{"id":"gen9doublesou-1973761502","p1":"sbhyuthhaen","p2":"12123434a","format":"[Gen 9] Doubles OU","log":"|j|\u2606sbhyuthhaen\n|j|\u260612123434a\n|t:|1698010762\n|gametype|doubles\n|player|p1|sbhyuthhaen|2|1607\n|player|p2|12123434a|twins-gen4dp|1617\n|teamsize|p1|6\n|teamsize|p2|6\n|gen|9\n|tier|[Gen 9] Doubles OU\n|rated|\n|rule|Species Clause: Limit one of each Pok\u00e9mon\n|rule|OHKO Clause: OHKO moves are banned\n|rule|Evasion Moves Clause: Evasion moves are banned\n|rule|Gravity Sleep Clause: The combination of sleep-inducing moves with imperfect accuracy and Gravity or Gigantamax Orbeetle are banned\n|rule|Endless Battle Clause: Forcing endless battles is banned\n|rule|HP Percentage Mod: HP is shown in percentages\n|clearpoke\n|poke|p1|Ogerpon-Hearthflame, F|\n|poke|p1|Volcanion|\n|poke|p1|Chien-Pao|\n|poke|p1|Flutter Mane|\n|poke|p1|Tornadus, M|\n|poke|p1|Lucario, M|\n|poke|p2|Chien-Pao|\n|poke|p2|Dragonite, M|\n|poke|p2|Gholdengo|\n|poke|p2|Chi-Yu|\n|poke|p2|Enamorus-Therian, F|\n|poke|p2|Glimmora, F|\n|teampreview\n|inactive|Battle timer is ON: inactive players will automatically lose when time's up. (requested by 12123434a)\n|\n|t:|1698010768\n|start\n|switch|p1a: Totally Balanced|Ogerpon-Hearthflame, F|100\/100\n|switch|p1b: Air Canada|Tornadus, M|100\/100\n|switch|p2a: Enamorus|Enamorus-Therian, F|100\/100\n|switch|p2b: Glimmora|Glimmora, F|100\/100\n|-ability|p1a: Totally Balanced|Mold Breaker\n|turn|1\n|\n|t:|1698010780\n|move|p1b: Air Canada|Taunt|p2a: Enamorus\n|-start|p2a: Enamorus|move: Taunt\n|move|p1a: Totally Balanced|Substitute|p1a: Totally Balanced\n|-start|p1a: Totally Balanced|Substitute\n|-damage|p1a: Totally Balanced|76\/100\n|move|p2b: Glimmora|Stealth Rock|p1b: Air Canada\n|-sidestart|p1: sbhyuthhaen|move: Stealth Rock\n|cant|p2a: Enamorus|move: Taunt|Tailwind\n|\n|upkeep\n|turn|2\n|\n|t:|1698010791\n|move|p1a: Totally Balanced|Spiky Shield|p1a: Totally Balanced\n|-singleturn|p1a: Totally Balanced|move: Protect\n|move|p1b: Air Canada|Tailwind|p1b: Air Canada\n|-sidestart|p1: sbhyuthhaen|move: Tailwind\n|move|p2b: Glimmora|Power Gem|p1a: Totally Balanced\n|-activate|p1a: Totally Balanced|move: Protect\n|move|p2a: Enamorus|Springtide Storm|p1b: Air Canada|[spread] p1b\n|-activate|p1a: Totally Balanced|move: Protect\n|-damage|p1b: Air Canada|45\/100\n|\n|upkeep\n|turn|3\n|\n|t:|1698010817\n|-terastallize|p1a: Totally Balanced|Fire\n|detailschange|p1a: Totally Balanced|Ogerpon-Hearthflame-Tera, F, tera:Fire\n|-ability|p1a: Totally Balanced|Embody Aspect (Hearthflame)|boost\n|-boost|p1a: Totally Balanced|atk|1\n|move|p1b: Air Canada|Sunny Day|p1b: Air Canada\n|-weather|SunnyDay\n|move|p1a: Totally Balanced|Ivy Cudgel|p2a: Enamorus\n|-damage|p2a: Enamorus|0 fnt\n|faint|p2a: Enamorus\n|move|p2b: Glimmora|Power Gem|p1a: Totally Balanced\n|-supereffective|p1a: Totally Balanced\n|-end|p1a: Totally Balanced|Substitute\n|\n|-weather|SunnyDay|[upkeep]\n|upkeep\n|inactive|12123434a has 120 seconds left.\n|l|\u260612123434a\n|inactive|12123434a disconnected and has a minute to reconnect!\n|player|p2|\n|j|\u260612123434a\n|inactive|12123434a reconnected and has 105 seconds left.\n|player|p2|12123434a|twins-gen4dp\n|\n|t:|1698010848\n|switch|p2a: Dragonite|Dragonite, M|100\/100\n|turn|4\n|\n|t:|1698010857\n|move|p2a: Dragonite|Extreme Speed|p1b: Air Canada\n|-enditem|p2a: Dragonite|Normal Gem|[from] gem\n|-damage|p1b: Air Canada|0 fnt\n|faint|p1b: Air Canada\n|move|p1a: Totally Balanced|Ivy Cudgel|p2b: Glimmora\n|-resisted|p2b: Glimmora\n|-enditem|p2b: Glimmora|Focus Sash\n|-damage|p2b: Glimmora|1\/100\n|-activate|p2b: Glimmora|ability: Toxic Debris\n|-sidestart|p1: sbhyuthhaen|move: Toxic Spikes\n|move|p2b: Glimmora|Power Gem|p1a: Totally Balanced\n|-supereffective|p1a: Totally Balanced\n|-damage|p1a: Totally Balanced|0 fnt\n|faint|p1a: Totally Balanced\n|\n|-weather|SunnyDay|[upkeep]\n|upkeep\n|\n|t:|1698010859\n|switch|p1a: Mega Misdreavous|Flutter Mane|100\/100\n|switch|p1b: Steamy Eruption|Volcanion|100\/100\n|-damage|p1a: Mega Misdreavous|88\/100|[from] Stealth Rock\n|-status|p1a: Mega Misdreavous|psn\n|-activate|p1a: Mega Misdreavous|ability: Protosynthesis\n|-start|p1a: Mega Misdreavous|protosynthesisspe\n|-damage|p1b: Steamy Eruption|76\/100|[from] Stealth Rock\n|-status|p1b: Steamy Eruption|psn\n|turn|5\n|inactive|12123434a has 120 seconds left.\n|\n|t:|1698010909\n|move|p1a: Mega Misdreavous|Moonblast|p2a: Dragonite\n|-supereffective|p2a: Dragonite\n|-damage|p2a: Dragonite|32\/100\n|move|p1b: Steamy Eruption|Heat Wave|p2b: Glimmora|[spread] p2a,p2b\n|-resisted|p2a: Dragonite\n|-resisted|p2b: Glimmora\n|-damage|p2a: Dragonite|3\/100\n|-damage|p2b: Glimmora|0 fnt\n|faint|p2b: Glimmora\n|move|p2a: Dragonite|Dragon Dance|p2a: Dragonite\n|-boost|p2a: Dragonite|atk|1\n|-boost|p2a: Dragonite|spe|1\n|\n|-weather|SunnyDay|[upkeep]\n|-damage|p1a: Mega Misdreavous|76\/100 psn|[from] psn\n|-damage|p1b: Steamy Eruption|63\/100 psn|[from] psn\n|-sideend|p1: sbhyuthhaen|move: Tailwind\n|upkeep\n|\n|t:|1698010917\n|switch|p2b: Chien-Pao|Chien-Pao|100\/100\n|-ability|p2b: Chien-Pao|Sword of Ruin\n|turn|6\n|\n|t:|1698010924\n|move|p2a: Dragonite|Extreme Speed|p1b: Steamy Eruption\n|-damage|p1b: Steamy Eruption|3\/100 psn\n|move|p2b: Chien-Pao|Sucker Punch|p1a: Mega Misdreavous\n|-damage|p1a: Mega Misdreavous|10\/100 psn\n|move|p1a: Mega Misdreavous|Moonblast|p2b: Chien-Pao\n|-supereffective|p2b: Chien-Pao\n|-damage|p2b: Chien-Pao|0 fnt\n|faint|p2b: Chien-Pao\n|move|p1b: Steamy Eruption|Heat Wave|p2a: Dragonite\n|-resisted|p2a: Dragonite\n|-damage|p2a: Dragonite|0 fnt\n|faint|p2a: Dragonite\n|\n|-weather|SunnyDay|[upkeep]\n|-damage|p1a: Mega Misdreavous|0 fnt|[from] psn\n|faint|p1a: Mega Misdreavous\n|-end|p1a: Mega Misdreavous|Protosynthesis|[silent]\n|-damage|p1b: Steamy Eruption|0 fnt|[from] psn\n|faint|p1b: Steamy Eruption\n|upkeep\n|\n|t:|1698010932\n|switch|p2b: Chi-Yu|Chi-Yu|100\/100\n|switch|p1a: Mega Weavile|Chien-Pao|100\/100\n|switch|p2a: Gholdengo|Gholdengo|100\/100\n|switch|p1b: Not a Passenger|Lucario, M|100\/100\n|-damage|p1a: Mega Weavile|76\/100|[from] Stealth Rock\n|-status|p1a: Mega Weavile|psn\n|-ability|p1a: Mega Weavile|Sword of Ruin\n|-ability|p2b: Chi-Yu|Beads of Ruin\n|-damage|p1b: Not a Passenger|98\/100|[from] Stealth Rock\n|turn|7\n|c|\u260612123434a|Double bs\n|c|\u260612123434a|Ugh\n|c|\u260612123434a|Ggs\n|\n|t:|1698010944\n|move|p2b: Chi-Yu|Protect|p2b: Chi-Yu\n|-singleturn|p2b: Chi-Yu|Protect\n|move|p1a: Mega Weavile|Sacred Sword|p2b: Chi-Yu\n|-activate|p2b: Chi-Yu|move: Protect\n|move|p2a: Gholdengo|Reflect|p2a: Gholdengo\n|-sidestart|p2: 12123434a|Reflect\n|move|p1b: Not a Passenger|Swords Dance|p1b: Not a Passenger\n|-boost|p1b: Not a Passenger|atk|2\n|\n|-weather|none\n|-damage|p1a: Mega Weavile|63\/100 psn|[from] psn\n|upkeep\n|turn|8\n|\n|t:|1698010958\n|-terastallize|p2a: Gholdengo|Steel\n|move|p1b: Not a Passenger|Extreme Speed|p2b: Chi-Yu\n|-damage|p2b: Chi-Yu|21\/100\n|move|p1a: Mega Weavile|Sucker Punch|p2a: Gholdengo\n|-damage|p2a: Gholdengo|65\/100\n|move|p2b: Chi-Yu|Heat Wave|p1a: Mega Weavile|[spread] p1a,p1b\n|-supereffective|p1a: Mega Weavile\n|-supereffective|p1b: Not a Passenger\n|-damage|p1a: Mega Weavile|0 fnt\n|-damage|p1b: Not a Passenger|0 fnt\n|faint|p1a: Mega Weavile\n|faint|p1b: Not a Passenger\n|-damage|p2b: Chi-Yu|11\/100|[from] item: Life Orb\n|\n|win|12123434a\n|raw|sbhyuthhaen's rating: 1607 &rarr; <strong>1588<\/strong><br \/>(-19 for losing)\n|raw|12123434a's rating: 1617 &rarr; <strong>1636<\/strong><br \/>(+19 for winning)\n|c|\u260612123434a|Ggs\n|l|\u2606sbhyuthhaen\n","uploadtime":1698010976,"views":13,"p1id":"sbhyuthhaen","p2id":"12123434a","formatid":"gen9doublesou","rating":1588,"private":0,"password":""}