{"id":"gen9doublesou-1997109981","p1":"queimaj","p2":"stufmyturkey","format":"[Gen 9] Doubles OU","log":"|j|\u2606queimaj\n|j|\u2606stufmyturkey\n|t:|1700765494\n|gametype|doubles\n|player|p1|queimaj|266|1091\n|player|p2|stufmyturkey|parasollady|1000\n|teamsize|p1|6\n|teamsize|p2|6\n|gen|9\n|tier|[Gen 9] Doubles OU\n|rated|\n|rule|Species Clause: Limit one of each Pok\u00e9mon\n|rule|OHKO Clause: OHKO moves are banned\n|rule|Evasion Moves Clause: Evasion moves are banned\n|rule|Gravity Sleep Clause: The combination of sleep-inducing moves with imperfect accuracy and Gravity or Gigantamax Orbeetle are banned\n|rule|Endless Battle Clause: Forcing endless battles is banned\n|rule|HP Percentage Mod: HP is shown in percentages\n|clearpoke\n|poke|p1|Arcanine, M|\n|poke|p1|Heracross, M|\n|poke|p1|Torkoal, F|\n|poke|p1|Gliscor, M|\n|poke|p1|Krookodile, F|\n|poke|p1|Greninja-*, F|\n|poke|p2|Espathra, M|\n|poke|p2|Goodra-Hisui, F|\n|poke|p2|Heatran, M|\n|poke|p2|Scream Tail|\n|poke|p2|Cresselia, F|\n|poke|p2|Walking Wake|\n|teampreview\n|\n|t:|1700765513\n|start\n|switch|p1a: Torkoal|Torkoal, F|100\/100\n|switch|p1b: Gliscor|Gliscor, M|100\/100\n|switch|p2a: cozy blankie|Walking Wake|100\/100\n|switch|p2b: the turkey|Espathra, M, shiny|100\/100\n|-weather|SunnyDay|[from] ability: Drought|[of] p1a: Torkoal\n|-activate|p2a: cozy blankie|ability: Protosynthesis\n|-start|p2a: cozy blankie|protosynthesisspe\n|turn|1\n|\n|t:|1700765537\n|move|p1a: Torkoal|Protect|p1a: Torkoal\n|-singleturn|p1a: Torkoal|Protect\n|move|p2a: cozy blankie|Hydro Steam|p1a: Torkoal\n|-activate|p1a: Torkoal|move: Protect\n|move|p2b: the turkey|Light Screen|p2b: the turkey\n|-sidestart|p2: stufmyturkey|move: Light Screen\n|move|p1b: Gliscor|X-Scissor|p2b: the turkey\n|-supereffective|p2b: the turkey\n|-damage|p2b: the turkey|53\/100\n|\n|-weather|SunnyDay|[upkeep]\n|-status|p1b: Gliscor|tox|[from] item: Toxic Orb\n|upkeep\n|turn|2\n|\n|t:|1700765558\n|switch|p2b: gravy boat|Goodra-Hisui, F|100\/100\n|move|p2a: cozy blankie|Hydro Steam|p1a: Torkoal\n|-supereffective|p1a: Torkoal\n|-damage|p1a: Torkoal|0 fnt\n|faint|p1a: Torkoal\n|move|p1b: Gliscor|X-Scissor|p2b: gravy boat\n|-resisted|p2b: gravy boat\n|-damage|p2b: gravy boat|92\/100\n|\n|-weather|SunnyDay|[upkeep]\n|-heal|p2b: gravy boat|98\/100|[from] item: Leftovers\n|upkeep\n|\n|t:|1700765575\n|switch|p1a: Heracross|Heracross, M|100\/100\n|turn|3\n|\n|t:|1700765592\n|switch|p2b: mummy servin|Cresselia, F, shiny|100\/100\n|move|p2a: cozy blankie|Flamethrower|p1a: Heracross\n|-supereffective|p1a: Heracross\n|-damage|p1a: Heracross|18\/100\n|move|p1b: Gliscor|Stone Edge|p2a: cozy blankie\n|-crit|p2a: cozy blankie\n|-damage|p2a: cozy blankie|64\/100\n|move|p1a: Heracross|Brick Break|p2b: mummy servin\n|-sideend|p2: stufmyturkey|move: Light Screen\n|-resisted|p2b: mummy servin\n|-damage|p2b: mummy servin|89\/100\n|\n|-weather|SunnyDay|[upkeep]\n|-status|p1a: Heracross|brn|[from] item: Flame Orb\n|upkeep\n|turn|4\n|\n|t:|1700765617\n|switch|p1a: Greninja|Greninja, F|100\/100\n|move|p2a: cozy blankie|Flamethrower|p1a: Greninja\n|-resisted|p1a: Greninja\n|-damage|p1a: Greninja|74\/100\n|-status|p1a: Greninja|brn\n|move|p1b: Gliscor|X-Scissor|p2b: mummy servin\n|-supereffective|p2b: mummy servin\n|-damage|p2b: mummy servin|64\/100\n|move|p2b: mummy servin|Skill Swap|p1b: Gliscor\n|-activate|p2b: mummy servin|move: Skill Swap|Poison Heal|Levitate|[of] p1b: Gliscor\n|\n|-weather|SunnyDay|[upkeep]\n|-damage|p1b: Gliscor|82\/100 tox|[from] psn\n|-damage|p1a: Greninja|68\/100 brn|[from] brn\n|upkeep\n|turn|5\n|\n|t:|1700765668\n|move|p2a: cozy blankie|Hydro Steam|p1b: Gliscor\n|-supereffective|p1b: Gliscor\n|-damage|p1b: Gliscor|0 fnt\n|faint|p1b: Gliscor\n|move|p1a: Greninja|Night Slash|p2b: mummy servin\n|-start|p1a: Greninja|typechange|Dark|[from] ability: Protean\n|-supereffective|p2b: mummy servin\n|-damage|p2b: mummy servin|48\/100\n|move|p2b: mummy servin|Lunar Blessing|p2b: mummy servin|[spread] p2a,p2b\n|-heal|p2a: cozy blankie|89\/100\n|-heal|p2b: mummy servin|73\/100\n|\n|-weather|none\n|-end|p2a: cozy blankie|Protosynthesis\n|-damage|p1a: Greninja|62\/100 brn|[from] brn\n|upkeep\n|inactive|Battle timer is ON: inactive players will automatically lose when time's up. (requested by stufmyturkey)\n|inactive|queimaj has 120 seconds left.\n|inactive|queimaj has 90 seconds left.\n|inactive|queimaj has 60 seconds left.\n|inactive|queimaj has 30 seconds left.\n|inactive|queimaj has 20 seconds left.\n|inactive|queimaj has 15 seconds left.\n|inactive|queimaj has 10 seconds left.\n|inactive|queimaj has 5 seconds left.\n|-message|queimaj lost due to inactivity.\n|\n|win|stufmyturkey\n|raw|queimaj's rating: 1061 &rarr; <strong>1039<\/strong><br \/>(-22 for losing)\n|raw|stufmyturkey's rating: 1000 &rarr; <strong>1047<\/strong><br \/>(+47 for winning)\n","uploadtime":1700765968,"views":11,"p1id":"queimaj","p2id":"stufmyturkey","formatid":"gen9doublesou","rating":1039,"private":0,"password":""}