{"id":"gen9doublesou-1992237298","p1":"eBOTT","p2":"Moldycheezi","format":"[Gen 9] Doubles OU","log":"|j|\u2606eBOTT\n|j|\u2606Moldycheezi\n|t:|1700166521\n|gametype|doubles\n|player|p1|eBOTT|102|1403\n|player|p2|Moldycheezi|grimsley|1259\n|teamsize|p1|6\n|teamsize|p2|6\n|gen|9\n|tier|[Gen 9] Doubles OU\n|rated|\n|rule|Species Clause: Limit one of each Pok\u00e9mon\n|rule|OHKO Clause: OHKO moves are banned\n|rule|Evasion Moves Clause: Evasion moves are banned\n|rule|Gravity Sleep Clause: The combination of sleep-inducing moves with imperfect accuracy and Gravity or Gigantamax Orbeetle are banned\n|rule|Endless Battle Clause: Forcing endless battles is banned\n|rule|HP Percentage Mod: HP is shown in percentages\n|clearpoke\n|poke|p1|Iron Hands|\n|poke|p1|Oranguru, F|\n|poke|p1|Kingambit, M|\n|poke|p1|Vikavolt, M|\n|poke|p1|Ursaluna, M|\n|poke|p1|Sinistcha-Masterpiece|\n|poke|p2|Chien-Pao|\n|poke|p2|Goodra-Hisui, F|\n|poke|p2|Empoleon, M|\n|poke|p2|Flutter Mane|\n|poke|p2|Breloom, M|\n|poke|p2|Iron Moth|\n|teampreview\n|\n|t:|1700166542\n|start\n|switch|p1a: Oranguru|Oranguru, F|100\/100\n|switch|p1b: Iron Hands|Iron Hands|100\/100\n|switch|p2a: Wolverine|Chien-Pao|100\/100\n|switch|p2b: Gogeta|Breloom, M, shiny|100\/100\n|-ability|p2a: Wolverine|Sword of Ruin\n|-enditem|p1b: Iron Hands|Booster Energy\n|-activate|p1b: Iron Hands|ability: Quark Drive|[fromitem]\n|-start|p1b: Iron Hands|quarkdriveatk\n|turn|1\n|\n|t:|1700166564\n|move|p1b: Iron Hands|Fake Out|p2a: Wolverine\n|-damage|p2a: Wolverine|74\/100\n|cant|p2a: Wolverine|flinch\n|move|p2b: Gogeta|Bullet Seed|p1b: Iron Hands\n|-damage|p1b: Iron Hands|83\/100\n|-damage|p1b: Iron Hands|67\/100\n|-damage|p1b: Iron Hands|49\/100\n|-damage|p1b: Iron Hands|32\/100\n|-hitcount|p1b: Iron Hands|4\n|move|p1a: Oranguru|Trick Room|p1a: Oranguru\n|-fieldstart|move: Trick Room|[of] p1a: Oranguru\n|\n|upkeep\n|turn|2\n|\n|t:|1700166608\n|switch|p2a: Tarot|Flutter Mane|100\/100\n|-enditem|p2a: Tarot|Booster Energy\n|-activate|p2a: Tarot|ability: Protosynthesis|[fromitem]\n|-start|p2a: Tarot|protosynthesisspe\n|move|p1b: Iron Hands|Brick Break|p2a: Tarot\n|-immune|p2a: Tarot\n|move|p1a: Oranguru|Instruct|p1b: Iron Hands\n|-singleturn|p1b: Iron Hands|move: Instruct|[of] p1a: Oranguru\n|move|p1b: Iron Hands|Brick Break|p2a: Tarot\n|-immune|p2a: Tarot\n|move|p2b: Gogeta|Bullet Seed|p1a: Oranguru\n|-damage|p1a: Oranguru|79\/100\n|-damage|p1a: Oranguru|58\/100\n|-damage|p1a: Oranguru|34\/100\n|-damage|p1a: Oranguru|11\/100\n|-hitcount|p1a: Oranguru|4\n|\n|upkeep\n|turn|3\n|\n|t:|1700166635\n|move|p1b: Iron Hands|Wild Charge|p2a: Tarot\n|-damage|p2a: Tarot|0 fnt\n|faint|p2a: Tarot\n|-end|p2a: Tarot|Protosynthesis|[silent]\n|-damage|p1b: Iron Hands|20\/100|[from] Recoil\n|move|p1a: Oranguru|Instruct|p1b: Iron Hands\n|-singleturn|p1b: Iron Hands|move: Instruct|[of] p1a: Oranguru\n|move|p1b: Iron Hands|Wild Charge|p2b: Gogeta\n|-resisted|p2b: Gogeta\n|-damage|p2b: Gogeta|41\/100\n|-damage|p1b: Iron Hands|12\/100|[from] Recoil\n|move|p2b: Gogeta|Bullet Seed|p1a: Oranguru\n|-damage|p1a: Oranguru|0 fnt\n|faint|p1a: Oranguru\n|-hitcount|p1: Oranguru|1\n|\n|upkeep\n|\n|t:|1700166656\n|switch|p1a: Ursaluna|Ursaluna, M|100\/100\n|switch|p2a: Berlin|Goodra-Hisui, F|100\/100\n|turn|4\n|\n|t:|1700166694\n|move|p2a: Berlin|Protect|p2a: Berlin\n|-singleturn|p2a: Berlin|Protect\n|move|p1a: Ursaluna|Earthquake|p2b: Gogeta|[spread] p1b,p2b\n|-activate|p2a: Berlin|move: Protect\n|-supereffective|p1b: Iron Hands\n|-resisted|p2b: Gogeta\n|-damage|p1b: Iron Hands|0 fnt\n|-damage|p2b: Gogeta|5\/100\n|faint|p1b: Iron Hands\n|-end|p1b: Iron Hands|Quark Drive|[silent]\n|move|p2b: Gogeta|Bullet Seed|p1a: Ursaluna\n|-supereffective|p1a: Ursaluna\n|-damage|p1a: Ursaluna|69\/100\n|-supereffective|p1a: Ursaluna\n|-crit|p1a: Ursaluna\n|-damage|p1a: Ursaluna|21\/100\n|-supereffective|p1a: Ursaluna\n|-crit|p1a: Ursaluna\n|-damage|p1a: Ursaluna|0 fnt\n|faint|p1a: Ursaluna\n|-hitcount|p1: Ursaluna|3\n|\n|upkeep\n|\n|t:|1700166700\n|switch|p1a: Sinistcha|Sinistcha-Masterpiece|100\/100\n|switch|p1b: Kingambit|Kingambit, M|100\/100\n|turn|5\n|inactive|Battle timer is ON: inactive players will automatically lose when time's up. (requested by eBOTT)\n|\n|t:|1700166729\n|-terastallize|p2a: Berlin|Water\n|move|p1b: Kingambit|Sucker Punch||[still]\n|-fail|p1b: Kingambit\n|move|p1a: Sinistcha|Shadow Ball|p2a: Berlin\n|-damage|p2a: Berlin|74\/100\n|move|p2a: Berlin|Shelter|p2a: Berlin\n|-boost|p2a: Berlin|def|2\n|move|p2b: Gogeta|Spore|p1a: Sinistcha\n|-immune|p1a: Sinistcha\n|\n|-heal|p2a: Berlin|80\/100|[from] item: Leftovers\n|-fieldend|move: Trick Room\n|upkeep\n|turn|6\n|\n|t:|1700166751\n|switch|p2a: Wolverine|Chien-Pao|74\/100\n|-ability|p2a: Wolverine|Sword of Ruin\n|move|p2b: Gogeta|Mach Punch|p1b: Kingambit\n|-supereffective|p1b: Kingambit\n|-damage|p1b: Kingambit|0 fnt\n|faint|p1b: Kingambit\n|move|p1a: Sinistcha|Trick Room|p1a: Sinistcha\n|-fieldstart|move: Trick Room|[of] p1a: Sinistcha\n|\n|upkeep\n|\n|t:|1700166754\n|switch|p1b: Vikavolt|Vikavolt, M|100\/100\n|turn|7\n|\n|t:|1700166775\n|switch|p2a: Espec\u00edfico|Empoleon, M|100\/100\n|move|p1b: Vikavolt|Bug Buzz|p2a: Espec\u00edfico\n|-resisted|p2a: Espec\u00edfico\n|-damage|p2a: Espec\u00edfico|72\/100\n|move|p1a: Sinistcha|Matcha Gotcha|p2a: Espec\u00edfico|[spread] p2a,p2b\n|-resisted|p2b: Gogeta\n|-damage|p2a: Espec\u00edfico|42\/100\n|-damage|p2b: Gogeta|0 fnt\n|faint|p2b: Gogeta\n|\n|-heal|p2a: Espec\u00edfico|48\/100|[from] item: Leftovers\n|upkeep\n|\n|t:|1700166790\n|switch|p2b: Flash|Iron Moth|100\/100\n|turn|8\n|\n|t:|1700166798\n|move|p1b: Vikavolt|Volt Switch|p2a: Espec\u00edfico\n|-supereffective|p2a: Espec\u00edfico\n|-damage|p2a: Espec\u00edfico|0 fnt\n|faint|p2a: Espec\u00edfico\n|move|p1a: Sinistcha|Shadow Ball|p2b: Flash\n|-damage|p2b: Flash|54\/100\n|move|p2b: Flash|Heat Wave|p1a: Sinistcha|[spread] p1a,p1b\n|-supereffective|p1a: Sinistcha\n|-supereffective|p1b: Vikavolt\n|-damage|p1a: Sinistcha|11\/100\n|-damage|p1b: Vikavolt|40\/100\n|-enditem|p1a: Sinistcha|Iapapa Berry|[eat]\n|-heal|p1a: Sinistcha|45\/100|[from] item: Iapapa Berry\n|\n|upkeep\n|\n|t:|1700166814\n|switch|p2a: Wolverine|Chien-Pao|74\/100\n|-ability|p2a: Wolverine|Sword of Ruin\n|turn|9\n|\n|t:|1700166826\n|move|p1b: Vikavolt|Discharge|p2a: Wolverine|[spread] p1a,p2a,p2b\n|-resisted|p1a: Sinistcha\n|-damage|p1a: Sinistcha|24\/100\n|-damage|p2a: Wolverine|14\/100\n|-damage|p2b: Flash|15\/100\n|-status|p2a: Wolverine|par\n|move|p1a: Sinistcha|Shadow Ball|p2b: Flash\n|-damage|p2b: Flash|0 fnt\n|faint|p2b: Flash\n|-end|p2b: Flash|Quark Drive|[silent]\n|cant|p2a: Wolverine|par\n|\n|upkeep\n|\n|t:|1700166842\n|switch|p2b: Berlin|Goodra-Hisui, F, tera:Water|80\/100\n|turn|10\n|inactive|Moldycheezi has 120 seconds left.\n|\n|t:|1700166879\n|move|p1b: Vikavolt|Bug Buzz|p2a: Wolverine\n|-supereffective|p2a: Wolverine\n|-damage|p2a: Wolverine|0 fnt\n|faint|p2a: Wolverine\n|move|p1a: Sinistcha|Matcha Gotcha|p2b: Berlin\n|-ability|p2b: Berlin|Sap Sipper|boost\n|-boost|p2b: Berlin|atk|1\n|move|p2b: Berlin|Heavy Slam|p1b: Vikavolt\n|-resisted|p1b: Vikavolt\n|-damage|p1b: Vikavolt|7\/100\n|\n|-heal|p2b: Berlin|86\/100|[from] item: Leftovers\n|-fieldend|move: Trick Room\n|upkeep\n|turn|11\n|\n|t:|1700166905\n|move|p2b: Berlin|Heavy Slam|p1b: Vikavolt\n|-resisted|p1b: Vikavolt\n|-damage|p1b: Vikavolt|0 fnt\n|faint|p1b: Vikavolt\n|move|p1a: Sinistcha|Matcha Gotcha|p2b: Berlin\n|-ability|p2b: Berlin|Sap Sipper|boost\n|-boost|p2b: Berlin|atk|1\n|\n|-heal|p2b: Berlin|92\/100|[from] item: Leftovers\n|upkeep\n|turn|12\n|\n|t:|1700166918\n|move|p2b: Berlin|Heavy Slam|p1a: Sinistcha\n|-damage|p1a: Sinistcha|0 fnt\n|faint|p1a: Sinistcha\n|\n|win|Moldycheezi\n|raw|eBOTT's rating: 1403 &rarr; <strong>1375<\/strong><br \/>(-28 for losing)\n|raw|Moldycheezi's rating: 1259 &rarr; <strong>1294<\/strong><br \/>(+35 for winning)\n|l|\u2606eBOTT\n","uploadtime":1700166926,"views":12,"p1id":"ebott","p2id":"moldycheezi","formatid":"gen9doublesou","rating":1294,"private":0,"password":""}