{"id":"gen9doublesou-1987151613","p1":"DTInstincts","p2":"abbabareal2","format":"[Gen 9] Doubles OU","log":"|j|\u203dDTInstincts\n|j|\u2606abbabareal2\n|t:|1699560348\n|gametype|doubles\n|player|p1|DTInstincts|lucas-gen4pt|1158\n|player|p2|abbabareal2|266|1161\n|teamsize|p1|6\n|teamsize|p2|6\n|gen|9\n|tier|[Gen 9] Doubles OU\n|rated|\n|rule|Species Clause: Limit one of each Pok\u00e9mon\n|rule|OHKO Clause: OHKO moves are banned\n|rule|Evasion Moves Clause: Evasion moves are banned\n|rule|Gravity Sleep Clause: The combination of sleep-inducing moves with imperfect accuracy and Gravity or Gigantamax Orbeetle are banned\n|rule|Endless Battle Clause: Forcing endless battles is banned\n|rule|HP Percentage Mod: HP is shown in percentages\n|clearpoke\n|poke|p1|Politoed, M|\n|poke|p1|Basculegion-F, F|\n|poke|p1|Empoleon, M|\n|poke|p1|Amoonguss, M|\n|poke|p1|Gastrodon-East, F|\n|poke|p1|Regieleki|\n|poke|p2|Iron Hands|\n|poke|p2|Armarouge, F|\n|poke|p2|Indeedee-F, F|\n|poke|p2|Kingambit, M|\n|poke|p2|Diancie|\n|poke|p2|Amoonguss, M|\n|teampreview\n|\n|t:|1699560370\n|start\n|switch|p1a: Politoed|Politoed, M|100\/100\n|switch|p1b: Gastrodon|Gastrodon-East, F|100\/100\n|switch|p2a: Indeedee|Indeedee-F, F|100\/100\n|switch|p2b: Diancie|Diancie|100\/100\n|-weather|RainDance|[from] ability: Drizzle|[of] p1a: Politoed\n|-fieldstart|move: Psychic Terrain|[from] ability: Psychic Surge|[of] p2a: Indeedee\n|turn|1\n|\n|t:|1699560392\n|move|p2b: Diancie|Protect|p2b: Diancie\n|-singleturn|p2b: Diancie|Protect\n|move|p1a: Politoed|Surf|p2a: Indeedee|[spread] p2a\n|-activate|p2b: Diancie|move: Protect\n|-ability|p1b: Gastrodon|Storm Drain|boost\n|-boost|p1b: Gastrodon|spa|1\n|-damage|p2a: Indeedee|73\/100\n|move|p1b: Gastrodon|Muddy Water|p2a: Indeedee|[spread] p2a\n|-activate|p2b: Diancie|move: Protect\n|-damage|p2a: Indeedee|16\/100\n|move|p2a: Indeedee|Trick Room|p2a: Indeedee\n|-fieldstart|move: Trick Room|[of] p2a: Indeedee\n|\n|-weather|RainDance|[upkeep]\n|upkeep\n|turn|2\n|\n|t:|1699560429\n|move|p2a: Indeedee|Helping Hand|p2b: Diancie\n|-singleturn|p2b: Diancie|Helping Hand|[of] p2a: Indeedee\n|move|p2b: Diancie|Diamond Storm|p1a: Politoed|[spread] p1a,p1b\n|-resisted|p1b: Gastrodon\n|-damage|p1a: Politoed|49\/100\n|-damage|p1b: Gastrodon|72\/100\n|-boost|p2b: Diancie|def|2\n|move|p1b: Gastrodon|Muddy Water|p2a: Indeedee|[spread] p2a,p2b\n|-supereffective|p2b: Diancie\n|-damage|p2a: Indeedee|0 fnt\n|-damage|p2b: Diancie|0 fnt\n|faint|p2a: Indeedee\n|faint|p2b: Diancie\n|move|p1a: Politoed|Surf|p1b: Gastrodon\n|-ability|p1b: Gastrodon|Storm Drain|boost\n|-boost|p1b: Gastrodon|spa|1\n|\n|-weather|RainDance|[upkeep]\n|upkeep\n|\n|t:|1699560449\n|switch|p2b: Iron Hands|Iron Hands|100\/100\n|switch|p2a: Amoonguss|Amoonguss, M|100\/100\n|turn|3\n|\n|t:|1699560468\n|move|p1a: Politoed|Helping Hand|p1b: Gastrodon\n|-singleturn|p1b: Gastrodon|Helping Hand|[of] p1a: Politoed\n|move|p2b: Iron Hands|Fake Out|p1a: Politoed\n|-activate|p1a: Politoed|move: Psychic Terrain\n|move|p2a: Amoonguss|Spore|p1b: Gastrodon\n|-status|p1b: Gastrodon|slp|[from] move: Spore\n|cant|p1b: Gastrodon|slp\n|\n|-weather|RainDance|[upkeep]\n|upkeep\n|turn|4\n|\n|t:|1699560502\n|-end|p2b: Iron Hands|Quark Drive|[silent]\n|switch|p2b: Kingambit|Kingambit, M|100\/100\n|switch|p1b: Regieleki|Regieleki|100\/100\n|move|p2a: Amoonguss|Spore|p1a: Politoed\n|-status|p1a: Politoed|slp|[from] move: Spore\n|cant|p1a: Politoed|slp\n|\n|-weather|RainDance|[upkeep]\n|upkeep\n|turn|5\n|inactive|Battle timer is ON: inactive players will automatically lose when time's up. (requested by DTInstincts)\n|inactive|DTInstincts has 120 seconds left.\n|\n|t:|1699560551\n|-terastallize|p2b: Kingambit|Dark\n|move|p2a: Amoonguss|Spore|p1a: Politoed\n|-fail|p1a: Politoed|slp\n|move|p2b: Kingambit|Kowtow Cleave|p1b: Regieleki\n|-enditem|p1b: Regieleki|Focus Sash\n|-damage|p1b: Regieleki|1\/100\n|cant|p1a: Politoed|slp\n|move|p1b: Regieleki|Thunder Cage|p2b: Kingambit\n|-damage|p2b: Kingambit|56\/100\n|-activate|p2b: Kingambit|move: Thunder Cage|[of] p1b: Regieleki\n|\n|-weather|RainDance|[upkeep]\n|-damage|p2b: Kingambit|43\/100|[from] move: Thunder Cage|[partiallytrapped]\n|-fieldend|move: Trick Room\n|-fieldend|move: Psychic Terrain\n|upkeep\n|turn|6\n|inactive|DTInstincts has 120 seconds left.\n|\n|t:|1699560582\n|switch|p2a: Armarouge|Armarouge, F|100\/100\n|-curestatus|p1a: Politoed|slp|[msg]\n|move|p1a: Politoed|Protect|p1a: Politoed\n|-singleturn|p1a: Politoed|Protect\n|move|p2b: Kingambit|Sucker Punch|p1b: Regieleki\n|-damage|p1b: Regieleki|0 fnt\n|faint|p1b: Regieleki\n|\n|-weather|RainDance|[upkeep]\n|-end|p2b: Kingambit|Thunder Cage|[partiallytrapped]|[silent]\n|upkeep\n|inactive|DTInstincts has 120 seconds left.\n|\n|t:|1699560595\n|switch|p1b: Basculegion|Basculegion-F, F|100\/100\n|turn|7\n|\n|t:|1699560615\n|-terastallize|p1b: Basculegion|Ice\n|move|p1a: Politoed|Helping Hand|p1b: Basculegion\n|-singleturn|p1b: Basculegion|Helping Hand|[of] p1a: Politoed\n|move|p2b: Kingambit|Sucker Punch|p1b: Basculegion\n|-damage|p1b: Basculegion|15\/100\n|move|p1b: Basculegion|Surf|p2a: Armarouge|[spread] p1a,p2a,p2b\n|-resisted|p1a: Politoed\n|-supereffective|p2a: Armarouge\n|-damage|p1a: Politoed|17\/100\n|-damage|p2a: Armarouge|0 fnt\n|-damage|p2b: Kingambit|0 fnt\n|faint|p2a: Armarouge\n|faint|p2b: Kingambit\n|-damage|p1b: Basculegion|5\/100|[from] item: Life Orb\n|\n|-weather|RainDance|[upkeep]\n|upkeep\n|\n|t:|1699560631\n|switch|p2a: Amoonguss|Amoonguss, M|100\/100\n|switch|p2b: Iron Hands|Iron Hands|100\/100\n|turn|8\n|\n|t:|1699560647\n|move|p1b: Basculegion|Protect|p1b: Basculegion\n|-singleturn|p1b: Basculegion|Protect\n|move|p1a: Politoed|Protect|p1a: Politoed\n|-singleturn|p1a: Politoed|Protect\n|move|p2b: Iron Hands|Fake Out|p1b: Basculegion\n|-activate|p1b: Basculegion|move: Protect\n|move|p2a: Amoonguss|Spore|p1a: Politoed\n|-activate|p1a: Politoed|move: Protect\n|\n|-weather|none\n|upkeep\n|turn|9\n|inactive|abbabareal2 has 120 seconds left.\n|\n|t:|1699560680\n|move|p1a: Politoed|Helping Hand|p1b: Basculegion\n|-singleturn|p1b: Basculegion|Helping Hand|[of] p1a: Politoed\n|move|p1b: Basculegion|Ice Beam|p2a: Amoonguss\n|-supereffective|p2a: Amoonguss\n|-damage|p2a: Amoonguss|0 fnt\n|faint|p2a: Amoonguss\n|-damage|p1b: Basculegion|0 fnt|[from] item: Life Orb\n|faint|p1b: Basculegion\n|move|p2b: Iron Hands|Ice Punch|p1a: Politoed\n|-resisted|p1a: Politoed\n|-damage|p1a: Politoed|1\/100\n|\n|upkeep\n|inactive|DTInstincts has 120 seconds left.\n|\n|t:|1699560695\n|switch|p1b: Amoonguss|Amoonguss, M|100\/100\n|turn|10\n|\n|t:|1699560705\n|move|p1a: Politoed|Protect|p1a: Politoed\n|-singleturn|p1a: Politoed|Protect\n|move|p1b: Amoonguss|Energy Ball|p2b: Iron Hands\n|-damage|p2b: Iron Hands|86\/100\n|move|p2b: Iron Hands|Ice Punch|p1b: Amoonguss\n|-supereffective|p1b: Amoonguss\n|-damage|p1b: Amoonguss|33\/100\n|\n|-heal|p1b: Amoonguss|40\/100|[from] item: Leftovers\n|upkeep\n|turn|11\n|\n|t:|1699560718\n|move|p1b: Amoonguss|Protect|p1b: Amoonguss\n|-singleturn|p1b: Amoonguss|Protect\n|move|p1a: Politoed|Icy Wind|p2b: Iron Hands\n|-damage|p2b: Iron Hands|80\/100\n|-unboost|p2b: Iron Hands|spe|1\n|move|p2b: Iron Hands|Ice Punch|p1b: Amoonguss\n|-activate|p1b: Amoonguss|move: Protect\n|\n|-heal|p1b: Amoonguss|46\/100|[from] item: Leftovers\n|upkeep\n|turn|12\n|\n|t:|1699560748\n|move|p1a: Politoed|Icy Wind|p2b: Iron Hands\n|-damage|p2b: Iron Hands|74\/100\n|-unboost|p2b: Iron Hands|spe|1\n|move|p1b: Amoonguss|Energy Ball|p2b: Iron Hands\n|-damage|p2b: Iron Hands|60\/100\n|move|p2b: Iron Hands|Ice Punch|p1b: Amoonguss\n|-supereffective|p1b: Amoonguss\n|-crit|p1b: Amoonguss\n|-damage|p1b: Amoonguss|0 fnt\n|faint|p1b: Amoonguss\n|\n|upkeep\n|inactive|DTInstincts has 120 seconds left.\n|\n|t:|1699560758\n|switch|p1b: Empoleon|Empoleon, M|100\/100\n|turn|13\n|c|\u2606abbabareal2|offensive amoonguss?\n|c|\u2606abbabareal2|what?\n|\n|t:|1699560776\n|move|p1a: Politoed|Helping Hand|p1b: Empoleon\n|-singleturn|p1b: Empoleon|Helping Hand|[of] p1a: Politoed\n|move|p1b: Empoleon|Surf|p2b: Iron Hands|[spread] p1a,p2b\n|-resisted|p1a: Politoed\n|-damage|p1a: Politoed|0 fnt\n|-damage|p2b: Iron Hands|35\/100\n|faint|p1a: Politoed\n|move|p2b: Iron Hands|Close Combat|p1b: Empoleon\n|-supereffective|p1b: Empoleon\n|-damage|p1b: Empoleon|0 fnt\n|-unboost|p2b: Iron Hands|def|1\n|-unboost|p2b: Iron Hands|spd|1\n|faint|p1b: Empoleon\n|\n|upkeep\n|inactive|DTInstincts has 120 seconds left.\n|c|\u2606abbabareal2|bruh\n|inactive|DTInstincts has 90 seconds left.\n|\n|t:|1699560836\n|switch|p1a: Gastrodon|Gastrodon-East, F|72\/100 slp\n|turn|14\n|\n|t:|1699560846\n|cant|p1a: Gastrodon|slp\n|move|p2b: Iron Hands|Close Combat|p1a: Gastrodon\n|-damage|p1a: Gastrodon|0 fnt\n|-unboost|p2b: Iron Hands|def|1\n|-unboost|p2b: Iron Hands|spd|1\n|faint|p1a: Gastrodon\n|\n|win|abbabareal2\n|raw|DTInstincts's rating: 1158 &rarr; <strong>1133<\/strong><br \/>(-25 for losing)\n|raw|abbabareal2's rating: 1161 &rarr; <strong>1186<\/strong><br \/>(+25 for winning)\n|l|\u203dDTInstincts\n","uploadtime":1699560857,"views":9,"p1id":"dtinstincts","p2id":"abbabareal2","formatid":"gen9doublesou","rating":1133,"private":0,"password":""}