{"id":"gen9doublesou-1974460134","p1":"SouthBendSwampert","p2":"ChimeBliss","format":"[Gen 9] Doubles OU","log":"|j|\u2606SouthBendSwampert\n|j|\u2606ChimeBliss\n|t:|1698088801\n|gametype|doubles\n|player|p1|SouthBendSwampert|veteran|1390\n|player|p2|ChimeBliss|dawn-gen4pt|1289\n|teamsize|p1|6\n|teamsize|p2|6\n|gen|9\n|tier|[Gen 9] Doubles OU\n|rated|\n|rule|Species Clause: Limit one of each Pok\u00e9mon\n|rule|OHKO Clause: OHKO moves are banned\n|rule|Evasion Moves Clause: Evasion moves are banned\n|rule|Gravity Sleep Clause: The combination of sleep-inducing moves with imperfect accuracy and Gravity or Gigantamax Orbeetle are banned\n|rule|Endless Battle Clause: Forcing endless battles is banned\n|rule|HP Percentage Mod: HP is shown in percentages\n|clearpoke\n|poke|p1|Ursaluna, M|\n|poke|p1|Cresselia, F|\n|poke|p1|Mandibuzz, F|\n|poke|p1|Vikavolt, M|\n|poke|p1|Chandelure, M|\n|poke|p1|Mienshao, M|\n|poke|p2|Chien-Pao|\n|poke|p2|Tornadus, M|\n|poke|p2|Dragonite, M|\n|poke|p2|Chi-Yu|\n|poke|p2|Flutter Mane|\n|poke|p2|Landorus, M|\n|teampreview\n|inactive|Battle timer is ON: inactive players will automatically lose when time's up. (requested by ChimeBliss)\n|\n|t:|1698088822\n|start\n|switch|p1a: Ursaluna|Ursaluna, M|100\/100\n|switch|p1b: Cresselia|Cresselia, F|100\/100\n|switch|p2a: Flutter Mane|Flutter Mane|100\/100\n|switch|p2b: Chi-Yu|Chi-Yu|100\/100\n|-ability|p2b: Chi-Yu|Beads of Ruin\n|turn|1\n|\n|t:|1698088832\n|-terastallize|p2a: Flutter Mane|Fairy\n|move|p1a: Ursaluna|Protect|p1a: Ursaluna\n|-singleturn|p1a: Ursaluna|Protect\n|move|p2b: Chi-Yu|Dark Pulse|p1b: Cresselia\n|-supereffective|p1b: Cresselia\n|-damage|p1b: Cresselia|45\/100\n|move|p2a: Flutter Mane|Moonblast|p1b: Cresselia\n|-damage|p1b: Cresselia|0 fnt\n|faint|p1b: Cresselia\n|\n|-status|p1a: Ursaluna|brn|[from] item: Flame Orb\n|upkeep\n|\n|t:|1698088852\n|switch|p1b: Mienshao|Mienshao, M|100\/100\n|turn|2\n|\n|t:|1698088865\n|move|p1b: Mienshao|Fake Out|p2a: Flutter Mane\n|-damage|p2a: Flutter Mane|65\/100\n|-damage|p1b: Mienshao|91\/100|[from] item: Life Orb\n|move|p2b: Chi-Yu|Dark Pulse|p1a: Ursaluna\n|-damage|p1a: Ursaluna|54\/100 brn\n|cant|p2a: Flutter Mane|flinch\n|move|p1a: Ursaluna|Earthquake|p2b: Chi-Yu|[spread] p1b,p2a,p2b\n|-supereffective|p2b: Chi-Yu\n|-damage|p1b: Mienshao|0 fnt\n|-damage|p2a: Flutter Mane|0 fnt\n|-damage|p2b: Chi-Yu|0 fnt\n|faint|p1b: Mienshao\n|faint|p2a: Flutter Mane\n|-end|p2a: Flutter Mane|Protosynthesis|[silent]\n|faint|p2b: Chi-Yu\n|\n|-damage|p1a: Ursaluna|48\/100 brn|[from] brn\n|upkeep\n|\n|t:|1698088895\n|switch|p2a: Chien-Pao|Chien-Pao|100\/100\n|switch|p1b: Chandelure|Chandelure, M|100\/100\n|switch|p2b: Landorus|Landorus, M|100\/100\n|-ability|p2a: Chien-Pao|Sword of Ruin\n|turn|3\n|\n|t:|1698088917\n|move|p2a: Chien-Pao|Protect|p2a: Chien-Pao\n|-singleturn|p2a: Chien-Pao|Protect\n|move|p2b: Landorus|Earth Power|p1b: Chandelure\n|-supereffective|p1b: Chandelure\n|-enditem|p1b: Chandelure|Focus Sash\n|-damage|p1b: Chandelure|1\/100\n|move|p1a: Ursaluna|Facade|p2b: Landorus\n|-damage|p2b: Landorus|0 fnt\n|faint|p2b: Landorus\n|move|p1b: Chandelure|Trick Room|p1b: Chandelure\n|-fieldstart|move: Trick Room|[of] p1b: Chandelure\n|\n|-damage|p1a: Ursaluna|42\/100 brn|[from] brn\n|upkeep\n|\n|t:|1698088925\n|switch|p2b: Tornadus|Tornadus, M|100\/100\n|turn|4\n|\n|t:|1698088945\n|move|p2a: Chien-Pao|Sucker Punch|p1b: Chandelure\n|-supereffective|p1b: Chandelure\n|-damage|p1b: Chandelure|0 fnt\n|faint|p1b: Chandelure\n|move|p1a: Ursaluna|Facade|p2b: Tornadus\n|-enditem|p2b: Tornadus|Focus Sash\n|-damage|p2b: Tornadus|1\/100\n|move|p2b: Tornadus|Bleakwind Storm|p1a: Ursaluna\n|-damage|p1a: Ursaluna|0 fnt\n|faint|p1a: Ursaluna\n|\n|upkeep\n|\n|t:|1698088953\n|switch|p1a: Vikavolt|Vikavolt, M|100\/100\n|switch|p1b: Mandibuzz|Mandibuzz, F|100\/100\n|turn|5\n|inactive|SouthBendSwampert has 120 seconds left.\n|\n|t:|1698088988\n|move|p2b: Tornadus|Protect|p2b: Tornadus\n|-singleturn|p2b: Tornadus|Protect\n|move|p2a: Chien-Pao|Protect|p2a: Chien-Pao\n|-singleturn|p2a: Chien-Pao|Protect\n|move|p1a: Vikavolt|Bug Buzz|p2a: Chien-Pao\n|-activate|p2a: Chien-Pao|move: Protect\n|move|p1b: Mandibuzz|Foul Play|p2b: Tornadus\n|-activate|p2b: Tornadus|move: Protect\n|\n|upkeep\n|turn|6\n|\n|t:|1698089005\n|-terastallize|p1b: Mandibuzz|Dark\n|move|p1a: Vikavolt|Discharge|p2a: Chien-Pao|[spread] p1b,p2a,p2b\n|-supereffective|p2b: Tornadus\n|-damage|p1b: Mandibuzz|71\/100\n|-damage|p2a: Chien-Pao|37\/100\n|-damage|p2b: Tornadus|0 fnt\n|faint|p2b: Tornadus\n|move|p1b: Mandibuzz|Foul Play|p2a: Chien-Pao\n|-resisted|p2a: Chien-Pao\n|-damage|p2a: Chien-Pao|0 fnt\n|faint|p2a: Chien-Pao\n|\n|upkeep\n|\n|t:|1698089010\n|switch|p2b: Dragonite|Dragonite, M, shiny|100\/100\n|turn|7\n|\n|t:|1698089026\n|move|p1a: Vikavolt|Volt Switch|p2b: Dragonite\n|-damage|p2b: Dragonite|57\/100\n|move|p1b: Mandibuzz|Toxic|p2b: Dragonite|[miss]\n|-miss|p1b: Mandibuzz|p2b: Dragonite\n|move|p2b: Dragonite|Dragon Claw|p1b: Mandibuzz\n|-damage|p1b: Mandibuzz|35\/100\n|-damage|p2b: Dragonite|41\/100|[from] item: Rocky Helmet|[of] p1b: Mandibuzz\n|\n|-fieldend|move: Trick Room\n|upkeep\n|turn|8\n|\n|t:|1698089040\n|move|p2b: Dragonite|Dragon Claw|p1a: Vikavolt\n|-damage|p1a: Vikavolt|33\/100\n|-enditem|p1a: Vikavolt|Sitrus Berry|[eat]\n|-heal|p1a: Vikavolt|58\/100|[from] item: Sitrus Berry\n|move|p1b: Mandibuzz|Foul Play|p2b: Dragonite\n|-damage|p2b: Dragonite|0 fnt\n|faint|p2b: Dragonite\n|\n|win|SouthBendSwampert\n|raw|SouthBendSwampert's rating: 1390 &rarr; <strong>1404<\/strong><br \/>(+14 for winning)\n|raw|ChimeBliss's rating: 1289 &rarr; <strong>1271<\/strong><br \/>(-18 for losing)\n","uploadtime":1698089043,"views":9,"p1id":"southbendswampert","p2id":"chimebliss","formatid":"gen9doublesou","rating":1271,"private":0,"password":""}