{"id":"gen9doublesou-1984814112","p1":"mork25","p2":"andergamert","format":"[Gen 9] Doubles OU","log":"|j|\u2606mork25\n|j|\u2606andergamert\n|t:|1699301215\n|gametype|doubles\n|player|p1|mork25|iris-gen5bw2|1184\n|player|p2|andergamert|265|1137\n|teamsize|p1|6\n|teamsize|p2|6\n|gen|9\n|tier|[Gen 9] Doubles OU\n|rated|\n|rule|Species Clause: Limit one of each Pok\u00e9mon\n|rule|OHKO Clause: OHKO moves are banned\n|rule|Evasion Moves Clause: Evasion moves are banned\n|rule|Gravity Sleep Clause: The combination of sleep-inducing moves with imperfect accuracy and Gravity or Gigantamax Orbeetle are banned\n|rule|Endless Battle Clause: Forcing endless battles is banned\n|rule|HP Percentage Mod: HP is shown in percentages\n|clearpoke\n|poke|p1|Golduck, M|\n|poke|p1|Cloyster, M|\n|poke|p1|Pelipper, M|\n|poke|p1|Amoonguss, M|\n|poke|p1|Gholdengo|\n|poke|p1|Chien-Pao|\n|poke|p2|Sinistcha|\n|poke|p2|Kommo-o, F|\n|poke|p2|Shiftry, M|\n|poke|p2|Tinkaton, F|\n|poke|p2|Rillaboom, M|\n|poke|p2|Sneasler, M|\n|teampreview\n|inactive|Battle timer is ON: inactive players will automatically lose when time's up. (requested by mork25)\n|inactive|andergamert has 120 seconds left.\n|\n|t:|1699301264\n|start\n|switch|p1a: Pelipper|Pelipper, M|100\/100\n|switch|p1b: Golduck|Golduck, M|100\/100\n|switch|p2a: Shiftry|Shiftry, M|100\/100\n|switch|p2b: Tinkaton|Tinkaton, F|100\/100\n|-ability|p2b: Tinkaton|Mold Breaker\n|-weather|RainDance|[from] ability: Drizzle|[of] p1a: Pelipper\n|turn|1\n|\n|t:|1699301277\n|move|p2b: Tinkaton|Fake Out|p1a: Pelipper\n|-damage|p1a: Pelipper|93\/100\n|move|p1b: Golduck|Simple Beam|p2a: Shiftry\n|-endability|p2a: Shiftry|Wind Rider|[from] move: Simple Beam\n|-ability|p2a: Shiftry|Simple|[from] move: Simple Beam\n|move|p2a: Shiftry|Tailwind|p2a: Shiftry\n|-sidestart|p2: andergamert|move: Tailwind\n|cant|p1a: Pelipper|flinch\n|\n|-weather|RainDance|[upkeep]\n|upkeep\n|turn|2\n|\n|t:|1699301293\n|move|p2b: Tinkaton|Knock Off|p1a: Pelipper\n|-damage|p1a: Pelipper|75\/100\n|-enditem|p1a: Pelipper|Damp Rock|[from] move: Knock Off|[of] p2b: Tinkaton\n|move|p1b: Golduck|Taunt|p2a: Shiftry\n|-start|p2a: Shiftry|move: Taunt\n|cant|p2a: Shiftry|move: Taunt|Toxic Spikes\n|move|p1a: Pelipper|Hurricane|p2a: Shiftry\n|-supereffective|p2a: Shiftry\n|-damage|p2a: Shiftry|33\/100\n|-start|p2a: Shiftry|confusion\n|\n|-weather|RainDance|[upkeep]\n|upkeep\n|turn|3\n|\n|t:|1699301319\n|move|p2b: Tinkaton|Knock Off|p1b: Golduck\n|-damage|p1b: Golduck|73\/100\n|-enditem|p1b: Golduck|Mental Herb|[from] move: Knock Off|[of] p2b: Tinkaton\n|move|p1b: Golduck|Surf|p2a: Shiftry|[spread] p1a,p2a,p2b\n|-resisted|p1a: Pelipper\n|-resisted|p2a: Shiftry\n|-damage|p1a: Pelipper|51\/100\n|-damage|p2a: Shiftry|17\/100\n|-damage|p2b: Tinkaton|78\/100\n|-activate|p2a: Shiftry|confusion\n|-damage|p2a: Shiftry|5\/100|[from] confusion\n|move|p1a: Pelipper|Tailwind|p1a: Pelipper\n|-sidestart|p1: mork25|move: Tailwind\n|\n|-weather|RainDance|[upkeep]\n|upkeep\n|turn|4\n|\n|t:|1699301343\n|move|p1b: Golduck|Helping Hand|p1a: Pelipper\n|-singleturn|p1a: Pelipper|Helping Hand|[of] p1b: Golduck\n|move|p2b: Tinkaton|Gigaton Hammer|p1a: Pelipper\n|-resisted|p1a: Pelipper\n|-damage|p1a: Pelipper|27\/100\n|-activate|p2a: Shiftry|confusion\n|move|p2a: Shiftry|Explosion|p1a: Pelipper|[spread] p2b,p1a,p1b\n|-resisted|p2b: Tinkaton\n|-damage|p2b: Tinkaton|47\/100\n|-damage|p1a: Pelipper|0 fnt\n|-damage|p1b: Golduck|19\/100\n|faint|p2a: Shiftry\n|faint|p1a: Pelipper\n|\n|-weather|RainDance|[upkeep]\n|-sideend|p2: andergamert|move: Tailwind\n|upkeep\n|\n|t:|1699301364\n|switch|p2a: Rillaboom|Rillaboom, M|100\/100\n|switch|p1a: Gholdengo|Gholdengo|100\/100\n|-fieldstart|move: Grassy Terrain|[from] ability: Grassy Surge|[of] p2a: Rillaboom\n|turn|5\n|\n|t:|1699301374\n|switch|p1b: Amoonguss|Amoonguss, M|100\/100\n|move|p2a: Rillaboom|Grassy Glide|p1b: Amoonguss\n|-resisted|p1b: Amoonguss\n|-damage|p1b: Amoonguss|91\/100\n|-damage|p2a: Rillaboom|84\/100|[from] item: Rocky Helmet|[of] p1b: Amoonguss\n|move|p1a: Gholdengo|Make It Rain|p2a: Rillaboom|[spread] p2a,p2b\n|-damage|p2a: Rillaboom|11\/100\n|-damage|p2b: Tinkaton|10\/100\n|-unboost|p1a: Gholdengo|spa|1\n|move|p2b: Tinkaton|Knock Off|p1a: Gholdengo\n|-supereffective|p1a: Gholdengo\n|-damage|p1a: Gholdengo|58\/100\n|-enditem|p1a: Gholdengo|Leftovers|[from] move: Knock Off|[of] p2b: Tinkaton\n|\n|-weather|RainDance|[upkeep]\n|-heal|p1a: Gholdengo|64\/100|[from] Grassy Terrain\n|-heal|p2b: Tinkaton|16\/100|[from] Grassy Terrain\n|-heal|p2a: Rillaboom|17\/100|[from] Grassy Terrain\n|-heal|p1b: Amoonguss|97\/100|[from] Grassy Terrain\n|upkeep\n|turn|6\n|inactive|mork25 has 120 seconds left.\n|inactive|andergamert has 120 seconds left.\n|\n|t:|1699301418\n|move|p2a: Rillaboom|Grassy Glide|p1a: Gholdengo\n|-resisted|p1a: Gholdengo\n|-damage|p1a: Gholdengo|48\/100\n|move|p1a: Gholdengo|Make It Rain|p2a: Rillaboom|[spread] p2a,p2b\n|-damage|p2a: Rillaboom|0 fnt\n|-damage|p2b: Tinkaton|0 fnt\n|-unboost|p1a: Gholdengo|spa|1\n|faint|p2a: Rillaboom\n|faint|p2b: Tinkaton\n|move|p1b: Amoonguss|Spore|p2: Rillaboom|[notarget]\n|-fail|p1b: Amoonguss\n|\n|-weather|RainDance|[upkeep]\n|-heal|p1a: Gholdengo|54\/100|[from] Grassy Terrain\n|-heal|p1b: Amoonguss|100\/100|[from] Grassy Terrain\n|-sideend|p1: mork25|move: Tailwind\n|upkeep\n|\n|t:|1699301434\n|switch|p2b: Sinistcha|Sinistcha|100\/100\n|switch|p2a: Sneasler|Sneasler, M|100\/100\n|-enditem|p2a: Sneasler|Grassy Seed\n|-boost|p2a: Sneasler|def|1|[from] item: Grassy Seed\n|turn|7\n|inactive|andergamert has 120 seconds left.\n|inactive|mork25 has 120 seconds left.\n|\n|t:|1699301457\n|-terastallize|p2a: Sneasler|Flying\n|move|p2a: Sneasler|Acrobatics|p1b: Amoonguss\n|-supereffective|p1b: Amoonguss\n|-damage|p1b: Amoonguss|0 fnt\n|-damage|p2a: Sneasler|84\/100|[from] item: Rocky Helmet|[of] p1b: Amoonguss\n|faint|p1b: Amoonguss\n|move|p1a: Gholdengo|Shadow Ball|p2b: Sinistcha\n|-supereffective|p2b: Sinistcha\n|-damage|p2b: Sinistcha|43\/100\n|move|p2b: Sinistcha|Life Dew|p2b: Sinistcha|[spread] p2a,p2b\n|-heal|p2a: Sneasler|100\/100\n|-heal|p2b: Sinistcha|68\/100\n|\n|-weather|RainDance|[upkeep]\n|-heal|p1a: Gholdengo|61\/100|[from] Grassy Terrain\n|-heal|p2b: Sinistcha|74\/100|[from] Grassy Terrain\n|upkeep\n|inactive|mork25 has 120 seconds left.\n|\n|t:|1699301465\n|switch|p1b: Golduck|Golduck, M|19\/100\n|turn|8\n|inactive|andergamert has 120 seconds left.\n|\n|t:|1699301489\n|move|p2a: Sneasler|Acrobatics|p1b: Golduck\n|-damage|p1b: Golduck|0 fnt\n|faint|p1b: Golduck\n|move|p1a: Gholdengo|Recover|p1a: Gholdengo\n|-heal|p1a: Gholdengo|100\/100\n|move|p2b: Sinistcha|Life Dew||[still]|[spread] p2a,p2b\n|-fail|p2a: Sneasler|heal\n|-heal|p2b: Sinistcha|99\/100\n|\n|-weather|none\n|-heal|p2b: Sinistcha|100\/100|[from] Grassy Terrain\n|upkeep\n|\n|t:|1699301501\n|switch|p1b: Chien-Pao|Chien-Pao|100\/100\n|-ability|p1b: Chien-Pao|Sword of Ruin\n|turn|9\n|\n|t:|1699301512\n|switch|p1a: Cloyster|Cloyster, M|100\/100\n|move|p2b: Sinistcha|Rage Powder|p2b: Sinistcha\n|-singleturn|p2b: Sinistcha|move: Rage Powder\n|move|p2a: Sneasler|Close Combat|p1b: Chien-Pao\n|-supereffective|p1b: Chien-Pao\n|-enditem|p1b: Chien-Pao|Focus Sash\n|-damage|p1b: Chien-Pao|1\/100\n|-unboost|p2a: Sneasler|def|1\n|-unboost|p2a: Sneasler|spd|1\n|move|p1b: Chien-Pao|Icicle Crash|p2b: Sinistcha\n|-supereffective|p2b: Sinistcha\n|-damage|p2b: Sinistcha|17\/100\n|\n|-heal|p1b: Chien-Pao|7\/100|[from] Grassy Terrain\n|-heal|p2b: Sinistcha|23\/100|[from] Grassy Terrain\n|upkeep\n|turn|10\n|inactive|andergamert has 120 seconds left.\n|\n|t:|1699301545\n|move|p2a: Sneasler|Acrobatics|p1b: Chien-Pao\n|-damage|p1b: Chien-Pao|0 fnt\n|faint|p1b: Chien-Pao\n|move|p1a: Cloyster|Shell Smash|p1a: Cloyster\n|-unboost|p1a: Cloyster|def|1\n|-unboost|p1a: Cloyster|spd|1\n|-boost|p1a: Cloyster|atk|2\n|-boost|p1a: Cloyster|spa|2\n|-boost|p1a: Cloyster|spe|2\n|-enditem|p1a: Cloyster|White Herb\n|-clearnegativeboost|p1a: Cloyster|[silent]\n|move|p2b: Sinistcha|Strength Sap|p1a: Cloyster\n|-unboost|p1a: Cloyster|atk|1\n|-heal|p2b: Sinistcha|100\/100\n|\n|upkeep\n|\n|t:|1699301550\n|switch|p1b: Gholdengo|Gholdengo|100\/100\n|turn|11\n|\n|t:|1699301559\n|move|p2b: Sinistcha|Rage Powder|p2b: Sinistcha\n|-singleturn|p2b: Sinistcha|move: Rage Powder\n|move|p2a: Sneasler|Acrobatics|p1a: Cloyster\n|-damage|p1a: Cloyster|49\/100\n|move|p1a: Cloyster|Icicle Spear|p2b: Sinistcha\n|-supereffective|p2b: Sinistcha\n|-damage|p2b: Sinistcha|76\/100\n|-supereffective|p2b: Sinistcha\n|-damage|p2b: Sinistcha|51\/100\n|-supereffective|p2b: Sinistcha\n|-damage|p2b: Sinistcha|26\/100\n|-supereffective|p2b: Sinistcha\n|-damage|p2b: Sinistcha|3\/100\n|-supereffective|p2b: Sinistcha\n|-damage|p2b: Sinistcha|0 fnt\n|faint|p2b: Sinistcha\n|-hitcount|p2: Sinistcha|5\n|move|p1b: Gholdengo|Nasty Plot|p1b: Gholdengo\n|-boost|p1b: Gholdengo|spa|2\n|\n|-heal|p1a: Cloyster|56\/100|[from] Grassy Terrain\n|upkeep\n|\n|t:|1699301566\n|switch|p2b: Kommo-o|Kommo-o, F|100\/100\n|turn|12\n|\n|t:|1699301580\n|-terastallize|p1a: Cloyster|Rock\n|move|p2a: Sneasler|Close Combat|p1a: Cloyster\n|-supereffective|p1a: Cloyster\n|-damage|p1a: Cloyster|0 fnt\n|-unboost|p2a: Sneasler|def|1\n|-unboost|p2a: Sneasler|spd|1\n|faint|p1a: Cloyster\n|move|p2b: Kommo-o|Flamethrower|p1b: Gholdengo\n|-supereffective|p1b: Gholdengo\n|-damage|p1b: Gholdengo|49\/100\n|move|p1b: Gholdengo|Make It Rain|p2a: Sneasler|[spread] p2a,p2b\n|-damage|p2a: Sneasler|0 fnt\n|-damage|p2b: Kommo-o|0 fnt\n|-unboost|p1b: Gholdengo|spa|1\n|faint|p2a: Sneasler\n|faint|p2b: Kommo-o\n|\n|win|mork25\n|raw|mork25's rating: 1184 &rarr; <strong>1206<\/strong><br \/>(+22 for winning)\n|raw|andergamert's rating: 1137 &rarr; <strong>1115<\/strong><br \/>(-22 for losing)\n|l|\u2606andergamert\n|c|\u2606mork25|damn gg\n|l|\u2606mork25\n|j|\u2606mork25\n|player|p1|mork25|iris-gen5bw2\n","uploadtime":1699301616,"views":8,"p1id":"mork25","p2id":"andergamert","formatid":"gen9doublesou","rating":1115,"private":0,"password":""}