{"id":"gen9doublesou-1968291630","p1":"Aquaticphantom","p2":"Champion's Melody","format":"[Gen 9] Doubles OU","log":"|html|<div class=\"broadcast-blue\"><strong>[Gen 9] Doubles OU is currently suspecting Basculegion & Flutter Mane! For information on how to participate check out the <a href=\"https:\/\/www.smogon.com\/forums\/threads\/np-sv-dou-stage-8-double-trouble.3729153\/\">suspect thread<\/a>.<\/strong><\/div>\n|j|\u2606Aquaticphantom\n|j|\u2606Champion's Melody\n|t:|1697402983\n|gametype|doubles\n|player|p1|Aquaticphantom|fantina|1203\n|player|p2|Champion's Melody|cynthia|1108\n|teamsize|p1|6\n|teamsize|p2|6\n|gen|9\n|tier|[Gen 9] Doubles OU\n|rated|\n|rule|Species Clause: Limit one of each Pok\u00e9mon\n|rule|OHKO Clause: OHKO moves are banned\n|rule|Evasion Moves Clause: Evasion moves are banned\n|rule|Gravity Sleep Clause: The combination of sleep-inducing moves with imperfect accuracy and Gravity or Gigantamax Orbeetle are banned\n|rule|Endless Battle Clause: Forcing endless battles is banned\n|rule|HP Percentage Mod: HP is shown in percentages\n|clearpoke\n|poke|p1|Glimmora, F|\n|poke|p1|Espeon, F|\n|poke|p1|Gastrodon-East, M|\n|poke|p1|Meowscarada, M|\n|poke|p1|Ceruledge, F|\n|poke|p1|Kilowattrel, M|\n|poke|p2|Lurantis, F|\n|poke|p2|Gliscor, M|\n|poke|p2|Salazzle, F|\n|poke|p2|Kleavor, F|\n|poke|p2|Basculegion-F, F|\n|poke|p2|Empoleon, F|\n|teampreview\n|inactive|Battle timer is ON: inactive players will automatically lose when time's up. (requested by Champion's Melody)\n|\n|t:|1697403009\n|start\n|switch|p1a: Crystal|Glimmora, F|100\/100\n|switch|p1b: Sylvie|Espeon, F|100\/100\n|switch|p2a: Gliscor|Gliscor, M|100\/100\n|switch|p2b: Kleavor|Kleavor, F|100\/100\n|turn|1\n|\n|t:|1697403020\n|move|p1b: Sylvie|Psychic|p2b: Kleavor\n|-damage|p2b: Kleavor|28\/100\n|move|p2a: Gliscor|Swords Dance|p2a: Gliscor\n|-boost|p2a: Gliscor|atk|2\n|move|p1a: Crystal|Power Gem|p2b: Kleavor\n|-supereffective|p2b: Kleavor\n|-damage|p2b: Kleavor|0 fnt\n|faint|p2b: Kleavor\n|\n|-status|p2a: Gliscor|tox|[from] item: Toxic Orb\n|upkeep\n|\n|t:|1697403032\n|switch|p2b: Lurantis|Lurantis, F|100\/100\n|turn|2\n|\n|t:|1697403045\n|switch|p1b: Dreyar|Kilowattrel, M|100\/100\n|move|p1a: Crystal|Spiky Shield|p1a: Crystal\n|-singleturn|p1a: Crystal|move: Protect\n|move|p2a: Gliscor|Fling|p1b: Dreyar\n|-damage|p1b: Dreyar|67\/100\n|-status|p1b: Dreyar|tox\n|-enditem|p2a: Gliscor|Toxic Orb|[from] move: Fling\n|move|p2b: Lurantis|Superpower|p1a: Crystal\n|-activate|p1a: Crystal|move: Protect\n|-damage|p2b: Lurantis|88\/100|[from] Spiky Shield|[of] p1a: Crystal\n|\n|-damage|p1b: Dreyar|61\/100 tox|[from] psn\n|upkeep\n|turn|3\n|\n|t:|1697403071\n|move|p1b: Dreyar|Tailwind|p1b: Dreyar\n|-sidestart|p1: Aquaticphantom|move: Tailwind\n|move|p1a: Crystal|Power Gem|p2a: Gliscor\n|-damage|p2a: Gliscor|43\/100 tox\n|move|p2a: Gliscor|Bulldoze|p1b: Dreyar|[spread] p2b,p1a\n|-immune|p1b: Dreyar\n|-resisted|p2b: Lurantis\n|-supereffective|p1a: Crystal\n|-damage|p2b: Lurantis|67\/100\n|-damage|p1a: Crystal|0 fnt\n|-boost|p2b: Lurantis|spe|1\n|-activate|p1a: Crystal|ability: Toxic Debris\n|-sidestart|p2: Champion's Melody|move: Toxic Spikes\n|faint|p1a: Crystal\n|move|p2b: Lurantis|Superpower|p1b: Dreyar\n|-resisted|p1b: Dreyar\n|-damage|p1b: Dreyar|28\/100 tox\n|-boost|p2b: Lurantis|atk|1\n|-boost|p2b: Lurantis|def|1\n|\n|-damage|p1b: Dreyar|16\/100 tox|[from] psn\n|-heal|p2a: Gliscor|55\/100 tox|[from] ability: Poison Heal\n|upkeep\n|\n|t:|1697403081\n|switch|p1a: Knightwalker|Ceruledge, F|100\/100\n|turn|4\n|\n|t:|1697403107\n|-terastallize|p1a: Knightwalker|Grass\n|move|p1b: Dreyar|Air Slash|p2a: Gliscor\n|-crit|p2a: Gliscor\n|-damage|p2a: Gliscor|0 fnt\n|faint|p2a: Gliscor\n|move|p1a: Knightwalker|Bitter Blade|p2b: Lurantis\n|-supereffective|p2b: Lurantis\n|-damage|p2b: Lurantis|2\/100\n|move|p2b: Lurantis|Leaf Storm|p1b: Dreyar\n|-resisted|p1b: Dreyar\n|-damage|p1b: Dreyar|0 fnt\n|-boost|p2b: Lurantis|spa|2\n|faint|p1b: Dreyar\n|\n|upkeep\n|\n|t:|1697403125\n|switch|p1b: Sponge|Gastrodon-East, M|100\/100\n|switch|p2a: Salazzle|Salazzle, F, shiny|100\/100\n|-sideend|p2: Champion's Melody|move: Toxic Spikes|[of] p2a: Salazzle\n|turn|5\n|\n|t:|1697403140\n|switch|p1a: Sylvie|Espeon, F|100\/100\n|switch|p1b: Cat n Hat|Meowscarada, M|100\/100\n|-terastallize|p2b: Lurantis|Bug\n|move|p2a: Salazzle|Fake Out|p1a: Sylvie\n|-damage|p1a: Sylvie|88\/100\n|move|p2b: Lurantis|Leech Life|p1a: Sylvie\n|-supereffective|p1a: Sylvie\n|-damage|p1a: Sylvie|0 fnt\n|-heal|p2b: Lurantis|37\/100|[from] drain|[of] p1a: Sylvie\n|faint|p1a: Sylvie\n|\n|upkeep\n|\n|t:|1697403146\n|switch|p1a: Knightwalker|Ceruledge, F, tera:Grass|100\/100\n|turn|6\n|\n|t:|1697403158\n|switch|p1b: Sponge|Gastrodon-East, M|100\/100\n|move|p1a: Knightwalker|Bitter Blade|p2b: Lurantis\n|-supereffective|p2b: Lurantis\n|-damage|p2b: Lurantis|0 fnt\n|faint|p2b: Lurantis\n|move|p2a: Salazzle|Fire Blast|p1a: Knightwalker\n|-start|p1a: Knightwalker|ability: Flash Fire\n|\n|-sideend|p1: Aquaticphantom|move: Tailwind\n|upkeep\n|\n|t:|1697403169\n|switch|p2b: Empoleon|Empoleon, F|100\/100\n|turn|7\n|\n|t:|1697403181\n|move|p2a: Salazzle|Sludge Bomb|p1a: Knightwalker\n|-supereffective|p1a: Knightwalker\n|-damage|p1a: Knightwalker|9\/100\n|-enditem|p1a: Knightwalker|Iapapa Berry|[eat]\n|-heal|p1a: Knightwalker|42\/100|[from] item: Iapapa Berry\n|move|p1a: Knightwalker|Phantom Force||[still]\n|-prepare|p1a: Knightwalker|Phantom Force\n|move|p2b: Empoleon|Blizzard|p1a: Knightwalker|[spread] p1b\n|-miss|p2b: Empoleon|p1a: Knightwalker\n|-damage|p1b: Sponge|57\/100\n|move|p1b: Sponge|Earth Power|p2a: Salazzle\n|-supereffective|p2a: Salazzle\n|-damage|p2a: Salazzle|0 fnt\n|faint|p2a: Salazzle\n|\n|upkeep\n|\n|t:|1697403195\n|switch|p2a: Basculegion|Basculegion-F, F|100\/100\n|turn|8\n|\n|t:|1697403209\n|move|p2a: Basculegion|Last Respects|p1b: Sponge\n|-damage|p1b: Sponge|0 fnt\n|faint|p1b: Sponge\n|move|p1a: Knightwalker|Phantom Force|p2b: Empoleon|[from]lockedmove\n|-damage|p2b: Empoleon|53\/100\n|move|p2b: Empoleon|Blizzard|p1a: Knightwalker\n|-supereffective|p1a: Knightwalker\n|-damage|p1a: Knightwalker|0 fnt\n|faint|p1a: Knightwalker\n|\n|upkeep\n|\n|t:|1697403217\n|switch|p1a: Cat n Hat|Meowscarada, M|100\/100\n|turn|9\n|\n|t:|1697403222\n|move|p2a: Basculegion|Last Respects|p1a: Cat n Hat\n|-resisted|p1a: Cat n Hat\n|-damage|p1a: Cat n Hat|0 fnt\n|faint|p1a: Cat n Hat\n|\n|win|Champion's Melody\n|raw|Aquaticphantom's rating: 1203 &rarr; <strong>1171<\/strong><br \/>(-32 for losing)\n|raw|Champion&apos;s Melody's rating: 1108 &rarr; <strong>1140<\/strong><br \/>(+32 for winning)\n","uploadtime":1697403229,"views":5,"p1id":"aquaticphantom","p2id":"championsmelody","formatid":"gen9doublesou","rating":1140,"private":0,"password":""}