{"id":"gen9doublesou-1973068616","p1":"roosterjohn","p2":"adamlol_gaming","format":"[Gen 9] Doubles OU","log":"|j|\u2606roosterjohn\n|j|\u2606adamlol_gaming\n|t:|1697924160\n|gametype|doubles\n|player|p1|roosterjohn|depotagent|1084\n|player|p2|adamlol_gaming|lass-gen4dp|1000\n|teamsize|p1|6\n|teamsize|p2|6\n|gen|9\n|tier|[Gen 9] Doubles OU\n|rated|\n|rule|Species Clause: Limit one of each Pok\u00e9mon\n|rule|OHKO Clause: OHKO moves are banned\n|rule|Evasion Moves Clause: Evasion moves are banned\n|rule|Gravity Sleep Clause: The combination of sleep-inducing moves with imperfect accuracy and Gravity or Gigantamax Orbeetle are banned\n|rule|Endless Battle Clause: Forcing endless battles is banned\n|rule|HP Percentage Mod: HP is shown in percentages\n|clearpoke\n|poke|p1|Oricorio-Pom-Pom, F|\n|poke|p1|Ribombee, F|\n|poke|p1|Toxapex, M|\n|poke|p1|Sableye, M|\n|poke|p1|Ursaluna-Bloodmoon, M|\n|poke|p1|Sinistcha-Masterpiece|\n|poke|p2|Medicham, M|\n|poke|p2|Tinkaton, F|\n|poke|p2|Slaking, F|\n|poke|p2|Indeedee-F, F|\n|poke|p2|Dragapult, F|\n|poke|p2|Amoonguss, M|\n|teampreview\n|inactive|Battle timer is ON: inactive players will automatically lose when time's up. (requested by roosterjohn)\n|\n|t:|1697924167\n|start\n|switch|p1a: Oricorio|Oricorio-Pom-Pom, F, shiny|100\/100\n|switch|p1b: Ribombee|Ribombee, F, shiny|100\/100\n|switch|p2a: Medicham|Medicham, M|100\/100\n|switch|p2b: Tinkaton|Tinkaton, F|100\/100\n|turn|1\n|inactive|adamlol_gaming has 120 seconds left.\n|\n|t:|1697924208\n|move|p2a: Medicham|Fake Out|p1a: Oricorio\n|-damage|p1a: Oricorio|81\/100\n|move|p1b: Ribombee|Quiver Dance|p1b: Ribombee\n|-boost|p1b: Ribombee|spa|1\n|-boost|p1b: Ribombee|spd|1\n|-boost|p1b: Ribombee|spe|1\n|-activate|p1a: Oricorio|ability: Dancer\n|cant|p1a: Oricorio|flinch\n|cant|p1a: Oricorio|flinch\n|move|p2b: Tinkaton|Knock Off|p1a: Oricorio\n|-damage|p1a: Oricorio|43\/100\n|-enditem|p1a: Oricorio|Aguav Berry|[from] move: Knock Off|[of] p2b: Tinkaton\n|\n|upkeep\n|turn|2\n|inactive|adamlol_gaming has 120 seconds left.\n|\n|t:|1697924231\n|move|p1a: Oricorio|Protect|p1a: Oricorio\n|-singleturn|p1a: Oricorio|Protect\n|move|p1b: Ribombee|Quiver Dance|p1b: Ribombee\n|-boost|p1b: Ribombee|spa|1\n|-boost|p1b: Ribombee|spd|1\n|-boost|p1b: Ribombee|spe|1\n|-activate|p1a: Oricorio|ability: Dancer\n|move|p1a: Oricorio|Quiver Dance|p1a: Oricorio|[from]ability: Dancer\n|-boost|p1a: Oricorio|spa|1\n|-boost|p1a: Oricorio|spd|1\n|-boost|p1a: Oricorio|spe|1\n|move|p2b: Tinkaton|Gigaton Hammer|p1b: Ribombee\n|-supereffective|p1b: Ribombee\n|-crit|p1b: Ribombee\n|-enditem|p1b: Ribombee|Focus Sash\n|-damage|p1b: Ribombee|1\/100\n|move|p2a: Medicham|Skill Swap|p1a: Oricorio\n|-activate|p1a: Oricorio|move: Protect\n|\n|upkeep\n|turn|3\n|inactive|adamlol_gaming has 120 seconds left.\n|\n|t:|1697924262\n|move|p2b: Tinkaton|Protect|p2b: Tinkaton\n|-singleturn|p2b: Tinkaton|Protect\n|move|p1b: Ribombee|Quiver Dance|p1b: Ribombee\n|-boost|p1b: Ribombee|spa|1\n|-boost|p1b: Ribombee|spd|1\n|-boost|p1b: Ribombee|spe|1\n|-activate|p1a: Oricorio|ability: Dancer\n|move|p1a: Oricorio|Quiver Dance|p1a: Oricorio|[from]ability: Dancer\n|-boost|p1a: Oricorio|spa|1\n|-boost|p1a: Oricorio|spd|1\n|-boost|p1a: Oricorio|spe|1\n|move|p1a: Oricorio|Baton Pass|p1a: Oricorio\n|\n|t:|1697924283\n|switch|p1a: Sinistcha|Sinistcha-Masterpiece|100\/100|[from] Baton Pass\n|-heal|p1b: Ribombee|26\/100|[from] ability: Hospitality|[of] p1a: Sinistcha\n|move|p2a: Medicham|Trick Room|p2a: Medicham\n|-fieldstart|move: Trick Room|[of] p2a: Medicham\n|\n|upkeep\n|turn|4\n|inactive|adamlol_gaming has 120 seconds left.\n|\n|t:|1697924304\n|switch|p2a: Amoonguss|Amoonguss, M|100\/100\n|switch|p1b: Toxapex|Toxapex, M, shiny|100\/100\n|move|p2b: Tinkaton|Gigaton Hammer|p1a: Sinistcha\n|-damage|p1a: Sinistcha|59\/100\n|move|p1a: Sinistcha|Matcha Gotcha|p2a: Amoonguss|[spread] p2b\n|-miss|p1a: Sinistcha|p2a: Amoonguss\n|-resisted|p2b: Tinkaton\n|-damage|p2b: Tinkaton|78\/100\n|-heal|p1a: Sinistcha|70\/100|[from] drain|[of] p2b: Tinkaton\n|\n|-heal|p1a: Sinistcha|76\/100|[from] item: Leftovers\n|upkeep\n|turn|5\n|inactive|adamlol_gaming has 120 seconds left.\n|\n|t:|1697924339\n|move|p1b: Toxapex|Baneful Bunker|p1b: Toxapex\n|-singleturn|p1b: Toxapex|move: Protect\n|move|p2a: Amoonguss|Rage Powder|p2a: Amoonguss\n|-singleturn|p2a: Amoonguss|move: Rage Powder\n|move|p2b: Tinkaton|Swords Dance|p2b: Tinkaton\n|-boost|p2b: Tinkaton|atk|2\n|move|p1a: Sinistcha|Strength Sap|p2b: Tinkaton\n|-unboost|p2b: Tinkaton|atk|1\n|-heal|p1a: Sinistcha|100\/100\n|\n|upkeep\n|turn|6\n|inactive|adamlol_gaming has 120 seconds left.\n|\n|t:|1697924365\n|switch|p1b: Sableye|Sableye, M|100\/100\n|move|p2a: Amoonguss|Spore|p1a: Sinistcha\n|-immune|p1a: Sinistcha\n|move|p2b: Tinkaton|Swords Dance|p2b: Tinkaton\n|-boost|p2b: Tinkaton|atk|2\n|move|p1a: Sinistcha|Strength Sap|p2b: Tinkaton\n|-unboost|p2b: Tinkaton|atk|1\n|\n|upkeep\n|turn|7\n|inactive|adamlol_gaming has 120 seconds left.\n|\n|t:|1697924392\n|move|p1b: Sableye|Disable|p2a: Amoonguss\n|-start|p2a: Amoonguss|Disable|Spore\n|cant|p2a: Amoonguss|Disable|Spore\n|move|p2b: Tinkaton|Gigaton Hammer|p1a: Sinistcha\n|-crit|p1a: Sinistcha\n|-damage|p1a: Sinistcha|0 fnt\n|faint|p1a: Sinistcha\n|\n|-fieldend|move: Trick Room\n|upkeep\n|\n|t:|1697924403\n|switch|p1a: Ursaluna|Ursaluna-Bloodmoon, M|100\/100\n|turn|8\n|\n|t:|1697924414\n|-terastallize|p1a: Ursaluna|Ground\n|move|p2b: Tinkaton|Protect|p2b: Tinkaton\n|-singleturn|p2b: Tinkaton|Protect\n|move|p1b: Sableye|Encore|p2a: Amoonguss\n|-start|p2a: Amoonguss|Encore\n|move|p1a: Ursaluna|Earth Power|p2b: Tinkaton\n|-activate|p2b: Tinkaton|move: Protect\n|cant|p2a: Amoonguss|Disable|Spore\n|\n|upkeep\n|turn|9\n|inactive|adamlol_gaming has 120 seconds left.\n|\n|t:|1697924453\n|switch|p1b: Ribombee|Ribombee, F, shiny|26\/100\n|switch|p2a: Dragapult|Dragapult, F|100\/100\n|move|p2b: Tinkaton|Gigaton Hammer|p1a: Ursaluna\n|-damage|p1a: Ursaluna|40\/100\n|move|p1a: Ursaluna|Earth Power|p2b: Tinkaton\n|-supereffective|p2b: Tinkaton\n|-damage|p2b: Tinkaton|0 fnt\n|faint|p2b: Tinkaton\n|-damage|p1a: Ursaluna|30\/100|[from] item: Life Orb\n|\n|upkeep\n|\n|t:|1697924470\n|switch|p2b: Indeedee|Indeedee-F, F|100\/100\n|turn|10\n|inactive|adamlol_gaming has 120 seconds left.\n|\n|t:|1697924483\n|move|p2a: Dragapult|Psychic Fangs|p1a: Ursaluna\n|-damage|p1a: Ursaluna|16\/100\n|move|p1b: Ribombee|Dazzling Gleam|p2b: Indeedee|[spread] p2a,p2b\n|-supereffective|p2a: Dragapult\n|-damage|p2a: Dragapult|32\/100\n|-damage|p2b: Indeedee|77\/100\n|move|p2b: Indeedee|Psychic|p1b: Ribombee\n|-damage|p1b: Ribombee|0 fnt\n|faint|p1b: Ribombee\n|move|p1a: Ursaluna|Moonlight|p1a: Ursaluna\n|-heal|p1a: Ursaluna|66\/100\n|\n|-heal|p2a: Dragapult|38\/100|[from] item: Leftovers\n|upkeep\n|\n|t:|1697924498\n|switch|p1b: Sableye|Sableye, M|100\/100\n|turn|11\n|\n|t:|1697924527\n|move|p1b: Sableye|Encore|p2a: Dragapult\n|-start|p2a: Dragapult|Encore\n|move|p2a: Dragapult|Psychic Fangs|p1b: Sableye\n|-immune|p1b: Sableye\n|move|p2b: Indeedee|Reflect|p2b: Indeedee\n|-sidestart|p2: adamlol_gaming|Reflect\n|move|p1a: Ursaluna|Moonlight|p1a: Ursaluna\n|-heal|p1a: Ursaluna|100\/100\n|\n|-heal|p2a: Dragapult|44\/100|[from] item: Leftovers\n|upkeep\n|turn|12\n|\n|t:|1697924551\n|switch|p2a: Amoonguss|Amoonguss, M|100\/100\n|move|p1b: Sableye|Encore||[still]\n|-fail|p1b: Sableye\n|move|p2b: Indeedee|Psychic|p1a: Ursaluna\n|-damage|p1a: Ursaluna|59\/100\n|move|p1a: Ursaluna|Blood Moon|p2b: Indeedee\n|-damage|p2b: Indeedee|5\/100\n|-damage|p1a: Ursaluna|49\/100|[from] item: Life Orb\n|\n|upkeep\n|turn|13\n|\n|t:|1697924569\n|move|p1b: Sableye|Quash|p2a: Amoonguss\n|-activate|p2a: Amoonguss|move: Quash\n|move|p2b: Indeedee|Psychic|p1a: Ursaluna\n|-crit|p1a: Ursaluna\n|-damage|p1a: Ursaluna|0 fnt\n|faint|p1a: Ursaluna\n|move|p2a: Amoonguss|Pollen Puff|p2b: Indeedee\n|-heal|p2b: Indeedee|54\/100\n|\n|upkeep\n|\n|t:|1697924575\n|switch|p1a: Oricorio|Oricorio-Pom-Pom, F, shiny|43\/100\n|turn|14\n|\n|t:|1697924593\n|move|p1b: Sableye|Disable|p2a: Amoonguss\n|-start|p2a: Amoonguss|Disable|Pollen Puff\n|move|p1a: Oricorio|Air Slash|p2b: Indeedee\n|-damage|p2b: Indeedee|24\/100\n|cant|p2b: Indeedee|flinch\n|move|p2a: Amoonguss|Spore|p1b: Sableye\n|-status|p1b: Sableye|slp|[from] move: Spore\n|\n|upkeep\n|turn|15\n|\n|t:|1697924615\n|move|p2a: Amoonguss|Rage Powder|p2a: Amoonguss\n|-singleturn|p2a: Amoonguss|move: Rage Powder\n|cant|p1b: Sableye|slp\n|move|p1a: Oricorio|Air Slash|p2a: Amoonguss\n|-supereffective|p2a: Amoonguss\n|-damage|p2a: Amoonguss|49\/100\n|move|p2b: Indeedee|Psychic|p1a: Oricorio\n|-damage|p1a: Oricorio|0 fnt\n|faint|p1a: Oricorio\n|\n|-heal|p2a: Amoonguss|56\/100|[from] item: Leftovers\n|upkeep\n|\n|t:|1697924623\n|switch|p1a: Toxapex|Toxapex, M, shiny|100\/100\n|turn|16\n|inactive|adamlol_gaming has 120 seconds left.\n|\n|t:|1697924664\n|move|p2a: Amoonguss|Rage Powder|p2a: Amoonguss\n|-singleturn|p2a: Amoonguss|move: Rage Powder\n|-curestatus|p1b: Sableye|slp|[msg]\n|move|p1b: Sableye|Quash||[still]\n|-fail|p1b: Sableye\n|move|p2b: Indeedee|Psychic|p1a: Toxapex\n|-supereffective|p1a: Toxapex\n|-damage|p1a: Toxapex|35\/100\n|move|p1a: Toxapex|Toxic|p2a: Amoonguss\n|-immune|p2a: Amoonguss\n|\n|-heal|p1a: Toxapex|42\/100|[from] item: Leftovers\n|-heal|p2a: Amoonguss|62\/100|[from] item: Leftovers\n|upkeep\n|turn|17\n|inactive|adamlol_gaming has 120 seconds left.\n|\n|t:|1697924686\n|move|p1b: Sableye|Quash|p2b: Indeedee\n|-activate|p2b: Indeedee|move: Quash\n|move|p1a: Toxapex|Recover|p1a: Toxapex\n|-heal|p1a: Toxapex|92\/100\n|move|p2a: Amoonguss|Spore|p1b: Sableye\n|-status|p1b: Sableye|slp|[from] move: Spore\n|move|p2b: Indeedee|Psychic|p1a: Toxapex\n|-supereffective|p1a: Toxapex\n|-damage|p1a: Toxapex|25\/100\n|\n|-heal|p1a: Toxapex|31\/100|[from] item: Leftovers\n|-heal|p2a: Amoonguss|68\/100|[from] item: Leftovers\n|-end|p2a: Amoonguss|Disable\n|upkeep\n|turn|18\n|-message|roosterjohn forfeited.\n|\n|win|adamlol_gaming\n|raw|roosterjohn's rating: 1084 &rarr; <strong>1056<\/strong><br \/>(-28 for losing)\n|raw|adamlol_gaming's rating: 1000 &rarr; <strong>1049<\/strong><br \/>(+49 for winning)\n|l|\u2606roosterjohn\n|c|\u2606adamlol_gaming|gg\n","uploadtime":1697924781,"views":10,"p1id":"roosterjohn","p2id":"adamlolgaming","formatid":"gen9doublesou","rating":1049,"private":0,"password":""}