{"id":"gen9doublesou-1969375937","p1":"Connman361","p2":"pxrwxhnzwnpy","format":"[Gen 9] Doubles OU","log":"|j|\u2606Connman361\n|j|\u2606pxrwxhnzwnpy\n|t:|1697521860\n|gametype|doubles\n|player|p1|Connman361|hoopster|1500\n|player|p2|pxrwxhnzwnpy|170|1524\n|teamsize|p1|6\n|teamsize|p2|6\n|gen|9\n|tier|[Gen 9] Doubles OU\n|rated|\n|rule|Species Clause: Limit one of each Pok\u00e9mon\n|rule|OHKO Clause: OHKO moves are banned\n|rule|Evasion Moves Clause: Evasion moves are banned\n|rule|Gravity Sleep Clause: The combination of sleep-inducing moves with imperfect accuracy and Gravity or Gigantamax Orbeetle are banned\n|rule|Endless Battle Clause: Forcing endless battles is banned\n|rule|HP Percentage Mod: HP is shown in percentages\n|clearpoke\n|poke|p1|Fezandipiti, M|\n|poke|p1|Kingambit, F|\n|poke|p1|Okidogi, M|\n|poke|p1|Rillaboom, F|\n|poke|p1|Landorus-Therian, M|\n|poke|p1|Iron Bundle|\n|poke|p2|Iron Hands|\n|poke|p2|Flutter Mane|\n|poke|p2|Sinistcha-Masterpiece|\n|poke|p2|Torkoal, M|\n|poke|p2|Farigiraf, F|\n|poke|p2|Chi-Yu|\n|teampreview\n|inactive|Battle timer is ON: inactive players will automatically lose when time's up. (requested by pxrwxhnzwnpy)\n|inactive|pxrwxhnzwnpy has 120 seconds left.\n|\n|t:|1697521905\n|start\n|switch|p1a: Fezandipiti|Fezandipiti, M|100\/100\n|switch|p1b: Kingambit|Kingambit, F|100\/100\n|switch|p2a: Iron Hands|Iron Hands|100\/100\n|switch|p2b: Farigiraf|Farigiraf, F|100\/100\n|turn|1\n|inactive|Connman361 has 120 seconds left.\n|\n|t:|1697521946\n|-terastallize|p1b: Kingambit|Dark\n|move|p1a: Fezandipiti|Taunt|p2b: Farigiraf\n|-start|p2b: Farigiraf|move: Taunt\n|-enditem|p2b: Farigiraf|Mental Herb\n|-end|p2b: Farigiraf|move: Taunt\n|move|p1b: Kingambit|Kowtow Cleave|p2b: Farigiraf\n|-supereffective|p2b: Farigiraf\n|-damage|p2b: Farigiraf|0 fnt\n|faint|p2b: Farigiraf\n|move|p2a: Iron Hands|Drain Punch|p1b: Kingambit\n|-supereffective|p1b: Kingambit\n|-damage|p1b: Kingambit|29\/100\n|\n|upkeep\n|l|\u2606pxrwxhnzwnpy\n|inactive|pxrwxhnzwnpy disconnected and has a minute to reconnect!\n|player|p2|\n|j|\u2606pxrwxhnzwnpy\n|inactive|pxrwxhnzwnpy reconnected and has 110 seconds left.\n|player|p2|pxrwxhnzwnpy|170\n|inactive|pxrwxhnzwnpy has 90 seconds left.\n|\n|t:|1697521996\n|switch|p2b: Chi-Yu|Chi-Yu|100\/100\n|-ability|p2b: Chi-Yu|Beads of Ruin\n|turn|2\n|\n|t:|1697522012\n|switch|p1b: Okidogi|Okidogi, M|100\/100\n|move|p2b: Chi-Yu|Heat Wave|p1b: Okidogi|[spread] p1a,p1b\n|-damage|p1a: Fezandipiti|55\/100\n|-damage|p1b: Okidogi|67\/100\n|-damage|p2b: Chi-Yu|91\/100|[from] item: Life Orb\n|move|p1a: Fezandipiti|Icy Wind|p2a: Iron Hands|[spread] p2a,p2b\n|-resisted|p2b: Chi-Yu\n|-damage|p2a: Iron Hands|92\/100\n|-damage|p2b: Chi-Yu|86\/100\n|-unboost|p2a: Iron Hands|spe|1\n|-unboost|p2b: Chi-Yu|spe|1\n|-status|p2a: Iron Hands|tox|[from] ability: Toxic Chain|[of] p1a: Fezandipiti\n|-status|p2b: Chi-Yu|tox|[from] ability: Toxic Chain|[of] p1a: Fezandipiti\n|move|p2a: Iron Hands|Drain Punch|p1a: Fezandipiti\n|-resisted|p1a: Fezandipiti\n|-damage|p1a: Fezandipiti|43\/100\n|-heal|p2a: Iron Hands|97\/100 tox|[from] drain|[of] p1a: Fezandipiti\n|\n|-heal|p1a: Fezandipiti|49\/100|[from] item: Black Sludge\n|-heal|p2a: Iron Hands|100\/100 tox|[from] item: Leftovers\n|-damage|p2b: Chi-Yu|80\/100 tox|[from] psn\n|-damage|p2a: Iron Hands|94\/100 tox|[from] psn\n|upkeep\n|turn|3\n|inactive|pxrwxhnzwnpy has 120 seconds left.\n|inactive|Connman361 has 120 seconds left.\n|\n|t:|1697522051\n|move|p1a: Fezandipiti|Roost|p1a: Fezandipiti\n|-heal|p1a: Fezandipiti|99\/100\n|-singleturn|p1a: Fezandipiti|move: Roost\n|move|p2b: Chi-Yu|Heat Wave|p1b: Okidogi|[spread] p1a,p1b\n|-damage|p1a: Fezandipiti|50\/100\n|-damage|p1b: Okidogi|33\/100\n|-damage|p2b: Chi-Yu|70\/100 tox|[from] item: Life Orb\n|move|p1b: Okidogi|Drain Punch|p2b: Chi-Yu\n|-supereffective|p2b: Chi-Yu\n|-damage|p2b: Chi-Yu|0 fnt\n|-heal|p1b: Okidogi|57\/100|[from] drain|[of] p2b: Chi-Yu\n|faint|p2b: Chi-Yu\n|move|p2a: Iron Hands|Drain Punch|p1a: Fezandipiti\n|-resisted|p1a: Fezandipiti\n|-damage|p1a: Fezandipiti|39\/100\n|-heal|p2a: Iron Hands|99\/100 tox|[from] drain|[of] p1a: Fezandipiti\n|\n|-heal|p1a: Fezandipiti|45\/100|[from] item: Black Sludge\n|-heal|p2a: Iron Hands|100\/100 tox|[from] item: Leftovers\n|-damage|p2a: Iron Hands|88\/100 tox|[from] psn\n|upkeep\n|\n|t:|1697522072\n|switch|p2b: Sinistcha|Sinistcha-Masterpiece|100\/100\n|-heal|p2a: Iron Hands|100\/100 tox|[from] ability: Hospitality|[of] p2b: Sinistcha\n|turn|4\n|inactive|pxrwxhnzwnpy has 120 seconds left.\n|\n|t:|1697522088\n|move|p1a: Fezandipiti|Icy Wind|p2b: Sinistcha|[spread] p2a,p2b\n|-supereffective|p2b: Sinistcha\n|-damage|p2a: Iron Hands|94\/100 tox\n|-damage|p2b: Sinistcha|85\/100\n|-unboost|p2a: Iron Hands|spe|1\n|-unboost|p2b: Sinistcha|spe|1\n|move|p1b: Okidogi|Knock Off|p2b: Sinistcha\n|-supereffective|p2b: Sinistcha\n|-damage|p2b: Sinistcha|42\/100\n|-damage|p1b: Okidogi|40\/100|[from] item: Rocky Helmet|[of] p2b: Sinistcha\n|-status|p2b: Sinistcha|tox|[from] ability: Toxic Chain|[of] p1b: Okidogi\n|-enditem|p2b: Sinistcha|Rocky Helmet|[from] move: Knock Off|[of] p1b: Okidogi\n|move|p2a: Iron Hands|Drain Punch|p1a: Fezandipiti\n|-resisted|p1a: Fezandipiti\n|-damage|p1a: Fezandipiti|34\/100\n|-heal|p2a: Iron Hands|98\/100 tox|[from] drain|[of] p1a: Fezandipiti\n|move|p2b: Sinistcha|Trick Room|p2b: Sinistcha\n|-fieldstart|move: Trick Room|[of] p2b: Sinistcha\n|\n|-heal|p2a: Iron Hands|100\/100 tox|[from] item: Leftovers\n|-heal|p1a: Fezandipiti|40\/100|[from] item: Black Sludge\n|-damage|p2a: Iron Hands|82\/100 tox|[from] psn\n|-damage|p2b: Sinistcha|35\/100 tox|[from] psn\n|upkeep\n|turn|5\n|\n|t:|1697522107\n|switch|p1b: Landorus|Landorus-Therian, M|100\/100\n|-ability|p1b: Landorus|Intimidate|boost\n|-unboost|p2a: Iron Hands|atk|1\n|-unboost|p2b: Sinistcha|atk|1\n|move|p2a: Iron Hands|Drain Punch|p1a: Fezandipiti\n|-resisted|p1a: Fezandipiti\n|-damage|p1a: Fezandipiti|32\/100\n|-heal|p2a: Iron Hands|85\/100 tox|[from] drain|[of] p1a: Fezandipiti\n|move|p2b: Sinistcha|Matcha Gotcha|p1b: Landorus|[spread] p1a\n|-miss|p2b: Sinistcha|p1b: Landorus\n|-resisted|p1a: Fezandipiti\n|-damage|p1a: Fezandipiti|23\/100\n|-heal|p2b: Sinistcha|40\/100 tox|[from] drain|[of] p1a: Fezandipiti\n|move|p1a: Fezandipiti|Roost|p1a: Fezandipiti\n|-heal|p1a: Fezandipiti|73\/100\n|-singleturn|p1a: Fezandipiti|move: Roost\n|\n|-heal|p2a: Iron Hands|91\/100 tox|[from] item: Leftovers\n|-heal|p1a: Fezandipiti|79\/100|[from] item: Black Sludge\n|-damage|p2a: Iron Hands|67\/100 tox|[from] psn\n|-damage|p2b: Sinistcha|28\/100 tox|[from] psn\n|upkeep\n|turn|6\n|inactive|Connman361 has 120 seconds left.\n|\n|t:|1697522154\n|switch|p1b: Iron Bundle|Iron Bundle|100\/100\n|move|p2a: Iron Hands|Swords Dance|p2a: Iron Hands\n|-boost|p2a: Iron Hands|atk|2\n|move|p2b: Sinistcha|Strength Sap|p1b: Iron Bundle\n|-unboost|p1b: Iron Bundle|atk|1\n|-heal|p2b: Sinistcha|79\/100 tox\n|move|p1a: Fezandipiti|Dazzling Gleam|p2b: Sinistcha|[spread] p2a,p2b\n|-supereffective|p2a: Iron Hands\n|-crit|p2a: Iron Hands\n|-damage|p2a: Iron Hands|25\/100 tox\n|-damage|p2b: Sinistcha|63\/100 tox\n|\n|-heal|p2a: Iron Hands|31\/100 tox|[from] item: Leftovers\n|-heal|p1a: Fezandipiti|85\/100|[from] item: Black Sludge\n|-damage|p2a: Iron Hands|0 fnt|[from] psn\n|faint|p2a: Iron Hands\n|-end|p2a: Iron Hands|Quark Drive|[silent]\n|-damage|p2b: Sinistcha|45\/100 tox|[from] psn\n|upkeep\n|\n|t:|1697522166\n|switch|p2a: Torkoal|Torkoal, M|100\/100\n|-weather|SunnyDay|[from] ability: Drought|[of] p2a: Torkoal\n|turn|7\n|inactive|Connman361 has 120 seconds left.\n|inactive|Connman361 has 90 seconds left.\n|inactive|Connman361 has 60 seconds left.\n|\n|t:|1697522250\n|-end|p1b: Iron Bundle|Quark Drive|[silent]\n|switch|p1b: Landorus|Landorus-Therian, M|100\/100\n|-ability|p1b: Landorus|Intimidate|boost\n|-unboost|p2a: Torkoal|atk|1\n|-unboost|p2b: Sinistcha|atk|1\n|-terastallize|p2a: Torkoal|Fire\n|move|p2a: Torkoal|Eruption|p1b: Landorus|[spread] p1a,p1b\n|-damage|p1a: Fezandipiti|0 fnt\n|-damage|p1b: Landorus|0 fnt\n|faint|p1a: Fezandipiti\n|faint|p1b: Landorus\n|move|p2b: Sinistcha|Strength Sap|p1: Fezandipiti|[notarget]\n|-fail|p2b: Sinistcha\n|\n|-weather|SunnyDay|[upkeep]\n|-damage|p2b: Sinistcha|21\/100 tox|[from] psn\n|upkeep\n|\n|t:|1697522262\n|switch|p1b: Kingambit|Kingambit, F, tera:Dark|29\/100\n|switch|p1a: Rillaboom|Rillaboom, F|100\/100\n|-fieldstart|move: Grassy Terrain|[from] ability: Grassy Surge|[of] p1a: Rillaboom\n|turn|8\n|\n|t:|1697522278\n|move|p1a: Rillaboom|Fake Out|p2a: Torkoal\n|-damage|p2a: Torkoal|90\/100\n|cant|p2a: Torkoal|flinch\n|move|p2b: Sinistcha|Strength Sap|p1a: Rillaboom\n|-unboost|p1a: Rillaboom|atk|1\n|-heal|p2b: Sinistcha|100\/100 tox\n|move|p1b: Kingambit|Swords Dance|p1b: Kingambit\n|-boost|p1b: Kingambit|atk|2\n|\n|-weather|SunnyDay|[upkeep]\n|-heal|p2a: Torkoal|96\/100|[from] Grassy Terrain\n|-heal|p1b: Kingambit|35\/100|[from] Grassy Terrain\n|-damage|p2b: Sinistcha|70\/100 tox|[from] psn\n|-fieldend|move: Trick Room\n|upkeep\n|turn|9\n|inactive|Connman361 has 90 seconds left.\n|\n|t:|1697522310\n|move|p1b: Kingambit|Sucker Punch|p2a: Torkoal\n|-damage|p2a: Torkoal|0 fnt\n|faint|p2a: Torkoal\n|move|p1a: Rillaboom|U-turn|p2b: Sinistcha\n|-damage|p2b: Sinistcha|59\/100 tox\n|\n|t:|1697522317\n|switch|p1a: Iron Bundle|Iron Bundle|100\/100|[from] U-turn\n|move|p2b: Sinistcha|Trick Room|p2b: Sinistcha\n|-fieldstart|move: Trick Room|[of] p2b: Sinistcha\n|\n|-weather|SunnyDay|[upkeep]\n|-heal|p2b: Sinistcha|65\/100 tox|[from] Grassy Terrain\n|-heal|p1b: Kingambit|42\/100|[from] Grassy Terrain\n|-damage|p2b: Sinistcha|28\/100 tox|[from] psn\n|upkeep\n|\n|t:|1697522320\n|switch|p2a: Flutter Mane|Flutter Mane|100\/100\n|-activate|p2a: Flutter Mane|ability: Protosynthesis\n|-start|p2a: Flutter Mane|protosynthesisspa\n|turn|10\n|\n|t:|1697522329\n|move|p2a: Flutter Mane|Protect|p2a: Flutter Mane\n|-singleturn|p2a: Flutter Mane|Protect\n|move|p1b: Kingambit|Sucker Punch||[still]\n|-fail|p1b: Kingambit\n|move|p1a: Iron Bundle|Freeze-Dry|p2b: Sinistcha\n|-supereffective|p2b: Sinistcha\n|-damage|p2b: Sinistcha|0 fnt\n|faint|p2b: Sinistcha\n|\n|-weather|SunnyDay|[upkeep]\n|-heal|p1b: Kingambit|48\/100|[from] Grassy Terrain\n|upkeep\n|turn|11\n|-message|pxrwxhnzwnpy forfeited.\n|\n|win|Connman361\n|raw|Connman361's rating: 1500 &rarr; <strong>1521<\/strong><br \/>(+21 for winning)\n|raw|pxrwxhnzwnpy's rating: 1524 &rarr; <strong>1503<\/strong><br \/>(-21 for losing)\n|l|\u2606pxrwxhnzwnpy\n","uploadtime":1697522343,"views":18,"p1id":"connman361","p2id":"pxrwxhnzwnpy","formatid":"gen9doublesou","rating":1503,"private":0,"password":""}