{"id":"gen9doublesou-1998346437","p1":"sebasariaas","p2":"hysali30","format":"[Gen 9] Doubles OU","log":"|j|\u2606sebasariaas\n|j|\u2606hysali30\n|t:|1700932066\n|gametype|doubles\n|player|p1|sebasariaas|265|1052\n|player|p2|hysali30|dancer|1092\n|teamsize|p1|6\n|teamsize|p2|6\n|gen|9\n|tier|[Gen 9] Doubles OU\n|rated|\n|rule|Species Clause: Limit one of each Pok\u00e9mon\n|rule|OHKO Clause: OHKO moves are banned\n|rule|Evasion Moves Clause: Evasion moves are banned\n|rule|Gravity Sleep Clause: The combination of sleep-inducing moves with imperfect accuracy and Gravity or Gigantamax Orbeetle are banned\n|rule|Endless Battle Clause: Forcing endless battles is banned\n|rule|HP Percentage Mod: HP is shown in percentages\n|clearpoke\n|poke|p1|Corviknight, F|\n|poke|p1|Cinderace, F|\n|poke|p1|Grimmsnarl, M|\n|poke|p1|Landorus-Therian, M|\n|poke|p1|Rillaboom, M|\n|poke|p1|Amoonguss, M|\n|poke|p2|Yanmega, F|\n|poke|p2|Amoonguss, F|\n|poke|p2|Scyther, M|\n|poke|p2|Ceruledge, M|\n|poke|p2|Heatran, M|\n|poke|p2|Maushold|\n|teampreview\n|inactive|Battle timer is ON: inactive players will automatically lose when time's up. (requested by hysali30)\n|\n|t:|1700932075\n|start\n|switch|p1a: Corviknight|Corviknight, F, shiny|100\/100\n|switch|p1b: Cinderace|Cinderace, F|100\/100\n|switch|p2a: Yanmega|Yanmega, F, shiny|100\/100\n|switch|p2b: Ceruledge|Ceruledge, M|100\/100\n|-ability|p1a: Corviknight|Unnerve\n|turn|1\n|\n|t:|1700932098\n|switch|p2a: Heatran|Heatran, M|100\/100\n|-terastallize|p1a: Corviknight|Electric\n|move|p1b: Cinderace|Pyro Ball|p2a: Heatran\n|-start|p2a: Heatran|ability: Flash Fire\n|move|p2b: Ceruledge|Swords Dance|p2b: Ceruledge\n|-boost|p2b: Ceruledge|atk|2\n|move|p1a: Corviknight|Tailwind|p1a: Corviknight\n|-sidestart|p1: sebasariaas|move: Tailwind\n|\n|upkeep\n|turn|2\n|\n|t:|1700932121\n|-terastallize|p2b: Ceruledge|Fire\n|move|p1b: Cinderace|High Jump Kick|p2a: Heatran|[miss]\n|-start|p1b: Cinderace|typechange|Fighting|[from] ability: Libero\n|-miss|p1b: Cinderace|p2a: Heatran\n|-damage|p1b: Cinderace|51\/100|[from] highjumpkick\n|move|p1a: Corviknight|U-turn|p2b: Ceruledge\n|-resisted|p2b: Ceruledge\n|-damage|p2b: Ceruledge|91\/100\n|c|\u2606hysali30|Oop\n|\n|t:|1700932135\n|switch|p1a: Landorus|Landorus-Therian, M|100\/100|[from] U-turn\n|-ability|p1a: Landorus|Intimidate|boost\n|-unboost|p2a: Heatran|atk|1\n|-unboost|p2b: Ceruledge|atk|1\n|move|p2b: Ceruledge|Bitter Blade|p1b: Cinderace\n|-damage|p1b: Cinderace|0 fnt\n|-heal|p2b: Ceruledge|100\/100|[from] drain|[of] p1b: Cinderace\n|faint|p1b: Cinderace\n|-damage|p2b: Ceruledge|91\/100|[from] item: Life Orb\n|move|p2a: Heatran|Earth Power|p1a: Landorus\n|-immune|p1a: Landorus\n|\n|upkeep\n|\n|t:|1700932140\n|switch|p1b: Corviknight|Corviknight, F, shiny, tera:Electric|100\/100\n|-ability|p1b: Corviknight|Unnerve\n|turn|3\n|\n|t:|1700932161\n|-end|p2a: Heatran|ability: Flash Fire|[silent]\n|switch|p2a: Yanmega|Yanmega, F, shiny|100\/100\n|move|p1b: Corviknight|Protect|p1b: Corviknight\n|-singleturn|p1b: Corviknight|Protect\n|move|p1a: Landorus|Stomping Tantrum|p2a: Yanmega\n|-immune|p2a: Yanmega\n|move|p2b: Ceruledge|Bitter Blade|p1a: Landorus\n|-damage|p1a: Landorus|0 fnt\n|-heal|p2b: Ceruledge|100\/100|[from] drain|[of] p1a: Landorus\n|faint|p1a: Landorus\n|-damage|p2b: Ceruledge|91\/100|[from] item: Life Orb\n|\n|upkeep\n|\n|t:|1700932172\n|switch|p1a: Rillaboom|Rillaboom, M|100\/100\n|-fieldstart|move: Grassy Terrain|[from] ability: Grassy Surge|[of] p1a: Rillaboom\n|turn|4\n|\n|t:|1700932184\n|move|p1a: Rillaboom|Knock Off|p2b: Ceruledge\n|-damage|p2b: Ceruledge|36\/100\n|-enditem|p2b: Ceruledge|Life Orb|[from] move: Knock Off|[of] p1a: Rillaboom\n|move|p1b: Corviknight|U-turn|p2a: Yanmega\n|-resisted|p2a: Yanmega\n|-damage|p2a: Yanmega|92\/100\n|\n|t:|1700932188\n|switch|p1b: Grimmsnarl|Grimmsnarl, M|100\/100|[from] U-turn\n|move|p2b: Ceruledge|Bitter Blade|p1b: Grimmsnarl\n|-damage|p1b: Grimmsnarl|0 fnt\n|-heal|p2b: Ceruledge|100\/100|[from] drain|[of] p1b: Grimmsnarl\n|faint|p1b: Grimmsnarl\n|move|p2a: Yanmega|Swords Dance|p2a: Yanmega\n|-boost|p2a: Yanmega|atk|2\n|\n|-sideend|p1: sebasariaas|move: Tailwind\n|-ability|p2a: Yanmega|Speed Boost|boost\n|-boost|p2a: Yanmega|spe|1\n|upkeep\n|\n|t:|1700932192\n|switch|p1b: Corviknight|Corviknight, F, shiny, tera:Electric|100\/100\n|-ability|p1b: Corviknight|Unnerve\n|turn|5\n|\n|t:|1700932203\n|move|p2a: Yanmega|Leech Life|p1a: Rillaboom\n|-supereffective|p1a: Rillaboom\n|-damage|p1a: Rillaboom|0 fnt\n|-heal|p2a: Yanmega|100\/100|[from] drain|[of] p1a: Rillaboom\n|faint|p1a: Rillaboom\n|-damage|p2a: Yanmega|91\/100|[from] item: Life Orb\n|move|p2b: Ceruledge|Bitter Blade|p1b: Corviknight\n|-damage|p1b: Corviknight|30\/100\n|move|p1b: Corviknight|Tailwind|p1b: Corviknight\n|-sidestart|p1: sebasariaas|move: Tailwind\n|\n|-heal|p1b: Corviknight|36\/100|[from] Grassy Terrain\n|-heal|p1b: Corviknight|42\/100|[from] item: Leftovers\n|-ability|p2a: Yanmega|Speed Boost|boost\n|-boost|p2a: Yanmega|spe|1\n|upkeep\n|\n|t:|1700932210\n|switch|p1a: Amoonguss|Amoonguss, M|100\/100\n|turn|6\n|c|\u2606hysali30|Gg\n|\n|t:|1700932230\n|move|p2a: Yanmega|Leech Life|p1a: Amoonguss\n|-damage|p1a: Amoonguss|33\/100\n|-heal|p2a: Yanmega|100\/100|[from] drain|[of] p1a: Amoonguss\n|-damage|p2a: Yanmega|91\/100|[from] item: Life Orb\n|move|p1b: Corviknight|U-turn|p2a: Yanmega\n|-resisted|p2a: Yanmega\n|-damage|p2a: Yanmega|82\/100\n|move|p2b: Ceruledge|Bitter Blade|p1b: Corviknight\n|-damage|p1b: Corviknight|0 fnt\n|faint|p1b: Corviknight\n|move|p1a: Amoonguss|Toxic|p2a: Yanmega\n|-status|p2a: Yanmega|tox\n|\n|-heal|p1a: Amoonguss|39\/100|[from] Grassy Terrain\n|-heal|p1a: Amoonguss|45\/100|[from] item: Leftovers\n|-damage|p2a: Yanmega|76\/100 tox|[from] psn\n|-ability|p2a: Yanmega|Speed Boost|boost\n|-boost|p2a: Yanmega|spe|1\n|upkeep\n|turn|7\n|\n|t:|1700932238\n|move|p2a: Yanmega|Leech Life|p1a: Amoonguss\n|-damage|p1a: Amoonguss|0 fnt\n|-heal|p2a: Yanmega|100\/100 tox|[from] drain|[of] p1a: Amoonguss\n|faint|p1a: Amoonguss\n|-damage|p2a: Yanmega|91\/100 tox|[from] item: Life Orb\n|\n|win|hysali30\n|raw|sebasariaas's rating: 1052 &rarr; <strong>1036<\/strong><br \/>(-16 for losing)\n|raw|hysali30's rating: 1092 &rarr; <strong>1115<\/strong><br \/>(+23 for winning)\n|l|\u2606sebasariaas\n","uploadtime":1700932243,"views":10,"p1id":"sebasariaas","p2id":"hysali30","formatid":"gen9doublesou","rating":1036,"private":0,"password":""}