{"id":"gen9doublesou-1971462830","p1":"chaddy18","p2":"Devrick Mundle","format":"[Gen 9] Doubles OU","log":"|j|\u2606chaddy18\n|j|\u2606Devrick Mundle\n|t:|1697740431\n|gametype|doubles\n|player|p1|chaddy18|medium|1248\n|player|p2|Devrick Mundle|2|1306\n|teamsize|p1|6\n|teamsize|p2|6\n|gen|9\n|tier|[Gen 9] Doubles OU\n|rated|\n|rule|Species Clause: Limit one of each Pok\u00e9mon\n|rule|OHKO Clause: OHKO moves are banned\n|rule|Evasion Moves Clause: Evasion moves are banned\n|rule|Gravity Sleep Clause: The combination of sleep-inducing moves with imperfect accuracy and Gravity or Gigantamax Orbeetle are banned\n|rule|Endless Battle Clause: Forcing endless battles is banned\n|rule|HP Percentage Mod: HP is shown in percentages\n|clearpoke\n|poke|p1|Glimmora, F|\n|poke|p1|Kleavor, F|\n|poke|p1|Goodra-Hisui, F|\n|poke|p1|Samurott-Hisui, F|\n|poke|p1|Mew|\n|poke|p1|Ting-Lu|\n|poke|p2|Farigiraf, F|\n|poke|p2|Amoonguss, F|\n|poke|p2|Dragapult, F|\n|poke|p2|Rillaboom, F|\n|poke|p2|Heatran, M|\n|poke|p2|Chien-Pao|\n|teampreview\n|inactive|Battle timer is ON: inactive players will automatically lose when time's up. (requested by chaddy18)\n|\n|t:|1697740454\n|start\n|switch|p1a: Kleavor|Kleavor, F, shiny|100\/100\n|switch|p1b: Samurott|Samurott-Hisui, F|100\/100\n|switch|p2a: Farigiraf|Farigiraf, F, shiny|100\/100\n|switch|p2b: Rillaboom|Rillaboom, F|100\/100\n|-fieldstart|move: Grassy Terrain|[from] ability: Grassy Surge|[of] p2b: Rillaboom\n|-enditem|p2b: Rillaboom|Grassy Seed\n|-boost|p2b: Rillaboom|def|1|[from] item: Grassy Seed\n|turn|1\n|inactive|chaddy18 has 120 seconds left.\n|\n|t:|1697740506\n|-terastallize|p2a: Farigiraf|Fairy\n|move|p2b: Rillaboom|Fake Out|p1a: Kleavor\n|-resisted|p1a: Kleavor\n|-damage|p1a: Kleavor|91\/100\n|cant|p1a: Kleavor|flinch\n|move|p1b: Samurott|Ceaseless Edge|p2a: Farigiraf\n|-resisted|p2a: Farigiraf\n|-damage|p2a: Farigiraf|73\/100\n|-sidestart|p2: Devrick Mundle|Spikes\n|move|p2a: Farigiraf|Trick Room|p2a: Farigiraf\n|-fieldstart|move: Trick Room|[of] p2a: Farigiraf\n|\n|-heal|p2a: Farigiraf|79\/100|[from] Grassy Terrain\n|-heal|p1a: Kleavor|97\/100|[from] Grassy Terrain\n|upkeep\n|turn|2\n|inactive|chaddy18 has 120 seconds left.\n|\n|t:|1697740525\n|move|p1a: Kleavor|Protect|p1a: Kleavor\n|-singleturn|p1a: Kleavor|Protect\n|move|p2a: Farigiraf|Dazzling Gleam|p1a: Kleavor|[spread] p1b\n|-activate|p1a: Kleavor|move: Protect\n|-supereffective|p1b: Samurott\n|-damage|p1b: Samurott|17\/100\n|move|p2b: Rillaboom|Wood Hammer|p1b: Samurott\n|-supereffective|p1b: Samurott\n|-damage|p1b: Samurott|0 fnt\n|faint|p1b: Samurott\n|-damage|p2b: Rillaboom|96\/100|[from] Recoil\n|\n|-heal|p2a: Farigiraf|85\/100|[from] Grassy Terrain\n|-heal|p2b: Rillaboom|100\/100|[from] Grassy Terrain\n|-heal|p1a: Kleavor|100\/100|[from] Grassy Terrain\n|upkeep\n|\n|t:|1697740547\n|switch|p1b: Mew|Mew, shiny|100\/100\n|turn|3\n|\n|t:|1697740562\n|switch|p1a: Glimmora|Glimmora, F|100\/100\n|move|p2a: Farigiraf|Dazzling Gleam|p1b: Mew|[spread] p1a,p1b\n|-resisted|p1a: Glimmora\n|-damage|p1a: Glimmora|83\/100\n|-damage|p1b: Mew|80\/100\n|-enditem|p1b: Mew|Red Card|[of] p2a: Farigiraf\n|drag|p2a: Amoonguss|Amoonguss, F|100\/100\n|-damage|p2a: Amoonguss|88\/100|[from] Spikes\n|move|p2b: Rillaboom|Wood Hammer|p1b: Mew\n|-damage|p1b: Mew|20\/100\n|-damage|p2b: Rillaboom|81\/100|[from] Recoil\n|move|p1b: Mew|Toxic Spikes|p2b: Rillaboom\n|-sidestart|p2: Devrick Mundle|move: Toxic Spikes\n|\n|-heal|p2a: Amoonguss|94\/100|[from] Grassy Terrain\n|-heal|p2a: Amoonguss|100\/100|[from] item: Leftovers\n|-heal|p2b: Rillaboom|87\/100|[from] Grassy Terrain\n|-heal|p1a: Glimmora|89\/100|[from] Grassy Terrain\n|-heal|p1b: Mew|26\/100|[from] Grassy Terrain\n|upkeep\n|turn|4\n|inactive|chaddy18 has 120 seconds left.\n|\n|t:|1697740587\n|move|p2a: Amoonguss|Spore|p1a: Glimmora\n|-status|p1a: Glimmora|slp|[from] move: Spore\n|move|p2b: Rillaboom|Wood Hammer|p1b: Mew\n|-damage|p1b: Mew|0 fnt\n|faint|p1b: Mew\n|-damage|p2b: Rillaboom|78\/100|[from] Recoil\n|cant|p1a: Glimmora|slp\n|\n|-heal|p2b: Rillaboom|85\/100|[from] Grassy Terrain\n|-heal|p1a: Glimmora|95\/100 slp|[from] Grassy Terrain\n|upkeep\n|\n|t:|1697740599\n|switch|p1b: Kleavor|Kleavor, F, shiny|100\/100\n|turn|5\n|\n|t:|1697740608\n|move|p1b: Kleavor|Protect|p1b: Kleavor\n|-singleturn|p1b: Kleavor|Protect\n|move|p2a: Amoonguss|Spore|p1b: Kleavor\n|-activate|p1b: Kleavor|move: Protect\n|move|p2b: Rillaboom|Wood Hammer|p1b: Kleavor\n|-activate|p1b: Kleavor|move: Protect\n|cant|p1a: Glimmora|slp\n|\n|-heal|p2b: Rillaboom|91\/100|[from] Grassy Terrain\n|-heal|p1a: Glimmora|100\/100 slp|[from] Grassy Terrain\n|-fieldend|move: Trick Room\n|-fieldend|move: Grassy Terrain\n|upkeep\n|turn|6\n|\n|t:|1697740627\n|switch|p2b: Heatran|Heatran, M|100\/100\n|-item|p2b: Heatran|Air Balloon\n|move|p1b: Kleavor|Stone Axe|p2b: Heatran\n|-damage|p2b: Heatran|49\/100\n|-enditem|p2b: Heatran|Air Balloon\n|-sidestart|p2: Devrick Mundle|move: Stealth Rock\n|-curestatus|p1a: Glimmora|slp|[msg]\n|move|p1a: Glimmora|Spikes|p2a: Amoonguss\n|-sidestart|p2: Devrick Mundle|Spikes\n|move|p2a: Amoonguss|Spore|p1b: Kleavor\n|-status|p1b: Kleavor|slp|[from] move: Spore\n|\n|upkeep\n|turn|7\n|c|\u2606chaddy18|sporing is boring\n|inactive|chaddy18 has 120 seconds left.\n|c|\u2606chaddy18|there is no greater lameness in this game\n|\n|t:|1697740667\n|move|p2b: Heatran|Protect|p2b: Heatran\n|-singleturn|p2b: Heatran|Protect\n|cant|p1b: Kleavor|slp\n|move|p1a: Glimmora|Spikes|p2b: Heatran\n|-sidestart|p2: Devrick Mundle|Spikes\n|move|p2a: Amoonguss|Spore|p1a: Glimmora\n|-status|p1a: Glimmora|slp|[from] move: Spore\n|\n|upkeep\n|turn|8\n|inactive|chaddy18 has 120 seconds left.\n|c|\u2606chaddy18|like....are YOU having fun when everyone's asleep?\n|\n|t:|1697740697\n|cant|p1b: Kleavor|slp\n|cant|p1a: Glimmora|slp\n|move|p2b: Heatran|Flash Cannon|p1b: Kleavor\n|-supereffective|p1b: Kleavor\n|-enditem|p1b: Kleavor|Focus Sash\n|-damage|p1b: Kleavor|1\/100 slp\n|move|p2a: Amoonguss|Pollen Puff|p2b: Heatran\n|-heal|p2b: Heatran|99\/100\n|\n|upkeep\n|turn|9\n|inactive|chaddy18 has 120 seconds left.\n|\n|t:|1697740716\n|cant|p1b: Kleavor|slp\n|cant|p1a: Glimmora|slp\n|move|p2b: Heatran|Flash Cannon|p1a: Glimmora\n|-supereffective|p1a: Glimmora\n|-enditem|p1a: Glimmora|Focus Sash\n|-damage|p1a: Glimmora|1\/100 slp\n|move|p2a: Amoonguss|Pollen Puff|p2b: Heatran\n|-heal|p2b: Heatran|100\/100\n|\n|upkeep\n|turn|10\n|\n|t:|1697740735\n|-curestatus|p1b: Kleavor|slp|[msg]\n|move|p1b: Kleavor|Stone Axe|p2b: Heatran\n|-damage|p2b: Heatran|54\/100\n|cant|p1a: Glimmora|slp\n|move|p2b: Heatran|Heat Wave|p1b: Kleavor|[spread] p1a,p1b\n|-resisted|p1a: Glimmora\n|-damage|p1a: Glimmora|0 fnt\n|-damage|p1b: Kleavor|0 fnt\n|faint|p1a: Glimmora\n|faint|p1b: Kleavor\n|move|p2a: Amoonguss|Pollen Puff|p2b: Heatran\n|-heal|p2b: Heatran|100\/100\n|\n|upkeep\n|\n|t:|1697740749\n|switch|p1b: Ting-Lu|Ting-Lu|100\/100\n|switch|p1a: Goodra|Goodra-Hisui, F|100\/100\n|-ability|p1b: Ting-Lu|Vessel of Ruin\n|turn|11\n|\n|t:|1697740760\n|move|p2b: Heatran|Protect|p2b: Heatran\n|-singleturn|p2b: Heatran|Protect\n|move|p1a: Goodra|Protect|p1a: Goodra\n|-singleturn|p1a: Goodra|Protect\n|move|p2a: Amoonguss|Spore|p1b: Ting-Lu\n|-status|p1b: Ting-Lu|slp|[from] move: Spore\n|cant|p1b: Ting-Lu|slp\n|\n|upkeep\n|turn|12\n|c|\u2606chaddy18|this is NOT fun\n|c|\u2606chaddy18|or good gameplay\n|c|\u2606chaddy18|this is aggressively anti-fun\n|inactive|chaddy18 has 120 seconds left.\n|\n|t:|1697740796\n|move|p2a: Amoonguss|Rage Powder|p2a: Amoonguss\n|-singleturn|p2a: Amoonguss|move: Rage Powder\n|move|p2b: Heatran|Heat Wave|p1a: Goodra|[spread] p1a,p1b\n|-damage|p1a: Goodra|79\/100\n|-damage|p1b: Ting-Lu|79\/100 slp\n|-enditem|p1a: Goodra|Red Card|[of] p2b: Heatran\n|drag|p2b: Chien-Pao|Chien-Pao|100\/100\n|-damage|p2b: Chien-Pao|76\/100|[from] Spikes\n|-status|p2b: Chien-Pao|psn\n|-damage|p2b: Chien-Pao|51\/100 psn|[from] Stealth Rock\n|-ability|p2b: Chien-Pao|Sword of Ruin\n|move|p1a: Goodra|Dragon Tail|p2a: Amoonguss\n|-damage|p2a: Amoonguss|74\/100\n|drag|p2a: Dragapult|Dragapult, F|100\/100\n|-damage|p2a: Dragapult|76\/100|[from] Spikes\n|-status|p2a: Dragapult|psn\n|-damage|p2a: Dragapult|63\/100 psn|[from] Stealth Rock\n|cant|p1b: Ting-Lu|slp\n|\n|-heal|p1b: Ting-Lu|85\/100 slp|[from] item: Leftovers\n|-damage|p2a: Dragapult|51\/100 psn|[from] psn\n|-damage|p2b: Chien-Pao|38\/100 psn|[from] psn\n|upkeep\n|turn|13\n|inactive|chaddy18 has 120 seconds left.\n|\n|t:|1697740830\n|move|p1a: Goodra|Protect|p1a: Goodra\n|-singleturn|p1a: Goodra|Protect\n|move|p2a: Dragapult|Dragon Darts|p1b: Ting-Lu\n|-damage|p1b: Ting-Lu|70\/100 slp\n|-anim|p2a: Dragapult|Dragon Darts|p1b: Ting-Lu\n|-damage|p1b: Ting-Lu|52\/100 slp\n|move|p2b: Chien-Pao|Brick Break|p1b: Ting-Lu\n|-supereffective|p1b: Ting-Lu\n|-damage|p1b: Ting-Lu|15\/100 slp\n|cant|p1b: Ting-Lu|slp\n|\n|-heal|p1b: Ting-Lu|21\/100 slp|[from] item: Leftovers\n|-damage|p2a: Dragapult|39\/100 psn|[from] psn\n|-damage|p2b: Chien-Pao|26\/100 psn|[from] psn\n|upkeep\n|turn|14\n|inactive|chaddy18 has 120 seconds left.\n|\n|t:|1697740856\n|move|p2a: Dragapult|Dragon Darts|p1b: Ting-Lu\n|-damage|p1b: Ting-Lu|5\/100 slp\n|-anim|p2a: Dragapult|Dragon Darts|p1a: Goodra\n|-damage|p1a: Goodra|53\/100\n|move|p2b: Chien-Pao|Brick Break|p1a: Goodra\n|-supereffective|p1a: Goodra\n|-damage|p1a: Goodra|0 fnt\n|faint|p1a: Goodra\n|-curestatus|p1b: Ting-Lu|slp|[msg]\n|move|p1b: Ting-Lu|Whirlwind|p2b: Chien-Pao\n|drag|p2b: Amoonguss|Amoonguss, F|100\/100\n|-damage|p2b: Amoonguss|75\/100|[from] Spikes\n|-sideend|p2: Devrick Mundle|move: Toxic Spikes|[of] p2b: Amoonguss\n|-damage|p2b: Amoonguss|63\/100|[from] Stealth Rock\n|\n|-heal|p1b: Ting-Lu|11\/100|[from] item: Leftovers\n|-heal|p2b: Amoonguss|69\/100|[from] item: Leftovers\n|-damage|p2a: Dragapult|26\/100 psn|[from] psn\n|upkeep\n|turn|15\n|inactive|chaddy18 has 120 seconds left.\n|c|\u2606chaddy18|never been more annoyed in my whole life\n|c|\u2606chaddy18|you don't deserve the W\n|c|\u2606chaddy18|gg bye\n|inactive|chaddy18 has 90 seconds left.\n|inactive|chaddy18 has 60 seconds left.\n|inactive|chaddy18 has 30 seconds left.\n|inactive|chaddy18 has 20 seconds left.\n|inactive|chaddy18 has 15 seconds left.\n|inactive|chaddy18 has 10 seconds left.\n|inactive|chaddy18 has 5 seconds left.\n|c|\u2606chaddy18|piece of sh--\n|-message|chaddy18 lost due to inactivity.\n|\n|win|Devrick Mundle\n|raw|chaddy18's rating: 1248 &rarr; <strong>1227<\/strong><br \/>(-21 for losing)\n|raw|Devrick Mundle's rating: 1306 &rarr; <strong>1323<\/strong><br \/>(+17 for winning)\n|l|\u2606chaddy18\n","uploadtime":1697741142,"views":15,"p1id":"chaddy18","p2id":"devrickmundle","formatid":"gen9doublesou","rating":1227,"private":0,"password":""}