{"id":"gen9doublesou-2000488668","p1":"MattCol","p2":"gonegeb","format":"[Gen 9] Doubles OU","log":"|j|\u2606MattCol\n|j|\u2606gonegeb\n|t:|1701199052\n|gametype|doubles\n|player|p1|MattCol|265|\n|player|p2|gonegeb|alain|\n|teamsize|p1|6\n|teamsize|p2|6\n|gen|9\n|tier|[Gen 9] Doubles OU\n|rule|Species Clause: Limit one of each Pok\u00e9mon\n|rule|OHKO Clause: OHKO moves are banned\n|rule|Evasion Moves Clause: Evasion moves are banned\n|rule|Gravity Sleep Clause: The combination of sleep-inducing moves with imperfect accuracy and Gravity or Gigantamax Orbeetle are banned\n|rule|Endless Battle Clause: Forcing endless battles is banned\n|rule|HP Percentage Mod: HP is shown in percentages\n|clearpoke\n|poke|p1|Quaquaval, M|\n|poke|p1|Baxcalibur, F|\n|poke|p1|Cinderace, M|\n|poke|p1|Slowbro-Galar, F|\n|poke|p1|Zarude-Dada|\n|poke|p1|Pelipper, M|\n|poke|p2|Lucario, M|\n|poke|p2|Umbreon, M|\n|poke|p2|Arcanine, F|\n|poke|p2|Maushold|\n|poke|p2|Ceruledge, M|\n|poke|p2|Torkoal, M|\n|teampreview\n|\n|t:|1701199090\n|start\n|switch|p1a: Cinderace|Cinderace, M|100\/100\n|switch|p1b: Slowbro|Slowbro-Galar, F|100\/100\n|switch|p2a: Obsidian|Ceruledge, M, shiny|100\/100\n|switch|p2b: The Meta|Torkoal, M, shiny|100\/100\n|-weather|SunnyDay|[from] ability: Drought|[of] p2b: The Meta\n|turn|1\n|\n|t:|1701199124\n|switch|p2b: Pryna|Arcanine, F, shiny|100\/100\n|-ability|p2b: Pryna|Intimidate|boost\n|-unboost|p1a: Cinderace|atk|1\n|-unboost|p1b: Slowbro|atk|1\n|move|p1a: Cinderace|U-turn|p2a: Obsidian\n|-start|p1a: Cinderace|typechange|Bug|[from] ability: Libero\n|-resisted|p2a: Obsidian\n|-damage|p2a: Obsidian|93\/100\n|-damage|p1a: Cinderace|91\/100|[from] item: Life Orb\n|\n|t:|1701199134\n|switch|p1a: Pelipper|Pelipper, M|100\/100|[from] U-turn\n|-weather|RainDance|[from] ability: Drizzle|[of] p1a: Pelipper\n|move|p2a: Obsidian|Bitter Blade|p1b: Slowbro\n|-damage|p1b: Slowbro|83\/100\n|-heal|p2a: Obsidian|100\/100|[from] drain|[of] p1b: Slowbro\n|move|p1b: Slowbro|Nasty Plot|p1b: Slowbro\n|-boost|p1b: Slowbro|spa|2\n|\n|-weather|RainDance|[upkeep]\n|upkeep\n|turn|2\n|-activate|p1b: Slowbro|ability: Quick Draw\n|\n|t:|1701199165\n|move|p2a: Obsidian|Protect|p2a: Obsidian\n|-singleturn|p2a: Obsidian|Protect\n|move|p1b: Slowbro|Shell Side Arm|p2a: Obsidian|[anim] Shell Side Arm Special\n|-activate|p2a: Obsidian|move: Protect\n|move|p2b: Pryna|Sunny Day|p2b: Pryna\n|-weather|SunnyDay\n|move|p1a: Pelipper|Rain Dance|p1a: Pelipper\n|-weather|RainDance\n|\n|-weather|RainDance|[upkeep]\n|upkeep\n|turn|3\n|-activate|p1b: Slowbro|ability: Quick Draw\n|\n|t:|1701199209\n|switch|p2a: Umbra|Umbreon, M, shiny|100\/100\n|move|p1b: Slowbro|Hydro Pump|p2a: Umbra|[miss]\n|-miss|p1b: Slowbro|p2a: Umbra\n|move|p2b: Pryna|Sunny Day|p2b: Pryna\n|-weather|SunnyDay\n|move|p1a: Pelipper|Hydro Pump|p2a: Umbra\n|-damage|p2a: Umbra|85\/100\n|\n|-weather|SunnyDay|[upkeep]\n|-heal|p2a: Umbra|91\/100|[from] item: Leftovers\n|upkeep\n|turn|4\n|\n|t:|1701199235\n|move|p2b: Pryna|Flare Blitz|p1b: Slowbro\n|-damage|p1b: Slowbro|22\/100\n|-damage|p2b: Pryna|80\/100|[from] Recoil\n|move|p2a: Umbra|Toxic|p1a: Pelipper\n|-status|p1a: Pelipper|tox\n|move|p1a: Pelipper|Tailwind|p1a: Pelipper\n|-sidestart|p1: MattCol|move: Tailwind\n|move|p1b: Slowbro|Shell Side Arm|p2b: Pryna|[anim] Shell Side Arm Special\n|-damage|p2b: Pryna|0 fnt\n|-hint|Special Shell Side Arm\n|faint|p2b: Pryna\n|\n|-weather|SunnyDay|[upkeep]\n|-heal|p2a: Umbra|97\/100|[from] item: Leftovers\n|-damage|p1a: Pelipper|94\/100 tox|[from] psn\n|upkeep\n|\n|t:|1701199249\n|switch|p2b: Obsidian|Ceruledge, M, shiny|100\/100\n|turn|5\n|\n|t:|1701199282\n|switch|p1b: Cinderace|Cinderace, M|91\/100\n|move|p2b: Obsidian|Protect|p2b: Obsidian\n|-singleturn|p2b: Obsidian|Protect\n|move|p1a: Pelipper|Rain Dance|p1a: Pelipper\n|-weather|RainDance\n|move|p2a: Umbra|Foul Play|p1b: Cinderace\n|-damage|p1b: Cinderace|19\/100\n|\n|-weather|RainDance|[upkeep]\n|-heal|p2a: Umbra|100\/100|[from] item: Leftovers\n|-damage|p1a: Pelipper|82\/100 tox|[from] psn\n|upkeep\n|turn|6\n|l|\u2606MattCol\n|player|p1|\n|\n|t:|1701199390\n|switch|p2a: The Meta|Torkoal, M, shiny|100\/100\n|-weather|SunnyDay|[from] ability: Drought|[of] p2a: The Meta\n|move|p2b: Obsidian|Shadow Sneak|p1b: Cinderace\n|-damage|p1b: Cinderace|0 fnt\n|faint|p1b: Cinderace\n|move|p1a: Pelipper|Hurricane|p2b: Obsidian\n|-damage|p2b: Obsidian|63\/100\n|\n|-weather|SunnyDay|[upkeep]\n|-damage|p1a: Pelipper|63\/100 tox|[from] psn\n|upkeep\n|j|\u2606MattCol\n|player|p1|MattCol|265\n|l|\u2606MattCol\n|player|p1|\n|j|\u2606MattCol\n|player|p1|MattCol|265\n|l|\u2606MattCol\n|player|p1|\n|j|\u2606MattCol\n|player|p1|MattCol|265\n|\n|t:|1701200260\n|switch|p1b: Zarude|Zarude-Dada|100\/100\n|turn|7\n|l|\u2606MattCol\n|player|p1|\n|l|\u2606gonegeb\n|player|p2|\n|j|\u2606MattCol\n|player|p1|MattCol|265\n|j|\u2606gonegeb\n|player|p2|gonegeb|alain\n|\n|t:|1701200864\n|switch|p2b: Howlite|Maushold|100\/100\n|move|p1b: Zarude|Power Whip|p2b: Howlite\n|-damage|p2b: Howlite|23\/100\n|-enditem|p2b: Howlite|Sitrus Berry|[eat]\n|-heal|p2b: Howlite|48\/100|[from] item: Sitrus Berry\n|-heal|p2b: Howlite|81\/100|[from] ability: Cheek Pouch\n|move|p1a: Pelipper|Rain Dance|p1a: Pelipper\n|-weather|RainDance\n|move|p2a: The Meta|Lava Plume|p1b: Zarude|[spread] p2b,p1a,p1b\n|-resisted|p1a: Pelipper\n|-supereffective|p1b: Zarude\n|-damage|p2b: Howlite|66\/100\n|-damage|p1a: Pelipper|54\/100 tox\n|-damage|p1b: Zarude|75\/100\n|-status|p1b: Zarude|brn\n|\n|-weather|RainDance|[upkeep]\n|-damage|p1a: Pelipper|29\/100 tox|[from] psn\n|-damage|p1b: Zarude|69\/100 brn|[from] brn\n|-sideend|p1: MattCol|move: Tailwind\n|upkeep\n|turn|8\n|\n|t:|1701200915\n|move|p2a: The Meta|Protect|p2a: The Meta\n|-singleturn|p2a: The Meta|Protect\n|move|p2b: Howlite|Encore|p1a: Pelipper\n|-start|p1a: Pelipper|Encore\n|move|p1b: Zarude|Drain Punch|p2a: The Meta\n|-activate|p2a: The Meta|move: Protect\n|move|p1a: Pelipper|Rain Dance||[still]\n|-fail|p1a: Pelipper\n|\n|-weather|RainDance|[upkeep]\n|-damage|p1a: Pelipper|0 fnt|[from] psn\n|faint|p1a: Pelipper\n|-damage|p1b: Zarude|63\/100 brn|[from] brn\n|upkeep\n|\n|t:|1701200918\n|switch|p1a: Slowbro|Slowbro-Galar, F|22\/100\n|turn|9\n|c|\u2606MattCol|Lmfao I\u2019m signed in as you on this ipad\n|c|\u2606MattCol|Gg\n|c|\u2606MattCol|(forfeits)\n|player|p1|\n|l|mattcol\n|l|\u2606gonegeb\n|player|p2|\n|j|\u2606gonegeb\n|player|p2|gonegeb|alain\n|\n|t:|1701201727\n|move|p2b: Howlite|Beat Up|p1a: Slowbro\n|-supereffective|p1a: Slowbro\n|-damage|p1a: Slowbro|18\/100\n|-supereffective|p1a: Slowbro\n|-damage|p1a: Slowbro|13\/100\n|-supereffective|p1a: Slowbro\n|-damage|p1a: Slowbro|9\/100\n|-supereffective|p1a: Slowbro\n|-damage|p1a: Slowbro|3\/100\n|-supereffective|p1a: Slowbro\n|-damage|p1a: Slowbro|0 fnt\n|faint|p1a: Slowbro\n|-hitcount|p1: Slowbro|5\n|move|p1b: Zarude|Jungle Healing|p1b: Zarude\n|-heal|p1b: Zarude|88\/100 brn\n|-curestatus|p1b: Zarude|brn|[msg]\n|move|p2a: The Meta|Sunny Day|p2a: The Meta\n|-weather|SunnyDay\n|\n|-weather|SunnyDay|[upkeep]\n|upkeep\n|c|\u2606gonegeb|lol\n|player|p1|MattCol|265\n|j|\u2606MattCol\n|c|\u2606MattCol|Wtf\n|\n|t:|1701201922\n|switch|p1a: Baxcalibur|Baxcalibur, F|100\/100\n|turn|10\n|\n|t:|1701201980\n|switch|p2a: Umbra|Umbreon, M, shiny|100\/100\n|-terastallize|p1a: Baxcalibur|Ground\n|move|p2b: Howlite|Encore|p1b: Zarude\n|-start|p1b: Zarude|Encore\n|move|p1b: Zarude|Jungle Healing|p1b: Zarude|[spread] p1a,p1b\n|-heal|p1b: Zarude|100\/100\n|move|p1a: Baxcalibur|Earthquake|p2a: Umbra|[spread] p1b,p2a,p2b\n|-resisted|p1b: Zarude\n|-damage|p1b: Zarude|81\/100\n|-damage|p2a: Umbra|74\/100\n|-damage|p2b: Howlite|7\/100\n|\n|-weather|SunnyDay|[upkeep]\n|-heal|p2a: Umbra|80\/100|[from] item: Leftovers\n|upkeep\n|turn|11\n|\n|t:|1701202025\n|switch|p2b: The Meta|Torkoal, M, shiny|100\/100\n|move|p1b: Zarude|Jungle Healing|p1b: Zarude|[spread] p1a,p1b\n|-heal|p1b: Zarude|100\/100\n|move|p1a: Baxcalibur|Earthquake|p2b: The Meta|[spread] p1b,p2a,p2b\n|-resisted|p1b: Zarude\n|-supereffective|p2b: The Meta\n|-damage|p1b: Zarude|81\/100\n|-damage|p2a: Umbra|55\/100\n|-damage|p2b: The Meta|35\/100\n|move|p2a: Umbra|Toxic|p1b: Zarude\n|-immune|p1b: Zarude|[from] ability: Leaf Guard\n|\n|-weather|SunnyDay|[upkeep]\n|-heal|p2a: Umbra|61\/100|[from] item: Leftovers\n|upkeep\n|turn|12\n|\n|t:|1701202065\n|move|p2b: The Meta|Protect|p2b: The Meta\n|-singleturn|p2b: The Meta|Protect\n|move|p1b: Zarude|Jungle Healing|p1b: Zarude|[spread] p1a,p1b\n|-heal|p1b: Zarude|100\/100\n|move|p1a: Baxcalibur|Icicle Spear|p2a: Umbra\n|-damage|p2a: Umbra|52\/100\n|-damage|p2a: Umbra|42\/100\n|-damage|p2a: Umbra|34\/100\n|-damage|p2a: Umbra|26\/100\n|-hitcount|p2a: Umbra|4\n|move|p2a: Umbra|Foul Play|p1a: Baxcalibur\n|-damage|p1a: Baxcalibur|44\/100\n|\n|-weather|SunnyDay|[upkeep]\n|-heal|p2a: Umbra|32\/100|[from] item: Leftovers\n|-end|p1b: Zarude|Encore\n|upkeep\n|turn|13\n|l|\u2606MattCol\n|player|p1|\n|\n|t:|1701202161\n|move|p2a: Umbra|Protect|p2a: Umbra\n|-singleturn|p2a: Umbra|Protect\n|move|p1b: Zarude|Drain Punch|p2a: Umbra\n|-activate|p2a: Umbra|move: Protect\n|move|p1a: Baxcalibur|Earthquake|p2b: The Meta|[spread] p1b,p2b\n|-activate|p2a: Umbra|move: Protect\n|-resisted|p1b: Zarude\n|-supereffective|p2b: The Meta\n|-damage|p1b: Zarude|79\/100\n|-damage|p2b: The Meta|0 fnt\n|faint|p2b: The Meta\n|\n|-weather|none\n|-heal|p2a: Umbra|38\/100|[from] item: Leftovers\n|upkeep\n|l|\u2606gonegeb\n|player|p2|\n|j|\u2606MattCol\n|player|p1|MattCol|265\n|j|\u2606gonegeb\n|player|p2|gonegeb|alain\n|l|\u2606MattCol\n|player|p1|\n|\n|t:|1701202484\n|switch|p2b: Anubis|Lucario, M|100\/100\n|turn|14\n|j|\u2606MattCol\n|player|p1|MattCol|265\n|\n|t:|1701202568\n|switch|p2a: Obsidian|Ceruledge, M, shiny|63\/100\n|-terastallize|p2b: Anubis|Normal\n|move|p1a: Baxcalibur|Protect|p1a: Baxcalibur\n|-singleturn|p1a: Baxcalibur|Protect\n|move|p2b: Anubis|Extreme Speed|p1a: Baxcalibur\n|-activate|p1a: Baxcalibur|move: Protect\n|move|p1b: Zarude|Jungle Healing|p1b: Zarude|[spread] p1a,p1b\n|-heal|p1a: Baxcalibur|69\/100\n|-heal|p1b: Zarude|100\/100\n|\n|upkeep\n|turn|15\n|\n|t:|1701202599\n|move|p2b: Anubis|Extreme Speed|p1a: Baxcalibur\n|-crit|p1a: Baxcalibur\n|-damage|p1a: Baxcalibur|9\/100\n|move|p2a: Obsidian|Shadow Sneak|p1a: Baxcalibur\n|-damage|p1a: Baxcalibur|0 fnt\n|faint|p1a: Baxcalibur\n|move|p1b: Zarude|Power Whip|p2a: Obsidian\n|-resisted|p2a: Obsidian\n|-damage|p2a: Obsidian|23\/100\n|\n|upkeep\n|\n|t:|1701202609\n|switch|p1a: Quaquaval|Quaquaval, M|100\/100\n|turn|16\n|\n|t:|1701202642\n|move|p2a: Obsidian|Protect|p2a: Obsidian\n|-singleturn|p2a: Obsidian|Protect\n|move|p1a: Quaquaval|Aqua Jet|p2a: Obsidian\n|-activate|p2a: Obsidian|move: Protect\n|move|p1b: Zarude|Drain Punch|p2b: Anubis\n|-supereffective|p2b: Anubis\n|-damage|p2b: Anubis|14\/100\n|move|p2b: Anubis|Drain Punch|p1b: Zarude\n|-supereffective|p1b: Zarude\n|-damage|p1b: Zarude|38\/100\n|-heal|p2b: Anubis|52\/100|[from] drain|[of] p1b: Zarude\n|\n|upkeep\n|turn|17\n|\n|t:|1701202678\n|switch|p2a: Umbra|Umbreon, M, shiny|38\/100\n|move|p2b: Anubis|Extreme Speed|p1b: Zarude\n|-damage|p1b: Zarude|6\/100\n|move|p1b: Zarude|Drain Punch|p2b: Anubis\n|-supereffective|p2b: Anubis\n|-damage|p2b: Anubis|0 fnt\n|-heal|p1b: Zarude|26\/100|[from] drain|[of] p2b: Anubis\n|faint|p2b: Anubis\n|move|p1a: Quaquaval|Aqua Step|p2a: Umbra\n|-damage|p2a: Umbra|11\/100\n|-boost|p1a: Quaquaval|spe|1\n|\n|-heal|p2a: Umbra|17\/100|[from] item: Leftovers\n|upkeep\n|\n|t:|1701202744\n|switch|p2b: Howlite|Maushold|7\/100\n|turn|18\n|\n|t:|1701202781\n|move|p2a: Umbra|Protect|p2a: Umbra\n|-singleturn|p2a: Umbra|Protect\n|move|p1a: Quaquaval|Aqua Step|p2b: Howlite\n|-damage|p2b: Howlite|0 fnt\n|-boost|p1a: Quaquaval|spe|1\n|faint|p2b: Howlite\n|-ability|p1a: Quaquaval|Moxie|boost\n|-boost|p1a: Quaquaval|atk|1\n|move|p1b: Zarude|Drain Punch|p2a: Umbra\n|-activate|p2a: Umbra|move: Protect\n|\n|-heal|p2a: Umbra|23\/100|[from] item: Leftovers\n|upkeep\n|c|\u2606MattCol|Baxclutchiber\n|c|\u2606gonegeb|Always get mixed up with the protect vs earthquake\n|c|\u2606gonegeb|kms\n|c|\u2606MattCol|Dont k hs\n|c|\u2606MattCol|Ur 2 sexy aha\n|\n|t:|1701203017\n|switch|p2b: Obsidian|Ceruledge, M, shiny|23\/100\n|turn|19\n|\n|t:|1701203034\n|move|p2b: Obsidian|Protect|p2b: Obsidian\n|-singleturn|p2b: Obsidian|Protect\n|move|p1a: Quaquaval|Aqua Jet|p2b: Obsidian\n|-activate|p2b: Obsidian|move: Protect\n|move|p1b: Zarude|Encore|p2a: Umbra\n|-start|p2a: Umbra|Encore\n|move|p2a: Umbra|Protect||[still]\n|-fail|p2a: Umbra\n|\n|-heal|p2a: Umbra|29\/100|[from] item: Leftovers\n|upkeep\n|turn|20\n|\n|t:|1701203055\n|move|p2a: Umbra|Protect|p2a: Umbra\n|-singleturn|p2a: Umbra|Protect\n|move|p1a: Quaquaval|Aqua Jet|p2b: Obsidian\n|-supereffective|p2b: Obsidian\n|-damage|p2b: Obsidian|0 fnt\n|faint|p2b: Obsidian\n|-ability|p1a: Quaquaval|Moxie|boost\n|-boost|p1a: Quaquaval|atk|1\n|move|p1b: Zarude|Power Whip|p2a: Umbra\n|-activate|p2a: Umbra|move: Protect\n|\n|-heal|p2a: Umbra|35\/100|[from] item: Leftovers\n|upkeep\n|turn|21\n|l|\u2606MattCol\n|player|p1|\n|j|\u2606MattCol\n|player|p1|MattCol|265\n|\n|t:|1701203208\n|move|p2a: Umbra|Protect||[still]\n|-fail|p2a: Umbra\n|move|p1a: Quaquaval|Close Combat|p2a: Umbra\n|-supereffective|p2a: Umbra\n|-damage|p2a: Umbra|0 fnt\n|-unboost|p1a: Quaquaval|def|1\n|-unboost|p1a: Quaquaval|spd|1\n|faint|p2a: Umbra\n|\n|win|MattCol\n","uploadtime":1701203228,"views":3,"p1id":"mattcol","p2id":"gonegeb","formatid":"gen9doublesou","rating":0,"private":0,"password":""}