{"id":"gen9doublesou-1996611162","p1":"CurlyNQuirky","p2":"MrShyGuy049","format":"[Gen 9] Doubles OU","log":"|j|\u2606CurlyNQuirky\n|j|\u2606MrShyGuy049\n|t:|1700700403\n|gametype|doubles\n|player|p1|CurlyNQuirky|102|1145\n|player|p2|MrShyGuy049|grimsley|1147\n|teamsize|p1|6\n|teamsize|p2|6\n|gen|9\n|tier|[Gen 9] Doubles OU\n|rated|\n|rule|Species Clause: Limit one of each Pok\u00e9mon\n|rule|OHKO Clause: OHKO moves are banned\n|rule|Evasion Moves Clause: Evasion moves are banned\n|rule|Gravity Sleep Clause: The combination of sleep-inducing moves with imperfect accuracy and Gravity or Gigantamax Orbeetle are banned\n|rule|Endless Battle Clause: Forcing endless battles is banned\n|rule|HP Percentage Mod: HP is shown in percentages\n|clearpoke\n|poke|p1|Haxorus, M|\n|poke|p1|Iron Bundle|\n|poke|p1|Talonflame, M|\n|poke|p1|Umbreon, F|\n|poke|p1|Flutter Mane|\n|poke|p1|Uxie|\n|poke|p2|Klefki, F|\n|poke|p2|Okidogi, M|\n|poke|p2|Cresselia, F|\n|poke|p2|Dragonite, M|\n|poke|p2|Chien-Pao|\n|poke|p2|Arcanine-Hisui, M|\n|teampreview\n|\n|t:|1700700429\n|start\n|switch|p1a: Flutter Mane|Flutter Mane|100\/100\n|switch|p1b: Umbreon|Umbreon, F, shiny|100\/100\n|switch|p2a: Klefki|Klefki, F|100\/100\n|switch|p2b: Chien-Pao|Chien-Pao|100\/100\n|-ability|p2b: Chien-Pao|Sword of Ruin\n|turn|1\n|\n|t:|1700700462\n|move|p2a: Klefki|Light Screen|p2a: Klefki\n|-sidestart|p2: MrShyGuy049|move: Light Screen\n|move|p1a: Flutter Mane|Mystical Fire|p2b: Chien-Pao\n|-supereffective|p2b: Chien-Pao\n|-damage|p2b: Chien-Pao|9\/100\n|-unboost|p2b: Chien-Pao|spa|1\n|move|p2b: Chien-Pao|Sacred Sword|p1b: Umbreon\n|-supereffective|p1b: Umbreon\n|-damage|p1b: Umbreon|16\/100\n|-damage|p2b: Chien-Pao|0 fnt|[from] item: Rocky Helmet|[of] p1b: Umbreon\n|faint|p2b: Chien-Pao\n|move|p1b: Umbreon|Skill Swap|p2a: Klefki\n|-activate|p1b: Umbreon|move: Skill Swap|Prankster|Inner Focus|[of] p2a: Klefki\n|\n|upkeep\n|\n|t:|1700700483\n|switch|p2b: Arcanine|Arcanine-Hisui, M|100\/100\n|turn|2\n|\n|t:|1700700501\n|move|p1b: Umbreon|Moonlight|p1b: Umbreon\n|-heal|p1b: Umbreon|66\/100\n|move|p2b: Arcanine|Head Smash|p1a: Flutter Mane\n|-damage|p1a: Flutter Mane|0 fnt\n|faint|p1a: Flutter Mane\n|-end|p1a: Flutter Mane|Protosynthesis|[silent]\n|move|p2a: Klefki|Thunder Wave|p1b: Umbreon\n|-status|p1b: Umbreon|par\n|\n|upkeep\n|\n|t:|1700700521\n|switch|p1a: Talonflame|Talonflame, M|100\/100\n|turn|3\n|\n|t:|1700700536\n|move|p1b: Umbreon|Skill Swap|p2b: Arcanine\n|-activate|p1b: Umbreon|move: Skill Swap|Rock Head|Prankster|[of] p2b: Arcanine\n|move|p2b: Arcanine|Head Smash|p1b: Umbreon\n|-damage|p1b: Umbreon|16\/100 par\n|-damage|p2b: Arcanine|84\/100|[from] item: Rocky Helmet|[of] p1b: Umbreon\n|-damage|p2b: Arcanine|54\/100|[from] Recoil\n|move|p1a: Talonflame|Flare Blitz|p2a: Klefki\n|-supereffective|p2a: Klefki\n|-damage|p2a: Klefki|0 fnt\n|faint|p2a: Klefki\n|-damage|p1a: Talonflame|72\/100|[from] Recoil\n|\n|upkeep\n|\n|t:|1700700551\n|switch|p2a: Dragonite|Dragonite, M|100\/100\n|turn|4\n|\n|t:|1700700568\n|move|p2a: Dragonite|Extreme Speed|p1b: Umbreon\n|-damage|p1b: Umbreon|0 fnt\n|-damage|p2a: Dragonite|84\/100|[from] item: Rocky Helmet|[of] p1b: Umbreon\n|faint|p1b: Umbreon\n|move|p2b: Arcanine|Head Smash|p1a: Talonflame\n|-supereffective|p1a: Talonflame\n|-damage|p1a: Talonflame|0 fnt\n|faint|p1a: Talonflame\n|-damage|p2b: Arcanine|22\/100|[from] Recoil\n|\n|upkeep\n|\n|t:|1700700583\n|switch|p1a: Iron Bundle|Iron Bundle|100\/100\n|switch|p1b: Haxorus|Haxorus, M, shiny|100\/100\n|turn|5\n|\n|t:|1700700603\n|-terastallize|p1b: Haxorus|Poison\n|-terastallize|p2a: Dragonite|Normal\n|move|p2a: Dragonite|Extreme Speed|p1a: Iron Bundle\n|-damage|p1a: Iron Bundle|39\/100\n|move|p2b: Arcanine|Head Smash|p1b: Haxorus\n|-damage|p1b: Haxorus|6\/100\n|-damage|p2b: Arcanine|0 fnt|[from] Recoil\n|faint|p2b: Arcanine\n|move|p1a: Iron Bundle|Blizzard|p2a: Dragonite|[miss]\n|-miss|p1a: Iron Bundle|p2a: Dragonite\n|move|p1b: Haxorus|Outrage|p2a: Dragonite\n|-damage|p2a: Dragonite|0 fnt\n|faint|p2a: Dragonite\n|-damage|p1b: Haxorus|0 fnt|[from] item: Life Orb\n|faint|p1b: Haxorus\n|\n|-sideend|p2: MrShyGuy049|move: Light Screen\n|upkeep\n|\n|t:|1700700625\n|switch|p2b: Cresselia|Cresselia, F|100\/100\n|switch|p1b: Uxie|Uxie|100\/100\n|switch|p2a: Okidogi|Okidogi, M|100\/100\n|turn|6\n|\n|t:|1700700649\n|move|p1a: Iron Bundle|Blizzard|p2b: Cresselia|[spread] p2a,p2b\n|-damage|p2a: Okidogi|56\/100\n|-damage|p2b: Cresselia|77\/100\n|move|p1b: Uxie|Imprison|p1b: Uxie\n|-start|p1b: Uxie|move: Imprison\n|move|p2b: Cresselia|Lunar Dance||[still]\n|-fail|p2b: Cresselia\n|move|p2a: Okidogi|Knock Off|p1b: Uxie\n|-supereffective|p1b: Uxie\n|-damage|p1b: Uxie|60\/100\n|-enditem|p1b: Uxie|Safety Goggles|[from] move: Knock Off|[of] p2a: Okidogi\n|\n|-heal|p2b: Cresselia|83\/100|[from] item: Leftovers\n|upkeep\n|turn|7\n|\n|t:|1700700671\n|move|p1a: Iron Bundle|Blizzard|p2a: Okidogi|[spread] p2a\n|-miss|p1a: Iron Bundle|p2b: Cresselia\n|-damage|p2a: Okidogi|17\/100\n|move|p1b: Uxie|Calm Mind|p1b: Uxie\n|-boost|p1b: Uxie|spa|1\n|-boost|p1b: Uxie|spd|1\n|move|p2b: Cresselia|Lunar Blessing|p2b: Cresselia|[spread] p2a,p2b\n|-heal|p2a: Okidogi|42\/100\n|-heal|p2b: Cresselia|100\/100\n|move|p2a: Okidogi|Drain Punch|p1a: Iron Bundle\n|-supereffective|p1a: Iron Bundle\n|-damage|p1a: Iron Bundle|0 fnt\n|-heal|p2a: Okidogi|54\/100|[from] drain|[of] p1a: Iron Bundle\n|faint|p1a: Iron Bundle\n|-end|p1a: Iron Bundle|Quark Drive|[silent]\n|\n|upkeep\n|turn|8\n|\n|t:|1700700708\n|move|p1b: Uxie|Calm Mind|p1b: Uxie\n|-boost|p1b: Uxie|spa|1\n|-boost|p1b: Uxie|spd|1\n|move|p2b: Cresselia|Psychic|p1b: Uxie\n|-resisted|p1b: Uxie\n|-damage|p1b: Uxie|56\/100\n|move|p2a: Okidogi|Knock Off|p1b: Uxie\n|-supereffective|p1b: Uxie\n|-damage|p1b: Uxie|26\/100\n|\n|upkeep\n|turn|9\n|\n|t:|1700700721\n|move|p1b: Uxie|Stored Power|p2a: Okidogi\n|-supereffective|p2a: Okidogi\n|-damage|p2a: Okidogi|0 fnt\n|faint|p2a: Okidogi\n|move|p2b: Cresselia|Psychic|p1b: Uxie\n|-resisted|p1b: Uxie\n|-damage|p1b: Uxie|21\/100\n|\n|upkeep\n|turn|10\n|\n|t:|1700700752\n|move|p1b: Uxie|Stored Power|p2b: Cresselia\n|-resisted|p2b: Cresselia\n|-damage|p2b: Cresselia|84\/100\n|move|p2b: Cresselia|Psychic|p1b: Uxie\n|-resisted|p1b: Uxie\n|-damage|p1b: Uxie|17\/100\n|\n|-heal|p2b: Cresselia|90\/100|[from] item: Leftovers\n|upkeep\n|turn|11\n|\n|t:|1700700761\n|move|p1b: Uxie|Calm Mind|p1b: Uxie\n|-boost|p1b: Uxie|spa|1\n|-boost|p1b: Uxie|spd|1\n|move|p2b: Cresselia|Psychic|p1b: Uxie\n|-resisted|p1b: Uxie\n|-damage|p1b: Uxie|13\/100\n|\n|-heal|p2b: Cresselia|96\/100|[from] item: Leftovers\n|upkeep\n|turn|12\n|\n|t:|1700700772\n|move|p1b: Uxie|Calm Mind|p1b: Uxie\n|-boost|p1b: Uxie|spa|1\n|-boost|p1b: Uxie|spd|1\n|move|p2b: Cresselia|Psychic|p1b: Uxie\n|-resisted|p1b: Uxie\n|-damage|p1b: Uxie|10\/100\n|\n|-heal|p2b: Cresselia|100\/100|[from] item: Leftovers\n|upkeep\n|turn|13\n|\n|t:|1700700782\n|move|p1b: Uxie|Calm Mind|p1b: Uxie\n|-boost|p1b: Uxie|spa|1\n|-boost|p1b: Uxie|spd|1\n|move|p2b: Cresselia|Psychic|p1b: Uxie\n|-resisted|p1b: Uxie\n|-damage|p1b: Uxie|7\/100\n|\n|upkeep\n|turn|14\n|\n|t:|1700700790\n|move|p1b: Uxie|Calm Mind|p1b: Uxie\n|-boost|p1b: Uxie|spa|1\n|-boost|p1b: Uxie|spd|1\n|move|p2b: Cresselia|Psychic|p1b: Uxie\n|-resisted|p1b: Uxie\n|-damage|p1b: Uxie|5\/100\n|\n|upkeep\n|turn|15\n|\n|t:|1700700798\n|move|p1b: Uxie|Stored Power|p2b: Cresselia\n|-resisted|p2b: Cresselia\n|-damage|p2b: Cresselia|14\/100\n|move|p2b: Cresselia|Psychic|p1b: Uxie\n|-resisted|p1b: Uxie\n|-damage|p1b: Uxie|2\/100\n|\n|-heal|p2b: Cresselia|20\/100|[from] item: Leftovers\n|upkeep\n|turn|16\n|\n|t:|1700700807\n|move|p1b: Uxie|Stored Power|p2b: Cresselia\n|-resisted|p2b: Cresselia\n|-damage|p2b: Cresselia|0 fnt\n|faint|p2b: Cresselia\n|\n|win|CurlyNQuirky\n|raw|CurlyNQuirky's rating: 1145 &rarr; <strong>1170<\/strong><br \/>(+25 for winning)\n|raw|MrShyGuy049's rating: 1147 &rarr; <strong>1122<\/strong><br \/>(-25 for losing)\n|l|\u2606MrShyGuy049\n|c|\u2606CurlyNQuirky|Gg\n","uploadtime":1700701048,"views":3,"p1id":"curlynquirky","p2id":"mrshyguy049","formatid":"gen9doublesou","rating":1122,"private":0,"password":""}