{"id":"gen9doublesou-2000258057","p1":"6512a","p2":"Soymir","format":"[Gen 9] Doubles OU","log":"|j|\u26066512a\n|j|\u2606Soymir\n|t:|1701178447\n|gametype|doubles\n|player|p1|6512a|266|1143\n|player|p2|Soymir|265|1193\n|teamsize|p1|6\n|teamsize|p2|6\n|gen|9\n|tier|[Gen 9] Doubles OU\n|rated|\n|rule|Species Clause: Limit one of each Pok\u00e9mon\n|rule|OHKO Clause: OHKO moves are banned\n|rule|Evasion Moves Clause: Evasion moves are banned\n|rule|Gravity Sleep Clause: The combination of sleep-inducing moves with imperfect accuracy and Gravity or Gigantamax Orbeetle are banned\n|rule|Endless Battle Clause: Forcing endless battles is banned\n|rule|HP Percentage Mod: HP is shown in percentages\n|clearpoke\n|poke|p1|Snorlax, F|\n|poke|p1|Sinistcha-Masterpiece|\n|poke|p1|Landorus-Therian, M|\n|poke|p1|Iron Hands|\n|poke|p1|Clefairy, F|\n|poke|p1|Kommo-o, M|\n|poke|p2|Gardevoir, F|\n|poke|p2|Pelipper, F|\n|poke|p2|Indeedee-F, F|\n|poke|p2|Golduck, F|\n|poke|p2|Zapdos|\n|poke|p2|Gastrodon-East, M|\n|teampreview\n|\n|t:|1701178454\n|start\n|switch|p1a: Snorlax|Snorlax, F, shiny|100\/100\n|switch|p1b: Landorus|Landorus-Therian, M|100\/100\n|switch|p2a: Indeedee|Indeedee-F, F|100\/100\n|switch|p2b: Golduck|Golduck, F|100\/100\n|-ability|p1b: Landorus|Intimidate|boost\n|-unboost|p2a: Indeedee|atk|1\n|-unboost|p2b: Golduck|atk|1\n|-fieldstart|move: Psychic Terrain|[from] ability: Psychic Surge|[of] p2a: Indeedee\n|turn|1\n|\n|t:|1701178467\n|move|p2a: Indeedee|Follow Me|p2a: Indeedee\n|-singleturn|p2a: Indeedee|move: Follow Me\n|move|p1b: Landorus|Rock Slide|p2a: Indeedee|[spread] p2a,p2b\n|-damage|p2a: Indeedee|65\/100\n|-damage|p2b: Golduck|71\/100\n|-enditem|p2a: Indeedee|Red Card|[of] p1b: Landorus\n|drag|p1b: Kommo-o|Kommo-o, M|100\/100\n|move|p2b: Golduck|Nasty Plot|p2b: Golduck\n|-boost|p2b: Golduck|spa|2\n|move|p1a: Snorlax|Belly Drum|p1a: Snorlax\n|-damage|p1a: Snorlax|51\/100\n|-setboost|p1a: Snorlax|atk|6|[from] move: Belly Drum\n|\n|upkeep\n|turn|2\n|\n|t:|1701178484\n|switch|p1b: Sinistcha|Sinistcha-Masterpiece, shiny|100\/100\n|-heal|p1a: Snorlax|76\/100|[from] ability: Hospitality|[of] p1b: Sinistcha\n|switch|p2a: Pelipper|Pelipper, F|100\/100\n|-weather|RainDance|[from] ability: Drizzle|[of] p2a: Pelipper\n|-terastallize|p2b: Golduck|Water\n|move|p1a: Snorlax|Protect|p1a: Snorlax\n|-singleturn|p1a: Snorlax|Protect\n|move|p2b: Golduck|Surf|p1a: Snorlax|[spread] p2a,p1b\n|-activate|p1a: Snorlax|move: Protect\n|-resisted|p2a: Pelipper\n|-resisted|p1b: Sinistcha\n|-damage|p2a: Pelipper|0 fnt\n|-damage|p1b: Sinistcha|27\/100\n|faint|p2a: Pelipper\n|-damage|p2b: Golduck|61\/100|[from] item: Life Orb\n|\n|-weather|RainDance|[upkeep]\n|upkeep\n|\n|t:|1701178509\n|switch|p2a: Gardevoir|Gardevoir, F|100\/100\n|turn|3\n|\n|t:|1701178552\n|switch|p1b: Clefairy|Clefairy, F, shiny|100\/100\n|move|p2a: Gardevoir|Helping Hand|p2b: Golduck\n|-singleturn|p2b: Golduck|Helping Hand|[of] p2a: Gardevoir\n|move|p2b: Golduck|Surf|p1b: Clefairy|[spread] p1a,p1b\n|-activate|p2a: Gardevoir|ability: Telepathy\n|-damage|p1a: Snorlax|0 fnt\n|-damage|p1b: Clefairy|0 fnt\n|faint|p1a: Snorlax\n|faint|p1b: Clefairy\n|-damage|p2b: Golduck|51\/100|[from] item: Life Orb\n|\n|-weather|RainDance|[upkeep]\n|upkeep\n|\n|t:|1701178571\n|switch|p1b: Kommo-o|Kommo-o, M|100\/100\n|switch|p1a: Iron Hands|Iron Hands|100\/100\n|turn|4\n|\n|t:|1701178579\n|move|p2a: Gardevoir|Helping Hand|p2b: Golduck\n|-singleturn|p2b: Golduck|Helping Hand|[of] p2a: Gardevoir\n|move|p1a: Iron Hands|Fake Out|p2b: Golduck\n|-activate|p2b: Golduck|move: Psychic Terrain\n|move|p2b: Golduck|Surf|p1b: Kommo-o|[spread] p1a,p1b\n|-activate|p2a: Gardevoir|ability: Telepathy\n|-resisted|p1b: Kommo-o\n|-damage|p1a: Iron Hands|0 fnt\n|-damage|p1b: Kommo-o|0 fnt\n|faint|p1a: Iron Hands\n|-end|p1a: Iron Hands|Quark Drive|[silent]\n|faint|p1b: Kommo-o\n|-damage|p2b: Golduck|41\/100|[from] item: Life Orb\n|\n|-weather|RainDance|[upkeep]\n|upkeep\n|\n|t:|1701178588\n|switch|p1b: Sinistcha|Sinistcha-Masterpiece, shiny|27\/100\n|switch|p1a: Landorus|Landorus-Therian, M|100\/100\n|-ability|p1a: Landorus|Intimidate|boost\n|-unboost|p2a: Gardevoir|atk|1\n|-unboost|p2b: Golduck|atk|1\n|turn|5\n|\n|t:|1701178601\n|move|p2b: Golduck|Surf|p1b: Sinistcha|[spread] p1a,p1b\n|-activate|p2a: Gardevoir|ability: Telepathy\n|-supereffective|p1a: Landorus\n|-resisted|p1b: Sinistcha\n|-damage|p1a: Landorus|0 fnt\n|-damage|p1b: Sinistcha|0 fnt\n|faint|p1a: Landorus\n|faint|p1b: Sinistcha\n|-damage|p2b: Golduck|31\/100|[from] item: Life Orb\n|\n|win|Soymir\n|raw|6512a's rating: 1143 &rarr; <strong>1122<\/strong><br \/>(-21 for losing)\n|raw|Soymir's rating: 1193 &rarr; <strong>1214<\/strong><br \/>(+21 for winning)\n|l|\u26066512a\n","uploadtime":1701178615,"views":5,"p1id":"6512a","p2id":"soymir","formatid":"gen9doublesou","rating":1122,"private":0,"password":""}