{"id":"gen9doublesou-1985674138","p1":"Bahg3012","p2":"gbutters19","format":"[Gen 9] Doubles OU","log":"|j|\u2606Bahg3012\n|j|\u2606gbutters19\n|t:|1699394542\n|gametype|doubles\n|player|p1|Bahg3012|marlon|\n|player|p2|gbutters19|chef|\n|teamsize|p1|6\n|teamsize|p2|6\n|gen|9\n|tier|[Gen 9] Doubles OU\n|rule|Species Clause: Limit one of each Pok\u00e9mon\n|rule|OHKO Clause: OHKO moves are banned\n|rule|Evasion Moves Clause: Evasion moves are banned\n|rule|Gravity Sleep Clause: The combination of sleep-inducing moves with imperfect accuracy and Gravity or Gigantamax Orbeetle are banned\n|rule|Endless Battle Clause: Forcing endless battles is banned\n|rule|HP Percentage Mod: HP is shown in percentages\n|clearpoke\n|poke|p1|Ogerpon-Hearthflame, F|\n|poke|p1|Tornadus, M|\n|poke|p1|Ditto|\n|poke|p1|Arcanine-Hisui, M|\n|poke|p1|Lilligant-Hisui, F|\n|poke|p1|Sableye, F|\n|poke|p2|Dusclops, F|\n|poke|p2|Iron Hands|\n|poke|p2|Cresselia, F|\n|poke|p2|Landorus-Therian, M|\n|poke|p2|Sylveon, F|\n|poke|p2|Snorlax, F|\n|teampreview\n|c|\u2606gbutters19|glhf\n|\n|t:|1699394566\n|start\n|switch|p1a: Arcanine|Arcanine-Hisui, M|100\/100\n|switch|p1b: Ditto|Ditto|100\/100\n|switch|p2a: Iron Hands|Iron Hands, shiny|100\/100\n|switch|p2b: Cresselia|Cresselia, F|100\/100\n|-transform|p1b: Ditto|p2a: Iron Hands|[from] ability: Imposter\n|-ability|p1a: Arcanine|Intimidate|boost\n|-unboost|p2a: Iron Hands|atk|1\n|-unboost|p2b: Cresselia|atk|1\n|turn|1\n|c|\u2606Bahg3012|Glhf\n|\n|t:|1699394594\n|switch|p2b: Dusclops|Dusclops, F, shiny|100\/100\n|-item|p1a: Arcanine|Sitrus Berry|[from] ability: Frisk|[of] p2b: Dusclops|[identify]\n|-item|p1b: Ditto|Choice Scarf|[from] ability: Frisk|[of] p2b: Dusclops|[identify]\n|-end|p2a: Iron Hands|Quark Drive|[silent]\n|switch|p2a: Landorus|Landorus-Therian, M, shiny|100\/100\n|-ability|p2a: Landorus|Intimidate|boost\n|-unboost|p1a: Arcanine|atk|1\n|-unboost|p1b: Ditto|atk|1\n|move|p1b: Ditto|Fake Out|p2a: Landorus\n|-damage|p2a: Landorus|87\/100\n|move|p1a: Arcanine|Roar|p2b: Dusclops\n|drag|p2b: Cresselia|Cresselia, F|100\/100\n|\n|upkeep\n|turn|2\n|\n|t:|1699394650\n|switch|p1a: Tornadus|Tornadus, M|100\/100\n|-end|p1b: Ditto|Quark Drive|[silent]\n|switch|p1b: Sableye|Sableye, F|100\/100\n|move|p2a: Landorus|U-turn|p1a: Tornadus\n|-resisted|p1a: Tornadus\n|-damage|p1a: Tornadus|76\/100\n|\n|t:|1699394662\n|switch|p2a: Iron Hands|Iron Hands, shiny|100\/100|[from] U-turn\n|move|p2b: Cresselia|Trick Room|p2b: Cresselia\n|-fieldstart|move: Trick Room|[of] p2b: Cresselia\n|\n|upkeep\n|turn|3\n|\n|t:|1699394694\n|switch|p1a: Arcanine|Arcanine-Hisui, M|100\/100\n|-ability|p1a: Arcanine|Intimidate|boost\n|-unboost|p2a: Iron Hands|atk|1\n|-unboost|p2b: Cresselia|atk|1\n|move|p2b: Cresselia|Ally Switch|p2b: Cresselia\n|swap|p2b: Cresselia|0|[from] move: Ally Switch\n|move|p1b: Sableye|Will-O-Wisp|p2a: Cresselia\n|-status|p2a: Cresselia|brn\n|move|p2b: Iron Hands|Thunder Punch|p1a: Arcanine\n|-damage|p1a: Arcanine|69\/100\n|\n|-damage|p2a: Cresselia|94\/100 brn|[from] brn\n|upkeep\n|turn|4\n|\n|t:|1699394741\n|-terastallize|p1a: Arcanine|Water\n|move|p1b: Sableye|Quash|p2a: Cresselia\n|-activate|p2a: Cresselia|move: Quash\n|move|p2b: Iron Hands|Drain Punch|p1a: Arcanine\n|-damage|p1a: Arcanine|38\/100\n|-enditem|p1a: Arcanine|Sitrus Berry|[eat]\n|-heal|p1a: Arcanine|63\/100|[from] item: Sitrus Berry\n|move|p1a: Arcanine|Will-O-Wisp|p2b: Iron Hands\n|-status|p2b: Iron Hands|brn\n|move|p2a: Cresselia|Moonblast|p1b: Sableye\n|-supereffective|p1b: Sableye\n|-damage|p1b: Sableye|64\/100\n|-enditem|p1b: Sableye|Eject Button\n|\n|t:|1699394770\n|switch|p1b: Ditto|Ditto|100\/100\n|-transform|p1b: Ditto|p2a: Cresselia|[from] ability: Imposter\n|\n|-damage|p2b: Iron Hands|94\/100 brn|[from] brn\n|-damage|p2a: Cresselia|88\/100 brn|[from] brn\n|upkeep\n|turn|5\n|\n|t:|1699394797\n|switch|p1a: Sableye|Sableye, F|64\/100\n|move|p2b: Iron Hands|Thunder Punch|p1a: Sableye\n|-damage|p1a: Sableye|45\/100\n|move|p2a: Cresselia|Lunar Blessing|p2a: Cresselia|[spread] p2a,p2b\n|-heal|p2a: Cresselia|100\/100 brn\n|-curestatus|p2a: Cresselia|brn|[msg]\n|-heal|p2b: Iron Hands|100\/100 brn\n|-curestatus|p2b: Iron Hands|brn|[msg]\n|move|p1b: Ditto|Lunar Blessing|p1b: Ditto|[spread] p1a,p1b\n|-heal|p1a: Sableye|70\/100\n|\n|upkeep\n|turn|6\n|\n|t:|1699394829\n|-end|p2b: Iron Hands|Quark Drive|[silent]\n|switch|p2b: Landorus|Landorus-Therian, M, shiny|87\/100\n|-ability|p2b: Landorus|Intimidate|boost\n|-unboost|p1a: Sableye|atk|1\n|-unboost|p1b: Ditto|atk|1\n|switch|p1b: Arcanine|Arcanine-Hisui, M, tera:Water|63\/100\n|-ability|p1b: Arcanine|Intimidate|boost\n|-unboost|p2a: Cresselia|atk|1\n|-unboost|p2b: Landorus|atk|1\n|move|p1a: Sableye|Knock Off|p2b: Landorus\n|-damage|p2b: Landorus|66\/100\n|-enditem|p2b: Landorus|Choice Scarf|[from] move: Knock Off|[of] p1a: Sableye\n|move|p2a: Cresselia|Moonblast|p1a: Sableye\n|-supereffective|p1a: Sableye\n|-damage|p1a: Sableye|31\/100\n|\n|-fieldend|move: Trick Room\n|upkeep\n|turn|7\n|\n|t:|1699394880\n|switch|p1b: Tornadus|Tornadus, M|76\/100\n|switch|p1a: Ditto|Ditto|100\/100\n|-transform|p1a: Ditto|p2b: Landorus|[from] ability: Imposter\n|-ability|p1a: Ditto|Intimidate|boost\n|-unboost|p2a: Cresselia|atk|1\n|-unboost|p2b: Landorus|atk|1\n|move|p2b: Landorus|U-turn|p1a: Ditto\n|-resisted|p1a: Ditto\n|-damage|p1a: Ditto|91\/100\n|\n|t:|1699394901\n|switch|p2b: Sylveon|Sylveon, F, shiny|100\/100|[from] U-turn\n|move|p2a: Cresselia|Moonblast|p1a: Ditto\n|-crit|p1a: Ditto\n|-damage|p1a: Ditto|56\/100\n|\n|upkeep\n|turn|8\n|\n|t:|1699394940\n|move|p1b: Tornadus|Taunt|p2a: Cresselia\n|-start|p2a: Cresselia|move: Taunt\n|-enditem|p2a: Cresselia|Mental Herb\n|-end|p2a: Cresselia|move: Taunt\n|move|p1a: Ditto|U-turn|p2a: Cresselia\n|-supereffective|p2a: Cresselia\n|-crit|p2a: Cresselia\n|-damage|p2a: Cresselia|53\/100\n|\n|t:|1699394956\n|switch|p1a: Ogerpon|Ogerpon-Hearthflame, F|100\/100|[from] U-turn\n|-ability|p1a: Ogerpon|Mold Breaker\n|move|p2b: Sylveon|Hyper Voice|p1a: Ogerpon|[spread] p1a,p1b\n|-resisted|p1a: Ogerpon\n|-damage|p1a: Ogerpon|77\/100\n|-damage|p1b: Tornadus|19\/100\n|-enditem|p2b: Sylveon|Throat Spray\n|-boost|p2b: Sylveon|spa|1|[from] item: Throat Spray\n|move|p2a: Cresselia|Trick Room|p2a: Cresselia\n|-fieldstart|move: Trick Room|[of] p2a: Cresselia\n|\n|upkeep\n|turn|9\n|\n|t:|1699395001\n|switch|p2a: Landorus|Landorus-Therian, M, shiny|66\/100\n|-ability|p2a: Landorus|Intimidate|boost\n|-unboost|p1a: Ogerpon|atk|1\n|-unboost|p1b: Tornadus|atk|1\n|switch|p1b: Ditto|Ditto|56\/100\n|-transform|p1b: Ditto|p2a: Landorus|[from] ability: Imposter\n|-ability|p1b: Ditto|Intimidate|boost\n|-unboost|p2a: Landorus|atk|1\n|-unboost|p2b: Sylveon|atk|1\n|-terastallize|p2b: Sylveon|Fire\n|move|p2b: Sylveon|Hyper Voice|p1a: Ogerpon|[spread] p1a,p1b\n|-resisted|p1a: Ogerpon\n|-damage|p1a: Ogerpon|38\/100\n|-damage|p1b: Ditto|0 fnt\n|faint|p1b: Ditto\n|move|p1a: Ogerpon|Horn Leech|p2a: Landorus\n|-damage|p2a: Landorus|31\/100\n|-heal|p1a: Ogerpon|57\/100|[from] drain|[of] p2a: Landorus\n|\n|upkeep\n|\n|t:|1699395039\n|switch|p1b: Tornadus|Tornadus, M|19\/100\n|turn|10\n|\n|t:|1699395049\n|move|p1b: Tornadus|Protect|p1b: Tornadus\n|-singleturn|p1b: Tornadus|Protect\n|move|p1a: Ogerpon|Spiky Shield|p1a: Ogerpon\n|-singleturn|p1a: Ogerpon|move: Protect\n|move|p2b: Sylveon|Hyper Voice|p1b: Tornadus|[spread] \n|-activate|p1a: Ogerpon|move: Protect\n|-activate|p1b: Tornadus|move: Protect\n|move|p2a: Landorus|Rock Slide|p1a: Ogerpon|[spread] \n|-activate|p1a: Ogerpon|move: Protect\n|-activate|p1b: Tornadus|move: Protect\n|\n|upkeep\n|turn|11\n|\n|t:|1699395119\n|move|p2b: Sylveon|Hyper Voice|p1b: Tornadus|[spread] p1a,p1b\n|-resisted|p1a: Ogerpon\n|-damage|p1a: Ogerpon|24\/100\n|-damage|p1b: Tornadus|0 fnt\n|faint|p1b: Tornadus\n|move|p2a: Landorus|Rock Slide|p1a: Ogerpon\n|-supereffective|p1a: Ogerpon\n|-damage|p1a: Ogerpon|0 fnt\n|faint|p1a: Ogerpon\n|\n|upkeep\n|\n|t:|1699395137\n|switch|p1a: Arcanine|Arcanine-Hisui, M, tera:Water|63\/100\n|switch|p1b: Sableye|Sableye, F|31\/100\n|-ability|p1a: Arcanine|Intimidate|boost\n|-unboost|p2a: Landorus|atk|1\n|-unboost|p2b: Sylveon|atk|1\n|turn|12\n|\n|t:|1699395164\n|switch|p2a: Cresselia|Cresselia, F|53\/100\n|move|p2b: Sylveon|Protect|p2b: Sylveon\n|-singleturn|p2b: Sylveon|Protect\n|move|p1b: Sableye|Fake Out|p2b: Sylveon\n|-activate|p2b: Sylveon|move: Protect\n|move|p1a: Arcanine|Rock Slide|p2b: Sylveon|[spread] p2a\n|-activate|p2b: Sylveon|move: Protect\n|-damage|p2a: Cresselia|39\/100\n|\n|-fieldend|move: Trick Room\n|upkeep\n|turn|13\n|\n|t:|1699395189\n|switch|p2a: Landorus|Landorus-Therian, M, shiny|31\/100\n|-ability|p2a: Landorus|Intimidate|boost\n|-unboost|p1a: Arcanine|atk|1\n|-unboost|p1b: Sableye|atk|1\n|move|p1a: Arcanine|Rock Slide|p2b: Sylveon|[spread] p2a,p2b\n|-supereffective|p2b: Sylveon\n|-damage|p2a: Landorus|13\/100\n|-damage|p2b: Sylveon|69\/100\n|cant|p2b: Sylveon|flinch\n|move|p1b: Sableye|Knock Off|p2a: Landorus\n|-damage|p2a: Landorus|0 fnt\n|faint|p2a: Landorus\n|\n|upkeep\n|\n|t:|1699395204\n|switch|p2a: Cresselia|Cresselia, F|39\/100\n|turn|14\n|\n|t:|1699395213\n|move|p1a: Arcanine|Rock Slide|p2b: Sylveon|[spread] p2a,p2b\n|-supereffective|p2b: Sylveon\n|-damage|p2a: Cresselia|32\/100\n|-damage|p2b: Sylveon|38\/100\n|move|p2a: Cresselia|Lunar Blessing|p2a: Cresselia|[spread] p2a,p2b\n|-heal|p2a: Cresselia|57\/100\n|-heal|p2b: Sylveon|63\/100\n|move|p2b: Sylveon|Hyper Voice|p1b: Sableye|[spread] p1a,p1b\n|-supereffective|p1b: Sableye\n|-damage|p1a: Arcanine|0 fnt\n|-damage|p1b: Sableye|0 fnt\n|faint|p1a: Arcanine\n|faint|p1b: Sableye\n|\n|upkeep\n|\n|t:|1699395230\n|switch|p1a: Lilligant|Lilligant-Hisui, F|100\/100\n|turn|15\n|\n|t:|1699395260\n|move|p2a: Cresselia|Ally Switch|p2a: Cresselia\n|swap|p2a: Cresselia|1|[from] move: Ally Switch\n|move|p1a: Lilligant|Leaf Blade|p2a: Sylveon\n|-resisted|p2a: Sylveon\n|-crit|p2a: Sylveon\n|-damage|p2a: Sylveon|0 fnt\n|faint|p2a: Sylveon\n|\n|upkeep\n|\n|t:|1699395270\n|switch|p2a: Iron Hands|Iron Hands, shiny|100\/100\n|turn|16\n|\n|t:|1699395276\n|move|p2a: Iron Hands|Fake Out|p1a: Lilligant\n|-damage|p1a: Lilligant|76\/100\n|cant|p1a: Lilligant|flinch\n|move|p2b: Cresselia|Moonblast|p1a: Lilligant\n|-supereffective|p1a: Lilligant\n|-damage|p1a: Lilligant|19\/100\n|\n|upkeep\n|turn|17\n|\n|t:|1699395288\n|switch|p2b: Dusclops|Dusclops, F, shiny|100\/100\n|-item|p1a: Lilligant|Choice Band|[from] ability: Frisk|[of] p2b: Dusclops|[identify]\n|move|p1a: Lilligant|Leaf Blade|p2a: Iron Hands|[miss]\n|-miss|p1a: Lilligant|p2a: Iron Hands\n|move|p2a: Iron Hands|Drain Punch|p1a: Lilligant\n|-damage|p1a: Lilligant|0 fnt\n|faint|p1a: Lilligant\n|\n|win|gbutters19\n|c|\u2606gbutters19|gg\n","uploadtime":1699395303,"views":15,"p1id":"bahg3012","p2id":"gbutters19","formatid":"gen9doublesou","rating":0,"private":0,"password":""}