{"id":"gen9doublesou-1970004145","p1":"Razzlemcdazzle","p2":"Vixen 4 Life","format":"[Gen 9] Doubles OU","log":"|j|\u2606Razzlemcdazzle\n|j|\u2606Vixen 4 Life\n|t:|1697584162\n|gametype|doubles\n|player|p1|Razzlemcdazzle|fisherman-gen4|1483\n|player|p2|Vixen 4 Life|penny|1473\n|teamsize|p1|6\n|teamsize|p2|6\n|gen|9\n|tier|[Gen 9] Doubles OU\n|rated|\n|rule|Species Clause: Limit one of each Pok\u00e9mon\n|rule|OHKO Clause: OHKO moves are banned\n|rule|Evasion Moves Clause: Evasion moves are banned\n|rule|Gravity Sleep Clause: The combination of sleep-inducing moves with imperfect accuracy and Gravity or Gigantamax Orbeetle are banned\n|rule|Endless Battle Clause: Forcing endless battles is banned\n|rule|HP Percentage Mod: HP is shown in percentages\n|clearpoke\n|poke|p1|Indeedee-F, F|\n|poke|p1|Armarouge, F|\n|poke|p1|Tyranitar, M|\n|poke|p1|Hatterene, F|\n|poke|p1|Iron Hands|\n|poke|p1|Torkoal, M|\n|poke|p2|Okidogi, M|\n|poke|p2|Gholdengo|\n|poke|p2|Rillaboom, M|\n|poke|p2|Fezandipiti, M|\n|poke|p2|Iron Hands|\n|poke|p2|Gyarados, F|\n|teampreview\n|inactive|Battle timer is ON: inactive players will automatically lose when time's up. (requested by Razzlemcdazzle)\n|\n|t:|1697584178\n|start\n|switch|p1a: Iron Hands|Iron Hands|100\/100\n|switch|p1b: Hatterene|Hatterene, F|100\/100\n|switch|p2a: Fezandipiti|Fezandipiti, M|100\/100\n|switch|p2b: Gyarados|Gyarados, F|100\/100\n|-ability|p2b: Gyarados|Intimidate|boost\n|-unboost|p1a: Iron Hands|atk|1\n|-unboost|p1b: Hatterene|atk|1\n|-enditem|p1a: Iron Hands|Booster Energy\n|-activate|p1a: Iron Hands|ability: Quark Drive|[fromitem]\n|-start|p1a: Iron Hands|quarkdriveatk\n|turn|1\n|\n|t:|1697584192\n|switch|p2b: Iron Hands|Iron Hands|100\/100\n|move|p1a: Iron Hands|Fake Out|p2a: Fezandipiti\n|-damage|p2a: Fezandipiti|84\/100\n|move|p2a: Fezandipiti|Dazzling Gleam|p1a: Iron Hands|[spread] p1a,p1b\n|-supereffective|p1a: Iron Hands\n|-crit|p1b: Hatterene\n|-damage|p1a: Iron Hands|71\/100\n|-damage|p1b: Hatterene|78\/100\n|-status|p1a: Iron Hands|tox|[from] ability: Toxic Chain|[of] p2a: Fezandipiti\n|move|p1b: Hatterene|Trick Room|p1b: Hatterene\n|-fieldstart|move: Trick Room|[of] p1b: Hatterene\n|\n|-damage|p1a: Iron Hands|65\/100 tox|[from] psn\n|upkeep\n|turn|2\n|inactive|Razzlemcdazzle has 120 seconds left.\n|\n|t:|1697584229\n|move|p1b: Hatterene|Psychic|p2b: Iron Hands\n|-supereffective|p2b: Iron Hands\n|-damage|p2b: Iron Hands|56\/100\n|move|p1a: Iron Hands|Wild Charge|p2a: Fezandipiti\n|-damage|p2a: Fezandipiti|34\/100\n|-damage|p1a: Iron Hands|56\/100 tox|[from] Recoil\n|move|p2b: Iron Hands|Heavy Slam|p1b: Hatterene\n|-supereffective|p1b: Hatterene\n|-damage|p1b: Hatterene|0 fnt\n|faint|p1b: Hatterene\n|move|p2a: Fezandipiti|Dazzling Gleam|p1a: Iron Hands\n|-supereffective|p1a: Iron Hands\n|-damage|p1a: Iron Hands|20\/100 tox\n|\n|-damage|p1a: Iron Hands|8\/100 tox|[from] psn\n|upkeep\n|\n|t:|1697584238\n|switch|p1b: Torkoal|Torkoal, M|100\/100\n|-weather|SunnyDay|[from] ability: Drought|[of] p1b: Torkoal\n|turn|3\n|\n|t:|1697584249\n|switch|p2a: Gyarados|Gyarados, F|100\/100\n|-ability|p2a: Gyarados|Intimidate|boost\n|-unboost|p1a: Iron Hands|atk|1\n|-unboost|p1b: Torkoal|atk|1\n|move|p1b: Torkoal|Eruption|p2b: Iron Hands|[spread] p2a,p2b\n|-resisted|p2a: Gyarados\n|-damage|p2a: Gyarados|68\/100\n|-damage|p2b: Iron Hands|19\/100\n|move|p2b: Iron Hands|Drain Punch|p1b: Torkoal\n|-damage|p1b: Torkoal|73\/100\n|-heal|p2b: Iron Hands|29\/100|[from] drain|[of] p1b: Torkoal\n|move|p1a: Iron Hands|Close Combat|p2b: Iron Hands\n|-damage|p2b: Iron Hands|1\/100\n|-unboost|p1a: Iron Hands|def|1\n|-unboost|p1a: Iron Hands|spd|1\n|\n|-weather|SunnyDay|[upkeep]\n|-damage|p1a: Iron Hands|0 fnt|[from] psn\n|faint|p1a: Iron Hands\n|-end|p1a: Iron Hands|Quark Drive|[silent]\n|upkeep\n|inactive|Razzlemcdazzle has 120 seconds left.\n|\n|t:|1697584277\n|switch|p1a: Armarouge|Armarouge, F|100\/100\n|turn|4\n|\n|t:|1697584288\n|switch|p1b: Indeedee|Indeedee-F, F|100\/100\n|-fieldstart|move: Psychic Terrain|[from] ability: Psychic Surge|[of] p1b: Indeedee\n|-enditem|p1b: Indeedee|Psychic Seed\n|-boost|p1b: Indeedee|spd|1|[from] item: Psychic Seed\n|move|p2a: Gyarados|Protect|p2a: Gyarados\n|-singleturn|p2a: Gyarados|Protect\n|move|p2b: Iron Hands|Wild Charge|p1a: Armarouge\n|-damage|p1a: Armarouge|61\/100\n|-damage|p2b: Iron Hands|0 fnt|[from] Recoil\n|faint|p2b: Iron Hands\n|-end|p2b: Iron Hands|Quark Drive|[silent]\n|move|p1a: Armarouge|Expanding Force|p2a: Gyarados\n|-activate|p2a: Gyarados|move: Protect\n|\n|-weather|SunnyDay|[upkeep]\n|upkeep\n|\n|t:|1697584304\n|switch|p2b: Rillaboom|Rillaboom, M|100\/100\n|-fieldstart|move: Grassy Terrain|[from] ability: Grassy Surge|[of] p2b: Rillaboom\n|turn|5\n|\n|t:|1697584314\n|-terastallize|p2b: Rillaboom|Water\n|move|p1b: Indeedee|Follow Me|p1b: Indeedee\n|-singleturn|p1b: Indeedee|move: Follow Me\n|move|p1a: Armarouge|Armor Cannon|p2b: Rillaboom\n|-resisted|p2b: Rillaboom\n|-damage|p2b: Rillaboom|38\/100\n|-unboost|p1a: Armarouge|def|1\n|-unboost|p1a: Armarouge|spd|1\n|-damage|p1a: Armarouge|51\/100|[from] item: Life Orb\n|move|p2b: Rillaboom|Leech Seed|p1b: Indeedee\n|-start|p1b: Indeedee|move: Leech Seed\n|move|p2a: Gyarados|Taunt|p1b: Indeedee\n|-start|p1b: Indeedee|move: Taunt\n|\n|-weather|SunnyDay|[upkeep]\n|-heal|p1a: Armarouge|57\/100|[from] Grassy Terrain\n|-heal|p2b: Rillaboom|44\/100|[from] Grassy Terrain\n|-heal|p2b: Rillaboom|50\/100|[from] item: Leftovers\n|-damage|p1b: Indeedee|88\/100|[from] Leech Seed|[of] p2b: Rillaboom\n|-heal|p2b: Rillaboom|61\/100|[silent]\n|-fieldend|move: Trick Room\n|upkeep\n|turn|6\n|\n|t:|1697584337\n|move|p2a: Gyarados|Waterfall|p1a: Armarouge\n|-supereffective|p1a: Armarouge\n|-damage|p1a: Armarouge|3\/100\n|move|p2b: Rillaboom|Substitute|p2b: Rillaboom\n|-start|p2b: Rillaboom|Substitute\n|-damage|p2b: Rillaboom|36\/100\n|move|p1b: Indeedee|Dazzling Gleam|p2a: Gyarados|[spread] p2a,p2b\n|-activate|p2b: Rillaboom|move: Substitute|[damage]\n|-damage|p2a: Gyarados|58\/100\n|move|p1a: Armarouge|Expanding Force|p2b: Rillaboom\n|-end|p2b: Rillaboom|Substitute\n|-damage|p1a: Armarouge|0 fnt|[from] item: Life Orb\n|faint|p1a: Armarouge\n|\n|-weather|SunnyDay|[upkeep]\n|-heal|p2b: Rillaboom|42\/100|[from] Grassy Terrain\n|-heal|p2b: Rillaboom|48\/100|[from] item: Leftovers\n|-heal|p1b: Indeedee|94\/100|[from] Grassy Terrain\n|-damage|p1b: Indeedee|82\/100|[from] Leech Seed|[of] p2b: Rillaboom\n|-heal|p2b: Rillaboom|58\/100|[silent]\n|upkeep\n|\n|t:|1697584344\n|switch|p1a: Tyranitar|Tyranitar, M|100\/100\n|-weather|Sandstorm|[from] ability: Sand Stream|[of] p1a: Tyranitar\n|turn|7\n|\n|t:|1697584359\n|-terastallize|p1a: Tyranitar|Flying\n|move|p2a: Gyarados|Waterfall|p1a: Tyranitar\n|-damage|p1a: Tyranitar|72\/100\n|move|p2b: Rillaboom|Leech Seed|p1a: Tyranitar\n|-start|p1a: Tyranitar|move: Leech Seed\n|move|p1b: Indeedee|Dazzling Gleam|p2b: Rillaboom|[spread] p2a,p2b\n|-damage|p2a: Gyarados|47\/100\n|-damage|p2b: Rillaboom|44\/100\n|move|p1a: Tyranitar|Rock Slide|p2a: Gyarados|[spread] p2b\n|-miss|p1a: Tyranitar|p2a: Gyarados\n|-damage|p2b: Rillaboom|19\/100\n|\n|-weather|Sandstorm|[upkeep]\n|-damage|p2b: Rillaboom|13\/100|[from] Sandstorm\n|-damage|p1b: Indeedee|76\/100|[from] Sandstorm\n|-damage|p1a: Tyranitar|65\/100|[from] Sandstorm\n|-heal|p2b: Rillaboom|19\/100|[from] Grassy Terrain\n|-heal|p2b: Rillaboom|25\/100|[from] item: Leftovers\n|-heal|p1b: Indeedee|82\/100|[from] Grassy Terrain\n|-damage|p1b: Indeedee|70\/100|[from] Leech Seed|[of] p2b: Rillaboom\n|-heal|p2b: Rillaboom|36\/100|[silent]\n|-damage|p1a: Tyranitar|53\/100|[from] Leech Seed|[of] p2b: Rillaboom\n|-heal|p2b: Rillaboom|48\/100|[silent]\n|upkeep\n|turn|8\n|\n|t:|1697584386\n|switch|p2a: Gholdengo|Gholdengo|100\/100\n|move|p2b: Rillaboom|Grassy Glide|p1b: Indeedee\n|-damage|p1b: Indeedee|20\/100\n|move|p1b: Indeedee|Dazzling Gleam|p2b: Rillaboom|[spread] p2a,p2b\n|-resisted|p2a: Gholdengo\n|-damage|p2a: Gholdengo|95\/100\n|-damage|p2b: Rillaboom|34\/100\n|move|p1a: Tyranitar|Rock Slide|p2a: Gholdengo|[spread] p2a,p2b\n|-resisted|p2a: Gholdengo\n|-damage|p2a: Gholdengo|81\/100\n|-damage|p2b: Rillaboom|6\/100\n|\n|-weather|Sandstorm|[upkeep]\n|-damage|p2b: Rillaboom|0 fnt|[from] Sandstorm\n|-damage|p1b: Indeedee|14\/100|[from] Sandstorm\n|-damage|p1a: Tyranitar|47\/100|[from] Sandstorm\n|faint|p2b: Rillaboom\n|-heal|p2a: Gholdengo|87\/100|[from] Grassy Terrain\n|-heal|p2a: Gholdengo|93\/100|[from] item: Leftovers\n|-heal|p1b: Indeedee|20\/100|[from] Grassy Terrain\n|-end|p1b: Indeedee|move: Taunt\n|upkeep\n|inactive|Vixen 4 Life has 120 seconds left.\n|\n|t:|1697584402\n|switch|p2b: Gyarados|Gyarados, F|47\/100\n|-ability|p2b: Gyarados|Intimidate|boost\n|-unboost|p1a: Tyranitar|atk|1\n|-unboost|p1b: Indeedee|atk|1\n|turn|9\n|\n|t:|1697584408\n|move|p2b: Gyarados|Protect|p2b: Gyarados\n|-singleturn|p2b: Gyarados|Protect\n|move|p2a: Gholdengo|Nasty Plot|p2a: Gholdengo\n|-boost|p2a: Gholdengo|spa|2\n|move|p1a: Tyranitar|Knock Off|p2a: Gholdengo\n|-supereffective|p2a: Gholdengo\n|-damage|p2a: Gholdengo|24\/100\n|-enditem|p2a: Gholdengo|Leftovers|[from] move: Knock Off|[of] p1a: Tyranitar\n|move|p1b: Indeedee|Trick Room|p1b: Indeedee\n|-fieldstart|move: Trick Room|[of] p1b: Indeedee\n|\n|-weather|Sandstorm|[upkeep]\n|-damage|p1a: Tyranitar|41\/100|[from] Sandstorm\n|-damage|p1b: Indeedee|14\/100|[from] Sandstorm\n|-heal|p1b: Indeedee|20\/100|[from] Grassy Terrain\n|-heal|p2a: Gholdengo|30\/100|[from] Grassy Terrain\n|-damage|p1a: Tyranitar|28\/100|[from] Leech Seed|[of] p2b: Gyarados\n|-heal|p2b: Gyarados|60\/100|[silent]\n|-damage|p1b: Indeedee|8\/100|[from] Leech Seed|[of] p2b: Gyarados\n|-heal|p2b: Gyarados|70\/100|[silent]\n|-fieldend|move: Grassy Terrain\n|upkeep\n|turn|10\n|\n|t:|1697584429\n|move|p1b: Indeedee|Helping Hand|p1a: Tyranitar\n|-singleturn|p1a: Tyranitar|Helping Hand|[of] p1b: Indeedee\n|move|p1a: Tyranitar|Rock Slide|p2a: Gholdengo|[spread] p2a\n|-miss|p1a: Tyranitar|p2b: Gyarados\n|-resisted|p2a: Gholdengo\n|-damage|p2a: Gholdengo|16\/100\n|cant|p2a: Gholdengo|flinch\n|move|p2b: Gyarados|Waterfall|p1a: Tyranitar\n|-damage|p1a: Tyranitar|0 fnt\n|faint|p1a: Tyranitar\n|\n|-weather|Sandstorm|[upkeep]\n|-damage|p1b: Indeedee|2\/100|[from] Sandstorm\n|-damage|p1b: Indeedee|0 fnt|[from] Leech Seed|[of] p2b: Gyarados\n|-heal|p2b: Gyarados|71\/100|[silent]\n|faint|p1b: Indeedee\n|upkeep\n|\n|t:|1697584440\n|switch|p1b: Torkoal|Torkoal, M|73\/100\n|-weather|SunnyDay|[from] ability: Drought|[of] p1b: Torkoal\n|turn|11\n|\n|t:|1697584450\n|move|p1b: Torkoal|Eruption|p2a: Gholdengo|[spread] p2a,p2b\n|-supereffective|p2a: Gholdengo\n|-resisted|p2b: Gyarados\n|-damage|p2a: Gholdengo|0 fnt\n|-damage|p2b: Gyarados|48\/100\n|faint|p2a: Gholdengo\n|move|p2b: Gyarados|Thunder Wave|p1b: Torkoal\n|-status|p1b: Torkoal|par\n|\n|-weather|SunnyDay|[upkeep]\n|upkeep\n|\n|t:|1697584457\n|switch|p2a: Okidogi|Okidogi, M|100\/100\n|turn|12\n|\n|t:|1697584463\n|move|p2a: Okidogi|Protect|p2a: Okidogi\n|-singleturn|p2a: Okidogi|Protect\n|move|p2b: Gyarados|Protect|p2b: Gyarados\n|-singleturn|p2b: Gyarados|Protect\n|move|p1b: Torkoal|Eruption|p2a: Okidogi|[spread] \n|-activate|p2a: Okidogi|move: Protect\n|-activate|p2b: Gyarados|move: Protect\n|\n|-weather|SunnyDay|[upkeep]\n|upkeep\n|turn|13\n|\n|t:|1697584471\n|switch|p2a: Fezandipiti|Fezandipiti, M|34\/100\n|move|p1b: Torkoal|Eruption|p2b: Gyarados|[spread] p2a,p2b\n|-resisted|p2b: Gyarados\n|-damage|p2a: Fezandipiti|0 fnt\n|-damage|p2b: Gyarados|26\/100\n|faint|p2a: Fezandipiti\n|move|p2b: Gyarados|Waterfall|p1b: Torkoal\n|-supereffective|p1b: Torkoal\n|-damage|p1b: Torkoal|47\/100 par\n|\n|-weather|SunnyDay|[upkeep]\n|-fieldend|move: Trick Room\n|upkeep\n|\n|t:|1697584480\n|switch|p2a: Okidogi|Okidogi, M|100\/100\n|turn|14\n|\n|t:|1697584483\n|move|p2b: Gyarados|Taunt|p1b: Torkoal\n|-start|p1b: Torkoal|move: Taunt\n|move|p2a: Okidogi|Drain Punch|p1b: Torkoal\n|-damage|p1b: Torkoal|17\/100 par\n|move|p1b: Torkoal|Heat Wave|p2b: Gyarados|[spread] p2a\n|-miss|p1b: Torkoal|p2b: Gyarados\n|-damage|p2a: Okidogi|47\/100\n|-status|p2a: Okidogi|brn\n|\n|-weather|SunnyDay|[upkeep]\n|-heal|p2a: Okidogi|53\/100 brn|[from] item: Leftovers\n|-damage|p2a: Okidogi|47\/100 brn|[from] brn\n|upkeep\n|turn|15\n|\n|t:|1697584495\n|move|p2b: Gyarados|Waterfall|p1b: Torkoal\n|-supereffective|p1b: Torkoal\n|-damage|p1b: Torkoal|0 fnt\n|faint|p1b: Torkoal\n|\n|win|Vixen 4 Life\n|raw|Razzlemcdazzle's rating: 1483 &rarr; <strong>1462<\/strong><br \/>(-21 for losing)\n|raw|Vixen 4 Life's rating: 1473 &rarr; <strong>1494<\/strong><br \/>(+21 for winning)\n|c|\u2606Razzlemcdazzle|Dude why can\u2019t I hit your gyarados\n|c|\u2606Vixen 4 Life|Ifk\n|c|\u2606Razzlemcdazzle|he dodged 5 to mes\n|c|\u2606Razzlemcdazzle|Times *\n|c|\u2606Vixen 4 Life|I dont even have an evasive item, mans has safety goggles\n|l|\u2606Razzlemcdazzle\n","uploadtime":1697584528,"views":21,"p1id":"razzlemcdazzle","p2id":"vixen4life","formatid":"gen9doublesou","rating":1462,"private":0,"password":""}