{"id":"gen9doublesou-1977396267","p1":"mikeyuwu","p2":"sidoc","format":"[Gen 9] Doubles OU","log":"|j|\u2606mikeyuwu\n|j|\u2606sidoc\n|t:|1698413340\n|gametype|doubles\n|player|p1|mikeyuwu|psychic-gen4|1312\n|player|p2|sidoc|li|1585\n|teamsize|p1|6\n|teamsize|p2|6\n|gen|9\n|tier|[Gen 9] Doubles OU\n|rated|\n|rule|Species Clause: Limit one of each Pok\u00e9mon\n|rule|OHKO Clause: OHKO moves are banned\n|rule|Evasion Moves Clause: Evasion moves are banned\n|rule|Gravity Sleep Clause: The combination of sleep-inducing moves with imperfect accuracy and Gravity or Gigantamax Orbeetle are banned\n|rule|Endless Battle Clause: Forcing endless battles is banned\n|rule|HP Percentage Mod: HP is shown in percentages\n|clearpoke\n|poke|p1|Garchomp, M|\n|poke|p1|Tyranitar, F|\n|poke|p1|Vaporeon, F|\n|poke|p1|Toxicroak, M|\n|poke|p1|Pelipper, F|\n|poke|p1|Abomasnow, M|\n|poke|p2|Landorus-Therian, M|\n|poke|p2|Iron Hands|\n|poke|p2|Volcanion|\n|poke|p2|Flutter Mane|\n|poke|p2|Chien-Pao|\n|poke|p2|Sinistcha-Masterpiece|\n|teampreview\n|\n|t:|1698413363\n|start\n|switch|p1a: OTLHPM|Toxicroak, M|100\/100\n|switch|p1b: Cold Shoulder|Abomasnow, M, shiny|100\/100\n|switch|p2a: Iron Hands|Iron Hands|100\/100\n|switch|p2b: Flutter Mane|Flutter Mane|100\/100\n|-weather|Snow|[from] ability: Snow Warning|[of] p1b: Cold Shoulder\n|turn|1\n|\n|t:|1698413371\n|move|p2a: Iron Hands|Fake Out|p1a: OTLHPM\n|-damage|p1a: OTLHPM|78\/100\n|move|p2b: Flutter Mane|Taunt|p1b: Cold Shoulder\n|-start|p1b: Cold Shoulder|move: Taunt\n|cant|p1a: OTLHPM|flinch\n|move|p1b: Cold Shoulder|Blizzard|p2a: Iron Hands|[spread] p2a,p2b\n|-damage|p2a: Iron Hands|83\/100\n|-damage|p2b: Flutter Mane|67\/100\n|\n|-weather|Snow|[upkeep]\n|-heal|p1a: OTLHPM|84\/100|[from] item: Black Sludge\n|upkeep\n|turn|2\n|\n|t:|1698413383\n|move|p2b: Flutter Mane|Protect|p2b: Flutter Mane\n|-singleturn|p2b: Flutter Mane|Protect\n|move|p1a: OTLHPM|Poison Jab|p2b: Flutter Mane\n|-activate|p2b: Flutter Mane|move: Protect\n|move|p1b: Cold Shoulder|Blizzard|p2a: Iron Hands|[spread] p2a\n|-activate|p2b: Flutter Mane|move: Protect\n|-damage|p2a: Iron Hands|64\/100\n|move|p2a: Iron Hands|Drain Punch|p1b: Cold Shoulder\n|-supereffective|p1b: Cold Shoulder\n|-damage|p1b: Cold Shoulder|48\/100\n|-heal|p2a: Iron Hands|82\/100|[from] drain|[of] p1b: Cold Shoulder\n|\n|-weather|Snow|[upkeep]\n|-heal|p1a: OTLHPM|90\/100|[from] item: Black Sludge\n|upkeep\n|turn|3\n|\n|t:|1698413405\n|switch|p1b: Weather War|Pelipper, F|100\/100\n|-weather|RainDance|[from] ability: Drizzle|[of] p1b: Weather War\n|move|p2b: Flutter Mane|Moonblast|p1a: OTLHPM\n|-damage|p1a: OTLHPM|15\/100\n|-damage|p2b: Flutter Mane|57\/100|[from] item: Life Orb\n|move|p1a: OTLHPM|Poison Jab|p2b: Flutter Mane\n|-damage|p2b: Flutter Mane|0 fnt\n|faint|p2b: Flutter Mane\n|-end|p2b: Flutter Mane|Protosynthesis|[silent]\n|move|p2a: Iron Hands|Drain Punch|p1b: Weather War\n|-resisted|p1b: Weather War\n|-damage|p1b: Weather War|84\/100\n|-heal|p2a: Iron Hands|87\/100|[from] drain|[of] p1b: Weather War\n|\n|-weather|RainDance|[upkeep]\n|-heal|p1a: OTLHPM|28\/100|[from] ability: Dry Skin\n|-heal|p1a: OTLHPM|34\/100|[from] item: Black Sludge\n|upkeep\n|\n|t:|1698413412\n|switch|p2b: Landorus|Landorus-Therian, M|100\/100\n|-ability|p2b: Landorus|Intimidate|boost\n|-unboost|p1a: OTLHPM|atk|1\n|-unboost|p1b: Weather War|atk|1\n|turn|4\n|\n|t:|1698413426\n|switch|p1a: Harmacy|Vaporeon, F|100\/100\n|switch|p1b: Extra Spicy|Garchomp, M|100\/100\n|move|p2b: Landorus|Stomping Tantrum|p1a: Harmacy\n|-damage|p1a: Harmacy|70\/100\n|move|p2a: Iron Hands|Wild Charge|p1b: Extra Spicy\n|-immune|p1b: Extra Spicy\n|\n|-weather|RainDance|[upkeep]\n|-heal|p1a: Harmacy|77\/100|[from] item: Leftovers\n|upkeep\n|turn|5\n|\n|t:|1698413445\n|move|p2b: Landorus|Stomping Tantrum|p1b: Extra Spicy\n|-damage|p1b: Extra Spicy|72\/100\n|-damage|p2b: Landorus|88\/100|[from] ability: Rough Skin|[of] p1b: Extra Spicy\n|-damage|p2b: Landorus|72\/100|[from] item: Rocky Helmet|[of] p1b: Extra Spicy\n|move|p1b: Extra Spicy|Liquidation|p2a: Iron Hands\n|-damage|p2a: Iron Hands|65\/100\n|move|p1a: Harmacy|Icy Wind|p2a: Iron Hands|[spread] p2a,p2b\n|-supereffective|p2b: Landorus\n|-crit|p2b: Landorus\n|-damage|p2a: Iron Hands|59\/100\n|-damage|p2b: Landorus|0 fnt\n|-unboost|p2a: Iron Hands|spe|1\n|faint|p2b: Landorus\n|move|p2a: Iron Hands|Wild Charge|p1a: Harmacy\n|-supereffective|p1a: Harmacy\n|-damage|p1a: Harmacy|4\/100\n|-damage|p2a: Iron Hands|42\/100|[from] Recoil\n|\n|-weather|RainDance|[upkeep]\n|-heal|p1a: Harmacy|10\/100|[from] item: Leftovers\n|upkeep\n|\n|t:|1698413456\n|switch|p2b: Chien-Pao|Chien-Pao|100\/100\n|-ability|p2b: Chien-Pao|Sword of Ruin\n|turn|6\n|\n|t:|1698413468\n|switch|p1a: Cold Shoulder|Abomasnow, M, shiny|48\/100\n|-weather|Snow|[from] ability: Snow Warning|[of] p1a: Cold Shoulder\n|-terastallize|p1b: Extra Spicy|Steel\n|move|p2b: Chien-Pao|Ice Spinner|p1b: Extra Spicy\n|-resisted|p1b: Extra Spicy\n|-damage|p1b: Extra Spicy|57\/100\n|-damage|p2b: Chien-Pao|88\/100|[from] ability: Rough Skin|[of] p1b: Extra Spicy\n|-damage|p2b: Chien-Pao|72\/100|[from] item: Rocky Helmet|[of] p1b: Extra Spicy\n|move|p1b: Extra Spicy|Brick Break|p2b: Chien-Pao\n|-supereffective|p2b: Chien-Pao\n|-damage|p2b: Chien-Pao|0 fnt\n|faint|p2b: Chien-Pao\n|move|p2a: Iron Hands|Drain Punch|p1a: Cold Shoulder\n|-supereffective|p1a: Cold Shoulder\n|-damage|p1a: Cold Shoulder|0 fnt\n|-heal|p2a: Iron Hands|59\/100|[from] drain|[of] p1a: Cold Shoulder\n|faint|p1a: Cold Shoulder\n|\n|-weather|Snow|[upkeep]\n|upkeep\n|\n|t:|1698413486\n|switch|p2b: Sinistcha|Sinistcha-Masterpiece|100\/100\n|switch|p1a: Weather War|Pelipper, F|84\/100\n|-heal|p2a: Iron Hands|84\/100|[from] ability: Hospitality|[of] p2b: Sinistcha\n|-weather|RainDance|[from] ability: Drizzle|[of] p1a: Weather War\n|turn|7\n|\n|t:|1698413495\n|switch|p2b: Volcanion|Volcanion|100\/100\n|move|p1b: Extra Spicy|Earthquake|p2a: Iron Hands|[spread] p2a,p2b\n|-immune|p1a: Weather War\n|-supereffective|p2a: Iron Hands\n|-supereffective|p2b: Volcanion\n|-damage|p2a: Iron Hands|46\/100\n|-damage|p2b: Volcanion|48\/100\n|move|p1a: Weather War|Hurricane|p2b: Volcanion\n|-damage|p2b: Volcanion|11\/100\n|move|p2a: Iron Hands|Drain Punch|p1b: Extra Spicy\n|-supereffective|p1b: Extra Spicy\n|-damage|p1b: Extra Spicy|0 fnt\n|-heal|p2a: Iron Hands|69\/100|[from] drain|[of] p1b: Extra Spicy\n|-damage|p2a: Iron Hands|57\/100|[from] ability: Rough Skin|[of] p1b: Extra Spicy\n|-damage|p2a: Iron Hands|40\/100|[from] item: Rocky Helmet|[of] p1b: Extra Spicy\n|faint|p1b: Extra Spicy\n|\n|-weather|RainDance|[upkeep]\n|-heal|p2b: Volcanion|18\/100|[from] item: Leftovers\n|upkeep\n|\n|t:|1698413512\n|switch|p1b: Harmacy|Vaporeon, F|10\/100\n|turn|8\n|\n|t:|1698413536\n|switch|p2b: Sinistcha|Sinistcha-Masterpiece|100\/100\n|-heal|p2a: Iron Hands|65\/100|[from] ability: Hospitality|[of] p2b: Sinistcha\n|move|p1a: Weather War|Hurricane|p2a: Iron Hands\n|-damage|p2a: Iron Hands|45\/100\n|move|p1b: Harmacy|Copycat|p1b: Harmacy\n|move|p1b: Harmacy|Hurricane|p2a: Iron Hands|[from]move: Copycat\n|-damage|p2a: Iron Hands|27\/100\n|move|p2a: Iron Hands|Wild Charge|p1a: Weather War\n|-supereffective|p1a: Weather War\n|-damage|p1a: Weather War|0 fnt\n|faint|p1a: Weather War\n|-damage|p2a: Iron Hands|14\/100|[from] Recoil\n|\n|-weather|RainDance|[upkeep]\n|-heal|p1b: Harmacy|16\/100|[from] item: Leftovers\n|upkeep\n|\n|t:|1698413551\n|switch|p1a: OTLHPM|Toxicroak, M|34\/100\n|turn|9\n|\n|t:|1698413559\n|-end|p2a: Iron Hands|Quark Drive|[silent]\n|switch|p2a: Volcanion|Volcanion|18\/100\n|move|p1a: OTLHPM|Poison Jab|p2a: Volcanion\n|-damage|p2a: Volcanion|0 fnt\n|faint|p2a: Volcanion\n|move|p2b: Sinistcha|Matcha Gotcha|p1b: Harmacy|[spread] p1a,p1b\n|-resisted|p1a: OTLHPM\n|-supereffective|p1b: Harmacy\n|-damage|p1a: OTLHPM|14\/100\n|-damage|p1b: Harmacy|0 fnt\n|faint|p1b: Harmacy\n|\n|-weather|RainDance|[upkeep]\n|-heal|p1a: OTLHPM|26\/100|[from] ability: Dry Skin\n|-heal|p1a: OTLHPM|33\/100|[from] item: Black Sludge\n|upkeep\n|\n|t:|1698413565\n|switch|p2a: Iron Hands|Iron Hands|14\/100\n|switch|p1b: ThcrThnSnkr|Tyranitar, F|100\/100\n|-weather|Sandstorm|[from] ability: Sand Stream|[of] p1b: ThcrThnSnkr\n|turn|10\n|\n|t:|1698413573\n|-terastallize|p2b: Sinistcha|Water\n|move|p2a: Iron Hands|Fake Out|p1a: OTLHPM\n|-damage|p1a: OTLHPM|11\/100\n|cant|p1a: OTLHPM|flinch\n|move|p2b: Sinistcha|Matcha Gotcha|p1b: ThcrThnSnkr|[spread] p1a,p1b\n|-resisted|p1a: OTLHPM\n|-supereffective|p1b: ThcrThnSnkr\n|-damage|p1a: OTLHPM|0 fnt\n|-damage|p1b: ThcrThnSnkr|82\/100\n|faint|p1a: OTLHPM\n|move|p1b: ThcrThnSnkr|Knock Off|p2b: Sinistcha\n|-damage|p2b: Sinistcha|59\/100\n|-enditem|p2b: Sinistcha|Leftovers|[from] move: Knock Off|[of] p1b: ThcrThnSnkr\n|\n|-weather|Sandstorm|[upkeep]\n|-damage|p2b: Sinistcha|53\/100|[from] Sandstorm\n|-damage|p2a: Iron Hands|8\/100|[from] Sandstorm\n|upkeep\n|turn|11\n|\n|t:|1698413589\n|move|p2b: Sinistcha|Rage Powder|p2b: Sinistcha\n|-singleturn|p2b: Sinistcha|move: Rage Powder\n|move|p1b: ThcrThnSnkr|Rock Slide|p2b: Sinistcha|[spread] p2a,p2b\n|-resisted|p2a: Iron Hands\n|-damage|p2a: Iron Hands|0 fnt\n|-damage|p2b: Sinistcha|31\/100\n|faint|p2a: Iron Hands\n|-end|p2a: Iron Hands|Quark Drive|[silent]\n|\n|-weather|Sandstorm|[upkeep]\n|-damage|p2b: Sinistcha|25\/100|[from] Sandstorm\n|upkeep\n|turn|12\n|\n|t:|1698413598\n|move|p2b: Sinistcha|Strength Sap|p1b: ThcrThnSnkr\n|-unboost|p1b: ThcrThnSnkr|atk|1\n|-heal|p2b: Sinistcha|100\/100\n|move|p1b: ThcrThnSnkr|Thunderbolt|p2b: Sinistcha\n|-supereffective|p2b: Sinistcha\n|-damage|p2b: Sinistcha|50\/100\n|\n|-weather|Sandstorm|[upkeep]\n|-damage|p2b: Sinistcha|44\/100|[from] Sandstorm\n|upkeep\n|turn|13\n|c|\u2606mikeyuwu|Gg\n|\n|t:|1698413605\n|move|p2b: Sinistcha|Matcha Gotcha|p1b: ThcrThnSnkr\n|-supereffective|p1b: ThcrThnSnkr\n|-damage|p1b: ThcrThnSnkr|56\/100\n|-heal|p2b: Sinistcha|58\/100|[from] drain|[of] p1b: ThcrThnSnkr\n|move|p1b: ThcrThnSnkr|Thunderbolt|p2b: Sinistcha\n|-supereffective|p2b: Sinistcha\n|-crit|p2b: Sinistcha\n|-damage|p2b: Sinistcha|0 fnt\n|faint|p2b: Sinistcha\n|\n|win|mikeyuwu\n|raw|mikeyuwu's rating: 1312 &rarr; <strong>1345<\/strong><br \/>(+33 for winning)\n|raw|sidoc's rating: 1585 &rarr; <strong>1552<\/strong><br \/>(-33 for losing)\n|l|\u2606sidoc\n","uploadtime":1698413671,"views":25,"p1id":"mikeyuwu","p2id":"sidoc","formatid":"gen9doublesou","rating":1345,"private":0,"password":""}