{"id":"gen9doublesou-1988307022","p1":"lolIwatchYT","p2":"TY SM MY GUY","format":"[Gen 9] Doubles OU","log":"|j|\u2606lolIwatchYT\n|j|\u2606TY SM MY GUY\n|t:|1699705731\n|gametype|doubles\n|player|p1|lolIwatchYT|101|1385\n|player|p2|TY SM MY GUY|hoopster|1265\n|teamsize|p1|6\n|teamsize|p2|6\n|gen|9\n|tier|[Gen 9] Doubles OU\n|rated|\n|rule|Species Clause: Limit one of each Pok\u00e9mon\n|rule|OHKO Clause: OHKO moves are banned\n|rule|Evasion Moves Clause: Evasion moves are banned\n|rule|Gravity Sleep Clause: The combination of sleep-inducing moves with imperfect accuracy and Gravity or Gigantamax Orbeetle are banned\n|rule|Endless Battle Clause: Forcing endless battles is banned\n|rule|HP Percentage Mod: HP is shown in percentages\n|clearpoke\n|poke|p1|Azumarill, M|\n|poke|p1|Arcanine-Hisui, F|\n|poke|p1|Typhlosion-Hisui, M|\n|poke|p1|Gastrodon, F|\n|poke|p1|Tornadus, M|\n|poke|p1|Klefki, M|\n|poke|p2|Kilowattrel, M|\n|poke|p2|Brambleghast, M|\n|poke|p2|Politoed, M|\n|poke|p2|Ting-Lu|\n|poke|p2|Hatterene, F|\n|poke|p2|Dragonite, M|\n|teampreview\n|\n|t:|1699705767\n|start\n|switch|p1a: Klefki|Klefki, M|100\/100\n|switch|p1b: Tornadus|Tornadus, M|100\/100\n|switch|p2a: Ting-Lu|Ting-Lu|100\/100\n|switch|p2b: Hatterene|Hatterene, F, shiny|100\/100\n|-item|p1a: Klefki|Air Balloon\n|-ability|p2a: Ting-Lu|Vessel of Ruin\n|turn|1\n|\n|t:|1699705783\n|move|p1a: Klefki|Light Screen|p1a: Klefki\n|-sidestart|p1: lolIwatchYT|move: Light Screen\n|move|p1b: Tornadus|Bleakwind Storm|p2b: Hatterene|[spread] p2a,p2b\n|-damage|p2a: Ting-Lu|75\/100\n|-damage|p2b: Hatterene|79\/100\n|move|p2a: Ting-Lu|Stealth Rock|p1a: Klefki\n|-sidestart|p1: lolIwatchYT|move: Stealth Rock\n|move|p2b: Hatterene|Nuzzle|p1a: Klefki\n|-damage|p1a: Klefki|96\/100\n|-status|p1a: Klefki|par\n|-enditem|p1a: Klefki|Air Balloon\n|\n|-heal|p2a: Ting-Lu|81\/100|[from] item: Leftovers\n|upkeep\n|turn|2\n|\n|t:|1699705806\n|switch|p1a: Arcanine|Arcanine-Hisui, F|100\/100\n|-damage|p1a: Arcanine|75\/100|[from] Stealth Rock\n|-ability|p1a: Arcanine|Intimidate|boost\n|-unboost|p2a: Ting-Lu|atk|1\n|-unboost|p2b: Hatterene|atk|1\n|-item|p1a: Arcanine|Air Balloon\n|move|p1b: Tornadus|Bleakwind Storm|p2b: Hatterene|[spread] p2a,p2b\n|-damage|p2a: Ting-Lu|56\/100\n|-damage|p2b: Hatterene|61\/100\n|-unboost|p2b: Hatterene|spe|1\n|move|p2a: Ting-Lu|Spikes|p1b: Tornadus\n|-sidestart|p1: lolIwatchYT|Spikes\n|move|p2b: Hatterene|Nuzzle|p1b: Tornadus\n|-supereffective|p1b: Tornadus\n|-damage|p1b: Tornadus|94\/100\n|\n|-heal|p2a: Ting-Lu|62\/100|[from] item: Leftovers\n|upkeep\n|turn|3\n|\n|t:|1699705841\n|move|p1a: Arcanine|Protect|p1a: Arcanine\n|-singleturn|p1a: Arcanine|Protect\n|move|p1b: Tornadus|Bleakwind Storm|p2b: Hatterene|[spread] p2a,p2b\n|-damage|p2a: Ting-Lu|35\/100\n|-damage|p2b: Hatterene|39\/100\n|move|p2b: Hatterene|Nuzzle|p1a: Arcanine\n|-activate|p1a: Arcanine|move: Protect\n|move|p2a: Ting-Lu|Whirlwind|p1b: Tornadus\n|drag|p1b: Klefki|Klefki, M|96\/100 par\n|-damage|p1b: Klefki|90\/100 par|[from] Stealth Rock\n|-damage|p1b: Klefki|78\/100 par|[from] Spikes\n|\n|-heal|p2a: Ting-Lu|41\/100|[from] item: Leftovers\n|upkeep\n|turn|4\n|\n|t:|1699705865\n|move|p1a: Arcanine|Flare Blitz|p2b: Hatterene\n|-damage|p2b: Hatterene|0 fnt\n|faint|p2b: Hatterene\n|-damage|p1a: Arcanine|64\/100|[from] Recoil\n|move|p2a: Ting-Lu|Spikes|p1a: Arcanine\n|-sidestart|p1: lolIwatchYT|Spikes\n|move|p1b: Klefki|Flash Cannon|p2a: Ting-Lu\n|-damage|p2a: Ting-Lu|28\/100\n|\n|-heal|p2a: Ting-Lu|34\/100|[from] item: Leftovers\n|upkeep\n|\n|t:|1699705882\n|switch|p2b: Politoed|Politoed, M, shiny|100\/100\n|-weather|RainDance|[from] ability: Drizzle|[of] p2b: Politoed\n|turn|5\n|\n|t:|1699705892\n|switch|p1b: Gastrodon|Gastrodon, F|100\/100\n|-damage|p1b: Gastrodon|94\/100|[from] Stealth Rock\n|-damage|p1b: Gastrodon|78\/100|[from] Spikes\n|move|p1a: Arcanine|Head Smash|p2a: Ting-Lu\n|-resisted|p2a: Ting-Lu\n|-damage|p2a: Ting-Lu|21\/100\n|-damage|p1a: Arcanine|55\/100|[from] Recoil\n|move|p2b: Politoed|Icy Wind|p1b: Gastrodon|[spread] p1a,p1b\n|-resisted|p1a: Arcanine\n|-damage|p1a: Arcanine|52\/100\n|-damage|p1b: Gastrodon|72\/100\n|-unboost|p1a: Arcanine|spe|1\n|-unboost|p1b: Gastrodon|spe|1\n|-enditem|p1a: Arcanine|Air Balloon\n|move|p2a: Ting-Lu|Earthquake|p1b: Gastrodon|[spread] p2b,p1a,p1b\n|-supereffective|p1a: Arcanine\n|-damage|p2b: Politoed|79\/100\n|-damage|p1a: Arcanine|0 fnt\n|-damage|p1b: Gastrodon|50\/100\n|faint|p1a: Arcanine\n|\n|-weather|RainDance|[upkeep]\n|-heal|p2a: Ting-Lu|27\/100|[from] item: Leftovers\n|-heal|p1b: Gastrodon|56\/100|[from] item: Leftovers\n|-sideend|p1: lolIwatchYT|move: Light Screen\n|upkeep\n|\n|t:|1699705917\n|switch|p1a: Klefki|Klefki, M|78\/100 par\n|-damage|p1a: Klefki|72\/100 par|[from] Stealth Rock\n|-damage|p1a: Klefki|55\/100 par|[from] Spikes\n|turn|6\n|\n|t:|1699705931\n|move|p1a: Klefki|Light Screen|p1a: Klefki\n|-sidestart|p1: lolIwatchYT|move: Light Screen\n|move|p2b: Politoed|Icy Wind|p1a: Klefki|[spread] p1b\n|-miss|p2b: Politoed|p1a: Klefki\n|-crit|p1b: Gastrodon\n|-damage|p1b: Gastrodon|43\/100\n|-unboost|p1b: Gastrodon|spe|1\n|move|p2a: Ting-Lu|Spikes|p1b: Gastrodon\n|-sidestart|p1: lolIwatchYT|Spikes\n|move|p1b: Gastrodon|Recover|p1b: Gastrodon\n|-heal|p1b: Gastrodon|93\/100\n|\n|-weather|RainDance|[upkeep]\n|-heal|p2a: Ting-Lu|33\/100|[from] item: Leftovers\n|-heal|p1b: Gastrodon|99\/100|[from] item: Leftovers\n|upkeep\n|turn|7\n|\n|t:|1699705957\n|cant|p1a: Klefki|par\n|move|p2b: Politoed|Encore|p1b: Gastrodon\n|-start|p1b: Gastrodon|Encore\n|move|p1b: Gastrodon|Recover|p1b: Gastrodon\n|-heal|p1b: Gastrodon|100\/100\n|move|p2a: Ting-Lu|Whirlwind|p1a: Klefki\n|drag|p1a: Typhlosion|Typhlosion-Hisui, M|100\/100\n|-damage|p1a: Typhlosion|76\/100|[from] Stealth Rock\n|-damage|p1a: Typhlosion|51\/100|[from] Spikes\n|-item|p2a: Ting-Lu|Leftovers|[from] ability: Frisk|[of] p1a: Typhlosion|[identify]\n|-item|p2b: Politoed|Damp Rock|[from] ability: Frisk|[of] p1a: Typhlosion|[identify]\n|\n|-weather|RainDance|[upkeep]\n|-heal|p2a: Ting-Lu|39\/100|[from] item: Leftovers\n|upkeep\n|turn|8\n|\n|t:|1699705985\n|switch|p1b: Azumarill|Azumarill, M|100\/100\n|-damage|p1b: Azumarill|88\/100|[from] Stealth Rock\n|-damage|p1b: Azumarill|63\/100|[from] Spikes\n|move|p1a: Typhlosion|Infernal Parade|p2a: Ting-Lu\n|-resisted|p2a: Ting-Lu\n|-damage|p2a: Ting-Lu|29\/100\n|move|p2b: Politoed|Icy Wind|p1b: Azumarill|[spread] p1a,p1b\n|-resisted|p1a: Typhlosion\n|-resisted|p1b: Azumarill\n|-damage|p1a: Typhlosion|47\/100\n|-damage|p1b: Azumarill|60\/100\n|-unboost|p1a: Typhlosion|spe|1\n|-unboost|p1b: Azumarill|spe|1\n|move|p2a: Ting-Lu|Earthquake|p1b: Azumarill|[spread] p2b,p1a,p1b\n|-crit|p2b: Politoed\n|-supereffective|p1a: Typhlosion\n|-damage|p2b: Politoed|31\/100\n|-damage|p1a: Typhlosion|0 fnt\n|-damage|p1b: Azumarill|43\/100\n|-enditem|p1b: Azumarill|Sitrus Berry|[eat]\n|-heal|p1b: Azumarill|68\/100|[from] item: Sitrus Berry\n|faint|p1a: Typhlosion\n|\n|-weather|RainDance|[upkeep]\n|-heal|p2a: Ting-Lu|35\/100|[from] item: Leftovers\n|upkeep\n|\n|t:|1699705996\n|switch|p1a: Gastrodon|Gastrodon, F|100\/100\n|-damage|p1a: Gastrodon|94\/100|[from] Stealth Rock\n|-damage|p1a: Gastrodon|70\/100|[from] Spikes\n|turn|9\n|\n|t:|1699706007\n|move|p2b: Politoed|Mud-Slap|p1b: Azumarill\n|-damage|p1b: Azumarill|65\/100\n|-unboost|p1b: Azumarill|accuracy|1\n|move|p1a: Gastrodon|Earth Power|p2b: Politoed\n|-damage|p2b: Politoed|2\/100\n|move|p1b: Azumarill|Belly Drum|p1b: Azumarill\n|-damage|p1b: Azumarill|15\/100\n|-setboost|p1b: Azumarill|atk|6|[from] move: Belly Drum\n|move|p2a: Ting-Lu|Whirlwind|p1b: Azumarill\n|drag|p1b: Klefki|Klefki, M|55\/100 par\n|-damage|p1b: Klefki|49\/100 par|[from] Stealth Rock\n|-damage|p1b: Klefki|25\/100 par|[from] Spikes\n|\n|-weather|RainDance|[upkeep]\n|-heal|p2a: Ting-Lu|42\/100|[from] item: Leftovers\n|-heal|p1a: Gastrodon|76\/100|[from] item: Leftovers\n|upkeep\n|turn|10\n|\n|t:|1699706028\n|switch|p2b: Kilowattrel|Kilowattrel, M, shiny|100\/100\n|cant|p1b: Klefki|par\n|move|p2a: Ting-Lu|Earthquake|p1a: Gastrodon|[spread] p1a,p1b\n|-immune|p2b: Kilowattrel\n|-supereffective|p1b: Klefki\n|-damage|p1a: Gastrodon|54\/100\n|-damage|p1b: Klefki|0 fnt\n|faint|p1b: Klefki\n|move|p1a: Gastrodon|Muddy Water|p2b: Kilowattrel|[spread] p2a,p2b\n|-supereffective|p2a: Ting-Lu\n|-damage|p2a: Ting-Lu|0 fnt\n|-damage|p2b: Kilowattrel|42\/100\n|faint|p2a: Ting-Lu\n|\n|-weather|RainDance|[upkeep]\n|-heal|p1a: Gastrodon|61\/100|[from] item: Leftovers\n|-sideend|p1: lolIwatchYT|move: Light Screen\n|upkeep\n|\n|t:|1699706044\n|switch|p1b: Azumarill|Azumarill, M|15\/100\n|switch|p2a: Brambleghast|Brambleghast, M, shiny|100\/100\n|-damage|p1b: Azumarill|2\/100|[from] Stealth Rock\n|-damage|p1b: Azumarill|0 fnt|[from] Spikes\n|faint|p1b: Azumarill\n|\n|t:|1699706048\n|switch|p1b: Tornadus|Tornadus, M|94\/100\n|-damage|p1b: Tornadus|69\/100|[from] Stealth Rock\n|turn|11\n|\n|t:|1699706058\n|-terastallize|p1a: Gastrodon|Bug\n|move|p1b: Tornadus|Protect|p1b: Tornadus\n|-singleturn|p1b: Tornadus|Protect\n|move|p2b: Kilowattrel|Tailwind|p2b: Kilowattrel\n|-sidestart|p2: TY SM MY GUY|move: Tailwind\n|-ability|p2a: Brambleghast|Wind Rider|boost\n|-boost|p2a: Brambleghast|atk|1\n|move|p2a: Brambleghast|Seed Bomb|p1a: Gastrodon\n|-resisted|p1a: Gastrodon\n|-damage|p1a: Gastrodon|19\/100\n|-damage|p2a: Brambleghast|91\/100|[from] item: Life Orb\n|move|p1a: Gastrodon|Muddy Water|p2a: Brambleghast|[spread] p2b\n|-miss|p1a: Gastrodon|p2a: Brambleghast\n|-damage|p2b: Kilowattrel|0 fnt\n|faint|p2b: Kilowattrel\n|\n|-weather|RainDance|[upkeep]\n|-heal|p1a: Gastrodon|25\/100|[from] item: Leftovers\n|upkeep\n|\n|t:|1699706067\n|switch|p2b: Politoed|Politoed, M, shiny|2\/100\n|turn|12\n|l|\u2606TY SM MY GUY\n|player|p2|\n|\n|t:|1699706095\n|move|p2a: Brambleghast|Poltergeist|p1b: Tornadus\n|-activate|p1b: Tornadus|move: Poltergeist|Covert Cloak\n|-damage|p1b: Tornadus|0 fnt\n|faint|p1b: Tornadus\n|-damage|p2a: Brambleghast|81\/100|[from] item: Life Orb\n|move|p2b: Politoed|Icy Wind|p1a: Gastrodon|[miss]\n|-miss|p2b: Politoed|p1a: Gastrodon\n|move|p1a: Gastrodon|Recover|p1a: Gastrodon\n|-heal|p1a: Gastrodon|75\/100\n|\n|-weather|none\n|-heal|p1a: Gastrodon|81\/100|[from] item: Leftovers\n|upkeep\n|turn|13\n|j|\u2606TY SM MY GUY\n|player|p2|TY SM MY GUY|hoopster\n|inactive|Battle timer is ON: inactive players will automatically lose when time's up. (requested by TY SM MY GUY)\n|\n|t:|1699706125\n|move|p2a: Brambleghast|Rapid Spin|p1a: Gastrodon\n|-damage|p1a: Gastrodon|49\/100\n|-boost|p2a: Brambleghast|spe|1\n|-damage|p2a: Brambleghast|71\/100|[from] item: Life Orb\n|move|p2b: Politoed|Encore|p1a: Gastrodon\n|-start|p1a: Gastrodon|Encore\n|move|p1a: Gastrodon|Recover|p1a: Gastrodon\n|-heal|p1a: Gastrodon|99\/100\n|\n|-heal|p1a: Gastrodon|100\/100|[from] item: Leftovers\n|upkeep\n|turn|14\n|c|\u2606TY SM MY GUY|Gg\n|l|\u2606TY SM MY GUY\n|inactive|TY SM MY GUY disconnected and has a minute to reconnect!\n|player|p2|\n|-message|lolIwatchYT forfeited.\n|\n|win|TY SM MY GUY\n|raw|lolIwatchYT's rating: 1385 &rarr; <strong>1358<\/strong><br \/>(-27 for losing)\n|raw|TY SM MY GUY's rating: 1265 &rarr; <strong>1298<\/strong><br \/>(+33 for winning)\n|l|\u2606lolIwatchYT\n|j|\u2606TY SM MY GUY\n|player|p2|TY SM MY GUY|hoopster\n|l|\u2606TY SM MY GUY\n|player|p2|\n|j|\u2606TY SM MY GUY\n|player|p2|TY SM MY GUY|hoopster\n|l|\u2606TY SM MY GUY\n|player|p2|\n|j|\u2606TY SM MY GUY\n|player|p2|TY SM MY GUY|hoopster\n","uploadtime":1699706232,"views":4,"p1id":"loliwatchyt","p2id":"tysmmyguy","formatid":"gen9doublesou","rating":1298,"private":0,"password":""}