{"id":"gen9doublesou-1973663462","p1":"Wready","p2":"phoenix3TA","format":"[Gen 9] Doubles OU","log":"|j|\u2606Wready\n|j|\u2606phoenix3TA\n|t:|1698001102\n|gametype|doubles\n|player|p1|Wready|266|1051\n|player|p2|phoenix3TA|101|1000\n|teamsize|p1|6\n|teamsize|p2|6\n|gen|9\n|tier|[Gen 9] Doubles OU\n|rated|\n|rule|Species Clause: Limit one of each Pok\u00e9mon\n|rule|OHKO Clause: OHKO moves are banned\n|rule|Evasion Moves Clause: Evasion moves are banned\n|rule|Gravity Sleep Clause: The combination of sleep-inducing moves with imperfect accuracy and Gravity or Gigantamax Orbeetle are banned\n|rule|Endless Battle Clause: Forcing endless battles is banned\n|rule|HP Percentage Mod: HP is shown in percentages\n|clearpoke\n|poke|p1|Slaking, F|\n|poke|p1|Slowking-Galar, F|\n|poke|p1|Rillaboom, F|\n|poke|p1|Armarouge, F|\n|poke|p1|Empoleon, M|\n|poke|p1|Kingambit, F|\n|poke|p2|Maushold-Four|\n|poke|p2|Infernape, F|\n|poke|p2|Murkrow, F|\n|poke|p2|Thundurus, M|\n|poke|p2|Grimmsnarl, M|\n|poke|p2|Diancie|\n|teampreview\n|inactive|Battle timer is ON: inactive players will automatically lose when time's up. (requested by Wready)\n|\n|t:|1698001116\n|start\n|switch|p1a: Slowking|Slowking-Galar, F|100\/100\n|switch|p1b: Slaking|Slaking, F|100\/100\n|switch|p2a: Murkrow|Murkrow, F, shiny|100\/100\n|switch|p2b: Maushold|Maushold-Four|100\/100\n|-clearboost|p1b: Slaking|[from] ability: Curious Medicine|[of] p1a: Slowking\n|turn|1\n|\n|t:|1698001135\n|-terastallize|p2b: Maushold|Normal\n|move|p1b: Slaking|Protect|p1b: Slaking\n|-singleturn|p1b: Slaking|Protect\n|move|p2b: Maushold|Population Bomb|p1b: Slaking\n|-activate|p1b: Slaking|move: Protect\n|move|p2a: Murkrow|Whirlwind|p1a: Slowking\n|drag|p1a: Armarouge|Armarouge, F|100\/100\n|\n|upkeep\n|turn|2\n|inactive|Wready has 120 seconds left.\n|\n|t:|1698001169\n|switch|p1b: Empoleon|Empoleon, M|100\/100\n|move|p2b: Maushold|Population Bomb|p1b: Empoleon\n|-resisted|p1b: Empoleon\n|-crit|p1b: Empoleon\n|-damage|p1b: Empoleon|88\/100\n|-resisted|p1b: Empoleon\n|-damage|p1b: Empoleon|81\/100\n|-resisted|p1b: Empoleon\n|-damage|p1b: Empoleon|73\/100\n|-resisted|p1b: Empoleon\n|-damage|p1b: Empoleon|66\/100\n|-resisted|p1b: Empoleon\n|-damage|p1b: Empoleon|58\/100\n|-resisted|p1b: Empoleon\n|-damage|p1b: Empoleon|51\/100\n|-resisted|p1b: Empoleon\n|-damage|p1b: Empoleon|43\/100\n|-resisted|p1b: Empoleon\n|-damage|p1b: Empoleon|36\/100\n|-resisted|p1b: Empoleon\n|-damage|p1b: Empoleon|28\/100\n|-resisted|p1b: Empoleon\n|-damage|p1b: Empoleon|20\/100\n|-hitcount|p1b: Empoleon|10\n|move|p2a: Murkrow|Icy Wind|p1b: Empoleon|[spread] p1a,p1b\n|-resisted|p1a: Armarouge\n|-resisted|p1b: Empoleon\n|-damage|p1a: Armarouge|96\/100\n|-damage|p1b: Empoleon|19\/100\n|-unboost|p1a: Armarouge|spe|1\n|-unboost|p1b: Empoleon|spe|1\n|-ability|p1b: Empoleon|Competitive|boost\n|-boost|p1b: Empoleon|spa|2\n|move|p1a: Armarouge|Trick Room|p1a: Armarouge\n|-fieldstart|move: Trick Room|[of] p1a: Armarouge\n|\n|upkeep\n|turn|3\n|inactive|Wready has 120 seconds left.\n|inactive|phoenix3TA has 120 seconds left.\n|\n|t:|1698001203\n|switch|p2a: Diancie|Diancie, shiny|100\/100\n|move|p1b: Empoleon|Ice Beam|p2a: Diancie\n|-damage|p2a: Diancie|31\/100\n|-damage|p1b: Empoleon|9\/100|[from] item: Life Orb\n|move|p1a: Armarouge|Aura Sphere|p2b: Maushold\n|-supereffective|p2b: Maushold\n|-damage|p2b: Maushold|11\/100\n|move|p2b: Maushold|Population Bomb|p1a: Armarouge\n|-damage|p1a: Armarouge|83\/100\n|-damage|p1a: Armarouge|69\/100\n|-damage|p1a: Armarouge|55\/100\n|-damage|p1a: Armarouge|41\/100\n|-damage|p1a: Armarouge|26\/100\n|-damage|p1a: Armarouge|14\/100\n|-damage|p1a: Armarouge|0 fnt\n|faint|p1a: Armarouge\n|-hitcount|p1: Armarouge|7\n|\n|upkeep\n|\n|t:|1698001218\n|switch|p1a: Big Oof|Kingambit, F|100\/100\n|-activate|p1a: Big Oof|ability: Supreme Overlord\n|-start|p1a: Big Oof|fallen1|[silent]\n|turn|4\n|\n|t:|1698001227\n|move|p2b: Maushold|Follow Me|p2b: Maushold\n|-singleturn|p2b: Maushold|move: Follow Me\n|move|p1b: Empoleon|Icy Wind|p2a: Diancie|[spread] p2a,p2b\n|-damage|p2a: Diancie|0 fnt\n|-damage|p2b: Maushold|0 fnt\n|faint|p2a: Diancie\n|faint|p2b: Maushold\n|-damage|p1b: Empoleon|0 fnt|[from] item: Life Orb\n|faint|p1b: Empoleon\n|move|p1a: Big Oof|Swords Dance|p1a: Big Oof\n|-boost|p1a: Big Oof|atk|2\n|\n|upkeep\n|\n|t:|1698001248\n|switch|p1b: Slowking|Slowking-Galar, F|100\/100\n|switch|p2a: Grimmsnarl|Grimmsnarl, M, shiny|100\/100\n|switch|p2b: Infernape|Infernape, F, shiny|100\/100\n|-clearboost|p1a: Big Oof|[from] ability: Curious Medicine|[of] p1b: Slowking\n|turn|5\n|\n|t:|1698001270\n|move|p1b: Slowking|Helping Hand|p1a: Big Oof\n|-singleturn|p1a: Big Oof|Helping Hand|[of] p1b: Slowking\n|move|p1a: Big Oof|Sucker Punch|p2b: Infernape\n|-resisted|p2b: Infernape\n|-damage|p2b: Infernape|49\/100\n|move|p2a: Grimmsnarl|Light Screen|p2a: Grimmsnarl\n|-sidestart|p2: phoenix3TA|move: Light Screen\n|move|p2b: Infernape|Fire Punch|p1a: Big Oof\n|-supereffective|p1a: Big Oof\n|-damage|p1a: Big Oof|32\/100\n|\n|-heal|p1a: Big Oof|38\/100|[from] item: Leftovers\n|upkeep\n|turn|6\n|inactive|Wready has 120 seconds left.\n|\n|t:|1698001303\n|move|p1b: Slowking|Helping Hand|p1a: Big Oof\n|-singleturn|p1a: Big Oof|Helping Hand|[of] p1b: Slowking\n|move|p1a: Big Oof|Sucker Punch|p2b: Infernape\n|-resisted|p2b: Infernape\n|-damage|p2b: Infernape|1\/100\n|move|p2a: Grimmsnarl|Reflect|p2a: Grimmsnarl\n|-sidestart|p2: phoenix3TA|Reflect\n|move|p2b: Infernape|Fire Punch|p1a: Big Oof\n|-supereffective|p1a: Big Oof\n|-damage|p1a: Big Oof|0 fnt\n|faint|p1a: Big Oof\n|-end|p1a: Big Oof|fallen1|[silent]\n|\n|-fieldend|move: Trick Room\n|upkeep\n|inactive|Wready has 120 seconds left.\n|\n|t:|1698001314\n|switch|p1a: Slaking|Slaking, F|100\/100\n|turn|7\n|\n|t:|1698001330\n|move|p1a: Slaking|Protect|p1a: Slaking\n|-singleturn|p1a: Slaking|Protect\n|move|p2b: Infernape|Close Combat|p1a: Slaking\n|-activate|p1a: Slaking|move: Protect\n|move|p2a: Grimmsnarl|Dazzling Gleam|p1b: Slowking|[spread] p1b\n|-activate|p1a: Slaking|move: Protect\n|-resisted|p1b: Slowking\n|-damage|p1b: Slowking|94\/100\n|move|p1b: Slowking|Trick Room|p1b: Slowking\n|-fieldstart|move: Trick Room|[of] p1b: Slowking\n|\n|-heal|p1b: Slowking|99\/100|[from] item: Leftovers\n|upkeep\n|turn|8\n|\n|t:|1698001358\n|move|p1b: Slowking|Skill Swap|p1a: Slaking\n|-activate|p1b: Slowking|move: Skill Swap|||[of] p1a: Slaking\n|-clearboost|p1b: Slowking|[from] ability: Curious Medicine|[of] p1a: Slaking\n|move|p2a: Grimmsnarl|Trailblaze|p1a: Slaking\n|-damage|p1a: Slaking|93\/100\n|-boost|p2a: Grimmsnarl|spe|1\n|move|p1a: Slaking|Knock Off|p2b: Infernape\n|-resisted|p2b: Infernape\n|-damage|p2b: Infernape|0 fnt\n|-enditem|p2b: Infernape|Punching Glove|[from] move: Knock Off|[of] p1a: Slaking\n|faint|p2b: Infernape\n|\n|-heal|p1b: Slowking|100\/100|[from] item: Leftovers\n|-heal|p1a: Slaking|99\/100|[from] item: Leftovers\n|upkeep\n|\n|t:|1698001373\n|switch|p2b: Thundurus|Thundurus, M, shiny|100\/100\n|turn|9\n|inactive|Wready has 120 seconds left.\n|\n|t:|1698001404\n|cant|p1b: Slowking|ability: Truant\n|move|p1a: Slaking|Body Slam|p2b: Thundurus\n|-damage|p2b: Thundurus|51\/100\n|-damage|p1a: Slaking|82\/100|[from] item: Rocky Helmet|[of] p2b: Thundurus\n|move|p2a: Grimmsnarl|Trailblaze|p1a: Slaking\n|-damage|p1a: Slaking|74\/100\n|-boost|p2a: Grimmsnarl|spe|1\n|move|p2b: Thundurus|Thunderbolt|p1a: Slaking\n|-damage|p1a: Slaking|31\/100\n|\n|-heal|p1a: Slaking|37\/100|[from] item: Leftovers\n|-sideend|p2: phoenix3TA|move: Light Screen\n|upkeep\n|turn|10\n|inactive|phoenix3TA has 120 seconds left.\n|\n|t:|1698001440\n|move|p1a: Slaking|Protect|p1a: Slaking\n|-singleturn|p1a: Slaking|Protect\n|move|p2a: Grimmsnarl|Light Screen|p2a: Grimmsnarl\n|-sidestart|p2: phoenix3TA|move: Light Screen\n|move|p1b: Slowking|Skill Swap|p2b: Thundurus\n|-activate|p1b: Slowking|move: Skill Swap|Prankster|Truant|[of] p2b: Thundurus\n|move|p2b: Thundurus|Thunderbolt|p1a: Slaking\n|-activate|p1a: Slaking|move: Protect\n|\n|-heal|p1a: Slaking|43\/100|[from] item: Leftovers\n|-sideend|p2: phoenix3TA|Reflect\n|upkeep\n|turn|11\n|\n|t:|1698001464\n|move|p1b: Slowking|Heal Pulse|p1a: Slaking\n|-heal|p1a: Slaking|93\/100\n|move|p2a: Grimmsnarl|Reflect|p2a: Grimmsnarl\n|-sidestart|p2: phoenix3TA|Reflect\n|move|p1a: Slaking|Body Slam|p2b: Thundurus\n|-damage|p2b: Thundurus|8\/100\n|-damage|p1a: Slaking|76\/100|[from] item: Rocky Helmet|[of] p2b: Thundurus\n|cant|p2b: Thundurus|ability: Truant\n|\n|-heal|p1a: Slaking|82\/100|[from] item: Leftovers\n|-fieldend|move: Trick Room\n|upkeep\n|turn|12\n|\n|t:|1698001485\n|move|p1a: Slaking|Protect|p1a: Slaking\n|-singleturn|p1a: Slaking|Protect\n|move|p2a: Grimmsnarl|Dazzling Gleam|p1b: Slowking|[spread] p1b\n|-activate|p1a: Slaking|move: Protect\n|-resisted|p1b: Slowking\n|-damage|p1b: Slowking|93\/100\n|move|p2b: Thundurus|Thunderbolt|p1a: Slaking\n|-activate|p1a: Slaking|move: Protect\n|move|p1b: Slowking|Trick Room|p1b: Slowking\n|-fieldstart|move: Trick Room|[of] p1b: Slowking\n|\n|-heal|p1b: Slowking|99\/100|[from] item: Leftovers\n|-heal|p1a: Slaking|89\/100|[from] item: Leftovers\n|upkeep\n|turn|13\n|inactive|Wready has 120 seconds left.\n|\n|t:|1698001518\n|move|p1b: Slowking|Heal Pulse|p1a: Slaking\n|-heal|p1a: Slaking|100\/100\n|move|p1a: Slaking|Body Slam|p2b: Thundurus\n|-damage|p2b: Thundurus|0 fnt\n|-damage|p1a: Slaking|84\/100|[from] item: Rocky Helmet|[of] p2b: Thundurus\n|faint|p2b: Thundurus\n|move|p2a: Grimmsnarl|Trailblaze|p1b: Slowking\n|-resisted|p1b: Slowking\n|-damage|p1b: Slowking|94\/100\n|-boost|p2a: Grimmsnarl|spe|1\n|\n|-heal|p1b: Slowking|99\/100|[from] item: Leftovers\n|-heal|p1a: Slaking|90\/100|[from] item: Leftovers\n|upkeep\n|inactive|phoenix3TA has 120 seconds left.\n|\n|t:|1698001534\n|switch|p2b: Murkrow|Murkrow, F, shiny|100\/100\n|turn|14\n|\n|t:|1698001556\n|move|p1b: Slowking|Heal Pulse|p1a: Slaking\n|-heal|p1a: Slaking|100\/100\n|move|p1a: Slaking|Body Slam|p2b: Murkrow\n|-damage|p2b: Murkrow|52\/100\n|move|p2b: Murkrow|U-turn|p1b: Slowking\n|-damage|p1b: Slowking|89\/100\n|move|p2a: Grimmsnarl|Dazzling Gleam|p1b: Slowking|[spread] p1a,p1b\n|-resisted|p1b: Slowking\n|-damage|p1a: Slaking|81\/100\n|-damage|p1b: Slowking|81\/100\n|\n|-heal|p1b: Slowking|88\/100|[from] item: Leftovers\n|-heal|p1a: Slaking|87\/100|[from] item: Leftovers\n|-sideend|p2: phoenix3TA|move: Light Screen\n|upkeep\n|turn|15\n|\n|t:|1698001575\n|move|p1b: Slowking|Helping Hand|p1a: Slaking\n|-singleturn|p1a: Slaking|Helping Hand|[of] p1b: Slowking\n|move|p1a: Slaking|Body Slam|p2b: Murkrow\n|-damage|p2b: Murkrow|0 fnt\n|faint|p2b: Murkrow\n|move|p2a: Grimmsnarl|Dazzling Gleam|p1b: Slowking|[spread] p1a,p1b\n|-resisted|p1b: Slowking\n|-damage|p1a: Slaking|68\/100\n|-damage|p1b: Slowking|81\/100\n|\n|-heal|p1b: Slowking|87\/100|[from] item: Leftovers\n|-heal|p1a: Slaking|74\/100|[from] item: Leftovers\n|-sideend|p2: phoenix3TA|Reflect\n|upkeep\n|turn|16\n|-message|phoenix3TA forfeited.\n|\n|win|Wready\n|raw|Wready's rating: 1051 &rarr; <strong>1079<\/strong><br \/>(+28 for winning)\n|raw|phoenix3TA's rating: 1000 &rarr; <strong>1000<\/strong><br \/>(+0 for losing)\n|l|\u2606phoenix3TA\n","uploadtime":1698001595,"views":14,"p1id":"wready","p2id":"phoenix3ta","formatid":"gen9doublesou","rating":1000,"private":0,"password":""}