{"id":"gen9doublesou-1975158992","p1":"MeowMeow33","p2":"ChimeBliss","format":"[Gen 9] Doubles OU","log":"|j|\u2606MeowMeow33\n|j|\u2606ChimeBliss\n|t:|1698166461\n|gametype|doubles\n|player|p1|MeowMeow33|101|1559\n|player|p2|ChimeBliss|dawn-gen4pt|1487\n|teamsize|p1|6\n|teamsize|p2|6\n|gen|9\n|tier|[Gen 9] Doubles OU\n|rated|\n|rule|Species Clause: Limit one of each Pok\u00e9mon\n|rule|OHKO Clause: OHKO moves are banned\n|rule|Evasion Moves Clause: Evasion moves are banned\n|rule|Gravity Sleep Clause: The combination of sleep-inducing moves with imperfect accuracy and Gravity or Gigantamax Orbeetle are banned\n|rule|Endless Battle Clause: Forcing endless battles is banned\n|rule|HP Percentage Mod: HP is shown in percentages\n|clearpoke\n|poke|p1|Conkeldurr, F|\n|poke|p1|Dusclops, M|\n|poke|p1|Iron Hands|\n|poke|p1|Gastrodon, F|\n|poke|p1|Kingambit, M|\n|poke|p1|Armarouge, M|\n|poke|p2|Chien-Pao|\n|poke|p2|Tornadus, M|\n|poke|p2|Dragonite, M|\n|poke|p2|Chi-Yu|\n|poke|p2|Flutter Mane|\n|poke|p2|Landorus, M|\n|teampreview\n|inactive|Battle timer is ON: inactive players will automatically lose when time's up. (requested by ChimeBliss)\n|\n|t:|1698166474\n|start\n|switch|p1a: pegs|Dusclops, M|100\/100\n|switch|p1b: Timber|Conkeldurr, F|100\/100\n|switch|p2a: Tornadus|Tornadus, M|100\/100\n|switch|p2b: Flutter Mane|Flutter Mane|100\/100\n|-item|p2a: Tornadus|Focus Sash|[from] ability: Frisk|[of] p1a: pegs|[identify]\n|-item|p2b: Flutter Mane|Choice Specs|[from] ability: Frisk|[of] p1a: pegs|[identify]\n|turn|1\n|\n|t:|1698166484\n|-terastallize|p1a: pegs|Dark\n|move|p1b: Timber|Wide Guard|p1b: Timber\n|-singleturn|p1b: Timber|Wide Guard\n|move|p2a: Tornadus|Taunt|p1a: pegs\n|-hint|Since gen 7, Dark is immune to Prankster moves.\n|-immune|p1a: pegs\n|move|p2b: Flutter Mane|Moonblast|p1b: Timber\n|-supereffective|p1b: Timber\n|-damage|p1b: Timber|0 fnt\n|faint|p1b: Timber\n|move|p1a: pegs|Trick Room|p1a: pegs\n|-fieldstart|move: Trick Room|[of] p1a: pegs\n|\n|upkeep\n|\n|t:|1698166494\n|switch|p1b: Walle|Kingambit, M|100\/100\n|-activate|p1b: Walle|ability: Supreme Overlord\n|-start|p1b: Walle|fallen1|[silent]\n|turn|2\n|\n|t:|1698166503\n|-end|p2b: Flutter Mane|Protosynthesis|[silent]\n|switch|p2b: Chi-Yu|Chi-Yu|100\/100\n|-ability|p2b: Chi-Yu|Beads of Ruin\n|move|p2a: Tornadus|Protect|p2a: Tornadus\n|-singleturn|p2a: Tornadus|Protect\n|move|p1a: pegs|Night Shade|p2a: Tornadus\n|-activate|p2a: Tornadus|move: Protect\n|move|p1b: Walle|Iron Head|p2b: Chi-Yu\n|-resisted|p2b: Chi-Yu\n|-damage|p2b: Chi-Yu|62\/100\n|\n|upkeep\n|turn|3\n|\n|t:|1698166524\n|move|p1a: pegs|Night Shade|p2b: Chi-Yu\n|-damage|p2b: Chi-Yu|22\/100\n|move|p1b: Walle|Kowtow Cleave|p2b: Chi-Yu\n|-resisted|p2b: Chi-Yu\n|-damage|p2b: Chi-Yu|0 fnt\n|faint|p2b: Chi-Yu\n|move|p2a: Tornadus|Bleakwind Storm|p1b: Walle|[spread] p1b\n|-miss|p2a: Tornadus|p1a: pegs\n|-resisted|p1b: Walle\n|-damage|p1b: Walle|81\/100\n|\n|upkeep\n|inactive|ChimeBliss has 120 seconds left.\n|\n|t:|1698166543\n|switch|p2b: Landorus|Landorus, M|100\/100\n|turn|4\n|\n|t:|1698166558\n|-end|p1b: Walle|fallen1|[silent]\n|switch|p1b: strawberry|Gastrodon, F|100\/100\n|move|p2b: Landorus|Protect|p2b: Landorus\n|-singleturn|p2b: Landorus|Protect\n|move|p1a: pegs|Night Shade|p2b: Landorus\n|-activate|p2b: Landorus|move: Protect\n|move|p2a: Tornadus|Bleakwind Storm|p1b: strawberry|[spread] p1a,p1b\n|-damage|p1a: pegs|77\/100\n|-damage|p1b: strawberry|65\/100\n|\n|upkeep\n|turn|5\n|\n|t:|1698166566\n|move|p1a: pegs|Night Shade|p2b: Landorus\n|-damage|p2b: Landorus|69\/100\n|move|p1b: strawberry|Muddy Water|p2b: Landorus|[spread] p2a,p2b\n|-supereffective|p2b: Landorus\n|-damage|p2a: Tornadus|56\/100\n|-damage|p2b: Landorus|0 fnt\n|faint|p2b: Landorus\n|move|p2a: Tornadus|Bleakwind Storm|p1a: pegs|[spread] p1b\n|-miss|p2a: Tornadus|p1a: pegs\n|-damage|p1b: strawberry|28\/100\n|\n|-fieldend|move: Trick Room\n|upkeep\n|\n|t:|1698166575\n|switch|p2b: Flutter Mane|Flutter Mane|100\/100\n|turn|6\n|\n|t:|1698166595\n|move|p2b: Flutter Mane|Moonblast|p1a: pegs\n|-supereffective|p1a: pegs\n|-damage|p1a: pegs|0 fnt\n|faint|p1a: pegs\n|move|p2a: Tornadus|Bleakwind Storm|p1b: strawberry\n|-damage|p1b: strawberry|0 fnt\n|faint|p1b: strawberry\n|\n|upkeep\n|\n|t:|1698166601\n|switch|p1b: nosepazz 2.0|Iron Hands|100\/100\n|switch|p1a: Fuego man|Armarouge, M|100\/100\n|turn|7\n|\n|t:|1698166614\n|move|p1b: nosepazz 2.0|Fake Out|p2a: Tornadus\n|-damage|p2a: Tornadus|29\/100\n|cant|p2a: Tornadus|flinch\n|move|p2b: Flutter Mane|Moonblast|p1b: nosepazz 2.0\n|-supereffective|p1b: nosepazz 2.0\n|-damage|p1b: nosepazz 2.0|2\/100\n|move|p1a: Fuego man|Trick Room|p1a: Fuego man\n|-fieldstart|move: Trick Room|[of] p1a: Fuego man\n|-enditem|p1a: Fuego man|Room Service\n|-unboost|p1a: Fuego man|spe|1|[from] item: Room Service\n|\n|upkeep\n|turn|8\n|\n|t:|1698166632\n|move|p1a: Fuego man|Psychic|p2a: Tornadus\n|-damage|p2a: Tornadus|0 fnt\n|faint|p2a: Tornadus\n|move|p1b: nosepazz 2.0|Wild Charge|p2b: Flutter Mane\n|-damage|p2b: Flutter Mane|0 fnt\n|faint|p2b: Flutter Mane\n|-end|p2b: Flutter Mane|Protosynthesis|[silent]\n|-damage|p1b: nosepazz 2.0|0 fnt|[from] Recoil\n|faint|p1b: nosepazz 2.0\n|-end|p1b: nosepazz 2.0|Quark Drive|[silent]\n|\n|upkeep\n|\n|t:|1698166641\n|switch|p1b: Walle|Kingambit, M|81\/100\n|switch|p2a: Dragonite|Dragonite, M, shiny|100\/100\n|switch|p2b: Chien-Pao|Chien-Pao|100\/100\n|-activate|p1b: Walle|ability: Supreme Overlord\n|-start|p1b: Walle|fallen4|[silent]\n|-ability|p2b: Chien-Pao|Sword of Ruin\n|turn|9\n|\n|t:|1698166662\n|-terastallize|p2a: Dragonite|Normal\n|move|p1a: Fuego man|Protect|p1a: Fuego man\n|-singleturn|p1a: Fuego man|Protect\n|move|p2a: Dragonite|Extreme Speed|p1b: Walle\n|-resisted|p1b: Walle\n|-damage|p1b: Walle|48\/100\n|move|p2b: Chien-Pao|Sucker Punch||[still]\n|-fail|p2b: Chien-Pao\n|move|p1b: Walle|Iron Head|p2b: Chien-Pao\n|-supereffective|p2b: Chien-Pao\n|-enditem|p2b: Chien-Pao|Focus Sash\n|-damage|p2b: Chien-Pao|1\/100\n|\n|upkeep\n|turn|10\n|\n|t:|1698166687\n|move|p1a: Fuego man|Protect||[still]\n|-fail|p1a: Fuego man\n|move|p2b: Chien-Pao|Protect|p2b: Chien-Pao\n|-singleturn|p2b: Chien-Pao|Protect\n|move|p2a: Dragonite|Extreme Speed|p1b: Walle\n|-resisted|p1b: Walle\n|-damage|p1b: Walle|17\/100\n|move|p1b: Walle|Iron Head|p2b: Chien-Pao\n|-activate|p2b: Chien-Pao|move: Protect\n|\n|upkeep\n|turn|11\n|\n|t:|1698166693\n|move|p1a: Fuego man|Protect|p1a: Fuego man\n|-singleturn|p1a: Fuego man|Protect\n|move|p2a: Dragonite|Extreme Speed|p1b: Walle\n|-resisted|p1b: Walle\n|-damage|p1b: Walle|0 fnt\n|faint|p1b: Walle\n|-end|p1b: Walle|fallen4|[silent]\n|move|p2b: Chien-Pao|Sucker Punch||[still]\n|-fail|p2b: Chien-Pao\n|\n|-fieldend|move: Trick Room\n|upkeep\n|turn|12\n|-message|MeowMeow33 forfeited.\n|\n|win|ChimeBliss\n|raw|MeowMeow33's rating: 1559 &rarr; <strong>1535<\/strong><br \/>(-24 for losing)\n|raw|ChimeBliss's rating: 1487 &rarr; <strong>1511<\/strong><br \/>(+24 for winning)\n|l|\u2606MeowMeow33\n","uploadtime":1698166710,"views":9,"p1id":"meowmeow33","p2id":"chimebliss","formatid":"gen9doublesou","rating":1511,"private":0,"password":""}