{"id":"gen9doublesou-1970374445","p1":"pazzoidiota","p2":"erce1234","format":"[Gen 9] Doubles OU","log":"|j|\u2606pazzoidiota\n|j|\u2606erce1234\n|t:|1697633286\n|gametype|doubles\n|player|p1|pazzoidiota|lady-gen4|1024\n|player|p2|erce1234|bugsy|1049\n|teamsize|p1|6\n|teamsize|p2|6\n|gen|9\n|tier|[Gen 9] Doubles OU\n|rated|\n|rule|Species Clause: Limit one of each Pok\u00e9mon\n|rule|OHKO Clause: OHKO moves are banned\n|rule|Evasion Moves Clause: Evasion moves are banned\n|rule|Gravity Sleep Clause: The combination of sleep-inducing moves with imperfect accuracy and Gravity or Gigantamax Orbeetle are banned\n|rule|Endless Battle Clause: Forcing endless battles is banned\n|rule|HP Percentage Mod: HP is shown in percentages\n|clearpoke\n|poke|p1|Amoonguss, F|\n|poke|p1|Regieleki|\n|poke|p1|Chandelure, M|\n|poke|p1|Basculegion-F, F|\n|poke|p1|Kingambit, F|\n|poke|p1|Ursaluna, F|\n|poke|p2|Mew|\n|poke|p2|Enamorus, F|\n|poke|p2|Lokix, M|\n|poke|p2|Amoonguss, M|\n|poke|p2|Arcanine-Hisui, F|\n|poke|p2|Sneasler, F|\n|teampreview\n|c|\u2606erce1234|hehe we both have amoonguss\n|\n|t:|1697633318\n|start\n|switch|p1a: Amoonguss|Amoonguss, F|100\/100\n|switch|p1b: Chandelure|Chandelure, M|100\/100\n|switch|p2a: Mew|Mew|100\/100\n|switch|p2b: Enamorus|Enamorus, F|100\/100\n|turn|1\n|\n|t:|1697633362\n|move|p2b: Enamorus|Earth Power|p1b: Chandelure\n|-supereffective|p1b: Chandelure\n|-damage|p1b: Chandelure|28\/100\n|move|p2a: Mew|Skill Swap|p2b: Enamorus\n|-activate|p2a: Mew|move: Skill Swap|||[of] p2b: Enamorus\n|move|p1b: Chandelure|Shadow Ball|p2a: Mew\n|-supereffective|p2a: Mew\n|-damage|p2a: Mew|0 fnt\n|faint|p2a: Mew\n|move|p1a: Amoonguss|Spore|p2b: Enamorus\n|-status|p2b: Enamorus|slp|[from] move: Spore\n|\n|upkeep\n|c|\u2606erce1234|gwuhhhh i should have terrad meewwww\n|c|\u2606erce1234|uwahhh\n|\n|t:|1697633406\n|switch|p2a: Arcanine|Arcanine-Hisui, F|100\/100\n|turn|2\n|\n|t:|1697633438\n|switch|p2b: Lokix|Lokix, M|100\/100\n|switch|p1a: Basculegion|Basculegion-F, F|100\/100\n|move|p2a: Arcanine|Head Smash|p1b: Chandelure\n|-supereffective|p1b: Chandelure\n|-damage|p1b: Chandelure|0 fnt\n|faint|p1b: Chandelure\n|\n|upkeep\n|\n|t:|1697633462\n|switch|p1b: Kingambit|Kingambit, F|100\/100\n|turn|3\n|\n|t:|1697633486\n|-terastallize|p2a: Arcanine|Grass\n|move|p2b: Lokix|First Impression|p1a: Basculegion\n|-resisted|p1a: Basculegion\n|-damage|p1a: Basculegion|44\/100\n|move|p1a: Basculegion|Aqua Jet|p2a: Arcanine\n|-resisted|p2a: Arcanine\n|-damage|p2a: Arcanine|88\/100\n|move|p2a: Arcanine|Flare Blitz|p1b: Kingambit\n|-supereffective|p1b: Kingambit\n|-crit|p1b: Kingambit\n|-enditem|p1b: Kingambit|Focus Sash\n|-damage|p1b: Kingambit|1\/100\n|move|p1b: Kingambit|Poison Jab|p2b: Lokix\n|-damage|p2b: Lokix|53\/100\n|\n|upkeep\n|turn|4\n|\n|t:|1697633512\n|switch|p1b: Regieleki|Regieleki|100\/100\n|move|p2a: Arcanine|Extreme Speed|p1b: Regieleki\n|-damage|p1b: Regieleki|41\/100\n|move|p2b: Lokix|Sucker Punch|p1a: Basculegion\n|-supereffective|p1a: Basculegion\n|-damage|p1a: Basculegion|0 fnt\n|faint|p1a: Basculegion\n|\n|upkeep\n|\n|t:|1697633527\n|switch|p1a: Ursaluna|Ursaluna, F|100\/100\n|turn|5\n|\n|t:|1697633553\n|move|p2a: Arcanine|Extreme Speed|p1b: Regieleki\n|-damage|p1b: Regieleki|0 fnt\n|faint|p1b: Regieleki\n|move|p2b: Lokix|Thief|p1a: Ursaluna\n|-crit|p1a: Ursaluna\n|-damage|p1a: Ursaluna|71\/100\n|-enditem|p1a: Ursaluna|Flame Orb|[silent]|[from] move: Thief|[of] p2b: Lokix\n|-item|p2b: Lokix|Flame Orb|[from] move: Thief|[of] p1a: Ursaluna\n|move|p1a: Ursaluna|Close Combat|p2b: Lokix\n|-damage|p2b: Lokix|0 fnt\n|-unboost|p1a: Ursaluna|def|1\n|-unboost|p1a: Ursaluna|spd|1\n|faint|p2b: Lokix\n|\n|upkeep\n|\n|t:|1697633585\n|switch|p1b: Kingambit|Kingambit, F|1\/100\n|switch|p2b: Amoonguss|Amoonguss, M|100\/100\n|turn|6\n|\n|t:|1697633617\n|move|p2a: Arcanine|Flare Blitz|p1b: Kingambit\n|-supereffective|p1b: Kingambit\n|-damage|p1b: Kingambit|0 fnt\n|faint|p1b: Kingambit\n|move|p1a: Ursaluna|Ice Punch|p2b: Amoonguss\n|-supereffective|p2b: Amoonguss\n|-damage|p2b: Amoonguss|34\/100\n|-damage|p1a: Ursaluna|54\/100|[from] item: Rocky Helmet|[of] p2b: Amoonguss\n|move|p2b: Amoonguss|Giga Drain|p1a: Ursaluna\n|-supereffective|p1a: Ursaluna\n|-crit|p1a: Ursaluna\n|-damage|p1a: Ursaluna|0 fnt\n|-heal|p2b: Amoonguss|59\/100|[from] drain|[of] p1a: Ursaluna\n|faint|p1a: Ursaluna\n|\n|upkeep\n|-message|pazzoidiota forfeited.\n|\n|win|erce1234\n|raw|pazzoidiota's rating: 1024 &rarr; <strong>1011<\/strong><br \/>(-13 for losing)\n|raw|erce1234's rating: 1049 &rarr; <strong>1079<\/strong><br \/>(+30 for winning)\n|l|\u2606pazzoidiota\n","uploadtime":1697633641,"views":19,"p1id":"pazzoidiota","p2id":"erce1234","formatid":"gen9doublesou","rating":1011,"private":0,"password":""}