{"id":"gen9doublesou-1978277112","p1":"Crvnxh","p2":"Critian Caceorte","format":"[Gen 9] Doubles OU","log":"|j|\u2606Crvnxh\n|j|\u2606Critian Caceorte\n|t:|1698519999\n|gametype|doubles\n|player|p1|Crvnxh|266|1069\n|player|p2|Critian Caceorte|1|1139\n|teamsize|p1|6\n|teamsize|p2|6\n|gen|9\n|tier|[Gen 9] Doubles OU\n|rated|\n|rule|Species Clause: Limit one of each Pok\u00e9mon\n|rule|OHKO Clause: OHKO moves are banned\n|rule|Evasion Moves Clause: Evasion moves are banned\n|rule|Gravity Sleep Clause: The combination of sleep-inducing moves with imperfect accuracy and Gravity or Gigantamax Orbeetle are banned\n|rule|Endless Battle Clause: Forcing endless battles is banned\n|rule|HP Percentage Mod: HP is shown in percentages\n|clearpoke\n|poke|p1|Palafin, M|\n|poke|p1|Flutter Mane|\n|poke|p1|Landorus-Therian, M|\n|poke|p1|Arcanine-Hisui, M|\n|poke|p1|Amoonguss, M|\n|poke|p1|Kingambit, M|\n|poke|p2|Torkoal, F|\n|poke|p2|Arcanine-Hisui, F|\n|poke|p2|Iron Moth|\n|poke|p2|Chandelure, M|\n|poke|p2|Talonflame, F|\n|poke|p2|Ninetales, F|\n|teampreview\n|\n|t:|1698520006\n|start\n|switch|p1a: Palafin|Palafin, M|100\/100\n|switch|p1b: Landorus|Landorus-Therian, M|100\/100\n|switch|p2a: Torkoal|Torkoal, F|100\/100\n|switch|p2b: Talonflame|Talonflame, F|100\/100\n|-ability|p1b: Landorus|Intimidate|boost\n|-unboost|p2a: Torkoal|atk|1\n|-unboost|p2b: Talonflame|atk|1\n|-weather|SunnyDay|[from] ability: Drought|[of] p2a: Torkoal\n|turn|1\n|\n|t:|1698520023\n|move|p2b: Talonflame|Substitute|p2b: Talonflame\n|-start|p2b: Talonflame|Substitute\n|-damage|p2b: Talonflame|76\/100\n|move|p1a: Palafin|Flip Turn|p2b: Talonflame\n|-supereffective|p2b: Talonflame\n|-end|p2b: Talonflame|Substitute\n|\n|t:|1698520040\n|detailschange|p1a: Palafin|Palafin-Hero, M\n|switch|p1a: Flutter Mane|Flutter Mane|100\/100|[from] Flip Turn\n|-activate|p1a: Flutter Mane|ability: Protosynthesis\n|-start|p1a: Flutter Mane|protosynthesisspe\n|move|p1b: Landorus|Taunt|p2a: Torkoal\n|-start|p2a: Torkoal|move: Taunt\n|cant|p2a: Torkoal|move: Taunt|Stealth Rock\n|\n|-weather|SunnyDay|[upkeep]\n|-heal|p2b: Talonflame|82\/100|[from] item: Leftovers\n|upkeep\n|turn|2\n|\n|t:|1698520059\n|move|p1a: Flutter Mane|Thunderbolt|p2b: Talonflame\n|-supereffective|p2b: Talonflame\n|-damage|p2b: Talonflame|0 fnt\n|faint|p2b: Talonflame\n|move|p1b: Landorus|Earthquake|p2a: Torkoal|[spread] p1a,p2a\n|-supereffective|p2a: Torkoal\n|-damage|p1a: Flutter Mane|13\/100\n|-damage|p2a: Torkoal|42\/100\n|move|p2a: Torkoal|Solar Beam||[still]\n|-prepare|p2a: Torkoal|Solar Beam\n|-anim|p2a: Torkoal|Solar Beam|p1a: Flutter Mane\n|-damage|p1a: Flutter Mane|0 fnt\n|faint|p1a: Flutter Mane\n|-end|p1a: Flutter Mane|Protosynthesis|[silent]\n|\n|-weather|SunnyDay|[upkeep]\n|upkeep\n|c|\u2606Crvnxh|HUHH\n|c|\u2606Crvnxh|no way I just did that\n|\n|t:|1698520092\n|switch|p1a: Palafin|Palafin-Hero, M|100\/100\n|switch|p2b: Arcanine|Arcanine-Hisui, F|100\/100\n|-activate|p1a: Palafin|ability: Zero to Hero\n|turn|3\n|\n|t:|1698520102\n|-terastallize|p2b: Arcanine|Electric\n|move|p2b: Arcanine|Wild Charge|p1a: Palafin\n|-supereffective|p1a: Palafin\n|-damage|p1a: Palafin|5\/100\n|move|p1a: Palafin|Bulk Up|p1a: Palafin\n|-boost|p1a: Palafin|atk|1\n|-boost|p1a: Palafin|def|1\n|move|p1b: Landorus|Earthquake|p2a: Torkoal|[spread] p1a,p2a,p2b\n|-supereffective|p2a: Torkoal\n|-supereffective|p2b: Arcanine\n|-damage|p1a: Palafin|0 fnt\n|-damage|p2a: Torkoal|0 fnt\n|-damage|p2b: Arcanine|7\/100\n|faint|p1a: Palafin\n|faint|p2a: Torkoal\n|\n|-weather|SunnyDay|[upkeep]\n|upkeep\n|\n|t:|1698520118\n|switch|p1a: Amoonguss|Amoonguss, M|100\/100\n|switch|p2a: Chandelure|Chandelure, M|100\/100\n|turn|4\n|\n|t:|1698520127\n|move|p2b: Arcanine|Wild Charge|p1a: Amoonguss\n|-resisted|p1a: Amoonguss\n|-damage|p1a: Amoonguss|76\/100\n|move|p1b: Landorus|Earthquake|p2b: Arcanine|[spread] p1a,p2a,p2b\n|-supereffective|p2a: Chandelure\n|-supereffective|p2b: Arcanine\n|-damage|p1a: Amoonguss|37\/100\n|-damage|p2a: Chandelure|6\/100\n|-damage|p2b: Arcanine|0 fnt\n|faint|p2b: Arcanine\n|move|p2a: Chandelure|Heat Wave|p1b: Landorus|[spread] p1b\n|-miss|p2a: Chandelure|p1a: Amoonguss\n|-damage|p1b: Landorus|39\/100\n|move|p1a: Amoonguss|Spore|p2a: Chandelure\n|-status|p2a: Chandelure|slp|[from] move: Spore\n|\n|-weather|SunnyDay|[upkeep]\n|-heal|p1a: Amoonguss|43\/100|[from] item: Black Sludge\n|upkeep\n|\n|t:|1698520142\n|switch|p2b: Iron Moth|Iron Moth|100\/100\n|turn|5\n|\n|t:|1698520167\n|move|p2b: Iron Moth|Sludge Wave|p1b: Landorus|[spread] p2a,p1a,p1b\n|-resisted|p2a: Chandelure\n|-resisted|p1b: Landorus\n|-damage|p2a: Chandelure|0 fnt\n|-damage|p1a: Amoonguss|17\/100\n|-damage|p1b: Landorus|18\/100\n|-status|p1b: Landorus|psn\n|faint|p2a: Chandelure\n|move|p1b: Landorus|Stealth Rock|p2b: Iron Moth\n|-sidestart|p2: Critian Caceorte|move: Stealth Rock\n|move|p1a: Amoonguss|Spore|p2b: Iron Moth\n|-status|p2b: Iron Moth|slp|[from] move: Spore\n|\n|-weather|none\n|-heal|p1a: Amoonguss|23\/100|[from] item: Black Sludge\n|-damage|p1b: Landorus|5\/100 psn|[from] psn\n|upkeep\n|\n|t:|1698520179\n|switch|p2a: Ninetales|Ninetales, F|100\/100\n|-damage|p2a: Ninetales|76\/100|[from] Stealth Rock\n|-weather|SunnyDay|[from] ability: Drought|[of] p2a: Ninetales\n|turn|6\n|\n|t:|1698520192\n|move|p1b: Landorus|Protect|p1b: Landorus\n|-singleturn|p1b: Landorus|Protect\n|move|p2a: Ninetales|Substitute|p2a: Ninetales\n|-start|p2a: Ninetales|Substitute\n|-damage|p2a: Ninetales|51\/100\n|cant|p2b: Iron Moth|slp\n|move|p1a: Amoonguss|Pollen Puff|p1b: Landorus\n|-activate|p1b: Landorus|move: Protect\n|\n|-weather|SunnyDay|[upkeep]\n|-heal|p1a: Amoonguss|29\/100|[from] item: Black Sludge\n|-damage|p1b: Landorus|0 fnt|[from] psn\n|faint|p1b: Landorus\n|upkeep\n|c|\u2606Crvnxh|Bro\n|\n|t:|1698520216\n|switch|p1b: Arcanine|Arcanine-Hisui, M|100\/100\n|-ability|p1b: Arcanine|Intimidate|boost\n|-immune|p2a: Ninetales\n|-unboost|p2b: Iron Moth|atk|1\n|turn|7\n|\n|t:|1698520232\n|move|p1a: Amoonguss|Rage Powder|p1a: Amoonguss\n|-singleturn|p1a: Amoonguss|move: Rage Powder\n|move|p2a: Ninetales|Nasty Plot|p2a: Ninetales\n|-boost|p2a: Ninetales|spa|2\n|cant|p2b: Iron Moth|slp\n|move|p1b: Arcanine|Flare Blitz|p2a: Ninetales\n|-resisted|p2a: Ninetales\n|-end|p2a: Ninetales|Substitute\n|-damage|p1b: Arcanine|95\/100|[from] Recoil|[of] p2a: Ninetales\n|\n|-weather|SunnyDay|[upkeep]\n|-heal|p1a: Amoonguss|35\/100|[from] item: Black Sludge\n|upkeep\n|turn|8\n|\n|t:|1698520251\n|move|p2a: Ninetales|Solar Beam||[still]\n|-prepare|p2a: Ninetales|Solar Beam\n|-anim|p2a: Ninetales|Solar Beam|p1b: Arcanine\n|-damage|p1b: Arcanine|56\/100\n|-curestatus|p2b: Iron Moth|slp|[msg]\n|move|p2b: Iron Moth|Sludge Wave|p1a: Amoonguss|[spread] p2a,p1a,p1b\n|-resisted|p1b: Arcanine\n|-damage|p2a: Ninetales|11\/100\n|-damage|p1a: Amoonguss|9\/100\n|-damage|p1b: Arcanine|42\/100\n|move|p1a: Amoonguss|Spore|p2a: Ninetales\n|-status|p2a: Ninetales|slp|[from] move: Spore\n|move|p1b: Arcanine|Roar||[still]\n|-fail|p1b: Arcanine\n|\n|-weather|SunnyDay|[upkeep]\n|-heal|p1a: Amoonguss|15\/100|[from] item: Black Sludge\n|upkeep\n|turn|9\n|\n|t:|1698520287\n|move|p1a: Amoonguss|Rage Powder|p1a: Amoonguss\n|-singleturn|p1a: Amoonguss|move: Rage Powder\n|cant|p2a: Ninetales|slp\n|move|p2b: Iron Moth|Sludge Wave|p1a: Amoonguss|[spread] p2a,p1a,p1b\n|-resisted|p1b: Arcanine\n|-damage|p2a: Ninetales|0 fnt\n|-damage|p1a: Amoonguss|0 fnt\n|-damage|p1b: Arcanine|28\/100\n|faint|p2a: Ninetales\n|faint|p1a: Amoonguss\n|move|p1b: Arcanine|Morning Sun|p1b: Arcanine\n|-heal|p1b: Arcanine|95\/100\n|\n|-weather|SunnyDay|[upkeep]\n|upkeep\n|\n|t:|1698520298\n|switch|p1a: Kingambit|Kingambit, M|100\/100\n|-activate|p1a: Kingambit|ability: Supreme Overlord\n|-start|p1a: Kingambit|fallen4|[silent]\n|turn|10\n|\n|t:|1698520313\n|move|p2b: Iron Moth|Fiery Dance|p1a: Kingambit\n|-supereffective|p1a: Kingambit\n|-damage|p1a: Kingambit|0 fnt\n|faint|p1a: Kingambit\n|-end|p1a: Kingambit|fallen4|[silent]\n|move|p1b: Arcanine|Flare Blitz|p2b: Iron Moth\n|-resisted|p2b: Iron Moth\n|-damage|p2b: Iron Moth|45\/100\n|-damage|p1b: Arcanine|81\/100|[from] Recoil\n|\n|-weather|SunnyDay|[upkeep]\n|upkeep\n|turn|11\n|\n|t:|1698520322\n|move|p2b: Iron Moth|Morning Sun|p2b: Iron Moth\n|-heal|p2b: Iron Moth|100\/100\n|move|p1b: Arcanine|Flare Blitz|p2b: Iron Moth\n|-resisted|p2b: Iron Moth\n|-damage|p2b: Iron Moth|36\/100\n|-damage|p1b: Arcanine|65\/100|[from] Recoil\n|\n|-weather|SunnyDay|[upkeep]\n|upkeep\n|turn|12\n|\n|t:|1698520329\n|move|p2b: Iron Moth|Morning Sun|p2b: Iron Moth\n|-heal|p2b: Iron Moth|100\/100\n|move|p1b: Arcanine|Flare Blitz|p2b: Iron Moth\n|-resisted|p2b: Iron Moth\n|-damage|p2b: Iron Moth|42\/100\n|-damage|p1b: Arcanine|50\/100|[from] Recoil\n|\n|-weather|SunnyDay|[upkeep]\n|upkeep\n|turn|13\n|\n|t:|1698520337\n|move|p2b: Iron Moth|Morning Sun|p2b: Iron Moth\n|-heal|p2b: Iron Moth|100\/100\n|move|p1b: Arcanine|Morning Sun|p1b: Arcanine\n|-heal|p1b: Arcanine|100\/100\n|\n|-weather|none\n|upkeep\n|turn|14\n|\n|t:|1698520348\n|move|p2b: Iron Moth|Fiery Dance|p1b: Arcanine\n|-resisted|p1b: Arcanine\n|-damage|p1b: Arcanine|92\/100\n|-boost|p2b: Iron Moth|spa|1\n|move|p1b: Arcanine|Flare Blitz|p2b: Iron Moth\n|-resisted|p2b: Iron Moth\n|-damage|p2b: Iron Moth|58\/100\n|-damage|p1b: Arcanine|81\/100|[from] Recoil\n|\n|upkeep\n|turn|15\n|\n|t:|1698520358\n|move|p2b: Iron Moth|Fiery Dance|p1b: Arcanine\n|-resisted|p1b: Arcanine\n|-damage|p1b: Arcanine|70\/100\n|-boost|p2b: Iron Moth|spa|1\n|move|p1b: Arcanine|Flare Blitz|p2b: Iron Moth\n|-resisted|p2b: Iron Moth\n|-damage|p2b: Iron Moth|15\/100\n|-damage|p1b: Arcanine|59\/100|[from] Recoil\n|\n|upkeep\n|turn|16\n|\n|t:|1698520367\n|move|p2b: Iron Moth|Sludge Wave|p1b: Arcanine\n|-resisted|p1b: Arcanine\n|-damage|p1b: Arcanine|25\/100\n|-enditem|p1b: Arcanine|Iapapa Berry|[eat]\n|-heal|p1b: Arcanine|58\/100|[from] item: Iapapa Berry\n|move|p1b: Arcanine|Flare Blitz|p2b: Iron Moth\n|-resisted|p2b: Iron Moth\n|-damage|p2b: Iron Moth|0 fnt\n|faint|p2b: Iron Moth\n|-end|p2b: Iron Moth|Quark Drive|[silent]\n|-damage|p1b: Arcanine|55\/100|[from] Recoil\n|\n|win|Crvnxh\n|raw|Crvnxh's rating: 1069 &rarr; <strong>1105<\/strong><br \/>(+36 for winning)\n|raw|Critian Caceorte's rating: 1139 &rarr; <strong>1109<\/strong><br \/>(-30 for losing)\n|c|\u2606Crvnxh|Gg\n|c|\u2606Critian Caceorte|gg\n|l|\u2606Critian Caceorte\n","uploadtime":1698520393,"views":17,"p1id":"crvnxh","p2id":"critiancaceorte","formatid":"gen9doublesou","rating":1105,"private":0,"password":""}