{"id":"gen9doublesou-1994220994","p1":"Brocckoli","p2":"McGamer123","format":"[Gen 9] Doubles OU","log":"|j|\u2606Brocckoli\n|j|\u2606McGamer123\n|t:|1700420402\n|gametype|doubles\n|player|p1|Brocckoli|ash|1079\n|player|p2|McGamer123|red|1144\n|teamsize|p1|6\n|teamsize|p2|6\n|gen|9\n|tier|[Gen 9] Doubles OU\n|rated|\n|rule|Species Clause: Limit one of each Pok\u00e9mon\n|rule|OHKO Clause: OHKO moves are banned\n|rule|Evasion Moves Clause: Evasion moves are banned\n|rule|Gravity Sleep Clause: The combination of sleep-inducing moves with imperfect accuracy and Gravity or Gigantamax Orbeetle are banned\n|rule|Endless Battle Clause: Forcing endless battles is banned\n|rule|HP Percentage Mod: HP is shown in percentages\n|clearpoke\n|poke|p1|Oricorio-Pom-Pom, F|\n|poke|p1|Volcarona, F|\n|poke|p1|Uxie|\n|poke|p1|Flamigo, M|\n|poke|p1|Lilligant-Hisui, F|\n|poke|p1|Sylveon, F|\n|poke|p2|Grimmsnarl, M|\n|poke|p2|Ceruledge, F|\n|poke|p2|Decidueye-Hisui, M|\n|poke|p2|Articuno-Galar|\n|poke|p2|Walking Wake|\n|poke|p2|Bellibolt, F|\n|teampreview\n|inactive|Battle timer is ON: inactive players will automatically lose when time's up. (requested by McGamer123)\n|\n|t:|1700420416\n|start\n|switch|p1a: Oricorio|Oricorio-Pom-Pom, F|100\/100\n|switch|p1b: Uxie|Uxie|100\/100\n|switch|p2a: Grimmsnarl|Grimmsnarl, M|100\/100\n|switch|p2b: Decidueye|Decidueye-Hisui, M|100\/100\n|turn|1\n|\n|t:|1700420440\n|move|p2a: Grimmsnarl|Light Screen|p2a: Grimmsnarl\n|-sidestart|p2: McGamer123|move: Light Screen\n|move|p1b: Uxie|Skill Swap|p1a: Oricorio\n|-activate|p1b: Uxie|move: Skill Swap|||[of] p1a: Oricorio\n|move|p1a: Oricorio|Quiver Dance|p1a: Oricorio\n|-boost|p1a: Oricorio|spa|1\n|-boost|p1a: Oricorio|spd|1\n|-boost|p1a: Oricorio|spe|1\n|-activate|p1b: Uxie|ability: Dancer\n|move|p1b: Uxie|Quiver Dance|p1b: Uxie|[from]ability: Dancer\n|-boost|p1b: Uxie|spa|1\n|-boost|p1b: Uxie|spd|1\n|-boost|p1b: Uxie|spe|1\n|move|p2b: Decidueye|Leaf Blade|p1b: Uxie\n|-damage|p1b: Uxie|59\/100\n|\n|-heal|p1b: Uxie|65\/100|[from] item: Leftovers\n|upkeep\n|turn|2\n|\n|t:|1700420468\n|move|p1b: Uxie|Protect|p1b: Uxie\n|-singleturn|p1b: Uxie|Protect\n|move|p2b: Decidueye|Shadow Sneak|p1b: Uxie\n|-activate|p1b: Uxie|move: Protect\n|move|p2a: Grimmsnarl|Reflect|p2a: Grimmsnarl\n|-sidestart|p2: McGamer123|Reflect\n|move|p1a: Oricorio|Quiver Dance|p1a: Oricorio\n|-boost|p1a: Oricorio|spa|1\n|-boost|p1a: Oricorio|spd|1\n|-boost|p1a: Oricorio|spe|1\n|-activate|p1b: Uxie|ability: Dancer\n|move|p1b: Uxie|Quiver Dance|p1b: Uxie|[from]ability: Dancer\n|-boost|p1b: Uxie|spa|1\n|-boost|p1b: Uxie|spd|1\n|-boost|p1b: Uxie|spe|1\n|\n|-heal|p1b: Uxie|71\/100|[from] item: Leftovers\n|upkeep\n|turn|3\n|inactive|Brocckoli has 120 seconds left.\n|\n|t:|1700420499\n|move|p2b: Decidueye|Shadow Sneak|p1b: Uxie\n|-supereffective|p1b: Uxie\n|-damage|p1b: Uxie|47\/100\n|move|p1b: Uxie|Stored Power|p2b: Decidueye\n|-supereffective|p2b: Decidueye\n|-damage|p2b: Decidueye|0 fnt\n|faint|p2b: Decidueye\n|move|p1a: Oricorio|Revelation Dance|p2a: Grimmsnarl\n|-damage|p2a: Grimmsnarl|67\/100\n|-activate|p1b: Uxie|ability: Dancer\n|move|p1b: Uxie|Revelation Dance|p2a: Grimmsnarl|[from]ability: Dancer\n|-immune|p2a: Grimmsnarl\n|move|p2a: Grimmsnarl|Spirit Break|p1b: Uxie\n|-damage|p1b: Uxie|20\/100\n|-unboost|p1b: Uxie|spa|1\n|\n|-heal|p1b: Uxie|26\/100|[from] item: Leftovers\n|upkeep\n|\n|t:|1700420520\n|switch|p2b: Ceruledge|Ceruledge, F|100\/100\n|turn|4\n|\n|t:|1700420529\n|move|p1b: Uxie|Protect|p1b: Uxie\n|-singleturn|p1b: Uxie|Protect\n|move|p2b: Ceruledge|Shadow Sneak|p1b: Uxie\n|-activate|p1b: Uxie|move: Protect\n|move|p1a: Oricorio|Quiver Dance|p1a: Oricorio\n|-boost|p1a: Oricorio|spa|1\n|-boost|p1a: Oricorio|spd|1\n|-boost|p1a: Oricorio|spe|1\n|-activate|p1b: Uxie|ability: Dancer\n|move|p1b: Uxie|Quiver Dance|p1b: Uxie|[from]ability: Dancer\n|-boost|p1b: Uxie|spa|1\n|-boost|p1b: Uxie|spd|1\n|-boost|p1b: Uxie|spe|1\n|move|p2a: Grimmsnarl|Spirit Break|p1a: Oricorio\n|-damage|p1a: Oricorio|76\/100\n|-unboost|p1a: Oricorio|spa|1\n|\n|-heal|p1b: Uxie|32\/100|[from] item: Leftovers\n|upkeep\n|turn|5\n|inactive|Brocckoli has 120 seconds left.\n|\n|t:|1700420561\n|move|p2b: Ceruledge|Shadow Sneak|p1b: Uxie\n|-supereffective|p1b: Uxie\n|-damage|p1b: Uxie|0 fnt\n|faint|p1b: Uxie\n|move|p1a: Oricorio|Revelation Dance|p2b: Ceruledge\n|-damage|p2b: Ceruledge|50\/100\n|move|p2a: Grimmsnarl|Spirit Break|p1a: Oricorio\n|-damage|p1a: Oricorio|50\/100\n|-unboost|p1a: Oricorio|spa|1\n|\n|upkeep\n|\n|t:|1700420563\n|switch|p1b: Sylveon|Sylveon, F|100\/100\n|turn|6\n|\n|t:|1700420588\n|move|p1a: Oricorio|Protect|p1a: Oricorio\n|-singleturn|p1a: Oricorio|Protect\n|move|p2b: Ceruledge|Shadow Sneak|p1a: Oricorio\n|-activate|p1a: Oricorio|move: Protect\n|move|p2a: Grimmsnarl|Parting Shot|p1b: Sylveon\n|-unboost|p1b: Sylveon|atk|1\n|-unboost|p1b: Sylveon|spa|1\n|\n|t:|1700420600\n|switch|p2a: Sir Frogbert II|Bellibolt, F|100\/100|[from] Parting Shot\n|move|p1b: Sylveon|Psych Up|p1a: Oricorio\n|-copyboost|p1b: Sylveon|p1a: Oricorio|[from] move: Psych Up\n|\n|upkeep\n|turn|7\n|\n|t:|1700420616\n|move|p2b: Ceruledge|Shadow Sneak|p1a: Oricorio\n|-damage|p1a: Oricorio|23\/100\n|move|p1a: Oricorio|Roost|p1a: Oricorio\n|-heal|p1a: Oricorio|73\/100\n|-singleturn|p1a: Oricorio|move: Roost\n|move|p1b: Sylveon|Hyper Voice|p2b: Ceruledge|[spread] p2a,p2b\n|-resisted|p2b: Ceruledge\n|-damage|p2a: Sir Frogbert II|71\/100\n|-damage|p2b: Ceruledge|33\/100\n|-start|p2a: Sir Frogbert II|Charge|Hyper Voice|[from] ability: Electromorphosis\n|-enditem|p1b: Sylveon|Throat Spray\n|-boost|p1b: Sylveon|spa|1|[from] item: Throat Spray\n|move|p2a: Sir Frogbert II|Toxic|p1b: Sylveon|[miss]\n|-miss|p2a: Sir Frogbert II|p1b: Sylveon\n|\n|-heal|p2a: Sir Frogbert II|77\/100|[from] item: Leftovers\n|upkeep\n|turn|8\n|\n|t:|1700420642\n|move|p1a: Oricorio|Protect|p1a: Oricorio\n|-singleturn|p1a: Oricorio|Protect\n|move|p2b: Ceruledge|Shadow Sneak|p1a: Oricorio\n|-activate|p1a: Oricorio|move: Protect\n|move|p1b: Sylveon|Hyper Voice|p2a: Sir Frogbert II|[spread] p2a,p2b\n|-resisted|p2b: Ceruledge\n|-damage|p2a: Sir Frogbert II|41\/100\n|-damage|p2b: Ceruledge|11\/100\n|-start|p2a: Sir Frogbert II|Charge|Hyper Voice|[from] ability: Electromorphosis\n|move|p2a: Sir Frogbert II|Thunderbolt|p1b: Sylveon\n|-damage|p1b: Sylveon|87\/100\n|-status|p1b: Sylveon|par\n|-end|p2a: Sir Frogbert II|Charge|[silent]\n|\n|-heal|p2a: Sir Frogbert II|47\/100|[from] item: Leftovers\n|-sideend|p2: McGamer123|move: Light Screen\n|upkeep\n|turn|9\n|\n|t:|1700420661\n|move|p2b: Ceruledge|Shadow Sneak|p1b: Sylveon\n|-damage|p1b: Sylveon|52\/100 par\n|move|p1a: Oricorio|Revelation Dance|p2b: Ceruledge\n|-damage|p2b: Ceruledge|0 fnt\n|faint|p2b: Ceruledge\n|move|p1b: Sylveon|Hyper Voice|p2a: Sir Frogbert II\n|-damage|p2a: Sir Frogbert II|0 fnt\n|faint|p2a: Sir Frogbert II\n|\n|-sideend|p2: McGamer123|Reflect\n|upkeep\n|-message|McGamer123 forfeited.\n|\n|win|Brocckoli\n|raw|Brocckoli's rating: 1079 &rarr; <strong>1112<\/strong><br \/>(+33 for winning)\n|raw|McGamer123's rating: 1144 &rarr; <strong>1114<\/strong><br \/>(-30 for losing)\n|l|\u2606McGamer123\n","uploadtime":1700420680,"views":4,"p1id":"brocckoli","p2id":"mcgamer123","formatid":"gen9doublesou","rating":1112,"private":0,"password":""}