{"id":"gen9doublesou-1968402416","p1":"GloryofMoons","p2":"mikeyuwu","format":"[Gen 9] Doubles OU","log":"|html|<div class=\"broadcast-blue\"><strong>[Gen 9] Doubles OU is currently suspecting Basculegion & Flutter Mane! For information on how to participate check out the <a href=\"https:\/\/www.smogon.com\/forums\/threads\/np-sv-dou-stage-8-double-trouble.3729153\/\">suspect thread<\/a>.<\/strong><\/div>\n|j|\u2606GloryofMoons\n|j|\u2606mikeyuwu\n|t:|1697414731\n|gametype|doubles\n|player|p1|GloryofMoons|n|1161\n|player|p2|mikeyuwu|psychic-gen4|1218\n|teamsize|p1|6\n|teamsize|p2|6\n|gen|9\n|tier|[Gen 9] Doubles OU\n|rated|\n|rule|Species Clause: Limit one of each Pok\u00e9mon\n|rule|OHKO Clause: OHKO moves are banned\n|rule|Evasion Moves Clause: Evasion moves are banned\n|rule|Gravity Sleep Clause: The combination of sleep-inducing moves with imperfect accuracy and Gravity or Gigantamax Orbeetle are banned\n|rule|Endless Battle Clause: Forcing endless battles is banned\n|rule|HP Percentage Mod: HP is shown in percentages\n|clearpoke\n|poke|p1|Snorlax, M|\n|poke|p1|Flutter Mane|\n|poke|p1|Munkidori, M|\n|poke|p1|Dragonite, M|\n|poke|p1|Regieleki|\n|poke|p1|Tauros-Paldea-Aqua, M|\n|poke|p2|Garchomp, M|\n|poke|p2|Tyranitar, F|\n|poke|p2|Vaporeon, F|\n|poke|p2|Toxicroak, M|\n|poke|p2|Pelipper, F|\n|poke|p2|Abomasnow, M|\n|teampreview\n|\n|t:|1697414747\n|start\n|switch|p1a: Regieleki|Regieleki|100\/100\n|switch|p1b: Tauros|Tauros-Paldea-Aqua, M|100\/100\n|switch|p2a: OTLHPM|Toxicroak, M|100\/100\n|switch|p2b: Cold Shoulder|Abomasnow, M, shiny|100\/100\n|-ability|p1b: Tauros|Intimidate|boost\n|-unboost|p2a: OTLHPM|atk|1\n|-unboost|p2b: Cold Shoulder|atk|1\n|-weather|Snow|[from] ability: Snow Warning|[of] p2b: Cold Shoulder\n|turn|1\n|\n|t:|1697414767\n|move|p1b: Tauros|Protect|p1b: Tauros\n|-singleturn|p1b: Tauros|Protect\n|move|p1a: Regieleki|Volt Switch|p2a: OTLHPM\n|-damage|p2a: OTLHPM|26\/100\n|\n|t:|1697414777\n|switch|p1a: Munkidori|Munkidori, M|100\/100|[from] Volt Switch\n|-item|p2a: OTLHPM|Black Sludge|[from] ability: Frisk|[of] p1a: Munkidori|[identify]\n|-item|p2b: Cold Shoulder|Wide Lens|[from] ability: Frisk|[of] p1a: Munkidori|[identify]\n|move|p2a: OTLHPM|Poison Jab|p1b: Tauros\n|-activate|p1b: Tauros|move: Protect\n|move|p2b: Cold Shoulder|Leech Seed|p1a: Munkidori\n|-start|p1a: Munkidori|move: Leech Seed\n|\n|-weather|Snow|[upkeep]\n|-heal|p2a: OTLHPM|33\/100|[from] item: Black Sludge\n|-damage|p1a: Munkidori|88\/100|[from] Leech Seed|[of] p2b: Cold Shoulder\n|upkeep\n|turn|2\n|\n|t:|1697414795\n|switch|p2a: Harmacy|Vaporeon, F|100\/100\n|switch|p2b: Extra Spicy|Garchomp, M|100\/100\n|move|p1a: Munkidori|Psychic|p2a: Harmacy\n|-damage|p2a: Harmacy|61\/100\n|move|p1b: Tauros|Body Press|p2b: Extra Spicy\n|-damage|p2b: Extra Spicy|84\/100\n|-damage|p1b: Tauros|88\/100|[from] ability: Rough Skin|[of] p2b: Extra Spicy\n|-damage|p1b: Tauros|72\/100|[from] item: Rocky Helmet|[of] p2b: Extra Spicy\n|\n|-weather|Snow|[upkeep]\n|-heal|p2a: Harmacy|67\/100|[from] item: Leftovers\n|-damage|p1a: Munkidori|76\/100|[from] Leech Seed|[of] p2b: Extra Spicy\n|-heal|p2b: Extra Spicy|93\/100|[silent]\n|upkeep\n|turn|3\n|\n|t:|1697414810\n|switch|p1a: Flutter Mane|Flutter Mane|100\/100\n|-enditem|p1a: Flutter Mane|Booster Energy\n|-activate|p1a: Flutter Mane|ability: Protosynthesis|[fromitem]\n|-start|p1a: Flutter Mane|protosynthesisspe\n|switch|p1b: Regieleki|Regieleki|100\/100\n|switch|p2a: Weather War|Pelipper, F|100\/100\n|-weather|RainDance|[from] ability: Drizzle|[of] p2a: Weather War\n|move|p2b: Extra Spicy|Earthquake|p1a: Flutter Mane|[spread] p1a,p1b\n|-immune|p2a: Weather War\n|-crit|p1a: Flutter Mane\n|-supereffective|p1b: Regieleki\n|-damage|p1a: Flutter Mane|0 fnt\n|-damage|p1b: Regieleki|0 fnt\n|faint|p1a: Flutter Mane\n|-end|p1a: Flutter Mane|Protosynthesis|[silent]\n|faint|p1b: Regieleki\n|\n|-weather|RainDance|[upkeep]\n|upkeep\n|\n|t:|1697414821\n|switch|p1b: Dragonite|Dragonite, M|100\/100\n|switch|p1a: Snorlax|Snorlax, M|100\/100\n|turn|4\n|\n|t:|1697414830\n|switch|p2b: Cold Shoulder|Abomasnow, M, shiny|100\/100\n|-weather|Snow|[from] ability: Snow Warning|[of] p2b: Cold Shoulder\n|-terastallize|p1b: Dragonite|Normal\n|move|p1b: Dragonite|Extreme Speed|p2a: Weather War\n|-damage|p2a: Weather War|50\/100\n|move|p2a: Weather War|Blizzard|p1a: Snorlax|[spread] p1a,p1b\n|-damage|p1a: Snorlax|96\/100\n|-damage|p1b: Dragonite|82\/100\n|move|p1a: Snorlax|Ice Punch|p2b: Cold Shoulder\n|-damage|p2b: Cold Shoulder|86\/100\n|\n|-weather|Snow|[upkeep]\n|upkeep\n|turn|5\n|\n|t:|1697414855\n|switch|p2a: Extra Spicy|Garchomp, M|93\/100\n|switch|p1a: Tauros|Tauros-Paldea-Aqua, M|72\/100\n|-ability|p1a: Tauros|Intimidate|boost\n|-unboost|p2a: Extra Spicy|atk|1\n|-unboost|p2b: Cold Shoulder|atk|1\n|move|p1b: Dragonite|Extreme Speed|p2a: Extra Spicy\n|-damage|p2a: Extra Spicy|53\/100\n|-damage|p1b: Dragonite|69\/100|[from] ability: Rough Skin|[of] p2a: Extra Spicy\n|-damage|p1b: Dragonite|53\/100|[from] item: Rocky Helmet|[of] p2a: Extra Spicy\n|move|p2b: Cold Shoulder|Blizzard|p1a: Tauros|[spread] p1a,p1b\n|-resisted|p1a: Tauros\n|-damage|p1a: Tauros|48\/100\n|-damage|p1b: Dragonite|19\/100\n|-enditem|p1a: Tauros|Sitrus Berry|[eat]\n|-heal|p1a: Tauros|73\/100|[from] item: Sitrus Berry\n|\n|-weather|Snow|[upkeep]\n|upkeep\n|turn|6\n|\n|t:|1697414875\n|move|p1b: Dragonite|Extreme Speed|p2b: Cold Shoulder\n|-damage|p2b: Cold Shoulder|48\/100\n|move|p1a: Tauros|Raging Bull|p2a: Extra Spicy\n|-damage|p2a: Extra Spicy|26\/100\n|-damage|p1a: Tauros|60\/100|[from] ability: Rough Skin|[of] p2a: Extra Spicy\n|-damage|p1a: Tauros|44\/100|[from] item: Rocky Helmet|[of] p2a: Extra Spicy\n|move|p2a: Extra Spicy|Brick Break|p1b: Dragonite\n|-supereffective|p1b: Dragonite\n|-damage|p1b: Dragonite|0 fnt\n|faint|p1b: Dragonite\n|move|p2b: Cold Shoulder|Giga Drain|p1a: Tauros\n|-supereffective|p1a: Tauros\n|-damage|p1a: Tauros|0 fnt\n|-heal|p2b: Cold Shoulder|66\/100|[from] drain|[of] p1a: Tauros\n|faint|p1a: Tauros\n|\n|-weather|Snow|[upkeep]\n|upkeep\n|\n|t:|1697414885\n|switch|p1a: Snorlax|Snorlax, M|96\/100\n|switch|p1b: Munkidori|Munkidori, M|76\/100\n|-item|p2a: Extra Spicy|Rocky Helmet|[from] ability: Frisk|[of] p1b: Munkidori|[identify]\n|-item|p2b: Cold Shoulder|Wide Lens|[from] ability: Frisk|[of] p1b: Munkidori|[identify]\n|turn|7\n|\n|t:|1697414897\n|switch|p2a: Harmacy|Vaporeon, F|67\/100\n|-terastallize|p2b: Cold Shoulder|Water\n|move|p1b: Munkidori|Psychic|p2a: Harmacy\n|-damage|p2a: Harmacy|30\/100\n|-unboost|p2a: Harmacy|spd|1\n|move|p2b: Cold Shoulder|Leech Seed|p1a: Snorlax\n|-start|p1a: Snorlax|move: Leech Seed\n|move|p1a: Snorlax|High Horsepower|p2a: Harmacy\n|-damage|p2a: Harmacy|6\/100\n|\n|-weather|Snow|[upkeep]\n|-heal|p2a: Harmacy|12\/100|[from] item: Leftovers\n|-damage|p1a: Snorlax|83\/100|[from] Leech Seed|[of] p2b: Cold Shoulder\n|-heal|p2b: Cold Shoulder|85\/100|[silent]\n|upkeep\n|turn|8\n|\n|t:|1697414916\n|move|p1b: Munkidori|Psychic|p2b: Cold Shoulder\n|-crit|p2b: Cold Shoulder\n|-damage|p2b: Cold Shoulder|6\/100\n|move|p2b: Cold Shoulder|Leech Seed|p1b: Munkidori\n|-start|p1b: Munkidori|move: Leech Seed\n|move|p2a: Harmacy|Wish|p2a: Harmacy\n|move|p1a: Snorlax|Heavy Slam|p2a: Harmacy\n|-resisted|p2a: Harmacy\n|-damage|p2a: Harmacy|0 fnt\n|faint|p2a: Harmacy\n|\n|-weather|none\n|-damage|p1b: Munkidori|64\/100|[from] Leech Seed|[of] p2b: Cold Shoulder\n|-heal|p2b: Cold Shoulder|17\/100|[silent]\n|-damage|p1a: Snorlax|71\/100|[from] Leech Seed|[of] p2b: Cold Shoulder\n|-heal|p2b: Cold Shoulder|35\/100|[silent]\n|upkeep\n|\n|t:|1697414927\n|switch|p2a: OTLHPM|Toxicroak, M|33\/100\n|turn|9\n|\n|t:|1697414936\n|switch|p2a: ThcrThnSnkr|Tyranitar, F|100\/100\n|-weather|Sandstorm|[from] ability: Sand Stream|[of] p2a: ThcrThnSnkr\n|switch|p2b: Extra Spicy|Garchomp, M|26\/100\n|move|p1b: Munkidori|Psychic|p2a: ThcrThnSnkr\n|-immune|p2a: ThcrThnSnkr\n|move|p1a: Snorlax|High Horsepower|p2b: Extra Spicy|[miss]\n|-miss|p1a: Snorlax|p2b: Extra Spicy\n|\n|-weather|Sandstorm|[upkeep]\n|-damage|p1b: Munkidori|58\/100|[from] Sandstorm\n|-damage|p1a: Snorlax|65\/100|[from] Sandstorm\n|-damage|p1b: Munkidori|45\/100|[from] Leech Seed|[of] p2b: Extra Spicy\n|-heal|p2b: Extra Spicy|35\/100|[silent]\n|-damage|p1a: Snorlax|52\/100|[from] Leech Seed|[of] p2b: Extra Spicy\n|-heal|p2b: Extra Spicy|51\/100|[silent]\n|upkeep\n|turn|10\n|-message|GloryofMoons forfeited.\n|\n|win|mikeyuwu\n|raw|GloryofMoons's rating: 1161 &rarr; <strong>1140<\/strong><br \/>(-21 for losing)\n|raw|mikeyuwu's rating: 1218 &rarr; <strong>1239<\/strong><br \/>(+21 for winning)\n|l|\u2606GloryofMoons\n","uploadtime":1697414957,"views":17,"p1id":"gloryofmoons","p2id":"mikeyuwu","formatid":"gen9doublesou","rating":1140,"private":0,"password":""}