{"id":"gen9doublesou-1970499886","p1":"Tricot_tricot","p2":"GOD MAGIKARP11","format":"[Gen 9] Doubles OU","log":"|j|\u2606Tricot_tricot\n|j|\u2606GOD MAGIKARP11\n|t:|1697643776\n|gametype|doubles\n|player|p1|Tricot_tricot|101|1242\n|player|p2|GOD MAGIKARP11|169|1278\n|teamsize|p1|6\n|teamsize|p2|6\n|gen|9\n|tier|[Gen 9] Doubles OU\n|rated|\n|rule|Species Clause: Limit one of each Pok\u00e9mon\n|rule|OHKO Clause: OHKO moves are banned\n|rule|Evasion Moves Clause: Evasion moves are banned\n|rule|Gravity Sleep Clause: The combination of sleep-inducing moves with imperfect accuracy and Gravity or Gigantamax Orbeetle are banned\n|rule|Endless Battle Clause: Forcing endless battles is banned\n|rule|HP Percentage Mod: HP is shown in percentages\n|clearpoke\n|poke|p1|Pelipper, F|\n|poke|p1|Mamoswine, F|\n|poke|p1|Drednaw, F|\n|poke|p1|Tyranitar, M|\n|poke|p1|Floatzel, F|\n|poke|p1|Gallade, M|\n|poke|p2|Azelf|\n|poke|p2|Flutter Mane|\n|poke|p2|Bronzong|\n|poke|p2|Garganacl, M|\n|poke|p2|Arcanine, M|\n|poke|p2|Samurott-Hisui, F|\n|teampreview\n|inactive|Battle timer is ON: inactive players will automatically lose when time's up. (requested by GOD MAGIKARP11)\n|\n|t:|1697643800\n|start\n|switch|p1a: Pelipper|Pelipper, F|100\/100\n|switch|p1b: Drednaw|Drednaw, F|100\/100\n|switch|p2a: Azelf|Azelf|100\/100\n|switch|p2b: Flutter Mane|Flutter Mane|100\/100\n|-weather|RainDance|[from] ability: Drizzle|[of] p1a: Pelipper\n|turn|1\n|c|\u2606GOD MAGIKARP11|omg rain team\n|\n|t:|1697643825\n|switch|p1a: Mamoswine|Mamoswine, F|100\/100\n|-terastallize|p2a: Azelf|Normal\n|move|p1b: Drednaw|Stealth Rock|p2b: Flutter Mane\n|-sidestart|p2: GOD MAGIKARP11|move: Stealth Rock\n|move|p2b: Flutter Mane|Dazzling Gleam|p1b: Drednaw|[spread] p1a,p1b\n|-damage|p1a: Mamoswine|72\/100\n|-damage|p1b: Drednaw|60\/100\n|move|p2a: Azelf|Explosion|p1a: Mamoswine|[spread] p1a,p1b\n|-immune|p2b: Flutter Mane\n|-enditem|p2a: Azelf|Normal Gem|[from] gem\n|-resisted|p1b: Drednaw\n|-damage|p1a: Mamoswine|0 fnt\n|-damage|p1b: Drednaw|0 fnt\n|faint|p2a: Azelf\n|faint|p1a: Mamoswine\n|faint|p1b: Drednaw\n|\n|-weather|RainDance|[upkeep]\n|upkeep\n|\n|t:|1697643852\n|switch|p2a: Bronzong|Bronzong|100\/100\n|switch|p1b: Gallade|Gallade, M|100\/100\n|switch|p1a: Floatzel|Floatzel, F|100\/100\n|-damage|p2a: Bronzong|94\/100|[from] Stealth Rock\n|turn|2\n|\n|t:|1697643870\n|move|p1a: Floatzel|Wave Crash|p2b: Flutter Mane\n|-enditem|p2b: Flutter Mane|Focus Sash\n|-damage|p2b: Flutter Mane|1\/100\n|-damage|p1a: Floatzel|74\/100|[from] Recoil\n|move|p2b: Flutter Mane|Dazzling Gleam|p1b: Gallade|[spread] p1a,p1b\n|-supereffective|p1b: Gallade\n|-damage|p1a: Floatzel|16\/100\n|-damage|p1b: Gallade|44\/100\n|move|p1b: Gallade|Imprison|p1b: Gallade\n|-start|p1b: Gallade|move: Imprison\n|move|p2a: Bronzong|Stealth Rock|p1b: Gallade\n|-sidestart|p1: Tricot_tricot|move: Stealth Rock\n|\n|-weather|RainDance|[upkeep]\n|upkeep\n|turn|3\n|\n|t:|1697643887\n|move|p2b: Flutter Mane|Protect|p2b: Flutter Mane\n|-singleturn|p2b: Flutter Mane|Protect\n|move|p1a: Floatzel|Wave Crash|p2b: Flutter Mane\n|-activate|p2b: Flutter Mane|move: Protect\n|move|p1b: Gallade|Heal Pulse|p1a: Floatzel\n|-heal|p1a: Floatzel|66\/100\n|move|p2a: Bronzong|Gyro Ball|p1a: Floatzel\n|-resisted|p1a: Floatzel\n|-damage|p1a: Floatzel|27\/100\n|\n|-weather|RainDance|[upkeep]\n|upkeep\n|turn|4\n|\n|t:|1697643907\n|move|p2b: Flutter Mane|Protect|p2b: Flutter Mane\n|-singleturn|p2b: Flutter Mane|Protect\n|move|p1a: Floatzel|Wave Crash|p2b: Flutter Mane\n|-activate|p2b: Flutter Mane|move: Protect\n|move|p1b: Gallade|Heal Pulse|p1a: Floatzel\n|-heal|p1a: Floatzel|77\/100\n|move|p2a: Bronzong|Gyro Ball|p1b: Gallade\n|-damage|p1b: Gallade|0 fnt\n|faint|p1b: Gallade\n|\n|-weather|RainDance|[upkeep]\n|upkeep\n|inactive|Tricot_tricot has 120 seconds left.\n|inactive|Tricot_tricot has 90 seconds left.\n|\n|t:|1697643970\n|switch|p1b: Pelipper|Pelipper, F|100\/100\n|-damage|p1b: Pelipper|76\/100|[from] Stealth Rock\n|turn|5\n|\n|t:|1697643978\n|move|p1a: Floatzel|Wave Crash|p2b: Flutter Mane\n|-damage|p2b: Flutter Mane|0 fnt\n|faint|p2b: Flutter Mane\n|-end|p2b: Flutter Mane|Protosynthesis|[silent]\n|-damage|p1a: Floatzel|77\/100|[from] Recoil\n|move|p1b: Pelipper|Weather Ball|p2a: Bronzong\n|-crit|p2a: Bronzong\n|-damage|p2a: Bronzong|12\/100\n|-damage|p1b: Pelipper|66\/100|[from] item: Life Orb\n|move|p2a: Bronzong|Gyro Ball|p1a: Floatzel\n|-resisted|p1a: Floatzel\n|-damage|p1a: Floatzel|38\/100\n|\n|-weather|none\n|upkeep\n|\n|t:|1697643985\n|switch|p2b: Garganacl|Garganacl, M|100\/100\n|-damage|p2b: Garganacl|88\/100|[from] Stealth Rock\n|turn|6\n|inactive|Tricot_tricot has 120 seconds left.\n|\n|t:|1697643997\n|switch|p1b: Tyranitar|Tyranitar, M|100\/100\n|-damage|p1b: Tyranitar|88\/100|[from] Stealth Rock\n|-weather|Sandstorm|[from] ability: Sand Stream|[of] p1b: Tyranitar\n|move|p2a: Bronzong|Protect|p2a: Bronzong\n|-singleturn|p2a: Bronzong|Protect\n|move|p1a: Floatzel|Wave Crash|p2b: Garganacl\n|-supereffective|p2b: Garganacl\n|-damage|p2b: Garganacl|0 fnt\n|faint|p2b: Garganacl\n|-damage|p1a: Floatzel|1\/100|[from] Recoil\n|\n|-weather|Sandstorm|[upkeep]\n|-damage|p1a: Floatzel|0 fnt|[from] Sandstorm\n|faint|p1a: Floatzel\n|upkeep\n|\n|t:|1697644013\n|switch|p1a: Pelipper|Pelipper, F|66\/100\n|switch|p2b: Arcanine|Arcanine, M|100\/100\n|-damage|p1a: Pelipper|41\/100|[from] Stealth Rock\n|-weather|RainDance|[from] ability: Drizzle|[of] p1a: Pelipper\n|-damage|p2b: Arcanine|76\/100|[from] Stealth Rock\n|-ability|p2b: Arcanine|Intimidate|boost\n|-unboost|p1a: Pelipper|atk|1\n|-unboost|p1b: Tyranitar|atk|1\n|turn|7\n|inactive|Tricot_tricot has 120 seconds left.\n|inactive|Tricot_tricot has 90 seconds left.\n|\n|t:|1697644097\n|switch|p2b: Samurott|Samurott-Hisui, F, shiny|100\/100\n|-damage|p2b: Samurott|88\/100|[from] Stealth Rock\n|move|p1a: Pelipper|Tailwind|p1a: Pelipper\n|-sidestart|p1: Tricot_tricot|move: Tailwind\n|move|p1b: Tyranitar|Earthquake|p2a: Bronzong|[spread] p2b\n|-immune|p1a: Pelipper\n|-immune|p2a: Bronzong|[from] ability: Levitate\n|-damage|p2b: Samurott|71\/100\n|move|p2a: Bronzong|Gyro Ball|p1b: Tyranitar\n|-supereffective|p1b: Tyranitar\n|-damage|p1b: Tyranitar|32\/100\n|-enditem|p1b: Tyranitar|Weakness Policy\n|-boost|p1b: Tyranitar|atk|2|[from] item: Weakness Policy\n|-boost|p1b: Tyranitar|spa|2|[from] item: Weakness Policy\n|\n|-weather|RainDance|[upkeep]\n|upkeep\n|turn|8\n|inactive|Tricot_tricot has 90 seconds left.\n|\n|t:|1697644118\n|switch|p2b: Arcanine|Arcanine, M|76\/100\n|-damage|p2b: Arcanine|51\/100|[from] Stealth Rock\n|-ability|p2b: Arcanine|Intimidate|boost\n|-unboost|p1a: Pelipper|atk|1\n|-unboost|p1b: Tyranitar|atk|1\n|move|p1b: Tyranitar|Protect|p1b: Tyranitar\n|-singleturn|p1b: Tyranitar|Protect\n|move|p1a: Pelipper|Roost|p1a: Pelipper\n|-heal|p1a: Pelipper|91\/100\n|-singleturn|p1a: Pelipper|move: Roost\n|move|p2a: Bronzong|Gyro Ball|p1b: Tyranitar\n|-activate|p1b: Tyranitar|move: Protect\n|\n|-weather|RainDance|[upkeep]\n|upkeep\n|turn|9\n|inactive|Tricot_tricot has 90 seconds left.\n|\n|t:|1697644139\n|move|p1a: Pelipper|Weather Ball|p2b: Arcanine\n|-supereffective|p2b: Arcanine\n|-damage|p2b: Arcanine|0 fnt\n|faint|p2b: Arcanine\n|-damage|p1a: Pelipper|81\/100|[from] item: Life Orb\n|move|p1b: Tyranitar|Dragon Dance|p1b: Tyranitar\n|-boost|p1b: Tyranitar|atk|1\n|-boost|p1b: Tyranitar|spe|1\n|move|p2a: Bronzong|Gyro Ball|p1b: Tyranitar\n|-supereffective|p1b: Tyranitar\n|-damage|p1b: Tyranitar|0 fnt\n|faint|p1b: Tyranitar\n|\n|-weather|RainDance|[upkeep]\n|upkeep\n|\n|t:|1697644151\n|switch|p2b: Samurott|Samurott-Hisui, F, shiny|71\/100\n|-damage|p2b: Samurott|58\/100|[from] Stealth Rock\n|turn|10\n|\n|t:|1697644178\n|move|p2b: Samurott|Protect|p2b: Samurott\n|-singleturn|p2b: Samurott|Protect\n|move|p2a: Bronzong|Protect|p2a: Bronzong\n|-singleturn|p2a: Bronzong|Protect\n|move|p1a: Pelipper|Hurricane|p2b: Samurott\n|-activate|p2b: Samurott|move: Protect\n|\n|-weather|RainDance|[upkeep]\n|-sideend|p1: Tricot_tricot|move: Tailwind\n|upkeep\n|turn|11\n|inactive|Tricot_tricot has 120 seconds left.\n|\n|t:|1697644190\n|move|p2b: Samurott|Ceaseless Edge|p1a: Pelipper\n|-damage|p1a: Pelipper|20\/100\n|-sidestart|p1: Tricot_tricot|Spikes\n|move|p1a: Pelipper|Hurricane|p2b: Samurott\n|-damage|p2b: Samurott|0 fnt\n|faint|p2b: Samurott\n|-damage|p1a: Pelipper|10\/100|[from] item: Life Orb\n|move|p2a: Bronzong|Gyro Ball|p1a: Pelipper\n|-resisted|p1a: Pelipper\n|-damage|p1a: Pelipper|0 fnt\n|faint|p1a: Pelipper\n|\n|win|GOD MAGIKARP11\n|raw|Tricot_tricot's rating: 1242 &rarr; <strong>1220<\/strong><br \/>(-22 for losing)\n|raw|GOD MAGIKARP11's rating: 1278 &rarr; <strong>1300<\/strong><br \/>(+22 for winning)\n|l|\u2606Tricot_tricot\n","uploadtime":1697644203,"views":22,"p1id":"tricottricot","p2id":"godmagikarp11","formatid":"gen9doublesou","rating":1220,"private":0,"password":""}