{"id":"gen9doublesou-1973361445","p1":"Tacobalde","p2":"fangame10","format":"[Gen 9] Doubles OU","log":"|j|\u2606Tacobalde\n|j|\u2606fangame10\n|t:|1697961725\n|gametype|doubles\n|player|p1|Tacobalde|juggler|1472\n|player|p2|fangame10|red|1655\n|teamsize|p1|6\n|teamsize|p2|6\n|gen|9\n|tier|[Gen 9] Doubles OU\n|rated|\n|rule|Species Clause: Limit one of each Pok\u00e9mon\n|rule|OHKO Clause: OHKO moves are banned\n|rule|Evasion Moves Clause: Evasion moves are banned\n|rule|Gravity Sleep Clause: The combination of sleep-inducing moves with imperfect accuracy and Gravity or Gigantamax Orbeetle are banned\n|rule|Endless Battle Clause: Forcing endless battles is banned\n|rule|HP Percentage Mod: HP is shown in percentages\n|clearpoke\n|poke|p1|Iron Hands|\n|poke|p1|Dragapult, F|\n|poke|p1|Chien-Pao|\n|poke|p1|Basculegion-F, F|\n|poke|p1|Pelipper, M|\n|poke|p1|Flutter Mane|\n|poke|p2|Iron Bundle|\n|poke|p2|Ninetales-Alola, F|\n|poke|p2|Chi-Yu|\n|poke|p2|Ursaluna, M|\n|poke|p2|Kommo-o, M|\n|poke|p2|Cresselia, F|\n|teampreview\n|inactive|Battle timer is ON: inactive players will automatically lose when time's up. (requested by fangame10)\n|inactive|Tacobalde also wants the timer to be on.\n|inactive|fangame10 has 120 seconds left.\n|\n|t:|1697961782\n|start\n|switch|p1a: Dragapult|Dragapult, F, shiny|100\/100\n|switch|p1b: Chien-Pao|Chien-Pao|100\/100\n|switch|p2a: Predator Drone|Cresselia, F|100\/100\n|switch|p2b: Iron Bundle|Iron Bundle, shiny|100\/100\n|-ability|p1b: Chien-Pao|Sword of Ruin\n|turn|1\n|\n|t:|1697961806\n|move|p1a: Dragapult|U-turn|p2a: Predator Drone\n|-supereffective|p2a: Predator Drone\n|-crit|p2a: Predator Drone\n|-damage|p2a: Predator Drone|50\/100\n|\n|t:|1697961810\n|switch|p1a: Iron Hands|Iron Hands, shiny|100\/100|[from] U-turn\n|move|p2b: Iron Bundle|Blizzard|p1a: Iron Hands|[spread] p1a,p1b\n|-resisted|p1b: Chien-Pao\n|-damage|p1a: Iron Hands|46\/100\n|-damage|p1b: Chien-Pao|50\/100\n|-status|p1a: Iron Hands|frz\n|move|p1b: Chien-Pao|Crunch|p2a: Predator Drone\n|-supereffective|p2a: Predator Drone\n|-damage|p2a: Predator Drone|0 fnt\n|faint|p2a: Predator Drone\n|\n|-heal|p1a: Iron Hands|52\/100 frz|[from] item: Leftovers\n|upkeep\n|inactive|fangame10 has 120 seconds left.\n|\n|t:|1697961832\n|switch|p2a: Chi-Yu|Chi-Yu|100\/100\n|-ability|p2a: Chi-Yu|Beads of Ruin\n|turn|2\n|\n|t:|1697961844\n|switch|p2a: Ninetales|Ninetales-Alola, F, shiny|100\/100\n|-weather|Snow|[from] ability: Snow Warning|[of] p2a: Ninetales\n|move|p1b: Chien-Pao|Protect|p1b: Chien-Pao\n|-singleturn|p1b: Chien-Pao|Protect\n|cant|p1a: Iron Hands|frz\n|move|p2b: Iron Bundle|Blizzard|p1a: Iron Hands|[spread] p1a\n|-activate|p1b: Chien-Pao|move: Protect\n|-damage|p1a: Iron Hands|0 fnt\n|faint|p1a: Iron Hands\n|-end|p1a: Iron Hands|Quark Drive|[silent]\n|\n|-weather|Snow|[upkeep]\n|upkeep\n|\n|t:|1697961860\n|switch|p1a: Flutter Mane|Flutter Mane|100\/100\n|turn|3\n|j| acerofspade\n|inactive|fangame10 has 120 seconds left.\n|\n|t:|1697961891\n|switch|p2a: Chi-Yu|Chi-Yu|100\/100\n|-ability|p2a: Chi-Yu|Beads of Ruin\n|-terastallize|p1a: Flutter Mane|Fire\n|move|p2b: Iron Bundle|Blizzard|p1b: Chien-Pao|[spread] p1a,p1b\n|-resisted|p1a: Flutter Mane\n|-resisted|p1b: Chien-Pao\n|-damage|p1a: Flutter Mane|56\/100\n|-damage|p1b: Chien-Pao|0 fnt\n|faint|p1b: Chien-Pao\n|move|p1a: Flutter Mane|Mystical Fire|p2a: Chi-Yu\n|-resisted|p2a: Chi-Yu\n|-damage|p2a: Chi-Yu|80\/100\n|-unboost|p2a: Chi-Yu|spa|1\n|\n|-weather|Snow|[upkeep]\n|upkeep\n|\n|t:|1697961905\n|switch|p1b: Dragapult|Dragapult, F, shiny|100\/100\n|turn|4\n|\n|t:|1697961916\n|move|p1b: Dragapult|Dragon Darts|p2b: Iron Bundle\n|-damage|p2b: Iron Bundle|80\/100\n|-anim|p1b: Dragapult|Dragon Darts|p2a: Chi-Yu\n|-crit|p2a: Chi-Yu\n|-damage|p2a: Chi-Yu|33\/100\n|move|p2b: Iron Bundle|Blizzard|p1b: Dragapult|[spread] p1a,p1b\n|-resisted|p1a: Flutter Mane\n|-supereffective|p1b: Dragapult\n|-damage|p1a: Flutter Mane|17\/100\n|-enditem|p1b: Dragapult|Focus Sash\n|-damage|p1b: Dragapult|1\/100\n|-status|p1a: Flutter Mane|frz\n|cant|p1a: Flutter Mane|frz\n|move|p2a: Chi-Yu|Snarl|p1b: Dragapult|[spread] p1a,p1b\n|-supereffective|p1b: Dragapult\n|-damage|p1a: Flutter Mane|0 fnt\n|-damage|p1b: Dragapult|0 fnt\n|faint|p1a: Flutter Mane\n|-end|p1a: Flutter Mane|Protosynthesis|[silent]\n|faint|p1b: Dragapult\n|\n|-weather|Snow|[upkeep]\n|upkeep\n|\n|t:|1697961933\n|switch|p1b: Death|Basculegion-F, F|100\/100\n|switch|p1a: Pelipper|Pelipper, M|100\/100\n|-weather|RainDance|[from] ability: Drizzle|[of] p1a: Pelipper\n|turn|5\n|inactive|Tacobalde has 120 seconds left.\n|\n|t:|1697961983\n|switch|p2a: Ninetales|Ninetales-Alola, F, shiny|100\/100\n|-weather|Snow|[from] ability: Snow Warning|[of] p2a: Ninetales\n|move|p2b: Iron Bundle|Blizzard|p1b: Death|[spread] p1a,p1b\n|-resisted|p1b: Death\n|-damage|p1a: Pelipper|6\/100\n|-damage|p1b: Death|69\/100\n|-enditem|p1a: Pelipper|Aguav Berry|[eat]\n|-heal|p1a: Pelipper|40\/100|[from] item: Aguav Berry\n|move|p1b: Death|Last Respects|p2a: Ninetales\n|-crit|p2a: Ninetales\n|-damage|p2a: Ninetales|0 fnt\n|faint|p2a: Ninetales\n|move|p1a: Pelipper|Tailwind|p1a: Pelipper\n|-sidestart|p1: Tacobalde|move: Tailwind\n|\n|-weather|Snow|[upkeep]\n|upkeep\n|\n|t:|1697962003\n|switch|p2a: Ursaluna|Ursaluna, M, shiny|100\/100\n|turn|6\n|\n|t:|1697962011\n|move|p1b: Death|Last Respects|p2b: Iron Bundle\n|-damage|p2b: Iron Bundle|0 fnt\n|faint|p2b: Iron Bundle\n|-end|p2b: Iron Bundle|Quark Drive|[silent]\n|move|p1a: Pelipper|Chilling Water|p2a: Ursaluna\n|-supereffective|p2a: Ursaluna\n|-damage|p2a: Ursaluna|59\/100\n|-unboost|p2a: Ursaluna|atk|1\n|move|p2a: Ursaluna|Facade|p1a: Pelipper\n|-damage|p1a: Pelipper|6\/100\n|\n|-weather|Snow|[upkeep]\n|-status|p2a: Ursaluna|brn|[from] item: Flame Orb\n|upkeep\n|\n|t:|1697962023\n|switch|p2b: Kommo-o|Kommo-o, M|100\/100\n|turn|7\n|\n|t:|1697962038\n|move|p2b: Kommo-o|Protect|p2b: Kommo-o\n|-singleturn|p2b: Kommo-o|Protect\n|move|p2a: Ursaluna|Protect|p2a: Ursaluna\n|-singleturn|p2a: Ursaluna|Protect\n|move|p1b: Death|Last Respects|p2b: Kommo-o\n|-activate|p2b: Kommo-o|move: Protect\n|move|p1a: Pelipper|Chilling Water|p2a: Ursaluna\n|-activate|p2a: Ursaluna|move: Protect\n|\n|-weather|Snow|[upkeep]\n|-damage|p2a: Ursaluna|53\/100 brn|[from] brn\n|upkeep\n|turn|8\n|\n|t:|1697962065\n|move|p1b: Death|Last Respects|p2b: Kommo-o\n|-damage|p2b: Kommo-o|0 fnt\n|faint|p2b: Kommo-o\n|move|p1a: Pelipper|Chilling Water|p2a: Ursaluna\n|-supereffective|p2a: Ursaluna\n|-damage|p2a: Ursaluna|15\/100 brn\n|-unboost|p2a: Ursaluna|atk|1\n|move|p2a: Ursaluna|Facade|p1a: Pelipper\n|-damage|p1a: Pelipper|0 fnt\n|faint|p1a: Pelipper\n|\n|-weather|Snow|[upkeep]\n|-damage|p2a: Ursaluna|9\/100 brn|[from] brn\n|-sideend|p1: Tacobalde|move: Tailwind\n|upkeep\n|\n|t:|1697962067\n|switch|p2b: Chi-Yu|Chi-Yu|33\/100\n|-ability|p2b: Chi-Yu|Beads of Ruin\n|turn|9\n|\n|t:|1697962074\n|move|p2a: Ursaluna|Protect|p2a: Ursaluna\n|-singleturn|p2a: Ursaluna|Protect\n|move|p2b: Chi-Yu|Dark Pulse|p1b: Death\n|-supereffective|p1b: Death\n|-damage|p1b: Death|0 fnt\n|faint|p1b: Death\n|\n|win|fangame10\n|raw|Tacobalde's rating: 1472 &rarr; <strong>1460<\/strong><br \/>(-12 for losing)\n|raw|fangame10's rating: 1626 &rarr; <strong>1638<\/strong><br \/>(+12 for winning)\n|l|\u2606fangame10\n","uploadtime":1697962080,"views":22,"p1id":"tacobalde","p2id":"fangame10","formatid":"gen9doublesou","rating":1460,"private":0,"password":""}