{"id":"gen9doublesou-1981450651","p1":"Lelovet","p2":"Bruhitsjhian","format":"[Gen 9] Doubles OU","log":"|j|\u2606Lelovet\n|j|\u2606Bruhitsjhian\n|t:|1698897623\n|gametype|doubles\n|player|p1|Lelovet|bellelba|1099\n|player|p2|Bruhitsjhian|az|1000\n|teamsize|p1|6\n|teamsize|p2|6\n|gen|9\n|tier|[Gen 9] Doubles OU\n|rated|\n|rule|Species Clause: Limit one of each Pok\u00e9mon\n|rule|OHKO Clause: OHKO moves are banned\n|rule|Evasion Moves Clause: Evasion moves are banned\n|rule|Gravity Sleep Clause: The combination of sleep-inducing moves with imperfect accuracy and Gravity or Gigantamax Orbeetle are banned\n|rule|Endless Battle Clause: Forcing endless battles is banned\n|rule|HP Percentage Mod: HP is shown in percentages\n|clearpoke\n|poke|p1|Crabominable, M|\n|poke|p1|Scovillain, F|\n|poke|p1|Chimecho, M|\n|poke|p1|Luvdisc, F|\n|poke|p1|Swalot, M|\n|poke|p1|Hypno, M|\n|poke|p2|Volcanion|\n|poke|p2|Walking Wake|\n|poke|p2|Ursaluna-Bloodmoon, M|\n|poke|p2|Chien-Pao|\n|poke|p2|Flutter Mane|\n|poke|p2|Iron Hands|\n|teampreview\n|\n|t:|1698897632\n|start\n|switch|p1a: Hypno|Hypno, M, shiny|100\/100\n|switch|p1b: Chimecho|Chimecho, M|100\/100\n|switch|p2a: Iron Hands|Iron Hands|100\/100\n|switch|p2b: Flutter Mane|Flutter Mane|100\/100\n|-enditem|p2b: Flutter Mane|Booster Energy\n|-activate|p2b: Flutter Mane|ability: Protosynthesis|[fromitem]\n|-start|p2b: Flutter Mane|protosynthesisspe\n|turn|1\n|\n|t:|1698897659\n|move|p2a: Iron Hands|Fake Out|p1a: Hypno\n|-damage|p1a: Hypno|82\/100\n|move|p2b: Flutter Mane|Shadow Ball|p1a: Hypno\n|-supereffective|p1a: Hypno\n|-damage|p1a: Hypno|11\/100\n|move|p1a: Hypno|Switcheroo|p2a: Iron Hands\n|-activate|p1a: Hypno|move: Trick|[of] p2a: Iron Hands\n|-item|p2a: Iron Hands|Flame Orb|[from] move: Switcheroo\n|-item|p1a: Hypno|Assault Vest|[from] move: Switcheroo\n|move|p1b: Chimecho|Thunder Wave|p2b: Flutter Mane\n|-status|p2b: Flutter Mane|par\n|\n|-status|p2a: Iron Hands|brn|[from] item: Flame Orb\n|upkeep\n|turn|2\n|\n|t:|1698897683\n|move|p2a: Iron Hands|Fake Out||[still]\n|-hint|Fake Out only works on your first turn out.\n|-fail|p2a: Iron Hands\n|move|p2b: Flutter Mane|Dazzling Gleam|p1b: Chimecho|[spread] p1a,p1b\n|-damage|p1a: Hypno|0 fnt\n|-damage|p1b: Chimecho|66\/100\n|faint|p1a: Hypno\n|move|p1b: Chimecho|Substitute|p1b: Chimecho\n|-start|p1b: Chimecho|Substitute\n|-damage|p1b: Chimecho|42\/100\n|\n|-heal|p1b: Chimecho|48\/100|[from] item: Leftovers\n|-damage|p2a: Iron Hands|94\/100 brn|[from] brn\n|upkeep\n|\n|t:|1698897693\n|switch|p1a: Scovillain|Scovillain, F, shiny|100\/100\n|turn|3\n|\n|t:|1698897708\n|switch|p1b: Swalot|Swalot, M, shiny|100\/100\n|move|p1a: Scovillain|Protect|p1a: Scovillain\n|-singleturn|p1a: Scovillain|Protect\n|cant|p2b: Flutter Mane|par\n|move|p2a: Iron Hands|Drain Punch|p1a: Scovillain\n|-activate|p1a: Scovillain|move: Protect\n|\n|-damage|p2a: Iron Hands|88\/100 brn|[from] brn\n|-ability|p1a: Scovillain|Moody|boost\n|-boost|p1a: Scovillain|def|2\n|-unboost|p1a: Scovillain|spd|1\n|upkeep\n|turn|4\n|\n|t:|1698897732\n|-end|p2b: Flutter Mane|Protosynthesis|[silent]\n|switch|p2b: Ursaluna|Ursaluna-Bloodmoon, M|100\/100\n|switch|p1a: Chimecho|Chimecho, M|48\/100\n|move|p2a: Iron Hands|Drain Punch|p1a: Chimecho\n|-resisted|p1a: Chimecho\n|-damage|p1a: Chimecho|36\/100\n|-heal|p2a: Iron Hands|92\/100 brn|[from] drain|[of] p1a: Chimecho\n|move|p1b: Swalot|Acid Armor|p1b: Swalot\n|-boost|p1b: Swalot|def|2\n|\n|-heal|p1a: Chimecho|42\/100|[from] item: Leftovers\n|-damage|p2a: Iron Hands|86\/100 brn|[from] brn\n|upkeep\n|turn|5\n|\n|t:|1698897761\n|move|p2a: Iron Hands|Fake Out||[still]\n|-hint|Fake Out only works on your first turn out.\n|-fail|p2a: Iron Hands\n|move|p1a: Chimecho|Ally Switch|p1a: Chimecho\n|swap|p1a: Chimecho|1|[from] move: Ally Switch\n|move|p2b: Ursaluna|Earth Power|p1b: Chimecho\n|-immune|p1b: Chimecho|[from] ability: Levitate\n|move|p1a: Swalot|Body Press|p2b: Ursaluna\n|-supereffective|p2b: Ursaluna\n|-damage|p2b: Ursaluna|37\/100\n|\n|-heal|p1b: Chimecho|49\/100|[from] item: Leftovers\n|-heal|p2b: Ursaluna|43\/100|[from] item: Leftovers\n|-damage|p2a: Iron Hands|80\/100 brn|[from] brn\n|upkeep\n|turn|6\n|\n|t:|1698897794\n|move|p1b: Chimecho|Ally Switch||[still]\n|-fail|p1b: Chimecho\n|move|p2b: Ursaluna|Blood Moon|p1a: Swalot\n|-damage|p1a: Swalot|34\/100\n|move|p2a: Iron Hands|Close Combat|p1a: Swalot\n|-resisted|p1a: Swalot\n|-damage|p1a: Swalot|27\/100\n|-unboost|p2a: Iron Hands|def|1\n|-unboost|p2a: Iron Hands|spd|1\n|move|p1a: Swalot|Body Press|p2b: Ursaluna\n|-supereffective|p2b: Ursaluna\n|-damage|p2b: Ursaluna|0 fnt\n|faint|p2b: Ursaluna\n|\n|-heal|p1b: Chimecho|55\/100|[from] item: Leftovers\n|-heal|p1a: Swalot|33\/100|[from] item: Black Sludge\n|-damage|p2a: Iron Hands|73\/100 brn|[from] brn\n|upkeep\n|\n|t:|1698897811\n|switch|p2b: Volcanion|Volcanion|100\/100\n|turn|7\n|\n|t:|1698897828\n|move|p2b: Volcanion|Earth Power|p1a: Swalot\n|-supereffective|p1a: Swalot\n|-damage|p1a: Swalot|0 fnt\n|faint|p1a: Swalot\n|move|p1b: Chimecho|Thunder Wave|p2b: Volcanion\n|-status|p2b: Volcanion|par\n|move|p2a: Iron Hands|Iron Head|p1b: Chimecho\n|-damage|p1b: Chimecho|39\/100\n|\n|-heal|p1b: Chimecho|46\/100|[from] item: Leftovers\n|-damage|p2a: Iron Hands|67\/100 brn|[from] brn\n|upkeep\n|\n|t:|1698897844\n|switch|p1a: Scovillain|Scovillain, F, shiny|100\/100\n|turn|8\n|\n|t:|1698897869\n|move|p1a: Scovillain|Protect|p1a: Scovillain\n|-singleturn|p1a: Scovillain|Protect\n|move|p1b: Chimecho|Substitute|p1b: Chimecho\n|-start|p1b: Chimecho|Substitute\n|-damage|p1b: Chimecho|21\/100\n|move|p2a: Iron Hands|Close Combat|p1a: Scovillain\n|-activate|p1a: Scovillain|move: Protect\n|cant|p2b: Volcanion|par\n|\n|-heal|p1b: Chimecho|27\/100|[from] item: Leftovers\n|-damage|p2a: Iron Hands|61\/100 brn|[from] brn\n|-ability|p1a: Scovillain|Moody|boost\n|-boost|p1a: Scovillain|def|2\n|-unboost|p1a: Scovillain|spe|1\n|upkeep\n|turn|9\n|\n|t:|1698897892\n|move|p1b: Chimecho|Ally Switch|p1b: Chimecho\n|swap|p1b: Chimecho|0|[from] move: Ally Switch\n|move|p2a: Iron Hands|Close Combat|p1a: Chimecho\n|-resisted|p1a: Chimecho\n|-activate|p1a: Chimecho|move: Substitute|[damage]\n|-unboost|p2a: Iron Hands|def|1\n|-unboost|p2a: Iron Hands|spd|1\n|move|p1b: Scovillain|Giga Drain|p2b: Volcanion\n|-damage|p2b: Volcanion|77\/100 par\n|cant|p2b: Volcanion|par\n|\n|-heal|p1a: Chimecho|33\/100|[from] item: Leftovers\n|-damage|p2a: Iron Hands|55\/100 brn|[from] brn\n|-ability|p1b: Scovillain|Moody|boost\n|-boost|p1b: Scovillain|spe|2\n|-unboost|p1b: Scovillain|def|1\n|upkeep\n|turn|10\n|\n|t:|1698897917\n|move|p1b: Scovillain|Protect|p1b: Scovillain\n|-singleturn|p1b: Scovillain|Protect\n|move|p2a: Iron Hands|Fake Out||[still]\n|-hint|Fake Out only works on your first turn out.\n|-fail|p2a: Iron Hands\n|move|p1a: Chimecho|Thunder Wave||[still]\n|-fail|p1a: Chimecho\n|cant|p2b: Volcanion|par\n|\n|-heal|p1a: Chimecho|39\/100|[from] item: Leftovers\n|-damage|p2a: Iron Hands|49\/100 brn|[from] brn\n|-ability|p1b: Scovillain|Moody|boost\n|-boost|p1b: Scovillain|spe|2\n|-unboost|p1b: Scovillain|spa|1\n|upkeep\n|turn|11\n|\n|t:|1698897945\n|move|p1a: Chimecho|Ally Switch|p1a: Chimecho\n|swap|p1a: Chimecho|1|[from] move: Ally Switch\n|move|p1a: Scovillain|Flamethrower|p2a: Iron Hands\n|-damage|p2a: Iron Hands|0 fnt\n|faint|p2a: Iron Hands\n|-end|p2a: Iron Hands|Quark Drive|[silent]\n|cant|p2b: Volcanion|par\n|\n|-heal|p1b: Chimecho|46\/100|[from] item: Leftovers\n|-ability|p1a: Scovillain|Moody|boost\n|-boost|p1a: Scovillain|spe|2\n|-unboost|p1a: Scovillain|atk|1\n|upkeep\n|\n|t:|1698897956\n|switch|p2a: Walking Wake|Walking Wake|100\/100\n|turn|12\n|\n|t:|1698897966\n|move|p1a: Scovillain|Protect|p1a: Scovillain\n|-singleturn|p1a: Scovillain|Protect\n|move|p2a: Walking Wake|Protect|p2a: Walking Wake\n|-singleturn|p2a: Walking Wake|Protect\n|move|p1b: Chimecho|Thunder Wave|p2a: Walking Wake\n|-activate|p2a: Walking Wake|move: Protect\n|move|p2b: Volcanion|Steam Eruption|p1b: Chimecho\n|-end|p1b: Chimecho|Substitute\n|\n|-heal|p1b: Chimecho|52\/100|[from] item: Leftovers\n|-ability|p1a: Scovillain|Moody|boost\n|-boost|p1a: Scovillain|def|2\n|-unboost|p1a: Scovillain|atk|1\n|upkeep\n|turn|13\n|\n|t:|1698897985\n|move|p1a: Scovillain|Leech Seed|p2b: Volcanion\n|-start|p2b: Volcanion|move: Leech Seed\n|move|p2a: Walking Wake|Hydro Steam|p1a: Scovillain\n|-damage|p1a: Scovillain|24\/100\n|-damage|p2a: Walking Wake|91\/100|[from] item: Life Orb\n|move|p1b: Chimecho|Thunder Wave|p2a: Walking Wake\n|-status|p2a: Walking Wake|par\n|move|p2b: Volcanion|Heat Wave|p1b: Chimecho|[spread] p1b\n|-miss|p2b: Volcanion|p1a: Scovillain\n|-damage|p1b: Chimecho|11\/100\n|\n|-heal|p1a: Scovillain|30\/100|[from] item: Leftovers\n|-heal|p1b: Chimecho|17\/100|[from] item: Leftovers\n|-damage|p2b: Volcanion|64\/100 par|[from] Leech Seed|[of] p1a: Scovillain\n|-heal|p1a: Scovillain|46\/100|[silent]\n|-ability|p1a: Scovillain|Moody|boost\n|-boost|p1a: Scovillain|def|2\n|-unboost|p1a: Scovillain|spd|1\n|upkeep\n|turn|14\n|\n|t:|1698898009\n|move|p1a: Scovillain|Protect|p1a: Scovillain\n|-singleturn|p1a: Scovillain|Protect\n|move|p1b: Chimecho|Ally Switch|p1b: Chimecho\n|swap|p1b: Chimecho|0|[from] move: Ally Switch\n|move|p2a: Walking Wake|Hydro Steam|p1b: Scovillain\n|-activate|p1b: Scovillain|move: Protect\n|cant|p2b: Volcanion|par\n|\n|-heal|p1b: Scovillain|52\/100|[from] item: Leftovers\n|-heal|p1a: Chimecho|24\/100|[from] item: Leftovers\n|-damage|p2b: Volcanion|52\/100 par|[from] Leech Seed|[of] p1a: Chimecho\n|-heal|p1a: Chimecho|39\/100|[silent]\n|-ability|p1b: Scovillain|Moody|boost\n|-boost|p1b: Scovillain|atk|2\n|-unboost|p1b: Scovillain|spa|1\n|upkeep\n|turn|15\n|\n|t:|1698898040\n|switch|p1b: Crabominable|Crabominable, M, shiny|100\/100\n|move|p1a: Chimecho|Ally Switch||[still]\n|-fail|p1a: Chimecho\n|cant|p2a: Walking Wake|par\n|move|p2b: Volcanion|Heat Wave|p1a: Chimecho|[spread] p1a,p1b\n|-supereffective|p1b: Crabominable\n|-damage|p1a: Chimecho|1\/100\n|-damage|p1b: Crabominable|18\/100\n|\n|-heal|p1a: Chimecho|7\/100|[from] item: Leftovers\n|-damage|p2b: Volcanion|39\/100 par|[from] Leech Seed|[of] p1a: Chimecho\n|-heal|p1a: Chimecho|22\/100|[silent]\n|upkeep\n|turn|16\n|\n|t:|1698898057\n|move|p1a: Chimecho|Ally Switch|p1a: Chimecho\n|swap|p1a: Chimecho|1|[from] move: Ally Switch\n|move|p2a: Walking Wake|Hydro Steam|p1b: Chimecho\n|-damage|p1b: Chimecho|0 fnt\n|faint|p1b: Chimecho\n|-damage|p2a: Walking Wake|81\/100 par|[from] item: Life Orb\n|move|p1a: Crabominable|Drain Punch|p2b: Volcanion\n|-damage|p2b: Volcanion|4\/100 par\n|-heal|p1a: Crabominable|37\/100|[from] drain|[of] p2b: Volcanion\n|cant|p2b: Volcanion|par\n|\n|-damage|p2b: Volcanion|0 fnt|[from] Leech Seed|[of] p1a: Crabominable\n|-heal|p1a: Crabominable|40\/100|[silent]\n|faint|p2b: Volcanion\n|upkeep\n|\n|t:|1698898076\n|switch|p2b: Chien-Pao|Chien-Pao|100\/100\n|switch|p1b: Luvdisc|Luvdisc, F, shiny|100\/100\n|-ability|p2b: Chien-Pao|Sword of Ruin\n|turn|17\n|\n|t:|1698898090\n|move|p1a: Crabominable|Protect|p1a: Crabominable\n|-singleturn|p1a: Crabominable|Protect\n|move|p2b: Chien-Pao|Sacred Sword|p1a: Crabominable\n|-activate|p1a: Crabominable|move: Protect\n|move|p1b: Luvdisc|Icy Wind|p2b: Chien-Pao|[spread] p2a,p2b\n|-resisted|p2b: Chien-Pao\n|-damage|p2a: Walking Wake|76\/100 par\n|-damage|p2b: Chien-Pao|97\/100\n|-unboost|p2a: Walking Wake|spe|1\n|-unboost|p2b: Chien-Pao|spe|1\n|move|p2a: Walking Wake|Flamethrower|p1a: Crabominable\n|-activate|p1a: Crabominable|move: Protect\n|\n|upkeep\n|turn|18\n|\n|t:|1698898114\n|-terastallize|p1a: Crabominable|Water\n|move|p1b: Luvdisc|Sweet Kiss|p2b: Chien-Pao|[miss]\n|-miss|p1b: Luvdisc|p2b: Chien-Pao\n|move|p2b: Chien-Pao|Sacred Sword|p1a: Crabominable\n|-damage|p1a: Crabominable|0 fnt\n|faint|p1a: Crabominable\n|-damage|p2b: Chien-Pao|87\/100|[from] item: Life Orb\n|cant|p2a: Walking Wake|par\n|\n|upkeep\n|\n|t:|1698898125\n|switch|p1a: Scovillain|Scovillain, F, shiny|52\/100\n|turn|19\n|\n|t:|1698898141\n|move|p1a: Scovillain|Protect|p1a: Scovillain\n|-singleturn|p1a: Scovillain|Protect\n|move|p2a: Walking Wake|Protect|p2a: Walking Wake\n|-singleturn|p2a: Walking Wake|Protect\n|move|p2b: Chien-Pao|Sucker Punch||[still]\n|-fail|p2b: Chien-Pao\n|move|p1b: Luvdisc|Icy Wind|p2b: Chien-Pao|[spread] p2b\n|-activate|p2a: Walking Wake|move: Protect\n|-resisted|p2b: Chien-Pao\n|-damage|p2b: Chien-Pao|84\/100\n|-unboost|p2b: Chien-Pao|spe|1\n|\n|-heal|p1a: Scovillain|58\/100|[from] item: Leftovers\n|-ability|p1a: Scovillain|Moody|boost\n|-boost|p1a: Scovillain|atk|2\n|-unboost|p1a: Scovillain|spa|1\n|upkeep\n|turn|20\n|\n|t:|1698898165\n|move|p2b: Chien-Pao|Sucker Punch||[still]\n|-fail|p2b: Chien-Pao\n|move|p1b: Luvdisc|Icy Wind|p2a: Walking Wake|[spread] p2a,p2b\n|-resisted|p2b: Chien-Pao\n|-damage|p2a: Walking Wake|70\/100 par\n|-damage|p2b: Chien-Pao|80\/100\n|-unboost|p2a: Walking Wake|spe|1\n|-unboost|p2b: Chien-Pao|spe|1\n|move|p1a: Scovillain|Leech Seed|p2a: Walking Wake\n|-start|p2a: Walking Wake|move: Leech Seed\n|cant|p2a: Walking Wake|par\n|\n|-heal|p1a: Scovillain|64\/100|[from] item: Leftovers\n|-damage|p2a: Walking Wake|58\/100 par|[from] Leech Seed|[of] p1a: Scovillain\n|-heal|p1a: Scovillain|79\/100|[silent]\n|-ability|p1a: Scovillain|Moody|boost\n|-boost|p1a: Scovillain|spe|2\n|-unboost|p1a: Scovillain|atk|1\n|upkeep\n|turn|21\n|\n|t:|1698898186\n|move|p1a: Scovillain|Protect|p1a: Scovillain\n|-singleturn|p1a: Scovillain|Protect\n|move|p1b: Luvdisc|Sweet Kiss|p2b: Chien-Pao|[miss]\n|-miss|p1b: Luvdisc|p2b: Chien-Pao\n|move|p2b: Chien-Pao|Crunch|p1b: Luvdisc\n|-damage|p1b: Luvdisc|0 fnt\n|faint|p1b: Luvdisc\n|-damage|p2b: Chien-Pao|70\/100|[from] item: Life Orb\n|cant|p2a: Walking Wake|par\n|\n|-heal|p1a: Scovillain|85\/100|[from] item: Leftovers\n|-damage|p2a: Walking Wake|46\/100 par|[from] Leech Seed|[of] p1a: Scovillain\n|-heal|p1a: Scovillain|100\/100|[silent]\n|-ability|p1a: Scovillain|Moody|boost\n|-boost|p1a: Scovillain|atk|2\n|-unboost|p1a: Scovillain|def|1\n|upkeep\n|turn|22\n|\n|t:|1698898209\n|move|p2b: Chien-Pao|Sucker Punch|p1a: Scovillain\n|-damage|p1a: Scovillain|0 fnt\n|faint|p1a: Scovillain\n|-damage|p2b: Chien-Pao|60\/100|[from] item: Life Orb\n|\n|win|Bruhitsjhian\n|raw|Lelovet's rating: 1099 &rarr; <strong>1067<\/strong><br \/>(-32 for losing)\n|raw|Bruhitsjhian's rating: 1000 &rarr; <strong>1051<\/strong><br \/>(+51 for winning)\n|c|\u2606Lelovet|Gg\n","uploadtime":1698898255,"views":19,"p1id":"lelovet","p2id":"bruhitsjhian","formatid":"gen9doublesou","rating":1051,"private":0,"password":""}