{"id":"gen9doublesou-1994097541","p1":"wu liao de lan gou","p2":"Jonastw","format":"[Gen 9] Doubles OU","log":"|j|\u2606wu liao de lan gou\n|j|\u2606Jonastw\n|t:|1700406493\n|gametype|doubles\n|player|p1|wu liao de lan gou|marnie|1517\n|player|p2|Jonastw|265|1451\n|teamsize|p1|6\n|teamsize|p2|6\n|gen|9\n|tier|[Gen 9] Doubles OU\n|rated|\n|rule|Species Clause: Limit one of each Pok\u00e9mon\n|rule|OHKO Clause: OHKO moves are banned\n|rule|Evasion Moves Clause: Evasion moves are banned\n|rule|Gravity Sleep Clause: The combination of sleep-inducing moves with imperfect accuracy and Gravity or Gigantamax Orbeetle are banned\n|rule|Endless Battle Clause: Forcing endless battles is banned\n|rule|HP Percentage Mod: HP is shown in percentages\n|clearpoke\n|poke|p1|Roaring Moon|\n|poke|p1|Gholdengo|\n|poke|p1|Weezing, M|\n|poke|p1|Sinistcha|\n|poke|p1|Volcanion|\n|poke|p1|Landorus-Therian, M|\n|poke|p2|Flutter Mane|\n|poke|p2|Landorus-Therian, M|\n|poke|p2|Pelipper, F|\n|poke|p2|Palafin, M|\n|poke|p2|Sinistcha-Masterpiece|\n|poke|p2|Oranguru, M|\n|teampreview\n|inactive|Battle timer is ON: inactive players will automatically lose when time's up. (requested by Jonastw)\n|inactive|wu liao de lan gou has 120 seconds left.\n|\n|t:|1700406523\n|start\n|switch|p1a: Weezing|Weezing, M|100\/100\n|switch|p1b: Roaring Moon|Roaring Moon|100\/100\n|switch|p2a: Landorus|Landorus-Therian, M, shiny|100\/100\n|switch|p2b: Palafin|Palafin, M|100\/100\n|-ability|p1a: Weezing|Neutralizing Gas\n|-enditem|p1b: Roaring Moon|Booster Energy\n|-activate|p1b: Roaring Moon|ability: Protosynthesis|[fromitem]\n|-start|p1b: Roaring Moon|protosynthesisspe\n|turn|1\n|inactive|Jonastw has 120 seconds left.\n|\n|t:|1700406558\n|detailschange|p2b: Palafin|Palafin-Hero, M\n|switch|p2b: Pelipper|Pelipper, F, shiny|100\/100\n|move|p1b: Roaring Moon|Knock Off|p2b: Pelipper\n|-damage|p2b: Pelipper|47\/100\n|-enditem|p2b: Pelipper|Damp Rock|[from] move: Knock Off|[of] p1b: Roaring Moon\n|move|p2a: Landorus|Earthquake|p1b: Roaring Moon|[spread] p1a,p1b\n|-immune|p2b: Pelipper\n|-supereffective|p1a: Weezing\n|-damage|p1a: Weezing|16\/100\n|-damage|p1b: Roaring Moon|22\/100\n|-enditem|p1a: Weezing|Sitrus Berry|[eat]\n|-heal|p1a: Weezing|41\/100|[from] item: Sitrus Berry\n|-damage|p2a: Landorus|90\/100|[from] item: Life Orb\n|move|p1a: Weezing|Will-O-Wisp|p2a: Landorus\n|-status|p2a: Landorus|brn\n|\n|-damage|p2a: Landorus|84\/100 brn|[from] brn\n|upkeep\n|turn|2\n|inactive|wu liao de lan gou has 120 seconds left.\n|\n|t:|1700406597\n|-terastallize|p1b: Roaring Moon|Flying\n|move|p1a: Weezing|Protect|p1a: Weezing\n|-singleturn|p1a: Weezing|Protect\n|move|p1b: Roaring Moon|Acrobatics|p2a: Landorus\n|-damage|p2a: Landorus|15\/100 brn\n|move|p2a: Landorus|Earthquake|p1b: Roaring Moon|[spread] \n|-activate|p1a: Weezing|move: Protect\n|-immune|p2b: Pelipper\n|-immune|p1b: Roaring Moon\n|move|p2b: Pelipper|Tailwind|p2b: Pelipper\n|-sidestart|p2: Jonastw|move: Tailwind\n|\n|-damage|p2a: Landorus|9\/100 brn|[from] brn\n|upkeep\n|turn|3\n|inactive|wu liao de lan gou has 120 seconds left.\n|\n|t:|1700406618\n|switch|p2b: Sinistcha|Sinistcha-Masterpiece, shiny|100\/100\n|move|p2a: Landorus|Rock Slide|p1a: Weezing|[spread] p1a,p1b\n|-supereffective|p1b: Roaring Moon\n|-damage|p1a: Weezing|29\/100\n|-damage|p1b: Roaring Moon|0 fnt\n|faint|p1b: Roaring Moon\n|-end|p1b: Roaring Moon|Protosynthesis|[silent]\n|-damage|p2a: Landorus|0 fnt|[from] item: Life Orb\n|faint|p2a: Landorus\n|cant|p1a: Weezing|flinch\n|\n|upkeep\n|\n|t:|1700406644\n|switch|p1b: Volcanion|Volcanion|100\/100\n|switch|p2a: Palafin|Palafin-Hero, M|100\/100\n|-activate|p2a: Palafin|ability: Zero to Hero\n|turn|4\n|\n|t:|1700406655\n|move|p1a: Weezing|Protect|p1a: Weezing\n|-singleturn|p1a: Weezing|Protect\n|move|p2a: Palafin|Jet Punch|p1a: Weezing\n|-activate|p1a: Weezing|move: Protect\n|move|p2b: Sinistcha|Matcha Gotcha|p1a: Weezing|[spread] p1b\n|-activate|p1a: Weezing|move: Protect\n|-damage|p1b: Volcanion|79\/100\n|move|p1b: Volcanion|Heat Wave|p2b: Sinistcha|[spread] p2a,p2b\n|-resisted|p2a: Palafin\n|-supereffective|p2b: Sinistcha\n|-crit|p2b: Sinistcha\n|-damage|p2a: Palafin|79\/100\n|-damage|p2b: Sinistcha|0 fnt\n|faint|p2b: Sinistcha\n|\n|upkeep\n|\n|t:|1700406669\n|switch|p2b: Pelipper|Pelipper, F, shiny|47\/100\n|turn|5\n|\n|t:|1700406683\n|move|p2b: Pelipper|Wide Guard|p2b: Pelipper\n|-singleturn|p2b: Pelipper|Wide Guard\n|move|p2a: Palafin|Jet Punch|p1a: Weezing\n|-damage|p1a: Weezing|0 fnt\n|faint|p1a: Weezing\n|-end|p1a: Weezing|ability: Neutralizing Gas\n|-weather|RainDance|[from] ability: Drizzle|[of] p2b: Pelipper\n|move|p1b: Volcanion|Steam Eruption|p2a: Palafin\n|-resisted|p2a: Palafin\n|-damage|p2a: Palafin|25\/100\n|-status|p2a: Palafin|brn\n|\n|-weather|RainDance|[upkeep]\n|-damage|p2a: Palafin|19\/100 brn|[from] brn\n|-sideend|p2: Jonastw|move: Tailwind\n|upkeep\n|\n|t:|1700406686\n|switch|p1a: Sinistcha|Sinistcha|100\/100\n|-heal|p1b: Volcanion|100\/100|[from] ability: Hospitality|[of] p1a: Sinistcha\n|turn|6\n|inactive|Jonastw has 120 seconds left.\n|\n|t:|1700406737\n|switch|p2a: Oranguru|Oranguru, M|100\/100\n|move|p2b: Pelipper|Hurricane|p1a: Sinistcha\n|-supereffective|p1a: Sinistcha\n|-crit|p1a: Sinistcha\n|-damage|p1a: Sinistcha|0 fnt\n|faint|p1a: Sinistcha\n|move|p1b: Volcanion|Steam Eruption|p2b: Pelipper\n|-resisted|p2b: Pelipper\n|-damage|p2b: Pelipper|0 fnt\n|faint|p2b: Pelipper\n|\n|-weather|RainDance|[upkeep]\n|upkeep\n|inactive|Jonastw has 120 seconds left.\n|\n|t:|1700406747\n|switch|p2b: Flutter Mane|Flutter Mane, shiny|100\/100\n|switch|p1a: Landorus|Landorus-Therian, M|100\/100\n|-ability|p1a: Landorus|Intimidate|boost\n|-unboost|p2a: Oranguru|atk|1\n|-unboost|p2b: Flutter Mane|atk|1\n|-enditem|p2b: Flutter Mane|Booster Energy\n|-activate|p2a: Oranguru|ability: Symbiosis|Focus Sash|[of] p2b: Flutter Mane\n|-activate|p2b: Flutter Mane|ability: Protosynthesis|[fromitem]\n|-start|p2b: Flutter Mane|protosynthesisspa\n|turn|7\n|\n|t:|1700406759\n|-terastallize|p2b: Flutter Mane|Fairy\n|move|p1a: Landorus|Stomping Tantrum|p2b: Flutter Mane\n|-damage|p2b: Flutter Mane|8\/100\n|move|p2b: Flutter Mane|Dazzling Gleam|p1b: Volcanion|[spread] p1a,p1b\n|-resisted|p1b: Volcanion\n|-damage|p1a: Landorus|15\/100\n|-damage|p1b: Volcanion|79\/100\n|move|p1b: Volcanion|Steam Eruption|p2a: Oranguru\n|-damage|p2a: Oranguru|29\/100\n|move|p2a: Oranguru|Instruct|p2b: Flutter Mane\n|-singleturn|p2b: Flutter Mane|move: Instruct|[of] p2a: Oranguru\n|move|p2b: Flutter Mane|Dazzling Gleam|p1b: Volcanion|[spread] p1a,p1b\n|-resisted|p1b: Volcanion\n|-damage|p1a: Landorus|0 fnt\n|-damage|p1b: Volcanion|60\/100\n|faint|p1a: Landorus\n|\n|-weather|RainDance|[upkeep]\n|upkeep\n|\n|t:|1700406762\n|switch|p1a: Gholdengo|Gholdengo|100\/100\n|turn|8\n|\n|t:|1700406782\n|move|p1a: Gholdengo|Protect|p1a: Gholdengo\n|-singleturn|p1a: Gholdengo|Protect\n|move|p2b: Flutter Mane|Shadow Ball|p1a: Gholdengo\n|-activate|p1a: Gholdengo|move: Protect\n|move|p1b: Volcanion|Steam Eruption|p2b: Flutter Mane\n|-damage|p2b: Flutter Mane|0 fnt\n|faint|p2b: Flutter Mane\n|-end|p2b: Flutter Mane|Protosynthesis|[silent]\n|move|p2a: Oranguru|Psychic|p1b: Volcanion\n|-damage|p1b: Volcanion|41\/100\n|\n|-weather|RainDance|[upkeep]\n|upkeep\n|\n|t:|1700406788\n|switch|p2b: Palafin|Palafin-Hero, M|19\/100 brn\n|turn|9\n|\n|t:|1700406796\n|move|p2b: Palafin|Drain Punch|p1b: Volcanion\n|-damage|p1b: Volcanion|21\/100\n|-heal|p2b: Palafin|29\/100 brn|[from] drain|[of] p1b: Volcanion\n|move|p1a: Gholdengo|Make It Rain|p2a: Oranguru|[spread] p2a,p2b\n|-resisted|p2b: Palafin\n|-damage|p2a: Oranguru|0 fnt\n|-damage|p2b: Palafin|2\/100 brn\n|-unboost|p1a: Gholdengo|spa|1\n|faint|p2a: Oranguru\n|move|p1b: Volcanion|Steam Eruption|p2b: Palafin\n|-resisted|p2b: Palafin\n|-damage|p2b: Palafin|0 fnt\n|faint|p2b: Palafin\n|\n|win|wu liao de lan gou\n|raw|wu liao de lan gou's rating: 1517 &rarr; <strong>1532<\/strong><br \/>(+15 for winning)\n|raw|Jonastw's rating: 1437 &rarr; <strong>1422<\/strong><br \/>(-15 for losing)\n","uploadtime":1700406811,"views":4,"p1id":"wuliaodelangou","p2id":"jonastw","formatid":"gen9doublesou","rating":1422,"private":0,"password":""}