{"id":"gen9doublesou-1987950746","p1":"papi de quatro","p2":"Duo_Doedel","format":"[Gen 9] Doubles OU","log":"|j|\u2606papi de quatro\n|j|\u2606Duo_Doedel\n|t:|1699652355\n|gametype|doubles\n|player|p1|papi de quatro|2|1340\n|player|p2|Duo_Doedel|169|1307\n|teamsize|p1|6\n|teamsize|p2|6\n|gen|9\n|tier|[Gen 9] Doubles OU\n|rated|\n|rule|Species Clause: Limit one of each Pok\u00e9mon\n|rule|OHKO Clause: OHKO moves are banned\n|rule|Evasion Moves Clause: Evasion moves are banned\n|rule|Gravity Sleep Clause: The combination of sleep-inducing moves with imperfect accuracy and Gravity or Gigantamax Orbeetle are banned\n|rule|Endless Battle Clause: Forcing endless battles is banned\n|rule|HP Percentage Mod: HP is shown in percentages\n|clearpoke\n|poke|p1|Indeedee-F, F|\n|poke|p1|Polteageist|\n|poke|p1|Hatterene, F|\n|poke|p1|Ursaluna, M|\n|poke|p1|Farigiraf, M|\n|poke|p1|Kingambit, M|\n|poke|p2|Milotic, F|\n|poke|p2|Tyranitar, M|\n|poke|p2|Gyarados, M|\n|poke|p2|Volcarona, F|\n|poke|p2|Raichu, M|\n|poke|p2|Landorus, M|\n|teampreview\n|inactive|Battle timer is ON: inactive players will automatically lose when time's up. (requested by Duo_Doedel)\n|inactive|Duo_Doedel has 120 seconds left.\n|\n|t:|1699652414\n|start\n|switch|p1a: Farigiraf|Farigiraf, M|100\/100\n|switch|p1b: Ursaluna|Ursaluna, M|100\/100\n|switch|p2a: StoneCold|Tyranitar, M|100\/100\n|switch|p2b: Lando|Landorus, M|100\/100\n|-weather|Sandstorm|[from] ability: Sand Stream|[of] p2a: StoneCold\n|turn|1\n|\n|t:|1699652433\n|move|p2b: Lando|U-turn|p1a: Farigiraf\n|-supereffective|p1a: Farigiraf\n|-damage|p1a: Farigiraf|53\/100\n|-damage|p2b: Lando|91\/100|[from] item: Life Orb\n|\n|t:|1699652439\n|switch|p2b: Mothra|Volcarona, F|100\/100|[from] U-turn\n|move|p1b: Ursaluna|Drain Punch|p2a: StoneCold\n|-supereffective|p2a: StoneCold\n|-damage|p2a: StoneCold|0 fnt\n|faint|p2a: StoneCold\n|move|p1a: Farigiraf|Trick Room|p1a: Farigiraf\n|-fieldstart|move: Trick Room|[of] p1a: Farigiraf\n|\n|-weather|Sandstorm|[upkeep]\n|-damage|p1a: Farigiraf|46\/100|[from] Sandstorm\n|-damage|p2b: Mothra|94\/100|[from] Sandstorm\n|-status|p1b: Ursaluna|brn|[from] item: Flame Orb\n|upkeep\n|\n|t:|1699652450\n|switch|p2a: Serpentor|Gyarados, M|100\/100\n|-ability|p2a: Serpentor|Intimidate|boost\n|-unboost|p1a: Farigiraf|atk|1\n|-unboost|p1b: Ursaluna|atk|1\n|turn|2\n|\n|t:|1699652461\n|move|p1b: Ursaluna|Facade|p2b: Mothra\n|-damage|p2b: Mothra|0 fnt\n|faint|p2b: Mothra\n|move|p1a: Farigiraf|Hyper Voice|p2a: Serpentor\n|-damage|p2a: Serpentor|56\/100\n|-enditem|p1a: Farigiraf|Throat Spray\n|-boost|p1a: Farigiraf|spa|1|[from] item: Throat Spray\n|move|p2a: Serpentor|Waterfall|p1b: Ursaluna\n|-supereffective|p1b: Ursaluna\n|-damage|p1b: Ursaluna|46\/100 brn\n|\n|-weather|Sandstorm|[upkeep]\n|-damage|p1a: Farigiraf|40\/100|[from] Sandstorm\n|-damage|p2a: Serpentor|50\/100|[from] Sandstorm\n|-damage|p1b: Ursaluna|40\/100 brn|[from] brn\n|upkeep\n|\n|t:|1699652477\n|switch|p2b: Ratte|Raichu, M|100\/100\n|turn|3\n|\n|t:|1699652487\n|move|p2b: Ratte|Fake Out||[still]\n|cant|p1a: Farigiraf|ability: Armor Tail|Fake Out|[of] p2b: Ratte\n|move|p1b: Ursaluna|Drain Punch|p2a: Serpentor\n|-resisted|p2a: Serpentor\n|-damage|p2a: Serpentor|30\/100\n|-heal|p1b: Ursaluna|47\/100 brn|[from] drain|[of] p2a: Serpentor\n|move|p1a: Farigiraf|Dazzling Gleam|p2a: Serpentor|[spread] p2a,p2b\n|-damage|p2a: Serpentor|0 fnt\n|-damage|p2b: Ratte|50\/100\n|faint|p2a: Serpentor\n|\n|-weather|Sandstorm|[upkeep]\n|-damage|p1a: Farigiraf|34\/100|[from] Sandstorm\n|-damage|p2b: Ratte|44\/100|[from] Sandstorm\n|-damage|p1b: Ursaluna|41\/100 brn|[from] brn\n|upkeep\n|\n|t:|1699652501\n|switch|p2a: Serpentina|Milotic, F|100\/100\n|turn|4\n|\n|t:|1699652518\n|move|p1b: Ursaluna|Facade|p2a: Serpentina\n|-damage|p2a: Serpentina|43\/100\n|move|p1a: Farigiraf|Dazzling Gleam|p2b: Ratte|[spread] p2a,p2b\n|-damage|p2a: Serpentina|21\/100\n|-damage|p2b: Ratte|0 fnt\n|faint|p2b: Ratte\n|move|p2a: Serpentina|Icy Wind|p1a: Farigiraf|[spread] p1a,p1b\n|-supereffective|p1b: Ursaluna\n|-damage|p1a: Farigiraf|25\/100\n|-damage|p1b: Ursaluna|22\/100 brn\n|-unboost|p1a: Farigiraf|spe|1\n|-unboost|p1b: Ursaluna|spe|1\n|\n|-weather|Sandstorm|[upkeep]\n|-damage|p1a: Farigiraf|19\/100|[from] Sandstorm\n|-damage|p2a: Serpentina|15\/100|[from] Sandstorm\n|-heal|p2a: Serpentina|21\/100|[from] item: Leftovers\n|-damage|p1b: Ursaluna|16\/100 brn|[from] brn\n|upkeep\n|\n|t:|1699652535\n|switch|p2b: Lando|Landorus, M|91\/100\n|turn|5\n|\n|t:|1699652543\n|move|p1b: Ursaluna|Ice Punch|p2b: Lando\n|-supereffective|p2b: Lando\n|-damage|p2b: Lando|0 fnt\n|faint|p2b: Lando\n|move|p1a: Farigiraf|Dazzling Gleam|p2a: Serpentina\n|-damage|p2a: Serpentina|0 fnt\n|faint|p2a: Serpentina\n|\n|win|papi de quatro\n|raw|papi de quatro's rating: 1340 &rarr; <strong>1358<\/strong><br \/>(+18 for winning)\n|raw|Duo_Doedel's rating: 1307 &rarr; <strong>1289<\/strong><br \/>(-18 for losing)\n|l|\u2606Duo_Doedel\n","uploadtime":1699652555,"views":6,"p1id":"papidequatro","p2id":"duodoedel","formatid":"gen9doublesou","rating":1289,"private":0,"password":""}