{"id":"gen9doublesou-1993957662","p1":"JustRadAlex","p2":"Kalo.munro","format":"[Gen 9] Doubles OU","log":"|j|\u2606JustRadAlex\n|j|\u2606Kalo.munro\n|t:|1700382696\n|gametype|doubles\n|player|p1|JustRadAlex|juan|1327\n|player|p2|Kalo.munro|2|1434\n|teamsize|p1|6\n|teamsize|p2|6\n|gen|9\n|tier|[Gen 9] Doubles OU\n|rated|\n|rule|Species Clause: Limit one of each Pok\u00e9mon\n|rule|OHKO Clause: OHKO moves are banned\n|rule|Evasion Moves Clause: Evasion moves are banned\n|rule|Gravity Sleep Clause: The combination of sleep-inducing moves with imperfect accuracy and Gravity or Gigantamax Orbeetle are banned\n|rule|Endless Battle Clause: Forcing endless battles is banned\n|rule|HP Percentage Mod: HP is shown in percentages\n|clearpoke\n|poke|p1|Iron Hands|\n|poke|p1|Grimmsnarl, M|\n|poke|p1|Cresselia, F|\n|poke|p1|Rillaboom, F|\n|poke|p1|Empoleon, M|\n|poke|p1|Landorus-Therian, M|\n|poke|p2|Maushold-Four|\n|poke|p2|Tornadus, M|\n|poke|p2|Tsareena, F|\n|poke|p2|Infernape, M|\n|poke|p2|Walking Wake|\n|poke|p2|Torkoal, F|\n|teampreview\n|inactive|Battle timer is ON: inactive players will automatically lose when time's up. (requested by Kalo.munro)\n|\n|t:|1700382713\n|start\n|switch|p1a: Grimmsnarl|Grimmsnarl, M, shiny|100\/100\n|switch|p1b: Kingleon|Empoleon, M, shiny|100\/100\n|switch|p2a: Tsareena|Tsareena, F|100\/100\n|switch|p2b: Walking Wake|Walking Wake|100\/100\n|-enditem|p2b: Walking Wake|Booster Energy\n|-activate|p2b: Walking Wake|ability: Protosynthesis|[fromitem]\n|-start|p2b: Walking Wake|protosynthesisspe\n|turn|1\n|\n|t:|1700382736\n|move|p1a: Grimmsnarl|Reflect|p1a: Grimmsnarl\n|-sidestart|p1: JustRadAlex|Reflect\n|move|p2b: Walking Wake|Flamethrower|p1b: Kingleon\n|-damage|p1b: Kingleon|72\/100\n|move|p2a: Tsareena|Knock Off|p1b: Kingleon\n|-damage|p1b: Kingleon|52\/100\n|-enditem|p1b: Kingleon|Lum Berry|[from] move: Knock Off|[of] p2a: Tsareena\n|move|p1b: Kingleon|Icy Wind|p2b: Walking Wake|[spread] p2a,p2b\n|-supereffective|p2a: Tsareena\n|-damage|p2a: Tsareena|68\/100\n|-damage|p2b: Walking Wake|85\/100\n|-unboost|p2a: Tsareena|spe|1\n|-unboost|p2b: Walking Wake|spe|1\n|\n|upkeep\n|turn|2\n|\n|t:|1700382764\n|switch|p2a: Infernape|Infernape, M, shiny|100\/100\n|move|p2b: Walking Wake|Flamethrower|p1b: Kingleon\n|-crit|p1b: Kingleon\n|-damage|p1b: Kingleon|10\/100\n|move|p1a: Grimmsnarl|Spirit Break|p2b: Walking Wake\n|-supereffective|p2b: Walking Wake\n|-damage|p2b: Walking Wake|2\/100\n|-unboost|p2b: Walking Wake|spa|1\n|move|p1b: Kingleon|Icy Wind|p2b: Walking Wake|[spread] p2a,p2b\n|-resisted|p2a: Infernape\n|-damage|p2a: Infernape|89\/100\n|-damage|p2b: Walking Wake|0 fnt\n|-unboost|p2a: Infernape|spe|1\n|faint|p2b: Walking Wake\n|-end|p2b: Walking Wake|Protosynthesis|[silent]\n|\n|upkeep\n|\n|t:|1700382769\n|switch|p2b: Tornadus|Tornadus, M|100\/100\n|turn|3\n|\n|t:|1700382797\n|switch|p1b: Landorus|Landorus-Therian, M|100\/100\n|-ability|p1b: Landorus|Intimidate|boost\n|-unboost|p2a: Infernape|atk|1\n|-unboost|p2b: Tornadus|atk|1\n|move|p2b: Tornadus|Tailwind|p2b: Tornadus\n|-sidestart|p2: Kalo.munro|move: Tailwind\n|move|p1a: Grimmsnarl|Parting Shot|p2a: Infernape|[miss]\n|-miss|p1a: Grimmsnarl|p2a: Infernape\n|move|p2a: Infernape|Bulldoze|p1a: Grimmsnarl|[spread] p1a\n|-immune|p2b: Tornadus\n|-immune|p1b: Landorus\n|-damage|p1a: Grimmsnarl|92\/100\n|-unboost|p1a: Grimmsnarl|spe|1\n|\n|upkeep\n|turn|4\n|\n|t:|1700382817\n|switch|p2a: Maushold|Maushold-Four|100\/100\n|move|p1a: Grimmsnarl|Parting Shot|p2a: Maushold\n|-unboost|p2a: Maushold|atk|1\n|-unboost|p2a: Maushold|spa|1\n|\n|t:|1700382824\n|switch|p1a: Iron Hands|Iron Hands|100\/100|[from] Parting Shot\n|move|p2b: Tornadus|Bleakwind Storm|p1a: Iron Hands|[spread] p1a,p1b\n|-damage|p1a: Iron Hands|81\/100\n|-damage|p1b: Landorus|61\/100\n|-unboost|p1b: Landorus|spe|1\n|move|p1b: Landorus|Rock Slide|p2b: Tornadus|[spread] p2a\n|-miss|p1b: Landorus|p2b: Tornadus\n|-damage|p2a: Maushold|66\/100\n|\n|upkeep\n|turn|5\n|\n|t:|1700382847\n|switch|p2b: Tsareena|Tsareena, F|68\/100\n|-terastallize|p2a: Maushold|Ghost\n|move|p1a: Iron Hands|Fake Out||[still]\n|cant|p2b: Tsareena|ability: Queenly Majesty|Fake Out|[of] p1a: Iron Hands\n|move|p2a: Maushold|Tidy Up|p2a: Maushold\n|-boost|p2a: Maushold|atk|1\n|-boost|p2a: Maushold|spe|1\n|move|p1b: Landorus|Rock Slide|p2b: Tsareena|[spread] p2a,p2b\n|-damage|p2a: Maushold|30\/100\n|-damage|p2b: Tsareena|43\/100\n|\n|upkeep\n|turn|6\n|\n|t:|1700382873\n|move|p2a: Maushold|Population Bomb|p1b: Landorus\n|-damage|p1b: Landorus|53\/100\n|-damage|p1b: Landorus|43\/100\n|-damage|p1b: Landorus|34\/100\n|-damage|p1b: Landorus|25\/100\n|-damage|p1b: Landorus|16\/100\n|-damage|p1b: Landorus|8\/100\n|-damage|p1b: Landorus|0 fnt\n|faint|p1b: Landorus\n|-hitcount|p1: Landorus|7\n|move|p2b: Tsareena|Trop Kick|p1a: Iron Hands\n|-damage|p1a: Iron Hands|67\/100\n|-unboost|p1a: Iron Hands|atk|1\n|move|p1a: Iron Hands|Drain Punch|p2b: Tsareena\n|-damage|p2b: Tsareena|8\/100\n|-heal|p1a: Iron Hands|77\/100|[from] drain|[of] p2b: Tsareena\n|\n|-sideend|p2: Kalo.munro|move: Tailwind\n|upkeep\n|\n|t:|1700382879\n|switch|p1b: Grimmsnarl|Grimmsnarl, M, shiny|92\/100\n|turn|7\n|\n|t:|1700382895\n|move|p1b: Grimmsnarl|Parting Shot||[still]\n|cant|p2b: Tsareena|ability: Queenly Majesty|Parting Shot|[of] p1b: Grimmsnarl\n|move|p2a: Maushold|Population Bomb|p1a: Iron Hands\n|-damage|p1a: Iron Hands|72\/100\n|-damage|p1a: Iron Hands|68\/100\n|-crit|p1a: Iron Hands\n|-damage|p1a: Iron Hands|59\/100\n|-damage|p1a: Iron Hands|54\/100\n|-crit|p1a: Iron Hands\n|-damage|p1a: Iron Hands|44\/100\n|-damage|p1a: Iron Hands|40\/100\n|-damage|p1a: Iron Hands|35\/100\n|-damage|p1a: Iron Hands|31\/100\n|-damage|p1a: Iron Hands|27\/100\n|-damage|p1a: Iron Hands|22\/100\n|-hitcount|p1a: Iron Hands|10\n|move|p2b: Tsareena|Trop Kick|p1a: Iron Hands\n|-damage|p1a: Iron Hands|8\/100\n|-unboost|p1a: Iron Hands|atk|1\n|move|p1a: Iron Hands|Heavy Slam|p2a: Maushold\n|-damage|p2a: Maushold|0 fnt\n|faint|p2a: Maushold\n|\n|upkeep\n|inactive|Kalo.munro has 120 seconds left.\n|\n|t:|1700382924\n|switch|p2a: Tornadus|Tornadus, M|100\/100\n|turn|8\n|\n|t:|1700382934\n|-end|p1a: Iron Hands|Quark Drive|[silent]\n|switch|p1a: Kingleon|Empoleon, M, shiny|10\/100\n|move|p2b: Tsareena|Trop Kick|p1b: Grimmsnarl\n|-damage|p1b: Grimmsnarl|60\/100\n|-unboost|p1b: Grimmsnarl|atk|1\n|move|p2a: Tornadus|Bleakwind Storm|p1a: Kingleon|[spread] p1a,p1b\n|-resisted|p1a: Kingleon\n|-damage|p1a: Kingleon|0 fnt\n|-damage|p1b: Grimmsnarl|28\/100\n|faint|p1a: Kingleon\n|move|p1b: Grimmsnarl|Spirit Break|p2b: Tsareena\n|-damage|p2b: Tsareena|0 fnt\n|faint|p2b: Tsareena\n|\n|-sideend|p1: JustRadAlex|Reflect\n|upkeep\n|\n|t:|1700382953\n|switch|p2b: Infernape|Infernape, M, shiny|89\/100\n|switch|p1a: Iron Hands|Iron Hands|8\/100\n|turn|9\n|\n|t:|1700382963\n|move|p2b: Infernape|Fake Out|p1a: Iron Hands\n|-damage|p1a: Iron Hands|1\/100\n|cant|p1a: Iron Hands|flinch\n|move|p1b: Grimmsnarl|Light Screen|p1b: Grimmsnarl\n|-sidestart|p1: JustRadAlex|move: Light Screen\n|move|p2a: Tornadus|Bleakwind Storm|p1b: Grimmsnarl|[spread] p1a,p1b\n|-crit|p1a: Iron Hands\n|-damage|p1a: Iron Hands|0 fnt\n|-damage|p1b: Grimmsnarl|5\/100\n|-unboost|p1b: Grimmsnarl|spe|1\n|faint|p1a: Iron Hands\n|-end|p1a: Iron Hands|Quark Drive|[silent]\n|\n|upkeep\n|\n|t:|1700382975\n|switch|p1a: Cresselia|Cresselia, F|100\/100\n|turn|10\n|\n|t:|1700382986\n|move|p1b: Grimmsnarl|Reflect|p1b: Grimmsnarl\n|-sidestart|p1: JustRadAlex|Reflect\n|move|p2a: Tornadus|Bleakwind Storm|p1a: Cresselia|[spread] p1a,p1b\n|-crit|p1a: Cresselia\n|-damage|p1a: Cresselia|75\/100\n|-damage|p1b: Grimmsnarl|0 fnt\n|faint|p1b: Grimmsnarl\n|move|p2b: Infernape|Flare Blitz|p1a: Cresselia\n|-damage|p1a: Cresselia|52\/100\n|-damage|p2b: Infernape|78\/100|[from] Recoil\n|move|p1a: Cresselia|Calm Mind|p1a: Cresselia\n|-boost|p1a: Cresselia|spa|1\n|-boost|p1a: Cresselia|spd|1\n|\n|-heal|p1a: Cresselia|58\/100|[from] item: Leftovers\n|upkeep\n|\n|t:|1700382992\n|switch|p1b: Rillaboom|Rillaboom, F|100\/100\n|-fieldstart|move: Grassy Terrain|[from] ability: Grassy Surge|[of] p1b: Rillaboom\n|-enditem|p1b: Rillaboom|Grassy Seed\n|-boost|p1b: Rillaboom|def|1|[from] item: Grassy Seed\n|turn|11\n|\n|t:|1700383012\n|-terastallize|p1b: Rillaboom|Grass\n|move|p2a: Tornadus|Taunt|p1a: Cresselia\n|-start|p1a: Cresselia|move: Taunt\n|move|p1b: Rillaboom|Grassy Glide|p2b: Infernape\n|-resisted|p2b: Infernape\n|-damage|p2b: Infernape|41\/100\n|move|p2b: Infernape|Flare Blitz|p1b: Rillaboom\n|-supereffective|p1b: Rillaboom\n|-damage|p1b: Rillaboom|59\/100\n|-damage|p2b: Infernape|25\/100|[from] Recoil\n|move|p1a: Cresselia|Psychic|p2b: Infernape\n|-supereffective|p2b: Infernape\n|-damage|p2b: Infernape|0 fnt\n|faint|p2b: Infernape\n|\n|-heal|p1b: Rillaboom|65\/100|[from] Grassy Terrain\n|-heal|p1a: Cresselia|64\/100|[from] item: Leftovers\n|upkeep\n|\n|t:|1700383026\n|switch|p2b: Torkoal|Torkoal, F|100\/100\n|-weather|SunnyDay|[from] ability: Drought|[of] p2b: Torkoal\n|turn|12\n|\n|t:|1700383037\n|move|p2a: Tornadus|Tailwind|p2a: Tornadus\n|-sidestart|p2: Kalo.munro|move: Tailwind\n|move|p1b: Rillaboom|Grassy Glide|p2b: Torkoal\n|-resisted|p2b: Torkoal\n|-damage|p2b: Torkoal|81\/100\n|move|p1a: Cresselia|Psychic|p2b: Torkoal\n|-damage|p2b: Torkoal|43\/100\n|move|p2b: Torkoal|Eruption|p1b: Rillaboom|[spread] p1a,p1b\n|-supereffective|p1b: Rillaboom\n|-damage|p1a: Cresselia|56\/100\n|-damage|p1b: Rillaboom|9\/100\n|\n|-weather|SunnyDay|[upkeep]\n|-heal|p1b: Rillaboom|15\/100|[from] Grassy Terrain\n|-heal|p1a: Cresselia|62\/100|[from] item: Leftovers\n|-heal|p2b: Torkoal|49\/100|[from] Grassy Terrain\n|upkeep\n|turn|13\n|\n|t:|1700383062\n|move|p1b: Rillaboom|Grassy Glide|p2b: Torkoal\n|-resisted|p2b: Torkoal\n|-damage|p2b: Torkoal|29\/100\n|move|p2a: Tornadus|Bleakwind Storm|p1a: Cresselia|[spread] p1a,p1b\n|-crit|p1a: Cresselia\n|-supereffective|p1b: Rillaboom\n|-damage|p1a: Cresselia|33\/100\n|-damage|p1b: Rillaboom|0 fnt\n|faint|p1b: Rillaboom\n|move|p1a: Cresselia|Psychic|p2b: Torkoal\n|-damage|p2b: Torkoal|0 fnt\n|faint|p2b: Torkoal\n|\n|-weather|SunnyDay|[upkeep]\n|-heal|p1a: Cresselia|39\/100|[from] item: Leftovers\n|-end|p1a: Cresselia|move: Taunt\n|upkeep\n|turn|14\n|\n|t:|1700383076\n|move|p2a: Tornadus|Bleakwind Storm|p1a: Cresselia\n|-damage|p1a: Cresselia|28\/100\n|move|p1a: Cresselia|Psychic|p2a: Tornadus\n|-damage|p2a: Tornadus|51\/100\n|\n|-weather|SunnyDay|[upkeep]\n|-heal|p1a: Cresselia|34\/100|[from] item: Leftovers\n|upkeep\n|turn|15\n|\n|t:|1700383087\n|move|p2a: Tornadus|Taunt|p1a: Cresselia\n|-start|p1a: Cresselia|move: Taunt\n|move|p1a: Cresselia|Moonblast|p2a: Tornadus\n|-damage|p2a: Tornadus|14\/100\n|\n|-weather|SunnyDay|[upkeep]\n|-heal|p1a: Cresselia|40\/100|[from] item: Leftovers\n|-sideend|p2: Kalo.munro|move: Tailwind\n|-fieldend|move: Grassy Terrain\n|upkeep\n|turn|16\n|\n|t:|1700383094\n|move|p2a: Tornadus|Bleakwind Storm|p1a: Cresselia\n|-damage|p1a: Cresselia|30\/100\n|move|p1a: Cresselia|Psychic|p2a: Tornadus\n|-damage|p2a: Tornadus|0 fnt\n|faint|p2a: Tornadus\n|\n|win|JustRadAlex\n|raw|JustRadAlex's rating: 1327 &rarr; <strong>1353<\/strong><br \/>(+26 for winning)\n|raw|Kalo.munro's rating: 1434 &rarr; <strong>1408<\/strong><br \/>(-26 for losing)\n|c|\u2606JustRadAlex|Ggs\n","uploadtime":1700383116,"views":8,"p1id":"justradalex","p2id":"kalomunro","formatid":"gen9doublesou","rating":1353,"private":0,"password":""}