{"id":"gen9doublesou-1983887618","p1":"De_owner","p2":"Thehombre","format":"[Gen 9] Doubles OU","log":"|j|\u2606De_owner\n|j|\u2606Thehombre\n|t:|1699196336\n|gametype|doubles\n|player|p1|De_owner|170|1062\n|player|p2|Thehombre|1|1162\n|teamsize|p1|4\n|teamsize|p2|6\n|gen|9\n|tier|[Gen 9] Doubles OU\n|rated|\n|rule|Species Clause: Limit one of each Pok\u00e9mon\n|rule|OHKO Clause: OHKO moves are banned\n|rule|Evasion Moves Clause: Evasion moves are banned\n|rule|Gravity Sleep Clause: The combination of sleep-inducing moves with imperfect accuracy and Gravity or Gigantamax Orbeetle are banned\n|rule|Endless Battle Clause: Forcing endless battles is banned\n|rule|HP Percentage Mod: HP is shown in percentages\n|clearpoke\n|poke|p1|Weezing-Galar, F|\n|poke|p1|Slaking, M|\n|poke|p1|Salamence, F|\n|poke|p1|Indeedee-F, F|\n|poke|p2|Mew|\n|poke|p2|Corviknight, M|\n|poke|p2|Enamorus, F|\n|poke|p2|Illumise, F|\n|poke|p2|Maushold-Four|\n|poke|p2|Rotom|\n|teampreview\n|inactive|Battle timer is ON: inactive players will automatically lose when time's up. (requested by Thehombre)\n|\n|t:|1699196348\n|start\n|switch|p1a: Indeedee|Indeedee-F, F|100\/100\n|switch|p1b: Salamence|Salamence, F|100\/100\n|switch|p2a: Enamorus|Enamorus, F|100\/100\n|switch|p2b: Corviknight|Corviknight, M|100\/100\n|-ability|p1b: Salamence|Intimidate|boost\n|-boost|p2a: Enamorus|atk|1\n|-ability|p2b: Corviknight|Mirror Armor\n|-unboost|p1b: Salamence|atk|1\n|turn|1\n|\n|t:|1699196366\n|move|p1a: Indeedee|Follow Me|p1a: Indeedee\n|-singleturn|p1a: Indeedee|move: Follow Me\n|move|p2a: Enamorus|Superpower|p1a: Indeedee\n|-damage|p1a: Indeedee|54\/100\n|-boost|p2a: Enamorus|atk|1\n|-boost|p2a: Enamorus|def|1\n|move|p1b: Salamence|Dragon Dance|p1b: Salamence\n|-boost|p1b: Salamence|atk|1\n|-boost|p1b: Salamence|spe|1\n|move|p2b: Corviknight|Agility|p2b: Corviknight\n|-boost|p2b: Corviknight|spe|2\n|\n|upkeep\n|turn|2\n|\n|t:|1699196378\n|move|p1a: Indeedee|Follow Me|p1a: Indeedee\n|-singleturn|p1a: Indeedee|move: Follow Me\n|move|p2b: Corviknight|Bulk Up|p2b: Corviknight\n|-boost|p2b: Corviknight|atk|1\n|-boost|p2b: Corviknight|def|1\n|move|p1b: Salamence|Dragon Dance|p1b: Salamence\n|-boost|p1b: Salamence|atk|1\n|-boost|p1b: Salamence|spe|1\n|move|p2a: Enamorus|Draining Kiss|p1a: Indeedee\n|-damage|p1a: Indeedee|29\/100\n|\n|upkeep\n|turn|3\n|\n|t:|1699196390\n|move|p1a: Indeedee|Follow Me|p1a: Indeedee\n|-singleturn|p1a: Indeedee|move: Follow Me\n|move|p1b: Salamence|Dual Wingbeat|p2a: Enamorus\n|-damage|p2a: Enamorus|56\/100\n|-damage|p2a: Enamorus|13\/100\n|-hitcount|p2a: Enamorus|2\n|move|p2b: Corviknight|Bulk Up|p2b: Corviknight\n|-boost|p2b: Corviknight|atk|1\n|-boost|p2b: Corviknight|def|1\n|move|p2a: Enamorus|Superpower|p1a: Indeedee\n|-damage|p1a: Indeedee|0 fnt\n|-boost|p2a: Enamorus|atk|1\n|-boost|p2a: Enamorus|def|1\n|faint|p1a: Indeedee\n|\n|-heal|p2a: Enamorus|19\/100|[from] item: Leftovers\n|upkeep\n|\n|t:|1699196405\n|switch|p1a: Weezing|Weezing-Galar, F|100\/100\n|-ability|p1a: Weezing|Neutralizing Gas\n|turn|4\n|\n|t:|1699196428\n|move|p1b: Salamence|Dragon Dance|p1b: Salamence\n|-boost|p1b: Salamence|atk|1\n|-boost|p1b: Salamence|spe|1\n|move|p2b: Corviknight|Power Trip|p1b: Salamence\n|-damage|p1b: Salamence|0 fnt\n|faint|p1b: Salamence\n|move|p2a: Enamorus|Draining Kiss|p1a: Weezing\n|-resisted|p1a: Weezing\n|-damage|p1a: Weezing|83\/100\n|-heal|p2a: Enamorus|34\/100|[from] drain|[of] p1a: Weezing\n|move|p1a: Weezing|Dazzling Gleam|p2a: Enamorus|[spread] p2a,p2b\n|-resisted|p2b: Corviknight\n|-damage|p2a: Enamorus|8\/100\n|-damage|p2b: Corviknight|90\/100\n|\n|-heal|p2b: Corviknight|96\/100|[from] item: Leftovers\n|-heal|p2a: Enamorus|15\/100|[from] item: Leftovers\n|-heal|p1a: Weezing|89\/100|[from] item: Leftovers\n|upkeep\n|\n|t:|1699196434\n|switch|p1b: Slaking|Slaking, M|100\/100\n|turn|5\n|\n|t:|1699196448\n|move|p2b: Corviknight|Bulk Up|p2b: Corviknight\n|-boost|p2b: Corviknight|atk|1\n|-boost|p2b: Corviknight|def|1\n|move|p2a: Enamorus|Superpower|p1b: Slaking\n|-supereffective|p1b: Slaking\n|-damage|p1b: Slaking|4\/100\n|-unboost|p2a: Enamorus|atk|1\n|-unboost|p2a: Enamorus|def|1\n|move|p1b: Slaking|Ice Punch|p2b: Corviknight\n|-damage|p2b: Corviknight|79\/100\n|-damage|p1b: Slaking|0 fnt|[from] item: Life Orb\n|faint|p1b: Slaking\n|move|p1a: Weezing|Dazzling Gleam|p2a: Enamorus|[spread] p2a,p2b\n|-resisted|p2b: Corviknight\n|-damage|p2a: Enamorus|0 fnt\n|-damage|p2b: Corviknight|69\/100\n|faint|p2a: Enamorus\n|\n|-heal|p2b: Corviknight|75\/100|[from] item: Leftovers\n|-heal|p1a: Weezing|95\/100|[from] item: Leftovers\n|upkeep\n|-message|De_owner forfeited.\n|\n|win|Thehombre\n|raw|De_owner's rating: 1062 &rarr; <strong>1048<\/strong><br \/>(-14 for losing)\n|raw|Thehombre's rating: 1162 &rarr; <strong>1180<\/strong><br \/>(+18 for winning)\n|l|\u2606De_owner\n","uploadtime":1699196470,"views":7,"p1id":"deowner","p2id":"thehombre","formatid":"gen9doublesou","rating":1048,"private":0,"password":""}