{"id":"gen9doublesou-1981280827","p1":"Pie Smells Good","p2":"Serzano","format":"[Gen 9] Doubles OU","log":"|j|\u2606Pie Smells Good\n|j|\u2606Serzano\n|t:|1698879315\n|gametype|doubles\n|player|p1|Pie Smells Good|101|1017\n|player|p2|Serzano|riley|1107\n|teamsize|p1|6\n|teamsize|p2|6\n|gen|9\n|tier|[Gen 9] Doubles OU\n|rated|\n|rule|Species Clause: Limit one of each Pok\u00e9mon\n|rule|OHKO Clause: OHKO moves are banned\n|rule|Evasion Moves Clause: Evasion moves are banned\n|rule|Gravity Sleep Clause: The combination of sleep-inducing moves with imperfect accuracy and Gravity or Gigantamax Orbeetle are banned\n|rule|Endless Battle Clause: Forcing endless battles is banned\n|rule|HP Percentage Mod: HP is shown in percentages\n|clearpoke\n|poke|p1|Sinistcha|\n|poke|p1|Palafin, M|\n|poke|p1|Kommo-o, F|\n|poke|p1|Maushold|\n|poke|p1|Armarouge, F|\n|poke|p1|Tyranitar, M|\n|poke|p2|Sinistcha|\n|poke|p2|Clefairy, M|\n|poke|p2|Ursaluna, M|\n|poke|p2|Kommo-o, M|\n|poke|p2|Armarouge, F|\n|poke|p2|Ogerpon-Wellspring, F|\n|teampreview\n|\n|t:|1698879323\n|start\n|switch|p1a: Palafin|Palafin, M|100\/100\n|switch|p1b: Maushold|Maushold|100\/100\n|switch|p2a: Sinistcha|Sinistcha|100\/100\n|switch|p2b: Clefairy|Clefairy, M|100\/100\n|turn|1\n|inactive|Battle timer is ON: inactive players will automatically lose when time's up. (requested by Pie Smells Good)\n|\n|t:|1698879352\n|move|p1b: Maushold|Follow Me|p1b: Maushold\n|-singleturn|p1b: Maushold|move: Follow Me\n|move|p1a: Palafin|Flip Turn|p2b: Clefairy\n|-damage|p2b: Clefairy|71\/100\n|\n|t:|1698879358\n|detailschange|p1a: Palafin|Palafin-Hero, M\n|switch|p1a: Kommo-o|Kommo-o, F|100\/100|[from] Flip Turn\n|move|p2b: Clefairy|Encore|p1b: Maushold\n|-start|p1b: Maushold|Encore\n|move|p2a: Sinistcha|Trick Room|p2a: Sinistcha\n|-fieldstart|move: Trick Room|[of] p2a: Sinistcha\n|\n|upkeep\n|turn|2\n|\n|t:|1698879377\n|switch|p2b: Kommo-o|Kommo-o, M|100\/100\n|move|p1b: Maushold|Follow Me|p1b: Maushold\n|-singleturn|p1b: Maushold|move: Follow Me\n|move|p2a: Sinistcha|Matcha Gotcha|p1b: Maushold|[spread] p1a,p1b\n|-resisted|p1a: Kommo-o\n|-damage|p1a: Kommo-o|86\/100\n|-damage|p1b: Maushold|73\/100\n|move|p1a: Kommo-o|Clangorous Soul|p1a: Kommo-o\n|-boost|p1a: Kommo-o|atk|1\n|-boost|p1a: Kommo-o|def|1\n|-boost|p1a: Kommo-o|spa|1\n|-boost|p1a: Kommo-o|spd|1\n|-boost|p1a: Kommo-o|spe|1\n|-damage|p1a: Kommo-o|53\/100\n|\n|upkeep\n|turn|3\n|\n|t:|1698879399\n|-terastallize|p2b: Kommo-o|Steel\n|move|p1b: Maushold|Follow Me|p1b: Maushold\n|-singleturn|p1b: Maushold|move: Follow Me\n|move|p2a: Sinistcha|Matcha Gotcha|p1b: Maushold|[spread] p1a,p1b\n|-resisted|p1a: Kommo-o\n|-damage|p1a: Kommo-o|45\/100\n|-damage|p1b: Maushold|44\/100\n|move|p2b: Kommo-o|Clanging Scales|p1b: Maushold|[spread] p1a,p1b\n|-supereffective|p1a: Kommo-o\n|-damage|p1a: Kommo-o|0 fnt\n|-damage|p1b: Maushold|0 fnt\n|faint|p1a: Kommo-o\n|faint|p1b: Maushold\n|-unboost|p2b: Kommo-o|def|1\n|-enditem|p2b: Kommo-o|Throat Spray\n|-boost|p2b: Kommo-o|spa|1|[from] item: Throat Spray\n|\n|upkeep\n|\n|t:|1698879416\n|switch|p1a: Armarouge|Armarouge, F|100\/100\n|switch|p1b: Sinistcha|Sinistcha|100\/100\n|turn|4\n|\n|t:|1698879433\n|switch|p2a: Clefairy|Clefairy, M|71\/100\n|switch|p2b: Armarouge|Armarouge, F|100\/100\n|move|p1b: Sinistcha|Rage Powder|p1b: Sinistcha\n|-singleturn|p1b: Sinistcha|move: Rage Powder\n|move|p1a: Armarouge|Heat Wave|p2b: Armarouge|[spread] p2a\n|-start|p2b: Armarouge|ability: Flash Fire\n|-damage|p2a: Clefairy|50\/100\n|\n|upkeep\n|turn|5\n|\n|t:|1698879463\n|switch|p1b: Palafin|Palafin-Hero, M|100\/100\n|-activate|p1b: Palafin|ability: Zero to Hero\n|move|p2a: Clefairy|Encore|p1a: Armarouge\n|-start|p1a: Armarouge|Encore\n|move|p2b: Armarouge|Psychic|p1b: Palafin\n|-damage|p1b: Palafin|51\/100\n|move|p1a: Armarouge|Heat Wave|p2b: Armarouge|[spread] p2a\n|-immune|p2b: Armarouge|[from] ability: Flash Fire\n|-damage|p2a: Clefairy|30\/100\n|\n|-fieldend|move: Trick Room\n|upkeep\n|turn|6\n|\n|t:|1698879482\n|-terastallize|p1b: Palafin|Water\n|move|p2a: Clefairy|Follow Me|p2a: Clefairy\n|-singleturn|p2a: Clefairy|move: Follow Me\n|move|p1b: Palafin|Jet Punch|p2a: Clefairy\n|-damage|p2a: Clefairy|0 fnt\n|faint|p2a: Clefairy\n|move|p2b: Armarouge|Energy Ball|p1b: Palafin\n|-supereffective|p1b: Palafin\n|-damage|p1b: Palafin|0 fnt\n|faint|p1b: Palafin\n|move|p1a: Armarouge|Heat Wave|p2b: Armarouge\n|-immune|p2b: Armarouge|[from] ability: Flash Fire\n|\n|upkeep\n|-message|Pie Smells Good forfeited.\n|\n|win|Serzano\n|raw|Pie Smells Good's rating: 1017 &rarr; <strong>1008<\/strong><br \/>(-9 for losing)\n|raw|Serzano's rating: 1107 &rarr; <strong>1126<\/strong><br \/>(+19 for winning)\n|l|\u2606Pie Smells Good\n|c|\u2606Serzano|gg\n","uploadtime":1698879505,"views":20,"p1id":"piesmellsgood","p2id":"serzano","formatid":"gen9doublesou","rating":1008,"private":0,"password":""}