{"id":"gen9doublesou-1997601110","p1":"alsoduck","p2":"DreadfulBuns","format":"[Gen 9] Doubles OU","log":"|j|\u2606alsoduck\n|j|\u2606DreadfulBuns\n|t:|1700831431\n|gametype|doubles\n|player|p1|alsoduck|102|1092\n|player|p2|DreadfulBuns|diamondclanmember|1120\n|teamsize|p1|6\n|teamsize|p2|6\n|gen|9\n|tier|[Gen 9] Doubles OU\n|rated|\n|rule|Species Clause: Limit one of each Pok\u00e9mon\n|rule|OHKO Clause: OHKO moves are banned\n|rule|Evasion Moves Clause: Evasion moves are banned\n|rule|Gravity Sleep Clause: The combination of sleep-inducing moves with imperfect accuracy and Gravity or Gigantamax Orbeetle are banned\n|rule|Endless Battle Clause: Forcing endless battles is banned\n|rule|HP Percentage Mod: HP is shown in percentages\n|clearpoke\n|poke|p1|Armarouge, M|\n|poke|p1|Indeedee-F, F|\n|poke|p1|Flutter Mane|\n|poke|p1|Arbok, F|\n|poke|p1|Lumineon, F|\n|poke|p1|Clodsire, F|\n|poke|p2|Grimmsnarl, M|\n|poke|p2|Pincurchin, F|\n|poke|p2|Iron Valiant|\n|poke|p2|Iron Hands|\n|poke|p2|Iron Leaves|\n|poke|p2|Iron Bundle|\n|teampreview\n|\n|t:|1700831441\n|start\n|switch|p1a: Indeedee|Indeedee-F, F|100\/100\n|switch|p1b: Armarouge|Armarouge, M|100\/100\n|switch|p2a: Grimmsnarl|Grimmsnarl, M|100\/100\n|switch|p2b: Iron Hands|Iron Hands|100\/100\n|-fieldstart|move: Psychic Terrain|[from] ability: Psychic Surge|[of] p1a: Indeedee\n|turn|1\n|\n|t:|1700831465\n|switch|p2a: Pincurchin|Pincurchin, F|100\/100\n|-fieldstart|move: Electric Terrain|[from] ability: Electric Surge|[of] p2a: Pincurchin\n|-activate|p2b: Iron Hands|ability: Quark Drive\n|-start|p2b: Iron Hands|quarkdriveatk\n|-terastallize|p2b: Iron Hands|Water\n|move|p1b: Armarouge|Expanding Force|p2b: Iron Hands\n|-damage|p2b: Iron Hands|64\/100\n|-damage|p1b: Armarouge|91\/100|[from] item: Life Orb\n|move|p2b: Iron Hands|Wild Charge|p1a: Indeedee\n|-crit|p1a: Indeedee\n|-damage|p1a: Indeedee|0 fnt\n|faint|p1a: Indeedee\n|-damage|p2b: Iron Hands|47\/100|[from] Recoil\n|\n|upkeep\n|\n|t:|1700831488\n|switch|p1a: Arbok|Arbok, F|100\/100\n|-ability|p1a: Arbok|Intimidate|boost\n|-unboost|p2a: Pincurchin|atk|1\n|-unboost|p2b: Iron Hands|atk|1\n|turn|2\n|\n|t:|1700831518\n|-terastallize|p1a: Arbok|Dragon\n|move|p1a: Arbok|Coil|p1a: Arbok\n|-boost|p1a: Arbok|atk|1\n|-boost|p1a: Arbok|def|1\n|-boost|p1a: Arbok|accuracy|1\n|move|p1b: Armarouge|Energy Ball|p2b: Iron Hands\n|-supereffective|p2b: Iron Hands\n|-damage|p2b: Iron Hands|0 fnt\n|faint|p2b: Iron Hands\n|-end|p2b: Iron Hands|Quark Drive|[silent]\n|-damage|p1b: Armarouge|81\/100|[from] item: Life Orb\n|move|p2a: Pincurchin|Memento|p1b: Armarouge\n|-unboost|p1b: Armarouge|atk|2\n|-unboost|p1b: Armarouge|spa|2\n|faint|p2a: Pincurchin\n|\n|upkeep\n|\n|t:|1700831537\n|switch|p2b: Grimmsnarl|Grimmsnarl, M|100\/100\n|switch|p2a: Iron Bundle|Iron Bundle|100\/100\n|-activate|p2a: Iron Bundle|ability: Quark Drive\n|-start|p2a: Iron Bundle|quarkdrivespe\n|turn|3\n|\n|t:|1700831564\n|switch|p1b: Lumineon|Lumineon, F|100\/100\n|move|p2b: Grimmsnarl|Light Screen|p2b: Grimmsnarl\n|-sidestart|p2: DreadfulBuns|move: Light Screen\n|move|p2a: Iron Bundle|Icy Wind|p1a: Arbok|[spread] p1a,p1b\n|-supereffective|p1a: Arbok\n|-resisted|p1b: Lumineon\n|-crit|p1b: Lumineon\n|-damage|p1a: Arbok|13\/100\n|-damage|p1b: Lumineon|74\/100\n|-unboost|p1a: Arbok|spe|1\n|-unboost|p1b: Lumineon|spe|1\n|-damage|p2a: Iron Bundle|91\/100|[from] item: Life Orb\n|move|p1a: Arbok|Gunk Shot|p2b: Grimmsnarl\n|-supereffective|p2b: Grimmsnarl\n|-damage|p2b: Grimmsnarl|0 fnt\n|faint|p2b: Grimmsnarl\n|\n|upkeep\n|\n|t:|1700831578\n|switch|p2b: Iron Leaves|Iron Leaves|100\/100\n|-activate|p2b: Iron Leaves|ability: Quark Drive\n|-start|p2b: Iron Leaves|quarkdriveatk\n|turn|4\n|\n|t:|1700831598\n|move|p2a: Iron Bundle|Icy Wind|p1b: Lumineon|[spread] p1a,p1b\n|-supereffective|p1a: Arbok\n|-resisted|p1b: Lumineon\n|-damage|p1a: Arbok|0 fnt\n|-damage|p1b: Lumineon|54\/100\n|-unboost|p1b: Lumineon|spe|1\n|faint|p1a: Arbok\n|-damage|p2a: Iron Bundle|81\/100|[from] item: Life Orb\n|move|p2b: Iron Leaves|Trailblaze|p1b: Lumineon\n|-supereffective|p1b: Lumineon\n|-damage|p1b: Lumineon|0 fnt\n|-boost|p2b: Iron Leaves|spe|1\n|faint|p1b: Lumineon\n|\n|upkeep\n|\n|t:|1700831614\n|switch|p1b: Flutter Mane|Flutter Mane|100\/100\n|switch|p1a: Armarouge|Armarouge, M|81\/100\n|-enditem|p1b: Flutter Mane|Booster Energy\n|-activate|p1b: Flutter Mane|ability: Protosynthesis|[fromitem]\n|-start|p1b: Flutter Mane|protosynthesisspe\n|turn|5\n|\n|t:|1700831651\n|move|p2a: Iron Bundle|Hydro Pump|p1a: Armarouge|[miss]\n|-miss|p2a: Iron Bundle|p1a: Armarouge\n|move|p1b: Flutter Mane|Shadow Ball|p2b: Iron Leaves\n|-supereffective|p2b: Iron Leaves\n|-damage|p2b: Iron Leaves|58\/100\n|-enditem|p2b: Iron Leaves|Weakness Policy\n|-boost|p2b: Iron Leaves|atk|2|[from] item: Weakness Policy\n|-boost|p2b: Iron Leaves|spa|2|[from] item: Weakness Policy\n|move|p2b: Iron Leaves|Psyblade|p1b: Flutter Mane\n|-damage|p1b: Flutter Mane|0 fnt\n|faint|p1b: Flutter Mane\n|-end|p1b: Flutter Mane|Protosynthesis|[silent]\n|move|p1a: Armarouge|Armor Cannon|p2b: Iron Leaves\n|-supereffective|p2b: Iron Leaves\n|-damage|p2b: Iron Leaves|0 fnt\n|-unboost|p1a: Armarouge|def|1\n|-unboost|p1a: Armarouge|spd|1\n|faint|p2b: Iron Leaves\n|-end|p2b: Iron Leaves|Quark Drive|[silent]\n|-damage|p1a: Armarouge|71\/100|[from] item: Life Orb\n|\n|upkeep\n|\n|t:|1700831669\n|switch|p1b: Clodsire|Clodsire, F|100\/100\n|switch|p2b: Iron Valiant|Iron Valiant, shiny|100\/100\n|-activate|p2b: Iron Valiant|ability: Quark Drive\n|-start|p2b: Iron Valiant|quarkdrivespe\n|turn|6\n|\n|t:|1700831704\n|move|p2a: Iron Bundle|Icy Wind|p1a: Armarouge|[spread] p1a,p1b\n|-resisted|p1a: Armarouge\n|-supereffective|p1b: Clodsire\n|-damage|p1a: Armarouge|48\/100\n|-damage|p1b: Clodsire|70\/100\n|-unboost|p1a: Armarouge|spe|1\n|-unboost|p1b: Clodsire|spe|1\n|-damage|p2a: Iron Bundle|71\/100|[from] item: Life Orb\n|move|p2b: Iron Valiant|Thunder Punch|p1a: Armarouge\n|-damage|p1a: Armarouge|0 fnt\n|faint|p1a: Armarouge\n|-damage|p2b: Iron Valiant|91\/100|[from] item: Life Orb\n|move|p1b: Clodsire|Gunk Shot|p2b: Iron Valiant\n|-supereffective|p2b: Iron Valiant\n|-damage|p2b: Iron Valiant|4\/100\n|-status|p2b: Iron Valiant|psn\n|\n|-heal|p1b: Clodsire|77\/100|[from] item: Leftovers\n|-damage|p2b: Iron Valiant|0 fnt|[from] psn\n|faint|p2b: Iron Valiant\n|-end|p2b: Iron Valiant|Quark Drive|[silent]\n|upkeep\n|turn|7\n|inactive|Battle timer is ON: inactive players will automatically lose when time's up. (requested by DreadfulBuns)\n|\n|t:|1700831788\n|move|p2a: Iron Bundle|Freeze-Dry|p1b: Clodsire\n|-supereffective|p1b: Clodsire\n|-damage|p1b: Clodsire|26\/100\n|-damage|p2a: Iron Bundle|61\/100|[from] item: Life Orb\n|move|p1b: Clodsire|Earthquake|p2a: Iron Bundle\n|-damage|p2a: Iron Bundle|28\/100\n|\n|-heal|p1b: Clodsire|32\/100|[from] item: Leftovers\n|upkeep\n|turn|8\n|\n|t:|1700831799\n|move|p2a: Iron Bundle|Freeze-Dry|p1b: Clodsire\n|-supereffective|p1b: Clodsire\n|-damage|p1b: Clodsire|0 fnt\n|faint|p1b: Clodsire\n|-damage|p2a: Iron Bundle|18\/100|[from] item: Life Orb\n|\n|win|DreadfulBuns\n|raw|alsoduck's rating: 1092 &rarr; <strong>1070<\/strong><br \/>(-22 for losing)\n|raw|DreadfulBuns's rating: 1120 &rarr; <strong>1143<\/strong><br \/>(+23 for winning)\n|c|\u2606DreadfulBuns|gg\n","uploadtime":1700831811,"views":6,"p1id":"alsoduck","p2id":"dreadfulbuns","formatid":"gen9doublesou","rating":1070,"private":0,"password":""}