{"id":"gen9doublesou-1977050116","p1":"Dndjdjdjf","p2":"xXJustFireXx","format":"[Gen 9] Doubles OU","log":"|j|\u2606Dndjdjdjf\n|j|\u2606xXJustFireXx\n|t:|1698365913\n|gametype|doubles\n|player|p1|Dndjdjdjf|1|1189\n|player|p2|xXJustFireXx|170|1094\n|teamsize|p1|6\n|teamsize|p2|6\n|gen|9\n|tier|[Gen 9] Doubles OU\n|rated|\n|rule|Species Clause: Limit one of each Pok\u00e9mon\n|rule|OHKO Clause: OHKO moves are banned\n|rule|Evasion Moves Clause: Evasion moves are banned\n|rule|Gravity Sleep Clause: The combination of sleep-inducing moves with imperfect accuracy and Gravity or Gigantamax Orbeetle are banned\n|rule|Endless Battle Clause: Forcing endless battles is banned\n|rule|HP Percentage Mod: HP is shown in percentages\n|clearpoke\n|poke|p1|Ursaluna-Bloodmoon, M|\n|poke|p1|Hoopa-Unbound|\n|poke|p1|Goodra-Hisui, M|\n|poke|p1|Munkidori, M|\n|poke|p1|Samurott-Hisui, M|\n|poke|p1|Indeedee-F, F|\n|poke|p2|Basculegion-F, F|\n|poke|p2|Kingambit, M|\n|poke|p2|Ursaluna-Bloodmoon, M|\n|poke|p2|Heatran, F|\n|poke|p2|Volcanion|\n|poke|p2|Farigiraf, M|\n|teampreview\n|inactive|Battle timer is ON: inactive players will automatically lose when time's up. (requested by Dndjdjdjf)\n|\n|t:|1698365946\n|start\n|switch|p1a: Munkidori|Munkidori, M|100\/100\n|switch|p1b: Samurott|Samurott-Hisui, M|100\/100\n|switch|p2a: Farigiraf|Farigiraf, M|100\/100\n|switch|p2b: Volcanion|Volcanion|100\/100\n|turn|1\n|\n|t:|1698365968\n|move|p2a: Farigiraf|Protect|p2a: Farigiraf\n|-singleturn|p2a: Farigiraf|Protect\n|move|p1a: Munkidori|Fake Out|p2b: Volcanion\n|-damage|p2b: Volcanion|95\/100\n|move|p1b: Samurott|Sacred Sword|p2a: Farigiraf\n|-activate|p2a: Farigiraf|move: Protect\n|cant|p2b: Volcanion|flinch\n|\n|upkeep\n|turn|2\n|\n|t:|1698365989\n|switch|p1b: Indeedee|Indeedee-F, F|100\/100\n|-fieldstart|move: Psychic Terrain|[from] ability: Psychic Surge|[of] p1b: Indeedee\n|move|p1a: Munkidori|Grass Knot|p2b: Volcanion\n|-damage|p2b: Volcanion|62\/100\n|move|p2b: Volcanion|Steam Eruption|p1a: Munkidori\n|-damage|p1a: Munkidori|24\/100\n|-status|p1a: Munkidori|brn\n|-enditem|p1a: Munkidori|Sitrus Berry|[eat]\n|-heal|p1a: Munkidori|48\/100 brn|[from] item: Sitrus Berry\n|move|p2a: Farigiraf|Trick Room|p2a: Farigiraf\n|-fieldstart|move: Trick Room|[of] p2a: Farigiraf\n|\n|-damage|p1a: Munkidori|42\/100 brn|[from] brn\n|upkeep\n|turn|3\n|\n|t:|1698366010\n|move|p2a: Farigiraf|Ally Switch|p2a: Farigiraf\n|swap|p2a: Farigiraf|1|[from] move: Ally Switch\n|move|p2a: Volcanion|Steam Eruption|p1a: Munkidori\n|-damage|p1a: Munkidori|0 fnt\n|faint|p1a: Munkidori\n|move|p1b: Indeedee|Heal Pulse|p1: Munkidori|[notarget]\n|-fail|p1b: Indeedee\n|\n|upkeep\n|\n|t:|1698366020\n|switch|p1a: Goodra|Goodra-Hisui, M|100\/100\n|turn|4\n|\n|t:|1698366034\n|move|p2b: Farigiraf|Protect||[still]\n|-fail|p2b: Farigiraf\n|move|p2a: Volcanion|Earth Power|p1a: Goodra\n|-supereffective|p1a: Goodra\n|-damage|p1a: Goodra|61\/100\n|move|p1a: Goodra|Heavy Slam|p2b: Farigiraf\n|-damage|p2b: Farigiraf|81\/100\n|move|p1b: Indeedee|Psychic|p2a: Volcanion\n|-damage|p2a: Volcanion|25\/100\n|\n|-heal|p1a: Goodra|68\/100|[from] item: Leftovers\n|-heal|p2b: Farigiraf|87\/100|[from] item: Leftovers\n|upkeep\n|turn|5\n|\n|t:|1698366054\n|move|p2b: Farigiraf|Ally Switch|p2b: Farigiraf\n|swap|p2b: Farigiraf|0|[from] move: Ally Switch\n|move|p2b: Volcanion|Steam Eruption|p1a: Goodra\n|-resisted|p1a: Goodra\n|-damage|p1a: Goodra|51\/100\n|move|p1a: Goodra|Knock Off|p2b: Volcanion\n|-damage|p2b: Volcanion|6\/100\n|-enditem|p2b: Volcanion|Safety Goggles|[from] move: Knock Off|[of] p1a: Goodra\n|move|p1b: Indeedee|Heal Pulse|p1a: Goodra\n|-heal|p1a: Goodra|100\/100\n|\n|-heal|p2a: Farigiraf|93\/100|[from] item: Leftovers\n|upkeep\n|turn|6\n|\n|t:|1698366076\n|move|p2a: Farigiraf|Ally Switch||[still]\n|-fail|p2a: Farigiraf\n|move|p2b: Volcanion|Steam Eruption|p1b: Indeedee\n|-damage|p1b: Indeedee|55\/100\n|move|p1a: Goodra|Knock Off|p2a: Farigiraf\n|-supereffective|p2a: Farigiraf\n|-damage|p2a: Farigiraf|43\/100\n|-enditem|p2a: Farigiraf|Leftovers|[from] move: Knock Off|[of] p1a: Goodra\n|move|p1b: Indeedee|Psychic|p2b: Volcanion\n|-damage|p2b: Volcanion|0 fnt\n|faint|p2b: Volcanion\n|\n|-fieldend|move: Trick Room\n|-fieldend|move: Psychic Terrain\n|upkeep\n|inactive|xXJustFireXx has 120 seconds left.\n|\n|t:|1698366099\n|switch|p2b: Ursaluna|Ursaluna-Bloodmoon, M|100\/100\n|turn|7\n|\n|t:|1698366122\n|-terastallize|p1a: Goodra|Ghost\n|move|p1b: Indeedee|Psychic|p2a: Farigiraf\n|-resisted|p2a: Farigiraf\n|-damage|p2a: Farigiraf|32\/100\n|-unboost|p2a: Farigiraf|spd|1\n|move|p1a: Goodra|Life Dew||[still]|[spread] p1a,p1b\n|-fail|p1a: Goodra|heal\n|-heal|p1b: Indeedee|80\/100\n|move|p2b: Ursaluna|Blood Moon|p1b: Indeedee\n|-damage|p1b: Indeedee|5\/100\n|-enditem|p1b: Indeedee|Aguav Berry|[eat]\n|-heal|p1b: Indeedee|38\/100|[from] item: Aguav Berry\n|-damage|p2b: Ursaluna|90\/100|[from] item: Life Orb\n|move|p2a: Farigiraf|Trick Room|p2a: Farigiraf\n|-fieldstart|move: Trick Room|[of] p2a: Farigiraf\n|\n|upkeep\n|turn|8\n|\n|t:|1698366148\n|move|p2a: Farigiraf|Ally Switch|p2a: Farigiraf\n|swap|p2a: Farigiraf|1|[from] move: Ally Switch\n|move|p2a: Ursaluna|Earth Power|p1b: Indeedee\n|-damage|p1b: Indeedee|0 fnt\n|faint|p1b: Indeedee\n|-damage|p2a: Ursaluna|80\/100|[from] item: Life Orb\n|move|p1a: Goodra|Knock Off|p2a: Ursaluna\n|-damage|p2a: Ursaluna|66\/100\n|-enditem|p2a: Ursaluna|Life Orb|[from] move: Knock Off|[of] p1a: Goodra\n|\n|upkeep\n|inactive|Dndjdjdjf has 120 seconds left.\n|\n|t:|1698366164\n|switch|p1b: Samurott|Samurott-Hisui, M|100\/100\n|turn|9\n|\n|t:|1698366189\n|-terastallize|p2a: Ursaluna|Ghost\n|move|p2b: Farigiraf|Protect||[still]\n|-fail|p2b: Farigiraf\n|move|p2a: Ursaluna|Blood Moon|p1b: Samurott\n|-damage|p1b: Samurott|0 fnt\n|faint|p1b: Samurott\n|move|p1a: Goodra|Knock Off|p2b: Farigiraf\n|-supereffective|p2b: Farigiraf\n|-damage|p2b: Farigiraf|2\/100\n|\n|upkeep\n|\n|t:|1698366201\n|switch|p1b: Hoopa|Hoopa-Unbound|100\/100\n|turn|10\n|\n|t:|1698366213\n|move|p2b: Farigiraf|Ally Switch|p2b: Farigiraf\n|swap|p2b: Farigiraf|0|[from] move: Ally Switch\n|move|p2b: Ursaluna|Moonblast|p1b: Hoopa\n|-supereffective|p1b: Hoopa\n|-damage|p1b: Hoopa|48\/100\n|-unboost|p1b: Hoopa|spa|1\n|move|p1a: Goodra|Knock Off|p2a: Farigiraf\n|-supereffective|p2a: Farigiraf\n|-damage|p2a: Farigiraf|0 fnt\n|faint|p2a: Farigiraf\n|move|p1b: Hoopa|Hyperspace Fury|p2b: Ursaluna\n|-supereffective|p2b: Ursaluna\n|-damage|p2b: Ursaluna|0 fnt\n|-unboost|p1b: Hoopa|def|1\n|faint|p2b: Ursaluna\n|\n|upkeep\n|\n|t:|1698366233\n|switch|p2b: Basculegion|Basculegion-F, F|100\/100\n|switch|p2a: Kingambit|Kingambit, M|100\/100\n|-activate|p2a: Kingambit|ability: Supreme Overlord\n|-start|p2a: Kingambit|fallen3|[silent]\n|turn|11\n|\n|t:|1698366241\n|move|p2a: Kingambit|Kowtow Cleave|p1a: Goodra\n|-supereffective|p1a: Goodra\n|-damage|p1a: Goodra|0 fnt\n|-ability|p1a: Goodra|Gooey\n|-unboost|p2a: Kingambit|spe|1\n|faint|p1a: Goodra\n|-damage|p2a: Kingambit|91\/100|[from] item: Life Orb\n|move|p2b: Basculegion|Last Respects|p1b: Hoopa\n|-damage|p1b: Hoopa|0 fnt\n|faint|p1b: Hoopa\n|-damage|p2b: Basculegion|91\/100|[from] item: Life Orb\n|\n|-fieldend|move: Trick Room\n|upkeep\n|\n|t:|1698366265\n|switch|p1a: Ursaluna|Ursaluna-Bloodmoon, M|100\/100\n|turn|12\n|\n|t:|1698366286\n|move|p2b: Basculegion|Liquidation|p1a: Ursaluna\n|-supereffective|p1a: Ursaluna\n|-damage|p1a: Ursaluna|9\/100\n|-damage|p2b: Basculegion|81\/100|[from] item: Life Orb\n|move|p1a: Ursaluna|Earth Power|p2a: Kingambit\n|-supereffective|p2a: Kingambit\n|-damage|p2a: Kingambit|0 fnt\n|faint|p2a: Kingambit\n|-end|p2a: Kingambit|fallen3|[silent]\n|-damage|p1a: Ursaluna|0 fnt|[from] item: Life Orb\n|faint|p1a: Ursaluna\n|\n|win|xXJustFireXx\n|raw|Dndjdjdjf's rating: 1189 &rarr; <strong>1157<\/strong><br \/>(-32 for losing)\n|raw|xXJustFireXx's rating: 1094 &rarr; <strong>1127<\/strong><br \/>(+33 for winning)\n|c|\u2606xXJustFireXx|Gg\n","uploadtime":1698366297,"views":18,"p1id":"dndjdjdjf","p2id":"xxjustfirexx","formatid":"gen9doublesou","rating":1127,"private":0,"password":""}