{"id":"gen9doublesou-1976091712","p1":"viinesmoke","p2":"Godisablack","format":"[Gen 9] Doubles OU","log":"|j|\u2606viinesmoke\n|j|\u2606Godisablack\n|t:|1698262948\n|gametype|doubles\n|player|p1|viinesmoke|volkner|1635\n|player|p2|Godisablack|unknown|1531\n|teamsize|p1|6\n|teamsize|p2|6\n|gen|9\n|tier|[Gen 9] Doubles OU\n|rated|\n|rule|Species Clause: Limit one of each Pok\u00e9mon\n|rule|OHKO Clause: OHKO moves are banned\n|rule|Evasion Moves Clause: Evasion moves are banned\n|rule|Gravity Sleep Clause: The combination of sleep-inducing moves with imperfect accuracy and Gravity or Gigantamax Orbeetle are banned\n|rule|Endless Battle Clause: Forcing endless battles is banned\n|rule|HP Percentage Mod: HP is shown in percentages\n|clearpoke\n|poke|p1|Garchomp, F|\n|poke|p1|Tornadus, M|\n|poke|p1|Kingambit, F|\n|poke|p1|Chien-Pao|\n|poke|p1|Scizor, F|\n|poke|p1|Flutter Mane|\n|poke|p2|Rillaboom, M|\n|poke|p2|Cresselia, F|\n|poke|p2|Amoonguss, M|\n|poke|p2|Ursaluna, F|\n|poke|p2|Diancie|\n|poke|p2|Tyranitar, M|\n|teampreview\n|\n|t:|1698262965\n|start\n|switch|p1a: DonCangrejo|Scizor, F|100\/100\n|switch|p1b: budi|Tornadus, M, shiny|100\/100\n|switch|p2a: Cresselia|Cresselia, F|100\/100\n|switch|p2b: Diancie|Diancie|100\/100\n|turn|1\n|\n|t:|1698262982\n|move|p2b: Diancie|Protect|p2b: Diancie\n|-singleturn|p2b: Diancie|Protect\n|move|p1b: budi|Taunt|p2a: Cresselia\n|-start|p2a: Cresselia|move: Taunt\n|move|p1a: DonCangrejo|Bullet Punch|p2b: Diancie\n|-activate|p2b: Diancie|move: Protect\n|cant|p2a: Cresselia|move: Taunt|Trick Room\n|\n|upkeep\n|turn|2\n|\n|t:|1698262997\n|switch|p2a: Rillaboom|Rillaboom, M|100\/100\n|-fieldstart|move: Grassy Terrain|[from] ability: Grassy Surge|[of] p2a: Rillaboom\n|switch|p2b: Amoonguss|Amoonguss, M, shiny|100\/100\n|move|p1b: budi|Tailwind|p1b: budi\n|-sidestart|p1: viinesmoke|move: Tailwind\n|move|p1a: DonCangrejo|Bullet Punch|p2b: Amoonguss\n|-damage|p2b: Amoonguss|65\/100\n|-status|p1a: DonCangrejo|par|[from] ability: Effect Spore|[of] p2b: Amoonguss\n|-damage|p1a: DonCangrejo|91\/100 par|[from] item: Life Orb\n|\n|-heal|p1a: DonCangrejo|97\/100 par|[from] Grassy Terrain\n|-heal|p2b: Amoonguss|71\/100|[from] Grassy Terrain\n|-heal|p2b: Amoonguss|78\/100|[from] item: Black Sludge\n|upkeep\n|turn|3\n|\n|t:|1698263016\n|move|p2a: Rillaboom|Fake Out|p1b: budi\n|-damage|p1b: budi|78\/100\n|cant|p1b: budi|flinch\n|cant|p1a: DonCangrejo|par\n|move|p2b: Amoonguss|Spore|p1b: budi\n|-status|p1b: budi|slp|[from] move: Spore\n|\n|-heal|p1a: DonCangrejo|100\/100 par|[from] Grassy Terrain\n|-heal|p2b: Amoonguss|84\/100|[from] Grassy Terrain\n|-heal|p2b: Amoonguss|90\/100|[from] item: Black Sludge\n|upkeep\n|turn|4\n|\n|t:|1698263036\n|switch|p2a: Cresselia|Cresselia, F|100\/100\n|cant|p1b: budi|slp\n|move|p1a: DonCangrejo|Bug Bite|p2a: Cresselia\n|-supereffective|p2a: Cresselia\n|-damage|p2a: Cresselia|26\/100\n|-enditem|p2a: Cresselia|Kee Berry|[from] stealeat|[move] Bug Bite|[of] p1a: DonCangrejo\n|-boost|p1a: DonCangrejo|def|1|[from] item: Kee Berry\n|-damage|p1a: DonCangrejo|91\/100 par|[from] item: Life Orb\n|move|p2b: Amoonguss|Hex|p1b: budi\n|-damage|p1b: budi|47\/100 slp\n|\n|-heal|p1a: DonCangrejo|97\/100 par|[from] Grassy Terrain\n|-heal|p2b: Amoonguss|96\/100|[from] Grassy Terrain\n|-heal|p2b: Amoonguss|100\/100|[from] item: Black Sludge\n|upkeep\n|turn|5\n|\n|t:|1698263068\n|move|p2b: Amoonguss|Rage Powder|p2b: Amoonguss\n|-singleturn|p2b: Amoonguss|move: Rage Powder\n|cant|p1b: budi|slp\n|move|p1a: DonCangrejo|Bug Bite|p2b: Amoonguss\n|-damage|p2b: Amoonguss|48\/100\n|-damage|p1a: DonCangrejo|87\/100 par|[from] item: Life Orb\n|move|p2a: Cresselia|Trick Room|p2a: Cresselia\n|-fieldstart|move: Trick Room|[of] p2a: Cresselia\n|\n|-heal|p2b: Amoonguss|54\/100|[from] Grassy Terrain\n|-heal|p2b: Amoonguss|61\/100|[from] item: Black Sludge\n|-heal|p1a: DonCangrejo|93\/100 par|[from] Grassy Terrain\n|-sideend|p1: viinesmoke|move: Tailwind\n|upkeep\n|turn|6\n|\n|t:|1698263089\n|move|p2b: Amoonguss|Pollen Puff|p2a: Cresselia\n|-heal|p2a: Cresselia|76\/100\n|move|p1a: DonCangrejo|Bug Bite|p2a: Cresselia\n|-supereffective|p2a: Cresselia\n|-damage|p2a: Cresselia|6\/100\n|-damage|p1a: DonCangrejo|83\/100 par|[from] item: Life Orb\n|move|p2a: Cresselia|Calm Mind|p2a: Cresselia\n|-boost|p2a: Cresselia|spa|1\n|-boost|p2a: Cresselia|spd|1\n|-curestatus|p1b: budi|slp|[msg]\n|move|p1b: budi|Bleakwind Storm|p2a: Cresselia|[spread] p2a\n|-miss|p1b: budi|p2b: Amoonguss\n|-damage|p2a: Cresselia|0 fnt\n|faint|p2a: Cresselia\n|\n|-heal|p2b: Amoonguss|67\/100|[from] Grassy Terrain\n|-heal|p2b: Amoonguss|73\/100|[from] item: Black Sludge\n|-heal|p1a: DonCangrejo|89\/100 par|[from] Grassy Terrain\n|-fieldend|move: Grassy Terrain\n|upkeep\n|\n|t:|1698263101\n|switch|p2a: Diancie|Diancie|100\/100\n|turn|7\n|\n|t:|1698263117\n|-terastallize|p2a: Diancie|Fighting\n|move|p1a: DonCangrejo|Bullet Punch|p2a: Diancie\n|-damage|p2a: Diancie|65\/100\n|-damage|p1a: DonCangrejo|79\/100 par|[from] item: Life Orb\n|move|p1b: budi|Taunt|p2b: Amoonguss\n|-start|p2b: Amoonguss|move: Taunt\n|move|p2b: Amoonguss|Hex|p1a: DonCangrejo\n|-damage|p1a: DonCangrejo|38\/100 par\n|move|p2a: Diancie|Diamond Storm|p1a: DonCangrejo|[spread] p1a,p1b\n|-supereffective|p1b: budi\n|-damage|p1a: DonCangrejo|8\/100 par\n|-damage|p1b: budi|0 fnt\n|faint|p1b: budi\n|\n|-heal|p2b: Amoonguss|79\/100|[from] item: Black Sludge\n|upkeep\n|\n|t:|1698263143\n|switch|p1b: Peligro|Flutter Mane|100\/100\n|-enditem|p1b: Peligro|Booster Energy\n|-activate|p1b: Peligro|ability: Protosynthesis|[fromitem]\n|-start|p1b: Peligro|protosynthesisspa\n|turn|8\n|\n|t:|1698263155\n|move|p1b: Peligro|Protect|p1b: Peligro\n|-singleturn|p1b: Peligro|Protect\n|move|p2b: Amoonguss|Pollen Puff|p2a: Diancie\n|-heal|p2a: Diancie|100\/100\n|move|p1a: DonCangrejo|Dual Wingbeat|p2a: Diancie\n|-supereffective|p2a: Diancie\n|-damage|p2a: Diancie|53\/100\n|-enditem|p2a: Diancie|Weakness Policy\n|-boost|p2a: Diancie|atk|2|[from] item: Weakness Policy\n|-boost|p2a: Diancie|spa|2|[from] item: Weakness Policy\n|-supereffective|p2a: Diancie\n|-damage|p2a: Diancie|4\/100\n|-hitcount|p2a: Diancie|2\n|-damage|p1a: DonCangrejo|0 fnt|[from] item: Life Orb\n|faint|p1a: DonCangrejo\n|move|p2a: Diancie|Diamond Storm|p1b: Peligro\n|-activate|p1b: Peligro|move: Protect\n|\n|-heal|p2b: Amoonguss|86\/100|[from] item: Black Sludge\n|upkeep\n|\n|t:|1698263174\n|switch|p1a: King|Kingambit, F|100\/100\n|turn|9\n|\n|t:|1698263200\n|move|p1a: King|Sucker Punch||[still]\n|-fail|p1a: King\n|move|p2b: Amoonguss|Pollen Puff|p2a: Diancie\n|-heal|p2a: Diancie|54\/100\n|move|p2a: Diancie|Baton Pass|p2a: Diancie\n|\n|t:|1698263222\n|switch|p2a: Rillaboom|Rillaboom, M|100\/100|[from] Baton Pass\n|-fieldstart|move: Grassy Terrain|[from] ability: Grassy Surge|[of] p2a: Rillaboom\n|move|p1b: Peligro|Power Gem|p2b: Amoonguss\n|-damage|p2b: Amoonguss|51\/100\n|\n|-heal|p2b: Amoonguss|57\/100|[from] Grassy Terrain\n|-heal|p2b: Amoonguss|64\/100|[from] item: Black Sludge\n|-end|p2b: Amoonguss|move: Taunt\n|-fieldend|move: Trick Room\n|upkeep\n|turn|10\n|\n|t:|1698263265\n|move|p1b: Peligro|Protect|p1b: Peligro\n|-singleturn|p1b: Peligro|Protect\n|move|p1a: King|Sucker Punch|p2a: Rillaboom\n|-damage|p2a: Rillaboom|50\/100\n|-damage|p1a: King|90\/100|[from] item: Life Orb\n|move|p2a: Rillaboom|Drain Punch|p1a: King\n|-supereffective|p1a: King\n|-damage|p1a: King|0 fnt\n|-heal|p2a: Rillaboom|91\/100|[from] drain|[of] p1a: King\n|faint|p1a: King\n|move|p2b: Amoonguss|Spore|p1b: Peligro\n|-activate|p1b: Peligro|move: Protect\n|\n|-heal|p2a: Rillaboom|98\/100|[from] Grassy Terrain\n|-heal|p2b: Amoonguss|70\/100|[from] Grassy Terrain\n|-heal|p2b: Amoonguss|76\/100|[from] item: Black Sludge\n|upkeep\n|\n|t:|1698263274\n|switch|p1a: Chimuuelo|Chien-Pao|100\/100\n|-ability|p1a: Chimuuelo|Sword of Ruin\n|turn|11\n|\n|t:|1698263288\n|move|p2b: Amoonguss|Rage Powder|p2b: Amoonguss\n|-singleturn|p2b: Amoonguss|move: Rage Powder\n|move|p2a: Rillaboom|Grassy Glide|p1b: Peligro\n|-damage|p1b: Peligro|0 fnt\n|faint|p1b: Peligro\n|-end|p1b: Peligro|Protosynthesis|[silent]\n|move|p1a: Chimuuelo|Ice Spinner|p2b: Amoonguss\n|-supereffective|p2b: Amoonguss\n|-damage|p2b: Amoonguss|0 fnt\n|-fieldend|move: Grassy Terrain\n|faint|p2b: Amoonguss\n|\n|upkeep\n|\n|t:|1698263302\n|switch|p1b: tiburoncin|Garchomp, F, shiny|100\/100\n|switch|p2b: Diancie|Diancie, tera:Fighting|54\/100\n|turn|12\n|\n|t:|1698263315\n|move|p1a: Chimuuelo|Ice Spinner|p2a: Rillaboom\n|-supereffective|p2a: Rillaboom\n|-damage|p2a: Rillaboom|0 fnt\n|faint|p2a: Rillaboom\n|move|p1b: tiburoncin|Swords Dance|p1b: tiburoncin\n|-boost|p1b: tiburoncin|atk|2\n|move|p2b: Diancie|Diamond Storm|p1a: Chimuuelo|[spread] p1a,p1b\n|-supereffective|p1a: Chimuuelo\n|-resisted|p1b: tiburoncin\n|-damage|p1a: Chimuuelo|6\/100\n|-damage|p1b: tiburoncin|76\/100\n|\n|upkeep\n|\n|t:|1698263325\n|switch|p2a: Tyranitar|Tyranitar, M|100\/100\n|-weather|Sandstorm|[from] ability: Sand Stream|[of] p2a: Tyranitar\n|turn|13\n|\n|t:|1698263331\n|move|p2b: Diancie|Protect|p2b: Diancie\n|-singleturn|p2b: Diancie|Protect\n|move|p1a: Chimuuelo|Ice Spinner|p2a: Tyranitar\n|-damage|p2a: Tyranitar|31\/100\n|move|p1b: tiburoncin|Swords Dance|p1b: tiburoncin\n|-boost|p1b: tiburoncin|atk|2\n|move|p2a: Tyranitar|Knock Off|p1b: tiburoncin\n|-damage|p1b: tiburoncin|1\/100\n|-damage|p2a: Tyranitar|19\/100|[from] ability: Rough Skin|[of] p1b: tiburoncin\n|-enditem|p1b: tiburoncin|Lum Berry|[from] move: Knock Off|[of] p2a: Tyranitar\n|\n|-weather|Sandstorm|[upkeep]\n|-damage|p1a: Chimuuelo|0 fnt|[from] Sandstorm\n|-damage|p2b: Diancie|48\/100|[from] Sandstorm\n|faint|p1a: Chimuuelo\n|upkeep\n|turn|14\n|\n|t:|1698263351\n|move|p1b: tiburoncin|Earthquake|p2b: Diancie|[spread] p2a,p2b\n|-supereffective|p2a: Tyranitar\n|-crit|p2b: Diancie\n|-damage|p2a: Tyranitar|0 fnt\n|-damage|p2b: Diancie|0 fnt\n|faint|p2a: Tyranitar\n|faint|p2b: Diancie\n|\n|-weather|Sandstorm|[upkeep]\n|upkeep\n|\n|t:|1698263355\n|switch|p2a: Ursaluna|Ursaluna, F|100\/100\n|turn|15\n|\n|t:|1698263364\n|move|p1b: tiburoncin|Outrage|p2a: Ursaluna\n|-damage|p2a: Ursaluna|0 fnt\n|faint|p2a: Ursaluna\n|\n|win|viinesmoke\n|raw|viinesmoke's rating: 1635 &rarr; <strong>1649<\/strong><br \/>(+14 for winning)\n|raw|Godisablack's rating: 1531 &rarr; <strong>1517<\/strong><br \/>(-14 for losing)\n|c|\u2606Godisablack|Gg\n|c|\u2606viinesmoke|GG\n","uploadtime":1698263383,"views":8,"p1id":"viinesmoke","p2id":"godisablack","formatid":"gen9doublesou","rating":1517,"private":0,"password":""}