{"id":"gen9doublesou-1995293221","p1":"Imagine A Place","p2":"mikeyuwu","format":"[Gen 9] Doubles OU","log":"|j|\u2606Imagine A Place\n|j|\u2606mikeyuwu\n|t:|1700548267\n|gametype|doubles\n|player|p1|Imagine A Place|youngster-gen4dp|1137\n|player|p2|mikeyuwu|psychic-gen4|1130\n|teamsize|p1|6\n|teamsize|p2|6\n|gen|9\n|tier|[Gen 9] Doubles OU\n|rated|\n|rule|Species Clause: Limit one of each Pok\u00e9mon\n|rule|OHKO Clause: OHKO moves are banned\n|rule|Evasion Moves Clause: Evasion moves are banned\n|rule|Gravity Sleep Clause: The combination of sleep-inducing moves with imperfect accuracy and Gravity or Gigantamax Orbeetle are banned\n|rule|Endless Battle Clause: Forcing endless battles is banned\n|rule|HP Percentage Mod: HP is shown in percentages\n|clearpoke\n|poke|p1|Conkeldurr, F|\n|poke|p1|Regieleki|\n|poke|p1|Kleavor, M|\n|poke|p1|Maushold|\n|poke|p1|Flutter Mane|\n|poke|p1|Landorus-Therian, M|\n|poke|p2|Garchomp, M|\n|poke|p2|Tyranitar, F|\n|poke|p2|Vaporeon, F|\n|poke|p2|Toxicroak, M|\n|poke|p2|Pelipper, F|\n|poke|p2|Abomasnow, M|\n|teampreview\n|\n|t:|1700548297\n|start\n|switch|p1a: Regieleki|Regieleki|100\/100\n|switch|p1b: Landorus|Landorus-Therian, M|100\/100\n|switch|p2a: Extra Spicy|Garchomp, M|100\/100\n|switch|p2b: OTLHPM|Toxicroak, M|100\/100\n|-ability|p1b: Landorus|Intimidate|boost\n|-unboost|p2a: Extra Spicy|atk|1\n|-unboost|p2b: OTLHPM|atk|1\n|turn|1\n|\n|t:|1700548312\n|switch|p2b: Cold Shoulder|Abomasnow, M, shiny|100\/100\n|-weather|Snow|[from] ability: Snow Warning|[of] p2b: Cold Shoulder\n|move|p1a: Regieleki|Electroweb|p2b: Cold Shoulder|[spread] p2b\n|-immune|p2a: Extra Spicy\n|-resisted|p2b: Cold Shoulder\n|-damage|p2b: Cold Shoulder|85\/100\n|-unboost|p2b: Cold Shoulder|spe|1\n|move|p2a: Extra Spicy|Liquidation|p1a: Regieleki\n|-damage|p1a: Regieleki|73\/100\n|move|p1b: Landorus|Sunny Day|p1b: Landorus\n|-weather|SunnyDay\n|\n|-weather|SunnyDay|[upkeep]\n|upkeep\n|turn|2\n|\n|t:|1700548336\n|switch|p1a: Flutter Mane|Flutter Mane|100\/100\n|-activate|p1a: Flutter Mane|ability: Protosynthesis\n|-start|p1a: Flutter Mane|protosynthesisspe\n|switch|p2a: ThcrThnSnkr|Tyranitar, F|100\/100\n|-weather|Sandstorm|[from] ability: Sand Stream|[of] p2a: ThcrThnSnkr\n|-end|p1a: Flutter Mane|Protosynthesis\n|move|p1b: Landorus|Protect|p1b: Landorus\n|-singleturn|p1b: Landorus|Protect\n|move|p2b: Cold Shoulder|Blizzard|p1a: Flutter Mane|[spread] p1a\n|-activate|p1b: Landorus|move: Protect\n|-damage|p1a: Flutter Mane|73\/100\n|\n|-weather|Sandstorm|[upkeep]\n|-damage|p1a: Flutter Mane|67\/100|[from] Sandstorm\n|-damage|p2b: Cold Shoulder|79\/100|[from] Sandstorm\n|upkeep\n|turn|3\n|\n|t:|1700548364\n|switch|p1b: Conkeldurr|Conkeldurr, F|100\/100\n|move|p1a: Flutter Mane|Moonblast|p2a: ThcrThnSnkr\n|-supereffective|p2a: ThcrThnSnkr\n|-damage|p2a: ThcrThnSnkr|64\/100\n|-damage|p1a: Flutter Mane|57\/100|[from] item: Life Orb\n|move|p2a: ThcrThnSnkr|Heavy Slam|p1a: Flutter Mane\n|-supereffective|p1a: Flutter Mane\n|-damage|p1a: Flutter Mane|0 fnt\n|faint|p1a: Flutter Mane\n|-end|p1a: Flutter Mane|Protosynthesis|[silent]\n|move|p2b: Cold Shoulder|Blizzard|p1b: Conkeldurr\n|-damage|p1b: Conkeldurr|55\/100\n|\n|-weather|Sandstorm|[upkeep]\n|-damage|p1b: Conkeldurr|49\/100|[from] Sandstorm\n|-damage|p2b: Cold Shoulder|73\/100|[from] Sandstorm\n|-status|p1b: Conkeldurr|brn|[from] item: Flame Orb\n|upkeep\n|\n|t:|1700548374\n|switch|p1a: Maushold|Maushold|100\/100\n|turn|4\n|\n|t:|1700548382\n|switch|p2a: Weather War|Pelipper, F|100\/100\n|-weather|RainDance|[from] ability: Drizzle|[of] p2a: Weather War\n|switch|p2b: Extra Spicy|Garchomp, M|100\/100\n|move|p1b: Conkeldurr|Mach Punch|p2a: Weather War\n|-resisted|p2a: Weather War\n|-damage|p2a: Weather War|87\/100\n|move|p1a: Maushold|Population Bomb|p2b: Extra Spicy\n|-damage|p2b: Extra Spicy|95\/100\n|-damage|p1a: Maushold|88\/100|[from] ability: Rough Skin|[of] p2b: Extra Spicy\n|-damage|p1a: Maushold|71\/100|[from] item: Rocky Helmet|[of] p2b: Extra Spicy\n|-damage|p2b: Extra Spicy|89\/100\n|-damage|p1a: Maushold|59\/100|[from] ability: Rough Skin|[of] p2b: Extra Spicy\n|-damage|p1a: Maushold|42\/100|[from] item: Rocky Helmet|[of] p2b: Extra Spicy\n|-enditem|p1a: Maushold|Sitrus Berry|[eat]\n|-heal|p1a: Maushold|67\/100|[from] item: Sitrus Berry\n|-damage|p2b: Extra Spicy|83\/100\n|-damage|p1a: Maushold|55\/100|[from] ability: Rough Skin|[of] p2b: Extra Spicy\n|-damage|p1a: Maushold|38\/100|[from] item: Rocky Helmet|[of] p2b: Extra Spicy\n|-crit|p2b: Extra Spicy\n|-damage|p2b: Extra Spicy|73\/100\n|-damage|p1a: Maushold|26\/100|[from] ability: Rough Skin|[of] p2b: Extra Spicy\n|-damage|p1a: Maushold|9\/100|[from] item: Rocky Helmet|[of] p2b: Extra Spicy\n|-hitcount|p2b: Extra Spicy|4\n|\n|-weather|RainDance|[upkeep]\n|-damage|p1b: Conkeldurr|43\/100 brn|[from] brn\n|upkeep\n|turn|5\n|c|\u2606mikeyuwu|Uno reverse\n|\n|t:|1700548421\n|switch|p1b: Landorus|Landorus-Therian, M|100\/100\n|-ability|p1b: Landorus|Intimidate|boost\n|-unboost|p2a: Weather War|atk|1\n|-unboost|p2b: Extra Spicy|atk|1\n|move|p1a: Maushold|Population Bomb|p2a: Weather War\n|-damage|p2a: Weather War|79\/100\n|-damage|p2a: Weather War|71\/100\n|-hitcount|p2a: Weather War|2\n|move|p2b: Extra Spicy|Earthquake|p1b: Landorus|[spread] p1a\n|-immune|p2a: Weather War\n|-immune|p1b: Landorus\n|-damage|p1a: Maushold|0 fnt\n|faint|p1a: Maushold\n|move|p2a: Weather War|Hurricane|p1b: Landorus\n|-damage|p1b: Landorus|57\/100\n|\n|-weather|RainDance|[upkeep]\n|-heal|p1b: Landorus|63\/100|[from] item: Leftovers\n|upkeep\n|\n|t:|1700548437\n|switch|p1a: Regieleki|Regieleki|73\/100\n|turn|6\n|\n|t:|1700548443\n|switch|p2a: Cold Shoulder|Abomasnow, M, shiny|73\/100\n|-weather|Snow|[from] ability: Snow Warning|[of] p2a: Cold Shoulder\n|-terastallize|p1a: Regieleki|Ice\n|move|p1a: Regieleki|Tera Blast|p2b: Extra Spicy|[anim] Tera Blast Ice\n|-supereffective|p2b: Extra Spicy\n|-damage|p2b: Extra Spicy|0 fnt\n|faint|p2b: Extra Spicy\n|move|p1b: Landorus|Stealth Rock|p2a: Cold Shoulder\n|-sidestart|p2: mikeyuwu|move: Stealth Rock\n|\n|-weather|Snow|[upkeep]\n|-heal|p1b: Landorus|69\/100|[from] item: Leftovers\n|upkeep\n|\n|t:|1700548452\n|switch|p2b: OTLHPM|Toxicroak, M|100\/100\n|-damage|p2b: OTLHPM|94\/100|[from] Stealth Rock\n|turn|7\n|\n|t:|1700548474\n|switch|p2b: ThcrThnSnkr|Tyranitar, F|64\/100\n|-damage|p2b: ThcrThnSnkr|52\/100|[from] Stealth Rock\n|-weather|Sandstorm|[from] ability: Sand Stream|[of] p2b: ThcrThnSnkr\n|move|p1a: Regieleki|Thunderbolt|p2a: Cold Shoulder\n|-resisted|p2a: Cold Shoulder\n|-damage|p2a: Cold Shoulder|35\/100\n|move|p1b: Landorus|Stomping Tantrum|p2b: ThcrThnSnkr\n|-supereffective|p2b: ThcrThnSnkr\n|-damage|p2b: ThcrThnSnkr|0 fnt\n|faint|p2b: ThcrThnSnkr\n|move|p2a: Cold Shoulder|Weather Ball|p1a: Regieleki\n|-supereffective|p1a: Regieleki\n|-damage|p1a: Regieleki|0 fnt\n|faint|p1a: Regieleki\n|\n|-weather|Sandstorm|[upkeep]\n|-damage|p2a: Cold Shoulder|29\/100|[from] Sandstorm\n|-heal|p1b: Landorus|75\/100|[from] item: Leftovers\n|upkeep\n|\n|t:|1700548498\n|switch|p1a: Conkeldurr|Conkeldurr, F|43\/100 brn\n|switch|p2b: Harmacy|Vaporeon, F|100\/100\n|-damage|p2b: Harmacy|88\/100|[from] Stealth Rock\n|turn|8\n|\n|t:|1700548507\n|switch|p2a: Weather War|Pelipper, F|71\/100\n|-weather|RainDance|[from] ability: Drizzle|[of] p2a: Weather War\n|move|p1b: Landorus|Stomping Tantrum|p2a: Weather War\n|-immune|p2a: Weather War\n|move|p2b: Harmacy|Weather Ball|p1b: Landorus\n|-supereffective|p1b: Landorus\n|-damage|p1b: Landorus|0 fnt\n|faint|p1b: Landorus\n|move|p1a: Conkeldurr|Knock Off|p2b: Harmacy\n|-damage|p2b: Harmacy|51\/100\n|-enditem|p2b: Harmacy|Leftovers|[from] move: Knock Off|[of] p1a: Conkeldurr\n|\n|-weather|RainDance|[upkeep]\n|-damage|p1a: Conkeldurr|37\/100 brn|[from] brn\n|upkeep\n|\n|t:|1700548522\n|switch|p1b: Kleavor|Kleavor, M|100\/100\n|turn|9\n|\n|t:|1700548536\n|-terastallize|p2a: Weather War|Ground\n|move|p1a: Conkeldurr|Mach Punch|p2b: Harmacy\n|-damage|p2b: Harmacy|24\/100\n|move|p1b: Kleavor|Stone Edge|p2a: Weather War\n|-resisted|p2a: Weather War\n|-crit|p2a: Weather War\n|-damage|p2a: Weather War|39\/100\n|move|p2a: Weather War|Hurricane|p1a: Conkeldurr\n|-supereffective|p1a: Conkeldurr\n|-damage|p1a: Conkeldurr|0 fnt\n|faint|p1a: Conkeldurr\n|move|p2b: Harmacy|Weather Ball|p1b: Kleavor\n|-supereffective|p1b: Kleavor\n|-damage|p1b: Kleavor|0 fnt\n|faint|p1b: Kleavor\n|\n|win|mikeyuwu\n|raw|Imagine A Place's rating: 1137 &rarr; <strong>1111<\/strong><br \/>(-26 for losing)\n|raw|mikeyuwu's rating: 1130 &rarr; <strong>1156<\/strong><br \/>(+26 for winning)\n|c|\u2606mikeyuwu|Gg\n|l|\u2606Imagine A Place\n","uploadtime":1700548559,"views":5,"p1id":"imagineaplace","p2id":"mikeyuwu","formatid":"gen9doublesou","rating":1111,"private":0,"password":""}