{"id":"gen9doublesou-1979972072","p1":"ToadFive","p2":"Metal Jester","format":"[Gen 9] Doubles OU","log":"|j|\u2606ToadFive\n|j|\u2606Metal Jester\n|t:|1698739654\n|gametype|doubles\n|player|p1|ToadFive|cress|1270\n|player|p2|Metal Jester|guitarist|1245\n|teamsize|p1|6\n|teamsize|p2|6\n|gen|9\n|tier|[Gen 9] Doubles OU\n|rated|\n|rule|Species Clause: Limit one of each Pok\u00e9mon\n|rule|OHKO Clause: OHKO moves are banned\n|rule|Evasion Moves Clause: Evasion moves are banned\n|rule|Gravity Sleep Clause: The combination of sleep-inducing moves with imperfect accuracy and Gravity or Gigantamax Orbeetle are banned\n|rule|Endless Battle Clause: Forcing endless battles is banned\n|rule|HP Percentage Mod: HP is shown in percentages\n|clearpoke\n|poke|p1|Orthworm, F|\n|poke|p1|Conkeldurr, F|\n|poke|p1|Amoonguss, F|\n|poke|p1|Torkoal, M|\n|poke|p1|Ting-Lu|\n|poke|p1|Ogerpon-Hearthflame, F|\n|poke|p2|Tornadus, M|\n|poke|p2|Stonjourner, M|\n|poke|p2|Flutter Mane|\n|poke|p2|Iron Hands|\n|poke|p2|Landorus-Therian, M|\n|poke|p2|Chien-Pao|\n|teampreview\n|inactive|Battle timer is ON: inactive players will automatically lose when time's up. (requested by Metal Jester)\n|\n|t:|1698739669\n|start\n|switch|p1a: Ting-Lu|Ting-Lu|100\/100\n|switch|p1b: Amoonguss|Amoonguss, F, shiny|100\/100\n|switch|p2a: Tornadus|Tornadus, M|100\/100\n|switch|p2b: Chien-Pao|Chien-Pao|100\/100\n|-ability|p2b: Chien-Pao|Sword of Ruin\n|-ability|p1a: Ting-Lu|Vessel of Ruin\n|turn|1\n|\n|t:|1698739695\n|switch|p1a: Torkoal|Torkoal, M, shiny|100\/100\n|-weather|SunnyDay|[from] ability: Drought|[of] p1a: Torkoal\n|move|p2a: Tornadus|Taunt|p1b: Amoonguss\n|-start|p1b: Amoonguss|move: Taunt\n|move|p2b: Chien-Pao|Icicle Crash|p1a: Torkoal\n|-resisted|p1a: Torkoal\n|-crit|p1a: Torkoal\n|-damage|p1a: Torkoal|69\/100\n|cant|p1b: Amoonguss|move: Taunt|Spore\n|\n|-weather|SunnyDay|[upkeep]\n|upkeep\n|turn|2\n|\n|t:|1698739714\n|switch|p2b: Iron Hands|Iron Hands|100\/100\n|move|p2a: Tornadus|Bleakwind Storm|p1b: Amoonguss|[spread] p1a,p1b\n|-supereffective|p1b: Amoonguss\n|-damage|p1a: Torkoal|33\/100\n|-damage|p1b: Amoonguss|50\/100\n|-unboost|p1a: Torkoal|spe|1\n|-unboost|p1b: Amoonguss|spe|1\n|move|p1b: Amoonguss|Pollen Puff|p1a: Torkoal\n|-heal|p1a: Torkoal|83\/100\n|move|p1a: Torkoal|Eruption|p2a: Tornadus|[spread] p2a,p2b\n|-damage|p2a: Tornadus|15\/100\n|-damage|p2b: Iron Hands|63\/100\n|\n|-weather|SunnyDay|[upkeep]\n|-heal|p1b: Amoonguss|57\/100|[from] item: Leftovers\n|upkeep\n|turn|3\n|inactive|ToadFive has 120 seconds left.\n|\n|t:|1698739746\n|switch|p1b: Ogerpon|Ogerpon-Hearthflame, F|100\/100\n|-ability|p1b: Ogerpon|Mold Breaker\n|move|p2b: Iron Hands|Fake Out|p1a: Torkoal\n|-damage|p1a: Torkoal|72\/100\n|move|p2a: Tornadus|Bleakwind Storm|p1a: Torkoal|[spread] p1a,p1b\n|-supereffective|p1b: Ogerpon\n|-damage|p1a: Torkoal|35\/100\n|-damage|p1b: Ogerpon|28\/100\n|cant|p1a: Torkoal|flinch\n|\n|-weather|SunnyDay|[upkeep]\n|upkeep\n|turn|4\n|inactive|ToadFive has 120 seconds left.\n|\n|t:|1698739772\n|switch|p1a: Ting-Lu|Ting-Lu|100\/100\n|-ability|p1a: Ting-Lu|Vessel of Ruin\n|-terastallize|p1b: Ogerpon|Fire\n|detailschange|p1b: Ogerpon|Ogerpon-Hearthflame-Tera, F, tera:Fire\n|-ability|p1b: Ogerpon|Embody Aspect (Hearthflame)|boost\n|-boost|p1b: Ogerpon|atk|1\n|move|p1b: Ogerpon|Spiky Shield|p1b: Ogerpon\n|-singleturn|p1b: Ogerpon|move: Protect\n|move|p2a: Tornadus|Tailwind|p2a: Tornadus\n|-sidestart|p2: Metal Jester|move: Tailwind\n|move|p2b: Iron Hands|Wild Charge|p1b: Ogerpon\n|-activate|p1b: Ogerpon|move: Protect\n|-damage|p2b: Iron Hands|51\/100|[from] Spiky Shield|[of] p1b: Ogerpon\n|\n|-weather|SunnyDay|[upkeep]\n|upkeep\n|turn|5\n|\n|t:|1698739793\n|switch|p1b: Orthworm|Orthworm, F|100\/100\n|move|p2a: Tornadus|Bleakwind Storm|p1a: Ting-Lu|[spread] p1a,p1b\n|-resisted|p1b: Orthworm\n|-damage|p1a: Ting-Lu|82\/100\n|-damage|p1b: Orthworm|76\/100\n|-unboost|p1b: Orthworm|spe|1\n|move|p2b: Iron Hands|Close Combat|p1a: Ting-Lu\n|-supereffective|p1a: Ting-Lu\n|-damage|p1a: Ting-Lu|1\/100\n|-unboost|p2b: Iron Hands|def|1\n|-unboost|p2b: Iron Hands|spd|1\n|move|p1a: Ting-Lu|Earthquake|p2a: Tornadus|[spread] p2b\n|-heal|p1b: Orthworm|100\/100|[from] ability: Earth Eater|[of] p1a: Ting-Lu\n|-immune|p2a: Tornadus\n|-supereffective|p2b: Iron Hands\n|-damage|p2b: Iron Hands|0 fnt\n|faint|p2b: Iron Hands\n|-end|p2b: Iron Hands|Quark Drive|[silent]\n|\n|-weather|none\n|upkeep\n|inactive|Metal Jester has 120 seconds left.\n|\n|t:|1698739814\n|switch|p2b: Landorus|Landorus-Therian, M|100\/100\n|-ability|p2b: Landorus|Intimidate|boost\n|-unboost|p1a: Ting-Lu|atk|1\n|-unboost|p1b: Orthworm|atk|1\n|turn|6\n|\n|t:|1698739829\n|move|p1b: Orthworm|Protect|p1b: Orthworm\n|-singleturn|p1b: Orthworm|Protect\n|move|p2a: Tornadus|Heat Wave|p1a: Ting-Lu|[spread] p1a\n|-activate|p1b: Orthworm|move: Protect\n|-damage|p1a: Ting-Lu|0 fnt\n|faint|p1a: Ting-Lu\n|move|p2b: Landorus|Sunny Day|p2b: Landorus\n|-weather|SunnyDay\n|\n|-weather|SunnyDay|[upkeep]\n|upkeep\n|\n|t:|1698739842\n|switch|p1a: Conkeldurr|Conkeldurr, F, shiny|100\/100\n|turn|7\n|\n|t:|1698739869\n|-terastallize|p2b: Landorus|Flying\n|move|p2a: Tornadus|Heat Wave|p1a: Conkeldurr|[spread] p1a\n|-miss|p2a: Tornadus|p1b: Orthworm\n|-damage|p1a: Conkeldurr|59\/100\n|move|p2b: Landorus|Tera Blast|p1a: Conkeldurr|[anim] Tera Blast Flying\n|-supereffective|p1a: Conkeldurr\n|-damage|p1a: Conkeldurr|0 fnt\n|faint|p1a: Conkeldurr\n|move|p1b: Orthworm|Shed Tail|p1b: Orthworm\n|-start|p1b: Orthworm|Substitute|[from] move: Shed Tail\n|-damage|p1b: Orthworm|50\/100\n|inactive|ToadFive has 120 seconds left.\n|\n|t:|1698739880\n|switch|p1b: Ogerpon|Ogerpon-Hearthflame-Tera, F, tera:Fire|28\/100|[from] Shed Tail\n|-ability|p1b: Ogerpon|Embody Aspect (Hearthflame)|boost\n|-boost|p1b: Ogerpon|atk|1\n|\n|-weather|SunnyDay|[upkeep]\n|-sideend|p2: Metal Jester|move: Tailwind\n|upkeep\n|inactive|ToadFive has 120 seconds left.\n|\n|t:|1698739887\n|switch|p1a: Amoonguss|Amoonguss, F, shiny|90\/100\n|turn|8\n|\n|t:|1698739895\n|move|p2a: Tornadus|Tailwind|p2a: Tornadus\n|-sidestart|p2: Metal Jester|move: Tailwind\n|move|p2b: Landorus|Tera Blast|p1a: Amoonguss|[anim] Tera Blast Flying\n|-supereffective|p1a: Amoonguss\n|-damage|p1a: Amoonguss|0 fnt\n|faint|p1a: Amoonguss\n|move|p1b: Ogerpon|Ivy Cudgel|p2b: Landorus\n|-damage|p2b: Landorus|0 fnt\n|faint|p2b: Landorus\n|\n|-weather|SunnyDay|[upkeep]\n|upkeep\n|\n|t:|1698739906\n|switch|p2b: Stonjourner|Stonjourner, M, shiny|100\/100\n|switch|p1a: Orthworm|Orthworm, F|50\/100\n|turn|9\n|\n|t:|1698739918\n|move|p2a: Tornadus|Bleakwind Storm|p1b: Ogerpon|[spread] p1a,p1b\n|-end|p1b: Ogerpon|Substitute\n|-resisted|p1a: Orthworm\n|-damage|p1a: Orthworm|13\/100\n|move|p2b: Stonjourner|Body Press|p1b: Ogerpon\n|-damage|p1b: Ogerpon|5\/100\n|move|p1b: Ogerpon|Knock Off|p2a: Tornadus\n|-damage|p2a: Tornadus|0 fnt\n|-enditem|p2a: Tornadus|Covert Cloak|[from] move: Knock Off|[of] p1b: Ogerpon\n|faint|p2a: Tornadus\n|move|p1a: Orthworm|Stomping Tantrum|p2b: Stonjourner\n|-supereffective|p2b: Stonjourner\n|-damage|p2b: Stonjourner|80\/100\n|\n|-weather|SunnyDay|[upkeep]\n|upkeep\n|\n|t:|1698739925\n|switch|p2a: Flutter Mane|Flutter Mane|100\/100\n|-activate|p2a: Flutter Mane|ability: Protosynthesis\n|-start|p2a: Flutter Mane|protosynthesisspe\n|turn|10\n|\n|t:|1698739940\n|move|p1b: Ogerpon|Spiky Shield|p1b: Ogerpon\n|-singleturn|p1b: Ogerpon|move: Protect\n|move|p2a: Flutter Mane|Dazzling Gleam|p1b: Ogerpon|[spread] p1a\n|-activate|p1b: Ogerpon|move: Protect\n|-resisted|p1a: Orthworm\n|-damage|p1a: Orthworm|0 fnt\n|faint|p1a: Orthworm\n|move|p2b: Stonjourner|Heat Crash|p1b: Ogerpon\n|-activate|p1b: Ogerpon|move: Protect\n|-damage|p2b: Stonjourner|67\/100|[from] Spiky Shield|[of] p1b: Ogerpon\n|\n|-weather|SunnyDay|[upkeep]\n|upkeep\n|\n|t:|1698739951\n|switch|p1a: Torkoal|Torkoal, M, shiny|35\/100\n|turn|11\n|\n|t:|1698739958\n|move|p1b: Ogerpon|Follow Me|p1b: Ogerpon\n|-singleturn|p1b: Ogerpon|move: Follow Me\n|move|p2a: Flutter Mane|Dazzling Gleam|p1b: Ogerpon|[spread] p1a,p1b\n|-resisted|p1a: Torkoal\n|-resisted|p1b: Ogerpon\n|-damage|p1a: Torkoal|7\/100\n|-damage|p1b: Ogerpon|0 fnt\n|faint|p1b: Ogerpon\n|move|p2b: Stonjourner|Body Press|p1a: Torkoal\n|-damage|p1a: Torkoal|0 fnt\n|faint|p1a: Torkoal\n|\n|win|Metal Jester\n|raw|ToadFive's rating: 1270 &rarr; <strong>1243<\/strong><br \/>(-27 for losing)\n|raw|Metal Jester's rating: 1245 &rarr; <strong>1272<\/strong><br \/>(+27 for winning)\n|l|\u2606ToadFive\n","uploadtime":1698739967,"views":27,"p1id":"toadfive","p2id":"metaljester","formatid":"gen9doublesou","rating":1243,"private":0,"password":""}