{"id":"gen9doublesou-1993162401","p1":"SunPoke04","p2":"Nubkk","format":"[Gen 9] Doubles OU","log":"|j|\u2606SunPoke04\n|j|\u2606Nubkk\n|inactive|Battle timer is ON: inactive players will automatically lose when time's up.\n|t:|1700272356\n|gametype|doubles\n|player|p1|SunPoke04|penny|\n|player|p2|Nubkk|caitlin|\n|teamsize|p1|6\n|teamsize|p2|6\n|gen|9\n|tier|[Gen 9] Doubles OU\n|rated|Tournament battle\n|rule|Species Clause: Limit one of each Pok\u00e9mon\n|rule|OHKO Clause: OHKO moves are banned\n|rule|Evasion Moves Clause: Evasion moves are banned\n|rule|Gravity Sleep Clause: The combination of sleep-inducing moves with imperfect accuracy and Gravity or Gigantamax Orbeetle are banned\n|rule|Endless Battle Clause: Forcing endless battles is banned\n|rule|HP Percentage Mod: HP is shown in percentages\n|clearpoke\n|poke|p1|Kommo-o, M|\n|poke|p1|Grimmsnarl, M|\n|poke|p1|Sinistcha|\n|poke|p1|Chi-Yu|\n|poke|p1|Scizor, F|\n|poke|p1|Landorus-Therian, M|\n|poke|p2|Indeedee-F, F|\n|poke|p2|Armarouge, F|\n|poke|p2|Hatterene, F|\n|poke|p2|Iron Hands|\n|poke|p2|Ursaluna, M|\n|poke|p2|Glastrier|\n|teampreview\n|inactive|Nubkk also wants the timer to be on.\n|inactive|SunPoke04 also wants the timer to be on.\n|c|\u2606Nubkk|hf\n|c|\u2606Nubkk|faz mo cota q n jogo esse modo kaka\n|j| Panetonys\n|c|\u2606Nubkk|nem lembro oq chi-yu usa\n|inactive|SunPoke04 has 120 seconds left.\n|c|\u2606Nubkk|faz mt tempo q n vejo ele\n|c|\u2606SunPoke04|!showset chiyu\n|c| SunPoke04|\/raw <div class=\"infobox\">Chi-Yu @ Choice Scarf  <br \/>Ability: Beads of Ruin  <br \/>Tera Type: Fire  <br \/>EVs: 252 SpA &#x2f; 4 SpD &#x2f; 252 Spe  <br \/>Timid Nature  <br \/>- Heat Wave  <br \/>- Dark Pulse  <br \/>- Flamethrower  <br \/>- Snarl  <br \/><br \/><\/div>\n|c|\u2606Nubkk|att\n|\n|t:|1700272405\n|start\n|switch|p1a: Grimmsnarl|Grimmsnarl, M, shiny|100\/100\n|switch|p1b: Chi-Yu|Chi-Yu|100\/100\n|switch|p2a: Chap\u00e9u :D|Hatterene, F, shiny|100\/100\n|switch|p2b: HaryamaLubrificado|Iron Hands|100\/100\n|-ability|p1b: Chi-Yu|Beads of Ruin\n|turn|1\n|c|\u2606SunPoke04|\u00e9 smogon msm, tanto faz\n|c|\u2606Nubkk|ultima vez q vi, ele tava em OU\n|inactive|SunPoke04 has 120 seconds left.\n|j| Always Edgy\n|\n|t:|1700272441\n|move|p2b: HaryamaLubrificado|Protect|p2b: HaryamaLubrificado\n|-singleturn|p2b: HaryamaLubrificado|Protect\n|move|p1a: Grimmsnarl|Reflect|p1a: Grimmsnarl\n|-sidestart|p1: SunPoke04|Reflect\n|move|p1b: Chi-Yu|Heat Wave|p2a: Chap\u00e9u :D|[spread] p2a\n|-activate|p2b: HaryamaLubrificado|move: Protect\n|-damage|p2a: Chap\u00e9u :D|61\/100\n|move|p2a: Chap\u00e9u :D|Trick Room|p2a: Chap\u00e9u :D\n|-fieldstart|move: Trick Room|[of] p2a: Chap\u00e9u :D\n|\n|upkeep\n|turn|2\n|\n|t:|1700272454\n|switch|p1b: Landorus|Landorus-Therian, M|100\/100\n|-ability|p1b: Landorus|Intimidate|boost\n|-unboost|p2a: Chap\u00e9u :D|atk|1\n|-unboost|p2b: HaryamaLubrificado|atk|1\n|-terastallize|p2b: HaryamaLubrificado|Fairy\n|move|p1a: Grimmsnarl|Light Screen|p1a: Grimmsnarl\n|-sidestart|p1: SunPoke04|move: Light Screen\n|move|p2a: Chap\u00e9u :D|Dazzling Gleam|p1b: Landorus|[spread] p1a,p1b\n|-supereffective|p1a: Grimmsnarl\n|-damage|p1a: Grimmsnarl|69\/100\n|-damage|p1b: Landorus|89\/100\n|move|p2b: HaryamaLubrificado|Belly Drum|p2b: HaryamaLubrificado\n|-damage|p2b: HaryamaLubrificado|50\/100\n|-setboost|p2b: HaryamaLubrificado|atk|6|[from] move: Belly Drum\n|-enditem|p2b: HaryamaLubrificado|Sitrus Berry|[eat]\n|-heal|p2b: HaryamaLubrificado|75\/100|[from] item: Sitrus Berry\n|\n|upkeep\n|turn|3\n|\n|t:|1700272476\n|move|p1a: Grimmsnarl|Parting Shot|p2b: HaryamaLubrificado\n|-unboost|p2b: HaryamaLubrificado|atk|1\n|-unboost|p2b: HaryamaLubrificado|spa|1\n|\n|t:|1700272482\n|switch|p1a: Sinistcha|Sinistcha|100\/100|[from] Parting Shot\n|-heal|p1b: Landorus|100\/100|[from] ability: Hospitality|[of] p1a: Sinistcha\n|move|p2a: Chap\u00e9u :D|Psyshock|p1b: Landorus\n|-damage|p1b: Landorus|75\/100\n|move|p2b: HaryamaLubrificado|Thunder Punch|p1a: Sinistcha\n|-resisted|p1a: Sinistcha\n|-damage|p1a: Sinistcha|66\/100\n|move|p1b: Landorus|U-turn|p2a: Chap\u00e9u :D\n|-damage|p2a: Chap\u00e9u :D|33\/100\n|\n|t:|1700272494\n|switch|p1b: Grimmsnarl|Grimmsnarl, M, shiny|69\/100|[from] U-turn\n|\n|upkeep\n|turn|4\n|\n|t:|1700272501\n|move|p1b: Grimmsnarl|Parting Shot|p2b: HaryamaLubrificado\n|-unboost|p2b: HaryamaLubrificado|atk|1\n|-unboost|p2b: HaryamaLubrificado|spa|1\n|\n|t:|1700272505\n|switch|p1b: Landorus|Landorus-Therian, M|75\/100|[from] Parting Shot\n|-ability|p1b: Landorus|Intimidate|boost\n|-unboost|p2a: Chap\u00e9u :D|atk|1\n|-unboost|p2b: HaryamaLubrificado|atk|1\n|move|p2a: Chap\u00e9u :D|Mystical Fire|p1a: Sinistcha\n|-supereffective|p1a: Sinistcha\n|-damage|p1a: Sinistcha|31\/100\n|-unboost|p1a: Sinistcha|spa|1\n|-enditem|p1a: Sinistcha|Sitrus Berry|[eat]\n|-heal|p1a: Sinistcha|56\/100|[from] item: Sitrus Berry\n|move|p2b: HaryamaLubrificado|Drain Punch|p1b: Landorus\n|-resisted|p1b: Landorus\n|-crit|p1b: Landorus\n|-damage|p1b: Landorus|10\/100\n|-heal|p2b: HaryamaLubrificado|99\/100|[from] drain|[of] p1b: Landorus\n|move|p1a: Sinistcha|Strength Sap|p2b: HaryamaLubrificado\n|-unboost|p2b: HaryamaLubrificado|atk|1\n|-heal|p1a: Sinistcha|100\/100\n|\n|upkeep\n|turn|5\n|c|\u2606Nubkk|esse time e mo veio kk\n|c| Always Edgy|o cara eh o maior hater de atk\n|c| Always Edgy|que o mundo ja viu\n|inactive|Nubkk has 120 seconds left.\n|c|\u2606Nubkk|percebi\n|c| Always Edgy|parting + intimidate + strength sap\n|c|\u2606SunPoke04|luta contra um +6 na cara ae tbm\n|c|\u2606SunPoke04|e \u00e9 doubles, tem q ter\n|c| Always Edgy|o cara odeia atk\n|\n|t:|1700272549\n|switch|p1b: Grimmsnarl|Grimmsnarl, M, shiny|69\/100\n|move|p2a: Chap\u00e9u :D|Mystical Fire|p1a: Sinistcha\n|-supereffective|p1a: Sinistcha\n|-damage|p1a: Sinistcha|66\/100\n|-unboost|p1a: Sinistcha|spa|1\n|move|p2b: HaryamaLubrificado|Belly Drum|p2b: HaryamaLubrificado\n|-damage|p2b: HaryamaLubrificado|50\/100\n|-setboost|p2b: HaryamaLubrificado|atk|6|[from] move: Belly Drum\n|move|p1a: Sinistcha|Matcha Gotcha|p2a: Chap\u00e9u :D|[spread] p2a,p2b\n|-damage|p2a: Chap\u00e9u :D|24\/100\n|-heal|p1a: Sinistcha|70\/100|[from] drain|[of] p2a: Chap\u00e9u :D\n|-damage|p2b: HaryamaLubrificado|39\/100\n|-heal|p1a: Sinistcha|78\/100|[from] drain|[of] p2b: HaryamaLubrificado\n|\n|-fieldend|move: Trick Room\n|upkeep\n|turn|6\n|c|\u2606SunPoke04|normalmente eu s\u00f3 uso will-o msm\n|j| House m.d fan\n|\n|t:|1700272572\n|switch|p1a: Landorus|Landorus-Therian, M|10\/100\n|-ability|p1a: Landorus|Intimidate|boost\n|-unboost|p2a: Chap\u00e9u :D|atk|1\n|-unboost|p2b: HaryamaLubrificado|atk|1\n|move|p2b: HaryamaLubrificado|Protect|p2b: HaryamaLubrificado\n|-singleturn|p2b: HaryamaLubrificado|Protect\n|move|p1b: Grimmsnarl|Spirit Break|p2b: HaryamaLubrificado\n|-activate|p2b: HaryamaLubrificado|move: Protect\n|move|p2a: Chap\u00e9u :D|Trick Room|p2a: Chap\u00e9u :D\n|-fieldstart|move: Trick Room|[of] p2a: Chap\u00e9u :D\n|\n|upkeep\n|turn|7\n|c| Panetonys|strength sap \u00e9 estupido\n|c|\u2606SunPoke04|nah\n|c|\u2606SunPoke04|\u00e9 bem justo\n|\n|t:|1700272599\n|move|p1b: Grimmsnarl|Parting Shot|p2b: HaryamaLubrificado\n|-unboost|p2b: HaryamaLubrificado|atk|1\n|-unboost|p2b: HaryamaLubrificado|spa|1\n|\n|t:|1700272603\n|switch|p1b: Sinistcha|Sinistcha|78\/100|[from] Parting Shot\n|-heal|p1a: Landorus|35\/100|[from] ability: Hospitality|[of] p1b: Sinistcha\n|move|p2a: Chap\u00e9u :D|Dazzling Gleam|p1b: Sinistcha|[spread] p1a,p1b\n|-crit|p1a: Landorus\n|-damage|p1a: Landorus|8\/100\n|-damage|p1b: Sinistcha|59\/100\n|move|p2b: HaryamaLubrificado|Drain Punch|p1b: Sinistcha\n|-immune|p1b: Sinistcha\n|move|p1a: Landorus|U-turn|p2a: Chap\u00e9u :D\n|-damage|p2a: Chap\u00e9u :D|0 fnt\n|faint|p2a: Chap\u00e9u :D\n|c|\u2606Nubkk|'-'\n|\n|t:|1700272609\n|switch|p1a: Scizor|Scizor, F|100\/100|[from] U-turn\n|\n|upkeep\n|\n|t:|1700272618\n|switch|p2a: Z\u00e9 Colmeia|Ursaluna, M, shiny|100\/100\n|turn|8\n|\n|t:|1700272636\n|move|p2a: Z\u00e9 Colmeia|Protect|p2a: Z\u00e9 Colmeia\n|-singleturn|p2a: Z\u00e9 Colmeia|Protect\n|move|p2b: HaryamaLubrificado|Protect|p2b: HaryamaLubrificado\n|-singleturn|p2b: HaryamaLubrificado|Protect\n|move|p1a: Scizor|Bullet Punch|p2b: HaryamaLubrificado\n|-activate|p2b: HaryamaLubrificado|move: Protect\n|move|p1b: Sinistcha|Matcha Gotcha|p2a: Z\u00e9 Colmeia|[spread] \n|-activate|p2a: Z\u00e9 Colmeia|move: Protect\n|-activate|p2b: HaryamaLubrificado|move: Protect\n|\n|-sideend|p1: SunPoke04|Reflect\n|-status|p2a: Z\u00e9 Colmeia|brn|[from] item: Flame Orb\n|upkeep\n|turn|9\n|\n|t:|1700272648\n|move|p1a: Scizor|Bullet Punch|p2b: HaryamaLubrificado\n|-supereffective|p2b: HaryamaLubrificado\n|-damage|p2b: HaryamaLubrificado|1\/100\n|move|p2b: HaryamaLubrificado|Drain Punch|p1a: Scizor\n|-damage|p1a: Scizor|0 fnt\n|-heal|p2b: HaryamaLubrificado|32\/100|[from] drain|[of] p1a: Scizor\n|faint|p1a: Scizor\n|move|p2a: Z\u00e9 Colmeia|Fire Punch|p1b: Sinistcha\n|-supereffective|p1b: Sinistcha\n|-crit|p1b: Sinistcha\n|-damage|p1b: Sinistcha|0 fnt\n|faint|p1b: Sinistcha\n|\n|-damage|p2a: Z\u00e9 Colmeia|94\/100 brn|[from] brn\n|-sideend|p1: SunPoke04|move: Light Screen\n|upkeep\n|c|\u2606SunPoke04|serio\n|c|\u2606Nubkk|kk\n|c|\u2606SunPoke04|qm q gosta de range\n|c|\u2606SunPoke04|qm foi q criou range nesse jogo\n|c|\u2606Nubkk|range?\n|inactive|SunPoke04 has 120 seconds left.\n|c|\u2606SunPoke04|\u00e9\n|c|\u2606Nubkk|n sei oq e, eu acho\n|\n|t:|1700272680\n|switch|p1b: Grimmsnarl|Grimmsnarl, M, shiny|69\/100\n|switch|p1a: Landorus|Landorus-Therian, M|8\/100\n|-ability|p1a: Landorus|Intimidate|boost\n|-unboost|p2a: Z\u00e9 Colmeia|atk|1\n|-unboost|p2b: HaryamaLubrificado|atk|1\n|turn|10\n|inactive|SunPoke04 has 120 seconds left.\n|c|\u2606SunPoke04|dano minimo at\u00e9 dano max q um atk pode dar\n|\n|t:|1700272711\n|move|p1b: Grimmsnarl|Reflect|p1b: Grimmsnarl\n|-sidestart|p1: SunPoke04|Reflect\n|move|p2a: Z\u00e9 Colmeia|Facade|p1b: Grimmsnarl\n|-damage|p1b: Grimmsnarl|12\/100\n|move|p2b: HaryamaLubrificado|Drain Punch|p1a: Landorus\n|-resisted|p1a: Landorus\n|-damage|p1a: Landorus|0 fnt\n|-heal|p2b: HaryamaLubrificado|35\/100|[from] drain|[of] p1a: Landorus\n|faint|p1a: Landorus\n|\n|-damage|p2a: Z\u00e9 Colmeia|88\/100 brn|[from] brn\n|-fieldend|move: Trick Room\n|upkeep\n|c|\u2606Nubkk|ata\n|\n|t:|1700272717\n|switch|p1a: Chi-Yu|Chi-Yu|100\/100\n|-ability|p1a: Chi-Yu|Beads of Ruin\n|turn|11\n|c| Always Edgy|ent n eh range\n|c| Always Edgy|eh roll\n|inactive|SunPoke04 has 120 seconds left.\n|\n|t:|1700272733\n|switch|p2a: Soca Fogo kk|Armarouge, F|100\/100\n|-terastallize|p1a: Chi-Yu|Fire\n|move|p1a: Chi-Yu|Heat Wave|p2a: Soca Fogo kk|[spread] p2b\n|-start|p2a: Soca Fogo kk|ability: Flash Fire\n|-damage|p2b: HaryamaLubrificado|0 fnt\n|faint|p2b: HaryamaLubrificado\n|-end|p2b: HaryamaLubrificado|Quark Drive|[silent]\n|move|p1b: Grimmsnarl|Spirit Break|p2a: Soca Fogo kk\n|-resisted|p2a: Soca Fogo kk\n|-damage|p2a: Soca Fogo kk|89\/100\n|-unboost|p2a: Soca Fogo kk|spa|1\n|\n|upkeep\n|\n|t:|1700272742\n|switch|p2b: Rainha DOU :3|Indeedee-F, F, shiny|100\/100\n|-fieldstart|move: Psychic Terrain|[from] ability: Psychic Surge|[of] p2b: Rainha DOU :3\n|-enditem|p2b: Rainha DOU :3|Psychic Seed\n|-boost|p2b: Rainha DOU :3|spd|1|[from] item: Psychic Seed\n|turn|12\n|\n|t:|1700272749\n|switch|p1a: Kommo-o|Kommo-o, M|100\/100\n|move|p2a: Soca Fogo kk|Protect|p2a: Soca Fogo kk\n|-singleturn|p2a: Soca Fogo kk|Protect\n|move|p1b: Grimmsnarl|Light Screen|p1b: Grimmsnarl\n|-sidestart|p1: SunPoke04|move: Light Screen\n|move|p2b: Rainha DOU :3|Trick Room|p2b: Rainha DOU :3\n|-fieldstart|move: Trick Room|[of] p2b: Rainha DOU :3\n|\n|upkeep\n|turn|13\n|l| House m.d fan\n|c|\u2606SunPoke04|da pra parar de usar tr\n|\n|t:|1700272775\n|move|p1a: Kommo-o|Protect|p1a: Kommo-o\n|-singleturn|p1a: Kommo-o|Protect\n|move|p1b: Grimmsnarl|Parting Shot|p2a: Soca Fogo kk\n|-activate|p2a: Soca Fogo kk|move: Psychic Terrain\n|move|p2a: Soca Fogo kk|Expanding Force|p1b: Grimmsnarl|[spread] \n|-activate|p1a: Kommo-o|move: Protect\n|-immune|p1b: Grimmsnarl\n|move|p2b: Rainha DOU :3|Dazzling Gleam|p1a: Kommo-o|[spread] p1b\n|-activate|p1a: Kommo-o|move: Protect\n|-supereffective|p1b: Grimmsnarl\n|-crit|p1b: Grimmsnarl\n|-damage|p1b: Grimmsnarl|0 fnt\n|faint|p1b: Grimmsnarl\n|\n|upkeep\n|c|\u2606SunPoke04|eu tenho um kommo-o e scarf no time\n|\n|t:|1700272790\n|switch|p1b: Chi-Yu|Chi-Yu, tera:Fire|100\/100\n|-ability|p1b: Chi-Yu|Beads of Ruin\n|turn|14\n|c|\u2606Nubkk|pq?  e mt divertido kkkkkkk\n|c|\u2606Nubkk|eu adoro jogar de tr, me divirto mt\n|c|\u2606SunPoke04|pq eu quero jogar kkkkkk\n|c|\u2606Nubkk|kkkkkkkkkkk\n|\n|t:|1700272816\n|move|p2b: Rainha DOU :3|Helping Hand|p2a: Soca Fogo kk\n|-singleturn|p2a: Soca Fogo kk|Helping Hand|[of] p2b: Rainha DOU :3\n|move|p2a: Soca Fogo kk|Expanding Force|p1a: Kommo-o|[spread] p1a,p1b\n|-supereffective|p1a: Kommo-o\n|-damage|p1a: Kommo-o|0 fnt\n|-damage|p1b: Chi-Yu|39\/100\n|faint|p1a: Kommo-o\n|-damage|p2a: Soca Fogo kk|79\/100|[from] item: Life Orb\n|move|p1b: Chi-Yu|Dark Pulse|p2a: Soca Fogo kk\n|-supereffective|p2a: Soca Fogo kk\n|-damage|p2a: Soca Fogo kk|0 fnt\n|faint|p2a: Soca Fogo kk\n|\n|upkeep\n|\n|t:|1700272828\n|switch|p2a: Leri Gou|Glastrier|100\/100\n|turn|15\n|\n|t:|1700272834\n|move|p2b: Rainha DOU :3|Follow Me|p2b: Rainha DOU :3\n|-singleturn|p2b: Rainha DOU :3|move: Follow Me\n|move|p2a: Leri Gou|Stomping Tantrum|p1b: Chi-Yu\n|-supereffective|p1b: Chi-Yu\n|-damage|p1b: Chi-Yu|0 fnt\n|faint|p1b: Chi-Yu\n|\n|win|Nubkk\n|n|\u2606SunPoke04|sunpoke04\n|n|\u2606Nubkk|nubkk\n|n| Panetonys|panetonys\n|n| Always Edgy|alwaysedgy\n","uploadtime":1700272836,"views":12,"p1id":"sunpoke04","p2id":"nubkk","formatid":"gen9doublesou","rating":0,"private":0,"password":""}