{"id":"gen9doublesou-1985515059","p1":"tailsBOOM1992","p2":"andergamert","format":"[Gen 9] Doubles OU","log":"|j|\u2606tailsBOOM1992\n|j|\u2606andergamert\n|t:|1699380975\n|gametype|doubles\n|player|p1|tailsBOOM1992|pokemonranger|1102\n|player|p2|andergamert|1|1156\n|teamsize|p1|6\n|teamsize|p2|6\n|gen|9\n|tier|[Gen 9] Doubles OU\n|rated|\n|rule|Species Clause: Limit one of each Pok\u00e9mon\n|rule|OHKO Clause: OHKO moves are banned\n|rule|Evasion Moves Clause: Evasion moves are banned\n|rule|Gravity Sleep Clause: The combination of sleep-inducing moves with imperfect accuracy and Gravity or Gigantamax Orbeetle are banned\n|rule|Endless Battle Clause: Forcing endless battles is banned\n|rule|HP Percentage Mod: HP is shown in percentages\n|clearpoke\n|poke|p1|Gliscor, F|\n|poke|p1|Pelipper, F|\n|poke|p1|Glimmora, F|\n|poke|p1|Vikavolt, F|\n|poke|p1|Flutter Mane|\n|poke|p1|Sinistcha-Masterpiece|\n|poke|p2|Sinistcha|\n|poke|p2|Tinkaton, F|\n|poke|p2|Great Tusk|\n|poke|p2|Landorus-Therian, M|\n|poke|p2|Iron Moth|\n|poke|p2|Dragonite, M|\n|teampreview\n|inactive|Battle timer is ON: inactive players will automatically lose when time's up. (requested by tailsBOOM1992)\n|\n|t:|1699380992\n|start\n|switch|p1a: Gliscor|Gliscor, F, shiny|100\/100\n|switch|p1b: Pelipper|Pelipper, F|100\/100\n|switch|p2a: Tinkaton|Tinkaton, F|100\/100\n|switch|p2b: Landorus|Landorus-Therian, M|100\/100\n|-ability|p2b: Landorus|Intimidate|boost\n|-unboost|p1a: Gliscor|atk|1\n|-unboost|p1b: Pelipper|atk|1\n|-item|p2a: Tinkaton|Air Balloon\n|-weather|RainDance|[from] ability: Drizzle|[of] p1b: Pelipper\n|turn|1\n|\n|t:|1699381018\n|-terastallize|p2b: Landorus|Flying\n|move|p1a: Gliscor|Protect|p1a: Gliscor\n|-singleturn|p1a: Gliscor|Protect\n|move|p2b: Landorus|Rock Slide|p1a: Gliscor|[spread] p1b\n|-activate|p1a: Gliscor|move: Protect\n|-supereffective|p1b: Pelipper\n|-damage|p1b: Pelipper|66\/100\n|move|p2a: Tinkaton|Thunder Wave|p1b: Pelipper\n|-status|p1b: Pelipper|par\n|cant|p1b: Pelipper|flinch\n|\n|-weather|RainDance|[upkeep]\n|-status|p1a: Gliscor|tox|[from] item: Toxic Orb\n|upkeep\n|turn|2\n|\n|t:|1699381037\n|switch|p1b: Glimmora|Glimmora, F|100\/100\n|move|p2b: Landorus|Rock Slide|p1a: Gliscor|[spread] p1a,p1b\n|-damage|p1a: Gliscor|88\/100 tox\n|-damage|p1b: Glimmora|76\/100\n|-activate|p1b: Glimmora|ability: Toxic Debris\n|-sidestart|p2: andergamert|move: Toxic Spikes\n|move|p2a: Tinkaton|Gigaton Hammer|p1b: Glimmora\n|-supereffective|p1b: Glimmora\n|-damage|p1b: Glimmora|0 fnt\n|-activate|p1b: Glimmora|ability: Toxic Debris\n|-sidestart|p2: andergamert|move: Toxic Spikes\n|faint|p1b: Glimmora\n|cant|p1a: Gliscor|flinch\n|\n|-weather|RainDance|[upkeep]\n|-heal|p1a: Gliscor|100\/100 tox|[from] ability: Poison Heal\n|upkeep\n|\n|t:|1699381053\n|switch|p1b: Vikavolt|Vikavolt, F, shiny|100\/100\n|turn|3\n|\n|t:|1699381068\n|-terastallize|p1b: Vikavolt|Electric\n|move|p2b: Landorus|Rock Slide|p1a: Gliscor|[spread] p1a,p1b\n|-damage|p1a: Gliscor|87\/100 tox\n|-damage|p1b: Vikavolt|80\/100\n|move|p2a: Tinkaton|Stealth Rock|p1a: Gliscor\n|-sidestart|p1: tailsBOOM1992|move: Stealth Rock\n|move|p1a: Gliscor|Tailwind|p1a: Gliscor\n|-sidestart|p1: tailsBOOM1992|move: Tailwind\n|move|p1b: Vikavolt|Energy Ball|p2b: Landorus\n|-resisted|p2b: Landorus\n|-damage|p2b: Landorus|76\/100\n|\n|-weather|RainDance|[upkeep]\n|-heal|p1a: Gliscor|99\/100 tox|[from] ability: Poison Heal\n|upkeep\n|turn|4\n|inactive|andergamert has 120 seconds left.\n|inactive|andergamert has 90 seconds left.\n|\n|t:|1699381135\n|switch|p2b: Sinistcha|Sinistcha|100\/100\n|-status|p2b: Sinistcha|tox\n|move|p1a: Gliscor|Spikes|p2b: Sinistcha\n|-sidestart|p2: andergamert|Spikes\n|move|p2a: Tinkaton|Gigaton Hammer|p1b: Vikavolt\n|-resisted|p1b: Vikavolt\n|-damage|p1b: Vikavolt|48\/100\n|move|p1b: Vikavolt|Discharge|p2a: Tinkaton|[spread] p2a,p2b\n|-immune|p1a: Gliscor\n|-resisted|p2b: Sinistcha\n|-damage|p2a: Tinkaton|50\/100\n|-damage|p2b: Sinistcha|69\/100 tox\n|-status|p2a: Tinkaton|par\n|-enditem|p2a: Tinkaton|Air Balloon\n|\n|-weather|RainDance|[upkeep]\n|-heal|p1a: Gliscor|100\/100 tox|[from] ability: Poison Heal\n|-damage|p2b: Sinistcha|63\/100 tox|[from] psn\n|upkeep\n|turn|5\n|inactive|andergamert has 90 seconds left.\n|inactive|tailsBOOM1992 has 120 seconds left.\n|\n|t:|1699381171\n|switch|p2a: Great Tusk|Great Tusk|100\/100\n|-status|p2a: Great Tusk|tox\n|-damage|p2a: Great Tusk|88\/100 tox|[from] Spikes\n|-enditem|p2a: Great Tusk|Booster Energy\n|-activate|p2a: Great Tusk|ability: Protosynthesis|[fromitem]\n|-start|p2a: Great Tusk|protosynthesisspe\n|move|p1a: Gliscor|Earthquake|p2b: Sinistcha|[spread] p2a,p2b\n|-immune|p1b: Vikavolt|[from] ability: Levitate\n|-resisted|p2b: Sinistcha\n|-damage|p2a: Great Tusk|78\/100 tox\n|-damage|p2b: Sinistcha|57\/100 tox\n|move|p1b: Vikavolt|Thunder|p2b: Sinistcha\n|-resisted|p2b: Sinistcha\n|-damage|p2b: Sinistcha|3\/100 tox\n|move|p2b: Sinistcha|Strength Sap|p1a: Gliscor\n|-unboost|p1a: Gliscor|atk|1\n|-heal|p2b: Sinistcha|46\/100 tox\n|\n|-weather|RainDance|[upkeep]\n|-damage|p2a: Great Tusk|72\/100 tox|[from] psn\n|-damage|p2b: Sinistcha|34\/100 tox|[from] psn\n|upkeep\n|turn|6\n|inactive|tailsBOOM1992 has 120 seconds left.\n|\n|t:|1699381197\n|move|p1a: Gliscor|Earthquake|p2a: Great Tusk|[spread] p2a,p2b\n|-immune|p1b: Vikavolt|[from] ability: Levitate\n|-resisted|p2b: Sinistcha\n|-damage|p2a: Great Tusk|64\/100 tox\n|-damage|p2b: Sinistcha|29\/100 tox\n|move|p2a: Great Tusk|Rapid Spin|p1a: Gliscor\n|-damage|p1a: Gliscor|92\/100 tox\n|-boost|p2a: Great Tusk|spe|1\n|-sideend|p2: andergamert|Spikes|[from] move: Rapid Spin|[of] p2a: Great Tusk\n|-sideend|p2: andergamert|Toxic Spikes|[from] move: Rapid Spin|[of] p2a: Great Tusk\n|move|p1b: Vikavolt|Discharge|p2b: Sinistcha|[spread] p2b\n|-immune|p1a: Gliscor\n|-immune|p2a: Great Tusk\n|-resisted|p2b: Sinistcha\n|-damage|p2b: Sinistcha|0 fnt\n|faint|p2b: Sinistcha\n|\n|-weather|RainDance|[upkeep]\n|-damage|p2a: Great Tusk|51\/100 tox|[from] psn\n|-heal|p1a: Gliscor|100\/100 tox|[from] ability: Poison Heal\n|-sideend|p1: tailsBOOM1992|move: Tailwind\n|upkeep\n|inactive|andergamert has 90 seconds left.\n|\n|t:|1699381218\n|switch|p2b: Dragonite|Dragonite, M|100\/100\n|turn|7\n|\n|t:|1699381231\n|move|p2a: Great Tusk|Headlong Rush|p1b: Vikavolt\n|-immune|p1b: Vikavolt|[from] ability: Levitate\n|move|p2b: Dragonite|Dragon Dance|p2b: Dragonite\n|-boost|p2b: Dragonite|atk|1\n|-boost|p2b: Dragonite|spe|1\n|move|p1a: Gliscor|Spikes|p2b: Dragonite\n|-sidestart|p2: andergamert|Spikes\n|move|p1b: Vikavolt|Thunder|p2b: Dragonite\n|-damage|p2b: Dragonite|54\/100\n|\n|-weather|RainDance|[upkeep]\n|-damage|p2a: Great Tusk|33\/100 tox|[from] psn\n|upkeep\n|turn|8\n|\n|t:|1699381250\n|switch|p1b: Flutter Mane|Flutter Mane|100\/100\n|-damage|p1b: Flutter Mane|88\/100|[from] Stealth Rock\n|-enditem|p1b: Flutter Mane|Booster Energy\n|-activate|p1b: Flutter Mane|ability: Protosynthesis|[fromitem]\n|-start|p1b: Flutter Mane|protosynthesisspe\n|move|p2b: Dragonite|Extreme Speed|p1b: Flutter Mane\n|-immune|p1b: Flutter Mane\n|move|p2a: Great Tusk|Rapid Spin|p1a: Gliscor\n|-damage|p1a: Gliscor|92\/100 tox\n|-boost|p2a: Great Tusk|spe|1\n|-sideend|p2: andergamert|Spikes|[from] move: Rapid Spin|[of] p2a: Great Tusk\n|move|p1a: Gliscor|Spikes|p2b: Dragonite\n|-sidestart|p2: andergamert|Spikes\n|\n|-weather|none\n|-damage|p2a: Great Tusk|8\/100 tox|[from] psn\n|-heal|p1a: Gliscor|100\/100 tox|[from] ability: Poison Heal\n|upkeep\n|turn|9\n|inactive|andergamert has 120 seconds left.\n|\n|t:|1699381277\n|move|p2a: Great Tusk|Rapid Spin|p1a: Gliscor\n|-damage|p1a: Gliscor|91\/100 tox\n|-boost|p2a: Great Tusk|spe|1\n|-sideend|p2: andergamert|Spikes|[from] move: Rapid Spin|[of] p2a: Great Tusk\n|move|p1b: Flutter Mane|Dazzling Gleam|p2b: Dragonite|[spread] p2a,p2b\n|-supereffective|p2a: Great Tusk\n|-supereffective|p2b: Dragonite\n|-damage|p2a: Great Tusk|0 fnt\n|-damage|p2b: Dragonite|0 fnt\n|faint|p2a: Great Tusk\n|-end|p2a: Great Tusk|Protosynthesis|[silent]\n|faint|p2b: Dragonite\n|move|p1a: Gliscor|Spikes|p2: Great Tusk\n|-sidestart|p2: andergamert|Spikes\n|\n|-heal|p1a: Gliscor|100\/100 tox|[from] ability: Poison Heal\n|upkeep\n|\n|t:|1699381288\n|switch|p2a: Iron Moth|Iron Moth|100\/100\n|switch|p2b: Landorus|Landorus-Therian, M, tera:Flying|76\/100\n|-ability|p2b: Landorus|Intimidate|boost\n|-unboost|p1a: Gliscor|atk|1\n|-unboost|p1b: Flutter Mane|atk|1\n|-damage|p2a: Iron Moth|88\/100|[from] Spikes\n|-enditem|p2a: Iron Moth|Booster Energy\n|-activate|p2a: Iron Moth|ability: Quark Drive|[fromitem]\n|-start|p2a: Iron Moth|quarkdrivespe\n|turn|10\n|\n|t:|1699381302\n|-end|p1b: Flutter Mane|Protosynthesis|[silent]\n|switch|p1b: Pelipper|Pelipper, F|66\/100 par\n|-damage|p1b: Pelipper|41\/100 par|[from] Stealth Rock\n|-weather|RainDance|[from] ability: Drizzle|[of] p1b: Pelipper\n|move|p2a: Iron Moth|Sludge Wave|p1b: Pelipper|[spread] p2b,p1a,p1b\n|-resisted|p1a: Gliscor\n|-damage|p2b: Landorus|21\/100\n|-damage|p1a: Gliscor|78\/100 tox\n|-damage|p1b: Pelipper|0 fnt\n|faint|p1b: Pelipper\n|move|p2b: Landorus|Tera Blast|p1a: Gliscor|[anim] Tera Blast Flying\n|-damage|p1a: Gliscor|40\/100 tox\n|move|p1a: Gliscor|Tailwind|p1a: Gliscor\n|-sidestart|p1: tailsBOOM1992|move: Tailwind\n|\n|-weather|RainDance|[upkeep]\n|-heal|p1a: Gliscor|53\/100 tox|[from] ability: Poison Heal\n|upkeep\n|\n|t:|1699381316\n|switch|p1b: Vikavolt|Vikavolt, F, shiny, tera:Electric|48\/100\n|-damage|p1b: Vikavolt|36\/100|[from] Stealth Rock\n|turn|11\n|\n|t:|1699381329\n|switch|p2b: Tinkaton|Tinkaton, F|50\/100 par\n|-damage|p2b: Tinkaton|37\/100 par|[from] Spikes\n|move|p2a: Iron Moth|Sludge Wave|p1b: Vikavolt|[spread] p1a,p1b\n|-immune|p2b: Tinkaton\n|-resisted|p1a: Gliscor\n|-damage|p1a: Gliscor|30\/100 tox\n|-damage|p1b: Vikavolt|6\/100\n|move|p1a: Gliscor|Spikes|p2b: Tinkaton\n|-sidestart|p2: andergamert|Spikes\n|move|p1b: Vikavolt|Discharge|p2b: Tinkaton|[spread] p2a,p2b\n|-immune|p1a: Gliscor\n|-damage|p2a: Iron Moth|36\/100\n|-damage|p2b: Tinkaton|0 fnt\n|faint|p2b: Tinkaton\n|\n|-weather|RainDance|[upkeep]\n|-heal|p1a: Gliscor|42\/100 tox|[from] ability: Poison Heal\n|upkeep\n|\n|t:|1699381333\n|switch|p2b: Landorus|Landorus-Therian, M, tera:Flying|21\/100\n|-ability|p2b: Landorus|Intimidate|boost\n|-unboost|p1a: Gliscor|atk|1\n|-unboost|p1b: Vikavolt|atk|1\n|turn|12\n|\n|t:|1699381353\n|switch|p1a: Sinistcha|Sinistcha-Masterpiece|100\/100\n|-damage|p1a: Sinistcha|88\/100|[from] Stealth Rock\n|-heal|p1b: Vikavolt|31\/100|[from] ability: Hospitality|[of] p1a: Sinistcha\n|move|p2a: Iron Moth|Sludge Wave|p1b: Vikavolt|[spread] p2b,p1a,p1b\n|-damage|p2b: Landorus|0 fnt\n|-damage|p1a: Sinistcha|51\/100\n|-damage|p1b: Vikavolt|0 fnt\n|faint|p2b: Landorus\n|faint|p1b: Vikavolt\n|\n|-weather|RainDance|[upkeep]\n|-heal|p1a: Sinistcha|57\/100|[from] item: Leftovers\n|upkeep\n|\n|t:|1699381365\n|switch|p1b: Gliscor|Gliscor, F, shiny|42\/100 tox\n|-damage|p1b: Gliscor|30\/100 tox|[from] Stealth Rock\n|turn|13\n|\n|t:|1699381385\n|move|p1b: Gliscor|Protect|p1b: Gliscor\n|-singleturn|p1b: Gliscor|Protect\n|move|p2a: Iron Moth|Sludge Wave|p1a: Sinistcha|[spread] p1a\n|-activate|p1b: Gliscor|move: Protect\n|-damage|p1a: Sinistcha|20\/100\n|move|p1a: Sinistcha|Life Dew|p1a: Sinistcha|[spread] p1a,p1b\n|-heal|p1a: Sinistcha|45\/100\n|-heal|p1b: Gliscor|55\/100 tox\n|\n|-weather|RainDance|[upkeep]\n|-heal|p1a: Sinistcha|51\/100|[from] item: Leftovers\n|-heal|p1b: Gliscor|67\/100 tox|[from] ability: Poison Heal\n|-sideend|p1: tailsBOOM1992|move: Tailwind\n|upkeep\n|turn|14\n|\n|t:|1699381406\n|move|p1a: Sinistcha|Rage Powder|p1a: Sinistcha\n|-singleturn|p1a: Sinistcha|move: Rage Powder\n|move|p2a: Iron Moth|Fiery Dance|p1a: Sinistcha\n|-supereffective|p1a: Sinistcha\n|-damage|p1a: Sinistcha|11\/100\n|move|p1b: Gliscor|Earthquake|p2a: Iron Moth|[spread] p1a,p2a\n|-resisted|p1a: Sinistcha\n|-supereffective|p2a: Iron Moth\n|-damage|p1a: Sinistcha|0 fnt\n|-damage|p2a: Iron Moth|0 fnt\n|faint|p1a: Sinistcha\n|faint|p2a: Iron Moth\n|-end|p2a: Iron Moth|Quark Drive|[silent]\n|\n|win|tailsBOOM1992\n|raw|tailsBOOM1992's rating: 1102 &rarr; <strong>1129<\/strong><br \/>(+27 for winning)\n|raw|andergamert's rating: 1133 &rarr; <strong>1106<\/strong><br \/>(-27 for losing)\n|c|\u2606tailsBOOM1992|gg\n","uploadtime":1699381430,"views":8,"p1id":"tailsboom1992","p2id":"andergamert","formatid":"gen9doublesou","rating":1106,"private":0,"password":""}