{"id":"gen9doublesou-1982046541","p1":"Rexluser","p2":"ChowDonThis","format":"[Gen 9] Doubles OU","log":"|j|\u2606Rexluser\n|j|\u2606ChowDonThis\n|t:|1698962587\n|gametype|doubles\n|player|p1|Rexluser|2|1384\n|player|p2|ChowDonThis|hilda|1570\n|teamsize|p1|6\n|teamsize|p2|6\n|gen|9\n|tier|[Gen 9] Doubles OU\n|rated|\n|rule|Species Clause: Limit one of each Pok\u00e9mon\n|rule|OHKO Clause: OHKO moves are banned\n|rule|Evasion Moves Clause: Evasion moves are banned\n|rule|Gravity Sleep Clause: The combination of sleep-inducing moves with imperfect accuracy and Gravity or Gigantamax Orbeetle are banned\n|rule|Endless Battle Clause: Forcing endless battles is banned\n|rule|HP Percentage Mod: HP is shown in percentages\n|clearpoke\n|poke|p1|Chien-Pao|\n|poke|p1|Basculegion-F, F|\n|poke|p1|Goodra-Hisui, F|\n|poke|p1|Iron Hands|\n|poke|p1|Ogerpon-Hearthflame, F|\n|poke|p1|Tornadus, M|\n|poke|p2|Ogerpon-Cornerstone, F|\n|poke|p2|Arcanine-Hisui, M|\n|poke|p2|Poliwrath, M|\n|poke|p2|Pelipper, M|\n|poke|p2|Sinistcha|\n|poke|p2|Iron Bundle|\n|teampreview\n|inactive|Battle timer is ON: inactive players will automatically lose when time's up. (requested by Rexluser)\n|\n|t:|1698962610\n|start\n|switch|p1a: Tornadus|Tornadus, M|100\/100\n|switch|p1b: Chien-Pao|Chien-Pao|100\/100\n|switch|p2a: IMMA PUNCH YOU|Poliwrath, M|100\/100\n|switch|p2b: SO CUTE!!!|Ogerpon-Cornerstone, F|100\/100\n|-ability|p1b: Chien-Pao|Sword of Ruin\n|turn|1\n|\n|t:|1698962639\n|move|p1b: Chien-Pao|Lash Out|p2b: SO CUTE!!!\n|-ability|p2b: SO CUTE!!!|Sturdy\n|-damage|p2b: SO CUTE!!!|1\/100\n|move|p1a: Tornadus|Bleakwind Storm|p2b: SO CUTE!!!|[spread] p2a,p2b\n|-supereffective|p2a: IMMA PUNCH YOU\n|-damage|p2a: IMMA PUNCH YOU|14\/100\n|-damage|p2b: SO CUTE!!!|0 fnt\n|faint|p2b: SO CUTE!!!\n|move|p2a: IMMA PUNCH YOU|Drain Punch|p1b: Chien-Pao\n|-supereffective|p1b: Chien-Pao\n|-damage|p1b: Chien-Pao|0 fnt\n|-heal|p2a: IMMA PUNCH YOU|61\/100|[from] drain|[of] p1b: Chien-Pao\n|faint|p1b: Chien-Pao\n|\n|upkeep\n|\n|t:|1698962661\n|switch|p1b: Ogerpon|Ogerpon-Hearthflame, F|100\/100\n|switch|p2b: Tea Time|Sinistcha|100\/100\n|-ability|p1b: Ogerpon|Mold Breaker\n|-heal|p2a: IMMA PUNCH YOU|86\/100|[from] ability: Hospitality|[of] p2b: Tea Time\n|turn|2\n|\n|t:|1698962676\n|switch|p2b: MINE MINE MINE!!!|Pelipper, M|100\/100\n|-weather|RainDance|[from] ability: Drizzle|[of] p2b: MINE MINE MINE!!!\n|-terastallize|p2a: IMMA PUNCH YOU|Steel\n|move|p2a: IMMA PUNCH YOU|Liquidation|p1b: Ogerpon\n|-damage|p1b: Ogerpon|34\/100\n|-unboost|p1b: Ogerpon|def|1\n|move|p1a: Tornadus|Bleakwind Storm|p2b: MINE MINE MINE!!!|[spread] p2a,p2b\n|-resisted|p2a: IMMA PUNCH YOU\n|-damage|p2a: IMMA PUNCH YOU|65\/100\n|-damage|p2b: MINE MINE MINE!!!|44\/100\n|-unboost|p2b: MINE MINE MINE!!!|spe|1\n|move|p1b: Ogerpon|Horn Leech|p2a: IMMA PUNCH YOU\n|-resisted|p2a: IMMA PUNCH YOU\n|-damage|p2a: IMMA PUNCH YOU|39\/100\n|-heal|p1b: Ogerpon|46\/100|[from] drain|[of] p2a: IMMA PUNCH YOU\n|\n|-weather|RainDance|[upkeep]\n|upkeep\n|turn|3\n|\n|t:|1698962695\n|move|p1b: Ogerpon|Spiky Shield|p1b: Ogerpon\n|-singleturn|p1b: Ogerpon|move: Protect\n|move|p2b: MINE MINE MINE!!!|Wide Guard|p2b: MINE MINE MINE!!!\n|-singleturn|p2b: MINE MINE MINE!!!|Wide Guard\n|move|p1a: Tornadus|Tailwind|p1a: Tornadus\n|-sidestart|p1: Rexluser|move: Tailwind\n|move|p2a: IMMA PUNCH YOU|Liquidation|p1b: Ogerpon\n|-activate|p1b: Ogerpon|move: Protect\n|-damage|p2a: IMMA PUNCH YOU|27\/100|[from] Spiky Shield|[of] p1b: Ogerpon\n|\n|-weather|RainDance|[upkeep]\n|upkeep\n|turn|4\n|\n|t:|1698962712\n|switch|p2b: Tea Time|Sinistcha|100\/100\n|-heal|p2a: IMMA PUNCH YOU|52\/100|[from] ability: Hospitality|[of] p2b: Tea Time\n|move|p2a: IMMA PUNCH YOU|Protect|p2a: IMMA PUNCH YOU\n|-singleturn|p2a: IMMA PUNCH YOU|Protect\n|move|p1a: Tornadus|Bleakwind Storm|p2b: Tea Time|[spread] p2b\n|-activate|p2a: IMMA PUNCH YOU|move: Protect\n|-supereffective|p2b: Tea Time\n|-damage|p2b: Tea Time|32\/100\n|move|p1b: Ogerpon|Horn Leech|p2b: Tea Time\n|-resisted|p2b: Tea Time\n|-damage|p2b: Tea Time|12\/100\n|-heal|p1b: Ogerpon|57\/100|[from] drain|[of] p2b: Tea Time\n|\n|-weather|RainDance|[upkeep]\n|upkeep\n|turn|5\n|\n|t:|1698962735\n|move|p1a: Tornadus|Bleakwind Storm|p2b: Tea Time|[spread] p2a,p2b\n|-resisted|p2a: IMMA PUNCH YOU\n|-supereffective|p2b: Tea Time\n|-damage|p2a: IMMA PUNCH YOU|30\/100\n|-damage|p2b: Tea Time|0 fnt\n|faint|p2b: Tea Time\n|move|p1b: Ogerpon|U-turn|p2a: IMMA PUNCH YOU\n|-resisted|p2a: IMMA PUNCH YOU\n|-damage|p2a: IMMA PUNCH YOU|13\/100\n|\n|t:|1698962743\n|switch|p1b: Goodra|Goodra-Hisui, F|100\/100|[from] U-turn\n|move|p2a: IMMA PUNCH YOU|Drain Punch|p1b: Goodra\n|-supereffective|p1b: Goodra\n|-damage|p1b: Goodra|46\/100\n|-heal|p2a: IMMA PUNCH YOU|44\/100|[from] drain|[of] p1b: Goodra\n|\n|-weather|RainDance|[upkeep]\n|-heal|p1b: Goodra|52\/100|[from] item: Leftovers\n|upkeep\n|\n|t:|1698962752\n|switch|p2b: Robot Santa|Iron Bundle|100\/100\n|-enditem|p2b: Robot Santa|Booster Energy\n|-activate|p2b: Robot Santa|ability: Quark Drive|[fromitem]\n|-start|p2b: Robot Santa|quarkdrivespe\n|turn|6\n|inactive|Rexluser has 120 seconds left.\n|\n|t:|1698962801\n|move|p1a: Tornadus|Bleakwind Storm|p2a: IMMA PUNCH YOU|[spread] p2a,p2b\n|-resisted|p2a: IMMA PUNCH YOU\n|-damage|p2a: IMMA PUNCH YOU|22\/100\n|-damage|p2b: Robot Santa|23\/100\n|-unboost|p2b: Robot Santa|spe|1\n|move|p2a: IMMA PUNCH YOU|Drain Punch|p1b: Goodra\n|-supereffective|p1b: Goodra\n|-damage|p1b: Goodra|0 fnt\n|-heal|p2a: IMMA PUNCH YOU|50\/100|[from] drain|[of] p1b: Goodra\n|faint|p1b: Goodra\n|move|p2b: Robot Santa|Freeze-Dry|p1a: Tornadus\n|-supereffective|p1a: Tornadus\n|-damage|p1a: Tornadus|4\/100\n|\n|-weather|none\n|-sideend|p1: Rexluser|move: Tailwind\n|upkeep\n|\n|t:|1698962809\n|switch|p1b: Iron Hands|Iron Hands|100\/100\n|turn|7\n|inactive|Rexluser has 120 seconds left.\n|\n|t:|1698962826\n|move|p1b: Iron Hands|Fake Out|p2b: Robot Santa\n|-damage|p2b: Robot Santa|8\/100\n|move|p1a: Tornadus|Tailwind|p1a: Tornadus\n|-sidestart|p1: Rexluser|move: Tailwind\n|cant|p2b: Robot Santa|flinch\n|move|p2a: IMMA PUNCH YOU|Liquidation|p1b: Iron Hands\n|-damage|p1b: Iron Hands|78\/100\n|\n|upkeep\n|turn|8\n|\n|t:|1698962839\n|move|p1a: Tornadus|Bleakwind Storm|p2b: Robot Santa|[spread] p2a,p2b\n|-resisted|p2a: IMMA PUNCH YOU\n|-damage|p2a: IMMA PUNCH YOU|27\/100\n|-damage|p2b: Robot Santa|0 fnt\n|faint|p2b: Robot Santa\n|-end|p2b: Robot Santa|Quark Drive|[silent]\n|move|p1b: Iron Hands|Drain Punch|p2a: IMMA PUNCH YOU\n|-supereffective|p2a: IMMA PUNCH YOU\n|-damage|p2a: IMMA PUNCH YOU|0 fnt\n|-heal|p1b: Iron Hands|87\/100|[from] drain|[of] p2a: IMMA PUNCH YOU\n|faint|p2a: IMMA PUNCH YOU\n|\n|upkeep\n|-message|ChowDonThis forfeited.\n|\n|win|Rexluser\n|raw|Rexluser's rating: 1384 &rarr; <strong>1414<\/strong><br \/>(+30 for winning)\n|raw|ChowDonThis's rating: 1570 &rarr; <strong>1540<\/strong><br \/>(-30 for losing)\n|l|\u2606ChowDonThis\n","uploadtime":1698962847,"views":12,"p1id":"rexluser","p2id":"chowdonthis","formatid":"gen9doublesou","rating":1414,"private":0,"password":""}