{"id":"gen9doublesou-1989101322","p1":"Championjolteons","p2":"Kevin Dickey12","format":"[Gen 9] Doubles OU","log":"|j|\u2606Championjolteons\n|j|\u2606Kevin Dickey12\n|t:|1699812299\n|gametype|doubles\n|player|p1|Championjolteons|acetrainerf|\n|player|p2|Kevin Dickey12|rosa|\n|teamsize|p1|6\n|teamsize|p2|6\n|gen|9\n|tier|[Gen 9] Doubles OU\n|rule|Species Clause: Limit one of each Pok\u00e9mon\n|rule|OHKO Clause: OHKO moves are banned\n|rule|Evasion Moves Clause: Evasion moves are banned\n|rule|Gravity Sleep Clause: The combination of sleep-inducing moves with imperfect accuracy and Gravity or Gigantamax Orbeetle are banned\n|rule|Endless Battle Clause: Forcing endless battles is banned\n|rule|HP Percentage Mod: HP is shown in percentages\n|clearpoke\n|poke|p1|Cresselia, F|\n|poke|p1|Gyarados, F|\n|poke|p1|Krookodile, F|\n|poke|p1|Iron Jugulis|\n|poke|p1|Typhlosion-Hisui, M|\n|poke|p1|Lucario, F|\n|poke|p2|Walking Wake|\n|poke|p2|Maushold-Four|\n|poke|p2|Hippowdon, F|\n|poke|p2|Bronzong|\n|poke|p2|Ninetales, M|\n|poke|p2|Enamorus, F|\n|teampreview\n|\n|t:|1699812307\n|start\n|switch|p1a: Cresselia|Cresselia, F, shiny|100\/100\n|switch|p1b: Gyarados|Gyarados, F, shiny|100\/100\n|switch|p2a: HereComesTheSun \ud83c\udf1e|Ninetales, M, shiny|100\/100\n|switch|p2b: Suicune Who?|Walking Wake|100\/100\n|-weather|SunnyDay|[from] ability: Drought|[of] p2a: HereComesTheSun \ud83c\udf1e\n|-activate|p2b: Suicune Who?|ability: Protosynthesis\n|-start|p2b: Suicune Who?|protosynthesisspe\n|turn|1\n|j| Redzone92\n|\n|t:|1699812354\n|-terastallize|p2a: HereComesTheSun \ud83c\udf1e|Fire\n|-terastallize|p1b: Gyarados|Dragon\n|move|p2b: Suicune Who?|Hydro Steam|p1a: Cresselia\n|-damage|p1a: Cresselia|39\/100\n|move|p2a: HereComesTheSun \ud83c\udf1e|Heat Wave|p1b: Gyarados|[spread] p1a,p1b\n|-resisted|p1b: Gyarados\n|-crit|p1b: Gyarados\n|-damage|p1a: Cresselia|1\/100\n|-damage|p1b: Gyarados|61\/100\n|-status|p1a: Cresselia|brn\n|-status|p1b: Gyarados|brn\n|move|p1b: Gyarados|Scale Shot|p2b: Suicune Who?\n|-supereffective|p2b: Suicune Who?\n|-damage|p2b: Suicune Who?|86\/100\n|-supereffective|p2b: Suicune Who?\n|-damage|p2b: Suicune Who?|70\/100\n|-supereffective|p2b: Suicune Who?\n|-damage|p2b: Suicune Who?|54\/100\n|-supereffective|p2b: Suicune Who?\n|-damage|p2b: Suicune Who?|39\/100\n|-supereffective|p2b: Suicune Who?\n|-damage|p2b: Suicune Who?|23\/100\n|-hitcount|p2b: Suicune Who?|5\n|-unboost|p1b: Gyarados|def|1\n|-boost|p1b: Gyarados|spe|1\n|move|p1a: Cresselia|Thunder Wave|p2b: Suicune Who?\n|-status|p2b: Suicune Who?|par\n|\n|-weather|SunnyDay|[upkeep]\n|-heal|p1a: Cresselia|7\/100 brn|[from] item: Leftovers\n|-damage|p1b: Gyarados|55\/100 brn|[from] brn\n|-damage|p1a: Cresselia|1\/100 brn|[from] brn\n|upkeep\n|turn|2\n|j| GoDDanteX\n|\n|t:|1699812435\n|switch|p2a: PinkGenieThing|Enamorus, F, shiny|100\/100\n|move|p1b: Gyarados|Scale Shot|p2b: Suicune Who?\n|-supereffective|p2b: Suicune Who?\n|-damage|p2b: Suicune Who?|9\/100 par\n|-supereffective|p2b: Suicune Who?\n|-crit|p2b: Suicune Who?\n|-damage|p2b: Suicune Who?|0 fnt\n|faint|p2b: Suicune Who?\n|-end|p2b: Suicune Who?|Protosynthesis|[silent]\n|-ability|p1b: Gyarados|Moxie|boost\n|-boost|p1b: Gyarados|atk|1\n|-hitcount|p2: Suicune Who?|2\n|-unboost|p1b: Gyarados|def|1\n|-boost|p1b: Gyarados|spe|1\n|move|p1a: Cresselia|Thunder Wave|p2a: PinkGenieThing\n|-status|p2a: PinkGenieThing|par\n|\n|-weather|SunnyDay|[upkeep]\n|-heal|p1a: Cresselia|7\/100 brn|[from] item: Leftovers\n|-damage|p1b: Gyarados|49\/100 brn|[from] brn\n|-damage|p1a: Cresselia|1\/100 brn|[from] brn\n|upkeep\n|\n|t:|1699812465\n|switch|p2b: Taco Bell \ud83d\udd14 \ud83c\udf2e \ud83c\udf2f|Bronzong, shiny|100\/100\n|turn|3\n|\n|t:|1699812478\n|move|p1b: Gyarados|Crunch|p2b: Taco Bell \ud83d\udd14 \ud83c\udf2e \ud83c\udf2f\n|-supereffective|p2b: Taco Bell \ud83d\udd14 \ud83c\udf2e \ud83c\udf2f\n|-damage|p2b: Taco Bell \ud83d\udd14 \ud83c\udf2e \ud83c\udf2f|65\/100\n|move|p1a: Cresselia|Icy Wind|p2b: Taco Bell \ud83d\udd14 \ud83c\udf2e \ud83c\udf2f|[spread] p2a,p2b\n|-supereffective|p2a: PinkGenieThing\n|-resisted|p2b: Taco Bell \ud83d\udd14 \ud83c\udf2e \ud83c\udf2f\n|-damage|p2a: PinkGenieThing|78\/100 par\n|-damage|p2b: Taco Bell \ud83d\udd14 \ud83c\udf2e \ud83c\udf2f|62\/100\n|-boost|p2a: PinkGenieThing|spe|1\n|-unboost|p2b: Taco Bell \ud83d\udd14 \ud83c\udf2e \ud83c\udf2f|spe|1\n|cant|p2a: PinkGenieThing|par\n|move|p2b: Taco Bell \ud83d\udd14 \ud83c\udf2e \ud83c\udf2f|Reflect|p2b: Taco Bell \ud83d\udd14 \ud83c\udf2e \ud83c\udf2f\n|-sidestart|p2: Kevin Dickey12|Reflect\n|\n|-weather|SunnyDay|[upkeep]\n|-heal|p1a: Cresselia|7\/100 brn|[from] item: Leftovers\n|-damage|p1b: Gyarados|42\/100 brn|[from] brn\n|-damage|p1a: Cresselia|1\/100 brn|[from] brn\n|-status|p2b: Taco Bell \ud83d\udd14 \ud83c\udf2e \ud83c\udf2f|brn|[from] item: Flame Orb\n|upkeep\n|turn|4\n|\n|t:|1699812505\n|move|p1b: Gyarados|Crunch|p2b: Taco Bell \ud83d\udd14 \ud83c\udf2e \ud83c\udf2f\n|-supereffective|p2b: Taco Bell \ud83d\udd14 \ud83c\udf2e \ud83c\udf2f\n|-crit|p2b: Taco Bell \ud83d\udd14 \ud83c\udf2e \ud83c\udf2f\n|-damage|p2b: Taco Bell \ud83d\udd14 \ud83c\udf2e \ud83c\udf2f|9\/100 brn\n|-unboost|p2b: Taco Bell \ud83d\udd14 \ud83c\udf2e \ud83c\udf2f|def|1\n|move|p2a: PinkGenieThing|Dazzling Gleam|p1b: Gyarados|[spread] p1a,p1b\n|-supereffective|p1b: Gyarados\n|-damage|p1a: Cresselia|0 fnt\n|-damage|p1b: Gyarados|0 fnt\n|faint|p1a: Cresselia\n|faint|p1b: Gyarados\n|move|p2b: Taco Bell \ud83d\udd14 \ud83c\udf2e \ud83c\udf2f|Psychic|p1: Cresselia|[notarget]\n|-fail|p2b: Taco Bell \ud83d\udd14 \ud83c\udf2e \ud83c\udf2f\n|\n|-weather|SunnyDay|[upkeep]\n|-damage|p2b: Taco Bell \ud83d\udd14 \ud83c\udf2e \ud83c\udf2f|3\/100 brn|[from] brn\n|upkeep\n|\n|t:|1699812524\n|switch|p1b: Lucario|Lucario, F, shiny|100\/100\n|switch|p1a: Shades|Krookodile, F|100\/100\n|-item|p1b: Lucario|Air Balloon\n|turn|5\n|\n|t:|1699812537\n|move|p1b: Lucario|Bullet Punch|p2a: PinkGenieThing\n|-supereffective|p2a: PinkGenieThing\n|-damage|p2a: PinkGenieThing|32\/100 par\n|move|p1a: Shades|Rock Slide|p2b: Taco Bell \ud83d\udd14 \ud83c\udf2e \ud83c\udf2f|[spread] p2a,p2b\n|-supereffective|p2a: PinkGenieThing\n|-resisted|p2b: Taco Bell \ud83d\udd14 \ud83c\udf2e \ud83c\udf2f\n|-damage|p2a: PinkGenieThing|0 fnt\n|-damage|p2b: Taco Bell \ud83d\udd14 \ud83c\udf2e \ud83c\udf2f|0 fnt\n|faint|p2a: PinkGenieThing\n|faint|p2b: Taco Bell \ud83d\udd14 \ud83c\udf2e \ud83c\udf2f\n|-ability|p1a: Shades|Moxie|boost\n|-boost|p1a: Shades|atk|2\n|\n|-weather|none\n|upkeep\n|\n|t:|1699812576\n|switch|p2a: MotoMotoLikesYou|Hippowdon, F, shiny|100\/100\n|switch|p2b: HereComesTheSun \ud83c\udf1e|Ninetales, M, shiny, tera:Fire|100\/100\n|-weather|SunnyDay|[from] ability: Drought|[of] p2b: HereComesTheSun \ud83c\udf1e\n|turn|6\n|\n|t:|1699812604\n|switch|p1b: Tri beam Dragon|Iron Jugulis|100\/100\n|-enditem|p1b: Tri beam Dragon|Booster Energy\n|-activate|p1b: Tri beam Dragon|ability: Quark Drive|[fromitem]\n|-start|p1b: Tri beam Dragon|quarkdrivespe\n|move|p1a: Shades|Rock Slide|p2a: MotoMotoLikesYou|[spread] p2a,p2b\n|-resisted|p2a: MotoMotoLikesYou\n|-supereffective|p2b: HereComesTheSun \ud83c\udf1e\n|-damage|p2a: MotoMotoLikesYou|93\/100\n|-damage|p2b: HereComesTheSun \ud83c\udf1e|33\/100\n|move|p2b: HereComesTheSun \ud83c\udf1e|Heat Wave|p1b: Tri beam Dragon|[spread] p1a,p1b\n|-damage|p1a: Shades|26\/100\n|-damage|p1b: Tri beam Dragon|34\/100\n|-status|p1a: Shades|brn\n|move|p2a: MotoMotoLikesYou|Crunch|p1a: Shades\n|-resisted|p1a: Shades\n|-damage|p1a: Shades|12\/100 brn\n|\n|-weather|SunnyDay|[upkeep]\n|-damage|p1a: Shades|6\/100 brn|[from] brn\n|upkeep\n|turn|7\n|\n|t:|1699812630\n|move|p2b: HereComesTheSun \ud83c\udf1e|Protect|p2b: HereComesTheSun \ud83c\udf1e\n|-singleturn|p2b: HereComesTheSun \ud83c\udf1e|Protect\n|move|p1b: Tri beam Dragon|Dark Pulse|p2a: MotoMotoLikesYou\n|-damage|p2a: MotoMotoLikesYou|56\/100\n|-enditem|p2a: MotoMotoLikesYou|Maranga Berry|[eat]\n|-boost|p2a: MotoMotoLikesYou|spd|1|[from] item: Maranga Berry\n|move|p1a: Shades|Rock Slide|p2a: MotoMotoLikesYou|[spread] p2a\n|-activate|p2b: HereComesTheSun \ud83c\udf1e|move: Protect\n|-resisted|p2a: MotoMotoLikesYou\n|-damage|p2a: MotoMotoLikesYou|52\/100\n|move|p2a: MotoMotoLikesYou|Rock Slide|p1a: Shades|[spread] p1a,p1b\n|-resisted|p1a: Shades\n|-supereffective|p1b: Tri beam Dragon\n|-damage|p1a: Shades|0 fnt\n|-damage|p1b: Tri beam Dragon|0 fnt\n|faint|p1a: Shades\n|faint|p1b: Tri beam Dragon\n|-end|p1b: Tri beam Dragon|Quark Drive|[silent]\n|\n|-weather|SunnyDay|[upkeep]\n|-sideend|p2: Kevin Dickey12|Reflect\n|upkeep\n|\n|t:|1699812647\n|switch|p1b: Lucario|Lucario, F, shiny|100\/100\n|switch|p1a: Typhlosion|Typhlosion-Hisui, M|100\/100\n|-item|p2b: HereComesTheSun \ud83c\udf1e|Wide Lens|[from] ability: Frisk|[of] p1a: Typhlosion|[identify]\n|-item|p1b: Lucario|Air Balloon\n|turn|8\n|\n|t:|1699812712\n|move|p1b: Lucario|Extreme Speed|p2b: HereComesTheSun \ud83c\udf1e\n|-damage|p2b: HereComesTheSun \ud83c\udf1e|0 fnt\n|faint|p2b: HereComesTheSun \ud83c\udf1e\n|move|p1a: Typhlosion|Eruption|p2a: MotoMotoLikesYou\n|-damage|p2a: MotoMotoLikesYou|0 fnt\n|faint|p2a: MotoMotoLikesYou\n|\n|-weather|SunnyDay|[upkeep]\n|upkeep\n|\n|t:|1699812723\n|switch|p2a: CHEEEEESE \ud83e\uddc0\ud83e\uddc0\ud83e\uddc0|Maushold-Four, shiny|100\/100\n|turn|9\n|\n|t:|1699812730\n|move|p1b: Lucario|Extreme Speed|p2a: CHEEEEESE \ud83e\uddc0\ud83e\uddc0\ud83e\uddc0\n|-damage|p2a: CHEEEEESE \ud83e\uddc0\ud83e\uddc0\ud83e\uddc0|66\/100\n|move|p2a: CHEEEEESE \ud83e\uddc0\ud83e\uddc0\ud83e\uddc0|Crunch|p1a: Typhlosion\n|-supereffective|p1a: Typhlosion\n|-damage|p1a: Typhlosion|60\/100\n|move|p1a: Typhlosion|Eruption|p2a: CHEEEEESE \ud83e\uddc0\ud83e\uddc0\ud83e\uddc0\n|-damage|p2a: CHEEEEESE \ud83e\uddc0\ud83e\uddc0\ud83e\uddc0|0 fnt\n|faint|p2a: CHEEEEESE \ud83e\uddc0\ud83e\uddc0\ud83e\uddc0\n|\n|win|Championjolteons\n|l| GoDDanteX\n","uploadtime":1699812743,"views":27,"p1id":"championjolteons","p2id":"kevindickey12","formatid":"gen9doublesou","rating":0,"private":0,"password":""}