{"id":"gen9doublesou-1999743268","p1":"yescaman","p2":"Bang Jiii","format":"[Gen 9] Doubles OU","log":"|j|\u2606yescaman\n|j|\u2606Bang Jiii\n|t:|1701112759\n|gametype|doubles\n|player|p1|yescaman|chuck|1216\n|player|p2|Bang Jiii|aaron|1294\n|teamsize|p1|6\n|teamsize|p2|6\n|gen|9\n|tier|[Gen 9] Doubles OU\n|rated|\n|rule|Species Clause: Limit one of each Pok\u00e9mon\n|rule|OHKO Clause: OHKO moves are banned\n|rule|Evasion Moves Clause: Evasion moves are banned\n|rule|Gravity Sleep Clause: The combination of sleep-inducing moves with imperfect accuracy and Gravity or Gigantamax Orbeetle are banned\n|rule|Endless Battle Clause: Forcing endless battles is banned\n|rule|HP Percentage Mod: HP is shown in percentages\n|clearpoke\n|poke|p1|Gliscor, M|\n|poke|p1|Goodra-Hisui, M|\n|poke|p1|Flutter Mane|\n|poke|p1|Amoonguss, F|\n|poke|p1|Indeedee-F, F|\n|poke|p1|Palafin, M|\n|poke|p2|Scream Tail|\n|poke|p2|Ogerpon-Wellspring, F|\n|poke|p2|Abomasnow, M|\n|poke|p2|Armarouge, F|\n|poke|p2|Dragonite, F|\n|poke|p2|Tinkaton, F|\n|teampreview\n|inactive|Battle timer is ON: inactive players will automatically lose when time's up. (requested by Bang Jiii)\n|\n|t:|1701112777\n|start\n|switch|p1a: LaKelly|Indeedee-F, F|100\/100\n|switch|p1b: El Ultimo|Palafin, M|100\/100\n|switch|p2a: Tinkaton|Tinkaton, F|100\/100\n|switch|p2b: Ogerpon|Ogerpon-Wellspring, F|100\/100\n|-fieldstart|move: Psychic Terrain|[from] ability: Psychic Surge|[of] p1a: LaKelly\n|-enditem|p1a: LaKelly|Psychic Seed\n|-boost|p1a: LaKelly|spd|1|[from] item: Psychic Seed\n|turn|1\n|inactive|Bang Jiii has 120 seconds left.\n|\n|t:|1701112811\n|detailschange|p1b: El Ultimo|Palafin-Hero, M\n|switch|p1b: TodoSeta|Amoonguss, F|100\/100\n|-terastallize|p2b: Ogerpon|Water\n|detailschange|p2b: Ogerpon|Ogerpon-Wellspring-Tera, F, tera:Water\n|-ability|p2b: Ogerpon|Embody Aspect (Wellspring)|boost\n|-boost|p2b: Ogerpon|spd|1\n|move|p2b: Ogerpon|Swords Dance|p2b: Ogerpon\n|-boost|p2b: Ogerpon|atk|2\n|move|p2a: Tinkaton|Gigaton Hammer|p1a: LaKelly\n|-damage|p1a: LaKelly|14\/100\n|move|p1a: LaKelly|Psychic|p2b: Ogerpon\n|-damage|p2b: Ogerpon|77\/100\n|\n|upkeep\n|turn|2\n|inactive|Bang Jiii has 120 seconds left.\n|\n|t:|1701112851\n|move|p2b: Ogerpon|Spiky Shield|p2b: Ogerpon\n|-singleturn|p2b: Ogerpon|move: Protect\n|move|p1a: LaKelly|Follow Me|p1a: LaKelly\n|-singleturn|p1a: LaKelly|move: Follow Me\n|move|p2a: Tinkaton|Play Rough|p1a: LaKelly\n|-damage|p1a: LaKelly|0 fnt\n|faint|p1a: LaKelly\n|move|p1b: TodoSeta|Spore|p2b: Ogerpon\n|-activate|p2b: Ogerpon|move: Protect\n|\n|upkeep\n|\n|t:|1701112863\n|switch|p1a: Antonella|Flutter Mane|100\/100\n|turn|3\n|inactive|Bang Jiii has 120 seconds left.\n|inactive|Bang Jiii has 90 seconds left.\n|\n|t:|1701112914\n|move|p1b: TodoSeta|Rage Powder|p1b: TodoSeta\n|-singleturn|p1b: TodoSeta|move: Rage Powder\n|move|p1a: Antonella|Thunderbolt|p2b: Ogerpon\n|-supereffective|p2b: Ogerpon\n|-damage|p2b: Ogerpon|38\/100\n|move|p2b: Ogerpon|Ivy Cudgel|p1b: TodoSeta|[anim] Ivy Cudgel Water\n|-resisted|p1b: TodoSeta\n|-damage|p1b: TodoSeta|51\/100\n|move|p2a: Tinkaton|Gigaton Hammer|p1b: TodoSeta\n|-damage|p1b: TodoSeta|0 fnt\n|faint|p1b: TodoSeta\n|\n|upkeep\n|inactive|yescaman has 120 seconds left.\n|\n|t:|1701112930\n|switch|p1b: El Ultimo|Palafin-Hero, M|100\/100\n|-activate|p1b: El Ultimo|ability: Zero to Hero\n|turn|4\n|\n|t:|1701112960\n|-terastallize|p1b: El Ultimo|Water\n|move|p1a: Antonella|Thunderbolt|p2b: Ogerpon\n|-supereffective|p2b: Ogerpon\n|-damage|p2b: Ogerpon|0 fnt\n|faint|p2b: Ogerpon\n|move|p1b: El Ultimo|Wave Crash|p2a: Tinkaton\n|-damage|p2a: Tinkaton|0 fnt\n|faint|p2a: Tinkaton\n|-damage|p1b: El Ultimo|65\/100|[from] Recoil\n|\n|upkeep\n|inactive|Bang Jiii has 90 seconds left.\n|\n|t:|1701112990\n|switch|p2b: Abomasnow|Abomasnow, M|100\/100\n|switch|p2a: Scream Tail|Scream Tail|100\/100\n|-weather|Snow|[from] ability: Snow Warning|[of] p2b: Abomasnow\n|-enditem|p2a: Scream Tail|Booster Energy\n|-activate|p2a: Scream Tail|ability: Protosynthesis|[fromitem]\n|-start|p2a: Scream Tail|protosynthesisspd\n|turn|5\n|inactive|Bang Jiii has 90 seconds left.\n|inactive|yescaman has 120 seconds left.\n|inactive|Bang Jiii has 60 seconds left.\n|inactive|yescaman has 90 seconds left.\n|inactive|yescaman has 60 seconds left.\n|inactive|yescaman has 30 seconds left.\n|l|\u2606yescaman\n|inactive|yescaman disconnected and has a minute to reconnect!\n|player|p1|\n|inactive|yescaman has 20 seconds left.\n|inactive|yescaman has 15 seconds left.\n|j|\u2606yescaman\n|inactive|yescaman reconnected and has 15 seconds left.\n|player|p1|yescaman|chuck\n|\n|t:|1701113130\n|move|p1b: El Ultimo|Protect|p1b: El Ultimo\n|-singleturn|p1b: El Ultimo|Protect\n|move|p1a: Antonella|Thunderbolt|p2a: Scream Tail\n|-damage|p2a: Scream Tail|84\/100\n|-status|p2a: Scream Tail|par\n|move|p2b: Abomasnow|Giga Drain|p1b: El Ultimo\n|-activate|p1b: El Ultimo|move: Protect\n|move|p2a: Scream Tail|Fake Tears|p1b: El Ultimo\n|-activate|p1b: El Ultimo|move: Protect\n|\n|-weather|Snow|[upkeep]\n|-fieldend|move: Psychic Terrain\n|upkeep\n|turn|6\n|inactive|yescaman has 30 seconds left.\n|c|\u2606yescaman|Sorry\n|inactive|Bang Jiii has 60 seconds left.\n|\n|t:|1701113156\n|-end|p1a: Antonella|Protosynthesis|[silent]\n|switch|p1a: Kiscol|Goodra-Hisui, M|100\/100\n|move|p1b: El Ultimo|Close Combat|p2b: Abomasnow\n|-supereffective|p2b: Abomasnow\n|-damage|p2b: Abomasnow|27\/100\n|-unboost|p1b: El Ultimo|def|1\n|-unboost|p1b: El Ultimo|spd|1\n|move|p2b: Abomasnow|Giga Drain|p1b: El Ultimo\n|-supereffective|p1b: El Ultimo\n|-damage|p1b: El Ultimo|0 fnt\n|-heal|p2b: Abomasnow|55\/100|[from] drain|[of] p1b: El Ultimo\n|faint|p1b: El Ultimo\n|-damage|p2b: Abomasnow|45\/100|[from] item: Life Orb\n|move|p2a: Scream Tail|Thunder Wave|p1a: Kiscol\n|-status|p1a: Kiscol|par\n|\n|-weather|Snow|[upkeep]\n|upkeep\n|inactive|yescaman has 30 seconds left.\n|\n|t:|1701113167\n|switch|p1b: Antonella|Flutter Mane|100\/100\n|turn|7\n|\n|t:|1701113185\n|move|p1b: Antonella|Mystical Fire|p2b: Abomasnow\n|-supereffective|p2b: Abomasnow\n|-damage|p2b: Abomasnow|0 fnt\n|faint|p2b: Abomasnow\n|move|p2a: Scream Tail|Thunder Wave|p1b: Antonella\n|-status|p1b: Antonella|par\n|cant|p1a: Kiscol|par\n|\n|-weather|Snow|[upkeep]\n|upkeep\n|\n|t:|1701113198\n|switch|p2b: Armarouge|Armarouge, F|100\/100\n|turn|8\n|inactive|Bang Jiii has 90 seconds left.\n|\n|t:|1701113212\n|-end|p1b: Antonella|Protosynthesis|[silent]\n|switch|p1b: Chunguito|Gliscor, M|100\/100\n|move|p2b: Armarouge|Armor Cannon|p1b: Chunguito\n|-damage|p1b: Chunguito|1\/100\n|-unboost|p2b: Armarouge|def|1\n|-unboost|p2b: Armarouge|spd|1\n|move|p2a: Scream Tail|Fake Tears|p1b: Chunguito\n|-unboost|p1b: Chunguito|spd|2\n|move|p1a: Kiscol|Heavy Slam|p2a: Scream Tail\n|-supereffective|p2a: Scream Tail\n|-damage|p2a: Scream Tail|21\/100 par\n|\n|-weather|Snow|[upkeep]\n|-status|p1b: Chunguito|tox|[from] item: Toxic Orb\n|upkeep\n|turn|9\n|inactive|Bang Jiii has 90 seconds left.\n|\n|t:|1701113235\n|move|p1b: Chunguito|Protect|p1b: Chunguito\n|-singleturn|p1b: Chunguito|Protect\n|move|p2a: Scream Tail|Protect|p2a: Scream Tail\n|-singleturn|p2a: Scream Tail|Protect\n|move|p2b: Armarouge|Armor Cannon|p1b: Chunguito\n|-activate|p1b: Chunguito|move: Protect\n|move|p1a: Kiscol|Shelter|p1a: Kiscol\n|-boost|p1a: Kiscol|def|2\n|\n|-weather|none\n|-heal|p1b: Chunguito|14\/100 tox|[from] ability: Poison Heal\n|upkeep\n|turn|10\n|inactive|yescaman has 90 seconds left.\n|\n|t:|1701113268\n|move|p1b: Chunguito|Earthquake|p2a: Scream Tail|[spread] p1a,p2a,p2b\n|-supereffective|p1a: Kiscol\n|-supereffective|p2b: Armarouge\n|-damage|p1a: Kiscol|77\/100 par\n|-damage|p2a: Scream Tail|3\/100 par\n|-damage|p2b: Armarouge|33\/100\n|move|p2b: Armarouge|Armor Cannon|p1b: Chunguito\n|-damage|p1b: Chunguito|0 fnt\n|-unboost|p2b: Armarouge|def|1\n|-unboost|p2b: Armarouge|spd|1\n|faint|p1b: Chunguito\n|move|p2a: Scream Tail|Fake Tears|p1a: Kiscol\n|-unboost|p1a: Kiscol|spd|2\n|cant|p1a: Kiscol|par\n|\n|upkeep\n|\n|t:|1701113275\n|switch|p1b: Antonella|Flutter Mane|100\/100 par\n|turn|11\n|inactive|Bang Jiii has 120 seconds left.\n|\n|t:|1701113301\n|move|p2a: Scream Tail|Protect|p2a: Scream Tail\n|-singleturn|p2a: Scream Tail|Protect\n|move|p1b: Antonella|Moonblast|p2b: Armarouge\n|-resisted|p2b: Armarouge\n|-damage|p2b: Armarouge|0 fnt\n|faint|p2b: Armarouge\n|cant|p1a: Kiscol|par\n|\n|upkeep\n|\n|t:|1701113310\n|switch|p2b: Dragonite|Dragonite, F|100\/100\n|turn|12\n|inactive|Bang Jiii has 120 seconds left.\n|\n|t:|1701113327\n|move|p2b: Dragonite|Protect|p2b: Dragonite\n|-singleturn|p2b: Dragonite|Protect\n|move|p1b: Antonella|Moonblast|p2b: Dragonite\n|-activate|p2b: Dragonite|move: Protect\n|move|p2a: Scream Tail|Perish Song|p2a: Scream Tail\n|-start|p1a: Kiscol|perish3|[silent]\n|-start|p1b: Antonella|perish3|[silent]\n|-start|p2a: Scream Tail|perish3|[silent]\n|-start|p2b: Dragonite|perish3|[silent]\n|-fieldactivate|move: Perish Song\n|move|p1a: Kiscol|Heavy Slam|p2b: Dragonite\n|-activate|p2b: Dragonite|move: Protect\n|\n|-start|p1b: Antonella|perish3\n|-start|p2b: Dragonite|perish3\n|-start|p2a: Scream Tail|perish3\n|-start|p1a: Kiscol|perish3\n|upkeep\n|turn|13\n|inactive|yescaman has 120 seconds left.\n|inactive|Bang Jiii has 120 seconds left.\n|c|\u2606yescaman|Xd\n|\n|t:|1701113356\n|move|p2a: Scream Tail|Protect|p2a: Scream Tail\n|-singleturn|p2a: Scream Tail|Protect\n|move|p2b: Dragonite|Extreme Speed|p1b: Antonella\n|-immune|p1b: Antonella\n|move|p1b: Antonella|Moonblast|p2b: Dragonite\n|-supereffective|p2b: Dragonite\n|-damage|p2b: Dragonite|50\/100\n|move|p1a: Kiscol|Heavy Slam|p2b: Dragonite\n|-damage|p2b: Dragonite|34\/100\n|\n|-heal|p2b: Dragonite|40\/100|[from] item: Leftovers\n|-start|p1b: Antonella|perish2\n|-start|p2b: Dragonite|perish2\n|-start|p2a: Scream Tail|perish2\n|-start|p1a: Kiscol|perish2\n|upkeep\n|turn|14\n|inactive|Bang Jiii has 120 seconds left.\n|\n|t:|1701113390\n|move|p2b: Dragonite|Protect|p2b: Dragonite\n|-singleturn|p2b: Dragonite|Protect\n|cant|p2a: Scream Tail|par\n|move|p1b: Antonella|Moonblast|p2b: Dragonite\n|-activate|p2b: Dragonite|move: Protect\n|move|p1a: Kiscol|Heavy Slam|p2a: Scream Tail\n|-supereffective|p2a: Scream Tail\n|-damage|p2a: Scream Tail|0 fnt\n|faint|p2a: Scream Tail\n|-end|p2a: Scream Tail|Protosynthesis|[silent]\n|\n|-heal|p2b: Dragonite|47\/100|[from] item: Leftovers\n|-start|p1b: Antonella|perish1\n|-start|p2b: Dragonite|perish1\n|-start|p1a: Kiscol|perish1\n|upkeep\n|turn|15\n|inactive|Bang Jiii has 120 seconds left.\n|\n|t:|1701113411\n|move|p2b: Dragonite|Protect|p2b: Dragonite\n|-singleturn|p2b: Dragonite|Protect\n|move|p1b: Antonella|Moonblast|p2b: Dragonite\n|-activate|p2b: Dragonite|move: Protect\n|move|p1a: Kiscol|Heavy Slam|p2b: Dragonite\n|-activate|p2b: Dragonite|move: Protect\n|\n|-heal|p2b: Dragonite|53\/100|[from] item: Leftovers\n|-start|p1b: Antonella|perish0\n|-start|p2b: Dragonite|perish0\n|-start|p1a: Kiscol|perish0\n|faint|p1b: Antonella\n|-end|p1b: Antonella|Protosynthesis|[silent]\n|faint|p2b: Dragonite\n|faint|p1a: Kiscol\n|\n|win|yescaman\n|upkeep\n|raw|yescaman's rating: 1216 &rarr; <strong>1249<\/strong><br \/>(+33 for winning)\n|raw|Bang Jiii's rating: 1324 &rarr; <strong>1298<\/strong><br \/>(-26 for losing)\n|c|\u2606yescaman|Gg\n","uploadtime":1701113437,"views":19,"p1id":"yescaman","p2id":"bangjiii","formatid":"gen9doublesou","rating":1249,"private":0,"password":""}