{"id":"gen9doublesou-1980945641","p1":"talhabiggboi3","p2":"RT-Bubblez","format":"[Gen 9] Doubles OU","log":"|j|\u203dtalhabiggboi3\n|j|\u2606RT-Bubblez\n|t:|1698851232\n|gametype|doubles\n|player|p1|talhabiggboi3|265|1325\n|player|p2|RT-Bubblez|170|1389\n|teamsize|p1|6\n|teamsize|p2|6\n|gen|9\n|tier|[Gen 9] Doubles OU\n|rated|\n|rule|Species Clause: Limit one of each Pok\u00e9mon\n|rule|OHKO Clause: OHKO moves are banned\n|rule|Evasion Moves Clause: Evasion moves are banned\n|rule|Gravity Sleep Clause: The combination of sleep-inducing moves with imperfect accuracy and Gravity or Gigantamax Orbeetle are banned\n|rule|Endless Battle Clause: Forcing endless battles is banned\n|rule|HP Percentage Mod: HP is shown in percentages\n|clearpoke\n|poke|p1|Murkrow, F|\n|poke|p1|Garchomp, F|\n|poke|p1|Hydreigon, F|\n|poke|p1|Armarouge, F|\n|poke|p1|Maushold-Four|\n|poke|p1|Gholdengo|\n|poke|p2|Shiftry, M|\n|poke|p2|Enamorus, F|\n|poke|p2|Hoopa-Unbound|\n|poke|p2|Kingambit, M|\n|poke|p2|Chandelure, M|\n|poke|p2|Gholdengo|\n|teampreview\n|\n|t:|1698851243\n|start\n|switch|p1a: Murkrow|Murkrow, F|100\/100\n|switch|p1b: Garchomp|Garchomp, F|100\/100\n|switch|p2a: Shiftry|Shiftry, M|100\/100\n|switch|p2b: Gholdengo|Gholdengo|100\/100\n|turn|1\n|\n|t:|1698851264\n|move|p1a: Murkrow|Tailwind|p1a: Murkrow\n|-sidestart|p1: talhabiggboi3|move: Tailwind\n|move|p1b: Garchomp|Earthquake|p2a: Shiftry|[spread] p2a,p2b\n|-immune|p1a: Murkrow\n|-resisted|p2a: Shiftry\n|-supereffective|p2b: Gholdengo\n|-damage|p2a: Shiftry|71\/100\n|-damage|p2b: Gholdengo|17\/100\n|move|p2a: Shiftry|Tailwind|p2a: Shiftry\n|-sidestart|p2: RT-Bubblez|move: Tailwind\n|-ability|p2a: Shiftry|Wind Rider|boost\n|-boost|p2a: Shiftry|atk|1\n|move|p2b: Gholdengo|Nasty Plot|p2b: Gholdengo\n|-boost|p2b: Gholdengo|spa|2\n|\n|upkeep\n|turn|2\n|\n|t:|1698851286\n|move|p1a: Murkrow|Haze|p1a: Murkrow\n|-clearallboost\n|move|p1b: Garchomp|Earthquake|p2a: Shiftry|[spread] p2a,p2b\n|-immune|p1a: Murkrow\n|-resisted|p2a: Shiftry\n|-supereffective|p2b: Gholdengo\n|-damage|p2a: Shiftry|41\/100\n|-damage|p2b: Gholdengo|0 fnt\n|faint|p2b: Gholdengo\n|move|p2a: Shiftry|Explosion|p1b: Garchomp|[spread] p1a,p1b\n|-damage|p1a: Murkrow|28\/100\n|-damage|p1b: Garchomp|45\/100\n|faint|p2a: Shiftry\n|\n|upkeep\n|\n|t:|1698851302\n|switch|p2a: Hoopa|Hoopa-Unbound|100\/100\n|switch|p2b: Enamorus|Enamorus, F|100\/100\n|turn|3\n|\n|t:|1698851324\n|move|p1a: Murkrow|Taunt|p2b: Enamorus\n|-start|p2b: Enamorus|move: Taunt\n|cant|p2b: Enamorus|move: Taunt|Taunt\n|move|p1b: Garchomp|Rock Slide|p2b: Enamorus|[spread] p2a,p2b\n|-supereffective|p2b: Enamorus\n|-damage|p2a: Hoopa|68\/100\n|-damage|p2b: Enamorus|52\/100\n|move|p2a: Hoopa|Zen Headbutt|p1b: Garchomp\n|-damage|p1b: Garchomp|0 fnt\n|-damage|p2a: Hoopa|56\/100|[from] ability: Rough Skin|[of] p1b: Garchomp\n|faint|p1b: Garchomp\n|\n|upkeep\n|\n|t:|1698851336\n|switch|p1b: Gholdengo|Gholdengo|100\/100\n|turn|4\n|\n|t:|1698851356\n|switch|p2b: Kingambit|Kingambit, M|100\/100\n|-activate|p2b: Kingambit|ability: Supreme Overlord\n|-start|p2b: Kingambit|fallen2|[silent]\n|switch|p1a: Maushold|Maushold-Four|100\/100\n|-terastallize|p2a: Hoopa|Dark\n|-terastallize|p1b: Gholdengo|Steel\n|move|p2a: Hoopa|Knock Off|p1b: Gholdengo\n|-damage|p1b: Gholdengo|36\/100\n|-enditem|p1b: Gholdengo|Choice Specs|[from] move: Knock Off|[of] p2a: Hoopa\n|move|p1b: Gholdengo|Make It Rain|p2a: Hoopa|[spread] p2a,p2b\n|-resisted|p2b: Kingambit\n|-damage|p2a: Hoopa|15\/100\n|-damage|p2b: Kingambit|60\/100\n|-unboost|p1b: Gholdengo|spa|1\n|\n|-sideend|p2: RT-Bubblez|move: Tailwind\n|-sideend|p1: talhabiggboi3|move: Tailwind\n|upkeep\n|turn|5\n|\n|t:|1698851388\n|move|p1a: Maushold|Follow Me|p1a: Maushold\n|-singleturn|p1a: Maushold|move: Follow Me\n|move|p2a: Hoopa|Drain Punch|p1a: Maushold\n|-supereffective|p1a: Maushold\n|-damage|p1a: Maushold|8\/100\n|-heal|p2a: Hoopa|58\/100|[from] drain|[of] p1a: Maushold\n|move|p1b: Gholdengo|Make It Rain|p2b: Kingambit|[spread] p2a,p2b\n|-resisted|p2b: Kingambit\n|-damage|p2a: Hoopa|32\/100\n|-damage|p2b: Kingambit|33\/100\n|-unboost|p1b: Gholdengo|spa|1\n|move|p2b: Kingambit|Kowtow Cleave|p1a: Maushold\n|-damage|p1a: Maushold|0 fnt\n|faint|p1a: Maushold\n|\n|upkeep\n|\n|t:|1698851403\n|switch|p1a: Murkrow|Murkrow, F|28\/100\n|turn|6\n|\n|t:|1698851423\n|move|p1a: Murkrow|Haze|p1a: Murkrow\n|-clearallboost\n|move|p2a: Hoopa|Knock Off|p1b: Gholdengo\n|-crit|p1b: Gholdengo\n|-damage|p1b: Gholdengo|0 fnt\n|faint|p1b: Gholdengo\n|move|p2b: Kingambit|Kowtow Cleave|p1a: Murkrow\n|-resisted|p1a: Murkrow\n|-damage|p1a: Murkrow|0 fnt\n|faint|p1a: Murkrow\n|\n|upkeep\n|\n|t:|1698851474\n|switch|p1b: Armarouge|Armarouge, F|100\/100\n|switch|p1a: Hydreigon|Hydreigon, F|100\/100\n|turn|7\n|\n|t:|1698851493\n|move|p1a: Hydreigon|Tailwind|p1a: Hydreigon\n|-sidestart|p1: talhabiggboi3|move: Tailwind\n|move|p1b: Armarouge|Armor Cannon|p2b: Kingambit\n|-supereffective|p2b: Kingambit\n|-damage|p2b: Kingambit|0 fnt\n|-unboost|p1b: Armarouge|def|1\n|-unboost|p1b: Armarouge|spd|1\n|faint|p2b: Kingambit\n|-end|p2b: Kingambit|fallen2|[silent]\n|-damage|p1b: Armarouge|91\/100|[from] item: Life Orb\n|move|p2a: Hoopa|Drain Punch|p1a: Hydreigon\n|-supereffective|p1a: Hydreigon\n|-damage|p1a: Hydreigon|27\/100\n|-heal|p2a: Hoopa|70\/100|[from] drain|[of] p1a: Hydreigon\n|\n|upkeep\n|\n|t:|1698851506\n|switch|p2b: Enamorus|Enamorus, F|52\/100\n|turn|8\n|\n|t:|1698851512\n|move|p1a: Hydreigon|Flash Cannon|p2b: Enamorus\n|-supereffective|p2b: Enamorus\n|-damage|p2b: Enamorus|0 fnt\n|faint|p2b: Enamorus\n|-damage|p1a: Hydreigon|17\/100|[from] item: Life Orb\n|move|p1b: Armarouge|Armor Cannon|p2a: Hoopa\n|-damage|p2a: Hoopa|22\/100\n|-unboost|p1b: Armarouge|def|1\n|-unboost|p1b: Armarouge|spd|1\n|-damage|p1b: Armarouge|81\/100|[from] item: Life Orb\n|move|p2a: Hoopa|Knock Off|p1b: Armarouge\n|-supereffective|p1b: Armarouge\n|-crit|p1b: Armarouge\n|-damage|p1b: Armarouge|0 fnt\n|-enditem|p1b: Armarouge|Life Orb|[from] move: Knock Off|[of] p2a: Hoopa\n|faint|p1b: Armarouge\n|\n|upkeep\n|\n|t:|1698851525\n|switch|p2b: Chandelure|Chandelure, M|100\/100\n|turn|9\n|\n|t:|1698851530\n|move|p1a: Hydreigon|Draco Meteor|p2a: Hoopa\n|-damage|p2a: Hoopa|0 fnt\n|-unboost|p1a: Hydreigon|spa|2\n|faint|p2a: Hoopa\n|-damage|p1a: Hydreigon|8\/100|[from] item: Life Orb\n|move|p2b: Chandelure|Flamethrower|p1a: Hydreigon\n|-resisted|p1a: Hydreigon\n|-damage|p1a: Hydreigon|0 fnt\n|faint|p1a: Hydreigon\n|\n|win|RT-Bubblez\n|raw|talhabiggboi3's rating: 1325 &rarr; <strong>1309<\/strong><br \/>(-16 for losing)\n|raw|RT-Bubblez's rating: 1389 &rarr; <strong>1405<\/strong><br \/>(+16 for winning)\n|l|\u203dtalhabiggboi3\n","uploadtime":1698851551,"views":26,"p1id":"talhabiggboi3","p2id":"rtbubblez","formatid":"gen9doublesou","rating":1309,"private":0,"password":""}