{"id":"gen9doublesou-1999067493","p1":"Andiuu","p2":"LDV Soja","format":"[Gen 9] Doubles OU","log":"|j|\u2606Andiuu\n|j|\u2606LDV Soja\n|t:|1701029677\n|gametype|doubles\n|player|p1|Andiuu|koga|\n|player|p2|LDV Soja|266|\n|teamsize|p1|6\n|teamsize|p2|6\n|gen|9\n|tier|[Gen 9] Doubles OU\n|rule|Species Clause: Limit one of each Pok\u00e9mon\n|rule|OHKO Clause: OHKO moves are banned\n|rule|Evasion Moves Clause: Evasion moves are banned\n|rule|Gravity Sleep Clause: The combination of sleep-inducing moves with imperfect accuracy and Gravity or Gigantamax Orbeetle are banned\n|rule|Endless Battle Clause: Forcing endless battles is banned\n|rule|HP Percentage Mod: HP is shown in percentages\n|clearpoke\n|poke|p1|Hatterene, F|\n|poke|p1|Heatran, M|\n|poke|p1|Wo-Chien|\n|poke|p1|Palafin, M|\n|poke|p1|Noivern, M|\n|poke|p1|Tinkaton, F|\n|poke|p2|Torkoal, M|\n|poke|p2|Slowbro-Galar, M|\n|poke|p2|Ogerpon, F|\n|poke|p2|Heatran, M|\n|poke|p2|Hoopa-Unbound|\n|poke|p2|Sinistcha|\n|teampreview\n|inactive|Battle timer is ON: inactive players will automatically lose when time's up. (requested by Andiuu)\n|c|\u2606Andiuu|glhf\n|c|\u2606LDV Soja|gl !\n|\n|t:|1701029697\n|start\n|switch|p1a: Poa-\u00c7hom|Palafin, M|100\/100\n|switch|p1b: Mare-Theau|Tinkaton, F|100\/100\n|switch|p2a: Ogerpon|Ogerpon, F|100\/100\n|switch|p2b: Slowbro|Slowbro-Galar, M|100\/100\n|-ability|p1b: Mare-Theau|Mold Breaker\n|turn|1\n|\n|t:|1701029713\n|detailschange|p1a: Poa-\u00c7hom|Palafin-Hero, M\n|switch|p1a: \u00c7au-Nhyk|Noivern, M|100\/100\n|move|p1b: Mare-Theau|Fake Out|p2b: Slowbro\n|-damage|p2b: Slowbro|92\/100\n|move|p2a: Ogerpon|Follow Me|p2a: Ogerpon\n|-singleturn|p2a: Ogerpon|move: Follow Me\n|cant|p2b: Slowbro|flinch\n|\n|-damage|p2a: Ogerpon|88\/100|[from] item: Sticky Barb\n|upkeep\n|turn|2\n|\n|t:|1701029731\n|switch|p1b: Poa-\u00c7hom|Palafin-Hero, M|100\/100\n|-activate|p1b: Poa-\u00c7hom|ability: Zero to Hero\n|move|p2a: Ogerpon|Follow Me|p2a: Ogerpon\n|-singleturn|p2a: Ogerpon|move: Follow Me\n|move|p1a: \u00c7au-Nhyk|Tailwind|p1a: \u00c7au-Nhyk\n|-sidestart|p1: Andiuu|move: Tailwind\n|move|p2b: Slowbro|Trick Room|p2b: Slowbro\n|-fieldstart|move: Trick Room|[of] p2b: Slowbro\n|-enditem|p2b: Slowbro|Room Service\n|-unboost|p2b: Slowbro|spe|1|[from] item: Room Service\n|\n|-damage|p2a: Ogerpon|76\/100|[from] item: Sticky Barb\n|upkeep\n|turn|3\n|\n|t:|1701029761\n|move|p1a: \u00c7au-Nhyk|Protect|p1a: \u00c7au-Nhyk\n|-singleturn|p1a: \u00c7au-Nhyk|Protect\n|move|p2b: Slowbro|Tera Blast|p1b: Poa-\u00c7hom\n|-damage|p1b: Poa-\u00c7hom|80\/100\n|move|p2a: Ogerpon|Encore|p1a: \u00c7au-Nhyk\n|-activate|p1a: \u00c7au-Nhyk|move: Protect\n|move|p1b: Poa-\u00c7hom|Boomburst|p2b: Slowbro|[spread] p2a,p2b\n|-activate|p1a: \u00c7au-Nhyk|move: Protect\n|-damage|p2a: Ogerpon|43\/100\n|-damage|p2b: Slowbro|67\/100\n|-enditem|p1b: Poa-\u00c7hom|Throat Spray\n|-boost|p1b: Poa-\u00c7hom|spa|1|[from] item: Throat Spray\n|\n|-damage|p2a: Ogerpon|31\/100|[from] item: Sticky Barb\n|upkeep\n|turn|4\n|\n|t:|1701029787\n|switch|p2b: Sinistcha|Sinistcha|100\/100\n|-heal|p2a: Ogerpon|56\/100|[from] ability: Hospitality|[of] p2b: Sinistcha\n|switch|p1a: Phla-Khom|Hatterene, F|100\/100\n|move|p1b: Poa-\u00c7hom|Protect|p1b: Poa-\u00c7hom\n|-singleturn|p1b: Poa-\u00c7hom|Protect\n|move|p2a: Ogerpon|Encore|p1a: Phla-Khom\n|move|p1a: Phla-Khom|Encore||[from]ability: Magic Bounce|[still]\n|-fail|p1a: Phla-Khom\n|\n|-damage|p2a: Ogerpon|44\/100|[from] item: Sticky Barb\n|upkeep\n|turn|5\n|inactive|Andiuu has 270 seconds left.\n|\n|t:|1701029821\n|-terastallize|p1b: Poa-\u00c7hom|Normal\n|move|p2b: Sinistcha|Protect|p2b: Sinistcha\n|-singleturn|p2b: Sinistcha|Protect\n|move|p1a: Phla-Khom|Nuzzle|p2b: Sinistcha\n|-activate|p2b: Sinistcha|move: Protect\n|move|p2a: Ogerpon|Encore|p1b: Poa-\u00c7hom\n|-start|p1b: Poa-\u00c7hom|Encore\n|move|p1b: Poa-\u00c7hom|Protect||[still]\n|-fail|p1b: Poa-\u00c7hom\n|\n|-sideend|p1: Andiuu|move: Tailwind\n|-damage|p2a: Ogerpon|31\/100|[from] item: Sticky Barb\n|upkeep\n|turn|6\n|\n|t:|1701029841\n|switch|p2b: Slowbro|Slowbro-Galar, M|99\/100\n|move|p1b: Poa-\u00c7hom|Protect|p1b: Poa-\u00c7hom\n|-singleturn|p1b: Poa-\u00c7hom|Protect\n|move|p1a: Phla-Khom|Nuzzle|p2b: Slowbro\n|-damage|p2b: Slowbro|96\/100\n|-status|p2b: Slowbro|par\n|move|p2a: Ogerpon|Taunt|p1b: Poa-\u00c7hom\n|-activate|p1b: Poa-\u00c7hom|move: Protect\n|\n|-fieldend|move: Trick Room\n|-damage|p2a: Ogerpon|19\/100|[from] item: Sticky Barb\n|upkeep\n|turn|7\n|inactive|Andiuu has 270 seconds left.\n|\n|t:|1701029872\n|move|p1b: Poa-\u00c7hom|Protect|p1b: Poa-\u00c7hom\n|-singleturn|p1b: Poa-\u00c7hom|Protect\n|move|p2a: Ogerpon|Taunt|p1b: Poa-\u00c7hom\n|-activate|p1b: Poa-\u00c7hom|move: Protect\n|move|p1a: Phla-Khom|Life Dew||[still]|[spread] p1a,p1b\n|-fail|p1a: Phla-Khom|heal\n|-heal|p1b: Poa-\u00c7hom|100\/100\n|cant|p2b: Slowbro|par\n|\n|-end|p1b: Poa-\u00c7hom|Encore\n|-damage|p2a: Ogerpon|7\/100|[from] item: Sticky Barb\n|upkeep\n|turn|8\n|\n|t:|1701029892\n|move|p2a: Ogerpon|Encore|p1b: Poa-\u00c7hom\n|-start|p1b: Poa-\u00c7hom|Encore\n|move|p1b: Poa-\u00c7hom|Protect||[still]\n|-fail|p1b: Poa-\u00c7hom\n|move|p1a: Phla-Khom|Nuzzle|p2a: Ogerpon\n|-resisted|p2a: Ogerpon\n|-damage|p2a: Ogerpon|4\/100\n|-status|p2a: Ogerpon|par\n|move|p2b: Slowbro|Trick Room|p2b: Slowbro\n|-fieldstart|move: Trick Room|[of] p2b: Slowbro\n|\n|-damage|p2a: Ogerpon|0 fnt|[from] item: Sticky Barb\n|faint|p2a: Ogerpon\n|upkeep\n|\n|t:|1701029905\n|switch|p2a: Torkoal|Torkoal, M|100\/100\n|-weather|SunnyDay|[from] ability: Drought|[of] p2a: Torkoal\n|turn|9\n|\n|t:|1701029925\n|switch|p1b: Veau-Lhkam|Heatran, M|100\/100\n|-terastallize|p2a: Torkoal|Fire\n|move|p2b: Slowbro|Helping Hand|p2a: Torkoal\n|-singleturn|p2a: Torkoal|Helping Hand|[of] p2b: Slowbro\n|move|p1a: Phla-Khom|Protect|p1a: Phla-Khom\n|-singleturn|p1a: Phla-Khom|Protect\n|move|p2a: Torkoal|Eruption|p1b: Veau-Lhkam|[spread] \n|-activate|p1a: Phla-Khom|move: Protect\n|-start|p1b: Veau-Lhkam|ability: Flash Fire\n|\n|-weather|SunnyDay|[upkeep]\n|upkeep\n|turn|10\n|\n|t:|1701029946\n|move|p1a: Phla-Khom|Helping Hand|p1b: Veau-Lhkam\n|-singleturn|p1b: Veau-Lhkam|Helping Hand|[of] p1a: Phla-Khom\n|move|p2b: Slowbro|Tera Blast|p1a: Phla-Khom\n|-damage|p1a: Phla-Khom|80\/100\n|move|p2a: Torkoal|Earth Power|p1b: Veau-Lhkam\n|-supereffective|p1b: Veau-Lhkam\n|-damage|p1b: Veau-Lhkam|0 fnt\n|faint|p1b: Veau-Lhkam\n|\n|-weather|SunnyDay|[upkeep]\n|-heal|p1a: Phla-Khom|86\/100|[from] item: Leftovers\n|upkeep\n|\n|t:|1701029961\n|switch|p1b: Mare-Theau|Tinkaton, F|100\/100\n|-ability|p1b: Mare-Theau|Mold Breaker\n|turn|11\n|\n|t:|1701029989\n|move|p1b: Mare-Theau|Fake Out|p2a: Torkoal\n|-damage|p2a: Torkoal|94\/100\n|move|p2b: Slowbro|Tera Blast|p1a: Phla-Khom\n|-damage|p1a: Phla-Khom|67\/100\n|cant|p2a: Torkoal|flinch\n|move|p1a: Phla-Khom|Nuzzle|p2a: Torkoal\n|-crit|p2a: Torkoal\n|-damage|p2a: Torkoal|88\/100\n|-status|p2a: Torkoal|par\n|\n|-weather|SunnyDay|[upkeep]\n|-heal|p1a: Phla-Khom|73\/100|[from] item: Leftovers\n|upkeep\n|turn|12\n|\n|t:|1701030008\n|move|p2a: Torkoal|Eruption|p1a: Phla-Khom|[spread] p1a,p1b\n|-supereffective|p1b: Mare-Theau\n|-damage|p1a: Phla-Khom|0 fnt\n|-damage|p1b: Mare-Theau|0 fnt\n|faint|p1a: Phla-Khom\n|faint|p1b: Mare-Theau\n|cant|p2b: Slowbro|par\n|\n|-weather|SunnyDay|[upkeep]\n|-fieldend|move: Trick Room\n|upkeep\n|\n|t:|1701030016\n|switch|p1b: \u00c7au-Nhyk|Noivern, M|100\/100\n|switch|p1a: Poa-\u00c7hom|Palafin-Hero, M, tera:Normal|100\/100\n|turn|13\n|\n|t:|1701030028\n|switch|p2a: Sinistcha|Sinistcha|100\/100\n|-heal|p2b: Slowbro|100\/100 par|[from] ability: Hospitality|[of] p2a: Sinistcha\n|move|p1b: \u00c7au-Nhyk|Dual Wingbeat|p2b: Slowbro|[miss]\n|-miss|p1b: \u00c7au-Nhyk|p2b: Slowbro\n|move|p1a: Poa-\u00c7hom|Boomburst|p2b: Slowbro|[spread] p2b\n|-activate|p1b: \u00c7au-Nhyk|ability: Telepathy\n|-immune|p2a: Sinistcha\n|-crit|p2b: Slowbro\n|-damage|p2b: Slowbro|43\/100 par\n|move|p2b: Slowbro|Trick Room|p2b: Slowbro\n|-fieldstart|move: Trick Room|[of] p2b: Slowbro\n|\n|-weather|none\n|upkeep\n|turn|14\n|inactive|LDV Soja has 270 seconds left.\n|\n|t:|1701030059\n|move|p2a: Sinistcha|Rage Powder|p2a: Sinistcha\n|-singleturn|p2a: Sinistcha|move: Rage Powder\n|move|p2b: Slowbro|Tera Blast|p1a: Poa-\u00c7hom\n|-damage|p1a: Poa-\u00c7hom|81\/100\n|move|p1a: Poa-\u00c7hom|Boomburst|p2a: Sinistcha|[spread] p2b\n|-activate|p1b: \u00c7au-Nhyk|ability: Telepathy\n|-immune|p2a: Sinistcha\n|-damage|p2b: Slowbro|6\/100 par\n|move|p1b: \u00c7au-Nhyk|Dual Wingbeat|p2a: Sinistcha|[miss]\n|-miss|p1b: \u00c7au-Nhyk|p2a: Sinistcha\n|\n|upkeep\n|turn|15\n|inactive|LDV Soja has 270 seconds left.\n|\n|t:|1701030087\n|switch|p2a: Heatran|Heatran, M|100\/100\n|move|p1b: \u00c7au-Nhyk|Protect|p1b: \u00c7au-Nhyk\n|-singleturn|p1b: \u00c7au-Nhyk|Protect\n|cant|p2b: Slowbro|par\n|move|p1a: Poa-\u00c7hom|Taunt|p2a: Heatran\n|-start|p2a: Heatran|move: Taunt\n|\n|upkeep\n|turn|16\n|\n|t:|1701030103\n|switch|p2a: Sinistcha|Sinistcha|100\/100\n|-heal|p2b: Slowbro|31\/100 par|[from] ability: Hospitality|[of] p2a: Sinistcha\n|move|p2b: Slowbro|Tera Blast|p1a: Poa-\u00c7hom\n|-damage|p1a: Poa-\u00c7hom|61\/100\n|move|p1a: Poa-\u00c7hom|Hydro Pump|p2a: Sinistcha\n|-resisted|p2a: Sinistcha\n|-damage|p2a: Sinistcha|70\/100\n|move|p1b: \u00c7au-Nhyk|Dual Wingbeat|p2b: Slowbro|[miss]\n|-miss|p1b: \u00c7au-Nhyk|p2b: Slowbro\n|\n|upkeep\n|turn|17\n|\n|t:|1701030129\n|switch|p2b: Heatran|Heatran, M|100\/100\n|switch|p1b: M\u00e9z-Ohnait|Wo-Chien|100\/100\n|-ability|p1b: M\u00e9z-Ohnait|Tablets of Ruin\n|move|p1a: Poa-\u00c7hom|Protect|p1a: Poa-\u00c7hom\n|-singleturn|p1a: Poa-\u00c7hom|Protect\n|move|p2a: Sinistcha|Rage Powder|p2a: Sinistcha\n|-singleturn|p2a: Sinistcha|move: Rage Powder\n|\n|-fieldend|move: Trick Room\n|upkeep\n|turn|18\n|\n|t:|1701030142\n|move|p2a: Sinistcha|Rage Powder|p2a: Sinistcha\n|-singleturn|p2a: Sinistcha|move: Rage Powder\n|move|p1a: Poa-\u00c7hom|Hydro Pump|p2a: Sinistcha\n|-resisted|p2a: Sinistcha\n|-damage|p2a: Sinistcha|42\/100\n|move|p1b: M\u00e9z-Ohnait|Snarl|p2b: Heatran|[spread] p2a,p2b\n|-supereffective|p2a: Sinistcha\n|-damage|p2a: Sinistcha|1\/100\n|-damage|p2b: Heatran|85\/100\n|-unboost|p2a: Sinistcha|spa|1\n|-unboost|p2b: Heatran|spa|1\n|move|p2b: Heatran|Iron Defense|p2b: Heatran\n|-boost|p2b: Heatran|def|2\n|\n|-heal|p2b: Heatran|91\/100|[from] item: Leftovers\n|upkeep\n|turn|19\n|\n|t:|1701030171\n|move|p1a: Poa-\u00c7hom|Protect|p1a: Poa-\u00c7hom\n|-singleturn|p1a: Poa-\u00c7hom|Protect\n|move|p2a: Sinistcha|Rage Powder|p2a: Sinistcha\n|-singleturn|p2a: Sinistcha|move: Rage Powder\n|move|p1b: M\u00e9z-Ohnait|Snarl|p2a: Sinistcha|[spread] p2a,p2b\n|-supereffective|p2a: Sinistcha\n|-damage|p2a: Sinistcha|0 fnt\n|-damage|p2b: Heatran|76\/100\n|-unboost|p2b: Heatran|spa|1\n|faint|p2a: Sinistcha\n|move|p2b: Heatran|Body Press|p1a: Poa-\u00c7hom\n|-activate|p1a: Poa-\u00c7hom|move: Protect\n|\n|-heal|p2b: Heatran|82\/100|[from] item: Leftovers\n|upkeep\n|\n|t:|1701030185\n|switch|p2a: Torkoal|Torkoal, M, tera:Fire|88\/100 par\n|-weather|SunnyDay|[from] ability: Drought|[of] p2a: Torkoal\n|turn|20\n|\n|t:|1701030214\n|switch|p1a: \u00c7au-Nhyk|Noivern, M|100\/100\n|move|p1b: M\u00e9z-Ohnait|Dark Pulse|p2a: Torkoal\n|-damage|p2a: Torkoal|40\/100 par\n|move|p2b: Heatran|Body Press|p1a: \u00c7au-Nhyk\n|-resisted|p1a: \u00c7au-Nhyk\n|-damage|p1a: \u00c7au-Nhyk|78\/100\n|move|p2a: Torkoal|Flamethrower|p1a: \u00c7au-Nhyk\n|-resisted|p1a: \u00c7au-Nhyk\n|-damage|p1a: \u00c7au-Nhyk|32\/100\n|\n|-weather|SunnyDay|[upkeep]\n|-heal|p2b: Heatran|89\/100|[from] item: Leftovers\n|upkeep\n|turn|21\n|\n|t:|1701030232\n|move|p1a: \u00c7au-Nhyk|Roost|p1a: \u00c7au-Nhyk\n|-heal|p1a: \u00c7au-Nhyk|82\/100\n|-singleturn|p1a: \u00c7au-Nhyk|move: Roost\n|move|p1b: M\u00e9z-Ohnait|Dark Pulse|p2b: Heatran\n|-damage|p2b: Heatran|59\/100\n|move|p2b: Heatran|Body Press|p1b: M\u00e9z-Ohnait\n|-supereffective|p1b: M\u00e9z-Ohnait\n|-damage|p1b: M\u00e9z-Ohnait|25\/100\n|move|p2a: Torkoal|Flamethrower|p1b: M\u00e9z-Ohnait\n|-supereffective|p1b: M\u00e9z-Ohnait\n|-damage|p1b: M\u00e9z-Ohnait|0 fnt\n|faint|p1b: M\u00e9z-Ohnait\n|\n|-weather|SunnyDay|[upkeep]\n|-heal|p2b: Heatran|65\/100|[from] item: Leftovers\n|upkeep\n|\n|t:|1701030246\n|switch|p1b: Poa-\u00c7hom|Palafin-Hero, M, tera:Normal|61\/100\n|turn|22\n|\n|t:|1701030258\n|move|p1a: \u00c7au-Nhyk|Dual Wingbeat|p2a: Torkoal\n|-damage|p2a: Torkoal|33\/100 par\n|-damage|p2a: Torkoal|25\/100 par\n|-hitcount|p2a: Torkoal|2\n|move|p1b: Poa-\u00c7hom|Hydro Pump|p2b: Heatran\n|-supereffective|p2b: Heatran\n|-damage|p2b: Heatran|20\/100\n|move|p2b: Heatran|Body Press|p1b: Poa-\u00c7hom\n|-supereffective|p1b: Poa-\u00c7hom\n|-damage|p1b: Poa-\u00c7hom|0 fnt\n|faint|p1b: Poa-\u00c7hom\n|move|p2a: Torkoal|Flamethrower|p1a: \u00c7au-Nhyk\n|-resisted|p1a: \u00c7au-Nhyk\n|-damage|p1a: \u00c7au-Nhyk|39\/100\n|\n|-weather|SunnyDay|[upkeep]\n|-heal|p2b: Heatran|26\/100|[from] item: Leftovers\n|upkeep\n|turn|23\n|\n|t:|1701030275\n|move|p1a: \u00c7au-Nhyk|Dual Wingbeat|p2a: Torkoal\n|-damage|p2a: Torkoal|16\/100 par\n|-damage|p2a: Torkoal|8\/100 par\n|-hitcount|p2a: Torkoal|2\n|move|p2b: Heatran|Body Press|p1a: \u00c7au-Nhyk\n|-resisted|p1a: \u00c7au-Nhyk\n|-damage|p1a: \u00c7au-Nhyk|11\/100\n|cant|p2a: Torkoal|par\n|\n|-weather|SunnyDay|[upkeep]\n|-heal|p2b: Heatran|33\/100|[from] item: Leftovers\n|upkeep\n|turn|24\n|inactive|Andiuu has 270 seconds left.\n|\n|t:|1701030308\n|switch|p2a: Slowbro|Slowbro-Galar, M|64\/100 par\n|move|p1a: \u00c7au-Nhyk|Roost|p1a: \u00c7au-Nhyk\n|-heal|p1a: \u00c7au-Nhyk|61\/100\n|-singleturn|p1a: \u00c7au-Nhyk|move: Roost\n|move|p2b: Heatran|Body Press|p1a: \u00c7au-Nhyk\n|-damage|p1a: \u00c7au-Nhyk|0 fnt\n|faint|p1a: \u00c7au-Nhyk\n|\n|win|LDV Soja\n|l|\u2606Andiuu\n","uploadtime":1701030320,"views":11,"p1id":"andiuu","p2id":"ldvsoja","formatid":"gen9doublesou","rating":0,"private":0,"password":""}