{"id":"gen9doublesou-1971688253","p1":"MiserableGameplay","p2":"Drinkle","format":"[Gen 9] Doubles OU","log":"|j|\u203dMiserableGameplay\n|j|\u2606Drinkle\n|t:|1697761287\n|gametype|doubles\n|player|p1|MiserableGameplay|marnie-masters3|1141\n|player|p2|Drinkle|saturn|1160\n|teamsize|p1|6\n|teamsize|p2|6\n|gen|9\n|tier|[Gen 9] Doubles OU\n|rated|\n|rule|Species Clause: Limit one of each Pok\u00e9mon\n|rule|OHKO Clause: OHKO moves are banned\n|rule|Evasion Moves Clause: Evasion moves are banned\n|rule|Gravity Sleep Clause: The combination of sleep-inducing moves with imperfect accuracy and Gravity or Gigantamax Orbeetle are banned\n|rule|Endless Battle Clause: Forcing endless battles is banned\n|rule|HP Percentage Mod: HP is shown in percentages\n|clearpoke\n|poke|p1|Flutter Mane|\n|poke|p1|Chi-Yu|\n|poke|p1|Torkoal, F|\n|poke|p1|Iron Hands|\n|poke|p1|Lilligant, F|\n|poke|p1|Indeedee-F, F|\n|poke|p2|Jirachi|\n|poke|p2|Salamence, M|\n|poke|p2|Iron Valiant|\n|poke|p2|Espeon, F|\n|poke|p2|Palafin, M|\n|poke|p2|Baxcalibur, M|\n|teampreview\n|inactive|Battle timer is ON: inactive players will automatically lose when time's up. (requested by Drinkle)\n|\n|t:|1697761308\n|start\n|switch|p1a: Chi-Yu|Chi-Yu|100\/100\n|switch|p1b: Torkoal|Torkoal, F|100\/100\n|switch|p2a: Palafin|Palafin, M|100\/100\n|switch|p2b: Baxcalibur|Baxcalibur, M, shiny|100\/100\n|-ability|p1a: Chi-Yu|Beads of Ruin\n|-weather|SunnyDay|[from] ability: Drought|[of] p1b: Torkoal\n|turn|1\n|inactive|Drinkle has 120 seconds left.\n|\n|t:|1697761350\n|detailschange|p2a: Palafin|Palafin-Hero, M\n|switch|p2a: Salamence|Salamence, M|100\/100\n|-ability|p2a: Salamence|Intimidate|boost\n|-unboost|p1a: Chi-Yu|atk|1\n|-unboost|p1b: Torkoal|atk|1\n|-terastallize|p2b: Baxcalibur|Water\n|move|p1a: Chi-Yu|Heat Wave|p2b: Baxcalibur|[spread] p2a,p2b\n|-resisted|p2a: Salamence\n|-resisted|p2b: Baxcalibur\n|-damage|p2a: Salamence|51\/100\n|-damage|p2b: Baxcalibur|60\/100\n|-ability|p2b: Baxcalibur|Thermal Exchange|boost\n|-boost|p2b: Baxcalibur|atk|1\n|move|p2b: Baxcalibur|Aqua Tail|p1a: Chi-Yu\n|-supereffective|p1a: Chi-Yu\n|-damage|p1a: Chi-Yu|0 fnt\n|faint|p1a: Chi-Yu\n|move|p1b: Torkoal|Eruption|p2a: Salamence|[spread] p2a,p2b\n|-resisted|p2a: Salamence\n|-resisted|p2b: Baxcalibur\n|-damage|p2a: Salamence|0 fnt\n|-damage|p2b: Baxcalibur|11\/100\n|-ability|p2b: Baxcalibur|Thermal Exchange|boost\n|-boost|p2b: Baxcalibur|atk|1\n|faint|p2a: Salamence\n|\n|-weather|SunnyDay|[upkeep]\n|upkeep\n|inactive|Drinkle has 120 seconds left.\n|inactive|MiserableGameplay has 120 seconds left.\n|\n|t:|1697761391\n|switch|p2a: Espeon|Espeon, F|100\/100\n|switch|p1a: Lilligant|Lilligant, F|100\/100\n|turn|2\n|inactive|Drinkle has 120 seconds left.\n|\n|t:|1697761398\n|move|p1a: Lilligant|After You|p1b: Torkoal\n|-activate|p1b: Torkoal|move: After You\n|move|p1b: Torkoal|Eruption|p2a: Espeon|[spread] p2a,p2b\n|-resisted|p2b: Baxcalibur\n|-damage|p2a: Espeon|0 fnt\n|-damage|p2b: Baxcalibur|0 fnt\n|faint|p2a: Espeon\n|faint|p2b: Baxcalibur\n|\n|-weather|SunnyDay|[upkeep]\n|upkeep\n|inactive|Drinkle has 120 seconds left.\n|\n|t:|1697761407\n|switch|p2a: Palafin|Palafin-Hero, M|100\/100\n|switch|p2b: Iron Valiant|Iron Valiant, shiny|100\/100\n|-activate|p2a: Palafin|ability: Zero to Hero\n|-enditem|p2b: Iron Valiant|Booster Energy\n|-activate|p2b: Iron Valiant|ability: Quark Drive|[fromitem]\n|-start|p2b: Iron Valiant|quarkdrivespe\n|turn|3\n|inactive|Drinkle has 120 seconds left.\n|\n|t:|1697761434\n|switch|p1b: Indeedee|Indeedee-F, F|100\/100\n|-fieldstart|move: Psychic Terrain|[from] ability: Psychic Surge|[of] p1b: Indeedee\n|move|p2a: Palafin|Jet Punch|p1b: Indeedee\n|-activate|p1b: Indeedee|move: Psychic Terrain\n|move|p1a: Lilligant|Leaf Storm|p2a: Palafin\n|-supereffective|p2a: Palafin\n|-crit|p2a: Palafin\n|-damage|p2a: Palafin|0 fnt\n|-unboost|p1a: Lilligant|spa|2\n|faint|p2a: Palafin\n|move|p2b: Iron Valiant|Spirit Break|p1a: Lilligant\n|-damage|p1a: Lilligant|35\/100\n|-unboost|p1a: Lilligant|spa|1\n|\n|-weather|SunnyDay|[upkeep]\n|upkeep\n|inactive|Drinkle has 120 seconds left.\n|\n|t:|1697761448\n|switch|p2a: Jirachi|Jirachi|100\/100\n|-item|p2a: Jirachi|Air Balloon\n|turn|4\n|\n|t:|1697761462\n|move|p1a: Lilligant|Sleep Powder|p2b: Iron Valiant\n|-status|p2b: Iron Valiant|slp|[from] move: Sleep Powder\n|cant|p2b: Iron Valiant|slp\n|move|p2a: Jirachi|Doom Desire|p1b: Indeedee\n|-start|p2a: Jirachi|Doom Desire\n|move|p1b: Indeedee|Heal Pulse|p1a: Lilligant\n|-heal|p1a: Lilligant|85\/100\n|\n|-weather|SunnyDay|[upkeep]\n|upkeep\n|turn|5\n|\n|t:|1697761491\n|switch|p1a: Iron Hands|Iron Hands|100\/100\n|cant|p2b: Iron Valiant|slp\n|move|p2a: Jirachi|Wish|p2a: Jirachi\n|move|p1b: Indeedee|Reflect|p1b: Indeedee\n|-sidestart|p1: MiserableGameplay|Reflect\n|\n|-weather|none\n|upkeep\n|turn|6\n|\n|t:|1697761507\n|move|p1b: Indeedee|Helping Hand|p1a: Iron Hands\n|-singleturn|p1a: Iron Hands|Helping Hand|[of] p1b: Indeedee\n|-curestatus|p2b: Iron Valiant|slp|[msg]\n|move|p2b: Iron Valiant|Spirit Break|p1a: Iron Hands\n|-supereffective|p1a: Iron Hands\n|-damage|p1a: Iron Hands|65\/100\n|-unboost|p1a: Iron Hands|spa|1\n|move|p2a: Jirachi|Psychic|p1a: Iron Hands\n|-supereffective|p1a: Iron Hands\n|-damage|p1a: Iron Hands|34\/100\n|move|p1a: Iron Hands|Heavy Slam|p2b: Iron Valiant\n|-supereffective|p2b: Iron Valiant\n|-damage|p2b: Iron Valiant|0 fnt\n|faint|p2b: Iron Valiant\n|-end|p2b: Iron Valiant|Quark Drive|[silent]\n|\n|-end|p1b: Indeedee|move: Doom Desire\n|-damage|p1b: Indeedee|52\/100\n|upkeep\n|turn|7\n|\n|t:|1697761529\n|move|p1b: Indeedee|Helping Hand|p1a: Iron Hands\n|-singleturn|p1a: Iron Hands|Helping Hand|[of] p1b: Indeedee\n|move|p2a: Jirachi|Psychic|p1a: Iron Hands\n|-supereffective|p1a: Iron Hands\n|-damage|p1a: Iron Hands|5\/100\n|move|p1a: Iron Hands|Drain Punch|p2a: Jirachi\n|-damage|p2a: Jirachi|46\/100\n|-heal|p1a: Iron Hands|29\/100|[from] drain|[of] p2a: Jirachi\n|-enditem|p2a: Jirachi|Air Balloon\n|\n|-fieldend|move: Psychic Terrain\n|upkeep\n|turn|8\n|\n|t:|1697761546\n|move|p1b: Indeedee|Follow Me|p1b: Indeedee\n|-singleturn|p1b: Indeedee|move: Follow Me\n|move|p2a: Jirachi|Psychic|p1b: Indeedee\n|-resisted|p1b: Indeedee\n|-damage|p1b: Indeedee|38\/100\n|-enditem|p1b: Indeedee|Sitrus Berry|[eat]\n|-heal|p1b: Indeedee|63\/100|[from] item: Sitrus Berry\n|move|p1a: Iron Hands|Drain Punch|p2a: Jirachi\n|-crit|p2a: Jirachi\n|-damage|p2a: Jirachi|0 fnt\n|-heal|p1a: Iron Hands|49\/100|[from] drain|[of] p2a: Jirachi\n|faint|p2a: Jirachi\n|\n|win|MiserableGameplay\n|raw|MiserableGameplay's rating: 1141 &rarr; <strong>1167<\/strong><br \/>(+26 for winning)\n|raw|Drinkle's rating: 1160 &rarr; <strong>1134<\/strong><br \/>(-26 for losing)\n|l|\u2606Drinkle\n","uploadtime":1697761556,"views":17,"p1id":"miserablegameplay","p2id":"drinkle","formatid":"gen9doublesou","rating":1134,"private":0,"password":""}