{"id":"gen9doublesou-1990643968","p1":"Blue Syrius","p2":"twopape","format":"[Gen 9] Doubles OU","log":"|j|\u2606Blue Syrius\n|j|\u2606twopape\n|t:|1699988234\n|gametype|doubles\n|player|p1|Blue Syrius|youngster-gen4dp|1107\n|player|p2|twopape|swimmer|1026\n|teamsize|p1|6\n|teamsize|p2|6\n|gen|9\n|tier|[Gen 9] Doubles OU\n|rated|\n|rule|Species Clause: Limit one of each Pok\u00e9mon\n|rule|OHKO Clause: OHKO moves are banned\n|rule|Evasion Moves Clause: Evasion moves are banned\n|rule|Gravity Sleep Clause: The combination of sleep-inducing moves with imperfect accuracy and Gravity or Gigantamax Orbeetle are banned\n|rule|Endless Battle Clause: Forcing endless battles is banned\n|rule|HP Percentage Mod: HP is shown in percentages\n|clearpoke\n|poke|p1|Oranguru, F|\n|poke|p1|Diancie|\n|poke|p1|Grimmsnarl, M|\n|poke|p1|Grafaiai, F|\n|poke|p1|Flutter Mane|\n|poke|p1|Roaring Moon|\n|poke|p2|Landorus-Therian, M|\n|poke|p2|Eelektross, M|\n|poke|p2|Azumarill, M|\n|poke|p2|Regieleki|\n|poke|p2|Slaking, M|\n|poke|p2|Weezing, M|\n|teampreview\n|\n|t:|1699988243\n|start\n|switch|p1a: Diancie|Diancie, shiny|100\/100\n|switch|p1b: Grimmsnarl|Grimmsnarl, M, shiny|100\/100\n|switch|p2a: Landorus|Landorus-Therian, M|100\/100\n|switch|p2b: Azumarill|Azumarill, M|100\/100\n|-ability|p2a: Landorus|Intimidate|boost\n|-fail|p1a: Diancie|unboost|[from] ability: Clear Body|[of] p1a: Diancie\n|-unboost|p1b: Grimmsnarl|atk|1\n|turn|1\n|inactive|Battle timer is ON: inactive players will automatically lose when time's up. (requested by Blue Syrius)\n|\n|t:|1699988259\n|move|p1b: Grimmsnarl|Reflect|p1b: Grimmsnarl\n|-sidestart|p1: Blue Syrius|Reflect\n|move|p2a: Landorus|Rain Dance|p2a: Landorus\n|-weather|RainDance\n|move|p2b: Azumarill|Aqua Tail|p1a: Diancie\n|-supereffective|p1a: Diancie\n|-damage|p1a: Diancie|36\/100\n|-enditem|p1a: Diancie|Sitrus Berry|[eat]\n|-heal|p1a: Diancie|61\/100|[from] item: Sitrus Berry\n|move|p1a: Diancie|Iron Defense|p1a: Diancie\n|-boost|p1a: Diancie|def|2\n|\n|-weather|RainDance|[upkeep]\n|upkeep\n|turn|2\n|\n|t:|1699988277\n|-terastallize|p1a: Diancie|Grass\n|move|p1b: Grimmsnarl|Light Screen|p1b: Grimmsnarl\n|-sidestart|p1: Blue Syrius|move: Light Screen\n|move|p2a: Landorus|Rock Slide|p1a: Diancie|[spread] p1a,p1b\n|-damage|p1a: Diancie|56\/100\n|-damage|p1b: Grimmsnarl|81\/100\n|move|p2b: Azumarill|Aqua Tail|p1a: Diancie\n|-resisted|p1a: Diancie\n|-damage|p1a: Diancie|48\/100\n|move|p1a: Diancie|Iron Defense|p1a: Diancie\n|-boost|p1a: Diancie|def|2\n|\n|-weather|RainDance|[upkeep]\n|upkeep\n|turn|3\n|\n|t:|1699988298\n|move|p1b: Grimmsnarl|Thunder Wave|p2b: Azumarill\n|-status|p2b: Azumarill|par\n|move|p2a: Landorus|Rock Slide|p1b: Grimmsnarl|[spread] p1a,p1b\n|-damage|p1a: Diancie|45\/100\n|-damage|p1b: Grimmsnarl|61\/100\n|move|p1a: Diancie|Calm Mind|p1a: Diancie\n|-boost|p1a: Diancie|spa|1\n|-boost|p1a: Diancie|spd|1\n|move|p2b: Azumarill|Play Rough|p1b: Grimmsnarl\n|-supereffective|p1b: Grimmsnarl\n|-damage|p1b: Grimmsnarl|0 fnt\n|faint|p1b: Grimmsnarl\n|\n|-weather|RainDance|[upkeep]\n|upkeep\n|inactive|Blue Syrius has 120 seconds left.\n|\n|t:|1699988313\n|switch|p1b: Grafaiai|Grafaiai, F|100\/100\n|turn|4\n|\n|t:|1699988333\n|move|p1b: Grafaiai|Switcheroo|p2a: Landorus\n|-activate|p1b: Grafaiai|move: Trick|[of] p2a: Landorus\n|-item|p2a: Landorus|Choice Specs|[from] move: Switcheroo\n|-item|p1b: Grafaiai|Leftovers|[from] move: Switcheroo\n|move|p2a: Landorus|Rock Slide|p1a: Diancie|[spread] p1a,p1b\n|-damage|p1a: Diancie|42\/100\n|-damage|p1b: Grafaiai|78\/100\n|move|p1a: Diancie|Baton Pass|p1a: Diancie\n|\n|t:|1699988341\n|switch|p1a: Oranguru|Oranguru, F|100\/100|[from] Baton Pass\n|move|p2b: Azumarill|Play Rough|p1b: Grafaiai\n|-resisted|p1b: Grafaiai\n|-damage|p1b: Grafaiai|54\/100\n|\n|-weather|RainDance|[upkeep]\n|-heal|p1b: Grafaiai|60\/100|[from] item: Leftovers\n|upkeep\n|turn|5\n|\n|t:|1699988359\n|switch|p2b: Slaking|Slaking, M|100\/100\n|move|p1b: Grafaiai|Parting Shot|p2b: Slaking\n|-unboost|p2b: Slaking|atk|1\n|-unboost|p2b: Slaking|spa|1\n|\n|t:|1699988372\n|switch|p1b: Flutter Mane|Flutter Mane|100\/100|[from] Parting Shot\n|-enditem|p1b: Flutter Mane|Booster Energy\n|-activate|p1b: Flutter Mane|ability: Protosynthesis|[fromitem]\n|-start|p1b: Flutter Mane|protosynthesisspa\n|move|p2a: Landorus|Rock Slide|p1a: Oranguru|[spread] p1a,p1b\n|-damage|p1a: Oranguru|95\/100\n|-damage|p1b: Flutter Mane|66\/100\n|move|p1a: Oranguru|Nasty Plot|p1a: Oranguru\n|-boost|p1a: Oranguru|spa|2\n|\n|-weather|none\n|upkeep\n|turn|6\n|\n|t:|1699988390\n|move|p1b: Flutter Mane|Dazzling Gleam|p2b: Slaking|[spread] p2a,p2b\n|-damage|p2a: Landorus|52\/100\n|-damage|p2b: Slaking|63\/100\n|move|p2b: Slaking|Bulk Up|p2b: Slaking\n|-boost|p2b: Slaking|atk|1\n|-boost|p2b: Slaking|def|1\n|move|p2a: Landorus|Rock Slide|p1a: Oranguru|[spread] p1a,p1b\n|-damage|p1a: Oranguru|90\/100\n|-damage|p1b: Flutter Mane|32\/100\n|move|p1a: Oranguru|Stored Power|p2b: Slaking\n|-damage|p2b: Slaking|0 fnt\n|faint|p2b: Slaking\n|\n|upkeep\n|\n|t:|1699988406\n|switch|p2b: Regieleki|Regieleki|100\/100\n|-item|p2b: Regieleki|Air Balloon\n|turn|7\n|\n|t:|1699988421\n|move|p2b: Regieleki|Charge|p2b: Regieleki\n|-boost|p2b: Regieleki|spd|1\n|-start|p2b: Regieleki|Charge\n|move|p1b: Flutter Mane|Shadow Ball|p2b: Regieleki\n|-damage|p2b: Regieleki|38\/100\n|-enditem|p2b: Regieleki|Air Balloon\n|move|p2a: Landorus|Rock Slide|p1b: Flutter Mane|[spread] p1a,p1b\n|-damage|p1a: Oranguru|84\/100\n|-damage|p1b: Flutter Mane|0 fnt\n|faint|p1b: Flutter Mane\n|-end|p1b: Flutter Mane|Protosynthesis|[silent]\n|move|p1a: Oranguru|Instruct|p1: Flutter Mane|[notarget]\n|-fail|p1a: Oranguru\n|\n|upkeep\n|\n|t:|1699988436\n|switch|p1b: Grafaiai|Grafaiai, F|60\/100\n|turn|8\n|\n|t:|1699988451\n|move|p1b: Grafaiai|Encore|p2b: Regieleki\n|-start|p2b: Regieleki|Encore\n|move|p2b: Regieleki|Charge|p2b: Regieleki\n|-boost|p2b: Regieleki|spd|1\n|-start|p2b: Regieleki|Charge\n|move|p2a: Landorus|Rock Slide|p1a: Oranguru|[spread] p1a,p1b\n|-damage|p1a: Oranguru|79\/100\n|-damage|p1b: Grafaiai|36\/100\n|move|p1a: Oranguru|Nasty Plot|p1a: Oranguru\n|-boost|p1a: Oranguru|spa|2\n|\n|-heal|p1b: Grafaiai|42\/100|[from] item: Leftovers\n|-sideend|p1: Blue Syrius|Reflect\n|upkeep\n|turn|9\n|\n|t:|1699988471\n|switch|p2b: Weezing|Weezing, M|100\/100\n|-ability|p2b: Weezing|Neutralizing Gas\n|move|p1b: Grafaiai|Parting Shot|p2a: Landorus\n|-unboost|p2a: Landorus|atk|1\n|-unboost|p2a: Landorus|spa|1\n|\n|t:|1699988479\n|switch|p1b: Roaring Moon|Roaring Moon|100\/100|[from] Parting Shot\n|-enditem|p1b: Roaring Moon|Booster Energy\n|-activate|p1b: Roaring Moon|ability: Protosynthesis|[fromitem]\n|-start|p1b: Roaring Moon|protosynthesisatk\n|move|p2a: Landorus|Rock Slide|p1b: Roaring Moon|[spread] p1a,p1b\n|-damage|p1a: Oranguru|74\/100\n|-damage|p1b: Roaring Moon|80\/100\n|move|p1a: Oranguru|Stored Power|p2b: Weezing\n|-supereffective|p2b: Weezing\n|-damage|p2b: Weezing|0 fnt\n|faint|p2b: Weezing\n|-end|p2b: Weezing|ability: Neutralizing Gas\n|-ability|p2a: Landorus|Intimidate|boost\n|-unboost|p1a: Oranguru|atk|1\n|-unboost|p1b: Roaring Moon|atk|1\n|\n|-sideend|p1: Blue Syrius|move: Light Screen\n|upkeep\n|\n|t:|1699988493\n|switch|p2b: Azumarill|Azumarill, M|100\/100 par\n|turn|10\n|\n|t:|1699988515\n|move|p1b: Roaring Moon|Knock Off|p2b: Azumarill\n|-resisted|p2b: Azumarill\n|-damage|p2b: Azumarill|73\/100 par\n|-enditem|p2b: Azumarill|Assault Vest|[from] move: Knock Off|[of] p1b: Roaring Moon\n|move|p2a: Landorus|Rock Slide|p1a: Oranguru|[spread] p1a,p1b\n|-damage|p1a: Oranguru|68\/100\n|-damage|p1b: Roaring Moon|59\/100\n|cant|p1a: Oranguru|flinch\n|move|p2b: Azumarill|Play Rough|p1b: Roaring Moon|[miss]\n|-miss|p2b: Azumarill|p1b: Roaring Moon\n|\n|upkeep\n|turn|11\n|inactive|Blue Syrius has 120 seconds left.\n|\n|t:|1699988546\n|-end|p1b: Roaring Moon|Protosynthesis|[silent]\n|switch|p1b: Diancie|Diancie, shiny, tera:Grass|42\/100\n|cant|p2b: Azumarill|par\n|move|p2a: Landorus|Rock Slide|p1b: Diancie|[spread] p1a\n|-miss|p2a: Landorus|p1b: Diancie\n|-damage|p1a: Oranguru|62\/100\n|move|p1a: Oranguru|Yawn|p2a: Landorus\n|-start|p2a: Landorus|move: Yawn|[of] p1a: Oranguru\n|\n|upkeep\n|turn|12\n|inactive|Blue Syrius has 120 seconds left.\n|\n|t:|1699988576\n|move|p2b: Azumarill|Aqua Jet|p1a: Oranguru\n|-damage|p1a: Oranguru|54\/100\n|move|p2a: Landorus|Rock Slide|p1a: Oranguru|[spread] p1a,p1b\n|-damage|p1a: Oranguru|48\/100\n|-damage|p1b: Diancie|32\/100\n|-enditem|p1a: Oranguru|Sitrus Berry|[eat]\n|-heal|p1a: Oranguru|73\/100|[from] item: Sitrus Berry\n|move|p1a: Oranguru|Stored Power|p2b: Azumarill\n|-damage|p2b: Azumarill|0 fnt\n|faint|p2b: Azumarill\n|cant|p1b: Diancie|flinch\n|\n|-end|p2a: Landorus|move: Yawn|[silent]\n|-status|p2a: Landorus|slp\n|upkeep\n|\n|t:|1699988587\n|switch|p2b: Regieleki|Regieleki|38\/100\n|turn|13\n|inactive|Blue Syrius has 120 seconds left.\n|\n|t:|1699988616\n|move|p2b: Regieleki|Electro Ball|p1a: Oranguru\n|-damage|p1a: Oranguru|54\/100\n|cant|p2a: Landorus|slp\n|move|p1a: Oranguru|Stored Power|p2b: Regieleki\n|-damage|p2b: Regieleki|0 fnt\n|faint|p2b: Regieleki\n|move|p1b: Diancie|Substitute|p1b: Diancie\n|-start|p1b: Diancie|Substitute\n|-damage|p1b: Diancie|7\/100\n|\n|upkeep\n|\n|t:|1699988623\n|switch|p2b: Eelektross|Eelektross, M|100\/100\n|turn|14\n|\n|t:|1699988629\n|-curestatus|p2a: Landorus|slp|[msg]\n|move|p2a: Landorus|Rock Slide|p1b: Diancie|[spread] p1a,p1b\n|-activate|p1b: Diancie|move: Substitute|[damage]\n|-damage|p1a: Oranguru|48\/100\n|move|p2b: Eelektross|Close Combat|p1a: Oranguru\n|-damage|p1a: Oranguru|36\/100\n|-unboost|p2b: Eelektross|def|1\n|-unboost|p2b: Eelektross|spd|1\n|move|p1a: Oranguru|Stored Power|p2b: Eelektross\n|-damage|p2b: Eelektross|0 fnt\n|faint|p2b: Eelektross\n|move|p1b: Diancie|Baton Pass|p1b: Diancie\n|\n|t:|1699988643\n|switch|p1b: Roaring Moon|Roaring Moon|59\/100|[from] Baton Pass\n|\n|upkeep\n|turn|15\n|\n|t:|1699988654\n|-terastallize|p2a: Landorus|Ground\n|move|p1b: Roaring Moon|Knock Off|p2a: Landorus\n|-damage|p2a: Landorus|0 fnt\n|-enditem|p2a: Landorus|Choice Specs|[from] move: Knock Off|[of] p1b: Roaring Moon\n|faint|p2a: Landorus\n|\n|win|Blue Syrius\n|raw|Blue Syrius's rating: 1107 &rarr; <strong>1126<\/strong><br \/>(+19 for winning)\n|raw|twopape's rating: 1026 &rarr; <strong>1015<\/strong><br \/>(-11 for losing)\n|l|\u2606twopape\n","uploadtime":1699988663,"views":4,"p1id":"bluesyrius","p2id":"twopape","formatid":"gen9doublesou","rating":1015,"private":0,"password":""}