{"id":"gen9doublesou-1981859074","p1":"Undead_Redhead","p2":"Biggysmolls","format":"[Gen 9] Doubles OU","log":"|j|\u2606Undead_Redhead\n|j|\u2606Biggysmolls\n|t:|1698946999\n|gametype|doubles\n|player|p1|Undead_Redhead|flannery|1125\n|player|p2|Biggysmolls|266|1128\n|teamsize|p1|6\n|teamsize|p2|6\n|gen|9\n|tier|[Gen 9] Doubles OU\n|rated|\n|rule|Species Clause: Limit one of each Pok\u00e9mon\n|rule|OHKO Clause: OHKO moves are banned\n|rule|Evasion Moves Clause: Evasion moves are banned\n|rule|Gravity Sleep Clause: The combination of sleep-inducing moves with imperfect accuracy and Gravity or Gigantamax Orbeetle are banned\n|rule|Endless Battle Clause: Forcing endless battles is banned\n|rule|HP Percentage Mod: HP is shown in percentages\n|clearpoke\n|poke|p1|Ninetales-Alola, F|\n|poke|p1|Abomasnow, M|\n|poke|p1|Cetitan, F|\n|poke|p1|Froslass, F|\n|poke|p1|Baxcalibur, M|\n|poke|p1|Beartic, F|\n|poke|p2|Kommo-o, M|\n|poke|p2|Sinistcha-Masterpiece|\n|poke|p2|Cresselia, F|\n|poke|p2|Typhlosion-Hisui, M|\n|poke|p2|Snorlax, M|\n|poke|p2|Grimmsnarl, M|\n|teampreview\n|\n|t:|1698947009\n|start\n|switch|p1a: Ninetales|Ninetales-Alola, F|100\/100\n|switch|p1b: Cetitan|Cetitan, F|100\/100\n|switch|p2a: Cresselia|Cresselia, F|100\/100\n|switch|p2b: Kommo-o|Kommo-o, M|100\/100\n|-weather|Snow|[from] ability: Snow Warning|[of] p1a: Ninetales\n|turn|1\n|\n|t:|1698947034\n|-terastallize|p2b: Kommo-o|Steel\n|move|p1b: Cetitan|Belly Drum|p1b: Cetitan\n|-damage|p1b: Cetitan|50\/100\n|-setboost|p1b: Cetitan|atk|6|[from] move: Belly Drum\n|-enditem|p1b: Cetitan|Sitrus Berry|[eat]\n|-heal|p1b: Cetitan|75\/100|[from] item: Sitrus Berry\n|move|p1a: Ninetales|Aurora Veil|p1a: Ninetales\n|-sidestart|p1: Undead_Redhead|move: Aurora Veil\n|move|p2b: Kommo-o|Clangorous Soul|p2b: Kommo-o\n|-boost|p2b: Kommo-o|atk|1\n|-boost|p2b: Kommo-o|def|1\n|-boost|p2b: Kommo-o|spa|1\n|-boost|p2b: Kommo-o|spd|1\n|-boost|p2b: Kommo-o|spe|1\n|-damage|p2b: Kommo-o|68\/100\n|-enditem|p2b: Kommo-o|Throat Spray\n|-boost|p2b: Kommo-o|spa|1|[from] item: Throat Spray\n|move|p2a: Cresselia|Trick Room|p2a: Cresselia\n|-fieldstart|move: Trick Room|[of] p2a: Cresselia\n|\n|-weather|Snow|[upkeep]\n|upkeep\n|turn|2\n|\n|t:|1698947068\n|move|p1a: Ninetales|Protect|p1a: Ninetales\n|-singleturn|p1a: Ninetales|Protect\n|move|p2a: Cresselia|Lunar Blessing|p2a: Cresselia|[spread] p2a,p2b\n|-heal|p2b: Kommo-o|93\/100\n|move|p2b: Kommo-o|Clanging Scales|p1a: Ninetales|[spread] p1b\n|-activate|p1a: Ninetales|move: Protect\n|-damage|p1b: Cetitan|22\/100\n|-unboost|p2b: Kommo-o|def|1\n|move|p1b: Cetitan|Knock Off|p2a: Cresselia\n|-supereffective|p2a: Cresselia\n|-crit|p2a: Cresselia\n|-damage|p2a: Cresselia|0 fnt\n|-enditem|p2a: Cresselia|Leftovers|[from] move: Knock Off|[of] p1b: Cetitan\n|faint|p2a: Cresselia\n|\n|-weather|Snow|[upkeep]\n|upkeep\n|\n|t:|1698947092\n|switch|p2a: Snorlax|Snorlax, M|100\/100\n|turn|3\n|\n|t:|1698947117\n|move|p1b: Cetitan|Ice Shard|p2b: Kommo-o\n|-resisted|p2b: Kommo-o\n|-damage|p2b: Kommo-o|64\/100\n|move|p2a: Snorlax|Belly Drum|p2a: Snorlax\n|-damage|p2a: Snorlax|50\/100\n|-setboost|p2a: Snorlax|atk|6|[from] move: Belly Drum\n|-enditem|p2a: Snorlax|Sitrus Berry|[eat]\n|-heal|p2a: Snorlax|75\/100|[from] item: Sitrus Berry\n|move|p2b: Kommo-o|Focus Blast|p1b: Cetitan|[miss]\n|-miss|p2b: Kommo-o|p1b: Cetitan\n|move|p1a: Ninetales|Blizzard|p2b: Kommo-o|[spread] p2a,p2b\n|-resisted|p2b: Kommo-o\n|-damage|p2a: Snorlax|66\/100\n|-damage|p2b: Kommo-o|56\/100\n|\n|-weather|Snow|[upkeep]\n|upkeep\n|turn|4\n|\n|t:|1698947150\n|move|p1b: Cetitan|Ice Shard|p2a: Snorlax\n|-damage|p2a: Snorlax|29\/100\n|move|p2a: Snorlax|High Horsepower|p1a: Ninetales\n|-damage|p1a: Ninetales|17\/100\n|move|p2b: Kommo-o|Clanging Scales|p1a: Ninetales|[spread] p1b\n|-immune|p1a: Ninetales\n|-damage|p1b: Cetitan|0 fnt\n|faint|p1b: Cetitan\n|-unboost|p2b: Kommo-o|def|1\n|move|p1a: Ninetales|Blizzard|p2b: Kommo-o|[spread] p2a,p2b\n|-resisted|p2b: Kommo-o\n|-damage|p2a: Snorlax|20\/100\n|-damage|p2b: Kommo-o|47\/100\n|\n|-weather|Snow|[upkeep]\n|upkeep\n|\n|t:|1698947172\n|switch|p1b: Froslass|Froslass, F|100\/100\n|turn|5\n|\n|t:|1698947187\n|move|p1a: Ninetales|Protect|p1a: Ninetales\n|-singleturn|p1a: Ninetales|Protect\n|move|p2a: Snorlax|High Horsepower|p1a: Ninetales\n|-activate|p1a: Ninetales|move: Protect\n|move|p2b: Kommo-o|Clanging Scales|p1a: Ninetales|[spread] \n|-activate|p1a: Ninetales|move: Protect\n|-miss|p2b: Kommo-o|p1b: Froslass\n|move|p1b: Froslass|Icy Wind|p2b: Kommo-o|[spread] p2a,p2b\n|-resisted|p2b: Kommo-o\n|-damage|p2a: Snorlax|15\/100\n|-damage|p2b: Kommo-o|42\/100\n|-unboost|p2a: Snorlax|spe|1\n|-unboost|p2b: Kommo-o|spe|1\n|\n|-weather|none\n|-fieldend|move: Trick Room\n|upkeep\n|turn|6\n|\n|t:|1698947215\n|move|p2a: Snorlax|Protect|p2a: Snorlax\n|-singleturn|p2a: Snorlax|Protect\n|move|p1b: Froslass|Shadow Ball|p2b: Kommo-o\n|-immune|p2b: Kommo-o|[from] ability: Bulletproof\n|move|p1a: Ninetales|Dazzling Gleam|p2a: Snorlax|[spread] p2b\n|-activate|p2a: Snorlax|move: Protect\n|-resisted|p2b: Kommo-o\n|-damage|p2b: Kommo-o|36\/100\n|move|p2b: Kommo-o|Clanging Scales|p1b: Froslass|[spread] p1b\n|-immune|p1a: Ninetales\n|-damage|p1b: Froslass|25\/100\n|-unboost|p2b: Kommo-o|def|1\n|\n|upkeep\n|turn|7\n|\n|t:|1698947247\n|move|p1a: Ninetales|Protect|p1a: Ninetales\n|-singleturn|p1a: Ninetales|Protect\n|move|p1b: Froslass|Destiny Bond|p1b: Froslass\n|-singlemove|p1b: Froslass|Destiny Bond\n|move|p2b: Kommo-o|Tera Blast|p1a: Ninetales|[anim] Tera Blast Steel\n|-activate|p1a: Ninetales|move: Protect\n|move|p2a: Snorlax|High Horsepower|p1b: Froslass\n|-damage|p1b: Froslass|0 fnt\n|faint|p1b: Froslass\n|-activate|p1b: Froslass|move: Destiny Bond\n|faint|p2a: Snorlax\n|\n|upkeep\n|\n|t:|1698947275\n|switch|p1b: Baxcalibur|Baxcalibur, M|100\/100\n|switch|p2a: Typhlosion|Typhlosion-Hisui, M|100\/100\n|-item|p1a: Ninetales|Light Clay|[from] ability: Frisk|[of] p2a: Typhlosion|[identify]\n|-item|p1b: Baxcalibur|Loaded Dice|[from] ability: Frisk|[of] p2a: Typhlosion|[identify]\n|turn|8\n|\n|t:|1698947291\n|switch|p1a: Abomasnow|Abomasnow, M|100\/100\n|-weather|Snow|[from] ability: Snow Warning|[of] p1a: Abomasnow\n|move|p1b: Baxcalibur|Brick Break|p2b: Kommo-o\n|-supereffective|p2b: Kommo-o\n|-damage|p2b: Kommo-o|0 fnt\n|faint|p2b: Kommo-o\n|move|p2a: Typhlosion|Eruption|p1b: Baxcalibur|[spread] p1a,p1b\n|-supereffective|p1a: Abomasnow\n|-damage|p1a: Abomasnow|0 fnt\n|-damage|p1b: Baxcalibur|49\/100\n|-ability|p1b: Baxcalibur|Thermal Exchange|boost\n|-boost|p1b: Baxcalibur|atk|1\n|faint|p1a: Abomasnow\n|-damage|p2a: Typhlosion|90\/100|[from] item: Life Orb\n|\n|-weather|Snow|[upkeep]\n|-sideend|p1: Undead_Redhead|move: Aurora Veil\n|upkeep\n|\n|t:|1698947314\n|switch|p2b: Grimmsnarl|Grimmsnarl, M|100\/100\n|switch|p1a: Ninetales|Ninetales-Alola, F|17\/100\n|turn|9\n|\n|t:|1698947327\n|move|p2b: Grimmsnarl|Reflect|p2b: Grimmsnarl\n|-sidestart|p2: Biggysmolls|Reflect\n|move|p1a: Ninetales|Aurora Veil|p1a: Ninetales\n|-sidestart|p1: Undead_Redhead|move: Aurora Veil\n|move|p1b: Baxcalibur|Crunch|p2a: Typhlosion\n|-supereffective|p2a: Typhlosion\n|-damage|p2a: Typhlosion|23\/100\n|-unboost|p2a: Typhlosion|def|1\n|move|p2a: Typhlosion|Eruption|p1a: Ninetales|[spread] p1a,p1b\n|-supereffective|p1a: Ninetales\n|-damage|p1a: Ninetales|0 fnt\n|-damage|p1b: Baxcalibur|38\/100\n|-ability|p1b: Baxcalibur|Thermal Exchange|boost\n|-boost|p1b: Baxcalibur|atk|1\n|faint|p1a: Ninetales\n|-damage|p2a: Typhlosion|13\/100|[from] item: Life Orb\n|\n|-weather|Snow|[upkeep]\n|upkeep\n|\n|t:|1698947343\n|switch|p1a: Beartic|Beartic, F|100\/100\n|turn|10\n|\n|t:|1698947371\n|move|p1a: Beartic|Icicle Crash|p2b: Grimmsnarl\n|-damage|p2b: Grimmsnarl|61\/100\n|move|p1b: Baxcalibur|Crunch|p2a: Typhlosion\n|-supereffective|p2a: Typhlosion\n|-damage|p2a: Typhlosion|0 fnt\n|faint|p2a: Typhlosion\n|cant|p2b: Grimmsnarl|flinch\n|\n|-weather|Snow|[upkeep]\n|upkeep\n|\n|t:|1698947393\n|switch|p2a: Sinistcha|Sinistcha-Masterpiece|100\/100\n|-heal|p2b: Grimmsnarl|86\/100|[from] ability: Hospitality|[of] p2a: Sinistcha\n|turn|11\n|\n|t:|1698947412\n|-terastallize|p1a: Beartic|Fairy\n|move|p1a: Beartic|Play Rough|p2b: Grimmsnarl|[miss]\n|-miss|p1a: Beartic|p2b: Grimmsnarl\n|move|p1b: Baxcalibur|Icicle Spear|p2a: Sinistcha\n|-supereffective|p2a: Sinistcha\n|-damage|p2a: Sinistcha|77\/100\n|-supereffective|p2a: Sinistcha\n|-damage|p2a: Sinistcha|50\/100\n|-supereffective|p2a: Sinistcha\n|-damage|p2a: Sinistcha|24\/100\n|-supereffective|p2a: Sinistcha\n|-damage|p2a: Sinistcha|0 fnt\n|faint|p2a: Sinistcha\n|-hitcount|p2: Sinistcha|4\n|move|p2b: Grimmsnarl|Play Rough|p1b: Baxcalibur\n|-supereffective|p1b: Baxcalibur\n|-damage|p1b: Baxcalibur|0 fnt\n|faint|p1b: Baxcalibur\n|\n|-weather|Snow|[upkeep]\n|upkeep\n|turn|12\n|\n|t:|1698947440\n|move|p1a: Beartic|Play Rough|p2b: Grimmsnarl\n|-supereffective|p2b: Grimmsnarl\n|-damage|p2b: Grimmsnarl|0 fnt\n|faint|p2b: Grimmsnarl\n|\n|win|Undead_Redhead\n|raw|Undead_Redhead's rating: 1125 &rarr; <strong>1150<\/strong><br \/>(+25 for winning)\n|raw|Biggysmolls's rating: 1128 &rarr; <strong>1103<\/strong><br \/>(-25 for losing)\n|c|\u2606Undead_Redhead|Gg\n|l|\u2606Biggysmolls\n","uploadtime":1698947460,"views":21,"p1id":"undeadredhead","p2id":"biggysmolls","formatid":"gen9doublesou","rating":1103,"private":0,"password":""}