{"id":"gen9doublesou-1986102076","p1":"smexydevvi","p2":"Flythisdragon2277","format":"[Gen 9] Doubles OU","log":"|j|\u2606smexydevvi\n|j|\u2606Flythisdragon2277\n|t:|1699450276\n|gametype|doubles\n|player|p1|smexydevvi|cynthia-gen4|1084\n|player|p2|Flythisdragon2277|hilda-wonderlauncher|1027\n|teamsize|p1|6\n|teamsize|p2|6\n|gen|9\n|tier|[Gen 9] Doubles OU\n|rated|\n|rule|Species Clause: Limit one of each Pok\u00e9mon\n|rule|OHKO Clause: OHKO moves are banned\n|rule|Evasion Moves Clause: Evasion moves are banned\n|rule|Gravity Sleep Clause: The combination of sleep-inducing moves with imperfect accuracy and Gravity or Gigantamax Orbeetle are banned\n|rule|Endless Battle Clause: Forcing endless battles is banned\n|rule|HP Percentage Mod: HP is shown in percentages\n|clearpoke\n|poke|p1|Arboliva, F|\n|poke|p1|Torkoal, M|\n|poke|p1|Vaporeon, M|\n|poke|p1|Overqwil, M|\n|poke|p1|Hatterene, F|\n|poke|p1|Scream Tail|\n|poke|p2|Zoroark-Hisui, F|\n|poke|p2|Ditto|\n|poke|p2|Great Tusk|\n|poke|p2|Hatterene, F|\n|poke|p2|Baxcalibur, M|\n|poke|p2|Amoonguss, M|\n|teampreview\n|\n|t:|1699450293\n|start\n|switch|p1a: Hatterene|Hatterene, F|100\/100\n|switch|p1b: Scream Tail|Scream Tail|100\/100\n|switch|p2a: Baxcalibur|Baxcalibur, M|100\/100\n|switch|p2b: Ditto|Ditto|100\/100\n|-transform|p2b: Ditto|p1a: Hatterene|[from] ability: Imposter\n|turn|1\n|\n|t:|1699450325\n|move|p1b: Scream Tail|Thunder Wave|p2a: Baxcalibur\n|-status|p2a: Baxcalibur|par\n|cant|p2a: Baxcalibur|par\n|move|p1a: Hatterene|Dazzling Gleam|p2a: Baxcalibur|[spread] p2a,p2b\n|-damage|p2a: Baxcalibur|54\/100 par\n|-damage|p2b: Ditto|64\/100\n|replace|p2a: Zoroark|Zoroark-Hisui, F\n|-end|p2a: Zoroark|Illusion\n|move|p2b: Ditto|Mystical Fire|p1a: Hatterene\n|-crit|p1a: Hatterene\n|-damage|p1a: Hatterene|71\/100\n|-unboost|p1a: Hatterene|spa|1\n|\n|upkeep\n|turn|2\n|\n|t:|1699450364\n|switch|p1a: Vaporeon|Vaporeon, M|100\/100\n|move|p1b: Scream Tail|Sunny Day|p1b: Scream Tail\n|-weather|SunnyDay\n|-activate|p1b: Scream Tail|ability: Protosynthesis\n|-start|p1b: Scream Tail|protosynthesisspe\n|move|p2a: Zoroark|Icy Wind|p1a: Vaporeon|[spread] p1a,p1b\n|-resisted|p1a: Vaporeon\n|-damage|p1a: Vaporeon|96\/100\n|-damage|p1b: Scream Tail|92\/100\n|-unboost|p1a: Vaporeon|spe|1\n|-unboost|p1b: Scream Tail|spe|1\n|move|p2b: Ditto|Giga Drain|p1b: Scream Tail\n|-damage|p1b: Scream Tail|72\/100\n|-heal|p2b: Ditto|79\/100|[from] drain|[of] p1b: Scream Tail\n|\n|-weather|SunnyDay|[upkeep]\n|-heal|p1b: Scream Tail|79\/100|[from] item: Leftovers\n|-heal|p1a: Vaporeon|100\/100|[from] item: Leftovers\n|upkeep\n|turn|3\n|\n|t:|1699450404\n|move|p1b: Scream Tail|Encore|p2a: Zoroark\n|-start|p2a: Zoroark|Encore\n|move|p2a: Zoroark|Icy Wind|p1b: Scream Tail|[spread] p1a,p1b\n|-resisted|p1a: Vaporeon\n|-damage|p1a: Vaporeon|96\/100\n|-damage|p1b: Scream Tail|71\/100\n|-unboost|p1a: Vaporeon|spe|1\n|-unboost|p1b: Scream Tail|spe|1\n|move|p2b: Ditto|Giga Drain|p1a: Vaporeon\n|-supereffective|p1a: Vaporeon\n|-crit|p1a: Vaporeon\n|-damage|p1a: Vaporeon|19\/100\n|-heal|p2b: Ditto|100\/100|[from] drain|[of] p1a: Vaporeon\n|move|p1a: Vaporeon|Calm Mind|p1a: Vaporeon\n|-boost|p1a: Vaporeon|spa|1\n|-boost|p1a: Vaporeon|spd|1\n|\n|-weather|SunnyDay|[upkeep]\n|-heal|p1b: Scream Tail|77\/100|[from] item: Leftovers\n|-heal|p1a: Vaporeon|25\/100|[from] item: Leftovers\n|upkeep\n|turn|4\n|\n|t:|1699450432\n|-end|p1b: Scream Tail|Protosynthesis|[silent]\n|switch|p1b: Arboliva|Arboliva, F|100\/100\n|-terastallize|p1a: Vaporeon|Steel\n|move|p2a: Zoroark|Icy Wind|p1a: Vaporeon|[spread] p1a,p1b\n|-resisted|p1a: Vaporeon\n|-supereffective|p1b: Arboliva\n|-damage|p1a: Vaporeon|22\/100\n|-damage|p1b: Arboliva|82\/100\n|-unboost|p1a: Vaporeon|spe|1\n|-unboost|p1b: Arboliva|spe|1\n|move|p2b: Ditto|Giga Drain|p1a: Vaporeon\n|-resisted|p1a: Vaporeon\n|-damage|p1a: Vaporeon|16\/100\n|move|p1a: Vaporeon|Baton Pass|p1a: Vaporeon\n|\n|t:|1699450447\n|switch|p1a: Hatterene|Hatterene, F|71\/100|[from] Baton Pass\n|\n|-weather|SunnyDay|[upkeep]\n|upkeep\n|turn|5\n|\n|t:|1699450471\n|switch|p2b: Great Tusk|Great Tusk|100\/100\n|-activate|p2b: Great Tusk|ability: Protosynthesis\n|-start|p2b: Great Tusk|protosynthesisatk\n|move|p2a: Zoroark|Icy Wind|p1a: Hatterene|[spread] p1a,p1b\n|-supereffective|p1b: Arboliva\n|-damage|p1a: Hatterene|66\/100\n|-damage|p1b: Arboliva|64\/100\n|-unboost|p1a: Hatterene|spe|1\n|-unboost|p1b: Arboliva|spe|1\n|move|p1b: Arboliva|Growth|p1b: Arboliva\n|-boost|p1b: Arboliva|atk|2\n|-boost|p1b: Arboliva|spa|2\n|move|p1a: Hatterene|Giga Drain|p2a: Zoroark\n|-damage|p2a: Zoroark|0 fnt\n|-heal|p1a: Hatterene|87\/100|[from] drain|[of] p2a: Zoroark\n|faint|p2a: Zoroark\n|\n|-weather|SunnyDay|[upkeep]\n|upkeep\n|\n|t:|1699450491\n|switch|p2a: Baxcalibur|Baxcalibur, M|100\/100\n|turn|6\n|\n|t:|1699450501\n|move|p1b: Arboliva|Protect|p1b: Arboliva\n|-singleturn|p1b: Arboliva|Protect\n|move|p2b: Great Tusk|Earthquake|p1b: Arboliva|[spread] p2a,p1a\n|-activate|p1b: Arboliva|move: Protect\n|-damage|p2a: Baxcalibur|61\/100\n|-damage|p1a: Hatterene|43\/100\n|move|p2a: Baxcalibur|Blizzard|p1a: Hatterene|[spread] p1a\n|-activate|p1b: Arboliva|move: Protect\n|-damage|p1a: Hatterene|28\/100\n|move|p1a: Hatterene|Dazzling Gleam|p2a: Baxcalibur|[spread] p2a,p2b\n|-supereffective|p2a: Baxcalibur\n|-supereffective|p2b: Great Tusk\n|-damage|p2a: Baxcalibur|0 fnt\n|-enditem|p2b: Great Tusk|Focus Sash\n|-damage|p2b: Great Tusk|1\/100\n|faint|p2a: Baxcalibur\n|\n|-weather|none\n|-end|p2b: Great Tusk|Protosynthesis\n|upkeep\n|\n|t:|1699450525\n|switch|p2a: Amoonguss|Amoonguss, M|100\/100\n|turn|7\n|\n|t:|1699450538\n|move|p2b: Great Tusk|Earthquake|p1a: Hatterene|[spread] p2a,p1a,p1b\n|-resisted|p1b: Arboliva\n|-damage|p2a: Amoonguss|70\/100\n|-damage|p1a: Hatterene|0 fnt\n|-damage|p1b: Arboliva|47\/100\n|-enditem|p1b: Arboliva|Sitrus Berry|[eat]\n|-heal|p1b: Arboliva|72\/100|[from] item: Sitrus Berry\n|faint|p1a: Hatterene\n|move|p2a: Amoonguss|Sludge Bomb|p1b: Arboliva\n|-supereffective|p1b: Arboliva\n|-damage|p1b: Arboliva|37\/100\n|move|p1b: Arboliva|Giga Drain|p2b: Great Tusk\n|-supereffective|p2b: Great Tusk\n|-damage|p2b: Great Tusk|0 fnt\n|-heal|p1b: Arboliva|37\/100|[from] drain|[of] p2b: Great Tusk\n|faint|p2b: Great Tusk\n|-end|p2b: Great Tusk|Protosynthesis|[silent]\n|\n|-heal|p2a: Amoonguss|77\/100|[from] item: Leftovers\n|-item|p1b: Arboliva|Sitrus Berry|[from] ability: Harvest\n|upkeep\n|-enditem|p1b: Arboliva|Sitrus Berry|[eat]\n|-heal|p1b: Arboliva|62\/100|[from] item: Sitrus Berry\n|\n|t:|1699450556\n|switch|p2b: Hatterene|Hatterene, F|100\/100\n|switch|p1a: Vaporeon|Vaporeon, M, tera:Steel|16\/100\n|turn|8\n|\n|t:|1699450578\n|move|p1b: Arboliva|Protect|p1b: Arboliva\n|-singleturn|p1b: Arboliva|Protect\n|move|p1a: Vaporeon|Calm Mind|p1a: Vaporeon\n|-boost|p1a: Vaporeon|spa|1\n|-boost|p1a: Vaporeon|spd|1\n|move|p2a: Amoonguss|Stomping Tantrum|p1b: Arboliva\n|-activate|p1b: Arboliva|move: Protect\n|move|p2b: Hatterene|Psychic|p1a: Vaporeon\n|-resisted|p1a: Vaporeon\n|-damage|p1a: Vaporeon|4\/100\n|\n|-heal|p1a: Vaporeon|11\/100|[from] item: Leftovers\n|-heal|p2a: Amoonguss|83\/100|[from] item: Leftovers\n|-item|p1b: Arboliva|Sitrus Berry|[from] ability: Harvest\n|upkeep\n|turn|9\n|\n|t:|1699450601\n|switch|p1b: Torkoal|Torkoal, M|100\/100\n|-weather|SunnyDay|[from] ability: Drought|[of] p1b: Torkoal\n|move|p1a: Vaporeon|Baton Pass|p1a: Vaporeon\n|\n|t:|1699450606\n|switch|p1a: Arboliva|Arboliva, F|62\/100|[from] Baton Pass\n|move|p2a: Amoonguss|Stomping Tantrum|p1b: Torkoal\n|-supereffective|p1b: Torkoal\n|-damage|p1b: Torkoal|75\/100\n|move|p2b: Hatterene|Giga Drain|p1a: Arboliva\n|-resisted|p1a: Arboliva\n|-damage|p1a: Arboliva|56\/100\n|\n|-weather|SunnyDay|[upkeep]\n|-heal|p2a: Amoonguss|89\/100|[from] item: Leftovers\n|upkeep\n|turn|10\n|\n|t:|1699450643\n|-terastallize|p2a: Amoonguss|Water\n|move|p2a: Amoonguss|Sludge Bomb|p1a: Arboliva\n|-supereffective|p1a: Arboliva\n|-damage|p1a: Arboliva|33\/100\n|-status|p1a: Arboliva|psn\n|-enditem|p1a: Arboliva|Sitrus Berry|[eat]\n|-heal|p1a: Arboliva|57\/100 psn|[from] item: Sitrus Berry\n|move|p2b: Hatterene|Dark Pulse|p1a: Arboliva\n|-damage|p1a: Arboliva|47\/100 psn\n|move|p1a: Arboliva|Giga Drain|p2b: Hatterene\n|-damage|p2b: Hatterene|42\/100\n|-heal|p1a: Arboliva|68\/100 psn|[from] drain|[of] p2b: Hatterene\n|move|p1b: Torkoal|Iron Defense|p1b: Torkoal\n|-boost|p1b: Torkoal|def|2\n|\n|-weather|SunnyDay|[upkeep]\n|-heal|p2a: Amoonguss|95\/100|[from] item: Leftovers\n|-heal|p2b: Hatterene|48\/100|[from] item: Leftovers\n|-damage|p1a: Arboliva|56\/100 psn|[from] psn\n|-item|p1a: Arboliva|Sitrus Berry|[from] ability: Harvest\n|upkeep\n|turn|11\n|\n|t:|1699450685\n|switch|p2a: Ditto|Ditto|100\/100\n|-transform|p2a: Ditto|p1b: Torkoal|[from] ability: Imposter\n|move|p2b: Hatterene|Draining Kiss|p1a: Arboliva\n|-damage|p1a: Arboliva|46\/100 psn\n|-heal|p2b: Hatterene|58\/100|[from] drain|[of] p1a: Arboliva\n|-enditem|p1a: Arboliva|Sitrus Berry|[eat]\n|-heal|p1a: Arboliva|71\/100 psn|[from] item: Sitrus Berry\n|move|p1a: Arboliva|Giga Drain|p2a: Ditto\n|-resisted|p2a: Ditto\n|-damage|p2a: Ditto|76\/100\n|-heal|p1a: Arboliva|82\/100 psn|[from] drain|[of] p2a: Ditto\n|move|p1b: Torkoal|Iron Defense|p1b: Torkoal\n|-boost|p1b: Torkoal|def|2\n|\n|-weather|SunnyDay|[upkeep]\n|-heal|p2b: Hatterene|65\/100|[from] item: Leftovers\n|-damage|p1a: Arboliva|69\/100 psn|[from] psn\n|-item|p1a: Arboliva|Sitrus Berry|[from] ability: Harvest\n|upkeep\n|turn|12\n|\n|t:|1699450726\n|move|p1a: Arboliva|Protect|p1a: Arboliva\n|-singleturn|p1a: Arboliva|Protect\n|move|p2b: Hatterene|Giga Drain|p1b: Torkoal\n|-resisted|p1b: Torkoal\n|-damage|p1b: Torkoal|65\/100\n|-heal|p2b: Hatterene|72\/100|[from] drain|[of] p1b: Torkoal\n|move|p2a: Ditto|Clear Smog|p1a: Arboliva\n|-activate|p1a: Arboliva|move: Protect\n|move|p1b: Torkoal|Clear Smog|p2a: Ditto\n|-damage|p2a: Ditto|64\/100\n|-clearboost|p2a: Ditto\n|\n|-weather|SunnyDay|[upkeep]\n|-heal|p2b: Hatterene|78\/100|[from] item: Leftovers\n|-damage|p1a: Arboliva|57\/100 psn|[from] psn\n|upkeep\n|turn|13\n|\n|t:|1699450759\n|switch|p1a: Vaporeon|Vaporeon, M, tera:Steel|11\/100\n|move|p2b: Hatterene|Giga Drain|p1b: Torkoal\n|-resisted|p1b: Torkoal\n|-damage|p1b: Torkoal|55\/100\n|-heal|p2b: Hatterene|84\/100|[from] drain|[of] p1b: Torkoal\n|move|p2a: Ditto|Clear Smog|p1a: Vaporeon\n|-immune|p1a: Vaporeon\n|move|p1b: Torkoal|Body Press|p2b: Hatterene\n|-resisted|p2b: Hatterene\n|-damage|p2b: Hatterene|59\/100\n|\n|-weather|SunnyDay|[upkeep]\n|-heal|p1a: Vaporeon|17\/100|[from] item: Leftovers\n|-heal|p2b: Hatterene|65\/100|[from] item: Leftovers\n|upkeep\n|turn|14\n|\n|t:|1699450796\n|move|p1a: Vaporeon|Muddy Water|p2a: Ditto|[spread] p2a,p2b\n|-supereffective|p2a: Ditto\n|-damage|p2a: Ditto|30\/100\n|-damage|p2b: Hatterene|43\/100\n|-unboost|p2b: Hatterene|accuracy|1\n|move|p2b: Hatterene|Draining Kiss|p1a: Vaporeon|[miss]\n|-miss|p2b: Hatterene|p1a: Vaporeon\n|move|p2a: Ditto|Stealth Rock|p1a: Vaporeon\n|-sidestart|p1: smexydevvi|move: Stealth Rock\n|move|p1b: Torkoal|Body Press|p2a: Ditto\n|-damage|p2a: Ditto|0 fnt\n|faint|p2a: Ditto\n|\n|-weather|SunnyDay|[upkeep]\n|-heal|p1a: Vaporeon|23\/100|[from] item: Leftovers\n|-heal|p2b: Hatterene|49\/100|[from] item: Leftovers\n|upkeep\n|\n|t:|1699450809\n|switch|p2a: Amoonguss|Amoonguss, M, tera:Water|95\/100\n|turn|15\n|\n|t:|1699450818\n|move|p1a: Vaporeon|Calm Mind|p1a: Vaporeon\n|-boost|p1a: Vaporeon|spa|1\n|-boost|p1a: Vaporeon|spd|1\n|move|p2a: Amoonguss|Giga Drain|p1a: Vaporeon\n|-resisted|p1a: Vaporeon\n|-damage|p1a: Vaporeon|18\/100\n|-heal|p2a: Amoonguss|99\/100|[from] drain|[of] p1a: Vaporeon\n|move|p2b: Hatterene|Giga Drain|p1b: Torkoal\n|-resisted|p1b: Torkoal\n|-damage|p1b: Torkoal|46\/100\n|-heal|p2b: Hatterene|56\/100|[from] drain|[of] p1b: Torkoal\n|move|p1b: Torkoal|Body Press|p2a: Amoonguss\n|-damage|p2a: Amoonguss|34\/100\n|\n|-weather|SunnyDay|[upkeep]\n|-heal|p1a: Vaporeon|24\/100|[from] item: Leftovers\n|-heal|p2a: Amoonguss|40\/100|[from] item: Leftovers\n|-heal|p2b: Hatterene|62\/100|[from] item: Leftovers\n|upkeep\n|turn|16\n|\n|t:|1699450852\n|move|p1a: Vaporeon|Baton Pass|p1a: Vaporeon\n|\n|t:|1699450855\n|switch|p1a: Arboliva|Arboliva, F|57\/100 psn|[from] Baton Pass\n|-damage|p1a: Arboliva|45\/100 psn|[from] Stealth Rock\n|-enditem|p1a: Arboliva|Sitrus Berry|[eat]\n|-heal|p1a: Arboliva|70\/100 psn|[from] item: Sitrus Berry\n|move|p2a: Amoonguss|Stomping Tantrum|p1b: Torkoal\n|-supereffective|p1b: Torkoal\n|-damage|p1b: Torkoal|38\/100\n|move|p2b: Hatterene|Giga Drain|p1b: Torkoal|[miss]\n|-miss|p2b: Hatterene|p1b: Torkoal\n|move|p1b: Torkoal|Body Press|p2a: Amoonguss\n|-damage|p2a: Amoonguss|0 fnt\n|-status|p1b: Torkoal|slp|[from] ability: Effect Spore|[of] p2a: Amoonguss\n|faint|p2a: Amoonguss\n|\n|-weather|none\n|-heal|p2b: Hatterene|68\/100|[from] item: Leftovers\n|-damage|p1a: Arboliva|57\/100 psn|[from] psn\n|-item|p1a: Arboliva|Sitrus Berry|[from] ability: Harvest\n|upkeep\n|turn|17\n|-message|Flythisdragon2277 forfeited.\n|\n|win|smexydevvi\n|raw|smexydevvi's rating: 1084 &rarr; <strong>1107<\/strong><br \/>(+23 for winning)\n|raw|Flythisdragon2277's rating: 1027 &rarr; <strong>1015<\/strong><br \/>(-12 for losing)\n|l|\u2606Flythisdragon2277\n","uploadtime":1699450916,"views":26,"p1id":"smexydevvi","p2id":"flythisdragon2277","formatid":"gen9doublesou","rating":1015,"private":0,"password":""}