{"id":"gen9doublesou-1984467319","p1":"Yurambax","p2":"2egms","format":"[Gen 9] Doubles OU","log":"|j|\u2606Yurambax\n|j|\u26062egms\n|t:|1699268419\n|gametype|doubles\n|player|p1|Yurambax|giovanni|1265\n|player|p2|2egms|benga|1103\n|teamsize|p1|6\n|teamsize|p2|6\n|gen|9\n|tier|[Gen 9] Doubles OU\n|rated|\n|rule|Species Clause: Limit one of each Pok\u00e9mon\n|rule|OHKO Clause: OHKO moves are banned\n|rule|Evasion Moves Clause: Evasion moves are banned\n|rule|Gravity Sleep Clause: The combination of sleep-inducing moves with imperfect accuracy and Gravity or Gigantamax Orbeetle are banned\n|rule|Endless Battle Clause: Forcing endless battles is banned\n|rule|HP Percentage Mod: HP is shown in percentages\n|clearpoke\n|poke|p1|Tornadus, M|\n|poke|p1|Tyranitar, M|\n|poke|p1|Ogerpon-Hearthflame, F|\n|poke|p1|Amoonguss, M|\n|poke|p1|Iron Hands|\n|poke|p1|Flutter Mane|\n|poke|p2|Ceruledge, F|\n|poke|p2|Blissey, F|\n|poke|p2|Heatran, M|\n|poke|p2|Iron Valiant|\n|poke|p2|Kingambit, M|\n|poke|p2|Slowking-Galar, F|\n|teampreview\n|\n|t:|1699268433\n|start\n|switch|p1a: Tyranitar|Tyranitar, M|100\/100\n|switch|p1b: Tornadus|Tornadus, M|100\/100\n|switch|p2a: Eve|Blissey, F|100\/100\n|switch|p2b: 3\u00e8me Vassal|Heatran, M|100\/100\n|-weather|Sandstorm|[from] ability: Sand Stream|[of] p1a: Tyranitar\n|turn|1\n|\n|t:|1699268451\n|-terastallize|p1a: Tyranitar|Fairy\n|move|p1b: Tornadus|Tailwind|p1b: Tornadus\n|-sidestart|p1: Yurambax|move: Tailwind\n|move|p1a: Tyranitar|Earthquake|p2b: 3\u00e8me Vassal|[spread] p2a,p2b\n|-immune|p1b: Tornadus\n|-supereffective|p2b: 3\u00e8me Vassal\n|-damage|p2a: Eve|77\/100\n|-damage|p2b: 3\u00e8me Vassal|6\/100\n|move|p2b: 3\u00e8me Vassal|Earth Power|p1a: Tyranitar\n|-damage|p1a: Tyranitar|86\/100\n|move|p2a: Eve|Thunder Wave|p1b: Tornadus\n|-status|p1b: Tornadus|par\n|\n|-weather|Sandstorm|[upkeep]\n|-damage|p1a: Tyranitar|80\/100|[from] Sandstorm\n|-damage|p1b: Tornadus|94\/100 par|[from] Sandstorm\n|-damage|p2a: Eve|71\/100|[from] Sandstorm\n|-heal|p2a: Eve|77\/100|[from] item: Leftovers\n|upkeep\n|turn|2\n|\n|t:|1699268473\n|move|p1a: Tyranitar|Rock Slide|p2b: 3\u00e8me Vassal|[spread] p2a,p2b\n|-damage|p2a: Eve|48\/100\n|-damage|p2b: 3\u00e8me Vassal|0 fnt\n|faint|p2b: 3\u00e8me Vassal\n|move|p1b: Tornadus|Bleakwind Storm|p2a: Eve|[miss]\n|-miss|p1b: Tornadus|p2a: Eve\n|cant|p2a: Eve|flinch\n|\n|-weather|Sandstorm|[upkeep]\n|-damage|p1a: Tyranitar|74\/100|[from] Sandstorm\n|-damage|p1b: Tornadus|88\/100 par|[from] Sandstorm\n|-damage|p2a: Eve|42\/100|[from] Sandstorm\n|-heal|p2a: Eve|48\/100|[from] item: Leftovers\n|upkeep\n|\n|t:|1699268485\n|switch|p2b: Ast\u00e9rix|Iron Valiant|100\/100\n|turn|3\n|\n|t:|1699268503\n|-terastallize|p2b: Ast\u00e9rix|Fairy\n|move|p2b: Ast\u00e9rix|Psycho Cut|p1b: Tornadus\n|-damage|p1b: Tornadus|59\/100 par\n|move|p1a: Tyranitar|Rock Slide|p2b: Ast\u00e9rix|[spread] p2a,p2b\n|-crit|p2b: Ast\u00e9rix\n|-damage|p2a: Eve|17\/100\n|-damage|p2b: Ast\u00e9rix|35\/100\n|move|p1b: Tornadus|Bleakwind Storm|p2b: Ast\u00e9rix|[spread] p2a\n|-miss|p1b: Tornadus|p2b: Ast\u00e9rix\n|-damage|p2a: Eve|1\/100\n|move|p2a: Eve|Thunder Wave|p1a: Tyranitar|[miss]\n|-miss|p2a: Eve|p1a: Tyranitar\n|\n|-weather|Sandstorm|[upkeep]\n|-damage|p2b: Ast\u00e9rix|29\/100|[from] Sandstorm\n|-damage|p1a: Tyranitar|67\/100|[from] Sandstorm\n|-damage|p1b: Tornadus|53\/100 par|[from] Sandstorm\n|-damage|p2a: Eve|0 fnt|[from] Sandstorm\n|faint|p2a: Eve\n|upkeep\n|\n|t:|1699268517\n|switch|p2a: 5\u00e8me Lame|Kingambit, M|100\/100\n|turn|4\n|c|\u26062egms|this blissey\n|\n|t:|1699268541\n|move|p2b: Ast\u00e9rix|Drain Punch|p1b: Tornadus\n|-resisted|p1b: Tornadus\n|-damage|p1b: Tornadus|26\/100 par\n|-heal|p2b: Ast\u00e9rix|45\/100|[from] drain|[of] p1b: Tornadus\n|move|p1a: Tyranitar|Earthquake|p2a: 5\u00e8me Lame|[spread] p2a,p2b\n|-immune|p1b: Tornadus\n|-supereffective|p2a: 5\u00e8me Lame\n|-damage|p2a: 5\u00e8me Lame|56\/100\n|-damage|p2b: Ast\u00e9rix|11\/100\n|move|p1b: Tornadus|Bleakwind Storm|p2b: Ast\u00e9rix|[spread] p2a,p2b\n|-resisted|p2a: 5\u00e8me Lame\n|-damage|p2a: 5\u00e8me Lame|34\/100\n|-damage|p2b: Ast\u00e9rix|0 fnt\n|-unboost|p2a: 5\u00e8me Lame|spe|1\n|-ability|p2a: 5\u00e8me Lame|Defiant|boost\n|-boost|p2a: 5\u00e8me Lame|atk|2\n|faint|p2b: Ast\u00e9rix\n|-end|p2b: Ast\u00e9rix|Quark Drive|[silent]\n|move|p2a: 5\u00e8me Lame|Iron Head|p1a: Tyranitar\n|-supereffective|p1a: Tyranitar\n|-damage|p1a: Tyranitar|0 fnt\n|faint|p1a: Tyranitar\n|\n|-weather|Sandstorm|[upkeep]\n|-damage|p1b: Tornadus|20\/100 par|[from] Sandstorm\n|-heal|p2a: 5\u00e8me Lame|41\/100|[from] item: Leftovers\n|-sideend|p1: Yurambax|move: Tailwind\n|upkeep\n|c|\u26062egms|un ptn d'autiste\n|c|\u26062egms|jss sous le choc\n|\n|t:|1699268564\n|switch|p2b: Iris|Ceruledge, F|100\/100\n|switch|p1a: Ogerpon|Ogerpon-Hearthflame, F|100\/100\n|-ability|p1a: Ogerpon|Mold Breaker\n|turn|5\n|inactive|Battle timer is ON: inactive players will automatically lose when time's up. (requested by Yurambax)\n|\n|t:|1699268575\n|move|p1b: Tornadus|Tailwind|p1b: Tornadus\n|-sidestart|p1: Yurambax|move: Tailwind\n|move|p1a: Ogerpon|Ivy Cudgel|p2a: 5\u00e8me Lame\n|-supereffective|p2a: 5\u00e8me Lame\n|-damage|p2a: 5\u00e8me Lame|0 fnt\n|faint|p2a: 5\u00e8me Lame\n|move|p2b: Iris|Bulk Up|p2b: Iris\n|-boost|p2b: Iris|atk|1\n|-boost|p2b: Iris|def|1\n|\n|-weather|none\n|upkeep\n|\n|t:|1699268581\n|switch|p2a: Marin|Slowking-Galar, F|100\/100\n|turn|6\n|\n|t:|1699268597\n|move|p1a: Ogerpon|Ivy Cudgel|p2a: Marin\n|-damage|p2a: Marin|52\/100\n|move|p2b: Iris|Bitter Blade|p1a: Ogerpon\n|-damage|p1a: Ogerpon|20\/100\n|move|p1b: Tornadus|Bleakwind Storm|p2b: Iris|[spread] p2a,p2b\n|-damage|p2a: Marin|16\/100\n|-damage|p2b: Iris|56\/100\n|-unboost|p2b: Iris|spe|1\n|move|p2a: Marin|Blizzard|p1a: Ogerpon|[spread] p1b\n|-miss|p2a: Marin|p1a: Ogerpon\n|-supereffective|p1b: Tornadus\n|-damage|p1b: Tornadus|0 fnt\n|faint|p1b: Tornadus\n|\n|upkeep\n|\n|t:|1699268612\n|switch|p1b: Iron Hands|Iron Hands|100\/100\n|-enditem|p1b: Iron Hands|Booster Energy\n|-activate|p1b: Iron Hands|ability: Quark Drive|[fromitem]\n|-start|p1b: Iron Hands|quarkdriveatk\n|turn|7\n|\n|t:|1699268625\n|move|p1b: Iron Hands|Fake Out|p2a: Marin\n|-damage|p2a: Marin|0 fnt\n|faint|p2a: Marin\n|move|p1a: Ogerpon|Ivy Cudgel|p2b: Iris\n|-resisted|p2b: Iris\n|-damage|p2b: Iris|32\/100\n|-ability|p2b: Iris|Weak Armor|boost\n|-unboost|p2b: Iris|def|1\n|-boost|p2b: Iris|spe|2\n|move|p2b: Iris|Bitter Blade|p1b: Iron Hands\n|-damage|p1b: Iron Hands|56\/100\n|-heal|p2b: Iris|71\/100|[from] drain|[of] p1b: Iron Hands\n|\n|upkeep\n|turn|8\n|\n|t:|1699268644\n|move|p1a: Ogerpon|Ivy Cudgel|p2b: Iris\n|-resisted|p2b: Iris\n|-damage|p2b: Iris|33\/100\n|-ability|p2b: Iris|Weak Armor|boost\n|-unboost|p2b: Iris|def|1\n|-boost|p2b: Iris|spe|2\n|move|p2b: Iris|Bitter Blade|p1b: Iron Hands\n|-damage|p1b: Iron Hands|12\/100\n|-heal|p2b: Iris|72\/100|[from] drain|[of] p1b: Iron Hands\n|move|p1b: Iron Hands|Wild Charge|p2b: Iris\n|-damage|p2b: Iris|0 fnt\n|faint|p2b: Iris\n|-damage|p1b: Iron Hands|2\/100|[from] Recoil\n|\n|win|Yurambax\n|raw|Yurambax's rating: 1265 &rarr; <strong>1279<\/strong><br \/>(+14 for winning)\n|raw|2egms's rating: 1103 &rarr; <strong>1089<\/strong><br \/>(-14 for losing)\n","uploadtime":1699268548,"views":10,"p1id":"yurambax","p2id":"2egms","formatid":"gen9doublesou","rating":1089,"private":0,"password":""}