{"id":"gen9doublesou-1983487784","p1":"dangledipipples","p2":"demakker","format":"[Gen 9] Doubles OU","log":"|j|\u203ddangledipipples\n|j|\u2606demakker\n|t:|1699135465\n|gametype|doubles\n|player|p1|dangledipipples|veteran|1432\n|player|p2|demakker|li|1435\n|teamsize|p1|6\n|teamsize|p2|6\n|gen|9\n|tier|[Gen 9] Doubles OU\n|rated|\n|rule|Species Clause: Limit one of each Pok\u00e9mon\n|rule|OHKO Clause: OHKO moves are banned\n|rule|Evasion Moves Clause: Evasion moves are banned\n|rule|Gravity Sleep Clause: The combination of sleep-inducing moves with imperfect accuracy and Gravity or Gigantamax Orbeetle are banned\n|rule|Endless Battle Clause: Forcing endless battles is banned\n|rule|HP Percentage Mod: HP is shown in percentages\n|clearpoke\n|poke|p1|Poliwrath, F|\n|poke|p1|Pelipper, F|\n|poke|p1|Landorus-Therian, M|\n|poke|p1|Raichu, M|\n|poke|p1|Sinistcha-Masterpiece|\n|poke|p1|Kingambit, F|\n|poke|p2|Landorus-Therian, M|\n|poke|p2|Moltres-Galar|\n|poke|p2|Cresselia, F|\n|poke|p2|Iron Hands|\n|poke|p2|Grimmsnarl, M|\n|poke|p2|Heatran, F|\n|teampreview\n|inactive|Battle timer is ON: inactive players will automatically lose when time's up. (requested by demakker)\n|\n|t:|1699135492\n|start\n|switch|p1a: Raichu|Raichu, M, shiny|100\/100\n|switch|p1b: Poliwrath|Poliwrath, F|100\/100\n|switch|p2a: The Hand|Iron Hands|100\/100\n|switch|p2b: Magicians Red|Moltres-Galar|100\/100\n|turn|1\n|\n|t:|1699135516\n|-terastallize|p1b: Poliwrath|Steel\n|move|p1a: Raichu|Fake Out|p2a: The Hand\n|-damage|p2a: The Hand|96\/100\n|cant|p2a: The Hand|flinch\n|move|p1b: Poliwrath|Belly Drum|p1b: Poliwrath\n|-damage|p1b: Poliwrath|50\/100\n|-setboost|p1b: Poliwrath|atk|6|[from] move: Belly Drum\n|-enditem|p1b: Poliwrath|Sitrus Berry|[eat]\n|-heal|p1b: Poliwrath|75\/100|[from] item: Sitrus Berry\n|move|p2b: Magicians Red|Air Slash|p1b: Poliwrath\n|-resisted|p1b: Poliwrath\n|-damage|p1b: Poliwrath|57\/100\n|\n|upkeep\n|turn|2\n|\n|t:|1699135537\n|move|p1a: Raichu|Rain Dance|p1a: Raichu\n|-weather|RainDance\n|move|p1b: Poliwrath|Drain Punch|p2b: Magicians Red\n|-damage|p2b: Magicians Red|0 fnt\n|-heal|p1b: Poliwrath|100\/100|[from] drain|[of] p2b: Magicians Red\n|faint|p2b: Magicians Red\n|move|p2a: The Hand|Drain Punch|p1b: Poliwrath\n|-supereffective|p1b: Poliwrath\n|-damage|p1b: Poliwrath|24\/100\n|-heal|p2a: The Hand|100\/100|[from] drain|[of] p1b: Poliwrath\n|\n|-weather|RainDance|[upkeep]\n|upkeep\n|\n|t:|1699135552\n|switch|p2b: The fool|Landorus-Therian, M|100\/100\n|-ability|p2b: The fool|Intimidate|boost\n|-unboost|p1a: Raichu|atk|1\n|-unboost|p1b: Poliwrath|atk|1\n|turn|3\n|\n|t:|1699135575\n|switch|p1a: Landorus|Landorus-Therian, M|100\/100\n|-ability|p1a: Landorus|Intimidate|boost\n|-unboost|p2a: The Hand|atk|1\n|-unboost|p2b: The fool|atk|1\n|switch|p2b: Cream|Grimmsnarl, M|100\/100\n|move|p1b: Poliwrath|Drain Punch|p2a: The Hand\n|-damage|p2a: The Hand|33\/100\n|-heal|p1b: Poliwrath|73\/100|[from] drain|[of] p2a: The Hand\n|move|p2a: The Hand|Drain Punch|p1b: Poliwrath\n|-supereffective|p1b: Poliwrath\n|-damage|p1b: Poliwrath|26\/100\n|-heal|p2a: The Hand|49\/100|[from] drain|[of] p1b: Poliwrath\n|\n|-weather|RainDance|[upkeep]\n|upkeep\n|turn|4\n|\n|t:|1699135596\n|-end|p2a: The Hand|Quark Drive|[silent]\n|switch|p2a: Dark Blue Moon|Cresselia, F|100\/100\n|move|p2b: Cream|Reflect|p2b: Cream\n|-sidestart|p2: demakker|Reflect\n|move|p1b: Poliwrath|Drain Punch|p2b: Cream\n|-damage|p2b: Cream|24\/100\n|-heal|p1b: Poliwrath|65\/100|[from] drain|[of] p2b: Cream\n|move|p1a: Landorus|Earth Power|p2a: Dark Blue Moon\n|-immune|p2a: Dark Blue Moon|[from] ability: Levitate\n|\n|-weather|RainDance|[upkeep]\n|upkeep\n|turn|5\n|inactive|demakker has 120 seconds left.\n|\n|t:|1699135633\n|switch|p1a: Kingambit|Kingambit, F|100\/100\n|move|p1b: Poliwrath|Drain Punch|p2b: Cream\n|-damage|p2b: Cream|0 fnt\n|-heal|p1b: Poliwrath|77\/100|[from] drain|[of] p2b: Cream\n|faint|p2b: Cream\n|move|p2a: Dark Blue Moon|Trick Room|p2a: Dark Blue Moon\n|-fieldstart|move: Trick Room|[of] p2a: Dark Blue Moon\n|\n|-weather|RainDance|[upkeep]\n|upkeep\n|\n|t:|1699135642\n|switch|p2b: The Hand|Iron Hands|49\/100\n|turn|6\n|\n|t:|1699135656\n|move|p1b: Poliwrath|Protect|p1b: Poliwrath\n|-singleturn|p1b: Poliwrath|Protect\n|move|p1a: Kingambit|Swords Dance|p1a: Kingambit\n|-boost|p1a: Kingambit|atk|2\n|move|p2b: The Hand|Drain Punch|p1b: Poliwrath\n|-activate|p1b: Poliwrath|move: Protect\n|move|p2a: Dark Blue Moon|Lunar Blessing|p2a: Dark Blue Moon|[spread] p2a,p2b\n|-heal|p2b: The Hand|74\/100\n|\n|-weather|none\n|upkeep\n|turn|7\n|\n|t:|1699135673\n|move|p1a: Kingambit|Sucker Punch|p2b: The Hand\n|-resisted|p2b: The Hand\n|-damage|p2b: The Hand|58\/100\n|move|p2b: The Hand|Drain Punch|p1b: Poliwrath\n|-supereffective|p1b: Poliwrath\n|-damage|p1b: Poliwrath|2\/100\n|-heal|p2b: The Hand|84\/100|[from] drain|[of] p1b: Poliwrath\n|move|p2a: Dark Blue Moon|Lunar Blessing|p2a: Dark Blue Moon|[spread] p2a,p2b\n|-heal|p2b: The Hand|100\/100\n|move|p1b: Poliwrath|Drain Punch|p2b: The Hand\n|-damage|p2b: The Hand|49\/100\n|-heal|p1b: Poliwrath|40\/100|[from] drain|[of] p2b: The Hand\n|\n|upkeep\n|turn|8\n|\n|t:|1699135699\n|-end|p1a: Kingambit|fallenundefined|[silent]\n|switch|p1a: Sinistcha|Sinistcha-Masterpiece|100\/100\n|-heal|p1b: Poliwrath|65\/100|[from] ability: Hospitality|[of] p1a: Sinistcha\n|move|p1b: Poliwrath|Protect|p1b: Poliwrath\n|-singleturn|p1b: Poliwrath|Protect\n|move|p2b: The Hand|Drain Punch|p1b: Poliwrath\n|-activate|p1b: Poliwrath|move: Protect\n|move|p2a: Dark Blue Moon|Lunar Blessing|p2a: Dark Blue Moon|[spread] p2a,p2b\n|-heal|p2b: The Hand|73\/100\n|\n|upkeep\n|turn|9\n|\n|t:|1699135715\n|move|p1a: Sinistcha|Rage Powder|p1a: Sinistcha\n|-singleturn|p1a: Sinistcha|move: Rage Powder\n|move|p2a: Dark Blue Moon|Ally Switch|p2a: Dark Blue Moon\n|swap|p2a: Dark Blue Moon|1|[from] move: Ally Switch\n|move|p2a: The Hand|Drain Punch|p1a: Sinistcha\n|-immune|p1a: Sinistcha\n|move|p1b: Poliwrath|Drain Punch|p2b: Dark Blue Moon\n|-resisted|p2b: Dark Blue Moon\n|-damage|p2b: Dark Blue Moon|80\/100\n|-heal|p1b: Poliwrath|77\/100|[from] drain|[of] p2b: Dark Blue Moon\n|\n|-heal|p2b: Dark Blue Moon|86\/100|[from] item: Leftovers\n|-fieldend|move: Trick Room\n|upkeep\n|turn|10\n|\n|t:|1699135745\n|move|p1a: Sinistcha|Rage Powder|p1a: Sinistcha\n|-singleturn|p1a: Sinistcha|move: Rage Powder\n|move|p1b: Poliwrath|Liquidation|p2b: Dark Blue Moon\n|-damage|p2b: Dark Blue Moon|40\/100\n|move|p2a: The Hand|Ice Punch|p1a: Sinistcha\n|-supereffective|p1a: Sinistcha\n|-damage|p1a: Sinistcha|57\/100\n|move|p2b: Dark Blue Moon|Trick Room|p2b: Dark Blue Moon\n|-fieldstart|move: Trick Room|[of] p2b: Dark Blue Moon\n|\n|-heal|p2b: Dark Blue Moon|46\/100|[from] item: Leftovers\n|upkeep\n|turn|11\n|\n|t:|1699135762\n|move|p1a: Sinistcha|Rage Powder|p1a: Sinistcha\n|-singleturn|p1a: Sinistcha|move: Rage Powder\n|move|p2a: The Hand|Ice Punch|p1a: Sinistcha\n|-supereffective|p1a: Sinistcha\n|-damage|p1a: Sinistcha|14\/100\n|move|p2b: Dark Blue Moon|Lunar Blessing|p2b: Dark Blue Moon|[spread] p2a,p2b\n|-heal|p2a: The Hand|98\/100\n|-heal|p2b: Dark Blue Moon|71\/100\n|move|p1b: Poliwrath|Liquidation|p2b: Dark Blue Moon\n|-damage|p2b: Dark Blue Moon|22\/100\n|\n|-heal|p2b: Dark Blue Moon|28\/100|[from] item: Leftovers\n|-sideend|p2: demakker|Reflect\n|upkeep\n|turn|12\n|\n|t:|1699135780\n|move|p1a: Sinistcha|Protect|p1a: Sinistcha\n|-singleturn|p1a: Sinistcha|Protect\n|move|p2a: The Hand|Ice Punch|p1a: Sinistcha\n|-activate|p1a: Sinistcha|move: Protect\n|move|p2b: Dark Blue Moon|Dazzling Gleam|p1b: Poliwrath|[spread] p1b\n|-activate|p1a: Sinistcha|move: Protect\n|-resisted|p1b: Poliwrath\n|-damage|p1b: Poliwrath|73\/100\n|move|p1b: Poliwrath|Drain Punch|p2a: The Hand\n|-damage|p2a: The Hand|25\/100\n|-heal|p1b: Poliwrath|100\/100|[from] drain|[of] p2a: The Hand\n|\n|-heal|p2b: Dark Blue Moon|34\/100|[from] item: Leftovers\n|upkeep\n|turn|13\n|inactive|dangledipipples has 120 seconds left.\n|\n|t:|1699135811\n|-terastallize|p2a: The Hand|Grass\n|move|p1a: Sinistcha|Rage Powder|p1a: Sinistcha\n|-singleturn|p1a: Sinistcha|move: Rage Powder\n|move|p2a: The Hand|Drain Punch|p1b: Poliwrath\n|-supereffective|p1b: Poliwrath\n|-damage|p1b: Poliwrath|29\/100\n|-heal|p2a: The Hand|49\/100|[from] drain|[of] p1b: Poliwrath\n|move|p2b: Dark Blue Moon|Lunar Blessing|p2b: Dark Blue Moon|[spread] p2a,p2b\n|-heal|p2a: The Hand|74\/100\n|-heal|p2b: Dark Blue Moon|59\/100\n|move|p1b: Poliwrath|Drain Punch|p2a: The Hand\n|-damage|p2a: The Hand|3\/100\n|-heal|p1b: Poliwrath|81\/100|[from] drain|[of] p2a: The Hand\n|\n|-heal|p2b: Dark Blue Moon|65\/100|[from] item: Leftovers\n|upkeep\n|turn|14\n|inactive|dangledipipples has 120 seconds left.\n|\n|t:|1699135837\n|switch|p1a: Kingambit|Kingambit, F|100\/100\n|move|p1b: Poliwrath|Protect|p1b: Poliwrath\n|-singleturn|p1b: Poliwrath|Protect\n|move|p2a: The Hand|Drain Punch|p1b: Poliwrath\n|-activate|p1b: Poliwrath|move: Protect\n|move|p2b: Dark Blue Moon|Lunar Blessing|p2b: Dark Blue Moon|[spread] p2a,p2b\n|-heal|p2a: The Hand|28\/100\n|-heal|p2b: Dark Blue Moon|90\/100\n|\n|-heal|p2b: Dark Blue Moon|96\/100|[from] item: Leftovers\n|-fieldend|move: Trick Room\n|upkeep\n|turn|15\n|inactive|demakker has 120 seconds left.\n|\n|t:|1699135878\n|move|p1b: Poliwrath|Drain Punch|p2a: The Hand\n|-damage|p2a: The Hand|0 fnt\n|-heal|p1b: Poliwrath|100\/100|[from] drain|[of] p2a: The Hand\n|faint|p2a: The Hand\n|-end|p2a: The Hand|Quark Drive|[silent]\n|move|p1a: Kingambit|Swords Dance|p1a: Kingambit\n|-boost|p1a: Kingambit|atk|2\n|move|p2b: Dark Blue Moon|Trick Room|p2b: Dark Blue Moon\n|-fieldstart|move: Trick Room|[of] p2b: Dark Blue Moon\n|\n|-heal|p2b: Dark Blue Moon|100\/100|[from] item: Leftovers\n|upkeep\n|\n|t:|1699135886\n|switch|p2a: Judgement|Heatran, F|100\/100\n|turn|16\n|\n|t:|1699135903\n|move|p2b: Dark Blue Moon|Ally Switch|p2b: Dark Blue Moon\n|swap|p2b: Dark Blue Moon|0|[from] move: Ally Switch\n|move|p1a: Kingambit|Sucker Punch||[still]\n|-fail|p1a: Kingambit\n|move|p2b: Judgement|Heat Wave|p1b: Poliwrath|[spread] \n|-miss|p2b: Judgement|p1a: Kingambit\n|-miss|p2b: Judgement|p1b: Poliwrath\n|move|p1b: Poliwrath|Drain Punch|p2a: Dark Blue Moon\n|-resisted|p2a: Dark Blue Moon\n|-damage|p2a: Dark Blue Moon|69\/100\n|\n|-heal|p2a: Dark Blue Moon|75\/100|[from] item: Leftovers\n|upkeep\n|turn|17\n|\n|t:|1699135926\n|-end|p1a: Kingambit|fallenundefined|[silent]\n|switch|p1a: Pelipper|Pelipper, F|100\/100\n|-weather|RainDance|[from] ability: Drizzle|[of] p1a: Pelipper\n|switch|p2a: The fool|Landorus-Therian, M|100\/100\n|-ability|p2a: The fool|Intimidate|boost\n|-unboost|p1a: Pelipper|atk|1\n|-unboost|p1b: Poliwrath|atk|1\n|move|p1b: Poliwrath|Protect|p1b: Poliwrath\n|-singleturn|p1b: Poliwrath|Protect\n|move|p2b: Judgement|Heat Wave|p1a: Pelipper|[spread] p1a\n|-activate|p1b: Poliwrath|move: Protect\n|-resisted|p1a: Pelipper\n|-damage|p1a: Pelipper|89\/100\n|\n|-weather|RainDance|[upkeep]\n|upkeep\n|turn|18\n|\n|t:|1699135952\n|switch|p2b: Dark Blue Moon|Cresselia, F|75\/100\n|switch|p1b: Landorus|Landorus-Therian, M|100\/100\n|-ability|p1b: Landorus|Intimidate|boost\n|-unboost|p2a: The fool|atk|1\n|-unboost|p2b: Dark Blue Moon|atk|1\n|move|p1a: Pelipper|Weather Ball|p2a: The fool\n|-supereffective|p2a: The fool\n|-damage|p2a: The fool|34\/100\n|move|p2a: The fool|Earthquake|p1b: Landorus|[spread] \n|-immune|p2b: Dark Blue Moon|[from] ability: Levitate\n|-immune|p1a: Pelipper\n|-immune|p1b: Landorus\n|\n|-weather|RainDance|[upkeep]\n|-heal|p2b: Dark Blue Moon|81\/100|[from] item: Leftovers\n|upkeep\n|turn|19\n|\n|t:|1699135979\n|switch|p1b: Sinistcha|Sinistcha-Masterpiece|14\/100\n|-heal|p1a: Pelipper|100\/100|[from] ability: Hospitality|[of] p1b: Sinistcha\n|move|p2b: Dark Blue Moon|Lunar Blessing|p2b: Dark Blue Moon|[spread] p2a,p2b\n|-heal|p2a: The fool|59\/100\n|-heal|p2b: Dark Blue Moon|100\/100\n|move|p1a: Pelipper|Weather Ball|p2a: The fool\n|-supereffective|p2a: The fool\n|-damage|p2a: The fool|0 fnt\n|faint|p2a: The fool\n|\n|-weather|RainDance|[upkeep]\n|-fieldend|move: Trick Room\n|upkeep\n|inactive|demakker has 120 seconds left.\n|\n|t:|1699135997\n|switch|p2a: Judgement|Heatran, F|100\/100\n|turn|20\n|-message|demakker forfeited.\n|\n|win|dangledipipples\n|raw|dangledipipples's rating: 1432 &rarr; <strong>1452<\/strong><br \/>(+20 for winning)\n|raw|demakker's rating: 1435 &rarr; <strong>1415<\/strong><br \/>(-20 for losing)\n|l|\u2606demakker\n","uploadtime":1699136014,"views":12,"p1id":"dangledipipples","p2id":"demakker","formatid":"gen9doublesou","rating":1415,"private":0,"password":""}