{"id":"gen9doublesou-1987445083","p1":"RLisanidiot","p2":"Fixnow","format":"[Gen 9] Doubles OU","log":"|j|\u2606RLisanidiot\n|j|\u2606Fixnow\n|t:|1699592573\n|gametype|doubles\n|player|p1|RLisanidiot|unknownf|1366\n|player|p2|Fixnow|266|1398\n|teamsize|p1|6\n|teamsize|p2|6\n|gen|9\n|tier|[Gen 9] Doubles OU\n|rated|\n|rule|Species Clause: Limit one of each Pok\u00e9mon\n|rule|OHKO Clause: OHKO moves are banned\n|rule|Evasion Moves Clause: Evasion moves are banned\n|rule|Gravity Sleep Clause: The combination of sleep-inducing moves with imperfect accuracy and Gravity or Gigantamax Orbeetle are banned\n|rule|Endless Battle Clause: Forcing endless battles is banned\n|rule|HP Percentage Mod: HP is shown in percentages\n|clearpoke\n|poke|p1|Ninetales-Alola, F|\n|poke|p1|Chien-Pao|\n|poke|p1|Flutter Mane|\n|poke|p1|Tornadus, M|\n|poke|p1|Pachirisu, M|\n|poke|p1|Rillaboom, M|\n|poke|p2|Electrode-Hisui|\n|poke|p2|Charjabug, M|\n|poke|p2|Toxtricity-Low-Key, F|\n|poke|p2|Iron Hands|\n|poke|p2|Thundurus-Therian, M|\n|poke|p2|Rotom-Wash|\n|teampreview\n|inactive|Battle timer is ON: inactive players will automatically lose when time's up. (requested by RLisanidiot)\n|inactive|Fixnow has 120 seconds left.\n|\n|t:|1699592607\n|start\n|switch|p1a: Ninetales|Ninetales-Alola, F, shiny|100\/100\n|switch|p1b: Chien-Pao|Chien-Pao|100\/100\n|switch|p2a: Thundurus|Thundurus-Therian, M|100\/100\n|switch|p2b: Electrode|Electrode-Hisui|100\/100\n|-weather|Snow|[from] ability: Snow Warning|[of] p1a: Ninetales\n|-ability|p1b: Chien-Pao|Sword of Ruin\n|turn|1\n|\n|t:|1699592622\n|switch|p1b: Pachirisu|Pachirisu, M|100\/100\n|-terastallize|p2a: Thundurus|Ice\n|move|p2b: Electrode|Giga Drain|p1b: Pachirisu\n|-damage|p1b: Pachirisu|77\/100\n|move|p2a: Thundurus|Wildbolt Storm|p1a: Ninetales|[spread] p1a\n|-heal|p1b: Pachirisu|100\/100|[from] ability: Volt Absorb|[of] p2a: Thundurus\n|-damage|p1a: Ninetales|58\/100\n|move|p1a: Ninetales|Aurora Veil|p1a: Ninetales\n|-sidestart|p1: RLisanidiot|move: Aurora Veil\n|\n|-weather|Snow|[upkeep]\n|upkeep\n|turn|2\n|\n|t:|1699592643\n|switch|p2a: Iron Hands|Iron Hands|100\/100\n|move|p1b: Pachirisu|Follow Me|p1b: Pachirisu\n|-singleturn|p1b: Pachirisu|move: Follow Me\n|move|p2b: Electrode|Leech Seed|p1b: Pachirisu\n|-start|p1b: Pachirisu|move: Leech Seed\n|move|p1a: Ninetales|Icy Wind|p2a: Iron Hands|[spread] p2a,p2b\n|-supereffective|p2b: Electrode\n|-damage|p2a: Iron Hands|94\/100\n|-damage|p2b: Electrode|72\/100\n|-unboost|p2a: Iron Hands|spe|1\n|-unboost|p2b: Electrode|spe|1\n|\n|-weather|Snow|[upkeep]\n|-heal|p2b: Electrode|78\/100|[from] item: Leftovers\n|-damage|p1b: Pachirisu|88\/100|[from] Leech Seed|[of] p2b: Electrode\n|-heal|p2b: Electrode|90\/100|[silent]\n|upkeep\n|turn|3\n|\n|t:|1699592663\n|move|p1a: Ninetales|Icy Wind|p2b: Electrode|[spread] p2a,p2b\n|-supereffective|p2b: Electrode\n|-damage|p2a: Iron Hands|88\/100\n|-damage|p2b: Electrode|58\/100\n|-unboost|p2a: Iron Hands|spe|1\n|-unboost|p2b: Electrode|spe|1\n|move|p1b: Pachirisu|U-turn|p2b: Electrode\n|-supereffective|p2b: Electrode\n|-damage|p2b: Electrode|32\/100\n|\n|t:|1699592674\n|switch|p1b: Tornadus|Tornadus, M|100\/100|[from] U-turn\n|move|p2b: Electrode|Giga Drain|p1a: Ninetales\n|-damage|p1a: Ninetales|44\/100\n|-heal|p2b: Electrode|40\/100|[from] drain|[of] p1a: Ninetales\n|move|p2a: Iron Hands|Drain Punch|p1b: Tornadus\n|-resisted|p1b: Tornadus\n|-damage|p1b: Tornadus|85\/100\n|-heal|p2a: Iron Hands|94\/100|[from] drain|[of] p1b: Tornadus\n|\n|-weather|Snow|[upkeep]\n|-heal|p2b: Electrode|46\/100|[from] item: Leftovers\n|upkeep\n|turn|4\n|\n|t:|1699592696\n|move|p2b: Electrode|Protect|p2b: Electrode\n|-singleturn|p2b: Electrode|Protect\n|move|p1b: Tornadus|Taunt|p2b: Electrode\n|-activate|p2b: Electrode|move: Protect\n|move|p1a: Ninetales|Icy Wind|p2a: Iron Hands|[spread] p2a\n|-activate|p2b: Electrode|move: Protect\n|-damage|p2a: Iron Hands|87\/100\n|-unboost|p2a: Iron Hands|spe|1\n|move|p2a: Iron Hands|Ice Punch|p1b: Tornadus\n|-supereffective|p1b: Tornadus\n|-damage|p1b: Tornadus|45\/100\n|\n|-weather|Snow|[upkeep]\n|-heal|p2b: Electrode|52\/100|[from] item: Leftovers\n|upkeep\n|turn|5\n|inactive|Fixnow has 120 seconds left.\n|\n|t:|1699592743\n|move|p1b: Tornadus|Taunt|p2b: Electrode\n|-start|p2b: Electrode|move: Taunt\n|move|p1a: Ninetales|Confuse Ray|p2a: Iron Hands\n|-start|p2a: Iron Hands|confusion\n|move|p2b: Electrode|Giga Drain|p1a: Ninetales\n|-damage|p1a: Ninetales|29\/100\n|-heal|p2b: Electrode|60\/100|[from] drain|[of] p1a: Ninetales\n|-activate|p2a: Iron Hands|confusion\n|-damage|p2a: Iron Hands|75\/100|[from] confusion\n|\n|-weather|none\n|-heal|p2b: Electrode|66\/100|[from] item: Leftovers\n|upkeep\n|turn|6\n|inactive|Fixnow has 120 seconds left.\n|\n|t:|1699592771\n|switch|p2b: Rotom|Rotom-Wash|100\/100\n|move|p1a: Ninetales|Helping Hand|p1b: Tornadus\n|-singleturn|p1b: Tornadus|Helping Hand|[of] p1a: Ninetales\n|move|p1b: Tornadus|Bleakwind Storm|p2b: Rotom|[spread] p2a,p2b\n|-resisted|p2b: Rotom\n|-damage|p2a: Iron Hands|52\/100\n|-damage|p2b: Rotom|77\/100\n|-end|p2a: Iron Hands|confusion\n|move|p2a: Iron Hands|Heavy Slam|p1a: Ninetales\n|-supereffective|p1a: Ninetales\n|-damage|p1a: Ninetales|0 fnt\n|faint|p1a: Ninetales\n|\n|upkeep\n|\n|t:|1699592784\n|switch|p1a: Flutter Mane|Flutter Mane|100\/100\n|turn|7\n|inactive|Fixnow has 120 seconds left.\n|\n|t:|1699592803\n|move|p1a: Flutter Mane|Dazzling Gleam|p2b: Rotom|[spread] p2a,p2b\n|-supereffective|p2a: Iron Hands\n|-damage|p2a: Iron Hands|0 fnt\n|-damage|p2b: Rotom|27\/100\n|faint|p2a: Iron Hands\n|-end|p2a: Iron Hands|Quark Drive|[silent]\n|move|p1b: Tornadus|Bleakwind Storm|p2b: Rotom\n|-resisted|p2b: Rotom\n|-damage|p2b: Rotom|4\/100\n|move|p2b: Rotom|Volt Switch|p1a: Flutter Mane\n|-damage|p1a: Flutter Mane|76\/100\n|inactive|Fixnow has 120 seconds left.\n|\n|t:|1699592815\n|switch|p2b: Toxtricity|Toxtricity-Low-Key, F|100\/100|[from] Volt Switch\n|\n|upkeep\n|\n|t:|1699592819\n|switch|p2a: Electrode|Electrode-Hisui|66\/100\n|turn|8\n|\n|t:|1699592830\n|move|p2a: Electrode|Protect|p2a: Electrode\n|-singleturn|p2a: Electrode|Protect\n|move|p1b: Tornadus|Tailwind|p1b: Tornadus\n|-sidestart|p1: RLisanidiot|move: Tailwind\n|move|p1a: Flutter Mane|Dazzling Gleam|p2b: Toxtricity|[spread] p2b\n|-activate|p2a: Electrode|move: Protect\n|-resisted|p2b: Toxtricity\n|-damage|p2b: Toxtricity|72\/100\n|move|p2b: Toxtricity|Overdrive|p1a: Flutter Mane|[spread] p1a,p1b\n|-supereffective|p1b: Tornadus\n|-damage|p1a: Flutter Mane|45\/100\n|-damage|p1b: Tornadus|0 fnt\n|faint|p1b: Tornadus\n|-enditem|p2b: Toxtricity|Throat Spray\n|-boost|p2b: Toxtricity|spa|1|[from] item: Throat Spray\n|\n|-heal|p2a: Electrode|72\/100|[from] item: Leftovers\n|-sideend|p1: RLisanidiot|move: Aurora Veil\n|upkeep\n|\n|t:|1699592853\n|switch|p1b: Chien-Pao|Chien-Pao|100\/100\n|-ability|p1b: Chien-Pao|Sword of Ruin\n|turn|9\n|\n|t:|1699592860\n|switch|p2a: Rotom|Rotom-Wash|4\/100\n|move|p2b: Toxtricity|Protect|p2b: Toxtricity\n|-singleturn|p2b: Toxtricity|Protect\n|move|p1a: Flutter Mane|Dazzling Gleam|p2b: Toxtricity|[spread] p2a\n|-activate|p2b: Toxtricity|move: Protect\n|-damage|p2a: Rotom|0 fnt\n|faint|p2a: Rotom\n|move|p1b: Chien-Pao|Ice Spinner|p2b: Toxtricity\n|-activate|p2b: Toxtricity|move: Protect\n|\n|upkeep\n|\n|t:|1699592884\n|switch|p2a: Thundurus|Thundurus-Therian, M, tera:Ice|100\/100\n|turn|10\n|\n|t:|1699592891\n|switch|p2a: Charjabug|Charjabug, M|100\/100\n|move|p1a: Flutter Mane|Dazzling Gleam|p2b: Toxtricity|[spread] p2a,p2b\n|-resisted|p2b: Toxtricity\n|-damage|p2a: Charjabug|68\/100\n|-damage|p2b: Toxtricity|40\/100\n|move|p1b: Chien-Pao|Sacred Sword|p2a: Charjabug\n|-resisted|p2a: Charjabug\n|-damage|p2a: Charjabug|54\/100\n|move|p2b: Toxtricity|Overdrive|p1b: Chien-Pao|[spread] p1a,p1b\n|-damage|p1a: Flutter Mane|0 fnt\n|-damage|p1b: Chien-Pao|29\/100\n|faint|p1a: Flutter Mane\n|-end|p1a: Flutter Mane|Protosynthesis|[silent]\n|\n|upkeep\n|\n|t:|1699592906\n|switch|p1a: Rillaboom|Rillaboom, M|100\/100\n|-fieldstart|move: Grassy Terrain|[from] ability: Grassy Surge|[of] p1a: Rillaboom\n|turn|11\n|\n|t:|1699592912\n|switch|p1b: Pachirisu|Pachirisu, M|88\/100\n|move|p2b: Toxtricity|Protect|p2b: Toxtricity\n|-singleturn|p2b: Toxtricity|Protect\n|move|p2a: Charjabug|Protect|p2a: Charjabug\n|-singleturn|p2a: Charjabug|Protect\n|move|p1a: Rillaboom|Wood Hammer|p2b: Toxtricity\n|-activate|p2b: Toxtricity|move: Protect\n|\n|-heal|p1b: Pachirisu|94\/100|[from] Grassy Terrain\n|-heal|p2b: Toxtricity|46\/100|[from] Grassy Terrain\n|-heal|p2a: Charjabug|60\/100|[from] Grassy Terrain\n|-sideend|p1: RLisanidiot|move: Tailwind\n|upkeep\n|turn|12\n|\n|t:|1699592931\n|switch|p2b: Electrode|Electrode-Hisui|72\/100\n|move|p1b: Pachirisu|Super Fang|p2a: Charjabug\n|-damage|p2a: Charjabug|30\/100\n|move|p1a: Rillaboom|Wood Hammer|p2b: Electrode\n|-resisted|p2b: Electrode\n|-damage|p2b: Electrode|0 fnt\n|faint|p2b: Electrode\n|-damage|p1a: Rillaboom|82\/100|[from] Recoil\n|move|p2a: Charjabug|Struggle Bug|p1b: Pachirisu|[spread] p1a,p1b\n|-supereffective|p1a: Rillaboom\n|-damage|p1a: Rillaboom|63\/100\n|-damage|p1b: Pachirisu|86\/100\n|-unboost|p1a: Rillaboom|spa|1\n|-unboost|p1b: Pachirisu|spa|1\n|\n|-heal|p1b: Pachirisu|92\/100|[from] Grassy Terrain\n|-heal|p1a: Rillaboom|69\/100|[from] Grassy Terrain\n|-heal|p2a: Charjabug|36\/100|[from] Grassy Terrain\n|upkeep\n|inactive|Fixnow has 120 seconds left.\n|\n|t:|1699592956\n|switch|p2b: Toxtricity|Toxtricity-Low-Key, F|46\/100\n|turn|13\n|\n|t:|1699592962\n|move|p2b: Toxtricity|Protect|p2b: Toxtricity\n|-singleturn|p2b: Toxtricity|Protect\n|move|p1b: Pachirisu|Follow Me|p1b: Pachirisu\n|-singleturn|p1b: Pachirisu|move: Follow Me\n|move|p1a: Rillaboom|Wood Hammer|p2b: Toxtricity\n|-activate|p2b: Toxtricity|move: Protect\n|move|p2a: Charjabug|Lunge|p1b: Pachirisu\n|-damage|p1b: Pachirisu|65\/100\n|-unboost|p1b: Pachirisu|atk|1\n|\n|-heal|p1b: Pachirisu|71\/100|[from] Grassy Terrain\n|-heal|p1a: Rillaboom|75\/100|[from] Grassy Terrain\n|-heal|p2b: Toxtricity|52\/100|[from] Grassy Terrain\n|-heal|p2a: Charjabug|42\/100|[from] Grassy Terrain\n|upkeep\n|turn|14\n|\n|t:|1699592982\n|move|p1b: Pachirisu|Follow Me|p1b: Pachirisu\n|-singleturn|p1b: Pachirisu|move: Follow Me\n|move|p1a: Rillaboom|Wood Hammer|p2b: Toxtricity\n|-resisted|p2b: Toxtricity\n|-damage|p2b: Toxtricity|0 fnt\n|faint|p2b: Toxtricity\n|-damage|p1a: Rillaboom|62\/100|[from] Recoil\n|move|p2a: Charjabug|Struggle Bug|p1b: Pachirisu|[spread] p1a,p1b\n|-supereffective|p1a: Rillaboom\n|-damage|p1a: Rillaboom|44\/100\n|-damage|p1b: Pachirisu|63\/100\n|-unboost|p1a: Rillaboom|spa|1\n|-unboost|p1b: Pachirisu|spa|1\n|\n|-heal|p1b: Pachirisu|69\/100|[from] Grassy Terrain\n|-heal|p1a: Rillaboom|50\/100|[from] Grassy Terrain\n|-heal|p2a: Charjabug|48\/100|[from] Grassy Terrain\n|upkeep\n|\n|t:|1699592995\n|switch|p2b: Thundurus|Thundurus-Therian, M, tera:Ice|100\/100\n|turn|15\n|\n|t:|1699593005\n|move|p1b: Pachirisu|Follow Me|p1b: Pachirisu\n|-singleturn|p1b: Pachirisu|move: Follow Me\n|move|p2b: Thundurus|Sludge Bomb|p1b: Pachirisu\n|-crit|p1b: Pachirisu\n|-damage|p1b: Pachirisu|0 fnt\n|faint|p1b: Pachirisu\n|move|p1a: Rillaboom|Wood Hammer|p2b: Thundurus\n|-damage|p2b: Thundurus|0 fnt\n|faint|p2b: Thundurus\n|-damage|p1a: Rillaboom|21\/100|[from] Recoil\n|move|p2a: Charjabug|Struggle Bug|p1a: Rillaboom\n|-supereffective|p1a: Rillaboom\n|-damage|p1a: Rillaboom|0 fnt\n|faint|p1a: Rillaboom\n|\n|-heal|p2a: Charjabug|54\/100|[from] Grassy Terrain\n|-fieldend|move: Grassy Terrain\n|upkeep\n|\n|t:|1699593018\n|switch|p1b: Chien-Pao|Chien-Pao|29\/100\n|-ability|p1b: Chien-Pao|Sword of Ruin\n|turn|16\n|\n|t:|1699593023\n|-terastallize|p1b: Chien-Pao|Electric\n|move|p1b: Chien-Pao|Ice Spinner|p2a: Charjabug\n|-damage|p2a: Charjabug|14\/100\n|move|p2a: Charjabug|Lunge|p1b: Chien-Pao\n|-damage|p1b: Chien-Pao|4\/100\n|-unboost|p1b: Chien-Pao|atk|1\n|\n|upkeep\n|turn|17\n|\n|t:|1699593032\n|move|p1b: Chien-Pao|Ice Spinner|p2a: Charjabug\n|-damage|p2a: Charjabug|0 fnt\n|faint|p2a: Charjabug\n|\n|win|RLisanidiot\n|raw|RLisanidiot's rating: 1366 &rarr; <strong>1387<\/strong><br \/>(+21 for winning)\n|raw|Fixnow's rating: 1385 &rarr; <strong>1364<\/strong><br \/>(-21 for losing)\n|l|\u2606Fixnow\n","uploadtime":1699593038,"views":22,"p1id":"rlisanidiot","p2id":"fixnow","formatid":"gen9doublesou","rating":1364,"private":0,"password":""}