{"id":"gen9doublesou-1972713061","p1":"Sleepoligy","p2":"YA3ARMANII","format":"[Gen 9] Doubles OU","log":"|j|\u2606Sleepoligy\n|j|\u2606YA3ARMANII\n|t:|1697882914\n|gametype|doubles\n|player|p1|Sleepoligy|brycen|1272\n|player|p2|YA3ARMANII|skier|1372\n|teamsize|p1|6\n|teamsize|p2|6\n|gen|9\n|tier|[Gen 9] Doubles OU\n|rated|\n|rule|Species Clause: Limit one of each Pok\u00e9mon\n|rule|OHKO Clause: OHKO moves are banned\n|rule|Evasion Moves Clause: Evasion moves are banned\n|rule|Gravity Sleep Clause: The combination of sleep-inducing moves with imperfect accuracy and Gravity or Gigantamax Orbeetle are banned\n|rule|Endless Battle Clause: Forcing endless battles is banned\n|rule|HP Percentage Mod: HP is shown in percentages\n|clearpoke\n|poke|p1|Toedscool, M|\n|poke|p1|Hippowdon, F|\n|poke|p1|Sandy Shocks|\n|poke|p1|Ursaluna-Bloodmoon, M|\n|poke|p1|Landorus-Therian, M|\n|poke|p1|Gliscor, M|\n|poke|p2|Ogerpon-Hearthflame, F|\n|poke|p2|Torkoal, M|\n|poke|p2|Walking Wake|\n|poke|p2|Chi-Yu|\n|poke|p2|Amoonguss, F|\n|poke|p2|Rillaboom, M|\n|teampreview\n|inactive|Battle timer is ON: inactive players will automatically lose when time's up. (requested by YA3ARMANII)\n|j| MTS007\n|inactive|Sleepoligy has 120 seconds left.\n|inactive|YA3ARMANII has 120 seconds left.\n|inactive|Sleepoligy has 90 seconds left.\n|inactive|YA3ARMANII has 90 seconds left.\n|inactive|YA3ARMANII has 60 seconds left.\n|\n|t:|1697883010\n|start\n|switch|p1a: Toedscool|Toedscool, M|100\/100\n|switch|p1b: Landorus|Landorus-Therian, M|100\/100\n|switch|p2a: Walking Wake|Walking Wake|100\/100\n|switch|p2b: Rillaboom|Rillaboom, M, shiny|100\/100\n|-ability|p1b: Landorus|Intimidate|boost\n|-unboost|p2a: Walking Wake|atk|1\n|-unboost|p2b: Rillaboom|atk|1\n|-fieldstart|move: Grassy Terrain|[from] ability: Grassy Surge|[of] p2b: Rillaboom\n|turn|1\n|inactive|YA3ARMANII has 120 seconds left.\n|inactive|Sleepoligy has 120 seconds left.\n|\n|t:|1697883042\n|switch|p1b: Hippowdon|Hippowdon, F|100\/100\n|-weather|Sandstorm|[from] ability: Sand Stream|[of] p1b: Hippowdon\n|-terastallize|p1a: Toedscool|Ghost\n|move|p2b: Rillaboom|Fake Out|p1a: Toedscool\n|-immune|p1a: Toedscool\n|move|p2a: Walking Wake|Sunny Day|p2a: Walking Wake\n|-weather|SunnyDay\n|-activate|p2a: Walking Wake|ability: Protosynthesis\n|-start|p2a: Walking Wake|protosynthesisspe\n|move|p1a: Toedscool|Trick Room|p1a: Toedscool\n|-fieldstart|move: Trick Room|[of] p1a: Toedscool\n|\n|-weather|SunnyDay|[upkeep]\n|upkeep\n|turn|2\n|inactive|Sleepoligy has 120 seconds left.\n|inactive|YA3ARMANII has 120 seconds left.\n|l| MTS007\n|\n|t:|1697883087\n|switch|p1b: Gliscor|Gliscor, M|100\/100\n|move|p2b: Rillaboom|Grassy Glide|p1b: Gliscor\n|-damage|p1b: Gliscor|67\/100\n|move|p2a: Walking Wake|Hydro Steam|p1a: Toedscool\n|-damage|p1a: Toedscool|53\/100\n|move|p1a: Toedscool|Toxic Spikes|p2b: Rillaboom\n|-sidestart|p2: YA3ARMANII|move: Toxic Spikes\n|\n|-weather|SunnyDay|[upkeep]\n|-heal|p1a: Toedscool|59\/100|[from] Grassy Terrain\n|-status|p1b: Gliscor|tox|[from] item: Toxic Orb\n|upkeep\n|turn|3\n|inactive|YA3ARMANII has 120 seconds left.\n|inactive|Sleepoligy has 120 seconds left.\n|inactive|Sleepoligy has 90 seconds left.\n|\n|t:|1697883138\n|-terastallize|p2b: Rillaboom|Water\n|move|p1a: Toedscool|Rage Powder|p1a: Toedscool\n|-singleturn|p1a: Toedscool|move: Rage Powder\n|move|p2b: Rillaboom|Grassy Glide|p1a: Toedscool\n|-damage|p1a: Toedscool|25\/100\n|move|p1b: Gliscor|Swords Dance|p1b: Gliscor\n|-boost|p1b: Gliscor|atk|2\n|move|p2a: Walking Wake|Dragon Pulse|p1a: Toedscool\n|-damage|p1a: Toedscool|0 fnt\n|faint|p1a: Toedscool\n|\n|-weather|SunnyDay|[upkeep]\n|-heal|p1b: Gliscor|79\/100 tox|[from] ability: Poison Heal\n|upkeep\n|inactive|Sleepoligy has 60 seconds left.\n|\n|t:|1697883168\n|switch|p1a: Hippowdon|Hippowdon, F|100\/100\n|-weather|Sandstorm|[from] ability: Sand Stream|[of] p1a: Hippowdon\n|-end|p2a: Walking Wake|Protosynthesis\n|turn|4\n|inactive|YA3ARMANII has 120 seconds left.\n|\n|t:|1697883182\n|switch|p2b: Amoonguss|Amoonguss, F|100\/100\n|-sideend|p2: YA3ARMANII|move: Toxic Spikes|[of] p2b: Amoonguss\n|move|p1a: Hippowdon|Rock Slide|p2a: Walking Wake|[spread] p2b\n|-miss|p1a: Hippowdon|p2a: Walking Wake\n|-damage|p2b: Amoonguss|88\/100\n|move|p1b: Gliscor|Rock Slide|p2a: Walking Wake|[spread] p2a,p2b\n|-damage|p2a: Walking Wake|71\/100\n|-damage|p2b: Amoonguss|67\/100\n|cant|p2a: Walking Wake|flinch\n|\n|-weather|Sandstorm|[upkeep]\n|-damage|p2b: Amoonguss|61\/100|[from] Sandstorm\n|-damage|p2a: Walking Wake|65\/100|[from] Sandstorm\n|-heal|p2b: Amoonguss|67\/100|[from] Grassy Terrain\n|-heal|p2a: Walking Wake|71\/100|[from] Grassy Terrain\n|-heal|p2a: Walking Wake|77\/100|[from] item: Leftovers\n|-heal|p1b: Gliscor|91\/100 tox|[from] ability: Poison Heal\n|upkeep\n|turn|5\n|inactive|Sleepoligy has 90 seconds left.\n|inactive|YA3ARMANII has 120 seconds left.\n|\n|t:|1697883222\n|move|p1a: Hippowdon|Protect|p1a: Hippowdon\n|-singleturn|p1a: Hippowdon|Protect\n|move|p1b: Gliscor|Protect|p1b: Gliscor\n|-singleturn|p1b: Gliscor|Protect\n|move|p2b: Amoonguss|Spore|p1a: Hippowdon\n|-activate|p1a: Hippowdon|move: Protect\n|move|p2a: Walking Wake|Weather Ball|p1b: Gliscor\n|-activate|p1b: Gliscor|move: Protect\n|\n|-weather|Sandstorm|[upkeep]\n|-damage|p2b: Amoonguss|61\/100|[from] Sandstorm\n|-damage|p2a: Walking Wake|71\/100|[from] Sandstorm\n|-heal|p2b: Amoonguss|67\/100|[from] Grassy Terrain\n|-heal|p2a: Walking Wake|77\/100|[from] Grassy Terrain\n|-heal|p2a: Walking Wake|84\/100|[from] item: Leftovers\n|-heal|p1b: Gliscor|100\/100 tox|[from] ability: Poison Heal\n|-fieldend|move: Trick Room\n|-fieldend|move: Grassy Terrain\n|upkeep\n|turn|6\n|inactive|YA3ARMANII has 120 seconds left.\n|inactive|Sleepoligy has 90 seconds left.\n|\n|t:|1697883253\n|move|p2a: Walking Wake|Weather Ball|p1b: Gliscor\n|-damage|p1b: Gliscor|66\/100 tox\n|move|p1b: Gliscor|Rock Slide|p2a: Walking Wake|[spread] p2a,p2b\n|-crit|p2a: Walking Wake\n|-damage|p2a: Walking Wake|40\/100\n|-damage|p2b: Amoonguss|47\/100\n|cant|p2b: Amoonguss|flinch\n|move|p1a: Hippowdon|Rock Slide|p2a: Walking Wake|[spread] p2a,p2b\n|-damage|p2a: Walking Wake|22\/100\n|-damage|p2b: Amoonguss|34\/100\n|\n|-weather|Sandstorm|[upkeep]\n|-damage|p2a: Walking Wake|16\/100|[from] Sandstorm\n|-damage|p2b: Amoonguss|28\/100|[from] Sandstorm\n|-heal|p2a: Walking Wake|22\/100|[from] item: Leftovers\n|-heal|p1b: Gliscor|78\/100 tox|[from] ability: Poison Heal\n|upkeep\n|turn|7\n|inactive|Sleepoligy has 90 seconds left.\n|inactive|Sleepoligy has 60 seconds left.\n|\n|t:|1697883300\n|switch|p2b: Torkoal|Torkoal, M|100\/100\n|-weather|SunnyDay|[from] ability: Drought|[of] p2b: Torkoal\n|-activate|p2a: Walking Wake|ability: Protosynthesis\n|-start|p2a: Walking Wake|protosynthesisspe\n|switch|p1a: Ursaluna|Ursaluna-Bloodmoon, M|100\/100\n|move|p2a: Walking Wake|Hydro Steam|p1b: Gliscor\n|-supereffective|p1b: Gliscor\n|-damage|p1b: Gliscor|0 fnt\n|faint|p1b: Gliscor\n|\n|-weather|SunnyDay|[upkeep]\n|-heal|p2a: Walking Wake|28\/100|[from] item: Leftovers\n|upkeep\n|inactive|Sleepoligy has 60 seconds left.\n|\n|t:|1697883316\n|switch|p1b: Hippowdon|Hippowdon, F|100\/100\n|-weather|Sandstorm|[from] ability: Sand Stream|[of] p1b: Hippowdon\n|-end|p2a: Walking Wake|Protosynthesis\n|turn|8\n|inactive|YA3ARMANII has 120 seconds left.\n|inactive|Sleepoligy has 60 seconds left.\n|\n|t:|1697883346\n|-end|p2a: Walking Wake|Protosynthesis|[silent]\n|switch|p2a: Rillaboom|Rillaboom, M, shiny, tera:Water|100\/100\n|-fieldstart|move: Grassy Terrain|[from] ability: Grassy Surge|[of] p2a: Rillaboom\n|switch|p1b: Landorus|Landorus-Therian, M|100\/100\n|-ability|p1b: Landorus|Intimidate|boost\n|-unboost|p2a: Rillaboom|atk|1\n|-unboost|p2b: Torkoal|atk|1\n|switch|p2b: Amoonguss|Amoonguss, F|61\/100\n|move|p1a: Ursaluna|Hyper Voice|p2a: Rillaboom|[spread] p2a,p2b\n|-damage|p2a: Rillaboom|63\/100\n|-damage|p2b: Amoonguss|32\/100\n|-enditem|p1a: Ursaluna|Throat Spray\n|-boost|p1a: Ursaluna|spa|1|[from] item: Throat Spray\n|\n|-weather|Sandstorm|[upkeep]\n|-damage|p2a: Rillaboom|57\/100|[from] Sandstorm\n|-damage|p2b: Amoonguss|26\/100|[from] Sandstorm\n|-heal|p2a: Rillaboom|63\/100|[from] Grassy Terrain\n|-heal|p2b: Amoonguss|32\/100|[from] Grassy Terrain\n|upkeep\n|turn|9\n|inactive|YA3ARMANII has 120 seconds left.\n|inactive|Sleepoligy has 60 seconds left.\n|inactive|YA3ARMANII has 90 seconds left.\n|inactive|Sleepoligy has 30 seconds left.\n|inactive|YA3ARMANII has 60 seconds left.\n|\n|t:|1697883427\n|move|p2a: Rillaboom|Fake Out|p1a: Ursaluna\n|-damage|p1a: Ursaluna|93\/100\n|move|p1b: Landorus|Rock Slide|p2a: Rillaboom|[spread] p2a,p2b\n|-crit|p2b: Amoonguss\n|-damage|p2a: Rillaboom|42\/100\n|-damage|p2b: Amoonguss|5\/100\n|cant|p1a: Ursaluna|flinch\n|cant|p2b: Amoonguss|flinch\n|\n|-weather|Sandstorm|[upkeep]\n|-damage|p2a: Rillaboom|36\/100|[from] Sandstorm\n|-damage|p2b: Amoonguss|0 fnt|[from] Sandstorm\n|faint|p2b: Amoonguss\n|-heal|p2a: Rillaboom|42\/100|[from] Grassy Terrain\n|-heal|p1a: Ursaluna|99\/100|[from] Grassy Terrain\n|upkeep\n|\n|t:|1697883444\n|switch|p2b: Torkoal|Torkoal, M|100\/100\n|-weather|SunnyDay|[from] ability: Drought|[of] p2b: Torkoal\n|turn|10\n|inactive|Sleepoligy has 30 seconds left.\n|inactive|Sleepoligy has 20 seconds left.\n|inactive|Sleepoligy has 15 seconds left.\n|\n|t:|1697883489\n|switch|p1b: Hippowdon|Hippowdon, F|100\/100\n|-weather|Sandstorm|[from] ability: Sand Stream|[of] p1b: Hippowdon\n|move|p2a: Rillaboom|Grassy Glide|p1a: Ursaluna\n|-supereffective|p1a: Ursaluna\n|-damage|p1a: Ursaluna|55\/100\n|move|p1a: Ursaluna|Hyper Voice|p2a: Rillaboom|[spread] p2a,p2b\n|-damage|p2a: Rillaboom|0 fnt\n|-damage|p2b: Torkoal|55\/100\n|faint|p2a: Rillaboom\n|move|p2b: Torkoal|Will-O-Wisp|p1b: Hippowdon\n|-status|p1b: Hippowdon|brn\n|\n|-weather|Sandstorm|[upkeep]\n|-damage|p2b: Torkoal|49\/100|[from] Sandstorm\n|-heal|p1a: Ursaluna|61\/100|[from] Grassy Terrain\n|-heal|p2b: Torkoal|55\/100|[from] Grassy Terrain\n|-damage|p1b: Hippowdon|94\/100 brn|[from] brn\n|upkeep\n|inactive|Sleepoligy has 20 seconds left this turn.\n|inactive|YA3ARMANII has 30 seconds left.\n|\n|t:|1697883519\n|switch|p2a: Chi-Yu|Chi-Yu|100\/100\n|-ability|p2a: Chi-Yu|Beads of Ruin\n|turn|11\n|inactive|Sleepoligy has 30 seconds left.\n|inactive|YA3ARMANII has 30 seconds left.\n|inactive|Sleepoligy has 20 seconds left.\n|\n|t:|1697883549\n|switch|p2a: Ogerpon|Ogerpon-Hearthflame, F|100\/100\n|-ability|p2a: Ogerpon|Mold Breaker\n|switch|p2b: Walking Wake|Walking Wake|28\/100\n|move|p1a: Ursaluna|Protect|p1a: Ursaluna\n|-singleturn|p1a: Ursaluna|Protect\n|move|p1b: Hippowdon|Rock Slide|p2b: Walking Wake|[spread] \n|-miss|p1b: Hippowdon|p2a: Ogerpon\n|-miss|p1b: Hippowdon|p2b: Walking Wake\n|\n|-weather|Sandstorm|[upkeep]\n|-damage|p2a: Ogerpon|95\/100|[from] Sandstorm\n|-damage|p2b: Walking Wake|22\/100|[from] Sandstorm\n|-heal|p2a: Ogerpon|100\/100|[from] Grassy Terrain\n|-heal|p2b: Walking Wake|28\/100|[from] Grassy Terrain\n|-heal|p2b: Walking Wake|34\/100|[from] item: Leftovers\n|-heal|p1a: Ursaluna|67\/100|[from] Grassy Terrain\n|-heal|p1b: Hippowdon|100\/100 brn|[from] Grassy Terrain\n|-damage|p1b: Hippowdon|94\/100 brn|[from] brn\n|upkeep\n|turn|12\n|inactive|Sleepoligy has 30 seconds left.\n|inactive|YA3ARMANII has 30 seconds left.\n|inactive|Sleepoligy has 20 seconds left.\n|inactive|Sleepoligy has 15 seconds left.\n|inactive|YA3ARMANII has 20 seconds left.\n|inactive|Sleepoligy has 10 seconds left.\n|inactive|YA3ARMANII has 15 seconds left.\n|inactive|Sleepoligy has 5 seconds left.\n|\n|t:|1697883589\n|-end|p2b: Walking Wake|Protosynthesis|[silent]\n|switch|p2b: Torkoal|Torkoal, M|55\/100\n|-weather|SunnyDay|[from] ability: Drought|[of] p2b: Torkoal\n|switch|p1a: Landorus|Landorus-Therian, M|100\/100\n|-ability|p1a: Landorus|Intimidate|boost\n|-unboost|p2a: Ogerpon|atk|1\n|-unboost|p2b: Torkoal|atk|1\n|switch|p1b: Sandy Shocks|Sandy Shocks|100\/100\n|-activate|p1b: Sandy Shocks|ability: Protosynthesis\n|-start|p1b: Sandy Shocks|protosynthesisspe\n|move|p2a: Ogerpon|Horn Leech|p1a: Landorus\n|-damage|p1a: Landorus|56\/100\n|\n|-weather|SunnyDay|[upkeep]\n|-heal|p2b: Torkoal|61\/100|[from] Grassy Terrain\n|-fieldend|move: Grassy Terrain\n|upkeep\n|turn|13\n|inactive|Sleepoligy has 30 seconds left this turn.\n|inactive|Sleepoligy has 20 seconds left.\n|inactive|YA3ARMANII has 30 seconds left.\n|inactive|Sleepoligy has 15 seconds left.\n|inactive|Sleepoligy has 10 seconds left.\n|inactive|YA3ARMANII has 20 seconds left.\n|inactive|YA3ARMANII has 15 seconds left.\n|\n|t:|1697883618\n|switch|p2b: Walking Wake|Walking Wake|34\/100\n|-activate|p2b: Walking Wake|ability: Protosynthesis\n|-start|p2b: Walking Wake|protosynthesisspe\n|move|p1b: Sandy Shocks|Protect|p1b: Sandy Shocks\n|-singleturn|p1b: Sandy Shocks|Protect\n|move|p1a: Landorus|Earthquake|p2b: Walking Wake|[spread] p2a,p2b\n|-activate|p1b: Sandy Shocks|move: Protect\n|-damage|p2a: Ogerpon|42\/100\n|-damage|p2b: Walking Wake|0 fnt\n|faint|p2b: Walking Wake\n|-end|p2b: Walking Wake|Protosynthesis|[silent]\n|move|p2a: Ogerpon|Swords Dance|p2a: Ogerpon\n|-boost|p2a: Ogerpon|atk|2\n|\n|-weather|SunnyDay|[upkeep]\n|upkeep\n|inactive|Sleepoligy has 15 seconds left this turn.\n|inactive|YA3ARMANII has 20 seconds left this turn.\n|inactive|YA3ARMANII has 15 seconds left.\n|inactive|YA3ARMANII has 10 seconds left.\n|inactive|YA3ARMANII has 5 seconds left.\n|\n|t:|1697883634\n|switch|p2b: Torkoal|Torkoal, M|61\/100\n|turn|14\n|inactive|YA3ARMANII has 30 seconds left this turn.\n|inactive|Sleepoligy has 30 seconds left.\n|inactive|YA3ARMANII has 20 seconds left.\n|\n|t:|1697883649\n|-end|p1b: Sandy Shocks|Protosynthesis|[silent]\n|switch|p1b: Hippowdon|Hippowdon, F|94\/100 brn\n|-weather|Sandstorm|[from] ability: Sand Stream|[of] p1b: Hippowdon\n|move|p2b: Torkoal|Protect|p2b: Torkoal\n|-singleturn|p2b: Torkoal|Protect\n|move|p1a: Landorus|Earthquake|p2a: Ogerpon|[spread] p1b,p2a\n|-activate|p2b: Torkoal|move: Protect\n|-damage|p1b: Hippowdon|64\/100 brn\n|-damage|p2a: Ogerpon|0 fnt\n|faint|p2a: Ogerpon\n|\n|-weather|Sandstorm|[upkeep]\n|-damage|p2b: Torkoal|55\/100|[from] Sandstorm\n|-damage|p1b: Hippowdon|58\/100 brn|[from] brn\n|upkeep\n|inactive|YA3ARMANII has 25 seconds left this turn.\n|inactive|YA3ARMANII has 20 seconds left.\n|inactive|YA3ARMANII has 15 seconds left.\n|\n|t:|1697883664\n|switch|p2a: Chi-Yu|Chi-Yu|100\/100\n|-ability|p2a: Chi-Yu|Beads of Ruin\n|turn|15\n|\n|t:|1697883671\n|move|p1a: Landorus|Earthquake|p2a: Chi-Yu|[spread] p1b,p2a,p2b\n|-supereffective|p2a: Chi-Yu\n|-supereffective|p2b: Torkoal\n|-damage|p1b: Hippowdon|29\/100 brn\n|-damage|p2a: Chi-Yu|0 fnt\n|-damage|p2b: Torkoal|0 fnt\n|faint|p2a: Chi-Yu\n|faint|p2b: Torkoal\n|\n|win|Sleepoligy\n|raw|Sleepoligy's rating: 1272 &rarr; <strong>1304<\/strong><br \/>(+32 for winning)\n|raw|YA3ARMANII's rating: 1372 &rarr; <strong>1346<\/strong><br \/>(-26 for losing)\n|l|\u2606YA3ARMANII\n","uploadtime":1697883681,"views":20,"p1id":"sleepoligy","p2id":"ya3armanii","formatid":"gen9doublesou","rating":1304,"private":0,"password":""}