{"id":"gen9doublesou-1991244621","p1":"evilsoul12","p2":"Aviated_Froakie","format":"[Gen 9] Doubles OU","log":"|j|\u2606evilsoul12\n|j|\u2606Aviated_Froakie\n|t:|1700060752\n|gametype|doubles\n|player|p1|evilsoul12|hilbert-wonderlauncher|1123\n|player|p2|Aviated_Froakie|n|1156\n|teamsize|p1|6\n|teamsize|p2|6\n|gen|9\n|tier|[Gen 9] Doubles OU\n|rated|\n|rule|Species Clause: Limit one of each Pok\u00e9mon\n|rule|OHKO Clause: OHKO moves are banned\n|rule|Evasion Moves Clause: Evasion moves are banned\n|rule|Gravity Sleep Clause: The combination of sleep-inducing moves with imperfect accuracy and Gravity or Gigantamax Orbeetle are banned\n|rule|Endless Battle Clause: Forcing endless battles is banned\n|rule|HP Percentage Mod: HP is shown in percentages\n|clearpoke\n|poke|p1|Torkoal, F|\n|poke|p1|Walking Wake|\n|poke|p1|Kingambit, F|\n|poke|p1|Amoonguss, F|\n|poke|p1|Gholdengo|\n|poke|p1|Dragonite, F|\n|poke|p2|Samurott-Hisui, F|\n|poke|p2|Cinderace, M|\n|poke|p2|Ogerpon, F|\n|poke|p2|Tornadus, M|\n|poke|p2|Arcanine-Hisui, M|\n|poke|p2|Quaquaval, F|\n|teampreview\n|inactive|Battle timer is ON: inactive players will automatically lose when time's up. (requested by evilsoul12)\n|\n|t:|1700060770\n|start\n|switch|p1a: Torkoal|Torkoal, F|100\/100\n|switch|p1b: Walking Wake|Walking Wake|100\/100\n|switch|p2a: Nado|Tornadus, M|100\/100\n|switch|p2b: \ud83c\udf82|Quaquaval, F|100\/100\n|-weather|SunnyDay|[from] ability: Drought|[of] p1a: Torkoal\n|-activate|p1b: Walking Wake|ability: Protosynthesis\n|-start|p1b: Walking Wake|protosynthesisspa\n|turn|1\n|\n|t:|1700060794\n|-terastallize|p1b: Walking Wake|Water\n|move|p2a: Nado|Tailwind|p2a: Nado\n|-sidestart|p2: Aviated_Froakie|move: Tailwind\n|move|p2b: \ud83c\udf82|Aqua Step|p1a: Torkoal\n|-supereffective|p1a: Torkoal\n|-damage|p1a: Torkoal|54\/100\n|-boost|p2b: \ud83c\udf82|spe|1\n|move|p1b: Walking Wake|Hydro Steam|p2a: Nado\n|-damage|p2a: Nado|0 fnt\n|faint|p2a: Nado\n|move|p1a: Torkoal|Yawn|p2b: \ud83c\udf82\n|-start|p2b: \ud83c\udf82|move: Yawn|[of] p1a: Torkoal\n|\n|-weather|SunnyDay|[upkeep]\n|upkeep\n|\n|t:|1700060811\n|switch|p2a: Nimbus|Arcanine-Hisui, M, shiny|100\/100\n|-item|p2a: Nimbus|Air Balloon\n|turn|2\n|\n|t:|1700060830\n|switch|p1a: Dragonite|Dragonite, F|100\/100\n|-terastallize|p2a: Nimbus|Grass\n|move|p2b: \ud83c\udf82|Aqua Step|p1a: Dragonite\n|-resisted|p1a: Dragonite\n|-damage|p1a: Dragonite|96\/100\n|-boost|p2b: \ud83c\udf82|spe|1\n|move|p2a: Nimbus|Tera Blast|p1b: Walking Wake|[anim] Tera Blast Grass\n|-supereffective|p1b: Walking Wake\n|-damage|p1b: Walking Wake|24\/100\n|-enditem|p1b: Walking Wake|Salac Berry|[eat]\n|-boost|p1b: Walking Wake|spe|1|[from] item: Salac Berry\n|move|p1b: Walking Wake|Hydro Steam|p2a: Nimbus\n|-resisted|p2a: Nimbus\n|-damage|p2a: Nimbus|31\/100\n|-enditem|p2a: Nimbus|Air Balloon\n|\n|-weather|SunnyDay|[upkeep]\n|-heal|p1a: Dragonite|100\/100|[from] item: Leftovers\n|-end|p2b: \ud83c\udf82|move: Yawn|[silent]\n|-status|p2b: \ud83c\udf82|slp\n|upkeep\n|turn|3\n|inactive|evilsoul12 has 120 seconds left.\n|\n|t:|1700060867\n|move|p2a: Nimbus|Extreme Speed|p1b: Walking Wake\n|-damage|p1b: Walking Wake|0 fnt\n|faint|p1b: Walking Wake\n|-end|p1b: Walking Wake|Protosynthesis|[silent]\n|cant|p2b: \ud83c\udf82|slp\n|move|p1a: Dragonite|Body Press|p2a: Nimbus\n|-damage|p2a: Nimbus|0 fnt\n|faint|p2a: Nimbus\n|\n|-weather|SunnyDay|[upkeep]\n|upkeep\n|\n|t:|1700060885\n|switch|p1b: Gholdengo|Gholdengo|100\/100\n|switch|p2a: Rai|Samurott-Hisui, F|100\/100\n|-item|p1b: Gholdengo|Air Balloon\n|turn|4\n|\n|t:|1700060902\n|-curestatus|p2b: \ud83c\udf82|slp|[msg]\n|move|p2b: \ud83c\udf82|Ice Spinner|p1a: Dragonite\n|-supereffective|p1a: Dragonite\n|-damage|p1a: Dragonite|43\/100\n|move|p2a: Rai|Swords Dance|p2a: Rai\n|-boost|p2a: Rai|atk|2\n|move|p1b: Gholdengo|Make It Rain|p2a: Rai|[spread] p2a,p2b\n|-resisted|p2a: Rai\n|-resisted|p2b: \ud83c\udf82\n|-damage|p2a: Rai|66\/100\n|-damage|p2b: \ud83c\udf82|71\/100\n|-unboost|p1b: Gholdengo|spa|1\n|move|p1a: Dragonite|Tailwind|p1a: Dragonite\n|-sidestart|p1: evilsoul12|move: Tailwind\n|\n|-weather|SunnyDay|[upkeep]\n|-heal|p1a: Dragonite|49\/100|[from] item: Leftovers\n|-sideend|p2: Aviated_Froakie|move: Tailwind\n|upkeep\n|turn|5\n|\n|t:|1700060930\n|move|p2b: \ud83c\udf82|Ice Spinner|p1a: Dragonite\n|-supereffective|p1a: Dragonite\n|-damage|p1a: Dragonite|0 fnt\n|faint|p1a: Dragonite\n|-ability|p2b: \ud83c\udf82|Moxie|boost\n|-boost|p2b: \ud83c\udf82|atk|1\n|move|p1b: Gholdengo|Make It Rain|p2b: \ud83c\udf82|[spread] p2a,p2b\n|-resisted|p2a: Rai\n|-resisted|p2b: \ud83c\udf82\n|-damage|p2a: Rai|45\/100\n|-damage|p2b: \ud83c\udf82|52\/100\n|-unboost|p1b: Gholdengo|spa|1\n|move|p2a: Rai|Ceaseless Edge|p1b: Gholdengo\n|-supereffective|p1b: Gholdengo\n|-damage|p1b: Gholdengo|0 fnt\n|-enditem|p1b: Gholdengo|Air Balloon\n|-sidestart|p1: evilsoul12|Spikes\n|faint|p1b: Gholdengo\n|\n|-weather|SunnyDay|[upkeep]\n|upkeep\n|inactive|evilsoul12 has 120 seconds left.\n|\n|t:|1700060954\n|switch|p1b: Torkoal|Torkoal, F|54\/100\n|switch|p1a: Kingambit|Kingambit, F|100\/100\n|-damage|p1a: Kingambit|88\/100|[from] Spikes\n|-activate|p1a: Kingambit|ability: Supreme Overlord\n|-start|p1a: Kingambit|fallen3|[silent]\n|-damage|p1b: Torkoal|41\/100|[from] Spikes\n|turn|6\n|inactive|evilsoul12 has 120 seconds left.\n|\n|t:|1700060970\n|move|p2b: \ud83c\udf82|Close Combat|p1a: Kingambit\n|-supereffective|p1a: Kingambit\n|-enditem|p1a: Kingambit|Chople Berry|[eat]\n|-enditem|p1a: Kingambit|Chople Berry|[weaken]\n|-damage|p1a: Kingambit|0 fnt\n|-unboost|p2b: \ud83c\udf82|def|1\n|-unboost|p2b: \ud83c\udf82|spd|1\n|faint|p1a: Kingambit\n|-end|p1a: Kingambit|fallen3|[silent]\n|-ability|p2b: \ud83c\udf82|Moxie|boost\n|-boost|p2b: \ud83c\udf82|atk|1\n|move|p2a: Rai|Razor Shell|p1b: Torkoal\n|-supereffective|p1b: Torkoal\n|-damage|p1b: Torkoal|0 fnt\n|faint|p1b: Torkoal\n|\n|-weather|SunnyDay|[upkeep]\n|upkeep\n|inactive|evilsoul12 has 120 seconds left.\n|-message|evilsoul12 forfeited.\n|\n|win|Aviated_Froakie\n|raw|evilsoul12's rating: 1123 &rarr; <strong>1100<\/strong><br \/>(-23 for losing)\n|raw|Aviated_Froakie's rating: 1156 &rarr; <strong>1179<\/strong><br \/>(+23 for winning)\n|l|\u2606evilsoul12\n","uploadtime":1700061002,"views":6,"p1id":"evilsoul12","p2id":"aviatedfroakie","formatid":"gen9doublesou","rating":1100,"private":0,"password":""}