{"id":"gen9doublesou-1968598418","p1":"Leblades123","p2":"Sargenbob","format":"[Gen 9] Doubles OU","log":"|j|\u2606Leblades123\n|j|\u2606Sargenbob\n|t:|1697439939\n|gametype|doubles\n|player|p1|Leblades123|scientist-gen4|1120\n|player|p2|Sargenbob|red|1089\n|teamsize|p1|6\n|teamsize|p2|6\n|gen|9\n|tier|[Gen 9] Doubles OU\n|rated|\n|rule|Species Clause: Limit one of each Pok\u00e9mon\n|rule|OHKO Clause: OHKO moves are banned\n|rule|Evasion Moves Clause: Evasion moves are banned\n|rule|Gravity Sleep Clause: The combination of sleep-inducing moves with imperfect accuracy and Gravity or Gigantamax Orbeetle are banned\n|rule|Endless Battle Clause: Forcing endless battles is banned\n|rule|HP Percentage Mod: HP is shown in percentages\n|clearpoke\n|poke|p1|Sinistcha|\n|poke|p1|Talonflame, F|\n|poke|p1|Dragonite, F|\n|poke|p1|Arbok, M|\n|poke|p1|Empoleon, M|\n|poke|p1|Iron Valiant|\n|poke|p2|Ursaluna-Bloodmoon, M|\n|poke|p2|Murkrow, M|\n|poke|p2|Kilowattrel, M|\n|poke|p2|Brambleghast, M|\n|poke|p2|Tinkaton, F|\n|poke|p2|Chi-Yu|\n|teampreview\n|inactive|Battle timer is ON: inactive players will automatically lose when time's up. (requested by Sargenbob)\n|\n|t:|1697439958\n|start\n|switch|p1a: Arbok|Arbok, M|100\/100\n|switch|p1b: Iron Valiant|Iron Valiant|100\/100\n|switch|p2a: \u6232\u78bc\u70ba\u81ea\u5df1|Murkrow, M, shiny|100\/100\n|switch|p2b: Perigrin|Kilowattrel, M|100\/100\n|-ability|p1a: Arbok|Intimidate|boost\n|-unboost|p2a: \u6232\u78bc\u70ba\u81ea\u5df1|atk|1\n|-unboost|p2b: Perigrin|atk|1\n|-enditem|p1b: Iron Valiant|Booster Energy\n|-activate|p1b: Iron Valiant|ability: Quark Drive|[fromitem]\n|-start|p1b: Iron Valiant|quarkdrivespe\n|turn|1\n|\n|t:|1697439968\n|move|p2a: \u6232\u78bc\u70ba\u81ea\u5df1|Tailwind|p2a: \u6232\u78bc\u70ba\u81ea\u5df1\n|-sidestart|p2: Sargenbob|move: Tailwind\n|-start|p2b: Perigrin|Charge|Tailwind|[from] ability: Wind Power\n|move|p2b: Perigrin|Air Slash|p1b: Iron Valiant|[miss]\n|-miss|p2b: Perigrin|p1b: Iron Valiant\n|move|p1b: Iron Valiant|Aura Sphere|p2a: \u6232\u78bc\u70ba\u81ea\u5df1\n|-damage|p2a: \u6232\u78bc\u70ba\u81ea\u5df1|61\/100\n|move|p1a: Arbok|Coil|p1a: Arbok\n|-boost|p1a: Arbok|atk|1\n|-boost|p1a: Arbok|def|1\n|-boost|p1a: Arbok|accuracy|1\n|\n|upkeep\n|turn|2\n|\n|t:|1697439996\n|move|p2a: \u6232\u78bc\u70ba\u81ea\u5df1|Haze|p2a: \u6232\u78bc\u70ba\u81ea\u5df1\n|-clearallboost\n|move|p2b: Perigrin|Air Slash|p1b: Iron Valiant\n|-supereffective|p1b: Iron Valiant\n|-damage|p1b: Iron Valiant|0 fnt\n|faint|p1b: Iron Valiant\n|-end|p1b: Iron Valiant|Quark Drive|[silent]\n|-damage|p2b: Perigrin|91\/100|[from] item: Life Orb\n|move|p1a: Arbok|Gunk Shot|p2b: Perigrin|[miss]\n|-miss|p1a: Arbok|p2b: Perigrin\n|\n|upkeep\n|inactive|Leblades123 has 120 seconds left.\n|\n|t:|1697440007\n|switch|p1b: Talonflame|Talonflame, F|100\/100\n|turn|3\n|\n|t:|1697440021\n|move|p2a: \u6232\u78bc\u70ba\u81ea\u5df1|Taunt|p1a: Arbok\n|-start|p1a: Arbok|move: Taunt\n|move|p1b: Talonflame|Dual Wingbeat|p2a: \u6232\u78bc\u70ba\u81ea\u5df1|[miss]\n|-miss|p1b: Talonflame|p2a: \u6232\u78bc\u70ba\u81ea\u5df1\n|move|p2b: Perigrin|Thunderbolt|p1b: Talonflame\n|-supereffective|p1b: Talonflame\n|-damage|p1b: Talonflame|0 fnt\n|faint|p1b: Talonflame\n|-damage|p2b: Perigrin|81\/100|[from] item: Life Orb\n|-end|p2b: Perigrin|Charge|[silent]\n|move|p1a: Arbok|Knock Off|p2a: \u6232\u78bc\u70ba\u81ea\u5df1\n|-resisted|p2a: \u6232\u78bc\u70ba\u81ea\u5df1\n|-damage|p2a: \u6232\u78bc\u70ba\u81ea\u5df1|49\/100\n|-enditem|p2a: \u6232\u78bc\u70ba\u81ea\u5df1|Eviolite|[from] move: Knock Off|[of] p1a: Arbok\n|\n|upkeep\n|j| BestestTofu\n|\n|t:|1697440032\n|switch|p1b: Louise|Dragonite, F|100\/100\n|turn|4\n|\n|t:|1697440038\n|move|p2a: \u6232\u78bc\u70ba\u81ea\u5df1|Protect|p2a: \u6232\u78bc\u70ba\u81ea\u5df1\n|-singleturn|p2a: \u6232\u78bc\u70ba\u81ea\u5df1|Protect\n|move|p2b: Perigrin|Thunderbolt|p1b: Louise\n|-damage|p1b: Louise|71\/100\n|-damage|p2b: Perigrin|71\/100|[from] item: Life Orb\n|move|p1b: Louise|Dragon Dance|p1b: Louise\n|-boost|p1b: Louise|atk|1\n|-boost|p1b: Louise|spe|1\n|move|p1a: Arbok|Gunk Shot|p2a: \u6232\u78bc\u70ba\u81ea\u5df1\n|-activate|p2a: \u6232\u78bc\u70ba\u81ea\u5df1|move: Protect\n|\n|-sideend|p2: Sargenbob|move: Tailwind\n|upkeep\n|turn|5\n|\n|t:|1697440050\n|-terastallize|p1b: Louise|Normal\n|move|p1b: Louise|Extreme Speed|p2a: \u6232\u78bc\u70ba\u81ea\u5df1\n|-damage|p2a: \u6232\u78bc\u70ba\u81ea\u5df1|0 fnt\n|faint|p2a: \u6232\u78bc\u70ba\u81ea\u5df1\n|move|p2b: Perigrin|Thunderbolt|p1b: Louise\n|-damage|p1b: Louise|16\/100\n|-damage|p2b: Perigrin|61\/100|[from] item: Life Orb\n|move|p1a: Arbok|Gunk Shot|p2b: Perigrin|[miss]\n|-miss|p1a: Arbok|p2b: Perigrin\n|\n|-end|p1a: Arbok|move: Taunt\n|upkeep\n|\n|t:|1697440060\n|switch|p2a: Kirby|Tinkaton, F|100\/100\n|-ability|p2a: Kirby|Mold Breaker\n|turn|6\n|\n|t:|1697440068\n|-terastallize|p2b: Perigrin|Ground\n|move|p2a: Kirby|Fake Out|p1b: Louise\n|-damage|p1b: Louise|5\/100\n|cant|p1b: Louise|flinch\n|move|p2b: Perigrin|Tera Blast|p1a: Arbok|[anim] Tera Blast Ground\n|-supereffective|p1a: Arbok\n|-damage|p1a: Arbok|0 fnt\n|faint|p1a: Arbok\n|-damage|p2b: Perigrin|51\/100|[from] item: Life Orb\n|\n|upkeep\n|\n|t:|1697440075\n|switch|p1a: Sinistcha|Sinistcha|100\/100\n|-heal|p1b: Louise|29\/100|[from] ability: Hospitality|[of] p1a: Sinistcha\n|turn|7\n|\n|t:|1697440091\n|move|p1b: Louise|Extreme Speed|p2a: Kirby\n|-resisted|p2a: Kirby\n|-damage|p2a: Kirby|56\/100\n|move|p2b: Perigrin|Volt Switch|p1b: Louise\n|-damage|p1b: Louise|0 fnt\n|faint|p1b: Louise\n|-damage|p2b: Perigrin|41\/100|[from] item: Life Orb\n|\n|t:|1697440102\n|switch|p2b: Moon Knight|Ursaluna-Bloodmoon, M|100\/100|[from] Volt Switch\n|move|p2a: Kirby|Knock Off|p1a: Sinistcha\n|-supereffective|p1a: Sinistcha\n|-damage|p1a: Sinistcha|55\/100\n|-enditem|p1a: Sinistcha|Sitrus Berry|[from] move: Knock Off|[of] p2a: Kirby\n|move|p1a: Sinistcha|Matcha Gotcha|p2b: Moon Knight|[spread] p2a,p2b\n|-resisted|p2a: Kirby\n|-supereffective|p2b: Moon Knight\n|-damage|p2a: Kirby|44\/100\n|-heal|p1a: Sinistcha|61\/100|[from] drain|[of] p2a: Kirby\n|-damage|p2b: Moon Knight|45\/100\n|-heal|p1a: Sinistcha|95\/100|[from] drain|[of] p2b: Moon Knight\n|\n|-heal|p2b: Moon Knight|51\/100|[from] item: Leftovers\n|upkeep\n|\n|t:|1697440106\n|switch|p1b: Empoleon|Empoleon, M|100\/100\n|turn|8\n|\n|t:|1697440123\n|move|p2a: Kirby|Gigaton Hammer|p1b: Empoleon\n|-resisted|p1b: Empoleon\n|-damage|p1b: Empoleon|84\/100\n|move|p1a: Sinistcha|Matcha Gotcha|p2a: Kirby|[spread] p2a,p2b\n|-resisted|p2a: Kirby\n|-supereffective|p2b: Moon Knight\n|-damage|p2a: Kirby|31\/100\n|-heal|p1a: Sinistcha|100\/100|[from] drain|[of] p2a: Kirby\n|-damage|p2b: Moon Knight|0 fnt\n|-status|p2a: Kirby|brn\n|faint|p2b: Moon Knight\n|move|p1b: Empoleon|Blizzard|p2a: Kirby\n|-resisted|p2a: Kirby\n|-damage|p2a: Kirby|12\/100 brn\n|\n|-damage|p2a: Kirby|6\/100 brn|[from] brn\n|upkeep\n|\n|t:|1697440132\n|switch|p2b: \u91d1\u9c7c|Chi-Yu|100\/100\n|-ability|p2b: \u91d1\u9c7c|Beads of Ruin\n|turn|9\n|\n|t:|1697440151\n|move|p2b: \u91d1\u9c7c|Flamethrower|p1a: Sinistcha\n|-supereffective|p1a: Sinistcha\n|-damage|p1a: Sinistcha|0 fnt\n|faint|p1a: Sinistcha\n|move|p2a: Kirby|Knock Off|p1b: Empoleon\n|-damage|p1b: Empoleon|69\/100\n|-enditem|p1b: Empoleon|Assault Vest|[from] move: Knock Off|[of] p2a: Kirby\n|move|p1b: Empoleon|Hydro Pump|p2b: \u91d1\u9c7c\n|-supereffective|p2b: \u91d1\u9c7c\n|-damage|p2b: \u91d1\u9c7c|0 fnt\n|faint|p2b: \u91d1\u9c7c\n|\n|-damage|p2a: Kirby|0 fnt|[from] brn\n|faint|p2a: Kirby\n|upkeep\n|\n|t:|1697440162\n|switch|p2b: Keanu|Brambleghast, M|100\/100\n|switch|p2a: Perigrin|Kilowattrel, M, tera:Ground|41\/100\n|turn|10\n|\n|t:|1697440170\n|move|p2a: Perigrin|Thunderbolt|p1b: Empoleon\n|-supereffective|p1b: Empoleon\n|-damage|p1b: Empoleon|0 fnt\n|faint|p1b: Empoleon\n|-damage|p2a: Perigrin|31\/100|[from] item: Life Orb\n|\n|win|Sargenbob\n|raw|Leblades123's rating: 1120 &rarr; <strong>1093<\/strong><br \/>(-27 for losing)\n|raw|Sargenbob's rating: 1089 &rarr; <strong>1118<\/strong><br \/>(+29 for winning)\n|l|\u2606Sargenbob\n|l|\u2606Leblades123\n|j|\u2606Leblades123\n|player|p1|Leblades123|scientist-gen4\n|l|\u2606Leblades123\n|player|p1|\n|l| BestestTofu\n|j|\u2606Leblades123\n|player|p1|Leblades123|scientist-gen4\n","uploadtime":1697440248,"views":18,"p1id":"leblades123","p2id":"sargenbob","formatid":"gen9doublesou","rating":1093,"private":0,"password":""}