{"id":"gen9doublesou-1995684926","p1":"brockpewtercitygym","p2":"SeattleShinyShinx","format":"[Gen 9] Doubles OU","log":"|j|\u2606brockpewtercitygym\n|j|\u2606SeattleShinyShinx\n|inactive|Battle timer is ON: inactive players will automatically lose when time's up.\n|t:|1700593783\n|gametype|doubles\n|player|p1|brockpewtercitygym|brock|\n|player|p2|SeattleShinyShinx|wallace|\n|teamsize|p1|6\n|teamsize|p2|6\n|gen|9\n|tier|[Gen 9] Doubles OU\n|rated|Tournament battle\n|rule|Species Clause: Limit one of each Pok\u00e9mon\n|rule|OHKO Clause: OHKO moves are banned\n|rule|Evasion Moves Clause: Evasion moves are banned\n|rule|Gravity Sleep Clause: The combination of sleep-inducing moves with imperfect accuracy and Gravity or Gigantamax Orbeetle are banned\n|rule|Endless Battle Clause: Forcing endless battles is banned\n|rule|HP Percentage Mod: HP is shown in percentages\n|clearpoke\n|poke|p1|Volcarona, F|\n|poke|p1|Mienfoo, F|\n|poke|p1|Cacnea, M|\n|poke|p1|Grookey, M|\n|poke|p1|Turtwig, F|\n|poke|p1|Sandile, F|\n|poke|p2|Magnemite|\n|poke|p2|Gothita, F|\n|poke|p2|Gholdengo|\n|poke|p2|Shinx, F|\n|poke|p2|Electrode-Hisui|\n|poke|p2|Fletchling, M|\n|teampreview\n|j|*Lady Monita \u2746\n|j| dubhedubhe\n|inactive|brockpewtercitygym has 120 seconds left.\n|\n|t:|1700593815\n|start\n|switch|p1a: Grookey|Grookey, M|100\/100\n|switch|p1b: Mienfoo|Mienfoo, F|100\/100\n|switch|p2a: Gothita|Gothita, F|100\/100\n|switch|p2b: Electrode|Electrode-Hisui|100\/100\n|-fieldstart|move: Grassy Terrain|[from] ability: Grassy Surge|[of] p1a: Grookey\n|-enditem|p1a: Grookey|Grassy Seed\n|-boost|p1a: Grookey|def|1|[from] item: Grassy Seed\n|turn|1\n|\n|t:|1700593843\n|switch|p2b: Magnemite|Magnemite|100\/100\n|move|p1a: Grookey|Fake Out|p2b: Magnemite\n|-resisted|p2b: Magnemite\n|-damage|p2b: Magnemite|97\/100\n|move|p1b: Mienfoo|Knock Off|p2a: Gothita\n|-supereffective|p2a: Gothita\n|-damage|p2a: Gothita|0 fnt\n|-enditem|p2a: Gothita|Toxic Orb|[from] move: Knock Off|[of] p1b: Mienfoo\n|faint|p2a: Gothita\n|\n|-heal|p2b: Magnemite|100\/100|[from] Grassy Terrain\n|upkeep\n|inactive|SeattleShinyShinx has 120 seconds left.\n|\n|t:|1700593857\n|switch|p2a: Fletchling|Fletchling, M|100\/100\n|turn|2\n|\n|t:|1700593864\n|move|p2a: Fletchling|Tailwind|p2a: Fletchling\n|-sidestart|p2: SeattleShinyShinx|move: Tailwind\n|move|p2b: Magnemite|Thunder Wave|p1b: Mienfoo\n|-status|p1b: Mienfoo|par\n|move|p1a: Grookey|Acrobatics|p2a: Fletchling\n|-damage|p2a: Fletchling|75\/100\n|move|p1b: Mienfoo|Knock Off|p2a: Fletchling\n|-damage|p2a: Fletchling|50\/100\n|-enditem|p2a: Fletchling|Eviolite|[from] move: Knock Off|[of] p1b: Mienfoo\n|\n|upkeep\n|turn|3\n|\n|t:|1700593882\n|move|p2a: Fletchling|Brave Bird|p1b: Mienfoo\n|-supereffective|p1b: Mienfoo\n|-damage|p1b: Mienfoo|39\/100 par\n|-damage|p2a: Fletchling|29\/100|[from] Recoil\n|move|p2b: Magnemite|Thunder Wave|p1a: Grookey\n|-status|p1a: Grookey|par\n|cant|p1a: Grookey|par\n|cant|p1b: Mienfoo|par\n|\n|-heal|p1b: Mienfoo|45\/100 par|[from] Grassy Terrain\n|upkeep\n|turn|4\n|c| dubhedubhe|not the double para\n|\n|t:|1700593897\n|move|p2a: Fletchling|Brave Bird|p1b: Mienfoo\n|-supereffective|p1b: Mienfoo\n|-damage|p1b: Mienfoo|0 fnt\n|faint|p1b: Mienfoo\n|-damage|p2a: Fletchling|15\/100|[from] Recoil\n|move|p2b: Magnemite|Volt Switch|p1a: Grookey\n|-resisted|p1a: Grookey\n|-damage|p1a: Grookey|75\/100 par\n|\n|t:|1700593907\n|switch|p2b: Shinx|Shinx, F|100\/100|[from] Volt Switch\n|-ability|p2b: Shinx|Intimidate|boost\n|-unboost|p1a: Grookey|atk|1\n|move|p1a: Grookey|Acrobatics|p2a: Fletchling\n|-damage|p2a: Fletchling|0 fnt\n|faint|p2a: Fletchling\n|\n|-heal|p1a: Grookey|81\/100 par|[from] Grassy Terrain\n|upkeep\n|j| Zwellish\n|\n|t:|1700593913\n|switch|p1b: Sandile|Sandile, F|100\/100\n|switch|p2a: Electrode|Electrode-Hisui|100\/100\n|-ability|p1b: Sandile|Intimidate|boost\n|-unboost|p2a: Electrode|atk|1\n|-unboost|p2b: Shinx|atk|1\n|turn|5\n|l| Zwellish\n|\n|t:|1700593929\n|switch|p1a: Cacnea|Cacnea, M|100\/100\n|move|p2a: Electrode|Leaf Storm|p1b: Sandile\n|-supereffective|p1b: Sandile\n|-enditem|p1b: Sandile|Focus Sash\n|-damage|p1b: Sandile|1\/100\n|-unboost|p2a: Electrode|spa|2\n|move|p2b: Shinx|Fake Tears|p1a: Cacnea\n|-unboost|p1a: Cacnea|spd|2\n|move|p1b: Sandile|Mud-Slap|p2a: Electrode\n|-crit|p2a: Electrode\n|-damage|p2a: Electrode|93\/100\n|-unboost|p2a: Electrode|accuracy|1\n|\n|-heal|p2a: Electrode|99\/100|[from] Grassy Terrain\n|-heal|p1b: Sandile|7\/100|[from] Grassy Terrain\n|-sideend|p2: SeattleShinyShinx|move: Tailwind\n|-fieldend|move: Grassy Terrain\n|upkeep\n|turn|6\n|j|^HEAVY-DUTY B0OTY\n|\n|t:|1700593944\n|switch|p2a: Magnemite|Magnemite|100\/100\n|move|p1b: Sandile|Earthquake|p2a: Magnemite|[spread] p1a,p2a,p2b\n|-resisted|p1a: Cacnea\n|-supereffective|p2a: Magnemite\n|-supereffective|p2b: Shinx\n|-damage|p1a: Cacnea|80\/100\n|-damage|p2a: Magnemite|0 fnt\n|-damage|p2b: Shinx|0 fnt\n|faint|p2a: Magnemite\n|faint|p2b: Shinx\n|move|p1a: Cacnea|Encore|p2: Magnemite|[notarget]\n|-fail|p1a: Cacnea\n|\n|upkeep\n|\n|t:|1700593953\n|switch|p2b: Electrode|Electrode-Hisui|99\/100\n|switch|p2a: Gholdengo|Gholdengo|100\/100\n|turn|7\n|c| dubhedubhe|there they are\n|\n|t:|1700593971\n|switch|p1a: Grookey|Grookey, M|81\/100 par\n|-fieldstart|move: Grassy Terrain|[from] ability: Grassy Surge|[of] p1a: Grookey\n|move|p2b: Electrode|Thunderbolt|p1a: Grookey\n|-resisted|p1a: Grookey\n|-damage|p1a: Grookey|25\/100 par\n|move|p2a: Gholdengo|Make It Rain|p1b: Sandile|[spread] p1a,p1b\n|-damage|p1a: Grookey|0 fnt\n|-damage|p1b: Sandile|0 fnt\n|-unboost|p2a: Gholdengo|spa|1\n|faint|p1a: Grookey\n|faint|p1b: Sandile\n|\n|-heal|p2b: Electrode|100\/100|[from] Grassy Terrain\n|upkeep\n|c| dubhedubhe|the two most dangerous ones (in my opinion)\n|c|\u2606brockpewtercitygym|yeah\n|\n|t:|1700593983\n|switch|p1b: Turtwig|Turtwig, F|100\/100\n|switch|p1a: Volcarona|Volcarona, F|100\/100\n|turn|8\n|\n|t:|1700593989\n|-terastallize|p1a: Volcarona|Fire\n|-terastallize|p2a: Gholdengo|Steel\n|move|p2b: Electrode|Thunderbolt|p1a: Volcarona\n|-damage|p1a: Volcarona|49\/100\n|move|p1a: Volcarona|Heat Wave|p2b: Electrode|[spread] p2a,p2b\n|-supereffective|p2a: Gholdengo\n|-supereffective|p2b: Electrode\n|-crit|p2b: Electrode\n|-damage|p2a: Gholdengo|0 fnt\n|-damage|p2b: Electrode|0 fnt\n|faint|p2a: Gholdengo\n|faint|p2b: Electrode\n|-damage|p1a: Volcarona|39\/100|[from] item: Life Orb\n|\n|win|brockpewtercitygym\n|n|\u2606brockpewtercitygym|brockpewtercitygym\n|n|\u2606SeattleShinyShinx|seattleshinyshinx\n|n|*Lady Monita \u2746|ladymonita\n|n| dubhedubhe|dubhedubhe\n|n| HEAVY-DUTY B0OTY|heavydutyb0oty\n","uploadtime":1700593990,"views":0,"p1id":"brockpewtercitygym","p2id":"seattleshinyshinx","formatid":"gen9doublesou","rating":0,"private":0,"password":""}