{"id":"gen9doublesou-1973314422","p1":"stao","p2":"Lpndd","format":"[Gen 9] Doubles OU","log":"|j|\u2606stao\n|j|\u2606Lpndd\n|t:|1697953187\n|gametype|doubles\n|player|p1|stao|waiter-gen4dp|1193\n|player|p2|Lpndd|policeman-gen4|1163\n|teamsize|p1|6\n|teamsize|p2|6\n|gen|9\n|tier|[Gen 9] Doubles OU\n|rated|\n|rule|Species Clause: Limit one of each Pok\u00e9mon\n|rule|OHKO Clause: OHKO moves are banned\n|rule|Evasion Moves Clause: Evasion moves are banned\n|rule|Gravity Sleep Clause: The combination of sleep-inducing moves with imperfect accuracy and Gravity or Gigantamax Orbeetle are banned\n|rule|Endless Battle Clause: Forcing endless battles is banned\n|rule|HP Percentage Mod: HP is shown in percentages\n|clearpoke\n|poke|p1|Gliscor, F|\n|poke|p1|Arbok, M|\n|poke|p1|Mienshao, F|\n|poke|p1|Milotic, M|\n|poke|p1|Sylveon, F|\n|poke|p1|Goodra-Hisui, F|\n|poke|p2|Ursaluna-Bloodmoon, M|\n|poke|p2|Oranguru, F|\n|poke|p2|Torkoal, F|\n|poke|p2|Cresselia, F|\n|poke|p2|Glastrier|\n|poke|p2|Kommo-o, M|\n|teampreview\n|inactive|Battle timer is ON: inactive players will automatically lose when time's up. (requested by Lpndd)\n|\n|t:|1697953213\n|start\n|switch|p1a: Milotic|Milotic, M|100\/100\n|switch|p1b: Mienshao|Mienshao, F, shiny|100\/100\n|switch|p2a: Ursaluna|Ursaluna-Bloodmoon, M|100\/100\n|switch|p2b: Oranguru|Oranguru, F|100\/100\n|turn|1\n|\n|t:|1697953233\n|-terastallize|p2a: Ursaluna|Ghost\n|move|p1b: Mienshao|Fake Out|p2b: Oranguru\n|-damage|p2b: Oranguru|90\/100\n|move|p1a: Milotic|Light Screen|p1a: Milotic\n|-sidestart|p1: stao|move: Light Screen\n|move|p2a: Ursaluna|Hyper Voice|p1a: Milotic|[spread] p1a,p1b\n|-damage|p1a: Milotic|82\/100\n|-damage|p1b: Mienshao|69\/100\n|-enditem|p2a: Ursaluna|Throat Spray\n|-boost|p2a: Ursaluna|spa|1|[from] item: Throat Spray\n|move|p2b: Oranguru|Trick Room|p2b: Oranguru\n|-fieldstart|move: Trick Room|[of] p2b: Oranguru\n|\n|upkeep\n|turn|2\n|\n|t:|1697953260\n|move|p2a: Ursaluna|Blood Moon|p1a: Milotic\n|-damage|p1a: Milotic|23\/100\n|move|p2b: Oranguru|Psychic|p1b: Mienshao\n|-supereffective|p1b: Mienshao\n|-damage|p1b: Mienshao|3\/100\n|-enditem|p1b: Mienshao|Mago Berry|[eat]\n|-heal|p1b: Mienshao|36\/100|[from] item: Mago Berry\n|move|p1a: Milotic|Life Dew|p1a: Milotic|[spread] p1a,p1b\n|-heal|p1a: Milotic|48\/100\n|-heal|p1b: Mienshao|62\/100\n|move|p1b: Mienshao|U-turn|p2b: Oranguru\n|-supereffective|p2b: Oranguru\n|-damage|p2b: Oranguru|50\/100\n|inactive|stao has 120 seconds left.\n|\n|t:|1697953276\n|switch|p1b: Goodra|Goodra-Hisui, F|100\/100|[from] U-turn\n|\n|upkeep\n|turn|3\n|\n|t:|1697953291\n|move|p2a: Ursaluna|Earth Power|p1b: Goodra\n|-supereffective|p1b: Goodra\n|-damage|p1b: Goodra|47\/100\n|move|p2b: Oranguru|Instruct|p2a: Ursaluna\n|-singleturn|p2a: Ursaluna|move: Instruct|[of] p2b: Oranguru\n|move|p2a: Ursaluna|Earth Power|p1b: Goodra\n|-supereffective|p1b: Goodra\n|-damage|p1b: Goodra|0 fnt\n|faint|p1b: Goodra\n|move|p1a: Milotic|Life Dew|p1a: Milotic\n|-heal|p1a: Milotic|73\/100\n|\n|upkeep\n|inactive|stao has 120 seconds left.\n|\n|t:|1697953311\n|switch|p1b: Sylveon|Sylveon, F|100\/100\n|turn|4\n|\n|t:|1697953328\n|move|p2a: Ursaluna|Blood Moon|p1a: Milotic\n|-damage|p1a: Milotic|18\/100\n|move|p2b: Oranguru|Instruct|p2a: Ursaluna\n|-singleturn|p2a: Ursaluna|move: Instruct|[of] p2b: Oranguru\n|move|p2a: Ursaluna|Blood Moon|p1a: Milotic\n|-damage|p1a: Milotic|0 fnt\n|faint|p1a: Milotic\n|-hint|Some effects can force a Pokemon to use Blood Moon again in a row.\n|move|p1b: Sylveon|Hyper Voice|p2b: Oranguru|[spread] p2a,p2b\n|-damage|p2a: Ursaluna|59\/100\n|-damage|p2b: Oranguru|9\/100\n|-enditem|p1b: Sylveon|Throat Spray\n|-boost|p1b: Sylveon|spa|1|[from] item: Throat Spray\n|\n|upkeep\n|inactive|stao has 120 seconds left.\n|\n|t:|1697953342\n|switch|p1a: Mienshao|Mienshao, F, shiny|95\/100\n|turn|5\n|inactive|stao has 120 seconds left.\n|\n|t:|1697953370\n|move|p1b: Sylveon|Protect|p1b: Sylveon\n|-singleturn|p1b: Sylveon|Protect\n|move|p1a: Mienshao|Fake Out|p2b: Oranguru\n|-damage|p2b: Oranguru|0 fnt\n|faint|p2b: Oranguru\n|move|p2a: Ursaluna|Hyper Voice|p1b: Sylveon|[spread] p1a\n|-activate|p1b: Sylveon|move: Protect\n|-damage|p1a: Mienshao|48\/100\n|\n|-sideend|p1: stao|move: Light Screen\n|-fieldend|move: Trick Room\n|upkeep\n|\n|t:|1697953382\n|switch|p2b: Cresselia|Cresselia, F|100\/100\n|turn|6\n|inactive|stao has 120 seconds left.\n|\n|t:|1697953413\n|move|p1a: Mienshao|U-turn|p2b: Cresselia\n|-supereffective|p2b: Cresselia\n|-damage|p2b: Cresselia|72\/100\n|\n|t:|1697953417\n|switch|p1a: Gliscor|Gliscor, F, shiny|100\/100|[from] U-turn\n|move|p2b: Cresselia|Dazzling Gleam|p1b: Sylveon|[spread] p1a,p1b\n|-damage|p1a: Gliscor|87\/100\n|-damage|p1b: Sylveon|89\/100\n|move|p1b: Sylveon|Hyper Voice|p2b: Cresselia|[spread] p2a,p2b\n|-damage|p2a: Ursaluna|1\/100\n|-damage|p2b: Cresselia|29\/100\n|move|p2a: Ursaluna|Blood Moon|p1b: Sylveon\n|-damage|p1b: Sylveon|11\/100\n|\n|-heal|p1a: Gliscor|93\/100|[from] item: Leftovers\n|-heal|p2b: Cresselia|35\/100|[from] item: Leftovers\n|upkeep\n|turn|7\n|\n|t:|1697953445\n|move|p2a: Ursaluna|Protect|p2a: Ursaluna\n|-singleturn|p2a: Ursaluna|Protect\n|move|p1a: Gliscor|Tailwind|p1a: Gliscor\n|-sidestart|p1: stao|move: Tailwind\n|move|p1b: Sylveon|Hyper Voice|p2a: Ursaluna|[spread] p2b\n|-activate|p2a: Ursaluna|move: Protect\n|-damage|p2b: Cresselia|0 fnt\n|faint|p2b: Cresselia\n|\n|-heal|p1a: Gliscor|99\/100|[from] item: Leftovers\n|upkeep\n|\n|t:|1697953459\n|switch|p2b: Kommo-o|Kommo-o, M|100\/100\n|turn|8\n|\n|t:|1697953474\n|move|p2b: Kommo-o|Protect|p2b: Kommo-o\n|-singleturn|p2b: Kommo-o|Protect\n|move|p1a: Gliscor|Knock Off|p2b: Kommo-o\n|-activate|p2b: Kommo-o|move: Protect\n|move|p1b: Sylveon|Hyper Voice|p2a: Ursaluna|[spread] p2a\n|-activate|p2b: Kommo-o|move: Protect\n|-damage|p2a: Ursaluna|0 fnt\n|faint|p2a: Ursaluna\n|\n|-heal|p1a: Gliscor|100\/100|[from] item: Leftovers\n|upkeep\n|\n|t:|1697953487\n|switch|p2a: Glastrier|Glastrier|100\/100\n|turn|9\n|\n|t:|1697953501\n|switch|p2b: Torkoal|Torkoal, F|100\/100\n|-weather|SunnyDay|[from] ability: Drought|[of] p2b: Torkoal\n|-terastallize|p1a: Gliscor|Water\n|move|p1a: Gliscor|Knock Off|p2a: Glastrier\n|-damage|p2a: Glastrier|84\/100\n|-enditem|p2a: Glastrier|Leftovers|[from] move: Knock Off|[of] p1a: Gliscor\n|move|p1b: Sylveon|Hyper Voice|p2a: Glastrier|[spread] p2a,p2b\n|-resisted|p2b: Torkoal\n|-damage|p2a: Glastrier|37\/100\n|-damage|p2b: Torkoal|63\/100\n|move|p2a: Glastrier|Heavy Slam|p1b: Sylveon\n|-supereffective|p1b: Sylveon\n|-damage|p1b: Sylveon|0 fnt\n|faint|p1b: Sylveon\n|-ability|p2a: Glastrier|Chilling Neigh|boost\n|-boost|p2a: Glastrier|atk|1\n|\n|-weather|SunnyDay|[upkeep]\n|upkeep\n|\n|t:|1697953521\n|switch|p1b: Arbok|Arbok, M, shiny|100\/100\n|-ability|p1b: Arbok|Intimidate|boost\n|-unboost|p2a: Glastrier|atk|1\n|-unboost|p2b: Torkoal|atk|1\n|turn|10\n|\n|t:|1697953545\n|move|p2b: Torkoal|Protect|p2b: Torkoal\n|-singleturn|p2b: Torkoal|Protect\n|move|p1a: Gliscor|Knock Off|p2b: Torkoal\n|-activate|p2b: Torkoal|move: Protect\n|move|p1b: Arbok|Toxic|p1a: Gliscor\n|-status|p1a: Gliscor|tox\n|move|p2a: Glastrier|Heavy Slam|p1a: Gliscor\n|-resisted|p1a: Gliscor\n|-damage|p1a: Gliscor|82\/100 tox\n|\n|-weather|SunnyDay|[upkeep]\n|-heal|p1a: Gliscor|88\/100 tox|[from] item: Leftovers\n|-heal|p1a: Gliscor|99\/100 tox|[from] ability: Poison Heal\n|-sideend|p1: stao|move: Tailwind\n|upkeep\n|turn|11\n|inactive|stao has 120 seconds left.\n|\n|t:|1697953580\n|move|p1a: Gliscor|Toxic|p2b: Torkoal\n|-status|p2b: Torkoal|tox\n|move|p1b: Arbok|Gunk Shot|p2a: Glastrier\n|-damage|p2a: Glastrier|0 fnt\n|faint|p2a: Glastrier\n|move|p2b: Torkoal|Solar Beam||[still]\n|-prepare|p2b: Torkoal|Solar Beam\n|-anim|p2b: Torkoal|Solar Beam|p1a: Gliscor\n|-supereffective|p1a: Gliscor\n|-damage|p1a: Gliscor|44\/100 tox\n|\n|-weather|SunnyDay|[upkeep]\n|-heal|p1a: Gliscor|50\/100 tox|[from] item: Leftovers\n|-heal|p1a: Gliscor|62\/100 tox|[from] ability: Poison Heal\n|-damage|p2b: Torkoal|57\/100 tox|[from] psn\n|upkeep\n|inactive|Lpndd has 120 seconds left.\n|\n|t:|1697953596\n|switch|p2a: Kommo-o|Kommo-o, M|100\/100\n|turn|12\n|\n|t:|1697953614\n|move|p1a: Gliscor|Protect|p1a: Gliscor\n|-singleturn|p1a: Gliscor|Protect\n|move|p2b: Torkoal|Protect|p2b: Torkoal\n|-singleturn|p2b: Torkoal|Protect\n|move|p2a: Kommo-o|Boomburst|p1b: Arbok|[spread] p1b\n|-activate|p2b: Torkoal|move: Protect\n|-activate|p1a: Gliscor|move: Protect\n|-damage|p1b: Arbok|60\/100\n|move|p1b: Arbok|Dragon Tail|p2a: Kommo-o\n|-supereffective|p2a: Kommo-o\n|-damage|p2a: Kommo-o|66\/100\n|-enditem|p2a: Kommo-o|Weakness Policy\n|-boost|p2a: Kommo-o|atk|2|[from] item: Weakness Policy\n|-boost|p2a: Kommo-o|spa|2|[from] item: Weakness Policy\n|\n|-weather|SunnyDay|[upkeep]\n|-heal|p1a: Gliscor|69\/100 tox|[from] item: Leftovers\n|-heal|p1b: Arbok|66\/100|[from] item: Black Sludge\n|-heal|p1a: Gliscor|81\/100 tox|[from] ability: Poison Heal\n|-damage|p2b: Torkoal|45\/100 tox|[from] psn\n|upkeep\n|turn|13\n|inactive|stao has 120 seconds left.\n|\n|t:|1697953653\n|move|p1b: Arbok|Protect|p1b: Arbok\n|-singleturn|p1b: Arbok|Protect\n|move|p1a: Gliscor|Knock Off|p2b: Torkoal\n|-damage|p2b: Torkoal|27\/100 tox\n|-enditem|p2b: Torkoal|Charcoal|[from] move: Knock Off|[of] p1a: Gliscor\n|move|p2a: Kommo-o|Boomburst|p1a: Gliscor|[spread] p2b,p1a\n|-activate|p1b: Arbok|move: Protect\n|-damage|p2b: Torkoal|0 fnt\n|-damage|p1a: Gliscor|26\/100 tox\n|faint|p2b: Torkoal\n|\n|-weather|none\n|-heal|p1a: Gliscor|33\/100 tox|[from] item: Leftovers\n|-heal|p1b: Arbok|72\/100|[from] item: Black Sludge\n|-heal|p1a: Gliscor|45\/100 tox|[from] ability: Poison Heal\n|upkeep\n|turn|14\n|inactive|stao has 120 seconds left.\n|\n|t:|1697953674\n|move|p1a: Gliscor|Protect|p1a: Gliscor\n|-singleturn|p1a: Gliscor|Protect\n|move|p1b: Arbok|Toxic|p2a: Kommo-o\n|-status|p2a: Kommo-o|tox\n|move|p2a: Kommo-o|Boomburst|p1a: Gliscor|[spread] p1b\n|-activate|p1a: Gliscor|move: Protect\n|-damage|p1b: Arbok|0 fnt\n|faint|p1b: Arbok\n|\n|-heal|p1a: Gliscor|51\/100 tox|[from] item: Leftovers\n|-heal|p1a: Gliscor|64\/100 tox|[from] ability: Poison Heal\n|-damage|p2a: Kommo-o|60\/100 tox|[from] psn\n|upkeep\n|inactive|stao has 120 seconds left.\n|\n|t:|1697953689\n|switch|p1b: Mienshao|Mienshao, F, shiny|81\/100\n|turn|15\n|\n|t:|1697953699\n|move|p1b: Mienshao|Fake Out|p2a: Kommo-o\n|-damage|p2a: Kommo-o|50\/100 tox\n|move|p1a: Gliscor|Knock Off|p2a: Kommo-o\n|-resisted|p2a: Kommo-o\n|-damage|p2a: Kommo-o|43\/100 tox\n|cant|p2a: Kommo-o|flinch\n|\n|-heal|p1a: Gliscor|70\/100 tox|[from] item: Leftovers\n|-heal|p1a: Gliscor|82\/100 tox|[from] ability: Poison Heal\n|-damage|p2a: Kommo-o|31\/100 tox|[from] psn\n|upkeep\n|turn|16\n|\n|t:|1697953713\n|move|p1b: Mienshao|Wide Guard|p1b: Mienshao\n|-singleturn|p1b: Mienshao|Wide Guard\n|move|p1a: Gliscor|Knock Off|p2a: Kommo-o\n|-resisted|p2a: Kommo-o\n|-damage|p2a: Kommo-o|25\/100 tox\n|move|p2a: Kommo-o|Boomburst|p1b: Mienshao|[spread] \n|-activate|p1a: Gliscor|move: Wide Guard\n|-activate|p1b: Mienshao|move: Wide Guard\n|\n|-heal|p1a: Gliscor|89\/100 tox|[from] item: Leftovers\n|-heal|p1a: Gliscor|100\/100 tox|[from] ability: Poison Heal\n|-damage|p2a: Kommo-o|6\/100 tox|[from] psn\n|upkeep\n|turn|17\n|\n|t:|1697953732\n|move|p1a: Gliscor|Protect|p1a: Gliscor\n|-singleturn|p1a: Gliscor|Protect\n|move|p1b: Mienshao|Close Combat|p2a: Kommo-o\n|-damage|p2a: Kommo-o|0 fnt\n|-unboost|p1b: Mienshao|def|1\n|-unboost|p1b: Mienshao|spd|1\n|faint|p2a: Kommo-o\n|\n|win|stao\n|raw|stao's rating: 1193 &rarr; <strong>1216<\/strong><br \/>(+23 for winning)\n|raw|Lpndd's rating: 1163 &rarr; <strong>1140<\/strong><br \/>(-23 for losing)\n|c|\u2606stao|gg\n|l|\u2606Lpndd\n","uploadtime":1697953747,"views":21,"p1id":"stao","p2id":"lpndd","formatid":"gen9doublesou","rating":1140,"private":0,"password":""}