{"id":"gen9doublesou-1971678509","p1":"Champion's Melody","p2":"BlehBlehBlehBlehBl","format":"[Gen 9] Doubles OU","log":"|j|\u2606Champion's Melody\n|j|\u2606BlehBlehBlehBlehBl\n|t:|1697760235\n|gametype|doubles\n|player|p1|Champion's Melody|cynthia|1101\n|player|p2|BlehBlehBlehBlehBl|170|1000\n|teamsize|p1|6\n|teamsize|p2|6\n|gen|9\n|tier|[Gen 9] Doubles OU\n|rated|\n|rule|Species Clause: Limit one of each Pok\u00e9mon\n|rule|OHKO Clause: OHKO moves are banned\n|rule|Evasion Moves Clause: Evasion moves are banned\n|rule|Gravity Sleep Clause: The combination of sleep-inducing moves with imperfect accuracy and Gravity or Gigantamax Orbeetle are banned\n|rule|Endless Battle Clause: Forcing endless battles is banned\n|rule|HP Percentage Mod: HP is shown in percentages\n|clearpoke\n|poke|p1|Lurantis, M|\n|poke|p1|Clefable, F|\n|poke|p1|Oranguru, M|\n|poke|p1|Slaking, F|\n|poke|p1|Weezing-Galar, F|\n|poke|p1|Kommo-o, F|\n|poke|p2|Garganacl, F|\n|poke|p2|Ceruledge, F|\n|poke|p2|Ogerpon-Hearthflame, F|\n|poke|p2|Tauros-Paldea-Blaze, M|\n|poke|p2|Greninja-*, M|\n|poke|p2|Dragapult, M|\n|teampreview\n|inactive|Battle timer is ON: inactive players will automatically lose when time's up. (requested by Champion's Melody)\n|\n|t:|1697760253\n|start\n|switch|p1a: Lurantis|Lurantis, M|100\/100\n|switch|p1b: Clefable|Clefable, F|100\/100\n|switch|p2a: Garganacl|Garganacl, F|100\/100\n|switch|p2b: Ogerpon|Ogerpon-Hearthflame, F|100\/100\n|-ability|p2b: Ogerpon|Mold Breaker\n|turn|1\n|\n|t:|1697760272\n|move|p1b: Clefable|Follow Me|p1b: Clefable\n|-singleturn|p1b: Clefable|move: Follow Me\n|move|p2b: Ogerpon|Ivy Cudgel|p1b: Clefable\n|-damage|p1b: Clefable|37\/100\n|move|p2a: Garganacl|Stealth Rock|p1b: Clefable\n|-sidestart|p1: Champion's Melody|move: Stealth Rock\n|move|p1a: Lurantis|Superpower|p2a: Garganacl\n|-supereffective|p2a: Garganacl\n|-damage|p2a: Garganacl|31\/100\n|-boost|p1a: Lurantis|atk|1\n|-boost|p1a: Lurantis|def|1\n|\n|-heal|p1b: Clefable|43\/100|[from] item: Leftovers\n|upkeep\n|turn|2\n|\n|t:|1697760293\n|move|p2b: Ogerpon|Superpower|p1b: Clefable\n|-resisted|p1b: Clefable\n|-damage|p1b: Clefable|18\/100\n|-unboost|p2b: Ogerpon|atk|1\n|-unboost|p2b: Ogerpon|def|1\n|move|p2a: Garganacl|Salt Cure|p1a: Lurantis\n|-damage|p1a: Lurantis|92\/100\n|-start|p1a: Lurantis|Salt Cure\n|move|p1b: Clefable|Rest|p1b: Clefable\n|-status|p1b: Clefable|slp|[from] move: Rest\n|-heal|p1b: Clefable|100\/100 slp|[silent]\n|move|p1a: Lurantis|Superpower|p2a: Garganacl\n|-supereffective|p2a: Garganacl\n|-crit|p2a: Garganacl\n|-damage|p2a: Garganacl|0 fnt\n|-boost|p1a: Lurantis|atk|1\n|-boost|p1a: Lurantis|def|1\n|faint|p2a: Garganacl\n|\n|-damage|p1a: Lurantis|80\/100|[from] Salt Cure\n|upkeep\n|inactive|BlehBlehBlehBlehBl has 120 seconds left.\n|\n|t:|1697760318\n|switch|p2a: Greninja|Greninja, M|100\/100\n|turn|3\n|\n|t:|1697760328\n|move|p2a: Greninja|Gunk Shot|p1b: Clefable\n|-supereffective|p1b: Clefable\n|-damage|p1b: Clefable|43\/100 slp\n|move|p2b: Ogerpon|Ivy Cudgel|p1a: Lurantis\n|-supereffective|p1a: Lurantis\n|-damage|p1a: Lurantis|37\/100\n|cant|p1b: Clefable|slp\n|move|p1b: Clefable|Sleep Talk|p1b: Clefable\n|move|p1b: Clefable|Follow Me|p1b: Clefable|[from]move: Sleep Talk\n|-singleturn|p1b: Clefable|move: Follow Me\n|move|p1a: Lurantis|Leaf Storm|p2a: Greninja\n|-supereffective|p2a: Greninja\n|-damage|p2a: Greninja|0 fnt\n|-boost|p1a: Lurantis|spa|2\n|faint|p2a: Greninja\n|\n|-heal|p1b: Clefable|49\/100 slp|[from] item: Leftovers\n|-damage|p1a: Lurantis|25\/100|[from] Salt Cure\n|upkeep\n|\n|t:|1697760351\n|switch|p2a: Tauros|Tauros-Paldea-Blaze, M|100\/100\n|turn|4\n|\n|t:|1697760359\n|-terastallize|p1a: Lurantis|Bug\n|cant|p1b: Clefable|slp\n|move|p2b: Ogerpon|Ivy Cudgel|p1a: Lurantis\n|-supereffective|p1a: Lurantis\n|-damage|p1a: Lurantis|0 fnt\n|faint|p1a: Lurantis\n|move|p2a: Tauros|Sunny Day|p2a: Tauros\n|-weather|SunnyDay\n|\n|-weather|SunnyDay|[upkeep]\n|-heal|p1b: Clefable|55\/100 slp|[from] item: Leftovers\n|upkeep\n|\n|t:|1697760369\n|switch|p1a: Kommo-o|Kommo-o, F|100\/100\n|-damage|p1a: Kommo-o|94\/100|[from] Stealth Rock\n|turn|5\n|\n|t:|1697760382\n|-curestatus|p1b: Clefable|slp|[msg]\n|move|p1b: Clefable|Follow Me|p1b: Clefable\n|-singleturn|p1b: Clefable|move: Follow Me\n|move|p2b: Ogerpon|Play Rough|p1b: Clefable\n|-damage|p1b: Clefable|29\/100\n|move|p2a: Tauros|Raging Bull|p1b: Clefable\n|-damage|p1b: Clefable|0 fnt\n|faint|p1b: Clefable\n|move|p1a: Kommo-o|Clangorous Soul|p1a: Kommo-o\n|-boost|p1a: Kommo-o|atk|1\n|-boost|p1a: Kommo-o|def|1\n|-boost|p1a: Kommo-o|spa|1\n|-boost|p1a: Kommo-o|spd|1\n|-boost|p1a: Kommo-o|spe|1\n|-damage|p1a: Kommo-o|62\/100\n|\n|-weather|SunnyDay|[upkeep]\n|upkeep\n|\n|t:|1697760400\n|switch|p1b: Oranguru|Oranguru, M|100\/100\n|-damage|p1b: Oranguru|88\/100|[from] Stealth Rock\n|turn|6\n|\n|t:|1697760413\n|move|p1a: Kommo-o|Clanging Scales|p2a: Tauros|[spread] p2a,p2b\n|-damage|p2a: Tauros|22\/100\n|-damage|p2b: Ogerpon|40\/100\n|-unboost|p1a: Kommo-o|def|1\n|-damage|p1a: Kommo-o|52\/100|[from] item: Life Orb\n|move|p2b: Ogerpon|Play Rough|p1a: Kommo-o\n|-supereffective|p1a: Kommo-o\n|-damage|p1a: Kommo-o|0 fnt\n|faint|p1a: Kommo-o\n|move|p2a: Tauros|Raging Bull|p1b: Oranguru\n|-damage|p1b: Oranguru|26\/100\n|-heal|p2a: Tauros|31\/100|[from] item: Shell Bell|[of] p1b: Oranguru\n|move|p1b: Oranguru|Psych Up|p1: Kommo-o|[notarget]\n|-fail|p1b: Oranguru\n|\n|-weather|SunnyDay|[upkeep]\n|-heal|p1b: Oranguru|33\/100|[from] item: Leftovers\n|upkeep\n|\n|t:|1697760429\n|switch|p1a: Slaking|Slaking, F, shiny|100\/100\n|-damage|p1a: Slaking|88\/100|[from] Stealth Rock\n|turn|7\n|\n|t:|1697760452\n|move|p2b: Ogerpon|Substitute|p2b: Ogerpon\n|-start|p2b: Ogerpon|Substitute\n|-damage|p2b: Ogerpon|15\/100\n|move|p1a: Slaking|Body Slam|p2b: Ogerpon\n|-end|p2b: Ogerpon|Substitute\n|move|p2a: Tauros|Close Combat|p1a: Slaking\n|-supereffective|p1a: Slaking\n|-damage|p1a: Slaking|15\/100\n|-unboost|p2a: Tauros|def|1\n|-unboost|p2a: Tauros|spd|1\n|-heal|p2a: Tauros|46\/100|[from] item: Shell Bell|[of] p1a: Slaking\n|move|p1b: Oranguru|Future Sight|p2a: Tauros\n|-start|p1b: Oranguru|move: Future Sight\n|\n|-weather|SunnyDay|[upkeep]\n|-heal|p1b: Oranguru|39\/100|[from] item: Leftovers\n|upkeep\n|turn|8\n|\n|t:|1697760473\n|switch|p1b: Weezing|Weezing-Galar, F|100\/100\n|-ability|p1b: Weezing|Neutralizing Gas\n|-damage|p1b: Weezing|88\/100|[from] Stealth Rock\n|move|p2b: Ogerpon|Superpower|p1a: Slaking\n|-supereffective|p1a: Slaking\n|-damage|p1a: Slaking|0 fnt\n|-unboost|p2b: Ogerpon|atk|1\n|-unboost|p2b: Ogerpon|def|1\n|faint|p1a: Slaking\n|move|p2a: Tauros|Close Combat|p1b: Weezing\n|-resisted|p1b: Weezing\n|-damage|p1b: Weezing|77\/100\n|-unboost|p2a: Tauros|def|1\n|-unboost|p2a: Tauros|spd|1\n|-heal|p2a: Tauros|47\/100|[from] item: Shell Bell|[of] p1b: Weezing\n|\n|-weather|none\n|upkeep\n|\n|t:|1697760489\n|switch|p1a: Oranguru|Oranguru, M|39\/100\n|-damage|p1a: Oranguru|26\/100|[from] Stealth Rock\n|turn|9\n|\n|t:|1697760509\n|move|p2b: Ogerpon|Play Rough|p1a: Oranguru\n|-damage|p1a: Oranguru|9\/100\n|move|p2a: Tauros|Raging Bull|p1b: Weezing\n|-damage|p1b: Weezing|40\/100\n|-heal|p2a: Tauros|52\/100|[from] item: Shell Bell|[of] p1b: Weezing\n|move|p1b: Weezing|Curse|p1b: Weezing\n|-unboost|p1b: Weezing|spe|1\n|-boost|p1b: Weezing|atk|1\n|-boost|p1b: Weezing|def|1\n|move|p1a: Oranguru|Encore|p2a: Tauros\n|-start|p2a: Tauros|Encore\n|\n|-end|p2a: Tauros|move: Future Sight\n|-supereffective|p2a: Tauros\n|-damage|p2a: Tauros|0 fnt\n|faint|p2a: Tauros\n|-heal|p1a: Oranguru|15\/100|[from] item: Leftovers\n|upkeep\n|\n|t:|1697760527\n|switch|p2a: Dragapult|Dragapult, M, shiny|100\/100\n|turn|10\n|\n|t:|1697760536\n|move|p2a: Dragapult|Phantom Force||[still]\n|-prepare|p2a: Dragapult|Phantom Force\n|move|p2b: Ogerpon|Play Rough|p2a: Dragapult|[miss]\n|-miss|p2b: Ogerpon|p2a: Dragapult\n|move|p1a: Oranguru|Foul Play|p2a: Dragapult|[miss]\n|-miss|p1a: Oranguru|p2a: Dragapult\n|move|p1b: Weezing|Gunk Shot|p2b: Ogerpon\n|-supereffective|p2b: Ogerpon\n|-damage|p2b: Ogerpon|0 fnt\n|faint|p2b: Ogerpon\n|\n|-heal|p1a: Oranguru|21\/100|[from] item: Leftovers\n|upkeep\n|\n|t:|1697760559\n|switch|p2b: Ceruledge|Ceruledge, F|100\/100\n|turn|11\n|\n|t:|1697760587\n|move|p2a: Dragapult|Phantom Force|p1a: Oranguru|[from]lockedmove\n|-immune|p1a: Oranguru\n|move|p2b: Ceruledge|Bitter Blade|p1a: Oranguru\n|-damage|p1a: Oranguru|0 fnt\n|faint|p1a: Oranguru\n|move|p1b: Weezing|Gunk Shot|p2a: Dragapult\n|-resisted|p2a: Dragapult\n|-damage|p2a: Dragapult|38\/100\n|\n|-heal|p2a: Dragapult|44\/100|[from] item: Leftovers\n|upkeep\n|turn|12\n|\n|t:|1697760611\n|move|p2a: Dragapult|Dragon Darts|p1b: Weezing\n|-immune|p1b: Weezing\n|move|p2b: Ceruledge|Hex|p1b: Weezing\n|-damage|p1b: Weezing|21\/100\n|move|p1b: Weezing|Gunk Shot|p2b: Ceruledge\n|-resisted|p2b: Ceruledge\n|-damage|p2b: Ceruledge|35\/100\n|-status|p2b: Ceruledge|psn\n|\n|-heal|p2a: Dragapult|50\/100|[from] item: Leftovers\n|-heal|p2b: Ceruledge|41\/100 psn|[from] item: Leftovers\n|-damage|p2b: Ceruledge|28\/100 psn|[from] psn\n|upkeep\n|turn|13\n|\n|t:|1697760639\n|move|p2a: Dragapult|Dragon Darts|p1b: Weezing\n|-immune|p1b: Weezing\n|move|p2b: Ceruledge|Hex|p1b: Weezing\n|-damage|p1b: Weezing|2\/100\n|move|p1b: Weezing|Gunk Shot|p2a: Dragapult\n|-resisted|p2a: Dragapult\n|-damage|p2a: Dragapult|0 fnt\n|faint|p2a: Dragapult\n|\n|-heal|p2b: Ceruledge|35\/100 psn|[from] item: Leftovers\n|-damage|p2b: Ceruledge|22\/100 psn|[from] psn\n|upkeep\n|turn|14\n|\n|t:|1697760658\n|move|p2b: Ceruledge|Bitter Blade|p1b: Weezing\n|-damage|p1b: Weezing|0 fnt\n|-heal|p2b: Ceruledge|23\/100 psn|[from] drain|[of] p1b: Weezing\n|faint|p1b: Weezing\n|-end|p1b: Weezing|ability: Neutralizing Gas\n|\n|win|BlehBlehBlehBlehBl\n|raw|Champion&apos;s Melody's rating: 1101 &rarr; <strong>1069<\/strong><br \/>(-32 for losing)\n|raw|BlehBlehBlehBlehBl's rating: 1000 &rarr; <strong>1051<\/strong><br \/>(+51 for winning)\n","uploadtime":1697760666,"views":13,"p1id":"championsmelody","p2id":"blehblehblehblehbl","formatid":"gen9doublesou","rating":1051,"private":0,"password":""}