{"id":"gen9doublesou-1993487096","p1":"Atoruito","p2":"Theblazekiller","format":"[Gen 9] Doubles OU","log":"|j|\u2606Atoruito\n|j|\u2606Theblazekiller\n|t:|1700323767\n|gametype|doubles\n|player|p1|Atoruito|shauntal|1112\n|player|p2|Theblazekiller|lucas|1128\n|teamsize|p1|6\n|teamsize|p2|6\n|gen|9\n|tier|[Gen 9] Doubles OU\n|rated|\n|rule|Species Clause: Limit one of each Pok\u00e9mon\n|rule|OHKO Clause: OHKO moves are banned\n|rule|Evasion Moves Clause: Evasion moves are banned\n|rule|Gravity Sleep Clause: The combination of sleep-inducing moves with imperfect accuracy and Gravity or Gigantamax Orbeetle are banned\n|rule|Endless Battle Clause: Forcing endless battles is banned\n|rule|HP Percentage Mod: HP is shown in percentages\n|clearpoke\n|poke|p1|Tornadus, M|\n|poke|p1|Iron Hands|\n|poke|p1|Rillaboom, F|\n|poke|p1|Flutter Mane|\n|poke|p1|Ogerpon-Hearthflame, F|\n|poke|p1|Heatran, M|\n|poke|p2|Shiftry, F|\n|poke|p2|Gardevoir, F|\n|poke|p2|Okidogi, M|\n|poke|p2|Chi-Yu|\n|poke|p2|Landorus-Therian, M|\n|poke|p2|Kingambit, M|\n|teampreview\n|inactive|Battle timer is ON: inactive players will automatically lose when time's up. (requested by Theblazekiller)\n|inactive|Atoruito also wants the timer to be on.\n|inactive|Atoruito has 120 seconds left.\n|\n|t:|1700323798\n|start\n|switch|p1a: Tornadus|Tornadus, M|100\/100\n|switch|p1b: Rillaboom|Rillaboom, F|100\/100\n|switch|p2a: Landorus|Landorus-Therian, M|100\/100\n|switch|p2b: Gardevoir|Gardevoir, F|100\/100\n|-ability|p2a: Landorus|Intimidate|boost\n|-unboost|p1a: Tornadus|atk|1\n|-unboost|p1b: Rillaboom|atk|1\n|-fieldstart|move: Grassy Terrain|[from] ability: Grassy Surge|[of] p1b: Rillaboom\n|turn|1\n|\n|t:|1700323821\n|move|p1b: Rillaboom|Fake Out|p2a: Landorus\n|-damage|p2a: Landorus|91\/100\n|move|p1a: Tornadus|Tailwind|p1a: Tornadus\n|-sidestart|p1: Atoruito|move: Tailwind\n|move|p2b: Gardevoir|Will-O-Wisp|p1b: Rillaboom\n|-status|p1b: Rillaboom|brn\n|cant|p2a: Landorus|flinch\n|\n|-heal|p2a: Landorus|97\/100|[from] item: Leftovers\n|-damage|p1b: Rillaboom|94\/100 brn|[from] brn\n|upkeep\n|turn|2\n|\n|t:|1700323841\n|move|p1a: Tornadus|Taunt|p2b: Gardevoir\n|-start|p2b: Gardevoir|move: Taunt\n|move|p1b: Rillaboom|U-turn|p2b: Gardevoir\n|-damage|p2b: Gardevoir|87\/100\n|inactive|Atoruito has 120 seconds left.\n|inactive|Atoruito has 90 seconds left.\n|\n|t:|1700323901\n|switch|p1b: Flutter Mane|Flutter Mane|100\/100|[from] U-turn\n|move|p2b: Gardevoir|Mystical Fire|p1a: Tornadus\n|-damage|p1a: Tornadus|77\/100\n|move|p2a: Landorus|U-turn|p1b: Flutter Mane\n|-resisted|p1b: Flutter Mane\n|-damage|p1b: Flutter Mane|90\/100\n|\n|t:|1700323922\n|switch|p2a: Chi-Yu|Chi-Yu|100\/100|[from] U-turn\n|-ability|p2a: Chi-Yu|Beads of Ruin\n|\n|-heal|p1b: Flutter Mane|96\/100|[from] Grassy Terrain\n|-heal|p2b: Gardevoir|93\/100|[from] Grassy Terrain\n|upkeep\n|turn|3\n|inactive|Atoruito has 90 seconds left.\n|inactive|Atoruito has 60 seconds left.\n|\n|t:|1700323984\n|move|p1b: Flutter Mane|Power Gem|p2a: Chi-Yu\n|-supereffective|p2a: Chi-Yu\n|-damage|p2a: Chi-Yu|36\/100\n|move|p1a: Tornadus|Bleakwind Storm|p2a: Chi-Yu|[spread] p2a\n|-miss|p1a: Tornadus|p2b: Gardevoir\n|-damage|p2a: Chi-Yu|10\/100\n|move|p2a: Chi-Yu|Snarl|p1b: Flutter Mane|[spread] p1a,p1b\n|-damage|p1a: Tornadus|45\/100\n|-damage|p1b: Flutter Mane|70\/100\n|-unboost|p1b: Flutter Mane|spa|1\n|move|p2b: Gardevoir|Mystical Fire|p1b: Flutter Mane\n|-damage|p1b: Flutter Mane|43\/100\n|-unboost|p1b: Flutter Mane|spa|1\n|\n|-heal|p1b: Flutter Mane|50\/100|[from] Grassy Terrain\n|-heal|p2a: Chi-Yu|16\/100|[from] Grassy Terrain\n|-heal|p2b: Gardevoir|99\/100|[from] Grassy Terrain\n|upkeep\n|turn|4\n|inactive|Atoruito has 60 seconds left.\n|\n|t:|1700324015\n|switch|p1a: Heatran|Heatran, M|100\/100\n|move|p1b: Flutter Mane|Power Gem|p2a: Chi-Yu\n|-supereffective|p2a: Chi-Yu\n|-damage|p2a: Chi-Yu|0 fnt\n|faint|p2a: Chi-Yu\n|move|p2b: Gardevoir|Moonblast|p1a: Heatran\n|-resisted|p1a: Heatran\n|-damage|p1a: Heatran|94\/100\n|-unboost|p1a: Heatran|spa|1\n|\n|-heal|p1b: Flutter Mane|56\/100|[from] Grassy Terrain\n|-heal|p1a: Heatran|100\/100|[from] Grassy Terrain\n|-heal|p2b: Gardevoir|100\/100|[from] Grassy Terrain\n|-end|p2b: Gardevoir|move: Taunt\n|-sideend|p1: Atoruito|move: Tailwind\n|upkeep\n|inactive|Theblazekiller has 120 seconds left.\n|\n|t:|1700324034\n|switch|p2a: Landorus|Landorus-Therian, M|97\/100\n|-ability|p2a: Landorus|Intimidate|boost\n|-unboost|p1a: Heatran|atk|1\n|-unboost|p1b: Flutter Mane|atk|1\n|turn|5\n|inactive|Atoruito has 60 seconds left.\n|\n|t:|1700324066\n|-end|p1b: Flutter Mane|Protosynthesis|[silent]\n|switch|p1b: Rillaboom|Rillaboom, F|94\/100 brn\n|switch|p1a: Tornadus|Tornadus, M|45\/100\n|move|p2b: Gardevoir|Helping Hand|p2a: Landorus\n|-singleturn|p2a: Landorus|Helping Hand|[of] p2b: Gardevoir\n|move|p2a: Landorus|Earthquake|p1a: Tornadus|[spread] p1b\n|-activate|p2b: Gardevoir|ability: Telepathy\n|-immune|p1a: Tornadus\n|-resisted|p1b: Rillaboom\n|-damage|p1b: Rillaboom|81\/100 brn\n|\n|-heal|p2a: Landorus|100\/100|[from] item: Leftovers\n|-heal|p1b: Rillaboom|87\/100 brn|[from] Grassy Terrain\n|-damage|p1b: Rillaboom|81\/100 brn|[from] brn\n|-fieldend|move: Grassy Terrain\n|upkeep\n|turn|6\n|inactive|Atoruito has 60 seconds left.\n|\n|t:|1700324094\n|move|p1b: Rillaboom|Fake Out|p2a: Landorus\n|-damage|p2a: Landorus|93\/100\n|move|p1a: Tornadus|Tailwind|p1a: Tornadus\n|-sidestart|p1: Atoruito|move: Tailwind\n|move|p2b: Gardevoir|Moonblast|p1a: Tornadus\n|-damage|p1a: Tornadus|0 fnt\n|faint|p1a: Tornadus\n|cant|p2a: Landorus|flinch\n|\n|-heal|p2a: Landorus|99\/100|[from] item: Leftovers\n|-damage|p1b: Rillaboom|75\/100 brn|[from] brn\n|upkeep\n|inactive|Atoruito has 60 seconds left.\n|inactive|Atoruito has 30 seconds left.\n|\n|t:|1700324132\n|switch|p1a: Flutter Mane|Flutter Mane|56\/100\n|turn|7\n|l|\u2606Theblazekiller\n|inactive|Theblazekiller disconnected and has a minute to reconnect!\n|player|p2|\n|j|\u2606Theblazekiller\n|inactive|Theblazekiller reconnected and has 120 seconds left.\n|player|p2|Theblazekiller|lucas\n|\n|t:|1700324179\n|move|p1a: Flutter Mane|Moonblast|p2a: Landorus\n|-damage|p2a: Landorus|20\/100\n|move|p1b: Rillaboom|U-turn|p2b: Gardevoir\n|-damage|p2b: Gardevoir|83\/100\n|\n|t:|1700324189\n|switch|p1b: Ogerpon|Ogerpon-Hearthflame, F|100\/100|[from] U-turn\n|-ability|p1b: Ogerpon|Mold Breaker\n|move|p2b: Gardevoir|Moonblast|p1a: Flutter Mane\n|-damage|p1a: Flutter Mane|21\/100\n|-unboost|p1a: Flutter Mane|spa|1\n|move|p2a: Landorus|Rock Slide|p1a: Flutter Mane|[spread] p1b\n|-miss|p2a: Landorus|p1a: Flutter Mane\n|-supereffective|p1b: Ogerpon\n|-damage|p1b: Ogerpon|48\/100\n|\n|-heal|p2a: Landorus|26\/100|[from] item: Leftovers\n|upkeep\n|turn|8\n|inactive|Atoruito has 60 seconds left.\n|inactive|Theblazekiller has 120 seconds left.\n|\n|t:|1700324212\n|move|p1a: Flutter Mane|Moonblast|p2a: Landorus\n|-damage|p2a: Landorus|0 fnt\n|faint|p2a: Landorus\n|move|p1b: Ogerpon|Substitute|p1b: Ogerpon\n|-start|p1b: Ogerpon|Substitute\n|-damage|p1b: Ogerpon|23\/100\n|move|p2b: Gardevoir|Moonblast|p1a: Flutter Mane\n|-damage|p1a: Flutter Mane|0 fnt\n|faint|p1a: Flutter Mane\n|-end|p1a: Flutter Mane|Protosynthesis|[silent]\n|\n|upkeep\n|\n|t:|1700324229\n|switch|p1a: Rillaboom|Rillaboom, F|75\/100 brn\n|switch|p2a: Shiftry|Shiftry, F|100\/100\n|-fieldstart|move: Grassy Terrain|[from] ability: Grassy Surge|[of] p1a: Rillaboom\n|turn|9\n|\n|t:|1700324240\n|move|p1a: Rillaboom|Fake Out|p2a: Shiftry\n|-damage|p2a: Shiftry|90\/100\n|move|p1b: Ogerpon|Horn Leech|p2b: Gardevoir\n|-damage|p2b: Gardevoir|6\/100\n|-heal|p1b: Ogerpon|65\/100|[from] drain|[of] p2b: Gardevoir\n|-enditem|p2b: Gardevoir|Sitrus Berry|[eat]\n|-heal|p2b: Gardevoir|31\/100|[from] item: Sitrus Berry\n|move|p2b: Gardevoir|Mystical Fire|p1b: Ogerpon\n|-activate|p1b: Ogerpon|move: Substitute|[damage]\n|cant|p2a: Shiftry|flinch\n|\n|-heal|p1b: Ogerpon|71\/100|[from] Grassy Terrain\n|-heal|p1a: Rillaboom|81\/100 brn|[from] Grassy Terrain\n|-heal|p2b: Gardevoir|38\/100|[from] Grassy Terrain\n|-heal|p2a: Shiftry|96\/100|[from] Grassy Terrain\n|-damage|p1a: Rillaboom|75\/100 brn|[from] brn\n|-sideend|p1: Atoruito|move: Tailwind\n|upkeep\n|turn|10\n|inactive|Atoruito has 90 seconds left.\n|\n|t:|1700324267\n|move|p1b: Ogerpon|Ivy Cudgel|p2b: Gardevoir|[anim] Ivy Cudgel Fire\n|-damage|p2b: Gardevoir|0 fnt\n|faint|p2b: Gardevoir\n|move|p1a: Rillaboom|U-turn|p2a: Shiftry\n|-supereffective|p2a: Shiftry\n|-damage|p2a: Shiftry|26\/100\n|\n|t:|1700324277\n|switch|p1a: Iron Hands|Iron Hands|100\/100|[from] U-turn\n|move|p2a: Shiftry|Tailwind|p2a: Shiftry\n|-sidestart|p2: Theblazekiller|move: Tailwind\n|-ability|p2a: Shiftry|Wind Rider|boost\n|-boost|p2a: Shiftry|atk|1\n|\n|-heal|p2a: Shiftry|33\/100|[from] Grassy Terrain\n|-heal|p1b: Ogerpon|77\/100|[from] Grassy Terrain\n|upkeep\n|\n|t:|1700324291\n|switch|p2b: Kingambit|Kingambit, M|100\/100\n|-activate|p2b: Kingambit|ability: Supreme Overlord\n|-start|p2b: Kingambit|fallen3|[silent]\n|turn|11\n|\n|t:|1700324305\n|move|p1b: Ogerpon|Spiky Shield|p1b: Ogerpon\n|-singleturn|p1b: Ogerpon|move: Protect\n|move|p2b: Kingambit|Sucker Punch||[still]\n|-fail|p2b: Kingambit\n|move|p2a: Shiftry|Explosion|p1a: Iron Hands|[spread] p2b,p1a\n|-activate|p1b: Ogerpon|move: Protect\n|-resisted|p2b: Kingambit\n|-damage|p2b: Kingambit|70\/100\n|-damage|p1a: Iron Hands|42\/100\n|-enditem|p1a: Iron Hands|Sitrus Berry|[eat]\n|-heal|p1a: Iron Hands|67\/100|[from] item: Sitrus Berry\n|faint|p2a: Shiftry\n|move|p1a: Iron Hands|Drain Punch|p2b: Kingambit\n|-supereffective|p2b: Kingambit\n|-damage|p2b: Kingambit|0 fnt\n|-heal|p1a: Iron Hands|98\/100|[from] drain|[of] p2b: Kingambit\n|faint|p2b: Kingambit\n|-end|p2b: Kingambit|fallen3|[silent]\n|\n|-heal|p1b: Ogerpon|83\/100|[from] Grassy Terrain\n|-heal|p1a: Iron Hands|100\/100|[from] Grassy Terrain\n|upkeep\n|-message|Theblazekiller forfeited.\n|\n|win|Atoruito\n|raw|Atoruito's rating: 1112 &rarr; <strong>1138<\/strong><br \/>(+26 for winning)\n|raw|Theblazekiller's rating: 1128 &rarr; <strong>1102<\/strong><br \/>(-26 for losing)\n|l|\u2606Theblazekiller\n","uploadtime":1700324339,"views":12,"p1id":"atoruito","p2id":"theblazekiller","formatid":"gen9doublesou","rating":1102,"private":0,"password":""}