{"id":"gen9doublesou-1995559485","p1":"e63593","p2":"Jiban123","format":"[Gen 9] Doubles OU","log":"|j|\u2606e63593\n|j|\u2606Jiban123\n|inactive|Battle timer is ON: inactive players will automatically lose when time's up.\n|t:|1700582853\n|gametype|doubles\n|player|p1|e63593|lillie-masters3|\n|player|p2|Jiban123|ethan-gen2|\n|teamsize|p1|6\n|teamsize|p2|6\n|gen|9\n|tier|[Gen 9] Doubles OU\n|rated|Tournament battle\n|rule|Species Clause: Limit one of each Pok\u00e9mon\n|rule|OHKO Clause: OHKO moves are banned\n|rule|Evasion Moves Clause: Evasion moves are banned\n|rule|Gravity Sleep Clause: The combination of sleep-inducing moves with imperfect accuracy and Gravity or Gigantamax Orbeetle are banned\n|rule|Endless Battle Clause: Forcing endless battles is banned\n|rule|HP Percentage Mod: HP is shown in percentages\n|clearpoke\n|poke|p1|Iron Hands|\n|poke|p1|Flutter Mane|\n|poke|p1|Gholdengo|\n|poke|p1|Chi-Yu|\n|poke|p1|Farigiraf, F|\n|poke|p1|Tornadus, M|\n|poke|p2|Torkoal, M|\n|poke|p2|Scizor, M|\n|poke|p2|Rillaboom, M|\n|poke|p2|Dragapult, M|\n|poke|p2|Typhlosion, M|\n|poke|p2|Snorlax, M|\n|teampreview\n|inactive|e63593 also wants the timer to be on.\n|j| kdsakdksa\n|\n|t:|1700582866\n|start\n|switch|p1a: Chi-Yu|Chi-Yu|100\/100\n|switch|p1b: Tornadus|Tornadus, M|100\/100\n|switch|p2a: Snorlax|Snorlax, M|100\/100\n|switch|p2b: Dragapult|Dragapult, M|100\/100\n|-ability|p1a: Chi-Yu|Beads of Ruin\n|turn|1\n|c| kdsakdksa|e63593\n|c| kdsakdksa|espere\n|j| amoserpobre\n|c| kdsakdksa|antes de atacar leia\n|\n|t:|1700582875\n|move|p1b: Tornadus|Tailwind|p1b: Tornadus\n|-sidestart|p1: e63593|move: Tailwind\n|move|p1a: Chi-Yu|Dark Pulse|p2b: Dragapult\n|-supereffective|p2b: Dragapult\n|-damage|p2b: Dragapult|0 fnt\n|faint|p2b: Dragapult\n|move|p2a: Snorlax|Double-Edge|p1a: Chi-Yu\n|-damage|p1a: Chi-Yu|0 fnt\n|faint|p1a: Chi-Yu\n|-damage|p2a: Snorlax|84\/100|[from] Recoil\n|\n|upkeep\n|c| kdsakdksa|aaaaa\n|c| kdsakdksa|meodeos\n|l| amoserpobre\n|\n|t:|1700582887\n|switch|p2b: Scizor|Scizor, M|100\/100\n|switch|p1a: Borgyama|Iron Hands|100\/100\n|turn|2\n|j| amoserpobre\n|c| kdsakdksa|ele nunca venceu uma partida dou\n|c| kdsakdksa|tenha piedade\n|c| kdsakdksa|deixa ele vence\n|\n|t:|1700582897\n|move|p1b: Tornadus|Bleakwind Storm|p2b: Scizor|[spread] p2a,p2b\n|-damage|p2a: Snorlax|63\/100\n|-damage|p2b: Scizor|54\/100\n|-unboost|p2b: Scizor|spe|1\n|move|p1a: Borgyama|Close Combat|p2a: Snorlax\n|-supereffective|p2a: Snorlax\n|-damage|p2a: Snorlax|0 fnt\n|-unboost|p1a: Borgyama|def|1\n|-unboost|p1a: Borgyama|spd|1\n|faint|p2a: Snorlax\n|move|p2b: Scizor|Swords Dance|p2b: Scizor\n|-boost|p2b: Scizor|atk|2\n|\n|-heal|p2b: Scizor|60\/100|[from] item: Leftovers\n|upkeep\n|c| kdsakdksa|quer dize\n|c| kdsakdksa|ele venceu exatamente uma\n|c| kdsakdksa|1\n|c| kdsakdksa|1zinha\n|\n|t:|1700582909\n|switch|p2a: Rillaboom|Rillaboom, M|100\/100\n|-fieldstart|move: Grassy Terrain|[from] ability: Grassy Surge|[of] p2a: Rillaboom\n|turn|3\n|c| kdsakdksa|deixa ele vence a segunda\n|\n|t:|1700582917\n|move|p2a: Rillaboom|Grassy Glide|p1a: Borgyama\n|-damage|p1a: Borgyama|45\/100\n|-damage|p2a: Rillaboom|91\/100|[from] item: Life Orb\n|move|p2b: Scizor|Bullet Punch|p1b: Tornadus\n|-damage|p1b: Tornadus|30\/100\n|-enditem|p1b: Tornadus|Sitrus Berry|[eat]\n|-heal|p1b: Tornadus|55\/100|[from] item: Sitrus Berry\n|move|p1b: Tornadus|Bleakwind Storm|p2b: Scizor|[spread] p2a\n|-miss|p1b: Tornadus|p2b: Scizor\n|-supereffective|p2a: Rillaboom\n|-damage|p2a: Rillaboom|4\/100\n|move|p1a: Borgyama|Close Combat|p2b: Scizor\n|-damage|p2b: Scizor|0 fnt\n|-unboost|p1a: Borgyama|def|1\n|-unboost|p1a: Borgyama|spd|1\n|faint|p2b: Scizor\n|\n|-heal|p1a: Borgyama|52\/100|[from] Grassy Terrain\n|-heal|p2a: Rillaboom|10\/100|[from] Grassy Terrain\n|upkeep\n|\n|t:|1700582925\n|switch|p2b: Torkoal|Torkoal, M|100\/100\n|-weather|SunnyDay|[from] ability: Drought|[of] p2b: Torkoal\n|turn|4\n|c| kdsakdksa|JIBAAAAAAAAAAAN VENCE\n|\n|t:|1700582934\n|-end|p1a: Borgyama|Quark Drive|[silent]\n|switch|p1a: Farigiraf|Farigiraf, F|100\/100\n|move|p2a: Rillaboom|Grassy Glide||[still]\n|cant|p1a: Farigiraf|ability: Armor Tail|Grassy Glide|[of] p2a: Rillaboom\n|move|p1b: Tornadus|Bleakwind Storm|p2a: Rillaboom|[spread] p2a,p2b\n|-supereffective|p2a: Rillaboom\n|-damage|p2a: Rillaboom|0 fnt\n|-damage|p2b: Torkoal|57\/100\n|faint|p2a: Rillaboom\n|move|p2b: Torkoal|Lava Plume|p1b: Tornadus|[spread] p1a,p1b\n|-crit|p1a: Farigiraf\n|-damage|p1a: Farigiraf|54\/100\n|-damage|p1b: Tornadus|23\/100\n|-status|p1b: Tornadus|brn\n|\n|-weather|SunnyDay|[upkeep]\n|-heal|p1a: Farigiraf|61\/100|[from] Grassy Terrain\n|-heal|p2b: Torkoal|63\/100|[from] Grassy Terrain\n|-damage|p1b: Tornadus|17\/100 brn|[from] brn\n|-sideend|p1: e63593|move: Tailwind\n|upkeep\n|\n|t:|1700582937\n|switch|p2a: Typhlosion|Typhlosion, M|100\/100\n|turn|5\n|c| kdsakdksa|para de jogar qnem o flash vc nao consegueee\n|c| kdsakdksa|e dificil\n|\n|t:|1700582946\n|-terastallize|p2a: Typhlosion|Fire\n|move|p1b: Tornadus|Tailwind|p1b: Tornadus\n|-sidestart|p1: e63593|move: Tailwind\n|move|p2a: Typhlosion|Eruption|p1b: Tornadus|[spread] p1a,p1b\n|-crit|p1b: Tornadus\n|-damage|p1a: Farigiraf|0 fnt\n|-damage|p1b: Tornadus|0 fnt\n|faint|p1a: Farigiraf\n|faint|p1b: Tornadus\n|move|p2b: Torkoal|Lava Plume|p2a: Typhlosion\n|-start|p2a: Typhlosion|ability: Flash Fire\n|\n|-weather|SunnyDay|[upkeep]\n|-heal|p2b: Torkoal|70\/100|[from] Grassy Terrain\n|upkeep\n|\n|t:|1700582959\n|switch|p1b: Borgyama|Iron Hands|52\/100\n|switch|p1a: Ptereavus|Flutter Mane|100\/100\n|-activate|p1a: Ptereavus|ability: Protosynthesis\n|-start|p1a: Ptereavus|protosynthesisspe\n|turn|6\n|\n|t:|1700582972\n|-terastallize|p1a: Ptereavus|Ground\n|move|p1b: Borgyama|Fake Out|p2b: Torkoal\n|-damage|p2b: Torkoal|61\/100\n|move|p1a: Ptereavus|Tera Blast|p2a: Typhlosion|[anim] Tera Blast Ground\n|-supereffective|p2a: Typhlosion\n|-damage|p2a: Typhlosion|0 fnt\n|faint|p2a: Typhlosion\n|cant|p2b: Torkoal|flinch\n|\n|-weather|SunnyDay|[upkeep]\n|-heal|p1b: Borgyama|58\/100|[from] Grassy Terrain\n|-heal|p2b: Torkoal|67\/100|[from] Grassy Terrain\n|upkeep\n|turn|7\n|\n|t:|1700582979\n|move|p1a: Ptereavus|Tera Blast|p2b: Torkoal|[anim] Tera Blast Ground\n|-supereffective|p2b: Torkoal\n|-damage|p2b: Torkoal|0 fnt\n|faint|p2b: Torkoal\n|\n|win|e63593\n|n|\u2606e63593|e63593\n|n|\u2606Jiban123|jiban123\n|n| kdsakdksa|kdsakdksa\n|n| amoserpobre|amoserpobre\n","uploadtime":1700582980,"views":0,"p1id":"e63593","p2id":"jiban123","formatid":"gen9doublesou","rating":0,"private":0,"password":""}