{"id":"gen9doublesou-1973175045","p1":"Telimonster0608","p2":"riastylis","format":"[Gen 9] Doubles OU","log":"|j|\u2606Telimonster0608\n|j|\u2606riastylis\n|t:|1697935927\n|gametype|doubles\n|player|p1|Telimonster0608|clair|\n|player|p2|riastylis|veteran|\n|teamsize|p1|6\n|teamsize|p2|6\n|gen|9\n|tier|[Gen 9] Doubles OU\n|rule|Species Clause: Limit one of each Pok\u00e9mon\n|rule|OHKO Clause: OHKO moves are banned\n|rule|Evasion Moves Clause: Evasion moves are banned\n|rule|Gravity Sleep Clause: The combination of sleep-inducing moves with imperfect accuracy and Gravity or Gigantamax Orbeetle are banned\n|rule|Endless Battle Clause: Forcing endless battles is banned\n|rule|HP Percentage Mod: HP is shown in percentages\n|clearpoke\n|poke|p1|Slither Wing|\n|poke|p1|Klefki, F|\n|poke|p1|Salamence, F|\n|poke|p1|Sneasler, M|\n|poke|p1|Zapdos|\n|poke|p1|Milotic, F|\n|poke|p2|Iron Leaves|\n|poke|p2|Quaquaval, F|\n|poke|p2|Garchomp, F|\n|poke|p2|Volcarona, F|\n|poke|p2|Gholdengo|\n|poke|p2|Regieleki|\n|teampreview\n|j| GoDDanteX\n|\n|t:|1697935945\n|start\n|switch|p1a: Princess\ud83d\udc78|Milotic, F, shiny|100\/100\n|switch|p1b: Wolverine\ud83d\udde1|Sneasler, M, shiny|100\/100\n|switch|p2a: Gear4BounceMan|Regieleki, shiny|100\/100\n|switch|p2b: Mothra|Volcarona, F|100\/100\n|-item|p1b: Wolverine\ud83d\udde1|Air Balloon\n|turn|1\n|l| GoDDanteX\n|\n|t:|1697935968\n|move|p1a: Princess\ud83d\udc78|Protect|p1a: Princess\ud83d\udc78\n|-singleturn|p1a: Princess\ud83d\udc78|Protect\n|move|p1b: Wolverine\ud83d\udde1|Fake Out|p2b: Mothra\n|-damage|p2b: Mothra|83\/100\n|move|p2a: Gear4BounceMan|Thunder|p1a: Princess\ud83d\udc78\n|-activate|p1a: Princess\ud83d\udc78|move: Protect\n|cant|p2b: Mothra|flinch\n|\n|-status|p1a: Princess\ud83d\udc78|brn|[from] item: Flame Orb\n|upkeep\n|turn|2\n|j| Redzone92\n|\n|t:|1697936001\n|switch|p2b: Gild Tesoro|Gholdengo|100\/100\n|move|p2a: Gear4BounceMan|Thunder|p1a: Princess\ud83d\udc78\n|-supereffective|p1a: Princess\ud83d\udc78\n|-damage|p1a: Princess\ud83d\udc78|27\/100 brn\n|move|p1b: Wolverine\ud83d\udde1|Rock Slide|p2a: Gear4BounceMan|[spread] p2a,p2b\n|-resisted|p2b: Gild Tesoro\n|-damage|p2a: Gear4BounceMan|69\/100\n|-damage|p2b: Gild Tesoro|92\/100\n|move|p1a: Princess\ud83d\udc78|Scald|p2b: Gild Tesoro\n|-damage|p2b: Gild Tesoro|68\/100\n|\n|-damage|p1a: Princess\ud83d\udc78|21\/100 brn|[from] brn\n|upkeep\n|turn|3\n|j| GoDDanteX\n|\n|t:|1697936039\n|-terastallize|p1b: Wolverine\ud83d\udde1|Dark\n|move|p1a: Princess\ud83d\udc78|Protect|p1a: Princess\ud83d\udc78\n|-singleturn|p1a: Princess\ud83d\udc78|Protect\n|move|p2a: Gear4BounceMan|Electroweb|p1a: Princess\ud83d\udc78|[spread] p1b\n|-activate|p1a: Princess\ud83d\udc78|move: Protect\n|-damage|p1b: Wolverine\ud83d\udde1|68\/100\n|-unboost|p1b: Wolverine\ud83d\udde1|spe|1\n|-enditem|p1b: Wolverine\ud83d\udde1|Air Balloon\n|move|p1b: Wolverine\ud83d\udde1|Night Slash|p2b: Gild Tesoro\n|-supereffective|p2b: Gild Tesoro\n|-damage|p2b: Gild Tesoro|0 fnt\n|faint|p2b: Gild Tesoro\n|\n|-damage|p1a: Princess\ud83d\udc78|15\/100 brn|[from] brn\n|upkeep\n|\n|t:|1697936059\n|switch|p2b: Mothra|Volcarona, F|83\/100\n|turn|4\n|\n|t:|1697936068\n|move|p2a: Gear4BounceMan|Electroweb|p1b: Wolverine\ud83d\udde1|[spread] p1a,p1b\n|-supereffective|p1a: Princess\ud83d\udc78\n|-damage|p1a: Princess\ud83d\udc78|0 fnt\n|-damage|p1b: Wolverine\ud83d\udde1|34\/100\n|-unboost|p1b: Wolverine\ud83d\udde1|spe|1\n|faint|p1a: Princess\ud83d\udc78\n|move|p2b: Mothra|Quiver Dance|p2b: Mothra\n|-boost|p2b: Mothra|spa|1\n|-boost|p2b: Mothra|spd|1\n|-boost|p2b: Mothra|spe|1\n|move|p1b: Wolverine\ud83d\udde1|Rock Slide|p2a: Gear4BounceMan|[spread] p2a,p2b\n|-supereffective|p2b: Mothra\n|-damage|p2a: Gear4BounceMan|40\/100\n|-damage|p2b: Mothra|0 fnt\n|faint|p2b: Mothra\n|\n|upkeep\n|\n|t:|1697936100\n|switch|p2b: Bon Clay|Quaquaval, F|100\/100\n|switch|p1a: Past Mothra\ud83e\udd8b|Slither Wing|100\/100\n|turn|5\n|\n|t:|1697936116\n|switch|p1b: Lightning Storm\u26c8\ufe0f|Zapdos, shiny|100\/100\n|move|p2a: Gear4BounceMan|Electroweb|p1b: Lightning Storm\u26c8\ufe0f|[spread] p1a,p1b\n|-damage|p1a: Past Mothra\ud83e\udd8b|75\/100\n|-damage|p1b: Lightning Storm\u26c8\ufe0f|75\/100\n|-unboost|p1a: Past Mothra\ud83e\udd8b|spe|1\n|-unboost|p1b: Lightning Storm\u26c8\ufe0f|spe|1\n|move|p2b: Bon Clay|Close Combat|p1b: Lightning Storm\u26c8\ufe0f\n|-resisted|p1b: Lightning Storm\u26c8\ufe0f\n|-damage|p1b: Lightning Storm\u26c8\ufe0f|55\/100\n|-unboost|p2b: Bon Clay|def|1\n|-unboost|p2b: Bon Clay|spd|1\n|-damage|p2b: Bon Clay|84\/100|[from] item: Rocky Helmet|[of] p1b: Lightning Storm\u26c8\ufe0f\n|-status|p2b: Bon Clay|par|[from] ability: Static|[of] p1b: Lightning Storm\u26c8\ufe0f\n|move|p1a: Past Mothra\ud83e\udd8b|Will-O-Wisp|p2b: Bon Clay|[miss]\n|-miss|p1a: Past Mothra\ud83e\udd8b|p2b: Bon Clay\n|\n|upkeep\n|turn|6\n|\n|t:|1697936156\n|-end|p1a: Past Mothra\ud83e\udd8b|Protosynthesis|[silent]\n|switch|p1a: Success\ud83e\ude99|Klefki, F, shiny|100\/100\n|move|p2a: Gear4BounceMan|Thunder|p1b: Lightning Storm\u26c8\ufe0f\n|-damage|p1b: Lightning Storm\u26c8\ufe0f|0 fnt\n|faint|p1b: Lightning Storm\u26c8\ufe0f\n|move|p2b: Bon Clay|Aqua Step|p1a: Success\ud83e\ude99\n|-damage|p1a: Success\ud83e\ude99|69\/100\n|-boost|p2b: Bon Clay|spe|1\n|\n|upkeep\n|\n|t:|1697936171\n|switch|p1b: Past Mothra\ud83e\udd8b|Slither Wing|75\/100\n|turn|7\n|\n|t:|1697936201\n|switch|p1a: All-Might\ud83e\uddb8\u200d\u2642\ufe0f|Salamence, F|100\/100\n|-ability|p1a: All-Might\ud83e\uddb8\u200d\u2642\ufe0f|Intimidate|boost\n|-unboost|p2a: Gear4BounceMan|atk|1\n|-unboost|p2b: Bon Clay|atk|1\n|move|p2a: Gear4BounceMan|Thunder|p1b: Past Mothra\ud83e\udd8b\n|-damage|p1b: Past Mothra\ud83e\udd8b|7\/100\n|move|p1b: Past Mothra\ud83e\udd8b|Earthquake|p2a: Gear4BounceMan|[spread] p2a,p2b\n|-immune|p1a: All-Might\ud83e\uddb8\u200d\u2642\ufe0f\n|-supereffective|p2a: Gear4BounceMan\n|-damage|p2a: Gear4BounceMan|0 fnt\n|-damage|p2b: Bon Clay|27\/100 par\n|faint|p2a: Gear4BounceMan\n|move|p2b: Bon Clay|Brick Break|p1a: All-Might\ud83e\uddb8\u200d\u2642\ufe0f\n|-resisted|p1a: All-Might\ud83e\uddb8\u200d\u2642\ufe0f\n|-damage|p1a: All-Might\ud83e\uddb8\u200d\u2642\ufe0f|86\/100\n|\n|upkeep\n|\n|t:|1697936221\n|switch|p2a: Cascade|Garchomp, F, shiny|100\/100\n|turn|8\n|\n|t:|1697936240\n|move|p1b: Past Mothra\ud83e\udd8b|Earthquake|p2b: Bon Clay|[spread] p2a,p2b\n|-immune|p1a: All-Might\ud83e\uddb8\u200d\u2642\ufe0f\n|-damage|p2a: Cascade|74\/100\n|-damage|p2b: Bon Clay|0 fnt\n|faint|p2b: Bon Clay\n|move|p1a: All-Might\ud83e\uddb8\u200d\u2642\ufe0f|Dragon Claw|p2a: Cascade\n|-supereffective|p2a: Cascade\n|-damage|p2a: Cascade|0 fnt\n|-damage|p1a: All-Might\ud83e\uddb8\u200d\u2642\ufe0f|74\/100|[from] ability: Rough Skin|[of] p2a: Cascade\n|faint|p2a: Cascade\n|\n|upkeep\n|\n|t:|1697936254\n|switch|p2b: Chopper|Iron Leaves|100\/100\n|-enditem|p2b: Chopper|Booster Energy\n|-activate|p2b: Chopper|ability: Quark Drive|[fromitem]\n|-start|p2b: Chopper|quarkdriveatk\n|turn|9\n|\n|t:|1697936264\n|move|p1b: Past Mothra\ud83e\udd8b|Earthquake|p2b: Chopper|[spread] p2b\n|-immune|p1a: All-Might\ud83e\uddb8\u200d\u2642\ufe0f\n|-resisted|p2b: Chopper\n|-damage|p2b: Chopper|85\/100\n|move|p1a: All-Might\ud83e\uddb8\u200d\u2642\ufe0f|Dragon Claw|p2b: Chopper\n|-damage|p2b: Chopper|32\/100\n|move|p2b: Chopper|Leaf Blade|p1b: Past Mothra\ud83e\udd8b\n|-resisted|p1b: Past Mothra\ud83e\udd8b\n|-damage|p1b: Past Mothra\ud83e\udd8b|0 fnt\n|faint|p1b: Past Mothra\ud83e\udd8b\n|-end|p1b: Past Mothra\ud83e\udd8b|Protosynthesis|[silent]\n|\n|upkeep\n|\n|t:|1697936278\n|switch|p1b: Wolverine\ud83d\udde1|Sneasler, M, shiny, tera:Dark|34\/100\n|turn|10\n|\n|t:|1697936285\n|move|p1b: Wolverine\ud83d\udde1|Fake Out|p2b: Chopper\n|-damage|p2b: Chopper|16\/100\n|move|p1a: All-Might\ud83e\uddb8\u200d\u2642\ufe0f|Dragon Claw|p2b: Chopper\n|-damage|p2b: Chopper|0 fnt\n|faint|p2b: Chopper\n|-end|p2b: Chopper|Quark Drive|[silent]\n|\n|win|Telimonster0608\n","uploadtime":1697936295,"views":20,"p1id":"telimonster0608","p2id":"riastylis","formatid":"gen9doublesou","rating":0,"private":0,"password":""}