{"id":"gen9doublesou-1993927956","p1":"VikrThe","p2":"Otaku Waffle","format":"[Gen 9] Doubles OU","log":"|j|\u2606VikrThe\n|j|\u2606Otaku Waffle\n|t:|1700376975\n|gametype|doubles\n|player|p1|VikrThe|102|1358\n|player|p2|Otaku Waffle|shauntal|1489\n|teamsize|p1|6\n|teamsize|p2|6\n|gen|9\n|tier|[Gen 9] Doubles OU\n|rated|\n|rule|Species Clause: Limit one of each Pok\u00e9mon\n|rule|OHKO Clause: OHKO moves are banned\n|rule|Evasion Moves Clause: Evasion moves are banned\n|rule|Gravity Sleep Clause: The combination of sleep-inducing moves with imperfect accuracy and Gravity or Gigantamax Orbeetle are banned\n|rule|Endless Battle Clause: Forcing endless battles is banned\n|rule|HP Percentage Mod: HP is shown in percentages\n|clearpoke\n|poke|p1|Sinistcha|\n|poke|p1|Kommo-o, M|\n|poke|p1|Flutter Mane|\n|poke|p1|Cresselia, F|\n|poke|p1|Ogerpon-Hearthflame, F|\n|poke|p1|Rillaboom, M|\n|poke|p2|Torkoal, F|\n|poke|p2|Gastrodon, F|\n|poke|p2|Iron Hands|\n|poke|p2|Goodra-Hisui, F|\n|poke|p2|Farigiraf, F|\n|poke|p2|Diancie|\n|teampreview\n|\n|t:|1700376987\n|start\n|switch|p1a: Kommo-o|Kommo-o, M|100\/100\n|switch|p1b: Rillaboom|Rillaboom, M|100\/100\n|switch|p2a: Gastrodon|Gastrodon, F|100\/100\n|switch|p2b: Iron Hands|Iron Hands|100\/100\n|-fieldstart|move: Grassy Terrain|[from] ability: Grassy Surge|[of] p1b: Rillaboom\n|turn|1\n|\n|t:|1700377002\n|move|p1b: Rillaboom|Fake Out|p2b: Iron Hands\n|-damage|p2b: Iron Hands|92\/100\n|move|p1a: Kommo-o|Iron Defense|p1a: Kommo-o\n|-boost|p1a: Kommo-o|def|2\n|cant|p2b: Iron Hands|flinch\n|move|p2a: Gastrodon|Stealth Rock|p1b: Rillaboom\n|-sidestart|p1: VikrThe|move: Stealth Rock\n|\n|-heal|p2b: Iron Hands|98\/100|[from] Grassy Terrain\n|upkeep\n|turn|2\n|\n|t:|1700377016\n|move|p1a: Kommo-o|Iron Defense|p1a: Kommo-o\n|-boost|p1a: Kommo-o|def|2\n|move|p1b: Rillaboom|Wood Hammer|p2a: Gastrodon\n|-supereffective|p2a: Gastrodon\n|-damage|p2a: Gastrodon|0 fnt\n|faint|p2a: Gastrodon\n|-damage|p1b: Rillaboom|66\/100|[from] Recoil\n|move|p2b: Iron Hands|Ice Punch|p1b: Rillaboom\n|-supereffective|p1b: Rillaboom\n|-damage|p1b: Rillaboom|17\/100\n|\n|-heal|p1b: Rillaboom|23\/100|[from] Grassy Terrain\n|-heal|p2b: Iron Hands|100\/100|[from] Grassy Terrain\n|upkeep\n|\n|t:|1700377031\n|switch|p2a: Farigiraf|Farigiraf, F|100\/100\n|turn|3\n|\n|t:|1700377041\n|move|p1a: Kommo-o|Protect|p1a: Kommo-o\n|-singleturn|p1a: Kommo-o|Protect\n|move|p1b: Rillaboom|U-turn|p2a: Farigiraf\n|-supereffective|p2a: Farigiraf\n|-damage|p2a: Farigiraf|56\/100\n|\n|t:|1700377050\n|switch|p1b: Ogerpon|Ogerpon-Hearthflame, F|100\/100|[from] U-turn\n|-damage|p1b: Ogerpon|76\/100|[from] Stealth Rock\n|-ability|p1b: Ogerpon|Mold Breaker\n|move|p2b: Iron Hands|Ice Punch|p1b: Ogerpon\n|-damage|p1b: Ogerpon|35\/100\n|move|p2a: Farigiraf|Trick Room|p2a: Farigiraf\n|-fieldstart|move: Trick Room|[of] p2a: Farigiraf\n|\n|-heal|p2a: Farigiraf|62\/100|[from] Grassy Terrain\n|-heal|p1b: Ogerpon|41\/100|[from] Grassy Terrain\n|upkeep\n|turn|4\n|\n|t:|1700377068\n|move|p1b: Ogerpon|Spiky Shield|p1b: Ogerpon\n|-singleturn|p1b: Ogerpon|move: Protect\n|move|p2b: Iron Hands|Drain Punch|p1a: Kommo-o\n|-damage|p1a: Kommo-o|88\/100\n|move|p2a: Farigiraf|Dazzling Gleam|p1b: Ogerpon|[spread] p1a\n|-activate|p1b: Ogerpon|move: Protect\n|-supereffective|p1a: Kommo-o\n|-crit|p1a: Kommo-o\n|-damage|p1a: Kommo-o|11\/100\n|move|p1a: Kommo-o|Body Press|p2a: Farigiraf\n|-damage|p2a: Farigiraf|0 fnt\n|faint|p2a: Farigiraf\n|\n|-heal|p1a: Kommo-o|17\/100|[from] Grassy Terrain\n|-heal|p1a: Kommo-o|23\/100|[from] item: Leftovers\n|-heal|p1b: Ogerpon|47\/100|[from] Grassy Terrain\n|upkeep\n|\n|t:|1700377083\n|switch|p2a: Torkoal|Torkoal, F|100\/100\n|-weather|SunnyDay|[from] ability: Drought|[of] p2a: Torkoal\n|turn|5\n|\n|t:|1700377092\n|-end|p2b: Iron Hands|Quark Drive|[silent]\n|switch|p2b: Goodra|Goodra-Hisui, F|100\/100\n|switch|p1b: Sinistcha|Sinistcha|100\/100\n|-damage|p1b: Sinistcha|88\/100|[from] Stealth Rock\n|-heal|p1a: Kommo-o|48\/100|[from] ability: Hospitality|[of] p1b: Sinistcha\n|move|p1a: Kommo-o|Protect|p1a: Kommo-o\n|-singleturn|p1a: Kommo-o|Protect\n|move|p2a: Torkoal|Eruption|p1a: Kommo-o|[spread] p1b\n|-activate|p1a: Kommo-o|move: Protect\n|-supereffective|p1b: Sinistcha\n|-damage|p1b: Sinistcha|0 fnt\n|faint|p1b: Sinistcha\n|\n|-weather|SunnyDay|[upkeep]\n|-heal|p1a: Kommo-o|54\/100|[from] Grassy Terrain\n|-heal|p1a: Kommo-o|61\/100|[from] item: Leftovers\n|-fieldend|move: Grassy Terrain\n|upkeep\n|\n|t:|1700377115\n|switch|p1b: Rillaboom|Rillaboom, M|23\/100\n|-damage|p1b: Rillaboom|11\/100|[from] Stealth Rock\n|-fieldstart|move: Grassy Terrain|[from] ability: Grassy Surge|[of] p1b: Rillaboom\n|turn|6\n|\n|t:|1700377125\n|move|p2a: Torkoal|Protect|p2a: Torkoal\n|-singleturn|p2a: Torkoal|Protect\n|move|p1b: Rillaboom|Fake Out|p2a: Torkoal\n|-activate|p2a: Torkoal|move: Protect\n|move|p2b: Goodra|Curse|p2b: Goodra\n|-unboost|p2b: Goodra|spe|1\n|-boost|p2b: Goodra|atk|1\n|-boost|p2b: Goodra|def|1\n|move|p1a: Kommo-o|Body Press|p2a: Torkoal\n|-activate|p2a: Torkoal|move: Protect\n|\n|-weather|SunnyDay|[upkeep]\n|-heal|p1a: Kommo-o|67\/100|[from] Grassy Terrain\n|-heal|p1b: Rillaboom|17\/100|[from] Grassy Terrain\n|-heal|p1a: Kommo-o|73\/100|[from] item: Leftovers\n|upkeep\n|turn|7\n|\n|t:|1700377147\n|move|p2a: Torkoal|Eruption|p1b: Rillaboom|[spread] p1a,p1b\n|-resisted|p1a: Kommo-o\n|-supereffective|p1b: Rillaboom\n|-damage|p1a: Kommo-o|46\/100\n|-damage|p1b: Rillaboom|0 fnt\n|faint|p1b: Rillaboom\n|move|p2b: Goodra|Dragon Claw|p1a: Kommo-o\n|-supereffective|p1a: Kommo-o\n|-damage|p1a: Kommo-o|16\/100\n|move|p1a: Kommo-o|Body Press|p2b: Goodra\n|-supereffective|p2b: Goodra\n|-damage|p2b: Goodra|0 fnt\n|faint|p2b: Goodra\n|\n|-weather|SunnyDay|[upkeep]\n|-heal|p1a: Kommo-o|22\/100|[from] Grassy Terrain\n|-heal|p1a: Kommo-o|28\/100|[from] item: Leftovers\n|-fieldend|move: Trick Room\n|upkeep\n|\n|t:|1700377162\n|switch|p1b: Cresselia|Cresselia, F|100\/100\n|switch|p2b: Iron Hands|Iron Hands|100\/100\n|-damage|p1b: Cresselia|88\/100|[from] Stealth Rock\n|turn|8\n|\n|t:|1700377172\n|-terastallize|p2a: Torkoal|Fire\n|move|p1a: Kommo-o|Protect|p1a: Kommo-o\n|-singleturn|p1a: Kommo-o|Protect\n|move|p2b: Iron Hands|Fake Out|p1a: Kommo-o\n|-activate|p1a: Kommo-o|move: Protect\n|move|p1b: Cresselia|Lunar Blessing|p1b: Cresselia|[spread] p1a,p1b\n|-heal|p1a: Kommo-o|53\/100\n|-heal|p1b: Cresselia|100\/100\n|move|p2a: Torkoal|Eruption|p1b: Cresselia|[spread] p1b\n|-activate|p1a: Kommo-o|move: Protect\n|-damage|p1b: Cresselia|37\/100\n|\n|-weather|SunnyDay|[upkeep]\n|-heal|p1a: Kommo-o|59\/100|[from] Grassy Terrain\n|-heal|p1a: Kommo-o|65\/100|[from] item: Leftovers\n|-heal|p1b: Cresselia|43\/100|[from] item: Leftovers\n|upkeep\n|turn|9\n|\n|t:|1700377192\n|-end|p2b: Iron Hands|Quark Drive|[silent]\n|switch|p2b: Diancie|Diancie|100\/100\n|move|p2a: Torkoal|Protect|p2a: Torkoal\n|-singleturn|p2a: Torkoal|Protect\n|move|p1a: Kommo-o|Body Press|p2a: Torkoal\n|-activate|p2a: Torkoal|move: Protect\n|move|p1b: Cresselia|Lunar Blessing|p1b: Cresselia|[spread] p1a,p1b\n|-heal|p1a: Kommo-o|90\/100\n|-heal|p1b: Cresselia|68\/100\n|\n|-weather|none\n|-heal|p1a: Kommo-o|97\/100|[from] Grassy Terrain\n|-heal|p1a: Kommo-o|100\/100|[from] item: Leftovers\n|-heal|p1b: Cresselia|74\/100|[from] item: Leftovers\n|upkeep\n|turn|10\n|\n|t:|1700377208\n|switch|p2a: Iron Hands|Iron Hands|100\/100\n|move|p1b: Cresselia|Ally Switch|p1b: Cresselia\n|swap|p1b: Cresselia|0|[from] move: Ally Switch\n|move|p1b: Kommo-o|Body Press|p2a: Iron Hands\n|-damage|p2a: Iron Hands|42\/100\n|move|p2b: Diancie|Trick Room|p2b: Diancie\n|-fieldstart|move: Trick Room|[of] p2b: Diancie\n|\n|-heal|p2a: Iron Hands|48\/100|[from] Grassy Terrain\n|-heal|p1a: Cresselia|80\/100|[from] item: Leftovers\n|-fieldend|move: Grassy Terrain\n|upkeep\n|turn|11\n|\n|t:|1700377232\n|move|p1b: Kommo-o|Protect|p1b: Kommo-o\n|-singleturn|p1b: Kommo-o|Protect\n|move|p2a: Iron Hands|Fake Out|p1b: Kommo-o\n|-activate|p1b: Kommo-o|move: Protect\n|move|p2b: Diancie|Diamond Storm|p1b: Kommo-o|[spread] p1a\n|-activate|p1b: Kommo-o|move: Protect\n|-damage|p1a: Cresselia|58\/100\n|-boost|p2b: Diancie|def|2\n|move|p1a: Cresselia|Psychic|p2a: Iron Hands\n|-supereffective|p2a: Iron Hands\n|-damage|p2a: Iron Hands|16\/100\n|\n|-heal|p1a: Cresselia|64\/100|[from] item: Leftovers\n|upkeep\n|turn|12\n|\n|t:|1700377259\n|move|p1a: Cresselia|Helping Hand|p1b: Kommo-o\n|-singleturn|p1b: Kommo-o|Helping Hand|[of] p1a: Cresselia\n|move|p2b: Diancie|Encore|p1b: Kommo-o\n|-start|p1b: Kommo-o|Encore\n|move|p2a: Iron Hands|Ice Punch|p1b: Kommo-o\n|-supereffective|p1b: Kommo-o\n|-damage|p1b: Kommo-o|83\/100\n|move|p1b: Kommo-o|Protect||[still]\n|-fail|p1b: Kommo-o\n|\n|-heal|p1a: Cresselia|70\/100|[from] item: Leftovers\n|-heal|p1b: Kommo-o|89\/100|[from] item: Leftovers\n|upkeep\n|turn|13\n|\n|t:|1700377279\n|-end|p2a: Iron Hands|Quark Drive|[silent]\n|switch|p2a: Torkoal|Torkoal, F, tera:Fire|100\/100\n|-weather|SunnyDay|[from] ability: Drought|[of] p2a: Torkoal\n|move|p1b: Kommo-o|Protect|p1b: Kommo-o\n|-singleturn|p1b: Kommo-o|Protect\n|move|p2b: Diancie|Diamond Storm|p1b: Kommo-o|[spread] p1a\n|-activate|p1b: Kommo-o|move: Protect\n|-damage|p1a: Cresselia|48\/100\n|move|p1a: Cresselia|Psychic|p2a: Torkoal\n|-damage|p2a: Torkoal|66\/100\n|\n|-weather|SunnyDay|[upkeep]\n|-heal|p1a: Cresselia|54\/100|[from] item: Leftovers\n|-heal|p1b: Kommo-o|95\/100|[from] item: Leftovers\n|upkeep\n|turn|14\n|\n|t:|1700377307\n|move|p1b: Kommo-o|Protect||[still]\n|-fail|p1b: Kommo-o\n|move|p2a: Torkoal|Eruption|p1b: Kommo-o|[spread] p1a,p1b\n|-resisted|p1b: Kommo-o\n|-damage|p1a: Cresselia|14\/100\n|-damage|p1b: Kommo-o|69\/100\n|move|p2b: Diancie|Play Rough|p1b: Kommo-o\n|-supereffective|p1b: Kommo-o\n|-damage|p1b: Kommo-o|25\/100\n|move|p1a: Cresselia|Lunar Blessing|p1a: Cresselia|[spread] p1a,p1b\n|-heal|p1a: Cresselia|39\/100\n|-heal|p1b: Kommo-o|50\/100\n|\n|-weather|SunnyDay|[upkeep]\n|-heal|p1a: Cresselia|45\/100|[from] item: Leftovers\n|-heal|p1b: Kommo-o|56\/100|[from] item: Leftovers\n|-end|p1b: Kommo-o|Encore\n|-fieldend|move: Trick Room\n|upkeep\n|turn|15\n|c|\u2606Otaku Waffle|damn\n|c|\u2606Otaku Waffle|gg\n|-message|Otaku Waffle forfeited.\n|\n|win|VikrThe\n|raw|VikrThe's rating: 1358 &rarr; <strong>1385<\/strong><br \/>(+27 for winning)\n|raw|Otaku Waffle's rating: 1489 &rarr; <strong>1462<\/strong><br \/>(-27 for losing)\n|l|\u2606Otaku Waffle\n|c|\u2606VikrThe|Holy fuck\n","uploadtime":1700377341,"views":28,"p1id":"vikrthe","p2id":"otakuwaffle","formatid":"gen9doublesou","rating":1385,"private":0,"password":""}