{"id":"gen9doublesou-1995277072","p1":"Kittyredheart","p2":"silvaasunto","format":"[Gen 9] Doubles OU","log":"|j|\u2606Kittyredheart\n|j|\u2606silvaasunto\n|t:|1700545495\n|gametype|doubles\n|player|p1|Kittyredheart|elesa|1493\n|player|p2|silvaasunto|winona|1395\n|teamsize|p1|6\n|teamsize|p2|6\n|gen|9\n|tier|[Gen 9] Doubles OU\n|rated|\n|rule|Species Clause: Limit one of each Pok\u00e9mon\n|rule|OHKO Clause: OHKO moves are banned\n|rule|Evasion Moves Clause: Evasion moves are banned\n|rule|Gravity Sleep Clause: The combination of sleep-inducing moves with imperfect accuracy and Gravity or Gigantamax Orbeetle are banned\n|rule|Endless Battle Clause: Forcing endless battles is banned\n|rule|HP Percentage Mod: HP is shown in percentages\n|clearpoke\n|poke|p1|Chien-Pao|\n|poke|p1|Milotic, M|\n|poke|p1|Grimmsnarl, M|\n|poke|p1|Jirachi|\n|poke|p1|Landorus-Therian, M|\n|poke|p1|Ninetales-Alola, M|\n|poke|p2|Chien-Pao|\n|poke|p2|Baxcalibur, M|\n|poke|p2|Froslass, F|\n|poke|p2|Iron Bundle|\n|poke|p2|Abomasnow, M|\n|poke|p2|Ninetales-Alola, M|\n|teampreview\n|inactive|Battle timer is ON: inactive players will automatically lose when time's up. (requested by Kittyredheart)\n|\n|t:|1700545516\n|start\n|switch|p1a: Chicky Wicky|Grimmsnarl, M, shiny|100\/100\n|switch|p1b: Iron North|Ninetales-Alola, M|100\/100\n|switch|p2a: OBAMAsnow|Abomasnow, M|100\/100\n|switch|p2b: Yuh|Froslass, F|100\/100\n|-weather|Snow|[from] ability: Snow Warning|[of] p1b: Iron North\n|turn|1\n|\n|t:|1700545530\n|move|p1a: Chicky Wicky|Thunder Wave|p2a: OBAMAsnow\n|-status|p2a: OBAMAsnow|par\n|move|p2b: Yuh|Trick|p1a: Chicky Wicky\n|-activate|p2b: Yuh|move: Trick|[of] p1a: Chicky Wicky\n|-item|p1a: Chicky Wicky|Choice Scarf|[from] move: Trick\n|-item|p2b: Yuh|Wide Lens|[from] move: Trick\n|move|p1b: Iron North|Aurora Veil|p1b: Iron North\n|-sidestart|p1: Kittyredheart|move: Aurora Veil\n|move|p2a: OBAMAsnow|Aurora Veil|p2a: OBAMAsnow\n|-sidestart|p2: silvaasunto|move: Aurora Veil\n|\n|-weather|Snow|[upkeep]\n|upkeep\n|turn|2\n|\n|t:|1700545550\n|switch|p2b: Min-pao|Chien-Pao|100\/100\n|-ability|p2b: Min-pao|Sword of Ruin\n|switch|p2a: The same bundles..|Iron Bundle|100\/100\n|-enditem|p2a: The same bundles..|Booster Energy\n|-activate|p2a: The same bundles..|ability: Quark Drive|[fromitem]\n|-start|p2a: The same bundles..|quarkdrivespe\n|move|p1a: Chicky Wicky|Thunder Wave|p2b: Min-pao\n|-hint|Since gen 7, Dark is immune to Prankster moves.\n|-immune|p2b: Min-pao\n|move|p1b: Iron North|Encore||[still]\n|-fail|p1b: Iron North\n|\n|-weather|Snow|[upkeep]\n|upkeep\n|turn|3\n|\n|t:|1700545579\n|-end|p2a: The same bundles..|Quark Drive|[silent]\n|switch|p2a: OBAMAsnow|Abomasnow, M|100\/100 par\n|move|p1a: Chicky Wicky|Thunder Wave|p2a: OBAMAsnow\n|-fail|p2a: OBAMAsnow|par\n|move|p2b: Min-pao|Brick Break|p1b: Iron North\n|-sideend|p1: Kittyredheart|move: Aurora Veil\n|-damage|p1b: Iron North|68\/100\n|move|p1b: Iron North|Moonblast|p2b: Min-pao\n|-supereffective|p2b: Min-pao\n|-damage|p2b: Min-pao|26\/100\n|-enditem|p2b: Min-pao|Sitrus Berry|[eat]\n|-heal|p2b: Min-pao|51\/100|[from] item: Sitrus Berry\n|\n|-weather|Snow|[upkeep]\n|upkeep\n|turn|4\n|\n|t:|1700545609\n|switch|p2b: Yuh|Froslass, F|100\/100\n|switch|p1a: Cloud Terra|Landorus-Therian, M|100\/100\n|-ability|p1a: Cloud Terra|Intimidate|boost\n|-unboost|p2a: OBAMAsnow|atk|1\n|-unboost|p2b: Yuh|atk|1\n|move|p1b: Iron North|Aurora Veil|p1b: Iron North\n|-sidestart|p1: Kittyredheart|move: Aurora Veil\n|move|p2a: OBAMAsnow|Leech Seed|p1b: Iron North\n|-start|p1b: Iron North|move: Leech Seed\n|\n|-weather|Snow|[upkeep]\n|-damage|p1b: Iron North|56\/100|[from] Leech Seed|[of] p2a: OBAMAsnow\n|upkeep\n|turn|5\n|\n|t:|1700545625\n|switch|p1b: Iron Wish|Jirachi|100\/100\n|switch|p2a: Min-pao|Chien-Pao|51\/100\n|-ability|p2a: Min-pao|Sword of Ruin\n|move|p2b: Yuh|Blizzard|p1b: Iron Wish|[spread] p1a,p1b\n|-supereffective|p1a: Cloud Terra\n|-resisted|p1b: Iron Wish\n|-damage|p1a: Cloud Terra|11\/100\n|-damage|p1b: Iron Wish|93\/100\n|-enditem|p1a: Cloud Terra|Eject Button\n|\n|t:|1700545648\n|switch|p1a: Iron Fangs|Chien-Pao|100\/100\n|-ability|p1a: Iron Fangs|Sword of Ruin\n|\n|-weather|none\n|-heal|p1b: Iron Wish|99\/100|[from] item: Leftovers\n|upkeep\n|turn|6\n|inactive|Kittyredheart has 120 seconds left.\n|inactive|silvaasunto has 120 seconds left.\n|\n|t:|1700545699\n|switch|p2b: OBAMAsnow|Abomasnow, M|100\/100 par\n|-weather|Snow|[from] ability: Snow Warning|[of] p2b: OBAMAsnow\n|switch|p1b: Chicky Wicky|Grimmsnarl, M, shiny|100\/100\n|move|p2a: Min-pao|Brick Break|p1a: Iron Fangs\n|-sideend|p1: Kittyredheart|move: Aurora Veil\n|-supereffective|p1a: Iron Fangs\n|-damage|p1a: Iron Fangs|14\/100\n|move|p1a: Iron Fangs|Throat Chop|p2b: OBAMAsnow\n|-damage|p2b: OBAMAsnow|64\/100 par\n|-start|p2b: OBAMAsnow|Throat Chop|[silent]\n|\n|-weather|Snow|[upkeep]\n|upkeep\n|turn|7\n|inactive|Kittyredheart has 120 seconds left.\n|inactive|silvaasunto has 120 seconds left.\n|\n|t:|1700545721\n|switch|p1a: Cloud Terra|Landorus-Therian, M|11\/100\n|-ability|p1a: Cloud Terra|Intimidate|boost\n|-unboost|p2a: Min-pao|atk|1\n|-unboost|p2b: OBAMAsnow|atk|1\n|move|p1b: Chicky Wicky|Reflect|p1b: Chicky Wicky\n|-sidestart|p1: Kittyredheart|Reflect\n|move|p2a: Min-pao|Brick Break|p1a: Cloud Terra\n|-sideend|p1: Kittyredheart|Reflect\n|-resisted|p1a: Cloud Terra\n|-damage|p1a: Cloud Terra|0 fnt\n|faint|p1a: Cloud Terra\n|move|p2b: OBAMAsnow|Leech Seed|p1b: Chicky Wicky\n|-start|p1b: Chicky Wicky|move: Leech Seed\n|\n|-weather|Snow|[upkeep]\n|-damage|p1b: Chicky Wicky|88\/100|[from] Leech Seed|[of] p2b: OBAMAsnow\n|-heal|p2b: OBAMAsnow|75\/100 par|[silent]\n|-end|p2b: OBAMAsnow|Throat Chop|[silent]\n|upkeep\n|\n|t:|1700545739\n|switch|p1a: Iron North|Ninetales-Alola, M|56\/100\n|turn|8\n|inactive|Kittyredheart has 120 seconds left.\n|\n|t:|1700545758\n|switch|p2a: The same bundles..|Iron Bundle|100\/100\n|switch|p1b: Iron Wish|Jirachi|99\/100\n|move|p1a: Iron North|Moonblast|p2a: The same bundles..\n|-damage|p2a: The same bundles..|55\/100\n|-unboost|p2a: The same bundles..|spa|1\n|move|p2b: OBAMAsnow|Leech Seed|p1a: Iron North\n|-start|p1a: Iron North|move: Leech Seed\n|\n|-weather|Snow|[upkeep]\n|-heal|p1b: Iron Wish|100\/100|[from] item: Leftovers\n|-damage|p1a: Iron North|44\/100|[from] Leech Seed|[of] p2b: OBAMAsnow\n|-heal|p2b: OBAMAsnow|84\/100 par|[silent]\n|-sideend|p2: silvaasunto|move: Aurora Veil\n|upkeep\n|turn|9\n|\n|t:|1700545777\n|switch|p1a: Aqua Marine|Milotic, M|100\/100\n|move|p2a: The same bundles..|Flip Turn|p1a: Aqua Marine\n|-resisted|p1a: Aqua Marine\n|-damage|p1a: Aqua Marine|93\/100\n|\n|t:|1700545784\n|-end|p2a: The same bundles..|Quark Drive|[silent]\n|switch|p2a: Yuh|Froslass, F|100\/100|[from] Flip Turn\n|move|p1b: Iron Wish|Wish|p1b: Iron Wish\n|move|p2b: OBAMAsnow|Leech Seed|p1b: Iron Wish\n|-start|p1b: Iron Wish|move: Leech Seed\n|\n|-weather|Snow|[upkeep]\n|-damage|p1b: Iron Wish|88\/100|[from] Leech Seed|[of] p2b: OBAMAsnow\n|-heal|p2b: OBAMAsnow|95\/100 par|[silent]\n|upkeep\n|turn|10\n|\n|t:|1700545801\n|switch|p1b: Iron North|Ninetales-Alola, M|44\/100\n|move|p2a: Yuh|Shadow Ball|p1b: Iron North\n|-damage|p1b: Iron North|8\/100\n|-unboost|p1b: Iron North|spd|1\n|move|p1a: Aqua Marine|Hypnosis|p2a: Yuh|[miss]\n|-miss|p1a: Aqua Marine|p2a: Yuh\n|move|p2b: OBAMAsnow|Aurora Veil|p2b: OBAMAsnow\n|-sidestart|p2: silvaasunto|move: Aurora Veil\n|\n|-weather|none\n|-heal|p1b: Iron North|67\/100|[from] move: Wish|[wisher] Iron Wish\n|upkeep\n|turn|11\n|\n|t:|1700545827\n|move|p2a: Yuh|Shadow Ball|p1b: Iron North\n|-damage|p1b: Iron North|13\/100\n|move|p1b: Iron North|Encore|p2b: OBAMAsnow\n|-start|p2b: OBAMAsnow|Encore\n|move|p1a: Aqua Marine|Coil|p1a: Aqua Marine\n|-boost|p1a: Aqua Marine|atk|1\n|-boost|p1a: Aqua Marine|def|1\n|-boost|p1a: Aqua Marine|accuracy|1\n|move|p2b: OBAMAsnow|Aurora Veil||[still]\n|-fail|p2b: OBAMAsnow\n|\n|upkeep\n|turn|12\n|\n|t:|1700545845\n|switch|p1b: Chicky Wicky|Grimmsnarl, M, shiny|88\/100\n|switch|p2b: The same bundles..|Iron Bundle|55\/100\n|move|p2a: Yuh|Shadow Ball|p1b: Chicky Wicky\n|-resisted|p1b: Chicky Wicky\n|-damage|p1b: Chicky Wicky|74\/100\n|move|p1a: Aqua Marine|Coil|p1a: Aqua Marine\n|-boost|p1a: Aqua Marine|atk|1\n|-boost|p1a: Aqua Marine|def|1\n|-boost|p1a: Aqua Marine|accuracy|1\n|\n|upkeep\n|turn|13\n|inactive|silvaasunto has 120 seconds left.\n|\n|t:|1700545885\n|switch|p2a: OBAMAsnow|Abomasnow, M|95\/100 par\n|-weather|Snow|[from] ability: Snow Warning|[of] p2a: OBAMAsnow\n|move|p1b: Chicky Wicky|Light Screen|p1b: Chicky Wicky\n|-sidestart|p1: Kittyredheart|move: Light Screen\n|move|p2b: The same bundles..|Encore|p1a: Aqua Marine\n|-start|p1a: Aqua Marine|Encore\n|move|p1a: Aqua Marine|Coil|p1a: Aqua Marine\n|-boost|p1a: Aqua Marine|atk|1\n|-boost|p1a: Aqua Marine|def|1\n|-boost|p1a: Aqua Marine|accuracy|1\n|\n|-weather|Snow|[upkeep]\n|upkeep\n|turn|14\n|\n|t:|1700545903\n|-end|p2b: The same bundles..|Quark Drive|[silent]\n|switch|p2b: Min-pao|Chien-Pao|51\/100\n|-ability|p2b: Min-pao|Sword of Ruin\n|switch|p1b: Iron North|Ninetales-Alola, M|13\/100\n|switch|p1a: Iron Wish|Jirachi|88\/100\n|move|p2a: OBAMAsnow|Leech Seed|p1b: Iron North|[miss]\n|-miss|p2a: OBAMAsnow|p1b: Iron North\n|\n|-weather|Snow|[upkeep]\n|-heal|p1a: Iron Wish|94\/100|[from] item: Leftovers\n|upkeep\n|turn|15\n|\n|t:|1700545928\n|switch|p1b: Chicky Wicky|Grimmsnarl, M, shiny|74\/100\n|-terastallize|p1a: Iron Wish|Dark\n|move|p2b: Min-pao|Brick Break|p1b: Chicky Wicky\n|-sideend|p1: Kittyredheart|move: Light Screen\n|-damage|p1b: Chicky Wicky|38\/100\n|move|p1a: Iron Wish|Fire Punch|p2b: Min-pao\n|-supereffective|p2b: Min-pao\n|-damage|p2b: Min-pao|31\/100\n|move|p2a: OBAMAsnow|Leech Seed|p1a: Iron Wish\n|-start|p1a: Iron Wish|move: Leech Seed\n|\n|-weather|Snow|[upkeep]\n|-heal|p1a: Iron Wish|100\/100|[from] item: Leftovers\n|-damage|p1a: Iron Wish|88\/100|[from] Leech Seed|[of] p2a: OBAMAsnow\n|-heal|p2a: OBAMAsnow|100\/100 par|[silent]\n|upkeep\n|turn|16\n|\n|t:|1700545953\n|switch|p1a: Aqua Marine|Milotic, M|93\/100\n|move|p1b: Chicky Wicky|Reflect|p1b: Chicky Wicky\n|-sidestart|p1: Kittyredheart|Reflect\n|move|p2b: Min-pao|Brick Break|p1a: Aqua Marine\n|-sideend|p1: Kittyredheart|Reflect\n|-damage|p1a: Aqua Marine|62\/100\n|move|p2a: OBAMAsnow|Blizzard|p1b: Chicky Wicky|[spread] p1a,p1b\n|-resisted|p1a: Aqua Marine\n|-damage|p1a: Aqua Marine|53\/100\n|-damage|p1b: Chicky Wicky|13\/100\n|-status|p1b: Chicky Wicky|frz\n|\n|-weather|Snow|[upkeep]\n|upkeep\n|turn|17\n|inactive|silvaasunto has 120 seconds left.\n|\n|t:|1700545987\n|cant|p1b: Chicky Wicky|frz\n|move|p2b: Min-pao|Crunch|p1a: Aqua Marine\n|-damage|p1a: Aqua Marine|2\/100\n|move|p1a: Aqua Marine|Rest|p1a: Aqua Marine\n|-status|p1a: Aqua Marine|slp|[from] move: Rest\n|-heal|p1a: Aqua Marine|100\/100 slp|[silent]\n|-enditem|p1a: Aqua Marine|Chesto Berry|[eat]\n|-curestatus|p1a: Aqua Marine|slp|[msg]\n|move|p2a: OBAMAsnow|Giga Drain|p1a: Aqua Marine\n|-supereffective|p1a: Aqua Marine\n|-damage|p1a: Aqua Marine|72\/100\n|\n|-weather|none\n|-sideend|p2: silvaasunto|move: Aurora Veil\n|upkeep\n|turn|18\n|\n|t:|1700546003\n|cant|p1b: Chicky Wicky|frz\n|move|p2b: Min-pao|Crunch|p1a: Aqua Marine\n|-damage|p1a: Aqua Marine|25\/100\n|-unboost|p1a: Aqua Marine|def|1\n|-ability|p1a: Aqua Marine|Competitive|boost\n|-boost|p1a: Aqua Marine|spa|2\n|move|p1a: Aqua Marine|Hypnosis|p2b: Min-pao|[miss]\n|-miss|p1a: Aqua Marine|p2b: Min-pao\n|move|p2a: OBAMAsnow|Giga Drain|p1a: Aqua Marine\n|-supereffective|p1a: Aqua Marine\n|-damage|p1a: Aqua Marine|0 fnt\n|faint|p1a: Aqua Marine\n|\n|upkeep\n|\n|t:|1700546019\n|switch|p1a: Iron Fangs|Chien-Pao|14\/100\n|-ability|p1a: Iron Fangs|Sword of Ruin\n|turn|19\n|\n|t:|1700546028\n|-curestatus|p1b: Chicky Wicky|frz|[msg]\n|move|p1b: Chicky Wicky|Reflect|p1b: Chicky Wicky\n|-sidestart|p1: Kittyredheart|Reflect\n|move|p2b: Min-pao|Brick Break|p1a: Iron Fangs\n|-sideend|p1: Kittyredheart|Reflect\n|-supereffective|p1a: Iron Fangs\n|-damage|p1a: Iron Fangs|0 fnt\n|faint|p1a: Iron Fangs\n|move|p2a: OBAMAsnow|Giga Drain|p1b: Chicky Wicky\n|-damage|p1b: Chicky Wicky|0 fnt\n|faint|p1b: Chicky Wicky\n|\n|upkeep\n|\n|t:|1700546035\n|switch|p1a: Iron Wish|Jirachi, tera:Dark|88\/100\n|switch|p1b: Iron North|Ninetales-Alola, M|13\/100\n|-weather|Snow|[from] ability: Snow Warning|[of] p1b: Iron North\n|turn|20\n|\n|t:|1700546046\n|move|p2b: Min-pao|Brick Break|p1b: Iron North\n|-damage|p1b: Iron North|0 fnt\n|faint|p1b: Iron North\n|move|p1a: Iron Wish|Fire Punch|p2a: OBAMAsnow\n|-supereffective|p2a: OBAMAsnow\n|-damage|p2a: OBAMAsnow|42\/100 par\n|move|p2a: OBAMAsnow|Leech Seed|p1a: Iron Wish\n|-start|p1a: Iron Wish|move: Leech Seed\n|\n|-weather|Snow|[upkeep]\n|-heal|p1a: Iron Wish|94\/100|[from] item: Leftovers\n|-damage|p1a: Iron Wish|82\/100|[from] Leech Seed|[of] p2a: OBAMAsnow\n|-heal|p2a: OBAMAsnow|53\/100 par|[silent]\n|upkeep\n|turn|21\n|c|\u2606silvaasunto|It was fun ngl\n|\n|t:|1700546061\n|move|p2b: Min-pao|Brick Break|p1a: Iron Wish\n|-supereffective|p1a: Iron Wish\n|-damage|p1a: Iron Wish|31\/100\n|move|p1a: Iron Wish|Fire Punch|p2a: OBAMAsnow\n|-supereffective|p2a: OBAMAsnow\n|-damage|p2a: OBAMAsnow|0 fnt\n|faint|p2a: OBAMAsnow\n|\n|-weather|Snow|[upkeep]\n|-heal|p1a: Iron Wish|37\/100|[from] item: Leftovers\n|upkeep\n|-message|Kittyredheart forfeited.\n|\n|win|silvaasunto\n|raw|Kittyredheart's rating: 1493 &rarr; <strong>1468<\/strong><br \/>(-25 for losing)\n|raw|silvaasunto's rating: 1395 &rarr; <strong>1420<\/strong><br \/>(+25 for winning)\n|l|\u2606Kittyredheart\n","uploadtime":1700546080,"views":11,"p1id":"kittyredheart","p2id":"silvaasunto","formatid":"gen9doublesou","rating":1420,"private":0,"password":""}