{"id":"gen9doublesou-1992130530","p1":"Mr. Alola Tales","p2":"Rainydayrobber521","format":"[Gen 9] Doubles OU","log":"|j|\u2606Mr. Alola Tales\n|j|\u2606Rainydayrobber521\n|t:|1700157566\n|gametype|doubles\n|player|p1|Mr. Alola Tales|archer|1418\n|player|p2|Rainydayrobber521|burglar|1420\n|teamsize|p1|6\n|teamsize|p2|6\n|gen|9\n|tier|[Gen 9] Doubles OU\n|rated|\n|rule|Species Clause: Limit one of each Pok\u00e9mon\n|rule|OHKO Clause: OHKO moves are banned\n|rule|Evasion Moves Clause: Evasion moves are banned\n|rule|Gravity Sleep Clause: The combination of sleep-inducing moves with imperfect accuracy and Gravity or Gigantamax Orbeetle are banned\n|rule|Endless Battle Clause: Forcing endless battles is banned\n|rule|HP Percentage Mod: HP is shown in percentages\n|clearpoke\n|poke|p1|Dusclops, F|\n|poke|p1|Ursaluna-Bloodmoon, M|\n|poke|p1|Ogerpon-Cornerstone, F|\n|poke|p1|Chi-Yu|\n|poke|p1|Iron Hands|\n|poke|p1|Landorus-Therian, M|\n|poke|p2|Grimmsnarl, M|\n|poke|p2|Farigiraf, F|\n|poke|p2|Mamoswine, M|\n|poke|p2|Basculegion-F, F|\n|poke|p2|Torkoal, M|\n|poke|p2|Sinistcha|\n|teampreview\n|\n|t:|1700157586\n|start\n|switch|p1a: Iron Hands|Iron Hands|100\/100\n|switch|p1b: Landorus|Landorus-Therian, M|100\/100\n|switch|p2a: Sinistcha|Sinistcha|100\/100\n|switch|p2b: Mamoswine|Mamoswine, M|100\/100\n|-ability|p1b: Landorus|Intimidate|boost\n|-unboost|p2a: Sinistcha|atk|1\n|-fail|p2b: Mamoswine|unboost|Attack|[from] ability: Oblivious|[of] p2b: Mamoswine\n|turn|1\n|inactive|Battle timer is ON: inactive players will automatically lose when time's up. (requested by Mr. Alola Tales)\n|inactive|Mr. Alola Tales has 120 seconds left.\n|\n|t:|1700157625\n|move|p1a: Iron Hands|Fake Out|p2b: Mamoswine\n|-damage|p2b: Mamoswine|81\/100\n|move|p1b: Landorus|Stomping Tantrum|p2b: Mamoswine\n|-damage|p2b: Mamoswine|31\/100\n|cant|p2b: Mamoswine|flinch\n|move|p2a: Sinistcha|Matcha Gotcha|p1a: Iron Hands|[spread] p1a,p1b\n|-damage|p1a: Iron Hands|81\/100\n|-damage|p1b: Landorus|60\/100\n|\n|upkeep\n|turn|2\n|\n|t:|1700157644\n|move|p2a: Sinistcha|Rage Powder|p2a: Sinistcha\n|-singleturn|p2a: Sinistcha|move: Rage Powder\n|move|p1b: Landorus|Stomping Tantrum|p2a: Sinistcha\n|-resisted|p2a: Sinistcha\n|-damage|p2a: Sinistcha|80\/100\n|move|p2b: Mamoswine|Trailblaze|p1a: Iron Hands\n|-damage|p1a: Iron Hands|71\/100\n|-boost|p2b: Mamoswine|spe|1\n|move|p1a: Iron Hands|Ice Punch|p2a: Sinistcha\n|-supereffective|p2a: Sinistcha\n|-damage|p2a: Sinistcha|20\/100\n|\n|-heal|p2a: Sinistcha|26\/100|[from] item: Leftovers\n|upkeep\n|turn|3\n|\n|t:|1700157668\n|switch|p1b: Chi-Yu|Chi-Yu|100\/100\n|-ability|p1b: Chi-Yu|Beads of Ruin\n|move|p2a: Sinistcha|Rage Powder|p2a: Sinistcha\n|-singleturn|p2a: Sinistcha|move: Rage Powder\n|move|p2b: Mamoswine|High Horsepower|p1a: Iron Hands\n|-supereffective|p1a: Iron Hands\n|-damage|p1a: Iron Hands|8\/100\n|move|p1a: Iron Hands|Volt Switch|p2a: Sinistcha\n|-resisted|p2a: Sinistcha\n|-damage|p2a: Sinistcha|16\/100\n|\n|t:|1700157679\n|-end|p1a: Iron Hands|Quark Drive|[silent]\n|switch|p1a: Landorus|Landorus-Therian, M|60\/100|[from] Volt Switch\n|-ability|p1a: Landorus|Intimidate|boost\n|-unboost|p2a: Sinistcha|atk|1\n|-fail|p2b: Mamoswine|unboost|Attack|[from] ability: Oblivious|[of] p2b: Mamoswine\n|\n|-heal|p2a: Sinistcha|22\/100|[from] item: Leftovers\n|upkeep\n|turn|4\n|\n|t:|1700157697\n|move|p2a: Sinistcha|Rage Powder|p2a: Sinistcha\n|-singleturn|p2a: Sinistcha|move: Rage Powder\n|move|p2b: Mamoswine|Rock Blast|p1b: Chi-Yu\n|-supereffective|p1b: Chi-Yu\n|-crit|p1b: Chi-Yu\n|-damage|p1b: Chi-Yu|57\/100\n|-supereffective|p1b: Chi-Yu\n|-damage|p1b: Chi-Yu|27\/100\n|-supereffective|p1b: Chi-Yu\n|-damage|p1b: Chi-Yu|0 fnt\n|faint|p1b: Chi-Yu\n|-hitcount|p1: Chi-Yu|3\n|move|p1a: Landorus|Rock Slide|p2a: Sinistcha|[spread] p2a,p2b\n|-damage|p2a: Sinistcha|2\/100\n|-damage|p2b: Mamoswine|3\/100\n|\n|-heal|p2a: Sinistcha|8\/100|[from] item: Leftovers\n|upkeep\n|\n|t:|1700157716\n|switch|p1b: Dusclops|Dusclops, F|100\/100\n|-item|p2a: Sinistcha|Leftovers|[from] ability: Frisk|[of] p1b: Dusclops|[identify]\n|-item|p2b: Mamoswine|Loaded Dice|[from] ability: Frisk|[of] p1b: Dusclops|[identify]\n|turn|5\n|\n|t:|1700157732\n|move|p1b: Dusclops|Shadow Sneak|p2b: Mamoswine\n|-damage|p2b: Mamoswine|0 fnt\n|faint|p2b: Mamoswine\n|move|p1a: Landorus|Rock Slide|p2a: Sinistcha\n|-damage|p2a: Sinistcha|0 fnt\n|faint|p2a: Sinistcha\n|\n|upkeep\n|\n|t:|1700157745\n|switch|p2b: Sous chef|Farigiraf, F|100\/100\n|switch|p2a: Basculegion|Basculegion-F, F|100\/100\n|turn|6\n|\n|t:|1700157766\n|switch|p1a: Ogerpon|Ogerpon-Cornerstone, F|100\/100\n|move|p1b: Dusclops|Shadow Sneak||[still]\n|cant|p2b: Sous chef|ability: Armor Tail|Shadow Sneak|[of] p1b: Dusclops\n|move|p2a: Basculegion|Flip Turn|p1a: Ogerpon\n|-damage|p1a: Ogerpon|57\/100\n|\n|t:|1700157779\n|switch|p2a: Torkoal|Torkoal, M|100\/100|[from] Flip Turn\n|-weather|SunnyDay|[from] ability: Drought|[of] p2a: Torkoal\n|move|p2b: Sous chef|Trick Room|p2b: Sous chef\n|-fieldstart|move: Trick Room|[of] p2b: Sous chef\n|\n|-weather|SunnyDay|[upkeep]\n|upkeep\n|turn|7\n|\n|t:|1700157795\n|move|p1a: Ogerpon|Spiky Shield|p1a: Ogerpon\n|-singleturn|p1a: Ogerpon|move: Protect\n|move|p2a: Torkoal|Eruption|p1b: Dusclops|[spread] p1b\n|-activate|p1a: Ogerpon|move: Protect\n|-damage|p1b: Dusclops|20\/100\n|-enditem|p1b: Dusclops|Sitrus Berry|[eat]\n|-heal|p1b: Dusclops|45\/100|[from] item: Sitrus Berry\n|move|p2b: Sous chef|Hyper Voice|p1a: Ogerpon|[spread] \n|-activate|p1a: Ogerpon|move: Protect\n|-immune|p1b: Dusclops\n|move|p1b: Dusclops|Trick Room|p1b: Dusclops\n|-fieldend|move: Trick Room\n|\n|-weather|SunnyDay|[upkeep]\n|upkeep\n|turn|8\n|inactive|Mr. Alola Tales has 120 seconds left.\n|\n|t:|1700157826\n|switch|p1b: Ursaluna|Ursaluna-Bloodmoon, M|100\/100\n|switch|p2a: Bartender|Grimmsnarl, M|100\/100\n|move|p1a: Ogerpon|Ivy Cudgel|p2a: Bartender|[anim] Ivy Cudgel Rock\n|-damage|p2a: Bartender|26\/100\n|move|p2b: Sous chef|Hyper Voice|p1b: Ursaluna|[spread] p1a,p1b\n|-resisted|p1a: Ogerpon\n|-damage|p1a: Ogerpon|36\/100\n|-damage|p1b: Ursaluna|65\/100\n|-enditem|p2b: Sous chef|Throat Spray\n|-boost|p2b: Sous chef|spa|1|[from] item: Throat Spray\n|\n|-weather|SunnyDay|[upkeep]\n|upkeep\n|turn|9\n|\n|t:|1700157851\n|move|p2a: Bartender|Fake Out|p1a: Ogerpon\n|-resisted|p1a: Ogerpon\n|-damage|p1a: Ogerpon|26\/100\n|cant|p1a: Ogerpon|flinch\n|move|p1b: Ursaluna|Blood Moon|p2b: Sous chef\n|-damage|p2b: Sous chef|21\/100\n|move|p2b: Sous chef|Trick Room|p2b: Sous chef\n|-fieldstart|move: Trick Room|[of] p2b: Sous chef\n|\n|-weather|SunnyDay|[upkeep]\n|upkeep\n|turn|10\n|inactive|Rainydayrobber521 has 120 seconds left.\n|\n|t:|1700157890\n|move|p2b: Sous chef|Hyper Voice|p1a: Ogerpon|[spread] p1a,p1b\n|-resisted|p1a: Ogerpon\n|-damage|p1a: Ogerpon|0 fnt\n|-damage|p1b: Ursaluna|3\/100\n|faint|p1a: Ogerpon\n|move|p1b: Ursaluna|Hyper Voice|p2a: Bartender|[spread] p2a,p2b\n|-damage|p2a: Bartender|0 fnt\n|-damage|p2b: Sous chef|0 fnt\n|faint|p2a: Bartender\n|faint|p2b: Sous chef\n|-enditem|p1b: Ursaluna|Throat Spray\n|-boost|p1b: Ursaluna|spa|1|[from] item: Throat Spray\n|\n|-weather|none\n|upkeep\n|\n|t:|1700157910\n|switch|p2b: Torkoal|Torkoal, M|100\/100\n|switch|p2a: Basculegion|Basculegion-F, F|100\/100\n|switch|p1a: Iron Hands|Iron Hands|8\/100\n|-weather|SunnyDay|[from] ability: Drought|[of] p2b: Torkoal\n|turn|11\n|inactive|Rainydayrobber521 has 120 seconds left.\n|\n|t:|1700157960\n|move|p1a: Iron Hands|Fake Out|p2b: Torkoal\n|-damage|p2b: Torkoal|88\/100\n|cant|p2b: Torkoal|flinch\n|move|p1b: Ursaluna|Hyper Voice|p2b: Torkoal|[spread] p2a,p2b\n|-damage|p2a: Basculegion|36\/100\n|-damage|p2b: Torkoal|6\/100\n|move|p2a: Basculegion|Last Respects|p1a: Iron Hands\n|-damage|p1a: Iron Hands|0 fnt\n|faint|p1a: Iron Hands\n|-end|p1a: Iron Hands|Quark Drive|[silent]\n|\n|-weather|SunnyDay|[upkeep]\n|upkeep\n|inactive|Mr. Alola Tales has 120 seconds left.\n|\n|t:|1700157972\n|switch|p1a: Dusclops|Dusclops, F|45\/100\n|-item|p2a: Basculegion|Choice Scarf|[from] ability: Frisk|[of] p1a: Dusclops|[identify]\n|-item|p2b: Torkoal|Charcoal|[from] ability: Frisk|[of] p1a: Dusclops|[identify]\n|turn|12\n|inactive|Rainydayrobber521 has 120 seconds left.\n|\n|t:|1700157992\n|-terastallize|p2a: Basculegion|Water\n|move|p1a: Dusclops|Shadow Sneak|p2b: Torkoal\n|-damage|p2b: Torkoal|0 fnt\n|faint|p2b: Torkoal\n|move|p1b: Ursaluna|Hyper Voice|p2a: Basculegion\n|-damage|p2a: Basculegion|0 fnt\n|faint|p2a: Basculegion\n|\n|win|Mr. Alola Tales\n|raw|Mr. Alola Tales's rating: 1418 &rarr; <strong>1438<\/strong><br \/>(+20 for winning)\n|raw|Rainydayrobber521's rating: 1420 &rarr; <strong>1400<\/strong><br \/>(-20 for losing)\n","uploadtime":1700158001,"views":6,"p1id":"mralolatales","p2id":"rainydayrobber521","formatid":"gen9doublesou","rating":1400,"private":0,"password":""}