{"id":"gen9doublesou-1993378824","p1":"omegaglitch444","p2":"Kiky14","format":"[Gen 9] Doubles OU","log":"|j|\u2606omegaglitch444\n|j|\u2606Kiky14\n|t:|1700309055\n|gametype|doubles\n|player|p1|omegaglitch444|nate|1393\n|player|p2|Kiky14|hilda-wonderlauncher|1489\n|teamsize|p1|6\n|teamsize|p2|6\n|gen|9\n|tier|[Gen 9] Doubles OU\n|rated|\n|rule|Species Clause: Limit one of each Pok\u00e9mon\n|rule|OHKO Clause: OHKO moves are banned\n|rule|Evasion Moves Clause: Evasion moves are banned\n|rule|Gravity Sleep Clause: The combination of sleep-inducing moves with imperfect accuracy and Gravity or Gigantamax Orbeetle are banned\n|rule|Endless Battle Clause: Forcing endless battles is banned\n|rule|HP Percentage Mod: HP is shown in percentages\n|clearpoke\n|poke|p1|Ogerpon-Wellspring, F|\n|poke|p1|Pelipper, F|\n|poke|p1|Chien-Pao|\n|poke|p1|Rillaboom, M|\n|poke|p1|Kommo-o, F|\n|poke|p1|Fezandipiti, M|\n|poke|p2|Sinistcha|\n|poke|p2|Moltres-Galar|\n|poke|p2|Arcanine-Hisui, F|\n|poke|p2|Ogerpon-Wellspring, F|\n|poke|p2|Klefki, M|\n|poke|p2|Landorus-Therian, M|\n|teampreview\n|\n|t:|1700309082\n|start\n|switch|p1a: Ogerpon|Ogerpon-Wellspring, F|100\/100\n|switch|p1b: Pelipper|Pelipper, F|100\/100\n|switch|p2a: Landorus|Landorus-Therian, M|100\/100\n|switch|p2b: Klefki|Klefki, M|100\/100\n|-ability|p2a: Landorus|Intimidate|boost\n|-unboost|p1a: Ogerpon|atk|1\n|-unboost|p1b: Pelipper|atk|1\n|-weather|RainDance|[from] ability: Drizzle|[of] p1b: Pelipper\n|turn|1\n|\n|t:|1700309119\n|move|p1a: Ogerpon|Spiky Shield|p1a: Ogerpon\n|-singleturn|p1a: Ogerpon|move: Protect\n|move|p2b: Klefki|Reflect|p2b: Klefki\n|-sidestart|p2: Kiky14|Reflect\n|move|p2a: Landorus|U-turn|p1a: Ogerpon\n|-activate|p1a: Ogerpon|move: Protect\n|-damage|p2a: Landorus|88\/100|[from] Spiky Shield|[of] p1a: Ogerpon\n|move|p1b: Pelipper|Icy Wind|p2b: Klefki|[spread] p2a,p2b\n|-supereffective|p2a: Landorus\n|-resisted|p2b: Klefki\n|-damage|p2a: Landorus|42\/100\n|-damage|p2b: Klefki|96\/100\n|-unboost|p2a: Landorus|spe|1\n|-unboost|p2b: Klefki|spe|1\n|\n|-weather|RainDance|[upkeep]\n|upkeep\n|turn|2\n|\n|t:|1700309150\n|switch|p2a: Ogerpon|Ogerpon-Wellspring, F|100\/100\n|move|p2b: Klefki|Light Screen|p2b: Klefki\n|-sidestart|p2: Kiky14|move: Light Screen\n|move|p1a: Ogerpon|Ivy Cudgel|p2a: Ogerpon|[anim] Ivy Cudgel Water\n|-immune|p2a: Ogerpon|[from] ability: Water Absorb\n|move|p1b: Pelipper|Surf|p2a: Ogerpon|[spread] p2b\n|-immune|p1a: Ogerpon|[from] ability: Water Absorb\n|-immune|p2a: Ogerpon|[from] ability: Water Absorb\n|-crit|p2b: Klefki\n|-damage|p2b: Klefki|46\/100\n|\n|-weather|RainDance|[upkeep]\n|upkeep\n|turn|3\n|\n|t:|1700309193\n|move|p1a: Ogerpon|Spiky Shield|p1a: Ogerpon\n|-singleturn|p1a: Ogerpon|move: Protect\n|move|p2b: Klefki|Thunder Wave|p1a: Ogerpon\n|-activate|p1a: Ogerpon|move: Protect\n|move|p2a: Ogerpon|Leech Seed|p1b: Pelipper\n|-start|p1b: Pelipper|move: Leech Seed\n|move|p1b: Pelipper|Icy Wind|p2a: Ogerpon|[spread] p2a,p2b\n|-resisted|p2b: Klefki\n|-damage|p2a: Ogerpon|96\/100\n|-damage|p2b: Klefki|43\/100\n|-unboost|p2a: Ogerpon|spe|1\n|-unboost|p2b: Klefki|spe|1\n|\n|-weather|RainDance|[upkeep]\n|-damage|p1b: Pelipper|88\/100|[from] Leech Seed|[of] p2a: Ogerpon\n|-heal|p2a: Ogerpon|100\/100|[silent]\n|upkeep\n|turn|4\n|\n|t:|1700309227\n|move|p2b: Klefki|Thunder Wave|p1a: Ogerpon\n|-status|p1a: Ogerpon|par\n|move|p2a: Ogerpon|Wood Hammer|p1a: Ogerpon\n|-damage|p1a: Ogerpon|22\/100 par\n|-damage|p2a: Ogerpon|75\/100|[from] Recoil\n|move|p1b: Pelipper|U-turn|p2a: Ogerpon\n|-supereffective|p2a: Ogerpon\n|-damage|p2a: Ogerpon|66\/100\n|\n|t:|1700309242\n|switch|p1b: Chien-Pao|Chien-Pao|100\/100|[from] U-turn\n|-ability|p1b: Chien-Pao|Sword of Ruin\n|move|p1a: Ogerpon|Wood Hammer|p2a: Ogerpon\n|-damage|p2a: Ogerpon|21\/100\n|-damage|p1a: Ogerpon|7\/100 par|[from] Recoil\n|\n|-weather|RainDance|[upkeep]\n|upkeep\n|turn|5\n|\n|t:|1700309263\n|move|p2a: Ogerpon|Spiky Shield|p2a: Ogerpon\n|-singleturn|p2a: Ogerpon|move: Protect\n|cant|p1a: Ogerpon|par\n|move|p1b: Chien-Pao|Icicle Crash|p2a: Ogerpon\n|-activate|p2a: Ogerpon|move: Protect\n|move|p2b: Klefki|Dazzling Gleam|p1a: Ogerpon|[spread] p1a,p1b\n|-supereffective|p1b: Chien-Pao\n|-damage|p1a: Ogerpon|0 fnt\n|-damage|p1b: Chien-Pao|42\/100\n|faint|p1a: Ogerpon\n|\n|-weather|none\n|upkeep\n|\n|t:|1700309278\n|switch|p1a: Pelipper|Pelipper, F|88\/100\n|-weather|RainDance|[from] ability: Drizzle|[of] p1a: Pelipper\n|turn|6\n|\n|t:|1700309307\n|switch|p2a: Arcanine|Arcanine-Hisui, F|100\/100\n|-ability|p2a: Arcanine|Intimidate|boost\n|-unboost|p1a: Pelipper|atk|1\n|-unboost|p1b: Chien-Pao|atk|1\n|move|p2b: Klefki|Thunder Wave|p1a: Pelipper\n|-status|p1a: Pelipper|par\n|move|p1b: Chien-Pao|Icicle Crash|p2a: Arcanine\n|-resisted|p2a: Arcanine\n|-damage|p2a: Arcanine|83\/100\n|move|p1a: Pelipper|Chilling Water|p2b: Klefki\n|-damage|p2b: Klefki|26\/100\n|-unboost|p2b: Klefki|atk|1\n|\n|-weather|RainDance|[upkeep]\n|upkeep\n|turn|7\n|\n|t:|1700309328\n|switch|p2b: Landorus|Landorus-Therian, M|42\/100\n|-ability|p2b: Landorus|Intimidate|boost\n|-unboost|p1a: Pelipper|atk|1\n|-unboost|p1b: Chien-Pao|atk|1\n|move|p1b: Chien-Pao|Protect|p1b: Chien-Pao\n|-singleturn|p1b: Chien-Pao|Protect\n|move|p2a: Arcanine|Rock Slide|p1b: Chien-Pao|[spread] p1a\n|-activate|p1b: Chien-Pao|move: Protect\n|-supereffective|p1a: Pelipper\n|-crit|p1a: Pelipper\n|-damage|p1a: Pelipper|3\/100 par\n|cant|p1a: Pelipper|flinch\n|\n|-weather|RainDance|[upkeep]\n|upkeep\n|turn|8\n|\n|t:|1700309353\n|switch|p1b: Rillaboom|Rillaboom, M|100\/100\n|-fieldstart|move: Grassy Terrain|[from] ability: Grassy Surge|[of] p1b: Rillaboom\n|move|p2b: Landorus|Rock Slide|p1a: Pelipper|[spread] p1a,p1b\n|-supereffective|p1a: Pelipper\n|-damage|p1a: Pelipper|0 fnt\n|-damage|p1b: Rillaboom|83\/100\n|faint|p1a: Pelipper\n|move|p2a: Arcanine|Rock Slide|p1b: Rillaboom\n|-damage|p1b: Rillaboom|60\/100\n|\n|-weather|RainDance|[upkeep]\n|-heal|p2a: Arcanine|89\/100|[from] Grassy Terrain\n|-heal|p1b: Rillaboom|66\/100|[from] Grassy Terrain\n|-sideend|p2: Kiky14|Reflect\n|upkeep\n|\n|t:|1700309370\n|switch|p1a: Chien-Pao|Chien-Pao|42\/100\n|-ability|p1a: Chien-Pao|Sword of Ruin\n|turn|9\n|\n|t:|1700309392\n|switch|p2a: Sinistcha|Sinistcha|100\/100\n|-heal|p2b: Landorus|67\/100|[from] ability: Hospitality|[of] p2a: Sinistcha\n|move|p1b: Rillaboom|Fake Out|p2b: Landorus\n|-damage|p2b: Landorus|46\/100\n|cant|p2b: Landorus|flinch\n|move|p1a: Chien-Pao|Sacred Sword|p2a: Sinistcha\n|-immune|p2a: Sinistcha\n|\n|-weather|RainDance|[upkeep]\n|-heal|p1a: Chien-Pao|48\/100|[from] Grassy Terrain\n|-heal|p1b: Rillaboom|73\/100|[from] Grassy Terrain\n|-sideend|p2: Kiky14|move: Light Screen\n|upkeep\n|turn|10\n|\n|t:|1700309423\n|move|p2a: Sinistcha|Rage Powder|p2a: Sinistcha\n|-singleturn|p2a: Sinistcha|move: Rage Powder\n|move|p1b: Rillaboom|Grassy Glide|p2b: Landorus\n|-damage|p2b: Landorus|0 fnt\n|faint|p2b: Landorus\n|move|p1a: Chien-Pao|Icicle Crash|p2a: Sinistcha\n|-supereffective|p2a: Sinistcha\n|-damage|p2a: Sinistcha|0 fnt\n|faint|p2a: Sinistcha\n|\n|-weather|none\n|-heal|p1a: Chien-Pao|54\/100|[from] Grassy Terrain\n|-heal|p1b: Rillaboom|79\/100|[from] Grassy Terrain\n|upkeep\n|\n|t:|1700309433\n|switch|p2b: Klefki|Klefki, M|26\/100\n|switch|p2a: Arcanine|Arcanine-Hisui, F|89\/100\n|-ability|p2a: Arcanine|Intimidate|boost\n|-unboost|p1a: Chien-Pao|atk|1\n|-unboost|p1b: Rillaboom|atk|1\n|turn|11\n|\n|t:|1700309454\n|move|p1a: Chien-Pao|Protect|p1a: Chien-Pao\n|-singleturn|p1a: Chien-Pao|Protect\n|move|p1b: Rillaboom|Grassy Glide|p2b: Klefki\n|-resisted|p2b: Klefki\n|-damage|p2b: Klefki|11\/100\n|move|p2b: Klefki|Reflect|p2b: Klefki\n|-sidestart|p2: Kiky14|Reflect\n|move|p2a: Arcanine|Flare Blitz|p1b: Rillaboom\n|-supereffective|p1b: Rillaboom\n|-damage|p1b: Rillaboom|0 fnt\n|faint|p1b: Rillaboom\n|-damage|p2a: Arcanine|64\/100|[from] Recoil\n|\n|-heal|p1a: Chien-Pao|60\/100|[from] Grassy Terrain\n|-heal|p2a: Arcanine|70\/100|[from] Grassy Terrain\n|-heal|p2b: Klefki|17\/100|[from] Grassy Terrain\n|upkeep\n|\n|t:|1700309474\n|switch|p1b: Kommo-o|Kommo-o, F|100\/100\n|turn|12\n|\n|t:|1700309491\n|move|p2b: Klefki|Thunder Wave|p1b: Kommo-o|[miss]\n|-miss|p2b: Klefki|p1b: Kommo-o\n|move|p1a: Chien-Pao|Icicle Crash|p2b: Klefki\n|-resisted|p2b: Klefki\n|-damage|p2b: Klefki|4\/100\n|move|p2a: Arcanine|Rock Slide|p1b: Kommo-o|[spread] p1a\n|-miss|p2a: Arcanine|p1b: Kommo-o\n|-supereffective|p1a: Chien-Pao\n|-damage|p1a: Chien-Pao|2\/100\n|move|p1b: Kommo-o|Drain Punch|p2a: Arcanine\n|-supereffective|p2a: Arcanine\n|-damage|p2a: Arcanine|0 fnt\n|faint|p2a: Arcanine\n|\n|-heal|p1a: Chien-Pao|8\/100|[from] Grassy Terrain\n|-heal|p2b: Klefki|10\/100|[from] Grassy Terrain\n|-fieldend|move: Grassy Terrain\n|upkeep\n|\n|t:|1700309514\n|switch|p2a: Moltres|Moltres-Galar|100\/100\n|turn|13\n|\n|t:|1700309537\n|-terastallize|p1b: Kommo-o|Steel\n|move|p2b: Klefki|Thunder Wave|p1b: Kommo-o\n|-status|p1b: Kommo-o|par\n|move|p1a: Chien-Pao|Icicle Crash|p2b: Klefki\n|-resisted|p2b: Klefki\n|-damage|p2b: Klefki|0 fnt\n|faint|p2b: Klefki\n|move|p2a: Moltres|Agility|p2a: Moltres\n|-boost|p2a: Moltres|spe|2\n|cant|p1b: Kommo-o|par\n|\n|upkeep\n|\n|t:|1700309563\n|switch|p2b: Ogerpon|Ogerpon-Wellspring, F|21\/100\n|turn|14\n|\n|t:|1700309584\n|-terastallize|p2a: Moltres|Dark\n|move|p2b: Ogerpon|Spiky Shield|p2b: Ogerpon\n|-singleturn|p2b: Ogerpon|move: Protect\n|move|p1a: Chien-Pao|Sucker Punch||[still]\n|-fail|p1a: Chien-Pao\n|move|p2a: Moltres|Fiery Wrath|p1b: Kommo-o|[spread] p1a,p1b\n|-resisted|p1a: Chien-Pao\n|-crit|p1a: Chien-Pao\n|-damage|p1a: Chien-Pao|0 fnt\n|-damage|p1b: Kommo-o|58\/100 par\n|faint|p1a: Chien-Pao\n|cant|p1b: Kommo-o|flinch\n|\n|-heal|p1b: Kommo-o|64\/100 par|[from] item: Leftovers\n|upkeep\n|\n|t:|1700309596\n|switch|p1a: Fezandipiti|Fezandipiti, M|100\/100\n|turn|15\n|\n|t:|1700309623\n|move|p2a: Moltres|Fiery Wrath|p1b: Kommo-o|[spread] p1a,p1b\n|-resisted|p1a: Fezandipiti\n|-damage|p1a: Fezandipiti|89\/100\n|-damage|p1b: Kommo-o|24\/100 par\n|cant|p1a: Fezandipiti|flinch\n|move|p2b: Ogerpon|Ivy Cudgel|p1a: Fezandipiti|[anim] Ivy Cudgel Water\n|-damage|p1a: Fezandipiti|24\/100\n|move|p1b: Kommo-o|Drain Punch|p2a: Moltres\n|-supereffective|p2a: Moltres\n|-damage|p2a: Moltres|53\/100\n|-heal|p1b: Kommo-o|55\/100 par|[from] drain|[of] p2a: Moltres\n|-enditem|p2a: Moltres|Weakness Policy\n|-boost|p2a: Moltres|atk|2|[from] item: Weakness Policy\n|-boost|p2a: Moltres|spa|2|[from] item: Weakness Policy\n|\n|-heal|p1a: Fezandipiti|30\/100|[from] item: Black Sludge\n|-heal|p1b: Kommo-o|62\/100 par|[from] item: Leftovers\n|upkeep\n|turn|16\n|\n|t:|1700309663\n|move|p2b: Ogerpon|Spiky Shield|p2b: Ogerpon\n|-singleturn|p2b: Ogerpon|move: Protect\n|move|p2a: Moltres|Fiery Wrath|p1b: Kommo-o|[spread] p1a,p1b\n|-resisted|p1a: Fezandipiti\n|-damage|p1a: Fezandipiti|9\/100\n|-damage|p1b: Kommo-o|0 fnt\n|faint|p1b: Kommo-o\n|move|p1a: Fezandipiti|Dazzling Gleam|p2a: Moltres|[spread] p2a\n|-activate|p2b: Ogerpon|move: Protect\n|-supereffective|p2a: Moltres\n|-damage|p2a: Moltres|35\/100\n|-status|p2a: Moltres|tox|[from] ability: Toxic Chain|[of] p1a: Fezandipiti\n|-ability|p2a: Moltres|Berserk|boost\n|-boost|p2a: Moltres|spa|1\n|\n|-heal|p1a: Fezandipiti|15\/100|[from] item: Black Sludge\n|-damage|p2a: Moltres|28\/100 tox|[from] psn\n|upkeep\n|turn|17\n|l|\u2606omegaglitch444\n|player|p1|\n|inactive|Battle timer is ON: inactive players will automatically lose when time's up. (requested by Kiky14)\n|inactive|omegaglitch444 has 30 seconds to reconnect!\n|inactive|omegaglitch444 has 20 seconds to reconnect!\n|inactive|omegaglitch444 has 15 seconds to reconnect!\n|inactive|omegaglitch444 has 10 seconds to reconnect!\n|inactive|omegaglitch444 has 5 seconds to reconnect!\n|-message|omegaglitch444 lost due to inactivity.\n|\n|win|Kiky14\n|raw|omegaglitch444's rating: 1393 &rarr; <strong>1378<\/strong><br \/>(-15 for losing)\n|raw|Kiky14's rating: 1489 &rarr; <strong>1504<\/strong><br \/>(+15 for winning)\n","uploadtime":1700309831,"views":6,"p1id":"omegaglitch444","p2id":"kiky14","formatid":"gen9doublesou","rating":1378,"private":0,"password":""}