{"id":"gen9doublesou-1984102003","p1":"GoDDanteX","p2":"sadboigaming","format":"[Gen 9] Doubles OU","log":"|j|\u2606GoDDanteX\n|j|\u2606sadboigaming\n|t:|1699218851\n|gametype|doubles\n|player|p1|GoDDanteX|blue|\n|player|p2|sadboigaming|unknown|\n|teamsize|p1|6\n|teamsize|p2|6\n|gen|9\n|tier|[Gen 9] Doubles OU\n|rule|Species Clause: Limit one of each Pok\u00e9mon\n|rule|OHKO Clause: OHKO moves are banned\n|rule|Evasion Moves Clause: Evasion moves are banned\n|rule|Gravity Sleep Clause: The combination of sleep-inducing moves with imperfect accuracy and Gravity or Gigantamax Orbeetle are banned\n|rule|Endless Battle Clause: Forcing endless battles is banned\n|rule|HP Percentage Mod: HP is shown in percentages\n|clearpoke\n|poke|p1|Pawmot, M|\n|poke|p1|Arcanine, M|\n|poke|p1|Dragapult, M|\n|poke|p1|Iron Valiant|\n|poke|p1|Umbreon, M|\n|poke|p1|Espeon, F|\n|poke|p2|Great Tusk|\n|poke|p2|Torkoal, M|\n|poke|p2|Hoopa|\n|poke|p2|Thundurus, M|\n|poke|p2|Enamorus-Therian, F|\n|poke|p2|Regidrago|\n|teampreview\n|j| Redzone92\n|\n|t:|1699218912\n|start\n|switch|p1a: Spike|Arcanine, M, shiny|100\/100\n|switch|p1b: Ali|Pawmot, M, shiny|100\/100\n|switch|p2a: Hoopa|Hoopa|100\/100\n|switch|p2b: Torkoal|Torkoal, M|100\/100\n|-ability|p1a: Spike|Intimidate|boost\n|-unboost|p2a: Hoopa|atk|1\n|-unboost|p2b: Torkoal|atk|1\n|-weather|SunnyDay|[from] ability: Drought|[of] p2b: Torkoal\n|turn|1\n|\n|t:|1699218933\n|move|p1b: Ali|Fake Out|p2b: Torkoal\n|-damage|p2b: Torkoal|91\/100\n|-damage|p1b: Ali|84\/100|[from] item: Rocky Helmet|[of] p2b: Torkoal\n|move|p1a: Spike|Crunch|p2a: Hoopa\n|-supereffective|p2a: Hoopa\n|-damage|p2a: Hoopa|0 fnt\n|faint|p2a: Hoopa\n|cant|p2b: Torkoal|flinch\n|\n|-weather|SunnyDay|[upkeep]\n|upkeep\n|j| StephenStone1130\n|\n|t:|1699218943\n|switch|p2a: Enamorus|Enamorus-Therian, F|100\/100\n|turn|2\n|\n|t:|1699218961\n|move|p1a: Spike|Crunch|p2b: Torkoal\n|-damage|p2b: Torkoal|74\/100\n|-unboost|p2b: Torkoal|def|1\n|-damage|p1a: Spike|84\/100|[from] item: Rocky Helmet|[of] p2b: Torkoal\n|move|p1b: Ali|Thunder Punch|p2a: Enamorus\n|-supereffective|p2a: Enamorus\n|-damage|p2a: Enamorus|15\/100\n|-status|p2a: Enamorus|par\n|move|p2b: Torkoal|Ancient Power|p1a: Spike\n|-supereffective|p1a: Spike\n|-crit|p1a: Spike\n|-damage|p1a: Spike|24\/100\n|cant|p2a: Enamorus|par\n|\n|-weather|SunnyDay|[upkeep]\n|-heal|p2a: Enamorus|21\/100 par|[from] item: Leftovers\n|upkeep\n|turn|3\n|j| riastylis\n|\n|t:|1699218990\n|switch|p2b: Great Tusk|Great Tusk|100\/100\n|-activate|p2b: Great Tusk|ability: Protosynthesis\n|-start|p2b: Great Tusk|protosynthesisatk\n|move|p1a: Spike|Crunch|p2b: Great Tusk\n|-resisted|p2b: Great Tusk\n|-damage|p2b: Great Tusk|92\/100\n|move|p1b: Ali|Ice Punch|p2a: Enamorus\n|-supereffective|p2a: Enamorus\n|-damage|p2a: Enamorus|0 fnt\n|faint|p2a: Enamorus\n|\n|-weather|SunnyDay|[upkeep]\n|upkeep\n|\n|t:|1699219022\n|switch|p2a: Thundurus|Thundurus, M|100\/100\n|turn|4\n|\n|t:|1699219043\n|switch|p1a: Minerva|Espeon, F, shiny|100\/100\n|-terastallize|p2a: Thundurus|Flying\n|move|p2a: Thundurus|Acrobatics|p1b: Ali\n|-damage|p1b: Ali|0 fnt\n|faint|p1b: Ali\n|move|p2b: Great Tusk|Earthquake|p1a: Minerva|[spread] p1a\n|-immune|p2a: Thundurus\n|-crit|p1a: Minerva\n|-enditem|p1a: Minerva|Focus Sash\n|-damage|p1a: Minerva|1\/100\n|\n|-weather|SunnyDay|[upkeep]\n|upkeep\n|\n|t:|1699219063\n|switch|p1b: Danny|Dragapult, M, shiny|100\/100\n|turn|5\n|\n|t:|1699219078\n|move|p1b: Danny|Thunderbolt|p2a: Thundurus\n|-supereffective|p2a: Thundurus\n|-damage|p2a: Thundurus|27\/100\n|move|p2a: Thundurus|Dark Pulse|p1a: Minerva\n|-supereffective|p1a: Minerva\n|-damage|p1a: Minerva|0 fnt\n|faint|p1a: Minerva\n|move|p2b: Great Tusk|Ice Spinner|p1b: Danny\n|-supereffective|p1b: Danny\n|-damage|p1b: Danny|0 fnt\n|faint|p1b: Danny\n|\n|-weather|none\n|-end|p2b: Great Tusk|Protosynthesis\n|upkeep\n|\n|t:|1699219086\n|switch|p1b: XJ9|Iron Valiant, shiny|100\/100\n|switch|p1a: Spike|Arcanine, M, shiny|24\/100\n|-ability|p1a: Spike|Intimidate|boost\n|-unboost|p2a: Thundurus|atk|1\n|-unboost|p2b: Great Tusk|atk|1\n|-enditem|p1b: XJ9|Booster Energy\n|-activate|p1b: XJ9|ability: Quark Drive|[fromitem]\n|-start|p1b: XJ9|quarkdrivespe\n|turn|6\n|\n|t:|1699219102\n|-terastallize|p1b: XJ9|Steel\n|move|p1b: XJ9|Psycho Cut|p2b: Great Tusk\n|-supereffective|p2b: Great Tusk\n|-damage|p2b: Great Tusk|59\/100\n|move|p1a: Spike|Howl|p1a: Spike|[spread] p1a,p1b\n|-boost|p1a: Spike|atk|1\n|-boost|p1b: XJ9|atk|1\n|move|p2a: Thundurus|Acrobatics|p1b: XJ9\n|-resisted|p1b: XJ9\n|-damage|p1b: XJ9|76\/100\n|move|p2b: Great Tusk|Earthquake|p1b: XJ9|[spread] p1a,p1b\n|-immune|p2a: Thundurus\n|-supereffective|p1a: Spike\n|-supereffective|p1b: XJ9\n|-damage|p1a: Spike|0 fnt\n|-damage|p1b: XJ9|0 fnt\n|faint|p1a: Spike\n|faint|p1b: XJ9\n|-end|p1b: XJ9|Quark Drive|[silent]\n|\n|upkeep\n|\n|t:|1699219116\n|switch|p1b: Minx|Umbreon, M, shiny|100\/100\n|turn|7\n|\n|t:|1699219123\n|move|p2a: Thundurus|U-turn|p1b: Minx\n|-supereffective|p1b: Minx\n|-damage|p1b: Minx|82\/100\n|\n|t:|1699219128\n|switch|p2a: Torkoal|Torkoal, M|74\/100|[from] U-turn\n|-weather|SunnyDay|[from] ability: Drought|[of] p2a: Torkoal\n|-activate|p2b: Great Tusk|ability: Protosynthesis\n|-start|p2b: Great Tusk|protosynthesisspe\n|move|p2b: Great Tusk|Close Combat|p1b: Minx\n|-supereffective|p1b: Minx\n|-damage|p1b: Minx|0 fnt\n|-unboost|p2b: Great Tusk|def|1\n|-unboost|p2b: Great Tusk|spd|1\n|faint|p1b: Minx\n|\n|win|sadboigaming\n|l|\u2606GoDDanteX\n|l| riastylis\n|l|\u2606sadboigaming\n","uploadtime":1699219166,"views":20,"p1id":"goddantex","p2id":"sadboigaming","formatid":"gen9doublesou","rating":0,"private":0,"password":""}