{"id":"gen9doublesou-1988613944","p1":"Crvnxh","p2":"ZendesterX","format":"[Gen 9] Doubles OU","log":"|j|\u2606Crvnxh\n|j|\u2606ZendesterX\n|t:|1699742083\n|gametype|doubles\n|player|p1|Crvnxh|170|1115\n|player|p2|ZendesterX|hilbert-wonderlauncher|1031\n|teamsize|p1|6\n|teamsize|p2|6\n|gen|9\n|tier|[Gen 9] Doubles OU\n|rated|\n|rule|Species Clause: Limit one of each Pok\u00e9mon\n|rule|OHKO Clause: OHKO moves are banned\n|rule|Evasion Moves Clause: Evasion moves are banned\n|rule|Gravity Sleep Clause: The combination of sleep-inducing moves with imperfect accuracy and Gravity or Gigantamax Orbeetle are banned\n|rule|Endless Battle Clause: Forcing endless battles is banned\n|rule|HP Percentage Mod: HP is shown in percentages\n|clearpoke\n|poke|p1|Flutter Mane|\n|poke|p1|Amoonguss, F|\n|poke|p1|Arcanine, F|\n|poke|p1|Palafin, M|\n|poke|p1|Kingambit, M|\n|poke|p1|Ting-Lu|\n|poke|p2|Amoonguss, M|\n|poke|p2|Landorus-Therian, M|\n|poke|p2|Iron Hands|\n|poke|p2|Articuno-Galar|\n|poke|p2|Kingambit, M|\n|poke|p2|Ogerpon-Hearthflame, F|\n|teampreview\n|\n|t:|1699742112\n|start\n|switch|p1a: Arcanine|Arcanine, F|100\/100\n|switch|p1b: Palafin|Palafin, M|100\/100\n|switch|p2a: Ogerpon|Ogerpon-Hearthflame, F|100\/100\n|switch|p2b: Landorus|Landorus-Therian, M|100\/100\n|-ability|p2a: Ogerpon|Mold Breaker\n|-ability|p2b: Landorus|Intimidate|boost\n|-unboost|p1a: Arcanine|atk|1\n|-unboost|p1b: Palafin|atk|1\n|-ability|p1a: Arcanine|Intimidate|boost\n|-unboost|p2a: Ogerpon|atk|1\n|-unboost|p2b: Landorus|atk|1\n|turn|1\n|\n|t:|1699742140\n|detailschange|p1b: Palafin|Palafin-Hero, M\n|switch|p1b: Ting-Lu|Ting-Lu|100\/100\n|-ability|p1b: Ting-Lu|Vessel of Ruin\n|move|p2a: Ogerpon|Spiky Shield|p2a: Ogerpon\n|-singleturn|p2a: Ogerpon|move: Protect\n|move|p2b: Landorus|Stomping Tantrum|p1a: Arcanine\n|-supereffective|p1a: Arcanine\n|-damage|p1a: Arcanine|38\/100\n|move|p1a: Arcanine|Will-O-Wisp|p2b: Landorus\n|-status|p2b: Landorus|brn\n|\n|-damage|p2b: Landorus|95\/100 brn|[from] brn\n|upkeep\n|turn|2\n|\n|t:|1699742160\n|move|p1a: Arcanine|Protect|p1a: Arcanine\n|-singleturn|p1a: Arcanine|Protect\n|move|p2a: Ogerpon|Horn Leech|p1b: Ting-Lu\n|-supereffective|p1b: Ting-Lu\n|-damage|p1b: Ting-Lu|72\/100\n|move|p2b: Landorus|Rock Slide|p1b: Ting-Lu|[spread] p1b\n|-activate|p1a: Arcanine|move: Protect\n|-resisted|p1b: Ting-Lu\n|-damage|p1b: Ting-Lu|70\/100\n|move|p1b: Ting-Lu|Rock Slide|p2b: Landorus|[spread] p2b\n|-miss|p1b: Ting-Lu|p2a: Ogerpon\n|-damage|p2b: Landorus|74\/100 brn\n|\n|-damage|p2b: Landorus|68\/100 brn|[from] brn\n|upkeep\n|turn|3\n|\n|t:|1699742196\n|switch|p2a: Iron Hands|Iron Hands|100\/100\n|-enditem|p2a: Iron Hands|Booster Energy\n|-activate|p2a: Iron Hands|ability: Quark Drive|[fromitem]\n|-start|p2a: Iron Hands|quarkdriveatk\n|move|p2b: Landorus|U-turn|p1a: Arcanine\n|-resisted|p1a: Arcanine\n|-damage|p1a: Arcanine|33\/100\n|\n|t:|1699742204\n|switch|p2b: Articuno|Articuno-Galar|100\/100|[from] U-turn\n|move|p1a: Arcanine|Morning Sun|p1a: Arcanine\n|-heal|p1a: Arcanine|83\/100\n|move|p1b: Ting-Lu|Ruination|p2a: Iron Hands\n|-damage|p2a: Iron Hands|51\/100\n|\n|upkeep\n|turn|4\n|\n|t:|1699742229\n|switch|p1b: Flutter Mane|Flutter Mane|100\/100\n|-terastallize|p2a: Iron Hands|Ground\n|move|p1a: Arcanine|Will-O-Wisp|p2a: Iron Hands\n|-status|p2a: Iron Hands|brn\n|move|p2a: Iron Hands|Drain Punch|p1b: Flutter Mane\n|-immune|p1b: Flutter Mane\n|move|p2b: Articuno|Trick Room|p2b: Articuno\n|-fieldstart|move: Trick Room|[of] p2b: Articuno\n|\n|-damage|p2a: Iron Hands|45\/100 brn|[from] brn\n|upkeep\n|turn|5\n|\n|t:|1699742283\n|-end|p1b: Flutter Mane|Protosynthesis|[silent]\n|switch|p1b: Kingambit|Kingambit, M|100\/100\n|move|p1a: Arcanine|Protect|p1a: Arcanine\n|-singleturn|p1a: Arcanine|Protect\n|move|p2a: Iron Hands|Fake Out||[still]\n|-hint|Fake Out only works on your first turn out.\n|-fail|p2a: Iron Hands\n|move|p2b: Articuno|U-turn|p1a: Arcanine\n|-activate|p1a: Arcanine|move: Protect\n|\n|-damage|p2a: Iron Hands|39\/100 brn|[from] brn\n|upkeep\n|turn|6\n|\n|t:|1699742307\n|move|p2a: Iron Hands|Drain Punch|p1b: Kingambit\n|-supereffective|p1b: Kingambit\n|-damage|p1b: Kingambit|10\/100\n|-heal|p2a: Iron Hands|78\/100 brn|[from] drain|[of] p1b: Kingambit\n|move|p1b: Kingambit|Swords Dance|p1b: Kingambit\n|-boost|p1b: Kingambit|atk|2\n|move|p1a: Arcanine|Flare Blitz|p2b: Articuno\n|-damage|p2b: Articuno|63\/100\n|-damage|p1a: Arcanine|72\/100|[from] Recoil\n|move|p2b: Articuno|U-turn|p1b: Kingambit\n|-damage|p1b: Kingambit|1\/100\n|\n|t:|1699742322\n|switch|p2b: Kingambit|Kingambit, M|100\/100|[from] U-turn\n|\n|-damage|p2a: Iron Hands|72\/100 brn|[from] brn\n|upkeep\n|turn|7\n|\n|t:|1699742338\n|move|p1b: Kingambit|Sucker Punch|p2a: Iron Hands\n|-damage|p2a: Iron Hands|28\/100 brn\n|move|p2b: Kingambit|Brick Break|p1a: Arcanine\n|-damage|p1a: Arcanine|22\/100\n|-enditem|p1a: Arcanine|Iapapa Berry|[eat]\n|-heal|p1a: Arcanine|55\/100|[from] item: Iapapa Berry\n|move|p2a: Iron Hands|Drain Punch|p1b: Kingambit\n|-supereffective|p1b: Kingambit\n|-damage|p1b: Kingambit|0 fnt\n|-heal|p2a: Iron Hands|29\/100 brn|[from] drain|[of] p1b: Kingambit\n|faint|p1b: Kingambit\n|-end|p1b: Kingambit|fallenundefined|[silent]\n|move|p1a: Arcanine|Will-O-Wisp|p2b: Kingambit\n|-status|p2b: Kingambit|brn\n|\n|-damage|p2b: Kingambit|94\/100 brn|[from] brn\n|-damage|p2a: Iron Hands|23\/100 brn|[from] brn\n|upkeep\n|\n|t:|1699742362\n|switch|p1b: Flutter Mane|Flutter Mane|100\/100\n|turn|8\n|\n|t:|1699742381\n|-end|p1b: Flutter Mane|Protosynthesis|[silent]\n|switch|p1b: Palafin|Palafin-Hero, M|100\/100\n|-activate|p1b: Palafin|ability: Zero to Hero\n|move|p1a: Arcanine|Protect|p1a: Arcanine\n|-singleturn|p1a: Arcanine|Protect\n|move|p2a: Iron Hands|Fake Out||[still]\n|-hint|Fake Out only works on your first turn out.\n|-fail|p2a: Iron Hands\n|move|p2b: Kingambit|Brick Break|p1a: Arcanine\n|-activate|p1a: Arcanine|move: Protect\n|\n|-damage|p2b: Kingambit|88\/100 brn|[from] brn\n|-damage|p2a: Iron Hands|17\/100 brn|[from] brn\n|-fieldend|move: Trick Room\n|upkeep\n|turn|9\n|\n|t:|1699742411\n|move|p1b: Palafin|Jet Punch|p2a: Iron Hands\n|-supereffective|p2a: Iron Hands\n|-damage|p2a: Iron Hands|0 fnt\n|faint|p2a: Iron Hands\n|-end|p2a: Iron Hands|Quark Drive|[silent]\n|move|p1a: Arcanine|Morning Sun|p1a: Arcanine\n|-heal|p1a: Arcanine|100\/100\n|move|p2b: Kingambit|Brick Break|p1a: Arcanine\n|-crit|p1a: Arcanine\n|-damage|p1a: Arcanine|64\/100\n|\n|-damage|p2b: Kingambit|82\/100 brn|[from] brn\n|upkeep\n|\n|t:|1699742425\n|switch|p2a: Amoonguss|Amoonguss, M, shiny|100\/100\n|turn|10\n|\n|t:|1699742450\n|move|p1b: Palafin|Taunt|p2a: Amoonguss\n|-start|p2a: Amoonguss|move: Taunt\n|move|p1a: Arcanine|Flare Blitz|p2a: Amoonguss\n|-supereffective|p2a: Amoonguss\n|-damage|p2a: Amoonguss|25\/100\n|-enditem|p2a: Amoonguss|Sitrus Berry|[eat]\n|-heal|p2a: Amoonguss|50\/100|[from] item: Sitrus Berry\n|-damage|p1a: Arcanine|38\/100|[from] Recoil\n|move|p2b: Kingambit|Brick Break|p1a: Arcanine\n|-damage|p1a: Arcanine|15\/100\n|cant|p2a: Amoonguss|move: Taunt|Spore\n|\n|-damage|p2b: Kingambit|76\/100 brn|[from] brn\n|upkeep\n|turn|11\n|\n|t:|1699742474\n|move|p1b: Palafin|Flip Turn|p2b: Kingambit\n|-damage|p2b: Kingambit|52\/100 brn\n|\n|t:|1699742482\n|switch|p1b: Flutter Mane|Flutter Mane|100\/100|[from] Flip Turn\n|move|p1a: Arcanine|Morning Sun|p1a: Arcanine\n|-heal|p1a: Arcanine|65\/100\n|move|p2b: Kingambit|Brick Break|p1a: Arcanine\n|-damage|p1a: Arcanine|40\/100\n|move|p2a: Amoonguss|Pollen Puff|p1b: Flutter Mane\n|-resisted|p1b: Flutter Mane\n|-damage|p1b: Flutter Mane|94\/100\n|\n|-damage|p2b: Kingambit|46\/100 brn|[from] brn\n|upkeep\n|turn|12\n|\n|t:|1699742505\n|switch|p2b: Articuno|Articuno-Galar|63\/100\n|move|p1b: Flutter Mane|Mystical Fire|p2a: Amoonguss\n|-supereffective|p2a: Amoonguss\n|-damage|p2a: Amoonguss|0 fnt\n|faint|p2a: Amoonguss\n|move|p1a: Arcanine|Morning Sun|p1a: Arcanine\n|-heal|p1a: Arcanine|90\/100\n|\n|upkeep\n|\n|t:|1699742517\n|switch|p2a: Ogerpon|Ogerpon-Hearthflame, F|100\/100\n|-ability|p2a: Ogerpon|Mold Breaker\n|turn|13\n|\n|t:|1699742532\n|-end|p1b: Flutter Mane|Protosynthesis|[silent]\n|switch|p1b: Ting-Lu|Ting-Lu|70\/100\n|-ability|p1b: Ting-Lu|Vessel of Ruin\n|move|p1a: Arcanine|Protect|p1a: Arcanine\n|-singleturn|p1a: Arcanine|Protect\n|move|p2b: Articuno|Tailwind|p2b: Articuno\n|-sidestart|p2: ZendesterX|move: Tailwind\n|move|p2a: Ogerpon|Ivy Cudgel|p1b: Ting-Lu\n|-damage|p1b: Ting-Lu|42\/100\n|\n|upkeep\n|turn|14\n|\n|t:|1699742557\n|switch|p1a: Amoonguss|Amoonguss, F|100\/100\n|move|p2b: Articuno|U-turn|p1b: Ting-Lu\n|-supereffective|p1b: Ting-Lu\n|-damage|p1b: Ting-Lu|27\/100\n|\n|t:|1699742563\n|switch|p2b: Landorus|Landorus-Therian, M|68\/100 brn|[from] U-turn\n|-ability|p2b: Landorus|Intimidate|boost\n|-unboost|p1a: Amoonguss|atk|1\n|-unboost|p1b: Ting-Lu|atk|1\n|move|p2a: Ogerpon|Horn Leech|p1b: Ting-Lu\n|-supereffective|p1b: Ting-Lu\n|-damage|p1b: Ting-Lu|0 fnt\n|faint|p1b: Ting-Lu\n|\n|-damage|p2b: Landorus|62\/100 brn|[from] brn\n|upkeep\n|\n|t:|1699742576\n|switch|p1b: Flutter Mane|Flutter Mane|94\/100\n|turn|15\n|\n|t:|1699742607\n|-terastallize|p1b: Flutter Mane|Water\n|move|p1a: Amoonguss|Rage Powder|p1a: Amoonguss\n|-singleturn|p1a: Amoonguss|move: Rage Powder\n|move|p2a: Ogerpon|Ivy Cudgel|p1a: Amoonguss\n|-supereffective|p1a: Amoonguss\n|-damage|p1a: Amoonguss|0 fnt\n|faint|p1a: Amoonguss\n|move|p2b: Landorus|U-turn|p1b: Flutter Mane\n|-damage|p1b: Flutter Mane|61\/100\n|\n|t:|1699742617\n|switch|p2b: Kingambit|Kingambit, M|46\/100 brn|[from] U-turn\n|move|p1b: Flutter Mane|Shadow Ball|p2a: Ogerpon\n|-damage|p2a: Ogerpon|24\/100\n|\n|-damage|p2b: Kingambit|40\/100 brn|[from] brn\n|upkeep\n|\n|t:|1699742626\n|switch|p1a: Palafin|Palafin-Hero, M|100\/100\n|turn|16\n|\n|t:|1699742638\n|move|p2a: Ogerpon|Spiky Shield|p2a: Ogerpon\n|-singleturn|p2a: Ogerpon|move: Protect\n|move|p1a: Palafin|Jet Punch|p2b: Kingambit\n|-damage|p2b: Kingambit|12\/100 brn\n|move|p1b: Flutter Mane|Shadow Ball|p2a: Ogerpon\n|-activate|p2a: Ogerpon|move: Protect\n|move|p2b: Kingambit|Kowtow Cleave|p1b: Flutter Mane\n|-damage|p1b: Flutter Mane|0 fnt\n|faint|p1b: Flutter Mane\n|-end|p1b: Flutter Mane|Protosynthesis|[silent]\n|\n|-damage|p2b: Kingambit|6\/100 brn|[from] brn\n|-sideend|p2: ZendesterX|move: Tailwind\n|upkeep\n|\n|t:|1699742649\n|switch|p1b: Arcanine|Arcanine, F|90\/100\n|-ability|p1b: Arcanine|Intimidate|boost\n|-unboost|p2a: Ogerpon|atk|1\n|-unboost|p2b: Kingambit|atk|1\n|-ability|p2b: Kingambit|Defiant|boost\n|-boost|p2b: Kingambit|atk|2\n|turn|17\n|\n|t:|1699742667\n|move|p1a: Palafin|Jet Punch|p2b: Kingambit\n|-damage|p2b: Kingambit|0 fnt\n|faint|p2b: Kingambit\n|move|p2a: Ogerpon|Horn Leech|p1a: Palafin\n|-supereffective|p1a: Palafin\n|-damage|p1a: Palafin|45\/100\n|-heal|p2a: Ogerpon|56\/100|[from] drain|[of] p1a: Palafin\n|-damage|p2a: Ogerpon|39\/100|[from] item: Rocky Helmet|[of] p1a: Palafin\n|move|p1b: Arcanine|Flare Blitz|p2a: Ogerpon\n|-damage|p2a: Ogerpon|0 fnt\n|faint|p2a: Ogerpon\n|-damage|p1b: Arcanine|80\/100|[from] Recoil\n|\n|upkeep\n|\n|t:|1699742682\n|switch|p2a: Articuno|Articuno-Galar|63\/100\n|switch|p2b: Landorus|Landorus-Therian, M|62\/100 brn\n|-ability|p2b: Landorus|Intimidate|boost\n|-unboost|p1a: Palafin|atk|1\n|-unboost|p1b: Arcanine|atk|1\n|turn|18\n|\n|t:|1699742703\n|move|p1a: Palafin|Taunt|p2a: Articuno\n|-start|p2a: Articuno|move: Taunt\n|cant|p2a: Articuno|move: Taunt|Tailwind\n|move|p2b: Landorus|Stomping Tantrum|p1b: Arcanine\n|-supereffective|p1b: Arcanine\n|-damage|p1b: Arcanine|28\/100\n|move|p1b: Arcanine|Flare Blitz|p2a: Articuno\n|-damage|p2a: Articuno|29\/100\n|-damage|p1b: Arcanine|18\/100|[from] Recoil\n|\n|-damage|p2b: Landorus|56\/100 brn|[from] brn\n|upkeep\n|turn|19\n|\n|t:|1699742722\n|move|p1a: Palafin|Jet Punch|p2b: Landorus\n|-supereffective|p2b: Landorus\n|-damage|p2b: Landorus|0 fnt\n|faint|p2b: Landorus\n|move|p2a: Articuno|U-turn|p1b: Arcanine\n|-resisted|p1b: Arcanine\n|-damage|p1b: Arcanine|11\/100\n|move|p1b: Arcanine|Morning Sun|p1b: Arcanine\n|-heal|p1b: Arcanine|61\/100\n|\n|upkeep\n|turn|20\n|c|\u2606Crvnxh|HOLLY CLUTCH\n|\n|t:|1699742741\n|move|p1b: Arcanine|Protect|p1b: Arcanine\n|-singleturn|p1b: Arcanine|Protect\n|move|p1a: Palafin|Jet Punch|p2a: Articuno\n|-damage|p2a: Articuno|3\/100\n|move|p2a: Articuno|U-turn|p1b: Arcanine\n|-activate|p1b: Arcanine|move: Protect\n|\n|-end|p2a: Articuno|move: Taunt\n|upkeep\n|turn|21\n|\n|t:|1699742753\n|move|p1a: Palafin|Jet Punch|p2a: Articuno\n|-damage|p2a: Articuno|0 fnt\n|faint|p2a: Articuno\n|\n|win|Crvnxh\n|raw|Crvnxh's rating: 1115 &rarr; <strong>1134<\/strong><br \/>(+19 for winning)\n|raw|ZendesterX's rating: 1031 &rarr; <strong>1020<\/strong><br \/>(-11 for losing)\n|l|\u2606ZendesterX\n","uploadtime":1699742759,"views":12,"p1id":"crvnxh","p2id":"zendesterx","formatid":"gen9doublesou","rating":1020,"private":0,"password":""}