{"id":"gen9doublesou-1984581697","p1":"JetBlackGamez","p2":"SillyAvery","format":"[Gen 9] Doubles OU","log":"|j|\u2606JetBlackGamez\n|j|\u2606SillyAvery\n|t:|1699281821\n|gametype|doubles\n|player|p1|JetBlackGamez|101|1445\n|player|p2|SillyAvery|lady-gen4|1389\n|teamsize|p1|6\n|teamsize|p2|6\n|gen|9\n|tier|[Gen 9] Doubles OU\n|rated|\n|rule|Species Clause: Limit one of each Pok\u00e9mon\n|rule|OHKO Clause: OHKO moves are banned\n|rule|Evasion Moves Clause: Evasion moves are banned\n|rule|Gravity Sleep Clause: The combination of sleep-inducing moves with imperfect accuracy and Gravity or Gigantamax Orbeetle are banned\n|rule|Endless Battle Clause: Forcing endless battles is banned\n|rule|HP Percentage Mod: HP is shown in percentages\n|clearpoke\n|poke|p1|Torkoal, M|\n|poke|p1|Lilligant-Hisui, F|\n|poke|p1|Volcanion|\n|poke|p1|Armarouge, F|\n|poke|p1|Dusclops, M|\n|poke|p1|Garganacl, M|\n|poke|p2|Chi-Yu|\n|poke|p2|Roaring Moon|\n|poke|p2|Flutter Mane|\n|poke|p2|Ninetales, F|\n|poke|p2|Zapdos|\n|poke|p2|Walking Wake|\n|teampreview\n|\n|t:|1699281834\n|start\n|switch|p1a: Torkoal|Torkoal, M|100\/100\n|switch|p1b: Lilligant|Lilligant-Hisui, F|100\/100\n|switch|p2a: Ninetales|Ninetales, F|100\/100\n|switch|p2b: Roaring Moon|Roaring Moon|100\/100\n|-weather|SunnyDay|[from] ability: Drought|[of] p2a: Ninetales\n|-activate|p2b: Roaring Moon|ability: Protosynthesis\n|-start|p2b: Roaring Moon|protosynthesisspe\n|turn|1\n|\n|t:|1699281881\n|-end|p2b: Roaring Moon|Protosynthesis|[silent]\n|switch|p2b: Flutter Mane|Flutter Mane|100\/100\n|-activate|p2b: Flutter Mane|ability: Protosynthesis\n|-start|p2b: Flutter Mane|protosynthesisspe\n|move|p1a: Torkoal|Protect|p1a: Torkoal\n|-singleturn|p1a: Torkoal|Protect\n|move|p1b: Lilligant|Close Combat|p2b: Flutter Mane\n|-immune|p2b: Flutter Mane\n|move|p2a: Ninetales|Memento|p1b: Lilligant\n|-unboost|p1b: Lilligant|atk|2\n|-unboost|p1b: Lilligant|spa|2\n|faint|p2a: Ninetales\n|\n|-weather|SunnyDay|[upkeep]\n|upkeep\n|\n|t:|1699281895\n|switch|p2a: Walking Wake|Walking Wake|100\/100\n|-activate|p2a: Walking Wake|ability: Protosynthesis\n|-start|p2a: Walking Wake|protosynthesisspe\n|turn|2\n|\n|t:|1699281904\n|move|p1b: Lilligant|After You|p1a: Torkoal\n|-activate|p1a: Torkoal|move: After You\n|move|p1a: Torkoal|Solar Beam||[still]\n|-prepare|p1a: Torkoal|Solar Beam\n|-anim|p1a: Torkoal|Solar Beam|p2a: Walking Wake\n|-damage|p2a: Walking Wake|50\/100\n|-damage|p1a: Torkoal|91\/100|[from] item: Life Orb\n|move|p2b: Flutter Mane|Dazzling Gleam|p1b: Lilligant|[spread] p1a,p1b\n|-resisted|p1a: Torkoal\n|-supereffective|p1b: Lilligant\n|-damage|p1a: Torkoal|63\/100\n|-enditem|p1b: Lilligant|Focus Sash\n|-damage|p1b: Lilligant|1\/100\n|move|p2a: Walking Wake|Hydro Steam|p1a: Torkoal\n|-supereffective|p1a: Torkoal\n|-damage|p1a: Torkoal|0 fnt\n|faint|p1a: Torkoal\n|-damage|p2a: Walking Wake|40\/100|[from] item: Life Orb\n|\n|-weather|SunnyDay|[upkeep]\n|upkeep\n|\n|t:|1699281935\n|switch|p1a: Armarouge|Armarouge, F|100\/100\n|turn|3\n|inactive|Battle timer is ON: inactive players will automatically lose when time's up. (requested by SillyAvery)\n|\n|t:|1699281958\n|move|p1a: Armarouge|Protect|p1a: Armarouge\n|-singleturn|p1a: Armarouge|Protect\n|move|p1b: Lilligant|Solar Blade||[still]\n|-prepare|p1b: Lilligant|Solar Blade\n|-anim|p1b: Lilligant|Solar Blade|p2a: Walking Wake\n|-damage|p2a: Walking Wake|5\/100\n|move|p2b: Flutter Mane|Dazzling Gleam|p1a: Armarouge|[spread] p1b\n|-activate|p1a: Armarouge|move: Protect\n|-supereffective|p1b: Lilligant\n|-damage|p1b: Lilligant|0 fnt\n|faint|p1b: Lilligant\n|move|p2a: Walking Wake|Hydro Steam|p1a: Armarouge\n|-activate|p1a: Armarouge|move: Protect\n|\n|-weather|SunnyDay|[upkeep]\n|upkeep\n|\n|t:|1699281973\n|switch|p1b: Volcanion|Volcanion|100\/100\n|turn|4\n|inactive|SillyAvery has 120 seconds left.\n|\n|t:|1699282013\n|-end|p2b: Flutter Mane|Protosynthesis|[silent]\n|switch|p2b: Zapdos|Zapdos|100\/100\n|switch|p1a: Dusclops|Dusclops, M|100\/100\n|-ability|p1a: Dusclops|Pressure\n|move|p2a: Walking Wake|Hydro Steam|p1a: Dusclops\n|-damage|p1a: Dusclops|49\/100\n|-damage|p2a: Walking Wake|0 fnt|[from] item: Life Orb\n|faint|p2a: Walking Wake\n|-end|p2a: Walking Wake|Protosynthesis|[silent]\n|move|p1b: Volcanion|Heat Wave|p2b: Zapdos\n|-damage|p2b: Zapdos|26\/100\n|-enditem|p2b: Zapdos|Red Card|[of] p1b: Volcanion\n|drag|p1b: Garganacl|Garganacl, M|100\/100\n|\n|-weather|SunnyDay|[upkeep]\n|upkeep\n|\n|t:|1699282034\n|switch|p2a: Roaring Moon|Roaring Moon|100\/100\n|-activate|p2a: Roaring Moon|ability: Protosynthesis\n|-start|p2a: Roaring Moon|protosynthesisspe\n|turn|5\n|inactive|SillyAvery has 120 seconds left.\n|\n|t:|1699282063\n|-terastallize|p1b: Garganacl|Water\n|move|p2a: Roaring Moon|Knock Off|p1a: Dusclops\n|-supereffective|p1a: Dusclops\n|-damage|p1a: Dusclops|0 fnt\n|-enditem|p1a: Dusclops|Eviolite|[from] move: Knock Off|[of] p2a: Roaring Moon\n|faint|p1a: Dusclops\n|-damage|p2a: Roaring Moon|90\/100|[from] item: Life Orb\n|move|p2b: Zapdos|Light Screen|p2b: Zapdos\n|-sidestart|p2: SillyAvery|move: Light Screen\n|move|p1b: Garganacl|Salt Cure|p2a: Roaring Moon\n|-damage|p2a: Roaring Moon|73\/100\n|-start|p2a: Roaring Moon|Salt Cure\n|\n|-weather|SunnyDay|[upkeep]\n|-damage|p2a: Roaring Moon|60\/100|[from] Salt Cure\n|upkeep\n|inactive|JetBlackGamez has 120 seconds left.\n|\n|t:|1699282076\n|switch|p1a: Armarouge|Armarouge, F|100\/100\n|turn|6\n|inactive|SillyAvery has 120 seconds left.\n|inactive|SillyAvery has 90 seconds left.\n|\n|t:|1699282124\n|switch|p2b: Chi-Yu|Chi-Yu|100\/100\n|-ability|p2b: Chi-Yu|Beads of Ruin\n|move|p1a: Armarouge|Protect|p1a: Armarouge\n|-singleturn|p1a: Armarouge|Protect\n|move|p2a: Roaring Moon|Knock Off|p1a: Armarouge\n|-activate|p1a: Armarouge|move: Protect\n|move|p1b: Garganacl|Salt Cure|p2b: Chi-Yu\n|-supereffective|p2b: Chi-Yu\n|-damage|p2b: Chi-Yu|53\/100\n|-start|p2b: Chi-Yu|Salt Cure\n|\n|-weather|SunnyDay|[upkeep]\n|-damage|p2a: Roaring Moon|48\/100|[from] Salt Cure\n|-damage|p2b: Chi-Yu|40\/100|[from] Salt Cure\n|upkeep\n|turn|7\n|\n|t:|1699282149\n|-terastallize|p2b: Chi-Yu|Grass\n|move|p2a: Roaring Moon|Knock Off|p1a: Armarouge\n|-supereffective|p1a: Armarouge\n|-damage|p1a: Armarouge|0 fnt\n|-enditem|p1a: Armarouge|Weakness Policy|[from] move: Knock Off|[of] p2a: Roaring Moon\n|faint|p1a: Armarouge\n|-damage|p2a: Roaring Moon|38\/100|[from] item: Life Orb\n|move|p2b: Chi-Yu|Tera Blast|p1b: Garganacl|[anim] Tera Blast Grass\n|-supereffective|p1b: Garganacl\n|-damage|p1b: Garganacl|0 fnt\n|faint|p1b: Garganacl\n|\n|-weather|SunnyDay|[upkeep]\n|-damage|p2a: Roaring Moon|25\/100|[from] Salt Cure\n|-damage|p2b: Chi-Yu|28\/100|[from] Salt Cure\n|upkeep\n|\n|t:|1699282164\n|switch|p1a: Volcanion|Volcanion|100\/100\n|turn|8\n|inactive|SillyAvery has 120 seconds left.\n|\n|t:|1699282171\n|move|p2a: Roaring Moon|Knock Off|p1a: Volcanion\n|-damage|p1a: Volcanion|51\/100\n|-enditem|p1a: Volcanion|Charcoal|[from] move: Knock Off|[of] p2a: Roaring Moon\n|-damage|p2a: Roaring Moon|15\/100|[from] item: Life Orb\n|move|p2b: Chi-Yu|Tera Blast|p1a: Volcanion|[anim] Tera Blast Grass\n|-damage|p1a: Volcanion|0 fnt\n|faint|p1a: Volcanion\n|\n|win|SillyAvery\n|raw|JetBlackGamez's rating: 1445 &rarr; <strong>1422<\/strong><br \/>(-23 for losing)\n|raw|SillyAvery's rating: 1389 &rarr; <strong>1412<\/strong><br \/>(+23 for winning)\n|c|\u2606SillyAvery|gg\n|l|\u2606JetBlackGamez\n","uploadtime":1699282441,"views":8,"p1id":"jetblackgamez","p2id":"sillyavery","formatid":"gen9doublesou","rating":1412,"private":0,"password":""}