{"id":"gen9doublesou-1976863505","p1":"Rungy","p2":"muddpatty","format":"[Gen 9] Doubles OU","log":"|j|\u2606Rungy\n|j|\u2606muddpatty\n|t:|1698347529\n|gametype|doubles\n|player|p1|Rungy|gambler|1126\n|player|p2|muddpatty|102|1151\n|teamsize|p1|6\n|teamsize|p2|6\n|gen|9\n|tier|[Gen 9] Doubles OU\n|rated|\n|rule|Species Clause: Limit one of each Pok\u00e9mon\n|rule|OHKO Clause: OHKO moves are banned\n|rule|Evasion Moves Clause: Evasion moves are banned\n|rule|Gravity Sleep Clause: The combination of sleep-inducing moves with imperfect accuracy and Gravity or Gigantamax Orbeetle are banned\n|rule|Endless Battle Clause: Forcing endless battles is banned\n|rule|HP Percentage Mod: HP is shown in percentages\n|clearpoke\n|poke|p1|Grimmsnarl, M|\n|poke|p1|Farigiraf, M|\n|poke|p1|Sinistcha|\n|poke|p1|Gastrodon-East, F|\n|poke|p1|Masquerain, M|\n|poke|p1|Arcanine, F|\n|poke|p2|Cresselia, F|\n|poke|p2|Ursaluna-Bloodmoon, M|\n|poke|p2|Dusclops, M|\n|poke|p2|Conkeldurr, F|\n|poke|p2|Torkoal, F|\n|poke|p2|Lilligant-Hisui, F|\n|teampreview\n|c|\u2606Rungy|glhf!\n|\n|t:|1698347538\n|start\n|switch|p1a: Grimey|Grimmsnarl, M|100\/100\n|switch|p1b: Buzz|Masquerain, M|100\/100\n|switch|p2a: Cresselia|Cresselia, F|100\/100\n|switch|p2b: Conkeldurr|Conkeldurr, F|100\/100\n|-ability|p1b: Buzz|Intimidate|boost\n|-unboost|p2a: Cresselia|atk|1\n|-unboost|p2b: Conkeldurr|atk|1\n|turn|1\n|\n|t:|1698347556\n|-terastallize|p2a: Cresselia|Dark\n|move|p1a: Grimey|Misty Terrain|p1a: Grimey\n|-fieldstart|move: Misty Terrain\n|move|p1b: Buzz|Air Slash|p2b: Conkeldurr\n|-supereffective|p2b: Conkeldurr\n|-damage|p2b: Conkeldurr|18\/100\n|move|p2b: Conkeldurr|Thunder Punch|p1b: Buzz\n|-supereffective|p1b: Buzz\n|-enditem|p1b: Buzz|Focus Sash\n|-damage|p1b: Buzz|1\/100\n|move|p2a: Cresselia|Trick Room|p2a: Cresselia\n|-fieldstart|move: Trick Room|[of] p2a: Cresselia\n|\n|upkeep\n|turn|2\n|\n|t:|1698347574\n|move|p2b: Conkeldurr|Mach Punch|p1b: Buzz\n|-resisted|p1b: Buzz\n|-damage|p1b: Buzz|0 fnt\n|faint|p1b: Buzz\n|-damage|p2b: Conkeldurr|8\/100|[from] item: Life Orb\n|move|p1a: Grimey|Spirit Break|p2a: Cresselia\n|-supereffective|p2a: Cresselia\n|-damage|p2a: Cresselia|47\/100\n|-unboost|p2a: Cresselia|spa|1\n|move|p2a: Cresselia|Lunar Blessing|p2a: Cresselia|[spread] p2a,p2b\n|-heal|p2a: Cresselia|72\/100\n|-heal|p2b: Conkeldurr|33\/100\n|\n|upkeep\n|\n|t:|1698347587\n|switch|p1b: SLUG|Gastrodon-East, F|100\/100\n|turn|3\n|\n|t:|1698347606\n|switch|p2a: Lilligant|Lilligant-Hisui, F|100\/100\n|move|p1b: SLUG|Water Pulse|p2b: Conkeldurr\n|-damage|p2b: Conkeldurr|2\/100\n|move|p2b: Conkeldurr|Drain Punch|p1a: Grimey\n|-damage|p1a: Grimey|49\/100\n|-heal|p2b: Conkeldurr|27\/100|[from] drain|[of] p1a: Grimey\n|-damage|p2b: Conkeldurr|17\/100|[from] item: Life Orb\n|move|p1a: Grimey|Spirit Break|p2a: Lilligant\n|-supereffective|p2a: Lilligant\n|-damage|p2a: Lilligant|0 fnt\n|faint|p2a: Lilligant\n|\n|upkeep\n|\n|t:|1698347625\n|switch|p2a: Ursaluna|Ursaluna-Bloodmoon, M|100\/100\n|turn|4\n|\n|t:|1698347644\n|move|p1b: SLUG|Water Pulse|p2a: Ursaluna\n|-supereffective|p2a: Ursaluna\n|-damage|p2a: Ursaluna|36\/100\n|move|p2b: Conkeldurr|Drain Punch|p1b: SLUG\n|-damage|p1b: SLUG|58\/100\n|-heal|p2b: Conkeldurr|39\/100|[from] drain|[of] p1b: SLUG\n|-damage|p2b: Conkeldurr|29\/100|[from] item: Life Orb\n|move|p2a: Ursaluna|Blood Moon|p1a: Grimey\n|-damage|p1a: Grimey|0 fnt\n|faint|p1a: Grimey\n|\n|upkeep\n|\n|t:|1698347655\n|switch|p1a: Kratom|Sinistcha|100\/100\n|-heal|p1b: SLUG|82\/100|[from] ability: Hospitality|[of] p1a: Kratom\n|turn|5\n|\n|t:|1698347683\n|move|p1b: SLUG|Water Pulse|p2a: Ursaluna\n|-supereffective|p2a: Ursaluna\n|-damage|p2a: Ursaluna|0 fnt\n|faint|p2a: Ursaluna\n|move|p2b: Conkeldurr|Drain Punch|p1b: SLUG\n|-damage|p1b: SLUG|39\/100\n|-heal|p2b: Conkeldurr|51\/100|[from] drain|[of] p1b: SLUG\n|-damage|p2b: Conkeldurr|42\/100|[from] item: Life Orb\n|move|p1a: Kratom|Life Dew||[still]|[spread] \n|-ability|p1b: SLUG|Storm Drain|boost\n|-boost|p1b: SLUG|spa|1\n|-fail|p1a: Kratom|heal\n|\n|-fieldend|move: Trick Room\n|upkeep\n|\n|t:|1698347700\n|switch|p2a: Cresselia|Cresselia, F, tera:Dark|72\/100\n|turn|6\n|\n|t:|1698347718\n|move|p1a: Kratom|Matcha Gotcha|p2b: Conkeldurr|[spread] p2a,p2b\n|-damage|p2a: Cresselia|57\/100\n|-damage|p2b: Conkeldurr|9\/100\n|move|p2a: Cresselia|Lunar Blessing|p2a: Cresselia|[spread] p2a,p2b\n|-heal|p2a: Cresselia|82\/100\n|-heal|p2b: Conkeldurr|34\/100\n|move|p2b: Conkeldurr|Ice Punch|p1a: Kratom\n|-supereffective|p1a: Kratom\n|-damage|p1a: Kratom|28\/100\n|move|p1b: SLUG|Water Pulse|p2b: Conkeldurr\n|-damage|p2b: Conkeldurr|0 fnt\n|faint|p2b: Conkeldurr\n|\n|upkeep\n|\n|t:|1698347734\n|switch|p2b: Torkoal|Torkoal, F|100\/100\n|-weather|SunnyDay|[from] ability: Drought|[of] p2b: Torkoal\n|turn|7\n|\n|t:|1698347747\n|-terastallize|p1b: SLUG|Poison\n|move|p2a: Cresselia|Ally Switch|p2a: Cresselia\n|swap|p2a: Cresselia|1|[from] move: Ally Switch\n|move|p1a: Kratom|Life Dew|p1a: Kratom|[spread] p1a\n|-ability|p1b: SLUG|Storm Drain|boost\n|-boost|p1b: SLUG|spa|1\n|-heal|p1a: Kratom|53\/100\n|move|p1b: SLUG|Earth Power|p2b: Cresselia\n|-immune|p2b: Cresselia|[from] ability: Levitate\n|move|p2a: Torkoal|Eruption|p1b: SLUG|[spread] p1a,p1b\n|-supereffective|p1a: Kratom\n|-crit|p1b: SLUG\n|-damage|p1a: Kratom|0 fnt\n|-damage|p1b: SLUG|0 fnt\n|faint|p1a: Kratom\n|faint|p1b: SLUG\n|\n|-weather|SunnyDay|[upkeep]\n|upkeep\n|\n|t:|1698347762\n|switch|p1a: Mr. Rothschild|Farigiraf, M|100\/100\n|switch|p1b: Fang|Arcanine, F|100\/100\n|turn|8\n|\n|t:|1698347781\n|move|p1b: Fang|Flare Blitz|p2b: Cresselia\n|-damage|p2b: Cresselia|32\/100\n|-damage|p1b: Fang|79\/100|[from] Recoil\n|-heal|p1b: Fang|87\/100|[from] item: Shell Bell|[of] p2b: Cresselia\n|move|p1a: Mr. Rothschild|Hyper Voice|p2b: Cresselia|[spread] p2a,p2b\n|-damage|p2a: Torkoal|58\/100\n|-damage|p2b: Cresselia|12\/100\n|-enditem|p1a: Mr. Rothschild|Throat Spray\n|-boost|p1a: Mr. Rothschild|spa|1|[from] item: Throat Spray\n|move|p2b: Cresselia|Thunder Wave|p1a: Mr. Rothschild|[miss]\n|-miss|p2b: Cresselia|p1a: Mr. Rothschild\n|move|p2a: Torkoal|Earth Power|p1b: Fang\n|-supereffective|p1b: Fang\n|-damage|p1b: Fang|22\/100\n|\n|-weather|SunnyDay|[upkeep]\n|-fieldend|Misty Terrain\n|upkeep\n|turn|9\n|\n|t:|1698347813\n|move|p1b: Fang|Wild Charge|p2a: Torkoal\n|-damage|p2a: Torkoal|38\/100\n|-damage|p1b: Fang|17\/100|[from] Recoil\n|-heal|p1b: Fang|19\/100|[from] item: Shell Bell|[of] p2a: Torkoal\n|move|p1a: Mr. Rothschild|Hyper Voice|p2a: Torkoal|[spread] p2a,p2b\n|-damage|p2a: Torkoal|0 fnt\n|-damage|p2b: Cresselia|0 fnt\n|faint|p2a: Torkoal\n|faint|p2b: Cresselia\n|\n|-weather|SunnyDay|[upkeep]\n|upkeep\n|\n|t:|1698347826\n|switch|p2b: Dusclops|Dusclops, M|100\/100\n|-item|p1b: Fang|Shell Bell|[from] ability: Frisk|[of] p2b: Dusclops|[identify]\n|turn|10\n|\n|t:|1698347833\n|move|p1b: Fang|Flare Blitz|p2b: Dusclops\n|-damage|p2b: Dusclops|56\/100\n|-damage|p1b: Fang|6\/100|[from] Recoil\n|-heal|p1b: Fang|11\/100|[from] item: Shell Bell|[of] p2b: Dusclops\n|move|p1a: Mr. Rothschild|Dazzling Gleam|p2b: Dusclops\n|-damage|p2b: Dusclops|31\/100\n|move|p2b: Dusclops|Will-O-Wisp|p1a: Mr. Rothschild\n|-status|p1a: Mr. Rothschild|brn\n|\n|-weather|SunnyDay|[upkeep]\n|-damage|p1a: Mr. Rothschild|94\/100 brn|[from] brn\n|upkeep\n|turn|11\n|\n|t:|1698347848\n|move|p1b: Fang|Flare Blitz|p2b: Dusclops\n|-damage|p2b: Dusclops|0 fnt\n|faint|p2b: Dusclops\n|-damage|p1b: Fang|2\/100|[from] Recoil\n|-heal|p1b: Fang|5\/100|[from] item: Shell Bell|[of] p2: Dusclops\n|\n|win|Rungy\n|raw|Rungy's rating: 1126 &rarr; <strong>1153<\/strong><br \/>(+27 for winning)\n|raw|muddpatty's rating: 1151 &rarr; <strong>1124<\/strong><br \/>(-27 for losing)\n|c|\u2606Rungy|gg\n|l|\u2606muddpatty\n","uploadtime":1698347858,"views":16,"p1id":"rungy","p2id":"muddpatty","formatid":"gen9doublesou","rating":1124,"private":0,"password":""}