{"id":"gen9doublesou-1985389063","p1":"haydenredacted","p2":"chamaquitomo","format":"[Gen 9] Doubles OU","log":"|j|\u2606haydenredacted\n|j|\u2606chamaquitomo\n|t:|1699370586\n|gametype|doubles\n|player|p1|haydenredacted|clerk|1140\n|player|p2|chamaquitomo|youngster-gen7|1217\n|teamsize|p1|6\n|teamsize|p2|6\n|gen|9\n|tier|[Gen 9] Doubles OU\n|rated|\n|rule|Species Clause: Limit one of each Pok\u00e9mon\n|rule|OHKO Clause: OHKO moves are banned\n|rule|Evasion Moves Clause: Evasion moves are banned\n|rule|Gravity Sleep Clause: The combination of sleep-inducing moves with imperfect accuracy and Gravity or Gigantamax Orbeetle are banned\n|rule|Endless Battle Clause: Forcing endless battles is banned\n|rule|HP Percentage Mod: HP is shown in percentages\n|clearpoke\n|poke|p1|Ninetales-Alola, M|\n|poke|p1|Garchomp, F|\n|poke|p1|Great Tusk|\n|poke|p1|Slowking, F|\n|poke|p1|Rotom-Wash|\n|poke|p1|Corviknight, F|\n|poke|p2|Braviary-Hisui, M|\n|poke|p2|Arcanine-Hisui, F|\n|poke|p2|Goodra-Hisui, F|\n|poke|p2|Talonflame, F|\n|poke|p2|Sneasler, M|\n|poke|p2|Glimmora, F|\n|teampreview\n|inactive|Battle timer is ON: inactive players will automatically lose when time's up. (requested by chamaquitomo)\n|\n|t:|1699370598\n|start\n|switch|p1a: NormtheNinertails|Ninetales-Alola, M, shiny|100\/100\n|switch|p1b: Slowking|Slowking, F|100\/100\n|switch|p2a: Talonflame|Talonflame, F|100\/100\n|switch|p2b: Sneasler|Sneasler, M|100\/100\n|turn|1\n|\n|t:|1699370618\n|move|p1a: NormtheNinertails|Protect|p1a: NormtheNinertails\n|-singleturn|p1a: NormtheNinertails|Protect\n|move|p2b: Sneasler|Fake Out|p1b: Slowking\n|-damage|p1b: Slowking|87\/100\n|move|p2a: Talonflame|Acrobatics|p1b: Slowking\n|-damage|p1b: Slowking|35\/100\n|cant|p1b: Slowking|flinch\n|\n|upkeep\n|turn|2\n|\n|t:|1699370637\n|move|p2a: Talonflame|Flare Blitz|p1a: NormtheNinertails\n|-supereffective|p1a: NormtheNinertails\n|-damage|p1a: NormtheNinertails|0 fnt\n|faint|p1a: NormtheNinertails\n|-damage|p2a: Talonflame|62\/100|[from] Recoil\n|move|p2b: Sneasler|Dire Claw|p1b: Slowking\n|-damage|p1b: Slowking|0 fnt\n|faint|p1b: Slowking\n|\n|upkeep\n|\n|t:|1699370654\n|switch|p1a: Rotom|Rotom-Wash|100\/100\n|switch|p1b: Shirona|Garchomp, F|100\/100\n|turn|3\n|\n|t:|1699370674\n|-terastallize|p1a: Rotom|Water\n|move|p2a: Talonflame|Tailwind|p2a: Talonflame\n|-sidestart|p2: chamaquitomo|move: Tailwind\n|move|p2b: Sneasler|Toxic Spikes|p1b: Shirona\n|-sidestart|p1: haydenredacted|move: Toxic Spikes\n|move|p1b: Shirona|Stealth Rock|p2a: Talonflame\n|-sidestart|p2: chamaquitomo|move: Stealth Rock\n|move|p1a: Rotom|Hydro Pump|p2a: Talonflame\n|-supereffective|p2a: Talonflame\n|-damage|p2a: Talonflame|0 fnt\n|faint|p2a: Talonflame\n|\n|upkeep\n|inactive|chamaquitomo has 120 seconds left.\n|\n|t:|1699370695\n|switch|p2a: Glimmora|Glimmora, F, shiny|100\/100\n|-damage|p2a: Glimmora|88\/100|[from] Stealth Rock\n|turn|4\n|\n|t:|1699370708\n|move|p2b: Sneasler|Toxic Spikes|p1b: Shirona\n|-sidestart|p1: haydenredacted|move: Toxic Spikes\n|move|p2a: Glimmora|Spikes|p1a: Rotom\n|-sidestart|p1: haydenredacted|Spikes\n|move|p1a: Rotom|Hydro Pump|p2a: Glimmora\n|-supereffective|p2a: Glimmora\n|-damage|p2a: Glimmora|0 fnt\n|faint|p2a: Glimmora\n|move|p1b: Shirona|Dragon Tail|p2b: Sneasler\n|-damage|p2b: Sneasler|53\/100\n|drag|p2b: Goodra|Goodra-Hisui, F|100\/100\n|-damage|p2b: Goodra|94\/100|[from] Stealth Rock\n|\n|-heal|p2b: Goodra|100\/100|[from] item: Leftovers\n|upkeep\n|\n|t:|1699370731\n|switch|p2a: Braviary|Braviary-Hisui, M|100\/100\n|-damage|p2a: Braviary|76\/100|[from] Stealth Rock\n|turn|5\n|\n|t:|1699370753\n|move|p2a: Braviary|Esper Wing|p1b: Shirona\n|-damage|p1b: Shirona|62\/100\n|-boost|p2a: Braviary|spe|1\n|move|p2b: Goodra|Shelter|p2b: Goodra\n|-boost|p2b: Goodra|def|2\n|move|p1b: Shirona|Earthquake|p2a: Braviary|[spread] p2b\n|-immune|p1a: Rotom|[from] ability: Levitate\n|-immune|p2a: Braviary\n|-supereffective|p2b: Goodra\n|-damage|p2b: Goodra|79\/100\n|move|p1a: Rotom|Thunderbolt|p2a: Braviary\n|-supereffective|p2a: Braviary\n|-damage|p2a: Braviary|0 fnt\n|faint|p2a: Braviary\n|\n|-heal|p2b: Goodra|85\/100|[from] item: Leftovers\n|upkeep\n|\n|t:|1699370769\n|switch|p2a: Arcanine|Arcanine-Hisui, F, shiny|100\/100\n|-damage|p2a: Arcanine|76\/100|[from] Stealth Rock\n|-ability|p2a: Arcanine|Intimidate|boost\n|-unboost|p1a: Rotom|atk|1\n|-unboost|p1b: Shirona|atk|1\n|turn|6\n|\n|t:|1699370778\n|switch|p2a: Sneasler|Sneasler, M|53\/100\n|-damage|p2a: Sneasler|47\/100|[from] Stealth Rock\n|move|p2b: Goodra|Life Dew|p2b: Goodra|[spread] p2a,p2b\n|-heal|p2a: Sneasler|72\/100\n|-heal|p2b: Goodra|100\/100\n|move|p1a: Rotom|Hydro Pump|p2a: Sneasler\n|-crit|p2a: Sneasler\n|-damage|p2a: Sneasler|0 fnt\n|faint|p2a: Sneasler\n|move|p1b: Shirona|Dragon Tail|p2b: Goodra\n|-damage|p2b: Goodra|94\/100\n|drag|p2b: Arcanine|Arcanine-Hisui, F, shiny|76\/100\n|-damage|p2b: Arcanine|51\/100|[from] Stealth Rock\n|-ability|p2b: Arcanine|Intimidate|boost\n|-unboost|p1a: Rotom|atk|1\n|-unboost|p1b: Shirona|atk|1\n|\n|-sideend|p2: chamaquitomo|move: Tailwind\n|upkeep\n|\n|t:|1699370788\n|switch|p2a: Goodra|Goodra-Hisui, F|94\/100\n|-damage|p2a: Goodra|88\/100|[from] Stealth Rock\n|turn|7\n|\n|t:|1699370815\n|move|p1b: Shirona|Earthquake|p2a: Goodra|[spread] p2a,p2b\n|-immune|p1a: Rotom|[from] ability: Levitate\n|-supereffective|p2a: Goodra\n|-supereffective|p2b: Arcanine\n|-damage|p2a: Goodra|65\/100\n|-damage|p2b: Arcanine|0 fnt\n|faint|p2b: Arcanine\n|move|p1a: Rotom|Hydro Pump|p2a: Goodra\n|-resisted|p2a: Goodra\n|-damage|p2a: Goodra|48\/100\n|move|p2a: Goodra|Shelter|p2a: Goodra\n|-boost|p2a: Goodra|def|2\n|\n|-heal|p2a: Goodra|54\/100|[from] item: Leftovers\n|upkeep\n|turn|8\n|\n|t:|1699370832\n|move|p1b: Shirona|Flamethrower|p2a: Goodra\n|-damage|p2a: Goodra|43\/100\n|move|p1a: Rotom|Hydro Pump|p2a: Goodra\n|-resisted|p2a: Goodra\n|-damage|p2a: Goodra|24\/100\n|move|p2a: Goodra|Life Dew|p2a: Goodra\n|-heal|p2a: Goodra|49\/100\n|\n|-heal|p2a: Goodra|55\/100|[from] item: Leftovers\n|upkeep\n|turn|9\n|\n|t:|1699370844\n|move|p1b: Shirona|Earthquake|p2a: Goodra|[spread] p2a\n|-immune|p1a: Rotom|[from] ability: Levitate\n|-supereffective|p2a: Goodra\n|-damage|p2a: Goodra|43\/100\n|move|p1a: Rotom|Hydro Pump|p2a: Goodra|[miss]\n|-miss|p1a: Rotom|p2a: Goodra\n|move|p2a: Goodra|Shelter|p2a: Goodra\n|-boost|p2a: Goodra|def|2\n|\n|-heal|p2a: Goodra|49\/100|[from] item: Leftovers\n|upkeep\n|turn|10\n|\n|t:|1699370867\n|move|p1b: Shirona|Earthquake|p2a: Goodra|[spread] p2a\n|-immune|p1a: Rotom|[from] ability: Levitate\n|-supereffective|p2a: Goodra\n|-damage|p2a: Goodra|42\/100\n|move|p1a: Rotom|Thunderbolt|p2a: Goodra\n|-resisted|p2a: Goodra\n|-damage|p2a: Goodra|32\/100\n|move|p2a: Goodra|Life Dew|p2a: Goodra\n|-heal|p2a: Goodra|57\/100\n|\n|-heal|p2a: Goodra|63\/100|[from] item: Leftovers\n|upkeep\n|turn|11\n|\n|t:|1699370885\n|move|p1b: Shirona|Flamethrower|p2a: Goodra\n|-damage|p2a: Goodra|54\/100\n|move|p1a: Rotom|Thunderbolt|p2a: Goodra\n|-resisted|p2a: Goodra\n|-damage|p2a: Goodra|44\/100\n|move|p2a: Goodra|Shelter|p2a: Goodra\n|-boost|p2a: Goodra|def|2\n|\n|-heal|p2a: Goodra|50\/100|[from] item: Leftovers\n|upkeep\n|turn|12\n|\n|t:|1699370896\n|move|p1b: Shirona|Flamethrower|p2a: Goodra\n|-damage|p2a: Goodra|41\/100\n|move|p1a: Rotom|Thunderbolt|p2a: Goodra\n|-resisted|p2a: Goodra\n|-damage|p2a: Goodra|30\/100\n|move|p2a: Goodra|Life Dew|p2a: Goodra\n|-heal|p2a: Goodra|55\/100\n|\n|-heal|p2a: Goodra|61\/100|[from] item: Leftovers\n|upkeep\n|turn|13\n|\n|t:|1699370908\n|move|p1b: Shirona|Flamethrower|p2a: Goodra\n|-damage|p2a: Goodra|51\/100\n|move|p1a: Rotom|Thunderbolt|p2a: Goodra\n|-resisted|p2a: Goodra\n|-damage|p2a: Goodra|40\/100\n|move|p2a: Goodra|Life Dew|p2a: Goodra\n|-heal|p2a: Goodra|65\/100\n|\n|-heal|p2a: Goodra|71\/100|[from] item: Leftovers\n|upkeep\n|turn|14\n|\n|t:|1699370920\n|move|p1b: Shirona|Flamethrower|p2a: Goodra\n|-damage|p2a: Goodra|60\/100\n|move|p1a: Rotom|Thunderbolt|p2a: Goodra\n|-resisted|p2a: Goodra\n|-damage|p2a: Goodra|49\/100\n|move|p2a: Goodra|Life Dew|p2a: Goodra\n|-heal|p2a: Goodra|74\/100\n|\n|-heal|p2a: Goodra|80\/100|[from] item: Leftovers\n|upkeep\n|turn|15\n|\n|t:|1699370934\n|move|p1b: Shirona|Flamethrower|p2a: Goodra\n|-damage|p2a: Goodra|69\/100\n|-status|p2a: Goodra|brn\n|move|p1a: Rotom|Thunderbolt|p2a: Goodra\n|-resisted|p2a: Goodra\n|-damage|p2a: Goodra|57\/100 brn\n|move|p2a: Goodra|Life Dew|p2a: Goodra\n|-heal|p2a: Goodra|82\/100 brn\n|\n|-heal|p2a: Goodra|88\/100 brn|[from] item: Leftovers\n|-damage|p2a: Goodra|82\/100 brn|[from] brn\n|upkeep\n|turn|16\n|\n|t:|1699370952\n|move|p1b: Shirona|Flamethrower|p2a: Goodra\n|-damage|p2a: Goodra|72\/100 brn\n|move|p1a: Rotom|Thunderbolt|p2a: Goodra\n|-resisted|p2a: Goodra\n|-damage|p2a: Goodra|61\/100 brn\n|move|p2a: Goodra|Body Press|p1a: Rotom\n|-damage|p1a: Rotom|59\/100\n|\n|-heal|p2a: Goodra|68\/100 brn|[from] item: Leftovers\n|-damage|p2a: Goodra|61\/100 brn|[from] brn\n|upkeep\n|turn|17\n|\n|t:|1699370965\n|move|p1b: Shirona|Flamethrower|p2a: Goodra\n|-damage|p2a: Goodra|52\/100 brn\n|move|p1a: Rotom|Thunderbolt|p2a: Goodra\n|-resisted|p2a: Goodra\n|-damage|p2a: Goodra|40\/100 brn\n|move|p2a: Goodra|Life Dew|p2a: Goodra\n|-heal|p2a: Goodra|65\/100 brn\n|\n|-heal|p2a: Goodra|71\/100 brn|[from] item: Leftovers\n|-damage|p2a: Goodra|65\/100 brn|[from] brn\n|upkeep\n|turn|18\n|\n|t:|1699370977\n|move|p1b: Shirona|Flamethrower|p2a: Goodra\n|-damage|p2a: Goodra|55\/100 brn\n|move|p1a: Rotom|Thunderbolt|p2a: Goodra\n|-resisted|p2a: Goodra\n|-damage|p2a: Goodra|44\/100 brn\n|move|p2a: Goodra|Body Press|p1a: Rotom\n|-crit|p1a: Rotom\n|-damage|p1a: Rotom|3\/100\n|\n|-heal|p2a: Goodra|50\/100 brn|[from] item: Leftovers\n|-damage|p2a: Goodra|44\/100 brn|[from] brn\n|upkeep\n|turn|19\n|\n|t:|1699370991\n|move|p1b: Shirona|Flamethrower|p2a: Goodra\n|-damage|p2a: Goodra|34\/100 brn\n|move|p1a: Rotom|Thunderbolt|p2a: Goodra\n|-resisted|p2a: Goodra\n|-damage|p2a: Goodra|22\/100 brn\n|move|p2a: Goodra|Life Dew|p2a: Goodra\n|-heal|p2a: Goodra|47\/100 brn\n|\n|-heal|p2a: Goodra|54\/100 brn|[from] item: Leftovers\n|-damage|p2a: Goodra|47\/100 brn|[from] brn\n|upkeep\n|turn|20\n|\n|t:|1699371003\n|move|p1b: Shirona|Flamethrower|p2a: Goodra\n|-damage|p2a: Goodra|37\/100 brn\n|move|p1a: Rotom|Thunderbolt|p2a: Goodra\n|-resisted|p2a: Goodra\n|-damage|p2a: Goodra|27\/100 brn\n|move|p2a: Goodra|Life Dew|p2a: Goodra\n|-heal|p2a: Goodra|52\/100 brn\n|\n|-heal|p2a: Goodra|58\/100 brn|[from] item: Leftovers\n|-damage|p2a: Goodra|52\/100 brn|[from] brn\n|upkeep\n|turn|21\n|\n|t:|1699371015\n|move|p1b: Shirona|Flamethrower|p2a: Goodra\n|-damage|p2a: Goodra|41\/100 brn\n|move|p1a: Rotom|Thunderbolt|p2a: Goodra\n|-resisted|p2a: Goodra\n|-damage|p2a: Goodra|31\/100 brn\n|move|p2a: Goodra|Body Press|p1b: Shirona\n|-damage|p1b: Shirona|28\/100\n|-damage|p2a: Goodra|19\/100 brn|[from] ability: Rough Skin|[of] p1b: Shirona\n|-damage|p2a: Goodra|2\/100 brn|[from] item: Rocky Helmet|[of] p1b: Shirona\n|\n|-heal|p2a: Goodra|8\/100 brn|[from] item: Leftovers\n|-damage|p2a: Goodra|2\/100 brn|[from] brn\n|upkeep\n|turn|22\n|\n|t:|1699371030\n|move|p1b: Shirona|Flamethrower|p2a: Goodra\n|-damage|p2a: Goodra|0 fnt\n|faint|p2a: Goodra\n|\n|win|haydenredacted\n|raw|haydenredacted's rating: 1140 &rarr; <strong>1170<\/strong><br \/>(+30 for winning)\n|raw|chamaquitomo's rating: 1217 &rarr; <strong>1187<\/strong><br \/>(-30 for losing)\n|l|\u2606chamaquitomo\n|c|\u2606haydenredacted|lmao\n","uploadtime":1699371069,"views":9,"p1id":"haydenredacted","p2id":"chamaquitomo","formatid":"gen9doublesou","rating":1170,"private":0,"password":""}