{"id":"gen9doublesou-1999608225","p1":"TheActualN","p2":"Slimthickens","format":"[Gen 9] Doubles OU","log":"|j|\u2606TheActualN\n|j|\u2606Slimthickens\n|t:|1701100761\n|gametype|doubles\n|player|p1|TheActualN|n|1094\n|player|p2|Slimthickens|101|1136\n|teamsize|p1|6\n|teamsize|p2|6\n|gen|9\n|tier|[Gen 9] Doubles OU\n|rated|\n|rule|Species Clause: Limit one of each Pok\u00e9mon\n|rule|OHKO Clause: OHKO moves are banned\n|rule|Evasion Moves Clause: Evasion moves are banned\n|rule|Gravity Sleep Clause: The combination of sleep-inducing moves with imperfect accuracy and Gravity or Gigantamax Orbeetle are banned\n|rule|Endless Battle Clause: Forcing endless battles is banned\n|rule|HP Percentage Mod: HP is shown in percentages\n|clearpoke\n|poke|p1|Grimmsnarl, M|\n|poke|p1|Toxapex, M|\n|poke|p1|Amoonguss, M|\n|poke|p1|Hariyama, M|\n|poke|p1|Clefairy, F|\n|poke|p1|Indeedee-F, F|\n|poke|p2|Flutter Mane|\n|poke|p2|Ninetales, F|\n|poke|p2|Oranguru, F|\n|poke|p2|Hydreigon, F|\n|poke|p2|Politoed, M|\n|poke|p2|Pincurchin, M|\n|teampreview\n|\n|t:|1701100770\n|start\n|switch|p1a: Grimmsnarl|Grimmsnarl, M|100\/100\n|switch|p1b: Toxapex|Toxapex, M|100\/100\n|switch|p2a: Bye|Flutter Mane|100\/100\n|switch|p2b: Oranguru|Oranguru, F|100\/100\n|turn|1\n|\n|t:|1701100797\n|-terastallize|p2b: Oranguru|Ghost\n|move|p1a: Grimmsnarl|Light Screen|p1a: Grimmsnarl\n|-sidestart|p1: TheActualN|move: Light Screen\n|move|p2a: Bye|Thunderbolt|p1b: Toxapex\n|-supereffective|p1b: Toxapex\n|-damage|p1b: Toxapex|60\/100\n|move|p2b: Oranguru|Instruct|p2a: Bye\n|-singleturn|p2a: Bye|move: Instruct|[of] p2b: Oranguru\n|move|p2a: Bye|Thunderbolt|p1b: Toxapex\n|-supereffective|p1b: Toxapex\n|-damage|p1b: Toxapex|20\/100\n|-enditem|p1b: Toxapex|Aguav Berry|[eat]\n|-heal|p1b: Toxapex|53\/100|[from] item: Aguav Berry\n|move|p1b: Toxapex|Toxic|p2a: Bye\n|-status|p2a: Bye|tox\n|\n|-damage|p2a: Bye|95\/100 tox|[from] psn\n|upkeep\n|turn|2\n|\n|t:|1701100817\n|move|p1b: Toxapex|Baneful Bunker|p1b: Toxapex\n|-singleturn|p1b: Toxapex|move: Protect\n|move|p1a: Grimmsnarl|Reflect|p1a: Grimmsnarl\n|-sidestart|p1: TheActualN|Reflect\n|move|p2a: Bye|Thunderbolt|p1a: Grimmsnarl\n|-damage|p1a: Grimmsnarl|83\/100\n|move|p2b: Oranguru|Instruct|p2a: Bye\n|-singleturn|p2a: Bye|move: Instruct|[of] p2b: Oranguru\n|move|p2a: Bye|Thunderbolt|p1a: Grimmsnarl\n|-damage|p1a: Grimmsnarl|65\/100\n|\n|-damage|p2a: Bye|83\/100 tox|[from] psn\n|upkeep\n|turn|3\n|\n|t:|1701100837\n|switch|p1b: Amoonguss|Amoonguss, M|100\/100\n|move|p2a: Bye|Thunderbolt|p1b: Amoonguss\n|-resisted|p1b: Amoonguss\n|-damage|p1b: Amoonguss|89\/100\n|-status|p1b: Amoonguss|par\n|move|p2b: Oranguru|Instruct|p2a: Bye\n|-singleturn|p2a: Bye|move: Instruct|[of] p2b: Oranguru\n|move|p2a: Bye|Thunderbolt|p1b: Amoonguss\n|-resisted|p1b: Amoonguss\n|-damage|p1b: Amoonguss|79\/100 par\n|move|p1a: Grimmsnarl|Spirit Break|p2b: Oranguru\n|-damage|p2b: Oranguru|65\/100\n|-unboost|p2b: Oranguru|spa|1\n|\n|-heal|p1b: Amoonguss|85\/100 par|[from] item: Black Sludge\n|-damage|p2a: Bye|65\/100 tox|[from] psn\n|upkeep\n|turn|4\n|c|\u2606Slimthickens|Lmfao\n|c|\u2606Slimthickens|you think you\u2019re putting me to sleep\n|c|\u2606Slimthickens|no I don\u2019t play that way\n|\n|t:|1701100864\n|-end|p2a: Bye|Protosynthesis|[silent]\n|switch|p2a: Hydreigon|Hydreigon, F|100\/100\n|switch|p2b: Pincurchin|Pincurchin, M|100\/100\n|-fieldstart|move: Electric Terrain|[from] ability: Electric Surge|[of] p2b: Pincurchin\n|move|p1a: Grimmsnarl|Spirit Break|p2a: Hydreigon\n|-supereffective|p2a: Hydreigon\n|-damage|p2a: Hydreigon|0 fnt\n|faint|p2a: Hydreigon\n|move|p1b: Amoonguss|Pollen Puff|p1a: Grimmsnarl\n|-heal|p1a: Grimmsnarl|100\/100\n|\n|-heal|p1b: Amoonguss|91\/100 par|[from] item: Black Sludge\n|upkeep\n|n|!Slimthickens|slimthickens\n|c|\u2606TheActualN|nah we cooking\n|\n|t:|1701100880\n|switch|p2a: Bye|Flutter Mane|65\/100 tox\n|turn|5\n|\n|t:|1701100897\n|move|p2a: Bye|Mystical Fire|p1b: Amoonguss\n|-supereffective|p1b: Amoonguss\n|-damage|p1b: Amoonguss|57\/100 par\n|-unboost|p1b: Amoonguss|spa|1\n|move|p1a: Grimmsnarl|Spirit Break|p2a: Bye\n|-damage|p2a: Bye|0 fnt\n|faint|p2a: Bye\n|-end|p2a: Bye|Protosynthesis|[silent]\n|move|p1b: Amoonguss|Sludge Bomb|p2b: Pincurchin\n|-damage|p2b: Pincurchin|56\/100\n|-status|p2b: Pincurchin|psn\n|move|p2b: Pincurchin|Poison Jab|p1a: Grimmsnarl\n|-supereffective|p1a: Grimmsnarl\n|-damage|p1a: Grimmsnarl|40\/100\n|-status|p1a: Grimmsnarl|psn\n|\n|-heal|p1b: Amoonguss|63\/100 par|[from] item: Black Sludge\n|-damage|p1a: Grimmsnarl|27\/100 psn|[from] psn\n|-damage|p2b: Pincurchin|44\/100 psn|[from] psn\n|upkeep\n|\n|t:|1701100903\n|switch|p2a: Ninetales|Ninetales, F|100\/100\n|-weather|SunnyDay|[from] ability: Drought|[of] p2a: Ninetales\n|turn|6\n|\n|t:|1701100922\n|move|p2a: Ninetales|Heat Wave|p1b: Amoonguss|[spread] p1a,p1b\n|-crit|p1a: Grimmsnarl\n|-supereffective|p1b: Amoonguss\n|-damage|p1a: Grimmsnarl|0 fnt\n|-damage|p1b: Amoonguss|11\/100 par\n|faint|p1a: Grimmsnarl\n|cant|p1b: Amoonguss|par\n|move|p2b: Pincurchin|Poison Jab|p1b: Amoonguss\n|-damage|p1b: Amoonguss|0 fnt\n|faint|p1b: Amoonguss\n|\n|-weather|SunnyDay|[upkeep]\n|-damage|p2b: Pincurchin|32\/100 psn|[from] psn\n|upkeep\n|\n|t:|1701100936\n|switch|p1a: Toxapex|Toxapex, M|87\/100\n|switch|p1b: Hariyama|Hariyama, M, shiny|100\/100\n|turn|7\n|\n|t:|1701100950\n|switch|p2a: Oranguru|Oranguru, F, tera:Ghost|65\/100\n|move|p1b: Hariyama|Fake Out|p2a: Oranguru\n|-immune|p2a: Oranguru\n|move|p1a: Toxapex|Toxic|p2a: Oranguru\n|-status|p2a: Oranguru|tox\n|move|p2b: Pincurchin|Poison Jab|p1b: Hariyama\n|-damage|p1b: Hariyama|76\/100\n|\n|-weather|SunnyDay|[upkeep]\n|-damage|p2a: Oranguru|59\/100 tox|[from] psn\n|-damage|p2b: Pincurchin|19\/100 psn|[from] psn\n|-status|p1b: Hariyama|brn|[from] item: Flame Orb\n|upkeep\n|turn|8\n|\n|t:|1701100970\n|switch|p2a: Ninetales|Ninetales, F|100\/100\n|switch|p2b: Politoed|Politoed, M|100\/100\n|-weather|RainDance|[from] ability: Drizzle|[of] p2b: Politoed\n|move|p1b: Hariyama|Belly Drum|p1b: Hariyama\n|-damage|p1b: Hariyama|26\/100 brn\n|-setboost|p1b: Hariyama|atk|6|[from] move: Belly Drum\n|move|p1a: Toxapex|Chilling Water|p2a: Ninetales\n|-supereffective|p2a: Ninetales\n|-damage|p2a: Ninetales|64\/100\n|-unboost|p2a: Ninetales|atk|1\n|\n|-weather|RainDance|[upkeep]\n|-damage|p1b: Hariyama|20\/100 brn|[from] brn\n|-sideend|p1: TheActualN|move: Light Screen\n|-fieldend|move: Electric Terrain\n|upkeep\n|turn|9\n|\n|t:|1701101015\n|move|p1b: Hariyama|Vacuum Wave|p2a: Ninetales\n|-damage|p2a: Ninetales|56\/100\n|move|p2b: Politoed|Surf|p1a: Toxapex|[spread] p2a,p1a,p1b\n|-supereffective|p2a: Ninetales\n|-resisted|p1a: Toxapex\n|-damage|p2a: Ninetales|0 fnt\n|-damage|p1a: Toxapex|69\/100\n|-damage|p1b: Hariyama|0 fnt\n|faint|p2a: Ninetales\n|faint|p1b: Hariyama\n|move|p1a: Toxapex|Toxic|p2b: Politoed\n|-status|p2b: Politoed|tox\n|\n|-weather|RainDance|[upkeep]\n|-damage|p2b: Politoed|94\/100 tox|[from] psn\n|-sideend|p1: TheActualN|Reflect\n|upkeep\n|\n|t:|1701101030\n|switch|p2a: Pincurchin|Pincurchin, M|19\/100 psn\n|switch|p1b: Clefairy|Clefairy, F|100\/100\n|-fieldstart|move: Electric Terrain|[from] ability: Electric Surge|[of] p2a: Pincurchin\n|turn|10\n|\n|t:|1701101042\n|switch|p2b: Oranguru|Oranguru, F, tera:Ghost|59\/100 tox\n|move|p1a: Toxapex|Baneful Bunker|p1a: Toxapex\n|-singleturn|p1a: Toxapex|move: Protect\n|move|p1b: Clefairy|Protect|p1b: Clefairy\n|-singleturn|p1b: Clefairy|Protect\n|move|p2a: Pincurchin|Zing Zap|p1b: Clefairy\n|-activate|p1b: Clefairy|move: Protect\n|\n|-weather|RainDance|[upkeep]\n|-damage|p2b: Oranguru|53\/100 tox|[from] psn\n|-damage|p2a: Pincurchin|7\/100 psn|[from] psn\n|upkeep\n|turn|11\n|\n|t:|1701101066\n|move|p2b: Oranguru|Instruct|p2a: Pincurchin\n|-singleturn|p2a: Pincurchin|move: Instruct|[of] p2b: Oranguru\n|move|p2a: Pincurchin|Zing Zap|p1b: Clefairy\n|-damage|p1b: Clefairy|9\/100\n|move|p1a: Toxapex|Chilling Water|p2b: Oranguru\n|-damage|p2b: Oranguru|41\/100 tox\n|-unboost|p2b: Oranguru|atk|1\n|cant|p1b: Clefairy|flinch\n|move|p2a: Pincurchin|Zing Zap|p1a: Toxapex\n|-supereffective|p1a: Toxapex\n|-damage|p1a: Toxapex|0 fnt\n|faint|p1a: Toxapex\n|\n|-weather|RainDance|[upkeep]\n|-damage|p2b: Oranguru|29\/100 tox|[from] psn\n|-damage|p2a: Pincurchin|0 fnt|[from] psn\n|faint|p2a: Pincurchin\n|upkeep\n|\n|t:|1701101084\n|switch|p1a: Indeedee|Indeedee-F, F|100\/100\n|switch|p2a: Politoed|Politoed, M|94\/100 tox\n|-fieldstart|move: Psychic Terrain|[from] ability: Psychic Surge|[of] p1a: Indeedee\n|turn|12\n|\n|t:|1701101100\n|move|p1b: Clefairy|Protect|p1b: Clefairy\n|-singleturn|p1b: Clefairy|Protect\n|move|p2b: Oranguru|Instruct||[still]\n|-fail|p2b: Oranguru\n|move|p2a: Politoed|Weather Ball|p1a: Indeedee\n|-damage|p1a: Indeedee|46\/100\n|move|p1a: Indeedee|Calm Mind|p1a: Indeedee\n|-boost|p1a: Indeedee|spa|1\n|-boost|p1a: Indeedee|spd|1\n|\n|-weather|none\n|-damage|p2b: Oranguru|10\/100 tox|[from] psn\n|-damage|p2a: Politoed|88\/100 tox|[from] psn\n|upkeep\n|turn|13\n|inactive|Battle timer is ON: inactive players will automatically lose when time's up. (requested by TheActualN)\n|inactive|Slimthickens has 120 seconds left.\n|inactive|Slimthickens has 90 seconds left.\n|inactive|Slimthickens has 60 seconds left.\n|n|\u2606Slimthickens|slimthickens\n|inactive|Slimthickens has 30 seconds left.\n|inactive|Slimthickens has 20 seconds left.\n|inactive|Slimthickens has 15 seconds left.\n|inactive|Slimthickens has 10 seconds left.\n|inactive|Slimthickens has 5 seconds left.\n|-message|Slimthickens lost due to inactivity.\n|\n|win|TheActualN\n|raw|TheActualN's rating: 1094 &rarr; <strong>1124<\/strong><br \/>(+30 for winning)\n|raw|Slimthickens's rating: 1144 &rarr; <strong>1115<\/strong><br \/>(-29 for losing)\n","uploadtime":1701100872,"views":9,"p1id":"theactualn","p2id":"slimthickens","formatid":"gen9doublesou","rating":1115,"private":0,"password":""}