{"id":"gen9doublesou-1976382708","p1":"Ravvenn98","p2":"Beanslinger2","format":"[Gen 9] Doubles OU","log":"|j|\u2606Ravvenn98\n|j|\u2606Beanslinger2\n|t:|1698294162\n|gametype|doubles\n|player|p1|Ravvenn98|steven|1184\n|player|p2|Beanslinger2|harlequin|1232\n|teamsize|p1|6\n|teamsize|p2|6\n|gen|9\n|tier|[Gen 9] Doubles OU\n|rated|\n|rule|Species Clause: Limit one of each Pok\u00e9mon\n|rule|OHKO Clause: OHKO moves are banned\n|rule|Evasion Moves Clause: Evasion moves are banned\n|rule|Gravity Sleep Clause: The combination of sleep-inducing moves with imperfect accuracy and Gravity or Gigantamax Orbeetle are banned\n|rule|Endless Battle Clause: Forcing endless battles is banned\n|rule|HP Percentage Mod: HP is shown in percentages\n|clearpoke\n|poke|p1|Maushold|\n|poke|p1|Quagsire, M|\n|poke|p1|Dipplin, M|\n|poke|p1|Tornadus, M|\n|poke|p1|Chien-Pao|\n|poke|p1|Volcanion|\n|poke|p2|Rabsca, F|\n|poke|p2|Pawmot, F|\n|poke|p2|Azelf|\n|poke|p2|Regieleki|\n|poke|p2|Garganacl, M|\n|poke|p2|Regidrago|\n|teampreview\n|inactive|Battle timer is ON: inactive players will automatically lose when time's up. (requested by Beanslinger2)\n|\n|t:|1698294180\n|start\n|switch|p1a: Quagsire|Quagsire, M|100\/100\n|switch|p1b: Tornadus|Tornadus, M|100\/100\n|switch|p2a: Pawmot|Pawmot, F|100\/100\n|switch|p2b: Regieleki|Regieleki|100\/100\n|turn|1\n|\n|t:|1698294192\n|move|p1b: Tornadus|Swagger|p1a: Quagsire\n|-boost|p1a: Quagsire|atk|2\n|-start|p1a: Quagsire|confusion\n|-enditem|p1a: Quagsire|Lum Berry|[eat]\n|-end|p1a: Quagsire|confusion\n|move|p2b: Regieleki|Explosion|p1a: Quagsire|[spread] p2a,p1a,p1b\n|-damage|p2a: Pawmot|0 fnt\n|-damage|p1a: Quagsire|21\/100\n|-damage|p1b: Tornadus|0 fnt\n|faint|p2b: Regieleki\n|faint|p2a: Pawmot\n|faint|p1b: Tornadus\n|move|p1a: Quagsire|Earthquake|p2: Pawmot|[notarget]\n|-fail|p1a: Quagsire\n|\n|upkeep\n|\n|t:|1698294214\n|switch|p2b: Azelf|Azelf|100\/100\n|switch|p2a: Rabsca|Rabsca, F|100\/100\n|switch|p1b: Dipplin|Dipplin, M, shiny|100\/100\n|-ability|p1b: Dipplin|Supersweet Syrup\n|-ability|p1b: Dipplin|Supersweet Syrup|boost\n|-unboost|p2a: Rabsca|evasion|1\n|-unboost|p2b: Azelf|evasion|1\n|turn|2\n|\n|t:|1698294227\n|move|p2b: Azelf|Explosion|p1b: Dipplin|[spread] p1a,p1b\n|-activate|p2a: Rabsca|ability: Telepathy\n|-damage|p1a: Quagsire|0 fnt\n|-damage|p1b: Dipplin|47\/100\n|faint|p2b: Azelf\n|faint|p1a: Quagsire\n|move|p2a: Rabsca|Revival Blessing|p2a: Rabsca\n|-enditem|p2a: Rabsca|Leppa Berry|[eat]\n|-activate|p2a: Rabsca|item: Leppa Berry|Revival Blessing|[consumed]\n|\n|t:|1698294235\n|-heal|p2: Regieleki|50\/100|[from] move: Revival Blessing\n|move|p1b: Dipplin|Pollen Puff|p1: Quagsire|[notarget]\n|-fail|p1b: Dipplin\n|\n|upkeep\n|\n|t:|1698294244\n|switch|p2b: Regieleki|Regieleki|50\/100\n|switch|p1a: Maushold|Maushold|100\/100\n|turn|3\n|\n|t:|1698294255\n|-terastallize|p1a: Maushold|Ghost\n|move|p1b: Dipplin|Protect|p1b: Dipplin\n|-singleturn|p1b: Dipplin|Protect\n|move|p2b: Regieleki|Explosion|p1b: Dipplin|[spread] \n|-activate|p1b: Dipplin|move: Protect\n|-activate|p2a: Rabsca|ability: Telepathy\n|-immune|p1a: Maushold\n|faint|p2b: Regieleki\n|move|p2a: Rabsca|Revival Blessing|p2a: Rabsca\n|\n|t:|1698294269\n|-heal|p2: Pawmot|50\/100|[from] move: Revival Blessing\n|move|p1a: Maushold|Taunt|p2a: Rabsca\n|-start|p2a: Rabsca|move: Taunt\n|\n|upkeep\n|\n|t:|1698294279\n|switch|p2b: Pawmot|Pawmot, F|50\/100\n|turn|4\n|\n|t:|1698294289\n|move|p2b: Pawmot|Double Shock|p1a: Maushold\n|-damage|p1a: Maushold|30\/100\n|-start|p2b: Pawmot|typechange|???\/Fighting|[from] move: Double Shock\n|move|p2a: Rabsca|Dazzling Gleam|p1a: Maushold|[spread] p1a,p1b\n|-supereffective|p1b: Dipplin\n|-damage|p1a: Maushold|11\/100\n|-damage|p1b: Dipplin|30\/100\n|move|p1b: Dipplin|Giga Drain|p2b: Pawmot\n|-damage|p2b: Pawmot|0 fnt\n|-heal|p1b: Dipplin|50\/100|[from] drain|[of] p2b: Pawmot\n|faint|p2b: Pawmot\n|move|p1a: Maushold|Switcheroo|p2a: Rabsca\n|-activate|p1a: Maushold|move: Trick|[of] p2a: Rabsca\n|-item|p2a: Rabsca|Lagging Tail|[from] move: Switcheroo\n|-enditem|p1a: Maushold|Lagging Tail|[silent]|[from] move: Switcheroo\n|\n|upkeep\n|\n|t:|1698294307\n|switch|p2b: Garganacl|Garganacl, M|100\/100\n|turn|5\n|\n|t:|1698294314\n|move|p1b: Dipplin|Protect|p1b: Dipplin\n|-singleturn|p1b: Dipplin|Protect\n|move|p1a: Maushold|Chilling Water|p2b: Garganacl\n|-supereffective|p2b: Garganacl\n|-damage|p2b: Garganacl|84\/100\n|-unboost|p2b: Garganacl|atk|1\n|move|p2b: Garganacl|Rock Slide|p1a: Maushold|[spread] \n|-activate|p1b: Dipplin|move: Protect\n|-miss|p2b: Garganacl|p1a: Maushold\n|move|p2a: Rabsca|Psychic|p1b: Dipplin\n|-activate|p1b: Dipplin|move: Protect\n|\n|upkeep\n|turn|6\n|c|\u2606Beanslinger2|Thanks Rick slide\n|c|\u2606Beanslinger2|Very cool\n|\n|t:|1698294339\n|switch|p2b: Regidrago|Regidrago|100\/100\n|move|p1a: Maushold|Chilling Water|p2b: Regidrago\n|-resisted|p2b: Regidrago\n|-damage|p2b: Regidrago|96\/100\n|-unboost|p2b: Regidrago|atk|1\n|move|p1b: Dipplin|Pollen Puff|p2a: Rabsca\n|-supereffective|p2a: Rabsca\n|-damage|p2a: Rabsca|65\/100\n|move|p2a: Rabsca|Psychic|p1a: Maushold\n|-damage|p1a: Maushold|0 fnt\n|faint|p1a: Maushold\n|\n|-end|p2a: Rabsca|move: Taunt\n|upkeep\n|\n|t:|1698294351\n|switch|p1a: Chien-Pao|Chien-Pao|100\/100\n|-ability|p1a: Chien-Pao|Sword of Ruin\n|turn|7\n|\n|t:|1698294363\n|move|p1b: Dipplin|Protect|p1b: Dipplin\n|-singleturn|p1b: Dipplin|Protect\n|move|p1a: Chien-Pao|Icicle Crash|p2b: Regidrago\n|-supereffective|p2b: Regidrago\n|-damage|p2b: Regidrago|0 fnt\n|faint|p2b: Regidrago\n|move|p2a: Rabsca|Dazzling Gleam|p1b: Dipplin|[spread] p1a\n|-activate|p1b: Dipplin|move: Protect\n|-supereffective|p1a: Chien-Pao\n|-damage|p1a: Chien-Pao|52\/100\n|\n|upkeep\n|\n|t:|1698294374\n|switch|p2b: Garganacl|Garganacl, M|84\/100\n|turn|8\n|\n|t:|1698294382\n|move|p1a: Chien-Pao|Throat Chop|p2a: Rabsca\n|-supereffective|p2a: Rabsca\n|-damage|p2a: Rabsca|0 fnt\n|faint|p2a: Rabsca\n|move|p1b: Dipplin|Giga Drain|p2b: Garganacl\n|-supereffective|p2b: Garganacl\n|-damage|p2b: Garganacl|24\/100\n|-heal|p1b: Dipplin|83\/100|[from] drain|[of] p2b: Garganacl\n|move|p2b: Garganacl|Explosion|p1b: Dipplin|[spread] p1a,p1b\n|-damage|p1a: Chien-Pao|0 fnt\n|-damage|p1b: Dipplin|10\/100\n|faint|p2b: Garganacl\n|faint|p1a: Chien-Pao\n|\n|win|Ravvenn98\n|raw|Ravvenn98's rating: 1184 &rarr; <strong>1212<\/strong><br \/>(+28 for winning)\n|raw|Beanslinger2's rating: 1232 &rarr; <strong>1204<\/strong><br \/>(-28 for losing)\n|c|\u2606Ravvenn98|gg\n|c|\u2606Beanslinger2|Gg\n","uploadtime":1698294400,"views":24,"p1id":"ravvenn98","p2id":"beanslinger2","formatid":"gen9doublesou","rating":1204,"private":0,"password":""}