{"id":"gen9doublesou-1974186298","p1":"deadlydirt","p2":"Tenn10","format":"[Gen 9] Doubles OU","log":"|j|\u2606deadlydirt\n|j|\u2606Tenn10\n|t:|1698066313\n|gametype|doubles\n|player|p1|deadlydirt|harlequin|1126\n|player|p2|Tenn10|102|1158\n|teamsize|p1|6\n|teamsize|p2|6\n|gen|9\n|tier|[Gen 9] Doubles OU\n|rated|\n|rule|Species Clause: Limit one of each Pok\u00e9mon\n|rule|OHKO Clause: OHKO moves are banned\n|rule|Evasion Moves Clause: Evasion moves are banned\n|rule|Gravity Sleep Clause: The combination of sleep-inducing moves with imperfect accuracy and Gravity or Gigantamax Orbeetle are banned\n|rule|Endless Battle Clause: Forcing endless battles is banned\n|rule|HP Percentage Mod: HP is shown in percentages\n|clearpoke\n|poke|p1|Floatzel, M|\n|poke|p1|Pelipper, F|\n|poke|p1|Gholdengo|\n|poke|p1|Dragonite, F|\n|poke|p1|Goodra-Hisui, M|\n|poke|p1|Kingambit, M|\n|poke|p2|Ribombee, F|\n|poke|p2|Great Tusk|\n|poke|p2|Roaring Moon|\n|poke|p2|Samurott-Hisui, M|\n|poke|p2|Glimmora, M|\n|poke|p2|Tornadus, M|\n|teampreview\n|inactive|Battle timer is ON: inactive players will automatically lose when time's up. (requested by Tenn10)\n|\n|t:|1698066330\n|start\n|switch|p1a: Pelipper|Pelipper, F, shiny|100\/100\n|switch|p1b: Kingambit|Kingambit, M, shiny|100\/100\n|switch|p2a: Ribombee|Ribombee, F, shiny|100\/100\n|switch|p2b: Tornadus|Tornadus, M|100\/100\n|-weather|RainDance|[from] ability: Drizzle|[of] p1a: Pelipper\n|-ability|p1b: Kingambit|Pressure\n|turn|1\n|\n|t:|1698066352\n|move|p2b: Tornadus|Tailwind|p2b: Tornadus\n|-sidestart|p2: Tenn10|move: Tailwind\n|move|p2a: Ribombee|Sticky Web|p1a: Pelipper\n|-sidestart|p1: deadlydirt|move: Sticky Web\n|move|p1a: Pelipper|Hurricane|p2a: Ribombee\n|-supereffective|p2a: Ribombee\n|-damage|p2a: Ribombee|0 fnt\n|faint|p2a: Ribombee\n|move|p1b: Kingambit|Stealth Rock|p2b: Tornadus\n|-sidestart|p2: Tenn10|move: Stealth Rock\n|\n|-weather|RainDance|[upkeep]\n|upkeep\n|\n|t:|1698066365\n|switch|p2a: Roaring Moon|Roaring Moon|100\/100\n|-damage|p2a: Roaring Moon|88\/100|[from] Stealth Rock\n|-enditem|p2a: Roaring Moon|Booster Energy\n|-activate|p2a: Roaring Moon|ability: Protosynthesis|[fromitem]\n|-start|p2a: Roaring Moon|protosynthesisatk\n|turn|2\n|\n|t:|1698066375\n|move|p2a: Roaring Moon|Earthquake|p1b: Kingambit|[spread] p1b\n|-immune|p2b: Tornadus\n|-immune|p1a: Pelipper\n|-supereffective|p1b: Kingambit\n|-damage|p1b: Kingambit|47\/100\n|move|p2b: Tornadus|Bleakwind Storm|p1b: Kingambit|[spread] p1a,p1b\n|-resisted|p1b: Kingambit\n|-damage|p1a: Pelipper|71\/100\n|-damage|p1b: Kingambit|35\/100\n|-unboost|p1b: Kingambit|spe|1\n|move|p1a: Pelipper|Tailwind|p1a: Pelipper\n|-sidestart|p1: deadlydirt|move: Tailwind\n|move|p1b: Kingambit|Stealth Rock||[still]\n|-fail|p1b: Kingambit\n|\n|-weather|RainDance|[upkeep]\n|upkeep\n|turn|3\n|\n|t:|1698066397\n|move|p1b: Kingambit|Protect|p1b: Kingambit\n|-singleturn|p1b: Kingambit|Protect\n|move|p2a: Roaring Moon|Earthquake|p1b: Kingambit|[spread] \n|-activate|p1b: Kingambit|move: Protect\n|-immune|p2b: Tornadus\n|-immune|p1a: Pelipper\n|move|p2b: Tornadus|Bleakwind Storm|p1a: Pelipper|[spread] p1a\n|-activate|p1b: Kingambit|move: Protect\n|-damage|p1a: Pelipper|39\/100\n|move|p1a: Pelipper|Hurricane|p2a: Roaring Moon\n|-damage|p2a: Roaring Moon|50\/100\n|-start|p2a: Roaring Moon|confusion\n|\n|-weather|RainDance|[upkeep]\n|upkeep\n|turn|4\n|\n|t:|1698066427\n|-activate|p2a: Roaring Moon|confusion\n|-damage|p2a: Roaring Moon|30\/100|[from] confusion\n|move|p2b: Tornadus|Bleakwind Storm|p1a: Pelipper|[spread] p1a,p1b\n|-resisted|p1b: Kingambit\n|-damage|p1a: Pelipper|11\/100\n|-damage|p1b: Kingambit|23\/100\n|move|p1a: Pelipper|Hydro Pump|p2a: Roaring Moon\n|-resisted|p2a: Roaring Moon\n|-damage|p2a: Roaring Moon|5\/100\n|move|p1b: Kingambit|Kowtow Cleave|p2b: Tornadus\n|-damage|p2b: Tornadus|46\/100\n|\n|-weather|RainDance|[upkeep]\n|-sideend|p2: Tenn10|move: Tailwind\n|upkeep\n|turn|5\n|\n|t:|1698066449\n|move|p1a: Pelipper|Protect|p1a: Pelipper\n|-singleturn|p1a: Pelipper|Protect\n|move|p1b: Kingambit|Protect|p1b: Kingambit\n|-singleturn|p1b: Kingambit|Protect\n|move|p2b: Tornadus|Tailwind|p2b: Tornadus\n|-sidestart|p2: Tenn10|move: Tailwind\n|-activate|p2a: Roaring Moon|confusion\n|move|p2a: Roaring Moon|Acrobatics|p1b: Kingambit\n|-activate|p1b: Kingambit|move: Protect\n|\n|-weather|none\n|-sideend|p1: deadlydirt|move: Tailwind\n|upkeep\n|turn|6\n|\n|t:|1698066464\n|move|p1b: Kingambit|Protect||[still]\n|-fail|p1b: Kingambit\n|-activate|p2a: Roaring Moon|confusion\n|-damage|p2a: Roaring Moon|0 fnt|[from] confusion\n|faint|p2a: Roaring Moon\n|-end|p2a: Roaring Moon|Protosynthesis|[silent]\n|move|p2b: Tornadus|Bleakwind Storm|p1b: Kingambit|[spread] p1a,p1b\n|-resisted|p1b: Kingambit\n|-damage|p1a: Pelipper|0 fnt\n|-damage|p1b: Kingambit|11\/100\n|-unboost|p1b: Kingambit|spe|1\n|faint|p1a: Pelipper\n|\n|upkeep\n|\n|t:|1698066475\n|switch|p2a: Samurott|Samurott-Hisui, M|100\/100\n|switch|p1a: Dragonite|Dragonite, F, shiny|100\/100\n|-damage|p2a: Samurott|88\/100|[from] Stealth Rock\n|turn|7\n|\n|t:|1698066489\n|move|p2b: Tornadus|Protect|p2b: Tornadus\n|-singleturn|p2b: Tornadus|Protect\n|move|p1b: Kingambit|Protect|p1b: Kingambit\n|-singleturn|p1b: Kingambit|Protect\n|move|p2a: Samurott|Ceaseless Edge|p1b: Kingambit\n|-activate|p1b: Kingambit|move: Protect\n|move|p1a: Dragonite|Dragon Dance|p1a: Dragonite\n|-boost|p1a: Dragonite|atk|1\n|-boost|p1a: Dragonite|spe|1\n|\n|upkeep\n|turn|8\n|\n|t:|1698066505\n|switch|p2b: Great Tusk|Great Tusk|100\/100\n|-damage|p2b: Great Tusk|98\/100|[from] Stealth Rock\n|-enditem|p2b: Great Tusk|Booster Energy\n|-activate|p2b: Great Tusk|ability: Protosynthesis|[fromitem]\n|-start|p2b: Great Tusk|protosynthesisatk\n|move|p2a: Samurott|Ceaseless Edge|p1b: Kingambit|[miss]\n|-miss|p2a: Samurott|p1b: Kingambit\n|move|p1a: Dragonite|Dragon Dance|p1a: Dragonite\n|-boost|p1a: Dragonite|atk|1\n|-boost|p1a: Dragonite|spe|1\n|move|p1b: Kingambit|Kowtow Cleave|p2b: Great Tusk\n|-resisted|p2b: Great Tusk\n|-damage|p2b: Great Tusk|83\/100\n|\n|-sideend|p2: Tenn10|move: Tailwind\n|upkeep\n|turn|9\n|\n|t:|1698066523\n|move|p1b: Kingambit|Protect|p1b: Kingambit\n|-singleturn|p1b: Kingambit|Protect\n|move|p1a: Dragonite|Dragon Dance|p1a: Dragonite\n|-boost|p1a: Dragonite|atk|1\n|-boost|p1a: Dragonite|spe|1\n|move|p2a: Samurott|Ceaseless Edge|p1b: Kingambit\n|-activate|p1b: Kingambit|move: Protect\n|move|p2b: Great Tusk|Ice Spinner|p1a: Dragonite\n|-supereffective|p1a: Dragonite\n|-damage|p1a: Dragonite|24\/100\n|\n|upkeep\n|turn|10\n|\n|t:|1698066542\n|-terastallize|p1a: Dragonite|Normal\n|move|p1a: Dragonite|Extreme Speed|p2b: Great Tusk\n|-damage|p2b: Great Tusk|6\/100\n|move|p2a: Samurott|Ceaseless Edge|p1b: Kingambit\n|-resisted|p1b: Kingambit\n|-damage|p1b: Kingambit|0 fnt\n|-sidestart|p1: deadlydirt|Spikes\n|faint|p1b: Kingambit\n|move|p2b: Great Tusk|Rapid Spin|p1a: Dragonite\n|-damage|p1a: Dragonite|2\/100\n|-boost|p2b: Great Tusk|spe|1\n|-sideend|p2: Tenn10|Stealth Rock|[from] move: Rapid Spin|[of] p2b: Great Tusk\n|\n|upkeep\n|\n|t:|1698066556\n|switch|p1b: Floatzel|Floatzel, M, shiny|100\/100\n|-activate|p1b: Floatzel|move: Sticky Web\n|-unboost|p1b: Floatzel|spe|1\n|-damage|p1b: Floatzel|88\/100|[from] Spikes\n|turn|11\n|\n|t:|1698066572\n|move|p1a: Dragonite|Extreme Speed|p2b: Great Tusk\n|-damage|p2b: Great Tusk|0 fnt\n|faint|p2b: Great Tusk\n|-end|p2b: Great Tusk|Protosynthesis|[silent]\n|move|p1b: Floatzel|Flip Turn|p2a: Samurott\n|-resisted|p2a: Samurott\n|-damage|p2a: Samurott|70\/100\n|\n|t:|1698066582\n|switch|p1b: Gholdengo|Gholdengo, shiny|100\/100|[from] Flip Turn\n|-activate|p1b: Gholdengo|move: Sticky Web\n|-unboost|p1b: Gholdengo|spe|1\n|-damage|p1b: Gholdengo|88\/100|[from] Spikes\n|move|p2a: Samurott|Ceaseless Edge|p1a: Dragonite\n|-damage|p1a: Dragonite|0 fnt\n|-sidestart|p1: deadlydirt|Spikes\n|faint|p1a: Dragonite\n|\n|upkeep\n|\n|t:|1698066599\n|switch|p2b: Glimmora|Glimmora, M|100\/100\n|switch|p1a: Goodra|Goodra-Hisui, M, shiny|100\/100\n|-activate|p1a: Goodra|move: Sticky Web\n|-unboost|p1a: Goodra|spe|1\n|-damage|p1a: Goodra|84\/100|[from] Spikes\n|turn|12\n|\n|t:|1698066612\n|move|p2a: Samurott|Sacred Sword|p1a: Goodra\n|-supereffective|p1a: Goodra\n|-damage|p1a: Goodra|25\/100\n|-enditem|p1a: Goodra|Sitrus Berry|[eat]\n|-heal|p1a: Goodra|50\/100|[from] item: Sitrus Berry\n|move|p2b: Glimmora|Earth Power|p1b: Gholdengo\n|-supereffective|p1b: Gholdengo\n|-damage|p1b: Gholdengo|39\/100\n|move|p1b: Gholdengo|Make It Rain|p2b: Glimmora|[spread] p2a,p2b\n|-resisted|p2a: Samurott\n|-supereffective|p2b: Glimmora\n|-damage|p2a: Samurott|34\/100\n|-damage|p2b: Glimmora|0 fnt\n|-unboost|p1b: Gholdengo|spa|1\n|faint|p2b: Glimmora\n|move|p1a: Goodra|Chilling Water|p2a: Samurott\n|-resisted|p2a: Samurott\n|-damage|p2a: Samurott|27\/100\n|-unboost|p2a: Samurott|atk|1\n|\n|upkeep\n|\n|t:|1698066628\n|switch|p2b: Tornadus|Tornadus, M|46\/100\n|turn|13\n|\n|t:|1698066637\n|move|p2b: Tornadus|Bleakwind Storm|p1b: Gholdengo|[spread] p1a,p1b\n|-resisted|p1a: Goodra\n|-resisted|p1b: Gholdengo\n|-damage|p1a: Goodra|41\/100\n|-damage|p1b: Gholdengo|24\/100\n|-unboost|p1a: Goodra|spe|1\n|move|p2a: Samurott|Ceaseless Edge|p1b: Gholdengo\n|-supereffective|p1b: Gholdengo\n|-damage|p1b: Gholdengo|0 fnt\n|-sidestart|p1: deadlydirt|Spikes\n|faint|p1b: Gholdengo\n|move|p1a: Goodra|Dragon Pulse|p2a: Samurott\n|-damage|p2a: Samurott|0 fnt\n|faint|p2a: Samurott\n|\n|upkeep\n|\n|t:|1698066650\n|switch|p1b: Floatzel|Floatzel, M, shiny|88\/100\n|-activate|p1b: Floatzel|move: Sticky Web\n|-unboost|p1b: Floatzel|spe|1\n|-damage|p1b: Floatzel|63\/100|[from] Spikes\n|turn|14\n|-message|Tenn10 forfeited.\n|\n|win|deadlydirt\n|raw|deadlydirt's rating: 1126 &rarr; <strong>1153<\/strong><br \/>(+27 for winning)\n|raw|Tenn10's rating: 1158 &rarr; <strong>1131<\/strong><br \/>(-27 for losing)\n|l|\u2606Tenn10\n","uploadtime":1698066676,"views":13,"p1id":"deadlydirt","p2id":"tenn10","formatid":"gen9doublesou","rating":1131,"private":0,"password":""}