{"id":"gen9doublesou-1999860588","p1":"Bobem","p2":"Raccoonator","format":"[Gen 9] Doubles OU","log":"|j|\u2606Bobem\n|j|\u2606Raccoonator\n|inactive|Battle timer is ON: inactive players will automatically lose when time's up.\n|t:|1701123687\n|gametype|doubles\n|player|p1|Bobem|steven|\n|player|p2|Raccoonator|hooligans|\n|teamsize|p1|6\n|teamsize|p2|6\n|gen|9\n|tier|[Gen 9] Doubles OU\n|rated|Tournament battle\n|rule|Species Clause: Limit one of each Pok\u00e9mon\n|rule|OHKO Clause: OHKO moves are banned\n|rule|Evasion Moves Clause: Evasion moves are banned\n|rule|Gravity Sleep Clause: The combination of sleep-inducing moves with imperfect accuracy and Gravity or Gigantamax Orbeetle are banned\n|rule|Endless Battle Clause: Forcing endless battles is banned\n|rule|HP Percentage Mod: HP is shown in percentages\n|clearpoke\n|poke|p1|Dachsbun, M|\n|poke|p1|Maushold|\n|poke|p1|Forretress, F|\n|poke|p1|Empoleon, M|\n|poke|p1|Typhlosion-Hisui, M|\n|poke|p1|Chesnaught, M|\n|poke|p2|Skuntank, M|\n|poke|p2|Ribombee, F|\n|poke|p2|Kingambit, F|\n|poke|p2|Inteleon, M|\n|poke|p2|Braviary-Hisui, M|\n|poke|p2|Blissey, F|\n|teampreview\n|j|*Lady Monita \u2746\n|inactive|Bobem also wants the timer to be on.\n|j| SoulfulData\n|j|^HEAVY-DUTY B0OTY\n|\n|t:|1701123703\n|start\n|switch|p1a: Yr mm|Forretress, F|100\/100\n|switch|p1b: Pup|Dachsbun, M|100\/100\n|switch|p2a: STANKAY|Skuntank, M|100\/100\n|switch|p2b: EBOM BEE|Ribombee, F|100\/100\n|turn|1\n|\n|t:|1701123715\n|switch|p1b: Empoleon jr.|Empoleon, M|100\/100\n|move|p2b: EBOM BEE|Sticky Web|p1b: Empoleon jr.\n|-sidestart|p1: Bobem|move: Sticky Web\n|move|p2a: STANKAY|Flamethrower|p1a: Yr mm\n|-supereffective|p1a: Yr mm\n|-ability|p1a: Yr mm|Sturdy\n|-damage|p1a: Yr mm|1\/100\n|-damage|p2a: STANKAY|91\/100|[from] item: Life Orb\n|move|p1a: Yr mm|Stealth Rock|p2a: STANKAY\n|-sidestart|p2: Raccoonator|move: Stealth Rock\n|\n|-heal|p1a: Yr mm|7\/100|[from] item: Leftovers\n|upkeep\n|turn|2\n|\n|t:|1701123735\n|move|p2b: EBOM BEE|Quiver Dance|p2b: EBOM BEE\n|-boost|p2b: EBOM BEE|spa|1\n|-boost|p2b: EBOM BEE|spd|1\n|-boost|p2b: EBOM BEE|spe|1\n|move|p2a: STANKAY|Toxic Spikes|p1b: Empoleon jr.\n|-sidestart|p1: Bobem|move: Toxic Spikes\n|move|p1b: Empoleon jr.|Icy Wind|p2a: STANKAY|[spread] \n|-miss|p1b: Empoleon jr.|p2a: STANKAY\n|-miss|p1b: Empoleon jr.|p2b: EBOM BEE\n|move|p1a: Yr mm|Rapid Spin|p2b: EBOM BEE\n|-damage|p2b: EBOM BEE|80\/100\n|-boost|p1a: Yr mm|spe|1\n|-sideend|p1: Bobem|Toxic Spikes|[from] move: Rapid Spin|[of] p1a: Yr mm\n|-sideend|p1: Bobem|Sticky Web|[from] move: Rapid Spin|[of] p1a: Yr mm\n|\n|-heal|p1a: Yr mm|13\/100|[from] item: Leftovers\n|upkeep\n|turn|3\n|\n|t:|1701123757\n|move|p2b: EBOM BEE|Sticky Web|p1b: Empoleon jr.\n|-sidestart|p1: Bobem|move: Sticky Web\n|move|p2a: STANKAY|Toxic Spikes|p1b: Empoleon jr.\n|-sidestart|p1: Bobem|move: Toxic Spikes\n|move|p1a: Yr mm|Rapid Spin|p2b: EBOM BEE\n|-damage|p2b: EBOM BEE|61\/100\n|-boost|p1a: Yr mm|spe|1\n|-sideend|p1: Bobem|Toxic Spikes|[from] move: Rapid Spin|[of] p1a: Yr mm\n|-sideend|p1: Bobem|Sticky Web|[from] move: Rapid Spin|[of] p1a: Yr mm\n|move|p1b: Empoleon jr.|Yawn|p2b: EBOM BEE\n|-start|p2b: EBOM BEE|move: Yawn|[of] p1b: Empoleon jr.\n|\n|-heal|p1a: Yr mm|19\/100|[from] item: Leftovers\n|upkeep\n|turn|4\n|\n|t:|1701123783\n|move|p2b: EBOM BEE|Sticky Web|p1a: Yr mm\n|-sidestart|p1: Bobem|move: Sticky Web\n|move|p2a: STANKAY|Flamethrower|p1a: Yr mm\n|-supereffective|p1a: Yr mm\n|-damage|p1a: Yr mm|0 fnt\n|faint|p1a: Yr mm\n|-damage|p2a: STANKAY|81\/100|[from] item: Life Orb\n|move|p1b: Empoleon jr.|Surf|p2b: EBOM BEE|[spread] p2a,p2b\n|-damage|p2a: STANKAY|41\/100\n|-damage|p2b: EBOM BEE|31\/100\n|\n|-end|p2b: EBOM BEE|move: Yawn|[silent]\n|-status|p2b: EBOM BEE|slp\n|upkeep\n|\n|t:|1701123789\n|switch|p1a: Ma gang|Maushold|100\/100\n|-activate|p1a: Ma gang|move: Sticky Web\n|-unboost|p1a: Ma gang|spe|1\n|turn|5\n|\n|t:|1701123808\n|cant|p2b: EBOM BEE|slp\n|move|p2a: STANKAY|Sludge Bomb|p1a: Ma gang\n|-damage|p1a: Ma gang|49\/100\n|-status|p1a: Ma gang|psn\n|-damage|p2a: STANKAY|31\/100|[from] item: Life Orb\n|move|p1a: Ma gang|Tidy Up|p1a: Ma gang\n|-sideend|p1: Bobem|Sticky Web\n|-sideend|p2: Raccoonator|Stealth Rock\n|-activate|p1a: Ma gang|move: Tidy Up\n|-boost|p1a: Ma gang|atk|1\n|-boost|p1a: Ma gang|spe|1\n|move|p1b: Empoleon jr.|Icy Wind|p2b: EBOM BEE|[spread] p2a,p2b\n|-damage|p2a: STANKAY|15\/100\n|-damage|p2b: EBOM BEE|19\/100 slp\n|-unboost|p2a: STANKAY|spe|1\n|\n|-damage|p1a: Ma gang|37\/100 psn|[from] psn\n|upkeep\n|turn|6\n|\n|t:|1701123833\n|-curestatus|p2b: EBOM BEE|slp|[msg]\n|move|p2b: EBOM BEE|Sticky Web|p1b: Empoleon jr.\n|-sidestart|p1: Bobem|move: Sticky Web\n|move|p1a: Ma gang|Population Bomb|p2a: STANKAY\n|-damage|p2a: STANKAY|3\/100\n|-damage|p2a: STANKAY|0 fnt\n|-damage|p1a: Ma gang|12\/100 psn|[from] ability: Aftermath|[of] p2a: STANKAY\n|faint|p2a: STANKAY\n|-hitcount|p2: STANKAY|2\n|move|p1b: Empoleon jr.|Icy Wind|p2b: EBOM BEE\n|-damage|p2b: EBOM BEE|4\/100\n|\n|-damage|p1a: Ma gang|0 fnt|[from] psn\n|faint|p1a: Ma gang\n|upkeep\n|j| ArchenWarrior\n|-message|Bobem forfeited.\n|\n|win|Raccoonator\n|n|\u2606Bobem|bobem\n|n|\u2606Raccoonator|raccoonator\n|n|*Lady Monita \u2746|ladymonita\n|n| SoulfulData|soulfuldata\n|n| HEAVY-DUTY B0OTY|heavydutyb0oty\n|n| ArchenWarrior|archenwarrior\n","uploadtime":1701123842,"views":3,"p1id":"bobem","p2id":"raccoonator","formatid":"gen9doublesou","rating":0,"private":0,"password":""}