{"id":"gen9doublesou-1986184847","p1":"shhmedium","p2":"RocketsViability","format":"[Gen 9] Doubles OU","log":"|j|\u2606shhmedium\n|j|\u2606RocketsViability\n|t:|1699457954\n|gametype|doubles\n|player|p1|shhmedium|265|1086\n|player|p2|RocketsViability|169|1198\n|teamsize|p1|6\n|teamsize|p2|6\n|gen|9\n|tier|[Gen 9] Doubles OU\n|rated|\n|rule|Species Clause: Limit one of each Pok\u00e9mon\n|rule|OHKO Clause: OHKO moves are banned\n|rule|Evasion Moves Clause: Evasion moves are banned\n|rule|Gravity Sleep Clause: The combination of sleep-inducing moves with imperfect accuracy and Gravity or Gigantamax Orbeetle are banned\n|rule|Endless Battle Clause: Forcing endless battles is banned\n|rule|HP Percentage Mod: HP is shown in percentages\n|clearpoke\n|poke|p1|Greninja-*, M|\n|poke|p1|Shaymin-Sky|\n|poke|p1|Talonflame, M|\n|poke|p1|Grafaiai, M|\n|poke|p1|Glimmora, M|\n|poke|p1|Gardevoir, F|\n|poke|p2|Ninetales-Alola, M|\n|poke|p2|Trevenant, F|\n|poke|p2|Goodra-Hisui, M|\n|poke|p2|Sandslash-Alola, M|\n|poke|p2|Torterra, F|\n|poke|p2|Empoleon, F|\n|teampreview\n|j| LightningSword6354\n|l| LightningSword6354\n|\n|t:|1699457974\n|start\n|switch|p1a: Talonflame|Talonflame, M|100\/100\n|switch|p1b: Gardevoir|Gardevoir, F|100\/100\n|switch|p2a: Trevenant|Trevenant, F|100\/100\n|switch|p2b: Sandslash|Sandslash-Alola, M|100\/100\n|turn|1\n|\n|t:|1699457991\n|switch|p2b: Goodra|Goodra-Hisui, M|100\/100\n|move|p1a: Talonflame|Flare Blitz|p2b: Goodra\n|-damage|p2b: Goodra|55\/100\n|-damage|p1a: Talonflame|84\/100|[from] item: Rocky Helmet|[of] p2b: Goodra\n|-damage|p1a: Talonflame|66\/100|[from] Recoil\n|move|p1b: Gardevoir|Moonblast|p2a: Trevenant\n|-damage|p2a: Trevenant|66\/100\n|move|p2a: Trevenant|Toxic|p1b: Gardevoir\n|-status|p1b: Gardevoir|tox\n|\n|-damage|p1b: Gardevoir|94\/100 tox|[from] psn\n|upkeep\n|turn|2\n|\n|t:|1699458009\n|move|p2b: Goodra|Protect|p2b: Goodra\n|-singleturn|p2b: Goodra|Protect\n|move|p1a: Talonflame|Brave Bird|p2a: Trevenant\n|-supereffective|p2a: Trevenant\n|-damage|p2a: Trevenant|0 fnt\n|faint|p2a: Trevenant\n|-damage|p1a: Talonflame|39\/100|[from] Recoil\n|move|p1b: Gardevoir|Aura Sphere|p2b: Goodra\n|-activate|p2b: Goodra|move: Protect\n|\n|-damage|p1b: Gardevoir|82\/100 tox|[from] psn\n|upkeep\n|\n|t:|1699458021\n|switch|p2a: Sandslash|Sandslash-Alola, M|100\/100\n|turn|3\n|\n|t:|1699458031\n|switch|p2b: Ninetales|Ninetales-Alola, M|100\/100\n|-weather|Snow|[from] ability: Snow Warning|[of] p2b: Ninetales\n|move|p2a: Sandslash|Ice Shard|p1a: Talonflame\n|-damage|p1a: Talonflame|10\/100\n|move|p1a: Talonflame|Tailwind|p1a: Talonflame\n|-sidestart|p1: shhmedium|move: Tailwind\n|move|p1b: Gardevoir|Aura Sphere|p2a: Sandslash\n|-supereffective|p2a: Sandslash\n|-damage|p2a: Sandslash|0 fnt\n|faint|p2a: Sandslash\n|\n|-weather|Snow|[upkeep]\n|-damage|p1b: Gardevoir|64\/100 tox|[from] psn\n|upkeep\n|\n|t:|1699458045\n|switch|p2a: Empoleon|Empoleon, F|100\/100\n|turn|4\n|\n|t:|1699458054\n|move|p2a: Empoleon|Protect|p2a: Empoleon\n|-singleturn|p2a: Empoleon|Protect\n|move|p1a: Talonflame|Flare Blitz|p2b: Ninetales\n|-supereffective|p2b: Ninetales\n|-damage|p2b: Ninetales|16\/100\n|-damage|p1a: Talonflame|0 fnt|[from] Recoil\n|faint|p1a: Talonflame\n|move|p1b: Gardevoir|Aura Sphere|p2a: Empoleon\n|-activate|p2a: Empoleon|move: Protect\n|move|p2b: Ninetales|Aurora Veil|p2b: Ninetales\n|-sidestart|p2: RocketsViability|move: Aurora Veil\n|\n|-weather|Snow|[upkeep]\n|-damage|p1b: Gardevoir|39\/100 tox|[from] psn\n|upkeep\n|\n|t:|1699458068\n|switch|p1a: Grafaiai|Grafaiai, M|100\/100\n|turn|5\n|\n|t:|1699458076\n|-terastallize|p2a: Empoleon|Water\n|move|p1a: Grafaiai|Rain Dance|p1a: Grafaiai\n|-weather|RainDance\n|move|p1b: Gardevoir|Aura Sphere|p2a: Empoleon\n|-damage|p2a: Empoleon|85\/100\n|move|p2b: Ninetales|Blizzard|p1b: Gardevoir|[spread] \n|-miss|p2b: Ninetales|p1a: Grafaiai\n|-miss|p2b: Ninetales|p1b: Gardevoir\n|move|p2a: Empoleon|Hydro Pump|p1a: Grafaiai\n|-enditem|p1a: Grafaiai|Focus Sash\n|-damage|p1a: Grafaiai|1\/100\n|\n|-weather|RainDance|[upkeep]\n|-heal|p2a: Empoleon|91\/100|[from] item: Leftovers\n|-damage|p1b: Gardevoir|8\/100 tox|[from] psn\n|upkeep\n|turn|6\n|\n|t:|1699458097\n|switch|p2b: Goodra|Goodra-Hisui, M|55\/100\n|move|p2a: Empoleon|Protect|p2a: Empoleon\n|-singleturn|p2a: Empoleon|Protect\n|move|p1a: Grafaiai|Encore||[still]\n|-fail|p1a: Grafaiai\n|move|p1b: Gardevoir|Life Dew|p1b: Gardevoir|[spread] p1a,p1b\n|-heal|p1a: Grafaiai|26\/100\n|-heal|p1b: Gardevoir|33\/100 tox\n|\n|-weather|RainDance|[upkeep]\n|-heal|p2a: Empoleon|97\/100|[from] item: Leftovers\n|-damage|p1b: Gardevoir|0 fnt|[from] psn\n|faint|p1b: Gardevoir\n|-sideend|p1: shhmedium|move: Tailwind\n|upkeep\n|\n|t:|1699458115\n|switch|p1b: Shaymin|Shaymin-Sky|100\/100\n|turn|7\n|\n|t:|1699458124\n|switch|p2a: Ninetales|Ninetales-Alola, M|16\/100\n|-weather|Snow|[from] ability: Snow Warning|[of] p2a: Ninetales\n|move|p1a: Grafaiai|Taunt|p2b: Goodra\n|-start|p2b: Goodra|move: Taunt\n|move|p1b: Shaymin|Giga Drain|p2a: Ninetales\n|-damage|p2a: Ninetales|0 fnt\n|faint|p2a: Ninetales\n|move|p2b: Goodra|Blizzard|p1a: Grafaiai|[spread] p1a,p1b\n|-supereffective|p1b: Shaymin\n|-crit|p1b: Shaymin\n|-damage|p1a: Grafaiai|0 fnt\n|-damage|p1b: Shaymin|0 fnt\n|faint|p1a: Grafaiai\n|faint|p1b: Shaymin\n|\n|-weather|Snow|[upkeep]\n|upkeep\n|\n|t:|1699458142\n|switch|p1b: Greninja|Greninja, M|100\/100\n|switch|p1a: Glimmora|Glimmora, M|100\/100\n|switch|p2a: Torterra|Torterra, F|100\/100\n|-item|p1a: Glimmora|Air Balloon\n|turn|8\n|\n|t:|1699458156\n|move|p1b: Greninja|Surf|p2a: Torterra|[spread] p1a,p2a,p2b\n|-supereffective|p1a: Glimmora\n|-resisted|p2b: Goodra\n|-damage|p1a: Glimmora|0 fnt\n|-damage|p2a: Torterra|71\/100\n|-damage|p2b: Goodra|46\/100\n|-enditem|p1a: Glimmora|Air Balloon\n|faint|p1a: Glimmora\n|-ability|p1b: Greninja|Battle Bond|boost\n|-boost|p1b: Greninja|atk|1\n|-boost|p1b: Greninja|spa|1\n|-boost|p1b: Greninja|spe|1\n|-activate|p1b: Greninja|ability: Battle Bond\n|-damage|p1b: Greninja|91\/100|[from] item: Life Orb\n|move|p2a: Torterra|Shell Smash|p2a: Torterra\n|-unboost|p2a: Torterra|def|1\n|-unboost|p2a: Torterra|spd|1\n|-boost|p2a: Torterra|atk|2\n|-boost|p2a: Torterra|spa|2\n|-boost|p2a: Torterra|spe|2\n|move|p2b: Goodra|Blizzard|p1b: Greninja\n|-resisted|p1b: Greninja\n|-damage|p1b: Greninja|60\/100\n|\n|-weather|Snow|[upkeep]\n|-sideend|p2: RocketsViability|move: Aurora Veil\n|upkeep\n|turn|9\n|-message|shhmedium forfeited.\n|\n|win|RocketsViability\n|raw|shhmedium's rating: 1086 &rarr; <strong>1070<\/strong><br \/>(-16 for losing)\n|raw|RocketsViability's rating: 1198 &rarr; <strong>1215<\/strong><br \/>(+17 for winning)\n|l|\u2606shhmedium\n","uploadtime":1699458193,"views":9,"p1id":"shhmedium","p2id":"rocketsviability","formatid":"gen9doublesou","rating":1070,"private":0,"password":""}