{"id":"gen9doublesou-1985927934","p1":"FireFrostDragon","p2":"Im dumb srly","format":"[Gen 9] Doubles OU","log":"|j|\u2606FireFrostDragon\n|j|\u2606Im dumb srly\n|inactive|Battle timer is ON: inactive players will automatically lose when time's up.\n|t:|1699424213\n|gametype|doubles\n|player|p1|FireFrostDragon|acetrainerf|\n|player|p2|Im dumb srly|cheryl|\n|teamsize|p1|2\n|teamsize|p2|2\n|gen|9\n|tier|[Gen 9] Doubles OU\n|rated|Tournament battle\n|rule|Species Clause: Limit one of each Pok\u00e9mon\n|rule|OHKO Clause: OHKO moves are banned\n|rule|Evasion Moves Clause: Evasion moves are banned\n|rule|Gravity Sleep Clause: The combination of sleep-inducing moves with imperfect accuracy and Gravity or Gigantamax Orbeetle are banned\n|rule|Endless Battle Clause: Forcing endless battles is banned\n|rule|HP Percentage Mod: HP is shown in percentages\n|clearpoke\n|poke|p1|Braixen, F|\n|poke|p1|Mudbray, M|\n|poke|p2|Corphish, M|\n|poke|p2|Larvesta, M|\n|teampreview\n|j|*Lady Monita \u263d\n|\n|t:|1699424221\n|start\n|switch|p1a: Braixen|Braixen, F|100\/100\n|switch|p1b: Mudbray|Mudbray, M|100\/100\n|switch|p2a: Pink=Cute|Corphish, M, shiny|100\/100\n|switch|p2b: Canon Larvesta|Larvesta, M, shiny|100\/100\n|turn|1\n|inactive|FireFrostDragon has 120 seconds left.\n|j| Saphyrecrobat\n|\n|t:|1699424280\n|-terastallize|p1b: Mudbray|Steel\n|move|p1a: Braixen|Will-O-Wisp|p2a: Pink=Cute\n|-status|p2a: Pink=Cute|brn\n|move|p2b: Canon Larvesta|Will-O-Wisp|p1b: Mudbray|[miss]\n|-miss|p2b: Canon Larvesta|p1b: Mudbray\n|move|p1b: Mudbray|Iron Defense|p1b: Mudbray\n|-boost|p1b: Mudbray|def|2\n|move|p2a: Pink=Cute|Crabhammer|p1a: Braixen\n|-supereffective|p1a: Braixen\n|-damage|p1a: Braixen|38\/100\n|\n|-damage|p2a: Pink=Cute|94\/100 brn|[from] brn\n|upkeep\n|turn|2\n|inactive|FireFrostDragon has 90 seconds left.\n|\n|t:|1699424313\n|move|p1a: Braixen|Encore|p2b: Canon Larvesta\n|-start|p2b: Canon Larvesta|Encore\n|move|p2b: Canon Larvesta|Will-O-Wisp|p1a: Braixen\n|-immune|p1a: Braixen\n|move|p1b: Mudbray|High Horsepower|p2a: Pink=Cute\n|-damage|p2a: Pink=Cute|17\/100 brn\n|move|p2a: Pink=Cute|Crabhammer|p1a: Braixen\n|-supereffective|p1a: Braixen\n|-damage|p1a: Braixen|0 fnt\n|faint|p1a: Braixen\n|\n|-damage|p2a: Pink=Cute|10\/100 brn|[from] brn\n|upkeep\n|turn|3\n|\n|t:|1699424336\n|move|p2a: Pink=Cute|Aqua Jet|p1b: Mudbray\n|-damage|p1b: Mudbray|95\/100\n|-ability|p1b: Mudbray|Stamina|boost\n|-boost|p1b: Mudbray|def|1\n|move|p2b: Canon Larvesta|Will-O-Wisp|p1b: Mudbray\n|-status|p1b: Mudbray|brn\n|move|p1b: Mudbray|Rock Slide|p2b: Canon Larvesta|[spread] p2a,p2b\n|-supereffective|p2b: Canon Larvesta\n|-damage|p2a: Pink=Cute|0 fnt\n|-damage|p2b: Canon Larvesta|58\/100\n|faint|p2a: Pink=Cute\n|\n|-damage|p1b: Mudbray|89\/100 brn|[from] brn\n|upkeep\n|turn|4\n|\n|t:|1699424350\n|-terastallize|p2b: Canon Larvesta|Rock\n|move|p2b: Canon Larvesta|Will-O-Wisp|p1b: Mudbray\n|-fail|p1b: Mudbray|brn\n|move|p1b: Mudbray|Rock Slide|p2b: Canon Larvesta\n|-damage|p2b: Canon Larvesta|44\/100\n|\n|-damage|p1b: Mudbray|83\/100 brn|[from] brn\n|-end|p2b: Canon Larvesta|Encore\n|upkeep\n|turn|5\n|\n|t:|1699424358\n|move|p2b: Canon Larvesta|Flare Blitz|p1b: Mudbray\n|-supereffective|p1b: Mudbray\n|-damage|p1b: Mudbray|45\/100 brn\n|-ability|p1b: Mudbray|Stamina|boost\n|-boost|p1b: Mudbray|def|1\n|-damage|p2b: Canon Larvesta|31\/100|[from] Recoil\n|move|p1b: Mudbray|High Horsepower|p2b: Canon Larvesta\n|-supereffective|p2b: Canon Larvesta\n|-damage|p2b: Canon Larvesta|0 fnt\n|faint|p2b: Canon Larvesta\n|\n|win|FireFrostDragon\n|n|\u2606FireFrostDragon|firefrostdragon\n|n|\u2606Im dumb srly|imdumbsrly\n|n|*Lady Monita \u263d|ladymonita\n|n| Saphyrecrobat|saphyrecrobat\n","uploadtime":1699424359,"views":10,"p1id":"firefrostdragon","p2id":"imdumbsrly","formatid":"gen9doublesou","rating":0,"private":0,"password":""}