{"id":"gen9doublesou-2000631531","p1":"r76yugjhn","p2":"Rainbozo","format":"[Gen 9] Doubles OU","log":"|j|\u2606r76yugjhn\n|j|\u2606Rainbozo\n|t:|1701212483\n|gametype|doubles\n|player|p1|r76yugjhn|170|1000\n|player|p2|Rainbozo|265|1069\n|teamsize|p1|6\n|teamsize|p2|6\n|gen|9\n|tier|[Gen 9] Doubles OU\n|rated|\n|rule|Species Clause: Limit one of each Pok\u00e9mon\n|rule|OHKO Clause: OHKO moves are banned\n|rule|Evasion Moves Clause: Evasion moves are banned\n|rule|Gravity Sleep Clause: The combination of sleep-inducing moves with imperfect accuracy and Gravity or Gigantamax Orbeetle are banned\n|rule|Endless Battle Clause: Forcing endless battles is banned\n|rule|HP Percentage Mod: HP is shown in percentages\n|clearpoke\n|poke|p1|Ninetales-Alola, F|\n|poke|p1|Baxcalibur, F|\n|poke|p1|Iron Bundle|\n|poke|p1|Heatran, F|\n|poke|p1|Ogerpon-Wellspring, F|\n|poke|p1|Iron Hands|\n|poke|p2|Meowscarada, F|\n|poke|p2|Krookodile, M|\n|poke|p2|Amoonguss, M|\n|poke|p2|Ogerpon-Wellspring, F|\n|poke|p2|Volcarona, M|\n|poke|p2|Dragapult, M|\n|teampreview\n|\n|t:|1701212495\n|start\n|switch|p1a: Ninetales|Ninetales-Alola, F|100\/100\n|switch|p1b: Baxcalibur|Baxcalibur, F|100\/100\n|switch|p2a: Meowscarada|Meowscarada, F|100\/100\n|switch|p2b: Krookodile|Krookodile, M, shiny|100\/100\n|-weather|Snow|[from] ability: Snow Warning|[of] p1a: Ninetales\n|turn|1\n|\n|t:|1701212523\n|-terastallize|p2b: Krookodile|Steel\n|move|p1a: Ninetales|Aurora Veil|p1a: Ninetales\n|-sidestart|p1: r76yugjhn|move: Aurora Veil\n|move|p2a: Meowscarada|Flower Trick|p2b: Krookodile\n|-resisted|p2b: Krookodile\n|-crit|p2b: Krookodile\n|-damage|p2b: Krookodile|66\/100\n|-setboost|p2b: Krookodile|atk|6|[from] ability: Anger Point\n|move|p2b: Krookodile|Rock Slide|p1b: Baxcalibur|[spread] p1a,p1b\n|-supereffective|p1a: Ninetales\n|-supereffective|p1b: Baxcalibur\n|-damage|p1a: Ninetales|16\/100\n|-damage|p1b: Baxcalibur|41\/100\n|cant|p1b: Baxcalibur|flinch\n|\n|-weather|Snow|[upkeep]\n|-heal|p1b: Baxcalibur|47\/100|[from] ability: Ice Body\n|upkeep\n|turn|2\n|\n|t:|1701212573\n|move|p1a: Ninetales|Hypnosis|p2b: Krookodile\n|-status|p2b: Krookodile|slp|[from] move: Hypnosis\n|move|p2a: Meowscarada|Brick Break|p1a: Ninetales\n|-sideend|p1: r76yugjhn|move: Aurora Veil\n|-damage|p1a: Ninetales|0 fnt\n|faint|p1a: Ninetales\n|cant|p2b: Krookodile|slp\n|move|p1b: Baxcalibur|Icicle Spear|p2a: Meowscarada\n|-supereffective|p2a: Meowscarada\n|-damage|p2a: Meowscarada|57\/100\n|-supereffective|p2a: Meowscarada\n|-damage|p2a: Meowscarada|10\/100\n|-supereffective|p2a: Meowscarada\n|-damage|p2a: Meowscarada|0 fnt\n|faint|p2a: Meowscarada\n|-hitcount|p2: Meowscarada|3\n|\n|-weather|Snow|[upkeep]\n|-heal|p1b: Baxcalibur|54\/100|[from] ability: Ice Body\n|upkeep\n|\n|t:|1701212603\n|switch|p1a: Heatran|Heatran, F|100\/100\n|switch|p2a: Ogerpon|Ogerpon-Wellspring, F|100\/100\n|turn|3\n|\n|t:|1701212640\n|-terastallize|p1a: Heatran|Grass\n|move|p2a: Ogerpon|Follow Me|p2a: Ogerpon\n|-singleturn|p2a: Ogerpon|move: Follow Me\n|cant|p2b: Krookodile|slp\n|move|p1a: Heatran|Magma Storm|p2a: Ogerpon\n|-damage|p2a: Ogerpon|62\/100\n|-activate|p2a: Ogerpon|move: Magma Storm|[of] p1a: Heatran\n|move|p1b: Baxcalibur|Swords Dance|p1b: Baxcalibur\n|-boost|p1b: Baxcalibur|atk|2\n|\n|-weather|Snow|[upkeep]\n|-heal|p1b: Baxcalibur|60\/100|[from] ability: Ice Body\n|-damage|p2a: Ogerpon|49\/100|[from] move: Magma Storm|[partiallytrapped]\n|upkeep\n|turn|4\n|\n|t:|1701212667\n|move|p2a: Ogerpon|Follow Me|p2a: Ogerpon\n|-singleturn|p2a: Ogerpon|move: Follow Me\n|-curestatus|p2b: Krookodile|slp|[msg]\n|move|p2b: Krookodile|Rock Slide|p1b: Baxcalibur|[spread] p1a\n|-miss|p2b: Krookodile|p1b: Baxcalibur\n|-enditem|p2b: Krookodile|Blunder Policy\n|-boost|p2b: Krookodile|spe|2\n|-damage|p1a: Heatran|41\/100\n|cant|p1a: Heatran|flinch\n|move|p1b: Baxcalibur|Icicle Spear|p2a: Ogerpon\n|-damage|p2a: Ogerpon|18\/100\n|-damage|p2a: Ogerpon|0 fnt\n|faint|p2a: Ogerpon\n|-hitcount|p2: Ogerpon|2\n|\n|-weather|Snow|[upkeep]\n|-heal|p1b: Baxcalibur|66\/100|[from] ability: Ice Body\n|-heal|p1a: Heatran|48\/100|[from] item: Leftovers\n|upkeep\n|\n|t:|1701212681\n|switch|p2a: Amoonguss|Amoonguss, M|100\/100\n|turn|5\n|\n|t:|1701212705\n|move|p2a: Amoonguss|Rage Powder|p2a: Amoonguss\n|-singleturn|p2a: Amoonguss|move: Rage Powder\n|move|p2b: Krookodile|Rock Slide|p1a: Heatran|[spread] p1a\n|-miss|p2b: Krookodile|p1b: Baxcalibur\n|-damage|p1a: Heatran|0 fnt\n|faint|p1a: Heatran\n|move|p1b: Baxcalibur|Icicle Spear|p2a: Amoonguss\n|-supereffective|p2a: Amoonguss\n|-damage|p2a: Amoonguss|45\/100\n|-supereffective|p2a: Amoonguss\n|-damage|p2a: Amoonguss|0 fnt\n|faint|p2a: Amoonguss\n|-hitcount|p2: Amoonguss|2\n|\n|-weather|none\n|upkeep\n|\n|t:|1701212733\n|switch|p1a: Iron Hands|Iron Hands|100\/100\n|switch|p2a: Dragapult|Dragapult, M|100\/100\n|turn|6\n|\n|t:|1701212751\n|move|p2b: Krookodile|Earthquake|p1a: Iron Hands|[spread] p2a,p1a,p1b\n|-supereffective|p1a: Iron Hands\n|-damage|p2a: Dragapult|0 fnt\n|-damage|p1a: Iron Hands|0 fnt\n|-damage|p1b: Baxcalibur|0 fnt\n|faint|p2a: Dragapult\n|faint|p1a: Iron Hands\n|-end|p1a: Iron Hands|Quark Drive|[silent]\n|faint|p1b: Baxcalibur\n|\n|upkeep\n|\n|t:|1701212761\n|switch|p2a: Volcarona|Volcarona, M|100\/100\n|switch|p1b: Ogerpon|Ogerpon-Wellspring, F|100\/100\n|switch|p1a: Iron Bundle|Iron Bundle|100\/100\n|-enditem|p1a: Iron Bundle|Booster Energy\n|-activate|p1a: Iron Bundle|ability: Quark Drive|[fromitem]\n|-start|p1a: Iron Bundle|quarkdrivespe\n|turn|7\n|\n|t:|1701212793\n|move|p2b: Krookodile|Rock Slide|p1a: Iron Bundle|[spread] p1a,p1b\n|-supereffective|p1a: Iron Bundle\n|-damage|p1a: Iron Bundle|0 fnt\n|-damage|p1b: Ogerpon|24\/100\n|faint|p1a: Iron Bundle\n|-end|p1a: Iron Bundle|Quark Drive|[silent]\n|move|p2a: Volcarona|Quiver Dance|p2a: Volcarona\n|-boost|p2a: Volcarona|spa|1\n|-boost|p2a: Volcarona|spd|1\n|-boost|p2a: Volcarona|spe|1\n|move|p1b: Ogerpon|Ivy Cudgel|p2a: Volcarona|[anim] Ivy Cudgel Water\n|-supereffective|p2a: Volcarona\n|-damage|p2a: Volcarona|0 fnt\n|faint|p2a: Volcarona\n|\n|upkeep\n|turn|8\n|\n|t:|1701212807\n|move|p1b: Ogerpon|Spiky Shield|p1b: Ogerpon\n|-singleturn|p1b: Ogerpon|move: Protect\n|move|p2b: Krookodile|Earthquake|p1b: Ogerpon\n|-activate|p1b: Ogerpon|move: Protect\n|\n|upkeep\n|turn|9\n|\n|t:|1701212819\n|move|p2b: Krookodile|Close Combat|p1b: Ogerpon\n|-damage|p1b: Ogerpon|0 fnt\n|-unboost|p2b: Krookodile|def|1\n|-unboost|p2b: Krookodile|spd|1\n|faint|p1b: Ogerpon\n|\n|win|Rainbozo\n|raw|r76yugjhn's rating: 1000 &rarr; <strong>1000<\/strong><br \/>(+0 for losing)\n|raw|Rainbozo's rating: 1069 &rarr; <strong>1093<\/strong><br \/>(+24 for winning)\n","uploadtime":1701212829,"views":0,"p1id":"r76yugjhn","p2id":"rainbozo","formatid":"gen9doublesou","rating":1000,"private":0,"password":""}