{"id":"gen9doublesou-1992882396","p1":"Cg3002","p2":"zhaoxianming","format":"[Gen 9] Doubles OU","log":"|j|\u2606Cg3002\n|j|\u2606zhaoxianming\n|t:|1700243603\n|gametype|doubles\n|player|p1|Cg3002|dancer|1096\n|player|p2|zhaoxianming|benga|1032\n|teamsize|p1|6\n|teamsize|p2|6\n|gen|9\n|tier|[Gen 9] Doubles OU\n|rated|\n|rule|Species Clause: Limit one of each Pok\u00e9mon\n|rule|OHKO Clause: OHKO moves are banned\n|rule|Evasion Moves Clause: Evasion moves are banned\n|rule|Gravity Sleep Clause: The combination of sleep-inducing moves with imperfect accuracy and Gravity or Gigantamax Orbeetle are banned\n|rule|Endless Battle Clause: Forcing endless battles is banned\n|rule|HP Percentage Mod: HP is shown in percentages\n|clearpoke\n|poke|p1|Tyranitar, M|\n|poke|p1|Klefki, F|\n|poke|p1|Stonjourner, M|\n|poke|p1|Copperajah, F|\n|poke|p1|Perrserker, F|\n|poke|p1|Houndstone, F|\n|poke|p2|Glimmora, M|\n|poke|p2|Gholdengo|\n|poke|p2|Amoonguss, F|\n|poke|p2|Pelipper, M|\n|poke|p2|Iron Hands|\n|poke|p2|Palafin, F|\n|teampreview\n|\n|t:|1700243622\n|start\n|switch|p1a: Klefki|Klefki, F|100\/100\n|switch|p1b: Houndstone|Houndstone, F|100\/100\n|switch|p2a: Amoonguss|Amoonguss, F, shiny|100\/100\n|switch|p2b: Glimmora|Glimmora, M|100\/100\n|turn|1\n|\n|t:|1700243643\n|move|p1a: Klefki|Misty Terrain|p1a: Klefki\n|-fieldstart|move: Misty Terrain\n|move|p2b: Glimmora|Stealth Rock|p1b: Houndstone\n|-sidestart|p1: Cg3002|move: Stealth Rock\n|move|p1b: Houndstone|Howl|p1b: Houndstone|[spread] p1a,p1b\n|-boost|p1a: Klefki|atk|1\n|-boost|p1b: Houndstone|atk|1\n|move|p2a: Amoonguss|Spore|p1a: Klefki\n|-activate|p1a: Klefki|move: Misty Terrain\n|\n|upkeep\n|turn|2\n|\n|t:|1700243671\n|switch|p2b: Pelipper|Pelipper, M, shiny|100\/100\n|-weather|RainDance|[from] ability: Drizzle|[of] p2b: Pelipper\n|switch|p2a: Iron Hands|Iron Hands|100\/100\n|move|p1a: Klefki|Light Screen|p1a: Klefki\n|-sidestart|p1: Cg3002|move: Light Screen\n|move|p1b: Houndstone|Last Respects|p2b: Pelipper\n|-damage|p2b: Pelipper|63\/100\n|-enditem|p2b: Pelipper|Eject Button\n|\n|t:|1700243675\n|switch|p2b: Palafin|Palafin, F, shiny|100\/100\n|\n|-weather|RainDance|[upkeep]\n|upkeep\n|turn|3\n|\n|t:|1700243693\n|move|p1b: Houndstone|Ally Switch|p1b: Houndstone\n|swap|p1b: Houndstone|0|[from] move: Ally Switch\n|move|p1b: Klefki|Reflect|p1b: Klefki\n|-sidestart|p1: Cg3002|Reflect\n|move|p2b: Palafin|Flip Turn|p1a: Houndstone\n|-damage|p1a: Houndstone|70\/100\n|\n|t:|1700243700\n|detailschange|p2b: Palafin|Palafin-Hero, F, shiny\n|switch|p2b: Gholdengo|Gholdengo|100\/100|[from] Flip Turn\n|-item|p2b: Gholdengo|Air Balloon\n|move|p2a: Iron Hands|Close Combat|p1a: Houndstone\n|-immune|p1a: Houndstone\n|\n|-weather|RainDance|[upkeep]\n|upkeep\n|turn|4\n|\n|t:|1700243713\n|switch|p1b: Tyranitar|Tyranitar, M|100\/100\n|-damage|p1b: Tyranitar|88\/100|[from] Stealth Rock\n|-weather|Sandstorm|[from] ability: Sand Stream|[of] p1b: Tyranitar\n|move|p2b: Gholdengo|Protect|p2b: Gholdengo\n|-singleturn|p2b: Gholdengo|Protect\n|move|p1a: Houndstone|Last Respects|p2b: Gholdengo\n|-activate|p2b: Gholdengo|move: Protect\n|move|p2a: Iron Hands|Close Combat|p1b: Tyranitar\n|-supereffective|p1b: Tyranitar\n|-damage|p1b: Tyranitar|0 fnt\n|-unboost|p2a: Iron Hands|def|1\n|-unboost|p2a: Iron Hands|spd|1\n|faint|p1b: Tyranitar\n|\n|-weather|Sandstorm|[upkeep]\n|-damage|p2a: Iron Hands|94\/100|[from] Sandstorm\n|upkeep\n|\n|t:|1700243726\n|switch|p1b: Copperajah|Copperajah, F|100\/100\n|-damage|p1b: Copperajah|94\/100|[from] Stealth Rock\n|turn|5\n|\n|t:|1700243744\n|switch|p2b: Amoonguss|Amoonguss, F, shiny|100\/100\n|-terastallize|p1b: Copperajah|Fairy\n|move|p1a: Houndstone|Last Respects|p2b: Amoonguss\n|-damage|p2b: Amoonguss|53\/100\n|move|p2a: Iron Hands|Volt Switch|p1b: Copperajah\n|-damage|p1b: Copperajah|84\/100\n|\n|t:|1700243756\n|-end|p2a: Iron Hands|Quark Drive|[silent]\n|switch|p2a: Glimmora|Glimmora, M|100\/100|[from] Volt Switch\n|move|p1b: Copperajah|Play Rough|p2a: Glimmora\n|-resisted|p2a: Glimmora\n|-damage|p2a: Glimmora|48\/100\n|-activate|p2a: Glimmora|ability: Toxic Debris\n|-sidestart|p1: Cg3002|move: Toxic Spikes\n|\n|-weather|Sandstorm|[upkeep]\n|-damage|p1b: Copperajah|78\/100|[from] Sandstorm\n|-damage|p2b: Amoonguss|47\/100|[from] Sandstorm\n|-fieldend|Misty Terrain\n|upkeep\n|turn|6\n|\n|t:|1700243802\n|switch|p1b: Klefki|Klefki, F|100\/100\n|-damage|p1b: Klefki|95\/100|[from] Stealth Rock\n|move|p1a: Houndstone|Last Respects|p2b: Amoonguss\n|-damage|p2b: Amoonguss|0 fnt\n|faint|p2b: Amoonguss\n|move|p2a: Glimmora|Earth Power|p1a: Houndstone\n|-damage|p1a: Houndstone|43\/100\n|\n|-weather|Sandstorm|[upkeep]\n|-sideend|p1: Cg3002|move: Light Screen\n|upkeep\n|\n|t:|1700243815\n|switch|p2b: Pelipper|Pelipper, M, shiny|63\/100\n|-weather|RainDance|[from] ability: Drizzle|[of] p2b: Pelipper\n|turn|7\n|\n|t:|1700243829\n|switch|p1a: Perrserker|Perrserker, F|100\/100\n|-damage|p1a: Perrserker|94\/100|[from] Stealth Rock\n|move|p2a: Glimmora|Earth Power|p1a: Perrserker\n|-supereffective|p1a: Perrserker\n|-damage|p1a: Perrserker|28\/100\n|-enditem|p1a: Perrserker|Eject Button\n|\n|t:|1700243839\n|switch|p1a: Copperajah|Copperajah, F, tera:Fairy|78\/100\n|-damage|p1a: Copperajah|65\/100|[from] Stealth Rock\n|-status|p1a: Copperajah|psn\n|move|p2b: Pelipper|Hydro Pump|p1a: Copperajah\n|-damage|p1a: Copperajah|0 fnt\n|faint|p1a: Copperajah\n|move|p1b: Klefki|Trick Room|p1b: Klefki\n|-fieldstart|move: Trick Room|[of] p1b: Klefki\n|\n|-weather|RainDance|[upkeep]\n|-sideend|p1: Cg3002|Reflect\n|upkeep\n|-message|Cg3002 forfeited.\n|\n|win|zhaoxianming\n|raw|Cg3002's rating: 1096 &rarr; <strong>1067<\/strong><br \/>(-29 for losing)\n|raw|zhaoxianming's rating: 1032 &rarr; <strong>1074<\/strong><br \/>(+42 for winning)\n|l|\u2606Cg3002\n","uploadtime":1700243898,"views":6,"p1id":"cg3002","p2id":"zhaoxianming","formatid":"gen9doublesou","rating":1067,"private":0,"password":""}