{"id":"gen9doublesou-1987873505","p1":"mikeyuwu","p2":"eBOTT","format":"[Gen 9] Doubles OU","log":"|j|\u2606mikeyuwu\n|j|\u2606eBOTT\n|t:|1699644746\n|gametype|doubles\n|player|p1|mikeyuwu|psychic-gen4|1280\n|player|p2|eBOTT|2|1320\n|teamsize|p1|6\n|teamsize|p2|6\n|gen|9\n|tier|[Gen 9] Doubles OU\n|rated|\n|rule|Species Clause: Limit one of each Pok\u00e9mon\n|rule|OHKO Clause: OHKO moves are banned\n|rule|Evasion Moves Clause: Evasion moves are banned\n|rule|Gravity Sleep Clause: The combination of sleep-inducing moves with imperfect accuracy and Gravity or Gigantamax Orbeetle are banned\n|rule|Endless Battle Clause: Forcing endless battles is banned\n|rule|HP Percentage Mod: HP is shown in percentages\n|clearpoke\n|poke|p1|Garchomp, M|\n|poke|p1|Tyranitar, F|\n|poke|p1|Vaporeon, F|\n|poke|p1|Toxicroak, M|\n|poke|p1|Pelipper, F|\n|poke|p1|Abomasnow, M|\n|poke|p2|Kingambit, M|\n|poke|p2|Lurantis, F|\n|poke|p2|Ursaluna, F|\n|poke|p2|Oranguru, M|\n|poke|p2|Slowking-Galar, F|\n|poke|p2|Maushold-Four|\n|teampreview\n|\n|t:|1699644759\n|start\n|switch|p1a: OTLHPM|Toxicroak, M|100\/100\n|switch|p1b: Harmacy|Vaporeon, F|100\/100\n|switch|p2a: Oranguru|Oranguru, M|100\/100\n|switch|p2b: Maushold|Maushold-Four|100\/100\n|turn|1\n|\n|t:|1699644767\n|switch|p1a: Extra Spicy|Garchomp, M|100\/100\n|move|p2b: Maushold|Follow Me|p2b: Maushold\n|-singleturn|p2b: Maushold|move: Follow Me\n|move|p1b: Harmacy|Copycat||[still]\n|-fail|p1b: Harmacy\n|move|p2a: Oranguru|Trick Room|p2a: Oranguru\n|-fieldstart|move: Trick Room|[of] p2a: Oranguru\n|\n|upkeep\n|turn|2\n|\n|t:|1699644784\n|move|p2a: Oranguru|Instruct|p2b: Maushold\n|-singleturn|p2b: Maushold|move: Instruct|[of] p2a: Oranguru\n|move|p2b: Maushold|Follow Me|p2b: Maushold\n|-singleturn|p2b: Maushold|move: Follow Me\n|move|p1b: Harmacy|Icy Wind|p2a: Oranguru|[spread] p2a,p2b\n|-damage|p2a: Oranguru|96\/100\n|-damage|p2b: Maushold|88\/100\n|-unboost|p2a: Oranguru|spe|1\n|-unboost|p2b: Maushold|spe|1\n|move|p2b: Maushold|Super Fang|p1a: Extra Spicy\n|-damage|p1a: Extra Spicy|50\/100\n|-damage|p2b: Maushold|76\/100|[from] ability: Rough Skin|[of] p1a: Extra Spicy\n|-damage|p2b: Maushold|59\/100|[from] item: Rocky Helmet|[of] p1a: Extra Spicy\n|move|p1a: Extra Spicy|Earthquake|p2a: Oranguru|[spread] p1b,p2a,p2b\n|-damage|p1b: Harmacy|78\/100\n|-damage|p2a: Oranguru|69\/100\n|-damage|p2b: Maushold|21\/100\n|-enditem|p2b: Maushold|Iapapa Berry|[eat]\n|-heal|p2b: Maushold|54\/100|[from] item: Iapapa Berry\n|\n|-heal|p1b: Harmacy|84\/100|[from] item: Leftovers\n|upkeep\n|turn|3\n|\n|t:|1699644808\n|switch|p1a: Weather War|Pelipper, F|100\/100\n|-weather|RainDance|[from] ability: Drizzle|[of] p1a: Weather War\n|move|p2a: Oranguru|Instruct|p2b: Maushold\n|-singleturn|p2b: Maushold|move: Instruct|[of] p2a: Oranguru\n|move|p2b: Maushold|Super Fang|p1a: Weather War\n|-damage|p1a: Weather War|51\/100\n|move|p1b: Harmacy|Wish|p1b: Harmacy\n|move|p2b: Maushold|Population Bomb|p1b: Harmacy\n|-damage|p1b: Harmacy|80\/100\n|-damage|p1b: Harmacy|75\/100\n|-damage|p1b: Harmacy|71\/100\n|-damage|p1b: Harmacy|67\/100\n|-crit|p1b: Harmacy\n|-damage|p1b: Harmacy|61\/100\n|-damage|p1b: Harmacy|56\/100\n|-damage|p1b: Harmacy|52\/100\n|-damage|p1b: Harmacy|47\/100\n|-damage|p1b: Harmacy|43\/100\n|-damage|p1b: Harmacy|39\/100\n|-hitcount|p1b: Harmacy|10\n|\n|-weather|RainDance|[upkeep]\n|-heal|p1b: Harmacy|45\/100|[from] item: Leftovers\n|upkeep\n|turn|4\n|\n|t:|1699644836\n|switch|p1b: Extra Spicy|Garchomp, M|50\/100\n|move|p2a: Oranguru|Instruct|p2b: Maushold\n|-singleturn|p2b: Maushold|move: Instruct|[of] p2a: Oranguru\n|move|p2b: Maushold|Population Bomb|p1b: Extra Spicy\n|-damage|p1b: Extra Spicy|47\/100\n|-damage|p2b: Maushold|42\/100|[from] ability: Rough Skin|[of] p1b: Extra Spicy\n|-damage|p2b: Maushold|25\/100|[from] item: Rocky Helmet|[of] p1b: Extra Spicy\n|-damage|p1b: Extra Spicy|43\/100\n|-damage|p2b: Maushold|13\/100|[from] ability: Rough Skin|[of] p1b: Extra Spicy\n|-damage|p2b: Maushold|0 fnt|[from] item: Rocky Helmet|[of] p1b: Extra Spicy\n|faint|p2b: Maushold\n|-hitcount|p1b: Extra Spicy|2\n|move|p1a: Weather War|Chilling Water|p2a: Oranguru\n|-damage|p2a: Oranguru|54\/100\n|-unboost|p2a: Oranguru|atk|1\n|\n|-weather|RainDance|[upkeep]\n|-heal|p1b: Extra Spicy|98\/100|[from] move: Wish|[wisher] Harmacy\n|upkeep\n|\n|t:|1699644861\n|switch|p2b: Ursaluna|Ursaluna, F|100\/100\n|turn|5\n|\n|t:|1699644879\n|switch|p2a: Slowking|Slowking-Galar, F|100\/100\n|move|p2b: Ursaluna|Protect|p2b: Ursaluna\n|-singleturn|p2b: Ursaluna|Protect\n|move|p1a: Weather War|Chilling Water|p2b: Ursaluna\n|-activate|p2b: Ursaluna|move: Protect\n|move|p1b: Extra Spicy|Liquidation|p2b: Ursaluna\n|-activate|p2b: Ursaluna|move: Protect\n|\n|-weather|RainDance|[upkeep]\n|-fieldend|move: Trick Room\n|-status|p2b: Ursaluna|brn|[from] item: Flame Orb\n|upkeep\n|turn|6\n|\n|t:|1699644897\n|-terastallize|p2b: Ursaluna|Normal\n|move|p1b: Extra Spicy|Earthquake|p2b: Ursaluna|[spread] p2a,p2b\n|-immune|p1a: Weather War\n|-supereffective|p2a: Slowking\n|-damage|p2a: Slowking|31\/100\n|-damage|p2b: Ursaluna|76\/100 brn\n|move|p1a: Weather War|Chilling Water|p2b: Ursaluna\n|-damage|p2b: Ursaluna|56\/100 brn\n|-unboost|p2b: Ursaluna|atk|1\n|move|p2b: Ursaluna|Facade|p1b: Extra Spicy\n|-damage|p1b: Extra Spicy|36\/100\n|-damage|p2b: Ursaluna|43\/100 brn|[from] ability: Rough Skin|[of] p1b: Extra Spicy\n|-damage|p2b: Ursaluna|27\/100 brn|[from] item: Rocky Helmet|[of] p1b: Extra Spicy\n|move|p2a: Slowking|Trick Room|p2a: Slowking\n|-fieldstart|move: Trick Room|[of] p2a: Slowking\n|\n|-weather|RainDance|[upkeep]\n|-heal|p2a: Slowking|38\/100|[from] item: Black Sludge\n|-damage|p2b: Ursaluna|21\/100 brn|[from] brn\n|upkeep\n|turn|7\n|\n|t:|1699644913\n|move|p2a: Slowking|Disable|p1a: Weather War\n|-start|p1a: Weather War|Disable|Chilling Water\n|move|p2b: Ursaluna|Facade|p1b: Extra Spicy\n|-damage|p1b: Extra Spicy|0 fnt\n|-damage|p2b: Ursaluna|8\/100 brn|[from] ability: Rough Skin|[of] p1b: Extra Spicy\n|-damage|p2b: Ursaluna|0 fnt|[from] item: Rocky Helmet|[of] p1b: Extra Spicy\n|faint|p1b: Extra Spicy\n|faint|p2b: Ursaluna\n|cant|p1a: Weather War|Disable|Chilling Water\n|\n|-weather|none\n|-heal|p2a: Slowking|44\/100|[from] item: Black Sludge\n|upkeep\n|\n|t:|1699644924\n|switch|p2b: Lurantis|Lurantis, F|100\/100\n|switch|p1b: ThcrThnSnkr|Tyranitar, F|100\/100\n|-weather|Sandstorm|[from] ability: Sand Stream|[of] p1b: ThcrThnSnkr\n|turn|8\n|\n|t:|1699644946\n|switch|p1b: OTLHPM|Toxicroak, M|100\/100\n|move|p2a: Slowking|Psyshock|p1a: Weather War\n|-damage|p1a: Weather War|26\/100\n|move|p2b: Lurantis|Superpower|p1b: OTLHPM\n|-resisted|p1b: OTLHPM\n|-damage|p1b: OTLHPM|73\/100\n|-boost|p2b: Lurantis|atk|1\n|-boost|p2b: Lurantis|def|1\n|move|p1a: Weather War|Hurricane|p2b: Lurantis\n|-supereffective|p2b: Lurantis\n|-damage|p2b: Lurantis|22\/100\n|-start|p2b: Lurantis|confusion\n|\n|-weather|Sandstorm|[upkeep]\n|-damage|p2a: Slowking|38\/100|[from] Sandstorm\n|-damage|p2b: Lurantis|16\/100|[from] Sandstorm\n|-damage|p1a: Weather War|20\/100|[from] Sandstorm\n|-damage|p1b: OTLHPM|67\/100|[from] Sandstorm\n|-heal|p2a: Slowking|44\/100|[from] item: Black Sludge\n|-heal|p1b: OTLHPM|73\/100|[from] item: Black Sludge\n|upkeep\n|turn|9\n|\n|t:|1699644970\n|switch|p1b: Cold Shoulder|Abomasnow, M, shiny|100\/100\n|-weather|Snow|[from] ability: Snow Warning|[of] p1b: Cold Shoulder\n|move|p2a: Slowking|Psyshock|p1b: Cold Shoulder\n|-damage|p1b: Cold Shoulder|82\/100\n|-activate|p2b: Lurantis|confusion\n|move|p2b: Lurantis|Knock Off|p1a: Weather War\n|-damage|p1a: Weather War|0 fnt\n|-enditem|p1a: Weather War|Heavy-Duty Boots|[from] move: Knock Off|[of] p2b: Lurantis\n|faint|p1a: Weather War\n|\n|-weather|Snow|[upkeep]\n|-heal|p2a: Slowking|50\/100|[from] item: Black Sludge\n|upkeep\n|\n|t:|1699644980\n|switch|p1a: OTLHPM|Toxicroak, M|73\/100\n|turn|10\n|\n|t:|1699644989\n|-terastallize|p1a: OTLHPM|Dark\n|move|p2a: Slowking|Psyshock|p1a: OTLHPM\n|-immune|p1a: OTLHPM\n|-activate|p2b: Lurantis|confusion\n|move|p2b: Lurantis|Superpower|p1b: Cold Shoulder\n|-supereffective|p1b: Cold Shoulder\n|-crit|p1b: Cold Shoulder\n|-damage|p1b: Cold Shoulder|0 fnt\n|-boost|p2b: Lurantis|atk|1\n|-boost|p2b: Lurantis|def|1\n|faint|p1b: Cold Shoulder\n|move|p1a: OTLHPM|Poison Jab|p2b: Lurantis\n|-supereffective|p2b: Lurantis\n|-damage|p2b: Lurantis|0 fnt\n|faint|p2b: Lurantis\n|\n|-weather|Snow|[upkeep]\n|-heal|p2a: Slowking|56\/100|[from] item: Black Sludge\n|-damage|p1a: OTLHPM|61\/100|[from] item: Black Sludge\n|-fieldend|move: Trick Room\n|upkeep\n|\n|t:|1699645009\n|switch|p1b: ThcrThnSnkr|Tyranitar, F|100\/100\n|switch|p2b: Kingambit|Kingambit, M|100\/100\n|-weather|Sandstorm|[from] ability: Sand Stream|[of] p1b: ThcrThnSnkr\n|turn|11\n|\n|t:|1699645017\n|move|p1a: OTLHPM|Drain Punch|p2b: Kingambit\n|-supereffective|p2b: Kingambit\n|-damage|p2b: Kingambit|0 fnt\n|-heal|p1a: OTLHPM|100\/100|[from] drain|[of] p2b: Kingambit\n|faint|p2b: Kingambit\n|move|p1b: ThcrThnSnkr|Knock Off|p2a: Slowking\n|-supereffective|p2a: Slowking\n|-damage|p2a: Slowking|0 fnt\n|-enditem|p2a: Slowking|Black Sludge|[from] move: Knock Off|[of] p1b: ThcrThnSnkr\n|faint|p2a: Slowking\n|\n|-weather|Sandstorm|[upkeep]\n|-damage|p1a: OTLHPM|94\/100|[from] Sandstorm\n|-damage|p1a: OTLHPM|82\/100|[from] item: Black Sludge\n|upkeep\n|-message|eBOTT forfeited.\n|\n|win|mikeyuwu\n|raw|mikeyuwu's rating: 1280 &rarr; <strong>1308<\/strong><br \/>(+28 for winning)\n|raw|eBOTT's rating: 1320 &rarr; <strong>1298<\/strong><br \/>(-22 for losing)\n|l|\u2606eBOTT\n","uploadtime":1699645037,"views":9,"p1id":"mikeyuwu","p2id":"ebott","formatid":"gen9doublesou","rating":1298,"private":0,"password":""}