{"id":"gen9doublesou-1983349847","p1":"Eragon11145","p2":"John1240","format":"[Gen 9] Doubles OU","log":"|j|\u2606Eragon11145\n|j|\u2606John1240\n|t:|1699120884\n|gametype|doubles\n|player|p1|Eragon11145|#dwcopiii|\n|player|p2|John1240|#stt5noadkokoroyal|\n|teamsize|p1|6\n|teamsize|p2|6\n|gen|9\n|tier|[Gen 9] Doubles OU\n|rule|Species Clause: Limit one of each Pok\u00e9mon\n|rule|OHKO Clause: OHKO moves are banned\n|rule|Evasion Moves Clause: Evasion moves are banned\n|rule|Gravity Sleep Clause: The combination of sleep-inducing moves with imperfect accuracy and Gravity or Gigantamax Orbeetle are banned\n|rule|Endless Battle Clause: Forcing endless battles is banned\n|rule|HP Percentage Mod: HP is shown in percentages\n|clearpoke\n|poke|p1|Sinistcha-Masterpiece|\n|poke|p1|Iron Hands|\n|poke|p1|Flutter Mane|\n|poke|p1|Chi-Yu|\n|poke|p1|Roaring Moon|\n|poke|p1|Mew|\n|poke|p2|Roaring Moon|\n|poke|p2|Flutter Mane|\n|poke|p2|Kleavor, M|\n|poke|p2|Heatran, M|\n|poke|p2|Ogerpon-Wellspring, F|\n|poke|p2|Tornadus, M|\n|teampreview\n|inactive|Battle timer is ON: inactive players will automatically lose when time's up. (requested by Eragon11145)\n|c|\u2606John1240|hf\n|c|\u2606Eragon11145|u2\n|j| Heerv\n|inactive|Eragon11145 has 270 seconds left.\n|inactive|John1240 has 270 seconds left.\n|j| Charmdi\n|j| AIRedzone\n|j|+ryo yamada2001\n|j| Lemurro\n|\n|t:|1699120933\n|start\n|switch|p1a: Iron Hands|Iron Hands|100\/100\n|switch|p1b: Mew|Mew|100\/100\n|switch|p2a: Kleavor|Kleavor, M|100\/100\n|switch|p2b: Tornadus|Tornadus, M|100\/100\n|turn|1\n|j| elagic\n|j| Givrix\n|j| Iceberg77\n|l| Iceberg77\n|j| ratpacker\n|inactive|Eragon11145 has 270 seconds left.\n|inactive|John1240 has 270 seconds left.\n|j| theyummybagel\n|\n|t:|1699120990\n|switch|p2b: Ogerpon|Ogerpon-Wellspring, F|100\/100\n|move|p1a: Iron Hands|Fake Out|p2a: Kleavor\n|-resisted|p2a: Kleavor\n|-damage|p2a: Kleavor|92\/100\n|move|p1b: Mew|Will-O-Wisp|p2a: Kleavor|[miss]\n|-miss|p1b: Mew|p2a: Kleavor\n|cant|p2a: Kleavor|flinch\n|\n|upkeep\n|turn|2\n|inactive|John1240 has 270 seconds left.\n|inactive|Eragon11145 has 270 seconds left.\n|\n|t:|1699121016\n|-end|p1a: Iron Hands|Quark Drive|[silent]\n|switch|p1a: Roaring Moon|Roaring Moon|100\/100\n|-enditem|p1a: Roaring Moon|Booster Energy\n|-activate|p1a: Roaring Moon|ability: Protosynthesis|[fromitem]\n|-start|p1a: Roaring Moon|protosynthesisspe\n|move|p2b: Ogerpon|Follow Me|p2b: Ogerpon\n|-singleturn|p2b: Ogerpon|move: Follow Me\n|move|p1b: Mew|Will-O-Wisp|p2b: Ogerpon\n|-status|p2b: Ogerpon|brn\n|move|p2a: Kleavor|X-Scissor|p1b: Mew\n|-supereffective|p1b: Mew\n|-damage|p1b: Mew|7\/100\n|-enditem|p1b: Mew|Sitrus Berry|[eat]\n|-heal|p1b: Mew|32\/100|[from] item: Sitrus Berry\n|\n|-damage|p2b: Ogerpon|94\/100 brn|[from] brn\n|upkeep\n|turn|3\n|j| Lunarr\n|j| R4ye\n|inactive|John1240 has 270 seconds left.\n|inactive|Eragon11145 has 270 seconds left.\n|\n|t:|1699121068\n|-terastallize|p1a: Roaring Moon|Flying\n|move|p2b: Ogerpon|Follow Me|p2b: Ogerpon\n|-singleturn|p2b: Ogerpon|move: Follow Me\n|move|p1a: Roaring Moon|Acrobatics|p2b: Ogerpon\n|-supereffective|p2b: Ogerpon\n|-damage|p2b: Ogerpon|0 fnt\n|faint|p2b: Ogerpon\n|move|p1b: Mew|Will-O-Wisp|p2a: Kleavor|[miss]\n|-miss|p1b: Mew|p2a: Kleavor\n|move|p2a: Kleavor|Stone Axe|p1b: Mew|[miss]\n|-miss|p2a: Kleavor|p1b: Mew\n|\n|upkeep\n|c|\u2606Eragon11145|brah\n|inactive|John1240 has 240 seconds left.\n|\n|t:|1699121119\n|switch|p2b: Roaring Moon|Roaring Moon|100\/100\n|-enditem|p2b: Roaring Moon|Booster Energy\n|-activate|p2b: Roaring Moon|ability: Protosynthesis|[fromitem]\n|-start|p2b: Roaring Moon|protosynthesisspe\n|turn|4\n|inactive|John1240 has 240 seconds left.\n|inactive|Eragon11145 has 270 seconds left.\n|\n|t:|1699121144\n|switch|p1b: Iron Hands|Iron Hands|100\/100\n|move|p1a: Roaring Moon|Protect|p1a: Roaring Moon\n|-singleturn|p1a: Roaring Moon|Protect\n|move|p2b: Roaring Moon|Breaking Swipe|p1b: Iron Hands|[spread] p1b\n|-activate|p1a: Roaring Moon|move: Protect\n|-damage|p1b: Iron Hands|84\/100\n|-unboost|p1b: Iron Hands|atk|1\n|move|p2a: Kleavor|Stone Axe|p1a: Roaring Moon\n|-activate|p1a: Roaring Moon|move: Protect\n|\n|upkeep\n|turn|5\n|inactive|John1240 has 240 seconds left.\n|inactive|John1240 has 210 seconds left.\n|j| smudgerox\n|inactive|John1240 has 180 seconds left.\n|\n|t:|1699121215\n|move|p2b: Roaring Moon|Protect|p2b: Roaring Moon\n|-singleturn|p2b: Roaring Moon|Protect\n|move|p1b: Iron Hands|Fake Out|p2a: Kleavor\n|-resisted|p2a: Kleavor\n|-damage|p2a: Kleavor|87\/100\n|move|p1a: Roaring Moon|Tailwind|p1a: Roaring Moon\n|-sidestart|p1: Eragon11145|move: Tailwind\n|cant|p2a: Kleavor|flinch\n|\n|upkeep\n|turn|6\n|\n|t:|1699121237\n|-terastallize|p2b: Roaring Moon|Ghost\n|move|p1a: Roaring Moon|Protect|p1a: Roaring Moon\n|-singleturn|p1a: Roaring Moon|Protect\n|move|p2b: Roaring Moon|Tailwind|p2b: Roaring Moon\n|-sidestart|p2: John1240|move: Tailwind\n|move|p2a: Kleavor|Stone Axe|p1a: Roaring Moon\n|-activate|p1a: Roaring Moon|move: Protect\n|move|p1b: Iron Hands|Heavy Slam|p2a: Kleavor\n|-supereffective|p2a: Kleavor\n|-damage|p2a: Kleavor|31\/100\n|\n|upkeep\n|turn|7\n|\n|t:|1699121266\n|move|p2b: Roaring Moon|Breaking Swipe|p1b: Iron Hands|[spread] p1a,p1b\n|-damage|p1a: Roaring Moon|69\/100\n|-damage|p1b: Iron Hands|69\/100\n|-unboost|p1a: Roaring Moon|atk|1\n|-unboost|p1b: Iron Hands|atk|1\n|move|p1a: Roaring Moon|Acrobatics|p2a: Kleavor\n|-damage|p2a: Kleavor|0 fnt\n|faint|p2a: Kleavor\n|move|p1b: Iron Hands|Wild Charge|p2b: Roaring Moon\n|-damage|p2b: Roaring Moon|66\/100\n|-damage|p1b: Iron Hands|62\/100|[from] Recoil\n|\n|upkeep\n|inactive|John1240 has 180 seconds left.\n|\n|t:|1699121283\n|switch|p2a: Flutter Mane|Flutter Mane|100\/100\n|turn|8\n|inactive|John1240 has 180 seconds left.\n|\n|t:|1699121310\n|-end|p1b: Iron Hands|Quark Drive|[silent]\n|switch|p1b: Mew|Mew|32\/100\n|move|p2a: Flutter Mane|Protect|p2a: Flutter Mane\n|-singleturn|p2a: Flutter Mane|Protect\n|move|p2b: Roaring Moon|Breaking Swipe|p1a: Roaring Moon|[spread] p1a,p1b\n|-damage|p1a: Roaring Moon|41\/100\n|-damage|p1b: Mew|15\/100\n|-unboost|p1a: Roaring Moon|atk|1\n|-unboost|p1b: Mew|atk|1\n|move|p1a: Roaring Moon|Acrobatics|p2a: Flutter Mane\n|-activate|p2a: Flutter Mane|move: Protect\n|\n|-sideend|p1: Eragon11145|move: Tailwind\n|upkeep\n|turn|9\n|inactive|John1240 has 180 seconds left.\n|\n|t:|1699121332\n|move|p1a: Roaring Moon|Protect|p1a: Roaring Moon\n|-singleturn|p1a: Roaring Moon|Protect\n|move|p2b: Roaring Moon|Breaking Swipe|p1a: Roaring Moon|[spread] p1b\n|-activate|p1a: Roaring Moon|move: Protect\n|-damage|p1b: Mew|0 fnt\n|faint|p1b: Mew\n|move|p2a: Flutter Mane|Dazzling Gleam|p1a: Roaring Moon\n|-activate|p1a: Roaring Moon|move: Protect\n|\n|-sideend|p2: John1240|move: Tailwind\n|upkeep\n|\n|t:|1699121335\n|switch|p1b: Iron Hands|Iron Hands|62\/100\n|turn|10\n|j| EternalSnowman\n|\n|t:|1699121354\n|-end|p1a: Roaring Moon|Protosynthesis|[silent]\n|switch|p1a: Sinistcha|Sinistcha-Masterpiece|100\/100\n|-heal|p1b: Iron Hands|87\/100|[from] ability: Hospitality|[of] p1a: Sinistcha\n|move|p2a: Flutter Mane|Protect|p2a: Flutter Mane\n|-singleturn|p2a: Flutter Mane|Protect\n|move|p2b: Roaring Moon|Tailwind|p2b: Roaring Moon\n|-sidestart|p2: John1240|move: Tailwind\n|move|p1b: Iron Hands|Heavy Slam|p2a: Flutter Mane\n|-activate|p2a: Flutter Mane|move: Protect\n|\n|upkeep\n|turn|11\n|inactive|John1240 has 210 seconds left.\n|\n|t:|1699121381\n|move|p1a: Sinistcha|Protect|p1a: Sinistcha\n|-singleturn|p1a: Sinistcha|Protect\n|move|p2b: Roaring Moon|Knock Off|p1a: Sinistcha\n|-activate|p1a: Sinistcha|move: Protect\n|move|p2a: Flutter Mane|Moonblast|p1b: Iron Hands\n|-supereffective|p1b: Iron Hands\n|-damage|p1b: Iron Hands|31\/100\n|-unboost|p1b: Iron Hands|spa|1\n|move|p1b: Iron Hands|Heavy Slam|p2a: Flutter Mane\n|-supereffective|p2a: Flutter Mane\n|-damage|p2a: Flutter Mane|0 fnt\n|faint|p2a: Flutter Mane\n|-end|p2a: Flutter Mane|Protosynthesis|[silent]\n|\n|upkeep\n|\n|t:|1699121397\n|switch|p2a: Heatran|Heatran, M|100\/100\n|turn|12\n|\n|t:|1699121413\n|switch|p1a: Roaring Moon|Roaring Moon, tera:Flying|41\/100\n|-end|p1b: Iron Hands|Quark Drive|[silent]\n|switch|p1b: Chi-Yu|Chi-Yu|100\/100\n|-ability|p1b: Chi-Yu|Beads of Ruin\n|move|p2b: Roaring Moon|Breaking Swipe|p1b: Chi-Yu|[spread] p1a,p1b\n|-damage|p1a: Roaring Moon|9\/100\n|-damage|p1b: Chi-Yu|78\/100\n|-unboost|p1a: Roaring Moon|atk|1\n|-unboost|p1b: Chi-Yu|atk|1\n|move|p2a: Heatran|Heat Wave|p1a: Roaring Moon|[spread] p1a,p1b\n|-resisted|p1b: Chi-Yu\n|-damage|p1a: Roaring Moon|0 fnt\n|-damage|p1b: Chi-Yu|60\/100\n|faint|p1a: Roaring Moon\n|-end|p1a: Roaring Moon|Protosynthesis|[silent]\n|\n|-heal|p1b: Chi-Yu|66\/100|[from] item: Leftovers\n|upkeep\n|\n|t:|1699121434\n|switch|p1a: Iron Hands|Iron Hands|31\/100\n|turn|13\n|inactive|John1240 has 210 seconds left.\n|\n|t:|1699121450\n|move|p1a: Iron Hands|Fake Out|p2a: Heatran\n|-resisted|p2a: Heatran\n|-damage|p2a: Heatran|94\/100\n|move|p2b: Roaring Moon|Breaking Swipe|p1b: Chi-Yu|[spread] p1a,p1b\n|-damage|p1a: Iron Hands|15\/100\n|-damage|p1b: Chi-Yu|41\/100\n|-unboost|p1a: Iron Hands|atk|1\n|-unboost|p1b: Chi-Yu|atk|1\n|cant|p2a: Heatran|flinch\n|move|p1b: Chi-Yu|Nasty Plot|p1b: Chi-Yu\n|-boost|p1b: Chi-Yu|spa|2\n|\n|-heal|p1b: Chi-Yu|47\/100|[from] item: Leftovers\n|-sideend|p2: John1240|move: Tailwind\n|upkeep\n|turn|14\n|inactive|John1240 has 210 seconds left.\n|j| Tenzai\n|inactive|John1240 has 180 seconds left.\n|\n|t:|1699121505\n|-end|p1a: Iron Hands|Quark Drive|[silent]\n|switch|p1a: Sinistcha|Sinistcha-Masterpiece|100\/100\n|-heal|p1b: Chi-Yu|72\/100|[from] ability: Hospitality|[of] p1a: Sinistcha\n|move|p2b: Roaring Moon|Tailwind|p2b: Roaring Moon\n|-sidestart|p2: John1240|move: Tailwind\n|move|p2a: Heatran|Earth Power|p1a: Sinistcha\n|-resisted|p1a: Sinistcha\n|-damage|p1a: Sinistcha|82\/100\n|move|p1b: Chi-Yu|Dark Pulse|p2b: Roaring Moon\n|-supereffective|p2b: Roaring Moon\n|-damage|p2b: Roaring Moon|0 fnt\n|faint|p2b: Roaring Moon\n|-end|p2b: Roaring Moon|Protosynthesis|[silent]\n|\n|-heal|p1b: Chi-Yu|78\/100|[from] item: Leftovers\n|upkeep\n|inactive|John1240 has 180 seconds left.\n|\n|t:|1699121518\n|switch|p2b: Tornadus|Tornadus, M|100\/100\n|turn|15\n|\n|t:|1699121531\n|move|p1a: Sinistcha|Rage Powder|p1a: Sinistcha\n|-singleturn|p1a: Sinistcha|move: Rage Powder\n|move|p2b: Tornadus|Bleakwind Storm|p1a: Sinistcha|[spread] p1a,p1b\n|-supereffective|p1a: Sinistcha\n|-damage|p1a: Sinistcha|0 fnt\n|-damage|p1b: Chi-Yu|43\/100\n|faint|p1a: Sinistcha\n|move|p2a: Heatran|Heat Wave|p1b: Chi-Yu\n|-resisted|p1b: Chi-Yu\n|-damage|p1b: Chi-Yu|19\/100\n|move|p1b: Chi-Yu|Dark Pulse|p2b: Tornadus\n|-damage|p2b: Tornadus|0 fnt\n|faint|p2b: Tornadus\n|\n|-heal|p1b: Chi-Yu|25\/100|[from] item: Leftovers\n|upkeep\n|\n|t:|1699121533\n|switch|p1a: Iron Hands|Iron Hands|15\/100\n|turn|16\n|inactive|John1240 has 210 seconds left.\n|j| CaoJie\n|\n|t:|1699121561\n|move|p1a: Iron Hands|Fake Out|p2a: Heatran\n|-resisted|p2a: Heatran\n|-damage|p2a: Heatran|87\/100\n|cant|p2a: Heatran|flinch\n|move|p1b: Chi-Yu|Dark Pulse|p2a: Heatran\n|-damage|p2a: Heatran|35\/100\n|\n|-heal|p1b: Chi-Yu|31\/100|[from] item: Leftovers\n|upkeep\n|turn|17\n|\n|t:|1699121570\n|move|p1b: Chi-Yu|Protect|p1b: Chi-Yu\n|-singleturn|p1b: Chi-Yu|Protect\n|move|p2a: Heatran|Heat Wave|p1a: Iron Hands|[spread] p1a\n|-activate|p1b: Chi-Yu|move: Protect\n|-damage|p1a: Iron Hands|0 fnt\n|faint|p1a: Iron Hands\n|-end|p1a: Iron Hands|Quark Drive|[silent]\n|\n|-heal|p1b: Chi-Yu|37\/100|[from] item: Leftovers\n|-sideend|p2: John1240|move: Tailwind\n|upkeep\n|\n|t:|1699121572\n|switch|p1a: Flutter Mane|Flutter Mane|100\/100\n|turn|18\n|inactive|John1240 has 240 seconds left.\n|\n|t:|1699121602\n|move|p1a: Flutter Mane|Shadow Ball|p2a: Heatran\n|-damage|p2a: Heatran|0 fnt\n|faint|p2a: Heatran\n|\n|win|Eragon11145\n|l| EternalSnowman\n|c|\u2606Eragon11145|gg\n|c|\u2606John1240|gg\n|l| R4ye\n","uploadtime":1699121610,"views":156,"p1id":"eragon11145","p2id":"john1240","formatid":"gen9doublesou","rating":0,"private":0,"password":""}