{"id":"gen9doublesou-1975865000","p1":"LucasKyUno","p2":"mikeyuwu","format":"[Gen 9] Doubles OU","log":"|j|\u2606LucasKyUno\n|j|\u2606mikeyuwu\n|t:|1698244883\n|gametype|doubles\n|player|p1|LucasKyUno|emmet|1182\n|player|p2|mikeyuwu|psychic-gen4|1256\n|teamsize|p1|6\n|teamsize|p2|6\n|gen|9\n|tier|[Gen 9] Doubles OU\n|rated|\n|rule|Species Clause: Limit one of each Pok\u00e9mon\n|rule|OHKO Clause: OHKO moves are banned\n|rule|Evasion Moves Clause: Evasion moves are banned\n|rule|Gravity Sleep Clause: The combination of sleep-inducing moves with imperfect accuracy and Gravity or Gigantamax Orbeetle are banned\n|rule|Endless Battle Clause: Forcing endless battles is banned\n|rule|HP Percentage Mod: HP is shown in percentages\n|clearpoke\n|poke|p1|Quaquaval, M|\n|poke|p1|Oricorio-Pom-Pom, F|\n|poke|p1|Kommo-o, M|\n|poke|p1|Volcarona, F|\n|poke|p1|Clodsire, M|\n|poke|p1|Arboliva, F|\n|poke|p2|Garchomp, M|\n|poke|p2|Tyranitar, F|\n|poke|p2|Vaporeon, F|\n|poke|p2|Toxicroak, M|\n|poke|p2|Pelipper, F|\n|poke|p2|Abomasnow, M|\n|teampreview\n|inactive|Battle timer is ON: inactive players will automatically lose when time's up. (requested by LucasKyUno)\n|\n|t:|1698244899\n|start\n|switch|p1a: Kommo-o|Kommo-o, M|100\/100\n|switch|p1b: Oricorio|Oricorio-Pom-Pom, F, shiny|100\/100\n|switch|p2a: OTLHPM|Toxicroak, M|100\/100\n|switch|p2b: Cold Shoulder|Abomasnow, M, shiny|100\/100\n|-weather|Snow|[from] ability: Snow Warning|[of] p2b: Cold Shoulder\n|turn|1\n|\n|t:|1698244912\n|-terastallize|p1a: Kommo-o|Steel\n|move|p1b: Oricorio|Substitute|p1b: Oricorio\n|-start|p1b: Oricorio|Substitute\n|-damage|p1b: Oricorio|76\/100\n|move|p1a: Kommo-o|Clangorous Soul|p1a: Kommo-o\n|-boost|p1a: Kommo-o|atk|1\n|-boost|p1a: Kommo-o|def|1\n|-boost|p1a: Kommo-o|spa|1\n|-boost|p1a: Kommo-o|spd|1\n|-boost|p1a: Kommo-o|spe|1\n|-damage|p1a: Kommo-o|68\/100\n|-enditem|p1a: Kommo-o|Throat Spray\n|-boost|p1a: Kommo-o|spa|1|[from] item: Throat Spray\n|-activate|p1b: Oricorio|ability: Dancer\n|move|p1b: Oricorio|Clangorous Soul|p1b: Oricorio|[from]ability: Dancer\n|-boost|p1b: Oricorio|atk|1\n|-boost|p1b: Oricorio|def|1\n|-boost|p1b: Oricorio|spa|1\n|-boost|p1b: Oricorio|spd|1\n|-boost|p1b: Oricorio|spe|1\n|-damage|p1b: Oricorio|43\/100\n|move|p2a: OTLHPM|Poison Jab|p1a: Kommo-o\n|-immune|p1a: Kommo-o\n|move|p2b: Cold Shoulder|Blizzard|p1a: Kommo-o|[spread] p1a,p1b\n|-supereffective|p1b: Oricorio\n|-end|p1b: Oricorio|Substitute\n|-resisted|p1a: Kommo-o\n|-damage|p1a: Kommo-o|56\/100\n|\n|-weather|Snow|[upkeep]\n|-heal|p1b: Oricorio|49\/100|[from] item: Leftovers\n|upkeep\n|turn|2\n|inactive|LucasKyUno has 120 seconds left.\n|\n|t:|1698244947\n|move|p1b: Oricorio|Revelation Dance|p2a: OTLHPM\n|-damage|p2a: OTLHPM|28\/100\n|move|p1a: Kommo-o|Clanging Scales|p2b: Cold Shoulder|[spread] p2a,p2b\n|-damage|p2a: OTLHPM|0 fnt\n|-damage|p2b: Cold Shoulder|19\/100\n|faint|p2a: OTLHPM\n|-unboost|p1a: Kommo-o|def|1\n|move|p2b: Cold Shoulder|Blizzard|p1a: Kommo-o|[spread] p1a,p1b\n|-resisted|p1a: Kommo-o\n|-supereffective|p1b: Oricorio\n|-damage|p1a: Kommo-o|44\/100\n|-damage|p1b: Oricorio|0 fnt\n|faint|p1b: Oricorio\n|\n|-weather|Snow|[upkeep]\n|upkeep\n|\n|t:|1698244969\n|switch|p1b: Quaquaval|Quaquaval, M|100\/100\n|switch|p2a: Extra Spicy|Garchomp, M|100\/100\n|turn|3\n|\n|t:|1698244983\n|switch|p2b: Weather War|Pelipper, F|100\/100\n|-weather|RainDance|[from] ability: Drizzle|[of] p2b: Weather War\n|-terastallize|p2a: Extra Spicy|Steel\n|move|p1a: Kommo-o|Clanging Scales|p2b: Weather War|[spread] p2a,p2b\n|-resisted|p2a: Extra Spicy\n|-damage|p2a: Extra Spicy|65\/100\n|-damage|p2b: Weather War|0 fnt\n|faint|p2b: Weather War\n|-unboost|p1a: Kommo-o|def|1\n|move|p1b: Quaquaval|Feather Dance|p2a: Extra Spicy\n|-unboost|p2a: Extra Spicy|atk|2\n|move|p2a: Extra Spicy|Earthquake|p1a: Kommo-o|[spread] p1a,p1b\n|-supereffective|p1a: Kommo-o\n|-damage|p1a: Kommo-o|0 fnt\n|-damage|p1b: Quaquaval|79\/100\n|faint|p1a: Kommo-o\n|\n|-weather|RainDance|[upkeep]\n|upkeep\n|\n|t:|1698245004\n|switch|p1a: Clodger|Clodsire, M|100\/100\n|switch|p2b: Harmacy|Vaporeon, F|100\/100\n|turn|4\n|\n|t:|1698245016\n|move|p1b: Quaquaval|Aqua Step|p2a: Extra Spicy\n|-damage|p2a: Extra Spicy|27\/100\n|-boost|p1b: Quaquaval|spe|1\n|-damage|p1b: Quaquaval|67\/100|[from] ability: Rough Skin|[of] p2a: Extra Spicy\n|-damage|p1b: Quaquaval|51\/100|[from] item: Rocky Helmet|[of] p2a: Extra Spicy\n|move|p2a: Extra Spicy|Poison Jab|p1b: Quaquaval\n|-damage|p1b: Quaquaval|34\/100\n|-status|p1b: Quaquaval|psn\n|move|p2b: Harmacy|Icy Wind|p1b: Quaquaval|[spread] p1a,p1b\n|-supereffective|p1a: Clodger\n|-resisted|p1b: Quaquaval\n|-damage|p1a: Clodger|85\/100\n|-damage|p1b: Quaquaval|27\/100 psn\n|-unboost|p1a: Clodger|spe|1\n|-unboost|p1b: Quaquaval|spe|1\n|move|p1a: Clodger|Poison Jab|p2b: Harmacy\n|-damage|p2b: Harmacy|79\/100\n|-status|p2b: Harmacy|psn\n|\n|-weather|RainDance|[upkeep]\n|-activate|p2b: Harmacy|ability: Hydration\n|-curestatus|p2b: Harmacy|psn|[msg]\n|-heal|p2b: Harmacy|85\/100|[from] item: Leftovers\n|-damage|p1b: Quaquaval|15\/100 psn|[from] psn\n|upkeep\n|turn|5\n|\n|t:|1698245043\n|move|p1b: Quaquaval|Aqua Step|p2a: Extra Spicy\n|-damage|p2a: Extra Spicy|0 fnt\n|-boost|p1b: Quaquaval|spe|1\n|-damage|p1b: Quaquaval|3\/100 psn|[from] ability: Rough Skin|[of] p2a: Extra Spicy\n|-damage|p1b: Quaquaval|0 fnt|[from] item: Rocky Helmet|[of] p2a: Extra Spicy\n|faint|p2a: Extra Spicy\n|faint|p1b: Quaquaval\n|move|p2b: Harmacy|Icy Wind|p1a: Clodger\n|-supereffective|p1a: Clodger\n|-damage|p1a: Clodger|66\/100\n|-unboost|p1a: Clodger|spe|1\n|move|p1a: Clodger|Poison Jab|p2b: Harmacy\n|-damage|p2b: Harmacy|61\/100\n|\n|-weather|RainDance|[upkeep]\n|-heal|p2b: Harmacy|67\/100|[from] item: Leftovers\n|upkeep\n|\n|t:|1698245060\n|switch|p1b: Arboliva|Arboliva, F|100\/100\n|switch|p2a: Cold Shoulder|Abomasnow, M, shiny|19\/100\n|-weather|Snow|[from] ability: Snow Warning|[of] p2a: Cold Shoulder\n|turn|6\n|\n|t:|1698245071\n|move|p2a: Cold Shoulder|Blizzard|p1b: Arboliva|[spread] p1a,p1b\n|-supereffective|p1a: Clodger\n|-supereffective|p1b: Arboliva\n|-damage|p1a: Clodger|24\/100\n|-damage|p1b: Arboliva|49\/100\n|-fieldstart|move: Grassy Terrain|[from] ability: Seed Sower|[of] p1b: Arboliva\n|move|p2b: Harmacy|Copycat|p2b: Harmacy\n|move|p2b: Harmacy|Blizzard|p1b: Arboliva|[from]move: Copycat|[spread] p1a,p1b\n|-supereffective|p1a: Clodger\n|-supereffective|p1b: Arboliva\n|-damage|p1a: Clodger|0 fnt\n|-damage|p1b: Arboliva|14\/100\n|faint|p1a: Clodger\n|move|p1b: Arboliva|Petal Dance|p2a: Cold Shoulder\n|-resisted|p2a: Cold Shoulder\n|-damage|p2a: Cold Shoulder|0 fnt\n|faint|p2a: Cold Shoulder\n|\n|-weather|Snow|[upkeep]\n|-heal|p2b: Harmacy|74\/100|[from] Grassy Terrain\n|-heal|p2b: Harmacy|80\/100|[from] item: Leftovers\n|-heal|p1b: Arboliva|20\/100|[from] Grassy Terrain\n|upkeep\n|\n|t:|1698245090\n|switch|p2a: ThcrThnSnkr|Tyranitar, F|100\/100\n|switch|p1a: Volcarona|Volcarona, F|100\/100\n|-weather|Sandstorm|[from] ability: Sand Stream|[of] p2a: ThcrThnSnkr\n|turn|7\n|\n|t:|1698245100\n|move|p1a: Volcarona|Giga Drain|p2b: Harmacy\n|-supereffective|p2b: Harmacy\n|-damage|p2b: Harmacy|22\/100\n|move|p2a: ThcrThnSnkr|Knock Off|p1b: Arboliva\n|-damage|p1b: Arboliva|0 fnt\n|-enditem|p1b: Arboliva|Clear Amulet|[from] move: Knock Off|[of] p2a: ThcrThnSnkr\n|faint|p1b: Arboliva\n|move|p2b: Harmacy|Weather Ball|p1a: Volcarona\n|-supereffective|p1a: Volcarona\n|-damage|p1a: Volcarona|0 fnt\n|faint|p1a: Volcarona\n|\n|win|mikeyuwu\n|raw|LucasKyUno's rating: 1182 &rarr; <strong>1162<\/strong><br \/>(-20 for losing)\n|raw|mikeyuwu's rating: 1256 &rarr; <strong>1276<\/strong><br \/>(+20 for winning)\n|c|\u2606mikeyuwu|Gg\n","uploadtime":1698245175,"views":17,"p1id":"lucaskyuno","p2id":"mikeyuwu","formatid":"gen9doublesou","rating":1162,"private":0,"password":""}