{"id":"gen9doublesou-1989931493","p1":"5hrimp","p2":"Aquaknight22","format":"[Gen 9] Doubles OU","log":"|j|\u26065hrimp\n|j|\u2606Aquaknight22\n|t:|1699907794\n|gametype|doubles\n|player|p1|5hrimp|2|1121\n|player|p2|Aquaknight22|janine|1094\n|teamsize|p1|6\n|teamsize|p2|6\n|gen|9\n|tier|[Gen 9] Doubles OU\n|rated|\n|rule|Species Clause: Limit one of each Pok\u00e9mon\n|rule|OHKO Clause: OHKO moves are banned\n|rule|Evasion Moves Clause: Evasion moves are banned\n|rule|Gravity Sleep Clause: The combination of sleep-inducing moves with imperfect accuracy and Gravity or Gigantamax Orbeetle are banned\n|rule|Endless Battle Clause: Forcing endless battles is banned\n|rule|HP Percentage Mod: HP is shown in percentages\n|clearpoke\n|poke|p1|Palafin, M|\n|poke|p1|Cyclizar, F|\n|poke|p1|Overqwil, F|\n|poke|p1|Noivern, F|\n|poke|p1|Clefairy, M|\n|poke|p1|Sinistcha-Masterpiece|\n|poke|p2|Lurantis, F|\n|poke|p2|Slowking-Galar, M|\n|poke|p2|Diancie|\n|poke|p2|Ursaluna, M|\n|poke|p2|Chandelure, F|\n|poke|p2|Indeedee-F, F|\n|teampreview\n|\n|t:|1699907810\n|start\n|switch|p1a: Noivern|Noivern, F|100\/100\n|switch|p1b: Overqwil|Overqwil, F, shiny|100\/100\n|switch|p2a: Slowking|Slowking-Galar, M|100\/100\n|switch|p2b: Indeedee|Indeedee-F, F, shiny|100\/100\n|-ability|p1b: Overqwil|Intimidate|boost\n|-unboost|p2a: Slowking|atk|1\n|-unboost|p2b: Indeedee|atk|1\n|-fieldstart|move: Psychic Terrain|[from] ability: Psychic Surge|[of] p2b: Indeedee\n|turn|1\n|\n|t:|1699907830\n|move|p2b: Indeedee|Follow Me|p2b: Indeedee\n|-singleturn|p2b: Indeedee|move: Follow Me\n|move|p1a: Noivern|Tailwind|p1a: Noivern\n|-sidestart|p1: 5hrimp|move: Tailwind\n|move|p1b: Overqwil|Toxic Spikes|p2b: Indeedee\n|-sidestart|p2: Aquaknight22|move: Toxic Spikes\n|move|p2a: Slowking|Trick Room|p2a: Slowking\n|-fieldstart|move: Trick Room|[of] p2a: Slowking\n|\n|upkeep\n|turn|2\n|\n|t:|1699907865\n|switch|p2b: Ursaluna|Ursaluna, M, shiny|100\/100\n|-status|p2b: Ursaluna|psn\n|switch|p1a: Clefairy|Clefairy, M|100\/100\n|move|p2a: Slowking|Ice Beam|p1a: Clefairy\n|-damage|p1a: Clefairy|83\/100\n|-status|p1a: Clefairy|frz\n|move|p1b: Overqwil|Barb Barrage|p2b: Ursaluna\n|-resisted|p2b: Ursaluna\n|-damage|p2b: Ursaluna|79\/100 psn\n|\n|-damage|p2b: Ursaluna|66\/100 psn|[from] psn\n|upkeep\n|turn|3\n|\n|t:|1699907894\n|switch|p1b: Palafin|Palafin, M|100\/100\n|cant|p1a: Clefairy|frz\n|move|p2a: Slowking|Sludge Bomb|p1a: Clefairy\n|-supereffective|p1a: Clefairy\n|-damage|p1a: Clefairy|29\/100 frz\n|move|p2b: Ursaluna|Headlong Rush|p1b: Palafin\n|-damage|p1b: Palafin|17\/100\n|-unboost|p2b: Ursaluna|def|1\n|-unboost|p2b: Ursaluna|spd|1\n|\n|-heal|p1b: Palafin|23\/100|[from] item: Leftovers\n|-damage|p2b: Ursaluna|54\/100 psn|[from] psn\n|upkeep\n|turn|4\n|\n|t:|1699907937\n|detailschange|p1b: Palafin|Palafin-Hero, M\n|switch|p1b: Sinistcha|Sinistcha-Masterpiece|100\/100\n|-heal|p1a: Clefairy|54\/100 frz|[from] ability: Hospitality|[of] p1b: Sinistcha\n|move|p2a: Slowking|Sludge Bomb|p1a: Clefairy\n|-supereffective|p1a: Clefairy\n|-damage|p1a: Clefairy|7\/100 frz\n|move|p2b: Ursaluna|Facade|p1b: Sinistcha\n|-immune|p1b: Sinistcha\n|cant|p1a: Clefairy|frz\n|\n|-damage|p2b: Ursaluna|41\/100 psn|[from] psn\n|-sideend|p1: 5hrimp|move: Tailwind\n|upkeep\n|turn|5\n|\n|t:|1699907961\n|cant|p1a: Clefairy|frz\n|move|p2a: Slowking|Ice Beam|p1b: Sinistcha\n|-supereffective|p1b: Sinistcha\n|-damage|p1b: Sinistcha|70\/100\n|move|p2b: Ursaluna|Facade|p1a: Clefairy\n|-damage|p1a: Clefairy|0 fnt\n|faint|p1a: Clefairy\n|move|p1b: Sinistcha|Matcha Gotcha|p2b: Ursaluna|[spread] p2a,p2b\n|-resisted|p2a: Slowking\n|-crit|p2a: Slowking\n|-supereffective|p2b: Ursaluna\n|-damage|p2a: Slowking|87\/100\n|-heal|p1b: Sinistcha|78\/100|[from] drain|[of] p2a: Slowking\n|-damage|p2b: Ursaluna|0 fnt\n|-heal|p1b: Sinistcha|100\/100|[from] drain|[of] p2b: Ursaluna\n|faint|p2b: Ursaluna\n|\n|-heal|p2a: Slowking|93\/100|[from] item: Black Sludge\n|-fieldend|move: Trick Room\n|-fieldend|move: Psychic Terrain\n|upkeep\n|\n|t:|1699907988\n|switch|p1a: Overqwil|Overqwil, F, shiny|100\/100\n|switch|p2b: Chandelure|Chandelure, F|100\/100\n|-ability|p1a: Overqwil|Intimidate|boost\n|-unboost|p2a: Slowking|atk|1\n|-unboost|p2b: Chandelure|atk|1\n|-status|p2b: Chandelure|psn\n|turn|6\n|\n|t:|1699908008\n|move|p1a: Overqwil|Barb Barrage|p2b: Chandelure\n|-resisted|p2b: Chandelure\n|-damage|p2b: Chandelure|63\/100 psn\n|move|p1b: Sinistcha|Reflect|p1b: Sinistcha\n|-sidestart|p1: 5hrimp|Reflect\n|move|p2b: Chandelure|Flamethrower|p1b: Sinistcha\n|-supereffective|p1b: Sinistcha\n|-damage|p1b: Sinistcha|6\/100\n|move|p2a: Slowking|Trick Room|p2a: Slowking\n|-fieldstart|move: Trick Room|[of] p2a: Slowking\n|\n|-heal|p2a: Slowking|99\/100|[from] item: Black Sludge\n|-damage|p2b: Chandelure|51\/100 psn|[from] psn\n|upkeep\n|turn|7\n|\n|t:|1699908045\n|move|p2a: Slowking|Ice Beam|p1a: Overqwil\n|-damage|p1a: Overqwil|70\/100\n|-status|p1a: Overqwil|frz\n|move|p2b: Chandelure|Shadow Ball|p1b: Sinistcha\n|-supereffective|p1b: Sinistcha\n|-damage|p1b: Sinistcha|0 fnt\n|faint|p1b: Sinistcha\n|cant|p1a: Overqwil|frz\n|\n|-heal|p2a: Slowking|100\/100|[from] item: Black Sludge\n|-damage|p2b: Chandelure|39\/100 psn|[from] psn\n|upkeep\n|inactive|Battle timer is ON: inactive players will automatically lose when time's up. (requested by 5hrimp)\n|c|\u2606Aquaknight22|whoa that was lucky\n|\n|t:|1699908062\n|switch|p1b: Cyclizar|Cyclizar, F|100\/100\n|turn|8\n|\n|t:|1699908075\n|move|p2a: Slowking|Ice Beam|p1b: Cyclizar\n|-supereffective|p1b: Cyclizar\n|-damage|p1b: Cyclizar|25\/100\n|move|p2b: Chandelure|Shadow Ball|p1a: Overqwil\n|-resisted|p1a: Overqwil\n|-damage|p1a: Overqwil|40\/100 frz\n|cant|p1a: Overqwil|frz\n|move|p1b: Cyclizar|Shed Tail|p1b: Cyclizar\n|-fail|p1b: Cyclizar|move: Shed Tail|[weak]\n|\n|-damage|p2b: Chandelure|26\/100 psn|[from] psn\n|upkeep\n|turn|9\n|inactive|5hrimp has 120 seconds left.\n|\n|t:|1699908107\n|move|p2a: Slowking|Ice Beam|p1b: Cyclizar\n|-supereffective|p1b: Cyclizar\n|-damage|p1b: Cyclizar|0 fnt\n|faint|p1b: Cyclizar\n|move|p2b: Chandelure|Shadow Ball|p1a: Overqwil\n|-resisted|p1a: Overqwil\n|-damage|p1a: Overqwil|10\/100 frz\n|-unboost|p1a: Overqwil|spd|1\n|cant|p1a: Overqwil|frz\n|\n|-damage|p2b: Chandelure|14\/100 psn|[from] psn\n|upkeep\n|inactive|5hrimp has 120 seconds left.\n|\n|t:|1699908124\n|switch|p1b: Palafin|Palafin-Hero, M|23\/100\n|-activate|p1b: Palafin|ability: Zero to Hero\n|turn|10\n|l|\u26065hrimp\n|inactive|5hrimp disconnected and has a minute to reconnect!\n|player|p1|\n|j|\u26065hrimp\n|inactive|5hrimp reconnected and has 125 seconds left.\n|player|p1|5hrimp|2\n|inactive|5hrimp has 120 seconds left.\n|\n|t:|1699908144\n|move|p1b: Palafin|Jet Punch|p2b: Chandelure\n|-supereffective|p2b: Chandelure\n|-damage|p2b: Chandelure|0 fnt\n|faint|p2b: Chandelure\n|move|p2a: Slowking|Ice Beam|p1a: Overqwil\n|-damage|p1a: Overqwil|0 fnt\n|faint|p1a: Overqwil\n|\n|-heal|p1b: Palafin|29\/100|[from] item: Leftovers\n|-sideend|p1: 5hrimp|Reflect\n|-fieldend|move: Trick Room\n|upkeep\n|\n|t:|1699908155\n|switch|p1a: Noivern|Noivern, F|100\/100\n|switch|p2b: Indeedee|Indeedee-F, F, shiny|100\/100\n|-status|p2b: Indeedee|psn\n|-fieldstart|move: Psychic Terrain|[from] ability: Psychic Surge|[of] p2b: Indeedee\n|turn|11\n|inactive|5hrimp has 120 seconds left.\n|\n|t:|1699908194\n|-terastallize|p1b: Palafin|Fighting\n|move|p2b: Indeedee|Follow Me|p2b: Indeedee\n|-singleturn|p2b: Indeedee|move: Follow Me\n|move|p1a: Noivern|Dragon Pulse|p2b: Indeedee\n|-damage|p2b: Indeedee|72\/100 psn\n|move|p1b: Palafin|Close Combat|p2b: Indeedee\n|-damage|p2b: Indeedee|0 fnt\n|-unboost|p1b: Palafin|def|1\n|-unboost|p1b: Palafin|spd|1\n|faint|p2b: Indeedee\n|move|p2a: Slowking|Trick Room|p2a: Slowking\n|-fieldstart|move: Trick Room|[of] p2a: Slowking\n|\n|-heal|p1b: Palafin|35\/100|[from] item: Leftovers\n|upkeep\n|inactive|Aquaknight22 has 120 seconds left.\n|\n|t:|1699908215\n|switch|p2b: Lurantis|Lurantis, F, shiny|100\/100\n|-status|p2b: Lurantis|psn\n|turn|12\n|l|\u26065hrimp\n|inactive|5hrimp disconnected and has a minute to reconnect!\n|player|p1|\n|inactive|Aquaknight22 has 120 seconds left.\n|j|\u26065hrimp\n|inactive|5hrimp reconnected and has 130 seconds left.\n|player|p1|5hrimp|2\n|\n|t:|1699908238\n|move|p1b: Palafin|Protect|p1b: Palafin\n|-singleturn|p1b: Palafin|Protect\n|move|p2a: Slowking|Ice Beam|p1a: Noivern\n|-supereffective|p1a: Noivern\n|-damage|p1a: Noivern|0 fnt\n|faint|p1a: Noivern\n|move|p2b: Lurantis|Superpower|p1b: Palafin\n|-activate|p1b: Palafin|move: Protect\n|\n|-heal|p1b: Palafin|42\/100|[from] item: Leftovers\n|-damage|p2b: Lurantis|88\/100 psn|[from] psn\n|upkeep\n|turn|13\n|\n|t:|1699908258\n|move|p2a: Slowking|Psychic|p1b: Palafin\n|-supereffective|p1b: Palafin\n|-damage|p1b: Palafin|0 fnt\n|faint|p1b: Palafin\n|\n|win|Aquaknight22\n|raw|5hrimp's rating: 1121 &rarr; <strong>1094<\/strong><br \/>(-27 for losing)\n|raw|Aquaknight22's rating: 1094 &rarr; <strong>1122<\/strong><br \/>(+28 for winning)\n|c|\u2606Aquaknight22|ggwp\n|l|\u26065hrimp\n","uploadtime":1699908269,"views":12,"p1id":"5hrimp","p2id":"aquaknight22","formatid":"gen9doublesou","rating":1094,"private":0,"password":""}