{"id":"gen9doublesou-1988821790","p1":"Pyromancer67","p2":"Critian Caceorte","format":"[Gen 9] Doubles OU","log":"|j|\u2606Pyromancer67\n|j|\u2606Critian Caceorte\n|t:|1699768283\n|gametype|doubles\n|player|p1|Pyromancer67|alder|1182\n|player|p2|Critian Caceorte|hilda|1095\n|teamsize|p1|6\n|teamsize|p2|6\n|gen|9\n|tier|[Gen 9] Doubles OU\n|rated|\n|rule|Species Clause: Limit one of each Pok\u00e9mon\n|rule|OHKO Clause: OHKO moves are banned\n|rule|Evasion Moves Clause: Evasion moves are banned\n|rule|Gravity Sleep Clause: The combination of sleep-inducing moves with imperfect accuracy and Gravity or Gigantamax Orbeetle are banned\n|rule|Endless Battle Clause: Forcing endless battles is banned\n|rule|HP Percentage Mod: HP is shown in percentages\n|clearpoke\n|poke|p1|Grimmsnarl, M|\n|poke|p1|Flutter Mane|\n|poke|p1|Chien-Pao|\n|poke|p1|Gholdengo|\n|poke|p1|Amoonguss, M|\n|poke|p1|Tyranitar, F|\n|poke|p2|Torkoal, M|\n|poke|p2|Ninetales, M|\n|poke|p2|Scovillain, M|\n|poke|p2|Lilligant-Hisui, F|\n|poke|p2|Trevenant, M|\n|poke|p2|Dachsbun, F|\n|teampreview\n|\n|t:|1699768295\n|start\n|switch|p1a: 1000nth mon|Gholdengo|100\/100\n|switch|p1b: Fluffy|Tyranitar, F|100\/100\n|switch|p2a: Torkoal|Torkoal, M|100\/100\n|switch|p2b: Dachsbun|Dachsbun, F|100\/100\n|-weather|Sandstorm|[from] ability: Sand Stream|[of] p1b: Fluffy\n|-weather|SunnyDay|[from] ability: Drought|[of] p2a: Torkoal\n|turn|1\n|\n|t:|1699768320\n|switch|p1a: Reaper|Grimmsnarl, M|100\/100\n|switch|p1b: Mint|Flutter Mane|100\/100\n|-activate|p1b: Mint|ability: Protosynthesis\n|-start|p1b: Mint|protosynthesisspe\n|move|p2b: Dachsbun|Agility|p2b: Dachsbun\n|-boost|p2b: Dachsbun|spe|2\n|move|p2a: Torkoal|Lava Plume|p1b: Mint|[spread] p1a,p1b\n|-ability|p2b: Dachsbun|Well-Baked Body|boost\n|-boost|p2b: Dachsbun|def|2\n|-damage|p1a: Reaper|72\/100\n|-damage|p1b: Mint|73\/100\n|-status|p1a: Reaper|brn\n|\n|-weather|SunnyDay|[upkeep]\n|-damage|p1a: Reaper|66\/100 brn|[from] brn\n|upkeep\n|turn|2\n|\n|t:|1699768340\n|-end|p1b: Mint|Protosynthesis|[silent]\n|switch|p1b: Fluffy|Tyranitar, F|100\/100\n|-weather|Sandstorm|[from] ability: Sand Stream|[of] p1b: Fluffy\n|move|p1a: Reaper|Reflect|p1a: Reaper\n|-sidestart|p1: Pyromancer67|Reflect\n|move|p2b: Dachsbun|Work Up|p2b: Dachsbun\n|-boost|p2b: Dachsbun|atk|1\n|-boost|p2b: Dachsbun|spa|1\n|move|p2a: Torkoal|Lava Plume|p1a: Reaper|[spread] p1a,p1b\n|-ability|p2b: Dachsbun|Well-Baked Body|boost\n|-boost|p2b: Dachsbun|def|2\n|-resisted|p1b: Fluffy\n|-damage|p1a: Reaper|47\/100 brn\n|-damage|p1b: Fluffy|96\/100\n|-status|p1b: Fluffy|brn\n|\n|-weather|Sandstorm|[upkeep]\n|-damage|p2b: Dachsbun|95\/100|[from] Sandstorm\n|-damage|p1a: Reaper|41\/100 brn|[from] Sandstorm\n|-damage|p2a: Torkoal|94\/100|[from] Sandstorm\n|-heal|p1b: Fluffy|100\/100 brn|[from] item: Leftovers\n|-damage|p1b: Fluffy|94\/100 brn|[from] brn\n|-damage|p1a: Reaper|35\/100 brn|[from] brn\n|upkeep\n|turn|3\n|\n|t:|1699768371\n|move|p1a: Reaper|Light Screen|p1a: Reaper\n|-sidestart|p1: Pyromancer67|move: Light Screen\n|move|p2b: Dachsbun|Work Up|p2b: Dachsbun\n|-boost|p2b: Dachsbun|atk|1\n|-boost|p2b: Dachsbun|spa|1\n|move|p1b: Fluffy|Knock Off|p2a: Torkoal\n|-damage|p2a: Torkoal|77\/100\n|-enditem|p2a: Torkoal|Assault Vest|[from] move: Knock Off|[of] p1b: Fluffy\n|move|p2a: Torkoal|Lava Plume|p1b: Fluffy|[spread] p1a,p1b\n|-ability|p2b: Dachsbun|Well-Baked Body|boost\n|-boost|p2b: Dachsbun|def|2\n|-resisted|p1b: Fluffy\n|-damage|p1a: Reaper|23\/100 brn\n|-damage|p1b: Fluffy|91\/100 brn\n|\n|-weather|Sandstorm|[upkeep]\n|-damage|p2b: Dachsbun|89\/100|[from] Sandstorm\n|-damage|p1a: Reaper|16\/100 brn|[from] Sandstorm\n|-damage|p2a: Torkoal|71\/100|[from] Sandstorm\n|-heal|p1b: Fluffy|97\/100 brn|[from] item: Leftovers\n|-damage|p1b: Fluffy|91\/100 brn|[from] brn\n|-damage|p1a: Reaper|10\/100 brn|[from] brn\n|upkeep\n|turn|4\n|\n|t:|1699768394\n|switch|p1a: I love this cat|Chien-Pao|100\/100\n|-ability|p1a: I love this cat|Sword of Ruin\n|switch|p2a: Ninetales|Ninetales, M|100\/100\n|-weather|SunnyDay|[from] ability: Drought|[of] p2a: Ninetales\n|move|p2b: Dachsbun|Baton Pass|p2b: Dachsbun\n|\n|t:|1699768404\n|switch|p2b: Lilligant|Lilligant-Hisui, F|100\/100|[from] Baton Pass\n|move|p1b: Fluffy|Iron Head|p2b: Lilligant\n|-damage|p2b: Lilligant|95\/100\n|\n|-weather|SunnyDay|[upkeep]\n|-heal|p1b: Fluffy|97\/100 brn|[from] item: Leftovers\n|-damage|p1b: Fluffy|91\/100 brn|[from] brn\n|upkeep\n|turn|5\n|\n|t:|1699768425\n|switch|p1b: Reaper|Grimmsnarl, M|10\/100 brn\n|-terastallize|p2a: Ninetales|Fire\n|move|p2b: Lilligant|Axe Kick|p1a: I love this cat\n|-supereffective|p1a: I love this cat\n|-damage|p1a: I love this cat|0 fnt\n|faint|p1a: I love this cat\n|move|p2a: Ninetales|Heat Wave|p1b: Reaper\n|-damage|p1b: Reaper|0 fnt\n|faint|p1b: Reaper\n|\n|-weather|SunnyDay|[upkeep]\n|upkeep\n|\n|t:|1699768439\n|switch|p1a: Fluffy|Tyranitar, F|91\/100 brn\n|switch|p1b: FIGHT ME!!!|Amoonguss, M|100\/100\n|-weather|Sandstorm|[from] ability: Sand Stream|[of] p1a: Fluffy\n|turn|6\n|\n|t:|1699768457\n|move|p2b: Lilligant|Axe Kick|p1a: Fluffy\n|-supereffective|p1a: Fluffy\n|-damage|p1a: Fluffy|0 fnt\n|faint|p1a: Fluffy\n|move|p2a: Ninetales|Heat Wave|p1b: FIGHT ME!!!\n|-supereffective|p1b: FIGHT ME!!!\n|-damage|p1b: FIGHT ME!!!|37\/100\n|move|p1b: FIGHT ME!!!|Clear Smog|p2b: Lilligant\n|-supereffective|p2b: Lilligant\n|-damage|p2b: Lilligant|52\/100\n|-clearboost|p2b: Lilligant\n|\n|-weather|Sandstorm|[upkeep]\n|-damage|p2b: Lilligant|46\/100|[from] Sandstorm\n|-damage|p2a: Ninetales|95\/100|[from] Sandstorm\n|-damage|p1b: FIGHT ME!!!|31\/100|[from] Sandstorm\n|-heal|p1b: FIGHT ME!!!|37\/100|[from] item: Leftovers\n|upkeep\n|c|\u2606Pyromancer67|Deafeated\n|c|\u2606Pyromancer67|come back time\n|c|\u2606Pyromancer67|!!!\n|\n|t:|1699768480\n|switch|p1a: 1000nth mon|Gholdengo|100\/100\n|turn|7\n|\n|t:|1699768497\n|switch|p2a: Torkoal|Torkoal, M|71\/100\n|-weather|SunnyDay|[from] ability: Drought|[of] p2a: Torkoal\n|move|p1b: FIGHT ME!!!|Rage Powder|p1b: FIGHT ME!!!\n|-singleturn|p1b: FIGHT ME!!!|move: Rage Powder\n|move|p2b: Lilligant|Axe Kick|p1b: FIGHT ME!!!\n|-resisted|p1b: FIGHT ME!!!\n|-damage|p1b: FIGHT ME!!!|21\/100\n|move|p1a: 1000nth mon|Nasty Plot|p1a: 1000nth mon\n|-boost|p1a: 1000nth mon|spa|2\n|\n|-weather|SunnyDay|[upkeep]\n|-heal|p1b: FIGHT ME!!!|27\/100|[from] item: Leftovers\n|upkeep\n|turn|8\n|\n|t:|1699768528\n|move|p2b: Lilligant|Solar Blade||[still]\n|-prepare|p2b: Lilligant|Solar Blade\n|-anim|p2b: Lilligant|Solar Blade|p1b: FIGHT ME!!!\n|-resisted|p1b: FIGHT ME!!!\n|-damage|p1b: FIGHT ME!!!|19\/100\n|move|p1a: 1000nth mon|Make It Rain|p2b: Lilligant|[spread] p2a,p2b\n|-resisted|p2a: Torkoal\n|-damage|p2a: Torkoal|0 fnt\n|-damage|p2b: Lilligant|0 fnt\n|-unboost|p1a: 1000nth mon|spa|1\n|faint|p2a: Torkoal\n|faint|p2b: Lilligant\n|-damage|p1a: 1000nth mon|91\/100|[from] item: Life Orb\n|move|p1b: FIGHT ME!!!|Synthesis|p1b: FIGHT ME!!!\n|-heal|p1b: FIGHT ME!!!|86\/100\n|\n|-weather|SunnyDay|[upkeep]\n|-heal|p1b: FIGHT ME!!!|92\/100|[from] item: Leftovers\n|upkeep\n|\n|t:|1699768548\n|switch|p2b: Trevenant|Trevenant, M|100\/100\n|switch|p2a: Scovillain|Scovillain, M|100\/100\n|turn|9\n|\n|t:|1699768557\n|move|p1b: FIGHT ME!!!|Rage Powder|p1b: FIGHT ME!!!\n|-singleturn|p1b: FIGHT ME!!!|move: Rage Powder\n|move|p2b: Trevenant|Sucker Punch|p1a: 1000nth mon\n|-supereffective|p1a: 1000nth mon\n|-damage|p1a: 1000nth mon|58\/100\n|move|p2a: Scovillain|Flamethrower|p1a: 1000nth mon\n|-supereffective|p1a: 1000nth mon\n|-damage|p1a: 1000nth mon|0 fnt\n|faint|p1a: 1000nth mon\n|-damage|p2a: Scovillain|91\/100|[from] item: Life Orb\n|\n|-weather|SunnyDay|[upkeep]\n|-heal|p1b: FIGHT ME!!!|98\/100|[from] item: Leftovers\n|-sideend|p1: Pyromancer67|Reflect\n|upkeep\n|\n|t:|1699768568\n|switch|p1a: Mint|Flutter Mane|73\/100\n|-activate|p1a: Mint|ability: Protosynthesis\n|-start|p1a: Mint|protosynthesisspe\n|turn|10\n|\n|t:|1699768598\n|-terastallize|p1a: Mint|Fire\n|move|p2b: Trevenant|Sucker Punch|p1a: Mint\n|-damage|p1a: Mint|24\/100\n|move|p1a: Mint|Mystical Fire|p2a: Scovillain\n|-damage|p2a: Scovillain|0 fnt\n|faint|p2a: Scovillain\n|move|p1b: FIGHT ME!!!|Synthesis|p1b: FIGHT ME!!!\n|-heal|p1b: FIGHT ME!!!|100\/100\n|\n|-weather|SunnyDay|[upkeep]\n|-sideend|p1: Pyromancer67|move: Light Screen\n|upkeep\n|inactive|Battle timer is ON: inactive players will automatically lose when time's up. (requested by Pyromancer67)\n|\n|t:|1699768610\n|switch|p2a: Ninetales|Ninetales, M, tera:Fire|95\/100\n|turn|11\n|\n|t:|1699768621\n|move|p2b: Trevenant|Sucker Punch|p1a: Mint\n|-damage|p1a: Mint|0 fnt\n|faint|p1a: Mint\n|-end|p1a: Mint|Protosynthesis|[silent]\n|move|p2a: Ninetales|Heat Wave|p1b: FIGHT ME!!!\n|-supereffective|p1b: FIGHT ME!!!\n|-damage|p1b: FIGHT ME!!!|0 fnt\n|faint|p1b: FIGHT ME!!!\n|\n|win|Critian Caceorte\n|raw|Pyromancer67's rating: 1182 &rarr; <strong>1151<\/strong><br \/>(-31 for losing)\n|raw|Critian Caceorte's rating: 1095 &rarr; <strong>1127<\/strong><br \/>(+32 for winning)\n|l|\u2606Pyromancer67\n|c|\u2606Critian Caceorte|gg\n","uploadtime":1699768635,"views":9,"p1id":"pyromancer67","p2id":"critiancaceorte","formatid":"gen9doublesou","rating":1127,"private":0,"password":""}