{"id":"gen9doublesou-1983974826","p1":"hysali30","p2":"RimuruTempest88","format":"[Gen 9] Doubles OU","log":"|j|\u2606hysali30\n|j|\u2606RimuruTempest88\n|t:|1699205847\n|gametype|doubles\n|player|p1|hysali30|dancer|1163\n|player|p2|RimuruTempest88|265|1085\n|teamsize|p1|6\n|teamsize|p2|6\n|gen|9\n|tier|[Gen 9] Doubles OU\n|rated|\n|rule|Species Clause: Limit one of each Pok\u00e9mon\n|rule|OHKO Clause: OHKO moves are banned\n|rule|Evasion Moves Clause: Evasion moves are banned\n|rule|Gravity Sleep Clause: The combination of sleep-inducing moves with imperfect accuracy and Gravity or Gigantamax Orbeetle are banned\n|rule|Endless Battle Clause: Forcing endless battles is banned\n|rule|HP Percentage Mod: HP is shown in percentages\n|clearpoke\n|poke|p1|Victreebel, M|\n|poke|p1|Jumpluff, M|\n|poke|p1|Empoleon, F|\n|poke|p1|Amoonguss, F|\n|poke|p1|Ninetales, M|\n|poke|p1|Talonflame, M|\n|poke|p2|Flutter Mane|\n|poke|p2|Cresselia, F|\n|poke|p2|Ceruledge, F|\n|poke|p2|Sinistcha-Masterpiece|\n|poke|p2|Grimmsnarl, M|\n|poke|p2|Scyther, M|\n|teampreview\n|inactive|Battle timer is ON: inactive players will automatically lose when time's up. (requested by hysali30)\n|c|\u2606hysali30|Ayy. Someone who sees the dominance of Scyther\n|\n|t:|1699205865\n|start\n|switch|p1a: Talonflame|Talonflame, M|100\/100\n|switch|p1b: Ninetales|Ninetales, M|100\/100\n|switch|p2a: Grimmsnarl|Grimmsnarl, M|100\/100\n|switch|p2b: Scyther|Scyther, M|100\/100\n|-weather|SunnyDay|[from] ability: Drought|[of] p1b: Ninetales\n|turn|1\n|\n|t:|1699205881\n|move|p2a: Grimmsnarl|Light Screen|p2a: Grimmsnarl\n|-sidestart|p2: RimuruTempest88|move: Light Screen\n|move|p1b: Ninetales|Heat Wave|p2b: Scyther|[spread] p2a,p2b\n|-supereffective|p2b: Scyther\n|-damage|p2a: Grimmsnarl|69\/100\n|-damage|p2b: Scyther|17\/100\n|move|p1a: Talonflame|Steel Wing|p2a: Grimmsnarl\n|-supereffective|p2a: Grimmsnarl\n|-damage|p2a: Grimmsnarl|25\/100\n|move|p2b: Scyther|Tailwind|p2b: Scyther\n|-sidestart|p2: RimuruTempest88|move: Tailwind\n|\n|-weather|SunnyDay|[upkeep]\n|upkeep\n|turn|2\n|\n|t:|1699205906\n|move|p2a: Grimmsnarl|Reflect|p2a: Grimmsnarl\n|-sidestart|p2: RimuruTempest88|Reflect\n|move|p2b: Scyther|Dual Wingbeat|p1a: Talonflame|[miss]\n|-miss|p2b: Scyther|p1a: Talonflame\n|move|p1b: Ninetales|Heat Wave|p2a: Grimmsnarl|[spread] p2a,p2b\n|-supereffective|p2b: Scyther\n|-damage|p2a: Grimmsnarl|0 fnt\n|-damage|p2b: Scyther|0 fnt\n|faint|p2a: Grimmsnarl\n|faint|p2b: Scyther\n|move|p1a: Talonflame|Tailwind|p1a: Talonflame\n|-sidestart|p1: hysali30|move: Tailwind\n|\n|-weather|SunnyDay|[upkeep]\n|upkeep\n|inactive|RimuruTempest88 has 120 seconds left.\n|inactive|RimuruTempest88 has 90 seconds left.\n|\n|t:|1699205963\n|switch|p2b: Ceruledge|Ceruledge, F|100\/100\n|switch|p2a: Flutter Mane|Flutter Mane|100\/100\n|-activate|p2a: Flutter Mane|ability: Protosynthesis\n|-start|p2a: Flutter Mane|protosynthesisspe\n|turn|3\n|\n|t:|1699205976\n|switch|p1b: Amoonguss|Amoonguss, F|100\/100\n|move|p2a: Flutter Mane|Icy Wind|p1a: Talonflame|[spread] p1a,p1b\n|-supereffective|p1b: Amoonguss\n|-damage|p1a: Talonflame|66\/100\n|-damage|p1b: Amoonguss|74\/100\n|-unboost|p1a: Talonflame|spe|1\n|-unboost|p1b: Amoonguss|spe|1\n|move|p2b: Ceruledge|Swords Dance|p2b: Ceruledge\n|-boost|p2b: Ceruledge|atk|2\n|move|p1a: Talonflame|Steel Wing|p2a: Flutter Mane\n|-supereffective|p2a: Flutter Mane\n|-damage|p2a: Flutter Mane|44\/100\n|\n|-weather|SunnyDay|[upkeep]\n|upkeep\n|turn|4\n|\n|t:|1699206001\n|move|p2a: Flutter Mane|Icy Wind|p1a: Talonflame|[spread] p1a,p1b\n|-crit|p1a: Talonflame\n|-supereffective|p1b: Amoonguss\n|-damage|p1a: Talonflame|11\/100\n|-damage|p1b: Amoonguss|46\/100\n|-unboost|p1a: Talonflame|spe|1\n|-unboost|p1b: Amoonguss|spe|1\n|move|p2b: Ceruledge|Bitter Blade|p1b: Amoonguss\n|-supereffective|p1b: Amoonguss\n|-damage|p1b: Amoonguss|0 fnt\n|faint|p1b: Amoonguss\n|move|p1a: Talonflame|Steel Wing|p2a: Flutter Mane\n|-supereffective|p2a: Flutter Mane\n|-damage|p2a: Flutter Mane|0 fnt\n|faint|p2a: Flutter Mane\n|-end|p2a: Flutter Mane|Protosynthesis|[silent]\n|\n|-weather|SunnyDay|[upkeep]\n|-sideend|p2: RimuruTempest88|move: Tailwind\n|upkeep\n|\n|t:|1699206019\n|switch|p2a: Cresselia|Cresselia, F|100\/100\n|switch|p1b: Jumpluff|Jumpluff, M, shiny|100\/100\n|turn|5\n|inactive|RimuruTempest88 has 120 seconds left.\n|\n|t:|1699206036\n|move|p1b: Jumpluff|Strength Sap|p2b: Ceruledge\n|-unboost|p2b: Ceruledge|atk|1\n|move|p1a: Talonflame|Brave Bird|p2b: Ceruledge\n|-damage|p2b: Ceruledge|56\/100\n|-ability|p2b: Ceruledge|Weak Armor|boost\n|-unboost|p2b: Ceruledge|def|1\n|-boost|p2b: Ceruledge|spe|2\n|-damage|p1a: Talonflame|0 fnt|[from] Recoil\n|faint|p1a: Talonflame\n|move|p2b: Ceruledge|Bitter Blade|p1b: Jumpluff\n|-supereffective|p1b: Jumpluff\n|-damage|p1b: Jumpluff|0 fnt\n|-heal|p2b: Ceruledge|100\/100|[from] drain|[of] p1b: Jumpluff\n|faint|p1b: Jumpluff\n|move|p2a: Cresselia|Lunar Blessing||[still]|[spread] \n|-fail|p2a: Cresselia\n|\n|-weather|none\n|-sideend|p2: RimuruTempest88|move: Light Screen\n|-sideend|p1: hysali30|move: Tailwind\n|upkeep\n|\n|t:|1699206047\n|switch|p1a: Empoleon|Empoleon, F|100\/100\n|switch|p1b: Bell|Victreebel, M|100\/100\n|turn|6\n|\n|t:|1699206056\n|switch|p1b: Ninetales|Ninetales, M|100\/100\n|-weather|SunnyDay|[from] ability: Drought|[of] p1b: Ninetales\n|move|p2a: Cresselia|Ally Switch|p2a: Cresselia\n|swap|p2a: Cresselia|1|[from] move: Ally Switch\n|move|p2a: Ceruledge|Swords Dance|p2a: Ceruledge\n|-boost|p2a: Ceruledge|atk|2\n|move|p1a: Empoleon|Chilling Water|p2b: Cresselia\n|-damage|p2b: Cresselia|94\/100\n|-unboost|p2b: Cresselia|atk|1\n|\n|-weather|SunnyDay|[upkeep]\n|-sideend|p2: RimuruTempest88|Reflect\n|upkeep\n|turn|7\n|\n|t:|1699206079\n|move|p2b: Cresselia|Ally Switch||[still]\n|-fail|p2b: Cresselia\n|move|p2a: Ceruledge|Poltergeist|p1a: Empoleon\n|-activate|p1a: Empoleon|move: Poltergeist|Expert Belt\n|-damage|p1a: Empoleon|0 fnt\n|faint|p1a: Empoleon\n|move|p1b: Ninetales|Dark Pulse|p2a: Ceruledge\n|-supereffective|p2a: Ceruledge\n|-damage|p2a: Ceruledge|48\/100\n|-enditem|p2a: Ceruledge|Weakness Policy\n|-boost|p2a: Ceruledge|atk|2|[from] item: Weakness Policy\n|-boost|p2a: Ceruledge|spa|2|[from] item: Weakness Policy\n|\n|-weather|SunnyDay|[upkeep]\n|upkeep\n|\n|t:|1699206091\n|switch|p1a: Bell|Victreebel, M|100\/100\n|turn|8\n|\n|t:|1699206114\n|-terastallize|p2a: Ceruledge|Grass\n|-terastallize|p1a: Bell|Poison\n|move|p2a: Ceruledge|Bitter Blade|p1a: Bell\n|-damage|p1a: Bell|0 fnt\n|-heal|p2a: Ceruledge|99\/100|[from] drain|[of] p1a: Bell\n|faint|p1a: Bell\n|move|p1b: Ninetales|Dark Pulse|p2a: Ceruledge\n|-damage|p2a: Ceruledge|74\/100\n|move|p2b: Cresselia|Lunar Blessing|p2b: Cresselia|[spread] p2a,p2b\n|-heal|p2a: Ceruledge|99\/100\n|-heal|p2b: Cresselia|100\/100\n|\n|-weather|SunnyDay|[upkeep]\n|upkeep\n|turn|9\n|-message|hysali30 forfeited.\n|\n|win|RimuruTempest88\n|raw|hysali30's rating: 1163 &rarr; <strong>1132<\/strong><br \/>(-31 for losing)\n|raw|RimuruTempest88's rating: 1085 &rarr; <strong>1118<\/strong><br \/>(+33 for winning)\n|l|\u2606hysali30\n","uploadtime":1699206131,"views":7,"p1id":"hysali30","p2id":"rimurutempest88","formatid":"gen9doublesou","rating":1118,"private":0,"password":""}