{"id":"gen9doublesou-1991790785","p1":"torreslaw","p2":"dgsbbsfbse","format":"[Gen 9] Doubles OU","log":"|j|\u2606torreslaw\n|j|\u2606dgsbbsfbse\n|t:|1700117932\n|gametype|doubles\n|player|p1|torreslaw|beauty-gen4dp|1116\n|player|p2|dgsbbsfbse|266|1105\n|teamsize|p1|6\n|teamsize|p2|6\n|gen|9\n|tier|[Gen 9] Doubles OU\n|rated|\n|rule|Species Clause: Limit one of each Pok\u00e9mon\n|rule|OHKO Clause: OHKO moves are banned\n|rule|Evasion Moves Clause: Evasion moves are banned\n|rule|Gravity Sleep Clause: The combination of sleep-inducing moves with imperfect accuracy and Gravity or Gigantamax Orbeetle are banned\n|rule|Endless Battle Clause: Forcing endless battles is banned\n|rule|HP Percentage Mod: HP is shown in percentages\n|clearpoke\n|poke|p1|Armarouge, F|\n|poke|p1|Hariyama, F|\n|poke|p1|Dragapult, F|\n|poke|p1|Landorus-Therian, M|\n|poke|p1|Amoonguss, M|\n|poke|p1|Rillaboom, M|\n|poke|p2|Chi-Yu|\n|poke|p2|Torkoal, M|\n|poke|p2|Iron Bundle|\n|poke|p2|Mew|\n|poke|p2|Dragonite, F|\n|poke|p2|Brute Bonnet|\n|teampreview\n|inactive|Battle timer is ON: inactive players will automatically lose when time's up. (requested by torreslaw)\n|inactive|dgsbbsfbse has 120 seconds left.\n|\n|t:|1700117990\n|start\n|switch|p1a: Hariyama|Hariyama, F, shiny|100\/100\n|switch|p1b: Dragapult|Dragapult, F|100\/100\n|switch|p2a: Ir\u043en \u0412undl\u0435|Iron Bundle|100\/100\n|switch|p2b: \u041c\u0435w|Mew|100\/100\n|-enditem|p2a: Ir\u043en \u0412undl\u0435|Booster Energy\n|-activate|p2a: Ir\u043en \u0412undl\u0435|ability: Quark Drive|[fromitem]\n|-start|p2a: Ir\u043en \u0412undl\u0435|quarkdrivespe\n|turn|1\n|\n|t:|1700118015\n|move|p2a: Ir\u043en \u0412undl\u0435|Substitute|p2a: Ir\u043en \u0412undl\u0435\n|-start|p2a: Ir\u043en \u0412undl\u0435|Substitute\n|-damage|p2a: Ir\u043en \u0412undl\u0435|76\/100\n|move|p1b: Dragapult|Will-O-Wisp|p1a: Hariyama\n|-status|p1a: Hariyama|brn\n|move|p2b: \u041c\u0435w|Imprison|p2b: \u041c\u0435w\n|-start|p2b: \u041c\u0435w|move: Imprison\n|move|p1a: Hariyama|Belly Drum|p1a: Hariyama\n|-damage|p1a: Hariyama|50\/100 brn\n|-setboost|p1a: Hariyama|atk|6|[from] move: Belly Drum\n|\n|-heal|p1a: Hariyama|57\/100 brn|[from] item: Leftovers\n|-damage|p1a: Hariyama|50\/100 brn|[from] brn\n|upkeep\n|turn|2\n|inactive|torreslaw has 120 seconds left.\n|\n|t:|1700118056\n|move|p1a: Hariyama|Bullet Punch|p2a: Ir\u043en \u0412undl\u0435\n|-crit|p2a: Ir\u043en \u0412undl\u0435\n|-end|p2a: Ir\u043en \u0412undl\u0435|Substitute\n|move|p2a: Ir\u043en \u0412undl\u0435|Icy Wind|p1a: Hariyama|[spread] p1a,p1b\n|-supereffective|p1b: Dragapult\n|-damage|p1a: Hariyama|28\/100 brn\n|-damage|p1b: Dragapult|40\/100\n|-unboost|p1a: Hariyama|spe|1\n|move|p1b: Dragapult|U-turn|p2b: \u041c\u0435w\n|-supereffective|p2b: \u041c\u0435w\n|-damage|p2b: \u041c\u0435w|62\/100\n|\n|t:|1700118075\n|switch|p1b: Armarouge|Armarouge, F|100\/100|[from] U-turn\n|move|p2b: \u041c\u0435w|Encore|p1a: Hariyama\n|-start|p1a: Hariyama|Encore\n|\n|-heal|p2b: \u041c\u0435w|69\/100|[from] item: Leftovers\n|-heal|p1a: Hariyama|34\/100 brn|[from] item: Leftovers\n|-damage|p1a: Hariyama|28\/100 brn|[from] brn\n|upkeep\n|turn|3\n|inactive|torreslaw has 120 seconds left.\n|\n|t:|1700118098\n|-end|p2a: Ir\u043en \u0412undl\u0435|Quark Drive|[silent]\n|switch|p2a: \u0421hi-Yu|Chi-Yu|100\/100\n|-ability|p2a: \u0421hi-Yu|Beads of Ruin\n|move|p1a: Hariyama|Bullet Punch|p2b: \u041c\u0435w\n|-damage|p2b: \u041c\u0435w|0 fnt\n|faint|p2b: \u041c\u0435w\n|move|p1b: Armarouge|Armor Cannon|p2a: \u0421hi-Yu\n|-resisted|p2a: \u0421hi-Yu\n|-damage|p2a: \u0421hi-Yu|59\/100\n|-unboost|p1b: Armarouge|def|1\n|-unboost|p1b: Armarouge|spd|1\n|\n|-heal|p1a: Hariyama|34\/100 brn|[from] item: Leftovers\n|-damage|p1a: Hariyama|28\/100 brn|[from] brn\n|upkeep\n|\n|t:|1700118105\n|switch|p2b: Drag\u043enit\u0435|Dragonite, F|100\/100\n|turn|4\n|\n|t:|1700118130\n|switch|p1b: Landorus|Landorus-Therian, M|100\/100\n|-ability|p1b: Landorus|Intimidate|boost\n|-unboost|p2a: \u0421hi-Yu|atk|1\n|-unboost|p2b: Drag\u043enit\u0435|atk|1\n|move|p2b: Drag\u043enit\u0435|Extreme Speed|p1a: Hariyama\n|-damage|p1a: Hariyama|8\/100 brn\n|move|p1a: Hariyama|Bullet Punch|p2a: \u0421hi-Yu\n|-resisted|p2a: \u0421hi-Yu\n|-damage|p2a: \u0421hi-Yu|0 fnt\n|faint|p2a: \u0421hi-Yu\n|\n|-heal|p1a: Hariyama|14\/100 brn|[from] item: Leftovers\n|-damage|p1a: Hariyama|8\/100 brn|[from] brn\n|upkeep\n|\n|t:|1700118150\n|switch|p2a: Ir\u043en \u0412undl\u0435|Iron Bundle|76\/100\n|turn|5\n|\n|t:|1700118176\n|-terastallize|p1a: Hariyama|Ghost\n|move|p2b: Drag\u043enit\u0435|Extreme Speed|p1a: Hariyama\n|-immune|p1a: Hariyama\n|move|p1a: Hariyama|Bullet Punch|p2a: Ir\u043en \u0412undl\u0435\n|-damage|p2a: Ir\u043en \u0412undl\u0435|0 fnt\n|faint|p2a: Ir\u043en \u0412undl\u0435\n|-end|p2a: Ir\u043en \u0412undl\u0435|Quark Drive|[silent]\n|move|p1b: Landorus|U-turn|p2b: Drag\u043enit\u0435\n|-resisted|p2b: Drag\u043enit\u0435\n|-damage|p2b: Drag\u043enit\u0435|94\/100\n|inactive|torreslaw has 120 seconds left.\n|\n|t:|1700118195\n|switch|p1b: Rillaboom|Rillaboom, M|100\/100|[from] U-turn\n|-fieldstart|move: Grassy Terrain|[from] ability: Grassy Surge|[of] p1b: Rillaboom\n|\n|-heal|p1a: Hariyama|14\/100 brn|[from] Grassy Terrain\n|-heal|p1a: Hariyama|20\/100 brn|[from] item: Leftovers\n|-damage|p1a: Hariyama|14\/100 brn|[from] brn\n|-end|p1a: Hariyama|Encore\n|upkeep\n|\n|t:|1700118216\n|switch|p2a: \u0412rute \u0412\u043enn\u0435t|Brute Bonnet|100\/100\n|turn|6\n|\n|t:|1700118239\n|move|p1b: Rillaboom|Fake Out|p2b: Drag\u043enit\u0435\n|-damage|p2b: Drag\u043enit\u0435|80\/100\n|move|p2a: \u0412rute \u0412\u043enn\u0435t|Sucker Punch|p1a: Hariyama\n|-supereffective|p1a: Hariyama\n|-damage|p1a: Hariyama|0 fnt\n|faint|p1a: Hariyama\n|cant|p2b: Drag\u043enit\u0435|flinch\n|\n|upkeep\n|inactive|torreslaw has 120 seconds left.\n|\n|t:|1700118266\n|switch|p1a: Armarouge|Armarouge, F|100\/100\n|turn|7\n|inactive|torreslaw has 120 seconds left.\n|\n|t:|1700118287\n|-terastallize|p2a: \u0412rute \u0412\u043enn\u0435t|Poison\n|move|p1b: Rillaboom|U-turn|p2a: \u0412rute \u0412\u043enn\u0435t\n|-resisted|p2a: \u0412rute \u0412\u043enn\u0435t\n|-damage|p2a: \u0412rute \u0412\u043enn\u0435t|91\/100\n|\n|t:|1700118295\n|switch|p1b: Landorus|Landorus-Therian, M|100\/100|[from] U-turn\n|-ability|p1b: Landorus|Intimidate|boost\n|-unboost|p2a: \u0412rute \u0412\u043enn\u0435t|atk|1\n|-unboost|p2b: Drag\u043enit\u0435|atk|1\n|move|p2b: Drag\u043enit\u0435|Dragon Dance|p2b: Drag\u043enit\u0435\n|-boost|p2b: Drag\u043enit\u0435|atk|1\n|-boost|p2b: Drag\u043enit\u0435|spe|1\n|move|p1a: Armarouge|Armor Cannon|p2a: \u0412rute \u0412\u043enn\u0435t\n|-damage|p2a: \u0412rute \u0412\u043enn\u0435t|35\/100\n|-unboost|p1a: Armarouge|def|1\n|-unboost|p1a: Armarouge|spd|1\n|move|p2a: \u0412rute \u0412\u043enn\u0435t|Spore|p1a: Armarouge\n|-status|p1a: Armarouge|slp|[from] move: Spore\n|\n|-heal|p2a: \u0412rute \u0412\u043enn\u0435t|41\/100|[from] Grassy Terrain\n|upkeep\n|turn|8\n|inactive|torreslaw has 120 seconds left.\n|inactive|torreslaw has 90 seconds left.\n|\n|t:|1700118367\n|switch|p1a: Rillaboom|Rillaboom, M|100\/100\n|-end|p2a: \u0412rute \u0412\u043enn\u0435t|Protosynthesis|[silent]\n|switch|p2a: \u0422\u043erk\u043eal|Torkoal, M|100\/100\n|-weather|SunnyDay|[from] ability: Drought|[of] p2a: \u0422\u043erk\u043eal\n|move|p1b: Landorus|Earthquake|p2a: \u0422\u043erk\u043eal|[spread] p1a,p2a\n|-immune|p2b: Drag\u043enit\u0435\n|-resisted|p1a: Rillaboom\n|-supereffective|p2a: \u0422\u043erk\u043eal\n|-damage|p1a: Rillaboom|89\/100\n|-damage|p2a: \u0422\u043erk\u043eal|67\/100\n|move|p2b: Drag\u043enit\u0435|Dragon Dance|p2b: Drag\u043enit\u0435\n|-boost|p2b: Drag\u043enit\u0435|atk|1\n|-boost|p2b: Drag\u043enit\u0435|spe|1\n|\n|-weather|SunnyDay|[upkeep]\n|-heal|p1a: Rillaboom|96\/100|[from] Grassy Terrain\n|-heal|p2a: \u0422\u043erk\u043eal|73\/100|[from] Grassy Terrain\n|upkeep\n|turn|9\n|inactive|torreslaw has 60 seconds left.\n|inactive|dgsbbsfbse has 120 seconds left.\n|\n|t:|1700118402\n|switch|p1b: Amoonguss|Amoonguss, M|100\/100\n|move|p1a: Rillaboom|Fake Out|p2b: Drag\u043enit\u0435\n|-damage|p2b: Drag\u043enit\u0435|67\/100\n|cant|p2b: Drag\u043enit\u0435|flinch\n|move|p2a: \u0422\u043erk\u043eal|Heat Wave|p1a: Rillaboom|[spread] p1a,p1b\n|-supereffective|p1a: Rillaboom\n|-supereffective|p1b: Amoonguss\n|-damage|p1a: Rillaboom|0 fnt\n|-damage|p1b: Amoonguss|34\/100\n|faint|p1a: Rillaboom\n|\n|-weather|SunnyDay|[upkeep]\n|-heal|p1b: Amoonguss|40\/100|[from] Grassy Terrain\n|-heal|p1b: Amoonguss|46\/100|[from] item: Leftovers\n|-heal|p2a: \u0422\u043erk\u043eal|80\/100|[from] Grassy Terrain\n|-fieldend|move: Grassy Terrain\n|upkeep\n|inactive|torreslaw has 60 seconds left.\n|\n|t:|1700118421\n|switch|p1a: Landorus|Landorus-Therian, M|100\/100\n|-ability|p1a: Landorus|Intimidate|boost\n|-unboost|p2a: \u0422\u043erk\u043eal|atk|1\n|-unboost|p2b: Drag\u043enit\u0435|atk|1\n|turn|10\n|inactive|dgsbbsfbse has 120 seconds left.\n|\n|t:|1700118458\n|move|p1a: Landorus|Rock Slide|p2a: \u0422\u043erk\u043eal|[spread] p2a,p2b\n|-supereffective|p2a: \u0422\u043erk\u043eal\n|-supereffective|p2b: Drag\u043enit\u0435\n|-damage|p2a: \u0422\u043erk\u043eal|49\/100\n|-damage|p2b: Drag\u043enit\u0435|24\/100\n|-enditem|p2b: Drag\u043enit\u0435|Weakness Policy\n|-boost|p2b: Drag\u043enit\u0435|atk|2|[from] item: Weakness Policy\n|-boost|p2b: Drag\u043enit\u0435|spa|2|[from] item: Weakness Policy\n|cant|p2b: Drag\u043enit\u0435|flinch\n|move|p1b: Amoonguss|Clear Smog|p2b: Drag\u043enit\u0435\n|-damage|p2b: Drag\u043enit\u0435|9\/100\n|-clearboost|p2b: Drag\u043enit\u0435\n|move|p2a: \u0422\u043erk\u043eal|Heat Wave|p1a: Landorus|[spread] p1a,p1b\n|-supereffective|p1b: Amoonguss\n|-damage|p1a: Landorus|36\/100\n|-damage|p1b: Amoonguss|0 fnt\n|faint|p1b: Amoonguss\n|\n|-weather|SunnyDay|[upkeep]\n|upkeep\n|inactive|torreslaw has 60 seconds left.\n|\n|t:|1700118480\n|switch|p1b: Dragapult|Dragapult, F|40\/100\n|turn|11\n|\n|t:|1700118497\n|move|p2b: Drag\u043enit\u0435|Extreme Speed|p1a: Landorus\n|-damage|p1a: Landorus|1\/100\n|move|p1a: Landorus|Rock Slide|p2b: Drag\u043enit\u0435|[spread] p2a,p2b\n|-supereffective|p2a: \u0422\u043erk\u043eal\n|-supereffective|p2b: Drag\u043enit\u0435\n|-damage|p2a: \u0422\u043erk\u043eal|17\/100\n|-damage|p2b: Drag\u043enit\u0435|0 fnt\n|faint|p2b: Drag\u043enit\u0435\n|move|p1b: Dragapult|Dragon Darts|p2a: \u0422\u043erk\u043eal\n|-damage|p2a: \u0422\u043erk\u043eal|0 fnt\n|faint|p2a: \u0422\u043erk\u043eal\n|\n|-weather|SunnyDay|[upkeep]\n|upkeep\n|\n|t:|1700118503\n|switch|p2b: \u0412rute \u0412\u043enn\u0435t|Brute Bonnet, tera:Poison|41\/100\n|-activate|p2b: \u0412rute \u0412\u043enn\u0435t|ability: Protosynthesis\n|-start|p2b: \u0412rute \u0412\u043enn\u0435t|protosynthesisatk\n|turn|12\n|inactive|torreslaw has 90 seconds left.\n|\n|t:|1700118525\n|move|p2b: \u0412rute \u0412\u043enn\u0435t|Sucker Punch|p1b: Dragapult\n|-supereffective|p1b: Dragapult\n|-damage|p1b: Dragapult|0 fnt\n|faint|p1b: Dragapult\n|move|p1a: Landorus|Rock Slide|p2b: \u0412rute \u0412\u043enn\u0435t\n|-damage|p2b: \u0412rute \u0412\u043enn\u0435t|18\/100\n|\n|-weather|none\n|-end|p2b: \u0412rute \u0412\u043enn\u0435t|Protosynthesis\n|upkeep\n|\n|t:|1700118533\n|switch|p1b: Armarouge|Armarouge, F|100\/100 slp\n|turn|13\n|\n|t:|1700118556\n|move|p2b: \u0412rute \u0412\u043enn\u0435t|Sucker Punch|p1a: Landorus\n|-damage|p1a: Landorus|0 fnt\n|faint|p1a: Landorus\n|cant|p1b: Armarouge|slp\n|\n|upkeep\n|turn|14\n|\n|t:|1700118565\n|move|p2b: \u0412rute \u0412\u043enn\u0435t|Sucker Punch|p1b: Armarouge\n|-supereffective|p1b: Armarouge\n|-damage|p1b: Armarouge|23\/100 slp\n|-ability|p1b: Armarouge|Weak Armor|boost\n|-unboost|p1b: Armarouge|def|1\n|-boost|p1b: Armarouge|spe|2\n|-enditem|p1b: Armarouge|Weakness Policy\n|-boost|p1b: Armarouge|atk|2|[from] item: Weakness Policy\n|-boost|p1b: Armarouge|spa|2|[from] item: Weakness Policy\n|cant|p1b: Armarouge|slp\n|\n|upkeep\n|turn|15\n|\n|t:|1700118579\n|move|p2b: \u0412rute \u0412\u043enn\u0435t|Sucker Punch|p1b: Armarouge\n|-supereffective|p1b: Armarouge\n|-damage|p1b: Armarouge|0 fnt\n|faint|p1b: Armarouge\n|\n|win|dgsbbsfbse\n|raw|torreslaw's rating: 1116 &rarr; <strong>1090<\/strong><br \/>(-26 for losing)\n|raw|dgsbbsfbse's rating: 1105 &rarr; <strong>1131<\/strong><br \/>(+26 for winning)\n|l|\u2606torreslaw\n","uploadtime":1700118601,"views":6,"p1id":"torreslaw","p2id":"dgsbbsfbse","formatid":"gen9doublesou","rating":1090,"private":0,"password":""}