{"id":"gen9doublesou-1981335987","p1":"timesdividingline","p2":"Blob_Shy","format":"[Gen 9] Doubles OU","log":"|j|\u2606timesdividingline\n|j|\u2606Blob_Shy\n|t:|1698884904\n|gametype|doubles\n|player|p1|timesdividingline|266|1144\n|player|p2|Blob_Shy|265|1028\n|teamsize|p1|6\n|teamsize|p2|6\n|gen|9\n|tier|[Gen 9] Doubles OU\n|rated|\n|rule|Species Clause: Limit one of each Pok\u00e9mon\n|rule|OHKO Clause: OHKO moves are banned\n|rule|Evasion Moves Clause: Evasion moves are banned\n|rule|Gravity Sleep Clause: The combination of sleep-inducing moves with imperfect accuracy and Gravity or Gigantamax Orbeetle are banned\n|rule|Endless Battle Clause: Forcing endless battles is banned\n|rule|HP Percentage Mod: HP is shown in percentages\n|clearpoke\n|poke|p1|Ogerpon-Hearthflame, F|\n|poke|p1|Kingambit, M|\n|poke|p1|Flutter Mane|\n|poke|p1|Iron Hands|\n|poke|p1|Basculegion-F, F|\n|poke|p1|Tornadus, M|\n|poke|p2|Palafin, F|\n|poke|p2|Pelipper, F|\n|poke|p2|Amoonguss, F|\n|poke|p2|Basculegion-F, F|\n|poke|p2|Flutter Mane|\n|poke|p2|Garchomp, F|\n|teampreview\n|inactive|Battle timer is ON: inactive players will automatically lose when time's up. (requested by timesdividingline)\n|\n|t:|1698884935\n|start\n|switch|p1a: Tornadus|Tornadus, M|100\/100\n|switch|p1b: Kingambit|Kingambit, M|100\/100\n|switch|p2a: Pelipper|Pelipper, F|100\/100\n|switch|p2b: Palafin|Palafin, F|100\/100\n|-weather|RainDance|[from] ability: Drizzle|[of] p2a: Pelipper\n|turn|1\n|\n|t:|1698884956\n|move|p1a: Tornadus|Tailwind|p1a: Tornadus\n|-sidestart|p1: timesdividingline|move: Tailwind\n|move|p1b: Kingambit|Kowtow Cleave|p2a: Pelipper\n|-damage|p2a: Pelipper|49\/100\n|-damage|p1b: Kingambit|84\/100|[from] item: Rocky Helmet|[of] p2a: Pelipper\n|move|p2b: Palafin|Flip Turn|p1a: Tornadus\n|-damage|p1a: Tornadus|53\/100\n|\n|t:|1698884966\n|detailschange|p2b: Palafin|Palafin-Hero, F\n|switch|p2b: Garchomp|Garchomp, F|100\/100|[from] Flip Turn\n|move|p2a: Pelipper|Tailwind|p2a: Pelipper\n|-sidestart|p2: Blob_Shy|move: Tailwind\n|\n|-weather|RainDance|[upkeep]\n|upkeep\n|turn|2\n|\n|t:|1698884980\n|-terastallize|p1b: Kingambit|Fairy\n|move|p1a: Tornadus|Protect|p1a: Tornadus\n|-singleturn|p1a: Tornadus|Protect\n|move|p2b: Garchomp|Liquidation|p1a: Tornadus\n|-activate|p1a: Tornadus|move: Protect\n|move|p2a: Pelipper|Icy Wind|p1b: Kingambit|[spread] p1b\n|-activate|p1a: Tornadus|move: Protect\n|-damage|p1b: Kingambit|76\/100\n|-unboost|p1b: Kingambit|spe|1\n|-ability|p1b: Kingambit|Defiant|boost\n|-boost|p1b: Kingambit|atk|2\n|move|p1b: Kingambit|Kowtow Cleave|p2b: Garchomp\n|-damage|p2b: Garchomp|14\/100\n|-damage|p1b: Kingambit|64\/100|[from] ability: Rough Skin|[of] p2b: Garchomp\n|\n|-weather|RainDance|[upkeep]\n|upkeep\n|turn|3\n|\n|t:|1698885008\n|move|p1b: Kingambit|Sucker Punch|p2b: Garchomp\n|-damage|p2b: Garchomp|0 fnt\n|-damage|p1b: Kingambit|52\/100|[from] ability: Rough Skin|[of] p2b: Garchomp\n|faint|p2b: Garchomp\n|move|p1a: Tornadus|Bleakwind Storm|p2a: Pelipper\n|-damage|p2a: Pelipper|0 fnt\n|faint|p2a: Pelipper\n|\n|-weather|RainDance|[upkeep]\n|upkeep\n|inactive|Blob_Shy has 120 seconds left.\n|\n|t:|1698885024\n|switch|p2b: Flutter Mane|Flutter Mane|100\/100\n|switch|p2a: Palafin|Palafin-Hero, F|100\/100\n|-activate|p2a: Palafin|ability: Zero to Hero\n|turn|4\n|inactive|Blob_Shy has 120 seconds left.\n|\n|t:|1698885045\n|move|p1a: Tornadus|Protect|p1a: Tornadus\n|-singleturn|p1a: Tornadus|Protect\n|move|p1b: Kingambit|Sucker Punch|p2b: Flutter Mane\n|-damage|p2b: Flutter Mane|0 fnt\n|faint|p2b: Flutter Mane\n|-end|p2b: Flutter Mane|Protosynthesis|[silent]\n|move|p2a: Palafin|Waterfall|p1a: Tornadus\n|-activate|p1a: Tornadus|move: Protect\n|\n|-weather|RainDance|[upkeep]\n|-sideend|p1: timesdividingline|move: Tailwind\n|-sideend|p2: Blob_Shy|move: Tailwind\n|upkeep\n|inactive|Blob_Shy has 120 seconds left.\n|\n|t:|1698885054\n|switch|p2b: Basculegion|Basculegion-F, F|100\/100\n|turn|5\n|\n|t:|1698885067\n|-terastallize|p2a: Palafin|Water\n|move|p1a: Tornadus|Tailwind|p1a: Tornadus\n|-sidestart|p1: timesdividingline|move: Tailwind\n|move|p1b: Kingambit|Sucker Punch|p2b: Basculegion\n|-supereffective|p2b: Basculegion\n|-crit|p2b: Basculegion\n|-damage|p2b: Basculegion|0 fnt\n|faint|p2b: Basculegion\n|move|p2a: Palafin|Waterfall|p1b: Kingambit\n|-damage|p1b: Kingambit|0 fnt\n|faint|p1b: Kingambit\n|\n|-weather|none\n|upkeep\n|\n|t:|1698885078\n|switch|p2b: Amoonguss|Amoonguss, F|100\/100\n|switch|p1b: Iron Hands|Iron Hands|100\/100\n|turn|6\n|\n|t:|1698885086\n|move|p1b: Iron Hands|Fake Out|p2a: Palafin\n|-damage|p2a: Palafin|86\/100\n|move|p2b: Amoonguss|Rage Powder|p2b: Amoonguss\n|-singleturn|p2b: Amoonguss|move: Rage Powder\n|move|p1a: Tornadus|Taunt|p2b: Amoonguss\n|-start|p2b: Amoonguss|move: Taunt\n|cant|p2a: Palafin|flinch\n|\n|upkeep\n|turn|7\n|\n|t:|1698885099\n|move|p1a: Tornadus|Bleakwind Storm|p2b: Amoonguss|[spread] p2a,p2b\n|-supereffective|p2b: Amoonguss\n|-damage|p2a: Palafin|63\/100\n|-damage|p2b: Amoonguss|45\/100\n|-unboost|p2a: Palafin|spe|1\n|-unboost|p2b: Amoonguss|spe|1\n|move|p1b: Iron Hands|Wild Charge|p2a: Palafin\n|-supereffective|p2a: Palafin\n|-damage|p2a: Palafin|0 fnt\n|faint|p2a: Palafin\n|-damage|p1b: Iron Hands|88\/100|[from] Recoil\n|move|p2b: Amoonguss|Pollen Puff|p2: Palafin|[notarget]\n|-fail|p2b: Amoonguss\n|\n|upkeep\n|turn|8\n|-message|Blob_Shy forfeited.\n|\n|win|timesdividingline\n|raw|timesdividingline's rating: 1144 &rarr; <strong>1161<\/strong><br \/>(+17 for winning)\n|raw|Blob_Shy's rating: 1028 &rarr; <strong>1018<\/strong><br \/>(-10 for losing)\n","uploadtime":1698885121,"views":22,"p1id":"timesdividingline","p2id":"blobshy","formatid":"gen9doublesou","rating":1018,"private":0,"password":""}