{"id":"gen9doublesou-1973861914","p1":"Deletta","p2":"Tapu Rikka","format":"[Gen 9] Doubles OU","log":"|j|\u2606Deletta\n|j|\u2606Tapu Rikka\n|t:|1698021677\n|gametype|doubles\n|player|p1|Deletta|fisherman-gen4|1000\n|player|p2|Tapu Rikka|101|1000\n|teamsize|p1|6\n|teamsize|p2|6\n|gen|9\n|tier|[Gen 9] Doubles OU\n|rated|\n|rule|Species Clause: Limit one of each Pok\u00e9mon\n|rule|OHKO Clause: OHKO moves are banned\n|rule|Evasion Moves Clause: Evasion moves are banned\n|rule|Gravity Sleep Clause: The combination of sleep-inducing moves with imperfect accuracy and Gravity or Gigantamax Orbeetle are banned\n|rule|Endless Battle Clause: Forcing endless battles is banned\n|rule|HP Percentage Mod: HP is shown in percentages\n|clearpoke\n|poke|p1|Hippowdon, F|\n|poke|p1|Garganacl, M|\n|poke|p1|Armarouge, M|\n|poke|p1|Indeedee-F, F|\n|poke|p1|Ursaluna-Bloodmoon, M|\n|poke|p1|Sinistcha|\n|poke|p2|Ninetales, M|\n|poke|p2|Lilligant-Hisui, F|\n|poke|p2|Walking Wake|\n|poke|p2|Chi-Yu|\n|poke|p2|Ceruledge, F|\n|poke|p2|Cresselia, F|\n|teampreview\n|\n|t:|1698021690\n|start\n|switch|p1a: Armarouge|Armarouge, M|100\/100\n|switch|p1b: Indeedee|Indeedee-F, F|100\/100\n|switch|p2a: Ninetales|Ninetales, M|100\/100\n|switch|p2b: Walking Wake|Walking Wake|100\/100\n|-weather|SunnyDay|[from] ability: Drought|[of] p2a: Ninetales\n|-activate|p2b: Walking Wake|ability: Protosynthesis\n|-start|p2b: Walking Wake|protosynthesisspa\n|-fieldstart|move: Psychic Terrain|[from] ability: Psychic Surge|[of] p1b: Indeedee\n|turn|1\n|\n|t:|1698021718\n|move|p1b: Indeedee|Follow Me|p1b: Indeedee\n|-singleturn|p1b: Indeedee|move: Follow Me\n|move|p2b: Walking Wake|Draco Meteor|p1b: Indeedee\n|-damage|p1b: Indeedee|32\/100\n|-unboost|p2b: Walking Wake|spa|2\n|-enditem|p2b: Walking Wake|Eject Pack\n|\n|t:|1698021735\n|-end|p2b: Walking Wake|Protosynthesis|[silent]\n|switch|p2b: Cresselia|Cresselia, F|100\/100\n|move|p2a: Ninetales|Encore|p1b: Indeedee\n|-start|p1b: Indeedee|Encore\n|move|p1a: Armarouge|Trick Room|p1a: Armarouge\n|-fieldstart|move: Trick Room|[of] p1a: Armarouge\n|\n|-weather|SunnyDay|[upkeep]\n|upkeep\n|turn|2\n|inactive|Battle timer is ON: inactive players will automatically lose when time's up. (requested by Deletta)\n|\n|t:|1698021756\n|switch|p1b: Sinistcha|Sinistcha|100\/100\n|move|p1a: Armarouge|Expanding Force|p2b: Cresselia|[spread] p2a,p2b\n|-resisted|p2b: Cresselia\n|-damage|p2a: Ninetales|0 fnt\n|-damage|p2b: Cresselia|73\/100\n|faint|p2a: Ninetales\n|-damage|p1a: Armarouge|91\/100|[from] item: Life Orb\n|move|p2b: Cresselia|Calm Mind|p2b: Cresselia\n|-boost|p2b: Cresselia|spa|1\n|-boost|p2b: Cresselia|spd|1\n|\n|-weather|SunnyDay|[upkeep]\n|-heal|p2b: Cresselia|79\/100|[from] item: Leftovers\n|upkeep\n|\n|t:|1698021770\n|switch|p2a: Lilligant|Lilligant-Hisui, F|100\/100\n|turn|3\n|inactive|Deletta has 120 seconds left.\n|\n|t:|1698021804\n|move|p1b: Sinistcha|Protect|p1b: Sinistcha\n|-singleturn|p1b: Sinistcha|Protect\n|move|p2b: Cresselia|Protect|p2b: Cresselia\n|-singleturn|p2b: Cresselia|Protect\n|move|p2a: Lilligant|Protect|p2a: Lilligant\n|-singleturn|p2a: Lilligant|Protect\n|move|p1a: Armarouge|Armor Cannon|p2a: Lilligant\n|-activate|p2a: Lilligant|move: Protect\n|\n|-weather|SunnyDay|[upkeep]\n|-heal|p2b: Cresselia|85\/100|[from] item: Leftovers\n|upkeep\n|turn|4\n|\n|t:|1698021828\n|switch|p2a: Walking Wake|Walking Wake|100\/100\n|-activate|p2a: Walking Wake|ability: Protosynthesis\n|-start|p2a: Walking Wake|protosynthesisspa\n|move|p1b: Sinistcha|Protect|p1b: Sinistcha\n|-singleturn|p1b: Sinistcha|Protect\n|move|p1a: Armarouge|Armor Cannon|p2a: Walking Wake\n|-resisted|p2a: Walking Wake\n|-damage|p2a: Walking Wake|62\/100\n|-unboost|p1a: Armarouge|def|1\n|-unboost|p1a: Armarouge|spd|1\n|-damage|p1a: Armarouge|81\/100|[from] item: Life Orb\n|move|p2b: Cresselia|Moonblast|p1a: Armarouge\n|-resisted|p1a: Armarouge\n|-damage|p1a: Armarouge|51\/100\n|\n|-weather|SunnyDay|[upkeep]\n|-heal|p2b: Cresselia|91\/100|[from] item: Leftovers\n|upkeep\n|turn|5\n|\n|t:|1698021848\n|-terastallize|p1a: Armarouge|Grass\n|move|p1a: Armarouge|Protect|p1a: Armarouge\n|-singleturn|p1a: Armarouge|Protect\n|move|p2a: Walking Wake|Protect|p2a: Walking Wake\n|-singleturn|p2a: Walking Wake|Protect\n|move|p1b: Sinistcha|Matcha Gotcha|p2a: Walking Wake|[spread] p2b\n|-activate|p2a: Walking Wake|move: Protect\n|-damage|p2b: Cresselia|82\/100\n|move|p2b: Cresselia|Calm Mind|p2b: Cresselia\n|-boost|p2b: Cresselia|spa|1\n|-boost|p2b: Cresselia|spd|1\n|\n|-weather|SunnyDay|[upkeep]\n|-heal|p2b: Cresselia|88\/100|[from] item: Leftovers\n|-fieldend|move: Trick Room\n|upkeep\n|turn|6\n|inactive|Deletta has 120 seconds left.\n|\n|t:|1698021881\n|move|p1b: Sinistcha|Protect|p1b: Sinistcha\n|-singleturn|p1b: Sinistcha|Protect\n|move|p2a: Walking Wake|Hydro Steam|p1a: Armarouge\n|-resisted|p1a: Armarouge\n|-damage|p1a: Armarouge|0 fnt\n|faint|p1a: Armarouge\n|move|p2b: Cresselia|Lunar Blessing|p2b: Cresselia|[spread] p2a,p2b\n|-heal|p2a: Walking Wake|87\/100\n|-heal|p2b: Cresselia|100\/100\n|\n|-weather|SunnyDay|[upkeep]\n|upkeep\n|inactive|Deletta has 120 seconds left.\n|\n|t:|1698021894\n|switch|p1a: Ursaluna|Ursaluna-Bloodmoon, M|100\/100\n|turn|7\n|inactive|Deletta has 120 seconds left.\n|\n|t:|1698021919\n|move|p2a: Walking Wake|Hydro Steam|p1a: Ursaluna\n|-supereffective|p1a: Ursaluna\n|-crit|p1a: Ursaluna\n|-damage|p1a: Ursaluna|0 fnt\n|faint|p1a: Ursaluna\n|move|p2b: Cresselia|Moonblast|p1b: Sinistcha\n|-damage|p1b: Sinistcha|40\/100\n|move|p1b: Sinistcha|Trick Room|p1b: Sinistcha\n|-fieldstart|move: Trick Room|[of] p1b: Sinistcha\n|\n|-weather|SunnyDay|[upkeep]\n|-heal|p1b: Sinistcha|46\/100|[from] item: Leftovers\n|upkeep\n|inactive|Deletta has 120 seconds left.\n|\n|t:|1698021929\n|switch|p1a: Sindromoso|Hippowdon, F|100\/100\n|-weather|Sandstorm|[from] ability: Sand Stream|[of] p1a: Sindromoso\n|-end|p2a: Walking Wake|Protosynthesis\n|turn|8\n|\n|t:|1698021941\n|switch|p1a: Indeedee|Indeedee-F, F|32\/100\n|move|p1b: Sinistcha|Matcha Gotcha|p2b: Cresselia|[spread] p2a,p2b\n|-damage|p2a: Walking Wake|56\/100\n|-heal|p1b: Sinistcha|61\/100|[from] drain|[of] p2a: Walking Wake\n|-damage|p2b: Cresselia|92\/100\n|-heal|p1b: Sinistcha|66\/100|[from] drain|[of] p2b: Cresselia\n|move|p2b: Cresselia|Moonblast|p1b: Sinistcha\n|-damage|p1b: Sinistcha|11\/100\n|move|p2a: Walking Wake|Hydro Steam|p1a: Indeedee\n|-damage|p1a: Indeedee|0 fnt\n|faint|p1a: Indeedee\n|\n|-weather|Sandstorm|[upkeep]\n|-damage|p1b: Sinistcha|5\/100|[from] Sandstorm\n|-damage|p2b: Cresselia|86\/100|[from] Sandstorm\n|-damage|p2a: Walking Wake|50\/100|[from] Sandstorm\n|-heal|p1b: Sinistcha|11\/100|[from] item: Leftovers\n|-heal|p2b: Cresselia|92\/100|[from] item: Leftovers\n|-fieldend|move: Psychic Terrain\n|upkeep\n|\n|t:|1698021955\n|switch|p1a: Lopopo|Garganacl, M|100\/100\n|turn|9\n|\n|t:|1698021966\n|move|p2a: Walking Wake|Protect|p2a: Walking Wake\n|-singleturn|p2a: Walking Wake|Protect\n|move|p1a: Lopopo|Salt Cure|p2b: Cresselia\n|-damage|p2b: Cresselia|82\/100\n|-start|p2b: Cresselia|Salt Cure\n|move|p1b: Sinistcha|Matcha Gotcha|p2b: Cresselia|[spread] p2b\n|-activate|p2a: Walking Wake|move: Protect\n|-damage|p2b: Cresselia|73\/100\n|-heal|p1b: Sinistcha|17\/100|[from] drain|[of] p2b: Cresselia\n|move|p2b: Cresselia|Lunar Blessing|p2b: Cresselia|[spread] p2a,p2b\n|-heal|p2a: Walking Wake|75\/100\n|-heal|p2b: Cresselia|98\/100\n|\n|-weather|Sandstorm|[upkeep]\n|-damage|p1b: Sinistcha|11\/100|[from] Sandstorm\n|-damage|p2b: Cresselia|92\/100|[from] Sandstorm\n|-damage|p2a: Walking Wake|69\/100|[from] Sandstorm\n|-heal|p1b: Sinistcha|17\/100|[from] item: Leftovers\n|-heal|p2b: Cresselia|98\/100|[from] item: Leftovers\n|-damage|p2b: Cresselia|86\/100|[from] Salt Cure\n|upkeep\n|turn|10\n|\n|t:|1698021996\n|move|p1a: Lopopo|Protect|p1a: Lopopo\n|-singleturn|p1a: Lopopo|Protect\n|move|p1b: Sinistcha|Matcha Gotcha|p2a: Walking Wake|[spread] p2a,p2b\n|-damage|p2a: Walking Wake|42\/100\n|-heal|p1b: Sinistcha|31\/100|[from] drain|[of] p2a: Walking Wake\n|-damage|p2b: Cresselia|78\/100\n|-heal|p1b: Sinistcha|35\/100|[from] drain|[of] p2b: Cresselia\n|move|p2b: Cresselia|Moonblast|p1a: Lopopo\n|-activate|p1a: Lopopo|move: Protect\n|move|p2a: Walking Wake|Flamethrower|p1b: Sinistcha\n|-supereffective|p1b: Sinistcha\n|-damage|p1b: Sinistcha|0 fnt\n|faint|p1b: Sinistcha\n|\n|-weather|Sandstorm|[upkeep]\n|-damage|p2b: Cresselia|72\/100|[from] Sandstorm\n|-damage|p2a: Walking Wake|36\/100|[from] Sandstorm\n|-heal|p2b: Cresselia|78\/100|[from] item: Leftovers\n|-damage|p2b: Cresselia|66\/100|[from] Salt Cure\n|upkeep\n|\n|t:|1698022008\n|switch|p1b: Sindromoso|Hippowdon, F|100\/100\n|turn|11\n|\n|t:|1698022030\n|move|p1a: Lopopo|Salt Cure|p2a: Walking Wake\n|-damage|p2a: Walking Wake|21\/100\n|-start|p2a: Walking Wake|Salt Cure\n|move|p1b: Sindromoso|Sand Tomb|p2a: Walking Wake\n|-damage|p2a: Walking Wake|6\/100\n|-activate|p2a: Walking Wake|move: Sand Tomb|[of] p1b: Sindromoso\n|move|p2b: Cresselia|Moonblast|p1b: Sindromoso\n|-damage|p1b: Sindromoso|49\/100\n|move|p2a: Walking Wake|Hydro Steam|p1b: Sindromoso\n|-supereffective|p1b: Sindromoso\n|-damage|p1b: Sindromoso|0 fnt\n|faint|p1b: Sindromoso\n|\n|-weather|Sandstorm|[upkeep]\n|-damage|p2b: Cresselia|60\/100|[from] Sandstorm\n|-damage|p2a: Walking Wake|0 fnt|[from] Sandstorm\n|faint|p2a: Walking Wake\n|-end|p2a: Walking Wake|Protosynthesis|[silent]\n|-heal|p2b: Cresselia|66\/100|[from] item: Leftovers\n|-damage|p2b: Cresselia|54\/100|[from] Salt Cure\n|-fieldend|move: Trick Room\n|upkeep\n|inactive|Tapu Rikka has 120 seconds left.\n|\n|t:|1698022050\n|switch|p2a: Lilligant|Lilligant-Hisui, F|100\/100\n|turn|12\n|\n|t:|1698022067\n|move|p2a: Lilligant|Close Combat|p1a: Lopopo\n|-supereffective|p1a: Lopopo\n|-damage|p1a: Lopopo|22\/100\n|-unboost|p2a: Lilligant|def|1\n|-unboost|p2a: Lilligant|spd|1\n|move|p2b: Cresselia|Moonblast|p1a: Lopopo\n|-damage|p1a: Lopopo|0 fnt\n|faint|p1a: Lopopo\n|\n|win|Tapu Rikka\n|raw|Deletta's rating: 1000 &rarr; <strong>1000<\/strong><br \/>(+0 for losing)\n|raw|Tapu Rikka's rating: 1000 &rarr; <strong>1040<\/strong><br \/>(+40 for winning)\n|l|\u2606Deletta\n","uploadtime":1698022080,"views":21,"p1id":"deletta","p2id":"tapurikka","formatid":"gen9doublesou","rating":1000,"private":0,"password":""}