{"id":"gen9doublesou-1976140002","p1":"jvoucut","p2":"CookieAbolisher21","format":"[Gen 9] Doubles OU","log":"|j|\u2606jvoucut\n|j|\u2606CookieAbolisher21\n|t:|1698267167\n|gametype|doubles\n|player|p1|jvoucut|workerice|1079\n|player|p2|CookieAbolisher21|twins|1000\n|teamsize|p1|6\n|teamsize|p2|6\n|gen|9\n|tier|[Gen 9] Doubles OU\n|rated|\n|rule|Species Clause: Limit one of each Pok\u00e9mon\n|rule|OHKO Clause: OHKO moves are banned\n|rule|Evasion Moves Clause: Evasion moves are banned\n|rule|Gravity Sleep Clause: The combination of sleep-inducing moves with imperfect accuracy and Gravity or Gigantamax Orbeetle are banned\n|rule|Endless Battle Clause: Forcing endless battles is banned\n|rule|HP Percentage Mod: HP is shown in percentages\n|clearpoke\n|poke|p1|Sinistcha|\n|poke|p1|Chien-Pao|\n|poke|p1|Iron Bundle|\n|poke|p1|Ogerpon-Hearthflame, F|\n|poke|p1|Dragonite, M|\n|poke|p1|Clefable, F|\n|poke|p2|Toxtricity-Low-Key, M|\n|poke|p2|Sylveon, M|\n|poke|p2|Indeedee-F, F|\n|poke|p2|Ceruledge, F|\n|poke|p2|Palossand, M|\n|poke|p2|Slowking, M|\n|teampreview\n|inactive|Battle timer is ON: inactive players will automatically lose when time's up. (requested by jvoucut)\n|inactive|jvoucut has 120 seconds left.\n|\n|t:|1698267206\n|start\n|switch|p1a: Ogerpon|Ogerpon-Hearthflame, F|100\/100\n|switch|p1b: Sinistcha|Sinistcha|100\/100\n|switch|p2a: Toxtricity|Toxtricity-Low-Key, M|100\/100\n|switch|p2b: Palossand|Palossand, M|100\/100\n|-ability|p1a: Ogerpon|Mold Breaker\n|turn|1\n|inactive|jvoucut has 120 seconds left.\n|\n|t:|1698267256\n|switch|p2b: Ceruledge|Ceruledge, F|100\/100\n|move|p1a: Ogerpon|U-turn|p2a: Toxtricity\n|-resisted|p2a: Toxtricity\n|-damage|p2a: Toxtricity|80\/100\n|inactive|jvoucut has 90 seconds left.\n|\n|t:|1698267271\n|switch|p1a: Chien-Pao|Chien-Pao|100\/100|[from] U-turn\n|-ability|p1a: Chien-Pao|Sword of Ruin\n|move|p1b: Sinistcha|Life Dew||[still]|[still]|[spread] \n|-fail|p1a: Chien-Pao|heal\n|-fail|p1b: Sinistcha|heal\n|move|p2a: Toxtricity|Sludge Bomb|p1a: Chien-Pao\n|-crit|p1a: Chien-Pao\n|-damage|p1a: Chien-Pao|0 fnt\n|faint|p1a: Chien-Pao\n|\n|upkeep\n|inactive|jvoucut has 90 seconds left.\n|\n|t:|1698267287\n|switch|p1a: Iron Bundle|Iron Bundle|100\/100\n|turn|2\n|inactive|CookieAbolisher21 has 120 seconds left.\n|\n|t:|1698267318\n|switch|p2b: Slowking|Slowking, M|100\/100\n|move|p1a: Iron Bundle|Hydro Pump|p2b: Slowking\n|-resisted|p2b: Slowking\n|-damage|p2b: Slowking|83\/100\n|move|p1b: Sinistcha|Calm Mind|p1b: Sinistcha\n|-boost|p1b: Sinistcha|spa|1\n|-boost|p1b: Sinistcha|spd|1\n|move|p2a: Toxtricity|Boomburst|p1b: Sinistcha|[spread] p2b,p1a\n|-immune|p1b: Sinistcha\n|-damage|p2b: Slowking|50\/100\n|-damage|p1a: Iron Bundle|19\/100\n|\n|-heal|p1a: Iron Bundle|26\/100|[from] item: Leftovers\n|upkeep\n|turn|3\n|\n|t:|1698267339\n|move|p1a: Iron Bundle|Protect|p1a: Iron Bundle\n|-singleturn|p1a: Iron Bundle|Protect\n|move|p1b: Sinistcha|Matcha Gotcha|p2b: Slowking|[spread] \n|-miss|p1b: Sinistcha|p2a: Toxtricity\n|-miss|p1b: Sinistcha|p2b: Slowking\n|move|p2a: Toxtricity|Boomburst|p1a: Iron Bundle|[spread] p2b\n|-activate|p1a: Iron Bundle|move: Protect\n|-immune|p1b: Sinistcha\n|-damage|p2b: Slowking|17\/100\n|move|p2b: Slowking|Slack Off|p2b: Slowking\n|-heal|p2b: Slowking|68\/100\n|\n|-heal|p1a: Iron Bundle|32\/100|[from] item: Leftovers\n|upkeep\n|turn|4\n|inactive|jvoucut has 120 seconds left.\n|\n|t:|1698267358\n|move|p1a: Iron Bundle|Freeze-Dry|p2b: Slowking\n|-supereffective|p2b: Slowking\n|-damage|p2b: Slowking|16\/100\n|-enditem|p2b: Slowking|Weakness Policy\n|-boost|p2b: Slowking|atk|2|[from] item: Weakness Policy\n|-boost|p2b: Slowking|spa|2|[from] item: Weakness Policy\n|move|p1b: Sinistcha|Matcha Gotcha|p2b: Slowking|[spread] p2a,p2b\n|-resisted|p2a: Toxtricity\n|-supereffective|p2b: Slowking\n|-damage|p2a: Toxtricity|60\/100\n|-damage|p2b: Slowking|0 fnt\n|faint|p2b: Slowking\n|move|p2a: Toxtricity|Sludge Bomb|p1b: Sinistcha\n|-damage|p1b: Sinistcha|60\/100\n|-status|p1b: Sinistcha|psn\n|\n|-heal|p1a: Iron Bundle|38\/100|[from] item: Leftovers\n|-heal|p1b: Sinistcha|66\/100 psn|[from] item: Leftovers\n|-damage|p1b: Sinistcha|54\/100 psn|[from] psn\n|upkeep\n|\n|t:|1698267371\n|switch|p2b: Ceruledge|Ceruledge, F|100\/100\n|turn|5\n|\n|t:|1698267387\n|switch|p2b: Sylveon|Sylveon, M|100\/100\n|-terastallize|p1b: Sinistcha|Poison\n|move|p1a: Iron Bundle|Hydro Pump|p2b: Sylveon\n|-damage|p2b: Sylveon|65\/100\n|move|p1b: Sinistcha|Life Dew|p1b: Sinistcha|[spread] p1a,p1b\n|-heal|p1a: Iron Bundle|63\/100\n|-heal|p1b: Sinistcha|79\/100 psn\n|move|p2a: Toxtricity|Discharge|p1a: Iron Bundle|[spread] p2b,p1a,p1b\n|-supereffective|p1a: Iron Bundle\n|-damage|p2b: Sylveon|44\/100\n|-damage|p1a: Iron Bundle|0 fnt\n|-damage|p1b: Sinistcha|54\/100 psn\n|-status|p2b: Sylveon|par\n|faint|p1a: Iron Bundle\n|-end|p1a: Iron Bundle|Quark Drive|[silent]\n|\n|-heal|p1b: Sinistcha|61\/100 psn|[from] item: Leftovers\n|-damage|p1b: Sinistcha|48\/100 psn|[from] psn\n|upkeep\n|inactive|jvoucut has 120 seconds left.\n|\n|t:|1698267404\n|switch|p1a: Dragonite|Dragonite, M|100\/100\n|turn|6\n|\n|t:|1698267413\n|switch|p2b: Palossand|Palossand, M|100\/100\n|move|p1a: Dragonite|Tailwind|p1a: Dragonite\n|-sidestart|p1: jvoucut|move: Tailwind\n|move|p1b: Sinistcha|Tera Blast|p2b: Palossand|[anim] Tera Blast Poison\n|-resisted|p2b: Palossand\n|-damage|p2b: Palossand|84\/100\n|move|p2a: Toxtricity|Discharge|p1a: Dragonite|[spread] p1a,p1b\n|-immune|p2b: Palossand\n|-damage|p1a: Dragonite|86\/100\n|-damage|p1b: Sinistcha|22\/100 psn\n|\n|-heal|p1b: Sinistcha|28\/100 psn|[from] item: Leftovers\n|-damage|p1b: Sinistcha|16\/100 psn|[from] psn\n|upkeep\n|turn|7\n|\n|t:|1698267436\n|move|p1b: Sinistcha|Matcha Gotcha|p2b: Palossand|[spread] p2b\n|-miss|p1b: Sinistcha|p2a: Toxtricity\n|-supereffective|p2b: Palossand\n|-damage|p2b: Palossand|0 fnt\n|-heal|p1b: Sinistcha|66\/100 psn|[from] drain|[of] p2b: Palossand\n|faint|p2b: Palossand\n|move|p2a: Toxtricity|Discharge|p1a: Dragonite|[spread] p1a,p1b\n|-damage|p1a: Dragonite|56\/100\n|-damage|p1b: Sinistcha|39\/100 psn\n|move|p1a: Dragonite|Dragon Tail|p2a: Toxtricity|[miss]\n|-miss|p1a: Dragonite|p2a: Toxtricity\n|\n|-heal|p1b: Sinistcha|46\/100 psn|[from] item: Leftovers\n|-damage|p1b: Sinistcha|33\/100 psn|[from] psn\n|upkeep\n|\n|t:|1698267446\n|switch|p2b: Ceruledge|Ceruledge, F|100\/100\n|turn|8\n|\n|t:|1698267457\n|move|p2b: Ceruledge|Shadow Sneak|p1b: Sinistcha\n|-damage|p1b: Sinistcha|15\/100 psn\n|move|p1b: Sinistcha|Life Dew|p1b: Sinistcha|[spread] p1a,p1b\n|-heal|p1a: Dragonite|80\/100\n|-heal|p1b: Sinistcha|39\/100 psn\n|move|p2a: Toxtricity|Discharge|p1a: Dragonite|[spread] p2b,p1a,p1b\n|-damage|p2b: Ceruledge|67\/100\n|-damage|p1a: Dragonite|48\/100\n|-damage|p1b: Sinistcha|13\/100 psn\n|-status|p1a: Dragonite|par\n|-enditem|p1a: Dragonite|Sitrus Berry|[eat]\n|-heal|p1a: Dragonite|73\/100 par|[from] item: Sitrus Berry\n|move|p1a: Dragonite|Dragon Tail|p2a: Toxtricity\n|-damage|p2a: Toxtricity|14\/100\n|drag|p2a: Indeedee|Indeedee-F, F|100\/100\n|-fieldstart|move: Psychic Terrain|[from] ability: Psychic Surge|[of] p2a: Indeedee\n|-enditem|p2a: Indeedee|Psychic Seed\n|-boost|p2a: Indeedee|spd|1|[from] item: Psychic Seed\n|\n|-heal|p1b: Sinistcha|19\/100 psn|[from] item: Leftovers\n|-damage|p1b: Sinistcha|6\/100 psn|[from] psn\n|upkeep\n|turn|9\n|\n|t:|1698267484\n|move|p1b: Sinistcha|Matcha Gotcha|p2b: Ceruledge|[spread] p2a,p2b\n|-resisted|p2b: Ceruledge\n|-damage|p2a: Indeedee|69\/100\n|-heal|p1b: Sinistcha|24\/100 psn|[from] drain|[of] p2a: Indeedee\n|-damage|p2b: Ceruledge|40\/100\n|-heal|p1b: Sinistcha|36\/100 psn|[from] drain|[of] p2b: Ceruledge\n|move|p2b: Ceruledge|Bitter Blade|p1b: Sinistcha\n|-damage|p1b: Sinistcha|14\/100 psn\n|-heal|p2b: Ceruledge|55\/100|[from] drain|[of] p1b: Sinistcha\n|move|p1a: Dragonite|Dragon Dance|p1a: Dragonite\n|-boost|p1a: Dragonite|atk|1\n|-boost|p1a: Dragonite|spe|1\n|move|p2a: Indeedee|Reflect|p2a: Indeedee\n|-sidestart|p2: CookieAbolisher21|Reflect\n|\n|-heal|p1b: Sinistcha|20\/100 psn|[from] item: Leftovers\n|-damage|p1b: Sinistcha|8\/100 psn|[from] psn\n|-sideend|p1: jvoucut|move: Tailwind\n|upkeep\n|turn|10\n|\n|t:|1698267508\n|move|p2b: Ceruledge|Iron Head|p1a: Dragonite\n|-damage|p1a: Dragonite|46\/100 par\n|move|p2a: Indeedee|Psychic|p1b: Sinistcha\n|-supereffective|p1b: Sinistcha\n|-damage|p1b: Sinistcha|0 fnt\n|faint|p1b: Sinistcha\n|cant|p1a: Dragonite|flinch\n|\n|upkeep\n|\n|t:|1698267517\n|switch|p1b: Clefable|Clefable, F, shiny|100\/100\n|turn|11\n|\n|t:|1698267542\n|switch|p2a: Toxtricity|Toxtricity-Low-Key, M|14\/100\n|move|p2b: Ceruledge|Bitter Blade|p1b: Clefable\n|-damage|p1b: Clefable|51\/100\n|-heal|p2b: Ceruledge|93\/100|[from] drain|[of] p1b: Clefable\n|move|p1a: Dragonite|Tailwind|p1a: Dragonite\n|-sidestart|p1: jvoucut|move: Tailwind\n|move|p1b: Clefable|Dazzling Gleam|p2b: Ceruledge|[spread] p2a,p2b\n|-resisted|p2a: Toxtricity\n|-resisted|p2b: Ceruledge\n|-damage|p2a: Toxtricity|5\/100\n|-damage|p2b: Ceruledge|78\/100\n|\n|-heal|p1b: Clefable|57\/100|[from] item: Leftovers\n|upkeep\n|turn|12\n|inactive|CookieAbolisher21 has 120 seconds left.\n|\n|t:|1698267576\n|move|p1b: Clefable|Night Shade|p2a: Toxtricity\n|-damage|p2a: Toxtricity|0 fnt\n|faint|p2a: Toxtricity\n|move|p2b: Ceruledge|Bitter Blade|p1b: Clefable\n|-damage|p1b: Clefable|4\/100\n|-heal|p2b: Ceruledge|100\/100|[from] drain|[of] p1b: Clefable\n|cant|p1a: Dragonite|par\n|\n|-heal|p1b: Clefable|10\/100|[from] item: Leftovers\n|-fieldend|move: Psychic Terrain\n|upkeep\n|inactive|CookieAbolisher21 has 120 seconds left.\n|\n|t:|1698267590\n|switch|p2a: Sylveon|Sylveon, M|44\/100 par\n|turn|13\n|\n|t:|1698267612\n|move|p2b: Ceruledge|Shadow Sneak|p1b: Clefable\n|-damage|p1b: Clefable|0 fnt\n|faint|p1b: Clefable\n|cant|p2a: Sylveon|par\n|move|p1a: Dragonite|Dragon Tail|p2b: Ceruledge\n|-damage|p2b: Ceruledge|59\/100\n|drag|p2b: Indeedee|Indeedee-F, F|69\/100\n|-fieldstart|move: Psychic Terrain|[from] ability: Psychic Surge|[of] p2b: Indeedee\n|\n|-sideend|p2: CookieAbolisher21|Reflect\n|upkeep\n|\n|t:|1698267620\n|switch|p1b: Ogerpon|Ogerpon-Hearthflame, F|100\/100\n|-ability|p1b: Ogerpon|Mold Breaker\n|turn|14\n|\n|t:|1698267635\n|move|p1b: Ogerpon|Ivy Cudgel|p2a: Sylveon\n|-crit|p2a: Sylveon\n|-damage|p2a: Sylveon|0 fnt\n|faint|p2a: Sylveon\n|move|p1a: Dragonite|Dragon Dance|p1a: Dragonite\n|-boost|p1a: Dragonite|atk|1\n|-boost|p1a: Dragonite|spe|1\n|move|p2b: Indeedee|Reflect|p2b: Indeedee\n|-sidestart|p2: CookieAbolisher21|Reflect\n|\n|-sideend|p1: jvoucut|move: Tailwind\n|upkeep\n|\n|t:|1698267644\n|switch|p2a: Ceruledge|Ceruledge, F|59\/100\n|turn|15\n|\n|t:|1698267667\n|-terastallize|p2a: Ceruledge|Grass\n|move|p2a: Ceruledge|Bitter Blade|p1b: Ogerpon\n|-damage|p1b: Ogerpon|52\/100\n|-heal|p2a: Ceruledge|93\/100|[from] drain|[of] p1b: Ogerpon\n|move|p1b: Ogerpon|Brick Break|p2b: Indeedee\n|-sideend|p2: CookieAbolisher21|Reflect\n|-damage|p2b: Indeedee|43\/100\n|move|p2b: Indeedee|Psychic|p1a: Dragonite\n|-damage|p1a: Dragonite|8\/100 par\n|move|p1a: Dragonite|Dragon Tail|p2a: Ceruledge\n|-damage|p2a: Ceruledge|6\/100\n|\n|upkeep\n|turn|16\n|\n|t:|1698267689\n|move|p2a: Ceruledge|Bitter Blade|p1b: Ogerpon\n|-damage|p1b: Ogerpon|4\/100\n|-heal|p2a: Ceruledge|41\/100|[from] drain|[of] p1b: Ogerpon\n|move|p1b: Ogerpon|Ivy Cudgel|p2a: Ceruledge\n|-supereffective|p2a: Ceruledge\n|-damage|p2a: Ceruledge|0 fnt\n|faint|p2a: Ceruledge\n|move|p2b: Indeedee|Psychic|p1a: Dragonite\n|-damage|p1a: Dragonite|0 fnt\n|faint|p1a: Dragonite\n|\n|upkeep\n|turn|17\n|\n|t:|1698267716\n|move|p1b: Ogerpon|U-turn|p2b: Indeedee\n|-supereffective|p2b: Indeedee\n|-damage|p2b: Indeedee|0 fnt\n|faint|p2b: Indeedee\n|\n|win|jvoucut\n|raw|jvoucut's rating: 1079 &rarr; <strong>1101<\/strong><br \/>(+22 for winning)\n|raw|CookieAbolisher21's rating: 1000 &rarr; <strong>1000<\/strong><br \/>(+0 for losing)\n|l|\u2606CookieAbolisher21\n","uploadtime":1698267743,"views":22,"p1id":"jvoucut","p2id":"cookieabolisher21","formatid":"gen9doublesou","rating":1000,"private":0,"password":""}