{"id":"gen9doublesou-1984184986","p1":"VioletStargazer","p2":"porpoiseQueen","format":"[Gen 9] Doubles OU","log":"|j|\u2606VioletStargazer\n|j|\u2606porpoiseQueen\n|t:|1699227714\n|gametype|doubles\n|player|p1|VioletStargazer|clair|1507\n|player|p2|porpoiseQueen|1|1454\n|teamsize|p1|6\n|teamsize|p2|6\n|gen|9\n|tier|[Gen 9] Doubles OU\n|rated|\n|rule|Species Clause: Limit one of each Pok\u00e9mon\n|rule|OHKO Clause: OHKO moves are banned\n|rule|Evasion Moves Clause: Evasion moves are banned\n|rule|Gravity Sleep Clause: The combination of sleep-inducing moves with imperfect accuracy and Gravity or Gigantamax Orbeetle are banned\n|rule|Endless Battle Clause: Forcing endless battles is banned\n|rule|HP Percentage Mod: HP is shown in percentages\n|clearpoke\n|poke|p1|Roaring Moon|\n|poke|p1|Ursaluna-Bloodmoon, M|\n|poke|p1|Chien-Pao|\n|poke|p1|Ogerpon-Wellspring, F|\n|poke|p1|Heatran, M|\n|poke|p1|Tornadus, M|\n|poke|p2|Chi-Yu|\n|poke|p2|Flutter Mane|\n|poke|p2|Iron Hands|\n|poke|p2|Landorus-Therian, M|\n|poke|p2|Glimmora, F|\n|poke|p2|Goodra-Hisui, M|\n|teampreview\n|\n|t:|1699227735\n|start\n|switch|p1a: Chien-Pao|Chien-Pao|100\/100\n|switch|p1b: Tornadus|Tornadus, M|100\/100\n|switch|p2a: Iron Hands|Iron Hands|100\/100\n|switch|p2b: Glimmora|Glimmora, F|100\/100\n|-ability|p1a: Chien-Pao|Sword of Ruin\n|turn|1\n|\n|t:|1699227755\n|-terastallize|p1a: Chien-Pao|Ghost\n|move|p2a: Iron Hands|Fake Out|p1a: Chien-Pao\n|-immune|p1a: Chien-Pao\n|move|p1b: Tornadus|Taunt|p2b: Glimmora\n|-start|p2b: Glimmora|move: Taunt\n|move|p1a: Chien-Pao|Ice Spinner|p2a: Iron Hands\n|-damage|p2a: Iron Hands|62\/100\n|move|p2b: Glimmora|Mortal Spin|p1a: Chien-Pao|[spread] p1a,p1b\n|-resisted|p1a: Chien-Pao\n|-damage|p1a: Chien-Pao|98\/100\n|-damage|p1b: Tornadus|93\/100\n|-status|p1a: Chien-Pao|psn\n|-status|p1b: Tornadus|psn\n|-damage|p2b: Glimmora|84\/100|[from] item: Rocky Helmet|[of] p1b: Tornadus\n|\n|-damage|p1a: Chien-Pao|86\/100 psn|[from] psn\n|-damage|p1b: Tornadus|80\/100 psn|[from] psn\n|upkeep\n|turn|2\n|\n|t:|1699227784\n|-end|p2a: Iron Hands|Quark Drive|[silent]\n|switch|p2a: Goodra|Goodra-Hisui, M|100\/100\n|move|p1a: Chien-Pao|Ice Spinner|p2a: Goodra\n|-damage|p2a: Goodra|62\/100\n|move|p2b: Glimmora|Sludge Bomb|p1b: Tornadus\n|-damage|p1b: Tornadus|41\/100 psn\n|move|p1b: Tornadus|Bleakwind Storm|p2b: Glimmora|[spread] p2b\n|-miss|p1b: Tornadus|p2a: Goodra\n|-resisted|p2b: Glimmora\n|-damage|p2b: Glimmora|64\/100\n|\n|-heal|p2a: Goodra|68\/100|[from] item: Leftovers\n|-damage|p1a: Chien-Pao|73\/100 psn|[from] psn\n|-damage|p1b: Tornadus|29\/100 psn|[from] psn\n|upkeep\n|turn|3\n|\n|t:|1699227816\n|move|p1b: Tornadus|Tailwind|p1b: Tornadus\n|-sidestart|p1: VioletStargazer|move: Tailwind\n|move|p1a: Chien-Pao|Ice Spinner|p2a: Goodra\n|-damage|p2a: Goodra|31\/100\n|move|p2b: Glimmora|Sludge Bomb|p1b: Tornadus\n|-crit|p1b: Tornadus\n|-damage|p1b: Tornadus|0 fnt\n|faint|p1b: Tornadus\n|move|p2a: Goodra|Heavy Slam|p1a: Chien-Pao\n|-damage|p1a: Chien-Pao|45\/100 psn\n|\n|-heal|p2a: Goodra|37\/100|[from] item: Leftovers\n|-damage|p1a: Chien-Pao|33\/100 psn|[from] psn\n|-end|p2b: Glimmora|move: Taunt\n|upkeep\n|\n|t:|1699227834\n|switch|p1b: Ursaluna|Ursaluna-Bloodmoon, M|100\/100\n|turn|4\n|\n|t:|1699227846\n|move|p2a: Goodra|Protect|p2a: Goodra\n|-singleturn|p2a: Goodra|Protect\n|move|p1a: Chien-Pao|Ice Spinner|p2a: Goodra\n|-activate|p2a: Goodra|move: Protect\n|move|p2b: Glimmora|Toxic|p1b: Ursaluna\n|-status|p1b: Ursaluna|tox\n|move|p1b: Ursaluna|Earth Power|p2b: Glimmora\n|-supereffective|p2b: Glimmora\n|-damage|p2b: Glimmora|0 fnt\n|faint|p2b: Glimmora\n|\n|-heal|p2a: Goodra|43\/100|[from] item: Leftovers\n|-damage|p1a: Chien-Pao|21\/100 psn|[from] psn\n|-damage|p1b: Ursaluna|94\/100 tox|[from] psn\n|upkeep\n|\n|t:|1699227883\n|switch|p2b: Iron Hands|Iron Hands|62\/100\n|turn|5\n|inactive|Battle timer is ON: inactive players will automatically lose when time's up. (requested by VioletStargazer)\n|\n|t:|1699227892\n|move|p1b: Ursaluna|Protect|p1b: Ursaluna\n|-singleturn|p1b: Ursaluna|Protect\n|move|p2b: Iron Hands|Fake Out|p1b: Ursaluna\n|-activate|p1b: Ursaluna|move: Protect\n|move|p1a: Chien-Pao|Ice Spinner|p2b: Iron Hands\n|-damage|p2b: Iron Hands|26\/100\n|move|p2a: Goodra|Heavy Slam|p1a: Chien-Pao\n|-damage|p1a: Chien-Pao|0 fnt\n|faint|p1a: Chien-Pao\n|\n|-heal|p1b: Ursaluna|100\/100 tox|[from] item: Leftovers\n|-heal|p2a: Goodra|50\/100|[from] item: Leftovers\n|-damage|p1b: Ursaluna|88\/100 tox|[from] psn\n|upkeep\n|\n|t:|1699227909\n|switch|p1a: Roaring Moon|Roaring Moon|100\/100\n|-enditem|p1a: Roaring Moon|Booster Energy\n|-activate|p1a: Roaring Moon|ability: Protosynthesis|[fromitem]\n|-start|p1a: Roaring Moon|protosynthesisatk\n|turn|6\n|\n|t:|1699227937\n|-end|p2b: Iron Hands|Quark Drive|[silent]\n|switch|p2b: Landorus|Landorus-Therian, M|100\/100\n|-ability|p2b: Landorus|Intimidate|boost\n|-unboost|p1a: Roaring Moon|atk|1\n|-unboost|p1b: Ursaluna|atk|1\n|move|p2a: Goodra|Protect|p2a: Goodra\n|-singleturn|p2a: Goodra|Protect\n|move|p1a: Roaring Moon|Earthquake|p2b: Landorus|[spread] p1b\n|-activate|p2a: Goodra|move: Protect\n|-immune|p2b: Landorus\n|-damage|p1b: Ursaluna|72\/100 tox\n|move|p1b: Ursaluna|Moonlight|p1b: Ursaluna\n|-heal|p1b: Ursaluna|100\/100 tox\n|\n|-heal|p2a: Goodra|56\/100|[from] item: Leftovers\n|-damage|p1b: Ursaluna|82\/100 tox|[from] psn\n|-sideend|p1: VioletStargazer|move: Tailwind\n|upkeep\n|turn|7\n|inactive|porpoiseQueen has 120 seconds left.\n|\n|t:|1699227972\n|-terastallize|p2a: Goodra|Water\n|move|p1a: Roaring Moon|Knock Off|p2b: Landorus\n|-damage|p2b: Landorus|54\/100\n|-enditem|p2b: Landorus|Sitrus Berry|[from] move: Knock Off|[of] p1a: Roaring Moon\n|move|p2b: Landorus|Taunt|p1b: Ursaluna\n|-start|p1b: Ursaluna|move: Taunt\n|move|p2a: Goodra|Acid Armor|p2a: Goodra\n|-boost|p2a: Goodra|def|2\n|move|p1b: Ursaluna|Blood Moon|p2b: Landorus\n|-crit|p2b: Landorus\n|-damage|p2b: Landorus|0 fnt\n|faint|p2b: Landorus\n|\n|-heal|p2a: Goodra|62\/100|[from] item: Leftovers\n|-heal|p1b: Ursaluna|88\/100 tox|[from] item: Leftovers\n|-damage|p1b: Ursaluna|64\/100 tox|[from] psn\n|upkeep\n|inactive|porpoiseQueen has 120 seconds left.\n|\n|t:|1699227988\n|switch|p2b: Flutter Mane|Flutter Mane|100\/100\n|turn|8\n|inactive|porpoiseQueen has 120 seconds left.\n|\n|t:|1699228010\n|-end|p2b: Flutter Mane|Protosynthesis|[silent]\n|switch|p2b: Iron Hands|Iron Hands|26\/100\n|move|p1a: Roaring Moon|Knock Off|p2b: Iron Hands\n|-resisted|p2b: Iron Hands\n|-damage|p2b: Iron Hands|9\/100\n|-enditem|p2b: Iron Hands|Assault Vest|[from] move: Knock Off|[of] p1a: Roaring Moon\n|move|p2a: Goodra|Body Press|p1a: Roaring Moon\n|-supereffective|p1a: Roaring Moon\n|-damage|p1a: Roaring Moon|0 fnt\n|faint|p1a: Roaring Moon\n|-end|p1a: Roaring Moon|Protosynthesis|[silent]\n|move|p1b: Ursaluna|Earth Power|p2a: Goodra\n|-damage|p2a: Goodra|28\/100\n|-unboost|p2a: Goodra|spd|1\n|\n|-heal|p2a: Goodra|34\/100|[from] item: Leftovers\n|-heal|p1b: Ursaluna|70\/100 tox|[from] item: Leftovers\n|-damage|p1b: Ursaluna|40\/100 tox|[from] psn\n|upkeep\n|\n|t:|1699228030\n|switch|p1a: Ogerpon|Ogerpon-Wellspring, F|100\/100\n|turn|9\n|\n|t:|1699228052\n|move|p2b: Iron Hands|Fake Out|p1a: Ogerpon\n|-damage|p1a: Ogerpon|84\/100\n|cant|p1a: Ogerpon|flinch\n|move|p2a: Goodra|Heavy Slam|p1a: Ogerpon\n|-resisted|p1a: Ogerpon\n|-damage|p1a: Ogerpon|63\/100\n|move|p1b: Ursaluna|Blood Moon|p2a: Goodra\n|-damage|p2a: Goodra|0 fnt\n|faint|p2a: Goodra\n|\n|-heal|p1b: Ursaluna|46\/100 tox|[from] item: Leftovers\n|-damage|p1b: Ursaluna|10\/100 tox|[from] psn\n|-end|p1b: Ursaluna|move: Taunt\n|upkeep\n|inactive|porpoiseQueen has 120 seconds left.\n|\n|t:|1699228067\n|switch|p2a: Flutter Mane|Flutter Mane|100\/100\n|turn|10\n|\n|t:|1699228083\n|move|p2a: Flutter Mane|Dazzling Gleam|p1b: Ursaluna|[spread] p1a,p1b\n|-damage|p1a: Ogerpon|21\/100\n|-damage|p1b: Ursaluna|0 fnt\n|faint|p1b: Ursaluna\n|move|p1a: Ogerpon|Horn Leech|p2b: Iron Hands\n|-damage|p2b: Iron Hands|0 fnt\n|-heal|p1a: Ogerpon|26\/100|[from] drain|[of] p2b: Iron Hands\n|faint|p2b: Iron Hands\n|-end|p2b: Iron Hands|Quark Drive|[silent]\n|\n|upkeep\n|\n|t:|1699228095\n|switch|p1b: Heatran|Heatran, M|100\/100\n|switch|p2b: Chi-Yu|Chi-Yu|100\/100\n|-ability|p2b: Chi-Yu|Beads of Ruin\n|turn|11\n|\n|t:|1699228105\n|move|p1a: Ogerpon|Spiky Shield|p1a: Ogerpon\n|-singleturn|p1a: Ogerpon|move: Protect\n|move|p2a: Flutter Mane|Dazzling Gleam|p1a: Ogerpon|[spread] p1b\n|-activate|p1a: Ogerpon|move: Protect\n|-resisted|p1b: Heatran\n|-damage|p1b: Heatran|92\/100\n|move|p2b: Chi-Yu|Dark Pulse|p1b: Heatran\n|-damage|p1b: Heatran|44\/100\n|move|p1b: Heatran|Heat Wave|p2b: Chi-Yu|[spread] \n|-miss|p1b: Heatran|p2a: Flutter Mane\n|-miss|p1b: Heatran|p2b: Chi-Yu\n|\n|upkeep\n|turn|12\n|c|\u2606porpoiseQueen|oof\n|\n|t:|1699228125\n|move|p2a: Flutter Mane|Dazzling Gleam|p1a: Ogerpon|[spread] p1a,p1b\n|-resisted|p1b: Heatran\n|-damage|p1a: Ogerpon|0 fnt\n|-damage|p1b: Heatran|35\/100\n|faint|p1a: Ogerpon\n|move|p2b: Chi-Yu|Dark Pulse|p1b: Heatran\n|-damage|p1b: Heatran|0 fnt\n|faint|p1b: Heatran\n|\n|win|porpoiseQueen\n|raw|VioletStargazer's rating: 1507 &rarr; <strong>1484<\/strong><br \/>(-23 for losing)\n|raw|porpoiseQueen's rating: 1454 &rarr; <strong>1477<\/strong><br \/>(+23 for winning)\n|l|\u2606VioletStargazer\n|c|\u2606porpoiseQueen|gg\n","uploadtime":1699228142,"views":8,"p1id":"violetstargazer","p2id":"porpoisequeen","formatid":"gen9doublesou","rating":1477,"private":0,"password":""}