{"id":"gen9doublesou-1998803194","p1":"stgamezz","p2":"buddhist ameba","format":"[Gen 9] Doubles OU","log":"|j|\u2606stgamezz\n|j|\u2606buddhist ameba\n|t:|1700994134\n|gametype|doubles\n|player|p1|stgamezz|emmet|1504\n|player|p2|buddhist ameba|1|1649\n|teamsize|p1|6\n|teamsize|p2|6\n|gen|9\n|tier|[Gen 9] Doubles OU\n|rated|\n|rule|Species Clause: Limit one of each Pok\u00e9mon\n|rule|OHKO Clause: OHKO moves are banned\n|rule|Evasion Moves Clause: Evasion moves are banned\n|rule|Gravity Sleep Clause: The combination of sleep-inducing moves with imperfect accuracy and Gravity or Gigantamax Orbeetle are banned\n|rule|Endless Battle Clause: Forcing endless battles is banned\n|rule|HP Percentage Mod: HP is shown in percentages\n|clearpoke\n|poke|p1|Farigiraf, M|\n|poke|p1|Ursaluna, M|\n|poke|p1|Iron Hands|\n|poke|p1|Sinistcha|\n|poke|p1|Landorus-Therian, M|\n|poke|p1|Sylveon, F|\n|poke|p2|Rillaboom, M|\n|poke|p2|Iron Bundle|\n|poke|p2|Chi-Yu|\n|poke|p2|Diancie|\n|poke|p2|Ninetales-Alola, F|\n|poke|p2|Heatran, M|\n|teampreview\n|inactive|Battle timer is ON: inactive players will automatically lose when time's up. (requested by buddhist ameba)\n|c|\u2606buddhist ameba|glhf\n|c|\u2606stgamezz|glhf\n|c|\u2606buddhist ameba|ty\n|\n|t:|1700994157\n|start\n|switch|p1a: Farigiraf|Farigiraf, M|100\/100\n|switch|p1b: Landorus|Landorus-Therian, M|100\/100\n|switch|p2a: Diancie|Diancie|100\/100\n|switch|p2b: Chi-Yu|Chi-Yu|100\/100\n|-ability|p2b: Chi-Yu|Beads of Ruin\n|-ability|p1b: Landorus|Intimidate|boost\n|-fail|p2a: Diancie|unboost|[from] ability: Clear Body|[of] p2a: Diancie\n|-unboost|p2b: Chi-Yu|atk|1\n|turn|1\n|inactive|buddhist ameba has 120 seconds left.\n|c|\u2606stgamezz|ok im gambling here\n|\n|t:|1700994196\n|-terastallize|p1a: Farigiraf|Fairy\n|-terastallize|p2a: Diancie|Grass\n|move|p2b: Chi-Yu|Heat Wave|p1a: Farigiraf|[spread] p1a\n|-miss|p2b: Chi-Yu|p1b: Landorus\n|-damage|p1a: Farigiraf|16\/100\n|move|p1b: Landorus|Earthquake|p2a: Diancie|[spread] p1a,p2a,p2b\n|-resisted|p2a: Diancie\n|-supereffective|p2b: Chi-Yu\n|-damage|p1a: Farigiraf|0 fnt\n|-damage|p2a: Diancie|85\/100\n|-damage|p2b: Chi-Yu|0 fnt\n|faint|p1a: Farigiraf\n|faint|p2b: Chi-Yu\n|move|p2a: Diancie|Diamond Storm|p1b: Landorus\n|-damage|p1b: Landorus|46\/100\n|-boost|p2a: Diancie|def|2\n|\n|upkeep\n|c|\u2606stgamezz|shit\n|inactive|buddhist ameba has 120 seconds left.\n|c|\u2606stgamezz|lost the gamble\n|c|\u2606buddhist ameba|tough\n|\n|t:|1700994239\n|switch|p2b: Ninetales|Ninetales-Alola, F|100\/100\n|switch|p1a: Sylveon|Sylveon, F|100\/100\n|-weather|Snow|[from] ability: Snow Warning|[of] p2b: Ninetales\n|turn|2\n|inactive|buddhist ameba has 120 seconds left.\n|\n|t:|1700994250\n|move|p2b: Ninetales|Aurora Veil|p2b: Ninetales\n|-sidestart|p2: buddhist ameba|move: Aurora Veil\n|move|p1b: Landorus|U-turn|p2a: Diancie\n|-supereffective|p2a: Diancie\n|-damage|p2a: Diancie|72\/100\n|-enditem|p2a: Diancie|Weakness Policy\n|-boost|p2a: Diancie|atk|2|[from] item: Weakness Policy\n|-boost|p2a: Diancie|spa|2|[from] item: Weakness Policy\n|\n|t:|1700994261\n|switch|p1b: Iron Hands|Iron Hands|100\/100|[from] U-turn\n|move|p1a: Sylveon|Hyper Voice|p2a: Diancie|[spread] p2a,p2b\n|-crit|p2a: Diancie\n|-damage|p2a: Diancie|25\/100\n|-damage|p2b: Ninetales|67\/100\n|-enditem|p1a: Sylveon|Throat Spray\n|-boost|p1a: Sylveon|spa|1|[from] item: Throat Spray\n|move|p2a: Diancie|Diamond Storm|p1b: Iron Hands|[spread] p1a,p1b\n|-crit|p1a: Sylveon\n|-resisted|p1b: Iron Hands\n|-damage|p1a: Sylveon|0 fnt\n|-damage|p1b: Iron Hands|80\/100\n|-boost|p2a: Diancie|def|2\n|faint|p1a: Sylveon\n|\n|-weather|Snow|[upkeep]\n|upkeep\n|inactive|stgamezz has 120 seconds left.\n|\n|t:|1700994289\n|switch|p1a: Ursaluna|Ursaluna, M, shiny|100\/100\n|turn|3\n|inactive|stgamezz has 120 seconds left.\n|\n|t:|1700994311\n|move|p1b: Iron Hands|Fake Out|p2a: Diancie\n|-damage|p2a: Diancie|23\/100\n|move|p2b: Ninetales|Blizzard|p1a: Ursaluna|[spread] p1a,p1b\n|-supereffective|p1a: Ursaluna\n|-damage|p1a: Ursaluna|48\/100\n|-damage|p1b: Iron Hands|62\/100\n|cant|p2a: Diancie|flinch\n|move|p1a: Ursaluna|Facade|p2a: Diancie\n|-damage|p2a: Diancie|15\/100\n|\n|-weather|Snow|[upkeep]\n|-status|p1a: Ursaluna|brn|[from] item: Flame Orb\n|upkeep\n|turn|4\n|\n|t:|1700994331\n|-end|p1b: Iron Hands|Quark Drive|[silent]\n|switch|p1b: Sinistcha|Sinistcha|100\/100\n|-heal|p1a: Ursaluna|73\/100 brn|[from] ability: Hospitality|[of] p1b: Sinistcha\n|move|p2b: Ninetales|Blizzard|p1b: Sinistcha|[spread] p1a,p1b\n|-supereffective|p1a: Ursaluna\n|-supereffective|p1b: Sinistcha\n|-damage|p1a: Ursaluna|16\/100 brn\n|-damage|p1b: Sinistcha|31\/100\n|move|p2a: Diancie|Play Rough|p1b: Sinistcha\n|-damage|p1b: Sinistcha|0 fnt\n|-damage|p2a: Diancie|0 fnt|[from] item: Rocky Helmet|[of] p1b: Sinistcha\n|faint|p1b: Sinistcha\n|faint|p2a: Diancie\n|move|p1a: Ursaluna|Earthquake|p2b: Ninetales\n|-damage|p2b: Ninetales|6\/100\n|\n|-weather|Snow|[upkeep]\n|-damage|p1a: Ursaluna|10\/100 brn|[from] brn\n|upkeep\n|\n|t:|1700994349\n|switch|p1b: Iron Hands|Iron Hands|62\/100\n|switch|p2a: Rillaboom|Rillaboom, M|100\/100\n|-fieldstart|move: Grassy Terrain|[from] ability: Grassy Surge|[of] p2a: Rillaboom\n|turn|5\n|\n|t:|1700994359\n|move|p2a: Rillaboom|Fake Out|p1b: Iron Hands\n|-crit|p1b: Iron Hands\n|-damage|p1b: Iron Hands|49\/100\n|cant|p1b: Iron Hands|flinch\n|move|p2b: Ninetales|Blizzard|p1b: Iron Hands|[spread] p1a,p1b\n|-supereffective|p1a: Ursaluna\n|-damage|p1a: Ursaluna|0 fnt\n|-damage|p1b: Iron Hands|31\/100\n|faint|p1a: Ursaluna\n|\n|-weather|Snow|[upkeep]\n|-heal|p2b: Ninetales|12\/100|[from] Grassy Terrain\n|-heal|p1b: Iron Hands|37\/100|[from] Grassy Terrain\n|upkeep\n|c|\u2606stgamezz|gg\n|c|\u2606buddhist ameba|gg\n|\n|t:|1700994372\n|switch|p1a: Landorus|Landorus-Therian, M|46\/100\n|-ability|p1a: Landorus|Intimidate|boost\n|-unboost|p2a: Rillaboom|atk|1\n|-unboost|p2b: Ninetales|atk|1\n|turn|6\n|\n|t:|1700994383\n|move|p2b: Ninetales|Blizzard|p1b: Iron Hands|[spread] p1a,p1b\n|-supereffective|p1a: Landorus\n|-damage|p1a: Landorus|0 fnt\n|-damage|p1b: Iron Hands|20\/100\n|faint|p1a: Landorus\n|move|p2a: Rillaboom|Wood Hammer|p1b: Iron Hands\n|-damage|p1b: Iron Hands|0 fnt\n|faint|p1b: Iron Hands\n|-end|p1b: Iron Hands|Quark Drive|[silent]\n|-damage|p2a: Rillaboom|92\/100|[from] Recoil\n|\n|win|buddhist ameba\n|raw|stgamezz's rating: 1504 &rarr; <strong>1492<\/strong><br \/>(-12 for losing)\n|raw|buddhist ameba's rating: 1649 &rarr; <strong>1661<\/strong><br \/>(+12 for winning)\n|l|\u2606stgamezz\n","uploadtime":1700994402,"views":8,"p1id":"stgamezz","p2id":"buddhistameba","formatid":"gen9doublesou","rating":1492,"private":0,"password":""}