{"id":"gen9doublesou-1993149297","p1":"Gaymer Magic","p2":"dphoenix84","format":"[Gen 9] Doubles OU","log":"|j|\u2606Gaymer Magic\n|j|\u2606dphoenix84\n|t:|1700270716\n|gametype|doubles\n|player|p1|Gaymer Magic|170|\n|player|p2|dphoenix84|brycen|\n|teamsize|p1|6\n|teamsize|p2|6\n|gen|9\n|tier|[Gen 9] Doubles OU\n|rule|Species Clause: Limit one of each Pok\u00e9mon\n|rule|OHKO Clause: OHKO moves are banned\n|rule|Evasion Moves Clause: Evasion moves are banned\n|rule|Gravity Sleep Clause: The combination of sleep-inducing moves with imperfect accuracy and Gravity or Gigantamax Orbeetle are banned\n|rule|Endless Battle Clause: Forcing endless battles is banned\n|rule|HP Percentage Mod: HP is shown in percentages\n|clearpoke\n|poke|p1|Torkoal, M|\n|poke|p1|Typhlosion-Hisui, M|\n|poke|p1|Roaring Moon|\n|poke|p1|Mismagius, F|\n|poke|p1|Electrode-Hisui|\n|poke|p1|Quaquaval, M|\n|poke|p2|Ninetales-Alola, M|\n|poke|p2|Sandslash-Alola, M|\n|poke|p2|Brute Bonnet|\n|poke|p2|Sableye, M|\n|poke|p2|Inteleon, M|\n|poke|p2|Decidueye, M|\n|teampreview\n|j| ogcrimmson\n|l| ogcrimmson\n|\n|t:|1700270770\n|start\n|switch|p1a: Moon Fall|Roaring Moon|100\/100\n|switch|p1b: Roll Out!!!|Electrode-Hisui|100\/100\n|switch|p2a: Ninetales|Ninetales-Alola, M, shiny|100\/100\n|switch|p2b: Sableye|Sableye, M, shiny|100\/100\n|-weather|Snow|[from] ability: Snow Warning|[of] p2a: Ninetales\n|-enditem|p1a: Moon Fall|Booster Energy\n|-activate|p1a: Moon Fall|ability: Protosynthesis|[fromitem]\n|-start|p1a: Moon Fall|protosynthesisatk\n|turn|1\n|\n|t:|1700270827\n|-end|p1a: Moon Fall|Protosynthesis|[silent]\n|switch|p1a: Dread Fire|Typhlosion-Hisui, M|100\/100\n|-terastallize|p1b: Roll Out!!!|Ice\n|move|p2b: Sableye|Protect|p2b: Sableye\n|-singleturn|p2b: Sableye|Protect\n|move|p2a: Ninetales|Protect|p2a: Ninetales\n|-singleturn|p2a: Ninetales|Protect\n|move|p1b: Roll Out!!!|Volt Switch|p2a: Ninetales\n|-activate|p2a: Ninetales|move: Protect\n|\n|-weather|Snow|[upkeep]\n|upkeep\n|turn|2\n|\n|t:|1700270892\n|move|p2b: Sableye|Rain Dance|p2b: Sableye\n|-weather|RainDance\n|move|p1b: Roll Out!!!|Volt Switch|p2a: Ninetales\n|-damage|p2a: Ninetales|49\/100\n|j| ogcrimmson\n|\n|t:|1700270902\n|switch|p1b: Global Warming|Torkoal, M|100\/100|[from] Volt Switch\n|-weather|SunnyDay|[from] ability: Drought|[of] p1b: Global Warming\n|move|p2a: Ninetales|Dark Pulse|p1a: Dread Fire\n|-supereffective|p1a: Dread Fire\n|-damage|p1a: Dread Fire|32\/100\n|-damage|p2a: Ninetales|39\/100|[from] item: Life Orb\n|move|p1a: Dread Fire|Eruption|p2b: Sableye|[spread] p2a,p2b\n|-supereffective|p2a: Ninetales\n|-damage|p2a: Ninetales|0 fnt\n|-damage|p2b: Sableye|31\/100\n|faint|p2a: Ninetales\n|-enditem|p2b: Sableye|Eject Button\n|\n|t:|1700270916\n|switch|p2b: Inteleon|Inteleon, M, shiny|100\/100\n|\n|-weather|SunnyDay|[upkeep]\n|upkeep\n|\n|t:|1700270943\n|switch|p2a: Decidueye|Decidueye, M, shiny|100\/100\n|turn|3\n|\n|t:|1700270971\n|move|p1a: Dread Fire|Protect|p1a: Dread Fire\n|-singleturn|p1a: Dread Fire|Protect\n|move|p2b: Inteleon|Water Pledge|p1a: Dread Fire\n|-waiting|p2b: Inteleon|p2a: Decidueye\n|move|p2a: Decidueye|Grass Pledge|p1a: Dread Fire|[from]move: Water Pledge\n|-activate|p1a: Dread Fire|move: Protect\n|move|p1b: Global Warming|Yawn|p2b: Inteleon\n|-start|p2b: Inteleon|move: Yawn|[of] p1b: Global Warming\n|\n|-weather|SunnyDay|[upkeep]\n|upkeep\n|turn|4\n|\n|t:|1700271026\n|move|p1b: Global Warming|Protect|p1b: Global Warming\n|-singleturn|p1b: Global Warming|Protect\n|move|p2b: Inteleon|Water Pledge|p1b: Global Warming\n|-waiting|p2b: Inteleon|p2a: Decidueye\n|move|p2a: Decidueye|Grass Pledge|p1b: Global Warming|[from]move: Water Pledge\n|-activate|p1b: Global Warming|move: Protect\n|move|p1a: Dread Fire|Heat Wave|p2b: Inteleon|[spread] p2a,p2b\n|-supereffective|p2a: Decidueye\n|-resisted|p2b: Inteleon\n|-damage|p2a: Decidueye|0 fnt\n|-damage|p2b: Inteleon|19\/100\n|faint|p2a: Decidueye\n|\n|-weather|SunnyDay|[upkeep]\n|-end|p2b: Inteleon|move: Yawn|[silent]\n|-status|p2b: Inteleon|slp\n|upkeep\n|\n|t:|1700271071\n|switch|p2a: Brute Bonnet|Brute Bonnet, shiny|100\/100\n|-activate|p2a: Brute Bonnet|ability: Protosynthesis\n|-start|p2a: Brute Bonnet|protosynthesisatk\n|turn|5\n|\n|t:|1700271091\n|switch|p2b: Sableye|Sableye, M, shiny|31\/100\n|move|p1a: Dread Fire|Protect|p1a: Dread Fire\n|-singleturn|p1a: Dread Fire|Protect\n|move|p2a: Brute Bonnet|Spore|p1a: Dread Fire\n|-activate|p1a: Dread Fire|move: Protect\n|move|p1b: Global Warming|Overheat|p2a: Brute Bonnet\n|-supereffective|p2a: Brute Bonnet\n|-damage|p2a: Brute Bonnet|3\/100\n|-unboost|p1b: Global Warming|spa|2\n|-enditem|p1b: Global Warming|Eject Pack\n|\n|t:|1700271119\n|switch|p1b: Moon Fall|Roaring Moon|100\/100\n|-activate|p1b: Moon Fall|ability: Protosynthesis\n|-start|p1b: Moon Fall|protosynthesisatk\n|\n|-weather|SunnyDay|[upkeep]\n|upkeep\n|turn|6\n|\n|t:|1700271170\n|move|p2b: Sableye|Quash|p1b: Moon Fall\n|-hint|Since gen 7, Dark is immune to Prankster moves.\n|-immune|p1b: Moon Fall\n|move|p1b: Moon Fall|Dragon Dance|p1b: Moon Fall\n|-boost|p1b: Moon Fall|atk|1\n|-boost|p1b: Moon Fall|spe|1\n|move|p1a: Dread Fire|Eruption|p2b: Sableye|[spread] p2a,p2b\n|-supereffective|p2a: Brute Bonnet\n|-damage|p2a: Brute Bonnet|0 fnt\n|-damage|p2b: Sableye|0 fnt\n|faint|p2a: Brute Bonnet\n|-end|p2a: Brute Bonnet|Protosynthesis|[silent]\n|faint|p2b: Sableye\n|\n|-weather|none\n|-end|p1b: Moon Fall|Protosynthesis\n|upkeep\n|\n|t:|1700271184\n|switch|p2b: Inteleon|Inteleon, M, shiny|19\/100 slp\n|switch|p2a: Sandslash|Sandslash-Alola, M, shiny|100\/100\n|turn|7\n|\n|t:|1700271205\n|move|p1a: Dread Fire|Protect|p1a: Dread Fire\n|-singleturn|p1a: Dread Fire|Protect\n|move|p1b: Moon Fall|Earthquake|p2a: Sandslash|[spread] p2a,p2b\n|-activate|p1a: Dread Fire|move: Protect\n|-supereffective|p2a: Sandslash\n|-crit|p2a: Sandslash\n|-enditem|p2a: Sandslash|Focus Sash\n|-damage|p2a: Sandslash|1\/100\n|-damage|p2b: Inteleon|0 fnt\n|faint|p2b: Inteleon\n|move|p2a: Sandslash|Ice Punch|p1b: Moon Fall\n|-supereffective|p1b: Moon Fall\n|-damage|p1b: Moon Fall|14\/100\n|\n|upkeep\n|turn|8\n|\n|t:|1700271225\n|move|p1b: Moon Fall|Crunch|p2a: Sandslash\n|-damage|p2a: Sandslash|0 fnt\n|faint|p2a: Sandslash\n|\n|win|Gaymer Magic\n|l|\u2606dphoenix84\n","uploadtime":1700271262,"views":20,"p1id":"gaymermagic","p2id":"dphoenix84","formatid":"gen9doublesou","rating":0,"private":0,"password":""}