{"id":"gen9doublesou-1987577943","p1":"pikeryer","p2":"zzcabc","format":"[Gen 9] Doubles OU","log":"|j|\u2606pikeryer\n|j|\u2606zzcabc\n|t:|1699614767\n|gametype|doubles\n|player|p1|pikeryer|dawn|1489\n|player|p2|zzcabc|170|1479\n|teamsize|p1|6\n|teamsize|p2|6\n|gen|9\n|tier|[Gen 9] Doubles OU\n|rated|\n|rule|Species Clause: Limit one of each Pok\u00e9mon\n|rule|OHKO Clause: OHKO moves are banned\n|rule|Evasion Moves Clause: Evasion moves are banned\n|rule|Gravity Sleep Clause: The combination of sleep-inducing moves with imperfect accuracy and Gravity or Gigantamax Orbeetle are banned\n|rule|Endless Battle Clause: Forcing endless battles is banned\n|rule|HP Percentage Mod: HP is shown in percentages\n|clearpoke\n|poke|p1|Ninetales-Alola, M|\n|poke|p1|Arcanine-Hisui, M|\n|poke|p1|Sinistcha-Masterpiece|\n|poke|p1|Iron Hands|\n|poke|p1|Flutter Mane|\n|poke|p1|Landorus, M|\n|poke|p2|Tornadus, M|\n|poke|p2|Chien-Pao|\n|poke|p2|Landorus-Therian, M|\n|poke|p2|Flutter Mane|\n|poke|p2|Iron Hands|\n|poke|p2|Heatran, M|\n|teampreview\n|inactive|Battle timer is ON: inactive players will automatically lose when time's up. (requested by pikeryer)\n|\n|t:|1699614795\n|start\n|switch|p1a: Sinistcha|Sinistcha-Masterpiece, shiny|100\/100\n|switch|p1b: Arcanine|Arcanine-Hisui, M, shiny|100\/100\n|switch|p2a: Heatran|Heatran, M|100\/100\n|switch|p2b: Iron Hands|Iron Hands|100\/100\n|-ability|p1b: Arcanine|Intimidate|boost\n|-unboost|p2a: Heatran|atk|1\n|-unboost|p2b: Iron Hands|atk|1\n|turn|1\n|\n|t:|1699614820\n|switch|p1a: Iron Hands|Iron Hands|100\/100\n|move|p1b: Arcanine|Rock Slide|p2b: Iron Hands|[spread] p2a,p2b\n|-crit|p2a: Heatran\n|-resisted|p2b: Iron Hands\n|-damage|p2a: Heatran|42\/100\n|-damage|p2b: Iron Hands|86\/100\n|move|p2a: Heatran|Heat Wave|p1a: Iron Hands|[spread] p1a,p1b\n|-resisted|p1b: Arcanine\n|-damage|p1a: Iron Hands|76\/100\n|-damage|p1b: Arcanine|90\/100\n|move|p2b: Iron Hands|Drain Punch|p1b: Arcanine\n|-supereffective|p1b: Arcanine\n|-damage|p1b: Arcanine|34\/100\n|-heal|p2b: Iron Hands|100\/100|[from] drain|[of] p1b: Arcanine\n|\n|-heal|p2a: Heatran|48\/100|[from] item: Leftovers\n|upkeep\n|turn|2\n|inactive|pikeryer has 120 seconds left.\n|\n|t:|1699614859\n|switch|p1b: Flutter Mane|Flutter Mane|100\/100\n|-enditem|p1b: Flutter Mane|Booster Energy\n|-activate|p1b: Flutter Mane|ability: Protosynthesis|[fromitem]\n|-start|p1b: Flutter Mane|protosynthesisspa\n|-end|p2b: Iron Hands|Quark Drive|[silent]\n|switch|p2b: Landorus|Landorus-Therian, M, shiny|100\/100\n|-ability|p2b: Landorus|Intimidate|boost\n|-unboost|p1a: Iron Hands|atk|1\n|-unboost|p1b: Flutter Mane|atk|1\n|move|p2a: Heatran|Protect|p2a: Heatran\n|-singleturn|p2a: Heatran|Protect\n|move|p1a: Iron Hands|Drain Punch|p2a: Heatran\n|-activate|p2a: Heatran|move: Protect\n|\n|-heal|p2a: Heatran|54\/100|[from] item: Leftovers\n|upkeep\n|turn|3\n|inactive|pikeryer has 120 seconds left.\n|\n|t:|1699614885\n|-end|p1a: Iron Hands|Quark Drive|[silent]\n|switch|p1a: Arcanine|Arcanine-Hisui, M, shiny|34\/100\n|-ability|p1a: Arcanine|Intimidate|boost\n|-unboost|p2a: Heatran|atk|1\n|-unboost|p2b: Landorus|atk|1\n|-terastallize|p2a: Heatran|Grass\n|move|p1b: Flutter Mane|Shadow Ball|p2a: Heatran\n|-crit|p2a: Heatran\n|-damage|p2a: Heatran|0 fnt\n|faint|p2a: Heatran\n|move|p2b: Landorus|Stomping Tantrum|p1a: Arcanine\n|-supereffective|p1a: Arcanine\n|-damage|p1a: Arcanine|0 fnt\n|faint|p1a: Arcanine\n|\n|upkeep\n|inactive|pikeryer has 120 seconds left.\n|\n|t:|1699614910\n|switch|p1a: Ninetales|Ninetales-Alola, M|100\/100\n|switch|p2a: Tornadus|Tornadus, M|100\/100\n|-weather|Snow|[from] ability: Snow Warning|[of] p1a: Ninetales\n|turn|4\n|\n|t:|1699614930\n|switch|p2b: Iron Hands|Iron Hands|100\/100\n|move|p2a: Tornadus|Taunt|p1a: Ninetales\n|-start|p1a: Ninetales|move: Taunt\n|move|p1b: Flutter Mane|Dazzling Gleam|p2b: Iron Hands|[spread] p2a,p2b\n|-supereffective|p2b: Iron Hands\n|-damage|p2a: Tornadus|57\/100\n|-damage|p2b: Iron Hands|46\/100\n|move|p1a: Ninetales|Blizzard|p2b: Iron Hands|[spread] p2a,p2b\n|-supereffective|p2a: Tornadus\n|-damage|p2a: Tornadus|0 fnt\n|-damage|p2b: Iron Hands|28\/100\n|faint|p2a: Tornadus\n|\n|-weather|Snow|[upkeep]\n|upkeep\n|\n|t:|1699614942\n|switch|p2a: Flutter Mane|Flutter Mane|100\/100\n|turn|5\n|inactive|pikeryer has 120 seconds left.\n|\n|t:|1699614982\n|move|p2a: Flutter Mane|Shadow Ball|p1b: Flutter Mane\n|-supereffective|p1b: Flutter Mane\n|-damage|p1b: Flutter Mane|0 fnt\n|faint|p1b: Flutter Mane\n|-end|p1b: Flutter Mane|Protosynthesis|[silent]\n|move|p1a: Ninetales|Blizzard|p2a: Flutter Mane|[spread] p2a,p2b\n|-damage|p2a: Flutter Mane|67\/100\n|-damage|p2b: Iron Hands|10\/100\n|move|p2b: Iron Hands|Heavy Slam|p1a: Ninetales\n|-supereffective|p1a: Ninetales\n|-damage|p1a: Ninetales|0 fnt\n|faint|p1a: Ninetales\n|\n|-weather|Snow|[upkeep]\n|upkeep\n|\n|t:|1699614998\n|switch|p1b: Sinistcha|Sinistcha-Masterpiece, shiny|100\/100\n|switch|p1a: Landorus|Landorus, M|100\/100\n|turn|6\n|inactive|pikeryer has 120 seconds left.\n|\n|t:|1699615019\n|-terastallize|p1b: Sinistcha|Water\n|move|p2a: Flutter Mane|Shadow Ball|p1b: Sinistcha\n|-damage|p1b: Sinistcha|32\/100\n|move|p1a: Landorus|Sandsear Storm|p2a: Flutter Mane|[spread] p2a,p2b\n|-supereffective|p2b: Iron Hands\n|-damage|p2a: Flutter Mane|0 fnt\n|-damage|p2b: Iron Hands|0 fnt\n|faint|p2a: Flutter Mane\n|-end|p2a: Flutter Mane|Protosynthesis|[silent]\n|faint|p2b: Iron Hands\n|-end|p2b: Iron Hands|Quark Drive|[silent]\n|move|p1b: Sinistcha|Matcha Gotcha|p2: Flutter Mane|[notarget]\n|-fail|p1b: Sinistcha\n|\n|-weather|Snow|[upkeep]\n|upkeep\n|\n|t:|1699615029\n|switch|p2a: Chien-Pao|Chien-Pao|100\/100\n|switch|p2b: Landorus|Landorus-Therian, M, shiny|100\/100\n|-ability|p2a: Chien-Pao|Sword of Ruin\n|-ability|p2b: Landorus|Intimidate|boost\n|-unboost|p1a: Landorus|atk|1\n|-unboost|p1b: Sinistcha|atk|1\n|turn|7\n|\n|t:|1699615041\n|move|p1b: Sinistcha|Rage Powder|p1b: Sinistcha\n|-singleturn|p1b: Sinistcha|move: Rage Powder\n|move|p2a: Chien-Pao|Icicle Crash|p1b: Sinistcha\n|-resisted|p1b: Sinistcha\n|-damage|p1b: Sinistcha|3\/100\n|move|p2b: Landorus|Stomping Tantrum|p1b: Sinistcha\n|-damage|p1b: Sinistcha|0 fnt\n|-damage|p2b: Landorus|84\/100|[from] item: Rocky Helmet|[of] p1b: Sinistcha\n|faint|p1b: Sinistcha\n|move|p1a: Landorus|Sandsear Storm|p2a: Chien-Pao|[spread] p2a\n|-immune|p2b: Landorus\n|-enditem|p2a: Chien-Pao|Focus Sash\n|-damage|p2a: Chien-Pao|1\/100\n|\n|-weather|Snow|[upkeep]\n|upkeep\n|\n|t:|1699615053\n|switch|p1b: Iron Hands|Iron Hands|76\/100\n|turn|8\n|\n|t:|1699615063\n|move|p1b: Iron Hands|Fake Out|p2a: Chien-Pao\n|-damage|p2a: Chien-Pao|0 fnt\n|faint|p2a: Chien-Pao\n|move|p2b: Landorus|Stomping Tantrum|p1b: Iron Hands\n|-supereffective|p1b: Iron Hands\n|-damage|p1b: Iron Hands|23\/100\n|move|p1a: Landorus|Sludge Bomb|p2b: Landorus\n|-resisted|p2b: Landorus\n|-damage|p2b: Landorus|59\/100\n|\n|-weather|none\n|upkeep\n|turn|9\n|-message|zzcabc forfeited.\n|\n|win|pikeryer\n|raw|pikeryer's rating: 1489 &rarr; <strong>1507<\/strong><br \/>(+18 for winning)\n|raw|zzcabc's rating: 1459 &rarr; <strong>1441<\/strong><br \/>(-18 for losing)\n|l|\u2606zzcabc\n","uploadtime":1699615081,"views":5,"p1id":"pikeryer","p2id":"zzcabc","formatid":"gen9doublesou","rating":1441,"private":0,"password":""}