{"id":"gen9doublesou-1985204707","p1":"SuperAndroid99","p2":"Gray.wolf0415","format":"[Gen 9] Doubles OU","log":"|j|\u2606SuperAndroid99\n|j|\u2606Gray.wolf0415\n|t:|1699348348\n|gametype|doubles\n|player|p1|SuperAndroid99|170|1244\n|player|p2|Gray.wolf0415|101|1203\n|teamsize|p1|6\n|teamsize|p2|6\n|gen|9\n|tier|[Gen 9] Doubles OU\n|rated|\n|rule|Species Clause: Limit one of each Pok\u00e9mon\n|rule|OHKO Clause: OHKO moves are banned\n|rule|Evasion Moves Clause: Evasion moves are banned\n|rule|Gravity Sleep Clause: The combination of sleep-inducing moves with imperfect accuracy and Gravity or Gigantamax Orbeetle are banned\n|rule|Endless Battle Clause: Forcing endless battles is banned\n|rule|HP Percentage Mod: HP is shown in percentages\n|clearpoke\n|poke|p1|Bronzong|\n|poke|p1|Iron Hands|\n|poke|p1|Kingambit, F|\n|poke|p1|Skeledirge, F|\n|poke|p1|Flutter Mane|\n|poke|p1|Samurott-Hisui, F|\n|poke|p2|Trevenant, M|\n|poke|p2|Okidogi, M|\n|poke|p2|Garganacl, M|\n|poke|p2|Goodra-Hisui, M|\n|poke|p2|Kleavor, M|\n|poke|p2|Samurott-Hisui, M|\n|teampreview\n|\n|t:|1699348361\n|start\n|switch|p1a: Bronzong|Bronzong, shiny|100\/100\n|switch|p1b: Samurott|Samurott-Hisui, F|100\/100\n|switch|p2a: Garganacl|Garganacl, M, shiny|100\/100\n|switch|p2b: Trevenant|Trevenant, M, shiny|100\/100\n|turn|1\n|inactive|Battle timer is ON: inactive players will automatically lose when time's up. (requested by Gray.wolf0415)\n|\n|t:|1699348397\n|-terastallize|p2a: Garganacl|Bug\n|move|p1b: Samurott|Ceaseless Edge|p2b: Trevenant\n|-supereffective|p2b: Trevenant\n|-damage|p2b: Trevenant|0 fnt\n|-sidestart|p2: Gray.wolf0415|Spikes\n|faint|p2b: Trevenant\n|move|p2a: Garganacl|Salt Cure|p1a: Bronzong\n|-resisted|p1a: Bronzong\n|-damage|p1a: Bronzong|94\/100\n|-start|p1a: Bronzong|Salt Cure\n|move|p1a: Bronzong|Body Press|p2a: Garganacl\n|-resisted|p2a: Garganacl\n|-damage|p2a: Garganacl|93\/100\n|\n|-damage|p1a: Bronzong|69\/100|[from] Salt Cure\n|upkeep\n|\n|t:|1699348422\n|switch|p2b: Goodra|Goodra-Hisui, M, shiny|100\/100\n|-damage|p2b: Goodra|88\/100|[from] Spikes\n|turn|2\n|\n|t:|1699348445\n|move|p1b: Samurott|Ceaseless Edge|p2a: Garganacl|[miss]\n|-miss|p1b: Samurott|p2a: Garganacl\n|move|p2b: Goodra|Life Dew|p2b: Goodra|[spread] p2a,p2b\n|-heal|p2a: Garganacl|100\/100\n|-heal|p2b: Goodra|100\/100\n|move|p2a: Garganacl|Salt Cure|p1b: Samurott\n|-damage|p1b: Samurott|76\/100\n|-start|p1b: Samurott|Salt Cure\n|move|p1a: Bronzong|Body Press|p2b: Goodra\n|-supereffective|p2b: Goodra\n|-damage|p2b: Goodra|55\/100\n|-damage|p1a: Bronzong|52\/100|[from] item: Rocky Helmet|[of] p2b: Goodra\n|-ability|p2b: Goodra|Gooey\n|-unboost|p1a: Bronzong|spe|1\n|\n|-damage|p1b: Samurott|51\/100|[from] Salt Cure\n|-damage|p1a: Bronzong|27\/100|[from] Salt Cure\n|upkeep\n|turn|3\n|inactive|SuperAndroid99 has 120 seconds left.\n|\n|t:|1699348487\n|switch|p1b: Skeledirge|Skeledirge, F, shiny|100\/100\n|move|p2b: Goodra|Life Dew||[still]|[spread] p2a,p2b\n|-fail|p2a: Garganacl|heal\n|-heal|p2b: Goodra|80\/100\n|move|p2a: Garganacl|Body Press|p1b: Skeledirge\n|-immune|p1b: Skeledirge\n|move|p1a: Bronzong|Body Press|p2b: Goodra\n|-supereffective|p2b: Goodra\n|-crit|p2b: Goodra\n|-damage|p2b: Goodra|6\/100\n|-damage|p1a: Bronzong|11\/100|[from] item: Rocky Helmet|[of] p2b: Goodra\n|-ability|p2b: Goodra|Gooey\n|-unboost|p1a: Bronzong|spe|1\n|\n|-damage|p1a: Bronzong|0 fnt|[from] Salt Cure\n|faint|p1a: Bronzong\n|upkeep\n|inactive|SuperAndroid99 has 90 seconds left.\n|\n|t:|1699348535\n|switch|p1a: Samurott|Samurott-Hisui, F|51\/100\n|turn|4\n|inactive|SuperAndroid99 has 90 seconds left.\n|\n|t:|1699348551\n|switch|p2a: Samurott|Samurott-Hisui, M, shiny|100\/100\n|-damage|p2a: Samurott|88\/100|[from] Spikes\n|move|p1a: Samurott|Ceaseless Edge|p2b: Goodra\n|-damage|p2b: Goodra|0 fnt\n|-damage|p1a: Samurott|35\/100|[from] item: Rocky Helmet|[of] p2b: Goodra\n|-ability|p2b: Goodra|Gooey\n|-unboost|p1a: Samurott|spe|1\n|-sidestart|p2: Gray.wolf0415|Spikes\n|faint|p2b: Goodra\n|move|p1b: Skeledirge|Torch Song|p2a: Samurott\n|-resisted|p2a: Samurott\n|-damage|p2a: Samurott|73\/100\n|-boost|p1b: Skeledirge|spa|1\n|\n|upkeep\n|\n|t:|1699348570\n|switch|p2b: Okidogi|Okidogi, M|100\/100\n|-damage|p2b: Okidogi|84\/100|[from] Spikes\n|turn|5\n|inactive|SuperAndroid99 has 90 seconds left.\n|inactive|SuperAndroid99 has 60 seconds left.\n|\n|t:|1699348649\n|switch|p1a: Iron Hands|Iron Hands|100\/100\n|move|p2a: Samurott|Ceaseless Edge|p1b: Skeledirge\n|-supereffective|p1b: Skeledirge\n|-damage|p1b: Skeledirge|20\/100\n|-sidestart|p1: SuperAndroid99|Spikes\n|move|p2b: Okidogi|Drain Punch|p1a: Iron Hands\n|-damage|p1a: Iron Hands|75\/100\n|-heal|p2b: Okidogi|100\/100|[from] drain|[of] p1a: Iron Hands\n|move|p1b: Skeledirge|Will-O-Wisp|p2b: Okidogi\n|-status|p2b: Okidogi|brn\n|\n|-heal|p1b: Skeledirge|26\/100|[from] item: Leftovers\n|-damage|p2b: Okidogi|95\/100 brn|[from] brn\n|upkeep\n|turn|6\n|inactive|SuperAndroid99 has 60 seconds left.\n|\n|t:|1699348671\n|move|p1a: Iron Hands|Fake Out|p2a: Samurott\n|-damage|p2a: Samurott|53\/100\n|cant|p2a: Samurott|flinch\n|move|p1b: Skeledirge|Hex|p2b: Okidogi\n|-damage|p2b: Okidogi|0 fnt\n|faint|p2b: Okidogi\n|\n|-heal|p1b: Skeledirge|33\/100|[from] item: Leftovers\n|upkeep\n|\n|t:|1699348684\n|switch|p2b: Kleavor|Kleavor, M, shiny|100\/100\n|-damage|p2b: Kleavor|84\/100|[from] Spikes\n|turn|7\n|inactive|SuperAndroid99 has 60 seconds left.\n|\n|t:|1699348708\n|move|p2b: Kleavor|Stone Axe|p1b: Skeledirge\n|-supereffective|p1b: Skeledirge\n|-damage|p1b: Skeledirge|0 fnt\n|-sidestart|p1: SuperAndroid99|move: Stealth Rock\n|faint|p1b: Skeledirge\n|move|p2a: Samurott|Ceaseless Edge|p1a: Iron Hands\n|-resisted|p1a: Iron Hands\n|-damage|p1a: Iron Hands|61\/100\n|-sidestart|p1: SuperAndroid99|Spikes\n|move|p1a: Iron Hands|Wild Charge|p2a: Samurott\n|-supereffective|p2a: Samurott\n|-damage|p2a: Samurott|0 fnt\n|faint|p2a: Samurott\n|-damage|p1a: Iron Hands|53\/100|[from] Recoil\n|\n|upkeep\n|inactive|SuperAndroid99 has 60 seconds left.\n|\n|t:|1699348736\n|switch|p2a: Garganacl|Garganacl, M, shiny, tera:Bug|100\/100\n|switch|p1b: Samurott|Samurott-Hisui, F|35\/100\n|-damage|p1b: Samurott|18\/100|[from] Spikes\n|-damage|p1b: Samurott|6\/100|[from] Stealth Rock\n|-damage|p2a: Garganacl|84\/100|[from] Spikes\n|turn|8\n|\n|t:|1699348757\n|-end|p1a: Iron Hands|Quark Drive|[silent]\n|switch|p1a: Kingambit|Kingambit, F, shiny|100\/100\n|-damage|p1a: Kingambit|84\/100|[from] Spikes\n|-damage|p1a: Kingambit|78\/100|[from] Stealth Rock\n|-activate|p1a: Kingambit|ability: Supreme Overlord\n|-start|p1a: Kingambit|fallen2|[silent]\n|move|p1b: Samurott|Taunt|p2a: Garganacl\n|-start|p2a: Garganacl|move: Taunt\n|move|p2b: Kleavor|X-Scissor|p1b: Samurott\n|-supereffective|p1b: Samurott\n|-damage|p1b: Samurott|0 fnt\n|faint|p1b: Samurott\n|move|p2a: Garganacl|Salt Cure|p1a: Kingambit\n|-resisted|p1a: Kingambit\n|-damage|p1a: Kingambit|71\/100\n|-start|p1a: Kingambit|Salt Cure\n|\n|-damage|p1a: Kingambit|46\/100|[from] Salt Cure\n|upkeep\n|inactive|SuperAndroid99 has 60 seconds left.\n|\n|t:|1699348773\n|switch|p1b: Iron Hands|Iron Hands|53\/100\n|-damage|p1b: Iron Hands|36\/100|[from] Spikes\n|-damage|p1b: Iron Hands|30\/100|[from] Stealth Rock\n|turn|9\n|\n|t:|1699348788\n|move|p2b: Kleavor|X-Scissor|p1a: Kingambit\n|-damage|p1a: Kingambit|0 fnt\n|faint|p1a: Kingambit\n|-end|p1a: Kingambit|fallen2|[silent]\n|move|p2a: Garganacl|Salt Cure|p1b: Iron Hands\n|-resisted|p1b: Iron Hands\n|-damage|p1b: Iron Hands|24\/100\n|-start|p1b: Iron Hands|Salt Cure\n|move|p1b: Iron Hands|Drain Punch|p2b: Kleavor\n|-damage|p2b: Kleavor|28\/100\n|-heal|p1b: Iron Hands|39\/100|[from] drain|[of] p2b: Kleavor\n|\n|-damage|p1b: Iron Hands|27\/100|[from] Salt Cure\n|upkeep\n|\n|t:|1699348799\n|switch|p1a: Flutter Mane|Flutter Mane|100\/100\n|-damage|p1a: Flutter Mane|84\/100|[from] Spikes\n|-damage|p1a: Flutter Mane|71\/100|[from] Stealth Rock\n|turn|10\n|\n|t:|1699348820\n|move|p1a: Flutter Mane|Dazzling Gleam|p2a: Garganacl|[spread] p2a,p2b\n|-damage|p2a: Garganacl|48\/100\n|-damage|p2b: Kleavor|0 fnt\n|faint|p2b: Kleavor\n|move|p2a: Garganacl|Heavy Slam|p1a: Flutter Mane\n|-supereffective|p1a: Flutter Mane\n|-crit|p1a: Flutter Mane\n|-damage|p1a: Flutter Mane|0 fnt\n|faint|p1a: Flutter Mane\n|-end|p1a: Flutter Mane|Protosynthesis|[silent]\n|move|p1b: Iron Hands|Wild Charge|p2a: Garganacl\n|-damage|p2a: Garganacl|12\/100\n|-enditem|p2a: Garganacl|Aguav Berry|[eat]\n|-heal|p2a: Garganacl|45\/100|[from] item: Aguav Berry\n|-damage|p1b: Iron Hands|20\/100|[from] Recoil\n|\n|-damage|p1b: Iron Hands|8\/100|[from] Salt Cure\n|-end|p2a: Garganacl|move: Taunt\n|upkeep\n|turn|11\n|inactive|SuperAndroid99 has 90 seconds left.\n|\n|t:|1699348840\n|move|p2a: Garganacl|Recover|p2a: Garganacl\n|-heal|p2a: Garganacl|95\/100\n|move|p1b: Iron Hands|Drain Punch|p2a: Garganacl\n|-resisted|p2a: Garganacl\n|-damage|p2a: Garganacl|80\/100\n|-heal|p1b: Iron Hands|13\/100|[from] drain|[of] p2a: Garganacl\n|\n|-damage|p1b: Iron Hands|1\/100|[from] Salt Cure\n|upkeep\n|turn|12\n|c|\u2606Gray.wolf0415|Noobsht\n|\n|t:|1699348855\n|move|p2a: Garganacl|Recover|p2a: Garganacl\n|-heal|p2a: Garganacl|100\/100\n|move|p1b: Iron Hands|Drain Punch|p2a: Garganacl\n|-resisted|p2a: Garganacl\n|-damage|p2a: Garganacl|86\/100\n|-heal|p1b: Iron Hands|7\/100|[from] drain|[of] p2a: Garganacl\n|\n|-damage|p1b: Iron Hands|0 fnt|[from] Salt Cure\n|faint|p1b: Iron Hands\n|-end|p1b: Iron Hands|Quark Drive|[silent]\n|\n|win|Gray.wolf0415\n|upkeep\n|raw|SuperAndroid99's rating: 1244 &rarr; <strong>1216<\/strong><br \/>(-28 for losing)\n|raw|Gray.wolf0415's rating: 1203 &rarr; <strong>1231<\/strong><br \/>(+28 for winning)\n|c|\u2606SuperAndroid99|Crit literally mattered but ok\n","uploadtime":1699348886,"views":8,"p1id":"superandroid99","p2id":"graywolf0415","formatid":"gen9doublesou","rating":1216,"private":0,"password":""}