{"id":"gen9doublesou-1993767888","p1":"iluvtrickroom","p2":"strong nurse joy","format":"[Gen 9] Doubles OU","log":"|j|\u2606iluvtrickroom\n|j|\u2606strong nurse joy\n|t:|1700354910\n|gametype|doubles\n|player|p1|iluvtrickroom|hilda|1183\n|player|p2|strong nurse joy|nurse|1094\n|teamsize|p1|6\n|teamsize|p2|6\n|gen|9\n|tier|[Gen 9] Doubles OU\n|rated|\n|rule|Species Clause: Limit one of each Pok\u00e9mon\n|rule|OHKO Clause: OHKO moves are banned\n|rule|Evasion Moves Clause: Evasion moves are banned\n|rule|Gravity Sleep Clause: The combination of sleep-inducing moves with imperfect accuracy and Gravity or Gigantamax Orbeetle are banned\n|rule|Endless Battle Clause: Forcing endless battles is banned\n|rule|HP Percentage Mod: HP is shown in percentages\n|clearpoke\n|poke|p1|Espeon, F|\n|poke|p1|Masquerain, F|\n|poke|p1|Kingambit, M|\n|poke|p1|Empoleon, M|\n|poke|p1|Gardevoir, M|\n|poke|p1|Rotom-Heat|\n|poke|p2|Slowking-Galar, F|\n|poke|p2|Rabsca, M|\n|poke|p2|Overqwil, F|\n|poke|p2|Golduck, M|\n|poke|p2|Flamigo, F|\n|poke|p2|Kommo-o, M|\n|teampreview\n|inactive|Battle timer is ON: inactive players will automatically lose when time's up. (requested by strong nurse joy)\n|j| Albert6793\n|\n|t:|1700354916\n|start\n|switch|p1a: everyone's idol|Espeon, F|100\/100\n|switch|p1b: he IS Intimidate|Masquerain, F|100\/100\n|switch|p2a: Kommo-o|Kommo-o, M|100\/100\n|switch|p2b: Golduck|Golduck, M|100\/100\n|-ability|p1b: he IS Intimidate|Intimidate|boost\n|-unboost|p2a: Kommo-o|atk|1\n|-unboost|p2b: Golduck|atk|1\n|turn|1\n|\n|t:|1700354933\n|-terastallize|p2a: Kommo-o|Steel\n|move|p1a: everyone's idol|Skill Swap|p2b: Golduck\n|-activate|p1a: everyone's idol|move: Skill Swap|Damp|Magic Bounce|[of] p2b: Golduck\n|move|p1b: he IS Intimidate|Sticky Web|p2b: Golduck\n|move|p2b: Golduck|Sticky Web|p1b: he IS Intimidate|[from]ability: Magic Bounce\n|-sidestart|p1: iluvtrickroom|move: Sticky Web\n|move|p2a: Kommo-o|Clangorous Soul|p2a: Kommo-o\n|-boost|p2a: Kommo-o|atk|1\n|-boost|p2a: Kommo-o|def|1\n|-boost|p2a: Kommo-o|spa|1\n|-boost|p2a: Kommo-o|spd|1\n|-boost|p2a: Kommo-o|spe|1\n|-damage|p2a: Kommo-o|68\/100\n|move|p2b: Golduck|Simple Beam|p2a: Kommo-o\n|-endability|p2a: Kommo-o|Soundproof|[from] move: Simple Beam\n|-ability|p2a: Kommo-o|Simple|[from] move: Simple Beam\n|\n|-heal|p2a: Kommo-o|74\/100|[from] item: Leftovers\n|upkeep\n|turn|2\n|inactive|iluvtrickroom has 120 seconds left.\n|inactive|strong nurse joy has 120 seconds left.\n|\n|t:|1700354967\n|switch|p2b: Overqwil|Overqwil, F|100\/100\n|move|p2a: Kommo-o|Rock Slide|p1b: he IS Intimidate|[spread] p1a,p1b\n|-supereffective|p1b: he IS Intimidate\n|-damage|p1a: everyone's idol|74\/100\n|-damage|p1b: he IS Intimidate|20\/100\n|move|p1b: he IS Intimidate|Bug Buzz|p2b: Overqwil\n|-damage|p2b: Overqwil|60\/100\n|cant|p1a: everyone's idol|flinch\n|\n|-heal|p2a: Kommo-o|80\/100|[from] item: Leftovers\n|-heal|p2b: Overqwil|66\/100|[from] item: Black Sludge\n|-heal|p1a: everyone's idol|80\/100|[from] item: Leftovers\n|upkeep\n|turn|3\n|\n|t:|1700354991\n|move|p2a: Kommo-o|Rock Slide|p1a: everyone's idol|[spread] p1b\n|-miss|p2a: Kommo-o|p1a: everyone's idol\n|-supereffective|p1b: he IS Intimidate\n|-damage|p1b: he IS Intimidate|0 fnt\n|faint|p1b: he IS Intimidate\n|move|p2b: Overqwil|Acupressure|p2a: Kommo-o\n|-boost|p2a: Kommo-o|def|4\n|move|p1a: everyone's idol|Trick Room|p1a: everyone's idol\n|-fieldstart|move: Trick Room|[of] p1a: everyone's idol\n|\n|-heal|p1a: everyone's idol|86\/100|[from] item: Leftovers\n|-heal|p2b: Overqwil|72\/100|[from] item: Black Sludge\n|-heal|p2a: Kommo-o|86\/100|[from] item: Leftovers\n|upkeep\n|l| Albert6793\n|inactive|iluvtrickroom has 120 seconds left.\n|\n|t:|1700355008\n|switch|p1b: Kieran|Kingambit, M|100\/100\n|-activate|p1b: Kieran|move: Sticky Web\n|-unboost|p1b: Kieran|spe|1\n|-ability|p1b: Kieran|Defiant|boost\n|-boost|p1b: Kieran|atk|2\n|turn|4\n|inactive|iluvtrickroom has 120 seconds left.\n|\n|t:|1700355030\n|-terastallize|p1b: Kieran|Fairy\n|move|p1b: Kieran|Kowtow Cleave|p2a: Kommo-o\n|-damage|p2a: Kommo-o|64\/100\n|move|p1a: everyone's idol|Calm Mind|p1a: everyone's idol\n|-boost|p1a: everyone's idol|spa|1\n|-boost|p1a: everyone's idol|spd|1\n|move|p2b: Overqwil|Acupressure|p2a: Kommo-o\n|-boost|p2a: Kommo-o|accuracy|4\n|move|p2a: Kommo-o|Clangorous Soul|p2a: Kommo-o\n|-boost|p2a: Kommo-o|atk|2\n|-boost|p2a: Kommo-o|def|1\n|-boost|p2a: Kommo-o|spa|2\n|-boost|p2a: Kommo-o|spd|2\n|-boost|p2a: Kommo-o|spe|2\n|-damage|p2a: Kommo-o|32\/100\n|\n|-heal|p1a: everyone's idol|92\/100|[from] item: Leftovers\n|-heal|p2b: Overqwil|78\/100|[from] item: Black Sludge\n|-heal|p2a: Kommo-o|38\/100|[from] item: Leftovers\n|upkeep\n|turn|5\n|inactive|iluvtrickroom has 120 seconds left.\n|\n|t:|1700355060\n|switch|p2b: Flamigo|Flamigo, F|100\/100\n|-copyboost|p2b: Flamigo|p2a: Kommo-o|[from] ability: Costar\n|move|p1b: Kieran|Kowtow Cleave|p2a: Kommo-o\n|-damage|p2a: Kommo-o|17\/100\n|move|p1a: everyone's idol|Calm Mind|p1a: everyone's idol\n|-boost|p1a: everyone's idol|spa|1\n|-boost|p1a: everyone's idol|spd|1\n|move|p2a: Kommo-o|Rock Slide|p1a: everyone's idol|[spread] p1a,p1b\n|-crit|p1a: everyone's idol\n|-damage|p1a: everyone's idol|0 fnt\n|-damage|p1b: Kieran|74\/100\n|faint|p1a: everyone's idol\n|\n|-heal|p2a: Kommo-o|24\/100|[from] item: Leftovers\n|upkeep\n|c|\u2606iluvtrickroom|wow\n|inactive|iluvtrickroom has 90 seconds left.\n|\n|t:|1700355101\n|switch|p1a: 4x to Salt Cure|Empoleon, M|100\/100\n|-activate|p1a: 4x to Salt Cure|move: Sticky Web\n|-unboost|p1a: 4x to Salt Cure|spe|1\n|-ability|p1a: 4x to Salt Cure|Competitive|boost\n|-boost|p1a: 4x to Salt Cure|spa|2\n|turn|6\n|inactive|iluvtrickroom has 90 seconds left.\n|\n|t:|1700355126\n|move|p1b: Kieran|Tera Blast|p2b: Flamigo|[anim] Tera Blast Fairy\n|-supereffective|p2b: Flamigo\n|-damage|p2b: Flamigo|33\/100\n|move|p1a: 4x to Salt Cure|Hydro Pump|p2a: Kommo-o\n|-damage|p2a: Kommo-o|0 fnt\n|faint|p2a: Kommo-o\n|-damage|p1a: 4x to Salt Cure|91\/100|[from] item: Life Orb\n|move|p2b: Flamigo|Close Combat|p1b: Kieran\n|-resisted|p1b: Kieran\n|-damage|p1b: Kieran|36\/100\n|-unboost|p2b: Flamigo|def|1\n|-unboost|p2b: Flamigo|spd|1\n|\n|upkeep\n|\n|t:|1700355141\n|switch|p2a: Rabsca|Rabsca, M|100\/100\n|turn|7\n|\n|t:|1700355151\n|move|p1b: Kieran|Kowtow Cleave|p2a: Rabsca\n|-supereffective|p2a: Rabsca\n|-damage|p2a: Rabsca|0 fnt\n|faint|p2a: Rabsca\n|move|p1a: 4x to Salt Cure|Hydro Pump|p2b: Flamigo\n|-damage|p2b: Flamigo|0 fnt\n|faint|p2b: Flamigo\n|-damage|p1a: 4x to Salt Cure|81\/100|[from] item: Life Orb\n|\n|-fieldend|move: Trick Room\n|upkeep\n|-message|strong nurse joy forfeited.\n|\n|win|iluvtrickroom\n|raw|iluvtrickroom's rating: 1183 &rarr; <strong>1202<\/strong><br \/>(+19 for winning)\n|raw|strong nurse joy's rating: 1094 &rarr; <strong>1076<\/strong><br \/>(-18 for losing)\n|l|\u2606strong nurse joy\n","uploadtime":1700355167,"views":14,"p1id":"iluvtrickroom","p2id":"strongnursejoy","formatid":"gen9doublesou","rating":1076,"private":0,"password":""}