{"id":"gen9doublesou-1992920897","p1":"MatheusHetero","p2":"Wrenstorm","format":"[Gen 9] Doubles OU","log":"|j|\u2606MatheusHetero\n|j|\u2606Wrenstorm\n|t:|1700246968\n|gametype|doubles\n|player|p1|MatheusHetero|sage|1064\n|player|p2|Wrenstorm|101|1004\n|teamsize|p1|6\n|teamsize|p2|6\n|gen|9\n|tier|[Gen 9] Doubles OU\n|rated|\n|rule|Species Clause: Limit one of each Pok\u00e9mon\n|rule|OHKO Clause: OHKO moves are banned\n|rule|Evasion Moves Clause: Evasion moves are banned\n|rule|Gravity Sleep Clause: The combination of sleep-inducing moves with imperfect accuracy and Gravity or Gigantamax Orbeetle are banned\n|rule|Endless Battle Clause: Forcing endless battles is banned\n|rule|HP Percentage Mod: HP is shown in percentages\n|clearpoke\n|poke|p1|Glimmora, F|\n|poke|p1|Ribombee, F|\n|poke|p1|Espathra, F|\n|poke|p1|Kingambit, F|\n|poke|p1|Palafin, M|\n|poke|p1|Meowscarada, F|\n|poke|p2|Dipplin, F|\n|poke|p2|Corviknight, F|\n|poke|p2|Cinderace, F|\n|poke|p2|Ninetales-Alola, M|\n|poke|p2|Dragonite, M|\n|poke|p2|Ursaluna, M|\n|teampreview\n|inactive|Battle timer is ON: inactive players will automatically lose when time's up. (requested by MatheusHetero)\n|\n|t:|1700246976\n|start\n|switch|p1a: Glimmora|Glimmora, F, shiny|100\/100\n|switch|p1b: Ribombee|Ribombee, F, shiny|100\/100\n|switch|p2a: Dragonite|Dragonite, M|100\/100\n|switch|p2b: Ninetales|Ninetales-Alola, M|100\/100\n|-weather|Snow|[from] ability: Snow Warning|[of] p2b: Ninetales\n|turn|1\n|\n|t:|1700247002\n|move|p1b: Ribombee|Sticky Web|p2a: Dragonite\n|-sidestart|p2: Wrenstorm|move: Sticky Web\n|move|p1a: Glimmora|Stealth Rock|p2a: Dragonite\n|-sidestart|p2: Wrenstorm|move: Stealth Rock\n|move|p2b: Ninetales|Blizzard|p1b: Ribombee|[spread] p1a,p1b\n|-damage|p1a: Glimmora|50\/100\n|-damage|p1b: Ribombee|53\/100\n|-enditem|p1a: Glimmora|Sitrus Berry|[eat]\n|-heal|p1a: Glimmora|74\/100|[from] item: Sitrus Berry\n|-damage|p2b: Ninetales|91\/100|[from] item: Life Orb\n|move|p2a: Dragonite|Ice Beam|p1b: Ribombee\n|-damage|p1b: Ribombee|22\/100\n|-enditem|p1b: Ribombee|Sitrus Berry|[eat]\n|-heal|p1b: Ribombee|47\/100|[from] item: Sitrus Berry\n|\n|-weather|Snow|[upkeep]\n|upkeep\n|turn|2\n|\n|t:|1700247028\n|move|p1b: Ribombee|Draining Kiss|p2a: Dragonite\n|-supereffective|p2a: Dragonite\n|-damage|p2a: Dragonite|80\/100\n|-heal|p1b: Ribombee|67\/100|[from] drain|[of] p2a: Dragonite\n|-damage|p1b: Ribombee|50\/100|[from] item: Rocky Helmet|[of] p2a: Dragonite\n|move|p1a: Glimmora|Mortal Spin|p2a: Dragonite|[spread] p2a,p2b\n|-supereffective|p2b: Ninetales\n|-damage|p2a: Dragonite|77\/100\n|-damage|p2b: Ninetales|83\/100\n|-status|p2a: Dragonite|psn\n|-status|p2b: Ninetales|psn\n|-damage|p1a: Glimmora|58\/100|[from] item: Rocky Helmet|[of] p2a: Dragonite\n|move|p2b: Ninetales|Blizzard|p1b: Ribombee|[spread] p1a,p1b\n|-damage|p1a: Glimmora|14\/100\n|-damage|p1b: Ribombee|0 fnt\n|faint|p1b: Ribombee\n|-damage|p2b: Ninetales|73\/100 psn|[from] item: Life Orb\n|move|p2a: Dragonite|Ice Beam|p1a: Glimmora\n|-damage|p1a: Glimmora|0 fnt\n|faint|p1a: Glimmora\n|\n|-weather|Snow|[upkeep]\n|-damage|p2b: Ninetales|61\/100 psn|[from] psn\n|-damage|p2a: Dragonite|64\/100 psn|[from] psn\n|upkeep\n|inactive|MatheusHetero has 120 seconds left.\n|\n|t:|1700247052\n|switch|p1b: Espathra|Espathra, F, shiny|100\/100\n|switch|p1a: Palafin|Palafin, M, shiny|100\/100\n|turn|3\n|\n|t:|1700247063\n|move|p1b: Espathra|Protect|p1b: Espathra\n|-singleturn|p1b: Espathra|Protect\n|move|p1a: Palafin|Flip Turn|p2b: Ninetales\n|-damage|p2b: Ninetales|39\/100 psn\n|\n|t:|1700247071\n|detailschange|p1a: Palafin|Palafin-Hero, M, shiny\n|switch|p1a: Meowscarada|Meowscarada, F, shiny|100\/100|[from] Flip Turn\n|move|p2b: Ninetales|Blizzard|p1a: Meowscarada|[spread] p1a\n|-activate|p1b: Espathra|move: Protect\n|-supereffective|p1a: Meowscarada\n|-damage|p1a: Meowscarada|0 fnt\n|faint|p1a: Meowscarada\n|-damage|p2b: Ninetales|29\/100 psn|[from] item: Life Orb\n|move|p2a: Dragonite|Earthquake|p1b: Espathra|[spread] p2b\n|-activate|p1b: Espathra|move: Protect\n|-damage|p2b: Ninetales|12\/100 psn\n|\n|-weather|Snow|[upkeep]\n|-damage|p2b: Ninetales|0 fnt|[from] psn\n|faint|p2b: Ninetales\n|-damage|p2a: Dragonite|52\/100 psn|[from] psn\n|-ability|p1b: Espathra|Speed Boost|boost\n|-boost|p1b: Espathra|spe|1\n|upkeep\n|\n|t:|1700247093\n|switch|p1a: Palafin|Palafin-Hero, M, shiny|100\/100\n|switch|p2b: Corviknight|Corviknight, F, shiny|100\/100\n|-activate|p1a: Palafin|ability: Zero to Hero\n|-damage|p2b: Corviknight|88\/100|[from] Stealth Rock\n|turn|4\n|\n|t:|1700247109\n|move|p1b: Espathra|Calm Mind|p1b: Espathra\n|-boost|p1b: Espathra|spa|1\n|-boost|p1b: Espathra|spd|1\n|move|p1a: Palafin|Ice Punch|p2a: Dragonite\n|-supereffective|p2a: Dragonite\n|-damage|p2a: Dragonite|0 fnt\n|-damage|p1a: Palafin|84\/100|[from] item: Rocky Helmet|[of] p2a: Dragonite\n|faint|p2a: Dragonite\n|move|p2b: Corviknight|U-turn|p1a: Palafin\n|-damage|p1a: Palafin|67\/100\n|\n|t:|1700247120\n|switch|p2b: Ursaluna|Ursaluna, M|100\/100|[from] U-turn\n|-activate|p2b: Ursaluna|move: Sticky Web\n|-unboost|p2b: Ursaluna|spe|1\n|-damage|p2b: Ursaluna|94\/100|[from] Stealth Rock\n|\n|-weather|Snow|[upkeep]\n|-ability|p1b: Espathra|Speed Boost|boost\n|-boost|p1b: Espathra|spe|1\n|upkeep\n|\n|t:|1700247131\n|switch|p2a: Corviknight|Corviknight, F, shiny|88\/100\n|-damage|p2a: Corviknight|76\/100|[from] Stealth Rock\n|turn|5\n|\n|t:|1700247142\n|move|p1b: Espathra|Protect|p1b: Espathra\n|-singleturn|p1b: Espathra|Protect\n|move|p1a: Palafin|Ice Punch|p2b: Ursaluna\n|-supereffective|p2b: Ursaluna\n|-damage|p2b: Ursaluna|38\/100\n|move|p2a: Corviknight|U-turn|p1b: Espathra\n|-activate|p1b: Espathra|move: Protect\n|move|p2b: Ursaluna|Thunder Punch|p1a: Palafin\n|-supereffective|p1a: Palafin\n|-damage|p1a: Palafin|22\/100\n|-heal|p2b: Ursaluna|42\/100|[from] item: Shell Bell|[of] p1a: Palafin\n|\n|-weather|none\n|-heal|p2a: Corviknight|82\/100|[from] item: Leftovers\n|-ability|p1b: Espathra|Speed Boost|boost\n|-boost|p1b: Espathra|spe|1\n|upkeep\n|turn|6\n|\n|t:|1700247165\n|move|p1b: Espathra|Baton Pass|p1b: Espathra\n|\n|t:|1700247168\n|switch|p1b: Kingambit|Kingambit, F, shiny|100\/100|[from] Baton Pass\n|-activate|p1b: Kingambit|ability: Supreme Overlord\n|-start|p1b: Kingambit|fallen3|[silent]\n|move|p1a: Palafin|Ice Punch|p2b: Ursaluna\n|-supereffective|p2b: Ursaluna\n|-damage|p2b: Ursaluna|0 fnt\n|faint|p2b: Ursaluna\n|move|p2a: Corviknight|U-turn|p1b: Kingambit\n|-damage|p1b: Kingambit|89\/100\n|\n|t:|1700247178\n|switch|p2a: Dipplin|Dipplin, F, shiny|100\/100|[from] U-turn\n|-activate|p2a: Dipplin|move: Sticky Web\n|-unboost|p2a: Dipplin|spe|1\n|-damage|p2a: Dipplin|88\/100|[from] Stealth Rock\n|-ability|p2a: Dipplin|Supersweet Syrup\n|-ability|p2a: Dipplin|Supersweet Syrup|boost\n|-unboost|p1a: Palafin|evasion|1\n|-unboost|p1b: Kingambit|evasion|1\n|\n|upkeep\n|\n|t:|1700247188\n|switch|p2b: Cinderace|Cinderace, F, shiny|100\/100\n|-activate|p2b: Cinderace|move: Sticky Web\n|-unboost|p2b: Cinderace|spe|1\n|-damage|p2b: Cinderace|75\/100|[from] Stealth Rock\n|turn|7\n|\n|t:|1700247198\n|-terastallize|p1b: Kingambit|Ghost\n|move|p1b: Kingambit|Stone Edge|p2b: Cinderace\n|-supereffective|p2b: Cinderace\n|-damage|p2b: Cinderace|0 fnt\n|faint|p2b: Cinderace\n|move|p1a: Palafin|Ice Punch|p2a: Dipplin\n|-supereffective|p2a: Dipplin\n|-damage|p2a: Dipplin|0 fnt\n|faint|p2a: Dipplin\n|\n|upkeep\n|\n|t:|1700247210\n|switch|p2a: Corviknight|Corviknight, F, shiny|82\/100\n|-damage|p2a: Corviknight|69\/100|[from] Stealth Rock\n|turn|8\n|\n|t:|1700247218\n|move|p1b: Kingambit|Kowtow Cleave|p2a: Corviknight\n|-damage|p2a: Corviknight|18\/100\n|move|p1a: Palafin|Ice Punch|p2a: Corviknight\n|-damage|p2a: Corviknight|0 fnt\n|faint|p2a: Corviknight\n|\n|win|MatheusHetero\n|raw|MatheusHetero's rating: 1064 &rarr; <strong>1089<\/strong><br \/>(+25 for winning)\n|raw|Wrenstorm's rating: 1004 &rarr; <strong>1000<\/strong><br \/>(-4 for losing)\n|l|\u2606Wrenstorm\n","uploadtime":1700247234,"views":7,"p1id":"matheushetero","p2id":"wrenstorm","formatid":"gen9doublesou","rating":1000,"private":0,"password":""}