{"id":"gen9doublesou-1970970967","p1":"MiserableGameplay","p2":"snowyyayyy","format":"[Gen 9] Doubles OU","log":"|j|\u203dMiserableGameplay\n|j|\u2606snowyyayyy\n|t:|1697686678\n|gametype|doubles\n|player|p1|MiserableGameplay|marnie-masters3|1076\n|player|p2|snowyyayyy|wicke|1136\n|teamsize|p1|6\n|teamsize|p2|6\n|gen|9\n|tier|[Gen 9] Doubles OU\n|rated|\n|rule|Species Clause: Limit one of each Pok\u00e9mon\n|rule|OHKO Clause: OHKO moves are banned\n|rule|Evasion Moves Clause: Evasion moves are banned\n|rule|Gravity Sleep Clause: The combination of sleep-inducing moves with imperfect accuracy and Gravity or Gigantamax Orbeetle are banned\n|rule|Endless Battle Clause: Forcing endless battles is banned\n|rule|HP Percentage Mod: HP is shown in percentages\n|clearpoke\n|poke|p1|Flutter Mane|\n|poke|p1|Chi-Yu|\n|poke|p1|Torkoal, F|\n|poke|p1|Iron Hands|\n|poke|p1|Lilligant, F|\n|poke|p1|Indeedee-F, F|\n|poke|p2|Sinistcha|\n|poke|p2|Ogerpon-Wellspring, F|\n|poke|p2|Flutter Mane|\n|poke|p2|Ribombee, F|\n|poke|p2|Ursaluna-Bloodmoon, M|\n|poke|p2|Gholdengo|\n|teampreview\n|inactive|Battle timer is ON: inactive players will automatically lose when time's up. (requested by snowyyayyy)\n|\n|t:|1697686689\n|start\n|switch|p1a: Chi-Yu|Chi-Yu|100\/100\n|switch|p1b: Torkoal|Torkoal, F|100\/100\n|switch|p2a: Ogerpon|Ogerpon-Wellspring, F|100\/100\n|switch|p2b: Ribombee|Ribombee, F|100\/100\n|-ability|p1a: Chi-Yu|Beads of Ruin\n|-weather|SunnyDay|[from] ability: Drought|[of] p1b: Torkoal\n|turn|1\n|\n|t:|1697686699\n|-terastallize|p1a: Chi-Yu|Ghost\n|move|p1a: Chi-Yu|Heat Wave|p2b: Ribombee|[spread] p2a,p2b\n|-supereffective|p2b: Ribombee\n|-damage|p2a: Ogerpon|22\/100\n|-enditem|p2b: Ribombee|Focus Sash\n|-damage|p2b: Ribombee|1\/100\n|-status|p2a: Ogerpon|brn\n|move|p2b: Ribombee|Moonblast|p1a: Chi-Yu\n|-damage|p1a: Chi-Yu|51\/100\n|move|p2a: Ogerpon|Ivy Cudgel|p1a: Chi-Yu\n|-damage|p1a: Chi-Yu|30\/100\n|move|p1b: Torkoal|Eruption|p2b: Ribombee|[spread] p2a,p2b\n|-supereffective|p2b: Ribombee\n|-damage|p2a: Ogerpon|0 fnt\n|-damage|p2b: Ribombee|0 fnt\n|faint|p2a: Ogerpon\n|faint|p2b: Ribombee\n|\n|-weather|SunnyDay|[upkeep]\n|upkeep\n|\n|t:|1697686715\n|switch|p2b: Sinistcha|Sinistcha|100\/100\n|switch|p2a: Flutter Mane|Flutter Mane|100\/100\n|-activate|p2a: Flutter Mane|ability: Protosynthesis\n|-start|p2a: Flutter Mane|protosynthesisspe\n|turn|2\n|\n|t:|1697686724\n|move|p2a: Flutter Mane|Dark Pulse|p1a: Chi-Yu\n|-supereffective|p1a: Chi-Yu\n|-damage|p1a: Chi-Yu|0 fnt\n|faint|p1a: Chi-Yu\n|move|p2b: Sinistcha|Shadow Ball|p1b: Torkoal\n|-damage|p1b: Torkoal|61\/100\n|move|p1b: Torkoal|Eruption|p2a: Flutter Mane|[spread] p2a,p2b\n|-supereffective|p2b: Sinistcha\n|-damage|p2a: Flutter Mane|50\/100\n|-damage|p2b: Sinistcha|0 fnt\n|faint|p2b: Sinistcha\n|\n|-weather|SunnyDay|[upkeep]\n|upkeep\n|\n|t:|1697686735\n|switch|p1a: Lilligant|Lilligant, F|100\/100\n|switch|p2b: Ursaluna|Ursaluna-Bloodmoon, M|100\/100\n|turn|3\n|\n|t:|1697686752\n|move|p1a: Lilligant|After You|p1b: Torkoal\n|-activate|p1b: Torkoal|move: After You\n|move|p1b: Torkoal|Heat Wave|p2b: Ursaluna|[spread] p2a,p2b\n|-damage|p2a: Flutter Mane|0 fnt\n|-damage|p2b: Ursaluna|38\/100\n|faint|p2a: Flutter Mane\n|-end|p2a: Flutter Mane|Protosynthesis|[silent]\n|move|p2b: Ursaluna|Earth Power|p1b: Torkoal\n|-supereffective|p1b: Torkoal\n|-damage|p1b: Torkoal|0 fnt\n|faint|p1b: Torkoal\n|\n|-weather|SunnyDay|[upkeep]\n|-heal|p2b: Ursaluna|44\/100|[from] item: Leftovers\n|upkeep\n|\n|t:|1697686761\n|switch|p2a: Gholdengo|Gholdengo|100\/100\n|switch|p1b: Flutter Mane|Flutter Mane|100\/100\n|-activate|p1b: Flutter Mane|ability: Protosynthesis\n|-start|p1b: Flutter Mane|protosynthesisspe\n|turn|4\n|\n|t:|1697686777\n|move|p2b: Ursaluna|Protect|p2b: Ursaluna\n|-singleturn|p2b: Ursaluna|Protect\n|move|p1a: Lilligant|Leaf Storm|p2b: Ursaluna\n|-activate|p2b: Ursaluna|move: Protect\n|move|p1b: Flutter Mane|Shadow Ball|p2a: Gholdengo\n|-supereffective|p2a: Gholdengo\n|-damage|p2a: Gholdengo|0 fnt\n|faint|p2a: Gholdengo\n|-damage|p1b: Flutter Mane|91\/100|[from] item: Life Orb\n|\n|-weather|SunnyDay|[upkeep]\n|-heal|p2b: Ursaluna|50\/100|[from] item: Leftovers\n|upkeep\n|turn|5\n|-message|snowyyayyy forfeited.\n|\n|win|MiserableGameplay\n|raw|MiserableGameplay's rating: 1076 &rarr; <strong>1109<\/strong><br \/>(+33 for winning)\n|raw|snowyyayyy's rating: 1136 &rarr; <strong>1107<\/strong><br \/>(-29 for losing)\n|l|\u2606snowyyayyy\n","uploadtime":1697686790,"views":16,"p1id":"miserablegameplay","p2id":"snowyyayyy","formatid":"gen9doublesou","rating":1107,"private":0,"password":""}