{"id":"gen9doublesou-1984075546","p1":"mikeyuwu","p2":"DeformedWater","format":"[Gen 9] Doubles OU","log":"|j|\u2606mikeyuwu\n|j|\u2606DeformedWater\n|t:|1699216154\n|gametype|doubles\n|player|p1|mikeyuwu|psychic-gen4|1391\n|player|p2|DeformedWater|rosa|1372\n|teamsize|p1|6\n|teamsize|p2|6\n|gen|9\n|tier|[Gen 9] Doubles OU\n|rated|\n|rule|Species Clause: Limit one of each Pok\u00e9mon\n|rule|OHKO Clause: OHKO moves are banned\n|rule|Evasion Moves Clause: Evasion moves are banned\n|rule|Gravity Sleep Clause: The combination of sleep-inducing moves with imperfect accuracy and Gravity or Gigantamax Orbeetle are banned\n|rule|Endless Battle Clause: Forcing endless battles is banned\n|rule|HP Percentage Mod: HP is shown in percentages\n|clearpoke\n|poke|p1|Garchomp, M|\n|poke|p1|Tyranitar, F|\n|poke|p1|Vaporeon, F|\n|poke|p1|Toxicroak, M|\n|poke|p1|Pelipper, F|\n|poke|p1|Abomasnow, M|\n|poke|p2|Landorus-Therian, M|\n|poke|p2|Torkoal, L99, M|\n|poke|p2|Walking Wake|\n|poke|p2|Armarouge, M|\n|poke|p2|Thundurus, M|\n|poke|p2|Kingambit, F|\n|teampreview\n|\n|t:|1699216164\n|start\n|switch|p1a: OTLHPM|Toxicroak, M|100\/100\n|switch|p1b: Harmacy|Vaporeon, F|100\/100\n|switch|p2a: Socrates|Torkoal, L99, M|100\/100\n|switch|p2b: Brawn|Walking Wake|100\/100\n|-weather|SunnyDay|[from] ability: Drought|[of] p2a: Socrates\n|-activate|p2b: Brawn|ability: Protosynthesis\n|-start|p2b: Brawn|protosynthesisspe\n|turn|1\n|\n|t:|1699216175\n|switch|p1a: Weather War|Pelipper, F|100\/100\n|-weather|RainDance|[from] ability: Drizzle|[of] p1a: Weather War\n|-end|p2b: Brawn|Protosynthesis\n|move|p2b: Brawn|Flamethrower|p1a: Weather War\n|-resisted|p1a: Weather War\n|-damage|p1a: Weather War|87\/100\n|-damage|p2b: Brawn|91\/100|[from] item: Life Orb\n|move|p1b: Harmacy|Weather Ball|p2a: Socrates\n|-supereffective|p2a: Socrates\n|-damage|p2a: Socrates|0 fnt\n|faint|p2a: Socrates\n|\n|-weather|RainDance|[upkeep]\n|upkeep\n|\n|t:|1699216188\n|switch|p2a: Brain|Thundurus, M|100\/100\n|turn|2\n|\n|t:|1699216197\n|switch|p1a: Extra Spicy|Garchomp, M|100\/100\n|switch|p1b: ThcrThnSnkr|Tyranitar, F|100\/100\n|-weather|Sandstorm|[from] ability: Sand Stream|[of] p1b: ThcrThnSnkr\n|move|p2a: Brain|Wildbolt Storm|p1b: ThcrThnSnkr|[spread] p1b\n|-immune|p1a: Extra Spicy\n|-damage|p1b: ThcrThnSnkr|88\/100\n|-status|p1b: ThcrThnSnkr|par\n|move|p2b: Brawn|Draco Meteor|p1b: ThcrThnSnkr\n|-crit|p1b: ThcrThnSnkr\n|-damage|p1b: ThcrThnSnkr|52\/100 par\n|-unboost|p2b: Brawn|spa|2\n|-damage|p2b: Brawn|81\/100|[from] item: Life Orb\n|\n|-weather|Sandstorm|[upkeep]\n|-damage|p2a: Brain|94\/100|[from] Sandstorm\n|-damage|p2b: Brawn|75\/100|[from] Sandstorm\n|upkeep\n|turn|3\n|\n|t:|1699216213\n|-end|p2b: Brawn|Protosynthesis|[silent]\n|switch|p2b: The Strongest|Kingambit, F|100\/100\n|-activate|p2b: The Strongest|ability: Supreme Overlord\n|-start|p2b: The Strongest|fallen1|[silent]\n|-item|p2b: The Strongest|Air Balloon\n|move|p2a: Brain|Sunny Day|p2a: Brain\n|-weather|SunnyDay\n|move|p1a: Extra Spicy|Poison Jab|p2a: Brain\n|-damage|p2a: Brain|60\/100\n|cant|p1b: ThcrThnSnkr|par\n|\n|-weather|SunnyDay|[upkeep]\n|upkeep\n|turn|4\n|\n|t:|1699216237\n|switch|p1b: Harmacy|Vaporeon, F|100\/100\n|move|p2a: Brain|Wildbolt Storm|p1a: Extra Spicy|[spread] p1b\n|-immune|p1a: Extra Spicy\n|-supereffective|p1b: Harmacy\n|-damage|p1b: Harmacy|38\/100\n|move|p1a: Extra Spicy|Brick Break|p2b: The Strongest\n|-supereffective|p2b: The Strongest\n|-damage|p2b: The Strongest|42\/100\n|-enditem|p2b: The Strongest|Air Balloon\n|move|p2b: The Strongest|Iron Head|p1b: Harmacy\n|-resisted|p1b: Harmacy\n|-damage|p1b: Harmacy|20\/100\n|\n|-weather|SunnyDay|[upkeep]\n|-heal|p1b: Harmacy|26\/100|[from] item: Leftovers\n|upkeep\n|turn|5\n|\n|t:|1699216250\n|switch|p1b: Cold Shoulder|Abomasnow, M, shiny|100\/100\n|-weather|Snow|[from] ability: Snow Warning|[of] p1b: Cold Shoulder\n|move|p2b: The Strongest|Protect|p2b: The Strongest\n|-singleturn|p2b: The Strongest|Protect\n|move|p2a: Brain|Wildbolt Storm|p1a: Extra Spicy|[spread] \n|-immune|p1a: Extra Spicy\n|-miss|p2a: Brain|p1b: Cold Shoulder\n|move|p1a: Extra Spicy|Poison Jab|p2a: Brain\n|-damage|p2a: Brain|25\/100\n|\n|-weather|Snow|[upkeep]\n|upkeep\n|turn|6\n|\n|t:|1699216264\n|move|p2a: Brain|Sunny Day|p2a: Brain\n|-weather|SunnyDay\n|move|p2b: The Strongest|Sucker Punch|p1a: Extra Spicy\n|-damage|p1a: Extra Spicy|75\/100\n|-damage|p2b: The Strongest|30\/100|[from] ability: Rough Skin|[of] p1a: Extra Spicy\n|-damage|p2b: The Strongest|13\/100|[from] item: Rocky Helmet|[of] p1a: Extra Spicy\n|move|p1a: Extra Spicy|Brick Break|p2b: The Strongest\n|-supereffective|p2b: The Strongest\n|-damage|p2b: The Strongest|0 fnt\n|faint|p2b: The Strongest\n|-end|p2b: The Strongest|fallen1|[silent]\n|move|p1b: Cold Shoulder|Blizzard|p2a: Brain\n|-supereffective|p2a: Brain\n|-damage|p2a: Brain|0 fnt\n|faint|p2a: Brain\n|\n|-weather|SunnyDay|[upkeep]\n|upkeep\n|\n|t:|1699216295\n|switch|p2a: Brawn|Walking Wake|75\/100\n|switch|p2b: Fraudulent One|Landorus-Therian, M|100\/100\n|-ability|p2b: Fraudulent One|Intimidate|boost\n|-unboost|p1a: Extra Spicy|atk|1\n|-unboost|p1b: Cold Shoulder|atk|1\n|-activate|p2a: Brawn|ability: Protosynthesis\n|-start|p2a: Brawn|protosynthesisspe\n|turn|7\n|\n|t:|1699216314\n|switch|p1a: Weather War|Pelipper, F|87\/100\n|-weather|RainDance|[from] ability: Drizzle|[of] p1a: Weather War\n|-end|p2a: Brawn|Protosynthesis\n|-terastallize|p2b: Fraudulent One|Flying\n|-terastallize|p1b: Cold Shoulder|Water\n|move|p2b: Fraudulent One|Tera Blast|p1b: Cold Shoulder|[anim] Tera Blast Flying\n|-damage|p1b: Cold Shoulder|50\/100\n|move|p2a: Brawn|Draco Meteor|p1a: Weather War\n|-damage|p1a: Weather War|0 fnt\n|-unboost|p2a: Brawn|spa|2\n|faint|p1a: Weather War\n|-damage|p2a: Brawn|65\/100|[from] item: Life Orb\n|move|p1b: Cold Shoulder|Blizzard|p2a: Brawn|[spread] p2a,p2b\n|-supereffective|p2b: Fraudulent One\n|-damage|p2a: Brawn|33\/100\n|-damage|p2b: Fraudulent One|13\/100\n|\n|-weather|RainDance|[upkeep]\n|upkeep\n|\n|t:|1699216330\n|switch|p1a: Extra Spicy|Garchomp, M|75\/100\n|turn|8\n|\n|t:|1699216340\n|-end|p2a: Brawn|Protosynthesis|[silent]\n|switch|p2a: pls no tr|Armarouge, M|100\/100\n|switch|p1a: ThcrThnSnkr|Tyranitar, F|52\/100 par\n|-weather|Sandstorm|[from] ability: Sand Stream|[of] p1a: ThcrThnSnkr\n|move|p2b: Fraudulent One|Tera Blast|p1b: Cold Shoulder|[anim] Tera Blast Flying\n|-damage|p1b: Cold Shoulder|0 fnt\n|faint|p1b: Cold Shoulder\n|\n|-weather|Sandstorm|[upkeep]\n|-damage|p2b: Fraudulent One|7\/100|[from] Sandstorm\n|-damage|p2a: pls no tr|94\/100|[from] Sandstorm\n|upkeep\n|\n|t:|1699216351\n|switch|p1b: OTLHPM|Toxicroak, M|100\/100\n|turn|9\n|\n|t:|1699216363\n|move|p2a: pls no tr|Ally Switch|p2a: pls no tr\n|swap|p2a: pls no tr|1|[from] move: Ally Switch\n|move|p2a: Fraudulent One|Tera Blast|p1b: OTLHPM|[anim] Tera Blast Flying\n|-supereffective|p1b: OTLHPM\n|-damage|p1b: OTLHPM|0 fnt\n|faint|p1b: OTLHPM\n|cant|p1a: ThcrThnSnkr|par\n|\n|-weather|Sandstorm|[upkeep]\n|-damage|p2a: Fraudulent One|1\/100|[from] Sandstorm\n|-damage|p2b: pls no tr|88\/100|[from] Sandstorm\n|upkeep\n|\n|t:|1699216369\n|switch|p1b: Extra Spicy|Garchomp, M|75\/100\n|turn|10\n|\n|t:|1699216390\n|move|p2a: Fraudulent One|Tera Blast|p1b: Extra Spicy|[anim] Tera Blast Flying\n|-damage|p1b: Extra Spicy|40\/100\n|move|p1b: Extra Spicy|Liquidation|p2b: pls no tr\n|-supereffective|p2b: pls no tr\n|-damage|p2b: pls no tr|33\/100\n|move|p2b: pls no tr|Expanding Force|p1b: Extra Spicy\n|-damage|p1b: Extra Spicy|0 fnt\n|faint|p1b: Extra Spicy\n|move|p1a: ThcrThnSnkr|Thunderbolt|p2a: Fraudulent One\n|-supereffective|p2a: Fraudulent One\n|-damage|p2a: Fraudulent One|0 fnt\n|faint|p2a: Fraudulent One\n|\n|-weather|Sandstorm|[upkeep]\n|-damage|p2b: pls no tr|27\/100|[from] Sandstorm\n|upkeep\n|\n|t:|1699216401\n|switch|p2a: Brawn|Walking Wake|33\/100\n|switch|p1b: Harmacy|Vaporeon, F|26\/100\n|turn|11\n|\n|t:|1699216411\n|move|p2a: Brawn|Hydro Steam|p1a: ThcrThnSnkr\n|-supereffective|p1a: ThcrThnSnkr\n|-damage|p1a: ThcrThnSnkr|20\/100 par\n|-damage|p2a: Brawn|23\/100|[from] item: Life Orb\n|move|p1b: Harmacy|Weather Ball|p2a: Brawn\n|-damage|p2a: Brawn|0 fnt\n|faint|p2a: Brawn\n|-end|p2a: Brawn|Protosynthesis|[silent]\n|move|p2b: pls no tr|Expanding Force|p1b: Harmacy\n|-damage|p1b: Harmacy|0 fnt\n|faint|p1b: Harmacy\n|move|p1a: ThcrThnSnkr|Rock Slide|p2b: pls no tr\n|-supereffective|p2b: pls no tr\n|-damage|p2b: pls no tr|0 fnt\n|faint|p2b: pls no tr\n|\n|win|mikeyuwu\n|raw|mikeyuwu's rating: 1391 &rarr; <strong>1410<\/strong><br \/>(+19 for winning)\n|raw|DeformedWater's rating: 1372 &rarr; <strong>1353<\/strong><br \/>(-19 for losing)\n|c|\u2606DeformedWater|Gg\n|l|\u2606DeformedWater\n|c|\u2606mikeyuwu|Gg\n","uploadtime":1699216438,"views":7,"p1id":"mikeyuwu","p2id":"deformedwater","formatid":"gen9doublesou","rating":1353,"private":0,"password":""}