{"id":"gen9doublesou-1980688315","p1":"Rinkablu","p2":"c3l3b","format":"[Gen 9] Doubles OU","log":"|j|\u2606Rinkablu\n|j|\u2606c3l3b\n|t:|1698813205\n|gametype|doubles\n|player|p1|Rinkablu|cheren|1235\n|player|p2|c3l3b|101|1268\n|teamsize|p1|6\n|teamsize|p2|6\n|gen|9\n|tier|[Gen 9] Doubles OU\n|rated|\n|rule|Species Clause: Limit one of each Pok\u00e9mon\n|rule|OHKO Clause: OHKO moves are banned\n|rule|Evasion Moves Clause: Evasion moves are banned\n|rule|Gravity Sleep Clause: The combination of sleep-inducing moves with imperfect accuracy and Gravity or Gigantamax Orbeetle are banned\n|rule|Endless Battle Clause: Forcing endless battles is banned\n|rule|HP Percentage Mod: HP is shown in percentages\n|clearpoke\n|poke|p1|Maushold|\n|poke|p1|Dudunsparce-*, F|\n|poke|p1|Flamigo, M|\n|poke|p1|Gholdengo|\n|poke|p1|Indeedee-F, F|\n|poke|p1|Pachirisu, M|\n|poke|p2|Clefairy, F|\n|poke|p2|Snorlax, F|\n|poke|p2|Sinistcha|\n|poke|p2|Landorus-Therian, M|\n|poke|p2|Kommo-o, M|\n|poke|p2|Iron Hands|\n|teampreview\n|inactive|Battle timer is ON: inactive players will automatically lose when time's up. (requested by Rinkablu)\n|\n|t:|1698813210\n|start\n|switch|p1a: Maushold|Maushold|100\/100\n|switch|p1b: Dudunsparce|Dudunsparce-Three-Segment, F, shiny|100\/100\n|switch|p2a: Snorlax|Snorlax, F, shiny|100\/100\n|switch|p2b: Clefairy|Clefairy, F, shiny|100\/100\n|turn|1\n|\n|t:|1698813222\n|-terastallize|p1b: Dudunsparce|Psychic\n|move|p1a: Maushold|Beat Up|p1b: Dudunsparce\n|-supereffective|p1b: Dudunsparce\n|-damage|p1b: Dudunsparce|97\/100\n|-ability|p1b: Dudunsparce|Rattled|boost\n|-boost|p1b: Dudunsparce|spe|1\n|-enditem|p1b: Dudunsparce|Weakness Policy\n|-boost|p1b: Dudunsparce|atk|2|[from] item: Weakness Policy\n|-boost|p1b: Dudunsparce|spa|2|[from] item: Weakness Policy\n|-supereffective|p1b: Dudunsparce\n|-damage|p1b: Dudunsparce|93\/100\n|-ability|p1b: Dudunsparce|Rattled|boost\n|-boost|p1b: Dudunsparce|spe|1\n|-supereffective|p1b: Dudunsparce\n|-damage|p1b: Dudunsparce|89\/100\n|-ability|p1b: Dudunsparce|Rattled|boost\n|-boost|p1b: Dudunsparce|spe|1\n|-supereffective|p1b: Dudunsparce\n|-damage|p1b: Dudunsparce|86\/100\n|-ability|p1b: Dudunsparce|Rattled|boost\n|-boost|p1b: Dudunsparce|spe|1\n|-supereffective|p1b: Dudunsparce\n|-damage|p1b: Dudunsparce|83\/100\n|-ability|p1b: Dudunsparce|Rattled|boost\n|-boost|p1b: Dudunsparce|spe|1\n|-supereffective|p1b: Dudunsparce\n|-damage|p1b: Dudunsparce|80\/100\n|-ability|p1b: Dudunsparce|Rattled|boost\n|-boost|p1b: Dudunsparce|spe|1\n|-hitcount|p1b: Dudunsparce|6\n|move|p1b: Dudunsparce|Coil|p1b: Dudunsparce\n|-boost|p1b: Dudunsparce|atk|1\n|-boost|p1b: Dudunsparce|def|1\n|-boost|p1b: Dudunsparce|accuracy|1\n|move|p2b: Clefairy|Heal Pulse|p2a: Snorlax\n|-fail|p2a: Snorlax|heal\n|move|p2a: Snorlax|Belly Drum|p2a: Snorlax\n|-damage|p2a: Snorlax|51\/100\n|-setboost|p2a: Snorlax|atk|6|[from] move: Belly Drum\n|\n|upkeep\n|turn|2\n|inactive|c3l3b has 120 seconds left.\n|\n|t:|1698813258\n|switch|p2b: Sinistcha|Sinistcha, shiny|100\/100\n|-heal|p2a: Snorlax|75\/100|[from] ability: Hospitality|[of] p2b: Sinistcha\n|move|p2a: Snorlax|Protect|p2a: Snorlax\n|-singleturn|p2a: Snorlax|Protect\n|move|p1a: Maushold|Follow Me|p1a: Maushold\n|-singleturn|p1a: Maushold|move: Follow Me\n|move|p1b: Dudunsparce|Hyper Drill|p2a: Snorlax\n|-damage|p2a: Snorlax|0 fnt\n|faint|p2a: Snorlax\n|\n|upkeep\n|\n|t:|1698813272\n|switch|p2a: Kommo-o|Kommo-o, M, shiny|100\/100\n|turn|3\n|inactive|c3l3b has 120 seconds left.\n|\n|t:|1698813294\n|-terastallize|p2a: Kommo-o|Steel\n|move|p1a: Maushold|Follow Me|p1a: Maushold\n|-singleturn|p1a: Maushold|move: Follow Me\n|move|p1b: Dudunsparce|Zen Headbutt|p2a: Kommo-o\n|-resisted|p2a: Kommo-o\n|-damage|p2a: Kommo-o|58\/100\n|move|p2a: Kommo-o|Flash Cannon|p1a: Maushold\n|-damage|p1a: Maushold|55\/100\n|move|p2b: Sinistcha|Strength Sap|p1a: Maushold\n|-unboost|p1a: Maushold|atk|1\n|\n|upkeep\n|turn|4\n|\n|t:|1698813313\n|move|p1a: Maushold|Follow Me|p1a: Maushold\n|-singleturn|p1a: Maushold|move: Follow Me\n|move|p2b: Sinistcha|Rage Powder|p2b: Sinistcha\n|-singleturn|p2b: Sinistcha|move: Rage Powder\n|move|p1b: Dudunsparce|Zen Headbutt|p2b: Sinistcha\n|-damage|p2b: Sinistcha|15\/100\n|move|p2a: Kommo-o|Clanging Scales|p1b: Dudunsparce|[spread] p1a,p1b\n|-damage|p1a: Maushold|10\/100\n|-damage|p1b: Dudunsparce|51\/100\n|-unboost|p2a: Kommo-o|def|1\n|-enditem|p2a: Kommo-o|Throat Spray\n|-boost|p2a: Kommo-o|spa|1|[from] item: Throat Spray\n|\n|upkeep\n|turn|5\n|\n|t:|1698813334\n|move|p1a: Maushold|Helping Hand|p1b: Dudunsparce\n|-singleturn|p1b: Dudunsparce|Helping Hand|[of] p1a: Maushold\n|move|p2b: Sinistcha|Rage Powder|p2b: Sinistcha\n|-singleturn|p2b: Sinistcha|move: Rage Powder\n|move|p1b: Dudunsparce|Earthquake|p2b: Sinistcha|[spread] p1a,p2a,p2b\n|-supereffective|p2a: Kommo-o\n|-resisted|p2b: Sinistcha\n|-damage|p1a: Maushold|0 fnt\n|-damage|p2a: Kommo-o|0 fnt\n|-damage|p2b: Sinistcha|0 fnt\n|faint|p1a: Maushold\n|faint|p2a: Kommo-o\n|faint|p2b: Sinistcha\n|\n|upkeep\n|\n|t:|1698813347\n|switch|p1a: Flamigo|Flamigo, M|100\/100\n|switch|p2a: Iron Hands|Iron Hands|100\/100\n|switch|p2b: Landorus|Landorus-Therian, M, shiny|100\/100\n|-ability|p2b: Landorus|Intimidate|boost\n|-unboost|p1a: Flamigo|atk|1\n|-unboost|p1b: Dudunsparce|atk|1\n|-copyboost|p1a: Flamigo|p1b: Dudunsparce|[from] ability: Costar\n|turn|6\n|\n|t:|1698813358\n|move|p2a: Iron Hands|Fake Out|p1b: Dudunsparce\n|-damage|p1b: Dudunsparce|42\/100\n|move|p1a: Flamigo|Liquidation|p2b: Landorus\n|-supereffective|p2b: Landorus\n|-damage|p2b: Landorus|0 fnt\n|faint|p2b: Landorus\n|cant|p1b: Dudunsparce|flinch\n|\n|upkeep\n|\n|t:|1698813365\n|switch|p2b: Clefairy|Clefairy, F, shiny|100\/100\n|turn|7\n|\n|t:|1698813383\n|move|p2b: Clefairy|Follow Me|p2b: Clefairy\n|-singleturn|p2b: Clefairy|move: Follow Me\n|move|p1a: Flamigo|Brave Bird|p2b: Clefairy\n|-crit|p2b: Clefairy\n|-damage|p2b: Clefairy|0 fnt\n|faint|p2b: Clefairy\n|-damage|p1a: Flamigo|63\/100|[from] Recoil\n|move|p1b: Dudunsparce|Earthquake|p2a: Iron Hands|[spread] p2a\n|-immune|p1a: Flamigo\n|-supereffective|p2a: Iron Hands\n|-damage|p2a: Iron Hands|29\/100\n|move|p2a: Iron Hands|Wild Charge|p1a: Flamigo\n|-supereffective|p1a: Flamigo\n|-damage|p1a: Flamigo|0 fnt\n|faint|p1a: Flamigo\n|-damage|p2a: Iron Hands|18\/100|[from] Recoil\n|\n|upkeep\n|\n|t:|1698813399\n|switch|p1a: Indeedee|Indeedee-F, F|100\/100\n|-fieldstart|move: Psychic Terrain|[from] ability: Psychic Surge|[of] p1a: Indeedee\n|turn|8\n|\n|t:|1698813407\n|move|p1a: Indeedee|Helping Hand|p1b: Dudunsparce\n|-singleturn|p1b: Dudunsparce|Helping Hand|[of] p1a: Indeedee\n|move|p1b: Dudunsparce|Hyper Drill|p2a: Iron Hands\n|-damage|p2a: Iron Hands|0 fnt\n|faint|p2a: Iron Hands\n|-end|p2a: Iron Hands|Quark Drive|[silent]\n|\n|win|Rinkablu\n|raw|Rinkablu's rating: 1235 &rarr; <strong>1262<\/strong><br \/>(+27 for winning)\n|raw|c3l3b's rating: 1268 &rarr; <strong>1241<\/strong><br \/>(-27 for losing)\n|l|\u2606c3l3b\n","uploadtime":1698813414,"views":26,"p1id":"rinkablu","p2id":"c3l3b","formatid":"gen9doublesou","rating":1241,"private":0,"password":""}