{"id":"gen9doublesou-1990818084","p1":"Uga Duga buga","p2":"ubbbber","format":"[Gen 9] Doubles OU","log":"|j|\u2606Uga Duga buga\n|j|\u2606ubbbber\n|t:|1700003957\n|gametype|doubles\n|player|p1|Uga Duga buga|marshal|1089\n|player|p2|ubbbber|n|1177\n|teamsize|p1|6\n|teamsize|p2|6\n|gen|9\n|tier|[Gen 9] Doubles OU\n|rated|\n|rule|Species Clause: Limit one of each Pok\u00e9mon\n|rule|OHKO Clause: OHKO moves are banned\n|rule|Evasion Moves Clause: Evasion moves are banned\n|rule|Gravity Sleep Clause: The combination of sleep-inducing moves with imperfect accuracy and Gravity or Gigantamax Orbeetle are banned\n|rule|Endless Battle Clause: Forcing endless battles is banned\n|rule|HP Percentage Mod: HP is shown in percentages\n|clearpoke\n|poke|p1|Samurott-Hisui, M|\n|poke|p1|Clefairy, F|\n|poke|p1|Arcanine, F|\n|poke|p1|Iron Valiant|\n|poke|p1|Sinistcha-Masterpiece|\n|poke|p1|Ursaluna, M|\n|poke|p2|Arcanine, F|\n|poke|p2|Tornadus, M|\n|poke|p2|Palafin, M|\n|poke|p2|Clefairy, F|\n|poke|p2|Rillaboom, F|\n|poke|p2|Kommo-o, F|\n|teampreview\n|\n|t:|1700003972\n|start\n|switch|p1a: Green Tea|Sinistcha-Masterpiece|100\/100\n|switch|p1b: Ursaluna|Ursaluna, M, shiny|100\/100\n|switch|p2a: Kommo-o|Kommo-o, F|100\/100\n|switch|p2b: Tornadus|Tornadus, M|100\/100\n|turn|1\n|inactive|Battle timer is ON: inactive players will automatically lose when time's up. (requested by ubbbber)\n|inactive|Uga Duga buga has 120 seconds left.\n|\n|t:|1700004042\n|move|p2b: Tornadus|Taunt|p1a: Green Tea\n|-start|p1a: Green Tea|move: Taunt\n|move|p2a: Kommo-o|Iron Defense|p2a: Kommo-o\n|-boost|p2a: Kommo-o|def|2\n|move|p1a: Green Tea|Matcha Gotcha|p2b: Tornadus|[spread] p2a,p2b\n|-resisted|p2a: Kommo-o\n|-resisted|p2b: Tornadus\n|-damage|p2a: Kommo-o|92\/100\n|-damage|p2b: Tornadus|91\/100\n|move|p1b: Ursaluna|Shadow Claw|p2a: Kommo-o\n|-damage|p2a: Kommo-o|83\/100\n|\n|-heal|p2a: Kommo-o|89\/100|[from] item: Leftovers\n|upkeep\n|turn|2\n|inactive|Uga Duga buga has 120 seconds left.\n|inactive|ubbbber has 120 seconds left.\n|\n|t:|1700004084\n|switch|p2b: Arcanine|Arcanine, F|100\/100\n|-ability|p2b: Arcanine|Intimidate|boost\n|-unboost|p1a: Green Tea|atk|1\n|-unboost|p1b: Ursaluna|atk|1\n|switch|p1a: Iron Valiant|Iron Valiant|100\/100\n|-enditem|p1a: Iron Valiant|Booster Energy\n|-activate|p1a: Iron Valiant|ability: Quark Drive|[fromitem]\n|-start|p1a: Iron Valiant|quarkdrivespe\n|move|p2a: Kommo-o|Iron Defense|p2a: Kommo-o\n|-boost|p2a: Kommo-o|def|2\n|move|p1b: Ursaluna|Facade|p2b: Arcanine\n|-damage|p2b: Arcanine|72\/100\n|\n|-heal|p2a: Kommo-o|96\/100|[from] item: Leftovers\n|upkeep\n|turn|3\n|inactive|Uga Duga buga has 120 seconds left.\n|inactive|ubbbber has 120 seconds left.\n|\n|t:|1700004127\n|-terastallize|p2a: Kommo-o|Steel\n|move|p1a: Iron Valiant|Taunt|p2a: Kommo-o\n|-start|p2a: Kommo-o|move: Taunt\n|move|p2b: Arcanine|Flare Blitz|p1a: Iron Valiant\n|-damage|p1a: Iron Valiant|45\/100\n|-damage|p2b: Arcanine|58\/100|[from] Recoil\n|cant|p2a: Kommo-o|move: Taunt|Iron Defense\n|move|p1b: Ursaluna|High Horsepower|p2b: Arcanine\n|-supereffective|p2b: Arcanine\n|-damage|p2b: Arcanine|0 fnt\n|faint|p2b: Arcanine\n|\n|-heal|p2a: Kommo-o|100\/100|[from] item: Leftovers\n|upkeep\n|\n|t:|1700004141\n|switch|p2b: Palafin|Palafin, M|100\/100\n|turn|4\n|inactive|Uga Duga buga has 120 seconds left.\n|\n|t:|1700004163\n|detailschange|p2b: Palafin|Palafin-Hero, M\n|switch|p2b: Tornadus|Tornadus, M|91\/100\n|switch|p1b: Clefairy|Clefairy, F|100\/100\n|move|p1a: Iron Valiant|Drain Punch|p2a: Kommo-o\n|-supereffective|p2a: Kommo-o\n|-damage|p2a: Kommo-o|81\/100\n|-heal|p1a: Iron Valiant|57\/100|[from] drain|[of] p2a: Kommo-o\n|move|p2a: Kommo-o|Body Press|p1b: Clefairy\n|-resisted|p1b: Clefairy\n|-damage|p1b: Clefairy|38\/100\n|\n|-heal|p2a: Kommo-o|88\/100|[from] item: Leftovers\n|upkeep\n|turn|5\n|\n|t:|1700004190\n|move|p2b: Tornadus|Taunt|p1a: Iron Valiant\n|-start|p1a: Iron Valiant|move: Taunt\n|move|p1a: Iron Valiant|Drain Punch|p2a: Kommo-o\n|-supereffective|p2a: Kommo-o\n|-damage|p2a: Kommo-o|65\/100\n|-heal|p1a: Iron Valiant|70\/100|[from] drain|[of] p2a: Kommo-o\n|move|p2a: Kommo-o|Body Press|p1b: Clefairy\n|-resisted|p1b: Clefairy\n|-damage|p1b: Clefairy|0 fnt\n|faint|p1b: Clefairy\n|\n|-heal|p2a: Kommo-o|72\/100|[from] item: Leftovers\n|-end|p2a: Kommo-o|move: Taunt\n|upkeep\n|inactive|Uga Duga buga has 120 seconds left.\n|\n|t:|1700004226\n|switch|p1b: Arcanine|Arcanine, F|100\/100\n|-ability|p1b: Arcanine|Intimidate|boost\n|-unboost|p2a: Kommo-o|atk|1\n|-unboost|p2b: Tornadus|atk|1\n|turn|6\n|\n|t:|1700004241\n|move|p2b: Tornadus|Taunt|p1b: Arcanine\n|-start|p1b: Arcanine|move: Taunt\n|move|p1a: Iron Valiant|Spirit Break|p2b: Tornadus\n|-damage|p2b: Tornadus|35\/100\n|move|p1b: Arcanine|Flare Blitz|p2a: Kommo-o\n|-supereffective|p2a: Kommo-o\n|-damage|p2a: Kommo-o|39\/100\n|-status|p2a: Kommo-o|brn\n|-damage|p1b: Arcanine|89\/100|[from] Recoil\n|move|p2a: Kommo-o|Iron Defense|p2a: Kommo-o\n|-boost|p2a: Kommo-o|def|2\n|\n|-heal|p1b: Arcanine|95\/100|[from] item: Leftovers\n|-heal|p2a: Kommo-o|46\/100 brn|[from] item: Leftovers\n|-damage|p2a: Kommo-o|39\/100 brn|[from] brn\n|upkeep\n|turn|7\n|inactive|Uga Duga buga has 120 seconds left.\n|\n|t:|1700004262\n|move|p1b: Arcanine|Extreme Speed|p2b: Tornadus\n|-damage|p2b: Tornadus|2\/100\n|move|p2b: Tornadus|Rain Dance|p2b: Tornadus\n|-weather|RainDance\n|move|p1a: Iron Valiant|Drain Punch|p2a: Kommo-o\n|-supereffective|p2a: Kommo-o\n|-damage|p2a: Kommo-o|23\/100 brn\n|-heal|p1a: Iron Valiant|81\/100|[from] drain|[of] p2a: Kommo-o\n|move|p2a: Kommo-o|Body Press|p1b: Arcanine\n|-damage|p1b: Arcanine|7\/100\n|\n|-weather|RainDance|[upkeep]\n|-heal|p1b: Arcanine|13\/100|[from] item: Leftovers\n|-heal|p2a: Kommo-o|29\/100 brn|[from] item: Leftovers\n|-damage|p2a: Kommo-o|23\/100 brn|[from] brn\n|-end|p1a: Iron Valiant|move: Taunt\n|upkeep\n|turn|8\n|inactive|Uga Duga buga has 120 seconds left.\n|\n|t:|1700004291\n|switch|p2b: Palafin|Palafin-Hero, M|100\/100\n|-activate|p2b: Palafin|ability: Zero to Hero\n|move|p2a: Kommo-o|Protect|p2a: Kommo-o\n|-singleturn|p2a: Kommo-o|Protect\n|move|p1b: Arcanine|Extreme Speed|p2b: Palafin\n|-damage|p2b: Palafin|76\/100\n|move|p1a: Iron Valiant|Drain Punch|p2a: Kommo-o\n|-activate|p2a: Kommo-o|move: Protect\n|\n|-weather|RainDance|[upkeep]\n|-heal|p1b: Arcanine|19\/100|[from] item: Leftovers\n|-heal|p2a: Kommo-o|29\/100 brn|[from] item: Leftovers\n|-damage|p2a: Kommo-o|23\/100 brn|[from] brn\n|-end|p1b: Arcanine|move: Taunt\n|upkeep\n|turn|9\n|inactive|Uga Duga buga has 120 seconds left.\n|\n|t:|1700004317\n|move|p1b: Arcanine|Helping Hand|p1a: Iron Valiant\n|-singleturn|p1a: Iron Valiant|Helping Hand|[of] p1b: Arcanine\n|move|p2b: Palafin|Jet Punch|p1b: Arcanine\n|-supereffective|p1b: Arcanine\n|-crit|p1b: Arcanine\n|-damage|p1b: Arcanine|0 fnt\n|faint|p1b: Arcanine\n|move|p1a: Iron Valiant|Spirit Break|p2b: Palafin\n|-damage|p2b: Palafin|18\/100\n|-unboost|p2b: Palafin|spa|1\n|move|p2a: Kommo-o|Body Press|p1a: Iron Valiant\n|-resisted|p1a: Iron Valiant\n|-damage|p1a: Iron Valiant|35\/100\n|\n|-weather|RainDance|[upkeep]\n|-heal|p2a: Kommo-o|29\/100 brn|[from] item: Leftovers\n|-damage|p2a: Kommo-o|23\/100 brn|[from] brn\n|upkeep\n|\n|t:|1700004323\n|switch|p1b: Samurott|Samurott-Hisui, M|100\/100\n|turn|10\n|inactive|Uga Duga buga has 120 seconds left.\n|inactive|Uga Duga buga has 90 seconds left.\n|\n|t:|1700004394\n|-terastallize|p1b: Samurott|Steel\n|move|p2b: Palafin|Jet Punch|p1a: Iron Valiant\n|-damage|p1a: Iron Valiant|0 fnt\n|faint|p1a: Iron Valiant\n|-end|p1a: Iron Valiant|Quark Drive|[silent]\n|move|p1b: Samurott|Aqua Cutter|p2a: Kommo-o\n|-damage|p2a: Kommo-o|9\/100 brn\n|move|p2a: Kommo-o|Body Press|p1b: Samurott\n|-supereffective|p1b: Samurott\n|-enditem|p1b: Samurott|Focus Sash\n|-damage|p1b: Samurott|1\/100\n|\n|-weather|RainDance|[upkeep]\n|-heal|p2a: Kommo-o|15\/100 brn|[from] item: Leftovers\n|-damage|p2a: Kommo-o|9\/100 brn|[from] brn\n|upkeep\n|\n|t:|1700004397\n|switch|p1a: Green Tea|Sinistcha-Masterpiece|100\/100\n|-heal|p1b: Samurott|26\/100|[from] ability: Hospitality|[of] p1a: Green Tea\n|turn|11\n|inactive|Uga Duga buga has 90 seconds left.\n|\n|t:|1700004413\n|move|p2b: Palafin|Jet Punch|p1b: Samurott\n|-damage|p1b: Samurott|0 fnt\n|faint|p1b: Samurott\n|move|p2a: Kommo-o|Flash Cannon|p1a: Green Tea\n|-damage|p1a: Green Tea|68\/100\n|move|p1a: Green Tea|Matcha Gotcha|p2b: Palafin|[spread] p2a,p2b\n|-resisted|p2a: Kommo-o\n|-supereffective|p2b: Palafin\n|-damage|p2a: Kommo-o|1\/100 brn\n|-heal|p1a: Green Tea|72\/100|[from] drain|[of] p2a: Kommo-o\n|-damage|p2b: Palafin|0 fnt\n|-heal|p1a: Green Tea|80\/100|[from] drain|[of] p2b: Palafin\n|faint|p2b: Palafin\n|\n|-weather|none\n|-heal|p2a: Kommo-o|7\/100 brn|[from] item: Leftovers\n|-heal|p1a: Green Tea|86\/100|[from] item: Leftovers\n|-damage|p2a: Kommo-o|1\/100 brn|[from] brn\n|upkeep\n|\n|t:|1700004428\n|switch|p2b: Rillaboom|Rillaboom, F|100\/100\n|switch|p1b: Ursaluna|Ursaluna, M, shiny|100\/100\n|-fieldstart|move: Grassy Terrain|[from] ability: Grassy Surge|[of] p2b: Rillaboom\n|turn|12\n|\n|t:|1700004437\n|move|p1a: Green Tea|Protect|p1a: Green Tea\n|-singleturn|p1a: Green Tea|Protect\n|move|p1b: Ursaluna|Protect|p1b: Ursaluna\n|-singleturn|p1b: Ursaluna|Protect\n|move|p2b: Rillaboom|Knock Off|p1a: Green Tea\n|-activate|p1a: Green Tea|move: Protect\n|move|p2a: Kommo-o|Body Press|p1b: Ursaluna\n|-activate|p1b: Ursaluna|move: Protect\n|\n|-heal|p2a: Kommo-o|7\/100 brn|[from] Grassy Terrain\n|-heal|p2a: Kommo-o|13\/100 brn|[from] item: Leftovers\n|-heal|p1a: Green Tea|92\/100|[from] Grassy Terrain\n|-heal|p1a: Green Tea|98\/100|[from] item: Leftovers\n|-damage|p2a: Kommo-o|7\/100 brn|[from] brn\n|upkeep\n|turn|13\n|\n|t:|1700004464\n|move|p2b: Rillaboom|Knock Off|p1a: Green Tea\n|-supereffective|p1a: Green Tea\n|-damage|p1a: Green Tea|57\/100\n|-enditem|p1a: Green Tea|Leftovers|[from] move: Knock Off|[of] p2b: Rillaboom\n|move|p2a: Kommo-o|Body Press|p1b: Ursaluna\n|-supereffective|p1b: Ursaluna\n|-damage|p1b: Ursaluna|36\/100\n|-damage|p2a: Kommo-o|0 fnt|[from] item: Rocky Helmet|[of] p1b: Ursaluna\n|faint|p2a: Kommo-o\n|move|p1a: Green Tea|Matcha Gotcha|p2b: Rillaboom|[miss]\n|-miss|p1a: Green Tea|p2b: Rillaboom\n|move|p1b: Ursaluna|Facade|p2b: Rillaboom\n|-damage|p2b: Rillaboom|64\/100\n|\n|-heal|p2b: Rillaboom|71\/100|[from] Grassy Terrain\n|-heal|p1a: Green Tea|63\/100|[from] Grassy Terrain\n|-heal|p1b: Ursaluna|42\/100|[from] Grassy Terrain\n|upkeep\n|\n|t:|1700004476\n|switch|p2a: Tornadus|Tornadus, M|2\/100\n|turn|14\n|\n|t:|1700004486\n|move|p2b: Rillaboom|Wood Hammer|p1b: Ursaluna\n|-supereffective|p1b: Ursaluna\n|-damage|p1b: Ursaluna|0 fnt\n|-damage|p2b: Rillaboom|54\/100|[from] item: Rocky Helmet|[of] p1b: Ursaluna\n|faint|p1b: Ursaluna\n|-damage|p2b: Rillaboom|35\/100|[from] Recoil\n|move|p2a: Tornadus|Bleakwind Storm|p1a: Green Tea\n|-supereffective|p1a: Green Tea\n|-damage|p1a: Green Tea|0 fnt\n|faint|p1a: Green Tea\n|\n|win|ubbbber\n|raw|Uga Duga buga's rating: 1089 &rarr; <strong>1071<\/strong><br \/>(-18 for losing)\n|raw|ubbbber's rating: 1177 &rarr; <strong>1196<\/strong><br \/>(+19 for winning)\n|l|\u2606ubbbber\n|l|\u2606Uga Duga buga\n|j|\u2606ubbbber\n|player|p2|ubbbber|n\n","uploadtime":1700004502,"views":13,"p1id":"ugadugabuga","p2id":"ubbbber","formatid":"gen9doublesou","rating":1071,"private":0,"password":""}