{"id":"gen9doublesou-1979364842","p1":"lobonatoca","p2":"QwilfishFan0613","format":"[Gen 9] Doubles OU","log":"|j|\u2606lobonatoca\n|j|\u2606QwilfishFan0613\n|t:|1698676731\n|gametype|doubles\n|player|p1|lobonatoca|170|1239\n|player|p2|QwilfishFan0613|bellelba|1256\n|teamsize|p1|6\n|teamsize|p2|6\n|gen|9\n|tier|[Gen 9] Doubles OU\n|rated|\n|rule|Species Clause: Limit one of each Pok\u00e9mon\n|rule|OHKO Clause: OHKO moves are banned\n|rule|Evasion Moves Clause: Evasion moves are banned\n|rule|Gravity Sleep Clause: The combination of sleep-inducing moves with imperfect accuracy and Gravity or Gigantamax Orbeetle are banned\n|rule|Endless Battle Clause: Forcing endless battles is banned\n|rule|HP Percentage Mod: HP is shown in percentages\n|clearpoke\n|poke|p1|Armarouge, M|\n|poke|p1|Farigiraf, F|\n|poke|p1|Ursaluna, M|\n|poke|p1|Pawmot, M|\n|poke|p1|Roaring Moon|\n|poke|p1|Maushold|\n|poke|p2|Ogerpon-Hearthflame, F|\n|poke|p2|Regieleki|\n|poke|p2|Milotic, F|\n|poke|p2|Sinistcha-Masterpiece|\n|poke|p2|Iron Moth|\n|poke|p2|Landorus-Therian, M|\n|teampreview\n|inactive|Battle timer is ON: inactive players will automatically lose when time's up. (requested by QwilfishFan0613)\n|inactive|lobonatoca has 120 seconds left.\n|\n|t:|1698676787\n|start\n|switch|p1a: Ursaluna|Ursaluna, M|100\/100\n|switch|p1b: Farigiraf|Farigiraf, F|100\/100\n|switch|p2a: Iron Moth|Iron Moth|100\/100\n|switch|p2b: Mavis|Milotic, F|100\/100\n|-enditem|p2a: Iron Moth|Booster Energy\n|-activate|p2a: Iron Moth|ability: Quark Drive|[fromitem]\n|-start|p2a: Iron Moth|quarkdrivespe\n|turn|1\n|\n|t:|1698676809\n|move|p2a: Iron Moth|Helping Hand|p2b: Mavis\n|-singleturn|p2b: Mavis|Helping Hand|[of] p2a: Iron Moth\n|move|p1a: Ursaluna|Protect|p1a: Ursaluna\n|-singleturn|p1a: Ursaluna|Protect\n|move|p2b: Mavis|Scald|p1b: Farigiraf\n|-damage|p1b: Farigiraf|48\/100\n|-status|p1b: Farigiraf|brn\n|-enditem|p1b: Farigiraf|Sitrus Berry|[eat]\n|-heal|p1b: Farigiraf|73\/100 brn|[from] item: Sitrus Berry\n|move|p1b: Farigiraf|Trick Room|p1b: Farigiraf\n|-fieldstart|move: Trick Room|[of] p1b: Farigiraf\n|\n|-damage|p1b: Farigiraf|67\/100 brn|[from] brn\n|-status|p1a: Ursaluna|brn|[from] item: Flame Orb\n|upkeep\n|turn|2\n|\n|t:|1698676826\n|move|p2a: Iron Moth|Protect|p2a: Iron Moth\n|-singleturn|p2a: Iron Moth|Protect\n|move|p1a: Ursaluna|Earthquake|p2a: Iron Moth|[spread] p1b,p2b\n|-activate|p2a: Iron Moth|move: Protect\n|-damage|p1b: Farigiraf|8\/100 brn\n|-damage|p2b: Mavis|32\/100\n|move|p1b: Farigiraf|Hyper Voice|p2b: Mavis|[spread] p2b\n|-activate|p2a: Iron Moth|move: Protect\n|-damage|p2b: Mavis|10\/100\n|move|p2b: Mavis|Scald|p1a: Ursaluna\n|-supereffective|p1a: Ursaluna\n|-damage|p1a: Ursaluna|33\/100 brn\n|\n|-heal|p2b: Mavis|16\/100|[from] item: Leftovers\n|-damage|p1a: Ursaluna|27\/100 brn|[from] brn\n|-damage|p1b: Farigiraf|2\/100 brn|[from] brn\n|upkeep\n|turn|3\n|\n|t:|1698676846\n|-end|p2a: Iron Moth|Quark Drive|[silent]\n|switch|p2a: Happy Meal|Sinistcha-Masterpiece, shiny|100\/100\n|-heal|p2b: Mavis|41\/100|[from] ability: Hospitality|[of] p2a: Happy Meal\n|move|p2b: Mavis|Protect|p2b: Mavis\n|-singleturn|p2b: Mavis|Protect\n|move|p1a: Ursaluna|Earthquake|p2a: Happy Meal|[spread] p1b,p2a\n|-activate|p2b: Mavis|move: Protect\n|-resisted|p2a: Happy Meal\n|-damage|p1b: Farigiraf|0 fnt\n|-damage|p2a: Happy Meal|79\/100\n|faint|p1b: Farigiraf\n|\n|-heal|p2b: Mavis|47\/100|[from] item: Leftovers\n|-damage|p1a: Ursaluna|20\/100 brn|[from] brn\n|upkeep\n|inactive|lobonatoca has 120 seconds left.\n|\n|t:|1698676863\n|switch|p1b: Roaring Moon|Roaring Moon|100\/100\n|-enditem|p1b: Roaring Moon|Booster Energy\n|-activate|p1b: Roaring Moon|ability: Protosynthesis|[fromitem]\n|-start|p1b: Roaring Moon|protosynthesisatk\n|turn|4\n|\n|t:|1698676873\n|move|p1a: Ursaluna|Facade|p2b: Mavis\n|-damage|p2b: Mavis|0 fnt\n|faint|p2b: Mavis\n|move|p2a: Happy Meal|Strength Sap|p1b: Roaring Moon\n|-unboost|p1b: Roaring Moon|atk|1\n|-heal|p2a: Happy Meal|100\/100\n|move|p1b: Roaring Moon|Knock Off|p2a: Happy Meal\n|-supereffective|p2a: Happy Meal\n|-damage|p2a: Happy Meal|36\/100\n|-enditem|p2a: Happy Meal|Mental Herb|[from] move: Knock Off|[of] p1b: Roaring Moon\n|\n|-damage|p1a: Ursaluna|14\/100 brn|[from] brn\n|upkeep\n|\n|t:|1698676885\n|switch|p2b: Landorus|Landorus-Therian, M|100\/100\n|-ability|p2b: Landorus|Intimidate|boost\n|-unboost|p1a: Ursaluna|atk|1\n|-unboost|p1b: Roaring Moon|atk|1\n|turn|5\n|\n|t:|1698676895\n|move|p2a: Happy Meal|Protect|p2a: Happy Meal\n|-singleturn|p2a: Happy Meal|Protect\n|move|p1a: Ursaluna|Facade|p2b: Landorus\n|-damage|p2b: Landorus|0 fnt\n|faint|p2b: Landorus\n|move|p1b: Roaring Moon|Acrobatics|p2a: Happy Meal\n|-activate|p2a: Happy Meal|move: Protect\n|\n|-damage|p1a: Ursaluna|8\/100 brn|[from] brn\n|-fieldend|move: Trick Room\n|upkeep\n|\n|t:|1698676909\n|switch|p2b: Baja Blast|Regieleki|100\/100\n|turn|6\n|\n|t:|1698676917\n|move|p2b: Baja Blast|Rapid Spin|p1a: Ursaluna\n|-damage|p1a: Ursaluna|0 fnt\n|-boost|p2b: Baja Blast|spe|1\n|faint|p1a: Ursaluna\n|move|p1b: Roaring Moon|Dragon Dance|p1b: Roaring Moon\n|-boost|p1b: Roaring Moon|atk|1\n|-boost|p1b: Roaring Moon|spe|1\n|move|p2a: Happy Meal|Matcha Gotcha|p1b: Roaring Moon\n|-resisted|p1b: Roaring Moon\n|-damage|p1b: Roaring Moon|85\/100\n|-heal|p2a: Happy Meal|44\/100|[from] drain|[of] p1b: Roaring Moon\n|\n|upkeep\n|\n|t:|1698676930\n|switch|p1a: Pawmot|Pawmot, M|100\/100\n|turn|7\n|\n|t:|1698676936\n|move|p1a: Pawmot|Fake Out|p2b: Baja Blast\n|-damage|p2b: Baja Blast|75\/100\n|cant|p2b: Baja Blast|flinch\n|move|p1b: Roaring Moon|Acrobatics|p2a: Happy Meal\n|-supereffective|p2a: Happy Meal\n|-damage|p2a: Happy Meal|0 fnt\n|faint|p2a: Happy Meal\n|\n|upkeep\n|\n|t:|1698676945\n|switch|p2a: Big Mac|Ogerpon-Hearthflame, F|100\/100\n|-ability|p2a: Big Mac|Mold Breaker\n|turn|8\n|inactive|lobonatoca has 120 seconds left.\n|\n|t:|1698676976\n|move|p2b: Baja Blast|Electroweb|p1b: Roaring Moon|[spread] p1a,p1b\n|-resisted|p1a: Pawmot\n|-resisted|p1b: Roaring Moon\n|-damage|p1a: Pawmot|76\/100\n|-damage|p1b: Roaring Moon|71\/100\n|-unboost|p1a: Pawmot|spe|1\n|-unboost|p1b: Roaring Moon|spe|1\n|move|p2a: Big Mac|Trailblaze|p1a: Pawmot\n|-damage|p1a: Pawmot|24\/100\n|-boost|p2a: Big Mac|spe|1\n|move|p1b: Roaring Moon|Acrobatics|p2a: Big Mac\n|-supereffective|p2a: Big Mac\n|-damage|p2a: Big Mac|0 fnt\n|faint|p2a: Big Mac\n|move|p1a: Pawmot|Close Combat|p2b: Baja Blast\n|-damage|p2b: Baja Blast|0 fnt\n|-unboost|p1a: Pawmot|def|1\n|-unboost|p1a: Pawmot|spd|1\n|faint|p2b: Baja Blast\n|\n|upkeep\n|-message|QwilfishFan0613 forfeited.\n|\n|win|lobonatoca\n|raw|lobonatoca's rating: 1239 &rarr; <strong>1265<\/strong><br \/>(+26 for winning)\n|raw|QwilfishFan0613's rating: 1256 &rarr; <strong>1230<\/strong><br \/>(-26 for losing)\n|l|\u2606QwilfishFan0613\n","uploadtime":1698677003,"views":11,"p1id":"lobonatoca","p2id":"qwilfishfan0613","formatid":"gen9doublesou","rating":1230,"private":0,"password":""}