{"id":"gen9doublesou-1982368996","p1":"Prokosuyo12","p2":"sleepcooling","format":"[Gen 9] Doubles OU","log":"|j|\u2606Prokosuyo12\n|j|\u2606sleepcooling\n|t:|1699005286\n|gametype|doubles\n|player|p1|Prokosuyo12|170|1124\n|player|p2|sleepcooling|gloria|1109\n|teamsize|p1|6\n|teamsize|p2|6\n|gen|9\n|tier|[Gen 9] Doubles OU\n|rated|\n|rule|Species Clause: Limit one of each Pok\u00e9mon\n|rule|OHKO Clause: OHKO moves are banned\n|rule|Evasion Moves Clause: Evasion moves are banned\n|rule|Gravity Sleep Clause: The combination of sleep-inducing moves with imperfect accuracy and Gravity or Gigantamax Orbeetle are banned\n|rule|Endless Battle Clause: Forcing endless battles is banned\n|rule|HP Percentage Mod: HP is shown in percentages\n|clearpoke\n|poke|p1|Bronzong|\n|poke|p1|Kingambit, M|\n|poke|p1|Flutter Mane|\n|poke|p1|Amoonguss, M|\n|poke|p1|Ursaring, M|\n|poke|p1|Chandelure, F|\n|poke|p2|Flutter Mane|\n|poke|p2|Ogerpon-Wellspring, F|\n|poke|p2|Pelipper, M|\n|poke|p2|Ludicolo, F|\n|poke|p2|Volcanion|\n|poke|p2|Amoonguss, F|\n|teampreview\n|\n|t:|1699005304\n|start\n|switch|p1a: Amoonguss|Amoonguss, M|100\/100\n|switch|p1b: Ursaring|Ursaring, M|100\/100\n|switch|p2a: Pelipper|Pelipper, M|100\/100\n|switch|p2b: Ogerpon|Ogerpon-Wellspring, F|100\/100\n|-weather|RainDance|[from] ability: Drizzle|[of] p2a: Pelipper\n|turn|1\n|\n|t:|1699005324\n|move|p2b: Ogerpon|Follow Me|p2b: Ogerpon\n|-singleturn|p2b: Ogerpon|move: Follow Me\n|move|p2a: Pelipper|Hurricane|p1a: Amoonguss\n|-supereffective|p1a: Amoonguss\n|-damage|p1a: Amoonguss|47\/100\n|-start|p1a: Amoonguss|confusion\n|move|p1b: Ursaring|Swords Dance|p1b: Ursaring\n|-boost|p1b: Ursaring|atk|2\n|-activate|p1a: Amoonguss|confusion\n|-damage|p1a: Amoonguss|40\/100|[from] confusion\n|\n|-weather|RainDance|[upkeep]\n|-status|p1b: Ursaring|brn|[from] item: Flame Orb\n|upkeep\n|turn|2\n|\n|t:|1699005345\n|-activate|p1a: Amoonguss|confusion\n|move|p1a: Amoonguss|Protect|p1a: Amoonguss\n|-singleturn|p1a: Amoonguss|Protect\n|move|p2b: Ogerpon|Ivy Cudgel|p1b: Ursaring\n|-damage|p1b: Ursaring|13\/100 brn\n|move|p2a: Pelipper|Weather Ball|p1b: Ursaring\n|-damage|p1b: Ursaring|0 fnt\n|faint|p1b: Ursaring\n|\n|-weather|RainDance|[upkeep]\n|upkeep\n|\n|t:|1699005358\n|switch|p1b: Flutter Mane|Flutter Mane|100\/100\n|-enditem|p1b: Flutter Mane|Booster Energy\n|-activate|p1b: Flutter Mane|ability: Protosynthesis|[fromitem]\n|-start|p1b: Flutter Mane|protosynthesisspa\n|turn|3\n|\n|t:|1699005381\n|move|p2b: Ogerpon|Spiky Shield|p2b: Ogerpon\n|-singleturn|p2b: Ogerpon|move: Protect\n|move|p1b: Flutter Mane|Thunderbolt|p2a: Pelipper\n|-supereffective|p2a: Pelipper\n|-damage|p2a: Pelipper|0 fnt\n|faint|p2a: Pelipper\n|-activate|p1a: Amoonguss|confusion\n|move|p1a: Amoonguss|Spore|p2b: Ogerpon\n|-activate|p2b: Ogerpon|move: Protect\n|\n|-weather|RainDance|[upkeep]\n|upkeep\n|\n|t:|1699005394\n|switch|p2a: Ludicolo|Ludicolo, F|100\/100\n|turn|4\n|j| EMPz_FL\n|\n|t:|1699005412\n|-terastallize|p2a: Ludicolo|Water\n|-activate|p1a: Amoonguss|confusion\n|move|p1a: Amoonguss|Protect|p1a: Amoonguss\n|-singleturn|p1a: Amoonguss|Protect\n|move|p2b: Ogerpon|Follow Me|p2b: Ogerpon\n|-singleturn|p2b: Ogerpon|move: Follow Me\n|move|p2a: Ludicolo|Surf|p1b: Flutter Mane|[spread] p1b\n|-activate|p1a: Amoonguss|move: Protect\n|-immune|p2b: Ogerpon|[from] ability: Water Absorb\n|-damage|p1b: Flutter Mane|31\/100\n|move|p1b: Flutter Mane|Thunderbolt|p2b: Ogerpon\n|-damage|p2b: Ogerpon|52\/100\n|\n|-weather|RainDance|[upkeep]\n|upkeep\n|turn|5\n|l| EMPz_FL\n|\n|t:|1699005442\n|move|p2a: Ludicolo|Surf|p1b: Flutter Mane|[spread] p1a,p1b\n|-heal|p2b: Ogerpon|77\/100|[from] ability: Water Absorb|[of] p2a: Ludicolo\n|-resisted|p1a: Amoonguss\n|-crit|p1a: Amoonguss\n|-damage|p1a: Amoonguss|6\/100\n|-damage|p1b: Flutter Mane|0 fnt\n|-enditem|p1a: Amoonguss|Aguav Berry|[eat]\n|-heal|p1a: Amoonguss|39\/100|[from] item: Aguav Berry\n|faint|p1b: Flutter Mane\n|-end|p1b: Flutter Mane|Protosynthesis|[silent]\n|move|p2b: Ogerpon|Ivy Cudgel|p1a: Amoonguss\n|-resisted|p1a: Amoonguss\n|-damage|p1a: Amoonguss|0 fnt\n|faint|p1a: Amoonguss\n|\n|-weather|RainDance|[upkeep]\n|upkeep\n|\n|t:|1699005455\n|switch|p1b: Kingambit|Kingambit, M|100\/100\n|switch|p1a: Bronzong|Bronzong, shiny|100\/100\n|-activate|p1b: Kingambit|ability: Supreme Overlord\n|-start|p1b: Kingambit|fallen3|[silent]\n|turn|6\n|\n|t:|1699005474\n|move|p2a: Ludicolo|Surf|p1b: Kingambit|[spread] p1a,p1b\n|-heal|p2b: Ogerpon|100\/100|[from] ability: Water Absorb|[of] p2a: Ludicolo\n|-damage|p1a: Bronzong|54\/100\n|-damage|p1b: Kingambit|38\/100\n|move|p2b: Ogerpon|Ivy Cudgel|p1a: Bronzong\n|-crit|p1a: Bronzong\n|-damage|p1a: Bronzong|0 fnt\n|faint|p1a: Bronzong\n|move|p1b: Kingambit|Kowtow Cleave|p2a: Ludicolo\n|-damage|p2a: Ludicolo|0 fnt\n|faint|p2a: Ludicolo\n|-damage|p1b: Kingambit|28\/100|[from] item: Life Orb\n|\n|-weather|RainDance|[upkeep]\n|upkeep\n|\n|t:|1699005489\n|switch|p2a: Volcanion|Volcanion|100\/100\n|switch|p1a: Chandelure|Chandelure, F|100\/100\n|turn|7\n|\n|t:|1699005511\n|move|p2b: Ogerpon|Ivy Cudgel|p1b: Kingambit\n|-damage|p1b: Kingambit|0 fnt\n|faint|p1b: Kingambit\n|-end|p1b: Kingambit|fallen3|[silent]\n|move|p1a: Chandelure|Psychic|p2a: Volcanion\n|-damage|p2a: Volcanion|68\/100\n|move|p2a: Volcanion|Steam Eruption|p1a: Chandelure\n|-supereffective|p1a: Chandelure\n|-damage|p1a: Chandelure|0 fnt\n|faint|p1a: Chandelure\n|\n|win|sleepcooling\n|raw|Prokosuyo12's rating: 1124 &rarr; <strong>1098<\/strong><br \/>(-26 for losing)\n|raw|sleepcooling's rating: 1109 &rarr; <strong>1135<\/strong><br \/>(+26 for winning)\n|l|\u2606Prokosuyo12\n","uploadtime":1699005683,"views":24,"p1id":"prokosuyo12","p2id":"sleepcooling","formatid":"gen9doublesou","rating":1098,"private":0,"password":""}