{"id":"gen9doublesou-1995791776","p1":"BardicInspo","p2":"mikeyuwu","format":"[Gen 9] Doubles OU","log":"|j|\u2606BardicInspo\n|j|\u2606mikeyuwu\n|t:|1700603564\n|gametype|doubles\n|player|p1|BardicInspo|swimmerf-gen4dp|1168\n|player|p2|mikeyuwu|psychic-gen4|1241\n|teamsize|p1|6\n|teamsize|p2|6\n|gen|9\n|tier|[Gen 9] Doubles OU\n|rated|\n|rule|Species Clause: Limit one of each Pok\u00e9mon\n|rule|OHKO Clause: OHKO moves are banned\n|rule|Evasion Moves Clause: Evasion moves are banned\n|rule|Gravity Sleep Clause: The combination of sleep-inducing moves with imperfect accuracy and Gravity or Gigantamax Orbeetle are banned\n|rule|Endless Battle Clause: Forcing endless battles is banned\n|rule|HP Percentage Mod: HP is shown in percentages\n|clearpoke\n|poke|p1|Oricorio-Pom-Pom, M|\n|poke|p1|Volcarona, F|\n|poke|p1|Farigiraf, F|\n|poke|p1|Passimian, M|\n|poke|p1|Muk-Alola, M|\n|poke|p1|Grimmsnarl, M|\n|poke|p2|Garchomp, M|\n|poke|p2|Tyranitar, F|\n|poke|p2|Vaporeon, F|\n|poke|p2|Toxicroak, M|\n|poke|p2|Pelipper, F|\n|poke|p2|Abomasnow, M|\n|teampreview\n|inactive|Battle timer is ON: inactive players will automatically lose when time's up. (requested by BardicInspo)\n|\n|t:|1700603584\n|start\n|switch|p1a: Passimian|Passimian, M|100\/100\n|switch|p1b: Grimmsnarl|Grimmsnarl, M|100\/100\n|switch|p2a: ThcrThnSnkr|Tyranitar, F|100\/100\n|switch|p2b: Harmacy|Vaporeon, F|100\/100\n|-weather|Sandstorm|[from] ability: Sand Stream|[of] p2a: ThcrThnSnkr\n|turn|1\n|\n|t:|1700603595\n|switch|p2a: Weather War|Pelipper, F|100\/100\n|-weather|RainDance|[from] ability: Drizzle|[of] p2a: Weather War\n|move|p1b: Grimmsnarl|Taunt|p2b: Harmacy\n|-start|p2b: Harmacy|move: Taunt\n|move|p1a: Passimian|Drain Punch|p2a: Weather War\n|-resisted|p2a: Weather War\n|-damage|p2a: Weather War|86\/100\n|cant|p2b: Harmacy|move: Taunt|Copycat\n|\n|-weather|RainDance|[upkeep]\n|upkeep\n|turn|2\n|\n|t:|1700603613\n|switch|p1a: Oricorio|Oricorio-Pom-Pom, M|100\/100\n|switch|p2b: Extra Spicy|Garchomp, M|100\/100\n|move|p2a: Weather War|Hurricane|p1a: Oricorio\n|-resisted|p1a: Oricorio\n|-damage|p1a: Oricorio|72\/100\n|move|p1b: Grimmsnarl|Spirit Break|p2a: Weather War\n|-damage|p2a: Weather War|56\/100\n|-unboost|p2a: Weather War|spa|1\n|\n|-weather|RainDance|[upkeep]\n|upkeep\n|turn|3\n|\n|t:|1700603626\n|switch|p2a: ThcrThnSnkr|Tyranitar, F|100\/100\n|-weather|Sandstorm|[from] ability: Sand Stream|[of] p2a: ThcrThnSnkr\n|move|p1a: Oricorio|Revelation Dance|p2a: ThcrThnSnkr\n|-damage|p2a: ThcrThnSnkr|88\/100\n|move|p2b: Extra Spicy|Poison Jab|p1b: Grimmsnarl\n|-supereffective|p1b: Grimmsnarl\n|-damage|p1b: Grimmsnarl|39\/100\n|move|p1b: Grimmsnarl|Spirit Break|p2b: Extra Spicy\n|-supereffective|p2b: Extra Spicy\n|-damage|p2b: Extra Spicy|49\/100\n|-unboost|p2b: Extra Spicy|spa|1\n|-damage|p1b: Grimmsnarl|26\/100|[from] ability: Rough Skin|[of] p2b: Extra Spicy\n|-damage|p1b: Grimmsnarl|10\/100|[from] item: Rocky Helmet|[of] p2b: Extra Spicy\n|\n|-weather|Sandstorm|[upkeep]\n|-damage|p1a: Oricorio|66\/100|[from] Sandstorm\n|-damage|p1b: Grimmsnarl|4\/100|[from] Sandstorm\n|-heal|p1b: Grimmsnarl|10\/100|[from] item: Leftovers\n|upkeep\n|turn|4\n|inactive|BardicInspo has 120 seconds left.\n|inactive|BardicInspo has 90 seconds left.\n|c|\u2606mikeyuwu|?\n|\n|t:|1700603695\n|switch|p1a: Passimian|Passimian, M|100\/100\n|move|p2b: Extra Spicy|Poison Jab|p1b: Grimmsnarl\n|-supereffective|p1b: Grimmsnarl\n|-damage|p1b: Grimmsnarl|0 fnt\n|faint|p1b: Grimmsnarl\n|-ability|p1a: Passimian|Prankster|[from] ability: Receiver|[of] p1b: Grimmsnarl\n|move|p2a: ThcrThnSnkr|Rock Slide|p1a: Passimian\n|-resisted|p1a: Passimian\n|-damage|p1a: Passimian|81\/100\n|\n|-weather|Sandstorm|[upkeep]\n|-damage|p1a: Passimian|75\/100|[from] Sandstorm\n|upkeep\n|c|\u2606mikeyuwu|All good?\n|c|\u2606BardicInspo|im at work\n|c|\u2606BardicInspo|sorry\n|c|\u2606mikeyuwu|No worries\n|\n|t:|1700603712\n|switch|p1b: Muk|Muk-Alola, M|100\/100\n|turn|5\n|\n|t:|1700603722\n|switch|p2a: Weather War|Pelipper, F|56\/100\n|-weather|RainDance|[from] ability: Drizzle|[of] p2a: Weather War\n|move|p1a: Passimian|Drain Punch|p2a: Weather War\n|-resisted|p2a: Weather War\n|-damage|p2a: Weather War|42\/100\n|-heal|p1a: Passimian|82\/100|[from] drain|[of] p2a: Weather War\n|move|p2b: Extra Spicy|Earthquake|p1a: Passimian|[spread] p1a,p1b\n|-immune|p2a: Weather War\n|-supereffective|p1b: Muk\n|-damage|p1a: Passimian|44\/100\n|-damage|p1b: Muk|29\/100\n|move|p1b: Muk|Ice Punch|p2b: Extra Spicy\n|-supereffective|p2b: Extra Spicy\n|-damage|p2b: Extra Spicy|0 fnt\n|-damage|p1b: Muk|17\/100|[from] ability: Rough Skin|[of] p2b: Extra Spicy\n|-damage|p1b: Muk|0 fnt|[from] item: Rocky Helmet|[of] p2b: Extra Spicy\n|faint|p2b: Extra Spicy\n|faint|p1b: Muk\n|\n|-weather|RainDance|[upkeep]\n|upkeep\n|c|\u2606mikeyuwu|Been there lol\n|\n|t:|1700603737\n|switch|p2b: Cold Shoulder|Abomasnow, M, shiny|100\/100\n|switch|p1b: Oricorio|Oricorio-Pom-Pom, M|66\/100\n|-weather|Snow|[from] ability: Snow Warning|[of] p2b: Cold Shoulder\n|turn|6\n|inactive|BardicInspo has 120 seconds left.\n|\n|t:|1700603761\n|-terastallize|p1a: Passimian|Fighting\n|-terastallize|p2a: Weather War|Ground\n|move|p1b: Oricorio|Revelation Dance|p2a: Weather War\n|-immune|p2a: Weather War\n|move|p1a: Passimian|Drain Punch|p2b: Cold Shoulder\n|-supereffective|p2b: Cold Shoulder\n|-damage|p2b: Cold Shoulder|42\/100\n|-heal|p1a: Passimian|74\/100|[from] drain|[of] p2b: Cold Shoulder\n|move|p2a: Weather War|Blizzard|p1a: Passimian|[spread] p1a,p1b\n|-supereffective|p1b: Oricorio\n|-damage|p1a: Passimian|57\/100\n|-damage|p1b: Oricorio|13\/100\n|move|p2b: Cold Shoulder|Blizzard|p1a: Passimian|[spread] p1a,p1b\n|-supereffective|p1b: Oricorio\n|-damage|p1a: Passimian|28\/100\n|-damage|p1b: Oricorio|0 fnt\n|-status|p1a: Passimian|frz\n|faint|p1b: Oricorio\n|\n|-weather|Snow|[upkeep]\n|upkeep\n|inactive|BardicInspo has 120 seconds left.\n|\n|t:|1700603768\n|switch|p1b: Volcarona|Volcarona, F|100\/100\n|turn|7\n|\n|t:|1700603779\n|switch|p2a: Harmacy|Vaporeon, F|100\/100\n|switch|p2b: ThcrThnSnkr|Tyranitar, F|88\/100\n|-weather|Sandstorm|[from] ability: Sand Stream|[of] p2b: ThcrThnSnkr\n|move|p1b: Volcarona|Fiery Dance|p2b: ThcrThnSnkr\n|-resisted|p2b: ThcrThnSnkr\n|-damage|p2b: ThcrThnSnkr|81\/100\n|cant|p1a: Passimian|frz\n|\n|-weather|Sandstorm|[upkeep]\n|-damage|p1b: Volcarona|94\/100|[from] Sandstorm\n|-damage|p1a: Passimian|22\/100 frz|[from] Sandstorm\n|-damage|p2a: Harmacy|94\/100|[from] Sandstorm\n|-heal|p2a: Harmacy|100\/100|[from] item: Leftovers\n|upkeep\n|turn|8\n|\n|t:|1700603787\n|move|p1b: Volcarona|Giga Drain|p2a: Harmacy\n|-supereffective|p2a: Harmacy\n|-damage|p2a: Harmacy|53\/100\n|-heal|p1b: Volcarona|100\/100|[from] drain|[of] p2a: Harmacy\n|-curestatus|p1a: Passimian|frz|[msg]\n|move|p1a: Passimian|Drain Punch|p2b: ThcrThnSnkr\n|-supereffective|p2b: ThcrThnSnkr\n|-damage|p2b: ThcrThnSnkr|0 fnt\n|-heal|p1a: Passimian|65\/100|[from] drain|[of] p2b: ThcrThnSnkr\n|faint|p2b: ThcrThnSnkr\n|move|p2a: Harmacy|Weather Ball|p1b: Volcarona\n|-supereffective|p1b: Volcarona\n|-damage|p1b: Volcarona|4\/100\n|\n|-weather|Sandstorm|[upkeep]\n|-damage|p1b: Volcarona|0 fnt|[from] Sandstorm\n|-damage|p1a: Passimian|59\/100|[from] Sandstorm\n|-damage|p2a: Harmacy|47\/100|[from] Sandstorm\n|faint|p1b: Volcarona\n|-heal|p2a: Harmacy|53\/100|[from] item: Leftovers\n|upkeep\n|\n|t:|1700603800\n|switch|p1b: Farigiraf|Farigiraf, F|100\/100\n|switch|p2b: Weather War|Pelipper, F, tera:Ground|42\/100\n|-weather|RainDance|[from] ability: Drizzle|[of] p2b: Weather War\n|turn|9\n|\n|t:|1700603808\n|move|p1a: Passimian|Trailblaze|p2b: Weather War\n|-supereffective|p2b: Weather War\n|-damage|p2b: Weather War|18\/100\n|-boost|p1a: Passimian|spe|1\n|move|p2b: Weather War|Hurricane|p1a: Passimian\n|-supereffective|p1a: Passimian\n|-damage|p1a: Passimian|0 fnt\n|faint|p1a: Passimian\n|move|p2a: Harmacy|Copycat|p2a: Harmacy\n|move|p2a: Harmacy|Hurricane|p1b: Farigiraf|[from]move: Copycat\n|-crit|p1b: Farigiraf\n|-damage|p1b: Farigiraf|60\/100\n|-start|p1b: Farigiraf|confusion\n|-activate|p1b: Farigiraf|confusion\n|move|p1b: Farigiraf|Calm Mind|p1b: Farigiraf\n|-boost|p1b: Farigiraf|spa|1\n|-boost|p1b: Farigiraf|spd|1\n|\n|-weather|RainDance|[upkeep]\n|-heal|p2a: Harmacy|59\/100|[from] item: Leftovers\n|-heal|p1b: Farigiraf|66\/100|[from] item: Leftovers\n|upkeep\n|turn|10\n|c|\u2606mikeyuwu|I hope you like the weather\n|c|\u2606BardicInspo|lol\n|c|\u2606BardicInspo|gg\n|-message|BardicInspo forfeited.\n|\n|win|mikeyuwu\n|raw|BardicInspo's rating: 1168 &rarr; <strong>1148<\/strong><br \/>(-20 for losing)\n|raw|mikeyuwu's rating: 1241 &rarr; <strong>1261<\/strong><br \/>(+20 for winning)\n|l|\u2606BardicInspo\n","uploadtime":1700603852,"views":7,"p1id":"bardicinspo","p2id":"mikeyuwu","formatid":"gen9doublesou","rating":1148,"private":0,"password":""}