{"id":"gen9doublesou-1982531485","p1":"Lilicykrie","p2":"trissywissy","format":"[Gen 9] Doubles OU","log":"|j|\u2606Lilicykrie\n|j|\u203dtrissywissy\n|t:|1699023267\n|gametype|doubles\n|player|p1|Lilicykrie|skierf|1083\n|player|p2|trissywissy|266|1043\n|teamsize|p1|6\n|teamsize|p2|6\n|gen|9\n|tier|[Gen 9] Doubles OU\n|rated|\n|rule|Species Clause: Limit one of each Pok\u00e9mon\n|rule|OHKO Clause: OHKO moves are banned\n|rule|Evasion Moves Clause: Evasion moves are banned\n|rule|Gravity Sleep Clause: The combination of sleep-inducing moves with imperfect accuracy and Gravity or Gigantamax Orbeetle are banned\n|rule|Endless Battle Clause: Forcing endless battles is banned\n|rule|HP Percentage Mod: HP is shown in percentages\n|clearpoke\n|poke|p1|Volcarona, F|\n|poke|p1|Oricorio-Sensu, M|\n|poke|p1|Farigiraf, F|\n|poke|p1|Tyranitar, F|\n|poke|p1|Dudunsparce-*, F|\n|poke|p1|Flamigo, M|\n|poke|p2|Qwilfish-Hisui, M|\n|poke|p2|Amoonguss, M|\n|poke|p2|Gholdengo|\n|poke|p2|Pelipper, M|\n|poke|p2|Flutter Mane|\n|poke|p2|Chien-Pao|\n|teampreview\n|\n|t:|1699023307\n|start\n|switch|p1a: Tyranitar|Tyranitar, F|100\/100\n|switch|p1b: Dudunsparce|Dudunsparce-Three-Segment, F|100\/100\n|switch|p2a: Amoonguss|Amoonguss, M|100\/100\n|switch|p2b: Qwilfish|Qwilfish-Hisui, M|100\/100\n|-weather|Sandstorm|[from] ability: Sand Stream|[of] p1a: Tyranitar\n|-ability|p2b: Qwilfish|Intimidate|boost\n|-unboost|p1a: Tyranitar|atk|1\n|-unboost|p1b: Dudunsparce|atk|1\n|turn|1\n|\n|t:|1699023333\n|move|p2b: Qwilfish|Aqua Jet|p1a: Tyranitar\n|-supereffective|p1a: Tyranitar\n|-damage|p1a: Tyranitar|85\/100\n|move|p1a: Tyranitar|Dragon Dance|p1a: Tyranitar\n|-boost|p1a: Tyranitar|atk|1\n|-boost|p1a: Tyranitar|spe|1\n|move|p1b: Dudunsparce|Ancient Power|p2b: Qwilfish\n|-damage|p2b: Qwilfish|87\/100\n|move|p2a: Amoonguss|Spore|p1b: Dudunsparce\n|-status|p1b: Dudunsparce|slp|[from] move: Spore\n|\n|-weather|Sandstorm|[upkeep]\n|-damage|p2b: Qwilfish|81\/100|[from] Sandstorm\n|-damage|p1b: Dudunsparce|94\/100 slp|[from] Sandstorm\n|-damage|p2a: Amoonguss|94\/100|[from] Sandstorm\n|-heal|p1b: Dudunsparce|100\/100 slp|[from] item: Leftovers\n|-heal|p2a: Amoonguss|100\/100|[from] item: Black Sludge\n|upkeep\n|turn|2\n|\n|t:|1699023350\n|move|p1a: Tyranitar|Dragon Dance|p1a: Tyranitar\n|-boost|p1a: Tyranitar|atk|1\n|-boost|p1a: Tyranitar|spe|1\n|move|p2b: Qwilfish|Icy Wind|p1a: Tyranitar|[spread] p1a\n|-miss|p2b: Qwilfish|p1b: Dudunsparce\n|-damage|p1a: Tyranitar|82\/100\n|-unboost|p1a: Tyranitar|spe|1\n|cant|p1b: Dudunsparce|slp\n|move|p2a: Amoonguss|Spore|p1a: Tyranitar\n|-status|p1a: Tyranitar|slp|[from] move: Spore\n|\n|-weather|Sandstorm|[upkeep]\n|-damage|p2b: Qwilfish|75\/100|[from] Sandstorm\n|-damage|p1b: Dudunsparce|94\/100 slp|[from] Sandstorm\n|-damage|p2a: Amoonguss|94\/100|[from] Sandstorm\n|-heal|p1b: Dudunsparce|100\/100 slp|[from] item: Leftovers\n|-heal|p2a: Amoonguss|100\/100|[from] item: Black Sludge\n|upkeep\n|turn|3\n|\n|t:|1699023368\n|switch|p2a: Pelipper|Pelipper, M|100\/100\n|-weather|RainDance|[from] ability: Drizzle|[of] p2a: Pelipper\n|cant|p1a: Tyranitar|slp\n|move|p2b: Qwilfish|Icy Wind|p1a: Tyranitar|[spread] p1a,p1b\n|-damage|p1a: Tyranitar|77\/100 slp\n|-damage|p1b: Dudunsparce|95\/100 slp\n|-unboost|p1a: Tyranitar|spe|1\n|-unboost|p1b: Dudunsparce|spe|1\n|-curestatus|p1b: Dudunsparce|slp|[msg]\n|move|p1b: Dudunsparce|Rock Slide|p2a: Pelipper|[spread] p2a,p2b\n|-supereffective|p2a: Pelipper\n|-damage|p2a: Pelipper|85\/100\n|-damage|p2b: Qwilfish|69\/100\n|\n|-weather|RainDance|[upkeep]\n|-heal|p1b: Dudunsparce|100\/100|[from] item: Leftovers\n|upkeep\n|turn|4\n|\n|t:|1699023388\n|switch|p2b: Gholdengo|Gholdengo|100\/100\n|cant|p1a: Tyranitar|slp\n|move|p2a: Pelipper|Tailwind|p2a: Pelipper\n|-sidestart|p2: trissywissy|move: Tailwind\n|move|p1b: Dudunsparce|Rock Slide|p2a: Pelipper|[spread] \n|-miss|p1b: Dudunsparce|p2a: Pelipper\n|-miss|p1b: Dudunsparce|p2b: Gholdengo\n|\n|-weather|RainDance|[upkeep]\n|upkeep\n|turn|5\n|\n|t:|1699023408\n|switch|p2a: Amoonguss|Amoonguss, M|100\/100\n|move|p2b: Gholdengo|Make It Rain|p1b: Dudunsparce|[spread] p1a,p1b\n|-supereffective|p1a: Tyranitar\n|-damage|p1a: Tyranitar|0 fnt\n|-damage|p1b: Dudunsparce|54\/100\n|-unboost|p2b: Gholdengo|spa|1\n|faint|p1a: Tyranitar\n|move|p1b: Dudunsparce|Rock Slide|p2a: Amoonguss|[spread] p2a,p2b\n|-resisted|p2b: Gholdengo\n|-damage|p2a: Amoonguss|93\/100\n|-damage|p2b: Gholdengo|95\/100\n|\n|-weather|RainDance|[upkeep]\n|-heal|p2a: Amoonguss|99\/100|[from] item: Black Sludge\n|-heal|p1b: Dudunsparce|60\/100|[from] item: Leftovers\n|upkeep\n|\n|t:|1699023423\n|switch|p1a: Farigiraf|Farigiraf, F|100\/100\n|turn|6\n|\n|t:|1699023439\n|switch|p2b: Flutter Mane|Flutter Mane|100\/100\n|-enditem|p2b: Flutter Mane|Booster Energy\n|-activate|p2b: Flutter Mane|ability: Protosynthesis|[fromitem]\n|-start|p2b: Flutter Mane|protosynthesisspa\n|move|p2a: Amoonguss|Pollen Puff|p1a: Farigiraf\n|-supereffective|p1a: Farigiraf\n|-damage|p1a: Farigiraf|65\/100\n|move|p1a: Farigiraf|Shadow Ball|p2b: Flutter Mane\n|-supereffective|p2b: Flutter Mane\n|-crit|p2b: Flutter Mane\n|-damage|p2b: Flutter Mane|0 fnt\n|faint|p2b: Flutter Mane\n|-end|p2b: Flutter Mane|Protosynthesis|[silent]\n|move|p1b: Dudunsparce|Ancient Power|p2a: Amoonguss\n|-damage|p2a: Amoonguss|89\/100\n|\n|-weather|RainDance|[upkeep]\n|-heal|p2a: Amoonguss|95\/100|[from] item: Black Sludge\n|-heal|p1b: Dudunsparce|66\/100|[from] item: Leftovers\n|upkeep\n|\n|t:|1699023463\n|switch|p2b: Chien-Pao|Chien-Pao|100\/100\n|-ability|p2b: Chien-Pao|Sword of Ruin\n|turn|7\n|\n|t:|1699023477\n|move|p2b: Chien-Pao|Crunch|p1a: Farigiraf\n|-supereffective|p1a: Farigiraf\n|-damage|p1a: Farigiraf|0 fnt\n|faint|p1a: Farigiraf\n|move|p2a: Amoonguss|Spore|p1b: Dudunsparce\n|-status|p1b: Dudunsparce|slp|[from] move: Spore\n|cant|p1b: Dudunsparce|slp\n|\n|-weather|RainDance|[upkeep]\n|-heal|p2a: Amoonguss|100\/100|[from] item: Black Sludge\n|-heal|p1b: Dudunsparce|73\/100 slp|[from] item: Leftovers\n|-sideend|p2: trissywissy|move: Tailwind\n|upkeep\n|\n|t:|1699023494\n|switch|p1a: Volcarona|Volcarona, F|100\/100\n|turn|8\n|\n|t:|1699023509\n|switch|p2b: Pelipper|Pelipper, M|85\/100\n|switch|p1b: Oricorio|Oricorio-Sensu, M|100\/100\n|move|p2a: Amoonguss|Rage Powder|p2a: Amoonguss\n|-singleturn|p2a: Amoonguss|move: Rage Powder\n|move|p1a: Volcarona|Quiver Dance|p1a: Volcarona\n|-boost|p1a: Volcarona|spa|1\n|-boost|p1a: Volcarona|spd|1\n|-boost|p1a: Volcarona|spe|1\n|-activate|p1b: Oricorio|ability: Dancer\n|move|p1b: Oricorio|Quiver Dance|p1b: Oricorio|[from]ability: Dancer\n|-boost|p1b: Oricorio|spa|1\n|-boost|p1b: Oricorio|spd|1\n|-boost|p1b: Oricorio|spe|1\n|\n|-weather|RainDance|[upkeep]\n|upkeep\n|turn|9\n|\n|t:|1699023533\n|switch|p2a: Gholdengo|Gholdengo|95\/100\n|move|p1a: Volcarona|Quiver Dance|p1a: Volcarona\n|-boost|p1a: Volcarona|spa|1\n|-boost|p1a: Volcarona|spd|1\n|-boost|p1a: Volcarona|spe|1\n|-activate|p1b: Oricorio|ability: Dancer\n|move|p1b: Oricorio|Quiver Dance|p1b: Oricorio|[from]ability: Dancer\n|-boost|p1b: Oricorio|spa|1\n|-boost|p1b: Oricorio|spd|1\n|-boost|p1b: Oricorio|spe|1\n|move|p1b: Oricorio|Tailwind|p1b: Oricorio\n|-sidestart|p1: Lilicykrie|move: Tailwind\n|move|p2b: Pelipper|Tailwind|p2b: Pelipper\n|-sidestart|p2: trissywissy|move: Tailwind\n|\n|-weather|RainDance|[upkeep]\n|upkeep\n|turn|10\n|\n|t:|1699023560\n|switch|p2b: Amoonguss|Amoonguss, M|100\/100\n|move|p1a: Volcarona|Quiver Dance|p1a: Volcarona\n|-boost|p1a: Volcarona|spa|1\n|-boost|p1a: Volcarona|spd|1\n|-boost|p1a: Volcarona|spe|1\n|-activate|p1b: Oricorio|ability: Dancer\n|move|p1b: Oricorio|Quiver Dance|p1b: Oricorio|[from]ability: Dancer\n|-boost|p1b: Oricorio|spa|1\n|-boost|p1b: Oricorio|spd|1\n|-boost|p1b: Oricorio|spe|1\n|move|p1b: Oricorio|Revelation Dance|p2a: Gholdengo\n|-supereffective|p2a: Gholdengo\n|-damage|p2a: Gholdengo|0 fnt\n|faint|p2a: Gholdengo\n|-damage|p1b: Oricorio|91\/100|[from] item: Life Orb\n|\n|-weather|none\n|upkeep\n|\n|t:|1699023578\n|switch|p2a: Qwilfish|Qwilfish-Hisui, M|69\/100\n|-ability|p2a: Qwilfish|Intimidate|boost\n|-unboost|p1a: Volcarona|atk|1\n|-unboost|p1b: Oricorio|atk|1\n|turn|11\n|\n|t:|1699023606\n|-terastallize|p2a: Qwilfish|Water\n|move|p2a: Qwilfish|Aqua Jet|p1a: Volcarona\n|-supereffective|p1a: Volcarona\n|-damage|p1a: Volcarona|61\/100\n|move|p1a: Volcarona|Fiery Dance|p2b: Amoonguss\n|-supereffective|p2b: Amoonguss\n|-damage|p2b: Amoonguss|0 fnt\n|-boost|p1a: Volcarona|spa|1\n|faint|p2b: Amoonguss\n|-activate|p1b: Oricorio|ability: Dancer\n|move|p1b: Oricorio|Fiery Dance|p2a: Qwilfish|[from]ability: Dancer\n|-resisted|p2a: Qwilfish\n|-damage|p2a: Qwilfish|25\/100\n|-boost|p1b: Oricorio|spa|1\n|-damage|p1b: Oricorio|81\/100|[from] item: Life Orb\n|move|p1b: Oricorio|Hurricane|p2a: Qwilfish\n|-damage|p2a: Qwilfish|0 fnt\n|faint|p2a: Qwilfish\n|-damage|p1b: Oricorio|71\/100|[from] item: Life Orb\n|\n|upkeep\n|\n|t:|1699023615\n|switch|p2a: Chien-Pao|Chien-Pao|100\/100\n|switch|p2b: Pelipper|Pelipper, M|85\/100\n|-ability|p2a: Chien-Pao|Sword of Ruin\n|-weather|RainDance|[from] ability: Drizzle|[of] p2b: Pelipper\n|turn|12\n|\n|t:|1699023632\n|move|p1a: Volcarona|Bug Buzz|p2a: Chien-Pao\n|-supereffective|p2a: Chien-Pao\n|-damage|p2a: Chien-Pao|0 fnt\n|faint|p2a: Chien-Pao\n|move|p1b: Oricorio|Revelation Dance|p2b: Pelipper\n|-damage|p2b: Pelipper|0 fnt\n|faint|p2b: Pelipper\n|-damage|p1b: Oricorio|61\/100|[from] item: Life Orb\n|\n|win|Lilicykrie\n|raw|Lilicykrie's rating: 1083 &rarr; <strong>1107<\/strong><br \/>(+24 for winning)\n|raw|trissywissy's rating: 1043 &rarr; <strong>1028<\/strong><br \/>(-15 for losing)\n|l|\u203dtrissywissy\n","uploadtime":1699023655,"views":14,"p1id":"lilicykrie","p2id":"trissywissy","formatid":"gen9doublesou","rating":1028,"private":0,"password":""}