{"id":"gen9doublesou-1983989722","p1":"cotesmcgotes","p2":"ct1314","format":"[Gen 9] Doubles OU","log":"|j|\u2606cotesmcgotes\n|j|\u2606ct1314\n|t:|1699207391\n|gametype|doubles\n|player|p1|cotesmcgotes|flannery|1244\n|player|p2|ct1314|steven|1204\n|teamsize|p1|6\n|teamsize|p2|6\n|gen|9\n|tier|[Gen 9] Doubles OU\n|rated|\n|rule|Species Clause: Limit one of each Pok\u00e9mon\n|rule|OHKO Clause: OHKO moves are banned\n|rule|Evasion Moves Clause: Evasion moves are banned\n|rule|Gravity Sleep Clause: The combination of sleep-inducing moves with imperfect accuracy and Gravity or Gigantamax Orbeetle are banned\n|rule|Endless Battle Clause: Forcing endless battles is banned\n|rule|HP Percentage Mod: HP is shown in percentages\n|clearpoke\n|poke|p1|Cresselia, F|\n|poke|p1|Tsareena, F|\n|poke|p1|Chien-Pao|\n|poke|p1|Gliscor, F|\n|poke|p1|Ursaluna-Bloodmoon, M|\n|poke|p1|Walking Wake|\n|poke|p2|Rillaboom, M|\n|poke|p2|Sneasler, M|\n|poke|p2|Ceruledge, M|\n|poke|p2|Landorus-Therian, M|\n|poke|p2|Empoleon, F|\n|poke|p2|Avalugg-Hisui, M|\n|teampreview\n|inactive|Battle timer is ON: inactive players will automatically lose when time's up. (requested by ct1314)\n|\n|t:|1699207397\n|start\n|switch|p1a: Cresselia|Cresselia, F, shiny|100\/100\n|switch|p1b: Tsareena|Tsareena, F, shiny|100\/100\n|switch|p2a: Rillaboom|Rillaboom, M|100\/100\n|switch|p2b: Sneasler|Sneasler, M|100\/100\n|-fieldstart|move: Grassy Terrain|[from] ability: Grassy Surge|[of] p2a: Rillaboom\n|-enditem|p2b: Sneasler|Grassy Seed\n|-boost|p2b: Sneasler|def|1|[from] item: Grassy Seed\n|turn|1\n|\n|t:|1699207417\n|-terastallize|p2b: Sneasler|Flying\n|-terastallize|p1a: Cresselia|Electric\n|move|p2a: Rillaboom|Fake Out||[still]\n|cant|p1b: Tsareena|ability: Queenly Majesty|Fake Out|[of] p2a: Rillaboom\n|move|p2b: Sneasler|Swords Dance|p2b: Sneasler\n|-boost|p2b: Sneasler|atk|2\n|move|p1b: Tsareena|Acupressure|p1a: Cresselia\n|-boost|p1a: Cresselia|def|2\n|move|p1a: Cresselia|Charge Beam|p2b: Sneasler\n|-supereffective|p2b: Sneasler\n|-damage|p2b: Sneasler|45\/100\n|-boost|p1a: Cresselia|spa|1\n|\n|upkeep\n|turn|2\n|\n|t:|1699207438\n|switch|p2a: Landorus|Landorus-Therian, M|100\/100\n|-ability|p2a: Landorus|Intimidate|boost\n|-unboost|p1a: Cresselia|atk|1\n|-unboost|p1b: Tsareena|atk|1\n|move|p2b: Sneasler|Acrobatics|p1b: Tsareena\n|-supereffective|p1b: Tsareena\n|-damage|p1b: Tsareena|0 fnt\n|faint|p1b: Tsareena\n|move|p1a: Cresselia|Charge Beam|p2b: Sneasler\n|-supereffective|p2b: Sneasler\n|-damage|p2b: Sneasler|0 fnt\n|-boost|p1a: Cresselia|spa|1\n|faint|p2b: Sneasler\n|\n|upkeep\n|\n|t:|1699207456\n|switch|p2b: Avalugg|Avalugg-Hisui, M|100\/100\n|switch|p1b: Chien-Pao|Chien-Pao|100\/100\n|-ability|p1b: Chien-Pao|Sword of Ruin\n|turn|3\n|\n|t:|1699207480\n|move|p1b: Chien-Pao|Ice Spinner|p2a: Landorus\n|-supereffective|p2a: Landorus\n|-damage|p2a: Landorus|0 fnt\n|-fieldend|move: Grassy Terrain\n|faint|p2a: Landorus\n|move|p1a: Cresselia|Stored Power|p2b: Avalugg\n|-ability|p2b: Avalugg|Sturdy\n|-damage|p2b: Avalugg|1\/100\n|move|p2b: Avalugg|Rock Slide|p1a: Cresselia|[spread] p1a,p1b\n|-supereffective|p1b: Chien-Pao\n|-damage|p1a: Cresselia|86\/100\n|-damage|p1b: Chien-Pao|35\/100\n|\n|upkeep\n|\n|t:|1699207491\n|switch|p2a: Rillaboom|Rillaboom, M|100\/100\n|-fieldstart|move: Grassy Terrain|[from] ability: Grassy Surge|[of] p2a: Rillaboom\n|turn|4\n|\n|t:|1699207510\n|move|p2a: Rillaboom|Fake Out|p1b: Chien-Pao\n|-damage|p1b: Chien-Pao|16\/100\n|cant|p1b: Chien-Pao|flinch\n|move|p1a: Cresselia|Charge Beam|p2b: Avalugg\n|-damage|p2b: Avalugg|0 fnt\n|faint|p2b: Avalugg\n|\n|-heal|p1b: Chien-Pao|22\/100|[from] Grassy Terrain\n|upkeep\n|\n|t:|1699207521\n|switch|p2b: Empoleon|Empoleon, F|100\/100\n|turn|5\n|\n|t:|1699207541\n|move|p1b: Chien-Pao|Ice Spinner|p2a: Rillaboom\n|-supereffective|p2a: Rillaboom\n|-damage|p2a: Rillaboom|2\/100\n|-fieldend|move: Grassy Terrain\n|move|p1a: Cresselia|Calm Mind|p1a: Cresselia\n|-boost|p1a: Cresselia|spa|1\n|-boost|p1a: Cresselia|spd|1\n|move|p2a: Rillaboom|U-turn|p1b: Chien-Pao\n|-supereffective|p1b: Chien-Pao\n|-damage|p1b: Chien-Pao|0 fnt\n|faint|p1b: Chien-Pao\n|\n|t:|1699207549\n|switch|p2a: Ceruledge|Ceruledge, M|100\/100|[from] U-turn\n|move|p2b: Empoleon|Stealth Rock|p1a: Cresselia\n|-sidestart|p1: cotesmcgotes|move: Stealth Rock\n|\n|upkeep\n|\n|t:|1699207559\n|switch|p1b: Gliscor|Gliscor, F, shiny|100\/100\n|-damage|p1b: Gliscor|88\/100|[from] Stealth Rock\n|turn|6\n|-message|ct1314 forfeited.\n|\n|win|cotesmcgotes\n|raw|cotesmcgotes's rating: 1244 &rarr; <strong>1266<\/strong><br \/>(+22 for winning)\n|raw|ct1314's rating: 1204 &rarr; <strong>1182<\/strong><br \/>(-22 for losing)\n|l|\u2606ct1314\n","uploadtime":1699207572,"views":8,"p1id":"cotesmcgotes","p2id":"ct1314","formatid":"gen9doublesou","rating":1182,"private":0,"password":""}