{"id":"gen9doublesou-1990247043","p1":"jacob5211","p2":"SetsunaOwO","format":"[Gen 9] Doubles OU","log":"|j|\u2606jacob5211\n|j|\u2606SetsunaOwO\n|t:|1699943991\n|gametype|doubles\n|player|p1|jacob5211|169|1127\n|player|p2|SetsunaOwO|lady|1025\n|teamsize|p1|6\n|teamsize|p2|6\n|gen|9\n|tier|[Gen 9] Doubles OU\n|rated|\n|rule|Species Clause: Limit one of each Pok\u00e9mon\n|rule|OHKO Clause: OHKO moves are banned\n|rule|Evasion Moves Clause: Evasion moves are banned\n|rule|Gravity Sleep Clause: The combination of sleep-inducing moves with imperfect accuracy and Gravity or Gigantamax Orbeetle are banned\n|rule|Endless Battle Clause: Forcing endless battles is banned\n|rule|HP Percentage Mod: HP is shown in percentages\n|clearpoke\n|poke|p1|Dunsparce, M|\n|poke|p1|Maushold-Four|\n|poke|p1|Iron Hands|\n|poke|p1|Diancie|\n|poke|p1|Haxorus, M|\n|poke|p1|Clefairy, M|\n|poke|p2|Golem-Alola, M|\n|poke|p2|Sinistcha|\n|poke|p2|Dondozo, F|\n|poke|p2|Iron Hands|\n|poke|p2|Maushold|\n|poke|p2|Rabsca, F|\n|teampreview\n|inactive|Battle timer is ON: inactive players will automatically lose when time's up. (requested by jacob5211)\n|\n|t:|1699944018\n|start\n|switch|p1a: Maushold|Maushold-Four|100\/100\n|switch|p1b: Dunsparce|Dunsparce, M, shiny|100\/100\n|switch|p2a: Iron Hands|Iron Hands|100\/100\n|switch|p2b: Dondozo|Dondozo, F|100\/100\n|turn|1\n|\n|t:|1699944033\n|-terastallize|p1b: Dunsparce|Psychic\n|move|p2a: Iron Hands|Fake Out|p1a: Maushold\n|-damage|p1a: Maushold|79\/100\n|cant|p1a: Maushold|flinch\n|move|p1b: Dunsparce|Calm Mind|p1b: Dunsparce\n|-boost|p1b: Dunsparce|spa|1\n|-boost|p1b: Dunsparce|spd|1\n|move|p2b: Dondozo|Yawn|p1b: Dunsparce\n|-start|p1b: Dunsparce|move: Yawn|[of] p2b: Dondozo\n|\n|upkeep\n|turn|2\n|\n|t:|1699944049\n|move|p1a: Maushold|Beat Up|p1b: Dunsparce\n|-supereffective|p1b: Dunsparce\n|-damage|p1b: Dunsparce|97\/100\n|-ability|p1b: Dunsparce|Rattled|boost\n|-boost|p1b: Dunsparce|spe|1\n|-enditem|p1b: Dunsparce|Weakness Policy\n|-boost|p1b: Dunsparce|atk|2|[from] item: Weakness Policy\n|-boost|p1b: Dunsparce|spa|2|[from] item: Weakness Policy\n|-supereffective|p1b: Dunsparce\n|-damage|p1b: Dunsparce|93\/100\n|-ability|p1b: Dunsparce|Rattled|boost\n|-boost|p1b: Dunsparce|spe|1\n|-supereffective|p1b: Dunsparce\n|-damage|p1b: Dunsparce|87\/100\n|-ability|p1b: Dunsparce|Rattled|boost\n|-boost|p1b: Dunsparce|spe|1\n|-supereffective|p1b: Dunsparce\n|-damage|p1b: Dunsparce|82\/100\n|-ability|p1b: Dunsparce|Rattled|boost\n|-boost|p1b: Dunsparce|spe|1\n|-supereffective|p1b: Dunsparce\n|-damage|p1b: Dunsparce|76\/100\n|-ability|p1b: Dunsparce|Rattled|boost\n|-boost|p1b: Dunsparce|spe|1\n|-supereffective|p1b: Dunsparce\n|-damage|p1b: Dunsparce|74\/100\n|-ability|p1b: Dunsparce|Rattled|boost\n|-boost|p1b: Dunsparce|spe|1\n|-hitcount|p1b: Dunsparce|6\n|move|p1b: Dunsparce|Baton Pass|p1b: Dunsparce\n|\n|t:|1699944068\n|switch|p1b: Diancie|Diancie|100\/100|[from] Baton Pass\n|move|p2a: Iron Hands|Drain Punch|p1a: Maushold\n|-supereffective|p1a: Maushold\n|-damage|p1a: Maushold|0 fnt\n|faint|p1a: Maushold\n|move|p2b: Dondozo|Soak|p1b: Diancie\n|-start|p1b: Diancie|typechange|Water\n|\n|upkeep\n|inactive|jacob5211 has 120 seconds left.\n|\n|t:|1699944085\n|switch|p1a: Iron Hands|Iron Hands|100\/100\n|-enditem|p1a: Iron Hands|Booster Energy\n|-activate|p1a: Iron Hands|ability: Quark Drive|[fromitem]\n|-start|p1a: Iron Hands|quarkdriveatk\n|turn|3\n|\n|t:|1699944092\n|switch|p2b: Golem|Golem-Alola, M|100\/100\n|move|p1b: Diancie|Stored Power|p2a: Iron Hands\n|-supereffective|p2a: Iron Hands\n|-damage|p2a: Iron Hands|0 fnt\n|faint|p2a: Iron Hands\n|-end|p2a: Iron Hands|Quark Drive|[silent]\n|move|p1a: Iron Hands|Thunder Punch|p2b: Golem\n|-resisted|p2b: Golem\n|-damage|p2b: Golem|77\/100\n|\n|upkeep\n|\n|t:|1699944103\n|switch|p2a: Maushold|Maushold|100\/100\n|turn|4\n|\n|t:|1699944112\n|move|p2a: Maushold|Follow Me|p2a: Maushold\n|-singleturn|p2a: Maushold|move: Follow Me\n|move|p1b: Diancie|Stored Power|p2a: Maushold\n|-enditem|p2a: Maushold|Focus Sash\n|-damage|p2a: Maushold|1\/100\n|move|p1a: Iron Hands|Body Press|p2a: Maushold\n|-supereffective|p2a: Maushold\n|-damage|p2a: Maushold|0 fnt\n|faint|p2a: Maushold\n|move|p2b: Golem|Explosion|p1a: Iron Hands|[spread] p1a,p1b\n|-resisted|p1a: Iron Hands\n|-supereffective|p1b: Diancie\n|-damage|p1a: Iron Hands|55\/100\n|-damage|p1b: Diancie|0 fnt\n|faint|p2b: Golem\n|faint|p1b: Diancie\n|\n|upkeep\n|inactive|jacob5211 has 120 seconds left.\n|c|\u2606jacob5211|!weak water\n|c| jacob5211|\/raw <div class=\"infobox\">Water:<br \/><span class=\"message-effect-weak\">Weaknesses<\/span>: Electric, Grass<br \/><span class=\"message-effect-resist\">Resistances<\/span>: Fire, Ice, Steel, Water<br \/><span class=\"message-effect-immune\">Immunities<\/span>: <font color=#999999>None<\/font><\/div>\n|c|\u2606jacob5211|!dt explosion\n|raw|<ul class=\"utilichart\"><li class=\"result\"><span class=\"col movenamecol\"><a href=\"https:\/\/dex.pokemonshowdown.com\/moves\/explosion\">Explosion<\/a><\/span> <span class=\"col typecol\"><img src=\"\/\/play.pokemonshowdown.com\/sprites\/types\/Normal.png\" alt=\"Normal\" width=\"32\" height=\"14\"><img src=\"\/\/play.pokemonshowdown.com\/sprites\/categories\/Physical.png\" alt=\"Physical\" width=\"32\" height=\"14\"><\/span> <span class=\"col labelcol\"><em>Power<\/em><br>250<\/span> <span class=\"col widelabelcol\"><em>Accuracy<\/em><br>100%<\/span> <span class=\"col pplabelcol\"><em>PP<\/em><br>8<\/span> <span class=\"col movedesccol\">Hits adjacent Pokemon. The user faints.<\/span> <\/li><li style=\"clear:both\"><\/li><\/ul>\n|raw|<font size=\"1\"><font color=\"#686868\">Priority:<\/font> 0&nbsp;|&ThickSpace;<font color=\"#686868\">Gen:<\/font> 1&nbsp;|&ThickSpace;<font color=\"#686868\">Z-Power:<\/font> 200&nbsp;|&ThickSpace;<font color=\"#686868\">Dynamax Power:<\/font> 150&nbsp;|&ThickSpace;<font color=\"#686868\">Target:<\/font> All Adjacent Pok\u00e9mon<\/font>\n\n|c|\u2606SetsunaOwO|galvanize\n|c|\u2606jacob5211|\ud83e\udd14\ud83e\udd14\ud83e\udd14\n|inactive|jacob5211 has 90 seconds left.\n|c|\u2606SetsunaOwO|makes normal type electric\n|\n|t:|1699944179\n|switch|p2a: Rabsca|Rabsca, F, shiny|100\/100\n|switch|p1b: Clefairy|Clefairy, M|100\/100\n|switch|p2b: Sinistcha|Sinistcha, shiny|100\/100\n|turn|5\n|inactive|jacob5211 has 90 seconds left.\n|\n|t:|1699944199\n|move|p1b: Clefairy|Follow Me|p1b: Clefairy\n|-singleturn|p1b: Clefairy|move: Follow Me\n|move|p1a: Iron Hands|Bulldoze|p2b: Sinistcha|[spread] p1b,p2a,p2b\n|-resisted|p2a: Rabsca\n|-resisted|p2b: Sinistcha\n|-damage|p1b: Clefairy|73\/100\n|-damage|p2a: Rabsca|89\/100\n|-damage|p2b: Sinistcha|91\/100\n|-unboost|p1b: Clefairy|spe|1\n|-unboost|p2a: Rabsca|spe|1\n|-unboost|p2b: Sinistcha|spe|1\n|move|p2a: Rabsca|Revival Blessing|p2a: Rabsca\n|-enditem|p2a: Rabsca|Leppa Berry|[eat]\n|-activate|p2a: Rabsca|item: Leppa Berry|Revival Blessing|[consumed]\n|\n|t:|1699944210\n|-heal|p2: Golem|50\/100|[from] move: Revival Blessing\n|move|p2b: Sinistcha|Trick Room|p2b: Sinistcha\n|-fieldstart|move: Trick Room|[of] p2b: Sinistcha\n|\n|upkeep\n|turn|6\n|\n|t:|1699944227\n|move|p1b: Clefairy|Heal Pulse|p2b: Sinistcha\n|-heal|p2b: Sinistcha|100\/100\n|move|p2a: Rabsca|Psychic|p1a: Iron Hands\n|-supereffective|p1a: Iron Hands\n|-damage|p1a: Iron Hands|6\/100\n|move|p2b: Sinistcha|Matcha Gotcha|p1b: Clefairy|[spread] p1a,p1b\n|-damage|p1a: Iron Hands|0 fnt\n|-damage|p1b: Clefairy|39\/100\n|faint|p1a: Iron Hands\n|-end|p1a: Iron Hands|Quark Drive|[silent]\n|\n|upkeep\n|\n|t:|1699944235\n|switch|p1a: Haxorus|Haxorus, M|100\/100\n|turn|7\n|\n|t:|1699944243\n|switch|p2a: Golem|Golem-Alola, M|50\/100\n|move|p2b: Sinistcha|Protect|p2b: Sinistcha\n|-singleturn|p2b: Sinistcha|Protect\n|move|p1b: Clefairy|Follow Me|p1b: Clefairy\n|-singleturn|p1b: Clefairy|move: Follow Me\n|move|p1a: Haxorus|X-Scissor|p2a: Golem\n|-damage|p2a: Golem|21\/100\n|\n|upkeep\n|turn|8\n|\n|t:|1699944257\n|move|p1b: Clefairy|Follow Me|p1b: Clefairy\n|-singleturn|p1b: Clefairy|move: Follow Me\n|move|p2a: Golem|Explosion|p1b: Clefairy|[spread] p2b,p1a,p1b\n|-resisted|p2b: Sinistcha\n|-resisted|p1a: Haxorus\n|-damage|p2b: Sinistcha|41\/100\n|-damage|p1a: Haxorus|35\/100\n|-damage|p1b: Clefairy|0 fnt\n|faint|p2a: Golem\n|faint|p1b: Clefairy\n|move|p2b: Sinistcha|Matcha Gotcha|p1a: Haxorus\n|-resisted|p1a: Haxorus\n|-damage|p1a: Haxorus|9\/100\n|-heal|p2b: Sinistcha|52\/100|[from] drain|[of] p1a: Haxorus\n|move|p1a: Haxorus|Aqua Tail|p2b: Sinistcha\n|-resisted|p2b: Sinistcha\n|-crit|p2b: Sinistcha\n|-damage|p2b: Sinistcha|30\/100\n|\n|upkeep\n|l|\u2606jacob5211\n|inactive|jacob5211 disconnected and has a minute to reconnect!\n|player|p1|\n|inactive|SetsunaOwO has 120 seconds left.\n|inactive|SetsunaOwO has 90 seconds left.\n|\n|t:|1699944318\n|switch|p2a: Dondozo|Dondozo, F|100\/100\n|switch|p1b: Dunsparce|Dunsparce, M, shiny, tera:Psychic|74\/100\n|turn|9\n|inactive|jacob5211 has 30 seconds to reconnect!\n|inactive|jacob5211 has 20 seconds to reconnect!\n|inactive|jacob5211 has 15 seconds to reconnect!\n|inactive|jacob5211 has 10 seconds to reconnect!\n|inactive|jacob5211 has 5 seconds to reconnect!\n|-message|jacob5211 lost due to inactivity.\n|\n|win|SetsunaOwO\n|raw|jacob5211's rating: 1127 &rarr; <strong>1095<\/strong><br \/>(-32 for losing)\n|raw|SetsunaOwO's rating: 1025 &rarr; <strong>1072<\/strong><br \/>(+47 for winning)\n","uploadtime":1699944395,"views":17,"p1id":"jacob5211","p2id":"setsunaowo","formatid":"gen9doublesou","rating":1072,"private":0,"password":""}