{"id":"gen9doublesou-1993251605","p1":"Leon11111","p2":"Kazekage217","format":"[Gen 9] Doubles OU","log":"|j|\u2606Leon11111\n|j|\u2606Kazekage217\n|t:|1700284456\n|gametype|doubles\n|player|p1|Leon11111|1|\n|player|p2|Kazekage217|2|\n|teamsize|p1|6\n|teamsize|p2|6\n|gen|9\n|tier|[Gen 9] Doubles OU\n|rule|Species Clause: Limit one of each Pok\u00e9mon\n|rule|OHKO Clause: OHKO moves are banned\n|rule|Evasion Moves Clause: Evasion moves are banned\n|rule|Gravity Sleep Clause: The combination of sleep-inducing moves with imperfect accuracy and Gravity or Gigantamax Orbeetle are banned\n|rule|Endless Battle Clause: Forcing endless battles is banned\n|rule|HP Percentage Mod: HP is shown in percentages\n|clearpoke\n|poke|p1|Amoonguss, M|\n|poke|p1|Rillaboom, M|\n|poke|p1|Sinistcha|\n|poke|p1|Ogerpon-Wellspring, F|\n|poke|p1|Shiftry, M|\n|poke|p1|Tsareena, F|\n|poke|p2|Dondozo, M|\n|poke|p2|Ceruledge, M|\n|poke|p2|Landorus-Therian, M|\n|poke|p2|Ogerpon, F|\n|poke|p2|Kommo-o, M|\n|poke|p2|Amoonguss, M|\n|teampreview\n|\n|t:|1700284496\n|start\n|switch|p1a: Shiftry|Shiftry, M|100\/100\n|switch|p1b: Sinistcha|Sinistcha|100\/100\n|switch|p2a: Ceruledge|Ceruledge, M, shiny|100\/100\n|switch|p2b: Amoonguss|Amoonguss, M|100\/100\n|turn|1\n|\n|t:|1700284522\n|move|p1a: Shiftry|Fake Out|p2b: Amoonguss\n|-damage|p2b: Amoonguss|90\/100\n|move|p2a: Ceruledge|Bitter Blade|p1b: Sinistcha\n|-supereffective|p1b: Sinistcha\n|-damage|p1b: Sinistcha|24\/100\n|move|p1b: Sinistcha|Stun Spore|p2a: Ceruledge\n|-status|p2a: Ceruledge|par\n|cant|p2b: Amoonguss|flinch\n|\n|upkeep\n|turn|2\n|\n|t:|1700284543\n|move|p1a: Shiftry|Tailwind|p1a: Shiftry\n|-sidestart|p1: Leon11111|move: Tailwind\n|-ability|p1a: Shiftry|Wind Rider|boost\n|-boost|p1a: Shiftry|atk|1\n|move|p1b: Sinistcha|Scald|p2a: Ceruledge\n|-supereffective|p2a: Ceruledge\n|-damage|p2a: Ceruledge|19\/100 par\n|move|p2b: Amoonguss|Sludge Bomb|p1b: Sinistcha\n|-damage|p1b: Sinistcha|0 fnt\n|faint|p1b: Sinistcha\n|move|p2a: Ceruledge|Bitter Blade|p1a: Shiftry\n|-supereffective|p1a: Shiftry\n|-enditem|p1a: Shiftry|Focus Sash\n|-damage|p1a: Shiftry|1\/100\n|-heal|p2a: Ceruledge|74\/100 par|[from] drain|[of] p1a: Shiftry\n|\n|upkeep\n|\n|t:|1700284564\n|switch|p1b: Rillaboom|Rillaboom, M|100\/100\n|-fieldstart|move: Grassy Terrain|[from] ability: Grassy Surge|[of] p1b: Rillaboom\n|turn|3\n|\n|t:|1700284587\n|move|p1a: Shiftry|Night Slash|p2a: Ceruledge\n|-supereffective|p2a: Ceruledge\n|-crit|p2a: Ceruledge\n|-damage|p2a: Ceruledge|0 fnt\n|faint|p2a: Ceruledge\n|move|p1b: Rillaboom|Knock Off|p2b: Amoonguss\n|-crit|p2b: Amoonguss\n|-damage|p2b: Amoonguss|45\/100\n|-enditem|p2b: Amoonguss|Terrain Extender|[from] move: Knock Off|[of] p1b: Rillaboom\n|move|p2b: Amoonguss|Clear Smog|p1a: Shiftry\n|-supereffective|p1a: Shiftry\n|-damage|p1a: Shiftry|0 fnt\n|-clearboost|p1a: Shiftry\n|faint|p1a: Shiftry\n|\n|-heal|p2b: Amoonguss|52\/100|[from] Grassy Terrain\n|upkeep\n|\n|t:|1700284641\n|switch|p1a: Tsareena|Tsareena, F|100\/100\n|switch|p2a: Dondozo|Dondozo, M|100\/100\n|turn|4\n|\n|t:|1700284671\n|-terastallize|p2a: Dondozo|Dragon\n|move|p1b: Rillaboom|U-turn|p2b: Amoonguss\n|-damage|p2b: Amoonguss|29\/100\n|\n|t:|1700284676\n|switch|p1b: Amoonguss|Amoonguss, M|100\/100|[from] U-turn\n|move|p1a: Tsareena|Trailblaze|p2a: Dondozo\n|-resisted|p2a: Dondozo\n|-damage|p2a: Dondozo|93\/100\n|-boost|p1a: Tsareena|spe|1\n|move|p2b: Amoonguss|Sludge Bomb|p1b: Amoonguss\n|-damage|p1b: Amoonguss|82\/100\n|move|p2a: Dondozo|Heavy Slam|p1a: Tsareena\n|-damage|p1a: Tsareena|73\/100\n|\n|-heal|p1a: Tsareena|80\/100|[from] Grassy Terrain\n|-heal|p1a: Tsareena|86\/100|[from] item: Leftovers\n|-heal|p1b: Amoonguss|88\/100|[from] Grassy Terrain\n|-heal|p1b: Amoonguss|94\/100|[from] item: Black Sludge\n|-heal|p2b: Amoonguss|35\/100|[from] Grassy Terrain\n|-heal|p2a: Dondozo|99\/100|[from] Grassy Terrain\n|-heal|p2a: Dondozo|100\/100|[from] item: Leftovers\n|upkeep\n|turn|5\n|\n|t:|1700284699\n|move|p1a: Tsareena|Knock Off|p2a: Dondozo\n|-damage|p2a: Dondozo|85\/100\n|-enditem|p2a: Dondozo|Leftovers|[from] move: Knock Off|[of] p1a: Tsareena\n|move|p1b: Amoonguss|Spore|p2a: Dondozo\n|-status|p2a: Dondozo|slp|[from] move: Spore\n|move|p2b: Amoonguss|Clear Smog|p1a: Tsareena\n|-supereffective|p1a: Tsareena\n|-damage|p1a: Tsareena|56\/100\n|-clearboost|p1a: Tsareena\n|cant|p2a: Dondozo|slp\n|\n|-heal|p1a: Tsareena|62\/100|[from] Grassy Terrain\n|-heal|p1a: Tsareena|68\/100|[from] item: Leftovers\n|-heal|p1b: Amoonguss|100\/100|[from] Grassy Terrain\n|-heal|p2b: Amoonguss|42\/100|[from] Grassy Terrain\n|-heal|p2a: Dondozo|91\/100 slp|[from] Grassy Terrain\n|-sideend|p1: Leon11111|move: Tailwind\n|upkeep\n|turn|6\n|\n|t:|1700284718\n|move|p1b: Amoonguss|Rage Powder|p1b: Amoonguss\n|-singleturn|p1b: Amoonguss|move: Rage Powder\n|move|p1a: Tsareena|High Jump Kick|p2b: Amoonguss|[miss]\n|-miss|p1a: Tsareena|p2b: Amoonguss\n|-damage|p1a: Tsareena|18\/100|[from] highjumpkick\n|move|p2b: Amoonguss|Sludge Bomb|p1a: Tsareena\n|-supereffective|p1a: Tsareena\n|-damage|p1a: Tsareena|0 fnt\n|faint|p1a: Tsareena\n|cant|p2a: Dondozo|slp\n|\n|-heal|p2b: Amoonguss|48\/100|[from] Grassy Terrain\n|-heal|p2a: Dondozo|97\/100 slp|[from] Grassy Terrain\n|upkeep\n|\n|t:|1700284724\n|switch|p1a: Rillaboom|Rillaboom, M|100\/100\n|turn|7\n|\n|t:|1700284738\n|move|p1a: Rillaboom|Fake Out|p2b: Amoonguss\n|-damage|p2b: Amoonguss|34\/100\n|cant|p2b: Amoonguss|flinch\n|cant|p2a: Dondozo|slp\n|move|p1b: Amoonguss|Leaf Storm|p2b: Amoonguss\n|-resisted|p2b: Amoonguss\n|-damage|p2b: Amoonguss|21\/100\n|-unboost|p1b: Amoonguss|spa|2\n|\n|-heal|p2b: Amoonguss|27\/100|[from] Grassy Terrain\n|-heal|p2a: Dondozo|100\/100 slp|[from] Grassy Terrain\n|-fieldend|move: Grassy Terrain\n|upkeep\n|turn|8\n|\n|t:|1700284759\n|move|p1a: Rillaboom|U-turn|p2b: Amoonguss\n|-damage|p2b: Amoonguss|7\/100\n|\n|t:|1700284762\n|switch|p1a: Ogerpon|Ogerpon-Wellspring, F|100\/100|[from] U-turn\n|move|p2b: Amoonguss|Sludge Bomb|p1a: Ogerpon\n|-supereffective|p1a: Ogerpon\n|-damage|p1a: Ogerpon|42\/100\n|-status|p1a: Ogerpon|psn\n|-curestatus|p2a: Dondozo|slp|[msg]\n|move|p2a: Dondozo|Yawn|p1b: Amoonguss\n|-start|p1b: Amoonguss|move: Yawn|[of] p2a: Dondozo\n|move|p1b: Amoonguss|Spore|p1a: Ogerpon\n|-immune|p1a: Ogerpon\n|\n|-damage|p1a: Ogerpon|30\/100 psn|[from] psn\n|upkeep\n|turn|9\n|\n|t:|1700284804\n|-terastallize|p1a: Ogerpon|Water\n|detailschange|p1a: Ogerpon|Ogerpon-Wellspring-Tera, F, tera:Water\n|-ability|p1a: Ogerpon|Embody Aspect (Wellspring)|boost\n|-boost|p1a: Ogerpon|spd|1\n|move|p2a: Dondozo|Protect|p2a: Dondozo\n|-singleturn|p2a: Dondozo|Protect\n|move|p1a: Ogerpon|Ivy Cudgel|p2b: Amoonguss|[anim] Ivy Cudgel Water\n|-resisted|p2b: Amoonguss\n|-damage|p2b: Amoonguss|0 fnt\n|faint|p2b: Amoonguss\n|move|p1b: Amoonguss|Spore|p2a: Dondozo\n|-activate|p2a: Dondozo|move: Protect\n|\n|-damage|p1a: Ogerpon|17\/100 psn|[from] psn\n|-end|p1b: Amoonguss|move: Yawn|[silent]\n|-status|p1b: Amoonguss|slp\n|upkeep\n|\n|t:|1700284821\n|switch|p2b: Lando|Landorus-Therian, M, shiny|100\/100\n|-ability|p2b: Lando|Intimidate|boost\n|-unboost|p1a: Ogerpon|atk|1\n|-unboost|p1b: Amoonguss|atk|1\n|turn|10\n|\n|t:|1700284846\n|move|p2b: Lando|Tera Blast|p1a: Ogerpon\n|-damage|p1a: Ogerpon|1\/100 psn\n|move|p1a: Ogerpon|Ivy Cudgel|p2b: Lando|[anim] Ivy Cudgel Water\n|-supereffective|p2b: Lando\n|-damage|p2b: Lando|0 fnt\n|faint|p2b: Lando\n|move|p2a: Dondozo|Heavy Slam|p1b: Amoonguss\n|-damage|p1b: Amoonguss|69\/100 slp\n|cant|p1b: Amoonguss|slp\n|\n|-heal|p1b: Amoonguss|76\/100 slp|[from] item: Black Sludge\n|-damage|p1a: Ogerpon|0 fnt|[from] psn\n|faint|p1a: Ogerpon\n|upkeep\n|\n|t:|1700284857\n|switch|p1a: Rillaboom|Rillaboom, M|100\/100\n|switch|p2b: Kommo-o|Kommo-o, M, shiny|100\/100\n|-fieldstart|move: Grassy Terrain|[from] ability: Grassy Surge|[of] p1a: Rillaboom\n|turn|11\n|\n|t:|1700284872\n|move|p2b: Kommo-o|Protect|p2b: Kommo-o\n|-singleturn|p2b: Kommo-o|Protect\n|move|p2a: Dondozo|Protect|p2a: Dondozo\n|-singleturn|p2a: Dondozo|Protect\n|move|p1a: Rillaboom|Knock Off|p2b: Kommo-o\n|-activate|p2b: Kommo-o|move: Protect\n|cant|p1b: Amoonguss|slp\n|\n|-heal|p1b: Amoonguss|82\/100 slp|[from] Grassy Terrain\n|-heal|p1b: Amoonguss|88\/100 slp|[from] item: Black Sludge\n|upkeep\n|turn|12\n|\n|t:|1700284892\n|move|p2b: Kommo-o|Clangorous Soul|p2b: Kommo-o\n|-boost|p2b: Kommo-o|atk|1\n|-boost|p2b: Kommo-o|def|1\n|-boost|p2b: Kommo-o|spa|1\n|-boost|p2b: Kommo-o|spd|1\n|-boost|p2b: Kommo-o|spe|1\n|-damage|p2b: Kommo-o|68\/100\n|move|p1a: Rillaboom|Knock Off|p2b: Kommo-o\n|-resisted|p2b: Kommo-o\n|-damage|p2b: Kommo-o|57\/100\n|-enditem|p2b: Kommo-o|Heavy-Duty Boots|[from] move: Knock Off|[of] p1a: Rillaboom\n|move|p2a: Dondozo|Heavy Slam|p1b: Amoonguss\n|-damage|p1b: Amoonguss|61\/100 slp\n|-curestatus|p1b: Amoonguss|slp|[msg]\n|move|p1b: Amoonguss|Spore|p2a: Dondozo\n|-status|p2a: Dondozo|slp|[from] move: Spore\n|\n|-heal|p2b: Kommo-o|63\/100|[from] Grassy Terrain\n|-heal|p1b: Amoonguss|67\/100|[from] Grassy Terrain\n|-heal|p1b: Amoonguss|73\/100|[from] item: Black Sludge\n|upkeep\n|turn|13\n|\n|t:|1700284937\n|move|p1a: Rillaboom|Grassy Glide|p2b: Kommo-o\n|-resisted|p2b: Kommo-o\n|-damage|p2b: Kommo-o|49\/100\n|move|p2b: Kommo-o|Earthquake|p1a: Rillaboom|[spread] p2a,p1a,p1b\n|-resisted|p1a: Rillaboom\n|-damage|p2a: Dondozo|95\/100 slp\n|-damage|p1a: Rillaboom|92\/100\n|-damage|p1b: Amoonguss|53\/100\n|cant|p2a: Dondozo|slp\n|move|p1b: Amoonguss|Leaf Storm|p2b: Kommo-o\n|-resisted|p2b: Kommo-o\n|-damage|p2b: Kommo-o|40\/100\n|-unboost|p1b: Amoonguss|spa|2\n|\n|-heal|p2b: Kommo-o|46\/100|[from] Grassy Terrain\n|-heal|p1a: Rillaboom|98\/100|[from] Grassy Terrain\n|-heal|p2a: Dondozo|100\/100 slp|[from] Grassy Terrain\n|-heal|p1b: Amoonguss|59\/100|[from] Grassy Terrain\n|-heal|p1b: Amoonguss|65\/100|[from] item: Black Sludge\n|upkeep\n|turn|14\n|\n|t:|1700284958\n|move|p1a: Rillaboom|Grassy Glide|p2b: Kommo-o\n|-resisted|p2b: Kommo-o\n|-damage|p2b: Kommo-o|35\/100\n|move|p2b: Kommo-o|Earthquake|p1a: Rillaboom|[spread] p2a,p1a,p1b\n|-resisted|p1a: Rillaboom\n|-damage|p2a: Dondozo|95\/100 slp\n|-damage|p1a: Rillaboom|89\/100\n|-damage|p1b: Amoonguss|45\/100\n|cant|p2a: Dondozo|slp\n|move|p1b: Amoonguss|Leaf Storm|p2a: Dondozo\n|-resisted|p2a: Dondozo\n|-damage|p2a: Dondozo|71\/100 slp\n|-unboost|p1b: Amoonguss|spa|2\n|\n|-heal|p2b: Kommo-o|41\/100|[from] Grassy Terrain\n|-heal|p1a: Rillaboom|95\/100|[from] Grassy Terrain\n|-heal|p2a: Dondozo|77\/100 slp|[from] Grassy Terrain\n|-heal|p1b: Amoonguss|51\/100|[from] Grassy Terrain\n|-heal|p1b: Amoonguss|57\/100|[from] item: Black Sludge\n|upkeep\n|turn|15\n|\n|t:|1700284981\n|move|p1b: Amoonguss|Rage Powder|p1b: Amoonguss\n|-singleturn|p1b: Amoonguss|move: Rage Powder\n|move|p1a: Rillaboom|Grassy Glide|p2b: Kommo-o\n|-resisted|p2b: Kommo-o\n|-damage|p2b: Kommo-o|29\/100\n|move|p2b: Kommo-o|Earthquake|p1a: Rillaboom|[spread] p2a,p1a,p1b\n|-resisted|p1a: Rillaboom\n|-damage|p2a: Dondozo|71\/100 slp\n|-damage|p1a: Rillaboom|87\/100\n|-damage|p1b: Amoonguss|36\/100\n|cant|p2a: Dondozo|slp\n|\n|-heal|p2b: Kommo-o|35\/100|[from] Grassy Terrain\n|-heal|p1a: Rillaboom|93\/100|[from] Grassy Terrain\n|-heal|p2a: Dondozo|77\/100 slp|[from] Grassy Terrain\n|-heal|p1b: Amoonguss|42\/100|[from] Grassy Terrain\n|-heal|p1b: Amoonguss|49\/100|[from] item: Black Sludge\n|-fieldend|move: Grassy Terrain\n|upkeep\n|turn|16\n|\n|t:|1700284998\n|move|p2b: Kommo-o|Earthquake|p1b: Amoonguss|[spread] p2a,p1a,p1b\n|-resisted|p1a: Rillaboom\n|-damage|p2a: Dondozo|65\/100 slp\n|-damage|p1a: Rillaboom|74\/100\n|-damage|p1b: Amoonguss|7\/100\n|move|p1a: Rillaboom|Knock Off|p2b: Kommo-o\n|-resisted|p2b: Kommo-o\n|-damage|p2b: Kommo-o|27\/100\n|-curestatus|p2a: Dondozo|slp|[msg]\n|move|p2a: Dondozo|Heavy Slam|p1b: Amoonguss\n|-damage|p1b: Amoonguss|0 fnt\n|faint|p1b: Amoonguss\n|\n|upkeep\n|turn|17\n|\n|t:|1700285042\n|move|p2b: Kommo-o|Protect|p2b: Kommo-o\n|-singleturn|p2b: Kommo-o|Protect\n|move|p1a: Rillaboom|Grassy Glide|p2b: Kommo-o\n|-activate|p2b: Kommo-o|move: Protect\n|move|p2a: Dondozo|Yawn|p1a: Rillaboom\n|-start|p1a: Rillaboom|move: Yawn|[of] p2a: Dondozo\n|\n|upkeep\n|turn|18\n|\n|t:|1700285052\n|move|p2b: Kommo-o|Earthquake|p1a: Rillaboom|[spread] p2a,p1a\n|-resisted|p1a: Rillaboom\n|-damage|p2a: Dondozo|54\/100\n|-damage|p1a: Rillaboom|58\/100\n|move|p1a: Rillaboom|Grassy Glide|p2a: Dondozo\n|-resisted|p2a: Dondozo\n|-damage|p2a: Dondozo|47\/100\n|move|p2a: Dondozo|Heavy Slam|p1a: Rillaboom\n|-damage|p1a: Rillaboom|44\/100\n|\n|-end|p1a: Rillaboom|move: Yawn|[silent]\n|-status|p1a: Rillaboom|slp\n|upkeep\n|turn|19\n|\n|t:|1700285062\n|move|p2b: Kommo-o|Earthquake|p1a: Rillaboom|[spread] p2a,p1a\n|-resisted|p1a: Rillaboom\n|-damage|p2a: Dondozo|36\/100\n|-damage|p1a: Rillaboom|25\/100 slp\n|cant|p1a: Rillaboom|slp\n|move|p2a: Dondozo|Heavy Slam|p1a: Rillaboom\n|-damage|p1a: Rillaboom|13\/100 slp\n|\n|upkeep\n|turn|20\n|\n|t:|1700285104\n|move|p2b: Kommo-o|Earthquake|p1a: Rillaboom|[spread] p2a,p1a\n|-resisted|p1a: Rillaboom\n|-damage|p2a: Dondozo|25\/100\n|-damage|p1a: Rillaboom|0 fnt\n|faint|p1a: Rillaboom\n|\n|win|Kazekage217\n","uploadtime":1700285112,"views":6,"p1id":"leon11111","p2id":"kazekage217","formatid":"gen9doublesou","rating":0,"private":0,"password":""}