{"id":"gen9doublesou-1998710896","p1":"Elite.4.Challenger","p2":"JBoy pokemon","format":"[Gen 9] Doubles OU","log":"|j|\u2606Elite.4.Challenger\n|j|\u2606JBoy pokemon\n|t:|1700976106\n|gametype|doubles\n|player|p1|Elite.4.Challenger|koga|1318\n|player|p2|JBoy pokemon|flint|1360\n|teamsize|p1|6\n|teamsize|p2|6\n|gen|9\n|tier|[Gen 9] Doubles OU\n|rated|\n|rule|Species Clause: Limit one of each Pok\u00e9mon\n|rule|OHKO Clause: OHKO moves are banned\n|rule|Evasion Moves Clause: Evasion moves are banned\n|rule|Gravity Sleep Clause: The combination of sleep-inducing moves with imperfect accuracy and Gravity or Gigantamax Orbeetle are banned\n|rule|Endless Battle Clause: Forcing endless battles is banned\n|rule|HP Percentage Mod: HP is shown in percentages\n|clearpoke\n|poke|p1|Hatterene, F|\n|poke|p1|Rillaboom, F|\n|poke|p1|Torkoal, M|\n|poke|p1|Typhlosion-Hisui, M|\n|poke|p1|Hoopa-Unbound|\n|poke|p1|Kingambit, F|\n|poke|p2|Grimmsnarl, M|\n|poke|p2|Amoonguss, F|\n|poke|p2|Flutter Mane|\n|poke|p2|Volcanion|\n|poke|p2|Chien-Pao|\n|poke|p2|Ogerpon-Hearthflame, F|\n|teampreview\n|inactive|Battle timer is ON: inactive players will automatically lose when time's up. (requested by JBoy pokemon)\n|\n|t:|1700976120\n|start\n|switch|p1a: Joe's Ex-Wife|Hatterene, F|100\/100\n|switch|p1b: Rillaboom|Rillaboom, F|100\/100\n|switch|p2a: Grimmsnarl|Grimmsnarl, M|100\/100\n|switch|p2b: Amoonguss|Amoonguss, F, shiny|100\/100\n|-fieldstart|move: Grassy Terrain|[from] ability: Grassy Surge|[of] p1b: Rillaboom\n|turn|1\n|\n|t:|1700976131\n|move|p2b: Amoonguss|Rage Powder|p2b: Amoonguss\n|-singleturn|p2b: Amoonguss|move: Rage Powder\n|move|p2a: Grimmsnarl|Light Screen|p2a: Grimmsnarl\n|-sidestart|p2: JBoy pokemon|move: Light Screen\n|move|p1b: Rillaboom|Brick Break|p2a: Grimmsnarl\n|-sideend|p2: JBoy pokemon|move: Light Screen\n|-damage|p2a: Grimmsnarl|75\/100\n|move|p1a: Joe's Ex-Wife|Trick Room|p1a: Joe's Ex-Wife\n|-fieldstart|move: Trick Room|[of] p1a: Joe's Ex-Wife\n|\n|-heal|p2a: Grimmsnarl|81\/100|[from] Grassy Terrain\n|upkeep\n|turn|2\n|inactive|JBoy pokemon has 120 seconds left.\n|\n|t:|1700976172\n|move|p2a: Grimmsnarl|Reflect|p2a: Grimmsnarl\n|-sidestart|p2: JBoy pokemon|Reflect\n|move|p1a: Joe's Ex-Wife|Dazzling Gleam|p2a: Grimmsnarl|[spread] p2a,p2b\n|-supereffective|p2a: Grimmsnarl\n|-resisted|p2b: Amoonguss\n|-damage|p2a: Grimmsnarl|26\/100\n|-damage|p2b: Amoonguss|88\/100\n|move|p2b: Amoonguss|Pollen Puff|p1a: Joe's Ex-Wife\n|-damage|p1a: Joe's Ex-Wife|82\/100\n|move|p1b: Rillaboom|U-turn|p2b: Amoonguss\n|-damage|p2b: Amoonguss|75\/100\n|\n|t:|1700976183\n|switch|p1b: Torkoal|Torkoal, M|100\/100|[from] U-turn\n|-weather|SunnyDay|[from] ability: Drought|[of] p1b: Torkoal\n|\n|-weather|SunnyDay|[upkeep]\n|-heal|p1a: Joe's Ex-Wife|88\/100|[from] Grassy Terrain\n|-heal|p2b: Amoonguss|81\/100|[from] Grassy Terrain\n|-heal|p2a: Grimmsnarl|32\/100|[from] Grassy Terrain\n|upkeep\n|turn|3\n|inactive|JBoy pokemon has 120 seconds left.\n|\n|t:|1700976204\n|move|p2a: Grimmsnarl|Light Screen|p2a: Grimmsnarl\n|-sidestart|p2: JBoy pokemon|move: Light Screen\n|move|p1b: Torkoal|Eruption|p2a: Grimmsnarl|[spread] p2a,p2b\n|-crit|p2a: Grimmsnarl\n|-supereffective|p2b: Amoonguss\n|-damage|p2a: Grimmsnarl|0 fnt\n|-damage|p2b: Amoonguss|6\/100\n|-enditem|p2b: Amoonguss|Sitrus Berry|[eat]\n|-heal|p2b: Amoonguss|30\/100|[from] item: Sitrus Berry\n|faint|p2a: Grimmsnarl\n|move|p1a: Joe's Ex-Wife|Dazzling Gleam|p2b: Amoonguss\n|-resisted|p2b: Amoonguss\n|-damage|p2b: Amoonguss|19\/100\n|move|p2b: Amoonguss|Spore|p1b: Torkoal\n|-status|p1b: Torkoal|slp|[from] move: Spore\n|\n|-weather|SunnyDay|[upkeep]\n|-heal|p1a: Joe's Ex-Wife|94\/100|[from] Grassy Terrain\n|-heal|p2b: Amoonguss|25\/100|[from] Grassy Terrain\n|upkeep\n|inactive|JBoy pokemon has 120 seconds left.\n|\n|t:|1700976221\n|switch|p2a: Volcanion|Volcanion|100\/100\n|turn|4\n|\n|t:|1700976239\n|move|p1a: Joe's Ex-Wife|Protect|p1a: Joe's Ex-Wife\n|-singleturn|p1a: Joe's Ex-Wife|Protect\n|cant|p1b: Torkoal|slp\n|move|p2b: Amoonguss|Spore|p1a: Joe's Ex-Wife\n|-activate|p1a: Joe's Ex-Wife|move: Protect\n|move|p2a: Volcanion|Steam Eruption|p1b: Torkoal\n|-supereffective|p1b: Torkoal\n|-damage|p1b: Torkoal|15\/100 slp\n|\n|-weather|SunnyDay|[upkeep]\n|-heal|p1b: Torkoal|21\/100 slp|[from] Grassy Terrain\n|-heal|p1a: Joe's Ex-Wife|99\/100|[from] Grassy Terrain\n|-heal|p2b: Amoonguss|31\/100|[from] Grassy Terrain\n|upkeep\n|turn|5\n|j| bananaszn\n|c| bananaszn|damn i missed\n|c| bananaszn|a lot\n|c|\u2606Elite.4.Challenger|nah you good\n|\n|t:|1700976266\n|move|p2b: Amoonguss|Rage Powder|p2b: Amoonguss\n|-singleturn|p2b: Amoonguss|move: Rage Powder\n|-curestatus|p1b: Torkoal|slp|[msg]\n|move|p1b: Torkoal|Heat Wave|p2b: Amoonguss|[spread] p2a\n|-miss|p1b: Torkoal|p2b: Amoonguss\n|-resisted|p2a: Volcanion\n|-damage|p2a: Volcanion|95\/100\n|move|p1a: Joe's Ex-Wife|Dazzling Gleam|p2b: Amoonguss|[spread] p2a,p2b\n|-resisted|p2a: Volcanion\n|-resisted|p2b: Amoonguss\n|-damage|p2a: Volcanion|88\/100\n|-damage|p2b: Amoonguss|23\/100\n|move|p2a: Volcanion|Flash Cannon|p1a: Joe's Ex-Wife\n|-supereffective|p1a: Joe's Ex-Wife\n|-damage|p1a: Joe's Ex-Wife|33\/100\n|\n|-weather|SunnyDay|[upkeep]\n|-heal|p1b: Torkoal|27\/100|[from] Grassy Terrain\n|-heal|p1a: Joe's Ex-Wife|39\/100|[from] Grassy Terrain\n|-heal|p2b: Amoonguss|29\/100|[from] Grassy Terrain\n|-heal|p2a: Volcanion|94\/100|[from] Grassy Terrain\n|-fieldend|move: Trick Room\n|-fieldend|move: Grassy Terrain\n|upkeep\n|turn|6\n|c|\u2606Elite.4.Challenger|last guy didnt allow spectating\n|c| bananaszn|ah\n|c| bananaszn|L miss\n|inactive|Elite.4.Challenger has 120 seconds left.\n|\n|t:|1700976308\n|switch|p1a: Typhlosion|Typhlosion-Hisui, M|100\/100\n|-item|p2a: Volcanion|Assault Vest|[from] ability: Frisk|[of] p1a: Typhlosion|[identify]\n|move|p2a: Volcanion|Flash Cannon|p1a: Typhlosion\n|-resisted|p1a: Typhlosion\n|-damage|p1a: Typhlosion|82\/100\n|move|p2b: Amoonguss|Spore|p1b: Torkoal\n|-status|p1b: Torkoal|slp|[from] move: Spore\n|cant|p1b: Torkoal|slp\n|\n|-weather|SunnyDay|[upkeep]\n|upkeep\n|turn|7\n|c| bananaszn|bro im playing fire red and getting exposed by falkner\n|inactive|Elite.4.Challenger has 120 seconds left.\n|c|\u2606Elite.4.Challenger|lmaoo\n|c|\u2606Elite.4.Challenger|have you ever done nuzlocks\n|c| bananaszn|absolutely not\n|inactive|Elite.4.Challenger has 90 seconds left.\n|c| bananaszn|i might try one one day\n|c|\u2606Elite.4.Challenger|they hella hard but fun\n|c| bananaszn|fr ive lost at least like 5 times now\n|c| bananaszn|i keep forgetting to lead staravia on rufflet\n|inactive|Elite.4.Challenger has 60 seconds left.\n|c|\u2606Elite.4.Challenger|i dont go by the first pokemon i see but that i get to chose one from each route\n|c| bananaszn|reasonable\n|inactive|Elite.4.Challenger has 30 seconds left.\n|c|\u2606Elite.4.Challenger|that way its still challenging but difficult to make teams\n|inactive|Elite.4.Challenger has 20 seconds left.\n|\n|t:|1700976425\n|move|p1a: Typhlosion|Flamethrower|p2b: Amoonguss\n|-supereffective|p2b: Amoonguss\n|-damage|p2b: Amoonguss|0 fnt\n|faint|p2b: Amoonguss\n|-heal|p1a: Typhlosion|87\/100|[from] item: Shell Bell|[of] p2: Amoonguss\n|move|p2a: Volcanion|Steam Eruption|p1a: Typhlosion\n|-supereffective|p1a: Typhlosion\n|-damage|p1a: Typhlosion|20\/100\n|cant|p1b: Torkoal|slp\n|\n|-weather|SunnyDay|[upkeep]\n|upkeep\n|inactive|Elite.4.Challenger has 25 seconds left this turn.\n|c|\u2606Elite.4.Challenger|sorry im taking so long jboy\n|\n|t:|1700976443\n|switch|p2b: Chien-Pao|Chien-Pao|100\/100\n|-ability|p2b: Chien-Pao|Sword of Ruin\n|turn|8\n|c|\u2606Elite.4.Challenger|had to talk to my boy\n|c| bananaszn|new chien pao sprite\n|\n|t:|1700976459\n|move|p1a: Typhlosion|Protect|p1a: Typhlosion\n|-singleturn|p1a: Typhlosion|Protect\n|move|p2b: Chien-Pao|Sucker Punch||[still]\n|-fail|p2b: Chien-Pao\n|move|p2a: Volcanion|Steam Eruption|p1b: Torkoal\n|-supereffective|p1b: Torkoal\n|-damage|p1b: Torkoal|0 fnt\n|faint|p1b: Torkoal\n|\n|-weather|SunnyDay|[upkeep]\n|upkeep\n|c| bananaszn|sheesh\n|c|\u2606JBoy pokemon|All cool\n|inactive|Elite.4.Challenger has 30 seconds left.\n|\n|t:|1700976477\n|switch|p1b: Kingambit|Kingambit, F|100\/100\n|turn|9\n|\n|t:|1700976494\n|move|p1b: Kingambit|Protect|p1b: Kingambit\n|-singleturn|p1b: Kingambit|Protect\n|move|p2b: Chien-Pao|Sucker Punch||[still]\n|-fail|p2b: Chien-Pao\n|move|p1a: Typhlosion|Will-O-Wisp|p2b: Chien-Pao\n|-status|p2b: Chien-Pao|brn\n|move|p2a: Volcanion|Earth Power|p1b: Kingambit\n|-activate|p1b: Kingambit|move: Protect\n|\n|-weather|none\n|-damage|p2b: Chien-Pao|95\/100 brn|[from] brn\n|-sideend|p2: JBoy pokemon|Reflect\n|upkeep\n|turn|10\n|inactive|Elite.4.Challenger has 60 seconds left.\n|\n|t:|1700976525\n|switch|p1a: Rillaboom|Rillaboom, F|100\/100\n|-fieldstart|move: Grassy Terrain|[from] ability: Grassy Surge|[of] p1a: Rillaboom\n|-terastallize|p1b: Kingambit|Dark\n|move|p2b: Chien-Pao|Sacred Sword|p1b: Kingambit\n|-supereffective|p1b: Kingambit\n|-damage|p1b: Kingambit|62\/100\n|-damage|p2b: Chien-Pao|85\/100 brn|[from] item: Life Orb\n|move|p2a: Volcanion|Earth Power|p1a: Rillaboom\n|-resisted|p1a: Rillaboom\n|-damage|p1a: Rillaboom|89\/100\n|-unboost|p1a: Rillaboom|spd|1\n|move|p1b: Kingambit|Kowtow Cleave|p2a: Volcanion\n|-damage|p2a: Volcanion|0 fnt\n|faint|p2a: Volcanion\n|-damage|p1b: Kingambit|52\/100|[from] item: Life Orb\n|\n|-heal|p2b: Chien-Pao|91\/100 brn|[from] Grassy Terrain\n|-heal|p1a: Rillaboom|95\/100|[from] Grassy Terrain\n|-heal|p1b: Kingambit|58\/100|[from] Grassy Terrain\n|-damage|p2b: Chien-Pao|85\/100 brn|[from] brn\n|-sideend|p2: JBoy pokemon|move: Light Screen\n|upkeep\n|\n|t:|1700976538\n|switch|p2a: Ogerpon|Ogerpon-Hearthflame, F|100\/100\n|-ability|p2a: Ogerpon|Mold Breaker\n|turn|11\n|inactive|Elite.4.Challenger has 60 seconds left.\n|\n|t:|1700976559\n|move|p2b: Chien-Pao|Sacred Sword|p1b: Kingambit\n|-supereffective|p1b: Kingambit\n|-damage|p1b: Kingambit|21\/100\n|-damage|p2b: Chien-Pao|75\/100 brn|[from] item: Life Orb\n|move|p2a: Ogerpon|Ivy Cudgel|p1a: Rillaboom|[anim] Ivy Cudgel Fire\n|-supereffective|p1a: Rillaboom\n|-damage|p1a: Rillaboom|0 fnt\n|faint|p1a: Rillaboom\n|move|p1b: Kingambit|Kowtow Cleave|p2a: Ogerpon\n|-damage|p2a: Ogerpon|0 fnt\n|faint|p2a: Ogerpon\n|-damage|p1b: Kingambit|11\/100|[from] item: Life Orb\n|\n|-heal|p2b: Chien-Pao|81\/100 brn|[from] Grassy Terrain\n|-heal|p1b: Kingambit|17\/100|[from] Grassy Terrain\n|-damage|p2b: Chien-Pao|75\/100 brn|[from] brn\n|upkeep\n|inactive|Elite.4.Challenger has 60 seconds left.\n|\n|t:|1700976575\n|switch|p2a: Flutter Mane|Flutter Mane|100\/100\n|switch|p1a: Joe's Ex-Wife|Hatterene, F|39\/100\n|-enditem|p2a: Flutter Mane|Booster Energy\n|-activate|p2a: Flutter Mane|ability: Protosynthesis|[fromitem]\n|-start|p2a: Flutter Mane|protosynthesisspe\n|turn|12\n|\n|t:|1700976587\n|move|p1b: Kingambit|Protect|p1b: Kingambit\n|-singleturn|p1b: Kingambit|Protect\n|move|p2a: Flutter Mane|Shadow Ball|p1a: Joe's Ex-Wife\n|-supereffective|p1a: Joe's Ex-Wife\n|-damage|p1a: Joe's Ex-Wife|0 fnt\n|faint|p1a: Joe's Ex-Wife\n|move|p2b: Chien-Pao|Sacred Sword|p1b: Kingambit\n|-activate|p1b: Kingambit|move: Protect\n|\n|-heal|p2b: Chien-Pao|81\/100 brn|[from] Grassy Terrain\n|-heal|p1b: Kingambit|24\/100|[from] Grassy Terrain\n|-damage|p2b: Chien-Pao|75\/100 brn|[from] brn\n|upkeep\n|\n|t:|1700976606\n|switch|p1a: Hoopa|Hoopa-Unbound|100\/100\n|-enditem|p1a: Hoopa|Grassy Seed\n|-boost|p1a: Hoopa|def|1|[from] item: Grassy Seed\n|turn|13\n|inactive|Elite.4.Challenger has 90 seconds left.\n|\n|t:|1700976629\n|-terastallize|p2a: Flutter Mane|Fairy\n|move|p1b: Kingambit|Sucker Punch|p2a: Flutter Mane\n|-resisted|p2a: Flutter Mane\n|-damage|p2a: Flutter Mane|0 fnt\n|faint|p2a: Flutter Mane\n|-end|p2a: Flutter Mane|Protosynthesis|[silent]\n|-damage|p1b: Kingambit|14\/100|[from] item: Life Orb\n|move|p2b: Chien-Pao|Sacred Sword|p1b: Kingambit\n|-supereffective|p1b: Kingambit\n|-damage|p1b: Kingambit|0 fnt\n|faint|p1b: Kingambit\n|-damage|p2b: Chien-Pao|65\/100 brn|[from] item: Life Orb\n|move|p1a: Hoopa|Trick Room|p1a: Hoopa\n|-fieldstart|move: Trick Room|[of] p1a: Hoopa\n|\n|-heal|p2b: Chien-Pao|71\/100 brn|[from] Grassy Terrain\n|-damage|p2b: Chien-Pao|65\/100 brn|[from] brn\n|upkeep\n|\n|t:|1700976643\n|switch|p1b: Typhlosion|Typhlosion-Hisui, M|20\/100\n|-item|p2b: Chien-Pao|Life Orb|[from] ability: Frisk|[of] p1b: Typhlosion|[identify]\n|turn|14\n|\n|t:|1700976661\n|move|p2b: Chien-Pao|Sucker Punch|p1b: Typhlosion\n|-supereffective|p1b: Typhlosion\n|-crit|p1b: Typhlosion\n|-damage|p1b: Typhlosion|0 fnt\n|faint|p1b: Typhlosion\n|-damage|p2b: Chien-Pao|55\/100 brn|[from] item: Life Orb\n|move|p1a: Hoopa|Hyperspace Fury|p2b: Chien-Pao\n|-resisted|p2b: Chien-Pao\n|-damage|p2b: Chien-Pao|5\/100 brn\n|-unboost|p1a: Hoopa|def|1\n|-item|p1a: Hoopa|Life Orb|[from] ability: Magician|[of] p2b: Chien-Pao\n|\n|-heal|p2b: Chien-Pao|11\/100 brn|[from] Grassy Terrain\n|-damage|p2b: Chien-Pao|5\/100 brn|[from] brn\n|-fieldend|move: Grassy Terrain\n|upkeep\n|turn|15\n|inactive|Elite.4.Challenger has 120 seconds left.\n|\n|t:|1700976684\n|move|p1a: Hoopa|Protect|p1a: Hoopa\n|-singleturn|p1a: Hoopa|Protect\n|move|p2b: Chien-Pao|Sucker Punch||[still]\n|-fail|p2b: Chien-Pao\n|\n|-damage|p2b: Chien-Pao|0 fnt|[from] brn\n|faint|p2b: Chien-Pao\n|\n|win|Elite.4.Challenger\n|upkeep\n|raw|Elite.4.Challenger's rating: 1318 &rarr; <strong>1340<\/strong><br \/>(+22 for winning)\n|raw|JBoy pokemon's rating: 1360 &rarr; <strong>1338<\/strong><br \/>(-22 for losing)\n|c|\u2606Elite.4.Challenger|gg wp\n|c| bananaszn|the item steals are hilarious\n|l|\u2606JBoy pokemon\n|c|\u2606Elite.4.Challenger|ong\n|c|\u2606Elite.4.Challenger|insane gimmick\n|c| bananaszn|fr and multiple mon have it\n|c| bananaszn|well i think so\n|c| bananaszn|i think delphox has it\n|c| bananaszn|hoopa and the last two evos of delphox line\n|c| bananaszn|and klefki\n|c|\u2606Elite.4.Challenger|pair with frisk its crazy bc you can chose what you want\n|c|\u2606Elite.4.Challenger|makes it actually viable\n|c| bananaszn|fr\n|c|\u2606Elite.4.Challenger|im surprised i came back that game\n|c|\u2606Elite.4.Challenger|the backup sweeper came in clutch\n|c| bananaszn|not clicking cudgel on gambit was the worst play of the game\n|c|\u2606Elite.4.Challenger|so true\n|c|\u2606Elite.4.Challenger|sucker punch was goated for that\n|c|\u2606Elite.4.Challenger|makes him good with and without tr\n|c|\u2606Elite.4.Challenger|saving that one forsure\n","uploadtime":1700976862,"views":6,"p1id":"elite4challenger","p2id":"jboypokemon","formatid":"gen9doublesou","rating":1338,"private":0,"password":""}