{"id":"gen9doublesou-1998894901","p1":"mebin777","p2":"buddhist ameba","format":"[Gen 9] Doubles OU","log":"|j|\u2606mebin777\n|j|\u2606buddhist ameba\n|t:|1701009871\n|gametype|doubles\n|player|p1|mebin777|169|1478\n|player|p2|buddhist ameba|266|1681\n|teamsize|p1|6\n|teamsize|p2|6\n|gen|9\n|tier|[Gen 9] Doubles OU\n|rated|\n|rule|Species Clause: Limit one of each Pok\u00e9mon\n|rule|OHKO Clause: OHKO moves are banned\n|rule|Evasion Moves Clause: Evasion moves are banned\n|rule|Gravity Sleep Clause: The combination of sleep-inducing moves with imperfect accuracy and Gravity or Gigantamax Orbeetle are banned\n|rule|Endless Battle Clause: Forcing endless battles is banned\n|rule|HP Percentage Mod: HP is shown in percentages\n|clearpoke\n|poke|p1|Landorus-Therian, M|\n|poke|p1|Ogerpon-Hearthflame, F|\n|poke|p1|Heatran, M|\n|poke|p1|Iron Hands|\n|poke|p1|Iron Bundle|\n|poke|p1|Rillaboom, F|\n|poke|p2|Rillaboom, F|\n|poke|p2|Iron Bundle|\n|poke|p2|Chi-Yu|\n|poke|p2|Diancie|\n|poke|p2|Ninetales-Alola, F|\n|poke|p2|Heatran, F|\n|teampreview\n|inactive|Battle timer is ON: inactive players will automatically lose when time's up. (requested by mebin777)\n|c|\u2606buddhist ameba|glhf\n|inactive|buddhist ameba has 120 seconds left.\n|\n|t:|1701009905\n|start\n|switch|p1a: Iron Hands|Iron Hands|100\/100\n|switch|p1b: Landorus|Landorus-Therian, M|100\/100\n|switch|p2a: Heatran|Heatran, F|100\/100\n|switch|p2b: Ninetales|Ninetales-Alola, F|100\/100\n|-ability|p1b: Landorus|Intimidate|boost\n|-unboost|p2a: Heatran|atk|1\n|-unboost|p2b: Ninetales|atk|1\n|-weather|Snow|[from] ability: Snow Warning|[of] p2b: Ninetales\n|turn|1\n|\n|t:|1701009923\n|move|p2b: Ninetales|Protect|p2b: Ninetales\n|-singleturn|p2b: Ninetales|Protect\n|move|p2a: Heatran|Protect|p2a: Heatran\n|-singleturn|p2a: Heatran|Protect\n|move|p1a: Iron Hands|Fake Out|p2b: Ninetales\n|-activate|p2b: Ninetales|move: Protect\n|move|p1b: Landorus|Brick Break|p2b: Ninetales\n|-activate|p2b: Ninetales|move: Protect\n|\n|-weather|Snow|[upkeep]\n|upkeep\n|turn|2\n|\n|t:|1701009942\n|move|p1b: Landorus|Brick Break|p2a: Heatran\n|-supereffective|p2a: Heatran\n|-damage|p2a: Heatran|53\/100\n|move|p2b: Ninetales|Aurora Veil|p2b: Ninetales\n|-sidestart|p2: buddhist ameba|move: Aurora Veil\n|move|p2a: Heatran|Earth Power|p1a: Iron Hands\n|-supereffective|p1a: Iron Hands\n|-damage|p1a: Iron Hands|67\/100\n|-unboost|p1a: Iron Hands|spd|1\n|move|p1a: Iron Hands|Heavy Slam|p2b: Ninetales\n|-supereffective|p2b: Ninetales\n|-damage|p2b: Ninetales|0 fnt\n|faint|p2b: Ninetales\n|\n|-weather|Snow|[upkeep]\n|upkeep\n|inactive|buddhist ameba has 120 seconds left.\n|\n|t:|1701009971\n|switch|p2b: Iron Bundle|Iron Bundle|100\/100\n|-enditem|p2b: Iron Bundle|Booster Energy\n|-activate|p2b: Iron Bundle|ability: Quark Drive|[fromitem]\n|-start|p2b: Iron Bundle|quarkdrivespe\n|turn|3\n|inactive|buddhist ameba has 120 seconds left.\n|\n|t:|1701009997\n|move|p2b: Iron Bundle|Freeze-Dry|p1b: Landorus\n|-supereffective|p1b: Landorus\n|-damage|p1b: Landorus|0 fnt\n|faint|p1b: Landorus\n|move|p2a: Heatran|Heat Wave|p1a: Iron Hands\n|-damage|p1a: Iron Hands|25\/100\n|move|p1a: Iron Hands|Drain Punch|p2b: Iron Bundle\n|-supereffective|p2b: Iron Bundle\n|-damage|p2b: Iron Bundle|53\/100\n|-heal|p1a: Iron Hands|38\/100|[from] drain|[of] p2b: Iron Bundle\n|\n|-weather|Snow|[upkeep]\n|upkeep\n|inactive|mebin777 has 120 seconds left.\n|\n|t:|1701010017\n|switch|p1b: Heatran|Heatran, M|100\/100\n|turn|4\n|inactive|mebin777 has 120 seconds left.\n|\n|t:|1701010047\n|-terastallize|p1b: Heatran|Fairy\n|move|p2b: Iron Bundle|Hydro Pump|p1b: Heatran\n|-damage|p1b: Heatran|56\/100\n|move|p1b: Heatran|Earth Power|p2a: Heatran\n|-supereffective|p2a: Heatran\n|-crit|p2a: Heatran\n|-damage|p2a: Heatran|0 fnt\n|faint|p2a: Heatran\n|-damage|p1b: Heatran|46\/100|[from] item: Life Orb\n|move|p1a: Iron Hands|Heavy Slam|p2b: Iron Bundle\n|-damage|p2b: Iron Bundle|27\/100\n|\n|-weather|Snow|[upkeep]\n|upkeep\n|inactive|buddhist ameba has 120 seconds left.\n|\n|t:|1701010078\n|switch|p2a: Rillaboom|Rillaboom, F|100\/100\n|-fieldstart|move: Grassy Terrain|[from] ability: Grassy Surge|[of] p2a: Rillaboom\n|turn|5\n|\n|t:|1701010090\n|move|p2a: Rillaboom|Fake Out|p1b: Heatran\n|-damage|p1b: Heatran|34\/100\n|move|p2b: Iron Bundle|Hydro Pump|p1a: Iron Hands\n|-damage|p1a: Iron Hands|0 fnt\n|faint|p1a: Iron Hands\n|-end|p1a: Iron Hands|Quark Drive|[silent]\n|cant|p1b: Heatran|flinch\n|\n|-weather|none\n|-heal|p2b: Iron Bundle|33\/100|[from] Grassy Terrain\n|-heal|p1b: Heatran|41\/100|[from] Grassy Terrain\n|upkeep\n|\n|t:|1701010104\n|switch|p1a: Rillaboom|Rillaboom, F|100\/100\n|turn|6\n|\n|t:|1701010123\n|move|p2b: Iron Bundle|Protect|p2b: Iron Bundle\n|-singleturn|p2b: Iron Bundle|Protect\n|move|p1a: Rillaboom|Fake Out|p2b: Iron Bundle\n|-activate|p2b: Iron Bundle|move: Protect\n|move|p2a: Rillaboom|Grassy Glide|p1b: Heatran\n|-damage|p1b: Heatran|9\/100\n|move|p1b: Heatran|Heat Wave|p2a: Rillaboom|[spread] p2a\n|-activate|p2b: Iron Bundle|move: Protect\n|-supereffective|p2a: Rillaboom\n|-damage|p2a: Rillaboom|43\/100\n|-status|p2a: Rillaboom|brn\n|-damage|p1b: Heatran|0 fnt|[from] item: Life Orb\n|faint|p1b: Heatran\n|\n|-heal|p2b: Iron Bundle|39\/100|[from] Grassy Terrain\n|-heal|p2a: Rillaboom|49\/100 brn|[from] Grassy Terrain\n|-damage|p2a: Rillaboom|43\/100 brn|[from] brn\n|upkeep\n|inactive|mebin777 has 120 seconds left.\n|\n|t:|1701010150\n|switch|p1b: Ogerpon|Ogerpon-Hearthflame, F|100\/100\n|-ability|p1b: Ogerpon|Mold Breaker\n|turn|7\n|\n|t:|1701010171\n|switch|p2a: Chi-Yu|Chi-Yu|100\/100\n|-ability|p2a: Chi-Yu|Beads of Ruin\n|move|p1b: Ogerpon|Spiky Shield|p1b: Ogerpon\n|-singleturn|p1b: Ogerpon|move: Protect\n|move|p1a: Rillaboom|Grassy Glide|p2b: Iron Bundle\n|-supereffective|p2b: Iron Bundle\n|-damage|p2b: Iron Bundle|0 fnt\n|faint|p2b: Iron Bundle\n|-end|p2b: Iron Bundle|Quark Drive|[silent]\n|\n|upkeep\n|\n|t:|1701010185\n|switch|p2b: Rillaboom|Rillaboom, F|43\/100 brn\n|turn|8\n|\n|t:|1701010198\n|move|p2b: Rillaboom|Fake Out|p1b: Ogerpon\n|-crit|p1b: Ogerpon\n|-damage|p1b: Ogerpon|90\/100\n|move|p2a: Chi-Yu|Heat Wave|p1a: Rillaboom|[spread] p1b\n|-miss|p2a: Chi-Yu|p1a: Rillaboom\n|-damage|p1b: Ogerpon|21\/100\n|cant|p1b: Ogerpon|flinch\n|move|p1a: Rillaboom|Wood Hammer|p2b: Rillaboom\n|-resisted|p2b: Rillaboom\n|-damage|p2b: Rillaboom|19\/100 brn\n|-damage|p1a: Rillaboom|93\/100|[from] Recoil\n|\n|-heal|p1b: Ogerpon|27\/100|[from] Grassy Terrain\n|-heal|p1a: Rillaboom|99\/100|[from] Grassy Terrain\n|-heal|p2b: Rillaboom|25\/100 brn|[from] Grassy Terrain\n|-damage|p2b: Rillaboom|19\/100 brn|[from] brn\n|upkeep\n|turn|9\n|inactive|buddhist ameba has 120 seconds left.\n|\n|t:|1701010233\n|move|p1b: Ogerpon|Spiky Shield|p1b: Ogerpon\n|-singleturn|p1b: Ogerpon|move: Protect\n|move|p1a: Rillaboom|Grassy Glide|p2b: Rillaboom\n|-resisted|p2b: Rillaboom\n|-damage|p2b: Rillaboom|9\/100 brn\n|move|p2a: Chi-Yu|Heat Wave|p1b: Ogerpon|[spread] p1a\n|-activate|p1b: Ogerpon|move: Protect\n|-supereffective|p1a: Rillaboom\n|-damage|p1a: Rillaboom|0 fnt\n|faint|p1a: Rillaboom\n|move|p2b: Rillaboom|Wood Hammer|p1b: Ogerpon\n|-activate|p1b: Ogerpon|move: Protect\n|-damage|p2b: Rillaboom|0 fnt|[from] Spiky Shield|[of] p1b: Ogerpon\n|faint|p2b: Rillaboom\n|\n|-heal|p1b: Ogerpon|33\/100|[from] Grassy Terrain\n|-sideend|p2: buddhist ameba|move: Aurora Veil\n|-fieldend|move: Grassy Terrain\n|upkeep\n|\n|t:|1701010253\n|switch|p1a: Iron Bundle|Iron Bundle|100\/100\n|switch|p2b: Diancie|Diancie|100\/100\n|turn|10\n|inactive|buddhist ameba has 120 seconds left.\n|\n|t:|1701010300\n|-terastallize|p2b: Diancie|Grass\n|move|p1a: Iron Bundle|Hydro Pump|p2a: Chi-Yu\n|-supereffective|p2a: Chi-Yu\n|-damage|p2a: Chi-Yu|0 fnt\n|faint|p2a: Chi-Yu\n|move|p1b: Ogerpon|Grassy Glide|p2b: Diancie\n|-resisted|p2b: Diancie\n|-damage|p2b: Diancie|88\/100\n|move|p2b: Diancie|Trick Room|p2b: Diancie\n|-fieldstart|move: Trick Room|[of] p2b: Diancie\n|\n|upkeep\n|turn|11\n|\n|t:|1701010318\n|move|p2b: Diancie|Diamond Storm|p1b: Ogerpon|[spread] p1a,p1b\n|-supereffective|p1a: Iron Bundle\n|-supereffective|p1b: Ogerpon\n|-damage|p1a: Iron Bundle|30\/100\n|-damage|p1b: Ogerpon|0 fnt\n|-boost|p2b: Diancie|def|2\n|faint|p1b: Ogerpon\n|move|p1a: Iron Bundle|Freeze-Dry|p2b: Diancie\n|-supereffective|p2b: Diancie\n|-damage|p2b: Diancie|42\/100\n|-enditem|p2b: Diancie|Weakness Policy\n|-boost|p2b: Diancie|atk|2|[from] item: Weakness Policy\n|-boost|p2b: Diancie|spa|2|[from] item: Weakness Policy\n|\n|upkeep\n|turn|12\n|\n|t:|1701010330\n|move|p2b: Diancie|Diamond Storm|p1a: Iron Bundle\n|-supereffective|p1a: Iron Bundle\n|-damage|p1a: Iron Bundle|0 fnt\n|-boost|p2b: Diancie|def|2\n|faint|p1a: Iron Bundle\n|-end|p1a: Iron Bundle|Quark Drive|[silent]\n|\n|win|buddhist ameba\n|raw|mebin777's rating: 1478 &rarr; <strong>1469<\/strong><br \/>(-9 for losing)\n|raw|buddhist ameba's rating: 1681 &rarr; <strong>1690<\/strong><br \/>(+9 for winning)\n|c|\u2606buddhist ameba|gg\n","uploadtime":1701010375,"views":6,"p1id":"mebin777","p2id":"buddhistameba","formatid":"gen9doublesou","rating":1469,"private":0,"password":""}