{"id":"gen9doublesou-1999029121","p1":"silvaasunto","p2":"SrOsvy","format":"[Gen 9] Doubles OU","log":"|j|\u2606silvaasunto\n|j|\u2606SrOsvy\n|t:|1701025562\n|gametype|doubles\n|player|p1|silvaasunto|winona|1403\n|player|p2|SrOsvy|n|1541\n|teamsize|p1|6\n|teamsize|p2|6\n|gen|9\n|tier|[Gen 9] Doubles OU\n|rated|\n|rule|Species Clause: Limit one of each Pok\u00e9mon\n|rule|OHKO Clause: OHKO moves are banned\n|rule|Evasion Moves Clause: Evasion moves are banned\n|rule|Gravity Sleep Clause: The combination of sleep-inducing moves with imperfect accuracy and Gravity or Gigantamax Orbeetle are banned\n|rule|Endless Battle Clause: Forcing endless battles is banned\n|rule|HP Percentage Mod: HP is shown in percentages\n|clearpoke\n|poke|p1|Chien-Pao|\n|poke|p1|Baxcalibur, M|\n|poke|p1|Froslass, F|\n|poke|p1|Iron Bundle|\n|poke|p1|Abomasnow, M|\n|poke|p1|Ninetales-Alola, M|\n|poke|p2|Chien-Pao|\n|poke|p2|Iron Bundle|\n|poke|p2|Ninetales-Alola, F|\n|poke|p2|Baxcalibur, F|\n|poke|p2|Abomasnow, M|\n|poke|p2|Glastrier|\n|teampreview\n|c|\u2606silvaasunto|OMG\n|c|\u2606silvaasunto|BITCH\n|\n|t:|1701025621\n|start\n|switch|p1a: The same bundles..|Iron Bundle|100\/100\n|switch|p1b: Yuh|Froslass, F|100\/100\n|switch|p2a: Ninetales|Ninetales-Alola, F|100\/100\n|switch|p2b: Chien-Pao|Chien-Pao|100\/100\n|-ability|p2b: Chien-Pao|Sword of Ruin\n|-weather|Snow|[from] ability: Snow Warning|[of] p2a: Ninetales\n|-enditem|p1a: The same bundles..|Booster Energy\n|-activate|p1a: The same bundles..|ability: Quark Drive|[fromitem]\n|-start|p1a: The same bundles..|quarkdrivespe\n|turn|1\n|\n|t:|1701025647\n|move|p2a: Ninetales|Protect|p2a: Ninetales\n|-singleturn|p2a: Ninetales|Protect\n|move|p1a: The same bundles..|Hydro Pump|p2b: Chien-Pao\n|-damage|p2b: Chien-Pao|6\/100\n|move|p1b: Yuh|Trick|p2a: Ninetales\n|-activate|p2a: Ninetales|move: Protect\n|move|p2b: Chien-Pao|Crunch|p1b: Yuh\n|-supereffective|p1b: Yuh\n|-damage|p1b: Yuh|0 fnt\n|faint|p1b: Yuh\n|\n|-weather|Snow|[upkeep]\n|upkeep\n|\n|t:|1701025657\n|switch|p1b: NineInches|Ninetales-Alola, M|100\/100\n|turn|2\n|\n|t:|1701025667\n|move|p2b: Chien-Pao|Protect|p2b: Chien-Pao\n|-singleturn|p2b: Chien-Pao|Protect\n|move|p1a: The same bundles..|Blizzard|p2a: Ninetales|[spread] p2a\n|-activate|p2b: Chien-Pao|move: Protect\n|-resisted|p2a: Ninetales\n|-damage|p2a: Ninetales|75\/100\n|move|p1b: NineInches|Encore|p2a: Ninetales\n|-start|p2a: Ninetales|Encore\n|move|p2a: Ninetales|Protect||[still]\n|-fail|p2a: Ninetales\n|\n|-weather|Snow|[upkeep]\n|upkeep\n|turn|3\n|\n|t:|1701025695\n|switch|p2a: Birb|Iron Bundle|100\/100\n|-enditem|p2a: Birb|Booster Energy\n|-activate|p2a: Birb|ability: Quark Drive|[fromitem]\n|-start|p2a: Birb|quarkdrivespa\n|move|p1a: The same bundles..|Blizzard|p2a: Birb|[spread] p2a,p2b\n|-resisted|p2a: Birb\n|-resisted|p2b: Chien-Pao\n|-damage|p2a: Birb|81\/100\n|-damage|p2b: Chien-Pao|0 fnt\n|faint|p2b: Chien-Pao\n|move|p1b: NineInches|Hypnosis|p2a: Birb\n|-status|p2a: Birb|slp|[from] move: Hypnosis\n|\n|-weather|Snow|[upkeep]\n|upkeep\n|\n|t:|1701025713\n|switch|p2b: Glastrier|Glastrier|100\/100\n|turn|4\n|\n|t:|1701025726\n|cant|p2a: Birb|slp\n|move|p1a: The same bundles..|Hydro Pump|p2b: Glastrier\n|-damage|p2b: Glastrier|55\/100\n|move|p1b: NineInches|Hypnosis|p2b: Glastrier\n|-status|p2b: Glastrier|slp|[from] move: Hypnosis\n|cant|p2b: Glastrier|slp\n|\n|-weather|Snow|[upkeep]\n|upkeep\n|turn|5\n|\n|t:|1701025735\n|-curestatus|p2a: Birb|slp|[msg]\n|move|p2a: Birb|Protect|p2a: Birb\n|-singleturn|p2a: Birb|Protect\n|move|p1a: The same bundles..|Hydro Pump|p2b: Glastrier\n|-damage|p2b: Glastrier|12\/100 slp\n|move|p1b: NineInches|Moonblast|p2b: Glastrier\n|-damage|p2b: Glastrier|0 fnt\n|faint|p2b: Glastrier\n|\n|-weather|none\n|upkeep\n|\n|t:|1701025758\n|switch|p2b: Ninetales|Ninetales-Alola, F|75\/100\n|-weather|Snow|[from] ability: Snow Warning|[of] p2b: Ninetales\n|turn|6\n|\n|t:|1701025775\n|move|p1a: The same bundles..|Encore|p2a: Birb\n|-start|p2a: Birb|Encore\n|move|p2a: Birb|Protect||[still]\n|-fail|p2a: Birb\n|move|p2b: Ninetales|Aurora Veil|p2b: Ninetales\n|-sidestart|p2: SrOsvy|move: Aurora Veil\n|move|p1b: NineInches|Hypnosis|p2b: Ninetales\n|-status|p2b: Ninetales|slp|[from] move: Hypnosis\n|\n|-weather|Snow|[upkeep]\n|upkeep\n|turn|7\n|\n|t:|1701025796\n|-end|p2a: Birb|Quark Drive|[silent]\n|switch|p2a: Abomasnow|Abomasnow, M|100\/100\n|switch|p1b: Min-pao|Chien-Pao|100\/100\n|-ability|p1b: Min-pao|Sword of Ruin\n|move|p1a: The same bundles..|Encore|p2b: Ninetales\n|-start|p2b: Ninetales|Encore\n|cant|p2b: Ninetales|slp\n|\n|-weather|Snow|[upkeep]\n|upkeep\n|turn|8\n|\n|t:|1701025828\n|switch|p2b: Birb|Iron Bundle|81\/100\n|move|p1a: The same bundles..|Flip Turn|p2b: Birb\n|-resisted|p2b: Birb\n|-damage|p2b: Birb|76\/100\n|\n|t:|1701025834\n|-end|p1a: The same bundles..|Quark Drive|[silent]\n|switch|p1a: OBAMAsnow|Abomasnow, M|100\/100|[from] Flip Turn\n|move|p1b: Min-pao|Brick Break|p2a: Abomasnow\n|-sideend|p2: SrOsvy|move: Aurora Veil\n|-supereffective|p2a: Abomasnow\n|-damage|p2a: Abomasnow|53\/100\n|move|p2a: Abomasnow|Energy Ball|p1a: OBAMAsnow\n|-resisted|p1a: OBAMAsnow\n|-damage|p1a: OBAMAsnow|89\/100\n|\n|-weather|Snow|[upkeep]\n|-heal|p2a: Abomasnow|59\/100|[from] item: Leftovers\n|upkeep\n|turn|9\n|\n|t:|1701025852\n|move|p1b: Min-pao|Brick Break|p2a: Abomasnow\n|-supereffective|p2a: Abomasnow\n|-damage|p2a: Abomasnow|13\/100\n|move|p2b: Birb|Hydro Pump|p1b: Min-pao|[miss]\n|-miss|p2b: Birb|p1b: Min-pao\n|move|p1a: OBAMAsnow|Giga Drain|p2b: Birb\n|-supereffective|p2b: Birb\n|-damage|p2b: Birb|0 fnt\n|-heal|p1a: OBAMAsnow|100\/100|[from] drain|[of] p2b: Birb\n|faint|p2b: Birb\n|-end|p2b: Birb|Quark Drive|[silent]\n|move|p2a: Abomasnow|Blizzard|p1b: Min-pao|[spread] p1a,p1b\n|-resisted|p1b: Min-pao\n|-crit|p1b: Min-pao\n|-damage|p1a: OBAMAsnow|76\/100\n|-damage|p1b: Min-pao|62\/100\n|\n|-weather|Snow|[upkeep]\n|-heal|p2a: Abomasnow|19\/100|[from] item: Leftovers\n|upkeep\n|-message|SrOsvy forfeited.\n|\n|win|silvaasunto\n|raw|silvaasunto's rating: 1403 &rarr; <strong>1431<\/strong><br \/>(+28 for winning)\n|raw|SrOsvy's rating: 1541 &rarr; <strong>1513<\/strong><br \/>(-28 for losing)\n|l|\u2606SrOsvy\n","uploadtime":1701025871,"views":6,"p1id":"silvaasunto","p2id":"srosvy","formatid":"gen9doublesou","rating":1431,"private":0,"password":""}