{"id":"gen9doublesou-1992792519","p1":"xX_Goober2011_Xx","p2":"ElvisYonario","format":"[Gen 9] Doubles OU","log":"|j|\u2606xX_Goober2011_Xx\n|j|\u2606ElvisYonario\n|t:|1700235869\n|gametype|doubles\n|player|p1|xX_Goober2011_Xx|hilda|1129\n|player|p2|ElvisYonario|riley|1000\n|teamsize|p1|6\n|teamsize|p2|6\n|gen|9\n|tier|[Gen 9] Doubles OU\n|rated|\n|rule|Species Clause: Limit one of each Pok\u00e9mon\n|rule|OHKO Clause: OHKO moves are banned\n|rule|Evasion Moves Clause: Evasion moves are banned\n|rule|Gravity Sleep Clause: The combination of sleep-inducing moves with imperfect accuracy and Gravity or Gigantamax Orbeetle are banned\n|rule|Endless Battle Clause: Forcing endless battles is banned\n|rule|HP Percentage Mod: HP is shown in percentages\n|clearpoke\n|poke|p1|Sinistcha-Masterpiece|\n|poke|p1|Torkoal, M|\n|poke|p1|Iron Hands|\n|poke|p1|Ursaluna-Bloodmoon, M|\n|poke|p1|Farigiraf, F|\n|poke|p1|Kingambit, M|\n|poke|p2|Froslass, F|\n|poke|p2|Tauros-Paldea-Blaze, M|\n|poke|p2|Clefairy, F|\n|poke|p2|Garchomp, F|\n|poke|p2|Altaria, M|\n|poke|p2|Ursaluna-Bloodmoon, M|\n|teampreview\n|\n|t:|1700235903\n|start\n|switch|p1a: Iron Hands|Iron Hands|100\/100\n|switch|p1b: Farigiraf|Farigiraf, F|100\/100\n|switch|p2a: Gabriel|Altaria, M|100\/100\n|switch|p2b: Petirrojo|Garchomp, F|100\/100\n|turn|1\n|\n|t:|1700235938\n|move|p1a: Iron Hands|Fake Out|p2b: Petirrojo\n|-damage|p2b: Petirrojo|83\/100\n|-damage|p1a: Iron Hands|88\/100|[from] ability: Rough Skin|[of] p2b: Petirrojo\n|-damage|p1a: Iron Hands|71\/100|[from] item: Rocky Helmet|[of] p2b: Petirrojo\n|cant|p2b: Petirrojo|flinch\n|move|p2a: Gabriel|Tailwind|p2a: Gabriel\n|-sidestart|p2: ElvisYonario|move: Tailwind\n|move|p1b: Farigiraf|Trick Room|p1b: Farigiraf\n|-fieldstart|move: Trick Room|[of] p1b: Farigiraf\n|\n|upkeep\n|turn|2\n|\n|t:|1700235985\n|move|p1b: Farigiraf|Helping Hand|p1a: Iron Hands\n|-singleturn|p1a: Iron Hands|Helping Hand|[of] p1b: Farigiraf\n|move|p1a: Iron Hands|Heavy Slam|p2a: Gabriel\n|-damage|p2a: Gabriel|26\/100\n|move|p2a: Gabriel|Roost|p2a: Gabriel\n|-heal|p2a: Gabriel|76\/100\n|-singleturn|p2a: Gabriel|move: Roost\n|move|p2b: Petirrojo|Earthquake|p1b: Farigiraf|[spread] p2a,p1a,p1b\n|-supereffective|p1a: Iron Hands\n|-damage|p2a: Gabriel|35\/100\n|-damage|p1a: Iron Hands|23\/100\n|-damage|p1b: Farigiraf|71\/100\n|\n|upkeep\n|turn|3\n|\n|t:|1700236024\n|move|p1b: Farigiraf|Helping Hand|p1a: Iron Hands\n|-singleturn|p1a: Iron Hands|Helping Hand|[of] p1b: Farigiraf\n|move|p1a: Iron Hands|Heavy Slam|p2a: Gabriel\n|-damage|p2a: Gabriel|0 fnt\n|faint|p2a: Gabriel\n|move|p2b: Petirrojo|Earthquake|p1b: Farigiraf|[spread] p1a,p1b\n|-supereffective|p1a: Iron Hands\n|-damage|p1a: Iron Hands|0 fnt\n|-damage|p1b: Farigiraf|45\/100\n|faint|p1a: Iron Hands\n|-end|p1a: Iron Hands|Quark Drive|[silent]\n|\n|upkeep\n|\n|t:|1700236050\n|switch|p1a: Kingambit|Kingambit, M|100\/100\n|switch|p2a: Isabelle|Clefairy, F|100\/100\n|turn|4\n|\n|t:|1700236077\n|move|p2a: Isabelle|Helping Hand|p2b: Petirrojo\n|-singleturn|p2b: Petirrojo|Helping Hand|[of] p2a: Isabelle\n|move|p1a: Kingambit|Iron Head|p2a: Isabelle\n|-supereffective|p2a: Isabelle\n|-damage|p2a: Isabelle|0 fnt\n|faint|p2a: Isabelle\n|-damage|p1a: Kingambit|91\/100|[from] item: Life Orb\n|move|p1b: Farigiraf|Hyper Voice|p2b: Petirrojo\n|-damage|p2b: Petirrojo|45\/100\n|move|p2b: Petirrojo|Earthquake|p1b: Farigiraf|[spread] p1a,p1b\n|-supereffective|p1a: Kingambit\n|-damage|p1a: Kingambit|8\/100\n|-damage|p1b: Farigiraf|6\/100\n|\n|-sideend|p2: ElvisYonario|move: Tailwind\n|upkeep\n|\n|t:|1700236103\n|switch|p2a: Sunny|Ursaluna-Bloodmoon, M|100\/100\n|turn|5\n|\n|t:|1700236153\n|move|p1a: Kingambit|Kowtow Cleave|p2a: Sunny\n|-damage|p2a: Sunny|54\/100\n|-damage|p1a: Kingambit|0 fnt|[from] item: Life Orb\n|faint|p1a: Kingambit\n|move|p1b: Farigiraf|Hyper Voice|p2b: Petirrojo|[spread] p2a,p2b\n|-damage|p2a: Sunny|28\/100\n|-damage|p2b: Petirrojo|17\/100\n|move|p2a: Sunny|Earth Power|p1b: Farigiraf\n|-damage|p1b: Farigiraf|0 fnt\n|faint|p1b: Farigiraf\n|-damage|p2a: Sunny|18\/100|[from] item: Life Orb\n|move|p2b: Petirrojo|Dragon Claw|p1: Kingambit|[notarget]\n|-fail|p2b: Petirrojo\n|\n|-fieldend|move: Trick Room\n|upkeep\n|\n|t:|1700236170\n|switch|p1b: Sinistcha|Sinistcha-Masterpiece|100\/100\n|switch|p1a: Torkoal|Torkoal, M|100\/100\n|-weather|SunnyDay|[from] ability: Drought|[of] p1a: Torkoal\n|turn|6\n|\n|t:|1700236206\n|-terastallize|p1a: Torkoal|Fire\n|move|p2b: Petirrojo|Dragon Claw|p1a: Torkoal\n|-damage|p1a: Torkoal|67\/100\n|move|p2a: Sunny|Earth Power|p1a: Torkoal\n|-supereffective|p1a: Torkoal\n|-crit|p1a: Torkoal\n|-damage|p1a: Torkoal|0 fnt\n|faint|p1a: Torkoal\n|-damage|p2a: Sunny|8\/100|[from] item: Life Orb\n|move|p1b: Sinistcha|Trick Room|p1b: Sinistcha\n|-fieldstart|move: Trick Room|[of] p1b: Sinistcha\n|\n|-weather|SunnyDay|[upkeep]\n|upkeep\n|\n|t:|1700236217\n|switch|p1a: Ursaluna|Ursaluna-Bloodmoon, M|100\/100\n|turn|7\n|\n|t:|1700236260\n|move|p1a: Ursaluna|Hyper Voice|p2a: Sunny|[spread] p2a,p2b\n|-damage|p2a: Sunny|0 fnt\n|-damage|p2b: Petirrojo|0 fnt\n|faint|p2a: Sunny\n|faint|p2b: Petirrojo\n|-enditem|p1a: Ursaluna|Throat Spray\n|-boost|p1a: Ursaluna|spa|1|[from] item: Throat Spray\n|move|p1b: Sinistcha|Matcha Gotcha|p2: Sunny|[notarget]\n|-fail|p1b: Sinistcha\n|\n|-weather|SunnyDay|[upkeep]\n|upkeep\n|\n|t:|1700236269\n|switch|p2a: Francisco|Tauros-Paldea-Blaze, M|100\/100\n|switch|p2b: Lady Aiko|Froslass, F|100\/100\n|turn|8\n|\n|t:|1700236301\n|-terastallize|p2a: Francisco|Fighting\n|move|p1a: Ursaluna|Blood Moon|p2a: Francisco\n|-damage|p2a: Francisco|0 fnt\n|faint|p2a: Francisco\n|move|p1b: Sinistcha|Matcha Gotcha|p2b: Lady Aiko\n|-damage|p2b: Lady Aiko|46\/100\n|-status|p2b: Lady Aiko|brn\n|move|p2b: Lady Aiko|Will-O-Wisp|p1a: Ursaluna\n|-status|p1a: Ursaluna|brn\n|\n|-weather|SunnyDay|[upkeep]\n|-damage|p1a: Ursaluna|94\/100 brn|[from] brn\n|-damage|p2b: Lady Aiko|40\/100 brn|[from] brn\n|upkeep\n|turn|9\n|\n|t:|1700236313\n|move|p1a: Ursaluna|Earth Power|p2b: Lady Aiko\n|-damage|p2b: Lady Aiko|0 fnt\n|faint|p2b: Lady Aiko\n|\n|win|xX_Goober2011_Xx\n|raw|xX_Goober2011_Xx's rating: 1129 &rarr; <strong>1145<\/strong><br \/>(+16 for winning)\n|raw|ElvisYonario's rating: 1000 &rarr; <strong>1000<\/strong><br \/>(+0 for losing)\n","uploadtime":1700236337,"views":6,"p1id":"xxgoober2011xx","p2id":"elvisyonario","formatid":"gen9doublesou","rating":1000,"private":0,"password":""}