{"id":"gen9doublesou-1989832448","p1":"frostysamuri","p2":"LordKralle","format":"[Gen 9] Doubles OU","log":"|j|\u2606frostysamuri\n|j|\u2606LordKralle\n|t:|1699899476\n|gametype|doubles\n|player|p1|frostysamuri|266|1130\n|player|p2|LordKralle|drayden|1192\n|teamsize|p1|6\n|teamsize|p2|6\n|gen|9\n|tier|[Gen 9] Doubles OU\n|rated|\n|rule|Species Clause: Limit one of each Pok\u00e9mon\n|rule|OHKO Clause: OHKO moves are banned\n|rule|Evasion Moves Clause: Evasion moves are banned\n|rule|Gravity Sleep Clause: The combination of sleep-inducing moves with imperfect accuracy and Gravity or Gigantamax Orbeetle are banned\n|rule|Endless Battle Clause: Forcing endless battles is banned\n|rule|HP Percentage Mod: HP is shown in percentages\n|clearpoke\n|poke|p1|Ursaluna, F|\n|poke|p1|Zapdos|\n|poke|p1|Ninetales-Alola, F|\n|poke|p1|Lucario, M|\n|poke|p1|Ogerpon-Hearthflame, F|\n|poke|p1|Toxapex, F|\n|poke|p2|Espeon, F|\n|poke|p2|Masquerain, M|\n|poke|p2|Lurantis, F|\n|poke|p2|Kingambit, M|\n|poke|p2|Wigglytuff, F|\n|poke|p2|Magnezone|\n|teampreview\n|\n|t:|1699899480\n|start\n|switch|p1a: Ursaluna|Ursaluna, F|100\/100\n|switch|p1b: Zapdos|Zapdos|100\/100\n|switch|p2a: Duchess|Espeon, F|100\/100\n|switch|p2b: Milord|Masquerain, M|100\/100\n|-ability|p2b: Milord|Intimidate|boost\n|-unboost|p1a: Ursaluna|atk|1\n|-unboost|p1b: Zapdos|atk|1\n|turn|1\n|\n|t:|1699899500\n|switch|p1a: Lucario|Lucario, M|100\/100\n|move|p2a: Duchess|Skill Swap|p1a: Lucario\n|-activate|p2a: Duchess|move: Skill Swap|Inner Focus|Magic Bounce|[of] p1a: Lucario\n|move|p2b: Milord|Sticky Web|p1a: Lucario\n|move|p1a: Lucario|Sticky Web|p2b: Milord|[from]ability: Magic Bounce\n|-sidestart|p2: LordKralle|move: Sticky Web\n|move|p1b: Zapdos|Thunderbolt|p2b: Milord\n|-supereffective|p2b: Milord\n|-enditem|p2b: Milord|Focus Sash\n|-damage|p2b: Milord|1\/100\n|\n|upkeep\n|turn|2\n|\n|t:|1699899519\n|move|p1a: Lucario|Bullet Punch|p2b: Milord\n|-damage|p2b: Milord|0 fnt\n|faint|p2b: Milord\n|move|p2a: Duchess|Psyshock|p1a: Lucario\n|-damage|p1a: Lucario|33\/100\n|move|p1b: Zapdos|Tailwind|p1b: Zapdos\n|-sidestart|p1: frostysamuri|move: Tailwind\n|\n|upkeep\n|\n|t:|1699899540\n|switch|p2b: Geisha|Lurantis, F|100\/100\n|-activate|p2b: Geisha|move: Sticky Web\n|-boost|p2b: Geisha|spe|1\n|turn|3\n|\n|t:|1699899556\n|switch|p1a: Ninetales|Ninetales-Alola, F|100\/100\n|-weather|Snow|[from] ability: Snow Warning|[of] p1a: Ninetales\n|-terastallize|p2b: Geisha|Rock\n|move|p1b: Zapdos|Thunderbolt|p2a: Duchess\n|-damage|p2a: Duchess|48\/100\n|move|p2a: Duchess|Psyshock|p1a: Ninetales\n|-damage|p1a: Ninetales|59\/100\n|move|p2b: Geisha|Tera Blast|p1b: Zapdos|[anim] Tera Blast Rock\n|-supereffective|p1b: Zapdos\n|-damage|p1b: Zapdos|69\/100\n|\n|-weather|Snow|[upkeep]\n|upkeep\n|turn|4\n|inactive|Battle timer is ON: inactive players will automatically lose when time's up. (requested by frostysamuri)\n|inactive|LordKralle has 120 seconds left.\n|\n|t:|1699899599\n|move|p1b: Zapdos|Helping Hand|p1a: Ninetales\n|-singleturn|p1a: Ninetales|Helping Hand|[of] p1b: Zapdos\n|move|p1a: Ninetales|Blizzard|p2b: Geisha|[spread] p2a,p2b\n|-crit|p2a: Duchess\n|-damage|p2a: Duchess|0 fnt\n|-damage|p2b: Geisha|48\/100\n|faint|p2a: Duchess\n|move|p2b: Geisha|Tera Blast|p1a: Ninetales|[anim] Tera Blast Rock\n|-supereffective|p1a: Ninetales\n|-damage|p1a: Ninetales|7\/100\n|-enditem|p1a: Ninetales|Sitrus Berry|[eat]\n|-heal|p1a: Ninetales|32\/100|[from] item: Sitrus Berry\n|\n|-weather|Snow|[upkeep]\n|upkeep\n|\n|t:|1699899617\n|switch|p2a: Kaizokuni|Kingambit, M|100\/100\n|-activate|p2a: Kaizokuni|move: Sticky Web\n|-unboost|p2a: Kaizokuni|spe|1\n|-ability|p2a: Kaizokuni|Defiant|boost\n|-boost|p2a: Kaizokuni|atk|2\n|turn|5\n|\n|t:|1699899631\n|move|p2a: Kaizokuni|Sucker Punch|p1b: Zapdos\n|-damage|p1b: Zapdos|0 fnt\n|faint|p1b: Zapdos\n|-damage|p2a: Kaizokuni|91\/100|[from] item: Life Orb\n|move|p1a: Ninetales|Aurora Veil|p1a: Ninetales\n|-sidestart|p1: frostysamuri|move: Aurora Veil\n|move|p2b: Geisha|Tera Blast|p1a: Ninetales|[anim] Tera Blast Rock\n|-supereffective|p1a: Ninetales\n|-damage|p1a: Ninetales|0 fnt\n|faint|p1a: Ninetales\n|\n|-weather|Snow|[upkeep]\n|-sideend|p1: frostysamuri|move: Tailwind\n|upkeep\n|\n|t:|1699899645\n|switch|p1a: Ursaluna|Ursaluna, F|100\/100\n|switch|p1b: Lucario|Lucario, M|33\/100\n|turn|6\n|\n|t:|1699899667\n|-terastallize|p1a: Ursaluna|Flying\n|move|p2a: Kaizokuni|Sucker Punch|p1a: Ursaluna\n|-damage|p1a: Ursaluna|63\/100\n|-damage|p2a: Kaizokuni|81\/100|[from] item: Life Orb\n|move|p2b: Geisha|Leaf Storm|p1b: Lucario\n|-resisted|p1b: Lucario\n|-damage|p1b: Lucario|20\/100\n|-boost|p2b: Geisha|spa|2\n|move|p1b: Lucario|Close Combat|p2a: Kaizokuni\n|-supereffective|p2a: Kaizokuni\n|-damage|p2a: Kaizokuni|0 fnt\n|-unboost|p1b: Lucario|def|1\n|-unboost|p1b: Lucario|spd|1\n|faint|p2a: Kaizokuni\n|move|p1a: Ursaluna|Tera Blast|p2b: Geisha|[anim] Tera Blast Flying\n|-resisted|p2b: Geisha\n|-damage|p2b: Geisha|28\/100\n|\n|-weather|Snow|[upkeep]\n|-status|p1a: Ursaluna|brn|[from] item: Flame Orb\n|upkeep\n|\n|t:|1699899683\n|switch|p2a: Balloonga|Wigglytuff, F, shiny|100\/100\n|-activate|p2a: Balloonga|move: Sticky Web\n|-unboost|p2a: Balloonga|spe|1\n|-ability|p2a: Balloonga|Competitive|boost\n|-boost|p2a: Balloonga|spa|2\n|turn|7\n|\n|t:|1699899697\n|move|p1b: Lucario|Bullet Punch|p2b: Geisha\n|-supereffective|p2b: Geisha\n|-damage|p2b: Geisha|0 fnt\n|faint|p2b: Geisha\n|move|p1a: Ursaluna|Facade|p2a: Balloonga\n|-damage|p2a: Balloonga|16\/100\n|move|p2a: Balloonga|Thunderbolt|p1a: Ursaluna\n|-supereffective|p1a: Ursaluna\n|-damage|p1a: Ursaluna|16\/100 brn\n|\n|-weather|none\n|-damage|p1a: Ursaluna|10\/100 brn|[from] brn\n|upkeep\n|\n|t:|1699899708\n|switch|p2b: #20|Magnezone|100\/100\n|-activate|p2b: #20|move: Sticky Web\n|-unboost|p2b: #20|spe|1\n|turn|8\n|\n|t:|1699899725\n|move|p1b: Lucario|Bullet Punch|p2a: Balloonga\n|-supereffective|p2a: Balloonga\n|-damage|p2a: Balloonga|0 fnt\n|faint|p2a: Balloonga\n|move|p1a: Ursaluna|Earthquake|p2b: #20|[spread] p1b,p2b\n|-supereffective|p1b: Lucario\n|-supereffective|p2b: #20\n|-damage|p1b: Lucario|0 fnt\n|-damage|p2b: #20|0 fnt\n|faint|p1b: Lucario\n|faint|p2b: #20\n|\n|win|frostysamuri\n|raw|frostysamuri's rating: 1130 &rarr; <strong>1159<\/strong><br \/>(+29 for winning)\n|raw|LordKralle's rating: 1192 &rarr; <strong>1163<\/strong><br \/>(-29 for losing)\n|c|\u2606LordKralle|gg\n|l|\u2606LordKralle\n|c|\u2606frostysamuri|gg\n","uploadtime":1699899746,"views":18,"p1id":"frostysamuri","p2id":"lordkralle","formatid":"gen9doublesou","rating":1159,"private":0,"password":""}