{"id":"gen9doublesou-1990494927","p1":"Joojosias","p2":"agerdam","format":"[Gen 9] Doubles OU","log":"|j|\u2606Joojosias\n|j|\u2606agerdam\n|t:|1699976075\n|gametype|doubles\n|player|p1|Joojosias|101|1510\n|player|p2|agerdam|lucas|1732\n|teamsize|p1|6\n|teamsize|p2|6\n|gen|9\n|tier|[Gen 9] Doubles OU\n|rated|\n|rule|Species Clause: Limit one of each Pok\u00e9mon\n|rule|OHKO Clause: OHKO moves are banned\n|rule|Evasion Moves Clause: Evasion moves are banned\n|rule|Gravity Sleep Clause: The combination of sleep-inducing moves with imperfect accuracy and Gravity or Gigantamax Orbeetle are banned\n|rule|Endless Battle Clause: Forcing endless battles is banned\n|rule|HP Percentage Mod: HP is shown in percentages\n|clearpoke\n|poke|p1|Iron Bundle|\n|poke|p1|Sinistcha-Masterpiece|\n|poke|p1|Heatran, F|\n|poke|p1|Tornadus, M|\n|poke|p1|Grimmsnarl, M|\n|poke|p1|Roaring Moon|\n|poke|p2|Cresselia, F|\n|poke|p2|Landorus-Therian, M|\n|poke|p2|Garganacl, M|\n|poke|p2|Iron Hands|\n|poke|p2|Grimmsnarl, M|\n|poke|p2|Volcarona, M|\n|teampreview\n|inactive|Battle timer is ON: inactive players will automatically lose when time's up. (requested by Joojosias)\n|\n|t:|1699976089\n|start\n|switch|p1a: Grimmsnarl|Grimmsnarl, M|100\/100\n|switch|p1b: Heatran|Heatran, F|100\/100\n|switch|p2a: Iron Hands|Iron Hands|100\/100\n|switch|p2b: Grimmsnarl|Grimmsnarl, M|100\/100\n|-enditem|p2a: Iron Hands|Booster Energy\n|-activate|p2a: Iron Hands|ability: Quark Drive|[fromitem]\n|-start|p2a: Iron Hands|quarkdriveatk\n|turn|1\n|\n|t:|1699976108\n|move|p2a: Iron Hands|Fake Out|p1b: Heatran\n|-resisted|p1b: Heatran\n|-damage|p1b: Heatran|93\/100\n|move|p2b: Grimmsnarl|Light Screen|p2b: Grimmsnarl\n|-sidestart|p2: agerdam|move: Light Screen\n|move|p1a: Grimmsnarl|Reflect|p1a: Grimmsnarl\n|-sidestart|p1: Joojosias|Reflect\n|cant|p1b: Heatran|flinch\n|\n|upkeep\n|turn|2\n|\n|t:|1699976126\n|move|p2b: Grimmsnarl|Reflect|p2b: Grimmsnarl\n|-sidestart|p2: agerdam|Reflect\n|move|p1a: Grimmsnarl|Thunder Wave|p2b: Grimmsnarl\n|-hint|Since gen 7, Dark is immune to Prankster moves.\n|-immune|p2b: Grimmsnarl\n|move|p1b: Heatran|Earth Power|p2a: Iron Hands\n|-supereffective|p2a: Iron Hands\n|-damage|p2a: Iron Hands|68\/100\n|move|p2a: Iron Hands|Swords Dance|p2a: Iron Hands\n|-boost|p2a: Iron Hands|atk|2\n|\n|upkeep\n|turn|3\n|\n|t:|1699976138\n|move|p2b: Grimmsnarl|Parting Shot|p1b: Heatran\n|-unboost|p1b: Heatran|atk|1\n|-unboost|p1b: Heatran|spa|1\n|\n|t:|1699976148\n|switch|p2b: Cresselia|Cresselia, F|100\/100|[from] Parting Shot\n|move|p1b: Heatran|Earth Power|p2a: Iron Hands\n|-supereffective|p2a: Iron Hands\n|-damage|p2a: Iron Hands|42\/100\n|move|p1a: Grimmsnarl|Spirit Break|p2a: Iron Hands\n|-supereffective|p2a: Iron Hands\n|-damage|p2a: Iron Hands|21\/100\n|-unboost|p2a: Iron Hands|spa|1\n|move|p2a: Iron Hands|Swords Dance|p2a: Iron Hands\n|-boost|p2a: Iron Hands|atk|2\n|\n|upkeep\n|turn|4\n|\n|t:|1699976164\n|move|p1b: Heatran|Earth Power|p2a: Iron Hands\n|-supereffective|p2a: Iron Hands\n|-damage|p2a: Iron Hands|0 fnt\n|faint|p2a: Iron Hands\n|-end|p2a: Iron Hands|Quark Drive|[silent]\n|move|p2b: Cresselia|Lunar Blessing||[still]\n|-fail|p2b: Cresselia\n|move|p1a: Grimmsnarl|Spirit Break|p2b: Cresselia\n|-damage|p2b: Cresselia|89\/100\n|-unboost|p2b: Cresselia|spa|1\n|\n|-heal|p2b: Cresselia|95\/100|[from] item: Leftovers\n|upkeep\n|\n|t:|1699976169\n|switch|p2a: Volcarona|Volcarona, M|100\/100\n|turn|5\n|\n|t:|1699976181\n|move|p1a: Grimmsnarl|Light Screen|p1a: Grimmsnarl\n|-sidestart|p1: Joojosias|move: Light Screen\n|move|p2a: Volcarona|Quiver Dance|p2a: Volcarona\n|-boost|p2a: Volcarona|spa|1\n|-boost|p2a: Volcarona|spd|1\n|-boost|p2a: Volcarona|spe|1\n|move|p1b: Heatran|Heat Wave|p2b: Cresselia|[spread] p2a\n|-miss|p1b: Heatran|p2b: Cresselia\n|-damage|p2a: Volcarona|90\/100\n|move|p2b: Cresselia|Calm Mind|p2b: Cresselia\n|-boost|p2b: Cresselia|spa|1\n|-boost|p2b: Cresselia|spd|1\n|\n|-heal|p2b: Cresselia|100\/100|[from] item: Leftovers\n|upkeep\n|turn|6\n|\n|t:|1699976197\n|switch|p1b: Tornadus|Tornadus, M|100\/100\n|move|p1a: Grimmsnarl|Thunder Wave|p2a: Volcarona\n|-status|p2a: Volcarona|par\n|move|p2b: Cresselia|Moonblast|p1a: Grimmsnarl\n|-supereffective|p1a: Grimmsnarl\n|-damage|p1a: Grimmsnarl|78\/100\n|cant|p2a: Volcarona|par\n|\n|upkeep\n|turn|7\n|\n|t:|1699976217\n|move|p1b: Tornadus|Taunt|p2a: Volcarona\n|-start|p2a: Volcarona|move: Taunt\n|move|p1a: Grimmsnarl|Thunder Wave|p2b: Cresselia\n|-status|p2b: Cresselia|par\n|move|p2a: Volcarona|Fiery Dance|p1b: Tornadus\n|-damage|p1b: Tornadus|67\/100\n|move|p2b: Cresselia|Moonblast|p1b: Tornadus\n|-damage|p1b: Tornadus|56\/100\n|\n|upkeep\n|turn|8\n|\n|t:|1699976234\n|switch|p1a: Heatran|Heatran, F|93\/100\n|move|p1b: Tornadus|Bleakwind Storm|p2b: Cresselia|[spread] p2a,p2b\n|-supereffective|p2a: Volcarona\n|-damage|p2a: Volcarona|63\/100 par\n|-damage|p2b: Cresselia|89\/100 par\n|-unboost|p2a: Volcarona|spe|1\n|move|p2a: Volcarona|Fiery Dance|p1b: Tornadus\n|-damage|p1b: Tornadus|22\/100\n|move|p2b: Cresselia|Moonblast|p1b: Tornadus\n|-damage|p1b: Tornadus|10\/100\n|-unboost|p1b: Tornadus|spa|1\n|\n|-heal|p2b: Cresselia|96\/100 par|[from] item: Leftovers\n|-sideend|p1: Joojosias|Reflect\n|-sideend|p2: agerdam|move: Light Screen\n|upkeep\n|turn|9\n|\n|t:|1699976254\n|move|p1b: Tornadus|Bleakwind Storm|p2b: Cresselia|[spread] p2a,p2b\n|-supereffective|p2a: Volcarona\n|-damage|p2a: Volcarona|32\/100 par\n|-damage|p2b: Cresselia|85\/100 par\n|-unboost|p2b: Cresselia|spe|1\n|move|p1a: Heatran|Earth Power|p2a: Volcarona\n|-damage|p2a: Volcarona|14\/100 par\n|cant|p2a: Volcarona|par\n|move|p2b: Cresselia|Lunar Blessing|p2b: Cresselia|[spread] p2a,p2b\n|-heal|p2a: Volcarona|39\/100 par\n|-curestatus|p2a: Volcarona|par|[msg]\n|-heal|p2b: Cresselia|100\/100 par\n|-curestatus|p2b: Cresselia|par|[msg]\n|\n|-end|p2a: Volcarona|move: Taunt\n|-sideend|p2: agerdam|Reflect\n|upkeep\n|turn|10\n|\n|t:|1699976275\n|move|p2a: Volcarona|Protect|p2a: Volcarona\n|-singleturn|p2a: Volcarona|Protect\n|move|p1b: Tornadus|Bleakwind Storm|p2b: Cresselia|[spread] p2b\n|-activate|p2a: Volcarona|move: Protect\n|-crit|p2b: Cresselia\n|-damage|p2b: Cresselia|63\/100\n|move|p1a: Heatran|Earth Power|p2a: Volcarona\n|-activate|p2a: Volcarona|move: Protect\n|move|p2b: Cresselia|Lunar Blessing|p2b: Cresselia|[spread] p2a,p2b\n|-heal|p2a: Volcarona|64\/100\n|-heal|p2b: Cresselia|88\/100\n|\n|-heal|p2b: Cresselia|94\/100|[from] item: Leftovers\n|upkeep\n|turn|11\n|\n|t:|1699976293\n|move|p1b: Tornadus|Bleakwind Storm|p2a: Volcarona|[spread] p2a,p2b\n|-supereffective|p2a: Volcarona\n|-damage|p2a: Volcarona|34\/100\n|-damage|p2b: Cresselia|84\/100\n|move|p2a: Volcarona|Fiery Dance|p1b: Tornadus\n|-damage|p1b: Tornadus|0 fnt\n|faint|p1b: Tornadus\n|move|p1a: Heatran|Earth Power|p2a: Volcarona\n|-damage|p2a: Volcarona|13\/100\n|move|p2b: Cresselia|Lunar Blessing|p2b: Cresselia|[spread] p2a,p2b\n|-heal|p2a: Volcarona|38\/100\n|-heal|p2b: Cresselia|100\/100\n|\n|upkeep\n|c|\u2606agerdam|Lol\n|c|\u2606agerdam|Lol\n|\n|t:|1699976307\n|switch|p1b: Iron Bundle|Iron Bundle|100\/100\n|-enditem|p1b: Iron Bundle|Booster Energy\n|-activate|p1b: Iron Bundle|ability: Quark Drive|[fromitem]\n|-start|p1b: Iron Bundle|quarkdrivespe\n|turn|12\n|\n|t:|1699976316\n|move|p2a: Volcarona|Protect|p2a: Volcarona\n|-singleturn|p2a: Volcarona|Protect\n|move|p1b: Iron Bundle|Hydro Pump|p2a: Volcarona\n|-activate|p2a: Volcarona|move: Protect\n|move|p1a: Heatran|Earth Power|p2a: Volcarona\n|-activate|p2a: Volcarona|move: Protect\n|move|p2b: Cresselia|Calm Mind|p2b: Cresselia\n|-boost|p2b: Cresselia|spa|1\n|-boost|p2b: Cresselia|spd|1\n|\n|-sideend|p1: Joojosias|move: Light Screen\n|upkeep\n|turn|13\n|\n|t:|1699976330\n|move|p1b: Iron Bundle|Hydro Pump|p2a: Volcarona\n|-supereffective|p2a: Volcarona\n|-damage|p2a: Volcarona|0 fnt\n|faint|p2a: Volcarona\n|move|p1a: Heatran|Heat Wave|p2b: Cresselia\n|-damage|p2b: Cresselia|81\/100\n|move|p2b: Cresselia|Calm Mind|p2b: Cresselia\n|-boost|p2b: Cresselia|spa|1\n|-boost|p2b: Cresselia|spd|1\n|\n|-heal|p2b: Cresselia|87\/100|[from] item: Leftovers\n|upkeep\n|\n|t:|1699976335\n|switch|p2a: Grimmsnarl|Grimmsnarl, M|100\/100\n|turn|14\n|\n|t:|1699976347\n|switch|p1a: Roaring Moon|Roaring Moon|100\/100\n|move|p1b: Iron Bundle|Protect|p1b: Iron Bundle\n|-singleturn|p1b: Iron Bundle|Protect\n|move|p2a: Grimmsnarl|Light Screen|p2a: Grimmsnarl\n|-sidestart|p2: agerdam|move: Light Screen\n|move|p2b: Cresselia|Calm Mind|p2b: Cresselia\n|-boost|p2b: Cresselia|spa|1\n|-boost|p2b: Cresselia|spd|1\n|\n|-heal|p2b: Cresselia|93\/100|[from] item: Leftovers\n|upkeep\n|turn|15\n|\n|t:|1699976360\n|-end|p1b: Iron Bundle|Quark Drive|[silent]\n|switch|p1b: Sinistcha|Sinistcha-Masterpiece|100\/100\n|move|p2a: Grimmsnarl|Reflect|p2a: Grimmsnarl\n|-sidestart|p2: agerdam|Reflect\n|move|p1a: Roaring Moon|Throat Chop|p2b: Cresselia\n|-supereffective|p2b: Cresselia\n|-damage|p2b: Cresselia|61\/100\n|-start|p2b: Cresselia|Throat Chop|[silent]\n|move|p2b: Cresselia|Moonblast|p1a: Roaring Moon\n|-supereffective|p1a: Roaring Moon\n|-crit|p1a: Roaring Moon\n|-damage|p1a: Roaring Moon|0 fnt\n|faint|p1a: Roaring Moon\n|-end|p1a: Roaring Moon|Protosynthesis|[silent]\n|\n|-heal|p2b: Cresselia|67\/100|[from] item: Leftovers\n|upkeep\n|\n|t:|1699976373\n|switch|p1a: Grimmsnarl|Grimmsnarl, M|78\/100\n|turn|16\n|\n|t:|1699976386\n|move|p2a: Grimmsnarl|Thunder Wave|p1b: Sinistcha\n|-status|p1b: Sinistcha|par\n|move|p1a: Grimmsnarl|Thunder Wave|p2b: Cresselia|[miss]\n|-miss|p1a: Grimmsnarl|p2b: Cresselia\n|move|p2b: Cresselia|Moonblast|p1a: Grimmsnarl\n|-supereffective|p1a: Grimmsnarl\n|-damage|p1a: Grimmsnarl|0 fnt\n|faint|p1a: Grimmsnarl\n|cant|p1b: Sinistcha|par\n|\n|-heal|p2b: Cresselia|73\/100|[from] item: Leftovers\n|-end|p2b: Cresselia|Throat Chop|[silent]\n|upkeep\n|\n|t:|1699976398\n|switch|p1a: Heatran|Heatran, F|93\/100\n|turn|17\n|\n|t:|1699976408\n|switch|p2b: Garganacl|Garganacl, M|100\/100\n|-terastallize|p1a: Heatran|Grass\n|move|p1b: Sinistcha|Rage Powder|p1b: Sinistcha\n|-singleturn|p1b: Sinistcha|move: Rage Powder\n|move|p2a: Grimmsnarl|Parting Shot|p1b: Sinistcha\n|-unboost|p1b: Sinistcha|atk|1\n|-unboost|p1b: Sinistcha|spa|1\n|\n|t:|1699976412\n|switch|p2a: Cresselia|Cresselia, F|73\/100|[from] Parting Shot\n|move|p1a: Heatran|Heavy Slam|p2b: Garganacl\n|-supereffective|p2b: Garganacl\n|-damage|p2b: Garganacl|90\/100\n|\n|-heal|p2a: Cresselia|79\/100|[from] item: Leftovers\n|-heal|p2b: Garganacl|97\/100|[from] item: Leftovers\n|upkeep\n|turn|18\n|\n|t:|1699976430\n|switch|p1b: Iron Bundle|Iron Bundle|100\/100\n|-terastallize|p2b: Garganacl|Ghost\n|move|p1a: Heatran|Heat Wave|p2b: Garganacl|[spread] p2a\n|-miss|p1a: Heatran|p2b: Garganacl\n|-damage|p2a: Cresselia|61\/100\n|move|p2a: Cresselia|Calm Mind|p2a: Cresselia\n|-boost|p2a: Cresselia|spa|1\n|-boost|p2a: Cresselia|spd|1\n|move|p2b: Garganacl|Salt Cure|p1a: Heatran\n|-damage|p1a: Heatran|80\/100\n|-start|p1a: Heatran|Salt Cure\n|\n|-heal|p2a: Cresselia|67\/100|[from] item: Leftovers\n|-heal|p2b: Garganacl|100\/100|[from] item: Leftovers\n|-damage|p1a: Heatran|68\/100|[from] Salt Cure\n|upkeep\n|turn|19\n|\n|t:|1699976447\n|switch|p1a: Sinistcha|Sinistcha-Masterpiece|100\/100 par\n|move|p1b: Iron Bundle|Hydro Pump|p2a: Cresselia\n|-damage|p2a: Cresselia|51\/100\n|move|p2a: Cresselia|Calm Mind|p2a: Cresselia\n|-boost|p2a: Cresselia|spa|1\n|-boost|p2a: Cresselia|spd|1\n|move|p2b: Garganacl|Salt Cure|p1b: Iron Bundle\n|-supereffective|p1b: Iron Bundle\n|-damage|p1b: Iron Bundle|65\/100\n|-start|p1b: Iron Bundle|Salt Cure\n|\n|-heal|p2a: Cresselia|57\/100|[from] item: Leftovers\n|-damage|p1b: Iron Bundle|40\/100|[from] Salt Cure\n|upkeep\n|turn|20\n|-message|Joojosias forfeited.\n|\n|win|agerdam\n|raw|Joojosias's rating: 1510 &rarr; <strong>1501<\/strong><br \/>(-9 for losing)\n|raw|agerdam's rating: 1732 &rarr; <strong>1741<\/strong><br \/>(+9 for winning)\n|l|\u2606Joojosias\n|l|\u2606agerdam\n","uploadtime":1699976527,"views":5,"p1id":"joojosias","p2id":"agerdam","formatid":"gen9doublesou","rating":1501,"private":0,"password":""}