{"id":"gen9doublesou-1989187741","p1":"Supre333","p2":"lunarlith","format":"[Gen 9] Doubles OU","log":"|j|\u2606Supre333\n|j|\u2606lunarlith\n|t:|1699821435\n|gametype|doubles\n|player|p1|Supre333|hugh|1121\n|player|p2|lunarlith|clair|1157\n|teamsize|p1|6\n|teamsize|p2|6\n|gen|9\n|tier|[Gen 9] Doubles OU\n|rated|\n|rule|Species Clause: Limit one of each Pok\u00e9mon\n|rule|OHKO Clause: OHKO moves are banned\n|rule|Evasion Moves Clause: Evasion moves are banned\n|rule|Gravity Sleep Clause: The combination of sleep-inducing moves with imperfect accuracy and Gravity or Gigantamax Orbeetle are banned\n|rule|Endless Battle Clause: Forcing endless battles is banned\n|rule|HP Percentage Mod: HP is shown in percentages\n|clearpoke\n|poke|p1|Iron Hands|\n|poke|p1|Indeedee-F, F|\n|poke|p1|Armarouge, F|\n|poke|p1|Farigiraf, M|\n|poke|p1|Vikavolt, F|\n|poke|p1|Ursaluna, F|\n|poke|p2|Chien-Pao|\n|poke|p2|Arcanine-Hisui, M|\n|poke|p2|Iron Hands|\n|poke|p2|Sinistcha-Masterpiece|\n|poke|p2|Toxapex, F|\n|poke|p2|Bronzong|\n|teampreview\n|inactive|Battle timer is ON: inactive players will automatically lose when time's up. (requested by lunarlith)\n|\n|t:|1699821463\n|start\n|switch|p1a: 5NochesconAdame|Ursaluna, F|100\/100\n|switch|p1b: Francesco fiaummmm|Vikavolt, F|100\/100\n|switch|p2a: brian hands|Iron Hands|100\/100\n|switch|p2b: Chien-Pao|Chien-Pao|100\/100\n|-ability|p2b: Chien-Pao|Sword of Ruin\n|turn|1\n|\n|t:|1699821485\n|move|p2b: Chien-Pao|Ice Spinner|p1b: Francesco fiaummmm\n|-damage|p1b: Francesco fiaummmm|49\/100\n|move|p2a: brian hands|Drain Punch|p1a: 5NochesconAdame\n|-supereffective|p1a: 5NochesconAdame\n|-damage|p1a: 5NochesconAdame|11\/100\n|move|p1a: 5NochesconAdame|Earthquake|p2a: brian hands|[spread] p2a,p2b\n|-immune|p1b: Francesco fiaummmm|[from] ability: Levitate\n|-supereffective|p2a: brian hands\n|-damage|p2a: brian hands|23\/100\n|-damage|p2b: Chien-Pao|40\/100\n|move|p1b: Francesco fiaummmm|Discharge|p2b: Chien-Pao|[spread] p2a,p2b\n|-immune|p1a: 5NochesconAdame\n|-resisted|p2a: brian hands\n|-damage|p2a: brian hands|12\/100\n|-damage|p2b: Chien-Pao|0 fnt\n|faint|p2b: Chien-Pao\n|\n|-status|p1a: 5NochesconAdame|brn|[from] item: Flame Orb\n|upkeep\n|inactive|lunarlith has 120 seconds left.\n|\n|t:|1699821507\n|switch|p2b: Bronzong|Bronzong|100\/100\n|turn|2\n|inactive|lunarlith has 120 seconds left.\n|\n|t:|1699821530\n|-end|p2a: brian hands|Quark Drive|[silent]\n|switch|p2a: Toxapex|Toxapex, F, shiny|100\/100\n|move|p1a: 5NochesconAdame|Rock Slide|p2b: Bronzong|[spread] p2a,p2b\n|-resisted|p2b: Bronzong\n|-damage|p2a: Toxapex|82\/100\n|-damage|p2b: Bronzong|86\/100\n|move|p2b: Bronzong|Flash Cannon|p1b: Francesco fiaummmm\n|-resisted|p1b: Francesco fiaummmm\n|-damage|p1b: Francesco fiaummmm|33\/100\n|move|p1b: Francesco fiaummmm|Discharge|p2b: Bronzong|[spread] p2a,p2b\n|-immune|p1a: 5NochesconAdame\n|-supereffective|p2a: Toxapex\n|-damage|p2a: Toxapex|7\/100\n|-damage|p2b: Bronzong|58\/100\n|-status|p2b: Bronzong|par\n|\n|-heal|p2a: Toxapex|14\/100|[from] item: Leftovers\n|-heal|p2b: Bronzong|64\/100 par|[from] item: Leftovers\n|-damage|p1a: 5NochesconAdame|5\/100 brn|[from] brn\n|upkeep\n|turn|3\n|inactive|lunarlith has 120 seconds left.\n|\n|t:|1699821556\n|switch|p2b: Sinistcha|Sinistcha-Masterpiece|100\/100\n|-heal|p2a: Toxapex|39\/100|[from] ability: Hospitality|[of] p2b: Sinistcha\n|move|p2a: Toxapex|Baneful Bunker|p2a: Toxapex\n|-singleturn|p2a: Toxapex|move: Protect\n|move|p1a: 5NochesconAdame|Rock Slide|p2b: Sinistcha|[spread] p2b\n|-activate|p2a: Toxapex|move: Protect\n|-damage|p2b: Sinistcha|75\/100\n|move|p1b: Francesco fiaummmm|Bug Buzz|p2b: Sinistcha\n|-damage|p2b: Sinistcha|7\/100\n|\n|-heal|p2b: Sinistcha|13\/100|[from] item: Leftovers\n|-heal|p2a: Toxapex|45\/100|[from] item: Leftovers\n|-damage|p1a: 5NochesconAdame|0 fnt|[from] brn\n|faint|p1a: 5NochesconAdame\n|upkeep\n|inactive|Supre333 has 120 seconds left.\n|\n|t:|1699821573\n|switch|p1a: Elefante Jaja|Farigiraf, M|100\/100\n|turn|4\n|\n|t:|1699821589\n|switch|p2b: Bronzong|Bronzong|64\/100 par\n|switch|p2a: got that dog in im|Arcanine-Hisui, M|100\/100\n|-ability|p2a: got that dog in im|Intimidate|boost\n|-unboost|p1a: Elefante Jaja|atk|1\n|-unboost|p1b: Francesco fiaummmm|atk|1\n|move|p1a: Elefante Jaja|Hyper Voice|p2b: Bronzong|[spread] p2a,p2b\n|-resisted|p2a: got that dog in im\n|-resisted|p2b: Bronzong\n|-damage|p2a: got that dog in im|82\/100\n|-damage|p2b: Bronzong|52\/100 par\n|move|p1b: Francesco fiaummmm|Energy Ball|p2a: got that dog in im\n|-damage|p2a: got that dog in im|48\/100\n|-enditem|p2a: got that dog in im|Sitrus Berry|[eat]\n|-heal|p2a: got that dog in im|73\/100|[from] item: Sitrus Berry\n|\n|-heal|p2b: Bronzong|58\/100 par|[from] item: Leftovers\n|upkeep\n|turn|5\n|\n|t:|1699821614\n|move|p2a: got that dog in im|Rock Slide|p1a: Elefante Jaja|[spread] p1a,p1b\n|-supereffective|p1b: Francesco fiaummmm\n|-damage|p1a: Elefante Jaja|78\/100\n|-damage|p1b: Francesco fiaummmm|0 fnt\n|faint|p1b: Francesco fiaummmm\n|move|p2b: Bronzong|Stealth Rock|p1a: Elefante Jaja\n|-sidestart|p1: Supre333|move: Stealth Rock\n|move|p1a: Elefante Jaja|Trick Room|p1a: Elefante Jaja\n|-fieldstart|move: Trick Room|[of] p1a: Elefante Jaja\n|\n|-heal|p2b: Bronzong|64\/100 par|[from] item: Leftovers\n|upkeep\n|\n|t:|1699821624\n|switch|p1b: 3 de Ferroasada|Iron Hands|100\/100\n|-damage|p1b: 3 de Ferroasada|94\/100|[from] Stealth Rock\n|turn|6\n|\n|t:|1699821636\n|move|p2a: got that dog in im|Protect|p2a: got that dog in im\n|-singleturn|p2a: got that dog in im|Protect\n|move|p1b: 3 de Ferroasada|Fake Out|p2a: got that dog in im\n|-activate|p2a: got that dog in im|move: Protect\n|move|p2b: Bronzong|Psychic|p1b: 3 de Ferroasada\n|-supereffective|p1b: 3 de Ferroasada\n|-damage|p1b: 3 de Ferroasada|59\/100\n|move|p1a: Elefante Jaja|Twin Beam|p2a: got that dog in im\n|-activate|p2a: got that dog in im|move: Protect\n|\n|-heal|p2b: Bronzong|70\/100 par|[from] item: Leftovers\n|upkeep\n|turn|7\n|\n|t:|1699821659\n|-terastallize|p2b: Bronzong|Electric\n|move|p2b: Bronzong|Psychic|p1b: 3 de Ferroasada\n|-supereffective|p1b: 3 de Ferroasada\n|-damage|p1b: 3 de Ferroasada|23\/100\n|move|p1b: 3 de Ferroasada|Thunder Punch|p2b: Bronzong\n|-resisted|p2b: Bronzong\n|-damage|p2b: Bronzong|50\/100 par\n|move|p1a: Elefante Jaja|Twin Beam|p2a: got that dog in im\n|-damage|p2a: got that dog in im|53\/100\n|-damage|p2a: got that dog in im|33\/100\n|-hitcount|p2a: got that dog in im|2\n|move|p2a: got that dog in im|Flare Blitz|p1a: Elefante Jaja\n|-damage|p1a: Elefante Jaja|23\/100\n|-damage|p2a: got that dog in im|10\/100|[from] Recoil\n|\n|-heal|p2b: Bronzong|56\/100 par|[from] item: Leftovers\n|upkeep\n|turn|8\n|\n|t:|1699821682\n|move|p2b: Bronzong|Skill Swap|p1a: Elefante Jaja\n|-activate|p2b: Bronzong|move: Skill Swap|Armor Tail|Levitate|[of] p1a: Elefante Jaja\n|move|p1b: 3 de Ferroasada|Thunder Punch|p2a: got that dog in im\n|-damage|p2a: got that dog in im|0 fnt\n|faint|p2a: got that dog in im\n|move|p1a: Elefante Jaja|Hyper Voice|p2b: Bronzong\n|-damage|p2b: Bronzong|20\/100 par\n|\n|-heal|p2b: Bronzong|26\/100 par|[from] item: Leftovers\n|upkeep\n|\n|t:|1699821694\n|switch|p2a: Sinistcha|Sinistcha-Masterpiece|13\/100\n|-heal|p2b: Bronzong|51\/100 par|[from] ability: Hospitality|[of] p2a: Sinistcha\n|turn|9\n|\n|t:|1699821707\n|cant|p2b: Bronzong|par\n|move|p1b: 3 de Ferroasada|Heavy Slam|p2a: Sinistcha\n|-damage|p2a: Sinistcha|0 fnt\n|faint|p2a: Sinistcha\n|move|p1a: Elefante Jaja|Twin Beam|p2b: Bronzong\n|-damage|p2b: Bronzong|35\/100 par\n|-damage|p2b: Bronzong|18\/100 par\n|-hitcount|p2b: Bronzong|2\n|\n|-heal|p2b: Bronzong|24\/100 par|[from] item: Leftovers\n|-fieldend|move: Trick Room\n|upkeep\n|\n|t:|1699821722\n|switch|p2a: brian hands|Iron Hands|12\/100\n|turn|10\n|\n|t:|1699821747\n|move|p1a: Elefante Jaja|Hyper Voice|p2a: brian hands|[spread] p2a,p2b\n|-damage|p2a: brian hands|0 fnt\n|-damage|p2b: Bronzong|0 fnt\n|faint|p2a: brian hands\n|-end|p2a: brian hands|Quark Drive|[silent]\n|faint|p2b: Bronzong\n|move|p1b: 3 de Ferroasada|Thunder Punch|p2: brian hands|[notarget]\n|-fail|p1b: 3 de Ferroasada\n|\n|upkeep\n|-message|lunarlith forfeited.\n|\n|win|Supre333\n|raw|Supre333's rating: 1121 &rarr; <strong>1149<\/strong><br \/>(+28 for winning)\n|raw|lunarlith's rating: 1157 &rarr; <strong>1129<\/strong><br \/>(-28 for losing)\n|l|\u2606lunarlith\n|j|\u2606lunarlith\n|player|p2|lunarlith|clair\n|l|\u2606lunarlith\n|player|p2|\n","uploadtime":1699821761,"views":11,"p1id":"supre333","p2id":"lunarlith","formatid":"gen9doublesou","rating":1129,"private":0,"password":""}