{"id":"gen9doublesou-1985570935","p1":"Hokusaid","p2":"freeottawe","format":"[Gen 9] Doubles OU","log":"|j|\u2606Hokusaid\n|j|\u2606freeottawe\n|t:|1699385529\n|gametype|doubles\n|player|p1|Hokusaid|bruno|1102\n|player|p2|freeottawe|dancer|1118\n|teamsize|p1|6\n|teamsize|p2|6\n|gen|9\n|tier|[Gen 9] Doubles OU\n|rated|\n|rule|Species Clause: Limit one of each Pok\u00e9mon\n|rule|OHKO Clause: OHKO moves are banned\n|rule|Evasion Moves Clause: Evasion moves are banned\n|rule|Gravity Sleep Clause: The combination of sleep-inducing moves with imperfect accuracy and Gravity or Gigantamax Orbeetle are banned\n|rule|Endless Battle Clause: Forcing endless battles is banned\n|rule|HP Percentage Mod: HP is shown in percentages\n|clearpoke\n|poke|p1|Ursaring, F|\n|poke|p1|Talonflame, F|\n|poke|p1|Scizor, F|\n|poke|p1|Sinistcha-Masterpiece|\n|poke|p1|Garchomp, F|\n|poke|p1|Cresselia, F|\n|poke|p2|Iron Valiant|\n|poke|p2|Rabsca, M|\n|poke|p2|Golem-Alola, F|\n|poke|p2|Houndstone, F|\n|poke|p2|Grafaiai, F|\n|poke|p2|Hippowdon, F|\n|teampreview\n|\n|t:|1699385556\n|start\n|switch|p1a: Garchomp|Garchomp, F|100\/100\n|switch|p1b: Scizor|Scizor, F|100\/100\n|switch|p2a: Golem|Golem-Alola, F|100\/100\n|switch|p2b: Rabsca|Rabsca, M|100\/100\n|turn|1\n|\n|t:|1699385584\n|switch|p1b: Sinistcha|Sinistcha-Masterpiece|100\/100\n|move|p2a: Golem|Protect|p2a: Golem\n|-singleturn|p2a: Golem|Protect\n|move|p1a: Garchomp|Fire Fang|p2b: Rabsca\n|-supereffective|p2b: Rabsca\n|-damage|p2b: Rabsca|21\/100\n|-status|p2b: Rabsca|brn\n|move|p2b: Rabsca|Trick Room|p2b: Rabsca\n|-fieldstart|move: Trick Room|[of] p2b: Rabsca\n|\n|-damage|p2b: Rabsca|15\/100 brn|[from] brn\n|upkeep\n|turn|2\n|\n|t:|1699385613\n|switch|p2b: Hippowdon|Hippowdon, F|100\/100\n|-weather|Sandstorm|[from] ability: Sand Stream|[of] p2b: Hippowdon\n|switch|p1a: Scizor|Scizor, F|100\/100\n|move|p2a: Golem|Explosion|p1b: Sinistcha|[spread] p1a,p1b\n|-immune|p2b: Hippowdon\n|-resisted|p1b: Sinistcha\n|-damage|p1a: Scizor|0 fnt\n|-damage|p1b: Sinistcha|43\/100\n|-enditem|p1b: Sinistcha|Sitrus Berry|[eat]\n|-heal|p1b: Sinistcha|68\/100|[from] item: Sitrus Berry\n|faint|p2a: Golem\n|faint|p1a: Scizor\n|move|p1b: Sinistcha|Matcha Gotcha|p2b: Hippowdon\n|-supereffective|p2b: Hippowdon\n|-damage|p2b: Hippowdon|22\/100\n|-heal|p1b: Sinistcha|100\/100|[from] drain|[of] p2b: Hippowdon\n|\n|-weather|Sandstorm|[upkeep]\n|-damage|p1b: Sinistcha|94\/100|[from] Sandstorm\n|-heal|p2b: Hippowdon|28\/100|[from] item: Leftovers\n|upkeep\n|\n|t:|1699385635\n|switch|p2a: Rabsca|Rabsca, M|15\/100 brn\n|switch|p1a: Cresselia|Cresselia, F|100\/100\n|turn|3\n|\n|t:|1699385647\n|move|p2a: Rabsca|Revival Blessing|p2a: Rabsca\n|-enditem|p2a: Rabsca|Leppa Berry|[eat]\n|-activate|p2a: Rabsca|item: Leppa Berry|Revival Blessing|[consumed]\n|\n|t:|1699385650\n|-heal|p2: Golem|50\/100|[from] move: Revival Blessing\n|move|p2b: Hippowdon|Rock Slide|p1b: Sinistcha|[spread] p1a,p1b\n|-damage|p1a: Cresselia|92\/100\n|-damage|p1b: Sinistcha|82\/100\n|cant|p1b: Sinistcha|flinch\n|cant|p1a: Cresselia|flinch\n|\n|-weather|Sandstorm|[upkeep]\n|-damage|p2a: Rabsca|9\/100 brn|[from] Sandstorm\n|-damage|p1b: Sinistcha|76\/100|[from] Sandstorm\n|-damage|p1a: Cresselia|86\/100|[from] Sandstorm\n|-heal|p2b: Hippowdon|34\/100|[from] item: Leftovers\n|-heal|p1a: Cresselia|92\/100|[from] item: Leftovers\n|-damage|p2a: Rabsca|3\/100 brn|[from] brn\n|upkeep\n|turn|4\n|c|\u2606Hokusaid|That\u2019s cool asf\n|\n|t:|1699385687\n|switch|p2a: Golem|Golem-Alola, F|50\/100\n|move|p2b: Hippowdon|Slack Off|p2b: Hippowdon\n|-heal|p2b: Hippowdon|84\/100\n|move|p1b: Sinistcha|Matcha Gotcha|p2b: Hippowdon|[spread] p2a,p2b\n|-supereffective|p2a: Golem\n|-supereffective|p2b: Hippowdon\n|-damage|p2a: Golem|4\/100\n|-heal|p1b: Sinistcha|99\/100|[from] drain|[of] p2a: Golem\n|-damage|p2b: Hippowdon|27\/100\n|-heal|p1b: Sinistcha|100\/100|[from] drain|[of] p2b: Hippowdon\n|move|p1a: Cresselia|Trick Room|p1a: Cresselia\n|-fieldend|move: Trick Room\n|\n|-weather|Sandstorm|[upkeep]\n|-damage|p1a: Cresselia|86\/100|[from] Sandstorm\n|-damage|p1b: Sinistcha|94\/100|[from] Sandstorm\n|-heal|p1a: Cresselia|92\/100|[from] item: Leftovers\n|-heal|p2b: Hippowdon|33\/100|[from] item: Leftovers\n|upkeep\n|turn|5\n|c|\u2606freeottawe|ty i stole the golem -Rocket Grunt\n|\n|t:|1699385738\n|switch|p1a: Talonflame|Talonflame, F|100\/100\n|move|p1b: Sinistcha|Matcha Gotcha|p2a: Golem|[spread] p2a,p2b\n|-supereffective|p2a: Golem\n|-supereffective|p2b: Hippowdon\n|-damage|p2a: Golem|0 fnt\n|-heal|p1b: Sinistcha|96\/100|[from] drain|[of] p2a: Golem\n|-damage|p2b: Hippowdon|0 fnt\n|-heal|p1b: Sinistcha|100\/100|[from] drain|[of] p2b: Hippowdon\n|faint|p2a: Golem\n|faint|p2b: Hippowdon\n|\n|-weather|Sandstorm|[upkeep]\n|-damage|p1a: Talonflame|94\/100|[from] Sandstorm\n|-damage|p1b: Sinistcha|94\/100|[from] Sandstorm\n|upkeep\n|\n|t:|1699385769\n|switch|p2b: Iron Valiant|Iron Valiant|100\/100\n|switch|p2a: Rabsca|Rabsca, M|3\/100 brn\n|turn|6\n|\n|t:|1699385790\n|move|p1a: Talonflame|Brave Bird|p2b: Iron Valiant\n|-supereffective|p2b: Iron Valiant\n|-crit|p2b: Iron Valiant\n|-damage|p2b: Iron Valiant|0 fnt\n|faint|p2b: Iron Valiant\n|-end|p2b: Iron Valiant|Quark Drive|[silent]\n|-damage|p1a: Talonflame|63\/100|[from] Recoil\n|move|p1b: Sinistcha|Matcha Gotcha|p2a: Rabsca|[miss]\n|-miss|p1b: Sinistcha|p2a: Rabsca\n|move|p2a: Rabsca|Revival Blessing|p2a: Rabsca\n|\n|t:|1699385807\n|-heal|p2: Golem|50\/100|[from] move: Revival Blessing\n|\n|-weather|none\n|-damage|p2a: Rabsca|0 fnt|[from] brn\n|faint|p2a: Rabsca\n|upkeep\n|\n|t:|1699385818\n|switch|p2b: Houndstone|Houndstone, F|100\/100\n|switch|p2a: Grafaiai|Grafaiai, F|100\/100\n|turn|7\n|\n|t:|1699385855\n|switch|p1b: Cresselia|Cresselia, F|92\/100\n|move|p2a: Grafaiai|Copycat|p2a: Grafaiai\n|move|p2a: Grafaiai|Revival Blessing|p2a: Grafaiai|[from]move: Copycat\n|\n|t:|1699385860\n|-heal|p2: Rabsca|50\/100|[from] move: Revival Blessing\n|move|p1a: Talonflame|Tailwind|p1a: Talonflame\n|-sidestart|p1: Hokusaid|move: Tailwind\n|move|p2b: Houndstone|Yawn|p1b: Cresselia\n|-start|p1b: Cresselia|move: Yawn|[of] p2b: Houndstone\n|\n|-heal|p1b: Cresselia|98\/100|[from] item: Leftovers\n|upkeep\n|turn|8\n|\n|t:|1699385889\n|switch|p1b: Ursaring|Ursaring, F|100\/100\n|move|p2a: Grafaiai|Taunt|p1b: Ursaring\n|-start|p1b: Ursaring|move: Taunt\n|move|p1a: Talonflame|Will-O-Wisp|p1b: Ursaring\n|-status|p1b: Ursaring|brn\n|move|p2b: Houndstone|Last Respects|p1a: Talonflame\n|-damage|p1a: Talonflame|0 fnt\n|faint|p1a: Talonflame\n|\n|-damage|p1b: Ursaring|94\/100 brn|[from] brn\n|upkeep\n|\n|t:|1699385907\n|switch|p1a: Garchomp|Garchomp, F|100\/100\n|turn|9\n|\n|t:|1699385929\n|switch|p2b: Rabsca|Rabsca, M|50\/100\n|move|p2a: Grafaiai|Copycat|p2a: Grafaiai\n|move|p2a: Grafaiai|Last Respects|p1a: Garchomp|[from]move: Copycat\n|-damage|p1a: Garchomp|2\/100\n|move|p1a: Garchomp|Dragon Claw|p2b: Rabsca\n|-damage|p2b: Rabsca|0 fnt\n|faint|p2b: Rabsca\n|move|p1b: Ursaring|Facade|p2a: Grafaiai\n|-damage|p2a: Grafaiai|0 fnt\n|faint|p2a: Grafaiai\n|\n|-damage|p1b: Ursaring|88\/100 brn|[from] brn\n|upkeep\n|\n|t:|1699385945\n|switch|p2a: Golem|Golem-Alola, F|50\/100\n|switch|p2b: Houndstone|Houndstone, F|100\/100\n|turn|10\n|\n|t:|1699385960\n|move|p2a: Golem|Protect|p2a: Golem\n|-singleturn|p2a: Golem|Protect\n|move|p2b: Houndstone|Shadow Sneak|p1a: Garchomp\n|-damage|p1a: Garchomp|0 fnt\n|-damage|p2b: Houndstone|88\/100|[from] ability: Rough Skin|[of] p1a: Garchomp\n|faint|p1a: Garchomp\n|move|p1b: Ursaring|Crunch|p2b: Houndstone\n|-supereffective|p2b: Houndstone\n|-damage|p2b: Houndstone|0 fnt\n|faint|p2b: Houndstone\n|\n|-damage|p1b: Ursaring|82\/100 brn|[from] brn\n|-end|p1b: Ursaring|move: Taunt\n|-sideend|p1: Hokusaid|move: Tailwind\n|upkeep\n|\n|t:|1699385976\n|switch|p1a: Sinistcha|Sinistcha-Masterpiece|94\/100\n|-heal|p1b: Ursaring|100\/100 brn|[from] ability: Hospitality|[of] p1a: Sinistcha\n|turn|11\n|\n|t:|1699385986\n|-terastallize|p1b: Ursaring|Normal\n|move|p1b: Ursaring|Facade|p2a: Golem\n|-resisted|p2a: Golem\n|-damage|p2a: Golem|2\/100\n|move|p1a: Sinistcha|Giga Drain|p2a: Golem\n|-supereffective|p2a: Golem\n|-damage|p2a: Golem|0 fnt\n|-heal|p1a: Sinistcha|96\/100|[from] drain|[of] p2a: Golem\n|faint|p2a: Golem\n|\n|win|Hokusaid\n|raw|Hokusaid's rating: 1102 &rarr; <strong>1128<\/strong><br \/>(+26 for winning)\n|raw|freeottawe's rating: 1118 &rarr; <strong>1092<\/strong><br \/>(-26 for losing)\n|c|\u2606freeottawe|gg fun game\n|c|\u2606Hokusaid|Ggs that was good\n|c|\u2606Hokusaid|really cool team\n|c|\u2606freeottawe|you really kept my rabsca down lol\n|c|\u2606Hokusaid|it\u2019s a shame he\u2019s so weak\n|c|\u2606freeottawe|i missed a trickroom turn and that was it for me lol\n|c|\u2606freeottawe|yeah i wish it was a bit bulkier\n|c|\u2606Hokusaid|aww dude, well played though\n|l|\u2606Hokusaid\n|c|\u2606freeottawe|very wp to you 3\n|c|\u2606freeottawe|2*\n|l|\u2606freeottawe\n|j|\u2606Hokusaid\n|player|p1|Hokusaid|bruno\n","uploadtime":1699386394,"views":24,"p1id":"hokusaid","p2id":"freeottawe","formatid":"gen9doublesou","rating":1092,"private":0,"password":""}