{"id":"gen9doublesou-1973332699","p1":"Tyranibard","p2":"adamlol_gaming","format":"[Gen 9] Doubles OU","log":"|j|\u2606Tyranibard\n|j|\u2606adamlol_gaming\n|t:|1697956217\n|gametype|doubles\n|player|p1|Tyranibard|juan|1285\n|player|p2|adamlol_gaming|lass-gen4dp|1116\n|teamsize|p1|6\n|teamsize|p2|6\n|gen|9\n|tier|[Gen 9] Doubles OU\n|rated|\n|rule|Species Clause: Limit one of each Pok\u00e9mon\n|rule|OHKO Clause: OHKO moves are banned\n|rule|Evasion Moves Clause: Evasion moves are banned\n|rule|Gravity Sleep Clause: The combination of sleep-inducing moves with imperfect accuracy and Gravity or Gigantamax Orbeetle are banned\n|rule|Endless Battle Clause: Forcing endless battles is banned\n|rule|HP Percentage Mod: HP is shown in percentages\n|clearpoke\n|poke|p1|Empoleon, F|\n|poke|p1|Stantler, M|\n|poke|p1|Ninetales-Alola, M|\n|poke|p1|Volbeat, M|\n|poke|p1|Ogerpon-Cornerstone, F|\n|poke|p1|Sinistcha|\n|poke|p2|Medicham, F|\n|poke|p2|Tinkaton, F|\n|poke|p2|Basculegion-F, F|\n|poke|p2|Indeedee-F, F|\n|poke|p2|Meowscarada, M|\n|poke|p2|Amoonguss, M|\n|teampreview\n|inactive|Battle timer is ON: inactive players will automatically lose when time's up. (requested by Tyranibard)\n|\n|t:|1697956234\n|start\n|switch|p1a: Ogerpon|Ogerpon-Cornerstone, F|100\/100\n|switch|p1b: Ninetales|Ninetales-Alola, M|100\/100\n|switch|p2a: Medicham|Medicham, F|100\/100\n|switch|p2b: Tinkaton|Tinkaton, F|100\/100\n|-weather|Snow|[from] ability: Snow Warning|[of] p1b: Ninetales\n|turn|1\n|\n|t:|1697956247\n|switch|p1b: Volbeat|Volbeat, M|100\/100\n|switch|p1a: Stantler|Stantler, M|100\/100\n|-ability|p1a: Stantler|Intimidate|boost\n|-unboost|p2a: Medicham|atk|1\n|-unboost|p2b: Tinkaton|atk|1\n|move|p2a: Medicham|Fake Out|p1a: Stantler\n|-damage|p1a: Stantler|94\/100\n|move|p2b: Tinkaton|Swords Dance|p2b: Tinkaton\n|-boost|p2b: Tinkaton|atk|2\n|\n|-weather|Snow|[upkeep]\n|upkeep\n|turn|2\n|\n|t:|1697956275\n|move|p1b: Volbeat|Thunder Wave|p2b: Tinkaton\n|-status|p2b: Tinkaton|par\n|move|p1a: Stantler|Skill Swap|p2a: Medicham\n|-activate|p1a: Stantler|move: Skill Swap|Pure Power|Intimidate|[of] p2a: Medicham\n|-ability|p2a: Medicham|Intimidate|boost\n|-unboost|p1a: Stantler|atk|1\n|-unboost|p1b: Volbeat|atk|1\n|move|p2a: Medicham|Skill Swap|p2b: Tinkaton\n|-activate|p2a: Medicham|move: Skill Swap|||[of] p2b: Tinkaton\n|-ability|p2b: Tinkaton|Intimidate|boost\n|-unboost|p1a: Stantler|atk|1\n|-unboost|p1b: Volbeat|atk|1\n|cant|p2b: Tinkaton|par\n|\n|-weather|Snow|[upkeep]\n|upkeep\n|turn|3\n|inactive|Tyranibard has 120 seconds left.\n|\n|t:|1697956330\n|switch|p1b: Sinistcha|Sinistcha|100\/100\n|-heal|p1a: Stantler|100\/100|[from] ability: Hospitality|[of] p1b: Sinistcha\n|move|p1a: Stantler|Protect|p1a: Stantler\n|-singleturn|p1a: Stantler|Protect\n|move|p2a: Medicham|Skill Swap|p1a: Stantler\n|-activate|p1a: Stantler|move: Protect\n|move|p2b: Tinkaton|Gigaton Hammer|p1b: Sinistcha\n|-damage|p1b: Sinistcha|4\/100\n|-enditem|p1b: Sinistcha|Sitrus Berry|[eat]\n|-heal|p1b: Sinistcha|29\/100|[from] item: Sitrus Berry\n|\n|-weather|Snow|[upkeep]\n|upkeep\n|turn|4\n|inactive|Tyranibard has 120 seconds left.\n|inactive|Tyranibard has 90 seconds left.\n|\n|t:|1697956370\n|switch|p1a: Volbeat|Volbeat, M|100\/100\n|move|p2a: Medicham|Skill Swap|p1a: Volbeat\n|-activate|p2a: Medicham|move: Skill Swap|Prankster|Pickpocket|[of] p1a: Volbeat\n|move|p1b: Sinistcha|Matcha Gotcha|p2b: Tinkaton|[spread] p2a\n|-miss|p1b: Sinistcha|p2b: Tinkaton\n|-damage|p2a: Medicham|63\/100\n|-heal|p1b: Sinistcha|43\/100|[from] drain|[of] p2a: Medicham\n|move|p2b: Tinkaton|Knock Off|p1b: Sinistcha\n|-supereffective|p1b: Sinistcha\n|-damage|p1b: Sinistcha|0 fnt\n|faint|p1b: Sinistcha\n|\n|-weather|Snow|[upkeep]\n|upkeep\n|\n|t:|1697956393\n|switch|p1b: Empoleon|Empoleon, F|100\/100\n|turn|5\n|inactive|Tyranibard has 90 seconds left.\n|\n|t:|1697956416\n|move|p1a: Volbeat|Rain Dance|p1a: Volbeat\n|-weather|RainDance\n|move|p2a: Medicham|Close Combat|p1b: Empoleon\n|-supereffective|p1b: Empoleon\n|-damage|p1b: Empoleon|65\/100\n|-unboost|p2a: Medicham|def|1\n|-unboost|p2a: Medicham|spd|1\n|move|p1b: Empoleon|Weather Ball|p2b: Tinkaton\n|-damage|p2b: Tinkaton|27\/100 par\n|move|p2b: Tinkaton|Gigaton Hammer|p1a: Volbeat\n|-enditem|p1a: Volbeat|Focus Sash\n|-damage|p1a: Volbeat|1\/100\n|\n|-weather|RainDance|[upkeep]\n|upkeep\n|turn|6\n|inactive|Tyranibard has 90 seconds left.\n|\n|t:|1697956444\n|switch|p1a: Stantler|Stantler, M|100\/100\n|-ability|p1a: Stantler|Intimidate|boost\n|-unboost|p2a: Medicham|atk|1\n|-unboost|p2b: Tinkaton|atk|1\n|switch|p2b: Indeedee|Indeedee-F, F|100\/100\n|move|p1b: Empoleon|Weather Ball|p2b: Indeedee\n|-damage|p2b: Indeedee|30\/100\n|move|p2a: Medicham|Trick Room|p2a: Medicham\n|-fieldstart|move: Trick Room|[of] p2a: Medicham\n|\n|-weather|RainDance|[upkeep]\n|upkeep\n|turn|7\n|inactive|Tyranibard has 90 seconds left.\n|\n|t:|1697956469\n|switch|p1a: Ninetales|Ninetales-Alola, M|100\/100\n|-weather|Snow|[from] ability: Snow Warning|[of] p1a: Ninetales\n|-terastallize|p1b: Empoleon|Ice\n|move|p2a: Medicham|Skill Swap|p2b: Indeedee\n|-activate|p2a: Medicham|move: Skill Swap|||[of] p2b: Indeedee\n|move|p2b: Indeedee|Light Screen|p2b: Indeedee\n|-sidestart|p2: adamlol_gaming|move: Light Screen\n|move|p1b: Empoleon|Blizzard|p2b: Indeedee|[spread] p2a,p2b\n|-damage|p2a: Medicham|12\/100\n|-damage|p2b: Indeedee|7\/100\n|-status|p2b: Indeedee|frz\n|-enditem|p2a: Medicham|Wiki Berry|[eat]\n|-heal|p2a: Medicham|45\/100|[from] item: Wiki Berry\n|\n|-weather|Snow|[upkeep]\n|upkeep\n|turn|8\n|inactive|adamlol_gaming has 120 seconds left.\n|\n|t:|1697956510\n|switch|p2a: Basculegion|Basculegion-F, F|100\/100\n|move|p1b: Empoleon|Blizzard|p2a: Basculegion|[spread] p2a,p2b\n|-resisted|p2a: Basculegion\n|-damage|p2a: Basculegion|83\/100\n|-damage|p2b: Indeedee|0 fnt\n|faint|p2b: Indeedee\n|move|p1a: Ninetales|Aurora Veil|p1a: Ninetales\n|-sidestart|p1: Tyranibard|move: Aurora Veil\n|\n|-weather|Snow|[upkeep]\n|upkeep\n|inactive|adamlol_gaming has 90 seconds left.\n|\n|t:|1697956538\n|switch|p2b: Medicham|Medicham, F|45\/100\n|turn|9\n|inactive|Tyranibard has 120 seconds left.\n|\n|t:|1697956559\n|switch|p1a: Stantler|Stantler, M|100\/100\n|-ability|p1a: Stantler|Intimidate|boost\n|-unboost|p2a: Basculegion|atk|1\n|-unboost|p2b: Medicham|atk|1\n|move|p2b: Medicham|Fake Out|p1b: Empoleon\n|-damage|p1b: Empoleon|61\/100\n|cant|p1b: Empoleon|flinch\n|move|p2a: Basculegion|Shadow Ball|p1b: Empoleon\n|-damage|p1b: Empoleon|38\/100\n|-damage|p2a: Basculegion|74\/100|[from] item: Life Orb\n|\n|-weather|Snow|[upkeep]\n|upkeep\n|turn|10\n|inactive|Tyranibard has 120 seconds left.\n|inactive|adamlol_gaming has 90 seconds left.\n|\n|t:|1697956601\n|move|p1b: Empoleon|Blizzard|p2a: Basculegion|[spread] p2a,p2b\n|-resisted|p2a: Basculegion\n|-damage|p2a: Basculegion|58\/100\n|-damage|p2b: Medicham|13\/100\n|move|p2b: Medicham|Close Combat|p1b: Empoleon\n|-supereffective|p1b: Empoleon\n|-damage|p1b: Empoleon|7\/100\n|-unboost|p2b: Medicham|def|1\n|-unboost|p2b: Medicham|spd|1\n|move|p2a: Basculegion|Shadow Ball|p1b: Empoleon\n|-damage|p1b: Empoleon|0 fnt\n|faint|p1b: Empoleon\n|-damage|p2a: Basculegion|48\/100|[from] item: Life Orb\n|move|p1a: Stantler|Skill Swap|p2b: Medicham\n|-activate|p1a: Stantler|move: Skill Swap|Pure Power|Intimidate|[of] p2b: Medicham\n|-ability|p2b: Medicham|Intimidate|boost\n|-unboost|p1a: Stantler|atk|1\n|\n|-weather|Snow|[upkeep]\n|-fieldend|move: Trick Room\n|upkeep\n|\n|t:|1697956624\n|switch|p1b: Ogerpon|Ogerpon-Cornerstone, F|100\/100\n|turn|11\n|\n|t:|1697956640\n|switch|p2b: Amoonguss|Amoonguss, M|100\/100\n|move|p1a: Stantler|Psychic|p2b: Amoonguss\n|-supereffective|p2b: Amoonguss\n|-damage|p2b: Amoonguss|79\/100\n|move|p2a: Basculegion|Surf|p1a: Stantler|[spread] p2b,p1a,p1b\n|-resisted|p2b: Amoonguss\n|-damage|p2b: Amoonguss|65\/100\n|-damage|p1a: Stantler|63\/100\n|-damage|p1b: Ogerpon|59\/100\n|-damage|p2a: Basculegion|38\/100|[from] item: Life Orb\n|move|p1b: Ogerpon|Horn Leech|p2a: Basculegion\n|-supereffective|p2a: Basculegion\n|-damage|p2a: Basculegion|0 fnt\n|-heal|p1b: Ogerpon|83\/100|[from] drain|[of] p2a: Basculegion\n|faint|p2a: Basculegion\n|\n|-weather|none\n|-heal|p2b: Amoonguss|71\/100|[from] item: Leftovers\n|upkeep\n|inactive|adamlol_gaming has 90 seconds left.\n|\n|t:|1697956660\n|switch|p2a: Meowscarada|Meowscarada, M|100\/100\n|turn|12\n|inactive|adamlol_gaming has 90 seconds left.\n|\n|t:|1697956686\n|move|p1a: Stantler|Protect|p1a: Stantler\n|-singleturn|p1a: Stantler|Protect\n|move|p2a: Meowscarada|Flower Trick|p1b: Ogerpon\n|-crit|p1b: Ogerpon\n|-damage|p1b: Ogerpon|39\/100\n|move|p1b: Ogerpon|Knock Off|p2b: Amoonguss\n|-damage|p2b: Amoonguss|41\/100\n|-enditem|p2b: Amoonguss|Leftovers|[from] move: Knock Off|[of] p1b: Ogerpon\n|move|p2b: Amoonguss|Spore|p1a: Stantler\n|-activate|p1a: Stantler|move: Protect\n|\n|upkeep\n|turn|13\n|inactive|Tyranibard has 120 seconds left.\n|\n|t:|1697956744\n|move|p1b: Ogerpon|Spiky Shield|p1b: Ogerpon\n|-singleturn|p1b: Ogerpon|move: Protect\n|move|p2a: Meowscarada|Flower Trick|p1b: Ogerpon\n|-activate|p1b: Ogerpon|move: Protect\n|move|p1a: Stantler|Skill Swap|p2b: Amoonguss\n|-activate|p1a: Stantler|move: Skill Swap|Regenerator|Pure Power|[of] p2b: Amoonguss\n|move|p2b: Amoonguss|Toxic|p1a: Stantler\n|-status|p1a: Stantler|tox\n|\n|-damage|p1a: Stantler|57\/100 tox|[from] psn\n|upkeep\n|turn|14\n|inactive|Tyranibard has 90 seconds left.\n|inactive|adamlol_gaming has 90 seconds left.\n|\n|t:|1697956789\n|move|p2a: Meowscarada|Flower Trick|p1b: Ogerpon\n|-crit|p1b: Ogerpon\n|-damage|p1b: Ogerpon|0 fnt\n|faint|p1b: Ogerpon\n|move|p1a: Stantler|Psychic|p2b: Amoonguss\n|-supereffective|p2b: Amoonguss\n|-damage|p2b: Amoonguss|21\/100\n|move|p2b: Amoonguss|Pollen Puff|p1a: Stantler\n|-damage|p1a: Stantler|43\/100 tox\n|\n|-damage|p1a: Stantler|31\/100 tox|[from] psn\n|-sideend|p2: adamlol_gaming|move: Light Screen\n|upkeep\n|\n|t:|1697956801\n|switch|p1b: Volbeat|Volbeat, M|1\/100\n|turn|15\n|inactive|adamlol_gaming has 90 seconds left.\n|\n|t:|1697956827\n|move|p1b: Volbeat|Thunder Wave|p2a: Meowscarada\n|-hint|Since gen 7, Dark is immune to Prankster moves.\n|-immune|p2a: Meowscarada\n|move|p2a: Meowscarada|Flower Trick|p1a: Stantler\n|-crit|p1a: Stantler\n|-damage|p1a: Stantler|0 fnt\n|faint|p1a: Stantler\n|move|p2b: Amoonguss|Pollen Puff|p1b: Volbeat\n|-damage|p1b: Volbeat|0 fnt\n|faint|p1b: Volbeat\n|\n|-sideend|p1: Tyranibard|move: Aurora Veil\n|upkeep\n|inactive|Tyranibard has 90 seconds left.\n|c|\u2606Tyranibard|gg\n|\n|t:|1697956842\n|switch|p1b: Ninetales|Ninetales-Alola, M|100\/100\n|-weather|Snow|[from] ability: Snow Warning|[of] p1b: Ninetales\n|turn|16\n|c|\u2606adamlol_gaming|gg\n|inactive|adamlol_gaming has 90 seconds left.\n|\n|t:|1697956873\n|move|p2a: Meowscarada|Shadow Claw|p1b: Ninetales\n|-damage|p1b: Ninetales|80\/100\n|move|p1b: Ninetales|Freeze-Dry|p2a: Meowscarada\n|-supereffective|p2a: Meowscarada\n|-damage|p2a: Meowscarada|17\/100\n|move|p2b: Amoonguss|Spore|p1b: Ninetales\n|-status|p1b: Ninetales|slp|[from] move: Spore\n|\n|-weather|Snow|[upkeep]\n|upkeep\n|turn|17\n|-message|Tyranibard forfeited.\n|\n|win|adamlol_gaming\n|raw|Tyranibard's rating: 1285 &rarr; <strong>1249<\/strong><br \/>(-36 for losing)\n|raw|adamlol_gaming's rating: 1116 &rarr; <strong>1152<\/strong><br \/>(+36 for winning)\n|l|\u2606Tyranibard\n","uploadtime":1697956891,"views":24,"p1id":"tyranibard","p2id":"adamlolgaming","formatid":"gen9doublesou","rating":1152,"private":0,"password":""}