{"id":"gen9doublesou-1989974126","p1":"halstar","p2":"Idktn","format":"[Gen 9] Doubles OU","log":"|j|\u2606halstar\n|j|\u2606Idktn\n|t:|1699911616\n|gametype|doubles\n|player|p1|halstar|cyrus|1007\n|player|p2|Idktn|ghetsis|1035\n|teamsize|p1|6\n|teamsize|p2|6\n|gen|9\n|tier|[Gen 9] Doubles OU\n|rated|\n|rule|Species Clause: Limit one of each Pok\u00e9mon\n|rule|OHKO Clause: OHKO moves are banned\n|rule|Evasion Moves Clause: Evasion moves are banned\n|rule|Gravity Sleep Clause: The combination of sleep-inducing moves with imperfect accuracy and Gravity or Gigantamax Orbeetle are banned\n|rule|Endless Battle Clause: Forcing endless battles is banned\n|rule|HP Percentage Mod: HP is shown in percentages\n|clearpoke\n|poke|p1|Rabsca, F|\n|poke|p1|Flutter Mane|\n|poke|p1|Regieleki|\n|poke|p1|Azelf|\n|poke|p1|Golem-Alola, F|\n|poke|p1|Weezing-Galar, F|\n|poke|p2|Flamigo, M|\n|poke|p2|Oricorio-Pom-Pom, M|\n|poke|p2|Sinistcha|\n|poke|p2|Golduck, M|\n|poke|p2|Clefable, M|\n|poke|p2|Staraptor, M|\n|teampreview\n|inactive|Battle timer is ON: inactive players will automatically lose when time's up. (requested by Idktn)\n|\n|t:|1699911627\n|start\n|switch|p1a: reboot van|Rabsca, F, shiny|100\/100\n|switch|p1b: nuclear bomb|Golem-Alola, F|100\/100\n|switch|p2a: Golduck|Golduck, M|100\/100\n|switch|p2b: Staraptor|Staraptor, M|100\/100\n|-ability|p2b: Staraptor|Intimidate|boost\n|-unboost|p1a: reboot van|atk|1\n|-unboost|p1b: nuclear bomb|atk|1\n|turn|1\n|c|\u2606Idktn|So everones using my strategy now\n|inactive|Idktn has 120 seconds left.\n|c|\u2606halstar|shhh\n|\n|t:|1699911661\n|move|p2a: Golduck|Protect|p2a: Golduck\n|-singleturn|p2a: Golduck|Protect\n|move|p2b: Staraptor|Tailwind|p2b: Staraptor\n|-sidestart|p2: Idktn|move: Tailwind\n|move|p1b: nuclear bomb|Explosion|p2b: Staraptor|[spread] p2b\n|-activate|p2a: Golduck|move: Protect\n|-activate|p1a: reboot van|ability: Telepathy\n|-supereffective|p2b: Staraptor\n|-enditem|p2b: Staraptor|Focus Sash\n|-damage|p2b: Staraptor|1\/100\n|faint|p1b: nuclear bomb\n|move|p1a: reboot van|Revival Blessing|p1a: reboot van\n|-enditem|p1a: reboot van|Leppa Berry|[eat]\n|-activate|p1a: reboot van|item: Leppa Berry|Revival Blessing|[consumed]\n|\n|t:|1699911674\n|-heal|p1: nuclear bomb|50\/100|[from] move: Revival Blessing\n|\n|upkeep\n|switch|p1b: nuclear bomb|Golem-Alola, F|50\/100\n|turn|2\n|c|\u2606Idktn|Lol kid, No brain\n|inactive|Idktn has 120 seconds left.\n|c|\u2606halstar|ok\n|\n|t:|1699911724\n|move|p2b: Staraptor|Brave Bird|p1b: nuclear bomb\n|-resisted|p1b: nuclear bomb\n|-damage|p1b: nuclear bomb|42\/100\n|-damage|p2b: Staraptor|0 fnt|[from] Recoil\n|faint|p2b: Staraptor\n|move|p2a: Golduck|Flip Turn|p1b: nuclear bomb\n|-supereffective|p1b: nuclear bomb\n|-damage|p1b: nuclear bomb|16\/100\n|\n|t:|1699911733\n|switch|p2a: Sinistcha|Sinistcha|100\/100|[from] Flip Turn\n|move|p1b: nuclear bomb|Explosion|p2a: Sinistcha|[spread] p2a\n|-activate|p1a: reboot van|ability: Telepathy\n|-resisted|p2a: Sinistcha\n|-damage|p2a: Sinistcha|13\/100\n|faint|p1b: nuclear bomb\n|move|p1a: reboot van|Dazzling Gleam|p2a: Sinistcha\n|-damage|p2a: Sinistcha|0 fnt\n|faint|p2a: Sinistcha\n|\n|upkeep\n|inactive|Idktn has 120 seconds left.\n|\n|t:|1699911750\n|switch|p2b: Clefable|Clefable, M|100\/100\n|switch|p2a: Golduck|Golduck, M|100\/100\n|switch|p1b: ICBM|Regieleki|100\/100\n|turn|3\n|\n|t:|1699911758\n|move|p2a: Golduck|Simple Beam|p2b: Clefable\n|-endability|p2b: Clefable|Unaware|[from] move: Simple Beam\n|-ability|p2b: Clefable|Simple|[from] move: Simple Beam\n|move|p1b: ICBM|Explosion|p2a: Golduck|[spread] p2a,p2b\n|-activate|p1a: reboot van|ability: Telepathy\n|-enditem|p2a: Golduck|Focus Sash\n|-damage|p2a: Golduck|1\/100\n|-damage|p2b: Clefable|6\/100\n|-enditem|p2b: Clefable|Sitrus Berry|[eat]\n|-heal|p2b: Clefable|31\/100|[from] item: Sitrus Berry\n|faint|p1b: ICBM\n|move|p2b: Clefable|Cosmic Power|p2b: Clefable\n|-boost|p2b: Clefable|def|2\n|-boost|p2b: Clefable|spd|2\n|move|p1a: reboot van|Revival Blessing|p1a: reboot van\n|\n|t:|1699911773\n|-heal|p1: ICBM|50\/100|[from] move: Revival Blessing\n|\n|upkeep\n|switch|p1b: ICBM|Regieleki|50\/100\n|turn|4\n|\n|t:|1699911791\n|switch|p1a: glitter bomb|Flutter Mane|100\/100\n|-enditem|p1a: glitter bomb|Booster Energy\n|-activate|p1a: glitter bomb|ability: Protosynthesis|[fromitem]\n|-start|p1a: glitter bomb|protosynthesisspe\n|move|p2a: Golduck|Flip Turn|p1b: ICBM\n|-damage|p1b: ICBM|18\/100\n|\n|t:|1699911803\n|switch|p2a: Flamigo|Flamigo, M|100\/100|[from] Flip Turn\n|-copyboost|p2a: Flamigo|p2b: Clefable|[from] ability: Costar\n|move|p1b: ICBM|Explosion|p2a: Flamigo|[spread] p2a,p2b\n|-immune|p1a: glitter bomb\n|-damage|p2a: Flamigo|33\/100\n|-damage|p2b: Clefable|0 fnt\n|faint|p1b: ICBM\n|faint|p2b: Clefable\n|\n|-sideend|p2: Idktn|move: Tailwind\n|upkeep\n|\n|t:|1699911823\n|switch|p1b: pipe bomb|Azelf|100\/100\n|switch|p2b: Oricorio|Oricorio-Pom-Pom, M|100\/100\n|turn|5\n|\n|t:|1699911837\n|move|p1a: glitter bomb|Helping Hand|p1b: pipe bomb\n|-singleturn|p1b: pipe bomb|Helping Hand|[of] p1a: glitter bomb\n|move|p1b: pipe bomb|Explosion|p2a: Flamigo|[spread] p2a,p2b\n|-immune|p1a: glitter bomb\n|-damage|p2a: Flamigo|0 fnt\n|-damage|p2b: Oricorio|0 fnt\n|faint|p1b: pipe bomb\n|faint|p2a: Flamigo\n|faint|p2b: Oricorio\n|\n|upkeep\n|c|\u2606halstar|well well well\n|inactive|Idktn has 120 seconds left.\n|c|\u2606Idktn|Garbage team lol cuunt feel pro\n|c|\u2606halstar|LMAO\n|c|\u2606halstar|you talk like a weedletwineedle thumbnail\n|inactive|Idktn has 90 seconds left.\n|inactive|Idktn has 60 seconds left.\n|inactive|Idktn has 30 seconds left.\n|inactive|Idktn has 20 seconds left.\n|inactive|Idktn has 15 seconds left.\n|inactive|Idktn has 10 seconds left.\n|inactive|Idktn has 5 seconds left.\n|-message|Idktn lost due to inactivity.\n|\n|win|halstar\n|raw|halstar's rating: 1007 &rarr; <strong>1049<\/strong><br \/>(+42 for winning)\n|raw|Idktn's rating: 1035 &rarr; <strong>1019<\/strong><br \/>(-16 for losing)\n|player|p1|halstar|cyrus\n|j| TheLargestLad\n|l| TheLargestLad\n|l|\u2606Idktn\n","uploadtime":1699912352,"views":6,"p1id":"halstar","p2id":"idktn","formatid":"gen9doublesou","rating":1019,"private":0,"password":""}