{"id":"gen9doublesou-1997702769","p1":"bananaszn","p2":"nightchaos79","format":"[Gen 9] Doubles OU","log":"|j|\u2606bananaszn\n|j|\u2606nightchaos79\n|t:|1700843546\n|gametype|doubles\n|player|p1|bananaszn|brycen|1454\n|player|p2|nightchaos79|red|1431\n|teamsize|p1|6\n|teamsize|p2|6\n|gen|9\n|tier|[Gen 9] Doubles OU\n|rated|\n|rule|Species Clause: Limit one of each Pok\u00e9mon\n|rule|OHKO Clause: OHKO moves are banned\n|rule|Evasion Moves Clause: Evasion moves are banned\n|rule|Gravity Sleep Clause: The combination of sleep-inducing moves with imperfect accuracy and Gravity or Gigantamax Orbeetle are banned\n|rule|Endless Battle Clause: Forcing endless battles is banned\n|rule|HP Percentage Mod: HP is shown in percentages\n|clearpoke\n|poke|p1|Kingambit, M|\n|poke|p1|Goodra-Hisui, F|\n|poke|p1|Flutter Mane|\n|poke|p1|Rillaboom, M|\n|poke|p1|Dragonite, F|\n|poke|p1|Iron Hands|\n|poke|p2|Fezandipiti, M|\n|poke|p2|Cramorant, F|\n|poke|p2|Politoed, F|\n|poke|p2|Gallade, M|\n|poke|p2|Ogerpon-Hearthflame, F|\n|poke|p2|Kleavor, M|\n|teampreview\n|inactive|Battle timer is ON: inactive players will automatically lose when time's up. (requested by nightchaos79)\n|\n|t:|1700843571\n|start\n|switch|p1a: Flutter Mane|Flutter Mane|100\/100\n|switch|p1b: Kingambit|Kingambit, M|100\/100\n|switch|p2a: Fezandipiti|Fezandipiti, M|100\/100\n|switch|p2b: Kleavor|Kleavor, M|100\/100\n|turn|1\n|\n|t:|1700843576\n|move|p1b: Kingambit|Protect|p1b: Kingambit\n|-singleturn|p1b: Kingambit|Protect\n|move|p2a: Fezandipiti|Heat Wave|p1a: Flutter Mane|[spread] p1a\n|-activate|p1b: Kingambit|move: Protect\n|-crit|p1a: Flutter Mane\n|-damage|p1a: Flutter Mane|81\/100\n|move|p2b: Kleavor|Stone Axe|p1a: Flutter Mane|[miss]\n|-miss|p2b: Kleavor|p1a: Flutter Mane\n|move|p1a: Flutter Mane|Trick Room|p1a: Flutter Mane\n|-fieldstart|move: Trick Room|[of] p1a: Flutter Mane\n|\n|upkeep\n|turn|2\n|\n|t:|1700843604\n|-end|p1a: Flutter Mane|Protosynthesis|[silent]\n|switch|p1a: Goodra|Goodra-Hisui, F|100\/100\n|move|p2a: Fezandipiti|Protect|p2a: Fezandipiti\n|-singleturn|p2a: Fezandipiti|Protect\n|move|p1b: Kingambit|Iron Head|p2a: Fezandipiti\n|-activate|p2a: Fezandipiti|move: Protect\n|move|p2b: Kleavor|Stone Axe|p1a: Goodra\n|-resisted|p1a: Goodra\n|-damage|p1a: Goodra|74\/100\n|-sidestart|p1: bananaszn|move: Stealth Rock\n|-damage|p2b: Kleavor|91\/100|[from] item: Life Orb\n|\n|-heal|p1a: Goodra|81\/100|[from] item: Leftovers\n|upkeep\n|turn|3\n|\n|t:|1700843620\n|move|p1b: Kingambit|Iron Head|p2b: Kleavor\n|-supereffective|p2b: Kleavor\n|-damage|p2b: Kleavor|0 fnt\n|faint|p2b: Kleavor\n|-damage|p1b: Kingambit|91\/100|[from] item: Life Orb\n|move|p1a: Goodra|Heavy Slam|p2a: Fezandipiti\n|-supereffective|p2a: Fezandipiti\n|-damage|p2a: Fezandipiti|0 fnt\n|faint|p2a: Fezandipiti\n|\n|-heal|p1a: Goodra|87\/100|[from] item: Leftovers\n|upkeep\n|\n|t:|1700843624\n|switch|p2b: Politoed|Politoed, F, shiny|100\/100\n|switch|p2a: Cramorant|Cramorant, F|100\/100\n|turn|4\n|\n|t:|1700843653\n|move|p1b: Kingambit|Kowtow Cleave|p2b: Politoed\n|-damage|p2b: Politoed|32\/100\n|-damage|p1b: Kingambit|81\/100|[from] item: Life Orb\n|move|p1a: Goodra|Body Press|p2b: Politoed\n|-damage|p2b: Politoed|6\/100\n|move|p2b: Politoed|Muddy Water|p1b: Kingambit|[spread] p1a,p1b\n|-resisted|p1a: Goodra\n|-damage|p1a: Goodra|78\/100\n|-damage|p1b: Kingambit|57\/100\n|move|p2a: Cramorant|Surf|p1a: Goodra|[spread] p1a,p1b\n|-heal|p2b: Politoed|31\/100|[from] ability: Water Absorb|[of] p2a: Cramorant\n|-formechange|p2a: Cramorant|Cramorant-Gulping|\n|-resisted|p1a: Goodra\n|-damage|p1a: Goodra|70\/100\n|-damage|p1b: Kingambit|32\/100\n|\n|-heal|p1a: Goodra|76\/100|[from] item: Leftovers\n|-heal|p2b: Politoed|37\/100|[from] item: Leftovers\n|upkeep\n|turn|5\n|\n|t:|1700843667\n|move|p1b: Kingambit|Protect|p1b: Kingambit\n|-singleturn|p1b: Kingambit|Protect\n|move|p2a: Cramorant|Protect|p2a: Cramorant\n|-singleturn|p2a: Cramorant|Protect\n|move|p1a: Goodra|Life Dew|p1a: Goodra|[spread] p1a,p1b\n|-heal|p1a: Goodra|100\/100\n|-heal|p1b: Kingambit|57\/100\n|move|p2b: Politoed|Muddy Water|p1a: Goodra|[spread] p1a\n|-activate|p1b: Kingambit|move: Protect\n|-resisted|p1a: Goodra\n|-damage|p1a: Goodra|93\/100\n|\n|-heal|p1a: Goodra|99\/100|[from] item: Leftovers\n|-heal|p2b: Politoed|43\/100|[from] item: Leftovers\n|-fieldend|move: Trick Room\n|upkeep\n|turn|6\n|\n|t:|1700843678\n|move|p2a: Cramorant|Surf|p1a: Goodra|[spread] p1a,p1b\n|-heal|p2b: Politoed|68\/100|[from] ability: Water Absorb|[of] p2a: Cramorant\n|-resisted|p1a: Goodra\n|-damage|p1a: Goodra|91\/100\n|-damage|p1b: Kingambit|33\/100\n|move|p2b: Politoed|Earth Power|p1a: Goodra\n|-supereffective|p1a: Goodra\n|-damage|p1a: Goodra|61\/100\n|move|p1a: Goodra|Life Dew|p1a: Goodra|[spread] p1a,p1b\n|-heal|p1a: Goodra|86\/100\n|-heal|p1b: Kingambit|58\/100\n|move|p1b: Kingambit|Kowtow Cleave|p2b: Politoed\n|-damage|p2b: Politoed|0 fnt\n|faint|p2b: Politoed\n|-damage|p1b: Kingambit|48\/100|[from] item: Life Orb\n|\n|-heal|p1a: Goodra|92\/100|[from] item: Leftovers\n|upkeep\n|\n|t:|1700843692\n|switch|p2b: Gallade|Gallade, M, shiny|100\/100\n|turn|7\n|\n|t:|1700843709\n|switch|p1b: Flutter Mane|Flutter Mane|81\/100\n|-damage|p1b: Flutter Mane|69\/100|[from] Stealth Rock\n|move|p2b: Gallade|Sacred Sword|p1a: Goodra\n|-supereffective|p1a: Goodra\n|-damage|p1a: Goodra|0 fnt\n|faint|p1a: Goodra\n|move|p2a: Cramorant|Air Slash|p1b: Flutter Mane\n|-damage|p1b: Flutter Mane|45\/100\n|\n|upkeep\n|j| Ran Kob\n|\n|t:|1700843723\n|switch|p1a: Rillaboom|Rillaboom, M|100\/100\n|-damage|p1a: Rillaboom|88\/100|[from] Stealth Rock\n|-fieldstart|move: Grassy Terrain|[from] ability: Grassy Surge|[of] p1a: Rillaboom\n|-enditem|p1b: Flutter Mane|Grassy Seed\n|-boost|p1b: Flutter Mane|def|1|[from] item: Grassy Seed\n|turn|8\n|\n|t:|1700843733\n|switch|p2b: Ogerpon|Ogerpon-Hearthflame, F|100\/100\n|-ability|p2b: Ogerpon|Mold Breaker\n|move|p1a: Rillaboom|Fake Out|p2b: Ogerpon\n|-damage|p2b: Ogerpon|83\/100\n|move|p2a: Cramorant|Air Slash|p1a: Rillaboom\n|-supereffective|p1a: Rillaboom\n|-damage|p1a: Rillaboom|49\/100\n|move|p1b: Flutter Mane|Trick Room|p1b: Flutter Mane\n|-fieldstart|move: Trick Room|[of] p1b: Flutter Mane\n|\n|-heal|p1a: Rillaboom|55\/100|[from] Grassy Terrain\n|-heal|p1b: Flutter Mane|51\/100|[from] Grassy Terrain\n|-heal|p2b: Ogerpon|89\/100|[from] Grassy Terrain\n|upkeep\n|turn|9\n|\n|t:|1700843751\n|-terastallize|p2b: Ogerpon|Fire\n|detailschange|p2b: Ogerpon|Ogerpon-Hearthflame-Tera, F, tera:Fire\n|-ability|p2b: Ogerpon|Embody Aspect (Hearthflame)|boost\n|-boost|p2b: Ogerpon|atk|1\n|move|p1a: Rillaboom|U-turn|p2b: Ogerpon\n|-resisted|p2b: Ogerpon\n|-damage|p2b: Ogerpon|73\/100\n|\n|t:|1700843760\n|switch|p1a: Dragonite|Dragonite, F|100\/100|[from] U-turn\n|-damage|p1a: Dragonite|76\/100|[from] Stealth Rock\n|move|p2a: Cramorant|Air Slash|p1a: Dragonite\n|-damage|p1a: Dragonite|50\/100\n|move|p1b: Flutter Mane|Shadow Ball|p2b: Ogerpon\n|-damage|p2b: Ogerpon|22\/100\n|move|p2b: Ogerpon|Ivy Cudgel|p1b: Flutter Mane|[anim] Ivy Cudgel Fire\n|-damage|p1b: Flutter Mane|0 fnt\n|faint|p1b: Flutter Mane\n|-end|p1b: Flutter Mane|Protosynthesis|[silent]\n|\n|-heal|p2b: Ogerpon|28\/100|[from] Grassy Terrain\n|upkeep\n|\n|t:|1700843772\n|switch|p1b: Iron Hands|Iron Hands|100\/100\n|-damage|p1b: Iron Hands|94\/100|[from] Stealth Rock\n|-enditem|p1b: Iron Hands|Booster Energy\n|-activate|p1b: Iron Hands|ability: Quark Drive|[fromitem]\n|-start|p1b: Iron Hands|quarkdriveatk\n|turn|10\n|\n|t:|1700843782\n|move|p1b: Iron Hands|Wild Charge|p2a: Cramorant\n|-supereffective|p2a: Cramorant\n|-enditem|p2a: Cramorant|Focus Sash\n|-damage|p2a: Cramorant|1\/100\n|-damage|p1b: Iron Hands|69\/100|[from] ability: Gulp Missile|[of] p2a: Cramorant\n|-unboost|p1b: Iron Hands|def|1\n|-formechange|p2a: Cramorant|Cramorant|\n|-damage|p1b: Iron Hands|54\/100|[from] Recoil\n|move|p1a: Dragonite|Stomping Tantrum|p2b: Ogerpon\n|-supereffective|p2b: Ogerpon\n|-crit|p2b: Ogerpon\n|-damage|p2b: Ogerpon|0 fnt\n|faint|p2b: Ogerpon\n|move|p2a: Cramorant|Ice Beam|p1a: Dragonite\n|-supereffective|p1a: Dragonite\n|-damage|p1a: Dragonite|0 fnt\n|faint|p1a: Dragonite\n|\n|-heal|p1b: Iron Hands|60\/100|[from] Grassy Terrain\n|upkeep\n|-message|nightchaos79 forfeited.\n|\n|win|bananaszn\n|raw|bananaszn's rating: 1454 &rarr; <strong>1473<\/strong><br \/>(+19 for winning)\n|raw|nightchaos79's rating: 1431 &rarr; <strong>1412<\/strong><br \/>(-19 for losing)\n|l|\u2606nightchaos79\n","uploadtime":1700843800,"views":3,"p1id":"bananaszn","p2id":"nightchaos79","formatid":"gen9doublesou","rating":1412,"private":0,"password":""}