{"id":"gen9doublesou-1981708899","p1":"EPIC555","p2":"Mega Steel X","format":"[Gen 9] Doubles OU","log":"|j|\u2606EPIC555\n|j|\u2606Mega Steel X\n|t:|1698935538\n|gametype|doubles\n|player|p1|EPIC555|red|1011\n|player|p2|Mega Steel X|jasmine|1000\n|teamsize|p1|6\n|teamsize|p2|6\n|gen|9\n|tier|[Gen 9] Doubles OU\n|rated|\n|rule|Species Clause: Limit one of each Pok\u00e9mon\n|rule|OHKO Clause: OHKO moves are banned\n|rule|Evasion Moves Clause: Evasion moves are banned\n|rule|Gravity Sleep Clause: The combination of sleep-inducing moves with imperfect accuracy and Gravity or Gigantamax Orbeetle are banned\n|rule|Endless Battle Clause: Forcing endless battles is banned\n|rule|HP Percentage Mod: HP is shown in percentages\n|clearpoke\n|poke|p1|Hydreigon, M|\n|poke|p1|Amoonguss, F|\n|poke|p1|Sylveon, F|\n|poke|p1|Arcanine, M|\n|poke|p1|Gallade, M|\n|poke|p1|Gholdengo|\n|poke|p2|Snorlax, M|\n|poke|p2|Sinistcha|\n|poke|p2|Landorus-Therian, M|\n|poke|p2|Iron Hands|\n|poke|p2|Clefairy, F|\n|poke|p2|Kommo-o, M|\n|teampreview\n|inactive|Battle timer is ON: inactive players will automatically lose when time's up. (requested by EPIC555)\n|inactive|Mega Steel X also wants the timer to be on.\n|\n|t:|1698935544\n|start\n|switch|p1a: Amoonguss|Amoonguss, F|100\/100\n|switch|p1b: Hydreigon|Hydreigon, M|100\/100\n|switch|p2a: Curselax|Snorlax, M|100\/100\n|switch|p2b: Landorus|Landorus-Therian, M|100\/100\n|-ability|p2b: Landorus|Intimidate|boost\n|-unboost|p1a: Amoonguss|atk|1\n|-unboost|p1b: Hydreigon|atk|1\n|turn|1\n|\n|t:|1698935557\n|move|p2b: Landorus|Rock Slide|p1a: Amoonguss|[spread] p1a,p1b\n|-crit|p1a: Amoonguss\n|-damage|p1a: Amoonguss|66\/100\n|-damage|p1b: Hydreigon|73\/100\n|move|p1b: Hydreigon|Focus Energy|p1b: Hydreigon\n|-start|p1b: Hydreigon|move: Focus Energy\n|move|p1a: Amoonguss|Spore|p2a: Curselax\n|-status|p2a: Curselax|slp|[from] move: Spore\n|cant|p2a: Curselax|slp\n|\n|-heal|p1a: Amoonguss|72\/100|[from] item: Leftovers\n|upkeep\n|turn|2\n|\n|t:|1698935587\n|switch|p1a: Sylveon|Sylveon, F|100\/100\n|move|p2b: Landorus|Rock Slide|p1a: Sylveon|[spread] p1a,p1b\n|-damage|p1a: Sylveon|72\/100\n|-damage|p1b: Hydreigon|46\/100\n|move|p1b: Hydreigon|Draco Meteor|p2a: Curselax\n|-crit|p2a: Curselax\n|-damage|p2a: Curselax|39\/100 slp\n|-unboost|p1b: Hydreigon|spa|2\n|-enditem|p2a: Curselax|Sitrus Berry|[eat]\n|-heal|p2a: Curselax|64\/100 slp|[from] item: Sitrus Berry\n|-curestatus|p2a: Curselax|slp|[msg]\n|move|p2a: Curselax|Belly Drum|p2a: Curselax\n|-damage|p2a: Curselax|14\/100\n|-setboost|p2a: Curselax|atk|6|[from] move: Belly Drum\n|\n|upkeep\n|turn|3\n|\n|t:|1698935615\n|switch|p2b: Sinistcha|Sinistcha|100\/100\n|-heal|p2a: Curselax|39\/100|[from] ability: Hospitality|[of] p2b: Sinistcha\n|move|p1a: Sylveon|Helping Hand|p1b: Hydreigon\n|-singleturn|p1b: Hydreigon|Helping Hand|[of] p1a: Sylveon\n|move|p2a: Curselax|Protect|p2a: Curselax\n|-singleturn|p2a: Curselax|Protect\n|move|p1b: Hydreigon|Draco Meteor|p2b: Sinistcha\n|-crit|p2b: Sinistcha\n|-damage|p2b: Sinistcha|0 fnt\n|-unboost|p1b: Hydreigon|spa|2\n|faint|p2b: Sinistcha\n|\n|upkeep\n|\n|t:|1698935629\n|switch|p2b: Clefairy|Clefairy, F|100\/100\n|turn|4\n|\n|t:|1698935648\n|switch|p1a: Gholdengo|Gholdengo|100\/100\n|move|p1b: Hydreigon|Draco Meteor|p2a: Curselax\n|-crit|p2a: Curselax\n|-damage|p2a: Curselax|0 fnt\n|-unboost|p1b: Hydreigon|spa|2\n|faint|p2a: Curselax\n|move|p2b: Clefairy|Heal Pulse|p2: Curselax|[notarget]\n|-fail|p2b: Clefairy\n|\n|upkeep\n|\n|t:|1698935659\n|switch|p2a: Kommo-o|Kommo-o, M|100\/100\n|turn|5\n|\n|t:|1698935678\n|-terastallize|p1a: Gholdengo|Steel\n|move|p2b: Clefairy|Follow Me|p2b: Clefairy\n|-singleturn|p2b: Clefairy|move: Follow Me\n|move|p1b: Hydreigon|Draco Meteor|p2b: Clefairy\n|-immune|p2b: Clefairy\n|move|p1a: Gholdengo|Make It Rain|p2a: Kommo-o|[spread] p2a,p2b\n|-supereffective|p2b: Clefairy\n|-damage|p2a: Kommo-o|49\/100\n|-damage|p2b: Clefairy|0 fnt\n|-unboost|p1a: Gholdengo|spa|1\n|faint|p2b: Clefairy\n|move|p2a: Kommo-o|Clangorous Soul|p2a: Kommo-o\n|-boost|p2a: Kommo-o|atk|1\n|-boost|p2a: Kommo-o|def|1\n|-boost|p2a: Kommo-o|spa|1\n|-boost|p2a: Kommo-o|spd|1\n|-boost|p2a: Kommo-o|spe|1\n|-damage|p2a: Kommo-o|16\/100\n|-enditem|p2a: Kommo-o|Throat Spray\n|-boost|p2a: Kommo-o|spa|1|[from] item: Throat Spray\n|\n|upkeep\n|\n|t:|1698935682\n|switch|p2b: Landorus|Landorus-Therian, M|100\/100\n|-ability|p2b: Landorus|Intimidate|boost\n|-unboost|p1a: Gholdengo|atk|1\n|-unboost|p1b: Hydreigon|atk|1\n|turn|6\n|\n|t:|1698935706\n|-terastallize|p2b: Landorus|Flying\n|move|p2b: Landorus|Tera Blast|p1a: Gholdengo|[anim] Tera Blast Flying\n|-resisted|p1a: Gholdengo\n|-damage|p1a: Gholdengo|64\/100\n|move|p2a: Kommo-o|Clanging Scales|p1b: Hydreigon|[spread] p1a,p1b\n|-resisted|p1a: Gholdengo\n|-supereffective|p1b: Hydreigon\n|-crit|p1b: Hydreigon\n|-damage|p1a: Gholdengo|20\/100\n|-damage|p1b: Hydreigon|0 fnt\n|-enditem|p1a: Gholdengo|Sitrus Berry|[eat]\n|-heal|p1a: Gholdengo|44\/100|[from] item: Sitrus Berry\n|faint|p1b: Hydreigon\n|-unboost|p2a: Kommo-o|def|1\n|move|p1a: Gholdengo|Make It Rain|p2b: Landorus|[spread] p2a,p2b\n|-damage|p2a: Kommo-o|0 fnt\n|-damage|p2b: Landorus|42\/100\n|-unboost|p1a: Gholdengo|spa|1\n|faint|p2a: Kommo-o\n|\n|upkeep\n|\n|t:|1698935725\n|switch|p1b: Arcanine|Arcanine, M|100\/100\n|switch|p2a: Iron Hands|Iron Hands|100\/100\n|-ability|p1b: Arcanine|Intimidate|boost\n|-unboost|p2a: Iron Hands|atk|1\n|-unboost|p2b: Landorus|atk|1\n|turn|7\n|\n|t:|1698935749\n|move|p1a: Gholdengo|Protect|p1a: Gholdengo\n|-singleturn|p1a: Gholdengo|Protect\n|move|p2b: Landorus|Tera Blast|p1b: Arcanine|[anim] Tera Blast Flying\n|-damage|p1b: Arcanine|46\/100\n|move|p1b: Arcanine|Flare Blitz|p2b: Landorus\n|-damage|p2b: Landorus|0 fnt\n|faint|p2b: Landorus\n|-damage|p1b: Arcanine|33\/100|[from] Recoil\n|-damage|p1b: Arcanine|23\/100|[from] item: Life Orb\n|move|p2a: Iron Hands|Drain Punch|p1a: Gholdengo\n|-activate|p1a: Gholdengo|move: Protect\n|\n|upkeep\n|turn|8\n|inactive|EPIC555 has 120 seconds left.\n|\n|t:|1698935793\n|move|p1b: Arcanine|Close Combat|p2a: Iron Hands\n|-damage|p2a: Iron Hands|68\/100\n|-unboost|p1b: Arcanine|def|1\n|-unboost|p1b: Arcanine|spd|1\n|-damage|p1b: Arcanine|13\/100|[from] item: Life Orb\n|move|p1a: Gholdengo|Thunder|p2a: Iron Hands|[miss]\n|-miss|p1a: Gholdengo|p2a: Iron Hands\n|move|p2a: Iron Hands|Drain Punch|p1b: Arcanine\n|-damage|p1b: Arcanine|0 fnt\n|-heal|p2a: Iron Hands|72\/100|[from] drain|[of] p1b: Arcanine\n|faint|p1b: Arcanine\n|\n|upkeep\n|\n|t:|1698935808\n|switch|p1b: Amoonguss|Amoonguss, F|72\/100\n|turn|9\n|inactive|EPIC555 has 120 seconds left.\n|\n|t:|1698935826\n|move|p1a: Gholdengo|Protect|p1a: Gholdengo\n|-singleturn|p1a: Gholdengo|Protect\n|move|p2a: Iron Hands|Drain Punch|p1a: Gholdengo\n|-activate|p1a: Gholdengo|move: Protect\n|move|p1b: Amoonguss|Spore|p2a: Iron Hands\n|-status|p2a: Iron Hands|slp|[from] move: Spore\n|\n|-heal|p1b: Amoonguss|79\/100|[from] item: Leftovers\n|upkeep\n|turn|10\n|inactive|EPIC555 has 120 seconds left.\n|\n|t:|1698935860\n|switch|p1b: Gallade|Gallade, M|100\/100\n|move|p1a: Gholdengo|Thunder|p2a: Iron Hands\n|-resisted|p2a: Iron Hands\n|-damage|p2a: Iron Hands|68\/100 slp\n|cant|p2a: Iron Hands|slp\n|\n|upkeep\n|turn|11\n|\n|t:|1698935870\n|move|p1a: Gholdengo|Thunder|p2a: Iron Hands\n|-resisted|p2a: Iron Hands\n|-damage|p2a: Iron Hands|63\/100 slp\n|move|p1b: Gallade|Poison Jab|p2a: Iron Hands\n|-damage|p2a: Iron Hands|44\/100 slp\n|cant|p2a: Iron Hands|slp\n|\n|upkeep\n|turn|12\n|\n|t:|1698935887\n|move|p1a: Gholdengo|Protect|p1a: Gholdengo\n|-singleturn|p1a: Gholdengo|Protect\n|move|p1b: Gallade|Poison Jab|p2a: Iron Hands\n|-damage|p2a: Iron Hands|26\/100 slp\n|cant|p2a: Iron Hands|slp\n|\n|upkeep\n|turn|13\n|\n|t:|1698935901\n|move|p1a: Gholdengo|Thunder|p2a: Iron Hands|[miss]\n|-miss|p1a: Gholdengo|p2a: Iron Hands\n|move|p1b: Gallade|Poison Jab|p2a: Iron Hands\n|-damage|p2a: Iron Hands|5\/100 slp\n|-curestatus|p2a: Iron Hands|slp|[msg]\n|move|p2a: Iron Hands|Drain Punch|p1a: Gholdengo\n|-supereffective|p1a: Gholdengo\n|-damage|p1a: Gholdengo|0 fnt\n|-heal|p2a: Iron Hands|20\/100|[from] drain|[of] p1a: Gholdengo\n|faint|p1a: Gholdengo\n|\n|upkeep\n|\n|t:|1698935912\n|switch|p1a: Amoonguss|Amoonguss, F|79\/100\n|turn|14\n|\n|t:|1698935924\n|move|p1b: Gallade|Protect|p1b: Gallade\n|-singleturn|p1b: Gallade|Protect\n|move|p2a: Iron Hands|Drain Punch|p1b: Gallade\n|-activate|p1b: Gallade|move: Protect\n|move|p1a: Amoonguss|Spore|p2a: Iron Hands\n|-status|p2a: Iron Hands|slp|[from] move: Spore\n|\n|-heal|p1a: Amoonguss|85\/100|[from] item: Leftovers\n|upkeep\n|turn|15\n|c|\u2606EPIC555|Lol\n|\n|t:|1698935943\n|move|p1b: Gallade|Poison Jab|p2a: Iron Hands\n|-damage|p2a: Iron Hands|0 fnt\n|faint|p2a: Iron Hands\n|-end|p2a: Iron Hands|Quark Drive|[silent]\n|\n|win|EPIC555\n|raw|EPIC555's rating: 1011 &rarr; <strong>1048<\/strong><br \/>(+37 for winning)\n|raw|Mega Steel X's rating: 1000 &rarr; <strong>1000<\/strong><br \/>(+0 for losing)\n","uploadtime":1698935962,"views":23,"p1id":"epic555","p2id":"megasteelx","formatid":"gen9doublesou","rating":1000,"private":0,"password":""}