{"id":"gen9doublesou-1999187049","p1":"Martin80","p2":"ButterDeButtery","format":"[Gen 9] Doubles OU","log":"|j|\u2606Martin80\n|j|\u2606ButterDeButtery\n|t:|1701042987\n|gametype|doubles\n|player|p1|Martin80|hugh|1163\n|player|p2|ButterDeButtery|waitress|1156\n|teamsize|p1|6\n|teamsize|p2|6\n|gen|9\n|tier|[Gen 9] Doubles OU\n|rated|\n|rule|Species Clause: Limit one of each Pok\u00e9mon\n|rule|OHKO Clause: OHKO moves are banned\n|rule|Evasion Moves Clause: Evasion moves are banned\n|rule|Gravity Sleep Clause: The combination of sleep-inducing moves with imperfect accuracy and Gravity or Gigantamax Orbeetle are banned\n|rule|Endless Battle Clause: Forcing endless battles is banned\n|rule|HP Percentage Mod: HP is shown in percentages\n|clearpoke\n|poke|p1|Garganacl, F|\n|poke|p1|Tinkaton, F|\n|poke|p1|Lokix, F|\n|poke|p1|Quaquaval, F|\n|poke|p1|Arboliva, F|\n|poke|p1|Ceruledge, F|\n|poke|p2|Garganacl, M|\n|poke|p2|Amoonguss, M|\n|poke|p2|Chandelure, F|\n|poke|p2|Orthworm, F|\n|poke|p2|Vikavolt, F|\n|poke|p2|Iron Bundle|\n|teampreview\n|\n|t:|1701043027\n|start\n|switch|p1a: Tinkaton|Tinkaton, F, shiny|100\/100\n|switch|p1b: Golemcita|Garganacl, F, shiny|100\/100\n|switch|p2a: Vikavolt|Vikavolt, F|100\/100\n|switch|p2b: Orthworm|Orthworm, F|100\/100\n|turn|1\n|inactive|Battle timer is ON: inactive players will automatically lose when time's up. (requested by Martin80)\n|\n|t:|1701043037\n|move|p1a: Tinkaton|Fake Out|p2b: Orthworm\n|-resisted|p2b: Orthworm\n|-damage|p2b: Orthworm|97\/100\n|cant|p2b: Orthworm|flinch\n|move|p1b: Golemcita|Iron Defense|p1b: Golemcita\n|-boost|p1b: Golemcita|def|2\n|move|p2a: Vikavolt|Sticky Web|p1b: Golemcita\n|-sidestart|p1: Martin80|move: Sticky Web\n|\n|-heal|p2b: Orthworm|100\/100|[from] item: Leftovers\n|upkeep\n|turn|2\n|\n|t:|1701043051\n|move|p1a: Tinkaton|Helping Hand|p1b: Golemcita\n|-singleturn|p1b: Golemcita|Helping Hand|[of] p1a: Tinkaton\n|move|p2b: Orthworm|Coil|p2b: Orthworm\n|-boost|p2b: Orthworm|atk|1\n|-boost|p2b: Orthworm|def|1\n|-boost|p2b: Orthworm|accuracy|1\n|move|p1b: Golemcita|Body Press|p2b: Orthworm\n|-supereffective|p2b: Orthworm\n|-crit|p2b: Orthworm\n|-damage|p2b: Orthworm|0 fnt\n|faint|p2b: Orthworm\n|move|p2a: Vikavolt|Thunder Wave|p1a: Tinkaton\n|-status|p1a: Tinkaton|par\n|\n|upkeep\n|\n|t:|1701043065\n|switch|p2b: Amoonguss|Amoonguss, M|100\/100\n|turn|3\n|\n|t:|1701043074\n|move|p1a: Tinkaton|Helping Hand|p1b: Golemcita\n|-singleturn|p1b: Golemcita|Helping Hand|[of] p1a: Tinkaton\n|move|p1b: Golemcita|Salt Cure|p2a: Vikavolt\n|-supereffective|p2a: Vikavolt\n|-damage|p2a: Vikavolt|70\/100\n|-start|p2a: Vikavolt|Salt Cure\n|move|p2a: Vikavolt|Volt Switch|p1b: Golemcita\n|-damage|p1b: Golemcita|75\/100\n|\n|t:|1701043086\n|switch|p2a: Iron Bundle|Iron Bundle|100\/100|[from] Volt Switch\n|move|p2b: Amoonguss|Clear Smog|p1b: Golemcita\n|-resisted|p1b: Golemcita\n|-damage|p1b: Golemcita|69\/100\n|-clearboost|p1b: Golemcita\n|\n|-heal|p1b: Golemcita|75\/100|[from] item: Leftovers\n|upkeep\n|turn|4\n|\n|t:|1701043104\n|switch|p1b: Ceruledge|Ceruledge, F, shiny|100\/100\n|-activate|p1b: Ceruledge|move: Sticky Web\n|-unboost|p1b: Ceruledge|spe|1\n|move|p2b: Amoonguss|Rage Powder|p2b: Amoonguss\n|-singleturn|p2b: Amoonguss|move: Rage Powder\n|move|p2a: Iron Bundle|Hydro Pump|p1b: Ceruledge\n|-supereffective|p1b: Ceruledge\n|-damage|p1b: Ceruledge|0 fnt\n|faint|p1b: Ceruledge\n|move|p1a: Tinkaton|Gigaton Hammer|p2b: Amoonguss\n|-damage|p2b: Amoonguss|45\/100\n|\n|-heal|p2b: Amoonguss|52\/100|[from] item: Leftovers\n|upkeep\n|\n|t:|1701043118\n|switch|p1b: Jolyne|Quaquaval, F, shiny|100\/100\n|turn|5\n|\n|t:|1701043133\n|-terastallize|p1b: Jolyne|Steel\n|move|p1a: Tinkaton|Helping Hand|p1b: Jolyne\n|-singleturn|p1b: Jolyne|Helping Hand|[of] p1a: Tinkaton\n|move|p2a: Iron Bundle|Hydro Pump|p1a: Tinkaton|[miss]\n|-miss|p2a: Iron Bundle|p1a: Tinkaton\n|move|p1b: Jolyne|Rapid Spin|p2a: Iron Bundle\n|-damage|p2a: Iron Bundle|70\/100\n|-boost|p1b: Jolyne|spe|1\n|-sideend|p1: Martin80|Sticky Web|[from] move: Rapid Spin|[of] p1b: Jolyne\n|move|p2b: Amoonguss|Spore|p1b: Jolyne\n|-status|p1b: Jolyne|slp|[from] move: Spore\n|\n|-heal|p2b: Amoonguss|58\/100|[from] item: Leftovers\n|upkeep\n|turn|6\n|\n|t:|1701043151\n|cant|p1b: Jolyne|slp\n|move|p2a: Iron Bundle|Hydro Pump|p1b: Jolyne|[miss]\n|-miss|p2a: Iron Bundle|p1b: Jolyne\n|cant|p1a: Tinkaton|par\n|move|p2b: Amoonguss|Pollen Puff|p2a: Iron Bundle\n|-heal|p2a: Iron Bundle|100\/100\n|\n|-heal|p2b: Amoonguss|64\/100|[from] item: Leftovers\n|upkeep\n|turn|7\n|\n|t:|1701043168\n|move|p2b: Amoonguss|Rage Powder|p2b: Amoonguss\n|-singleturn|p2b: Amoonguss|move: Rage Powder\n|-curestatus|p1b: Jolyne|slp|[msg]\n|move|p1b: Jolyne|Close Combat|p2b: Amoonguss\n|-resisted|p2b: Amoonguss\n|-damage|p2b: Amoonguss|32\/100\n|-unboost|p1b: Jolyne|def|1\n|-unboost|p1b: Jolyne|spd|1\n|move|p2a: Iron Bundle|Hydro Pump|p1b: Jolyne\n|-damage|p1b: Jolyne|0 fnt\n|faint|p1b: Jolyne\n|move|p1a: Tinkaton|Gigaton Hammer|p2b: Amoonguss\n|-damage|p2b: Amoonguss|0 fnt\n|faint|p2b: Amoonguss\n|\n|upkeep\n|c|\u2606Martin80|!dt rage powder\n|raw|<ul class=\"utilichart\"><li class=\"result\"><span class=\"col movenamecol\"><a href=\"https:\/\/dex.pokemonshowdown.com\/moves\/ragepowder\">Rage Powder<\/a><\/span> <span class=\"col typecol\"><img src=\"\/\/play.pokemonshowdown.com\/sprites\/types\/Bug.png\" alt=\"Bug\" width=\"32\" height=\"14\"><img src=\"\/\/play.pokemonshowdown.com\/sprites\/categories\/Status.png\" alt=\"Status\" width=\"32\" height=\"14\"><\/span> <span class=\"col widelabelcol\"><em>Accuracy<\/em><br>\u2014<\/span> <span class=\"col pplabelcol\"><em>PP<\/em><br>32<\/span> <span class=\"col movedesccol\">The foes' moves target the user on the turn used.<\/span> <\/li><li style=\"clear:both\"><\/li><\/ul>\n|raw|<font size=\"1\"><font color=\"#686868\">Priority:<\/font> 2&nbsp;|&ThickSpace;<font color=\"#686868\">Gen:<\/font> 5&nbsp;|&ThickSpace;&#10003; Powder&nbsp;|&ThickSpace;<font color=\"#686868\">Z-Effect:<\/font> Restores negative stat stages to 0&nbsp;|&ThickSpace;<font color=\"#686868\">Target:<\/font> User<\/font>\n\n|inactive|Martin80 has 120 seconds left.\n|\n|t:|1701043198\n|switch|p1b: Bichota|Lokix, F, shiny|100\/100\n|switch|p2b: Vikavolt|Vikavolt, F|70\/100\n|turn|8\n|\n|t:|1701043209\n|move|p1a: Tinkaton|Helping Hand|p1b: Bichota\n|-singleturn|p1b: Bichota|Helping Hand|[of] p1a: Tinkaton\n|move|p1b: Bichota|First Impression|p2b: Vikavolt\n|-crit|p2b: Vikavolt\n|-damage|p2b: Vikavolt|0 fnt\n|faint|p2b: Vikavolt\n|move|p2a: Iron Bundle|Hydro Pump|p1a: Tinkaton|[miss]\n|-miss|p2a: Iron Bundle|p1a: Tinkaton\n|\n|upkeep\n|\n|t:|1701043214\n|switch|p2b: Chandelure|Chandelure, F|100\/100\n|turn|9\n|-message|Martin80 forfeited.\n|\n|win|ButterDeButtery\n|raw|Martin80's rating: 1163 &rarr; <strong>1137<\/strong><br \/>(-26 for losing)\n|raw|ButterDeButtery's rating: 1156 &rarr; <strong>1182<\/strong><br \/>(+26 for winning)\n|l|\u2606Martin80\n","uploadtime":1701043230,"views":5,"p1id":"martin80","p2id":"butterdebuttery","formatid":"gen9doublesou","rating":1137,"private":0,"password":""}