{"id":"gen9doublesou-1987777873","p1":"Jhoan-brayhan","p2":"Danie2294","format":"[Gen 9] Doubles OU","log":"|j|\u2606Jhoan-brayhan\n|j|\u2606Danie2294\n|t:|1699636002\n|gametype|doubles\n|player|p1|Jhoan-brayhan|unknown|1260\n|player|p2|Danie2294|marlon|1233\n|teamsize|p1|6\n|teamsize|p2|6\n|gen|9\n|tier|[Gen 9] Doubles OU\n|rated|\n|rule|Species Clause: Limit one of each Pok\u00e9mon\n|rule|OHKO Clause: OHKO moves are banned\n|rule|Evasion Moves Clause: Evasion moves are banned\n|rule|Gravity Sleep Clause: The combination of sleep-inducing moves with imperfect accuracy and Gravity or Gigantamax Orbeetle are banned\n|rule|Endless Battle Clause: Forcing endless battles is banned\n|rule|HP Percentage Mod: HP is shown in percentages\n|clearpoke\n|poke|p1|Munkidori, M|\n|poke|p1|Fezandipiti, M|\n|poke|p1|Okidogi, M|\n|poke|p1|Toxapex, F|\n|poke|p1|Glimmora, F|\n|poke|p1|Salazzle, F|\n|poke|p2|Golem-Alola, M|\n|poke|p2|Regieleki|\n|poke|p2|Iron Thorns|\n|poke|p2|Pincurchin, M|\n|poke|p2|Iron Moth|\n|poke|p2|Pawmot, M|\n|teampreview\n|inactive|Battle timer is ON: inactive players will automatically lose when time's up. (requested by Danie2294)\n|\n|t:|1699636011\n|start\n|switch|p1a: Fake Flower|Glimmora, F|100\/100\n|switch|p1b: Your Grandpa|Munkidori, M|100\/100\n|switch|p2a: Golem|Golem-Alola, M|100\/100\n|switch|p2b: Pincurchin|Pincurchin, M|100\/100\n|-fieldstart|move: Electric Terrain|[from] ability: Electric Surge|[of] p2b: Pincurchin\n|turn|1\n|\n|t:|1699636020\n|move|p2a: Golem|Protect|p2a: Golem\n|-singleturn|p2a: Golem|Protect\n|move|p1b: Your Grandpa|Fake Out|p2a: Golem\n|-activate|p2a: Golem|move: Protect\n|move|p1a: Fake Flower|Reflect|p1a: Fake Flower\n|-sidestart|p1: Jhoan-brayhan|Reflect\n|move|p2b: Pincurchin|Spikes|p1b: Your Grandpa\n|-sidestart|p1: Jhoan-brayhan|Spikes\n|\n|upkeep\n|turn|2\n|\n|t:|1699636042\n|move|p1b: Your Grandpa|U-turn|p2b: Pincurchin\n|-damage|p2b: Pincurchin|89\/100\n|\n|t:|1699636049\n|switch|p1b: Green Incineroar|Okidogi, M|100\/100|[from] U-turn\n|-damage|p1b: Green Incineroar|88\/100|[from] Spikes\n|move|p1a: Fake Flower|Light Screen|p1a: Fake Flower\n|-sidestart|p1: Jhoan-brayhan|move: Light Screen\n|move|p2a: Golem|Stealth Rock|p1b: Green Incineroar\n|-sidestart|p1: Jhoan-brayhan|move: Stealth Rock\n|move|p2b: Pincurchin|Scald|p1a: Fake Flower\n|-supereffective|p1a: Fake Flower\n|-damage|p1a: Fake Flower|68\/100\n|\n|upkeep\n|turn|3\n|\n|t:|1699636069\n|move|p2a: Golem|Protect|p2a: Golem\n|-singleturn|p2a: Golem|Protect\n|move|p1a: Fake Flower|Power Gem|p2b: Pincurchin\n|-damage|p2b: Pincurchin|35\/100\n|move|p1b: Green Incineroar|Knock Off|p2b: Pincurchin\n|-damage|p2b: Pincurchin|10\/100\n|-enditem|p2b: Pincurchin|Terrain Extender|[from] move: Knock Off|[of] p1b: Green Incineroar\n|move|p2b: Pincurchin|Spikes|p1a: Fake Flower\n|-sidestart|p1: Jhoan-brayhan|Spikes\n|\n|upkeep\n|turn|4\n|\n|t:|1699636088\n|move|p1a: Fake Flower|Mortal Spin|p2a: Golem|[spread] p2a,p2b\n|-resisted|p2a: Golem\n|-damage|p2a: Golem|99\/100\n|-damage|p2b: Pincurchin|6\/100\n|-status|p2a: Golem|psn\n|-status|p2b: Pincurchin|psn\n|-sideend|p1: Jhoan-brayhan|Spikes|[from] move: Mortal Spin|[of] p1a: Fake Flower\n|-sideend|p1: Jhoan-brayhan|Stealth Rock|[from] move: Mortal Spin|[of] p1a: Fake Flower\n|move|p1b: Green Incineroar|Bulk Up|p1b: Green Incineroar\n|-boost|p1b: Green Incineroar|atk|1\n|-boost|p1b: Green Incineroar|def|1\n|move|p2a: Golem|Double-Edge|p1b: Green Incineroar\n|-damage|p1b: Green Incineroar|56\/100\n|-damage|p2a: Golem|90\/100 psn|[from] Recoil\n|move|p2b: Pincurchin|Memento|p1b: Green Incineroar\n|-unboost|p1b: Green Incineroar|atk|2\n|-unboost|p1b: Green Incineroar|spa|2\n|faint|p2b: Pincurchin\n|\n|-damage|p2a: Golem|78\/100 psn|[from] psn\n|upkeep\n|\n|t:|1699636109\n|switch|p2b: Regieleki|Regieleki|100\/100\n|turn|5\n|\n|t:|1699636117\n|move|p2b: Regieleki|Volt Switch|p1a: Fake Flower\n|-damage|p1a: Fake Flower|25\/100\n|-damage|p2b: Regieleki|91\/100|[from] item: Life Orb\n|\n|t:|1699636121\n|switch|p2b: Pawmot|Pawmot, M|100\/100|[from] Volt Switch\n|move|p1a: Fake Flower|Power Gem|p2b: Pawmot\n|-resisted|p2b: Pawmot\n|-damage|p2b: Pawmot|64\/100\n|move|p1b: Green Incineroar|Drain Punch|p2a: Golem\n|-supereffective|p2a: Golem\n|-damage|p2a: Golem|53\/100 psn\n|-heal|p1b: Green Incineroar|71\/100|[from] drain|[of] p2a: Golem\n|move|p2a: Golem|Explosion|p1a: Fake Flower|[spread] p1a,p1b\n|-heal|p2b: Pawmot|89\/100|[from] ability: Volt Absorb|[of] p2a: Golem\n|-damage|p1a: Fake Flower|0 fnt\n|-damage|p1b: Green Incineroar|17\/100\n|-activate|p1a: Fake Flower|ability: Toxic Debris\n|-sidestart|p2: Danie2294|move: Toxic Spikes\n|faint|p2a: Golem\n|faint|p1a: Fake Flower\n|\n|upkeep\n|\n|t:|1699636139\n|switch|p1a: Your Grandpa|Munkidori, M|100\/100\n|switch|p2a: Regieleki|Regieleki|91\/100\n|-status|p2a: Regieleki|psn\n|turn|6\n|\n|t:|1699636160\n|move|p1a: Your Grandpa|Fake Out|p2b: Pawmot\n|-damage|p2b: Pawmot|77\/100\n|move|p2a: Regieleki|Rapid Spin|p1b: Green Incineroar\n|-damage|p1b: Green Incineroar|10\/100\n|-boost|p2a: Regieleki|spe|1\n|-sideend|p2: Danie2294|Toxic Spikes|[from] move: Rapid Spin|[of] p2a: Regieleki\n|-damage|p2a: Regieleki|81\/100 psn|[from] item: Life Orb\n|cant|p2b: Pawmot|flinch\n|move|p1b: Green Incineroar|Knock Off|p2a: Regieleki\n|-damage|p2a: Regieleki|50\/100 psn\n|-enditem|p2a: Regieleki|Life Orb|[from] move: Knock Off|[of] p1b: Green Incineroar\n|\n|-damage|p2a: Regieleki|37\/100 psn|[from] psn\n|upkeep\n|turn|7\n|inactive|Danie2294 has 120 seconds left.\n|\n|t:|1699636190\n|move|p2a: Regieleki|Thunder Wave|p1a: Your Grandpa\n|-status|p1a: Your Grandpa|par\n|move|p2b: Pawmot|Nuzzle|p1b: Green Incineroar\n|-damage|p1b: Green Incineroar|4\/100\n|-status|p1b: Green Incineroar|par\n|cant|p1a: Your Grandpa|par\n|move|p1b: Green Incineroar|Drain Punch|p2a: Regieleki\n|-damage|p2a: Regieleki|0 fnt\n|-heal|p1b: Green Incineroar|25\/100 par|[from] drain|[of] p2a: Regieleki\n|faint|p2a: Regieleki\n|\n|upkeep\n|inactive|Danie2294 has 120 seconds left.\n|\n|t:|1699636206\n|switch|p2a: Iron Thorns|Iron Thorns|100\/100\n|-activate|p2a: Iron Thorns|ability: Quark Drive\n|-start|p2a: Iron Thorns|quarkdriveatk\n|turn|8\n|inactive|Danie2294 has 120 seconds left.\n|\n|t:|1699636239\n|-terastallize|p2a: Iron Thorns|Bug\n|move|p2b: Pawmot|Double Shock|p1a: Your Grandpa\n|-damage|p1a: Your Grandpa|18\/100 par\n|-start|p2b: Pawmot|typechange|???\/Fighting|[from] move: Double Shock\n|move|p2a: Iron Thorns|Dragon Dance|p2a: Iron Thorns\n|-boost|p2a: Iron Thorns|atk|1\n|-boost|p2a: Iron Thorns|spe|1\n|cant|p1a: Your Grandpa|par\n|move|p1b: Green Incineroar|Drain Punch|p2a: Iron Thorns\n|-resisted|p2a: Iron Thorns\n|-damage|p2a: Iron Thorns|90\/100\n|-heal|p1b: Green Incineroar|31\/100 par|[from] drain|[of] p2a: Iron Thorns\n|\n|-sideend|p1: Jhoan-brayhan|Reflect\n|-fieldend|move: Electric Terrain\n|-end|p2a: Iron Thorns|Quark Drive\n|upkeep\n|turn|9\n|inactive|Danie2294 has 120 seconds left.\n|\n|t:|1699636274\n|switch|p1a: Toxic Femme Fatale|Salazzle, F|100\/100\n|move|p2a: Iron Thorns|Pin Missile|p1a: Toxic Femme Fatale\n|-resisted|p1a: Toxic Femme Fatale\n|-damage|p1a: Toxic Femme Fatale|91\/100\n|-resisted|p1a: Toxic Femme Fatale\n|-damage|p1a: Toxic Femme Fatale|81\/100\n|-resisted|p1a: Toxic Femme Fatale\n|-damage|p1a: Toxic Femme Fatale|70\/100\n|-resisted|p1a: Toxic Femme Fatale\n|-damage|p1a: Toxic Femme Fatale|59\/100\n|-hitcount|p1a: Toxic Femme Fatale|4\n|move|p2b: Pawmot|Revival Blessing|p2b: Pawmot\n|-enditem|p2b: Pawmot|Leppa Berry|[eat]\n|-activate|p2b: Pawmot|item: Leppa Berry|Revival Blessing|[consumed]\n|\n|t:|1699636285\n|-heal|p2: Regieleki|50\/100|[from] move: Revival Blessing\n|move|p1b: Green Incineroar|Knock Off|p2a: Iron Thorns\n|-damage|p2a: Iron Thorns|74\/100\n|-enditem|p2a: Iron Thorns|Loaded Dice|[from] move: Knock Off|[of] p1b: Green Incineroar\n|\n|-heal|p1a: Toxic Femme Fatale|65\/100|[from] item: Leftovers\n|-sideend|p1: Jhoan-brayhan|move: Light Screen\n|upkeep\n|turn|10\n|\n|t:|1699636299\n|switch|p2b: Regieleki|Regieleki|50\/100\n|move|p1a: Toxic Femme Fatale|Protect|p1a: Toxic Femme Fatale\n|-singleturn|p1a: Toxic Femme Fatale|Protect\n|move|p2a: Iron Thorns|Rock Blast|p1a: Toxic Femme Fatale\n|-activate|p1a: Toxic Femme Fatale|move: Protect\n|move|p1b: Green Incineroar|Drain Punch|p2b: Regieleki\n|-damage|p2b: Regieleki|14\/100\n|-heal|p1b: Green Incineroar|52\/100 par|[from] drain|[of] p2b: Regieleki\n|\n|-heal|p1a: Toxic Femme Fatale|71\/100|[from] item: Leftovers\n|upkeep\n|turn|11\n|inactive|Danie2294 has 120 seconds left.\n|\n|t:|1699636320\n|switch|p1a: Trap-andipiti|Fezandipiti, M|100\/100\n|move|p2b: Regieleki|Volt Switch|p1a: Trap-andipiti\n|-damage|p1a: Trap-andipiti|78\/100\n|\n|t:|1699636328\n|switch|p2b: Pawmot|Pawmot, M|77\/100|[from] Volt Switch\n|move|p2a: Iron Thorns|Rock Blast|p1b: Green Incineroar\n|-resisted|p1b: Green Incineroar\n|-damage|p1b: Green Incineroar|45\/100 par\n|-resisted|p1b: Green Incineroar\n|-damage|p1b: Green Incineroar|38\/100 par\n|-hitcount|p1b: Green Incineroar|2\n|cant|p1b: Green Incineroar|par\n|\n|upkeep\n|turn|12\n|inactive|Danie2294 has 120 seconds left.\n|\n|t:|1699636356\n|move|p2a: Iron Thorns|Dragon Dance|p2a: Iron Thorns\n|-boost|p2a: Iron Thorns|atk|1\n|-boost|p2a: Iron Thorns|spe|1\n|move|p2b: Pawmot|Double Shock|p1b: Green Incineroar\n|-damage|p1b: Green Incineroar|0 fnt\n|-start|p2b: Pawmot|typechange|???\/Fighting|[from] move: Double Shock\n|faint|p1b: Green Incineroar\n|move|p1a: Trap-andipiti|Icy Wind|p2b: Pawmot|[spread] p2a,p2b\n|-damage|p2a: Iron Thorns|66\/100\n|-damage|p2b: Pawmot|63\/100\n|-unboost|p2a: Iron Thorns|spe|1\n|-unboost|p2b: Pawmot|spe|1\n|\n|upkeep\n|\n|t:|1699636360\n|switch|p1b: Your Grandpa|Munkidori, M|18\/100 par\n|turn|13\n|\n|t:|1699636377\n|switch|p2b: Regieleki|Regieleki|14\/100\n|move|p2a: Iron Thorns|Protect|p2a: Iron Thorns\n|-singleturn|p2a: Iron Thorns|Protect\n|move|p1b: Your Grandpa|Fake Out|p2a: Iron Thorns\n|-activate|p2a: Iron Thorns|move: Protect\n|move|p1a: Trap-andipiti|Icy Wind|p2a: Iron Thorns|[spread] p2b\n|-activate|p2a: Iron Thorns|move: Protect\n|-damage|p2b: Regieleki|2\/100\n|-unboost|p2b: Regieleki|spe|1\n|\n|upkeep\n|turn|14\n|\n|t:|1699636399\n|move|p2b: Regieleki|Volt Switch|p1b: Your Grandpa\n|-damage|p1b: Your Grandpa|0 fnt\n|faint|p1b: Your Grandpa\n|\n|t:|1699636405\n|switch|p2b: Iron Moth|Iron Moth|100\/100|[from] Volt Switch\n|-item|p2b: Iron Moth|Air Balloon\n|move|p2a: Iron Thorns|Rock Blast|p1a: Trap-andipiti\n|-damage|p1a: Trap-andipiti|56\/100\n|-damage|p1a: Trap-andipiti|33\/100\n|-damage|p1a: Trap-andipiti|10\/100\n|-hitcount|p1a: Trap-andipiti|3\n|move|p1a: Trap-andipiti|Icy Wind|p2a: Iron Thorns|[spread] p2a,p2b\n|-resisted|p2b: Iron Moth\n|-damage|p2a: Iron Thorns|58\/100\n|-damage|p2b: Iron Moth|97\/100\n|-unboost|p2a: Iron Thorns|spe|1\n|-unboost|p2b: Iron Moth|spe|1\n|-status|p2a: Iron Thorns|tox|[from] ability: Toxic Chain|[of] p1a: Trap-andipiti\n|-enditem|p2b: Iron Moth|Air Balloon\n|\n|-damage|p2a: Iron Thorns|52\/100 tox|[from] psn\n|upkeep\n|\n|t:|1699636409\n|switch|p1b: Toxic Femme Fatale|Salazzle, F|71\/100\n|turn|15\n|\n|t:|1699636424\n|move|p1b: Toxic Femme Fatale|Flamethrower|p2a: Iron Thorns\n|-supereffective|p2a: Iron Thorns\n|-damage|p2a: Iron Thorns|0 fnt\n|faint|p2a: Iron Thorns\n|-end|p2a: Iron Thorns|Quark Drive|[silent]\n|move|p1a: Trap-andipiti|Roost|p1a: Trap-andipiti\n|-heal|p1a: Trap-andipiti|60\/100\n|-singleturn|p1a: Trap-andipiti|move: Roost\n|move|p2b: Iron Moth|Fiery Dance|p1a: Trap-andipiti\n|-damage|p1a: Trap-andipiti|30\/100\n|-boost|p2b: Iron Moth|spa|1\n|\n|-heal|p1b: Toxic Femme Fatale|77\/100|[from] item: Leftovers\n|upkeep\n|\n|t:|1699636436\n|switch|p2a: Regieleki|Regieleki|2\/100\n|turn|16\n|\n|t:|1699636456\n|move|p2a: Regieleki|Thunder Wave|p1b: Toxic Femme Fatale\n|-status|p1b: Toxic Femme Fatale|par\n|move|p1a: Trap-andipiti|Icy Wind|p2b: Iron Moth|[spread] p2a,p2b\n|-resisted|p2b: Iron Moth\n|-damage|p2a: Regieleki|0 fnt\n|-damage|p2b: Iron Moth|94\/100\n|-unboost|p2b: Iron Moth|spe|1\n|faint|p2a: Regieleki\n|move|p1b: Toxic Femme Fatale|Toxic|p2b: Iron Moth\n|-status|p2b: Iron Moth|tox\n|move|p2b: Iron Moth|Sludge Wave|p1a: Trap-andipiti|[spread] p1a,p1b\n|-resisted|p1b: Toxic Femme Fatale\n|-damage|p1a: Trap-andipiti|0 fnt\n|-damage|p1b: Toxic Femme Fatale|20\/100 par\n|faint|p1a: Trap-andipiti\n|\n|-heal|p1b: Toxic Femme Fatale|26\/100 par|[from] item: Leftovers\n|-damage|p2b: Iron Moth|88\/100 tox|[from] psn\n|upkeep\n|\n|t:|1699636469\n|switch|p2a: Pawmot|Pawmot, M|63\/100\n|switch|p1a: Don't touch me|Toxapex, F|100\/100\n|turn|17\n|inactive|Danie2294 has 120 seconds left.\n|\n|t:|1699636502\n|move|p1b: Toxic Femme Fatale|Protect|p1b: Toxic Femme Fatale\n|-singleturn|p1b: Toxic Femme Fatale|Protect\n|move|p2a: Pawmot|Revival Blessing|p2a: Pawmot\n|inactive|Danie2294 has 120 seconds left.\n|\n|t:|1699636511\n|-heal|p2: Golem|50\/100|[from] move: Revival Blessing\n|move|p2b: Iron Moth|Fiery Dance|p1b: Toxic Femme Fatale\n|-activate|p1b: Toxic Femme Fatale|move: Protect\n|move|p1a: Don't touch me|Hex|p2b: Iron Moth\n|-crit|p2b: Iron Moth\n|-damage|p2b: Iron Moth|59\/100 tox\n|\n|-heal|p1b: Toxic Femme Fatale|33\/100 par|[from] item: Leftovers\n|-damage|p2b: Iron Moth|47\/100 tox|[from] psn\n|upkeep\n|turn|18\n|\n|t:|1699636524\n|move|p2a: Pawmot|Double Shock|p1a: Don't touch me\n|-supereffective|p1a: Don't touch me\n|-damage|p1a: Don't touch me|17\/100\n|-start|p2a: Pawmot|typechange|???\/Fighting|[from] move: Double Shock\n|move|p1b: Toxic Femme Fatale|Toxic|p2a: Pawmot\n|-status|p2a: Pawmot|tox\n|move|p2b: Iron Moth|Sludge Wave|p1a: Don't touch me|[spread] p2a,p1a,p1b\n|-resisted|p1a: Don't touch me\n|-resisted|p1b: Toxic Femme Fatale\n|-damage|p2a: Pawmot|0 fnt\n|-damage|p1a: Don't touch me|0 fnt\n|-damage|p1b: Toxic Femme Fatale|0 fnt\n|faint|p2a: Pawmot\n|faint|p1a: Don't touch me\n|faint|p1b: Toxic Femme Fatale\n|\n|win|Danie2294\n|raw|Jhoan-brayhan's rating: 1260 &rarr; <strong>1233<\/strong><br \/>(-27 for losing)\n|raw|Danie2294's rating: 1233 &rarr; <strong>1260<\/strong><br \/>(+27 for winning)\n|c|\u2606Jhoan-brayhan|gg\n|l|\u2606Jhoan-brayhan\n","uploadtime":1699636542,"views":6,"p1id":"jhoanbrayhan","p2id":"danie2294","formatid":"gen9doublesou","rating":1233,"private":0,"password":""}