{"id":"gen9doublesou-1975114724","p1":"Mbozzo11","p2":"Rungy","format":"[Gen 9] Doubles OU","log":"|j|\u2606Mbozzo11\n|j|\u2606Rungy\n|t:|1698163021\n|gametype|doubles\n|player|p1|Mbozzo11|lucas|1058\n|player|p2|Rungy|gambler|1129\n|teamsize|p1|6\n|teamsize|p2|6\n|gen|9\n|tier|[Gen 9] Doubles OU\n|rated|\n|rule|Species Clause: Limit one of each Pok\u00e9mon\n|rule|OHKO Clause: OHKO moves are banned\n|rule|Evasion Moves Clause: Evasion moves are banned\n|rule|Gravity Sleep Clause: The combination of sleep-inducing moves with imperfect accuracy and Gravity or Gigantamax Orbeetle are banned\n|rule|Endless Battle Clause: Forcing endless battles is banned\n|rule|HP Percentage Mod: HP is shown in percentages\n|clearpoke\n|poke|p1|Ambipom, F|\n|poke|p1|Furret, F|\n|poke|p1|Gholdengo|\n|poke|p1|Amoonguss, F|\n|poke|p1|Talonflame, M|\n|poke|p1|Landorus-Therian, M|\n|poke|p2|Weezing-Galar, F|\n|poke|p2|Pelipper, F|\n|poke|p2|Poliwrath, F|\n|poke|p2|Farigiraf, M|\n|poke|p2|Ogerpon-Wellspring, F|\n|poke|p2|Sinistcha|\n|teampreview\n|c|\u2606Rungy|glhf!\n|l|\u2606Mbozzo11\n|player|p1|\n|inactive|Battle timer is ON: inactive players will automatically lose when time's up. (requested by Rungy)\n|j|\u2606Mbozzo11\n|inactive|Mbozzo11 reconnected and has 140 seconds left.\n|player|p1|Mbozzo11|lucas\n|\n|t:|1698163046\n|start\n|switch|p1a: Furret|Furret, F|100\/100\n|switch|p1b: Ambipom|Ambipom, F|100\/100\n|switch|p2a: Asthma|Weezing-Galar, F|100\/100\n|switch|p2b: LIPS INC.|Pelipper, F|100\/100\n|-item|p2a: Asthma|Terrain Extender|[from] ability: Frisk|[of] p1a: Furret|[identify]\n|-item|p2b: LIPS INC.|Damp Rock|[from] ability: Frisk|[of] p1a: Furret|[identify]\n|-weather|RainDance|[from] ability: Drizzle|[of] p2b: LIPS INC.\n|-fieldstart|move: Misty Terrain|[from] ability: Misty Surge|[of] p2a: Asthma\n|turn|1\n|inactiveoff|Battle timer is now OFF.\n|\n|t:|1698163073\n|switch|p2a: Mr. Rothschild|Farigiraf, M|100\/100\n|move|p1b: Ambipom|Fake Out||[still]\n|cant|p2a: Mr. Rothschild|ability: Armor Tail|Fake Out|[of] p1b: Ambipom\n|move|p1a: Furret|Tidy Up|p1a: Furret\n|-boost|p1a: Furret|atk|1\n|-boost|p1a: Furret|spe|1\n|move|p2b: LIPS INC.|Tailwind|p2b: LIPS INC.\n|-sidestart|p2: Rungy|move: Tailwind\n|\n|-weather|RainDance|[upkeep]\n|upkeep\n|turn|2\n|\n|t:|1698163095\n|move|p1a: Furret|Knock Off|p2a: Mr. Rothschild\n|-supereffective|p2a: Mr. Rothschild\n|-damage|p2a: Mr. Rothschild|35\/100\n|-enditem|p2a: Mr. Rothschild|Throat Spray|[from] move: Knock Off|[of] p1a: Furret\n|move|p2a: Mr. Rothschild|Hyper Voice|p1a: Furret|[spread] p1a,p1b\n|-damage|p1a: Furret|46\/100\n|-damage|p1b: Ambipom|40\/100\n|move|p1b: Ambipom|Double Hit|p2b: LIPS INC.\n|-damage|p2b: LIPS INC.|70\/100\n|-damage|p2b: LIPS INC.|40\/100\n|-hitcount|p2b: LIPS INC.|2\n|move|p2b: LIPS INC.|Hurricane|p1a: Furret\n|-crit|p1a: Furret\n|-damage|p1a: Furret|0 fnt\n|faint|p1a: Furret\n|\n|-weather|RainDance|[upkeep]\n|upkeep\n|\n|t:|1698163113\n|switch|p1a: Gholdengo|Gholdengo|100\/100\n|turn|3\n|\n|t:|1698163125\n|switch|p2a: WooOOoo|Poliwrath, F|100\/100\n|move|p1b: Ambipom|Knock Off|p2a: WooOOoo\n|-resisted|p2a: WooOOoo\n|-damage|p2a: WooOOoo|84\/100\n|-enditem|p2a: WooOOoo|Expert Belt|[from] move: Knock Off|[of] p1b: Ambipom\n|move|p2b: LIPS INC.|Water Pulse|p1b: Ambipom\n|-damage|p1b: Ambipom|0 fnt\n|faint|p1b: Ambipom\n|move|p1a: Gholdengo|Nasty Plot|p1a: Gholdengo\n|-boost|p1a: Gholdengo|spa|2\n|\n|-weather|RainDance|[upkeep]\n|upkeep\n|\n|t:|1698163139\n|switch|p1b: Amoonguss|Amoonguss, F|100\/100\n|turn|4\n|\n|t:|1698163147\n|move|p2a: WooOOoo|High Horsepower|p1a: Gholdengo\n|-supereffective|p1a: Gholdengo\n|-damage|p1a: Gholdengo|33\/100\n|move|p2b: LIPS INC.|Hurricane|p1b: Amoonguss\n|-supereffective|p1b: Amoonguss\n|-damage|p1b: Amoonguss|28\/100\n|move|p1a: Gholdengo|Make It Rain|p2b: LIPS INC.|[spread] p2a,p2b\n|-resisted|p2a: WooOOoo\n|-resisted|p2b: LIPS INC.\n|-damage|p2a: WooOOoo|33\/100\n|-damage|p2b: LIPS INC.|0 fnt\n|-unboost|p1a: Gholdengo|spa|1\n|faint|p2b: LIPS INC.\n|move|p1b: Amoonguss|Substitute|p1b: Amoonguss\n|-start|p1b: Amoonguss|Substitute\n|-damage|p1b: Amoonguss|3\/100\n|\n|-weather|RainDance|[upkeep]\n|-heal|p1a: Gholdengo|39\/100|[from] item: Leftovers\n|-heal|p1b: Amoonguss|9\/100|[from] item: Black Sludge\n|-sideend|p2: Rungy|move: Tailwind\n|upkeep\n|\n|t:|1698163165\n|switch|p2b: Mr. Rothschild|Farigiraf, M|35\/100\n|turn|5\n|\n|t:|1698163173\n|move|p2a: WooOOoo|High Horsepower|p1a: Gholdengo\n|-supereffective|p1a: Gholdengo\n|-damage|p1a: Gholdengo|0 fnt\n|faint|p1a: Gholdengo\n|move|p2b: Mr. Rothschild|Hyper Voice|p1b: Amoonguss\n|-damage|p1b: Amoonguss|0 fnt\n|faint|p1b: Amoonguss\n|\n|-weather|RainDance|[upkeep]\n|upkeep\n|\n|t:|1698163178\n|switch|p1a: Talonflame|Talonflame, M|100\/100\n|switch|p1b: Landorus|Landorus-Therian, M|100\/100\n|-ability|p1b: Landorus|Intimidate|boost\n|-unboost|p2a: WooOOoo|atk|1\n|-unboost|p2b: Mr. Rothschild|atk|1\n|turn|6\n|inactive|Battle timer is ON: inactive players will automatically lose when time's up. (requested by Mbozzo11)\n|\n|t:|1698163206\n|switch|p2a: Kratom|Sinistcha|100\/100\n|-heal|p2b: Mr. Rothschild|60\/100|[from] ability: Hospitality|[of] p2a: Kratom\n|move|p1a: Talonflame|Flame Charge|p2b: Mr. Rothschild\n|-damage|p2b: Mr. Rothschild|49\/100\n|-boost|p1a: Talonflame|spe|1\n|move|p1b: Landorus|Stomping Tantrum|p2a: Kratom\n|-resisted|p2a: Kratom\n|-damage|p2a: Kratom|76\/100\n|move|p2b: Mr. Rothschild|Hyper Voice|p1b: Landorus|[spread] p1a,p1b\n|-damage|p1a: Talonflame|47\/100\n|-damage|p1b: Landorus|72\/100\n|\n|-weather|RainDance|[upkeep]\n|upkeep\n|turn|7\n|\n|t:|1698163229\n|move|p1a: Talonflame|Fly||[still]\n|-prepare|p1a: Talonflame|Fly\n|move|p1b: Landorus|Crunch|p2a: Kratom\n|-supereffective|p2a: Kratom\n|-damage|p2a: Kratom|9\/100\n|move|p2a: Kratom|Scald|p1b: Landorus\n|-supereffective|p1b: Landorus\n|-damage|p1b: Landorus|6\/100\n|move|p2b: Mr. Rothschild|Hyper Voice|p1a: Talonflame|[spread] p1b\n|-miss|p2b: Mr. Rothschild|p1a: Talonflame\n|-damage|p1b: Landorus|0 fnt\n|faint|p1b: Landorus\n|\n|-weather|RainDance|[upkeep]\n|upkeep\n|turn|8\n|-message|Mbozzo11 forfeited.\n|\n|win|Rungy\n|raw|Mbozzo11's rating: 1058 &rarr; <strong>1043<\/strong><br \/>(-15 for losing)\n|raw|Rungy's rating: 1129 &rarr; <strong>1149<\/strong><br \/>(+20 for winning)\n|l|\u2606Mbozzo11\n","uploadtime":1698163250,"views":10,"p1id":"mbozzo11","p2id":"rungy","formatid":"gen9doublesou","rating":1043,"private":0,"password":""}