{"id":"gen9doublesou-1983823978","p1":"paolo.sorrentino","p2":"redpkmntrainer14","format":"[Gen 9] Doubles OU","log":"|j|\u2606paolo.sorrentino\n|j|\u2606redpkmntrainer14\n|t:|1699187683\n|gametype|doubles\n|player|p1|paolo.sorrentino|cameraman|1399\n|player|p2|redpkmntrainer14|guitarist|1483\n|teamsize|p1|6\n|teamsize|p2|6\n|gen|9\n|tier|[Gen 9] Doubles OU\n|rated|\n|rule|Species Clause: Limit one of each Pok\u00e9mon\n|rule|OHKO Clause: OHKO moves are banned\n|rule|Evasion Moves Clause: Evasion moves are banned\n|rule|Gravity Sleep Clause: The combination of sleep-inducing moves with imperfect accuracy and Gravity or Gigantamax Orbeetle are banned\n|rule|Endless Battle Clause: Forcing endless battles is banned\n|rule|HP Percentage Mod: HP is shown in percentages\n|clearpoke\n|poke|p1|Okidogi, M|\n|poke|p1|Ninetales-Alola, F|\n|poke|p1|Heatran, M|\n|poke|p1|Ursaluna-Bloodmoon, M|\n|poke|p1|Grimmsnarl, M|\n|poke|p1|Iron Bundle|\n|poke|p2|Articuno-Galar|\n|poke|p2|Bruxish, F|\n|poke|p2|Scizor, F|\n|poke|p2|Pelipper, M|\n|poke|p2|Chien-Pao|\n|poke|p2|Sneasler, F|\n|teampreview\n|\n|t:|1699187707\n|start\n|switch|p1a: weed|Grimmsnarl, M|100\/100\n|switch|p1b: manate|Okidogi, M|100\/100\n|switch|p2a: kingvamp|Scizor, F, shiny|100\/100\n|switch|p2b: homixide meechie|Sneasler, F|100\/100\n|turn|1\n|\n|t:|1699187728\n|move|p2a: kingvamp|Bullet Punch|p1a: weed\n|-supereffective|p1a: weed\n|-damage|p1a: weed|0 fnt\n|faint|p1a: weed\n|-damage|p2a: kingvamp|91\/100|[from] item: Life Orb\n|move|p2b: homixide meechie|Dire Claw|p1b: manate\n|-resisted|p1b: manate\n|-damage|p1b: manate|71\/100\n|-status|p1b: manate|par\n|-damage|p2b: homixide meechie|91\/100|[from] item: Life Orb\n|move|p1b: manate|Drain Punch|p2a: kingvamp\n|-damage|p2a: kingvamp|52\/100\n|-heal|p1b: manate|88\/100 par|[from] drain|[of] p2a: kingvamp\n|\n|upkeep\n|\n|t:|1699187749\n|switch|p1a: bear idk|Ursaluna-Bloodmoon, M|100\/100\n|turn|2\n|\n|t:|1699187763\n|-terastallize|p2a: kingvamp|Ground\n|move|p2b: homixide meechie|Brick Break|p1a: bear idk\n|-supereffective|p1a: bear idk\n|-damage|p1a: bear idk|17\/100\n|-damage|p2b: homixide meechie|81\/100|[from] item: Life Orb\n|move|p2a: kingvamp|Tera Blast|p1b: manate|[anim] Tera Blast Ground\n|-supereffective|p1b: manate\n|-damage|p1b: manate|0 fnt\n|faint|p1b: manate\n|-damage|p2a: kingvamp|42\/100|[from] item: Life Orb\n|move|p1a: bear idk|Earth Power|p2b: homixide meechie\n|-supereffective|p2b: homixide meechie\n|-damage|p2b: homixide meechie|0 fnt\n|faint|p2b: homixide meechie\n|\n|upkeep\n|\n|t:|1699187796\n|switch|p2b: ripjaws|Bruxish, F, shiny|100\/100\n|switch|p1b: goofy|Iron Bundle|100\/100\n|-enditem|p1b: goofy|Booster Energy\n|-activate|p1b: goofy|ability: Quark Drive|[fromitem]\n|-start|p1b: goofy|quarkdrivespa\n|turn|3\n|\n|t:|1699187806\n|switch|p1a: kinki|Ninetales-Alola, F|100\/100\n|-weather|Snow|[from] ability: Snow Warning|[of] p1a: kinki\n|move|p2b: ripjaws|Aqua Jet|p1a: kinki\n|-damage|p1a: kinki|77\/100\n|-damage|p2b: ripjaws|91\/100|[from] item: Life Orb\n|move|p2a: kingvamp|Bullet Punch|p1b: goofy\n|-damage|p1b: goofy|63\/100\n|-damage|p2a: kingvamp|32\/100|[from] item: Life Orb\n|move|p1b: goofy|Blizzard|p2a: kingvamp|[spread] p2a,p2b\n|-supereffective|p2a: kingvamp\n|-resisted|p2b: ripjaws\n|-crit|p2b: ripjaws\n|-damage|p2a: kingvamp|0 fnt\n|-damage|p2b: ripjaws|18\/100\n|faint|p2a: kingvamp\n|\n|-weather|Snow|[upkeep]\n|-heal|p1a: kinki|83\/100|[from] item: Leftovers\n|upkeep\n|\n|t:|1699187810\n|switch|p2a: bigchill|Pelipper, M, shiny|100\/100\n|-weather|RainDance|[from] ability: Drizzle|[of] p2a: bigchill\n|turn|4\n|\n|t:|1699187839\n|switch|p1a: bear idk|Ursaluna-Bloodmoon, M|17\/100\n|switch|p2a: ken carson|Chien-Pao|100\/100\n|-ability|p2a: ken carson|Sword of Ruin\n|move|p1b: goofy|Freeze-Dry|p2b: ripjaws\n|-supereffective|p2b: ripjaws\n|-damage|p2b: ripjaws|0 fnt\n|faint|p2b: ripjaws\n|\n|-weather|RainDance|[upkeep]\n|upkeep\n|\n|t:|1699187848\n|switch|p2b: jetray|Articuno-Galar|100\/100\n|turn|5\n|\n|t:|1699187866\n|move|p2a: ken carson|Sucker Punch|p1b: goofy\n|-damage|p1b: goofy|0 fnt\n|faint|p1b: goofy\n|-end|p1b: goofy|Quark Drive|[silent]\n|move|p2b: jetray|Hurricane|p1a: bear idk\n|-damage|p1a: bear idk|0 fnt\n|faint|p1a: bear idk\n|-damage|p2b: jetray|91\/100|[from] item: Life Orb\n|\n|-weather|RainDance|[upkeep]\n|upkeep\n|\n|t:|1699187874\n|switch|p1b: pretty hot sausage|Heatran, M|100\/100\n|switch|p1a: kinki|Ninetales-Alola, F|83\/100\n|-weather|Snow|[from] ability: Snow Warning|[of] p1a: kinki\n|turn|6\n|\n|t:|1699187887\n|switch|p2a: bigchill|Pelipper, M, shiny|100\/100\n|-weather|RainDance|[from] ability: Drizzle|[of] p2a: bigchill\n|move|p1a: kinki|Blizzard|p2b: jetray|[spread] p2a\n|-miss|p1a: kinki|p2b: jetray\n|-damage|p2a: bigchill|48\/100\n|move|p2b: jetray|Freezing Glare|p1a: kinki\n|-damage|p1a: kinki|16\/100\n|-damage|p2b: jetray|81\/100|[from] item: Life Orb\n|move|p1b: pretty hot sausage|Heat Wave|p2b: jetray|[spread] p2a\n|-miss|p1b: pretty hot sausage|p2b: jetray\n|-resisted|p2a: bigchill\n|-damage|p2a: bigchill|30\/100\n|\n|-weather|RainDance|[upkeep]\n|-heal|p1a: kinki|22\/100|[from] item: Leftovers\n|upkeep\n|turn|7\n|\n|t:|1699187913\n|move|p1a: kinki|Blizzard|p2b: jetray|[spread] p2a,p2b\n|-supereffective|p2b: jetray\n|-damage|p2a: bigchill|0 fnt\n|-damage|p2b: jetray|18\/100\n|faint|p2a: bigchill\n|move|p2b: jetray|Freezing Glare|p1a: kinki\n|-damage|p1a: kinki|0 fnt\n|faint|p1a: kinki\n|-damage|p2b: jetray|8\/100|[from] item: Life Orb\n|move|p1b: pretty hot sausage|Heat Wave|p2b: jetray\n|-damage|p2b: jetray|0 fnt\n|faint|p2b: jetray\n|\n|-weather|RainDance|[upkeep]\n|upkeep\n|\n|t:|1699187919\n|switch|p2b: ken carson|Chien-Pao|100\/100\n|-ability|p2b: ken carson|Sword of Ruin\n|turn|8\n|\n|t:|1699187937\n|move|p2b: ken carson|Sacred Sword|p1b: pretty hot sausage\n|-supereffective|p1b: pretty hot sausage\n|-damage|p1b: pretty hot sausage|25\/100\n|move|p1b: pretty hot sausage|Will-O-Wisp|p2b: ken carson\n|-status|p2b: ken carson|brn\n|\n|-weather|RainDance|[upkeep]\n|-heal|p1b: pretty hot sausage|31\/100|[from] item: Leftovers\n|-damage|p2b: ken carson|95\/100 brn|[from] brn\n|upkeep\n|turn|9\n|\n|t:|1699187945\n|-terastallize|p1b: pretty hot sausage|Ground\n|move|p2b: ken carson|Sacred Sword|p1b: pretty hot sausage\n|-damage|p1b: pretty hot sausage|12\/100\n|move|p1b: pretty hot sausage|Heat Wave|p2b: ken carson\n|-supereffective|p2b: ken carson\n|-damage|p2b: ken carson|5\/100 brn\n|\n|-weather|RainDance|[upkeep]\n|-heal|p1b: pretty hot sausage|18\/100|[from] item: Leftovers\n|-damage|p2b: ken carson|0 fnt|[from] brn\n|faint|p2b: ken carson\n|\n|win|paolo.sorrentino\n|upkeep\n|raw|paolo.sorrentino's rating: 1399 &rarr; <strong>1424<\/strong><br \/>(+25 for winning)\n|raw|redpkmntrainer14's rating: 1483 &rarr; <strong>1458<\/strong><br \/>(-25 for losing)\n|c|\u2606redpkmntrainer14|oh my god\n|c|\u2606redpkmntrainer14|that was so smart\n|c|\u2606redpkmntrainer14|gg bro\n|c|\u2606paolo.sorrentino|gg wp!!\n|c|\u2606redpkmntrainer14|w play\n|c|\u2606paolo.sorrentino|have a nice dayyy\n|c|\u2606redpkmntrainer14|u 2\n|l|\u2606redpkmntrainer14\n|l|\u2606paolo.sorrentino\n|j|\u2606paolo.sorrentino\n|player|p1|paolo.sorrentino|cameraman\n","uploadtime":1699188168,"views":8,"p1id":"paolosorrentino","p2id":"redpkmntrainer14","formatid":"gen9doublesou","rating":1424,"private":0,"password":""}