{"id":"gen9doublesou-1983663048","p1":"DIMU179","p2":"rogueair657","format":"[Gen 9] Doubles OU","log":"|j|\u2606DIMU179\n|j|\u2606rogueair657\n|inactive|Battle timer is ON: inactive players will automatically lose when time's up.\n|t:|1699155630\n|gametype|doubles\n|player|p1|DIMU179|benga|\n|player|p2|rogueair657|170|\n|teamsize|p1|6\n|teamsize|p2|6\n|gen|9\n|tier|[Gen 9] Doubles OU\n|rated|Tournament battle\n|rule|Species Clause: Limit one of each Pok\u00e9mon\n|rule|OHKO Clause: OHKO moves are banned\n|rule|Evasion Moves Clause: Evasion moves are banned\n|rule|Gravity Sleep Clause: The combination of sleep-inducing moves with imperfect accuracy and Gravity or Gigantamax Orbeetle are banned\n|rule|Endless Battle Clause: Forcing endless battles is banned\n|rule|HP Percentage Mod: HP is shown in percentages\n|clearpoke\n|poke|p1|Skiddo, F|\n|poke|p1|Crocalor, F|\n|poke|p1|Morgrem, M|\n|poke|p1|Quilladin, F|\n|poke|p1|Chansey, F|\n|poke|p1|Fennekin, M|\n|poke|p2|Gimmighoul|\n|poke|p2|Silicobra, F|\n|poke|p2|Maschiff, M|\n|poke|p2|Shroodle, M|\n|poke|p2|Voltorb-Hisui|\n|poke|p2|Dragonair, M|\n|teampreview\n|j|*Lady Monita \u263d\n|inactive|DIMU179 also wants the timer to be on.\n|\n|t:|1699155652\n|start\n|switch|p1a: Crocalor|Crocalor, F|100\/100\n|switch|p1b: Morgrem|Morgrem, M|100\/100\n|switch|p2a: Shroodle|Shroodle, M|100\/100\n|switch|p2b: Voltorb|Voltorb-Hisui|100\/100\n|turn|1\n|\n|t:|1699155680\n|switch|p2b: Silicobra|Silicobra, F|100\/100\n|move|p2a: Shroodle|Taunt|p1b: Morgrem\n|-hint|Since gen 7, Dark is immune to Prankster moves.\n|-immune|p1b: Morgrem\n|move|p1b: Morgrem|Fake Tears|p2b: Silicobra\n|-unboost|p2b: Silicobra|spd|2\n|move|p1a: Crocalor|Heat Wave|p2b: Silicobra|[spread] p2a,p2b\n|-damage|p2a: Shroodle|66\/100\n|-damage|p2b: Silicobra|59\/100\n|\n|-heal|p2a: Shroodle|72\/100|[from] item: Black Sludge\n|-heal|p2b: Silicobra|65\/100|[from] item: Leftovers\n|upkeep\n|turn|2\n|\n|t:|1699155696\n|move|p2a: Shroodle|Nasty Plot|p2a: Shroodle\n|-boost|p2a: Shroodle|spa|2\n|move|p1b: Morgrem|Thunder Wave|p2a: Shroodle\n|-status|p2a: Shroodle|par\n|move|p1a: Crocalor|Heat Wave|p2b: Silicobra|[spread] p2b\n|-miss|p1a: Crocalor|p2a: Shroodle\n|-damage|p2b: Silicobra|23\/100\n|move|p2b: Silicobra|Glare|p1b: Morgrem\n|-status|p1b: Morgrem|par\n|\n|-heal|p2b: Silicobra|29\/100|[from] item: Leftovers\n|-heal|p2a: Shroodle|78\/100 par|[from] item: Black Sludge\n|upkeep\n|turn|3\n|\n|t:|1699155710\n|move|p2a: Shroodle|Baton Pass|p2a: Shroodle\n|\n|t:|1699155715\n|switch|p2a: Gimmighoul|Gimmighoul|100\/100|[from] Baton Pass\n|move|p1b: Morgrem|Fake Tears|p2a: Gimmighoul\n|-unboost|p2a: Gimmighoul|spd|2\n|move|p1a: Crocalor|Heat Wave|p2a: Gimmighoul|[spread] p2a,p2b\n|-damage|p2a: Gimmighoul|60\/100\n|-damage|p2b: Silicobra|0 fnt\n|faint|p2b: Silicobra\n|\n|upkeep\n|\n|t:|1699155723\n|switch|p2b: Dragonair|Dragonair, M|100\/100\n|turn|4\n|\n|t:|1699155739\n|move|p1b: Morgrem|Fake Tears|p2a: Gimmighoul\n|-unboost|p2a: Gimmighoul|spd|2\n|move|p2b: Dragonair|Iron Head|p1b: Morgrem\n|-supereffective|p1b: Morgrem\n|-damage|p1b: Morgrem|17\/100 par\n|move|p1a: Crocalor|Heat Wave|p2b: Dragonair|[spread] p2a,p2b\n|-resisted|p2b: Dragonair\n|-damage|p2a: Gimmighoul|18\/100\n|-damage|p2b: Dragonair|80\/100\n|move|p2a: Gimmighoul|Power Gem|p1a: Crocalor\n|-supereffective|p1a: Crocalor\n|-damage|p1a: Crocalor|63\/100\n|\n|upkeep\n|turn|5\n|\n|t:|1699155756\n|move|p1b: Morgrem|Thunder Wave|p2b: Dragonair\n|-status|p2b: Dragonair|par\n|move|p1a: Crocalor|Heat Wave|p2b: Dragonair|[spread] p2a,p2b\n|-resisted|p2b: Dragonair\n|-damage|p2a: Gimmighoul|0 fnt\n|-damage|p2b: Dragonair|62\/100 par\n|faint|p2a: Gimmighoul\n|move|p2b: Dragonair|Iron Head|p1b: Morgrem\n|-supereffective|p1b: Morgrem\n|-damage|p1b: Morgrem|0 fnt\n|faint|p1b: Morgrem\n|\n|upkeep\n|\n|t:|1699155780\n|switch|p1b: Fennekin|Fennekin, M|100\/100\n|switch|p2a: Shroodle|Shroodle, M|78\/100 par\n|turn|6\n|\n|t:|1699155787\n|move|p1b: Fennekin|Helping Hand|p1a: Crocalor\n|-singleturn|p1a: Crocalor|Helping Hand|[of] p1b: Fennekin\n|move|p2a: Shroodle|Switcheroo|p1a: Crocalor\n|-activate|p2a: Shroodle|move: Trick|[of] p1a: Crocalor\n|-item|p1a: Crocalor|Black Sludge|[from] move: Switcheroo\n|-item|p2a: Shroodle|Eviolite|[from] move: Switcheroo\n|move|p1a: Crocalor|Heat Wave|p2a: Shroodle|[spread] p2a,p2b\n|-resisted|p2b: Dragonair\n|-damage|p2a: Shroodle|43\/100 par\n|-damage|p2b: Dragonair|31\/100 par\n|move|p2b: Dragonair|Iron Head|p1a: Crocalor\n|-resisted|p1a: Crocalor\n|-damage|p1a: Crocalor|42\/100\n|\n|-damage|p1a: Crocalor|30\/100|[from] item: Black Sludge\n|upkeep\n|turn|7\n|\n|t:|1699155804\n|move|p1b: Fennekin|Helping Hand|p1a: Crocalor\n|-singleturn|p1a: Crocalor|Helping Hand|[of] p1b: Fennekin\n|move|p2a: Shroodle|Nasty Plot|p2a: Shroodle\n|-boost|p2a: Shroodle|spa|2\n|move|p1a: Crocalor|Heat Wave|p2a: Shroodle|[spread] p2b\n|-miss|p1a: Crocalor|p2a: Shroodle\n|-resisted|p2b: Dragonair\n|-damage|p2b: Dragonair|0 fnt\n|faint|p2b: Dragonair\n|\n|-damage|p1a: Crocalor|17\/100|[from] item: Black Sludge\n|upkeep\n|\n|t:|1699155810\n|switch|p2b: Maschiff|Maschiff, M|100\/100\n|-ability|p2b: Maschiff|Intimidate|boost\n|-unboost|p1a: Crocalor|atk|1\n|-unboost|p1b: Fennekin|atk|1\n|turn|8\n|j| Dr Nolose\n|\n|t:|1699155822\n|move|p2a: Shroodle|Baton Pass|p2a: Shroodle\n|\n|t:|1699155823\n|switch|p2a: Voltorb|Voltorb-Hisui|100\/100|[from] Baton Pass\n|move|p1b: Fennekin|Will-O-Wisp|p2b: Maschiff\n|-status|p2b: Maschiff|brn\n|move|p2b: Maschiff|Crunch|p1a: Crocalor\n|-damage|p1a: Crocalor|0 fnt\n|faint|p1a: Crocalor\n|\n|-damage|p2b: Maschiff|94\/100 brn|[from] brn\n|upkeep\n|\n|t:|1699155834\n|switch|p1a: Chansey|Chansey, F|100\/100\n|turn|9\n|\n|t:|1699155850\n|-terastallize|p2a: Voltorb|Dragon\n|move|p2a: Voltorb|Discharge|p1b: Fennekin|[spread] p2b,p1a,p1b\n|-damage|p2b: Maschiff|49\/100 brn\n|-damage|p1a: Chansey|89\/100\n|-damage|p1b: Fennekin|72\/100\n|move|p1b: Fennekin|Heat Wave|p2a: Voltorb|[spread] p2a,p2b\n|-resisted|p2a: Voltorb\n|-damage|p2a: Voltorb|78\/100\n|-damage|p2b: Maschiff|27\/100 brn\n|move|p2b: Maschiff|Body Slam|p1b: Fennekin\n|-damage|p1b: Fennekin|54\/100\n|-status|p1b: Fennekin|par\n|move|p1a: Chansey|Seismic Toss|p2a: Voltorb\n|-damage|p2a: Voltorb|33\/100\n|\n|-heal|p2a: Voltorb|39\/100|[from] item: Leftovers\n|-damage|p2b: Maschiff|21\/100 brn|[from] brn\n|upkeep\n|turn|10\n|\n|t:|1699155873\n|move|p2a: Voltorb|Energy Ball|p1a: Chansey\n|-damage|p1a: Chansey|73\/100\n|-unboost|p1a: Chansey|spd|1\n|move|p2b: Maschiff|Rest|p2b: Maschiff\n|-status|p2b: Maschiff|slp|[from] move: Rest\n|-heal|p2b: Maschiff|100\/100 slp|[silent]\n|move|p1a: Chansey|Seismic Toss|p2a: Voltorb\n|-damage|p2a: Voltorb|0 fnt\n|faint|p2a: Voltorb\n|move|p1b: Fennekin|Heat Wave|p2b: Maschiff\n|-damage|p2b: Maschiff|74\/100 slp\n|\n|upkeep\n|\n|t:|1699155879\n|switch|p2a: Shroodle|Shroodle, M|43\/100 par\n|turn|11\n|-message|rogueair657 forfeited.\n|\n|win|DIMU179\n|n|\u2606DIMU179|dimu179\n|n|\u2606rogueair657|rogueair657\n|n|*Lady Monita \u263d|ladymonita\n|n| Dr Nolose|drnolose\n","uploadtime":1699155895,"views":20,"p1id":"dimu179","p2id":"rogueair657","formatid":"gen9doublesou","rating":0,"private":0,"password":""}