{"id":"gen9doublesou-1982212799","p1":"Algea904","p2":"Ott3rpup","format":"[Gen 9] Doubles OU","log":"|j|\u2606Algea904\n|j|\u2606Ott3rpup\n|t:|1698979883\n|gametype|doubles\n|player|p1|Algea904|170|1000\n|player|p2|Ott3rpup|iris|1000\n|teamsize|p1|6\n|teamsize|p2|6\n|gen|9\n|tier|[Gen 9] Doubles OU\n|rated|\n|rule|Species Clause: Limit one of each Pok\u00e9mon\n|rule|OHKO Clause: OHKO moves are banned\n|rule|Evasion Moves Clause: Evasion moves are banned\n|rule|Gravity Sleep Clause: The combination of sleep-inducing moves with imperfect accuracy and Gravity or Gigantamax Orbeetle are banned\n|rule|Endless Battle Clause: Forcing endless battles is banned\n|rule|HP Percentage Mod: HP is shown in percentages\n|clearpoke\n|poke|p1|Amoonguss, F|\n|poke|p1|Armarouge, F|\n|poke|p1|Dragonite, F|\n|poke|p1|Ursaluna-Bloodmoon, M|\n|poke|p1|Iron Hands|\n|poke|p1|Cresselia, F|\n|poke|p2|Garchomp, M|\n|poke|p2|Meowscarada, M|\n|poke|p2|Great Tusk|\n|poke|p2|Slowbro, M|\n|poke|p2|Raichu, M|\n|poke|p2|Zoroark-Hisui, M|\n|teampreview\n|\n|t:|1698979902\n|start\n|switch|p1a: Iron Hands|Iron Hands|100\/100\n|switch|p1b: Dragonite|Dragonite, F|100\/100\n|switch|p2a: Kaiju|Garchomp, M, shiny|100\/100\n|switch|p2b: Sage|Meowscarada, M|100\/100\n|turn|1\n|\n|t:|1698979950\n|move|p2b: Sage|Spikes|p1b: Dragonite\n|-sidestart|p1: Algea904|Spikes\n|move|p2a: Kaiju|Stealth Rock|p1b: Dragonite\n|-sidestart|p1: Algea904|move: Stealth Rock\n|move|p1a: Iron Hands|Thunder Punch|p2a: Kaiju\n|-immune|p2a: Kaiju\n|move|p1b: Dragonite|Agility|p1b: Dragonite\n|-boost|p1b: Dragonite|spe|2\n|\n|upkeep\n|turn|2\n|\n|t:|1698979980\n|move|p1b: Dragonite|Agility|p1b: Dragonite\n|-boost|p1b: Dragonite|spe|2\n|move|p2b: Sage|Spikes|p1a: Iron Hands\n|-sidestart|p1: Algea904|Spikes\n|move|p1a: Iron Hands|Drain Punch|p2b: Sage\n|-supereffective|p2b: Sage\n|-damage|p2b: Sage|0 fnt\n|faint|p2b: Sage\n|move|p2a: Kaiju|Dragon Tail|p1b: Dragonite\n|-supereffective|p1b: Dragonite\n|-damage|p1b: Dragonite|77\/100\n|drag|p1b: Armarouge|Armarouge, F|100\/100\n|\n|upkeep\n|\n|t:|1698979993\n|switch|p2b: Raisin|Raichu, M|100\/100\n|turn|3\n|\n|t:|1698980038\n|-terastallize|p2b: Raisin|Ghost\n|move|p1a: Iron Hands|Detect|p1a: Iron Hands\n|-singleturn|p1a: Iron Hands|Protect\n|move|p2b: Raisin|Shadow Ball|p1b: Armarouge\n|-supereffective|p1b: Armarouge\n|-damage|p1b: Armarouge|0 fnt\n|faint|p1b: Armarouge\n|move|p2a: Kaiju|Spikes|p1a: Iron Hands\n|-sidestart|p1: Algea904|Spikes\n|\n|upkeep\n|\n|t:|1698980052\n|switch|p1b: Ursaluna|Ursaluna-Bloodmoon, M|100\/100\n|-damage|p1b: Ursaluna|75\/100|[from] Spikes\n|-damage|p1b: Ursaluna|69\/100|[from] Stealth Rock\n|turn|4\n|\n|t:|1698980091\n|move|p2b: Raisin|Grass Knot|p1a: Iron Hands\n|-damage|p1a: Iron Hands|53\/100\n|move|p1b: Ursaluna|Blood Moon|p2a: Kaiju\n|-damage|p2a: Kaiju|32\/100\n|move|p1a: Iron Hands|Drain Punch|p2b: Raisin\n|-immune|p2b: Raisin\n|move|p2a: Kaiju|Dragon Tail|p1b: Ursaluna\n|-damage|p1b: Ursaluna|48\/100\n|drag|p1b: Dragonite|Dragonite, F|77\/100\n|\n|upkeep\n|turn|5\n|\n|t:|1698980113\n|move|p2b: Raisin|Grass Knot|p1a: Iron Hands\n|-damage|p1a: Iron Hands|6\/100\n|move|p1a: Iron Hands|Drain Punch|p2a: Kaiju\n|-damage|p2a: Kaiju|0 fnt\n|-heal|p1a: Iron Hands|20\/100|[from] drain|[of] p2a: Kaiju\n|-damage|p1a: Iron Hands|8\/100|[from] ability: Rough Skin|[of] p2a: Kaiju\n|-damage|p1a: Iron Hands|0 fnt|[from] item: Rocky Helmet|[of] p2a: Kaiju\n|faint|p2a: Kaiju\n|faint|p1a: Iron Hands\n|-end|p1a: Iron Hands|Quark Drive|[silent]\n|move|p1b: Dragonite|Draco Meteor|p2b: Raisin\n|-damage|p2b: Raisin|13\/100\n|-unboost|p1b: Dragonite|spa|2\n|replace|p2b: Fade|Zoroark-Hisui, M, shiny\n|-end|p2b: Fade|Illusion\n|\n|upkeep\n|\n|t:|1698980132\n|switch|p2a: Truck|Great Tusk|100\/100\n|switch|p1a: Ursaluna|Ursaluna-Bloodmoon, M|48\/100\n|-damage|p1a: Ursaluna|23\/100|[from] Spikes\n|-damage|p1a: Ursaluna|17\/100|[from] Stealth Rock\n|-enditem|p2a: Truck|Booster Energy\n|-activate|p2a: Truck|ability: Protosynthesis|[fromitem]\n|-start|p2a: Truck|protosynthesisspe\n|turn|6\n|\n|t:|1698980182\n|switch|p2b: Raisin|Raichu, M|100\/100\n|move|p1b: Dragonite|Aqua Jet|p2a: Truck\n|-supereffective|p2a: Truck\n|-damage|p2a: Truck|81\/100\n|move|p2a: Truck|Close Combat|p1a: Ursaluna\n|-supereffective|p1a: Ursaluna\n|-damage|p1a: Ursaluna|0 fnt\n|-unboost|p2a: Truck|def|1\n|-unboost|p2a: Truck|spd|1\n|faint|p1a: Ursaluna\n|\n|upkeep\n|\n|t:|1698980194\n|switch|p1a: Amoonguss|Amoonguss, F|100\/100\n|-damage|p1a: Amoonguss|76\/100|[from] Spikes\n|-damage|p1a: Amoonguss|63\/100|[from] Stealth Rock\n|turn|7\n|\n|t:|1698980218\n|move|p2a: Truck|Ice Spinner|p1a: Amoonguss\n|-supereffective|p1a: Amoonguss\n|-damage|p1a: Amoonguss|22\/100\n|move|p2b: Raisin|Discharge|p1a: Amoonguss|[spread] p1a,p1b\n|-immune|p2a: Truck\n|-resisted|p1a: Amoonguss\n|-damage|p1a: Amoonguss|12\/100\n|-damage|p1b: Dragonite|54\/100\n|-status|p1a: Amoonguss|par\n|-status|p1b: Dragonite|par\n|move|p1b: Dragonite|Draco Meteor|p2b: Raisin|[miss]\n|-miss|p1b: Dragonite|p2b: Raisin\n|move|p1a: Amoonguss|Sludge Bomb|p2b: Raisin\n|-damage|p2b: Raisin|63\/100\n|-status|p2b: Raisin|psn\n|\n|-damage|p2b: Raisin|50\/100 psn|[from] psn\n|upkeep\n|turn|8\n|\n|t:|1698980251\n|move|p2a: Truck|Ice Spinner|p1a: Amoonguss\n|-supereffective|p1a: Amoonguss\n|-damage|p1a: Amoonguss|0 fnt\n|faint|p1a: Amoonguss\n|move|p2b: Raisin|Volt Switch|p1b: Dragonite\n|-damage|p1b: Dragonite|24\/100 par\n|\n|t:|1698980258\n|switch|p2b: :D|Slowbro, M|100\/100|[from] Volt Switch\n|move|p1b: Dragonite|Agility|p1b: Dragonite\n|-boost|p1b: Dragonite|spe|2\n|\n|upkeep\n|\n|t:|1698980264\n|switch|p1a: Cresselia|Cresselia, F|100\/100\n|-damage|p1a: Cresselia|88\/100|[from] Stealth Rock\n|turn|9\n|\n|t:|1698980296\n|move|p2a: Truck|Bulk Up|p2a: Truck\n|-boost|p2a: Truck|atk|1\n|-boost|p2a: Truck|def|1\n|move|p1a: Cresselia|Lunar Blessing|p1a: Cresselia|[spread] p1a,p1b\n|-heal|p1a: Cresselia|100\/100\n|-heal|p1b: Dragonite|49\/100 par\n|-curestatus|p1b: Dragonite|par|[msg]\n|move|p1b: Dragonite|Draco Meteor|p2a: Truck\n|-damage|p2a: Truck|33\/100\n|-unboost|p1b: Dragonite|spa|2\n|move|p2b: :D|Scald|p1a: Cresselia\n|-crit|p1a: Cresselia\n|-damage|p1a: Cresselia|75\/100\n|\n|upkeep\n|turn|10\n|\n|t:|1698980329\n|-end|p2a: Truck|Protosynthesis|[silent]\n|switch|p2a: Truck|Great Tusk, tera:Ghost|13\/100\n|-terastallize|p1b: Dragonite|Dragon\n|move|p1a: Cresselia|Helping Hand|p1b: Dragonite\n|-singleturn|p1b: Dragonite|Helping Hand|[of] p1a: Cresselia\n|move|p1b: Dragonite|Draco Meteor|p2a: Truck\n|-damage|p2a: Truck|0 fnt\n|-unboost|p1b: Dragonite|spa|2\n|replace|p2a: Fade|Zoroark-Hisui, M, shiny\n|-end|p2a: Fade|Illusion\n|faint|p2a: Fade\n|move|p2b: :D|Heal Pulse|p2: Fade|[notarget]\n|-fail|p2b: :D\n|\n|upkeep\n|\n|t:|1698980344\n|switch|p2a: Raisin|Raichu, M|50\/100 psn\n|turn|11\n|\n|t:|1698980380\n|move|p1b: Dragonite|Draco Meteor|p2b: :D\n|-crit|p2b: :D\n|-damage|p2b: :D|15\/100\n|move|p2a: Raisin|Discharge|p1a: Cresselia|[spread] p2b,p1a,p1b\n|-supereffective|p2b: :D\n|-resisted|p1b: Dragonite\n|-crit|p1b: Dragonite\n|-damage|p2b: :D|0 fnt\n|-damage|p1a: Cresselia|59\/100\n|-damage|p1b: Dragonite|31\/100\n|-status|p1b: Dragonite|par\n|faint|p2b: :D\n|move|p1a: Cresselia|Lunar Blessing|p1a: Cresselia|[spread] p1a,p1b\n|-heal|p1a: Cresselia|83\/100\n|-heal|p1b: Dragonite|55\/100 par\n|-curestatus|p1b: Dragonite|par|[msg]\n|\n|-damage|p2a: Raisin|38\/100 psn|[from] psn\n|upkeep\n|\n|t:|1698980396\n|switch|p2b: Truck|Great Tusk|33\/100\n|turn|12\n|\n|t:|1698980423\n|move|p1a: Cresselia|Helping Hand|p1b: Dragonite\n|-singleturn|p1b: Dragonite|Helping Hand|[of] p1a: Cresselia\n|move|p1b: Dragonite|Aqua Jet|p2b: Truck\n|-supereffective|p2b: Truck\n|-damage|p2b: Truck|6\/100\n|move|p2a: Raisin|Thunder Wave|p1a: Cresselia\n|-status|p1a: Cresselia|par\n|move|p2b: Truck|Headlong Rush|p1a: Cresselia\n|-immune|p1a: Cresselia|[from] ability: Levitate\n|\n|-damage|p2a: Raisin|26\/100 psn|[from] psn\n|upkeep\n|turn|13\n|\n|t:|1698980453\n|move|p1b: Dragonite|Agility|p1b: Dragonite\n|-boost|p1b: Dragonite|spe|2\n|move|p2a: Raisin|Encore|p1a: Cresselia\n|-start|p1a: Cresselia|Encore\n|move|p2b: Truck|Ice Spinner|p1a: Cresselia\n|-damage|p1a: Cresselia|67\/100 par\n|move|p1a: Cresselia|Helping Hand||[still]\n|-fail|p1a: Cresselia\n|\n|-damage|p2a: Raisin|14\/100 psn|[from] psn\n|upkeep\n|turn|14\n|inactive|Battle timer is ON: inactive players will automatically lose when time's up. (requested by Algea904)\n|\n|t:|1698980493\n|cant|p1a: Cresselia|par\n|move|p1b: Dragonite|Aqua Jet|p2b: Truck\n|-supereffective|p2b: Truck\n|-crit|p2b: Truck\n|-damage|p2b: Truck|0 fnt\n|faint|p2b: Truck\n|-end|p2b: Truck|Protosynthesis|[silent]\n|move|p2a: Raisin|Thunder Wave|p1a: Cresselia|[miss]\n|-miss|p2a: Raisin|p1a: Cresselia\n|\n|-damage|p2a: Raisin|1\/100 psn|[from] psn\n|upkeep\n|turn|15\n|\n|t:|1698980507\n|move|p1a: Cresselia|Helping Hand|p1b: Dragonite\n|-singleturn|p1b: Dragonite|Helping Hand|[of] p1a: Cresselia\n|move|p1b: Dragonite|Body Slam|p2a: Raisin\n|-damage|p2a: Raisin|0 fnt\n|faint|p2a: Raisin\n|\n|win|Algea904\n|raw|Algea904's rating: 1000 &rarr; <strong>1040<\/strong><br \/>(+40 for winning)\n|raw|Ott3rpup's rating: 1000 &rarr; <strong>1000<\/strong><br \/>(+0 for losing)\n","uploadtime":1698980517,"views":24,"p1id":"algea904","p2id":"ott3rpup","formatid":"gen9doublesou","rating":1000,"private":0,"password":""}