{"id":"gen9doublesou-1974953733","p1":"Devrick Mundle","p2":"eric445667","format":"[Gen 9] Doubles OU","log":"|j|\u2606Devrick Mundle\n|j|\u2606eric445667\n|t:|1698148908\n|gametype|doubles\n|player|p1|Devrick Mundle|169|1209\n|player|p2|eric445667|colress|1166\n|teamsize|p1|6\n|teamsize|p2|6\n|gen|9\n|tier|[Gen 9] Doubles OU\n|rated|\n|rule|Species Clause: Limit one of each Pok\u00e9mon\n|rule|OHKO Clause: OHKO moves are banned\n|rule|Evasion Moves Clause: Evasion moves are banned\n|rule|Gravity Sleep Clause: The combination of sleep-inducing moves with imperfect accuracy and Gravity or Gigantamax Orbeetle are banned\n|rule|Endless Battle Clause: Forcing endless battles is banned\n|rule|HP Percentage Mod: HP is shown in percentages\n|clearpoke\n|poke|p1|Charjabug, M|\n|poke|p1|Gholdengo|\n|poke|p1|Flutter Mane|\n|poke|p1|Iron Moth|\n|poke|p1|Kommo-o, F|\n|poke|p1|Indeedee-F, F|\n|poke|p2|Sableye, M|\n|poke|p2|Munchlax, F|\n|poke|p2|Uxie|\n|poke|p2|Clodsire, F|\n|poke|p2|Ditto|\n|poke|p2|Lurantis, F|\n|teampreview\n|inactive|Battle timer is ON: inactive players will automatically lose when time's up. (requested by eric445667)\n|\n|t:|1698148917\n|start\n|switch|p1a: Kommo-o|Kommo-o, F|100\/100\n|switch|p1b: Indeedee|Indeedee-F, F|100\/100\n|switch|p2a: Sableye|Sableye, M|100\/100\n|switch|p2b: Clodsire|Clodsire, F|100\/100\n|-fieldstart|move: Psychic Terrain|[from] ability: Psychic Surge|[of] p1b: Indeedee\n|turn|1\n|\n|t:|1698148942\n|move|p1b: Indeedee|Follow Me|p1b: Indeedee\n|-singleturn|p1b: Indeedee|move: Follow Me\n|move|p2a: Sableye|Reflect|p2a: Sableye\n|-sidestart|p2: eric445667|Reflect\n|move|p1a: Kommo-o|Clangorous Soul|p1a: Kommo-o\n|-boost|p1a: Kommo-o|atk|1\n|-boost|p1a: Kommo-o|def|1\n|-boost|p1a: Kommo-o|spa|1\n|-boost|p1a: Kommo-o|spd|1\n|-boost|p1a: Kommo-o|spe|1\n|-damage|p1a: Kommo-o|68\/100\n|-enditem|p1a: Kommo-o|Throat Spray\n|-boost|p1a: Kommo-o|spa|1|[from] item: Throat Spray\n|move|p2b: Clodsire|Toxic|p1b: Indeedee\n|-status|p1b: Indeedee|tox\n|\n|-damage|p1b: Indeedee|94\/100 tox|[from] psn\n|-damage|p2a: Sableye|88\/100|[from] item: Sticky Barb\n|upkeep\n|turn|2\n|\n|t:|1698148961\n|move|p1b: Indeedee|Helping Hand|p1a: Kommo-o\n|-singleturn|p1a: Kommo-o|Helping Hand|[of] p1b: Indeedee\n|move|p2b: Clodsire|Protect|p2b: Clodsire\n|-singleturn|p2b: Clodsire|Protect\n|move|p2a: Sableye|Trick|p1b: Indeedee\n|-activate|p1b: Indeedee|move: Psychic Terrain\n|move|p1a: Kommo-o|Clanging Scales|p2b: Clodsire|[spread] p2a\n|-activate|p2b: Clodsire|move: Protect\n|-damage|p2a: Sableye|0 fnt\n|faint|p2a: Sableye\n|-unboost|p1a: Kommo-o|def|1\n|\n|-damage|p1b: Indeedee|82\/100 tox|[from] psn\n|upkeep\n|\n|t:|1698148977\n|switch|p2a: Munchlax|Munchlax, F|100\/100\n|turn|3\n|\n|t:|1698148985\n|move|p1b: Indeedee|Helping Hand|p1a: Kommo-o\n|-singleturn|p1a: Kommo-o|Helping Hand|[of] p1b: Indeedee\n|move|p1a: Kommo-o|Clanging Scales|p2b: Clodsire|[spread] p2a,p2b\n|-damage|p2a: Munchlax|42\/100\n|-damage|p2b: Clodsire|43\/100\n|-unboost|p1a: Kommo-o|def|1\n|move|p2b: Clodsire|Toxic|p1a: Kommo-o\n|-status|p1a: Kommo-o|tox\n|move|p2a: Munchlax|Charm|p1a: Kommo-o\n|-unboost|p1a: Kommo-o|atk|2\n|\n|-heal|p2b: Clodsire|49\/100|[from] item: Black Sludge\n|-damage|p1a: Kommo-o|61\/100 tox|[from] psn\n|-damage|p1b: Indeedee|64\/100 tox|[from] psn\n|upkeep\n|turn|4\n|\n|t:|1698149001\n|move|p1b: Indeedee|Helping Hand|p1a: Kommo-o\n|-singleturn|p1a: Kommo-o|Helping Hand|[of] p1b: Indeedee\n|move|p2b: Clodsire|Protect|p2b: Clodsire\n|-singleturn|p2b: Clodsire|Protect\n|move|p1a: Kommo-o|Clanging Scales|p2a: Munchlax|[spread] p2a\n|-activate|p2b: Clodsire|move: Protect\n|-damage|p2a: Munchlax|0 fnt\n|faint|p2a: Munchlax\n|-unboost|p1a: Kommo-o|def|1\n|\n|-heal|p2b: Clodsire|55\/100|[from] item: Black Sludge\n|-damage|p1a: Kommo-o|49\/100 tox|[from] psn\n|-damage|p1b: Indeedee|39\/100 tox|[from] psn\n|upkeep\n|\n|t:|1698149014\n|switch|p2a: Ditto|Ditto|100\/100\n|-transform|p2a: Ditto|p1b: Indeedee|[from] ability: Imposter\n|turn|5\n|\n|t:|1698149024\n|move|p1b: Indeedee|Helping Hand|p1a: Kommo-o\n|-singleturn|p1a: Kommo-o|Helping Hand|[of] p1b: Indeedee\n|move|p1a: Kommo-o|Clanging Scales|p2a: Ditto|[spread] p2a,p2b\n|-crit|p2a: Ditto\n|-damage|p2a: Ditto|0 fnt\n|-damage|p2b: Clodsire|0 fnt\n|faint|p2a: Ditto\n|faint|p2b: Clodsire\n|-unboost|p1a: Kommo-o|def|1\n|\n|-damage|p1a: Kommo-o|30\/100 tox|[from] psn\n|-damage|p1b: Indeedee|9\/100 tox|[from] psn\n|-sideend|p2: eric445667|Reflect\n|-fieldend|move: Psychic Terrain\n|upkeep\n|\n|t:|1698149036\n|switch|p2a: Lurantis|Lurantis, F|100\/100\n|switch|p2b: Uxie|Uxie|100\/100\n|turn|6\n|\n|t:|1698149045\n|move|p1b: Indeedee|Helping Hand|p1a: Kommo-o\n|-singleturn|p1a: Kommo-o|Helping Hand|[of] p1b: Indeedee\n|move|p2a: Lurantis|Protect|p2a: Lurantis\n|-singleturn|p2a: Lurantis|Protect\n|move|p1a: Kommo-o|Clanging Scales|p2a: Lurantis|[spread] p2b\n|-activate|p2a: Lurantis|move: Protect\n|-damage|p2b: Uxie|7\/100\n|-unboost|p1a: Kommo-o|def|1\n|move|p2b: Uxie|Dazzling Gleam|p1b: Indeedee|[spread] p1a,p1b\n|-supereffective|p1a: Kommo-o\n|-damage|p1a: Kommo-o|0 fnt\n|-damage|p1b: Indeedee|0 fnt\n|faint|p1a: Kommo-o\n|faint|p1b: Indeedee\n|\n|-heal|p2b: Uxie|14\/100|[from] item: Leftovers\n|upkeep\n|\n|t:|1698149062\n|switch|p1a: Iron Moth|Iron Moth|100\/100\n|switch|p1b: Charjabug|Charjabug, M, shiny|100\/100\n|-enditem|p1a: Iron Moth|Booster Energy\n|-activate|p1a: Iron Moth|ability: Quark Drive|[fromitem]\n|-start|p1a: Iron Moth|quarkdrivespe\n|turn|7\n|\n|t:|1698149073\n|move|p1a: Iron Moth|Heat Wave|p2b: Uxie|[spread] p2b\n|-miss|p1a: Iron Moth|p2a: Lurantis\n|-damage|p2b: Uxie|0 fnt\n|faint|p2b: Uxie\n|move|p2a: Lurantis|Superpower|p1a: Iron Moth\n|-resisted|p1a: Iron Moth\n|-damage|p1a: Iron Moth|61\/100\n|-boost|p2a: Lurantis|atk|1\n|-boost|p2a: Lurantis|def|1\n|move|p1b: Charjabug|Thunder Wave|p2a: Lurantis\n|-status|p2a: Lurantis|par\n|\n|upkeep\n|turn|8\n|\n|t:|1698149092\n|move|p1b: Charjabug|Protect|p1b: Charjabug\n|-singleturn|p1b: Charjabug|Protect\n|move|p1a: Iron Moth|Sludge Wave|p2a: Lurantis|[spread] p2a\n|-activate|p1b: Charjabug|move: Protect\n|-supereffective|p2a: Lurantis\n|-damage|p2a: Lurantis|0 fnt\n|faint|p2a: Lurantis\n|\n|win|Devrick Mundle\n|raw|Devrick Mundle's rating: 1209 &rarr; <strong>1231<\/strong><br \/>(+22 for winning)\n|raw|eric445667's rating: 1166 &rarr; <strong>1144<\/strong><br \/>(-22 for losing)\n|l|\u2606eric445667\n","uploadtime":1698149101,"views":25,"p1id":"devrickmundle","p2id":"eric445667","formatid":"gen9doublesou","rating":1144,"private":0,"password":""}