{"id":"gen9doublesou-1979016921","p1":"Critian Caceorte","p2":"mibby69","format":"[Gen 9] Doubles OU","log":"|j|\u2606Critian Caceorte\n|j|\u2606mibby69\n|t:|1698621591\n|gametype|doubles\n|player|p1|Critian Caceorte|hilda|1096\n|player|p2|mibby69|tuber|1076\n|teamsize|p1|6\n|teamsize|p2|6\n|gen|9\n|tier|[Gen 9] Doubles OU\n|rated|\n|rule|Species Clause: Limit one of each Pok\u00e9mon\n|rule|OHKO Clause: OHKO moves are banned\n|rule|Evasion Moves Clause: Evasion moves are banned\n|rule|Gravity Sleep Clause: The combination of sleep-inducing moves with imperfect accuracy and Gravity or Gigantamax Orbeetle are banned\n|rule|Endless Battle Clause: Forcing endless battles is banned\n|rule|HP Percentage Mod: HP is shown in percentages\n|clearpoke\n|poke|p1|Ariados, M|\n|poke|p1|Volcarona, M|\n|poke|p1|Yanmega, F|\n|poke|p1|Scizor, M|\n|poke|p1|Frosmoth, M|\n|poke|p1|Ribombee, F|\n|poke|p2|Clefairy, F|\n|poke|p2|Sinistcha-Masterpiece|\n|poke|p2|Appletun, M|\n|poke|p2|Empoleon, M|\n|poke|p2|Chien-Pao|\n|poke|p2|Landorus-Therian, M|\n|teampreview\n|\n|t:|1698621598\n|start\n|switch|p1a: Ribombee|Ribombee, F|100\/100\n|switch|p1b: Scizor|Scizor, M|100\/100\n|switch|p2a: Chien-Pao|Chien-Pao|100\/100\n|switch|p2b: Appletun|Appletun, M|100\/100\n|-ability|p2a: Chien-Pao|Sword of Ruin\n|turn|1\n|\n|t:|1698621616\n|move|p2a: Chien-Pao|Ice Spinner|p1a: Ribombee\n|-damage|p1a: Ribombee|0 fnt\n|faint|p1a: Ribombee\n|-damage|p2a: Chien-Pao|91\/100|[from] item: Life Orb\n|move|p1b: Scizor|Swords Dance|p1b: Scizor\n|-boost|p1b: Scizor|atk|2\n|move|p2b: Appletun|Draco Meteor|p1b: Scizor\n|-resisted|p1b: Scizor\n|-damage|p1b: Scizor|68\/100\n|-unboost|p2b: Appletun|spa|2\n|\n|upkeep\n|\n|t:|1698621636\n|switch|p1a: Frosmoth|Frosmoth, M|100\/100\n|turn|2\n|\n|t:|1698621649\n|switch|p2a: Landorus|Landorus-Therian, M|100\/100\n|-ability|p2a: Landorus|Intimidate|boost\n|-unboost|p1a: Frosmoth|atk|1\n|-unboost|p1b: Scizor|atk|1\n|switch|p2b: Sinistcha|Sinistcha-Masterpiece|100\/100\n|move|p1b: Scizor|Bullet Punch|p2a: Landorus\n|-damage|p2a: Landorus|45\/100\n|move|p1a: Frosmoth|Ice Beam|p2b: Sinistcha\n|-supereffective|p2b: Sinistcha\n|-damage|p2b: Sinistcha|18\/100\n|\n|-heal|p2b: Sinistcha|24\/100|[from] item: Leftovers\n|upkeep\n|turn|3\n|\n|t:|1698621666\n|move|p1b: Scizor|Bullet Punch|p2a: Landorus\n|-damage|p2a: Landorus|0 fnt\n|faint|p2a: Landorus\n|move|p1a: Frosmoth|Ice Beam|p2b: Sinistcha\n|-supereffective|p2b: Sinistcha\n|-damage|p2b: Sinistcha|0 fnt\n|faint|p2b: Sinistcha\n|\n|upkeep\n|\n|t:|1698621679\n|switch|p2a: Empoleon|Empoleon, M|100\/100\n|switch|p2b: Clefairy|Clefairy, F|100\/100\n|turn|4\n|\n|t:|1698621698\n|move|p2b: Clefairy|Protect|p2b: Clefairy\n|-singleturn|p2b: Clefairy|Protect\n|move|p1b: Scizor|Bullet Punch|p2b: Clefairy\n|-activate|p2b: Clefairy|move: Protect\n|move|p1a: Frosmoth|Dazzling Gleam|p2a: Empoleon|[spread] p2a\n|-activate|p2b: Clefairy|move: Protect\n|-resisted|p2a: Empoleon\n|-damage|p2a: Empoleon|96\/100\n|move|p2a: Empoleon|Hydro Pump|p1b: Scizor\n|-damage|p1b: Scizor|5\/100\n|\n|-heal|p2a: Empoleon|100\/100|[from] item: Leftovers\n|upkeep\n|turn|5\n|\n|t:|1698621742\n|switch|p2b: Appletun|Appletun, M|100\/100\n|move|p1b: Scizor|Bullet Punch|p2b: Appletun\n|-damage|p2b: Appletun|54\/100\n|move|p1a: Frosmoth|Air Slash|p2b: Appletun\n|-supereffective|p2b: Appletun\n|-damage|p2b: Appletun|25\/100\n|-activate|p2b: Appletun|ability: Ripen\n|-enditem|p2b: Appletun|Sitrus Berry|[eat]\n|-heal|p2b: Appletun|75\/100|[from] item: Sitrus Berry\n|move|p2a: Empoleon|Flash Cannon|p1b: Scizor\n|-resisted|p1b: Scizor\n|-damage|p1b: Scizor|0 fnt\n|faint|p1b: Scizor\n|\n|upkeep\n|\n|t:|1698621759\n|switch|p1b: Volcarona|Volcarona, M|100\/100\n|turn|6\n|\n|t:|1698621775\n|switch|p2b: Clefairy|Clefairy, F|100\/100\n|-terastallize|p2a: Empoleon|Fairy\n|move|p1b: Volcarona|Quiver Dance|p1b: Volcarona\n|-boost|p1b: Volcarona|spa|1\n|-boost|p1b: Volcarona|spd|1\n|-boost|p1b: Volcarona|spe|1\n|move|p1a: Frosmoth|Air Slash|p2b: Clefairy\n|-damage|p2b: Clefairy|85\/100\n|move|p2a: Empoleon|Hydro Pump|p1b: Volcarona\n|-supereffective|p1b: Volcarona\n|-damage|p1b: Volcarona|55\/100\n|\n|-heal|p1b: Volcarona|61\/100|[from] item: Leftovers\n|upkeep\n|turn|7\n|\n|t:|1698621800\n|-terastallize|p1b: Volcarona|Fire\n|move|p2b: Clefairy|Helping Hand|p2a: Empoleon\n|-singleturn|p2a: Empoleon|Helping Hand|[of] p2b: Clefairy\n|move|p1b: Volcarona|Heat Wave|p2a: Empoleon|[spread] p2a,p2b\n|-damage|p2a: Empoleon|64\/100\n|-damage|p2b: Clefairy|24\/100\n|move|p1a: Frosmoth|Air Slash|p2a: Empoleon\n|-damage|p2a: Empoleon|54\/100\n|move|p2a: Empoleon|Hydro Pump|p1b: Volcarona\n|-supereffective|p1b: Volcarona\n|-damage|p1b: Volcarona|0 fnt\n|faint|p1b: Volcarona\n|\n|-heal|p2a: Empoleon|60\/100|[from] item: Leftovers\n|upkeep\n|\n|t:|1698621813\n|switch|p1b: Ariados|Ariados, M|100\/100\n|turn|8\n|\n|t:|1698621821\n|move|p1a: Frosmoth|Air Slash|p2a: Empoleon\n|-damage|p2a: Empoleon|50\/100\n|cant|p2a: Empoleon|flinch\n|move|p1b: Ariados|Poison Jab|p2a: Empoleon\n|-supereffective|p2a: Empoleon\n|-damage|p2a: Empoleon|0 fnt\n|faint|p2a: Empoleon\n|move|p2b: Clefairy|Heal Pulse|p2: Empoleon|[notarget]\n|-fail|p2b: Clefairy\n|\n|upkeep\n|\n|t:|1698621832\n|switch|p2a: Chien-Pao|Chien-Pao|91\/100\n|-ability|p2a: Chien-Pao|Sword of Ruin\n|turn|9\n|\n|t:|1698621852\n|move|p2b: Clefairy|Follow Me|p2b: Clefairy\n|-singleturn|p2b: Clefairy|move: Follow Me\n|move|p2a: Chien-Pao|Swords Dance|p2a: Chien-Pao\n|-boost|p2a: Chien-Pao|atk|2\n|move|p1a: Frosmoth|Dazzling Gleam|p2b: Clefairy|[spread] p2a,p2b\n|-supereffective|p2a: Chien-Pao\n|-damage|p2a: Chien-Pao|49\/100\n|-damage|p2b: Clefairy|11\/100\n|move|p1b: Ariados|Leech Life|p2b: Clefairy\n|-resisted|p2b: Clefairy\n|-damage|p2b: Clefairy|0 fnt\n|faint|p2b: Clefairy\n|\n|upkeep\n|\n|t:|1698621862\n|switch|p2b: Appletun|Appletun, M|75\/100\n|turn|10\n|\n|t:|1698621875\n|move|p2a: Chien-Pao|Sucker Punch|p1a: Frosmoth\n|-damage|p1a: Frosmoth|0 fnt\n|faint|p1a: Frosmoth\n|-damage|p2a: Chien-Pao|39\/100|[from] item: Life Orb\n|move|p1b: Ariados|Leech Life|p2a: Chien-Pao\n|-supereffective|p2a: Chien-Pao\n|-damage|p2a: Chien-Pao|0 fnt\n|faint|p2a: Chien-Pao\n|move|p2b: Appletun|Recycle|p2b: Appletun\n|-item|p2b: Appletun|Sitrus Berry|[from] move: Recycle\n|\n|upkeep\n|\n|t:|1698621885\n|switch|p1a: Yanmega|Yanmega, F|100\/100\n|turn|11\n|\n|t:|1698621894\n|move|p1a: Yanmega|Substitute|p1a: Yanmega\n|-start|p1a: Yanmega|Substitute\n|-damage|p1a: Yanmega|75\/100\n|move|p1b: Ariados|Swords Dance|p1b: Ariados\n|-boost|p1b: Ariados|atk|2\n|move|p2b: Appletun|Draco Meteor|p1a: Yanmega|[miss]\n|-miss|p2b: Appletun|p1a: Yanmega\n|\n|-heal|p1a: Yanmega|82\/100|[from] item: Leftovers\n|-ability|p1a: Yanmega|Speed Boost|boost\n|-boost|p1a: Yanmega|spe|1\n|upkeep\n|turn|12\n|\n|t:|1698621915\n|move|p1a: Yanmega|Swords Dance|p1a: Yanmega\n|-boost|p1a: Yanmega|atk|2\n|move|p1b: Ariados|Knock Off|p2b: Appletun\n|-damage|p2b: Appletun|24\/100\n|-enditem|p2b: Appletun|Sitrus Berry|[from] move: Knock Off|[of] p1b: Ariados\n|move|p2b: Appletun|Draco Meteor|p1b: Ariados\n|-damage|p1b: Ariados|49\/100\n|-unboost|p2b: Appletun|spa|2\n|\n|-heal|p1a: Yanmega|88\/100|[from] item: Leftovers\n|-ability|p1a: Yanmega|Speed Boost|boost\n|-boost|p1a: Yanmega|spe|1\n|upkeep\n|turn|13\n|-message|mibby69 forfeited.\n|\n|win|Critian Caceorte\n|raw|Critian Caceorte's rating: 1096 &rarr; <strong>1120<\/strong><br \/>(+24 for winning)\n|raw|mibby69's rating: 1076 &rarr; <strong>1056<\/strong><br \/>(-20 for losing)\n|l|\u2606mibby69\n","uploadtime":1698621934,"views":15,"p1id":"critiancaceorte","p2id":"mibby69","formatid":"gen9doublesou","rating":1056,"private":0,"password":""}