{"id":"gen9doublesou-1997625719","p1":"Cryptic_Brawler","p2":"Honormon","format":"[Gen 9] Doubles OU","log":"|j|\u2606Cryptic_Brawler\n|j|\u2606Honormon\n|t:|1700834600\n|gametype|doubles\n|player|p1|Cryptic_Brawler|ghetsis-gen5bw|1123\n|player|p2|Honormon|266|1067\n|teamsize|p1|6\n|teamsize|p2|6\n|gen|9\n|tier|[Gen 9] Doubles OU\n|rated|\n|rule|Species Clause: Limit one of each Pok\u00e9mon\n|rule|OHKO Clause: OHKO moves are banned\n|rule|Evasion Moves Clause: Evasion moves are banned\n|rule|Gravity Sleep Clause: The combination of sleep-inducing moves with imperfect accuracy and Gravity or Gigantamax Orbeetle are banned\n|rule|Endless Battle Clause: Forcing endless battles is banned\n|rule|HP Percentage Mod: HP is shown in percentages\n|clearpoke\n|poke|p1|Dudunsparce-*, F|\n|poke|p1|Flamigo, M|\n|poke|p1|Maushold-Four|\n|poke|p1|Iron Leaves|\n|poke|p1|Basculegion-F, F|\n|poke|p1|Politoed, F|\n|poke|p2|Slaking, M|\n|poke|p2|Grafaiai, F|\n|poke|p2|Drifblim, M|\n|poke|p2|Sinistcha|\n|poke|p2|Snorlax, F|\n|poke|p2|Cresselia, F|\n|teampreview\n|inactive|Battle timer is ON: inactive players will automatically lose when time's up. (requested by Honormon)\n|\n|t:|1700834604\n|start\n|switch|p1a: Dudunsparce|Dudunsparce, F|100\/100\n|switch|p1b: Maushold|Maushold-Four|100\/100\n|switch|p2a: Slaking|Slaking, M|100\/100\n|switch|p2b: Grafaiai|Grafaiai, F|100\/100\n|turn|1\n|\n|t:|1700834627\n|-terastallize|p2a: Slaking|Ghost\n|-terastallize|p1a: Dudunsparce|Ghost\n|move|p2b: Grafaiai|Doodle|p1b: Maushold\n|-endability|p2a: Slaking|Truant|[from] move: Doodle\n|-ability|p2a: Slaking|Friend Guard|[from] move: Doodle\n|-endability|p2b: Grafaiai|Prankster|[from] move: Doodle\n|-ability|p2b: Grafaiai|Friend Guard|[from] move: Doodle\n|move|p1b: Maushold|Beat Up|p1a: Dudunsparce\n|-supereffective|p1a: Dudunsparce\n|-damage|p1a: Dudunsparce|97\/100\n|-ability|p1a: Dudunsparce|Rattled|boost\n|-boost|p1a: Dudunsparce|spe|1\n|-enditem|p1a: Dudunsparce|Weakness Policy\n|-boost|p1a: Dudunsparce|atk|2|[from] item: Weakness Policy\n|-boost|p1a: Dudunsparce|spa|2|[from] item: Weakness Policy\n|-supereffective|p1a: Dudunsparce\n|-damage|p1a: Dudunsparce|93\/100\n|-ability|p1a: Dudunsparce|Rattled|boost\n|-boost|p1a: Dudunsparce|spe|1\n|-supereffective|p1a: Dudunsparce\n|-damage|p1a: Dudunsparce|89\/100\n|-ability|p1a: Dudunsparce|Rattled|boost\n|-boost|p1a: Dudunsparce|spe|1\n|-supereffective|p1a: Dudunsparce\n|-damage|p1a: Dudunsparce|84\/100\n|-ability|p1a: Dudunsparce|Rattled|boost\n|-boost|p1a: Dudunsparce|spe|1\n|-supereffective|p1a: Dudunsparce\n|-damage|p1a: Dudunsparce|80\/100\n|-ability|p1a: Dudunsparce|Rattled|boost\n|-boost|p1a: Dudunsparce|spe|1\n|-supereffective|p1a: Dudunsparce\n|-damage|p1a: Dudunsparce|77\/100\n|-ability|p1a: Dudunsparce|Rattled|boost\n|-boost|p1a: Dudunsparce|spe|1\n|-hitcount|p1a: Dudunsparce|6\n|move|p1a: Dudunsparce|Stored Power|p2a: Slaking\n|-damage|p2a: Slaking|15\/100\n|move|p2a: Slaking|Drain Punch|p1b: Maushold\n|-supereffective|p1b: Maushold\n|-damage|p1b: Maushold|20\/100\n|-heal|p2a: Slaking|43\/100|[from] drain|[of] p1b: Maushold\n|\n|upkeep\n|turn|2\n|inactive|Cryptic_Brawler has 120 seconds left.\n|inactive|Honormon has 120 seconds left.\n|\n|t:|1700834668\n|switch|p2b: Drifblim|Drifblim, M|100\/100\n|move|p2a: Slaking|Protect|p2a: Slaking\n|-singleturn|p2a: Slaking|Protect\n|move|p1a: Dudunsparce|Stored Power|p2a: Slaking\n|-activate|p2a: Slaking|move: Protect\n|move|p1b: Maushold|Tidy Up|p1b: Maushold\n|-boost|p1b: Maushold|atk|1\n|-boost|p1b: Maushold|spe|1\n|\n|-status|p2b: Drifblim|brn|[from] item: Flame Orb\n|upkeep\n|turn|3\n|inactive|Honormon has 120 seconds left.\n|\n|t:|1700834688\n|move|p1b: Maushold|Protect|p1b: Maushold\n|-singleturn|p1b: Maushold|Protect\n|move|p1a: Dudunsparce|Stored Power|p2a: Slaking\n|-damage|p2a: Slaking|0 fnt\n|faint|p2a: Slaking\n|move|p2b: Drifblim|Tailwind|p2b: Drifblim\n|-sidestart|p2: Honormon|move: Tailwind\n|\n|-damage|p2b: Drifblim|94\/100 brn|[from] brn\n|upkeep\n|\n|t:|1700834709\n|switch|p2a: Snorlax|Snorlax, F|100\/100\n|turn|4\n|inactive|Honormon has 120 seconds left.\n|inactive|Cryptic_Brawler has 120 seconds left.\n|\n|t:|1700834743\n|move|p1a: Dudunsparce|Ice Beam|p2b: Drifblim\n|-supereffective|p2b: Drifblim\n|-damage|p2b: Drifblim|0 fnt\n|faint|p2b: Drifblim\n|move|p1b: Maushold|Encore||[still]\n|-fail|p1b: Maushold\n|move|p2a: Snorlax|Stockpile|p2a: Snorlax\n|-start|p2a: Snorlax|stockpile1\n|-boost|p2a: Snorlax|def|1\n|-boost|p2a: Snorlax|spd|1\n|\n|upkeep\n|\n|t:|1700834747\n|switch|p2b: Grafaiai|Grafaiai, F|100\/100\n|turn|5\n|\n|t:|1700834767\n|move|p2b: Grafaiai|Encore|p1a: Dudunsparce\n|-start|p1a: Dudunsparce|Encore\n|move|p1a: Dudunsparce|Ice Beam|p2b: Grafaiai\n|-damage|p2b: Grafaiai|30\/100\n|move|p1b: Maushold|Encore||[still]\n|-fail|p1b: Maushold\n|move|p2a: Snorlax|Stockpile|p2a: Snorlax\n|-start|p2a: Snorlax|stockpile2\n|-boost|p2a: Snorlax|def|1\n|-boost|p2a: Snorlax|spd|1\n|\n|upkeep\n|turn|6\n|\n|t:|1700834782\n|move|p1b: Maushold|Protect|p1b: Maushold\n|-singleturn|p1b: Maushold|Protect\n|move|p2b: Grafaiai|Doodle|p1b: Maushold\n|-endability|p2a: Snorlax|Gluttony|[from] move: Doodle\n|-ability|p2a: Snorlax|Friend Guard|[from] move: Doodle\n|-endability|p2b: Grafaiai|Prankster|[from] move: Doodle\n|-ability|p2b: Grafaiai|Friend Guard|[from] move: Doodle\n|move|p1a: Dudunsparce|Ice Beam|p2a: Snorlax\n|-damage|p2a: Snorlax|89\/100\n|move|p2a: Snorlax|Stockpile|p2a: Snorlax\n|-start|p2a: Snorlax|stockpile3\n|-boost|p2a: Snorlax|def|1\n|-boost|p2a: Snorlax|spd|1\n|\n|-sideend|p2: Honormon|move: Tailwind\n|upkeep\n|turn|7\n|\n|t:|1700834802\n|move|p1a: Dudunsparce|Ice Beam|p2b: Grafaiai\n|-damage|p2b: Grafaiai|0 fnt\n|faint|p2b: Grafaiai\n|move|p1b: Maushold|Tidy Up|p1b: Maushold\n|-boost|p1b: Maushold|atk|1\n|-boost|p1b: Maushold|spe|1\n|move|p2a: Snorlax|Belly Drum|p2a: Snorlax\n|-damage|p2a: Snorlax|39\/100\n|-setboost|p2a: Snorlax|atk|6|[from] move: Belly Drum\n|\n|-end|p1a: Dudunsparce|Encore\n|upkeep\n|\n|t:|1700834804\n|switch|p2b: Sinistcha|Sinistcha|100\/100\n|-heal|p2a: Snorlax|64\/100|[from] ability: Hospitality|[of] p2b: Sinistcha\n|turn|8\n|\n|t:|1700834825\n|move|p1b: Maushold|Protect|p1b: Maushold\n|-singleturn|p1b: Maushold|Protect\n|move|p1a: Dudunsparce|Stored Power|p2b: Sinistcha\n|-damage|p2b: Sinistcha|0 fnt\n|faint|p2b: Sinistcha\n|move|p2a: Snorlax|Crunch|p1a: Dudunsparce\n|-supereffective|p1a: Dudunsparce\n|-damage|p1a: Dudunsparce|0 fnt\n|faint|p1a: Dudunsparce\n|\n|upkeep\n|\n|t:|1700834831\n|switch|p2b: Cresselia|Cresselia, F|100\/100\n|switch|p1a: Flamigo|Flamigo, M|100\/100\n|-copyboost|p1a: Flamigo|p1b: Maushold|[from] ability: Costar\n|turn|9\n|\n|t:|1700834847\n|move|p1b: Maushold|Encore||[still]\n|-fail|p1b: Maushold\n|move|p1a: Flamigo|Close Combat|p2a: Snorlax\n|-supereffective|p2a: Snorlax\n|-damage|p2a: Snorlax|0 fnt\n|-unboost|p1a: Flamigo|def|1\n|-unboost|p1a: Flamigo|spd|1\n|faint|p2a: Snorlax\n|-damage|p1a: Flamigo|91\/100|[from] item: Life Orb\n|move|p2b: Cresselia|Lunar Blessing||[still]\n|-fail|p2b: Cresselia\n|\n|upkeep\n|turn|10\n|-message|Honormon forfeited.\n|\n|win|Cryptic_Brawler\n|raw|Cryptic_Brawler's rating: 1123 &rarr; <strong>1144<\/strong><br \/>(+21 for winning)\n|raw|Honormon's rating: 1067 &rarr; <strong>1050<\/strong><br \/>(-17 for losing)\n|l|\u2606Honormon\n","uploadtime":1700834865,"views":8,"p1id":"crypticbrawler","p2id":"honormon","formatid":"gen9doublesou","rating":1050,"private":0,"password":""}