{"id":"gen9doublesou-1970336447","p1":"SunnyAzumarillTV","p2":"Meme147","format":"[Gen 9] Doubles OU","log":"|j|\u2606SunnyAzumarillTV\n|j|\u2606Meme147\n|t:|1697629174\n|gametype|doubles\n|player|p1|SunnyAzumarillTV|cress|1025\n|player|p2|Meme147|dahlia|1064\n|teamsize|p1|6\n|teamsize|p2|6\n|gen|9\n|tier|[Gen 9] Doubles OU\n|rated|\n|rule|Species Clause: Limit one of each Pok\u00e9mon\n|rule|OHKO Clause: OHKO moves are banned\n|rule|Evasion Moves Clause: Evasion moves are banned\n|rule|Gravity Sleep Clause: The combination of sleep-inducing moves with imperfect accuracy and Gravity or Gigantamax Orbeetle are banned\n|rule|Endless Battle Clause: Forcing endless battles is banned\n|rule|HP Percentage Mod: HP is shown in percentages\n|clearpoke\n|poke|p1|Okidogi, M|\n|poke|p1|Wyrdeer, M|\n|poke|p1|Ogerpon-Hearthflame, F|\n|poke|p1|Rillaboom, M|\n|poke|p1|Sinistcha-Masterpiece|\n|poke|p1|Empoleon, F|\n|poke|p2|Ribombee, F|\n|poke|p2|Volcarona, M|\n|poke|p2|Frosmoth, F|\n|poke|p2|Masquerain, M|\n|poke|p2|Oricorio-Sensu, F|\n|poke|p2|Maushold-Four|\n|teampreview\n|inactive|Battle timer is ON: inactive players will automatically lose when time's up. (requested by Meme147)\n|\n|t:|1697629200\n|start\n|switch|p1a: \u963f\u91cc\u560e\u591aQQ\u6851|Empoleon, F|100\/100\n|switch|p1b: \u6751\u5934\u738b\u4e8c\u72d7|Okidogi, M|100\/100\n|switch|p2a: Dead burd|Oricorio-Sensu, F|100\/100\n|switch|p2b: Bug 1|Ribombee, F|100\/100\n|turn|1\n|inactive|SunnyAzumarillTV has 120 seconds left.\n|\n|t:|1697629245\n|move|p2b: Bug 1|Quiver Dance|p2b: Bug 1\n|-boost|p2b: Bug 1|spa|1\n|-boost|p2b: Bug 1|spd|1\n|-boost|p2b: Bug 1|spe|1\n|-activate|p2a: Dead burd|ability: Dancer\n|move|p2a: Dead burd|Quiver Dance|p2a: Dead burd|[from]ability: Dancer\n|-boost|p2a: Dead burd|spa|1\n|-boost|p2a: Dead burd|spd|1\n|-boost|p2a: Dead burd|spe|1\n|move|p2a: Dead burd|Revelation Dance|p1b: \u6751\u5934\u738b\u4e8c\u72d7\n|-damage|p1b: \u6751\u5934\u738b\u4e8c\u72d7|24\/100\n|move|p1b: \u6751\u5934\u738b\u4e8c\u72d7|Poison Jab|p2b: Bug 1\n|-supereffective|p2b: Bug 1\n|-damage|p2b: Bug 1|0 fnt\n|faint|p2b: Bug 1\n|move|p1a: \u963f\u91cc\u560e\u591aQQ\u6851|Ice Beam|p2a: Dead burd\n|-supereffective|p2a: Dead burd\n|-damage|p2a: Dead burd|51\/100\n|\n|-heal|p2a: Dead burd|58\/100|[from] item: Leftovers\n|upkeep\n|inactive|Meme147 has 120 seconds left.\n|c|\u2606SunnyAzumarillTV|wtf\n|\n|t:|1697629269\n|switch|p2b: Bug 2|Volcarona, M|100\/100\n|turn|2\n|inactive|SunnyAzumarillTV has 120 seconds left.\n|inactive|Meme147 has 120 seconds left.\n|\n|t:|1697629313\n|switch|p1b: \u98de\u821e|Wyrdeer, M|100\/100\n|-ability|p1b: \u98de\u821e|Intimidate|boost\n|-unboost|p2a: Dead burd|atk|1\n|-unboost|p2b: Bug 2|atk|1\n|-terastallize|p2a: Dead burd|Ghost\n|move|p2a: Dead burd|Revelation Dance|p1b: \u98de\u821e\n|-immune|p1b: \u98de\u821e\n|move|p2b: Bug 2|Quiver Dance|p2b: Bug 2\n|-boost|p2b: Bug 2|spa|1\n|-boost|p2b: Bug 2|spd|1\n|-boost|p2b: Bug 2|spe|1\n|-activate|p2a: Dead burd|ability: Dancer\n|move|p2a: Dead burd|Quiver Dance|p2a: Dead burd|[from]ability: Dancer\n|-boost|p2a: Dead burd|spa|1\n|-boost|p2a: Dead burd|spd|1\n|-boost|p2a: Dead burd|spe|1\n|move|p1a: \u963f\u91cc\u560e\u591aQQ\u6851|Hydro Pump|p2b: Bug 2\n|-supereffective|p2b: Bug 2\n|-crit|p2b: Bug 2\n|-damage|p2b: Bug 2|0 fnt\n|faint|p2b: Bug 2\n|\n|-heal|p2a: Dead burd|64\/100|[from] item: Leftovers\n|upkeep\n|inactive|Meme147 has 120 seconds left.\n|\n|t:|1697629340\n|switch|p2b: Bug 3|Frosmoth, F|100\/100\n|turn|3\n|inactive|SunnyAzumarillTV has 120 seconds left.\n|inactive|Meme147 has 120 seconds left.\n|\n|t:|1697629371\n|move|p2a: Dead burd|Air Slash|p1b: \u98de\u821e\n|-damage|p1b: \u98de\u821e|51\/100\n|move|p2b: Bug 3|Quiver Dance|p2b: Bug 3\n|-boost|p2b: Bug 3|spa|1\n|-boost|p2b: Bug 3|spd|1\n|-boost|p2b: Bug 3|spe|1\n|-activate|p2a: Dead burd|ability: Dancer\n|move|p2a: Dead burd|Quiver Dance|p2a: Dead burd|[from]ability: Dancer\n|-boost|p2a: Dead burd|spa|1\n|-boost|p2a: Dead burd|spd|1\n|-boost|p2a: Dead burd|spe|1\n|move|p1b: \u98de\u821e|Light Screen|p1b: \u98de\u821e\n|-sidestart|p1: SunnyAzumarillTV|move: Light Screen\n|move|p1a: \u963f\u91cc\u560e\u591aQQ\u6851|Flash Cannon|p2b: Bug 3\n|-supereffective|p2b: Bug 3\n|-damage|p2b: Bug 3|66\/100\n|\n|-heal|p2a: Dead burd|70\/100|[from] item: Leftovers\n|-heal|p2b: Bug 3|72\/100|[from] item: Leftovers\n|-heal|p1b: \u98de\u821e|58\/100|[from] item: Leftovers\n|upkeep\n|turn|4\n|inactive|Meme147 has 120 seconds left.\n|inactive|SunnyAzumarillTV has 90 seconds left.\n|\n|t:|1697629411\n|switch|p1a: \u5c0f\u7ea2\u5e3d\u4e00\u62b9\u8c46|Ogerpon-Hearthflame, F|100\/100\n|-ability|p1a: \u5c0f\u7ea2\u5e3d\u4e00\u62b9\u8c46|Mold Breaker\n|move|p2a: Dead burd|Air Slash|p1b: \u98de\u821e\n|-damage|p1b: \u98de\u821e|12\/100\n|move|p2b: Bug 3|Quiver Dance|p2b: Bug 3\n|-boost|p2b: Bug 3|spa|1\n|-boost|p2b: Bug 3|spd|1\n|-boost|p2b: Bug 3|spe|1\n|-activate|p2a: Dead burd|ability: Dancer\n|move|p2a: Dead burd|Quiver Dance|p2a: Dead burd|[from]ability: Dancer\n|-boost|p2a: Dead burd|spa|1\n|-boost|p2a: Dead burd|spd|1\n|-boost|p2a: Dead burd|spe|1\n|cant|p1b: \u98de\u821e|flinch\n|\n|-heal|p2a: Dead burd|76\/100|[from] item: Leftovers\n|-heal|p2b: Bug 3|78\/100|[from] item: Leftovers\n|-heal|p1b: \u98de\u821e|18\/100|[from] item: Leftovers\n|upkeep\n|turn|5\n|inactive|SunnyAzumarillTV has 90 seconds left.\n|inactive|Meme147 has 120 seconds left.\n|\n|t:|1697629449\n|-terastallize|p1a: \u5c0f\u7ea2\u5e3d\u4e00\u62b9\u8c46|Fire\n|detailschange|p1a: \u5c0f\u7ea2\u5e3d\u4e00\u62b9\u8c46|Ogerpon-Hearthflame-Tera, F, tera:Fire\n|-ability|p1a: \u5c0f\u7ea2\u5e3d\u4e00\u62b9\u8c46|Embody Aspect (Hearthflame)|boost\n|-boost|p1a: \u5c0f\u7ea2\u5e3d\u4e00\u62b9\u8c46|atk|1\n|move|p2a: Dead burd|Air Slash|p1b: \u98de\u821e\n|-damage|p1b: \u98de\u821e|0 fnt\n|faint|p1b: \u98de\u821e\n|move|p2b: Bug 3|Blizzard|p1a: \u5c0f\u7ea2\u5e3d\u4e00\u62b9\u8c46\n|-resisted|p1a: \u5c0f\u7ea2\u5e3d\u4e00\u62b9\u8c46\n|-damage|p1a: \u5c0f\u7ea2\u5e3d\u4e00\u62b9\u8c46|52\/100\n|move|p1a: \u5c0f\u7ea2\u5e3d\u4e00\u62b9\u8c46|Ivy Cudgel|p2a: Dead burd\n|-damage|p2a: Dead burd|0 fnt\n|faint|p2a: Dead burd\n|\n|-heal|p2b: Bug 3|84\/100|[from] item: Leftovers\n|upkeep\n|inactive|SunnyAzumarillTV has 90 seconds left.\n|inactive|Meme147 has 120 seconds left.\n|\n|t:|1697629486\n|switch|p2a: Bug 4|Masquerain, M|100\/100\n|switch|p1b: \u4e2d\u56fd\u7329\u7329\u8d85\u7ea7\u5927BOY|Rillaboom, M|100\/100\n|-ability|p2a: Bug 4|Unnerve\n|-fieldstart|move: Grassy Terrain|[from] ability: Grassy Surge|[of] p1b: \u4e2d\u56fd\u7329\u7329\u8d85\u7ea7\u5927BOY\n|turn|6\n|\n|t:|1697629510\n|move|p1b: \u4e2d\u56fd\u7329\u7329\u8d85\u7ea7\u5927BOY|Fake Out|p2b: Bug 3\n|-damage|p2b: Bug 3|49\/100\n|-damage|p1b: \u4e2d\u56fd\u7329\u7329\u8d85\u7ea7\u5927BOY|91\/100|[from] item: Life Orb\n|cant|p2b: Bug 3|flinch\n|move|p1a: \u5c0f\u7ea2\u5e3d\u4e00\u62b9\u8c46|Ivy Cudgel|p2b: Bug 3\n|-supereffective|p2b: Bug 3\n|-damage|p2b: Bug 3|0 fnt\n|faint|p2b: Bug 3\n|move|p2a: Bug 4|Air Slash|p1a: \u5c0f\u7ea2\u5e3d\u4e00\u62b9\u8c46\n|-damage|p1a: \u5c0f\u7ea2\u5e3d\u4e00\u62b9\u8c46|24\/100\n|\n|-heal|p1a: \u5c0f\u7ea2\u5e3d\u4e00\u62b9\u8c46|30\/100|[from] Grassy Terrain\n|-heal|p1b: \u4e2d\u56fd\u7329\u7329\u8d85\u7ea7\u5927BOY|97\/100|[from] Grassy Terrain\n|upkeep\n|inactive|Meme147 has 120 seconds left.\n|\n|t:|1697629526\n|switch|p2b: A family of four|Maushold-Four|100\/100\n|turn|7\n|inactive|Meme147 has 120 seconds left.\n|\n|t:|1697629548\n|move|p1b: \u4e2d\u56fd\u7329\u7329\u8d85\u7ea7\u5927BOY|Grassy Glide|p2b: A family of four\n|-damage|p2b: A family of four|16\/100\n|-damage|p1b: \u4e2d\u56fd\u7329\u7329\u8d85\u7ea7\u5927BOY|87\/100|[from] item: Life Orb\n|move|p2b: A family of four|Population Bomb|p1a: \u5c0f\u7ea2\u5e3d\u4e00\u62b9\u8c46\n|-damage|p1a: \u5c0f\u7ea2\u5e3d\u4e00\u62b9\u8c46|14\/100\n|-hitcount|p1a: \u5c0f\u7ea2\u5e3d\u4e00\u62b9\u8c46|1\n|move|p1a: \u5c0f\u7ea2\u5e3d\u4e00\u62b9\u8c46|Ivy Cudgel|p2a: Bug 4\n|-supereffective|p2a: Bug 4\n|-damage|p2a: Bug 4|0 fnt\n|faint|p2a: Bug 4\n|\n|-heal|p2b: A family of four|23\/100|[from] Grassy Terrain\n|-heal|p2b: A family of four|29\/100|[from] item: Leftovers\n|-heal|p1a: \u5c0f\u7ea2\u5e3d\u4e00\u62b9\u8c46|20\/100|[from] Grassy Terrain\n|-heal|p1b: \u4e2d\u56fd\u7329\u7329\u8d85\u7ea7\u5927BOY|93\/100|[from] Grassy Terrain\n|-sideend|p1: SunnyAzumarillTV|move: Light Screen\n|upkeep\n|turn|8\n|-message|Meme147 forfeited.\n|\n|win|SunnyAzumarillTV\n|raw|SunnyAzumarillTV's rating: 1025 &rarr; <strong>1065<\/strong><br \/>(+40 for winning)\n|raw|Meme147's rating: 1064 &rarr; <strong>1042<\/strong><br \/>(-22 for losing)\n|l|\u2606Meme147\n","uploadtime":1697629578,"views":11,"p1id":"sunnyazumarilltv","p2id":"meme147","formatid":"gen9doublesou","rating":1042,"private":0,"password":""}