{"id":"gen9doublesou-1991984823","p1":"Blue Syrius","p2":"villainsin","format":"[Gen 9] Doubles OU","log":"|j|\u2606Blue Syrius\n|j|\u2606villainsin\n|t:|1700145140\n|gametype|doubles\n|player|p1|Blue Syrius|ninjaboy|1437\n|player|p2|villainsin|fantina|1334\n|teamsize|p1|6\n|teamsize|p2|6\n|gen|9\n|tier|[Gen 9] Doubles OU\n|rated|\n|rule|Species Clause: Limit one of each Pok\u00e9mon\n|rule|OHKO Clause: OHKO moves are banned\n|rule|Evasion Moves Clause: Evasion moves are banned\n|rule|Gravity Sleep Clause: The combination of sleep-inducing moves with imperfect accuracy and Gravity or Gigantamax Orbeetle are banned\n|rule|Endless Battle Clause: Forcing endless battles is banned\n|rule|HP Percentage Mod: HP is shown in percentages\n|clearpoke\n|poke|p1|Farigiraf, F|\n|poke|p1|Chien-Pao|\n|poke|p1|Garchomp, M|\n|poke|p1|Tornadus, M|\n|poke|p1|Flutter Mane|\n|poke|p1|Chi-Yu|\n|poke|p2|Palafin, M|\n|poke|p2|Ursaluna-Bloodmoon, M|\n|poke|p2|Baxcalibur, M|\n|poke|p2|Ninetales-Alola, M|\n|poke|p2|Gliscor, M|\n|poke|p2|Lucario, M|\n|teampreview\n|inactive|Battle timer is ON: inactive players will automatically lose when time's up. (requested by Blue Syrius)\n|\n|t:|1700145155\n|start\n|switch|p1a: Stealth Rock|Garchomp, M|100\/100\n|switch|p1b: Nasty Plot|Tornadus, M|100\/100\n|switch|p2a: tee grizzley|Ursaluna-Bloodmoon, M|100\/100\n|switch|p2b: zack foxx|Ninetales-Alola, M|100\/100\n|-weather|Snow|[from] ability: Snow Warning|[of] p2b: zack foxx\n|turn|1\n|j| Trifortay\n|\n|t:|1700145176\n|-terastallize|p1a: Stealth Rock|Steel\n|move|p1b: Nasty Plot|Heat Wave|p2b: zack foxx|[spread] p2a\n|-miss|p1b: Nasty Plot|p2b: zack foxx\n|-damage|p2a: tee grizzley|73\/100\n|move|p2b: zack foxx|Aurora Veil|p2b: zack foxx\n|-sidestart|p2: villainsin|move: Aurora Veil\n|move|p1a: Stealth Rock|Swords Dance|p1a: Stealth Rock\n|-boost|p1a: Stealth Rock|atk|2\n|move|p2a: tee grizzley|Hyper Voice|p1a: Stealth Rock|[spread] p1a,p1b\n|-resisted|p1a: Stealth Rock\n|-damage|p1a: Stealth Rock|83\/100\n|-damage|p1b: Nasty Plot|50\/100\n|-enditem|p2a: tee grizzley|Throat Spray\n|-boost|p2a: tee grizzley|spa|1|[from] item: Throat Spray\n|\n|-weather|Snow|[upkeep]\n|upkeep\n|turn|2\n|n| TriFire3|trifortay\n|\n|t:|1700145209\n|switch|p2b: young dolph|Palafin, M|100\/100\n|move|p1b: Nasty Plot|Heat Wave|p2a: tee grizzley|[spread] p2a,p2b\n|-crit|p2a: tee grizzley\n|-resisted|p2b: young dolph\n|-damage|p2a: tee grizzley|29\/100\n|-damage|p2b: young dolph|88\/100\n|-status|p2b: young dolph|brn\n|move|p1a: Stealth Rock|Earthquake|p2a: tee grizzley|[spread] p2a,p2b\n|-immune|p1b: Nasty Plot\n|-damage|p2a: tee grizzley|0 fnt\n|-damage|p2b: young dolph|19\/100 brn\n|faint|p2a: tee grizzley\n|\n|-weather|Snow|[upkeep]\n|-damage|p2b: young dolph|13\/100 brn|[from] brn\n|upkeep\n|inactive|villainsin has 120 seconds left.\n|\n|t:|1700145226\n|switch|p2a: drake|Baxcalibur, M|100\/100\n|turn|3\n|\n|t:|1700145243\n|move|p1b: Nasty Plot|Tailwind|p1b: Nasty Plot\n|-sidestart|p1: Blue Syrius|move: Tailwind\n|move|p1a: Stealth Rock|Rock Slide|p2b: young dolph|[spread] p2b\n|-miss|p1a: Stealth Rock|p2a: drake\n|-damage|p2b: young dolph|0 fnt\n|faint|p2b: young dolph\n|move|p2a: drake|High Horsepower|p1a: Stealth Rock\n|-supereffective|p1a: Stealth Rock\n|-damage|p1a: Stealth Rock|16\/100\n|-damage|p2a: drake|88\/100|[from] ability: Rough Skin|[of] p1a: Stealth Rock\n|\n|-weather|Snow|[upkeep]\n|-heal|p2a: drake|94\/100|[from] ability: Ice Body\n|upkeep\n|\n|t:|1700145258\n|switch|p2b: playboi carti|Gliscor, M|100\/100\n|turn|4\n|\n|t:|1700145267\n|-terastallize|p2b: playboi carti|Steel\n|move|p1b: Nasty Plot|Heat Wave|p2a: drake|[spread] p2a,p2b\n|-supereffective|p2b: playboi carti\n|-damage|p2a: drake|80\/100\n|-damage|p2b: playboi carti|51\/100\n|-status|p2a: drake|brn\n|move|p1a: Stealth Rock|Rock Slide|p2a: drake|[spread] p2a,p2b\n|-supereffective|p2a: drake\n|-resisted|p2b: playboi carti\n|-damage|p2a: drake|47\/100 brn\n|-damage|p2b: playboi carti|38\/100\n|move|p2b: playboi carti|Swords Dance|p2b: playboi carti\n|-boost|p2b: playboi carti|atk|2\n|move|p2a: drake|High Horsepower|p1a: Stealth Rock\n|-supereffective|p1a: Stealth Rock\n|-damage|p1a: Stealth Rock|0 fnt\n|-damage|p2a: drake|35\/100 brn|[from] ability: Rough Skin|[of] p1a: Stealth Rock\n|faint|p1a: Stealth Rock\n|\n|-weather|Snow|[upkeep]\n|-heal|p2a: drake|41\/100 brn|[from] ability: Ice Body\n|-damage|p2a: drake|35\/100 brn|[from] brn\n|upkeep\n|inactive|Blue Syrius has 120 seconds left.\n|\n|t:|1700145299\n|switch|p1a: Swords Dance|Chien-Pao|100\/100\n|-ability|p1a: Swords Dance|Sword of Ruin\n|turn|5\n|\n|t:|1700145312\n|move|p1a: Swords Dance|Sacred Sword|p2b: playboi carti\n|-supereffective|p2b: playboi carti\n|-damage|p2b: playboi carti|0 fnt\n|faint|p2b: playboi carti\n|move|p1b: Nasty Plot|Heat Wave|p2a: drake\n|-damage|p2a: drake|15\/100 brn\n|-enditem|p2a: drake|Aguav Berry|[eat]\n|-heal|p2a: drake|48\/100 brn|[from] item: Aguav Berry\n|move|p2a: drake|Icicle Crash|p1b: Nasty Plot\n|-supereffective|p1b: Nasty Plot\n|-damage|p1b: Nasty Plot|0 fnt\n|faint|p1b: Nasty Plot\n|\n|-weather|none\n|-damage|p2a: drake|42\/100 brn|[from] brn\n|upkeep\n|\n|t:|1700145334\n|switch|p1b: Trick Room|Farigiraf, F|100\/100\n|switch|p2b: snoop dogg|Lucario, M|100\/100\n|turn|6\n|\n|t:|1700145342\n|move|p1a: Swords Dance|Sacred Sword|p2b: snoop dogg\n|-supereffective|p2b: snoop dogg\n|-damage|p2b: snoop dogg|17\/100\n|-enditem|p2b: snoop dogg|Aguav Berry|[eat]\n|-heal|p2b: snoop dogg|50\/100|[from] item: Aguav Berry\n|move|p1b: Trick Room|Hyper Voice|p2b: snoop dogg|[spread] p2a,p2b\n|-resisted|p2b: snoop dogg\n|-damage|p2a: drake|23\/100 brn\n|-damage|p2b: snoop dogg|30\/100\n|move|p2b: snoop dogg|Close Combat|p1a: Swords Dance\n|-supereffective|p1a: Swords Dance\n|-enditem|p1a: Swords Dance|Focus Sash\n|-damage|p1a: Swords Dance|1\/100\n|-unboost|p2b: snoop dogg|def|1\n|-unboost|p2b: snoop dogg|spd|1\n|move|p2a: drake|Glaive Rush|p1b: Trick Room\n|-damage|p1b: Trick Room|46\/100\n|-singlemove|p2a: drake|Glaive Rush|[silent]\n|-enditem|p1b: Trick Room|Sitrus Berry|[eat]\n|-heal|p1b: Trick Room|71\/100|[from] item: Sitrus Berry\n|\n|-damage|p2a: drake|16\/100 brn|[from] brn\n|-sideend|p1: Blue Syrius|move: Tailwind\n|upkeep\n|turn|7\n|l| TriFire3\n|\n|t:|1700145372\n|switch|p1b: Psyshock|Flutter Mane|100\/100\n|-enditem|p1b: Psyshock|Booster Energy\n|-activate|p1b: Psyshock|ability: Protosynthesis|[fromitem]\n|-start|p1b: Psyshock|protosynthesisspa\n|move|p2b: snoop dogg|Protect|p2b: snoop dogg\n|-singleturn|p2b: snoop dogg|Protect\n|move|p1a: Swords Dance|Sacred Sword|p2b: snoop dogg\n|-activate|p2b: snoop dogg|move: Protect\n|move|p2a: drake|Glaive Rush|p1b: Psyshock\n|-immune|p1b: Psyshock\n|\n|-damage|p2a: drake|10\/100 brn|[from] brn\n|upkeep\n|turn|8\n|\n|t:|1700145391\n|move|p2b: snoop dogg|Bullet Punch|p1a: Swords Dance\n|-supereffective|p1a: Swords Dance\n|-damage|p1a: Swords Dance|0 fnt\n|faint|p1a: Swords Dance\n|move|p1b: Psyshock|Dazzling Gleam|p2b: snoop dogg|[spread] p2a,p2b\n|-supereffective|p2a: drake\n|-crit|p2a: drake\n|-damage|p2a: drake|0 fnt\n|-damage|p2b: snoop dogg|0 fnt\n|faint|p2a: drake\n|faint|p2b: snoop dogg\n|\n|-sideend|p2: villainsin|move: Aurora Veil\n|upkeep\n|\n|t:|1700145402\n|switch|p1a: Protect|Chi-Yu|100\/100\n|switch|p2b: zack foxx|Ninetales-Alola, M|100\/100\n|-ability|p1a: Protect|Beads of Ruin\n|-weather|Snow|[from] ability: Snow Warning|[of] p2b: zack foxx\n|turn|9\n|c|\u2606Blue Syrius|gg\n|c|\u2606villainsin|gg\n|\n|t:|1700145411\n|move|p1a: Protect|Flamethrower|p2b: zack foxx\n|-supereffective|p2b: zack foxx\n|-damage|p2b: zack foxx|0 fnt\n|faint|p2b: zack foxx\n|\n|win|Blue Syrius\n|raw|Blue Syrius's rating: 1437 &rarr; <strong>1451<\/strong><br \/>(+14 for winning)\n|raw|villainsin's rating: 1334 &rarr; <strong>1320<\/strong><br \/>(-14 for losing)\n","uploadtime":1700145419,"views":9,"p1id":"bluesyrius","p2id":"villainsin","formatid":"gen9doublesou","rating":1320,"private":0,"password":""}