{"id":"gen9doublesou-1976108086","p1":"Yurifishnfllyy","p2":"TheW1111","format":"[Gen 9] Doubles OU","log":"|j|\u2606Yurifishnfllyy\n|j|\u2606TheW1111\n|t:|1698264336\n|gametype|doubles\n|player|p1|Yurifishnfllyy|hoopster|1095\n|player|p2|TheW1111|linebacker|1135\n|teamsize|p1|6\n|teamsize|p2|6\n|gen|9\n|tier|[Gen 9] Doubles OU\n|rated|\n|rule|Species Clause: Limit one of each Pok\u00e9mon\n|rule|OHKO Clause: OHKO moves are banned\n|rule|Evasion Moves Clause: Evasion moves are banned\n|rule|Gravity Sleep Clause: The combination of sleep-inducing moves with imperfect accuracy and Gravity or Gigantamax Orbeetle are banned\n|rule|Endless Battle Clause: Forcing endless battles is banned\n|rule|HP Percentage Mod: HP is shown in percentages\n|clearpoke\n|poke|p1|Kommo-o, M|\n|poke|p1|Espeon, M|\n|poke|p1|Tornadus, M|\n|poke|p1|Iron Hands|\n|poke|p1|Arcanine-Hisui, M|\n|poke|p1|Sinistcha-Masterpiece|\n|poke|p2|Empoleon, F|\n|poke|p2|Meowscarada, F|\n|poke|p2|Ursaluna-Bloodmoon, M|\n|poke|p2|Conkeldurr, M|\n|poke|p2|Mew|\n|poke|p2|Decidueye, M|\n|teampreview\n|\n|t:|1698264345\n|start\n|switch|p1a: Iron Hands|Iron Hands, shiny|100\/100\n|switch|p1b: Tornadus|Tornadus, M, shiny|100\/100\n|switch|p2a: Empoleon|Empoleon, F|100\/100\n|switch|p2b: Meowscarada|Meowscarada, F|100\/100\n|turn|1\n|\n|t:|1698264369\n|move|p1a: Iron Hands|Fake Out|p2b: Meowscarada\n|-damage|p2b: Meowscarada|76\/100\n|move|p1b: Tornadus|Tailwind|p1b: Tornadus\n|-sidestart|p1: Yurifishnfllyy|move: Tailwind\n|cant|p2b: Meowscarada|flinch\n|move|p2a: Empoleon|Water Pledge|p1b: Tornadus\n|-damage|p1b: Tornadus|60\/100\n|-damage|p2a: Empoleon|91\/100|[from] item: Life Orb\n|\n|-heal|p2b: Meowscarada|82\/100|[from] item: Leftovers\n|upkeep\n|turn|2\n|\n|t:|1698264393\n|move|p1b: Tornadus|Bleakwind Storm|p2a: Empoleon|[spread] p2a,p2b\n|-resisted|p2a: Empoleon\n|-supereffective|p2b: Meowscarada\n|-damage|p2a: Empoleon|77\/100\n|-damage|p2b: Meowscarada|1\/100\n|move|p2b: Meowscarada|Grass Pledge|p1b: Tornadus\n|-waiting|p2b: Meowscarada|p2a: Empoleon\n|move|p2a: Empoleon|Water Pledge|p1b: Tornadus|[from]move: Grass Pledge\n|-combine\n|-resisted|p1b: Tornadus\n|-damage|p1b: Tornadus|21\/100\n|-sidestart|p1: Yurifishnfllyy|Grass Pledge\n|-damage|p2a: Empoleon|67\/100|[from] item: Life Orb\n|move|p1a: Iron Hands|Drain Punch|p2a: Empoleon\n|-supereffective|p2a: Empoleon\n|-damage|p2a: Empoleon|0 fnt\n|faint|p2a: Empoleon\n|\n|-heal|p2b: Meowscarada|7\/100|[from] item: Leftovers\n|upkeep\n|\n|t:|1698264417\n|switch|p2a: Ursaluna|Ursaluna-Bloodmoon, M|100\/100\n|turn|3\n|\n|t:|1698264481\n|move|p2b: Meowscarada|Grass Pledge|p1a: Iron Hands\n|-start|p2b: Meowscarada|typechange|Grass|[from] ability: Protean\n|-damage|p1a: Iron Hands|87\/100\n|move|p2a: Ursaluna|Earth Power|p1a: Iron Hands\n|-supereffective|p1a: Iron Hands\n|-damage|p1a: Iron Hands|25\/100\n|move|p1b: Tornadus|Fling|p2a: Ursaluna\n|-damage|p2a: Ursaluna|94\/100\n|-enditem|p1b: Tornadus|King's Rock|[from] move: Fling\n|move|p1a: Iron Hands|Drain Punch|p2b: Meowscarada\n|-damage|p2b: Meowscarada|0 fnt\n|-heal|p1a: Iron Hands|28\/100|[from] drain|[of] p2b: Meowscarada\n|faint|p2b: Meowscarada\n|\n|upkeep\n|\n|t:|1698264499\n|switch|p2b: Conkeldurr|Conkeldurr, M|100\/100\n|turn|4\n|\n|t:|1698264537\n|move|p2b: Conkeldurr|Facade|p1a: Iron Hands\n|-damage|p1a: Iron Hands|11\/100\n|move|p2a: Ursaluna|Hyper Voice|p1a: Iron Hands|[spread] p1a,p1b\n|-damage|p1a: Iron Hands|0 fnt\n|-damage|p1b: Tornadus|0 fnt\n|faint|p1a: Iron Hands\n|-end|p1a: Iron Hands|Quark Drive|[silent]\n|faint|p1b: Tornadus\n|\n|-sideend|p1: Yurifishnfllyy|move: Tailwind\n|-status|p2b: Conkeldurr|brn|[from] item: Flame Orb\n|upkeep\n|\n|t:|1698264564\n|switch|p1b: Arcanine|Arcanine-Hisui, M, shiny|100\/100\n|switch|p1a: Sinistcha|Sinistcha-Masterpiece, shiny|100\/100\n|-ability|p1b: Arcanine|Intimidate|boost\n|-unboost|p2a: Ursaluna|atk|1\n|-unboost|p2b: Conkeldurr|atk|1\n|turn|5\n|\n|t:|1698264592\n|-terastallize|p1b: Arcanine|Normal\n|move|p1b: Arcanine|Extreme Speed|p2a: Ursaluna\n|-damage|p2a: Ursaluna|51\/100\n|move|p2b: Conkeldurr|Knock Off|p1a: Sinistcha\n|-supereffective|p1a: Sinistcha\n|-damage|p1a: Sinistcha|47\/100\n|-enditem|p1a: Sinistcha|Sitrus Berry|[from] move: Knock Off|[of] p2b: Conkeldurr\n|move|p2a: Ursaluna|Earth Power|p1b: Arcanine\n|-damage|p1b: Arcanine|39\/100\n|move|p1a: Sinistcha|Matcha Gotcha|p2a: Ursaluna|[spread] p2a,p2b\n|-supereffective|p2a: Ursaluna\n|-damage|p2a: Ursaluna|0 fnt\n|-heal|p1a: Sinistcha|76\/100|[from] drain|[of] p2a: Ursaluna\n|-damage|p2b: Conkeldurr|69\/100 brn\n|-heal|p1a: Sinistcha|92\/100|[from] drain|[of] p2b: Conkeldurr\n|faint|p2a: Ursaluna\n|\n|-damage|p2b: Conkeldurr|63\/100 brn|[from] brn\n|-sideend|p1: Yurifishnfllyy|Grass Pledge\n|upkeep\n|\n|t:|1698264620\n|switch|p2a: Mew|Mew|100\/100\n|turn|6\n|\n|t:|1698264645\n|move|p1b: Arcanine|Extreme Speed|p2b: Conkeldurr\n|-damage|p2b: Conkeldurr|9\/100 brn\n|move|p2b: Conkeldurr|Mach Punch|p1b: Arcanine\n|-supereffective|p1b: Arcanine\n|-damage|p1b: Arcanine|0 fnt\n|faint|p1b: Arcanine\n|move|p2a: Mew|Pollen Puff|p2b: Conkeldurr\n|-heal|p2b: Conkeldurr|59\/100 brn\n|move|p1a: Sinistcha|Matcha Gotcha|p2b: Conkeldurr|[spread] p2a,p2b\n|-crit|p2a: Mew\n|-damage|p2a: Mew|69\/100\n|-heal|p1a: Sinistcha|100\/100|[from] drain|[of] p2a: Mew\n|-damage|p2b: Conkeldurr|25\/100 brn\n|-status|p2a: Mew|brn\n|-activate|p2a: Mew|ability: Synchronize\n|-status|p1a: Sinistcha|brn\n|\n|-damage|p2a: Mew|62\/100 brn|[from] brn\n|-damage|p2b: Conkeldurr|19\/100 brn|[from] brn\n|-damage|p1a: Sinistcha|94\/100 brn|[from] brn\n|upkeep\n|\n|t:|1698264669\n|switch|p1b: Espeon|Espeon, M, shiny|100\/100\n|turn|7\n|\n|t:|1698264694\n|move|p1b: Espeon|Protect|p1b: Espeon\n|-singleturn|p1b: Espeon|Protect\n|move|p2a: Mew|Pollen Puff|p2b: Conkeldurr\n|-heal|p2b: Conkeldurr|69\/100 brn\n|move|p2b: Conkeldurr|Knock Off|p1b: Espeon\n|-activate|p1b: Espeon|move: Protect\n|move|p1a: Sinistcha|Matcha Gotcha|p2a: Mew|[spread] p2b\n|-miss|p1a: Sinistcha|p2a: Mew\n|-crit|p2b: Conkeldurr\n|-damage|p2b: Conkeldurr|20\/100 brn\n|-heal|p1a: Sinistcha|100\/100 brn|[from] drain|[of] p2b: Conkeldurr\n|\n|-damage|p2a: Mew|56\/100 brn|[from] brn\n|-damage|p2b: Conkeldurr|14\/100 brn|[from] brn\n|-damage|p1a: Sinistcha|94\/100 brn|[from] brn\n|upkeep\n|turn|8\n|\n|t:|1698264716\n|switch|p1b: Kommo-o|Kommo-o, M, shiny|100\/100\n|move|p2a: Mew|Pollen Puff|p2b: Conkeldurr\n|-heal|p2b: Conkeldurr|64\/100 brn\n|move|p2b: Conkeldurr|Knock Off|p1a: Sinistcha\n|-supereffective|p1a: Sinistcha\n|-damage|p1a: Sinistcha|58\/100 brn\n|move|p1a: Sinistcha|Matcha Gotcha|p2a: Mew|[spread] p2a,p2b\n|-damage|p2a: Mew|36\/100 brn\n|-heal|p1a: Sinistcha|70\/100 brn|[from] drain|[of] p2a: Mew\n|-damage|p2b: Conkeldurr|31\/100 brn\n|-heal|p1a: Sinistcha|87\/100 brn|[from] drain|[of] p2b: Conkeldurr\n|\n|-damage|p2a: Mew|30\/100 brn|[from] brn\n|-damage|p2b: Conkeldurr|25\/100 brn|[from] brn\n|-damage|p1a: Sinistcha|81\/100 brn|[from] brn\n|upkeep\n|turn|9\n|\n|t:|1698264738\n|move|p2a: Mew|Helping Hand|p2b: Conkeldurr\n|-singleturn|p2b: Conkeldurr|Helping Hand|[of] p2a: Mew\n|move|p1b: Kommo-o|Clangorous Soul|p1b: Kommo-o\n|-boost|p1b: Kommo-o|atk|1\n|-boost|p1b: Kommo-o|def|1\n|-boost|p1b: Kommo-o|spa|1\n|-boost|p1b: Kommo-o|spd|1\n|-boost|p1b: Kommo-o|spe|1\n|-damage|p1b: Kommo-o|68\/100\n|move|p2b: Conkeldurr|Close Combat|p1b: Kommo-o\n|-damage|p1b: Kommo-o|2\/100\n|-unboost|p2b: Conkeldurr|def|1\n|-unboost|p2b: Conkeldurr|spd|1\n|move|p1a: Sinistcha|Matcha Gotcha|p2a: Mew|[spread] p2a,p2b\n|-damage|p2a: Mew|8\/100 brn\n|-heal|p1a: Sinistcha|94\/100 brn|[from] drain|[of] p2a: Mew\n|-damage|p2b: Conkeldurr|0 fnt\n|-heal|p1a: Sinistcha|100\/100 brn|[from] drain|[of] p2b: Conkeldurr\n|faint|p2b: Conkeldurr\n|\n|-damage|p2a: Mew|2\/100 brn|[from] brn\n|-damage|p1a: Sinistcha|94\/100 brn|[from] brn\n|upkeep\n|\n|t:|1698264749\n|switch|p2b: Decidueye|Decidueye, M|100\/100\n|turn|10\n|\n|t:|1698264767\n|move|p1b: Kommo-o|Protect|p1b: Kommo-o\n|-singleturn|p1b: Kommo-o|Protect\n|move|p2a: Mew|Water Pledge|p1b: Kommo-o\n|-waiting|p2a: Mew|p2b: Decidueye\n|move|p2b: Decidueye|Grass Pledge|p1b: Kommo-o|[from]move: Water Pledge\n|-activate|p1b: Kommo-o|move: Protect\n|move|p1a: Sinistcha|Matcha Gotcha|p2a: Mew|[spread] p2a,p2b\n|-resisted|p2b: Decidueye\n|-damage|p2a: Mew|0 fnt\n|-heal|p1a: Sinistcha|95\/100 brn|[from] drain|[of] p2a: Mew\n|-damage|p2b: Decidueye|87\/100\n|-heal|p1a: Sinistcha|100\/100 brn|[from] drain|[of] p2b: Decidueye\n|faint|p2a: Mew\n|\n|-damage|p1a: Sinistcha|94\/100 brn|[from] brn\n|upkeep\n|turn|11\n|\n|t:|1698264795\n|move|p1a: Sinistcha|Rage Powder|p1a: Sinistcha\n|-singleturn|p1a: Sinistcha|move: Rage Powder\n|move|p1b: Kommo-o|Iron Head|p2b: Decidueye\n|-damage|p2b: Decidueye|42\/100\n|move|p2b: Decidueye|Giga Drain|p1b: Kommo-o\n|-resisted|p1b: Kommo-o\n|-damage|p1b: Kommo-o|0 fnt\n|-heal|p2b: Decidueye|43\/100|[from] drain|[of] p1b: Kommo-o\n|faint|p1b: Kommo-o\n|-damage|p2b: Decidueye|33\/100|[from] item: Life Orb\n|\n|-damage|p1a: Sinistcha|88\/100 brn|[from] brn\n|upkeep\n|\n|t:|1698264808\n|switch|p1b: Espeon|Espeon, M, shiny|100\/100\n|turn|12\n|\n|t:|1698264817\n|move|p1b: Espeon|Protect|p1b: Espeon\n|-singleturn|p1b: Espeon|Protect\n|move|p2b: Decidueye|Shadow Ball|p1b: Espeon\n|-activate|p1b: Espeon|move: Protect\n|move|p1a: Sinistcha|Matcha Gotcha|p2b: Decidueye|[miss]\n|-miss|p1a: Sinistcha|p2b: Decidueye\n|\n|-damage|p1a: Sinistcha|82\/100 brn|[from] brn\n|upkeep\n|turn|13\n|\n|t:|1698264832\n|move|p1b: Espeon|Draining Kiss|p2b: Decidueye\n|-damage|p2b: Decidueye|12\/100\n|move|p2b: Decidueye|Shadow Ball|p1b: Espeon\n|-supereffective|p1b: Espeon\n|-damage|p1b: Espeon|0 fnt\n|faint|p1b: Espeon\n|-damage|p2b: Decidueye|2\/100|[from] item: Life Orb\n|move|p1a: Sinistcha|Matcha Gotcha|p2b: Decidueye|[miss]\n|-miss|p1a: Sinistcha|p2b: Decidueye\n|\n|-damage|p1a: Sinistcha|76\/100 brn|[from] brn\n|upkeep\n|turn|14\n|\n|t:|1698264849\n|move|p2b: Decidueye|Shadow Ball|p1a: Sinistcha\n|-supereffective|p1a: Sinistcha\n|-damage|p1a: Sinistcha|0 fnt\n|faint|p1a: Sinistcha\n|-damage|p2b: Decidueye|0 fnt|[from] item: Life Orb\n|faint|p2b: Decidueye\n|\n|win|TheW1111\n|raw|Yurifishnfllyy's rating: 1095 &rarr; <strong>1074<\/strong><br \/>(-21 for losing)\n|raw|TheW1111's rating: 1135 &rarr; <strong>1157<\/strong><br \/>(+22 for winning)\n|c|\u2606TheW1111|gg\n","uploadtime":1698264856,"views":14,"p1id":"yurifishnfllyy","p2id":"thew1111","formatid":"gen9doublesou","rating":1074,"private":0,"password":""}