{"id":"gen9doublesou-1997616055","p1":"Thehombre","p2":"EllieUn","format":"[Gen 9] Doubles OU","log":"|j|\u2606Thehombre\n|j|\u2606EllieUn\n|t:|1700833393\n|gametype|doubles\n|player|p1|Thehombre|169|1123\n|player|p2|EllieUn|blackbelt|1098\n|teamsize|p1|6\n|teamsize|p2|6\n|gen|9\n|tier|[Gen 9] Doubles OU\n|rated|\n|rule|Species Clause: Limit one of each Pok\u00e9mon\n|rule|OHKO Clause: OHKO moves are banned\n|rule|Evasion Moves Clause: Evasion moves are banned\n|rule|Gravity Sleep Clause: The combination of sleep-inducing moves with imperfect accuracy and Gravity or Gigantamax Orbeetle are banned\n|rule|Endless Battle Clause: Forcing endless battles is banned\n|rule|HP Percentage Mod: HP is shown in percentages\n|clearpoke\n|poke|p1|Copperajah, F|\n|poke|p1|Bronzong|\n|poke|p1|Armarouge, F|\n|poke|p1|Torkoal, F|\n|poke|p1|Dipplin, M|\n|poke|p1|Great Tusk|\n|poke|p2|Slaking, M|\n|poke|p2|Weezing, F|\n|poke|p2|Gengar, M|\n|poke|p2|Gardevoir, F|\n|poke|p2|Dragonite, M|\n|poke|p2|Charizard, M|\n|teampreview\n|inactive|Battle timer is ON: inactive players will automatically lose when time's up. (requested by Thehombre)\n|\n|t:|1700833397\n|start\n|switch|p1a: Copperajah|Copperajah, F|100\/100\n|switch|p1b: Bronzong|Bronzong|100\/100\n|switch|p2a: Slaking|Slaking, M|100\/100\n|switch|p2b: Weezing|Weezing, F|100\/100\n|-ability|p2b: Weezing|Neutralizing Gas\n|-block|p2b: Weezing|item: Ability Shield\n|turn|1\n|\n|t:|1700833414\n|move|p2a: Slaking|Sucker Punch||[still]\n|-fail|p2a: Slaking\n|move|p2b: Weezing|Taunt|p1b: Bronzong\n|-start|p1b: Bronzong|move: Taunt\n|move|p1a: Copperajah|Curse|p1a: Copperajah\n|-unboost|p1a: Copperajah|spe|1\n|-boost|p1a: Copperajah|atk|1\n|-boost|p1a: Copperajah|def|1\n|cant|p1b: Bronzong|move: Taunt|Trick Room\n|\n|upkeep\n|turn|2\n|\n|t:|1700833437\n|switch|p1b: Great Tusk|Great Tusk|100\/100\n|move|p2a: Slaking|Stomping Tantrum|p1a: Copperajah\n|-supereffective|p1a: Copperajah\n|-damage|p1a: Copperajah|28\/100\n|move|p2b: Weezing|Haze|p2b: Weezing\n|-clearallboost\n|move|p1a: Copperajah|Rock Slide|p2b: Weezing|[spread] p2a,p2b\n|-damage|p2a: Slaking|88\/100\n|-damage|p2b: Weezing|82\/100\n|\n|-heal|p1a: Copperajah|34\/100|[from] item: Leftovers\n|upkeep\n|turn|3\n|j| spookybeans123\n|\n|t:|1700833465\n|switch|p1a: Bronzong|Bronzong|100\/100\n|move|p2a: Slaking|Sucker Punch|p1b: Great Tusk\n|-resisted|p1b: Great Tusk\n|-damage|p1b: Great Tusk|92\/100\n|move|p1b: Great Tusk|High Horsepower|p2b: Weezing\n|-supereffective|p2b: Weezing\n|-damage|p2b: Weezing|0 fnt\n|faint|p2b: Weezing\n|-end|p2b: Weezing|ability: Neutralizing Gas\n|\n|-heal|p1b: Great Tusk|99\/100|[from] item: Leftovers\n|upkeep\n|l| spookybeans123\n|inactive|EllieUn has 120 seconds left.\n|\n|t:|1700833482\n|switch|p2b: Charizard|Charizard, M|100\/100\n|turn|4\n|\n|t:|1700833502\n|switch|p1a: Armarouge|Armarouge, F|100\/100\n|cant|p2a: Slaking|ability: Truant\n|move|p2b: Charizard|Solar Beam||[still]\n|-prepare|p2b: Charizard|Solar Beam\n|move|p1b: Great Tusk|Bulk Up|p1b: Great Tusk\n|-boost|p1b: Great Tusk|atk|1\n|-boost|p1b: Great Tusk|def|1\n|\n|-heal|p1b: Great Tusk|100\/100|[from] item: Leftovers\n|upkeep\n|turn|5\n|\n|t:|1700833531\n|move|p2a: Slaking|Rest|p2a: Slaking\n|-status|p2a: Slaking|slp|[from] move: Rest\n|-heal|p2a: Slaking|100\/100 slp|[silent]\n|move|p2b: Charizard|Solar Beam|p1a: Armarouge|[from]lockedmove\n|-resisted|p1a: Armarouge\n|-damage|p1a: Armarouge|84\/100\n|move|p1b: Great Tusk|Body Press|p2a: Slaking\n|-supereffective|p2a: Slaking\n|-crit|p2a: Slaking\n|-damage|p2a: Slaking|0 fnt\n|faint|p2a: Slaking\n|move|p1a: Armarouge|Heat Wave|p2b: Charizard\n|-resisted|p2b: Charizard\n|-damage|p2b: Charizard|71\/100\n|\n|-heal|p1a: Armarouge|90\/100|[from] item: Leftovers\n|upkeep\n|inactive|EllieUn has 120 seconds left.\n|\n|t:|1700833547\n|switch|p2a: Dragonite|Dragonite, M|100\/100\n|turn|6\n|\n|t:|1700833571\n|move|p2b: Charizard|Fire Punch|p1a: Armarouge\n|-start|p1a: Armarouge|ability: Flash Fire\n|move|p1b: Great Tusk|Body Press|p2b: Charizard\n|-resisted|p2b: Charizard\n|-damage|p2b: Charizard|41\/100\n|move|p2a: Dragonite|Earthquake|p1b: Great Tusk|[spread] p1a,p1b\n|-immune|p2b: Charizard\n|-supereffective|p1a: Armarouge\n|-damage|p1a: Armarouge|49\/100\n|-damage|p1b: Great Tusk|91\/100\n|move|p1a: Armarouge|Heat Wave|p2a: Dragonite|[spread] p2a,p2b\n|-resisted|p2a: Dragonite\n|-resisted|p2b: Charizard\n|-damage|p2a: Dragonite|87\/100\n|-damage|p2b: Charizard|8\/100\n|-enditem|p2b: Charizard|Salac Berry|[eat]\n|-boost|p2b: Charizard|spe|1|[from] item: Salac Berry\n|\n|-heal|p1b: Great Tusk|97\/100|[from] item: Leftovers\n|-heal|p2a: Dragonite|93\/100|[from] item: Leftovers\n|-heal|p1a: Armarouge|55\/100|[from] item: Leftovers\n|upkeep\n|turn|7\n|\n|t:|1700833600\n|move|p2b: Charizard|Shadow Claw|p1a: Armarouge\n|-supereffective|p1a: Armarouge\n|-damage|p1a: Armarouge|25\/100\n|move|p1b: Great Tusk|Bulk Up|p1b: Great Tusk\n|-boost|p1b: Great Tusk|atk|1\n|-boost|p1b: Great Tusk|def|1\n|move|p2a: Dragonite|Blizzard|p1a: Armarouge|[spread] p1a,p1b\n|-resisted|p1a: Armarouge\n|-crit|p1a: Armarouge\n|-supereffective|p1b: Great Tusk\n|-damage|p1a: Armarouge|7\/100\n|-damage|p1b: Great Tusk|40\/100\n|-status|p1b: Great Tusk|frz\n|move|p1a: Armarouge|Heat Wave|p2a: Dragonite|[spread] p2a\n|-miss|p1a: Armarouge|p2b: Charizard\n|-resisted|p2a: Dragonite\n|-damage|p2a: Dragonite|64\/100\n|\n|-heal|p1b: Great Tusk|47\/100 frz|[from] item: Leftovers\n|-heal|p2a: Dragonite|70\/100|[from] item: Leftovers\n|-heal|p1a: Armarouge|13\/100|[from] item: Leftovers\n|upkeep\n|turn|8\n|\n|t:|1700833626\n|-end|p1a: Armarouge|ability: Flash Fire|[silent]\n|switch|p1a: Bronzong|Bronzong|100\/100\n|move|p2b: Charizard|Shadow Claw|p1a: Bronzong\n|-supereffective|p1a: Bronzong\n|-damage|p1a: Bronzong|72\/100\n|cant|p1b: Great Tusk|frz\n|move|p2a: Dragonite|Blizzard|p1b: Great Tusk|[spread] p1b\n|-miss|p2a: Dragonite|p1a: Bronzong\n|-supereffective|p1b: Great Tusk\n|-damage|p1b: Great Tusk|0 fnt\n|faint|p1b: Great Tusk\n|-end|p1b: Great Tusk|Protosynthesis|[silent]\n|\n|-heal|p2a: Dragonite|76\/100|[from] item: Leftovers\n|-heal|p1a: Bronzong|78\/100|[from] item: Leftovers\n|upkeep\n|\n|t:|1700833633\n|switch|p1b: Torkoal|Torkoal, F|100\/100\n|turn|9\n|\n|t:|1700833659\n|move|p2b: Charizard|Fire Punch|p1a: Bronzong\n|-supereffective|p1a: Bronzong\n|-damage|p1a: Bronzong|30\/100\n|move|p2a: Dragonite|Earthquake|p1a: Bronzong|[spread] p1b\n|-immune|p2b: Charizard\n|-immune|p1a: Bronzong|[from] ability: Levitate\n|-supereffective|p1b: Torkoal\n|-damage|p1b: Torkoal|63\/100\n|move|p1b: Torkoal|Curse|p1b: Torkoal\n|-unboost|p1b: Torkoal|spe|1\n|-boost|p1b: Torkoal|atk|1\n|-boost|p1b: Torkoal|def|1\n|move|p1a: Bronzong|Trick Room|p1a: Bronzong\n|-fieldstart|move: Trick Room|[of] p1a: Bronzong\n|\n|-heal|p1b: Torkoal|69\/100|[from] item: Leftovers\n|-heal|p1a: Bronzong|36\/100|[from] item: Leftovers\n|-heal|p2a: Dragonite|82\/100|[from] item: Leftovers\n|upkeep\n|turn|10\n|inactive|EllieUn has 120 seconds left.\n|\n|t:|1700833693\n|move|p1b: Torkoal|Rock Slide|p2a: Dragonite|[spread] p2a,p2b\n|-supereffective|p2a: Dragonite\n|-supereffective|p2b: Charizard\n|-damage|p2a: Dragonite|36\/100\n|-damage|p2b: Charizard|0 fnt\n|faint|p2b: Charizard\n|move|p1a: Bronzong|Gyro Ball|p2a: Dragonite\n|-damage|p2a: Dragonite|13\/100\n|move|p2a: Dragonite|Blizzard|p1b: Torkoal|[spread] p1a,p1b\n|-resisted|p1a: Bronzong\n|-resisted|p1b: Torkoal\n|-damage|p1a: Bronzong|29\/100\n|-damage|p1b: Torkoal|56\/100\n|-status|p1a: Bronzong|frz\n|-status|p1b: Torkoal|frz\n|\n|-heal|p1b: Torkoal|62\/100 frz|[from] item: Leftovers\n|-heal|p1a: Bronzong|35\/100 frz|[from] item: Leftovers\n|-heal|p2a: Dragonite|19\/100|[from] item: Leftovers\n|upkeep\n|inactive|EllieUn has 120 seconds left.\n|\n|t:|1700833711\n|switch|p2b: Gardevoir|Gardevoir, F|100\/100\n|-ability|p2b: Gardevoir|Levitate|[from] ability: Trace|[of] p1a: Bronzong\n|turn|11\n|c|\u2606Thehombre|Bro lmao what???\n|inactive|EllieUn has 120 seconds left.\n|\n|t:|1700833729\n|cant|p1b: Torkoal|frz\n|-curestatus|p1a: Bronzong|frz|[msg]\n|move|p1a: Bronzong|Gyro Ball|p2a: Dragonite\n|-damage|p2a: Dragonite|0 fnt\n|faint|p2a: Dragonite\n|move|p2b: Gardevoir|Dazzling Gleam|p1a: Bronzong|[spread] p1a,p1b\n|-resisted|p1a: Bronzong\n|-resisted|p1b: Torkoal\n|-damage|p1a: Bronzong|27\/100\n|-damage|p1b: Torkoal|44\/100 frz\n|\n|-heal|p1b: Torkoal|50\/100 frz|[from] item: Leftovers\n|-heal|p1a: Bronzong|33\/100|[from] item: Leftovers\n|upkeep\n|inactive|EllieUn has 120 seconds left.\n|\n|t:|1700833741\n|switch|p2a: Gengar|Gengar, M|100\/100\n|turn|12\n|\n|t:|1700833755\n|cant|p1b: Torkoal|frz\n|move|p1a: Bronzong|Gyro Ball|p2b: Gardevoir\n|-supereffective|p2b: Gardevoir\n|-damage|p2b: Gardevoir|32\/100\n|move|p2b: Gardevoir|Calm Mind|p2b: Gardevoir\n|-boost|p2b: Gardevoir|spa|1\n|-boost|p2b: Gardevoir|spd|1\n|move|p2a: Gengar|Disable|p1b: Torkoal\n|-start|p1b: Torkoal|Disable|Rock Slide\n|\n|-heal|p1b: Torkoal|56\/100 frz|[from] item: Leftovers\n|-heal|p1a: Bronzong|39\/100|[from] item: Leftovers\n|upkeep\n|turn|13\n|\n|t:|1700833773\n|cant|p1b: Torkoal|frz\n|move|p1a: Bronzong|Gyro Ball|p2b: Gardevoir\n|-supereffective|p2b: Gardevoir\n|-damage|p2b: Gardevoir|0 fnt\n|faint|p2b: Gardevoir\n|move|p2a: Gengar|Disable|p1a: Bronzong\n|-start|p1a: Bronzong|Disable|Gyro Ball\n|\n|-heal|p1b: Torkoal|62\/100 frz|[from] item: Leftovers\n|-heal|p1a: Bronzong|45\/100|[from] item: Leftovers\n|-fieldend|move: Trick Room\n|upkeep\n|turn|14\n|\n|t:|1700833788\n|move|p2a: Gengar|Sucker Punch|p1b: Torkoal\n|-damage|p1b: Torkoal|56\/100 frz\n|cant|p1b: Torkoal|frz\n|move|p1a: Bronzong|Trick Room|p1a: Bronzong\n|-fieldstart|move: Trick Room|[of] p1a: Bronzong\n|\n|-heal|p1b: Torkoal|62\/100 frz|[from] item: Leftovers\n|-heal|p1a: Bronzong|51\/100|[from] item: Leftovers\n|upkeep\n|turn|15\n|\n|t:|1700833806\n|switch|p1a: Copperajah|Copperajah, F|34\/100\n|cant|p1b: Torkoal|frz\n|move|p2a: Gengar|Drain Punch|p1a: Copperajah\n|-supereffective|p1a: Copperajah\n|-damage|p1a: Copperajah|0 fnt\n|faint|p1a: Copperajah\n|\n|-heal|p1b: Torkoal|68\/100 frz|[from] item: Leftovers\n|upkeep\n|\n|t:|1700833812\n|switch|p1a: Armarouge|Armarouge, F|13\/100\n|turn|16\n|\n|t:|1700833821\n|move|p2a: Gengar|Sucker Punch|p1a: Armarouge\n|-supereffective|p1a: Armarouge\n|-damage|p1a: Armarouge|0 fnt\n|faint|p1a: Armarouge\n|-curestatus|p1b: Torkoal|frz|[msg]\n|move|p1b: Torkoal|Heat Crash|p2a: Gengar\n|-damage|p2a: Gengar|59\/100\n|\n|-heal|p1b: Torkoal|74\/100|[from] item: Leftovers\n|-end|p1b: Torkoal|Disable\n|upkeep\n|\n|t:|1700833825\n|switch|p1a: Bronzong|Bronzong|51\/100\n|turn|17\n|\n|t:|1700833837\n|move|p1b: Torkoal|Heat Crash|p2a: Gengar\n|-damage|p2a: Gengar|17\/100\n|move|p1a: Bronzong|Iron Defense|p1a: Bronzong\n|-boost|p1a: Bronzong|def|2\n|move|p2a: Gengar|Drain Punch|p1a: Bronzong\n|-damage|p1a: Bronzong|44\/100\n|-heal|p2a: Gengar|22\/100|[from] drain|[of] p1a: Bronzong\n|\n|-heal|p1b: Torkoal|80\/100|[from] item: Leftovers\n|-heal|p1a: Bronzong|50\/100|[from] item: Leftovers\n|upkeep\n|turn|18\n|\n|t:|1700833858\n|-terastallize|p2a: Gengar|Ghost\n|move|p2a: Gengar|Sucker Punch||[still]\n|-fail|p2a: Gengar\n|move|p1b: Torkoal|Rock Slide|p2a: Gengar\n|-damage|p2a: Gengar|0 fnt\n|faint|p2a: Gengar\n|\n|win|Thehombre\n|raw|Thehombre's rating: 1123 &rarr; <strong>1146<\/strong><br \/>(+23 for winning)\n|raw|EllieUn's rating: 1098 &rarr; <strong>1075<\/strong><br \/>(-23 for losing)\n","uploadtime":1700833863,"views":6,"p1id":"thehombre","p2id":"ellieun","formatid":"gen9doublesou","rating":1075,"private":0,"password":""}