{"id":"gen9doublesou-1975292402","p1":"pignitewaggy","p2":"LiteEffectivez","format":"[Gen 9] Doubles OU","log":"|j|\u2606pignitewaggy\n|j|\u2606LiteEffectivez\n|t:|1698177137\n|gametype|doubles\n|player|p1|pignitewaggy|2|1179\n|player|p2|LiteEffectivez|170|1082\n|teamsize|p1|6\n|teamsize|p2|6\n|gen|9\n|tier|[Gen 9] Doubles OU\n|rated|\n|rule|Species Clause: Limit one of each Pok\u00e9mon\n|rule|OHKO Clause: OHKO moves are banned\n|rule|Evasion Moves Clause: Evasion moves are banned\n|rule|Gravity Sleep Clause: The combination of sleep-inducing moves with imperfect accuracy and Gravity or Gigantamax Orbeetle are banned\n|rule|Endless Battle Clause: Forcing endless battles is banned\n|rule|HP Percentage Mod: HP is shown in percentages\n|clearpoke\n|poke|p1|Gyarados, F|\n|poke|p1|Tornadus, M|\n|poke|p1|Iron Hands|\n|poke|p1|Orthworm, F|\n|poke|p1|Tauros-Paldea-Blaze, M|\n|poke|p1|Oranguru, M|\n|poke|p2|Rillaboom, F|\n|poke|p2|Sneasler, F|\n|poke|p2|Ogerpon-Cornerstone, F|\n|poke|p2|Kingambit, F|\n|poke|p2|Gliscor, F|\n|poke|p2|Hatterene, F|\n|teampreview\n|\n|t:|1698177147\n|start\n|switch|p1a: Tornadus|Tornadus, M, shiny|100\/100\n|switch|p1b: Orthworm|Orthworm, F|100\/100\n|switch|p2a: Rillaboom|Rillaboom, F|100\/100\n|switch|p2b: Hatterene|Hatterene, F|100\/100\n|-fieldstart|move: Grassy Terrain|[from] ability: Grassy Surge|[of] p2a: Rillaboom\n|-enditem|p2b: Hatterene|Grassy Seed\n|-boost|p2b: Hatterene|def|1|[from] item: Grassy Seed\n|turn|1\n|\n|t:|1698177169\n|move|p1a: Tornadus|Tailwind|p1a: Tornadus\n|-sidestart|p1: pignitewaggy|move: Tailwind\n|move|p1b: Orthworm|Shed Tail|p1b: Orthworm\n|-start|p1b: Orthworm|Substitute|[from] move: Shed Tail\n|-damage|p1b: Orthworm|50\/100\n|-enditem|p1b: Orthworm|Sitrus Berry|[eat]\n|-heal|p1b: Orthworm|75\/100|[from] item: Sitrus Berry\n|c|\u2606pignitewaggy|Rock ogerpon? I'm curious\n|\n|t:|1698177185\n|switch|p1b: Iron Hands|Iron Hands|100\/100|[from] Shed Tail\n|move|p2a: Rillaboom|Knock Off|p1a: Tornadus\n|-damage|p1a: Tornadus|34\/100\n|-enditem|p1a: Tornadus|Chesto Berry|[from] move: Knock Off|[of] p2a: Rillaboom\n|move|p2b: Hatterene|Mystical Fire|p1b: Iron Hands\n|-activate|p1b: Iron Hands|move: Substitute|[damage]\n|\n|upkeep\n|turn|2\n|\n|t:|1698177208\n|move|p1a: Tornadus|Bleakwind Storm|p2a: Rillaboom|[spread] p2a,p2b\n|-supereffective|p2a: Rillaboom\n|-crit|p2b: Hatterene\n|-damage|p2a: Rillaboom|0 fnt\n|-damage|p2b: Hatterene|41\/100\n|faint|p2a: Rillaboom\n|move|p1b: Iron Hands|Belly Drum|p1b: Iron Hands\n|-damage|p1b: Iron Hands|50\/100\n|-setboost|p1b: Iron Hands|atk|6|[from] move: Belly Drum\n|-enditem|p1b: Iron Hands|Sitrus Berry|[eat]\n|-heal|p1b: Iron Hands|75\/100|[from] item: Sitrus Berry\n|move|p2b: Hatterene|Psyshock|p1a: Tornadus\n|-damage|p1a: Tornadus|0 fnt\n|faint|p1a: Tornadus\n|\n|-heal|p1b: Iron Hands|81\/100|[from] Grassy Terrain\n|-heal|p2b: Hatterene|47\/100|[from] Grassy Terrain\n|upkeep\n|\n|t:|1698177233\n|switch|p2a: Sneasler|Sneasler, F|100\/100\n|switch|p1a: Oranguru|Oranguru, M|100\/100\n|-enditem|p2a: Sneasler|Grassy Seed\n|-boost|p2a: Sneasler|def|1|[from] item: Grassy Seed\n|turn|3\n|\n|t:|1698177255\n|-terastallize|p2a: Sneasler|Flying\n|move|p2a: Sneasler|Close Combat|p1b: Iron Hands\n|-end|p1b: Iron Hands|Substitute\n|-unboost|p2a: Sneasler|def|1\n|-unboost|p2a: Sneasler|spd|1\n|move|p1b: Iron Hands|Drain Punch|p2a: Sneasler\n|-resisted|p2a: Sneasler\n|-damage|p2a: Sneasler|0 fnt\n|-heal|p1b: Iron Hands|100\/100|[from] drain|[of] p2a: Sneasler\n|faint|p2a: Sneasler\n|move|p2b: Hatterene|Calm Mind|p2b: Hatterene\n|-boost|p2b: Hatterene|spa|1\n|-boost|p2b: Hatterene|spd|1\n|move|p1a: Oranguru|Trick Room|p1a: Oranguru\n|-fieldstart|move: Trick Room|[of] p1a: Oranguru\n|\n|-heal|p2b: Hatterene|53\/100|[from] Grassy Terrain\n|upkeep\n|\n|t:|1698177270\n|switch|p2a: Kingambit|Kingambit, F|100\/100\n|-activate|p2a: Kingambit|ability: Supreme Overlord\n|-start|p2a: Kingambit|fallen2|[silent]\n|turn|4\n|\n|t:|1698177285\n|move|p2a: Kingambit|Sucker Punch||[still]\n|-fail|p2a: Kingambit\n|move|p2b: Hatterene|Mystical Fire|p1b: Iron Hands\n|-damage|p1b: Iron Hands|77\/100\n|-unboost|p1b: Iron Hands|spa|1\n|move|p1a: Oranguru|Instruct|p1b: Iron Hands\n|-singleturn|p1b: Iron Hands|move: Instruct|[of] p1a: Oranguru\n|move|p1b: Iron Hands|Drain Punch|p2a: Kingambit\n|-supereffective|p2a: Kingambit\n|-damage|p2a: Kingambit|0 fnt\n|-heal|p1b: Iron Hands|100\/100|[from] drain|[of] p2a: Kingambit\n|faint|p2a: Kingambit\n|-end|p2a: Kingambit|fallen2|[silent]\n|move|p1b: Iron Hands|Drain Punch|p2b: Hatterene\n|-resisted|p2b: Hatterene\n|-damage|p2b: Hatterene|32\/100\n|\n|-heal|p2b: Hatterene|38\/100|[from] Grassy Terrain\n|-sideend|p1: pignitewaggy|move: Tailwind\n|upkeep\n|\n|t:|1698177305\n|switch|p2a: Ogerpon|Ogerpon-Cornerstone, F|100\/100\n|turn|5\n|\n|t:|1698177324\n|move|p2b: Hatterene|Draining Kiss|p1b: Iron Hands\n|-supereffective|p1b: Iron Hands\n|-damage|p1b: Iron Hands|47\/100\n|-heal|p2b: Hatterene|96\/100|[from] drain|[of] p1b: Iron Hands\n|move|p1a: Oranguru|Instruct|p1b: Iron Hands\n|-singleturn|p1b: Iron Hands|move: Instruct|[of] p1a: Oranguru\n|move|p1b: Iron Hands|Drain Punch|p2a: Ogerpon\n|-supereffective|p2a: Ogerpon\n|-ability|p2a: Ogerpon|Sturdy\n|-damage|p2a: Ogerpon|1\/100\n|-heal|p1b: Iron Hands|80\/100|[from] drain|[of] p2a: Ogerpon\n|move|p1b: Iron Hands|Wild Charge|p2b: Hatterene\n|-damage|p2b: Hatterene|0 fnt\n|faint|p2b: Hatterene\n|-damage|p1b: Iron Hands|63\/100|[from] Recoil\n|move|p2a: Ogerpon|Ivy Cudgel|p1b: Iron Hands\n|-resisted|p1b: Iron Hands\n|-damage|p1b: Iron Hands|44\/100\n|\n|-heal|p1b: Iron Hands|50\/100|[from] Grassy Terrain\n|-heal|p2a: Ogerpon|7\/100|[from] Grassy Terrain\n|-fieldend|move: Grassy Terrain\n|upkeep\n|\n|t:|1698177344\n|switch|p2b: Gliscor|Gliscor, F|100\/100\n|turn|6\n|\n|t:|1698177360\n|move|p1a: Oranguru|Psychic|p2a: Ogerpon\n|-damage|p2a: Ogerpon|0 fnt\n|faint|p2a: Ogerpon\n|move|p1b: Iron Hands|Drain Punch|p2b: Gliscor\n|-resisted|p2b: Gliscor\n|-damage|p2b: Gliscor|33\/100\n|-heal|p1b: Iron Hands|76\/100|[from] drain|[of] p2b: Gliscor\n|move|p2b: Gliscor|High Horsepower|p1b: Iron Hands\n|-supereffective|p1b: Iron Hands\n|-crit|p1b: Iron Hands\n|-damage|p1b: Iron Hands|5\/100\n|\n|-status|p2b: Gliscor|tox|[from] item: Toxic Orb\n|upkeep\n|turn|7\n|\n|t:|1698177377\n|move|p1a: Oranguru|Instruct|p1b: Iron Hands\n|-singleturn|p1b: Iron Hands|move: Instruct|[of] p1a: Oranguru\n|move|p1b: Iron Hands|Drain Punch|p2b: Gliscor\n|-resisted|p2b: Gliscor\n|-damage|p2b: Gliscor|0 fnt\n|-heal|p1b: Iron Hands|18\/100|[from] drain|[of] p2b: Gliscor\n|faint|p2b: Gliscor\n|\n|win|pignitewaggy\n|raw|pignitewaggy's rating: 1179 &rarr; <strong>1197<\/strong><br \/>(+18 for winning)\n|raw|LiteEffectivez's rating: 1082 &rarr; <strong>1066<\/strong><br \/>(-16 for losing)\n|l|\u2606LiteEffectivez\n","uploadtime":1698177390,"views":20,"p1id":"pignitewaggy","p2id":"liteeffectivez","formatid":"gen9doublesou","rating":1066,"private":0,"password":""}