{"id":"gen9doublesou-1971317701","p1":"Player_AC18","p2":"mikeyuwu","format":"[Gen 9] Doubles OU","log":"|j|\u2606Player_AC18\n|j|\u2606mikeyuwu\n|t:|1697729076\n|gametype|doubles\n|player|p1|Player_AC18|falkner|1175\n|player|p2|mikeyuwu|psychic-gen4|1254\n|teamsize|p1|6\n|teamsize|p2|6\n|gen|9\n|tier|[Gen 9] Doubles OU\n|rated|\n|rule|Species Clause: Limit one of each Pok\u00e9mon\n|rule|OHKO Clause: OHKO moves are banned\n|rule|Evasion Moves Clause: Evasion moves are banned\n|rule|Gravity Sleep Clause: The combination of sleep-inducing moves with imperfect accuracy and Gravity or Gigantamax Orbeetle are banned\n|rule|Endless Battle Clause: Forcing endless battles is banned\n|rule|HP Percentage Mod: HP is shown in percentages\n|clearpoke\n|poke|p1|Bisharp, F|\n|poke|p1|Armarouge, F|\n|poke|p1|Indeedee-F, F|\n|poke|p1|Murkrow, F|\n|poke|p1|Gholdengo|\n|poke|p1|Gallade, M|\n|poke|p2|Garchomp, M|\n|poke|p2|Tyranitar, F|\n|poke|p2|Vaporeon, F|\n|poke|p2|Toxicroak, M|\n|poke|p2|Pelipper, F|\n|poke|p2|Abomasnow, M|\n|teampreview\n|\n|t:|1697729088\n|start\n|switch|p1a: Gholdengo|Gholdengo|100\/100\n|switch|p1b: Murkrow|Murkrow, F|100\/100\n|switch|p2a: OTLHPM|Toxicroak, M|100\/100\n|switch|p2b: Harmacy|Vaporeon, F|100\/100\n|turn|1\n|\n|t:|1697729100\n|move|p1b: Murkrow|Taunt|p2b: Harmacy\n|-start|p2b: Harmacy|move: Taunt\n|move|p1a: Gholdengo|Nasty Plot|p1a: Gholdengo\n|-boost|p1a: Gholdengo|spa|2\n|move|p2a: OTLHPM|Sunny Day|p2a: OTLHPM\n|-weather|SunnyDay\n|move|p2b: Harmacy|Weather Ball|p1a: Gholdengo\n|-supereffective|p1a: Gholdengo\n|-damage|p1a: Gholdengo|29\/100\n|\n|-weather|SunnyDay|[upkeep]\n|-damage|p2a: OTLHPM|88\/100|[from] ability: Dry Skin|[of] p2a: OTLHPM\n|-heal|p2a: OTLHPM|94\/100|[from] item: Black Sludge\n|upkeep\n|turn|2\n|\n|t:|1697729125\n|move|p1b: Murkrow|Tailwind|p1b: Murkrow\n|-sidestart|p1: Player_AC18|move: Tailwind\n|move|p1a: Gholdengo|Shadow Ball|p2b: Harmacy\n|-damage|p2b: Harmacy|27\/100\n|move|p2a: OTLHPM|Earthquake|p1a: Gholdengo|[spread] p2b,p1a\n|-immune|p1b: Murkrow\n|-supereffective|p1a: Gholdengo\n|-damage|p2b: Harmacy|10\/100\n|-damage|p1a: Gholdengo|0 fnt\n|faint|p1a: Gholdengo\n|move|p2b: Harmacy|Weather Ball|p1b: Murkrow\n|-damage|p1b: Murkrow|66\/100\n|\n|-weather|SunnyDay|[upkeep]\n|-damage|p2a: OTLHPM|82\/100|[from] ability: Dry Skin|[of] p2a: OTLHPM\n|-heal|p2a: OTLHPM|88\/100|[from] item: Black Sludge\n|-heal|p2b: Harmacy|16\/100|[from] item: Leftovers\n|upkeep\n|\n|t:|1697729142\n|switch|p1a: Gallade|Gallade, M|100\/100\n|turn|3\n|\n|t:|1697729152\n|switch|p2a: Weather War|Pelipper, F|100\/100\n|-weather|RainDance|[from] ability: Drizzle|[of] p2a: Weather War\n|switch|p2b: Extra Spicy|Garchomp, M|100\/100\n|move|p1b: Murkrow|Thunder Wave|p2a: Weather War\n|-status|p2a: Weather War|par\n|move|p1a: Gallade|Leaf Blade|p2b: Extra Spicy\n|-damage|p2b: Extra Spicy|68\/100\n|-damage|p1a: Gallade|88\/100|[from] ability: Rough Skin|[of] p2b: Extra Spicy\n|-damage|p1a: Gallade|72\/100|[from] item: Rocky Helmet|[of] p2b: Extra Spicy\n|\n|-weather|RainDance|[upkeep]\n|upkeep\n|turn|4\n|\n|t:|1697729172\n|move|p1b: Murkrow|Taunt|p2a: Weather War\n|-start|p2a: Weather War|move: Taunt\n|move|p1a: Gallade|Sacred Sword|p2b: Extra Spicy\n|-damage|p2b: Extra Spicy|20\/100\n|-damage|p1a: Gallade|59\/100|[from] ability: Rough Skin|[of] p2b: Extra Spicy\n|-damage|p1a: Gallade|43\/100|[from] item: Rocky Helmet|[of] p2b: Extra Spicy\n|move|p2b: Extra Spicy|Liquidation|p1a: Gallade\n|-damage|p1a: Gallade|0 fnt\n|faint|p1a: Gallade\n|cant|p2a: Weather War|par\n|\n|-weather|RainDance|[upkeep]\n|upkeep\n|\n|t:|1697729187\n|switch|p1a: Bisharp|Bisharp, F|100\/100\n|turn|5\n|\n|t:|1697729202\n|switch|p1b: Indeedee|Indeedee-F, F|100\/100\n|-fieldstart|move: Psychic Terrain|[from] ability: Psychic Surge|[of] p1b: Indeedee\n|switch|p2b: Cold Shoulder|Abomasnow, M, shiny|100\/100\n|-weather|Snow|[from] ability: Snow Warning|[of] p2b: Cold Shoulder\n|switch|p2a: OTLHPM|Toxicroak, M|88\/100\n|move|p1a: Bisharp|Swords Dance|p1a: Bisharp\n|-boost|p1a: Bisharp|atk|2\n|\n|-weather|Snow|[upkeep]\n|-heal|p2a: OTLHPM|94\/100|[from] item: Black Sludge\n|-sideend|p1: Player_AC18|move: Tailwind\n|upkeep\n|turn|6\n|\n|t:|1697729226\n|move|p2a: OTLHPM|Earthquake|p1b: Indeedee|[spread] p2b,p1a,p1b\n|-resisted|p2b: Cold Shoulder\n|-supereffective|p1a: Bisharp\n|-damage|p2b: Cold Shoulder|93\/100\n|-damage|p1a: Bisharp|67\/100\n|-damage|p1b: Indeedee|73\/100\n|move|p2b: Cold Shoulder|Blizzard|p1b: Indeedee|[spread] p1a,p1b\n|-resisted|p1a: Bisharp\n|-damage|p1a: Bisharp|55\/100\n|-damage|p1b: Indeedee|48\/100\n|move|p1a: Bisharp|Brick Break|p2b: Cold Shoulder\n|-supereffective|p2b: Cold Shoulder\n|-damage|p2b: Cold Shoulder|33\/100\n|move|p1b: Indeedee|Trick Room|p1b: Indeedee\n|-fieldstart|move: Trick Room|[of] p1b: Indeedee\n|\n|-weather|Snow|[upkeep]\n|-heal|p1b: Indeedee|55\/100|[from] item: Leftovers\n|-heal|p2a: OTLHPM|100\/100|[from] item: Black Sludge\n|upkeep\n|turn|7\n|\n|t:|1697729245\n|switch|p2b: Extra Spicy|Garchomp, M|20\/100\n|-terastallize|p2a: OTLHPM|Dark\n|move|p1a: Bisharp|Brick Break|p2b: Extra Spicy\n|-damage|p2b: Extra Spicy|0 fnt\n|-damage|p1a: Bisharp|42\/100|[from] ability: Rough Skin|[of] p2b: Extra Spicy\n|-damage|p1a: Bisharp|26\/100|[from] item: Rocky Helmet|[of] p2b: Extra Spicy\n|faint|p2b: Extra Spicy\n|move|p1b: Indeedee|Heal Pulse|p1a: Bisharp\n|-heal|p1a: Bisharp|76\/100\n|move|p2a: OTLHPM|Drain Punch|p1a: Bisharp\n|-supereffective|p1a: Bisharp\n|-damage|p1a: Bisharp|0 fnt\n|faint|p1a: Bisharp\n|\n|-weather|Snow|[upkeep]\n|-heal|p1b: Indeedee|61\/100|[from] item: Leftovers\n|-damage|p2a: OTLHPM|88\/100|[from] item: Black Sludge\n|upkeep\n|\n|t:|1697729272\n|switch|p1a: Armarouge|Armarouge, F|100\/100\n|switch|p2b: ThcrThnSnkr|Tyranitar, F|100\/100\n|-weather|Sandstorm|[from] ability: Sand Stream|[of] p2b: ThcrThnSnkr\n|turn|8\n|\n|t:|1697729282\n|switch|p2a: Harmacy|Vaporeon, F|16\/100\n|move|p1b: Indeedee|Follow Me|p1b: Indeedee\n|-singleturn|p1b: Indeedee|move: Follow Me\n|move|p1a: Armarouge|Flamethrower|p2a: Harmacy\n|-resisted|p2a: Harmacy\n|-damage|p2a: Harmacy|0 fnt\n|faint|p2a: Harmacy\n|-damage|p1a: Armarouge|91\/100|[from] item: Life Orb\n|move|p2b: ThcrThnSnkr|Rock Slide|p1b: Indeedee|[spread] p1a,p1b\n|-supereffective|p1a: Armarouge\n|-damage|p1a: Armarouge|48\/100\n|-damage|p1b: Indeedee|36\/100\n|\n|-weather|Sandstorm|[upkeep]\n|-damage|p1a: Armarouge|42\/100|[from] Sandstorm\n|-damage|p1b: Indeedee|30\/100|[from] Sandstorm\n|-heal|p1b: Indeedee|36\/100|[from] item: Leftovers\n|upkeep\n|\n|t:|1697729293\n|switch|p2a: OTLHPM|Toxicroak, M, tera:Dark|88\/100\n|turn|9\n|\n|t:|1697729303\n|move|p1b: Indeedee|Follow Me|p1b: Indeedee\n|-singleturn|p1b: Indeedee|move: Follow Me\n|move|p1a: Armarouge|Flamethrower|p2a: OTLHPM\n|-damage|p2a: OTLHPM|0 fnt\n|faint|p2a: OTLHPM\n|-damage|p1a: Armarouge|33\/100|[from] item: Life Orb\n|move|p2b: ThcrThnSnkr|Rock Slide|p1a: Armarouge|[spread] p1b\n|-miss|p2b: ThcrThnSnkr|p1a: Armarouge\n|-damage|p1b: Indeedee|7\/100\n|\n|-weather|Sandstorm|[upkeep]\n|-damage|p1a: Armarouge|26\/100|[from] Sandstorm\n|-damage|p1b: Indeedee|1\/100|[from] Sandstorm\n|-heal|p1b: Indeedee|7\/100|[from] item: Leftovers\n|-fieldend|move: Psychic Terrain\n|upkeep\n|\n|t:|1697729314\n|switch|p2a: Cold Shoulder|Abomasnow, M, shiny|33\/100\n|-weather|Snow|[from] ability: Snow Warning|[of] p2a: Cold Shoulder\n|turn|10\n|\n|t:|1697729324\n|switch|p1b: Murkrow|Murkrow, F|66\/100\n|switch|p2b: Weather War|Pelipper, F|100\/100 par\n|-weather|RainDance|[from] ability: Drizzle|[of] p2b: Weather War\n|move|p1a: Armarouge|Flamethrower|p2a: Cold Shoulder\n|-supereffective|p2a: Cold Shoulder\n|-damage|p2a: Cold Shoulder|0 fnt\n|faint|p2a: Cold Shoulder\n|-damage|p1a: Armarouge|17\/100|[from] item: Life Orb\n|\n|-weather|RainDance|[upkeep]\n|-fieldend|move: Trick Room\n|upkeep\n|\n|t:|1697729354\n|switch|p2a: ThcrThnSnkr|Tyranitar, F|100\/100\n|-weather|Sandstorm|[from] ability: Sand Stream|[of] p2a: ThcrThnSnkr\n|turn|11\n|\n|t:|1697729377\n|switch|p1a: Indeedee|Indeedee-F, F|7\/100\n|-fieldstart|move: Psychic Terrain|[from] ability: Psychic Surge|[of] p1a: Indeedee\n|move|p1b: Murkrow|Thunder Wave|p2a: ThcrThnSnkr\n|-activate|p2a: ThcrThnSnkr|move: Psychic Terrain\n|move|p2a: ThcrThnSnkr|Knock Off|p1a: Indeedee\n|-supereffective|p1a: Indeedee\n|-damage|p1a: Indeedee|0 fnt\n|-enditem|p1a: Indeedee|Leftovers|[from] move: Knock Off|[of] p2a: ThcrThnSnkr\n|faint|p1a: Indeedee\n|move|p2b: Weather War|Hurricane|p1b: Murkrow\n|-damage|p1b: Murkrow|27\/100\n|-start|p1b: Murkrow|confusion\n|\n|-weather|Sandstorm|[upkeep]\n|-damage|p1b: Murkrow|21\/100|[from] Sandstorm\n|-damage|p2b: Weather War|94\/100 par|[from] Sandstorm\n|upkeep\n|-message|Player_AC18 forfeited.\n|\n|win|mikeyuwu\n|raw|Player_AC18's rating: 1175 &rarr; <strong>1156<\/strong><br \/>(-19 for losing)\n|raw|mikeyuwu's rating: 1254 &rarr; <strong>1273<\/strong><br \/>(+19 for winning)\n|l|\u2606Player_AC18\n","uploadtime":1697729402,"views":11,"p1id":"playerac18","p2id":"mikeyuwu","formatid":"gen9doublesou","rating":1156,"private":0,"password":""}