{"id":"gen9doublesou-1975013779","p1":"hitr_ssbm","p2":"ChimeBliss","format":"[Gen 9] Doubles OU","log":"|j|\u2606hitr_ssbm\n|j|\u2606ChimeBliss\n|t:|1698154938\n|gametype|doubles\n|player|p1|hitr_ssbm|102|1337\n|player|p2|ChimeBliss|dawn-gen4pt|1438\n|teamsize|p1|6\n|teamsize|p2|6\n|gen|9\n|tier|[Gen 9] Doubles OU\n|rated|\n|rule|Species Clause: Limit one of each Pok\u00e9mon\n|rule|OHKO Clause: OHKO moves are banned\n|rule|Evasion Moves Clause: Evasion moves are banned\n|rule|Gravity Sleep Clause: The combination of sleep-inducing moves with imperfect accuracy and Gravity or Gigantamax Orbeetle are banned\n|rule|Endless Battle Clause: Forcing endless battles is banned\n|rule|HP Percentage Mod: HP is shown in percentages\n|clearpoke\n|poke|p1|Decidueye-Hisui, F|\n|poke|p1|Tyranitar, F|\n|poke|p1|Kleavor, F|\n|poke|p1|Corviknight, F|\n|poke|p1|Mimikyu, M|\n|poke|p1|Gastrodon, F|\n|poke|p2|Chien-Pao|\n|poke|p2|Tornadus, M|\n|poke|p2|Dragonite, F|\n|poke|p2|Chi-Yu|\n|poke|p2|Flutter Mane|\n|poke|p2|Landorus, M|\n|teampreview\n|inactive|Battle timer is ON: inactive players will automatically lose when time's up. (requested by ChimeBliss)\n|\n|t:|1698154949\n|start\n|switch|p1a: Klever|Kleavor, F, shiny|100\/100\n|switch|p1b: Corviknight|Corviknight, F, shiny|100\/100\n|switch|p2a: Chien-Pao|Chien-Pao|100\/100\n|switch|p2b: Chi-Yu|Chi-Yu|100\/100\n|-ability|p2b: Chi-Yu|Beads of Ruin\n|-ability|p2a: Chien-Pao|Sword of Ruin\n|turn|1\n|\n|t:|1698154965\n|move|p2b: Chi-Yu|Heat Wave|p1b: Corviknight|[spread] p1a,p1b\n|-supereffective|p1b: Corviknight\n|-damage|p1a: Klever|43\/100\n|-damage|p1b: Corviknight|4\/100\n|move|p2a: Chien-Pao|Ice Spinner|p1b: Corviknight\n|-damage|p1b: Corviknight|0 fnt\n|faint|p1b: Corviknight\n|move|p1a: Klever|Stone Axe|p2a: Chien-Pao\n|-supereffective|p2a: Chien-Pao\n|-enditem|p2a: Chien-Pao|Focus Sash\n|-damage|p2a: Chien-Pao|1\/100\n|-sidestart|p2: ChimeBliss|move: Stealth Rock\n|\n|upkeep\n|\n|t:|1698154973\n|switch|p1b: Mimikyu|Mimikyu, M|100\/100\n|turn|2\n|\n|t:|1698154978\n|move|p2a: Chien-Pao|Protect|p2a: Chien-Pao\n|-singleturn|p2a: Chien-Pao|Protect\n|move|p1b: Mimikyu|Shadow Sneak|p2a: Chien-Pao\n|-activate|p2a: Chien-Pao|move: Protect\n|move|p2b: Chi-Yu|Heat Wave|p1a: Klever|[spread] p1a,p1b\n|-damage|p1a: Klever|0 fnt\n|-activate|p1b: Mimikyu|ability: Disguise\n|-damage|p1b: Mimikyu|100\/100\n|detailschange|p1b: Mimikyu|Mimikyu-Busted, M\n|-damage|p1b: Mimikyu|88\/100|[from] pokemon: Mimikyu-Busted\n|faint|p1a: Klever\n|\n|upkeep\n|\n|t:|1698154985\n|switch|p1a: Zilla|Tyranitar, F|100\/100\n|-weather|Sandstorm|[from] ability: Sand Stream|[of] p1a: Zilla\n|turn|3\n|\n|t:|1698154996\n|move|p1a: Zilla|Protect|p1a: Zilla\n|-singleturn|p1a: Zilla|Protect\n|move|p2a: Chien-Pao|Sucker Punch|p1b: Mimikyu\n|-damage|p1b: Mimikyu|13\/100\n|move|p2b: Chi-Yu|Heat Wave|p1a: Zilla|[spread] p1b\n|-activate|p1a: Zilla|move: Protect\n|-damage|p1b: Mimikyu|0 fnt\n|faint|p1b: Mimikyu\n|\n|-weather|Sandstorm|[upkeep]\n|-damage|p2b: Chi-Yu|95\/100|[from] Sandstorm\n|-damage|p2a: Chien-Pao|0 fnt|[from] Sandstorm\n|faint|p2a: Chien-Pao\n|upkeep\n|\n|t:|1698155008\n|switch|p2a: Flutter Mane|Flutter Mane|100\/100\n|switch|p1b: Decidueye|Decidueye-Hisui, F|100\/100\n|-damage|p2a: Flutter Mane|88\/100|[from] Stealth Rock\n|turn|4\n|\n|t:|1698155021\n|move|p2b: Chi-Yu|Heat Wave|p1a: Zilla|[spread] p1a,p1b\n|-resisted|p1a: Zilla\n|-supereffective|p1b: Decidueye\n|-damage|p1a: Zilla|85\/100\n|-damage|p1b: Decidueye|42\/100\n|-status|p1a: Zilla|brn\n|move|p2a: Flutter Mane|Moonblast|p1a: Zilla\n|-supereffective|p1a: Zilla\n|-damage|p1a: Zilla|0 fnt\n|faint|p1a: Zilla\n|move|p1b: Decidueye|Leaf Blade|p2a: Flutter Mane\n|-damage|p2a: Flutter Mane|0 fnt\n|faint|p2a: Flutter Mane\n|-end|p2a: Flutter Mane|Protosynthesis|[silent]\n|\n|-weather|Sandstorm|[upkeep]\n|-damage|p2b: Chi-Yu|89\/100|[from] Sandstorm\n|-damage|p1b: Decidueye|36\/100|[from] Sandstorm\n|upkeep\n|\n|t:|1698155037\n|switch|p2a: Tornadus|Tornadus, M|100\/100\n|switch|p1a: Gastrodon|Gastrodon, F|100\/100\n|-damage|p2a: Tornadus|75\/100|[from] Stealth Rock\n|turn|5\n|\n|t:|1698155046\n|move|p2b: Chi-Yu|Heat Wave|p1b: Decidueye|[spread] p1a,p1b\n|-resisted|p1a: Gastrodon\n|-supereffective|p1b: Decidueye\n|-damage|p1a: Gastrodon|84\/100\n|-damage|p1b: Decidueye|0 fnt\n|faint|p1b: Decidueye\n|move|p2a: Tornadus|Bleakwind Storm|p1a: Gastrodon\n|-damage|p1a: Gastrodon|45\/100\n|-unboost|p1a: Gastrodon|spe|1\n|move|p1a: Gastrodon|Muddy Water|p2b: Chi-Yu|[spread] p2a,p2b\n|-supereffective|p2b: Chi-Yu\n|-damage|p2a: Tornadus|18\/100\n|-damage|p2b: Chi-Yu|14\/100\n|\n|-weather|Sandstorm|[upkeep]\n|-damage|p2b: Chi-Yu|8\/100|[from] Sandstorm\n|-damage|p2a: Tornadus|12\/100|[from] Sandstorm\n|upkeep\n|turn|6\n|\n|t:|1698155054\n|move|p2b: Chi-Yu|Heat Wave|p1a: Gastrodon\n|-resisted|p1a: Gastrodon\n|-damage|p1a: Gastrodon|24\/100\n|move|p2a: Tornadus|Bleakwind Storm|p1a: Gastrodon\n|-damage|p1a: Gastrodon|0 fnt\n|faint|p1a: Gastrodon\n|\n|win|ChimeBliss\n|raw|hitr_ssbm's rating: 1337 &rarr; <strong>1323<\/strong><br \/>(-14 for losing)\n|raw|ChimeBliss's rating: 1438 &rarr; <strong>1452<\/strong><br \/>(+14 for winning)\n|l|\u2606hitr_ssbm\n","uploadtime":1698155059,"views":15,"p1id":"hitrssbm","p2id":"chimebliss","formatid":"gen9doublesou","rating":1323,"private":0,"password":""}