{"id":"gen9doublesou-1969994717","p1":"Derp19961","p2":"SXD2002","format":"[Gen 9] Doubles OU","log":"|j|\u2606Derp19961\n|j|\u2606SXD2002\n|t:|1697583177\n|gametype|doubles\n|player|p1|Derp19961|102|1086\n|player|p2|SXD2002|silver-masters|1076\n|teamsize|p1|6\n|teamsize|p2|4\n|gen|9\n|tier|[Gen 9] Doubles OU\n|rated|\n|rule|Species Clause: Limit one of each Pok\u00e9mon\n|rule|OHKO Clause: OHKO moves are banned\n|rule|Evasion Moves Clause: Evasion moves are banned\n|rule|Gravity Sleep Clause: The combination of sleep-inducing moves with imperfect accuracy and Gravity or Gigantamax Orbeetle are banned\n|rule|Endless Battle Clause: Forcing endless battles is banned\n|rule|HP Percentage Mod: HP is shown in percentages\n|clearpoke\n|poke|p1|Iron Valiant|\n|poke|p1|Garganacl, M|\n|poke|p1|Gengar, M|\n|poke|p1|Golduck, F|\n|poke|p1|Maushold-Four|\n|poke|p1|Orthworm, F|\n|poke|p2|Lurantis, M|\n|poke|p2|Murkrow, M|\n|poke|p2|Grimmsnarl, M|\n|poke|p2|Clefairy, M|\n|teampreview\n|inactive|Battle timer is ON: inactive players will automatically lose when time's up. (requested by Derp19961)\n|\n|t:|1697583184\n|start\n|switch|p1a: Garganacl|Garganacl, M|100\/100\n|switch|p1b: Orthworm|Orthworm, F|100\/100\n|switch|p2a: Grimmsnarl|Grimmsnarl, M|100\/100\n|switch|p2b: Lurantis|Lurantis, M|100\/100\n|turn|1\n|\n|t:|1697583195\n|move|p2a: Grimmsnarl|Scary Face|p2b: Lurantis\n|-boost|p2b: Lurantis|spe|2\n|move|p2b: Lurantis|Superpower|p1a: Garganacl\n|-supereffective|p1a: Garganacl\n|-damage|p1a: Garganacl|72\/100\n|-boost|p2b: Lurantis|atk|1\n|-boost|p2b: Lurantis|def|1\n|move|p1b: Orthworm|Coil|p1b: Orthworm\n|-boost|p1b: Orthworm|atk|1\n|-boost|p1b: Orthworm|def|1\n|-boost|p1b: Orthworm|accuracy|1\n|move|p1a: Garganacl|Salt Cure|p2a: Grimmsnarl\n|-damage|p2a: Grimmsnarl|82\/100\n|-start|p2a: Grimmsnarl|Salt Cure\n|\n|-heal|p2a: Grimmsnarl|88\/100|[from] item: Leftovers\n|-heal|p1a: Garganacl|78\/100|[from] item: Leftovers\n|-damage|p2a: Grimmsnarl|76\/100|[from] Salt Cure\n|upkeep\n|turn|2\n|\n|t:|1697583217\n|move|p2a: Grimmsnarl|Parting Shot|p2b: Lurantis\n|-boost|p2b: Lurantis|atk|1\n|-boost|p2b: Lurantis|spa|1\n|\n|t:|1697583223\n|switch|p2a: Murkrow|Murkrow, M|100\/100|[from] Parting Shot\n|move|p2b: Lurantis|Leaf Storm|p1a: Garganacl\n|-supereffective|p1a: Garganacl\n|-damage|p1a: Garganacl|0 fnt\n|-boost|p2b: Lurantis|spa|2\n|faint|p1a: Garganacl\n|move|p1b: Orthworm|Coil|p1b: Orthworm\n|-boost|p1b: Orthworm|atk|1\n|-boost|p1b: Orthworm|def|1\n|-boost|p1b: Orthworm|accuracy|1\n|\n|upkeep\n|\n|t:|1697583241\n|switch|p1a: Gengar|Gengar, M|100\/100\n|turn|3\n|\n|t:|1697583250\n|-terastallize|p2b: Lurantis|Steel\n|move|p2a: Murkrow|Screech|p2b: Lurantis\n|-boost|p2b: Lurantis|def|2\n|move|p1a: Gengar|Sludge Bomb|p2b: Lurantis\n|-immune|p2b: Lurantis\n|move|p2b: Lurantis|Superpower|p1b: Orthworm\n|-supereffective|p1b: Orthworm\n|-damage|p1b: Orthworm|57\/100\n|-boost|p2b: Lurantis|atk|1\n|-boost|p2b: Lurantis|def|1\n|-damage|p2b: Lurantis|84\/100|[from] item: Rocky Helmet|[of] p1b: Orthworm\n|move|p1b: Orthworm|Iron Head|p2a: Murkrow\n|-crit|p2a: Murkrow\n|-damage|p2a: Murkrow|0 fnt\n|faint|p2a: Murkrow\n|\n|-heal|p2b: Lurantis|90\/100|[from] item: Leftovers\n|upkeep\n|\n|t:|1697583270\n|switch|p2a: Grimmsnarl|Grimmsnarl, M|76\/100\n|turn|4\n|\n|t:|1697583280\n|move|p2a: Grimmsnarl|Fake Tears|p2b: Lurantis\n|-boost|p2b: Lurantis|spd|2\n|move|p1a: Gengar|Sludge Bomb|p2a: Grimmsnarl\n|-supereffective|p2a: Grimmsnarl\n|-damage|p2a: Grimmsnarl|6\/100\n|-status|p2a: Grimmsnarl|psn\n|move|p2b: Lurantis|Leaf Storm|p1b: Orthworm\n|-resisted|p1b: Orthworm\n|-crit|p1b: Orthworm\n|-damage|p1b: Orthworm|0 fnt\n|-boost|p2b: Lurantis|spa|2\n|faint|p1b: Orthworm\n|\n|-heal|p2b: Lurantis|96\/100|[from] item: Leftovers\n|-heal|p2a: Grimmsnarl|12\/100 psn|[from] item: Leftovers\n|-damage|p2a: Grimmsnarl|0 fnt|[from] psn\n|faint|p2a: Grimmsnarl\n|upkeep\n|\n|t:|1697583309\n|switch|p1b: Iron Valiant|Iron Valiant|100\/100\n|switch|p2a: Clefairy|Clefairy, M|100\/100\n|turn|5\n|\n|t:|1697583319\n|move|p2a: Clefairy|Protect|p2a: Clefairy\n|-singleturn|p2a: Clefairy|Protect\n|move|p1b: Iron Valiant|Aura Sphere|p2b: Lurantis\n|-supereffective|p2b: Lurantis\n|-damage|p2b: Lurantis|60\/100\n|move|p1a: Gengar|Will-O-Wisp|p2b: Lurantis|[miss]\n|-miss|p1a: Gengar|p2b: Lurantis\n|move|p2b: Lurantis|Leaf Storm|p1b: Iron Valiant\n|-damage|p1b: Iron Valiant|0 fnt\n|-boost|p2b: Lurantis|spa|1\n|faint|p1b: Iron Valiant\n|-end|p1b: Iron Valiant|Quark Drive|[silent]\n|\n|-heal|p2b: Lurantis|66\/100|[from] item: Leftovers\n|upkeep\n|\n|t:|1697583333\n|switch|p1b: Golduck|Golduck, F|100\/100\n|-ability|p1b: Golduck|Cloud Nine\n|turn|6\n|\n|t:|1697583342\n|move|p2b: Lurantis|Protect|p2b: Lurantis\n|-singleturn|p2b: Lurantis|Protect\n|move|p1a: Gengar|Will-O-Wisp|p2b: Lurantis\n|-activate|p2b: Lurantis|move: Protect\n|move|p1b: Golduck|Disable|p2b: Lurantis\n|-activate|p2b: Lurantis|move: Protect\n|move|p2a: Clefairy|Life Dew||[still]|[spread] p2a,p2b\n|-fail|p2a: Clefairy|heal\n|-heal|p2b: Lurantis|91\/100\n|\n|-heal|p2b: Lurantis|97\/100|[from] item: Leftovers\n|upkeep\n|turn|7\n|\n|t:|1697583368\n|move|p2a: Clefairy|Follow Me|p2a: Clefairy\n|-singleturn|p2a: Clefairy|move: Follow Me\n|move|p1a: Gengar|Sludge Bomb|p2a: Clefairy\n|-supereffective|p2a: Clefairy\n|-damage|p2a: Clefairy|36\/100\n|-status|p2a: Clefairy|psn\n|move|p1b: Golduck|Disable|p2a: Clefairy\n|-start|p2a: Clefairy|Disable|Follow Me\n|move|p2b: Lurantis|Leaf Storm|p1b: Golduck\n|-supereffective|p1b: Golduck\n|-damage|p1b: Golduck|0 fnt\n|faint|p1b: Golduck\n|\n|-heal|p2b: Lurantis|100\/100|[from] item: Leftovers\n|-damage|p2a: Clefairy|24\/100 psn|[from] psn\n|upkeep\n|inactive|Derp19961 has 120 seconds left.\n|\n|t:|1697583382\n|switch|p1b: Maushold|Maushold-Four|100\/100\n|turn|8\n|\n|t:|1697583393\n|-terastallize|p1b: Maushold|Ghost\n|move|p2a: Clefairy|Helping Hand|p2b: Lurantis\n|-singleturn|p2b: Lurantis|Helping Hand|[of] p2a: Clefairy\n|move|p1b: Maushold|Population Bomb|p2b: Lurantis\n|-resisted|p2b: Lurantis\n|-damage|p2b: Lurantis|99\/100\n|-resisted|p2b: Lurantis\n|-damage|p2b: Lurantis|98\/100\n|-resisted|p2b: Lurantis\n|-damage|p2b: Lurantis|97\/100\n|-resisted|p2b: Lurantis\n|-damage|p2b: Lurantis|95\/100\n|-resisted|p2b: Lurantis\n|-damage|p2b: Lurantis|94\/100\n|-resisted|p2b: Lurantis\n|-damage|p2b: Lurantis|92\/100\n|-resisted|p2b: Lurantis\n|-damage|p2b: Lurantis|91\/100\n|-resisted|p2b: Lurantis\n|-damage|p2b: Lurantis|90\/100\n|-hitcount|p2b: Lurantis|8\n|move|p1a: Gengar|Will-O-Wisp|p2b: Lurantis|[miss]\n|-miss|p1a: Gengar|p2b: Lurantis\n|move|p2b: Lurantis|Superpower|p1b: Maushold\n|-immune|p1b: Maushold\n|\n|-heal|p2b: Lurantis|96\/100|[from] item: Leftovers\n|-damage|p2a: Clefairy|11\/100 psn|[from] psn\n|upkeep\n|turn|9\n|inactive|Derp19961 has 120 seconds left.\n|\n|t:|1697583435\n|move|p2a: Clefairy|Helping Hand|p2b: Lurantis\n|-singleturn|p2b: Lurantis|Helping Hand|[of] p2a: Clefairy\n|move|p1b: Maushold|Tera Blast|p2b: Lurantis|[anim] Tera Blast Ghost\n|-damage|p2b: Lurantis|89\/100\n|move|p1a: Gengar|Will-O-Wisp|p2b: Lurantis\n|-status|p2b: Lurantis|brn\n|move|p2b: Lurantis|Leaf Storm|p1b: Maushold\n|-damage|p1b: Maushold|0 fnt\n|faint|p1b: Maushold\n|\n|-heal|p2b: Lurantis|95\/100 brn|[from] item: Leftovers\n|-damage|p2a: Clefairy|0 fnt|[from] psn\n|faint|p2a: Clefairy\n|-damage|p2b: Lurantis|89\/100 brn|[from] brn\n|upkeep\n|turn|10\n|inactive|Derp19961 has 120 seconds left.\n|\n|t:|1697583451\n|move|p1a: Gengar|Thunderbolt|p2b: Lurantis\n|-damage|p2b: Lurantis|77\/100 brn\n|move|p2b: Lurantis|Leaf Storm|p1a: Gengar\n|-resisted|p1a: Gengar\n|-damage|p1a: Gengar|0 fnt\n|-start|p2b: Lurantis|Disable|Leaf Storm|[from] ability: Cursed Body|[of] p1a: Gengar\n|faint|p1a: Gengar\n|\n|win|SXD2002\n|raw|Derp19961's rating: 1086 &rarr; <strong>1062<\/strong><br \/>(-24 for losing)\n|raw|SXD2002's rating: 1076 &rarr; <strong>1105<\/strong><br \/>(+29 for winning)\n|c|\u2606SXD2002|gg\n|l|\u2606Derp19961\n","uploadtime":1697583461,"views":20,"p1id":"derp19961","p2id":"sxd2002","formatid":"gen9doublesou","rating":1062,"private":0,"password":""}