{"id":"gen9doublesou-1995818665","p1":"Elcion","p2":"Wilfe Glock","format":"[Gen 9] Doubles OU","log":"|j|\u2606Elcion\n|j|\u2606Wilfe Glock\n|t:|1700606189\n|gametype|doubles\n|player|p1|Elcion|169|1087\n|player|p2|Wilfe Glock|1|1059\n|teamsize|p1|6\n|teamsize|p2|6\n|gen|9\n|tier|[Gen 9] Doubles OU\n|rated|\n|rule|Species Clause: Limit one of each Pok\u00e9mon\n|rule|OHKO Clause: OHKO moves are banned\n|rule|Evasion Moves Clause: Evasion moves are banned\n|rule|Gravity Sleep Clause: The combination of sleep-inducing moves with imperfect accuracy and Gravity or Gigantamax Orbeetle are banned\n|rule|Endless Battle Clause: Forcing endless battles is banned\n|rule|HP Percentage Mod: HP is shown in percentages\n|clearpoke\n|poke|p1|Oricorio-Sensu, F|\n|poke|p1|Kommo-o, M|\n|poke|p1|Ribombee, M|\n|poke|p1|Arcanine-Hisui, F|\n|poke|p1|Grimmsnarl, M|\n|poke|p1|Quaquaval, M|\n|poke|p2|Samurott, M|\n|poke|p2|Goodra-Hisui, M|\n|poke|p2|Slaking, M|\n|poke|p2|Breloom, M|\n|poke|p2|Cresselia, F|\n|poke|p2|Clodsire, M|\n|teampreview\n|inactive|Battle timer is ON: inactive players will automatically lose when time's up. (requested by Elcion)\n|\n|t:|1700606196\n|start\n|switch|p1a: Oricorio|Oricorio-Sensu, F|100\/100\n|switch|p1b: Ribombee|Ribombee, M|100\/100\n|switch|p2a: CLODMAN|Clodsire, M, shiny|100\/100\n|switch|p2b: Ocean|Samurott, M, shiny|100\/100\n|turn|1\n|\n|t:|1700606215\n|move|p1b: Ribombee|Quiver Dance|p1b: Ribombee\n|-boost|p1b: Ribombee|spa|1\n|-boost|p1b: Ribombee|spd|1\n|-boost|p1b: Ribombee|spe|1\n|-activate|p1a: Oricorio|ability: Dancer\n|move|p1a: Oricorio|Quiver Dance|p1a: Oricorio|[from]ability: Dancer\n|-boost|p1a: Oricorio|spa|1\n|-boost|p1a: Oricorio|spd|1\n|-boost|p1a: Oricorio|spe|1\n|move|p1a: Oricorio|Substitute|p1a: Oricorio\n|-start|p1a: Oricorio|Substitute\n|-damage|p1a: Oricorio|75\/100\n|move|p2b: Ocean|Surf|p1b: Ribombee|[spread] p1a,p1b\n|-immune|p2a: CLODMAN|[from] ability: Water Absorb\n|-end|p1a: Oricorio|Substitute\n|-crit|p1b: Ribombee\n|-damage|p1b: Ribombee|8\/100\n|move|p2a: CLODMAN|Sludge Bomb|p1b: Ribombee\n|-supereffective|p1b: Ribombee\n|-damage|p1b: Ribombee|0 fnt\n|faint|p1b: Ribombee\n|\n|upkeep\n|\n|t:|1700606238\n|switch|p1b: Kommo-o|Kommo-o, M|100\/100\n|turn|2\n|\n|t:|1700606252\n|switch|p2a: SoarShell|Goodra-Hisui, M, shiny|100\/100\n|move|p1b: Kommo-o|Clangorous Soul|p1b: Kommo-o\n|-boost|p1b: Kommo-o|atk|1\n|-boost|p1b: Kommo-o|def|1\n|-boost|p1b: Kommo-o|spa|1\n|-boost|p1b: Kommo-o|spd|1\n|-boost|p1b: Kommo-o|spe|1\n|-damage|p1b: Kommo-o|68\/100\n|-activate|p1a: Oricorio|ability: Dancer\n|move|p1a: Oricorio|Clangorous Soul|p1a: Oricorio|[from]ability: Dancer\n|-boost|p1a: Oricorio|atk|1\n|-boost|p1a: Oricorio|def|1\n|-boost|p1a: Oricorio|spa|1\n|-boost|p1a: Oricorio|spd|1\n|-boost|p1a: Oricorio|spe|1\n|-damage|p1a: Oricorio|43\/100\n|move|p1a: Oricorio|Quiver Dance|p1a: Oricorio\n|-boost|p1a: Oricorio|spa|1\n|-boost|p1a: Oricorio|spd|1\n|-boost|p1a: Oricorio|spe|1\n|move|p2b: Ocean|Surf|p1a: Oricorio|[spread] p2a,p1a,p1b\n|-resisted|p2a: SoarShell\n|-resisted|p1b: Kommo-o\n|-damage|p2a: SoarShell|87\/100\n|-damage|p1a: Oricorio|24\/100\n|-damage|p1b: Kommo-o|52\/100\n|-enditem|p1a: Oricorio|Aguav Berry|[eat]\n|-heal|p1a: Oricorio|58\/100|[from] item: Aguav Berry\n|\n|-heal|p2a: SoarShell|93\/100|[from] item: Leftovers\n|upkeep\n|turn|3\n|inactive|Wilfe Glock has 120 seconds left.\n|\n|t:|1700606289\n|-terastallize|p2a: SoarShell|Flying\n|move|p1b: Kommo-o|Clangorous Soul|p1b: Kommo-o\n|-boost|p1b: Kommo-o|atk|1\n|-boost|p1b: Kommo-o|def|1\n|-boost|p1b: Kommo-o|spa|1\n|-boost|p1b: Kommo-o|spd|1\n|-boost|p1b: Kommo-o|spe|1\n|-damage|p1b: Kommo-o|19\/100\n|-activate|p1a: Oricorio|ability: Dancer\n|move|p1a: Oricorio|Clangorous Soul|p1a: Oricorio|[from]ability: Dancer\n|-boost|p1a: Oricorio|atk|1\n|-boost|p1a: Oricorio|def|1\n|-boost|p1a: Oricorio|spa|1\n|-boost|p1a: Oricorio|spd|1\n|-boost|p1a: Oricorio|spe|1\n|-damage|p1a: Oricorio|25\/100\n|move|p1a: Oricorio|Roost|p1a: Oricorio\n|-heal|p1a: Oricorio|75\/100\n|-singleturn|p1a: Oricorio|move: Roost\n|move|p2b: Ocean|Ice Beam|p1a: Oricorio\n|-damage|p1a: Oricorio|62\/100\n|move|p2a: SoarShell|Tera Blast|p1b: Kommo-o|[anim] Tera Blast Flying\n|-supereffective|p1b: Kommo-o\n|-crit|p1b: Kommo-o\n|-damage|p1b: Kommo-o|0 fnt\n|faint|p1b: Kommo-o\n|\n|-heal|p2a: SoarShell|99\/100|[from] item: Leftovers\n|upkeep\n|inactive|Elcion has 120 seconds left.\n|\n|t:|1700606319\n|switch|p1b: Arcanine|Arcanine-Hisui, F|100\/100\n|-ability|p1b: Arcanine|Intimidate|boost\n|-unboost|p2a: SoarShell|atk|1\n|-unboost|p2b: Ocean|atk|1\n|turn|4\n|inactive|Elcion has 120 seconds left.\n|\n|t:|1700606342\n|switch|p2a: Rooshi|Breloom, M, shiny|100\/100\n|move|p1b: Arcanine|Helping Hand|p1a: Oricorio\n|-singleturn|p1a: Oricorio|Helping Hand|[of] p1b: Arcanine\n|move|p1a: Oricorio|Revelation Dance|p2b: Ocean\n|-damage|p2b: Ocean|0 fnt\n|faint|p2b: Ocean\n|\n|-status|p2a: Rooshi|tox|[from] item: Toxic Orb\n|upkeep\n|\n|t:|1700606359\n|switch|p2b: SoarShell|Goodra-Hisui, M, shiny, tera:Flying|99\/100\n|turn|5\n|\n|t:|1700606371\n|move|p1b: Arcanine|Helping Hand|p1a: Oricorio\n|-singleturn|p1a: Oricorio|Helping Hand|[of] p1b: Arcanine\n|move|p1a: Oricorio|Revelation Dance|p2a: Rooshi\n|-damage|p2a: Rooshi|0 fnt\n|faint|p2a: Rooshi\n|move|p2b: SoarShell|Chilling Water|p1a: Oricorio\n|-damage|p1a: Oricorio|55\/100\n|-unboost|p1a: Oricorio|atk|1\n|\n|-heal|p2b: SoarShell|100\/100|[from] item: Leftovers\n|upkeep\n|\n|t:|1700606384\n|switch|p2a: Bull-E|Slaking, M, shiny|100\/100\n|turn|6\n|\n|t:|1700606396\n|switch|p1b: Grimmsnarl|Grimmsnarl, M|100\/100\n|move|p1a: Oricorio|Revelation Dance|p2b: SoarShell\n|-damage|p2b: SoarShell|32\/100\n|move|p2a: Bull-E|Brick Break|p1b: Grimmsnarl\n|-damage|p1b: Grimmsnarl|62\/100\n|move|p2b: SoarShell|Chilling Water|p1a: Oricorio\n|-damage|p1a: Oricorio|47\/100\n|-unboost|p1a: Oricorio|atk|1\n|\n|-heal|p2b: SoarShell|38\/100|[from] item: Leftovers\n|upkeep\n|turn|7\n|\n|t:|1700606423\n|switch|p2a: CLODMAN|Clodsire, M, shiny|100\/100\n|move|p1b: Grimmsnarl|Light Screen|p1b: Grimmsnarl\n|-sidestart|p1: Elcion|move: Light Screen\n|move|p1a: Oricorio|Roost|p1a: Oricorio\n|-heal|p1a: Oricorio|97\/100\n|-singleturn|p1a: Oricorio|move: Roost\n|move|p2b: SoarShell|Tera Blast|p1a: Oricorio|[anim] Tera Blast Flying\n|-damage|p1a: Oricorio|86\/100\n|\n|-heal|p2b: SoarShell|44\/100|[from] item: Leftovers\n|upkeep\n|turn|8\n|\n|t:|1700606443\n|move|p1b: Grimmsnarl|Parting Shot|p2a: CLODMAN\n|-unboost|p2a: CLODMAN|atk|1\n|-unboost|p2a: CLODMAN|spa|1\n|\n|t:|1700606446\n|switch|p1b: Arcanine|Arcanine-Hisui, F|100\/100|[from] Parting Shot\n|-ability|p1b: Arcanine|Intimidate|boost\n|-unboost|p2a: CLODMAN|atk|1\n|-unboost|p2b: SoarShell|atk|1\n|move|p1a: Oricorio|Quiver Dance|p1a: Oricorio\n|-boost|p1a: Oricorio|spa|1\n|-boost|p1a: Oricorio|spd|1\n|-boost|p1a: Oricorio|spe|1\n|move|p2b: SoarShell|Tera Blast|p1a: Oricorio|[anim] Tera Blast Flying\n|-damage|p1a: Oricorio|75\/100\n|move|p2a: CLODMAN|Sludge Bomb|p1b: Arcanine\n|-resisted|p1b: Arcanine\n|-damage|p1b: Arcanine|96\/100\n|\n|-heal|p2b: SoarShell|50\/100|[from] item: Leftovers\n|upkeep\n|turn|9\n|\n|t:|1700606464\n|move|p1b: Arcanine|Helping Hand|p1a: Oricorio\n|-singleturn|p1a: Oricorio|Helping Hand|[of] p1b: Arcanine\n|move|p1a: Oricorio|Revelation Dance|p2b: SoarShell\n|-damage|p2b: SoarShell|0 fnt\n|faint|p2b: SoarShell\n|move|p2a: CLODMAN|Liquidation|p1b: Arcanine\n|-supereffective|p1b: Arcanine\n|-damage|p1b: Arcanine|41\/100\n|\n|upkeep\n|\n|t:|1700606476\n|switch|p2b: Mama Swap|Cresselia, F, shiny|100\/100\n|turn|10\n|\n|t:|1700606488\n|move|p1b: Arcanine|Helping Hand|p1a: Oricorio\n|-singleturn|p1a: Oricorio|Helping Hand|[of] p1b: Arcanine\n|move|p2b: Mama Swap|Protect|p2b: Mama Swap\n|-singleturn|p2b: Mama Swap|Protect\n|move|p1a: Oricorio|Revelation Dance|p2a: CLODMAN\n|-damage|p2a: CLODMAN|0 fnt\n|faint|p2a: CLODMAN\n|\n|upkeep\n|\n|t:|1700606497\n|switch|p2a: Bull-E|Slaking, M, shiny|100\/100\n|turn|11\n|\n|t:|1700606508\n|-terastallize|p1a: Oricorio|Steel\n|move|p1b: Arcanine|Helping Hand|p1a: Oricorio\n|-singleturn|p1a: Oricorio|Helping Hand|[of] p1b: Arcanine\n|move|p2b: Mama Swap|Protect||[still]\n|-fail|p2b: Mama Swap\n|move|p1a: Oricorio|Revelation Dance|p2a: Bull-E\n|-damage|p2a: Bull-E|0 fnt\n|faint|p2a: Bull-E\n|\n|upkeep\n|turn|12\n|\n|t:|1700606522\n|move|p1b: Arcanine|Helping Hand|p1a: Oricorio\n|-singleturn|p1a: Oricorio|Helping Hand|[of] p1b: Arcanine\n|move|p2b: Mama Swap|Protect|p2b: Mama Swap\n|-singleturn|p2b: Mama Swap|Protect\n|move|p1a: Oricorio|Revelation Dance|p2b: Mama Swap\n|-activate|p2b: Mama Swap|move: Protect\n|\n|upkeep\n|turn|13\n|\n|t:|1700606538\n|move|p1b: Arcanine|Helping Hand|p1a: Oricorio\n|-singleturn|p1a: Oricorio|Helping Hand|[of] p1b: Arcanine\n|move|p1a: Oricorio|Revelation Dance|p2b: Mama Swap\n|-damage|p2b: Mama Swap|25\/100\n|move|p2b: Mama Swap|Skill Swap|p1a: Oricorio\n|-activate|p2b: Mama Swap|move: Skill Swap|Dancer|Levitate|[of] p1a: Oricorio\n|\n|upkeep\n|turn|14\n|\n|t:|1700606557\n|move|p1b: Arcanine|Helping Hand|p1a: Oricorio\n|-singleturn|p1a: Oricorio|Helping Hand|[of] p1b: Arcanine\n|move|p2b: Mama Swap|Protect|p2b: Mama Swap\n|-singleturn|p2b: Mama Swap|Protect\n|move|p1a: Oricorio|Revelation Dance|p2b: Mama Swap\n|-activate|p2b: Mama Swap|move: Protect\n|\n|-sideend|p1: Elcion|move: Light Screen\n|upkeep\n|turn|15\n|\n|t:|1700606572\n|move|p1b: Arcanine|Helping Hand|p1a: Oricorio\n|-singleturn|p1a: Oricorio|Helping Hand|[of] p1b: Arcanine\n|move|p1a: Oricorio|Revelation Dance|p2b: Mama Swap\n|-damage|p2b: Mama Swap|0 fnt\n|faint|p2b: Mama Swap\n|\n|win|Elcion\n|raw|Elcion's rating: 1087 &rarr; <strong>1112<\/strong><br \/>(+25 for winning)\n|raw|Wilfe Glock's rating: 1059 &rarr; <strong>1042<\/strong><br \/>(-17 for losing)\n|l|\u2606Wilfe Glock\n","uploadtime":1700606581,"views":6,"p1id":"elcion","p2id":"wilfeglock","formatid":"gen9doublesou","rating":1042,"private":0,"password":""}