{"id":"gen9doublesou-1973460481","p1":"No_Name512","p2":"wingwingy55","format":"[Gen 9] Doubles OU","log":"|j|\u2606No_Name512\n|j|\u2606wingwingy55\n|t:|1697979020\n|gametype|doubles\n|player|p1|No_Name512|dawn|1147\n|player|p2|wingwingy55|preschooler|1143\n|teamsize|p1|6\n|teamsize|p2|6\n|gen|9\n|tier|[Gen 9] Doubles OU\n|rated|\n|rule|Species Clause: Limit one of each Pok\u00e9mon\n|rule|OHKO Clause: OHKO moves are banned\n|rule|Evasion Moves Clause: Evasion moves are banned\n|rule|Gravity Sleep Clause: The combination of sleep-inducing moves with imperfect accuracy and Gravity or Gigantamax Orbeetle are banned\n|rule|Endless Battle Clause: Forcing endless battles is banned\n|rule|HP Percentage Mod: HP is shown in percentages\n|clearpoke\n|poke|p1|Tornadus, M|\n|poke|p1|Iron Bundle|\n|poke|p1|Gholdengo|\n|poke|p1|Iron Hands|\n|poke|p1|Hatterene, F|\n|poke|p1|Chi-Yu|\n|poke|p2|Dragapult, M|\n|poke|p2|Heatran, F|\n|poke|p2|Ogerpon, F|\n|poke|p2|Cresselia, F|\n|poke|p2|Landorus-Therian, M|\n|poke|p2|Tornadus, M|\n|teampreview\n|inactive|Battle timer is ON: inactive players will automatically lose when time's up. (requested by No_Name512)\n|\n|t:|1697979037\n|start\n|switch|p1a: Tornadus|Tornadus, M|100\/100\n|switch|p1b: Iron Bundle|Iron Bundle|100\/100\n|switch|p2a: Tornadus|Tornadus, M|100\/100\n|switch|p2b: Ogerpon|Ogerpon, F|100\/100\n|turn|1\n|\n|t:|1697979064\n|-terastallize|p1a: Tornadus|Dark\n|move|p2a: Tornadus|Taunt|p1a: Tornadus\n|-hint|Since gen 7, Dark is immune to Prankster moves.\n|-immune|p1a: Tornadus\n|move|p1a: Tornadus|Taunt|p2a: Tornadus\n|-start|p2a: Tornadus|move: Taunt\n|move|p1b: Iron Bundle|Icy Wind|p2b: Ogerpon|[spread] p2a,p2b\n|-supereffective|p2a: Tornadus\n|-supereffective|p2b: Ogerpon\n|-damage|p2a: Tornadus|56\/100\n|-damage|p2b: Ogerpon|54\/100\n|-unboost|p2b: Ogerpon|spe|1\n|-ability|p2b: Ogerpon|Defiant|boost\n|-boost|p2b: Ogerpon|atk|2\n|move|p2b: Ogerpon|Ivy Cudgel|p1b: Iron Bundle\n|-supereffective|p1b: Iron Bundle\n|-enditem|p1b: Iron Bundle|Focus Sash\n|-damage|p1b: Iron Bundle|1\/100\n|\n|-heal|p2b: Ogerpon|60\/100|[from] item: Leftovers\n|upkeep\n|turn|2\n|inactive|wingwingy55 has 120 seconds left.\n|\n|t:|1697979103\n|move|p1b: Iron Bundle|Freeze-Dry|p2b: Ogerpon\n|-supereffective|p2b: Ogerpon\n|-damage|p2b: Ogerpon|0 fnt\n|faint|p2b: Ogerpon\n|move|p2a: Tornadus|Icy Wind|p1b: Iron Bundle|[spread] p1a,p1b\n|-resisted|p1b: Iron Bundle\n|-damage|p1a: Tornadus|84\/100\n|-damage|p1b: Iron Bundle|0 fnt\n|faint|p1b: Iron Bundle\n|-end|p1b: Iron Bundle|Quark Drive|[silent]\n|move|p1a: Tornadus|Bleakwind Storm|p2a: Tornadus\n|-damage|p2a: Tornadus|0 fnt\n|faint|p2a: Tornadus\n|\n|upkeep\n|\n|t:|1697979126\n|switch|p1b: Gholdengo|Gholdengo|100\/100\n|switch|p2b: Landorus|Landorus-Therian, M|100\/100\n|switch|p2a: Heatran|Heatran, F|100\/100\n|-ability|p2b: Landorus|Intimidate|boost\n|-unboost|p1a: Tornadus|atk|1\n|-unboost|p1b: Gholdengo|atk|1\n|turn|3\n|inactive|No_Name512 has 120 seconds left.\n|\n|t:|1697979157\n|switch|p1b: Iron Hands|Iron Hands|100\/100\n|-terastallize|p2b: Landorus|Flying\n|move|p1a: Tornadus|Tailwind|p1a: Tornadus\n|-sidestart|p1: No_Name512|move: Tailwind\n|move|p2b: Landorus|Tera Blast|p1a: Tornadus|[anim] Tera Blast Flying\n|-damage|p1a: Tornadus|0 fnt\n|faint|p1a: Tornadus\n|move|p2a: Heatran|Magma Storm|p1b: Iron Hands\n|-damage|p1b: Iron Hands|72\/100\n|-activate|p1b: Iron Hands|move: Magma Storm|[of] p2a: Heatran\n|\n|-damage|p1b: Iron Hands|60\/100|[from] move: Magma Storm|[partiallytrapped]\n|upkeep\n|inactive|No_Name512 has 120 seconds left.\n|\n|t:|1697979191\n|switch|p1a: Gholdengo|Gholdengo|100\/100\n|turn|4\n|\n|t:|1697979209\n|switch|p2b: Cresselia|Cresselia, F|100\/100\n|move|p1a: Gholdengo|Thunderbolt|p2b: Cresselia\n|-damage|p2b: Cresselia|70\/100\n|-status|p2b: Cresselia|par\n|move|p1b: Iron Hands|Drain Punch|p2a: Heatran\n|-supereffective|p2a: Heatran\n|-damage|p2a: Heatran|33\/100\n|-heal|p1b: Iron Hands|86\/100|[from] drain|[of] p2a: Heatran\n|move|p2a: Heatran|Heat Wave|p1a: Gholdengo|[spread] p1a,p1b\n|-supereffective|p1a: Gholdengo\n|-damage|p1a: Gholdengo|12\/100\n|-damage|p1b: Iron Hands|69\/100\n|\n|-damage|p1b: Iron Hands|56\/100|[from] move: Magma Storm|[partiallytrapped]\n|upkeep\n|turn|5\n|inactive|No_Name512 has 120 seconds left.\n|\n|t:|1697979231\n|switch|p1a: Hatterene|Hatterene, F|100\/100\n|switch|p2a: Dragapult|Dragapult, M, shiny|100\/100\n|move|p1b: Iron Hands|Drain Punch|p2a: Dragapult\n|-immune|p2a: Dragapult\n|move|p2b: Cresselia|Lunar Blessing|p2b: Cresselia|[spread] p2a,p2b\n|-heal|p2b: Cresselia|95\/100 par\n|-curestatus|p2b: Cresselia|par|[msg]\n|\n|-end|p1b: Iron Hands|Magma Storm|[partiallytrapped]|[silent]\n|upkeep\n|turn|6\n|inactive|No_Name512 has 120 seconds left.\n|\n|t:|1697979257\n|move|p2a: Dragapult|Phantom Force||[still]\n|-prepare|p2a: Dragapult|Phantom Force\n|move|p1b: Iron Hands|Heavy Slam|p2a: Dragapult|[miss]\n|-miss|p1b: Iron Hands|p2a: Dragapult\n|move|p2b: Cresselia|Icy Wind|p1b: Iron Hands|[spread] p1a,p1b\n|-damage|p1a: Hatterene|92\/100\n|-damage|p1b: Iron Hands|52\/100\n|-unboost|p1a: Hatterene|spe|1\n|-unboost|p1b: Iron Hands|spe|1\n|move|p1a: Hatterene|Dazzling Gleam|p2b: Cresselia|[spread] p2b\n|-miss|p1a: Hatterene|p2a: Dragapult\n|-damage|p2b: Cresselia|76\/100\n|\n|-sideend|p1: No_Name512|move: Tailwind\n|upkeep\n|turn|7\n|\n|t:|1697979277\n|move|p2b: Cresselia|Helping Hand|p2a: Dragapult\n|-singleturn|p2a: Dragapult|Helping Hand|[of] p2b: Cresselia\n|move|p2a: Dragapult|Phantom Force|p1a: Hatterene|[from]lockedmove\n|-supereffective|p1a: Hatterene\n|-damage|p1a: Hatterene|0 fnt\n|-damage|p2a: Dragapult|84\/100|[from] item: Rocky Helmet|[of] p1a: Hatterene\n|faint|p1a: Hatterene\n|-damage|p2a: Dragapult|74\/100|[from] item: Life Orb\n|move|p1b: Iron Hands|Heavy Slam|p2a: Dragapult\n|-damage|p2a: Dragapult|20\/100\n|\n|upkeep\n|inactive|No_Name512 has 120 seconds left.\n|\n|t:|1697979291\n|switch|p1a: Gholdengo|Gholdengo|12\/100\n|turn|8\n|\n|t:|1697979297\n|move|p2b: Cresselia|Helping Hand|p2a: Dragapult\n|-singleturn|p2a: Dragapult|Helping Hand|[of] p2b: Cresselia\n|move|p2a: Dragapult|Dragon Darts|p1a: Gholdengo\n|-resisted|p1a: Gholdengo\n|-crit|p1a: Gholdengo\n|-damage|p1a: Gholdengo|0 fnt\n|-anim|p2a: Dragapult|Dragon Darts|p1b: Iron Hands\n|-damage|p1b: Iron Hands|21\/100\n|faint|p1a: Gholdengo\n|-damage|p2a: Dragapult|10\/100|[from] item: Life Orb\n|move|p1b: Iron Hands|Heavy Slam|p2b: Cresselia\n|-damage|p2b: Cresselia|56\/100\n|\n|upkeep\n|-message|No_Name512 forfeited.\n|\n|win|wingwingy55\n|raw|No_Name512's rating: 1147 &rarr; <strong>1122<\/strong><br \/>(-25 for losing)\n|raw|wingwingy55's rating: 1143 &rarr; <strong>1168<\/strong><br \/>(+25 for winning)\n|l|\u2606No_Name512\n","uploadtime":1697979310,"views":18,"p1id":"noname512","p2id":"wingwingy55","formatid":"gen9doublesou","rating":1122,"private":0,"password":""}