{"id":"gen9doublesou-1996847061","p1":"SkyshockEvent","p2":"nicomar5","format":"[Gen 9] Doubles OU","log":"|j|\u2606SkyshockEvent\n|j|\u2606nicomar5\n|t:|1700734759\n|gametype|doubles\n|player|p1|SkyshockEvent|169|1245\n|player|p2|nicomar5|266|1022\n|teamsize|p1|6\n|teamsize|p2|6\n|gen|9\n|tier|[Gen 9] Doubles OU\n|rated|\n|rule|Species Clause: Limit one of each Pok\u00e9mon\n|rule|OHKO Clause: OHKO moves are banned\n|rule|Evasion Moves Clause: Evasion moves are banned\n|rule|Gravity Sleep Clause: The combination of sleep-inducing moves with imperfect accuracy and Gravity or Gigantamax Orbeetle are banned\n|rule|Endless Battle Clause: Forcing endless battles is banned\n|rule|HP Percentage Mod: HP is shown in percentages\n|clearpoke\n|poke|p1|Iron Hands|\n|poke|p1|Iron Bundle|\n|poke|p1|Garganacl, F|\n|poke|p1|Gholdengo|\n|poke|p1|Dragapult, F|\n|poke|p1|Meowscarada, M|\n|poke|p2|Meowscarada, F|\n|poke|p2|Greninja-*, M|\n|poke|p2|Volcanion|\n|poke|p2|Gholdengo|\n|poke|p2|Dragapult, M|\n|poke|p2|Pincurchin, F|\n|teampreview\n|\n|t:|1700734767\n|start\n|switch|p1a: santa|Iron Bundle|100\/100\n|switch|p1b: pirate|Gholdengo|100\/100\n|switch|p2a: Pincurchin|Pincurchin, F, shiny|100\/100\n|switch|p2b: Volcanion|Volcanion|100\/100\n|turn|1\n|inactive|Battle timer is ON: inactive players will automatically lose when time's up. (requested by nicomar5)\n|\n|t:|1700734788\n|move|p1a: santa|Freeze-Dry|p2b: Volcanion\n|-crit|p2b: Volcanion\n|-damage|p2b: Volcanion|52\/100\n|move|p1b: pirate|Thunderbolt|p2a: Pincurchin\n|-activate|p2a: Pincurchin|ability: Lightning Rod\n|-ability|p2a: Pincurchin|Lightning Rod|boost\n|-boost|p2a: Pincurchin|spa|1\n|move|p2b: Volcanion|Flamethrower|p1b: pirate\n|-supereffective|p1b: pirate\n|-damage|p1b: pirate|0 fnt\n|faint|p1b: pirate\n|move|p2a: Pincurchin|Thunder Wave|p1a: santa\n|-status|p1a: santa|par\n|\n|upkeep\n|\n|t:|1700734807\n|switch|p1b: fat|Iron Hands|100\/100\n|turn|2\n|\n|t:|1700734820\n|move|p2b: Volcanion|Earth Power|p1b: fat\n|-supereffective|p1b: fat\n|-damage|p1b: fat|38\/100\n|move|p1a: santa|Icy Wind|p2a: Pincurchin|[spread] p2a,p2b\n|-resisted|p2b: Volcanion\n|-damage|p2a: Pincurchin|78\/100\n|-damage|p2b: Volcanion|48\/100\n|-unboost|p2a: Pincurchin|spe|1\n|-unboost|p2b: Volcanion|spe|1\n|move|p1b: fat|Swords Dance|p1b: fat\n|-boost|p1b: fat|atk|2\n|move|p2a: Pincurchin|Spikes|p1a: santa\n|-sidestart|p1: SkyshockEvent|Spikes\n|\n|-heal|p1b: fat|44\/100|[from] item: Leftovers\n|upkeep\n|turn|3\n|\n|t:|1700734840\n|move|p1a: santa|Freeze-Dry|p2b: Volcanion\n|-damage|p2b: Volcanion|14\/100\n|move|p1b: fat|Drain Punch|p2a: Pincurchin\n|-damage|p2a: Pincurchin|11\/100\n|-heal|p1b: fat|65\/100|[from] drain|[of] p2a: Pincurchin\n|move|p2b: Volcanion|Earth Power|p1b: fat\n|-supereffective|p1b: fat\n|-damage|p1b: fat|0 fnt\n|faint|p1b: fat\n|-end|p1b: fat|Quark Drive|[silent]\n|move|p2a: Pincurchin|Spikes|p1a: santa\n|-sidestart|p1: SkyshockEvent|Spikes\n|\n|upkeep\n|\n|t:|1700734854\n|switch|p1b: aztec|Garganacl, F, shiny|100\/100\n|-damage|p1b: aztec|84\/100|[from] Spikes\n|turn|4\n|\n|t:|1700734868\n|switch|p2a: Greninja|Greninja, M, shiny|100\/100\n|move|p1a: santa|Icy Wind|p2b: Volcanion|[spread] p2a,p2b\n|-resisted|p2a: Greninja\n|-resisted|p2b: Volcanion\n|-damage|p2a: Greninja|86\/100\n|-damage|p2b: Volcanion|9\/100\n|-unboost|p2a: Greninja|spe|1\n|-unboost|p2b: Volcanion|spe|1\n|move|p1b: aztec|Salt Cure|p2b: Volcanion\n|-supereffective|p2b: Volcanion\n|-damage|p2b: Volcanion|0 fnt\n|faint|p2b: Volcanion\n|\n|-heal|p1b: aztec|90\/100|[from] item: Leftovers\n|upkeep\n|\n|t:|1700734885\n|switch|p2b: Gholdengo|Gholdengo, shiny|100\/100\n|turn|5\n|\n|t:|1700734902\n|move|p2b: Gholdengo|Shadow Ball|p1a: santa\n|-damage|p1a: santa|25\/100 par\n|move|p2a: Greninja|Ice Beam|p1b: aztec\n|-start|p2a: Greninja|typechange|Ice|[from] ability: Protean\n|-damage|p1b: aztec|38\/100\n|move|p1a: santa|Freeze-Dry|p2a: Greninja\n|-resisted|p2a: Greninja\n|-damage|p2a: Greninja|65\/100\n|move|p1b: aztec|Salt Cure|p2b: Gholdengo\n|-resisted|p2b: Gholdengo\n|-damage|p2b: Gholdengo|93\/100\n|\n|-heal|p1b: aztec|44\/100|[from] item: Leftovers\n|upkeep\n|turn|6\n|j| Krysu-Sama\n|c| Krysu-Sama|que pro\n|inactive|nicomar5 has 120 seconds left.\n|\n|t:|1700734937\n|move|p2b: Gholdengo|Nasty Plot|p2b: Gholdengo\n|-boost|p2b: Gholdengo|spa|2\n|move|p2a: Greninja|Ice Beam|p1b: aztec\n|-damage|p1b: aztec|0 fnt\n|faint|p1b: aztec\n|cant|p1a: santa|par\n|\n|upkeep\n|inactive|SkyshockEvent has 120 seconds left.\n|\n|t:|1700734957\n|switch|p1b: drangon|Dragapult, F|100\/100\n|-damage|p1b: drangon|84\/100|[from] Spikes\n|turn|7\n|\n|t:|1700734972\n|-terastallize|p1b: drangon|Dragon\n|move|p1b: drangon|Phantom Force||[still]\n|-prepare|p1b: drangon|Phantom Force\n|move|p2b: Gholdengo|Shadow Ball|p1b: drangon|[miss]\n|-miss|p2b: Gholdengo|p1b: drangon\n|move|p2a: Greninja|Ice Beam|p1b: drangon|[miss]\n|-miss|p2a: Greninja|p1b: drangon\n|move|p1a: santa|Encore|p2b: Gholdengo\n|-immune|p2b: Gholdengo|[from] ability: Good as Gold\n|\n|upkeep\n|turn|8\n|\n|t:|1700734987\n|move|p1b: drangon|Phantom Force|p2b: Gholdengo|[from]lockedmove\n|-supereffective|p2b: Gholdengo\n|-damage|p2b: Gholdengo|0 fnt\n|faint|p2b: Gholdengo\n|-damage|p1b: drangon|74\/100|[from] item: Life Orb\n|move|p2a: Greninja|Ice Beam|p1b: drangon\n|-supereffective|p1b: drangon\n|-damage|p1b: drangon|0 fnt\n|faint|p1b: drangon\n|move|p1a: santa|Hydro Pump|p2a: Greninja\n|-damage|p2a: Greninja|0 fnt\n|faint|p2a: Greninja\n|\n|upkeep\n|c|\u2606SkyshockEvent|i hate\n|\n|t:|1700735003\n|switch|p1b: moew|Meowscarada, M|100\/100\n|switch|p2a: Meowscarada|Meowscarada, F|100\/100\n|switch|p2b: Dragapult|Dragapult, M, shiny|100\/100\n|-damage|p1b: moew|84\/100|[from] Spikes\n|turn|9\n|\n|t:|1700735019\n|move|p2a: Meowscarada|Sucker Punch|p1b: moew\n|-resisted|p1b: moew\n|-damage|p1b: moew|57\/100\n|move|p1b: moew|Sucker Punch|p2b: Dragapult\n|-supereffective|p2b: Dragapult\n|-damage|p2b: Dragapult|2\/100\n|move|p2b: Dragapult|Shadow Ball|p1a: santa\n|-damage|p1a: santa|0 fnt\n|faint|p1a: santa\n|-end|p1a: santa|Quark Drive|[silent]\n|\n|upkeep\n|turn|10\n|\n|t:|1700735041\n|-terastallize|p2b: Dragapult|Dragon\n|move|p2b: Dragapult|Shadow Ball|p1b: moew\n|-resisted|p1b: moew\n|-damage|p1b: moew|32\/100\n|move|p2a: Meowscarada|Flower Trick|p1b: moew\n|-resisted|p1b: moew\n|-crit|p1b: moew\n|-damage|p1b: moew|0 fnt\n|faint|p1b: moew\n|\n|win|nicomar5\n|raw|SkyshockEvent's rating: 1245 &rarr; <strong>1206<\/strong><br \/>(-39 for losing)\n|raw|nicomar5's rating: 1022 &rarr; <strong>1079<\/strong><br \/>(+57 for winning)\n|c|\u2606nicomar5|gg\n|l|\u2606SkyshockEvent\n","uploadtime":1700735054,"views":2,"p1id":"skyshockevent","p2id":"nicomar5","formatid":"gen9doublesou","rating":1079,"private":0,"password":""}