{"id":"gen9doublesou-1974801476","p1":"J0b4","p2":"LiteEffectivez","format":"[Gen 9] Doubles OU","log":"|j|\u2606J0b4\n|j|\u2606LiteEffectivez\n|t:|1698126739\n|gametype|doubles\n|player|p1|J0b4|1|1040\n|player|p2|LiteEffectivez|169|1000\n|teamsize|p1|6\n|teamsize|p2|6\n|gen|9\n|tier|[Gen 9] Doubles OU\n|rated|\n|rule|Species Clause: Limit one of each Pok\u00e9mon\n|rule|OHKO Clause: OHKO moves are banned\n|rule|Evasion Moves Clause: Evasion moves are banned\n|rule|Gravity Sleep Clause: The combination of sleep-inducing moves with imperfect accuracy and Gravity or Gigantamax Orbeetle are banned\n|rule|Endless Battle Clause: Forcing endless battles is banned\n|rule|HP Percentage Mod: HP is shown in percentages\n|clearpoke\n|poke|p1|Gliscor, F|\n|poke|p1|Umbreon, F|\n|poke|p1|Landorus-Therian, M|\n|poke|p1|Goodra-Hisui, F|\n|poke|p1|Skeledirge, M|\n|poke|p1|Corviknight, F|\n|poke|p2|Torterra, F|\n|poke|p2|Florges-White, F|\n|poke|p2|Raichu-Alola, F|\n|poke|p2|Overqwil, F|\n|poke|p2|Rabsca, M|\n|poke|p2|Iron Jugulis|\n|teampreview\n|inactive|Battle timer is ON: inactive players will automatically lose when time's up. (requested by LiteEffectivez)\n|\n|t:|1698126747\n|start\n|switch|p1a: Gliscor|Gliscor, F|100\/100\n|switch|p1b: Umbreon|Umbreon, F|100\/100\n|switch|p2a: Raichu|Raichu-Alola, F|100\/100\n|switch|p2b: Florges|Florges-White, F, shiny|100\/100\n|turn|1\n|\n|t:|1698126771\n|move|p2a: Raichu|Electric Terrain|p2a: Raichu\n|-fieldstart|move: Electric Terrain\n|move|p1a: Gliscor|Swords Dance|p1a: Gliscor\n|-boost|p1a: Gliscor|atk|2\n|move|p2b: Florges|Safeguard|p2b: Florges\n|-sidestart|p2: LiteEffectivez|Safeguard\n|move|p1b: Umbreon|Toxic|p1a: Gliscor\n|-status|p1a: Gliscor|tox\n|\n|upkeep\n|turn|2\n|\n|t:|1698126795\n|move|p2b: Florges|Protect|p2b: Florges\n|-singleturn|p2b: Florges|Protect\n|move|p2a: Raichu|Volt Switch|p1a: Gliscor\n|-immune|p1a: Gliscor\n|move|p1a: Gliscor|Substitute|p1a: Gliscor\n|-start|p1a: Gliscor|Substitute\n|-damage|p1a: Gliscor|76\/100 tox\n|move|p1b: Umbreon|Yawn|p2a: Raichu\n|-activate|p2a: Raichu|move: Safeguard\n|\n|-heal|p1a: Gliscor|82\/100 tox|[from] item: Leftovers\n|-heal|p1a: Gliscor|94\/100 tox|[from] ability: Poison Heal\n|upkeep\n|turn|3\n|inactive|J0b4 has 120 seconds left.\n|\n|t:|1698126831\n|switch|p1b: Corviknight|Corviknight, F|100\/100\n|-ability|p1b: Corviknight|Pressure\n|move|p2a: Raichu|Volt Switch|p1b: Corviknight\n|-supereffective|p1b: Corviknight\n|-damage|p1b: Corviknight|25\/100\n|\n|t:|1698126838\n|switch|p2a: Torterra|Torterra, F, shiny|100\/100|[from] Volt Switch\n|-enditem|p2a: Torterra|Electric Seed\n|-boost|p2a: Torterra|def|1|[from] item: Electric Seed\n|-activate|p2b: Florges|ability: Symbiosis|Weakness Policy|[of] p2a: Torterra\n|move|p1a: Gliscor|Earthquake|p2a: Torterra|[spread] p2a,p2b\n|-immune|p1b: Corviknight\n|-resisted|p2a: Torterra\n|-damage|p2a: Torterra|81\/100\n|-damage|p2b: Florges|7\/100\n|move|p2b: Florges|Petal Blizzard|p1b: Corviknight|[spread] p2a,p1a,p1b\n|-activate|p1a: Gliscor|move: Substitute|[damage]\n|-resisted|p1b: Corviknight\n|-damage|p2a: Torterra|74\/100\n|-damage|p1b: Corviknight|23\/100\n|\n|-heal|p1a: Gliscor|100\/100 tox|[from] item: Leftovers\n|-heal|p1b: Corviknight|29\/100|[from] item: Leftovers\n|upkeep\n|turn|4\n|inactive|J0b4 has 120 seconds left.\n|\n|t:|1698126877\n|move|p1a: Gliscor|Swords Dance|p1a: Gliscor\n|-boost|p1a: Gliscor|atk|2\n|move|p2a: Torterra|Shell Smash|p2a: Torterra\n|-unboost|p2a: Torterra|def|1\n|-unboost|p2a: Torterra|spd|1\n|-boost|p2a: Torterra|atk|2\n|-boost|p2a: Torterra|spa|2\n|-boost|p2a: Torterra|spe|2\n|move|p2b: Florges|Pollen Puff|p2a: Torterra\n|-heal|p2a: Torterra|100\/100\n|move|p1b: Corviknight|Light Screen|p1b: Corviknight\n|-sidestart|p1: J0b4|move: Light Screen\n|\n|-heal|p1b: Corviknight|36\/100|[from] item: Leftovers\n|upkeep\n|turn|5\n|inactive|J0b4 has 120 seconds left.\n|\n|t:|1698126903\n|switch|p1b: Landorus|Landorus-Therian, M|100\/100\n|-ability|p1b: Landorus|Intimidate|boost\n|-unboost|p2a: Torterra|atk|1\n|-unboost|p2b: Florges|atk|1\n|move|p2a: Torterra|Rock Slide|p1a: Gliscor|[spread] p1a,p1b\n|-end|p1a: Gliscor|Substitute\n|-damage|p1b: Landorus|65\/100\n|move|p1a: Gliscor|Earthquake|p2b: Florges|[spread] p2a,p2b\n|-immune|p1b: Landorus\n|-resisted|p2a: Torterra\n|-damage|p2a: Torterra|55\/100\n|-damage|p2b: Florges|0 fnt\n|faint|p2b: Florges\n|\n|-sideend|p2: LiteEffectivez|Safeguard\n|-fieldend|move: Electric Terrain\n|upkeep\n|\n|t:|1698126920\n|switch|p2b: Raichu|Raichu-Alola, F|100\/100\n|turn|6\n|\n|t:|1698126934\n|-terastallize|p1a: Gliscor|Steel\n|move|p1b: Landorus|Smack Down|p2b: Raichu\n|-damage|p2b: Raichu|59\/100\n|move|p2a: Torterra|Rock Slide|p1b: Landorus|[spread] p1a,p1b\n|-resisted|p1a: Gliscor\n|-crit|p1a: Gliscor\n|-damage|p1a: Gliscor|79\/100 tox\n|-damage|p1b: Landorus|35\/100\n|move|p2b: Raichu|Electric Terrain|p2b: Raichu\n|-fieldstart|move: Electric Terrain\n|cant|p1a: Gliscor|flinch\n|\n|-heal|p1a: Gliscor|85\/100 tox|[from] item: Leftovers\n|-heal|p1a: Gliscor|97\/100 tox|[from] ability: Poison Heal\n|upkeep\n|turn|7\n|\n|t:|1698126959\n|move|p2b: Raichu|Skill Swap|p2a: Torterra\n|-activate|p2b: Raichu|move: Skill Swap|||[of] p2a: Torterra\n|move|p2a: Torterra|Rock Slide|p1b: Landorus|[spread] p1b\n|-miss|p2a: Torterra|p1a: Gliscor\n|-damage|p1b: Landorus|4\/100\n|move|p1b: Landorus|Smack Down|p2b: Raichu\n|-damage|p2b: Raichu|18\/100\n|move|p1a: Gliscor|Earthquake|p2b: Raichu|[spread] p2a,p2b\n|-immune|p1b: Landorus\n|-resisted|p2a: Torterra\n|-supereffective|p2b: Raichu\n|-damage|p2a: Torterra|6\/100\n|-damage|p2b: Raichu|0 fnt\n|faint|p2b: Raichu\n|\n|-heal|p1a: Gliscor|100\/100 tox|[from] item: Leftovers\n|upkeep\n|\n|t:|1698126974\n|switch|p2b: Rabsca|Rabsca, M|100\/100\n|turn|8\n|\n|t:|1698126997\n|switch|p1b: Goodra|Goodra-Hisui, F, shiny|100\/100\n|move|p2b: Rabsca|Protect|p2b: Rabsca\n|-singleturn|p2b: Rabsca|Protect\n|move|p2a: Torterra|Rock Slide|p1a: Gliscor|[spread] p1a,p1b\n|-resisted|p1a: Gliscor\n|-resisted|p1b: Goodra\n|-damage|p1a: Gliscor|88\/100 tox\n|-damage|p1b: Goodra|87\/100\n|move|p1a: Gliscor|Earthquake|p2a: Torterra|[spread] p1b,p2a\n|-activate|p2b: Rabsca|move: Protect\n|-supereffective|p1b: Goodra\n|-resisted|p2a: Torterra\n|-damage|p1b: Goodra|0 fnt\n|-damage|p2a: Torterra|0 fnt\n|faint|p1b: Goodra\n|faint|p2a: Torterra\n|\n|-heal|p1a: Gliscor|94\/100 tox|[from] item: Leftovers\n|-heal|p1a: Gliscor|100\/100 tox|[from] ability: Poison Heal\n|-sideend|p1: J0b4|move: Light Screen\n|upkeep\n|\n|t:|1698127030\n|switch|p2a: Iron Jugulis|Iron Jugulis|100\/100\n|switch|p1b: Skeledirge|Skeledirge, M, shiny|100\/100\n|-activate|p2a: Iron Jugulis|ability: Quark Drive\n|-start|p2a: Iron Jugulis|quarkdrivespe\n|turn|9\n|\n|t:|1698127056\n|move|p2a: Iron Jugulis|Heat Wave|p1a: Gliscor|[spread] p1a,p1b\n|-supereffective|p1a: Gliscor\n|-resisted|p1b: Skeledirge\n|-damage|p1a: Gliscor|35\/100 tox\n|-damage|p1b: Skeledirge|88\/100\n|move|p1a: Gliscor|Substitute|p1a: Gliscor\n|-start|p1a: Gliscor|Substitute\n|-damage|p1a: Gliscor|10\/100 tox\n|move|p1b: Skeledirge|Torch Song|p2b: Rabsca\n|-supereffective|p2b: Rabsca\n|-damage|p2b: Rabsca|39\/100\n|-boost|p1b: Skeledirge|spa|1\n|move|p2b: Rabsca|Revival Blessing|p2b: Rabsca\n|\n|t:|1698127075\n|-heal|p2: Torterra|50\/100|[from] move: Revival Blessing\n|\n|-heal|p1a: Gliscor|17\/100 tox|[from] item: Leftovers\n|-heal|p1a: Gliscor|29\/100 tox|[from] ability: Poison Heal\n|upkeep\n|turn|10\n|inactive|J0b4 has 120 seconds left.\n|\n|t:|1698127124\n|switch|p1a: Umbreon|Umbreon, F|100\/100\n|move|p2b: Rabsca|Protect|p2b: Rabsca\n|-singleturn|p2b: Rabsca|Protect\n|move|p2a: Iron Jugulis|Knock Off|p1b: Skeledirge\n|-supereffective|p1b: Skeledirge\n|-damage|p1b: Skeledirge|41\/100\n|-enditem|p1b: Skeledirge|Heavy-Duty Boots|[from] move: Knock Off|[of] p2a: Iron Jugulis\n|move|p1b: Skeledirge|Torch Song|p2a: Iron Jugulis\n|-damage|p2a: Iron Jugulis|16\/100\n|-boost|p1b: Skeledirge|spa|1\n|\n|-fieldend|move: Electric Terrain\n|-end|p2a: Iron Jugulis|Quark Drive\n|upkeep\n|-enditem|p2a: Iron Jugulis|Booster Energy\n|-activate|p2a: Iron Jugulis|ability: Quark Drive|[fromitem]\n|-start|p2a: Iron Jugulis|quarkdrivespe\n|turn|11\n|inactive|J0b4 has 120 seconds left.\n|\n|t:|1698127158\n|move|p2a: Iron Jugulis|Hurricane|p1b: Skeledirge\n|-damage|p1b: Skeledirge|0 fnt\n|faint|p1b: Skeledirge\n|move|p1a: Umbreon|Wish|p1a: Umbreon\n|move|p2b: Rabsca|Speed Swap|p1a: Umbreon\n|-activate|p2b: Rabsca|move: Speed Swap|[of] p1a: Umbreon\n|\n|upkeep\n|inactive|J0b4 has 90 seconds left.\n|\n|t:|1698127174\n|switch|p1b: Landorus|Landorus-Therian, M|4\/100\n|-ability|p1b: Landorus|Intimidate|boost\n|-unboost|p2a: Iron Jugulis|atk|1\n|-unboost|p2b: Rabsca|atk|1\n|turn|12\n|\n|t:|1698127193\n|switch|p1a: Gliscor|Gliscor, F, tera:Steel|29\/100 tox\n|move|p2a: Iron Jugulis|Heat Wave|p1b: Landorus|[spread] p1a,p1b\n|-supereffective|p1a: Gliscor\n|-damage|p1a: Gliscor|0 fnt\n|-damage|p1b: Landorus|0 fnt\n|faint|p1a: Gliscor\n|faint|p1b: Landorus\n|move|p2b: Rabsca|Extrasensory|p1: Gliscor|[notarget]\n|-fail|p2b: Rabsca\n|\n|upkeep\n|c|\u2606LiteEffectivez|gg\n|inactive|J0b4 has 90 seconds left.\n|-message|J0b4 forfeited.\n|\n|win|LiteEffectivez\n|raw|J0b4's rating: 1040 &rarr; <strong>1022<\/strong><br \/>(-18 for losing)\n|raw|LiteEffectivez's rating: 1000 &rarr; <strong>1045<\/strong><br \/>(+45 for winning)\n|l|\u2606J0b4\n","uploadtime":1698127248,"views":23,"p1id":"j0b4","p2id":"liteeffectivez","formatid":"gen9doublesou","rating":1022,"private":0,"password":""}