{"id":"gen9doublesou-1991676728","p1":"louisbmay","p2":"cotesmcgotes","format":"[Gen 9] Doubles OU","log":"|j|\u2606louisbmay\n|j|\u2606cotesmcgotes\n|t:|1700101477\n|gametype|doubles\n|player|p1|louisbmay|crasherwake|1266\n|player|p2|cotesmcgotes|flannery|1235\n|teamsize|p1|6\n|teamsize|p2|6\n|gen|9\n|tier|[Gen 9] Doubles OU\n|rated|\n|rule|Species Clause: Limit one of each Pok\u00e9mon\n|rule|OHKO Clause: OHKO moves are banned\n|rule|Evasion Moves Clause: Evasion moves are banned\n|rule|Gravity Sleep Clause: The combination of sleep-inducing moves with imperfect accuracy and Gravity or Gigantamax Orbeetle are banned\n|rule|Endless Battle Clause: Forcing endless battles is banned\n|rule|HP Percentage Mod: HP is shown in percentages\n|clearpoke\n|poke|p1|Tyranitar, M|\n|poke|p1|Iron Hands|\n|poke|p1|Gyarados, F|\n|poke|p1|Braviary-Hisui, M|\n|poke|p1|Amoonguss, F|\n|poke|p1|Landorus-Therian, M|\n|poke|p2|Cresselia, F|\n|poke|p2|Pelipper, F|\n|poke|p2|Overqwil, F|\n|poke|p2|Glimmora, M|\n|poke|p2|Iron Hands|\n|poke|p2|Baxcalibur, M|\n|teampreview\n|inactive|Battle timer is ON: inactive players will automatically lose when time's up. (requested by cotesmcgotes)\n|\n|t:|1700101504\n|start\n|switch|p1a: Iron Hands|Iron Hands|100\/100\n|switch|p1b: Landorus|Landorus-Therian, M|100\/100\n|switch|p2a: Pelipper|Pelipper, F|100\/100\n|switch|p2b: Baxcalibur|Baxcalibur, M|100\/100\n|-ability|p1b: Landorus|Intimidate|boost\n|-unboost|p2a: Pelipper|atk|1\n|-unboost|p2b: Baxcalibur|atk|1\n|-weather|RainDance|[from] ability: Drizzle|[of] p2a: Pelipper\n|turn|1\n|\n|t:|1700101519\n|switch|p2b: Glimmora|Glimmora, M|100\/100\n|move|p1a: Iron Hands|Fake Out|p2b: Glimmora\n|-resisted|p2b: Glimmora\n|-damage|p2b: Glimmora|90\/100\n|-activate|p2b: Glimmora|ability: Toxic Debris\n|-sidestart|p1: louisbmay|move: Toxic Spikes\n|move|p1b: Landorus|Rock Slide|p2b: Glimmora|[spread] p2a,p2b\n|-supereffective|p2a: Pelipper\n|-damage|p2a: Pelipper|51\/100\n|-damage|p2b: Glimmora|63\/100\n|-activate|p2b: Glimmora|ability: Toxic Debris\n|-sidestart|p1: louisbmay|move: Toxic Spikes\n|move|p2a: Pelipper|Icy Wind|p1a: Iron Hands|[spread] p1a,p1b\n|-supereffective|p1b: Landorus\n|-damage|p1a: Iron Hands|94\/100\n|-damage|p1b: Landorus|62\/100\n|-unboost|p1a: Iron Hands|spe|1\n|-unboost|p1b: Landorus|spe|1\n|\n|-weather|RainDance|[upkeep]\n|upkeep\n|turn|2\n|inactive|cotesmcgotes has 120 seconds left.\n|\n|t:|1700101569\n|switch|p1b: Braviary|Braviary-Hisui, M|100\/100\n|move|p2b: Glimmora|Mortal Spin|p1a: Iron Hands|[spread] p1a,p1b\n|-damage|p1a: Iron Hands|91\/100\n|-damage|p1b: Braviary|96\/100\n|-status|p1a: Iron Hands|psn\n|-status|p1b: Braviary|psn\n|move|p2a: Pelipper|Tailwind|p2a: Pelipper\n|-sidestart|p2: cotesmcgotes|move: Tailwind\n|move|p1a: Iron Hands|Wild Charge|p2a: Pelipper\n|-supereffective|p2a: Pelipper\n|-damage|p2a: Pelipper|0 fnt\n|faint|p2a: Pelipper\n|-damage|p1a: Iron Hands|82\/100 psn|[from] Recoil\n|\n|-weather|RainDance|[upkeep]\n|-heal|p1b: Braviary|100\/100 psn|[from] item: Leftovers\n|-damage|p1b: Braviary|88\/100 psn|[from] psn\n|-damage|p1a: Iron Hands|69\/100 psn|[from] psn\n|upkeep\n|inactive|cotesmcgotes has 90 seconds left.\n|\n|t:|1700101592\n|switch|p2a: Iron Hands|Iron Hands|100\/100\n|turn|3\n|\n|t:|1700101601\n|-end|p1a: Iron Hands|Quark Drive|[silent]\n|switch|p1a: Amoonguss|Amoonguss, F|100\/100\n|-sideend|p1: louisbmay|move: Toxic Spikes|[of] p1a: Amoonguss\n|move|p2a: Iron Hands|Fake Out|p1a: Amoonguss\n|-damage|p1a: Amoonguss|84\/100\n|move|p2b: Glimmora|Power Gem|p1b: Braviary\n|-supereffective|p1b: Braviary\n|-damage|p1b: Braviary|0 fnt\n|faint|p1b: Braviary\n|\n|-weather|RainDance|[upkeep]\n|upkeep\n|\n|t:|1700101616\n|switch|p1b: Gyarados|Gyarados, F|100\/100\n|-ability|p1b: Gyarados|Intimidate|boost\n|-unboost|p2a: Iron Hands|atk|1\n|-unboost|p2b: Glimmora|atk|1\n|turn|4\n|\n|t:|1700101629\n|-terastallize|p2b: Glimmora|Grass\n|-terastallize|p1b: Gyarados|Ground\n|move|p2b: Glimmora|Sludge Bomb|p1a: Amoonguss\n|-damage|p1a: Amoonguss|53\/100\n|move|p2a: Iron Hands|Thunder Punch|p1b: Gyarados\n|-immune|p1b: Gyarados\n|move|p1b: Gyarados|Dragon Dance|p1b: Gyarados\n|-boost|p1b: Gyarados|atk|1\n|-boost|p1b: Gyarados|spe|1\n|move|p1a: Amoonguss|Sludge Bomb|p2a: Iron Hands\n|-damage|p2a: Iron Hands|78\/100\n|\n|-weather|RainDance|[upkeep]\n|upkeep\n|turn|5\n|\n|t:|1700101656\n|move|p2b: Glimmora|Energy Ball|p1b: Gyarados\n|-supereffective|p1b: Gyarados\n|-damage|p1b: Gyarados|0 fnt\n|faint|p1b: Gyarados\n|move|p2a: Iron Hands|Drain Punch|p1a: Amoonguss\n|-resisted|p1a: Amoonguss\n|-damage|p1a: Amoonguss|37\/100\n|-heal|p2a: Iron Hands|84\/100|[from] drain|[of] p1a: Amoonguss\n|move|p1a: Amoonguss|Pollen Puff|p1: Gyarados|[notarget]\n|-fail|p1a: Amoonguss\n|\n|-weather|RainDance|[upkeep]\n|-sideend|p2: cotesmcgotes|move: Tailwind\n|upkeep\n|\n|t:|1700101661\n|switch|p1b: Iron Hands|Iron Hands|69\/100 psn\n|turn|6\n|-message|louisbmay forfeited.\n|\n|win|cotesmcgotes\n|raw|louisbmay's rating: 1266 &rarr; <strong>1239<\/strong><br \/>(-27 for losing)\n|raw|cotesmcgotes's rating: 1235 &rarr; <strong>1262<\/strong><br \/>(+27 for winning)\n|l|\u2606louisbmay\n","uploadtime":1700101676,"views":5,"p1id":"louisbmay","p2id":"cotesmcgotes","formatid":"gen9doublesou","rating":1239,"private":0,"password":""}