{"id":"gen9doublesou-1969844253","p1":"alvaropaz06","p2":"ReznikVI","format":"[Gen 9] Doubles OU","log":"|j|\u2606alvaropaz06\n|j|\u2606ReznikVI\n|t:|1697569733\n|gametype|doubles\n|player|p1|alvaropaz06|1|1304\n|player|p2|ReznikVI|benga|1245\n|teamsize|p1|6\n|teamsize|p2|6\n|gen|9\n|tier|[Gen 9] Doubles OU\n|rated|\n|rule|Species Clause: Limit one of each Pok\u00e9mon\n|rule|OHKO Clause: OHKO moves are banned\n|rule|Evasion Moves Clause: Evasion moves are banned\n|rule|Gravity Sleep Clause: The combination of sleep-inducing moves with imperfect accuracy and Gravity or Gigantamax Orbeetle are banned\n|rule|Endless Battle Clause: Forcing endless battles is banned\n|rule|HP Percentage Mod: HP is shown in percentages\n|clearpoke\n|poke|p1|Pelipper, M|\n|poke|p1|Dugtrio, M|\n|poke|p1|Jolteon, M|\n|poke|p1|Leavanny, F|\n|poke|p1|Volcanion|\n|poke|p1|Floatzel, F|\n|poke|p2|Hatterene, F|\n|poke|p2|Amoonguss, F|\n|poke|p2|Gholdengo|\n|poke|p2|Dragonite, M|\n|poke|p2|Samurott-Hisui, M|\n|poke|p2|Ribombee, F|\n|teampreview\n|\n|t:|1697569764\n|start\n|switch|p1a: Pelipper|Pelipper, M|100\/100\n|switch|p1b: Jolteon|Jolteon, M|100\/100\n|switch|p2a: Gholdengo|Gholdengo|100\/100\n|switch|p2b: Dragonite|Dragonite, M|100\/100\n|-item|p2a: Gholdengo|Air Balloon\n|-weather|RainDance|[from] ability: Drizzle|[of] p1a: Pelipper\n|turn|1\n|\n|t:|1697569791\n|-terastallize|p2b: Dragonite|Normal\n|move|p2b: Dragonite|Extreme Speed|p1b: Jolteon\n|-damage|p1b: Jolteon|0 fnt\n|faint|p1b: Jolteon\n|move|p2a: Gholdengo|Thunderbolt|p1a: Pelipper\n|-supereffective|p1a: Pelipper\n|-damage|p1a: Pelipper|0 fnt\n|faint|p1a: Pelipper\n|\n|-weather|RainDance|[upkeep]\n|upkeep\n|\n|t:|1697569816\n|switch|p1b: Floatzel|Floatzel, F|100\/100\n|switch|p1a: Dugtrio|Dugtrio, M|100\/100\n|turn|2\n|\n|t:|1697569824\n|move|p2b: Dragonite|Extreme Speed|p1a: Dugtrio\n|-enditem|p1a: Dugtrio|Focus Sash\n|-damage|p1a: Dugtrio|1\/100\n|move|p1b: Floatzel|Crunch|p2a: Gholdengo\n|-supereffective|p2a: Gholdengo\n|-damage|p2a: Gholdengo|43\/100\n|-unboost|p2a: Gholdengo|def|1\n|-enditem|p2a: Gholdengo|Air Balloon\n|move|p1a: Dugtrio|Rock Slide|p2a: Gholdengo|[spread] p2a\n|-miss|p1a: Dugtrio|p2b: Dragonite\n|-resisted|p2a: Gholdengo\n|-damage|p2a: Gholdengo|30\/100\n|move|p2a: Gholdengo|Thunderbolt|p1b: Floatzel\n|-supereffective|p1b: Floatzel\n|-damage|p1b: Floatzel|18\/100\n|\n|-weather|RainDance|[upkeep]\n|upkeep\n|turn|3\n|\n|t:|1697569860\n|switch|p2a: Amoonguss|Amoonguss, F|100\/100\n|move|p2b: Dragonite|Extreme Speed|p1a: Dugtrio\n|-damage|p1a: Dugtrio|0 fnt\n|faint|p1a: Dugtrio\n|move|p1b: Floatzel|Crunch|p2a: Amoonguss\n|-damage|p2a: Amoonguss|80\/100\n|\n|-weather|RainDance|[upkeep]\n|-heal|p2a: Amoonguss|86\/100|[from] item: Black Sludge\n|upkeep\n|\n|t:|1697569867\n|switch|p1a: Leavanny|Leavanny, F|100\/100\n|turn|4\n|\n|t:|1697569887\n|move|p2b: Dragonite|Extreme Speed|p1a: Leavanny\n|-damage|p1a: Leavanny|2\/100\n|move|p1b: Floatzel|Brick Break|p2b: Dragonite\n|-supereffective|p2b: Dragonite\n|-damage|p2b: Dragonite|72\/100\n|move|p1a: Leavanny|Lunge|p2a: Amoonguss\n|-damage|p2a: Amoonguss|57\/100\n|-unboost|p2a: Amoonguss|atk|1\n|move|p2a: Amoonguss|Giga Drain|p1b: Floatzel\n|-supereffective|p1b: Floatzel\n|-damage|p1b: Floatzel|0 fnt\n|-heal|p2a: Amoonguss|64\/100|[from] drain|[of] p1b: Floatzel\n|faint|p1b: Floatzel\n|\n|-weather|RainDance|[upkeep]\n|-heal|p2a: Amoonguss|70\/100|[from] item: Black Sludge\n|upkeep\n|\n|t:|1697569893\n|switch|p1b: Volcanion|Volcanion|100\/100\n|turn|5\n|-message|alvaropaz06 forfeited.\n|\n|win|ReznikVI\n|raw|alvaropaz06's rating: 1304 &rarr; <strong>1281<\/strong><br \/>(-23 for losing)\n|raw|ReznikVI's rating: 1245 &rarr; <strong>1274<\/strong><br \/>(+29 for winning)\n|l|\u2606alvaropaz06\n","uploadtime":1697569923,"views":17,"p1id":"alvaropaz06","p2id":"reznikvi","formatid":"gen9doublesou","rating":1274,"private":0,"password":""}