{"id":"gen9doublesou-1970864755","p1":"Theglob77","p2":"majner","format":"[Gen 9] Doubles OU","log":"|j|\u2606Theglob77\n|j|\u2606majner\n|t:|1697675114\n|gametype|doubles\n|player|p1|Theglob77|falkner|1095\n|player|p2|majner|265|1067\n|teamsize|p1|6\n|teamsize|p2|6\n|gen|9\n|tier|[Gen 9] Doubles OU\n|rated|\n|rule|Species Clause: Limit one of each Pok\u00e9mon\n|rule|OHKO Clause: OHKO moves are banned\n|rule|Evasion Moves Clause: Evasion moves are banned\n|rule|Gravity Sleep Clause: The combination of sleep-inducing moves with imperfect accuracy and Gravity or Gigantamax Orbeetle are banned\n|rule|Endless Battle Clause: Forcing endless battles is banned\n|rule|HP Percentage Mod: HP is shown in percentages\n|clearpoke\n|poke|p1|Ceruledge, M|\n|poke|p1|Indeedee-F, F|\n|poke|p1|Ursaluna-Bloodmoon, M|\n|poke|p1|Ninetales-Alola, M|\n|poke|p1|Abomasnow, M|\n|poke|p1|Golduck, F|\n|poke|p2|Trevenant, M|\n|poke|p2|Torkoal, M|\n|poke|p2|Farigiraf, M|\n|poke|p2|Appletun, M|\n|poke|p2|Toxtricity-Low-Key, F|\n|poke|p2|Dedenne, F|\n|teampreview\n|inactive|Battle timer is ON: inactive players will automatically lose when time's up. (requested by Theglob77)\n|\n|t:|1697675132\n|start\n|switch|p1a: Ninetales|Ninetales-Alola, M|100\/100\n|switch|p1b: Abomasnow|Abomasnow, M|100\/100\n|switch|p2a: Toxtricity|Toxtricity-Low-Key, F|100\/100\n|switch|p2b: Dedenne|Dedenne, F|100\/100\n|-weather|Snow|[from] ability: Snow Warning|[of] p1a: Ninetales\n|-item|p2b: Dedenne|Air Balloon\n|turn|1\n|\n|t:|1697675149\n|-terastallize|p2a: Toxtricity|Electric\n|move|p2a: Toxtricity|Thunderbolt|p1a: Ninetales\n|-damage|p1a: Ninetales|0 fnt\n|faint|p1a: Ninetales\n|move|p2b: Dedenne|Electric Terrain|p2b: Dedenne\n|-fieldstart|move: Electric Terrain\n|move|p1b: Abomasnow|Icy Wind|p2b: Dedenne|[spread] p2a,p2b\n|-damage|p2a: Toxtricity|71\/100\n|-damage|p2b: Dedenne|74\/100\n|-unboost|p2a: Toxtricity|spe|1\n|-unboost|p2b: Dedenne|spe|1\n|-enditem|p2b: Dedenne|Air Balloon\n|\n|-weather|Snow|[upkeep]\n|upkeep\n|\n|t:|1697675160\n|switch|p1a: Indeedee|Indeedee-F, F|100\/100\n|-fieldstart|move: Psychic Terrain|[from] ability: Psychic Surge|[of] p1a: Indeedee\n|-enditem|p1a: Indeedee|Psychic Seed\n|-boost|p1a: Indeedee|spd|1|[from] item: Psychic Seed\n|turn|2\n|\n|t:|1697675172\n|move|p2b: Dedenne|Helping Hand|p2a: Toxtricity\n|-singleturn|p2a: Toxtricity|Helping Hand|[of] p2b: Dedenne\n|move|p1a: Indeedee|Follow Me|p1a: Indeedee\n|-singleturn|p1a: Indeedee|move: Follow Me\n|move|p2a: Toxtricity|Thunderbolt|p1a: Indeedee\n|-damage|p1a: Indeedee|0 fnt\n|faint|p1a: Indeedee\n|move|p1b: Abomasnow|Blizzard|p2b: Dedenne|[spread] p2a,p2b\n|-damage|p2a: Toxtricity|13\/100\n|-damage|p2b: Dedenne|23\/100\n|\n|-weather|Snow|[upkeep]\n|upkeep\n|\n|t:|1697675188\n|switch|p1a: Ursaluna|Ursaluna-Bloodmoon, M|100\/100\n|turn|3\n|\n|t:|1697675203\n|move|p2b: Dedenne|Helping Hand|p2a: Toxtricity\n|-singleturn|p2a: Toxtricity|Helping Hand|[of] p2b: Dedenne\n|move|p1b: Abomasnow|Endure|p1b: Abomasnow\n|-singleturn|p1b: Abomasnow|move: Endure\n|move|p2a: Toxtricity|Thunderbolt|p1a: Ursaluna\n|-immune|p1a: Ursaluna\n|move|p1a: Ursaluna|Hyper Voice|p2a: Toxtricity|[spread] p2a,p2b\n|-damage|p2a: Toxtricity|0 fnt\n|-damage|p2b: Dedenne|0 fnt\n|faint|p2a: Toxtricity\n|faint|p2b: Dedenne\n|-enditem|p1a: Ursaluna|Throat Spray\n|-boost|p1a: Ursaluna|spa|1|[from] item: Throat Spray\n|\n|-weather|Snow|[upkeep]\n|upkeep\n|c|\u2606majner|oh shit this is ground\n|\n|t:|1697675231\n|switch|p2b: Appletun|Appletun, M, shiny|100\/100\n|switch|p2a: Farigiraf|Farigiraf, M|100\/100\n|turn|4\n|\n|t:|1697675248\n|move|p2b: Appletun|Endure|p2b: Appletun\n|-singleturn|p2b: Appletun|move: Endure\n|move|p1b: Abomasnow|Icy Wind|p2b: Appletun|[spread] p2b\n|-miss|p1b: Abomasnow|p2a: Farigiraf\n|-supereffective|p2b: Appletun\n|-damage|p2b: Appletun|27\/100\n|-unboost|p2b: Appletun|spe|1\n|move|p1a: Ursaluna|Blood Moon|p2a: Farigiraf\n|-damage|p2a: Farigiraf|0 fnt\n|faint|p2a: Farigiraf\n|\n|-weather|Snow|[upkeep]\n|upkeep\n|\n|t:|1697675262\n|switch|p2a: Torkoal|Torkoal, M|100\/100\n|-weather|SunnyDay|[from] ability: Drought|[of] p2a: Torkoal\n|turn|5\n|\n|t:|1697675272\n|move|p1b: Abomasnow|Endure|p1b: Abomasnow\n|-singleturn|p1b: Abomasnow|move: Endure\n|move|p1a: Ursaluna|Earth Power|p2a: Torkoal\n|-supereffective|p2a: Torkoal\n|-damage|p2a: Torkoal|0 fnt\n|faint|p2a: Torkoal\n|move|p2b: Appletun|Draco Meteor|p1a: Ursaluna\n|-damage|p1a: Ursaluna|47\/100\n|-unboost|p2b: Appletun|spa|2\n|\n|-weather|SunnyDay|[upkeep]\n|upkeep\n|\n|t:|1697675283\n|switch|p2a: Trevenant|Trevenant, M|100\/100\n|turn|6\n|\n|t:|1697675292\n|move|p2b: Appletun|Endure|p2b: Appletun\n|-singleturn|p2b: Appletun|move: Endure\n|move|p1b: Abomasnow|Blizzard|p2a: Trevenant|[spread] p2b\n|-miss|p1b: Abomasnow|p2a: Trevenant\n|-supereffective|p2b: Appletun\n|-activate|p2b: Appletun|move: Endure\n|-damage|p2b: Appletun|1\/100\n|-activate|p2b: Appletun|ability: Ripen\n|-enditem|p2b: Appletun|Starf Berry|[eat]\n|-boost|p2b: Appletun|atk|4|[from] item: Starf Berry\n|move|p1a: Ursaluna|Hyper Voice|p2b: Appletun|[spread] p2a,p2b\n|-damage|p2a: Trevenant|38\/100\n|-activate|p2b: Appletun|move: Endure\n|-damage|p2b: Appletun|1\/100\n|move|p2a: Trevenant|Horn Leech|p1a: Ursaluna\n|-supereffective|p1a: Ursaluna\n|-crit|p1a: Ursaluna\n|-damage|p1a: Ursaluna|0 fnt\n|-heal|p2a: Trevenant|65\/100|[from] drain|[of] p1a: Ursaluna\n|faint|p1a: Ursaluna\n|\n|-weather|SunnyDay|[upkeep]\n|-fieldend|move: Psychic Terrain\n|upkeep\n|\n|t:|1697675308\n|switch|p1a: Ceruledge|Ceruledge, M|100\/100\n|turn|7\n|\n|t:|1697675318\n|move|p1a: Ceruledge|Endure|p1a: Ceruledge\n|-singleturn|p1a: Ceruledge|move: Endure\n|move|p1b: Abomasnow|Icy Wind|p2b: Appletun|[spread] p2a,p2b\n|-supereffective|p2a: Trevenant\n|-supereffective|p2b: Appletun\n|-damage|p2a: Trevenant|25\/100\n|-damage|p2b: Appletun|0 fnt\n|-unboost|p2a: Trevenant|spe|1\n|-enditem|p2a: Trevenant|Liechi Berry|[eat]\n|-boost|p2a: Trevenant|atk|1|[from] item: Liechi Berry\n|faint|p2b: Appletun\n|move|p2a: Trevenant|Phantom Force||[still]\n|-prepare|p2a: Trevenant|Phantom Force\n|\n|-weather|SunnyDay|[upkeep]\n|-item|p2a: Trevenant|Liechi Berry|[from] ability: Harvest\n|upkeep\n|-enditem|p2a: Trevenant|Liechi Berry|[eat]\n|-boost|p2a: Trevenant|atk|1|[from] item: Liechi Berry\n|turn|8\n|\n|t:|1697675339\n|move|p1a: Ceruledge|Endure||[still]\n|-fail|p1a: Ceruledge\n|move|p1b: Abomasnow|Icy Wind|p2a: Trevenant|[miss]\n|-miss|p1b: Abomasnow|p2a: Trevenant\n|move|p2a: Trevenant|Phantom Force|p1a: Ceruledge|[from]lockedmove\n|-supereffective|p1a: Ceruledge\n|-damage|p1a: Ceruledge|0 fnt\n|faint|p1a: Ceruledge\n|\n|-weather|SunnyDay|[upkeep]\n|-item|p2a: Trevenant|Liechi Berry|[from] ability: Harvest\n|upkeep\n|-enditem|p2a: Trevenant|Liechi Berry|[eat]\n|-boost|p2a: Trevenant|atk|1|[from] item: Liechi Berry\n|\n|t:|1697675343\n|switch|p1a: Golduck|Golduck, F|100\/100\n|-ability|p1a: Golduck|Cloud Nine\n|turn|9\n|\n|t:|1697675358\n|move|p1a: Golduck|Icy Wind|p2a: Trevenant\n|-supereffective|p2a: Trevenant\n|-damage|p2a: Trevenant|0 fnt\n|faint|p2a: Trevenant\n|\n|win|Theglob77\n|raw|Theglob77's rating: 1095 &rarr; <strong>1119<\/strong><br \/>(+24 for winning)\n|raw|majner's rating: 1067 &rarr; <strong>1049<\/strong><br \/>(-18 for losing)\n|l|\u2606Theglob77\n","uploadtime":1697675367,"views":14,"p1id":"theglob77","p2id":"majner","formatid":"gen9doublesou","rating":1049,"private":0,"password":""}