{"id":"gen9doublesou-1994395525","p1":"cotesmcgotes","p2":"MetaRafa","format":"[Gen 9] Doubles OU","log":"|j|\u2606cotesmcgotes\n|j|\u2606MetaRafa\n|t:|1700439057\n|gametype|doubles\n|player|p1|cotesmcgotes|flannery|1226\n|player|p2|MetaRafa|red|1161\n|teamsize|p1|6\n|teamsize|p2|6\n|gen|9\n|tier|[Gen 9] Doubles OU\n|rated|\n|rule|Species Clause: Limit one of each Pok\u00e9mon\n|rule|OHKO Clause: OHKO moves are banned\n|rule|Evasion Moves Clause: Evasion moves are banned\n|rule|Gravity Sleep Clause: The combination of sleep-inducing moves with imperfect accuracy and Gravity or Gigantamax Orbeetle are banned\n|rule|Endless Battle Clause: Forcing endless battles is banned\n|rule|HP Percentage Mod: HP is shown in percentages\n|clearpoke\n|poke|p1|Cresselia, F|\n|poke|p1|Overqwil, F|\n|poke|p1|Tornadus, M|\n|poke|p1|Palafin, F|\n|poke|p1|Amoonguss, F|\n|poke|p1|Diancie|\n|poke|p2|Gholdengo|\n|poke|p2|Iron Bundle|\n|poke|p2|Iron Hands|\n|poke|p2|Amoonguss, M|\n|poke|p2|Arcanine, F|\n|poke|p2|Roaring Moon|\n|teampreview\n|inactive|Battle timer is ON: inactive players will automatically lose when time's up. (requested by cotesmcgotes)\n|\n|t:|1700439086\n|start\n|switch|p1a: Tornadus|Tornadus, M, shiny|100\/100\n|switch|p1b: Palafin|Palafin, F|100\/100\n|switch|p2a: Moneas|Gholdengo|100\/100\n|switch|p2b: Sus|Amoonguss, M|100\/100\n|turn|1\n|\n|t:|1700439097\n|move|p2b: Sus|Rage Powder|p2b: Sus\n|-singleturn|p2b: Sus|move: Rage Powder\n|move|p1a: Tornadus|Taunt|p2b: Sus\n|-start|p2b: Sus|move: Taunt\n|move|p1b: Palafin|Flip Turn|p2b: Sus\n|-resisted|p2b: Sus\n|-damage|p2b: Sus|93\/100\n|\n|t:|1700439107\n|detailschange|p1b: Palafin|Palafin-Hero, F\n|switch|p1b: Cresselia|Cresselia, F, shiny|100\/100|[from] Flip Turn\n|move|p2a: Moneas|Nasty Plot|p2a: Moneas\n|-boost|p2a: Moneas|spa|2\n|\n|upkeep\n|turn|2\n|\n|t:|1700439129\n|switch|p2b: Hope|Roaring Moon|100\/100\n|-enditem|p2b: Hope|Booster Energy\n|-activate|p2b: Hope|ability: Protosynthesis|[fromitem]\n|-start|p2b: Hope|protosynthesisspe\n|-terastallize|p1b: Cresselia|Electric\n|move|p1a: Tornadus|Tailwind|p1a: Tornadus\n|-sidestart|p1: cotesmcgotes|move: Tailwind\n|move|p1b: Cresselia|Calm Mind|p1b: Cresselia\n|-boost|p1b: Cresselia|spa|1\n|-boost|p1b: Cresselia|spd|1\n|move|p2a: Moneas|Make It Rain|p1a: Tornadus|[spread] p1a,p1b\n|-resisted|p1b: Cresselia\n|-damage|p1a: Tornadus|12\/100\n|-damage|p1b: Cresselia|76\/100\n|-unboost|p2a: Moneas|spa|1\n|-damage|p2a: Moneas|91\/100|[from] item: Life Orb\n|\n|-heal|p1b: Cresselia|82\/100|[from] item: Leftovers\n|upkeep\n|turn|3\n|inactive|cotesmcgotes has 120 seconds left.\n|inactive|MetaRafa has 120 seconds left.\n|\n|t:|1700439173\n|move|p1a: Tornadus|Rain Dance|p1a: Tornadus\n|-weather|RainDance\n|move|p2b: Hope|Throat Chop|p1a: Tornadus\n|-damage|p1a: Tornadus|0 fnt\n|faint|p1a: Tornadus\n|move|p1b: Cresselia|Moonblast|p2b: Hope\n|-supereffective|p2b: Hope\n|-damage|p2b: Hope|0 fnt\n|faint|p2b: Hope\n|-end|p2b: Hope|Protosynthesis|[silent]\n|move|p2a: Moneas|Shadow Ball|p1b: Cresselia\n|-damage|p1b: Cresselia|50\/100\n|-damage|p2a: Moneas|81\/100|[from] item: Life Orb\n|\n|-weather|RainDance|[upkeep]\n|-heal|p1b: Cresselia|56\/100|[from] item: Leftovers\n|upkeep\n|inactive|MetaRafa has 120 seconds left.\n|inactive|MetaRafa has 90 seconds left.\n|\n|t:|1700439218\n|switch|p2b: Sus|Amoonguss, M|100\/100\n|switch|p1a: Overqwil|Overqwil, F|100\/100\n|turn|4\n|\n|t:|1700439236\n|move|p1a: Overqwil|Acupressure|p1b: Cresselia\n|-boost|p1b: Cresselia|spe|2\n|move|p1b: Cresselia|Stored Power|p2b: Sus\n|-supereffective|p2b: Sus\n|-damage|p2b: Sus|0 fnt\n|faint|p2b: Sus\n|move|p2a: Moneas|Make It Rain|p1b: Cresselia|[spread] p1a,p1b\n|-resisted|p1b: Cresselia\n|-damage|p1a: Overqwil|0 fnt\n|-damage|p1b: Cresselia|37\/100\n|-unboost|p2a: Moneas|spa|1\n|faint|p1a: Overqwil\n|-damage|p2a: Moneas|71\/100|[from] item: Life Orb\n|\n|-weather|RainDance|[upkeep]\n|-heal|p1b: Cresselia|43\/100|[from] item: Leftovers\n|upkeep\n|inactive|MetaRafa has 120 seconds left.\n|inactive|cotesmcgotes has 120 seconds left.\n|\n|t:|1700439279\n|switch|p1a: Amoonguss|Amoonguss, F, shiny|100\/100\n|switch|p2b: Manospaja|Iron Hands|100\/100\n|turn|5\n|\n|t:|1700439304\n|-terastallize|p2b: Manospaja|Fire\n|move|p2b: Manospaja|Fake Out|p1b: Cresselia\n|-damage|p1b: Cresselia|30\/100\n|cant|p1b: Cresselia|flinch\n|move|p2a: Moneas|Nasty Plot|p2a: Moneas\n|-boost|p2a: Moneas|spa|2\n|move|p1a: Amoonguss|Pollen Puff|p1b: Cresselia\n|-heal|p1b: Cresselia|80\/100\n|\n|-weather|RainDance|[upkeep]\n|-heal|p1b: Cresselia|87\/100|[from] item: Leftovers\n|-sideend|p1: cotesmcgotes|move: Tailwind\n|upkeep\n|turn|6\n|inactive|MetaRafa has 120 seconds left.\n|inactive|cotesmcgotes has 120 seconds left.\n|inactive|MetaRafa has 90 seconds left.\n|\n|t:|1700439341\n|-end|p2b: Manospaja|Quark Drive|[silent]\n|switch|p2b: Descongelaelpollo|Iron Bundle|100\/100\n|move|p2a: Moneas|Protect|p2a: Moneas\n|-singleturn|p2a: Moneas|Protect\n|move|p1b: Cresselia|Calm Mind|p1b: Cresselia\n|-boost|p1b: Cresselia|spa|1\n|-boost|p1b: Cresselia|spd|1\n|move|p1a: Amoonguss|Pollen Puff|p1b: Cresselia\n|-heal|p1b: Cresselia|100\/100\n|\n|-weather|RainDance|[upkeep]\n|upkeep\n|turn|7\n|inactive|cotesmcgotes has 120 seconds left.\n|inactive|MetaRafa has 90 seconds left.\n|\n|t:|1700439370\n|move|p1b: Cresselia|Stored Power|p2a: Moneas\n|-resisted|p2a: Moneas\n|-damage|p2a: Moneas|11\/100\n|move|p2b: Descongelaelpollo|Freeze-Dry|p1a: Amoonguss\n|-supereffective|p1a: Amoonguss\n|-damage|p1a: Amoonguss|29\/100\n|-status|p1a: Amoonguss|frz\n|move|p2a: Moneas|Make It Rain|p1a: Amoonguss|[spread] p1a,p1b\n|-resisted|p1b: Cresselia\n|-damage|p1a: Amoonguss|0 fnt\n|-damage|p1b: Cresselia|82\/100\n|-unboost|p2a: Moneas|spa|1\n|faint|p1a: Amoonguss\n|-damage|p2a: Moneas|1\/100|[from] item: Life Orb\n|\n|-weather|RainDance|[upkeep]\n|-heal|p1b: Cresselia|88\/100|[from] item: Leftovers\n|upkeep\n|inactive|cotesmcgotes has 120 seconds left.\n|\n|t:|1700439381\n|switch|p1a: Palafin|Palafin-Hero, F|100\/100\n|-activate|p1a: Palafin|ability: Zero to Hero\n|turn|8\n|\n|t:|1700439409\n|switch|p2a: Manospaja|Iron Hands, tera:Fire|100\/100\n|move|p1a: Palafin|Jet Punch|p2a: Manospaja\n|-supereffective|p2a: Manospaja\n|-damage|p2a: Manospaja|28\/100\n|move|p1b: Cresselia|Stored Power|p2b: Descongelaelpollo\n|-enditem|p2b: Descongelaelpollo|Focus Sash\n|-damage|p2b: Descongelaelpollo|1\/100\n|move|p2b: Descongelaelpollo|Icy Wind|p1b: Cresselia|[spread] p1a,p1b\n|-resisted|p1a: Palafin\n|-damage|p1a: Palafin|93\/100\n|-damage|p1b: Cresselia|82\/100\n|-unboost|p1a: Palafin|spe|1\n|-unboost|p1b: Cresselia|spe|1\n|\n|-weather|RainDance|[upkeep]\n|-heal|p1b: Cresselia|88\/100|[from] item: Leftovers\n|upkeep\n|turn|9\n|\n|t:|1700439431\n|move|p2a: Manospaja|Fake Out|p1b: Cresselia\n|-damage|p1b: Cresselia|77\/100\n|move|p1a: Palafin|Jet Punch|p2b: Descongelaelpollo\n|-resisted|p2b: Descongelaelpollo\n|-damage|p2b: Descongelaelpollo|0 fnt\n|faint|p2b: Descongelaelpollo\n|-end|p2b: Descongelaelpollo|Quark Drive|[silent]\n|cant|p1b: Cresselia|flinch\n|\n|-weather|RainDance|[upkeep]\n|-heal|p1b: Cresselia|83\/100|[from] item: Leftovers\n|upkeep\n|\n|t:|1700439440\n|switch|p2b: Moneas|Gholdengo|1\/100\n|turn|10\n|inactive|MetaRafa has 120 seconds left.\n|\n|t:|1700439450\n|move|p2b: Moneas|Protect|p2b: Moneas\n|-singleturn|p2b: Moneas|Protect\n|move|p1a: Palafin|Jet Punch|p2b: Moneas\n|-activate|p2b: Moneas|move: Protect\n|move|p1b: Cresselia|Calm Mind|p1b: Cresselia\n|-boost|p1b: Cresselia|spa|1\n|-boost|p1b: Cresselia|spd|1\n|move|p2a: Manospaja|Drain Punch|p1a: Palafin\n|-damage|p1a: Palafin|43\/100\n|-heal|p2a: Manospaja|47\/100|[from] drain|[of] p1a: Palafin\n|\n|-weather|none\n|-heal|p1b: Cresselia|89\/100|[from] item: Leftovers\n|upkeep\n|turn|11\n|inactive|MetaRafa has 120 seconds left.\n|\n|t:|1700439477\n|switch|p2b: Guau|Arcanine, F|100\/100\n|-ability|p2b: Guau|Intimidate|boost\n|-unboost|p1a: Palafin|atk|1\n|-unboost|p1b: Cresselia|atk|1\n|move|p1a: Palafin|Jet Punch|p2a: Manospaja\n|-supereffective|p2a: Manospaja\n|-damage|p2a: Manospaja|14\/100\n|move|p1b: Cresselia|Stored Power|p2b: Guau\n|-damage|p2b: Guau|0 fnt\n|faint|p2b: Guau\n|move|p2a: Manospaja|Drain Punch|p1a: Palafin\n|-damage|p1a: Palafin|0 fnt\n|-heal|p2a: Manospaja|31\/100|[from] drain|[of] p1a: Palafin\n|faint|p1a: Palafin\n|\n|-heal|p1b: Cresselia|95\/100|[from] item: Leftovers\n|upkeep\n|\n|t:|1700439489\n|switch|p1a: Diancie|Diancie, shiny|100\/100\n|switch|p2b: Moneas|Gholdengo|1\/100\n|turn|12\n|\n|t:|1700439504\n|move|p1b: Cresselia|Stored Power|p2a: Manospaja\n|-damage|p2a: Manospaja|0 fnt\n|faint|p2a: Manospaja\n|-end|p2a: Manospaja|Quark Drive|[silent]\n|move|p2b: Moneas|Make It Rain|p1a: Diancie|[spread] p1a,p1b\n|-supereffective|p1a: Diancie\n|-resisted|p1b: Cresselia\n|-damage|p1a: Diancie|0 fnt\n|-damage|p1b: Cresselia|88\/100\n|-unboost|p2b: Moneas|spa|1\n|faint|p1a: Diancie\n|-damage|p2b: Moneas|0 fnt|[from] item: Life Orb\n|faint|p2b: Moneas\n|\n|win|cotesmcgotes\n|raw|cotesmcgotes's rating: 1226 &rarr; <strong>1246<\/strong><br \/>(+20 for winning)\n|raw|MetaRafa's rating: 1161 &rarr; <strong>1141<\/strong><br \/>(-20 for losing)\n","uploadtime":1700439519,"views":6,"p1id":"cotesmcgotes","p2id":"metarafa","formatid":"gen9doublesou","rating":1141,"private":0,"password":""}