{"id":"gen9doublesou-1978889083","p1":"fronckles","p2":"Takeyolunchmoney","format":"[Gen 9] Doubles OU","log":"|j|\u2606fronckles\n|j|\u2606Takeyolunchmoney\n|t:|1698606870\n|gametype|doubles\n|player|p1|fronckles|pilot|1098\n|player|p2|Takeyolunchmoney|sisandbro|1109\n|teamsize|p1|6\n|teamsize|p2|6\n|gen|9\n|tier|[Gen 9] Doubles OU\n|rated|\n|rule|Species Clause: Limit one of each Pok\u00e9mon\n|rule|OHKO Clause: OHKO moves are banned\n|rule|Evasion Moves Clause: Evasion moves are banned\n|rule|Gravity Sleep Clause: The combination of sleep-inducing moves with imperfect accuracy and Gravity or Gigantamax Orbeetle are banned\n|rule|Endless Battle Clause: Forcing endless battles is banned\n|rule|HP Percentage Mod: HP is shown in percentages\n|clearpoke\n|poke|p1|Lurantis, F|\n|poke|p1|Torkoal, F|\n|poke|p1|Walking Wake|\n|poke|p1|Heatran, M|\n|poke|p1|Trevenant, M|\n|poke|p1|Rotom-Heat|\n|poke|p2|Ninetales-Alola, F|\n|poke|p2|Indeedee-F, F|\n|poke|p2|Abomasnow, M|\n|poke|p2|Iron Bundle|\n|poke|p2|Mamoswine, M|\n|poke|p2|Arcanine-Hisui, M|\n|teampreview\n|inactive|Battle timer is ON: inactive players will automatically lose when time's up. (requested by fronckles)\n|\n|t:|1698606884\n|start\n|switch|p1a: Torkoal|Torkoal, F, shiny|100\/100\n|switch|p1b: Walking Wake|Walking Wake|100\/100\n|switch|p2a: Indeedee|Indeedee-F, F|100\/100\n|switch|p2b: Ninetales|Ninetales-Alola, F|100\/100\n|-weather|Snow|[from] ability: Snow Warning|[of] p2b: Ninetales\n|-fieldstart|move: Psychic Terrain|[from] ability: Psychic Surge|[of] p2a: Indeedee\n|-enditem|p2a: Indeedee|Psychic Seed\n|-boost|p2a: Indeedee|spd|1|[from] item: Psychic Seed\n|-weather|SunnyDay|[from] ability: Drought|[of] p1a: Torkoal\n|-activate|p1b: Walking Wake|ability: Protosynthesis\n|-start|p1b: Walking Wake|protosynthesisspa\n|turn|1\n|c|\u2606fronckles|hi\n|inactive|Takeyolunchmoney has 120 seconds left.\n|\n|t:|1698606920\n|switch|p2b: Abomasnow|Abomasnow, M|100\/100\n|-weather|Snow|[from] ability: Snow Warning|[of] p2b: Abomasnow\n|-end|p1b: Walking Wake|Protosynthesis\n|switch|p2a: Iron Bundle|Iron Bundle|100\/100\n|-enditem|p2a: Iron Bundle|Booster Energy\n|-activate|p2a: Iron Bundle|ability: Quark Drive|[fromitem]\n|-start|p2a: Iron Bundle|quarkdrivespa\n|move|p1b: Walking Wake|Weather Ball|p2b: Abomasnow\n|-damage|p2b: Abomasnow|40\/100\n|-damage|p1b: Walking Wake|91\/100|[from] item: Life Orb\n|move|p1a: Torkoal|Eruption|p2b: Abomasnow|[spread] p2a,p2b\n|-supereffective|p2b: Abomasnow\n|-damage|p2a: Iron Bundle|4\/100\n|-damage|p2b: Abomasnow|0 fnt\n|faint|p2b: Abomasnow\n|\n|-weather|Snow|[upkeep]\n|upkeep\n|\n|t:|1698606946\n|switch|p2b: Indeedee|Indeedee-F, F|100\/100\n|turn|2\n|\n|t:|1698606963\n|-terastallize|p2a: Iron Bundle|Water\n|move|p2b: Indeedee|Follow Me|p2b: Indeedee\n|-singleturn|p2b: Indeedee|move: Follow Me\n|move|p2a: Iron Bundle|Hydro Pump|p1a: Torkoal\n|-supereffective|p1a: Torkoal\n|-damage|p1a: Torkoal|0 fnt\n|faint|p1a: Torkoal\n|move|p1b: Walking Wake|Weather Ball|p2b: Indeedee\n|-damage|p2b: Indeedee|42\/100\n|-damage|p1b: Walking Wake|81\/100|[from] item: Life Orb\n|\n|-weather|Snow|[upkeep]\n|upkeep\n|\n|t:|1698606977\n|switch|p1a: Rotom|Rotom-Heat|100\/100\n|turn|3\n|\n|t:|1698607001\n|move|p1b: Walking Wake|Aqua Jet|p2a: Iron Bundle\n|-activate|p2a: Iron Bundle|move: Psychic Terrain\n|move|p2a: Iron Bundle|Blizzard|p1b: Walking Wake|[spread] p1a,p1b\n|-resisted|p1a: Rotom\n|-damage|p1a: Rotom|68\/100\n|-damage|p1b: Walking Wake|4\/100\n|move|p1a: Rotom|Trick|p2a: Iron Bundle\n|-activate|p1a: Rotom|move: Trick|[of] p2a: Iron Bundle\n|-item|p2a: Iron Bundle|Flame Orb|[from] move: Trick\n|-enditem|p1a: Rotom|Flame Orb|[silent]|[from] move: Trick\n|move|p2b: Indeedee|Heal Pulse|p1b: Walking Wake\n|-heal|p1b: Walking Wake|54\/100\n|\n|-weather|Snow|[upkeep]\n|-status|p2a: Iron Bundle|brn|[from] item: Flame Orb\n|upkeep\n|turn|4\n|c|\u2606fronckles|how are you?\n|inactive|fronckles has 120 seconds left.\n|c|\u2606Takeyolunchmoney|k!ll yo$elf\n|\n|t:|1698607041\n|move|p2a: Iron Bundle|Blizzard|p1b: Walking Wake|[spread] p1a,p1b\n|-resisted|p1a: Rotom\n|-damage|p1a: Rotom|39\/100\n|-damage|p1b: Walking Wake|0 fnt\n|faint|p1b: Walking Wake\n|-end|p1b: Walking Wake|Protosynthesis|[silent]\n|move|p1a: Rotom|Volt Switch|p2b: Indeedee\n|-damage|p2b: Indeedee|11\/100\n|c|\u2606fronckles|oh\n|\n|t:|1698607051\n|switch|p1a: Trevenant|Trevenant, M|100\/100|[from] Volt Switch\n|move|p2b: Indeedee|Heal Pulse|p2a: Iron Bundle\n|-heal|p2a: Iron Bundle|55\/100 brn\n|\n|-weather|Snow|[upkeep]\n|-damage|p2a: Iron Bundle|49\/100 brn|[from] brn\n|upkeep\n|\n|t:|1698607064\n|switch|p1b: Lurantis|Lurantis, F|100\/100\n|turn|5\n|c|\u2606Takeyolunchmoney|yup\n|\n|t:|1698607080\n|move|p2b: Indeedee|Follow Me|p2b: Indeedee\n|-singleturn|p2b: Indeedee|move: Follow Me\n|move|p2a: Iron Bundle|Blizzard|p1b: Lurantis|[spread] p1a,p1b\n|-supereffective|p1a: Trevenant\n|-supereffective|p1b: Lurantis\n|-damage|p1a: Trevenant|0 fnt\n|-damage|p1b: Lurantis|0 fnt\n|faint|p1a: Trevenant\n|faint|p1b: Lurantis\n|\n|-weather|none\n|-damage|p2a: Iron Bundle|43\/100 brn|[from] brn\n|-fieldend|move: Psychic Terrain\n|upkeep\n|c|\u2606fronckles|well\n|inactive|fronckles has 120 seconds left.\n|\n|t:|1698607090\n|switch|p1a: Heatran|Heatran, M|100\/100\n|switch|p1b: Rotom|Rotom-Heat|39\/100\n|turn|6\n|\n|t:|1698607109\n|-end|p2a: Iron Bundle|Quark Drive|[silent]\n|switch|p2a: Ninetales|Ninetales-Alola, F|100\/100\n|-weather|Snow|[from] ability: Snow Warning|[of] p2a: Ninetales\n|-terastallize|p1a: Heatran|Grass\n|move|p1b: Rotom|Protect|p1b: Rotom\n|-singleturn|p1b: Rotom|Protect\n|move|p2b: Indeedee|Protect|p2b: Indeedee\n|-singleturn|p2b: Indeedee|Protect\n|move|p1a: Heatran|Tera Blast|p2a: Ninetales|[anim] Tera Blast Grass\n|-damage|p2a: Ninetales|58\/100\n|\n|-weather|Snow|[upkeep]\n|upkeep\n|turn|7\n|inactive|fronckles has 120 seconds left.\n|\n|t:|1698607141\n|move|p2b: Indeedee|Follow Me|p2b: Indeedee\n|-singleturn|p2b: Indeedee|move: Follow Me\n|move|p2a: Ninetales|Aurora Veil|p2a: Ninetales\n|-sidestart|p2: Takeyolunchmoney|move: Aurora Veil\n|move|p1b: Rotom|Volt Switch|p2b: Indeedee\n|-damage|p2b: Indeedee|0 fnt\n|faint|p2b: Indeedee\n|move|p1a: Heatran|Flamethrower|p2a: Ninetales\n|-supereffective|p2a: Ninetales\n|-damage|p2a: Ninetales|0 fnt\n|faint|p2a: Ninetales\n|\n|-weather|Snow|[upkeep]\n|upkeep\n|inactive|Takeyolunchmoney has 120 seconds left.\n|\n|t:|1698607166\n|switch|p2a: Arcanine|Arcanine-Hisui, M|100\/100\n|switch|p2b: Iron Bundle|Iron Bundle, tera:Water|43\/100 brn\n|-ability|p2a: Arcanine|Intimidate|boost\n|-unboost|p1a: Heatran|atk|1\n|-unboost|p1b: Rotom|atk|1\n|turn|8\n|\n|t:|1698607191\n|move|p2b: Iron Bundle|Blizzard|p1a: Heatran|[spread] p1a,p1b\n|-supereffective|p1a: Heatran\n|-resisted|p1b: Rotom\n|-damage|p1a: Heatran|48\/100\n|-damage|p1b: Rotom|14\/100\n|move|p1b: Rotom|Thunder Wave|p2a: Arcanine\n|-status|p2a: Arcanine|par\n|move|p1a: Heatran|Tera Blast|p2b: Iron Bundle|[anim] Tera Blast Grass\n|-supereffective|p2b: Iron Bundle\n|-damage|p2b: Iron Bundle|0 fnt\n|faint|p2b: Iron Bundle\n|-end|p2b: Iron Bundle|Quark Drive|[silent]\n|cant|p2a: Arcanine|par\n|\n|-weather|Snow|[upkeep]\n|upkeep\n|\n|t:|1698607203\n|switch|p2b: Mamoswine|Mamoswine, M|100\/100\n|turn|9\n|\n|t:|1698607214\n|move|p1b: Rotom|Thunder Wave|p2b: Mamoswine\n|-immune|p2b: Mamoswine\n|move|p2b: Mamoswine|Earthquake|p1b: Rotom|[spread] p2a,p1a\n|-immune|p1b: Rotom|[from] ability: Levitate\n|-supereffective|p2a: Arcanine\n|-resisted|p1a: Heatran\n|-damage|p2a: Arcanine|0 fnt\n|-damage|p1a: Heatran|27\/100\n|faint|p2a: Arcanine\n|move|p1a: Heatran|Tera Blast|p2b: Mamoswine|[anim] Tera Blast Grass\n|-supereffective|p2b: Mamoswine\n|-damage|p2b: Mamoswine|15\/100\n|\n|-weather|Snow|[upkeep]\n|upkeep\n|turn|10\n|\n|t:|1698607240\n|move|p1b: Rotom|Trick|p2b: Mamoswine\n|-activate|p1b: Rotom|move: Trick|[of] p2b: Mamoswine\n|-enditem|p2b: Mamoswine|Choice Band|[silent]|[from] move: Trick\n|-item|p1b: Rotom|Choice Band|[from] move: Trick\n|move|p2b: Mamoswine|Earthquake|p1b: Rotom|[spread] p1a\n|-immune|p1b: Rotom|[from] ability: Levitate\n|-resisted|p1a: Heatran\n|-damage|p1a: Heatran|13\/100\n|move|p1a: Heatran|Tera Blast|p2b: Mamoswine|[anim] Tera Blast Grass\n|-supereffective|p2b: Mamoswine\n|-damage|p2b: Mamoswine|0 fnt\n|faint|p2b: Mamoswine\n|\n|win|fronckles\n|raw|fronckles's rating: 1098 &rarr; <strong>1124<\/strong><br \/>(+26 for winning)\n|raw|Takeyolunchmoney's rating: 1109 &rarr; <strong>1083<\/strong><br \/>(-26 for losing)\n","uploadtime":1698607041,"views":16,"p1id":"fronckles","p2id":"takeyolunchmoney","formatid":"gen9doublesou","rating":1083,"private":0,"password":""}