{"id":"gen9doublesou-1985449393","p1":"Caroner","p2":"lojak","format":"[Gen 9] Doubles OU","log":"|j|\u2606Caroner\n|j|\u2606lojak\n|t:|1699375619\n|gametype|doubles\n|player|p1|Caroner|2|1000\n|player|p2|lojak|steven|1013\n|teamsize|p1|6\n|teamsize|p2|6\n|gen|9\n|tier|[Gen 9] Doubles OU\n|rated|\n|rule|Species Clause: Limit one of each Pok\u00e9mon\n|rule|OHKO Clause: OHKO moves are banned\n|rule|Evasion Moves Clause: Evasion moves are banned\n|rule|Gravity Sleep Clause: The combination of sleep-inducing moves with imperfect accuracy and Gravity or Gigantamax Orbeetle are banned\n|rule|Endless Battle Clause: Forcing endless battles is banned\n|rule|HP Percentage Mod: HP is shown in percentages\n|clearpoke\n|poke|p1|Gliscor, F|\n|poke|p1|Ogerpon-Wellspring, F|\n|poke|p1|Amoonguss, F|\n|poke|p1|Sneasler, F|\n|poke|p1|Luxray, F|\n|poke|p1|Ceruledge, M|\n|poke|p2|Cetitan, F|\n|poke|p2|Slaking, M|\n|poke|p2|Grafaiai, F|\n|poke|p2|Armarouge, M|\n|poke|p2|Indeedee-F, F|\n|poke|p2|Ursaluna, F|\n|teampreview\n|inactive|Battle timer is ON: inactive players will automatically lose when time's up. (requested by lojak)\n|\n|t:|1699375633\n|start\n|switch|p1a: Ogerpon|Ogerpon-Wellspring, F|100\/100\n|switch|p1b: Amoonguss|Amoonguss, F|100\/100\n|switch|p2a: Slaking|Slaking, M, shiny|100\/100\n|switch|p2b: Grafaiai|Grafaiai, F|100\/100\n|turn|1\n|\n|t:|1699375648\n|move|p2b: Grafaiai|Doodle|p1a: Ogerpon\n|-endability|p2a: Slaking|Truant|[from] move: Doodle\n|-ability|p2a: Slaking|Water Absorb|[from] move: Doodle\n|-endability|p2b: Grafaiai|Prankster|[from] move: Doodle\n|-ability|p2b: Grafaiai|Water Absorb|[from] move: Doodle\n|move|p2a: Slaking|Giga Impact|p1a: Ogerpon\n|-damage|p1a: Ogerpon|0 fnt\n|-mustrecharge|p2a: Slaking\n|faint|p1a: Ogerpon\n|move|p1b: Amoonguss|Spore|p2a: Slaking\n|-status|p2a: Slaking|slp|[from] move: Spore\n|\n|upkeep\n|\n|t:|1699375661\n|switch|p1a: Luxray|Luxray, F|100\/100\n|turn|2\n|inactive|Caroner has 120 seconds left.\n|\n|t:|1699375702\n|move|p1b: Amoonguss|Rage Powder|p1b: Amoonguss\n|-singleturn|p1b: Amoonguss|move: Rage Powder\n|cant|p2a: Slaking|recharge\n|move|p1a: Luxray|Trailblaze|p2a: Slaking\n|-damage|p2a: Slaking|88\/100 slp\n|-boost|p1a: Luxray|spe|1\n|move|p2b: Grafaiai|Taunt|p1b: Amoonguss\n|-start|p1b: Amoonguss|move: Taunt\n|\n|-status|p1a: Luxray|brn|[from] item: Flame Orb\n|upkeep\n|turn|3\n|inactive|Caroner has 120 seconds left.\n|\n|t:|1699375732\n|move|p1a: Luxray|Facade|p2a: Slaking\n|-damage|p2a: Slaking|33\/100 slp\n|cant|p2a: Slaking|slp\n|move|p2b: Grafaiai|Parting Shot|p1a: Luxray\n|-unboost|p1a: Luxray|atk|1\n|-unboost|p1a: Luxray|spa|1\n|\n|t:|1699375741\n|switch|p2b: Ursaluna|Ursaluna, F, shiny|100\/100|[from] Parting Shot\n|move|p1b: Amoonguss|Pollen Puff|p2a: Slaking\n|-damage|p2a: Slaking|13\/100 slp\n|\n|-damage|p1a: Luxray|95\/100 brn|[from] brn\n|-status|p2b: Ursaluna|brn|[from] item: Flame Orb\n|upkeep\n|turn|4\n|inactive|Caroner has 120 seconds left.\n|\n|t:|1699375780\n|switch|p1a: Gliscor|Gliscor, F|100\/100\n|-curestatus|p2a: Slaking|slp|[msg]\n|move|p2a: Slaking|Giga Impact|p1b: Amoonguss|[miss]\n|-miss|p2a: Slaking|p1b: Amoonguss\n|move|p2b: Ursaluna|Bulk Up|p2b: Ursaluna\n|-boost|p2b: Ursaluna|atk|1\n|-boost|p2b: Ursaluna|def|1\n|move|p1b: Amoonguss|Pollen Puff|p2a: Slaking\n|-damage|p2a: Slaking|0 fnt\n|faint|p2a: Slaking\n|\n|-damage|p2b: Ursaluna|94\/100 brn|[from] brn\n|-status|p1a: Gliscor|tox|[from] item: Toxic Orb\n|upkeep\n|\n|t:|1699375797\n|switch|p2a: Cetitan|Cetitan, F, shiny|100\/100\n|turn|5\n|inactive|Caroner has 120 seconds left.\n|inactive|lojak has 120 seconds left.\n|inactive|Caroner has 90 seconds left.\n|\n|t:|1699375861\n|-terastallize|p1a: Gliscor|Ground\n|move|p1a: Gliscor|Crabhammer|p2b: Ursaluna\n|-supereffective|p2b: Ursaluna\n|-damage|p2b: Ursaluna|67\/100 brn\n|move|p2a: Cetitan|Icicle Crash|p1a: Gliscor\n|-supereffective|p1a: Gliscor\n|-damage|p1a: Gliscor|0 fnt\n|faint|p1a: Gliscor\n|move|p2b: Ursaluna|Facade|p1b: Amoonguss\n|-damage|p1b: Amoonguss|0 fnt\n|-damage|p2b: Ursaluna|51\/100 brn|[from] item: Rocky Helmet|[of] p1b: Amoonguss\n|faint|p1b: Amoonguss\n|\n|-damage|p2b: Ursaluna|45\/100 brn|[from] brn\n|upkeep\n|inactive|Caroner has 60 seconds left.\n|\n|t:|1699375884\n|switch|p1a: Ceruledge|Ceruledge, M|100\/100\n|switch|p1b: Sneasler|Sneasler, F|100\/100\n|turn|6\n|inactive|Caroner has 60 seconds left.\n|\n|t:|1699375924\n|move|p1b: Sneasler|Close Combat|p2b: Ursaluna\n|-supereffective|p2b: Ursaluna\n|-damage|p2b: Ursaluna|0 fnt\n|-unboost|p1b: Sneasler|def|1\n|-unboost|p1b: Sneasler|spd|1\n|-enditem|p1b: Sneasler|White Herb\n|-clearnegativeboost|p1b: Sneasler|[silent]\n|faint|p2b: Ursaluna\n|move|p1a: Ceruledge|Bitter Blade|p2a: Cetitan\n|-supereffective|p2a: Cetitan\n|-damage|p2a: Cetitan|16\/100\n|-damage|p1a: Ceruledge|91\/100|[from] item: Life Orb\n|move|p2a: Cetitan|High Horsepower|p1a: Ceruledge\n|-supereffective|p1a: Ceruledge\n|-damage|p1a: Ceruledge|17\/100\n|-ability|p1a: Ceruledge|Weak Armor|boost\n|-unboost|p1a: Ceruledge|def|1\n|-boost|p1a: Ceruledge|spe|2\n|\n|upkeep\n|\n|t:|1699375941\n|switch|p2b: Grafaiai|Grafaiai, F|100\/100\n|turn|7\n|inactive|Caroner has 60 seconds left.\n|inactive|Caroner has 30 seconds left.\n|inactive|Caroner has 20 seconds left.\n|\n|t:|1699375993\n|move|p2b: Grafaiai|Parting Shot|p1b: Sneasler\n|-unboost|p1b: Sneasler|atk|1\n|-unboost|p1b: Sneasler|spa|1\n|inactive|Caroner has 25 seconds left this turn.\n|\n|t:|1699375996\n|switch|p2b: Indeedee|Indeedee-F, F|100\/100|[from] Parting Shot\n|-fieldstart|move: Psychic Terrain|[from] ability: Psychic Surge|[of] p2b: Indeedee\n|move|p1b: Sneasler|Swords Dance|p1b: Sneasler\n|-boost|p1b: Sneasler|atk|2\n|move|p1a: Ceruledge|Bitter Blade|p2a: Cetitan\n|-supereffective|p2a: Cetitan\n|-crit|p2a: Cetitan\n|-damage|p2a: Cetitan|0 fnt\n|-heal|p1a: Ceruledge|29\/100|[from] drain|[of] p2a: Cetitan\n|faint|p2a: Cetitan\n|-damage|p1a: Ceruledge|19\/100|[from] item: Life Orb\n|\n|upkeep\n|inactive|Caroner has 30 seconds left this turn.\n|\n|t:|1699375998\n|switch|p2a: Grafaiai|Grafaiai, F|100\/100\n|turn|8\n|inactive|Caroner has 30 seconds left.\n|inactive|Caroner has 20 seconds left.\n|\n|t:|1699376036\n|move|p2b: Indeedee|Fake Out|p1b: Sneasler\n|-activate|p1b: Sneasler|move: Psychic Terrain\n|move|p2a: Grafaiai|Parting Shot|p1a: Ceruledge\n|-activate|p1a: Ceruledge|move: Psychic Terrain\n|move|p1b: Sneasler|Rock Slide|p2a: Grafaiai|[spread] p2b\n|-miss|p1b: Sneasler|p2a: Grafaiai\n|-damage|p2b: Indeedee|46\/100\n|move|p1a: Ceruledge|Bitter Blade|p2b: Indeedee\n|-damage|p2b: Indeedee|0 fnt\n|-heal|p1a: Ceruledge|37\/100|[from] drain|[of] p2b: Indeedee\n|faint|p2b: Indeedee\n|-damage|p1a: Ceruledge|27\/100|[from] item: Life Orb\n|\n|upkeep\n|inactive|Caroner has 25 seconds left this turn.\n|\n|t:|1699376049\n|switch|p2b: Armarouge|Armarouge, M|100\/100\n|turn|9\n|\n|t:|1699376078\n|move|p2a: Grafaiai|Doodle|p1b: Sneasler\n|-activate|p1b: Sneasler|move: Psychic Terrain\n|move|p1b: Sneasler|Rock Slide|p2a: Grafaiai|[spread] p2a,p2b\n|-supereffective|p2b: Armarouge\n|-damage|p2a: Grafaiai|53\/100\n|-damage|p2b: Armarouge|40\/100\n|-ability|p2b: Armarouge|Weak Armor|boost\n|-unboost|p2b: Armarouge|def|1\n|-boost|p2b: Armarouge|spe|2\n|move|p1a: Ceruledge|Poltergeist|p2b: Armarouge\n|-activate|p2b: Armarouge|move: Poltergeist|Choice Specs\n|-supereffective|p2b: Armarouge\n|-damage|p2b: Armarouge|0 fnt\n|faint|p2b: Armarouge\n|-damage|p1a: Ceruledge|17\/100|[from] item: Life Orb\n|\n|upkeep\n|turn|10\n|inactive|Caroner has 60 seconds left.\n|-message|lojak forfeited.\n|\n|win|Caroner\n|raw|Caroner's rating: 1000 &rarr; <strong>1041<\/strong><br \/>(+41 for winning)\n|raw|lojak's rating: 1013 &rarr; <strong>1001<\/strong><br \/>(-12 for losing)\n|l|\u2606lojak\n","uploadtime":1699376107,"views":9,"p1id":"caroner","p2id":"lojak","formatid":"gen9doublesou","rating":1001,"private":0,"password":""}