{"id":"gen9doublesou-1976998330","p1":"Chopreynolds","p2":"rookie dragon","format":"[Gen 9] Doubles OU","log":"|j|\u2606Chopreynolds\n|j|\u2606rookie dragon\n|t:|1698360217\n|gametype|doubles\n|player|p1|Chopreynolds|265|1301\n|player|p2|rookie dragon|preschooler|1333\n|teamsize|p1|6\n|teamsize|p2|6\n|gen|9\n|tier|[Gen 9] Doubles OU\n|rated|\n|rule|Species Clause: Limit one of each Pok\u00e9mon\n|rule|OHKO Clause: OHKO moves are banned\n|rule|Evasion Moves Clause: Evasion moves are banned\n|rule|Gravity Sleep Clause: The combination of sleep-inducing moves with imperfect accuracy and Gravity or Gigantamax Orbeetle are banned\n|rule|Endless Battle Clause: Forcing endless battles is banned\n|rule|HP Percentage Mod: HP is shown in percentages\n|clearpoke\n|poke|p1|Oricorio-Sensu, F|\n|poke|p1|Volcarona, F|\n|poke|p1|Quaquaval, M|\n|poke|p1|Ribombee, F|\n|poke|p1|Garganacl, M|\n|poke|p1|Kleavor, M|\n|poke|p2|Inteleon, F|\n|poke|p2|Pelipper, M|\n|poke|p2|Floatzel, F|\n|poke|p2|Walking Wake|\n|poke|p2|Chien-Pao|\n|poke|p2|Dragapult, F|\n|teampreview\n|inactive|Battle timer is ON: inactive players will automatically lose when time's up. (requested by Chopreynolds)\n|\n|t:|1698360240\n|start\n|switch|p1a: Oricorio|Oricorio-Sensu, F|100\/100\n|switch|p1b: Ribombee|Ribombee, F|100\/100\n|switch|p2a: Dragapult|Dragapult, F|100\/100\n|switch|p2b: Chien-Pao|Chien-Pao|100\/100\n|-ability|p2b: Chien-Pao|Sword of Ruin\n|turn|1\n|\n|t:|1698360253\n|move|p1a: Oricorio|Protect|p1a: Oricorio\n|-singleturn|p1a: Oricorio|Protect\n|move|p2a: Dragapult|Fire Blast|p1b: Ribombee\n|-supereffective|p1b: Ribombee\n|-damage|p1b: Ribombee|0 fnt\n|faint|p1b: Ribombee\n|-damage|p2a: Dragapult|91\/100|[from] item: Life Orb\n|move|p2b: Chien-Pao|Ice Spinner|p1a: Oricorio\n|-activate|p1a: Oricorio|move: Protect\n|\n|upkeep\n|\n|t:|1698360266\n|switch|p1b: Garganacl|Garganacl, M|100\/100\n|turn|2\n|\n|t:|1698360273\n|switch|p1a: Quaquaval|Quaquaval, M|100\/100\n|move|p2a: Dragapult|Phantom Force||[still]\n|-prepare|p2a: Dragapult|Phantom Force\n|move|p2b: Chien-Pao|Sacred Sword|p1b: Garganacl\n|-supereffective|p1b: Garganacl\n|-damage|p1b: Garganacl|44\/100\n|-damage|p2b: Chien-Pao|84\/100|[from] item: Rocky Helmet|[of] p1b: Garganacl\n|move|p1b: Garganacl|Body Press|p2b: Chien-Pao\n|-supereffective|p2b: Chien-Pao\n|-damage|p2b: Chien-Pao|0 fnt\n|faint|p2b: Chien-Pao\n|\n|upkeep\n|\n|t:|1698360294\n|switch|p2b: Inteleon|Inteleon, F|100\/100\n|turn|3\n|\n|t:|1698360311\n|move|p2a: Dragapult|Phantom Force|p1a: Quaquaval|[from]lockedmove\n|-damage|p1a: Quaquaval|20\/100\n|-damage|p2a: Dragapult|81\/100|[from] item: Life Orb\n|move|p2b: Inteleon|Snipe Shot|p1a: Quaquaval\n|-resisted|p1a: Quaquaval\n|-damage|p1a: Quaquaval|0 fnt\n|faint|p1a: Quaquaval\n|move|p1b: Garganacl|Salt Cure|p2a: Dragapult\n|-damage|p2a: Dragapult|53\/100\n|-start|p2a: Dragapult|Salt Cure\n|\n|-damage|p2a: Dragapult|40\/100|[from] Salt Cure\n|upkeep\n|\n|t:|1698360325\n|switch|p1a: Oricorio|Oricorio-Sensu, F|100\/100\n|turn|4\n|\n|t:|1698360332\n|switch|p2a: Pelipper|Pelipper, M|100\/100\n|-weather|RainDance|[from] ability: Drizzle|[of] p2a: Pelipper\n|move|p2b: Inteleon|Snipe Shot|p1a: Oricorio\n|-damage|p1a: Oricorio|0 fnt\n|faint|p1a: Oricorio\n|move|p1b: Garganacl|Salt Cure|p2b: Inteleon\n|-damage|p2b: Inteleon|69\/100\n|-start|p2b: Inteleon|Salt Cure\n|\n|-weather|RainDance|[upkeep]\n|-damage|p2b: Inteleon|44\/100|[from] Salt Cure\n|upkeep\n|\n|t:|1698360346\n|switch|p1a: Kleavor|Kleavor, M|100\/100\n|turn|5\n|\n|t:|1698360354\n|switch|p2a: Dragapult|Dragapult, F|40\/100\n|move|p2b: Inteleon|Snipe Shot|p1b: Garganacl\n|-supereffective|p1b: Garganacl\n|-damage|p1b: Garganacl|0 fnt\n|faint|p1b: Garganacl\n|move|p1a: Kleavor|Stone Axe|p2a: Dragapult\n|-damage|p2a: Dragapult|0 fnt\n|-sidestart|p2: rookie dragon|move: Stealth Rock\n|faint|p2a: Dragapult\n|\n|-weather|RainDance|[upkeep]\n|-damage|p2b: Inteleon|19\/100|[from] Salt Cure\n|upkeep\n|\n|t:|1698360367\n|switch|p2a: Floatzel|Floatzel, F|100\/100\n|switch|p1b: Volcarona|Volcarona, F|100\/100\n|-damage|p2a: Floatzel|88\/100|[from] Stealth Rock\n|turn|6\n|\n|t:|1698360376\n|-terastallize|p2a: Floatzel|Water\n|move|p2a: Floatzel|Wave Crash|p1b: Volcarona\n|-supereffective|p1b: Volcarona\n|-enditem|p1b: Volcarona|Focus Sash\n|-damage|p1b: Volcarona|1\/100\n|-damage|p2a: Floatzel|55\/100|[from] Recoil\n|move|p2b: Inteleon|Snipe Shot|p1a: Kleavor\n|-supereffective|p1a: Kleavor\n|-crit|p1a: Kleavor\n|-damage|p1a: Kleavor|0 fnt\n|faint|p1a: Kleavor\n|move|p1b: Volcarona|Quiver Dance|p1b: Volcarona\n|-boost|p1b: Volcarona|spa|1\n|-boost|p1b: Volcarona|spd|1\n|-boost|p1b: Volcarona|spe|1\n|\n|-weather|RainDance|[upkeep]\n|-damage|p2b: Inteleon|0 fnt|[from] Salt Cure\n|faint|p2b: Inteleon\n|upkeep\n|\n|t:|1698360389\n|switch|p2b: Walking Wake|Walking Wake|100\/100\n|-damage|p2b: Walking Wake|88\/100|[from] Stealth Rock\n|turn|7\n|\n|t:|1698360399\n|move|p2a: Floatzel|Wave Crash|p1b: Volcarona\n|-supereffective|p1b: Volcarona\n|-damage|p1b: Volcarona|0 fnt\n|faint|p1b: Volcarona\n|-damage|p2a: Floatzel|55\/100|[from] Recoil\n|\n|win|rookie dragon\n|raw|Chopreynolds's rating: 1301 &rarr; <strong>1283<\/strong><br \/>(-18 for losing)\n|raw|rookie dragon's rating: 1333 &rarr; <strong>1351<\/strong><br \/>(+18 for winning)\n","uploadtime":1698360403,"views":28,"p1id":"chopreynolds","p2id":"rookiedragon","formatid":"gen9doublesou","rating":1283,"private":0,"password":""}