{"id":"gen9doublesou-1970880570","p1":"majner","p2":"Hdue scd","format":"[Gen 9] Doubles OU","log":"|j|\u2606majner\n|j|\u2606Hdue scd\n|t:|1697676728\n|gametype|doubles\n|player|p1|majner|265|1133\n|player|p2|Hdue scd|linebacker|1040\n|teamsize|p1|6\n|teamsize|p2|6\n|gen|9\n|tier|[Gen 9] Doubles OU\n|rated|\n|rule|Species Clause: Limit one of each Pok\u00e9mon\n|rule|OHKO Clause: OHKO moves are banned\n|rule|Evasion Moves Clause: Evasion moves are banned\n|rule|Gravity Sleep Clause: The combination of sleep-inducing moves with imperfect accuracy and Gravity or Gigantamax Orbeetle are banned\n|rule|Endless Battle Clause: Forcing endless battles is banned\n|rule|HP Percentage Mod: HP is shown in percentages\n|clearpoke\n|poke|p1|Trevenant, M|\n|poke|p1|Torkoal, M|\n|poke|p1|Farigiraf, M|\n|poke|p1|Appletun, M|\n|poke|p1|Toxtricity-Low-Key, F|\n|poke|p1|Dedenne, M|\n|poke|p2|Palafin, M|\n|poke|p2|Pelipper, M|\n|poke|p2|Basculegion, M|\n|poke|p2|Ursaluna, F|\n|poke|p2|Kingambit, M|\n|poke|p2|Roaring Moon|\n|teampreview\n|\n|t:|1697676737\n|start\n|switch|p1a: Trevenant|Trevenant, M|100\/100\n|switch|p1b: Torkoal|Torkoal, M|100\/100\n|switch|p2a: Palafin|Palafin, M|100\/100\n|switch|p2b: Pelipper|Pelipper, M|100\/100\n|-weather|RainDance|[from] ability: Drizzle|[of] p2b: Pelipper\n|-weather|SunnyDay|[from] ability: Drought|[of] p1b: Torkoal\n|turn|1\n|\n|t:|1697676751\n|move|p2a: Palafin|Flip Turn|p1b: Torkoal\n|-supereffective|p1b: Torkoal\n|-damage|p1b: Torkoal|86\/100\n|\n|t:|1697676755\n|detailschange|p2a: Palafin|Palafin-Hero, M\n|switch|p2a: Basculegion|Basculegion, M|100\/100|[from] Flip Turn\n|move|p2b: Pelipper|Hydro Pump|p1b: Torkoal\n|-supereffective|p1b: Torkoal\n|-crit|p1b: Torkoal\n|-damage|p1b: Torkoal|13\/100\n|move|p1b: Torkoal|Yawn|p2a: Basculegion\n|-start|p2a: Basculegion|move: Yawn|[of] p1b: Torkoal\n|move|p1a: Trevenant|Trick Room|p1a: Trevenant\n|-fieldstart|move: Trick Room|[of] p1a: Trevenant\n|\n|-weather|SunnyDay|[upkeep]\n|upkeep\n|turn|2\n|\n|t:|1697676772\n|move|p1b: Torkoal|Helping Hand|p1a: Trevenant\n|-singleturn|p1a: Trevenant|Helping Hand|[of] p1b: Torkoal\n|move|p2a: Basculegion|Aqua Jet|p1b: Torkoal\n|-supereffective|p1b: Torkoal\n|-damage|p1b: Torkoal|2\/100\n|move|p1a: Trevenant|Horn Leech|p2a: Basculegion\n|-supereffective|p2a: Basculegion\n|-damage|p2a: Basculegion|0 fnt\n|faint|p2a: Basculegion\n|move|p2b: Pelipper|Hydro Pump|p1a: Trevenant\n|-resisted|p1a: Trevenant\n|-damage|p1a: Trevenant|91\/100\n|\n|-weather|SunnyDay|[upkeep]\n|upkeep\n|\n|t:|1697676779\n|switch|p2a: Palafin|Palafin-Hero, M|100\/100\n|-activate|p2a: Palafin|ability: Zero to Hero\n|turn|3\n|\n|t:|1697676790\n|move|p1b: Torkoal|Helping Hand|p1a: Trevenant\n|-singleturn|p1a: Trevenant|Helping Hand|[of] p1b: Torkoal\n|move|p1a: Trevenant|Horn Leech|p2a: Palafin\n|-supereffective|p2a: Palafin\n|-damage|p2a: Palafin|0 fnt\n|-heal|p1a: Trevenant|100\/100|[from] drain|[of] p2a: Palafin\n|faint|p2a: Palafin\n|move|p2b: Pelipper|Hydro Pump|p1a: Trevenant\n|-resisted|p1a: Trevenant\n|-damage|p1a: Trevenant|91\/100\n|\n|-weather|SunnyDay|[upkeep]\n|upkeep\n|\n|t:|1697676797\n|switch|p2a: Ursaluna|Ursaluna, F|100\/100\n|turn|4\n|\n|t:|1697676807\n|move|p1b: Torkoal|Helping Hand|p1a: Trevenant\n|-singleturn|p1a: Trevenant|Helping Hand|[of] p1b: Torkoal\n|move|p1a: Trevenant|Horn Leech|p2a: Ursaluna\n|-supereffective|p2a: Ursaluna\n|-damage|p2a: Ursaluna|21\/100\n|-heal|p1a: Trevenant|100\/100|[from] drain|[of] p2a: Ursaluna\n|move|p2a: Ursaluna|Earthquake|p1a: Trevenant|[spread] p1a,p1b\n|-immune|p2b: Pelipper\n|-resisted|p1a: Trevenant\n|-supereffective|p1b: Torkoal\n|-damage|p1a: Trevenant|75\/100\n|-damage|p1b: Torkoal|0 fnt\n|faint|p1b: Torkoal\n|move|p2b: Pelipper|Hydro Pump|p1a: Trevenant\n|-resisted|p1a: Trevenant\n|-damage|p1a: Trevenant|66\/100\n|\n|-weather|SunnyDay|[upkeep]\n|-status|p2a: Ursaluna|brn|[from] item: Flame Orb\n|upkeep\n|\n|t:|1697676836\n|switch|p1b: Farigiraf|Farigiraf, M|100\/100\n|turn|5\n|\n|t:|1697676853\n|move|p1a: Trevenant|Horn Leech|p2a: Ursaluna\n|-supereffective|p2a: Ursaluna\n|-damage|p2a: Ursaluna|0 fnt\n|-heal|p1a: Trevenant|79\/100|[from] drain|[of] p2a: Ursaluna\n|faint|p2a: Ursaluna\n|move|p1b: Farigiraf|Psychic|p2b: Pelipper\n|-damage|p2b: Pelipper|69\/100\n|move|p2b: Pelipper|Hydro Pump|p1b: Farigiraf\n|-damage|p1b: Farigiraf|81\/100\n|\n|-weather|SunnyDay|[upkeep]\n|-fieldend|move: Trick Room\n|upkeep\n|\n|t:|1697676858\n|switch|p2a: Roaring Moon|Roaring Moon|100\/100\n|-activate|p2a: Roaring Moon|ability: Protosynthesis\n|-start|p2a: Roaring Moon|protosynthesisatk\n|turn|6\n|\n|t:|1697676872\n|move|p2a: Roaring Moon|Dragon Claw|p1b: Farigiraf\n|-damage|p1b: Farigiraf|19\/100\n|-enditem|p1b: Farigiraf|Aguav Berry|[eat]\n|-heal|p1b: Farigiraf|53\/100|[from] item: Aguav Berry\n|move|p2b: Pelipper|Hydro Pump|p1b: Farigiraf\n|-damage|p1b: Farigiraf|33\/100\n|move|p1a: Trevenant|Phantom Force||[still]\n|-prepare|p1a: Trevenant|Phantom Force\n|move|p1b: Farigiraf|Trick Room|p1b: Farigiraf\n|-fieldstart|move: Trick Room|[of] p1b: Farigiraf\n|\n|-weather|SunnyDay|[upkeep]\n|upkeep\n|turn|7\n|\n|t:|1697676885\n|move|p1b: Farigiraf|Helping Hand|p1a: Trevenant\n|-singleturn|p1a: Trevenant|Helping Hand|[of] p1b: Farigiraf\n|move|p1a: Trevenant|Phantom Force|p2b: Pelipper|[from]lockedmove\n|-damage|p2b: Pelipper|1\/100\n|move|p2b: Pelipper|Hydro Pump|p1b: Farigiraf|[miss]\n|-miss|p2b: Pelipper|p1b: Farigiraf\n|move|p2a: Roaring Moon|Dragon Claw|p1b: Farigiraf\n|-damage|p1b: Farigiraf|0 fnt\n|faint|p1b: Farigiraf\n|\n|-weather|SunnyDay|[upkeep]\n|upkeep\n|\n|t:|1697676901\n|switch|p1b: Dedenne|Dedenne, M|100\/100\n|-item|p1b: Dedenne|Air Balloon\n|turn|8\n|\n|t:|1697676912\n|move|p1a: Trevenant|Phantom Force||[still]\n|-prepare|p1a: Trevenant|Phantom Force\n|move|p2b: Pelipper|Hydro Pump|p1a: Trevenant|[miss]\n|-miss|p2b: Pelipper|p1a: Trevenant\n|move|p1b: Dedenne|Nuzzle|p2b: Pelipper\n|-supereffective|p2b: Pelipper\n|-damage|p2b: Pelipper|0 fnt\n|faint|p2b: Pelipper\n|move|p2a: Roaring Moon|Iron Head|p1b: Dedenne\n|-damage|p1b: Dedenne|35\/100\n|-enditem|p1b: Dedenne|Air Balloon\n|\n|-weather|none\n|-end|p2a: Roaring Moon|Protosynthesis\n|upkeep\n|-enditem|p2a: Roaring Moon|Booster Energy\n|-activate|p2a: Roaring Moon|ability: Protosynthesis|[fromitem]\n|-start|p2a: Roaring Moon|protosynthesisatk\n|\n|t:|1697676919\n|switch|p2b: Kingambit|Kingambit, M|100\/100\n|-activate|p2b: Kingambit|ability: Supreme Overlord\n|-start|p2b: Kingambit|fallen4|[silent]\n|turn|9\n|\n|t:|1697676932\n|move|p1b: Dedenne|Helping Hand|p1a: Trevenant\n|-singleturn|p1a: Trevenant|Helping Hand|[of] p1b: Dedenne\n|move|p1a: Trevenant|Phantom Force|p2a: Roaring Moon|[from]lockedmove\n|-resisted|p2a: Roaring Moon\n|-damage|p2a: Roaring Moon|54\/100\n|move|p2b: Kingambit|Night Slash|p1a: Trevenant\n|-supereffective|p1a: Trevenant\n|-damage|p1a: Trevenant|0 fnt\n|faint|p1a: Trevenant\n|move|p2a: Roaring Moon|Iron Head|p1b: Dedenne\n|-damage|p1b: Dedenne|0 fnt\n|faint|p1b: Dedenne\n|\n|upkeep\n|\n|t:|1697676944\n|switch|p1a: Appletun|Appletun, M, shiny|100\/100\n|switch|p1b: Toxtricity|Toxtricity-Low-Key, F|100\/100\n|turn|10\n|\n|t:|1697676958\n|-terastallize|p1b: Toxtricity|Electric\n|move|p1a: Appletun|Outrage|p2b: Kingambit\n|-resisted|p2b: Kingambit\n|-damage|p2b: Kingambit|88\/100\n|move|p2b: Kingambit|Night Slash|p1b: Toxtricity\n|-damage|p1b: Toxtricity|18\/100\n|move|p2a: Roaring Moon|Dragon Claw|p1a: Appletun\n|-supereffective|p1a: Appletun\n|-damage|p1a: Appletun|11\/100\n|-activate|p1a: Appletun|ability: Ripen\n|-enditem|p1a: Appletun|Starf Berry|[eat]\n|-boost|p1a: Appletun|def|4|[from] item: Starf Berry\n|move|p1b: Toxtricity|Thunderbolt|p2b: Kingambit\n|-damage|p2b: Kingambit|29\/100\n|\n|-fieldend|move: Trick Room\n|upkeep\n|turn|11\n|\n|t:|1697676978\n|-terastallize|p2b: Kingambit|Dark\n|move|p1b: Toxtricity|Thunderbolt|p2b: Kingambit\n|-damage|p2b: Kingambit|0 fnt\n|faint|p2b: Kingambit\n|-end|p2b: Kingambit|fallen4|[silent]\n|move|p2a: Roaring Moon|Rock Slide|p1b: Toxtricity|[spread] p1a,p1b\n|-damage|p1a: Appletun|4\/100\n|-damage|p1b: Toxtricity|0 fnt\n|faint|p1b: Toxtricity\n|cant|p1a: Appletun|flinch\n|\n|upkeep\n|turn|12\n|c|\u2606majner|fuck this shit\n|\n|t:|1697676994\n|move|p2a: Roaring Moon|Dragon Claw|p1a: Appletun\n|-supereffective|p1a: Appletun\n|-damage|p1a: Appletun|0 fnt\n|faint|p1a: Appletun\n|\n|win|Hdue scd\n|raw|majner's rating: 1133 &rarr; <strong>1101<\/strong><br \/>(-32 for losing)\n|raw|Hdue scd's rating: 1040 &rarr; <strong>1083<\/strong><br \/>(+43 for winning)\n","uploadtime":1697676993,"views":9,"p1id":"majner","p2id":"hduescd","formatid":"gen9doublesou","rating":1083,"private":0,"password":""}