{"id":"gen9doublesou-1969874500","p1":"Ugalar","p2":"BlackLeague","format":"[Gen 9] Doubles OU","log":"|j|\u2606Ugalar\n|j|\u2606BlackLeague\n|t:|1697572192\n|gametype|doubles\n|player|p1|Ugalar|harlequin|1517\n|player|p2|BlackLeague|170|1562\n|teamsize|p1|6\n|teamsize|p2|6\n|gen|9\n|tier|[Gen 9] Doubles OU\n|rated|\n|rule|Species Clause: Limit one of each Pok\u00e9mon\n|rule|OHKO Clause: OHKO moves are banned\n|rule|Evasion Moves Clause: Evasion moves are banned\n|rule|Gravity Sleep Clause: The combination of sleep-inducing moves with imperfect accuracy and Gravity or Gigantamax Orbeetle are banned\n|rule|Endless Battle Clause: Forcing endless battles is banned\n|rule|HP Percentage Mod: HP is shown in percentages\n|clearpoke\n|poke|p1|Ursaluna-Bloodmoon, M|\n|poke|p1|Amoonguss, F|\n|poke|p1|Iron Hands|\n|poke|p1|Cresselia, F|\n|poke|p1|Chi-Yu|\n|poke|p1|Flutter Mane|\n|poke|p2|Scizor, M|\n|poke|p2|Abomasnow, F|\n|poke|p2|Chimecho, F|\n|poke|p2|Chandelure, M|\n|poke|p2|Ursaluna, M|\n|poke|p2|Palafin, M|\n|teampreview\n|\n|t:|1697572201\n|start\n|switch|p1a: Ursaluna|Ursaluna-Bloodmoon, M|100\/100\n|switch|p1b: Cresselia|Cresselia, F|100\/100\n|switch|p2a: Ursaluna|Ursaluna, M|100\/100\n|switch|p2b: Chandelure|Chandelure, M|100\/100\n|turn|1\n|\n|t:|1697572214\n|-terastallize|p2b: Chandelure|Bug\n|-terastallize|p1a: Ursaluna|Normal\n|move|p2a: Ursaluna|Protect|p2a: Ursaluna\n|-singleturn|p2a: Ursaluna|Protect\n|move|p2b: Chandelure|Shadow Ball|p1b: Cresselia\n|-supereffective|p1b: Cresselia\n|-damage|p1b: Cresselia|63\/100\n|-unboost|p1b: Cresselia|spd|1\n|move|p1a: Ursaluna|Hyper Voice|p2a: Ursaluna|[spread] p2b\n|-activate|p2a: Ursaluna|move: Protect\n|-damage|p2b: Chandelure|43\/100\n|-enditem|p1a: Ursaluna|Throat Spray\n|-boost|p1a: Ursaluna|spa|1|[from] item: Throat Spray\n|move|p1b: Cresselia|Trick Room|p1b: Cresselia\n|-fieldstart|move: Trick Room|[of] p1b: Cresselia\n|\n|-status|p2a: Ursaluna|brn|[from] item: Flame Orb\n|upkeep\n|turn|2\n|\n|t:|1697572255\n|move|p1b: Cresselia|Ally Switch|p1b: Cresselia\n|swap|p1b: Cresselia|0|[from] move: Ally Switch\n|move|p2a: Ursaluna|Facade|p1a: Cresselia\n|-damage|p1a: Cresselia|0 fnt\n|faint|p1a: Cresselia\n|move|p1b: Ursaluna|Hyper Voice|p2a: Ursaluna|[spread] p2a,p2b\n|-damage|p2a: Ursaluna|39\/100 brn\n|-damage|p2b: Chandelure|0 fnt\n|faint|p2b: Chandelure\n|\n|-damage|p2a: Ursaluna|33\/100 brn|[from] brn\n|upkeep\n|\n|t:|1697572268\n|switch|p2b: Palafin|Palafin, M|100\/100\n|switch|p1a: Iron Hands|Iron Hands|100\/100\n|turn|3\n|\n|t:|1697572278\n|detailschange|p2b: Palafin|Palafin-Hero, M\n|switch|p2b: Abomasnow|Abomasnow, F|100\/100\n|-weather|Snow|[from] ability: Snow Warning|[of] p2b: Abomasnow\n|move|p2a: Ursaluna|Protect|p2a: Ursaluna\n|-singleturn|p2a: Ursaluna|Protect\n|move|p1b: Ursaluna|Protect|p1b: Ursaluna\n|-singleturn|p1b: Ursaluna|Protect\n|move|p1a: Iron Hands|Drain Punch|p2a: Ursaluna\n|-activate|p2a: Ursaluna|move: Protect\n|\n|-weather|Snow|[upkeep]\n|-damage|p2a: Ursaluna|27\/100 brn|[from] brn\n|upkeep\n|turn|4\n|\n|t:|1697572297\n|move|p2a: Ursaluna|Earthquake|p1b: Ursaluna|[spread] p2b,p1a,p1b\n|-resisted|p2b: Abomasnow\n|-supereffective|p1a: Iron Hands\n|-damage|p2b: Abomasnow|76\/100\n|-damage|p1a: Iron Hands|16\/100\n|-damage|p1b: Ursaluna|63\/100\n|move|p1b: Ursaluna|Hyper Voice|p2b: Abomasnow|[spread] p2a,p2b\n|-damage|p2a: Ursaluna|0 fnt\n|-damage|p2b: Abomasnow|0 fnt\n|faint|p2a: Ursaluna\n|faint|p2b: Abomasnow\n|move|p1a: Iron Hands|Drain Punch|p2: Ursaluna|[notarget]\n|-fail|p1a: Iron Hands\n|\n|-weather|Snow|[upkeep]\n|upkeep\n|\n|t:|1697572305\n|switch|p2a: Palafin|Palafin-Hero, M|100\/100\n|switch|p2b: Scizor|Scizor, M|100\/100\n|-activate|p2a: Palafin|ability: Zero to Hero\n|turn|5\n|\n|t:|1697572317\n|move|p2b: Scizor|Bullet Punch|p1a: Iron Hands\n|-resisted|p1a: Iron Hands\n|-damage|p1a: Iron Hands|3\/100\n|move|p1b: Ursaluna|Hyper Voice|p2a: Palafin|[spread] p2a,p2b\n|-resisted|p2b: Scizor\n|-damage|p2a: Palafin|53\/100\n|-damage|p2b: Scizor|55\/100\n|move|p1a: Iron Hands|Drain Punch|p2b: Scizor\n|-damage|p2b: Scizor|9\/100\n|-heal|p1a: Iron Hands|18\/100|[from] drain|[of] p2b: Scizor\n|move|p2a: Palafin|Drain Punch|p1b: Ursaluna\n|-supereffective|p1b: Ursaluna\n|-damage|p1b: Ursaluna|23\/100\n|-heal|p2a: Palafin|73\/100|[from] drain|[of] p1b: Ursaluna\n|\n|-weather|Snow|[upkeep]\n|-fieldend|move: Trick Room\n|upkeep\n|turn|6\n|\n|t:|1697572336\n|move|p1b: Ursaluna|Protect|p1b: Ursaluna\n|-singleturn|p1b: Ursaluna|Protect\n|move|p2a: Palafin|Drain Punch|p1b: Ursaluna\n|-activate|p1b: Ursaluna|move: Protect\n|move|p2b: Scizor|Dual Wingbeat|p1a: Iron Hands\n|-crit|p1a: Iron Hands\n|-damage|p1a: Iron Hands|0 fnt\n|faint|p1a: Iron Hands\n|-end|p1a: Iron Hands|Quark Drive|[silent]\n|-hitcount|p1: Iron Hands|1\n|\n|-weather|Snow|[upkeep]\n|upkeep\n|\n|t:|1697572355\n|switch|p1a: Flutter Mane|Flutter Mane|100\/100\n|-enditem|p1a: Flutter Mane|Booster Energy\n|-activate|p1a: Flutter Mane|ability: Protosynthesis|[fromitem]\n|-start|p1a: Flutter Mane|protosynthesisspe\n|turn|7\n|inactive|Battle timer is ON: inactive players will automatically lose when time's up. (requested by BlackLeague)\n|\n|t:|1697572368\n|move|p1a: Flutter Mane|Protect|p1a: Flutter Mane\n|-singleturn|p1a: Flutter Mane|Protect\n|move|p2b: Scizor|Bullet Punch|p1a: Flutter Mane\n|-activate|p1a: Flutter Mane|move: Protect\n|move|p2a: Palafin|Drain Punch|p1b: Ursaluna\n|-supereffective|p1b: Ursaluna\n|-damage|p1b: Ursaluna|0 fnt\n|-heal|p2a: Palafin|84\/100|[from] drain|[of] p1b: Ursaluna\n|faint|p1b: Ursaluna\n|\n|-weather|none\n|upkeep\n|\n|t:|1697572371\n|switch|p1b: Chi-Yu|Chi-Yu|100\/100\n|-ability|p1b: Chi-Yu|Beads of Ruin\n|turn|8\n|\n|t:|1697572377\n|move|p2a: Palafin|Jet Punch|p1b: Chi-Yu\n|-supereffective|p1b: Chi-Yu\n|-damage|p1b: Chi-Yu|0 fnt\n|faint|p1b: Chi-Yu\n|move|p2b: Scizor|Bullet Punch|p1a: Flutter Mane\n|-supereffective|p1a: Flutter Mane\n|-damage|p1a: Flutter Mane|0 fnt\n|faint|p1a: Flutter Mane\n|-end|p1a: Flutter Mane|Protosynthesis|[silent]\n|\n|upkeep\n|c|\u2606BlackLeague|gg\n|-message|Ugalar forfeited.\n|\n|win|BlackLeague\n|raw|Ugalar's rating: 1517 &rarr; <strong>1500<\/strong><br \/>(-17 for losing)\n|raw|BlackLeague's rating: 1562 &rarr; <strong>1579<\/strong><br \/>(+17 for winning)\n|l|\u2606Ugalar\n|j|\u2606Ugalar\n|player|p1|Ugalar|harlequin\n","uploadtime":1697572389,"views":18,"p1id":"ugalar","p2id":"blackleague","formatid":"gen9doublesou","rating":1500,"private":0,"password":""}