{"id":"gen9doublesou-1977054200","p1":"HanJan","p2":"TrainerDylan24","format":"[Gen 9] Doubles OU","log":"|j|\u2606HanJan\n|j|\u2606TrainerDylan24\n|t:|1698366379\n|gametype|doubles\n|player|p1|HanJan|janitor|1331\n|player|p2|TrainerDylan24|swimmerf|1285\n|teamsize|p1|6\n|teamsize|p2|6\n|gen|9\n|tier|[Gen 9] Doubles OU\n|rated|\n|rule|Species Clause: Limit one of each Pok\u00e9mon\n|rule|OHKO Clause: OHKO moves are banned\n|rule|Evasion Moves Clause: Evasion moves are banned\n|rule|Gravity Sleep Clause: The combination of sleep-inducing moves with imperfect accuracy and Gravity or Gigantamax Orbeetle are banned\n|rule|Endless Battle Clause: Forcing endless battles is banned\n|rule|HP Percentage Mod: HP is shown in percentages\n|clearpoke\n|poke|p1|Dipplin, M|\n|poke|p1|Ninetales, M|\n|poke|p1|Sinistcha-Masterpiece|\n|poke|p1|Ursaluna-Bloodmoon, M|\n|poke|p1|Illumise, F|\n|poke|p1|Crawdaunt, M|\n|poke|p2|Typhlosion-Hisui, F|\n|poke|p2|Decidueye-Hisui, M|\n|poke|p2|Kilowattrel, F|\n|poke|p2|Mimikyu, F|\n|poke|p2|Overqwil, M|\n|poke|p2|Slowbro, M|\n|teampreview\n|inactive|Battle timer is ON: inactive players will automatically lose when time's up. (requested by HanJan)\n|\n|t:|1698366418\n|start\n|switch|p1a: Ninetales|Ninetales, M|100\/100\n|switch|p1b: Dipplin|Dipplin, M|100\/100\n|switch|p2a: Typhlosion|Typhlosion-Hisui, F|100\/100\n|switch|p2b: Overqwil|Overqwil, M|100\/100\n|-weather|SunnyDay|[from] ability: Drought|[of] p1a: Ninetales\n|-item|p1a: Ninetales|Wide Lens|[from] ability: Frisk|[of] p2a: Typhlosion|[identify]\n|-item|p1b: Dipplin|Eviolite|[from] ability: Frisk|[of] p2a: Typhlosion|[identify]\n|-ability|p2b: Overqwil|Intimidate|boost\n|-unboost|p1a: Ninetales|atk|1\n|-unboost|p1b: Dipplin|atk|1\n|-ability|p1b: Dipplin|Supersweet Syrup\n|-ability|p1b: Dipplin|Supersweet Syrup|boost\n|-unboost|p2a: Typhlosion|evasion|1\n|-unboost|p2b: Overqwil|evasion|1\n|turn|1\n|\n|t:|1698366441\n|-terastallize|p1b: Dipplin|Fire\n|move|p1a: Ninetales|Hypnosis|p2b: Overqwil\n|-status|p2b: Overqwil|slp|[from] move: Hypnosis\n|move|p2a: Typhlosion|Eruption|p1b: Dipplin|[spread] p1a,p1b\n|-resisted|p1a: Ninetales\n|-resisted|p1b: Dipplin\n|-damage|p1a: Ninetales|51\/100\n|-damage|p1b: Dipplin|69\/100\n|cant|p2b: Overqwil|slp\n|move|p1b: Dipplin|Growth|p1b: Dipplin\n|-boost|p1b: Dipplin|atk|2\n|-boost|p1b: Dipplin|spa|2\n|\n|-weather|SunnyDay|[upkeep]\n|upkeep\n|turn|2\n|\n|t:|1698366467\n|move|p1a: Ninetales|Snarl|p2a: Typhlosion|[spread] p2a,p2b\n|-supereffective|p2a: Typhlosion\n|-resisted|p2b: Overqwil\n|-crit|p2b: Overqwil\n|-damage|p2a: Typhlosion|73\/100\n|-damage|p2b: Overqwil|91\/100 slp\n|-unboost|p2a: Typhlosion|spa|1\n|-unboost|p2b: Overqwil|spa|1\n|move|p2a: Typhlosion|Shadow Ball|p1b: Dipplin\n|-damage|p1b: Dipplin|49\/100\n|cant|p2b: Overqwil|slp\n|move|p1b: Dipplin|Growth|p1b: Dipplin\n|-boost|p1b: Dipplin|atk|2\n|-boost|p1b: Dipplin|spa|2\n|\n|-weather|SunnyDay|[upkeep]\n|-heal|p2b: Overqwil|97\/100 slp|[from] item: Black Sludge\n|upkeep\n|turn|3\n|inactive|TrainerDylan24 has 120 seconds left.\n|\n|t:|1698366499\n|move|p1a: Ninetales|Snarl|p2a: Typhlosion|[spread] p2a,p2b\n|-supereffective|p2a: Typhlosion\n|-resisted|p2b: Overqwil\n|-damage|p2a: Typhlosion|42\/100\n|-damage|p2b: Overqwil|92\/100 slp\n|-unboost|p2a: Typhlosion|spa|1\n|-unboost|p2b: Overqwil|spa|1\n|move|p2a: Typhlosion|Heat Wave|p1b: Dipplin|[spread] p1a,p1b\n|-resisted|p1a: Ninetales\n|-resisted|p1b: Dipplin\n|-damage|p1a: Ninetales|36\/100\n|-damage|p1b: Dipplin|39\/100\n|-curestatus|p2b: Overqwil|slp|[msg]\n|move|p2b: Overqwil|Crunch|p1a: Ninetales\n|-damage|p1a: Ninetales|0 fnt\n|faint|p1a: Ninetales\n|move|p1b: Dipplin|Tera Blast|p2a: Typhlosion|[anim] Tera Blast Fire\n|-resisted|p2a: Typhlosion\n|-damage|p2a: Typhlosion|0 fnt\n|faint|p2a: Typhlosion\n|\n|-weather|SunnyDay|[upkeep]\n|-heal|p2b: Overqwil|98\/100|[from] item: Black Sludge\n|upkeep\n|inactive|TrainerDylan24 has 120 seconds left.\n|c|\u2606HanJan|likeur team\n|\n|t:|1698366543\n|switch|p1a: Sinistcha|Sinistcha-Masterpiece|100\/100\n|switch|p2a: Kilowattrel|Kilowattrel, F|100\/100\n|-heal|p1b: Dipplin|64\/100|[from] ability: Hospitality|[of] p1a: Sinistcha\n|turn|4\n|inactive|TrainerDylan24 has 120 seconds left.\n|\n|t:|1698366560\n|move|p2a: Kilowattrel|Air Slash|p1b: Dipplin\n|-damage|p1b: Dipplin|38\/100\n|move|p2b: Overqwil|Crunch|p1a: Sinistcha\n|-supereffective|p1a: Sinistcha\n|-damage|p1a: Sinistcha|20\/100\n|move|p1a: Sinistcha|Matcha Gotcha|p2b: Overqwil|[spread] p2a,p2b\n|-resisted|p2a: Kilowattrel\n|-crit|p2a: Kilowattrel\n|-resisted|p2b: Overqwil\n|-damage|p2a: Kilowattrel|57\/100\n|-heal|p1a: Sinistcha|38\/100|[from] drain|[of] p2a: Kilowattrel\n|-damage|p2b: Overqwil|81\/100\n|-heal|p1a: Sinistcha|46\/100|[from] drain|[of] p2b: Overqwil\n|-status|p2b: Overqwil|brn\n|move|p1b: Dipplin|Tera Blast|p2a: Kilowattrel|[anim] Tera Blast Fire\n|-damage|p2a: Kilowattrel|0 fnt\n|faint|p2a: Kilowattrel\n|\n|-weather|SunnyDay|[upkeep]\n|-heal|p2b: Overqwil|87\/100 brn|[from] item: Black Sludge\n|-heal|p1a: Sinistcha|52\/100|[from] item: Leftovers\n|-damage|p2b: Overqwil|81\/100 brn|[from] brn\n|upkeep\n|inactive|TrainerDylan24 has 120 seconds left.\n|\n|t:|1698366585\n|switch|p2a: Decidueye|Decidueye-Hisui, M|100\/100\n|turn|5\n|\n|t:|1698366613\n|move|p2a: Decidueye|Triple Arrows|p1b: Dipplin\n|-damage|p1b: Dipplin|12\/100\n|-damage|p2a: Decidueye|91\/100|[from] item: Life Orb\n|move|p2b: Overqwil|Barb Barrage|p1b: Dipplin\n|-damage|p1b: Dipplin|5\/100\n|move|p1a: Sinistcha|Strength Sap|p2a: Decidueye\n|-unboost|p2a: Decidueye|atk|1\n|-heal|p1a: Sinistcha|100\/100\n|move|p1b: Dipplin|Tera Blast|p2b: Overqwil|[anim] Tera Blast Fire\n|-damage|p2b: Overqwil|0 fnt\n|faint|p2b: Overqwil\n|\n|-weather|none\n|upkeep\n|\n|t:|1698366623\n|switch|p2b: Mimikyu|Mimikyu, F|100\/100\n|turn|6\n|\n|t:|1698366634\n|move|p2a: Decidueye|Sucker Punch|p1b: Dipplin\n|-damage|p1b: Dipplin|0 fnt\n|faint|p1b: Dipplin\n|-damage|p2a: Decidueye|81\/100|[from] item: Life Orb\n|move|p2b: Mimikyu|Swords Dance|p2b: Mimikyu\n|-boost|p2b: Mimikyu|atk|2\n|move|p1a: Sinistcha|Matcha Gotcha|p2b: Mimikyu|[spread] p2a,p2b\n|-resisted|p2a: Decidueye\n|-damage|p2a: Decidueye|62\/100\n|-activate|p2b: Mimikyu|ability: Disguise\n|-damage|p2b: Mimikyu|100\/100\n|detailschange|p2b: Mimikyu|Mimikyu-Busted, F\n|-damage|p2b: Mimikyu|88\/100|[from] pokemon: Mimikyu-Busted\n|\n|upkeep\n|\n|t:|1698366648\n|switch|p1b: Crawdaunt|Crawdaunt, M|100\/100\n|turn|7\n|\n|t:|1698366663\n|move|p1b: Crawdaunt|Aqua Jet|p2b: Mimikyu\n|-damage|p2b: Mimikyu|11\/100\n|move|p2b: Mimikyu|Shadow Claw|p1a: Sinistcha\n|-supereffective|p1a: Sinistcha\n|-damage|p1a: Sinistcha|0 fnt\n|faint|p1a: Sinistcha\n|move|p2a: Decidueye|Leaf Blade|p1b: Crawdaunt\n|-supereffective|p1b: Crawdaunt\n|-damage|p1b: Crawdaunt|7\/100\n|-damage|p2a: Decidueye|52\/100|[from] item: Life Orb\n|\n|upkeep\n|\n|t:|1698366678\n|switch|p1a: Ursaluna|Ursaluna-Bloodmoon, M|100\/100\n|turn|8\n|inactive|TrainerDylan24 has 120 seconds left.\n|\n|t:|1698366734\n|move|p1a: Ursaluna|Protect|p1a: Ursaluna\n|-singleturn|p1a: Ursaluna|Protect\n|move|p2b: Mimikyu|Shadow Sneak|p1b: Crawdaunt\n|-resisted|p1b: Crawdaunt\n|-damage|p1b: Crawdaunt|0 fnt\n|faint|p1b: Crawdaunt\n|move|p2a: Decidueye|Triple Arrows|p1a: Ursaluna\n|-activate|p1a: Ursaluna|move: Protect\n|\n|upkeep\n|\n|t:|1698366759\n|switch|p1b: Illumise|Illumise, F|100\/100\n|turn|9\n|inactive|TrainerDylan24 has 120 seconds left.\n|inactive|HanJan has 120 seconds left.\n|\n|t:|1698366808\n|switch|p2a: Slowbro|Slowbro, M|100\/100\n|move|p2b: Mimikyu|Shadow Claw|p1b: Illumise\n|-crit|p1b: Illumise\n|-damage|p1b: Illumise|0 fnt\n|faint|p1b: Illumise\n|move|p1a: Ursaluna|Hyper Voice|p2a: Slowbro|[spread] p2a,p2b\n|-crit|p2b: Mimikyu\n|-damage|p2a: Slowbro|65\/100\n|-damage|p2b: Mimikyu|0 fnt\n|faint|p2b: Mimikyu\n|\n|-heal|p2a: Slowbro|71\/100|[from] item: Leftovers\n|upkeep\n|\n|t:|1698366817\n|switch|p2b: Decidueye|Decidueye-Hisui, M|52\/100\n|turn|10\n|\n|t:|1698366828\n|-terastallize|p2b: Decidueye|Grass\n|move|p2b: Decidueye|Leaf Blade|p1a: Ursaluna\n|-supereffective|p1a: Ursaluna\n|-damage|p1a: Ursaluna|3\/100\n|-enditem|p1a: Ursaluna|Weakness Policy\n|-boost|p1a: Ursaluna|atk|2|[from] item: Weakness Policy\n|-boost|p1a: Ursaluna|spa|2|[from] item: Weakness Policy\n|-damage|p2b: Decidueye|43\/100|[from] item: Life Orb\n|move|p1a: Ursaluna|Hyper Voice|p2a: Slowbro|[spread] p2a,p2b\n|-damage|p2a: Slowbro|2\/100\n|-damage|p2b: Decidueye|0 fnt\n|faint|p2b: Decidueye\n|move|p2a: Slowbro|Scald|p1a: Ursaluna\n|-supereffective|p1a: Ursaluna\n|-damage|p1a: Ursaluna|0 fnt\n|faint|p1a: Ursaluna\n|\n|win|TrainerDylan24\n|raw|HanJan's rating: 1331 &rarr; <strong>1308<\/strong><br \/>(-23 for losing)\n|raw|TrainerDylan24's rating: 1285 &rarr; <strong>1313<\/strong><br \/>(+28 for winning)\n|c|\u2606HanJan|gg\n","uploadtime":1698366847,"views":14,"p1id":"hanjan","p2id":"trainerdylan24","formatid":"gen9doublesou","rating":1308,"private":0,"password":""}