{"id":"gen9doublesou-1987703807","p1":"cotesmcgotes","p2":"mikeyuwu","format":"[Gen 9] Doubles OU","log":"|j|\u2606cotesmcgotes\n|j|\u2606mikeyuwu\n|t:|1699629261\n|gametype|doubles\n|player|p1|cotesmcgotes|flannery|1344\n|player|p2|mikeyuwu|psychic-gen4|1297\n|teamsize|p1|6\n|teamsize|p2|6\n|gen|9\n|tier|[Gen 9] Doubles OU\n|rated|\n|rule|Species Clause: Limit one of each Pok\u00e9mon\n|rule|OHKO Clause: OHKO moves are banned\n|rule|Evasion Moves Clause: Evasion moves are banned\n|rule|Gravity Sleep Clause: The combination of sleep-inducing moves with imperfect accuracy and Gravity or Gigantamax Orbeetle are banned\n|rule|Endless Battle Clause: Forcing endless battles is banned\n|rule|HP Percentage Mod: HP is shown in percentages\n|clearpoke\n|poke|p1|Cresselia, F|\n|poke|p1|Overqwil, M|\n|poke|p1|Tornadus, M|\n|poke|p1|Palafin, M|\n|poke|p1|Flutter Mane|\n|poke|p1|Amoonguss, F|\n|poke|p2|Garchomp, M|\n|poke|p2|Tyranitar, F|\n|poke|p2|Vaporeon, F|\n|poke|p2|Toxicroak, M|\n|poke|p2|Pelipper, F|\n|poke|p2|Abomasnow, M|\n|teampreview\n|\n|t:|1699629274\n|start\n|switch|p1a: Tornadus|Tornadus, M, shiny|100\/100\n|switch|p1b: Palafin|Palafin, M|100\/100\n|switch|p2a: OTLHPM|Toxicroak, M|100\/100\n|switch|p2b: Harmacy|Vaporeon, F|100\/100\n|turn|1\n|\n|t:|1699629288\n|detailschange|p1b: Palafin|Palafin-Hero, M\n|switch|p1b: Amoonguss|Amoonguss, F, shiny|100\/100\n|move|p1a: Tornadus|Tailwind|p1a: Tornadus\n|-sidestart|p1: cotesmcgotes|move: Tailwind\n|move|p2a: OTLHPM|Poison Jab|p1a: Tornadus\n|-damage|p1a: Tornadus|54\/100\n|-status|p1a: Tornadus|psn\n|move|p2b: Harmacy|Icy Wind|p1a: Tornadus|[spread] p1a,p1b\n|-supereffective|p1a: Tornadus\n|-supereffective|p1b: Amoonguss\n|-damage|p1a: Tornadus|38\/100 psn\n|-damage|p1b: Amoonguss|81\/100\n|-unboost|p1a: Tornadus|spe|1\n|-unboost|p1b: Amoonguss|spe|1\n|\n|-damage|p1a: Tornadus|26\/100 psn|[from] psn\n|upkeep\n|turn|2\n|\n|t:|1699629308\n|switch|p2a: Cold Shoulder|Abomasnow, M, shiny|100\/100\n|-weather|Snow|[from] ability: Snow Warning|[of] p2a: Cold Shoulder\n|move|p1a: Tornadus|Rain Dance|p1a: Tornadus\n|-weather|RainDance\n|move|p2b: Harmacy|Weather Ball|p1b: Amoonguss\n|-resisted|p1b: Amoonguss\n|-damage|p1b: Amoonguss|52\/100\n|move|p1b: Amoonguss|Spore|p2b: Harmacy\n|-status|p2b: Harmacy|slp|[from] move: Spore\n|\n|-weather|RainDance|[upkeep]\n|-activate|p2b: Harmacy|ability: Hydration\n|-curestatus|p2b: Harmacy|slp|[msg]\n|-damage|p1a: Tornadus|13\/100 psn|[from] psn\n|upkeep\n|turn|3\n|\n|t:|1699629328\n|switch|p2b: ThcrThnSnkr|Tyranitar, F|100\/100\n|-weather|Sandstorm|[from] ability: Sand Stream|[of] p2b: ThcrThnSnkr\n|move|p1a: Tornadus|Bleakwind Storm|p2a: Cold Shoulder|[spread] p2a,p2b\n|-supereffective|p2a: Cold Shoulder\n|-resisted|p2b: ThcrThnSnkr\n|-damage|p2a: Cold Shoulder|26\/100\n|-damage|p2b: ThcrThnSnkr|96\/100\n|move|p2a: Cold Shoulder|Blizzard|p1b: Amoonguss|[spread] p1a,p1b\n|-supereffective|p1a: Tornadus\n|-supereffective|p1b: Amoonguss\n|-damage|p1a: Tornadus|0 fnt\n|-damage|p1b: Amoonguss|0 fnt\n|faint|p1a: Tornadus\n|faint|p1b: Amoonguss\n|\n|-weather|Sandstorm|[upkeep]\n|-damage|p2a: Cold Shoulder|20\/100|[from] Sandstorm\n|upkeep\n|\n|t:|1699629348\n|switch|p1a: Palafin|Palafin-Hero, M|100\/100\n|switch|p1b: Flutter Mane|Flutter Mane|100\/100\n|-activate|p1a: Palafin|ability: Zero to Hero\n|turn|4\n|\n|t:|1699629363\n|switch|p2a: Weather War|Pelipper, F|100\/100\n|-weather|RainDance|[from] ability: Drizzle|[of] p2a: Weather War\n|switch|p2b: OTLHPM|Toxicroak, M|100\/100\n|move|p1b: Flutter Mane|Mystical Fire|p2a: Weather War\n|-resisted|p2a: Weather War\n|-damage|p2a: Weather War|92\/100\n|-unboost|p2a: Weather War|spa|1\n|move|p1a: Palafin|Drain Punch|p2b: OTLHPM\n|-resisted|p2b: OTLHPM\n|-damage|p2b: OTLHPM|79\/100\n|\n|-weather|RainDance|[upkeep]\n|-heal|p2b: OTLHPM|91\/100|[from] ability: Dry Skin\n|-heal|p2b: OTLHPM|98\/100|[from] item: Black Sludge\n|-sideend|p1: cotesmcgotes|move: Tailwind\n|upkeep\n|turn|5\n|j| Paternalist\n|\n|t:|1699629391\n|move|p1b: Flutter Mane|Dazzling Gleam|p2b: OTLHPM|[spread] p2a,p2b\n|-crit|p2b: OTLHPM\n|-damage|p2a: Weather War|47\/100\n|-damage|p2b: OTLHPM|35\/100\n|move|p1a: Palafin|Flip Turn|p2a: Weather War\n|-resisted|p2a: Weather War\n|-damage|p2a: Weather War|27\/100\n|l| Paternalist\n|\n|t:|1699629399\n|switch|p1a: Cresselia|Cresselia, F, shiny|100\/100|[from] Flip Turn\n|move|p2b: OTLHPM|Poison Jab|p1b: Flutter Mane\n|-damage|p1b: Flutter Mane|18\/100\n|-status|p1b: Flutter Mane|psn\n|move|p2a: Weather War|Hurricane|p1a: Cresselia\n|-damage|p1a: Cresselia|84\/100\n|-start|p1a: Cresselia|confusion\n|\n|-weather|RainDance|[upkeep]\n|-heal|p2b: OTLHPM|47\/100|[from] ability: Dry Skin\n|-heal|p1a: Cresselia|90\/100|[from] item: Leftovers\n|-heal|p2b: OTLHPM|54\/100|[from] item: Black Sludge\n|-damage|p1b: Flutter Mane|5\/100 psn|[from] psn\n|upkeep\n|turn|6\n|\n|t:|1699629428\n|switch|p2b: ThcrThnSnkr|Tyranitar, F|96\/100\n|-weather|Sandstorm|[from] ability: Sand Stream|[of] p2b: ThcrThnSnkr\n|switch|p2a: Harmacy|Vaporeon, F|100\/100\n|move|p1b: Flutter Mane|Dazzling Gleam|p2a: Harmacy|[spread] p2a,p2b\n|-supereffective|p2b: ThcrThnSnkr\n|-damage|p2a: Harmacy|77\/100\n|-damage|p2b: ThcrThnSnkr|76\/100\n|-activate|p1a: Cresselia|confusion\n|-damage|p1a: Cresselia|86\/100|[from] confusion\n|\n|-weather|Sandstorm|[upkeep]\n|-damage|p1b: Flutter Mane|0 fnt|[from] Sandstorm\n|-damage|p1a: Cresselia|80\/100|[from] Sandstorm\n|-damage|p2a: Harmacy|71\/100|[from] Sandstorm\n|faint|p1b: Flutter Mane\n|-end|p1b: Flutter Mane|Protosynthesis|[silent]\n|-heal|p1a: Cresselia|86\/100|[from] item: Leftovers\n|-heal|p2a: Harmacy|77\/100|[from] item: Leftovers\n|upkeep\n|\n|t:|1699629445\n|switch|p1b: Overqwil|Overqwil, M|100\/100\n|turn|7\n|\n|t:|1699629458\n|switch|p2b: OTLHPM|Toxicroak, M|54\/100\n|move|p1b: Overqwil|Acupressure|p1a: Cresselia\n|-boost|p1a: Cresselia|def|2\n|-activate|p1a: Cresselia|confusion\n|move|p1a: Cresselia|Calm Mind|p1a: Cresselia\n|-boost|p1a: Cresselia|spa|1\n|-boost|p1a: Cresselia|spd|1\n|move|p2a: Harmacy|Wish|p2a: Harmacy\n|\n|-weather|Sandstorm|[upkeep]\n|-damage|p1b: Overqwil|94\/100|[from] Sandstorm\n|-damage|p1a: Cresselia|80\/100|[from] Sandstorm\n|-damage|p2b: OTLHPM|47\/100|[from] Sandstorm\n|-damage|p2a: Harmacy|71\/100|[from] Sandstorm\n|-heal|p1b: Overqwil|100\/100|[from] item: Black Sludge\n|-heal|p2b: OTLHPM|54\/100|[from] item: Black Sludge\n|-heal|p1a: Cresselia|86\/100|[from] item: Leftovers\n|-heal|p2a: Harmacy|77\/100|[from] item: Leftovers\n|upkeep\n|turn|8\n|\n|t:|1699629482\n|switch|p2b: Weather War|Pelipper, F|27\/100\n|-weather|RainDance|[from] ability: Drizzle|[of] p2b: Weather War\n|move|p1b: Overqwil|Acupressure|p1a: Cresselia\n|-boost|p1a: Cresselia|spd|2\n|-activate|p1a: Cresselia|confusion\n|move|p1a: Cresselia|Stored Power|p2b: Weather War\n|-damage|p2b: Weather War|0 fnt\n|faint|p2b: Weather War\n|move|p2a: Harmacy|Copycat|p2a: Harmacy\n|move|p2a: Harmacy|Stored Power|p1a: Cresselia|[from]move: Copycat\n|-resisted|p1a: Cresselia\n|-damage|p1a: Cresselia|85\/100\n|\n|-weather|RainDance|[upkeep]\n|-heal|p2a: Harmacy|100\/100|[from] move: Wish|[wisher] Harmacy\n|-heal|p1a: Cresselia|91\/100|[from] item: Leftovers\n|upkeep\n|\n|t:|1699629494\n|switch|p2b: ThcrThnSnkr|Tyranitar, F|76\/100\n|-weather|Sandstorm|[from] ability: Sand Stream|[of] p2b: ThcrThnSnkr\n|turn|9\n|\n|t:|1699629503\n|-terastallize|p1a: Cresselia|Electric\n|move|p1b: Overqwil|Acupressure|p1a: Cresselia\n|-boost|p1a: Cresselia|spe|2\n|-activate|p1a: Cresselia|confusion\n|-damage|p1a: Cresselia|89\/100|[from] confusion\n|move|p2b: ThcrThnSnkr|Knock Off|p1a: Cresselia\n|-damage|p1a: Cresselia|73\/100\n|-enditem|p1a: Cresselia|Leftovers|[from] move: Knock Off|[of] p2b: ThcrThnSnkr\n|move|p2a: Harmacy|Copycat|p2a: Harmacy\n|move|p2a: Harmacy|Knock Off|p1b: Overqwil|[from]move: Copycat\n|-resisted|p1b: Overqwil\n|-damage|p1b: Overqwil|92\/100\n|-enditem|p1b: Overqwil|Black Sludge|[from] move: Knock Off|[of] p2a: Harmacy\n|\n|-weather|Sandstorm|[upkeep]\n|-damage|p1a: Cresselia|67\/100|[from] Sandstorm\n|-damage|p1b: Overqwil|86\/100|[from] Sandstorm\n|-damage|p2a: Harmacy|94\/100|[from] Sandstorm\n|-heal|p2a: Harmacy|100\/100|[from] item: Leftovers\n|upkeep\n|turn|10\n|\n|t:|1699629525\n|-end|p1a: Cresselia|confusion\n|move|p1a: Cresselia|Stored Power|p2a: Harmacy\n|-damage|p2a: Harmacy|16\/100\n|move|p1b: Overqwil|Acupressure|p1a: Cresselia\n|-boost|p1a: Cresselia|spd|2\n|move|p2b: ThcrThnSnkr|Rock Slide|p1b: Overqwil|[spread] p1a,p1b\n|-damage|p1a: Cresselia|59\/100\n|-damage|p1b: Overqwil|59\/100\n|move|p2a: Harmacy|Icy Wind|p1b: Overqwil|[spread] p1a,p1b\n|-damage|p1a: Cresselia|57\/100\n|-damage|p1b: Overqwil|42\/100\n|-unboost|p1a: Cresselia|spe|1\n|-unboost|p1b: Overqwil|spe|1\n|\n|-weather|Sandstorm|[upkeep]\n|-damage|p1a: Cresselia|50\/100|[from] Sandstorm\n|-damage|p1b: Overqwil|36\/100|[from] Sandstorm\n|-damage|p2a: Harmacy|10\/100|[from] Sandstorm\n|-heal|p2a: Harmacy|16\/100|[from] item: Leftovers\n|upkeep\n|turn|11\n|\n|t:|1699629544\n|switch|p2a: Extra Spicy|Garchomp, M|100\/100\n|move|p1a: Cresselia|Moonblast|p2b: ThcrThnSnkr\n|-supereffective|p2b: ThcrThnSnkr\n|-damage|p2b: ThcrThnSnkr|54\/100\n|-unboost|p2b: ThcrThnSnkr|spa|1\n|move|p1b: Overqwil|Fell Stinger|p2a: Extra Spicy\n|-damage|p2a: Extra Spicy|90\/100\n|-damage|p1b: Overqwil|24\/100|[from] ability: Rough Skin|[of] p2a: Extra Spicy\n|-damage|p1b: Overqwil|7\/100|[from] item: Rocky Helmet|[of] p2a: Extra Spicy\n|move|p2b: ThcrThnSnkr|Rock Slide|p1b: Overqwil|[spread] p1a,p1b\n|-crit|p1a: Cresselia\n|-damage|p1a: Cresselia|25\/100\n|-damage|p1b: Overqwil|0 fnt\n|faint|p1b: Overqwil\n|\n|-weather|Sandstorm|[upkeep]\n|-damage|p1a: Cresselia|19\/100|[from] Sandstorm\n|upkeep\n|\n|t:|1699629557\n|switch|p1b: Palafin|Palafin-Hero, M|100\/100\n|turn|12\n|\n|t:|1699629577\n|switch|p2b: OTLHPM|Toxicroak, M|54\/100\n|move|p1b: Palafin|Drain Punch|p2b: OTLHPM\n|-resisted|p2b: OTLHPM\n|-damage|p2b: OTLHPM|30\/100\n|move|p1a: Cresselia|Stored Power|p2a: Extra Spicy\n|-damage|p2a: Extra Spicy|0 fnt\n|faint|p2a: Extra Spicy\n|\n|-weather|Sandstorm|[upkeep]\n|-damage|p1b: Palafin|94\/100|[from] Sandstorm\n|-damage|p1a: Cresselia|13\/100|[from] Sandstorm\n|-damage|p2b: OTLHPM|24\/100|[from] Sandstorm\n|-heal|p2b: OTLHPM|30\/100|[from] item: Black Sludge\n|upkeep\n|\n|t:|1699629592\n|switch|p2a: Harmacy|Vaporeon, F|16\/100\n|turn|13\n|\n|t:|1699629610\n|-terastallize|p2b: OTLHPM|Dark\n|move|p1b: Palafin|Drain Punch|p2a: Harmacy\n|-damage|p2a: Harmacy|0 fnt\n|-heal|p1b: Palafin|100\/100|[from] drain|[of] p2a: Harmacy\n|faint|p2a: Harmacy\n|move|p1a: Cresselia|Moonblast|p2b: OTLHPM\n|-supereffective|p2b: OTLHPM\n|-damage|p2b: OTLHPM|0 fnt\n|faint|p2b: OTLHPM\n|\n|-weather|none\n|upkeep\n|inactive|Battle timer is ON: inactive players will automatically lose when time's up. (requested by cotesmcgotes)\n|\n|t:|1699629622\n|switch|p2b: ThcrThnSnkr|Tyranitar, F|54\/100\n|switch|p2a: Cold Shoulder|Abomasnow, M, shiny|20\/100\n|-weather|Snow|[from] ability: Snow Warning|[of] p2a: Cold Shoulder\n|-weather|Sandstorm|[from] ability: Sand Stream|[of] p2b: ThcrThnSnkr\n|turn|14\n|\n|t:|1699629645\n|move|p1b: Palafin|Drain Punch|p2b: ThcrThnSnkr\n|-supereffective|p2b: ThcrThnSnkr\n|-damage|p2b: ThcrThnSnkr|0 fnt\n|faint|p2b: ThcrThnSnkr\n|move|p1a: Cresselia|Stored Power|p2a: Cold Shoulder\n|-damage|p2a: Cold Shoulder|0 fnt\n|faint|p2a: Cold Shoulder\n|\n|win|cotesmcgotes\n|raw|cotesmcgotes's rating: 1344 &rarr; <strong>1361<\/strong><br \/>(+17 for winning)\n|raw|mikeyuwu's rating: 1297 &rarr; <strong>1275<\/strong><br \/>(-22 for losing)\n|l|\u2606mikeyuwu\n","uploadtime":1699629655,"views":5,"p1id":"cotesmcgotes","p2id":"mikeyuwu","formatid":"gen9doublesou","rating":1275,"private":0,"password":""}