{"id":"gen9doublesou-1971378029","p1":"switchxclusive","p2":"lolIwatchYT","format":"[Gen 9] Doubles OU","log":"|j|\u2606switchxclusive\n|j|\u2606lolIwatchYT\n|t:|1697733786\n|gametype|doubles\n|player|p1|switchxclusive|1|1358\n|player|p2|lolIwatchYT|102|1300\n|teamsize|p1|6\n|teamsize|p2|6\n|gen|9\n|tier|[Gen 9] Doubles OU\n|rated|\n|rule|Species Clause: Limit one of each Pok\u00e9mon\n|rule|OHKO Clause: OHKO moves are banned\n|rule|Evasion Moves Clause: Evasion moves are banned\n|rule|Gravity Sleep Clause: The combination of sleep-inducing moves with imperfect accuracy and Gravity or Gigantamax Orbeetle are banned\n|rule|Endless Battle Clause: Forcing endless battles is banned\n|rule|HP Percentage Mod: HP is shown in percentages\n|clearpoke\n|poke|p1|Volbeat, M|\n|poke|p1|Clefable, F|\n|poke|p1|Indeedee-F, F|\n|poke|p1|Flamigo, M|\n|poke|p1|Ninetales-Alola, M|\n|poke|p1|Volcanion|\n|poke|p2|Azumarill, F|\n|poke|p2|Arcanine-Hisui, F|\n|poke|p2|Typhlosion-Hisui, M|\n|poke|p2|Gastrodon, M|\n|poke|p2|Tornadus, M|\n|poke|p2|Klefki, M|\n|teampreview\n|\n|t:|1697733800\n|start\n|switch|p1a: Volbeat|Volbeat, M|100\/100\n|switch|p1b: Indeedee|Indeedee-F, F|100\/100\n|switch|p2a: Typhlosion|Typhlosion-Hisui, M|100\/100\n|switch|p2b: Arcanine|Arcanine-Hisui, F|100\/100\n|-item|p1a: Volbeat|Sitrus Berry|[from] ability: Frisk|[of] p2a: Typhlosion|[identify]\n|-item|p1b: Indeedee|Sitrus Berry|[from] ability: Frisk|[of] p2a: Typhlosion|[identify]\n|-ability|p2b: Arcanine|Intimidate|boost\n|-unboost|p1a: Volbeat|atk|1\n|-unboost|p1b: Indeedee|atk|1\n|-item|p2b: Arcanine|Air Balloon\n|-fieldstart|move: Psychic Terrain|[from] ability: Psychic Surge|[of] p1b: Indeedee\n|turn|1\n|\n|t:|1697733830\n|-terastallize|p2a: Typhlosion|Fire\n|-terastallize|p1a: Volbeat|Dark\n|move|p1a: Volbeat|Tailwind|p1a: Volbeat\n|-sidestart|p1: switchxclusive|move: Tailwind\n|move|p1b: Indeedee|Psyshock|p2a: Typhlosion\n|-damage|p2a: Typhlosion|51\/100\n|move|p2a: Typhlosion|Eruption|p1b: Indeedee|[spread] p1a,p1b\n|-damage|p1a: Volbeat|55\/100\n|-damage|p1b: Indeedee|61\/100\n|move|p2b: Arcanine|Flare Blitz|p1a: Volbeat\n|-damage|p1a: Volbeat|0 fnt\n|faint|p1a: Volbeat\n|-damage|p2b: Arcanine|85\/100|[from] Recoil\n|\n|upkeep\n|\n|t:|1697733848\n|switch|p1a: Volcanion|Volcanion|100\/100\n|turn|2\n|\n|t:|1697733868\n|switch|p2a: Gastrodon|Gastrodon, M|100\/100\n|move|p1a: Volcanion|Steam Eruption|p2a: Gastrodon\n|-activate|p2a: Gastrodon|ability: Storm Drain\n|-ability|p2a: Gastrodon|Storm Drain|boost\n|-boost|p2a: Gastrodon|spa|1\n|move|p1b: Indeedee|Psyshock|p2a: Gastrodon\n|-damage|p2a: Gastrodon|64\/100\n|move|p2b: Arcanine|Head Smash|p1a: Volcanion|[miss]\n|-miss|p2b: Arcanine|p1a: Volcanion\n|\n|-heal|p2a: Gastrodon|70\/100|[from] item: Leftovers\n|upkeep\n|turn|3\n|\n|t:|1697733894\n|switch|p1a: Clefable|Clefable, F|100\/100\n|move|p1b: Indeedee|Hyper Voice|p2b: Arcanine|[spread] p2a,p2b\n|-resisted|p2b: Arcanine\n|-damage|p2a: Gastrodon|50\/100\n|-damage|p2b: Arcanine|72\/100\n|-enditem|p2b: Arcanine|Air Balloon\n|move|p2b: Arcanine|Head Smash|p1a: Clefable|[miss]\n|-miss|p2b: Arcanine|p1a: Clefable\n|move|p2a: Gastrodon|Recover|p2a: Gastrodon\n|-heal|p2a: Gastrodon|99\/100\n|\n|-heal|p2a: Gastrodon|100\/100|[from] item: Leftovers\n|upkeep\n|turn|4\n|\n|t:|1697733917\n|switch|p2b: Azumarill|Azumarill, F|100\/100\n|move|p1b: Indeedee|Psyshock|p2b: Azumarill\n|-damage|p2b: Azumarill|68\/100\n|move|p1a: Clefable|Cosmic Power|p1a: Clefable\n|-boost|p1a: Clefable|def|1\n|-boost|p1a: Clefable|spd|1\n|move|p2a: Gastrodon|Muddy Water|p1b: Indeedee|[spread] p1a\n|-miss|p2a: Gastrodon|p1b: Indeedee\n|-damage|p1a: Clefable|80\/100\n|\n|-heal|p1a: Clefable|86\/100|[from] item: Leftovers\n|-sideend|p1: switchxclusive|move: Tailwind\n|upkeep\n|turn|5\n|\n|t:|1697733939\n|move|p1b: Indeedee|Psyshock|p2b: Azumarill\n|-damage|p2b: Azumarill|32\/100\n|-enditem|p2b: Azumarill|Sitrus Berry|[eat]\n|-heal|p2b: Azumarill|57\/100|[from] item: Sitrus Berry\n|move|p1a: Clefable|Cosmic Power|p1a: Clefable\n|-boost|p1a: Clefable|def|1\n|-boost|p1a: Clefable|spd|1\n|move|p2b: Azumarill|Belly Drum|p2b: Azumarill\n|-damage|p2b: Azumarill|7\/100\n|-setboost|p2b: Azumarill|atk|6|[from] move: Belly Drum\n|move|p2a: Gastrodon|Earth Power|p1b: Indeedee\n|-damage|p1b: Indeedee|6\/100\n|-enditem|p1b: Indeedee|Sitrus Berry|[eat]\n|-heal|p1b: Indeedee|31\/100|[from] item: Sitrus Berry\n|\n|-heal|p1a: Clefable|93\/100|[from] item: Leftovers\n|-fieldend|move: Psychic Terrain\n|upkeep\n|turn|6\n|\n|t:|1697733967\n|switch|p1b: Volcanion|Volcanion|100\/100\n|switch|p2a: Tornadus|Tornadus, M|100\/100\n|move|p2b: Azumarill|Aqua Jet|p1a: Clefable\n|-damage|p1a: Clefable|80\/100\n|move|p1a: Clefable|Cosmic Power|p1a: Clefable\n|-boost|p1a: Clefable|def|1\n|-boost|p1a: Clefable|spd|1\n|\n|-heal|p1a: Clefable|86\/100|[from] item: Leftovers\n|upkeep\n|turn|7\n|\n|t:|1697733990\n|switch|p1b: Indeedee|Indeedee-F, F|31\/100\n|-fieldstart|move: Psychic Terrain|[from] ability: Psychic Surge|[of] p1b: Indeedee\n|move|p2a: Tornadus|Taunt|p1a: Clefable\n|-activate|p1a: Clefable|move: Psychic Terrain\n|move|p1a: Clefable|Dazzling Gleam|p2a: Tornadus|[spread] p2a,p2b\n|-damage|p2a: Tornadus|78\/100\n|-damage|p2b: Azumarill|0 fnt\n|faint|p2b: Azumarill\n|\n|-heal|p1a: Clefable|92\/100|[from] item: Leftovers\n|upkeep\n|\n|t:|1697734006\n|switch|p2b: Typhlosion|Typhlosion-Hisui, M, tera:Fire|51\/100\n|-item|p1a: Clefable|Leftovers|[from] ability: Frisk|[of] p2b: Typhlosion|[identify]\n|turn|8\n|\n|t:|1697734023\n|switch|p1b: Volcanion|Volcanion|100\/100\n|move|p2a: Tornadus|Bleakwind Storm|p1b: Volcanion|[spread] p1a,p1b\n|-damage|p1a: Clefable|75\/100\n|-damage|p1b: Volcanion|64\/100\n|-unboost|p1a: Clefable|spe|1\n|move|p1a: Clefable|Cosmic Power|p1a: Clefable\n|-boost|p1a: Clefable|def|1\n|-boost|p1a: Clefable|spd|1\n|move|p2b: Typhlosion|Roar|p1a: Clefable\n|drag|p1a: Indeedee|Indeedee-F, F|31\/100\n|\n|upkeep\n|turn|9\n|\n|t:|1697734053\n|switch|p2b: Gastrodon|Gastrodon, M|100\/100\n|move|p2a: Tornadus|Tailwind|p2a: Tornadus\n|-sidestart|p2: lolIwatchYT|move: Tailwind\n|move|p1b: Volcanion|Earth Power|p2b: Gastrodon\n|-damage|p2b: Gastrodon|71\/100\n|move|p1a: Indeedee|Hyper Voice|p2b: Gastrodon|[spread] p2a,p2b\n|-damage|p2a: Tornadus|53\/100\n|-damage|p2b: Gastrodon|51\/100\n|\n|-heal|p2b: Gastrodon|57\/100|[from] item: Leftovers\n|upkeep\n|turn|10\n|\n|t:|1697734077\n|move|p2a: Tornadus|Bleakwind Storm|p1b: Volcanion|[spread] \n|-miss|p2a: Tornadus|p1a: Indeedee\n|-miss|p2a: Tornadus|p1b: Volcanion\n|move|p2b: Gastrodon|Recover|p2b: Gastrodon\n|-heal|p2b: Gastrodon|100\/100\n|move|p1b: Volcanion|Heat Wave|p2a: Tornadus|[spread] p2a,p2b\n|-crit|p2a: Tornadus\n|-resisted|p2b: Gastrodon\n|-damage|p2a: Tornadus|0 fnt\n|-damage|p2b: Gastrodon|82\/100\n|faint|p2a: Tornadus\n|move|p1a: Indeedee|Heal Pulse|p1b: Volcanion\n|-heal|p1b: Volcanion|100\/100\n|\n|-heal|p2b: Gastrodon|88\/100|[from] item: Leftovers\n|upkeep\n|\n|t:|1697734093\n|switch|p2a: Typhlosion|Typhlosion-Hisui, M, tera:Fire|51\/100\n|-item|p1b: Volcanion|Assault Vest|[from] ability: Frisk|[of] p2a: Typhlosion|[identify]\n|turn|11\n|\n|t:|1697734109\n|switch|p1b: Ninetales|Ninetales-Alola, M|100\/100\n|-weather|Snow|[from] ability: Snow Warning|[of] p1b: Ninetales\n|move|p2a: Typhlosion|Eruption|p1a: Indeedee|[spread] p1a,p1b\n|-supereffective|p1b: Ninetales\n|-damage|p1a: Indeedee|0 fnt\n|-damage|p1b: Ninetales|14\/100\n|faint|p1a: Indeedee\n|move|p2b: Gastrodon|Earth Power|p1b: Ninetales\n|-damage|p1b: Ninetales|0 fnt\n|faint|p1b: Ninetales\n|\n|-weather|Snow|[upkeep]\n|-heal|p2b: Gastrodon|94\/100|[from] item: Leftovers\n|-fieldend|move: Psychic Terrain\n|upkeep\n|\n|t:|1697734134\n|switch|p1b: Clefable|Clefable, F|75\/100\n|switch|p1a: Flamigo|Flamigo, M|100\/100\n|-copyboost|p1a: Flamigo|p1b: Clefable|[from] ability: Costar\n|turn|12\n|\n|t:|1697734146\n|move|p2a: Typhlosion|Eruption|p1b: Clefable|[spread] p1a,p1b\n|-damage|p1a: Flamigo|60\/100\n|-damage|p1b: Clefable|38\/100\n|move|p2b: Gastrodon|Earth Power|p1b: Clefable\n|-damage|p1b: Clefable|0 fnt\n|faint|p1b: Clefable\n|move|p1a: Flamigo|Tailwind|p1a: Flamigo\n|-sidestart|p1: switchxclusive|move: Tailwind\n|\n|-weather|Snow|[upkeep]\n|-heal|p2b: Gastrodon|99\/100|[from] item: Leftovers\n|-sideend|p2: lolIwatchYT|move: Tailwind\n|upkeep\n|\n|t:|1697734160\n|switch|p1b: Volcanion|Volcanion|100\/100\n|turn|13\n|c|\u2606lolIwatchYT|gg\n|\n|t:|1697734185\n|move|p1a: Flamigo|Air Slash|p2b: Gastrodon\n|-damage|p2b: Gastrodon|81\/100\n|move|p1b: Volcanion|Weather Ball|p2b: Gastrodon\n|-damage|p2b: Gastrodon|48\/100\n|move|p2a: Typhlosion|Eruption|p1b: Volcanion|[spread] p1a,p1b\n|-resisted|p1b: Volcanion\n|-damage|p1a: Flamigo|15\/100\n|-damage|p1b: Volcanion|92\/100\n|-enditem|p1a: Flamigo|Sitrus Berry|[eat]\n|-heal|p1a: Flamigo|40\/100|[from] item: Sitrus Berry\n|move|p2b: Gastrodon|Earth Power|p1b: Volcanion\n|-supereffective|p1b: Volcanion\n|-damage|p1b: Volcanion|28\/100\n|\n|-weather|Snow|[upkeep]\n|-heal|p2b: Gastrodon|54\/100|[from] item: Leftovers\n|upkeep\n|turn|14\n|\n|t:|1697734227\n|move|p1a: Flamigo|Air Slash|p2b: Gastrodon\n|-damage|p2b: Gastrodon|34\/100\n|move|p1b: Volcanion|Heat Wave|p2b: Gastrodon|[spread] p2a,p2b\n|-resisted|p2a: Typhlosion\n|-resisted|p2b: Gastrodon\n|-damage|p2a: Typhlosion|22\/100\n|-damage|p2b: Gastrodon|13\/100\n|move|p2a: Typhlosion|Eruption|p1a: Flamigo|[spread] p1a,p1b\n|-resisted|p1b: Volcanion\n|-damage|p1a: Flamigo|20\/100\n|-damage|p1b: Volcanion|24\/100\n|cant|p2b: Gastrodon|flinch\n|\n|-weather|Snow|[upkeep]\n|-heal|p2b: Gastrodon|20\/100|[from] item: Leftovers\n|upkeep\n|turn|15\n|\n|t:|1697734253\n|switch|p2b: Klefki|Klefki, M|100\/100\n|-item|p2b: Klefki|Air Balloon\n|move|p1a: Flamigo|Roost|p1a: Flamigo\n|-heal|p1a: Flamigo|70\/100\n|-singleturn|p1a: Flamigo|move: Roost\n|move|p1b: Volcanion|Heat Wave|p2b: Klefki|[spread] p2a,p2b\n|-resisted|p2a: Typhlosion\n|-supereffective|p2b: Klefki\n|-damage|p2a: Typhlosion|0 fnt\n|-damage|p2b: Klefki|14\/100\n|-enditem|p2b: Klefki|Air Balloon\n|faint|p2a: Typhlosion\n|\n|-weather|none\n|-sideend|p1: switchxclusive|move: Tailwind\n|upkeep\n|\n|t:|1697734270\n|switch|p2a: Arcanine|Arcanine-Hisui, F|72\/100\n|-ability|p2a: Arcanine|Intimidate|boost\n|-unboost|p1a: Flamigo|atk|1\n|-unboost|p1b: Volcanion|atk|1\n|turn|16\n|\n|t:|1697734286\n|switch|p2b: Gastrodon|Gastrodon, M|20\/100\n|move|p2a: Arcanine|Head Smash|p1a: Flamigo\n|-damage|p1a: Flamigo|5\/100\n|-damage|p2a: Arcanine|41\/100|[from] Recoil\n|move|p1a: Flamigo|Chilling Water|p2b: Gastrodon\n|-activate|p2b: Gastrodon|ability: Storm Drain\n|-ability|p2b: Gastrodon|Storm Drain|boost\n|-boost|p2b: Gastrodon|spa|1\n|move|p1b: Volcanion|Heat Wave|p2a: Arcanine|[spread] p2a,p2b\n|-resisted|p2a: Arcanine\n|-crit|p2a: Arcanine\n|-resisted|p2b: Gastrodon\n|-damage|p2a: Arcanine|24\/100\n|-damage|p2b: Gastrodon|0 fnt\n|faint|p2b: Gastrodon\n|\n|upkeep\n|\n|t:|1697734300\n|switch|p2b: Klefki|Klefki, M|14\/100\n|turn|17\n|\n|t:|1697734313\n|move|p2a: Arcanine|Flare Blitz|p1a: Flamigo\n|-damage|p1a: Flamigo|0 fnt\n|faint|p1a: Flamigo\n|-damage|p2a: Arcanine|22\/100|[from] Recoil\n|move|p1b: Volcanion|Heat Wave|p2b: Klefki|[spread] p2a,p2b\n|-resisted|p2a: Arcanine\n|-supereffective|p2b: Klefki\n|-damage|p2a: Arcanine|11\/100\n|-damage|p2b: Klefki|0 fnt\n|faint|p2b: Klefki\n|\n|upkeep\n|turn|18\n|c|\u2606lolIwatchYT|moment of truth\n|\n|t:|1697734351\n|move|p2a: Arcanine|Head Smash|p1b: Volcanion\n|-supereffective|p1b: Volcanion\n|-damage|p1b: Volcanion|0 fnt\n|faint|p1b: Volcanion\n|-damage|p2a: Arcanine|1\/100|[from] Recoil\n|\n|win|lolIwatchYT\n|raw|switchxclusive's rating: 1358 &rarr; <strong>1335<\/strong><br \/>(-23 for losing)\n|raw|lolIwatchYT's rating: 1300 &rarr; <strong>1329<\/strong><br \/>(+29 for winning)\n|c|\u2606lolIwatchYT|i miss, you win, I hit, you lose\n|c|\u2606lolIwatchYT|gg\n","uploadtime":1697734369,"views":16,"p1id":"switchxclusive","p2id":"loliwatchyt","formatid":"gen9doublesou","rating":1329,"private":0,"password":""}