{"id":"gen9doublesou-1981108853","p1":"SaturnFr3ak","p2":"enriquecio","format":"[Gen 9] Doubles OU","log":"|j|\u2606SaturnFr3ak\n|j|\u2606enriquecio\n|t:|1698864226\n|gametype|doubles\n|player|p1|SaturnFr3ak|mina|1157\n|player|p2|enriquecio|ltsurge|1030\n|teamsize|p1|6\n|teamsize|p2|6\n|gen|9\n|tier|[Gen 9] Doubles OU\n|rated|\n|rule|Species Clause: Limit one of each Pok\u00e9mon\n|rule|OHKO Clause: OHKO moves are banned\n|rule|Evasion Moves Clause: Evasion moves are banned\n|rule|Gravity Sleep Clause: The combination of sleep-inducing moves with imperfect accuracy and Gravity or Gigantamax Orbeetle are banned\n|rule|Endless Battle Clause: Forcing endless battles is banned\n|rule|HP Percentage Mod: HP is shown in percentages\n|clearpoke\n|poke|p1|Stonjourner, F|\n|poke|p1|Chi-Yu|\n|poke|p1|Passimian, M|\n|poke|p1|Flutter Mane|\n|poke|p1|Muk-Alola, M|\n|poke|p1|Sinistcha-Masterpiece|\n|poke|p2|Flutter Mane|\n|poke|p2|Chien-Pao|\n|poke|p2|Iron Hands|\n|poke|p2|Sinistcha|\n|poke|p2|Rillaboom, M|\n|poke|p2|Ogerpon-Hearthflame, F|\n|teampreview\n|\n|t:|1698864246\n|start\n|switch|p1a: Roxie|Stonjourner, F, shiny|100\/100\n|switch|p1b: OJ|Passimian, M, shiny|100\/100\n|switch|p2a: Chien-Pao|Chien-Pao|100\/100\n|switch|p2b: Iron Hands|Iron Hands, shiny|100\/100\n|-ability|p2a: Chien-Pao|Sword of Ruin\n|turn|1\n|inactive|Battle timer is ON: inactive players will automatically lose when time's up. (requested by enriquecio)\n|\n|t:|1698864352\n|move|p1b: OJ|Close Combat|p2a: Chien-Pao\n|-supereffective|p2a: Chien-Pao\n|-damage|p2a: Chien-Pao|0 fnt\n|-unboost|p1b: OJ|def|1\n|-unboost|p1b: OJ|spd|1\n|faint|p2a: Chien-Pao\n|move|p1a: Roxie|Sunny Day|p1a: Roxie\n|-weather|SunnyDay\n|move|p2b: Iron Hands|Close Combat|p1a: Roxie\n|-supereffective|p1a: Roxie\n|-damage|p1a: Roxie|0 fnt\n|-unboost|p2b: Iron Hands|def|1\n|-unboost|p2b: Iron Hands|spd|1\n|faint|p1a: Roxie\n|-ability|p1b: OJ|Power Spot|[from] ability: Receiver|[of] p1a: Roxie\n|-damage|p2b: Iron Hands|91\/100|[from] item: Life Orb\n|\n|-weather|SunnyDay|[upkeep]\n|upkeep\n|inactive|SaturnFr3ak has 120 seconds left.\n|\n|t:|1698864396\n|switch|p2a: Ogerpon|Ogerpon-Hearthflame, F|100\/100\n|switch|p1a: Gluttony|Muk-Alola, M, shiny|100\/100\n|-ability|p2a: Ogerpon|Mold Breaker\n|turn|2\n|inactive|SaturnFr3ak has 120 seconds left.\n|\n|t:|1698864424\n|move|p1b: OJ|Close Combat|p2a: Ogerpon\n|-damage|p2a: Ogerpon|12\/100\n|-unboost|p1b: OJ|def|1\n|-unboost|p1b: OJ|spd|1\n|move|p2a: Ogerpon|Ivy Cudgel|p1b: OJ\n|-damage|p1b: OJ|0 fnt\n|faint|p1b: OJ\n|-ability|p1a: Gluttony|Power Spot|[from] ability: Power of Alchemy|[of] p1b: OJ\n|move|p1a: Gluttony|Poison Jab|p2b: Iron Hands\n|-damage|p2b: Iron Hands|59\/100\n|move|p2b: Iron Hands|Ice Punch|p1a: Gluttony\n|-damage|p1a: Gluttony|63\/100\n|-damage|p2b: Iron Hands|49\/100|[from] item: Life Orb\n|\n|-weather|SunnyDay|[upkeep]\n|upkeep\n|\n|t:|1698864446\n|switch|p1b: Missy|Flutter Mane|100\/100\n|-activate|p1b: Missy|ability: Protosynthesis\n|-start|p1b: Missy|protosynthesisspa\n|turn|3\n|inactive|SaturnFr3ak has 120 seconds left.\n|\n|t:|1698864459\n|move|p1a: Gluttony|Shadow Sneak|p2a: Ogerpon\n|-damage|p2a: Ogerpon|0 fnt\n|faint|p2a: Ogerpon\n|move|p1b: Missy|Dazzling Gleam|p2b: Iron Hands\n|-supereffective|p2b: Iron Hands\n|-damage|p2b: Iron Hands|0 fnt\n|faint|p2b: Iron Hands\n|-end|p2b: Iron Hands|Quark Drive|[silent]\n|\n|-weather|SunnyDay|[upkeep]\n|upkeep\n|\n|t:|1698864480\n|switch|p2a: Flutter Mane|Flutter Mane|100\/100\n|switch|p2b: Sinistcha|Sinistcha|100\/100\n|-activate|p2a: Flutter Mane|ability: Protosynthesis\n|-start|p2a: Flutter Mane|protosynthesisspa\n|turn|4\n|\n|t:|1698864495\n|-terastallize|p2a: Flutter Mane|Ghost\n|move|p1a: Gluttony|Shadow Sneak|p2a: Flutter Mane\n|-supereffective|p2a: Flutter Mane\n|-damage|p2a: Flutter Mane|39\/100\n|move|p1b: Missy|Dazzling Gleam|p2b: Sinistcha|[spread] p2a,p2b\n|-damage|p2a: Flutter Mane|0 fnt\n|-damage|p2b: Sinistcha|45\/100\n|faint|p2a: Flutter Mane\n|-end|p2a: Flutter Mane|Protosynthesis|[silent]\n|move|p2b: Sinistcha|Matcha Gotcha|p1b: Missy|[spread] p1a\n|-miss|p2b: Sinistcha|p1b: Missy\n|-resisted|p1a: Gluttony\n|-damage|p1a: Gluttony|57\/100\n|-heal|p2b: Sinistcha|49\/100|[from] drain|[of] p1a: Gluttony\n|\n|-weather|SunnyDay|[upkeep]\n|upkeep\n|\n|t:|1698864511\n|switch|p2a: Rillaboom|Rillaboom, M|100\/100\n|-fieldstart|move: Grassy Terrain|[from] ability: Grassy Surge|[of] p2a: Rillaboom\n|turn|5\n|\n|t:|1698864527\n|move|p1b: Missy|Dazzling Gleam|p2b: Sinistcha|[spread] p2a,p2b\n|-damage|p2a: Rillaboom|30\/100\n|-damage|p2b: Sinistcha|0 fnt\n|faint|p2b: Sinistcha\n|move|p2a: Rillaboom|Earthquake|p1a: Gluttony|[spread] p1a,p1b\n|-supereffective|p1a: Gluttony\n|-damage|p1a: Gluttony|25\/100\n|-damage|p1b: Missy|71\/100\n|move|p1a: Gluttony|Poison Jab|p2a: Rillaboom\n|-supereffective|p2a: Rillaboom\n|-damage|p2a: Rillaboom|0 fnt\n|faint|p2a: Rillaboom\n|\n|win|SaturnFr3ak\n|raw|SaturnFr3ak's rating: 1157 &rarr; <strong>1173<\/strong><br \/>(+16 for winning)\n|raw|enriquecio's rating: 1030 &rarr; <strong>1021<\/strong><br \/>(-9 for losing)\n|l|\u2606enriquecio\n","uploadtime":1698864553,"views":18,"p1id":"saturnfr3ak","p2id":"enriquecio","formatid":"gen9doublesou","rating":1021,"private":0,"password":""}