{"id":"gen9doublesou-1989931139","p1":"big gunker","p2":"Sapphire2020","format":"[Gen 9] Doubles OU","log":"|j|\u2606big gunker\n|j|\u2606Sapphire2020\n|t:|1699907764\n|gametype|doubles\n|player|p1|big gunker|swimmer-gen4|1047\n|player|p2|Sapphire2020|101|1098\n|teamsize|p1|6\n|teamsize|p2|6\n|gen|9\n|tier|[Gen 9] Doubles OU\n|rated|\n|rule|Species Clause: Limit one of each Pok\u00e9mon\n|rule|OHKO Clause: OHKO moves are banned\n|rule|Evasion Moves Clause: Evasion moves are banned\n|rule|Gravity Sleep Clause: The combination of sleep-inducing moves with imperfect accuracy and Gravity or Gigantamax Orbeetle are banned\n|rule|Endless Battle Clause: Forcing endless battles is banned\n|rule|HP Percentage Mod: HP is shown in percentages\n|clearpoke\n|poke|p1|Golem-Alola, M|\n|poke|p1|Sinistcha|\n|poke|p1|Dondozo, F|\n|poke|p1|Iron Hands|\n|poke|p1|Maushold|\n|poke|p1|Rabsca, F|\n|poke|p2|Chandelure, F|\n|poke|p2|Diancie|\n|poke|p2|Meowscarada, F|\n|poke|p2|Kommo-o, M|\n|poke|p2|Talonflame, F|\n|poke|p2|Quaquaval, M|\n|teampreview\n|\n|t:|1699907777\n|start\n|switch|p1a: Sinistcha|Sinistcha|100\/100\n|switch|p1b: Iron Hands|Iron Hands|100\/100\n|switch|p2a: Talonflame|Talonflame, F|100\/100\n|switch|p2b: Quaquaval|Quaquaval, M|100\/100\n|turn|1\n|\n|t:|1699907819\n|move|p1b: Iron Hands|Fake Out|p2a: Talonflame\n|-damage|p2a: Talonflame|77\/100\n|cant|p2a: Talonflame|flinch\n|move|p2b: Quaquaval|Ice Spinner|p1a: Sinistcha\n|-supereffective|p1a: Sinistcha\n|-crit|p1a: Sinistcha\n|-damage|p1a: Sinistcha|26\/100\n|move|p1a: Sinistcha|Trick Room|p1a: Sinistcha\n|-fieldstart|move: Trick Room|[of] p1a: Sinistcha\n|\n|upkeep\n|turn|2\n|\n|t:|1699907853\n|switch|p2b: Chandelure|Chandelure, F|100\/100\n|switch|p2a: Diancie|Diancie|100\/100\n|move|p1b: Iron Hands|Wild Charge|p2b: Chandelure\n|-damage|p2b: Chandelure|48\/100\n|-damage|p1b: Iron Hands|92\/100|[from] Recoil\n|move|p1a: Sinistcha|Matcha Gotcha|p2a: Diancie|[spread] p2a,p2b\n|-supereffective|p2a: Diancie\n|-resisted|p2b: Chandelure\n|-damage|p2a: Diancie|62\/100\n|-heal|p1a: Sinistcha|43\/100|[from] drain|[of] p2a: Diancie\n|-damage|p2b: Chandelure|35\/100\n|-heal|p1a: Sinistcha|50\/100|[from] drain|[of] p2b: Chandelure\n|-status|p2a: Diancie|brn\n|\n|-heal|p2b: Chandelure|41\/100|[from] item: Leftovers\n|-damage|p2a: Diancie|56\/100 brn|[from] brn\n|upkeep\n|turn|3\n|\n|t:|1699907891\n|-end|p1b: Iron Hands|Quark Drive|[silent]\n|switch|p1b: Dondozo|Dondozo, F|100\/100\n|switch|p1a: hydrogen bomb|Golem-Alola, M|100\/100\n|move|p2a: Diancie|Reflect|p2a: Diancie\n|-sidestart|p2: Sapphire2020|Reflect\n|move|p2b: Chandelure|Heat Wave|p1b: Dondozo|[spread] p1a,p1b\n|-resisted|p1a: hydrogen bomb\n|-resisted|p1b: Dondozo\n|-damage|p1a: hydrogen bomb|74\/100\n|-damage|p1b: Dondozo|85\/100\n|\n|-heal|p1b: Dondozo|92\/100|[from] item: Leftovers\n|-heal|p2b: Chandelure|47\/100|[from] item: Leftovers\n|-damage|p2a: Diancie|50\/100 brn|[from] brn\n|upkeep\n|turn|4\n|\n|t:|1699907928\n|move|p1b: Dondozo|Protect|p1b: Dondozo\n|-singleturn|p1b: Dondozo|Protect\n|move|p1a: hydrogen bomb|Explosion|p2a: Diancie|[spread] p2a,p2b\n|-activate|p1b: Dondozo|move: Protect\n|-crit|p2a: Diancie\n|-damage|p2a: Diancie|0 fnt\n|-damage|p2b: Chandelure|0 fnt\n|faint|p1a: hydrogen bomb\n|faint|p2a: Diancie\n|faint|p2b: Chandelure\n|\n|-heal|p1b: Dondozo|98\/100|[from] item: Leftovers\n|upkeep\n|\n|t:|1699908000\n|switch|p1a: Rabsca|Rabsca, F|100\/100\n|switch|p2a: Kommo-o|Kommo-o, M|100\/100\n|switch|p2b: Meowscarada|Meowscarada, F|100\/100\n|turn|5\n|\n|t:|1699908019\n|-terastallize|p2a: Kommo-o|Normal\n|move|p1b: Dondozo|Yawn|p2b: Meowscarada\n|-start|p2b: Meowscarada|move: Yawn|[of] p1b: Dondozo\n|move|p1a: Rabsca|Revival Blessing|p1a: Rabsca\n|-enditem|p1a: Rabsca|Leppa Berry|[eat]\n|-activate|p1a: Rabsca|item: Leppa Berry|Revival Blessing|[consumed]\n|\n|t:|1699908025\n|-heal|p1: hydrogen bomb|50\/100|[from] move: Revival Blessing\n|move|p2a: Kommo-o|Clangorous Soul|p2a: Kommo-o\n|-boost|p2a: Kommo-o|atk|1\n|-boost|p2a: Kommo-o|def|1\n|-boost|p2a: Kommo-o|spa|1\n|-boost|p2a: Kommo-o|spd|1\n|-boost|p2a: Kommo-o|spe|1\n|-damage|p2a: Kommo-o|68\/100\n|-enditem|p2a: Kommo-o|Throat Spray\n|-boost|p2a: Kommo-o|spa|1|[from] item: Throat Spray\n|move|p2b: Meowscarada|Knock Off|p1a: Rabsca\n|-supereffective|p1a: Rabsca\n|-damage|p1a: Rabsca|45\/100\n|\n|-heal|p1b: Dondozo|100\/100|[from] item: Leftovers\n|-fieldend|move: Trick Room\n|upkeep\n|turn|6\n|\n|t:|1699908070\n|move|p1a: Rabsca|Protect|p1a: Rabsca\n|-singleturn|p1a: Rabsca|Protect\n|move|p2b: Meowscarada|Acrobatics|p1a: Rabsca\n|-activate|p1a: Rabsca|move: Protect\n|move|p2a: Kommo-o|Boomburst|p1a: Rabsca|[spread] p2b,p1b\n|-activate|p1a: Rabsca|move: Protect\n|-enditem|p2b: Meowscarada|Focus Sash\n|-damage|p2b: Meowscarada|1\/100\n|-damage|p1b: Dondozo|30\/100\n|move|p1b: Dondozo|Yawn|p2a: Kommo-o\n|-start|p2a: Kommo-o|move: Yawn|[of] p1b: Dondozo\n|\n|-heal|p1b: Dondozo|36\/100|[from] item: Leftovers\n|-end|p2b: Meowscarada|move: Yawn|[silent]\n|-status|p2b: Meowscarada|slp\n|upkeep\n|turn|7\n|\n|t:|1699908104\n|move|p1a: Rabsca|Protect||[still]\n|-fail|p1a: Rabsca\n|move|p1b: Dondozo|Protect|p1b: Dondozo\n|-singleturn|p1b: Dondozo|Protect\n|cant|p2b: Meowscarada|slp\n|move|p2a: Kommo-o|Drain Punch|p1b: Dondozo\n|-activate|p1b: Dondozo|move: Protect\n|\n|-heal|p1b: Dondozo|42\/100|[from] item: Leftovers\n|-end|p2a: Kommo-o|move: Yawn|[silent]\n|-status|p2a: Kommo-o|slp\n|-sideend|p2: Sapphire2020|Reflect\n|upkeep\n|turn|8\n|\n|t:|1699908120\n|-curestatus|p2b: Meowscarada|slp|[msg]\n|move|p2b: Meowscarada|Acrobatics|p1a: Rabsca\n|-supereffective|p1a: Rabsca\n|-damage|p1a: Rabsca|0 fnt\n|faint|p1a: Rabsca\n|cant|p2a: Kommo-o|slp\n|move|p1b: Dondozo|Wave Crash|p2b: Meowscarada\n|-resisted|p2b: Meowscarada\n|-damage|p2b: Meowscarada|0 fnt\n|faint|p2b: Meowscarada\n|-damage|p1b: Dondozo|42\/100|[from] Recoil\n|\n|-heal|p1b: Dondozo|48\/100|[from] item: Leftovers\n|upkeep\n|\n|t:|1699908190\n|switch|p2b: Talonflame|Talonflame, F|77\/100\n|switch|p1a: Sinistcha|Sinistcha|50\/100\n|-heal|p1b: Dondozo|73\/100|[from] ability: Hospitality|[of] p1a: Sinistcha\n|turn|9\n|\n|t:|1699908222\n|switch|p1b: Iron Hands|Iron Hands|92\/100\n|move|p1a: Sinistcha|Protect|p1a: Sinistcha\n|-singleturn|p1a: Sinistcha|Protect\n|move|p2b: Talonflame|Dual Wingbeat|p1a: Sinistcha\n|-activate|p1a: Sinistcha|move: Protect\n|cant|p2a: Kommo-o|slp\n|\n|upkeep\n|turn|10\n|\n|t:|1699908241\n|move|p1b: Iron Hands|Fake Out|p2b: Talonflame\n|-damage|p2b: Talonflame|54\/100\n|cant|p2b: Talonflame|flinch\n|cant|p2a: Kommo-o|slp\n|move|p1a: Sinistcha|Trick Room|p1a: Sinistcha\n|-fieldstart|move: Trick Room|[of] p1a: Sinistcha\n|\n|upkeep\n|turn|11\n|\n|t:|1699908270\n|move|p1b: Iron Hands|Drain Punch|p2a: Kommo-o\n|-supereffective|p2a: Kommo-o\n|-damage|p2a: Kommo-o|23\/100 slp\n|-heal|p1b: Iron Hands|100\/100|[from] drain|[of] p2a: Kommo-o\n|move|p1a: Sinistcha|Matcha Gotcha|p2a: Kommo-o|[spread] p2a,p2b\n|-resisted|p2b: Talonflame\n|-damage|p2a: Kommo-o|9\/100 slp\n|-heal|p1a: Sinistcha|57\/100|[from] drain|[of] p2a: Kommo-o\n|-damage|p2b: Talonflame|44\/100\n|-heal|p1a: Sinistcha|61\/100|[from] drain|[of] p2b: Talonflame\n|-curestatus|p2a: Kommo-o|slp|[msg]\n|move|p2a: Kommo-o|Drain Punch|p1b: Iron Hands\n|-damage|p1b: Iron Hands|73\/100\n|-heal|p2a: Kommo-o|28\/100|[from] drain|[of] p1b: Iron Hands\n|move|p2b: Talonflame|Dual Wingbeat|p1a: Sinistcha\n|-supereffective|p1a: Sinistcha\n|-damage|p1a: Sinistcha|30\/100\n|-supereffective|p1a: Sinistcha\n|-damage|p1a: Sinistcha|2\/100\n|-hitcount|p1a: Sinistcha|2\n|\n|upkeep\n|turn|12\n|\n|t:|1699908378\n|move|p1b: Iron Hands|Drain Punch|p2a: Kommo-o\n|-supereffective|p2a: Kommo-o\n|-crit|p2a: Kommo-o\n|-damage|p2a: Kommo-o|0 fnt\n|-heal|p1b: Iron Hands|83\/100|[from] drain|[of] p2a: Kommo-o\n|faint|p2a: Kommo-o\n|move|p1a: Sinistcha|Matcha Gotcha|p2b: Talonflame\n|-resisted|p2b: Talonflame\n|-damage|p2b: Talonflame|32\/100\n|-heal|p1a: Sinistcha|8\/100|[from] drain|[of] p2b: Talonflame\n|move|p2b: Talonflame|U-turn|p1a: Sinistcha\n|-damage|p1a: Sinistcha|0 fnt\n|faint|p1a: Sinistcha\n|\n|t:|1699908421\n|switch|p2b: Quaquaval|Quaquaval, M|100\/100|[from] U-turn\n|\n|upkeep\n|\n|t:|1699908425\n|switch|p1a: hydrogen bomb|Golem-Alola, M|50\/100\n|switch|p2a: Talonflame|Talonflame, F|32\/100\n|turn|13\n|\n|t:|1699908434\n|move|p1a: hydrogen bomb|Explosion|p2b: Quaquaval|[spread] p1b,p2a,p2b\n|-resisted|p1b: Iron Hands\n|-supereffective|p2a: Talonflame\n|-supereffective|p2b: Quaquaval\n|-damage|p1b: Iron Hands|38\/100\n|-damage|p2a: Talonflame|0 fnt\n|-damage|p2b: Quaquaval|0 fnt\n|-enditem|p1b: Iron Hands|Sitrus Berry|[eat]\n|-heal|p1b: Iron Hands|63\/100|[from] item: Sitrus Berry\n|faint|p1a: hydrogen bomb\n|faint|p2a: Talonflame\n|faint|p2b: Quaquaval\n|\n|win|big gunker\n|raw|big gunker's rating: 1047 &rarr; <strong>1085<\/strong><br \/>(+38 for winning)\n|raw|Sapphire2020's rating: 1098 &rarr; <strong>1070<\/strong><br \/>(-28 for losing)\n|l|\u2606Sapphire2020\n","uploadtime":1699908451,"views":9,"p1id":"biggunker","p2id":"sapphire2020","formatid":"gen9doublesou","rating":1070,"private":0,"password":""}