{"id":"gen9doublesou-1989458023","p1":"aster1717","p2":"Joecheve13","format":"[Gen 9] Doubles OU","log":"|j|\u2606aster1717\n|j|\u2606Joecheve13\n|t:|1699853548\n|gametype|doubles\n|player|p1|aster1717|102|1477\n|player|p2|Joecheve13|grimsley|1535\n|teamsize|p1|6\n|teamsize|p2|6\n|gen|9\n|tier|[Gen 9] Doubles OU\n|rated|\n|rule|Species Clause: Limit one of each Pok\u00e9mon\n|rule|OHKO Clause: OHKO moves are banned\n|rule|Evasion Moves Clause: Evasion moves are banned\n|rule|Gravity Sleep Clause: The combination of sleep-inducing moves with imperfect accuracy and Gravity or Gigantamax Orbeetle are banned\n|rule|Endless Battle Clause: Forcing endless battles is banned\n|rule|HP Percentage Mod: HP is shown in percentages\n|clearpoke\n|poke|p1|Ogerpon-Hearthflame, F|\n|poke|p1|Fezandipiti, M|\n|poke|p1|Chien-Pao|\n|poke|p1|Rillaboom, M|\n|poke|p1|Moltres|\n|poke|p1|Goodra-Hisui, F|\n|poke|p2|Tornadus, M|\n|poke|p2|Scizor, M|\n|poke|p2|Iron Hands|\n|poke|p2|Landorus, M|\n|poke|p2|Volcanion|\n|poke|p2|Garganacl, F|\n|teampreview\n|j| BlackPinkVenom\n|\n|t:|1699853559\n|start\n|switch|p1a: Fezandipiti|Fezandipiti, M|100\/100\n|switch|p1b: Rillaboom|Rillaboom, M, shiny|100\/100\n|switch|p2a: Tornadus|Tornadus, M|100\/100\n|switch|p2b: Landorus|Landorus, M|100\/100\n|-fieldstart|move: Grassy Terrain|[from] ability: Grassy Surge|[of] p1b: Rillaboom\n|turn|1\n|\n|t:|1699853567\n|move|p1b: Rillaboom|Fake Out|p2b: Landorus\n|-damage|p2b: Landorus|84\/100\n|move|p2a: Tornadus|Rain Dance|p2a: Tornadus\n|-weather|RainDance\n|cant|p2b: Landorus|flinch\n|move|p1a: Fezandipiti|Icy Wind|p2a: Tornadus|[spread] p2b\n|-miss|p1a: Fezandipiti|p2a: Tornadus\n|-supereffective|p2b: Landorus\n|-damage|p2b: Landorus|46\/100\n|-unboost|p2b: Landorus|spe|1\n|-status|p2b: Landorus|tox|[from] ability: Toxic Chain|[of] p1a: Fezandipiti\n|\n|-weather|RainDance|[upkeep]\n|-damage|p2b: Landorus|40\/100 tox|[from] psn\n|upkeep\n|turn|2\n|\n|t:|1699853584\n|switch|p1b: Goodra|Goodra-Hisui, F|100\/100\n|move|p2a: Tornadus|Tailwind|p2a: Tornadus\n|-sidestart|p2: Joecheve13|move: Tailwind\n|move|p2b: Landorus|Sandsear Storm|p1a: Fezandipiti|[spread] p1a,p1b\n|-supereffective|p1a: Fezandipiti\n|-supereffective|p1b: Goodra\n|-damage|p1a: Fezandipiti|48\/100\n|-damage|p1b: Goodra|28\/100\n|move|p1a: Fezandipiti|Icy Wind|p2a: Tornadus|[spread] p2a,p2b\n|-supereffective|p2a: Tornadus\n|-supereffective|p2b: Landorus\n|-crit|p2b: Landorus\n|-damage|p2a: Tornadus|83\/100\n|-damage|p2b: Landorus|0 fnt\n|faint|p2b: Landorus\n|\n|-weather|RainDance|[upkeep]\n|-heal|p1a: Fezandipiti|54\/100|[from] Grassy Terrain\n|-heal|p1b: Goodra|34\/100|[from] Grassy Terrain\n|-heal|p1b: Goodra|40\/100|[from] item: Leftovers\n|upkeep\n|\n|t:|1699853600\n|switch|p2b: Scizor|Scizor, M|100\/100\n|turn|3\n|\n|t:|1699853620\n|move|p2a: Tornadus|Taunt|p1b: Goodra\n|-start|p1b: Goodra|move: Taunt\n|move|p2b: Scizor|Bullet Punch|p1a: Fezandipiti\n|-supereffective|p1a: Fezandipiti\n|-damage|p1a: Fezandipiti|0 fnt\n|faint|p1a: Fezandipiti\n|cant|p1b: Goodra|move: Taunt|Acid Armor\n|\n|-weather|RainDance|[upkeep]\n|-heal|p1b: Goodra|46\/100|[from] Grassy Terrain\n|-heal|p1b: Goodra|52\/100|[from] item: Leftovers\n|upkeep\n|\n|t:|1699853632\n|switch|p1a: Moltres|Moltres, shiny|100\/100\n|turn|4\n|\n|t:|1699853642\n|switch|p2b: Volcanion|Volcanion|100\/100\n|move|p2a: Tornadus|Taunt|p1a: Moltres\n|-start|p1a: Moltres|move: Taunt\n|move|p1a: Moltres|Heat Wave|p2b: Volcanion|[spread] p2b\n|-miss|p1a: Moltres|p2a: Tornadus\n|-resisted|p2b: Volcanion\n|-damage|p2b: Volcanion|97\/100\n|move|p1b: Goodra|Body Press|p2b: Volcanion\n|-damage|p2b: Volcanion|77\/100\n|\n|-weather|RainDance|[upkeep]\n|-heal|p2b: Volcanion|83\/100|[from] Grassy Terrain\n|-heal|p1b: Goodra|58\/100|[from] Grassy Terrain\n|-heal|p1b: Goodra|64\/100|[from] item: Leftovers\n|upkeep\n|turn|5\n|\n|t:|1699853653\n|move|p2a: Tornadus|Bleakwind Storm|p1b: Goodra|[spread] p1a,p1b\n|-crit|p1a: Moltres\n|-resisted|p1b: Goodra\n|-damage|p1a: Moltres|60\/100\n|-damage|p1b: Goodra|52\/100\n|-unboost|p1a: Moltres|spe|1\n|move|p2b: Volcanion|Steam Eruption|p1a: Moltres\n|-supereffective|p1a: Moltres\n|-damage|p1a: Moltres|0 fnt\n|faint|p1a: Moltres\n|move|p1b: Goodra|Body Press|p2b: Volcanion\n|-damage|p2b: Volcanion|61\/100\n|\n|-weather|none\n|-heal|p2b: Volcanion|67\/100|[from] Grassy Terrain\n|-heal|p1b: Goodra|58\/100|[from] Grassy Terrain\n|-heal|p1b: Goodra|64\/100|[from] item: Leftovers\n|-end|p1b: Goodra|move: Taunt\n|-sideend|p2: Joecheve13|move: Tailwind\n|-fieldend|move: Grassy Terrain\n|upkeep\n|\n|t:|1699853670\n|switch|p1a: Rillaboom|Rillaboom, M, shiny|100\/100\n|-fieldstart|move: Grassy Terrain|[from] ability: Grassy Surge|[of] p1a: Rillaboom\n|turn|6\n|\n|t:|1699853681\n|move|p2a: Tornadus|Bleakwind Storm|p1a: Rillaboom|[spread] p1b\n|-miss|p2a: Tornadus|p1a: Rillaboom\n|-resisted|p1b: Goodra\n|-damage|p1b: Goodra|50\/100\n|-unboost|p1b: Goodra|spe|1\n|move|p1a: Rillaboom|High Horsepower|p2b: Volcanion\n|-supereffective|p2b: Volcanion\n|-damage|p2b: Volcanion|15\/100\n|move|p2b: Volcanion|Heat Wave|p1a: Rillaboom|[spread] p1a,p1b\n|-supereffective|p1a: Rillaboom\n|-damage|p1a: Rillaboom|44\/100\n|-damage|p1b: Goodra|28\/100\n|move|p1b: Goodra|Body Press|p2b: Volcanion\n|-damage|p2b: Volcanion|0 fnt\n|faint|p2b: Volcanion\n|\n|-heal|p1a: Rillaboom|50\/100|[from] Grassy Terrain\n|-heal|p1b: Goodra|34\/100|[from] Grassy Terrain\n|-heal|p1b: Goodra|40\/100|[from] item: Leftovers\n|upkeep\n|\n|t:|1699853701\n|switch|p2b: Iron Hands|Iron Hands|100\/100\n|turn|7\n|\n|t:|1699853711\n|move|p1b: Goodra|Protect|p1b: Goodra\n|-singleturn|p1b: Goodra|Protect\n|move|p2b: Iron Hands|Fake Out|p1a: Rillaboom\n|-damage|p1a: Rillaboom|37\/100\n|move|p2a: Tornadus|Bleakwind Storm|p1a: Rillaboom|[spread] p1a\n|-activate|p1b: Goodra|move: Protect\n|-supereffective|p1a: Rillaboom\n|-damage|p1a: Rillaboom|0 fnt\n|faint|p1a: Rillaboom\n|\n|-heal|p1b: Goodra|46\/100|[from] Grassy Terrain\n|-heal|p1b: Goodra|52\/100|[from] item: Leftovers\n|upkeep\n|\n|t:|1699853719\n|switch|p1a: Ogerpon|Ogerpon-Hearthflame, F|100\/100\n|-ability|p1a: Ogerpon|Mold Breaker\n|turn|8\n|\n|t:|1699853733\n|-terastallize|p1a: Ogerpon|Fire\n|detailschange|p1a: Ogerpon|Ogerpon-Hearthflame-Tera, F, tera:Fire\n|-ability|p1a: Ogerpon|Embody Aspect (Hearthflame)|boost\n|-boost|p1a: Ogerpon|atk|1\n|move|p2a: Tornadus|Rain Dance|p2a: Tornadus\n|-weather|RainDance\n|move|p1a: Ogerpon|Swords Dance|p1a: Ogerpon\n|-boost|p1a: Ogerpon|atk|2\n|move|p2b: Iron Hands|Drain Punch|p1b: Goodra\n|-supereffective|p1b: Goodra\n|-damage|p1b: Goodra|0 fnt\n|faint|p1b: Goodra\n|\n|-weather|RainDance|[upkeep]\n|upkeep\n|\n|t:|1699853739\n|switch|p1b: Chien-Pao|Chien-Pao|100\/100\n|-ability|p1b: Chien-Pao|Sword of Ruin\n|turn|9\n|\n|t:|1699853754\n|move|p2a: Tornadus|Rain Dance||[still]\n|-fail|p2a: Tornadus\n|move|p1b: Chien-Pao|Icicle Crash|p2a: Tornadus\n|-supereffective|p2a: Tornadus\n|-damage|p2a: Tornadus|0 fnt\n|faint|p2a: Tornadus\n|move|p1a: Ogerpon|Ivy Cudgel|p2b: Iron Hands\n|-damage|p2b: Iron Hands|12\/100\n|-enditem|p2b: Iron Hands|Sitrus Berry|[eat]\n|-heal|p2b: Iron Hands|37\/100|[from] item: Sitrus Berry\n|move|p2b: Iron Hands|Wild Charge|p1a: Ogerpon\n|-damage|p1a: Ogerpon|23\/100\n|-damage|p2b: Iron Hands|26\/100|[from] Recoil\n|\n|-weather|RainDance|[upkeep]\n|-heal|p1a: Ogerpon|29\/100|[from] Grassy Terrain\n|-heal|p2b: Iron Hands|32\/100|[from] Grassy Terrain\n|upkeep\n|\n|t:|1699853759\n|switch|p2a: Garganacl|Garganacl, F|100\/100\n|turn|10\n|\n|t:|1699853774\n|-terastallize|p2a: Garganacl|Ghost\n|move|p1b: Chien-Pao|Sacred Sword|p2b: Iron Hands\n|-damage|p2b: Iron Hands|8\/100\n|move|p1a: Ogerpon|Horn Leech|p2a: Garganacl\n|-damage|p2a: Garganacl|0 fnt\n|-heal|p1a: Ogerpon|96\/100|[from] drain|[of] p2a: Garganacl\n|faint|p2a: Garganacl\n|move|p2b: Iron Hands|Drain Punch|p1b: Chien-Pao\n|-supereffective|p1b: Chien-Pao\n|-enditem|p1b: Chien-Pao|Focus Sash\n|-damage|p1b: Chien-Pao|1\/100\n|-heal|p2b: Iron Hands|37\/100|[from] drain|[of] p1b: Chien-Pao\n|\n|-weather|RainDance|[upkeep]\n|-heal|p1b: Chien-Pao|7\/100|[from] Grassy Terrain\n|-heal|p1a: Ogerpon|100\/100|[from] Grassy Terrain\n|-heal|p2b: Iron Hands|43\/100|[from] Grassy Terrain\n|-fieldend|move: Grassy Terrain\n|upkeep\n|\n|t:|1699853790\n|switch|p2a: Scizor|Scizor, M|100\/100\n|turn|11\n|\n|t:|1699853805\n|move|p2a: Scizor|Bullet Punch|p1b: Chien-Pao\n|-supereffective|p1b: Chien-Pao\n|-damage|p1b: Chien-Pao|0 fnt\n|faint|p1b: Chien-Pao\n|move|p1a: Ogerpon|Ivy Cudgel|p2b: Iron Hands\n|-damage|p2b: Iron Hands|0 fnt\n|faint|p2b: Iron Hands\n|-end|p2b: Iron Hands|Quark Drive|[silent]\n|\n|-weather|RainDance|[upkeep]\n|upkeep\n|turn|12\n|\n|t:|1699853812\n|move|p1a: Ogerpon|Spiky Shield|p1a: Ogerpon\n|-singleturn|p1a: Ogerpon|move: Protect\n|move|p2a: Scizor|Bullet Punch|p1a: Ogerpon\n|-activate|p1a: Ogerpon|move: Protect\n|-damage|p2a: Scizor|88\/100|[from] Spiky Shield|[of] p1a: Ogerpon\n|\n|-weather|none\n|upkeep\n|turn|13\n|\n|t:|1699853815\n|move|p2a: Scizor|Bullet Punch|p2: Iron Hands|[notarget]\n|-fail|p2a: Scizor\n|move|p1a: Ogerpon|Ivy Cudgel|p2a: Scizor\n|-supereffective|p2a: Scizor\n|-crit|p2a: Scizor\n|-damage|p2a: Scizor|0 fnt\n|faint|p2a: Scizor\n|\n|win|aster1717\n|raw|aster1717's rating: 1477 &rarr; <strong>1500<\/strong><br \/>(+23 for winning)\n|raw|Joecheve13's rating: 1535 &rarr; <strong>1512<\/strong><br \/>(-23 for losing)\n|l|\u2606Joecheve13\n","uploadtime":1699853848,"views":25,"p1id":"aster1717","p2id":"joecheve13","formatid":"gen9doublesou","rating":1500,"private":0,"password":""}