{"id":"gen9doublesou-1988720713","p1":"Harla","p2":"Mr.X&Y97","format":"[Gen 9] Doubles OU","log":"|j|\u2606Harla\n|j|\u2606Mr.X&Y97\n|t:|1699754714\n|gametype|doubles\n|player|p1|Harla|169|1558\n|player|p2|Mr.X&Y97|blue|1642\n|teamsize|p1|6\n|teamsize|p2|6\n|gen|9\n|tier|[Gen 9] Doubles OU\n|rated|\n|rule|Species Clause: Limit one of each Pok\u00e9mon\n|rule|OHKO Clause: OHKO moves are banned\n|rule|Evasion Moves Clause: Evasion moves are banned\n|rule|Gravity Sleep Clause: The combination of sleep-inducing moves with imperfect accuracy and Gravity or Gigantamax Orbeetle are banned\n|rule|Endless Battle Clause: Forcing endless battles is banned\n|rule|HP Percentage Mod: HP is shown in percentages\n|clearpoke\n|poke|p1|Articuno|\n|poke|p1|Palafin, F|\n|poke|p1|Iron Hands|\n|poke|p1|Arcanine, M|\n|poke|p1|Ninetales-Alola, F|\n|poke|p1|Chien-Pao|\n|poke|p2|Armarouge, M|\n|poke|p2|Indeedee-F, F|\n|poke|p2|Stonjourner, F|\n|poke|p2|Kingambit, M|\n|poke|p2|Ursaluna-Bloodmoon, M|\n|poke|p2|Grimmsnarl, M|\n|teampreview\n|inactive|Battle timer is ON: inactive players will automatically lose when time's up. (requested by Mr.X&Y97)\n|\n|t:|1699754730\n|start\n|switch|p1a: Chien-Pao|Chien-Pao|100\/100\n|switch|p1b: Palafin|Palafin, F|100\/100\n|switch|p2a: Amelia Bedelia|Indeedee-F, F|100\/100\n|switch|p2b: Mega Man X|Armarouge, M|100\/100\n|-ability|p1a: Chien-Pao|Sword of Ruin\n|-fieldstart|move: Psychic Terrain|[from] ability: Psychic Surge|[of] p2a: Amelia Bedelia\n|turn|1\n|\n|t:|1699754745\n|detailschange|p1b: Palafin|Palafin-Hero, F\n|switch|p1b: Arcanine|Arcanine, M|100\/100\n|-ability|p1b: Arcanine|Intimidate|boost\n|-unboost|p2a: Amelia Bedelia|atk|1\n|-unboost|p2b: Mega Man X|atk|1\n|-terastallize|p2a: Amelia Bedelia|Fighting\n|move|p2a: Amelia Bedelia|Follow Me|p2a: Amelia Bedelia\n|-singleturn|p2a: Amelia Bedelia|move: Follow Me\n|move|p1a: Chien-Pao|Ice Spinner|p2a: Amelia Bedelia\n|-damage|p2a: Amelia Bedelia|44\/100\n|-fieldend|move: Psychic Terrain\n|move|p2b: Mega Man X|Trick Room|p2b: Mega Man X\n|-fieldstart|move: Trick Room|[of] p2b: Mega Man X\n|\n|upkeep\n|turn|2\n|\n|t:|1699754763\n|move|p1b: Arcanine|Extreme Speed|p2a: Amelia Bedelia\n|-damage|p2a: Amelia Bedelia|0 fnt\n|faint|p2a: Amelia Bedelia\n|move|p1a: Chien-Pao|Sucker Punch|p2b: Mega Man X\n|-supereffective|p2b: Mega Man X\n|-damage|p2b: Mega Man X|17\/100\n|move|p2b: Mega Man X|Heat Wave|p1b: Arcanine|[spread] p1a,p1b\n|-supereffective|p1a: Chien-Pao\n|-resisted|p1b: Arcanine\n|-enditem|p1a: Chien-Pao|Focus Sash\n|-damage|p1a: Chien-Pao|1\/100\n|-damage|p1b: Arcanine|74\/100\n|-damage|p2b: Mega Man X|7\/100|[from] item: Life Orb\n|\n|upkeep\n|\n|t:|1699754773\n|switch|p2a: Ragna|Ursaluna-Bloodmoon, M|100\/100\n|turn|3\n|\n|t:|1699754783\n|move|p2b: Mega Man X|Protect|p2b: Mega Man X\n|-singleturn|p2b: Mega Man X|Protect\n|move|p1a: Chien-Pao|Protect|p1a: Chien-Pao\n|-singleturn|p1a: Chien-Pao|Protect\n|move|p1b: Arcanine|Extreme Speed|p2a: Ragna\n|-damage|p2a: Ragna|65\/100\n|move|p2a: Ragna|Hyper Voice|p1a: Chien-Pao|[spread] p1b\n|-activate|p1a: Chien-Pao|move: Protect\n|-damage|p1b: Arcanine|18\/100\n|\n|upkeep\n|turn|4\n|\n|t:|1699754798\n|move|p2a: Ragna|Protect|p2a: Ragna\n|-singleturn|p2a: Ragna|Protect\n|move|p1b: Arcanine|Extreme Speed|p2a: Ragna\n|-activate|p2a: Ragna|move: Protect\n|move|p1a: Chien-Pao|Sucker Punch||[still]\n|-fail|p1a: Chien-Pao\n|move|p2b: Mega Man X|Heat Wave|p1a: Chien-Pao|[spread] p1a\n|-miss|p2b: Mega Man X|p1b: Arcanine\n|-supereffective|p1a: Chien-Pao\n|-damage|p1a: Chien-Pao|0 fnt\n|faint|p1a: Chien-Pao\n|-damage|p2b: Mega Man X|0 fnt|[from] item: Life Orb\n|faint|p2b: Mega Man X\n|\n|upkeep\n|\n|t:|1699754817\n|switch|p2b: Grimmsnarl|Grimmsnarl, M|100\/100\n|switch|p1a: Iron Hands|Iron Hands|100\/100\n|turn|5\n|\n|t:|1699754824\n|move|p1a: Iron Hands|Fake Out|p2a: Ragna\n|-damage|p2a: Ragna|55\/100\n|move|p1b: Arcanine|Extreme Speed|p2a: Ragna\n|-damage|p2a: Ragna|26\/100\n|move|p2b: Grimmsnarl|Reflect|p2b: Grimmsnarl\n|-sidestart|p2: Mr.X&Y97|Reflect\n|cant|p2a: Ragna|flinch\n|\n|-fieldend|move: Trick Room\n|upkeep\n|turn|6\n|\n|t:|1699754853\n|move|p1b: Arcanine|Extreme Speed|p2a: Ragna\n|-damage|p2a: Ragna|7\/100\n|move|p2a: Ragna|Hyper Voice|p1a: Iron Hands|[spread] p1a,p1b\n|-damage|p1a: Iron Hands|71\/100\n|-damage|p1b: Arcanine|0 fnt\n|faint|p1b: Arcanine\n|move|p1a: Iron Hands|Drain Punch|p2a: Ragna\n|-supereffective|p2a: Ragna\n|-damage|p2a: Ragna|0 fnt\n|-heal|p1a: Iron Hands|74\/100|[from] drain|[of] p2a: Ragna\n|faint|p2a: Ragna\n|move|p2b: Grimmsnarl|Spirit Break|p1a: Iron Hands\n|-supereffective|p1a: Iron Hands\n|-damage|p1a: Iron Hands|35\/100\n|-unboost|p1a: Iron Hands|spa|1\n|\n|upkeep\n|\n|t:|1699754874\n|switch|p1b: Articuno|Articuno|100\/100\n|switch|p2a: Lord Kanbei|Kingambit, M|100\/100\n|turn|7\n|\n|t:|1699754895\n|-terastallize|p1b: Articuno|Steel\n|move|p2a: Lord Kanbei|Protect|p2a: Lord Kanbei\n|-singleturn|p2a: Lord Kanbei|Protect\n|move|p1b: Articuno|Tera Blast|p2b: Grimmsnarl|[anim] Tera Blast Steel\n|-supereffective|p2b: Grimmsnarl\n|-damage|p2b: Grimmsnarl|29\/100\n|move|p1a: Iron Hands|Drain Punch|p2a: Lord Kanbei\n|-activate|p2a: Lord Kanbei|move: Protect\n|move|p2b: Grimmsnarl|Spirit Break|p1a: Iron Hands\n|-supereffective|p1a: Iron Hands\n|-damage|p1a: Iron Hands|0 fnt\n|faint|p1a: Iron Hands\n|-end|p1a: Iron Hands|Quark Drive|[silent]\n|\n|upkeep\n|\n|t:|1699754909\n|switch|p1a: Palafin|Palafin-Hero, F|100\/100\n|-activate|p1a: Palafin|ability: Zero to Hero\n|turn|8\n|\n|t:|1699754922\n|move|p2b: Grimmsnarl|Light Screen|p2b: Grimmsnarl\n|-sidestart|p2: Mr.X&Y97|move: Light Screen\n|move|p1a: Palafin|Wave Crash|p2a: Lord Kanbei\n|-damage|p2a: Lord Kanbei|61\/100\n|-damage|p1a: Palafin|85\/100|[from] Recoil\n|move|p1b: Articuno|Tera Blast|p2b: Grimmsnarl|[anim] Tera Blast Steel\n|-supereffective|p2b: Grimmsnarl\n|-damage|p2b: Grimmsnarl|0 fnt\n|faint|p2b: Grimmsnarl\n|move|p2a: Lord Kanbei|Kowtow Cleave|p1a: Palafin\n|-damage|p1a: Palafin|36\/100\n|\n|-heal|p2a: Lord Kanbei|67\/100|[from] item: Leftovers\n|upkeep\n|\n|t:|1699754929\n|switch|p2b: Stoney J.|Stonjourner, F|100\/100\n|turn|9\n|\n|t:|1699754951\n|move|p1a: Palafin|Wave Crash|p2a: Lord Kanbei\n|-damage|p2a: Lord Kanbei|25\/100\n|-damage|p1a: Palafin|20\/100|[from] Recoil\n|move|p1b: Articuno|Tera Blast|p2b: Stoney J.|[anim] Tera Blast Steel\n|-supereffective|p2b: Stoney J.\n|-enditem|p2b: Stoney J.|Focus Sash\n|-damage|p2b: Stoney J.|1\/100\n|move|p2b: Stoney J.|High Horsepower|p1b: Articuno\n|-supereffective|p1b: Articuno\n|-damage|p1b: Articuno|46\/100\n|move|p2a: Lord Kanbei|Kowtow Cleave|p1a: Palafin\n|-damage|p1a: Palafin|0 fnt\n|faint|p1a: Palafin\n|\n|-heal|p2a: Lord Kanbei|31\/100|[from] item: Leftovers\n|upkeep\n|\n|t:|1699754965\n|switch|p1a: Ninetales|Ninetales-Alola, F|100\/100\n|-weather|Snow|[from] ability: Snow Warning|[of] p1a: Ninetales\n|turn|10\n|\n|t:|1699754971\n|move|p2b: Stoney J.|Wide Guard|p2b: Stoney J.\n|-singleturn|p2b: Stoney J.|Wide Guard\n|move|p1a: Ninetales|Dazzling Gleam|p2a: Lord Kanbei|[spread] \n|-activate|p2a: Lord Kanbei|move: Wide Guard\n|-activate|p2b: Stoney J.|move: Wide Guard\n|move|p1b: Articuno|Tera Blast|p2a: Lord Kanbei|[anim] Tera Blast Steel\n|-resisted|p2a: Lord Kanbei\n|-damage|p2a: Lord Kanbei|19\/100\n|move|p2a: Lord Kanbei|Kowtow Cleave|p1b: Articuno\n|-damage|p1b: Articuno|0 fnt\n|faint|p1b: Articuno\n|\n|-weather|Snow|[upkeep]\n|-heal|p2a: Lord Kanbei|25\/100|[from] item: Leftovers\n|upkeep\n|turn|11\n|\n|t:|1699754990\n|move|p1a: Ninetales|Dazzling Gleam|p2b: Stoney J.|[spread] p2a,p2b\n|-damage|p2a: Lord Kanbei|11\/100\n|-damage|p2b: Stoney J.|0 fnt\n|faint|p2b: Stoney J.\n|move|p2a: Lord Kanbei|Iron Head|p1a: Ninetales\n|-supereffective|p1a: Ninetales\n|-damage|p1a: Ninetales|0 fnt\n|faint|p1a: Ninetales\n|\n|win|Mr.X&Y97\n|raw|Harla's rating: 1558 &rarr; <strong>1543<\/strong><br \/>(-15 for losing)\n|raw|Mr.X&amp;Y97's rating: 1642 &rarr; <strong>1657<\/strong><br \/>(+15 for winning)\n|l|\u2606Harla\n","uploadtime":1699754998,"views":10,"p1id":"harla","p2id":"mrxy97","formatid":"gen9doublesou","rating":1543,"private":0,"password":""}