{"id":"gen9doublesou-1980876240","p1":"RocketsViability","p2":"xGCL","format":"[Gen 9] Doubles OU","log":"|j|\u2606RocketsViability\n|j|\u2606xGCL\n|t:|1698844993\n|gametype|doubles\n|player|p1|RocketsViability|2|1145\n|player|p2|xGCL|ingo|1282\n|teamsize|p1|6\n|teamsize|p2|6\n|gen|9\n|tier|[Gen 9] Doubles OU\n|rated|\n|rule|Species Clause: Limit one of each Pok\u00e9mon\n|rule|OHKO Clause: OHKO moves are banned\n|rule|Evasion Moves Clause: Evasion moves are banned\n|rule|Gravity Sleep Clause: The combination of sleep-inducing moves with imperfect accuracy and Gravity or Gigantamax Orbeetle are banned\n|rule|Endless Battle Clause: Forcing endless battles is banned\n|rule|HP Percentage Mod: HP is shown in percentages\n|clearpoke\n|poke|p1|Ninetales-Alola, M|\n|poke|p1|Trevenant, F|\n|poke|p1|Goodra-Hisui, M|\n|poke|p1|Sandslash-Alola, M|\n|poke|p1|Torterra, M|\n|poke|p1|Empoleon, M|\n|poke|p2|Ursaluna, M|\n|poke|p2|Amoonguss, F|\n|poke|p2|Chi-Yu|\n|poke|p2|Gliscor, M|\n|poke|p2|Flutter Mane|\n|poke|p2|Basculegion-F, F|\n|teampreview\n|inactive|Battle timer is ON: inactive players will automatically lose when time's up. (requested by xGCL)\n|\n|t:|1698845017\n|start\n|switch|p1a: Empoleon|Empoleon, M|100\/100\n|switch|p1b: Trevenant|Trevenant, F|100\/100\n|switch|p2a: Chi-Yu|Chi-Yu|100\/100\n|switch|p2b: Gliscor|Gliscor, M|100\/100\n|-ability|p2a: Chi-Yu|Beads of Ruin\n|turn|1\n|\n|t:|1698845032\n|-terastallize|p2a: Chi-Yu|Grass\n|move|p1a: Empoleon|Protect|p1a: Empoleon\n|-singleturn|p1a: Empoleon|Protect\n|move|p2a: Chi-Yu|Heat Wave|p1b: Trevenant|[spread] p1b\n|-activate|p1a: Empoleon|move: Protect\n|-supereffective|p1b: Trevenant\n|-damage|p1b: Trevenant|27\/100\n|-enditem|p1b: Trevenant|Sitrus Berry|[eat]\n|-heal|p1b: Trevenant|52\/100|[from] item: Sitrus Berry\n|move|p2b: Gliscor|Earthquake|p1b: Trevenant|[spread] p2a,p1b\n|-activate|p1a: Empoleon|move: Protect\n|-resisted|p2a: Chi-Yu\n|-resisted|p1b: Trevenant\n|-damage|p2a: Chi-Yu|72\/100\n|-damage|p1b: Trevenant|34\/100\n|move|p1b: Trevenant|Toxic|p2a: Chi-Yu\n|-status|p2a: Chi-Yu|tox\n|\n|-damage|p2a: Chi-Yu|66\/100 tox|[from] psn\n|-status|p2b: Gliscor|tox|[from] item: Toxic Orb\n|-item|p1b: Trevenant|Sitrus Berry|[from] ability: Harvest\n|upkeep\n|-enditem|p1b: Trevenant|Sitrus Berry|[eat]\n|-heal|p1b: Trevenant|59\/100|[from] item: Sitrus Berry\n|turn|2\n|\n|t:|1698845061\n|-terastallize|p1a: Empoleon|Water\n|move|p1b: Trevenant|Ally Switch|p1b: Trevenant\n|swap|p1b: Trevenant|0|[from] move: Ally Switch\n|move|p2a: Chi-Yu|Heat Wave|p1a: Trevenant|[spread] p1a,p1b\n|-supereffective|p1a: Trevenant\n|-resisted|p1b: Empoleon\n|-damage|p1a: Trevenant|0 fnt\n|-damage|p1b: Empoleon|76\/100\n|faint|p1a: Trevenant\n|move|p2b: Gliscor|Swords Dance|p2b: Gliscor\n|-boost|p2b: Gliscor|atk|2\n|move|p1b: Empoleon|Blizzard|p2b: Gliscor|[spread] p2a,p2b\n|-supereffective|p2a: Chi-Yu\n|-supereffective|p2b: Gliscor\n|-damage|p2a: Chi-Yu|1\/100 tox\n|-damage|p2b: Gliscor|0 fnt\n|faint|p2b: Gliscor\n|-heal|p1b: Empoleon|94\/100|[from] item: Shell Bell|[of] p2: Gliscor\n|\n|-damage|p2a: Chi-Yu|0 fnt|[from] psn\n|faint|p2a: Chi-Yu\n|upkeep\n|\n|t:|1698845086\n|switch|p2a: Ursaluna|Ursaluna, M|100\/100\n|switch|p2b: Basculegion|Basculegion-F, F|100\/100\n|switch|p1a: Torterra|Torterra, M|100\/100\n|turn|3\n|\n|t:|1698845098\n|move|p2a: Ursaluna|Protect|p2a: Ursaluna\n|-singleturn|p2a: Ursaluna|Protect\n|move|p2b: Basculegion|Icy Wind|p1a: Torterra|[spread] p1a\n|-miss|p2b: Basculegion|p1b: Empoleon\n|-supereffective|p1a: Torterra\n|-damage|p1a: Torterra|36\/100\n|-unboost|p1a: Torterra|spe|1\n|move|p1b: Empoleon|Hydro Pump|p2a: Ursaluna\n|-activate|p2a: Ursaluna|move: Protect\n|move|p1a: Torterra|Shell Smash|p1a: Torterra\n|-unboost|p1a: Torterra|def|1\n|-unboost|p1a: Torterra|spd|1\n|-boost|p1a: Torterra|atk|2\n|-boost|p1a: Torterra|spa|2\n|-boost|p1a: Torterra|spe|2\n|\n|-status|p2a: Ursaluna|brn|[from] item: Flame Orb\n|upkeep\n|turn|4\n|\n|t:|1698845118\n|switch|p2a: Amoonguss|Amoonguss, F|100\/100\n|move|p1a: Torterra|Bullet Seed|p2b: Basculegion\n|-supereffective|p2b: Basculegion\n|-damage|p2b: Basculegion|39\/100\n|-supereffective|p2b: Basculegion\n|-damage|p2b: Basculegion|0 fnt\n|faint|p2b: Basculegion\n|-hitcount|p2: Basculegion|2\n|move|p1b: Empoleon|Hydro Pump|p2a: Amoonguss\n|-resisted|p2a: Amoonguss\n|-damage|p2a: Amoonguss|67\/100\n|-heal|p1b: Empoleon|98\/100|[from] item: Shell Bell|[of] p2a: Amoonguss\n|\n|-heal|p2a: Amoonguss|73\/100|[from] item: Leftovers\n|upkeep\n|\n|t:|1698845124\n|switch|p2b: Flutter Mane|Flutter Mane|100\/100\n|-enditem|p2b: Flutter Mane|Booster Energy\n|-activate|p2b: Flutter Mane|ability: Protosynthesis|[fromitem]\n|-start|p2b: Flutter Mane|protosynthesisspe\n|turn|5\n|\n|t:|1698845143\n|move|p2b: Flutter Mane|Dazzling Gleam|p1a: Torterra|[spread] p1a,p1b\n|-damage|p1a: Torterra|0 fnt\n|-damage|p1b: Empoleon|69\/100\n|faint|p1a: Torterra\n|move|p1b: Empoleon|Air Slash|p2a: Amoonguss\n|-supereffective|p2a: Amoonguss\n|-damage|p2a: Amoonguss|26\/100\n|-heal|p1b: Empoleon|75\/100|[from] item: Shell Bell|[of] p2a: Amoonguss\n|move|p2a: Amoonguss|Giga Drain|p1b: Empoleon\n|-supereffective|p1b: Empoleon\n|-damage|p1b: Empoleon|31\/100\n|-heal|p2a: Amoonguss|48\/100|[from] drain|[of] p1b: Empoleon\n|\n|-heal|p2a: Amoonguss|55\/100|[from] item: Leftovers\n|upkeep\n|\n|t:|1698845153\n|switch|p1a: Sandslash|Sandslash-Alola, M|100\/100\n|turn|6\n|\n|t:|1698845164\n|move|p2b: Flutter Mane|Protect|p2b: Flutter Mane\n|-singleturn|p2b: Flutter Mane|Protect\n|move|p1a: Sandslash|Knock Off|p2b: Flutter Mane\n|-activate|p2b: Flutter Mane|move: Protect\n|move|p1b: Empoleon|Blizzard|p2a: Amoonguss|[spread] p2a\n|-activate|p2b: Flutter Mane|move: Protect\n|-supereffective|p2a: Amoonguss\n|-damage|p2a: Amoonguss|11\/100\n|-heal|p1b: Empoleon|36\/100|[from] item: Shell Bell|[of] p2b: Flutter Mane\n|move|p2a: Amoonguss|Spore|p1a: Sandslash\n|-status|p1a: Sandslash|slp|[from] move: Spore\n|\n|-heal|p2a: Amoonguss|17\/100|[from] item: Leftovers\n|upkeep\n|turn|7\n|\n|t:|1698845187\n|move|p2a: Amoonguss|Rage Powder|p2a: Amoonguss\n|-singleturn|p2a: Amoonguss|move: Rage Powder\n|cant|p1a: Sandslash|slp\n|move|p2b: Flutter Mane|Dazzling Gleam|p1b: Empoleon|[spread] p1a,p1b\n|-resisted|p1a: Sandslash\n|-damage|p1a: Sandslash|80\/100 slp\n|-damage|p1b: Empoleon|7\/100\n|move|p1b: Empoleon|Blizzard|p2a: Amoonguss|[spread] p2a,p2b\n|-supereffective|p2a: Amoonguss\n|-damage|p2a: Amoonguss|0 fnt\n|-damage|p2b: Flutter Mane|71\/100\n|faint|p2a: Amoonguss\n|-heal|p1b: Empoleon|12\/100|[from] item: Shell Bell|[of] p2b: Flutter Mane\n|\n|upkeep\n|c|\u2606xGCL|scope lens\n|inactive|xGCL has 120 seconds left.\n|c|\u2606xGCL|or whatever its called\n|\n|t:|1698845209\n|switch|p2a: Ursaluna|Ursaluna, M|100\/100 brn\n|turn|8\n|c|\u2606RocketsViability|?\n|c|\u2606xGCL|70% accurate\n|inactive|xGCL has 120 seconds left.\n|c|\u2606xGCL|u have hit 6 times with blizzard\n|inactive|RocketsViability has 120 seconds left.\n|c|\u2606RocketsViability|i mean its not that lucky\n|\n|t:|1698845247\n|move|p2a: Ursaluna|Protect|p2a: Ursaluna\n|-singleturn|p2a: Ursaluna|Protect\n|move|p2b: Flutter Mane|Shadow Ball|p1a: Sandslash\n|-damage|p1a: Sandslash|25\/100 slp\n|cant|p1a: Sandslash|slp\n|move|p1b: Empoleon|Blizzard|p2a: Ursaluna|[spread] \n|-activate|p2a: Ursaluna|move: Protect\n|-miss|p1b: Empoleon|p2b: Flutter Mane\n|\n|-damage|p2a: Ursaluna|94\/100 brn|[from] brn\n|upkeep\n|turn|9\n|inactive|xGCL has 120 seconds left.\n|\n|t:|1698845270\n|move|p1b: Empoleon|Protect|p1b: Empoleon\n|-singleturn|p1b: Empoleon|Protect\n|-curestatus|p1a: Sandslash|slp|[msg]\n|move|p1a: Sandslash|Ice Shard|p2a: Ursaluna\n|-supereffective|p2a: Ursaluna\n|-damage|p2a: Ursaluna|67\/100 brn\n|move|p2b: Flutter Mane|Dazzling Gleam|p1b: Empoleon|[spread] p1a\n|-activate|p1b: Empoleon|move: Protect\n|-resisted|p1a: Sandslash\n|-damage|p1a: Sandslash|5\/100\n|move|p2a: Ursaluna|Facade|p1b: Empoleon\n|-activate|p1b: Empoleon|move: Protect\n|\n|-damage|p2a: Ursaluna|61\/100 brn|[from] brn\n|upkeep\n|turn|10\n|\n|t:|1698845286\n|move|p2a: Ursaluna|Protect|p2a: Ursaluna\n|-singleturn|p2a: Ursaluna|Protect\n|move|p1a: Sandslash|Ice Shard|p2a: Ursaluna\n|-activate|p2a: Ursaluna|move: Protect\n|move|p2b: Flutter Mane|Dazzling Gleam|p1a: Sandslash|[spread] p1a,p1b\n|-resisted|p1a: Sandslash\n|-damage|p1a: Sandslash|0 fnt\n|-damage|p1b: Empoleon|0 fnt\n|faint|p1a: Sandslash\n|faint|p1b: Empoleon\n|\n|-damage|p2a: Ursaluna|54\/100 brn|[from] brn\n|upkeep\n|\n|t:|1698845290\n|switch|p1a: Ninetales|Ninetales-Alola, M|100\/100\n|switch|p1b: Goodra|Goodra-Hisui, M|100\/100\n|-weather|Snow|[from] ability: Snow Warning|[of] p1a: Ninetales\n|turn|11\n|\n|t:|1698845300\n|move|p2b: Flutter Mane|Protect|p2b: Flutter Mane\n|-singleturn|p2b: Flutter Mane|Protect\n|move|p1b: Goodra|Protect|p1b: Goodra\n|-singleturn|p1b: Goodra|Protect\n|move|p1a: Ninetales|Aurora Veil|p1a: Ninetales\n|-sidestart|p1: RocketsViability|move: Aurora Veil\n|move|p2a: Ursaluna|Earthquake|p1a: Ninetales|[spread] p1a\n|-activate|p2b: Flutter Mane|move: Protect\n|-activate|p1b: Goodra|move: Protect\n|-damage|p1a: Ninetales|55\/100\n|\n|-weather|Snow|[upkeep]\n|-damage|p2a: Ursaluna|48\/100 brn|[from] brn\n|upkeep\n|turn|12\n|\n|t:|1698845319\n|move|p2a: Ursaluna|Protect|p2a: Ursaluna\n|-singleturn|p2a: Ursaluna|Protect\n|move|p2b: Flutter Mane|Shadow Ball|p1a: Ninetales\n|-damage|p1a: Ninetales|22\/100\n|move|p1a: Ninetales|Blizzard|p2b: Flutter Mane|[spread] p2b\n|-activate|p2a: Ursaluna|move: Protect\n|-damage|p2b: Flutter Mane|35\/100\n|move|p1b: Goodra|Blizzard|p2b: Flutter Mane|[spread] p2b\n|-activate|p2a: Ursaluna|move: Protect\n|-damage|p2b: Flutter Mane|3\/100\n|\n|-weather|Snow|[upkeep]\n|-damage|p2a: Ursaluna|42\/100 brn|[from] brn\n|upkeep\n|turn|13\n|\n|t:|1698845341\n|move|p2b: Flutter Mane|Shadow Ball|p1a: Ninetales\n|-damage|p1a: Ninetales|0 fnt\n|faint|p1a: Ninetales\n|move|p1b: Goodra|Blizzard|p2a: Ursaluna|[spread] p2a,p2b\n|-supereffective|p2a: Ursaluna\n|-damage|p2a: Ursaluna|0 fnt\n|-damage|p2b: Flutter Mane|0 fnt\n|faint|p2a: Ursaluna\n|faint|p2b: Flutter Mane\n|-end|p2b: Flutter Mane|Protosynthesis|[silent]\n|\n|win|RocketsViability\n|raw|RocketsViability's rating: 1145 &rarr; <strong>1179<\/strong><br \/>(+34 for winning)\n|raw|xGCL's rating: 1282 &rarr; <strong>1248<\/strong><br \/>(-34 for losing)\n","uploadtime":1698845360,"views":20,"p1id":"rocketsviability","p2id":"xgcl","formatid":"gen9doublesou","rating":1179,"private":0,"password":""}