{"id":"gen9doublesou-1992494937","p1":"Rajastega23","p2":"Cdazzle91","format":"[Gen 9] Doubles OU","log":"|j|\u2606Rajastega23\n|j|\u2606Cdazzle91\n|inactive|Battle timer is ON: inactive players will automatically lose when time's up.\n|t:|1700194846\n|gametype|doubles\n|player|p1|Rajastega23|2|\n|player|p2|Cdazzle91|hiker-gen4|\n|teamsize|p1|4\n|teamsize|p2|4\n|gen|9\n|tier|[Gen 9] Doubles OU\n|rated|Tournament battle\n|rule|Species Clause: Limit one of each Pok\u00e9mon\n|rule|OHKO Clause: OHKO moves are banned\n|rule|Evasion Moves Clause: Evasion moves are banned\n|rule|Gravity Sleep Clause: The combination of sleep-inducing moves with imperfect accuracy and Gravity or Gigantamax Orbeetle are banned\n|rule|Endless Battle Clause: Forcing endless battles is banned\n|rule|HP Percentage Mod: HP is shown in percentages\n|clearpoke\n|poke|p1|Baxcalibur, F|\n|poke|p1|Bronzor|\n|poke|p1|Mudbray, F|\n|poke|p1|Gholdengo|\n|poke|p2|Piloswine, M|\n|poke|p2|Tinkaton, F|\n|poke|p2|Hattrem, F|\n|poke|p2|Bellibolt, M|\n|teampreview\n|j|*Lady Monita \u2746\n|j| Invinci\n|\n|t:|1700194863\n|start\n|switch|p1a: Bronzor|Bronzor|100\/100\n|switch|p1b: Mudbray|Mudbray, F|100\/100\n|switch|p2a: Bellibolt|Bellibolt, M|100\/100\n|switch|p2b: Hattrem|Hattrem, F|100\/100\n|turn|1\n|\n|t:|1700194894\n|move|p1a: Bronzor|Helping Hand|p1b: Mudbray\n|-singleturn|p1b: Mudbray|Helping Hand|[of] p1a: Bronzor\n|move|p2b: Hattrem|Calm Mind|p2b: Hattrem\n|-boost|p2b: Hattrem|spa|1\n|-boost|p2b: Hattrem|spd|1\n|move|p1b: Mudbray|Earthquake|p2a: Bellibolt|[spread] p2a,p2b\n|-immune|p1a: Bronzor|[from] ability: Levitate\n|-supereffective|p2a: Bellibolt\n|-damage|p2a: Bellibolt|37\/100\n|-damage|p2b: Hattrem|47\/100\n|move|p2a: Bellibolt|Reflect|p2a: Bellibolt\n|-sidestart|p2: Cdazzle91|Reflect\n|\n|upkeep\n|turn|2\n|inactive|Cdazzle91 has 120 seconds left.\n|\n|t:|1700194940\n|move|p1a: Bronzor|Helping Hand|p1b: Mudbray\n|-singleturn|p1b: Mudbray|Helping Hand|[of] p1a: Bronzor\n|move|p2b: Hattrem|Mystical Fire|p1a: Bronzor\n|-supereffective|p1a: Bronzor\n|-crit|p1a: Bronzor\n|-damage|p1a: Bronzor|43\/100\n|-unboost|p1a: Bronzor|spa|1\n|move|p1b: Mudbray|Iron Head|p2b: Hattrem\n|-crit|p2b: Hattrem\n|-damage|p2b: Hattrem|0 fnt\n|faint|p2b: Hattrem\n|move|p2a: Bellibolt|Slack Off|p2a: Bellibolt\n|-heal|p2a: Bellibolt|87\/100\n|\n|upkeep\n|inactive|Cdazzle91 has 90 seconds left.\n|\n|t:|1700194961\n|switch|p2b: Piloswine|Piloswine, M|100\/100\n|turn|3\n|j| poketough\n|l| poketough\n|inactive|Cdazzle91 has 90 seconds left.\n|\n|t:|1700194992\n|move|p2b: Piloswine|Icicle Crash|p1b: Mudbray\n|-supereffective|p1b: Mudbray\n|-damage|p1b: Mudbray|29\/100\n|-ability|p1b: Mudbray|Stamina|boost\n|-boost|p1b: Mudbray|def|1\n|move|p2a: Bellibolt|Thunderbolt|p1a: Bronzor\n|-damage|p1a: Bronzor|25\/100\n|move|p1b: Mudbray|Iron Head|p2b: Piloswine\n|-supereffective|p2b: Piloswine\n|-damage|p2b: Piloswine|67\/100\n|move|p1a: Bronzor|Hypnosis|p2b: Piloswine|[miss]\n|-miss|p1a: Bronzor|p2b: Piloswine\n|\n|-heal|p2b: Piloswine|73\/100|[from] item: Leftovers\n|upkeep\n|turn|4\n|inactive|Cdazzle91 has 90 seconds left.\n|\n|t:|1700195017\n|move|p2b: Piloswine|Icicle Crash|p1b: Mudbray\n|-supereffective|p1b: Mudbray\n|-damage|p1b: Mudbray|0 fnt\n|faint|p1b: Mudbray\n|move|p2a: Bellibolt|Thunderbolt|p1a: Bronzor\n|-damage|p1a: Bronzor|6\/100\n|move|p1a: Bronzor|Hypnosis|p2b: Piloswine\n|-status|p2b: Piloswine|slp|[from] move: Hypnosis\n|\n|-heal|p2b: Piloswine|79\/100 slp|[from] item: Leftovers\n|upkeep\n|\n|t:|1700195020\n|switch|p1b: Gholdengo|Gholdengo|100\/100\n|turn|5\n|\n|t:|1700195038\n|move|p1a: Bronzor|Helping Hand|p1b: Gholdengo\n|-immune|p1b: Gholdengo|[from] ability: Good as Gold\n|cant|p2b: Piloswine|slp\n|move|p1b: Gholdengo|Make It Rain|p2b: Piloswine|[spread] p2a,p2b\n|-resisted|p2a: Bellibolt\n|-supereffective|p2b: Piloswine\n|-damage|p2a: Bellibolt|48\/100\n|-damage|p2b: Piloswine|0 fnt\n|-unboost|p1b: Gholdengo|spa|1\n|faint|p2b: Piloswine\n|move|p2a: Bellibolt|Light Screen|p2a: Bellibolt\n|-sidestart|p2: Cdazzle91|move: Light Screen\n|\n|upkeep\n|\n|t:|1700195052\n|switch|p2b: Tinkaton|Tinkaton, F|100\/100\n|-ability|p2b: Tinkaton|Mold Breaker\n|turn|6\n|\n|t:|1700195067\n|move|p2b: Tinkaton|Rock Slide|p1a: Bronzor|[spread] p1a,p1b\n|-resisted|p1a: Bronzor\n|-resisted|p1b: Gholdengo\n|-damage|p1a: Bronzor|1\/100\n|-damage|p1b: Gholdengo|93\/100\n|move|p1b: Gholdengo|Make It Rain|p2a: Bellibolt|[spread] p2a,p2b\n|-resisted|p2a: Bellibolt\n|-damage|p2a: Bellibolt|32\/100\n|-damage|p2b: Tinkaton|61\/100\n|-unboost|p1b: Gholdengo|spa|1\n|move|p2a: Bellibolt|Slack Off|p2a: Bellibolt\n|-heal|p2a: Bellibolt|82\/100\n|move|p1a: Bronzor|Hypnosis|p2b: Tinkaton|[miss]\n|-miss|p1a: Bronzor|p2b: Tinkaton\n|\n|upkeep\n|turn|7\n|inactive|Cdazzle91 has 120 seconds left.\n|\n|t:|1700195090\n|switch|p1b: Baxcalibur|Baxcalibur, F|100\/100\n|move|p2b: Tinkaton|Protect|p2b: Tinkaton\n|-singleturn|p2b: Tinkaton|Protect\n|move|p2a: Bellibolt|Thunderbolt|p1b: Baxcalibur\n|-resisted|p1b: Baxcalibur\n|-damage|p1b: Baxcalibur|86\/100\n|move|p1a: Bronzor|Hypnosis|p2b: Tinkaton\n|-activate|p2b: Tinkaton|move: Protect\n|\n|upkeep\n|turn|8\n|inactive|Cdazzle91 has 120 seconds left.\n|\n|t:|1700195117\n|move|p1b: Baxcalibur|Protect|p1b: Baxcalibur\n|-singleturn|p1b: Baxcalibur|Protect\n|move|p2b: Tinkaton|Gigaton Hammer|p1b: Baxcalibur\n|-activate|p1b: Baxcalibur|move: Protect\n|move|p2a: Bellibolt|Thunderbolt|p1a: Bronzor\n|-damage|p1a: Bronzor|0 fnt\n|faint|p1a: Bronzor\n|\n|-sideend|p2: Cdazzle91|Reflect\n|upkeep\n|\n|t:|1700195121\n|switch|p1a: Gholdengo|Gholdengo|93\/100\n|turn|9\n|\n|t:|1700195138\n|-terastallize|p1b: Baxcalibur|Electric\n|move|p2b: Tinkaton|Protect|p2b: Tinkaton\n|-singleturn|p2b: Tinkaton|Protect\n|move|p1b: Baxcalibur|Dragon Dance|p1b: Baxcalibur\n|-boost|p1b: Baxcalibur|atk|1\n|-boost|p1b: Baxcalibur|spe|1\n|move|p1a: Gholdengo|Make It Rain|p2b: Tinkaton|[spread] p2a\n|-activate|p2b: Tinkaton|move: Protect\n|-resisted|p2a: Bellibolt\n|-crit|p2a: Bellibolt\n|-damage|p2a: Bellibolt|30\/100\n|-unboost|p1a: Gholdengo|spa|1\n|move|p2a: Bellibolt|Reflect|p2a: Bellibolt\n|-sidestart|p2: Cdazzle91|Reflect\n|\n|upkeep\n|turn|10\n|\n|t:|1700195173\n|move|p1b: Baxcalibur|Tera Blast|p2b: Tinkaton|[anim] Tera Blast Electric\n|-damage|p2b: Tinkaton|0 fnt\n|faint|p2b: Tinkaton\n|move|p1a: Gholdengo|Make It Rain|p2a: Bellibolt\n|-resisted|p2a: Bellibolt\n|-damage|p2a: Bellibolt|9\/100\n|-unboost|p1a: Gholdengo|spa|1\n|move|p2a: Bellibolt|Slack Off|p2a: Bellibolt\n|-heal|p2a: Bellibolt|59\/100\n|\n|upkeep\n|turn|11\n|\n|t:|1700195182\n|move|p1b: Baxcalibur|Icicle Spear|p2a: Bellibolt\n|-damage|p2a: Bellibolt|49\/100\n|-damage|p2a: Bellibolt|41\/100\n|-damage|p2a: Bellibolt|32\/100\n|-damage|p2a: Bellibolt|24\/100\n|-hitcount|p2a: Bellibolt|4\n|move|p1a: Gholdengo|Make It Rain|p2a: Bellibolt\n|-resisted|p2a: Bellibolt\n|-damage|p2a: Bellibolt|7\/100\n|-unboost|p1a: Gholdengo|spa|1\n|move|p2a: Bellibolt|Thunderbolt|p1a: Gholdengo\n|-damage|p1a: Gholdengo|56\/100\n|\n|upkeep\n|turn|12\n|\n|t:|1700195191\n|move|p1b: Baxcalibur|Icicle Spear|p2a: Bellibolt\n|-damage|p2a: Bellibolt|0 fnt\n|faint|p2a: Bellibolt\n|-hitcount|p2: Bellibolt|1\n|\n|win|Rajastega23\n|n|\u2606Rajastega23|rajastega23\n|n|\u2606Cdazzle91|cdazzle91\n|n|*Lady Monita \u2746|ladymonita\n|n| Invinci|invinci\n","uploadtime":1700195193,"views":8,"p1id":"rajastega23","p2id":"cdazzle91","formatid":"gen9doublesou","rating":0,"private":0,"password":""}