{"id":"gen9doublesou-1984385301","p1":"De_owner","p2":"fffnjj","format":"[Gen 9] Doubles OU","log":"|j|\u2606De_owner\n|j|\u2606fffnjj\n|t:|1699253981\n|gametype|doubles\n|player|p1|De_owner|102|1080\n|player|p2|fffnjj|lucas|1000\n|teamsize|p1|6\n|teamsize|p2|6\n|gen|9\n|tier|[Gen 9] Doubles OU\n|rated|\n|rule|Species Clause: Limit one of each Pok\u00e9mon\n|rule|OHKO Clause: OHKO moves are banned\n|rule|Evasion Moves Clause: Evasion moves are banned\n|rule|Gravity Sleep Clause: The combination of sleep-inducing moves with imperfect accuracy and Gravity or Gigantamax Orbeetle are banned\n|rule|Endless Battle Clause: Forcing endless battles is banned\n|rule|HP Percentage Mod: HP is shown in percentages\n|clearpoke\n|poke|p1|Weezing-Galar, F|\n|poke|p1|Slaking, M|\n|poke|p1|Salamence, F|\n|poke|p1|Amoonguss, M|\n|poke|p1|Dragonite, F|\n|poke|p1|Flutter Mane|\n|poke|p2|Flutter Mane|\n|poke|p2|Tornadus, M|\n|poke|p2|Iron Hands|\n|poke|p2|Ogerpon-Hearthflame, F|\n|poke|p2|Landorus-Therian, M|\n|poke|p2|Rillaboom, M|\n|teampreview\n|inactive|Battle timer is ON: inactive players will automatically lose when time's up. (requested by fffnjj)\n|\n|t:|1699253995\n|start\n|switch|p1a: Flutter Mane|Flutter Mane|100\/100\n|switch|p1b: Dragonite|Dragonite, F|100\/100\n|switch|p2a: Landorus|Landorus-Therian, M|100\/100\n|switch|p2b: Ogerpon|Ogerpon-Hearthflame, F|100\/100\n|-ability|p2b: Ogerpon|Mold Breaker\n|-ability|p2a: Landorus|Intimidate|boost\n|-unboost|p1a: Flutter Mane|atk|1\n|-unboost|p1b: Dragonite|atk|1\n|-enditem|p1a: Flutter Mane|Booster Energy\n|-activate|p1a: Flutter Mane|ability: Protosynthesis|[fromitem]\n|-start|p1a: Flutter Mane|protosynthesisspe\n|turn|1\n|inactive|De_owner has 120 seconds left.\n|\n|t:|1699254030\n|-terastallize|p2b: Ogerpon|Fire\n|detailschange|p2b: Ogerpon|Ogerpon-Hearthflame-Tera, F, tera:Fire\n|-ability|p2b: Ogerpon|Embody Aspect (Hearthflame)|boost\n|-boost|p2b: Ogerpon|atk|1\n|move|p1b: Dragonite|Extreme Speed|p2a: Landorus\n|-damage|p2a: Landorus|81\/100\n|-damage|p1b: Dragonite|84\/100|[from] item: Rocky Helmet|[of] p2a: Landorus\n|-heal|p1b: Dragonite|87\/100|[from] item: Shell Bell|[of] p2a: Landorus\n|move|p1a: Flutter Mane|Dazzling Gleam|p2a: Landorus|[spread] p2a,p2b\n|-resisted|p2b: Ogerpon\n|-damage|p2a: Landorus|45\/100\n|-damage|p2b: Ogerpon|84\/100\n|move|p2b: Ogerpon|Ivy Cudgel|p1a: Flutter Mane\n|-crit|p1a: Flutter Mane\n|-damage|p1a: Flutter Mane|0 fnt\n|faint|p1a: Flutter Mane\n|-end|p1a: Flutter Mane|Protosynthesis|[silent]\n|move|p2a: Landorus|Rock Slide|p1b: Dragonite\n|-supereffective|p1b: Dragonite\n|-damage|p1b: Dragonite|39\/100\n|\n|upkeep\n|inactive|De_owner has 120 seconds left.\n|\n|t:|1699254041\n|switch|p1a: Amoonguss|Amoonguss, M|100\/100\n|turn|2\n|\n|t:|1699254058\n|move|p1b: Dragonite|Extreme Speed|p2a: Landorus\n|-damage|p2a: Landorus|26\/100\n|-damage|p1b: Dragonite|22\/100|[from] item: Rocky Helmet|[of] p2a: Landorus\n|-heal|p1b: Dragonite|25\/100|[from] item: Shell Bell|[of] p2a: Landorus\n|move|p2b: Ogerpon|Ivy Cudgel|p1a: Amoonguss\n|-supereffective|p1a: Amoonguss\n|-damage|p1a: Amoonguss|0 fnt\n|faint|p1a: Amoonguss\n|move|p2a: Landorus|U-turn|p1b: Dragonite\n|-resisted|p1b: Dragonite\n|-damage|p1b: Dragonite|14\/100\n|\n|t:|1699254070\n|switch|p2a: Tornadus|Tornadus, M|100\/100|[from] U-turn\n|\n|upkeep\n|\n|t:|1699254081\n|switch|p1a: Salamence|Salamence, F|100\/100\n|-ability|p1a: Salamence|Intimidate|boost\n|-unboost|p2a: Tornadus|atk|1\n|-unboost|p2b: Ogerpon|atk|1\n|turn|3\n|\n|t:|1699254096\n|move|p2a: Tornadus|Tailwind|p2a: Tornadus\n|-sidestart|p2: fffnjj|move: Tailwind\n|move|p2b: Ogerpon|Ivy Cudgel|p1b: Dragonite\n|-resisted|p1b: Dragonite\n|-damage|p1b: Dragonite|0 fnt\n|faint|p1b: Dragonite\n|move|p1a: Salamence|Earthquake|p2b: Ogerpon|[spread] p2b\n|-immune|p2a: Tornadus\n|-supereffective|p2b: Ogerpon\n|-damage|p2b: Ogerpon|21\/100\n|\n|upkeep\n|\n|t:|1699254113\n|switch|p1b: Slaking|Slaking, M|100\/100\n|turn|4\n|\n|t:|1699254136\n|switch|p2b: Rillaboom|Rillaboom, M|100\/100\n|-fieldstart|move: Grassy Terrain|[from] ability: Grassy Surge|[of] p2b: Rillaboom\n|move|p2a: Tornadus|Protect|p2a: Tornadus\n|-singleturn|p2a: Tornadus|Protect\n|move|p1a: Salamence|Dragon Dance|p1a: Salamence\n|-boost|p1a: Salamence|atk|1\n|-boost|p1a: Salamence|spe|1\n|move|p1b: Slaking|Body Slam|p2b: Rillaboom\n|-damage|p2b: Rillaboom|19\/100\n|-damage|p1b: Slaking|91\/100|[from] item: Life Orb\n|\n|-heal|p2b: Rillaboom|25\/100|[from] Grassy Terrain\n|-heal|p1b: Slaking|97\/100|[from] Grassy Terrain\n|upkeep\n|turn|5\n|inactive|fffnjj has 120 seconds left.\n|\n|t:|1699254167\n|move|p2a: Tornadus|Icy Wind|p1b: Slaking|[spread] p1a,p1b\n|-supereffective|p1a: Salamence\n|-damage|p1a: Salamence|38\/100\n|-damage|p1b: Slaking|85\/100\n|-unboost|p1a: Salamence|spe|1\n|-unboost|p1b: Slaking|spe|1\n|move|p2b: Rillaboom|Body Press|p1b: Slaking\n|-supereffective|p1b: Slaking\n|-damage|p1b: Slaking|63\/100\n|move|p1a: Salamence|Dragon Claw|p2b: Rillaboom\n|-damage|p2b: Rillaboom|0 fnt\n|faint|p2b: Rillaboom\n|cant|p1b: Slaking|ability: Truant\n|\n|-heal|p1b: Slaking|69\/100|[from] Grassy Terrain\n|upkeep\n|inactive|fffnjj has 120 seconds left.\n|\n|t:|1699254185\n|switch|p2b: Ogerpon|Ogerpon-Hearthflame-Tera, F, tera:Fire|21\/100\n|-ability|p2b: Ogerpon|Embody Aspect (Hearthflame)|boost\n|-boost|p2b: Ogerpon|atk|1\n|turn|6\n|inactive|fffnjj has 120 seconds left.\n|\n|t:|1699254201\n|move|p2b: Ogerpon|Spiky Shield|p2b: Ogerpon\n|-singleturn|p2b: Ogerpon|move: Protect\n|move|p2a: Tornadus|Icy Wind|p1b: Slaking|[spread] p1a,p1b\n|-supereffective|p1a: Salamence\n|-damage|p1a: Salamence|0 fnt\n|-damage|p1b: Slaking|58\/100\n|-unboost|p1b: Slaking|spe|1\n|faint|p1a: Salamence\n|move|p1b: Slaking|Ice Punch|p2a: Tornadus\n|-supereffective|p2a: Tornadus\n|-damage|p2a: Tornadus|19\/100\n|-damage|p1b: Slaking|48\/100|[from] item: Life Orb\n|\n|-heal|p2b: Ogerpon|27\/100|[from] Grassy Terrain\n|-heal|p1b: Slaking|54\/100|[from] Grassy Terrain\n|-sideend|p2: fffnjj|move: Tailwind\n|upkeep\n|\n|t:|1699254221\n|switch|p1a: Weezing|Weezing-Galar, F|100\/100\n|-ability|p1a: Weezing|Neutralizing Gas\n|turn|7\n|\n|t:|1699254235\n|move|p2b: Ogerpon|Ivy Cudgel|p1a: Weezing\n|-damage|p1a: Weezing|35\/100\n|move|p2a: Tornadus|Tailwind|p2a: Tornadus\n|-sidestart|p2: fffnjj|move: Tailwind\n|move|p1a: Weezing|Dazzling Gleam|p2b: Ogerpon|[spread] p2a,p2b\n|-resisted|p2b: Ogerpon\n|-damage|p2a: Tornadus|0 fnt\n|-damage|p2b: Ogerpon|18\/100\n|faint|p2a: Tornadus\n|move|p1b: Slaking|Drain Punch|p2b: Ogerpon\n|-damage|p2b: Ogerpon|0 fnt\n|-heal|p1b: Slaking|61\/100|[from] drain|[of] p2b: Ogerpon\n|faint|p2b: Ogerpon\n|-damage|p1b: Slaking|51\/100|[from] item: Life Orb\n|\n|-heal|p1a: Weezing|41\/100|[from] Grassy Terrain\n|-heal|p1a: Weezing|47\/100|[from] item: Leftovers\n|-heal|p1b: Slaking|57\/100|[from] Grassy Terrain\n|upkeep\n|\n|t:|1699254258\n|switch|p2b: Flutter Mane|Flutter Mane|100\/100\n|switch|p2a: Iron Hands|Iron Hands, shiny|100\/100\n|-enditem|p2b: Flutter Mane|Booster Energy\n|-activate|p2b: Flutter Mane|ability: Protosynthesis|[fromitem]\n|-start|p2b: Flutter Mane|protosynthesisspa\n|turn|8\n|\n|t:|1699254274\n|move|p2a: Iron Hands|Fake Out|p1a: Weezing\n|-damage|p1a: Weezing|37\/100\n|move|p2b: Flutter Mane|Shadow Ball|p1a: Weezing\n|-damage|p1a: Weezing|0 fnt\n|faint|p1a: Weezing\n|-end|p1a: Weezing|ability: Neutralizing Gas\n|move|p1b: Slaking|Ice Punch|p2b: Flutter Mane\n|-damage|p2b: Flutter Mane|35\/100\n|-damage|p1b: Slaking|47\/100|[from] item: Life Orb\n|\n|-heal|p2b: Flutter Mane|41\/100|[from] Grassy Terrain\n|-heal|p1b: Slaking|53\/100|[from] Grassy Terrain\n|-fieldend|move: Grassy Terrain\n|upkeep\n|turn|9\n|\n|t:|1699254299\n|move|p2b: Flutter Mane|Dazzling Gleam|p1b: Slaking\n|-damage|p1b: Slaking|4\/100\n|move|p2a: Iron Hands|Close Combat|p1b: Slaking\n|-supereffective|p1b: Slaking\n|-damage|p1b: Slaking|0 fnt\n|-unboost|p2a: Iron Hands|def|1\n|-unboost|p2a: Iron Hands|spd|1\n|faint|p1b: Slaking\n|\n|win|fffnjj\n|raw|De_owner's rating: 1080 &rarr; <strong>1053<\/strong><br \/>(-27 for losing)\n|raw|fffnjj's rating: 1000 &rarr; <strong>1049<\/strong><br \/>(+49 for winning)\n","uploadtime":1699254312,"views":9,"p1id":"deowner","p2id":"fffnjj","formatid":"gen9doublesou","rating":1049,"private":0,"password":""}