{"id":"gen9doublesou-1982619080","p1":"ShadedNoir","p2":"Decibella","format":"[Gen 9] Doubles OU","log":"|j|\u2606ShadedNoir\n|j|\u2606Decibella\n|t:|1699030292\n|gametype|doubles\n|player|p1|ShadedNoir|olympia|1304\n|player|p2|Decibella|170|1414\n|teamsize|p1|6\n|teamsize|p2|6\n|gen|9\n|tier|[Gen 9] Doubles OU\n|rated|\n|rule|Species Clause: Limit one of each Pok\u00e9mon\n|rule|OHKO Clause: OHKO moves are banned\n|rule|Evasion Moves Clause: Evasion moves are banned\n|rule|Gravity Sleep Clause: The combination of sleep-inducing moves with imperfect accuracy and Gravity or Gigantamax Orbeetle are banned\n|rule|Endless Battle Clause: Forcing endless battles is banned\n|rule|HP Percentage Mod: HP is shown in percentages\n|clearpoke\n|poke|p1|Palafin, M|\n|poke|p1|Talonflame, F|\n|poke|p1|Brambleghast, F|\n|poke|p1|Maushold-Four|\n|poke|p1|Tinkaton, F|\n|poke|p1|Chi-Yu|\n|poke|p2|Armarouge, M|\n|poke|p2|Farigiraf, F|\n|poke|p2|Indeedee-F, F|\n|poke|p2|Torkoal, M|\n|poke|p2|Arboliva, M|\n|poke|p2|Dachsbun, M|\n|teampreview\n|inactive|Battle timer is ON: inactive players will automatically lose when time's up. (requested by Decibella)\n|inactive|ShadedNoir has 120 seconds left.\n|\n|t:|1699030335\n|start\n|switch|p1a: Tinkaton|Tinkaton, F|100\/100\n|switch|p1b: Chi-Yu|Chi-Yu|100\/100\n|switch|p2a: Farigiraf|Farigiraf, F|100\/100\n|switch|p2b: Arboliva|Arboliva, M|100\/100\n|-ability|p1b: Chi-Yu|Beads of Ruin\n|-ability|p1a: Tinkaton|Mold Breaker\n|turn|1\n|\n|t:|1699030355\n|-terastallize|p2b: Arboliva|Ground\n|move|p1b: Chi-Yu|Dark Pulse|p2a: Farigiraf\n|-supereffective|p2a: Farigiraf\n|-damage|p2a: Farigiraf|0 fnt\n|faint|p2a: Farigiraf\n|move|p1a: Tinkaton|Knock Off|p2b: Arboliva\n|-damage|p2b: Arboliva|77\/100\n|-enditem|p2b: Arboliva|Petaya Berry|[from] move: Knock Off|[of] p1a: Tinkaton\n|-damage|p1a: Tinkaton|91\/100|[from] item: Life Orb\n|move|p2b: Arboliva|Fling|p2: Farigiraf|[notarget]\n|-fail|p2b: Arboliva\n|\n|upkeep\n|inactive|Decibella has 120 seconds left.\n|\n|t:|1699030384\n|switch|p2a: Dachsbun|Dachsbun, M|100\/100\n|turn|2\n|\n|t:|1699030395\n|switch|p1b: Palafin|Palafin, M|100\/100\n|move|p1a: Tinkaton|Ice Hammer|p2b: Arboliva\n|-supereffective|p2b: Arboliva\n|-damage|p2b: Arboliva|29\/100\n|-unboost|p1a: Tinkaton|spe|1\n|-damage|p1a: Tinkaton|81\/100|[from] item: Life Orb\n|move|p2a: Dachsbun|Snarl|p1b: Palafin|[spread] p1a,p1b\n|-resisted|p1a: Tinkaton\n|-damage|p1a: Tinkaton|77\/100\n|-damage|p1b: Palafin|92\/100\n|-unboost|p1a: Tinkaton|spa|1\n|-unboost|p1b: Palafin|spa|1\n|move|p2b: Arboliva|Earth Power|p1b: Palafin\n|-damage|p1b: Palafin|38\/100\n|\n|upkeep\n|turn|3\n|\n|t:|1699030422\n|switch|p2b: Torkoal|Torkoal, M|100\/100\n|-weather|SunnyDay|[from] ability: Drought|[of] p2b: Torkoal\n|move|p1b: Palafin|Flip Turn|p2b: Torkoal\n|-supereffective|p2b: Torkoal\n|-damage|p2b: Torkoal|75\/100\n|inactive|ShadedNoir has 120 seconds left.\n|\n|t:|1699030438\n|detailschange|p1b: Palafin|Palafin-Hero, M\n|switch|p1b: Maushold|Maushold-Four|100\/100|[from] Flip Turn\n|move|p2a: Dachsbun|Body Press|p1b: Maushold\n|-supereffective|p1b: Maushold\n|-damage|p1b: Maushold|13\/100\n|move|p1a: Tinkaton|Gigaton Hammer|p2a: Dachsbun\n|-supereffective|p2a: Dachsbun\n|-damage|p2a: Dachsbun|0 fnt\n|faint|p2a: Dachsbun\n|-damage|p1a: Tinkaton|67\/100|[from] item: Life Orb\n|\n|-weather|SunnyDay|[upkeep]\n|upkeep\n|\n|t:|1699030450\n|switch|p2a: Armarouge|Armarouge, M|100\/100\n|turn|4\n|\n|t:|1699030458\n|move|p1b: Maushold|Bite|p2a: Armarouge\n|-supereffective|p2a: Armarouge\n|-crit|p2a: Armarouge\n|-damage|p2a: Armarouge|37\/100\n|move|p1a: Tinkaton|Knock Off|p2a: Armarouge\n|-supereffective|p2a: Armarouge\n|-damage|p2a: Armarouge|0 fnt\n|-enditem|p2a: Armarouge|Choice Specs|[from] move: Knock Off|[of] p1a: Tinkaton\n|faint|p2a: Armarouge\n|-damage|p1a: Tinkaton|57\/100|[from] item: Life Orb\n|move|p2b: Torkoal|Lava Plume|p1b: Maushold|[spread] p1a,p1b\n|-supereffective|p1a: Tinkaton\n|-damage|p1a: Tinkaton|0 fnt\n|-damage|p1b: Maushold|0 fnt\n|faint|p1a: Tinkaton\n|faint|p1b: Maushold\n|\n|-weather|SunnyDay|[upkeep]\n|upkeep\n|\n|t:|1699030486\n|switch|p1b: Palafin|Palafin-Hero, M|38\/100\n|switch|p1a: Chi-Yu|Chi-Yu|100\/100\n|switch|p2a: Arboliva|Arboliva, M, tera:Ground|29\/100\n|-ability|p1a: Chi-Yu|Beads of Ruin\n|-activate|p1b: Palafin|ability: Zero to Hero\n|turn|5\n|\n|t:|1699030505\n|-terastallize|p1a: Chi-Yu|Water\n|move|p1b: Palafin|Ice Punch|p2a: Arboliva\n|-supereffective|p2a: Arboliva\n|-damage|p2a: Arboliva|0 fnt\n|faint|p2a: Arboliva\n|move|p1a: Chi-Yu|Dark Pulse|p2b: Torkoal\n|-damage|p2b: Torkoal|0 fnt\n|faint|p2b: Torkoal\n|\n|-weather|SunnyDay|[upkeep]\n|upkeep\n|-message|Decibella forfeited.\n|\n|win|ShadedNoir\n|raw|ShadedNoir's rating: 1304 &rarr; <strong>1330<\/strong><br \/>(+26 for winning)\n|raw|Decibella's rating: 1414 &rarr; <strong>1388<\/strong><br \/>(-26 for losing)\n|l|\u2606Decibella\n","uploadtime":1699030538,"views":22,"p1id":"shadednoir","p2id":"decibella","formatid":"gen9doublesou","rating":1330,"private":0,"password":""}