{"id":"gen9doublesou-1986445525","p1":"Thehombre","p2":"BearPlayinGame","format":"[Gen 9] Doubles OU","log":"|j|\u2606Thehombre\n|j|\u2606BearPlayinGame\n|t:|1699479890\n|gametype|doubles\n|player|p1|Thehombre|265|1310\n|player|p2|BearPlayinGame|1|1348\n|teamsize|p1|6\n|teamsize|p2|6\n|gen|9\n|tier|[Gen 9] Doubles OU\n|rated|\n|rule|Species Clause: Limit one of each Pok\u00e9mon\n|rule|OHKO Clause: OHKO moves are banned\n|rule|Evasion Moves Clause: Evasion moves are banned\n|rule|Gravity Sleep Clause: The combination of sleep-inducing moves with imperfect accuracy and Gravity or Gigantamax Orbeetle are banned\n|rule|Endless Battle Clause: Forcing endless battles is banned\n|rule|HP Percentage Mod: HP is shown in percentages\n|clearpoke\n|poke|p1|Mew|\n|poke|p1|Corviknight, F|\n|poke|p1|Enamorus, F|\n|poke|p1|Illumise, F|\n|poke|p1|Maushold-Four|\n|poke|p1|Rotom|\n|poke|p2|Rillaboom, M|\n|poke|p2|Ninetales-Alola, M|\n|poke|p2|Salazzle, F|\n|poke|p2|Iron Hands|\n|poke|p2|Clefairy, M|\n|poke|p2|Kingambit, M|\n|teampreview\n|inactive|Battle timer is ON: inactive players will automatically lose when time's up. (requested by Thehombre)\n|j| saucy_099\n|\n|t:|1699479912\n|start\n|switch|p1a: Illumise|Illumise, F|100\/100\n|switch|p1b: Enamorus|Enamorus, F|100\/100\n|switch|p2a: Salazzle|Salazzle, F|100\/100\n|switch|p2b: Kingambit|Kingambit, M|100\/100\n|turn|1\n|\n|t:|1699479923\n|move|p2a: Salazzle|Fake Out|p1a: Illumise\n|-damage|p1a: Illumise|93\/100\n|cant|p1a: Illumise|flinch\n|move|p1b: Enamorus|Superpower|p2b: Kingambit\n|-supereffective|p2b: Kingambit\n|-damage|p2b: Kingambit|10\/100\n|-boost|p1b: Enamorus|atk|1\n|-boost|p1b: Enamorus|def|1\n|move|p2b: Kingambit|Iron Head|p1b: Enamorus\n|-supereffective|p1b: Enamorus\n|-damage|p1b: Enamorus|0 fnt\n|faint|p1b: Enamorus\n|\n|-heal|p1a: Illumise|99\/100|[from] item: Leftovers\n|upkeep\n|\n|t:|1699479939\n|switch|p1b: Rotom|Rotom|100\/100\n|turn|2\n|\n|t:|1699479960\n|move|p1a: Illumise|Thunder Wave|p2a: Salazzle\n|-status|p2a: Salazzle|par\n|move|p2b: Kingambit|Sucker Punch||[still]\n|-fail|p2b: Kingambit\n|move|p1b: Rotom|Will-O-Wisp|p2b: Kingambit\n|-status|p2b: Kingambit|brn\n|move|p2a: Salazzle|Flamethrower|p1a: Illumise\n|-supereffective|p1a: Illumise\n|-damage|p1a: Illumise|15\/100\n|\n|-heal|p1a: Illumise|21\/100|[from] item: Leftovers\n|-damage|p2b: Kingambit|4\/100 brn|[from] brn\n|upkeep\n|turn|3\n|\n|t:|1699479985\n|move|p1a: Illumise|Fake Tears|p2a: Salazzle\n|-unboost|p2a: Salazzle|spd|2\n|move|p2b: Kingambit|Sucker Punch||[still]\n|-fail|p2b: Kingambit\n|move|p1b: Rotom|Nasty Plot|p1b: Rotom\n|-boost|p1b: Rotom|spa|2\n|move|p2a: Salazzle|Substitute|p2a: Salazzle\n|-start|p2a: Salazzle|Substitute\n|-damage|p2a: Salazzle|75\/100 par\n|\n|-heal|p1a: Illumise|27\/100|[from] item: Leftovers\n|-heal|p2a: Salazzle|82\/100 par|[from] item: Black Sludge\n|-damage|p2b: Kingambit|0 fnt|[from] brn\n|faint|p2b: Kingambit\n|upkeep\n|\n|t:|1699480007\n|switch|p2b: Ninetales|Ninetales-Alola, M|100\/100\n|-weather|Snow|[from] ability: Snow Warning|[of] p2b: Ninetales\n|turn|4\n|\n|t:|1699480019\n|move|p2b: Ninetales|Substitute|p2b: Ninetales\n|-start|p2b: Ninetales|Substitute\n|-damage|p2b: Ninetales|76\/100\n|move|p1b: Rotom|Thunderbolt|p2b: Ninetales\n|-end|p2b: Ninetales|Substitute\n|move|p1a: Illumise|Struggle Bug|p2a: Salazzle|[spread] p2a,p2b\n|-resisted|p2a: Salazzle\n|-activate|p2a: Salazzle|move: Substitute|[damage]\n|-resisted|p2b: Ninetales\n|-damage|p2b: Ninetales|71\/100\n|-unboost|p2b: Ninetales|spa|1\n|cant|p2a: Salazzle|par\n|\n|-weather|Snow|[upkeep]\n|-heal|p1a: Illumise|33\/100|[from] item: Leftovers\n|-heal|p2a: Salazzle|88\/100 par|[from] item: Black Sludge\n|upkeep\n|turn|5\n|\n|t:|1699480045\n|move|p1a: Illumise|Thunder Wave|p2b: Ninetales\n|-status|p2b: Ninetales|par\n|move|p1b: Rotom|Thunderbolt|p2a: Salazzle\n|-end|p2a: Salazzle|Substitute\n|move|p2a: Salazzle|Toxic|p1b: Rotom\n|-status|p1b: Rotom|tox\n|move|p2b: Ninetales|Blizzard|p1b: Rotom|[spread] p1a,p1b\n|-damage|p1a: Illumise|15\/100\n|-damage|p1b: Rotom|74\/100 tox\n|\n|-weather|Snow|[upkeep]\n|-heal|p1b: Rotom|80\/100 tox|[from] item: Leftovers\n|-heal|p1a: Illumise|21\/100|[from] item: Leftovers\n|-heal|p2a: Salazzle|94\/100 par|[from] item: Black Sludge\n|-damage|p1b: Rotom|74\/100 tox|[from] psn\n|upkeep\n|turn|6\n|\n|t:|1699480067\n|move|p1a: Illumise|Fake Tears|p2b: Ninetales\n|-unboost|p2b: Ninetales|spd|2\n|move|p1b: Rotom|Thunderbolt|p2a: Salazzle\n|-damage|p2a: Salazzle|0 fnt\n|faint|p2a: Salazzle\n|move|p2b: Ninetales|Aurora Veil|p2b: Ninetales\n|-sidestart|p2: BearPlayinGame|move: Aurora Veil\n|\n|-weather|Snow|[upkeep]\n|-heal|p1b: Rotom|80\/100 tox|[from] item: Leftovers\n|-heal|p1a: Illumise|27\/100|[from] item: Leftovers\n|-damage|p1b: Rotom|68\/100 tox|[from] psn\n|upkeep\n|\n|t:|1699480081\n|switch|p2a: Clefairy|Clefairy, M|100\/100\n|turn|7\n|\n|t:|1699480093\n|move|p2a: Clefairy|Protect|p2a: Clefairy\n|-singleturn|p2a: Clefairy|Protect\n|move|p1a: Illumise|Fake Tears|p2a: Clefairy\n|-activate|p2a: Clefairy|move: Protect\n|move|p1b: Rotom|Thunderbolt|p2a: Clefairy\n|-activate|p2a: Clefairy|move: Protect\n|move|p2b: Ninetales|Blizzard|p1b: Rotom|[spread] p1a,p1b\n|-damage|p1a: Illumise|8\/100\n|-damage|p1b: Rotom|42\/100 tox\n|\n|-weather|Snow|[upkeep]\n|-heal|p1b: Rotom|49\/100 tox|[from] item: Leftovers\n|-heal|p1a: Illumise|14\/100|[from] item: Leftovers\n|-damage|p1b: Rotom|30\/100 tox|[from] psn\n|upkeep\n|turn|8\n|\n|t:|1699480116\n|move|p1a: Illumise|Fake Tears|p2a: Clefairy\n|-unboost|p2a: Clefairy|spd|2\n|move|p1b: Rotom|Thunderbolt|p2a: Clefairy\n|-damage|p2a: Clefairy|40\/100\n|move|p2b: Ninetales|Blizzard|p1a: Illumise|[spread] p1a,p1b\n|-damage|p1a: Illumise|0 fnt\n|-damage|p1b: Rotom|3\/100 tox\n|faint|p1a: Illumise\n|move|p2a: Clefairy|Life Dew|p2a: Clefairy|[spread] p2a,p2b\n|-heal|p2a: Clefairy|66\/100\n|-heal|p2b: Ninetales|96\/100 par\n|\n|-weather|none\n|-heal|p1b: Rotom|9\/100 tox|[from] item: Leftovers\n|-damage|p1b: Rotom|0 fnt|[from] psn\n|faint|p1b: Rotom\n|upkeep\n|\n|t:|1699480130\n|switch|p1b: Corviknight|Corviknight, F|100\/100\n|switch|p1a: Mew|Mew|100\/100\n|turn|9\n|\n|t:|1699480153\n|move|p2a: Clefairy|Protect|p2a: Clefairy\n|-singleturn|p2a: Clefairy|Protect\n|move|p1a: Mew|Psychic|p2a: Clefairy\n|-activate|p2a: Clefairy|move: Protect\n|move|p1b: Corviknight|Bulk Up|p1b: Corviknight\n|-boost|p1b: Corviknight|atk|1\n|-boost|p1b: Corviknight|def|1\n|move|p2b: Ninetales|Encore|p1b: Corviknight\n|-start|p1b: Corviknight|Encore\n|\n|upkeep\n|turn|10\n|\n|t:|1699480167\n|move|p1a: Mew|Tailwind|p1a: Mew\n|-sidestart|p1: Thehombre|move: Tailwind\n|move|p1b: Corviknight|Bulk Up|p1b: Corviknight\n|-boost|p1b: Corviknight|atk|1\n|-boost|p1b: Corviknight|def|1\n|move|p2b: Ninetales|Blizzard|p1b: Corviknight|[spread] p1a\n|-miss|p2b: Ninetales|p1b: Corviknight\n|-damage|p1a: Mew|91\/100\n|move|p2a: Clefairy|Life Dew|p2a: Clefairy|[spread] p2a,p2b\n|-heal|p2a: Clefairy|91\/100\n|-heal|p2b: Ninetales|100\/100 par\n|\n|-heal|p1a: Mew|97\/100|[from] item: Leftovers\n|-sideend|p2: BearPlayinGame|move: Aurora Veil\n|upkeep\n|turn|11\n|\n|t:|1699480185\n|switch|p2b: Rillaboom|Rillaboom, M|100\/100\n|-fieldstart|move: Grassy Terrain|[from] ability: Grassy Surge|[of] p2b: Rillaboom\n|move|p1a: Mew|Psychic Terrain|p1a: Mew\n|-fieldstart|move: Psychic Terrain\n|move|p1b: Corviknight|Bulk Up|p1b: Corviknight\n|-boost|p1b: Corviknight|atk|1\n|-boost|p1b: Corviknight|def|1\n|move|p2a: Clefairy|Moonblast|p1a: Mew\n|-damage|p1a: Mew|83\/100\n|\n|-heal|p1a: Mew|89\/100|[from] item: Leftovers\n|upkeep\n|turn|12\n|\n|t:|1699480204\n|move|p1a: Mew|Psychic|p2a: Clefairy\n|-damage|p2a: Clefairy|39\/100\n|move|p1b: Corviknight|Bulk Up|p1b: Corviknight\n|-boost|p1b: Corviknight|atk|1\n|-boost|p1b: Corviknight|def|1\n|move|p2b: Rillaboom|U-turn|p1a: Mew\n|-supereffective|p1a: Mew\n|-damage|p1a: Mew|47\/100\n|\n|t:|1699480208\n|switch|p2b: Ninetales|Ninetales-Alola, M|100\/100 par|[from] U-turn\n|-weather|Snow|[from] ability: Snow Warning|[of] p2b: Ninetales\n|move|p2a: Clefairy|Moonblast|p1a: Mew\n|-damage|p1a: Mew|33\/100\n|\n|-weather|Snow|[upkeep]\n|-heal|p1a: Mew|39\/100|[from] item: Leftovers\n|-end|p1b: Corviknight|Encore\n|upkeep\n|turn|13\n|\n|t:|1699480233\n|switch|p2a: Rillaboom|Rillaboom, M|100\/100\n|-fieldstart|move: Grassy Terrain|[from] ability: Grassy Surge|[of] p2a: Rillaboom\n|move|p1a: Mew|Transform|p1b: Corviknight\n|-transform|p1a: Mew|p1b: Corviknight\n|move|p1b: Corviknight|Drill Peck|p2b: Ninetales\n|-damage|p2b: Ninetales|7\/100 par\n|move|p2b: Ninetales|Blizzard|p1b: Corviknight|[spread] p1a,p1b\n|-damage|p1a: Mew|17\/100\n|-damage|p1b: Corviknight|74\/100\n|\n|-weather|Snow|[upkeep]\n|-heal|p1a: Mew|23\/100|[from] item: Leftovers\n|-heal|p1b: Corviknight|80\/100|[from] item: Leftovers\n|-heal|p2b: Ninetales|13\/100 par|[from] Grassy Terrain\n|-sideend|p1: Thehombre|move: Tailwind\n|upkeep\n|turn|14\n|\n|t:|1699480247\n|move|p2a: Rillaboom|Fake Out|p1a: Mew\n|-resisted|p1a: Mew\n|-damage|p1a: Mew|21\/100\n|cant|p1a: Mew|flinch\n|move|p1b: Corviknight|Drill Peck|p2b: Ninetales\n|-damage|p2b: Ninetales|0 fnt\n|faint|p2b: Ninetales\n|\n|-weather|Snow|[upkeep]\n|-heal|p1a: Mew|27\/100|[from] item: Leftovers\n|-heal|p1b: Corviknight|86\/100|[from] item: Leftovers\n|upkeep\n|\n|t:|1699480251\n|switch|p2b: Iron Hands|Iron Hands|100\/100\n|-enditem|p2b: Iron Hands|Booster Energy\n|-activate|p2b: Iron Hands|ability: Quark Drive|[fromitem]\n|-start|p2b: Iron Hands|quarkdriveatk\n|turn|15\n|\n|t:|1699480258\n|move|p2b: Iron Hands|Protect|p2b: Iron Hands\n|-singleturn|p2b: Iron Hands|Protect\n|move|p2a: Rillaboom|Wood Hammer|p1a: Mew\n|-resisted|p1a: Mew\n|-damage|p1a: Mew|21\/100\n|-damage|p2a: Rillaboom|98\/100|[from] Recoil\n|move|p1a: Mew|Drill Peck|p2b: Iron Hands\n|-activate|p2b: Iron Hands|move: Protect\n|move|p1b: Corviknight|Drill Peck|p2b: Iron Hands\n|-activate|p2b: Iron Hands|move: Protect\n|\n|-weather|Snow|[upkeep]\n|-heal|p2a: Rillaboom|100\/100|[from] Grassy Terrain\n|-heal|p1a: Mew|28\/100|[from] item: Leftovers\n|-heal|p1b: Corviknight|92\/100|[from] item: Leftovers\n|upkeep\n|turn|16\n|\n|t:|1699480269\n|-terastallize|p2b: Iron Hands|Steel\n|move|p2a: Rillaboom|U-turn|p1a: Mew\n|-resisted|p1a: Mew\n|-damage|p1a: Mew|26\/100\n|\n|t:|1699480272\n|switch|p2a: Clefairy|Clefairy, M|39\/100|[from] U-turn\n|move|p1b: Corviknight|Drill Peck|p2b: Iron Hands\n|-resisted|p2b: Iron Hands\n|-damage|p2b: Iron Hands|76\/100\n|move|p1a: Mew|Drill Peck|p2b: Iron Hands\n|-resisted|p2b: Iron Hands\n|-damage|p2b: Iron Hands|51\/100\n|move|p2b: Iron Hands|Swords Dance|p2b: Iron Hands\n|-boost|p2b: Iron Hands|atk|2\n|\n|-weather|none\n|-heal|p1a: Mew|32\/100|[from] item: Leftovers\n|-heal|p1b: Corviknight|99\/100|[from] item: Leftovers\n|-heal|p2b: Iron Hands|57\/100|[from] Grassy Terrain\n|-heal|p2a: Clefairy|45\/100|[from] Grassy Terrain\n|upkeep\n|turn|17\n|\n|t:|1699480286\n|move|p1a: Mew|Drill Peck|p2b: Iron Hands\n|-resisted|p2b: Iron Hands\n|-damage|p2b: Iron Hands|31\/100\n|move|p1b: Corviknight|Drill Peck|p2b: Iron Hands\n|-resisted|p2b: Iron Hands\n|-damage|p2b: Iron Hands|6\/100\n|move|p2b: Iron Hands|Drain Punch|p1a: Mew\n|-damage|p1a: Mew|1\/100\n|-heal|p2b: Iron Hands|18\/100|[from] drain|[of] p1a: Mew\n|move|p2a: Clefairy|Life Dew|p2a: Clefairy|[spread] p2a,p2b\n|-heal|p2a: Clefairy|70\/100\n|-heal|p2b: Iron Hands|43\/100\n|\n|-heal|p1b: Corviknight|100\/100|[from] item: Leftovers\n|-heal|p1a: Mew|8\/100|[from] item: Leftovers\n|-heal|p2b: Iron Hands|49\/100|[from] Grassy Terrain\n|-heal|p2a: Clefairy|76\/100|[from] Grassy Terrain\n|-fieldend|move: Grassy Terrain\n|upkeep\n|turn|18\n|\n|t:|1699480299\n|move|p2b: Iron Hands|Protect|p2b: Iron Hands\n|-singleturn|p2b: Iron Hands|Protect\n|move|p1a: Mew|Power Trip|p2b: Iron Hands\n|-activate|p2b: Iron Hands|move: Protect\n|move|p1b: Corviknight|Power Trip|p2b: Iron Hands\n|-activate|p2b: Iron Hands|move: Protect\n|move|p2a: Clefairy|Life Dew|p2a: Clefairy|[spread] p2a,p2b\n|-heal|p2a: Clefairy|100\/100\n|-heal|p2b: Iron Hands|74\/100\n|\n|-heal|p1a: Mew|14\/100|[from] item: Leftovers\n|upkeep\n|turn|19\n|\n|t:|1699480306\n|move|p1a: Mew|Power Trip|p2b: Iron Hands\n|-damage|p2b: Iron Hands|5\/100\n|move|p1b: Corviknight|Power Trip|p2b: Iron Hands\n|-damage|p2b: Iron Hands|0 fnt\n|faint|p2b: Iron Hands\n|-end|p2b: Iron Hands|Quark Drive|[silent]\n|move|p2a: Clefairy|Life Dew||[still]\n|-fail|p2a: Clefairy|heal\n|\n|-heal|p1a: Mew|20\/100|[from] item: Leftovers\n|upkeep\n|\n|t:|1699480312\n|switch|p2b: Rillaboom|Rillaboom, M|100\/100\n|-fieldstart|move: Grassy Terrain|[from] ability: Grassy Surge|[of] p2b: Rillaboom\n|turn|20\n|-message|BearPlayinGame forfeited.\n|\n|win|Thehombre\n|raw|Thehombre's rating: 1310 &rarr; <strong>1332<\/strong><br \/>(+22 for winning)\n|raw|BearPlayinGame's rating: 1348 &rarr; <strong>1326<\/strong><br \/>(-22 for losing)\n|c|\u2606Thehombre|Lol\n|l|\u2606BearPlayinGame\n","uploadtime":1699480319,"views":16,"p1id":"thehombre","p2id":"bearplayingame","formatid":"gen9doublesou","rating":1326,"private":0,"password":""}