{"id":"gen9doublesou-1998359637","p1":"Thuemian","p2":"DaAceBandit","format":"[Gen 9] Doubles OU","log":"|j|\u2606Thuemian\n|j|\u2606DaAceBandit\n|t:|1700933576\n|gametype|doubles\n|player|p1|Thuemian|colress|1044\n|player|p2|DaAceBandit|gambler|1160\n|teamsize|p1|6\n|teamsize|p2|2\n|gen|9\n|tier|[Gen 9] Doubles OU\n|rated|\n|rule|Species Clause: Limit one of each Pok\u00e9mon\n|rule|OHKO Clause: OHKO moves are banned\n|rule|Evasion Moves Clause: Evasion moves are banned\n|rule|Gravity Sleep Clause: The combination of sleep-inducing moves with imperfect accuracy and Gravity or Gigantamax Orbeetle are banned\n|rule|Endless Battle Clause: Forcing endless battles is banned\n|rule|HP Percentage Mod: HP is shown in percentages\n|clearpoke\n|poke|p1|Toxapex, M|\n|poke|p1|Dragonite, F|\n|poke|p1|Staraptor, F|\n|poke|p1|Glimmora, M|\n|poke|p1|Salazzle, F|\n|poke|p1|Chi-Yu|\n|poke|p2|Oranguru, F|\n|poke|p2|Bellibolt, M|\n|teampreview\n|inactive|Battle timer is ON: inactive players will automatically lose when time's up. (requested by DaAceBandit)\n|\n|t:|1700933583\n|start\n|switch|p1a: Ohnezahn|Dragonite, F|100\/100\n|switch|p1b: Staraptor|Staraptor, F|100\/100\n|switch|p2a: Oranguru|Oranguru, F|100\/100\n|switch|p2b: Bellibolt|Bellibolt, M|100\/100\n|-ability|p1b: Staraptor|Intimidate|boost\n|-unboost|p2a: Oranguru|atk|1\n|-unboost|p2b: Bellibolt|atk|1\n|turn|1\n|\n|t:|1700933600\n|move|p2b: Bellibolt|Protect|p2b: Bellibolt\n|-singleturn|p2b: Bellibolt|Protect\n|move|p1b: Staraptor|Final Gambit|p2b: Bellibolt\n|-activate|p2b: Bellibolt|move: Protect\n|move|p1a: Ohnezahn|Dragon Claw|p2a: Oranguru\n|-damage|p2a: Oranguru|43\/100\n|move|p2a: Oranguru|Trick Room|p2a: Oranguru\n|-fieldstart|move: Trick Room|[of] p2a: Oranguru\n|\n|upkeep\n|turn|2\n|\n|t:|1700933616\n|move|p2a: Oranguru|Bulldoze|p1a: Ohnezahn|[spread] p2b\n|-immune|p1a: Ohnezahn\n|-immune|p1b: Staraptor\n|-supereffective|p2b: Bellibolt\n|-crit|p2b: Bellibolt\n|-damage|p2b: Bellibolt|82\/100\n|-unboost|p2b: Bellibolt|spe|1\n|-start|p2b: Bellibolt|Charge|Bulldoze|[from] ability: Electromorphosis\n|-enditem|p2b: Bellibolt|Weakness Policy\n|-boost|p2b: Bellibolt|atk|2|[from] item: Weakness Policy\n|-boost|p2b: Bellibolt|spa|2|[from] item: Weakness Policy\n|move|p2b: Bellibolt|Discharge|p1b: Staraptor|[spread] p1a,p1b\n|-activate|p2a: Oranguru|ability: Telepathy\n|-supereffective|p1b: Staraptor\n|-damage|p1a: Ohnezahn|46\/100\n|-damage|p1b: Staraptor|0 fnt\n|faint|p1b: Staraptor\n|-end|p2b: Bellibolt|Charge|[silent]\n|move|p1a: Ohnezahn|Dragon Claw|p2a: Oranguru\n|-damage|p2a: Oranguru|0 fnt\n|faint|p2a: Oranguru\n|\n|upkeep\n|c|\u2606DaAceBandit|what the heck man\n|inactive|Thuemian has 120 seconds left.\n|\n|t:|1700933638\n|switch|p1b: Chi-Yu|Chi-Yu|100\/100\n|-ability|p1b: Chi-Yu|Beads of Ruin\n|turn|3\n|\n|t:|1700933650\n|move|p2b: Bellibolt|Discharge|p1b: Chi-Yu|[spread] p1a,p1b\n|-damage|p1a: Ohnezahn|0 fnt\n|-damage|p1b: Chi-Yu|31\/100\n|-status|p1b: Chi-Yu|par\n|faint|p1a: Ohnezahn\n|move|p1b: Chi-Yu|Dark Pulse|p2b: Bellibolt\n|-damage|p2b: Bellibolt|3\/100\n|-start|p2b: Bellibolt|Charge|Dark Pulse|[from] ability: Electromorphosis\n|\n|upkeep\n|\n|t:|1700933661\n|switch|p1a: Salazzle|Salazzle, F|100\/100\n|-item|p1a: Salazzle|Air Balloon\n|turn|4\n|\n|t:|1700933673\n|move|p2b: Bellibolt|Muddy Water|p1b: Chi-Yu|[spread] p1a,p1b\n|-supereffective|p1a: Salazzle\n|-supereffective|p1b: Chi-Yu\n|-damage|p1a: Salazzle|0 fnt\n|-damage|p1b: Chi-Yu|0 fnt\n|-enditem|p1a: Salazzle|Air Balloon\n|faint|p1a: Salazzle\n|faint|p1b: Chi-Yu\n|\n|upkeep\n|\n|t:|1700933681\n|switch|p1b: Glimmora|Glimmora, M|100\/100\n|switch|p1a: Toxapex|Toxapex, M, shiny|100\/100\n|turn|5\n|\n|t:|1700933693\n|-terastallize|p2b: Bellibolt|Flying\n|move|p2b: Bellibolt|Discharge|p1a: Toxapex|[spread] p1a,p1b\n|-supereffective|p1a: Toxapex\n|-damage|p1a: Toxapex|0 fnt\n|-enditem|p1b: Glimmora|Focus Sash\n|-damage|p1b: Glimmora|1\/100\n|-status|p1b: Glimmora|par\n|faint|p1a: Toxapex\n|-end|p2b: Bellibolt|Charge|[silent]\n|move|p1b: Glimmora|Memento|p2b: Bellibolt\n|-unboost|p2b: Bellibolt|atk|2\n|-unboost|p2b: Bellibolt|spa|2\n|faint|p1b: Glimmora\n|\n|win|DaAceBandit\n|raw|Thuemian's rating: 1044 &rarr; <strong>1033<\/strong><br \/>(-11 for losing)\n|raw|DaAceBandit's rating: 1160 &rarr; <strong>1177<\/strong><br \/>(+17 for winning)\n|c|\u2606DaAceBandit|lmao\n|l|\u2606Thuemian\n","uploadtime":1700933711,"views":4,"p1id":"thuemian","p2id":"daacebandit","formatid":"gen9doublesou","rating":1033,"private":0,"password":""}