{"id":"gen9doublesou-1988342130","p1":"Mrcroquinette","p2":"LunaryzedXD","format":"[Gen 9] Doubles OU","log":"|j|\u2606Mrcroquinette\n|j|\u2606LunaryzedXD\n|t:|1699711275\n|gametype|doubles\n|player|p1|Mrcroquinette|265|1174\n|player|p2|LunaryzedXD|cynthia-gen4|1232\n|teamsize|p1|6\n|teamsize|p2|6\n|gen|9\n|tier|[Gen 9] Doubles OU\n|rated|\n|rule|Species Clause: Limit one of each Pok\u00e9mon\n|rule|OHKO Clause: OHKO moves are banned\n|rule|Evasion Moves Clause: Evasion moves are banned\n|rule|Gravity Sleep Clause: The combination of sleep-inducing moves with imperfect accuracy and Gravity or Gigantamax Orbeetle are banned\n|rule|Endless Battle Clause: Forcing endless battles is banned\n|rule|HP Percentage Mod: HP is shown in percentages\n|clearpoke\n|poke|p1|Iron Valiant|\n|poke|p1|Pincurchin, F|\n|poke|p1|Farigiraf, M|\n|poke|p1|Indeedee-F, F|\n|poke|p1|Iron Hands|\n|poke|p1|Diancie|\n|poke|p2|Kommo-o, M|\n|poke|p2|Snorlax, M|\n|poke|p2|Sinistcha|\n|poke|p2|Landorus-Therian, M|\n|poke|p2|Iron Hands|\n|poke|p2|Clefairy, F|\n|teampreview\n|\n|t:|1699711280\n|start\n|switch|p1a: Indeedee|Indeedee-F, F|100\/100\n|switch|p1b: Iron Hands|Iron Hands|100\/100\n|switch|p2a: Snorlax|Snorlax, M, shiny|100\/100\n|switch|p2b: Landorus|Landorus-Therian, M|100\/100\n|-ability|p2b: Landorus|Intimidate|boost\n|-unboost|p1a: Indeedee|atk|1\n|-unboost|p1b: Iron Hands|atk|1\n|-fieldstart|move: Psychic Terrain|[from] ability: Psychic Surge|[of] p1a: Indeedee\n|turn|1\n|\n|t:|1699711297\n|-terastallize|p2a: Snorlax|Water\n|move|p2b: Landorus|U-turn|p1a: Indeedee\n|-supereffective|p1a: Indeedee\n|-damage|p1a: Indeedee|25\/100\n|\n|t:|1699711305\n|switch|p2b: Piepi|Clefairy, F|100\/100|[from] U-turn\n|move|p1b: Iron Hands|Close Combat|p2a: Snorlax\n|-damage|p2a: Snorlax|68\/100\n|-unboost|p1b: Iron Hands|def|1\n|-unboost|p1b: Iron Hands|spd|1\n|-damage|p1b: Iron Hands|91\/100|[from] item: Life Orb\n|move|p2a: Snorlax|Belly Drum|p2a: Snorlax\n|-damage|p2a: Snorlax|18\/100\n|-setboost|p2a: Snorlax|atk|6|[from] move: Belly Drum\n|-enditem|p2a: Snorlax|Sitrus Berry|[eat]\n|-heal|p2a: Snorlax|42\/100|[from] item: Sitrus Berry\n|move|p1a: Indeedee|Trick Room|p1a: Indeedee\n|-fieldstart|move: Trick Room|[of] p1a: Indeedee\n|\n|upkeep\n|turn|2\n|\n|t:|1699711353\n|move|p2b: Piepi|Heal Pulse|p2a: Snorlax\n|-heal|p2a: Snorlax|92\/100\n|move|p2a: Snorlax|Facade|p1b: Iron Hands\n|-damage|p1b: Iron Hands|0 fnt\n|faint|p1b: Iron Hands\n|-end|p1b: Iron Hands|Quark Drive|[silent]\n|move|p1a: Indeedee|Psychic|p2a: Snorlax\n|-damage|p2a: Snorlax|72\/100\n|\n|upkeep\n|\n|t:|1699711370\n|switch|p1b: Farigiraf|Farigiraf, M|100\/100\n|turn|3\n|\n|t:|1699711383\n|switch|p2b: Sinistcha|Sinistcha|100\/100\n|-heal|p2a: Snorlax|97\/100|[from] ability: Hospitality|[of] p2b: Sinistcha\n|move|p2a: Snorlax|Facade|p1b: Farigiraf\n|-damage|p1b: Farigiraf|0 fnt\n|faint|p1b: Farigiraf\n|move|p1a: Indeedee|Trick Room|p1a: Indeedee\n|-fieldend|move: Trick Room\n|\n|upkeep\n|\n|t:|1699711396\n|switch|p1b: Iron Valiant|Iron Valiant, shiny|100\/100\n|turn|4\n|\n|t:|1699711407\n|switch|p1a: Pincurchin|Pincurchin, F|100\/100\n|-fieldstart|move: Electric Terrain|[from] ability: Electric Surge|[of] p1a: Pincurchin\n|-activate|p1b: Iron Valiant|ability: Quark Drive\n|-start|p1b: Iron Valiant|quarkdrivespe\n|-terastallize|p1b: Iron Valiant|Electric\n|move|p2a: Snorlax|Protect|p2a: Snorlax\n|-singleturn|p2a: Snorlax|Protect\n|move|p1b: Iron Valiant|Thunder Punch|p2a: Snorlax\n|-activate|p2a: Snorlax|move: Protect\n|move|p2b: Sinistcha|Trick Room|p2b: Sinistcha\n|-fieldstart|move: Trick Room|[of] p2b: Sinistcha\n|\n|upkeep\n|turn|5\n|\n|t:|1699711435\n|-end|p1b: Iron Valiant|Quark Drive|[silent]\n|switch|p1b: Diancie|Diancie|100\/100\n|move|p1a: Pincurchin|Thunder Wave|p2a: Snorlax\n|-status|p2a: Snorlax|par\n|cant|p2a: Snorlax|par\n|move|p2b: Sinistcha|Matcha Gotcha|p1a: Pincurchin|[spread] p1a,p1b\n|-supereffective|p1b: Diancie\n|-crit|p1b: Diancie\n|-damage|p1a: Pincurchin|69\/100\n|-damage|p1b: Diancie|59\/100\n|-status|p1b: Diancie|brn\n|\n|-damage|p1b: Diancie|53\/100 brn|[from] brn\n|upkeep\n|turn|6\n|\n|t:|1699711464\n|move|p2a: Snorlax|Facade|p1b: Diancie\n|-resisted|p1b: Diancie\n|-damage|p1b: Diancie|0 fnt\n|faint|p1b: Diancie\n|move|p1a: Pincurchin|Thunder Wave|p2b: Sinistcha\n|-status|p2b: Sinistcha|par\n|cant|p2b: Sinistcha|par\n|\n|upkeep\n|\n|t:|1699711475\n|switch|p1b: Indeedee|Indeedee-F, F|25\/100\n|-fieldstart|move: Psychic Terrain|[from] ability: Psychic Surge|[of] p1b: Indeedee\n|turn|7\n|\n|t:|1699711488\n|cant|p2a: Snorlax|par\n|move|p1a: Pincurchin|Scald|p2a: Snorlax\n|-resisted|p2a: Snorlax\n|-damage|p2a: Snorlax|91\/100 par\n|cant|p2b: Sinistcha|par\n|move|p1b: Indeedee|Trick Room|p1b: Indeedee\n|-fieldend|move: Trick Room\n|\n|upkeep\n|turn|8\n|\n|t:|1699711502\n|cant|p2a: Snorlax|par\n|move|p1b: Indeedee|Dazzling Gleam|p2b: Sinistcha|[spread] p2a,p2b\n|-damage|p2a: Snorlax|82\/100 par\n|-damage|p2b: Sinistcha|88\/100 par\n|move|p1a: Pincurchin|Toxic Spikes|p2b: Sinistcha\n|-sidestart|p2: LunaryzedXD|move: Toxic Spikes\n|move|p2b: Sinistcha|Trick Room|p2b: Sinistcha\n|-fieldstart|move: Trick Room|[of] p2b: Sinistcha\n|\n|upkeep\n|turn|9\n|\n|t:|1699711515\n|move|p2a: Snorlax|Facade|p1b: Indeedee\n|-damage|p1b: Indeedee|0 fnt\n|faint|p1b: Indeedee\n|move|p1a: Pincurchin|Toxic Spikes|p2a: Snorlax\n|-sidestart|p2: LunaryzedXD|move: Toxic Spikes\n|move|p2b: Sinistcha|Matcha Gotcha|p1a: Pincurchin\n|-damage|p1a: Pincurchin|29\/100\n|-heal|p2b: Sinistcha|100\/100 par|[from] drain|[of] p1a: Pincurchin\n|\n|upkeep\n|\n|t:|1699711525\n|switch|p1b: Iron Valiant|Iron Valiant, shiny, tera:Electric|100\/100\n|turn|10\n|\n|t:|1699711535\n|move|p2a: Snorlax|Facade|p1b: Iron Valiant\n|-damage|p1b: Iron Valiant|0 fnt\n|faint|p1b: Iron Valiant\n|-end|p1b: Iron Valiant|Quark Drive|[silent]\n|move|p1a: Pincurchin|Toxic Spikes||[still]\n|-fail|p1a: Pincurchin\n|move|p2b: Sinistcha|Matcha Gotcha|p1a: Pincurchin\n|-damage|p1a: Pincurchin|0 fnt\n|faint|p1a: Pincurchin\n|\n|win|LunaryzedXD\n|raw|Mrcroquinette's rating: 1174 &rarr; <strong>1153<\/strong><br \/>(-21 for losing)\n|raw|LunaryzedXD's rating: 1232 &rarr; <strong>1253<\/strong><br \/>(+21 for winning)\n|l|\u2606Mrcroquinette\n","uploadtime":1699711546,"views":10,"p1id":"mrcroquinette","p2id":"lunaryzedxd","formatid":"gen9doublesou","rating":1153,"private":0,"password":""}