{"id":"gen9doublesou-1984002316","p1":"Zor_Fen","p2":"inyutkres","format":"[Gen 9] Doubles OU","log":"|j|\u2606Zor_Fen\n|j|\u2606inyutkres\n|t:|1699208686\n|gametype|doubles\n|player|p1|Zor_Fen|zinnia|1069\n|player|p2|inyutkres|102|1040\n|teamsize|p1|6\n|teamsize|p2|6\n|gen|9\n|tier|[Gen 9] Doubles OU\n|rated|\n|rule|Species Clause: Limit one of each Pok\u00e9mon\n|rule|OHKO Clause: OHKO moves are banned\n|rule|Evasion Moves Clause: Evasion moves are banned\n|rule|Gravity Sleep Clause: The combination of sleep-inducing moves with imperfect accuracy and Gravity or Gigantamax Orbeetle are banned\n|rule|Endless Battle Clause: Forcing endless battles is banned\n|rule|HP Percentage Mod: HP is shown in percentages\n|clearpoke\n|poke|p1|Kricketune, F|\n|poke|p1|Chien-Pao|\n|poke|p1|Iron Bundle|\n|poke|p1|Iron Hands|\n|poke|p1|Indeedee-F, F|\n|poke|p1|Flutter Mane|\n|poke|p2|Ribombee, M|\n|poke|p2|Pelipper, M|\n|poke|p2|Floatzel, M|\n|poke|p2|Kilowattrel, M|\n|poke|p2|Scizor, M|\n|poke|p2|Ludicolo, F|\n|teampreview\n|inactive|Battle timer is ON: inactive players will automatically lose when time's up. (requested by Zor_Fen)\n|\n|t:|1699208693\n|start\n|switch|p1a: Kricketune|Kricketune, F|100\/100\n|switch|p1b: Indeedee|Indeedee-F, F|100\/100\n|switch|p2a: Ribombee|Ribombee, M|100\/100\n|switch|p2b: Ludicolo|Ludicolo, F|100\/100\n|-fieldstart|move: Psychic Terrain|[from] ability: Psychic Surge|[of] p1b: Indeedee\n|turn|1\n|\n|t:|1699208709\n|move|p2a: Ribombee|U-turn|p2b: Ludicolo\n|-supereffective|p2b: Ludicolo\n|-damage|p2b: Ludicolo|71\/100\n|-enditem|p2b: Ludicolo|Weakness Policy\n|-boost|p2b: Ludicolo|atk|2|[from] item: Weakness Policy\n|-boost|p2b: Ludicolo|spa|2|[from] item: Weakness Policy\n|\n|t:|1699208715\n|switch|p2a: Pelipper|Pelipper, M|100\/100|[from] U-turn\n|-weather|RainDance|[from] ability: Drizzle|[of] p2a: Pelipper\n|move|p2b: Ludicolo|Weather Ball|p1b: Indeedee\n|-damage|p1b: Indeedee|0 fnt\n|faint|p1b: Indeedee\n|move|p1a: Kricketune|Swords Dance|p1a: Kricketune\n|-boost|p1a: Kricketune|atk|2\n|\n|-weather|RainDance|[upkeep]\n|upkeep\n|\n|t:|1699208732\n|switch|p1b: Iron Bundle|Iron Bundle|100\/100\n|-enditem|p1b: Iron Bundle|Booster Energy\n|-activate|p1b: Iron Bundle|ability: Quark Drive|[fromitem]\n|-start|p1b: Iron Bundle|quarkdrivespe\n|turn|2\n|\n|t:|1699208750\n|switch|p2a: Scizor|Scizor, M|100\/100\n|move|p1b: Iron Bundle|Freeze-Dry|p2b: Ludicolo\n|-supereffective|p2b: Ludicolo\n|-damage|p2b: Ludicolo|0 fnt\n|faint|p2b: Ludicolo\n|move|p1a: Kricketune|Fell Stinger|p2a: Scizor\n|-resisted|p2a: Scizor\n|-damage|p2a: Scizor|68\/100\n|\n|-weather|RainDance|[upkeep]\n|upkeep\n|\n|t:|1699208766\n|switch|p2b: Ribombee|Ribombee, M|100\/100\n|turn|3\n|\n|t:|1699208782\n|move|p1b: Iron Bundle|Protect|p1b: Iron Bundle\n|-singleturn|p1b: Iron Bundle|Protect\n|move|p2a: Scizor|Bullet Punch|p1a: Kricketune\n|-activate|p1a: Kricketune|move: Psychic Terrain\n|move|p2b: Ribombee|Moonblast|p1b: Iron Bundle\n|-activate|p1b: Iron Bundle|move: Protect\n|move|p1a: Kricketune|Swords Dance|p1a: Kricketune\n|-boost|p1a: Kricketune|atk|2\n|\n|-weather|RainDance|[upkeep]\n|upkeep\n|turn|4\n|\n|t:|1699208803\n|move|p1b: Iron Bundle|Icy Wind|p2b: Ribombee|[spread] p2a,p2b\n|-resisted|p2a: Scizor\n|-damage|p2a: Scizor|56\/100\n|-damage|p2b: Ribombee|60\/100\n|-unboost|p2a: Scizor|spe|1\n|move|p2b: Ribombee|Moonblast|p1b: Iron Bundle\n|-damage|p1b: Iron Bundle|21\/100\n|move|p1a: Kricketune|Fell Stinger|p2a: Scizor\n|-resisted|p2a: Scizor\n|-damage|p2a: Scizor|6\/100\n|move|p2a: Scizor|Bug Bite|p1a: Kricketune\n|-enditem|p1a: Kricketune|Focus Sash\n|-damage|p1a: Kricketune|1\/100\n|-damage|p2a: Scizor|0 fnt|[from] item: Life Orb\n|faint|p2a: Scizor\n|\n|-weather|RainDance|[upkeep]\n|upkeep\n|inactive|inyutkres has 120 seconds left.\n|\n|t:|1699208827\n|switch|p2a: Floatzel|Floatzel, M|100\/100\n|turn|5\n|\n|t:|1699208841\n|move|p1b: Iron Bundle|Freeze-Dry|p2a: Floatzel\n|-supereffective|p2a: Floatzel\n|-damage|p2a: Floatzel|0 fnt\n|faint|p2a: Floatzel\n|move|p2b: Ribombee|Moonblast|p1b: Iron Bundle\n|-damage|p1b: Iron Bundle|0 fnt\n|faint|p1b: Iron Bundle\n|-end|p1b: Iron Bundle|Quark Drive|[silent]\n|move|p1a: Kricketune|Aerial Ace|p2b: Ribombee\n|-supereffective|p2b: Ribombee\n|-damage|p2b: Ribombee|0 fnt\n|faint|p2b: Ribombee\n|\n|-weather|RainDance|[upkeep]\n|-fieldend|move: Psychic Terrain\n|upkeep\n|\n|t:|1699208861\n|switch|p1b: Flutter Mane|Flutter Mane|100\/100\n|switch|p2b: Pelipper|Pelipper, M|100\/100\n|switch|p2a: Kilowattrel|Kilowattrel, M|100\/100\n|-enditem|p1b: Flutter Mane|Booster Energy\n|-activate|p1b: Flutter Mane|ability: Protosynthesis|[fromitem]\n|-start|p1b: Flutter Mane|protosynthesisspe\n|turn|6\n|\n|t:|1699208883\n|move|p1b: Flutter Mane|Moonblast|p2a: Kilowattrel\n|-damage|p2a: Kilowattrel|20\/100\n|move|p2a: Kilowattrel|Thunder|p1b: Flutter Mane\n|-damage|p1b: Flutter Mane|51\/100\n|move|p2b: Pelipper|Tailwind|p2b: Pelipper\n|-sidestart|p2: inyutkres|move: Tailwind\n|move|p1a: Kricketune|Aerial Ace|p2a: Kilowattrel\n|-resisted|p2a: Kilowattrel\n|-damage|p2a: Kilowattrel|0 fnt\n|faint|p2a: Kilowattrel\n|\n|-weather|RainDance|[upkeep]\n|upkeep\n|turn|7\n|\n|t:|1699208911\n|move|p1b: Flutter Mane|Moonblast|p2b: Pelipper\n|-damage|p2b: Pelipper|34\/100\n|move|p2b: Pelipper|Roost|p2b: Pelipper\n|-heal|p2b: Pelipper|84\/100\n|-singleturn|p2b: Pelipper|move: Roost\n|move|p1a: Kricketune|Aerial Ace|p2b: Pelipper\n|-damage|p2b: Pelipper|22\/100\n|\n|-weather|RainDance|[upkeep]\n|upkeep\n|turn|8\n|\n|t:|1699208930\n|move|p1b: Flutter Mane|Moonblast|p2b: Pelipper\n|-damage|p2b: Pelipper|0 fnt\n|faint|p2b: Pelipper\n|\n|win|Zor_Fen\n|raw|Zor_Fen's rating: 1069 &rarr; <strong>1096<\/strong><br \/>(+27 for winning)\n|raw|inyutkres's rating: 1040 &rarr; <strong>1025<\/strong><br \/>(-15 for losing)\n|l|\u2606inyutkres\n","uploadtime":1699208950,"views":10,"p1id":"zorfen","p2id":"inyutkres","formatid":"gen9doublesou","rating":1025,"private":0,"password":""}