{"id":"gen9doublesou-1998017711","p1":"StephenStone1130","p2":"Redzone92","format":"[Gen 9] Doubles OU","log":"|j|\u2606StephenStone1130\n|j|\u2606Redzone92\n|t:|1700879526\n|gametype|doubles\n|player|p1|StephenStone1130|265|\n|player|p2|Redzone92|1|\n|teamsize|p1|6\n|teamsize|p2|6\n|gen|9\n|tier|[Gen 9] Doubles OU\n|rule|Species Clause: Limit one of each Pok\u00e9mon\n|rule|OHKO Clause: OHKO moves are banned\n|rule|Evasion Moves Clause: Evasion moves are banned\n|rule|Gravity Sleep Clause: The combination of sleep-inducing moves with imperfect accuracy and Gravity or Gigantamax Orbeetle are banned\n|rule|Endless Battle Clause: Forcing endless battles is banned\n|rule|HP Percentage Mod: HP is shown in percentages\n|clearpoke\n|poke|p1|Cresselia, F|\n|poke|p1|Iron Jugulis|\n|poke|p1|Krookodile, F|\n|poke|p1|Gyarados, F|\n|poke|p1|Lucario, F|\n|poke|p1|Typhlosion-Hisui, M|\n|poke|p2|Farigiraf, F|\n|poke|p2|Landorus-Therian, M|\n|poke|p2|Diancie|\n|poke|p2|Iron Moth|\n|poke|p2|Hydreigon, F|\n|poke|p2|Kleavor, M|\n|teampreview\n|\n|t:|1700879546\n|start\n|switch|p1a: Lucario|Lucario, F, shiny|100\/100\n|switch|p1b: Cresselia|Cresselia, F, shiny|100\/100\n|switch|p2a: cyborg mothra|Iron Moth, shiny|100\/100\n|switch|p2b: Martty|Farigiraf, F|100\/100\n|-enditem|p2a: cyborg mothra|Booster Energy\n|-activate|p2a: cyborg mothra|ability: Quark Drive|[fromitem]\n|-start|p2a: cyborg mothra|quarkdrivespa\n|turn|1\n|j| Kevin Dickey12\n|\n|t:|1700879584\n|-terastallize|p2a: cyborg mothra|Bug\n|move|p1b: Cresselia|Ally Switch|p1b: Cresselia\n|swap|p1b: Cresselia|0|[from] move: Ally Switch\n|move|p2a: cyborg mothra|Fiery Dance|p1a: Cresselia\n|-damage|p1a: Cresselia|63\/100\n|-boost|p2a: cyborg mothra|spa|1\n|move|p1b: Lucario|Agility|p1b: Lucario\n|-boost|p1b: Lucario|spe|2\n|move|p2b: Martty|Shadow Ball|p1b: Lucario\n|-damage|p1b: Lucario|55\/100\n|\n|-heal|p1a: Cresselia|69\/100|[from] item: Leftovers\n|upkeep\n|turn|2\n|\n|t:|1700879611\n|move|p1a: Cresselia|Protect|p1a: Cresselia\n|-singleturn|p1a: Cresselia|Protect\n|move|p1b: Lucario|Flash Cannon|p2b: Martty\n|-damage|p2b: Martty|60\/100\n|move|p2a: cyborg mothra|Fiery Dance|p1b: Lucario\n|-supereffective|p1b: Lucario\n|-damage|p1b: Lucario|0 fnt\n|faint|p1b: Lucario\n|move|p2b: Martty|Shadow Ball|p1a: Cresselia\n|-activate|p1a: Cresselia|move: Protect\n|\n|-heal|p1a: Cresselia|75\/100|[from] item: Leftovers\n|upkeep\n|\n|t:|1700879636\n|switch|p1b: Typhlosion|Typhlosion-Hisui, M|100\/100\n|-item|p2b: Martty|Sitrus Berry|[from] ability: Frisk|[of] p1b: Typhlosion|[identify]\n|turn|3\n|\n|t:|1700879650\n|move|p2a: cyborg mothra|Protect|p2a: cyborg mothra\n|-singleturn|p2a: cyborg mothra|Protect\n|move|p1b: Typhlosion|Eruption|p2b: Martty|[spread] p2b\n|-activate|p2a: cyborg mothra|move: Protect\n|-damage|p2b: Martty|8\/100\n|-enditem|p2b: Martty|Sitrus Berry|[eat]\n|-heal|p2b: Martty|33\/100|[from] item: Sitrus Berry\n|move|p1a: Cresselia|Icy Wind|p2b: Martty|[spread] p2b\n|-activate|p2a: cyborg mothra|move: Protect\n|-damage|p2b: Martty|25\/100\n|-unboost|p2b: Martty|spe|1\n|move|p2b: Martty|Shadow Ball|p1b: Typhlosion\n|-supereffective|p1b: Typhlosion\n|-crit|p1b: Typhlosion\n|-damage|p1b: Typhlosion|0 fnt\n|faint|p1b: Typhlosion\n|\n|-heal|p1a: Cresselia|81\/100|[from] item: Leftovers\n|upkeep\n|\n|t:|1700879685\n|switch|p1b: Krookodile|Krookodile, F, shiny|100\/100\n|-ability|p1b: Krookodile|Intimidate|boost\n|-unboost|p2a: cyborg mothra|atk|1\n|-unboost|p2b: Martty|atk|1\n|turn|4\n|\n|t:|1700879693\n|move|p1a: Cresselia|Ally Switch|p1a: Cresselia\n|swap|p1a: Cresselia|1|[from] move: Ally Switch\n|move|p2a: cyborg mothra|Bug Buzz|p1a: Krookodile\n|-supereffective|p1a: Krookodile\n|-damage|p1a: Krookodile|0 fnt\n|faint|p1a: Krookodile\n|move|p2b: Martty|Dazzling Gleam|p1b: Cresselia\n|-damage|p1b: Cresselia|64\/100\n|\n|-heal|p1b: Cresselia|71\/100|[from] item: Leftovers\n|upkeep\n|\n|t:|1700879705\n|switch|p1a: Gyarados|Gyarados, F, shiny|100\/100\n|-ability|p1a: Gyarados|Intimidate|boost\n|-unboost|p2a: cyborg mothra|atk|1\n|-unboost|p2b: Martty|atk|1\n|turn|5\n|\n|t:|1700879725\n|move|p2a: cyborg mothra|Bug Buzz|p1b: Cresselia\n|-supereffective|p1b: Cresselia\n|-damage|p1b: Cresselia|0 fnt\n|faint|p1b: Cresselia\n|move|p1a: Gyarados|Dragon Dance|p1a: Gyarados\n|-boost|p1a: Gyarados|atk|1\n|-boost|p1a: Gyarados|spe|1\n|move|p2b: Martty|Psychic|p1a: Gyarados\n|-damage|p1a: Gyarados|52\/100\n|-unboost|p1a: Gyarados|spd|1\n|\n|upkeep\n|\n|t:|1700879737\n|switch|p1b: Iron Jugulis|Iron Jugulis, shiny|100\/100\n|-enditem|p1b: Iron Jugulis|Booster Energy\n|-activate|p1b: Iron Jugulis|ability: Quark Drive|[fromitem]\n|-start|p1b: Iron Jugulis|quarkdrivespe\n|turn|6\n|\n|t:|1700879767\n|-terastallize|p1a: Gyarados|Ground\n|move|p1b: Iron Jugulis|Flash Cannon|p2a: cyborg mothra\n|-damage|p2a: cyborg mothra|74\/100\n|move|p1a: Gyarados|Earthquake|p2b: Martty|[spread] p2a,p2b\n|-immune|p1b: Iron Jugulis\n|-resisted|p2a: cyborg mothra\n|-damage|p2a: cyborg mothra|28\/100\n|-damage|p2b: Martty|0 fnt\n|faint|p2b: Martty\n|move|p2a: cyborg mothra|Discharge|p1b: Iron Jugulis|[spread] p1b\n|-immune|p1a: Gyarados\n|-supereffective|p1b: Iron Jugulis\n|-damage|p1b: Iron Jugulis|0 fnt\n|faint|p1b: Iron Jugulis\n|-end|p1b: Iron Jugulis|Quark Drive|[silent]\n|\n|upkeep\n|\n|t:|1700879785\n|switch|p2b: Pete|Hydreigon, F|100\/100\n|turn|7\n|\n|t:|1700879801\n|move|p1a: Gyarados|Ice Fang|p2b: Pete\n|-supereffective|p2b: Pete\n|-damage|p2b: Pete|25\/100\n|-status|p2b: Pete|frz\n|move|p2a: cyborg mothra|Fiery Dance|p1a: Gyarados\n|-crit|p1a: Gyarados\n|-damage|p1a: Gyarados|0 fnt\n|faint|p1a: Gyarados\n|\n|win|Redzone92\n","uploadtime":1700879813,"views":17,"p1id":"stephenstone1130","p2id":"redzone92","formatid":"gen9doublesou","rating":0,"private":0,"password":""}