{"id":"gen9doublesou-1993924669","p1":"VikrThe","p2":"nxheartc","format":"[Gen 9] Doubles OU","log":"|j|\u2606VikrThe\n|j|\u2606nxheartc\n|t:|1700376385\n|gametype|doubles\n|player|p1|VikrThe|102|1344\n|player|p2|nxheartc|266|1237\n|teamsize|p1|6\n|teamsize|p2|6\n|gen|9\n|tier|[Gen 9] Doubles OU\n|rated|\n|rule|Species Clause: Limit one of each Pok\u00e9mon\n|rule|OHKO Clause: OHKO moves are banned\n|rule|Evasion Moves Clause: Evasion moves are banned\n|rule|Gravity Sleep Clause: The combination of sleep-inducing moves with imperfect accuracy and Gravity or Gigantamax Orbeetle are banned\n|rule|Endless Battle Clause: Forcing endless battles is banned\n|rule|HP Percentage Mod: HP is shown in percentages\n|clearpoke\n|poke|p1|Sinistcha|\n|poke|p1|Kommo-o, F|\n|poke|p1|Flutter Mane|\n|poke|p1|Cresselia, F|\n|poke|p1|Ogerpon-Hearthflame, F|\n|poke|p1|Rillaboom, F|\n|poke|p2|Iron Hands|\n|poke|p2|Farigiraf, M|\n|poke|p2|Amoonguss, F|\n|poke|p2|Cresselia, F|\n|poke|p2|Kingambit, F|\n|poke|p2|Ursaluna, M|\n|teampreview\n|j| saiake\n|\n|t:|1700376408\n|start\n|switch|p1a: Kommo-o|Kommo-o, F|100\/100\n|switch|p1b: Cresselia|Cresselia, F|100\/100\n|switch|p2a: Farigiraf|Farigiraf, M|100\/100\n|switch|p2b: Iron Hands|Iron Hands|100\/100\n|-enditem|p2b: Iron Hands|Booster Energy\n|-activate|p2b: Iron Hands|ability: Quark Drive|[fromitem]\n|-start|p2b: Iron Hands|quarkdriveatk\n|turn|1\n|l| saiake\n|\n|t:|1700376439\n|move|p2b: Iron Hands|Fake Out|p1a: Kommo-o\n|-damage|p1a: Kommo-o|84\/100\n|cant|p1a: Kommo-o|flinch\n|move|p1b: Cresselia|Psychic|p2b: Iron Hands\n|-supereffective|p2b: Iron Hands\n|-damage|p2b: Iron Hands|60\/100\n|move|p2a: Farigiraf|Trick Room|p2a: Farigiraf\n|-fieldstart|move: Trick Room|[of] p2a: Farigiraf\n|\n|-heal|p1a: Kommo-o|90\/100|[from] item: Leftovers\n|upkeep\n|turn|2\n|\n|t:|1700376478\n|move|p1b: Cresselia|Ally Switch|p1b: Cresselia\n|swap|p1b: Cresselia|0|[from] move: Ally Switch\n|move|p2b: Iron Hands|Drain Punch|p1a: Cresselia\n|-resisted|p1a: Cresselia\n|-damage|p1a: Cresselia|82\/100\n|-heal|p2b: Iron Hands|68\/100|[from] drain|[of] p1a: Cresselia\n|move|p2a: Farigiraf|Dazzling Gleam|p1a: Cresselia|[spread] p1a,p1b\n|-supereffective|p1b: Kommo-o\n|-damage|p1a: Cresselia|74\/100\n|-damage|p1b: Kommo-o|52\/100\n|move|p1b: Kommo-o|Iron Defense|p1b: Kommo-o\n|-boost|p1b: Kommo-o|def|2\n|\n|-heal|p1a: Cresselia|80\/100|[from] item: Leftovers\n|-heal|p1b: Kommo-o|58\/100|[from] item: Leftovers\n|upkeep\n|turn|3\n|\n|t:|1700376502\n|-terastallize|p2a: Farigiraf|Fairy\n|move|p1b: Kommo-o|Protect|p1b: Kommo-o\n|-singleturn|p1b: Kommo-o|Protect\n|move|p2b: Iron Hands|Thunder Punch|p1a: Cresselia\n|-damage|p1a: Cresselia|44\/100\n|move|p2a: Farigiraf|Dazzling Gleam|p1b: Kommo-o|[spread] p1a\n|-activate|p1b: Kommo-o|move: Protect\n|-damage|p1a: Cresselia|32\/100\n|move|p1a: Cresselia|Lunar Blessing|p1a: Cresselia|[spread] p1a,p1b\n|-heal|p1a: Cresselia|57\/100\n|-heal|p1b: Kommo-o|83\/100\n|\n|-heal|p1a: Cresselia|63\/100|[from] item: Leftovers\n|-heal|p1b: Kommo-o|89\/100|[from] item: Leftovers\n|upkeep\n|turn|4\n|\n|t:|1700376530\n|-terastallize|p1b: Kommo-o|Steel\n|move|p2b: Iron Hands|Drain Punch|p1b: Kommo-o\n|-supereffective|p1b: Kommo-o\n|-damage|p1b: Kommo-o|40\/100\n|-heal|p2b: Iron Hands|85\/100|[from] drain|[of] p1b: Kommo-o\n|move|p2a: Farigiraf|Dazzling Gleam|p1b: Kommo-o|[spread] p1a,p1b\n|-resisted|p1b: Kommo-o\n|-damage|p1a: Cresselia|51\/100\n|-damage|p1b: Kommo-o|33\/100\n|move|p1a: Cresselia|Lunar Blessing|p1a: Cresselia|[spread] p1a,p1b\n|-heal|p1a: Cresselia|76\/100\n|-heal|p1b: Kommo-o|58\/100\n|move|p1b: Kommo-o|Iron Defense|p1b: Kommo-o\n|-boost|p1b: Kommo-o|def|2\n|\n|-heal|p1a: Cresselia|82\/100|[from] item: Leftovers\n|-heal|p1b: Kommo-o|64\/100|[from] item: Leftovers\n|upkeep\n|turn|5\n|\n|t:|1700376555\n|move|p2a: Farigiraf|Protect|p2a: Farigiraf\n|-singleturn|p2a: Farigiraf|Protect\n|move|p2b: Iron Hands|Earthquake|p1b: Kommo-o|[spread] p1b\n|-activate|p2a: Farigiraf|move: Protect\n|-immune|p1a: Cresselia|[from] ability: Levitate\n|-supereffective|p1b: Kommo-o\n|-damage|p1b: Kommo-o|44\/100\n|move|p1a: Cresselia|Lunar Blessing|p1a: Cresselia|[spread] p1a,p1b\n|-heal|p1a: Cresselia|100\/100\n|-heal|p1b: Kommo-o|69\/100\n|move|p1b: Kommo-o|Iron Head|p2a: Farigiraf\n|-activate|p2a: Farigiraf|move: Protect\n|\n|-heal|p1b: Kommo-o|75\/100|[from] item: Leftovers\n|-fieldend|move: Trick Room\n|upkeep\n|turn|6\n|\n|t:|1700376570\n|-end|p2b: Iron Hands|Quark Drive|[silent]\n|switch|p2b: Ursaluna|Ursaluna, M|100\/100\n|move|p1a: Cresselia|Helping Hand|p1b: Kommo-o\n|-singleturn|p1b: Kommo-o|Helping Hand|[of] p1a: Cresselia\n|move|p1b: Kommo-o|Body Press|p2b: Ursaluna\n|-supereffective|p2b: Ursaluna\n|-damage|p2b: Ursaluna|0 fnt\n|faint|p2b: Ursaluna\n|move|p2a: Farigiraf|Trick Room|p2a: Farigiraf\n|-fieldstart|move: Trick Room|[of] p2a: Farigiraf\n|\n|-heal|p1b: Kommo-o|81\/100|[from] item: Leftovers\n|upkeep\n|\n|t:|1700376579\n|switch|p2b: Amoonguss|Amoonguss, F|100\/100\n|turn|7\n|\n|t:|1700376598\n|switch|p2a: Iron Hands|Iron Hands|85\/100\n|move|p2b: Amoonguss|Spore|p1b: Kommo-o\n|-status|p1b: Kommo-o|slp|[from] move: Spore\n|move|p1a: Cresselia|Lunar Blessing|p1a: Cresselia|[spread] p1a,p1b\n|-heal|p1b: Kommo-o|100\/100 slp\n|-curestatus|p1b: Kommo-o|slp|[msg]\n|move|p1b: Kommo-o|Body Press|p2b: Amoonguss\n|-resisted|p2b: Amoonguss\n|-damage|p2b: Amoonguss|50\/100\n|\n|-heal|p2b: Amoonguss|56\/100|[from] item: Leftovers\n|upkeep\n|turn|8\n|\n|t:|1700376623\n|switch|p1a: Ogerpon|Ogerpon-Hearthflame, F|100\/100\n|-ability|p1a: Ogerpon|Mold Breaker\n|move|p1b: Kommo-o|Protect|p1b: Kommo-o\n|-singleturn|p1b: Kommo-o|Protect\n|move|p2a: Iron Hands|Fake Out|p1b: Kommo-o\n|-activate|p1b: Kommo-o|move: Protect\n|move|p2b: Amoonguss|Spore|p1a: Ogerpon\n|-immune|p1a: Ogerpon\n|\n|-heal|p2b: Amoonguss|62\/100|[from] item: Leftovers\n|upkeep\n|turn|9\n|\n|t:|1700376643\n|move|p1b: Kommo-o|Protect|p1b: Kommo-o\n|-singleturn|p1b: Kommo-o|Protect\n|move|p2b: Amoonguss|Pollen Puff|p1a: Ogerpon\n|-damage|p1a: Ogerpon|70\/100\n|move|p2a: Iron Hands|Earthquake|p1a: Ogerpon|[spread] p2b,p1a\n|-activate|p1b: Kommo-o|move: Protect\n|-damage|p2b: Amoonguss|32\/100\n|-damage|p1a: Ogerpon|31\/100\n|move|p1a: Ogerpon|Ivy Cudgel|p2b: Amoonguss|[anim] Ivy Cudgel Fire\n|-supereffective|p2b: Amoonguss\n|-crit|p2b: Amoonguss\n|-damage|p2b: Amoonguss|0 fnt\n|faint|p2b: Amoonguss\n|\n|upkeep\n|\n|t:|1700376651\n|switch|p2b: Cresselia|Cresselia, F|100\/100\n|turn|10\n|\n|t:|1700376664\n|switch|p1a: Cresselia|Cresselia, F|100\/100\n|move|p2b: Cresselia|Helping Hand|p2a: Iron Hands\n|-singleturn|p2a: Iron Hands|Helping Hand|[of] p2b: Cresselia\n|move|p2a: Iron Hands|Drain Punch|p1b: Kommo-o\n|-supereffective|p1b: Kommo-o\n|-damage|p1b: Kommo-o|63\/100\n|-heal|p2a: Iron Hands|98\/100|[from] drain|[of] p1b: Kommo-o\n|move|p1b: Kommo-o|Iron Defense|p1b: Kommo-o\n|-boost|p1b: Kommo-o|def|2\n|\n|-heal|p1b: Kommo-o|69\/100|[from] item: Leftovers\n|-fieldend|move: Trick Room\n|upkeep\n|turn|11\n|\n|t:|1700376687\n|move|p2b: Cresselia|Helping Hand|p2a: Iron Hands\n|-singleturn|p2a: Iron Hands|Helping Hand|[of] p2b: Cresselia\n|move|p1b: Kommo-o|Body Press|p2a: Iron Hands\n|-damage|p2a: Iron Hands|8\/100\n|move|p1a: Cresselia|Lunar Blessing|p1a: Cresselia|[spread] p1a,p1b\n|-heal|p1b: Kommo-o|94\/100\n|move|p2a: Iron Hands|Drain Punch|p1b: Kommo-o\n|-supereffective|p1b: Kommo-o\n|-damage|p1b: Kommo-o|64\/100\n|-heal|p2a: Iron Hands|19\/100|[from] drain|[of] p1b: Kommo-o\n|\n|-heal|p1b: Kommo-o|70\/100|[from] item: Leftovers\n|upkeep\n|turn|12\n|\n|t:|1700376706\n|-end|p2a: Iron Hands|Quark Drive|[silent]\n|switch|p2a: Farigiraf|Farigiraf, M, tera:Fairy|100\/100\n|move|p1b: Kommo-o|Body Press|p2a: Farigiraf\n|-resisted|p2a: Farigiraf\n|-crit|p2a: Farigiraf\n|-damage|p2a: Farigiraf|7\/100\n|move|p2b: Cresselia|Dazzling Gleam|p1b: Kommo-o|[spread] p1a,p1b\n|-resisted|p1b: Kommo-o\n|-damage|p1a: Cresselia|94\/100\n|-damage|p1b: Kommo-o|66\/100\n|move|p1a: Cresselia|Lunar Blessing|p1a: Cresselia|[spread] p1a,p1b\n|-heal|p1a: Cresselia|100\/100\n|-heal|p1b: Kommo-o|91\/100\n|\n|-heal|p1b: Kommo-o|97\/100|[from] item: Leftovers\n|upkeep\n|turn|13\n|\n|t:|1700376739\n|switch|p1a: Rillaboom|Rillaboom, F|100\/100\n|-fieldstart|move: Grassy Terrain|[from] ability: Grassy Surge|[of] p1a: Rillaboom\n|move|p2a: Farigiraf|Protect|p2a: Farigiraf\n|-singleturn|p2a: Farigiraf|Protect\n|move|p1b: Kommo-o|Body Press|p2a: Farigiraf\n|-activate|p2a: Farigiraf|move: Protect\n|move|p2b: Cresselia|Trick Room|p2b: Cresselia\n|-fieldstart|move: Trick Room|[of] p2b: Cresselia\n|\n|-heal|p2a: Farigiraf|13\/100|[from] Grassy Terrain\n|-heal|p1b: Kommo-o|100\/100|[from] Grassy Terrain\n|upkeep\n|turn|14\n|\n|t:|1700376760\n|move|p2a: Farigiraf|Dazzling Gleam|p1b: Kommo-o|[spread] p1a,p1b\n|-resisted|p1b: Kommo-o\n|-damage|p1a: Rillaboom|85\/100\n|-damage|p1b: Kommo-o|93\/100\n|move|p2b: Cresselia|Dazzling Gleam|p1a: Rillaboom|[spread] p1a,p1b\n|-resisted|p1b: Kommo-o\n|-damage|p1a: Rillaboom|77\/100\n|-damage|p1b: Kommo-o|88\/100\n|move|p1a: Rillaboom|U-turn|p2a: Farigiraf\n|-resisted|p2a: Farigiraf\n|-damage|p2a: Farigiraf|2\/100\n|\n|t:|1700376777\n|switch|p1a: Flutter Mane|Flutter Mane|100\/100|[from] U-turn\n|move|p1b: Kommo-o|Body Press|p2b: Cresselia\n|-resisted|p2b: Cresselia\n|-damage|p2b: Cresselia|58\/100\n|\n|-heal|p2a: Farigiraf|8\/100|[from] Grassy Terrain\n|-heal|p1b: Kommo-o|95\/100|[from] Grassy Terrain\n|-heal|p1b: Kommo-o|100\/100|[from] item: Leftovers\n|upkeep\n|turn|15\n|l|\u2606nxheartc\n|player|p2|\n|j|\u2606nxheartc\n|player|p2|nxheartc|266\n|l|\u2606nxheartc\n|player|p2|\n|inactive|Battle timer is ON: inactive players will automatically lose when time's up. (requested by VikrThe)\n|inactive|nxheartc has 30 seconds to reconnect!\n|inactive|nxheartc has 20 seconds to reconnect!\n|inactive|nxheartc has 15 seconds to reconnect!\n|inactive|nxheartc has 10 seconds to reconnect!\n|inactive|nxheartc has 5 seconds to reconnect!\n|-message|nxheartc lost due to inactivity.\n|\n|win|VikrThe\n|raw|VikrThe's rating: 1344 &rarr; <strong>1358<\/strong><br \/>(+14 for winning)\n|raw|nxheartc's rating: 1237 &rarr; <strong>1219<\/strong><br \/>(-18 for losing)\n","uploadtime":1700376939,"views":23,"p1id":"vikrthe","p2id":"nxheartc","formatid":"gen9doublesou","rating":1219,"private":0,"password":""}