{"id":"gen9doublesou-1977924025","p1":"DreamyFleur","p2":"FireFrostDragon","format":"[Gen 9] Doubles OU","log":"|j|\u2606DreamyFleur\n|j|\u2606FireFrostDragon\n|inactive|Battle timer is ON: inactive players will automatically lose when time's up.\n|t:|1698467202\n|gametype|doubles\n|player|p1|DreamyFleur|tulip|\n|player|p2|FireFrostDragon|acetrainerf|\n|teamsize|p1|6\n|teamsize|p2|6\n|gen|9\n|tier|[Gen 9] Doubles OU\n|rated|Tournament battle\n|rule|Species Clause: Limit one of each Pok\u00e9mon\n|rule|OHKO Clause: OHKO moves are banned\n|rule|Evasion Moves Clause: Evasion moves are banned\n|rule|Gravity Sleep Clause: The combination of sleep-inducing moves with imperfect accuracy and Gravity or Gigantamax Orbeetle are banned\n|rule|Endless Battle Clause: Forcing endless battles is banned\n|rule|HP Percentage Mod: HP is shown in percentages\n|clearpoke\n|poke|p1|Cinderace, F|\n|poke|p1|Mandibuzz, F|\n|poke|p1|Hoppip, F|\n|poke|p1|Munchlax, F|\n|poke|p1|Floatzel, F|\n|poke|p1|Phantump, F|\n|poke|p2|Magnezone|\n|poke|p2|Yanma, F|\n|poke|p2|Shinx, M|\n|poke|p2|Kilowattrel, F|\n|poke|p2|Clauncher, M|\n|poke|p2|Houndstone, F|\n|teampreview\n|j|*Lady Monita \u263d\n|inactive|DreamyFleur also wants the timer to be on.\n|inactive|DreamyFleur no longer wants the timer on, but the timer is staying on because staff still does.\n|inactive|FireFrostDragon has 120 seconds left.\n|\n|t:|1698467234\n|start\n|switch|p1a: Hoppip|Hoppip, F, shiny|100\/100\n|switch|p1b: Munchlax|Munchlax, F, shiny|100\/100\n|switch|p2a: Kilowattrel|Kilowattrel, F|100\/100\n|switch|p2b: Magnezone|Magnezone|100\/100\n|turn|1\n|\n|t:|1698467251\n|move|p2a: Kilowattrel|Thunderbolt|p1a: Hoppip\n|-crit|p1a: Hoppip\n|-damage|p1a: Hoppip|0 fnt\n|faint|p1a: Hoppip\n|move|p2b: Magnezone|Discharge|p1b: Munchlax|[spread] p1b\n|-immune|p2a: Kilowattrel|[from] ability: Volt Absorb\n|-damage|p1b: Munchlax|73\/100\n|move|p1b: Munchlax|Earthquake|p2a: Kilowattrel|[spread] p2b\n|-immune|p2a: Kilowattrel\n|-supereffective|p2b: Magnezone\n|-damage|p2b: Magnezone|21\/100\n|\n|upkeep\n|\n|t:|1698467263\n|switch|p1a: Cinderace|Cinderace, F, shiny|100\/100\n|turn|2\n|\n|t:|1698467269\n|move|p2a: Kilowattrel|Thunderbolt|p1a: Cinderace\n|-damage|p1a: Cinderace|18\/100\n|move|p1a: Cinderace|High Jump Kick|p2b: Magnezone\n|-start|p1a: Cinderace|typechange|Fighting|[from] ability: Libero\n|-supereffective|p2b: Magnezone\n|-damage|p2b: Magnezone|0 fnt\n|faint|p2b: Magnezone\n|-damage|p1a: Cinderace|8\/100|[from] item: Life Orb\n|move|p1b: Munchlax|Earthquake|p2a: Kilowattrel|[spread] p1a\n|-immune|p2a: Kilowattrel\n|-damage|p1a: Cinderace|0 fnt\n|faint|p1a: Cinderace\n|\n|upkeep\n|\n|t:|1698467286\n|switch|p1a: Floatzel|Floatzel, F, shiny|100\/100\n|switch|p2b: Clauncher|Clauncher, M|100\/100\n|turn|3\n|\n|t:|1698467300\n|move|p2a: Kilowattrel|Thunderbolt|p1a: Floatzel\n|-supereffective|p1a: Floatzel\n|-damage|p1a: Floatzel|0 fnt\n|faint|p1a: Floatzel\n|move|p2b: Clauncher|Aura Sphere|p1b: Munchlax\n|-supereffective|p1b: Munchlax\n|-damage|p1b: Munchlax|28\/100\n|move|p1b: Munchlax|Double-Edge|p2a: Kilowattrel\n|-damage|p2a: Kilowattrel|0 fnt\n|faint|p2a: Kilowattrel\n|-damage|p1b: Munchlax|8\/100|[from] Recoil\n|\n|upkeep\n|\n|t:|1698467314\n|switch|p2a: Shinx|Shinx, M|100\/100\n|switch|p1a: Mandibuzz|Mandibuzz, F, shiny|100\/100\n|-ability|p2a: Shinx|Intimidate|boost\n|-unboost|p1a: Mandibuzz|atk|1\n|-unboost|p1b: Munchlax|atk|1\n|turn|4\n|j| jholegend\n|\n|t:|1698467325\n|move|p1a: Mandibuzz|Heat Wave|p2b: Clauncher|[spread] p2a,p2b\n|-resisted|p2b: Clauncher\n|-damage|p2a: Shinx|74\/100\n|-damage|p2b: Clauncher|90\/100\n|move|p2a: Shinx|Thunder Wave|p1a: Mandibuzz\n|-status|p1a: Mandibuzz|par\n|move|p2b: Clauncher|Aura Sphere|p1b: Munchlax\n|-supereffective|p1b: Munchlax\n|-damage|p1b: Munchlax|0 fnt\n|faint|p1b: Munchlax\n|\n|upkeep\n|\n|t:|1698467328\n|switch|p1b: Phantump|Phantump, F, shiny|100\/100\n|turn|5\n|\n|t:|1698467340\n|move|p1a: Mandibuzz|Air Slash|p2b: Clauncher\n|-damage|p2b: Clauncher|53\/100\n|move|p2a: Shinx|Thunder Wave|p1b: Phantump\n|-status|p1b: Phantump|par\n|move|p2b: Clauncher|Aura Sphere|p1a: Mandibuzz\n|-damage|p1a: Mandibuzz|58\/100 par\n|move|p1b: Phantump|Horn Leech|p2b: Clauncher\n|-supereffective|p2b: Clauncher\n|-damage|p2b: Clauncher|0 fnt\n|faint|p2b: Clauncher\n|\n|-heal|p1a: Mandibuzz|64\/100 par|[from] item: Leftovers\n|upkeep\n|\n|t:|1698467356\n|switch|p2b: Yanma|Yanma, F|100\/100\n|turn|6\n|inactive|DreamyFleur has 120 seconds left.\n|inactive|DreamyFleur has 90 seconds left.\n|\n|t:|1698467427\n|move|p2b: Yanma|Bug Buzz|p1a: Mandibuzz\n|-damage|p1a: Mandibuzz|31\/100 par\n|move|p1a: Mandibuzz|Air Slash|p2b: Yanma\n|-supereffective|p2b: Yanma\n|-enditem|p2b: Yanma|Focus Sash\n|-damage|p2b: Yanma|1\/100\n|move|p2a: Shinx|Play Rough|p1a: Mandibuzz\n|-supereffective|p1a: Mandibuzz\n|-damage|p1a: Mandibuzz|0 fnt\n|faint|p1a: Mandibuzz\n|move|p1b: Phantump|Horn Leech|p2a: Shinx\n|-damage|p2a: Shinx|21\/100\n|\n|-ability|p2b: Yanma|Speed Boost|boost\n|-boost|p2b: Yanma|spe|1\n|upkeep\n|turn|7\n|-message|DreamyFleur forfeited.\n|\n|win|FireFrostDragon\n|n|\u2606DreamyFleur|dreamyfleur\n|n|\u2606FireFrostDragon|firefrostdragon\n|n|*Lady Monita \u263d|ladymonita\n|n| jholegend|jholegend\n","uploadtime":1698467433,"views":16,"p1id":"dreamyfleur","p2id":"firefrostdragon","formatid":"gen9doublesou","rating":0,"private":0,"password":""}