{"id":"gen9doublesou-1993762333","p1":"ananymous123213","p2":"Schister","format":"[Gen 9] Doubles OU","log":"|j|\u2606ananymous123213\n|j|\u2606Schister\n|t:|1700354248\n|gametype|doubles\n|player|p1|ananymous123213|ninjaboy|1657\n|player|p2|Schister|clair|1828\n|teamsize|p1|6\n|teamsize|p2|6\n|gen|9\n|tier|[Gen 9] Doubles OU\n|rated|\n|rule|Species Clause: Limit one of each Pok\u00e9mon\n|rule|OHKO Clause: OHKO moves are banned\n|rule|Evasion Moves Clause: Evasion moves are banned\n|rule|Gravity Sleep Clause: The combination of sleep-inducing moves with imperfect accuracy and Gravity or Gigantamax Orbeetle are banned\n|rule|Endless Battle Clause: Forcing endless battles is banned\n|rule|HP Percentage Mod: HP is shown in percentages\n|clearpoke\n|poke|p1|Tornadus, M|\n|poke|p1|Walking Wake|\n|poke|p1|Rillaboom, M|\n|poke|p1|Flutter Mane|\n|poke|p1|Ogerpon-Hearthflame, F|\n|poke|p1|Heatran, M|\n|poke|p2|Grimmsnarl, M|\n|poke|p2|Landorus-Therian, M|\n|poke|p2|Rillaboom, F|\n|poke|p2|Skeledirge, M|\n|poke|p2|Kingambit, M|\n|poke|p2|Cresselia, F|\n|teampreview\n|inactive|Battle timer is ON: inactive players will automatically lose when time's up. (requested by Schister)\n|\n|t:|1700354260\n|start\n|switch|p1a: Tornadus|Tornadus, M|100\/100\n|switch|p1b: Heatran|Heatran, M|100\/100\n|switch|p2a: Gremlin|Grimmsnarl, M|100\/100\n|switch|p2b: HIM|Landorus-Therian, M|100\/100\n|-ability|p2b: HIM|Intimidate|boost\n|-unboost|p1a: Tornadus|atk|1\n|-unboost|p1b: Heatran|atk|1\n|turn|1\n|\n|t:|1700354276\n|move|p1b: Heatran|Protect|p1b: Heatran\n|-singleturn|p1b: Heatran|Protect\n|move|p1a: Tornadus|Tailwind|p1a: Tornadus\n|-sidestart|p1: ananymous123213|move: Tailwind\n|move|p2a: Gremlin|Light Screen|p2a: Gremlin\n|-sidestart|p2: Schister|move: Light Screen\n|move|p2b: HIM|Stealth Rock|p1b: Heatran\n|-sidestart|p1: ananymous123213|move: Stealth Rock\n|\n|upkeep\n|turn|2\n|j| Le_Baddie\n|\n|t:|1700354295\n|switch|p1b: Rillaboom|Rillaboom, M|100\/100\n|-damage|p1b: Rillaboom|88\/100|[from] Stealth Rock\n|-fieldstart|move: Grassy Terrain|[from] ability: Grassy Surge|[of] p1b: Rillaboom\n|move|p1a: Tornadus|Bleakwind Storm|p2b: HIM|[spread] p2a\n|-miss|p1a: Tornadus|p2b: HIM\n|-damage|p2a: Gremlin|81\/100\n|move|p2b: HIM|Stomping Tantrum|p1b: Rillaboom\n|-resisted|p1b: Rillaboom\n|-damage|p1b: Rillaboom|70\/100\n|move|p2a: Gremlin|Spirit Break|p1b: Rillaboom\n|-damage|p1b: Rillaboom|38\/100\n|-unboost|p1b: Rillaboom|spa|1\n|\n|-heal|p1b: Rillaboom|44\/100|[from] Grassy Terrain\n|-heal|p2a: Gremlin|87\/100|[from] Grassy Terrain\n|upkeep\n|turn|3\n|\n|t:|1700354317\n|move|p1a: Tornadus|Bleakwind Storm|p2b: HIM|[spread] p2a,p2b\n|-damage|p2a: Gremlin|68\/100\n|-damage|p2b: HIM|83\/100\n|move|p1b: Rillaboom|U-turn|p2a: Gremlin\n|-damage|p2a: Gremlin|42\/100\n|\n|t:|1700354323\n|switch|p1b: Flutter Mane|Flutter Mane|100\/100|[from] U-turn\n|-damage|p1b: Flutter Mane|88\/100|[from] Stealth Rock\n|move|p2b: HIM|U-turn|p1b: Flutter Mane\n|-resisted|p1b: Flutter Mane\n|-damage|p1b: Flutter Mane|78\/100\n|\n|t:|1700354329\n|switch|p2b: Chairbutt|Kingambit, M|100\/100|[from] U-turn\n|move|p2a: Gremlin|Spirit Break|p1a: Tornadus\n|-damage|p1a: Tornadus|73\/100\n|-unboost|p1a: Tornadus|spa|1\n|\n|-heal|p1b: Flutter Mane|84\/100|[from] Grassy Terrain\n|-heal|p2a: Gremlin|48\/100|[from] Grassy Terrain\n|upkeep\n|turn|4\n|\n|t:|1700354347\n|move|p1a: Tornadus|Sunny Day|p1a: Tornadus\n|-weather|SunnyDay\n|-activate|p1b: Flutter Mane|ability: Protosynthesis\n|-start|p1b: Flutter Mane|protosynthesisspa\n|move|p2a: Gremlin|Reflect|p2a: Gremlin\n|-sidestart|p2: Schister|Reflect\n|move|p1b: Flutter Mane|Moonblast|p2b: Chairbutt\n|-damage|p2b: Chairbutt|36\/100\n|-unboost|p2b: Chairbutt|spa|1\n|-ability|p2b: Chairbutt|Defiant|boost\n|-boost|p2b: Chairbutt|atk|2\n|move|p2b: Chairbutt|Swords Dance|p2b: Chairbutt\n|-boost|p2b: Chairbutt|atk|2\n|\n|-weather|SunnyDay|[upkeep]\n|-heal|p1b: Flutter Mane|90\/100|[from] Grassy Terrain\n|-heal|p2a: Gremlin|54\/100|[from] Grassy Terrain\n|-heal|p2b: Chairbutt|43\/100|[from] Grassy Terrain\n|-heal|p2b: Chairbutt|49\/100|[from] item: Leftovers\n|-sideend|p1: ananymous123213|move: Tailwind\n|upkeep\n|turn|5\n|\n|t:|1700354363\n|-terastallize|p1b: Flutter Mane|Fairy\n|move|p2b: Chairbutt|Protect|p2b: Chairbutt\n|-singleturn|p2b: Chairbutt|Protect\n|move|p1b: Flutter Mane|Moonblast|p2b: Chairbutt\n|-activate|p2b: Chairbutt|move: Protect\n|move|p1a: Tornadus|Bleakwind Storm|p2a: Gremlin|[spread] p2a\n|-activate|p2b: Chairbutt|move: Protect\n|-damage|p2a: Gremlin|40\/100\n|-unboost|p2a: Gremlin|spe|1\n|move|p2a: Gremlin|Spirit Break|p1b: Flutter Mane\n|-damage|p1b: Flutter Mane|37\/100\n|-unboost|p1b: Flutter Mane|spa|1\n|\n|-weather|SunnyDay|[upkeep]\n|-heal|p1b: Flutter Mane|43\/100|[from] Grassy Terrain\n|-heal|p2a: Gremlin|46\/100|[from] Grassy Terrain\n|-heal|p2b: Chairbutt|55\/100|[from] Grassy Terrain\n|-heal|p2b: Chairbutt|61\/100|[from] item: Leftovers\n|upkeep\n|turn|6\n|\n|t:|1700354381\n|-end|p1b: Flutter Mane|Protosynthesis|[silent]\n|switch|p1b: Rillaboom|Rillaboom, M|44\/100\n|-damage|p1b: Rillaboom|31\/100|[from] Stealth Rock\n|move|p2a: Gremlin|Parting Shot|p1b: Rillaboom\n|-unboost|p1b: Rillaboom|atk|1\n|-unboost|p1b: Rillaboom|spa|1\n|\n|t:|1700354388\n|switch|p2a: Hoverboard|Cresselia, F|100\/100|[from] Parting Shot\n|move|p2b: Chairbutt|Sucker Punch||[still]\n|-fail|p2b: Chairbutt\n|move|p1a: Tornadus|Bleakwind Storm|p2a: Hoverboard|[spread] p2a\n|-miss|p1a: Tornadus|p2b: Chairbutt\n|-damage|p2a: Hoverboard|92\/100\n|-unboost|p2a: Hoverboard|spe|1\n|\n|-weather|SunnyDay|[upkeep]\n|-heal|p1b: Rillaboom|38\/100|[from] Grassy Terrain\n|-heal|p2b: Chairbutt|67\/100|[from] Grassy Terrain\n|-heal|p2b: Chairbutt|74\/100|[from] item: Leftovers\n|-fieldend|move: Grassy Terrain\n|upkeep\n|turn|7\n|\n|t:|1700354403\n|move|p1b: Rillaboom|Fake Out|p2b: Chairbutt\n|-resisted|p2b: Chairbutt\n|-damage|p2b: Chairbutt|71\/100\n|move|p1a: Tornadus|Taunt|p2a: Hoverboard\n|-start|p2a: Hoverboard|move: Taunt\n|-enditem|p2a: Hoverboard|Mental Herb\n|-end|p2a: Hoverboard|move: Taunt\n|cant|p2b: Chairbutt|flinch\n|move|p2a: Hoverboard|Trick Room|p2a: Hoverboard\n|-fieldstart|move: Trick Room|[of] p2a: Hoverboard\n|\n|-weather|SunnyDay|[upkeep]\n|-heal|p2b: Chairbutt|78\/100|[from] item: Leftovers\n|upkeep\n|turn|8\n|\n|t:|1700354421\n|move|p1a: Tornadus|Taunt|p2b: Chairbutt\n|-hint|Since gen 7, Dark is immune to Prankster moves.\n|-immune|p2b: Chairbutt\n|move|p2b: Chairbutt|Iron Head|p1a: Tornadus\n|-damage|p1a: Tornadus|0 fnt\n|faint|p1a: Tornadus\n|move|p2a: Hoverboard|Psychic|p1b: Rillaboom\n|-crit|p1b: Rillaboom\n|-damage|p1b: Rillaboom|10\/100\n|move|p1b: Rillaboom|High Horsepower|p2b: Chairbutt|[miss]\n|-miss|p1b: Rillaboom|p2b: Chairbutt\n|\n|-weather|none\n|-heal|p2b: Chairbutt|84\/100|[from] item: Leftovers\n|-sideend|p2: Schister|move: Light Screen\n|upkeep\n|\n|t:|1700354434\n|switch|p1a: Heatran|Heatran, M|100\/100\n|-damage|p1a: Heatran|88\/100|[from] Stealth Rock\n|turn|9\n|\n|t:|1700354443\n|-terastallize|p2b: Chairbutt|Fairy\n|move|p1a: Heatran|Protect|p1a: Heatran\n|-singleturn|p1a: Heatran|Protect\n|move|p2b: Chairbutt|Sucker Punch||[still]\n|-fail|p2b: Chairbutt\n|move|p2a: Hoverboard|Psychic|p1b: Rillaboom\n|-damage|p1b: Rillaboom|0 fnt\n|faint|p1b: Rillaboom\n|\n|-heal|p2b: Chairbutt|90\/100|[from] item: Leftovers\n|upkeep\n|\n|t:|1700354452\n|switch|p1b: Ogerpon|Ogerpon-Hearthflame, F|100\/100\n|-damage|p1b: Ogerpon|76\/100|[from] Stealth Rock\n|-ability|p1b: Ogerpon|Mold Breaker\n|turn|10\n|\n|t:|1700354466\n|switch|p2a: HIM|Landorus-Therian, M|83\/100\n|-ability|p2a: HIM|Intimidate|boost\n|-unboost|p1a: Heatran|atk|1\n|-unboost|p1b: Ogerpon|atk|1\n|move|p1b: Ogerpon|Spiky Shield|p1b: Ogerpon\n|-singleturn|p1b: Ogerpon|move: Protect\n|move|p2b: Chairbutt|Iron Head|p1a: Heatran\n|-resisted|p1a: Heatran\n|-damage|p1a: Heatran|59\/100\n|move|p1a: Heatran|Flash Cannon|p2b: Chairbutt\n|-supereffective|p2b: Chairbutt\n|-damage|p2b: Chairbutt|0 fnt\n|faint|p2b: Chairbutt\n|-damage|p1a: Heatran|49\/100|[from] item: Life Orb\n|\n|upkeep\n|\n|t:|1700354480\n|switch|p2b: Charlie|Skeledirge, M|100\/100\n|turn|11\n|\n|t:|1700354494\n|switch|p1a: Walking Wake|Walking Wake|100\/100\n|-damage|p1a: Walking Wake|88\/100|[from] Stealth Rock\n|switch|p1b: Flutter Mane|Flutter Mane, tera:Fairy|43\/100\n|-damage|p1b: Flutter Mane|30\/100|[from] Stealth Rock\n|move|p2b: Charlie|Earth Power|p1a: Walking Wake\n|-damage|p1a: Walking Wake|60\/100\n|move|p2a: HIM|Stomping Tantrum|p1b: Flutter Mane\n|-damage|p1b: Flutter Mane|0 fnt\n|faint|p1b: Flutter Mane\n|-end|p1b: Flutter Mane|Protosynthesis|[silent]\n|\n|-sideend|p2: Schister|Reflect\n|-fieldend|move: Trick Room\n|upkeep\n|\n|t:|1700354502\n|switch|p1b: Ogerpon|Ogerpon-Hearthflame, F|76\/100\n|-damage|p1b: Ogerpon|51\/100|[from] Stealth Rock\n|-ability|p1b: Ogerpon|Mold Breaker\n|turn|12\n|\n|t:|1700354517\n|switch|p2a: Bungo Kong|Rillaboom, F|100\/100\n|-fieldstart|move: Grassy Terrain|[from] ability: Grassy Surge|[of] p2a: Bungo Kong\n|move|p1b: Ogerpon|Swords Dance|p1b: Ogerpon\n|-boost|p1b: Ogerpon|atk|2\n|move|p1a: Walking Wake|Hydro Steam|p2a: Bungo Kong\n|-resisted|p2a: Bungo Kong\n|-damage|p2a: Bungo Kong|81\/100\n|-damage|p1a: Walking Wake|50\/100|[from] item: Life Orb\n|move|p2b: Charlie|Torch Song|p1b: Ogerpon\n|-damage|p1b: Ogerpon|18\/100\n|-boost|p2b: Charlie|spa|1\n|\n|-heal|p1b: Ogerpon|24\/100|[from] Grassy Terrain\n|-heal|p1a: Walking Wake|56\/100|[from] Grassy Terrain\n|-heal|p2a: Bungo Kong|87\/100|[from] Grassy Terrain\n|upkeep\n|turn|13\n|\n|t:|1700354536\n|move|p1b: Ogerpon|Spiky Shield|p1b: Ogerpon\n|-singleturn|p1b: Ogerpon|move: Protect\n|move|p1a: Walking Wake|Protect|p1a: Walking Wake\n|-singleturn|p1a: Walking Wake|Protect\n|move|p2a: Bungo Kong|Fake Out|p1a: Walking Wake\n|-activate|p1a: Walking Wake|move: Protect\n|move|p2b: Charlie|Earth Power|p1a: Walking Wake\n|-activate|p1a: Walking Wake|move: Protect\n|\n|-heal|p1b: Ogerpon|30\/100|[from] Grassy Terrain\n|-heal|p1a: Walking Wake|62\/100|[from] Grassy Terrain\n|-heal|p2a: Bungo Kong|94\/100|[from] Grassy Terrain\n|upkeep\n|turn|14\n|inactive|ananymous123213 has 120 seconds left.\n|\n|t:|1700354568\n|move|p2b: Charlie|Protect|p2b: Charlie\n|-singleturn|p2b: Charlie|Protect\n|move|p2a: Bungo Kong|Grassy Glide|p1a: Walking Wake\n|-damage|p1a: Walking Wake|20\/100\n|move|p1b: Ogerpon|Horn Leech|p2a: Bungo Kong\n|-resisted|p2a: Bungo Kong\n|-damage|p2a: Bungo Kong|40\/100\n|-heal|p1b: Ogerpon|66\/100|[from] drain|[of] p2a: Bungo Kong\n|move|p1a: Walking Wake|Hydro Steam|p2b: Charlie\n|-activate|p2b: Charlie|move: Protect\n|\n|-heal|p1b: Ogerpon|72\/100|[from] Grassy Terrain\n|-heal|p1a: Walking Wake|26\/100|[from] Grassy Terrain\n|-heal|p2a: Bungo Kong|46\/100|[from] Grassy Terrain\n|upkeep\n|turn|15\n|\n|t:|1700354585\n|move|p2a: Bungo Kong|Grassy Glide|p1a: Walking Wake\n|-damage|p1a: Walking Wake|0 fnt\n|faint|p1a: Walking Wake\n|-end|p1a: Walking Wake|Protosynthesis|[silent]\n|move|p1b: Ogerpon|Horn Leech|p2a: Bungo Kong\n|-resisted|p2a: Bungo Kong\n|-damage|p2a: Bungo Kong|0 fnt\n|-heal|p1b: Ogerpon|100\/100|[from] drain|[of] p2a: Bungo Kong\n|faint|p2a: Bungo Kong\n|move|p2b: Charlie|Torch Song|p1b: Ogerpon\n|-damage|p1b: Ogerpon|47\/100\n|-boost|p2b: Charlie|spa|1\n|\n|-heal|p1b: Ogerpon|53\/100|[from] Grassy Terrain\n|upkeep\n|\n|t:|1700354594\n|switch|p1a: Heatran|Heatran, M|49\/100\n|switch|p2a: HIM|Landorus-Therian, M|83\/100\n|-ability|p2a: HIM|Intimidate|boost\n|-unboost|p1a: Heatran|atk|1\n|-unboost|p1b: Ogerpon|atk|1\n|-damage|p1a: Heatran|37\/100|[from] Stealth Rock\n|turn|16\n|l| Le_Baddie\n|\n|t:|1700354608\n|move|p1b: Ogerpon|Horn Leech|p2a: HIM\n|-damage|p2a: HIM|3\/100\n|-heal|p1b: Ogerpon|100\/100|[from] drain|[of] p2a: HIM\n|-enditem|p2a: HIM|Sitrus Berry|[eat]\n|-heal|p2a: HIM|28\/100|[from] item: Sitrus Berry\n|move|p2a: HIM|Stomping Tantrum|p1a: Heatran\n|-supereffective|p1a: Heatran\n|-damage|p1a: Heatran|0 fnt\n|faint|p1a: Heatran\n|move|p2b: Charlie|Torch Song|p1b: Ogerpon\n|-crit|p1b: Ogerpon\n|-damage|p1b: Ogerpon|0 fnt\n|-boost|p2b: Charlie|spa|1\n|faint|p1b: Ogerpon\n|\n|win|Schister\n|raw|ananymous123213's rating: 1657 &rarr; <strong>1646<\/strong><br \/>(-11 for losing)\n|raw|Schister's rating: 1828 &rarr; <strong>1839<\/strong><br \/>(+11 for winning)\n|l|\u2606ananymous123213\n","uploadtime":1700354627,"views":15,"p1id":"ananymous123213","p2id":"schister","formatid":"gen9doublesou","rating":1646,"private":0,"password":""}