{"id":"gen9doublesou-1975162688","p1":"Thehombre","p2":"Korotele","format":"[Gen 9] Doubles OU","log":"|j|\u2606Thehombre\n|j|\u2606Korotele\n|t:|1698166744\n|gametype|doubles\n|player|p1|Thehombre|101|1025\n|player|p2|Korotele|101|1050\n|teamsize|p1|6\n|teamsize|p2|6\n|gen|9\n|tier|[Gen 9] Doubles OU\n|rated|\n|rule|Species Clause: Limit one of each Pok\u00e9mon\n|rule|OHKO Clause: OHKO moves are banned\n|rule|Evasion Moves Clause: Evasion moves are banned\n|rule|Gravity Sleep Clause: The combination of sleep-inducing moves with imperfect accuracy and Gravity or Gigantamax Orbeetle are banned\n|rule|Endless Battle Clause: Forcing endless battles is banned\n|rule|HP Percentage Mod: HP is shown in percentages\n|clearpoke\n|poke|p1|Fezandipiti, M|\n|poke|p1|Overqwil, M|\n|poke|p1|Munkidori, M|\n|poke|p1|Landorus, M|\n|poke|p1|Corviknight, F|\n|poke|p1|Muk-Alola, M|\n|poke|p2|Ninetales-Alola, F|\n|poke|p2|Gliscor, M|\n|poke|p2|Mienshao, F|\n|poke|p2|Empoleon, M|\n|poke|p2|Garganacl, M|\n|poke|p2|Oranguru, M|\n|teampreview\n|\n|t:|1698166758\n|start\n|switch|p1a: Overqwil|Overqwil, M|100\/100\n|switch|p1b: Fezandipiti|Fezandipiti, M|100\/100\n|switch|p2a: Ninetales|Ninetales-Alola, F|100\/100\n|switch|p2b: Gliscor|Gliscor, M|100\/100\n|-weather|Snow|[from] ability: Snow Warning|[of] p2a: Ninetales\n|turn|1\n|\n|t:|1698166771\n|move|p2b: Gliscor|Protect|p2b: Gliscor\n|-singleturn|p2b: Gliscor|Protect\n|move|p2a: Ninetales|Aurora Veil|p2a: Ninetales\n|-sidestart|p2: Korotele|move: Aurora Veil\n|move|p1b: Fezandipiti|Icy Wind|p2b: Gliscor|[spread] p2a\n|-activate|p2b: Gliscor|move: Protect\n|-resisted|p2a: Ninetales\n|-damage|p2a: Ninetales|97\/100\n|-unboost|p2a: Ninetales|spe|1\n|move|p1a: Overqwil|Acupressure|p1b: Fezandipiti\n|-boost|p1b: Fezandipiti|evasion|2\n|\n|-weather|Snow|[upkeep]\n|-status|p2b: Gliscor|tox|[from] item: Toxic Orb\n|upkeep\n|turn|2\n|inactive|Battle timer is ON: inactive players will automatically lose when time's up. (requested by Thehombre)\n|\n|t:|1698166815\n|move|p1b: Fezandipiti|Icy Wind|p2b: Gliscor|[spread] p2a,p2b\n|-resisted|p2a: Ninetales\n|-supereffective|p2b: Gliscor\n|-damage|p2a: Ninetales|93\/100\n|-damage|p2b: Gliscor|71\/100 tox\n|-unboost|p2a: Ninetales|spe|1\n|-unboost|p2b: Gliscor|spe|1\n|-status|p2a: Ninetales|tox|[from] ability: Toxic Chain|[of] p1b: Fezandipiti\n|move|p1a: Overqwil|Acupressure|p1b: Fezandipiti\n|-boost|p1b: Fezandipiti|spe|2\n|move|p2a: Ninetales|Icy Wind|p1b: Fezandipiti|[spread] p1a\n|-miss|p2a: Ninetales|p1b: Fezandipiti\n|-damage|p1a: Overqwil|77\/100\n|-unboost|p1a: Overqwil|spe|1\n|move|p2b: Gliscor|Knock Off|p1b: Fezandipiti|[miss]\n|-miss|p2b: Gliscor|p1b: Fezandipiti\n|\n|-weather|Snow|[upkeep]\n|-damage|p2a: Ninetales|87\/100 tox|[from] psn\n|-heal|p2b: Gliscor|84\/100 tox|[from] ability: Poison Heal\n|upkeep\n|turn|3\n|\n|t:|1698166833\n|switch|p2a: Empoleon|Empoleon, M|100\/100\n|switch|p2b: Oranguru|Oranguru, M|100\/100\n|move|p1b: Fezandipiti|Icy Wind|p2b: Oranguru|[spread] p2a,p2b\n|-resisted|p2a: Empoleon\n|-damage|p2a: Empoleon|99\/100\n|-damage|p2b: Oranguru|95\/100\n|-unboost|p2a: Empoleon|spe|1\n|-ability|p2a: Empoleon|Competitive|boost\n|-boost|p2a: Empoleon|spa|2\n|-unboost|p2b: Oranguru|spe|1\n|move|p1a: Overqwil|Acupressure|p1b: Fezandipiti\n|-boost|p1b: Fezandipiti|spd|2\n|\n|-weather|Snow|[upkeep]\n|-heal|p2a: Empoleon|100\/100|[from] item: Leftovers\n|upkeep\n|turn|4\n|\n|t:|1698166850\n|move|p1b: Fezandipiti|Beat Up|p2b: Oranguru\n|-supereffective|p2b: Oranguru\n|-damage|p2b: Oranguru|89\/100\n|-supereffective|p2b: Oranguru\n|-damage|p2b: Oranguru|83\/100\n|-supereffective|p2b: Oranguru\n|-damage|p2b: Oranguru|79\/100\n|-supereffective|p2b: Oranguru\n|-damage|p2b: Oranguru|73\/100\n|-supereffective|p2b: Oranguru\n|-damage|p2b: Oranguru|67\/100\n|-status|p2b: Oranguru|tox|[from] ability: Toxic Chain|[of] p1b: Fezandipiti\n|-supereffective|p2b: Oranguru\n|-damage|p2b: Oranguru|61\/100 tox\n|-hitcount|p2b: Oranguru|6\n|move|p1a: Overqwil|Acupressure|p1b: Fezandipiti\n|-boost|p1b: Fezandipiti|def|2\n|move|p2b: Oranguru|Instruct||[still]\n|-fail|p2b: Oranguru\n|move|p2a: Empoleon|Blizzard|p1a: Overqwil|[spread] p1a,p1b\n|-damage|p1a: Overqwil|0 fnt\n|-damage|p1b: Fezandipiti|76\/100\n|faint|p1a: Overqwil\n|\n|-weather|Snow|[upkeep]\n|-heal|p1b: Fezandipiti|82\/100|[from] item: Leftovers\n|-damage|p2b: Oranguru|55\/100 tox|[from] psn\n|upkeep\n|inactive|Thehombre has 120 seconds left.\n|\n|t:|1698166871\n|switch|p1a: Landorus|Landorus, M|100\/100\n|turn|5\n|\n|t:|1698166886\n|move|p1b: Fezandipiti|Beat Up|p2a: Empoleon\n|-damage|p2a: Empoleon|98\/100\n|-damage|p2a: Empoleon|96\/100\n|-damage|p2a: Empoleon|94\/100\n|-damage|p2a: Empoleon|92\/100\n|-damage|p2a: Empoleon|90\/100\n|-hitcount|p2a: Empoleon|5\n|move|p1a: Landorus|Earth Power|p2a: Empoleon\n|-supereffective|p2a: Empoleon\n|-damage|p2a: Empoleon|27\/100\n|move|p2b: Oranguru|Taunt|p1b: Fezandipiti\n|-start|p1b: Fezandipiti|move: Taunt\n|move|p2a: Empoleon|Blizzard|p1b: Fezandipiti|[spread] p1a,p1b\n|-supereffective|p1a: Landorus\n|-damage|p1a: Landorus|0 fnt\n|-damage|p1b: Fezandipiti|57\/100\n|faint|p1a: Landorus\n|\n|-weather|none\n|-heal|p1b: Fezandipiti|63\/100|[from] item: Leftovers\n|-heal|p2a: Empoleon|33\/100|[from] item: Leftovers\n|-damage|p2b: Oranguru|43\/100 tox|[from] psn\n|upkeep\n|-enditem|p2b: Oranguru|Sitrus Berry|[eat]\n|-heal|p2b: Oranguru|68\/100 tox|[from] item: Sitrus Berry\n|\n|t:|1698166897\n|switch|p1a: Munkidori|Munkidori, M|100\/100\n|turn|6\n|\n|t:|1698166908\n|switch|p2b: Ninetales|Ninetales-Alola, F|87\/100 tox\n|-weather|Snow|[from] ability: Snow Warning|[of] p2b: Ninetales\n|move|p1b: Fezandipiti|Icy Wind|p2b: Ninetales|[spread] p2a,p2b\n|-resisted|p2a: Empoleon\n|-resisted|p2b: Ninetales\n|-damage|p2a: Empoleon|32\/100\n|-damage|p2b: Ninetales|83\/100 tox\n|-unboost|p2a: Empoleon|spe|1\n|-ability|p2a: Empoleon|Competitive|boost\n|-boost|p2a: Empoleon|spa|2\n|-unboost|p2b: Ninetales|spe|1\n|move|p1a: Munkidori|Focus Blast|p2a: Empoleon\n|-supereffective|p2a: Empoleon\n|-damage|p2a: Empoleon|0 fnt\n|faint|p2a: Empoleon\n|\n|-weather|Snow|[upkeep]\n|-heal|p1b: Fezandipiti|69\/100|[from] item: Leftovers\n|-damage|p2b: Ninetales|77\/100 tox|[from] psn\n|upkeep\n|\n|t:|1698166933\n|switch|p2a: Gliscor|Gliscor, M|84\/100 tox\n|turn|7\n|\n|t:|1698166940\n|switch|p2b: Oranguru|Oranguru, M|68\/100 tox\n|move|p1b: Fezandipiti|Icy Wind|p2a: Gliscor|[spread] p2a,p2b\n|-supereffective|p2a: Gliscor\n|-damage|p2a: Gliscor|54\/100 tox\n|-damage|p2b: Oranguru|62\/100 tox\n|-unboost|p2a: Gliscor|spe|1\n|-unboost|p2b: Oranguru|spe|1\n|move|p1a: Munkidori|Sludge Wave|p2a: Gliscor|[spread] p1b,p2a,p2b\n|-resisted|p2a: Gliscor\n|-damage|p1b: Fezandipiti|50\/100\n|-damage|p2a: Gliscor|37\/100 tox\n|-damage|p2b: Oranguru|40\/100 tox\n|move|p2a: Gliscor|Earthquake|p1b: Fezandipiti|[spread] p1a,p1b\n|-activate|p2b: Oranguru|ability: Telepathy\n|-supereffective|p1a: Munkidori\n|-supereffective|p1b: Fezandipiti\n|-damage|p1a: Munkidori|28\/100\n|-damage|p1b: Fezandipiti|12\/100\n|\n|-weather|Snow|[upkeep]\n|-heal|p1b: Fezandipiti|18\/100|[from] item: Leftovers\n|-damage|p2b: Oranguru|34\/100 tox|[from] psn\n|-heal|p2a: Gliscor|49\/100 tox|[from] ability: Poison Heal\n|upkeep\n|turn|8\n|\n|t:|1698166962\n|move|p1b: Fezandipiti|Icy Wind|p2a: Gliscor|[spread] p2a,p2b\n|-supereffective|p2a: Gliscor\n|-damage|p2a: Gliscor|15\/100 tox\n|-damage|p2b: Oranguru|29\/100 tox\n|-unboost|p2a: Gliscor|spe|1\n|-unboost|p2b: Oranguru|spe|1\n|move|p1a: Munkidori|Psychic|p2a: Gliscor\n|-damage|p2a: Gliscor|0 fnt\n|faint|p2a: Gliscor\n|move|p2b: Oranguru|Instruct|p2: Gliscor|[notarget]\n|-fail|p2b: Oranguru\n|\n|-weather|Snow|[upkeep]\n|-heal|p1b: Fezandipiti|24\/100|[from] item: Leftovers\n|-damage|p2b: Oranguru|16\/100 tox|[from] psn\n|-end|p1b: Fezandipiti|move: Taunt\n|-sideend|p2: Korotele|move: Aurora Veil\n|upkeep\n|\n|t:|1698166973\n|switch|p2a: Mienshao|Mienshao, F|100\/100\n|turn|9\n|\n|t:|1698166982\n|switch|p2b: Garganacl|Garganacl, M|100\/100\n|move|p2a: Mienshao|Fake Out|p1b: Fezandipiti\n|-damage|p1b: Fezandipiti|10\/100\n|-damage|p2a: Mienshao|91\/100|[from] item: Life Orb\n|cant|p1b: Fezandipiti|flinch\n|move|p1a: Munkidori|Psychic|p2a: Mienshao\n|-supereffective|p2a: Mienshao\n|-damage|p2a: Mienshao|0 fnt\n|faint|p2a: Mienshao\n|\n|-weather|Snow|[upkeep]\n|-heal|p1b: Fezandipiti|16\/100|[from] item: Leftovers\n|upkeep\n|\n|t:|1698166992\n|switch|p2a: Oranguru|Oranguru, M|16\/100 tox\n|turn|10\n|\n|t:|1698167006\n|-terastallize|p2b: Garganacl|Rock\n|move|p1b: Fezandipiti|Dazzling Gleam|p2b: Garganacl|[spread] p2a,p2b\n|-damage|p2a: Oranguru|0 fnt\n|-damage|p2b: Garganacl|80\/100\n|faint|p2a: Oranguru\n|move|p1a: Munkidori|Focus Blast|p2b: Garganacl|[miss]\n|-miss|p1a: Munkidori|p2b: Garganacl\n|move|p2b: Garganacl|Salt Cure|p1a: Munkidori\n|-damage|p1a: Munkidori|0 fnt\n|faint|p1a: Munkidori\n|\n|-weather|none\n|-heal|p1b: Fezandipiti|22\/100|[from] item: Leftovers\n|-heal|p2b: Garganacl|86\/100|[from] item: Leftovers\n|upkeep\n|\n|t:|1698167018\n|switch|p1a: Muk|Muk-Alola, M|100\/100\n|switch|p2a: Ninetales|Ninetales-Alola, F|77\/100 tox\n|-weather|Snow|[from] ability: Snow Warning|[of] p2a: Ninetales\n|turn|11\n|\n|t:|1698167030\n|move|p1b: Fezandipiti|Heat Wave|p2b: Garganacl|[spread] p2a,p2b\n|-supereffective|p2a: Ninetales\n|-crit|p2a: Ninetales\n|-resisted|p2b: Garganacl\n|-damage|p2a: Ninetales|16\/100 tox\n|-damage|p2b: Garganacl|79\/100\n|-status|p2b: Garganacl|tox|[from] ability: Toxic Chain|[of] p1b: Fezandipiti\n|move|p2a: Ninetales|Dazzling Gleam|p1b: Fezandipiti|[spread] p1a,p1b\n|-resisted|p1b: Fezandipiti\n|-damage|p1a: Muk|82\/100\n|-damage|p1b: Fezandipiti|17\/100\n|move|p1a: Muk|Poison Jab|p2a: Ninetales\n|-supereffective|p2a: Ninetales\n|-damage|p2a: Ninetales|0 fnt\n|faint|p2a: Ninetales\n|move|p2b: Garganacl|Earthquake|p1b: Fezandipiti|[spread] p1a\n|-miss|p2b: Garganacl|p1b: Fezandipiti\n|-supereffective|p1a: Muk\n|-damage|p1a: Muk|44\/100\n|\n|-weather|Snow|[upkeep]\n|-heal|p1b: Fezandipiti|23\/100|[from] item: Leftovers\n|-heal|p1a: Muk|50\/100|[from] item: Leftovers\n|-heal|p2b: Garganacl|85\/100 tox|[from] item: Leftovers\n|-damage|p2b: Garganacl|79\/100 tox|[from] psn\n|upkeep\n|turn|12\n|\n|t:|1698167053\n|move|p1b: Fezandipiti|Dazzling Gleam|p2b: Garganacl\n|-damage|p2b: Garganacl|54\/100 tox\n|move|p1a: Muk|Crunch|p2b: Garganacl\n|-damage|p2b: Garganacl|33\/100 tox\n|move|p2b: Garganacl|Salt Cure|p1b: Fezandipiti\n|-damage|p1b: Fezandipiti|2\/100\n|-start|p1b: Fezandipiti|Salt Cure\n|\n|-weather|Snow|[upkeep]\n|-heal|p1b: Fezandipiti|8\/100|[from] item: Leftovers\n|-heal|p1a: Muk|56\/100|[from] item: Leftovers\n|-heal|p2b: Garganacl|39\/100 tox|[from] item: Leftovers\n|-damage|p2b: Garganacl|26\/100 tox|[from] psn\n|-damage|p1b: Fezandipiti|0 fnt|[from] Salt Cure\n|faint|p1b: Fezandipiti\n|upkeep\n|\n|t:|1698167063\n|switch|p1b: Corviknight|Corviknight, F|100\/100\n|turn|13\n|\n|t:|1698167077\n|move|p2b: Garganacl|Protect|p2b: Garganacl\n|-singleturn|p2b: Garganacl|Protect\n|move|p1b: Corviknight|Bulk Up|p1b: Corviknight\n|-boost|p1b: Corviknight|atk|1\n|-boost|p1b: Corviknight|def|1\n|move|p1a: Muk|Crunch|p2b: Garganacl\n|-activate|p2b: Garganacl|move: Protect\n|\n|-weather|Snow|[upkeep]\n|-heal|p1a: Muk|62\/100|[from] item: Leftovers\n|-heal|p2b: Garganacl|33\/100 tox|[from] item: Leftovers\n|-damage|p2b: Garganacl|14\/100 tox|[from] psn\n|upkeep\n|turn|14\n|\n|t:|1698167089\n|move|p1b: Corviknight|Bulk Up|p1b: Corviknight\n|-boost|p1b: Corviknight|atk|1\n|-boost|p1b: Corviknight|def|1\n|move|p1a: Muk|Poison Jab|p2b: Garganacl\n|-resisted|p2b: Garganacl\n|-damage|p2b: Garganacl|4\/100 tox\n|move|p2b: Garganacl|Explosion|p1a: Muk|[spread] p1a,p1b\n|-resisted|p1b: Corviknight\n|-damage|p1a: Muk|19\/100\n|-damage|p1b: Corviknight|90\/100\n|faint|p2b: Garganacl\n|\n|win|Thehombre\n|raw|Thehombre's rating: 1025 &rarr; <strong>1064<\/strong><br \/>(+39 for winning)\n|raw|Korotele's rating: 1050 &rarr; <strong>1031<\/strong><br \/>(-19 for losing)\n","uploadtime":1698167098,"views":11,"p1id":"thehombre","p2id":"korotele","formatid":"gen9doublesou","rating":1031,"private":0,"password":""}