{"id":"gen9doublesou-1969206598","p1":"Schister","p2":"Jaiper_Showdown","format":"[Gen 9] Doubles OU","log":"|j|\u2606Schister\n|j|\u2606Jaiper_Showdown\n|t:|1697500344\n|gametype|doubles\n|player|p1|Schister|clair|1559\n|player|p2|Jaiper_Showdown|nate|1625\n|teamsize|p1|6\n|teamsize|p2|6\n|gen|9\n|tier|[Gen 9] Doubles OU\n|rated|\n|rule|Species Clause: Limit one of each Pok\u00e9mon\n|rule|OHKO Clause: OHKO moves are banned\n|rule|Evasion Moves Clause: Evasion moves are banned\n|rule|Gravity Sleep Clause: The combination of sleep-inducing moves with imperfect accuracy and Gravity or Gigantamax Orbeetle are banned\n|rule|Endless Battle Clause: Forcing endless battles is banned\n|rule|HP Percentage Mod: HP is shown in percentages\n|clearpoke\n|poke|p1|Ogerpon-Hearthflame, F|\n|poke|p1|Landorus-Therian, M|\n|poke|p1|Rillaboom, F|\n|poke|p1|Grimmsnarl, M|\n|poke|p1|Ursaluna-Bloodmoon, M|\n|poke|p1|Clefairy, M|\n|poke|p2|Zapdos|\n|poke|p2|Tsareena, F|\n|poke|p2|Garchomp, M|\n|poke|p2|Flutter Mane|\n|poke|p2|Overqwil, M|\n|poke|p2|Volcanion|\n|teampreview\n|inactive|Battle timer is ON: inactive players will automatically lose when time's up. (requested by Schister)\n|\n|t:|1697500372\n|start\n|switch|p1a: Himothy|Landorus-Therian, M|100\/100\n|switch|p1b: Gremlin|Grimmsnarl, M|100\/100\n|switch|p2a: Overqwil|Overqwil, M|100\/100\n|switch|p2b: Tsareena|Tsareena, F|100\/100\n|-ability|p1a: Himothy|Intimidate|boost\n|-unboost|p2a: Overqwil|atk|1\n|-unboost|p2b: Tsareena|atk|1\n|-ability|p2a: Overqwil|Intimidate|boost\n|-unboost|p1a: Himothy|atk|1\n|-unboost|p1b: Gremlin|atk|1\n|turn|1\n|\n|t:|1697500394\n|move|p1b: Gremlin|Reflect|p1b: Gremlin\n|-sidestart|p1: Schister|Reflect\n|move|p1a: Himothy|U-turn|p2b: Tsareena\n|-supereffective|p2b: Tsareena\n|-damage|p2b: Tsareena|69\/100\n|\n|t:|1697500400\n|switch|p1a: Broken bear #4|Ursaluna-Bloodmoon, M|100\/100|[from] U-turn\n|move|p2a: Overqwil|Toxic Spikes|p1b: Gremlin\n|-sidestart|p1: Schister|move: Toxic Spikes\n|move|p2b: Tsareena|Taunt|p1b: Gremlin\n|-start|p1b: Gremlin|move: Taunt\n|\n|-heal|p2b: Tsareena|75\/100|[from] item: Leftovers\n|upkeep\n|turn|2\n|\n|t:|1697500421\n|switch|p2a: Zapdos|Zapdos|100\/100\n|switch|p1b: Himothy|Landorus-Therian, M|100\/100\n|-ability|p1b: Himothy|Intimidate|boost\n|-unboost|p2a: Zapdos|atk|1\n|-unboost|p2b: Tsareena|atk|1\n|-terastallize|p1a: Broken bear #4|Fairy\n|move|p2b: Tsareena|Power Whip|p1a: Broken bear #4\n|-damage|p1a: Broken bear #4|90\/100\n|move|p1a: Broken bear #4|Calm Mind|p1a: Broken bear #4\n|-boost|p1a: Broken bear #4|spa|1\n|-boost|p1a: Broken bear #4|spd|1\n|\n|-heal|p2b: Tsareena|81\/100|[from] item: Leftovers\n|-heal|p1a: Broken bear #4|96\/100|[from] item: Leftovers\n|upkeep\n|turn|3\n|\n|t:|1697500441\n|move|p2a: Zapdos|Hurricane|p1a: Broken bear #4\n|-damage|p1a: Broken bear #4|49\/100\n|move|p1b: Himothy|Stealth Rock|p2b: Tsareena\n|-sidestart|p2: Jaiper_Showdown|move: Stealth Rock\n|move|p2b: Tsareena|Taunt|p1a: Broken bear #4\n|-start|p1a: Broken bear #4|move: Taunt\n|move|p1a: Broken bear #4|Hyper Voice|p2a: Zapdos|[spread] p2a,p2b\n|-crit|p2a: Zapdos\n|-damage|p2a: Zapdos|19\/100\n|-damage|p2b: Tsareena|39\/100\n|\n|-heal|p2b: Tsareena|45\/100|[from] item: Leftovers\n|-heal|p1a: Broken bear #4|55\/100|[from] item: Leftovers\n|upkeep\n|turn|4\n|\n|t:|1697500459\n|move|p2b: Tsareena|Protect|p2b: Tsareena\n|-singleturn|p2b: Tsareena|Protect\n|move|p2a: Zapdos|Tailwind|p2a: Zapdos\n|-sidestart|p2: Jaiper_Showdown|move: Tailwind\n|move|p1b: Himothy|U-turn|p2b: Tsareena\n|-activate|p2b: Tsareena|move: Protect\n|move|p1a: Broken bear #4|Hyper Voice|p2b: Tsareena|[spread] p2a\n|-activate|p2b: Tsareena|move: Protect\n|-damage|p2a: Zapdos|0 fnt\n|faint|p2a: Zapdos\n|\n|-heal|p2b: Tsareena|51\/100|[from] item: Leftovers\n|-heal|p1a: Broken bear #4|61\/100|[from] item: Leftovers\n|upkeep\n|\n|t:|1697500464\n|switch|p2a: Volcanion|Volcanion|100\/100\n|-damage|p2a: Volcanion|76\/100|[from] Stealth Rock\n|turn|5\n|\n|t:|1697500471\n|switch|p2b: Garchomp|Garchomp, M|100\/100\n|-damage|p2b: Garchomp|94\/100|[from] Stealth Rock\n|-terastallize|p2a: Volcanion|Fire\n|move|p2a: Volcanion|Heat Wave|p1b: Himothy|[spread] p1a,p1b\n|-damage|p1a: Broken bear #4|4\/100\n|-damage|p1b: Himothy|40\/100\n|-damage|p2a: Volcanion|66\/100|[from] item: Life Orb\n|move|p1b: Himothy|U-turn|p2b: Garchomp\n|-damage|p2b: Garchomp|74\/100\n|-damage|p1b: Himothy|28\/100|[from] ability: Rough Skin|[of] p2b: Garchomp\n|-damage|p1b: Himothy|12\/100|[from] item: Rocky Helmet|[of] p2b: Garchomp\n|\n|t:|1697500484\n|switch|p1b: Bungo Kong|Rillaboom, F|100\/100|[from] U-turn\n|-status|p1b: Bungo Kong|psn\n|-fieldstart|move: Grassy Terrain|[from] ability: Grassy Surge|[of] p1b: Bungo Kong\n|move|p1a: Broken bear #4|Earth Power|p2a: Volcanion\n|-supereffective|p2a: Volcanion\n|-damage|p2a: Volcanion|0 fnt\n|faint|p2a: Volcanion\n|\n|-heal|p2b: Garchomp|80\/100|[from] Grassy Terrain\n|-heal|p1a: Broken bear #4|11\/100|[from] Grassy Terrain\n|-heal|p1a: Broken bear #4|17\/100|[from] item: Leftovers\n|-damage|p1b: Bungo Kong|88\/100 psn|[from] psn\n|-end|p1a: Broken bear #4|move: Taunt\n|upkeep\n|\n|t:|1697500498\n|switch|p2a: Tsareena|Tsareena, F|51\/100\n|-damage|p2a: Tsareena|39\/100|[from] Stealth Rock\n|turn|6\n|\n|t:|1697500512\n|switch|p1b: Himothy|Landorus-Therian, M|12\/100\n|-ability|p1b: Himothy|Intimidate|boost\n|-unboost|p2a: Tsareena|atk|1\n|-unboost|p2b: Garchomp|atk|1\n|move|p1a: Broken bear #4|Protect|p1a: Broken bear #4\n|-singleturn|p1a: Broken bear #4|Protect\n|move|p2b: Garchomp|Stealth Rock|p1a: Broken bear #4\n|-sidestart|p1: Schister|move: Stealth Rock\n|move|p2a: Tsareena|Power Whip|p1a: Broken bear #4\n|-activate|p1a: Broken bear #4|move: Protect\n|\n|-heal|p2b: Garchomp|86\/100|[from] Grassy Terrain\n|-heal|p2a: Tsareena|45\/100|[from] Grassy Terrain\n|-heal|p2a: Tsareena|51\/100|[from] item: Leftovers\n|-heal|p1b: Himothy|18\/100|[from] item: Leftovers\n|-heal|p1a: Broken bear #4|23\/100|[from] Grassy Terrain\n|-heal|p1a: Broken bear #4|29\/100|[from] item: Leftovers\n|upkeep\n|turn|7\n|\n|t:|1697500534\n|switch|p2b: Flutter Mane|Flutter Mane|100\/100\n|-enditem|p2b: Flutter Mane|Booster Energy\n|-activate|p2b: Flutter Mane|ability: Protosynthesis|[fromitem]\n|-start|p2b: Flutter Mane|protosynthesisspe\n|-damage|p2b: Flutter Mane|88\/100|[from] Stealth Rock\n|move|p2a: Tsareena|Protect|p2a: Tsareena\n|-singleturn|p2a: Tsareena|Protect\n|move|p1b: Himothy|U-turn|p2a: Tsareena\n|-activate|p2a: Tsareena|move: Protect\n|move|p1a: Broken bear #4|Hyper Voice|p2b: Flutter Mane|[spread] p2b\n|-activate|p2a: Tsareena|move: Protect\n|-damage|p2b: Flutter Mane|27\/100\n|\n|-heal|p2b: Flutter Mane|33\/100|[from] Grassy Terrain\n|-heal|p2a: Tsareena|57\/100|[from] Grassy Terrain\n|-heal|p2a: Tsareena|63\/100|[from] item: Leftovers\n|-heal|p1b: Himothy|24\/100|[from] item: Leftovers\n|-heal|p1a: Broken bear #4|35\/100|[from] Grassy Terrain\n|-heal|p1a: Broken bear #4|41\/100|[from] item: Leftovers\n|-sideend|p2: Jaiper_Showdown|move: Tailwind\n|upkeep\n|turn|8\n|\n|t:|1697500559\n|switch|p2a: Garchomp|Garchomp, M|86\/100\n|-damage|p2a: Garchomp|80\/100|[from] Stealth Rock\n|move|p1a: Broken bear #4|Protect|p1a: Broken bear #4\n|-singleturn|p1a: Broken bear #4|Protect\n|move|p2b: Flutter Mane|Moonblast|p1b: Himothy\n|-damage|p1b: Himothy|0 fnt\n|faint|p1b: Himothy\n|\n|-heal|p2b: Flutter Mane|39\/100|[from] Grassy Terrain\n|-heal|p2a: Garchomp|86\/100|[from] Grassy Terrain\n|-heal|p1a: Broken bear #4|47\/100|[from] Grassy Terrain\n|-heal|p1a: Broken bear #4|53\/100|[from] item: Leftovers\n|-sideend|p1: Schister|Reflect\n|upkeep\n|\n|t:|1697500573\n|switch|p1b: Bungo Kong|Rillaboom, F|88\/100 psn\n|-damage|p1b: Bungo Kong|76\/100 psn|[from] Stealth Rock\n|turn|9\n|\n|t:|1697500581\n|switch|p2a: Tsareena|Tsareena, F|63\/100\n|-damage|p2a: Tsareena|51\/100|[from] Stealth Rock\n|move|p1b: Bungo Kong|Grassy Glide||[still]\n|cant|p2a: Tsareena|ability: Queenly Majesty|Grassy Glide|[of] p1b: Bungo Kong\n|move|p2b: Flutter Mane|Moonblast|p1a: Broken bear #4\n|-damage|p1a: Broken bear #4|14\/100\n|move|p1a: Broken bear #4|Earth Power|p2a: Tsareena\n|-resisted|p2a: Tsareena\n|-damage|p2a: Tsareena|23\/100\n|\n|-heal|p2b: Flutter Mane|45\/100|[from] Grassy Terrain\n|-heal|p1b: Bungo Kong|82\/100 psn|[from] Grassy Terrain\n|-heal|p2a: Tsareena|29\/100|[from] Grassy Terrain\n|-heal|p2a: Tsareena|35\/100|[from] item: Leftovers\n|-heal|p1a: Broken bear #4|20\/100|[from] Grassy Terrain\n|-heal|p1a: Broken bear #4|26\/100|[from] item: Leftovers\n|-damage|p1b: Bungo Kong|69\/100 psn|[from] psn\n|-fieldend|move: Grassy Terrain\n|upkeep\n|turn|10\n|\n|t:|1697500604\n|switch|p1b: Clefairy|Clefairy, M|100\/100\n|-status|p1b: Clefairy|psn\n|-damage|p1b: Clefairy|88\/100 psn|[from] Stealth Rock\n|move|p2a: Tsareena|Protect|p2a: Tsareena\n|-singleturn|p2a: Tsareena|Protect\n|move|p2b: Flutter Mane|Dazzling Gleam|p1a: Broken bear #4|[spread] p1a,p1b\n|-damage|p1a: Broken bear #4|7\/100\n|-damage|p1b: Clefairy|66\/100 psn\n|move|p1a: Broken bear #4|Hyper Voice|p2a: Tsareena|[spread] p2b\n|-activate|p2a: Tsareena|move: Protect\n|-damage|p2b: Flutter Mane|0 fnt\n|faint|p2b: Flutter Mane\n|-end|p2b: Flutter Mane|Protosynthesis|[silent]\n|\n|-heal|p2a: Tsareena|41\/100|[from] item: Leftovers\n|-heal|p1a: Broken bear #4|13\/100|[from] item: Leftovers\n|-damage|p1b: Clefairy|54\/100 psn|[from] psn\n|upkeep\n|\n|t:|1697500609\n|switch|p2b: Garchomp|Garchomp, M|86\/100\n|-damage|p2b: Garchomp|80\/100|[from] Stealth Rock\n|turn|11\n|\n|t:|1697500619\n|move|p1a: Broken bear #4|Protect|p1a: Broken bear #4\n|-singleturn|p1a: Broken bear #4|Protect\n|move|p2b: Garchomp|Earthquake|p1b: Clefairy|[spread] p2a,p1b\n|-activate|p1a: Broken bear #4|move: Protect\n|-resisted|p2a: Tsareena\n|-damage|p2a: Tsareena|25\/100\n|-damage|p1b: Clefairy|23\/100 psn\n|move|p2a: Tsareena|Taunt|p1b: Clefairy\n|-start|p1b: Clefairy|move: Taunt\n|cant|p1b: Clefairy|move: Taunt|Life Dew\n|\n|-heal|p2a: Tsareena|31\/100|[from] item: Leftovers\n|-heal|p1a: Broken bear #4|19\/100|[from] item: Leftovers\n|-damage|p1b: Clefairy|11\/100 psn|[from] psn\n|upkeep\n|turn|12\n|\n|t:|1697500645\n|move|p2a: Tsareena|Protect|p2a: Tsareena\n|-singleturn|p2a: Tsareena|Protect\n|move|p2b: Garchomp|Earthquake|p1a: Broken bear #4|[spread] p1a,p1b\n|-activate|p2a: Tsareena|move: Protect\n|-damage|p1a: Broken bear #4|1\/100\n|-damage|p1b: Clefairy|0 fnt\n|faint|p1b: Clefairy\n|move|p1a: Broken bear #4|Hyper Voice|p2a: Tsareena|[spread] p2b\n|-activate|p2a: Tsareena|move: Protect\n|-damage|p2b: Garchomp|25\/100\n|\n|-heal|p2a: Tsareena|37\/100|[from] item: Leftovers\n|-heal|p1a: Broken bear #4|7\/100|[from] item: Leftovers\n|upkeep\n|\n|t:|1697500656\n|switch|p1b: Bungo Kong|Rillaboom, F|69\/100 psn\n|-damage|p1b: Bungo Kong|57\/100 psn|[from] Stealth Rock\n|-fieldstart|move: Grassy Terrain|[from] ability: Grassy Surge|[of] p1b: Bungo Kong\n|turn|13\n|\n|t:|1697500663\n|move|p1a: Broken bear #4|Protect|p1a: Broken bear #4\n|-singleturn|p1a: Broken bear #4|Protect\n|move|p2b: Garchomp|Spikes|p1a: Broken bear #4\n|-sidestart|p1: Schister|Spikes\n|move|p1b: Bungo Kong|Knock Off|p2b: Garchomp\n|-damage|p2b: Garchomp|0 fnt\n|-damage|p1b: Bungo Kong|44\/100 psn|[from] ability: Rough Skin|[of] p2b: Garchomp\n|-damage|p1b: Bungo Kong|28\/100 psn|[from] item: Rocky Helmet|[of] p2b: Garchomp\n|-enditem|p2b: Garchomp|Rocky Helmet|[from] move: Knock Off|[of] p1b: Bungo Kong\n|faint|p2b: Garchomp\n|move|p2a: Tsareena|U-turn|p1b: Bungo Kong\n|-supereffective|p1b: Bungo Kong\n|-crit|p1b: Bungo Kong\n|-damage|p1b: Bungo Kong|0 fnt\n|faint|p1b: Bungo Kong\n|\n|t:|1697500675\n|switch|p2a: Overqwil|Overqwil, M|100\/100|[from] U-turn\n|-damage|p2a: Overqwil|88\/100|[from] Stealth Rock\n|-ability|p2a: Overqwil|Intimidate|boost\n|-unboost|p1a: Broken bear #4|atk|1\n|\n|-heal|p2a: Overqwil|94\/100|[from] Grassy Terrain\n|-heal|p2a: Overqwil|100\/100|[from] item: Black Sludge\n|-heal|p1a: Broken bear #4|13\/100|[from] Grassy Terrain\n|-heal|p1a: Broken bear #4|19\/100|[from] item: Leftovers\n|upkeep\n|\n|t:|1697500682\n|switch|p2b: Tsareena|Tsareena, F|37\/100\n|switch|p1b: Idol|Ogerpon-Hearthflame, F|100\/100\n|-status|p1b: Idol|psn\n|-damage|p1b: Idol|76\/100 psn|[from] Stealth Rock\n|-damage|p1b: Idol|63\/100 psn|[from] Spikes\n|-ability|p1b: Idol|Mold Breaker\n|-damage|p2b: Tsareena|24\/100|[from] Stealth Rock\n|turn|14\n|\n|t:|1697500692\n|move|p2b: Tsareena|Protect|p2b: Tsareena\n|-singleturn|p2b: Tsareena|Protect\n|move|p1b: Idol|Follow Me|p1b: Idol\n|-singleturn|p1b: Idol|move: Follow Me\n|move|p2a: Overqwil|Barb Barrage|p1b: Idol\n|-supereffective|p1b: Idol\n|-damage|p1b: Idol|0 fnt\n|faint|p1b: Idol\n|move|p1a: Broken bear #4|Earth Power|p2a: Overqwil\n|-supereffective|p2a: Overqwil\n|-damage|p2a: Overqwil|0 fnt\n|faint|p2a: Overqwil\n|\n|-heal|p2b: Tsareena|30\/100|[from] Grassy Terrain\n|-heal|p2b: Tsareena|36\/100|[from] item: Leftovers\n|-heal|p1a: Broken bear #4|25\/100|[from] Grassy Terrain\n|-heal|p1a: Broken bear #4|31\/100|[from] item: Leftovers\n|upkeep\n|\n|t:|1697500702\n|switch|p1b: Gremlin|Grimmsnarl, M|100\/100\n|-status|p1b: Gremlin|psn\n|-damage|p1b: Gremlin|88\/100 psn|[from] Stealth Rock\n|-damage|p1b: Gremlin|76\/100 psn|[from] Spikes\n|turn|15\n|\n|t:|1697500710\n|move|p2b: Tsareena|Power Whip|p1a: Broken bear #4\n|-damage|p1a: Broken bear #4|0 fnt\n|faint|p1a: Broken bear #4\n|move|p1b: Gremlin|Spirit Break|p2b: Tsareena\n|-damage|p2b: Tsareena|4\/100\n|-unboost|p2b: Tsareena|spa|1\n|\n|-heal|p2b: Tsareena|10\/100|[from] Grassy Terrain\n|-heal|p2b: Tsareena|16\/100|[from] item: Leftovers\n|-heal|p1b: Gremlin|82\/100 psn|[from] Grassy Terrain\n|-damage|p1b: Gremlin|69\/100 psn|[from] psn\n|upkeep\n|turn|16\n|\n|t:|1697500717\n|move|p2b: Tsareena|Protect|p2b: Tsareena\n|-singleturn|p2b: Tsareena|Protect\n|move|p1b: Gremlin|Spirit Break|p2b: Tsareena\n|-activate|p2b: Tsareena|move: Protect\n|\n|-heal|p2b: Tsareena|22\/100|[from] Grassy Terrain\n|-heal|p2b: Tsareena|28\/100|[from] item: Leftovers\n|-heal|p1b: Gremlin|75\/100 psn|[from] Grassy Terrain\n|-damage|p1b: Gremlin|63\/100 psn|[from] psn\n|upkeep\n|turn|17\n|\n|t:|1697500722\n|move|p2b: Tsareena|Power Whip|p1b: Gremlin\n|-damage|p1b: Gremlin|2\/100 psn\n|move|p1b: Gremlin|Spirit Break|p2b: Tsareena\n|-damage|p2b: Tsareena|0 fnt\n|faint|p2b: Tsareena\n|\n|win|Schister\n|raw|Schister's rating: 1559 &rarr; <strong>1582<\/strong><br \/>(+23 for winning)\n|raw|Jaiper_Showdown's rating: 1604 &rarr; <strong>1581<\/strong><br \/>(-23 for losing)\n","uploadtime":1697500746,"views":21,"p1id":"schister","p2id":"jaipershowdown","formatid":"gen9doublesou","rating":1581,"private":0,"password":""}