{"id":"gen9doublesou-1984159187","p1":"DeltaKnight373","p2":"gbutters19","format":"[Gen 9] Doubles OU","log":"|j|\u2606DeltaKnight373\n|j|\u2606gbutters19\n|t:|1699224881\n|gametype|doubles\n|player|p1|DeltaKnight373|juan|\n|player|p2|gbutters19|chef|\n|teamsize|p1|6\n|teamsize|p2|6\n|gen|9\n|tier|[Gen 9] Doubles OU\n|rule|Species Clause: Limit one of each Pok\u00e9mon\n|rule|OHKO Clause: OHKO moves are banned\n|rule|Evasion Moves Clause: Evasion moves are banned\n|rule|Gravity Sleep Clause: The combination of sleep-inducing moves with imperfect accuracy and Gravity or Gigantamax Orbeetle are banned\n|rule|Endless Battle Clause: Forcing endless battles is banned\n|rule|HP Percentage Mod: HP is shown in percentages\n|clearpoke\n|poke|p1|Flamigo, M|\n|poke|p1|Maushold|\n|poke|p1|Skeledirge, M|\n|poke|p1|Hydreigon, M|\n|poke|p1|Gyarados, M|\n|poke|p1|Torterra, M|\n|poke|p2|Dusclops, F|\n|poke|p2|Iron Hands|\n|poke|p2|Cresselia, F|\n|poke|p2|Landorus-Therian, M|\n|poke|p2|Sylveon, F|\n|poke|p2|Snorlax, M|\n|teampreview\n|c|\u2606DeltaKnight373|Good luck!\n|c|\u2606gbutters19|glhf!\n|\n|t:|1699224895\n|start\n|switch|p1a: Maushold|Maushold|100\/100\n|switch|p1b: Gyarados|Gyarados, M|100\/100\n|switch|p2a: Iron Hands|Iron Hands, shiny|100\/100\n|switch|p2b: Dusclops|Dusclops, F, shiny|100\/100\n|-ability|p1b: Gyarados|Intimidate|boost\n|-unboost|p2a: Iron Hands|atk|1\n|-unboost|p2b: Dusclops|atk|1\n|-item|p1a: Maushold|Safety Goggles|[from] ability: Frisk|[of] p2b: Dusclops|[identify]\n|-item|p1b: Gyarados|Lum Berry|[from] ability: Frisk|[of] p2b: Dusclops|[identify]\n|turn|1\n|j| aeroblaster7\n|c| aeroblaster7|gl both!\n|\n|t:|1699224921\n|move|p2a: Iron Hands|Fake Out|p1b: Gyarados\n|-damage|p1b: Gyarados|90\/100\n|move|p1a: Maushold|Follow Me|p1a: Maushold\n|-singleturn|p1a: Maushold|move: Follow Me\n|cant|p1b: Gyarados|flinch\n|move|p2b: Dusclops|Trick Room|p2b: Dusclops\n|-fieldstart|move: Trick Room|[of] p2b: Dusclops\n|\n|upkeep\n|turn|2\n|\n|t:|1699224951\n|move|p1a: Maushold|Follow Me|p1a: Maushold\n|-singleturn|p1a: Maushold|move: Follow Me\n|move|p2b: Dusclops|Will-O-Wisp|p1a: Maushold\n|-status|p1a: Maushold|brn\n|move|p2a: Iron Hands|Drain Punch|p1a: Maushold\n|-supereffective|p1a: Maushold\n|-damage|p1a: Maushold|37\/100 brn\n|move|p1b: Gyarados|Dragon Dance|p1b: Gyarados\n|-boost|p1b: Gyarados|atk|1\n|-boost|p1b: Gyarados|spe|1\n|\n|-damage|p1a: Maushold|31\/100 brn|[from] brn\n|upkeep\n|turn|3\n|\n|t:|1699224977\n|move|p1a: Maushold|Follow Me|p1a: Maushold\n|-singleturn|p1a: Maushold|move: Follow Me\n|move|p2b: Dusclops|Haze|p2b: Dusclops\n|-clearallboost\n|move|p2a: Iron Hands|Thunder Punch|p1a: Maushold\n|-damage|p1a: Maushold|0 fnt\n|faint|p1a: Maushold\n|move|p1b: Gyarados|Dragon Dance|p1b: Gyarados\n|-boost|p1b: Gyarados|atk|1\n|-boost|p1b: Gyarados|spe|1\n|\n|upkeep\n|\n|t:|1699224990\n|switch|p1a: Flamigo|Flamigo, M|100\/100\n|-copyboost|p1a: Flamigo|p1b: Gyarados|[from] ability: Costar\n|turn|4\n|\n|t:|1699225024\n|-terastallize|p1a: Flamigo|Steel\n|move|p2b: Dusclops|Haze|p2b: Dusclops\n|-clearallboost\n|move|p2a: Iron Hands|Thunder Punch|p1a: Flamigo\n|-damage|p1a: Flamigo|36\/100\n|-status|p1a: Flamigo|par\n|move|p1a: Flamigo|Brave Bird|p2b: Dusclops\n|-damage|p2b: Dusclops|59\/100\n|-damage|p1a: Flamigo|26\/100 par|[from] Recoil\n|move|p1b: Gyarados|Waterfall|p2b: Dusclops\n|-damage|p2b: Dusclops|30\/100\n|\n|upkeep\n|turn|5\n|\n|t:|1699225057\n|move|p2b: Dusclops|Pain Split|p1b: Gyarados\n|-sethp|p1b: Gyarados|55\/100|[from] move: Pain Split|[silent]\n|-sethp|p2b: Dusclops|81\/100|[from] move: Pain Split\n|move|p2a: Iron Hands|Thunder Punch|p1b: Gyarados\n|-supereffective|p1b: Gyarados\n|-damage|p1b: Gyarados|0 fnt\n|faint|p1b: Gyarados\n|move|p1a: Flamigo|Brave Bird|p2b: Dusclops\n|-damage|p2b: Dusclops|44\/100\n|-damage|p1a: Flamigo|17\/100 par|[from] Recoil\n|\n|-fieldend|move: Trick Room\n|upkeep\n|\n|t:|1699225077\n|switch|p1b: Hydreigon|Hydreigon, M|100\/100\n|turn|6\n|\n|t:|1699225094\n|switch|p2b: Landorus|Landorus-Therian, M, shiny|100\/100\n|-ability|p2b: Landorus|Intimidate|boost\n|-unboost|p1a: Flamigo|atk|1\n|-unboost|p1b: Hydreigon|atk|1\n|-enditem|p1a: Flamigo|White Herb\n|-clearnegativeboost|p1a: Flamigo|[silent]\n|move|p1b: Hydreigon|Dark Pulse|p2b: Landorus\n|-damage|p2b: Landorus|51\/100\n|move|p1a: Flamigo|Brave Bird|p2a: Iron Hands\n|-damage|p2a: Iron Hands|62\/100\n|-damage|p1a: Flamigo|0 fnt|[from] Recoil\n|faint|p1a: Flamigo\n|move|p2a: Iron Hands|Drain Punch|p1b: Hydreigon\n|-supereffective|p1b: Hydreigon\n|-damage|p1b: Hydreigon|4\/100\n|-heal|p2a: Iron Hands|95\/100|[from] drain|[of] p1b: Hydreigon\n|\n|upkeep\n|\n|t:|1699225124\n|switch|p1a: Torterra|Torterra, M|100\/100\n|turn|7\n|\n|t:|1699225140\n|-terastallize|p2a: Iron Hands|Grass\n|move|p1b: Hydreigon|Dark Pulse|p2a: Iron Hands\n|-damage|p2a: Iron Hands|73\/100\n|move|p2b: Landorus|U-turn|p1b: Hydreigon\n|-supereffective|p1b: Hydreigon\n|-damage|p1b: Hydreigon|0 fnt\n|faint|p1b: Hydreigon\n|\n|t:|1699225148\n|switch|p2b: Cresselia|Cresselia, F|100\/100|[from] U-turn\n|cant|p2a: Iron Hands|flinch\n|move|p1a: Torterra|Earthquake|p2a: Iron Hands|[spread] p2a\n|-immune|p2b: Cresselia|[from] ability: Levitate\n|-resisted|p2a: Iron Hands\n|-damage|p2a: Iron Hands|64\/100\n|\n|upkeep\n|\n|t:|1699225160\n|switch|p1b: Skeledirge|Skeledirge, M|100\/100\n|turn|8\n|\n|t:|1699225182\n|-end|p2a: Iron Hands|Quark Drive|[silent]\n|switch|p2a: Snorlax|Snorlax, M|100\/100\n|move|p2b: Cresselia|Moonblast|p1b: Skeledirge\n|-resisted|p1b: Skeledirge\n|-damage|p1b: Skeledirge|94\/100\n|move|p1b: Skeledirge|Torch Song|p2a: Snorlax\n|-damage|p2a: Snorlax|92\/100\n|-boost|p1b: Skeledirge|spa|1\n|move|p1a: Torterra|Heavy Slam|p2b: Cresselia\n|-damage|p2b: Cresselia|89\/100\n|-damage|p1a: Torterra|84\/100|[from] item: Rocky Helmet|[of] p2b: Cresselia\n|\n|-heal|p1b: Skeledirge|99\/100|[from] item: Leftovers\n|upkeep\n|turn|9\n|\n|t:|1699225210\n|move|p2b: Cresselia|Ally Switch|p2b: Cresselia\n|swap|p2b: Cresselia|0|[from] move: Ally Switch\n|move|p1b: Skeledirge|Yawn|p2b: Snorlax\n|-start|p2b: Snorlax|move: Yawn|[of] p1b: Skeledirge\n|move|p1a: Torterra|Iron Defense|p1a: Torterra\n|-boost|p1a: Torterra|def|2\n|move|p2b: Snorlax|Belly Drum|p2b: Snorlax\n|-damage|p2b: Snorlax|42\/100\n|-setboost|p2b: Snorlax|atk|6|[from] move: Belly Drum\n|-enditem|p2b: Snorlax|Sitrus Berry|[eat]\n|-heal|p2b: Snorlax|67\/100|[from] item: Sitrus Berry\n|\n|-heal|p1b: Skeledirge|100\/100|[from] item: Leftovers\n|upkeep\n|turn|10\n|\n|t:|1699225243\n|move|p1b: Skeledirge|Torch Song|p2a: Cresselia\n|-damage|p2a: Cresselia|64\/100\n|-boost|p1b: Skeledirge|spa|1\n|move|p1a: Torterra|Body Press|p2b: Snorlax\n|-supereffective|p2b: Snorlax\n|-damage|p2b: Snorlax|8\/100\n|move|p2b: Snorlax|High Horsepower|p1b: Skeledirge\n|-supereffective|p1b: Skeledirge\n|-damage|p1b: Skeledirge|57\/100\n|move|p2a: Cresselia|Trick Room|p2a: Cresselia\n|-fieldstart|move: Trick Room|[of] p2a: Cresselia\n|\n|-heal|p1b: Skeledirge|63\/100|[from] item: Leftovers\n|-end|p2b: Snorlax|move: Yawn|[silent]\n|-status|p2b: Snorlax|slp\n|upkeep\n|turn|11\n|\n|t:|1699225287\n|cant|p2b: Snorlax|slp\n|move|p1a: Torterra|Iron Defense|p1a: Torterra\n|-boost|p1a: Torterra|def|2\n|move|p1b: Skeledirge|Torch Song|p2b: Snorlax\n|-damage|p2b: Snorlax|0 fnt\n|-boost|p1b: Skeledirge|spa|1\n|faint|p2b: Snorlax\n|move|p2a: Cresselia|Lunar Blessing|p2a: Cresselia\n|-heal|p2a: Cresselia|89\/100\n|\n|-heal|p1b: Skeledirge|69\/100|[from] item: Leftovers\n|upkeep\n|\n|t:|1699225298\n|switch|p2b: Dusclops|Dusclops, F, shiny|44\/100\n|-item|p1a: Torterra|Rocky Helmet|[from] ability: Frisk|[of] p2b: Dusclops|[identify]\n|-item|p1b: Skeledirge|Leftovers|[from] ability: Frisk|[of] p2b: Dusclops|[identify]\n|turn|12\n|\n|t:|1699225328\n|move|p2a: Cresselia|Ally Switch|p2a: Cresselia\n|swap|p2a: Cresselia|1|[from] move: Ally Switch\n|move|p2a: Dusclops|Haze|p2a: Dusclops\n|-clearallboost\n|move|p1a: Torterra|Heavy Slam|p2b: Cresselia\n|-damage|p2b: Cresselia|77\/100\n|-damage|p1a: Torterra|68\/100|[from] item: Rocky Helmet|[of] p2b: Cresselia\n|move|p1b: Skeledirge|Yawn|p2a: Dusclops\n|-start|p2a: Dusclops|move: Yawn|[of] p1b: Skeledirge\n|\n|-heal|p1b: Skeledirge|75\/100|[from] item: Leftovers\n|upkeep\n|turn|13\n|\n|t:|1699225374\n|move|p2a: Dusclops|Pain Split|p1b: Skeledirge\n|-sethp|p1b: Skeledirge|50\/100|[from] move: Pain Split|[silent]\n|-sethp|p2a: Dusclops|90\/100|[from] move: Pain Split\n|move|p1a: Torterra|Heavy Slam|p2a: Dusclops\n|-damage|p2a: Dusclops|70\/100\n|move|p1b: Skeledirge|Torch Song|p2b: Cresselia\n|-damage|p2b: Cresselia|60\/100\n|-boost|p1b: Skeledirge|spa|1\n|move|p2b: Cresselia|Lunar Blessing|p2b: Cresselia|[spread] p2a,p2b\n|-heal|p2a: Dusclops|95\/100\n|-heal|p2b: Cresselia|85\/100\n|\n|-heal|p1b: Skeledirge|56\/100|[from] item: Leftovers\n|-end|p2a: Dusclops|move: Yawn|[silent]\n|-status|p2a: Dusclops|slp\n|upkeep\n|turn|14\n|\n|t:|1699225405\n|cant|p2a: Dusclops|slp\n|move|p1a: Torterra|Heavy Slam|p2a: Dusclops\n|-damage|p2a: Dusclops|75\/100 slp\n|move|p1b: Skeledirge|Torch Song|p2a: Dusclops\n|-damage|p2a: Dusclops|45\/100 slp\n|-boost|p1b: Skeledirge|spa|1\n|move|p2b: Cresselia|Lunar Blessing|p2b: Cresselia|[spread] p2a,p2b\n|-heal|p2a: Dusclops|70\/100 slp\n|-curestatus|p2a: Dusclops|slp|[msg]\n|-heal|p2b: Cresselia|100\/100\n|\n|-heal|p1b: Skeledirge|62\/100|[from] item: Leftovers\n|-fieldend|move: Trick Room\n|upkeep\n|turn|15\n|\n|t:|1699225439\n|move|p2b: Cresselia|Ally Switch|p2b: Cresselia\n|swap|p2b: Cresselia|0|[from] move: Ally Switch\n|move|p1b: Skeledirge|Torch Song|p2a: Cresselia\n|-damage|p2a: Cresselia|66\/100\n|-boost|p1b: Skeledirge|spa|1\n|move|p1a: Torterra|Heavy Slam|p2a: Cresselia\n|-damage|p2a: Cresselia|54\/100\n|-damage|p1a: Torterra|51\/100|[from] item: Rocky Helmet|[of] p2a: Cresselia\n|move|p2b: Dusclops|Haze|p2b: Dusclops\n|-clearallboost\n|\n|-heal|p1b: Skeledirge|68\/100|[from] item: Leftovers\n|upkeep\n|turn|16\n|\n|t:|1699225489\n|move|p2a: Cresselia|Lunar Blessing|p2a: Cresselia|[spread] p2a,p2b\n|-heal|p2a: Cresselia|79\/100\n|-heal|p2b: Dusclops|95\/100\n|move|p1b: Skeledirge|Yawn|p2a: Cresselia\n|-start|p2a: Cresselia|move: Yawn|[of] p1b: Skeledirge\n|move|p1a: Torterra|Heavy Slam|p2b: Dusclops\n|-damage|p2b: Dusclops|75\/100\n|move|p2b: Dusclops|Will-O-Wisp|p1a: Torterra\n|-status|p1a: Torterra|brn\n|\n|-heal|p1b: Skeledirge|74\/100|[from] item: Leftovers\n|-damage|p1a: Torterra|45\/100 brn|[from] brn\n|upkeep\n|turn|17\n|\n|t:|1699225521\n|switch|p2b: Landorus|Landorus-Therian, M, shiny|51\/100\n|-ability|p2b: Landorus|Intimidate|boost\n|-unboost|p1a: Torterra|atk|1\n|-unboost|p1b: Skeledirge|atk|1\n|move|p2a: Cresselia|Lunar Blessing|p2a: Cresselia|[spread] p2a,p2b\n|-heal|p2a: Cresselia|100\/100\n|-heal|p2b: Landorus|76\/100\n|move|p1b: Skeledirge|Torch Song|p2b: Landorus\n|-damage|p2b: Landorus|39\/100\n|-boost|p1b: Skeledirge|spa|1\n|move|p1a: Torterra|Heavy Slam|p2b: Landorus\n|-crit|p2b: Landorus\n|-damage|p2b: Landorus|19\/100\n|\n|-heal|p1b: Skeledirge|80\/100|[from] item: Leftovers\n|-damage|p1a: Torterra|39\/100 brn|[from] brn\n|-end|p2a: Cresselia|move: Yawn|[silent]\n|-status|p2a: Cresselia|slp\n|upkeep\n|turn|18\n|\n|t:|1699225559\n|move|p2b: Landorus|Stomping Tantrum|p1b: Skeledirge\n|-supereffective|p1b: Skeledirge\n|-damage|p1b: Skeledirge|13\/100\n|cant|p2a: Cresselia|slp\n|move|p1b: Skeledirge|Torch Song|p2b: Landorus\n|-damage|p2b: Landorus|0 fnt\n|-boost|p1b: Skeledirge|spa|1\n|faint|p2b: Landorus\n|move|p1a: Torterra|Heavy Slam|p2a: Cresselia\n|-damage|p2a: Cresselia|97\/100 slp\n|-damage|p1a: Torterra|22\/100 brn|[from] item: Rocky Helmet|[of] p2a: Cresselia\n|\n|-heal|p1b: Skeledirge|19\/100|[from] item: Leftovers\n|-damage|p1a: Torterra|16\/100 brn|[from] brn\n|upkeep\n|\n|t:|1699225576\n|switch|p2b: Iron Hands|Iron Hands, shiny, tera:Grass|64\/100\n|turn|19\n|\n|t:|1699225594\n|cant|p2a: Cresselia|slp\n|move|p1b: Skeledirge|Slack Off|p1b: Skeledirge\n|-heal|p1b: Skeledirge|69\/100\n|move|p2b: Iron Hands|Thunder Punch|p1b: Skeledirge\n|-damage|p1b: Skeledirge|40\/100\n|move|p1a: Torterra|Body Press|p2b: Iron Hands\n|-damage|p2b: Iron Hands|58\/100\n|\n|-heal|p1b: Skeledirge|46\/100|[from] item: Leftovers\n|-damage|p1a: Torterra|10\/100 brn|[from] brn\n|upkeep\n|turn|20\n|\n|t:|1699225628\n|-end|p2b: Iron Hands|Quark Drive|[silent]\n|switch|p2b: Dusclops|Dusclops, F, shiny|75\/100\n|-item|p1a: Torterra|Rocky Helmet|[from] ability: Frisk|[of] p2b: Dusclops|[identify]\n|-item|p1b: Skeledirge|Leftovers|[from] ability: Frisk|[of] p2b: Dusclops|[identify]\n|-curestatus|p2a: Cresselia|slp|[msg]\n|move|p2a: Cresselia|Lunar Blessing|p2a: Cresselia|[spread] p2a,p2b\n|-heal|p2a: Cresselia|100\/100\n|-heal|p2b: Dusclops|99\/100\n|move|p1b: Skeledirge|Torch Song|p2b: Dusclops\n|-damage|p2b: Dusclops|65\/100\n|-boost|p1b: Skeledirge|spa|1\n|move|p1a: Torterra|Body Press|p2b: Dusclops\n|-immune|p2b: Dusclops\n|\n|-heal|p1b: Skeledirge|52\/100|[from] item: Leftovers\n|-damage|p1a: Torterra|4\/100 brn|[from] brn\n|upkeep\n|turn|21\n|\n|t:|1699225665\n|move|p2a: Cresselia|Lunar Blessing|p2a: Cresselia|[spread] p2a,p2b\n|-heal|p2b: Dusclops|90\/100\n|move|p1b: Skeledirge|Yawn|p2a: Cresselia\n|-start|p2a: Cresselia|move: Yawn|[of] p1b: Skeledirge\n|move|p1a: Torterra|Heavy Slam|p2b: Dusclops\n|-damage|p2b: Dusclops|84\/100\n|move|p2b: Dusclops|Haze|p2b: Dusclops\n|-clearallboost\n|\n|-heal|p1b: Skeledirge|58\/100|[from] item: Leftovers\n|-damage|p1a: Torterra|0 fnt|[from] brn\n|faint|p1a: Torterra\n|upkeep\n|turn|22\n|\n|t:|1699225694\n|switch|p2a: Sylveon|Sylveon, F, shiny|100\/100\n|move|p1b: Skeledirge|Slack Off|p1b: Skeledirge\n|-heal|p1b: Skeledirge|100\/100\n|move|p2b: Dusclops|Pain Split|p1b: Skeledirge\n|-sethp|p1b: Skeledirge|73\/100|[from] move: Pain Split|[silent]\n|-sethp|p2b: Dusclops|100\/100|[from] move: Pain Split\n|\n|-heal|p1b: Skeledirge|79\/100|[from] item: Leftovers\n|upkeep\n|turn|23\n|\n|t:|1699225714\n|switch|p2b: Cresselia|Cresselia, F|100\/100\n|move|p1b: Skeledirge|Yawn|p2a: Sylveon\n|-start|p2a: Sylveon|move: Yawn|[of] p1b: Skeledirge\n|move|p2a: Sylveon|Hyper Voice|p1b: Skeledirge\n|-resisted|p1b: Skeledirge\n|-damage|p1b: Skeledirge|56\/100\n|-enditem|p2a: Sylveon|Throat Spray\n|-boost|p2a: Sylveon|spa|1|[from] item: Throat Spray\n|\n|-heal|p1b: Skeledirge|62\/100|[from] item: Leftovers\n|upkeep\n|turn|24\n|\n|t:|1699225733\n|move|p2b: Cresselia|Moonblast|p1b: Skeledirge\n|-resisted|p1b: Skeledirge\n|-damage|p1b: Skeledirge|55\/100\n|move|p1b: Skeledirge|Torch Song|p2a: Sylveon\n|-damage|p2a: Sylveon|80\/100\n|-boost|p1b: Skeledirge|spa|1\n|move|p2a: Sylveon|Hyper Voice|p1b: Skeledirge\n|-resisted|p1b: Skeledirge\n|-damage|p1b: Skeledirge|31\/100\n|\n|-heal|p1b: Skeledirge|37\/100|[from] item: Leftovers\n|-end|p2a: Sylveon|move: Yawn|[silent]\n|-status|p2a: Sylveon|slp\n|upkeep\n|turn|25\n|\n|t:|1699225750\n|move|p2b: Cresselia|Lunar Blessing|p2b: Cresselia|[spread] p2a,p2b\n|-heal|p2a: Sylveon|100\/100 slp\n|-curestatus|p2a: Sylveon|slp|[msg]\n|move|p1b: Skeledirge|Slack Off|p1b: Skeledirge\n|-heal|p1b: Skeledirge|87\/100\n|move|p2a: Sylveon|Hyper Voice|p1b: Skeledirge\n|-resisted|p1b: Skeledirge\n|-damage|p1b: Skeledirge|64\/100\n|\n|-heal|p1b: Skeledirge|70\/100|[from] item: Leftovers\n|upkeep\n|turn|26\n|\n|t:|1699225766\n|move|p2b: Cresselia|Moonblast|p1b: Skeledirge\n|-resisted|p1b: Skeledirge\n|-damage|p1b: Skeledirge|62\/100\n|-unboost|p1b: Skeledirge|spa|1\n|move|p1b: Skeledirge|Yawn|p2b: Cresselia\n|-start|p2b: Cresselia|move: Yawn|[of] p1b: Skeledirge\n|move|p2a: Sylveon|Hyper Voice|p1b: Skeledirge\n|-resisted|p1b: Skeledirge\n|-damage|p1b: Skeledirge|39\/100\n|\n|-heal|p1b: Skeledirge|45\/100|[from] item: Leftovers\n|upkeep\n|turn|27\n|\n|t:|1699225781\n|switch|p2b: Iron Hands|Iron Hands, shiny, tera:Grass|58\/100\n|move|p1b: Skeledirge|Slack Off|p1b: Skeledirge\n|-heal|p1b: Skeledirge|95\/100\n|move|p2a: Sylveon|Hyper Voice|p1b: Skeledirge\n|-resisted|p1b: Skeledirge\n|-damage|p1b: Skeledirge|72\/100\n|\n|-heal|p1b: Skeledirge|78\/100|[from] item: Leftovers\n|upkeep\n|turn|28\n|\n|t:|1699225793\n|move|p1b: Skeledirge|Yawn|p2a: Sylveon\n|-start|p2a: Sylveon|move: Yawn|[of] p1b: Skeledirge\n|move|p2a: Sylveon|Hyper Voice|p1b: Skeledirge\n|-resisted|p1b: Skeledirge\n|-damage|p1b: Skeledirge|53\/100\n|move|p2b: Iron Hands|Thunder Punch|p1b: Skeledirge\n|-damage|p1b: Skeledirge|24\/100\n|\n|-heal|p1b: Skeledirge|30\/100|[from] item: Leftovers\n|upkeep\n|turn|29\n|\n|t:|1699225814\n|-end|p2b: Iron Hands|Quark Drive|[silent]\n|switch|p2b: Cresselia|Cresselia, F|100\/100\n|move|p1b: Skeledirge|Slack Off|p1b: Skeledirge\n|-heal|p1b: Skeledirge|80\/100\n|move|p2a: Sylveon|Hyper Voice|p1b: Skeledirge\n|-resisted|p1b: Skeledirge\n|-damage|p1b: Skeledirge|56\/100\n|\n|-heal|p1b: Skeledirge|62\/100|[from] item: Leftovers\n|-end|p2a: Sylveon|move: Yawn|[silent]\n|-status|p2a: Sylveon|slp\n|upkeep\n|turn|30\n|\n|t:|1699225840\n|move|p2b: Cresselia|Moonblast|p1b: Skeledirge\n|-resisted|p1b: Skeledirge\n|-damage|p1b: Skeledirge|55\/100\n|move|p1b: Skeledirge|Yawn|p2b: Cresselia\n|-start|p2b: Cresselia|move: Yawn|[of] p1b: Skeledirge\n|cant|p2a: Sylveon|slp\n|\n|-heal|p1b: Skeledirge|61\/100|[from] item: Leftovers\n|upkeep\n|turn|31\n|\n|t:|1699225867\n|move|p2b: Cresselia|Moonblast|p1b: Skeledirge\n|-resisted|p1b: Skeledirge\n|-damage|p1b: Skeledirge|54\/100\n|move|p1b: Skeledirge|Slack Off|p1b: Skeledirge\n|-heal|p1b: Skeledirge|100\/100\n|cant|p2a: Sylveon|slp\n|\n|-end|p2b: Cresselia|move: Yawn|[silent]\n|-status|p2b: Cresselia|slp\n|upkeep\n|turn|32\n|c|\u2606DeltaKnight373|Wait, is there a rule against two asleep at a time\u2026?\n|c|\u2606DeltaKnight373|did I accidentally break that\u2026\n|c|\u2606gbutters19|don't worry about it lmao\n|c| aeroblaster7|...I am double checking that one for future ref llo\n|l|\u2606DeltaKnight373\n|player|p1|\n|j|\u2606DeltaKnight373\n|player|p1|DeltaKnight373|juan\n|c|\u2606DeltaKnight373|Sorry\u2026\n|\n|t:|1699225986\n|cant|p2b: Cresselia|slp\n|move|p1b: Skeledirge|Torch Song|p2a: Sylveon\n|-damage|p2a: Sylveon|80\/100 slp\n|-boost|p1b: Skeledirge|spa|1\n|cant|p2a: Sylveon|slp\n|\n|upkeep\n|turn|33\n|\n|t:|1699225998\n|-curestatus|p2b: Cresselia|slp|[msg]\n|move|p2b: Cresselia|Ally Switch|p2b: Cresselia\n|swap|p2b: Cresselia|0|[from] move: Ally Switch\n|move|p1b: Skeledirge|Torch Song|p2a: Cresselia\n|-damage|p2a: Cresselia|76\/100\n|-boost|p1b: Skeledirge|spa|1\n|-curestatus|p2b: Sylveon|slp|[msg]\n|move|p2b: Sylveon|Hyper Voice|p1b: Skeledirge\n|-resisted|p1b: Skeledirge\n|-damage|p1b: Skeledirge|79\/100\n|\n|-heal|p1b: Skeledirge|85\/100|[from] item: Leftovers\n|upkeep\n|turn|34\n|\n|t:|1699226016\n|switch|p2a: Dusclops|Dusclops, F, shiny|100\/100\n|-item|p1b: Skeledirge|Leftovers|[from] ability: Frisk|[of] p2a: Dusclops|[identify]\n|move|p2b: Sylveon|Protect|p2b: Sylveon\n|-singleturn|p2b: Sylveon|Protect\n|move|p1b: Skeledirge|Torch Song|p2b: Sylveon\n|-activate|p2b: Sylveon|move: Protect\n|\n|-heal|p1b: Skeledirge|91\/100|[from] item: Leftovers\n|upkeep\n|turn|35\n|\n|t:|1699226046\n|move|p1b: Skeledirge|Yawn|p2a: Dusclops\n|-start|p2a: Dusclops|move: Yawn|[of] p1b: Skeledirge\n|move|p2b: Sylveon|Hyper Voice|p1b: Skeledirge\n|-resisted|p1b: Skeledirge\n|-damage|p1b: Skeledirge|69\/100\n|move|p2a: Dusclops|Haze|p2a: Dusclops\n|-clearallboost\n|\n|-heal|p1b: Skeledirge|75\/100|[from] item: Leftovers\n|upkeep\n|turn|36\n|\n|t:|1699226061\n|switch|p2a: Cresselia|Cresselia, F|76\/100\n|move|p1b: Skeledirge|Torch Song|p2a: Cresselia\n|-damage|p2a: Cresselia|57\/100\n|-boost|p1b: Skeledirge|spa|1\n|move|p2b: Sylveon|Hyper Voice|p1b: Skeledirge\n|-resisted|p1b: Skeledirge\n|-damage|p1b: Skeledirge|52\/100\n|\n|-heal|p1b: Skeledirge|58\/100|[from] item: Leftovers\n|upkeep\n|turn|37\n|\n|t:|1699226080\n|switch|p2a: Dusclops|Dusclops, F, shiny|100\/100\n|-item|p1b: Skeledirge|Leftovers|[from] ability: Frisk|[of] p2a: Dusclops|[identify]\n|move|p1b: Skeledirge|Torch Song|p2a: Dusclops\n|-damage|p2a: Dusclops|71\/100\n|-boost|p1b: Skeledirge|spa|1\n|move|p2b: Sylveon|Hyper Voice|p1b: Skeledirge\n|-resisted|p1b: Skeledirge\n|-damage|p1b: Skeledirge|36\/100\n|\n|-heal|p1b: Skeledirge|42\/100|[from] item: Leftovers\n|upkeep\n|turn|38\n|c|\u2606DeltaKnight373|This is probably just gonna go down to pp, wanna just call it?\n|\n|t:|1699226129\n|move|p1b: Skeledirge|Slack Off|p1b: Skeledirge\n|-heal|p1b: Skeledirge|92\/100\n|move|p2b: Sylveon|Hyper Voice|p1b: Skeledirge\n|-resisted|p1b: Skeledirge\n|-damage|p1b: Skeledirge|69\/100\n|move|p2a: Dusclops|Haze|p2a: Dusclops\n|-clearallboost\n|\n|-heal|p1b: Skeledirge|75\/100|[from] item: Leftovers\n|upkeep\n|turn|39\n|c|\u2606gbutters19|your call, but i do agree\n|c|\u2606DeltaKnight373|Yeah, I\u2019ll just forfeit\n|c| aeroblaster7|ty for sparing me another 20 turns lmfao\n|c| aeroblaster7|gg!\n|c|\u2606DeltaKnight373|Gg!\n|c|\u2606gbutters19|alright fair enough. tough battle tho. skeledirge is so underrated <3\n|c|\u2606gbutters19|gg!\n|-message|DeltaKnight373 forfeited.\n|\n|win|gbutters19\n|l|\u2606DeltaKnight373\n","uploadtime":1699226209,"views":14,"p1id":"deltaknight373","p2id":"gbutters19","formatid":"gen9doublesou","rating":0,"private":0,"password":""}