{"id":"gen9doublesou-1971555511","p1":"Ignapro5675","p2":"ChimeBliss","format":"[Gen 9] Doubles OU","log":"|j|\u2606Ignapro5675\n|j|\u2606ChimeBliss\n|t:|1697748023\n|gametype|doubles\n|player|p1|Ignapro5675|steven|1108\n|player|p2|ChimeBliss|bianca|1181\n|teamsize|p1|6\n|teamsize|p2|6\n|gen|9\n|tier|[Gen 9] Doubles OU\n|rated|\n|rule|Species Clause: Limit one of each Pok\u00e9mon\n|rule|OHKO Clause: OHKO moves are banned\n|rule|Evasion Moves Clause: Evasion moves are banned\n|rule|Gravity Sleep Clause: The combination of sleep-inducing moves with imperfect accuracy and Gravity or Gigantamax Orbeetle are banned\n|rule|Endless Battle Clause: Forcing endless battles is banned\n|rule|HP Percentage Mod: HP is shown in percentages\n|clearpoke\n|poke|p1|Meowscarada, F|\n|poke|p1|Luxray, F|\n|poke|p1|Gardevoir, M|\n|poke|p1|Skeledirge, M|\n|poke|p1|Iron Bundle|\n|poke|p1|Clodsire, M|\n|poke|p2|Tornadus, M|\n|poke|p2|Iron Hands|\n|poke|p2|Rillaboom, F|\n|poke|p2|Flutter Mane|\n|poke|p2|Ogerpon-Hearthflame, F|\n|poke|p2|Heatran, M|\n|teampreview\n|inactive|Battle timer is ON: inactive players will automatically lose when time's up. (requested by Ignapro5675)\n|\n|t:|1697748039\n|start\n|switch|p1a: Luxray|Luxray, F|100\/100\n|switch|p1b: Iron Bundle|Iron Bundle|100\/100\n|switch|p2a: Rillaboom|Rillaboom, F|100\/100\n|switch|p2b: Tornadus|Tornadus, M|100\/100\n|-ability|p1a: Luxray|Intimidate|boost\n|-unboost|p2a: Rillaboom|atk|1\n|-unboost|p2b: Tornadus|atk|1\n|-fieldstart|move: Grassy Terrain|[from] ability: Grassy Surge|[of] p2a: Rillaboom\n|turn|1\n|inactive|ChimeBliss has 120 seconds left.\n|\n|t:|1697748093\n|switch|p2b: Iron Hands|Iron Hands|100\/100\n|move|p2a: Rillaboom|Fake Out|p1b: Iron Bundle\n|-damage|p1b: Iron Bundle|91\/100\n|cant|p1b: Iron Bundle|flinch\n|move|p1a: Luxray|Fire Fang|p2a: Rillaboom\n|-supereffective|p2a: Rillaboom\n|-damage|p2a: Rillaboom|40\/100\n|\n|-heal|p1b: Iron Bundle|97\/100|[from] Grassy Terrain\n|-heal|p1b: Iron Bundle|100\/100|[from] item: Leftovers\n|-heal|p2a: Rillaboom|46\/100|[from] Grassy Terrain\n|upkeep\n|turn|2\n|inactive|ChimeBliss has 120 seconds left.\n|\n|t:|1697748113\n|move|p2a: Rillaboom|Grassy Glide|p1b: Iron Bundle\n|-supereffective|p1b: Iron Bundle\n|-damage|p1b: Iron Bundle|46\/100\n|move|p1b: Iron Bundle|Electric Terrain|p1b: Iron Bundle\n|-fieldstart|move: Electric Terrain\n|-activate|p1b: Iron Bundle|ability: Quark Drive\n|-start|p1b: Iron Bundle|quarkdrivespa\n|-activate|p2b: Iron Hands|ability: Quark Drive\n|-start|p2b: Iron Hands|quarkdriveatk\n|move|p1a: Luxray|Fire Fang|p2a: Rillaboom\n|-supereffective|p2a: Rillaboom\n|-damage|p2a: Rillaboom|0 fnt\n|faint|p2a: Rillaboom\n|move|p2b: Iron Hands|Drain Punch|p1b: Iron Bundle\n|-supereffective|p1b: Iron Bundle\n|-damage|p1b: Iron Bundle|0 fnt\n|faint|p1b: Iron Bundle\n|-end|p1b: Iron Bundle|Quark Drive|[silent]\n|\n|upkeep\n|\n|t:|1697748130\n|switch|p1b: Gardevoir|Gardevoir, M|100\/100\n|switch|p2a: Tornadus|Tornadus, M|100\/100\n|turn|3\n|\n|t:|1697748150\n|switch|p1a: Clodsire|Clodsire, M|100\/100\n|-terastallize|p1b: Gardevoir|Fairy\n|-terastallize|p2b: Iron Hands|Fire\n|move|p2a: Tornadus|Tailwind|p2a: Tornadus\n|-sidestart|p2: ChimeBliss|move: Tailwind\n|move|p2b: Iron Hands|Fire Punch|p1a: Clodsire\n|-crit|p1a: Clodsire\n|-damage|p1a: Clodsire|0 fnt\n|faint|p1a: Clodsire\n|move|p1b: Gardevoir|Moonblast|p2b: Iron Hands\n|-resisted|p2b: Iron Hands\n|-damage|p2b: Iron Hands|57\/100\n|\n|upkeep\n|\n|t:|1697748164\n|switch|p1a: Luxray|Luxray, F|100\/100\n|-ability|p1a: Luxray|Intimidate|boost\n|-unboost|p2a: Tornadus|atk|1\n|-unboost|p2b: Iron Hands|atk|1\n|turn|4\n|\n|t:|1697748176\n|switch|p1b: Skeledirge|Skeledirge, M|100\/100\n|move|p2a: Tornadus|Sunny Day|p2a: Tornadus\n|-weather|SunnyDay\n|move|p2b: Iron Hands|Fire Punch|p1b: Skeledirge\n|-resisted|p1b: Skeledirge\n|-damage|p1b: Skeledirge|64\/100\n|move|p1a: Luxray|Thunder Fang|p2a: Tornadus\n|-supereffective|p2a: Tornadus\n|-damage|p2a: Tornadus|0 fnt\n|faint|p2a: Tornadus\n|\n|-weather|SunnyDay|[upkeep]\n|upkeep\n|\n|t:|1697748181\n|switch|p2a: Flutter Mane|Flutter Mane|100\/100\n|-activate|p2a: Flutter Mane|ability: Protosynthesis\n|-start|p2a: Flutter Mane|protosynthesisspa\n|turn|5\n|inactive|ChimeBliss has 120 seconds left.\n|inactive|ChimeBliss has 90 seconds left.\n|\n|t:|1697748249\n|move|p2a: Flutter Mane|Shadow Ball|p1b: Skeledirge\n|-supereffective|p1b: Skeledirge\n|-damage|p1b: Skeledirge|0 fnt\n|faint|p1b: Skeledirge\n|move|p2b: Iron Hands|Fire Punch|p1a: Luxray\n|-damage|p1a: Luxray|26\/100\n|move|p1a: Luxray|Thunder Fang|p2b: Iron Hands\n|-damage|p2b: Iron Hands|5\/100\n|-enditem|p2b: Iron Hands|Sitrus Berry|[eat]\n|-heal|p2b: Iron Hands|30\/100|[from] item: Sitrus Berry\n|\n|-weather|SunnyDay|[upkeep]\n|upkeep\n|\n|t:|1697748260\n|switch|p1b: Gardevoir|Gardevoir, M, tera:Fairy|100\/100\n|turn|6\n|\n|t:|1697748269\n|move|p2a: Flutter Mane|Shadow Ball|p1b: Gardevoir\n|-damage|p1b: Gardevoir|5\/100\n|move|p2b: Iron Hands|Fire Punch|p1a: Luxray\n|-damage|p1a: Luxray|0 fnt\n|faint|p1a: Luxray\n|move|p1b: Gardevoir|Shadow Ball|p2a: Flutter Mane\n|-supereffective|p2a: Flutter Mane\n|-damage|p2a: Flutter Mane|26\/100\n|\n|-weather|SunnyDay|[upkeep]\n|-sideend|p2: ChimeBliss|move: Tailwind\n|-fieldend|move: Electric Terrain\n|-end|p2b: Iron Hands|Quark Drive\n|upkeep\n|\n|t:|1697748280\n|switch|p1a: Meowscarada|Meowscarada, F|100\/100\n|turn|7\n|\n|t:|1697748296\n|move|p2a: Flutter Mane|Shadow Ball|p1b: Gardevoir\n|-damage|p1b: Gardevoir|0 fnt\n|faint|p1b: Gardevoir\n|move|p1a: Meowscarada|Knock Off|p2a: Flutter Mane\n|-damage|p2a: Flutter Mane|0 fnt\n|-enditem|p2a: Flutter Mane|Choice Specs|[from] move: Knock Off|[of] p1a: Meowscarada\n|faint|p2a: Flutter Mane\n|-end|p2a: Flutter Mane|Protosynthesis|[silent]\n|move|p2b: Iron Hands|Drain Punch|p1a: Meowscarada\n|-supereffective|p1a: Meowscarada\n|-damage|p1a: Meowscarada|24\/100\n|-heal|p2b: Iron Hands|54\/100|[from] drain|[of] p1a: Meowscarada\n|\n|-weather|SunnyDay|[upkeep]\n|upkeep\n|\n|t:|1697748304\n|switch|p2a: Ogerpon|Ogerpon-Hearthflame, F|100\/100\n|-ability|p2a: Ogerpon|Mold Breaker\n|turn|8\n|-message|Ignapro5675 forfeited.\n|\n|win|ChimeBliss\n|raw|Ignapro5675's rating: 1108 &rarr; <strong>1088<\/strong><br \/>(-20 for losing)\n|raw|ChimeBliss's rating: 1181 &rarr; <strong>1201<\/strong><br \/>(+20 for winning)\n|l|\u2606Ignapro5675\n","uploadtime":1697748313,"views":10,"p1id":"ignapro5675","p2id":"chimebliss","formatid":"gen9doublesou","rating":1088,"private":0,"password":""}