{"id":"gen9doublesou-1998437738","p1":"Yoda2798","p2":"theyummybagel","format":"[Gen 9] Doubles OU","log":"|j|\u2606Yoda2798\n|j|\u2606theyummybagel\n|t:|1700942273\n|gametype|doubles\n|player|p1|Yoda2798|unknown|\n|player|p2|theyummybagel|#scl3breakers|\n|teamsize|p1|6\n|teamsize|p2|6\n|gen|9\n|tier|[Gen 9] Doubles OU\n|rule|Species Clause: Limit one of each Pok\u00e9mon\n|rule|OHKO Clause: OHKO moves are banned\n|rule|Evasion Moves Clause: Evasion moves are banned\n|rule|Gravity Sleep Clause: The combination of sleep-inducing moves with imperfect accuracy and Gravity or Gigantamax Orbeetle are banned\n|rule|Endless Battle Clause: Forcing endless battles is banned\n|rule|HP Percentage Mod: HP is shown in percentages\n|clearpoke\n|poke|p1|Flutter Mane|\n|poke|p1|Landorus-Therian, M|\n|poke|p1|Tornadus, M|\n|poke|p1|Amoonguss, M|\n|poke|p1|Heatran, M|\n|poke|p1|Kommo-o, F|\n|poke|p2|Flutter Mane|\n|poke|p2|Landorus, M|\n|poke|p2|Ogerpon-Wellspring, F|\n|poke|p2|Kingambit, F|\n|poke|p2|Iron Hands|\n|poke|p2|Arcanine-Hisui, F|\n|teampreview\n|inactive|Battle timer is ON: inactive players will automatically lose when time's up. (requested by theyummybagel)\n|c|\u2606Yoda2798|glhf\n|c|\u2606theyummybagel|u2\n|j|+ryo yamada2001\n|j| Laptops\n|j| Alolan HTH\n|inactive|Yoda2798 has 270 seconds left.\n|inactive|theyummybagel has 270 seconds left.\n|j|+zoe\n|j| SMB\n|j|@Lily\n|c| Laptops|Goooooo bingleeeeee\n|j| a spiffy spaceman\n|j| papiloco\n|inactive|Yoda2798 has 240 seconds left.\n|inactive|theyummybagel has 240 seconds left.\n|c|+ryo yamada2001|bagel kino\n|j| mishimono\n|j| kaori\u273f\n|inactive|theyummybagel has 210 seconds left.\n|\n|t:|1700942375\n|start\n|switch|p1a: Tornadus|Tornadus, M|100\/100\n|switch|p1b: Heatran|Heatran, M|100\/100\n|switch|p2a: Landorus|Landorus, M|100\/100\n|switch|p2b: Ogerpon|Ogerpon-Wellspring, F|100\/100\n|turn|1\n|inactive|theyummybagel has 270 seconds left.\n|j| ratpacker\n|inactive|Yoda2798 has 270 seconds left.\n|j| eric versus\u30c4\n|j| Flying Beagle\n|j| qsns\n|inactive|theyummybagel has 240 seconds left.\n|inactive|Yoda2798 has 240 seconds left.\n|inactive|theyummybagel has 210 seconds left.\n|j| orbes espectro\n|\n|t:|1700942462\n|switch|p1b: Landorus|Landorus-Therian, M|100\/100\n|-ability|p1b: Landorus|Intimidate|boost\n|-unboost|p2a: Landorus|atk|1\n|-unboost|p2b: Ogerpon|atk|1\n|move|p2a: Landorus|Sludge Bomb|p1a: Tornadus\n|-damage|p1a: Tornadus|45\/100\n|move|p1a: Tornadus|Bleakwind Storm|p2a: Landorus|[spread] p2a,p2b\n|-supereffective|p2b: Ogerpon\n|-damage|p2a: Landorus|62\/100\n|-damage|p2b: Ogerpon|38\/100\n|move|p2b: Ogerpon|Ivy Cudgel|p1a: Tornadus|[anim] Ivy Cudgel Water\n|-damage|p1a: Tornadus|4\/100\n|\n|upkeep\n|turn|2\n|inactive|theyummybagel has 210 seconds left.\n|l| Laptops\n|inactive|Yoda2798 has 210 seconds left.\n|c| qsns|im sorry bagel\n|j|+Mizuhime\n|c|\u2606theyummybagel|yeah this is your fault\n|j| Laptops\n|inactive|theyummybagel has 180 seconds left.\n|\n|t:|1700942539\n|move|p1b: Landorus|Rock Tomb|p2a: Landorus\n|-damage|p2a: Landorus|32\/100\n|-unboost|p2a: Landorus|spe|1\n|move|p1a: Tornadus|Bleakwind Storm|p2a: Landorus|[spread] p2a,p2b\n|-supereffective|p2b: Ogerpon\n|-damage|p2a: Landorus|0 fnt\n|-damage|p2b: Ogerpon|0 fnt\n|faint|p2a: Landorus\n|faint|p2b: Ogerpon\n|\n|upkeep\n|inactive|theyummybagel has 150 seconds left.\n|l| Laptops\n|\n|t:|1700942566\n|switch|p2a: Kingambit|Kingambit, F|100\/100\n|switch|p2b: Iron Hands|Iron Hands|100\/100\n|turn|3\n|inactive|theyummybagel has 150 seconds left.\n|j| Laptops\n|inactive|Yoda2798 has 210 seconds left.\n|j| frania\n|inactive|Yoda2798 has 180 seconds left.\n|inactive|theyummybagel has 120 seconds left.\n|\n|t:|1700942665\n|switch|p1b: Heatran|Heatran, M|100\/100\n|switch|p1a: Kommo-o|Kommo-o, F|100\/100\n|move|p2b: Iron Hands|Drain Punch|p1b: Heatran\n|-supereffective|p1b: Heatran\n|-damage|p1b: Heatran|16\/100\n|move|p2a: Kingambit|Swords Dance|p2a: Kingambit\n|-boost|p2a: Kingambit|atk|2\n|\n|upkeep\n|turn|4\n|inactive|Yoda2798 has 180 seconds left.\n|c| kaori\u273f|holy bingle\n|inactive|theyummybagel has 120 seconds left.\n|j|+talkingtree\n|inactive|theyummybagel has 90 seconds left.\n|\n|t:|1700942725\n|-end|p2b: Iron Hands|Quark Drive|[silent]\n|switch|p2b: Flutter Mane|Flutter Mane|100\/100\n|-enditem|p2b: Flutter Mane|Booster Energy\n|-activate|p2b: Flutter Mane|ability: Protosynthesis|[fromitem]\n|-start|p2b: Flutter Mane|protosynthesisspe\n|move|p2a: Kingambit|Protect|p2a: Kingambit\n|-singleturn|p2a: Kingambit|Protect\n|move|p1a: Kommo-o|Iron Defense|p1a: Kommo-o\n|-boost|p1a: Kommo-o|def|2\n|move|p1b: Heatran|Will-O-Wisp|p2b: Flutter Mane\n|-status|p2b: Flutter Mane|brn\n|\n|-damage|p2b: Flutter Mane|94\/100 brn|[from] brn\n|upkeep\n|turn|5\n|j| KeanuVGC\n|inactive|theyummybagel has 90 seconds left.\n|inactive|Yoda2798 has 150 seconds left.\n|inactive|theyummybagel has 60 seconds left.\n|inactive|Yoda2798 has 120 seconds left.\n|inactive|theyummybagel has 30 seconds left.\n|\n|t:|1700942812\n|-terastallize|p1a: Kommo-o|Fire\n|move|p2a: Kingambit|Sucker Punch|p1a: Kommo-o\n|-damage|p1a: Kommo-o|68\/100\n|move|p2b: Flutter Mane|Shadow Ball|p1b: Heatran\n|-damage|p1b: Heatran|0 fnt\n|faint|p1b: Heatran\n|move|p1a: Kommo-o|Body Press|p2a: Kingambit\n|-supereffective|p2a: Kingambit\n|-damage|p2a: Kingambit|0 fnt\n|faint|p2a: Kingambit\n|\n|-heal|p1a: Kommo-o|74\/100|[from] item: Leftovers\n|-damage|p2b: Flutter Mane|88\/100 brn|[from] brn\n|upkeep\n|\n|t:|1700942828\n|switch|p1b: Landorus|Landorus-Therian, M|100\/100\n|switch|p2a: Arcanine|Arcanine-Hisui, F|100\/100\n|-ability|p1b: Landorus|Intimidate|boost\n|-unboost|p2a: Arcanine|atk|1\n|-unboost|p2b: Flutter Mane|atk|1\n|-ability|p2a: Arcanine|Intimidate|boost\n|-unboost|p1a: Kommo-o|atk|1\n|-unboost|p1b: Landorus|atk|1\n|turn|6\n|inactive|Yoda2798 has 120 seconds left.\n|j|+Arcticblast\n|l| Laptops\n|inactive|Yoda2798 has 90 seconds left.\n|\n|t:|1700942892\n|-terastallize|p2a: Arcanine|Fairy\n|move|p2b: Flutter Mane|Icy Wind|p1a: Kommo-o|[spread] p1a,p1b\n|-resisted|p1a: Kommo-o\n|-supereffective|p1b: Landorus\n|-damage|p1a: Kommo-o|68\/100\n|-damage|p1b: Landorus|29\/100\n|-unboost|p1a: Kommo-o|spe|1\n|-unboost|p1b: Landorus|spe|1\n|move|p1b: Landorus|Stomping Tantrum|p2a: Arcanine\n|-damage|p2a: Arcanine|67\/100\n|move|p2a: Arcanine|Rock Slide|p1a: Kommo-o|[spread] p1a\n|-miss|p2a: Arcanine|p1b: Landorus\n|-supereffective|p1a: Kommo-o\n|-damage|p1a: Kommo-o|49\/100\n|move|p1a: Kommo-o|Body Press|p2a: Arcanine\n|-resisted|p2a: Arcanine\n|-damage|p2a: Arcanine|16\/100\n|\n|-heal|p1a: Kommo-o|55\/100|[from] item: Leftovers\n|-damage|p2b: Flutter Mane|82\/100 brn|[from] brn\n|upkeep\n|turn|7\n|inactive|Yoda2798 has 90 seconds left.\n|inactive|theyummybagel has 60 seconds left.\n|j|+daawesomedude1 (\n|j| Laptops\n|inactive|Yoda2798 has 60 seconds left.\n|l| Laptops\n|\n|t:|1700942960\n|switch|p1b: Amoonguss|Amoonguss, M|100\/100\n|switch|p2a: Iron Hands|Iron Hands|100\/100\n|move|p1a: Kommo-o|Protect|p1a: Kommo-o\n|-singleturn|p1a: Kommo-o|Protect\n|move|p2b: Flutter Mane|Icy Wind|p1b: Amoonguss|[spread] p1b\n|-activate|p1a: Kommo-o|move: Protect\n|-supereffective|p1b: Amoonguss\n|-damage|p1b: Amoonguss|81\/100\n|-unboost|p1b: Amoonguss|spe|1\n|\n|-heal|p1a: Kommo-o|61\/100|[from] item: Leftovers\n|-damage|p2b: Flutter Mane|76\/100 brn|[from] brn\n|upkeep\n|turn|8\n|l| papiloco\n|inactive|Yoda2798 has 60 seconds left.\n|j| dont you wanna go\n|\n|t:|1700942991\n|move|p2b: Flutter Mane|Shadow Ball|p1b: Amoonguss\n|-damage|p1b: Amoonguss|50\/100\n|move|p1a: Kommo-o|Body Press|p2a: Iron Hands\n|-damage|p2a: Iron Hands|42\/100\n|move|p2a: Iron Hands|Heavy Slam|p1b: Amoonguss\n|-damage|p1b: Amoonguss|10\/100\n|move|p1b: Amoonguss|Spore|p2a: Iron Hands\n|-status|p2a: Iron Hands|slp|[from] move: Spore\n|\n|-heal|p1a: Kommo-o|67\/100|[from] item: Leftovers\n|-damage|p2b: Flutter Mane|70\/100 brn|[from] brn\n|upkeep\n|turn|9\n|inactive|theyummybagel has 90 seconds left.\n|inactive|Yoda2798 has 60 seconds left.\n|j| Laptops\n|j| AIRedzone\n|\n|t:|1700943017\n|switch|p1b: Landorus|Landorus-Therian, M|29\/100\n|-ability|p1b: Landorus|Intimidate|boost\n|-unboost|p2a: Iron Hands|atk|1\n|-unboost|p2b: Flutter Mane|atk|1\n|move|p2b: Flutter Mane|Icy Wind|p1b: Landorus|[spread] p1a,p1b\n|-resisted|p1a: Kommo-o\n|-crit|p1a: Kommo-o\n|-supereffective|p1b: Landorus\n|-damage|p1a: Kommo-o|58\/100\n|-damage|p1b: Landorus|0 fnt\n|-unboost|p1a: Kommo-o|spe|1\n|faint|p1b: Landorus\n|cant|p2a: Iron Hands|slp\n|move|p1a: Kommo-o|Flamethrower|p2b: Flutter Mane\n|-damage|p2b: Flutter Mane|39\/100 brn\n|\n|-heal|p1a: Kommo-o|64\/100|[from] item: Leftovers\n|-damage|p2b: Flutter Mane|32\/100 brn|[from] brn\n|upkeep\n|\n|t:|1700943030\n|switch|p1b: Tornadus|Tornadus, M|4\/100\n|turn|10\n|l| AIRedzone\n|\n|t:|1700943038\n|move|p1b: Tornadus|Tailwind|p1b: Tornadus\n|-sidestart|p1: Yoda2798|move: Tailwind\n|move|p2b: Flutter Mane|Icy Wind|p1a: Kommo-o|[spread] p1a,p1b\n|-resisted|p1a: Kommo-o\n|-supereffective|p1b: Tornadus\n|-damage|p1a: Kommo-o|58\/100\n|-damage|p1b: Tornadus|0 fnt\n|-unboost|p1a: Kommo-o|spe|1\n|faint|p1b: Tornadus\n|move|p1a: Kommo-o|Body Press|p2a: Iron Hands\n|-damage|p2a: Iron Hands|0 fnt\n|faint|p2a: Iron Hands\n|-end|p2a: Iron Hands|Quark Drive|[silent]\n|\n|-heal|p1a: Kommo-o|64\/100|[from] item: Leftovers\n|-damage|p2b: Flutter Mane|26\/100 brn|[from] brn\n|upkeep\n|l|+Mizuhime\n|\n|t:|1700943048\n|switch|p1b: Flutter Mane|Flutter Mane|100\/100\n|switch|p2a: Arcanine|Arcanine-Hisui, F, tera:Fairy|16\/100\n|-ability|p2a: Arcanine|Intimidate|boost\n|-unboost|p1a: Kommo-o|atk|1\n|-unboost|p1b: Flutter Mane|atk|1\n|turn|11\n|\n|t:|1700943061\n|move|p1b: Flutter Mane|Dazzling Gleam|p2b: Flutter Mane|[spread] p2a,p2b\n|-damage|p2a: Arcanine|0 fnt\n|-damage|p2b: Flutter Mane|0 fnt\n|faint|p2a: Arcanine\n|faint|p2b: Flutter Mane\n|-end|p2b: Flutter Mane|Protosynthesis|[silent]\n|\n|win|Yoda2798\n|c|\u2606Yoda2798|gg\n|c|\u2606theyummybagel|gg\n|l| a spiffy spaceman\n|l| qsns\n|l|+Arcticblast\n|l| KeanuVGC\n|l| Laptops\n|l| dont you wanna go\n|j| The JRL\n|l| Flying Beagle\n|l| ratpacker\n|l|+daawesomedude1 (\n","uploadtime":1700943068,"views":141,"p1id":"yoda2798","p2id":"theyummybagel","formatid":"gen9doublesou","rating":0,"private":0,"password":""}