{"id":"gen9doublesou-1990625566","p1":"ghrill","p2":"Lovelauv","format":"[Gen 9] Doubles OU","log":"|j|\u2606ghrill\n|j|\u2606Lovelauv\n|t:|1699986748\n|gametype|doubles\n|player|p1|ghrill|preschooler|1534\n|player|p2|Lovelauv|gentleman|1581\n|teamsize|p1|6\n|teamsize|p2|6\n|gen|9\n|tier|[Gen 9] Doubles OU\n|rated|\n|rule|Species Clause: Limit one of each Pok\u00e9mon\n|rule|OHKO Clause: OHKO moves are banned\n|rule|Evasion Moves Clause: Evasion moves are banned\n|rule|Gravity Sleep Clause: The combination of sleep-inducing moves with imperfect accuracy and Gravity or Gigantamax Orbeetle are banned\n|rule|Endless Battle Clause: Forcing endless battles is banned\n|rule|HP Percentage Mod: HP is shown in percentages\n|clearpoke\n|poke|p1|Sandslash-Alola, F|\n|poke|p1|Dusclops, M|\n|poke|p1|Hatterene, F|\n|poke|p1|Snorlax, M|\n|poke|p1|Lurantis, F|\n|poke|p1|Magcargo, M|\n|poke|p2|Armarouge, M|\n|poke|p2|Indeedee-F, F|\n|poke|p2|Gholdengo|\n|poke|p2|Iron Hands|\n|poke|p2|Landorus-Therian, M|\n|poke|p2|Ogerpon-Wellspring, F|\n|teampreview\n|inactive|Battle timer is ON: inactive players will automatically lose when time's up. (requested by ghrill)\n|\n|t:|1699986768\n|start\n|switch|p1a: Dusclops|Dusclops, M|100\/100\n|switch|p1b: Snorlax|Snorlax, M|100\/100\n|switch|p2a: Armarouge|Armarouge, M, shiny|100\/100\n|switch|p2b: Landorus|Landorus-Therian, M, shiny|100\/100\n|-ability|p2b: Landorus|Intimidate|boost\n|-unboost|p1a: Dusclops|atk|1\n|-unboost|p1b: Snorlax|atk|1\n|-ability|p1a: Dusclops|Pressure\n|turn|1\n|inactive|Lovelauv has 120 seconds left.\n|\n|t:|1699986803\n|-terastallize|p2a: Armarouge|Grass\n|move|p2b: Landorus|U-turn|p2a: Armarouge\n|-supereffective|p2a: Armarouge\n|-damage|p2a: Armarouge|50\/100\n|-ability|p2a: Armarouge|Weak Armor|boost\n|-unboost|p2a: Armarouge|def|1\n|-boost|p2a: Armarouge|spe|2\n|-enditem|p2a: Armarouge|Weakness Policy\n|-boost|p2a: Armarouge|atk|2|[from] item: Weakness Policy\n|-boost|p2a: Armarouge|spa|2|[from] item: Weakness Policy\n|inactive|Lovelauv has 120 seconds left.\n|\n|t:|1699986811\n|switch|p2b: Indeedee|Indeedee-F, F, shiny|100\/100|[from] U-turn\n|-fieldstart|move: Psychic Terrain|[from] ability: Psychic Surge|[of] p2b: Indeedee\n|-enditem|p2b: Indeedee|Psychic Seed\n|-boost|p2b: Indeedee|spd|1|[from] item: Psychic Seed\n|move|p2a: Armarouge|Expanding Force|p1a: Dusclops|[spread] p1a,p1b\n|-damage|p1a: Dusclops|31\/100\n|-damage|p1b: Snorlax|20\/100\n|-enditem|p1b: Snorlax|Aguav Berry|[eat]\n|-heal|p1b: Snorlax|54\/100|[from] item: Aguav Berry\n|move|p1b: Snorlax|Belly Drum|p1b: Snorlax\n|-damage|p1b: Snorlax|4\/100\n|-setboost|p1b: Snorlax|atk|6|[from] move: Belly Drum\n|move|p1a: Dusclops|Trick Room|p1a: Dusclops\n|-fieldstart|move: Trick Room|[of] p1a: Dusclops\n|\n|upkeep\n|turn|2\n|inactive|Lovelauv has 120 seconds left.\n|\n|t:|1699986838\n|move|p1a: Dusclops|Helping Hand|p1b: Snorlax\n|-singleturn|p1b: Snorlax|Helping Hand|[of] p1a: Dusclops\n|move|p2b: Indeedee|Follow Me|p2b: Indeedee\n|-singleturn|p2b: Indeedee|move: Follow Me\n|move|p1b: Snorlax|Rock Slide|p2a: Armarouge|[spread] p2a,p2b\n|-damage|p2a: Armarouge|0 fnt\n|-damage|p2b: Indeedee|0 fnt\n|faint|p2a: Armarouge\n|faint|p2b: Indeedee\n|\n|upkeep\n|inactive|Lovelauv has 120 seconds left.\n|c|\u2606ghrill|Whack\n|\n|t:|1699986855\n|switch|p2b: Ogerpon|Ogerpon-Wellspring, F|100\/100\n|switch|p2a: Landorus|Landorus-Therian, M, shiny|100\/100\n|-ability|p2a: Landorus|Intimidate|boost\n|-unboost|p1a: Dusclops|atk|1\n|-unboost|p1b: Snorlax|atk|1\n|turn|3\n|\n|t:|1699986872\n|move|p2b: Ogerpon|Follow Me|p2b: Ogerpon\n|-singleturn|p2b: Ogerpon|move: Follow Me\n|move|p1a: Dusclops|Will-O-Wisp|p2b: Ogerpon\n|-status|p2b: Ogerpon|brn\n|move|p1b: Snorlax|Rock Slide|p2a: Landorus|[spread] p2a\n|-miss|p1b: Snorlax|p2b: Ogerpon\n|-damage|p2a: Landorus|36\/100\n|cant|p2a: Landorus|flinch\n|\n|-damage|p2b: Ogerpon|95\/100 brn|[from] brn\n|upkeep\n|turn|4\n|\n|t:|1699986889\n|move|p1a: Dusclops|Helping Hand|p1b: Snorlax\n|-singleturn|p1b: Snorlax|Helping Hand|[of] p1a: Dusclops\n|move|p2b: Ogerpon|Follow Me|p2b: Ogerpon\n|-singleturn|p2b: Ogerpon|move: Follow Me\n|move|p1b: Snorlax|Rock Slide|p2a: Landorus|[spread] p2b\n|-miss|p1b: Snorlax|p2a: Landorus\n|-damage|p2b: Ogerpon|0 fnt\n|faint|p2b: Ogerpon\n|move|p2a: Landorus|U-turn|p1b: Snorlax\n|-damage|p1b: Snorlax|0 fnt\n|faint|p1b: Snorlax\n|\n|t:|1699986903\n|switch|p2a: Iron Hands|Iron Hands, shiny|100\/100|[from] U-turn\n|\n|upkeep\n|\n|t:|1699986928\n|switch|p1b: Lurantis|Lurantis, F|100\/100\n|switch|p2b: Gholdengo|Gholdengo, shiny|100\/100\n|turn|5\n|\n|t:|1699986945\n|move|p1a: Dusclops|Will-O-Wisp|p2a: Iron Hands\n|-status|p2a: Iron Hands|brn\n|move|p1b: Lurantis|Leaf Storm|p2a: Iron Hands\n|-damage|p2a: Iron Hands|80\/100 brn\n|-boost|p1b: Lurantis|spa|2\n|move|p2a: Iron Hands|Ice Punch|p1b: Lurantis\n|-supereffective|p1b: Lurantis\n|-damage|p1b: Lurantis|73\/100\n|move|p2b: Gholdengo|Make It Rain|p1b: Lurantis|[spread] p1a,p1b\n|-damage|p1a: Dusclops|7\/100\n|-damage|p1b: Lurantis|32\/100\n|-unboost|p2b: Gholdengo|spa|1\n|\n|-heal|p1b: Lurantis|39\/100|[from] item: Leftovers\n|-damage|p2a: Iron Hands|73\/100 brn|[from] brn\n|-fieldend|move: Trick Room\n|-fieldend|move: Psychic Terrain\n|upkeep\n|turn|6\n|inactive|Lovelauv has 120 seconds left.\n|\n|t:|1699986985\n|move|p1b: Lurantis|Protect|p1b: Lurantis\n|-singleturn|p1b: Lurantis|Protect\n|move|p2b: Gholdengo|Nasty Plot|p2b: Gholdengo\n|-boost|p2b: Gholdengo|spa|2\n|move|p2a: Iron Hands|Wild Charge|p1a: Dusclops\n|-damage|p1a: Dusclops|0 fnt\n|faint|p1a: Dusclops\n|-damage|p2a: Iron Hands|72\/100 brn|[from] Recoil\n|\n|-heal|p1b: Lurantis|45\/100|[from] item: Leftovers\n|-damage|p2a: Iron Hands|66\/100 brn|[from] brn\n|upkeep\n|\n|t:|1699987000\n|switch|p1a: Hatterene|Hatterene, F|100\/100\n|turn|7\n|\n|t:|1699987006\n|-terastallize|p1b: Lurantis|Water\n|move|p2b: Gholdengo|Make It Rain|p1a: Hatterene|[spread] p1a,p1b\n|-supereffective|p1a: Hatterene\n|-resisted|p1b: Lurantis\n|-enditem|p1a: Hatterene|Focus Sash\n|-damage|p1a: Hatterene|1\/100\n|-damage|p1b: Lurantis|13\/100\n|-unboost|p2b: Gholdengo|spa|1\n|move|p2a: Iron Hands|Heavy Slam|p1a: Hatterene\n|-supereffective|p1a: Hatterene\n|-damage|p1a: Hatterene|0 fnt\n|faint|p1a: Hatterene\n|move|p1b: Lurantis|Leaf Storm|p2a: Iron Hands\n|-damage|p2a: Iron Hands|21\/100 brn\n|-boost|p1b: Lurantis|spa|2\n|\n|-heal|p1b: Lurantis|19\/100|[from] item: Leftovers\n|-damage|p2a: Iron Hands|15\/100 brn|[from] brn\n|upkeep\n|\n|t:|1699987013\n|switch|p1a: Sandslash|Sandslash-Alola, F|100\/100\n|turn|8\n|\n|t:|1699987030\n|move|p2b: Gholdengo|Protect|p2b: Gholdengo\n|-singleturn|p2b: Gholdengo|Protect\n|move|p1b: Lurantis|Protect|p1b: Lurantis\n|-singleturn|p1b: Lurantis|Protect\n|move|p2a: Iron Hands|Drain Punch|p1a: Sandslash\n|-supereffective|p1a: Sandslash\n|-damage|p1a: Sandslash|33\/100\n|-heal|p2a: Iron Hands|40\/100 brn|[from] drain|[of] p1a: Sandslash\n|-enditem|p1a: Sandslash|Sitrus Berry|[eat]\n|-heal|p1a: Sandslash|58\/100|[from] item: Sitrus Berry\n|move|p1a: Sandslash|Metal Burst|p2a: Iron Hands\n|-damage|p2a: Iron Hands|0 fnt\n|faint|p2a: Iron Hands\n|-end|p2a: Iron Hands|Quark Drive|[silent]\n|\n|-heal|p1b: Lurantis|25\/100|[from] item: Leftovers\n|upkeep\n|\n|t:|1699987045\n|switch|p2a: Landorus|Landorus-Therian, M, shiny|36\/100\n|-ability|p2a: Landorus|Intimidate|boost\n|-unboost|p1a: Sandslash|atk|1\n|-boost|p1b: Lurantis|atk|1\n|turn|9\n|\n|t:|1699987068\n|move|p1a: Sandslash|Ice Shard|p2a: Landorus\n|-supereffective|p2a: Landorus\n|-damage|p2a: Landorus|0 fnt\n|faint|p2a: Landorus\n|move|p2b: Gholdengo|Make It Rain|p1b: Lurantis|[spread] p1a,p1b\n|-resisted|p1b: Lurantis\n|-crit|p1b: Lurantis\n|-damage|p1a: Sandslash|16\/100\n|-damage|p1b: Lurantis|0 fnt\n|-unboost|p2b: Gholdengo|spa|1\n|faint|p1b: Lurantis\n|\n|upkeep\n|\n|t:|1699987081\n|switch|p1b: Magcargo|Magcargo, M|100\/100\n|turn|10\n|\n|t:|1699987090\n|move|p2b: Gholdengo|Protect|p2b: Gholdengo\n|-singleturn|p2b: Gholdengo|Protect\n|move|p1a: Sandslash|Ice Shard|p2b: Gholdengo\n|-activate|p2b: Gholdengo|move: Protect\n|move|p1b: Magcargo|Heat Wave|p2b: Gholdengo\n|-activate|p2b: Gholdengo|move: Protect\n|\n|upkeep\n|turn|11\n|c|\u2606ghrill|Ggs\n|\n|t:|1699987106\n|move|p1a: Sandslash|Ice Shard|p2b: Gholdengo\n|-resisted|p2b: Gholdengo\n|-damage|p2b: Gholdengo|96\/100\n|move|p2b: Gholdengo|Shadow Ball|p1b: Magcargo\n|-damage|p1b: Magcargo|63\/100\n|move|p1b: Magcargo|Heat Wave|p2b: Gholdengo\n|-supereffective|p2b: Gholdengo\n|-damage|p2b: Gholdengo|0 fnt\n|faint|p2b: Gholdengo\n|\n|win|ghrill\n|raw|ghrill's rating: 1534 &rarr; <strong>1557<\/strong><br \/>(+23 for winning)\n|raw|Lovelauv's rating: 1581 &rarr; <strong>1558<\/strong><br \/>(-23 for losing)\n","uploadtime":1699987118,"views":8,"p1id":"ghrill","p2id":"lovelauv","formatid":"gen9doublesou","rating":1557,"private":0,"password":""}