{"id":"gen9doublesou-1976659396","p1":"Vonols","p2":"Zwellish","format":"[Gen 9] Doubles OU","log":"|j|\u2606Vonols\n|j|\u2606Zwellish\n|inactive|Battle timer is ON: inactive players will automatically lose when time's up.\n|t:|1698331210\n|gametype|doubles\n|player|p1|Vonols|silver-masters|\n|player|p2|Zwellish|grimsley|\n|teamsize|p1|6\n|teamsize|p2|6\n|gen|9\n|tier|[Gen 9] Doubles OU\n|rated|Tournament battle\n|rule|Species Clause: Limit one of each Pok\u00e9mon\n|rule|OHKO Clause: OHKO moves are banned\n|rule|Evasion Moves Clause: Evasion moves are banned\n|rule|Gravity Sleep Clause: The combination of sleep-inducing moves with imperfect accuracy and Gravity or Gigantamax Orbeetle are banned\n|rule|Endless Battle Clause: Forcing endless battles is banned\n|rule|HP Percentage Mod: HP is shown in percentages\n|clearpoke\n|poke|p1|Murkrow, M|\n|poke|p1|Venonat, F|\n|poke|p1|Cacnea, M|\n|poke|p1|Arrokuda, M|\n|poke|p1|Wiglett, M|\n|poke|p1|Drifloon, M|\n|poke|p2|Foongus, F|\n|poke|p2|Makuhita, M|\n|poke|p2|Floragato, F|\n|poke|p2|Sneasel, F|\n|poke|p2|Girafarig, F|\n|poke|p2|Bramblin, M|\n|teampreview\n|j|*Lady Monita \u263d\n|c|\u2606Vonols|glhf\n|j| Mega_Beedrill User\n|inactive|Zwellish also wants the timer to be on.\n|c|\u2606Zwellish|glhf\n|inactive|Vonols has 120 seconds left.\n|j| BigSilverBilver\n|j| Blonking\n|\n|t:|1698331253\n|start\n|switch|p1a: Cacnea|Cacnea, M|100\/100\n|switch|p1b: Wiglett|Wiglett, M|100\/100\n|switch|p2a: Foongus|Foongus, F, shiny|100\/100\n|switch|p2b: Girafarig|Girafarig, F|100\/100\n|turn|1\n|j| FrostArcanine19\n|j| Foosyyy\n|\n|t:|1698331272\n|move|p1b: Wiglett|Throat Chop|p2b: Girafarig\n|-supereffective|p2b: Girafarig\n|-damage|p2b: Girafarig|66\/100\n|-start|p2b: Girafarig|Throat Chop|[silent]\n|move|p2b: Girafarig|Twin Beam|p1b: Wiglett\n|-enditem|p1b: Wiglett|Focus Sash\n|-damage|p1b: Wiglett|1\/100\n|-damage|p1b: Wiglett|0 fnt\n|faint|p1b: Wiglett\n|-hitcount|p1: Wiglett|2\n|move|p1a: Cacnea|Nasty Plot|p1a: Cacnea\n|-boost|p1a: Cacnea|spa|2\n|move|p2a: Foongus|Sludge Bomb|p1a: Cacnea\n|-supereffective|p1a: Cacnea\n|-damage|p1a: Cacnea|9\/100\n|-status|p1a: Cacnea|psn\n|\n|-damage|p1a: Cacnea|0 fnt|[from] psn\n|faint|p1a: Cacnea\n|upkeep\n|c| Foosyyy|peak\n|inactive|Vonols has 120 seconds left.\n|\n|t:|1698331301\n|switch|p1b: Murkrow|Murkrow, M|100\/100\n|switch|p1a: Arrokuda|Arrokuda, M|100\/100\n|turn|2\n|c| Mega_Beedrill User|just saying, i think have a haryama and sprigatito would be better then having floragato and makuhita\n|c| Foosyyy|yeah\n|c| Foosyyy|or even a weavile\n|c| Mega_Beedrill User|yeah\n|c|\u2606Vonols|Man I only had 2 stage mons XDD\n|inactive|Zwellish has 120 seconds left.\n|\n|t:|1698331334\n|-terastallize|p2b: Girafarig|Fairy\n|move|p2a: Foongus|Rage Powder|p2a: Foongus\n|-singleturn|p2a: Foongus|move: Rage Powder\n|move|p1b: Murkrow|Thunder Wave|p2a: Foongus\n|-status|p2a: Foongus|par\n|move|p1a: Arrokuda|Flip Turn|p2b: Girafarig\n|-damage|p2b: Girafarig|37\/100\n|c|\u2606Vonols|My team was this or this\n|\n|t:|1698331348\n|switch|p1a: Drifloon|Drifloon, M|100\/100|[from] Flip Turn\n|move|p2b: Girafarig|Dazzling Gleam|p1b: Murkrow|[spread] p1a,p1b\n|-supereffective|p1b: Murkrow\n|-damage|p1a: Drifloon|44\/100\n|-damage|p1b: Murkrow|60\/100\n|\n|-end|p2b: Girafarig|Throat Chop|[silent]\n|-status|p1a: Drifloon|brn|[from] item: Flame Orb\n|upkeep\n|turn|3\n|c| Foosyyy|ngl you should have tried rain dance, wigglet and choice band liquidation arrokuda\n|c| Foosyyy|would probs sweep\n|\n|t:|1698331368\n|move|p1a: Drifloon|Shadow Ball|p2b: Girafarig\n|-damage|p2b: Girafarig|0 fnt\n|faint|p2b: Girafarig\n|move|p1b: Murkrow|Night Shade|p2a: Foongus\n|-damage|p2a: Foongus|65\/100 par\n|move|p2a: Foongus|Pollen Puff|p2: Girafarig|[notarget]\n|-fail|p2a: Foongus\n|\n|-damage|p1a: Drifloon|38\/100 brn|[from] brn\n|upkeep\n|\n|t:|1698331378\n|switch|p2b: Sneasel|Sneasel, F, shiny|100\/100\n|turn|4\n|c| Mega_Beedrill User|not entirly\n|\n|t:|1698331392\n|move|p2b: Sneasel|Fake Out|p1b: Murkrow\n|-damage|p1b: Murkrow|40\/100\n|-damage|p2b: Sneasel|91\/100|[from] item: Life Orb\n|move|p1a: Drifloon|Trick|p2b: Sneasel\n|-activate|p1a: Drifloon|move: Trick|[of] p2b: Sneasel\n|-item|p2b: Sneasel|Flame Orb|[from] move: Trick\n|-item|p1a: Drifloon|Life Orb|[from] move: Trick\n|cant|p1b: Murkrow|flinch\n|move|p2a: Foongus|Sludge Bomb|p1b: Murkrow\n|-damage|p1b: Murkrow|15\/100\n|\n|-damage|p1a: Drifloon|32\/100 brn|[from] brn\n|-status|p2b: Sneasel|brn|[from] item: Flame Orb\n|upkeep\n|turn|5\n|l| BigSilverBilver\n|c| Mega_Beedrill User|swellish has so much priorty and bulky mons\n|inactive|Vonols has 120 seconds left.\n|c| Mega_Beedrill User|\"Zwellish\"\n|\n|t:|1698331436\n|-terastallize|p1a: Drifloon|Steel\n|move|p2a: Foongus|Rage Powder|p2a: Foongus\n|-singleturn|p2a: Foongus|move: Rage Powder\n|move|p2b: Sneasel|Ice Shard|p1b: Murkrow\n|-supereffective|p1b: Murkrow\n|-damage|p1b: Murkrow|0 fnt\n|faint|p1b: Murkrow\n|move|p1a: Drifloon|Shadow Ball|p2a: Foongus\n|-damage|p2a: Foongus|14\/100 par\n|-unboost|p2a: Foongus|spd|1\n|-damage|p1a: Drifloon|22\/100 brn|[from] item: Life Orb\n|\n|-damage|p2b: Sneasel|85\/100 brn|[from] brn\n|-damage|p1a: Drifloon|15\/100 brn|[from] brn\n|upkeep\n|\n|t:|1698331443\n|switch|p1b: Arrokuda|Arrokuda, M|100\/100\n|turn|6\n|\n|t:|1698331457\n|switch|p2a: Bramblin|Bramblin, M|100\/100\n|move|p2b: Sneasel|Knock Off|p1a: Drifloon\n|-damage|p1a: Drifloon|0 fnt\n|-enditem|p1a: Drifloon|Life Orb|[from] move: Knock Off|[of] p2b: Sneasel\n|faint|p1a: Drifloon\n|move|p1b: Arrokuda|Liquidation|p2b: Sneasel\n|-damage|p2b: Sneasel|0 fnt\n|faint|p2b: Sneasel\n|\n|upkeep\n|\n|t:|1698331467\n|switch|p2b: Makuhita|Makuhita, M, shiny|100\/100\n|switch|p1a: Venonat|Venonat, F|100\/100\n|turn|7\n|\n|t:|1698331474\n|move|p2b: Makuhita|Fake Out|p1a: Venonat\n|-damage|p1a: Venonat|92\/100\n|move|p1b: Arrokuda|Liquidation|p2b: Makuhita\n|-damage|p2b: Makuhita|36\/100\n|move|p2a: Bramblin|Strength Sap|p1b: Arrokuda\n|-unboost|p1b: Arrokuda|atk|1\n|cant|p1a: Venonat|flinch\n|\n|upkeep\n|turn|8\n|\n|t:|1698331489\n|switch|p2b: Foongus|Foongus, F, shiny|47\/100 par\n|move|p1b: Arrokuda|Liquidation|p2b: Foongus\n|-resisted|p2b: Foongus\n|-damage|p2b: Foongus|30\/100 par\n|move|p2a: Bramblin|Phantom Force||[still]\n|-prepare|p2a: Bramblin|Phantom Force\n|move|p1a: Venonat|Skill Swap|p2b: Foongus\n|-activate|p1a: Venonat|move: Skill Swap|Regenerator|Run Away|[of] p2b: Foongus\n|\n|upkeep\n|turn|9\n|\n|t:|1698331507\n|move|p1b: Arrokuda|Liquidation|p2b: Foongus\n|-resisted|p2b: Foongus\n|-damage|p2b: Foongus|12\/100 par\n|move|p2a: Bramblin|Phantom Force|p1b: Arrokuda|[from]lockedmove\n|-damage|p1b: Arrokuda|27\/100\n|move|p1a: Venonat|Lunge|p2b: Foongus\n|-damage|p2b: Foongus|0 fnt\n|faint|p2b: Foongus\n|\n|upkeep\n|\n|t:|1698331519\n|switch|p2b: Makuhita|Makuhita, M, shiny|36\/100\n|turn|10\n|j| uglyneo\n|\n|t:|1698331530\n|move|p2b: Makuhita|Fake Out|p1b: Arrokuda\n|-damage|p1b: Arrokuda|0 fnt\n|faint|p1b: Arrokuda\n|move|p2a: Bramblin|Shadow Sneak|p1a: Venonat\n|-damage|p1a: Venonat|80\/100\n|move|p1a: Venonat|Lunge|p2a: Bramblin\n|-damage|p2a: Bramblin|76\/100\n|-unboost|p2a: Bramblin|atk|1\n|\n|upkeep\n|turn|11\n|l| uglyneo\n|\n|t:|1698331544\n|switch|p2a: Floragato|Floragato, F|100\/100\n|move|p1a: Venonat|Poison Fang|p2b: Makuhita\n|-damage|p2b: Makuhita|21\/100\n|-status|p2b: Makuhita|tox\n|move|p2b: Makuhita|Rock Slide|p1a: Venonat\n|-supereffective|p1a: Venonat\n|-damage|p1a: Venonat|46\/100\n|\n|-damage|p2b: Makuhita|15\/100 tox|[from] psn\n|upkeep\n|turn|12\n|\n|t:|1698331562\n|move|p2a: Floragato|Sucker Punch|p1a: Venonat\n|-start|p2a: Floragato|typechange|Dark|[from] ability: Protean\n|-damage|p1a: Venonat|23\/100\n|move|p1a: Venonat|Lunge|p2a: Floragato\n|-supereffective|p2a: Floragato\n|-damage|p2a: Floragato|57\/100\n|-unboost|p2a: Floragato|atk|1\n|move|p2b: Makuhita|Rock Slide|p1a: Venonat\n|-supereffective|p1a: Venonat\n|-damage|p1a: Venonat|0 fnt\n|faint|p1a: Venonat\n|\n|win|Zwellish\n|n|\u2606Vonols|vonols\n|n|\u2606Zwellish|zwellish\n|n|*Lady Monita \u263d|ladymonita\n|n| Mega_Beedrill User|megabeedrilluser\n|n| Blonking|blonking\n|n| FrostArcanine19|frostarcanine19\n|n| Foosyyy|foosyyy\n","uploadtime":1698331563,"views":21,"p1id":"vonols","p2id":"zwellish","formatid":"gen9doublesou","rating":0,"private":0,"password":""}