{"id":"gen9doublesou-1973282817","p1":"DratiniKing10","p2":"KoboldEnthusiast","format":"[Gen 9] Doubles OU","log":"|j|\u2606DratiniKing10\n|j|\u2606KoboldEnthusiast\n|t:|1697948485\n|gametype|doubles\n|player|p1|DratiniKing10|lucas|1192\n|player|p2|KoboldEnthusiast|pokemaniac|1225\n|teamsize|p1|6\n|teamsize|p2|6\n|gen|9\n|tier|[Gen 9] Doubles OU\n|rated|\n|rule|Species Clause: Limit one of each Pok\u00e9mon\n|rule|OHKO Clause: OHKO moves are banned\n|rule|Evasion Moves Clause: Evasion moves are banned\n|rule|Gravity Sleep Clause: The combination of sleep-inducing moves with imperfect accuracy and Gravity or Gigantamax Orbeetle are banned\n|rule|Endless Battle Clause: Forcing endless battles is banned\n|rule|HP Percentage Mod: HP is shown in percentages\n|clearpoke\n|poke|p1|Ting-Lu|\n|poke|p1|Arcanine, M|\n|poke|p1|Kingambit, M|\n|poke|p1|Tornadus, M|\n|poke|p1|Sneasler, M|\n|poke|p1|Ogerpon-Wellspring, F|\n|poke|p2|Thundurus, M|\n|poke|p2|Iron Bundle|\n|poke|p2|Ninetales-Alola, F|\n|poke|p2|Chien-Pao|\n|poke|p2|Farigiraf, M|\n|poke|p2|Landorus-Therian, M|\n|teampreview\n|\n|t:|1697948499\n|start\n|switch|p1a: &IHaveAnAxe|Kingambit, M, shiny|100\/100\n|switch|p1b: Tavi|Sneasler, M|100\/100\n|switch|p2a: Iron Bundle|Iron Bundle|100\/100\n|switch|p2b: Ninetales|Ninetales-Alola, F|100\/100\n|-weather|Snow|[from] ability: Snow Warning|[of] p2b: Ninetales\n|-enditem|p2a: Iron Bundle|Booster Energy\n|-activate|p2a: Iron Bundle|ability: Quark Drive|[fromitem]\n|-start|p2a: Iron Bundle|quarkdrivespe\n|turn|1\n|\n|t:|1697948533\n|move|p1b: Tavi|Fake Out|p2b: Ninetales\n|-damage|p2b: Ninetales|88\/100\n|move|p2a: Iron Bundle|Blizzard|p1b: Tavi|[spread] p1a,p1b\n|-resisted|p1a: &IHaveAnAxe\n|-damage|p1a: &IHaveAnAxe|80\/100\n|-damage|p1b: Tavi|43\/100\n|cant|p2b: Ninetales|flinch\n|move|p1a: &IHaveAnAxe|Iron Head|p2b: Ninetales\n|-supereffective|p2b: Ninetales\n|-damage|p2b: Ninetales|0 fnt\n|faint|p2b: Ninetales\n|-damage|p1a: &IHaveAnAxe|70\/100|[from] item: Life Orb\n|\n|-weather|Snow|[upkeep]\n|upkeep\n|\n|t:|1697948544\n|switch|p2b: Chien-Pao|Chien-Pao|100\/100\n|-ability|p2b: Chien-Pao|Sword of Ruin\n|turn|2\n|\n|t:|1697948556\n|move|p1b: Tavi|Protect|p1b: Tavi\n|-singleturn|p1b: Tavi|Protect\n|move|p2a: Iron Bundle|Blizzard|p1a: &IHaveAnAxe|[spread] p1a\n|-activate|p1b: Tavi|move: Protect\n|-resisted|p1a: &IHaveAnAxe\n|-damage|p1a: &IHaveAnAxe|50\/100\n|move|p2b: Chien-Pao|Sacred Sword|p1a: &IHaveAnAxe\n|-supereffective|p1a: &IHaveAnAxe\n|-damage|p1a: &IHaveAnAxe|0 fnt\n|faint|p1a: &IHaveAnAxe\n|-damage|p2b: Chien-Pao|91\/100|[from] item: Life Orb\n|\n|-weather|Snow|[upkeep]\n|upkeep\n|\n|t:|1697948569\n|switch|p1a: Miles|Tornadus, M|100\/100\n|turn|3\n|\n|t:|1697948582\n|move|p1a: Miles|Rain Dance|p1a: Miles\n|-weather|RainDance\n|move|p2a: Iron Bundle|Blizzard|p1a: Miles|[spread] p1a,p1b\n|-supereffective|p1a: Miles\n|-damage|p1a: Miles|20\/100\n|-damage|p1b: Tavi|0 fnt\n|-enditem|p1a: Miles|Sitrus Berry|[eat]\n|-heal|p1a: Miles|45\/100|[from] item: Sitrus Berry\n|faint|p1b: Tavi\n|move|p2b: Chien-Pao|Ice Spinner|p1a: Miles\n|-supereffective|p1a: Miles\n|-damage|p1a: Miles|0 fnt\n|faint|p1a: Miles\n|-damage|p2b: Chien-Pao|81\/100|[from] item: Life Orb\n|\n|-weather|RainDance|[upkeep]\n|upkeep\n|\n|t:|1697948595\n|switch|p1b: MooseCraft|Ting-Lu|100\/100\n|switch|p1a: Julica|Ogerpon-Wellspring, F|100\/100\n|-ability|p1b: MooseCraft|Vessel of Ruin\n|turn|4\n|\n|t:|1697948612\n|-terastallize|p2a: Iron Bundle|Ice\n|move|p2a: Iron Bundle|Blizzard|p1a: Julica|[spread] p1a,p1b\n|-supereffective|p1b: MooseCraft\n|-damage|p1a: Julica|56\/100\n|-damage|p1b: MooseCraft|47\/100\n|move|p2b: Chien-Pao|Ice Spinner|p1a: Julica\n|-damage|p1a: Julica|0 fnt\n|faint|p1a: Julica\n|-damage|p2b: Chien-Pao|71\/100|[from] item: Life Orb\n|move|p1b: MooseCraft|Heavy Slam|p2b: Chien-Pao\n|-supereffective|p2b: Chien-Pao\n|-damage|p2b: Chien-Pao|0 fnt\n|faint|p2b: Chien-Pao\n|\n|-weather|RainDance|[upkeep]\n|-heal|p1b: MooseCraft|53\/100|[from] item: Leftovers\n|upkeep\n|\n|t:|1697948626\n|switch|p2b: Thundurus|Thundurus, M|100\/100\n|switch|p1a: Zach|Arcanine, M, shiny|100\/100\n|-ability|p1a: Zach|Intimidate|boost\n|-unboost|p2a: Iron Bundle|atk|1\n|-unboost|p2b: Thundurus|atk|1\n|turn|5\n|\n|t:|1697948645\n|move|p2a: Iron Bundle|Blizzard|p1b: MooseCraft|[spread] p1a\n|-miss|p2a: Iron Bundle|p1b: MooseCraft\n|-resisted|p1a: Zach\n|-crit|p1a: Zach\n|-damage|p1a: Zach|66\/100\n|move|p2b: Thundurus|Dark Pulse|p1a: Zach\n|-damage|p1a: Zach|31\/100\n|move|p1a: Zach|Flare Blitz|p2a: Iron Bundle\n|-supereffective|p2a: Iron Bundle\n|-damage|p2a: Iron Bundle|48\/100\n|-damage|p1a: Zach|19\/100|[from] Recoil\n|-enditem|p1a: Zach|Figy Berry|[eat]\n|-heal|p1a: Zach|53\/100|[from] item: Figy Berry\n|move|p1b: MooseCraft|Rock Slide|p2a: Iron Bundle|[spread] p2a,p2b\n|-supereffective|p2a: Iron Bundle\n|-supereffective|p2b: Thundurus\n|-damage|p2a: Iron Bundle|14\/100\n|-damage|p2b: Thundurus|60\/100\n|\n|-weather|RainDance|[upkeep]\n|-heal|p1b: MooseCraft|60\/100|[from] item: Leftovers\n|upkeep\n|turn|6\n|\n|t:|1697948671\n|move|p1a: Zach|Extreme Speed|p2a: Iron Bundle\n|-damage|p2a: Iron Bundle|0 fnt\n|faint|p2a: Iron Bundle\n|-end|p2a: Iron Bundle|Quark Drive|[silent]\n|move|p2b: Thundurus|Dark Pulse|p1a: Zach\n|-crit|p1a: Zach\n|-damage|p1a: Zach|2\/100\n|move|p1b: MooseCraft|Rock Slide|p2b: Thundurus\n|-supereffective|p2b: Thundurus\n|-damage|p2b: Thundurus|6\/100\n|\n|-weather|RainDance|[upkeep]\n|-heal|p1b: MooseCraft|66\/100|[from] item: Leftovers\n|upkeep\n|\n|t:|1697948692\n|switch|p2a: Landorus|Landorus-Therian, M|100\/100\n|-ability|p2a: Landorus|Intimidate|boost\n|-unboost|p1a: Zach|atk|1\n|-unboost|p1b: MooseCraft|atk|1\n|turn|7\n|\n|t:|1697948705\n|move|p1a: Zach|Extreme Speed|p2b: Thundurus\n|-damage|p2b: Thundurus|0 fnt\n|faint|p2b: Thundurus\n|move|p2a: Landorus|Earthquake|p1b: MooseCraft|[spread] p1a,p1b\n|-supereffective|p1a: Zach\n|-damage|p1a: Zach|0 fnt\n|-damage|p1b: MooseCraft|34\/100\n|faint|p1a: Zach\n|move|p1b: MooseCraft|Ruination|p2a: Landorus\n|-damage|p2a: Landorus|51\/100\n|\n|-weather|none\n|-heal|p1b: MooseCraft|40\/100|[from] item: Leftovers\n|upkeep\n|\n|t:|1697948711\n|switch|p2b: Farigiraf|Farigiraf, M, shiny|100\/100\n|turn|8\n|\n|t:|1697948718\n|move|p1b: MooseCraft|Protect|p1b: MooseCraft\n|-singleturn|p1b: MooseCraft|Protect\n|move|p2a: Landorus|Earthquake|p1b: MooseCraft|[spread] p2b\n|-activate|p1b: MooseCraft|move: Protect\n|-crit|p2b: Farigiraf\n|-damage|p2b: Farigiraf|3\/100\n|move|p2b: Farigiraf|Dazzling Gleam|p1b: MooseCraft\n|-activate|p1b: MooseCraft|move: Protect\n|\n|-heal|p2b: Farigiraf|9\/100|[from] item: Leftovers\n|-heal|p1b: MooseCraft|47\/100|[from] item: Leftovers\n|upkeep\n|turn|9\n|c|\u2606KoboldEnthusiast|ggs?\n|\n|t:|1697948732\n|move|p2a: Landorus|Earthquake|p1b: MooseCraft|[spread] p2b,p1b\n|-damage|p2b: Farigiraf|0 fnt\n|-damage|p1b: MooseCraft|18\/100\n|faint|p2b: Farigiraf\n|move|p1b: MooseCraft|Ruination|p2a: Landorus\n|-damage|p2a: Landorus|26\/100\n|\n|-heal|p1b: MooseCraft|24\/100|[from] item: Leftovers\n|upkeep\n|turn|10\n|c|\u2606KoboldEnthusiast|maybe?\n|\n|t:|1697948740\n|move|p1b: MooseCraft|Protect|p1b: MooseCraft\n|-singleturn|p1b: MooseCraft|Protect\n|move|p2a: Landorus|Earthquake|p1b: MooseCraft\n|-activate|p1b: MooseCraft|move: Protect\n|\n|-heal|p1b: MooseCraft|30\/100|[from] item: Leftovers\n|upkeep\n|turn|11\n|\n|t:|1697948751\n|move|p2a: Landorus|Earthquake|p1b: MooseCraft\n|-damage|p1b: MooseCraft|0 fnt\n|faint|p1b: MooseCraft\n|\n|win|KoboldEnthusiast\n|raw|DratiniKing10's rating: 1192 &rarr; <strong>1169<\/strong><br \/>(-23 for losing)\n|raw|KoboldEnthusiast's rating: 1225 &rarr; <strong>1248<\/strong><br \/>(+23 for winning)\n|c|\u2606DratiniKing10|gg\n|c|\u2606KoboldEnthusiast|ggs\n|l|\u2606KoboldEnthusiast\n|c|\u2606DratiniKing10|very close\n","uploadtime":1697948763,"views":17,"p1id":"dratiniking10","p2id":"koboldenthusiast","formatid":"gen9doublesou","rating":1169,"private":0,"password":""}