{"id":"gen9doublesou-1985277539","p1":"PegsMachina5108","p2":"xMachina5108","format":"[Gen 9] Doubles OU","log":"|j|\u2606PegsMachina5108\n|j|\u2606xMachina5108\n|t:|1699359086\n|gametype|doubles\n|player|p1|PegsMachina5108|guitarist|\n|player|p2|xMachina5108|169|\n|teamsize|p1|6\n|teamsize|p2|6\n|gen|9\n|tier|[Gen 9] Doubles OU\n|rule|Species Clause: Limit one of each Pok\u00e9mon\n|rule|OHKO Clause: OHKO moves are banned\n|rule|Evasion Moves Clause: Evasion moves are banned\n|rule|Gravity Sleep Clause: The combination of sleep-inducing moves with imperfect accuracy and Gravity or Gigantamax Orbeetle are banned\n|rule|Endless Battle Clause: Forcing endless battles is banned\n|rule|HP Percentage Mod: HP is shown in percentages\n|clearpoke\n|poke|p1|Gengar, M|\n|poke|p1|Grimmsnarl, M|\n|poke|p1|Polteageist|\n|poke|p1|Diancie|\n|poke|p1|Banette, M|\n|poke|p1|Iron Hands|\n|poke|p2|Tinkaton, F|\n|poke|p2|Tornadus, M|\n|poke|p2|Grimmsnarl, M|\n|poke|p2|Gallade, M|\n|poke|p2|Politoed, M|\n|poke|p2|Ursaluna, M|\n|teampreview\n|\n|t:|1699359108\n|start\n|switch|p1a: Diancie|Diancie|100\/100\n|switch|p1b: Grimmsnarl|Grimmsnarl, M|100\/100\n|switch|p2a: Tinkaton|Tinkaton, F|100\/100\n|switch|p2b: Tornadus|Tornadus, M|100\/100\n|-ability|p2a: Tinkaton|Mold Breaker\n|turn|1\n|\n|t:|1699359132\n|move|p2b: Tornadus|Metronome|p2b: Tornadus\n|move|p2b: Tornadus|Rock Blast|p1b: Grimmsnarl|[from]move: Metronome\n|-damage|p1b: Grimmsnarl|92\/100\n|-damage|p1b: Grimmsnarl|82\/100\n|-damage|p1b: Grimmsnarl|73\/100\n|-hitcount|p1b: Grimmsnarl|3\n|move|p2a: Tinkaton|Metronome|p2a: Tinkaton\n|move|p2a: Tinkaton|Swallow||[from]move: Metronome|[still]\n|-fail|p2a: Tinkaton\n|move|p1b: Grimmsnarl|Metronome|p1b: Grimmsnarl\n|move|p1b: Grimmsnarl|Lock-On|p2b: Tornadus|[from]move: Metronome\n|-activate|p1b: Grimmsnarl|move: Lock-On|[of] p2b: Tornadus\n|move|p1a: Diancie|Metronome|p1a: Diancie\n|move|p1a: Diancie|Scale Shot|p2b: Tornadus|[from]move: Metronome\n|-damage|p2b: Tornadus|92\/100\n|-damage|p2b: Tornadus|83\/100\n|-hitcount|p2b: Tornadus|2\n|-unboost|p1a: Diancie|def|1\n|-boost|p1a: Diancie|spe|1\n|\n|-heal|p2b: Tornadus|89\/100|[from] item: Leftovers\n|upkeep\n|turn|2\n|\n|t:|1699359155\n|move|p2b: Tornadus|Metronome|p2b: Tornadus\n|move|p2b: Tornadus|Ivy Cudgel|p1b: Grimmsnarl|[from]move: Metronome\n|-damage|p1b: Grimmsnarl|36\/100\n|move|p2a: Tinkaton|Metronome|p2a: Tinkaton\n|move|p2a: Tinkaton|Torch Song|p1a: Diancie|[from]move: Metronome\n|-resisted|p1a: Diancie\n|-damage|p1a: Diancie|94\/100\n|-boost|p2a: Tinkaton|spa|1\n|move|p1a: Diancie|Metronome|p1a: Diancie\n|move|p1a: Diancie|Aqua Ring|p1a: Diancie|[from]move: Metronome\n|-start|p1a: Diancie|Aqua Ring\n|move|p1b: Grimmsnarl|Metronome|p1b: Grimmsnarl\n|move|p1b: Grimmsnarl|Curse|p1b: Grimmsnarl|[from]move: Metronome\n|-unboost|p1b: Grimmsnarl|spe|1\n|-boost|p1b: Grimmsnarl|atk|1\n|-boost|p1b: Grimmsnarl|def|1\n|\n|-heal|p2b: Tornadus|95\/100|[from] item: Leftovers\n|-heal|p1a: Diancie|99\/100|[from] item: Leftovers\n|-heal|p1a: Diancie|100\/100|[from] Aqua Ring\n|upkeep\n|turn|3\n|\n|t:|1699359176\n|move|p2b: Tornadus|Metronome|p2b: Tornadus\n|move|p2b: Tornadus|Synthesis|p2b: Tornadus|[from]move: Metronome\n|-heal|p2b: Tornadus|100\/100\n|move|p2a: Tinkaton|Metronome|p2a: Tinkaton\n|move|p2a: Tinkaton|Discharge|p1b: Grimmsnarl|[from]move: Metronome|[spread] p2b,p1a,p1b\n|-supereffective|p2b: Tornadus\n|-damage|p2b: Tornadus|56\/100\n|-damage|p1a: Diancie|86\/100\n|-damage|p1b: Grimmsnarl|17\/100\n|-status|p2b: Tornadus|par\n|-status|p1a: Diancie|par\n|move|p1b: Grimmsnarl|Metronome|p1b: Grimmsnarl\n|move|p1b: Grimmsnarl|Drill Peck|p2a: Tinkaton|[from]move: Metronome\n|-resisted|p2a: Tinkaton\n|-damage|p2a: Tinkaton|79\/100\n|move|p1a: Diancie|Metronome|p1a: Diancie\n|move|p1a: Diancie|Roar|p2b: Tornadus|[from]move: Metronome\n|drag|p2b: Grimmsnarl|Grimmsnarl, M|100\/100\n|\n|-heal|p2a: Tinkaton|85\/100|[from] item: Leftovers\n|-heal|p1a: Diancie|93\/100 par|[from] item: Leftovers\n|-heal|p1a: Diancie|99\/100 par|[from] Aqua Ring\n|upkeep\n|turn|4\n|\n|t:|1699359198\n|move|p2b: Grimmsnarl|Metronome|p2b: Grimmsnarl\n|move|p2b: Grimmsnarl|Fake Out|p1a: Diancie|[from]move: Metronome\n|-resisted|p1a: Diancie\n|-damage|p1a: Diancie|91\/100 par\n|move|p2a: Tinkaton|Metronome|p2a: Tinkaton\n|move|p2a: Tinkaton|Overheat|p1b: Grimmsnarl|[from]move: Metronome\n|-damage|p1b: Grimmsnarl|0 fnt\n|-unboost|p2a: Tinkaton|spa|2\n|faint|p1b: Grimmsnarl\n|cant|p1a: Diancie|flinch\n|\n|-heal|p2a: Tinkaton|91\/100|[from] item: Leftovers\n|-heal|p1a: Diancie|97\/100 par|[from] item: Leftovers\n|-heal|p1a: Diancie|100\/100 par|[from] Aqua Ring\n|upkeep\n|\n|t:|1699359213\n|switch|p1b: Iron Hands|Iron Hands|100\/100\n|-enditem|p1b: Iron Hands|Booster Energy\n|-activate|p1b: Iron Hands|ability: Quark Drive|[fromitem]\n|-start|p1b: Iron Hands|quarkdriveatk\n|turn|5\n|\n|t:|1699359219\n|move|p2b: Grimmsnarl|Metronome|p2b: Grimmsnarl\n|move|p2b: Grimmsnarl|Ice Beam|p1b: Iron Hands|[from]move: Metronome\n|-damage|p1b: Iron Hands|80\/100\n|-status|p1b: Iron Hands|frz\n|move|p2a: Tinkaton|Metronome|p2a: Tinkaton\n|move|p2a: Tinkaton|Headbutt|p1b: Iron Hands|[from]move: Metronome\n|-damage|p1b: Iron Hands|71\/100 frz\n|-curestatus|p1b: Iron Hands|frz|[msg]\n|move|p1b: Iron Hands|Metronome|p1b: Iron Hands\n|move|p1b: Iron Hands|Psychic Terrain|p1b: Iron Hands|[from]move: Metronome\n|-fieldstart|move: Psychic Terrain\n|move|p1a: Diancie|Metronome|p1a: Diancie\n|move|p1a: Diancie|Avalanche|p2b: Grimmsnarl|[from]move: Metronome\n|-damage|p2b: Grimmsnarl|81\/100\n|\n|-heal|p2a: Tinkaton|97\/100|[from] item: Leftovers\n|-heal|p2b: Grimmsnarl|88\/100|[from] item: Leftovers\n|upkeep\n|turn|6\n|\n|t:|1699359249\n|move|p2b: Grimmsnarl|Metronome|p2b: Grimmsnarl\n|move|p2b: Grimmsnarl|Aerial Ace|p1b: Iron Hands|[from]move: Metronome\n|-activate|p1b: Iron Hands|move: Psychic Terrain\n|move|p2a: Tinkaton|Metronome|p2a: Tinkaton\n|move|p2a: Tinkaton|Bitter Blade|p1b: Iron Hands|[from]move: Metronome\n|-damage|p1b: Iron Hands|59\/100\n|-heal|p2a: Tinkaton|100\/100|[from] drain|[of] p1b: Iron Hands\n|move|p1b: Iron Hands|Metronome|p1b: Iron Hands\n|move|p1b: Iron Hands|Lash Out|p2a: Tinkaton|[from]move: Metronome\n|-resisted|p2a: Tinkaton\n|-damage|p2a: Tinkaton|79\/100\n|move|p1a: Diancie|Metronome|p1a: Diancie\n|move|p1a: Diancie|Blast Burn|p2a: Tinkaton|[from]move: Metronome\n|-supereffective|p2a: Tinkaton\n|-damage|p2a: Tinkaton|12\/100\n|-mustrecharge|p1a: Diancie\n|\n|-heal|p2a: Tinkaton|19\/100|[from] item: Leftovers\n|-heal|p2b: Grimmsnarl|94\/100|[from] item: Leftovers\n|upkeep\n|turn|7\n|\n|t:|1699359267\n|move|p2b: Grimmsnarl|Metronome|p2b: Grimmsnarl\n|move|p2b: Grimmsnarl|Burning Jealousy|p1a: Diancie|[from]move: Metronome|[spread] \n|-activate|p1a: Diancie|move: Psychic Terrain\n|-activate|p1b: Iron Hands|move: Psychic Terrain\n|move|p2a: Tinkaton|Metronome|p2a: Tinkaton\n|move|p2a: Tinkaton|Confusion|p1b: Iron Hands|[from]move: Metronome\n|-supereffective|p1b: Iron Hands\n|-damage|p1b: Iron Hands|44\/100\n|move|p1b: Iron Hands|Metronome|p1b: Iron Hands\n|move|p1b: Iron Hands|Mud Shot|p2b: Grimmsnarl|[from]move: Metronome\n|-damage|p2b: Grimmsnarl|84\/100\n|-unboost|p2b: Grimmsnarl|spe|1\n|cant|p1a: Diancie|recharge\n|\n|-heal|p2a: Tinkaton|25\/100|[from] item: Leftovers\n|-heal|p2b: Grimmsnarl|90\/100|[from] item: Leftovers\n|upkeep\n|turn|8\n|\n|t:|1699359283\n|move|p2b: Grimmsnarl|Metronome|p2b: Grimmsnarl\n|move|p2b: Grimmsnarl|Mega Kick|p1a: Diancie|[from]move: Metronome\n|-activate|p1a: Diancie|move: Psychic Terrain\n|move|p2a: Tinkaton|Metronome|p2a: Tinkaton\n|move|p2a: Tinkaton|Drain Punch|p1b: Iron Hands|[from]move: Metronome\n|-damage|p1b: Iron Hands|33\/100\n|-heal|p2a: Tinkaton|32\/100|[from] drain|[of] p1b: Iron Hands\n|move|p1b: Iron Hands|Metronome|p1b: Iron Hands\n|move|p1b: Iron Hands|Endeavor|p2b: Grimmsnarl|[from]move: Metronome\n|-damage|p2b: Grimmsnarl|45\/100\n|move|p1a: Diancie|Metronome|p1a: Diancie\n|move|p1a: Diancie|Play Rough|p2a: Tinkaton|[from]move: Metronome\n|-resisted|p2a: Tinkaton\n|-damage|p2a: Tinkaton|11\/100\n|\n|-heal|p2a: Tinkaton|17\/100|[from] item: Leftovers\n|-heal|p2b: Grimmsnarl|51\/100|[from] item: Leftovers\n|upkeep\n|turn|9\n|\n|t:|1699359301\n|move|p2b: Grimmsnarl|Metronome|p2b: Grimmsnarl\n|move|p2b: Grimmsnarl|Magma Storm|p1b: Iron Hands|[from]move: Metronome\n|-activate|p1b: Iron Hands|move: Psychic Terrain\n|move|p2a: Tinkaton|Metronome|p2a: Tinkaton\n|move|p2a: Tinkaton|Take Heart|p2a: Tinkaton|[from]move: Metronome\n|-boost|p2a: Tinkaton|spa|1\n|-boost|p2a: Tinkaton|spd|1\n|move|p1b: Iron Hands|Metronome|p1b: Iron Hands\n|move|p1b: Iron Hands|Attack Order|p2a: Tinkaton|[from]move: Metronome\n|-resisted|p2a: Tinkaton\n|-damage|p2a: Tinkaton|6\/100\n|cant|p1a: Diancie|par\n|\n|-heal|p2a: Tinkaton|12\/100|[from] item: Leftovers\n|-heal|p2b: Grimmsnarl|57\/100|[from] item: Leftovers\n|-fieldend|move: Psychic Terrain\n|upkeep\n|turn|10\n|\n|t:|1699359316\n|move|p2b: Grimmsnarl|Metronome|p2b: Grimmsnarl\n|move|p2b: Grimmsnarl|Ice Spinner|p1a: Diancie|[from]move: Metronome\n|-damage|p1a: Diancie|68\/100 par\n|move|p2a: Tinkaton|Metronome|p2a: Tinkaton\n|move|p2a: Tinkaton|Electro Ball|p1a: Diancie|[from]move: Metronome\n|-damage|p1a: Diancie|54\/100 par\n|move|p1b: Iron Hands|Metronome|p1b: Iron Hands\n|move|p1b: Iron Hands|Sweet Kiss|p2b: Grimmsnarl|[from]move: Metronome|[miss]\n|-miss|p1b: Iron Hands|p2b: Grimmsnarl\n|move|p1a: Diancie|Metronome|p1a: Diancie\n|move|p1a: Diancie|Thunder Punch|p2b: Grimmsnarl|[from]move: Metronome\n|-damage|p2b: Grimmsnarl|33\/100\n|\n|-heal|p2a: Tinkaton|18\/100|[from] item: Leftovers\n|-heal|p2b: Grimmsnarl|39\/100|[from] item: Leftovers\n|-heal|p1a: Diancie|61\/100 par|[from] item: Leftovers\n|-heal|p1a: Diancie|67\/100 par|[from] Aqua Ring\n|upkeep\n|turn|11\n|\n|t:|1699359338\n|move|p2b: Grimmsnarl|Metronome|p2b: Grimmsnarl\n|move|p2b: Grimmsnarl|Tailwind|p2b: Grimmsnarl|[from]move: Metronome\n|-sidestart|p2: xMachina5108|move: Tailwind\n|move|p2a: Tinkaton|Metronome|p2a: Tinkaton\n|move|p2a: Tinkaton|Flame Charge|p1b: Iron Hands|[from]move: Metronome\n|-damage|p1b: Iron Hands|27\/100\n|-boost|p2a: Tinkaton|spe|1\n|move|p1b: Iron Hands|Metronome|p1b: Iron Hands\n|move|p1b: Iron Hands|Hyper Voice|p2a: Tinkaton|[from]move: Metronome|[spread] p2a,p2b\n|-resisted|p2a: Tinkaton\n|-damage|p2a: Tinkaton|15\/100\n|-damage|p2b: Grimmsnarl|27\/100\n|cant|p1a: Diancie|par\n|\n|-heal|p2a: Tinkaton|21\/100|[from] item: Leftovers\n|-heal|p2b: Grimmsnarl|33\/100|[from] item: Leftovers\n|-heal|p1a: Diancie|73\/100 par|[from] item: Leftovers\n|-heal|p1a: Diancie|79\/100 par|[from] Aqua Ring\n|upkeep\n|turn|12\n|\n|t:|1699359360\n|move|p2b: Grimmsnarl|Metronome|p2b: Grimmsnarl\n|move|p2b: Grimmsnarl|Bounce||[from]move: Metronome|[still]\n|-prepare|p2b: Grimmsnarl|Bounce\n|move|p2a: Tinkaton|Metronome|p2a: Tinkaton\n|move|p2a: Tinkaton|Echoed Voice|p1a: Diancie|[from]move: Metronome\n|-resisted|p1a: Diancie\n|-damage|p1a: Diancie|76\/100 par\n|move|p1b: Iron Hands|Metronome|p1b: Iron Hands\n|move|p1b: Iron Hands|Pollen Puff|p2b: Grimmsnarl|[from]move: Metronome|[miss]\n|-miss|p1b: Iron Hands|p2b: Grimmsnarl\n|move|p1a: Diancie|Metronome|p1a: Diancie\n|move|p1a: Diancie|Worry Seed|p2a: Tinkaton|[from]move: Metronome\n|-endability|p2a: Tinkaton|Mold Breaker|[from] move: Worry Seed\n|-ability|p2a: Tinkaton|Insomnia|[from] move: Worry Seed\n|\n|-heal|p2a: Tinkaton|28\/100|[from] item: Leftovers\n|-heal|p2b: Grimmsnarl|39\/100|[from] item: Leftovers\n|-heal|p1a: Diancie|82\/100 par|[from] item: Leftovers\n|-heal|p1a: Diancie|88\/100 par|[from] Aqua Ring\n|upkeep\n|turn|13\n|\n|t:|1699359384\n|move|p2a: Tinkaton|Metronome|p2a: Tinkaton\n|move|p2a: Tinkaton|Coil|p2a: Tinkaton|[from]move: Metronome\n|-boost|p2a: Tinkaton|atk|1\n|-boost|p2a: Tinkaton|def|1\n|-boost|p2a: Tinkaton|accuracy|1\n|move|p2b: Grimmsnarl|Bounce|p1b: Iron Hands|[from]lockedmove\n|-damage|p1b: Iron Hands|10\/100\n|move|p1b: Iron Hands|Metronome|p1b: Iron Hands\n|move|p1b: Iron Hands|Fury Swipes|p2a: Tinkaton|[from]move: Metronome\n|-resisted|p2a: Tinkaton\n|-damage|p2a: Tinkaton|24\/100\n|-resisted|p2a: Tinkaton\n|-damage|p2a: Tinkaton|21\/100\n|-resisted|p2a: Tinkaton\n|-damage|p2a: Tinkaton|17\/100\n|-hitcount|p2a: Tinkaton|3\n|move|p1a: Diancie|Metronome|p1a: Diancie\n|move|p1a: Diancie|Avalanche|p2a: Tinkaton|[from]move: Metronome\n|-resisted|p2a: Tinkaton\n|-damage|p2a: Tinkaton|11\/100\n|\n|-heal|p2a: Tinkaton|17\/100|[from] item: Leftovers\n|-heal|p2b: Grimmsnarl|46\/100|[from] item: Leftovers\n|-heal|p1a: Diancie|95\/100 par|[from] item: Leftovers\n|-heal|p1a: Diancie|100\/100 par|[from] Aqua Ring\n|upkeep\n|turn|14\n|\n|t:|1699359426\n|move|p2b: Grimmsnarl|Metronome|p2b: Grimmsnarl\n|move|p2b: Grimmsnarl|Morning Sun|p2b: Grimmsnarl|[from]move: Metronome\n|-heal|p2b: Grimmsnarl|95\/100\n|move|p2a: Tinkaton|Metronome|p2a: Tinkaton\n|move|p2a: Tinkaton|Darkest Lariat|p1b: Iron Hands|[from]move: Metronome\n|-resisted|p1b: Iron Hands\n|-damage|p1b: Iron Hands|1\/100\n|move|p1b: Iron Hands|Metronome|p1b: Iron Hands\n|move|p1b: Iron Hands|Dream Eater|p2b: Grimmsnarl|[from]move: Metronome\n|-immune|p2b: Grimmsnarl\n|move|p1a: Diancie|Metronome|p1a: Diancie\n|move|p1a: Diancie|Psycho Cut|p2a: Tinkaton|[from]move: Metronome\n|-resisted|p2a: Tinkaton\n|-crit|p2a: Tinkaton\n|-damage|p2a: Tinkaton|0 fnt\n|faint|p2a: Tinkaton\n|\n|-heal|p2b: Grimmsnarl|100\/100|[from] item: Leftovers\n|-sideend|p2: xMachina5108|move: Tailwind\n|upkeep\n|\n|t:|1699359444\n|switch|p2a: Gallade|Gallade, M|100\/100\n|turn|15\n|\n|t:|1699359449\n|move|p2b: Grimmsnarl|Metronome|p2b: Grimmsnarl\n|move|p2b: Grimmsnarl|Trick Room|p2b: Grimmsnarl|[from]move: Metronome\n|-fieldstart|move: Trick Room|[of] p2b: Grimmsnarl\n|move|p1a: Diancie|Metronome|p1a: Diancie\n|move|p1a: Diancie|Scald|p2a: Gallade|[from]move: Metronome\n|-damage|p2a: Gallade|81\/100\n|move|p1b: Iron Hands|Metronome|p1b: Iron Hands\n|move|p1b: Iron Hands|Sludge|p2a: Gallade|[from]move: Metronome\n|-damage|p2a: Gallade|72\/100\n|-status|p2a: Gallade|psn\n|move|p2a: Gallade|Metronome|p2a: Gallade\n|move|p2a: Gallade|Iron Tail|p1a: Diancie|[from]move: Metronome|[miss]\n|-miss|p2a: Gallade|p1a: Diancie\n|\n|-heal|p2a: Gallade|78\/100 psn|[from] item: Leftovers\n|-damage|p2a: Gallade|66\/100 psn|[from] psn\n|upkeep\n|turn|16\n|\n|t:|1699359465\n|move|p2b: Grimmsnarl|Metronome|p2b: Grimmsnarl\n|move|p2b: Grimmsnarl|Speed Swap|p1b: Iron Hands|[from]move: Metronome\n|-activate|p2b: Grimmsnarl|move: Speed Swap|[of] p1b: Iron Hands\n|move|p1a: Diancie|Metronome|p1a: Diancie\n|move|p1a: Diancie|Triple Axel|p2b: Grimmsnarl|[from]move: Metronome|[miss]\n|-miss|p1a: Diancie|p2b: Grimmsnarl\n|move|p1b: Iron Hands|Metronome|p1b: Iron Hands\n|move|p1b: Iron Hands|Fire Blast|p2a: Gallade|[from]move: Metronome|[miss]\n|-miss|p1b: Iron Hands|p2a: Gallade\n|move|p2a: Gallade|Metronome|p2a: Gallade\n|move|p2a: Gallade|Howl|p2a: Gallade|[from]move: Metronome|[spread] p2a,p2b\n|-boost|p2a: Gallade|atk|1\n|-boost|p2b: Grimmsnarl|atk|1\n|\n|-heal|p2a: Gallade|72\/100 psn|[from] item: Leftovers\n|-damage|p2a: Gallade|60\/100 psn|[from] psn\n|upkeep\n|turn|17\n|\n|t:|1699359488\n|move|p2b: Grimmsnarl|Metronome|p2b: Grimmsnarl\n|move|p2b: Grimmsnarl|Icicle Spear|p1b: Iron Hands|[from]move: Metronome\n|-damage|p1b: Iron Hands|0 fnt\n|faint|p1b: Iron Hands\n|-end|p1b: Iron Hands|Quark Drive|[silent]\n|-hitcount|p1: Iron Hands|1\n|move|p1a: Diancie|Metronome|p1a: Diancie\n|move|p1a: Diancie|Smog|p2b: Grimmsnarl|[from]move: Metronome\n|-supereffective|p2b: Grimmsnarl\n|-damage|p2b: Grimmsnarl|82\/100\n|move|p2a: Gallade|Metronome|p2a: Gallade\n|move|p2a: Gallade|Swords Dance|p2a: Gallade|[from]move: Metronome\n|-boost|p2a: Gallade|atk|2\n|\n|-heal|p2b: Grimmsnarl|88\/100|[from] item: Leftovers\n|-heal|p2a: Gallade|66\/100 psn|[from] item: Leftovers\n|-damage|p2a: Gallade|54\/100 psn|[from] psn\n|upkeep\n|\n|t:|1699359503\n|switch|p1b: Gengar|Gengar, M|100\/100\n|turn|18\n|\n|t:|1699359507\n|move|p2b: Grimmsnarl|Metronome|p2b: Grimmsnarl\n|move|p2b: Grimmsnarl|Psyshock|p1a: Diancie|[from]move: Metronome\n|-damage|p1a: Diancie|76\/100 par\n|move|p1a: Diancie|Metronome|p1a: Diancie\n|move|p1a: Diancie|Flame Wheel|p2b: Grimmsnarl|[from]move: Metronome\n|-damage|p2b: Grimmsnarl|66\/100\n|move|p2a: Gallade|Metronome|p2a: Gallade\n|move|p2a: Gallade|Agility|p2a: Gallade|[from]move: Metronome\n|-boost|p2a: Gallade|spe|2\n|move|p1b: Gengar|Metronome|p1b: Gengar\n|move|p1b: Gengar|Shore Up|p1b: Gengar|[from]move: Metronome\n|-fail|p1b: Gengar|heal\n|\n|-heal|p2b: Grimmsnarl|72\/100|[from] item: Leftovers\n|-heal|p1a: Diancie|83\/100 par|[from] item: Leftovers\n|-heal|p2a: Gallade|60\/100 psn|[from] item: Leftovers\n|-heal|p1a: Diancie|89\/100 par|[from] Aqua Ring\n|-damage|p2a: Gallade|47\/100 psn|[from] psn\n|upkeep\n|turn|19\n|\n|t:|1699359526\n|move|p2b: Grimmsnarl|Metronome|p2b: Grimmsnarl\n|move|p2b: Grimmsnarl|Spite|p1b: Gengar|[from]move: Metronome\n|-activate|p1b: Gengar|move: Spite|Metronome|4\n|move|p1a: Diancie|Metronome|p1a: Diancie\n|move|p1a: Diancie|Vise Grip|p2b: Grimmsnarl|[from]move: Metronome\n|-damage|p2b: Grimmsnarl|55\/100\n|move|p1b: Gengar|Metronome|p1b: Gengar\n|move|p1b: Gengar|Psychic Fangs|p2a: Gallade|[from]move: Metronome\n|-damage|p2a: Gallade|24\/100 psn\n|move|p2a: Gallade|Metronome|p2a: Gallade\n|move|p2a: Gallade|Water Shuriken|p1b: Gengar|[from]move: Metronome\n|-damage|p1b: Gengar|96\/100\n|-damage|p1b: Gengar|92\/100\n|-hitcount|p1b: Gengar|2\n|\n|-heal|p2b: Grimmsnarl|61\/100|[from] item: Leftovers\n|-heal|p1a: Diancie|95\/100 par|[from] item: Leftovers\n|-heal|p1b: Gengar|98\/100|[from] item: Leftovers\n|-heal|p2a: Gallade|30\/100 psn|[from] item: Leftovers\n|-heal|p1a: Diancie|100\/100 par|[from] Aqua Ring\n|-damage|p2a: Gallade|18\/100 psn|[from] psn\n|-fieldend|move: Trick Room\n|upkeep\n|turn|20\n|\n|t:|1699359550\n|move|p2b: Grimmsnarl|Metronome|p2b: Grimmsnarl\n|move|p2b: Grimmsnarl|Teatime||[from]move: Metronome|[still]\n|-fieldactivate|move: Teatime\n|-fail|p2b: Grimmsnarl|move: Teatime\n|move|p2a: Gallade|Metronome|p2a: Gallade\n|move|p2a: Gallade|Heart Swap|p1a: Diancie|[from]move: Metronome\n|-swapboost|p2a: Gallade|p1a: Diancie|[from] move: Heart Swap\n|move|p1b: Gengar|Metronome|p1b: Gengar\n|move|p1b: Gengar|Flying Press|p2a: Gallade|[from]move: Metronome\n|-damage|p2a: Gallade|0 fnt\n|faint|p2a: Gallade\n|move|p1a: Diancie|Metronome|p1a: Diancie\n|move|p1a: Diancie|Synthesis|p1a: Diancie|[from]move: Metronome\n|-fail|p1a: Diancie|heal\n|\n|-heal|p1b: Gengar|100\/100|[from] item: Leftovers\n|-heal|p2b: Grimmsnarl|67\/100|[from] item: Leftovers\n|upkeep\n|\n|t:|1699359568\n|switch|p2a: Politoed|Politoed, M|100\/100\n|turn|21\n|\n|t:|1699359577\n|move|p1b: Gengar|Metronome|p1b: Gengar\n|move|p1b: Gengar|Double Hit|p2b: Grimmsnarl|[from]move: Metronome\n|-damage|p2b: Grimmsnarl|58\/100\n|-damage|p2b: Grimmsnarl|49\/100\n|-hitcount|p2b: Grimmsnarl|2\n|move|p2a: Politoed|Metronome|p2a: Politoed\n|move|p2a: Politoed|Shore Up|p2a: Politoed|[from]move: Metronome\n|-fail|p2a: Politoed|heal\n|-activate|p1a: Diancie|move: Struggle\n|move|p1a: Diancie|Struggle|p2a: Politoed\n|-damage|p2a: Politoed|63\/100\n|-damage|p1a: Diancie|76\/100 par|[from] recoil\n|-activate|p2b: Grimmsnarl|move: Struggle\n|move|p2b: Grimmsnarl|Struggle|p1a: Diancie\n|-damage|p1a: Diancie|56\/100 par\n|-damage|p2b: Grimmsnarl|24\/100|[from] recoil\n|\n|-heal|p2a: Politoed|69\/100|[from] item: Leftovers\n|-heal|p1a: Diancie|62\/100 par|[from] item: Leftovers\n|-heal|p2b: Grimmsnarl|30\/100|[from] item: Leftovers\n|-heal|p1a: Diancie|68\/100 par|[from] Aqua Ring\n|upkeep\n|turn|22\n|\n|t:|1699359605\n|switch|p2b: Ursaluna|Ursaluna, M|100\/100\n|move|p1b: Gengar|Metronome|p1b: Gengar\n|move|p1b: Gengar|Scorching Sands|p2a: Politoed|[from]move: Metronome\n|-damage|p2a: Politoed|48\/100\n|-status|p2a: Politoed|brn\n|move|p2a: Politoed|Metronome|p2a: Politoed\n|move|p2a: Politoed|Grassy Terrain|p2a: Politoed|[from]move: Metronome\n|-fieldstart|move: Grassy Terrain\n|-activate|p1a: Diancie|move: Struggle\n|move|p1a: Diancie|Struggle|p2a: Politoed\n|-damage|p2a: Politoed|11\/100 brn\n|-damage|p1a: Diancie|43\/100 par|[from] recoil\n|\n|-heal|p2a: Politoed|17\/100 brn|[from] Grassy Terrain\n|-heal|p2a: Politoed|23\/100 brn|[from] item: Leftovers\n|-heal|p1a: Diancie|49\/100 par|[from] Grassy Terrain\n|-heal|p1a: Diancie|56\/100 par|[from] item: Leftovers\n|-heal|p1a: Diancie|62\/100 par|[from] Aqua Ring\n|-damage|p2a: Politoed|17\/100 brn|[from] brn\n|-status|p2b: Ursaluna|brn|[from] item: Flame Orb\n|upkeep\n|turn|23\n|\n|t:|1699359644\n|move|p1b: Gengar|Metronome|p1b: Gengar\n|move|p1b: Gengar|Sandsear Storm|p2a: Politoed|[from]move: Metronome|[spread] p2a,p2b\n|-damage|p2a: Politoed|0 fnt\n|-damage|p2b: Ursaluna|78\/100 brn\n|faint|p2a: Politoed\n|move|p2b: Ursaluna|Metronome|p2b: Ursaluna\n|move|p2b: Ursaluna|Wing Attack|p1b: Gengar|[from]move: Metronome\n|-damage|p1b: Gengar|48\/100\n|-start|p2b: Ursaluna|Disable|Metronome|[from] ability: Cursed Body|[of] p1b: Gengar\n|-activate|p1a: Diancie|move: Struggle\n|move|p1a: Diancie|Struggle|p2b: Ursaluna\n|-damage|p2b: Ursaluna|54\/100 brn\n|-damage|p1a: Diancie|37\/100 par|[from] recoil\n|\n|-heal|p1b: Gengar|55\/100|[from] Grassy Terrain\n|-heal|p1b: Gengar|61\/100|[from] item: Leftovers\n|-heal|p2b: Ursaluna|60\/100 brn|[from] Grassy Terrain\n|-heal|p1a: Diancie|43\/100 par|[from] Grassy Terrain\n|-heal|p1a: Diancie|49\/100 par|[from] item: Leftovers\n|-heal|p1a: Diancie|56\/100 par|[from] Aqua Ring\n|-damage|p2b: Ursaluna|54\/100 brn|[from] brn\n|upkeep\n|\n|t:|1699359671\n|switch|p2a: Tornadus|Tornadus, M|56\/100 par\n|turn|24\n|\n|t:|1699359675\n|move|p1b: Gengar|Metronome|p1b: Gengar\n|move|p1b: Gengar|Dragon Tail|p2b: Ursaluna|[from]move: Metronome\n|-damage|p2b: Ursaluna|45\/100 brn\n|drag|p2b: Grimmsnarl|Grimmsnarl, M|30\/100\n|cant|p1a: Diancie|par\n|move|p2a: Tornadus|Metronome|p2a: Tornadus\n|move|p2a: Tornadus|Feather Dance|p1a: Diancie|[from]move: Metronome\n|-fail|p1a: Diancie|unboost|[from] ability: Clear Body|[of] p1a: Diancie\n|\n|-heal|p1b: Gengar|67\/100|[from] Grassy Terrain\n|-heal|p1b: Gengar|73\/100|[from] item: Leftovers\n|-heal|p2b: Grimmsnarl|36\/100|[from] Grassy Terrain\n|-heal|p2b: Grimmsnarl|42\/100|[from] item: Leftovers\n|-heal|p1a: Diancie|62\/100 par|[from] Grassy Terrain\n|-heal|p1a: Diancie|68\/100 par|[from] item: Leftovers\n|-heal|p2a: Tornadus|62\/100 par|[from] item: Leftovers\n|-heal|p1a: Diancie|74\/100 par|[from] Aqua Ring\n|upkeep\n|turn|25\n|\n|t:|1699359708\n|move|p1b: Gengar|Metronome|p1b: Gengar\n|move|p1b: Gengar|Frenzy Plant|p2a: Tornadus|[from]move: Metronome|[miss]\n|-miss|p1b: Gengar|p2a: Tornadus\n|-activate|p2b: Grimmsnarl|move: Struggle\n|move|p2b: Grimmsnarl|Struggle|p1b: Gengar\n|-damage|p1b: Gengar|45\/100\n|-damage|p2b: Grimmsnarl|17\/100|[from] recoil\n|-activate|p1a: Diancie|move: Struggle\n|move|p1a: Diancie|Struggle|p2b: Grimmsnarl\n|-damage|p2b: Grimmsnarl|0 fnt\n|faint|p2b: Grimmsnarl\n|-damage|p1a: Diancie|49\/100 par|[from] recoil\n|move|p2a: Tornadus|Metronome|p2a: Tornadus\n|move|p2a: Tornadus|Mega Kick|p1b: Gengar|[from]move: Metronome\n|-immune|p1b: Gengar\n|\n|-heal|p1b: Gengar|51\/100|[from] Grassy Terrain\n|-heal|p1b: Gengar|58\/100|[from] item: Leftovers\n|-heal|p1a: Diancie|56\/100 par|[from] Grassy Terrain\n|-heal|p1a: Diancie|62\/100 par|[from] item: Leftovers\n|-heal|p2a: Tornadus|68\/100 par|[from] item: Leftovers\n|-heal|p1a: Diancie|68\/100 par|[from] Aqua Ring\n|upkeep\n|\n|t:|1699359730\n|switch|p2b: Ursaluna|Ursaluna, M|45\/100 brn\n|turn|26\n|\n|t:|1699359739\n|move|p1b: Gengar|Metronome|p1b: Gengar\n|move|p1b: Gengar|Reversal|p2a: Tornadus|[from]move: Metronome\n|-resisted|p2a: Tornadus\n|-damage|p2a: Tornadus|63\/100 par\n|-activate|p1a: Diancie|move: Struggle\n|move|p1a: Diancie|Struggle|p2a: Tornadus\n|-damage|p2a: Tornadus|23\/100 par\n|-damage|p1a: Diancie|43\/100 par|[from] recoil\n|move|p2b: Ursaluna|Metronome|p2b: Ursaluna\n|move|p2b: Ursaluna|Flail|p1b: Gengar|[from]move: Metronome\n|-immune|p1b: Gengar\n|move|p2a: Tornadus|Metronome|p2a: Tornadus\n|move|p2a: Tornadus|Sandstorm|p2a: Tornadus|[from]move: Metronome\n|-weather|Sandstorm\n|\n|-weather|Sandstorm|[upkeep]\n|-damage|p1b: Gengar|51\/100|[from] Sandstorm\n|-damage|p2a: Tornadus|17\/100 par|[from] Sandstorm\n|-heal|p1b: Gengar|58\/100|[from] Grassy Terrain\n|-heal|p1b: Gengar|64\/100|[from] item: Leftovers\n|-heal|p1a: Diancie|49\/100 par|[from] Grassy Terrain\n|-heal|p2b: Ursaluna|52\/100 brn|[from] Grassy Terrain\n|-heal|p1a: Diancie|56\/100 par|[from] item: Leftovers\n|-heal|p2a: Tornadus|23\/100 par|[from] item: Leftovers\n|-heal|p1a: Diancie|62\/100 par|[from] Aqua Ring\n|-damage|p2b: Ursaluna|45\/100 brn|[from] brn\n|-fieldend|move: Grassy Terrain\n|upkeep\n|turn|27\n|\n|t:|1699359764\n|move|p1b: Gengar|Metronome|p1b: Gengar\n|move|p1b: Gengar|Wave Crash|p2a: Tornadus|[from]move: Metronome\n|-damage|p2a: Tornadus|0 fnt\n|faint|p2a: Tornadus\n|-damage|p1b: Gengar|55\/100|[from] Recoil\n|move|p2b: Ursaluna|Metronome|p2b: Ursaluna\n|move|p2b: Ursaluna|Confide|p1b: Gengar|[from]move: Metronome\n|-unboost|p1b: Gengar|spa|1\n|cant|p1a: Diancie|par\n|\n|-weather|Sandstorm|[upkeep]\n|-damage|p1b: Gengar|49\/100|[from] Sandstorm\n|-heal|p1b: Gengar|55\/100|[from] item: Leftovers\n|-heal|p1a: Diancie|68\/100 par|[from] item: Leftovers\n|-heal|p1a: Diancie|74\/100 par|[from] Aqua Ring\n|-damage|p2b: Ursaluna|39\/100 brn|[from] brn\n|upkeep\n|turn|28\n|\n|t:|1699359783\n|move|p1b: Gengar|Metronome|p1b: Gengar\n|move|p1b: Gengar|Fire Blast|p2b: Ursaluna|[from]move: Metronome\n|-damage|p2b: Ursaluna|17\/100 brn\n|move|p2b: Ursaluna|Metronome|p2b: Ursaluna\n|move|p2b: Ursaluna|Roost|p2b: Ursaluna|[from]move: Metronome\n|-heal|p2b: Ursaluna|68\/100 brn\n|-singleturn|p2b: Ursaluna|move: Roost\n|-activate|p1a: Diancie|move: Struggle\n|move|p1a: Diancie|Struggle|p2b: Ursaluna\n|-damage|p2b: Ursaluna|44\/100 brn\n|-damage|p1a: Diancie|49\/100 par|[from] recoil\n|\n|-weather|Sandstorm|[upkeep]\n|-damage|p1b: Gengar|49\/100|[from] Sandstorm\n|-heal|p1b: Gengar|55\/100|[from] item: Leftovers\n|-heal|p1a: Diancie|56\/100 par|[from] item: Leftovers\n|-heal|p1a: Diancie|62\/100 par|[from] Aqua Ring\n|-damage|p2b: Ursaluna|37\/100 brn|[from] brn\n|upkeep\n|turn|29\n|\n|t:|1699359801\n|move|p1b: Gengar|Metronome|p1b: Gengar\n|move|p1b: Gengar|Glare||[from]move: Metronome|[still]\n|-fail|p1b: Gengar\n|-activate|p1a: Diancie|move: Struggle\n|move|p1a: Diancie|Struggle|p2b: Ursaluna\n|-damage|p2b: Ursaluna|15\/100 brn\n|-damage|p1a: Diancie|37\/100 par|[from] recoil\n|move|p2b: Ursaluna|Metronome|p2b: Ursaluna\n|move|p2b: Ursaluna|Flamethrower|p1b: Gengar|[from]move: Metronome\n|-damage|p1b: Gengar|37\/100\n|-start|p2b: Ursaluna|Disable|Metronome|[from] ability: Cursed Body|[of] p1b: Gengar\n|\n|-weather|Sandstorm|[upkeep]\n|-damage|p1b: Gengar|31\/100|[from] Sandstorm\n|-heal|p1b: Gengar|37\/100|[from] item: Leftovers\n|-heal|p1a: Diancie|43\/100 par|[from] item: Leftovers\n|-heal|p1a: Diancie|49\/100 par|[from] Aqua Ring\n|-damage|p2b: Ursaluna|9\/100 brn|[from] brn\n|upkeep\n|turn|30\n|\n|t:|1699359820\n|-activate|p1b: Gengar|move: Struggle\n|move|p1b: Gengar|Struggle|p2b: Ursaluna\n|-damage|p2b: Ursaluna|2\/100 brn\n|-damage|p1b: Gengar|12\/100|[from] recoil\n|cant|p1a: Diancie|par\n|-activate|p2b: Ursaluna|move: Struggle\n|move|p2b: Ursaluna|Struggle|p1b: Gengar\n|-damage|p1b: Gengar|0 fnt\n|faint|p1b: Gengar\n|-damage|p2b: Ursaluna|0 fnt|[from] recoil\n|faint|p2b: Ursaluna\n|\n|win|PegsMachina5108\n","uploadtime":1699359835,"views":25,"p1id":"pegsmachina5108","p2id":"xmachina5108","formatid":"gen9doublesou","rating":0,"private":0,"password":""}