{"id":"gen9doublesou-1975587009","p1":"mikeyuwu","p2":"Kurs8it","format":"[Gen 9] Doubles OU","log":"|j|\u2606mikeyuwu\n|j|\u2606Kurs8it\n|t:|1698208706\n|gametype|doubles\n|player|p1|mikeyuwu|psychic-gen4|1201\n|player|p2|Kurs8it|102|1083\n|teamsize|p1|6\n|teamsize|p2|6\n|gen|9\n|tier|[Gen 9] Doubles OU\n|rated|\n|rule|Species Clause: Limit one of each Pok\u00e9mon\n|rule|OHKO Clause: OHKO moves are banned\n|rule|Evasion Moves Clause: Evasion moves are banned\n|rule|Gravity Sleep Clause: The combination of sleep-inducing moves with imperfect accuracy and Gravity or Gigantamax Orbeetle are banned\n|rule|Endless Battle Clause: Forcing endless battles is banned\n|rule|HP Percentage Mod: HP is shown in percentages\n|clearpoke\n|poke|p1|Garchomp, M|\n|poke|p1|Tyranitar, F|\n|poke|p1|Vaporeon, F|\n|poke|p1|Toxicroak, M|\n|poke|p1|Pelipper, F|\n|poke|p1|Abomasnow, M|\n|poke|p2|Scizor, M|\n|poke|p2|Toxtricity, M|\n|poke|p2|Ninetales-Alola, M|\n|poke|p2|Milotic, F|\n|poke|p2|Scovillain, M|\n|poke|p2|Kingambit, M|\n|teampreview\n|inactive|Battle timer is ON: inactive players will automatically lose when time's up. (requested by mikeyuwu)\n|inactive|Kurs8it has 120 seconds left.\n|inactive|Kurs8it has 90 seconds left.\n|inactive|Kurs8it has 60 seconds left.\n|\n|t:|1698208864\n|start\n|switch|p1a: OTLHPM|Toxicroak, M|100\/100\n|switch|p1b: Harmacy|Vaporeon, F|100\/100\n|switch|p2a: Ninetales|Ninetales-Alola, M|100\/100\n|switch|p2b: Milotic|Milotic, F|100\/100\n|-weather|Snow|[from] ability: Snow Warning|[of] p2a: Ninetales\n|turn|1\n|\n|t:|1698208875\n|switch|p1a: ThcrThnSnkr|Tyranitar, F|100\/100\n|-weather|Sandstorm|[from] ability: Sand Stream|[of] p1a: ThcrThnSnkr\n|move|p2a: Ninetales|Aurora Veil||[still]\n|-fail|p2a: Ninetales\n|move|p2b: Milotic|Coil|p2b: Milotic\n|-boost|p2b: Milotic|atk|1\n|-boost|p2b: Milotic|def|1\n|-boost|p2b: Milotic|accuracy|1\n|move|p1b: Harmacy|Icy Wind|p2a: Ninetales|[spread] p2a,p2b\n|-resisted|p2a: Ninetales\n|-resisted|p2b: Milotic\n|-damage|p2a: Ninetales|96\/100\n|-damage|p2b: Milotic|97\/100\n|-unboost|p2a: Ninetales|spe|1\n|-unboost|p2b: Milotic|spe|1\n|-ability|p2b: Milotic|Competitive|boost\n|-boost|p2b: Milotic|spa|2\n|\n|-weather|Sandstorm|[upkeep]\n|-damage|p2a: Ninetales|89\/100|[from] Sandstorm\n|-damage|p1b: Harmacy|94\/100|[from] Sandstorm\n|-damage|p2b: Milotic|91\/100|[from] Sandstorm\n|-heal|p1b: Harmacy|100\/100|[from] item: Leftovers\n|-heal|p2b: Milotic|97\/100|[from] item: Leftovers\n|upkeep\n|turn|2\n|\n|t:|1698208897\n|switch|p2a: Scovillain|Scovillain, M|100\/100\n|move|p1a: ThcrThnSnkr|Heavy Slam|p2a: Scovillain\n|-resisted|p2a: Scovillain\n|-damage|p2a: Scovillain|83\/100\n|-damage|p1a: ThcrThnSnkr|84\/100|[from] item: Rocky Helmet|[of] p2a: Scovillain\n|move|p1b: Harmacy|Wish|p1b: Harmacy\n|move|p2b: Milotic|Coil|p2b: Milotic\n|-boost|p2b: Milotic|atk|1\n|-boost|p2b: Milotic|def|1\n|-boost|p2b: Milotic|accuracy|1\n|\n|-weather|Sandstorm|[upkeep]\n|-damage|p2a: Scovillain|77\/100|[from] Sandstorm\n|-damage|p1b: Harmacy|94\/100|[from] Sandstorm\n|-damage|p2b: Milotic|91\/100|[from] Sandstorm\n|-heal|p1b: Harmacy|100\/100|[from] item: Leftovers\n|-heal|p2b: Milotic|97\/100|[from] item: Leftovers\n|-ability|p2a: Scovillain|Moody|boost\n|-boost|p2a: Scovillain|spd|2\n|-unboost|p2a: Scovillain|spe|1\n|upkeep\n|turn|3\n|\n|t:|1698208919\n|move|p1a: ThcrThnSnkr|Thunderbolt|p2b: Milotic\n|-supereffective|p2b: Milotic\n|-damage|p2b: Milotic|67\/100\n|move|p1b: Harmacy|Copycat|p1b: Harmacy\n|move|p1b: Harmacy|Thunderbolt|p2b: Milotic|[from]move: Copycat\n|-supereffective|p2b: Milotic\n|-damage|p2b: Milotic|36\/100\n|move|p2a: Scovillain|Spicy Extract|p2b: Milotic\n|-boost|p2b: Milotic|atk|2\n|-unboost|p2b: Milotic|def|2\n|move|p2b: Milotic|Coil|p2b: Milotic\n|-boost|p2b: Milotic|atk|1\n|-boost|p2b: Milotic|def|1\n|-boost|p2b: Milotic|accuracy|1\n|\n|-weather|Sandstorm|[upkeep]\n|-damage|p1b: Harmacy|94\/100|[from] Sandstorm\n|-damage|p2a: Scovillain|71\/100|[from] Sandstorm\n|-damage|p2b: Milotic|30\/100|[from] Sandstorm\n|-heal|p1b: Harmacy|100\/100|[from] move: Wish|[wisher] Harmacy\n|-heal|p2b: Milotic|36\/100|[from] item: Leftovers\n|-ability|p2a: Scovillain|Moody|boost\n|-boost|p2a: Scovillain|def|2\n|-unboost|p2a: Scovillain|atk|1\n|upkeep\n|turn|4\n|\n|t:|1698208940\n|move|p2a: Scovillain|Rage Powder|p2a: Scovillain\n|-singleturn|p2a: Scovillain|move: Rage Powder\n|move|p1a: ThcrThnSnkr|Thunderbolt|p2a: Scovillain\n|-resisted|p2a: Scovillain\n|-damage|p2a: Scovillain|63\/100\n|-status|p2a: Scovillain|par\n|move|p1b: Harmacy|Copycat|p1b: Harmacy\n|move|p1b: Harmacy|Thunderbolt|p2a: Scovillain|[from]move: Copycat\n|-resisted|p2a: Scovillain\n|-damage|p2a: Scovillain|54\/100 par\n|move|p2b: Milotic|Recover|p2b: Milotic\n|-heal|p2b: Milotic|86\/100\n|\n|-weather|Sandstorm|[upkeep]\n|-damage|p1b: Harmacy|94\/100|[from] Sandstorm\n|-damage|p2b: Milotic|80\/100|[from] Sandstorm\n|-damage|p2a: Scovillain|48\/100 par|[from] Sandstorm\n|-heal|p1b: Harmacy|100\/100|[from] item: Leftovers\n|-heal|p2b: Milotic|86\/100|[from] item: Leftovers\n|-ability|p2a: Scovillain|Moody|boost\n|-boost|p2a: Scovillain|spa|2\n|-unboost|p2a: Scovillain|spe|1\n|upkeep\n|turn|5\n|\n|t:|1698208958\n|move|p2a: Scovillain|Rage Powder|p2a: Scovillain\n|-singleturn|p2a: Scovillain|move: Rage Powder\n|move|p1a: ThcrThnSnkr|Rock Slide|p2b: Milotic|[spread] p2a,p2b\n|-supereffective|p2a: Scovillain\n|-damage|p2a: Scovillain|23\/100 par\n|-damage|p2b: Milotic|71\/100\n|move|p1b: Harmacy|Copycat|p1b: Harmacy\n|move|p1b: Harmacy|Rock Slide|p2b: Milotic|[from]move: Copycat|[spread] p2a\n|-miss|p1b: Harmacy|p2b: Milotic\n|-supereffective|p2a: Scovillain\n|-damage|p2a: Scovillain|15\/100 par\n|move|p2b: Milotic|Iron Head|p1a: ThcrThnSnkr\n|-supereffective|p1a: ThcrThnSnkr\n|-damage|p1a: ThcrThnSnkr|0 fnt\n|faint|p1a: ThcrThnSnkr\n|\n|-weather|none\n|-heal|p2b: Milotic|77\/100|[from] item: Leftovers\n|-ability|p2a: Scovillain|Moody|boost\n|-boost|p2a: Scovillain|spe|2\n|-unboost|p2a: Scovillain|def|1\n|upkeep\n|\n|t:|1698208973\n|switch|p1a: Weather War|Pelipper, F|100\/100\n|-weather|RainDance|[from] ability: Drizzle|[of] p1a: Weather War\n|turn|6\n|\n|t:|1698208985\n|move|p1a: Weather War|Hurricane|p2b: Milotic\n|-damage|p2b: Milotic|52\/100\n|-start|p2b: Milotic|confusion\n|move|p1b: Harmacy|Copycat|p1b: Harmacy\n|move|p1b: Harmacy|Hurricane|p2b: Milotic|[from]move: Copycat\n|-damage|p2b: Milotic|32\/100\n|-activate|p2b: Milotic|confusion\n|move|p2b: Milotic|Iron Head|p1a: Weather War\n|-resisted|p1a: Weather War\n|-damage|p1a: Weather War|82\/100\n|move|p2a: Scovillain|Leech Seed|p1b: Harmacy\n|-start|p1b: Harmacy|move: Leech Seed\n|\n|-weather|RainDance|[upkeep]\n|-heal|p2b: Milotic|38\/100|[from] item: Leftovers\n|-damage|p1b: Harmacy|88\/100|[from] Leech Seed|[of] p2a: Scovillain\n|-heal|p2a: Scovillain|33\/100 par|[silent]\n|-ability|p2a: Scovillain|Moody|boost\n|-boost|p2a: Scovillain|spd|2\n|-unboost|p2a: Scovillain|def|1\n|upkeep\n|turn|7\n|\n|t:|1698209005\n|switch|p1b: OTLHPM|Toxicroak, M|100\/100\n|move|p1a: Weather War|Hurricane|p2a: Scovillain\n|-supereffective|p2a: Scovillain\n|-damage|p2a: Scovillain|0 fnt\n|faint|p2a: Scovillain\n|-activate|p2b: Milotic|confusion\n|-damage|p2b: Milotic|25\/100|[from] confusion\n|\n|-weather|RainDance|[upkeep]\n|-heal|p2b: Milotic|31\/100|[from] item: Leftovers\n|upkeep\n|\n|t:|1698209016\n|switch|p2a: Toxtricity|Toxtricity, M|100\/100\n|turn|8\n|\n|t:|1698209031\n|switch|p1a: Cold Shoulder|Abomasnow, M, shiny|100\/100\n|-weather|Snow|[from] ability: Snow Warning|[of] p1a: Cold Shoulder\n|move|p2a: Toxtricity|Overdrive|p1b: OTLHPM|[spread] p1a,p1b\n|-resisted|p1a: Cold Shoulder\n|-damage|p1a: Cold Shoulder|84\/100\n|-damage|p1b: OTLHPM|63\/100\n|move|p1b: OTLHPM|Earthquake|p2b: Milotic|[spread] p1a,p2a,p2b\n|-resisted|p1a: Cold Shoulder\n|-supereffective|p2a: Toxtricity\n|-damage|p1a: Cold Shoulder|78\/100\n|-damage|p2a: Toxtricity|0 fnt\n|-damage|p2b: Milotic|17\/100\n|faint|p2a: Toxtricity\n|-end|p2b: Milotic|confusion\n|move|p2b: Milotic|Recover|p2b: Milotic\n|-heal|p2b: Milotic|68\/100\n|\n|-weather|Snow|[upkeep]\n|-heal|p1b: OTLHPM|69\/100|[from] item: Black Sludge\n|-heal|p2b: Milotic|74\/100|[from] item: Leftovers\n|upkeep\n|\n|t:|1698209043\n|switch|p2a: Scizor|Scizor, M|100\/100\n|turn|9\n|\n|t:|1698209056\n|-terastallize|p1a: Cold Shoulder|Water\n|move|p1b: OTLHPM|Poison Jab|p2b: Milotic\n|-damage|p2b: Milotic|52\/100\n|-status|p2b: Milotic|psn\n|move|p1a: Cold Shoulder|Leech Seed|p2b: Milotic\n|-start|p2b: Milotic|move: Leech Seed\n|move|p2a: Scizor|Dual Wingbeat|p1b: OTLHPM\n|-supereffective|p1b: OTLHPM\n|-damage|p1b: OTLHPM|3\/100\n|-supereffective|p1b: OTLHPM\n|-damage|p1b: OTLHPM|0 fnt\n|faint|p1b: OTLHPM\n|-hitcount|p1: OTLHPM|2\n|move|p2b: Milotic|Iron Head|p1a: Cold Shoulder\n|-resisted|p1a: Cold Shoulder\n|-damage|p1a: Cold Shoulder|56\/100\n|\n|-weather|Snow|[upkeep]\n|-heal|p2b: Milotic|58\/100 psn|[from] item: Leftovers\n|-damage|p2b: Milotic|46\/100 psn|[from] Leech Seed|[of] p1a: Cold Shoulder\n|-heal|p1a: Cold Shoulder|68\/100|[silent]\n|-damage|p2b: Milotic|33\/100 psn|[from] psn\n|upkeep\n|\n|t:|1698209071\n|switch|p1b: Weather War|Pelipper, F|82\/100\n|-weather|RainDance|[from] ability: Drizzle|[of] p1b: Weather War\n|turn|10\n|\n|t:|1698209096\n|move|p1b: Weather War|Chilling Water|p2a: Scizor\n|-damage|p2a: Scizor|70\/100\n|-unboost|p2a: Scizor|atk|1\n|move|p1a: Cold Shoulder|Giga Drain|p2b: Milotic\n|-supereffective|p2b: Milotic\n|-crit|p2b: Milotic\n|-damage|p2b: Milotic|0 fnt\n|-heal|p1a: Cold Shoulder|86\/100|[from] drain|[of] p2b: Milotic\n|faint|p2b: Milotic\n|move|p2a: Scizor|Swords Dance|p2a: Scizor\n|-boost|p2a: Scizor|atk|2\n|\n|-weather|RainDance|[upkeep]\n|-heal|p2a: Scizor|77\/100|[from] item: Leftovers\n|upkeep\n|\n|t:|1698209104\n|switch|p2b: Kingambit|Kingambit, M|100\/100\n|-activate|p2b: Kingambit|ability: Supreme Overlord\n|-start|p2b: Kingambit|fallen3|[silent]\n|turn|11\n|\n|t:|1698209117\n|move|p1b: Weather War|Soak|p2a: Scizor\n|-start|p2a: Scizor|typechange|Water\n|move|p1a: Cold Shoulder|Leech Seed|p2b: Kingambit\n|-start|p2b: Kingambit|move: Leech Seed\n|move|p2a: Scizor|Bug Bite|p1a: Cold Shoulder\n|-damage|p1a: Cold Shoulder|41\/100\n|move|p2b: Kingambit|Stone Edge|p1b: Weather War\n|-supereffective|p1b: Weather War\n|-damage|p1b: Weather War|4\/100\n|\n|-weather|RainDance|[upkeep]\n|-heal|p2a: Scizor|83\/100|[from] item: Leftovers\n|-damage|p2b: Kingambit|88\/100|[from] Leech Seed|[of] p1a: Cold Shoulder\n|-heal|p1a: Cold Shoulder|54\/100|[silent]\n|upkeep\n|turn|12\n|\n|t:|1698209135\n|-end|p2b: Kingambit|fallen3|[silent]\n|switch|p2b: Ninetales|Ninetales-Alola, M|89\/100\n|-weather|Snow|[from] ability: Snow Warning|[of] p2b: Ninetales\n|move|p2a: Scizor|Bullet Punch|p1b: Weather War\n|-resisted|p1b: Weather War\n|-damage|p1b: Weather War|0 fnt\n|faint|p1b: Weather War\n|move|p1a: Cold Shoulder|Giga Drain|p2a: Scizor\n|-supereffective|p2a: Scizor\n|-damage|p2a: Scizor|9\/100\n|-heal|p1a: Cold Shoulder|87\/100|[from] drain|[of] p2a: Scizor\n|\n|-weather|Snow|[upkeep]\n|-heal|p2a: Scizor|15\/100|[from] item: Leftovers\n|upkeep\n|\n|t:|1698209147\n|switch|p1b: Harmacy|Vaporeon, F|88\/100\n|turn|13\n|\n|t:|1698209158\n|switch|p1a: Extra Spicy|Garchomp, M|100\/100\n|move|p2b: Ninetales|Aurora Veil|p2b: Ninetales\n|-sidestart|p2: Kurs8it|move: Aurora Veil\n|move|p1b: Harmacy|Copycat|p1b: Harmacy\n|move|p1b: Harmacy|Aurora Veil|p1b: Harmacy|[from]move: Copycat\n|-sidestart|p1: mikeyuwu|move: Aurora Veil\n|move|p2a: Scizor|Dual Wingbeat|p1b: Harmacy\n|-damage|p1b: Harmacy|72\/100\n|-crit|p1b: Harmacy\n|-damage|p1b: Harmacy|37\/100\n|-hitcount|p1b: Harmacy|2\n|\n|-weather|Snow|[upkeep]\n|-heal|p1b: Harmacy|43\/100|[from] item: Leftovers\n|-heal|p2a: Scizor|21\/100|[from] item: Leftovers\n|upkeep\n|turn|14\n|\n|t:|1698209171\n|switch|p1a: Cold Shoulder|Abomasnow, M, shiny, tera:Water|87\/100\n|move|p2b: Ninetales|Blizzard|p1b: Harmacy|[spread] p1a,p1b\n|-resisted|p1a: Cold Shoulder\n|-resisted|p1b: Harmacy\n|-damage|p1a: Cold Shoulder|78\/100\n|-damage|p1b: Harmacy|37\/100\n|move|p1b: Harmacy|Wish|p1b: Harmacy\n|move|p2a: Scizor|Dual Wingbeat|p1b: Harmacy\n|-damage|p1b: Harmacy|20\/100\n|-damage|p1b: Harmacy|3\/100\n|-hitcount|p1b: Harmacy|2\n|\n|-weather|Snow|[upkeep]\n|-heal|p1b: Harmacy|9\/100|[from] item: Leftovers\n|-heal|p2a: Scizor|27\/100|[from] item: Leftovers\n|upkeep\n|turn|15\n|\n|t:|1698209195\n|switch|p2b: Kingambit|Kingambit, M|88\/100\n|-activate|p2b: Kingambit|ability: Supreme Overlord\n|-start|p2b: Kingambit|fallen3|[silent]\n|move|p1a: Cold Shoulder|Leech Seed|p2b: Kingambit\n|-start|p2b: Kingambit|move: Leech Seed\n|move|p1b: Harmacy|Copycat|p1b: Harmacy\n|move|p1b: Harmacy|Leech Seed||[from]move: Copycat|[still]\n|-fail|p1b: Harmacy\n|move|p2a: Scizor|Swords Dance|p2a: Scizor\n|-boost|p2a: Scizor|atk|2\n|\n|-weather|Snow|[upkeep]\n|-heal|p1b: Harmacy|59\/100|[from] move: Wish|[wisher] Harmacy\n|-heal|p1b: Harmacy|65\/100|[from] item: Leftovers\n|-heal|p2a: Scizor|33\/100|[from] item: Leftovers\n|-damage|p2b: Kingambit|76\/100|[from] Leech Seed|[of] p1a: Cold Shoulder\n|-heal|p1a: Cold Shoulder|91\/100|[silent]\n|upkeep\n|turn|16\n|\n|t:|1698209214\n|-terastallize|p2b: Kingambit|Dark\n|move|p2b: Kingambit|Sucker Punch|p1a: Cold Shoulder\n|-damage|p1a: Cold Shoulder|41\/100\n|move|p1a: Cold Shoulder|Giga Drain|p2a: Scizor\n|-supereffective|p2a: Scizor\n|-damage|p2a: Scizor|0 fnt\n|-heal|p1a: Cold Shoulder|56\/100|[from] drain|[of] p2a: Scizor\n|faint|p2a: Scizor\n|move|p1b: Harmacy|Copycat|p1b: Harmacy\n|move|p1b: Harmacy|Giga Drain|p2b: Kingambit|[from]move: Copycat\n|-damage|p2b: Kingambit|63\/100\n|-heal|p1b: Harmacy|70\/100|[from] drain|[of] p2b: Kingambit\n|\n|-weather|none\n|-heal|p1b: Harmacy|77\/100|[from] item: Leftovers\n|-damage|p2b: Kingambit|50\/100|[from] Leech Seed|[of] p1a: Cold Shoulder\n|-heal|p1a: Cold Shoulder|69\/100|[silent]\n|upkeep\n|\n|t:|1698209220\n|switch|p2a: Ninetales|Ninetales-Alola, M|89\/100\n|-weather|Snow|[from] ability: Snow Warning|[of] p2a: Ninetales\n|turn|17\n|\n|t:|1698209235\n|move|p2b: Kingambit|Sucker Punch|p1b: Harmacy\n|-damage|p1b: Harmacy|36\/100\n|move|p2a: Ninetales|Blizzard|p1b: Harmacy|[spread] p1a,p1b\n|-resisted|p1a: Cold Shoulder\n|-resisted|p1b: Harmacy\n|-damage|p1a: Cold Shoulder|61\/100\n|-damage|p1b: Harmacy|31\/100\n|move|p1a: Cold Shoulder|Leech Seed|p2a: Ninetales\n|-start|p2a: Ninetales|move: Leech Seed\n|move|p1b: Harmacy|Icy Wind|p2a: Ninetales|[spread] p2a,p2b\n|-resisted|p2a: Ninetales\n|-damage|p2a: Ninetales|86\/100\n|-damage|p2b: Kingambit|44\/100\n|-unboost|p2a: Ninetales|spe|1\n|-unboost|p2b: Kingambit|spe|1\n|\n|-weather|Snow|[upkeep]\n|-heal|p1b: Harmacy|37\/100|[from] item: Leftovers\n|-damage|p2a: Ninetales|73\/100|[from] Leech Seed|[of] p1a: Cold Shoulder\n|-heal|p1a: Cold Shoulder|72\/100|[silent]\n|-damage|p2b: Kingambit|32\/100|[from] Leech Seed|[of] p1a: Cold Shoulder\n|-heal|p1a: Cold Shoulder|85\/100|[silent]\n|-sideend|p1: mikeyuwu|move: Aurora Veil\n|upkeep\n|turn|18\n|-message|Kurs8it forfeited.\n|\n|win|mikeyuwu\n|raw|mikeyuwu's rating: 1201 &rarr; <strong>1218<\/strong><br \/>(+17 for winning)\n|raw|Kurs8it's rating: 1083 &rarr; <strong>1068<\/strong><br \/>(-15 for losing)\n|l|\u2606Kurs8it\n","uploadtime":1698209257,"views":30,"p1id":"mikeyuwu","p2id":"kurs8it","formatid":"gen9doublesou","rating":1068,"private":0,"password":""}