{"id":"gen9doublesou-2000551681","p1":"Houghtonn","p2":"DoubleJumping","format":"[Gen 9] Doubles OU","log":"|j|\u2606Houghtonn\n|j|\u2606DoubleJumping\n|t:|1701204602\n|gametype|doubles\n|player|p1|Houghtonn|juan|1128\n|player|p2|DoubleJumping|169|1022\n|teamsize|p1|6\n|teamsize|p2|6\n|gen|9\n|tier|[Gen 9] Doubles OU\n|rated|\n|rule|Species Clause: Limit one of each Pok\u00e9mon\n|rule|OHKO Clause: OHKO moves are banned\n|rule|Evasion Moves Clause: Evasion moves are banned\n|rule|Gravity Sleep Clause: The combination of sleep-inducing moves with imperfect accuracy and Gravity or Gigantamax Orbeetle are banned\n|rule|Endless Battle Clause: Forcing endless battles is banned\n|rule|HP Percentage Mod: HP is shown in percentages\n|clearpoke\n|poke|p1|Oricorio, F|\n|poke|p1|Ribombee, F|\n|poke|p1|Pelipper, M|\n|poke|p1|Overqwil, M|\n|poke|p1|Sinistcha-Masterpiece|\n|poke|p1|Conkeldurr, M|\n|poke|p2|Dragonite, M|\n|poke|p2|Lycanroc-Dusk, F|\n|poke|p2|Oranguru, M|\n|poke|p2|Decidueye, F|\n|poke|p2|Indeedee, M|\n|poke|p2|Maushold|\n|teampreview\n|\n|t:|1701204612\n|start\n|switch|p1a: Ribombee|Ribombee, F, shiny|100\/100\n|switch|p1b: Oricorio|Oricorio, F|100\/100\n|switch|p2a: Maushold|Maushold|100\/100\n|switch|p2b: Oranguru|Oranguru, M|100\/100\n|turn|1\n|inactive|Battle timer is ON: inactive players will automatically lose when time's up. (requested by Houghtonn)\n|\n|t:|1701204638\n|move|p1b: Oricorio|Protect|p1b: Oricorio\n|-singleturn|p1b: Oricorio|Protect\n|move|p1a: Ribombee|Quiver Dance|p1a: Ribombee\n|-boost|p1a: Ribombee|spa|1\n|-boost|p1a: Ribombee|spd|1\n|-boost|p1a: Ribombee|spe|1\n|-activate|p1b: Oricorio|ability: Dancer\n|move|p1b: Oricorio|Quiver Dance|p1b: Oricorio|[from]ability: Dancer\n|-boost|p1b: Oricorio|spa|1\n|-boost|p1b: Oricorio|spd|1\n|-boost|p1b: Oricorio|spe|1\n|move|p2a: Maushold|Population Bomb|p1a: Ribombee\n|-damage|p1a: Ribombee|81\/100\n|-damage|p1a: Ribombee|59\/100\n|-damage|p1a: Ribombee|39\/100\n|-damage|p1a: Ribombee|17\/100\n|-damage|p1a: Ribombee|0 fnt\n|faint|p1a: Ribombee\n|-hitcount|p1: Ribombee|5\n|move|p2b: Oranguru|Instruct|p2a: Maushold\n|-singleturn|p2a: Maushold|move: Instruct|[of] p2b: Oranguru\n|move|p2a: Maushold|Population Bomb|p1b: Oricorio\n|-activate|p1b: Oricorio|move: Protect\n|\n|upkeep\n|\n|t:|1701204665\n|switch|p1a: Conkeldurr|Conkeldurr, M|100\/100\n|turn|2\n|\n|t:|1701204688\n|move|p1b: Oricorio|Revelation Dance|p2b: Oranguru\n|-damage|p2b: Oranguru|49\/100\n|move|p2a: Maushold|U-turn|p1b: Oricorio\n|-resisted|p1b: Oricorio\n|-damage|p1b: Oricorio|95\/100\n|\n|t:|1701204698\n|switch|p2a: Indeedee|Indeedee, M|100\/100|[from] U-turn\n|-fieldstart|move: Psychic Terrain|[from] ability: Psychic Surge|[of] p2a: Indeedee\n|move|p2b: Oranguru|Calm Mind|p2b: Oranguru\n|-boost|p2b: Oranguru|spa|1\n|-boost|p2b: Oranguru|spd|1\n|move|p1a: Conkeldurr|Drain Punch|p2a: Indeedee\n|-damage|p2a: Indeedee|0 fnt\n|faint|p2a: Indeedee\n|\n|-heal|p1b: Oricorio|100\/100|[from] item: Leftovers\n|upkeep\n|inactive|DoubleJumping has 120 seconds left.\n|\n|t:|1701204714\n|switch|p2a: Dragonite|Dragonite, M|100\/100\n|turn|3\n|\n|t:|1701204727\n|move|p1b: Oricorio|Revelation Dance|p2b: Oranguru\n|-damage|p2b: Oranguru|14\/100\n|-enditem|p2b: Oranguru|Iapapa Berry|[eat]\n|-heal|p2b: Oranguru|47\/100|[from] item: Iapapa Berry\n|move|p2a: Dragonite|Hurricane|p1a: Conkeldurr\n|-supereffective|p1a: Conkeldurr\n|-damage|p1a: Conkeldurr|8\/100\n|move|p2b: Oranguru|Instruct|p2a: Dragonite\n|-singleturn|p2a: Dragonite|move: Instruct|[of] p2b: Oranguru\n|move|p2a: Dragonite|Hurricane|p1a: Conkeldurr\n|-supereffective|p1a: Conkeldurr\n|-damage|p1a: Conkeldurr|0 fnt\n|faint|p1a: Conkeldurr\n|\n|upkeep\n|\n|t:|1701204745\n|switch|p1a: Sinistcha|Sinistcha-Masterpiece|100\/100\n|turn|4\n|inactive|DoubleJumping has 120 seconds left.\n|\n|t:|1701204789\n|move|p1b: Oricorio|Air Cutter|p2a: Dragonite|[spread] p2a\n|-miss|p1b: Oricorio|p2b: Oranguru\n|-damage|p2a: Dragonite|83\/100\n|move|p2a: Dragonite|Hurricane|p1b: Oricorio\n|-damage|p1b: Oricorio|63\/100\n|-start|p1b: Oricorio|confusion\n|move|p1a: Sinistcha|Matcha Gotcha|p2a: Dragonite|[spread] p2a,p2b\n|-resisted|p2a: Dragonite\n|-damage|p2a: Dragonite|75\/100\n|-damage|p2b: Oranguru|28\/100\n|-status|p2a: Dragonite|brn\n|move|p2b: Oranguru|Instruct|p2a: Dragonite\n|-singleturn|p2a: Dragonite|move: Instruct|[of] p2b: Oranguru\n|move|p2a: Dragonite|Hurricane|p1b: Oricorio\n|-crit|p1b: Oricorio\n|-damage|p1b: Oricorio|0 fnt\n|faint|p1b: Oricorio\n|\n|-damage|p2a: Dragonite|69\/100 brn|[from] brn\n|upkeep\n|inactive|Houghtonn has 120 seconds left.\n|\n|t:|1701204811\n|switch|p1b: Pelipper|Pelipper, M|100\/100\n|-weather|RainDance|[from] ability: Drizzle|[of] p1b: Pelipper\n|turn|5\n|\n|t:|1701204826\n|move|p2a: Dragonite|Hurricane|p1a: Sinistcha\n|-supereffective|p1a: Sinistcha\n|-damage|p1a: Sinistcha|2\/100\n|move|p1a: Sinistcha|Calm Mind|p1a: Sinistcha\n|-boost|p1a: Sinistcha|spa|1\n|-boost|p1a: Sinistcha|spd|1\n|move|p1b: Pelipper|Ice Beam|p2a: Dragonite\n|-supereffective|p2a: Dragonite\n|-damage|p2a: Dragonite|0 fnt\n|faint|p2a: Dragonite\n|move|p2b: Oranguru|Calm Mind|p2b: Oranguru\n|-boost|p2b: Oranguru|spa|1\n|-boost|p2b: Oranguru|spd|1\n|\n|-weather|RainDance|[upkeep]\n|upkeep\n|\n|t:|1701204836\n|switch|p2a: Maushold|Maushold|100\/100\n|turn|6\n|\n|t:|1701204856\n|move|p2a: Maushold|Play Rough|p1a: Sinistcha\n|-damage|p1a: Sinistcha|0 fnt\n|faint|p1a: Sinistcha\n|move|p1b: Pelipper|Hurricane|p2b: Oranguru\n|-damage|p2b: Oranguru|11\/100\n|move|p2b: Oranguru|Stored Power|p1b: Pelipper\n|-damage|p1b: Pelipper|0 fnt\n|faint|p1b: Pelipper\n|\n|-weather|RainDance|[upkeep]\n|-fieldend|move: Psychic Terrain\n|upkeep\n|\n|t:|1701204870\n|switch|p1b: Overqwil|Overqwil, M|100\/100\n|turn|7\n|\n|t:|1701204885\n|move|p1b: Overqwil|Aqua Jet|p2b: Oranguru\n|-damage|p2b: Oranguru|0 fnt\n|faint|p2b: Oranguru\n|move|p2a: Maushold|Population Bomb|p1b: Overqwil\n|-damage|p1b: Overqwil|88\/100\n|-damage|p1b: Overqwil|75\/100\n|-damage|p1b: Overqwil|62\/100\n|-damage|p1b: Overqwil|50\/100\n|-damage|p1b: Overqwil|37\/100\n|-damage|p1b: Overqwil|25\/100\n|-damage|p1b: Overqwil|12\/100\n|-damage|p1b: Overqwil|0 fnt\n|faint|p1b: Overqwil\n|-hitcount|p1: Overqwil|8\n|\n|win|DoubleJumping\n|raw|Houghtonn's rating: 1128 &rarr; <strong>1096<\/strong><br \/>(-32 for losing)\n|raw|DoubleJumping's rating: 1022 &rarr; <strong>1070<\/strong><br \/>(+48 for winning)\n|l|\u2606Houghtonn\n","uploadtime":1701204905,"views":3,"p1id":"houghtonn","p2id":"doublejumping","formatid":"gen9doublesou","rating":1070,"private":0,"password":""}