{"id":"gen9doublesou-1969014013","p1":"Champion's Melody","p2":"Liam000","format":"[Gen 9] Doubles OU","log":"|j|\u2606Champion's Melody\n|j|\u2606Liam000\n|t:|1697482853\n|gametype|doubles\n|player|p1|Champion's Melody|cynthia|1164\n|player|p2|Liam000|169|1133\n|teamsize|p1|6\n|teamsize|p2|6\n|gen|9\n|tier|[Gen 9] Doubles OU\n|rated|\n|rule|Species Clause: Limit one of each Pok\u00e9mon\n|rule|OHKO Clause: OHKO moves are banned\n|rule|Evasion Moves Clause: Evasion moves are banned\n|rule|Gravity Sleep Clause: The combination of sleep-inducing moves with imperfect accuracy and Gravity or Gigantamax Orbeetle are banned\n|rule|Endless Battle Clause: Forcing endless battles is banned\n|rule|HP Percentage Mod: HP is shown in percentages\n|clearpoke\n|poke|p1|Lurantis, M|\n|poke|p1|Gliscor, F|\n|poke|p1|Salazzle, F|\n|poke|p1|Kleavor, F|\n|poke|p1|Basculegion-F, F|\n|poke|p1|Empoleon, F|\n|poke|p2|Typhlosion-Hisui, F|\n|poke|p2|Torkoal, M|\n|poke|p2|Moltres|\n|poke|p2|Ninetales, F|\n|poke|p2|Walking Wake|\n|poke|p2|Azumarill, F|\n|teampreview\n|inactive|Battle timer is ON: inactive players will automatically lose when time's up. (requested by Champion's Melody)\n|\n|t:|1697482863\n|start\n|switch|p1a: Gliscor|Gliscor, F|100\/100\n|switch|p1b: Lurantis|Lurantis, M|100\/100\n|switch|p2a: Azumarill|Azumarill, F|100\/100\n|switch|p2b: Typhlosion|Typhlosion-Hisui, F|100\/100\n|turn|1\n|\n|t:|1697482890\n|move|p2b: Typhlosion|Eruption|p1b: Lurantis|[spread] p1a,p1b\n|-supereffective|p1b: Lurantis\n|-damage|p1a: Gliscor|21\/100\n|-damage|p1b: Lurantis|22\/100\n|move|p1a: Gliscor|Bulldoze|p2a: Azumarill|[spread] p1b,p2a,p2b\n|-resisted|p1b: Lurantis\n|-crit|p2a: Azumarill\n|-supereffective|p2b: Typhlosion\n|-damage|p1b: Lurantis|11\/100\n|-damage|p2a: Azumarill|70\/100\n|-damage|p2b: Typhlosion|42\/100\n|-boost|p1b: Lurantis|spe|1\n|-unboost|p2a: Azumarill|spe|1\n|-unboost|p2b: Typhlosion|spe|1\n|move|p1b: Lurantis|Leaf Storm|p2a: Azumarill|[miss]\n|-miss|p1b: Lurantis|p2a: Azumarill\n|move|p2a: Azumarill|Aqua Ring|p2a: Azumarill\n|-start|p2a: Azumarill|Aqua Ring\n|\n|-heal|p2a: Azumarill|76\/100|[from] item: Leftovers\n|-heal|p2a: Azumarill|82\/100|[from] Aqua Ring\n|-status|p1a: Gliscor|tox|[from] item: Toxic Orb\n|upkeep\n|turn|2\n|\n|t:|1697482913\n|move|p1a: Gliscor|Fling|p2b: Typhlosion\n|-supereffective|p2b: Typhlosion\n|-damage|p2b: Typhlosion|17\/100\n|-status|p2b: Typhlosion|tox\n|-enditem|p1a: Gliscor|Toxic Orb|[from] move: Fling\n|move|p2b: Typhlosion|Eruption|p1b: Lurantis|[spread] p1a,p1b\n|-supereffective|p1b: Lurantis\n|-damage|p1a: Gliscor|2\/100 tox\n|-damage|p1b: Lurantis|0 fnt\n|faint|p1b: Lurantis\n|move|p2a: Azumarill|Belly Drum|p2a: Azumarill\n|-damage|p2a: Azumarill|32\/100\n|-setboost|p2a: Azumarill|atk|6|[from] move: Belly Drum\n|\n|-heal|p2a: Azumarill|39\/100|[from] item: Leftovers\n|-heal|p2a: Azumarill|45\/100|[from] Aqua Ring\n|-heal|p1a: Gliscor|15\/100 tox|[from] ability: Poison Heal\n|-damage|p2b: Typhlosion|11\/100 tox|[from] psn\n|upkeep\n|inactive|Champion's Melody has 120 seconds left.\n|\n|t:|1697482930\n|switch|p1b: Salazzle|Salazzle, F, shiny|100\/100\n|turn|3\n|\n|t:|1697482939\n|move|p1b: Salazzle|Fake Out|p2a: Azumarill\n|-damage|p2a: Azumarill|37\/100\n|move|p1a: Gliscor|Acrobatics|p2b: Typhlosion\n|-damage|p2b: Typhlosion|0 fnt\n|faint|p2b: Typhlosion\n|cant|p2a: Azumarill|flinch\n|\n|-heal|p2a: Azumarill|44\/100|[from] item: Leftovers\n|-heal|p2a: Azumarill|50\/100|[from] Aqua Ring\n|-heal|p1a: Gliscor|27\/100 tox|[from] ability: Poison Heal\n|upkeep\n|\n|t:|1697482946\n|switch|p2b: Walking Wake|Walking Wake|100\/100\n|turn|4\n|\n|t:|1697482966\n|-terastallize|p1b: Salazzle|Flying\n|move|p1b: Salazzle|Nasty Plot|p1b: Salazzle\n|-boost|p1b: Salazzle|spa|2\n|move|p2b: Walking Wake|Hydro Steam|p1b: Salazzle\n|-damage|p1b: Salazzle|13\/100\n|move|p1a: Gliscor|Acrobatics|p2a: Azumarill\n|-damage|p2a: Azumarill|4\/100\n|move|p2a: Azumarill|Liquidation|p1a: Gliscor\n|-supereffective|p1a: Gliscor\n|-damage|p1a: Gliscor|0 fnt\n|faint|p1a: Gliscor\n|\n|-heal|p1b: Salazzle|19\/100|[from] item: Leftovers\n|-heal|p2a: Azumarill|11\/100|[from] item: Leftovers\n|-heal|p2a: Azumarill|17\/100|[from] Aqua Ring\n|upkeep\n|\n|t:|1697482982\n|switch|p1a: Basculegion|Basculegion-F, F|100\/100\n|turn|5\n|\n|t:|1697482992\n|move|p1a: Basculegion|Last Respects|p2a: Azumarill\n|-crit|p2a: Azumarill\n|-damage|p2a: Azumarill|0 fnt\n|faint|p2a: Azumarill\n|move|p1b: Salazzle|Sludge Bomb|p2b: Walking Wake\n|-damage|p2b: Walking Wake|30\/100\n|move|p2b: Walking Wake|Hydro Steam|p1b: Salazzle\n|-damage|p1b: Salazzle|0 fnt\n|faint|p1b: Salazzle\n|\n|upkeep\n|\n|t:|1697483003\n|switch|p1b: Kleavor|Kleavor, F|100\/100\n|switch|p2a: Ninetales|Ninetales, F|100\/100\n|-weather|SunnyDay|[from] ability: Drought|[of] p2a: Ninetales\n|-activate|p2b: Walking Wake|ability: Protosynthesis\n|-start|p2b: Walking Wake|protosynthesisspa\n|turn|6\n|\n|t:|1697483020\n|-terastallize|p2a: Ninetales|Dark\n|move|p1a: Basculegion|Last Respects|p2b: Walking Wake\n|-damage|p2b: Walking Wake|0 fnt\n|faint|p2b: Walking Wake\n|-end|p2b: Walking Wake|Protosynthesis|[silent]\n|move|p2a: Ninetales|Dark Pulse|p1a: Basculegion\n|-supereffective|p1a: Basculegion\n|-damage|p1a: Basculegion|0 fnt\n|faint|p1a: Basculegion\n|move|p1b: Kleavor|Stone Axe|p2a: Ninetales\n|-damage|p2a: Ninetales|0 fnt\n|-sidestart|p2: Liam000|move: Stealth Rock\n|faint|p2a: Ninetales\n|\n|-weather|SunnyDay|[upkeep]\n|upkeep\n|\n|t:|1697483034\n|switch|p2a: Moltres|Moltres|100\/100\n|switch|p2b: Torkoal|Torkoal, M|100\/100\n|switch|p1a: Empoleon|Empoleon, F|100\/100\n|-damage|p2a: Moltres|51\/100|[from] Stealth Rock\n|-damage|p2b: Torkoal|76\/100|[from] Stealth Rock\n|turn|7\n|\n|t:|1697483044\n|move|p1b: Kleavor|Stone Axe|p2a: Moltres\n|-supereffective|p2a: Moltres\n|-damage|p2a: Moltres|0 fnt\n|-damage|p1b: Kleavor|84\/100|[from] item: Rocky Helmet|[of] p2a: Moltres\n|faint|p2a: Moltres\n|move|p1a: Empoleon|Hydro Pump|p2b: Torkoal\n|-supereffective|p2b: Torkoal\n|-damage|p2b: Torkoal|0 fnt\n|faint|p2b: Torkoal\n|\n|win|Champion's Melody\n|raw|Champion&apos;s Melody's rating: 1164 &rarr; <strong>1187<\/strong><br \/>(+23 for winning)\n|raw|Liam000's rating: 1133 &rarr; <strong>1110<\/strong><br \/>(-23 for losing)\n|l|\u2606Liam000\n","uploadtime":1697483055,"views":12,"p1id":"championsmelody","p2id":"liam000","formatid":"gen9doublesou","rating":1110,"private":0,"password":""}