{"id":"gen9doublesou-1987260195","p1":"Tacolover420","p2":"Ravvenn98","format":"[Gen 9] Doubles OU","log":"|j|\u2606Tacolover420\n|j|\u2606Ravvenn98\n|t:|1699570477\n|gametype|doubles\n|player|p1|Tacolover420|pokemonranger|1393\n|player|p2|Ravvenn98|clair|1406\n|teamsize|p1|6\n|teamsize|p2|6\n|gen|9\n|tier|[Gen 9] Doubles OU\n|rated|\n|rule|Species Clause: Limit one of each Pok\u00e9mon\n|rule|OHKO Clause: OHKO moves are banned\n|rule|Evasion Moves Clause: Evasion moves are banned\n|rule|Gravity Sleep Clause: The combination of sleep-inducing moves with imperfect accuracy and Gravity or Gigantamax Orbeetle are banned\n|rule|Endless Battle Clause: Forcing endless battles is banned\n|rule|HP Percentage Mod: HP is shown in percentages\n|clearpoke\n|poke|p1|Dragapult, F|\n|poke|p1|Maushold|\n|poke|p1|Arcanine, M|\n|poke|p1|Conkeldurr, M|\n|poke|p1|Abomasnow, M|\n|poke|p1|Pawmot, M|\n|poke|p2|Houndstone, M|\n|poke|p2|Tyranitar, F|\n|poke|p2|Gholdengo|\n|poke|p2|Kingambit, M|\n|poke|p2|Roaring Moon|\n|poke|p2|Tornadus, M|\n|teampreview\n|\n|t:|1699570485\n|start\n|switch|p1a: Piller|Conkeldurr, M, shiny|100\/100\n|switch|p1b: Rascal|Pawmot, M|100\/100\n|switch|p2a: Roaring Moon|Roaring Moon|100\/100\n|switch|p2b: Tornadus|Tornadus, M, shiny|100\/100\n|-enditem|p2a: Roaring Moon|Booster Energy\n|-activate|p2a: Roaring Moon|ability: Protosynthesis|[fromitem]\n|-start|p2a: Roaring Moon|protosynthesisatk\n|turn|1\n|\n|t:|1699570494\n|-terastallize|p2a: Roaring Moon|Flying\n|move|p1b: Rascal|Fake Out|p2b: Tornadus\n|-damage|p2b: Tornadus|86\/100\n|move|p2b: Tornadus|Tailwind|p2b: Tornadus\n|-sidestart|p2: Ravvenn98|move: Tailwind\n|move|p2a: Roaring Moon|Acrobatics|p1a: Piller\n|-supereffective|p1a: Piller\n|-damage|p1a: Piller|0 fnt\n|faint|p1a: Piller\n|\n|upkeep\n|\n|t:|1699570511\n|switch|p1a: Darts|Dragapult, F, shiny|100\/100\n|turn|2\n|\n|t:|1699570522\n|switch|p1b: Obama|Abomasnow, M, shiny|100\/100\n|-weather|Snow|[from] ability: Snow Warning|[of] p1b: Obama\n|move|p2a: Roaring Moon|Dragon Claw|p1a: Darts\n|-supereffective|p1a: Darts\n|-damage|p1a: Darts|0 fnt\n|faint|p1a: Darts\n|move|p2b: Tornadus|Bleakwind Storm|p1b: Obama\n|-supereffective|p1b: Obama\n|-damage|p1b: Obama|28\/100\n|\n|-weather|Snow|[upkeep]\n|upkeep\n|\n|t:|1699570535\n|switch|p1a: Rascal|Pawmot, M|100\/100\n|turn|3\n|\n|t:|1699570541\n|move|p1a: Rascal|Fake Out|p2a: Roaring Moon\n|-damage|p2a: Roaring Moon|87\/100\n|move|p2b: Tornadus|Rain Dance|p2b: Tornadus\n|-weather|RainDance\n|cant|p2a: Roaring Moon|flinch\n|move|p1b: Obama|Aurora Veil||[still]\n|-fail|p1b: Obama\n|\n|-weather|RainDance|[upkeep]\n|upkeep\n|turn|4\n|\n|t:|1699570558\n|move|p1b: Obama|Protect|p1b: Obama\n|-singleturn|p1b: Obama|Protect\n|move|p2a: Roaring Moon|Acrobatics|p1a: Rascal\n|-damage|p1a: Rascal|0 fnt\n|faint|p1a: Rascal\n|move|p2b: Tornadus|Bleakwind Storm|p1b: Obama\n|-activate|p1b: Obama|move: Protect\n|\n|-weather|RainDance|[upkeep]\n|-sideend|p2: Ravvenn98|move: Tailwind\n|upkeep\n|\n|t:|1699570568\n|switch|p1a: Lion|Arcanine, M, shiny|100\/100\n|-ability|p1a: Lion|Intimidate|boost\n|-unboost|p2a: Roaring Moon|atk|1\n|-unboost|p2b: Tornadus|atk|1\n|turn|5\n|\n|t:|1699570580\n|switch|p1b: Mousey|Maushold, shiny|100\/100\n|move|p1a: Lion|Extreme Speed|p2b: Tornadus\n|-damage|p2b: Tornadus|50\/100\n|move|p2b: Tornadus|Tailwind|p2b: Tornadus\n|-sidestart|p2: Ravvenn98|move: Tailwind\n|move|p2a: Roaring Moon|Acrobatics|p1a: Lion\n|-damage|p1a: Lion|47\/100\n|\n|-weather|RainDance|[upkeep]\n|upkeep\n|turn|6\n|\n|t:|1699570599\n|move|p2a: Roaring Moon|Acrobatics|p1b: Mousey\n|-damage|p1b: Mousey|5\/100\n|move|p2b: Tornadus|Bleakwind Storm|p1a: Lion|[spread] p1a,p1b\n|-damage|p1a: Lion|22\/100\n|-damage|p1b: Mousey|0 fnt\n|faint|p1b: Mousey\n|move|p1a: Lion|Psychic Fangs|p2b: Tornadus\n|-damage|p2b: Tornadus|7\/100\n|\n|-weather|RainDance|[upkeep]\n|upkeep\n|\n|t:|1699570609\n|switch|p1b: Obama|Abomasnow, M, shiny|28\/100\n|-weather|Snow|[from] ability: Snow Warning|[of] p1b: Obama\n|turn|7\n|\n|t:|1699570616\n|move|p1b: Obama|Protect|p1b: Obama\n|-singleturn|p1b: Obama|Protect\n|move|p1a: Lion|Extreme Speed|p2b: Tornadus\n|-damage|p2b: Tornadus|0 fnt\n|faint|p2b: Tornadus\n|move|p2a: Roaring Moon|Acrobatics|p1b: Obama\n|-activate|p1b: Obama|move: Protect\n|\n|-weather|Snow|[upkeep]\n|upkeep\n|\n|t:|1699570622\n|switch|p2b: Gholdengo|Gholdengo|100\/100\n|turn|8\n|\n|t:|1699570630\n|move|p2a: Roaring Moon|Acrobatics|p1b: Obama\n|-supereffective|p1b: Obama\n|-damage|p1b: Obama|0 fnt\n|faint|p1b: Obama\n|move|p2b: Gholdengo|Shadow Ball|p1a: Lion\n|-damage|p1a: Lion|0 fnt\n|faint|p1a: Lion\n|\n|win|Ravvenn98\n|raw|Tacolover420's rating: 1393 &rarr; <strong>1374<\/strong><br \/>(-19 for losing)\n|raw|Ravvenn98's rating: 1406 &rarr; <strong>1425<\/strong><br \/>(+19 for winning)\n|l|\u2606Tacolover420\n","uploadtime":1699570642,"views":24,"p1id":"tacolover420","p2id":"ravvenn98","formatid":"gen9doublesou","rating":1374,"private":0,"password":""}