{"id":"gen9doublesou-1983352841","p1":"Crvnxh","p2":"zzefx","format":"[Gen 9] Doubles OU","log":"|j|\u2606Crvnxh\n|j|\u2606zzefx\n|t:|1699121193\n|gametype|doubles\n|player|p1|Crvnxh|101|1139\n|player|p2|zzefx|barry|1094\n|teamsize|p1|6\n|teamsize|p2|6\n|gen|9\n|tier|[Gen 9] Doubles OU\n|rated|\n|rule|Species Clause: Limit one of each Pok\u00e9mon\n|rule|OHKO Clause: OHKO moves are banned\n|rule|Evasion Moves Clause: Evasion moves are banned\n|rule|Gravity Sleep Clause: The combination of sleep-inducing moves with imperfect accuracy and Gravity or Gigantamax Orbeetle are banned\n|rule|Endless Battle Clause: Forcing endless battles is banned\n|rule|HP Percentage Mod: HP is shown in percentages\n|clearpoke\n|poke|p1|Palafin, M|\n|poke|p1|Flutter Mane|\n|poke|p1|Arcanine, M|\n|poke|p1|Amoonguss, M|\n|poke|p1|Kingambit, F|\n|poke|p1|Great Tusk|\n|poke|p2|Garganacl, F|\n|poke|p2|Flutter Mane|\n|poke|p2|Hydreigon, F|\n|poke|p2|Garchomp, F|\n|poke|p2|Ogerpon-Hearthflame, F|\n|poke|p2|Rillaboom, F|\n|teampreview\n|inactive|Battle timer is ON: inactive players will automatically lose when time's up. (requested by zzefx)\n|c|\u2606Crvnxh|Garchomp fell off lil bro\n|\n|t:|1699121228\n|start\n|switch|p1a: Palafin|Palafin, M|100\/100\n|switch|p1b: Arcanine|Arcanine, M|100\/100\n|switch|p2a: Rillaboom|Rillaboom, F, shiny|100\/100\n|switch|p2b: Ogerpon|Ogerpon-Hearthflame, F|100\/100\n|-ability|p2b: Ogerpon|Mold Breaker\n|-fieldstart|move: Grassy Terrain|[from] ability: Grassy Surge|[of] p2a: Rillaboom\n|-ability|p1b: Arcanine|Intimidate|boost\n|-unboost|p2a: Rillaboom|atk|1\n|-unboost|p2b: Ogerpon|atk|1\n|turn|1\n|inactive|zzefx has 120 seconds left.\n|inactive|zzefx has 90 seconds left.\n|\n|t:|1699121305\n|detailschange|p1a: Palafin|Palafin-Hero, M\n|switch|p1a: Great Tusk|Great Tusk|100\/100\n|move|p2b: Ogerpon|Throat Chop|p1b: Arcanine\n|-damage|p1b: Arcanine|80\/100\n|-start|p1b: Arcanine|Throat Chop|[silent]\n|move|p2a: Rillaboom|Wood Hammer|p1a: Great Tusk\n|-supereffective|p1a: Great Tusk\n|-damage|p1a: Great Tusk|38\/100\n|-damage|p2a: Rillaboom|84\/100|[from] item: Rocky Helmet|[of] p1a: Great Tusk\n|-damage|p2a: Rillaboom|60\/100|[from] Recoil\n|cant|p1b: Arcanine|move: Throat Chop\n|\n|-heal|p2a: Rillaboom|66\/100|[from] Grassy Terrain\n|-heal|p1b: Arcanine|86\/100|[from] Grassy Terrain\n|-heal|p1a: Great Tusk|45\/100|[from] Grassy Terrain\n|upkeep\n|turn|2\n|inactive|zzefx has 90 seconds left.\n|inactive|Crvnxh has 120 seconds left.\n|inactive|Crvnxh has 90 seconds left.\n|\n|t:|1699121372\n|switch|p1b: Amoonguss|Amoonguss, M|100\/100\n|move|p2b: Ogerpon|Encore||[still]\n|-fail|p2b: Ogerpon\n|move|p2a: Rillaboom|U-turn|p1a: Great Tusk\n|-resisted|p1a: Great Tusk\n|-damage|p1a: Great Tusk|40\/100\n|-damage|p2a: Rillaboom|49\/100|[from] item: Rocky Helmet|[of] p1a: Great Tusk\n|inactive|zzefx has 60 seconds left.\n|\n|t:|1699121408\n|switch|p2a: Flutter Mane|Flutter Mane|100\/100|[from] U-turn\n|move|p1a: Great Tusk|Earthquake|p2b: Ogerpon|[spread] p1b,p2a,p2b\n|-damage|p1b: Amoonguss|80\/100\n|-damage|p2a: Flutter Mane|62\/100\n|-damage|p2b: Ogerpon|78\/100\n|\n|-heal|p2a: Flutter Mane|68\/100|[from] Grassy Terrain\n|-heal|p2b: Ogerpon|84\/100|[from] Grassy Terrain\n|-heal|p1a: Great Tusk|46\/100|[from] Grassy Terrain\n|-heal|p1b: Amoonguss|87\/100|[from] Grassy Terrain\n|-heal|p1b: Amoonguss|93\/100|[from] item: Black Sludge\n|upkeep\n|turn|3\n|inactive|zzefx has 60 seconds left.\n|\n|t:|1699121428\n|-terastallize|p2b: Ogerpon|Fire\n|detailschange|p2b: Ogerpon|Ogerpon-Hearthflame-Tera, F, tera:Fire\n|-ability|p2b: Ogerpon|Embody Aspect (Hearthflame)|boost\n|-boost|p2b: Ogerpon|atk|1\n|-terastallize|p1a: Great Tusk|Water\n|move|p2a: Flutter Mane|Dazzling Gleam|p1b: Amoonguss|[spread] p1a,p1b\n|-resisted|p1b: Amoonguss\n|-damage|p1a: Great Tusk|2\/100\n|-damage|p1b: Amoonguss|81\/100\n|move|p2b: Ogerpon|Ivy Cudgel|p1b: Amoonguss\n|-supereffective|p1b: Amoonguss\n|-crit|p1b: Amoonguss\n|-damage|p1b: Amoonguss|0 fnt\n|faint|p1b: Amoonguss\n|move|p1a: Great Tusk|Knock Off|p2a: Flutter Mane\n|-damage|p2a: Flutter Mane|0 fnt\n|-enditem|p2a: Flutter Mane|Choice Scarf|[from] move: Knock Off|[of] p1a: Great Tusk\n|faint|p2a: Flutter Mane\n|-end|p2a: Flutter Mane|Protosynthesis|[silent]\n|\n|-heal|p2b: Ogerpon|91\/100|[from] Grassy Terrain\n|-heal|p1a: Great Tusk|8\/100|[from] Grassy Terrain\n|upkeep\n|inactive|zzefx has 60 seconds left.\n|\n|t:|1699121469\n|switch|p2a: Hydreigon|Hydreigon, F|100\/100\n|switch|p1b: Arcanine|Arcanine, M|86\/100\n|-ability|p1b: Arcanine|Intimidate|boost\n|-unboost|p2a: Hydreigon|atk|1\n|-unboost|p2b: Ogerpon|atk|1\n|turn|4\n|inactive|Crvnxh has 120 seconds left.\n|inactive|zzefx has 60 seconds left.\n|\n|t:|1699121501\n|move|p2a: Hydreigon|Tailwind|p2a: Hydreigon\n|-sidestart|p2: zzefx|move: Tailwind\n|move|p2b: Ogerpon|Throat Chop|p1a: Great Tusk\n|-damage|p1a: Great Tusk|0 fnt\n|-damage|p2b: Ogerpon|74\/100|[from] item: Rocky Helmet|[of] p1a: Great Tusk\n|faint|p1a: Great Tusk\n|-end|p1a: Great Tusk|Protosynthesis|[silent]\n|move|p1b: Arcanine|Will-O-Wisp|p2a: Hydreigon\n|-status|p2a: Hydreigon|brn\n|\n|-heal|p2b: Ogerpon|80\/100|[from] Grassy Terrain\n|-heal|p1b: Arcanine|92\/100|[from] Grassy Terrain\n|-damage|p2a: Hydreigon|94\/100 brn|[from] brn\n|upkeep\n|inactive|Crvnxh has 90 seconds left.\n|\n|t:|1699121517\n|switch|p1a: Palafin|Palafin-Hero, M|100\/100\n|-activate|p1a: Palafin|ability: Zero to Hero\n|turn|5\n|c|\u2606Crvnxh|Now I cook\n|inactive|Crvnxh has 90 seconds left.\n|inactive|zzefx has 60 seconds left.\n|\n|t:|1699121570\n|move|p2b: Ogerpon|Spiky Shield|p2b: Ogerpon\n|-singleturn|p2b: Ogerpon|move: Protect\n|move|p1a: Palafin|Jet Punch|p2b: Ogerpon\n|-activate|p2b: Ogerpon|move: Protect\n|-damage|p1a: Palafin|88\/100|[from] Spiky Shield|[of] p2b: Ogerpon\n|move|p2a: Hydreigon|Dark Pulse|p1a: Palafin\n|-damage|p1a: Palafin|47\/100\n|move|p1b: Arcanine|Roar|p2a: Hydreigon\n|drag|p2a: Rillaboom|Rillaboom, F, shiny|49\/100\n|\n|-heal|p2b: Ogerpon|87\/100|[from] Grassy Terrain\n|-heal|p2a: Rillaboom|55\/100|[from] Grassy Terrain\n|-heal|p1a: Palafin|53\/100|[from] Grassy Terrain\n|-heal|p1a: Palafin|59\/100|[from] item: Leftovers\n|-heal|p1b: Arcanine|98\/100|[from] Grassy Terrain\n|-fieldend|move: Grassy Terrain\n|upkeep\n|turn|6\n|inactive|zzefx has 60 seconds left.\n|inactive|Crvnxh has 90 seconds left.\n|\n|t:|1699121605\n|move|p1a: Palafin|Jet Punch|p2b: Ogerpon\n|-supereffective|p2b: Ogerpon\n|-damage|p2b: Ogerpon|13\/100\n|move|p2b: Ogerpon|Encore|p1b: Arcanine\n|-start|p1b: Arcanine|Encore\n|move|p2a: Rillaboom|U-turn|p1a: Palafin\n|-damage|p1a: Palafin|36\/100\n|inactive|zzefx has 30 seconds left.\n|\n|t:|1699121618\n|switch|p2a: Garganacl|Garganacl, F|100\/100|[from] U-turn\n|move|p1b: Arcanine|Roar|p2a: Garganacl\n|drag|p2a: Garchomp|Garchomp, F|100\/100\n|\n|-heal|p1a: Palafin|42\/100|[from] item: Leftovers\n|upkeep\n|turn|7\n|inactive|Crvnxh has 90 seconds left.\n|\n|t:|1699121648\n|move|p2b: Ogerpon|Spiky Shield|p2b: Ogerpon\n|-singleturn|p2b: Ogerpon|move: Protect\n|move|p1a: Palafin|Jet Punch|p2a: Garchomp\n|-damage|p2a: Garchomp|65\/100\n|-damage|p1a: Palafin|30\/100|[from] ability: Rough Skin|[of] p2a: Garchomp\n|move|p2a: Garchomp|Earthquake|p1a: Palafin|[spread] p1a,p1b\n|-activate|p2b: Ogerpon|move: Protect\n|-supereffective|p1b: Arcanine\n|-damage|p1a: Palafin|0 fnt\n|-damage|p1b: Arcanine|0 fnt\n|faint|p1a: Palafin\n|faint|p1b: Arcanine\n|\n|-sideend|p2: zzefx|move: Tailwind\n|upkeep\n|\n|t:|1699121659\n|switch|p1a: Kingambit|Kingambit, F|100\/100\n|switch|p1b: Flutter Mane|Flutter Mane|100\/100\n|-activate|p1a: Kingambit|ability: Supreme Overlord\n|-start|p1a: Kingambit|fallen4|[silent]\n|turn|8\n|inactive|zzefx has 60 seconds left.\n|\n|t:|1699121681\n|move|p1a: Kingambit|Sucker Punch|p2b: Ogerpon\n|-damage|p2b: Ogerpon|0 fnt\n|faint|p2b: Ogerpon\n|move|p1b: Flutter Mane|Moonblast|p2a: Garchomp\n|-supereffective|p2a: Garchomp\n|-damage|p2a: Garchomp|0 fnt\n|faint|p2a: Garchomp\n|\n|upkeep\n|\n|t:|1699121691\n|switch|p2b: Garganacl|Garganacl, F|100\/100\n|switch|p2a: Rillaboom|Rillaboom, F, shiny|55\/100\n|-fieldstart|move: Grassy Terrain|[from] ability: Grassy Surge|[of] p2a: Rillaboom\n|turn|9\n|inactive|Crvnxh has 120 seconds left.\n|\n|t:|1699121704\n|move|p1b: Flutter Mane|Moonblast|p2b: Garganacl\n|-damage|p2b: Garganacl|46\/100\n|move|p2a: Rillaboom|Knock Off|p1b: Flutter Mane\n|-damage|p1b: Flutter Mane|26\/100\n|-enditem|p1b: Flutter Mane|Choice Specs|[from] move: Knock Off|[of] p2a: Rillaboom\n|move|p1a: Kingambit|Aerial Ace|p2a: Rillaboom\n|-supereffective|p2a: Rillaboom\n|-damage|p2a: Rillaboom|0 fnt\n|faint|p2a: Rillaboom\n|move|p2b: Garganacl|Salt Cure|p1a: Kingambit\n|-resisted|p1a: Kingambit\n|-damage|p1a: Kingambit|96\/100\n|-start|p1a: Kingambit|Salt Cure\n|\n|-heal|p1b: Flutter Mane|32\/100|[from] Grassy Terrain\n|-heal|p1a: Kingambit|100\/100|[from] Grassy Terrain\n|-heal|p2b: Garganacl|52\/100|[from] Grassy Terrain\n|-heal|p2b: Garganacl|58\/100|[from] item: Leftovers\n|-damage|p1a: Kingambit|75\/100|[from] Salt Cure\n|upkeep\n|inactive|zzefx has 60 seconds left.\n|\n|t:|1699121726\n|switch|p2a: Hydreigon|Hydreigon, F|94\/100 brn\n|turn|10\n|\n|t:|1699121739\n|move|p2a: Hydreigon|Protect|p2a: Hydreigon\n|-singleturn|p2a: Hydreigon|Protect\n|move|p1b: Flutter Mane|Moonblast|p2a: Hydreigon\n|-activate|p2a: Hydreigon|move: Protect\n|move|p1a: Kingambit|Swords Dance|p1a: Kingambit\n|-boost|p1a: Kingambit|atk|2\n|move|p2b: Garganacl|Body Press|p1b: Flutter Mane\n|-immune|p1b: Flutter Mane\n|\n|-heal|p1b: Flutter Mane|38\/100|[from] Grassy Terrain\n|-heal|p1a: Kingambit|82\/100|[from] Grassy Terrain\n|-heal|p2b: Garganacl|65\/100|[from] Grassy Terrain\n|-heal|p2b: Garganacl|71\/100|[from] item: Leftovers\n|-damage|p2a: Hydreigon|88\/100 brn|[from] brn\n|-damage|p1a: Kingambit|57\/100|[from] Salt Cure\n|upkeep\n|turn|11\n|c|\u2606Crvnxh|U just fumbled so bad bro\n|inactive|Crvnxh has 120 seconds left.\n|\n|t:|1699121776\n|move|p2a: Hydreigon|Protect||[still]\n|-fail|p2a: Hydreigon\n|move|p1b: Flutter Mane|Moonblast|p2a: Hydreigon\n|-supereffective|p2a: Hydreigon\n|-damage|p2a: Hydreigon|0 fnt\n|faint|p2a: Hydreigon\n|move|p1a: Kingambit|Swords Dance|p1a: Kingambit\n|-boost|p1a: Kingambit|atk|2\n|move|p2b: Garganacl|Salt Cure|p1b: Flutter Mane\n|-damage|p1b: Flutter Mane|13\/100\n|-start|p1b: Flutter Mane|Salt Cure\n|\n|-heal|p1b: Flutter Mane|19\/100|[from] Grassy Terrain\n|-heal|p1a: Kingambit|63\/100|[from] Grassy Terrain\n|-heal|p2b: Garganacl|77\/100|[from] Grassy Terrain\n|-heal|p2b: Garganacl|83\/100|[from] item: Leftovers\n|-damage|p1b: Flutter Mane|6\/100|[from] Salt Cure\n|-damage|p1a: Kingambit|38\/100|[from] Salt Cure\n|upkeep\n|turn|12\n|inactive|Crvnxh has 120 seconds left.\n|\n|t:|1699121799\n|move|p2b: Garganacl|Protect|p2b: Garganacl\n|-singleturn|p2b: Garganacl|Protect\n|move|p1b: Flutter Mane|Shadow Ball|p2b: Garganacl\n|-activate|p2b: Garganacl|move: Protect\n|move|p1a: Kingambit|Aerial Ace|p2b: Garganacl\n|-activate|p2b: Garganacl|move: Protect\n|\n|-heal|p1b: Flutter Mane|12\/100|[from] Grassy Terrain\n|-heal|p1a: Kingambit|44\/100|[from] Grassy Terrain\n|-heal|p2b: Garganacl|89\/100|[from] Grassy Terrain\n|-heal|p2b: Garganacl|96\/100|[from] item: Leftovers\n|-damage|p1b: Flutter Mane|0 fnt|[from] Salt Cure\n|faint|p1b: Flutter Mane\n|-end|p1b: Flutter Mane|Protosynthesis|[silent]\n|-damage|p1a: Kingambit|19\/100|[from] Salt Cure\n|upkeep\n|-enditem|p1a: Kingambit|Aguav Berry|[eat]\n|-heal|p1a: Kingambit|52\/100|[from] item: Aguav Berry\n|turn|13\n|inactive|zzefx has 90 seconds left.\n|\n|t:|1699121821\n|move|p1a: Kingambit|Sucker Punch|p2b: Garganacl\n|-damage|p2b: Garganacl|0 fnt\n|faint|p2b: Garganacl\n|\n|win|Crvnxh\n|raw|Crvnxh's rating: 1139 &rarr; <strong>1161<\/strong><br \/>(+22 for winning)\n|raw|zzefx's rating: 1094 &rarr; <strong>1073<\/strong><br \/>(-21 for losing)\n|l|\u2606zzefx\n","uploadtime":1699121830,"views":19,"p1id":"crvnxh","p2id":"zzefx","formatid":"gen9doublesou","rating":1073,"private":0,"password":""}