{"id":"gen9doublesou-1968995552","p1":"Bigred0506","p2":"PuppyPerson57","format":"[Gen 9] Doubles OU","log":"|j|\u2606Bigred0506\n|j|\u2606PuppyPerson57\n|t:|1697481396\n|gametype|doubles\n|player|p1|Bigred0506|hiker|1114\n|player|p2|PuppyPerson57|youngster|1154\n|teamsize|p1|6\n|teamsize|p2|6\n|gen|9\n|tier|[Gen 9] Doubles OU\n|rated|\n|rule|Species Clause: Limit one of each Pok\u00e9mon\n|rule|OHKO Clause: OHKO moves are banned\n|rule|Evasion Moves Clause: Evasion moves are banned\n|rule|Gravity Sleep Clause: The combination of sleep-inducing moves with imperfect accuracy and Gravity or Gigantamax Orbeetle are banned\n|rule|Endless Battle Clause: Forcing endless battles is banned\n|rule|HP Percentage Mod: HP is shown in percentages\n|clearpoke\n|poke|p1|Torterra, M|\n|poke|p1|Skeledirge, M|\n|poke|p1|Appletun, F|\n|poke|p1|Trevenant, M|\n|poke|p1|Leafeon, F|\n|poke|p1|Shiftry, M|\n|poke|p2|Fezandipiti, M|\n|poke|p2|Landorus-Therian, M|\n|poke|p2|Mienshao, M|\n|poke|p2|Grimmsnarl, M|\n|poke|p2|Arcanine-Hisui, M|\n|poke|p2|Gholdengo|\n|teampreview\n|inactive|Battle timer is ON: inactive players will automatically lose when time's up. (requested by PuppyPerson57)\n|inactive|Bigred0506 also wants the timer to be on.\n|\n|t:|1697481406\n|start\n|switch|p1a: Turkle|Torterra, M|100\/100\n|switch|p1b: Locke|Shiftry, M|100\/100\n|switch|p2a: Landorus|Landorus-Therian, M|100\/100\n|switch|p2b: Fezandipiti|Fezandipiti, M|100\/100\n|-ability|p2a: Landorus|Intimidate|boost\n|-unboost|p1a: Turkle|atk|1\n|-unboost|p1b: Locke|atk|1\n|turn|1\n|\n|t:|1697481422\n|move|p1b: Locke|Tailwind|p1b: Locke\n|-sidestart|p1: Bigred0506|move: Tailwind\n|move|p1a: Turkle|Shell Smash|p1a: Turkle\n|-unboost|p1a: Turkle|def|1\n|-unboost|p1a: Turkle|spd|1\n|-boost|p1a: Turkle|atk|2\n|-boost|p1a: Turkle|spa|2\n|-boost|p1a: Turkle|spe|2\n|move|p2b: Fezandipiti|Dazzling Gleam|p1b: Locke|[spread] p1a,p1b\n|-supereffective|p1b: Locke\n|-damage|p1a: Turkle|72\/100\n|-damage|p1b: Locke|55\/100\n|-status|p1b: Locke|tox|[from] ability: Toxic Chain|[of] p2b: Fezandipiti\n|move|p2a: Landorus|U-turn|p1b: Locke\n|-supereffective|p1b: Locke\n|-damage|p1b: Locke|0 fnt\n|faint|p1b: Locke\n|\n|t:|1697481436\n|switch|p2a: Mienshao|Mienshao, M|100\/100|[from] U-turn\n|\n|upkeep\n|\n|t:|1697481446\n|switch|p1b: Autumn|Leafeon, F|100\/100\n|turn|2\n|\n|t:|1697481460\n|switch|p1b: Hubert|Skeledirge, M|100\/100\n|move|p2a: Mienshao|Fake Out|p1a: Turkle\n|-damage|p1a: Turkle|53\/100\n|cant|p1a: Turkle|flinch\n|move|p2b: Fezandipiti|Icy Wind|p1b: Hubert|[spread] p1b\n|-miss|p2b: Fezandipiti|p1a: Turkle\n|-resisted|p1b: Hubert\n|-damage|p1b: Hubert|97\/100\n|-unboost|p1b: Hubert|spe|1\n|\n|upkeep\n|turn|3\n|\n|t:|1697481480\n|switch|p2a: Landorus|Landorus-Therian, M|100\/100\n|-ability|p2a: Landorus|Intimidate|boost\n|-unboost|p1a: Turkle|atk|1\n|-unboost|p1b: Hubert|atk|1\n|move|p1a: Turkle|Headlong Rush|p2b: Fezandipiti\n|-supereffective|p2b: Fezandipiti\n|-damage|p2b: Fezandipiti|0 fnt\n|-unboost|p1a: Turkle|def|1\n|-unboost|p1a: Turkle|spd|1\n|faint|p2b: Fezandipiti\n|move|p1b: Hubert|Torch Song|p2a: Landorus\n|-damage|p2a: Landorus|63\/100\n|-boost|p1b: Hubert|spa|1\n|-enditem|p1b: Hubert|Throat Spray\n|-boost|p1b: Hubert|spa|1|[from] item: Throat Spray\n|\n|upkeep\n|\n|t:|1697481494\n|switch|p2b: Mienshao|Mienshao, M|100\/100\n|turn|4\n|\n|t:|1697481506\n|move|p1a: Turkle|Bullet Seed|p2b: Mienshao\n|-damage|p2b: Mienshao|80\/100\n|-damage|p2b: Mienshao|59\/100\n|-damage|p2b: Mienshao|36\/100\n|-damage|p2b: Mienshao|15\/100\n|-hitcount|p2b: Mienshao|4\n|move|p2b: Mienshao|Knock Off|p1a: Turkle\n|-damage|p1a: Turkle|0 fnt\n|-enditem|p1a: Turkle|Loaded Dice|[from] move: Knock Off|[of] p2b: Mienshao\n|faint|p1a: Turkle\n|move|p1b: Hubert|Shadow Ball|p2a: Landorus\n|-damage|p2a: Landorus|0 fnt\n|faint|p2a: Landorus\n|\n|-sideend|p1: Bigred0506|move: Tailwind\n|upkeep\n|\n|t:|1697481520\n|switch|p1a: Terrance|Trevenant, M|100\/100\n|switch|p2a: Grimmsnarl|Grimmsnarl, M|100\/100\n|turn|5\n|\n|t:|1697481535\n|move|p2a: Grimmsnarl|Light Screen|p2a: Grimmsnarl\n|-sidestart|p2: PuppyPerson57|move: Light Screen\n|move|p2b: Mienshao|Knock Off|p1b: Hubert\n|-supereffective|p1b: Hubert\n|-damage|p1b: Hubert|60\/100\n|move|p1a: Terrance|X-Scissor|p2a: Grimmsnarl\n|-damage|p2a: Grimmsnarl|75\/100\n|move|p1b: Hubert|Torch Song|p2b: Mienshao\n|-damage|p2b: Mienshao|0 fnt\n|-boost|p1b: Hubert|spa|1\n|faint|p2b: Mienshao\n|\n|upkeep\n|\n|t:|1697481547\n|switch|p2b: Arcanine|Arcanine-Hisui, M|100\/100\n|turn|6\n|\n|t:|1697481568\n|-terastallize|p1a: Terrance|Ghost\n|move|p2a: Grimmsnarl|Parting Shot|p1b: Hubert\n|-unboost|p1b: Hubert|atk|1\n|-unboost|p1b: Hubert|spa|1\n|\n|t:|1697481573\n|switch|p2a: Gholdengo|Gholdengo|100\/100|[from] Parting Shot\n|move|p2b: Arcanine|Head Smash|p1b: Hubert|[miss]\n|-miss|p2b: Arcanine|p1b: Hubert\n|move|p1a: Terrance|Phantom Force||[still]\n|-prepare|p1a: Terrance|Phantom Force\n|move|p1b: Hubert|Earth Power|p2b: Arcanine\n|-supereffective|p2b: Arcanine\n|-damage|p2b: Arcanine|0 fnt\n|faint|p2b: Arcanine\n|\n|upkeep\n|\n|t:|1697481583\n|switch|p2b: Grimmsnarl|Grimmsnarl, M|75\/100\n|turn|7\n|\n|t:|1697481610\n|move|p2b: Grimmsnarl|Reflect|p2b: Grimmsnarl\n|-sidestart|p2: PuppyPerson57|Reflect\n|move|p2a: Gholdengo|Shadow Ball|p1b: Hubert\n|-supereffective|p1b: Hubert\n|-damage|p1b: Hubert|0 fnt\n|faint|p1b: Hubert\n|move|p1a: Terrance|Phantom Force|p2b: Grimmsnarl|[from]lockedmove\n|-resisted|p2b: Grimmsnarl\n|-damage|p2b: Grimmsnarl|54\/100\n|\n|upkeep\n|\n|t:|1697481625\n|switch|p1b: Autumn|Leafeon, F|100\/100\n|turn|8\n|\n|t:|1697481638\n|move|p2b: Grimmsnarl|Parting Shot|p1b: Autumn\n|-unboost|p1b: Autumn|atk|1\n|-unboost|p1b: Autumn|spa|1\n|move|p1b: Autumn|Knock Off|p2a: Gholdengo\n|-supereffective|p2a: Gholdengo\n|-damage|p2a: Gholdengo|62\/100\n|-enditem|p2a: Gholdengo|Choice Specs|[from] move: Knock Off|[of] p1b: Autumn\n|-damage|p1b: Autumn|91\/100|[from] item: Life Orb\n|move|p2a: Gholdengo|Shadow Ball|p1a: Terrance\n|-supereffective|p1a: Terrance\n|-damage|p1a: Terrance|9\/100\n|-enditem|p1a: Terrance|Sitrus Berry|[eat]\n|-heal|p1a: Terrance|34\/100|[from] item: Sitrus Berry\n|move|p1a: Terrance|Phantom Force||[still]\n|-prepare|p1a: Terrance|Phantom Force\n|\n|-item|p1a: Terrance|Sitrus Berry|[from] ability: Harvest\n|upkeep\n|-enditem|p1a: Terrance|Sitrus Berry|[eat]\n|-heal|p1a: Terrance|59\/100|[from] item: Sitrus Berry\n|turn|9\n|\n|t:|1697481668\n|move|p2b: Grimmsnarl|Parting Shot|p1b: Autumn\n|-unboost|p1b: Autumn|atk|1\n|-unboost|p1b: Autumn|spa|1\n|move|p1b: Autumn|Swords Dance|p1b: Autumn\n|-boost|p1b: Autumn|atk|2\n|move|p2a: Gholdengo|Shadow Ball|p1b: Autumn\n|-crit|p1b: Autumn\n|-damage|p1b: Autumn|0 fnt\n|faint|p1b: Autumn\n|move|p1a: Terrance|Phantom Force|p2a: Gholdengo|[from]lockedmove\n|-supereffective|p2a: Gholdengo\n|-damage|p2a: Gholdengo|0 fnt\n|faint|p2a: Gholdengo\n|\n|-item|p1a: Terrance|Sitrus Berry|[from] ability: Harvest\n|upkeep\n|\n|t:|1697481681\n|switch|p1b: Granny|Appletun, F, shiny|100\/100\n|turn|10\n|\n|t:|1697481690\n|move|p2b: Grimmsnarl|Spirit Break|p1b: Granny\n|-supereffective|p1b: Granny\n|-damage|p1b: Granny|41\/100\n|-unboost|p1b: Granny|spa|1\n|move|p1a: Terrance|X-Scissor|p2b: Grimmsnarl\n|-damage|p2b: Grimmsnarl|36\/100\n|move|p1b: Granny|Leech Seed|p2b: Grimmsnarl\n|-start|p2b: Grimmsnarl|move: Leech Seed\n|\n|-heal|p1b: Granny|47\/100|[from] item: Leftovers\n|-damage|p2b: Grimmsnarl|24\/100|[from] Leech Seed|[of] p1b: Granny\n|-heal|p1b: Granny|59\/100|[silent]\n|upkeep\n|turn|11\n|\n|t:|1697481703\n|move|p2b: Grimmsnarl|Spirit Break|p1b: Granny\n|-supereffective|p1b: Granny\n|-damage|p1b: Granny|0 fnt\n|faint|p1b: Granny\n|move|p1a: Terrance|Substitute|p1a: Terrance\n|-start|p1a: Terrance|Substitute\n|-damage|p1a: Terrance|34\/100\n|-enditem|p1a: Terrance|Sitrus Berry|[eat]\n|-heal|p1a: Terrance|59\/100|[from] item: Sitrus Berry\n|\n|upkeep\n|turn|12\n|\n|t:|1697481720\n|move|p2b: Grimmsnarl|Spirit Break|p1a: Terrance\n|-end|p1a: Terrance|Substitute\n|move|p1a: Terrance|X-Scissor|p2b: Grimmsnarl\n|-damage|p2b: Grimmsnarl|6\/100\n|\n|-sideend|p2: PuppyPerson57|move: Light Screen\n|upkeep\n|turn|13\n|\n|t:|1697481729\n|move|p2b: Grimmsnarl|Spirit Break|p1a: Terrance\n|-damage|p1a: Terrance|23\/100\n|-unboost|p1a: Terrance|spa|1\n|move|p1a: Terrance|Substitute|p1a: Terrance\n|-fail|p1a: Terrance|move: Substitute|[weak]\n|\n|-item|p1a: Terrance|Sitrus Berry|[from] ability: Harvest\n|upkeep\n|-enditem|p1a: Terrance|Sitrus Berry|[eat]\n|-heal|p1a: Terrance|48\/100|[from] item: Sitrus Berry\n|turn|14\n|\n|t:|1697481740\n|move|p2b: Grimmsnarl|Spirit Break|p1a: Terrance\n|-damage|p1a: Terrance|14\/100\n|-unboost|p1a: Terrance|spa|1\n|move|p1a: Terrance|X-Scissor|p2b: Grimmsnarl\n|-damage|p2b: Grimmsnarl|0 fnt\n|faint|p2b: Grimmsnarl\n|\n|win|Bigred0506\n|raw|Bigred0506's rating: 1114 &rarr; <strong>1142<\/strong><br \/>(+28 for winning)\n|raw|PuppyPerson57's rating: 1154 &rarr; <strong>1126<\/strong><br \/>(-28 for losing)\n|l|\u2606PuppyPerson57\n","uploadtime":1697481746,"views":9,"p1id":"bigred0506","p2id":"puppyperson57","formatid":"gen9doublesou","rating":1126,"private":0,"password":""}