{"id":"gen9doublesou-1990554083","p1":"JoSuBiP","p2":"bananaszn","format":"[Gen 9] Doubles OU","log":"|j|\u2606JoSuBiP\n|j|\u2606bananaszn\n|t:|1699980969\n|gametype|doubles\n|player|p1|JoSuBiP|ingo|1483\n|player|p2|bananaszn|brycen|1313\n|teamsize|p1|6\n|teamsize|p2|6\n|gen|9\n|tier|[Gen 9] Doubles OU\n|rated|\n|rule|Species Clause: Limit one of each Pok\u00e9mon\n|rule|OHKO Clause: OHKO moves are banned\n|rule|Evasion Moves Clause: Evasion moves are banned\n|rule|Gravity Sleep Clause: The combination of sleep-inducing moves with imperfect accuracy and Gravity or Gigantamax Orbeetle are banned\n|rule|Endless Battle Clause: Forcing endless battles is banned\n|rule|HP Percentage Mod: HP is shown in percentages\n|clearpoke\n|poke|p1|Glimmora, M|\n|poke|p1|Landorus-Therian, M|\n|poke|p1|Chien-Pao|\n|poke|p1|Dragonite, M|\n|poke|p1|Heatran, F|\n|poke|p1|Iron Bundle|\n|poke|p2|Poliwrath, F|\n|poke|p2|Pelipper, M|\n|poke|p2|Basculegion-F, F|\n|poke|p2|Zapdos|\n|poke|p2|Landorus, M|\n|poke|p2|Tsareena, F|\n|teampreview\n|\n|t:|1699980996\n|start\n|switch|p1a: Iron Bundle|Iron Bundle|100\/100\n|switch|p1b: Glimmora|Glimmora, M|100\/100\n|switch|p2a: Pelipper|Pelipper, M|100\/100\n|switch|p2b: Zapdos|Zapdos|100\/100\n|-weather|RainDance|[from] ability: Drizzle|[of] p2a: Pelipper\n|-enditem|p1a: Iron Bundle|Booster Energy\n|-activate|p1a: Iron Bundle|ability: Quark Drive|[fromitem]\n|-start|p1a: Iron Bundle|quarkdrivespe\n|turn|1\n|\n|t:|1699981015\n|move|p2a: Pelipper|Wide Guard|p2a: Pelipper\n|-singleturn|p2a: Pelipper|Wide Guard\n|move|p1a: Iron Bundle|Icy Wind|p2a: Pelipper|[spread] \n|-activate|p2a: Pelipper|move: Wide Guard\n|-activate|p2b: Zapdos|move: Wide Guard\n|move|p1b: Glimmora|Stealth Rock|p2b: Zapdos\n|-sidestart|p2: bananaszn|move: Stealth Rock\n|move|p2b: Zapdos|Volt Switch|p1a: Iron Bundle\n|-supereffective|p1a: Iron Bundle\n|-damage|p1a: Iron Bundle|0 fnt\n|faint|p1a: Iron Bundle\n|-end|p1a: Iron Bundle|Quark Drive|[silent]\n|\n|t:|1699981030\n|switch|p2b: Tsareena|Tsareena, F|100\/100|[from] Volt Switch\n|-damage|p2b: Tsareena|88\/100|[from] Stealth Rock\n|\n|-weather|RainDance|[upkeep]\n|upkeep\n|\n|t:|1699981046\n|switch|p1a: Landorus|Landorus-Therian, M, shiny|100\/100\n|-ability|p1a: Landorus|Intimidate|boost\n|-unboost|p2a: Pelipper|atk|1\n|-unboost|p2b: Tsareena|atk|1\n|turn|2\n|\n|t:|1699981057\n|move|p2a: Pelipper|Wide Guard|p2a: Pelipper\n|-singleturn|p2a: Pelipper|Wide Guard\n|move|p1b: Glimmora|Mortal Spin|p2b: Tsareena|[spread] \n|-activate|p2a: Pelipper|move: Wide Guard\n|-activate|p2b: Tsareena|move: Wide Guard\n|move|p1a: Landorus|U-turn|p2b: Tsareena\n|-supereffective|p2b: Tsareena\n|-damage|p2b: Tsareena|28\/100\n|\n|t:|1699981071\n|switch|p1a: Heatran|Heatran, F|100\/100|[from] U-turn\n|move|p2b: Tsareena|Rapid Spin|p1a: Heatran\n|-resisted|p1a: Heatran\n|-damage|p1a: Heatran|96\/100\n|-boost|p2b: Tsareena|spe|1\n|-sideend|p2: bananaszn|Stealth Rock|[from] move: Rapid Spin|[of] p2b: Tsareena\n|\n|-weather|RainDance|[upkeep]\n|-heal|p1a: Heatran|100\/100|[from] item: Leftovers\n|upkeep\n|turn|3\n|\n|t:|1699981086\n|switch|p2b: Landorus|Landorus, M|100\/100\n|move|p1a: Heatran|Protect|p1a: Heatran\n|-singleturn|p1a: Heatran|Protect\n|move|p1b: Glimmora|Mortal Spin|p2b: Landorus|[spread] p2a,p2b\n|-resisted|p2b: Landorus\n|-damage|p2a: Pelipper|97\/100\n|-damage|p2b: Landorus|98\/100\n|-status|p2a: Pelipper|psn\n|-status|p2b: Landorus|psn\n|move|p2a: Pelipper|Tailwind|p2a: Pelipper\n|-sidestart|p2: bananaszn|move: Tailwind\n|\n|-weather|RainDance|[upkeep]\n|-damage|p2b: Landorus|85\/100 psn|[from] psn\n|-damage|p2a: Pelipper|84\/100 psn|[from] psn\n|upkeep\n|turn|4\n|\n|t:|1699981106\n|switch|p1a: Landorus|Landorus-Therian, M, shiny|100\/100\n|-ability|p1a: Landorus|Intimidate|boost\n|-unboost|p2a: Pelipper|atk|1\n|-unboost|p2b: Landorus|atk|1\n|move|p2b: Landorus|Sandsear Storm|p1a: Landorus|[spread] p1b\n|-immune|p1a: Landorus\n|-supereffective|p1b: Glimmora\n|-enditem|p1b: Glimmora|Focus Sash\n|-damage|p1b: Glimmora|1\/100\n|move|p2a: Pelipper|Hydro Pump|p1b: Glimmora\n|-supereffective|p1b: Glimmora\n|-damage|p1b: Glimmora|0 fnt\n|faint|p1b: Glimmora\n|\n|-weather|RainDance|[upkeep]\n|-damage|p2b: Landorus|73\/100 psn|[from] psn\n|-damage|p2a: Pelipper|72\/100 psn|[from] psn\n|upkeep\n|\n|t:|1699981121\n|switch|p1b: Chien-Pao|Chien-Pao|100\/100\n|-ability|p1b: Chien-Pao|Sword of Ruin\n|turn|5\n|\n|t:|1699981142\n|switch|p2b: Poliwrath|Poliwrath, F|100\/100\n|move|p2a: Pelipper|Hydro Pump|p1a: Landorus\n|-supereffective|p1a: Landorus\n|-damage|p1a: Landorus|27\/100\n|move|p1b: Chien-Pao|Ice Spinner|p2a: Pelipper\n|-crit|p2a: Pelipper\n|-damage|p2a: Pelipper|9\/100 psn\n|move|p1a: Landorus|Rock Slide|p2a: Pelipper|[spread] p2a\n|-miss|p1a: Landorus|p2b: Poliwrath\n|-supereffective|p2a: Pelipper\n|-damage|p2a: Pelipper|0 fnt\n|faint|p2a: Pelipper\n|\n|-weather|RainDance|[upkeep]\n|upkeep\n|\n|t:|1699981160\n|switch|p2a: Zapdos|Zapdos|100\/100\n|turn|6\n|\n|t:|1699981181\n|move|p1b: Chien-Pao|Protect|p1b: Chien-Pao\n|-singleturn|p1b: Chien-Pao|Protect\n|move|p2b: Poliwrath|Close Combat|p1b: Chien-Pao\n|-activate|p1b: Chien-Pao|move: Protect\n|move|p2a: Zapdos|Hurricane|p1a: Landorus\n|-damage|p1a: Landorus|0 fnt\n|faint|p1a: Landorus\n|\n|-weather|RainDance|[upkeep]\n|-sideend|p2: bananaszn|move: Tailwind\n|upkeep\n|\n|t:|1699981197\n|switch|p1a: Dragonite|Dragonite, M|100\/100\n|turn|7\n|\n|t:|1699981219\n|-terastallize|p1b: Chien-Pao|Ghost\n|move|p2b: Poliwrath|Close Combat|p1b: Chien-Pao\n|-immune|p1b: Chien-Pao\n|move|p1b: Chien-Pao|Ice Spinner|p2a: Zapdos\n|-supereffective|p2a: Zapdos\n|-damage|p2a: Zapdos|0 fnt\n|faint|p2a: Zapdos\n|move|p1a: Dragonite|Ice Spinner|p2b: Poliwrath\n|-resisted|p2b: Poliwrath\n|-damage|p2b: Poliwrath|65\/100\n|\n|-weather|RainDance|[upkeep]\n|upkeep\n|\n|t:|1699981232\n|switch|p2a: Basculegion|Basculegion-F, F|100\/100\n|turn|8\n|\n|t:|1699981241\n|switch|p2b: Tsareena|Tsareena, F|28\/100\n|move|p1b: Chien-Pao|Sucker Punch||[still]\n|cant|p2b: Tsareena|ability: Queenly Majesty|Sucker Punch|[of] p1b: Chien-Pao\n|move|p2a: Basculegion|Last Respects|p1b: Chien-Pao\n|-supereffective|p1b: Chien-Pao\n|-enditem|p1b: Chien-Pao|Focus Sash\n|-damage|p1b: Chien-Pao|1\/100\n|move|p1a: Dragonite|Ice Spinner|p2a: Basculegion\n|-resisted|p2a: Basculegion\n|-damage|p2a: Basculegion|59\/100\n|\n|-weather|none\n|upkeep\n|turn|9\n|\n|t:|1699981270\n|move|p1b: Chien-Pao|Protect|p1b: Chien-Pao\n|-singleturn|p1b: Chien-Pao|Protect\n|move|p2a: Basculegion|Last Respects|p1b: Chien-Pao\n|-activate|p1b: Chien-Pao|move: Protect\n|move|p1a: Dragonite|Ice Spinner|p2b: Tsareena\n|-supereffective|p2b: Tsareena\n|-crit|p2b: Tsareena\n|-damage|p2b: Tsareena|0 fnt\n|faint|p2b: Tsareena\n|\n|upkeep\n|\n|t:|1699981273\n|switch|p2b: Poliwrath|Poliwrath, F|65\/100\n|turn|10\n|\n|t:|1699981287\n|-terastallize|p2a: Basculegion|Water\n|move|p1b: Chien-Pao|Sucker Punch|p2a: Basculegion\n|-damage|p2a: Basculegion|2\/100\n|move|p2a: Basculegion|Last Respects|p1a: Dragonite\n|-damage|p1a: Dragonite|0 fnt\n|faint|p1a: Dragonite\n|move|p2b: Poliwrath|Liquidation|p1b: Chien-Pao\n|-damage|p1b: Chien-Pao|0 fnt\n|faint|p1b: Chien-Pao\n|\n|upkeep\n|\n|t:|1699981292\n|switch|p1b: Heatran|Heatran, F|100\/100\n|turn|11\n|\n|t:|1699981301\n|move|p2a: Basculegion|Last Respects|p1b: Heatran\n|-damage|p1b: Heatran|0 fnt\n|faint|p1b: Heatran\n|\n|win|bananaszn\n|raw|JoSuBiP's rating: 1483 &rarr; <strong>1454<\/strong><br \/>(-29 for losing)\n|raw|bananaszn's rating: 1313 &rarr; <strong>1342<\/strong><br \/>(+29 for winning)\n","uploadtime":1699981306,"views":6,"p1id":"josubip","p2id":"bananaszn","formatid":"gen9doublesou","rating":1342,"private":0,"password":""}