{"id":"gen9doublesou-1971208720","p1":"Leblades123","p2":"Trexvbh","format":"[Gen 9] Doubles OU","log":"|j|\u2606Leblades123\n|j|\u203dTrexvbh\n|t:|1697719921\n|gametype|doubles\n|player|p1|Leblades123|hiker-gen4|1163\n|player|p2|Trexvbh|170|1295\n|teamsize|p1|6\n|teamsize|p2|6\n|gen|9\n|tier|[Gen 9] Doubles OU\n|rated|\n|rule|Species Clause: Limit one of each Pok\u00e9mon\n|rule|OHKO Clause: OHKO moves are banned\n|rule|Evasion Moves Clause: Evasion moves are banned\n|rule|Gravity Sleep Clause: The combination of sleep-inducing moves with imperfect accuracy and Gravity or Gigantamax Orbeetle are banned\n|rule|Endless Battle Clause: Forcing endless battles is banned\n|rule|HP Percentage Mod: HP is shown in percentages\n|clearpoke\n|poke|p1|Ninetales-Alola, F|\n|poke|p1|Mamoswine, F|\n|poke|p1|Crabominable, M|\n|poke|p1|Sandslash-Alola, F|\n|poke|p1|Iron Bundle|\n|poke|p1|Chien-Pao|\n|poke|p2|Chi-Yu|\n|poke|p2|Tornadus, M|\n|poke|p2|Indeedee, M|\n|poke|p2|Armarouge, M|\n|poke|p2|Diancie|\n|poke|p2|Grimmsnarl, M|\n|teampreview\n|inactive|Battle timer is ON: inactive players will automatically lose when time's up. (requested by Trexvbh)\n|\n|t:|1697719931\n|start\n|switch|p1a: Ninetales|Ninetales-Alola, F|100\/100\n|switch|p1b: Iron Bundle|Iron Bundle|100\/100\n|switch|p2a: Chi-Yu|Chi-Yu|100\/100\n|switch|p2b: Tornadus|Tornadus, M|100\/100\n|-weather|Snow|[from] ability: Snow Warning|[of] p1a: Ninetales\n|-ability|p2a: Chi-Yu|Beads of Ruin\n|-enditem|p1b: Iron Bundle|Booster Energy\n|-activate|p1b: Iron Bundle|ability: Quark Drive|[fromitem]\n|-start|p1b: Iron Bundle|quarkdrivespe\n|turn|1\n|\n|t:|1697719947\n|move|p2b: Tornadus|Tailwind|p2b: Tornadus\n|-sidestart|p2: Trexvbh|move: Tailwind\n|move|p1b: Iron Bundle|Hydro Pump|p2a: Chi-Yu\n|-supereffective|p2a: Chi-Yu\n|-damage|p2a: Chi-Yu|0 fnt\n|faint|p2a: Chi-Yu\n|move|p1a: Ninetales|Aurora Veil|p1a: Ninetales\n|-sidestart|p1: Leblades123|move: Aurora Veil\n|\n|-weather|Snow|[upkeep]\n|upkeep\n|\n|t:|1697719955\n|switch|p2a: Diancie|Diancie|100\/100\n|turn|2\n|\n|t:|1697719975\n|move|p2b: Tornadus|Icy Wind|p1b: Iron Bundle|[spread] p1a,p1b\n|-resisted|p1a: Ninetales\n|-resisted|p1b: Iron Bundle\n|-damage|p1a: Ninetales|95\/100\n|-damage|p1b: Iron Bundle|96\/100\n|-unboost|p1a: Ninetales|spe|1\n|-unboost|p1b: Iron Bundle|spe|1\n|move|p1b: Iron Bundle|Encore|p2b: Tornadus\n|-start|p2b: Tornadus|Encore\n|move|p1a: Ninetales|Icy Wind|p2a: Diancie|[spread] p2a,p2b\n|-supereffective|p2b: Tornadus\n|-damage|p2a: Diancie|93\/100\n|-damage|p2b: Tornadus|64\/100\n|-unboost|p2b: Tornadus|spe|1\n|move|p2a: Diancie|Diamond Storm|p1b: Iron Bundle|[spread] p1a,p1b\n|-supereffective|p1a: Ninetales\n|-supereffective|p1b: Iron Bundle\n|-damage|p1a: Ninetales|57\/100\n|-damage|p1b: Iron Bundle|55\/100\n|-boost|p2a: Diancie|def|2\n|\n|-weather|Snow|[upkeep]\n|upkeep\n|turn|3\n|\n|t:|1697719999\n|switch|p1a: Sandslash|Sandslash-Alola, F|100\/100\n|move|p2b: Tornadus|Icy Wind|p1b: Iron Bundle|[spread] p1a,p1b\n|-resisted|p1a: Sandslash\n|-resisted|p1b: Iron Bundle\n|-damage|p1a: Sandslash|97\/100\n|-damage|p1b: Iron Bundle|50\/100\n|-unboost|p1a: Sandslash|spe|1\n|-unboost|p1b: Iron Bundle|spe|1\n|move|p1b: Iron Bundle|Ice Beam|p2b: Tornadus\n|-supereffective|p2b: Tornadus\n|-damage|p2b: Tornadus|0 fnt\n|faint|p2b: Tornadus\n|move|p2a: Diancie|Diamond Storm|p1a: Sandslash|[spread] p1a,p1b\n|-supereffective|p1b: Iron Bundle\n|-damage|p1a: Sandslash|82\/100\n|-damage|p1b: Iron Bundle|14\/100\n|-boost|p2a: Diancie|def|2\n|\n|-weather|Snow|[upkeep]\n|upkeep\n|inactive|Trexvbh has 120 seconds left.\n|\n|t:|1697720017\n|switch|p2b: Grimmsnarl|Grimmsnarl, M|100\/100\n|turn|4\n|\n|t:|1697720040\n|move|p2b: Grimmsnarl|Light Screen|p2b: Grimmsnarl\n|-sidestart|p2: Trexvbh|move: Light Screen\n|move|p1b: Iron Bundle|Ice Beam|p2a: Diancie\n|-damage|p2a: Diancie|77\/100\n|move|p2a: Diancie|Body Press|p1a: Sandslash\n|-supereffective|p1a: Sandslash\n|-damage|p1a: Sandslash|0 fnt\n|faint|p1a: Sandslash\n|\n|-weather|Snow|[upkeep]\n|-sideend|p2: Trexvbh|move: Tailwind\n|upkeep\n|inactive|Leblades123 has 120 seconds left.\n|\n|t:|1697720060\n|switch|p1a: Chien-Pao|Chien-Pao|100\/100\n|-ability|p1a: Chien-Pao|Sword of Ruin\n|turn|5\n|inactive|Trexvbh has 120 seconds left.\n|\n|t:|1697720091\n|move|p2b: Grimmsnarl|Reflect|p2b: Grimmsnarl\n|-sidestart|p2: Trexvbh|Reflect\n|move|p1a: Chien-Pao|Sacred Sword|p2a: Diancie\n|-damage|p2a: Diancie|50\/100\n|-damage|p1a: Chien-Pao|91\/100|[from] item: Life Orb\n|move|p1b: Iron Bundle|Hydro Pump|p2a: Diancie\n|-supereffective|p2a: Diancie\n|-damage|p2a: Diancie|10\/100\n|move|p2a: Diancie|Diamond Storm|p1a: Chien-Pao|[spread] p1a,p1b\n|-supereffective|p1a: Chien-Pao\n|-supereffective|p1b: Iron Bundle\n|-damage|p1a: Chien-Pao|49\/100\n|-damage|p1b: Iron Bundle|0 fnt\n|faint|p1b: Iron Bundle\n|-end|p1b: Iron Bundle|Quark Drive|[silent]\n|\n|-weather|none\n|upkeep\n|\n|t:|1697720099\n|switch|p1b: Ninetales|Ninetales-Alola, F|57\/100\n|-weather|Snow|[from] ability: Snow Warning|[of] p1b: Ninetales\n|turn|6\n|\n|t:|1697720115\n|move|p1a: Chien-Pao|Sacred Sword|p2a: Diancie\n|-damage|p2a: Diancie|0 fnt\n|faint|p2a: Diancie\n|-damage|p1a: Chien-Pao|39\/100|[from] item: Life Orb\n|move|p1b: Ninetales|Aurora Veil||[still]\n|-fail|p1b: Ninetales\n|move|p2b: Grimmsnarl|Spirit Break|p1a: Chien-Pao\n|-supereffective|p1a: Chien-Pao\n|-damage|p1a: Chien-Pao|0 fnt\n|faint|p1a: Chien-Pao\n|\n|-weather|Snow|[upkeep]\n|upkeep\n|\n|t:|1697720132\n|switch|p1a: Crabominable|Crabominable, M|100\/100\n|switch|p2a: Armarouge|Armarouge, M|100\/100\n|turn|7\n|\n|t:|1697720146\n|switch|p2b: Indeedee|Indeedee, M|100\/100\n|-fieldstart|move: Psychic Terrain|[from] ability: Psychic Surge|[of] p2b: Indeedee\n|move|p2a: Armarouge|Expanding Force|p1a: Crabominable|[spread] p1a,p1b\n|-supereffective|p1a: Crabominable\n|-damage|p1a: Crabominable|2\/100\n|-damage|p1b: Ninetales|14\/100\n|move|p1b: Ninetales|Icy Wind|p2b: Indeedee|[spread] p2a,p2b\n|-resisted|p2a: Armarouge\n|-damage|p2a: Armarouge|95\/100\n|-damage|p2b: Indeedee|88\/100\n|-unboost|p2a: Armarouge|spe|1\n|-unboost|p2b: Indeedee|spe|1\n|move|p1a: Crabominable|Crabhammer|p2a: Armarouge\n|-supereffective|p2a: Armarouge\n|-damage|p2a: Armarouge|5\/100\n|\n|-weather|Snow|[upkeep]\n|upkeep\n|turn|8\n|inactive|Leblades123 has 120 seconds left.\n|\n|t:|1697720181\n|move|p1b: Ninetales|Blizzard|p2a: Armarouge|[spread] p2a,p2b\n|-resisted|p2a: Armarouge\n|-damage|p2a: Armarouge|0 fnt\n|-damage|p2b: Indeedee|63\/100\n|faint|p2a: Armarouge\n|move|p2b: Indeedee|Psychic|p1a: Crabominable\n|-supereffective|p1a: Crabominable\n|-damage|p1a: Crabominable|0 fnt\n|faint|p1a: Crabominable\n|\n|-weather|Snow|[upkeep]\n|-sideend|p1: Leblades123|move: Aurora Veil\n|upkeep\n|\n|t:|1697720185\n|switch|p2a: Grimmsnarl|Grimmsnarl, M|100\/100\n|switch|p1a: Mamoswine|Mamoswine, F|100\/100\n|turn|9\n|\n|t:|1697720203\n|move|p1b: Ninetales|Blizzard|p2b: Indeedee|[spread] p2a,p2b\n|-damage|p2a: Grimmsnarl|82\/100\n|-damage|p2b: Indeedee|38\/100\n|-status|p2b: Indeedee|frz\n|cant|p2b: Indeedee|frz\n|move|p1a: Mamoswine|Trailblaze|p2b: Indeedee\n|-damage|p2b: Indeedee|9\/100 frz\n|-boost|p1a: Mamoswine|spe|1\n|move|p2a: Grimmsnarl|Spirit Break|p1a: Mamoswine\n|-damage|p1a: Mamoswine|72\/100\n|-unboost|p1a: Mamoswine|spa|1\n|\n|-weather|Snow|[upkeep]\n|upkeep\n|turn|10\n|\n|t:|1697720230\n|move|p2a: Grimmsnarl|Thunder Wave|p1b: Ninetales\n|-activate|p1b: Ninetales|move: Psychic Terrain\n|move|p1b: Ninetales|Blizzard|p2b: Indeedee|[spread] p2a,p2b\n|-damage|p2a: Grimmsnarl|62\/100\n|-damage|p2b: Indeedee|0 fnt\n|faint|p2b: Indeedee\n|move|p1a: Mamoswine|High Horsepower|p2a: Grimmsnarl\n|-damage|p2a: Grimmsnarl|18\/100\n|\n|-weather|none\n|upkeep\n|turn|11\n|\n|t:|1697720254\n|move|p1b: Ninetales|Icy Wind|p2a: Grimmsnarl\n|-damage|p2a: Grimmsnarl|3\/100\n|-unboost|p2a: Grimmsnarl|spe|1\n|move|p1a: Mamoswine|Rock Blast|p2a: Grimmsnarl|[miss]\n|-miss|p1a: Mamoswine|p2a: Grimmsnarl\n|move|p2a: Grimmsnarl|Spirit Break|p1b: Ninetales\n|-damage|p1b: Ninetales|0 fnt\n|faint|p1b: Ninetales\n|\n|-sideend|p2: Trexvbh|move: Light Screen\n|-fieldend|move: Psychic Terrain\n|upkeep\n|turn|12\n|\n|t:|1697720271\n|move|p1a: Mamoswine|High Horsepower|p2a: Grimmsnarl\n|-damage|p2a: Grimmsnarl|0 fnt\n|faint|p2a: Grimmsnarl\n|\n|win|Leblades123\n|raw|Leblades123's rating: 1163 &rarr; <strong>1197<\/strong><br \/>(+34 for winning)\n|raw|Trexvbh's rating: 1295 &rarr; <strong>1261<\/strong><br \/>(-34 for losing)\n|l|\u203dTrexvbh\n","uploadtime":1697720285,"views":20,"p1id":"leblades123","p2id":"trexvbh","formatid":"gen9doublesou","rating":1197,"private":0,"password":""}