{"id":"gen9doublesou-1971544615","p1":"ChimeBliss","p2":"YungHurn1220","format":"[Gen 9] Doubles OU","log":"|j|\u2606ChimeBliss\n|j|\u2606YungHurn1220\n|t:|1697747085\n|gametype|doubles\n|player|p1|ChimeBliss|bianca|1076\n|player|p2|YungHurn1220|266|1183\n|teamsize|p1|6\n|teamsize|p2|6\n|gen|9\n|tier|[Gen 9] Doubles OU\n|rated|\n|rule|Species Clause: Limit one of each Pok\u00e9mon\n|rule|OHKO Clause: OHKO moves are banned\n|rule|Evasion Moves Clause: Evasion moves are banned\n|rule|Gravity Sleep Clause: The combination of sleep-inducing moves with imperfect accuracy and Gravity or Gigantamax Orbeetle are banned\n|rule|Endless Battle Clause: Forcing endless battles is banned\n|rule|HP Percentage Mod: HP is shown in percentages\n|clearpoke\n|poke|p1|Tornadus, M|\n|poke|p1|Iron Hands|\n|poke|p1|Rillaboom, M|\n|poke|p1|Flutter Mane|\n|poke|p1|Ogerpon-Hearthflame, F|\n|poke|p1|Heatran, F|\n|poke|p2|Politoed, M|\n|poke|p2|Pelipper, F|\n|poke|p2|Landorus, M|\n|poke|p2|Thundurus-Therian, M|\n|poke|p2|Tornadus, M|\n|poke|p2|Farigiraf, F|\n|teampreview\n|inactive|Battle timer is ON: inactive players will automatically lose when time's up. (requested by YungHurn1220)\n|inactive|ChimeBliss has 120 seconds left.\n|\n|t:|1697747126\n|start\n|switch|p1a: Tornadus|Tornadus, M|100\/100\n|switch|p1b: Flutter Mane|Flutter Mane|100\/100\n|switch|p2a: Politoed|Politoed, M|100\/100\n|switch|p2b: Tornadus|Tornadus, M|100\/100\n|-weather|RainDance|[from] ability: Drizzle|[of] p2a: Politoed\n|turn|1\n|\n|t:|1697747135\n|move|p2b: Tornadus|Taunt|p1a: Tornadus\n|-start|p1a: Tornadus|move: Taunt\n|cant|p1a: Tornadus|move: Taunt|Sunny Day\n|move|p1b: Flutter Mane|Moonblast|p2b: Tornadus\n|-enditem|p2b: Tornadus|Focus Sash\n|-damage|p2b: Tornadus|1\/100\n|move|p2a: Politoed|Icy Wind|p1a: Tornadus|[spread] p1a,p1b\n|-supereffective|p1a: Tornadus\n|-damage|p1a: Tornadus|81\/100\n|-damage|p1b: Flutter Mane|92\/100\n|-unboost|p1b: Flutter Mane|spe|1\n|\n|-weather|RainDance|[upkeep]\n|upkeep\n|turn|2\n|\n|t:|1697747156\n|-end|p1b: Flutter Mane|Protosynthesis|[silent]\n|switch|p1b: Rillaboom|Rillaboom, M|100\/100\n|-fieldstart|move: Grassy Terrain|[from] ability: Grassy Surge|[of] p1b: Rillaboom\n|move|p2b: Tornadus|Tailwind|p2b: Tornadus\n|-sidestart|p2: YungHurn1220|move: Tailwind\n|move|p2a: Politoed|Icy Wind|p1b: Rillaboom|[spread] p1a,p1b\n|-supereffective|p1a: Tornadus\n|-supereffective|p1b: Rillaboom\n|-damage|p1a: Tornadus|59\/100\n|-damage|p1b: Rillaboom|86\/100\n|-unboost|p1b: Rillaboom|spe|1\n|move|p1a: Tornadus|Bleakwind Storm|p2b: Tornadus|[spread] p2a,p2b\n|-damage|p2a: Politoed|80\/100\n|-damage|p2b: Tornadus|0 fnt\n|-unboost|p2a: Politoed|spe|1\n|faint|p2b: Tornadus\n|\n|-weather|RainDance|[upkeep]\n|-heal|p2a: Politoed|86\/100|[from] Grassy Terrain\n|-heal|p1b: Rillaboom|92\/100|[from] Grassy Terrain\n|upkeep\n|\n|t:|1697747166\n|switch|p2b: Landorus|Landorus, M|100\/100\n|turn|3\n|\n|t:|1697747190\n|switch|p2a: Farigiraf|Farigiraf, F|100\/100\n|move|p1b: Rillaboom|Fake Out||[still]\n|cant|p2a: Farigiraf|ability: Armor Tail|Fake Out|[of] p1b: Rillaboom\n|move|p2b: Landorus|Sludge Bomb|p1b: Rillaboom\n|-supereffective|p1b: Rillaboom\n|-damage|p1b: Rillaboom|39\/100\n|move|p1a: Tornadus|Bleakwind Storm|p2a: Farigiraf|[spread] p2a,p2b\n|-damage|p2a: Farigiraf|80\/100\n|-damage|p2b: Landorus|64\/100\n|\n|-weather|RainDance|[upkeep]\n|-heal|p2a: Farigiraf|86\/100|[from] Grassy Terrain\n|-heal|p1b: Rillaboom|45\/100|[from] Grassy Terrain\n|-end|p1a: Tornadus|move: Taunt\n|upkeep\n|turn|4\n|\n|t:|1697747208\n|move|p1a: Tornadus|Sunny Day|p1a: Tornadus\n|-weather|SunnyDay\n|move|p2b: Landorus|Sludge Bomb|p1b: Rillaboom\n|-supereffective|p1b: Rillaboom\n|-damage|p1b: Rillaboom|0 fnt\n|faint|p1b: Rillaboom\n|move|p2a: Farigiraf|Wish|p2a: Farigiraf\n|\n|-weather|SunnyDay|[upkeep]\n|-heal|p2a: Farigiraf|92\/100|[from] Grassy Terrain\n|upkeep\n|\n|t:|1697747220\n|switch|p1b: Flutter Mane|Flutter Mane|92\/100\n|-activate|p1b: Flutter Mane|ability: Protosynthesis\n|-start|p1b: Flutter Mane|protosynthesisspa\n|turn|5\n|\n|t:|1697747230\n|switch|p2b: Pelipper|Pelipper, F|100\/100\n|-weather|RainDance|[from] ability: Drizzle|[of] p2b: Pelipper\n|-end|p1b: Flutter Mane|Protosynthesis\n|switch|p2a: Politoed|Politoed, M|86\/100\n|move|p1a: Tornadus|Tailwind|p1a: Tornadus\n|-sidestart|p1: ChimeBliss|move: Tailwind\n|move|p1b: Flutter Mane|Moonblast|p2b: Pelipper\n|-crit|p2b: Pelipper\n|-damage|p2b: Pelipper|0 fnt\n|faint|p2b: Pelipper\n|\n|-weather|RainDance|[upkeep]\n|-heal|p2a: Politoed|100\/100|[from] move: Wish|[wisher] Farigiraf\n|-heal|p1b: Flutter Mane|98\/100|[from] Grassy Terrain\n|-sideend|p2: YungHurn1220|move: Tailwind\n|upkeep\n|\n|t:|1697747233\n|switch|p2b: Landorus|Landorus, M|64\/100\n|turn|6\n|\n|t:|1697747244\n|switch|p2b: Farigiraf|Farigiraf, F|92\/100\n|move|p1a: Tornadus|Sunny Day|p1a: Tornadus\n|-weather|SunnyDay\n|-activate|p1b: Flutter Mane|ability: Protosynthesis\n|-start|p1b: Flutter Mane|protosynthesisspa\n|move|p1b: Flutter Mane|Moonblast|p2b: Farigiraf\n|-damage|p2b: Farigiraf|29\/100\n|move|p2a: Politoed|Icy Wind|p1a: Tornadus|[spread] p1a,p1b\n|-supereffective|p1a: Tornadus\n|-damage|p1a: Tornadus|39\/100\n|-damage|p1b: Flutter Mane|91\/100\n|-unboost|p1b: Flutter Mane|spe|1\n|\n|-weather|SunnyDay|[upkeep]\n|-heal|p1b: Flutter Mane|97\/100|[from] Grassy Terrain\n|-heal|p2b: Farigiraf|35\/100|[from] Grassy Terrain\n|-fieldend|move: Grassy Terrain\n|upkeep\n|turn|7\n|\n|t:|1697747260\n|move|p2b: Farigiraf|Ally Switch|p2b: Farigiraf\n|swap|p2b: Farigiraf|0|[from] move: Ally Switch\n|move|p1a: Tornadus|Bleakwind Storm|p2b: Politoed|[spread] p2a,p2b\n|-damage|p2a: Farigiraf|15\/100\n|-damage|p2b: Politoed|81\/100\n|-enditem|p2a: Farigiraf|Aguav Berry|[eat]\n|-heal|p2a: Farigiraf|48\/100|[from] item: Aguav Berry\n|move|p1b: Flutter Mane|Moonblast|p2a: Farigiraf\n|-damage|p2a: Farigiraf|0 fnt\n|faint|p2a: Farigiraf\n|move|p2b: Politoed|Icy Wind|p1a: Tornadus|[spread] \n|-miss|p2b: Politoed|p1a: Tornadus\n|-miss|p2b: Politoed|p1b: Flutter Mane\n|\n|-weather|SunnyDay|[upkeep]\n|upkeep\n|\n|t:|1697747264\n|switch|p2a: Landorus|Landorus, M|64\/100\n|turn|8\n|\n|t:|1697747276\n|switch|p2a: Thundurus|Thundurus-Therian, M|100\/100\n|move|p1a: Tornadus|Bleakwind Storm|p2b: Politoed|[spread] p2a,p2b\n|-resisted|p2a: Thundurus\n|-damage|p2a: Thundurus|80\/100\n|-damage|p2b: Politoed|62\/100\n|move|p1b: Flutter Mane|Moonblast|p2a: Thundurus\n|-crit|p2a: Thundurus\n|-damage|p2a: Thundurus|0 fnt\n|faint|p2a: Thundurus\n|move|p2b: Politoed|Icy Wind|p1a: Tornadus|[spread] p1a,p1b\n|-supereffective|p1a: Tornadus\n|-damage|p1a: Tornadus|18\/100\n|-damage|p1b: Flutter Mane|90\/100\n|-unboost|p1b: Flutter Mane|spe|1\n|\n|-weather|SunnyDay|[upkeep]\n|-sideend|p1: ChimeBliss|move: Tailwind\n|upkeep\n|\n|t:|1697747278\n|switch|p2a: Landorus|Landorus, M|64\/100\n|turn|9\n|\n|t:|1697747287\n|-end|p1b: Flutter Mane|Protosynthesis|[silent]\n|switch|p1b: Ogerpon|Ogerpon-Hearthflame, F|100\/100\n|-ability|p1b: Ogerpon|Mold Breaker\n|move|p1a: Tornadus|Tailwind|p1a: Tornadus\n|-sidestart|p1: ChimeBliss|move: Tailwind\n|move|p2a: Landorus|Sludge Bomb|p1b: Ogerpon\n|-supereffective|p1b: Ogerpon\n|-damage|p1b: Ogerpon|15\/100\n|move|p2b: Politoed|Icy Wind|p1b: Ogerpon|[spread] p1a,p1b\n|-supereffective|p1a: Tornadus\n|-damage|p1a: Tornadus|0 fnt\n|-damage|p1b: Ogerpon|5\/100\n|-unboost|p1b: Ogerpon|spe|1\n|faint|p1a: Tornadus\n|\n|-weather|SunnyDay|[upkeep]\n|upkeep\n|\n|t:|1697747290\n|switch|p1a: Flutter Mane|Flutter Mane|90\/100\n|-activate|p1a: Flutter Mane|ability: Protosynthesis\n|-start|p1a: Flutter Mane|protosynthesisspa\n|turn|10\n|\n|t:|1697747296\n|move|p1a: Flutter Mane|Moonblast|p2a: Landorus\n|-damage|p2a: Landorus|0 fnt\n|faint|p2a: Landorus\n|move|p1b: Ogerpon|Horn Leech|p2b: Politoed\n|-supereffective|p2b: Politoed\n|-damage|p2b: Politoed|0 fnt\n|-heal|p1b: Ogerpon|43\/100|[from] drain|[of] p2b: Politoed\n|faint|p2b: Politoed\n|\n|win|ChimeBliss\n|raw|ChimeBliss's rating: 1076 &rarr; <strong>1113<\/strong><br \/>(+37 for winning)\n|raw|YungHurn1220's rating: 1183 &rarr; <strong>1151<\/strong><br \/>(-32 for losing)\n|l|\u2606YungHurn1220\n","uploadtime":1697747307,"views":9,"p1id":"chimebliss","p2id":"yunghurn1220","formatid":"gen9doublesou","rating":1113,"private":0,"password":""}