{"id":"gen9doublesou-1978375191","p1":"Alejofenix","p2":"ShiroAmamiya","format":"[Gen 9] Doubles OU","log":"|j|\u2606Alejofenix\n|j|\u2606ShiroAmamiya\n|t:|1698531010\n|gametype|doubles\n|player|p1|Alejofenix|red|\n|player|p2|ShiroAmamiya|silver|\n|teamsize|p1|6\n|teamsize|p2|6\n|gen|9\n|tier|[Gen 9] Doubles OU\n|rule|Species Clause: Limit one of each Pok\u00e9mon\n|rule|OHKO Clause: OHKO moves are banned\n|rule|Evasion Moves Clause: Evasion moves are banned\n|rule|Gravity Sleep Clause: The combination of sleep-inducing moves with imperfect accuracy and Gravity or Gigantamax Orbeetle are banned\n|rule|Endless Battle Clause: Forcing endless battles is banned\n|rule|HP Percentage Mod: HP is shown in percentages\n|clearpoke\n|poke|p1|Chien-Pao|\n|poke|p1|Dragonite, F|\n|poke|p1|Iron Hands|\n|poke|p1|Flutter Mane|\n|poke|p1|Thundurus-Therian, M|\n|poke|p1|Tornadus, M|\n|poke|p2|Gothitelle, F|\n|poke|p2|Flutter Mane|\n|poke|p2|Chi-Yu|\n|poke|p2|Torkoal, F|\n|poke|p2|Iron Hands|\n|poke|p2|Lilligant, F|\n|teampreview\n|\n|t:|1698531045\n|start\n|switch|p1a: Iron Hands|Iron Hands, shiny|100\/100\n|switch|p1b: Tornadus|Tornadus, M, shiny|100\/100\n|switch|p2a: Krillin|Torkoal, F|100\/100\n|switch|p2b: LadyGarden|Lilligant, F|100\/100\n|-weather|SunnyDay|[from] ability: Drought|[of] p2a: Krillin\n|turn|1\n|\n|t:|1698531059\n|move|p1a: Iron Hands|Fake Out|p2b: LadyGarden\n|-damage|p2b: LadyGarden|77\/100\n|move|p1b: Tornadus|Tailwind|p1b: Tornadus\n|-sidestart|p1: Alejofenix|move: Tailwind\n|cant|p2b: LadyGarden|flinch\n|move|p2a: Krillin|Eruption|p1a: Iron Hands|[spread] p1a,p1b\n|-damage|p1a: Iron Hands|45\/100\n|-damage|p1b: Tornadus|0 fnt\n|faint|p1b: Tornadus\n|\n|-weather|SunnyDay|[upkeep]\n|upkeep\n|\n|t:|1698531084\n|switch|p1b: Dragonite|Dragonite, F|100\/100\n|turn|2\n|\n|t:|1698531101\n|move|p2b: LadyGarden|Sleep Powder|p1b: Dragonite\n|-status|p1b: Dragonite|slp|[from] move: Sleep Powder\n|cant|p1b: Dragonite|slp\n|move|p1a: Iron Hands|Drain Punch|p2a: Krillin\n|-damage|p2a: Krillin|68\/100\n|-heal|p1a: Iron Hands|57\/100|[from] drain|[of] p2a: Krillin\n|move|p2a: Krillin|Eruption|p1b: Dragonite|[spread] p1a,p1b\n|-resisted|p1b: Dragonite\n|-damage|p1a: Iron Hands|23\/100\n|-damage|p1b: Dragonite|85\/100 slp\n|\n|-weather|SunnyDay|[upkeep]\n|upkeep\n|turn|3\n|\n|t:|1698531126\n|move|p2b: LadyGarden|Pollen Puff|p2a: Krillin\n|-heal|p2a: Krillin|100\/100\n|cant|p1b: Dragonite|slp\n|move|p1a: Iron Hands|Drain Punch|p2a: Krillin\n|-damage|p2a: Krillin|65\/100\n|-heal|p1a: Iron Hands|36\/100|[from] drain|[of] p2a: Krillin\n|move|p2a: Krillin|Eruption|p1b: Dragonite|[spread] p1a,p1b\n|-resisted|p1b: Dragonite\n|-damage|p1a: Iron Hands|3\/100\n|-damage|p1b: Dragonite|58\/100 slp\n|\n|-weather|SunnyDay|[upkeep]\n|upkeep\n|turn|4\n|\n|t:|1698531147\n|switch|p2a: Ghost|Flutter Mane|100\/100\n|-activate|p2a: Ghost|ability: Protosynthesis\n|-start|p2a: Ghost|protosynthesisspe\n|-terastallize|p1b: Dragonite|Normal\n|-curestatus|p1b: Dragonite|slp|[msg]\n|move|p1b: Dragonite|Extreme Speed|p2b: LadyGarden\n|-damage|p2b: LadyGarden|0 fnt\n|faint|p2b: LadyGarden\n|move|p1a: Iron Hands|Drain Punch|p2a: Ghost\n|-immune|p2a: Ghost\n|\n|-weather|SunnyDay|[upkeep]\n|-sideend|p1: Alejofenix|move: Tailwind\n|upkeep\n|\n|t:|1698531164\n|switch|p2b: GOD HAND!|Iron Hands|100\/100\n|turn|5\n|\n|t:|1698531184\n|switch|p1b: Flutter Mane|Flutter Mane, shiny|100\/100\n|-activate|p1b: Flutter Mane|ability: Protosynthesis\n|-start|p1b: Flutter Mane|protosynthesisspe\n|move|p2b: GOD HAND!|Fake Out|p1b: Flutter Mane\n|-immune|p1b: Flutter Mane\n|move|p2a: Ghost|Dazzling Gleam|p1a: Iron Hands|[spread] p1a,p1b\n|-supereffective|p1a: Iron Hands\n|-crit|p1a: Iron Hands\n|-damage|p1a: Iron Hands|0 fnt\n|-damage|p1b: Flutter Mane|62\/100\n|faint|p1a: Iron Hands\n|-end|p1a: Iron Hands|Quark Drive|[silent]\n|-damage|p2a: Ghost|91\/100|[from] item: Life Orb\n|\n|-weather|none\n|-end|p2a: Ghost|Protosynthesis\n|-end|p1b: Flutter Mane|Protosynthesis\n|upkeep\n|-enditem|p1b: Flutter Mane|Booster Energy\n|-activate|p1b: Flutter Mane|ability: Protosynthesis|[fromitem]\n|-start|p1b: Flutter Mane|protosynthesisspe\n|\n|t:|1698531196\n|switch|p1a: Chien-Pao|Chien-Pao|100\/100\n|-ability|p1a: Chien-Pao|Sword of Ruin\n|turn|6\n|\n|t:|1698531211\n|move|p2a: Ghost|Protect|p2a: Ghost\n|-singleturn|p2a: Ghost|Protect\n|move|p1a: Chien-Pao|Sucker Punch||[still]\n|-fail|p1a: Chien-Pao\n|move|p1b: Flutter Mane|Substitute|p1b: Flutter Mane\n|-start|p1b: Flutter Mane|Substitute\n|-damage|p1b: Flutter Mane|37\/100\n|move|p2b: GOD HAND!|Drain Punch|p1a: Chien-Pao\n|-supereffective|p1a: Chien-Pao\n|-enditem|p1a: Chien-Pao|Focus Sash\n|-damage|p1a: Chien-Pao|1\/100\n|\n|upkeep\n|turn|7\n|\n|t:|1698531225\n|move|p1a: Chien-Pao|Protect|p1a: Chien-Pao\n|-singleturn|p1a: Chien-Pao|Protect\n|move|p1b: Flutter Mane|Shadow Ball|p2a: Ghost\n|-supereffective|p2a: Ghost\n|-damage|p2a: Ghost|12\/100\n|move|p2a: Ghost|Dazzling Gleam|p1a: Chien-Pao|[spread] p1b\n|-activate|p1a: Chien-Pao|move: Protect\n|-end|p1b: Flutter Mane|Substitute\n|-damage|p2a: Ghost|2\/100|[from] item: Life Orb\n|move|p2b: GOD HAND!|Heavy Slam|p1b: Flutter Mane\n|-supereffective|p1b: Flutter Mane\n|-crit|p1b: Flutter Mane\n|-damage|p1b: Flutter Mane|0 fnt\n|faint|p1b: Flutter Mane\n|-end|p1b: Flutter Mane|Protosynthesis|[silent]\n|\n|upkeep\n|\n|t:|1698531242\n|switch|p1b: Thundurus|Thundurus-Therian, M, shiny|100\/100\n|turn|8\n|\n|t:|1698531253\n|move|p2a: Ghost|Protect|p2a: Ghost\n|-singleturn|p2a: Ghost|Protect\n|move|p1a: Chien-Pao|Sucker Punch||[still]\n|-fail|p1a: Chien-Pao\n|move|p1b: Thundurus|Psychic|p2b: GOD HAND!\n|-supereffective|p2b: GOD HAND!\n|-damage|p2b: GOD HAND!|51\/100\n|-damage|p1b: Thundurus|90\/100|[from] item: Life Orb\n|move|p2b: GOD HAND!|Drain Punch|p1a: Chien-Pao\n|-supereffective|p1a: Chien-Pao\n|-damage|p1a: Chien-Pao|0 fnt\n|-heal|p2b: GOD HAND!|52\/100|[from] drain|[of] p1a: Chien-Pao\n|faint|p1a: Chien-Pao\n|\n|upkeep\n|\n|t:|1698531256\n|switch|p1a: Dragonite|Dragonite, F, tera:Normal|58\/100\n|turn|9\n|\n|t:|1698531280\n|-terastallize|p2b: GOD HAND!|Steel\n|move|p2a: Ghost|Dazzling Gleam|p1a: Dragonite|[spread] p1a,p1b\n|-damage|p1a: Dragonite|16\/100\n|-damage|p1b: Thundurus|34\/100\n|-damage|p2a: Ghost|0 fnt|[from] item: Life Orb\n|faint|p2a: Ghost\n|-end|p2a: Ghost|Protosynthesis|[silent]\n|move|p1b: Thundurus|Dark Pulse|p2b: GOD HAND!\n|-damage|p2b: GOD HAND!|33\/100\n|-damage|p1b: Thundurus|24\/100|[from] item: Life Orb\n|move|p1a: Dragonite|Outrage|p2b: GOD HAND!\n|-resisted|p2b: GOD HAND!\n|-damage|p2b: GOD HAND!|0 fnt\n|faint|p2b: GOD HAND!\n|-end|p2b: GOD HAND!|Quark Drive|[silent]\n|\n|upkeep\n|\n|t:|1698531298\n|switch|p2a: Basura!|Chi-Yu|100\/100\n|switch|p2b: Krillin|Torkoal, F|65\/100\n|-ability|p2a: Basura!|Beads of Ruin\n|-weather|SunnyDay|[from] ability: Drought|[of] p2b: Krillin\n|turn|10\n|\n|t:|1698531316\n|move|p2a: Basura!|Heat Wave|p1b: Thundurus|[spread] p1a\n|-miss|p2a: Basura!|p1b: Thundurus\n|-damage|p1a: Dragonite|0 fnt\n|faint|p1a: Dragonite\n|move|p1b: Thundurus|Thunderbolt|p2a: Basura!\n|-damage|p2a: Basura!|24\/100\n|-status|p2a: Basura!|par\n|-damage|p1b: Thundurus|14\/100|[from] item: Life Orb\n|move|p2b: Krillin|Heat Wave|p1b: Thundurus\n|-damage|p1b: Thundurus|0 fnt\n|faint|p1b: Thundurus\n|\n|win|ShiroAmamiya\n","uploadtime":1698531332,"views":25,"p1id":"alejofenix","p2id":"shiroamamiya","formatid":"gen9doublesou","rating":0,"private":0,"password":""}