{"id":"gen9doublesou-1970079964","p1":"eragon11145","p2":"PrinceOfAllTacos","format":"[Gen 9] Doubles OU","log":"|j|\u2606eragon11145\n|j|\u2606PrinceOfAllTacos\n|inactive|Battle timer is ON: inactive players will automatically lose when time's up.\n|t:|1697592083\n|gametype|doubles\n|player|p1|eragon11145|#dwcopiii|\n|player|p2|PrinceOfAllTacos|#rbtt6teammewtwo|\n|teamsize|p1|6\n|teamsize|p2|6\n|gen|9\n|tier|[Gen 9] Doubles OU\n|rated|Tournament battle\n|rule|Species Clause: Limit one of each Pok\u00e9mon\n|rule|OHKO Clause: OHKO moves are banned\n|rule|Evasion Moves Clause: Evasion moves are banned\n|rule|Gravity Sleep Clause: The combination of sleep-inducing moves with imperfect accuracy and Gravity or Gigantamax Orbeetle are banned\n|rule|Endless Battle Clause: Forcing endless battles is banned\n|rule|HP Percentage Mod: HP is shown in percentages\n|clearpoke\n|poke|p1|Glimmora, M|\n|poke|p1|Dragonite, M|\n|poke|p1|Chien-Pao|\n|poke|p1|Flutter Mane|\n|poke|p1|Iron Hands|\n|poke|p1|Talonflame, M|\n|poke|p2|Rillaboom, F|\n|poke|p2|Ogerpon-Hearthflame, F|\n|poke|p2|Chien-Pao|\n|poke|p2|Dragonite, F|\n|poke|p2|Flutter Mane|\n|poke|p2|Basculegion, M|\n|teampreview\n|j|*Lady Monita \u263d\n|inactive|eragon11145 also wants the timer to be on.\n|c|\u2606PrinceOfAllTacos|i would roll you when the only team i have is your samplpe\n|c|\u2606PrinceOfAllTacos|l\n|c|\u2606eragon11145|every god damn I join a tours room tournament I play this team\n|c|\u2606eragon11145|glhf\n|c|\u2606PrinceOfAllTacos|its a fun team lol\n|inactive|eragon11145 has 120 seconds left.\n|inactive|PrinceOfAllTacos has 120 seconds left.\n|c|\u2606eragon11145|pro tip\n|c|\u2606eragon11145|replace protect on ogerpon with spiky shield\n|c|\u2606eragon11145|it's an error LOL\n|c|\u2606PrinceOfAllTacos|xD gotcha\n|c|\u2606eragon11145|I'm glad it's fun tho lol\n|inactive|eragon11145 has 90 seconds left.\n|\n|t:|1697592147\n|start\n|switch|p1a: Glimmora|Glimmora, M|100\/100\n|switch|p1b: Iron Hands|Iron Hands|100\/100\n|switch|p2a: Dragonite|Dragonite, F|100\/100\n|switch|p2b: Basculegion|Basculegion, M|100\/100\n|turn|1\n|\n|t:|1697592169\n|move|p2b: Basculegion|Flip Turn|p1b: Iron Hands\n|-damage|p1b: Iron Hands|76\/100\n|\n|t:|1697592172\n|switch|p2b: Rillaboom|Rillaboom, F|100\/100|[from] Flip Turn\n|-fieldstart|move: Grassy Terrain|[from] ability: Grassy Surge|[of] p2b: Rillaboom\n|move|p1a: Glimmora|Power Gem|p2a: Dragonite\n|-supereffective|p2a: Dragonite\n|-damage|p2a: Dragonite|28\/100\n|move|p2a: Dragonite|Stomping Tantrum|p1b: Iron Hands\n|-supereffective|p1b: Iron Hands\n|-damage|p1b: Iron Hands|22\/100\n|move|p1b: Iron Hands|Drain Punch|p2a: Dragonite\n|-resisted|p2a: Dragonite\n|-damage|p2a: Dragonite|7\/100\n|-heal|p1b: Iron Hands|31\/100|[from] drain|[of] p2a: Dragonite\n|\n|-heal|p1b: Iron Hands|37\/100|[from] Grassy Terrain\n|upkeep\n|turn|2\n|\n|t:|1697592192\n|-end|p1b: Iron Hands|Quark Drive|[silent]\n|switch|p1b: Talonflame|Talonflame, M|100\/100\n|move|p1a: Glimmora|Spiky Shield|p1a: Glimmora\n|-singleturn|p1a: Glimmora|move: Protect\n|move|p2b: Rillaboom|Fake Out|p1b: Talonflame\n|-damage|p1b: Talonflame|82\/100\n|move|p2a: Dragonite|Stomping Tantrum|p1a: Glimmora\n|-activate|p1a: Glimmora|move: Protect\n|-damage|p2a: Dragonite|0 fnt|[from] Spiky Shield|[of] p1a: Glimmora\n|faint|p2a: Dragonite\n|\n|upkeep\n|\n|t:|1697592200\n|switch|p2a: Flutter Mane|Flutter Mane|100\/100\n|turn|3\n|\n|t:|1697592208\n|switch|p2b: Basculegion|Basculegion, M|100\/100\n|move|p2a: Flutter Mane|Psyshock|p1a: Glimmora\n|-supereffective|p1a: Glimmora\n|-damage|p1a: Glimmora|9\/100\n|move|p1a: Glimmora|Mortal Spin|p2a: Flutter Mane|[spread] p2a,p2b\n|-resisted|p2b: Basculegion\n|-damage|p2a: Flutter Mane|92\/100\n|-damage|p2b: Basculegion|98\/100\n|-status|p2a: Flutter Mane|psn\n|-status|p2b: Basculegion|psn\n|move|p1b: Talonflame|Roost|p1b: Talonflame\n|-heal|p1b: Talonflame|100\/100\n|-singleturn|p1b: Talonflame|move: Roost\n|\n|-heal|p2b: Basculegion|100\/100 psn|[from] Grassy Terrain\n|-heal|p2a: Flutter Mane|98\/100 psn|[from] Grassy Terrain\n|-heal|p1a: Glimmora|15\/100|[from] Grassy Terrain\n|-damage|p2b: Basculegion|88\/100 psn|[from] psn\n|-damage|p2a: Flutter Mane|86\/100 psn|[from] psn\n|upkeep\n|turn|4\n|\n|t:|1697592230\n|switch|p1a: Chien-Pao|Chien-Pao|100\/100\n|-ability|p1a: Chien-Pao|Sword of Ruin\n|move|p1b: Talonflame|Brave Bird|p2b: Basculegion\n|-damage|p2b: Basculegion|7\/100 psn\n|-damage|p1b: Talonflame|71\/100|[from] Recoil\n|move|p2b: Basculegion|Flip Turn|p1b: Talonflame\n|-supereffective|p1b: Talonflame\n|-damage|p1b: Talonflame|0 fnt\n|faint|p1b: Talonflame\n|c|\u2606eragon11145|talon needs to do better\n|\n|t:|1697592243\n|switch|p2b: Chien-Pao|Chien-Pao|100\/100|[from] Flip Turn\n|-ability|p2b: Chien-Pao|Sword of Ruin\n|move|p2a: Flutter Mane|Psyshock|p1a: Chien-Pao\n|-immune|p1a: Chien-Pao\n|\n|-heal|p2a: Flutter Mane|92\/100 psn|[from] Grassy Terrain\n|-damage|p2a: Flutter Mane|79\/100 psn|[from] psn\n|upkeep\n|c|\u2606PrinceOfAllTacos|kek\n|\n|t:|1697592254\n|switch|p1b: Dragonite|Dragonite, M|100\/100\n|turn|5\n|\n|t:|1697592262\n|-end|p2a: Flutter Mane|Protosynthesis|[silent]\n|switch|p2a: Ogerpon|Ogerpon-Hearthflame, F|100\/100\n|-ability|p2a: Ogerpon|Mold Breaker\n|-terastallize|p1b: Dragonite|Normal\n|move|p1b: Dragonite|Extreme Speed|p2b: Chien-Pao\n|-damage|p2b: Chien-Pao|4\/100\n|move|p1a: Chien-Pao|Sucker Punch||[still]\n|-fail|p1a: Chien-Pao\n|move|p2b: Chien-Pao|Sacred Sword|p1a: Chien-Pao\n|-supereffective|p1a: Chien-Pao\n|-enditem|p1a: Chien-Pao|Focus Sash\n|-damage|p1a: Chien-Pao|1\/100\n|\n|-heal|p1a: Chien-Pao|7\/100|[from] Grassy Terrain\n|-heal|p2b: Chien-Pao|10\/100|[from] Grassy Terrain\n|-fieldend|move: Grassy Terrain\n|upkeep\n|turn|6\n|\n|t:|1697592288\n|switch|p2a: Rillaboom|Rillaboom, F|100\/100\n|-fieldstart|move: Grassy Terrain|[from] ability: Grassy Surge|[of] p2a: Rillaboom\n|move|p2b: Chien-Pao|Protect|p2b: Chien-Pao\n|-singleturn|p2b: Chien-Pao|Protect\n|move|p1b: Dragonite|Extreme Speed|p2a: Rillaboom\n|-damage|p2a: Rillaboom|4\/100\n|move|p1a: Chien-Pao|Sucker Punch||[still]\n|-fail|p1a: Chien-Pao\n|\n|-heal|p2b: Chien-Pao|16\/100|[from] Grassy Terrain\n|-heal|p1a: Chien-Pao|13\/100|[from] Grassy Terrain\n|-heal|p2a: Rillaboom|10\/100|[from] Grassy Terrain\n|upkeep\n|turn|7\n|\n|t:|1697592308\n|switch|p1b: Glimmora|Glimmora, M|15\/100\n|move|p1a: Chien-Pao|Protect|p1a: Chien-Pao\n|-singleturn|p1a: Chien-Pao|Protect\n|move|p2a: Rillaboom|Fake Out|p1a: Chien-Pao\n|-activate|p1a: Chien-Pao|move: Protect\n|move|p2b: Chien-Pao|Icicle Crash|p1b: Glimmora\n|-damage|p1b: Glimmora|0 fnt\n|-activate|p1b: Glimmora|ability: Toxic Debris\n|-sidestart|p2: PrinceOfAllTacos|move: Toxic Spikes\n|faint|p1b: Glimmora\n|\n|-heal|p1a: Chien-Pao|19\/100|[from] Grassy Terrain\n|-heal|p2b: Chien-Pao|22\/100|[from] Grassy Terrain\n|-heal|p2a: Rillaboom|17\/100|[from] Grassy Terrain\n|upkeep\n|\n|t:|1697592313\n|switch|p1b: Dragonite|Dragonite, M, tera:Normal|100\/100\n|turn|8\n|\n|t:|1697592329\n|switch|p1a: Iron Hands|Iron Hands|37\/100\n|switch|p2a: Flutter Mane|Flutter Mane|79\/100 psn\n|move|p2b: Chien-Pao|Sucker Punch||[still]\n|-fail|p2b: Chien-Pao\n|move|p1b: Dragonite|Aerial Ace|p2a: Flutter Mane\n|-damage|p2a: Flutter Mane|0 fnt\n|faint|p2a: Flutter Mane\n|-end|p2a: Flutter Mane|Protosynthesis|[silent]\n|\n|-heal|p2b: Chien-Pao|28\/100|[from] Grassy Terrain\n|-heal|p1a: Iron Hands|43\/100|[from] Grassy Terrain\n|upkeep\n|\n|t:|1697592340\n|switch|p2a: Basculegion|Basculegion, M|7\/100 psn\n|turn|9\n|\n|t:|1697592349\n|move|p2b: Chien-Pao|Protect|p2b: Chien-Pao\n|-singleturn|p2b: Chien-Pao|Protect\n|move|p1a: Iron Hands|Fake Out|p2b: Chien-Pao\n|-activate|p2b: Chien-Pao|move: Protect\n|move|p2a: Basculegion|Flip Turn|p1a: Iron Hands\n|-damage|p1a: Iron Hands|11\/100\n|\n|t:|1697592355\n|switch|p2a: Rillaboom|Rillaboom, F|17\/100|[from] Flip Turn\n|-status|p2a: Rillaboom|psn\n|move|p1b: Dragonite|Aerial Ace|p2b: Chien-Pao\n|-activate|p2b: Chien-Pao|move: Protect\n|\n|-heal|p2b: Chien-Pao|34\/100|[from] Grassy Terrain\n|-heal|p2a: Rillaboom|23\/100 psn|[from] Grassy Terrain\n|-heal|p1a: Iron Hands|18\/100|[from] Grassy Terrain\n|-damage|p2a: Rillaboom|10\/100 psn|[from] psn\n|upkeep\n|turn|10\n|\n|t:|1697592377\n|move|p2a: Rillaboom|Fake Out|p1b: Dragonite\n|-damage|p1b: Dragonite|81\/100\n|move|p2b: Chien-Pao|Icicle Crash|p1a: Iron Hands\n|-damage|p1a: Iron Hands|0 fnt\n|faint|p1a: Iron Hands\n|-end|p1a: Iron Hands|Quark Drive|[silent]\n|move|p1b: Dragonite|Aerial Ace|p2b: Chien-Pao\n|-damage|p2b: Chien-Pao|0 fnt\n|faint|p2b: Chien-Pao\n|\n|-heal|p2a: Rillaboom|16\/100 psn|[from] Grassy Terrain\n|-heal|p1b: Dragonite|87\/100|[from] Grassy Terrain\n|-damage|p2a: Rillaboom|4\/100 psn|[from] psn\n|-fieldend|move: Grassy Terrain\n|upkeep\n|\n|t:|1697592388\n|switch|p2b: Ogerpon|Ogerpon-Hearthflame, F|100\/100\n|switch|p1a: Chien-Pao|Chien-Pao|19\/100\n|-ability|p1a: Chien-Pao|Sword of Ruin\n|-status|p2b: Ogerpon|psn\n|-ability|p2b: Ogerpon|Mold Breaker\n|turn|11\n|inactive|eragon11145 has 120 seconds left.\n|\n|t:|1697592440\n|switch|p2a: Basculegion|Basculegion, M|7\/100 psn\n|switch|p1b: Flutter Mane|Flutter Mane|100\/100\n|move|p1a: Chien-Pao|Protect|p1a: Chien-Pao\n|-singleturn|p1a: Chien-Pao|Protect\n|move|p2b: Ogerpon|Protect||[still]\n|-fail|p2b: Ogerpon\n|\n|-damage|p2a: Basculegion|0 fnt|[from] psn\n|faint|p2a: Basculegion\n|-damage|p2b: Ogerpon|88\/100 psn|[from] psn\n|upkeep\n|\n|t:|1697592447\n|switch|p2a: Rillaboom|Rillaboom, F|4\/100 psn\n|-fieldstart|move: Grassy Terrain|[from] ability: Grassy Surge|[of] p2a: Rillaboom\n|turn|12\n|inactive|eragon11145 has 120 seconds left.\n|\n|t:|1697592467\n|-terastallize|p2b: Ogerpon|Fire\n|detailschange|p2b: Ogerpon|Ogerpon-Hearthflame-Tera, F, tera:Fire\n|-ability|p2b: Ogerpon|Embody Aspect (Hearthflame)|boost\n|-boost|p2b: Ogerpon|atk|1\n|move|p2a: Rillaboom|Fake Out|p1a: Chien-Pao\n|-damage|p1a: Chien-Pao|0 fnt\n|faint|p1a: Chien-Pao\n|move|p2b: Ogerpon|Grassy Glide|p1b: Flutter Mane\n|-damage|p1b: Flutter Mane|0 fnt\n|faint|p1b: Flutter Mane\n|-end|p1b: Flutter Mane|Protosynthesis|[silent]\n|\n|-heal|p2b: Ogerpon|94\/100 psn|[from] Grassy Terrain\n|-heal|p2a: Rillaboom|10\/100 psn|[from] Grassy Terrain\n|-damage|p2b: Ogerpon|82\/100 psn|[from] psn\n|-damage|p2a: Rillaboom|0 fnt|[from] psn\n|faint|p2a: Rillaboom\n|upkeep\n|\n|t:|1697592471\n|switch|p1a: Dragonite|Dragonite, M, tera:Normal|87\/100\n|turn|13\n|\n|t:|1697592487\n|move|p1a: Dragonite|Extreme Speed|p2b: Ogerpon\n|-damage|p2b: Ogerpon|8\/100 psn\n|move|p2b: Ogerpon|Ivy Cudgel|p1a: Dragonite\n|-damage|p1a: Dragonite|0 fnt\n|faint|p1a: Dragonite\n|\n|win|PrinceOfAllTacos\n|n|\u2606eragon11145|eragon11145\n|n|\u2606PrinceOfAllTacos|princeofalltacos\n|n|*Lady Monita \u263d|ladymonita\n|l|*Lady Monita \u263d\n|c|\u2606eragon11145|gg\n|c|\u2606PrinceOfAllTacos|gg\n|l|\u2606eragon11145\n|l|\u2606PrinceOfAllTacos\n|j|\u2606PrinceOfAllTacos\n|player|p2|PrinceOfAllTacos|#rbtt6teammewtwo\n","uploadtime":1697592583,"views":21,"p1id":"eragon11145","p2id":"princeofalltacos","formatid":"gen9doublesou","rating":0,"private":0,"password":""}