{"id":"gen9doublesou-1982807485","p1":"I like Glaceon yay","p2":"spin spin gambling","format":"[Gen 9] Doubles OU","log":"|j|\u2606I like Glaceon yay\n|j|\u2606spin spin gambling\n|t:|1699046835\n|gametype|doubles\n|player|p1|I like Glaceon yay|pokekid|1099\n|player|p2|spin spin gambling|gambler|1000\n|teamsize|p1|3\n|teamsize|p2|6\n|gen|9\n|tier|[Gen 9] Doubles OU\n|rated|\n|rule|Species Clause: Limit one of each Pok\u00e9mon\n|rule|OHKO Clause: OHKO moves are banned\n|rule|Evasion Moves Clause: Evasion moves are banned\n|rule|Gravity Sleep Clause: The combination of sleep-inducing moves with imperfect accuracy and Gravity or Gigantamax Orbeetle are banned\n|rule|Endless Battle Clause: Forcing endless battles is banned\n|rule|HP Percentage Mod: HP is shown in percentages\n|clearpoke\n|poke|p1|Iron Valiant|\n|poke|p1|Gardevoir, M|\n|poke|p1|Gallade, M|\n|poke|p2|Tornadus, M|\n|poke|p2|Grimmsnarl, M|\n|poke|p2|Sableye, F|\n|poke|p2|Grafaiai, M|\n|poke|p2|Illumise, F|\n|poke|p2|Volbeat, M|\n|teampreview\n|\n|t:|1699046842\n|start\n|switch|p1a: angry|Iron Valiant|100\/100\n|switch|p1b: Nice|Gardevoir, M|100\/100\n|switch|p2a: Illumise|Illumise, F|100\/100\n|switch|p2b: Volbeat|Volbeat, M|100\/100\n|-enditem|p1a: angry|Booster Energy\n|-activate|p1a: angry|ability: Quark Drive|[fromitem]\n|-start|p1a: angry|quarkdrivespe\n|turn|1\n|c|\u2606I like Glaceon yay|\u2026\n|c|\u2606spin spin gambling|What's the most you've lost on a coin toss?\n|\n|t:|1699046858\n|move|p2b: Volbeat|Metronome|p2b: Volbeat\n|move|p2b: Volbeat|Attract|p1b: Nice|[from]move: Metronome\n|-immune|p1b: Nice\n|move|p2a: Illumise|Metronome|p2a: Illumise\n|move|p2a: Illumise|Poltergeist||[from]move: Metronome|[still]\n|-fail|p2a: Illumise\n|move|p1a: angry|Thunder Punch|p2a: Illumise\n|-crit|p2a: Illumise\n|-damage|p2a: Illumise|48\/100\n|move|p1b: Nice|Mystical Fire|p2b: Volbeat\n|-supereffective|p2b: Volbeat\n|-damage|p2b: Volbeat|34\/100\n|-unboost|p2b: Volbeat|spa|1\n|\n|upkeep\n|turn|2\n|\n|t:|1699046879\n|move|p2b: Volbeat|Metronome|p2b: Volbeat\n|move|p2b: Volbeat|Aurora Beam|p1a: angry|[from]move: Metronome\n|-damage|p1a: angry|84\/100\n|move|p2a: Illumise|Metronome|p2a: Illumise\n|move|p2a: Illumise|Aqua Tail|p1a: angry|[from]move: Metronome|[miss]\n|-miss|p2a: Illumise|p1a: angry\n|move|p1a: angry|Thunder Punch|p2a: Illumise\n|-damage|p2a: Illumise|14\/100\n|move|p1b: Nice|Mystical Fire|p2b: Volbeat\n|-supereffective|p2b: Volbeat\n|-damage|p2b: Volbeat|0 fnt\n|faint|p2b: Volbeat\n|\n|upkeep\n|\n|t:|1699046892\n|switch|p2b: Sableye|Sableye, F|100\/100\n|turn|3\n|\n|t:|1699046901\n|move|p2a: Illumise|Metronome|p2a: Illumise\n|move|p2a: Illumise|Weather Ball|p1a: angry|[from]move: Metronome\n|-damage|p1a: angry|55\/100\n|-damage|p2a: Illumise|4\/100|[from] item: Life Orb\n|move|p2b: Sableye|Metronome|p2b: Sableye\n|move|p2b: Sableye|Hydro Cannon|p1a: angry|[from]move: Metronome\n|-damage|p1a: angry|0 fnt\n|-mustrecharge|p2b: Sableye\n|faint|p1a: angry\n|-end|p1a: angry|Quark Drive|[silent]\n|move|p1b: Nice|Dazzling Gleam|p2b: Sableye|[spread] p2a,p2b\n|-supereffective|p2b: Sableye\n|-damage|p2a: Illumise|0 fnt\n|-damage|p2b: Sableye|0 fnt\n|faint|p2a: Illumise\n|faint|p2b: Sableye\n|\n|upkeep\n|\n|t:|1699046916\n|switch|p1a: mad|Gallade, M|100\/100\n|switch|p2a: Grafaiai|Grafaiai, M|100\/100\n|switch|p2b: Grimmsnarl|Grimmsnarl, M|100\/100\n|turn|4\n|\n|t:|1699046936\n|move|p2a: Grafaiai|Metronome|p2a: Grafaiai\n|move|p2a: Grafaiai|Extreme Speed|p1a: mad|[from]move: Metronome\n|-damage|p1a: mad|31\/100\n|move|p2b: Grimmsnarl|Metronome|p2b: Grimmsnarl\n|move|p2b: Grimmsnarl|String Shot|p1a: mad|[from]move: Metronome|[spread] p1a,p1b\n|-unboost|p1a: mad|spe|2\n|-unboost|p1b: Nice|spe|2\n|move|p1a: mad|Air Slash|p2b: Grimmsnarl\n|-damage|p2b: Grimmsnarl|75\/100\n|move|p1b: Nice|Dazzling Gleam|p2a: Grafaiai|[spread] p2a,p2b\n|-resisted|p2a: Grafaiai\n|-supereffective|p2b: Grimmsnarl\n|-damage|p2a: Grafaiai|73\/100\n|-damage|p2b: Grimmsnarl|0 fnt\n|faint|p2b: Grimmsnarl\n|\n|-heal|p1a: mad|37\/100|[from] item: Leftovers\n|upkeep\n|\n|t:|1699046951\n|switch|p2b: Tornadus|Tornadus, M|100\/100\n|turn|5\n|\n|t:|1699046983\n|-terastallize|p1b: Nice|Ice\n|move|p2b: Tornadus|Metronome|p2b: Tornadus\n|move|p2b: Tornadus|Thrash|p1b: Nice|[from]move: Metronome\n|-damage|p1b: Nice|29\/100\n|move|p2a: Grafaiai|Metronome|p2a: Grafaiai\n|move|p2a: Grafaiai|Swallow||[from]move: Metronome|[still]\n|-fail|p2a: Grafaiai\n|move|p1a: mad|Air Slash|p2b: Tornadus\n|-crit|p2b: Tornadus\n|-damage|p2b: Tornadus|62\/100\n|move|p1b: Nice|Dazzling Gleam|p2b: Tornadus|[spread] p2a,p2b\n|-resisted|p2a: Grafaiai\n|-damage|p2a: Grafaiai|47\/100\n|-damage|p2b: Tornadus|22\/100\n|\n|-heal|p1a: mad|43\/100|[from] item: Leftovers\n|upkeep\n|turn|6\n|\n|t:|1699047006\n|move|p2a: Grafaiai|Metronome|p2a: Grafaiai\n|move|p2a: Grafaiai|Flail|p1a: mad|[from]move: Metronome\n|-damage|p1a: mad|11\/100\n|move|p2b: Tornadus|Thrash|p1b: Nice|[from]lockedmove\n|-damage|p1b: Nice|0 fnt\n|faint|p1b: Nice\n|move|p1a: mad|Close Combat|p2a: Grafaiai\n|-damage|p2a: Grafaiai|0 fnt\n|-unboost|p1a: mad|def|1\n|-unboost|p1a: mad|spd|1\n|faint|p2a: Grafaiai\n|\n|-heal|p1a: mad|17\/100|[from] item: Leftovers\n|upkeep\n|turn|7\n|\n|t:|1699047020\n|move|p2b: Tornadus|Thrash|p1a: mad|[from]lockedmove\n|-damage|p1a: mad|0 fnt\n|faint|p1a: mad\n|-start|p2b: Tornadus|confusion|[fatigue]\n|\n|win|spin spin gambling\n|raw|I like Glaceon yay's rating: 1099 &rarr; <strong>1067<\/strong><br \/>(-32 for losing)\n|raw|spin spin gambling's rating: 1000 &rarr; <strong>1051<\/strong><br \/>(+51 for winning)\n","uploadtime":1699047033,"views":14,"p1id":"ilikeglaceonyay","p2id":"spinspingambling","formatid":"gen9doublesou","rating":1051,"private":0,"password":""}