{"id":"gen9doublesou-1976688266","p1":"oceanicoperetta5","p2":"GooberDoodle72","format":"[Gen 9] Doubles OU","log":"|j|\u203doceanicoperetta5\n|j|\u203dGooberDoodle72\n|t:|1698333535\n|gametype|doubles\n|player|p1|oceanicoperetta5|misty|1163\n|player|p2|GooberDoodle72|pokemonbreederf-gen4|1131\n|teamsize|p1|6\n|teamsize|p2|6\n|gen|9\n|tier|[Gen 9] Doubles OU\n|rated|\n|rule|Species Clause: Limit one of each Pok\u00e9mon\n|rule|OHKO Clause: OHKO moves are banned\n|rule|Evasion Moves Clause: Evasion moves are banned\n|rule|Gravity Sleep Clause: The combination of sleep-inducing moves with imperfect accuracy and Gravity or Gigantamax Orbeetle are banned\n|rule|Endless Battle Clause: Forcing endless battles is banned\n|rule|HP Percentage Mod: HP is shown in percentages\n|clearpoke\n|poke|p1|Indeedee-F, F|\n|poke|p1|Armarouge, M|\n|poke|p1|Ursaluna, M|\n|poke|p1|Articuno-Galar|\n|poke|p1|Amoonguss, M|\n|poke|p1|Hoopa-Unbound|\n|poke|p2|Furret, M|\n|poke|p2|Ambipom, F|\n|poke|p2|Basculegion-F, F|\n|poke|p2|Diancie|\n|poke|p2|Glimmora, F|\n|poke|p2|Pawmot, M|\n|teampreview\n|inactive|Battle timer is ON: inactive players will automatically lose when time's up. (requested by oceanicoperetta5)\n|\n|t:|1698333548\n|start\n|switch|p1a: Armarouge|Armarouge, M|100\/100\n|switch|p1b: Indeedee|Indeedee-F, F|100\/100\n|switch|p2a: Furret|Furret, M|100\/100\n|switch|p2b: Ambipom|Ambipom, F|100\/100\n|-item|p1a: Armarouge|Rocky Helmet|[from] ability: Frisk|[of] p2a: Furret|[identify]\n|-item|p1b: Indeedee|Terrain Extender|[from] ability: Frisk|[of] p2a: Furret|[identify]\n|-fieldstart|move: Psychic Terrain|[from] ability: Psychic Surge|[of] p1b: Indeedee\n|turn|1\n|\n|t:|1698333569\n|move|p2b: Ambipom|Fake Out|p1a: Armarouge\n|-activate|p1a: Armarouge|move: Psychic Terrain\n|move|p2a: Furret|Knock Off|p1b: Indeedee\n|-supereffective|p1b: Indeedee\n|-damage|p1b: Indeedee|29\/100\n|-enditem|p1b: Indeedee|Terrain Extender|[from] move: Knock Off|[of] p2a: Furret\n|move|p1a: Armarouge|Expanding Force|p2b: Ambipom|[spread] p2a,p2b\n|-damage|p2a: Furret|0 fnt\n|-damage|p2b: Ambipom|0 fnt\n|faint|p2a: Furret\n|faint|p2b: Ambipom\n|move|p1b: Indeedee|Trick Room|p1b: Indeedee\n|-fieldstart|move: Trick Room|[of] p1b: Indeedee\n|\n|upkeep\n|inactive|GooberDoodle72 has 120 seconds left.\n|\n|t:|1698333601\n|switch|p2a: Diancie|Diancie|100\/100\n|switch|p2b: Pawmot|Pawmot, M|100\/100\n|turn|2\n|\n|t:|1698333613\n|move|p1b: Indeedee|Helping Hand|p1a: Armarouge\n|-singleturn|p1a: Armarouge|Helping Hand|[of] p1b: Indeedee\n|move|p2b: Pawmot|Fake Out|p1b: Indeedee\n|-activate|p1b: Indeedee|move: Psychic Terrain\n|move|p2a: Diancie|Diamond Storm|p1b: Indeedee|[spread] p1a,p1b\n|-supereffective|p1a: Armarouge\n|-damage|p1a: Armarouge|40\/100\n|-damage|p1b: Indeedee|0 fnt\n|-boost|p2a: Diancie|def|2\n|faint|p1b: Indeedee\n|move|p1a: Armarouge|Expanding Force|p2a: Diancie|[spread] p2a,p2b\n|-supereffective|p2b: Pawmot\n|-damage|p2a: Diancie|24\/100\n|-enditem|p2b: Pawmot|Focus Sash\n|-damage|p2b: Pawmot|1\/100\n|\n|-heal|p2a: Diancie|30\/100|[from] item: Leftovers\n|upkeep\n|inactive|oceanicoperetta5 has 120 seconds left.\n|\n|t:|1698333639\n|switch|p1b: Ursaluna|Ursaluna, M|100\/100\n|turn|3\n|\n|t:|1698333656\n|move|p1b: Ursaluna|Smack Down|p2b: Pawmot\n|-resisted|p2b: Pawmot\n|-damage|p2b: Pawmot|0 fnt\n|faint|p2b: Pawmot\n|move|p2a: Diancie|Diamond Storm|p1b: Ursaluna|[spread] p1a,p1b\n|-supereffective|p1a: Armarouge\n|-resisted|p1b: Ursaluna\n|-damage|p1a: Armarouge|0 fnt\n|-damage|p1b: Ursaluna|88\/100\n|-boost|p2a: Diancie|def|2\n|faint|p1a: Armarouge\n|\n|-heal|p2a: Diancie|36\/100|[from] item: Leftovers\n|-status|p1b: Ursaluna|brn|[from] item: Flame Orb\n|upkeep\n|\n|t:|1698333671\n|switch|p1a: Amoonguss|Amoonguss, M, shiny|100\/100\n|switch|p2b: Basculegion|Basculegion-F, F|100\/100\n|turn|4\n|\n|t:|1698333689\n|move|p1a: Amoonguss|Giga Drain|p2a: Diancie\n|-supereffective|p2a: Diancie\n|-damage|p2a: Diancie|0 fnt\n|faint|p2a: Diancie\n|move|p1b: Ursaluna|Smack Down|p2b: Basculegion\n|-damage|p2b: Basculegion|68\/100\n|move|p2b: Basculegion|Ice Fang|p1a: Amoonguss\n|-supereffective|p1a: Amoonguss\n|-damage|p1a: Amoonguss|46\/100\n|-status|p1a: Amoonguss|frz\n|-status|p2b: Basculegion|slp|[from] ability: Effect Spore|[of] p1a: Amoonguss\n|\n|-heal|p1a: Amoonguss|53\/100 frz|[from] item: Leftovers\n|-damage|p1b: Ursaluna|82\/100 brn|[from] brn\n|upkeep\n|\n|t:|1698333705\n|switch|p2a: Glimmora|Glimmora, F|100\/100\n|turn|5\n|\n|t:|1698333727\n|switch|p1a: Articuno|Articuno-Galar|100\/100\n|move|p1b: Ursaluna|Earthquake|p2a: Glimmora|[spread] p2a,p2b\n|-immune|p1a: Articuno\n|-supereffective|p2a: Glimmora\n|-damage|p2a: Glimmora|0 fnt\n|-damage|p2b: Basculegion|0 fnt\n|-activate|p2a: Glimmora|ability: Toxic Debris\n|-sidestart|p1: oceanicoperetta5|move: Toxic Spikes\n|faint|p2a: Glimmora\n|faint|p2b: Basculegion\n|\n|win|oceanicoperetta5\n|raw|oceanicoperetta5's rating: 1163 &rarr; <strong>1186<\/strong><br \/>(+23 for winning)\n|raw|GooberDoodle72's rating: 1131 &rarr; <strong>1108<\/strong><br \/>(-23 for losing)\n|l|\u203dGooberDoodle72\n","uploadtime":1698333744,"views":27,"p1id":"oceanicoperetta5","p2id":"gooberdoodle72","formatid":"gen9doublesou","rating":1108,"private":0,"password":""}