{"id":"gen9doublesou-1983911809","p1":"Cyril tbh","p2":"GkIves","format":"[Gen 9] Doubles OU","log":"|j|\u2606Cyril tbh\n|j|\u2606GkIves\n|t:|1699199126\n|gametype|doubles\n|player|p1|Cyril tbh|alec-anime|\n|player|p2|GkIves|red-gen7|\n|teamsize|p1|6\n|teamsize|p2|6\n|gen|9\n|tier|[Gen 9] Doubles OU\n|rated|Tournament battle\n|rule|Species Clause: Limit one of each Pok\u00e9mon\n|rule|OHKO Clause: OHKO moves are banned\n|rule|Evasion Moves Clause: Evasion moves are banned\n|rule|Gravity Sleep Clause: The combination of sleep-inducing moves with imperfect accuracy and Gravity or Gigantamax Orbeetle are banned\n|rule|Endless Battle Clause: Forcing endless battles is banned\n|rule|HP Percentage Mod: HP is shown in percentages\n|clearpoke\n|poke|p1|Fidgit, F|\n|poke|p1|Pyroak, M|\n|poke|p1|Iron Hands|\n|poke|p1|Sinistcha|\n|poke|p1|Ursaluna, F|\n|poke|p1|Landorus-Therian, M|\n|poke|p2|Revenankh, M|\n|poke|p2|Mimikyu, F|\n|poke|p2|Gengar, M|\n|poke|p2|Skeledirge, F|\n|poke|p2|Gholdengo|\n|poke|p2|Dragapult, F|\n|teampreview\n|inactive|Battle timer is ON: inactive players will automatically lose when time's up. (requested by GkIves)\n|inactive|Cyril tbh has 120 seconds left.\n|j| Waldinjy\n|inactive|Cyril tbh has 90 seconds left.\n|\n|t:|1699199193\n|start\n|switch|p1a: Fidgit|Fidgit, F|100\/100\n|switch|p1b: Ursaluna|Ursaluna, F|100\/100\n|switch|p2a: Gholdengo|Gholdengo|100\/100\n|switch|p2b: Revenankh|Revenankh, M, shiny|100\/100\n|-item|p2a: Gholdengo|Air Balloon\n|turn|1\n|\n|t:|1699199219\n|move|p1b: Ursaluna|Protect|p1b: Ursaluna\n|-singleturn|p1b: Ursaluna|Protect\n|move|p2a: Gholdengo|Nasty Plot|p2a: Gholdengo\n|-boost|p2a: Gholdengo|spa|2\n|move|p2b: Revenankh|Bulk Up|p2b: Revenankh\n|-boost|p2b: Revenankh|atk|1\n|-boost|p2b: Revenankh|def|1\n|move|p1a: Fidgit|Trick Room|p1a: Fidgit\n|-activate|p1a: Fidgit|ability: Persistent|[move] Trick Room\n|-fieldstart|move: Trick Room|[of] p1a: Fidgit|[persistent]\n|\n|-status|p1b: Ursaluna|brn|[from] item: Flame Orb\n|upkeep\n|turn|2\n|\n|t:|1699199234\n|switch|p1a: Landorus|Landorus-Therian, M|100\/100\n|-ability|p1a: Landorus|Intimidate|boost\n|-unboost|p2a: Gholdengo|atk|1\n|-unboost|p2b: Revenankh|atk|1\n|move|p2b: Revenankh|Drain Punch|p1b: Ursaluna\n|-supereffective|p1b: Ursaluna\n|-damage|p1b: Ursaluna|47\/100 brn\n|move|p1b: Ursaluna|Earthquake|p2b: Revenankh|[spread] p2b\n|-immune|p1a: Landorus\n|-immune|p2a: Gholdengo\n|-damage|p2b: Revenankh|56\/100\n|move|p2a: Gholdengo|Make It Rain|p1a: Landorus|[spread] p1a,p1b\n|-damage|p1a: Landorus|7\/100\n|-damage|p1b: Ursaluna|0 fnt\n|-unboost|p2a: Gholdengo|spa|1\n|-enditem|p1a: Landorus|Sitrus Berry|[eat]\n|-heal|p1a: Landorus|32\/100|[from] item: Sitrus Berry\n|faint|p1b: Ursaluna\n|\n|-heal|p2b: Revenankh|63\/100|[from] item: Leftovers\n|upkeep\n|\n|t:|1699199242\n|switch|p1b: Pyroak|Pyroak, M|100\/100\n|turn|3\n|\n|t:|1699199260\n|move|p2b: Revenankh|Drain Punch|p1b: Pyroak\n|-damage|p1b: Pyroak|73\/100\n|-heal|p2b: Revenankh|78\/100|[from] drain|[of] p1b: Pyroak\n|move|p1b: Pyroak|Overheat|p2b: Revenankh\n|-damage|p2b: Revenankh|40\/100\n|-boost|p1b: Pyroak|spa|2\n|move|p2a: Gholdengo|Shadow Ball|p1b: Pyroak\n|-damage|p1b: Pyroak|3\/100\n|move|p1a: Landorus|U-turn|p2a: Gholdengo\n|-resisted|p2a: Gholdengo\n|-damage|p2a: Gholdengo|95\/100\n|-enditem|p2a: Gholdengo|Air Balloon\n|\n|t:|1699199271\n|switch|p1a: Fidgit|Fidgit, F|100\/100|[from] U-turn\n|\n|-heal|p1b: Pyroak|9\/100|[from] item: Leftovers\n|-heal|p2b: Revenankh|46\/100|[from] item: Leftovers\n|upkeep\n|turn|4\n|\n|t:|1699199277\n|move|p2b: Revenankh|Drain Punch|p1b: Pyroak\n|-damage|p1b: Pyroak|0 fnt\n|-heal|p2b: Revenankh|52\/100|[from] drain|[of] p1b: Pyroak\n|faint|p1b: Pyroak\n|move|p1a: Fidgit|Follow Me|p1a: Fidgit\n|-singleturn|p1a: Fidgit|move: Follow Me\n|move|p2a: Gholdengo|Make It Rain|p1a: Fidgit\n|-damage|p1a: Fidgit|0 fnt\n|-unboost|p2a: Gholdengo|spa|1\n|faint|p1a: Fidgit\n|\n|-heal|p2b: Revenankh|58\/100|[from] item: Leftovers\n|upkeep\n|c|\u2606Cyril tbh|oh\n|c|\u2606Cyril tbh|righ\n|\n|t:|1699199288\n|switch|p1b: Sinistcha|Sinistcha|100\/100\n|switch|p1a: Landorus|Landorus-Therian, M|32\/100\n|-heal|p1a: Landorus|57\/100|[from] ability: Hospitality|[of] p1b: Sinistcha\n|-ability|p1a: Landorus|Intimidate|boost\n|-unboost|p2a: Gholdengo|atk|1\n|-unboost|p2b: Revenankh|atk|1\n|turn|5\n|-message|Cyril tbh forfeited.\n|\n|win|GkIves\n|n|\u2606Cyril tbh|cyriltbh\n|n|\u2606GkIves|gkives\n|n| Waldinjy|waldinjy\n","uploadtime":1699199298,"views":8,"p1id":"cyriltbh","p2id":"gkives","formatid":"gen9doublesou","rating":0,"private":0,"password":""}