{"id":"gen9doublesou-1976147909","p1":"jaquemix","p2":"plantshrine","format":"[Gen 9] Doubles OU","log":"|j|\u2606jaquemix\n|j|\u2606plantshrine\n|t:|1698267917\n|gametype|doubles\n|player|p1|jaquemix|266|1255\n|player|p2|plantshrine|gardenia|1298\n|teamsize|p1|6\n|teamsize|p2|6\n|gen|9\n|tier|[Gen 9] Doubles OU\n|rated|\n|rule|Species Clause: Limit one of each Pok\u00e9mon\n|rule|OHKO Clause: OHKO moves are banned\n|rule|Evasion Moves Clause: Evasion moves are banned\n|rule|Gravity Sleep Clause: The combination of sleep-inducing moves with imperfect accuracy and Gravity or Gigantamax Orbeetle are banned\n|rule|Endless Battle Clause: Forcing endless battles is banned\n|rule|HP Percentage Mod: HP is shown in percentages\n|clearpoke\n|poke|p1|Kingambit, M|\n|poke|p1|Gliscor, M|\n|poke|p1|Ninetales-Alola, M|\n|poke|p1|Goodra-Hisui, M|\n|poke|p1|Infernape, F|\n|poke|p1|Milotic, M|\n|poke|p2|Typhlosion-Hisui, M|\n|poke|p2|Ninetales, M|\n|poke|p2|Farigiraf, F|\n|poke|p2|Iron Valiant|\n|poke|p2|Trevenant, F|\n|poke|p2|Moltres-Galar|\n|teampreview\n|inactive|Battle timer is ON: inactive players will automatically lose when time's up. (requested by jaquemix)\n|\n|t:|1698267941\n|start\n|switch|p1a: Gliscor|Gliscor, M, shiny|100\/100\n|switch|p1b: Milotic|Milotic, M, shiny|100\/100\n|switch|p2a: Trevenant|Trevenant, F|100\/100\n|switch|p2b: Farigiraf|Farigiraf, F|100\/100\n|turn|1\n|\n|t:|1698267968\n|switch|p1b: Kingambit|Kingambit, M|100\/100\n|-terastallize|p2a: Trevenant|Fighting\n|move|p1a: Gliscor|Knock Off|p2b: Farigiraf\n|-supereffective|p2b: Farigiraf\n|-damage|p2b: Farigiraf|51\/100\n|-enditem|p2b: Farigiraf|Weakness Policy\n|-boost|p2b: Farigiraf|atk|2|[from] item: Weakness Policy\n|-boost|p2b: Farigiraf|spa|2|[from] item: Weakness Policy\n|move|p2a: Trevenant|Curse|p2a: Trevenant\n|-unboost|p2a: Trevenant|spe|1\n|-boost|p2a: Trevenant|atk|1\n|-boost|p2a: Trevenant|def|1\n|move|p2b: Farigiraf|Thunder Wave|p1b: Kingambit\n|-status|p1b: Kingambit|par\n|\n|-status|p1a: Gliscor|tox|[from] item: Toxic Orb\n|upkeep\n|turn|2\n|inactive|jaquemix has 120 seconds left.\n|inactive|plantshrine has 120 seconds left.\n|\n|t:|1698267999\n|move|p1a: Gliscor|High Horsepower|p2a: Trevenant\n|-damage|p2a: Trevenant|68\/100\n|move|p2b: Farigiraf|Power Swap|p2a: Trevenant\n|-swapboost|p2b: Farigiraf|p2a: Trevenant|atk, spa|[from] move: Power Swap\n|move|p2a: Trevenant|Drain Punch|p1b: Kingambit\n|-supereffective|p1b: Kingambit\n|-damage|p1b: Kingambit|0 fnt\n|-heal|p2a: Trevenant|100\/100|[from] drain|[of] p1b: Kingambit\n|faint|p1b: Kingambit\n|\n|upkeep\n|inactive|jaquemix has 120 seconds left.\n|\n|t:|1698268017\n|switch|p1b: Ninetales|Ninetales-Alola, M, shiny|100\/100\n|-weather|Snow|[from] ability: Snow Warning|[of] p1b: Ninetales\n|turn|3\n|\n|t:|1698268030\n|move|p1b: Ninetales|Aurora Veil|p1b: Ninetales\n|-sidestart|p1: jaquemix|move: Aurora Veil\n|move|p1a: Gliscor|Swords Dance|p1a: Gliscor\n|-boost|p1a: Gliscor|atk|2\n|move|p2b: Farigiraf|Light Screen|p2b: Farigiraf\n|-sidestart|p2: plantshrine|move: Light Screen\n|move|p2a: Trevenant|Drain Punch|p1b: Ninetales\n|-damage|p1b: Ninetales|53\/100\n|\n|-weather|Snow|[upkeep]\n|upkeep\n|turn|4\n|\n|t:|1698268056\n|move|p1b: Ninetales|Moonblast|p2a: Trevenant\n|-supereffective|p2a: Trevenant\n|-damage|p2a: Trevenant|53\/100\n|move|p1a: Gliscor|High Horsepower|p2a: Trevenant\n|-damage|p2a: Trevenant|0 fnt\n|faint|p2a: Trevenant\n|move|p2b: Farigiraf|Thunder Wave|p1b: Ninetales\n|-status|p1b: Ninetales|par\n|\n|-weather|Snow|[upkeep]\n|upkeep\n|inactive|plantshrine has 120 seconds left.\n|\n|t:|1698268068\n|switch|p2a: Ninetales|Ninetales, M, shiny|100\/100\n|-weather|SunnyDay|[from] ability: Drought|[of] p2a: Ninetales\n|turn|5\n|\n|t:|1698268090\n|switch|p1b: Milotic|Milotic, M, shiny|100\/100\n|move|p2a: Ninetales|Overheat|p1a: Gliscor\n|-damage|p1a: Gliscor|40\/100 tox\n|-unboost|p2a: Ninetales|spa|2\n|-enditem|p2a: Ninetales|Eject Pack\n|\n|t:|1698268098\n|switch|p2a: Moltres|Moltres-Galar|100\/100\n|move|p1a: Gliscor|High Horsepower|p2b: Farigiraf\n|-damage|p2b: Farigiraf|0 fnt\n|faint|p2b: Farigiraf\n|\n|-weather|SunnyDay|[upkeep]\n|-heal|p1a: Gliscor|52\/100 tox|[from] ability: Poison Heal\n|-status|p1b: Milotic|brn|[from] item: Flame Orb\n|upkeep\n|inactive|plantshrine has 120 seconds left.\n|\n|t:|1698268118\n|switch|p2b: Typhlosion|Typhlosion-Hisui, M, shiny|100\/100\n|turn|6\n|\n|t:|1698268126\n|move|p1a: Gliscor|Protect|p1a: Gliscor\n|-singleturn|p1a: Gliscor|Protect\n|move|p2b: Typhlosion|Eruption|p1b: Milotic|[spread] p1b\n|-activate|p1a: Gliscor|move: Protect\n|-resisted|p1b: Milotic\n|-damage|p1b: Milotic|82\/100 brn\n|move|p2a: Moltres|Agility|p2a: Moltres\n|-boost|p2a: Moltres|spe|2\n|move|p1b: Milotic|Scald|p2b: Typhlosion\n|-supereffective|p2b: Typhlosion\n|-damage|p2b: Typhlosion|76\/100\n|\n|-weather|SunnyDay|[upkeep]\n|-heal|p1a: Gliscor|65\/100 tox|[from] ability: Poison Heal\n|-damage|p1b: Milotic|76\/100 brn|[from] brn\n|upkeep\n|turn|7\n|\n|t:|1698268148\n|move|p2b: Typhlosion|Eruption|p1b: Milotic|[spread] p1a,p1b\n|-resisted|p1b: Milotic\n|-damage|p1a: Gliscor|0 fnt\n|-damage|p1b: Milotic|61\/100 brn\n|faint|p1a: Gliscor\n|move|p2a: Moltres|Nasty Plot|p2a: Moltres\n|-boost|p2a: Moltres|spa|2\n|move|p1b: Milotic|Scald|p2a: Moltres\n|-damage|p2a: Moltres|96\/100\n|-status|p2a: Moltres|brn\n|\n|-weather|SunnyDay|[upkeep]\n|-heal|p2a: Moltres|100\/100 brn|[from] item: Leftovers\n|-damage|p2a: Moltres|94\/100 brn|[from] brn\n|-damage|p1b: Milotic|55\/100 brn|[from] brn\n|-sideend|p2: plantshrine|move: Light Screen\n|upkeep\n|\n|t:|1698268157\n|switch|p1a: Ninetales|Ninetales-Alola, M, shiny|53\/100 par\n|-weather|Snow|[from] ability: Snow Warning|[of] p1a: Ninetales\n|turn|8\n|\n|t:|1698268177\n|switch|p2b: Ninetales|Ninetales, M, shiny|100\/100\n|-weather|SunnyDay|[from] ability: Drought|[of] p2b: Ninetales\n|move|p2a: Moltres|Fiery Wrath|p1b: Milotic|[spread] p1a,p1b\n|-resisted|p1a: Ninetales\n|-damage|p1a: Ninetales|35\/100 par\n|-damage|p1b: Milotic|34\/100 brn\n|move|p1b: Milotic|Scald|p2b: Ninetales\n|-supereffective|p2b: Ninetales\n|-damage|p2b: Ninetales|71\/100\n|cant|p1a: Ninetales|par\n|\n|-weather|SunnyDay|[upkeep]\n|-heal|p2a: Moltres|100\/100 brn|[from] item: Leftovers\n|-damage|p2a: Moltres|94\/100 brn|[from] brn\n|-damage|p1b: Milotic|28\/100 brn|[from] brn\n|upkeep\n|turn|9\n|\n|t:|1698268198\n|move|p2a: Moltres|Nasty Plot|p2a: Moltres\n|-boost|p2a: Moltres|spa|2\n|move|p2b: Ninetales|Solar Beam||[still]\n|-prepare|p2b: Ninetales|Solar Beam\n|-anim|p2b: Ninetales|Solar Beam|p1b: Milotic\n|-supereffective|p1b: Milotic\n|-damage|p1b: Milotic|3\/100 brn\n|move|p1b: Milotic|Recover|p1b: Milotic\n|-heal|p1b: Milotic|53\/100 brn\n|move|p1a: Ninetales|Moonblast|p2a: Moltres\n|-supereffective|p2a: Moltres\n|-damage|p2a: Moltres|58\/100 brn\n|\n|-weather|SunnyDay|[upkeep]\n|-heal|p2a: Moltres|64\/100 brn|[from] item: Leftovers\n|-damage|p2a: Moltres|58\/100 brn|[from] brn\n|-damage|p1b: Milotic|47\/100 brn|[from] brn\n|upkeep\n|turn|10\n|\n|t:|1698268220\n|move|p2a: Moltres|Fiery Wrath|p1b: Milotic|[spread] p1a,p1b\n|-resisted|p1a: Ninetales\n|-damage|p1a: Ninetales|9\/100 par\n|-damage|p1b: Milotic|12\/100 brn\n|move|p2b: Ninetales|Solar Beam||[still]\n|-prepare|p2b: Ninetales|Solar Beam\n|-anim|p2b: Ninetales|Solar Beam|p1b: Milotic\n|-supereffective|p1b: Milotic\n|-damage|p1b: Milotic|0 fnt\n|faint|p1b: Milotic\n|cant|p1a: Ninetales|par\n|\n|-weather|SunnyDay|[upkeep]\n|-heal|p2a: Moltres|64\/100 brn|[from] item: Leftovers\n|-damage|p2a: Moltres|58\/100 brn|[from] brn\n|-sideend|p1: jaquemix|move: Aurora Veil\n|upkeep\n|\n|t:|1698268230\n|switch|p1b: Goodra|Goodra-Hisui, M, shiny|100\/100\n|turn|11\n|\n|t:|1698268244\n|-terastallize|p1b: Goodra|Flying\n|move|p2b: Ninetales|Helping Hand|p2a: Moltres\n|-singleturn|p2a: Moltres|Helping Hand|[of] p2b: Ninetales\n|move|p2a: Moltres|Fiery Wrath|p1b: Goodra|[spread] p1a,p1b\n|-resisted|p1a: Ninetales\n|-damage|p1a: Ninetales|0 fnt\n|-damage|p1b: Goodra|43\/100\n|faint|p1a: Ninetales\n|move|p1b: Goodra|Shelter|p1b: Goodra\n|-boost|p1b: Goodra|def|2\n|\n|-weather|SunnyDay|[upkeep]\n|-heal|p2a: Moltres|64\/100 brn|[from] item: Leftovers\n|-heal|p1b: Goodra|49\/100|[from] item: Leftovers\n|-damage|p2a: Moltres|58\/100 brn|[from] brn\n|upkeep\n|\n|t:|1698268252\n|switch|p1a: Infernape|Infernape, F, shiny|100\/100\n|turn|12\n|\n|t:|1698268266\n|move|p2b: Ninetales|Helping Hand|p2a: Moltres\n|-singleturn|p2a: Moltres|Helping Hand|[of] p2b: Ninetales\n|move|p1a: Infernape|Mach Punch|p2a: Moltres\n|-damage|p2a: Moltres|37\/100 brn\n|-ability|p2a: Moltres|Berserk|boost\n|-boost|p2a: Moltres|spa|1\n|move|p2a: Moltres|Fiery Wrath|p1b: Goodra|[spread] p1a,p1b\n|-resisted|p1a: Infernape\n|-damage|p1a: Infernape|13\/100\n|-damage|p1b: Goodra|0 fnt\n|faint|p1b: Goodra\n|\n|-weather|none\n|-heal|p2a: Moltres|44\/100 brn|[from] item: Leftovers\n|-damage|p2a: Moltres|37\/100 brn|[from] brn\n|upkeep\n|turn|13\n|-message|jaquemix forfeited.\n|\n|win|plantshrine\n|raw|jaquemix's rating: 1255 &rarr; <strong>1233<\/strong><br \/>(-22 for losing)\n|raw|plantshrine's rating: 1298 &rarr; <strong>1320<\/strong><br \/>(+22 for winning)\n|l|\u2606jaquemix\n","uploadtime":1698268300,"views":25,"p1id":"jaquemix","p2id":"plantshrine","formatid":"gen9doublesou","rating":1233,"private":0,"password":""}