{"id":"gen9doublesou-1998044275","p1":"Biiarde 3","p2":"An Absolute Joke","format":"[Gen 9] Doubles OU","log":"|j|\u2606Biiarde 3\n|j|\u2606An Absolute Joke\n|t:|1700882988\n|gametype|doubles\n|player|p1|Biiarde 3|ghetsis-gen5bw|1000\n|player|p2|An Absolute Joke|lady|1000\n|teamsize|p1|6\n|teamsize|p2|6\n|gen|9\n|tier|[Gen 9] Doubles OU\n|rated|\n|rule|Species Clause: Limit one of each Pok\u00e9mon\n|rule|OHKO Clause: OHKO moves are banned\n|rule|Evasion Moves Clause: Evasion moves are banned\n|rule|Gravity Sleep Clause: The combination of sleep-inducing moves with imperfect accuracy and Gravity or Gigantamax Orbeetle are banned\n|rule|Endless Battle Clause: Forcing endless battles is banned\n|rule|HP Percentage Mod: HP is shown in percentages\n|clearpoke\n|poke|p1|Toxicroak, F|\n|poke|p1|Politoed, M|\n|poke|p1|Breloom, F|\n|poke|p1|Avalugg, M|\n|poke|p1|Abomasnow, M|\n|poke|p1|Eelektross, F|\n|poke|p2|Oricorio-Pom-Pom, F|\n|poke|p2|Volcarona, F|\n|poke|p2|Murkrow, M|\n|poke|p2|Pyroar, M|\n|poke|p2|Lilligant-Hisui, F|\n|poke|p2|Pelipper, F|\n|teampreview\n|\n|t:|1700882993\n|start\n|switch|p1a: Avalugg|Avalugg, M|100\/100\n|switch|p1b: Abomasnow|Abomasnow, M|100\/100\n|switch|p2a: Oricorio|Oricorio-Pom-Pom, F, shiny|100\/100\n|switch|p2b: Murkrow|Murkrow, M|100\/100\n|-weather|Snow|[from] ability: Snow Warning|[of] p1b: Abomasnow\n|turn|1\n|inactive|Battle timer is ON: inactive players will automatically lose when time's up. (requested by An Absolute Joke)\n|c|\u2606Biiarde 3|glhf\n|\n|t:|1700883011\n|-terastallize|p1a: Avalugg|Fairy\n|move|p2a: Oricorio|Protect|p2a: Oricorio\n|-singleturn|p2a: Oricorio|Protect\n|move|p2b: Murkrow|Tailwind|p2b: Murkrow\n|-sidestart|p2: An Absolute Joke|move: Tailwind\n|move|p1b: Abomasnow|Aurora Veil|p1b: Abomasnow\n|-sidestart|p1: Biiarde 3|move: Aurora Veil\n|move|p1a: Avalugg|Blizzard|p2b: Murkrow|[spread] p2b\n|-activate|p2a: Oricorio|move: Protect\n|-supereffective|p2b: Murkrow\n|-damage|p2b: Murkrow|70\/100\n|\n|-weather|Snow|[upkeep]\n|upkeep\n|turn|2\n|inactive|An Absolute Joke has 120 seconds left.\n|\n|t:|1700883043\n|switch|p2b: Pelipper|Pelipper, F|100\/100\n|-weather|RainDance|[from] ability: Drizzle|[of] p2b: Pelipper\n|move|p2a: Oricorio|Hurricane|p1b: Abomasnow\n|-supereffective|p1b: Abomasnow\n|-damage|p1b: Abomasnow|19\/100\n|move|p1b: Abomasnow|Blizzard|p2b: Pelipper|[spread] p2a,p2b\n|-supereffective|p2a: Oricorio\n|-damage|p2a: Oricorio|16\/100\n|-damage|p2b: Pelipper|65\/100\n|-enditem|p2a: Oricorio|Sitrus Berry|[eat]\n|-heal|p2a: Oricorio|41\/100|[from] item: Sitrus Berry\n|move|p1a: Avalugg|Blizzard|p2b: Pelipper|[spread] p2a\n|-miss|p1a: Avalugg|p2b: Pelipper\n|-supereffective|p2a: Oricorio\n|-crit|p2a: Oricorio\n|-damage|p2a: Oricorio|0 fnt\n|faint|p2a: Oricorio\n|\n|-weather|RainDance|[upkeep]\n|upkeep\n|inactive|An Absolute Joke has 120 seconds left.\n|\n|t:|1700883062\n|switch|p2a: Volcarona|Volcarona, F|100\/100\n|turn|3\n|inactive|Biiarde 3 has 120 seconds left.\n|\n|t:|1700883094\n|switch|p1b: Toxicroak|Toxicroak, F|100\/100\n|move|p2a: Volcarona|Quiver Dance|p2a: Volcarona\n|-boost|p2a: Volcarona|spa|1\n|-boost|p2a: Volcarona|spd|1\n|-boost|p2a: Volcarona|spe|1\n|move|p2b: Pelipper|Hurricane|p1b: Toxicroak\n|-supereffective|p1b: Toxicroak\n|-damage|p1b: Toxicroak|40\/100\n|-start|p1b: Toxicroak|confusion\n|move|p1a: Avalugg|Blizzard|p2a: Volcarona|[spread] p2a,p2b\n|-resisted|p2a: Volcarona\n|-damage|p2a: Volcarona|94\/100\n|-damage|p2b: Pelipper|40\/100\n|\n|-weather|RainDance|[upkeep]\n|-heal|p1b: Toxicroak|53\/100|[from] ability: Dry Skin\n|upkeep\n|turn|4\n|inactive|Biiarde 3 has 120 seconds left.\n|\n|t:|1700883131\n|move|p2a: Volcarona|Quiver Dance|p2a: Volcarona\n|-boost|p2a: Volcarona|spa|1\n|-boost|p2a: Volcarona|spd|1\n|-boost|p2a: Volcarona|spe|1\n|move|p2b: Pelipper|Hurricane|p1b: Toxicroak\n|-supereffective|p1b: Toxicroak\n|-damage|p1b: Toxicroak|0 fnt\n|faint|p1b: Toxicroak\n|move|p1a: Avalugg|Ice Spinner|p2b: Pelipper\n|-damage|p2b: Pelipper|14\/100\n|\n|-weather|RainDance|[upkeep]\n|-sideend|p2: An Absolute Joke|move: Tailwind\n|upkeep\n|\n|t:|1700883134\n|switch|p1b: Abomasnow|Abomasnow, M|19\/100\n|-weather|Snow|[from] ability: Snow Warning|[of] p1b: Abomasnow\n|turn|5\n|\n|t:|1700883154\n|move|p2a: Volcarona|Fiery Dance|p1b: Abomasnow\n|-supereffective|p1b: Abomasnow\n|-damage|p1b: Abomasnow|0 fnt\n|faint|p1b: Abomasnow\n|move|p2b: Pelipper|U-turn|p1a: Avalugg\n|-resisted|p1a: Avalugg\n|-damage|p1a: Avalugg|99\/100\n|\n|t:|1700883161\n|switch|p2b: Murkrow|Murkrow, M|70\/100|[from] U-turn\n|move|p1a: Avalugg|Blizzard|p2a: Volcarona|[spread] p2a,p2b\n|-resisted|p2a: Volcarona\n|-supereffective|p2b: Murkrow\n|-damage|p2a: Volcarona|90\/100\n|-damage|p2b: Murkrow|42\/100\n|\n|-weather|Snow|[upkeep]\n|-heal|p1a: Avalugg|100\/100|[from] ability: Ice Body\n|-sideend|p1: Biiarde 3|move: Aurora Veil\n|upkeep\n|\n|t:|1700883180\n|switch|p1b: Breloom|Breloom, F|100\/100\n|turn|6\n|\n|t:|1700883191\n|move|p2b: Murkrow|Tailwind|p2b: Murkrow\n|-sidestart|p2: An Absolute Joke|move: Tailwind\n|move|p2a: Volcarona|Fiery Dance|p1b: Breloom\n|-supereffective|p1b: Breloom\n|-damage|p1b: Breloom|0 fnt\n|-boost|p2a: Volcarona|spa|1\n|faint|p1b: Breloom\n|move|p1a: Avalugg|Blizzard|p2b: Murkrow|[spread] p2a,p2b\n|-resisted|p2a: Volcarona\n|-supereffective|p2b: Murkrow\n|-damage|p2a: Volcarona|85\/100\n|-damage|p2b: Murkrow|13\/100\n|\n|-weather|Snow|[upkeep]\n|upkeep\n|\n|t:|1700883196\n|switch|p1b: Politoed|Politoed, M|100\/100\n|-weather|RainDance|[from] ability: Drizzle|[of] p1b: Politoed\n|turn|7\n|inactive|An Absolute Joke has 120 seconds left.\n|\n|t:|1700883228\n|move|p2b: Murkrow|Taunt|p1a: Avalugg\n|-start|p1a: Avalugg|move: Taunt\n|move|p2a: Volcarona|Bug Buzz|p1b: Politoed\n|-crit|p1b: Politoed\n|-damage|p1b: Politoed|0 fnt\n|faint|p1b: Politoed\n|move|p1a: Avalugg|Ice Spinner|p2b: Murkrow\n|-supereffective|p2b: Murkrow\n|-damage|p2b: Murkrow|0 fnt\n|faint|p2b: Murkrow\n|\n|-weather|RainDance|[upkeep]\n|upkeep\n|\n|t:|1700883246\n|switch|p1b: Eelektross|Eelektross, F|100\/100\n|switch|p2b: Pyroar|Pyroar, M|100\/100\n|-ability|p2b: Pyroar|Unnerve\n|turn|8\n|\n|t:|1700883268\n|move|p2a: Volcarona|Bug Buzz|p1b: Eelektross\n|-damage|p1b: Eelektross|0 fnt\n|faint|p1b: Eelektross\n|move|p2b: Pyroar|Flamethrower|p1a: Avalugg\n|-damage|p1a: Avalugg|74\/100\n|move|p1a: Avalugg|Blizzard|p2a: Volcarona|[spread] p2a,p2b\n|-resisted|p2a: Volcarona\n|-resisted|p2b: Pyroar\n|-damage|p2a: Volcarona|80\/100\n|-damage|p2b: Pyroar|88\/100\n|\n|-weather|RainDance|[upkeep]\n|upkeep\n|turn|9\n|\n|t:|1700883283\n|move|p2b: Pyroar|Protect|p2b: Pyroar\n|-singleturn|p2b: Pyroar|Protect\n|move|p2a: Volcarona|Fiery Dance|p1a: Avalugg\n|-damage|p1a: Avalugg|0 fnt\n|-boost|p2a: Volcarona|spa|1\n|faint|p1a: Avalugg\n|\n|win|An Absolute Joke\n|raw|Biiarde 3's rating: 1000 &rarr; <strong>1000<\/strong><br \/>(+0 for losing)\n|raw|An Absolute Joke's rating: 1000 &rarr; <strong>1040<\/strong><br \/>(+40 for winning)\n|l|\u2606Biiarde 3\n","uploadtime":1700883361,"views":18,"p1id":"biiarde3","p2id":"anabsolutejoke","formatid":"gen9doublesou","rating":1000,"private":0,"password":""}