{"id":"gen9doublesou-1993525897","p1":"Thomflame","p2":"JBoy pokemon","format":"[Gen 9] Doubles OU","log":"|j|\u2606Thomflame\n|j|\u2606JBoy pokemon\n|t:|1700328072\n|gametype|doubles\n|player|p1|Thomflame|chili|1265\n|player|p2|JBoy pokemon|flint|1184\n|teamsize|p1|6\n|teamsize|p2|6\n|gen|9\n|tier|[Gen 9] Doubles OU\n|rated|\n|rule|Species Clause: Limit one of each Pok\u00e9mon\n|rule|OHKO Clause: OHKO moves are banned\n|rule|Evasion Moves Clause: Evasion moves are banned\n|rule|Gravity Sleep Clause: The combination of sleep-inducing moves with imperfect accuracy and Gravity or Gigantamax Orbeetle are banned\n|rule|Endless Battle Clause: Forcing endless battles is banned\n|rule|HP Percentage Mod: HP is shown in percentages\n|clearpoke\n|poke|p1|Torkoal, M|\n|poke|p1|Lilligant-Hisui, F|\n|poke|p1|Armarouge, M|\n|poke|p1|Tauros-Paldea-Blaze, M|\n|poke|p1|Heatran, M|\n|poke|p1|Talonflame, M|\n|poke|p2|Grimmsnarl, M|\n|poke|p2|Landorus-Therian, M|\n|poke|p2|Flutter Mane|\n|poke|p2|Chi-Yu|\n|poke|p2|Dragonite, M|\n|poke|p2|Iron Hands|\n|teampreview\n|inactive|Battle timer is ON: inactive players will automatically lose when time's up. (requested by JBoy pokemon)\n|\n|t:|1700328083\n|start\n|switch|p1a: Torkoal|Torkoal, M, shiny|100\/100\n|switch|p1b: Talonflame|Talonflame, M, shiny|100\/100\n|switch|p2a: Grimmsnarl|Grimmsnarl, M|100\/100\n|switch|p2b: Landorus|Landorus-Therian, M|100\/100\n|-ability|p2b: Landorus|Intimidate|boost\n|-unboost|p1a: Torkoal|atk|1\n|-unboost|p1b: Talonflame|atk|1\n|-weather|SunnyDay|[from] ability: Drought|[of] p1a: Torkoal\n|turn|1\n|\n|t:|1700328100\n|move|p1b: Talonflame|Tailwind|p1b: Talonflame\n|-sidestart|p1: Thomflame|move: Tailwind\n|move|p2a: Grimmsnarl|Thunder Wave|p1b: Talonflame|[miss]\n|-miss|p2a: Grimmsnarl|p1b: Talonflame\n|move|p2b: Landorus|Stealth Rock|p1b: Talonflame\n|-sidestart|p1: Thomflame|move: Stealth Rock\n|move|p1a: Torkoal|Will-O-Wisp|p2b: Landorus|[miss]\n|-miss|p1a: Torkoal|p2b: Landorus\n|\n|-weather|SunnyDay|[upkeep]\n|upkeep\n|turn|2\n|\n|t:|1700328123\n|move|p1b: Talonflame|Defog|p2b: Landorus\n|-unboost|p2b: Landorus|evasion|1\n|-sideend|p1: Thomflame|Stealth Rock|[from] move: Defog|[of] p1b: Talonflame\n|move|p2a: Grimmsnarl|Light Screen|p2a: Grimmsnarl\n|-sidestart|p2: JBoy pokemon|move: Light Screen\n|move|p2b: Landorus|Taunt|p1a: Torkoal\n|-start|p1a: Torkoal|move: Taunt\n|cant|p1a: Torkoal|move: Taunt|Will-O-Wisp\n|\n|-weather|SunnyDay|[upkeep]\n|upkeep\n|turn|3\n|\n|t:|1700328140\n|move|p2a: Grimmsnarl|Reflect|p2a: Grimmsnarl\n|-sidestart|p2: JBoy pokemon|Reflect\n|move|p1b: Talonflame|Flame Charge|p2a: Grimmsnarl\n|-damage|p2a: Grimmsnarl|85\/100\n|-boost|p1b: Talonflame|spe|1\n|-damage|p1b: Talonflame|91\/100|[from] item: Life Orb\n|move|p2b: Landorus|Taunt|p1b: Talonflame\n|-start|p1b: Talonflame|move: Taunt\n|move|p1a: Torkoal|Eruption|p2b: Landorus|[spread] p2a,p2b\n|-damage|p2a: Grimmsnarl|57\/100\n|-damage|p2b: Landorus|69\/100\n|\n|-weather|SunnyDay|[upkeep]\n|upkeep\n|turn|4\n|\n|t:|1700328167\n|move|p2a: Grimmsnarl|Thunder Wave|p1b: Talonflame\n|-status|p1b: Talonflame|par\n|move|p1b: Talonflame|Flame Charge|p2a: Grimmsnarl\n|-damage|p2a: Grimmsnarl|41\/100\n|-boost|p1b: Talonflame|spe|1\n|-damage|p1b: Talonflame|81\/100 par|[from] item: Life Orb\n|move|p2b: Landorus|Stealth Rock|p1a: Torkoal\n|-sidestart|p1: Thomflame|move: Stealth Rock\n|move|p1a: Torkoal|Eruption|p2a: Grimmsnarl|[spread] p2a,p2b\n|-damage|p2a: Grimmsnarl|10\/100\n|-damage|p2b: Landorus|37\/100\n|-enditem|p2b: Landorus|Sitrus Berry|[eat]\n|-heal|p2b: Landorus|62\/100|[from] item: Sitrus Berry\n|\n|-weather|SunnyDay|[upkeep]\n|-end|p1a: Torkoal|move: Taunt\n|-sideend|p1: Thomflame|move: Tailwind\n|upkeep\n|turn|5\n|inactive|Thomflame has 120 seconds left.\n|\n|t:|1700328201\n|switch|p2a: Chi-Yu|Chi-Yu|100\/100\n|-ability|p2a: Chi-Yu|Beads of Ruin\n|move|p1b: Talonflame|Dual Wingbeat|p2a: Chi-Yu\n|-crit|p2a: Chi-Yu\n|-damage|p2a: Chi-Yu|51\/100\n|-damage|p2a: Chi-Yu|35\/100\n|-hitcount|p2a: Chi-Yu|2\n|-damage|p1b: Talonflame|71\/100 par|[from] item: Life Orb\n|move|p2b: Landorus|Stomping Tantrum|p1a: Torkoal\n|-supereffective|p1a: Torkoal\n|-damage|p1a: Torkoal|41\/100\n|move|p1a: Torkoal|Eruption|p2b: Landorus|[spread] p2a,p2b\n|-resisted|p2a: Chi-Yu\n|-damage|p2a: Chi-Yu|30\/100\n|-damage|p2b: Landorus|43\/100\n|\n|-weather|none\n|-heal|p1a: Torkoal|47\/100|[from] item: Leftovers\n|upkeep\n|turn|6\n|inactive|Thomflame has 120 seconds left.\n|\n|t:|1700328230\n|switch|p1a: Tauros|Tauros-Paldea-Blaze, M|100\/100\n|-damage|p1a: Tauros|88\/100|[from] Stealth Rock\n|-ability|p1a: Tauros|Intimidate|boost\n|-unboost|p2a: Chi-Yu|atk|1\n|-unboost|p2b: Landorus|atk|1\n|move|p1b: Talonflame|Dual Wingbeat|p2a: Chi-Yu\n|-damage|p2a: Chi-Yu|15\/100\n|-damage|p2a: Chi-Yu|0 fnt\n|faint|p2a: Chi-Yu\n|-hitcount|p2: Chi-Yu|2\n|-damage|p1b: Talonflame|61\/100 par|[from] item: Life Orb\n|move|p2b: Landorus|Stomping Tantrum|p1a: Tauros\n|-supereffective|p1a: Tauros\n|-damage|p1a: Tauros|24\/100\n|-enditem|p1a: Tauros|Sitrus Berry|[eat]\n|-heal|p1a: Tauros|49\/100|[from] item: Sitrus Berry\n|\n|-end|p1b: Talonflame|move: Taunt\n|upkeep\n|inactive|JBoy pokemon has 120 seconds left.\n|\n|t:|1700328249\n|switch|p2a: Dragonite|Dragonite, M|100\/100\n|turn|7\n|\n|t:|1700328258\n|-terastallize|p2a: Dragonite|Normal\n|move|p2a: Dragonite|Extreme Speed|p1b: Talonflame\n|-damage|p1b: Talonflame|0 fnt\n|faint|p1b: Talonflame\n|move|p1a: Tauros|Body Press|p2b: Landorus\n|-resisted|p2b: Landorus\n|-damage|p2b: Landorus|34\/100\n|move|p2b: Landorus|Stomping Tantrum|p1a: Tauros\n|-supereffective|p1a: Tauros\n|-damage|p1a: Tauros|0 fnt\n|faint|p1a: Tauros\n|\n|upkeep\n|\n|t:|1700328278\n|switch|p1b: Torkoal|Torkoal, M, shiny|47\/100\n|switch|p1a: Lilligant|Lilligant-Hisui, F|100\/100\n|-damage|p1a: Lilligant|94\/100|[from] Stealth Rock\n|-damage|p1b: Torkoal|22\/100|[from] Stealth Rock\n|-weather|SunnyDay|[from] ability: Drought|[of] p1b: Torkoal\n|turn|8\n|\n|t:|1700328293\n|move|p2a: Dragonite|Extreme Speed|p1a: Lilligant\n|-damage|p1a: Lilligant|20\/100\n|move|p1a: Lilligant|Solar Blade||[still]\n|-prepare|p1a: Lilligant|Solar Blade\n|-anim|p1a: Lilligant|Solar Blade|p2b: Landorus\n|-damage|p2b: Landorus|0 fnt\n|faint|p2b: Landorus\n|move|p1b: Torkoal|Will-O-Wisp|p2a: Dragonite\n|-status|p2a: Dragonite|brn\n|\n|-weather|SunnyDay|[upkeep]\n|-heal|p1b: Torkoal|28\/100|[from] item: Leftovers\n|-damage|p2a: Dragonite|94\/100 brn|[from] brn\n|upkeep\n|\n|t:|1700328305\n|switch|p2b: Flutter Mane|Flutter Mane|100\/100\n|-activate|p2b: Flutter Mane|ability: Protosynthesis\n|-start|p2b: Flutter Mane|protosynthesisspe\n|turn|9\n|\n|t:|1700328317\n|move|p2a: Dragonite|Extreme Speed|p1a: Lilligant\n|-damage|p1a: Lilligant|0 fnt\n|faint|p1a: Lilligant\n|move|p2b: Flutter Mane|Shadow Ball|p1b: Torkoal\n|-damage|p1b: Torkoal|0 fnt\n|faint|p1b: Torkoal\n|\n|-weather|SunnyDay|[upkeep]\n|-damage|p2a: Dragonite|88\/100 brn|[from] brn\n|-sideend|p2: JBoy pokemon|move: Light Screen\n|upkeep\n|\n|t:|1700328331\n|switch|p1a: Heatran|Heatran, M, shiny|100\/100\n|switch|p1b: Armarouge|Armarouge, M, shiny|100\/100\n|-damage|p1a: Heatran|88\/100|[from] Stealth Rock\n|-damage|p1b: Armarouge|76\/100|[from] Stealth Rock\n|turn|10\n|\n|t:|1700328344\n|switch|p2a: Iron Hands|Iron Hands|100\/100\n|-terastallize|p1b: Armarouge|Ground\n|move|p2b: Flutter Mane|Shadow Ball|p1b: Armarouge\n|-damage|p1b: Armarouge|30\/100\n|move|p1a: Heatran|Lava Plume|p2a: Iron Hands|[spread] p2a,p2b\n|-start|p1b: Armarouge|ability: Flash Fire\n|-damage|p2a: Iron Hands|74\/100\n|-damage|p2b: Flutter Mane|42\/100\n|move|p1b: Armarouge|Heat Wave|p2a: Iron Hands|[spread] p2b\n|-miss|p1b: Armarouge|p2a: Iron Hands\n|-damage|p2b: Flutter Mane|0 fnt\n|faint|p2b: Flutter Mane\n|-end|p2b: Flutter Mane|Protosynthesis|[silent]\n|\n|-weather|SunnyDay|[upkeep]\n|-heal|p1a: Heatran|94\/100|[from] item: Leftovers\n|-sideend|p2: JBoy pokemon|Reflect\n|upkeep\n|\n|t:|1700328358\n|switch|p2b: Grimmsnarl|Grimmsnarl, M|10\/100\n|turn|11\n|\n|t:|1700328374\n|move|p2a: Iron Hands|Fake Out|p1a: Heatran\n|-resisted|p1a: Heatran\n|-damage|p1a: Heatran|88\/100\n|move|p2b: Grimmsnarl|Light Screen|p2b: Grimmsnarl\n|-sidestart|p2: JBoy pokemon|move: Light Screen\n|cant|p1a: Heatran|flinch\n|move|p1b: Armarouge|Heat Wave|p2a: Iron Hands|[spread] p2a,p2b\n|-damage|p2a: Iron Hands|28\/100\n|-damage|p2b: Grimmsnarl|0 fnt\n|faint|p2b: Grimmsnarl\n|\n|-weather|SunnyDay|[upkeep]\n|-heal|p1a: Heatran|94\/100|[from] item: Leftovers\n|upkeep\n|\n|t:|1700328385\n|switch|p2b: Dragonite|Dragonite, M, tera:Normal|88\/100 brn\n|turn|12\n|\n|t:|1700328396\n|move|p2b: Dragonite|Extreme Speed|p1b: Armarouge\n|-damage|p1b: Armarouge|10\/100\n|move|p1a: Heatran|Will-O-Wisp|p2a: Iron Hands|[miss]\n|-miss|p1a: Heatran|p2a: Iron Hands\n|move|p1b: Armarouge|Heat Wave|p2a: Iron Hands|[spread] p2a,p2b\n|-crit|p2b: Dragonite\n|-damage|p2a: Iron Hands|0 fnt\n|-damage|p2b: Dragonite|0 fnt\n|faint|p2a: Iron Hands\n|-end|p2a: Iron Hands|Quark Drive|[silent]\n|faint|p2b: Dragonite\n|\n|win|Thomflame\n|raw|Thomflame's rating: 1265 &rarr; <strong>1284<\/strong><br \/>(+19 for winning)\n|raw|JBoy pokemon's rating: 1184 &rarr; <strong>1165<\/strong><br \/>(-19 for losing)\n|l|\u2606JBoy pokemon\n","uploadtime":1700328414,"views":6,"p1id":"thomflame","p2id":"jboypokemon","formatid":"gen9doublesou","rating":1165,"private":0,"password":""}