{"id":"gen9doublesou-1980564459","p1":"Fire410","p2":"G-1683","format":"[Gen 9] Doubles OU","log":"|j|\u2606Fire410\n|j|\u2606G-1683\n|t:|1698797879\n|gametype|doubles\n|player|p1|Fire410|koga|1376\n|player|p2|G-1683|beauty-gen4dp|1342\n|teamsize|p1|6\n|teamsize|p2|6\n|gen|9\n|tier|[Gen 9] Doubles OU\n|rated|\n|rule|Species Clause: Limit one of each Pok\u00e9mon\n|rule|OHKO Clause: OHKO moves are banned\n|rule|Evasion Moves Clause: Evasion moves are banned\n|rule|Gravity Sleep Clause: The combination of sleep-inducing moves with imperfect accuracy and Gravity or Gigantamax Orbeetle are banned\n|rule|Endless Battle Clause: Forcing endless battles is banned\n|rule|HP Percentage Mod: HP is shown in percentages\n|clearpoke\n|poke|p1|Iron Hands|\n|poke|p1|Landorus-Therian, M|\n|poke|p1|Ogerpon-Wellspring, F|\n|poke|p1|Sinistcha-Masterpiece|\n|poke|p1|Iron Bundle|\n|poke|p1|Pelipper, M|\n|poke|p2|Ursaluna, M|\n|poke|p2|Amoonguss, M|\n|poke|p2|Armarouge, M|\n|poke|p2|Torkoal, F|\n|poke|p2|Indeedee-F, F|\n|poke|p2|Gholdengo|\n|teampreview\n|\n|t:|1698797907\n|start\n|switch|p1a: Ogerpon|Ogerpon-Wellspring, F|100\/100\n|switch|p1b: Landorus|Landorus-Therian, M|100\/100\n|switch|p2a: Indeedee|Indeedee-F, F|100\/100\n|switch|p2b: Bloodmoon killer|Ursaluna, M|100\/100\n|-ability|p1b: Landorus|Intimidate|boost\n|-unboost|p2a: Indeedee|atk|1\n|-unboost|p2b: Bloodmoon killer|atk|1\n|-fieldstart|move: Psychic Terrain|[from] ability: Psychic Surge|[of] p2a: Indeedee\n|turn|1\n|\n|t:|1698797934\n|switch|p2a: Amoonguss|Amoonguss, M|100\/100\n|-terastallize|p1a: Ogerpon|Water\n|detailschange|p1a: Ogerpon|Ogerpon-Wellspring-Tera, F, tera:Water\n|-ability|p1a: Ogerpon|Embody Aspect (Wellspring)|boost\n|-boost|p1a: Ogerpon|spd|1\n|-terastallize|p2b: Bloodmoon killer|Ghost\n|move|p2b: Bloodmoon killer|Protect|p2b: Bloodmoon killer\n|-singleturn|p2b: Bloodmoon killer|Protect\n|move|p1b: Landorus|Rock Slide|p2a: Amoonguss|[spread] p2a\n|-activate|p2b: Bloodmoon killer|move: Protect\n|-damage|p2a: Amoonguss|82\/100\n|move|p1a: Ogerpon|Ivy Cudgel|p2b: Bloodmoon killer\n|-activate|p2b: Bloodmoon killer|move: Protect\n|\n|-heal|p2a: Amoonguss|89\/100|[from] item: Black Sludge\n|-status|p2b: Bloodmoon killer|brn|[from] item: Flame Orb\n|upkeep\n|turn|2\n|\n|t:|1698797964\n|switch|p1b: Pelipper|Pelipper, M|100\/100\n|-weather|RainDance|[from] ability: Drizzle|[of] p1b: Pelipper\n|switch|p2b: Indeedee|Indeedee-F, F|100\/100\n|move|p1a: Ogerpon|Ivy Cudgel|p2b: Indeedee\n|-damage|p2b: Indeedee|0 fnt\n|faint|p2b: Indeedee\n|move|p2a: Amoonguss|Sludge Bomb|p1a: Ogerpon\n|-damage|p1a: Ogerpon|73\/100\n|-status|p1a: Ogerpon|psn\n|\n|-weather|RainDance|[upkeep]\n|-heal|p2a: Amoonguss|95\/100|[from] item: Black Sludge\n|-damage|p1a: Ogerpon|61\/100 psn|[from] psn\n|upkeep\n|\n|t:|1698797982\n|switch|p2b: Torkoal|Torkoal, F|100\/100\n|-weather|SunnyDay|[from] ability: Drought|[of] p2b: Torkoal\n|turn|3\n|\n|t:|1698797995\n|switch|p1b: Landorus|Landorus-Therian, M|100\/100\n|-ability|p1b: Landorus|Intimidate|boost\n|-unboost|p2a: Amoonguss|atk|1\n|-unboost|p2b: Torkoal|atk|1\n|-enditem|p2b: Torkoal|White Herb\n|-clearnegativeboost|p2b: Torkoal|[silent]\n|move|p1a: Ogerpon|Spiky Shield|p1a: Ogerpon\n|-singleturn|p1a: Ogerpon|move: Protect\n|move|p2b: Torkoal|Protect|p2b: Torkoal\n|-singleturn|p2b: Torkoal|Protect\n|move|p2a: Amoonguss|Spore|p1b: Landorus\n|-status|p1b: Landorus|slp|[from] move: Spore\n|\n|-weather|SunnyDay|[upkeep]\n|-heal|p2a: Amoonguss|100\/100|[from] item: Black Sludge\n|-damage|p1a: Ogerpon|49\/100 psn|[from] psn\n|upkeep\n|turn|4\n|\n|t:|1698798022\n|switch|p1b: Pelipper|Pelipper, M|100\/100\n|-weather|RainDance|[from] ability: Drizzle|[of] p1b: Pelipper\n|switch|p2b: Armarouge|Armarouge, M|100\/100\n|move|p1a: Ogerpon|Ivy Cudgel|p2b: Armarouge\n|-supereffective|p2b: Armarouge\n|-damage|p2b: Armarouge|0 fnt\n|faint|p2b: Armarouge\n|move|p2a: Amoonguss|Giga Drain|p1b: Pelipper\n|-damage|p1b: Pelipper|60\/100\n|\n|-weather|RainDance|[upkeep]\n|-damage|p1a: Ogerpon|36\/100 psn|[from] psn\n|upkeep\n|\n|t:|1698798038\n|switch|p2b: Torkoal|Torkoal, F|100\/100\n|-weather|SunnyDay|[from] ability: Drought|[of] p2b: Torkoal\n|turn|5\n|\n|t:|1698798050\n|switch|p1b: Landorus|Landorus-Therian, M|100\/100 slp\n|-ability|p1b: Landorus|Intimidate|boost\n|-unboost|p2a: Amoonguss|atk|1\n|-unboost|p2b: Torkoal|atk|1\n|move|p1a: Ogerpon|Spiky Shield|p1a: Ogerpon\n|-singleturn|p1a: Ogerpon|move: Protect\n|move|p2a: Amoonguss|Toxic||[still]\n|-fail|p2a: Amoonguss\n|move|p2b: Torkoal|Shell Smash|p2b: Torkoal\n|-unboost|p2b: Torkoal|def|1\n|-unboost|p2b: Torkoal|spd|1\n|-boost|p2b: Torkoal|atk|2\n|-boost|p2b: Torkoal|spa|2\n|-boost|p2b: Torkoal|spe|2\n|\n|-weather|SunnyDay|[upkeep]\n|-damage|p1a: Ogerpon|24\/100 psn|[from] psn\n|-fieldend|move: Psychic Terrain\n|upkeep\n|turn|6\n|\n|t:|1698798075\n|switch|p1b: Pelipper|Pelipper, M|60\/100\n|-weather|RainDance|[from] ability: Drizzle|[of] p1b: Pelipper\n|switch|p2b: Bloodmoon killer|Ursaluna, M, tera:Ghost|100\/100 brn\n|move|p1a: Ogerpon|Ivy Cudgel|p2b: Bloodmoon killer\n|-damage|p2b: Bloodmoon killer|16\/100 brn\n|move|p2a: Amoonguss|Spore|p1b: Pelipper\n|-status|p1b: Pelipper|slp|[from] move: Spore\n|\n|-weather|RainDance|[upkeep]\n|-damage|p1a: Ogerpon|12\/100 psn|[from] psn\n|-damage|p2b: Bloodmoon killer|9\/100 brn|[from] brn\n|upkeep\n|turn|7\n|\n|t:|1698798114\n|switch|p2b: Torkoal|Torkoal, F|100\/100\n|-weather|SunnyDay|[from] ability: Drought|[of] p2b: Torkoal\n|move|p1a: Ogerpon|Horn Leech|p2b: Torkoal\n|-resisted|p2b: Torkoal\n|-damage|p2b: Torkoal|85\/100\n|-heal|p1a: Ogerpon|21\/100 psn|[from] drain|[of] p2b: Torkoal\n|cant|p1b: Pelipper|slp\n|move|p2a: Amoonguss|Giga Drain|p1b: Pelipper\n|-damage|p1b: Pelipper|20\/100 slp\n|\n|-weather|SunnyDay|[upkeep]\n|-damage|p1a: Ogerpon|8\/100 psn|[from] psn\n|upkeep\n|turn|8\n|\n|t:|1698798136\n|switch|p2b: Gholdengo|Gholdengo|100\/100\n|-item|p2b: Gholdengo|Air Balloon\n|move|p1a: Ogerpon|Ivy Cudgel|p2b: Gholdengo\n|-damage|p2b: Gholdengo|61\/100\n|-enditem|p2b: Gholdengo|Air Balloon\n|-curestatus|p1b: Pelipper|slp|[msg]\n|move|p1b: Pelipper|Ice Beam|p2a: Amoonguss\n|-supereffective|p2a: Amoonguss\n|-damage|p2a: Amoonguss|60\/100\n|move|p2a: Amoonguss|Giga Drain|p1b: Pelipper\n|-damage|p1b: Pelipper|0 fnt\n|-heal|p2a: Amoonguss|68\/100|[from] drain|[of] p1b: Pelipper\n|faint|p1b: Pelipper\n|\n|-weather|SunnyDay|[upkeep]\n|-heal|p2a: Amoonguss|74\/100|[from] item: Black Sludge\n|-damage|p1a: Ogerpon|0 fnt|[from] psn\n|faint|p1a: Ogerpon\n|upkeep\n|\n|t:|1698798157\n|switch|p1a: Iron Hands|Iron Hands|100\/100\n|switch|p1b: Iron Bundle|Iron Bundle|100\/100\n|-enditem|p1b: Iron Bundle|Booster Energy\n|-activate|p1b: Iron Bundle|ability: Quark Drive|[fromitem]\n|-start|p1b: Iron Bundle|quarkdrivespe\n|turn|9\n|\n|t:|1698798175\n|switch|p2b: Bloodmoon killer|Ursaluna, M, tera:Ghost|9\/100 brn\n|switch|p2a: Torkoal|Torkoal, F|85\/100\n|move|p1a: Iron Hands|Fake Out|p2a: Torkoal\n|-damage|p2a: Torkoal|72\/100\n|move|p1b: Iron Bundle|Icy Wind|p2a: Torkoal|[spread] p2a,p2b\n|-resisted|p2a: Torkoal\n|-damage|p2a: Torkoal|59\/100\n|-damage|p2b: Bloodmoon killer|0 fnt\n|-unboost|p2a: Torkoal|spe|1\n|faint|p2b: Bloodmoon killer\n|\n|-weather|SunnyDay|[upkeep]\n|upkeep\n|-message|G-1683 forfeited.\n|\n|win|Fire410\n|raw|Fire410's rating: 1376 &rarr; <strong>1394<\/strong><br \/>(+18 for winning)\n|raw|G-1683's rating: 1342 &rarr; <strong>1324<\/strong><br \/>(-18 for losing)\n|l|\u2606G-1683\n","uploadtime":1698798192,"views":17,"p1id":"fire410","p2id":"g1683","formatid":"gen9doublesou","rating":1324,"private":0,"password":""}