{"id":"gen9doublesou-1982073668","p1":"timesdividingline","p2":"ESPIRAL_EI","format":"[Gen 9] Doubles OU","log":"|j|\u2606timesdividingline\n|j|\u2606ESPIRAL_EI\n|t:|1698965181\n|gametype|doubles\n|player|p1|timesdividingline|1|1159\n|player|p2|ESPIRAL_EI|n|1179\n|teamsize|p1|6\n|teamsize|p2|6\n|gen|9\n|tier|[Gen 9] Doubles OU\n|rated|\n|rule|Species Clause: Limit one of each Pok\u00e9mon\n|rule|OHKO Clause: OHKO moves are banned\n|rule|Evasion Moves Clause: Evasion moves are banned\n|rule|Gravity Sleep Clause: The combination of sleep-inducing moves with imperfect accuracy and Gravity or Gigantamax Orbeetle are banned\n|rule|Endless Battle Clause: Forcing endless battles is banned\n|rule|HP Percentage Mod: HP is shown in percentages\n|clearpoke\n|poke|p1|Iron Bundle|\n|poke|p1|Iron Hands|\n|poke|p1|Chien-Pao|\n|poke|p1|Ogerpon-Wellspring, F|\n|poke|p1|Tornadus, M|\n|poke|p1|Gholdengo|\n|poke|p2|Indeedee-F, F|\n|poke|p2|Iron Hands|\n|poke|p2|Hatterene, F|\n|poke|p2|Armarouge, M|\n|poke|p2|Torkoal, F|\n|poke|p2|Kingambit, F|\n|teampreview\n|\n|t:|1698965198\n|start\n|switch|p1a: Tornadus|Tornadus, M|100\/100\n|switch|p1b: Chien-Pao|Chien-Pao|100\/100\n|switch|p2a: Mai|Indeedee-F, F, shiny|100\/100\n|switch|p2b: Turty|Torkoal, F, shiny|100\/100\n|-ability|p1b: Chien-Pao|Sword of Ruin\n|-fieldstart|move: Psychic Terrain|[from] ability: Psychic Surge|[of] p2a: Mai\n|-enditem|p2a: Mai|Psychic Seed\n|-boost|p2a: Mai|spd|1|[from] item: Psychic Seed\n|-weather|SunnyDay|[from] ability: Drought|[of] p2b: Turty\n|turn|1\n|\n|t:|1698965215\n|-terastallize|p2b: Turty|Fire\n|move|p1b: Chien-Pao|Lash Out|p2b: Turty\n|-damage|p2b: Turty|44\/100\n|-damage|p1b: Chien-Pao|91\/100|[from] item: Life Orb\n|move|p1a: Tornadus|Bleakwind Storm|p2a: Mai|[spread] p2a,p2b\n|-damage|p2a: Mai|80\/100\n|-damage|p2b: Turty|7\/100\n|-unboost|p2b: Turty|spe|1\n|move|p2b: Turty|Eruption|p1b: Chien-Pao|[spread] p1a,p1b\n|-supereffective|p1b: Chien-Pao\n|-damage|p1a: Tornadus|94\/100\n|-damage|p1b: Chien-Pao|73\/100\n|move|p2a: Mai|Trick Room|p2a: Mai\n|-fieldstart|move: Trick Room|[of] p2a: Mai\n|\n|-weather|SunnyDay|[upkeep]\n|upkeep\n|turn|2\n|\n|t:|1698965236\n|move|p2a: Mai|Follow Me|p2a: Mai\n|-singleturn|p2a: Mai|move: Follow Me\n|move|p2b: Turty|Flamethrower|p1b: Chien-Pao\n|-supereffective|p1b: Chien-Pao\n|-crit|p1b: Chien-Pao\n|-damage|p1b: Chien-Pao|0 fnt\n|faint|p1b: Chien-Pao\n|move|p1a: Tornadus|Bleakwind Storm|p2b: Turty|[spread] p2a,p2b\n|-damage|p2a: Mai|61\/100\n|-damage|p2b: Turty|0 fnt\n|faint|p2b: Turty\n|\n|-weather|SunnyDay|[upkeep]\n|upkeep\n|\n|t:|1698965253\n|switch|p2b: Dedotes|Iron Hands, shiny|100\/100\n|switch|p1b: Gholdengo|Gholdengo|100\/100\n|turn|3\n|\n|t:|1698965262\n|switch|p1b: Iron Hands|Iron Hands|100\/100\n|move|p2a: Mai|Follow Me|p2a: Mai\n|-singleturn|p2a: Mai|move: Follow Me\n|move|p2b: Dedotes|Wild Charge|p1a: Tornadus\n|-supereffective|p1a: Tornadus\n|-damage|p1a: Tornadus|0 fnt\n|faint|p1a: Tornadus\n|-damage|p2b: Dedotes|83\/100|[from] Recoil\n|\n|-weather|SunnyDay|[upkeep]\n|-heal|p2b: Dedotes|89\/100|[from] item: Leftovers\n|upkeep\n|\n|t:|1698965270\n|switch|p1a: Gholdengo|Gholdengo|100\/100\n|turn|4\n|\n|t:|1698965291\n|move|p2a: Mai|Follow Me|p2a: Mai\n|-singleturn|p2a: Mai|move: Follow Me\n|move|p2b: Dedotes|Wild Charge|p1a: Gholdengo\n|-damage|p1a: Gholdengo|49\/100\n|-enditem|p1a: Gholdengo|Sitrus Berry|[eat]\n|-heal|p1a: Gholdengo|74\/100|[from] item: Sitrus Berry\n|-damage|p2b: Dedotes|79\/100|[from] Recoil\n|move|p1b: Iron Hands|Wild Charge|p2a: Mai\n|-damage|p2a: Mai|1\/100\n|-damage|p1b: Iron Hands|92\/100|[from] Recoil\n|move|p1a: Gholdengo|Nasty Plot|p1a: Gholdengo\n|-boost|p1a: Gholdengo|spa|2\n|\n|-weather|SunnyDay|[upkeep]\n|-heal|p2b: Dedotes|86\/100|[from] item: Leftovers\n|upkeep\n|turn|5\n|\n|t:|1698965316\n|-terastallize|p1b: Iron Hands|Fighting\n|move|p1a: Gholdengo|Protect|p1a: Gholdengo\n|-singleturn|p1a: Gholdengo|Protect\n|move|p2a: Mai|Follow Me|p2a: Mai\n|-singleturn|p2a: Mai|move: Follow Me\n|move|p2b: Dedotes|Swords Dance|p2b: Dedotes\n|-boost|p2b: Dedotes|atk|2\n|move|p1b: Iron Hands|Drain Punch|p2a: Mai\n|-damage|p2a: Mai|0 fnt\n|-heal|p1b: Iron Hands|92\/100|[from] drain|[of] p2a: Mai\n|faint|p2a: Mai\n|\n|-weather|none\n|-heal|p2b: Dedotes|92\/100|[from] item: Leftovers\n|-fieldend|move: Trick Room\n|-fieldend|move: Psychic Terrain\n|upkeep\n|\n|t:|1698965333\n|switch|p2a: Wichi|Hatterene, F, shiny|100\/100\n|turn|6\n|\n|t:|1698965345\n|move|p1a: Gholdengo|Make It Rain|p2a: Wichi|[spread] p2a,p2b\n|-supereffective|p2a: Wichi\n|-resisted|p2b: Dedotes\n|-damage|p2a: Wichi|0 fnt\n|-damage|p2b: Dedotes|54\/100\n|-unboost|p1a: Gholdengo|spa|1\n|faint|p2a: Wichi\n|move|p1b: Iron Hands|Drain Punch|p2b: Dedotes\n|-crit|p2b: Dedotes\n|-damage|p2b: Dedotes|0 fnt\n|-heal|p1b: Iron Hands|100\/100|[from] drain|[of] p2b: Dedotes\n|faint|p2b: Dedotes\n|-end|p2b: Dedotes|Quark Drive|[silent]\n|\n|upkeep\n|-message|ESPIRAL_EI forfeited.\n|\n|win|timesdividingline\n|raw|timesdividingline's rating: 1159 &rarr; <strong>1185<\/strong><br \/>(+26 for winning)\n|raw|ESPIRAL_EI's rating: 1179 &rarr; <strong>1153<\/strong><br \/>(-26 for losing)\n","uploadtime":1698965377,"views":15,"p1id":"timesdividingline","p2id":"espiralei","formatid":"gen9doublesou","rating":1153,"private":0,"password":""}