{"id":"gen9doublesou-1971100851","p1":"Njbjbfd","p2":"braye","format":"[Gen 9] Doubles OU","log":"|j|\u2606Njbjbfd\n|j|\u2606braye\n|t:|1697706326\n|gametype|doubles\n|player|p1|Njbjbfd|lucas|1050\n|player|p2|braye|clown|1000\n|teamsize|p1|6\n|teamsize|p2|6\n|gen|9\n|tier|[Gen 9] Doubles OU\n|rated|\n|rule|Species Clause: Limit one of each Pok\u00e9mon\n|rule|OHKO Clause: OHKO moves are banned\n|rule|Evasion Moves Clause: Evasion moves are banned\n|rule|Gravity Sleep Clause: The combination of sleep-inducing moves with imperfect accuracy and Gravity or Gigantamax Orbeetle are banned\n|rule|Endless Battle Clause: Forcing endless battles is banned\n|rule|HP Percentage Mod: HP is shown in percentages\n|clearpoke\n|poke|p1|Cresselia, F|\n|poke|p1|Sinistcha-Masterpiece|\n|poke|p1|Ceruledge, F|\n|poke|p1|Gliscor, M|\n|poke|p1|Kingambit, M|\n|poke|p1|Hatterene, F|\n|poke|p2|Chien-Pao|\n|poke|p2|Gholdengo|\n|poke|p2|Landorus-Therian, M|\n|poke|p2|Amoonguss, M|\n|poke|p2|Iron Hands|\n|poke|p2|Pincurchin, M|\n|teampreview\n|\n|t:|1697706359\n|start\n|switch|p1a: Sinistcha|Sinistcha-Masterpiece|100\/100\n|switch|p1b: Gliscor|Gliscor, M|100\/100\n|switch|p2a: Chien-Pao|Chien-Pao|100\/100\n|switch|p2b: Landorus|Landorus-Therian, M|100\/100\n|-ability|p2a: Chien-Pao|Sword of Ruin\n|-ability|p2b: Landorus|Intimidate|boost\n|-unboost|p1a: Sinistcha|atk|1\n|-unboost|p1b: Gliscor|atk|1\n|turn|1\n|inactive|Battle timer is ON: inactive players will automatically lose when time's up. (requested by braye)\n|\n|t:|1697706377\n|move|p2a: Chien-Pao|Icicle Crash|p1a: Sinistcha|[miss]\n|-miss|p2a: Chien-Pao|p1a: Sinistcha\n|move|p2b: Landorus|Stealth Rock|p1b: Gliscor\n|-sidestart|p1: Njbjbfd|move: Stealth Rock\n|move|p1b: Gliscor|Toxic Spikes|p2b: Landorus\n|-sidestart|p2: braye|move: Toxic Spikes\n|move|p1a: Sinistcha|Matcha Gotcha|p2b: Landorus|[spread] p2b\n|-miss|p1a: Sinistcha|p2a: Chien-Pao\n|-damage|p2b: Landorus|33\/100\n|-status|p2b: Landorus|brn\n|\n|-damage|p2b: Landorus|27\/100 brn|[from] brn\n|-status|p1b: Gliscor|tox|[from] item: Toxic Orb\n|upkeep\n|turn|2\n|\n|t:|1697706401\n|move|p2a: Chien-Pao|Icicle Crash|p1b: Gliscor\n|-supereffective|p1b: Gliscor\n|-damage|p1b: Gliscor|0 fnt\n|faint|p1b: Gliscor\n|-damage|p2a: Chien-Pao|91\/100|[from] item: Life Orb\n|move|p2b: Landorus|Sludge Bomb|p1a: Sinistcha\n|-damage|p1a: Sinistcha|71\/100\n|move|p1a: Sinistcha|Matcha Gotcha|p2a: Chien-Pao|[spread] p2a\n|-miss|p1a: Sinistcha|p2b: Landorus\n|-damage|p2a: Chien-Pao|18\/100\n|-heal|p1a: Sinistcha|100\/100|[from] drain|[of] p2a: Chien-Pao\n|\n|-damage|p2b: Landorus|21\/100 brn|[from] brn\n|upkeep\n|\n|t:|1697706415\n|switch|p1b: Cresselia|Cresselia, F|100\/100\n|-damage|p1b: Cresselia|88\/100|[from] Stealth Rock\n|turn|3\n|\n|t:|1697706430\n|move|p2a: Chien-Pao|Crunch|p1b: Cresselia\n|-supereffective|p1b: Cresselia\n|-damage|p1b: Cresselia|0 fnt\n|faint|p1b: Cresselia\n|-damage|p2a: Chien-Pao|8\/100|[from] item: Life Orb\n|move|p2b: Landorus|Sludge Bomb|p1a: Sinistcha\n|-damage|p1a: Sinistcha|74\/100\n|move|p1a: Sinistcha|Matcha Gotcha|p2b: Landorus|[spread] p2a,p2b\n|-damage|p2a: Chien-Pao|0 fnt\n|-heal|p1a: Sinistcha|78\/100|[from] drain|[of] p2a: Chien-Pao\n|-damage|p2b: Landorus|0 fnt\n|-heal|p1a: Sinistcha|87\/100|[from] drain|[of] p2b: Landorus\n|faint|p2a: Chien-Pao\n|faint|p2b: Landorus\n|\n|upkeep\n|\n|t:|1697706458\n|switch|p2a: Amoonguss|Amoonguss, M, shiny|100\/100\n|switch|p2b: Gholdengo|Gholdengo|100\/100\n|switch|p1b: Ceruledge|Ceruledge, F|100\/100\n|-damage|p1b: Ceruledge|76\/100|[from] Stealth Rock\n|-item|p2b: Gholdengo|Air Balloon\n|-sideend|p2: braye|move: Toxic Spikes|[of] p2a: Amoonguss\n|turn|4\n|\n|t:|1697706490\n|switch|p1b: Kingambit|Kingambit, M|100\/100\n|-damage|p1b: Kingambit|94\/100|[from] Stealth Rock\n|-activate|p1b: Kingambit|ability: Supreme Overlord\n|-start|p1b: Kingambit|fallen2|[silent]\n|move|p2b: Gholdengo|Shadow Ball|p1a: Sinistcha\n|-supereffective|p1a: Sinistcha\n|-damage|p1a: Sinistcha|0 fnt\n|faint|p1a: Sinistcha\n|move|p2a: Amoonguss|Spore|p1b: Kingambit\n|-status|p1b: Kingambit|slp|[from] move: Spore\n|\n|upkeep\n|\n|t:|1697706503\n|switch|p1a: Ceruledge|Ceruledge, F|76\/100\n|-damage|p1a: Ceruledge|51\/100|[from] Stealth Rock\n|turn|5\n|inactive|braye has 120 seconds left.\n|\n|t:|1697706559\n|switch|p2b: Pincurchin|Pincurchin, M, shiny|100\/100\n|-fieldstart|move: Electric Terrain|[from] ability: Electric Surge|[of] p2b: Pincurchin\n|switch|p2a: Iron Hands|Iron Hands, shiny|100\/100\n|-activate|p2a: Iron Hands|ability: Quark Drive\n|-start|p2a: Iron Hands|quarkdriveatk\n|move|p1a: Ceruledge|Shadow Sneak|p2b: Pincurchin\n|-damage|p2b: Pincurchin|81\/100\n|-enditem|p2b: Pincurchin|Eject Button\n|\n|t:|1697706570\n|switch|p2b: Amoonguss|Amoonguss, M, shiny|100\/100\n|cant|p1b: Kingambit|slp\n|\n|upkeep\n|turn|6\n|-activate|p1a: Ceruledge|item: Quick Claw\n|\n|t:|1697706584\n|move|p2b: Amoonguss|Protect|p2b: Amoonguss\n|-singleturn|p2b: Amoonguss|Protect\n|cant|p1b: Kingambit|slp\n|move|p1a: Ceruledge|Bitter Blade|p2b: Amoonguss\n|-activate|p2b: Amoonguss|move: Protect\n|move|p2a: Iron Hands|Drain Punch|p1b: Kingambit\n|-supereffective|p1b: Kingambit\n|-damage|p1b: Kingambit|0 fnt\n|faint|p1b: Kingambit\n|-end|p1b: Kingambit|fallen2|[silent]\n|\n|upkeep\n|\n|t:|1697706595\n|switch|p1b: Hatterene|Hatterene, F|100\/100\n|-damage|p1b: Hatterene|88\/100|[from] Stealth Rock\n|turn|7\n|-activate|p1a: Ceruledge|item: Quick Claw\n|\n|t:|1697706607\n|-terastallize|p2a: Iron Hands|Fire\n|move|p1a: Ceruledge|Bitter Blade|p2b: Amoonguss\n|-supereffective|p2b: Amoonguss\n|-damage|p2b: Amoonguss|11\/100\n|-heal|p1a: Ceruledge|100\/100|[from] drain|[of] p2b: Amoonguss\n|move|p2a: Iron Hands|Wild Charge|p1b: Hatterene\n|-damage|p1b: Hatterene|0 fnt\n|faint|p1b: Hatterene\n|-damage|p2a: Iron Hands|86\/100|[from] Recoil\n|move|p2b: Amoonguss|Spore|p1a: Ceruledge\n|-activate|p1a: Ceruledge|move: Electric Terrain\n|\n|-heal|p2b: Amoonguss|17\/100|[from] item: Leftovers\n|upkeep\n|turn|8\n|-activate|p1a: Ceruledge|item: Quick Claw\n|\n|t:|1697706628\n|move|p2b: Amoonguss|Protect|p2b: Amoonguss\n|-singleturn|p2b: Amoonguss|Protect\n|move|p1a: Ceruledge|Bitter Blade|p2b: Amoonguss\n|-activate|p2b: Amoonguss|move: Protect\n|move|p2a: Iron Hands|Earthquake|p1a: Ceruledge|[spread] p1a\n|-activate|p2b: Amoonguss|move: Protect\n|-supereffective|p1a: Ceruledge\n|-damage|p1a: Ceruledge|0 fnt\n|faint|p1a: Ceruledge\n|\n|win|braye\n|raw|Njbjbfd's rating: 1050 &rarr; <strong>1030<\/strong><br \/>(-20 for losing)\n|raw|braye's rating: 1000 &rarr; <strong>1046<\/strong><br \/>(+46 for winning)\n|l|\u2606Njbjbfd\n","uploadtime":1697706695,"views":11,"p1id":"njbjbfd","p2id":"braye","formatid":"gen9doublesou","rating":1030,"private":0,"password":""}