{"id":"gen9doublesou-1998182272","p1":"maybenotxand","p2":"Pablechu21","format":"[Gen 9] Doubles OU","log":"|j|\u2606maybenotxand\n|j|\u2606Pablechu21\n|t:|1700907924\n|gametype|doubles\n|player|p1|maybenotxand|dawn|1013\n|player|p2|Pablechu21|pokemaniac|1055\n|teamsize|p1|6\n|teamsize|p2|6\n|gen|9\n|tier|[Gen 9] Doubles OU\n|rated|\n|rule|Species Clause: Limit one of each Pok\u00e9mon\n|rule|OHKO Clause: OHKO moves are banned\n|rule|Evasion Moves Clause: Evasion moves are banned\n|rule|Gravity Sleep Clause: The combination of sleep-inducing moves with imperfect accuracy and Gravity or Gigantamax Orbeetle are banned\n|rule|Endless Battle Clause: Forcing endless battles is banned\n|rule|HP Percentage Mod: HP is shown in percentages\n|clearpoke\n|poke|p1|Ceruledge, M|\n|poke|p1|Meowscarada, F|\n|poke|p1|Dragonite, M|\n|poke|p1|Iron Bundle|\n|poke|p1|Amoonguss, M|\n|poke|p1|Iron Valiant|\n|poke|p2|Arcanine, F|\n|poke|p2|Maushold-Four|\n|poke|p2|Slowbro, F|\n|poke|p2|Gholdengo|\n|poke|p2|Meowscarada, M|\n|poke|p2|Walking Wake|\n|teampreview\n|\n|t:|1700907930\n|start\n|switch|p1a: Nitee|Dragonite, M, shiny|100\/100\n|switch|p1b: P3ngu1n|Iron Bundle, shiny|100\/100\n|switch|p2a: Arcanine|Arcanine, F|100\/100\n|switch|p2b: Maushold|Maushold-Four|100\/100\n|-ability|p2a: Arcanine|Intimidate|boost\n|-fail|p1a: Nitee|unboost|Attack|[from] ability: Inner Focus|[of] p1a: Nitee\n|-unboost|p1b: P3ngu1n|atk|1\n|-enditem|p1b: P3ngu1n|Booster Energy\n|-activate|p1b: P3ngu1n|ability: Quark Drive|[fromitem]\n|-start|p1b: P3ngu1n|quarkdrivespe\n|turn|1\n|inactive|Battle timer is ON: inactive players will automatically lose when time's up. (requested by Pablechu21)\n|\n|t:|1700907949\n|move|p1a: Nitee|Extreme Speed|p2b: Maushold\n|-damage|p2b: Maushold|63\/100\n|move|p1b: P3ngu1n|Acrobatics|p2b: Maushold\n|-damage|p2b: Maushold|41\/100\n|move|p2b: Maushold|Population Bomb|p1a: Nitee\n|-damage|p1a: Nitee|93\/100\n|-damage|p1a: Nitee|86\/100\n|-damage|p1a: Nitee|79\/100\n|-damage|p1a: Nitee|71\/100\n|-damage|p1a: Nitee|63\/100\n|-damage|p1a: Nitee|56\/100\n|-damage|p1a: Nitee|48\/100\n|-damage|p1a: Nitee|40\/100\n|-hitcount|p1a: Nitee|8\n|move|p2a: Arcanine|Flamethrower|p1b: P3ngu1n\n|-damage|p1b: P3ngu1n|16\/100\n|\n|-heal|p1a: Nitee|46\/100|[from] item: Leftovers\n|upkeep\n|turn|2\n|inactive|maybenotxand has 120 seconds left.\n|\n|t:|1700907987\n|move|p2b: Maushold|Protect|p2b: Maushold\n|-singleturn|p2b: Maushold|Protect\n|move|p2a: Arcanine|Extreme Speed|p1b: P3ngu1n\n|-damage|p1b: P3ngu1n|0 fnt\n|faint|p1b: P3ngu1n\n|-end|p1b: P3ngu1n|Quark Drive|[silent]\n|move|p1a: Nitee|Extreme Speed|p2b: Maushold\n|-activate|p2b: Maushold|move: Protect\n|\n|-heal|p1a: Nitee|52\/100|[from] item: Leftovers\n|upkeep\n|\n|t:|1700908006\n|switch|p1b: Fryden|Ceruledge, M|100\/100\n|turn|3\n|inactive|maybenotxand has 120 seconds left.\n|\n|t:|1700908017\n|move|p1a: Nitee|Extreme Speed|p2b: Maushold\n|-damage|p2b: Maushold|5\/100\n|move|p2b: Maushold|Population Bomb|p1a: Nitee\n|-damage|p1a: Nitee|45\/100\n|-hitcount|p1a: Nitee|1\n|move|p2a: Arcanine|Crunch|p1b: Fryden\n|-supereffective|p1b: Fryden\n|-damage|p1b: Fryden|36\/100\n|move|p1b: Fryden|Swords Dance|p1b: Fryden\n|-boost|p1b: Fryden|atk|2\n|\n|-heal|p1a: Nitee|51\/100|[from] item: Leftovers\n|upkeep\n|turn|4\n|inactive|maybenotxand has 120 seconds left.\n|\n|t:|1700908052\n|move|p2b: Maushold|Protect|p2b: Maushold\n|-singleturn|p2b: Maushold|Protect\n|move|p1b: Fryden|Shadow Sneak|p2b: Maushold\n|-activate|p2b: Maushold|move: Protect\n|move|p2a: Arcanine|Crunch|p1b: Fryden\n|-supereffective|p1b: Fryden\n|-damage|p1b: Fryden|0 fnt\n|faint|p1b: Fryden\n|move|p1a: Nitee|Dragon Claw|p2a: Arcanine\n|-damage|p2a: Arcanine|60\/100\n|\n|-heal|p1a: Nitee|57\/100|[from] item: Leftovers\n|upkeep\n|\n|t:|1700908074\n|switch|p1b: Jetlag|Iron Valiant, shiny|100\/100\n|turn|5\n|inactive|maybenotxand has 120 seconds left.\n|\n|t:|1700908098\n|move|p1b: Jetlag|Moonblast|p2a: Arcanine\n|-resisted|p2a: Arcanine\n|-damage|p2a: Arcanine|27\/100\n|move|p2b: Maushold|Population Bomb|p1a: Nitee\n|-damage|p1a: Nitee|50\/100\n|-damage|p1a: Nitee|42\/100\n|-damage|p1a: Nitee|35\/100\n|-damage|p1a: Nitee|27\/100\n|-damage|p1a: Nitee|20\/100\n|-damage|p1a: Nitee|12\/100\n|-damage|p1a: Nitee|4\/100\n|-damage|p1a: Nitee|0 fnt\n|faint|p1a: Nitee\n|-hitcount|p1: Nitee|8\n|move|p2a: Arcanine|Crunch|p1b: Jetlag\n|-resisted|p1b: Jetlag\n|-damage|p1b: Jetlag|92\/100\n|\n|upkeep\n|inactive|maybenotxand has 90 seconds left.\n|\n|t:|1700908119\n|switch|p1a: L Pokemon|Meowscarada, F|100\/100\n|turn|6\n|\n|t:|1700908128\n|move|p1a: L Pokemon|Sucker Punch|p2a: Arcanine\n|-start|p1a: L Pokemon|typechange|Dark|[from] ability: Protean\n|-damage|p2a: Arcanine|0 fnt\n|faint|p2a: Arcanine\n|move|p1b: Jetlag|Moonblast|p2b: Maushold\n|-damage|p2b: Maushold|0 fnt\n|faint|p2b: Maushold\n|\n|upkeep\n|\n|t:|1700908153\n|switch|p2b: Gholdengo|Gholdengo|100\/100\n|switch|p2a: Meowscarada|Meowscarada, M|100\/100\n|-item|p2b: Gholdengo|Air Balloon\n|turn|7\n|\n|t:|1700908162\n|move|p1a: L Pokemon|Sucker Punch|p2b: Gholdengo\n|-supereffective|p2b: Gholdengo\n|-damage|p2b: Gholdengo|0 fnt\n|-enditem|p2b: Gholdengo|Air Balloon\n|faint|p2b: Gholdengo\n|move|p2a: Meowscarada|Pollen Puff|p1a: L Pokemon\n|-start|p2a: Meowscarada|typechange|Bug|[from] ability: Protean\n|-supereffective|p1a: L Pokemon\n|-damage|p1a: L Pokemon|0 fnt\n|faint|p1a: L Pokemon\n|move|p1b: Jetlag|Moonblast|p2a: Meowscarada\n|-damage|p2a: Meowscarada|0 fnt\n|faint|p2a: Meowscarada\n|\n|upkeep\n|\n|t:|1700908178\n|switch|p2a: Slowbro|Slowbro, F|100\/100\n|switch|p1a: laugh|Amoonguss, M|100\/100\n|switch|p2b: Walking Wake|Walking Wake|100\/100\n|turn|8\n|\n|t:|1700908192\n|move|p1b: Jetlag|Moonblast|p2b: Walking Wake\n|-supereffective|p2b: Walking Wake\n|-damage|p2b: Walking Wake|0 fnt\n|faint|p2b: Walking Wake\n|-end|p2b: Walking Wake|Protosynthesis|[silent]\n|move|p2a: Slowbro|Psychic|p1b: Jetlag\n|-supereffective|p1b: Jetlag\n|-damage|p1b: Jetlag|0 fnt\n|faint|p1b: Jetlag\n|-end|p1b: Jetlag|Quark Drive|[silent]\n|move|p1a: laugh|Pollen Puff|p2a: Slowbro\n|-supereffective|p2a: Slowbro\n|-damage|p2a: Slowbro|62\/100\n|\n|upkeep\n|turn|9\n|\n|t:|1700908214\n|-terastallize|p1a: laugh|Water\n|move|p2a: Slowbro|Flamethrower|p1a: laugh\n|-resisted|p1a: laugh\n|-damage|p1a: laugh|89\/100\n|move|p1a: laugh|Pollen Puff|p2a: Slowbro\n|-supereffective|p2a: Slowbro\n|-damage|p2a: Slowbro|26\/100\n|\n|upkeep\n|turn|10\n|inactive|Pablechu21 has 120 seconds left.\n|\n|t:|1700908257\n|-terastallize|p2a: Slowbro|Water\n|move|p2a: Slowbro|Psychic|p1a: laugh\n|-damage|p1a: laugh|57\/100\n|move|p1a: laugh|Pollen Puff|p2a: Slowbro\n|-damage|p2a: Slowbro|8\/100\n|\n|upkeep\n|turn|11\n|\n|t:|1700908268\n|move|p2a: Slowbro|Psychic|p1a: laugh\n|-damage|p1a: laugh|23\/100\n|move|p1a: laugh|Clear Smog|p2a: Slowbro\n|-crit|p2a: Slowbro\n|-damage|p2a: Slowbro|0 fnt\n|-clearboost|p2a: Slowbro\n|faint|p2a: Slowbro\n|\n|win|maybenotxand\n|raw|maybenotxand's rating: 1013 &rarr; <strong>1056<\/strong><br \/>(+43 for winning)\n|raw|Pablechu21's rating: 1055 &rarr; <strong>1035<\/strong><br \/>(-20 for losing)\n|l|\u2606Pablechu21\n","uploadtime":1700908284,"views":6,"p1id":"maybenotxand","p2id":"pablechu21","formatid":"gen9doublesou","rating":1035,"private":0,"password":""}