{"id":"gen9doublesou-1994020192","p1":"kittyredheart","p2":"OPieceOfHeroGhost","format":"[Gen 9] Doubles OU","log":"|j|\u2606kittyredheart\n|j|\u2606OPieceOfHeroGhost\n|t:|1700394822\n|gametype|doubles\n|player|p1|kittyredheart|elesa|1489\n|player|p2|OPieceOfHeroGhost|morty|1612\n|teamsize|p1|6\n|teamsize|p2|6\n|gen|9\n|tier|[Gen 9] Doubles OU\n|rated|\n|rule|Species Clause: Limit one of each Pok\u00e9mon\n|rule|OHKO Clause: OHKO moves are banned\n|rule|Evasion Moves Clause: Evasion moves are banned\n|rule|Gravity Sleep Clause: The combination of sleep-inducing moves with imperfect accuracy and Gravity or Gigantamax Orbeetle are banned\n|rule|Endless Battle Clause: Forcing endless battles is banned\n|rule|HP Percentage Mod: HP is shown in percentages\n|clearpoke\n|poke|p1|Milotic, F|\n|poke|p1|Grimmsnarl, M|\n|poke|p1|Jirachi|\n|poke|p1|Espathra, M|\n|poke|p1|Landorus-Therian, M|\n|poke|p1|Chien-Pao|\n|poke|p2|Heatran, M|\n|poke|p2|Rillaboom, F|\n|poke|p2|Flutter Mane|\n|poke|p2|Chien-Pao|\n|poke|p2|Iron Hands|\n|poke|p2|Landorus-Therian, M|\n|teampreview\n|inactive|Battle timer is ON: inactive players will automatically lose when time's up. (requested by kittyredheart)\n|\n|t:|1700394835\n|start\n|switch|p1a: Chicky Wicky|Grimmsnarl, M, shiny|100\/100\n|switch|p1b: Iron Fangs|Chien-Pao|100\/100\n|switch|p2a: \u989d\u554a\uff01\u8150\u8680\u80c6\u6c41\uff01|Heatran, M|100\/100\n|switch|p2b: \u62cd\u6253\u7329|Rillaboom, F|100\/100\n|-ability|p1b: Iron Fangs|Sword of Ruin\n|-fieldstart|move: Grassy Terrain|[from] ability: Grassy Surge|[of] p2b: \u62cd\u6253\u7329\n|turn|1\n|\n|t:|1700394851\n|switch|p1b: Cloud Terra|Landorus-Therian, M|100\/100\n|-ability|p1b: Cloud Terra|Intimidate|boost\n|-unboost|p2a: \u989d\u554a\uff01\u8150\u8680\u80c6\u6c41\uff01|atk|1\n|-unboost|p2b: \u62cd\u6253\u7329|atk|1\n|move|p2b: \u62cd\u6253\u7329|Fake Out|p1b: Cloud Terra\n|-damage|p1b: Cloud Terra|89\/100\n|-enditem|p1b: Cloud Terra|Eject Button\n|\n|t:|1700394859\n|switch|p1b: Wig Snatcher|Espathra, M|100\/100\n|move|p1a: Chicky Wicky|Thunder Wave|p2b: \u62cd\u6253\u7329\n|-status|p2b: \u62cd\u6253\u7329|par\n|move|p2a: \u989d\u554a\uff01\u8150\u8680\u80c6\u6c41\uff01|Heat Wave|p1b: Wig Snatcher|[spread] p1b\n|-miss|p2a: \u989d\u554a\uff01\u8150\u8680\u80c6\u6c41\uff01|p1a: Chicky Wicky\n|-damage|p1b: Wig Snatcher|52\/100\n|\n|-heal|p1b: Wig Snatcher|59\/100|[from] Grassy Terrain\n|upkeep\n|turn|2\n|\n|t:|1700394876\n|switch|p2b: ku\ud83d\udcb0\u70ae|Chien-Pao|100\/100\n|-ability|p2b: ku\ud83d\udcb0\u70ae|Sword of Ruin\n|move|p1b: Wig Snatcher|Protect|p1b: Wig Snatcher\n|-singleturn|p1b: Wig Snatcher|Protect\n|move|p2a: \u989d\u554a\uff01\u8150\u8680\u80c6\u6c41\uff01|Protect|p2a: \u989d\u554a\uff01\u8150\u8680\u80c6\u6c41\uff01\n|-singleturn|p2a: \u989d\u554a\uff01\u8150\u8680\u80c6\u6c41\uff01|Protect\n|move|p1a: Chicky Wicky|Thunder Wave|p2a: \u989d\u554a\uff01\u8150\u8680\u80c6\u6c41\uff01\n|-activate|p2a: \u989d\u554a\uff01\u8150\u8680\u80c6\u6c41\uff01|move: Protect\n|\n|-heal|p1b: Wig Snatcher|65\/100|[from] Grassy Terrain\n|-ability|p1b: Wig Snatcher|Speed Boost|boost\n|-boost|p1b: Wig Snatcher|spe|1\n|upkeep\n|turn|3\n|\n|t:|1700394901\n|switch|p1b: Cloud Terra|Landorus-Therian, M|89\/100\n|-ability|p1b: Cloud Terra|Intimidate|boost\n|-unboost|p2a: \u989d\u554a\uff01\u8150\u8680\u80c6\u6c41\uff01|atk|1\n|-unboost|p2b: ku\ud83d\udcb0\u70ae|atk|1\n|move|p2b: ku\ud83d\udcb0\u70ae|Sucker Punch||[still]\n|-fail|p2b: ku\ud83d\udcb0\u70ae\n|move|p1a: Chicky Wicky|Parting Shot|p2a: \u989d\u554a\uff01\u8150\u8680\u80c6\u6c41\uff01\n|-unboost|p2a: \u989d\u554a\uff01\u8150\u8680\u80c6\u6c41\uff01|atk|1\n|-unboost|p2a: \u989d\u554a\uff01\u8150\u8680\u80c6\u6c41\uff01|spa|1\n|\n|t:|1700394910\n|switch|p1a: Aqua Marine|Milotic, F|100\/100|[from] Parting Shot\n|move|p2a: \u989d\u554a\uff01\u8150\u8680\u80c6\u6c41\uff01|Heat Wave|p1a: Aqua Marine|[spread] p1a,p1b\n|-resisted|p1a: Aqua Marine\n|-damage|p1a: Aqua Marine|92\/100\n|-damage|p1b: Cloud Terra|58\/100\n|\n|-heal|p1a: Aqua Marine|98\/100|[from] Grassy Terrain\n|upkeep\n|turn|4\n|\n|t:|1700394923\n|switch|p1b: Chicky Wicky|Grimmsnarl, M, shiny|100\/100\n|move|p2a: \u989d\u554a\uff01\u8150\u8680\u80c6\u6c41\uff01|Protect|p2a: \u989d\u554a\uff01\u8150\u8680\u80c6\u6c41\uff01\n|-singleturn|p2a: \u989d\u554a\uff01\u8150\u8680\u80c6\u6c41\uff01|Protect\n|move|p2b: ku\ud83d\udcb0\u70ae|Icicle Crash|p1b: Chicky Wicky\n|-damage|p1b: Chicky Wicky|64\/100\n|move|p1a: Aqua Marine|Coil|p1a: Aqua Marine\n|-boost|p1a: Aqua Marine|atk|1\n|-boost|p1a: Aqua Marine|def|1\n|-boost|p1a: Aqua Marine|accuracy|1\n|\n|-heal|p1a: Aqua Marine|100\/100|[from] Grassy Terrain\n|-heal|p1b: Chicky Wicky|70\/100|[from] Grassy Terrain\n|upkeep\n|turn|5\n|\n|t:|1700394943\n|switch|p2b: \u62cd\u6253\u7329|Rillaboom, F|100\/100 par\n|switch|p2a: \u4f60\u62cd\u4e94\uff0c\u6211\u62cd\u516d\uff0c\u51fb\u638c\u5947\u88ad\u754f\u4e2a\u7f29|Iron Hands|100\/100\n|move|p1b: Chicky Wicky|Parting Shot|p2a: \u4f60\u62cd\u4e94\uff0c\u6211\u62cd\u516d\uff0c\u51fb\u638c\u5947\u88ad\u754f\u4e2a\u7f29\n|-unboost|p2a: \u4f60\u62cd\u4e94\uff0c\u6211\u62cd\u516d\uff0c\u51fb\u638c\u5947\u88ad\u754f\u4e2a\u7f29|atk|1\n|-unboost|p2a: \u4f60\u62cd\u4e94\uff0c\u6211\u62cd\u516d\uff0c\u51fb\u638c\u5947\u88ad\u754f\u4e2a\u7f29|spa|1\n|\n|t:|1700394950\n|switch|p1b: Cloud Terra|Landorus-Therian, M|58\/100|[from] Parting Shot\n|-ability|p1b: Cloud Terra|Intimidate|boost\n|-unboost|p2a: \u4f60\u62cd\u4e94\uff0c\u6211\u62cd\u516d\uff0c\u51fb\u638c\u5947\u88ad\u754f\u4e2a\u7f29|atk|1\n|-unboost|p2b: \u62cd\u6253\u7329|atk|1\n|move|p1a: Aqua Marine|Coil|p1a: Aqua Marine\n|-boost|p1a: Aqua Marine|atk|1\n|-boost|p1a: Aqua Marine|def|1\n|-boost|p1a: Aqua Marine|accuracy|1\n|\n|-fieldend|move: Grassy Terrain\n|upkeep\n|turn|6\n|\n|t:|1700394973\n|switch|p1b: Chicky Wicky|Grimmsnarl, M, shiny|70\/100\n|move|p2a: \u4f60\u62cd\u4e94\uff0c\u6211\u62cd\u516d\uff0c\u51fb\u638c\u5947\u88ad\u754f\u4e2a\u7f29|Fake Out|p1b: Chicky Wicky\n|-damage|p1b: Chicky Wicky|63\/100\n|move|p1a: Aqua Marine|Hypnosis|p2a: \u4f60\u62cd\u4e94\uff0c\u6211\u62cd\u516d\uff0c\u51fb\u638c\u5947\u88ad\u754f\u4e2a\u7f29\n|-status|p2a: \u4f60\u62cd\u4e94\uff0c\u6211\u62cd\u516d\uff0c\u51fb\u638c\u5947\u88ad\u754f\u4e2a\u7f29|slp|[from] move: Hypnosis\n|move|p2b: \u62cd\u6253\u7329|U-turn|p1b: Chicky Wicky\n|-damage|p1b: Chicky Wicky|48\/100\n|\n|t:|1700394981\n|switch|p2b: \u4f60\u53d1\u59d0\u6c38\u8fdc\u662f\u4f60\u53d1\u59d0|Flutter Mane|100\/100|[from] U-turn\n|\n|upkeep\n|turn|7\n|\n|t:|1700394994\n|move|p1b: Chicky Wicky|Light Screen|p1b: Chicky Wicky\n|-sidestart|p1: kittyredheart|move: Light Screen\n|move|p2b: \u4f60\u53d1\u59d0\u6c38\u8fdc\u662f\u4f60\u53d1\u59d0|Energy Ball|p1a: Aqua Marine\n|-supereffective|p1a: Aqua Marine\n|-damage|p1a: Aqua Marine|61\/100\n|move|p1a: Aqua Marine|Hypnosis|p2b: \u4f60\u53d1\u59d0\u6c38\u8fdc\u662f\u4f60\u53d1\u59d0\n|-status|p2b: \u4f60\u53d1\u59d0\u6c38\u8fdc\u662f\u4f60\u53d1\u59d0|slp|[from] move: Hypnosis\n|cant|p2a: \u4f60\u62cd\u4e94\uff0c\u6211\u62cd\u516d\uff0c\u51fb\u638c\u5947\u88ad\u754f\u4e2a\u7f29|slp\n|\n|upkeep\n|turn|8\n|\n|t:|1700395005\n|-end|p2a: \u4f60\u62cd\u4e94\uff0c\u6211\u62cd\u516d\uff0c\u51fb\u638c\u5947\u88ad\u754f\u4e2a\u7f29|Quark Drive|[silent]\n|switch|p2a: \u62cd\u6253\u7329|Rillaboom, F|100\/100 par\n|-fieldstart|move: Grassy Terrain|[from] ability: Grassy Surge|[of] p2a: \u62cd\u6253\u7329\n|move|p1b: Chicky Wicky|Parting Shot|p2b: \u4f60\u53d1\u59d0\u6c38\u8fdc\u662f\u4f60\u53d1\u59d0\n|-unboost|p2b: \u4f60\u53d1\u59d0\u6c38\u8fdc\u662f\u4f60\u53d1\u59d0|atk|1\n|-unboost|p2b: \u4f60\u53d1\u59d0\u6c38\u8fdc\u662f\u4f60\u53d1\u59d0|spa|1\n|\n|t:|1700395012\n|switch|p1b: Cloud Terra|Landorus-Therian, M|58\/100|[from] Parting Shot\n|-ability|p1b: Cloud Terra|Intimidate|boost\n|-unboost|p2a: \u62cd\u6253\u7329|atk|1\n|-unboost|p2b: \u4f60\u53d1\u59d0\u6c38\u8fdc\u662f\u4f60\u53d1\u59d0|atk|1\n|cant|p2b: \u4f60\u53d1\u59d0\u6c38\u8fdc\u662f\u4f60\u53d1\u59d0|slp\n|move|p1a: Aqua Marine|Coil|p1a: Aqua Marine\n|-boost|p1a: Aqua Marine|atk|1\n|-boost|p1a: Aqua Marine|def|1\n|-boost|p1a: Aqua Marine|accuracy|1\n|\n|-heal|p1a: Aqua Marine|67\/100|[from] Grassy Terrain\n|upkeep\n|turn|9\n|\n|t:|1700395023\n|move|p2a: \u62cd\u6253\u7329|Fake Out|p1b: Cloud Terra\n|-damage|p1b: Cloud Terra|46\/100\n|-curestatus|p2b: \u4f60\u53d1\u59d0\u6c38\u8fdc\u662f\u4f60\u53d1\u59d0|slp|[msg]\n|move|p2b: \u4f60\u53d1\u59d0\u6c38\u8fdc\u662f\u4f60\u53d1\u59d0|Energy Ball|p1a: Aqua Marine\n|-supereffective|p1a: Aqua Marine\n|-damage|p1a: Aqua Marine|32\/100\n|-unboost|p1a: Aqua Marine|spd|1\n|-ability|p1a: Aqua Marine|Competitive|boost\n|-boost|p1a: Aqua Marine|spa|2\n|cant|p1b: Cloud Terra|flinch\n|move|p1a: Aqua Marine|Rest|p1a: Aqua Marine\n|-status|p1a: Aqua Marine|slp|[from] move: Rest\n|-heal|p1a: Aqua Marine|100\/100 slp|[silent]\n|-enditem|p1a: Aqua Marine|Chesto Berry|[eat]\n|-curestatus|p1a: Aqua Marine|slp|[msg]\n|\n|upkeep\n|turn|10\n|\n|t:|1700395035\n|move|p2a: \u62cd\u6253\u7329|Grassy Glide|p1a: Aqua Marine\n|-supereffective|p1a: Aqua Marine\n|-damage|p1a: Aqua Marine|76\/100\n|move|p2b: \u4f60\u53d1\u59d0\u6c38\u8fdc\u662f\u4f60\u53d1\u59d0|Energy Ball|p1a: Aqua Marine\n|-supereffective|p1a: Aqua Marine\n|-damage|p1a: Aqua Marine|23\/100\n|move|p1b: Cloud Terra|Stealth Rock|p2a: \u62cd\u6253\u7329\n|-sidestart|p2: OPieceOfHeroGhost|move: Stealth Rock\n|move|p1a: Aqua Marine|Hypnosis|p2b: \u4f60\u53d1\u59d0\u6c38\u8fdc\u662f\u4f60\u53d1\u59d0\n|-status|p2b: \u4f60\u53d1\u59d0\u6c38\u8fdc\u662f\u4f60\u53d1\u59d0|slp|[from] move: Hypnosis\n|\n|-heal|p1a: Aqua Marine|29\/100|[from] Grassy Terrain\n|upkeep\n|turn|11\n|\n|t:|1700395052\n|-end|p2b: \u4f60\u53d1\u59d0\u6c38\u8fdc\u662f\u4f60\u53d1\u59d0|Protosynthesis|[silent]\n|switch|p2b: ku\ud83d\udcb0\u70ae|Chien-Pao|100\/100\n|-damage|p2b: ku\ud83d\udcb0\u70ae|76\/100|[from] Stealth Rock\n|-ability|p2b: ku\ud83d\udcb0\u70ae|Sword of Ruin\n|switch|p1b: Chicky Wicky|Grimmsnarl, M, shiny|48\/100\n|move|p2a: \u62cd\u6253\u7329|Grassy Glide|p1a: Aqua Marine\n|-supereffective|p1a: Aqua Marine\n|-damage|p1a: Aqua Marine|0 fnt\n|faint|p1a: Aqua Marine\n|\n|-heal|p2b: ku\ud83d\udcb0\u70ae|82\/100|[from] Grassy Terrain\n|-heal|p1b: Chicky Wicky|54\/100|[from] Grassy Terrain\n|-sideend|p1: kittyredheart|move: Light Screen\n|upkeep\n|\n|t:|1700395065\n|switch|p1a: Cloud Terra|Landorus-Therian, M|46\/100\n|-ability|p1a: Cloud Terra|Intimidate|boost\n|-unboost|p2a: \u62cd\u6253\u7329|atk|1\n|-unboost|p2b: ku\ud83d\udcb0\u70ae|atk|1\n|turn|12\n|\n|t:|1700395078\n|switch|p1a: Iron Wish|Jirachi|100\/100\n|switch|p2a: \u571f\u732b\u8e29\u6211|Landorus-Therian, M|100\/100\n|-damage|p2a: \u571f\u732b\u8e29\u6211|88\/100|[from] Stealth Rock\n|-ability|p2a: \u571f\u732b\u8e29\u6211|Intimidate|boost\n|-unboost|p1a: Iron Wish|atk|1\n|-unboost|p1b: Chicky Wicky|atk|1\n|move|p1b: Chicky Wicky|Parting Shot|p2a: \u571f\u732b\u8e29\u6211\n|-unboost|p2a: \u571f\u732b\u8e29\u6211|atk|1\n|-unboost|p2a: \u571f\u732b\u8e29\u6211|spa|1\n|\n|t:|1700395088\n|switch|p1b: Cloud Terra|Landorus-Therian, M|46\/100|[from] Parting Shot\n|-ability|p1b: Cloud Terra|Intimidate|boost\n|-unboost|p2a: \u571f\u732b\u8e29\u6211|atk|1\n|-unboost|p2b: ku\ud83d\udcb0\u70ae|atk|1\n|move|p2b: ku\ud83d\udcb0\u70ae|Icicle Crash|p1a: Iron Wish\n|-resisted|p1a: Iron Wish\n|-damage|p1a: Iron Wish|88\/100\n|\n|-heal|p2b: ku\ud83d\udcb0\u70ae|88\/100|[from] Grassy Terrain\n|-heal|p1a: Iron Wish|95\/100|[from] Grassy Terrain\n|-heal|p1a: Iron Wish|100\/100|[from] item: Leftovers\n|-fieldend|move: Grassy Terrain\n|upkeep\n|turn|13\n|\n|t:|1700395099\n|switch|p2b: \u989d\u554a\uff01\u8150\u8680\u80c6\u6c41\uff01|Heatran, M|100\/100\n|-damage|p2b: \u989d\u554a\uff01\u8150\u8680\u80c6\u6c41\uff01|88\/100|[from] Stealth Rock\n|switch|p1b: Chicky Wicky|Grimmsnarl, M, shiny|54\/100\n|move|p2a: \u571f\u732b\u8e29\u6211|U-turn|p1b: Chicky Wicky\n|-damage|p1b: Chicky Wicky|41\/100\n|\n|t:|1700395105\n|switch|p2a: \u62cd\u6253\u7329|Rillaboom, F|100\/100 par|[from] U-turn\n|-damage|p2a: \u62cd\u6253\u7329|88\/100 par|[from] Stealth Rock\n|-fieldstart|move: Grassy Terrain|[from] ability: Grassy Surge|[of] p2a: \u62cd\u6253\u7329\n|move|p1a: Iron Wish|Cosmic Power|p1a: Iron Wish\n|-boost|p1a: Iron Wish|def|1\n|-boost|p1a: Iron Wish|spd|1\n|\n|-heal|p2b: \u989d\u554a\uff01\u8150\u8680\u80c6\u6c41\uff01|94\/100|[from] Grassy Terrain\n|-heal|p2b: \u989d\u554a\uff01\u8150\u8680\u80c6\u6c41\uff01|100\/100|[from] item: Leftovers\n|-heal|p1b: Chicky Wicky|47\/100|[from] Grassy Terrain\n|-heal|p2a: \u62cd\u6253\u7329|94\/100 par|[from] Grassy Terrain\n|upkeep\n|turn|14\n|\n|t:|1700395118\n|move|p2a: \u62cd\u6253\u7329|Fake Out|p1b: Chicky Wicky\n|-damage|p1b: Chicky Wicky|32\/100\n|cant|p1b: Chicky Wicky|flinch\n|move|p1a: Iron Wish|Cosmic Power|p1a: Iron Wish\n|-boost|p1a: Iron Wish|def|1\n|-boost|p1a: Iron Wish|spd|1\n|move|p2b: \u989d\u554a\uff01\u8150\u8680\u80c6\u6c41\uff01|Heat Wave|p1a: Iron Wish|[spread] p1a,p1b\n|-supereffective|p1a: Iron Wish\n|-damage|p1a: Iron Wish|72\/100\n|-damage|p1b: Chicky Wicky|0 fnt\n|faint|p1b: Chicky Wicky\n|\n|-heal|p1a: Iron Wish|78\/100|[from] Grassy Terrain\n|-heal|p1a: Iron Wish|84\/100|[from] item: Leftovers\n|-heal|p2a: \u62cd\u6253\u7329|100\/100 par|[from] Grassy Terrain\n|upkeep\n|\n|t:|1700395136\n|switch|p1b: Wig Snatcher|Espathra, M|65\/100\n|turn|15\n|\n|t:|1700395143\n|move|p1b: Wig Snatcher|Protect|p1b: Wig Snatcher\n|-singleturn|p1b: Wig Snatcher|Protect\n|move|p1a: Iron Wish|Wish|p1a: Iron Wish\n|move|p2b: \u989d\u554a\uff01\u8150\u8680\u80c6\u6c41\uff01|Heat Wave|p1b: Wig Snatcher|[spread] p1a\n|-activate|p1b: Wig Snatcher|move: Protect\n|-supereffective|p1a: Iron Wish\n|-damage|p1a: Iron Wish|58\/100\n|move|p2a: \u62cd\u6253\u7329|High Horsepower|p1a: Iron Wish\n|-supereffective|p1a: Iron Wish\n|-damage|p1a: Iron Wish|31\/100\n|\n|-heal|p1b: Wig Snatcher|71\/100|[from] Grassy Terrain\n|-heal|p1a: Iron Wish|37\/100|[from] Grassy Terrain\n|-heal|p1a: Iron Wish|44\/100|[from] item: Leftovers\n|-ability|p1b: Wig Snatcher|Speed Boost|boost\n|-boost|p1b: Wig Snatcher|spe|1\n|upkeep\n|turn|16\n|\n|t:|1700395161\n|-terastallize|p1a: Iron Wish|Dark\n|move|p2a: \u62cd\u6253\u7329|Grassy Glide|p1b: Wig Snatcher\n|-damage|p1b: Wig Snatcher|0 fnt\n|faint|p1b: Wig Snatcher\n|move|p1a: Iron Wish|Cosmic Power|p1a: Iron Wish\n|-boost|p1a: Iron Wish|def|1\n|-boost|p1a: Iron Wish|spd|1\n|move|p2b: \u989d\u554a\uff01\u8150\u8680\u80c6\u6c41\uff01|Heat Wave|p1a: Iron Wish\n|-damage|p1a: Iron Wish|28\/100\n|\n|-heal|p1a: Iron Wish|78\/100|[from] move: Wish|[wisher] Iron Wish\n|-heal|p1a: Iron Wish|84\/100|[from] Grassy Terrain\n|-heal|p1a: Iron Wish|91\/100|[from] item: Leftovers\n|upkeep\n|\n|t:|1700395176\n|switch|p1b: Cloud Terra|Landorus-Therian, M|46\/100\n|-ability|p1b: Cloud Terra|Intimidate|boost\n|-unboost|p2a: \u62cd\u6253\u7329|atk|1\n|-unboost|p2b: \u989d\u554a\uff01\u8150\u8680\u80c6\u6c41\uff01|atk|1\n|turn|17\n|\n|t:|1700395185\n|move|p2b: \u989d\u554a\uff01\u8150\u8680\u80c6\u6c41\uff01|Protect|p2b: \u989d\u554a\uff01\u8150\u8680\u80c6\u6c41\uff01\n|-singleturn|p2b: \u989d\u554a\uff01\u8150\u8680\u80c6\u6c41\uff01|Protect\n|move|p1b: Cloud Terra|Stomping Tantrum|p2b: \u989d\u554a\uff01\u8150\u8680\u80c6\u6c41\uff01\n|-activate|p2b: \u989d\u554a\uff01\u8150\u8680\u80c6\u6c41\uff01|move: Protect\n|move|p1a: Iron Wish|Cosmic Power|p1a: Iron Wish\n|-boost|p1a: Iron Wish|def|1\n|-boost|p1a: Iron Wish|spd|1\n|move|p2a: \u62cd\u6253\u7329|U-turn|p1a: Iron Wish\n|-supereffective|p1a: Iron Wish\n|-damage|p1a: Iron Wish|81\/100\n|\n|t:|1700395195\n|switch|p2a: ku\ud83d\udcb0\u70ae|Chien-Pao|88\/100|[from] U-turn\n|-damage|p2a: ku\ud83d\udcb0\u70ae|63\/100|[from] Stealth Rock\n|-ability|p2a: ku\ud83d\udcb0\u70ae|Sword of Ruin\n|\n|-heal|p2a: ku\ud83d\udcb0\u70ae|69\/100|[from] Grassy Terrain\n|-heal|p1a: Iron Wish|87\/100|[from] Grassy Terrain\n|-heal|p1a: Iron Wish|93\/100|[from] item: Leftovers\n|-fieldend|move: Grassy Terrain\n|upkeep\n|turn|18\n|\n|t:|1700395217\n|switch|p1b: Iron Fangs|Chien-Pao|100\/100\n|-ability|p1b: Iron Fangs|Sword of Ruin\n|-terastallize|p2b: \u989d\u554a\uff01\u8150\u8680\u80c6\u6c41\uff01|Grass\n|move|p2a: ku\ud83d\udcb0\u70ae|Sacred Sword|p1a: Iron Wish\n|-supereffective|p1a: Iron Wish\n|-damage|p1a: Iron Wish|27\/100\n|move|p1a: Iron Wish|Wish|p1a: Iron Wish\n|move|p2b: \u989d\u554a\uff01\u8150\u8680\u80c6\u6c41\uff01|Heat Wave|p1b: Iron Fangs|[spread] p1b\n|-miss|p2b: \u989d\u554a\uff01\u8150\u8680\u80c6\u6c41\uff01|p1a: Iron Wish\n|-supereffective|p1b: Iron Fangs\n|-damage|p1b: Iron Fangs|0 fnt\n|faint|p1b: Iron Fangs\n|\n|-heal|p1a: Iron Wish|33\/100|[from] item: Leftovers\n|upkeep\n|\n|t:|1700395230\n|switch|p1b: Cloud Terra|Landorus-Therian, M|46\/100\n|-ability|p1b: Cloud Terra|Intimidate|boost\n|-unboost|p2a: ku\ud83d\udcb0\u70ae|atk|1\n|-unboost|p2b: \u989d\u554a\uff01\u8150\u8680\u80c6\u6c41\uff01|atk|1\n|turn|19\n|\n|t:|1700395237\n|move|p2a: ku\ud83d\udcb0\u70ae|Sacred Sword|p1a: Iron Wish\n|-supereffective|p1a: Iron Wish\n|-damage|p1a: Iron Wish|0 fnt\n|faint|p1a: Iron Wish\n|move|p1b: Cloud Terra|Rock Slide|p2b: \u989d\u554a\uff01\u8150\u8680\u80c6\u6c41\uff01|[spread] p2a\n|-miss|p1b: Cloud Terra|p2b: \u989d\u554a\uff01\u8150\u8680\u80c6\u6c41\uff01\n|-supereffective|p2a: ku\ud83d\udcb0\u70ae\n|-damage|p2a: ku\ud83d\udcb0\u70ae|6\/100\n|move|p2b: \u989d\u554a\uff01\u8150\u8680\u80c6\u6c41\uff01|Heat Wave|p1b: Cloud Terra\n|-damage|p1b: Cloud Terra|0 fnt\n|faint|p1b: Cloud Terra\n|\n|win|OPieceOfHeroGhost\n|raw|kittyredheart's rating: 1489 &rarr; <strong>1476<\/strong><br \/>(-13 for losing)\n|raw|OPieceOfHeroGhost's rating: 1612 &rarr; <strong>1625<\/strong><br \/>(+13 for winning)\n|l|\u2606kittyredheart\n|c|\u2606OPieceOfHeroGhost|change team\n","uploadtime":1700395260,"views":8,"p1id":"kittyredheart","p2id":"opieceofheroghost","formatid":"gen9doublesou","rating":1476,"private":0,"password":""}