{"id":"gen9doublesou-1979706462","p1":"PipeflehkDosP","p2":"kuroboss","format":"[Gen 9] Doubles OU","log":"|j|\u2606PipeflehkDosP\n|j|\u203dkuroboss\n|t:|1698705100\n|gametype|doubles\n|player|p1|PipeflehkDosP|swimmer|1049\n|player|p2|kuroboss|1|1000\n|teamsize|p1|6\n|teamsize|p2|6\n|gen|9\n|tier|[Gen 9] Doubles OU\n|rated|\n|rule|Species Clause: Limit one of each Pok\u00e9mon\n|rule|OHKO Clause: OHKO moves are banned\n|rule|Evasion Moves Clause: Evasion moves are banned\n|rule|Gravity Sleep Clause: The combination of sleep-inducing moves with imperfect accuracy and Gravity or Gigantamax Orbeetle are banned\n|rule|Endless Battle Clause: Forcing endless battles is banned\n|rule|HP Percentage Mod: HP is shown in percentages\n|clearpoke\n|poke|p1|Glimmora, M|\n|poke|p1|Goodra-Hisui, M|\n|poke|p1|Gholdengo|\n|poke|p1|Roaring Moon|\n|poke|p1|Ogerpon-Wellspring, F|\n|poke|p1|Brute Bonnet|\n|poke|p2|Manaphy|\n|poke|p2|Chi-Yu|\n|poke|p2|Rillaboom, M|\n|poke|p2|Gengar, M|\n|poke|p2|Amoonguss, M|\n|poke|p2|Clefairy, M|\n|teampreview\n|\n|t:|1698705109\n|start\n|switch|p1a: Glimmora|Glimmora, M|100\/100\n|switch|p1b: Brute Bonnet|Brute Bonnet|100\/100\n|switch|p2a: Clefairy|Clefairy, M|100\/100\n|switch|p2b: Manaphy|Manaphy|100\/100\n|-item|p1a: Glimmora|Air Balloon\n|turn|1\n|\n|t:|1698705130\n|move|p2b: Manaphy|Acid Armor|p2b: Manaphy\n|-boost|p2b: Manaphy|def|2\n|move|p1a: Glimmora|Mortal Spin|p2a: Clefairy|[spread] p2a,p2b\n|-supereffective|p2a: Clefairy\n|-damage|p2a: Clefairy|88\/100\n|-damage|p2b: Manaphy|98\/100\n|-status|p2a: Clefairy|psn\n|-status|p2b: Manaphy|psn\n|move|p1b: Brute Bonnet|Spore||[still]\n|-fail|p1b: Brute Bonnet\n|move|p2a: Clefairy|Encore|p1b: Brute Bonnet\n|-start|p1b: Brute Bonnet|Encore\n|\n|-damage|p2b: Manaphy|86\/100 psn|[from] psn\n|-damage|p2a: Clefairy|75\/100 psn|[from] psn\n|upkeep\n|turn|2\n|l|\u203dkuroboss\n|player|p2|\n|j|\u203dkuroboss\n|player|p2|kuroboss|1\n|n|\u203dkuroboss|kuroboss\n|\n|t:|1698705163\n|-end|p1b: Brute Bonnet|Protosynthesis|[silent]\n|switch|p1b: Ogerpon|Ogerpon-Wellspring, F|100\/100\n|move|p2a: Clefairy|Protect|p2a: Clefairy\n|-singleturn|p2a: Clefairy|Protect\n|move|p2b: Manaphy|Tail Glow|p2b: Manaphy\n|-boost|p2b: Manaphy|spa|3\n|move|p1a: Glimmora|Acid Spray|p2a: Clefairy\n|-activate|p2a: Clefairy|move: Protect\n|\n|-damage|p2b: Manaphy|74\/100 psn|[from] psn\n|-damage|p2a: Clefairy|63\/100 psn|[from] psn\n|upkeep\n|turn|3\n|\n|t:|1698705192\n|move|p1b: Ogerpon|Solar Blade||[still]\n|-prepare|p1b: Ogerpon|Solar Blade\n|move|p2b: Manaphy|Tail Glow|p2b: Manaphy\n|-boost|p2b: Manaphy|spa|3\n|move|p1a: Glimmora|Acid Spray|p1b: Ogerpon\n|-supereffective|p1b: Ogerpon\n|-damage|p1b: Ogerpon|68\/100\n|-unboost|p1b: Ogerpon|spd|2\n|move|p2a: Clefairy|Heal Pulse|p2b: Manaphy\n|-heal|p2b: Manaphy|100\/100 psn\n|\n|-damage|p2b: Manaphy|88\/100 psn|[from] psn\n|-damage|p2a: Clefairy|50\/100 psn|[from] psn\n|upkeep\n|turn|4\n|\n|t:|1698705218\n|move|p2a: Clefairy|Follow Me|p2a: Clefairy\n|-singleturn|p2a: Clefairy|move: Follow Me\n|move|p1b: Ogerpon|Solar Blade|p2a: Clefairy|[from]lockedmove\n|-damage|p2a: Clefairy|0 fnt\n|faint|p2a: Clefairy\n|move|p2b: Manaphy|Stored Power|p1b: Ogerpon\n|-damage|p1b: Ogerpon|0 fnt\n|faint|p1b: Ogerpon\n|move|p1a: Glimmora|Mortal Spin|p2b: Manaphy\n|-damage|p2b: Manaphy|84\/100 psn\n|\n|-damage|p2b: Manaphy|72\/100 psn|[from] psn\n|upkeep\n|\n|t:|1698705252\n|switch|p1b: Goodra|Goodra-Hisui, M, shiny|100\/100\n|switch|p2a: Gengar|Gengar, M|100\/100\n|turn|5\n|\n|t:|1698705267\n|move|p2a: Gengar|Hypnosis|p1a: Glimmora|[miss]\n|-miss|p2a: Gengar|p1a: Glimmora\n|move|p2b: Manaphy|Stored Power|p1b: Goodra\n|-resisted|p1b: Goodra\n|-damage|p1b: Goodra|40\/100\n|move|p1a: Glimmora|Mortal Spin|p2a: Gengar|[spread] p2a,p2b\n|-resisted|p2a: Gengar\n|-damage|p2a: Gengar|98\/100\n|-damage|p2b: Manaphy|69\/100 psn\n|move|p1b: Goodra|Thunderbolt|p2b: Manaphy\n|-supereffective|p2b: Manaphy\n|-damage|p2b: Manaphy|32\/100 psn\n|\n|-heal|p1b: Goodra|46\/100|[from] item: Leftovers\n|-damage|p2b: Manaphy|20\/100 psn|[from] psn\n|upkeep\n|turn|6\n|\n|t:|1698705304\n|move|p2a: Gengar|Hypnosis|p1a: Glimmora|[miss]\n|-miss|p2a: Gengar|p1a: Glimmora\n|move|p2b: Manaphy|Stored Power|p1b: Goodra\n|-resisted|p1b: Goodra\n|-damage|p1b: Goodra|0 fnt\n|faint|p1b: Goodra\n|move|p1a: Glimmora|Ancient Power|p2a: Gengar\n|-damage|p2a: Gengar|55\/100\n|\n|-damage|p2b: Manaphy|7\/100 psn|[from] psn\n|upkeep\n|\n|t:|1698705320\n|switch|p1b: Roaring Moon|Roaring Moon|100\/100\n|-enditem|p1b: Roaring Moon|Booster Energy\n|-activate|p1b: Roaring Moon|ability: Protosynthesis|[fromitem]\n|-start|p1b: Roaring Moon|protosynthesisatk\n|turn|7\n|\n|t:|1698705340\n|-terastallize|p1b: Roaring Moon|Dragon\n|move|p1b: Roaring Moon|Dragon Pulse|p2a: Gengar\n|-damage|p2a: Gengar|21\/100\n|-start|p1b: Roaring Moon|Disable|Dragon Pulse|[from] ability: Cursed Body|[of] p2a: Gengar\n|move|p2b: Manaphy|Stored Power|p1b: Roaring Moon\n|-damage|p1b: Roaring Moon|0 fnt\n|faint|p1b: Roaring Moon\n|-end|p1b: Roaring Moon|Protosynthesis|[silent]\n|move|p1a: Glimmora|Ancient Power|p2a: Gengar\n|-damage|p2a: Gengar|0 fnt\n|faint|p2a: Gengar\n|\n|-damage|p2b: Manaphy|0 fnt|[from] psn\n|faint|p2b: Manaphy\n|upkeep\n|\n|t:|1698705365\n|switch|p2a: Rillaboom|Rillaboom, M|100\/100\n|switch|p1b: Gholdengo|Gholdengo|100\/100\n|switch|p2b: Amoonguss|Amoonguss, M|100\/100\n|-fieldstart|move: Grassy Terrain|[from] ability: Grassy Surge|[of] p2a: Rillaboom\n|turn|8\n|\n|t:|1698705388\n|move|p1a: Glimmora|Mortal Spin|p2b: Amoonguss|[spread] p2a,p2b\n|-supereffective|p2a: Rillaboom\n|-damage|p2a: Rillaboom|93\/100\n|-damage|p2b: Amoonguss|96\/100\n|-status|p2a: Rillaboom|psn\n|move|p2a: Rillaboom|Wood Hammer|p1b: Gholdengo\n|-resisted|p1b: Gholdengo\n|-damage|p1b: Gholdengo|63\/100\n|-damage|p2a: Rillaboom|81\/100 psn|[from] Recoil\n|move|p1b: Gholdengo|Iron Head|p2a: Rillaboom\n|-damage|p2a: Rillaboom|58\/100 psn\n|-damage|p1b: Gholdengo|53\/100|[from] item: Life Orb\n|move|p2b: Amoonguss|Spore|p1a: Glimmora\n|-status|p1a: Glimmora|slp|[from] move: Spore\n|\n|-heal|p2a: Rillaboom|64\/100 psn|[from] Grassy Terrain\n|-heal|p2a: Rillaboom|70\/100 psn|[from] item: Leftovers\n|-heal|p1b: Gholdengo|59\/100|[from] Grassy Terrain\n|-heal|p2b: Amoonguss|100\/100|[from] Grassy Terrain\n|-damage|p2a: Rillaboom|58\/100 psn|[from] psn\n|upkeep\n|turn|9\n|\n|t:|1698705432\n|switch|p1b: Brute Bonnet|Brute Bonnet|100\/100\n|move|p2b: Amoonguss|Protect|p2b: Amoonguss\n|-singleturn|p2b: Amoonguss|Protect\n|cant|p1a: Glimmora|slp\n|move|p2a: Rillaboom|Wood Hammer|p1b: Brute Bonnet\n|-resisted|p1b: Brute Bonnet\n|-damage|p1b: Brute Bonnet|64\/100\n|-damage|p2a: Rillaboom|45\/100 psn|[from] Recoil\n|\n|-heal|p2a: Rillaboom|51\/100 psn|[from] Grassy Terrain\n|-heal|p2a: Rillaboom|58\/100 psn|[from] item: Leftovers\n|-heal|p1b: Brute Bonnet|70\/100|[from] Grassy Terrain\n|-heal|p1b: Brute Bonnet|77\/100|[from] item: Leftovers\n|-damage|p2a: Rillaboom|45\/100 psn|[from] psn\n|upkeep\n|turn|10\n|\n|t:|1698705467\n|cant|p1a: Glimmora|slp\n|move|p2a: Rillaboom|Wood Hammer|p1a: Glimmora\n|-damage|p1a: Glimmora|32\/100 slp\n|-activate|p1a: Glimmora|ability: Toxic Debris\n|-sidestart|p2: kuroboss|move: Toxic Spikes\n|-enditem|p1a: Glimmora|Air Balloon\n|-damage|p2a: Rillaboom|25\/100 psn|[from] Recoil\n|move|p1b: Brute Bonnet|Close Combat|p2a: Rillaboom\n|-damage|p2a: Rillaboom|0 fnt\n|-unboost|p1b: Brute Bonnet|def|1\n|-unboost|p1b: Brute Bonnet|spd|1\n|faint|p2a: Rillaboom\n|move|p2b: Amoonguss|Spore|p1b: Brute Bonnet\n|-immune|p1b: Brute Bonnet\n|\n|-heal|p1a: Glimmora|39\/100 slp|[from] Grassy Terrain\n|-heal|p1b: Brute Bonnet|83\/100|[from] Grassy Terrain\n|-heal|p1b: Brute Bonnet|89\/100|[from] item: Leftovers\n|upkeep\n|\n|t:|1698705485\n|switch|p2a: Chi-Yu|Chi-Yu|100\/100\n|-status|p2a: Chi-Yu|psn\n|-ability|p2a: Chi-Yu|Beads of Ruin\n|turn|11\n|\n|t:|1698705505\n|move|p2b: Amoonguss|Protect|p2b: Amoonguss\n|-singleturn|p2b: Amoonguss|Protect\n|move|p2a: Chi-Yu|Heat Wave|p1a: Glimmora|[spread] p1a\n|-miss|p2a: Chi-Yu|p1b: Brute Bonnet\n|-resisted|p1a: Glimmora\n|-damage|p1a: Glimmora|9\/100 slp\n|-curestatus|p1a: Glimmora|slp|[msg]\n|move|p1a: Glimmora|Ancient Power|p2a: Chi-Yu\n|-supereffective|p2a: Chi-Yu\n|-damage|p2a: Chi-Yu|36\/100 psn\n|move|p1b: Brute Bonnet|Spore||[still]\n|-fail|p1b: Brute Bonnet\n|\n|-heal|p2a: Chi-Yu|42\/100 psn|[from] Grassy Terrain\n|-heal|p1a: Glimmora|15\/100|[from] Grassy Terrain\n|-heal|p1b: Brute Bonnet|95\/100|[from] Grassy Terrain\n|-heal|p1b: Brute Bonnet|100\/100|[from] item: Leftovers\n|-damage|p2a: Chi-Yu|30\/100 psn|[from] psn\n|upkeep\n|turn|12\n|\n|t:|1698705542\n|move|p1b: Brute Bonnet|Protect|p1b: Brute Bonnet\n|-singleturn|p1b: Brute Bonnet|Protect\n|move|p2a: Chi-Yu|Heat Wave|p1b: Brute Bonnet|[spread] p1a\n|-activate|p1b: Brute Bonnet|move: Protect\n|-resisted|p1a: Glimmora\n|-damage|p1a: Glimmora|0 fnt\n|faint|p1a: Glimmora\n|move|p2b: Amoonguss|Spore|p1b: Brute Bonnet\n|-activate|p1b: Brute Bonnet|move: Protect\n|\n|-heal|p2a: Chi-Yu|36\/100 psn|[from] Grassy Terrain\n|-damage|p2a: Chi-Yu|24\/100 psn|[from] psn\n|-fieldend|move: Grassy Terrain\n|upkeep\n|\n|t:|1698705562\n|switch|p1a: Gholdengo|Gholdengo|59\/100\n|turn|13\n|l|\u203dkuroboss\n|player|p2|\n|\n|t:|1698705585\n|move|p2b: Amoonguss|Protect|p2b: Amoonguss\n|-singleturn|p2b: Amoonguss|Protect\n|move|p2a: Chi-Yu|Heat Wave|p1b: Brute Bonnet|[spread] p1a,p1b\n|-supereffective|p1a: Gholdengo\n|-supereffective|p1b: Brute Bonnet\n|-damage|p1a: Gholdengo|0 fnt\n|-damage|p1b: Brute Bonnet|0 fnt\n|faint|p1a: Gholdengo\n|faint|p1b: Brute Bonnet\n|-end|p1b: Brute Bonnet|Protosynthesis|[silent]\n|\n|win|kuroboss\n|raw|PipeflehkDosP's rating: 1049 &rarr; <strong>1029<\/strong><br \/>(-20 for losing)\n|raw|kuroboss's rating: 1000 &rarr; <strong>1046<\/strong><br \/>(+46 for winning)\n|j|\u203dkuroboss\n|player|p2|kuroboss|1\n|n|\u203dkuroboss|kuroboss\n|l|\u2606PipeflehkDosP\n|l|\u203dkuroboss\n|player|p2|\n|j|\u203dkuroboss\n|player|p2|kuroboss|1\n|n|\u203dkuroboss|kuroboss\n","uploadtime":1698705943,"views":35,"p1id":"pipeflehkdosp","p2id":"kuroboss","formatid":"gen9doublesou","rating":1029,"private":0,"password":""}