{"id":"gen9doublesou-1984317328","p1":"GunGalione","p2":"PokemonOG92 #4489","format":"[Gen 9] Doubles OU","log":"|j|\u2606GunGalione\n|j|\u2606PokemonOG92 #4489\n|t:|1699242930\n|gametype|doubles\n|player|p1|GunGalione|pokemonranger-gen4|1252\n|player|p2|PokemonOG92 #4489|hilbert|1327\n|teamsize|p1|6\n|teamsize|p2|6\n|gen|9\n|tier|[Gen 9] Doubles OU\n|rated|\n|rule|Species Clause: Limit one of each Pok\u00e9mon\n|rule|OHKO Clause: OHKO moves are banned\n|rule|Evasion Moves Clause: Evasion moves are banned\n|rule|Gravity Sleep Clause: The combination of sleep-inducing moves with imperfect accuracy and Gravity or Gigantamax Orbeetle are banned\n|rule|Endless Battle Clause: Forcing endless battles is banned\n|rule|HP Percentage Mod: HP is shown in percentages\n|clearpoke\n|poke|p1|Vikavolt, F|\n|poke|p1|Oranguru, M|\n|poke|p1|Cresselia, F|\n|poke|p1|Ursaluna, M|\n|poke|p1|Lurantis, F|\n|poke|p1|Sinistcha|\n|poke|p2|Iron Bundle|\n|poke|p2|Flutter Mane|\n|poke|p2|Sinistcha|\n|poke|p2|Tornadus, M|\n|poke|p2|Torkoal, F|\n|poke|p2|Snorlax, M|\n|teampreview\n|inactive|Battle timer is ON: inactive players will automatically lose when time's up. (requested by PokemonOG92 #4489)\n|\n|t:|1699242940\n|start\n|switch|p1a: Lurantis|Lurantis, F|100\/100\n|switch|p1b: Oranguru|Oranguru, M|100\/100\n|switch|p2a: Tornadus|Tornadus, M|100\/100\n|switch|p2b: Flutter Mane|Flutter Mane|100\/100\n|turn|1\n|\n|t:|1699242952\n|-terastallize|p1a: Lurantis|Water\n|move|p2b: Flutter Mane|Protect|p2b: Flutter Mane\n|-singleturn|p2b: Flutter Mane|Protect\n|move|p2a: Tornadus|Taunt|p1b: Oranguru\n|-start|p1b: Oranguru|move: Taunt\n|-enditem|p1b: Oranguru|Mental Herb\n|-end|p1b: Oranguru|move: Taunt\n|move|p1a: Lurantis|Leaf Storm|p2b: Flutter Mane\n|-activate|p2b: Flutter Mane|move: Protect\n|move|p1b: Oranguru|Trick Room|p1b: Oranguru\n|-fieldstart|move: Trick Room|[of] p1b: Oranguru\n|\n|upkeep\n|turn|2\n|\n|t:|1699242973\n|-terastallize|p2b: Flutter Mane|Ghost\n|move|p1a: Lurantis|Leaf Storm|p2b: Flutter Mane\n|-damage|p2b: Flutter Mane|55\/100\n|-boost|p1a: Lurantis|spa|2\n|move|p1b: Oranguru|Instruct|p1a: Lurantis\n|-singleturn|p1a: Lurantis|move: Instruct|[of] p1b: Oranguru\n|move|p1a: Lurantis|Leaf Storm|p2b: Flutter Mane|[miss]\n|-miss|p1a: Lurantis|p2b: Flutter Mane\n|move|p2b: Flutter Mane|Thunderbolt|p1a: Lurantis\n|-supereffective|p1a: Lurantis\n|-crit|p1a: Lurantis\n|-damage|p1a: Lurantis|2\/100\n|move|p2a: Tornadus|Fling|p2b: Flutter Mane\n|-supereffective|p2b: Flutter Mane\n|-damage|p2b: Flutter Mane|47\/100\n|-start|p2b: Flutter Mane|move: Focus Energy\n|-enditem|p2b: Flutter Mane|Weakness Policy\n|-boost|p2b: Flutter Mane|atk|2|[from] item: Weakness Policy\n|-boost|p2b: Flutter Mane|spa|2|[from] item: Weakness Policy\n|-enditem|p2a: Tornadus|Lansat Berry|[from] move: Fling\n|\n|upkeep\n|turn|3\n|\n|t:|1699242992\n|switch|p2a: Sinistcha|Sinistcha|100\/100\n|-heal|p2b: Flutter Mane|72\/100|[from] ability: Hospitality|[of] p2a: Sinistcha\n|move|p2b: Flutter Mane|Protect|p2b: Flutter Mane\n|-singleturn|p2b: Flutter Mane|Protect\n|move|p1a: Lurantis|Giga Drain|p2b: Flutter Mane\n|-activate|p2b: Flutter Mane|move: Protect\n|move|p1b: Oranguru|Instruct|p1a: Lurantis\n|-singleturn|p1a: Lurantis|move: Instruct|[of] p1b: Oranguru\n|move|p1a: Lurantis|Giga Drain|p2b: Flutter Mane\n|-activate|p2b: Flutter Mane|move: Protect\n|\n|upkeep\n|turn|4\n|\n|t:|1699243006\n|move|p2a: Sinistcha|Rage Powder|p2a: Sinistcha\n|-singleturn|p2a: Sinistcha|move: Rage Powder\n|move|p1a: Lurantis|Giga Drain|p2a: Sinistcha\n|-resisted|p2a: Sinistcha\n|-damage|p2a: Sinistcha|65\/100\n|-heal|p1a: Lurantis|24\/100|[from] drain|[of] p2a: Sinistcha\n|move|p1b: Oranguru|Instruct|p2a: Sinistcha\n|-singleturn|p2a: Sinistcha|move: Instruct|[of] p1b: Oranguru\n|move|p2a: Sinistcha|Rage Powder||[still]\n|-fail|p2a: Sinistcha\n|move|p2b: Flutter Mane|Dazzling Gleam|p1a: Lurantis|[spread] p1a,p1b\n|-crit|p1a: Lurantis\n|-crit|p1b: Oranguru\n|-damage|p1a: Lurantis|0 fnt\n|-damage|p1b: Oranguru|21\/100\n|faint|p1a: Lurantis\n|\n|upkeep\n|\n|t:|1699243012\n|switch|p1a: Vikavolt|Vikavolt, F, shiny|100\/100\n|turn|5\n|\n|t:|1699243026\n|move|p2b: Flutter Mane|Protect|p2b: Flutter Mane\n|-singleturn|p2b: Flutter Mane|Protect\n|move|p1a: Vikavolt|Charge Beam|p2a: Sinistcha\n|-resisted|p2a: Sinistcha\n|-damage|p2a: Sinistcha|44\/100\n|-boost|p1a: Vikavolt|spa|1\n|move|p1b: Oranguru|Instruct|p1a: Vikavolt\n|-singleturn|p1a: Vikavolt|move: Instruct|[of] p1b: Oranguru\n|move|p1a: Vikavolt|Charge Beam|p2a: Sinistcha\n|-resisted|p2a: Sinistcha\n|-damage|p2a: Sinistcha|10\/100\n|-boost|p1a: Vikavolt|spa|1\n|-enditem|p2a: Sinistcha|Aguav Berry|[eat]\n|-heal|p2a: Sinistcha|43\/100|[from] item: Aguav Berry\n|move|p2a: Sinistcha|Life Dew|p2a: Sinistcha|[spread] p2a,p2b\n|-heal|p2a: Sinistcha|68\/100\n|-heal|p2b: Flutter Mane|97\/100\n|\n|-fieldend|move: Trick Room\n|upkeep\n|turn|6\n|inactive|GunGalione has 120 seconds left.\n|\n|t:|1699243059\n|switch|p1b: Sinistcha|Sinistcha|100\/100\n|move|p2a: Sinistcha|Rage Powder|p2a: Sinistcha\n|-singleturn|p2a: Sinistcha|move: Rage Powder\n|move|p2b: Flutter Mane|Dazzling Gleam|p1a: Vikavolt|[spread] p1a,p1b\n|-crit|p1b: Sinistcha\n|-damage|p1a: Vikavolt|24\/100\n|-damage|p1b: Sinistcha|7\/100\n|-enditem|p1b: Sinistcha|Sitrus Berry|[eat]\n|-heal|p1b: Sinistcha|32\/100|[from] item: Sitrus Berry\n|move|p1a: Vikavolt|Discharge|p2a: Sinistcha|[spread] p1b,p2a,p2b\n|-resisted|p1b: Sinistcha\n|-resisted|p2a: Sinistcha\n|-damage|p1b: Sinistcha|0 fnt\n|-damage|p2a: Sinistcha|18\/100\n|-damage|p2b: Flutter Mane|18\/100\n|faint|p1b: Sinistcha\n|\n|upkeep\n|inactive|GunGalione has 120 seconds left.\n|\n|t:|1699243072\n|switch|p1b: Cresselia|Cresselia, F|100\/100\n|turn|7\n|\n|t:|1699243086\n|move|p1a: Vikavolt|Protect|p1a: Vikavolt\n|-singleturn|p1a: Vikavolt|Protect\n|move|p2b: Flutter Mane|Dazzling Gleam|p1a: Vikavolt|[spread] p1b\n|-activate|p1a: Vikavolt|move: Protect\n|-crit|p1b: Cresselia\n|-damage|p1b: Cresselia|39\/100\n|move|p2a: Sinistcha|Life Dew|p2a: Sinistcha|[spread] p2a,p2b\n|-heal|p2a: Sinistcha|43\/100\n|-heal|p2b: Flutter Mane|43\/100\n|move|p1b: Cresselia|Trick Room|p1b: Cresselia\n|-fieldstart|move: Trick Room|[of] p1b: Cresselia\n|\n|-heal|p1b: Cresselia|46\/100|[from] item: Leftovers\n|upkeep\n|turn|8\n|\n|t:|1699243099\n|switch|p1b: Ursaluna|Ursaluna, M, shiny|100\/100\n|move|p2b: Flutter Mane|Protect|p2b: Flutter Mane\n|-singleturn|p2b: Flutter Mane|Protect\n|move|p1a: Vikavolt|Discharge|p2a: Sinistcha|[spread] p2a\n|-activate|p2b: Flutter Mane|move: Protect\n|-immune|p1b: Ursaluna\n|-resisted|p2a: Sinistcha\n|-damage|p2a: Sinistcha|0 fnt\n|faint|p2a: Sinistcha\n|\n|-status|p1b: Ursaluna|brn|[from] item: Flame Orb\n|upkeep\n|\n|t:|1699243115\n|switch|p2a: Torkoal|Torkoal, F|100\/100\n|-weather|SunnyDay|[from] ability: Drought|[of] p2a: Torkoal\n|-activate|p2b: Flutter Mane|ability: Protosynthesis\n|-start|p2b: Flutter Mane|protosynthesisspa\n|turn|9\n|\n|t:|1699243124\n|move|p1a: Vikavolt|Protect|p1a: Vikavolt\n|-singleturn|p1a: Vikavolt|Protect\n|move|p2a: Torkoal|Heat Wave|p1a: Vikavolt|[spread] p1b\n|-activate|p1a: Vikavolt|move: Protect\n|-damage|p1b: Ursaluna|76\/100 brn\n|move|p1b: Ursaluna|Earthquake|p2b: Flutter Mane|[spread] p2a,p2b\n|-activate|p1a: Vikavolt|move: Protect\n|-supereffective|p2a: Torkoal\n|-damage|p2a: Torkoal|3\/100\n|-damage|p2b: Flutter Mane|0 fnt\n|faint|p2b: Flutter Mane\n|-end|p2b: Flutter Mane|Protosynthesis|[silent]\n|\n|-weather|SunnyDay|[upkeep]\n|-damage|p1b: Ursaluna|70\/100 brn|[from] brn\n|upkeep\n|\n|t:|1699243145\n|switch|p2b: Snorlax|Snorlax, M|100\/100\n|turn|10\n|\n|t:|1699243155\n|move|p1a: Vikavolt|Protect|p1a: Vikavolt\n|-singleturn|p1a: Vikavolt|Protect\n|move|p2a: Torkoal|Heat Wave|p1b: Ursaluna|[spread] p1b\n|-activate|p1a: Vikavolt|move: Protect\n|-damage|p1b: Ursaluna|47\/100 brn\n|move|p2b: Snorlax|Belly Drum|p2b: Snorlax\n|-damage|p2b: Snorlax|50\/100\n|-setboost|p2b: Snorlax|atk|6|[from] move: Belly Drum\n|-enditem|p2b: Snorlax|Sitrus Berry|[eat]\n|-heal|p2b: Snorlax|75\/100|[from] item: Sitrus Berry\n|move|p1b: Ursaluna|Earthquake|p2b: Snorlax|[spread] p2a,p2b\n|-activate|p1a: Vikavolt|move: Protect\n|-supereffective|p2a: Torkoal\n|-damage|p2a: Torkoal|0 fnt\n|-damage|p2b: Snorlax|26\/100\n|faint|p2a: Torkoal\n|\n|-weather|SunnyDay|[upkeep]\n|-damage|p1b: Ursaluna|41\/100 brn|[from] brn\n|upkeep\n|c|\u2606PokemonOG92 #4489|lucky\n|\n|t:|1699243174\n|switch|p2a: Tornadus|Tornadus, M|100\/100\n|turn|11\n|\n|t:|1699243199\n|move|p2a: Tornadus|Taunt|p1b: Ursaluna\n|-start|p1b: Ursaluna|move: Taunt\n|move|p1a: Vikavolt|Discharge|p2b: Snorlax|[spread] p2a,p2b\n|-immune|p1b: Ursaluna\n|-supereffective|p2a: Tornadus\n|-damage|p2a: Tornadus|0 fnt\n|-damage|p2b: Snorlax|0 fnt\n|faint|p2a: Tornadus\n|faint|p2b: Snorlax\n|move|p1b: Ursaluna|Earthquake|p1a: Vikavolt\n|-immune|p1a: Vikavolt|[from] ability: Levitate\n|\n|-weather|SunnyDay|[upkeep]\n|-damage|p1b: Ursaluna|35\/100 brn|[from] brn\n|-fieldend|move: Trick Room\n|upkeep\n|-message|PokemonOG92 #4489 forfeited.\n|\n|win|GunGalione\n|raw|GunGalione's rating: 1252 &rarr; <strong>1282<\/strong><br \/>(+30 for winning)\n|raw|PokemonOG92 #4489's rating: 1327 &rarr; <strong>1303<\/strong><br \/>(-24 for losing)\n|l|\u2606PokemonOG92 #4489\n","uploadtime":1699243248,"views":8,"p1id":"gungalione","p2id":"pokemonog924489","formatid":"gen9doublesou","rating":1282,"private":0,"password":""}