{"id":"gen9doublesou-1970056086","p1":"Mongoose556","p2":"ShakXD404","format":"[Gen 9] Doubles OU","log":"|j|\u2606Mongoose556\n|j|\u2606ShakXD404\n|t:|1697589618\n|gametype|doubles\n|player|p1|Mongoose556|may|1103\n|player|p2|ShakXD404|101|1132\n|teamsize|p1|6\n|teamsize|p2|6\n|gen|9\n|tier|[Gen 9] Doubles OU\n|rated|\n|rule|Species Clause: Limit one of each Pok\u00e9mon\n|rule|OHKO Clause: OHKO moves are banned\n|rule|Evasion Moves Clause: Evasion moves are banned\n|rule|Gravity Sleep Clause: The combination of sleep-inducing moves with imperfect accuracy and Gravity or Gigantamax Orbeetle are banned\n|rule|Endless Battle Clause: Forcing endless battles is banned\n|rule|HP Percentage Mod: HP is shown in percentages\n|clearpoke\n|poke|p1|Ogerpon-Cornerstone, F|\n|poke|p1|Kleavor, M|\n|poke|p1|Golem-Alola, M|\n|poke|p1|Drednaw, M|\n|poke|p1|Lycanroc-Midnight, M|\n|poke|p1|Sudowoodo, M|\n|poke|p2|Floatzel, F|\n|poke|p2|Politoed, M|\n|poke|p2|Basculegion, M|\n|poke|p2|Rillaboom, M|\n|poke|p2|Tornadus, M|\n|poke|p2|Walking Wake|\n|teampreview\n|inactive|Battle timer is ON: inactive players will automatically lose when time's up. (requested by Mongoose556)\n|\n|t:|1697589652\n|start\n|switch|p1a: Kleavor|Kleavor, M, shiny|100\/100\n|switch|p1b: Sudowoodo|Sudowoodo, M|100\/100\n|switch|p2a: Politoed|Politoed, M|100\/100\n|switch|p2b: Rillaboom|Rillaboom, M|100\/100\n|-fieldstart|move: Grassy Terrain|[from] ability: Grassy Surge|[of] p2b: Rillaboom\n|-weather|RainDance|[from] ability: Drizzle|[of] p2a: Politoed\n|turn|1\n|\n|t:|1697589674\n|move|p1b: Sudowoodo|Protect|p1b: Sudowoodo\n|-singleturn|p1b: Sudowoodo|Protect\n|move|p2b: Rillaboom|Fake Out|p1a: Kleavor\n|-resisted|p1a: Kleavor\n|-damage|p1a: Kleavor|93\/100\n|cant|p1a: Kleavor|flinch\n|move|p2a: Politoed|Weather Ball|p1b: Sudowoodo\n|-activate|p1b: Sudowoodo|move: Protect\n|\n|-weather|RainDance|[upkeep]\n|-heal|p1a: Kleavor|99\/100|[from] Grassy Terrain\n|upkeep\n|turn|2\n|\n|t:|1697589685\n|move|p2b: Rillaboom|Grassy Glide|p1b: Sudowoodo\n|-supereffective|p1b: Sudowoodo\n|-damage|p1b: Sudowoodo|39\/100\n|move|p1a: Kleavor|X-Scissor|p2b: Rillaboom\n|-supereffective|p2b: Rillaboom\n|-damage|p2b: Rillaboom|0 fnt\n|faint|p2b: Rillaboom\n|move|p2a: Politoed|Weather Ball|p1a: Kleavor\n|-supereffective|p1a: Kleavor\n|-crit|p1a: Kleavor\n|-damage|p1a: Kleavor|0 fnt\n|faint|p1a: Kleavor\n|move|p1b: Sudowoodo|Wood Hammer|p2a: Politoed\n|-supereffective|p2a: Politoed\n|-damage|p2a: Politoed|0 fnt\n|faint|p2a: Politoed\n|-damage|p1b: Sudowoodo|29\/100|[from] item: Life Orb\n|\n|-weather|RainDance|[upkeep]\n|-heal|p1b: Sudowoodo|35\/100|[from] Grassy Terrain\n|upkeep\n|inactive|ShakXD404 has 120 seconds left.\n|\n|t:|1697589732\n|switch|p1a: Golem|Golem-Alola, M|100\/100\n|switch|p2b: Basculegion|Basculegion, M|100\/100\n|switch|p2a: Walking Wake|Walking Wake|100\/100\n|-item|p1a: Golem|Air Balloon\n|turn|3\n|inactive|ShakXD404 has 120 seconds left.\n|\n|t:|1697589748\n|move|p1a: Golem|Protect|p1a: Golem\n|-singleturn|p1a: Golem|Protect\n|move|p1b: Sudowoodo|Protect|p1b: Sudowoodo\n|-singleturn|p1b: Sudowoodo|Protect\n|move|p2b: Basculegion|Flip Turn|p1b: Sudowoodo\n|-activate|p1b: Sudowoodo|move: Protect\n|move|p2a: Walking Wake|Hydro Steam|p1a: Golem\n|-activate|p1a: Golem|move: Protect\n|\n|-weather|RainDance|[upkeep]\n|-heal|p1b: Sudowoodo|42\/100|[from] Grassy Terrain\n|upkeep\n|turn|4\n|\n|t:|1697589773\n|move|p1b: Sudowoodo|Sucker Punch|p2b: Basculegion\n|-supereffective|p2b: Basculegion\n|-damage|p2b: Basculegion|23\/100\n|-damage|p1b: Sudowoodo|32\/100|[from] item: Life Orb\n|move|p2b: Basculegion|Flip Turn|p1a: Golem\n|-supereffective|p1a: Golem\n|-damage|p1a: Golem|49\/100\n|-enditem|p1a: Golem|Air Balloon\n|\n|t:|1697589786\n|switch|p2b: Tornadus|Tornadus, M|100\/100|[from] Flip Turn\n|move|p2a: Walking Wake|Hydro Steam|p1b: Sudowoodo\n|-supereffective|p1b: Sudowoodo\n|-damage|p1b: Sudowoodo|0 fnt\n|faint|p1b: Sudowoodo\n|move|p1a: Golem|Explosion|p2b: Tornadus|[spread] p2a,p2b\n|-supereffective|p2b: Tornadus\n|-damage|p2a: Walking Wake|0 fnt\n|-enditem|p2b: Tornadus|Focus Sash\n|-damage|p2b: Tornadus|1\/100\n|faint|p1a: Golem\n|faint|p2a: Walking Wake\n|-end|p2a: Walking Wake|Protosynthesis|[silent]\n|\n|-weather|RainDance|[upkeep]\n|upkeep\n|\n|t:|1697589805\n|switch|p2a: Floatzel|Floatzel, F, shiny|100\/100\n|switch|p1a: Drednaw|Drednaw, M, shiny|100\/100\n|switch|p1b: Lycanroc|Lycanroc-Midnight, M, shiny|100\/100\n|turn|5\n|inactive|Mongoose556 has 120 seconds left.\n|\n|t:|1697589839\n|move|p2b: Tornadus|Protect|p2b: Tornadus\n|-singleturn|p2b: Tornadus|Protect\n|move|p2a: Floatzel|Wave Crash|p1a: Drednaw\n|-damage|p1a: Drednaw|0 fnt\n|faint|p1a: Drednaw\n|-damage|p2a: Floatzel|64\/100|[from] Recoil\n|move|p1b: Lycanroc|Stone Edge|p2a: Floatzel\n|-damage|p2a: Floatzel|0 fnt\n|faint|p2a: Floatzel\n|\n|-weather|RainDance|[upkeep]\n|-fieldend|move: Grassy Terrain\n|upkeep\n|\n|t:|1697589853\n|switch|p2a: Basculegion|Basculegion, M|23\/100\n|switch|p1a: Ogerpon|Ogerpon-Cornerstone, F|100\/100\n|turn|6\n|\n|t:|1697589872\n|move|p2a: Basculegion|Wave Crash|p1b: Lycanroc\n|-supereffective|p1b: Lycanroc\n|-damage|p1b: Lycanroc|0 fnt\n|faint|p1b: Lycanroc\n|-damage|p2a: Basculegion|0 fnt|[from] Recoil\n|faint|p2a: Basculegion\n|move|p1a: Ogerpon|Horn Leech|p2b: Tornadus\n|-resisted|p2b: Tornadus\n|-damage|p2b: Tornadus|0 fnt\n|faint|p2b: Tornadus\n|\n|win|Mongoose556\n|raw|Mongoose556's rating: 1103 &rarr; <strong>1130<\/strong><br \/>(+27 for winning)\n|raw|ShakXD404's rating: 1132 &rarr; <strong>1105<\/strong><br \/>(-27 for losing)\n|l|\u2606ShakXD404\n","uploadtime":1697589915,"views":17,"p1id":"mongoose556","p2id":"shakxd404","formatid":"gen9doublesou","rating":1105,"private":0,"password":""}