{"id":"gen9doublesou-1976179560","p1":"EkCantDrawLol","p2":"e_bennettwe","format":"[Gen 9] Doubles OU","log":"|j|\u2606EkCantDrawLol\n|j|\u2606e_bennettwe\n|t:|1698270940\n|gametype|doubles\n|player|p1|EkCantDrawLol|1|1433\n|player|p2|e_bennettwe|clay|1483\n|teamsize|p1|6\n|teamsize|p2|6\n|gen|9\n|tier|[Gen 9] Doubles OU\n|rated|\n|rule|Species Clause: Limit one of each Pok\u00e9mon\n|rule|OHKO Clause: OHKO moves are banned\n|rule|Evasion Moves Clause: Evasion moves are banned\n|rule|Gravity Sleep Clause: The combination of sleep-inducing moves with imperfect accuracy and Gravity or Gigantamax Orbeetle are banned\n|rule|Endless Battle Clause: Forcing endless battles is banned\n|rule|HP Percentage Mod: HP is shown in percentages\n|clearpoke\n|poke|p1|Kommo-o, F|\n|poke|p1|Tyranitar, M|\n|poke|p1|Flutter Mane|\n|poke|p1|Tornadus, M|\n|poke|p1|Amoonguss, F|\n|poke|p1|Ursaluna, F|\n|poke|p2|Sinistcha-Masterpiece|\n|poke|p2|Ursaluna-Bloodmoon, M|\n|poke|p2|Munkidori, M|\n|poke|p2|Kingambit, M|\n|poke|p2|Iron Moth|\n|poke|p2|Garganacl, M|\n|teampreview\n|j| Maitre Montana\n|\n|t:|1698270970\n|start\n|switch|p1a: Tyranitar|Tyranitar, M, shiny|100\/100\n|switch|p1b: Tornadus|Tornadus, M, shiny|100\/100\n|switch|p2a: Iron Moth|Iron Moth|100\/100\n|switch|p2b: Munkidori|Munkidori, M|100\/100\n|-weather|Sandstorm|[from] ability: Sand Stream|[of] p1a: Tyranitar\n|-enditem|p2a: Iron Moth|Booster Energy\n|-activate|p2a: Iron Moth|ability: Quark Drive|[fromitem]\n|-start|p2a: Iron Moth|quarkdrivespa\n|turn|1\n|\n|t:|1698270988\n|-end|p2a: Iron Moth|Quark Drive|[silent]\n|switch|p2a: Sinistcha|Sinistcha-Masterpiece|100\/100\n|move|p1b: Tornadus|Tailwind|p1b: Tornadus\n|-sidestart|p1: EkCantDrawLol|move: Tailwind\n|move|p2b: Munkidori|Acid Spray|p1a: Tyranitar\n|-resisted|p1a: Tyranitar\n|-damage|p1a: Tyranitar|96\/100\n|-unboost|p1a: Tyranitar|spd|2\n|-status|p1a: Tyranitar|tox|[from] ability: Toxic Chain|[of] p2b: Munkidori\n|move|p1a: Tyranitar|Rock Slide|p2b: Munkidori|[spread] p2b\n|-miss|p1a: Tyranitar|p2a: Sinistcha\n|-damage|p2b: Munkidori|59\/100\n|\n|-weather|Sandstorm|[upkeep]\n|-damage|p1b: Tornadus|94\/100|[from] Sandstorm\n|-damage|p2b: Munkidori|53\/100|[from] Sandstorm\n|-damage|p2a: Sinistcha|94\/100|[from] Sandstorm\n|-damage|p1a: Tyranitar|89\/100 tox|[from] psn\n|upkeep\n|turn|2\n|\n|t:|1698271047\n|move|p1b: Tornadus|Bleakwind Storm|p2b: Munkidori|[spread] p2a,p2b\n|-supereffective|p2a: Sinistcha\n|-crit|p2a: Sinistcha\n|-damage|p2a: Sinistcha|0 fnt\n|-damage|p2b: Munkidori|14\/100\n|-unboost|p2b: Munkidori|spe|1\n|faint|p2a: Sinistcha\n|move|p2b: Munkidori|Acid Spray|p1b: Tornadus\n|-damage|p1b: Tornadus|70\/100\n|-unboost|p1b: Tornadus|spd|2\n|move|p1a: Tyranitar|Lash Out|p2b: Munkidori\n|-supereffective|p2b: Munkidori\n|-damage|p2b: Munkidori|0 fnt\n|faint|p2b: Munkidori\n|\n|-weather|Sandstorm|[upkeep]\n|-damage|p1b: Tornadus|64\/100|[from] Sandstorm\n|-damage|p1a: Tyranitar|77\/100 tox|[from] psn\n|upkeep\n|\n|t:|1698271065\n|switch|p2b: Ursaluna|Ursaluna-Bloodmoon, M|100\/100\n|switch|p2a: Kingambit|Kingambit, M|100\/100\n|turn|3\n|j| disposable douche\n|inactive|Battle timer is ON: inactive players will automatically lose when time's up. (requested by e_bennettwe)\n|\n|t:|1698271152\n|move|p2b: Ursaluna|Vacuum Wave|p1a: Tyranitar\n|-supereffective|p1a: Tyranitar\n|-damage|p1a: Tyranitar|7\/100 tox\n|move|p1b: Tornadus|Bleakwind Storm|p2a: Kingambit|[spread] p2a,p2b\n|-resisted|p2a: Kingambit\n|-damage|p2a: Kingambit|82\/100\n|-damage|p2b: Ursaluna|73\/100\n|move|p1a: Tyranitar|Lash Out|p2b: Ursaluna\n|-damage|p2b: Ursaluna|44\/100\n|move|p2a: Kingambit|Iron Head|p1b: Tornadus\n|-damage|p1b: Tornadus|0 fnt\n|faint|p1b: Tornadus\n|\n|-weather|Sandstorm|[upkeep]\n|-damage|p1a: Tyranitar|0 fnt|[from] psn\n|faint|p1a: Tyranitar\n|upkeep\n|\n|t:|1698271164\n|switch|p1b: Amoonguss|Amoonguss, F, shiny|100\/100\n|switch|p1a: Flutter Mane|Flutter Mane, shiny|100\/100\n|-enditem|p1a: Flutter Mane|Booster Energy\n|-activate|p1a: Flutter Mane|ability: Protosynthesis|[fromitem]\n|-start|p1a: Flutter Mane|protosynthesisspe\n|turn|4\n|\n|t:|1698271177\n|-terastallize|p2b: Ursaluna|Normal\n|move|p1a: Flutter Mane|Protect|p1a: Flutter Mane\n|-singleturn|p1a: Flutter Mane|Protect\n|move|p2b: Ursaluna|Blood Moon|p1b: Amoonguss\n|-damage|p1b: Amoonguss|0 fnt\n|faint|p1b: Amoonguss\n|move|p2a: Kingambit|Iron Head|p1a: Flutter Mane\n|-activate|p1a: Flutter Mane|move: Protect\n|\n|-weather|Sandstorm|[upkeep]\n|-damage|p1a: Flutter Mane|95\/100|[from] Sandstorm\n|-damage|p2b: Ursaluna|38\/100|[from] Sandstorm\n|-sideend|p1: EkCantDrawLol|move: Tailwind\n|upkeep\n|\n|t:|1698271184\n|switch|p1b: Kommo-o|Kommo-o, F, shiny|100\/100\n|turn|5\n|\n|t:|1698271197\n|move|p2a: Kingambit|Sucker Punch|p1a: Flutter Mane\n|-damage|p1a: Flutter Mane|6\/100\n|move|p1a: Flutter Mane|Moonblast|p2b: Ursaluna\n|-damage|p2b: Ursaluna|0 fnt\n|faint|p2b: Ursaluna\n|move|p1b: Kommo-o|Drain Punch|p2a: Kingambit\n|-supereffective|p2a: Kingambit\n|-damage|p2a: Kingambit|0 fnt\n|faint|p2a: Kingambit\n|\n|-weather|none\n|upkeep\n|\n|t:|1698271209\n|switch|p2b: Garganacl|Garganacl, M|100\/100\n|switch|p2a: Iron Moth|Iron Moth|100\/100\n|turn|6\n|\n|t:|1698271221\n|move|p1a: Flutter Mane|Protect|p1a: Flutter Mane\n|-singleturn|p1a: Flutter Mane|Protect\n|move|p2b: Garganacl|Wide Guard|p2b: Garganacl\n|-singleturn|p2b: Garganacl|Wide Guard\n|move|p2a: Iron Moth|Dazzling Gleam|p1b: Kommo-o|[spread] p1b\n|-activate|p1a: Flutter Mane|move: Protect\n|-supereffective|p1b: Kommo-o\n|-damage|p1b: Kommo-o|0 fnt\n|faint|p1b: Kommo-o\n|\n|upkeep\n|\n|t:|1698271228\n|switch|p1b: Ursaluna|Ursaluna, F, shiny|100\/100\n|turn|7\n|\n|t:|1698271244\n|-terastallize|p1b: Ursaluna|Normal\n|move|p1a: Flutter Mane|Icy Wind|p2b: Garganacl|[spread] p2a,p2b\n|-resisted|p2a: Iron Moth\n|-damage|p2a: Iron Moth|94\/100\n|-damage|p2b: Garganacl|88\/100\n|-unboost|p2a: Iron Moth|spe|1\n|-unboost|p2b: Garganacl|spe|1\n|move|p2a: Iron Moth|Energy Ball|p1b: Ursaluna\n|-damage|p1b: Ursaluna|69\/100\n|move|p1b: Ursaluna|Earthquake|p2b: Garganacl|[spread] p1a,p2a,p2b\n|-supereffective|p2a: Iron Moth\n|-supereffective|p2b: Garganacl\n|-damage|p1a: Flutter Mane|0 fnt\n|-damage|p2a: Iron Moth|0 fnt\n|-damage|p2b: Garganacl|45\/100\n|faint|p1a: Flutter Mane\n|-end|p1a: Flutter Mane|Protosynthesis|[silent]\n|faint|p2a: Iron Moth\n|-end|p2a: Iron Moth|Quark Drive|[silent]\n|move|p2b: Garganacl|Salt Cure|p1b: Ursaluna\n|-damage|p1b: Ursaluna|60\/100\n|-start|p1b: Ursaluna|Salt Cure\n|\n|-damage|p1b: Ursaluna|47\/100|[from] Salt Cure\n|-status|p1b: Ursaluna|brn|[from] item: Flame Orb\n|upkeep\n|turn|8\n|c|\u2606EkCantDrawLol|Gg\n|\n|t:|1698271265\n|move|p1b: Ursaluna|Earthquake|p2b: Garganacl\n|-supereffective|p2b: Garganacl\n|-damage|p2b: Garganacl|0 fnt\n|faint|p2b: Garganacl\n|\n|win|EkCantDrawLol\n|raw|EkCantDrawLol's rating: 1433 &rarr; <strong>1456<\/strong><br \/>(+23 for winning)\n|raw|e_bennettwe's rating: 1483 &rarr; <strong>1460<\/strong><br \/>(-23 for losing)\n|l|\u2606e_bennettwe\n","uploadtime":1698271271,"views":19,"p1id":"ekcantdrawlol","p2id":"ebennettwe","formatid":"gen9doublesou","rating":1456,"private":0,"password":""}