{"id":"gen9doublesou-1988597802","p1":"little timmy 2013","p2":"mikeyuwu","format":"[Gen 9] Doubles OU","log":"|j|\u2606little timmy 2013\n|j|\u2606mikeyuwu\n|t:|1699740292\n|gametype|doubles\n|player|p1|little timmy 2013|linebacker|1285\n|player|p2|mikeyuwu|psychic-gen4|1218\n|teamsize|p1|6\n|teamsize|p2|6\n|gen|9\n|tier|[Gen 9] Doubles OU\n|rated|\n|rule|Species Clause: Limit one of each Pok\u00e9mon\n|rule|OHKO Clause: OHKO moves are banned\n|rule|Evasion Moves Clause: Evasion moves are banned\n|rule|Gravity Sleep Clause: The combination of sleep-inducing moves with imperfect accuracy and Gravity or Gigantamax Orbeetle are banned\n|rule|Endless Battle Clause: Forcing endless battles is banned\n|rule|HP Percentage Mod: HP is shown in percentages\n|clearpoke\n|poke|p1|Armarouge, F|\n|poke|p1|Ogerpon-Wellspring, F|\n|poke|p1|Sinistcha-Masterpiece|\n|poke|p1|Garchomp, F|\n|poke|p1|Hawlucha, F|\n|poke|p1|Clefairy, F|\n|poke|p2|Garchomp, M|\n|poke|p2|Tyranitar, F|\n|poke|p2|Vaporeon, F|\n|poke|p2|Toxicroak, M|\n|poke|p2|Pelipper, F|\n|poke|p2|Abomasnow, M|\n|teampreview\n|\n|t:|1699740321\n|start\n|switch|p1a: Armarouge|Armarouge, F|100\/100\n|switch|p1b: Sinistcha|Sinistcha-Masterpiece|100\/100\n|switch|p2a: OTLHPM|Toxicroak, M|100\/100\n|switch|p2b: Harmacy|Vaporeon, F|100\/100\n|turn|1\n|\n|t:|1699740340\n|switch|p2a: ThcrThnSnkr|Tyranitar, F|100\/100\n|-weather|Sandstorm|[from] ability: Sand Stream|[of] p2a: ThcrThnSnkr\n|move|p1b: Sinistcha|Rage Powder|p1b: Sinistcha\n|-singleturn|p1b: Sinistcha|move: Rage Powder\n|move|p1a: Armarouge|Psychic|p2a: ThcrThnSnkr\n|-immune|p2a: ThcrThnSnkr\n|move|p2b: Harmacy|Icy Wind|p1b: Sinistcha|[spread] p1a\n|-miss|p2b: Harmacy|p1b: Sinistcha\n|-resisted|p1a: Armarouge\n|-damage|p1a: Armarouge|93\/100\n|-unboost|p1a: Armarouge|spe|1\n|\n|-weather|Sandstorm|[upkeep]\n|-damage|p1a: Armarouge|87\/100|[from] Sandstorm\n|-damage|p1b: Sinistcha|94\/100|[from] Sandstorm\n|-damage|p2b: Harmacy|94\/100|[from] Sandstorm\n|-heal|p1b: Sinistcha|100\/100|[from] item: Leftovers\n|-heal|p2b: Harmacy|100\/100|[from] item: Leftovers\n|upkeep\n|turn|2\n|\n|t:|1699740364\n|switch|p1a: Ogerpon|Ogerpon-Wellspring, F|100\/100\n|switch|p2b: Extra Spicy|Garchomp, M|100\/100\n|move|p1b: Sinistcha|Matcha Gotcha|p2b: Extra Spicy|[spread] p2a,p2b\n|-supereffective|p2a: ThcrThnSnkr\n|-damage|p2a: ThcrThnSnkr|84\/100\n|-damage|p2b: Extra Spicy|79\/100\n|move|p2a: ThcrThnSnkr|Knock Off|p1b: Sinistcha\n|-supereffective|p1b: Sinistcha\n|-damage|p1b: Sinistcha|38\/100\n|-enditem|p1b: Sinistcha|Leftovers|[from] move: Knock Off|[of] p2a: ThcrThnSnkr\n|\n|-weather|Sandstorm|[upkeep]\n|-damage|p1a: Ogerpon|95\/100|[from] Sandstorm\n|-damage|p1b: Sinistcha|32\/100|[from] Sandstorm\n|upkeep\n|turn|3\n|\n|t:|1699740385\n|switch|p2a: Cold Shoulder|Abomasnow, M, shiny|100\/100\n|-weather|Snow|[from] ability: Snow Warning|[of] p2a: Cold Shoulder\n|move|p1b: Sinistcha|Rage Powder|p1b: Sinistcha\n|-singleturn|p1b: Sinistcha|move: Rage Powder\n|move|p1a: Ogerpon|Swords Dance|p1a: Ogerpon\n|-boost|p1a: Ogerpon|atk|2\n|move|p2b: Extra Spicy|Poison Jab|p1b: Sinistcha\n|-damage|p1b: Sinistcha|14\/100\n|-status|p1b: Sinistcha|psn\n|\n|-weather|Snow|[upkeep]\n|-damage|p1b: Sinistcha|2\/100 psn|[from] psn\n|upkeep\n|turn|4\n|\n|t:|1699740417\n|move|p1a: Ogerpon|Horn Leech|p2b: Extra Spicy\n|-damage|p2b: Extra Spicy|23\/100\n|-heal|p1a: Ogerpon|100\/100|[from] drain|[of] p2b: Extra Spicy\n|-damage|p1a: Ogerpon|88\/100|[from] ability: Rough Skin|[of] p2b: Extra Spicy\n|-damage|p1a: Ogerpon|72\/100|[from] item: Rocky Helmet|[of] p2b: Extra Spicy\n|move|p2b: Extra Spicy|Earthquake|p1b: Sinistcha|[spread] p2a,p1a,p1b\n|-resisted|p2a: Cold Shoulder\n|-resisted|p1a: Ogerpon\n|-resisted|p1b: Sinistcha\n|-damage|p2a: Cold Shoulder|90\/100\n|-damage|p1a: Ogerpon|50\/100\n|-damage|p1b: Sinistcha|0 fnt\n|faint|p1b: Sinistcha\n|move|p2a: Cold Shoulder|Blizzard|p1a: Ogerpon\n|-damage|p1a: Ogerpon|4\/100\n|\n|-weather|Snow|[upkeep]\n|upkeep\n|\n|t:|1699740436\n|switch|p1b: Armarouge|Armarouge, F|87\/100\n|turn|5\n|\n|t:|1699740447\n|switch|p2b: OTLHPM|Toxicroak, M|100\/100\n|switch|p2a: Harmacy|Vaporeon, F|100\/100\n|move|p1a: Ogerpon|Horn Leech|p2b: OTLHPM\n|-resisted|p2b: OTLHPM\n|-damage|p2b: OTLHPM|39\/100\n|-heal|p1a: Ogerpon|39\/100|[from] drain|[of] p2b: OTLHPM\n|move|p1b: Armarouge|Armor Cannon|p2a: Harmacy\n|-resisted|p2a: Harmacy\n|-damage|p2a: Harmacy|72\/100\n|-unboost|p1b: Armarouge|def|1\n|-unboost|p1b: Armarouge|spd|1\n|-damage|p1b: Armarouge|77\/100|[from] item: Life Orb\n|\n|-weather|Snow|[upkeep]\n|-heal|p2b: OTLHPM|45\/100|[from] item: Black Sludge\n|-heal|p2a: Harmacy|78\/100|[from] item: Leftovers\n|upkeep\n|turn|6\n|\n|t:|1699740482\n|switch|p2a: Extra Spicy|Garchomp, M|23\/100\n|-terastallize|p2b: OTLHPM|Dark\n|move|p1b: Armarouge|Protect|p1b: Armarouge\n|-singleturn|p1b: Armarouge|Protect\n|move|p1a: Ogerpon|Horn Leech|p2a: Extra Spicy\n|-damage|p2a: Extra Spicy|0 fnt\n|-heal|p1a: Ogerpon|54\/100|[from] drain|[of] p2a: Extra Spicy\n|-damage|p1a: Ogerpon|42\/100|[from] ability: Rough Skin|[of] p2a: Extra Spicy\n|-damage|p1a: Ogerpon|25\/100|[from] item: Rocky Helmet|[of] p2a: Extra Spicy\n|faint|p2a: Extra Spicy\n|move|p2b: OTLHPM|Poison Jab|p1a: Ogerpon\n|-supereffective|p1a: Ogerpon\n|-damage|p1a: Ogerpon|0 fnt\n|faint|p1a: Ogerpon\n|\n|-weather|Snow|[upkeep]\n|-damage|p2b: OTLHPM|33\/100|[from] item: Black Sludge\n|upkeep\n|\n|t:|1699740504\n|switch|p1a: Hawlucha|Hawlucha, F|100\/100\n|switch|p2a: Harmacy|Vaporeon, F|78\/100\n|turn|7\n|\n|t:|1699740528\n|switch|p1b: Clefairy|Clefairy, F|100\/100\n|move|p1a: Hawlucha|Thunder Punch|p2b: OTLHPM\n|-damage|p2b: OTLHPM|3\/100\n|move|p2b: OTLHPM|Poison Jab|p1a: Hawlucha\n|-damage|p1a: Hawlucha|54\/100\n|move|p2a: Harmacy|Weather Ball|p1a: Hawlucha\n|-supereffective|p1a: Hawlucha\n|-damage|p1a: Hawlucha|0 fnt\n|faint|p1a: Hawlucha\n|\n|-weather|none\n|-damage|p2b: OTLHPM|0 fnt|[from] item: Black Sludge\n|faint|p2b: OTLHPM\n|-heal|p2a: Harmacy|84\/100|[from] item: Leftovers\n|upkeep\n|\n|t:|1699740557\n|switch|p1a: Garchomp|Garchomp, F|100\/100\n|switch|p2b: Weather War|Pelipper, F|100\/100\n|-weather|RainDance|[from] ability: Drizzle|[of] p2b: Weather War\n|turn|8\n|\n|t:|1699740569\n|switch|p2a: Cold Shoulder|Abomasnow, M, shiny|90\/100\n|-weather|Snow|[from] ability: Snow Warning|[of] p2a: Cold Shoulder\n|move|p1b: Clefairy|Follow Me|p1b: Clefairy\n|-singleturn|p1b: Clefairy|move: Follow Me\n|move|p1a: Garchomp|Swords Dance|p1a: Garchomp\n|-boost|p1a: Garchomp|atk|2\n|move|p2b: Weather War|Blizzard|p1a: Garchomp|[spread] p1a,p1b\n|-supereffective|p1a: Garchomp\n|-damage|p1a: Garchomp|38\/100\n|-damage|p1b: Clefairy|88\/100\n|\n|-weather|Snow|[upkeep]\n|upkeep\n|turn|9\n|\n|t:|1699740605\n|move|p1a: Garchomp|Dragon Claw|p2a: Cold Shoulder\n|-crit|p2a: Cold Shoulder\n|-damage|p2a: Cold Shoulder|7\/100\n|move|p2b: Weather War|Blizzard|p1a: Garchomp|[spread] p1a,p1b\n|-supereffective|p1a: Garchomp\n|-damage|p1a: Garchomp|0 fnt\n|-damage|p1b: Clefairy|77\/100\n|faint|p1a: Garchomp\n|move|p2a: Cold Shoulder|Blizzard|p1b: Clefairy\n|-damage|p1b: Clefairy|52\/100\n|move|p1b: Clefairy|Life Dew|p1b: Clefairy\n|-heal|p1b: Clefairy|77\/100\n|\n|-weather|Snow|[upkeep]\n|upkeep\n|\n|t:|1699740621\n|switch|p1a: Armarouge|Armarouge, F|77\/100\n|turn|10\n|\n|t:|1699740632\n|switch|p2b: Harmacy|Vaporeon, F|84\/100\n|switch|p2a: ThcrThnSnkr|Tyranitar, F|84\/100\n|-weather|Sandstorm|[from] ability: Sand Stream|[of] p2a: ThcrThnSnkr\n|move|p1b: Clefairy|Follow Me|p1b: Clefairy\n|-singleturn|p1b: Clefairy|move: Follow Me\n|move|p1a: Armarouge|Flash Cannon|p2a: ThcrThnSnkr\n|-supereffective|p2a: ThcrThnSnkr\n|-damage|p2a: ThcrThnSnkr|64\/100\n|-damage|p1a: Armarouge|67\/100|[from] item: Life Orb\n|\n|-weather|Sandstorm|[upkeep]\n|-damage|p1a: Armarouge|61\/100|[from] Sandstorm\n|-damage|p2b: Harmacy|78\/100|[from] Sandstorm\n|-damage|p1b: Clefairy|71\/100|[from] Sandstorm\n|-heal|p2b: Harmacy|84\/100|[from] item: Leftovers\n|upkeep\n|turn|11\n|c|\u2606mikeyuwu|Gg\n|c|\u2606mikeyuwu|Ttar has 738 spd in sand\n|\n|t:|1699740675\n|-terastallize|p1a: Armarouge|Grass\n|move|p1a: Armarouge|Flash Cannon|p2a: ThcrThnSnkr\n|-supereffective|p2a: ThcrThnSnkr\n|-damage|p2a: ThcrThnSnkr|44\/100\n|-damage|p1a: Armarouge|51\/100|[from] item: Life Orb\n|move|p2a: ThcrThnSnkr|Heavy Slam|p1b: Clefairy\n|-supereffective|p1b: Clefairy\n|-damage|p1b: Clefairy|0 fnt\n|faint|p1b: Clefairy\n|move|p2b: Harmacy|Weather Ball|p1a: Armarouge\n|-crit|p1a: Armarouge\n|-damage|p1a: Armarouge|6\/100\n|\n|-weather|Sandstorm|[upkeep]\n|-damage|p1a: Armarouge|0 fnt|[from] Sandstorm\n|-damage|p2b: Harmacy|78\/100|[from] Sandstorm\n|faint|p1a: Armarouge\n|\n|win|mikeyuwu\n|upkeep\n|raw|little timmy 2013's rating: 1285 &rarr; <strong>1255<\/strong><br \/>(-30 for losing)\n|raw|mikeyuwu's rating: 1218 &rarr; <strong>1248<\/strong><br \/>(+30 for winning)\n|l|\u2606little timmy 2013\n","uploadtime":1699740700,"views":6,"p1id":"littletimmy2013","p2id":"mikeyuwu","formatid":"gen9doublesou","rating":1248,"private":0,"password":""}