{"id":"gen9doublesou-1983196937","p1":"redpkmntrainer14","p2":"SakakibaraKotone","format":"[Gen 9] Doubles OU","log":"|j|\u2606redpkmntrainer14\n|j|\u2606SakakibaraKotone\n|t:|1699103828\n|gametype|doubles\n|player|p1|redpkmntrainer14|guitarist|1455\n|player|p2|SakakibaraKotone|irida|1532\n|teamsize|p1|6\n|teamsize|p2|6\n|gen|9\n|tier|[Gen 9] Doubles OU\n|rated|\n|rule|Species Clause: Limit one of each Pok\u00e9mon\n|rule|OHKO Clause: OHKO moves are banned\n|rule|Evasion Moves Clause: Evasion moves are banned\n|rule|Gravity Sleep Clause: The combination of sleep-inducing moves with imperfect accuracy and Gravity or Gigantamax Orbeetle are banned\n|rule|Endless Battle Clause: Forcing endless battles is banned\n|rule|HP Percentage Mod: HP is shown in percentages\n|clearpoke\n|poke|p1|Articuno-Galar|\n|poke|p1|Bruxish, F|\n|poke|p1|Scizor, M|\n|poke|p1|Pelipper, M|\n|poke|p1|Chien-Pao|\n|poke|p1|Sneasler, M|\n|poke|p2|Ninetales-Alola, F|\n|poke|p2|Heatran, F|\n|poke|p2|Flutter Mane|\n|poke|p2|Amoonguss, F|\n|poke|p2|Roaring Moon|\n|poke|p2|Iron Hands|\n|teampreview\n|inactive|Battle timer is ON: inactive players will automatically lose when time's up. (requested by SakakibaraKotone)\n|\n|t:|1699103858\n|start\n|switch|p1a: ken carson|Chien-Pao|100\/100\n|switch|p1b: homixide meechie|Sneasler, M|100\/100\n|switch|p2a: Iron Hands|Iron Hands|100\/100\n|switch|p2b: Flutter Mane|Flutter Mane|100\/100\n|-ability|p1a: ken carson|Sword of Ruin\n|turn|1\n|inactive|SakakibaraKotone has 120 seconds left.\n|\n|t:|1699103893\n|move|p1b: homixide meechie|Fake Out|p2a: Iron Hands\n|-damage|p2a: Iron Hands|85\/100\n|-damage|p1b: homixide meechie|91\/100|[from] item: Life Orb\n|cant|p2a: Iron Hands|flinch\n|move|p1a: ken carson|Sucker Punch|p2b: Flutter Mane\n|-damage|p2b: Flutter Mane|24\/100\n|move|p2b: Flutter Mane|Dazzling Gleam|p1b: homixide meechie|[spread] p1a,p1b\n|-supereffective|p1a: ken carson\n|-enditem|p1a: ken carson|Focus Sash\n|-damage|p1a: ken carson|1\/100\n|-damage|p1b: homixide meechie|35\/100\n|\n|upkeep\n|turn|2\n|inactive|SakakibaraKotone has 120 seconds left.\n|\n|t:|1699103921\n|-end|p2b: Flutter Mane|Protosynthesis|[silent]\n|switch|p2b: Amoonguss|Amoonguss, F|100\/100\n|move|p1a: ken carson|Sucker Punch||[still]\n|-fail|p1a: ken carson\n|move|p1b: homixide meechie|Dire Claw|p2a: Iron Hands\n|-damage|p2a: Iron Hands|33\/100\n|-status|p2a: Iron Hands|psn\n|-damage|p1b: homixide meechie|25\/100|[from] item: Life Orb\n|move|p2a: Iron Hands|Wild Charge|p1b: homixide meechie\n|-damage|p1b: homixide meechie|0 fnt\n|faint|p1b: homixide meechie\n|-damage|p2a: Iron Hands|30\/100 psn|[from] Recoil\n|\n|-damage|p2a: Iron Hands|17\/100 psn|[from] psn\n|upkeep\n|\n|t:|1699103936\n|switch|p1b: bigchill|Pelipper, M, shiny|100\/100\n|-weather|RainDance|[from] ability: Drizzle|[of] p1b: bigchill\n|turn|3\n|\n|t:|1699103951\n|-end|p2a: Iron Hands|Quark Drive|[silent]\n|switch|p2a: Ninetales|Ninetales-Alola, F|100\/100\n|-weather|Snow|[from] ability: Snow Warning|[of] p2a: Ninetales\n|move|p2b: Amoonguss|Protect|p2b: Amoonguss\n|-singleturn|p2b: Amoonguss|Protect\n|move|p1a: ken carson|Ice Spinner|p2a: Ninetales\n|-resisted|p2a: Ninetales\n|-damage|p2a: Ninetales|73\/100\n|move|p1b: bigchill|Hurricane|p2b: Amoonguss\n|-activate|p2b: Amoonguss|move: Protect\n|\n|-weather|Snow|[upkeep]\n|upkeep\n|turn|4\n|\n|t:|1699103971\n|switch|p1a: kingvamp|Scizor, M, shiny|100\/100\n|switch|p1b: jetray|Articuno-Galar|100\/100\n|-terastallize|p2b: Amoonguss|Water\n|move|p2a: Ninetales|Aurora Veil|p2a: Ninetales\n|-sidestart|p2: SakakibaraKotone|move: Aurora Veil\n|move|p2b: Amoonguss|Spore|p1b: jetray\n|-status|p1b: jetray|slp|[from] move: Spore\n|\n|-weather|Snow|[upkeep]\n|upkeep\n|turn|5\n|\n|t:|1699103992\n|move|p2b: Amoonguss|Rage Powder|p2b: Amoonguss\n|-singleturn|p2b: Amoonguss|move: Rage Powder\n|move|p1a: kingvamp|Bullet Punch|p2b: Amoonguss\n|-resisted|p2b: Amoonguss\n|-damage|p2b: Amoonguss|89\/100\n|-damage|p1a: kingvamp|84\/100|[from] item: Rocky Helmet|[of] p2b: Amoonguss\n|-damage|p1a: kingvamp|74\/100|[from] item: Life Orb\n|move|p2a: Ninetales|Freeze-Dry|p1b: jetray\n|-supereffective|p1b: jetray\n|-damage|p1b: jetray|41\/100 slp\n|cant|p1b: jetray|slp\n|\n|-weather|Snow|[upkeep]\n|upkeep\n|turn|6\n|\n|t:|1699104008\n|cant|p1b: jetray|slp\n|move|p2b: Amoonguss|Rage Powder|p2b: Amoonguss\n|-singleturn|p2b: Amoonguss|move: Rage Powder\n|move|p2a: Ninetales|Freeze-Dry|p1b: jetray\n|-supereffective|p1b: jetray\n|-damage|p1b: jetray|0 fnt\n|faint|p1b: jetray\n|move|p1a: kingvamp|X-Scissor|p2b: Amoonguss\n|-damage|p2b: Amoonguss|57\/100\n|-damage|p1a: kingvamp|58\/100|[from] item: Rocky Helmet|[of] p2b: Amoonguss\n|-damage|p1a: kingvamp|48\/100|[from] item: Life Orb\n|\n|-weather|Snow|[upkeep]\n|upkeep\n|\n|t:|1699104015\n|switch|p1b: bigchill|Pelipper, M, shiny|100\/100\n|-weather|RainDance|[from] ability: Drizzle|[of] p1b: bigchill\n|turn|7\n|\n|t:|1699104026\n|move|p2b: Amoonguss|Rage Powder|p2b: Amoonguss\n|-singleturn|p2b: Amoonguss|move: Rage Powder\n|move|p2a: Ninetales|Freeze-Dry|p1b: bigchill\n|-supereffective|p1b: bigchill\n|-damage|p1b: bigchill|0 fnt\n|faint|p1b: bigchill\n|move|p1a: kingvamp|X-Scissor|p2b: Amoonguss\n|-damage|p2b: Amoonguss|25\/100\n|-damage|p1a: kingvamp|31\/100|[from] item: Rocky Helmet|[of] p2b: Amoonguss\n|-damage|p1a: kingvamp|21\/100|[from] item: Life Orb\n|\n|-weather|RainDance|[upkeep]\n|upkeep\n|\n|t:|1699104033\n|switch|p1b: ripjaws|Bruxish, F, shiny|100\/100\n|turn|8\n|\n|t:|1699104046\n|switch|p2a: Iron Hands|Iron Hands|17\/100 psn\n|move|p2b: Amoonguss|Protect|p2b: Amoonguss\n|-singleturn|p2b: Amoonguss|Protect\n|move|p1b: ripjaws|Psychic Fangs|p2b: Amoonguss\n|-activate|p2b: Amoonguss|move: Protect\n|move|p1a: kingvamp|X-Scissor|p2a: Iron Hands\n|-resisted|p2a: Iron Hands\n|-damage|p2a: Iron Hands|3\/100 psn\n|-damage|p1a: kingvamp|12\/100|[from] item: Life Orb\n|\n|-weather|RainDance|[upkeep]\n|-damage|p2a: Iron Hands|0 fnt|[from] psn\n|faint|p2a: Iron Hands\n|-end|p2a: Iron Hands|Quark Drive|[silent]\n|upkeep\n|\n|t:|1699104056\n|switch|p2a: Ninetales|Ninetales-Alola, F|73\/100\n|-weather|Snow|[from] ability: Snow Warning|[of] p2a: Ninetales\n|turn|9\n|\n|t:|1699104069\n|switch|p2b: Heatran|Heatran, F|100\/100\n|move|p2a: Ninetales|Freeze-Dry|p1b: ripjaws\n|-supereffective|p1b: ripjaws\n|-damage|p1b: ripjaws|9\/100\n|move|p1b: ripjaws|Psychic Fangs|p2b: Heatran\n|-sideend|p2: SakakibaraKotone|move: Aurora Veil\n|-resisted|p2b: Heatran\n|-crit|p2b: Heatran\n|-damage|p2b: Heatran|67\/100\n|-damage|p1b: ripjaws|0 fnt|[from] item: Life Orb\n|faint|p1b: ripjaws\n|move|p1a: kingvamp|X-Scissor|p2a: Ninetales\n|-resisted|p2a: Ninetales\n|-damage|p2a: Ninetales|42\/100\n|-damage|p1a: kingvamp|2\/100|[from] item: Life Orb\n|\n|-weather|Snow|[upkeep]\n|upkeep\n|\n|t:|1699104079\n|switch|p1b: ken carson|Chien-Pao|1\/100\n|-ability|p1b: ken carson|Sword of Ruin\n|turn|10\n|\n|t:|1699104098\n|move|p1a: kingvamp|Bullet Punch|p2a: Ninetales\n|-supereffective|p2a: Ninetales\n|-damage|p2a: Ninetales|0 fnt\n|faint|p2a: Ninetales\n|-damage|p1a: kingvamp|0 fnt|[from] item: Life Orb\n|faint|p1a: kingvamp\n|move|p1b: ken carson|Sacred Sword|p2b: Heatran\n|-supereffective|p2b: Heatran\n|-damage|p2b: Heatran|0 fnt\n|faint|p2b: Heatran\n|\n|-weather|Snow|[upkeep]\n|upkeep\n|\n|t:|1699104107\n|switch|p2a: Amoonguss|Amoonguss, F, tera:Water|59\/100\n|switch|p2b: Flutter Mane|Flutter Mane|24\/100\n|turn|11\n|-message|redpkmntrainer14 forfeited.\n|\n|win|SakakibaraKotone\n|raw|redpkmntrainer14's rating: 1455 &rarr; <strong>1439<\/strong><br \/>(-16 for losing)\n|raw|SakakibaraKotone's rating: 1532 &rarr; <strong>1548<\/strong><br \/>(+16 for winning)\n|l|\u2606redpkmntrainer14\n","uploadtime":1699104124,"views":10,"p1id":"redpkmntrainer14","p2id":"sakakibarakotone","formatid":"gen9doublesou","rating":1439,"private":0,"password":""}