{"id":"gen9doublesou-1976785143","p1":"Trippinrightneow","p2":"Izzacpiper","format":"[Gen 9] Doubles OU","log":"|j|\u2606Trippinrightneow\n|j|\u2606Izzacpiper\n|t:|1698341168\n|gametype|doubles\n|player|p1|Trippinrightneow|cynthia|1109\n|player|p2|Izzacpiper|ethan|1051\n|teamsize|p1|6\n|teamsize|p2|6\n|gen|9\n|tier|[Gen 9] Doubles OU\n|rated|\n|rule|Species Clause: Limit one of each Pok\u00e9mon\n|rule|OHKO Clause: OHKO moves are banned\n|rule|Evasion Moves Clause: Evasion moves are banned\n|rule|Gravity Sleep Clause: The combination of sleep-inducing moves with imperfect accuracy and Gravity or Gigantamax Orbeetle are banned\n|rule|Endless Battle Clause: Forcing endless battles is banned\n|rule|HP Percentage Mod: HP is shown in percentages\n|clearpoke\n|poke|p1|Rotom-Wash|\n|poke|p1|Landorus-Therian, M|\n|poke|p1|Flutter Mane|\n|poke|p1|Amoonguss, M|\n|poke|p1|Tornadus, M|\n|poke|p1|Chi-Yu|\n|poke|p2|Kommo-o, M|\n|poke|p2|Tyranitar, M|\n|poke|p2|Bellibolt, M|\n|poke|p2|Gengar, F|\n|poke|p2|Snorlax, F|\n|poke|p2|Clawitzer, M|\n|teampreview\n|inactive|Battle timer is ON: inactive players will automatically lose when time's up. (requested by Izzacpiper)\n|inactive|Trippinrightneow has 120 seconds left.\n|\n|t:|1698341208\n|start\n|switch|p1a: Your mom|Rotom-Wash|100\/100\n|switch|p1b: Your grandma|Amoonguss, M, shiny|100\/100\n|switch|p2a: BOI|Gengar, F, shiny|100\/100\n|switch|p2b: BOI 2|Bellibolt, M|100\/100\n|turn|1\n|\n|t:|1698341236\n|-terastallize|p1a: Your mom|Fire\n|move|p1a: Your mom|Shadow Ball|p2a: BOI\n|-supereffective|p2a: BOI\n|-damage|p2a: BOI|19\/100\n|-start|p1a: Your mom|Disable|Shadow Ball|[from] ability: Cursed Body|[of] p2a: BOI\n|move|p2a: BOI|Sludge Bomb|p1b: Your grandma\n|-damage|p1b: Your grandma|64\/100\n|move|p2b: BOI 2|Reflect|p2b: BOI 2\n|-sidestart|p2: Izzacpiper|Reflect\n|move|p1b: Your grandma|Spore|p2a: BOI\n|-status|p2a: BOI|slp|[from] move: Spore\n|\n|upkeep\n|turn|2\n|\n|t:|1698341259\n|switch|p1a: Your dad|Landorus-Therian, M|100\/100\n|-ability|p1a: Your dad|Intimidate|boost\n|-unboost|p2a: BOI|atk|1\n|-unboost|p2b: BOI 2|atk|1\n|cant|p2a: BOI|slp\n|move|p2b: BOI 2|Thunderbolt|p1b: Your grandma\n|-resisted|p1b: Your grandma\n|-damage|p1b: Your grandma|45\/100\n|move|p1b: Your grandma|Spore|p2b: BOI 2\n|-status|p2b: BOI 2|slp|[from] move: Spore\n|\n|upkeep\n|turn|3\n|\n|t:|1698341278\n|move|p1b: Your grandma|Rage Powder|p1b: Your grandma\n|-singleturn|p1b: Your grandma|move: Rage Powder\n|cant|p2a: BOI|slp\n|move|p1a: Your dad|Swords Dance|p1a: Your dad\n|-boost|p1a: Your dad|atk|2\n|cant|p2b: BOI 2|slp\n|\n|upkeep\n|turn|4\n|\n|t:|1698341291\n|move|p1b: Your grandma|Rage Powder|p1b: Your grandma\n|-singleturn|p1b: Your grandma|move: Rage Powder\n|-curestatus|p2a: BOI|slp|[msg]\n|move|p2a: BOI|Sludge Bomb|p1b: Your grandma\n|-damage|p1b: Your grandma|11\/100\n|move|p1a: Your dad|Substitute|p1a: Your dad\n|-start|p1a: Your dad|Substitute\n|-damage|p1a: Your dad|76\/100\n|cant|p2b: BOI 2|slp\n|\n|-heal|p1a: Your dad|82\/100|[from] item: Leftovers\n|upkeep\n|turn|5\n|inactive|Izzacpiper has 120 seconds left.\n|\n|t:|1698341333\n|move|p1b: Your grandma|Protect|p1b: Your grandma\n|-singleturn|p1b: Your grandma|Protect\n|move|p2a: BOI|Shadow Ball|p1b: Your grandma\n|-activate|p1b: Your grandma|move: Protect\n|move|p1a: Your dad|Earthquake|p2b: BOI 2|[spread] p2a,p2b\n|-activate|p1b: Your grandma|move: Protect\n|-supereffective|p2a: BOI\n|-enditem|p2a: BOI|Shuca Berry|[eat]\n|-enditem|p2a: BOI|Shuca Berry|[weaken]\n|-supereffective|p2b: BOI 2\n|-crit|p2b: BOI 2\n|-damage|p2a: BOI|0 fnt\n|-damage|p2b: BOI 2|0 fnt\n|faint|p2a: BOI\n|faint|p2b: BOI 2\n|\n|-heal|p1a: Your dad|88\/100|[from] item: Leftovers\n|-sideend|p2: Izzacpiper|Reflect\n|upkeep\n|\n|t:|1698341340\n|switch|p2a: Me irl|Snorlax, F, shiny|100\/100\n|switch|p2b: Ebera|Clawitzer, M, shiny|100\/100\n|turn|6\n|\n|t:|1698341357\n|move|p1b: Your grandma|Rage Powder|p1b: Your grandma\n|-singleturn|p1b: Your grandma|move: Rage Powder\n|move|p1a: Your dad|Earthquake|p2b: Ebera|[spread] p1b,p2a,p2b\n|-damage|p1b: Your grandma|0 fnt\n|-damage|p2a: Me irl|36\/100\n|-damage|p2b: Ebera|0 fnt\n|faint|p1b: Your grandma\n|faint|p2b: Ebera\n|move|p2a: Me irl|Body Slam|p1a: Your dad\n|-end|p1a: Your dad|Substitute\n|\n|-heal|p1a: Your dad|94\/100|[from] item: Leftovers\n|-heal|p2a: Me irl|42\/100|[from] item: Leftovers\n|upkeep\n|\n|t:|1698341373\n|switch|p2b: Godzilla|Tyranitar, M, shiny|100\/100\n|switch|p1b: Your brother|Tornadus, M|100\/100\n|-weather|Sandstorm|[from] ability: Sand Stream|[of] p2b: Godzilla\n|turn|7\n|\n|t:|1698341381\n|-terastallize|p2b: Godzilla|Flying\n|move|p1b: Your brother|Tailwind|p1b: Your brother\n|-sidestart|p1: Trippinrightneow|move: Tailwind\n|move|p1a: Your dad|Earthquake|p2b: Godzilla|[spread] p2a\n|-immune|p1b: Your brother\n|-immune|p2b: Godzilla\n|-damage|p2a: Me irl|0 fnt\n|faint|p2a: Me irl\n|move|p2b: Godzilla|Rock Slide|p1a: Your dad|[spread] p1a,p1b\n|-supereffective|p1b: Your brother\n|-damage|p1a: Your dad|61\/100\n|-damage|p1b: Your brother|44\/100\n|\n|-weather|Sandstorm|[upkeep]\n|-damage|p1b: Your brother|38\/100|[from] Sandstorm\n|-damage|p2b: Godzilla|95\/100|[from] Sandstorm\n|-heal|p1a: Your dad|68\/100|[from] item: Leftovers\n|upkeep\n|\n|t:|1698341393\n|switch|p2a: Maui|Kommo-o, M, shiny|100\/100\n|turn|8\n|\n|t:|1698341409\n|move|p1b: Your brother|Protect|p1b: Your brother\n|-singleturn|p1b: Your brother|Protect\n|move|p1a: Your dad|Earthquake|p2b: Godzilla|[spread] p2a\n|-activate|p1b: Your brother|move: Protect\n|-immune|p2b: Godzilla\n|-damage|p2a: Maui|30\/100\n|move|p2a: Maui|Clanging Scales|p1b: Your brother|[spread] p1a\n|-activate|p1b: Your brother|move: Protect\n|-damage|p1a: Your dad|28\/100\n|-unboost|p2a: Maui|def|1\n|-damage|p2a: Maui|20\/100|[from] item: Life Orb\n|move|p2b: Godzilla|Rock Slide|p1b: Your brother|[spread] p1a\n|-activate|p1b: Your brother|move: Protect\n|-damage|p1a: Your dad|0 fnt\n|faint|p1a: Your dad\n|\n|-weather|Sandstorm|[upkeep]\n|-damage|p1b: Your brother|32\/100|[from] Sandstorm\n|-damage|p2b: Godzilla|89\/100|[from] Sandstorm\n|upkeep\n|inactive|Trippinrightneow has 120 seconds left.\n|\n|t:|1698341431\n|switch|p1a: Your mom|Rotom-Wash, tera:Fire|100\/100\n|turn|9\n|\n|t:|1698341445\n|move|p1a: Your mom|Thunderbolt|p2b: Godzilla\n|-supereffective|p2b: Godzilla\n|-damage|p2b: Godzilla|46\/100\n|move|p1b: Your brother|Bleakwind Storm|p2b: Godzilla|[spread] p2a\n|-miss|p1b: Your brother|p2b: Godzilla\n|-supereffective|p2a: Maui\n|-damage|p2a: Maui|0 fnt\n|faint|p2a: Maui\n|move|p2b: Godzilla|Rock Slide|p1a: Your mom|[spread] p1a,p1b\n|-supereffective|p1a: Your mom\n|-supereffective|p1b: Your brother\n|-damage|p1a: Your mom|31\/100\n|-damage|p1b: Your brother|0 fnt\n|faint|p1b: Your brother\n|\n|-weather|Sandstorm|[upkeep]\n|-damage|p1a: Your mom|25\/100|[from] Sandstorm\n|-damage|p2b: Godzilla|40\/100|[from] Sandstorm\n|upkeep\n|c|\u2606Trippinrightneow|ggs\n|\n|t:|1698341461\n|switch|p1b: Your sister|Flutter Mane|100\/100\n|turn|10\n|\n|t:|1698341468\n|move|p1b: Your sister|Dazzling Gleam|p2b: Godzilla\n|-damage|p2b: Godzilla|11\/100\n|-damage|p1b: Your sister|91\/100|[from] item: Life Orb\n|move|p1a: Your mom|Thunderbolt|p2b: Godzilla\n|-supereffective|p2b: Godzilla\n|-damage|p2b: Godzilla|0 fnt\n|faint|p2b: Godzilla\n|\n|win|Trippinrightneow\n|raw|Trippinrightneow's rating: 1109 &rarr; <strong>1130<\/strong><br \/>(+21 for winning)\n|raw|Izzacpiper's rating: 1051 &rarr; <strong>1036<\/strong><br \/>(-15 for losing)\n|c|\u2606Izzacpiper|Gg\n|c|\u2606Trippinrightneow|ez\n|c|\u2606Izzacpiper|No it wasn't\n|l|\u2606Izzacpiper\n|c|\u2606Trippinrightneow|yes it was\n","uploadtime":1698341503,"views":14,"p1id":"trippinrightneow","p2id":"izzacpiper","formatid":"gen9doublesou","rating":1036,"private":0,"password":""}