{"id":"gen9doublesou-1977022519","p1":"SolidState0","p2":"lilbookcase","format":"[Gen 9] Doubles OU","log":"|j|\u2606SolidState0\n|j|\u2606lilbookcase\n|t:|1698362816\n|gametype|doubles\n|player|p1|SolidState0|allister|\n|player|p2|lilbookcase|rocketgruntf|\n|teamsize|p1|6\n|teamsize|p2|6\n|gen|9\n|tier|[Gen 9] Doubles OU\n|rule|Species Clause: Limit one of each Pok\u00e9mon\n|rule|OHKO Clause: OHKO moves are banned\n|rule|Evasion Moves Clause: Evasion moves are banned\n|rule|Gravity Sleep Clause: The combination of sleep-inducing moves with imperfect accuracy and Gravity or Gigantamax Orbeetle are banned\n|rule|Endless Battle Clause: Forcing endless battles is banned\n|rule|HP Percentage Mod: HP is shown in percentages\n|clearpoke\n|poke|p1|Zoroark-Hisui, F|\n|poke|p1|Polteageist-Antique|\n|poke|p1|Spiritomb, F|\n|poke|p1|Toxapex, M|\n|poke|p1|Volcarona, F|\n|poke|p1|Gholdengo|\n|poke|p2|Roaring Moon|\n|poke|p2|Weezing-Galar, M|\n|poke|p2|Gholdengo|\n|poke|p2|Ursaluna, F|\n|poke|p2|Hatterene, F|\n|poke|p2|Gothitelle, F|\n|teampreview\n|\n|t:|1698362835\n|start\n|switch|p1a: Volcarona|Volcarona, F|100\/100\n|switch|p1b: Spiritomb|Spiritomb, F|100\/100\n|switch|p2a: Roaring Gibbous|Roaring Moon|100\/100\n|switch|p2b: Mr. Joe|Gholdengo|100\/100\n|-enditem|p2a: Roaring Gibbous|Booster Energy\n|-activate|p2a: Roaring Gibbous|ability: Protosynthesis|[fromitem]\n|-start|p2a: Roaring Gibbous|protosynthesisspe\n|turn|1\n|\n|t:|1698362859\n|-terastallize|p2b: Mr. Joe|Fairy\n|move|p1b: Spiritomb|Ally Switch|p1b: Spiritomb\n|swap|p1b: Spiritomb|0|[from] move: Ally Switch\n|move|p2a: Roaring Gibbous|Tailwind|p2a: Roaring Gibbous\n|-sidestart|p2: lilbookcase|move: Tailwind\n|move|p2b: Mr. Joe|Make It Rain|p1a: Spiritomb|[spread] p1a,p1b\n|-resisted|p1b: Volcarona\n|-damage|p1a: Spiritomb|35\/100\n|-damage|p1b: Volcarona|58\/100\n|-unboost|p2b: Mr. Joe|spa|1\n|move|p1b: Volcarona|Quiver Dance|p1b: Volcarona\n|-boost|p1b: Volcarona|spa|1\n|-boost|p1b: Volcarona|spd|1\n|-boost|p1b: Volcarona|spe|1\n|\n|-heal|p1a: Spiritomb|41\/100|[from] item: Leftovers\n|upkeep\n|turn|2\n|\n|t:|1698362895\n|switch|p2b: Waxaluna|Ursaluna, F|100\/100\n|move|p1a: Spiritomb|Shadow Sneak|p2b: Waxaluna\n|-immune|p2b: Waxaluna\n|move|p2a: Roaring Gibbous|Knock Off|p1b: Volcarona\n|-damage|p1b: Volcarona|0 fnt\n|-status|p2a: Roaring Gibbous|brn|[from] ability: Flame Body|[of] p1b: Volcarona\n|-enditem|p1b: Volcarona|Heavy-Duty Boots|[from] move: Knock Off|[of] p2a: Roaring Gibbous\n|faint|p1b: Volcarona\n|\n|-heal|p1a: Spiritomb|47\/100|[from] item: Leftovers\n|-damage|p2a: Roaring Gibbous|94\/100 brn|[from] brn\n|-status|p2b: Waxaluna|brn|[from] item: Flame Orb\n|upkeep\n|\n|t:|1698362920\n|switch|p1b: Polteageist|Polteageist-Antique|100\/100\n|turn|3\n|\n|t:|1698362932\n|move|p2a: Roaring Gibbous|Knock Off|p1b: Polteageist\n|-supereffective|p1b: Polteageist\n|-damage|p1b: Polteageist|0 fnt\n|replace|p1b: Zoroark|Zoroark-Hisui, F\n|-end|p1b: Zoroark|Illusion\n|-enditem|p1b: Zoroark|Choice Specs|[from] move: Knock Off|[of] p2a: Roaring Gibbous\n|faint|p1b: Zoroark\n|move|p2b: Waxaluna|Headlong Rush|p1a: Spiritomb\n|-damage|p1a: Spiritomb|0 fnt\n|-unboost|p2b: Waxaluna|def|1\n|-unboost|p2b: Waxaluna|spd|1\n|faint|p1a: Spiritomb\n|\n|-damage|p2a: Roaring Gibbous|88\/100 brn|[from] brn\n|-damage|p2b: Waxaluna|94\/100 brn|[from] brn\n|upkeep\n|\n|t:|1698362951\n|switch|p1b: Polteageist|Polteageist-Antique|100\/100\n|switch|p1a: Toxapex|Toxapex, M|100\/100\n|turn|4\n|\n|t:|1698362970\n|-terastallize|p1b: Polteageist|Fairy\n|move|p2a: Roaring Gibbous|Knock Off|p1b: Polteageist\n|-resisted|p1b: Polteageist\n|-damage|p1b: Polteageist|75\/100\n|-ability|p1b: Polteageist|Weak Armor|boost\n|-unboost|p1b: Polteageist|def|1\n|-boost|p1b: Polteageist|spe|2\n|-enditem|p1b: Polteageist|Focus Sash|[from] move: Knock Off|[of] p2a: Roaring Gibbous\n|move|p1b: Polteageist|Giga Drain|p2b: Waxaluna\n|-supereffective|p2b: Waxaluna\n|-damage|p2b: Waxaluna|14\/100 brn\n|-heal|p1b: Polteageist|100\/100|[from] drain|[of] p2b: Waxaluna\n|move|p2b: Waxaluna|Headlong Rush|p1b: Polteageist\n|-damage|p1b: Polteageist|0 fnt\n|-unboost|p2b: Waxaluna|def|1\n|-unboost|p2b: Waxaluna|spd|1\n|faint|p1b: Polteageist\n|move|p1a: Toxapex|Ice Beam|p2a: Roaring Gibbous\n|-supereffective|p2a: Roaring Gibbous\n|-damage|p2a: Roaring Gibbous|63\/100 brn\n|\n|-damage|p2a: Roaring Gibbous|57\/100 brn|[from] brn\n|-damage|p2b: Waxaluna|8\/100 brn|[from] brn\n|-sideend|p2: lilbookcase|move: Tailwind\n|upkeep\n|\n|t:|1698362990\n|switch|p1b: Gholdengo|Gholdengo|100\/100\n|turn|5\n|\n|t:|1698363007\n|move|p2b: Waxaluna|Protect|p2b: Waxaluna\n|-singleturn|p2b: Waxaluna|Protect\n|move|p2a: Roaring Gibbous|Tailwind|p2a: Roaring Gibbous\n|-sidestart|p2: lilbookcase|move: Tailwind\n|move|p1b: Gholdengo|Trick|p2a: Roaring Gibbous\n|-activate|p1b: Gholdengo|move: Trick|[of] p2a: Roaring Gibbous\n|-item|p2a: Roaring Gibbous|Choice Scarf|[from] move: Trick\n|-enditem|p1b: Gholdengo|Choice Scarf|[silent]|[from] move: Trick\n|move|p1a: Toxapex|Ice Beam|p2a: Roaring Gibbous\n|-supereffective|p2a: Roaring Gibbous\n|-damage|p2a: Roaring Gibbous|34\/100 brn\n|\n|-damage|p2a: Roaring Gibbous|28\/100 brn|[from] brn\n|-damage|p2b: Waxaluna|1\/100 brn|[from] brn\n|upkeep\n|turn|6\n|\n|t:|1698363031\n|move|p2a: Roaring Gibbous|Knock Off|p1a: Toxapex\n|-damage|p1a: Toxapex|85\/100\n|-enditem|p1a: Toxapex|Covert Cloak|[from] move: Knock Off|[of] p2a: Roaring Gibbous\n|move|p2b: Waxaluna|Earthquake|p1a: Toxapex|[spread] p2a,p1a,p1b\n|-supereffective|p1a: Toxapex\n|-supereffective|p1b: Gholdengo\n|-damage|p2a: Roaring Gibbous|0 fnt\n|-damage|p1a: Toxapex|2\/100\n|-damage|p1b: Gholdengo|0 fnt\n|faint|p2a: Roaring Gibbous\n|-end|p2a: Roaring Gibbous|Protosynthesis|[silent]\n|faint|p1b: Gholdengo\n|move|p1a: Toxapex|Toxic Spikes|p2b: Waxaluna\n|-sidestart|p2: lilbookcase|move: Toxic Spikes\n|\n|-damage|p2b: Waxaluna|0 fnt|[from] brn\n|faint|p2b: Waxaluna\n|upkeep\n|\n|t:|1698363044\n|switch|p2a: Treat|Gothitelle, F|100\/100\n|switch|p2b: Trick|Hatterene, F|100\/100\n|-status|p2a: Treat|psn\n|-status|p2b: Trick|psn\n|turn|7\n|\n|t:|1698363052\n|move|p2a: Treat|Fake Out|p1a: Toxapex\n|-damage|p1a: Toxapex|0 fnt\n|faint|p1a: Toxapex\n|\n|win|lilbookcase\n|l|\u2606SolidState0\n","uploadtime":1698363061,"views":24,"p1id":"solidstate0","p2id":"lilbookcase","formatid":"gen9doublesou","rating":0,"private":0,"password":""}