{"id":"gen9doublesou-1999693862","p1":"Secret_place","p2":"Tournesol Velvet","format":"[Gen 9] Doubles OU","log":"|j|\u2606Secret_place\n|j|\u2606Tournesol Velvet\n|t:|1701108431\n|gametype|doubles\n|player|p1|Secret_place|265|1000\n|player|p2|Tournesol Velvet|169|1047\n|teamsize|p1|6\n|teamsize|p2|6\n|gen|9\n|tier|[Gen 9] Doubles OU\n|rated|\n|rule|Species Clause: Limit one of each Pok\u00e9mon\n|rule|OHKO Clause: OHKO moves are banned\n|rule|Evasion Moves Clause: Evasion moves are banned\n|rule|Gravity Sleep Clause: The combination of sleep-inducing moves with imperfect accuracy and Gravity or Gigantamax Orbeetle are banned\n|rule|Endless Battle Clause: Forcing endless battles is banned\n|rule|HP Percentage Mod: HP is shown in percentages\n|clearpoke\n|poke|p1|Lucario, M|\n|poke|p1|Weavile, M|\n|poke|p1|Tyranitar, F|\n|poke|p1|Garchomp, M|\n|poke|p1|Ninetales, F|\n|poke|p1|Heatran, M|\n|poke|p2|Gliscor, M|\n|poke|p2|Talonflame, M|\n|poke|p2|Gyarados, M|\n|poke|p2|Amoonguss, F|\n|poke|p2|Corviknight, F|\n|poke|p2|Rotom-Fan|\n|teampreview\n|\n|t:|1701108467\n|start\n|switch|p1a: Cario|Lucario, M|100\/100\n|switch|p1b: Evile|Weavile, M, shiny|100\/100\n|switch|p2a: Gliscor|Gliscor, M|100\/100\n|switch|p2b: Amoonguss|Amoonguss, F|100\/100\n|turn|1\n|\n|t:|1701108501\n|-terastallize|p1a: Cario|Flying\n|move|p2a: Gliscor|Protect|p2a: Gliscor\n|-singleturn|p2a: Gliscor|Protect\n|move|p1b: Evile|Beat Up|p1a: Cario\n|-damage|p1a: Cario|88\/100\n|-ability|p1a: Cario|Justified|boost\n|-boost|p1a: Cario|atk|1\n|-damage|p1a: Cario|76\/100\n|-ability|p1a: Cario|Justified|boost\n|-boost|p1a: Cario|atk|1\n|-damage|p1a: Cario|60\/100\n|-ability|p1a: Cario|Justified|boost\n|-boost|p1a: Cario|atk|1\n|-damage|p1a: Cario|43\/100\n|-ability|p1a: Cario|Justified|boost\n|-boost|p1a: Cario|atk|1\n|-damage|p1a: Cario|34\/100\n|-ability|p1a: Cario|Justified|boost\n|-boost|p1a: Cario|atk|1\n|-damage|p1a: Cario|22\/100\n|-ability|p1a: Cario|Justified|boost\n|-boost|p1a: Cario|atk|1\n|-hitcount|p1a: Cario|6\n|move|p1a: Cario|Rock Slide|p2b: Amoonguss|[spread] p2b\n|-activate|p2a: Gliscor|move: Protect\n|-damage|p2b: Amoonguss|32\/100\n|cant|p2b: Amoonguss|flinch\n|\n|-status|p2a: Gliscor|tox|[from] item: Toxic Orb\n|upkeep\n|turn|2\n|\n|t:|1701108573\n|switch|p2b: Rotom|Rotom-Fan|100\/100\n|move|p1b: Evile|Beat Up|p2a: Gliscor\n|-damage|p2a: Gliscor|95\/100 tox\n|-damage|p2a: Gliscor|90\/100 tox\n|-damage|p2a: Gliscor|84\/100 tox\n|-damage|p2a: Gliscor|79\/100 tox\n|-damage|p2a: Gliscor|75\/100 tox\n|-damage|p2a: Gliscor|70\/100 tox\n|-hitcount|p2a: Gliscor|6\n|move|p1a: Cario|Rock Slide|p2a: Gliscor|[spread] p2a,p2b\n|-supereffective|p2b: Rotom\n|-damage|p2a: Gliscor|25\/100 tox\n|-damage|p2b: Rotom|0 fnt\n|faint|p2b: Rotom\n|move|p2a: Gliscor|Facade|p1a: Cario\n|-damage|p1a: Cario|0 fnt\n|faint|p1a: Cario\n|\n|-heal|p2a: Gliscor|37\/100 tox|[from] ability: Poison Heal\n|upkeep\n|\n|t:|1701108608\n|switch|p1a: Shark_bait|Garchomp, M, shiny|100\/100\n|switch|p2b: Talonflame|Talonflame, M|100\/100\n|turn|3\n|\n|t:|1701108645\n|move|p2a: Gliscor|Protect|p2a: Gliscor\n|-singleturn|p2a: Gliscor|Protect\n|move|p2b: Talonflame|Brave Bird|p1a: Shark_bait\n|-damage|p1a: Shark_bait|55\/100\n|-damage|p2b: Talonflame|82\/100|[from] Recoil\n|move|p1b: Evile|Poison Jab|p2b: Talonflame\n|-damage|p2b: Talonflame|44\/100\n|move|p1a: Shark_bait|Dragon Claw|p2a: Gliscor\n|-activate|p2a: Gliscor|move: Protect\n|\n|-heal|p2a: Gliscor|49\/100 tox|[from] ability: Poison Heal\n|upkeep\n|turn|4\n|\n|t:|1701108690\n|switch|p1a: T_Tar|Tyranitar, F, shiny|100\/100\n|-weather|Sandstorm|[from] ability: Sand Stream|[of] p1a: T_Tar\n|move|p2b: Talonflame|Brave Bird|p1a: T_Tar\n|-resisted|p1a: T_Tar\n|-damage|p1a: T_Tar|82\/100\n|-damage|p2b: Talonflame|36\/100|[from] Recoil\n|move|p1b: Evile|Poison Jab|p2b: Talonflame\n|-damage|p2b: Talonflame|0 fnt\n|faint|p2b: Talonflame\n|move|p2a: Gliscor|Facade|p1a: T_Tar\n|-resisted|p1a: T_Tar\n|-damage|p1a: T_Tar|71\/100\n|\n|-weather|Sandstorm|[upkeep]\n|-damage|p1b: Evile|94\/100|[from] Sandstorm\n|-heal|p1a: T_Tar|77\/100|[from] item: Leftovers\n|-heal|p2a: Gliscor|62\/100 tox|[from] ability: Poison Heal\n|upkeep\n|\n|t:|1701108711\n|switch|p2b: Gyarados|Gyarados, M, shiny|100\/100\n|-ability|p2b: Gyarados|Intimidate|boost\n|-unboost|p1a: T_Tar|atk|1\n|-unboost|p1b: Evile|atk|1\n|turn|5\n|\n|t:|1701108743\n|move|p1b: Evile|Poison Jab|p2b: Gyarados\n|-damage|p2b: Gyarados|79\/100\n|-status|p2b: Gyarados|psn\n|move|p2b: Gyarados|Earthquake|p1a: T_Tar|[spread] p1a,p1b\n|-immune|p2a: Gliscor\n|-supereffective|p1a: T_Tar\n|-damage|p1a: T_Tar|37\/100\n|-damage|p1b: Evile|44\/100\n|move|p2a: Gliscor|Earthquake|p1a: T_Tar|[spread] p1a,p1b\n|-immune|p2b: Gyarados\n|-supereffective|p1a: T_Tar\n|-damage|p1a: T_Tar|0 fnt\n|-damage|p1b: Evile|5\/100\n|faint|p1a: T_Tar\n|\n|-weather|Sandstorm|[upkeep]\n|-damage|p1b: Evile|0 fnt|[from] Sandstorm\n|-damage|p2b: Gyarados|73\/100 psn|[from] Sandstorm\n|faint|p1b: Evile\n|-damage|p2b: Gyarados|60\/100 psn|[from] psn\n|-heal|p2a: Gliscor|74\/100 tox|[from] ability: Poison Heal\n|upkeep\n|\n|t:|1701108773\n|switch|p1b: Smolder|Heatran, M|100\/100\n|switch|p1a: 9|Ninetales, F|100\/100\n|-weather|SunnyDay|[from] ability: Drought|[of] p1a: 9\n|turn|6\n|\n|t:|1701108815\n|-terastallize|p2b: Gyarados|Ground\n|move|p1a: 9|Flamethrower|p1b: Smolder\n|-start|p1b: Smolder|ability: Flash Fire\n|move|p2b: Gyarados|Earthquake|p1b: Smolder|[spread] p1a,p1b\n|-immune|p2a: Gliscor\n|-supereffective|p1a: 9\n|-supereffective|p1b: Smolder\n|-damage|p1a: 9|0 fnt\n|-damage|p1b: Smolder|0 fnt\n|faint|p1a: 9\n|faint|p1b: Smolder\n|move|p2a: Gliscor|Earthquake|p2b: Gyarados\n|-damage|p2b: Gyarados|18\/100 psn\n|\n|-weather|SunnyDay|[upkeep]\n|-damage|p2b: Gyarados|6\/100 psn|[from] psn\n|-heal|p2a: Gliscor|87\/100 tox|[from] ability: Poison Heal\n|upkeep\n|\n|t:|1701108848\n|switch|p1a: Shark_bait|Garchomp, M, shiny|55\/100\n|turn|7\n|\n|t:|1701108867\n|switch|p2b: Corviknight|Corviknight, F|100\/100\n|move|p1a: Shark_bait|Double-Edge|p2a: Gliscor\n|-damage|p2a: Gliscor|62\/100 tox\n|-damage|p1a: Shark_bait|47\/100|[from] Recoil\n|move|p2a: Gliscor|Earthquake|p1a: Shark_bait|[spread] p1a\n|-immune|p2b: Corviknight\n|-damage|p1a: Shark_bait|23\/100\n|\n|-weather|SunnyDay|[upkeep]\n|-heal|p2a: Gliscor|75\/100 tox|[from] ability: Poison Heal\n|upkeep\n|turn|8\n|\n|t:|1701108894\n|move|p2a: Gliscor|Protect|p2a: Gliscor\n|-singleturn|p2a: Gliscor|Protect\n|move|p1a: Shark_bait|Dragon Claw|p2a: Gliscor\n|-activate|p2a: Gliscor|move: Protect\n|move|p2b: Corviknight|Iron Defense|p2b: Corviknight\n|-boost|p2b: Corviknight|def|2\n|\n|-weather|SunnyDay|[upkeep]\n|-heal|p2a: Gliscor|87\/100 tox|[from] ability: Poison Heal\n|upkeep\n|turn|9\n|\n|t:|1701108915\n|move|p1a: Shark_bait|Dragon Claw|p2a: Gliscor\n|-damage|p2a: Gliscor|62\/100 tox\n|move|p2a: Gliscor|Toxic|p1a: Shark_bait\n|-status|p1a: Shark_bait|tox\n|move|p2b: Corviknight|Iron Defense|p2b: Corviknight\n|-boost|p2b: Corviknight|def|2\n|\n|-weather|SunnyDay|[upkeep]\n|-damage|p1a: Shark_bait|16\/100 tox|[from] psn\n|-heal|p2a: Gliscor|74\/100 tox|[from] ability: Poison Heal\n|upkeep\n|turn|10\n|\n|t:|1701108930\n|move|p2a: Gliscor|Protect|p2a: Gliscor\n|-singleturn|p2a: Gliscor|Protect\n|move|p1a: Shark_bait|Dragon Claw|p2b: Corviknight\n|-resisted|p2b: Corviknight\n|-damage|p2b: Corviknight|95\/100\n|move|p2b: Corviknight|Iron Defense|p2b: Corviknight\n|-boost|p2b: Corviknight|def|2\n|\n|-weather|none\n|-heal|p2b: Corviknight|100\/100|[from] item: Leftovers\n|-damage|p1a: Shark_bait|4\/100 tox|[from] psn\n|-heal|p2a: Gliscor|86\/100 tox|[from] ability: Poison Heal\n|upkeep\n|turn|11\n|\n|t:|1701108949\n|move|p1a: Shark_bait|Double-Edge|p2b: Corviknight\n|-resisted|p2b: Corviknight\n|-damage|p2b: Corviknight|95\/100\n|-damage|p1a: Shark_bait|2\/100 tox|[from] Recoil\n|move|p2a: Gliscor|Earthquake|p1a: Shark_bait|[spread] p1a\n|-immune|p2b: Corviknight\n|-damage|p1a: Shark_bait|0 fnt\n|faint|p1a: Shark_bait\n|\n|win|Tournesol Velvet\n|raw|Secret_place's rating: 1000 &rarr; <strong>1000<\/strong><br \/>(+0 for losing)\n|raw|Tournesol Velvet's rating: 1047 &rarr; <strong>1076<\/strong><br \/>(+29 for winning)\n|l|\u2606Secret_place\n","uploadtime":1701108973,"views":8,"p1id":"secretplace","p2id":"tournesolvelvet","formatid":"gen9doublesou","rating":1000,"private":0,"password":""}