{"id":"gen9doublesou-1972597638","p1":"Final_EXE","p2":"DratiniKing10","format":"[Gen 9] Doubles OU","log":"|j|\u2606Final_EXE\n|j|\u2606DratiniKing10\n|t:|1697862086\n|gametype|doubles\n|player|p1|Final_EXE|170|1298\n|player|p2|DratiniKing10|lucas|1210\n|teamsize|p1|6\n|teamsize|p2|6\n|gen|9\n|tier|[Gen 9] Doubles OU\n|rated|\n|rule|Species Clause: Limit one of each Pok\u00e9mon\n|rule|OHKO Clause: OHKO moves are banned\n|rule|Evasion Moves Clause: Evasion moves are banned\n|rule|Gravity Sleep Clause: The combination of sleep-inducing moves with imperfect accuracy and Gravity or Gigantamax Orbeetle are banned\n|rule|Endless Battle Clause: Forcing endless battles is banned\n|rule|HP Percentage Mod: HP is shown in percentages\n|clearpoke\n|poke|p1|Ogerpon-Wellspring, F|\n|poke|p1|Chien-Pao|\n|poke|p1|Landorus-Therian, M|\n|poke|p1|Flutter Mane|\n|poke|p1|Iron Hands|\n|poke|p1|Amoonguss, F|\n|poke|p2|Ting-Lu|\n|poke|p2|Arcanine, M|\n|poke|p2|Kingambit, M|\n|poke|p2|Tornadus, M|\n|poke|p2|Sneasler, M|\n|poke|p2|Ogerpon-Wellspring, F|\n|teampreview\n|\n|t:|1697862108\n|start\n|switch|p1a: Flutter Mane|Flutter Mane|100\/100\n|switch|p1b: Chien-Pao|Chien-Pao|100\/100\n|switch|p2a: Miles|Tornadus, M|100\/100\n|switch|p2b: Tavi|Sneasler, M|100\/100\n|-ability|p1b: Chien-Pao|Sword of Ruin\n|turn|1\n|\n|t:|1697862126\n|-terastallize|p1a: Flutter Mane|Fairy\n|move|p2a: Miles|Tailwind|p2a: Miles\n|-sidestart|p2: DratiniKing10|move: Tailwind\n|move|p2b: Tavi|Dire Claw|p1a: Flutter Mane\n|-supereffective|p1a: Flutter Mane\n|-damage|p1a: Flutter Mane|0 fnt\n|faint|p1a: Flutter Mane\n|-end|p1a: Flutter Mane|Protosynthesis|[silent]\n|move|p1b: Chien-Pao|Ice Spinner|p2a: Miles\n|-supereffective|p2a: Miles\n|-damage|p2a: Miles|0 fnt\n|faint|p2a: Miles\n|\n|upkeep\n|\n|t:|1697862157\n|switch|p1a: Landorus|Landorus-Therian, M, shiny|100\/100\n|switch|p2a: &IHaveAnAxe|Kingambit, M, shiny|100\/100\n|-ability|p1a: Landorus|Intimidate|boost\n|-unboost|p2a: &IHaveAnAxe|atk|1\n|-ability|p2a: &IHaveAnAxe|Defiant|boost\n|-boost|p2a: &IHaveAnAxe|atk|2\n|-unboost|p2b: Tavi|atk|1\n|turn|2\n|\n|t:|1697862181\n|move|p2a: &IHaveAnAxe|Protect|p2a: &IHaveAnAxe\n|-singleturn|p2a: &IHaveAnAxe|Protect\n|move|p2b: Tavi|Close Combat|p1b: Chien-Pao\n|-supereffective|p1b: Chien-Pao\n|-enditem|p1b: Chien-Pao|Focus Sash\n|-damage|p1b: Chien-Pao|1\/100\n|-unboost|p2b: Tavi|def|1\n|-unboost|p2b: Tavi|spd|1\n|move|p1b: Chien-Pao|Sacred Sword|p2a: &IHaveAnAxe\n|-activate|p2a: &IHaveAnAxe|move: Protect\n|move|p1a: Landorus|Stomping Tantrum|p2b: Tavi\n|-supereffective|p2b: Tavi\n|-enditem|p2b: Tavi|Focus Sash\n|-damage|p2b: Tavi|1\/100\n|\n|upkeep\n|turn|3\n|\n|t:|1697862199\n|move|p1b: Chien-Pao|Sucker Punch|p2b: Tavi\n|-resisted|p2b: Tavi\n|-damage|p2b: Tavi|0 fnt\n|faint|p2b: Tavi\n|move|p2a: &IHaveAnAxe|Sucker Punch||[still]\n|-fail|p2a: &IHaveAnAxe\n|move|p1a: Landorus|Stomping Tantrum|p2a: &IHaveAnAxe\n|-supereffective|p2a: &IHaveAnAxe\n|-damage|p2a: &IHaveAnAxe|24\/100\n|\n|upkeep\n|\n|t:|1697862209\n|switch|p2b: Julica|Ogerpon-Wellspring, F|100\/100\n|turn|4\n|\n|t:|1697862218\n|move|p1b: Chien-Pao|Protect|p1b: Chien-Pao\n|-singleturn|p1b: Chien-Pao|Protect\n|move|p2a: &IHaveAnAxe|Protect|p2a: &IHaveAnAxe\n|-singleturn|p2a: &IHaveAnAxe|Protect\n|move|p2b: Julica|Ivy Cudgel|p1a: Landorus\n|-supereffective|p1a: Landorus\n|-damage|p1a: Landorus|0 fnt\n|faint|p1a: Landorus\n|\n|-sideend|p2: DratiniKing10|move: Tailwind\n|upkeep\n|\n|t:|1697862227\n|switch|p1a: Iron Hands|Iron Hands|100\/100\n|turn|5\n|\n|t:|1697862262\n|move|p1b: Chien-Pao|Sucker Punch|p2b: Julica\n|-damage|p2b: Julica|40\/100\n|move|p2b: Julica|Ivy Cudgel|p1a: Iron Hands\n|-damage|p1a: Iron Hands|43\/100\n|move|p1a: Iron Hands|Drain Punch|p2a: &IHaveAnAxe\n|-supereffective|p2a: &IHaveAnAxe\n|-damage|p2a: &IHaveAnAxe|0 fnt\n|-heal|p1a: Iron Hands|53\/100|[from] drain|[of] p2a: &IHaveAnAxe\n|faint|p2a: &IHaveAnAxe\n|\n|upkeep\n|\n|t:|1697862273\n|switch|p2a: Zach|Arcanine, M, shiny|100\/100\n|-ability|p2a: Zach|Intimidate|boost\n|-unboost|p1a: Iron Hands|atk|1\n|-unboost|p1b: Chien-Pao|atk|1\n|turn|6\n|\n|t:|1697862284\n|-terastallize|p2b: Julica|Water\n|detailschange|p2b: Julica|Ogerpon-Wellspring-Tera, F, tera:Water\n|-ability|p2b: Julica|Embody Aspect (Wellspring)|boost\n|-boost|p2b: Julica|spd|1\n|move|p1b: Chien-Pao|Protect|p1b: Chien-Pao\n|-singleturn|p1b: Chien-Pao|Protect\n|move|p2a: Zach|Extreme Speed|p1b: Chien-Pao\n|-activate|p1b: Chien-Pao|move: Protect\n|move|p2b: Julica|Ivy Cudgel|p1a: Iron Hands\n|-damage|p1a: Iron Hands|0 fnt\n|faint|p1a: Iron Hands\n|-end|p1a: Iron Hands|Quark Drive|[silent]\n|\n|upkeep\n|\n|t:|1697862299\n|switch|p1a: Ogerpon|Ogerpon-Wellspring, F|100\/100\n|turn|7\n|\n|t:|1697862314\n|move|p1a: Ogerpon|Spiky Shield|p1a: Ogerpon\n|-singleturn|p1a: Ogerpon|move: Protect\n|move|p2a: Zach|Extreme Speed|p1b: Chien-Pao\n|-damage|p1b: Chien-Pao|0 fnt\n|faint|p1b: Chien-Pao\n|move|p2b: Julica|Horn Leech|p1a: Ogerpon\n|-activate|p1a: Ogerpon|move: Protect\n|-damage|p2b: Julica|27\/100|[from] Spiky Shield|[of] p1a: Ogerpon\n|\n|upkeep\n|\n|t:|1697862323\n|switch|p1b: Amoonguss|Amoonguss, F|100\/100\n|turn|8\n|\n|t:|1697862330\n|move|p2a: Zach|Protect|p2a: Zach\n|-singleturn|p2a: Zach|Protect\n|move|p1b: Amoonguss|Rage Powder|p1b: Amoonguss\n|-singleturn|p1b: Amoonguss|move: Rage Powder\n|move|p1a: Ogerpon|Ivy Cudgel|p2a: Zach\n|-activate|p2a: Zach|move: Protect\n|move|p2b: Julica|Horn Leech|p1b: Amoonguss\n|-resisted|p1b: Amoonguss\n|-damage|p1b: Amoonguss|91\/100\n|-heal|p2b: Julica|34\/100|[from] drain|[of] p1b: Amoonguss\n|\n|upkeep\n|turn|9\n|\n|t:|1697862360\n|switch|p2a: MooseCraft|Ting-Lu|100\/100\n|-ability|p2a: MooseCraft|Vessel of Ruin\n|move|p1b: Amoonguss|Rage Powder|p1b: Amoonguss\n|-singleturn|p1b: Amoonguss|move: Rage Powder\n|move|p1a: Ogerpon|Ivy Cudgel|p2a: MooseCraft\n|-supereffective|p2a: MooseCraft\n|-damage|p2a: MooseCraft|43\/100\n|move|p2b: Julica|Horn Leech|p1b: Amoonguss\n|-resisted|p1b: Amoonguss\n|-damage|p1b: Amoonguss|82\/100\n|-heal|p2b: Julica|41\/100|[from] drain|[of] p1b: Amoonguss\n|-status|p2b: Julica|slp|[from] ability: Effect Spore|[of] p1b: Amoonguss\n|\n|-heal|p2a: MooseCraft|49\/100|[from] item: Leftovers\n|upkeep\n|turn|10\n|\n|t:|1697862380\n|move|p1b: Amoonguss|Rage Powder|p1b: Amoonguss\n|-singleturn|p1b: Amoonguss|move: Rage Powder\n|move|p1a: Ogerpon|Ivy Cudgel|p2a: MooseCraft\n|-supereffective|p2a: MooseCraft\n|-damage|p2a: MooseCraft|0 fnt\n|faint|p2a: MooseCraft\n|cant|p2b: Julica|slp\n|\n|upkeep\n|\n|t:|1697862386\n|switch|p2a: Zach|Arcanine, M, shiny|100\/100\n|-ability|p2a: Zach|Intimidate|boost\n|-unboost|p1a: Ogerpon|atk|1\n|-unboost|p1b: Amoonguss|atk|1\n|turn|11\n|\n|t:|1697862400\n|cant|p2b: Julica|slp\n|move|p1b: Amoonguss|Protect|p1b: Amoonguss\n|-singleturn|p1b: Amoonguss|Protect\n|move|p1a: Ogerpon|Taunt|p2a: Zach\n|-start|p2a: Zach|move: Taunt\n|move|p2a: Zach|Flare Blitz|p1b: Amoonguss\n|-activate|p1b: Amoonguss|move: Protect\n|\n|upkeep\n|turn|12\n|\n|t:|1697862416\n|-curestatus|p2b: Julica|slp|[msg]\n|move|p2b: Julica|Spiky Shield|p2b: Julica\n|-singleturn|p2b: Julica|move: Protect\n|move|p1a: Ogerpon|Ivy Cudgel|p2a: Zach\n|-supereffective|p2a: Zach\n|-damage|p2a: Zach|19\/100\n|-enditem|p2a: Zach|Figy Berry|[eat]\n|-heal|p2a: Zach|52\/100|[from] item: Figy Berry\n|move|p2a: Zach|Flare Blitz|p1b: Amoonguss\n|-supereffective|p1b: Amoonguss\n|-damage|p1b: Amoonguss|7\/100\n|-status|p1b: Amoonguss|brn\n|-enditem|p1b: Amoonguss|Sitrus Berry|[eat]\n|-heal|p1b: Amoonguss|32\/100 brn|[from] item: Sitrus Berry\n|-damage|p2a: Zach|24\/100|[from] Recoil\n|move|p1b: Amoonguss|Spore|p2b: Julica\n|-activate|p2b: Julica|move: Protect\n|\n|-damage|p1b: Amoonguss|26\/100 brn|[from] brn\n|upkeep\n|turn|13\n|\n|t:|1697862449\n|move|p1b: Amoonguss|Protect|p1b: Amoonguss\n|-singleturn|p1b: Amoonguss|Protect\n|move|p2a: Zach|Extreme Speed|p1b: Amoonguss\n|-activate|p1b: Amoonguss|move: Protect\n|move|p1a: Ogerpon|Ivy Cudgel|p2a: Zach\n|-supereffective|p2a: Zach\n|-damage|p2a: Zach|0 fnt\n|faint|p2a: Zach\n|move|p2b: Julica|Horn Leech|p1b: Amoonguss\n|-activate|p1b: Amoonguss|move: Protect\n|\n|-damage|p1b: Amoonguss|20\/100 brn|[from] brn\n|upkeep\n|turn|14\n|\n|t:|1697862469\n|move|p1a: Ogerpon|Quick Attack|p2b: Julica\n|-damage|p2b: Julica|27\/100\n|move|p2b: Julica|Horn Leech|p1a: Ogerpon\n|-damage|p1a: Ogerpon|41\/100\n|-heal|p2b: Julica|56\/100|[from] drain|[of] p1a: Ogerpon\n|move|p1b: Amoonguss|Spore|p2b: Julica\n|-status|p2b: Julica|slp|[from] move: Spore\n|\n|-damage|p1b: Amoonguss|14\/100 brn|[from] brn\n|upkeep\n|turn|15\n|\n|t:|1697862483\n|move|p1a: Ogerpon|Ivy Cudgel|p2b: Julica\n|-resisted|p2b: Julica\n|-crit|p2b: Julica\n|-damage|p2b: Julica|0 fnt\n|faint|p2b: Julica\n|\n|win|Final_EXE\n|raw|Final_EXE's rating: 1298 &rarr; <strong>1317<\/strong><br \/>(+19 for winning)\n|raw|DratiniKing10's rating: 1210 &rarr; <strong>1191<\/strong><br \/>(-19 for losing)\n","uploadtime":1697862489,"views":13,"p1id":"finalexe","p2id":"dratiniking10","formatid":"gen9doublesou","rating":1191,"private":0,"password":""}