{"id":"gen9doublesou-1990769674","p1":"klydeizac","p2":"Blue Syrius","format":"[Gen 9] Doubles OU","log":"|j|\u2606klydeizac\n|j|\u2606Blue Syrius\n|t:|1699999119\n|gametype|doubles\n|player|p1|klydeizac|170|1160\n|player|p2|Blue Syrius|youngster-gen4dp|1244\n|teamsize|p1|6\n|teamsize|p2|6\n|gen|9\n|tier|[Gen 9] Doubles OU\n|rated|\n|rule|Species Clause: Limit one of each Pok\u00e9mon\n|rule|OHKO Clause: OHKO moves are banned\n|rule|Evasion Moves Clause: Evasion moves are banned\n|rule|Gravity Sleep Clause: The combination of sleep-inducing moves with imperfect accuracy and Gravity or Gigantamax Orbeetle are banned\n|rule|Endless Battle Clause: Forcing endless battles is banned\n|rule|HP Percentage Mod: HP is shown in percentages\n|clearpoke\n|poke|p1|Fezandipiti, M|\n|poke|p1|Scream Tail|\n|poke|p1|Grimmsnarl, M|\n|poke|p1|Enamorus, F|\n|poke|p1|Iron Valiant|\n|poke|p1|Flutter Mane|\n|poke|p2|Ninetales-Alola, F|\n|poke|p2|Munkidori, M|\n|poke|p2|Slowking-Galar, F|\n|poke|p2|Flutter Mane|\n|poke|p2|Roaring Moon|\n|poke|p2|Maushold|\n|teampreview\n|inactive|Battle timer is ON: inactive players will automatically lose when time's up. (requested by Blue Syrius)\n|\n|t:|1699999133\n|start\n|switch|p1a: Grimmsnarl|Grimmsnarl, M, shiny|100\/100\n|switch|p1b: Scream Tail|Scream Tail, shiny|100\/100\n|switch|p2a: Monkey D. Dori|Munkidori, M|100\/100\n|switch|p2b: MC Slowman|Slowking-Galar, F, shiny|100\/100\n|turn|1\n|\n|t:|1699999156\n|move|p2a: Monkey D. Dori|Fake Out|p1a: Grimmsnarl\n|-damage|p1a: Grimmsnarl|92\/100\n|cant|p1a: Grimmsnarl|flinch\n|move|p1b: Scream Tail|Perish Song|p1b: Scream Tail\n|-start|p1a: Grimmsnarl|perish3|[silent]\n|-start|p1b: Scream Tail|perish3|[silent]\n|-start|p2a: Monkey D. Dori|perish3|[silent]\n|-start|p2b: MC Slowman|perish3|[silent]\n|-fieldactivate|move: Perish Song\n|move|p2b: MC Slowman|Yawn|p1b: Scream Tail\n|-start|p1b: Scream Tail|move: Yawn|[of] p2b: MC Slowman\n|\n|-start|p2a: Monkey D. Dori|perish3\n|-start|p1b: Scream Tail|perish3\n|-start|p1a: Grimmsnarl|perish3\n|-start|p2b: MC Slowman|perish3\n|upkeep\n|turn|2\n|\n|t:|1699999182\n|switch|p2b: Mickey Mause|Maushold|100\/100\n|move|p1a: Grimmsnarl|Reflect|p1a: Grimmsnarl\n|-sidestart|p1: klydeizac|Reflect\n|move|p2a: Monkey D. Dori|Parting Shot|p1b: Scream Tail\n|-unboost|p1b: Scream Tail|atk|1\n|-unboost|p1b: Scream Tail|spa|1\n|inactive|Blue Syrius has 120 seconds left.\n|\n|t:|1699999198\n|switch|p2a: MC Slowman|Slowking-Galar, F, shiny|100\/100|[from] Parting Shot\n|move|p1b: Scream Tail|Stealth Rock|p2b: Mickey Mause\n|-sidestart|p2: Blue Syrius|move: Stealth Rock\n|\n|-end|p1b: Scream Tail|move: Yawn|[silent]\n|-status|p1b: Scream Tail|slp\n|-start|p1b: Scream Tail|perish2\n|-start|p1a: Grimmsnarl|perish2\n|upkeep\n|turn|3\n|\n|t:|1699999218\n|-end|p1b: Scream Tail|Protosynthesis|[silent]\n|switch|p1b: Fezandipiti|Fezandipiti, M|100\/100\n|move|p1a: Grimmsnarl|Trick|p2b: Mickey Mause\n|-activate|p1a: Grimmsnarl|move: Trick|[of] p2b: Mickey Mause\n|-item|p2b: Mickey Mause|Lagging Tail|[from] move: Trick\n|-item|p1a: Grimmsnarl|Wide Lens|[from] move: Trick\n|move|p2b: Mickey Mause|Tidy Up|p2b: Mickey Mause\n|-sideend|p2: Blue Syrius|Stealth Rock\n|-activate|p2b: Mickey Mause|move: Tidy Up\n|-boost|p2b: Mickey Mause|atk|1\n|-boost|p2b: Mickey Mause|spe|1\n|move|p2a: MC Slowman|Yawn|p1a: Grimmsnarl\n|-start|p1a: Grimmsnarl|move: Yawn|[of] p2a: MC Slowman\n|\n|-start|p1a: Grimmsnarl|perish1\n|upkeep\n|turn|4\n|inactive|klydeizac has 120 seconds left.\n|\n|t:|1699999258\n|switch|p1a: Scream Tail|Scream Tail, shiny|100\/100 slp\n|move|p1b: Fezandipiti|Tailwind|p1b: Fezandipiti\n|-sidestart|p1: klydeizac|move: Tailwind\n|move|p2a: MC Slowman|Icy Wind|p1a: Scream Tail|[spread] p1a,p1b\n|-damage|p1a: Scream Tail|95\/100 slp\n|-damage|p1b: Fezandipiti|94\/100\n|-unboost|p1a: Scream Tail|spe|1\n|-unboost|p1b: Fezandipiti|spe|1\n|move|p2b: Mickey Mause|Population Bomb|p1b: Fezandipiti\n|-damage|p1b: Fezandipiti|82\/100\n|-damage|p1b: Fezandipiti|71\/100\n|-damage|p1b: Fezandipiti|60\/100\n|-damage|p1b: Fezandipiti|51\/100\n|-damage|p1b: Fezandipiti|40\/100\n|-damage|p1b: Fezandipiti|30\/100\n|-damage|p1b: Fezandipiti|19\/100\n|-enditem|p1b: Fezandipiti|Aguav Berry|[eat]\n|-heal|p1b: Fezandipiti|53\/100|[from] item: Aguav Berry\n|-hitcount|p1b: Fezandipiti|7\n|\n|upkeep\n|turn|5\n|inactive|klydeizac has 120 seconds left.\n|inactive|Blue Syrius has 120 seconds left.\n|\n|t:|1699999295\n|cant|p1a: Scream Tail|slp\n|move|p1b: Fezandipiti|Acid Spray|p2b: Mickey Mause\n|-damage|p2b: Mickey Mause|79\/100\n|-unboost|p2b: Mickey Mause|spd|2\n|move|p2a: MC Slowman|Yawn|p1b: Fezandipiti\n|-start|p1b: Fezandipiti|move: Yawn|[of] p2a: MC Slowman\n|move|p2b: Mickey Mause|Population Bomb|p1b: Fezandipiti\n|-damage|p1b: Fezandipiti|43\/100\n|-damage|p1b: Fezandipiti|32\/100\n|-damage|p1b: Fezandipiti|22\/100\n|-damage|p1b: Fezandipiti|11\/100\n|-damage|p1b: Fezandipiti|1\/100\n|-damage|p1b: Fezandipiti|0 fnt\n|faint|p1b: Fezandipiti\n|-hitcount|p1: Fezandipiti|6\n|\n|upkeep\n|inactive|klydeizac has 90 seconds left.\n|\n|t:|1699999316\n|switch|p1b: Grimmsnarl|Grimmsnarl, M, shiny|92\/100\n|turn|6\n|\n|t:|1699999333\n|move|p1b: Grimmsnarl|Fake Out|p2a: MC Slowman\n|-damage|p2a: MC Slowman|89\/100\n|cant|p1a: Scream Tail|slp\n|cant|p2a: MC Slowman|flinch\n|move|p2b: Mickey Mause|Population Bomb|p1b: Grimmsnarl\n|-damage|p1b: Grimmsnarl|77\/100\n|-damage|p1b: Grimmsnarl|63\/100\n|-damage|p1b: Grimmsnarl|50\/100\n|-damage|p1b: Grimmsnarl|37\/100\n|-damage|p1b: Grimmsnarl|25\/100\n|-damage|p1b: Grimmsnarl|11\/100\n|-damage|p1b: Grimmsnarl|0 fnt\n|faint|p1b: Grimmsnarl\n|-hitcount|p1: Grimmsnarl|7\n|\n|-sideend|p1: klydeizac|Reflect\n|upkeep\n|inactive|klydeizac has 90 seconds left.\n|inactive|klydeizac has 60 seconds left.\n|\n|t:|1699999379\n|switch|p1b: Enamorus|Enamorus, F|100\/100\n|turn|7\n|\n|t:|1699999390\n|move|p1b: Enamorus|Superpower|p2b: Mickey Mause\n|-supereffective|p2b: Mickey Mause\n|-damage|p2b: Mickey Mause|0 fnt\n|-boost|p1b: Enamorus|atk|1\n|-boost|p1b: Enamorus|def|1\n|faint|p2b: Mickey Mause\n|-curestatus|p1a: Scream Tail|slp|[msg]\n|move|p1a: Scream Tail|Sunny Day|p1a: Scream Tail\n|-weather|SunnyDay\n|-activate|p1a: Scream Tail|ability: Protosynthesis\n|-start|p1a: Scream Tail|protosynthesisspd\n|move|p2a: MC Slowman|Acid Spray|p1b: Enamorus\n|-supereffective|p1b: Enamorus\n|-damage|p1b: Enamorus|67\/100\n|-boost|p1b: Enamorus|spd|2\n|\n|-weather|SunnyDay|[upkeep]\n|-sideend|p1: klydeizac|move: Tailwind\n|upkeep\n|\n|t:|1699999409\n|switch|p2b: 69 Tales|Ninetales-Alola, F, shiny|100\/100\n|-weather|Snow|[from] ability: Snow Warning|[of] p2b: 69 Tales\n|-end|p1a: Scream Tail|Protosynthesis\n|turn|8\n|inactive|klydeizac has 90 seconds left.\n|inactive|klydeizac has 60 seconds left.\n|\n|t:|1699999476\n|move|p2b: 69 Tales|Blizzard|p1a: Scream Tail|[spread] p1a,p1b\n|-supereffective|p1b: Enamorus\n|-damage|p1a: Scream Tail|75\/100\n|-damage|p1b: Enamorus|35\/100\n|move|p1b: Enamorus|Superpower|p2b: 69 Tales\n|-damage|p2b: 69 Tales|55\/100\n|-boost|p1b: Enamorus|atk|1\n|-boost|p1b: Enamorus|def|1\n|move|p1a: Scream Tail|Stealth Rock|p2b: 69 Tales\n|-sidestart|p2: Blue Syrius|move: Stealth Rock\n|move|p2a: MC Slowman|Yawn|p1b: Enamorus\n|-start|p1b: Enamorus|move: Yawn|[of] p2a: MC Slowman\n|\n|-weather|Snow|[upkeep]\n|upkeep\n|turn|9\n|inactive|klydeizac has 60 seconds left.\n|\n|t:|1699999503\n|move|p2b: 69 Tales|Aurora Veil|p2b: 69 Tales\n|-sidestart|p2: Blue Syrius|move: Aurora Veil\n|move|p1b: Enamorus|Superpower|p2b: 69 Tales\n|-damage|p2b: 69 Tales|17\/100\n|-boost|p1b: Enamorus|atk|1\n|-boost|p1b: Enamorus|def|1\n|move|p1a: Scream Tail|Perish Song|p1a: Scream Tail\n|-start|p1a: Scream Tail|perish3|[silent]\n|-start|p1b: Enamorus|perish3|[silent]\n|-start|p2a: MC Slowman|perish3|[silent]\n|-start|p2b: 69 Tales|perish3|[silent]\n|-fieldactivate|move: Perish Song\n|move|p2a: MC Slowman|Heal Pulse|p2b: 69 Tales\n|-heal|p2b: 69 Tales|67\/100\n|\n|-weather|Snow|[upkeep]\n|-end|p1b: Enamorus|move: Yawn|[silent]\n|-status|p1b: Enamorus|slp\n|-start|p2b: 69 Tales|perish3\n|-start|p1b: Enamorus|perish3\n|-start|p1a: Scream Tail|perish3\n|-start|p2a: MC Slowman|perish3\n|upkeep\n|turn|10\n|inactive|klydeizac has 60 seconds left.\n|\n|t:|1699999525\n|switch|p1b: Flutter Mane|Flutter Mane, shiny|100\/100\n|move|p2b: 69 Tales|Blizzard|p1a: Scream Tail|[spread] p1a,p1b\n|-damage|p1a: Scream Tail|57\/100\n|-damage|p1b: Flutter Mane|67\/100\n|move|p1a: Scream Tail|Sunny Day|p1a: Scream Tail\n|-weather|SunnyDay\n|-activate|p1b: Flutter Mane|ability: Protosynthesis\n|-start|p1b: Flutter Mane|protosynthesisspa\n|-activate|p1a: Scream Tail|ability: Protosynthesis\n|-start|p1a: Scream Tail|protosynthesisspd\n|move|p2a: MC Slowman|Acid Spray|p1a: Scream Tail\n|-supereffective|p1a: Scream Tail\n|-damage|p1a: Scream Tail|43\/100\n|-unboost|p1a: Scream Tail|spd|2\n|\n|-weather|SunnyDay|[upkeep]\n|-start|p2b: 69 Tales|perish2\n|-start|p1a: Scream Tail|perish2\n|-start|p2a: MC Slowman|perish2\n|upkeep\n|turn|11\n|inactive|klydeizac has 60 seconds left.\n|inactive|Blue Syrius has 120 seconds left.\n|inactive|klydeizac has 30 seconds left.\n|inactive|klydeizac has 20 seconds left.\n|inactive|klydeizac has 15 seconds left.\n|\n|t:|1699999584\n|-terastallize|p1b: Flutter Mane|Fire\n|move|p1b: Flutter Mane|Mystical Fire|p2b: 69 Tales\n|-supereffective|p2b: 69 Tales\n|-damage|p2b: 69 Tales|0 fnt\n|faint|p2b: 69 Tales\n|move|p1a: Scream Tail|Disable|p2a: MC Slowman\n|-start|p2a: MC Slowman|Disable|Acid Spray\n|cant|p2a: MC Slowman|Disable|Acid Spray\n|\n|-weather|SunnyDay|[upkeep]\n|-start|p1a: Scream Tail|perish1\n|-start|p2a: MC Slowman|perish1\n|upkeep\n|inactive|klydeizac has 20 seconds left this turn.\n|inactive|Blue Syrius has 90 seconds left.\n|\n|t:|1699999601\n|switch|p2b: Monkey D. Dori|Munkidori, M|100\/100\n|-damage|p2b: Monkey D. Dori|88\/100|[from] Stealth Rock\n|turn|12\n|\n|t:|1699999617\n|-end|p1a: Scream Tail|Protosynthesis|[silent]\n|switch|p1a: Enamorus|Enamorus, F|35\/100 slp\n|switch|p2a: Moaning Roar|Roaring Moon|100\/100\n|-damage|p2a: Moaning Roar|88\/100|[from] Stealth Rock\n|-activate|p2a: Moaning Roar|ability: Protosynthesis\n|-start|p2a: Moaning Roar|protosynthesisatk\n|move|p1b: Flutter Mane|Protect|p1b: Flutter Mane\n|-singleturn|p1b: Flutter Mane|Protect\n|move|p2b: Monkey D. Dori|Psyshock|p1b: Flutter Mane\n|-activate|p1b: Flutter Mane|move: Protect\n|\n|-weather|SunnyDay|[upkeep]\n|upkeep\n|turn|13\n|inactive|Blue Syrius has 120 seconds left.\n|inactive|klydeizac has 30 seconds left.\n|\n|t:|1699999649\n|move|p2a: Moaning Roar|Rock Slide|p1a: Enamorus|[spread] p1a,p1b\n|-supereffective|p1a: Enamorus\n|-crit|p1a: Enamorus\n|-supereffective|p1b: Flutter Mane\n|-damage|p1a: Enamorus|0 fnt\n|-damage|p1b: Flutter Mane|0 fnt\n|faint|p1a: Enamorus\n|faint|p1b: Flutter Mane\n|-end|p1b: Flutter Mane|Protosynthesis|[silent]\n|move|p2b: Monkey D. Dori|Psyshock|p1: Enamorus|[notarget]\n|-fail|p2b: Monkey D. Dori\n|\n|-weather|SunnyDay|[upkeep]\n|upkeep\n|inactive|klydeizac has 30 seconds left.\n|\n|t:|1699999659\n|switch|p1b: Scream Tail|Scream Tail, shiny|43\/100\n|switch|p1a: Iron Valiant|Iron Valiant, shiny|100\/100\n|-activate|p1b: Scream Tail|ability: Protosynthesis\n|-start|p1b: Scream Tail|protosynthesisspd\n|turn|14\n|-message|klydeizac forfeited.\n|\n|win|Blue Syrius\n|raw|klydeizac's rating: 1160 &rarr; <strong>1141<\/strong><br \/>(-19 for losing)\n|raw|Blue Syrius's rating: 1244 &rarr; <strong>1263<\/strong><br \/>(+19 for winning)\n|l|\u2606klydeizac\n","uploadtime":1699999669,"views":4,"p1id":"klydeizac","p2id":"bluesyrius","formatid":"gen9doublesou","rating":1141,"private":0,"password":""}