{"id":"gen9doublesou-1988748570","p1":"Joojosias","p2":"carambolo","format":"[Gen 9] Doubles OU","log":"|j|\u2606Joojosias\n|j|\u2606carambolo\n|t:|1699758134\n|gametype|doubles\n|player|p1|Joojosias|265|1515\n|player|p2|carambolo|102|1529\n|teamsize|p1|6\n|teamsize|p2|6\n|gen|9\n|tier|[Gen 9] Doubles OU\n|rated|\n|rule|Species Clause: Limit one of each Pok\u00e9mon\n|rule|OHKO Clause: OHKO moves are banned\n|rule|Evasion Moves Clause: Evasion moves are banned\n|rule|Gravity Sleep Clause: The combination of sleep-inducing moves with imperfect accuracy and Gravity or Gigantamax Orbeetle are banned\n|rule|Endless Battle Clause: Forcing endless battles is banned\n|rule|HP Percentage Mod: HP is shown in percentages\n|clearpoke\n|poke|p1|Tornadus, M|\n|poke|p1|Landorus-Therian, M|\n|poke|p1|Farigiraf, F|\n|poke|p1|Kommo-o, F|\n|poke|p1|Flutter Mane|\n|poke|p1|Sinistcha|\n|poke|p2|Spiritomb, M|\n|poke|p2|Gastrodon, M|\n|poke|p2|Kingambit, M|\n|poke|p2|Hatterene, F|\n|poke|p2|Armarouge, F|\n|poke|p2|Kommo-o, M|\n|teampreview\n|inactive|Battle timer is ON: inactive players will automatically lose when time's up. (requested by Joojosias)\n|\n|t:|1699758158\n|start\n|switch|p1a: Tornadus|Tornadus, M|100\/100\n|switch|p1b: Farigiraf|Farigiraf, F|100\/100\n|switch|p2a: Spektro|Spiritomb, M|100\/100\n|switch|p2b: Gre\u00f1as|Hatterene, F|100\/100\n|-ability|p2a: Spektro|Pressure\n|turn|1\n|\n|t:|1699758178\n|move|p1a: Tornadus|Tailwind|p1a: Tornadus\n|-sidestart|p1: Joojosias|move: Tailwind\n|move|p1b: Farigiraf|Imprison|p1b: Farigiraf\n|-start|p1b: Farigiraf|move: Imprison\n|move|p2a: Spektro|Snarl|p1a: Tornadus|[spread] p1a,p1b\n|-supereffective|p1b: Farigiraf\n|-damage|p1a: Tornadus|86\/100\n|-damage|p1b: Farigiraf|75\/100\n|-unboost|p1a: Tornadus|spa|1\n|-unboost|p1b: Farigiraf|spa|1\n|move|p2b: Gre\u00f1as|Dazzling Gleam|p1b: Farigiraf|[spread] p1a,p1b\n|-damage|p1a: Tornadus|55\/100\n|-damage|p1b: Farigiraf|46\/100\n|\n|-heal|p1b: Farigiraf|52\/100|[from] item: Leftovers\n|upkeep\n|turn|2\n|\n|t:|1699758202\n|move|p1b: Farigiraf|Protect|p1b: Farigiraf\n|-singleturn|p1b: Farigiraf|Protect\n|move|p1a: Tornadus|Bleakwind Storm|p2b: Gre\u00f1as|[spread] p2a,p2b\n|-damage|p2a: Spektro|77\/100\n|-damage|p2b: Gre\u00f1as|72\/100\n|move|p2a: Spektro|Snarl|p1a: Tornadus|[spread] p1a\n|-activate|p1b: Farigiraf|move: Protect\n|-damage|p1a: Tornadus|40\/100\n|-unboost|p1a: Tornadus|spa|1\n|-enditem|p1a: Tornadus|Sitrus Berry|[eat]\n|-heal|p1a: Tornadus|65\/100|[from] item: Sitrus Berry\n|move|p2b: Gre\u00f1as|Dazzling Gleam|p1b: Farigiraf|[spread] p1a\n|-activate|p1b: Farigiraf|move: Protect\n|-damage|p1a: Tornadus|31\/100\n|\n|-heal|p1b: Farigiraf|58\/100|[from] item: Leftovers\n|-heal|p2a: Spektro|83\/100|[from] item: Leftovers\n|upkeep\n|turn|3\n|\n|t:|1699758225\n|-terastallize|p1b: Farigiraf|Fairy\n|move|p1a: Tornadus|Bleakwind Storm|p2a: Spektro|[spread] p2a,p2b\n|-damage|p2a: Spektro|67\/100\n|-damage|p2b: Gre\u00f1as|51\/100\n|move|p1b: Farigiraf|Hyper Voice|p2b: Gre\u00f1as|[spread] p2b\n|-immune|p2a: Spektro\n|-damage|p2b: Gre\u00f1as|33\/100\n|move|p2a: Spektro|Snarl|p1b: Farigiraf|[spread] p1a,p1b\n|-resisted|p1b: Farigiraf\n|-damage|p1a: Tornadus|17\/100\n|-damage|p1b: Farigiraf|52\/100\n|-unboost|p1a: Tornadus|spa|1\n|-unboost|p1b: Farigiraf|spa|1\n|move|p2b: Gre\u00f1as|Dazzling Gleam|p1a: Tornadus|[spread] p1a,p1b\n|-damage|p1a: Tornadus|0 fnt\n|-damage|p1b: Farigiraf|26\/100\n|faint|p1a: Tornadus\n|\n|-heal|p1b: Farigiraf|32\/100|[from] item: Leftovers\n|-heal|p2a: Spektro|72\/100|[from] item: Leftovers\n|upkeep\n|inactive|Joojosias has 120 seconds left.\n|\n|t:|1699758245\n|switch|p1a: Flutter Mane|Flutter Mane|100\/100\n|-enditem|p1a: Flutter Mane|Booster Energy\n|-activate|p1a: Flutter Mane|ability: Protosynthesis|[fromitem]\n|-start|p1a: Flutter Mane|protosynthesisspa\n|turn|4\n|\n|t:|1699758262\n|move|p1b: Farigiraf|Protect|p1b: Farigiraf\n|-singleturn|p1b: Farigiraf|Protect\n|move|p1a: Flutter Mane|Dazzling Gleam|p2a: Spektro|[spread] p2a,p2b\n|-supereffective|p2a: Spektro\n|-damage|p2a: Spektro|1\/100\n|-damage|p2b: Gre\u00f1as|0 fnt\n|faint|p2b: Gre\u00f1as\n|move|p2a: Spektro|Snarl|p1a: Flutter Mane|[spread] p1a\n|-activate|p1b: Farigiraf|move: Protect\n|-damage|p1a: Flutter Mane|89\/100\n|-unboost|p1a: Flutter Mane|spa|1\n|\n|-heal|p1b: Farigiraf|38\/100|[from] item: Leftovers\n|-heal|p2a: Spektro|7\/100|[from] item: Leftovers\n|-sideend|p1: Joojosias|move: Tailwind\n|upkeep\n|\n|t:|1699758272\n|switch|p2b: Bigotes|Kingambit, M|100\/100\n|turn|5\n|\n|t:|1699758288\n|move|p2b: Bigotes|Sucker Punch||[still]\n|cant|p1b: Farigiraf|ability: Armor Tail|Sucker Punch|[of] p2b: Bigotes\n|move|p1a: Flutter Mane|Dazzling Gleam|p2a: Spektro|[spread] p2a,p2b\n|-supereffective|p2a: Spektro\n|-damage|p2a: Spektro|0 fnt\n|-damage|p2b: Bigotes|84\/100\n|faint|p2a: Spektro\n|move|p1b: Farigiraf|Hyper Voice|p2b: Bigotes\n|-resisted|p2b: Bigotes\n|-damage|p2b: Bigotes|79\/100\n|\n|-heal|p1b: Farigiraf|44\/100|[from] item: Leftovers\n|upkeep\n|\n|t:|1699758311\n|switch|p2a: Kommo-o|Kommo-o, M|100\/100\n|turn|6\n|\n|t:|1699758324\n|-terastallize|p2a: Kommo-o|Steel\n|move|p1b: Farigiraf|Protect|p1b: Farigiraf\n|-singleturn|p1b: Farigiraf|Protect\n|move|p1a: Flutter Mane|Moonblast|p2a: Kommo-o\n|-resisted|p2a: Kommo-o\n|-damage|p2a: Kommo-o|80\/100\n|-unboost|p2a: Kommo-o|spa|1\n|move|p2a: Kommo-o|Clangorous Soul|p2a: Kommo-o\n|-boost|p2a: Kommo-o|atk|1\n|-boost|p2a: Kommo-o|def|1\n|-boost|p2a: Kommo-o|spa|1\n|-boost|p2a: Kommo-o|spd|1\n|-boost|p2a: Kommo-o|spe|1\n|-damage|p2a: Kommo-o|47\/100\n|-enditem|p2a: Kommo-o|Sitrus Berry|[eat]\n|-heal|p2a: Kommo-o|72\/100|[from] item: Sitrus Berry\n|move|p2b: Bigotes|Iron Head|p1a: Flutter Mane\n|-supereffective|p1a: Flutter Mane\n|-damage|p1a: Flutter Mane|0 fnt\n|faint|p1a: Flutter Mane\n|-end|p1a: Flutter Mane|Protosynthesis|[silent]\n|\n|-heal|p1b: Farigiraf|50\/100|[from] item: Leftovers\n|upkeep\n|\n|t:|1699758343\n|switch|p1a: Landorus|Landorus-Therian, M|100\/100\n|-ability|p1a: Landorus|Intimidate|boost\n|-unboost|p2a: Kommo-o|atk|1\n|-unboost|p2b: Bigotes|atk|1\n|-ability|p2b: Bigotes|Defiant|boost\n|-boost|p2b: Bigotes|atk|2\n|turn|7\n|\n|t:|1699758360\n|move|p2a: Kommo-o|Iron Head|p1b: Farigiraf\n|-supereffective|p1b: Farigiraf\n|-damage|p1b: Farigiraf|0 fnt\n|faint|p1b: Farigiraf\n|move|p1a: Landorus|Stomping Tantrum|p2a: Kommo-o\n|-supereffective|p2a: Kommo-o\n|-damage|p2a: Kommo-o|18\/100\n|move|p2b: Bigotes|Kowtow Cleave|p1a: Landorus\n|-damage|p1a: Landorus|21\/100\n|\n|upkeep\n|\n|t:|1699758371\n|switch|p1b: Kommo-o|Kommo-o, F|100\/100\n|turn|8\n|\n|t:|1699758388\n|move|p1b: Kommo-o|Protect|p1b: Kommo-o\n|-singleturn|p1b: Kommo-o|Protect\n|move|p2b: Bigotes|Sucker Punch|p1a: Landorus\n|-damage|p1a: Landorus|0 fnt\n|faint|p1a: Landorus\n|move|p2a: Kommo-o|Dragon Claw|p1b: Kommo-o\n|-activate|p1b: Kommo-o|move: Protect\n|\n|upkeep\n|\n|t:|1699758397\n|switch|p1a: Sinistcha|Sinistcha|100\/100\n|turn|9\n|\n|t:|1699758421\n|move|p1a: Sinistcha|Rage Powder|p1a: Sinistcha\n|-singleturn|p1a: Sinistcha|move: Rage Powder\n|move|p2b: Bigotes|Sucker Punch||[still]\n|-fail|p2b: Bigotes\n|move|p2a: Kommo-o|Dragon Claw|p1b: Kommo-o\n|-supereffective|p1b: Kommo-o\n|-damage|p1b: Kommo-o|23\/100\n|move|p1b: Kommo-o|Clangorous Soul||[still]\n|-fail|p1b: Kommo-o\n|\n|upkeep\n|turn|10\n|c|\u2606Joojosias|wait\n|c|\u2606Joojosias|now I may not be the best at math\n|inactive|Joojosias has 120 seconds left.\n|c|\u2606Joojosias|but\n|c|\u2606Joojosias|howd u get past rage powder\n|c|\u2606carambolo|Yo hablo espa\u00f1ol, no entiendo\n|inactiveoff|Battle timer is now OFF.\n|inactive|Battle timer is ON: inactive players will automatically lose when time's up. (requested by carambolo)\n|c|\u2606carambolo|XD\n|inactive|Joojosias has 90 seconds left.\n|c|\u2606carambolo|Hay m\u00e1s honor en la derrota\n|c|\u2606Joojosias|\u00bfC\u00f3mo superaste el polvo de ira?\n|inactive|Joojosias has 60 seconds left.\n|c|\u2606carambolo|Ah\n|c|\u2606carambolo|Es que el Kommo-o trae la habilidad oculta\n|inactive|Joojosias has 30 seconds left.\n|c|\u2606carambolo|Y es inmune a esporas y polvo ir\u00e1\n|inactiveoff|Battle timer is now OFF.\n|c|\u2606Joojosias|OOOOOOOOOO\n|c|\u2606carambolo|Por eso lo traigo, para evitar esas cosas molestas\n|inactive|Battle timer is ON: inactive players will automatically lose when time's up. (requested by carambolo)\n|inactive|Joojosias has 30 seconds left this turn.\n|inactiveoff|Battle timer is now OFF.\n|c|\u2606Joojosias|La m\u00eda es a prueba de balas Olvid\u00e9 que ten\u00eda esa habilida\n|c|\u2606carambolo|Es m\u00e1s \u00fatil con la habilidad oculta, al menos en dobles\n|c|\u2606Joojosias|S\u00ed, estoy cambiando despu\u00e9s de esto, solo pierdo ahora.\n|c|\u2606Joojosias|GGs\n|c|\u2606carambolo|Gg\n|-message|Joojosias forfeited.\n|\n|win|carambolo\n|raw|Joojosias's rating: 1515 &rarr; <strong>1496<\/strong><br \/>(-19 for losing)\n|raw|carambolo's rating: 1529 &rarr; <strong>1548<\/strong><br \/>(+19 for winning)\n|l|\u2606Joojosias\n","uploadtime":1699758734,"views":12,"p1id":"joojosias","p2id":"carambolo","formatid":"gen9doublesou","rating":1496,"private":0,"password":""}