{"id":"gen9doublesou-1976539512","p1":"GrubInTub","p2":"EkCantDrawLol","format":"[Gen 9] Doubles OU","log":"|j|\u2606GrubInTub\n|j|\u2606EkCantDrawLol\n|t:|1698319232\n|gametype|doubles\n|player|p1|GrubInTub|unknown|1593\n|player|p2|EkCantDrawLol|skierf|1592\n|teamsize|p1|6\n|teamsize|p2|6\n|gen|9\n|tier|[Gen 9] Doubles OU\n|rated|\n|rule|Species Clause: Limit one of each Pok\u00e9mon\n|rule|OHKO Clause: OHKO moves are banned\n|rule|Evasion Moves Clause: Evasion moves are banned\n|rule|Gravity Sleep Clause: The combination of sleep-inducing moves with imperfect accuracy and Gravity or Gigantamax Orbeetle are banned\n|rule|Endless Battle Clause: Forcing endless battles is banned\n|rule|HP Percentage Mod: HP is shown in percentages\n|clearpoke\n|poke|p1|Torkoal, L99, M|\n|poke|p1|Walking Wake|\n|poke|p1|Roaring Moon|\n|poke|p1|Indeedee-F, F|\n|poke|p1|Orthworm, F|\n|poke|p1|Flutter Mane|\n|poke|p2|Kommo-o, F|\n|poke|p2|Tyranitar, M|\n|poke|p2|Flutter Mane|\n|poke|p2|Tornadus, M|\n|poke|p2|Amoonguss, F|\n|poke|p2|Ursaluna, F|\n|teampreview\n|c|\u2606GrubInTub|gl\n|\n|t:|1698319265\n|start\n|switch|p1a: Torkoal|Torkoal, L99, M|100\/100\n|switch|p1b: Walking Wake|Walking Wake|100\/100\n|switch|p2a: Flutter Mane|Flutter Mane, shiny|100\/100\n|switch|p2b: Tornadus|Tornadus, M, shiny|100\/100\n|-weather|SunnyDay|[from] ability: Drought|[of] p1a: Torkoal\n|-activate|p2a: Flutter Mane|ability: Protosynthesis\n|-start|p2a: Flutter Mane|protosynthesisspe\n|-activate|p1b: Walking Wake|ability: Protosynthesis\n|-start|p1b: Walking Wake|protosynthesisspe\n|turn|1\n|\n|t:|1698319278\n|-terastallize|p1b: Walking Wake|Fairy\n|-terastallize|p2b: Tornadus|Flying\n|move|p2a: Flutter Mane|Protect|p2a: Flutter Mane\n|-singleturn|p2a: Flutter Mane|Protect\n|move|p1b: Walking Wake|Hydro Steam|p2a: Flutter Mane\n|-activate|p2a: Flutter Mane|move: Protect\n|move|p2b: Tornadus|Bleakwind Storm|p1b: Walking Wake|[spread] p1a,p1b\n|-damage|p1a: Torkoal|36\/100\n|-damage|p1b: Walking Wake|42\/100\n|move|p1a: Torkoal|Eruption|p2a: Flutter Mane|[spread] p2b\n|-activate|p2a: Flutter Mane|move: Protect\n|-crit|p2b: Tornadus\n|-damage|p2b: Tornadus|47\/100\n|\n|-weather|SunnyDay|[upkeep]\n|upkeep\n|turn|2\n|\n|t:|1698319297\n|switch|p1a: Indeedee|Indeedee-F, F|100\/100\n|-fieldstart|move: Psychic Terrain|[from] ability: Psychic Surge|[of] p1a: Indeedee\n|move|p2b: Tornadus|Tailwind|p2b: Tornadus\n|-sidestart|p2: EkCantDrawLol|move: Tailwind\n|move|p2a: Flutter Mane|Moonblast|p1b: Walking Wake\n|-damage|p1b: Walking Wake|0 fnt\n|faint|p1b: Walking Wake\n|-end|p1b: Walking Wake|Protosynthesis|[silent]\n|\n|-weather|SunnyDay|[upkeep]\n|upkeep\n|\n|t:|1698319309\n|switch|p1b: Orthworm|Orthworm, F|100\/100\n|turn|3\n|\n|t:|1698319320\n|-end|p2a: Flutter Mane|Protosynthesis|[silent]\n|switch|p2a: Amoonguss|Amoonguss, F, shiny|100\/100\n|move|p2b: Tornadus|Bleakwind Storm|p1a: Indeedee|[spread] p1a,p1b\n|-resisted|p1b: Orthworm\n|-damage|p1a: Indeedee|49\/100\n|-damage|p1b: Orthworm|59\/100\n|move|p1b: Orthworm|Heavy Slam|p2a: Amoonguss\n|-damage|p2a: Amoonguss|77\/100\n|move|p1a: Indeedee|Trick Room|p1a: Indeedee\n|-fieldstart|move: Trick Room|[of] p1a: Indeedee\n|\n|-weather|SunnyDay|[upkeep]\n|-heal|p1b: Orthworm|65\/100|[from] item: Leftovers\n|upkeep\n|turn|4\n|\n|t:|1698319339\n|move|p2a: Amoonguss|Pollen Puff|p2b: Tornadus\n|-heal|p2b: Tornadus|97\/100\n|move|p1b: Orthworm|Shed Tail|p1b: Orthworm\n|-start|p1b: Orthworm|Substitute|[from] move: Shed Tail\n|-damage|p1b: Orthworm|15\/100\n|\n|t:|1698319352\n|switch|p1b: Roaring Moon|Roaring Moon|100\/100|[from] Shed Tail\n|-activate|p1b: Roaring Moon|ability: Protosynthesis\n|-start|p1b: Roaring Moon|protosynthesisspe\n|move|p1a: Indeedee|Healing Wish|p1a: Indeedee\n|faint|p1a: Indeedee\n|move|p2b: Tornadus|Bleakwind Storm|p1b: Roaring Moon|[miss]\n|-miss|p2b: Tornadus|p1b: Roaring Moon\n|\n|-weather|SunnyDay|[upkeep]\n|upkeep\n|\n|t:|1698319363\n|switch|p1a: Torkoal|Torkoal, L99, M|36\/100\n|-heal|p1a: Torkoal|100\/100|[from] move: Healing Wish\n|turn|5\n|\n|t:|1698319383\n|switch|p2a: Kommo-o|Kommo-o, F, shiny|100\/100\n|move|p2b: Tornadus|Protect|p2b: Tornadus\n|-singleturn|p2b: Tornadus|Protect\n|move|p1a: Torkoal|Eruption|p2b: Tornadus|[spread] p2a\n|-activate|p2b: Tornadus|move: Protect\n|-resisted|p2a: Kommo-o\n|-damage|p2a: Kommo-o|62\/100\n|move|p1b: Roaring Moon|Knock Off|p2b: Tornadus\n|-activate|p2b: Tornadus|move: Protect\n|\n|-weather|SunnyDay|[upkeep]\n|-sideend|p2: EkCantDrawLol|move: Tailwind\n|upkeep\n|turn|6\n|\n|t:|1698319412\n|switch|p2b: Tyranitar|Tyranitar, M, shiny|100\/100\n|-weather|Sandstorm|[from] ability: Sand Stream|[of] p2b: Tyranitar\n|-end|p1b: Roaring Moon|Protosynthesis\n|move|p2a: Kommo-o|Protect|p2a: Kommo-o\n|-singleturn|p2a: Kommo-o|Protect\n|move|p1a: Torkoal|Eruption|p2a: Kommo-o|[spread] p2b\n|-activate|p2a: Kommo-o|move: Protect\n|-resisted|p2b: Tyranitar\n|-damage|p2b: Tyranitar|86\/100\n|move|p1b: Roaring Moon|Knock Off|p2a: Kommo-o\n|-activate|p2a: Kommo-o|move: Protect\n|\n|-weather|Sandstorm|[upkeep]\n|-damage|p1a: Torkoal|94\/100|[from] Sandstorm\n|-damage|p1b: Roaring Moon|95\/100|[from] Sandstorm\n|-fieldend|move: Psychic Terrain\n|upkeep\n|turn|7\n|\n|t:|1698319432\n|move|p1a: Torkoal|Sunny Day|p1a: Torkoal\n|-weather|SunnyDay\n|-activate|p1b: Roaring Moon|ability: Protosynthesis\n|-start|p1b: Roaring Moon|protosynthesisspe\n|move|p2b: Tyranitar|Rock Slide|p1b: Roaring Moon|[spread] p1a,p1b\n|-end|p1b: Roaring Moon|Substitute\n|-supereffective|p1a: Torkoal\n|-damage|p1a: Torkoal|50\/100\n|move|p2a: Kommo-o|Drain Punch|p1b: Roaring Moon\n|-supereffective|p1b: Roaring Moon\n|-damage|p1b: Roaring Moon|7\/100\n|-heal|p2a: Kommo-o|100\/100|[from] drain|[of] p1b: Roaring Moon\n|move|p1b: Roaring Moon|Knock Off|p2a: Kommo-o\n|-resisted|p2a: Kommo-o\n|-damage|p2a: Kommo-o|63\/100\n|-enditem|p2a: Kommo-o|Clear Amulet|[from] move: Knock Off|[of] p1b: Roaring Moon\n|\n|-weather|SunnyDay|[upkeep]\n|-fieldend|move: Trick Room\n|upkeep\n|turn|8\n|\n|t:|1698319450\n|-end|p1b: Roaring Moon|Protosynthesis|[silent]\n|switch|p1b: Flutter Mane|Flutter Mane|100\/100\n|-activate|p1b: Flutter Mane|ability: Protosynthesis\n|-start|p1b: Flutter Mane|protosynthesisspe\n|switch|p1a: Orthworm|Orthworm, F|15\/100\n|move|p2a: Kommo-o|Clangorous Soul|p2a: Kommo-o\n|-boost|p2a: Kommo-o|atk|1\n|-boost|p2a: Kommo-o|def|1\n|-boost|p2a: Kommo-o|spa|1\n|-boost|p2a: Kommo-o|spd|1\n|-boost|p2a: Kommo-o|spe|1\n|-damage|p2a: Kommo-o|30\/100\n|move|p2b: Tyranitar|Rock Slide|p1b: Flutter Mane|[spread] p1a,p1b\n|-resisted|p1a: Orthworm\n|-damage|p1a: Orthworm|8\/100\n|-damage|p1b: Flutter Mane|44\/100\n|\n|-weather|SunnyDay|[upkeep]\n|-heal|p1a: Orthworm|14\/100|[from] item: Leftovers\n|upkeep\n|turn|9\n|c|\u2606GrubInTub|gg\n|\n|t:|1698319466\n|move|p2a: Kommo-o|Protect|p2a: Kommo-o\n|-singleturn|p2a: Kommo-o|Protect\n|move|p1b: Flutter Mane|Dazzling Gleam|p2a: Kommo-o|[spread] p2b\n|-activate|p2a: Kommo-o|move: Protect\n|-supereffective|p2b: Tyranitar\n|-damage|p2b: Tyranitar|27\/100\n|move|p2b: Tyranitar|Rock Slide|p1a: Orthworm|[spread] p1a,p1b\n|-resisted|p1a: Orthworm\n|-damage|p1a: Orthworm|7\/100\n|-damage|p1b: Flutter Mane|0 fnt\n|faint|p1b: Flutter Mane\n|-end|p1b: Flutter Mane|Protosynthesis|[silent]\n|move|p1a: Orthworm|Body Press|p2b: Tyranitar\n|-supereffective|p2b: Tyranitar\n|-damage|p2b: Tyranitar|0 fnt\n|-damage|p1a: Orthworm|0 fnt|[from] item: Rocky Helmet|[of] p2b: Tyranitar\n|faint|p2b: Tyranitar\n|faint|p1a: Orthworm\n|\n|-weather|SunnyDay|[upkeep]\n|upkeep\n|-message|GrubInTub forfeited.\n|\n|win|EkCantDrawLol\n|raw|GrubInTub's rating: 1593 &rarr; <strong>1573<\/strong><br \/>(-20 for losing)\n|raw|EkCantDrawLol's rating: 1592 &rarr; <strong>1612<\/strong><br \/>(+20 for winning)\n|c|\u2606EkCantDrawLol|Gg\n|l|\u2606GrubInTub\n","uploadtime":1698319501,"views":21,"p1id":"grubintub","p2id":"ekcantdrawlol","formatid":"gen9doublesou","rating":1573,"private":0,"password":""}