{"id":"gen9doublesou-1986595718","p1":"Redzone92","p2":"UwU_Kingz","format":"[Gen 9] Doubles OU","log":"|j|\u2606Redzone92\n|j|\u2606UwU_Kingz\n|t:|1699495958\n|gametype|doubles\n|player|p1|Redzone92|alder|\n|player|p2|UwU_Kingz|170|\n|teamsize|p1|6\n|teamsize|p2|6\n|gen|9\n|tier|[Gen 9] Doubles OU\n|rule|Species Clause: Limit one of each Pok\u00e9mon\n|rule|OHKO Clause: OHKO moves are banned\n|rule|Evasion Moves Clause: Evasion moves are banned\n|rule|Gravity Sleep Clause: The combination of sleep-inducing moves with imperfect accuracy and Gravity or Gigantamax Orbeetle are banned\n|rule|Endless Battle Clause: Forcing endless battles is banned\n|rule|HP Percentage Mod: HP is shown in percentages\n|clearpoke\n|poke|p1|Farigiraf, F|\n|poke|p1|Landorus-Therian, M|\n|poke|p1|Diancie|\n|poke|p1|Iron Moth|\n|poke|p1|Hydreigon, F|\n|poke|p1|Kleavor, M|\n|poke|p2|Landorus, M|\n|poke|p2|Mesprit|\n|poke|p2|Hatterene, F|\n|poke|p2|Iron Hands|\n|poke|p2|Samurott-Hisui, F|\n|poke|p2|Arcanine-Hisui, F|\n|teampreview\n|j| StephenStone1130\n|j| Kevin Dickey12\n|\n|t:|1699495971\n|start\n|switch|p1a: Pete|Hydreigon, F|100\/100\n|switch|p1b: Edward|Kleavor, M, shiny|100\/100\n|switch|p2a: Mesprit|Mesprit|100\/100\n|switch|p2b: Fluffy|Arcanine-Hisui, F, shiny|100\/100\n|turn|1\n|j| riastylis\n|\n|t:|1699496012\n|-terastallize|p2b: Fluffy|Fire\n|move|p1a: Pete|Tailwind|p1a: Pete\n|-sidestart|p1: Redzone92|move: Tailwind\n|move|p1b: Edward|Stone Axe|p2b: Fluffy\n|-supereffective|p2b: Fluffy\n|-damage|p2b: Fluffy|0 fnt\n|-sidestart|p2: UwU_Kingz|move: Stealth Rock\n|faint|p2b: Fluffy\n|move|p2a: Mesprit|Ice Beam|p1a: Pete\n|-supereffective|p1a: Pete\n|-damage|p1a: Pete|16\/100\n|\n|upkeep\n|\n|t:|1699496026\n|switch|p2b: Iron Hands|Iron Hands|100\/100\n|-damage|p2b: Iron Hands|94\/100|[from] Stealth Rock\n|turn|2\n|\n|t:|1699496035\n|move|p1a: Pete|Earth Power|p2b: Iron Hands\n|-supereffective|p2b: Iron Hands\n|-damage|p2b: Iron Hands|58\/100\n|move|p1b: Edward|X-Scissor|p2a: Mesprit\n|-supereffective|p2a: Mesprit\n|-damage|p2a: Mesprit|0 fnt\n|faint|p2a: Mesprit\n|move|p2b: Iron Hands|Fire Punch|p1b: Edward\n|-damage|p1b: Edward|60\/100\n|\n|upkeep\n|\n|t:|1699496047\n|switch|p2a: Landorus|Landorus, M|100\/100\n|-damage|p2a: Landorus|88\/100|[from] Stealth Rock\n|turn|3\n|\n|t:|1699496081\n|-terastallize|p1a: Pete|Water\n|move|p1b: Edward|Protect|p1b: Edward\n|-singleturn|p1b: Edward|Protect\n|move|p1a: Pete|Surf|p2b: Iron Hands|[spread] p2a,p2b\n|-activate|p1b: Edward|move: Protect\n|-supereffective|p2a: Landorus\n|-damage|p2a: Landorus|0 fnt\n|-damage|p2b: Iron Hands|37\/100\n|faint|p2a: Landorus\n|move|p2b: Iron Hands|Brick Break|p1b: Edward\n|-activate|p1b: Edward|move: Protect\n|\n|upkeep\n|\n|t:|1699496094\n|switch|p2a: Samurott|Samurott-Hisui, F, shiny|100\/100\n|-damage|p2a: Samurott|88\/100|[from] Stealth Rock\n|turn|4\n|\n|t:|1699496109\n|move|p1a: Pete|Earth Power|p2b: Iron Hands\n|-supereffective|p2b: Iron Hands\n|-damage|p2b: Iron Hands|0 fnt\n|faint|p2b: Iron Hands\n|-end|p2b: Iron Hands|Quark Drive|[silent]\n|move|p1b: Edward|X-Scissor|p2a: Samurott\n|-supereffective|p2a: Samurott\n|-damage|p2a: Samurott|0 fnt\n|faint|p2a: Samurott\n|\n|-sideend|p1: Redzone92|move: Tailwind\n|upkeep\n|\n|t:|1699496123\n|switch|p2b: Hatterene|Hatterene, F|100\/100\n|-damage|p2b: Hatterene|88\/100|[from] Stealth Rock\n|turn|5\n|\n|t:|1699496132\n|move|p1a: Pete|Earth Power|p2b: Hatterene\n|-damage|p2b: Hatterene|54\/100\n|move|p1b: Edward|X-Scissor|p2b: Hatterene\n|-damage|p2b: Hatterene|0 fnt\n|faint|p2b: Hatterene\n|\n|win|Redzone92\n","uploadtime":1699496145,"views":34,"p1id":"redzone92","p2id":"uwukingz","formatid":"gen9doublesou","rating":0,"private":0,"password":""}