{"id":"gen9doublesou-1994070585","p1":"JustRadAlex","p2":"Dimitri Slammer 83","format":"[Gen 9] Doubles OU","log":"|j|\u2606JustRadAlex\n|j|\u2606Dimitri Slammer 83\n|t:|1700402980\n|gametype|doubles\n|player|p1|JustRadAlex|juan|1326\n|player|p2|Dimitri Slammer 83|colress|1245\n|teamsize|p1|6\n|teamsize|p2|6\n|gen|9\n|tier|[Gen 9] Doubles OU\n|rated|\n|rule|Species Clause: Limit one of each Pok\u00e9mon\n|rule|OHKO Clause: OHKO moves are banned\n|rule|Evasion Moves Clause: Evasion moves are banned\n|rule|Gravity Sleep Clause: The combination of sleep-inducing moves with imperfect accuracy and Gravity or Gigantamax Orbeetle are banned\n|rule|Endless Battle Clause: Forcing endless battles is banned\n|rule|HP Percentage Mod: HP is shown in percentages\n|clearpoke\n|poke|p1|Iron Hands|\n|poke|p1|Grimmsnarl, M|\n|poke|p1|Cresselia, F|\n|poke|p1|Rillaboom, F|\n|poke|p1|Empoleon, M|\n|poke|p1|Landorus-Therian, M|\n|poke|p2|Farigiraf, F|\n|poke|p2|Armarouge, F|\n|poke|p2|Torkoal, M|\n|poke|p2|Indeedee-F, F|\n|poke|p2|Azumarill, M|\n|poke|p2|Sinistcha-Masterpiece|\n|teampreview\n|inactive|Battle timer is ON: inactive players will automatically lose when time's up. (requested by JustRadAlex)\n|\n|t:|1700403007\n|start\n|switch|p1a: Grimmsnarl|Grimmsnarl, M, shiny|100\/100\n|switch|p1b: Kingleon|Empoleon, M, shiny|100\/100\n|switch|p2a: Farigiraf|Farigiraf, F, shiny|100\/100\n|switch|p2b: Sinistcha|Sinistcha-Masterpiece|100\/100\n|turn|1\n|inactive|Dimitri Slammer 83 has 120 seconds left.\n|\n|t:|1700403042\n|move|p1a: Grimmsnarl|Light Screen|p1a: Grimmsnarl\n|-sidestart|p1: JustRadAlex|move: Light Screen\n|move|p1b: Kingleon|Ice Beam|p2b: Sinistcha\n|-supereffective|p2b: Sinistcha\n|-damage|p2b: Sinistcha|24\/100\n|-status|p2b: Sinistcha|frz\n|-curestatus|p2b: Sinistcha|frz|[from] move: Matcha Gotcha\n|move|p2b: Sinistcha|Matcha Gotcha|p1a: Grimmsnarl|[spread] p1a,p1b\n|-damage|p1a: Grimmsnarl|82\/100\n|-heal|p2b: Sinistcha|33\/100|[from] drain|[of] p1a: Grimmsnarl\n|-damage|p1b: Kingleon|84\/100\n|-heal|p2b: Sinistcha|41\/100|[from] drain|[of] p1b: Kingleon\n|-status|p1b: Kingleon|brn\n|-enditem|p1b: Kingleon|Lum Berry|[eat]\n|-curestatus|p1b: Kingleon|brn|[msg]\n|move|p2a: Farigiraf|Trick Room|p2a: Farigiraf\n|-fieldstart|move: Trick Room|[of] p2a: Farigiraf\n|\n|-heal|p2b: Sinistcha|47\/100|[from] item: Leftovers\n|upkeep\n|turn|2\n|inactive|Dimitri Slammer 83 has 120 seconds left.\n|inactive|JustRadAlex has 120 seconds left.\n|\n|t:|1700403091\n|switch|p2a: Indeedee|Indeedee-F, F|100\/100\n|-fieldstart|move: Psychic Terrain|[from] ability: Psychic Surge|[of] p2a: Indeedee\n|switch|p1a: Iron Hands|Iron Hands|100\/100\n|move|p2b: Sinistcha|Matcha Gotcha|p1b: Kingleon|[spread] p1a,p1b\n|-damage|p1a: Iron Hands|91\/100\n|-heal|p2b: Sinistcha|54\/100|[from] drain|[of] p1a: Iron Hands\n|-damage|p1b: Kingleon|67\/100\n|-heal|p2b: Sinistcha|63\/100|[from] drain|[of] p1b: Kingleon\n|move|p1b: Kingleon|Ice Beam|p2b: Sinistcha\n|-supereffective|p2b: Sinistcha\n|-damage|p2b: Sinistcha|0 fnt\n|faint|p2b: Sinistcha\n|\n|upkeep\n|\n|t:|1700403110\n|switch|p2b: Azumarill|Azumarill, M|100\/100\n|turn|3\n|inactive|Dimitri Slammer 83 has 120 seconds left.\n|inactive|JustRadAlex has 120 seconds left.\n|\n|t:|1700403133\n|switch|p1b: Rillaboom|Rillaboom, F|100\/100\n|-fieldstart|move: Grassy Terrain|[from] ability: Grassy Surge|[of] p1b: Rillaboom\n|-enditem|p1b: Rillaboom|Grassy Seed\n|-boost|p1b: Rillaboom|def|1|[from] item: Grassy Seed\n|switch|p2a: Armarouge|Armarouge, F, shiny|100\/100\n|move|p2b: Azumarill|Belly Drum|p2b: Azumarill\n|-damage|p2b: Azumarill|51\/100\n|-setboost|p2b: Azumarill|atk|6|[from] move: Belly Drum\n|move|p1a: Iron Hands|Wild Charge|p2b: Azumarill\n|-supereffective|p2b: Azumarill\n|-damage|p2b: Azumarill|0 fnt\n|faint|p2b: Azumarill\n|-damage|p1a: Iron Hands|81\/100|[from] Recoil\n|\n|-heal|p1a: Iron Hands|87\/100|[from] Grassy Terrain\n|upkeep\n|\n|t:|1700403151\n|switch|p2b: Indeedee|Indeedee-F, F|100\/100\n|-fieldstart|move: Psychic Terrain|[from] ability: Psychic Surge|[of] p2b: Indeedee\n|turn|4\n|inactive|Dimitri Slammer 83 has 120 seconds left.\n|inactive|JustRadAlex has 120 seconds left.\n|\n|t:|1700403184\n|-end|p1a: Iron Hands|Quark Drive|[silent]\n|switch|p1a: Kingleon|Empoleon, M, shiny|67\/100\n|switch|p1b: Cresselia|Cresselia, F|100\/100\n|move|p2a: Armarouge|Expanding Force|p1b: Cresselia|[spread] p1a,p1b\n|-resisted|p1a: Kingleon\n|-resisted|p1b: Cresselia\n|-damage|p1a: Kingleon|40\/100\n|-damage|p1b: Cresselia|84\/100\n|-damage|p2a: Armarouge|91\/100|[from] item: Life Orb\n|move|p2b: Indeedee|Dazzling Gleam|p1b: Cresselia|[spread] p1a,p1b\n|-resisted|p1a: Kingleon\n|-damage|p1a: Kingleon|35\/100\n|-damage|p1b: Cresselia|79\/100\n|\n|-heal|p1b: Cresselia|85\/100|[from] item: Leftovers\n|upkeep\n|turn|5\n|inactive|Dimitri Slammer 83 has 120 seconds left.\n|\n|t:|1700403213\n|switch|p2b: Farigiraf|Farigiraf, F, shiny|100\/100\n|move|p1a: Kingleon|Water Pledge|p2a: Armarouge\n|-supereffective|p2a: Armarouge\n|-damage|p2a: Armarouge|0 fnt\n|faint|p2a: Armarouge\n|move|p1b: Cresselia|Lunar Blessing|p1b: Cresselia|[spread] p1a,p1b\n|-heal|p1a: Kingleon|60\/100\n|-heal|p1b: Cresselia|100\/100\n|\n|-fieldend|move: Trick Room\n|upkeep\n|inactive|Dimitri Slammer 83 has 120 seconds left.\n|\n|t:|1700403225\n|switch|p2a: Torkoal|Torkoal, M, shiny|100\/100\n|-weather|SunnyDay|[from] ability: Drought|[of] p2a: Torkoal\n|turn|6\n|\n|t:|1700403248\n|move|p1b: Cresselia|Lunar Blessing|p1b: Cresselia|[spread] p1a,p1b\n|-heal|p1a: Kingleon|85\/100\n|move|p1a: Kingleon|Water Pledge|p2a: Torkoal\n|-supereffective|p2a: Torkoal\n|-damage|p2a: Torkoal|47\/100\n|move|p2a: Torkoal|Solar Beam||[still]\n|-prepare|p2a: Torkoal|Solar Beam\n|-anim|p2a: Torkoal|Solar Beam|p1a: Kingleon\n|-damage|p1a: Kingleon|61\/100\n|move|p2b: Farigiraf|Trick Room|p2b: Farigiraf\n|-fieldstart|move: Trick Room|[of] p2b: Farigiraf\n|\n|-weather|SunnyDay|[upkeep]\n|upkeep\n|turn|7\n|\n|t:|1700403270\n|-terastallize|p2a: Torkoal|Fire\n|move|p2a: Torkoal|Heat Wave|p1b: Cresselia|[spread] p1a,p1b\n|-damage|p1a: Kingleon|10\/100\n|-damage|p1b: Cresselia|72\/100\n|move|p2b: Farigiraf|Hyper Voice|p1b: Cresselia|[spread] p1a,p1b\n|-resisted|p1a: Kingleon\n|-damage|p1a: Kingleon|0 fnt\n|-damage|p1b: Cresselia|59\/100\n|faint|p1a: Kingleon\n|move|p1b: Cresselia|Lunar Blessing|p1b: Cresselia\n|-heal|p1b: Cresselia|84\/100\n|\n|-weather|SunnyDay|[upkeep]\n|-heal|p1b: Cresselia|90\/100|[from] item: Leftovers\n|upkeep\n|inactive|JustRadAlex has 120 seconds left.\n|\n|t:|1700403292\n|switch|p1a: Iron Hands|Iron Hands|87\/100\n|turn|8\n|\n|t:|1700403305\n|switch|p1b: Rillaboom|Rillaboom, F|100\/100\n|-fieldstart|move: Grassy Terrain|[from] ability: Grassy Surge|[of] p1b: Rillaboom\n|-terastallize|p1a: Iron Hands|Grass\n|move|p1a: Iron Hands|Fake Out||[still]\n|cant|p2b: Farigiraf|ability: Armor Tail|Fake Out|[of] p1a: Iron Hands\n|move|p2a: Torkoal|Heat Wave|p1a: Iron Hands|[spread] p1a,p1b\n|-supereffective|p1a: Iron Hands\n|-supereffective|p1b: Rillaboom\n|-damage|p1a: Iron Hands|30\/100\n|-damage|p1b: Rillaboom|0 fnt\n|faint|p1b: Rillaboom\n|move|p2b: Farigiraf|Psychic|p1a: Iron Hands\n|-damage|p1a: Iron Hands|10\/100\n|\n|-weather|SunnyDay|[upkeep]\n|-heal|p2a: Torkoal|54\/100|[from] Grassy Terrain\n|-heal|p1a: Iron Hands|17\/100|[from] Grassy Terrain\n|-sideend|p1: JustRadAlex|move: Light Screen\n|upkeep\n|\n|t:|1700403325\n|switch|p1b: Grimmsnarl|Grimmsnarl, M, shiny|82\/100\n|turn|9\n|\n|t:|1700403347\n|move|p1b: Grimmsnarl|Light Screen|p1b: Grimmsnarl\n|-sidestart|p1: JustRadAlex|move: Light Screen\n|move|p2a: Torkoal|Heat Wave|p1b: Grimmsnarl|[spread] p1a,p1b\n|-supereffective|p1a: Iron Hands\n|-damage|p1a: Iron Hands|0 fnt\n|-damage|p1b: Grimmsnarl|25\/100\n|faint|p1a: Iron Hands\n|-end|p1a: Iron Hands|Quark Drive|[silent]\n|move|p2b: Farigiraf|Hyper Voice|p1b: Grimmsnarl\n|-damage|p1b: Grimmsnarl|0 fnt\n|faint|p1b: Grimmsnarl\n|\n|-weather|SunnyDay|[upkeep]\n|-heal|p2a: Torkoal|60\/100|[from] Grassy Terrain\n|upkeep\n|\n|t:|1700403365\n|switch|p1a: Cresselia|Cresselia, F|90\/100\n|switch|p1b: Landorus|Landorus-Therian, M|100\/100\n|-ability|p1b: Landorus|Intimidate|boost\n|-unboost|p2a: Torkoal|atk|1\n|-unboost|p2b: Farigiraf|atk|1\n|turn|10\n|\n|t:|1700403379\n|move|p2a: Torkoal|Heat Wave|p1a: Cresselia|[spread] p1a,p1b\n|-damage|p1a: Cresselia|59\/100\n|-damage|p1b: Landorus|42\/100\n|move|p2b: Farigiraf|Hyper Voice|p1a: Cresselia|[spread] p1a,p1b\n|-damage|p1a: Cresselia|46\/100\n|-damage|p1b: Landorus|12\/100\n|move|p1a: Cresselia|Lunar Blessing|p1a: Cresselia|[spread] p1a,p1b\n|-heal|p1a: Cresselia|71\/100\n|-heal|p1b: Landorus|37\/100\n|move|p1b: Landorus|Stomping Tantrum|p2a: Torkoal\n|-supereffective|p2a: Torkoal\n|-damage|p2a: Torkoal|0 fnt\n|faint|p2a: Torkoal\n|\n|-weather|none\n|-heal|p1a: Cresselia|77\/100|[from] item: Leftovers\n|-fieldend|move: Trick Room\n|upkeep\n|\n|t:|1700403393\n|switch|p2a: Indeedee|Indeedee-F, F|100\/100\n|-fieldstart|move: Psychic Terrain|[from] ability: Psychic Surge|[of] p2a: Indeedee\n|turn|11\n|\n|t:|1700403406\n|move|p1b: Landorus|Stomping Tantrum|p2a: Indeedee\n|-damage|p2a: Indeedee|39\/100\n|move|p1a: Cresselia|Lunar Blessing|p1a: Cresselia|[spread] p1a,p1b\n|-heal|p1a: Cresselia|100\/100\n|-heal|p1b: Landorus|63\/100\n|move|p2b: Farigiraf|Psychic|p1b: Landorus\n|-damage|p1b: Landorus|12\/100\n|move|p2a: Indeedee|Trick Room|p2a: Indeedee\n|-fieldstart|move: Trick Room|[of] p2a: Indeedee\n|\n|upkeep\n|turn|12\n|\n|t:|1700403430\n|move|p2b: Farigiraf|Hyper Voice|p1a: Cresselia|[spread] p1a,p1b\n|-damage|p1a: Cresselia|86\/100\n|-damage|p1b: Landorus|0 fnt\n|faint|p1b: Landorus\n|move|p2a: Indeedee|Dazzling Gleam|p1a: Cresselia\n|-damage|p1a: Cresselia|80\/100\n|move|p1a: Cresselia|Calm Mind|p1a: Cresselia\n|-boost|p1a: Cresselia|spa|1\n|-boost|p1a: Cresselia|spd|1\n|\n|-heal|p1a: Cresselia|86\/100|[from] item: Leftovers\n|upkeep\n|turn|13\n|\n|t:|1700403453\n|move|p2b: Farigiraf|Psychic|p1a: Cresselia\n|-resisted|p1a: Cresselia\n|-damage|p1a: Cresselia|78\/100\n|move|p2a: Indeedee|Dazzling Gleam|p1a: Cresselia\n|-damage|p1a: Cresselia|74\/100\n|move|p1a: Cresselia|Calm Mind|p1a: Cresselia\n|-boost|p1a: Cresselia|spa|1\n|-boost|p1a: Cresselia|spd|1\n|\n|-heal|p1a: Cresselia|80\/100|[from] item: Leftovers\n|upkeep\n|turn|14\n|\n|t:|1700403470\n|move|p2b: Farigiraf|Hyper Voice|p1a: Cresselia\n|-damage|p1a: Cresselia|70\/100\n|move|p2a: Indeedee|Dazzling Gleam|p1a: Cresselia\n|-damage|p1a: Cresselia|66\/100\n|move|p1a: Cresselia|Calm Mind|p1a: Cresselia\n|-boost|p1a: Cresselia|spa|1\n|-boost|p1a: Cresselia|spd|1\n|\n|-heal|p1a: Cresselia|73\/100|[from] item: Leftovers\n|upkeep\n|turn|15\n|\n|t:|1700403485\n|move|p2b: Farigiraf|Psychic|p1a: Cresselia\n|-resisted|p1a: Cresselia\n|-damage|p1a: Cresselia|68\/100\n|move|p2a: Indeedee|Dazzling Gleam|p1a: Cresselia\n|-damage|p1a: Cresselia|65\/100\n|move|p1a: Cresselia|Calm Mind|p1a: Cresselia\n|-boost|p1a: Cresselia|spa|1\n|-boost|p1a: Cresselia|spd|1\n|\n|-heal|p1a: Cresselia|71\/100|[from] item: Leftovers\n|-fieldend|move: Trick Room\n|upkeep\n|turn|16\n|\n|t:|1700403500\n|move|p1a: Cresselia|Moonblast|p2b: Farigiraf\n|-damage|p2b: Farigiraf|35\/100\n|move|p2a: Indeedee|Dazzling Gleam|p1a: Cresselia\n|-damage|p1a: Cresselia|69\/100\n|move|p2b: Farigiraf|Psychic|p1a: Cresselia\n|-resisted|p1a: Cresselia\n|-damage|p1a: Cresselia|65\/100\n|\n|-heal|p1a: Cresselia|71\/100|[from] item: Leftovers\n|-sideend|p1: JustRadAlex|move: Light Screen\n|upkeep\n|turn|17\n|\n|t:|1700403514\n|move|p2a: Indeedee|Follow Me|p2a: Indeedee\n|-singleturn|p2a: Indeedee|move: Follow Me\n|move|p1a: Cresselia|Moonblast|p2a: Indeedee\n|-damage|p2a: Indeedee|0 fnt\n|faint|p2a: Indeedee\n|move|p2b: Farigiraf|Psychic|p1a: Cresselia\n|-resisted|p1a: Cresselia\n|-damage|p1a: Cresselia|66\/100\n|-unboost|p1a: Cresselia|spd|1\n|\n|-heal|p1a: Cresselia|72\/100|[from] item: Leftovers\n|upkeep\n|turn|18\n|\n|t:|1700403525\n|move|p1a: Cresselia|Moonblast|p2b: Farigiraf\n|-damage|p2b: Farigiraf|0 fnt\n|faint|p2b: Farigiraf\n|\n|win|JustRadAlex\n|raw|JustRadAlex's rating: 1326 &rarr; <strong>1341<\/strong><br \/>(+15 for winning)\n|raw|Dimitri Slammer 83's rating: 1245 &rarr; <strong>1226<\/strong><br \/>(-19 for losing)\n|l|\u2606Dimitri Slammer 83\n","uploadtime":1700403536,"views":5,"p1id":"justradalex","p2id":"dimitrislammer83","formatid":"gen9doublesou","rating":1226,"private":0,"password":""}