{"id":"gen9doublesou-1999419039","p1":"aknowthat","p2":"PolarettoBoy","format":"[Gen 9] Doubles OU","log":"|j|\u2606aknowthat\n|j|\u2606PolarettoBoy\n|t:|1701077361\n|gametype|doubles\n|player|p1|aknowthat|ninjaboy|1392\n|player|p2|PolarettoBoy|rood|1481\n|teamsize|p1|6\n|teamsize|p2|6\n|gen|9\n|tier|[Gen 9] Doubles OU\n|rated|\n|rule|Species Clause: Limit one of each Pok\u00e9mon\n|rule|OHKO Clause: OHKO moves are banned\n|rule|Evasion Moves Clause: Evasion moves are banned\n|rule|Gravity Sleep Clause: The combination of sleep-inducing moves with imperfect accuracy and Gravity or Gigantamax Orbeetle are banned\n|rule|Endless Battle Clause: Forcing endless battles is banned\n|rule|HP Percentage Mod: HP is shown in percentages\n|clearpoke\n|poke|p1|Cresselia, F|\n|poke|p1|Arcanine, F|\n|poke|p1|Breloom, M|\n|poke|p1|Goodra-Hisui, M|\n|poke|p1|Salamence, M|\n|poke|p1|Volcarona, F|\n|poke|p2|Heatran, F|\n|poke|p2|Dragonite, M|\n|poke|p2|Iron Hands|\n|poke|p2|Ogerpon-Wellspring, F|\n|poke|p2|Landorus-Therian, M|\n|poke|p2|Fezandipiti, M|\n|teampreview\n|l|\u2606aknowthat\n|player|p1|\n|j|\u2606aknowthat\n|player|p1|aknowthat|ninjaboy\n|inactive|Battle timer is ON: inactive players will automatically lose when time's up. (requested by aknowthat)\n|\n|t:|1701077394\n|start\n|switch|p1a: Breloom|Breloom, M|100\/100\n|switch|p1b: Arcanine|Arcanine, F|100\/100\n|switch|p2a: Landorus|Landorus-Therian, M|100\/100\n|switch|p2b: Iron Hands|Iron Hands|100\/100\n|-ability|p2a: Landorus|Intimidate|boost\n|-unboost|p1a: Breloom|atk|1\n|-unboost|p1b: Arcanine|atk|1\n|-ability|p1b: Arcanine|Intimidate|boost\n|-unboost|p2a: Landorus|atk|1\n|-unboost|p2b: Iron Hands|atk|1\n|turn|1\n|\n|t:|1701077410\n|switch|p2a: Heatran|Heatran, F|100\/100\n|move|p1a: Breloom|Spore|p2a: Heatran\n|-status|p2a: Heatran|slp|[from] move: Spore\n|move|p1b: Arcanine|Will-O-Wisp|p2b: Iron Hands\n|-status|p2b: Iron Hands|brn\n|move|p2b: Iron Hands|Drain Punch|p1a: Breloom\n|-damage|p1a: Breloom|77\/100\n|\n|-damage|p2b: Iron Hands|94\/100 brn|[from] brn\n|upkeep\n|turn|2\n|\n|t:|1701077431\n|switch|p1a: Salamence|Salamence, M|100\/100\n|-ability|p1a: Salamence|Intimidate|boost\n|-unboost|p2a: Heatran|atk|1\n|-unboost|p2b: Iron Hands|atk|1\n|switch|p1b: Volcarona|Volcarona, F|100\/100\n|-end|p2b: Iron Hands|Quark Drive|[silent]\n|switch|p2b: Fezandipiti|Fezandipiti, M|100\/100\n|cant|p2a: Heatran|slp\n|\n|upkeep\n|turn|3\n|\n|t:|1701077455\n|-terastallize|p2a: Heatran|Flying\n|move|p1b: Volcarona|Bug Buzz|p2b: Fezandipiti\n|-resisted|p2b: Fezandipiti\n|-damage|p2b: Fezandipiti|90\/100\n|-unboost|p2b: Fezandipiti|spd|1\n|move|p1a: Salamence|Earthquake|p2b: Fezandipiti|[spread] p1b,p2b\n|-immune|p2a: Heatran\n|-supereffective|p2b: Fezandipiti\n|-damage|p1b: Volcarona|47\/100\n|-damage|p2b: Fezandipiti|8\/100\n|-damage|p1a: Salamence|91\/100|[from] item: Life Orb\n|move|p2b: Fezandipiti|Taunt|p1b: Volcarona\n|-start|p1b: Volcarona|move: Taunt\n|cant|p2a: Heatran|slp\n|\n|-heal|p2b: Fezandipiti|14\/100|[from] item: Leftovers\n|upkeep\n|turn|4\n|\n|t:|1701077476\n|switch|p1b: Cresselia|Cresselia, F|100\/100\n|switch|p2b: Landorus|Landorus-Therian, M|100\/100\n|-ability|p2b: Landorus|Intimidate|boost\n|-unboost|p1a: Salamence|atk|1\n|-unboost|p1b: Cresselia|atk|1\n|move|p1a: Salamence|Rock Slide|p2b: Landorus|[spread] p2a,p2b\n|-supereffective|p2a: Heatran\n|-damage|p2a: Heatran|72\/100 slp\n|-damage|p2b: Landorus|80\/100\n|-damage|p1a: Salamence|81\/100|[from] item: Life Orb\n|-curestatus|p2a: Heatran|slp|[msg]\n|move|p2a: Heatran|Heat Wave|p1a: Salamence|[spread] p1a,p1b\n|-resisted|p1a: Salamence\n|-damage|p1a: Salamence|54\/100\n|-damage|p1b: Cresselia|80\/100\n|\n|-heal|p2a: Heatran|79\/100|[from] item: Leftovers\n|-heal|p1b: Cresselia|86\/100|[from] item: Leftovers\n|upkeep\n|turn|5\n|\n|t:|1701077495\n|move|p1a: Salamence|Protect|p1a: Salamence\n|-singleturn|p1a: Salamence|Protect\n|move|p2b: Landorus|U-turn|p1b: Cresselia\n|-supereffective|p1b: Cresselia\n|-damage|p1b: Cresselia|40\/100\n|\n|t:|1701077501\n|switch|p2b: Fezandipiti|Fezandipiti, M|14\/100|[from] U-turn\n|move|p1b: Cresselia|Icy Wind|p2a: Heatran|[spread] p2a,p2b\n|-supereffective|p2a: Heatran\n|-damage|p2a: Heatran|67\/100\n|-damage|p2b: Fezandipiti|7\/100\n|-unboost|p2a: Heatran|spe|1\n|-unboost|p2b: Fezandipiti|spe|1\n|move|p2a: Heatran|Tera Blast|p1a: Salamence|[anim] Tera Blast Flying\n|-activate|p1a: Salamence|move: Protect\n|\n|-heal|p2b: Fezandipiti|13\/100|[from] item: Leftovers\n|-heal|p1b: Cresselia|46\/100|[from] item: Leftovers\n|-heal|p2a: Heatran|73\/100|[from] item: Leftovers\n|upkeep\n|turn|6\n|\n|t:|1701077518\n|switch|p2b: Landorus|Landorus-Therian, M|80\/100\n|-ability|p2b: Landorus|Intimidate|boost\n|-unboost|p1a: Salamence|atk|1\n|-unboost|p1b: Cresselia|atk|1\n|switch|p2a: Dragonite|Dragonite, M|100\/100\n|move|p1b: Cresselia|Helping Hand|p1a: Salamence\n|-singleturn|p1a: Salamence|Helping Hand|[of] p1b: Cresselia\n|move|p1a: Salamence|Rock Slide|p2b: Landorus|[spread] p2a,p2b\n|-supereffective|p2a: Dragonite\n|-damage|p2a: Dragonite|55\/100\n|-damage|p2b: Landorus|56\/100\n|-damage|p1a: Salamence|44\/100|[from] item: Life Orb\n|\n|-heal|p1b: Cresselia|52\/100|[from] item: Leftovers\n|upkeep\n|turn|7\n|\n|t:|1701077531\n|move|p1a: Salamence|Protect|p1a: Salamence\n|-singleturn|p1a: Salamence|Protect\n|move|p2b: Landorus|U-turn|p1b: Cresselia\n|-supereffective|p1b: Cresselia\n|-damage|p1b: Cresselia|7\/100\n|\n|t:|1701077537\n|switch|p2b: Iron Hands|Iron Hands|94\/100 brn|[from] U-turn\n|move|p2a: Dragonite|Outrage|p1a: Salamence\n|-activate|p1a: Salamence|move: Protect\n|move|p1b: Cresselia|Icy Wind|p2b: Iron Hands|[spread] p2a,p2b\n|-supereffective|p2a: Dragonite\n|-damage|p2a: Dragonite|27\/100\n|-damage|p2b: Iron Hands|90\/100 brn\n|-unboost|p2a: Dragonite|spe|1\n|-unboost|p2b: Iron Hands|spe|1\n|\n|-heal|p1b: Cresselia|13\/100|[from] item: Leftovers\n|-damage|p2b: Iron Hands|84\/100 brn|[from] brn\n|upkeep\n|turn|8\n|\n|t:|1701077558\n|switch|p1a: Arcanine|Arcanine, F|100\/100\n|-ability|p1a: Arcanine|Intimidate|boost\n|-fail|p2a: Dragonite|unboost|Attack|[from] ability: Inner Focus|[of] p2a: Dragonite\n|-unboost|p2b: Iron Hands|atk|1\n|switch|p2a: Landorus|Landorus-Therian, M|56\/100\n|-ability|p2a: Landorus|Intimidate|boost\n|-unboost|p1a: Arcanine|atk|1\n|-unboost|p1b: Cresselia|atk|1\n|move|p1b: Cresselia|Lunar Blessing|p1b: Cresselia|[spread] p1a,p1b\n|-heal|p1b: Cresselia|38\/100\n|move|p2b: Iron Hands|Wild Charge|p1a: Arcanine\n|-damage|p1a: Arcanine|86\/100\n|-damage|p2b: Iron Hands|81\/100 brn|[from] Recoil\n|\n|-heal|p1b: Cresselia|44\/100|[from] item: Leftovers\n|-damage|p2b: Iron Hands|75\/100 brn|[from] brn\n|upkeep\n|turn|9\n|inactive|aknowthat has 120 seconds left.\n|\n|t:|1701077588\n|switch|p1a: Goodra|Goodra-Hisui, M|100\/100\n|move|p2a: Landorus|U-turn|p1b: Cresselia\n|-supereffective|p1b: Cresselia\n|-crit|p1b: Cresselia\n|-damage|p1b: Cresselia|0 fnt\n|faint|p1b: Cresselia\n|\n|t:|1701077595\n|switch|p2a: Fezandipiti|Fezandipiti, M|13\/100|[from] U-turn\n|move|p2b: Iron Hands|Drain Punch|p1a: Goodra\n|-supereffective|p1a: Goodra\n|-damage|p1a: Goodra|72\/100\n|-heal|p2b: Iron Hands|85\/100 brn|[from] drain|[of] p1a: Goodra\n|\n|-heal|p2a: Fezandipiti|19\/100|[from] item: Leftovers\n|-damage|p2b: Iron Hands|79\/100 brn|[from] brn\n|upkeep\n|inactive|aknowthat has 120 seconds left.\n|\n|t:|1701077610\n|switch|p1b: Salamence|Salamence, M|44\/100\n|-ability|p1b: Salamence|Intimidate|boost\n|-unboost|p2a: Fezandipiti|atk|1\n|-unboost|p2b: Iron Hands|atk|1\n|turn|10\n|\n|t:|1701077624\n|switch|p2a: Landorus|Landorus-Therian, M|56\/100\n|-ability|p2a: Landorus|Intimidate|boost\n|-unboost|p1a: Goodra|atk|1\n|-unboost|p1b: Salamence|atk|1\n|-end|p2b: Iron Hands|Quark Drive|[silent]\n|switch|p2b: Heatran|Heatran, F, tera:Flying|73\/100\n|move|p1b: Salamence|Protect|p1b: Salamence\n|-singleturn|p1b: Salamence|Protect\n|move|p1a: Goodra|Flash Cannon|p2a: Landorus\n|-damage|p2a: Landorus|1\/100\n|\n|-heal|p2b: Heatran|79\/100|[from] item: Leftovers\n|upkeep\n|turn|11\n|\n|t:|1701077643\n|switch|p1a: Arcanine|Arcanine, F|86\/100\n|-ability|p1a: Arcanine|Intimidate|boost\n|-unboost|p2a: Landorus|atk|1\n|-unboost|p2b: Heatran|atk|1\n|move|p2a: Landorus|Protect|p2a: Landorus\n|-singleturn|p2a: Landorus|Protect\n|move|p1b: Salamence|Rock Slide|p2a: Landorus|[spread] p2b\n|-activate|p2a: Landorus|move: Protect\n|-supereffective|p2b: Heatran\n|-damage|p2b: Heatran|47\/100\n|-damage|p1b: Salamence|34\/100|[from] item: Life Orb\n|cant|p2b: Heatran|flinch\n|\n|-heal|p2b: Heatran|53\/100|[from] item: Leftovers\n|upkeep\n|turn|12\n|\n|t:|1701077662\n|switch|p2a: Iron Hands|Iron Hands|79\/100 brn\n|move|p1b: Salamence|Rock Slide|p2b: Heatran|[spread] p2a,p2b\n|-resisted|p2a: Iron Hands\n|-supereffective|p2b: Heatran\n|-damage|p2a: Iron Hands|73\/100 brn\n|-damage|p2b: Heatran|22\/100\n|-damage|p1b: Salamence|24\/100|[from] item: Life Orb\n|move|p1a: Arcanine|Will-O-Wisp|p2a: Iron Hands\n|-fail|p2a: Iron Hands|brn\n|move|p2b: Heatran|Tera Blast|p1b: Salamence|[anim] Tera Blast Flying\n|-damage|p1b: Salamence|0 fnt\n|faint|p1b: Salamence\n|\n|-heal|p2b: Heatran|28\/100|[from] item: Leftovers\n|-damage|p2a: Iron Hands|67\/100 brn|[from] brn\n|upkeep\n|\n|t:|1701077677\n|switch|p1b: Volcarona|Volcarona, F|47\/100\n|turn|13\n|\n|t:|1701077693\n|move|p1a: Arcanine|Protect|p1a: Arcanine\n|-singleturn|p1a: Arcanine|Protect\n|move|p2a: Iron Hands|Fake Out|p1b: Volcarona\n|-damage|p1b: Volcarona|35\/100\n|cant|p1b: Volcarona|flinch\n|move|p2b: Heatran|Heat Wave|p1b: Volcarona|[spread] p1b\n|-activate|p1a: Arcanine|move: Protect\n|-damage|p1b: Volcarona|0 fnt\n|faint|p1b: Volcarona\n|\n|-heal|p2b: Heatran|35\/100|[from] item: Leftovers\n|-damage|p2a: Iron Hands|61\/100 brn|[from] brn\n|upkeep\n|\n|t:|1701077707\n|switch|p1b: Breloom|Breloom, M|77\/100\n|turn|14\n|\n|t:|1701077715\n|move|p2b: Heatran|Protect|p2b: Heatran\n|-singleturn|p2b: Heatran|Protect\n|move|p1b: Breloom|Aerial Ace|p2b: Heatran\n|-activate|p2b: Heatran|move: Protect\n|move|p1a: Arcanine|Heat Wave|p2b: Heatran|[spread] p2a\n|-activate|p2b: Heatran|move: Protect\n|-damage|p2a: Iron Hands|48\/100 brn\n|move|p2a: Iron Hands|Wild Charge|p1b: Breloom\n|-resisted|p1b: Breloom\n|-damage|p1b: Breloom|56\/100\n|-damage|p2a: Iron Hands|45\/100 brn|[from] Recoil\n|\n|-heal|p2b: Heatran|41\/100|[from] item: Leftovers\n|-damage|p2a: Iron Hands|39\/100 brn|[from] brn\n|upkeep\n|turn|15\n|\n|t:|1701077732\n|switch|p1a: Goodra|Goodra-Hisui, M|72\/100\n|switch|p2b: Landorus|Landorus-Therian, M|1\/100\n|-ability|p2b: Landorus|Intimidate|boost\n|-unboost|p1a: Goodra|atk|1\n|-unboost|p1b: Breloom|atk|1\n|move|p1b: Breloom|Aerial Ace|p2a: Iron Hands\n|-damage|p2a: Iron Hands|25\/100 brn\n|move|p2a: Iron Hands|Drain Punch|p1b: Breloom\n|-damage|p1b: Breloom|23\/100\n|-heal|p2a: Iron Hands|34\/100 brn|[from] drain|[of] p1b: Breloom\n|\n|-damage|p2a: Iron Hands|28\/100 brn|[from] brn\n|upkeep\n|turn|16\n|\n|t:|1701077753\n|switch|p1b: Arcanine|Arcanine, F|86\/100\n|-ability|p1b: Arcanine|Intimidate|boost\n|-unboost|p2a: Iron Hands|atk|1\n|-unboost|p2b: Landorus|atk|1\n|-terastallize|p1a: Goodra|Water\n|move|p2b: Landorus|U-turn|p1b: Arcanine\n|-resisted|p1b: Arcanine\n|-damage|p1b: Arcanine|79\/100\n|\n|t:|1701077760\n|switch|p2b: Dragonite|Dragonite, M|27\/100|[from] U-turn\n|move|p1a: Goodra|Flash Cannon|p2b: Dragonite\n|-damage|p2b: Dragonite|0 fnt\n|faint|p2b: Dragonite\n|move|p2a: Iron Hands|Drain Punch|p1a: Goodra\n|-damage|p1a: Goodra|58\/100\n|-heal|p2a: Iron Hands|32\/100 brn|[from] drain|[of] p1a: Goodra\n|\n|-damage|p2a: Iron Hands|26\/100 brn|[from] brn\n|upkeep\n|\n|t:|1701077768\n|switch|p2b: Fezandipiti|Fezandipiti, M|19\/100\n|turn|17\n|\n|t:|1701077782\n|move|p2b: Fezandipiti|Taunt|p1b: Arcanine\n|-start|p1b: Arcanine|move: Taunt\n|move|p1b: Arcanine|Heat Wave|p2b: Fezandipiti|[spread] p2a,p2b\n|-damage|p2a: Iron Hands|11\/100 brn\n|-damage|p2b: Fezandipiti|0 fnt\n|faint|p2b: Fezandipiti\n|move|p1a: Goodra|Flash Cannon|p2a: Iron Hands\n|-resisted|p2a: Iron Hands\n|-damage|p2a: Iron Hands|0 fnt\n|faint|p2a: Iron Hands\n|-end|p2a: Iron Hands|Quark Drive|[silent]\n|\n|upkeep\n|\n|t:|1701077786\n|switch|p2b: Ogerpon|Ogerpon-Wellspring, F|100\/100\n|switch|p2a: Heatran|Heatran, F, tera:Flying|41\/100\n|turn|18\n|\n|t:|1701077801\n|switch|p1b: Breloom|Breloom, M|23\/100\n|move|p2b: Ogerpon|Ivy Cudgel|p1b: Breloom|[anim] Ivy Cudgel Water\n|-resisted|p1b: Breloom\n|-damage|p1b: Breloom|0 fnt\n|faint|p1b: Breloom\n|move|p2a: Heatran|Tera Blast|p1a: Goodra|[anim] Tera Blast Flying\n|-damage|p1a: Goodra|38\/100\n|move|p1a: Goodra|Sludge Bomb|p2a: Heatran\n|-damage|p2a: Heatran|12\/100\n|\n|-heal|p2a: Heatran|18\/100|[from] item: Leftovers\n|upkeep\n|\n|t:|1701077813\n|switch|p1b: Arcanine|Arcanine, F|79\/100\n|-ability|p1b: Arcanine|Intimidate|boost\n|-unboost|p2a: Heatran|atk|1\n|-unboost|p2b: Ogerpon|atk|1\n|turn|19\n|\n|t:|1701077823\n|move|p2b: Ogerpon|Ivy Cudgel|p1a: Goodra|[anim] Ivy Cudgel Water\n|-resisted|p1a: Goodra\n|-damage|p1a: Goodra|23\/100\n|move|p1b: Arcanine|Will-O-Wisp|p2b: Ogerpon\n|-status|p2b: Ogerpon|brn\n|move|p2a: Heatran|Tera Blast|p1a: Goodra|[anim] Tera Blast Flying\n|-damage|p1a: Goodra|3\/100\n|move|p1a: Goodra|Sludge Bomb|p2a: Heatran\n|-damage|p2a: Heatran|0 fnt\n|faint|p2a: Heatran\n|\n|-damage|p2b: Ogerpon|94\/100 brn|[from] brn\n|upkeep\n|\n|t:|1701077827\n|switch|p2a: Landorus|Landorus-Therian, M|1\/100\n|-ability|p2a: Landorus|Intimidate|boost\n|-unboost|p1a: Goodra|atk|1\n|-unboost|p1b: Arcanine|atk|1\n|turn|20\n|\n|t:|1701077843\n|move|p2b: Ogerpon|Leech Seed|p1b: Arcanine\n|-start|p1b: Arcanine|move: Leech Seed\n|move|p2a: Landorus|Stomping Tantrum|p1a: Goodra\n|-damage|p1a: Goodra|0 fnt\n|faint|p1a: Goodra\n|move|p1b: Arcanine|Heat Wave|p2b: Ogerpon|[spread] p2b\n|-miss|p1b: Arcanine|p2a: Landorus\n|-damage|p2b: Ogerpon|69\/100 brn\n|\n|-damage|p1b: Arcanine|67\/100|[from] Leech Seed|[of] p2b: Ogerpon\n|-heal|p2b: Ogerpon|82\/100 brn|[silent]\n|-damage|p2b: Ogerpon|76\/100 brn|[from] brn\n|upkeep\n|turn|21\n|\n|t:|1701077854\n|move|p2b: Ogerpon|Ivy Cudgel|p1b: Arcanine|[anim] Ivy Cudgel Water\n|-supereffective|p1b: Arcanine\n|-damage|p1b: Arcanine|41\/100\n|move|p2a: Landorus|Stomping Tantrum|p1b: Arcanine\n|-supereffective|p1b: Arcanine\n|-damage|p1b: Arcanine|0 fnt\n|faint|p1b: Arcanine\n|\n|win|PolarettoBoy\n|raw|aknowthat's rating: 1392 &rarr; <strong>1377<\/strong><br \/>(-15 for losing)\n|raw|PolarettoBoy's rating: 1481 &rarr; <strong>1496<\/strong><br \/>(+15 for winning)\n|l|\u2606aknowthat\n","uploadtime":1701077868,"views":9,"p1id":"aknowthat","p2id":"polarettoboy","formatid":"gen9doublesou","rating":1377,"private":0,"password":""}