{"id":"gen9doublesou-1989131552","p1":"InsrtNameHere","p2":"bavier_ultimate","format":"[Gen 9] Doubles OU","log":"|j|\u2606InsrtNameHere\n|j|\u2606bavier_ultimate\n|t:|1699815602\n|gametype|doubles\n|player|p1|InsrtNameHere|burglar|1387\n|player|p2|bavier_ultimate|2|1370\n|teamsize|p1|6\n|teamsize|p2|6\n|gen|9\n|tier|[Gen 9] Doubles OU\n|rated|\n|rule|Species Clause: Limit one of each Pok\u00e9mon\n|rule|OHKO Clause: OHKO moves are banned\n|rule|Evasion Moves Clause: Evasion moves are banned\n|rule|Gravity Sleep Clause: The combination of sleep-inducing moves with imperfect accuracy and Gravity or Gigantamax Orbeetle are banned\n|rule|Endless Battle Clause: Forcing endless battles is banned\n|rule|HP Percentage Mod: HP is shown in percentages\n|clearpoke\n|poke|p1|Baxcalibur, F|\n|poke|p1|Torkoal, M|\n|poke|p1|Walking Wake|\n|poke|p1|Amoonguss, F|\n|poke|p1|Rillaboom, M|\n|poke|p1|Heatran, M|\n|poke|p2|Cresselia, F|\n|poke|p2|Heatran, F|\n|poke|p2|Brute Bonnet|\n|poke|p2|Landorus-Therian, M|\n|poke|p2|Klefki, M|\n|poke|p2|Ninetales-Alola, F|\n|teampreview\n|inactive|Battle timer is ON: inactive players will automatically lose when time's up. (requested by bavier_ultimate)\n|\n|t:|1699815622\n|start\n|switch|p1a: Rillaboom|Rillaboom, M|100\/100\n|switch|p1b: Amoonguss|Amoonguss, F|100\/100\n|switch|p2a: Klefki|Klefki, M|100\/100\n|switch|p2b: Ninetales|Ninetales-Alola, F|100\/100\n|-weather|Snow|[from] ability: Snow Warning|[of] p2b: Ninetales\n|-fieldstart|move: Grassy Terrain|[from] ability: Grassy Surge|[of] p1a: Rillaboom\n|turn|1\n|inactive|InsrtNameHere has 120 seconds left.\n|\n|t:|1699815657\n|move|p1a: Rillaboom|Fake Out|p2b: Ninetales\n|-damage|p2b: Ninetales|87\/100\n|move|p2a: Klefki|Thunder Wave|p1b: Amoonguss\n|-status|p1b: Amoonguss|par\n|cant|p2b: Ninetales|flinch\n|move|p1b: Amoonguss|Spore|p2b: Ninetales\n|-status|p2b: Ninetales|slp|[from] move: Spore\n|\n|-weather|Snow|[upkeep]\n|-heal|p2b: Ninetales|93\/100 slp|[from] Grassy Terrain\n|upkeep\n|turn|2\n|\n|t:|1699815684\n|move|p2a: Klefki|Thunder Wave|p1a: Rillaboom\n|-status|p1a: Rillaboom|par\n|cant|p2b: Ninetales|slp\n|cant|p1a: Rillaboom|par\n|move|p1b: Amoonguss|Spore|p2a: Klefki\n|-status|p2a: Klefki|slp|[from] move: Spore\n|\n|-weather|Snow|[upkeep]\n|-heal|p2b: Ninetales|99\/100 slp|[from] Grassy Terrain\n|upkeep\n|turn|3\n|\n|t:|1699815701\n|switch|p1a: Heatran|Heatran, M|100\/100\n|switch|p1b: Torkoal|Torkoal, M|100\/100\n|-weather|SunnyDay|[from] ability: Drought|[of] p1b: Torkoal\n|cant|p2a: Klefki|slp\n|cant|p2b: Ninetales|slp\n|\n|-weather|SunnyDay|[upkeep]\n|-heal|p2b: Ninetales|100\/100 slp|[from] Grassy Terrain\n|upkeep\n|turn|4\n|inactive|bavier_ultimate has 120 seconds left.\n|\n|t:|1699815755\n|switch|p2b: Cresselia|Cresselia, F|100\/100\n|switch|p2a: Heatran|Heatran, F|100\/100\n|switch|p1b: Walking Wake|Walking Wake|100\/100\n|-activate|p1b: Walking Wake|ability: Protosynthesis\n|-start|p1b: Walking Wake|protosynthesisspe\n|move|p1a: Heatran|Heat Wave|p2a: Heatran|[spread] p2b\n|-start|p2a: Heatran|ability: Flash Fire\n|-damage|p2b: Cresselia|60\/100\n|\n|-weather|SunnyDay|[upkeep]\n|-heal|p2b: Cresselia|66\/100|[from] item: Leftovers\n|upkeep\n|turn|5\n|inactive|bavier_ultimate has 120 seconds left.\n|\n|t:|1699815777\n|switch|p2b: Ninetales|Ninetales-Alola, F|100\/100 slp\n|-weather|Snow|[from] ability: Snow Warning|[of] p2b: Ninetales\n|-end|p1b: Walking Wake|Protosynthesis\n|-terastallize|p2a: Heatran|Grass\n|move|p1b: Walking Wake|Hydro Steam|p2a: Heatran\n|-resisted|p2a: Heatran\n|-damage|p2a: Heatran|83\/100\n|move|p2a: Heatran|Earth Power|p1a: Heatran\n|-supereffective|p1a: Heatran\n|-enditem|p1a: Heatran|Shuca Berry|[eat]\n|-enditem|p1a: Heatran|Shuca Berry|[weaken]\n|-damage|p1a: Heatran|57\/100\n|move|p1a: Heatran|Stealth Rock|p2b: Ninetales\n|-sidestart|p2: bavier_ultimate|move: Stealth Rock\n|\n|-weather|Snow|[upkeep]\n|-heal|p2a: Heatran|89\/100|[from] Grassy Terrain\n|-heal|p1a: Heatran|63\/100|[from] Grassy Terrain\n|-heal|p2a: Heatran|95\/100|[from] item: Leftovers\n|-fieldend|move: Grassy Terrain\n|upkeep\n|turn|6\n|inactive|bavier_ultimate has 120 seconds left.\n|\n|t:|1699815804\n|switch|p1a: Baxcalibur|Baxcalibur, F|100\/100\n|move|p1b: Walking Wake|Hydro Steam|p2b: Ninetales\n|-damage|p2b: Ninetales|39\/100 slp\n|-curestatus|p2b: Ninetales|slp|[msg]\n|move|p2b: Ninetales|Aurora Veil|p2b: Ninetales\n|-sidestart|p2: bavier_ultimate|move: Aurora Veil\n|move|p2a: Heatran|Earth Power|p1a: Baxcalibur\n|-damage|p1a: Baxcalibur|72\/100\n|\n|-weather|Snow|[upkeep]\n|-heal|p2a: Heatran|100\/100|[from] item: Leftovers\n|upkeep\n|turn|7\n|inactive|InsrtNameHere has 120 seconds left.\n|\n|t:|1699815840\n|switch|p1a: Torkoal|Torkoal, M|100\/100\n|-weather|SunnyDay|[from] ability: Drought|[of] p1a: Torkoal\n|-activate|p1b: Walking Wake|ability: Protosynthesis\n|-start|p1b: Walking Wake|protosynthesisspe\n|move|p2b: Ninetales|Helping Hand|p2a: Heatran\n|-singleturn|p2a: Heatran|Helping Hand|[of] p2b: Ninetales\n|move|p1b: Walking Wake|Hydro Steam|p2b: Ninetales\n|-damage|p2b: Ninetales|0 fnt\n|faint|p2b: Ninetales\n|move|p2a: Heatran|Flamethrower|p1a: Torkoal\n|-resisted|p1a: Torkoal\n|-damage|p1a: Torkoal|15\/100\n|\n|-weather|SunnyDay|[upkeep]\n|upkeep\n|inactive|bavier_ultimate has 120 seconds left.\n|inactive|bavier_ultimate has 90 seconds left.\n|inactive|bavier_ultimate has 60 seconds left.\n|\n|t:|1699815941\n|switch|p2b: Landorus|Landorus-Therian, M|100\/100\n|-damage|p2b: Landorus|88\/100|[from] Stealth Rock\n|-ability|p2b: Landorus|Intimidate|boost\n|-unboost|p1a: Torkoal|atk|1\n|-unboost|p1b: Walking Wake|atk|1\n|turn|8\n|\n|t:|1699815963\n|switch|p2b: Brute Bonnet|Brute Bonnet|100\/100\n|-damage|p2b: Brute Bonnet|88\/100|[from] Stealth Rock\n|-activate|p2b: Brute Bonnet|ability: Protosynthesis\n|-start|p2b: Brute Bonnet|protosynthesisspd\n|move|p1a: Torkoal|Protect|p1a: Torkoal\n|-singleturn|p1a: Torkoal|Protect\n|move|p1b: Walking Wake|Hydro Steam|p2b: Brute Bonnet\n|-resisted|p2b: Brute Bonnet\n|-damage|p2b: Brute Bonnet|73\/100\n|move|p2a: Heatran|Flash Cannon|p1b: Walking Wake\n|-resisted|p1b: Walking Wake\n|-damage|p1b: Walking Wake|81\/100\n|\n|-weather|SunnyDay|[upkeep]\n|-heal|p2b: Brute Bonnet|79\/100|[from] item: Leftovers\n|upkeep\n|turn|9\n|inactive|bavier_ultimate has 60 seconds left.\n|\n|t:|1699815988\n|-end|p1b: Walking Wake|Protosynthesis|[silent]\n|switch|p1b: Rillaboom|Rillaboom, M|100\/100 par\n|-fieldstart|move: Grassy Terrain|[from] ability: Grassy Surge|[of] p1b: Rillaboom\n|move|p2a: Heatran|Flamethrower|p1a: Torkoal\n|-resisted|p1a: Torkoal\n|-damage|p1a: Torkoal|0 fnt\n|faint|p1a: Torkoal\n|move|p2b: Brute Bonnet|Spore|p1b: Rillaboom\n|-immune|p1b: Rillaboom\n|\n|-weather|SunnyDay|[upkeep]\n|-heal|p2b: Brute Bonnet|85\/100|[from] Grassy Terrain\n|-heal|p2b: Brute Bonnet|92\/100|[from] item: Leftovers\n|upkeep\n|inactive|InsrtNameHere has 120 seconds left.\n|inactive|InsrtNameHere has 90 seconds left.\n|\n|t:|1699816033\n|switch|p1a: Walking Wake|Walking Wake|81\/100\n|-activate|p1a: Walking Wake|ability: Protosynthesis\n|-start|p1a: Walking Wake|protosynthesisspe\n|turn|10\n|\n|t:|1699816045\n|move|p1b: Rillaboom|Fake Out|p2b: Brute Bonnet\n|-damage|p2b: Brute Bonnet|83\/100\n|move|p1a: Walking Wake|Flamethrower|p2b: Brute Bonnet\n|-supereffective|p2b: Brute Bonnet\n|-damage|p2b: Brute Bonnet|45\/100\n|move|p2a: Heatran|Flamethrower|p1b: Rillaboom\n|-supereffective|p1b: Rillaboom\n|-damage|p1b: Rillaboom|0 fnt\n|faint|p1b: Rillaboom\n|cant|p2b: Brute Bonnet|flinch\n|\n|-weather|SunnyDay|[upkeep]\n|-heal|p1a: Walking Wake|87\/100|[from] Grassy Terrain\n|-heal|p2b: Brute Bonnet|51\/100|[from] Grassy Terrain\n|-heal|p2b: Brute Bonnet|57\/100|[from] item: Leftovers\n|upkeep\n|inactive|InsrtNameHere has 90 seconds left.\n|\n|t:|1699816069\n|switch|p1b: Heatran|Heatran, M|63\/100\n|turn|11\n|inactive|bavier_ultimate has 90 seconds left.\n|\n|t:|1699816085\n|-end|p2b: Brute Bonnet|Protosynthesis|[silent]\n|switch|p2b: Landorus|Landorus-Therian, M|88\/100\n|-damage|p2b: Landorus|76\/100|[from] Stealth Rock\n|-ability|p2b: Landorus|Intimidate|boost\n|-unboost|p1a: Walking Wake|atk|1\n|-unboost|p1b: Heatran|atk|1\n|move|p1b: Heatran|Protect|p1b: Heatran\n|-singleturn|p1b: Heatran|Protect\n|move|p1a: Walking Wake|Flamethrower|p2b: Landorus\n|-damage|p2b: Landorus|42\/100\n|move|p2a: Heatran|Earth Power|p1b: Heatran\n|-activate|p1b: Heatran|move: Protect\n|\n|-weather|SunnyDay|[upkeep]\n|-heal|p1a: Walking Wake|93\/100|[from] Grassy Terrain\n|-heal|p2b: Landorus|48\/100|[from] item: Leftovers\n|-heal|p1b: Heatran|69\/100|[from] Grassy Terrain\n|upkeep\n|turn|12\n|inactive|InsrtNameHere has 120 seconds left.\n|\n|t:|1699816116\n|-end|p1a: Walking Wake|Protosynthesis|[silent]\n|switch|p1a: Amoonguss|Amoonguss, F|100\/100 par\n|switch|p2b: Brute Bonnet|Brute Bonnet|57\/100\n|-damage|p2b: Brute Bonnet|44\/100|[from] Stealth Rock\n|-activate|p2b: Brute Bonnet|ability: Protosynthesis\n|-start|p2b: Brute Bonnet|protosynthesisspd\n|move|p1b: Heatran|Flash Cannon|p2b: Brute Bonnet\n|-damage|p2b: Brute Bonnet|29\/100\n|move|p2a: Heatran|Earth Power|p1b: Heatran\n|-supereffective|p1b: Heatran\n|-damage|p1b: Heatran|0 fnt\n|faint|p1b: Heatran\n|\n|-weather|SunnyDay|[upkeep]\n|-heal|p2b: Brute Bonnet|35\/100|[from] Grassy Terrain\n|-heal|p2b: Brute Bonnet|42\/100|[from] item: Leftovers\n|upkeep\n|inactive|InsrtNameHere has 90 seconds left.\n|\n|t:|1699816141\n|switch|p1b: Walking Wake|Walking Wake|93\/100\n|-activate|p1b: Walking Wake|ability: Protosynthesis\n|-start|p1b: Walking Wake|protosynthesisspe\n|turn|13\n|inactive|InsrtNameHere has 90 seconds left.\n|inactive|bavier_ultimate has 120 seconds left.\n|inactive|bavier_ultimate has 90 seconds left.\n|\n|t:|1699816199\n|move|p1a: Amoonguss|Protect|p1a: Amoonguss\n|-singleturn|p1a: Amoonguss|Protect\n|move|p1b: Walking Wake|Flamethrower|p2b: Brute Bonnet\n|-supereffective|p2b: Brute Bonnet\n|-damage|p2b: Brute Bonnet|3\/100\n|move|p2a: Heatran|Flamethrower|p1a: Amoonguss\n|-activate|p1a: Amoonguss|move: Protect\n|move|p2b: Brute Bonnet|Pollen Puff|p1a: Amoonguss\n|-activate|p1a: Amoonguss|move: Protect\n|\n|-weather|SunnyDay|[upkeep]\n|-heal|p1b: Walking Wake|99\/100|[from] Grassy Terrain\n|-heal|p2b: Brute Bonnet|9\/100|[from] Grassy Terrain\n|-heal|p2b: Brute Bonnet|16\/100|[from] item: Leftovers\n|-sideend|p2: bavier_ultimate|move: Aurora Veil\n|-fieldend|move: Grassy Terrain\n|upkeep\n|turn|14\n|inactive|InsrtNameHere has 90 seconds left.\n|\n|t:|1699816243\n|move|p1b: Walking Wake|Flamethrower|p2b: Brute Bonnet\n|-supereffective|p2b: Brute Bonnet\n|-damage|p2b: Brute Bonnet|0 fnt\n|faint|p2b: Brute Bonnet\n|-end|p2b: Brute Bonnet|Protosynthesis|[silent]\n|move|p2a: Heatran|Flamethrower|p1a: Amoonguss\n|-supereffective|p1a: Amoonguss\n|-damage|p1a: Amoonguss|0 fnt\n|faint|p1a: Amoonguss\n|\n|-weather|none\n|-end|p1b: Walking Wake|Protosynthesis\n|upkeep\n|inactive|bavier_ultimate has 120 seconds left.\n|inactive|InsrtNameHere has 90 seconds left.\n|\n|t:|1699816261\n|switch|p2b: Landorus|Landorus-Therian, M|48\/100\n|switch|p1a: Baxcalibur|Baxcalibur, F|72\/100\n|-damage|p2b: Landorus|36\/100|[from] Stealth Rock\n|-ability|p2b: Landorus|Intimidate|boost\n|-unboost|p1a: Baxcalibur|atk|1\n|-unboost|p1b: Walking Wake|atk|1\n|turn|15\n|\n|t:|1699816280\n|switch|p2b: Klefki|Klefki, M|100\/100 slp\n|-damage|p2b: Klefki|95\/100 slp|[from] Stealth Rock\n|-terastallize|p1a: Baxcalibur|Fire\n|move|p1b: Walking Wake|Flamethrower|p2b: Klefki\n|-supereffective|p2b: Klefki\n|-crit|p2b: Klefki\n|-damage|p2b: Klefki|0 fnt\n|faint|p2b: Klefki\n|move|p1a: Baxcalibur|Dragon Dance|p1a: Baxcalibur\n|-boost|p1a: Baxcalibur|atk|1\n|-boost|p1a: Baxcalibur|spe|1\n|move|p2a: Heatran|Flamethrower|p1a: Baxcalibur\n|-resisted|p1a: Baxcalibur\n|-damage|p1a: Baxcalibur|40\/100\n|-ability|p1a: Baxcalibur|Thermal Exchange|boost\n|-boost|p1a: Baxcalibur|atk|1\n|\n|upkeep\n|\n|t:|1699816294\n|switch|p2b: Cresselia|Cresselia, F|66\/100\n|-damage|p2b: Cresselia|53\/100|[from] Stealth Rock\n|turn|16\n|inactive|InsrtNameHere has 120 seconds left.\n|\n|t:|1699816305\n|switch|p2b: Landorus|Landorus-Therian, M|36\/100\n|-damage|p2b: Landorus|23\/100|[from] Stealth Rock\n|-ability|p2b: Landorus|Intimidate|boost\n|-unboost|p1a: Baxcalibur|atk|1\n|-unboost|p1b: Walking Wake|atk|1\n|move|p1a: Baxcalibur|Icicle Spear|p2a: Heatran\n|-supereffective|p2a: Heatran\n|-damage|p2a: Heatran|77\/100\n|-supereffective|p2a: Heatran\n|-damage|p2a: Heatran|54\/100\n|-supereffective|p2a: Heatran\n|-damage|p2a: Heatran|31\/100\n|-supereffective|p2a: Heatran\n|-damage|p2a: Heatran|6\/100\n|-supereffective|p2a: Heatran\n|-damage|p2a: Heatran|0 fnt\n|faint|p2a: Heatran\n|-hitcount|p2: Heatran|5\n|move|p1b: Walking Wake|Flamethrower|p2b: Landorus\n|-crit|p2b: Landorus\n|-damage|p2b: Landorus|0 fnt\n|faint|p2b: Landorus\n|\n|upkeep\n|-message|bavier_ultimate forfeited.\n|\n|win|InsrtNameHere\n|raw|InsrtNameHere's rating: 1387 &rarr; <strong>1406<\/strong><br \/>(+19 for winning)\n|raw|bavier_ultimate's rating: 1370 &rarr; <strong>1351<\/strong><br \/>(-19 for losing)\n|l|\u2606bavier_ultimate\n","uploadtime":1699816336,"views":12,"p1id":"insrtnamehere","p2id":"bavierultimate","formatid":"gen9doublesou","rating":1351,"private":0,"password":""}