{"id":"gen9doublesou-1976398414","p1":"GyaruxX","p2":"SXD2002","format":"[Gen 9] Doubles OU","log":"|j|\u2606GyaruxX\n|j|\u2606SXD2002\n|t:|1698296549\n|gametype|doubles\n|player|p1|GyaruxX|dahlia|1066\n|player|p2|SXD2002|silver-masters|1128\n|teamsize|p1|6\n|teamsize|p2|6\n|gen|9\n|tier|[Gen 9] Doubles OU\n|rated|\n|rule|Species Clause: Limit one of each Pok\u00e9mon\n|rule|OHKO Clause: OHKO moves are banned\n|rule|Evasion Moves Clause: Evasion moves are banned\n|rule|Gravity Sleep Clause: The combination of sleep-inducing moves with imperfect accuracy and Gravity or Gigantamax Orbeetle are banned\n|rule|Endless Battle Clause: Forcing endless battles is banned\n|rule|HP Percentage Mod: HP is shown in percentages\n|clearpoke\n|poke|p1|Ogerpon-Cornerstone, F|\n|poke|p1|Ceruledge, M|\n|poke|p1|Honchkrow, F|\n|poke|p1|Ursaluna-Bloodmoon, M|\n|poke|p1|Gholdengo|\n|poke|p1|Walking Wake|\n|poke|p2|Lurantis, M|\n|poke|p2|Murkrow, M|\n|poke|p2|Grimmsnarl, M|\n|poke|p2|Clefairy, M|\n|poke|p2|Talonflame, F|\n|poke|p2|Espeon, F|\n|teampreview\n|inactive|Battle timer is ON: inactive players will automatically lose when time's up. (requested by SXD2002)\n|\n|t:|1698296556\n|start\n|switch|p1a: Ren|Ursaluna-Bloodmoon, M|100\/100\n|switch|p1b: MafiaMommy|Honchkrow, F, shiny|100\/100\n|switch|p2a: Murkrow|Murkrow, M|100\/100\n|switch|p2b: Lurantis|Lurantis, M|100\/100\n|turn|1\n|\n|t:|1698296575\n|move|p2b: Lurantis|Protect|p2b: Lurantis\n|-singleturn|p2b: Lurantis|Protect\n|move|p2a: Murkrow|Snarl|p1a: Ren|[spread] p1a,p1b\n|-resisted|p1b: MafiaMommy\n|-damage|p1a: Ren|86\/100\n|-damage|p1b: MafiaMommy|92\/100\n|-unboost|p1a: Ren|spa|1\n|-unboost|p1b: MafiaMommy|spa|1\n|move|p1b: MafiaMommy|Tailwind|p1b: MafiaMommy\n|-sidestart|p1: GyaruxX|move: Tailwind\n|move|p1a: Ren|Thunder Punch|p2a: Murkrow\n|-supereffective|p2a: Murkrow\n|-damage|p2a: Murkrow|60\/100\n|\n|upkeep\n|turn|2\n|\n|t:|1698296605\n|move|p2a: Murkrow|Screech|p2b: Lurantis\n|-boost|p2b: Lurantis|def|2\n|move|p1b: MafiaMommy|Night Slash|p2b: Lurantis\n|-crit|p2b: Lurantis\n|-damage|p2b: Lurantis|27\/100\n|move|p1a: Ren|Earth Power|p2a: Murkrow\n|-immune|p2a: Murkrow\n|move|p2b: Lurantis|Superpower|p1a: Ren\n|-supereffective|p1a: Ren\n|-damage|p1a: Ren|45\/100\n|-boost|p2b: Lurantis|atk|1\n|-boost|p2b: Lurantis|def|1\n|\n|-heal|p2b: Lurantis|33\/100|[from] item: Leftovers\n|upkeep\n|turn|3\n|inactive|SXD2002 has 120 seconds left.\n|\n|t:|1698296641\n|move|p1b: MafiaMommy|Protect|p1b: MafiaMommy\n|-singleturn|p1b: MafiaMommy|Protect\n|move|p2a: Murkrow|Feather Dance|p2b: Lurantis\n|-boost|p2b: Lurantis|atk|2\n|move|p1a: Ren|Hyper Voice|p2a: Murkrow|[spread] p2a,p2b\n|-damage|p2a: Murkrow|37\/100\n|-damage|p2b: Lurantis|13\/100\n|move|p2b: Lurantis|Leech Life|p1b: MafiaMommy\n|-activate|p1b: MafiaMommy|move: Protect\n|\n|-heal|p2b: Lurantis|19\/100|[from] item: Leftovers\n|upkeep\n|turn|4\n|\n|t:|1698296659\n|switch|p2a: Clefairy|Clefairy, M|100\/100\n|move|p2b: Lurantis|Protect|p2b: Lurantis\n|-singleturn|p2b: Lurantis|Protect\n|move|p1b: MafiaMommy|Air Cutter|p2b: Lurantis|[spread] p2a\n|-activate|p2b: Lurantis|move: Protect\n|-damage|p2a: Clefairy|93\/100\n|move|p1a: Ren|Hyper Voice|p2b: Lurantis|[spread] p2a\n|-activate|p2b: Lurantis|move: Protect\n|-damage|p2a: Clefairy|76\/100\n|\n|-heal|p2b: Lurantis|25\/100|[from] item: Leftovers\n|-sideend|p1: GyaruxX|move: Tailwind\n|upkeep\n|turn|5\n|\n|t:|1698296685\n|switch|p1a: Kirito|Ceruledge, M, shiny|100\/100\n|-terastallize|p2b: Lurantis|Steel\n|move|p2a: Clefairy|Follow Me|p2a: Clefairy\n|-singleturn|p2a: Clefairy|move: Follow Me\n|move|p1b: MafiaMommy|Night Slash|p2a: Clefairy\n|-resisted|p2a: Clefairy\n|-crit|p2a: Clefairy\n|-damage|p2a: Clefairy|38\/100\n|move|p2b: Lurantis|Superpower|p1a: Kirito\n|-immune|p1a: Kirito\n|\n|-heal|p2b: Lurantis|31\/100|[from] item: Leftovers\n|upkeep\n|turn|6\n|\n|t:|1698296709\n|move|p1b: MafiaMommy|Protect|p1b: MafiaMommy\n|-singleturn|p1b: MafiaMommy|Protect\n|move|p2a: Clefairy|Follow Me|p2a: Clefairy\n|-singleturn|p2a: Clefairy|move: Follow Me\n|move|p1a: Kirito|Bitter Blade|p2a: Clefairy\n|-damage|p2a: Clefairy|0 fnt\n|faint|p2a: Clefairy\n|move|p2b: Lurantis|Leaf Storm|p1a: Kirito\n|-resisted|p1a: Kirito\n|-damage|p1a: Kirito|80\/100\n|-boost|p2b: Lurantis|spa|2\n|\n|-heal|p2b: Lurantis|37\/100|[from] item: Leftovers\n|upkeep\n|\n|t:|1698296722\n|switch|p2a: Murkrow|Murkrow, M|37\/100\n|turn|7\n|\n|t:|1698296738\n|switch|p1b: Drake Bell|Walking Wake|100\/100\n|move|p2b: Lurantis|Protect|p2b: Lurantis\n|-singleturn|p2b: Lurantis|Protect\n|move|p2a: Murkrow|Thunder Wave|p1a: Kirito\n|-status|p1a: Kirito|par\n|move|p1a: Kirito|Bitter Blade|p2b: Lurantis\n|-activate|p2b: Lurantis|move: Protect\n|\n|-heal|p2b: Lurantis|43\/100|[from] item: Leftovers\n|upkeep\n|turn|8\n|\n|t:|1698296766\n|move|p2a: Murkrow|Thunder Wave|p1b: Drake Bell\n|-status|p1b: Drake Bell|par\n|cant|p1b: Drake Bell|par\n|move|p2b: Lurantis|Leaf Storm|p1b: Drake Bell|[miss]\n|-miss|p2b: Lurantis|p1b: Drake Bell\n|move|p1a: Kirito|Bitter Blade|p2a: Murkrow\n|-damage|p2a: Murkrow|0 fnt\n|-heal|p1a: Kirito|100\/100 par|[from] drain|[of] p2a: Murkrow\n|faint|p2a: Murkrow\n|\n|-heal|p2b: Lurantis|49\/100|[from] item: Leftovers\n|upkeep\n|\n|t:|1698296775\n|switch|p2a: Talonflame|Talonflame, F|100\/100\n|turn|9\n|\n|t:|1698296791\n|switch|p1a: Ren|Ursaluna-Bloodmoon, M|45\/100\n|move|p2b: Lurantis|Protect|p2b: Lurantis\n|-singleturn|p2b: Lurantis|Protect\n|move|p2a: Talonflame|Tailwind|p2a: Talonflame\n|-sidestart|p2: SXD2002|move: Tailwind\n|cant|p1b: Drake Bell|par\n|\n|-heal|p2b: Lurantis|56\/100|[from] item: Leftovers\n|upkeep\n|turn|10\n|\n|t:|1698296808\n|-terastallize|p1a: Ren|Electric\n|move|p2a: Talonflame|Defog|p2b: Lurantis\n|-boost|p2b: Lurantis|evasion|1\n|move|p2b: Lurantis|Leaf Storm|p1a: Ren\n|-damage|p1a: Ren|0 fnt\n|-boost|p2b: Lurantis|spa|2\n|faint|p1a: Ren\n|cant|p1b: Drake Bell|par\n|\n|-heal|p2b: Lurantis|62\/100|[from] item: Leftovers\n|upkeep\n|\n|t:|1698296824\n|switch|p1a: NeedsABetterShiny|Gholdengo|100\/100\n|turn|11\n|\n|t:|1698296838\n|move|p2a: Talonflame|Defog|p2b: Lurantis\n|-boost|p2b: Lurantis|evasion|1\n|move|p1a: NeedsABetterShiny|Power Gem|p2a: Talonflame\n|-supereffective|p2a: Talonflame\n|-crit|p2a: Talonflame\n|-damage|p2a: Talonflame|0 fnt\n|faint|p2a: Talonflame\n|move|p2b: Lurantis|Leaf Storm|p1b: Drake Bell\n|-damage|p1b: Drake Bell|0 fnt\n|-boost|p2b: Lurantis|spa|2\n|faint|p1b: Drake Bell\n|-end|p1b: Drake Bell|Protosynthesis|[silent]\n|\n|-heal|p2b: Lurantis|68\/100|[from] item: Leftovers\n|upkeep\n|\n|t:|1698296849\n|switch|p2a: Grimmsnarl|Grimmsnarl, M|100\/100\n|switch|p1b: Ponyo|Ogerpon-Cornerstone, F|100\/100\n|turn|12\n|\n|t:|1698296874\n|move|p1b: Ponyo|Protect|p1b: Ponyo\n|-singleturn|p1b: Ponyo|Protect\n|move|p2a: Grimmsnarl|Dazzling Gleam|p1b: Ponyo|[spread] p1a\n|-activate|p1b: Ponyo|move: Protect\n|-resisted|p1a: NeedsABetterShiny\n|-damage|p1a: NeedsABetterShiny|89\/100\n|move|p1a: NeedsABetterShiny|Make It Rain|p2b: Lurantis|[spread] p2a\n|-miss|p1a: NeedsABetterShiny|p2b: Lurantis\n|-supereffective|p2a: Grimmsnarl\n|-damage|p2a: Grimmsnarl|28\/100\n|-unboost|p1a: NeedsABetterShiny|spa|1\n|move|p2b: Lurantis|Superpower|p1b: Ponyo\n|-activate|p1b: Ponyo|move: Protect\n|\n|-heal|p2a: Grimmsnarl|35\/100|[from] item: Leftovers\n|-heal|p1a: NeedsABetterShiny|95\/100|[from] item: Leftovers\n|-heal|p2b: Lurantis|74\/100|[from] item: Leftovers\n|-sideend|p2: SXD2002|move: Tailwind\n|upkeep\n|turn|13\n|\n|t:|1698296894\n|switch|p1b: MafiaMommy|Honchkrow, F, shiny|92\/100\n|move|p1a: NeedsABetterShiny|Power Gem|p2a: Grimmsnarl\n|-damage|p2a: Grimmsnarl|21\/100\n|move|p2a: Grimmsnarl|Dazzling Gleam|p1a: NeedsABetterShiny|[spread] p1a,p1b\n|-resisted|p1a: NeedsABetterShiny\n|-supereffective|p1b: MafiaMommy\n|-damage|p1a: NeedsABetterShiny|84\/100\n|-damage|p1b: MafiaMommy|34\/100\n|move|p2b: Lurantis|Superpower|p1b: MafiaMommy\n|-damage|p1b: MafiaMommy|0 fnt\n|-boost|p2b: Lurantis|atk|1\n|-boost|p2b: Lurantis|def|1\n|faint|p1b: MafiaMommy\n|\n|-heal|p1a: NeedsABetterShiny|90\/100|[from] item: Leftovers\n|-heal|p2a: Grimmsnarl|27\/100|[from] item: Leftovers\n|-heal|p2b: Lurantis|80\/100|[from] item: Leftovers\n|upkeep\n|\n|t:|1698296905\n|switch|p1b: Kirito|Ceruledge, M, shiny|100\/100 par\n|turn|14\n|inactive|GyaruxX has 120 seconds left.\n|\n|t:|1698296946\n|switch|p1a: Ponyo|Ogerpon-Cornerstone, F|100\/100\n|move|p2a: Grimmsnarl|Scary Face|p2b: Lurantis|[miss]\n|-miss|p2a: Grimmsnarl|p2b: Lurantis\n|move|p2b: Lurantis|Leaf Storm|p1b: Kirito\n|-resisted|p1b: Kirito\n|-damage|p1b: Kirito|22\/100 par\n|move|p1b: Kirito|Close Combat|p2b: Lurantis\n|-supereffective|p2b: Lurantis\n|-damage|p2b: Lurantis|51\/100\n|-unboost|p1b: Kirito|def|1\n|-unboost|p1b: Kirito|spd|1\n|\n|-heal|p2a: Grimmsnarl|33\/100|[from] item: Leftovers\n|-heal|p2b: Lurantis|57\/100|[from] item: Leftovers\n|upkeep\n|turn|15\n|\n|t:|1698296961\n|switch|p1b: NeedsABetterShiny|Gholdengo|90\/100\n|move|p1a: Ponyo|Protect|p1a: Ponyo\n|-singleturn|p1a: Ponyo|Protect\n|move|p2b: Lurantis|Protect|p2b: Lurantis\n|-singleturn|p2b: Lurantis|Protect\n|move|p2a: Grimmsnarl|Dazzling Gleam|p1b: NeedsABetterShiny|[spread] p1b\n|-activate|p1a: Ponyo|move: Protect\n|-resisted|p1b: NeedsABetterShiny\n|-damage|p1b: NeedsABetterShiny|79\/100\n|\n|-heal|p1b: NeedsABetterShiny|85\/100|[from] item: Leftovers\n|-heal|p2a: Grimmsnarl|39\/100|[from] item: Leftovers\n|-heal|p2b: Lurantis|63\/100|[from] item: Leftovers\n|upkeep\n|turn|16\n|\n|t:|1698296984\n|move|p1b: NeedsABetterShiny|Make It Rain|p2a: Grimmsnarl|[spread] p2a\n|-miss|p1b: NeedsABetterShiny|p2b: Lurantis\n|-supereffective|p2a: Grimmsnarl\n|-damage|p2a: Grimmsnarl|0 fnt\n|-unboost|p1b: NeedsABetterShiny|spa|1\n|faint|p2a: Grimmsnarl\n|move|p1a: Ponyo|Swords Dance|p1a: Ponyo\n|-boost|p1a: Ponyo|atk|2\n|move|p2b: Lurantis|Leaf Storm|p1a: Ponyo\n|-ability|p1a: Ponyo|Sturdy\n|-damage|p1a: Ponyo|1\/100\n|\n|-heal|p1b: NeedsABetterShiny|91\/100|[from] item: Leftovers\n|-heal|p2b: Lurantis|69\/100|[from] item: Leftovers\n|upkeep\n|\n|t:|1698297007\n|switch|p2a: Espeon|Espeon, F|100\/100\n|turn|17\n|\n|t:|1698297018\n|switch|p1b: Kirito|Ceruledge, M, shiny|22\/100 par\n|move|p1a: Ponyo|Protect|p1a: Ponyo\n|-singleturn|p1a: Ponyo|Protect\n|move|p2a: Espeon|Psych Up|p2b: Lurantis\n|-copyboost|p2a: Espeon|p2b: Lurantis|[from] move: Psych Up\n|move|p2b: Lurantis|Leech Life|p1a: Ponyo\n|-activate|p1a: Ponyo|move: Protect\n|\n|-heal|p2b: Lurantis|75\/100|[from] item: Leftovers\n|upkeep\n|turn|18\n|\n|t:|1698297035\n|move|p2a: Espeon|Stored Power|p1b: Kirito\n|-damage|p1b: Kirito|0 fnt\n|faint|p1b: Kirito\n|move|p1a: Ponyo|Horn Leech|p2a: Espeon|[miss]\n|-miss|p1a: Ponyo|p2a: Espeon\n|move|p2b: Lurantis|Leech Life|p1a: Ponyo\n|-supereffective|p1a: Ponyo\n|-damage|p1a: Ponyo|0 fnt\n|-heal|p2b: Lurantis|76\/100|[from] drain|[of] p1a: Ponyo\n|faint|p1a: Ponyo\n|\n|-heal|p2b: Lurantis|82\/100|[from] item: Leftovers\n|upkeep\n|\n|t:|1698297039\n|switch|p1a: NeedsABetterShiny|Gholdengo|91\/100\n|turn|19\n|c|\u2606SXD2002|gg\n|\n|t:|1698297055\n|move|p2a: Espeon|Stored Power|p1a: NeedsABetterShiny\n|-resisted|p1a: NeedsABetterShiny\n|-damage|p1a: NeedsABetterShiny|0 fnt\n|faint|p1a: NeedsABetterShiny\n|\n|win|SXD2002\n|raw|GyaruxX's rating: 1066 &rarr; <strong>1050<\/strong><br \/>(-16 for losing)\n|raw|SXD2002's rating: 1128 &rarr; <strong>1149<\/strong><br \/>(+21 for winning)\n|l|\u2606GyaruxX\n","uploadtime":1698297061,"views":21,"p1id":"gyaruxx","p2id":"sxd2002","formatid":"gen9doublesou","rating":1050,"private":0,"password":""}