{"id":"gen9doublesou-1983723743","p1":"silvaasunto","p2":"yisuspty","format":"[Gen 9] Doubles OU","log":"|j|\u2606silvaasunto\n|j|\u2606yisuspty\n|t:|1699167681\n|gametype|doubles\n|player|p1|silvaasunto|winona|1362\n|player|p2|yisuspty|youngn|1461\n|teamsize|p1|6\n|teamsize|p2|6\n|gen|9\n|tier|[Gen 9] Doubles OU\n|rated|\n|rule|Species Clause: Limit one of each Pok\u00e9mon\n|rule|OHKO Clause: OHKO moves are banned\n|rule|Evasion Moves Clause: Evasion moves are banned\n|rule|Gravity Sleep Clause: The combination of sleep-inducing moves with imperfect accuracy and Gravity or Gigantamax Orbeetle are banned\n|rule|Endless Battle Clause: Forcing endless battles is banned\n|rule|HP Percentage Mod: HP is shown in percentages\n|clearpoke\n|poke|p1|Chien-Pao|\n|poke|p1|Baxcalibur, M|\n|poke|p1|Froslass, F|\n|poke|p1|Iron Bundle|\n|poke|p1|Abomasnow, F|\n|poke|p1|Ninetales-Alola, M|\n|poke|p2|Walking Wake|\n|poke|p2|Torkoal, M|\n|poke|p2|Armarouge, F|\n|poke|p2|Iron Bundle|\n|poke|p2|Indeedee-F, F|\n|poke|p2|Lilligant-Hisui, F|\n|teampreview\n|\n|t:|1699167690\n|start\n|switch|p1a: Shes EXTRA-libur|Baxcalibur, M|100\/100\n|switch|p1b: Yuh|Froslass, F|100\/100\n|switch|p2a: Torkoal|Torkoal, M|100\/100\n|switch|p2b: Lilligant|Lilligant-Hisui, F|100\/100\n|-weather|SunnyDay|[from] ability: Drought|[of] p2a: Torkoal\n|turn|1\n|inactive|Battle timer is ON: inactive players will automatically lose when time's up. (requested by yisuspty)\n|l|\u2606silvaasunto\n|inactive|silvaasunto disconnected and has a minute to reconnect!\n|player|p1|\n|inactive|silvaasunto has 30 seconds to reconnect!\n|inactive|silvaasunto has 20 seconds to reconnect!\n|inactive|silvaasunto has 15 seconds to reconnect!\n|inactive|silvaasunto has 10 seconds to reconnect!\n|j|\u2606silvaasunto\n|inactive|silvaasunto reconnected and has 95 seconds left.\n|player|p1|silvaasunto|winona\n|inactive|silvaasunto has 90 seconds left.\n|\n|t:|1699167783\n|switch|p1a: OBAMAsnow|Abomasnow, F|100\/100\n|-weather|Snow|[from] ability: Snow Warning|[of] p1a: OBAMAsnow\n|move|p1b: Yuh|Destiny Bond|p1b: Yuh\n|-singlemove|p1b: Yuh|Destiny Bond\n|move|p2b: Lilligant|After You|p2a: Torkoal\n|-activate|p2a: Torkoal|move: After You\n|move|p2a: Torkoal|Eruption|p1b: Yuh|[spread] p1a,p1b\n|-supereffective|p1a: OBAMAsnow\n|-supereffective|p1b: Yuh\n|-damage|p1a: OBAMAsnow|0 fnt\n|-damage|p1b: Yuh|0 fnt\n|faint|p1a: OBAMAsnow\n|faint|p1b: Yuh\n|-activate|p1b: Yuh|move: Destiny Bond\n|faint|p2a: Torkoal\n|\n|-weather|Snow|[upkeep]\n|upkeep\n|\n|t:|1699167805\n|switch|p1b: Min-pao|Chien-Pao|100\/100\n|switch|p1a: The same bundles..|Iron Bundle|100\/100\n|switch|p2a: Armarouge|Armarouge, F, shiny|100\/100\n|-ability|p1b: Min-pao|Sword of Ruin\n|-enditem|p1a: The same bundles..|Booster Energy\n|-activate|p1a: The same bundles..|ability: Quark Drive|[fromitem]\n|-start|p1a: The same bundles..|quarkdrivespe\n|turn|2\n|\n|t:|1699167812\n|switch|p2b: Indeedee|Indeedee-F, F, shiny|100\/100\n|-fieldstart|move: Psychic Terrain|[from] ability: Psychic Surge|[of] p2b: Indeedee\n|move|p1a: The same bundles..|Blizzard|p2a: Armarouge|[spread] p2a,p2b\n|-resisted|p2a: Armarouge\n|-damage|p2a: Armarouge|75\/100\n|-damage|p2b: Indeedee|64\/100\n|move|p1b: Min-pao|Crunch|p2a: Armarouge\n|-supereffective|p2a: Armarouge\n|-damage|p2a: Armarouge|0 fnt\n|faint|p2a: Armarouge\n|\n|-weather|Snow|[upkeep]\n|upkeep\n|\n|t:|1699167824\n|switch|p2a: Lilligant|Lilligant-Hisui, F|100\/100\n|turn|3\n|\n|t:|1699167835\n|move|p1a: The same bundles..|Blizzard|p2a: Lilligant|[spread] p2a,p2b\n|-supereffective|p2a: Lilligant\n|-enditem|p2a: Lilligant|Focus Sash\n|-damage|p2a: Lilligant|1\/100\n|-damage|p2b: Indeedee|28\/100\n|move|p1b: Min-pao|Crunch|p2b: Indeedee\n|-supereffective|p2b: Indeedee\n|-damage|p2b: Indeedee|0 fnt\n|faint|p2b: Indeedee\n|move|p2a: Lilligant|Close Combat|p1b: Min-pao\n|-supereffective|p1b: Min-pao\n|-damage|p1b: Min-pao|0 fnt\n|-unboost|p2a: Lilligant|def|1\n|-unboost|p2a: Lilligant|spd|1\n|faint|p1b: Min-pao\n|\n|-weather|Snow|[upkeep]\n|upkeep\n|\n|t:|1699167849\n|switch|p1b: Shes EXTRA-libur|Baxcalibur, M|100\/100\n|switch|p2b: Iron Bundle|Iron Bundle|100\/100\n|turn|4\n|inactive|yisuspty has 120 seconds left.\n|\n|t:|1699167882\n|move|p1a: The same bundles..|Blizzard|p2a: Lilligant|[spread] p2a,p2b\n|-supereffective|p2a: Lilligant\n|-resisted|p2b: Iron Bundle\n|-damage|p2a: Lilligant|0 fnt\n|-damage|p2b: Iron Bundle|78\/100\n|faint|p2a: Lilligant\n|move|p2b: Iron Bundle|Ice Beam|p1b: Shes EXTRA-libur\n|-damage|p1b: Shes EXTRA-libur|59\/100\n|move|p1b: Shes EXTRA-libur|Dragon Claw|p2b: Iron Bundle\n|-damage|p2b: Iron Bundle|38\/100\n|\n|-weather|Snow|[upkeep]\n|upkeep\n|inactive|yisuspty has 120 seconds left.\n|\n|t:|1699167891\n|switch|p2a: Walking Wake|Walking Wake|100\/100\n|turn|5\n|\n|t:|1699167900\n|-terastallize|p1b: Shes EXTRA-libur|Steel\n|move|p2b: Iron Bundle|Protect|p2b: Iron Bundle\n|-singleturn|p2b: Iron Bundle|Protect\n|move|p2a: Walking Wake|Protect|p2a: Walking Wake\n|-singleturn|p2a: Walking Wake|Protect\n|move|p1a: The same bundles..|Blizzard|p2a: Walking Wake|[spread] \n|-activate|p2a: Walking Wake|move: Protect\n|-activate|p2b: Iron Bundle|move: Protect\n|move|p1b: Shes EXTRA-libur|Dragon Claw|p2a: Walking Wake\n|-activate|p2a: Walking Wake|move: Protect\n|\n|-weather|none\n|upkeep\n|turn|6\n|inactive|yisuspty has 120 seconds left.\n|\n|t:|1699167931\n|move|p1a: The same bundles..|Encore|p2a: Walking Wake\n|-start|p2a: Walking Wake|Encore\n|move|p2b: Iron Bundle|Hydro Pump|p1a: The same bundles..\n|-resisted|p1a: The same bundles..\n|-damage|p1a: The same bundles..|44\/100\n|move|p2a: Walking Wake|Protect||[still]\n|-fail|p2a: Walking Wake\n|move|p1b: Shes EXTRA-libur|Dragon Claw|p2b: Iron Bundle\n|-damage|p2b: Iron Bundle|0 fnt\n|faint|p2b: Iron Bundle\n|-end|p2b: Iron Bundle|Quark Drive|[silent]\n|\n|-fieldend|move: Psychic Terrain\n|upkeep\n|turn|7\n|inactive|silvaasunto has 120 seconds left.\n|\n|t:|1699167962\n|switch|p1b: NineInches|Ninetales-Alola, M|100\/100\n|-weather|Snow|[from] ability: Snow Warning|[of] p1b: NineInches\n|move|p2a: Walking Wake|Protect|p2a: Walking Wake\n|-singleturn|p2a: Walking Wake|Protect\n|move|p1a: The same bundles..|Blizzard|p2a: Walking Wake\n|-activate|p2a: Walking Wake|move: Protect\n|\n|-weather|Snow|[upkeep]\n|upkeep\n|turn|8\n|\n|t:|1699167971\n|-terastallize|p2a: Walking Wake|Fairy\n|move|p2a: Walking Wake|Protect||[still]\n|-fail|p2a: Walking Wake\n|move|p1a: The same bundles..|Blizzard|p2a: Walking Wake\n|-damage|p2a: Walking Wake|38\/100\n|move|p1b: NineInches|Moonblast|p2a: Walking Wake\n|-damage|p2a: Walking Wake|0 fnt\n|faint|p2a: Walking Wake\n|-end|p2a: Walking Wake|Protosynthesis|[silent]\n|\n|win|silvaasunto\n|raw|silvaasunto's rating: 1362 &rarr; <strong>1388<\/strong><br \/>(+26 for winning)\n|raw|yisuspty's rating: 1479 &rarr; <strong>1453<\/strong><br \/>(-26 for losing)\n|l|\u2606yisuspty\n","uploadtime":1699167991,"views":10,"p1id":"silvaasunto","p2id":"yisuspty","formatid":"gen9doublesou","rating":1388,"private":0,"password":""}