{"id":"gen9doublesou-1988535561","p1":"mishimono","p2":"daawesomedude1 (","format":"[Gen 9] Doubles OU","log":"|j|\u2606mishimono\n|j|\u2606daawesomedude1 (\n|t:|1699733407\n|gametype|doubles\n|player|p1|mishimono|#bssplviiidavesdragonairs|\n|player|p2|daawesomedude1 (|swimmerf-gen4dp|\n|teamsize|p1|6\n|teamsize|p2|6\n|gen|9\n|tier|[Gen 9] Doubles OU\n|rule|Species Clause: Limit one of each Pok\u00e9mon\n|rule|OHKO Clause: OHKO moves are banned\n|rule|Evasion Moves Clause: Evasion moves are banned\n|rule|Gravity Sleep Clause: The combination of sleep-inducing moves with imperfect accuracy and Gravity or Gigantamax Orbeetle are banned\n|rule|Endless Battle Clause: Forcing endless battles is banned\n|rule|HP Percentage Mod: HP is shown in percentages\n|clearpoke\n|poke|p1|Ninetales-Alola, F|\n|poke|p1|Baxcalibur, F|\n|poke|p1|Heatran, F|\n|poke|p1|Iron Hands|\n|poke|p1|Basculegion-F, F|\n|poke|p1|Kingambit, F|\n|poke|p2|Ninetales-Alola, F|\n|poke|p2|Landorus-Therian, M|\n|poke|p2|Heatran, F|\n|poke|p2|Ogerpon-Wellspring, F|\n|poke|p2|Roaring Moon|\n|poke|p2|Flutter Mane|\n|teampreview\n|j| theyummybagel\n|j|+talkingtree\n|j| Spurrific\n|j| Grandmas Cookin\n|c|\u2606mishimono|hf\n|j| kaori\u273f\n|c|\u2606daawesomedude1 (|u2\n|inactive|Battle timer is ON: inactive players will automatically lose when time's up. (requested by mishimono)\n|j| qsns\n|j|+ryo yamada2001\n|j| Jello1231\n|inactive|mishimono has 270 seconds left.\n|inactive|daawesomedude1 ( has 270 seconds left.\n|inactive|daawesomedude1 ( has 240 seconds left.\n|inactive|daawesomedude1 ( has 210 seconds left.\n|\n|t:|1699733567\n|start\n|switch|p1a: Ninetales|Ninetales-Alola, F|100\/100\n|switch|p1b: Iron Hands|Iron Hands|100\/100\n|switch|p2a: Flutter Mane|Flutter Mane|100\/100\n|switch|p2b: Ninetales|Ninetales-Alola, F|100\/100\n|-weather|Snow|[from] ability: Snow Warning|[of] p2b: Ninetales\n|turn|1\n|j| ratpacker\n|inactive|mishimono has 270 seconds left.\n|inactive|daawesomedude1 ( has 240 seconds left.\n|inactive|daawesomedude1 ( has 210 seconds left.\n|\n|t:|1699733643\n|-end|p1b: Iron Hands|Quark Drive|[silent]\n|switch|p1b: Heatran|Heatran, F|100\/100\n|-terastallize|p2a: Flutter Mane|Fairy\n|move|p2a: Flutter Mane|Moonblast|p1a: Ninetales\n|-damage|p1a: Ninetales|6\/100\n|move|p2b: Ninetales|Aurora Veil|p2b: Ninetales\n|-sidestart|p2: daawesomedude1 (|move: Aurora Veil\n|move|p1a: Ninetales|Aurora Veil|p1a: Ninetales\n|-sidestart|p1: mishimono|move: Aurora Veil\n|\n|-weather|Snow|[upkeep]\n|upkeep\n|turn|2\n|inactive|daawesomedude1 ( has 210 seconds left.\n|j| ring around\n|inactive|mishimono has 240 seconds left.\n|j| Schister\n|inactive|daawesomedude1 ( has 180 seconds left.\n|j| eragon11145\n|inactive|mishimono has 210 seconds left.\n|\n|t:|1699733708\n|-end|p2a: Flutter Mane|Protosynthesis|[silent]\n|switch|p2a: Heatran|Heatran, F|100\/100\n|move|p2b: Ninetales|Blizzard|p1b: Heatran|[spread] p1a,p1b\n|-resisted|p1a: Ninetales\n|-resisted|p1b: Heatran\n|-damage|p1a: Ninetales|0 fnt\n|-damage|p1b: Heatran|97\/100\n|faint|p1a: Ninetales\n|move|p1b: Heatran|Magma Storm|p2b: Ninetales\n|-supereffective|p2b: Ninetales\n|-damage|p2b: Ninetales|26\/100\n|-activate|p2b: Ninetales|move: Magma Storm|[of] p1b: Heatran\n|\n|-weather|Snow|[upkeep]\n|-heal|p1b: Heatran|100\/100|[from] item: Leftovers\n|-damage|p2b: Ninetales|14\/100|[from] move: Magma Storm|[partiallytrapped]\n|upkeep\n|inactive|mishimono has 210 seconds left.\n|\n|t:|1699733729\n|switch|p1a: Iron Hands|Iron Hands|100\/100\n|turn|3\n|inactive|daawesomedude1 ( has 180 seconds left.\n|inactive|mishimono has 210 seconds left.\n|inactive|mishimono has 180 seconds left.\n|\n|t:|1699733787\n|-terastallize|p1b: Heatran|Fairy\n|move|p2a: Heatran|Protect|p2a: Heatran\n|-singleturn|p2a: Heatran|Protect\n|move|p2b: Ninetales|Encore|p1b: Heatran\n|-start|p1b: Heatran|Encore\n|move|p1b: Heatran|Magma Storm|p2a: Heatran\n|-activate|p2a: Heatran|move: Protect\n|move|p1a: Iron Hands|Drain Punch|p2b: Ninetales\n|-damage|p2b: Ninetales|0 fnt\n|faint|p2b: Ninetales\n|\n|-weather|Snow|[upkeep]\n|upkeep\n|inactive|daawesomedude1 ( has 150 seconds left.\n|\n|t:|1699733814\n|switch|p2b: Ogerpon|Ogerpon-Wellspring, F|100\/100\n|turn|4\n|inactive|mishimono has 180 seconds left.\n|inactive|mishimono has 150 seconds left.\n|j|+MajorBowman\n|\n|t:|1699733888\n|move|p2b: Ogerpon|Swords Dance|p2b: Ogerpon\n|-boost|p2b: Ogerpon|atk|2\n|move|p2a: Heatran|Will-O-Wisp|p1a: Iron Hands\n|-status|p1a: Iron Hands|brn\n|move|p1b: Heatran|Magma Storm|p2b: Ogerpon|[miss]\n|-miss|p1b: Heatran|p2b: Ogerpon\n|move|p1a: Iron Hands|Drain Punch|p2a: Heatran\n|-supereffective|p2a: Heatran\n|-damage|p2a: Heatran|78\/100\n|\n|-weather|Snow|[upkeep]\n|-damage|p1a: Iron Hands|94\/100 brn|[from] brn\n|upkeep\n|turn|5\n|inactive|daawesomedude1 ( has 180 seconds left.\n|inactive|mishimono has 120 seconds left.\n|inactive|daawesomedude1 ( has 150 seconds left.\n|\n|t:|1699733936\n|move|p2b: Ogerpon|Ivy Cudgel|p1b: Heatran\n|-damage|p1b: Heatran|39\/100\n|move|p2a: Heatran|Earth Power|p1a: Iron Hands\n|-supereffective|p1a: Iron Hands\n|-damage|p1a: Iron Hands|75\/100 brn\n|move|p1b: Heatran|Magma Storm|p2b: Ogerpon|[miss]\n|-miss|p1b: Heatran|p2b: Ogerpon\n|move|p1a: Iron Hands|Wild Charge|p2b: Ogerpon\n|-damage|p2b: Ogerpon|82\/100\n|-damage|p1a: Iron Hands|71\/100 brn|[from] Recoil\n|\n|-weather|none\n|-heal|p1b: Heatran|45\/100|[from] item: Leftovers\n|-damage|p1a: Iron Hands|65\/100 brn|[from] brn\n|-end|p1b: Heatran|Encore\n|upkeep\n|turn|6\n|c|\u2606daawesomedude1 (|sry\n|inactive|mishimono has 120 seconds left.\n|c|\u2606mishimono|np\n|j|+Actuarily\n|inactive|daawesomedude1 ( has 150 seconds left.\n|j| Sunrose\n|inactive|mishimono has 90 seconds left.\n|inactive|daawesomedude1 ( has 120 seconds left.\n|inactive|mishimono has 60 seconds left.\n|\n|t:|1699734011\n|switch|p2a: Flutter Mane|Flutter Mane, tera:Fairy|100\/100\n|move|p2b: Ogerpon|Horn Leech|p1b: Heatran\n|-damage|p1b: Heatran|0 fnt\n|-heal|p2b: Ogerpon|100\/100|[from] drain|[of] p1b: Heatran\n|faint|p1b: Heatran\n|move|p1a: Iron Hands|Wild Charge|p2b: Ogerpon\n|-damage|p2b: Ogerpon|83\/100\n|-damage|p1a: Iron Hands|62\/100 brn|[from] Recoil\n|\n|-damage|p1a: Iron Hands|56\/100 brn|[from] brn\n|upkeep\n|j| a spiffy spaceman\n|inactive|mishimono has 30 seconds left.\n|\n|t:|1699734048\n|switch|p1b: Kingambit|Kingambit, F|100\/100\n|turn|7\n|\n|t:|1699734061\n|move|p1b: Kingambit|Protect|p1b: Kingambit\n|-singleturn|p1b: Kingambit|Protect\n|move|p2a: Flutter Mane|Moonblast|p1b: Kingambit\n|-activate|p1b: Kingambit|move: Protect\n|move|p2b: Ogerpon|Ivy Cudgel|p1b: Kingambit\n|-activate|p1b: Kingambit|move: Protect\n|move|p1a: Iron Hands|Wild Charge|p2b: Ogerpon\n|-damage|p2b: Ogerpon|65\/100\n|-damage|p1a: Iron Hands|52\/100 brn|[from] Recoil\n|\n|-damage|p1a: Iron Hands|46\/100 brn|[from] brn\n|upkeep\n|turn|8\n|inactive|mishimono has 60 seconds left.\n|j|+Arcticblast\n|\n|t:|1699734085\n|switch|p1b: Baxcalibur|Baxcalibur, F|100\/100\n|move|p2a: Flutter Mane|Moonblast|p1b: Baxcalibur\n|-supereffective|p1b: Baxcalibur\n|-damage|p1b: Baxcalibur|0 fnt\n|faint|p1b: Baxcalibur\n|move|p2b: Ogerpon|Ivy Cudgel|p1a: Iron Hands\n|-damage|p1a: Iron Hands|0 fnt\n|faint|p1a: Iron Hands\n|-end|p1a: Iron Hands|Quark Drive|[silent]\n|\n|-sideend|p2: daawesomedude1 (|move: Aurora Veil\n|-sideend|p1: mishimono|move: Aurora Veil\n|upkeep\n|j| Jesuuuus\n|l| Jesuuuus\n|\n|t:|1699734094\n|switch|p1b: Kingambit|Kingambit, F|100\/100\n|switch|p1a: Basculegion|Basculegion-F, F|100\/100\n|turn|9\n|j| Lemurro\n|inactive|mishimono has 60 seconds left.\n|inactive|daawesomedude1 ( has 180 seconds left.\n|inactive|mishimono has 30 seconds left.\n|inactive|mishimono has 20 seconds left.\n|inactive|mishimono has 15 seconds left.\n|inactive|mishimono has 10 seconds left.\n|\n|t:|1699734160\n|move|p1a: Basculegion|Last Respects|p2b: Ogerpon\n|-damage|p2b: Ogerpon|0 fnt\n|faint|p2b: Ogerpon\n|move|p2a: Flutter Mane|Moonblast|p1a: Basculegion\n|-damage|p1a: Basculegion|0 fnt\n|faint|p1a: Basculegion\n|move|p1b: Kingambit|Swords Dance|p1b: Kingambit\n|-boost|p1b: Kingambit|atk|2\n|\n|upkeep\n|inactive|mishimono has 15 seconds left this turn.\n|\n|t:|1699734166\n|switch|p2b: Heatran|Heatran, F|78\/100\n|turn|10\n|inactive|daawesomedude1 ( has 180 seconds left.\n|\n|t:|1699734175\n|move|p1b: Kingambit|Sucker Punch|p2b: Heatran\n|-damage|p2b: Heatran|5\/100\n|-enditem|p2b: Heatran|Sitrus Berry|[eat]\n|-heal|p2b: Heatran|30\/100|[from] item: Sitrus Berry\n|move|p2a: Flutter Mane|Moonblast|p1b: Kingambit\n|-damage|p1b: Kingambit|0 fnt\n|faint|p1b: Kingambit\n|\n|win|daawesomedude1 (\n|c|\u2606mishimono|gg\n|c|\u2606daawesomedude1 (|gg\n|l| Grandmas Cookin\n","uploadtime":1699734183,"views":190,"p1id":"mishimono","p2id":"daawesomedude1","formatid":"gen9doublesou","rating":0,"private":0,"password":""}