{"id":"gen9doublesou-1977047618","p1":"LaPollaQueTeApoya","p2":"Low Tier Goodra","format":"[Gen 9] Doubles OU","log":"|j|\u2606LaPollaQueTeApoya\n|j|\u2606Low Tier Goodra\n|t:|1698365630\n|gametype|doubles\n|player|p1|LaPollaQueTeApoya|hiker-gen4|1683\n|player|p2|Low Tier Goodra|jasmine|1780\n|teamsize|p1|6\n|teamsize|p2|6\n|gen|9\n|tier|[Gen 9] Doubles OU\n|rated|\n|rule|Species Clause: Limit one of each Pok\u00e9mon\n|rule|OHKO Clause: OHKO moves are banned\n|rule|Evasion Moves Clause: Evasion moves are banned\n|rule|Gravity Sleep Clause: The combination of sleep-inducing moves with imperfect accuracy and Gravity or Gigantamax Orbeetle are banned\n|rule|Endless Battle Clause: Forcing endless battles is banned\n|rule|HP Percentage Mod: HP is shown in percentages\n|clearpoke\n|poke|p1|Chien-Pao|\n|poke|p1|Rillaboom, M|\n|poke|p1|Ursaluna-Bloodmoon, M|\n|poke|p1|Okidogi, M|\n|poke|p1|Toxapex, F|\n|poke|p1|Chandelure, F|\n|poke|p2|Amoonguss, M|\n|poke|p2|Sinistcha-Masterpiece|\n|poke|p2|Ursaluna, M|\n|poke|p2|Volcanion|\n|poke|p2|Rillaboom, M|\n|poke|p2|Diancie|\n|teampreview\n|inactive|Battle timer is ON: inactive players will automatically lose when time's up. (requested by LaPollaQueTeApoya)\n|inactive|LaPollaQueTeApoya has 120 seconds left.\n|\n|t:|1698365664\n|start\n|switch|p1a: Okidogi|Okidogi, M|100\/100\n|switch|p1b: Chandelure|Chandelure, F|100\/100\n|switch|p2a: Diana|Diancie, shiny|100\/100\n|switch|p2b: Smoke Loud|Rillaboom, M, shiny|100\/100\n|-fieldstart|move: Grassy Terrain|[from] ability: Grassy Surge|[of] p2b: Smoke Loud\n|turn|1\n|inactive|LaPollaQueTeApoya has 120 seconds left.\n|inactive|Low Tier Goodra has 120 seconds left.\n|\n|t:|1698365708\n|switch|p2b: Kettle|Volcanion|100\/100\n|move|p2a: Diana|Protect|p2a: Diana\n|-singleturn|p2a: Diana|Protect\n|move|p1b: Chandelure|Heat Wave|p2b: Kettle|[spread] p2b\n|-activate|p2a: Diana|move: Protect\n|-resisted|p2b: Kettle\n|-damage|p2b: Kettle|90\/100\n|move|p1a: Okidogi|Poison Jab|p2a: Diana\n|-activate|p2a: Diana|move: Protect\n|\n|-heal|p2b: Kettle|96\/100|[from] Grassy Terrain\n|upkeep\n|turn|2\n|inactive|LaPollaQueTeApoya has 120 seconds left.\n|inactive|LaPollaQueTeApoya has 90 seconds left.\n|\n|t:|1698365768\n|move|p1b: Chandelure|Shadow Ball|p2b: Kettle\n|-damage|p2b: Kettle|52\/100\n|move|p1a: Okidogi|Knock Off|p2b: Kettle\n|-damage|p2b: Kettle|23\/100\n|-enditem|p2b: Kettle|Life Orb|[from] move: Knock Off|[of] p1a: Okidogi\n|move|p2b: Kettle|Steam Eruption|p1a: Okidogi\n|-damage|p1a: Okidogi|61\/100\n|move|p2a: Diana|Trick Room|p2a: Diana\n|-fieldstart|move: Trick Room|[of] p2a: Diana\n|\n|-heal|p2b: Kettle|29\/100|[from] Grassy Terrain\n|-heal|p1a: Okidogi|67\/100|[from] Grassy Terrain\n|upkeep\n|turn|3\n|inactive|LaPollaQueTeApoya has 90 seconds left.\n|\n|t:|1698365790\n|switch|p1a: Toxapex|Toxapex, F|100\/100\n|move|p1b: Chandelure|Protect|p1b: Chandelure\n|-singleturn|p1b: Chandelure|Protect\n|move|p2a: Diana|Diamond Storm|p1b: Chandelure|[spread] p1a\n|-activate|p1b: Chandelure|move: Protect\n|-damage|p1a: Toxapex|77\/100\n|-boost|p2a: Diana|def|2\n|move|p2b: Kettle|Steam Eruption|p1a: Toxapex\n|-resisted|p1a: Toxapex\n|-damage|p1a: Toxapex|53\/100\n|\n|-heal|p1a: Toxapex|59\/100|[from] Grassy Terrain\n|-heal|p2b: Kettle|35\/100|[from] Grassy Terrain\n|upkeep\n|turn|4\n|\n|t:|1698365809\n|move|p1a: Toxapex|Wide Guard|p1a: Toxapex\n|-singleturn|p1a: Toxapex|Wide Guard\n|move|p2a: Diana|Moonblast|p1b: Chandelure\n|-resisted|p1b: Chandelure\n|-damage|p1b: Chandelure|76\/100\n|-unboost|p1b: Chandelure|spa|1\n|move|p2b: Kettle|Steam Eruption|p1b: Chandelure\n|-supereffective|p1b: Chandelure\n|-damage|p1b: Chandelure|0 fnt\n|faint|p1b: Chandelure\n|\n|-heal|p1a: Toxapex|65\/100|[from] Grassy Terrain\n|-heal|p2b: Kettle|41\/100|[from] Grassy Terrain\n|upkeep\n|inactive|LaPollaQueTeApoya has 90 seconds left.\n|\n|t:|1698365832\n|switch|p1b: Chien-Pao|Chien-Pao|100\/100\n|-ability|p1b: Chien-Pao|Sword of Ruin\n|turn|5\n|\n|t:|1698365847\n|switch|p2b: Arturo|Amoonguss, M, shiny|100\/100\n|move|p1b: Chien-Pao|Protect|p1b: Chien-Pao\n|-singleturn|p1b: Chien-Pao|Protect\n|move|p1a: Toxapex|Haze|p1a: Toxapex\n|-clearallboost\n|move|p2a: Diana|Moonblast|p1b: Chien-Pao\n|-activate|p1b: Chien-Pao|move: Protect\n|\n|-heal|p1a: Toxapex|71\/100|[from] Grassy Terrain\n|-fieldend|move: Grassy Terrain\n|upkeep\n|turn|6\n|\n|t:|1698365875\n|switch|p1a: Rillaboom|Rillaboom, M|100\/100\n|-fieldstart|move: Grassy Terrain|[from] ability: Grassy Surge|[of] p1a: Rillaboom\n|switch|p1b: Okidogi|Okidogi, M|67\/100\n|move|p2b: Arturo|Spore|p1a: Rillaboom\n|-immune|p1a: Rillaboom\n|move|p2a: Diana|Moonblast|p1b: Okidogi\n|-damage|p1b: Okidogi|44\/100\n|\n|-heal|p1b: Okidogi|50\/100|[from] Grassy Terrain\n|-fieldend|move: Trick Room\n|upkeep\n|turn|7\n|\n|t:|1698365898\n|move|p2a: Diana|Protect|p2a: Diana\n|-singleturn|p2a: Diana|Protect\n|move|p1a: Rillaboom|Knock Off|p2b: Arturo\n|-damage|p2b: Arturo|46\/100\n|-enditem|p2b: Arturo|Leftovers|[from] move: Knock Off|[of] p1a: Rillaboom\n|move|p1b: Okidogi|Psychic Fangs|p2b: Arturo\n|-supereffective|p2b: Arturo\n|-damage|p2b: Arturo|0 fnt\n|faint|p2b: Arturo\n|\n|-heal|p1b: Okidogi|56\/100|[from] Grassy Terrain\n|upkeep\n|\n|t:|1698365915\n|switch|p2b: Smoke Loud|Rillaboom, M, shiny|100\/100\n|turn|8\n|inactive|LaPollaQueTeApoya has 120 seconds left.\n|\n|t:|1698365929\n|switch|p1b: Toxapex|Toxapex, F|100\/100\n|move|p2b: Smoke Loud|Fake Out|p1a: Rillaboom\n|-damage|p1a: Rillaboom|88\/100\n|cant|p1a: Rillaboom|flinch\n|move|p2a: Diana|Trick Room|p2a: Diana\n|-fieldstart|move: Trick Room|[of] p2a: Diana\n|\n|-heal|p1a: Rillaboom|94\/100|[from] Grassy Terrain\n|upkeep\n|turn|9\n|\n|t:|1698365944\n|move|p2a: Diana|Protect|p2a: Diana\n|-singleturn|p2a: Diana|Protect\n|move|p1b: Toxapex|Infestation|p2a: Diana\n|-activate|p2a: Diana|move: Protect\n|move|p1a: Rillaboom|Knock Off|p2b: Smoke Loud\n|-damage|p2b: Smoke Loud|47\/100\n|-enditem|p2b: Smoke Loud|Assault Vest|[from] move: Knock Off|[of] p1a: Rillaboom\n|move|p2b: Smoke Loud|U-turn|p1a: Rillaboom\n|-supereffective|p1a: Rillaboom\n|-damage|p1a: Rillaboom|49\/100\n|\n|t:|1698365957\n|switch|p2b: Pea Soup|Sinistcha-Masterpiece, shiny|100\/100|[from] U-turn\n|\n|-heal|p1a: Rillaboom|56\/100|[from] Grassy Terrain\n|upkeep\n|turn|10\n|inactive|LaPollaQueTeApoya has 120 seconds left.\n|\n|t:|1698365988\n|switch|p1a: Ursaluna|Ursaluna-Bloodmoon, M|100\/100\n|move|p1b: Toxapex|Infestation|p2a: Diana\n|-resisted|p2a: Diana\n|-damage|p2a: Diana|99\/100\n|-activate|p2a: Diana|move: Infestation|[of] p1b: Toxapex\n|move|p2a: Diana|Moonblast|p1a: Ursaluna\n|-damage|p1a: Ursaluna|77\/100\n|move|p2b: Pea Soup|Shadow Ball|p1a: Ursaluna\n|-immune|p1a: Ursaluna\n|\n|-heal|p2a: Diana|100\/100|[from] Grassy Terrain\n|-heal|p1a: Ursaluna|83\/100|[from] Grassy Terrain\n|-damage|p2a: Diana|88\/100|[from] move: Infestation|[partiallytrapped]\n|-fieldend|move: Grassy Terrain\n|upkeep\n|turn|11\n|inactive|LaPollaQueTeApoya has 120 seconds left.\n|inactive|Low Tier Goodra has 120 seconds left.\n|inactive|Low Tier Goodra has 90 seconds left.\n|\n|t:|1698366071\n|move|p1b: Toxapex|Wide Guard|p1b: Toxapex\n|-singleturn|p1b: Toxapex|Wide Guard\n|move|p2a: Diana|Moonblast|p1a: Ursaluna\n|-damage|p1a: Ursaluna|60\/100\n|-unboost|p1a: Ursaluna|spa|1\n|move|p2b: Pea Soup|Calm Mind|p2b: Pea Soup\n|-boost|p2b: Pea Soup|spa|1\n|-boost|p2b: Pea Soup|spd|1\n|move|p1a: Ursaluna|Hyper Voice|p2a: Diana|[spread] p2a,p2b\n|-resisted|p2a: Diana\n|-damage|p2a: Diana|78\/100\n|-damage|p2b: Pea Soup|79\/100\n|\n|-heal|p2b: Pea Soup|85\/100|[from] item: Leftovers\n|-damage|p2a: Diana|66\/100|[from] move: Infestation|[partiallytrapped]\n|upkeep\n|turn|12\n|inactive|Low Tier Goodra has 90 seconds left.\n|inactive|LaPollaQueTeApoya has 120 seconds left.\n|\n|t:|1698366099\n|switch|p1a: Okidogi|Okidogi, M|56\/100\n|move|p1b: Toxapex|Haze|p1b: Toxapex\n|-clearallboost\n|move|p2a: Diana|Diamond Storm|p1a: Okidogi|[spread] p1a,p1b\n|-resisted|p1a: Okidogi\n|-damage|p1a: Okidogi|42\/100\n|-damage|p1b: Toxapex|80\/100\n|-boost|p2a: Diana|def|2\n|move|p2b: Pea Soup|Matcha Gotcha|p1b: Toxapex|[spread] p1a,p1b\n|-resisted|p1a: Okidogi\n|-damage|p1a: Okidogi|32\/100\n|-heal|p2b: Pea Soup|91\/100|[from] drain|[of] p1a: Okidogi\n|-damage|p1b: Toxapex|55\/100\n|-heal|p2b: Pea Soup|100\/100|[from] drain|[of] p1b: Toxapex\n|\n|-damage|p2a: Diana|54\/100|[from] move: Infestation|[partiallytrapped]\n|-fieldend|move: Trick Room\n|upkeep\n|turn|13\n|inactive|LaPollaQueTeApoya has 120 seconds left.\n|inactive|Low Tier Goodra has 90 seconds left.\n|\n|t:|1698366131\n|switch|p2b: Kettle|Volcanion|41\/100\n|move|p1a: Okidogi|Knock Off|p2b: Kettle\n|-damage|p2b: Kettle|20\/100\n|move|p1b: Toxapex|Infestation|p2b: Kettle\n|-resisted|p2b: Kettle\n|-damage|p2b: Kettle|18\/100\n|-activate|p2b: Kettle|move: Infestation|[of] p1b: Toxapex\n|move|p2a: Diana|Trick Room|p2a: Diana\n|-fieldstart|move: Trick Room|[of] p2a: Diana\n|\n|-damage|p2a: Diana|42\/100|[from] move: Infestation|[partiallytrapped]\n|-damage|p2b: Kettle|6\/100|[from] move: Infestation|[partiallytrapped]\n|upkeep\n|turn|14\n|inactive|Low Tier Goodra has 90 seconds left.\n|inactive|LaPollaQueTeApoya has 120 seconds left.\n|inactive|LaPollaQueTeApoya has 90 seconds left.\n|\n|t:|1698366184\n|move|p1b: Toxapex|Haze|p1b: Toxapex\n|-clearallboost\n|move|p2a: Diana|Moonblast|p1a: Okidogi\n|-damage|p1a: Okidogi|9\/100\n|move|p2b: Kettle|Steam Eruption|p1a: Okidogi\n|-damage|p1a: Okidogi|0 fnt\n|faint|p1a: Okidogi\n|\n|-end|p2a: Diana|Infestation|[partiallytrapped]\n|-damage|p2b: Kettle|0 fnt|[from] move: Infestation|[partiallytrapped]\n|faint|p2b: Kettle\n|upkeep\n|inactive|Low Tier Goodra has 90 seconds left.\n|inactive|LaPollaQueTeApoya has 90 seconds left.\n|inactive|Low Tier Goodra has 60 seconds left.\n|\n|t:|1698366237\n|switch|p2b: Pea Soup|Sinistcha-Masterpiece, shiny|100\/100\n|switch|p1a: Ursaluna|Ursaluna-Bloodmoon, M|60\/100\n|turn|15\n|inactive|LaPollaQueTeApoya has 90 seconds left.\n|\n|t:|1698366259\n|move|p2a: Diana|Protect|p2a: Diana\n|-singleturn|p2a: Diana|Protect\n|move|p1b: Toxapex|Wide Guard|p1b: Toxapex\n|-singleturn|p1b: Toxapex|Wide Guard\n|move|p2b: Pea Soup|Calm Mind|p2b: Pea Soup\n|-boost|p2b: Pea Soup|spa|1\n|-boost|p2b: Pea Soup|spd|1\n|move|p1a: Ursaluna|Earth Power|p2a: Diana\n|-activate|p2a: Diana|move: Protect\n|\n|upkeep\n|turn|16\n|inactive|Low Tier Goodra has 90 seconds left.\n|inactive|LaPollaQueTeApoya has 90 seconds left.\n|\n|t:|1698366284\n|move|p1b: Toxapex|Wide Guard|p1b: Toxapex\n|-singleturn|p1b: Toxapex|Wide Guard\n|move|p2a: Diana|Moonblast|p1a: Ursaluna\n|-damage|p1a: Ursaluna|35\/100\n|move|p2b: Pea Soup|Shadow Ball|p1b: Toxapex\n|-damage|p1b: Toxapex|0 fnt\n|faint|p1b: Toxapex\n|move|p1a: Ursaluna|Earth Power|p2a: Diana\n|-supereffective|p2a: Diana\n|-damage|p2a: Diana|0 fnt\n|faint|p2a: Diana\n|\n|upkeep\n|inactive|Low Tier Goodra has 90 seconds left.\n|\n|t:|1698366306\n|switch|p1b: Chien-Pao|Chien-Pao|100\/100\n|switch|p2a: Bartholomew|Ursaluna, M, shiny|100\/100\n|-ability|p1b: Chien-Pao|Sword of Ruin\n|turn|17\n|inactive|Low Tier Goodra has 90 seconds left.\n|\n|t:|1698366343\n|switch|p2a: Smoke Loud|Rillaboom, M, shiny|47\/100\n|-fieldstart|move: Grassy Terrain|[from] ability: Grassy Surge|[of] p2a: Smoke Loud\n|move|p1b: Chien-Pao|Protect|p1b: Chien-Pao\n|-singleturn|p1b: Chien-Pao|Protect\n|move|p1a: Ursaluna|Vacuum Wave|p2a: Smoke Loud\n|-damage|p2a: Smoke Loud|28\/100\n|move|p2b: Pea Soup|Calm Mind|p2b: Pea Soup\n|-boost|p2b: Pea Soup|spa|1\n|-boost|p2b: Pea Soup|spd|1\n|\n|-heal|p1a: Ursaluna|41\/100|[from] Grassy Terrain\n|-heal|p2a: Smoke Loud|34\/100|[from] Grassy Terrain\n|-fieldend|move: Trick Room\n|upkeep\n|turn|18\n|inactive|Low Tier Goodra has 90 seconds left.\n|inactive|LaPollaQueTeApoya has 120 seconds left.\n|\n|t:|1698366371\n|-terastallize|p1b: Chien-Pao|Ghost\n|move|p2a: Smoke Loud|Fake Out|p1b: Chien-Pao\n|-immune|p1b: Chien-Pao\n|move|p1b: Chien-Pao|Throat Chop|p2b: Pea Soup\n|-supereffective|p2b: Pea Soup\n|-damage|p2b: Pea Soup|1\/100\n|-start|p2b: Pea Soup|Throat Chop|[silent]\n|move|p1a: Ursaluna|Hyper Voice|p2a: Smoke Loud|[spread] p2a,p2b\n|-damage|p2a: Smoke Loud|0 fnt\n|-damage|p2b: Pea Soup|0 fnt\n|faint|p2a: Smoke Loud\n|faint|p2b: Pea Soup\n|\n|-heal|p1a: Ursaluna|48\/100|[from] Grassy Terrain\n|upkeep\n|-message|Low Tier Goodra forfeited.\n|\n|win|LaPollaQueTeApoya\n|raw|LaPollaQueTeApoya's rating: 1683 &rarr; <strong>1708<\/strong><br \/>(+25 for winning)\n|raw|Low Tier Goodra's rating: 1780 &rarr; <strong>1755<\/strong><br \/>(-25 for losing)\n|l|\u2606Low Tier Goodra\n","uploadtime":1698366538,"views":12,"p1id":"lapollaqueteapoya","p2id":"lowtiergoodra","formatid":"gen9doublesou","rating":1708,"private":0,"password":""}