{"id":"gen9doublesou-1996113687","p1":"Clea_Foxx96","p2":"Blank_Playe","format":"[Gen 9] Doubles OU","log":"|j|\u2606Clea_Foxx96\n|j|\u2606Blank_Playe\n|t:|1700646202\n|gametype|doubles\n|player|p1|Clea_Foxx96|bianca|1075\n|player|p2|Blank_Playe|266|1000\n|teamsize|p1|6\n|teamsize|p2|6\n|gen|9\n|tier|[Gen 9] Doubles OU\n|rated|\n|rule|Species Clause: Limit one of each Pok\u00e9mon\n|rule|OHKO Clause: OHKO moves are banned\n|rule|Evasion Moves Clause: Evasion moves are banned\n|rule|Gravity Sleep Clause: The combination of sleep-inducing moves with imperfect accuracy and Gravity or Gigantamax Orbeetle are banned\n|rule|Endless Battle Clause: Forcing endless battles is banned\n|rule|HP Percentage Mod: HP is shown in percentages\n|clearpoke\n|poke|p1|Bronzong|\n|poke|p1|Klefki, F|\n|poke|p1|Empoleon, M|\n|poke|p1|Corviknight, M|\n|poke|p1|Gholdengo|\n|poke|p1|Kingambit, F|\n|poke|p2|Dipplin, M|\n|poke|p2|Iron Bundle|\n|poke|p2|Ninetales-Alola, F|\n|poke|p2|Dragapult, M|\n|poke|p2|Regieleki|\n|poke|p2|Chi-Yu|\n|teampreview\n|\n|t:|1700646235\n|start\n|switch|p1a: Alloy|Bronzong|100\/100\n|switch|p1b: Sienna|Klefki, F|100\/100\n|switch|p2a: Chi|Chi-Yu|100\/100\n|switch|p2b: Lizard|Dragapult, M|100\/100\n|-ability|p2a: Chi|Beads of Ruin\n|turn|1\n|inactive|Battle timer is ON: inactive players will automatically lose when time's up. (requested by Clea_Foxx96)\n|\n|t:|1700646266\n|move|p2b: Lizard|Quick Attack|p1b: Sienna\n|-resisted|p1b: Sienna\n|-damage|p1b: Sienna|89\/100\n|-damage|p2b: Lizard|91\/100|[from] item: Life Orb\n|move|p2a: Chi|Overheat|p1a: Alloy\n|-supereffective|p1a: Alloy\n|-damage|p1a: Alloy|0 fnt\n|-unboost|p2a: Chi|spa|2\n|faint|p1a: Alloy\n|move|p1b: Sienna|Trick Room|p1b: Sienna\n|-fieldstart|move: Trick Room|[of] p1b: Sienna\n|\n|-heal|p1b: Sienna|95\/100|[from] item: Leftovers\n|upkeep\n|\n|t:|1700646279\n|switch|p1a: Peso|Empoleon, M|100\/100\n|turn|2\n|\n|t:|1700646307\n|switch|p2a: Apple|Dipplin, M|100\/100\n|-ability|p2a: Apple|Supersweet Syrup\n|-ability|p2a: Apple|Supersweet Syrup|boost\n|-unboost|p1a: Peso|evasion|1\n|-ability|p1a: Peso|Competitive|boost\n|-boost|p1a: Peso|spa|2\n|-unboost|p1b: Sienna|evasion|1\n|move|p2b: Lizard|Quick Attack|p1b: Sienna\n|-resisted|p1b: Sienna\n|-damage|p1b: Sienna|84\/100\n|-damage|p2b: Lizard|81\/100|[from] item: Life Orb\n|move|p1a: Peso|Hydro Pump|p2a: Apple|[miss]\n|-miss|p1a: Peso|p2a: Apple\n|move|p1b: Sienna|Draining Kiss|p2a: Apple\n|-supereffective|p2a: Apple\n|-damage|p2a: Apple|75\/100\n|-heal|p1b: Sienna|100\/100|[from] drain|[of] p2a: Apple\n|\n|upkeep\n|turn|3\n|inactive|Blank_Playe has 120 seconds left.\n|\n|t:|1700646361\n|switch|p2b: Charge|Regieleki|100\/100\n|-item|p2b: Charge|Air Balloon\n|move|p1b: Sienna|Calm Mind|p1b: Sienna\n|-boost|p1b: Sienna|spa|1\n|-boost|p1b: Sienna|spd|1\n|move|p2a: Apple|Syrup Bomb|p1b: Sienna\n|-resisted|p1b: Sienna\n|-damage|p1b: Sienna|94\/100\n|-start|p1b: Sienna|Syrup Bomb\n|move|p1a: Peso|Aqua Ring|p1a: Peso\n|-start|p1a: Peso|Aqua Ring\n|\n|-heal|p1b: Sienna|99\/100|[from] item: Leftovers\n|-unboost|p1b: Sienna|spe|1\n|upkeep\n|turn|4\n|inactive|Blank_Playe has 120 seconds left.\n|\n|t:|1700646388\n|move|p2a: Apple|Protect|p2a: Apple\n|-singleturn|p2a: Apple|Protect\n|move|p1b: Sienna|Psychic|p2b: Charge\n|-damage|p2b: Charge|36\/100\n|-enditem|p2b: Charge|Air Balloon\n|move|p1a: Peso|Ice Beam|p2b: Charge\n|-damage|p2b: Charge|0 fnt\n|faint|p2b: Charge\n|\n|-heal|p1b: Sienna|100\/100|[from] item: Leftovers\n|-unboost|p1b: Sienna|spe|1\n|upkeep\n|\n|t:|1700646400\n|switch|p2b: Ice Kurama|Ninetales-Alola, F|100\/100\n|-weather|Snow|[from] ability: Snow Warning|[of] p2b: Ice Kurama\n|turn|5\n|\n|t:|1700646416\n|move|p1b: Sienna|Draining Kiss|p2a: Apple\n|-supereffective|p2a: Apple\n|-damage|p2a: Apple|36\/100\n|move|p2a: Apple|Draco Meteor|p1a: Peso\n|-resisted|p1a: Peso\n|-damage|p1a: Peso|80\/100\n|-unboost|p2a: Apple|spa|2\n|move|p1a: Peso|Flash Cannon|p2b: Ice Kurama\n|-supereffective|p2b: Ice Kurama\n|-damage|p2b: Ice Kurama|0 fnt\n|faint|p2b: Ice Kurama\n|\n|-weather|Snow|[upkeep]\n|-heal|p1a: Peso|86\/100|[from] item: Leftovers\n|-heal|p1a: Peso|92\/100|[from] Aqua Ring\n|-unboost|p1b: Sienna|spe|1\n|-fieldend|move: Trick Room\n|upkeep\n|\n|t:|1700646431\n|switch|p2b: Penguin|Iron Bundle, shiny|100\/100\n|-enditem|p2b: Penguin|Booster Energy\n|-activate|p2b: Penguin|ability: Quark Drive|[fromitem]\n|-start|p2b: Penguin|quarkdrivespe\n|turn|6\n|inactive|Blank_Playe has 120 seconds left.\n|\n|t:|1700646446\n|move|p2a: Apple|Protect|p2a: Apple\n|-singleturn|p2a: Apple|Protect\n|move|p2b: Penguin|Freeze-Dry|p1a: Peso\n|-damage|p1a: Peso|57\/100\n|move|p1a: Peso|Flash Cannon|p2b: Penguin\n|-damage|p2b: Penguin|0 fnt\n|faint|p2b: Penguin\n|-end|p2b: Penguin|Quark Drive|[silent]\n|move|p1b: Sienna|Trick Room|p1b: Sienna\n|-fieldstart|move: Trick Room|[of] p1b: Sienna\n|\n|-weather|Snow|[upkeep]\n|-heal|p1a: Peso|63\/100|[from] item: Leftovers\n|-heal|p1a: Peso|69\/100|[from] Aqua Ring\n|-end|p1b: Sienna|Syrup Bomb|[silent]\n|upkeep\n|\n|t:|1700646458\n|switch|p2b: Chi|Chi-Yu|100\/100\n|-ability|p2b: Chi|Beads of Ruin\n|turn|7\n|\n|t:|1700646469\n|move|p2a: Apple|Protect||[still]\n|-fail|p2a: Apple\n|move|p1b: Sienna|Draining Kiss|p2b: Chi\n|-damage|p2b: Chi|67\/100\n|move|p1a: Peso|Hydro Pump|p2b: Chi|[miss]\n|-miss|p1a: Peso|p2b: Chi\n|move|p2b: Chi|Overheat|p1a: Peso\n|-damage|p1a: Peso|0 fnt\n|-unboost|p2b: Chi|spa|2\n|faint|p1a: Peso\n|\n|-weather|Snow|[upkeep]\n|upkeep\n|\n|t:|1700646482\n|switch|p1a: Lakshmi|Gholdengo|100\/100\n|-enditem|p1a: Lakshmi|Room Service\n|-unboost|p1a: Lakshmi|spe|1|[from] item: Room Service\n|turn|8\n|\n|t:|1700646495\n|move|p1b: Sienna|Draining Kiss|p2b: Chi\n|-damage|p2b: Chi|36\/100\n|move|p2a: Apple|Pollen Puff|p2b: Chi\n|-heal|p2b: Chi|85\/100\n|move|p1a: Lakshmi|Power Gem|p2b: Chi\n|-supereffective|p2b: Chi\n|-damage|p2b: Chi|6\/100\n|move|p2b: Chi|Overheat|p1a: Lakshmi\n|-supereffective|p1a: Lakshmi\n|-crit|p1a: Lakshmi\n|-damage|p1a: Lakshmi|0 fnt\n|-unboost|p2b: Chi|spa|2\n|faint|p1a: Lakshmi\n|\n|-weather|Snow|[upkeep]\n|upkeep\n|\n|t:|1700646510\n|switch|p1a: Princely|Corviknight, M, shiny|100\/100\n|turn|9\n|\n|t:|1700646531\n|move|p1b: Sienna|Draining Kiss|p2b: Chi\n|-damage|p2b: Chi|0 fnt\n|faint|p2b: Chi\n|move|p2a: Apple|Pollen Puff|p2: Chi|[notarget]\n|-fail|p2a: Apple\n|move|p1a: Princely|Bulk Up|p1a: Princely\n|-boost|p1a: Princely|atk|1\n|-boost|p1a: Princely|def|1\n|\n|-weather|none\n|upkeep\n|\n|t:|1700646541\n|switch|p2b: Lizard|Dragapult, M|81\/100\n|turn|10\n|\n|t:|1700646555\n|move|p2a: Apple|Protect|p2a: Apple\n|-singleturn|p2a: Apple|Protect\n|move|p1b: Sienna|Draining Kiss|p2b: Lizard\n|-supereffective|p2b: Lizard\n|-damage|p2b: Lizard|12\/100\n|move|p1a: Princely|Bulk Up|p1a: Princely\n|-boost|p1a: Princely|atk|1\n|-boost|p1a: Princely|def|1\n|move|p2b: Lizard|Dragon Darts|p1a: Princely\n|-resisted|p1a: Princely\n|-damage|p1a: Princely|93\/100\n|-anim|p2b: Lizard|Dragon Darts|p1a: Princely\n|-resisted|p1a: Princely\n|-damage|p1a: Princely|85\/100\n|-damage|p2b: Lizard|2\/100|[from] item: Life Orb\n|\n|-fieldend|move: Trick Room\n|upkeep\n|turn|11\n|\n|t:|1700646579\n|move|p2b: Lizard|Quick Attack|p1b: Sienna\n|-resisted|p1b: Sienna\n|-damage|p1b: Sienna|89\/100\n|-damage|p2b: Lizard|0 fnt|[from] item: Life Orb\n|faint|p2b: Lizard\n|move|p1a: Princely|Brave Bird|p2a: Apple\n|-supereffective|p2a: Apple\n|-damage|p2a: Apple|0 fnt\n|faint|p2a: Apple\n|-damage|p1a: Princely|75\/100|[from] Recoil\n|\n|win|Clea_Foxx96\n|raw|Clea_Foxx96's rating: 1075 &rarr; <strong>1098<\/strong><br \/>(+23 for winning)\n|raw|Blank_Playe's rating: 1000 &rarr; <strong>1000<\/strong><br \/>(+0 for losing)\n","uploadtime":1700646590,"views":20,"p1id":"cleafoxx96","p2id":"blankplaye","formatid":"gen9doublesou","rating":1000,"private":0,"password":""}