{"id":"gen9doublesou-1995733717","p1":"Mibombilla","p2":"carmen_pkm","format":"[Gen 9] Doubles OU","log":"|j|\u2606Mibombilla\n|j|\u2606carmen_pkm\n|t:|1700598130\n|gametype|doubles\n|player|p1|Mibombilla|benga|\n|player|p2|carmen_pkm|n|\n|teamsize|p1|6\n|teamsize|p2|6\n|gen|9\n|tier|[Gen 9] Doubles OU\n|rule|Species Clause: Limit one of each Pok\u00e9mon\n|rule|OHKO Clause: OHKO moves are banned\n|rule|Evasion Moves Clause: Evasion moves are banned\n|rule|Gravity Sleep Clause: The combination of sleep-inducing moves with imperfect accuracy and Gravity or Gigantamax Orbeetle are banned\n|rule|Endless Battle Clause: Forcing endless battles is banned\n|rule|HP Percentage Mod: HP is shown in percentages\n|clearpoke\n|poke|p1|Vaporeon, M|\n|poke|p1|Umbreon, M|\n|poke|p1|Espeon, M|\n|poke|p1|Leafeon, M|\n|poke|p1|Glaceon, F|\n|poke|p1|Sylveon, M|\n|poke|p2|Clawitzer, M|\n|poke|p2|Torkoal, F|\n|poke|p2|Leafeon, F|\n|poke|p2|Grafaiai, M|\n|poke|p2|Bronzong|\n|poke|p2|Krookodile, F|\n|teampreview\n|\n|t:|1700598142\n|start\n|switch|p1a: Veganeon|Leafeon, M|100\/100\n|switch|p1b: Kafka|Espeon, M|100\/100\n|switch|p2a: Bronzong|Bronzong|100\/100\n|switch|p2b: Leafeon|Leafeon, F|100\/100\n|turn|1\n|c|\u2606carmen_pkm|Tengo miedo\n|\n|t:|1700598153\n|move|p1b: Kafka|Light Screen|p1b: Kafka\n|-sidestart|p1: Mibombilla|move: Light Screen\n|move|p2b: Leafeon|Swords Dance|p2b: Leafeon\n|-boost|p2b: Leafeon|atk|2\n|move|p1a: Veganeon|Swords Dance|p1a: Veganeon\n|-boost|p1a: Veganeon|atk|2\n|move|p2a: Bronzong|Light Screen|p2a: Bronzong\n|-sidestart|p2: carmen_pkm|move: Light Screen\n|\n|upkeep\n|turn|2\n|\n|t:|1700598167\n|move|p1b: Kafka|Reflect|p1b: Kafka\n|-sidestart|p1: Mibombilla|Reflect\n|move|p2b: Leafeon|Aerial Ace|p1a: Veganeon\n|-supereffective|p1a: Veganeon\n|-damage|p1a: Veganeon|33\/100\n|-damage|p2b: Leafeon|91\/100|[from] item: Life Orb\n|move|p1a: Veganeon|Swords Dance|p1a: Veganeon\n|-boost|p1a: Veganeon|atk|2\n|move|p2a: Bronzong|Rock Slide|p1b: Kafka|[spread] p1a,p1b\n|-damage|p1a: Veganeon|26\/100\n|-damage|p1b: Kafka|86\/100\n|\n|upkeep\n|turn|3\n|\n|t:|1700598185\n|move|p2a: Bronzong|Protect|p2a: Bronzong\n|-singleturn|p2a: Bronzong|Protect\n|move|p1a: Veganeon|Quick Attack|p2b: Leafeon\n|-damage|p2b: Leafeon|51\/100\n|move|p1b: Kafka|Calm Mind|p1b: Kafka\n|-boost|p1b: Kafka|spa|1\n|-boost|p1b: Kafka|spd|1\n|move|p2b: Leafeon|Aerial Ace|p1a: Veganeon\n|-supereffective|p1a: Veganeon\n|-damage|p1a: Veganeon|0 fnt\n|faint|p1a: Veganeon\n|-damage|p2b: Leafeon|41\/100|[from] item: Life Orb\n|\n|upkeep\n|\n|t:|1700598196\n|switch|p1a: Hela|Glaceon, F|100\/100\n|turn|4\n|\n|t:|1700598207\n|move|p1b: Kafka|Calm Mind|p1b: Kafka\n|-boost|p1b: Kafka|spa|1\n|-boost|p1b: Kafka|spd|1\n|move|p2b: Leafeon|Leaf Blade|p1b: Kafka\n|-damage|p1b: Kafka|0 fnt\n|faint|p1b: Kafka\n|-damage|p2b: Leafeon|31\/100|[from] item: Life Orb\n|move|p1a: Hela|Freeze-Dry|p2b: Leafeon\n|-supereffective|p2b: Leafeon\n|-damage|p2b: Leafeon|0 fnt\n|faint|p2b: Leafeon\n|move|p2a: Bronzong|Rock Slide|p1a: Hela\n|-supereffective|p1a: Hela\n|-damage|p1a: Hela|80\/100\n|\n|upkeep\n|\n|t:|1700598220\n|switch|p1b: La Oshi no Ko|Sylveon, M|100\/100\n|switch|p2b: Torkoal|Torkoal, F|100\/100\n|-weather|SunnyDay|[from] ability: Drought|[of] p2b: Torkoal\n|turn|5\n|\n|t:|1700598231\n|move|p1a: Hela|Calm Mind|p1a: Hela\n|-boost|p1a: Hela|spa|1\n|-boost|p1a: Hela|spd|1\n|move|p1b: La Oshi no Ko|Calm Mind|p1b: La Oshi no Ko\n|-boost|p1b: La Oshi no Ko|spa|1\n|-boost|p1b: La Oshi no Ko|spd|1\n|move|p2a: Bronzong|Weather Ball|p1a: Hela\n|-supereffective|p1a: Hela\n|-damage|p1a: Hela|51\/100\n|move|p2b: Torkoal|Earth Power|p1b: La Oshi no Ko\n|-damage|p1b: La Oshi no Ko|95\/100\n|\n|-weather|SunnyDay|[upkeep]\n|-sideend|p2: carmen_pkm|move: Light Screen\n|upkeep\n|turn|6\n|\n|t:|1700598247\n|move|p1a: Hela|Freeze-Dry|p2a: Bronzong\n|-resisted|p2a: Bronzong\n|-damage|p2a: Bronzong|79\/100\n|move|p1b: La Oshi no Ko|Calm Mind|p1b: La Oshi no Ko\n|-boost|p1b: La Oshi no Ko|spa|1\n|-boost|p1b: La Oshi no Ko|spd|1\n|move|p2a: Bronzong|Light Screen|p2a: Bronzong\n|-sidestart|p2: carmen_pkm|move: Light Screen\n|move|p2b: Torkoal|Eruption|p1a: Hela|[spread] p1a,p1b\n|-supereffective|p1a: Hela\n|-damage|p1a: Hela|0 fnt\n|-damage|p1b: La Oshi no Ko|81\/100\n|faint|p1a: Hela\n|\n|-weather|SunnyDay|[upkeep]\n|-heal|p2a: Bronzong|85\/100|[from] item: Leftovers\n|upkeep\n|\n|t:|1700598260\n|switch|p1a: En t\u00e9rminos de...|Vaporeon, M|100\/100\n|turn|7\n|\n|t:|1700598267\n|move|p1a: En t\u00e9rminos de...|Rain Dance|p1a: En t\u00e9rminos de...\n|-weather|RainDance\n|move|p1b: La Oshi no Ko|Hyper Voice|p2b: Torkoal|[spread] p2a,p2b\n|-resisted|p2a: Bronzong\n|-resisted|p2b: Torkoal\n|-damage|p2a: Bronzong|66\/100\n|-damage|p2b: Torkoal|61\/100\n|-enditem|p1b: La Oshi no Ko|Throat Spray\n|-boost|p1b: La Oshi no Ko|spa|1|[from] item: Throat Spray\n|move|p2a: Bronzong|Rock Slide|p1a: En t\u00e9rminos de...|[spread] p1a,p1b\n|-damage|p1a: En t\u00e9rminos de...|91\/100\n|-damage|p1b: La Oshi no Ko|72\/100\n|move|p2b: Torkoal|Stealth Rock|p1b: La Oshi no Ko\n|-sidestart|p1: Mibombilla|move: Stealth Rock\n|\n|-weather|RainDance|[upkeep]\n|-heal|p1a: En t\u00e9rminos de...|97\/100|[from] item: Leftovers\n|-heal|p2a: Bronzong|72\/100|[from] item: Leftovers\n|upkeep\n|turn|8\n|\n|t:|1700598291\n|move|p1a: En t\u00e9rminos de...|Aqua Ring|p1a: En t\u00e9rminos de...\n|-start|p1a: En t\u00e9rminos de...|Aqua Ring\n|move|p1b: La Oshi no Ko|Draining Kiss|p2a: Bronzong\n|-resisted|p2a: Bronzong\n|-damage|p2a: Bronzong|59\/100\n|-heal|p1b: La Oshi no Ko|80\/100|[from] drain|[of] p2a: Bronzong\n|move|p2a: Bronzong|Rock Slide|p1a: En t\u00e9rminos de...|[spread] p1a,p1b\n|-damage|p1a: En t\u00e9rminos de...|89\/100\n|-damage|p1b: La Oshi no Ko|70\/100\n|move|p2b: Torkoal|Earth Power|p1a: En t\u00e9rminos de...\n|-damage|p1a: En t\u00e9rminos de...|82\/100\n|\n|-weather|RainDance|[upkeep]\n|-heal|p1a: En t\u00e9rminos de...|88\/100|[from] item: Leftovers\n|-heal|p2a: Bronzong|66\/100|[from] item: Leftovers\n|-heal|p1a: En t\u00e9rminos de...|94\/100|[from] Aqua Ring\n|-sideend|p1: Mibombilla|move: Light Screen\n|upkeep\n|turn|9\n|\n|t:|1700598314\n|switch|p2a: Krookodile|Krookodile, F|100\/100\n|-ability|p2a: Krookodile|Intimidate|boost\n|-unboost|p1a: En t\u00e9rminos de...|atk|1\n|-unboost|p1b: La Oshi no Ko|atk|1\n|switch|p2b: Clawitzer|Clawitzer, M|100\/100\n|move|p1a: En t\u00e9rminos de...|Acid Armor|p1a: En t\u00e9rminos de...\n|-boost|p1a: En t\u00e9rminos de...|def|2\n|move|p1b: La Oshi no Ko|Calm Mind|p1b: La Oshi no Ko\n|-boost|p1b: La Oshi no Ko|spa|1\n|-boost|p1b: La Oshi no Ko|spd|1\n|\n|-weather|RainDance|[upkeep]\n|-heal|p1a: En t\u00e9rminos de...|100\/100|[from] item: Leftovers\n|-sideend|p1: Mibombilla|Reflect\n|upkeep\n|turn|10\n|\n|t:|1700598329\n|move|p2a: Krookodile|Crunch|p1b: La Oshi no Ko\n|-resisted|p1b: La Oshi no Ko\n|-damage|p1b: La Oshi no Ko|48\/100\n|move|p2b: Clawitzer|Dark Pulse|p1a: En t\u00e9rminos de...\n|-damage|p1a: En t\u00e9rminos de...|79\/100\n|move|p1a: En t\u00e9rminos de...|Acid Armor|p1a: En t\u00e9rminos de...\n|-boost|p1a: En t\u00e9rminos de...|def|2\n|move|p1b: La Oshi no Ko|Psyshock|p2a: Krookodile\n|-immune|p2a: Krookodile\n|\n|-weather|RainDance|[upkeep]\n|-heal|p1a: En t\u00e9rminos de...|86\/100|[from] item: Leftovers\n|-heal|p1a: En t\u00e9rminos de...|92\/100|[from] Aqua Ring\n|-sideend|p2: carmen_pkm|move: Light Screen\n|upkeep\n|turn|11\n|\n|t:|1700598345\n|move|p2a: Krookodile|Crunch|p1b: La Oshi no Ko\n|-resisted|p1b: La Oshi no Ko\n|-damage|p1b: La Oshi no Ko|23\/100\n|move|p2b: Clawitzer|Dark Pulse|p1a: En t\u00e9rminos de...\n|-damage|p1a: En t\u00e9rminos de...|71\/100\n|move|p1a: En t\u00e9rminos de...|Acid Armor|p1a: En t\u00e9rminos de...\n|-boost|p1a: En t\u00e9rminos de...|def|2\n|move|p1b: La Oshi no Ko|Draining Kiss|p2b: Clawitzer\n|-damage|p2b: Clawitzer|7\/100\n|-heal|p1b: La Oshi no Ko|74\/100|[from] drain|[of] p2b: Clawitzer\n|-enditem|p2b: Clawitzer|Aguav Berry|[eat]\n|-heal|p2b: Clawitzer|40\/100|[from] item: Aguav Berry\n|\n|-weather|none\n|-heal|p1a: En t\u00e9rminos de...|77\/100|[from] item: Leftovers\n|-heal|p1a: En t\u00e9rminos de...|83\/100|[from] Aqua Ring\n|upkeep\n|turn|12\n|\n|t:|1700598364\n|move|p2a: Krookodile|Crunch|p1a: En t\u00e9rminos de...\n|-damage|p1a: En t\u00e9rminos de...|72\/100\n|-unboost|p1a: En t\u00e9rminos de...|def|1\n|move|p2b: Clawitzer|Hydro Pump|p1b: La Oshi no Ko\n|-damage|p1b: La Oshi no Ko|58\/100\n|move|p1a: En t\u00e9rminos de...|Rain Dance|p1a: En t\u00e9rminos de...\n|-weather|RainDance\n|move|p1b: La Oshi no Ko|Draining Kiss|p2b: Clawitzer\n|-damage|p2b: Clawitzer|0 fnt\n|-heal|p1b: La Oshi no Ko|79\/100|[from] drain|[of] p2b: Clawitzer\n|faint|p2b: Clawitzer\n|\n|-weather|RainDance|[upkeep]\n|-heal|p1a: En t\u00e9rminos de...|79\/100|[from] item: Leftovers\n|-heal|p1a: En t\u00e9rminos de...|85\/100|[from] Aqua Ring\n|upkeep\n|\n|t:|1700598373\n|switch|p2b: Grafaiai|Grafaiai, M|100\/100\n|turn|13\n|\n|t:|1700598382\n|move|p2b: Grafaiai|Sunny Day|p2b: Grafaiai\n|-weather|SunnyDay\n|move|p2a: Krookodile|Stomping Tantrum|p1a: En t\u00e9rminos de...\n|-damage|p1a: En t\u00e9rminos de...|72\/100\n|move|p1a: En t\u00e9rminos de...|Acid Armor|p1a: En t\u00e9rminos de...\n|-boost|p1a: En t\u00e9rminos de...|def|1\n|move|p1b: La Oshi no Ko|Psyshock|p2b: Grafaiai\n|-supereffective|p2b: Grafaiai\n|-enditem|p2b: Grafaiai|Focus Sash\n|-damage|p2b: Grafaiai|1\/100\n|\n|-weather|SunnyDay|[upkeep]\n|-heal|p1a: En t\u00e9rminos de...|78\/100|[from] item: Leftovers\n|-heal|p1a: En t\u00e9rminos de...|85\/100|[from] Aqua Ring\n|upkeep\n|turn|14\n|\n|t:|1700598406\n|move|p2b: Grafaiai|Toxic|p1b: La Oshi no Ko\n|-status|p1b: La Oshi no Ko|tox\n|move|p2a: Krookodile|Rock Slide|p1b: La Oshi no Ko|[spread] p1a,p1b\n|-damage|p1a: En t\u00e9rminos de...|80\/100\n|-damage|p1b: La Oshi no Ko|56\/100 tox\n|move|p1a: En t\u00e9rminos de...|Rain Dance|p1a: En t\u00e9rminos de...\n|-weather|RainDance\n|move|p1b: La Oshi no Ko|Hyper Voice|p2b: Grafaiai|[spread] p2a,p2b\n|-supereffective|p2a: Krookodile\n|-resisted|p2b: Grafaiai\n|-damage|p2a: Krookodile|0 fnt\n|-damage|p2b: Grafaiai|0 fnt\n|faint|p2a: Krookodile\n|faint|p2b: Grafaiai\n|\n|-weather|RainDance|[upkeep]\n|-heal|p1a: En t\u00e9rminos de...|86\/100|[from] item: Leftovers\n|-heal|p1a: En t\u00e9rminos de...|92\/100|[from] Aqua Ring\n|-damage|p1b: La Oshi no Ko|49\/100 tox|[from] psn\n|upkeep\n|\n|t:|1700598415\n|switch|p2b: Torkoal|Torkoal, F|61\/100\n|switch|p2a: Bronzong|Bronzong|66\/100\n|-weather|SunnyDay|[from] ability: Drought|[of] p2b: Torkoal\n|turn|15\n|\n|t:|1700598431\n|move|p1a: En t\u00e9rminos de...|Scald|p2b: Torkoal\n|-supereffective|p2b: Torkoal\n|-damage|p2b: Torkoal|24\/100\n|move|p1b: La Oshi no Ko|Draining Kiss|p2a: Bronzong\n|-resisted|p2a: Bronzong\n|-damage|p2a: Bronzong|39\/100\n|-heal|p1b: La Oshi no Ko|67\/100 tox|[from] drain|[of] p2a: Bronzong\n|move|p2a: Bronzong|Light Screen|p2a: Bronzong\n|-sidestart|p2: carmen_pkm|move: Light Screen\n|move|p2b: Torkoal|Earth Power|p1a: En t\u00e9rminos de...\n|-damage|p1a: En t\u00e9rminos de...|82\/100\n|-unboost|p1a: En t\u00e9rminos de...|spd|1\n|\n|-weather|SunnyDay|[upkeep]\n|-heal|p1a: En t\u00e9rminos de...|88\/100|[from] item: Leftovers\n|-heal|p2a: Bronzong|45\/100|[from] item: Leftovers\n|-heal|p1a: En t\u00e9rminos de...|94\/100|[from] Aqua Ring\n|-damage|p1b: La Oshi no Ko|55\/100 tox|[from] psn\n|upkeep\n|turn|16\n|\n|t:|1700598460\n|move|p1a: En t\u00e9rminos de...|Rain Dance|p1a: En t\u00e9rminos de...\n|-weather|RainDance\n|move|p1b: La Oshi no Ko|Calm Mind|p1b: La Oshi no Ko\n|-boost|p1b: La Oshi no Ko|spa|1\n|-boost|p1b: La Oshi no Ko|spd|1\n|move|p2a: Bronzong|Weather Ball|p1b: La Oshi no Ko\n|-damage|p1b: La Oshi no Ko|48\/100 tox\n|move|p2b: Torkoal|Earth Power|p1b: La Oshi no Ko\n|-damage|p1b: La Oshi no Ko|44\/100 tox\n|\n|-weather|RainDance|[upkeep]\n|-heal|p1a: En t\u00e9rminos de...|100\/100|[from] item: Leftovers\n|-heal|p2a: Bronzong|51\/100|[from] item: Leftovers\n|-damage|p1b: La Oshi no Ko|25\/100 tox|[from] psn\n|upkeep\n|turn|17\n|\n|t:|1700598493\n|move|p2a: Bronzong|Protect|p2a: Bronzong\n|-singleturn|p2a: Bronzong|Protect\n|move|p1a: En t\u00e9rminos de...|Scald|p2a: Bronzong\n|-activate|p2a: Bronzong|move: Protect\n|move|p1b: La Oshi no Ko|Draining Kiss|p2b: Torkoal\n|-resisted|p2b: Torkoal\n|-damage|p2b: Torkoal|0 fnt\n|-heal|p1b: La Oshi no Ko|41\/100 tox|[from] drain|[of] p2b: Torkoal\n|faint|p2b: Torkoal\n|\n|-weather|RainDance|[upkeep]\n|-heal|p2a: Bronzong|58\/100|[from] item: Leftovers\n|-damage|p1b: La Oshi no Ko|16\/100 tox|[from] psn\n|upkeep\n|turn|18\n|\n|t:|1700598508\n|move|p1a: En t\u00e9rminos de...|Scald|p2a: Bronzong\n|-damage|p2a: Bronzong|37\/100\n|move|p1b: La Oshi no Ko|Draining Kiss|p2a: Bronzong\n|-resisted|p2a: Bronzong\n|-damage|p2a: Bronzong|19\/100\n|-heal|p1b: La Oshi no Ko|28\/100 tox|[from] drain|[of] p2a: Bronzong\n|move|p2a: Bronzong|Weather Ball|p1b: La Oshi no Ko\n|-damage|p1b: La Oshi no Ko|21\/100 tox\n|\n|-weather|RainDance|[upkeep]\n|-heal|p2a: Bronzong|26\/100|[from] item: Leftovers\n|-damage|p1b: La Oshi no Ko|0 fnt|[from] psn\n|faint|p1b: La Oshi no Ko\n|upkeep\n|\n|t:|1700598521\n|switch|p1b: My Black Bro|Umbreon, M|100\/100\n|-damage|p1b: My Black Bro|88\/100|[from] Stealth Rock\n|turn|19\n|\n|t:|1700598527\n|move|p1b: My Black Bro|Calm Mind|p1b: My Black Bro\n|-boost|p1b: My Black Bro|spa|1\n|-boost|p1b: My Black Bro|spd|1\n|move|p1a: En t\u00e9rminos de...|Scald|p2a: Bronzong\n|-damage|p2a: Bronzong|5\/100\n|-status|p2a: Bronzong|brn\n|move|p2a: Bronzong|Rock Slide|p1a: En t\u00e9rminos de...|[spread] p1a,p1b\n|-damage|p1a: En t\u00e9rminos de...|99\/100\n|-damage|p1b: My Black Bro|85\/100\n|\n|-weather|RainDance|[upkeep]\n|-heal|p1a: En t\u00e9rminos de...|100\/100|[from] item: Leftovers\n|-heal|p2a: Bronzong|11\/100 brn|[from] item: Leftovers\n|-damage|p2a: Bronzong|5\/100 brn|[from] brn\n|-sideend|p2: carmen_pkm|move: Light Screen\n|upkeep\n|turn|20\n|\n|t:|1700598544\n|move|p1a: En t\u00e9rminos de...|Scald|p2a: Bronzong\n|-damage|p2a: Bronzong|0 fnt\n|faint|p2a: Bronzong\n|\n|win|Mibombilla\n|l|\u2606carmen_pkm\n","uploadtime":1700598552,"views":9,"p1id":"mibombilla","p2id":"carmenpkm","formatid":"gen9doublesou","rating":0,"private":0,"password":""}