{"id":"gen9doublesou-1972842653","p1":"DecarolisSTAFFETTA","p2":"Godspeed06","format":"[Gen 9] Doubles OU","log":"|j|\u2606DecarolisSTAFFETTA\n|j|\u2606Godspeed06\n|t:|1697901285\n|gametype|doubles\n|player|p1|DecarolisSTAFFETTA|bugcatcher-gen4dp|1072\n|player|p2|Godspeed06|sabrina|1102\n|teamsize|p1|6\n|teamsize|p2|6\n|gen|9\n|tier|[Gen 9] Doubles OU\n|rated|\n|rule|Species Clause: Limit one of each Pok\u00e9mon\n|rule|OHKO Clause: OHKO moves are banned\n|rule|Evasion Moves Clause: Evasion moves are banned\n|rule|Gravity Sleep Clause: The combination of sleep-inducing moves with imperfect accuracy and Gravity or Gigantamax Orbeetle are banned\n|rule|Endless Battle Clause: Forcing endless battles is banned\n|rule|HP Percentage Mod: HP is shown in percentages\n|clearpoke\n|poke|p1|Crawdaunt, M|\n|poke|p1|Slowking-Galar, M|\n|poke|p1|Okidogi, M|\n|poke|p1|Sinistcha|\n|poke|p1|Grafaiai, M|\n|poke|p1|Toedscruel, F|\n|poke|p2|Meowscarada, F|\n|poke|p2|Greninja-*, F|\n|poke|p2|Haxorus, M|\n|poke|p2|Chien-Pao|\n|poke|p2|Flutter Mane|\n|poke|p2|Zapdos|\n|teampreview\n|inactive|Battle timer is ON: inactive players will automatically lose when time's up. (requested by DecarolisSTAFFETTA)\n|\n|t:|1697901300\n|start\n|switch|p1a: Sinistcha|Sinistcha|100\/100\n|switch|p1b: Grafaiai|Grafaiai, M|100\/100\n|switch|p2a: Greninja|Greninja, F|100\/100\n|switch|p2b: Meowscarada|Meowscarada, F|100\/100\n|turn|1\n|inactive|DecarolisSTAFFETTA has 120 seconds left.\n|inactive|Godspeed06 has 120 seconds left.\n|\n|t:|1697901338\n|move|p1a: Sinistcha|Rage Powder|p1a: Sinistcha\n|-singleturn|p1a: Sinistcha|move: Rage Powder\n|move|p1b: Grafaiai|Doodle|p2b: Meowscarada\n|-hint|Since gen 7, Dark is immune to Prankster moves.\n|-immune|p2b: Meowscarada\n|move|p2b: Meowscarada|Grass Pledge|p1b: Grafaiai\n|-waiting|p2b: Meowscarada|p2a: Greninja\n|move|p2a: Greninja|Water Pledge|p1a: Sinistcha|[from]move: Grass Pledge\n|-combine\n|-resisted|p1a: Sinistcha\n|-damage|p1a: Sinistcha|63\/100\n|-sidestart|p1: DecarolisSTAFFETTA|Grass Pledge\n|\n|upkeep\n|turn|2\n|\n|t:|1697901362\n|switch|p2b: Zapdos|Zapdos|100\/100\n|-ability|p2b: Zapdos|Pressure\n|switch|p2a: Haxorus|Haxorus, M|100\/100\n|-ability|p2a: Haxorus|Mold Breaker\n|move|p1a: Sinistcha|Rage Powder|p1a: Sinistcha\n|-singleturn|p1a: Sinistcha|move: Rage Powder\n|move|p1b: Grafaiai|Encore||[still]\n|-fail|p1b: Grafaiai\n|\n|upkeep\n|turn|3\n|inactive|DecarolisSTAFFETTA has 120 seconds left.\n|\n|t:|1697901394\n|-terastallize|p2a: Haxorus|Ground\n|-terastallize|p1a: Sinistcha|Dark\n|move|p1b: Grafaiai|Doodle|p2a: Haxorus\n|-endability|p1a: Sinistcha|Hospitality|[from] move: Doodle\n|-ability|p1a: Sinistcha|Mold Breaker\n|-ability|p1a: Sinistcha|Mold Breaker|[from] move: Doodle\n|-endability|p1b: Grafaiai|Prankster|[from] move: Doodle\n|-ability|p1b: Grafaiai|Mold Breaker\n|-ability|p1b: Grafaiai|Mold Breaker|[from] move: Doodle\n|move|p2b: Zapdos|Discharge|p1a: Sinistcha|[spread] p1a,p1b\n|-immune|p2a: Haxorus\n|-damage|p1a: Sinistcha|17\/100\n|-damage|p1b: Grafaiai|67\/100\n|-damage|p2b: Zapdos|91\/100|[from] item: Life Orb\n|move|p2a: Haxorus|Earthquake|p1b: Grafaiai|[spread] p1a,p1b\n|-immune|p2b: Zapdos\n|-supereffective|p1b: Grafaiai\n|-damage|p1a: Sinistcha|0 fnt\n|-damage|p1b: Grafaiai|0 fnt\n|faint|p1a: Sinistcha\n|faint|p1b: Grafaiai\n|\n|upkeep\n|inactive|DecarolisSTAFFETTA has 120 seconds left.\n|\n|t:|1697901422\n|switch|p1b: Okidogi|Okidogi, M|100\/100\n|switch|p1a: Slowking|Slowking-Galar, M|100\/100\n|-clearboost|p1b: Okidogi|[from] ability: Curious Medicine|[of] p1a: Slowking\n|turn|4\n|inactive|DecarolisSTAFFETTA has 120 seconds left.\n|\n|t:|1697901437\n|switch|p1b: Toedscruel|Toedscruel, F|100\/100\n|move|p2b: Zapdos|Discharge|p1a: Slowking|[spread] p1a\n|-immune|p2a: Haxorus\n|-immune|p1b: Toedscruel\n|-damage|p1a: Slowking|72\/100\n|-status|p1a: Slowking|par\n|-damage|p2b: Zapdos|81\/100|[from] item: Life Orb\n|move|p2a: Haxorus|Earthquake|p1a: Slowking|[spread] p1a,p1b\n|-immune|p2b: Zapdos\n|-supereffective|p1a: Slowking\n|-resisted|p1b: Toedscruel\n|-damage|p1a: Slowking|0 fnt\n|-damage|p1b: Toedscruel|64\/100\n|faint|p1a: Slowking\n|\n|-heal|p1b: Toedscruel|70\/100|[from] item: Leftovers\n|-sideend|p1: DecarolisSTAFFETTA|Grass Pledge\n|upkeep\n|\n|t:|1697901458\n|switch|p1a: Okidogi|Okidogi, M|100\/100\n|turn|5\n|\n|t:|1697901474\n|switch|p2b: Meowscarada|Meowscarada, F|100\/100\n|switch|p2a: Greninja|Greninja, F|100\/100\n|move|p1b: Toedscruel|Giga Drain|p2a: Greninja\n|-supereffective|p2a: Greninja\n|-damage|p2a: Greninja|14\/100\n|-heal|p1b: Toedscruel|100\/100|[from] drain|[of] p2a: Greninja\n|move|p1a: Okidogi|Drain Punch|p2a: Greninja\n|-supereffective|p2a: Greninja\n|-damage|p2a: Greninja|0 fnt\n|faint|p2a: Greninja\n|\n|upkeep\n|\n|t:|1697901489\n|switch|p2a: Zapdos|Zapdos|81\/100\n|-ability|p2a: Zapdos|Pressure\n|turn|6\n|inactive|DecarolisSTAFFETTA has 120 seconds left.\n|\n|t:|1697901505\n|switch|p1b: Crawdaunt|Crawdaunt, M|100\/100\n|move|p2b: Meowscarada|Knock Off|p1b: Crawdaunt\n|-start|p2b: Meowscarada|typechange|Dark|[from] ability: Protean\n|-resisted|p1b: Crawdaunt\n|-damage|p1b: Crawdaunt|74\/100\n|-enditem|p1b: Crawdaunt|Black Glasses|[from] move: Knock Off|[of] p2b: Meowscarada\n|move|p2a: Zapdos|Heat Wave|p1b: Crawdaunt|[spread] p1b\n|-miss|p2a: Zapdos|p1a: Okidogi\n|-resisted|p1b: Crawdaunt\n|-damage|p1b: Crawdaunt|47\/100\n|-damage|p2a: Zapdos|71\/100|[from] item: Life Orb\n|move|p1a: Okidogi|Gunk Shot|p2b: Meowscarada\n|-enditem|p2b: Meowscarada|Focus Sash\n|-damage|p2b: Meowscarada|1\/100\n|-status|p2b: Meowscarada|tox|[from] ability: Toxic Chain|[of] p1a: Okidogi\n|\n|-damage|p2b: Meowscarada|0 fnt|[from] psn\n|faint|p2b: Meowscarada\n|upkeep\n|\n|t:|1697901527\n|switch|p2b: Haxorus|Haxorus, M, tera:Ground|100\/100\n|-ability|p2b: Haxorus|Mold Breaker\n|turn|7\n|\n|t:|1697901546\n|switch|p1b: Toedscruel|Toedscruel, F|100\/100\n|move|p2b: Haxorus|First Impression|p1b: Toedscruel\n|-supereffective|p1b: Toedscruel\n|-damage|p1b: Toedscruel|0 fnt\n|faint|p1b: Toedscruel\n|move|p2a: Zapdos|Discharge|p1a: Okidogi|[spread] p1a\n|-immune|p2b: Haxorus\n|-damage|p1a: Okidogi|61\/100\n|-status|p1a: Okidogi|par\n|-damage|p2a: Zapdos|61\/100|[from] item: Life Orb\n|move|p1a: Okidogi|Drain Punch|p2b: Haxorus\n|-damage|p2b: Haxorus|45\/100\n|-heal|p1a: Okidogi|83\/100 par|[from] drain|[of] p2b: Haxorus\n|\n|upkeep\n|inactive|DecarolisSTAFFETTA has 120 seconds left.\n|\n|t:|1697901568\n|switch|p1b: Crawdaunt|Crawdaunt, M|47\/100\n|turn|8\n|\n|t:|1697901587\n|move|p2a: Zapdos|Discharge|p1b: Crawdaunt|[spread] p1a,p1b\n|-immune|p2b: Haxorus\n|-supereffective|p1b: Crawdaunt\n|-damage|p1a: Okidogi|44\/100 par\n|-damage|p1b: Crawdaunt|0 fnt\n|faint|p1b: Crawdaunt\n|-damage|p2a: Zapdos|51\/100|[from] item: Life Orb\n|move|p2b: Haxorus|Earthquake|p1a: Okidogi|[spread] p1a\n|-immune|p2a: Zapdos\n|-supereffective|p1a: Okidogi\n|-damage|p1a: Okidogi|0 fnt\n|faint|p1a: Okidogi\n|\n|win|Godspeed06\n|raw|DecarolisSTAFFETTA's rating: 1072 &rarr; <strong>1053<\/strong><br \/>(-19 for losing)\n|raw|Godspeed06's rating: 1102 &rarr; <strong>1125<\/strong><br \/>(+23 for winning)\n|l|\u2606DecarolisSTAFFETTA\n","uploadtime":1697901609,"views":11,"p1id":"decarolisstaffetta","p2id":"godspeed06","formatid":"gen9doublesou","rating":1053,"private":0,"password":""}