{"id":"gen9doublesou-1995177942","p1":"DMartz64","p2":"muskan1723","format":"[Gen 9] Doubles OU","log":"|j|\u203dDMartz64\n|j|\u2606muskan1723\n|t:|1700531322\n|gametype|doubles\n|player|p1|DMartz64|brock|1320\n|player|p2|muskan1723|265|1424\n|teamsize|p1|6\n|teamsize|p2|6\n|gen|9\n|tier|[Gen 9] Doubles OU\n|rated|\n|rule|Species Clause: Limit one of each Pok\u00e9mon\n|rule|OHKO Clause: OHKO moves are banned\n|rule|Evasion Moves Clause: Evasion moves are banned\n|rule|Gravity Sleep Clause: The combination of sleep-inducing moves with imperfect accuracy and Gravity or Gigantamax Orbeetle are banned\n|rule|Endless Battle Clause: Forcing endless battles is banned\n|rule|HP Percentage Mod: HP is shown in percentages\n|clearpoke\n|poke|p1|Garganacl, M|\n|poke|p1|Kleavor, M|\n|poke|p1|Tyranitar, M|\n|poke|p1|Arcanine-Hisui, F|\n|poke|p1|Coalossal, M|\n|poke|p1|Glimmora, F|\n|poke|p2|Mamoswine, M|\n|poke|p2|Arcanine, M|\n|poke|p2|Amoonguss, F|\n|poke|p2|Chien-Pao|\n|poke|p2|Chi-Yu|\n|poke|p2|Farigiraf, M|\n|teampreview\n|\n|t:|1700531341\n|start\n|switch|p1a: Glimmora|Glimmora, F|100\/100\n|switch|p1b: Kleavor|Kleavor, M|100\/100\n|switch|p2a: Mamoswine|Mamoswine, M, shiny|100\/100\n|switch|p2b: Amoonguss|Amoonguss, F, shiny|100\/100\n|turn|1\n|\n|t:|1700531362\n|-terastallize|p2a: Mamoswine|Grass\n|move|p1b: Kleavor|Stone Axe|p2a: Mamoswine\n|-damage|p2a: Mamoswine|52\/100\n|-sidestart|p2: muskan1723|move: Stealth Rock\n|move|p1a: Glimmora|Energy Ball|p2a: Mamoswine\n|-resisted|p2a: Mamoswine\n|-damage|p2a: Mamoswine|40\/100\n|move|p2a: Mamoswine|Icicle Crash|p1b: Kleavor\n|-damage|p1b: Kleavor|40\/100\n|move|p2b: Amoonguss|Spore|p1a: Glimmora\n|-status|p1a: Glimmora|slp|[from] move: Spore\n|\n|upkeep\n|turn|2\n|\n|t:|1700531386\n|move|p2b: Amoonguss|Rage Powder|p2b: Amoonguss\n|-singleturn|p2b: Amoonguss|move: Rage Powder\n|move|p1b: Kleavor|Stone Axe|p2b: Amoonguss\n|-damage|p2b: Amoonguss|56\/100\n|cant|p1a: Glimmora|slp\n|move|p2a: Mamoswine|High Horsepower|p1b: Kleavor\n|-damage|p1b: Kleavor|0 fnt\n|faint|p1b: Kleavor\n|\n|-heal|p2b: Amoonguss|62\/100|[from] item: Leftovers\n|upkeep\n|\n|t:|1700531416\n|switch|p1b: Coalossal|Coalossal, M|100\/100\n|turn|3\n|\n|t:|1700531437\n|switch|p2b: Arcanine|Arcanine, M, shiny|100\/100\n|-damage|p2b: Arcanine|76\/100|[from] Stealth Rock\n|-ability|p2b: Arcanine|Intimidate|boost\n|-unboost|p1a: Glimmora|atk|1\n|-unboost|p1b: Coalossal|atk|1\n|-terastallize|p1b: Coalossal|Grass\n|cant|p1a: Glimmora|slp\n|move|p2a: Mamoswine|Trailblaze|p1b: Coalossal\n|-resisted|p1b: Coalossal\n|-damage|p1b: Coalossal|89\/100\n|-boost|p2a: Mamoswine|spe|1\n|move|p1b: Coalossal|Heat Wave|p2a: Mamoswine|[spread] p2a,p2b\n|-supereffective|p2a: Mamoswine\n|-resisted|p2b: Arcanine\n|-damage|p2a: Mamoswine|24\/100\n|-damage|p2b: Arcanine|65\/100\n|\n|upkeep\n|turn|4\n|\n|t:|1700531467\n|switch|p1b: Garganacl|Garganacl, M|100\/100\n|-curestatus|p1a: Glimmora|slp|[msg]\n|move|p1a: Glimmora|Mortal Spin|p2a: Mamoswine|[spread] p2a,p2b\n|-supereffective|p2a: Mamoswine\n|-damage|p2a: Mamoswine|19\/100\n|-damage|p2b: Arcanine|62\/100\n|-status|p2a: Mamoswine|psn\n|-status|p2b: Arcanine|psn\n|move|p2a: Mamoswine|Icicle Crash|p1b: Garganacl|[miss]\n|-miss|p2a: Mamoswine|p1b: Garganacl\n|move|p2b: Arcanine|Flare Blitz|p1a: Glimmora\n|-resisted|p1a: Glimmora\n|-damage|p1a: Glimmora|64\/100\n|-activate|p1a: Glimmora|ability: Toxic Debris\n|-sidestart|p2: muskan1723|move: Toxic Spikes\n|-damage|p2b: Arcanine|50\/100 psn|[from] Recoil\n|-enditem|p2b: Arcanine|Sitrus Berry|[eat]\n|-heal|p2b: Arcanine|75\/100 psn|[from] item: Sitrus Berry\n|\n|-damage|p2a: Mamoswine|6\/100 psn|[from] psn\n|-damage|p2b: Arcanine|63\/100 psn|[from] psn\n|upkeep\n|turn|5\n|\n|t:|1700531500\n|move|p1a: Glimmora|Spikes|p2a: Mamoswine\n|-sidestart|p2: muskan1723|Spikes\n|move|p2a: Mamoswine|Trailblaze|p1b: Garganacl\n|-supereffective|p1b: Garganacl\n|-damage|p1b: Garganacl|50\/100\n|-boost|p2a: Mamoswine|spe|1\n|move|p2b: Arcanine|Flare Blitz|p1a: Glimmora\n|-resisted|p1a: Glimmora\n|-damage|p1a: Glimmora|28\/100\n|-activate|p1a: Glimmora|ability: Toxic Debris\n|-sidestart|p2: muskan1723|move: Toxic Spikes\n|-damage|p2b: Arcanine|52\/100 psn|[from] Recoil\n|move|p1b: Garganacl|Body Press|p2b: Arcanine\n|-damage|p2b: Arcanine|24\/100 psn\n|\n|-damage|p2a: Mamoswine|0 fnt|[from] psn\n|faint|p2a: Mamoswine\n|-damage|p2b: Arcanine|12\/100 psn|[from] psn\n|upkeep\n|\n|t:|1700531520\n|switch|p2a: Amoonguss|Amoonguss, F, shiny|96\/100\n|-damage|p2a: Amoonguss|83\/100|[from] Stealth Rock\n|-sideend|p2: muskan1723|move: Toxic Spikes|[of] p2a: Amoonguss\n|-damage|p2a: Amoonguss|71\/100|[from] Spikes\n|turn|6\n|\n|t:|1700531533\n|move|p1a: Glimmora|Mortal Spin|p2a: Amoonguss|[spread] p2a,p2b\n|-damage|p2a: Amoonguss|68\/100\n|-damage|p2b: Arcanine|9\/100 psn\n|move|p2b: Arcanine|Flare Blitz|p1b: Garganacl\n|-resisted|p1b: Garganacl\n|-damage|p1b: Garganacl|30\/100\n|-damage|p2b: Arcanine|0 fnt|[from] Recoil\n|faint|p2b: Arcanine\n|move|p1b: Garganacl|Salt Cure|p2a: Amoonguss\n|-damage|p2a: Amoonguss|56\/100\n|-start|p2a: Amoonguss|Salt Cure\n|move|p2a: Amoonguss|Spore|p1a: Glimmora\n|-status|p1a: Glimmora|slp|[from] move: Spore\n|\n|-heal|p2a: Amoonguss|62\/100|[from] item: Leftovers\n|-damage|p2a: Amoonguss|50\/100|[from] Salt Cure\n|upkeep\n|\n|t:|1700531553\n|switch|p2b: Chien-Pao|Chien-Pao|100\/100\n|-damage|p2b: Chien-Pao|76\/100|[from] Stealth Rock\n|-damage|p2b: Chien-Pao|63\/100|[from] Spikes\n|-ability|p2b: Chien-Pao|Sword of Ruin\n|turn|7\n|\n|t:|1700531572\n|move|p2b: Chien-Pao|Ice Spinner|p1b: Garganacl\n|-damage|p1b: Garganacl|0 fnt\n|faint|p1b: Garganacl\n|-damage|p2b: Chien-Pao|53\/100|[from] item: Life Orb\n|cant|p1a: Glimmora|slp\n|move|p2a: Amoonguss|Pollen Puff|p2b: Chien-Pao\n|-heal|p2b: Chien-Pao|100\/100\n|\n|-heal|p2a: Amoonguss|56\/100|[from] item: Leftovers\n|-damage|p2a: Amoonguss|43\/100|[from] Salt Cure\n|upkeep\n|\n|t:|1700531586\n|switch|p1b: Arcanine|Arcanine-Hisui, F|100\/100\n|turn|8\n|\n|t:|1700531598\n|move|p2b: Chien-Pao|Ice Spinner|p1a: Glimmora\n|-damage|p1a: Glimmora|0 fnt\n|-activate|p1a: Glimmora|ability: Toxic Debris\n|-sidestart|p2: muskan1723|move: Toxic Spikes\n|faint|p1a: Glimmora\n|-damage|p2b: Chien-Pao|91\/100|[from] item: Life Orb\n|move|p1b: Arcanine|Head Smash|p2b: Chien-Pao\n|-supereffective|p2b: Chien-Pao\n|-damage|p2b: Chien-Pao|0 fnt\n|faint|p2b: Chien-Pao\n|move|p2a: Amoonguss|Spore|p1b: Arcanine\n|-status|p1b: Arcanine|slp|[from] move: Spore\n|\n|-heal|p2a: Amoonguss|50\/100|[from] item: Leftovers\n|-damage|p2a: Amoonguss|37\/100|[from] Salt Cure\n|upkeep\n|\n|t:|1700531619\n|switch|p2b: Farigiraf|Farigiraf, M|100\/100\n|switch|p1a: Coalossal|Coalossal, M, tera:Grass|89\/100\n|-damage|p2b: Farigiraf|88\/100|[from] Stealth Rock\n|-damage|p2b: Farigiraf|76\/100|[from] Spikes\n|-status|p2b: Farigiraf|psn\n|turn|9\n|\n|t:|1700531639\n|switch|p2a: Chi-Yu|Chi-Yu|100\/100\n|-damage|p2a: Chi-Yu|75\/100|[from] Stealth Rock\n|-damage|p2a: Chi-Yu|63\/100|[from] Spikes\n|-status|p2a: Chi-Yu|psn\n|-ability|p2a: Chi-Yu|Beads of Ruin\n|cant|p1b: Arcanine|slp\n|move|p1a: Coalossal|Heat Wave|p2a: Chi-Yu|[spread] p2a,p2b\n|-resisted|p2a: Chi-Yu\n|-damage|p2a: Chi-Yu|51\/100 psn\n|-damage|p2b: Farigiraf|50\/100 psn\n|move|p2b: Farigiraf|Psychic|p1a: Coalossal\n|-damage|p1a: Coalossal|33\/100\n|\n|-heal|p2b: Farigiraf|56\/100 psn|[from] item: Leftovers\n|-damage|p2a: Chi-Yu|39\/100 psn|[from] psn\n|-damage|p2b: Farigiraf|44\/100 psn|[from] psn\n|upkeep\n|turn|10\n|\n|t:|1700531662\n|cant|p1b: Arcanine|slp\n|move|p2a: Chi-Yu|Snarl|p1b: Arcanine|[spread] p1a,p1b\n|-crit|p1b: Arcanine\n|-damage|p1a: Coalossal|0 fnt\n|-damage|p1b: Arcanine|17\/100 slp\n|-unboost|p1b: Arcanine|spa|1\n|faint|p1a: Coalossal\n|-damage|p2a: Chi-Yu|29\/100 psn|[from] item: Life Orb\n|move|p2b: Farigiraf|Psychic|p1b: Arcanine\n|-damage|p1b: Arcanine|0 fnt\n|faint|p1b: Arcanine\n|\n|-heal|p2b: Farigiraf|50\/100 psn|[from] item: Leftovers\n|-damage|p2a: Chi-Yu|16\/100 psn|[from] psn\n|-damage|p2b: Farigiraf|37\/100 psn|[from] psn\n|upkeep\n|\n|t:|1700531679\n|switch|p1b: Tyranitar|Tyranitar, M|100\/100\n|-weather|Sandstorm|[from] ability: Sand Stream|[of] p1b: Tyranitar\n|turn|11\n|\n|t:|1700531696\n|move|p2b: Farigiraf|Helping Hand|p2a: Chi-Yu\n|-singleturn|p2a: Chi-Yu|Helping Hand|[of] p2b: Farigiraf\n|move|p2a: Chi-Yu|Flamethrower|p1b: Tyranitar\n|-resisted|p1b: Tyranitar\n|-damage|p1b: Tyranitar|77\/100\n|-damage|p2a: Chi-Yu|6\/100 psn|[from] item: Life Orb\n|move|p1b: Tyranitar|Rock Slide|p2a: Chi-Yu|[spread] p2a,p2b\n|-supereffective|p2a: Chi-Yu\n|-damage|p2a: Chi-Yu|0 fnt\n|-damage|p2b: Farigiraf|6\/100 psn\n|faint|p2a: Chi-Yu\n|\n|-weather|Sandstorm|[upkeep]\n|-damage|p2b: Farigiraf|0 fnt|[from] Sandstorm\n|faint|p2b: Farigiraf\n|upkeep\n|\n|t:|1700531722\n|switch|p2b: Amoonguss|Amoonguss, F, shiny|70\/100\n|-damage|p2b: Amoonguss|58\/100|[from] Stealth Rock\n|-damage|p2b: Amoonguss|45\/100|[from] Spikes\n|-sideend|p2: muskan1723|move: Toxic Spikes|[of] p2b: Amoonguss\n|turn|12\n|\n|t:|1700531730\n|move|p2b: Amoonguss|Spore|p1b: Tyranitar\n|-status|p1b: Tyranitar|slp|[from] move: Spore\n|cant|p1b: Tyranitar|slp\n|\n|-weather|Sandstorm|[upkeep]\n|-damage|p2b: Amoonguss|39\/100|[from] Sandstorm\n|-heal|p2b: Amoonguss|45\/100|[from] item: Leftovers\n|upkeep\n|turn|13\n|\n|t:|1700531740\n|move|p2b: Amoonguss|Pollen Puff|p1b: Tyranitar\n|-supereffective|p1b: Tyranitar\n|-damage|p1b: Tyranitar|64\/100 slp\n|-curestatus|p1b: Tyranitar|slp|[msg]\n|move|p1b: Tyranitar|Avalanche|p2b: Amoonguss\n|-supereffective|p2b: Amoonguss\n|-damage|p2b: Amoonguss|0 fnt\n|faint|p2b: Amoonguss\n|\n|win|DMartz64\n|raw|DMartz64's rating: 1320 &rarr; <strong>1346<\/strong><br \/>(+26 for winning)\n|raw|muskan1723's rating: 1424 &rarr; <strong>1398<\/strong><br \/>(-26 for losing)\n","uploadtime":1700531765,"views":5,"p1id":"dmartz64","p2id":"muskan1723","formatid":"gen9doublesou","rating":1346,"private":0,"password":""}