{"id":"gen9doublesou-1989450475","p1":"SaturnFr3ak","p2":"foozeld","format":"[Gen 9] Doubles OU","log":"|j|\u2606SaturnFr3ak\n|j|\u2606foozeld\n|t:|1699852333\n|gametype|doubles\n|player|p1|SaturnFr3ak|mina|\n|player|p2|foozeld|pokemonbreederf-gen4|\n|teamsize|p1|6\n|teamsize|p2|6\n|gen|9\n|tier|[Gen 9] Doubles OU\n|rule|Species Clause: Limit one of each Pok\u00e9mon\n|rule|OHKO Clause: OHKO moves are banned\n|rule|Evasion Moves Clause: Evasion moves are banned\n|rule|Gravity Sleep Clause: The combination of sleep-inducing moves with imperfect accuracy and Gravity or Gigantamax Orbeetle are banned\n|rule|Endless Battle Clause: Forcing endless battles is banned\n|rule|HP Percentage Mod: HP is shown in percentages\n|clearpoke\n|poke|p1|Stonjourner, F|\n|poke|p1|Chi-Yu|\n|poke|p1|Passimian, M|\n|poke|p1|Flutter Mane|\n|poke|p1|Muk-Alola, M|\n|poke|p1|Sinistcha-Masterpiece|\n|poke|p2|Armarouge, M|\n|poke|p2|Indeedee-F, F|\n|poke|p2|Tornadus, M|\n|poke|p2|Iron Bundle|\n|poke|p2|Roaring Moon|\n|poke|p2|Ogerpon-Wellspring, F|\n|teampreview\n|inactive|Battle timer is ON: inactive players will automatically lose when time's up. (requested by foozeld)\n|inactive|SaturnFr3ak has 270 seconds left.\n|c|\u2606SaturnFr3ak|Wait\n|c|\u2606SaturnFr3ak|I've fought you already\n|c|\u2606SaturnFr3ak|We've definitely fought already on the ladder\n|c|\u2606foozeld|i\u2019m on mobile so i can\u2019t tag out to message\n|inactive|SaturnFr3ak has 240 seconds left.\n|c|\u2606SaturnFr3ak|I remember this exact team\n|c|\u2606foozeld|thats so funny who won\n|\n|t:|1699852414\n|start\n|switch|p1a: Roxie|Stonjourner, F, shiny|100\/100\n|switch|p1b: OJ|Passimian, M, shiny|100\/100\n|switch|p2a: Armarouge|Armarouge, M|100\/100\n|switch|p2b: Iron Bundle|Iron Bundle, shiny|100\/100\n|turn|1\n|\n|t:|1699852435\n|move|p1b: OJ|Close Combat|p2b: Iron Bundle\n|-supereffective|p2b: Iron Bundle\n|-damage|p2b: Iron Bundle|0 fnt\n|-unboost|p1b: OJ|def|1\n|-unboost|p1b: OJ|spd|1\n|faint|p2b: Iron Bundle\n|-end|p2b: Iron Bundle|Quark Drive|[silent]\n|move|p2a: Armarouge|Expanding Force|p1b: OJ\n|-supereffective|p1b: OJ\n|-damage|p1b: OJ|0 fnt\n|faint|p1b: OJ\n|move|p1a: Roxie|Sunny Day|p1a: Roxie\n|-weather|SunnyDay\n|\n|-weather|SunnyDay|[upkeep]\n|upkeep\n|\n|t:|1699852447\n|switch|p2b: Indeedee|Indeedee-F, F|100\/100\n|switch|p1b: Greed|Muk-Alola, M, shiny|100\/100\n|-fieldstart|move: Psychic Terrain|[from] ability: Psychic Surge|[of] p2b: Indeedee\n|turn|2\n|\n|t:|1699852459\n|move|p2b: Indeedee|Helping Hand|p2a: Armarouge\n|-singleturn|p2a: Armarouge|Helping Hand|[of] p2b: Indeedee\n|move|p2a: Armarouge|Heat Wave|p1b: Greed|[spread] p1a,p1b\n|-resisted|p1a: Roxie\n|-damage|p1a: Roxie|25\/100\n|-damage|p1b: Greed|55\/100\n|move|p1a: Roxie|Rock Blast|p2a: Armarouge\n|-supereffective|p2a: Armarouge\n|-damage|p2a: Armarouge|81\/100\n|-ability|p2a: Armarouge|Weak Armor|boost\n|-unboost|p2a: Armarouge|def|1\n|-boost|p2a: Armarouge|spe|2\n|-enditem|p2a: Armarouge|Weakness Policy\n|-boost|p2a: Armarouge|atk|2|[from] item: Weakness Policy\n|-boost|p2a: Armarouge|spa|2|[from] item: Weakness Policy\n|-supereffective|p2a: Armarouge\n|-damage|p2a: Armarouge|52\/100\n|-ability|p2a: Armarouge|Weak Armor|boost\n|-unboost|p2a: Armarouge|def|1\n|-boost|p2a: Armarouge|spe|2\n|-supereffective|p2a: Armarouge\n|-damage|p2a: Armarouge|7\/100\n|-ability|p2a: Armarouge|Weak Armor|boost\n|-unboost|p2a: Armarouge|def|1\n|-boost|p2a: Armarouge|spe|2\n|-hitcount|p2a: Armarouge|3\n|move|p1b: Greed|Knock Off|p2b: Indeedee\n|-supereffective|p2b: Indeedee\n|-damage|p2b: Indeedee|0 fnt\n|-damage|p1b: Greed|38\/100|[from] item: Rocky Helmet|[of] p2b: Indeedee\n|-enditem|p2b: Indeedee|Rocky Helmet|[from] move: Knock Off|[of] p1b: Greed\n|faint|p2b: Indeedee\n|\n|-weather|SunnyDay|[upkeep]\n|upkeep\n|\n|t:|1699852465\n|switch|p2b: Ogerpon|Ogerpon-Wellspring, F|100\/100\n|turn|3\n|inactive|SaturnFr3ak has 270 seconds left.\n|\n|t:|1699852517\n|move|p2b: Ogerpon|Follow Me|p2b: Ogerpon\n|-singleturn|p2b: Ogerpon|move: Follow Me\n|move|p2a: Armarouge|Heat Wave|p1b: Greed|[spread] p1b\n|-miss|p2a: Armarouge|p1a: Roxie\n|-damage|p1b: Greed|0 fnt\n|faint|p1b: Greed\n|move|p1a: Roxie|Rock Blast|p2b: Ogerpon\n|-damage|p2b: Ogerpon|89\/100\n|-damage|p2b: Ogerpon|77\/100\n|-damage|p2b: Ogerpon|65\/100\n|-hitcount|p2b: Ogerpon|3\n|\n|-weather|SunnyDay|[upkeep]\n|upkeep\n|\n|t:|1699852532\n|switch|p1b: Soba|Sinistcha-Masterpiece|100\/100\n|-heal|p1a: Roxie|50\/100|[from] ability: Hospitality|[of] p1b: Soba\n|turn|4\n|\n|t:|1699852550\n|move|p2b: Ogerpon|Follow Me|p2b: Ogerpon\n|-singleturn|p2b: Ogerpon|move: Follow Me\n|move|p2a: Armarouge|Expanding Force|p1a: Roxie|[spread] p1a,p1b\n|-damage|p1a: Roxie|0 fnt\n|-enditem|p1b: Soba|Focus Sash\n|-damage|p1b: Soba|1\/100\n|faint|p1a: Roxie\n|move|p1b: Soba|Matcha Gotcha|p2b: Ogerpon|[spread] p2a,p2b\n|-resisted|p2a: Armarouge\n|-damage|p2a: Armarouge|0 fnt\n|-heal|p1b: Soba|4\/100|[from] drain|[of] p2a: Armarouge\n|-damage|p2b: Ogerpon|38\/100\n|-heal|p1b: Soba|16\/100|[from] drain|[of] p2b: Ogerpon\n|-status|p2b: Ogerpon|brn\n|faint|p2a: Armarouge\n|\n|-weather|SunnyDay|[upkeep]\n|-damage|p2b: Ogerpon|32\/100 brn|[from] brn\n|upkeep\n|inactive|SaturnFr3ak has 270 seconds left.\n|\n|t:|1699852572\n|switch|p2a: Tornadus|Tornadus, M|100\/100\n|switch|p1a: Missy|Flutter Mane|100\/100\n|-activate|p1a: Missy|ability: Protosynthesis\n|-start|p1a: Missy|protosynthesisspe\n|turn|5\n|\n|t:|1699852586\n|move|p2a: Tornadus|Tailwind|p2a: Tornadus\n|-sidestart|p2: foozeld|move: Tailwind\n|move|p2b: Ogerpon|Ivy Cudgel|p1a: Missy\n|-damage|p1a: Missy|71\/100\n|move|p1a: Missy|Dazzling Gleam|p2b: Ogerpon|[spread] p2a,p2b\n|-damage|p2a: Tornadus|43\/100\n|-damage|p2b: Ogerpon|0 fnt\n|faint|p2b: Ogerpon\n|move|p1b: Soba|Life Dew|p1b: Soba|[spread] p1a,p1b\n|-heal|p1a: Missy|96\/100\n|-heal|p1b: Soba|42\/100\n|\n|-weather|SunnyDay|[upkeep]\n|upkeep\n|\n|t:|1699852589\n|switch|p2b: Roaring Moon|Roaring Moon|100\/100\n|-activate|p2b: Roaring Moon|ability: Protosynthesis\n|-start|p2b: Roaring Moon|protosynthesisatk\n|turn|6\n|\n|t:|1699852603\n|move|p1b: Soba|Rage Powder|p1b: Soba\n|-singleturn|p1b: Soba|move: Rage Powder\n|move|p2a: Tornadus|Bleakwind Storm|p1b: Soba|[spread] p1a\n|-miss|p2a: Tornadus|p1b: Soba\n|-damage|p1a: Missy|60\/100\n|move|p2b: Roaring Moon|Acrobatics|p1b: Soba\n|-supereffective|p1b: Soba\n|-damage|p1b: Soba|2\/100\n|move|p1a: Missy|Dazzling Gleam|p2b: Roaring Moon|[spread] p2a,p2b\n|-supereffective|p2b: Roaring Moon\n|-damage|p2a: Tornadus|0 fnt\n|-damage|p2b: Roaring Moon|0 fnt\n|faint|p2a: Tornadus\n|faint|p2b: Roaring Moon\n|-end|p2b: Roaring Moon|Protosynthesis|[silent]\n|\n|win|SaturnFr3ak\n|c|\u2606SaturnFr3ak|GGs\n|c|\u2606foozeld|gg\n|c|\u2606SaturnFr3ak|Good team!\n","uploadtime":1699852621,"views":7,"p1id":"saturnfr3ak","p2id":"foozeld","formatid":"gen9doublesou","rating":0,"private":0,"password":""}