{"id":"gen9doublesou-1997771914","p1":"GinTret","p2":"kssc","format":"[Gen 9] Doubles OU","log":"|j|\u2606GinTret\n|j|\u2606kssc\n|t:|1700850970\n|gametype|doubles\n|player|p1|GinTret|n|1375\n|player|p2|kssc|170|1318\n|teamsize|p1|6\n|teamsize|p2|6\n|gen|9\n|tier|[Gen 9] Doubles OU\n|rated|\n|rule|Species Clause: Limit one of each Pok\u00e9mon\n|rule|OHKO Clause: OHKO moves are banned\n|rule|Evasion Moves Clause: Evasion moves are banned\n|rule|Gravity Sleep Clause: The combination of sleep-inducing moves with imperfect accuracy and Gravity or Gigantamax Orbeetle are banned\n|rule|Endless Battle Clause: Forcing endless battles is banned\n|rule|HP Percentage Mod: HP is shown in percentages\n|clearpoke\n|poke|p1|Roaring Moon|\n|poke|p1|Iron Hands|\n|poke|p1|Tornadus, M|\n|poke|p1|Landorus-Therian, M|\n|poke|p1|Heatran, F|\n|poke|p1|Amoonguss, F|\n|poke|p2|Indeedee-F, F|\n|poke|p2|Torkoal, M|\n|poke|p2|Iron Hands|\n|poke|p2|Armarouge, F|\n|poke|p2|Amoonguss, M|\n|poke|p2|Cresselia, F|\n|teampreview\n|inactive|Battle timer is ON: inactive players will automatically lose when time's up. (requested by kssc)\n|\n|t:|1700851007\n|start\n|switch|p1a: The Handler|Iron Hands|100\/100\n|switch|p1b: Mr. Jordan 47s|Landorus-Therian, M|100\/100\n|switch|p2a: Indeedee|Indeedee-F, F|100\/100\n|switch|p2b: Cresselia|Cresselia, F|100\/100\n|-ability|p1b: Mr. Jordan 47s|Intimidate|boost\n|-unboost|p2a: Indeedee|atk|1\n|-unboost|p2b: Cresselia|atk|1\n|-fieldstart|move: Psychic Terrain|[from] ability: Psychic Surge|[of] p2a: Indeedee\n|turn|1\n|inactive|GinTret has 120 seconds left.\n|\n|t:|1700851042\n|move|p1b: Mr. Jordan 47s|Rock Slide|p2a: Indeedee|[spread] p2a,p2b\n|-damage|p2a: Indeedee|66\/100\n|-damage|p2b: Cresselia|82\/100\n|cant|p2a: Indeedee|flinch\n|move|p1a: The Handler|Drain Punch|p2a: Indeedee\n|-damage|p2a: Indeedee|0 fnt\n|faint|p2a: Indeedee\n|move|p2b: Cresselia|Trick Room|p2b: Cresselia\n|-fieldstart|move: Trick Room|[of] p2b: Cresselia\n|\n|upkeep\n|\n|t:|1700851054\n|switch|p2a: Armarouge|Armarouge, F|100\/100\n|turn|2\n|\n|t:|1700851070\n|switch|p2b: Torkoal|Torkoal, M|100\/100\n|-weather|SunnyDay|[from] ability: Drought|[of] p2b: Torkoal\n|move|p1a: The Handler|Drain Punch|p2a: Armarouge\n|-resisted|p2a: Armarouge\n|-damage|p2a: Armarouge|82\/100\n|move|p2a: Armarouge|Expanding Force|p1b: Mr. Jordan 47s|[spread] p1a,p1b\n|-supereffective|p1a: The Handler\n|-damage|p1a: The Handler|10\/100\n|-damage|p1b: Mr. Jordan 47s|19\/100\n|-damage|p2a: Armarouge|72\/100|[from] item: Life Orb\n|move|p1b: Mr. Jordan 47s|Rock Slide|p2b: Torkoal|[spread] p2a\n|-miss|p1b: Mr. Jordan 47s|p2b: Torkoal\n|-supereffective|p2a: Armarouge\n|-damage|p2a: Armarouge|29\/100\n|\n|-weather|SunnyDay|[upkeep]\n|upkeep\n|turn|3\n|\n|t:|1700851094\n|move|p2b: Torkoal|Heat Wave|p1b: Mr. Jordan 47s|[spread] p1a,p1b\n|-damage|p1a: The Handler|0 fnt\n|-damage|p1b: Mr. Jordan 47s|0 fnt\n|faint|p1a: The Handler\n|-end|p1a: The Handler|Quark Drive|[silent]\n|faint|p1b: Mr. Jordan 47s\n|move|p2a: Armarouge|Expanding Force|p1: The Handler|[notarget]\n|-fail|p2a: Armarouge\n|\n|-weather|SunnyDay|[upkeep]\n|upkeep\n|inactive|GinTret has 120 seconds left.\n|\n|t:|1700851117\n|switch|p1a: Lunar Eclipse|Roaring Moon|100\/100\n|switch|p1b: Celestial Emissary|Amoonguss, F|100\/100\n|-activate|p1a: Lunar Eclipse|ability: Protosynthesis\n|-start|p1a: Lunar Eclipse|protosynthesisatk\n|turn|4\n|inactive|GinTret has 120 seconds left.\n|\n|t:|1700851142\n|move|p1b: Celestial Emissary|Protect|p1b: Celestial Emissary\n|-singleturn|p1b: Celestial Emissary|Protect\n|move|p2b: Torkoal|Eruption|p1b: Celestial Emissary|[spread] p1a\n|-activate|p1b: Celestial Emissary|move: Protect\n|-resisted|p1a: Lunar Eclipse\n|-damage|p1a: Lunar Eclipse|65\/100\n|move|p2a: Armarouge|Armor Cannon|p1a: Lunar Eclipse\n|-resisted|p1a: Lunar Eclipse\n|-damage|p1a: Lunar Eclipse|9\/100\n|-unboost|p2a: Armarouge|def|1\n|-unboost|p2a: Armarouge|spd|1\n|-damage|p2a: Armarouge|19\/100|[from] item: Life Orb\n|move|p1a: Lunar Eclipse|Dragon Dance|p1a: Lunar Eclipse\n|-boost|p1a: Lunar Eclipse|atk|1\n|-boost|p1a: Lunar Eclipse|spe|1\n|\n|-weather|SunnyDay|[upkeep]\n|upkeep\n|turn|5\n|\n|t:|1700851163\n|move|p1a: Lunar Eclipse|Protect|p1a: Lunar Eclipse\n|-singleturn|p1a: Lunar Eclipse|Protect\n|move|p2b: Torkoal|Eruption|p1a: Lunar Eclipse|[spread] p1b\n|-activate|p1a: Lunar Eclipse|move: Protect\n|-supereffective|p1b: Celestial Emissary\n|-damage|p1b: Celestial Emissary|0 fnt\n|faint|p1b: Celestial Emissary\n|move|p2a: Armarouge|Clear Smog|p1a: Lunar Eclipse\n|-activate|p1a: Lunar Eclipse|move: Protect\n|\n|-weather|SunnyDay|[upkeep]\n|-fieldend|move: Trick Room\n|upkeep\n|inactive|GinTret has 120 seconds left.\n|\n|t:|1700851179\n|switch|p1b: My pet|Heatran, F|100\/100\n|turn|6\n|inactive|GinTret has 120 seconds left.\n|\n|t:|1700851203\n|-terastallize|p1a: Lunar Eclipse|Flying\n|move|p1a: Lunar Eclipse|Acrobatics|p2b: Torkoal\n|-damage|p2b: Torkoal|49\/100\n|move|p1b: My pet|Earth Power|p2a: Armarouge\n|-supereffective|p2a: Armarouge\n|-crit|p2a: Armarouge\n|-damage|p2a: Armarouge|0 fnt\n|faint|p2a: Armarouge\n|move|p2b: Torkoal|Solar Beam||[still]\n|-prepare|p2b: Torkoal|Solar Beam\n|-anim|p2b: Torkoal|Solar Beam|p1a: Lunar Eclipse\n|-resisted|p1a: Lunar Eclipse\n|-damage|p1a: Lunar Eclipse|0 fnt\n|faint|p1a: Lunar Eclipse\n|-end|p1a: Lunar Eclipse|Protosynthesis|[silent]\n|\n|-weather|SunnyDay|[upkeep]\n|upkeep\n|\n|t:|1700851219\n|switch|p1a: Genie|Tornadus, M, shiny|100\/100\n|switch|p2a: Cresselia|Cresselia, F|82\/100\n|turn|7\n|\n|t:|1700851229\n|move|p1a: Genie|Taunt|p2a: Cresselia\n|-start|p2a: Cresselia|move: Taunt\n|-enditem|p2a: Cresselia|Mental Herb\n|-end|p2a: Cresselia|move: Taunt\n|move|p1b: My pet|Earth Power|p2b: Torkoal\n|-supereffective|p2b: Torkoal\n|-damage|p2b: Torkoal|0 fnt\n|faint|p2b: Torkoal\n|move|p2a: Cresselia|Trick Room|p2a: Cresselia\n|-fieldstart|move: Trick Room|[of] p2a: Cresselia\n|\n|-weather|SunnyDay|[upkeep]\n|upkeep\n|\n|t:|1700851240\n|switch|p2b: Amoonguss|Amoonguss, M|100\/100\n|turn|8\n|\n|t:|1700851249\n|move|p1a: Genie|Taunt|p2b: Amoonguss\n|-activate|p2b: Amoonguss|move: Psychic Terrain\n|move|p2b: Amoonguss|Spore|p1b: My pet\n|-status|p1b: My pet|slp|[from] move: Spore\n|move|p2a: Cresselia|Psychic|p1a: Genie\n|-damage|p1a: Genie|64\/100\n|cant|p1b: My pet|slp\n|\n|-weather|SunnyDay|[upkeep]\n|-fieldend|move: Psychic Terrain\n|upkeep\n|turn|9\n|\n|t:|1700851264\n|move|p1a: Genie|Protect|p1a: Genie\n|-singleturn|p1a: Genie|Protect\n|move|p2b: Amoonguss|Hex|p1b: My pet\n|-damage|p1b: My pet|79\/100 slp\n|move|p2a: Cresselia|Psychic|p1a: Genie\n|-activate|p1a: Genie|move: Protect\n|cant|p1b: My pet|slp\n|\n|-weather|none\n|upkeep\n|turn|10\n|\n|t:|1700851291\n|move|p1a: Genie|Taunt|p2b: Amoonguss\n|-start|p2b: Amoonguss|move: Taunt\n|cant|p2b: Amoonguss|move: Taunt|Toxic\n|move|p2a: Cresselia|Psychic|p1a: Genie\n|-damage|p1a: Genie|31\/100\n|-enditem|p1a: Genie|Sitrus Berry|[eat]\n|-heal|p1a: Genie|56\/100|[from] item: Sitrus Berry\n|-curestatus|p1b: My pet|slp|[msg]\n|move|p1b: My pet|Heat Wave|p2b: Amoonguss|[spread] p2a\n|-miss|p1b: My pet|p2b: Amoonguss\n|-damage|p2a: Cresselia|54\/100\n|\n|upkeep\n|turn|11\n|j| Ran Kob\n|\n|t:|1700851314\n|move|p1a: Genie|Taunt|p2a: Cresselia\n|-start|p2a: Cresselia|move: Taunt\n|move|p2b: Amoonguss|Hex|p1a: Genie\n|-damage|p1a: Genie|43\/100\n|move|p2a: Cresselia|Psychic|p1a: Genie\n|-damage|p1a: Genie|7\/100\n|move|p1b: My pet|Heat Wave|p2b: Amoonguss|[spread] p2a,p2b\n|-supereffective|p2b: Amoonguss\n|-damage|p2a: Cresselia|25\/100\n|-damage|p2b: Amoonguss|43\/100\n|\n|-heal|p2b: Amoonguss|49\/100|[from] item: Black Sludge\n|-fieldend|move: Trick Room\n|upkeep\n|turn|12\n|\n|t:|1700851334\n|switch|p2a: Iron Hands|Iron Hands|100\/100\n|-enditem|p2a: Iron Hands|Booster Energy\n|-activate|p2a: Iron Hands|ability: Quark Drive|[fromitem]\n|-start|p2a: Iron Hands|quarkdriveatk\n|move|p1a: Genie|Bleakwind Storm|p2a: Iron Hands|[spread] p2a,p2b\n|-supereffective|p2b: Amoonguss\n|-damage|p2a: Iron Hands|74\/100\n|-damage|p2b: Amoonguss|8\/100\n|-unboost|p2a: Iron Hands|spe|1\n|-unboost|p2b: Amoonguss|spe|1\n|move|p1b: My pet|Heat Wave|p2b: Amoonguss|[spread] p2a\n|-miss|p1b: My pet|p2b: Amoonguss\n|-damage|p2a: Iron Hands|37\/100\n|move|p2b: Amoonguss|Hex|p1a: Genie\n|-damage|p1a: Genie|0 fnt\n|faint|p1a: Genie\n|\n|-heal|p2b: Amoonguss|14\/100|[from] item: Black Sludge\n|-end|p2b: Amoonguss|move: Taunt\n|upkeep\n|turn|13\n|\n|t:|1700851358\n|move|p1b: My pet|Heat Wave|p2a: Iron Hands|[spread] p2a,p2b\n|-supereffective|p2b: Amoonguss\n|-damage|p2a: Iron Hands|0 fnt\n|-damage|p2b: Amoonguss|0 fnt\n|faint|p2a: Iron Hands\n|-end|p2a: Iron Hands|Quark Drive|[silent]\n|faint|p2b: Amoonguss\n|\n|upkeep\n|\n|t:|1700851361\n|switch|p2b: Cresselia|Cresselia, F|25\/100\n|turn|14\n|\n|t:|1700851368\n|move|p1b: My pet|Flash Cannon|p2b: Cresselia\n|-damage|p2b: Cresselia|0 fnt\n|faint|p2b: Cresselia\n|\n|win|GinTret\n|raw|GinTret's rating: 1375 &rarr; <strong>1392<\/strong><br \/>(+17 for winning)\n|raw|kssc's rating: 1318 &rarr; <strong>1301<\/strong><br \/>(-17 for losing)\n","uploadtime":1700851386,"views":8,"p1id":"gintret","p2id":"kssc","formatid":"gen9doublesou","rating":1301,"private":0,"password":""}