{"id":"gen9doublesou-1995915432","p1":"Kondroid","p2":"nfdgyhngh","format":"[Gen 9] Doubles OU","log":"|j|\u2606Kondroid\n|j|\u2606nfdgyhngh\n|t:|1700616976\n|gametype|doubles\n|player|p1|Kondroid|hilbert-wonderlauncher|1160\n|player|p2|nfdgyhngh|266|1050\n|teamsize|p1|6\n|teamsize|p2|4\n|gen|9\n|tier|[Gen 9] Doubles OU\n|rated|\n|rule|Species Clause: Limit one of each Pok\u00e9mon\n|rule|OHKO Clause: OHKO moves are banned\n|rule|Evasion Moves Clause: Evasion moves are banned\n|rule|Gravity Sleep Clause: The combination of sleep-inducing moves with imperfect accuracy and Gravity or Gigantamax Orbeetle are banned\n|rule|Endless Battle Clause: Forcing endless battles is banned\n|rule|HP Percentage Mod: HP is shown in percentages\n|clearpoke\n|poke|p1|Dusclops, M|\n|poke|p1|Kommo-o, M|\n|poke|p1|Sinistcha|\n|poke|p1|Clefable, M|\n|poke|p1|Ogerpon-Wellspring, F|\n|poke|p1|Iron Moth|\n|poke|p2|Iron Moth|\n|poke|p2|Espathra, F|\n|poke|p2|Oricorio-Sensu, M|\n|poke|p2|Volcarona, F|\n|teampreview\n|inactive|Battle timer is ON: inactive players will automatically lose when time's up. (requested by Kondroid)\n|\n|t:|1700616998\n|start\n|switch|p1a: Old Dusky|Dusclops, M|100\/100\n|switch|p1b: KommUh-oh|Kommo-o, M|100\/100\n|switch|p2a: Espathra|Espathra, F|100\/100\n|switch|p2b: Oricorio|Oricorio-Sensu, M|100\/100\n|-ability|p1a: Old Dusky|Pressure\n|turn|1\n|\n|t:|1700617020\n|move|p2a: Espathra|Skill Swap|p2b: Oricorio\n|-activate|p2a: Espathra|move: Skill Swap|||[of] p2b: Oricorio\n|move|p1b: KommUh-oh|Clangorous Soul|p1b: KommUh-oh\n|-boost|p1b: KommUh-oh|atk|1\n|-boost|p1b: KommUh-oh|def|1\n|-boost|p1b: KommUh-oh|spa|1\n|-boost|p1b: KommUh-oh|spd|1\n|-boost|p1b: KommUh-oh|spe|1\n|-enditem|p2a: Espathra|Mirror Herb\n|-boost|p2a: Espathra|atk|1|[from] item: Mirror Herb\n|-boost|p2a: Espathra|def|1|[from] item: Mirror Herb\n|-boost|p2a: Espathra|spa|1|[from] item: Mirror Herb\n|-boost|p2a: Espathra|spd|1|[from] item: Mirror Herb\n|-boost|p2a: Espathra|spe|1|[from] item: Mirror Herb\n|-damage|p1b: KommUh-oh|68\/100\n|-enditem|p1b: KommUh-oh|Throat Spray\n|-boost|p1b: KommUh-oh|spa|1|[from] item: Throat Spray\n|-activate|p2a: Espathra|ability: Dancer\n|move|p2a: Espathra|Clangorous Soul|p2a: Espathra|[from]ability: Dancer\n|-boost|p2a: Espathra|atk|1\n|-boost|p2a: Espathra|def|1\n|-boost|p2a: Espathra|spa|1\n|-boost|p2a: Espathra|spd|1\n|-boost|p2a: Espathra|spe|1\n|-damage|p2a: Espathra|68\/100\n|move|p2b: Oricorio|Quiver Dance|p2b: Oricorio\n|-boost|p2b: Oricorio|spa|1\n|-boost|p2b: Oricorio|spd|1\n|-boost|p2b: Oricorio|spe|1\n|-activate|p2a: Espathra|ability: Dancer\n|move|p2a: Espathra|Quiver Dance|p2a: Espathra|[from]ability: Dancer\n|-boost|p2a: Espathra|spa|1\n|-boost|p2a: Espathra|spd|1\n|-boost|p2a: Espathra|spe|1\n|move|p1a: Old Dusky|Will-O-Wisp|p2b: Oricorio\n|-status|p2b: Oricorio|brn\n|\n|-damage|p2b: Oricorio|94\/100 brn|[from] brn\n|-ability|p2b: Oricorio|Speed Boost|boost\n|-boost|p2b: Oricorio|spe|1\n|upkeep\n|turn|2\n|inactive|Kondroid has 120 seconds left.\n|inactive|nfdgyhngh has 120 seconds left.\n|\n|t:|1700617063\n|-terastallize|p1b: KommUh-oh|Steel\n|move|p2a: Espathra|Stored Power|p1b: KommUh-oh\n|-resisted|p1b: KommUh-oh\n|-damage|p1b: KommUh-oh|0 fnt\n|faint|p1b: KommUh-oh\n|move|p2b: Oricorio|Revelation Dance|p1a: Old Dusky\n|-supereffective|p1a: Old Dusky\n|-damage|p1a: Old Dusky|30\/100\n|-activate|p2a: Espathra|ability: Dancer\n|move|p2a: Espathra|Revelation Dance|p1a: Old Dusky|[from]ability: Dancer\n|-damage|p1a: Old Dusky|0 fnt\n|faint|p1a: Old Dusky\n|\n|-damage|p2b: Oricorio|88\/100 brn|[from] brn\n|-ability|p2b: Oricorio|Speed Boost|boost\n|-boost|p2b: Oricorio|spe|1\n|upkeep\n|inactive|Kondroid has 90 seconds left.\n|\n|t:|1700617088\n|switch|p1b: Brian Moth|Iron Moth|100\/100\n|switch|p1a: What?|Clefable, M|100\/100\n|-enditem|p1b: Brian Moth|Booster Energy\n|-activate|p1b: Brian Moth|ability: Quark Drive|[fromitem]\n|-start|p1b: Brian Moth|quarkdrivespa\n|turn|3\n|\n|t:|1700617109\n|move|p2a: Espathra|Stored Power|p1b: Brian Moth\n|-supereffective|p1b: Brian Moth\n|-damage|p1b: Brian Moth|0 fnt\n|faint|p1b: Brian Moth\n|-end|p1b: Brian Moth|Quark Drive|[silent]\n|move|p2b: Oricorio|Revelation Dance|p1a: What?\n|-damage|p1a: What?|73\/100\n|-activate|p2a: Espathra|ability: Dancer\n|move|p2a: Espathra|Revelation Dance|p1a: What?|[from]ability: Dancer\n|-damage|p1a: What?|44\/100\n|move|p1a: What?|Dazzling Gleam|p2a: Espathra|[spread] p2a,p2b\n|-crit|p2a: Espathra\n|-damage|p2a: Espathra|21\/100\n|-damage|p2b: Oricorio|57\/100 brn\n|\n|-damage|p2b: Oricorio|51\/100 brn|[from] brn\n|-ability|p2b: Oricorio|Speed Boost|boost\n|-boost|p2b: Oricorio|spe|1\n|upkeep\n|inactive|Kondroid has 90 seconds left.\n|\n|t:|1700617132\n|switch|p1b: MEDIC!|Sinistcha|100\/100\n|-heal|p1a: What?|69\/100|[from] ability: Hospitality|[of] p1b: MEDIC!\n|turn|4\n|\n|t:|1700617143\n|-terastallize|p2a: Espathra|Steel\n|move|p2a: Espathra|Protect|p2a: Espathra\n|-singleturn|p2a: Espathra|Protect\n|move|p1a: What?|Protect|p1a: What?\n|-singleturn|p1a: What?|Protect\n|move|p2b: Oricorio|Revelation Dance|p1a: What?\n|-activate|p1a: What?|move: Protect\n|move|p1b: MEDIC!|Matcha Gotcha|p2a: Espathra|[spread] p2b\n|-activate|p2a: Espathra|move: Protect\n|-resisted|p2b: Oricorio\n|-damage|p2b: Oricorio|33\/100 brn\n|\n|-damage|p2b: Oricorio|27\/100 brn|[from] brn\n|-ability|p2b: Oricorio|Speed Boost|boost\n|-boost|p2b: Oricorio|spe|1\n|upkeep\n|turn|5\n|inactive|Kondroid has 120 seconds left.\n|\n|t:|1700617170\n|move|p1b: MEDIC!|Rage Powder|p1b: MEDIC!\n|-singleturn|p1b: MEDIC!|move: Rage Powder\n|move|p2b: Oricorio|Revelation Dance|p1b: MEDIC!\n|-supereffective|p1b: MEDIC!\n|-damage|p1b: MEDIC!|0 fnt\n|faint|p1b: MEDIC!\n|-activate|p2a: Espathra|ability: Dancer\n|move|p2a: Espathra|Revelation Dance|p1a: What?|[from]ability: Dancer\n|-supereffective|p1a: What?\n|-damage|p1a: What?|13\/100\n|move|p2a: Espathra|Stored Power|p1a: What?\n|-damage|p1a: What?|0 fnt\n|faint|p1a: What?\n|\n|-damage|p2b: Oricorio|20\/100 brn|[from] brn\n|-ability|p2b: Oricorio|Speed Boost|boost\n|-boost|p2b: Oricorio|spe|1\n|upkeep\n|\n|t:|1700617190\n|switch|p1b: BONK|Ogerpon-Wellspring, F|100\/100\n|turn|6\n|\n|t:|1700617196\n|move|p2a: Espathra|Protect|p2a: Espathra\n|-singleturn|p2a: Espathra|Protect\n|move|p2b: Oricorio|Revelation Dance|p1b: BONK\n|-damage|p1b: BONK|20\/100\n|-activate|p2a: Espathra|ability: Dancer\n|move|p2a: Espathra|Revelation Dance|p1b: BONK|[from]ability: Dancer\n|-resisted|p1b: BONK\n|-damage|p1b: BONK|0 fnt\n|faint|p1b: BONK\n|\n|win|nfdgyhngh\n|raw|Kondroid's rating: 1160 &rarr; <strong>1127<\/strong><br \/>(-33 for losing)\n|raw|nfdgyhngh's rating: 1050 &rarr; <strong>1092<\/strong><br \/>(+42 for winning)\n","uploadtime":1700617210,"views":8,"p1id":"kondroid","p2id":"nfdgyhngh","formatid":"gen9doublesou","rating":1092,"private":0,"password":""}