{"id":"gen9doublesou-1977457708","p1":"IlikeDPseason","p2":"DoerreKong","format":"[Gen 9] Doubles OU","log":"|j|\u2606IlikeDPseason\n|j|\u2606DoerreKong\n|t:|1698418757\n|gametype|doubles\n|player|p1|IlikeDPseason|101|1564\n|player|p2|DoerreKong|ltsurge|1615\n|teamsize|p1|6\n|teamsize|p2|6\n|gen|9\n|tier|[Gen 9] Doubles OU\n|rated|\n|rule|Species Clause: Limit one of each Pok\u00e9mon\n|rule|OHKO Clause: OHKO moves are banned\n|rule|Evasion Moves Clause: Evasion moves are banned\n|rule|Gravity Sleep Clause: The combination of sleep-inducing moves with imperfect accuracy and Gravity or Gigantamax Orbeetle are banned\n|rule|Endless Battle Clause: Forcing endless battles is banned\n|rule|HP Percentage Mod: HP is shown in percentages\n|clearpoke\n|poke|p1|Grafaiai, M|\n|poke|p1|Munkidori, M|\n|poke|p1|Slaking, F|\n|poke|p1|Rillaboom, M|\n|poke|p1|Ambipom, F|\n|poke|p1|Infernape, F|\n|poke|p2|Torkoal, M|\n|poke|p2|Cresselia, F|\n|poke|p2|Diancie|\n|poke|p2|Iron Hands|\n|poke|p2|Amoonguss, F|\n|poke|p2|Dragonite, F|\n|teampreview\n|inactive|Battle timer is ON: inactive players will automatically lose when time's up. (requested by DoerreKong)\n|inactive|IlikeDPseason also wants the timer to be on.\n|\n|t:|1698418785\n|start\n|switch|p1a: Ambipom|Ambipom, F|100\/100\n|switch|p1b: Munkidori|Munkidori, M|100\/100\n|switch|p2a: Cresselia|Cresselia, F|100\/100\n|switch|p2b: Diancie|Diancie|100\/100\n|-item|p1b: Munkidori|Air Balloon\n|turn|1\n|\n|t:|1698418809\n|switch|p2b: Amoonguss|Amoonguss, F|100\/100\n|move|p1a: Ambipom|Taunt|p2b: Amoonguss\n|-start|p2b: Amoonguss|move: Taunt\n|move|p1b: Munkidori|Psychic|p2b: Amoonguss\n|-supereffective|p2b: Amoonguss\n|-damage|p2b: Amoonguss|31\/100\n|move|p2a: Cresselia|Trick Room|p2a: Cresselia\n|-fieldstart|move: Trick Room|[of] p2a: Cresselia\n|\n|upkeep\n|turn|2\n|\n|t:|1698418831\n|switch|p2b: Dragonite|Dragonite, F|100\/100\n|move|p1b: Munkidori|Protect|p1b: Munkidori\n|-singleturn|p1b: Munkidori|Protect\n|move|p2a: Cresselia|Calm Mind|p2a: Cresselia\n|-boost|p2a: Cresselia|spa|1\n|-boost|p2a: Cresselia|spd|1\n|move|p1a: Ambipom|Double Hit|p2b: Dragonite\n|-damage|p2b: Dragonite|89\/100\n|-damage|p2b: Dragonite|68\/100\n|-hitcount|p2b: Dragonite|2\n|\n|upkeep\n|turn|3\n|\n|t:|1698418844\n|-terastallize|p2b: Dragonite|Normal\n|move|p2b: Dragonite|Extreme Speed|p1b: Munkidori\n|-damage|p1b: Munkidori|0 fnt\n|-enditem|p1b: Munkidori|Air Balloon\n|faint|p1b: Munkidori\n|move|p2a: Cresselia|Calm Mind|p2a: Cresselia\n|-boost|p2a: Cresselia|spa|1\n|-boost|p2a: Cresselia|spd|1\n|move|p1a: Ambipom|Ice Punch|p2b: Dragonite\n|-damage|p2b: Dragonite|49\/100\n|\n|upkeep\n|\n|t:|1698418858\n|switch|p1b: Grafaiai|Grafaiai, M|100\/100\n|turn|4\n|\n|t:|1698418866\n|move|p2b: Dragonite|Extreme Speed|p1a: Ambipom\n|-damage|p1a: Ambipom|0 fnt\n|faint|p1a: Ambipom\n|move|p1b: Grafaiai|Encore|p2a: Cresselia\n|-start|p2a: Cresselia|Encore\n|move|p2a: Cresselia|Calm Mind|p2a: Cresselia\n|-boost|p2a: Cresselia|spa|1\n|-boost|p2a: Cresselia|spd|1\n|\n|upkeep\n|\n|t:|1698418869\n|switch|p1a: Slaking|Slaking, F|100\/100\n|turn|5\n|\n|t:|1698418881\n|move|p2b: Dragonite|Extreme Speed|p1b: Grafaiai\n|-damage|p1b: Grafaiai|0 fnt\n|faint|p1b: Grafaiai\n|move|p2a: Cresselia|Calm Mind|p2a: Cresselia\n|-boost|p2a: Cresselia|spa|1\n|-boost|p2a: Cresselia|spd|1\n|move|p1a: Slaking|Low Kick|p2b: Dragonite\n|-supereffective|p2b: Dragonite\n|-damage|p2b: Dragonite|0 fnt\n|faint|p2b: Dragonite\n|\n|-fieldend|move: Trick Room\n|upkeep\n|\n|t:|1698418896\n|switch|p1b: Rillaboom|Rillaboom, M|100\/100\n|switch|p2b: Amoonguss|Amoonguss, F|64\/100\n|-fieldstart|move: Grassy Terrain|[from] ability: Grassy Surge|[of] p1b: Rillaboom\n|turn|6\n|\n|t:|1698418910\n|move|p1b: Rillaboom|Swords Dance|p1b: Rillaboom\n|-boost|p1b: Rillaboom|atk|2\n|cant|p1a: Slaking|ability: Truant\n|move|p2a: Cresselia|Calm Mind|p2a: Cresselia\n|-boost|p2a: Cresselia|spa|1\n|-boost|p2a: Cresselia|spd|1\n|move|p2b: Amoonguss|Spore|p1a: Slaking\n|-status|p1a: Slaking|slp|[from] move: Spore\n|\n|-heal|p2b: Amoonguss|70\/100|[from] Grassy Terrain\n|-end|p2a: Cresselia|Encore\n|upkeep\n|turn|7\n|-message|IlikeDPseason forfeited.\n|\n|win|DoerreKong\n|raw|IlikeDPseason's rating: 1564 &rarr; <strong>1547<\/strong><br \/>(-17 for losing)\n|raw|DoerreKong's rating: 1615 &rarr; <strong>1632<\/strong><br \/>(+17 for winning)\n|l|\u2606IlikeDPseason\n","uploadtime":1698418925,"views":20,"p1id":"ilikedpseason","p2id":"doerrekong","formatid":"gen9doublesou","rating":1547,"private":0,"password":""}