{"id":"gen9doublesou-1981354467","p1":"Fabrizio8","p2":"mikeyuwu","format":"[Gen 9] Doubles OU","log":"|j|\u2606Fabrizio8\n|j|\u2606mikeyuwu\n|t:|1698886808\n|gametype|doubles\n|player|p1|Fabrizio8|roxie|1294\n|player|p2|mikeyuwu|psychic-gen4|1268\n|teamsize|p1|6\n|teamsize|p2|6\n|gen|9\n|tier|[Gen 9] Doubles OU\n|rated|\n|rule|Species Clause: Limit one of each Pok\u00e9mon\n|rule|OHKO Clause: OHKO moves are banned\n|rule|Evasion Moves Clause: Evasion moves are banned\n|rule|Gravity Sleep Clause: The combination of sleep-inducing moves with imperfect accuracy and Gravity or Gigantamax Orbeetle are banned\n|rule|Endless Battle Clause: Forcing endless battles is banned\n|rule|HP Percentage Mod: HP is shown in percentages\n|clearpoke\n|poke|p1|Dragonite, M|\n|poke|p1|Chien-Pao|\n|poke|p1|Flutter Mane|\n|poke|p1|Ursaluna, M|\n|poke|p1|Farigiraf, F|\n|poke|p1|Kingambit, M|\n|poke|p2|Garchomp, M|\n|poke|p2|Tyranitar, F|\n|poke|p2|Vaporeon, F|\n|poke|p2|Toxicroak, M|\n|poke|p2|Pelipper, F|\n|poke|p2|Abomasnow, M|\n|teampreview\n|\n|t:|1698886821\n|start\n|switch|p1a: Ursaluna|Ursaluna, M|100\/100\n|switch|p1b: Farigiraf|Farigiraf, F|100\/100\n|switch|p2a: OTLHPM|Toxicroak, M|100\/100\n|switch|p2b: Weather War|Pelipper, F|100\/100\n|-weather|RainDance|[from] ability: Drizzle|[of] p2b: Weather War\n|turn|1\n|\n|t:|1698886834\n|move|p1a: Ursaluna|Protect|p1a: Ursaluna\n|-singleturn|p1a: Ursaluna|Protect\n|move|p2a: OTLHPM|Poison Jab|p1b: Farigiraf\n|-damage|p1b: Farigiraf|67\/100\n|-status|p1b: Farigiraf|psn\n|move|p2b: Weather War|Chilling Water|p1a: Ursaluna\n|-activate|p1a: Ursaluna|move: Protect\n|move|p1b: Farigiraf|Trick Room|p1b: Farigiraf\n|-fieldstart|move: Trick Room|[of] p1b: Farigiraf\n|\n|-weather|RainDance|[upkeep]\n|-heal|p1b: Farigiraf|73\/100 psn|[from] item: Leftovers\n|-damage|p1b: Farigiraf|61\/100 psn|[from] psn\n|-status|p1a: Ursaluna|brn|[from] item: Flame Orb\n|upkeep\n|turn|2\n|\n|t:|1698886860\n|switch|p2a: ThcrThnSnkr|Tyranitar, F|100\/100\n|-weather|Sandstorm|[from] ability: Sand Stream|[of] p2a: ThcrThnSnkr\n|move|p1b: Farigiraf|Helping Hand|p1a: Ursaluna\n|-singleturn|p1a: Ursaluna|Helping Hand|[of] p1b: Farigiraf\n|move|p1a: Ursaluna|Earthquake|p2b: Weather War|[spread] p1b,p2a\n|-immune|p2b: Weather War\n|-supereffective|p2a: ThcrThnSnkr\n|-damage|p1b: Farigiraf|0 fnt\n|-damage|p2a: ThcrThnSnkr|0 fnt\n|faint|p1b: Farigiraf\n|faint|p2a: ThcrThnSnkr\n|move|p2b: Weather War|Chilling Water|p1a: Ursaluna\n|-supereffective|p1a: Ursaluna\n|-damage|p1a: Ursaluna|63\/100 brn\n|-unboost|p1a: Ursaluna|atk|1\n|\n|-weather|Sandstorm|[upkeep]\n|-damage|p2b: Weather War|94\/100|[from] Sandstorm\n|-damage|p1a: Ursaluna|57\/100 brn|[from] brn\n|upkeep\n|\n|t:|1698886882\n|switch|p1b: Flutter Mane|Flutter Mane|100\/100\n|switch|p2a: Extra Spicy|Garchomp, M|100\/100\n|-enditem|p1b: Flutter Mane|Booster Energy\n|-activate|p1b: Flutter Mane|ability: Protosynthesis|[fromitem]\n|-start|p1b: Flutter Mane|protosynthesisspa\n|turn|3\n|\n|t:|1698886902\n|move|p1a: Ursaluna|Facade|p2a: Extra Spicy\n|-damage|p2a: Extra Spicy|49\/100\n|-damage|p1a: Ursaluna|44\/100 brn|[from] ability: Rough Skin|[of] p2a: Extra Spicy\n|-damage|p1a: Ursaluna|28\/100 brn|[from] item: Rocky Helmet|[of] p2a: Extra Spicy\n|move|p2b: Weather War|Hurricane|p1b: Flutter Mane\n|-damage|p1b: Flutter Mane|64\/100\n|move|p2a: Extra Spicy|Poison Jab|p1b: Flutter Mane\n|-damage|p1b: Flutter Mane|20\/100\n|move|p1b: Flutter Mane|Dazzling Gleam|p2a: Extra Spicy|[spread] p2a,p2b\n|-supereffective|p2a: Extra Spicy\n|-damage|p2a: Extra Spicy|0 fnt\n|-damage|p2b: Weather War|35\/100\n|faint|p2a: Extra Spicy\n|\n|-weather|Sandstorm|[upkeep]\n|-damage|p2b: Weather War|29\/100|[from] Sandstorm\n|-damage|p1b: Flutter Mane|14\/100|[from] Sandstorm\n|-damage|p1a: Ursaluna|22\/100 brn|[from] brn\n|upkeep\n|\n|t:|1698886917\n|switch|p2a: Harmacy|Vaporeon, F|100\/100\n|turn|4\n|\n|t:|1698886933\n|move|p1a: Ursaluna|Facade|p2b: Weather War\n|-damage|p2b: Weather War|0 fnt\n|faint|p2b: Weather War\n|move|p2a: Harmacy|Weather Ball|p1b: Flutter Mane\n|-damage|p1b: Flutter Mane|0 fnt\n|faint|p1b: Flutter Mane\n|-end|p1b: Flutter Mane|Protosynthesis|[silent]\n|\n|-weather|Sandstorm|[upkeep]\n|-damage|p2a: Harmacy|94\/100|[from] Sandstorm\n|-heal|p2a: Harmacy|100\/100|[from] item: Leftovers\n|-damage|p1a: Ursaluna|15\/100 brn|[from] brn\n|upkeep\n|\n|t:|1698886949\n|switch|p2b: Cold Shoulder|Abomasnow, M, shiny|100\/100\n|switch|p1b: Dragonite|Dragonite, M|100\/100\n|-weather|Snow|[from] ability: Snow Warning|[of] p2b: Cold Shoulder\n|turn|5\n|\n|t:|1698886965\n|-terastallize|p1b: Dragonite|Normal\n|move|p1b: Dragonite|Extreme Speed|p2b: Cold Shoulder\n|-damage|p2b: Cold Shoulder|60\/100\n|move|p1a: Ursaluna|Facade|p2a: Harmacy\n|-damage|p2a: Harmacy|38\/100\n|move|p2a: Harmacy|Weather Ball|p1b: Dragonite\n|-damage|p1b: Dragonite|74\/100\n|move|p2b: Cold Shoulder|Blizzard|p1b: Dragonite|[spread] p1a,p1b\n|-supereffective|p1a: Ursaluna\n|-damage|p1a: Ursaluna|0 fnt\n|-damage|p1b: Dragonite|44\/100\n|-status|p1b: Dragonite|frz\n|faint|p1a: Ursaluna\n|\n|-weather|Snow|[upkeep]\n|-heal|p2a: Harmacy|44\/100|[from] item: Leftovers\n|-fieldend|move: Trick Room\n|upkeep\n|\n|t:|1698886985\n|switch|p1a: Chien-Pao|Chien-Pao|100\/100\n|-ability|p1a: Chien-Pao|Sword of Ruin\n|turn|6\n|\n|t:|1698886998\n|-terastallize|p2b: Cold Shoulder|Water\n|cant|p1b: Dragonite|frz\n|move|p1a: Chien-Pao|Brick Break|p2b: Cold Shoulder\n|-damage|p2b: Cold Shoulder|30\/100\n|move|p2b: Cold Shoulder|Leech Seed|p1a: Chien-Pao\n|-start|p1a: Chien-Pao|move: Leech Seed\n|move|p2a: Harmacy|Icy Wind|p1b: Dragonite|[spread] p1a,p1b\n|-resisted|p1a: Chien-Pao\n|-damage|p1a: Chien-Pao|92\/100\n|-damage|p1b: Dragonite|33\/100 frz\n|-unboost|p1a: Chien-Pao|spe|1\n|-unboost|p1b: Dragonite|spe|1\n|\n|-weather|Snow|[upkeep]\n|-heal|p2a: Harmacy|50\/100|[from] item: Leftovers\n|-damage|p1a: Chien-Pao|80\/100|[from] Leech Seed|[of] p2b: Cold Shoulder\n|-heal|p2b: Cold Shoulder|41\/100|[silent]\n|upkeep\n|turn|7\n|\n|t:|1698887031\n|cant|p1b: Dragonite|frz\n|move|p1a: Chien-Pao|Sucker Punch||[still]\n|-fail|p1a: Chien-Pao\n|move|p2b: Cold Shoulder|Leech Seed|p1b: Dragonite\n|-start|p1b: Dragonite|move: Leech Seed\n|move|p2a: Harmacy|Weather Ball|p1a: Chien-Pao\n|-resisted|p1a: Chien-Pao\n|-damage|p1a: Chien-Pao|59\/100\n|\n|-weather|Snow|[upkeep]\n|-heal|p2a: Harmacy|56\/100|[from] item: Leftovers\n|-damage|p1a: Chien-Pao|47\/100|[from] Leech Seed|[of] p2b: Cold Shoulder\n|-heal|p2b: Cold Shoulder|51\/100|[silent]\n|-damage|p1b: Dragonite|21\/100 frz|[from] Leech Seed|[of] p2b: Cold Shoulder\n|-heal|p2b: Cold Shoulder|63\/100|[silent]\n|upkeep\n|turn|8\n|\n|t:|1698887051\n|cant|p1b: Dragonite|frz\n|move|p1a: Chien-Pao|Sucker Punch|p2b: Cold Shoulder\n|-damage|p2b: Cold Shoulder|23\/100\n|move|p2b: Cold Shoulder|Blizzard|p1b: Dragonite|[spread] p1a,p1b\n|-resisted|p1a: Chien-Pao\n|-damage|p1a: Chien-Pao|23\/100\n|-damage|p1b: Dragonite|0 fnt\n|faint|p1b: Dragonite\n|move|p2a: Harmacy|Wish|p2a: Harmacy\n|\n|-weather|Snow|[upkeep]\n|-heal|p2a: Harmacy|62\/100|[from] item: Leftovers\n|-damage|p1a: Chien-Pao|10\/100|[from] Leech Seed|[of] p2b: Cold Shoulder\n|-heal|p2b: Cold Shoulder|34\/100|[silent]\n|upkeep\n|\n|t:|1698887065\n|switch|p1b: Kingambit|Kingambit, M|100\/100\n|-activate|p1b: Kingambit|ability: Supreme Overlord\n|-start|p1b: Kingambit|fallen4|[silent]\n|turn|9\n|\n|t:|1698887096\n|move|p1a: Chien-Pao|Sucker Punch|p2a: Harmacy\n|-damage|p2a: Harmacy|28\/100\n|move|p1b: Kingambit|Iron Head|p2b: Cold Shoulder\n|-resisted|p2b: Cold Shoulder\n|-damage|p2b: Cold Shoulder|1\/100\n|cant|p2b: Cold Shoulder|flinch\n|move|p2a: Harmacy|Icy Wind|p1b: Kingambit|[spread] p1a,p1b\n|-resisted|p1a: Chien-Pao\n|-resisted|p1b: Kingambit\n|-damage|p1a: Chien-Pao|2\/100\n|-damage|p1b: Kingambit|95\/100\n|-unboost|p1a: Chien-Pao|spe|1\n|-unboost|p1b: Kingambit|spe|1\n|\n|-weather|none\n|-heal|p2a: Harmacy|78\/100|[from] move: Wish|[wisher] Harmacy\n|-heal|p2a: Harmacy|84\/100|[from] item: Leftovers\n|-damage|p1a: Chien-Pao|0 fnt|[from] Leech Seed|[of] p2b: Cold Shoulder\n|-heal|p2b: Cold Shoulder|2\/100|[silent]\n|faint|p1a: Chien-Pao\n|upkeep\n|turn|10\n|\n|t:|1698887120\n|move|p1b: Kingambit|Sucker Punch||[still]\n|-fail|p1b: Kingambit\n|move|p2b: Cold Shoulder|Leech Seed|p1b: Kingambit\n|-start|p1b: Kingambit|move: Leech Seed\n|move|p2a: Harmacy|Icy Wind|p1b: Kingambit\n|-resisted|p1b: Kingambit\n|-damage|p1b: Kingambit|87\/100\n|-unboost|p1b: Kingambit|spe|1\n|\n|-heal|p2a: Harmacy|90\/100|[from] item: Leftovers\n|-damage|p1b: Kingambit|75\/100|[from] Leech Seed|[of] p2b: Cold Shoulder\n|-heal|p2b: Cold Shoulder|15\/100|[silent]\n|upkeep\n|turn|11\n|\n|t:|1698887137\n|switch|p2b: OTLHPM|Toxicroak, M|100\/100\n|move|p2a: Harmacy|Wish|p2a: Harmacy\n|move|p1b: Kingambit|Iron Head|p2b: OTLHPM\n|-damage|p2b: OTLHPM|13\/100\n|\n|-heal|p2b: OTLHPM|19\/100|[from] item: Black Sludge\n|-heal|p2a: Harmacy|96\/100|[from] item: Leftovers\n|-damage|p1b: Kingambit|63\/100|[from] Leech Seed|[of] p2b: OTLHPM\n|-heal|p2b: OTLHPM|32\/100|[silent]\n|upkeep\n|turn|12\n|\n|t:|1698887153\n|move|p2b: OTLHPM|Sunny Day|p2b: OTLHPM\n|-weather|SunnyDay\n|move|p2a: Harmacy|Weather Ball|p1b: Kingambit\n|-supereffective|p1b: Kingambit\n|-damage|p1b: Kingambit|0 fnt\n|faint|p1b: Kingambit\n|-end|p1b: Kingambit|fallen4|[silent]\n|\n|win|mikeyuwu\n|raw|Fabrizio8's rating: 1294 &rarr; <strong>1267<\/strong><br \/>(-27 for losing)\n|raw|mikeyuwu's rating: 1268 &rarr; <strong>1295<\/strong><br \/>(+27 for winning)\n|c|\u2606mikeyuwu|Gg\n|l|\u2606Fabrizio8\n","uploadtime":1698887179,"views":29,"p1id":"fabrizio8","p2id":"mikeyuwu","formatid":"gen9doublesou","rating":1267,"private":0,"password":""}