{"id":"gen9doublesou-1991330480","p1":"Mgbo1234","p2":"bananaszn","format":"[Gen 9] Doubles OU","log":"|j|\u2606Mgbo1234\n|j|\u2606bananaszn\n|t:|1700068171\n|gametype|doubles\n|player|p1|Mgbo1234|2|1092\n|player|p2|bananaszn|brycen|1168\n|teamsize|p1|5\n|teamsize|p2|6\n|gen|9\n|tier|[Gen 9] Doubles OU\n|rated|\n|rule|Species Clause: Limit one of each Pok\u00e9mon\n|rule|OHKO Clause: OHKO moves are banned\n|rule|Evasion Moves Clause: Evasion moves are banned\n|rule|Gravity Sleep Clause: The combination of sleep-inducing moves with imperfect accuracy and Gravity or Gigantamax Orbeetle are banned\n|rule|Endless Battle Clause: Forcing endless battles is banned\n|rule|HP Percentage Mod: HP is shown in percentages\n|clearpoke\n|poke|p1|Oranguru, F|\n|poke|p1|Haxorus, M|\n|poke|p1|Kommo-o, M|\n|poke|p1|Tinkaton, F|\n|poke|p1|Grimmsnarl, M|\n|poke|p2|Tyranitar, M|\n|poke|p2|Glimmora, F|\n|poke|p2|Amoonguss, M|\n|poke|p2|Heatran, F|\n|poke|p2|Landorus, M|\n|poke|p2|Cresselia, F|\n|teampreview\n|\n|t:|1700068181\n|start\n|switch|p1a: Oranguru|Oranguru, F|100\/100\n|switch|p1b: Kommo-o|Kommo-o, M|100\/100\n|switch|p2a: Oran Berry|Glimmora, F|100\/100\n|switch|p2b: Trippie Redd|Tyranitar, M|100\/100\n|-weather|Sandstorm|[from] ability: Sand Stream|[of] p2b: Trippie Redd\n|turn|1\n|\n|t:|1700068197\n|move|p2b: Trippie Redd|Protect|p2b: Trippie Redd\n|-singleturn|p2b: Trippie Redd|Protect\n|move|p2a: Oran Berry|Mortal Spin|p1b: Kommo-o|[spread] p1a,p1b\n|-damage|p1a: Oranguru|96\/100\n|-damage|p1b: Kommo-o|96\/100\n|-status|p1a: Oranguru|psn\n|-status|p1b: Kommo-o|psn\n|move|p1b: Kommo-o|Aura Sphere|p2b: Trippie Redd\n|-activate|p2b: Trippie Redd|move: Protect\n|move|p1a: Oranguru|Instruct|p1b: Kommo-o\n|-singleturn|p1b: Kommo-o|move: Instruct|[of] p1a: Oranguru\n|move|p1b: Kommo-o|Aura Sphere|p2b: Trippie Redd\n|-activate|p2b: Trippie Redd|move: Protect\n|\n|-weather|Sandstorm|[upkeep]\n|-damage|p1b: Kommo-o|90\/100 psn|[from] Sandstorm\n|-damage|p1a: Oranguru|90\/100 psn|[from] Sandstorm\n|-damage|p1b: Kommo-o|77\/100 psn|[from] psn\n|-damage|p1a: Oranguru|77\/100 psn|[from] psn\n|upkeep\n|turn|2\n|\n|t:|1700068228\n|switch|p2b: Nicki Minaj|Cresselia, F|100\/100\n|move|p2a: Oran Berry|Sludge Bomb|p1b: Kommo-o\n|-immune|p1b: Kommo-o|[from] ability: Bulletproof\n|move|p1b: Kommo-o|Aura Sphere|p2a: Oran Berry\n|-damage|p2a: Oran Berry|55\/100\n|move|p1a: Oranguru|Instruct|p1b: Kommo-o\n|-singleturn|p1b: Kommo-o|move: Instruct|[of] p1a: Oranguru\n|move|p1b: Kommo-o|Aura Sphere|p2a: Oran Berry\n|-damage|p2a: Oran Berry|13\/100\n|\n|-weather|Sandstorm|[upkeep]\n|-damage|p1b: Kommo-o|71\/100 psn|[from] Sandstorm\n|-damage|p1a: Oranguru|71\/100 psn|[from] Sandstorm\n|-damage|p1b: Kommo-o|59\/100 psn|[from] psn\n|-damage|p1a: Oranguru|58\/100 psn|[from] psn\n|upkeep\n|turn|3\n|\n|t:|1700068250\n|move|p2a: Oran Berry|Spiky Shield|p2a: Oran Berry\n|-singleturn|p2a: Oran Berry|move: Protect\n|move|p1b: Kommo-o|Aura Sphere|p2a: Oran Berry\n|-activate|p2a: Oran Berry|move: Protect\n|move|p2b: Nicki Minaj|Lunar Blessing|p2b: Nicki Minaj|[spread] p2a,p2b\n|-heal|p2a: Oran Berry|38\/100\n|move|p1a: Oranguru|Light Screen|p1a: Oranguru\n|-sidestart|p1: Mgbo1234|move: Light Screen\n|\n|-weather|Sandstorm|[upkeep]\n|-damage|p1b: Kommo-o|53\/100 psn|[from] Sandstorm\n|-damage|p1a: Oranguru|52\/100 psn|[from] Sandstorm\n|-damage|p1b: Kommo-o|40\/100 psn|[from] psn\n|-damage|p1a: Oranguru|40\/100 psn|[from] psn\n|upkeep\n|turn|4\n|\n|t:|1700068270\n|switch|p2a: Ball Guy|Amoonguss, M|100\/100\n|move|p1b: Kommo-o|Aura Sphere|p2a: Ball Guy\n|-resisted|p2a: Ball Guy\n|-damage|p2a: Ball Guy|75\/100\n|move|p2b: Nicki Minaj|Psychic|p1b: Kommo-o\n|-supereffective|p1b: Kommo-o\n|-damage|p1b: Kommo-o|3\/100 psn\n|move|p1a: Oranguru|Instruct|p1b: Kommo-o\n|-singleturn|p1b: Kommo-o|move: Instruct|[of] p1a: Oranguru\n|move|p1b: Kommo-o|Aura Sphere|p2a: Ball Guy\n|-resisted|p2a: Ball Guy\n|-damage|p2a: Ball Guy|54\/100\n|\n|-weather|Sandstorm|[upkeep]\n|-damage|p1b: Kommo-o|0 fnt|[from] Sandstorm\n|-damage|p1a: Oranguru|34\/100 psn|[from] Sandstorm\n|-damage|p2a: Ball Guy|48\/100|[from] Sandstorm\n|-enditem|p2a: Ball Guy|Sitrus Berry|[eat]\n|-heal|p2a: Ball Guy|73\/100|[from] item: Sitrus Berry\n|faint|p1b: Kommo-o\n|-damage|p1a: Oranguru|21\/100 psn|[from] psn\n|upkeep\n|-enditem|p1a: Oranguru|Aguav Berry|[eat]\n|-heal|p1a: Oranguru|54\/100 psn|[from] item: Aguav Berry\n|\n|t:|1700068298\n|switch|p1b: Haxorus|Haxorus, M|100\/100\n|-ability|p1b: Haxorus|Unnerve\n|turn|5\n|\n|t:|1700068313\n|move|p1b: Haxorus|Crunch|p2b: Nicki Minaj\n|-supereffective|p2b: Nicki Minaj\n|-damage|p2b: Nicki Minaj|38\/100\n|move|p2b: Nicki Minaj|Lunar Blessing|p2b: Nicki Minaj|[spread] p2a,p2b\n|-heal|p2a: Ball Guy|97\/100\n|-heal|p2b: Nicki Minaj|63\/100\n|move|p1a: Oranguru|Instruct|p1b: Haxorus\n|-singleturn|p1b: Haxorus|move: Instruct|[of] p1a: Oranguru\n|move|p1b: Haxorus|Crunch|p2b: Nicki Minaj\n|-supereffective|p2b: Nicki Minaj\n|-damage|p2b: Nicki Minaj|0 fnt\n|faint|p2b: Nicki Minaj\n|move|p2a: Ball Guy|Spore|p1b: Haxorus\n|-status|p1b: Haxorus|slp|[from] move: Spore\n|\n|-weather|Sandstorm|[upkeep]\n|-damage|p1b: Haxorus|94\/100 slp|[from] Sandstorm\n|-damage|p1a: Oranguru|48\/100 psn|[from] Sandstorm\n|-damage|p2a: Ball Guy|91\/100|[from] Sandstorm\n|-damage|p1a: Oranguru|36\/100 psn|[from] psn\n|upkeep\n|\n|t:|1700068332\n|switch|p2b: Trippie Redd|Tyranitar, M|100\/100\n|turn|6\n|\n|t:|1700068342\n|switch|p1b: Grimmsnarl|Grimmsnarl, M|100\/100\n|move|p2b: Trippie Redd|Crunch|p1a: Oranguru\n|-supereffective|p1a: Oranguru\n|-damage|p1a: Oranguru|0 fnt\n|faint|p1a: Oranguru\n|move|p2a: Ball Guy|Pollen Puff|p1b: Grimmsnarl\n|-crit|p1b: Grimmsnarl\n|-damage|p1b: Grimmsnarl|74\/100\n|\n|-weather|Sandstorm|[upkeep]\n|-damage|p1b: Grimmsnarl|68\/100|[from] Sandstorm\n|-damage|p2a: Ball Guy|85\/100|[from] Sandstorm\n|-heal|p1b: Grimmsnarl|74\/100|[from] item: Leftovers\n|upkeep\n|\n|t:|1700068357\n|switch|p1a: Haxorus|Haxorus, M|94\/100 slp\n|-ability|p1a: Haxorus|Unnerve\n|turn|7\n|\n|t:|1700068376\n|cant|p1a: Haxorus|slp\n|move|p2b: Trippie Redd|Icy Wind|p1b: Grimmsnarl|[spread] \n|-miss|p2b: Trippie Redd|p1a: Haxorus\n|-miss|p2b: Trippie Redd|p1b: Grimmsnarl\n|move|p1b: Grimmsnarl|Drain Punch|p2b: Trippie Redd\n|-supereffective|p2b: Trippie Redd\n|-damage|p2b: Trippie Redd|54\/100\n|-heal|p1b: Grimmsnarl|100\/100|[from] drain|[of] p2b: Trippie Redd\n|move|p2a: Ball Guy|Spore|p1b: Grimmsnarl\n|-status|p1b: Grimmsnarl|slp|[from] move: Spore\n|\n|-weather|Sandstorm|[upkeep]\n|-damage|p1a: Haxorus|88\/100 slp|[from] Sandstorm\n|-damage|p1b: Grimmsnarl|94\/100 slp|[from] Sandstorm\n|-damage|p2a: Ball Guy|79\/100|[from] Sandstorm\n|-heal|p1b: Grimmsnarl|100\/100 slp|[from] item: Leftovers\n|-sideend|p1: Mgbo1234|move: Light Screen\n|upkeep\n|turn|8\n|\n|t:|1700068412\n|cant|p1a: Haxorus|slp\n|move|p2b: Trippie Redd|Icy Wind|p1a: Haxorus|[spread] p1a,p1b\n|-supereffective|p1a: Haxorus\n|-crit|p1b: Grimmsnarl\n|-damage|p1a: Haxorus|58\/100 slp\n|-damage|p1b: Grimmsnarl|88\/100 slp\n|-unboost|p1a: Haxorus|spe|1\n|-unboost|p1b: Grimmsnarl|spe|1\n|cant|p1b: Grimmsnarl|slp\n|move|p2a: Ball Guy|Pollen Puff|p1b: Grimmsnarl\n|-damage|p1b: Grimmsnarl|70\/100 slp\n|\n|-weather|none\n|-heal|p1b: Grimmsnarl|76\/100 slp|[from] item: Leftovers\n|upkeep\n|turn|9\n|\n|t:|1700068433\n|move|p2a: Ball Guy|Rage Powder|p2a: Ball Guy\n|-singleturn|p2a: Ball Guy|move: Rage Powder\n|cant|p1a: Haxorus|slp\n|move|p2b: Trippie Redd|Icy Wind|p1b: Grimmsnarl|[spread] p1a,p1b\n|-supereffective|p1a: Haxorus\n|-damage|p1a: Haxorus|30\/100 slp\n|-damage|p1b: Grimmsnarl|69\/100 slp\n|-unboost|p1a: Haxorus|spe|1\n|-unboost|p1b: Grimmsnarl|spe|1\n|cant|p1b: Grimmsnarl|slp\n|\n|-heal|p1b: Grimmsnarl|75\/100 slp|[from] item: Leftovers\n|upkeep\n|turn|10\n|\n|t:|1700068457\n|move|p2a: Ball Guy|Rage Powder|p2a: Ball Guy\n|-singleturn|p2a: Ball Guy|move: Rage Powder\n|-curestatus|p1a: Haxorus|slp|[msg]\n|move|p1a: Haxorus|Dragon Claw|p2a: Ball Guy\n|-damage|p2a: Ball Guy|27\/100\n|move|p2b: Trippie Redd|Icy Wind|p1a: Haxorus|[spread] p1a,p1b\n|-supereffective|p1a: Haxorus\n|-damage|p1a: Haxorus|3\/100\n|-damage|p1b: Grimmsnarl|66\/100 slp\n|-unboost|p1a: Haxorus|spe|1\n|-unboost|p1b: Grimmsnarl|spe|1\n|cant|p1b: Grimmsnarl|slp\n|\n|-heal|p1b: Grimmsnarl|72\/100 slp|[from] item: Leftovers\n|upkeep\n|turn|11\n|\n|t:|1700068478\n|move|p2b: Trippie Redd|Rock Slide|p1b: Grimmsnarl|[spread] p1a,p1b\n|-damage|p1a: Haxorus|0 fnt\n|-damage|p1b: Grimmsnarl|46\/100 slp\n|faint|p1a: Haxorus\n|move|p2a: Ball Guy|Pollen Puff|p1b: Grimmsnarl\n|-damage|p1b: Grimmsnarl|27\/100 slp\n|-curestatus|p1b: Grimmsnarl|slp|[msg]\n|cant|p1b: Grimmsnarl|flinch\n|\n|-heal|p1b: Grimmsnarl|33\/100|[from] item: Leftovers\n|upkeep\n|\n|t:|1700068493\n|switch|p1a: Tinkaton|Tinkaton, F|100\/100\n|-ability|p1a: Tinkaton|Mold Breaker\n|turn|12\n|\n|t:|1700068506\n|move|p1a: Tinkaton|Fake Out|p2b: Trippie Redd\n|-resisted|p2b: Trippie Redd\n|-damage|p2b: Trippie Redd|50\/100\n|-damage|p1a: Tinkaton|91\/100|[from] item: Life Orb\n|cant|p2b: Trippie Redd|flinch\n|move|p2a: Ball Guy|Spore|p1a: Tinkaton\n|-status|p1a: Tinkaton|slp|[from] move: Spore\n|move|p1b: Grimmsnarl|Drain Punch|p2b: Trippie Redd\n|-supereffective|p2b: Trippie Redd\n|-damage|p2b: Trippie Redd|1\/100\n|-heal|p1b: Grimmsnarl|62\/100|[from] drain|[of] p2b: Trippie Redd\n|\n|-heal|p1b: Grimmsnarl|68\/100|[from] item: Leftovers\n|upkeep\n|turn|13\n|c|\u2606bananaszn|defensive t-tar is a beast\n|\n|t:|1700068548\n|-terastallize|p1a: Tinkaton|Fairy\n|move|p2a: Ball Guy|Rage Powder|p2a: Ball Guy\n|-singleturn|p2a: Ball Guy|move: Rage Powder\n|cant|p1a: Tinkaton|slp\n|move|p2b: Trippie Redd|Rock Slide|p1b: Grimmsnarl|[spread] p1a,p1b\n|-damage|p1a: Tinkaton|57\/100 slp\n|-damage|p1b: Grimmsnarl|42\/100\n|move|p1b: Grimmsnarl|Spirit Break|p2a: Ball Guy\n|-resisted|p2a: Ball Guy\n|-damage|p2a: Ball Guy|17\/100\n|-unboost|p2a: Ball Guy|spa|1\n|\n|-heal|p1b: Grimmsnarl|48\/100|[from] item: Leftovers\n|upkeep\n|turn|14\n|\n|t:|1700068574\n|-curestatus|p1a: Tinkaton|slp|[msg]\n|move|p1a: Tinkaton|Gigaton Hammer|p2a: Ball Guy\n|-damage|p2a: Ball Guy|0 fnt\n|faint|p2a: Ball Guy\n|-damage|p1a: Tinkaton|47\/100|[from] item: Life Orb\n|move|p2b: Trippie Redd|Icy Wind|p1a: Tinkaton|[spread] p1a,p1b\n|-damage|p1a: Tinkaton|38\/100\n|-damage|p1b: Grimmsnarl|40\/100\n|-unboost|p1a: Tinkaton|spe|1\n|-unboost|p1b: Grimmsnarl|spe|1\n|move|p1b: Grimmsnarl|Drain Punch|p2b: Trippie Redd\n|-supereffective|p2b: Trippie Redd\n|-damage|p2b: Trippie Redd|0 fnt\n|-heal|p1b: Grimmsnarl|41\/100|[from] drain|[of] p2b: Trippie Redd\n|faint|p2b: Trippie Redd\n|\n|-heal|p1b: Grimmsnarl|47\/100|[from] item: Leftovers\n|upkeep\n|\n|t:|1700068593\n|switch|p2b: Gobba Goo|Heatran, F|100\/100\n|switch|p2a: Oran Berry|Glimmora, F|38\/100\n|turn|15\n|\n|t:|1700068625\n|move|p2a: Oran Berry|Mortal Spin|p1a: Tinkaton|[spread] p1a,p1b\n|-supereffective|p1a: Tinkaton\n|-supereffective|p1b: Grimmsnarl\n|-damage|p1a: Tinkaton|24\/100\n|-damage|p1b: Grimmsnarl|37\/100\n|-status|p1a: Tinkaton|psn\n|-status|p1b: Grimmsnarl|psn\n|move|p1a: Tinkaton|Bulldoze|p2a: Oran Berry|[spread] p1b,p2a,p2b\n|-supereffective|p2a: Oran Berry\n|-supereffective|p2b: Gobba Goo\n|-damage|p1b: Grimmsnarl|21\/100 psn\n|-damage|p2a: Oran Berry|0 fnt\n|-damage|p2b: Gobba Goo|46\/100\n|-unboost|p1b: Grimmsnarl|spe|1\n|-unboost|p2b: Gobba Goo|spe|1\n|faint|p2a: Oran Berry\n|-damage|p1a: Tinkaton|14\/100 psn|[from] item: Life Orb\n|move|p2b: Gobba Goo|Flash Cannon|p1a: Tinkaton\n|-supereffective|p1a: Tinkaton\n|-damage|p1a: Tinkaton|0 fnt\n|faint|p1a: Tinkaton\n|move|p1b: Grimmsnarl|Drain Punch|p2b: Gobba Goo\n|-supereffective|p2b: Gobba Goo\n|-damage|p2b: Gobba Goo|11\/100\n|-heal|p1b: Grimmsnarl|40\/100 psn|[from] drain|[of] p2b: Gobba Goo\n|\n|-heal|p1b: Grimmsnarl|46\/100 psn|[from] item: Leftovers\n|-damage|p1b: Grimmsnarl|34\/100 psn|[from] psn\n|upkeep\n|\n|t:|1700068642\n|switch|p2a: ROOT BEER|Landorus, M|100\/100\n|turn|16\n|\n|t:|1700068653\n|move|p2a: ROOT BEER|Earth Power|p1b: Grimmsnarl\n|-crit|p1b: Grimmsnarl\n|-damage|p1b: Grimmsnarl|0 fnt\n|faint|p1b: Grimmsnarl\n|\n|win|bananaszn\n|raw|Mgbo1234's rating: 1092 &rarr; <strong>1073<\/strong><br \/>(-19 for losing)\n|raw|bananaszn's rating: 1168 &rarr; <strong>1188<\/strong><br \/>(+20 for winning)\n|l|\u2606Mgbo1234\n","uploadtime":1700068658,"views":16,"p1id":"mgbo1234","p2id":"bananaszn","formatid":"gen9doublesou","rating":1073,"private":0,"password":""}