{"id":"gen9doublesou-1974382832","p1":"sir_masquerade69","p2":"Daskhiel02","format":"[Gen 9] Doubles OU","log":"|j|\u2606sir_masquerade69\n|j|\u2606Daskhiel02\n|t:|1698082586\n|gametype|doubles\n|player|p1|sir_masquerade69|265|1328\n|player|p2|Daskhiel02|pokekid|1380\n|teamsize|p1|6\n|teamsize|p2|6\n|gen|9\n|tier|[Gen 9] Doubles OU\n|rated|\n|rule|Species Clause: Limit one of each Pok\u00e9mon\n|rule|OHKO Clause: OHKO moves are banned\n|rule|Evasion Moves Clause: Evasion moves are banned\n|rule|Gravity Sleep Clause: The combination of sleep-inducing moves with imperfect accuracy and Gravity or Gigantamax Orbeetle are banned\n|rule|Endless Battle Clause: Forcing endless battles is banned\n|rule|HP Percentage Mod: HP is shown in percentages\n|clearpoke\n|poke|p1|Ninetales, M|\n|poke|p1|Roaring Moon|\n|poke|p1|Ceruledge, M|\n|poke|p1|Leavanny, M|\n|poke|p1|Fezandipiti, M|\n|poke|p1|Walking Wake|\n|poke|p2|Indeedee-F, F|\n|poke|p2|Arcanine-Hisui, M|\n|poke|p2|Noivern, F|\n|poke|p2|Sinistcha|\n|poke|p2|Ceruledge, M|\n|poke|p2|Kommo-o, F|\n|teampreview\n|inactive|Battle timer is ON: inactive players will automatically lose when time's up. (requested by sir_masquerade69)\n|\n|t:|1698082604\n|start\n|switch|p1a: Ninetales|Ninetales, M|100\/100\n|switch|p1b: Roaring Moon|Roaring Moon|100\/100\n|switch|p2a: Noivern|Noivern, F|100\/100\n|switch|p2b: Ceruledge|Ceruledge, M|100\/100\n|-weather|SunnyDay|[from] ability: Drought|[of] p1a: Ninetales\n|-activate|p1b: Roaring Moon|ability: Protosynthesis\n|-start|p1b: Roaring Moon|protosynthesisspe\n|turn|1\n|\n|t:|1698082614\n|-terastallize|p2a: Noivern|Normal\n|move|p2b: Ceruledge|Vacuum Wave|p2a: Noivern\n|-supereffective|p2a: Noivern\n|-damage|p2a: Noivern|86\/100\n|-enditem|p2a: Noivern|Weakness Policy\n|-boost|p2a: Noivern|atk|2|[from] item: Weakness Policy\n|-boost|p2a: Noivern|spa|2|[from] item: Weakness Policy\n|-damage|p2b: Ceruledge|91\/100|[from] item: Life Orb\n|move|p1b: Roaring Moon|Tailwind|p1b: Roaring Moon\n|-sidestart|p1: sir_masquerade69|move: Tailwind\n|move|p1a: Ninetales|Snarl|p2a: Noivern|[spread] p2a,p2b\n|-supereffective|p2b: Ceruledge\n|-damage|p2a: Noivern|75\/100\n|-damage|p2b: Ceruledge|75\/100\n|-unboost|p2a: Noivern|spa|1\n|-unboost|p2b: Ceruledge|spa|1\n|move|p2a: Noivern|Boomburst|p1a: Ninetales|[spread] p1a,p1b\n|-immune|p2b: Ceruledge\n|-damage|p1a: Ninetales|31\/100\n|-damage|p1b: Roaring Moon|42\/100\n|\n|-weather|SunnyDay|[upkeep]\n|-heal|p1b: Roaring Moon|49\/100|[from] item: Leftovers\n|upkeep\n|turn|2\n|\n|t:|1698082636\n|move|p2b: Ceruledge|Ally Switch|p2b: Ceruledge\n|swap|p2b: Ceruledge|0|[from] move: Ally Switch\n|move|p1b: Roaring Moon|Knock Off|p2b: Noivern\n|-damage|p2b: Noivern|33\/100\n|move|p1a: Ninetales|Snarl|p2a: Ceruledge|[spread] p2a,p2b\n|-supereffective|p2a: Ceruledge\n|-crit|p2a: Ceruledge\n|-damage|p2a: Ceruledge|53\/100\n|-damage|p2b: Noivern|21\/100\n|-unboost|p2a: Ceruledge|spa|1\n|-unboost|p2b: Noivern|spa|1\n|move|p2b: Noivern|Boomburst|p1a: Ninetales|[spread] p1a,p1b\n|-immune|p2a: Ceruledge\n|-damage|p1a: Ninetales|0 fnt\n|-damage|p1b: Roaring Moon|11\/100\n|faint|p1a: Ninetales\n|\n|-weather|SunnyDay|[upkeep]\n|-heal|p1b: Roaring Moon|17\/100|[from] item: Leftovers\n|upkeep\n|\n|t:|1698082647\n|switch|p1a: Leavanny|Leavanny, M|100\/100\n|turn|3\n|\n|t:|1698082659\n|move|p2b: Noivern|Protect|p2b: Noivern\n|-singleturn|p2b: Noivern|Protect\n|move|p1a: Leavanny|Sticky Web|p2a: Ceruledge\n|-sidestart|p2: Daskhiel02|move: Sticky Web\n|move|p1b: Roaring Moon|Breaking Swipe|p2b: Noivern|[spread] p2a\n|-activate|p2b: Noivern|move: Protect\n|-damage|p2a: Ceruledge|28\/100\n|-unboost|p2a: Ceruledge|atk|1\n|move|p2a: Ceruledge|Bitter Blade|p1a: Leavanny\n|-supereffective|p1a: Leavanny\n|-damage|p1a: Leavanny|0 fnt\n|-heal|p2a: Ceruledge|69\/100|[from] drain|[of] p1a: Leavanny\n|faint|p1a: Leavanny\n|-damage|p2a: Ceruledge|59\/100|[from] item: Life Orb\n|\n|-weather|SunnyDay|[upkeep]\n|-heal|p1b: Roaring Moon|24\/100|[from] item: Leftovers\n|upkeep\n|\n|t:|1698082668\n|switch|p1a: Fezandipiti|Fezandipiti, M|100\/100\n|turn|4\n|\n|t:|1698082693\n|switch|p2b: Sinistcha|Sinistcha|100\/100\n|-activate|p2b: Sinistcha|move: Sticky Web\n|-unboost|p2b: Sinistcha|spe|1\n|-heal|p2a: Ceruledge|84\/100|[from] ability: Hospitality|[of] p2b: Sinistcha\n|move|p1b: Roaring Moon|Protect|p1b: Roaring Moon\n|-singleturn|p1b: Roaring Moon|Protect\n|move|p1a: Fezandipiti|Light Screen|p1a: Fezandipiti\n|-sidestart|p1: sir_masquerade69|move: Light Screen\n|move|p2a: Ceruledge|Bitter Blade|p1b: Roaring Moon\n|-activate|p1b: Roaring Moon|move: Protect\n|\n|-weather|SunnyDay|[upkeep]\n|-heal|p1b: Roaring Moon|30\/100|[from] item: Leftovers\n|-sideend|p1: sir_masquerade69|move: Tailwind\n|upkeep\n|turn|5\n|\n|t:|1698082719\n|switch|p2a: Arcanine|Arcanine-Hisui, M|100\/100\n|-activate|p2a: Arcanine|move: Sticky Web\n|-unboost|p2a: Arcanine|spe|1\n|-ability|p2a: Arcanine|Intimidate|boost\n|-unboost|p1a: Fezandipiti|atk|1\n|-unboost|p1b: Roaring Moon|atk|1\n|switch|p2b: Noivern|Noivern, F, tera:Normal|21\/100\n|-activate|p2b: Noivern|move: Sticky Web\n|-unboost|p2b: Noivern|spe|1\n|move|p1b: Roaring Moon|Knock Off|p2a: Arcanine\n|-damage|p2a: Arcanine|61\/100\n|-enditem|p2a: Arcanine|Life Orb|[from] move: Knock Off|[of] p1b: Roaring Moon\n|move|p1a: Fezandipiti|Icy Wind|p2a: Arcanine|[spread] p2a\n|-miss|p1a: Fezandipiti|p2b: Noivern\n|-resisted|p2a: Arcanine\n|-damage|p2a: Arcanine|56\/100\n|-unboost|p2a: Arcanine|spe|1\n|\n|-weather|SunnyDay|[upkeep]\n|-heal|p1b: Roaring Moon|36\/100|[from] item: Leftovers\n|upkeep\n|turn|6\n|inactive|sir_masquerade69 has 120 seconds left.\n|\n|t:|1698082750\n|-terastallize|p1a: Fezandipiti|Ground\n|move|p2a: Arcanine|Extreme Speed|p1b: Roaring Moon\n|-damage|p1b: Roaring Moon|13\/100\n|move|p1b: Roaring Moon|Knock Off|p2b: Noivern\n|-damage|p2b: Noivern|0 fnt\n|faint|p2b: Noivern\n|move|p1a: Fezandipiti|Icy Wind|p2a: Arcanine\n|-resisted|p2a: Arcanine\n|-damage|p2a: Arcanine|49\/100\n|-unboost|p2a: Arcanine|spe|1\n|-status|p2a: Arcanine|tox|[from] ability: Toxic Chain|[of] p1a: Fezandipiti\n|\n|-weather|SunnyDay|[upkeep]\n|-heal|p1b: Roaring Moon|20\/100|[from] item: Leftovers\n|-damage|p2a: Arcanine|43\/100 tox|[from] psn\n|upkeep\n|\n|t:|1698082763\n|switch|p2b: Ceruledge|Ceruledge, M|84\/100\n|-activate|p2b: Ceruledge|move: Sticky Web\n|-unboost|p2b: Ceruledge|spe|1\n|turn|7\n|\n|t:|1698082770\n|move|p2b: Ceruledge|Ally Switch|p2b: Ceruledge\n|swap|p2b: Ceruledge|0|[from] move: Ally Switch\n|move|p1b: Roaring Moon|Tailwind|p1b: Roaring Moon\n|-sidestart|p1: sir_masquerade69|move: Tailwind\n|move|p1a: Fezandipiti|Icy Wind|p2a: Ceruledge|[spread] p2a,p2b\n|-resisted|p2a: Ceruledge\n|-resisted|p2b: Arcanine\n|-damage|p2a: Ceruledge|80\/100\n|-damage|p2b: Arcanine|38\/100 tox\n|-unboost|p2a: Ceruledge|spe|1\n|-unboost|p2b: Arcanine|spe|1\n|move|p2b: Arcanine|Flare Blitz|p1a: Fezandipiti\n|-damage|p1a: Fezandipiti|0 fnt\n|faint|p1a: Fezandipiti\n|-damage|p2b: Arcanine|7\/100 tox|[from] Recoil\n|\n|-weather|SunnyDay|[upkeep]\n|-heal|p1b: Roaring Moon|26\/100|[from] item: Leftovers\n|-damage|p2b: Arcanine|0 fnt|[from] psn\n|faint|p2b: Arcanine\n|upkeep\n|\n|t:|1698082791\n|switch|p2b: Kommo-o|Kommo-o, F|100\/100\n|switch|p1a: Ceruledge|Ceruledge, M|100\/100\n|-activate|p2b: Kommo-o|move: Sticky Web\n|-unboost|p2b: Kommo-o|spe|1\n|turn|8\n|\n|t:|1698082806\n|switch|p2a: Indeedee|Indeedee-F, F|100\/100\n|-activate|p2a: Indeedee|move: Sticky Web\n|-unboost|p2a: Indeedee|spe|1\n|-fieldstart|move: Psychic Terrain|[from] ability: Psychic Surge|[of] p2a: Indeedee\n|move|p2b: Kommo-o|Protect|p2b: Kommo-o\n|-singleturn|p2b: Kommo-o|Protect\n|move|p1b: Roaring Moon|Breaking Swipe|p2b: Kommo-o|[spread] p2a\n|-activate|p2b: Kommo-o|move: Protect\n|-damage|p2a: Indeedee|87\/100\n|-unboost|p2a: Indeedee|atk|1\n|move|p1a: Ceruledge|Swords Dance|p1a: Ceruledge\n|-boost|p1a: Ceruledge|atk|2\n|\n|-weather|none\n|-end|p1b: Roaring Moon|Protosynthesis\n|-heal|p1b: Roaring Moon|32\/100|[from] item: Leftovers\n|upkeep\n|turn|9\n|\n|t:|1698082821\n|move|p2a: Indeedee|Follow Me|p2a: Indeedee\n|-singleturn|p2a: Indeedee|move: Follow Me\n|move|p1b: Roaring Moon|Breaking Swipe|p2b: Kommo-o|[spread] p2a,p2b\n|-supereffective|p2b: Kommo-o\n|-damage|p2a: Indeedee|74\/100\n|-damage|p2b: Kommo-o|73\/100\n|-unboost|p2a: Indeedee|atk|1\n|-unboost|p2b: Kommo-o|atk|1\n|move|p1a: Ceruledge|Bitter Blade|p2a: Indeedee\n|-crit|p2a: Indeedee\n|-damage|p2a: Indeedee|0 fnt\n|faint|p2a: Indeedee\n|-damage|p1a: Ceruledge|91\/100|[from] item: Life Orb\n|move|p2b: Kommo-o|Clangorous Soul|p2b: Kommo-o\n|-boost|p2b: Kommo-o|atk|1\n|-boost|p2b: Kommo-o|def|1\n|-boost|p2b: Kommo-o|spa|1\n|-boost|p2b: Kommo-o|spd|1\n|-boost|p2b: Kommo-o|spe|1\n|-damage|p2b: Kommo-o|40\/100\n|-enditem|p2b: Kommo-o|Throat Spray\n|-boost|p2b: Kommo-o|spa|1|[from] item: Throat Spray\n|\n|-heal|p1b: Roaring Moon|38\/100|[from] item: Leftovers\n|upkeep\n|\n|t:|1698082836\n|switch|p2a: Sinistcha|Sinistcha|100\/100\n|-activate|p2a: Sinistcha|move: Sticky Web\n|-unboost|p2a: Sinistcha|spe|1\n|-heal|p2b: Kommo-o|65\/100|[from] ability: Hospitality|[of] p2a: Sinistcha\n|turn|10\n|\n|t:|1698082859\n|switch|p2a: Ceruledge|Ceruledge, M|80\/100\n|-activate|p2a: Ceruledge|move: Sticky Web\n|-unboost|p2a: Ceruledge|spe|1\n|move|p1b: Roaring Moon|Knock Off|p2a: Ceruledge\n|-supereffective|p2a: Ceruledge\n|-damage|p2a: Ceruledge|10\/100\n|-enditem|p2a: Ceruledge|Life Orb|[from] move: Knock Off|[of] p1b: Roaring Moon\n|move|p1a: Ceruledge|Bitter Blade|p2b: Kommo-o\n|-resisted|p2b: Kommo-o\n|-damage|p2b: Kommo-o|30\/100\n|-heal|p1a: Ceruledge|100\/100|[from] drain|[of] p2b: Kommo-o\n|-damage|p1a: Ceruledge|91\/100|[from] item: Life Orb\n|move|p2b: Kommo-o|Clanging Scales|p1a: Ceruledge|[spread] p1a,p1b\n|-supereffective|p1b: Roaring Moon\n|-damage|p1a: Ceruledge|40\/100\n|-damage|p1b: Roaring Moon|0 fnt\n|faint|p1b: Roaring Moon\n|-end|p1b: Roaring Moon|Protosynthesis|[silent]\n|-unboost|p2b: Kommo-o|def|1\n|\n|-sideend|p1: sir_masquerade69|move: Tailwind\n|upkeep\n|\n|t:|1698082869\n|switch|p1b: Walking Wake|Walking Wake|100\/100\n|turn|11\n|\n|t:|1698082879\n|move|p2b: Kommo-o|Protect|p2b: Kommo-o\n|-singleturn|p2b: Kommo-o|Protect\n|move|p1a: Ceruledge|Shadow Sneak|p2a: Ceruledge\n|-activate|p2a: Ceruledge|move: Psychic Terrain\n|move|p1b: Walking Wake|Hydro Steam|p2b: Kommo-o\n|-activate|p2b: Kommo-o|move: Protect\n|move|p2a: Ceruledge|Poltergeist|p1a: Ceruledge\n|-activate|p1a: Ceruledge|move: Poltergeist|Life Orb\n|-supereffective|p1a: Ceruledge\n|-damage|p1a: Ceruledge|0 fnt\n|faint|p1a: Ceruledge\n|\n|-sideend|p1: sir_masquerade69|move: Light Screen\n|upkeep\n|turn|12\n|-message|sir_masquerade69 forfeited.\n|\n|win|Daskhiel02\n|raw|sir_masquerade69's rating: 1328 &rarr; <strong>1311<\/strong><br \/>(-17 for losing)\n|raw|Daskhiel02's rating: 1380 &rarr; <strong>1397<\/strong><br \/>(+17 for winning)\n|l|\u2606sir_masquerade69\n","uploadtime":1698082909,"views":10,"p1id":"sirmasquerade69","p2id":"daskhiel02","formatid":"gen9doublesou","rating":1311,"private":0,"password":""}