{"id":"gen9doublesou-1990649273","p1":"Blue Syrius","p2":"Biggysmolls","format":"[Gen 9] Doubles OU","log":"|j|\u2606Blue Syrius\n|j|\u2606Biggysmolls\n|t:|1699988672\n|gametype|doubles\n|player|p1|Blue Syrius|youngster-gen4dp|1126\n|player|p2|Biggysmolls|2|1132\n|teamsize|p1|6\n|teamsize|p2|6\n|gen|9\n|tier|[Gen 9] Doubles OU\n|rated|\n|rule|Species Clause: Limit one of each Pok\u00e9mon\n|rule|OHKO Clause: OHKO moves are banned\n|rule|Evasion Moves Clause: Evasion moves are banned\n|rule|Gravity Sleep Clause: The combination of sleep-inducing moves with imperfect accuracy and Gravity or Gigantamax Orbeetle are banned\n|rule|Endless Battle Clause: Forcing endless battles is banned\n|rule|HP Percentage Mod: HP is shown in percentages\n|clearpoke\n|poke|p1|Oranguru, F|\n|poke|p1|Diancie|\n|poke|p1|Grimmsnarl, M|\n|poke|p1|Grafaiai, F|\n|poke|p1|Flutter Mane|\n|poke|p1|Roaring Moon|\n|poke|p2|Kommo-o, M|\n|poke|p2|Sinistcha-Masterpiece|\n|poke|p2|Cresselia, F|\n|poke|p2|Snorlax, F|\n|poke|p2|Grimmsnarl, M|\n|poke|p2|Ursaluna-Bloodmoon, M|\n|teampreview\n|\n|t:|1699988677\n|start\n|switch|p1a: Diancie|Diancie, shiny|100\/100\n|switch|p1b: Grimmsnarl|Grimmsnarl, M, shiny|100\/100\n|switch|p2a: Snorlax|Snorlax, F|100\/100\n|switch|p2b: Cresselia|Cresselia, F|100\/100\n|turn|1\n|inactive|Battle timer is ON: inactive players will automatically lose when time's up. (requested by Blue Syrius)\n|\n|t:|1699988696\n|move|p2a: Snorlax|Protect|p2a: Snorlax\n|-singleturn|p2a: Snorlax|Protect\n|move|p1b: Grimmsnarl|Reflect|p1b: Grimmsnarl\n|-sidestart|p1: Blue Syrius|Reflect\n|move|p1a: Diancie|Iron Defense|p1a: Diancie\n|-boost|p1a: Diancie|def|2\n|move|p2b: Cresselia|Trick Room|p2b: Cresselia\n|-fieldstart|move: Trick Room|[of] p2b: Cresselia\n|\n|upkeep\n|turn|2\n|\n|t:|1699988719\n|move|p1b: Grimmsnarl|Thunder Wave|p2a: Snorlax\n|-status|p2a: Snorlax|par\n|move|p2a: Snorlax|Belly Drum|p2a: Snorlax\n|-damage|p2a: Snorlax|50\/100 par\n|-setboost|p2a: Snorlax|atk|6|[from] move: Belly Drum\n|-enditem|p2a: Snorlax|Sitrus Berry|[eat]\n|-heal|p2a: Snorlax|75\/100 par|[from] item: Sitrus Berry\n|move|p1a: Diancie|Iron Defense|p1a: Diancie\n|-boost|p1a: Diancie|def|2\n|move|p2b: Cresselia|Lunar Blessing|p2b: Cresselia|[spread] p2a,p2b\n|-heal|p2a: Snorlax|100\/100 par\n|-curestatus|p2a: Snorlax|par|[msg]\n|\n|upkeep\n|turn|3\n|\n|t:|1699988744\n|move|p2b: Cresselia|Helping Hand|p2a: Snorlax\n|-singleturn|p2a: Snorlax|Helping Hand|[of] p2b: Cresselia\n|move|p1b: Grimmsnarl|Thunder Wave|p2a: Snorlax\n|-status|p2a: Snorlax|par\n|move|p2a: Snorlax|High Horsepower|p1a: Diancie|[miss]\n|-miss|p2a: Snorlax|p1a: Diancie\n|move|p1a: Diancie|Substitute|p1a: Diancie\n|-start|p1a: Diancie|Substitute\n|-damage|p1a: Diancie|75\/100\n|\n|upkeep\n|turn|4\n|\n|t:|1699988763\n|-terastallize|p1a: Diancie|Grass\n|move|p2b: Cresselia|Helping Hand|p2a: Snorlax\n|-singleturn|p2a: Snorlax|Helping Hand|[of] p2b: Cresselia\n|move|p1b: Grimmsnarl|Parting Shot|p2a: Snorlax\n|-unboost|p2a: Snorlax|atk|1\n|-unboost|p2a: Snorlax|spa|1\n|\n|t:|1699988773\n|switch|p1b: Grafaiai|Grafaiai, F|100\/100|[from] Parting Shot\n|cant|p2a: Snorlax|par\n|move|p1a: Diancie|Calm Mind|p1a: Diancie\n|-boost|p1a: Diancie|spa|1\n|-boost|p1a: Diancie|spd|1\n|\n|upkeep\n|turn|5\n|\n|t:|1699988788\n|move|p1b: Grafaiai|Switcheroo|p2a: Snorlax\n|-activate|p1b: Grafaiai|move: Trick|[of] p2a: Snorlax\n|-item|p2a: Snorlax|Choice Specs|[from] move: Switcheroo\n|-enditem|p1b: Grafaiai|Choice Specs|[silent]|[from] move: Switcheroo\n|move|p2a: Snorlax|High Horsepower|p1a: Diancie\n|-resisted|p1a: Diancie\n|-activate|p1a: Diancie|move: Substitute|[damage]\n|move|p1a: Diancie|Calm Mind|p1a: Diancie\n|-boost|p1a: Diancie|spa|1\n|-boost|p1a: Diancie|spd|1\n|move|p2b: Cresselia|Lunar Blessing|p2b: Cresselia|[spread] p2a,p2b\n|-curestatus|p2a: Snorlax|par|[msg]\n|\n|-fieldend|move: Trick Room\n|upkeep\n|turn|6\n|\n|t:|1699988815\n|move|p1b: Grafaiai|Encore|p2b: Cresselia\n|-start|p2b: Cresselia|Encore\n|-enditem|p2b: Cresselia|Mental Herb\n|-end|p2b: Cresselia|Encore\n|move|p2b: Cresselia|Lunar Blessing||[still]|[spread] \n|-fail|p2b: Cresselia\n|move|p1a: Diancie|Iron Defense|p1a: Diancie\n|-boost|p1a: Diancie|def|2\n|move|p2a: Snorlax|High Horsepower|p1a: Diancie\n|-resisted|p1a: Diancie\n|-activate|p1a: Diancie|move: Substitute|[damage]\n|\n|upkeep\n|turn|7\n|\n|t:|1699988836\n|move|p1b: Grafaiai|Encore|p2b: Cresselia\n|-start|p2b: Cresselia|Encore\n|move|p2b: Cresselia|Lunar Blessing||[still]|[spread] \n|-fail|p2b: Cresselia\n|move|p1a: Diancie|Baton Pass|p1a: Diancie\n|\n|t:|1699988843\n|switch|p1a: Oranguru|Oranguru, F|100\/100|[from] Baton Pass\n|move|p2a: Snorlax|High Horsepower|p1a: Oranguru\n|-end|p1a: Oranguru|Substitute\n|\n|upkeep\n|turn|8\n|\n|t:|1699988871\n|move|p1b: Grafaiai|Parting Shot|p2a: Snorlax\n|-unboost|p2a: Snorlax|atk|1\n|-unboost|p2a: Snorlax|spa|1\n|\n|t:|1699988875\n|switch|p1b: Grimmsnarl|Grimmsnarl, M, shiny|100\/100|[from] Parting Shot\n|move|p2b: Cresselia|Lunar Blessing||[still]|[spread] \n|-fail|p2b: Cresselia\n|move|p1a: Oranguru|Yawn|p2a: Snorlax\n|-start|p2a: Snorlax|move: Yawn|[of] p1a: Oranguru\n|move|p2a: Snorlax|High Horsepower|p1a: Oranguru\n|-crit|p1a: Oranguru\n|-damage|p1a: Oranguru|0 fnt\n|faint|p1a: Oranguru\n|\n|-sideend|p1: Blue Syrius|Reflect\n|upkeep\n|n|!Blue Syrius|bluesyrius\n|inactive|Blue Syrius has 120 seconds left.\n|-message|Blue Syrius forfeited.\n|\n|win|Biggysmolls\n|raw|Blue Syrius's rating: 1126 &rarr; <strong>1101<\/strong><br \/>(-25 for losing)\n|raw|Biggysmolls's rating: 1132 &rarr; <strong>1157<\/strong><br \/>(+25 for winning)\n","uploadtime":1699988887,"views":5,"p1id":"bluesyrius","p2id":"biggysmolls","formatid":"gen9doublesou","rating":1101,"private":0,"password":""}