{"id":"gen9doublesou-1997519694","p1":"z693611670","p2":"musichat","format":"[Gen 9] Doubles OU","log":"|j|\u2606z693611670\n|j|\u2606musichat\n|t:|1700819255\n|gametype|doubles\n|player|p1|z693611670|emmet|1569\n|player|p2|musichat|guitarist|1392\n|teamsize|p1|6\n|teamsize|p2|6\n|gen|9\n|tier|[Gen 9] Doubles OU\n|rated|\n|rule|Species Clause: Limit one of each Pok\u00e9mon\n|rule|OHKO Clause: OHKO moves are banned\n|rule|Evasion Moves Clause: Evasion moves are banned\n|rule|Gravity Sleep Clause: The combination of sleep-inducing moves with imperfect accuracy and Gravity or Gigantamax Orbeetle are banned\n|rule|Endless Battle Clause: Forcing endless battles is banned\n|rule|HP Percentage Mod: HP is shown in percentages\n|clearpoke\n|poke|p1|Muk-Alola, M|\n|poke|p1|Scovillain, F|\n|poke|p1|Chansey, F|\n|poke|p1|Grimmsnarl, M|\n|poke|p1|Sinistcha-Masterpiece|\n|poke|p1|Toxapex, F|\n|poke|p2|Flutter Mane|\n|poke|p2|Landorus-Therian, M|\n|poke|p2|Gholdengo|\n|poke|p2|Iron Bundle|\n|poke|p2|Iron Hands|\n|poke|p2|Amoonguss, M|\n|teampreview\n|inactive|Battle timer is ON: inactive players will automatically lose when time's up. (requested by musichat)\n|\n|t:|1700819277\n|start\n|switch|p1a: Y'|Scovillain, F|100\/100\n|switch|p1b: Ame|Muk-Alola, M|100\/100\n|switch|p2a: Landorus|Landorus-Therian, M|100\/100\n|switch|p2b: Iron Hands|Iron Hands|100\/100\n|-ability|p2a: Landorus|Intimidate|boost\n|-unboost|p1a: Y'|atk|1\n|-unboost|p1b: Ame|atk|1\n|turn|1\n|j| fartking7\n|inactive|z693611670 has 120 seconds left.\n|\n|t:|1700819326\n|move|p1b: Ame|Protect|p1b: Ame\n|-singleturn|p1b: Ame|Protect\n|move|p2b: Iron Hands|Fake Out|p1a: Y'\n|-damage|p1a: Y'|77\/100\n|cant|p1a: Y'|flinch\n|move|p2a: Landorus|Stomping Tantrum|p1b: Ame\n|-activate|p1b: Ame|move: Protect\n|\n|-ability|p1a: Y'|Moody|boost\n|-boost|p1a: Y'|spe|2\n|-unboost|p1a: Y'|spa|1\n|upkeep\n|turn|2\n|inactive|z693611670 has 120 seconds left.\n|\n|t:|1700819348\n|move|p1a: Y'|Will-O-Wisp|p2a: Landorus\n|-status|p2a: Landorus|brn\n|move|p2a: Landorus|Stomping Tantrum|p1b: Ame\n|-supereffective|p1b: Ame\n|-damage|p1b: Ame|65\/100\n|move|p2b: Iron Hands|Close Combat|p1b: Ame\n|-damage|p1b: Ame|10\/100\n|-unboost|p2b: Iron Hands|def|1\n|-unboost|p2b: Iron Hands|spd|1\n|move|p1b: Ame|Acid Armor|p1b: Ame\n|-boost|p1b: Ame|def|2\n|\n|-heal|p1b: Ame|16\/100|[from] item: Leftovers\n|-damage|p2a: Landorus|94\/100 brn|[from] brn\n|-ability|p1a: Y'|Moody|boost\n|-boost|p1a: Y'|spa|2\n|-unboost|p1a: Y'|spd|1\n|upkeep\n|turn|3\n|\n|t:|1700819372\n|move|p1b: Ame|Protect|p1b: Ame\n|-singleturn|p1b: Ame|Protect\n|move|p1a: Y'|Will-O-Wisp|p2b: Iron Hands\n|-status|p2b: Iron Hands|brn\n|move|p2a: Landorus|Stomping Tantrum|p1a: Y'\n|-damage|p1a: Y'|45\/100\n|move|p2b: Iron Hands|Close Combat|p1a: Y'\n|-damage|p1a: Y'|0 fnt\n|-unboost|p2b: Iron Hands|def|1\n|-unboost|p2b: Iron Hands|spd|1\n|faint|p1a: Y'\n|-ability|p1b: Ame|Moody|[from] ability: Power of Alchemy|[of] p1a: Y'\n|\n|-heal|p1b: Ame|22\/100|[from] item: Leftovers\n|-damage|p2a: Landorus|88\/100 brn|[from] brn\n|-damage|p2b: Iron Hands|94\/100 brn|[from] brn\n|-ability|p1b: Ame|Moody|boost\n|-boost|p1b: Ame|spe|2\n|-unboost|p1b: Ame|def|1\n|upkeep\n|inactive|z693611670 has 120 seconds left.\n|\n|t:|1700819393\n|switch|p1a: nothingtosay|Sinistcha-Masterpiece|100\/100\n|-heal|p1b: Ame|47\/100|[from] ability: Hospitality|[of] p1a: nothingtosay\n|turn|4\n|inactive|z693611670 has 120 seconds left.\n|\n|t:|1700819410\n|move|p1a: nothingtosay|Rage Powder|p1a: nothingtosay\n|-singleturn|p1a: nothingtosay|move: Rage Powder\n|move|p1b: Ame|Acid Armor|p1b: Ame\n|-boost|p1b: Ame|def|2\n|move|p2a: Landorus|U-turn|p1a: nothingtosay\n|-damage|p1a: nothingtosay|91\/100\n|\n|t:|1700819419\n|switch|p2a: Amoonguss|Amoonguss, M|100\/100|[from] U-turn\n|move|p2b: Iron Hands|Ice Punch|p1a: nothingtosay\n|-supereffective|p1a: nothingtosay\n|-damage|p1a: nothingtosay|68\/100\n|\n|-heal|p1b: Ame|53\/100|[from] item: Leftovers\n|-heal|p1a: nothingtosay|74\/100|[from] item: Leftovers\n|-damage|p2b: Iron Hands|88\/100 brn|[from] brn\n|-ability|p1b: Ame|Moody|boost\n|-boost|p1b: Ame|def|2\n|-unboost|p1b: Ame|spa|1\n|upkeep\n|turn|5\n|\n|t:|1700819428\n|move|p1b: Ame|Substitute|p1b: Ame\n|-start|p1b: Ame|Substitute\n|-damage|p1b: Ame|28\/100\n|move|p1a: nothingtosay|Strength Sap|p2b: Iron Hands\n|-unboost|p2b: Iron Hands|atk|1\n|-heal|p1a: nothingtosay|100\/100\n|move|p2b: Iron Hands|Ice Punch|p1a: nothingtosay\n|-supereffective|p1a: nothingtosay\n|-damage|p1a: nothingtosay|85\/100\n|move|p2a: Amoonguss|Spore||[still]\n|-fail|p2a: Amoonguss\n|\n|-heal|p1b: Ame|34\/100|[from] item: Leftovers\n|-heal|p1a: nothingtosay|91\/100|[from] item: Leftovers\n|-damage|p2b: Iron Hands|82\/100 brn|[from] brn\n|-ability|p1b: Ame|Moody|boost\n|-boost|p1b: Ame|atk|2\n|-unboost|p1b: Ame|spa|1\n|upkeep\n|turn|6\n|\n|t:|1700819447\n|move|p1b: Ame|Knock Off|p2a: Amoonguss\n|-damage|p2a: Amoonguss|57\/100\n|-enditem|p2a: Amoonguss|Sitrus Berry|[from] move: Knock Off|[of] p1b: Ame\n|move|p1a: nothingtosay|Matcha Gotcha|p2b: Iron Hands|[spread] p2a,p2b\n|-resisted|p2a: Amoonguss\n|-damage|p2a: Amoonguss|52\/100\n|-heal|p1a: nothingtosay|94\/100|[from] drain|[of] p2a: Amoonguss\n|-damage|p2b: Iron Hands|58\/100 brn\n|-heal|p1a: nothingtosay|100\/100|[from] drain|[of] p2b: Iron Hands\n|move|p2b: Iron Hands|Close Combat|p1b: Ame\n|-crit|p1b: Ame\n|-end|p1b: Ame|Substitute\n|-unboost|p2b: Iron Hands|def|1\n|-unboost|p2b: Iron Hands|spd|1\n|move|p2a: Amoonguss|Clear Smog|p1b: Ame\n|-resisted|p1b: Ame\n|-damage|p1b: Ame|27\/100\n|-clearboost|p1b: Ame\n|\n|-heal|p1b: Ame|33\/100|[from] item: Leftovers\n|-damage|p2b: Iron Hands|51\/100 brn|[from] brn\n|-ability|p1b: Ame|Moody|boost\n|-boost|p1b: Ame|spa|2\n|-unboost|p1b: Ame|atk|1\n|upkeep\n|turn|7\n|\n|t:|1700819473\n|-end|p2b: Iron Hands|Quark Drive|[silent]\n|switch|p2b: Landorus|Landorus-Therian, M|88\/100 brn\n|-ability|p2b: Landorus|Intimidate|boost\n|-unboost|p1a: nothingtosay|atk|1\n|-unboost|p1b: Ame|atk|1\n|move|p1a: nothingtosay|Rage Powder|p1a: nothingtosay\n|-singleturn|p1a: nothingtosay|move: Rage Powder\n|move|p1b: Ame|Substitute|p1b: Ame\n|-start|p1b: Ame|Substitute\n|-damage|p1b: Ame|8\/100\n|move|p2a: Amoonguss|Pollen Puff|p1b: Ame\n|-activate|p1b: Ame|move: Substitute|[damage]\n|\n|-heal|p1b: Ame|15\/100|[from] item: Leftovers\n|-damage|p2b: Landorus|82\/100 brn|[from] brn\n|-ability|p1b: Ame|Moody|boost\n|-boost|p1b: Ame|def|2\n|-unboost|p1b: Ame|spa|1\n|upkeep\n|turn|8\n|\n|t:|1700819496\n|switch|p1a: xinq|Grimmsnarl, M|100\/100\n|move|p1b: Ame|Protect|p1b: Ame\n|-singleturn|p1b: Ame|Protect\n|move|p2b: Landorus|Stomping Tantrum|p1b: Ame\n|-activate|p1b: Ame|move: Protect\n|move|p2a: Amoonguss|Clear Smog|p1b: Ame\n|-activate|p1b: Ame|move: Protect\n|\n|-heal|p1b: Ame|21\/100|[from] item: Leftovers\n|-damage|p2b: Landorus|76\/100 brn|[from] brn\n|-ability|p1b: Ame|Moody|boost\n|-boost|p1b: Ame|spa|2\n|-unboost|p1b: Ame|atk|1\n|upkeep\n|turn|9\n|\n|t:|1700819518\n|move|p1a: xinq|Fake Out|p2b: Landorus\n|-damage|p2b: Landorus|65\/100 brn\n|cant|p2b: Landorus|flinch\n|move|p1b: Ame|Acid Armor|p1b: Ame\n|-boost|p1b: Ame|def|2\n|move|p2a: Amoonguss|Spore|p1a: xinq\n|-status|p1a: xinq|slp|[from] move: Spore\n|\n|-heal|p1b: Ame|27\/100|[from] item: Leftovers\n|-damage|p2b: Landorus|59\/100 brn|[from] brn\n|-ability|p1b: Ame|Moody|boost\n|-boost|p1b: Ame|spd|2\n|-unboost|p1b: Ame|def|1\n|upkeep\n|turn|10\n|inactive|z693611670 has 120 seconds left.\n|\n|t:|1700819551\n|switch|p1a: nothingtosay|Sinistcha-Masterpiece|100\/100\n|-heal|p1b: Ame|51\/100|[from] ability: Hospitality|[of] p1a: nothingtosay\n|move|p2b: Landorus|Stomping Tantrum|p1b: Ame\n|-supereffective|p1b: Ame\n|-end|p1b: Ame|Substitute\n|move|p1b: Ame|Acid Armor|p1b: Ame\n|-boost|p1b: Ame|def|2\n|move|p2a: Amoonguss|Clear Smog|p1b: Ame\n|-resisted|p1b: Ame\n|-damage|p1b: Ame|49\/100\n|-clearboost|p1b: Ame\n|\n|-heal|p1b: Ame|55\/100|[from] item: Leftovers\n|-damage|p2b: Landorus|53\/100 brn|[from] brn\n|-ability|p1b: Ame|Moody|boost\n|-boost|p1b: Ame|def|2\n|-unboost|p1b: Ame|spa|1\n|upkeep\n|turn|11\n|\n|t:|1700819574\n|move|p2b: Landorus|U-turn|p1a: nothingtosay\n|-damage|p1a: nothingtosay|89\/100\n|\n|t:|1700819590\n|switch|p2b: Gholdengo|Gholdengo|100\/100|[from] U-turn\n|move|p1a: nothingtosay|Matcha Gotcha|p2a: Amoonguss|[spread] p2a\n|-miss|p1a: nothingtosay|p2b: Gholdengo\n|-resisted|p2a: Amoonguss\n|-damage|p2a: Amoonguss|48\/100\n|-heal|p1a: nothingtosay|92\/100|[from] drain|[of] p2a: Amoonguss\n|move|p1b: Ame|Substitute|p1b: Ame\n|-start|p1b: Ame|Substitute\n|-damage|p1b: Ame|30\/100\n|move|p2a: Amoonguss|Pollen Puff|p2b: Gholdengo\n|-immune|p2b: Gholdengo\n|\n|-heal|p1a: nothingtosay|98\/100|[from] item: Leftovers\n|-heal|p1b: Ame|36\/100|[from] item: Leftovers\n|-ability|p1b: Ame|Moody|boost\n|-boost|p1b: Ame|spd|2\n|-unboost|p1b: Ame|spa|1\n|upkeep\n|turn|12\n|inactive|z693611670 has 120 seconds left.\n|\n|t:|1700819621\n|switch|p1a: faith_bian|Chansey, F|100\/100\n|move|p2b: Gholdengo|Make It Rain|p1a: faith_bian|[spread] p1a,p1b\n|-end|p1b: Ame|Substitute\n|-damage|p1a: faith_bian|82\/100\n|-unboost|p2b: Gholdengo|spa|1\n|move|p1b: Ame|Knock Off|p2b: Gholdengo\n|-supereffective|p2b: Gholdengo\n|-crit|p2b: Gholdengo\n|-damage|p2b: Gholdengo|0 fnt\n|-enditem|p2b: Gholdengo|Choice Specs|[from] move: Knock Off|[of] p1b: Ame\n|faint|p2b: Gholdengo\n|move|p2a: Amoonguss|Clear Smog|p1b: Ame\n|-resisted|p1b: Ame\n|-damage|p1b: Ame|33\/100\n|-clearboost|p1b: Ame\n|\n|-heal|p1b: Ame|39\/100|[from] item: Leftovers\n|-ability|p1b: Ame|Moody|boost\n|-boost|p1b: Ame|spa|2\n|-unboost|p1b: Ame|atk|1\n|upkeep\n|inactive|musichat has 120 seconds left.\n|\n|t:|1700819648\n|switch|p2b: Iron Hands|Iron Hands|51\/100 brn\n|turn|13\n|\n|t:|1700819672\n|-terastallize|p1a: faith_bian|Ghost\n|move|p1b: Ame|Protect|p1b: Ame\n|-singleturn|p1b: Ame|Protect\n|move|p2b: Iron Hands|Fake Out|p1a: faith_bian\n|-immune|p1a: faith_bian\n|move|p1a: faith_bian|Life Dew|p1a: faith_bian|[spread] p1a,p1b\n|-heal|p1a: faith_bian|100\/100\n|-heal|p1b: Ame|64\/100\n|move|p2a: Amoonguss|Spore|p1a: faith_bian\n|-status|p1a: faith_bian|slp|[from] move: Spore\n|\n|-heal|p1b: Ame|70\/100|[from] item: Leftovers\n|-damage|p2b: Iron Hands|45\/100 brn|[from] brn\n|-ability|p1b: Ame|Moody|boost\n|-boost|p1b: Ame|def|2\n|-unboost|p1b: Ame|spa|1\n|upkeep\n|turn|14\n|\n|t:|1700819692\n|-curestatus|p1a: faith_bian|slp|[from] ability: Natural Cure\n|switch|p1a: nothingtosay|Sinistcha-Masterpiece|98\/100\n|-heal|p1b: Ame|95\/100|[from] ability: Hospitality|[of] p1a: nothingtosay\n|move|p2b: Iron Hands|Close Combat|p1b: Ame\n|-damage|p1b: Ame|81\/100\n|-unboost|p2b: Iron Hands|def|1\n|-unboost|p2b: Iron Hands|spd|1\n|move|p1b: Ame|Substitute|p1b: Ame\n|-start|p1b: Ame|Substitute\n|-damage|p1b: Ame|56\/100\n|move|p2a: Amoonguss|Clear Smog|p1b: Ame\n|-resisted|p1b: Ame\n|-activate|p1b: Ame|move: Substitute|[damage]\n|\n|-heal|p1a: nothingtosay|100\/100|[from] item: Leftovers\n|-heal|p1b: Ame|62\/100|[from] item: Leftovers\n|-damage|p2b: Iron Hands|39\/100 brn|[from] brn\n|-ability|p1b: Ame|Moody|boost\n|-boost|p1b: Ame|spd|2\n|-unboost|p1b: Ame|atk|1\n|upkeep\n|turn|15\n|\n|t:|1700819721\n|-end|p2b: Iron Hands|Quark Drive|[silent]\n|switch|p2b: Landorus|Landorus-Therian, M|53\/100 brn\n|-ability|p2b: Landorus|Intimidate|boost\n|-unboost|p1a: nothingtosay|atk|1\n|-immune|p1b: Ame\n|move|p1a: nothingtosay|Matcha Gotcha|p2b: Landorus|[spread] p2a\n|-miss|p1a: nothingtosay|p2b: Landorus\n|-resisted|p2a: Amoonguss\n|-damage|p2a: Amoonguss|43\/100\n|move|p1b: Ame|Knock Off|p2b: Landorus\n|-damage|p2b: Landorus|35\/100 brn\n|-enditem|p2b: Landorus|Assault Vest|[from] move: Knock Off|[of] p1b: Ame\n|move|p2a: Amoonguss|Clear Smog|p1a: nothingtosay\n|-damage|p1a: nothingtosay|85\/100\n|-clearboost|p1a: nothingtosay\n|\n|-heal|p1a: nothingtosay|91\/100|[from] item: Leftovers\n|-heal|p1b: Ame|68\/100|[from] item: Leftovers\n|-damage|p2b: Landorus|29\/100 brn|[from] brn\n|-ability|p1b: Ame|Moody|boost\n|-boost|p1b: Ame|atk|2\n|-unboost|p1b: Ame|def|1\n|upkeep\n|turn|16\n|\n|t:|1700819746\n|move|p1b: Ame|Protect|p1b: Ame\n|-singleturn|p1b: Ame|Protect\n|move|p2b: Landorus|U-turn|p1a: nothingtosay\n|-damage|p1a: nothingtosay|81\/100\n|\n|t:|1700819753\n|switch|p2b: Iron Hands|Iron Hands|39\/100 brn|[from] U-turn\n|move|p1a: nothingtosay|Matcha Gotcha|p2a: Amoonguss|[spread] p2a,p2b\n|-resisted|p2a: Amoonguss\n|-damage|p2a: Amoonguss|38\/100\n|-heal|p1a: nothingtosay|84\/100|[from] drain|[of] p2a: Amoonguss\n|-damage|p2b: Iron Hands|25\/100 brn\n|-heal|p1a: nothingtosay|92\/100|[from] drain|[of] p2b: Iron Hands\n|move|p2a: Amoonguss|Clear Smog|p1a: nothingtosay\n|-damage|p1a: nothingtosay|77\/100\n|-clearboost|p1a: nothingtosay\n|\n|-heal|p1a: nothingtosay|83\/100|[from] item: Leftovers\n|-heal|p1b: Ame|74\/100|[from] item: Leftovers\n|-damage|p2b: Iron Hands|19\/100 brn|[from] brn\n|-ability|p1b: Ame|Moody|boost\n|-boost|p1b: Ame|def|2\n|-unboost|p1b: Ame|spe|1\n|upkeep\n|turn|17\n|\n|t:|1700819782\n|move|p1a: nothingtosay|Matcha Gotcha|p2a: Amoonguss|[spread] p2a,p2b\n|-resisted|p2a: Amoonguss\n|-damage|p2a: Amoonguss|32\/100\n|-heal|p1a: nothingtosay|86\/100|[from] drain|[of] p2a: Amoonguss\n|-damage|p2b: Iron Hands|8\/100 brn\n|-heal|p1a: nothingtosay|94\/100|[from] drain|[of] p2b: Iron Hands\n|move|p2b: Iron Hands|Ice Punch|p1a: nothingtosay\n|-supereffective|p1a: nothingtosay\n|-damage|p1a: nothingtosay|70\/100\n|-status|p1a: nothingtosay|frz\n|move|p2a: Amoonguss|Pollen Puff|p2b: Iron Hands\n|-heal|p2b: Iron Hands|58\/100 brn\n|move|p1b: Ame|Knock Off|p2a: Amoonguss\n|-damage|p2a: Amoonguss|14\/100\n|\n|-heal|p1a: nothingtosay|76\/100 frz|[from] item: Leftovers\n|-heal|p1b: Ame|80\/100|[from] item: Leftovers\n|-damage|p2b: Iron Hands|51\/100 brn|[from] brn\n|-ability|p1b: Ame|Moody|boost\n|-boost|p1b: Ame|spa|2\n|-unboost|p1b: Ame|spe|1\n|upkeep\n|turn|18\n|c|\u2606musichat|get fucked\n|\n|t:|1700819798\n|switch|p2a: Iron Bundle|Iron Bundle|100\/100\n|-enditem|p2a: Iron Bundle|Booster Energy\n|-activate|p2a: Iron Bundle|ability: Quark Drive|[fromitem]\n|-start|p2a: Iron Bundle|quarkdrivespe\n|-curestatus|p1a: nothingtosay|frz|[from] move: Matcha Gotcha\n|move|p1a: nothingtosay|Matcha Gotcha|p2a: Iron Bundle|[spread] p2a,p2b\n|-supereffective|p2a: Iron Bundle\n|-damage|p2a: Iron Bundle|10\/100\n|-heal|p1a: nothingtosay|100\/100|[from] drain|[of] p2a: Iron Bundle\n|-damage|p2b: Iron Hands|39\/100 brn\n|move|p2b: Iron Hands|Ice Punch|p1a: nothingtosay\n|-supereffective|p1a: nothingtosay\n|-damage|p1a: nothingtosay|79\/100\n|move|p1b: Ame|Knock Off|p2a: Iron Bundle\n|-crit|p2a: Iron Bundle\n|-damage|p2a: Iron Bundle|0 fnt\n|faint|p2a: Iron Bundle\n|-end|p2a: Iron Bundle|Quark Drive|[silent]\n|\n|-heal|p1a: nothingtosay|85\/100|[from] item: Leftovers\n|-heal|p1b: Ame|86\/100|[from] item: Leftovers\n|-damage|p2b: Iron Hands|33\/100 brn|[from] brn\n|-ability|p1b: Ame|Moody|boost\n|-boost|p1b: Ame|spd|2\n|-unboost|p1b: Ame|def|1\n|upkeep\n|-message|musichat forfeited.\n|\n|win|z693611670\n|raw|z693611670's rating: 1569 &rarr; <strong>1580<\/strong><br \/>(+11 for winning)\n|raw|musichat's rating: 1392 &rarr; <strong>1381<\/strong><br \/>(-11 for losing)\n","uploadtime":1700819791,"views":7,"p1id":"z693611670","p2id":"musichat","formatid":"gen9doublesou","rating":1381,"private":0,"password":""}