{"id":"gen9doublesou-1985115940","p1":"CodyReborn","p2":"tonyZ14","format":"[Gen 9] Doubles OU","log":"|j|\u2606CodyReborn\n|j|\u2606tonyZ14\n|t:|1699333063\n|gametype|doubles\n|player|p1|CodyReborn|pokemaniac|1310\n|player|p2|tonyZ14|supernerd|1291\n|teamsize|p1|6\n|teamsize|p2|6\n|gen|9\n|tier|[Gen 9] Doubles OU\n|rated|\n|rule|Species Clause: Limit one of each Pok\u00e9mon\n|rule|OHKO Clause: OHKO moves are banned\n|rule|Evasion Moves Clause: Evasion moves are banned\n|rule|Gravity Sleep Clause: The combination of sleep-inducing moves with imperfect accuracy and Gravity or Gigantamax Orbeetle are banned\n|rule|Endless Battle Clause: Forcing endless battles is banned\n|rule|HP Percentage Mod: HP is shown in percentages\n|clearpoke\n|poke|p1|Sylveon, F|\n|poke|p1|Milotic, F|\n|poke|p1|Kingambit, M|\n|poke|p1|Heatran, M|\n|poke|p1|Azumarill, M|\n|poke|p1|Dragapult, M|\n|poke|p2|Ninetales-Alola, M|\n|poke|p2|Moltres-Galar|\n|poke|p2|Baxcalibur, M|\n|poke|p2|Sinistcha-Masterpiece|\n|poke|p2|Walking Wake|\n|poke|p2|Ogerpon-Hearthflame, F|\n|teampreview\n|\n|t:|1699333083\n|start\n|switch|p1a: Azumarill|Azumarill, M, shiny|100\/100\n|switch|p1b: Heatran|Heatran, M, shiny|100\/100\n|switch|p2a: Ninetales|Ninetales-Alola, M|100\/100\n|switch|p2b: Moltres|Moltres-Galar|100\/100\n|-weather|Snow|[from] ability: Snow Warning|[of] p2a: Ninetales\n|turn|1\n|\n|t:|1699333101\n|move|p2b: Moltres|Fiery Wrath|p1a: Azumarill|[spread] p1a,p1b\n|-resisted|p1a: Azumarill\n|-damage|p1a: Azumarill|83\/100\n|-damage|p1b: Heatran|83\/100\n|move|p2a: Ninetales|Aurora Veil|p2a: Ninetales\n|-sidestart|p2: tonyZ14|move: Aurora Veil\n|cant|p1b: Heatran|flinch\n|move|p1a: Azumarill|Belly Drum|p1a: Azumarill\n|-damage|p1a: Azumarill|33\/100\n|-setboost|p1a: Azumarill|atk|6|[from] move: Belly Drum\n|-enditem|p1a: Azumarill|Sitrus Berry|[eat]\n|-heal|p1a: Azumarill|58\/100|[from] item: Sitrus Berry\n|\n|-weather|Snow|[upkeep]\n|-heal|p1b: Heatran|89\/100|[from] item: Leftovers\n|upkeep\n|turn|2\n|\n|t:|1699333131\n|move|p2b: Moltres|Fiery Wrath|p1a: Azumarill|[spread] p1a,p1b\n|-resisted|p1a: Azumarill\n|-damage|p1a: Azumarill|39\/100\n|-damage|p1b: Heatran|72\/100\n|move|p2a: Ninetales|Icy Wind|p1a: Azumarill|[spread] p1a,p1b\n|-resisted|p1a: Azumarill\n|-resisted|p1b: Heatran\n|-damage|p1a: Azumarill|33\/100\n|-damage|p1b: Heatran|70\/100\n|-unboost|p1a: Azumarill|spe|1\n|-unboost|p1b: Heatran|spe|1\n|move|p1b: Heatran|Magma Storm|p2a: Ninetales|[miss]\n|-miss|p1b: Heatran|p2a: Ninetales\n|cant|p1a: Azumarill|flinch\n|\n|-weather|Snow|[upkeep]\n|-heal|p1b: Heatran|76\/100|[from] item: Leftovers\n|upkeep\n|turn|3\n|c|\u2606CodyReborn|pokemon. 90 percent luck\n|\n|t:|1699333159\n|move|p2b: Moltres|Fiery Wrath|p1a: Azumarill|[spread] p1a,p1b\n|-resisted|p1a: Azumarill\n|-damage|p1a: Azumarill|13\/100\n|-damage|p1b: Heatran|57\/100\n|move|p2a: Ninetales|Blizzard|p1b: Heatran|[spread] p1a,p1b\n|-resisted|p1a: Azumarill\n|-resisted|p1b: Heatran\n|-damage|p1a: Azumarill|0 fnt\n|-damage|p1b: Heatran|54\/100\n|faint|p1a: Azumarill\n|move|p1b: Heatran|Magma Storm|p2a: Ninetales\n|-supereffective|p2a: Ninetales\n|-damage|p2a: Ninetales|42\/100\n|-activate|p2a: Ninetales|move: Magma Storm|[of] p1b: Heatran\n|\n|-weather|Snow|[upkeep]\n|-heal|p1b: Heatran|60\/100|[from] item: Leftovers\n|-damage|p2a: Ninetales|30\/100|[from] move: Magma Storm|[partiallytrapped]\n|upkeep\n|c|\u2606CodyReborn|unreal\n|\n|t:|1699333176\n|switch|p1a: Kingambit|Kingambit, M, shiny|100\/100\n|turn|4\n|\n|t:|1699333188\n|move|p2b: Moltres|Fiery Wrath|p1b: Heatran|[spread] p1a,p1b\n|-resisted|p1a: Kingambit\n|-damage|p1a: Kingambit|86\/100\n|-damage|p1b: Heatran|43\/100\n|move|p2a: Ninetales|Dazzling Gleam|p1b: Heatran|[spread] p1a,p1b\n|-resisted|p1b: Heatran\n|-damage|p1a: Kingambit|69\/100\n|-damage|p1b: Heatran|40\/100\n|move|p1a: Kingambit|Swords Dance|p1a: Kingambit\n|-boost|p1a: Kingambit|atk|2\n|move|p1b: Heatran|Magma Storm|p2b: Moltres|[miss]\n|-miss|p1b: Heatran|p2b: Moltres\n|\n|-weather|Snow|[upkeep]\n|-heal|p1b: Heatran|47\/100|[from] item: Leftovers\n|-damage|p2a: Ninetales|18\/100|[from] move: Magma Storm|[partiallytrapped]\n|upkeep\n|turn|5\n|c|\u2606CodyReborn|cant believe it\n|\n|t:|1699333213\n|move|p2b: Moltres|Fiery Wrath|p1b: Heatran|[spread] p1a,p1b\n|-resisted|p1a: Kingambit\n|-damage|p1a: Kingambit|54\/100\n|-damage|p1b: Heatran|29\/100\n|move|p2a: Ninetales|Dazzling Gleam|p1b: Heatran|[spread] p1a,p1b\n|-resisted|p1b: Heatran\n|-damage|p1a: Kingambit|38\/100\n|-damage|p1b: Heatran|27\/100\n|move|p1a: Kingambit|Kowtow Cleave|p2b: Moltres\n|-resisted|p2b: Moltres\n|-damage|p2b: Moltres|56\/100\n|cant|p1b: Heatran|flinch\n|\n|-weather|none\n|-heal|p2b: Moltres|62\/100|[from] item: Leftovers\n|-heal|p1b: Heatran|33\/100|[from] item: Leftovers\n|-damage|p2a: Ninetales|5\/100|[from] move: Magma Storm|[partiallytrapped]\n|upkeep\n|turn|6\n|\n|t:|1699333240\n|-terastallize|p1a: Kingambit|Dark\n|move|p1a: Kingambit|Sucker Punch|p2b: Moltres\n|-resisted|p2b: Moltres\n|-damage|p2b: Moltres|11\/100\n|-ability|p2b: Moltres|Berserk|boost\n|-boost|p2b: Moltres|spa|1\n|move|p2b: Moltres|Fiery Wrath|p1b: Heatran|[spread] p1a,p1b\n|-resisted|p1a: Kingambit\n|-damage|p1a: Kingambit|17\/100\n|-damage|p1b: Heatran|6\/100\n|move|p2a: Ninetales|Dazzling Gleam|p1b: Heatran|[spread] p1a,p1b\n|-supereffective|p1a: Kingambit\n|-resisted|p1b: Heatran\n|-damage|p1a: Kingambit|0 fnt\n|-damage|p1b: Heatran|4\/100\n|faint|p1a: Kingambit\n|move|p1b: Heatran|Earth Power|p2a: Ninetales\n|-damage|p2a: Ninetales|0 fnt\n|faint|p2a: Ninetales\n|\n|-heal|p2b: Moltres|17\/100|[from] item: Leftovers\n|-heal|p1b: Heatran|10\/100|[from] item: Leftovers\n|upkeep\n|c|\u2606CodyReborn|better suck someones dick, you got handed the W\n|-message|CodyReborn forfeited.\n|\n|win|tonyZ14\n|raw|CodyReborn's rating: 1310 &rarr; <strong>1289<\/strong><br \/>(-21 for losing)\n|raw|tonyZ14's rating: 1291 &rarr; <strong>1317<\/strong><br \/>(+26 for winning)\n","uploadtime":1699333259,"views":9,"p1id":"codyreborn","p2id":"tonyz14","formatid":"gen9doublesou","rating":1289,"private":0,"password":""}