{"id":"gen9doublesou-1971675700","p1":"FabioRMC4264","p2":"qurtana","format":"[Gen 9] Doubles OU","log":"|j|\u2606FabioRMC4264\n|j|\u2606qurtana\n|t:|1697759926\n|gametype|doubles\n|player|p1|FabioRMC4264|blue-lgpe|1493\n|player|p2|qurtana|266|1416\n|teamsize|p1|6\n|teamsize|p2|6\n|gen|9\n|tier|[Gen 9] Doubles OU\n|rated|\n|rule|Species Clause: Limit one of each Pok\u00e9mon\n|rule|OHKO Clause: OHKO moves are banned\n|rule|Evasion Moves Clause: Evasion moves are banned\n|rule|Gravity Sleep Clause: The combination of sleep-inducing moves with imperfect accuracy and Gravity or Gigantamax Orbeetle are banned\n|rule|Endless Battle Clause: Forcing endless battles is banned\n|rule|HP Percentage Mod: HP is shown in percentages\n|clearpoke\n|poke|p1|Flutter Mane|\n|poke|p1|Tornadus, M|\n|poke|p1|Amoonguss, F|\n|poke|p1|Chien-Pao|\n|poke|p1|Rillaboom, M|\n|poke|p1|Arcanine-Hisui, F|\n|poke|p2|Iron Hands|\n|poke|p2|Ogerpon-Hearthflame, F|\n|poke|p2|Sinistcha|\n|poke|p2|Slither Wing|\n|poke|p2|Great Tusk|\n|poke|p2|Clefairy, M|\n|teampreview\n|inactive|Battle timer is ON: inactive players will automatically lose when time's up. (requested by qurtana)\n|\n|t:|1697759945\n|start\n|switch|p1a: Tornadus|Tornadus, M|100\/100\n|switch|p1b: Arcanine|Arcanine-Hisui, F|100\/100\n|switch|p2a: Clefairy|Clefairy, M|100\/100\n|switch|p2b: Iron Hands|Iron Hands|100\/100\n|-ability|p1b: Arcanine|Intimidate|boost\n|-unboost|p2a: Clefairy|atk|1\n|-unboost|p2b: Iron Hands|atk|1\n|turn|1\n|\n|t:|1697759972\n|move|p2b: Iron Hands|Fake Out|p1b: Arcanine\n|-resisted|p1b: Arcanine\n|-damage|p1b: Arcanine|95\/100\n|move|p1a: Tornadus|Tailwind|p1a: Tornadus\n|-sidestart|p1: FabioRMC4264|move: Tailwind\n|cant|p1b: Arcanine|flinch\n|move|p2a: Clefairy|Reflect|p2a: Clefairy\n|-sidestart|p2: qurtana|Reflect\n|\n|upkeep\n|turn|2\n|\n|t:|1697759992\n|move|p1a: Tornadus|Bleakwind Storm|p2a: Clefairy|[spread] p2a,p2b\n|-damage|p2a: Clefairy|81\/100\n|-damage|p2b: Iron Hands|90\/100\n|-unboost|p2a: Clefairy|spe|1\n|-unboost|p2b: Iron Hands|spe|1\n|move|p1b: Arcanine|Rock Slide|p2a: Clefairy|[spread] p2b\n|-miss|p1b: Arcanine|p2a: Clefairy\n|-resisted|p2b: Iron Hands\n|-damage|p2b: Iron Hands|84\/100\n|move|p2b: Iron Hands|Wild Charge|p1a: Tornadus\n|-supereffective|p1a: Tornadus\n|-damage|p1a: Tornadus|14\/100\n|-damage|p2b: Iron Hands|67\/100|[from] Recoil\n|move|p2a: Clefairy|Light Screen|p2a: Clefairy\n|-sidestart|p2: qurtana|move: Light Screen\n|\n|upkeep\n|turn|3\n|\n|t:|1697760010\n|move|p1a: Tornadus|Protect|p1a: Tornadus\n|-singleturn|p1a: Tornadus|Protect\n|move|p1b: Arcanine|Rock Slide|p2b: Iron Hands|[spread] p2a,p2b\n|-resisted|p2b: Iron Hands\n|-damage|p2a: Clefairy|61\/100\n|-damage|p2b: Iron Hands|62\/100\n|move|p2b: Iron Hands|Wild Charge|p1a: Tornadus\n|-activate|p1a: Tornadus|move: Protect\n|move|p2a: Clefairy|Stealth Rock|p1b: Arcanine\n|-sidestart|p1: FabioRMC4264|move: Stealth Rock\n|\n|upkeep\n|turn|4\n|\n|t:|1697760024\n|switch|p1a: trick roomn't|Amoonguss, F|100\/100\n|-damage|p1a: trick roomn't|88\/100|[from] Stealth Rock\n|move|p1b: Arcanine|Rock Slide|p2b: Iron Hands|[spread] p2a,p2b\n|-resisted|p2b: Iron Hands\n|-damage|p2a: Clefairy|41\/100\n|-damage|p2b: Iron Hands|58\/100\n|move|p2b: Iron Hands|Wild Charge|p1a: trick roomn't\n|-resisted|p1a: trick roomn't\n|-damage|p1a: trick roomn't|74\/100\n|-damage|p2b: Iron Hands|41\/100|[from] item: Rocky Helmet|[of] p1a: trick roomn't\n|-damage|p2b: Iron Hands|38\/100|[from] Recoil\n|move|p2a: Clefairy|Stealth Rock||[still]\n|-fail|p2a: Clefairy\n|\n|-sideend|p1: FabioRMC4264|move: Tailwind\n|upkeep\n|turn|5\n|\n|t:|1697760043\n|move|p1b: Arcanine|Rock Slide|p2b: Iron Hands|[spread] p2a,p2b\n|-resisted|p2b: Iron Hands\n|-crit|p2b: Iron Hands\n|-damage|p2a: Clefairy|21\/100\n|-damage|p2b: Iron Hands|27\/100\n|move|p2b: Iron Hands|Drain Punch|p1b: Arcanine\n|-supereffective|p1b: Arcanine\n|-damage|p1b: Arcanine|41\/100\n|-heal|p2b: Iron Hands|49\/100|[from] drain|[of] p1b: Arcanine\n|move|p1a: trick roomn't|Spore|p2b: Iron Hands\n|-status|p2b: Iron Hands|slp|[from] move: Spore\n|move|p2a: Clefairy|Night Shade|p1b: Arcanine\n|-damage|p1b: Arcanine|14\/100\n|\n|-sideend|p2: qurtana|Reflect\n|upkeep\n|turn|6\n|\n|t:|1697760061\n|move|p1b: Arcanine|Rock Slide|p2b: Iron Hands|[spread] p2a,p2b\n|-resisted|p2b: Iron Hands\n|-damage|p2a: Clefairy|0 fnt\n|-damage|p2b: Iron Hands|43\/100 slp\n|faint|p2a: Clefairy\n|cant|p2b: Iron Hands|slp\n|move|p1a: trick roomn't|Spore|p2b: Iron Hands\n|-fail|p2b: Iron Hands|slp\n|\n|-sideend|p2: qurtana|move: Light Screen\n|upkeep\n|\n|t:|1697760067\n|switch|p2a: Ogerpon|Ogerpon-Hearthflame, F|100\/100\n|-ability|p2a: Ogerpon|Mold Breaker\n|turn|7\n|\n|t:|1697760079\n|-terastallize|p1a: trick roomn't|Water\n|move|p2a: Ogerpon|Ivy Cudgel|p1a: trick roomn't\n|-resisted|p1a: trick roomn't\n|-damage|p1a: trick roomn't|51\/100\n|move|p1b: Arcanine|Rock Slide|p2b: Iron Hands|[spread] p2a,p2b\n|-supereffective|p2a: Ogerpon\n|-resisted|p2b: Iron Hands\n|-damage|p2a: Ogerpon|30\/100\n|-damage|p2b: Iron Hands|34\/100 slp\n|cant|p2b: Iron Hands|slp\n|move|p1a: trick roomn't|Pollen Puff|p1b: Arcanine\n|-heal|p1b: Arcanine|64\/100\n|\n|upkeep\n|turn|8\n|\n|t:|1697760109\n|switch|p1a: Tornadus|Tornadus, M|14\/100\n|-damage|p1a: Tornadus|0 fnt|[from] Stealth Rock\n|faint|p1a: Tornadus\n|move|p2a: Ogerpon|Horn Leech|p1b: Arcanine\n|-damage|p1b: Arcanine|19\/100\n|-heal|p2a: Ogerpon|58\/100|[from] drain|[of] p1b: Arcanine\n|move|p1b: Arcanine|Rock Slide|p2b: Iron Hands|[spread] p2a,p2b\n|-supereffective|p2a: Ogerpon\n|-resisted|p2b: Iron Hands\n|-damage|p2a: Ogerpon|0 fnt\n|-damage|p2b: Iron Hands|24\/100 slp\n|faint|p2a: Ogerpon\n|cant|p2b: Iron Hands|slp\n|\n|upkeep\n|\n|t:|1697760126\n|switch|p1a: trick roomn't|Amoonguss, F, tera:Water|84\/100\n|switch|p2a: Sinistcha|Sinistcha|100\/100\n|-heal|p2b: Iron Hands|49\/100 slp|[from] ability: Hospitality|[of] p2a: Sinistcha\n|-damage|p1a: trick roomn't|72\/100|[from] Stealth Rock\n|turn|9\n|\n|t:|1697760137\n|-terastallize|p2a: Sinistcha|Fairy\n|move|p2a: Sinistcha|Matcha Gotcha|p1b: Arcanine|[spread] p1b\n|-miss|p2a: Sinistcha|p1a: trick roomn't\n|-damage|p1b: Arcanine|1\/100\n|move|p1b: Arcanine|Flare Blitz|p2a: Sinistcha\n|-damage|p2a: Sinistcha|38\/100\n|-damage|p1b: Arcanine|0 fnt|[from] Recoil\n|faint|p1b: Arcanine\n|-curestatus|p2b: Iron Hands|slp|[msg]\n|move|p2b: Iron Hands|Drain Punch|p1a: trick roomn't\n|-damage|p1a: trick roomn't|47\/100\n|-heal|p2b: Iron Hands|61\/100|[from] drain|[of] p1a: trick roomn't\n|-damage|p2b: Iron Hands|44\/100|[from] item: Rocky Helmet|[of] p1a: trick roomn't\n|move|p1a: trick roomn't|Spore|p2b: Iron Hands\n|-status|p2b: Iron Hands|slp|[from] move: Spore\n|\n|upkeep\n|\n|t:|1697760158\n|switch|p1b: Rillaboom|Rillaboom, M|100\/100\n|-damage|p1b: Rillaboom|88\/100|[from] Stealth Rock\n|-fieldstart|move: Grassy Terrain|[from] ability: Grassy Surge|[of] p1b: Rillaboom\n|turn|10\n|\n|t:|1697760183\n|-end|p2b: Iron Hands|Quark Drive|[silent]\n|switch|p2b: Slither Wing|Slither Wing|100\/100\n|move|p1b: Rillaboom|Wood Hammer|p2a: Sinistcha\n|-damage|p2a: Sinistcha|0 fnt\n|faint|p2a: Sinistcha\n|-damage|p1b: Rillaboom|78\/100|[from] Recoil\n|move|p1a: trick roomn't|Spore|p2b: Slither Wing\n|-status|p2b: Slither Wing|slp|[from] move: Spore\n|\n|-heal|p1b: Rillaboom|84\/100|[from] Grassy Terrain\n|-heal|p1a: trick roomn't|54\/100|[from] Grassy Terrain\n|upkeep\n|\n|t:|1697760190\n|switch|p2a: Great Tusk|Great Tusk|100\/100\n|turn|11\n|\n|t:|1697760213\n|move|p1a: trick roomn't|Rage Powder|p1a: trick roomn't\n|-singleturn|p1a: trick roomn't|move: Rage Powder\n|move|p1b: Rillaboom|Wood Hammer|p2a: Great Tusk\n|-supereffective|p2a: Great Tusk\n|-damage|p2a: Great Tusk|0 fnt\n|faint|p2a: Great Tusk\n|-end|p2a: Great Tusk|Protosynthesis|[silent]\n|-damage|p1b: Rillaboom|48\/100|[from] Recoil\n|cant|p2b: Slither Wing|slp\n|\n|-heal|p1b: Rillaboom|54\/100|[from] Grassy Terrain\n|-heal|p1a: trick roomn't|60\/100|[from] Grassy Terrain\n|upkeep\n|\n|t:|1697760218\n|switch|p2a: Iron Hands|Iron Hands|44\/100 slp\n|turn|12\n|\n|t:|1697760231\n|move|p1b: Rillaboom|Wood Hammer|p2a: Iron Hands\n|-damage|p2a: Iron Hands|0 fnt\n|faint|p2a: Iron Hands\n|-end|p2a: Iron Hands|Quark Drive|[silent]\n|-damage|p1b: Rillaboom|35\/100|[from] Recoil\n|cant|p2b: Slither Wing|slp\n|move|p1a: trick roomn't|Pollen Puff|p1b: Rillaboom\n|-heal|p1b: Rillaboom|85\/100\n|\n|-heal|p1b: Rillaboom|91\/100|[from] Grassy Terrain\n|-heal|p1a: trick roomn't|66\/100|[from] Grassy Terrain\n|upkeep\n|turn|13\n|-message|qurtana forfeited.\n|\n|win|FabioRMC4264\n|raw|FabioRMC4264's rating: 1493 &rarr; <strong>1509<\/strong><br \/>(+16 for winning)\n|raw|qurtana's rating: 1416 &rarr; <strong>1400<\/strong><br \/>(-16 for losing)\n|l|\u2606qurtana\n","uploadtime":1697760252,"views":12,"p1id":"fabiormc4264","p2id":"qurtana","formatid":"gen9doublesou","rating":1400,"private":0,"password":""}