{"id":"gen9doublesou-1972356881","p1":"Kevin Dickey12","p2":"Wookiebacon","format":"[Gen 9] Doubles OU","log":"|j|\u2606Kevin Dickey12\n|j|\u2606Wookiebacon\n|t:|1697834451\n|gametype|doubles\n|player|p1|Kevin Dickey12|nate|\n|player|p2|Wookiebacon|iris|\n|teamsize|p1|6\n|teamsize|p2|6\n|gen|9\n|tier|[Gen 9] Doubles OU\n|rule|Species Clause: Limit one of each Pok\u00e9mon\n|rule|OHKO Clause: OHKO moves are banned\n|rule|Evasion Moves Clause: Evasion moves are banned\n|rule|Gravity Sleep Clause: The combination of sleep-inducing moves with imperfect accuracy and Gravity or Gigantamax Orbeetle are banned\n|rule|Endless Battle Clause: Forcing endless battles is banned\n|rule|HP Percentage Mod: HP is shown in percentages\n|clearpoke\n|poke|p1|Walking Wake|\n|poke|p1|Maushold-Four|\n|poke|p1|Hippowdon, F|\n|poke|p1|Bronzong|\n|poke|p1|Ninetales, M|\n|poke|p1|Enamorus, F|\n|poke|p2|Sylveon, F|\n|poke|p2|Iron Bundle|\n|poke|p2|Dragonite, F|\n|poke|p2|Amoonguss, F|\n|poke|p2|Donphan, M|\n|poke|p2|Scizor, M|\n|teampreview\n|\n|t:|1697834486\n|start\n|switch|p1a: Bronzong|Bronzong, shiny|100\/100\n|switch|p1b: Hippowdon|Hippowdon, F|100\/100\n|switch|p2a: Ryuko Tatsuma|Dragonite, F|100\/100\n|switch|p2b: Fat Gum|Donphan, M|100\/100\n|turn|1\n|\n|t:|1697834514\n|move|p2a: Ryuko Tatsuma|Dragon Dance|p2a: Ryuko Tatsuma\n|-boost|p2a: Ryuko Tatsuma|atk|1\n|-boost|p2a: Ryuko Tatsuma|spe|1\n|move|p2b: Fat Gum|Knock Off|p1a: Bronzong\n|-supereffective|p1a: Bronzong\n|-damage|p1a: Bronzong|21\/100\n|-enditem|p1a: Bronzong|Light Clay|[from] move: Knock Off|[of] p2b: Fat Gum\n|move|p1b: Hippowdon|Stealth Rock|p2a: Ryuko Tatsuma\n|-sidestart|p2: Wookiebacon|move: Stealth Rock\n|move|p1a: Bronzong|Reflect|p1a: Bronzong\n|-sidestart|p1: Kevin Dickey12|Reflect\n|\n|upkeep\n|turn|2\n|\n|t:|1697834535\n|switch|p1a: Enamorus|Enamorus, F, shiny|100\/100\n|move|p2a: Ryuko Tatsuma|Brick Break|p1b: Hippowdon\n|-sideend|p1: Kevin Dickey12|Reflect\n|-damage|p1b: Hippowdon|76\/100\n|move|p2b: Fat Gum|Knock Off|p1a: Enamorus\n|-resisted|p1a: Enamorus\n|-damage|p1a: Enamorus|59\/100\n|-enditem|p1a: Enamorus|Life Orb|[from] move: Knock Off|[of] p2b: Fat Gum\n|move|p1b: Hippowdon|Rock Slide|p2b: Fat Gum|[spread] p2a\n|-miss|p1b: Hippowdon|p2b: Fat Gum\n|-supereffective|p2a: Ryuko Tatsuma\n|-damage|p2a: Ryuko Tatsuma|84\/100\n|\n|upkeep\n|turn|3\n|\n|t:|1697834563\n|switch|p2b: Tetsu Tetsu|Scizor, M|100\/100\n|-damage|p2b: Tetsu Tetsu|88\/100|[from] Stealth Rock\n|move|p2a: Ryuko Tatsuma|Waterfall|p1b: Hippowdon\n|-supereffective|p1b: Hippowdon\n|-damage|p1b: Hippowdon|31\/100\n|-enditem|p1b: Hippowdon|Sitrus Berry|[eat]\n|-heal|p1b: Hippowdon|56\/100|[from] item: Sitrus Berry\n|move|p1a: Enamorus|Dazzling Gleam|p2b: Tetsu Tetsu|[spread] p2a,p2b\n|-supereffective|p2a: Ryuko Tatsuma\n|-resisted|p2b: Tetsu Tetsu\n|-damage|p2a: Ryuko Tatsuma|19\/100\n|-damage|p2b: Tetsu Tetsu|70\/100\n|move|p1b: Hippowdon|Slack Off|p1b: Hippowdon\n|-heal|p1b: Hippowdon|100\/100\n|\n|upkeep\n|turn|4\n|j| GoDDanteX\n|\n|t:|1697834587\n|move|p2b: Tetsu Tetsu|Bullet Punch|p1a: Enamorus\n|-supereffective|p1a: Enamorus\n|-damage|p1a: Enamorus|0 fnt\n|faint|p1a: Enamorus\n|-damage|p2b: Tetsu Tetsu|60\/100|[from] item: Life Orb\n|move|p2a: Ryuko Tatsuma|Waterfall|p1b: Hippowdon\n|-supereffective|p1b: Hippowdon\n|-damage|p1b: Hippowdon|50\/100\n|move|p1b: Hippowdon|Earthquake|p2b: Tetsu Tetsu|[spread] p2b\n|-immune|p2a: Ryuko Tatsuma\n|-damage|p2b: Tetsu Tetsu|33\/100\n|\n|upkeep\n|\n|t:|1697834616\n|switch|p1a: Maushold|Maushold-Four, shiny|100\/100\n|turn|5\n|\n|t:|1697834635\n|move|p1a: Maushold|Helping Hand|p1b: Hippowdon\n|-singleturn|p1b: Hippowdon|Helping Hand|[of] p1a: Maushold\n|move|p2a: Ryuko Tatsuma|Brick Break|p1a: Maushold\n|-supereffective|p1a: Maushold\n|-enditem|p1a: Maushold|Focus Sash\n|-damage|p1a: Maushold|1\/100\n|move|p2b: Tetsu Tetsu|Aerial Ace|p1b: Hippowdon\n|-damage|p1b: Hippowdon|33\/100\n|-damage|p2b: Tetsu Tetsu|24\/100|[from] item: Life Orb\n|move|p1b: Hippowdon|Rock Slide|p2b: Tetsu Tetsu|[spread] p2a\n|-miss|p1b: Hippowdon|p2b: Tetsu Tetsu\n|-supereffective|p2a: Ryuko Tatsuma\n|-damage|p2a: Ryuko Tatsuma|0 fnt\n|faint|p2a: Ryuko Tatsuma\n|\n|upkeep\n|\n|t:|1697834653\n|switch|p2a: Kinoko Komori|Amoonguss, F|100\/100\n|-damage|p2a: Kinoko Komori|88\/100|[from] Stealth Rock\n|turn|6\n|\n|t:|1697834675\n|move|p1a: Maushold|Follow Me|p1a: Maushold\n|-singleturn|p1a: Maushold|move: Follow Me\n|move|p2b: Tetsu Tetsu|Bullet Punch|p1a: Maushold\n|-damage|p1a: Maushold|0 fnt\n|faint|p1a: Maushold\n|-damage|p2b: Tetsu Tetsu|14\/100|[from] item: Life Orb\n|move|p2a: Kinoko Komori|Spore|p1b: Hippowdon\n|-status|p1b: Hippowdon|slp|[from] move: Spore\n|cant|p1b: Hippowdon|slp\n|\n|upkeep\n|\n|t:|1697834689\n|switch|p1a: Ninetales|Ninetales, M, shiny|100\/100\n|-weather|SunnyDay|[from] ability: Drought|[of] p1a: Ninetales\n|turn|7\n|\n|t:|1697834742\n|switch|p2a: Fat Gum|Donphan, M|100\/100\n|-damage|p2a: Fat Gum|94\/100|[from] Stealth Rock\n|switch|p1b: Bronzong|Bronzong, shiny|21\/100\n|-terastallize|p1a: Ninetales|Fire\n|move|p1a: Ninetales|Heat Wave|p2b: Tetsu Tetsu|[spread] p2a,p2b\n|-supereffective|p2b: Tetsu Tetsu\n|-damage|p2a: Fat Gum|27\/100\n|-damage|p2b: Tetsu Tetsu|0 fnt\n|faint|p2b: Tetsu Tetsu\n|\n|-weather|SunnyDay|[upkeep]\n|upkeep\n|\n|t:|1697834755\n|switch|p2b: Hatsume's Creation|Iron Bundle|100\/100\n|-damage|p2b: Hatsume's Creation|76\/100|[from] Stealth Rock\n|turn|8\n|\n|t:|1697834809\n|move|p1a: Ninetales|Protect|p1a: Ninetales\n|-singleturn|p1a: Ninetales|Protect\n|move|p2b: Hatsume's Creation|Ice Beam|p1b: Bronzong\n|-resisted|p1b: Bronzong\n|-damage|p1b: Bronzong|0 fnt\n|faint|p1b: Bronzong\n|move|p2a: Fat Gum|Earthquake|p1a: Ninetales|[spread] p2b\n|-activate|p1a: Ninetales|move: Protect\n|-damage|p2b: Hatsume's Creation|9\/100\n|\n|-weather|SunnyDay|[upkeep]\n|upkeep\n|\n|t:|1697834822\n|switch|p1b: Walking Wake|Walking Wake|100\/100\n|-activate|p1b: Walking Wake|ability: Protosynthesis\n|-start|p1b: Walking Wake|protosynthesisspa\n|turn|9\n|\n|t:|1697834839\n|move|p2b: Hatsume's Creation|Ice Beam|p1b: Walking Wake\n|-damage|p1b: Walking Wake|44\/100\n|move|p1b: Walking Wake|Flamethrower|p2b: Hatsume's Creation\n|-damage|p2b: Hatsume's Creation|0 fnt\n|faint|p2b: Hatsume's Creation\n|-end|p2b: Hatsume's Creation|Quark Drive|[silent]\n|move|p1a: Ninetales|Heat Wave|p2a: Fat Gum\n|-damage|p2a: Fat Gum|0 fnt\n|faint|p2a: Fat Gum\n|\n|-weather|SunnyDay|[upkeep]\n|upkeep\n|\n|t:|1697834848\n|switch|p2b: Kinoko Komori|Amoonguss, F|88\/100\n|switch|p2a: Nejire Hado|Sylveon, F, shiny|100\/100\n|-damage|p2b: Kinoko Komori|75\/100|[from] Stealth Rock\n|-damage|p2a: Nejire Hado|88\/100|[from] Stealth Rock\n|turn|10\n|\n|t:|1697834871\n|move|p1b: Walking Wake|Hydro Steam|p2a: Nejire Hado\n|-damage|p2a: Nejire Hado|35\/100\n|move|p1a: Ninetales|Heat Wave|p2a: Nejire Hado|[spread] p2a,p2b\n|-supereffective|p2b: Kinoko Komori\n|-damage|p2a: Nejire Hado|0 fnt\n|-damage|p2b: Kinoko Komori|0 fnt\n|faint|p2a: Nejire Hado\n|faint|p2b: Kinoko Komori\n|\n|win|Kevin Dickey12\n","uploadtime":1697834878,"views":23,"p1id":"kevindickey12","p2id":"wookiebacon","formatid":"gen9doublesou","rating":0,"private":0,"password":""}