{"id":"gen9doublesou-1996851206","p1":"RLisanidiot","p2":"Portugas","format":"[Gen 9] Doubles OU","log":"|j|\u2606RLisanidiot\n|j|\u2606Portugas\n|t:|1700735369\n|gametype|doubles\n|player|p1|RLisanidiot|unknownf|1291\n|player|p2|Portugas|265|1457\n|teamsize|p1|6\n|teamsize|p2|6\n|gen|9\n|tier|[Gen 9] Doubles OU\n|rated|\n|rule|Species Clause: Limit one of each Pok\u00e9mon\n|rule|OHKO Clause: OHKO moves are banned\n|rule|Evasion Moves Clause: Evasion moves are banned\n|rule|Gravity Sleep Clause: The combination of sleep-inducing moves with imperfect accuracy and Gravity or Gigantamax Orbeetle are banned\n|rule|Endless Battle Clause: Forcing endless battles is banned\n|rule|HP Percentage Mod: HP is shown in percentages\n|clearpoke\n|poke|p1|Ninetales-Alola, F|\n|poke|p1|Chien-Pao|\n|poke|p1|Flutter Mane|\n|poke|p1|Tornadus, M|\n|poke|p1|Pachirisu, M|\n|poke|p1|Landorus-Therian, M|\n|poke|p2|Flutter Mane|\n|poke|p2|Torkoal, M|\n|poke|p2|Indeedee-F, F|\n|poke|p2|Lilligant-Hisui, F|\n|poke|p2|Sneasler, F|\n|poke|p2|Walking Wake|\n|teampreview\n|inactive|Battle timer is ON: inactive players will automatically lose when time's up. (requested by RLisanidiot)\n|inactive|Portugas has 120 seconds left.\n|\n|t:|1700735418\n|start\n|switch|p1a: Tornadus|Tornadus, M|100\/100\n|switch|p1b: Landorus|Landorus-Therian, M, shiny|100\/100\n|switch|p2a: Walking Wake|Walking Wake|100\/100\n|switch|p2b: Torkoal|Torkoal, M|100\/100\n|-ability|p1b: Landorus|Intimidate|boost\n|-unboost|p2a: Walking Wake|atk|1\n|-unboost|p2b: Torkoal|atk|1\n|-weather|SunnyDay|[from] ability: Drought|[of] p2b: Torkoal\n|-activate|p2a: Walking Wake|ability: Protosynthesis\n|-start|p2a: Walking Wake|protosynthesisspe\n|turn|1\n|inactive|Portugas has 120 seconds left.\n|\n|t:|1700735455\n|-terastallize|p2a: Walking Wake|Ice\n|-terastallize|p1b: Landorus|Water\n|move|p1a: Tornadus|Rain Dance|p1a: Tornadus\n|-weather|RainDance\n|-end|p2a: Walking Wake|Protosynthesis\n|move|p1b: Landorus|Sandsear Storm|p2b: Torkoal|[spread] p2a,p2b\n|-supereffective|p2b: Torkoal\n|-damage|p2a: Walking Wake|73\/100\n|-damage|p2b: Torkoal|5\/100\n|move|p2a: Walking Wake|Tera Blast|p1b: Landorus|[anim] Tera Blast Ice\n|-resisted|p1b: Landorus\n|-damage|p1b: Landorus|79\/100\n|move|p2b: Torkoal|Stealth Rock|p1a: Tornadus\n|-sidestart|p1: RLisanidiot|move: Stealth Rock\n|\n|-weather|RainDance|[upkeep]\n|upkeep\n|turn|2\n|inactive|Portugas has 120 seconds left.\n|\n|t:|1700735484\n|switch|p2b: Lilligant|Lilligant-Hisui, F|100\/100\n|move|p1b: Landorus|Sandsear Storm|p2b: Lilligant|[spread] p2a,p2b\n|-resisted|p2b: Lilligant\n|-damage|p2a: Walking Wake|47\/100\n|-damage|p2b: Lilligant|76\/100\n|move|p2a: Walking Wake|Tera Blast|p1a: Tornadus|[anim] Tera Blast Ice\n|-supereffective|p1a: Tornadus\n|-damage|p1a: Tornadus|26\/100\n|move|p1a: Tornadus|Bleakwind Storm|p2a: Walking Wake|[spread] p2a,p2b\n|-supereffective|p2b: Lilligant\n|-damage|p2a: Walking Wake|21\/100\n|-damage|p2b: Lilligant|0 fnt\n|faint|p2b: Lilligant\n|\n|-weather|RainDance|[upkeep]\n|upkeep\n|\n|t:|1700735500\n|switch|p2b: Sneasler|Sneasler, F|100\/100\n|turn|3\n|inactive|Portugas has 120 seconds left.\n|\n|t:|1700735511\n|switch|p2b: Torkoal|Torkoal, M|5\/100\n|-weather|SunnyDay|[from] ability: Drought|[of] p2b: Torkoal\n|-activate|p2a: Walking Wake|ability: Protosynthesis\n|-start|p2a: Walking Wake|protosynthesisspe\n|move|p1a: Tornadus|Tailwind|p1a: Tornadus\n|-sidestart|p1: RLisanidiot|move: Tailwind\n|move|p1b: Landorus|Sandsear Storm|p2a: Walking Wake|[spread] p2a,p2b\n|-supereffective|p2b: Torkoal\n|-damage|p2a: Walking Wake|0 fnt\n|-damage|p2b: Torkoal|0 fnt\n|faint|p2a: Walking Wake\n|-end|p2a: Walking Wake|Protosynthesis|[silent]\n|faint|p2b: Torkoal\n|\n|-weather|SunnyDay|[upkeep]\n|upkeep\n|inactive|Portugas has 120 seconds left.\n|\n|t:|1700735532\n|switch|p2a: Indeedee|Indeedee-F, F|100\/100\n|switch|p2b: Sneasler|Sneasler, F|100\/100\n|-fieldstart|move: Psychic Terrain|[from] ability: Psychic Surge|[of] p2a: Indeedee\n|-enditem|p2b: Sneasler|Psychic Seed\n|-boost|p2b: Sneasler|spd|1|[from] item: Psychic Seed\n|turn|4\n|inactive|Portugas has 120 seconds left.\n|\n|t:|1700735571\n|switch|p1b: Ninetales|Ninetales-Alola, F, shiny|100\/100\n|-damage|p1b: Ninetales|76\/100|[from] Stealth Rock\n|-weather|Snow|[from] ability: Snow Warning|[of] p1b: Ninetales\n|move|p2b: Sneasler|Fake Out|p1a: Tornadus\n|-hint|Psychic Terrain doesn't affect Pok\u00e9mon immune to Ground.\n|-damage|p1a: Tornadus|12\/100\n|cant|p1a: Tornadus|flinch\n|move|p2a: Indeedee|Psychic|p1a: Tornadus\n|-damage|p1a: Tornadus|0 fnt\n|faint|p1a: Tornadus\n|\n|-weather|Snow|[upkeep]\n|upkeep\n|\n|t:|1700735584\n|switch|p1a: Landorus|Landorus-Therian, M, shiny, tera:Water|79\/100\n|-damage|p1a: Landorus|67\/100|[from] Stealth Rock\n|-ability|p1a: Landorus|Intimidate|boost\n|-unboost|p2a: Indeedee|atk|1\n|-unboost|p2b: Sneasler|atk|1\n|turn|5\n|inactive|Portugas has 120 seconds left.\n|\n|t:|1700735597\n|move|p2a: Indeedee|Follow Me|p2a: Indeedee\n|-singleturn|p2a: Indeedee|move: Follow Me\n|move|p1a: Landorus|U-turn|p2a: Indeedee\n|-supereffective|p2a: Indeedee\n|-damage|p2a: Indeedee|42\/100\n|\n|t:|1700735603\n|switch|p1a: Chien-Pao|Chien-Pao|100\/100|[from] U-turn\n|-damage|p1a: Chien-Pao|75\/100|[from] Stealth Rock\n|-ability|p1a: Chien-Pao|Sword of Ruin\n|move|p1b: Ninetales|Aurora Veil|p1b: Ninetales\n|-sidestart|p1: RLisanidiot|move: Aurora Veil\n|move|p2b: Sneasler|Dire Claw|p1b: Ninetales\n|-supereffective|p1b: Ninetales\n|-damage|p1b: Ninetales|34\/100\n|-status|p1b: Ninetales|par\n|\n|-weather|Snow|[upkeep]\n|upkeep\n|turn|6\n|\n|t:|1700735624\n|switch|p2a: Flutter Mane|Flutter Mane|100\/100\n|move|p1a: Chien-Pao|Ice Spinner|p2a: Flutter Mane\n|-enditem|p2a: Flutter Mane|Focus Sash\n|-damage|p2a: Flutter Mane|1\/100\n|-fieldend|move: Psychic Terrain\n|move|p2b: Sneasler|Close Combat|p1a: Chien-Pao\n|-supereffective|p1a: Chien-Pao\n|-damage|p1a: Chien-Pao|0 fnt\n|-unboost|p2b: Sneasler|def|1\n|-unboost|p2b: Sneasler|spd|1\n|faint|p1a: Chien-Pao\n|move|p1b: Ninetales|Confuse Ray|p2b: Sneasler\n|-start|p2b: Sneasler|confusion\n|\n|-weather|Snow|[upkeep]\n|-sideend|p1: RLisanidiot|move: Tailwind\n|upkeep\n|\n|t:|1700735636\n|switch|p1a: Flutter Mane|Flutter Mane|100\/100\n|-damage|p1a: Flutter Mane|88\/100|[from] Stealth Rock\n|turn|7\n|\n|t:|1700735657\n|move|p1b: Ninetales|Helping Hand|p1a: Flutter Mane\n|-singleturn|p1a: Flutter Mane|Helping Hand|[of] p1b: Ninetales\n|-activate|p2b: Sneasler|confusion\n|move|p2b: Sneasler|Dire Claw|p1b: Ninetales\n|-supereffective|p1b: Ninetales\n|-damage|p1b: Ninetales|0 fnt\n|faint|p1b: Ninetales\n|move|p2a: Flutter Mane|Shadow Ball|p1a: Flutter Mane\n|-supereffective|p1a: Flutter Mane\n|-damage|p1a: Flutter Mane|23\/100\n|-unboost|p1a: Flutter Mane|spd|1\n|move|p1a: Flutter Mane|Dazzling Gleam|p2a: Flutter Mane|[spread] p2a,p2b\n|-damage|p2a: Flutter Mane|0 fnt\n|-damage|p2b: Sneasler|6\/100\n|faint|p2a: Flutter Mane\n|-end|p2a: Flutter Mane|Protosynthesis|[silent]\n|\n|-weather|Snow|[upkeep]\n|upkeep\n|\n|t:|1700735675\n|switch|p2a: Indeedee|Indeedee-F, F|42\/100\n|switch|p1b: Pachirisu|Pachirisu, M|100\/100\n|-damage|p1b: Pachirisu|88\/100|[from] Stealth Rock\n|-fieldstart|move: Psychic Terrain|[from] ability: Psychic Surge|[of] p2a: Indeedee\n|turn|8\n|\n|t:|1700735691\n|move|p1b: Pachirisu|Follow Me|p1b: Pachirisu\n|-singleturn|p1b: Pachirisu|move: Follow Me\n|-activate|p2b: Sneasler|confusion\n|move|p2b: Sneasler|Dire Claw|p1b: Pachirisu\n|-damage|p1b: Pachirisu|67\/100\n|-status|p1b: Pachirisu|slp\n|move|p1a: Flutter Mane|Dazzling Gleam|p2b: Sneasler|[spread] p2a,p2b\n|-damage|p2a: Indeedee|6\/100\n|-damage|p2b: Sneasler|0 fnt\n|faint|p2b: Sneasler\n|move|p2a: Indeedee|Psychic|p1b: Pachirisu\n|-damage|p1b: Pachirisu|38\/100 slp\n|-enditem|p1b: Pachirisu|Sitrus Berry|[eat]\n|-heal|p1b: Pachirisu|63\/100 slp|[from] item: Sitrus Berry\n|\n|-weather|none\n|upkeep\n|turn|9\n|-message|Portugas forfeited.\n|\n|win|RLisanidiot\n|raw|RLisanidiot's rating: 1291 &rarr; <strong>1327<\/strong><br \/>(+36 for winning)\n|raw|Portugas's rating: 1457 &rarr; <strong>1428<\/strong><br \/>(-29 for losing)\n","uploadtime":1700735712,"views":20,"p1id":"rlisanidiot","p2id":"portugas","formatid":"gen9doublesou","rating":1327,"private":0,"password":""}