{"id":"gen9doublesou-1997285327","p1":"SomePkmnGuy","p2":"Trickyderron28","format":"[Gen 9] Doubles OU","log":"|j|\u2606SomePkmnGuy\n|j|\u2606Trickyderron28\n|t:|1700784657\n|gametype|doubles\n|player|p1|SomePkmnGuy|steven|1169\n|player|p2|Trickyderron28|266|1108\n|teamsize|p1|6\n|teamsize|p2|6\n|gen|9\n|tier|[Gen 9] Doubles OU\n|rated|\n|rule|Species Clause: Limit one of each Pok\u00e9mon\n|rule|OHKO Clause: OHKO moves are banned\n|rule|Evasion Moves Clause: Evasion moves are banned\n|rule|Gravity Sleep Clause: The combination of sleep-inducing moves with imperfect accuracy and Gravity or Gigantamax Orbeetle are banned\n|rule|Endless Battle Clause: Forcing endless battles is banned\n|rule|HP Percentage Mod: HP is shown in percentages\n|clearpoke\n|poke|p1|Ninetales-Alola, F|\n|poke|p1|Tornadus, M|\n|poke|p1|Heatran, F|\n|poke|p1|Baxcalibur, M|\n|poke|p1|Iron Bundle|\n|poke|p1|Iron Valiant|\n|poke|p2|Skeledirge, F|\n|poke|p2|Lucario, M|\n|poke|p2|Samurott-Hisui, M|\n|poke|p2|Garchomp, M|\n|poke|p2|Ursaluna-Bloodmoon, M|\n|poke|p2|Kingambit, M|\n|teampreview\n|inactive|Battle timer is ON: inactive players will automatically lose when time's up. (requested by SomePkmnGuy)\n|\n|t:|1700784701\n|start\n|switch|p1a: Ninetales|Ninetales-Alola, F, shiny|100\/100\n|switch|p1b: Baxcalibur|Baxcalibur, M|100\/100\n|switch|p2a: Skeledirge|Skeledirge, F|100\/100\n|switch|p2b: Samurott|Samurott-Hisui, M|100\/100\n|-weather|Snow|[from] ability: Snow Warning|[of] p1a: Ninetales\n|turn|1\n|\n|t:|1700784720\n|move|p1a: Ninetales|Aurora Veil|p1a: Ninetales\n|-sidestart|p1: SomePkmnGuy|move: Aurora Veil\n|move|p2b: Samurott|Brick Break|p1b: Baxcalibur\n|-sideend|p1: SomePkmnGuy|move: Aurora Veil\n|-supereffective|p1b: Baxcalibur\n|-damage|p1b: Baxcalibur|75\/100\n|move|p1b: Baxcalibur|Scale Shot|p2a: Skeledirge|[miss]\n|-miss|p1b: Baxcalibur|p2a: Skeledirge\n|move|p2a: Skeledirge|Torch Song|p1a: Ninetales\n|-supereffective|p1a: Ninetales\n|-damage|p1a: Ninetales|19\/100\n|-boost|p2a: Skeledirge|spa|1\n|\n|-weather|Snow|[upkeep]\n|-heal|p1b: Baxcalibur|82\/100|[from] ability: Ice Body\n|upkeep\n|turn|2\n|\n|t:|1700784746\n|move|p1a: Ninetales|Moonblast|p2b: Samurott\n|-supereffective|p2b: Samurott\n|-damage|p2b: Samurott|20\/100\n|-enditem|p2b: Samurott|Salac Berry|[eat]\n|-boost|p2b: Samurott|spe|1|[from] item: Salac Berry\n|move|p2b: Samurott|Ceaseless Edge|p1a: Ninetales\n|-resisted|p1a: Ninetales\n|-damage|p1a: Ninetales|2\/100\n|-sidestart|p1: SomePkmnGuy|Spikes\n|move|p1b: Baxcalibur|Scale Shot|p2a: Skeledirge\n|-damage|p2a: Skeledirge|88\/100\n|-damage|p2a: Skeledirge|76\/100\n|-damage|p2a: Skeledirge|64\/100\n|-damage|p2a: Skeledirge|52\/100\n|-crit|p2a: Skeledirge\n|-damage|p2a: Skeledirge|34\/100\n|-hitcount|p2a: Skeledirge|5\n|-unboost|p1b: Baxcalibur|def|1\n|-boost|p1b: Baxcalibur|spe|1\n|move|p2a: Skeledirge|Torch Song|p1b: Baxcalibur\n|-damage|p1b: Baxcalibur|31\/100\n|-boost|p2a: Skeledirge|spa|1\n|\n|-weather|Snow|[upkeep]\n|-heal|p1b: Baxcalibur|37\/100|[from] ability: Ice Body\n|-heal|p2a: Skeledirge|40\/100|[from] item: Leftovers\n|upkeep\n|turn|3\n|inactive|SomePkmnGuy has 120 seconds left.\n|\n|t:|1700784789\n|move|p2b: Samurott|Ceaseless Edge|p1b: Baxcalibur\n|-damage|p1b: Baxcalibur|0 fnt\n|-sidestart|p1: SomePkmnGuy|Spikes\n|faint|p1b: Baxcalibur\n|move|p1a: Ninetales|Aurora Veil|p1a: Ninetales\n|-sidestart|p1: SomePkmnGuy|move: Aurora Veil\n|move|p2a: Skeledirge|Torch Song|p1a: Ninetales\n|-supereffective|p1a: Ninetales\n|-damage|p1a: Ninetales|0 fnt\n|-boost|p2a: Skeledirge|spa|1\n|faint|p1a: Ninetales\n|\n|-weather|Snow|[upkeep]\n|-heal|p2a: Skeledirge|46\/100|[from] item: Leftovers\n|upkeep\n|inactive|SomePkmnGuy has 90 seconds left.\n|\n|t:|1700784821\n|switch|p1a: Iron Bundle|Iron Bundle, shiny|100\/100\n|switch|p1b: Iron Valiant|Iron Valiant, shiny|100\/100\n|-damage|p1a: Iron Bundle|84\/100|[from] Spikes\n|-damage|p1b: Iron Valiant|84\/100|[from] Spikes\n|-enditem|p1a: Iron Bundle|Booster Energy\n|-activate|p1a: Iron Bundle|ability: Quark Drive|[fromitem]\n|-start|p1a: Iron Bundle|quarkdrivespe\n|-enditem|p1b: Iron Valiant|Booster Energy\n|-activate|p1b: Iron Valiant|ability: Quark Drive|[fromitem]\n|-start|p1b: Iron Valiant|quarkdrivespe\n|turn|4\n|inactive|SomePkmnGuy has 90 seconds left.\n|inactive|Trickyderron28 has 120 seconds left.\n|\n|t:|1700784861\n|move|p1a: Iron Bundle|Hydro Pump|p2a: Skeledirge\n|-supereffective|p2a: Skeledirge\n|-damage|p2a: Skeledirge|0 fnt\n|faint|p2a: Skeledirge\n|move|p1b: Iron Valiant|Spirit Break|p2b: Samurott\n|-supereffective|p2b: Samurott\n|-damage|p2b: Samurott|0 fnt\n|faint|p2b: Samurott\n|\n|-weather|Snow|[upkeep]\n|upkeep\n|\n|t:|1700784888\n|switch|p2b: Kingambit|Kingambit, M|100\/100\n|switch|p2a: Lucario|Lucario, M|100\/100\n|-activate|p2b: Kingambit|ability: Supreme Overlord\n|-start|p2b: Kingambit|fallen2|[silent]\n|turn|5\n|inactive|Trickyderron28 has 90 seconds left.\n|\n|t:|1700784920\n|-terastallize|p2b: Kingambit|Ghost\n|move|p1a: Iron Bundle|Icy Wind|p2a: Lucario|[spread] p2a,p2b\n|-resisted|p2a: Lucario\n|-damage|p2a: Lucario|82\/100\n|-damage|p2b: Kingambit|77\/100\n|-unboost|p2a: Lucario|spe|1\n|-unboost|p2b: Kingambit|spe|1\n|move|p1b: Iron Valiant|Close Combat|p2b: Kingambit\n|-immune|p2b: Kingambit\n|move|p2a: Lucario|Aura Sphere|p1a: Iron Bundle\n|-supereffective|p1a: Iron Bundle\n|-damage|p1a: Iron Bundle|0 fnt\n|faint|p1a: Iron Bundle\n|-end|p1a: Iron Bundle|Quark Drive|[silent]\n|move|p2b: Kingambit|Iron Head|p1b: Iron Valiant\n|-supereffective|p1b: Iron Valiant\n|-damage|p1b: Iron Valiant|0 fnt\n|faint|p1b: Iron Valiant\n|-end|p1b: Iron Valiant|Quark Drive|[silent]\n|\n|-weather|none\n|upkeep\n|inactive|SomePkmnGuy has 90 seconds left.\n|\n|t:|1700784937\n|switch|p1a: Heatran|Heatran, F, shiny|100\/100\n|switch|p1b: Tornadus|Tornadus, M, shiny|100\/100\n|-damage|p1a: Heatran|84\/100|[from] Spikes\n|turn|6\n|\n|t:|1700784957\n|switch|p2a: Ursaluna|Ursaluna-Bloodmoon, M|100\/100\n|move|p1b: Tornadus|Tailwind|p1b: Tornadus\n|-sidestart|p1: SomePkmnGuy|move: Tailwind\n|move|p2b: Kingambit|Sucker Punch||[still]\n|-fail|p2b: Kingambit\n|move|p1a: Heatran|Heat Wave|p2a: Ursaluna|[spread] p2a,p2b\n|-damage|p2a: Ursaluna|54\/100\n|-damage|p2b: Kingambit|39\/100\n|-enditem|p2b: Kingambit|Sitrus Berry|[eat]\n|-heal|p2b: Kingambit|64\/100|[from] item: Sitrus Berry\n|\n|-heal|p2a: Ursaluna|60\/100|[from] item: Leftovers\n|upkeep\n|turn|7\n|inactive|SomePkmnGuy has 120 seconds left.\n|inactive|Trickyderron28 has 120 seconds left.\n|inactive|SomePkmnGuy has 90 seconds left.\n|\n|t:|1700785007\n|-terastallize|p1a: Heatran|Grass\n|move|p2b: Kingambit|Sucker Punch|p1b: Tornadus\n|-damage|p1b: Tornadus|59\/100\n|move|p1b: Tornadus|Bleakwind Storm|p2b: Kingambit|[spread] p2b\n|-miss|p1b: Tornadus|p2a: Ursaluna\n|-crit|p2b: Kingambit\n|-damage|p2b: Kingambit|13\/100\n|-unboost|p2b: Kingambit|spe|1\n|move|p1a: Heatran|Heat Wave|p2a: Ursaluna|[spread] p2a,p2b\n|-damage|p2a: Ursaluna|16\/100\n|-damage|p2b: Kingambit|0 fnt\n|faint|p2b: Kingambit\n|-end|p2b: Kingambit|fallen2|[silent]\n|move|p2a: Ursaluna|Earth Power|p1a: Heatran\n|-resisted|p1a: Heatran\n|-damage|p1a: Heatran|75\/100\n|\n|-heal|p2a: Ursaluna|22\/100|[from] item: Leftovers\n|upkeep\n|\n|t:|1700785028\n|switch|p2b: Lucario|Lucario, M|82\/100\n|turn|8\n|inactive|Trickyderron28 has 120 seconds left.\n|\n|t:|1700785047\n|move|p1b: Tornadus|Bleakwind Storm|p2b: Lucario|[spread] p2a,p2b\n|-damage|p2a: Ursaluna|0 fnt\n|-damage|p2b: Lucario|26\/100\n|faint|p2a: Ursaluna\n|move|p1a: Heatran|Heat Wave|p2b: Lucario\n|-supereffective|p2b: Lucario\n|-damage|p2b: Lucario|0 fnt\n|faint|p2b: Lucario\n|\n|upkeep\n|\n|t:|1700785055\n|switch|p2b: Garchomp|Garchomp, M|100\/100\n|turn|9\n|inactive|SomePkmnGuy has 120 seconds left.\n|\n|t:|1700785071\n|move|p1b: Tornadus|Icy Wind|p2b: Garchomp\n|-supereffective|p2b: Garchomp\n|-damage|p2b: Garchomp|21\/100\n|-unboost|p2b: Garchomp|spe|1\n|move|p1a: Heatran|Heat Wave|p2b: Garchomp\n|-resisted|p2b: Garchomp\n|-damage|p2b: Garchomp|0 fnt\n|faint|p2b: Garchomp\n|\n|win|SomePkmnGuy\n|raw|SomePkmnGuy's rating: 1169 &rarr; <strong>1190<\/strong><br \/>(+21 for winning)\n|raw|Trickyderron28's rating: 1108 &rarr; <strong>1087<\/strong><br \/>(-21 for losing)\n|l|\u2606Trickyderron28\n","uploadtime":1700785103,"views":13,"p1id":"somepkmnguy","p2id":"trickyderron28","formatid":"gen9doublesou","rating":1087,"private":0,"password":""}