{"id":"gen9doublesou-1981272979","p1":"C0SuMa","p2":"ThymeCat","format":"[Gen 9] Doubles OU","log":"|j|\u2606C0SuMa\n|j|\u2606ThymeCat\n|t:|1698878544\n|gametype|doubles\n|player|p1|C0SuMa|caitlin|1408\n|player|p2|ThymeCat|cheryl|1501\n|teamsize|p1|6\n|teamsize|p2|6\n|gen|9\n|tier|[Gen 9] Doubles OU\n|rated|\n|rule|Species Clause: Limit one of each Pok\u00e9mon\n|rule|OHKO Clause: OHKO moves are banned\n|rule|Evasion Moves Clause: Evasion moves are banned\n|rule|Gravity Sleep Clause: The combination of sleep-inducing moves with imperfect accuracy and Gravity or Gigantamax Orbeetle are banned\n|rule|Endless Battle Clause: Forcing endless battles is banned\n|rule|HP Percentage Mod: HP is shown in percentages\n|clearpoke\n|poke|p1|Ninetales-Alola, F|\n|poke|p1|Flutter Mane|\n|poke|p1|Iron Bundle|\n|poke|p1|Ogerpon-Hearthflame, F|\n|poke|p1|Iron Hands|\n|poke|p1|Cresselia, F|\n|poke|p2|Leafeon, F|\n|poke|p2|Torkoal, F|\n|poke|p2|Tornadus, M|\n|poke|p2|Diancie|\n|poke|p2|Walking Wake|\n|poke|p2|Oranguru, F|\n|teampreview\n|inactive|Battle timer is ON: inactive players will automatically lose when time's up. (requested by ThymeCat)\n|inactive|C0SuMa has 120 seconds left.\n|\n|t:|1698878576\n|start\n|switch|p1a: Iron Bundle|Iron Bundle|100\/100\n|switch|p1b: Ogerpon|Ogerpon-Hearthflame, F|100\/100\n|switch|p2a: Diancie|Diancie, shiny|100\/100\n|switch|p2b: Oranguru|Oranguru, F|100\/100\n|-ability|p1b: Ogerpon|Mold Breaker\n|turn|1\n|\n|t:|1698878600\n|move|p1a: Iron Bundle|Protect|p1a: Iron Bundle\n|-singleturn|p1a: Iron Bundle|Protect\n|move|p1b: Ogerpon|Horn Leech|p2a: Diancie\n|-supereffective|p2a: Diancie\n|-damage|p2a: Diancie|31\/100\n|move|p2b: Oranguru|Thunderbolt|p1a: Iron Bundle\n|-activate|p1a: Iron Bundle|move: Protect\n|move|p2a: Diancie|Diamond Storm|p1a: Iron Bundle|[spread] p1b\n|-activate|p1a: Iron Bundle|move: Protect\n|-supereffective|p1b: Ogerpon\n|-damage|p1b: Ogerpon|33\/100\n|-boost|p2a: Diancie|def|2\n|\n|upkeep\n|turn|2\n|\n|t:|1698878622\n|move|p1a: Iron Bundle|Blizzard|p2b: Oranguru|[spread] p2a\n|-miss|p1a: Iron Bundle|p2b: Oranguru\n|-damage|p2a: Diancie|13\/100\n|move|p1b: Ogerpon|Horn Leech|p2a: Diancie\n|-supereffective|p2a: Diancie\n|-damage|p2a: Diancie|0 fnt\n|-heal|p1b: Ogerpon|39\/100|[from] drain|[of] p2a: Diancie\n|faint|p2a: Diancie\n|move|p2b: Oranguru|Thunderbolt|p1a: Iron Bundle\n|-supereffective|p1a: Iron Bundle\n|-damage|p1a: Iron Bundle|16\/100\n|\n|upkeep\n|\n|t:|1698878634\n|switch|p2a: Torkoal|Torkoal, F|100\/100\n|-weather|SunnyDay|[from] ability: Drought|[of] p2a: Torkoal\n|turn|3\n|\n|t:|1698878642\n|switch|p1b: Ninetales|Ninetales-Alola, F|100\/100\n|-weather|Snow|[from] ability: Snow Warning|[of] p1b: Ninetales\n|move|p1a: Iron Bundle|Aurora Veil|p1a: Iron Bundle\n|-sidestart|p1: C0SuMa|move: Aurora Veil\n|move|p2b: Oranguru|Thunderbolt|p1b: Ninetales\n|-damage|p1b: Ninetales|85\/100\n|move|p2a: Torkoal|Heat Wave|p1b: Ninetales|[spread] p1a,p1b\n|-supereffective|p1b: Ninetales\n|-damage|p1a: Iron Bundle|0 fnt\n|-damage|p1b: Ninetales|54\/100\n|faint|p1a: Iron Bundle\n|-end|p1a: Iron Bundle|Quark Drive|[silent]\n|\n|-weather|Snow|[upkeep]\n|upkeep\n|\n|t:|1698878671\n|switch|p1a: Iron Hands|Iron Hands|100\/100\n|turn|4\n|\n|t:|1698878686\n|move|p1a: Iron Hands|Fake Out|p2a: Torkoal\n|-damage|p2a: Torkoal|90\/100\n|move|p1b: Ninetales|Calm Mind|p1b: Ninetales\n|-boost|p1b: Ninetales|spa|1\n|-boost|p1b: Ninetales|spd|1\n|move|p2b: Oranguru|Encore|p1a: Iron Hands\n|-start|p1a: Iron Hands|Encore\n|cant|p2a: Torkoal|flinch\n|\n|-weather|Snow|[upkeep]\n|-heal|p2a: Torkoal|96\/100|[from] item: Leftovers\n|upkeep\n|turn|5\n|\n|t:|1698878702\n|-end|p1a: Iron Hands|Quark Drive|[silent]\n|switch|p1a: Cresselia|Cresselia, F|100\/100\n|switch|p2a: Girlboss|Tornadus, M|100\/100\n|move|p1b: Ninetales|Calm Mind|p1b: Ninetales\n|-boost|p1b: Ninetales|spa|1\n|-boost|p1b: Ninetales|spd|1\n|move|p2b: Oranguru|Encore|p1b: Ninetales\n|-start|p1b: Ninetales|Encore\n|\n|-weather|Snow|[upkeep]\n|upkeep\n|turn|6\n|\n|t:|1698878721\n|move|p1b: Ninetales|Calm Mind|p1b: Ninetales\n|-boost|p1b: Ninetales|spa|1\n|-boost|p1b: Ninetales|spd|1\n|move|p2a: Girlboss|Sludge Bomb|p1b: Ninetales\n|-supereffective|p1b: Ninetales\n|-damage|p1b: Ninetales|32\/100\n|move|p2b: Oranguru|Taunt|p1b: Ninetales\n|-start|p1b: Ninetales|move: Taunt\n|move|p1a: Cresselia|Lunar Blessing|p1a: Cresselia|[spread] p1a,p1b\n|-heal|p1b: Ninetales|57\/100\n|\n|-weather|Snow|[upkeep]\n|upkeep\n|turn|7\n|\n|t:|1698878748\n|move|p1a: Cresselia|Ally Switch|p1a: Cresselia\n|swap|p1a: Cresselia|1|[from] move: Ally Switch\n|-activate|p1a: Ninetales|move: Struggle\n|move|p1a: Ninetales|Struggle|p2b: Oranguru\n|-damage|p2b: Oranguru|94\/100\n|-damage|p1a: Ninetales|32\/100|[from] recoil\n|move|p2a: Girlboss|Sludge Bomb|p1b: Cresselia\n|-damage|p1b: Cresselia|87\/100\n|move|p2b: Oranguru|Instruct|p2a: Girlboss\n|-singleturn|p2a: Girlboss|move: Instruct|[of] p2b: Oranguru\n|move|p2a: Girlboss|Sludge Bomb|p1b: Cresselia\n|-damage|p1b: Cresselia|74\/100\n|\n|-weather|Snow|[upkeep]\n|upkeep\n|turn|8\n|inactive|C0SuMa has 120 seconds left.\n|\n|t:|1698878790\n|move|p1b: Cresselia|Ally Switch|p1b: Cresselia\n|swap|p1b: Cresselia|0|[from] move: Ally Switch\n|-activate|p1b: Ninetales|move: Struggle\n|move|p1b: Ninetales|Struggle|p2b: Oranguru\n|-damage|p2b: Oranguru|88\/100\n|-damage|p1b: Ninetales|7\/100|[from] recoil\n|move|p2a: Girlboss|Sludge Bomb|p1a: Cresselia\n|-damage|p1a: Cresselia|61\/100\n|-status|p1a: Cresselia|psn\n|move|p2b: Oranguru|Thunderbolt|p1b: Ninetales\n|-damage|p1b: Ninetales|1\/100\n|\n|-weather|Snow|[upkeep]\n|-damage|p1a: Cresselia|48\/100 psn|[from] psn\n|-end|p1b: Ninetales|Encore\n|upkeep\n|turn|9\n|inactive|C0SuMa has 120 seconds left.\n|inactive|ThymeCat has 120 seconds left.\n|\n|t:|1698878826\n|move|p1a: Cresselia|Ally Switch|p1a: Cresselia\n|swap|p1a: Cresselia|1|[from] move: Ally Switch\n|move|p2a: Girlboss|Tailwind|p2a: Girlboss\n|-sidestart|p2: ThymeCat|move: Tailwind\n|move|p2b: Oranguru|Thunderbolt|p1b: Cresselia\n|-damage|p1b: Cresselia|41\/100 psn\n|move|p1a: Ninetales|Blizzard|p2b: Oranguru|[spread] p2a,p2b\n|-supereffective|p2a: Girlboss\n|-enditem|p2a: Girlboss|Focus Sash\n|-damage|p2a: Girlboss|1\/100\n|-damage|p2b: Oranguru|26\/100\n|\n|-weather|Snow|[upkeep]\n|-damage|p1b: Cresselia|28\/100 psn|[from] psn\n|-end|p1a: Ninetales|move: Taunt\n|upkeep\n|turn|10\n|inactive|C0SuMa has 120 seconds left.\n|\n|t:|1698878840\n|move|p1a: Ninetales|Protect|p1a: Ninetales\n|-singleturn|p1a: Ninetales|Protect\n|move|p2a: Girlboss|Bleakwind Storm|p1a: Ninetales|[spread] p1b\n|-activate|p1a: Ninetales|move: Protect\n|-damage|p1b: Cresselia|13\/100 psn\n|-unboost|p1b: Cresselia|spe|1\n|move|p2b: Oranguru|Thunderbolt|p1a: Ninetales\n|-activate|p1a: Ninetales|move: Protect\n|move|p1b: Cresselia|Lunar Blessing|p1b: Cresselia|[spread] p1a,p1b\n|-heal|p1a: Ninetales|26\/100\n|-heal|p1b: Cresselia|38\/100 psn\n|-curestatus|p1b: Cresselia|psn|[msg]\n|\n|-weather|none\n|-sideend|p1: C0SuMa|move: Aurora Veil\n|upkeep\n|turn|11\n|inactive|C0SuMa has 120 seconds left.\n|\n|t:|1698878881\n|move|p1b: Cresselia|Ally Switch|p1b: Cresselia\n|swap|p1b: Cresselia|0|[from] move: Ally Switch\n|move|p2a: Girlboss|Bleakwind Storm|p1b: Ninetales|[spread] p1a,p1b\n|-crit|p1a: Cresselia\n|-damage|p1a: Cresselia|3\/100\n|-damage|p1b: Ninetales|5\/100\n|-unboost|p1a: Cresselia|spe|1\n|move|p2b: Oranguru|Instruct|p2a: Girlboss\n|-singleturn|p2a: Girlboss|move: Instruct|[of] p2b: Oranguru\n|move|p2a: Girlboss|Bleakwind Storm|p1b: Ninetales|[spread] p1b\n|-miss|p2a: Girlboss|p1a: Cresselia\n|-damage|p1b: Ninetales|0 fnt\n|faint|p1b: Ninetales\n|\n|upkeep\n|\n|t:|1698878894\n|switch|p1b: Flutter Mane|Flutter Mane|100\/100\n|turn|12\n|inactive|C0SuMa has 120 seconds left.\n|\n|t:|1698878902\n|move|p1b: Flutter Mane|Protect|p1b: Flutter Mane\n|-singleturn|p1b: Flutter Mane|Protect\n|move|p2a: Girlboss|Bleakwind Storm|p1b: Flutter Mane|[spread] p1a\n|-activate|p1b: Flutter Mane|move: Protect\n|-damage|p1a: Cresselia|0 fnt\n|faint|p1a: Cresselia\n|move|p2b: Oranguru|Thunderbolt|p1b: Flutter Mane\n|-activate|p1b: Flutter Mane|move: Protect\n|\n|-sideend|p2: ThymeCat|move: Tailwind\n|upkeep\n|inactive|C0SuMa has 120 seconds left.\n|\n|t:|1698878925\n|switch|p1a: Iron Hands|Iron Hands|100\/100\n|turn|13\n|\n|t:|1698878932\n|switch|p2a: Torkoal|Torkoal, F|96\/100\n|-weather|SunnyDay|[from] ability: Drought|[of] p2a: Torkoal\n|-activate|p1b: Flutter Mane|ability: Protosynthesis\n|-start|p1b: Flutter Mane|protosynthesisspe\n|move|p1a: Iron Hands|Fake Out|p2a: Torkoal\n|-damage|p2a: Torkoal|85\/100\n|move|p1b: Flutter Mane|Dazzling Gleam|p2b: Oranguru|[spread] p2a,p2b\n|-resisted|p2a: Torkoal\n|-damage|p2a: Torkoal|61\/100\n|-damage|p2b: Oranguru|0 fnt\n|faint|p2b: Oranguru\n|-damage|p1b: Flutter Mane|91\/100|[from] item: Life Orb\n|\n|-weather|SunnyDay|[upkeep]\n|-heal|p2a: Torkoal|67\/100|[from] item: Leftovers\n|upkeep\n|\n|t:|1698878943\n|switch|p2b: Girlboss|Tornadus, M|1\/100\n|turn|14\n|\n|t:|1698878967\n|move|p2b: Girlboss|Tailwind|p2b: Girlboss\n|-sidestart|p2: ThymeCat|move: Tailwind\n|move|p1b: Flutter Mane|Dazzling Gleam|p2a: Torkoal|[spread] p2a,p2b\n|-resisted|p2a: Torkoal\n|-damage|p2a: Torkoal|44\/100\n|-damage|p2b: Girlboss|0 fnt\n|faint|p2b: Girlboss\n|-damage|p1b: Flutter Mane|81\/100|[from] item: Life Orb\n|move|p1a: Iron Hands|Swords Dance|p1a: Iron Hands\n|-boost|p1a: Iron Hands|atk|2\n|move|p2a: Torkoal|Heat Wave|p1b: Flutter Mane|[spread] p1b\n|-miss|p2a: Torkoal|p1a: Iron Hands\n|-damage|p1b: Flutter Mane|42\/100\n|\n|-weather|SunnyDay|[upkeep]\n|-heal|p2a: Torkoal|50\/100|[from] item: Leftovers\n|upkeep\n|inactive|ThymeCat has 120 seconds left.\n|\n|t:|1698878998\n|switch|p2b: Sleepy Step|Walking Wake|100\/100\n|-activate|p2b: Sleepy Step|ability: Protosynthesis\n|-start|p2b: Sleepy Step|protosynthesisspa\n|turn|15\n|\n|t:|1698879023\n|move|p2b: Sleepy Step|Protect|p2b: Sleepy Step\n|-singleturn|p2b: Sleepy Step|Protect\n|move|p1b: Flutter Mane|Dazzling Gleam|p2b: Sleepy Step|[spread] p2a\n|-activate|p2b: Sleepy Step|move: Protect\n|-resisted|p2a: Torkoal\n|-damage|p2a: Torkoal|27\/100\n|-damage|p1b: Flutter Mane|32\/100|[from] item: Life Orb\n|move|p1a: Iron Hands|Drain Punch|p2a: Torkoal\n|-crit|p2a: Torkoal\n|-damage|p2a: Torkoal|0 fnt\n|faint|p2a: Torkoal\n|\n|-weather|SunnyDay|[upkeep]\n|upkeep\n|\n|t:|1698879032\n|switch|p2a: Bestie|Leafeon, F, shiny|100\/100\n|turn|16\n|\n|t:|1698879046\n|-terastallize|p2a: Bestie|Dark\n|move|p2a: Bestie|Knock Off|p1a: Iron Hands\n|-resisted|p1a: Iron Hands\n|-damage|p1a: Iron Hands|77\/100\n|-enditem|p1a: Iron Hands|Sitrus Berry|[from] move: Knock Off|[of] p2a: Bestie\n|move|p2b: Sleepy Step|Hydro Steam|p1b: Flutter Mane\n|-damage|p1b: Flutter Mane|0 fnt\n|faint|p1b: Flutter Mane\n|-end|p1b: Flutter Mane|Protosynthesis|[silent]\n|-damage|p2b: Sleepy Step|91\/100|[from] item: Life Orb\n|move|p1a: Iron Hands|Drain Punch|p2b: Sleepy Step\n|-damage|p2b: Sleepy Step|5\/100\n|-heal|p1a: Iron Hands|100\/100|[from] drain|[of] p2b: Sleepy Step\n|\n|-weather|SunnyDay|[upkeep]\n|upkeep\n|\n|t:|1698879060\n|switch|p1b: Ogerpon|Ogerpon-Hearthflame, F|39\/100\n|-ability|p1b: Ogerpon|Mold Breaker\n|turn|17\n|\n|t:|1698879081\n|-terastallize|p1a: Iron Hands|Grass\n|move|p1b: Ogerpon|Spiky Shield|p1b: Ogerpon\n|-singleturn|p1b: Ogerpon|move: Protect\n|move|p2a: Bestie|Knock Off|p1b: Ogerpon\n|-activate|p1b: Ogerpon|move: Protect\n|-damage|p2a: Bestie|88\/100|[from] Spiky Shield|[of] p1b: Ogerpon\n|move|p2b: Sleepy Step|Hydro Steam|p1a: Iron Hands\n|-resisted|p1a: Iron Hands\n|-damage|p1a: Iron Hands|61\/100\n|-damage|p2b: Sleepy Step|0 fnt|[from] item: Life Orb\n|faint|p2b: Sleepy Step\n|-end|p2b: Sleepy Step|Protosynthesis|[silent]\n|move|p1a: Iron Hands|Drain Punch|p2a: Bestie\n|-supereffective|p2a: Bestie\n|-damage|p2a: Bestie|0 fnt\n|-heal|p1a: Iron Hands|84\/100|[from] drain|[of] p2a: Bestie\n|faint|p2a: Bestie\n|\n|win|C0SuMa\n|raw|C0SuMa's rating: 1408 &rarr; <strong>1433<\/strong><br \/>(+25 for winning)\n|raw|ThymeCat's rating: 1501 &rarr; <strong>1476<\/strong><br \/>(-25 for losing)\n|l|\u2606ThymeCat\n|c|\u2606C0SuMa|gg\n","uploadtime":1698879102,"views":23,"p1id":"c0suma","p2id":"thymecat","formatid":"gen9doublesou","rating":1433,"private":0,"password":""}