{"id":"gen9doublesou-1996694372","p1":"Dougtrio_0","p2":"Lord Rio","format":"[Gen 9] Doubles OU","log":"|j|\u2606Dougtrio_0\n|j|\u2606Lord Rio\n|t:|1700710682\n|gametype|doubles\n|player|p1|Dougtrio_0|1|1256\n|player|p2|Lord Rio|juggler|1170\n|teamsize|p1|6\n|teamsize|p2|6\n|gen|9\n|tier|[Gen 9] Doubles OU\n|rated|\n|rule|Species Clause: Limit one of each Pok\u00e9mon\n|rule|OHKO Clause: OHKO moves are banned\n|rule|Evasion Moves Clause: Evasion moves are banned\n|rule|Gravity Sleep Clause: The combination of sleep-inducing moves with imperfect accuracy and Gravity or Gigantamax Orbeetle are banned\n|rule|Endless Battle Clause: Forcing endless battles is banned\n|rule|HP Percentage Mod: HP is shown in percentages\n|clearpoke\n|poke|p1|Sinistcha|\n|poke|p1|Torkoal, F|\n|poke|p1|Ogerpon-Wellspring, F|\n|poke|p1|Jirachi|\n|poke|p1|Cresselia, F|\n|poke|p1|Snorlax, M|\n|poke|p2|Roaring Moon|\n|poke|p2|Palafin, F|\n|poke|p2|Chi-Yu|\n|poke|p2|Ogerpon, F|\n|poke|p2|Tornadus, M|\n|poke|p2|Goodra-Hisui, M|\n|teampreview\n|\n|t:|1700710701\n|start\n|switch|p1a: Jirachi|Jirachi|100\/100\n|switch|p1b: Snorlax|Snorlax, M|100\/100\n|switch|p2a: Tornadus|Tornadus, M|100\/100\n|switch|p2b: Roaring Moon|Roaring Moon|100\/100\n|-enditem|p2b: Roaring Moon|Booster Energy\n|-activate|p2b: Roaring Moon|ability: Protosynthesis|[fromitem]\n|-start|p2b: Roaring Moon|protosynthesisatk\n|turn|1\n|\n|t:|1700710717\n|-terastallize|p1b: Snorlax|Ghost\n|move|p2a: Tornadus|Taunt|p1b: Snorlax\n|-start|p1b: Snorlax|move: Taunt\n|move|p2b: Roaring Moon|Knock Off|p1b: Snorlax\n|-supereffective|p1b: Snorlax\n|-damage|p1b: Snorlax|0 fnt\n|-enditem|p1b: Snorlax|Sitrus Berry|[from] move: Knock Off|[of] p2b: Roaring Moon\n|faint|p1b: Snorlax\n|move|p1a: Jirachi|Ice Punch|p2b: Roaring Moon\n|-supereffective|p2b: Roaring Moon\n|-damage|p2b: Roaring Moon|27\/100\n|\n|upkeep\n|\n|t:|1700710735\n|switch|p1b: Sinistcha|Sinistcha|100\/100\n|turn|2\n|\n|t:|1700710750\n|move|p2b: Roaring Moon|Knock Off|p1a: Jirachi\n|-supereffective|p1a: Jirachi\n|-damage|p1a: Jirachi|0 fnt\n|-enditem|p1a: Jirachi|Expert Belt|[from] move: Knock Off|[of] p2b: Roaring Moon\n|faint|p1a: Jirachi\n|move|p2a: Tornadus|Heat Wave|p1b: Sinistcha\n|-supereffective|p1b: Sinistcha\n|-damage|p1b: Sinistcha|18\/100\n|move|p1b: Sinistcha|Trick Room|p1b: Sinistcha\n|-fieldstart|move: Trick Room|[of] p1b: Sinistcha\n|\n|upkeep\n|c|\u2606Dougtrio_0|Sad\n|\n|t:|1700710761\n|switch|p1a: Torkoal|Torkoal, F|100\/100\n|-weather|SunnyDay|[from] ability: Drought|[of] p1a: Torkoal\n|turn|3\n|\n|t:|1700710791\n|move|p2a: Tornadus|Protect|p2a: Tornadus\n|-singleturn|p2a: Tornadus|Protect\n|move|p1a: Torkoal|Eruption|p2a: Tornadus|[spread] p2b\n|-activate|p2a: Tornadus|move: Protect\n|-resisted|p2b: Roaring Moon\n|-damage|p2b: Roaring Moon|0 fnt\n|faint|p2b: Roaring Moon\n|-end|p2b: Roaring Moon|Protosynthesis|[silent]\n|-damage|p1a: Torkoal|91\/100|[from] item: Life Orb\n|move|p1b: Sinistcha|Matcha Gotcha|p2a: Tornadus\n|-activate|p2a: Tornadus|move: Protect\n|\n|-weather|SunnyDay|[upkeep]\n|upkeep\n|\n|t:|1700710822\n|switch|p2b: Chi-Yu|Chi-Yu|100\/100\n|-ability|p2b: Chi-Yu|Beads of Ruin\n|turn|4\n|\n|t:|1700710839\n|move|p2a: Tornadus|Protect||[still]\n|-fail|p2a: Tornadus\n|move|p2b: Chi-Yu|Protect|p2b: Chi-Yu\n|-singleturn|p2b: Chi-Yu|Protect\n|move|p1a: Torkoal|Eruption|p2b: Chi-Yu|[spread] p2a\n|-activate|p2b: Chi-Yu|move: Protect\n|-enditem|p2a: Tornadus|Focus Sash\n|-damage|p2a: Tornadus|1\/100\n|-damage|p1a: Torkoal|81\/100|[from] item: Life Orb\n|move|p1b: Sinistcha|Hex|p2b: Chi-Yu\n|-activate|p2b: Chi-Yu|move: Protect\n|\n|-weather|SunnyDay|[upkeep]\n|upkeep\n|turn|5\n|\n|t:|1700710885\n|switch|p2b: Goodra|Goodra-Hisui, M|100\/100\n|move|p2a: Tornadus|Protect|p2a: Tornadus\n|-singleturn|p2a: Tornadus|Protect\n|move|p1a: Torkoal|Eruption|p2b: Goodra|[spread] p2b\n|-activate|p2a: Tornadus|move: Protect\n|-damage|p2b: Goodra|52\/100\n|-damage|p1a: Torkoal|71\/100|[from] item: Life Orb\n|move|p1b: Sinistcha|Matcha Gotcha|p2a: Tornadus|[spread] p2b\n|-activate|p2a: Tornadus|move: Protect\n|-resisted|p2b: Goodra\n|-damage|p2b: Goodra|47\/100\n|-heal|p1b: Sinistcha|22\/100|[from] drain|[of] p2b: Goodra\n|-status|p2b: Goodra|brn\n|\n|-weather|SunnyDay|[upkeep]\n|-damage|p2b: Goodra|41\/100 brn|[from] brn\n|upkeep\n|turn|6\n|\n|t:|1700710911\n|move|p2b: Goodra|Protect|p2b: Goodra\n|-singleturn|p2b: Goodra|Protect\n|move|p2a: Tornadus|Taunt|p1b: Sinistcha\n|-start|p1b: Sinistcha|move: Taunt\n|move|p1a: Torkoal|Eruption|p2b: Goodra|[spread] p2a\n|-activate|p2b: Goodra|move: Protect\n|-damage|p2a: Tornadus|0 fnt\n|faint|p2a: Tornadus\n|-damage|p1a: Torkoal|61\/100|[from] item: Life Orb\n|move|p1b: Sinistcha|Matcha Gotcha|p2b: Goodra\n|-activate|p2b: Goodra|move: Protect\n|\n|-weather|SunnyDay|[upkeep]\n|-damage|p2b: Goodra|35\/100 brn|[from] brn\n|-fieldend|move: Trick Room\n|upkeep\n|\n|t:|1700710936\n|switch|p2a: Palafin|Palafin, F|100\/100\n|turn|7\n|\n|t:|1700710946\n|detailschange|p2a: Palafin|Palafin-Hero, F\n|switch|p2a: Chi-Yu|Chi-Yu|100\/100\n|-ability|p2a: Chi-Yu|Beads of Ruin\n|move|p1b: Sinistcha|Hex|p2b: Goodra\n|-damage|p2b: Goodra|0 fnt\n|faint|p2b: Goodra\n|move|p1a: Torkoal|Solar Beam||[still]\n|-prepare|p1a: Torkoal|Solar Beam\n|-anim|p1a: Torkoal|Solar Beam|p2a: Chi-Yu\n|-resisted|p2a: Chi-Yu\n|-damage|p2a: Chi-Yu|75\/100\n|-damage|p1a: Torkoal|51\/100|[from] item: Life Orb\n|\n|-weather|none\n|upkeep\n|\n|t:|1700710972\n|switch|p2b: Ogerpon|Ogerpon, F|100\/100\n|turn|8\n|\n|t:|1700710987\n|move|p2b: Ogerpon|Knock Off|p1a: Torkoal\n|-crit|p1a: Torkoal\n|-damage|p1a: Torkoal|15\/100\n|-enditem|p1a: Torkoal|Life Orb|[from] move: Knock Off|[of] p2b: Ogerpon\n|move|p2a: Chi-Yu|Dark Pulse|p1a: Torkoal\n|-damage|p1a: Torkoal|0 fnt\n|faint|p1a: Torkoal\n|move|p1b: Sinistcha|Hex|p2a: Chi-Yu\n|-resisted|p2a: Chi-Yu\n|-damage|p2a: Chi-Yu|56\/100\n|\n|-end|p1b: Sinistcha|move: Taunt\n|upkeep\n|\n|t:|1700711001\n|switch|p1a: Ogerpon|Ogerpon-Wellspring, F|100\/100\n|turn|9\n|\n|t:|1700711036\n|move|p2a: Chi-Yu|Protect|p2a: Chi-Yu\n|-singleturn|p2a: Chi-Yu|Protect\n|move|p2b: Ogerpon|Swords Dance|p2b: Ogerpon\n|-boost|p2b: Ogerpon|atk|2\n|move|p1a: Ogerpon|Ivy Cudgel|p2a: Chi-Yu|[anim] Ivy Cudgel Water\n|-activate|p2a: Chi-Yu|move: Protect\n|move|p1b: Sinistcha|Hex|p2b: Ogerpon\n|-damage|p2b: Ogerpon|43\/100\n|\n|upkeep\n|turn|10\n|\n|t:|1700711054\n|move|p2b: Ogerpon|Ivy Cudgel|p1a: Ogerpon\n|-crit|p1a: Ogerpon\n|-damage|p1a: Ogerpon|0 fnt\n|faint|p1a: Ogerpon\n|move|p2a: Chi-Yu|Dark Pulse|p1b: Sinistcha\n|-supereffective|p1b: Sinistcha\n|-damage|p1b: Sinistcha|0 fnt\n|faint|p1b: Sinistcha\n|\n|upkeep\n|\n|t:|1700711065\n|switch|p1b: Cresselia|Cresselia, F|100\/100\n|turn|11\n|\n|t:|1700711070\n|move|p2b: Ogerpon|Ivy Cudgel|p1b: Cresselia\n|-damage|p1b: Cresselia|31\/100\n|move|p2a: Chi-Yu|Dark Pulse|p1b: Cresselia\n|-supereffective|p1b: Cresselia\n|-damage|p1b: Cresselia|0 fnt\n|faint|p1b: Cresselia\n|\n|win|Lord Rio\n|raw|Dougtrio_0's rating: 1256 &rarr; <strong>1225<\/strong><br \/>(-31 for losing)\n|raw|Lord Rio's rating: 1170 &rarr; <strong>1201<\/strong><br \/>(+31 for winning)\n|l|\u2606Dougtrio_0\n","uploadtime":1700711270,"views":11,"p1id":"dougtrio0","p2id":"lordrio","formatid":"gen9doublesou","rating":1201,"private":0,"password":""}