{"id":"gen9doublesou-1974472855","p1":"ChimeBliss","p2":"alimo","format":"[Gen 9] Doubles OU","log":"|j|\u2606ChimeBliss\n|j|\u2606alimo\n|t:|1698089858\n|gametype|doubles\n|player|p1|ChimeBliss|dawn-gen4pt|1303\n|player|p2|alimo|102|1339\n|teamsize|p1|6\n|teamsize|p2|6\n|gen|9\n|tier|[Gen 9] Doubles OU\n|rated|\n|rule|Species Clause: Limit one of each Pok\u00e9mon\n|rule|OHKO Clause: OHKO moves are banned\n|rule|Evasion Moves Clause: Evasion moves are banned\n|rule|Gravity Sleep Clause: The combination of sleep-inducing moves with imperfect accuracy and Gravity or Gigantamax Orbeetle are banned\n|rule|Endless Battle Clause: Forcing endless battles is banned\n|rule|HP Percentage Mod: HP is shown in percentages\n|clearpoke\n|poke|p1|Chien-Pao|\n|poke|p1|Tornadus, M|\n|poke|p1|Dragonite, F|\n|poke|p1|Chi-Yu|\n|poke|p1|Flutter Mane|\n|poke|p1|Landorus, M|\n|poke|p2|Gardevoir, F|\n|poke|p2|Wyrdeer, M|\n|poke|p2|Empoleon, M|\n|poke|p2|Moltres|\n|poke|p2|Breloom, F|\n|poke|p2|Zapdos-Galar|\n|teampreview\n|inactive|Battle timer is ON: inactive players will automatically lose when time's up. (requested by ChimeBliss)\n|\n|t:|1698089883\n|start\n|switch|p1a: Chi-Yu|Chi-Yu|100\/100\n|switch|p1b: Flutter Mane|Flutter Mane|100\/100\n|switch|p2a: Empoleon|Empoleon, M|100\/100\n|switch|p2b: Moltres|Moltres|100\/100\n|-ability|p1a: Chi-Yu|Beads of Ruin\n|turn|1\n|inactive|ChimeBliss has 120 seconds left.\n|\n|t:|1698089917\n|move|p1a: Chi-Yu|Dark Pulse|p2a: Empoleon\n|-damage|p2a: Empoleon|63\/100\n|move|p1b: Flutter Mane|Shadow Ball|p2a: Empoleon\n|-damage|p2a: Empoleon|9\/100\n|move|p2b: Moltres|Tailwind|p2b: Moltres\n|-sidestart|p2: alimo|move: Tailwind\n|move|p2a: Empoleon|Hydro Pump|p1a: Chi-Yu\n|-supereffective|p1a: Chi-Yu\n|-damage|p1a: Chi-Yu|0 fnt\n|faint|p1a: Chi-Yu\n|\n|upkeep\n|\n|t:|1698089922\n|switch|p1a: Tornadus|Tornadus, M|100\/100\n|turn|2\n|\n|t:|1698089937\n|move|p1a: Tornadus|Tailwind|p1a: Tornadus\n|-sidestart|p1: ChimeBliss|move: Tailwind\n|move|p1b: Flutter Mane|Shadow Ball|p2a: Empoleon\n|-damage|p2a: Empoleon|0 fnt\n|faint|p2a: Empoleon\n|move|p2b: Moltres|Heat Wave|p1a: Tornadus|[spread] p1a,p1b\n|-damage|p1a: Tornadus|49\/100\n|-damage|p1b: Flutter Mane|63\/100\n|\n|upkeep\n|inactive|alimo has 120 seconds left.\n|\n|t:|1698089962\n|switch|p2a: Breloom|Breloom, F|100\/100\n|turn|3\n|\n|t:|1698089972\n|move|p2a: Breloom|Protect|p2a: Breloom\n|-singleturn|p2a: Breloom|Protect\n|move|p1b: Flutter Mane|Shadow Ball|p2b: Moltres\n|-damage|p2b: Moltres|37\/100\n|-enditem|p2b: Moltres|Sitrus Berry|[eat]\n|-heal|p2b: Moltres|62\/100|[from] item: Sitrus Berry\n|move|p1a: Tornadus|Bleakwind Storm|p2a: Breloom|[spread] \n|-activate|p2a: Breloom|move: Protect\n|-miss|p1a: Tornadus|p2b: Moltres\n|move|p2b: Moltres|Heat Wave|p1b: Flutter Mane|[spread] p1a,p1b\n|-damage|p1a: Tornadus|3\/100\n|-damage|p1b: Flutter Mane|28\/100\n|\n|-status|p2a: Breloom|tox|[from] item: Toxic Orb\n|upkeep\n|turn|4\n|\n|t:|1698089991\n|switch|p2a: Gardevoir|Gardevoir, F|100\/100\n|-ability|p2a: Gardevoir|Prankster|[from] ability: Trace|[of] p1a: Tornadus\n|move|p1a: Tornadus|Protect|p1a: Tornadus\n|-singleturn|p1a: Tornadus|Protect\n|move|p1b: Flutter Mane|Shadow Ball|p2a: Gardevoir\n|-supereffective|p2a: Gardevoir\n|-damage|p2a: Gardevoir|0 fnt\n|faint|p2a: Gardevoir\n|move|p2b: Moltres|Heat Wave|p1a: Tornadus|[spread] \n|-activate|p1a: Tornadus|move: Protect\n|-miss|p2b: Moltres|p1b: Flutter Mane\n|\n|-sideend|p2: alimo|move: Tailwind\n|upkeep\n|\n|t:|1698090006\n|switch|p2a: Wyrdeer|Wyrdeer, M|100\/100\n|-ability|p2a: Wyrdeer|Intimidate|boost\n|-unboost|p1a: Tornadus|atk|1\n|-unboost|p1b: Flutter Mane|atk|1\n|turn|5\n|\n|t:|1698090028\n|move|p1b: Flutter Mane|Shadow Ball|p2b: Moltres\n|-damage|p2b: Moltres|2\/100\n|move|p1a: Tornadus|Bleakwind Storm|p2a: Wyrdeer|[spread] p2a,p2b\n|-damage|p2a: Wyrdeer|68\/100\n|-damage|p2b: Moltres|0 fnt\n|faint|p2b: Moltres\n|move|p2a: Wyrdeer|Psyshield Bash|p1a: Tornadus\n|-damage|p1a: Tornadus|0 fnt\n|-boost|p2a: Wyrdeer|def|1\n|faint|p1a: Tornadus\n|\n|-sideend|p1: ChimeBliss|move: Tailwind\n|upkeep\n|\n|t:|1698090044\n|switch|p1a: Landorus|Landorus, M|100\/100\n|switch|p2b: Breloom|Breloom, F|100\/100 tox\n|turn|6\n|\n|t:|1698090055\n|move|p1b: Flutter Mane|Shadow Ball|p2b: Breloom\n|-damage|p2b: Breloom|6\/100 tox\n|-unboost|p2b: Breloom|spd|1\n|move|p1a: Landorus|Earth Power|p2a: Wyrdeer\n|-damage|p2a: Wyrdeer|10\/100\n|move|p2a: Wyrdeer|Psyshield Bash|p1b: Flutter Mane\n|-damage|p1b: Flutter Mane|0 fnt\n|-boost|p2a: Wyrdeer|def|1\n|faint|p1b: Flutter Mane\n|-end|p1b: Flutter Mane|Protosynthesis|[silent]\n|move|p2b: Breloom|Spore|p1a: Landorus\n|-status|p1a: Landorus|slp|[from] move: Spore\n|\n|-heal|p2b: Breloom|18\/100 tox|[from] ability: Poison Heal\n|upkeep\n|\n|t:|1698090062\n|switch|p1b: Dragonite|Dragonite, F, shiny|100\/100\n|turn|7\n|inactive|alimo has 120 seconds left.\n|\n|t:|1698090092\n|switch|p2b: Zapdos|Zapdos-Galar|100\/100\n|move|p1b: Dragonite|Extreme Speed|p2b: Zapdos\n|-damage|p2b: Zapdos|51\/100\n|cant|p1a: Landorus|slp\n|move|p2a: Wyrdeer|Skill Swap|p1b: Dragonite\n|-activate|p2a: Wyrdeer|move: Skill Swap|Inner Focus|Intimidate|[of] p1b: Dragonite\n|-ability|p1b: Dragonite|Intimidate|boost\n|-fail|p2a: Wyrdeer|unboost|Attack|[from] ability: Inner Focus|[of] p2a: Wyrdeer\n|-unboost|p2b: Zapdos|atk|1\n|-ability|p2b: Zapdos|Defiant|boost\n|-boost|p2b: Zapdos|atk|2\n|\n|upkeep\n|turn|8\n|inactive|alimo has 120 seconds left.\n|\n|t:|1698090118\n|-terastallize|p1b: Dragonite|Normal\n|move|p1b: Dragonite|Extreme Speed|p2b: Zapdos\n|-damage|p2b: Zapdos|0 fnt\n|faint|p2b: Zapdos\n|cant|p1a: Landorus|slp\n|move|p2a: Wyrdeer|Body Slam|p1a: Landorus\n|-damage|p1a: Landorus|61\/100 slp\n|\n|upkeep\n|inactive|alimo has 120 seconds left.\n|-message|alimo forfeited.\n|\n|win|ChimeBliss\n|raw|ChimeBliss's rating: 1303 &rarr; <strong>1325<\/strong><br \/>(+22 for winning)\n|raw|alimo's rating: 1339 &rarr; <strong>1317<\/strong><br \/>(-22 for losing)\n|l|\u2606alimo\n","uploadtime":1698090130,"views":9,"p1id":"chimebliss","p2id":"alimo","formatid":"gen9doublesou","rating":1317,"private":0,"password":""}