{"id":"gen9doublesou-1993147766","p1":"azurillwajio","p2":"FarttyOeabge","format":"[Gen 9] Doubles OU","log":"|j|\u2606azurillwajio\n|j|\u2606FarttyOeabge\n|t:|1700270517\n|gametype|doubles\n|player|p1|azurillwajio|bugcatcher-gen4dp|1000\n|player|p2|FarttyOeabge|266|1000\n|teamsize|p1|6\n|teamsize|p2|6\n|gen|9\n|tier|[Gen 9] Doubles OU\n|rated|\n|rule|Species Clause: Limit one of each Pok\u00e9mon\n|rule|OHKO Clause: OHKO moves are banned\n|rule|Evasion Moves Clause: Evasion moves are banned\n|rule|Gravity Sleep Clause: The combination of sleep-inducing moves with imperfect accuracy and Gravity or Gigantamax Orbeetle are banned\n|rule|Endless Battle Clause: Forcing endless battles is banned\n|rule|HP Percentage Mod: HP is shown in percentages\n|clearpoke\n|poke|p1|Kingambit, F|\n|poke|p1|Tornadus, M|\n|poke|p1|Flutter Mane|\n|poke|p1|Landorus-Therian, M|\n|poke|p1|Ogerpon-Wellspring, F|\n|poke|p1|Heatran, M|\n|poke|p2|Dragonite, F|\n|poke|p2|Flutter Mane|\n|poke|p2|Talonflame, F|\n|poke|p2|Iron Hands|\n|poke|p2|Tinkaton, F|\n|poke|p2|Goodra-Hisui, M|\n|teampreview\n|\n|t:|1700270556\n|start\n|switch|p1a: Tornadus|Tornadus, M|100\/100\n|switch|p1b: Landorus|Landorus-Therian, M|100\/100\n|switch|p2a: Talonflame|Talonflame, F|100\/100\n|switch|p2b: Flutter Mane|Flutter Mane|100\/100\n|-ability|p1b: Landorus|Intimidate|boost\n|-unboost|p2a: Talonflame|atk|1\n|-unboost|p2b: Flutter Mane|atk|1\n|turn|1\n|\n|t:|1700270582\n|move|p1a: Tornadus|Tailwind|p1a: Tornadus\n|-sidestart|p1: azurillwajio|move: Tailwind\n|move|p1b: Landorus|Rock Slide|p2b: Flutter Mane|[spread] p2a,p2b\n|-supereffective|p2a: Talonflame\n|-damage|p2a: Talonflame|0 fnt\n|-damage|p2b: Flutter Mane|25\/100\n|faint|p2a: Talonflame\n|move|p2b: Flutter Mane|Thunderbolt|p1a: Tornadus\n|-supereffective|p1a: Tornadus\n|-crit|p1a: Tornadus\n|-damage|p1a: Tornadus|0 fnt\n|faint|p1a: Tornadus\n|\n|upkeep\n|c|\u2606azurillwajio|Hello! Im new to this game, how are you\n|c|\u2606azurillwajio|i come from France\n|c|\u2606azurillwajio|Oui\n|\n|t:|1700270624\n|switch|p2a: Goodra|Goodra-Hisui, M, shiny|100\/100\n|switch|p1a: Heatran|Heatran, M|100\/100\n|turn|2\n|\n|t:|1700270638\n|move|p2a: Goodra|Protect|p2a: Goodra\n|-singleturn|p2a: Goodra|Protect\n|move|p1b: Landorus|Rock Slide|p2b: Flutter Mane|[spread] p2b\n|-activate|p2a: Goodra|move: Protect\n|-damage|p2b: Flutter Mane|0 fnt\n|faint|p2b: Flutter Mane\n|-end|p2b: Flutter Mane|Protosynthesis|[silent]\n|move|p1a: Heatran|Earth Power|p2a: Goodra\n|-activate|p2a: Goodra|move: Protect\n|\n|upkeep\n|c|\u2606azurillwajio|le good luck!\n|c|\u2606azurillwajio|oui!\n|\n|t:|1700270654\n|switch|p2b: Tinkaton|Tinkaton, F|100\/100\n|-ability|p2b: Tinkaton|Mold Breaker\n|turn|3\n|\n|t:|1700270673\n|move|p2b: Tinkaton|Fake Out|p1a: Heatran\n|-resisted|p1a: Heatran\n|-damage|p1a: Heatran|96\/100\n|move|p1b: Landorus|Rock Slide|p2b: Tinkaton|[spread] p2a,p2b\n|-resisted|p2a: Goodra\n|-resisted|p2b: Tinkaton\n|-damage|p2a: Goodra|85\/100\n|-damage|p2b: Tinkaton|77\/100\n|cant|p1a: Heatran|flinch\n|move|p2a: Goodra|Heavy Slam|p1b: Landorus\n|-damage|p1b: Landorus|57\/100\n|\n|-heal|p1a: Heatran|100\/100|[from] item: Leftovers\n|-heal|p2a: Goodra|91\/100|[from] item: Leftovers\n|upkeep\n|turn|4\n|\n|t:|1700270702\n|switch|p1b: Kingambit|Kingambit, F|100\/100\n|-activate|p1b: Kingambit|ability: Supreme Overlord\n|-start|p1b: Kingambit|fallen1|[silent]\n|move|p2a: Goodra|Protect|p2a: Goodra\n|-singleturn|p2a: Goodra|Protect\n|move|p1a: Heatran|Heat Wave|p2b: Tinkaton|[spread] \n|-activate|p2a: Goodra|move: Protect\n|-miss|p1a: Heatran|p2b: Tinkaton\n|move|p2b: Tinkaton|Gigaton Hammer|p1b: Kingambit\n|-resisted|p1b: Kingambit\n|-damage|p1b: Kingambit|77\/100\n|\n|-heal|p2a: Goodra|97\/100|[from] item: Leftovers\n|-sideend|p1: azurillwajio|move: Tailwind\n|upkeep\n|turn|5\n|inactive|Battle timer is ON: inactive players will automatically lose when time's up. (requested by azurillwajio)\n|inactive|FarttyOeabge has 120 seconds left.\n|\n|t:|1700270735\n|move|p2b: Tinkaton|Play Rough|p1a: Heatran\n|-resisted|p1a: Heatran\n|-damage|p1a: Heatran|93\/100\n|move|p1a: Heatran|Earth Power|p2a: Goodra\n|-supereffective|p2a: Goodra\n|-damage|p2a: Goodra|56\/100\n|move|p2a: Goodra|Body Press|p1b: Kingambit\n|-supereffective|p1b: Kingambit\n|-crit|p1b: Kingambit\n|-damage|p1b: Kingambit|0 fnt\n|faint|p1b: Kingambit\n|-end|p1b: Kingambit|fallen1|[silent]\n|\n|-heal|p1a: Heatran|99\/100|[from] item: Leftovers\n|-heal|p2a: Goodra|62\/100|[from] item: Leftovers\n|upkeep\n|c|\u2606azurillwajio|banjor!\n|\n|t:|1700270747\n|switch|p1b: Landorus|Landorus-Therian, M|57\/100\n|-ability|p1b: Landorus|Intimidate|boost\n|-unboost|p2a: Goodra|atk|1\n|-unboost|p2b: Tinkaton|atk|1\n|turn|6\n|inactive|FarttyOeabge has 120 seconds left.\n|\n|t:|1700270791\n|move|p2b: Tinkaton|Play Rough|p1b: Landorus\n|-damage|p1b: Landorus|29\/100\n|move|p1b: Landorus|Earthquake|p2b: Tinkaton|[spread] p1a,p2a,p2b\n|-supereffective|p1a: Heatran\n|-supereffective|p2a: Goodra\n|-supereffective|p2b: Tinkaton\n|-damage|p1a: Heatran|0 fnt\n|-damage|p2a: Goodra|0 fnt\n|-damage|p2b: Tinkaton|0 fnt\n|faint|p1a: Heatran\n|faint|p2a: Goodra\n|faint|p2b: Tinkaton\n|\n|upkeep\n|\n|t:|1700270803\n|switch|p2b: Iron Hands|Iron Hands|100\/100\n|switch|p1a: Flutter Mane|Flutter Mane|100\/100\n|switch|p2a: Dragonite|Dragonite, F|100\/100\n|turn|7\n|c|\u2606azurillwajio|ouiuo!\n|inactive|FarttyOeabge has 120 seconds left.\n|\n|t:|1700270852\n|switch|p1b: Oregon-Wellspring|Ogerpon-Wellspring, F|100\/100\n|-terastallize|p2a: Dragonite|Normal\n|move|p2a: Dragonite|Extreme Speed|p1b: Oregon-Wellspring\n|-damage|p1b: Oregon-Wellspring|30\/100\n|move|p1a: Flutter Mane|Moonblast|p2b: Iron Hands\n|-supereffective|p2b: Iron Hands\n|-damage|p2b: Iron Hands|19\/100\n|-unboost|p2b: Iron Hands|spa|1\n|move|p2b: Iron Hands|Close Combat|p1a: Flutter Mane\n|-immune|p1a: Flutter Mane\n|\n|upkeep\n|turn|8\n|inactive|FarttyOeabge has 120 seconds left.\n|\n|t:|1700270878\n|move|p1b: Oregon-Wellspring|Follow Me|p1b: Oregon-Wellspring\n|-singleturn|p1b: Oregon-Wellspring|move: Follow Me\n|move|p2a: Dragonite|Extreme Speed|p1b: Oregon-Wellspring\n|-crit|p1b: Oregon-Wellspring\n|-damage|p1b: Oregon-Wellspring|0 fnt\n|faint|p1b: Oregon-Wellspring\n|move|p1a: Flutter Mane|Moonblast|p2b: Iron Hands\n|-supereffective|p2b: Iron Hands\n|-damage|p2b: Iron Hands|0 fnt\n|faint|p2b: Iron Hands\n|-end|p2b: Iron Hands|Quark Drive|[silent]\n|\n|upkeep\n|\n|t:|1700270887\n|switch|p1b: Landorus|Landorus-Therian, M|29\/100\n|-ability|p1b: Landorus|Intimidate|boost\n|-fail|p2a: Dragonite|unboost|Attack|[from] ability: Inner Focus|[of] p2a: Dragonite\n|turn|9\n|\n|t:|1700270908\n|-terastallize|p1a: Flutter Mane|Fairy\n|move|p2a: Dragonite|Extreme Speed|p1b: Landorus\n|-damage|p1b: Landorus|0 fnt\n|faint|p1b: Landorus\n|move|p1a: Flutter Mane|Moonblast|p1: Landorus|[notarget]\n|-fail|p1a: Flutter Mane\n|\n|upkeep\n|turn|10\n|\n|t:|1700270919\n|move|p2a: Dragonite|Extreme Speed|p1a: Flutter Mane\n|-damage|p1a: Flutter Mane|0 fnt\n|faint|p1a: Flutter Mane\n|-end|p1a: Flutter Mane|Protosynthesis|[silent]\n|\n|win|FarttyOeabge\n|raw|azurillwajio's rating: 1000 &rarr; <strong>1000<\/strong><br \/>(+0 for losing)\n|raw|FarttyOeabge's rating: 1000 &rarr; <strong>1040<\/strong><br \/>(+40 for winning)\n|l|\u2606azurillwajio\n|j| sirazurill\n","uploadtime":1700270968,"views":8,"p1id":"azurillwajio","p2id":"farttyoeabge","formatid":"gen9doublesou","rating":1000,"private":0,"password":""}