{"id":"gen9doublesou-1990095104","p1":"buoyantvocalist","p2":"Metal Jester","format":"[Gen 9] Doubles OU","log":"|j|\u2606buoyantvocalist\n|j|\u2606Metal Jester\n|t:|1699923993\n|gametype|doubles\n|player|p1|buoyantvocalist|clown|1196\n|player|p2|Metal Jester|ingo|1266\n|teamsize|p1|6\n|teamsize|p2|6\n|gen|9\n|tier|[Gen 9] Doubles OU\n|rated|\n|rule|Species Clause: Limit one of each Pok\u00e9mon\n|rule|OHKO Clause: OHKO moves are banned\n|rule|Evasion Moves Clause: Evasion moves are banned\n|rule|Gravity Sleep Clause: The combination of sleep-inducing moves with imperfect accuracy and Gravity or Gigantamax Orbeetle are banned\n|rule|Endless Battle Clause: Forcing endless battles is banned\n|rule|HP Percentage Mod: HP is shown in percentages\n|clearpoke\n|poke|p1|Scizor, M|\n|poke|p1|Espathra, M|\n|poke|p1|Sinistcha-Masterpiece|\n|poke|p1|Volcanion|\n|poke|p1|Snorlax, M|\n|poke|p1|Baxcalibur, M|\n|poke|p2|Charjabug, M|\n|poke|p2|Flutter Mane|\n|poke|p2|Iron Moth|\n|poke|p2|Scream Tail|\n|poke|p2|Tornadus, M|\n|poke|p2|Scizor, M|\n|teampreview\n|inactive|Battle timer is ON: inactive players will automatically lose when time's up. (requested by Metal Jester)\n|\n|t:|1699924013\n|start\n|switch|p1a: Scizor|Scizor, M|100\/100\n|switch|p1b: Snorlax|Snorlax, M|100\/100\n|switch|p2a: Charjabug|Charjabug, M, shiny|100\/100\n|switch|p2b: Iron Moth|Iron Moth, shiny|100\/100\n|-enditem|p2b: Iron Moth|Booster Energy\n|-activate|p2b: Iron Moth|ability: Quark Drive|[fromitem]\n|-start|p2b: Iron Moth|quarkdrivespa\n|turn|1\n|\n|t:|1699924039\n|switch|p1a: Baxcalibur|Baxcalibur, M|100\/100\n|-terastallize|p2b: Iron Moth|Fire\n|move|p2b: Iron Moth|Heat Wave|p1a: Baxcalibur|[spread] p1a,p1b\n|-damage|p1a: Baxcalibur|8\/100\n|-damage|p1b: Snorlax|50\/100\n|-ability|p1a: Baxcalibur|Thermal Exchange|boost\n|-boost|p1a: Baxcalibur|atk|1\n|-enditem|p1b: Snorlax|Figy Berry|[eat]\n|-heal|p1b: Snorlax|83\/100|[from] item: Figy Berry\n|move|p2a: Charjabug|Sticky Web|p1a: Baxcalibur\n|-sidestart|p1: buoyantvocalist|move: Sticky Web\n|move|p1b: Snorlax|Belly Drum|p1b: Snorlax\n|-damage|p1b: Snorlax|33\/100\n|-setboost|p1b: Snorlax|atk|6|[from] move: Belly Drum\n|\n|upkeep\n|turn|2\n|\n|t:|1699924061\n|move|p2b: Iron Moth|Discharge|p1b: Snorlax|[spread] p2a,p1a,p1b\n|-resisted|p2a: Charjabug\n|-resisted|p1a: Baxcalibur\n|-damage|p2a: Charjabug|87\/100\n|-damage|p1a: Baxcalibur|0 fnt\n|-damage|p1b: Snorlax|9\/100\n|faint|p1a: Baxcalibur\n|move|p2a: Charjabug|Light Screen|p2a: Charjabug\n|-sidestart|p2: Metal Jester|move: Light Screen\n|move|p1b: Snorlax|Last Resort|p2b: Iron Moth\n|-damage|p2b: Iron Moth|0 fnt\n|faint|p2b: Iron Moth\n|-end|p2b: Iron Moth|Quark Drive|[silent]\n|\n|upkeep\n|\n|t:|1699924078\n|switch|p2b: Tornadus|Tornadus, M|100\/100\n|switch|p1a: Espathra|Espathra, M|100\/100\n|-activate|p1a: Espathra|move: Sticky Web\n|-unboost|p1a: Espathra|spe|1\n|turn|3\n|\n|t:|1699924091\n|move|p2b: Tornadus|Bleakwind Storm|p1a: Espathra|[spread] p1a,p1b\n|-damage|p1a: Espathra|38\/100\n|-damage|p1b: Snorlax|0 fnt\n|faint|p1b: Snorlax\n|move|p1a: Espathra|Lumina Crash|p2b: Tornadus\n|-damage|p2b: Tornadus|79\/100\n|move|p2a: Charjabug|Struggle Bug|p1a: Espathra\n|-supereffective|p1a: Espathra\n|-damage|p1a: Espathra|3\/100\n|-unboost|p1a: Espathra|spa|1\n|\n|-heal|p1a: Espathra|9\/100|[from] item: Leftovers\n|-ability|p1a: Espathra|Speed Boost|boost\n|-boost|p1a: Espathra|spe|1\n|upkeep\n|\n|t:|1699924108\n|switch|p1b: Scizor|Scizor, M|100\/100\n|-activate|p1b: Scizor|move: Sticky Web\n|-unboost|p1b: Scizor|spe|1\n|turn|4\n|\n|t:|1699924134\n|move|p1a: Espathra|Lumina Crash|p2b: Tornadus\n|-damage|p2b: Tornadus|65\/100\n|move|p2b: Tornadus|Bleakwind Storm|p1b: Scizor|[spread] p1a,p1b\n|-damage|p1a: Espathra|0 fnt\n|-damage|p1b: Scizor|60\/100\n|faint|p1a: Espathra\n|move|p1b: Scizor|Fury Cutter|p2a: Charjabug\n|-damage|p2a: Charjabug|67\/100\n|move|p2a: Charjabug|Discharge|p1b: Scizor|[spread] p2b,p1b\n|-supereffective|p2b: Tornadus\n|-damage|p2b: Tornadus|53\/100\n|-damage|p1b: Scizor|47\/100\n|\n|upkeep\n|\n|t:|1699924142\n|switch|p1a: Volcanion|Volcanion|100\/100\n|-activate|p1a: Volcanion|move: Sticky Web\n|-unboost|p1a: Volcanion|spe|1\n|turn|5\n|\n|t:|1699924154\n|move|p2b: Tornadus|Tailwind|p2b: Tornadus\n|-sidestart|p2: Metal Jester|move: Tailwind\n|move|p2a: Charjabug|Discharge|p1b: Scizor|[spread] p2b,p1a,p1b\n|-supereffective|p2b: Tornadus\n|-supereffective|p1a: Volcanion\n|-damage|p2b: Tornadus|40\/100\n|-damage|p1a: Volcanion|74\/100\n|-damage|p1b: Scizor|33\/100\n|move|p1a: Volcanion|Heat Wave|p2b: Tornadus|[spread] p2a,p2b\n|-supereffective|p2a: Charjabug\n|-damage|p2a: Charjabug|17\/100\n|-damage|p2b: Tornadus|14\/100\n|-damage|p1a: Volcanion|64\/100|[from] item: Life Orb\n|move|p1b: Scizor|Fury Cutter|p2a: Charjabug\n|-damage|p2a: Charjabug|0 fnt\n|faint|p2a: Charjabug\n|\n|upkeep\n|\n|t:|1699924168\n|switch|p2a: Flutter Mane|Flutter Mane, shiny|100\/100\n|turn|6\n|\n|t:|1699924178\n|move|p2a: Flutter Mane|Shadow Ball|p1a: Volcanion\n|-crit|p1a: Volcanion\n|-damage|p1a: Volcanion|0 fnt\n|faint|p1a: Volcanion\n|move|p2b: Tornadus|Bleakwind Storm|p1b: Scizor\n|-damage|p1b: Scizor|0 fnt\n|faint|p1b: Scizor\n|\n|-sideend|p2: Metal Jester|move: Light Screen\n|upkeep\n|\n|t:|1699924187\n|switch|p1b: Sinistcha|Sinistcha-Masterpiece|100\/100\n|-activate|p1b: Sinistcha|move: Sticky Web\n|-unboost|p1b: Sinistcha|spe|1\n|turn|7\n|\n|t:|1699924194\n|move|p2a: Flutter Mane|Shadow Ball|p1b: Sinistcha\n|-supereffective|p1b: Sinistcha\n|-damage|p1b: Sinistcha|0 fnt\n|faint|p1b: Sinistcha\n|\n|win|Metal Jester\n|raw|buoyantvocalist's rating: 1196 &rarr; <strong>1176<\/strong><br \/>(-20 for losing)\n|raw|Metal Jester's rating: 1266 &rarr; <strong>1286<\/strong><br \/>(+20 for winning)\n|l|\u2606buoyantvocalist\n","uploadtime":1699924199,"views":13,"p1id":"buoyantvocalist","p2id":"metaljester","formatid":"gen9doublesou","rating":1176,"private":0,"password":""}