{"id":"gen9doublesou-1970574392","p1":"dragonkingkwamique","p2":"Mongoose556","format":"[Gen 9] Doubles OU","log":"|j|\u2606dragonkingkwamique\n|j|\u2606Mongoose556\n|t:|1697649482\n|gametype|doubles\n|player|p1|dragonkingkwamique|unknown|1160\n|player|p2|Mongoose556|may|1220\n|teamsize|p1|6\n|teamsize|p2|6\n|gen|9\n|tier|[Gen 9] Doubles OU\n|rated|\n|rule|Species Clause: Limit one of each Pok\u00e9mon\n|rule|OHKO Clause: OHKO moves are banned\n|rule|Evasion Moves Clause: Evasion moves are banned\n|rule|Gravity Sleep Clause: The combination of sleep-inducing moves with imperfect accuracy and Gravity or Gigantamax Orbeetle are banned\n|rule|Endless Battle Clause: Forcing endless battles is banned\n|rule|HP Percentage Mod: HP is shown in percentages\n|clearpoke\n|poke|p1|Tornadus, M|\n|poke|p1|Chi-Yu|\n|poke|p1|Clefairy, F|\n|poke|p1|Flutter Mane|\n|poke|p1|Sinistcha|\n|poke|p1|Ursaluna-Bloodmoon, M|\n|poke|p2|Chandelure, M|\n|poke|p2|Polteageist|\n|poke|p2|Gengar, F|\n|poke|p2|Sableye, M|\n|poke|p2|Trevenant, F|\n|poke|p2|Oricorio-Sensu, F|\n|teampreview\n|inactive|Battle timer is ON: inactive players will automatically lose when time's up. (requested by dragonkingkwamique)\n|\n|t:|1697649494\n|start\n|switch|p1a: Tornadus|Tornadus, M|100\/100\n|switch|p1b: Ursaluna|Ursaluna-Bloodmoon, M|100\/100\n|switch|p2a: Trog|Sableye, M|100\/100\n|switch|p2b: Gengar|Gengar, F, shiny|100\/100\n|turn|1\n|\n|t:|1697649512\n|move|p1a: Tornadus|Tailwind|p1a: Tornadus\n|-sidestart|p1: dragonkingkwamique|move: Tailwind\n|move|p2a: Trog|Light Screen|p2a: Trog\n|-sidestart|p2: Mongoose556|move: Light Screen\n|move|p1b: Ursaluna|Blood Moon|p2b: Gengar\n|-enditem|p2b: Gengar|Focus Sash\n|-damage|p2b: Gengar|1\/100\n|move|p2b: Gengar|Thunderbolt|p1a: Tornadus\n|-supereffective|p1a: Tornadus\n|-damage|p1a: Tornadus|7\/100\n|\n|upkeep\n|turn|2\n|inactive|dragonkingkwamique has 120 seconds left.\n|\n|t:|1697649550\n|switch|p1a: Clefairy|Clefairy, F|100\/100\n|move|p1b: Ursaluna|Hyper Voice|p2a: Trog|[spread] p2a,p2b\n|-damage|p2a: Trog|62\/100\n|-damage|p2b: Gengar|0 fnt\n|faint|p2b: Gengar\n|move|p2a: Trog|Lash Out|p1a: Clefairy\n|-resisted|p1a: Clefairy\n|-damage|p1a: Clefairy|87\/100\n|\n|upkeep\n|inactive|Mongoose556 has 120 seconds left.\n|\n|t:|1697649565\n|switch|p2b: Arboreater|Trevenant, F, shiny|100\/100\n|turn|3\n|\n|t:|1697649574\n|move|p1b: Ursaluna|Blood Moon|p2b: Arboreater\n|-damage|p2b: Arboreater|33\/100\n|-enditem|p2b: Arboreater|Sitrus Berry|[eat]\n|-heal|p2b: Arboreater|57\/100|[from] item: Sitrus Berry\n|move|p1a: Clefairy|Wish|p1a: Clefairy\n|move|p2b: Arboreater|Poison Jab|p1a: Clefairy\n|-supereffective|p1a: Clefairy\n|-damage|p1a: Clefairy|23\/100\n|move|p2a: Trog|Poltergeist|p1a: Clefairy\n|-activate|p1a: Clefairy|move: Poltergeist|Eviolite\n|-damage|p1a: Clefairy|0 fnt\n|faint|p1a: Clefairy\n|\n|-item|p2b: Arboreater|Sitrus Berry|[from] ability: Harvest\n|upkeep\n|\n|t:|1697649589\n|switch|p1a: Flutter Mane|Flutter Mane|100\/100\n|turn|4\n|\n|t:|1697649595\n|move|p1a: Flutter Mane|Dazzling Gleam|p2a: Trog|[spread] p2a,p2b\n|-supereffective|p2a: Trog\n|-damage|p2a: Trog|0 fnt\n|-damage|p2b: Arboreater|26\/100\n|-enditem|p2b: Arboreater|Sitrus Berry|[eat]\n|-heal|p2b: Arboreater|51\/100|[from] item: Sitrus Berry\n|faint|p2a: Trog\n|move|p1b: Ursaluna|Hyper Voice|p2b: Arboreater\n|-damage|p2b: Arboreater|2\/100\n|move|p2b: Arboreater|Horn Leech|p1b: Ursaluna\n|-supereffective|p1b: Ursaluna\n|-damage|p1b: Ursaluna|44\/100\n|-heal|p2b: Arboreater|30\/100|[from] drain|[of] p1b: Ursaluna\n|\n|-sideend|p1: dragonkingkwamique|move: Tailwind\n|-item|p2b: Arboreater|Sitrus Berry|[from] ability: Harvest\n|upkeep\n|-enditem|p2b: Arboreater|Sitrus Berry|[eat]\n|-heal|p2b: Arboreater|55\/100|[from] item: Sitrus Berry\n|\n|t:|1697649610\n|switch|p2a: Blaze Brewer|Chandelure, M, shiny|100\/100\n|turn|5\n|\n|t:|1697649637\n|-terastallize|p2a: Blaze Brewer|Ghost\n|move|p2a: Blaze Brewer|Shadow Ball|p1a: Flutter Mane\n|-supereffective|p1a: Flutter Mane\n|-damage|p1a: Flutter Mane|0 fnt\n|faint|p1a: Flutter Mane\n|-end|p1a: Flutter Mane|Protosynthesis|[silent]\n|move|p1b: Ursaluna|Blood Moon|p2a: Blaze Brewer\n|-damage|p2a: Blaze Brewer|7\/100\n|move|p2b: Arboreater|Horn Leech|p1b: Ursaluna\n|-supereffective|p1b: Ursaluna\n|-damage|p1b: Ursaluna|0 fnt\n|-heal|p2b: Arboreater|76\/100|[from] drain|[of] p1b: Ursaluna\n|faint|p1b: Ursaluna\n|\n|upkeep\n|inactive|dragonkingkwamique has 120 seconds left.\n|\n|t:|1697649651\n|switch|p1a: Tornadus|Tornadus, M|7\/100\n|switch|p1b: Chi-Yu|Chi-Yu|100\/100\n|-ability|p1b: Chi-Yu|Beads of Ruin\n|turn|6\n|\n|t:|1697649658\n|move|p1a: Tornadus|Tailwind|p1a: Tornadus\n|-sidestart|p1: dragonkingkwamique|move: Tailwind\n|move|p1b: Chi-Yu|Heat Wave|p2a: Blaze Brewer|[spread] p2a,p2b\n|-supereffective|p2b: Arboreater\n|-damage|p2a: Blaze Brewer|0 fnt\n|-damage|p2b: Arboreater|3\/100\n|faint|p2a: Blaze Brewer\n|move|p2b: Arboreater|Drain Punch|p1b: Chi-Yu\n|-supereffective|p1b: Chi-Yu\n|-crit|p1b: Chi-Yu\n|-damage|p1b: Chi-Yu|0 fnt\n|-heal|p2b: Arboreater|37\/100|[from] drain|[of] p1b: Chi-Yu\n|faint|p1b: Chi-Yu\n|\n|upkeep\n|\n|t:|1697649669\n|switch|p1b: Sinistcha|Sinistcha|100\/100\n|switch|p2a: Machine Ghost|Polteageist|100\/100\n|-heal|p1a: Tornadus|32\/100|[from] ability: Hospitality|[of] p1b: Sinistcha\n|turn|7\n|\n|t:|1697649680\n|move|p1a: Tornadus|Bleakwind Storm|p2b: Arboreater|[spread] \n|-miss|p1a: Tornadus|p2a: Machine Ghost\n|-miss|p1a: Tornadus|p2b: Arboreater\n|move|p1b: Sinistcha|Matcha Gotcha|p2a: Machine Ghost|[spread] p2a,p2b\n|-resisted|p2b: Arboreater\n|-damage|p2a: Machine Ghost|81\/100\n|-damage|p2b: Arboreater|25\/100\n|move|p2a: Machine Ghost|Shadow Ball|p1b: Sinistcha\n|-supereffective|p1b: Sinistcha\n|-damage|p1b: Sinistcha|0 fnt\n|faint|p1b: Sinistcha\n|move|p2b: Arboreater|Shadow Claw|p1a: Tornadus\n|-damage|p1a: Tornadus|0 fnt\n|faint|p1a: Tornadus\n|\n|win|Mongoose556\n|raw|dragonkingkwamique's rating: 1160 &rarr; <strong>1139<\/strong><br \/>(-21 for losing)\n|raw|Mongoose556's rating: 1220 &rarr; <strong>1241<\/strong><br \/>(+21 for winning)\n|c|\u2606dragonkingkwamique|gg\n|l|\u2606dragonkingkwamique\n","uploadtime":1697649706,"views":20,"p1id":"dragonkingkwamique","p2id":"mongoose556","formatid":"gen9doublesou","rating":1139,"private":0,"password":""}