{"id":"gen9doublesou-1999660553","p1":"Shelf1446","p2":"Sojjjy","format":"[Gen 9] Doubles OU","log":"|j|\u2606Shelf1446\n|j|\u2606Sojjjy\n|t:|1701105496\n|gametype|doubles\n|player|p1|Shelf1446|170|1200\n|player|p2|Sojjjy|nate|1217\n|teamsize|p1|6\n|teamsize|p2|6\n|gen|9\n|tier|[Gen 9] Doubles OU\n|rated|\n|rule|Species Clause: Limit one of each Pok\u00e9mon\n|rule|OHKO Clause: OHKO moves are banned\n|rule|Evasion Moves Clause: Evasion moves are banned\n|rule|Gravity Sleep Clause: The combination of sleep-inducing moves with imperfect accuracy and Gravity or Gigantamax Orbeetle are banned\n|rule|Endless Battle Clause: Forcing endless battles is banned\n|rule|HP Percentage Mod: HP is shown in percentages\n|clearpoke\n|poke|p1|Flutter Mane|\n|poke|p1|Landorus-Therian, M|\n|poke|p1|Garganacl, F|\n|poke|p1|Ninetales-Alola, M|\n|poke|p1|Sinistcha-Masterpiece|\n|poke|p1|Clefairy, M|\n|poke|p2|Kommo-o, F|\n|poke|p2|Gardevoir, M|\n|poke|p2|Kingambit, F|\n|poke|p2|Samurott-Hisui, M|\n|poke|p2|Gholdengo|\n|poke|p2|Ceruledge, M|\n|teampreview\n|inactive|Battle timer is ON: inactive players will automatically lose when time's up. (requested by Shelf1446)\n|c|\u2606Shelf1446|Have fun\n|\n|t:|1701105520\n|start\n|switch|p1a: Ninetales|Ninetales-Alola, M|100\/100\n|switch|p1b: Landorus|Landorus-Therian, M|100\/100\n|switch|p2a: Kingambit|Kingambit, F|100\/100\n|switch|p2b: Gardevoir|Gardevoir, M|100\/100\n|-ability|p1b: Landorus|Intimidate|boost\n|-unboost|p2a: Kingambit|atk|1\n|-unboost|p2b: Gardevoir|atk|1\n|-weather|Snow|[from] ability: Snow Warning|[of] p1a: Ninetales\n|-ability|p2b: Gardevoir|Snow Warning|[from] ability: Trace|[of] p1a: Ninetales\n|turn|1\n|\n|t:|1701105540\n|move|p1b: Landorus|Stomping Tantrum|p2a: Kingambit\n|-supereffective|p2a: Kingambit\n|-damage|p2a: Kingambit|41\/100\n|move|p1a: Ninetales|Aurora Veil|p1a: Ninetales\n|-sidestart|p1: Shelf1446|move: Aurora Veil\n|move|p2b: Gardevoir|Psychic|p1b: Landorus\n|-damage|p1b: Landorus|63\/100\n|move|p2a: Kingambit|Swords Dance|p2a: Kingambit\n|-boost|p2a: Kingambit|atk|2\n|\n|-weather|Snow|[upkeep]\n|-heal|p2a: Kingambit|47\/100|[from] item: Leftovers\n|upkeep\n|turn|2\n|\n|t:|1701105560\n|-terastallize|p2a: Kingambit|Flying\n|move|p1b: Landorus|Stomping Tantrum|p2a: Kingambit\n|-immune|p2a: Kingambit\n|move|p1a: Ninetales|Moonblast|p2a: Kingambit\n|-damage|p2a: Kingambit|21\/100\n|move|p2b: Gardevoir|Heal Pulse|p2a: Kingambit\n|-heal|p2a: Kingambit|71\/100\n|move|p2a: Kingambit|Iron Head|p1a: Ninetales\n|-supereffective|p1a: Ninetales\n|-damage|p1a: Ninetales|0 fnt\n|faint|p1a: Ninetales\n|\n|-weather|Snow|[upkeep]\n|-heal|p2a: Kingambit|77\/100|[from] item: Leftovers\n|upkeep\n|\n|t:|1701105579\n|switch|p1a: Garganacl|Garganacl, F|100\/100\n|turn|3\n|inactive|Sojjjy has 120 seconds left.\n|\n|t:|1701105610\n|switch|p1b: Sinistcha|Sinistcha-Masterpiece|100\/100\n|-end|p2a: Kingambit|fallenundefined|[silent]\n|switch|p2a: Kommo-o|Kommo-o, F|100\/100\n|-terastallize|p1a: Garganacl|Normal\n|move|p2b: Gardevoir|Moonblast|p1b: Sinistcha\n|-damage|p1b: Sinistcha|60\/100\n|-unboost|p1b: Sinistcha|spa|1\n|move|p1a: Garganacl|Explosion|p2a: Kommo-o|[spread] p2a,p2b\n|-immune|p1b: Sinistcha\n|-enditem|p1a: Garganacl|Normal Gem|[from] gem\n|-damage|p2a: Kommo-o|0 fnt\n|-damage|p2b: Gardevoir|0 fnt\n|faint|p1a: Garganacl\n|faint|p2a: Kommo-o\n|faint|p2b: Gardevoir\n|\n|-weather|Snow|[upkeep]\n|upkeep\n|\n|t:|1701105629\n|switch|p2a: Samurott|Samurott-Hisui, M|100\/100\n|switch|p2b: Ceruledge|Ceruledge, M|100\/100\n|switch|p1a: Landorus|Landorus-Therian, M|63\/100\n|-ability|p1a: Landorus|Intimidate|boost\n|-unboost|p2a: Samurott|atk|1\n|-unboost|p2b: Ceruledge|atk|1\n|turn|4\n|\n|t:|1701105654\n|move|p1a: Landorus|Stomping Tantrum|p2b: Ceruledge\n|-supereffective|p2b: Ceruledge\n|-enditem|p2b: Ceruledge|Focus Sash\n|-damage|p2b: Ceruledge|1\/100\n|-ability|p2b: Ceruledge|Weak Armor|boost\n|-unboost|p2b: Ceruledge|def|1\n|-boost|p2b: Ceruledge|spe|2\n|move|p2b: Ceruledge|Poltergeist|p1b: Sinistcha\n|-activate|p1b: Sinistcha|move: Poltergeist|Sitrus Berry\n|-supereffective|p1b: Sinistcha\n|-damage|p1b: Sinistcha|17\/100\n|-enditem|p1b: Sinistcha|Sitrus Berry|[eat]\n|-heal|p1b: Sinistcha|42\/100|[from] item: Sitrus Berry\n|move|p2a: Samurott|Aqua Cutter|p1a: Landorus\n|-supereffective|p1a: Landorus\n|-damage|p1a: Landorus|0 fnt\n|faint|p1a: Landorus\n|-damage|p2a: Samurott|91\/100|[from] item: Life Orb\n|move|p1b: Sinistcha|Matcha Gotcha|p2a: Samurott|[spread] p2a,p2b\n|-supereffective|p2a: Samurott\n|-resisted|p2b: Ceruledge\n|-damage|p2a: Samurott|34\/100\n|-heal|p1b: Sinistcha|68\/100|[from] drain|[of] p2a: Samurott\n|-damage|p2b: Ceruledge|0 fnt\n|-heal|p1b: Sinistcha|69\/100|[from] drain|[of] p2b: Ceruledge\n|-status|p2a: Samurott|brn\n|faint|p2b: Ceruledge\n|\n|-weather|Snow|[upkeep]\n|-damage|p2a: Samurott|28\/100 brn|[from] brn\n|upkeep\n|\n|t:|1701105683\n|switch|p1a: Clefairy|Clefairy, M|100\/100\n|switch|p2b: Kingambit|Kingambit, F, tera:Flying|77\/100\n|-activate|p2b: Kingambit|ability: Supreme Overlord\n|-start|p2b: Kingambit|fallen3|[silent]\n|turn|5\n|\n|t:|1701105696\n|move|p1a: Clefairy|Follow Me|p1a: Clefairy\n|-singleturn|p1a: Clefairy|move: Follow Me\n|move|p2a: Samurott|Ceaseless Edge|p1a: Clefairy|[miss]\n|-miss|p2a: Samurott|p1a: Clefairy\n|move|p1b: Sinistcha|Substitute|p1b: Sinistcha\n|-start|p1b: Sinistcha|Substitute\n|-damage|p1b: Sinistcha|44\/100\n|move|p2b: Kingambit|Swords Dance|p2b: Kingambit\n|-boost|p2b: Kingambit|atk|2\n|\n|-weather|none\n|-heal|p2b: Kingambit|83\/100|[from] item: Leftovers\n|-damage|p2a: Samurott|22\/100 brn|[from] brn\n|upkeep\n|turn|6\n|inactive|Shelf1446 has 120 seconds left.\n|\n|t:|1701105729\n|move|p1a: Clefairy|Follow Me|p1a: Clefairy\n|-singleturn|p1a: Clefairy|move: Follow Me\n|move|p2a: Samurott|Aqua Cutter|p1a: Clefairy\n|-crit|p1a: Clefairy\n|-damage|p1a: Clefairy|51\/100\n|-damage|p2a: Samurott|12\/100 brn|[from] item: Life Orb\n|move|p1b: Sinistcha|Calm Mind|p1b: Sinistcha\n|-boost|p1b: Sinistcha|spa|1\n|-boost|p1b: Sinistcha|spd|1\n|move|p2b: Kingambit|Iron Head|p1a: Clefairy\n|-supereffective|p1a: Clefairy\n|-damage|p1a: Clefairy|0 fnt\n|faint|p1a: Clefairy\n|\n|-heal|p2b: Kingambit|89\/100|[from] item: Leftovers\n|-damage|p2a: Samurott|6\/100 brn|[from] brn\n|upkeep\n|inactive|Shelf1446 has 120 seconds left.\n|\n|t:|1701105744\n|switch|p1a: Flutter Mane|Flutter Mane|100\/100\n|-enditem|p1a: Flutter Mane|Booster Energy\n|-activate|p1a: Flutter Mane|ability: Protosynthesis|[fromitem]\n|-start|p1a: Flutter Mane|protosynthesisspe\n|turn|7\n|inactive|Shelf1446 has 120 seconds left.\n|\n|t:|1701105766\n|move|p1a: Flutter Mane|Moonblast|p2b: Kingambit\n|-damage|p2b: Kingambit|50\/100\n|move|p2a: Samurott|Ceaseless Edge|p1b: Sinistcha\n|-supereffective|p1b: Sinistcha\n|-activate|p1b: Sinistcha|move: Substitute|[damage]\n|-sidestart|p1: Shelf1446|Spikes\n|-damage|p2a: Samurott|0 fnt|[from] item: Life Orb\n|faint|p2a: Samurott\n|move|p1b: Sinistcha|Calm Mind|p1b: Sinistcha\n|-boost|p1b: Sinistcha|spa|1\n|-boost|p1b: Sinistcha|spd|1\n|move|p2b: Kingambit|Kowtow Cleave|p1b: Sinistcha\n|-supereffective|p1b: Sinistcha\n|-end|p1b: Sinistcha|Substitute\n|\n|-heal|p2b: Kingambit|56\/100|[from] item: Leftovers\n|upkeep\n|\n|t:|1701105781\n|switch|p2a: Gholdengo|Gholdengo|100\/100\n|turn|8\n|\n|t:|1701105798\n|move|p2b: Kingambit|Sucker Punch|p1b: Sinistcha\n|-supereffective|p1b: Sinistcha\n|-damage|p1b: Sinistcha|0 fnt\n|faint|p1b: Sinistcha\n|move|p1a: Flutter Mane|Shadow Ball|p2a: Gholdengo\n|-supereffective|p2a: Gholdengo\n|-damage|p2a: Gholdengo|29\/100\n|move|p2a: Gholdengo|Make It Rain|p1a: Flutter Mane\n|-supereffective|p1a: Flutter Mane\n|-damage|p1a: Flutter Mane|33\/100\n|-unboost|p2a: Gholdengo|spa|1\n|\n|-heal|p2b: Kingambit|62\/100|[from] item: Leftovers\n|-sideend|p1: Shelf1446|move: Aurora Veil\n|upkeep\n|turn|9\n|\n|t:|1701105818\n|move|p1a: Flutter Mane|Moonblast|p2b: Kingambit\n|-damage|p2b: Kingambit|23\/100\n|-unboost|p2b: Kingambit|spa|1\n|move|p2a: Gholdengo|Make It Rain|p1a: Flutter Mane\n|-supereffective|p1a: Flutter Mane\n|-damage|p1a: Flutter Mane|0 fnt\n|-unboost|p2a: Gholdengo|spa|1\n|faint|p1a: Flutter Mane\n|-end|p1a: Flutter Mane|Protosynthesis|[silent]\n|\n|win|Sojjjy\n|raw|Shelf1446's rating: 1200 &rarr; <strong>1176<\/strong><br \/>(-24 for losing)\n|raw|Sojjjy's rating: 1217 &rarr; <strong>1241<\/strong><br \/>(+24 for winning)\n|c|\u2606Shelf1446|Good game\n|l|\u2606Shelf1446\n","uploadtime":1701105832,"views":6,"p1id":"shelf1446","p2id":"sojjjy","formatid":"gen9doublesou","rating":1176,"private":0,"password":""}