{"id":"gen9doublesou-1989708646","p1":"Aviated_Froakie","p2":"AmericanComrade23","format":"[Gen 9] Doubles OU","log":"|j|\u2606Aviated_Froakie\n|j|\u2606AmericanComrade23\n|t:|1699888891\n|gametype|doubles\n|player|p1|Aviated_Froakie|bugcatcher-gen4dp|1119\n|player|p2|AmericanComrade23|170|1152\n|teamsize|p1|6\n|teamsize|p2|6\n|gen|9\n|tier|[Gen 9] Doubles OU\n|rated|\n|rule|Species Clause: Limit one of each Pok\u00e9mon\n|rule|OHKO Clause: OHKO moves are banned\n|rule|Evasion Moves Clause: Evasion moves are banned\n|rule|Gravity Sleep Clause: The combination of sleep-inducing moves with imperfect accuracy and Gravity or Gigantamax Orbeetle are banned\n|rule|Endless Battle Clause: Forcing endless battles is banned\n|rule|HP Percentage Mod: HP is shown in percentages\n|clearpoke\n|poke|p1|Samurott-Hisui, M|\n|poke|p1|Cinderace, M|\n|poke|p1|Ogerpon, F|\n|poke|p1|Tornadus, M|\n|poke|p1|Arcanine-Hisui, M|\n|poke|p1|Quaquaval, F|\n|poke|p2|Spidops, F|\n|poke|p2|Klawf, M|\n|poke|p2|Grimmsnarl, M|\n|poke|p2|Oricorio, F|\n|poke|p2|Volcarona, F|\n|poke|p2|Garchomp, F|\n|teampreview\n|\n|t:|1699888906\n|start\n|switch|p1a: Nado|Tornadus, M|100\/100\n|switch|p1b: \ud83c\udf82|Quaquaval, F|100\/100\n|switch|p2a: Spidops|Spidops, F|100\/100\n|switch|p2b: Grimmsnarl|Grimmsnarl, M|100\/100\n|turn|1\n|\n|t:|1699888938\n|-terastallize|p1a: Nado|Dark\n|move|p1a: Nado|Tailwind|p1a: Nado\n|-sidestart|p1: Aviated_Froakie|move: Tailwind\n|move|p2b: Grimmsnarl|Light Screen|p2b: Grimmsnarl\n|-sidestart|p2: AmericanComrade23|move: Light Screen\n|move|p1b: \ud83c\udf82|Aqua Step|p2a: Spidops\n|-damage|p2a: Spidops|53\/100\n|-boost|p1b: \ud83c\udf82|spe|1\n|move|p2a: Spidops|Sticky Web|p1b: \ud83c\udf82\n|-sidestart|p1: Aviated_Froakie|move: Sticky Web\n|\n|upkeep\n|turn|2\n|\n|t:|1699888954\n|move|p2b: Grimmsnarl|Reflect|p2b: Grimmsnarl\n|-sidestart|p2: AmericanComrade23|Reflect\n|move|p1b: \ud83c\udf82|Aqua Step|p2a: Spidops\n|-damage|p2a: Spidops|24\/100\n|-boost|p1b: \ud83c\udf82|spe|1\n|move|p1a: Nado|Heat Wave|p2a: Spidops|[spread] p2a,p2b\n|-supereffective|p2a: Spidops\n|-damage|p2a: Spidops|0 fnt\n|-damage|p2b: Grimmsnarl|89\/100\n|faint|p2a: Spidops\n|\n|upkeep\n|\n|t:|1699888973\n|switch|p2a: Garchomp|Garchomp, F|100\/100\n|turn|3\n|\n|t:|1699888984\n|switch|p1a: Flarrot|Cinderace, M, shiny|100\/100\n|move|p1b: \ud83c\udf82|Ice Spinner|p2a: Garchomp\n|-supereffective|p2a: Garchomp\n|-damage|p2a: Garchomp|18\/100\n|-damage|p1b: \ud83c\udf82|88\/100|[from] ability: Rough Skin|[of] p2a: Garchomp\n|move|p2a: Garchomp|Stone Edge|p1b: \ud83c\udf82\n|-resisted|p1b: \ud83c\udf82\n|-damage|p1b: \ud83c\udf82|66\/100\n|move|p2b: Grimmsnarl|Spirit Break|p1b: \ud83c\udf82\n|-supereffective|p1b: \ud83c\udf82\n|-damage|p1b: \ud83c\udf82|0 fnt\n|faint|p1b: \ud83c\udf82\n|\n|upkeep\n|\n|t:|1699889005\n|switch|p1b: Nimbus|Arcanine-Hisui, M, shiny|100\/100\n|-item|p1b: Nimbus|Air Balloon\n|turn|4\n|\n|t:|1699889031\n|switch|p2b: Klawf|Klawf, M|100\/100\n|move|p1a: Flarrot|Court Change|p1a: Flarrot\n|-start|p1a: Flarrot|typechange|Normal|[from] ability: Libero\n|-swapsideconditions\n|-activate|p1a: Flarrot|move: Court Change\n|move|p2a: Garchomp|Stone Edge|p1a: Flarrot\n|-damage|p1a: Flarrot|68\/100\n|move|p1b: Nimbus|Rock Slide|p2a: Garchomp|[spread] p2a,p2b\n|-resisted|p2a: Garchomp\n|-damage|p2a: Garchomp|4\/100\n|-damage|p2b: Klawf|76\/100\n|\n|-sideend|p2: AmericanComrade23|move: Tailwind\n|upkeep\n|turn|5\n|\n|t:|1699889055\n|move|p1b: Nimbus|Extreme Speed|p2a: Garchomp\n|-damage|p2a: Garchomp|0 fnt\n|-damage|p1b: Nimbus|88\/100|[from] ability: Rough Skin|[of] p2a: Garchomp\n|faint|p2a: Garchomp\n|move|p1a: Flarrot|Trailblaze|p2b: Klawf\n|-supereffective|p2b: Klawf\n|-damage|p2b: Klawf|46\/100\n|-boost|p1a: Flarrot|spe|1\n|move|p2b: Klawf|Stone Edge|p1a: Flarrot\n|-damage|p1a: Flarrot|0 fnt\n|faint|p1a: Flarrot\n|\n|upkeep\n|\n|t:|1699889069\n|switch|p1a: Nado|Tornadus, M, tera:Dark|100\/100\n|switch|p2a: Volcarona|Volcarona, F|100\/100\n|turn|6\n|c|\u2606AmericanComrade23|bro is sweating his heart out over all his fat rolls\n|c|\u2606AmericanComrade23|get a job\n|-message|AmericanComrade23 forfeited.\n|\n|win|Aviated_Froakie\n|raw|Aviated_Froakie's rating: 1119 &rarr; <strong>1146<\/strong><br \/>(+27 for winning)\n|raw|AmericanComrade23's rating: 1152 &rarr; <strong>1125<\/strong><br \/>(-27 for losing)\n|l|\u2606AmericanComrade23\n|c|\u2606Aviated_Froakie|Huh\n","uploadtime":1699889121,"views":21,"p1id":"aviatedfroakie","p2id":"americancomrade23","formatid":"gen9doublesou","rating":1125,"private":0,"password":""}