{"id":"gen9doublesou-1972288056","p1":"jazzcabbage2000","p2":"BryanDXY","format":"[Gen 9] Doubles OU","log":"|j|\u2606jazzcabbage2000\n|j|\u2606BryanDXY\n|t:|1697828237\n|gametype|doubles\n|player|p1|jazzcabbage2000|caitlin|1183\n|player|p2|BryanDXY|169|1165\n|teamsize|p1|6\n|teamsize|p2|6\n|gen|9\n|tier|[Gen 9] Doubles OU\n|rated|\n|rule|Species Clause: Limit one of each Pok\u00e9mon\n|rule|OHKO Clause: OHKO moves are banned\n|rule|Evasion Moves Clause: Evasion moves are banned\n|rule|Gravity Sleep Clause: The combination of sleep-inducing moves with imperfect accuracy and Gravity or Gigantamax Orbeetle are banned\n|rule|Endless Battle Clause: Forcing endless battles is banned\n|rule|HP Percentage Mod: HP is shown in percentages\n|clearpoke\n|poke|p1|Weezing-Galar, F|\n|poke|p1|Grafaiai, F|\n|poke|p1|Dragonite, M|\n|poke|p1|Enamorus-Therian, F|\n|poke|p1|Diancie|\n|poke|p1|Pelipper, M|\n|poke|p2|Corviknight, M|\n|poke|p2|Amoonguss, M|\n|poke|p2|Talonflame, M|\n|poke|p2|Ninetales-Alola, M|\n|poke|p2|Basculegion-F, F|\n|poke|p2|Roaring Moon|\n|teampreview\n|\n|t:|1697828290\n|start\n|switch|p1a: Weezing|Weezing-Galar, F|100\/100\n|switch|p1b: Diancie|Diancie|100\/100\n|switch|p2a: Corviknight|Corviknight, M|100\/100\n|switch|p2b: Amoonguss|Amoonguss, M|100\/100\n|-fieldstart|move: Misty Terrain|[from] ability: Misty Surge|[of] p1a: Weezing\n|turn|1\n|inactive|Battle timer is ON: inactive players will automatically lose when time's up. (requested by BryanDXY)\n|inactive|jazzcabbage2000 has 120 seconds left.\n|inactive|BryanDXY has 120 seconds left.\n|inactive|BryanDXY has 90 seconds left.\n|\n|t:|1697828353\n|move|p1a: Weezing|Protect|p1a: Weezing\n|-singleturn|p1a: Weezing|Protect\n|move|p2a: Corviknight|Tailwind|p2a: Corviknight\n|-sidestart|p2: BryanDXY|move: Tailwind\n|move|p2b: Amoonguss|Spore|p1b: Diancie\n|-activate|p1b: Diancie|move: Misty Terrain\n|move|p1b: Diancie|Trick Room|p1b: Diancie\n|-fieldstart|move: Trick Room|[of] p1b: Diancie\n|\n|upkeep\n|turn|2\n|inactive|jazzcabbage2000 has 120 seconds left.\n|\n|t:|1697828396\n|switch|p2b: Basculegion|Basculegion-F, F|100\/100\n|move|p1b: Diancie|Diamond Storm|p2b: Basculegion|[spread] p2a,p2b\n|-damage|p2a: Corviknight|84\/100\n|-damage|p2b: Basculegion|67\/100\n|move|p1a: Weezing|Sludge Bomb|p2b: Basculegion\n|-resisted|p2b: Basculegion\n|-damage|p2b: Basculegion|52\/100\n|move|p2a: Corviknight|Body Press|p1b: Diancie\n|-damage|p1b: Diancie|81\/100\n|\n|-heal|p1b: Diancie|87\/100|[from] item: Leftovers\n|-heal|p2b: Basculegion|58\/100|[from] item: Leftovers\n|upkeep\n|turn|3\n|inactive|jazzcabbage2000 has 120 seconds left.\n|\n|t:|1697828427\n|move|p1b: Diancie|Diamond Storm|p2a: Corviknight|[spread] p2a,p2b\n|-damage|p2a: Corviknight|66\/100\n|-damage|p2b: Basculegion|22\/100\n|move|p1a: Weezing|Strange Steam|p2b: Basculegion\n|-damage|p2b: Basculegion|0 fnt\n|faint|p2b: Basculegion\n|move|p2a: Corviknight|Brave Bird|p1a: Weezing\n|-damage|p1a: Weezing|78\/100\n|-damage|p2a: Corviknight|60\/100|[from] Recoil\n|\n|-heal|p1b: Diancie|93\/100|[from] item: Leftovers\n|upkeep\n|inactive|BryanDXY has 120 seconds left.\n|\n|t:|1697828465\n|switch|p2b: Amoonguss|Amoonguss, M|100\/100\n|turn|4\n|inactive|jazzcabbage2000 has 120 seconds left.\n|\n|t:|1697828492\n|move|p1b: Diancie|Diamond Storm|p2b: Amoonguss|[spread] p2a,p2b\n|-damage|p2a: Corviknight|44\/100\n|-damage|p2b: Amoonguss|80\/100\n|-boost|p1b: Diancie|def|2\n|-enditem|p2a: Corviknight|Sitrus Berry|[eat]\n|-heal|p2a: Corviknight|69\/100|[from] item: Sitrus Berry\n|move|p1a: Weezing|Sludge Bomb|p2b: Amoonguss\n|-damage|p2b: Amoonguss|58\/100\n|move|p2b: Amoonguss|Pollen Puff|p2a: Corviknight\n|-heal|p2a: Corviknight|100\/100\n|move|p2a: Corviknight|Brave Bird|p1a: Weezing\n|-damage|p1a: Weezing|55\/100\n|-damage|p2a: Corviknight|94\/100|[from] Recoil\n|\n|-heal|p1b: Diancie|99\/100|[from] item: Leftovers\n|-sideend|p2: BryanDXY|move: Tailwind\n|upkeep\n|turn|5\n|inactive|BryanDXY has 120 seconds left.\n|inactive|jazzcabbage2000 has 120 seconds left.\n|inactive|BryanDXY has 90 seconds left.\n|\n|t:|1697828534\n|switch|p1a: Grafaiai|Grafaiai, F|100\/100\n|move|p2b: Amoonguss|Clear Smog|p1b: Diancie\n|-damage|p1b: Diancie|90\/100\n|-clearboost|p1b: Diancie\n|move|p1b: Diancie|Diamond Storm|p2b: Amoonguss|[spread] p2a,p2b\n|-damage|p2a: Corviknight|78\/100\n|-damage|p2b: Amoonguss|37\/100\n|-boost|p1b: Diancie|def|2\n|-enditem|p2b: Amoonguss|Sitrus Berry|[eat]\n|-heal|p2b: Amoonguss|62\/100|[from] item: Sitrus Berry\n|move|p2a: Corviknight|Tailwind|p2a: Corviknight\n|-sidestart|p2: BryanDXY|move: Tailwind\n|\n|-heal|p1b: Diancie|96\/100|[from] item: Leftovers\n|-fieldend|move: Trick Room\n|upkeep\n|turn|6\n|inactive|jazzcabbage2000 has 120 seconds left.\n|inactive|BryanDXY has 90 seconds left.\n|inactive|jazzcabbage2000 has 90 seconds left.\n|inactive|BryanDXY has 60 seconds left.\n|\n|t:|1697828585\n|move|p1a: Grafaiai|Encore|p2a: Corviknight\n|-start|p2a: Corviknight|Encore\n|move|p2a: Corviknight|Tailwind||[still]\n|-fail|p2a: Corviknight\n|move|p2b: Amoonguss|Clear Smog|p1b: Diancie\n|-damage|p1b: Diancie|86\/100\n|-clearboost|p1b: Diancie\n|move|p1b: Diancie|Trick Room|p1b: Diancie\n|-fieldstart|move: Trick Room|[of] p1b: Diancie\n|\n|-heal|p1b: Diancie|92\/100|[from] item: Leftovers\n|upkeep\n|turn|7\n|inactive|jazzcabbage2000 has 90 seconds left.\n|inactive|jazzcabbage2000 has 60 seconds left.\n|\n|t:|1697828640\n|switch|p1b: Weezing|Weezing-Galar, F|55\/100\n|switch|p2a: Ninetales|Ninetales-Alola, M|100\/100\n|-weather|Snow|[from] ability: Snow Warning|[of] p2a: Ninetales\n|move|p1a: Grafaiai|Flatter|p1b: Weezing\n|-boost|p1b: Weezing|spa|1\n|-activate|p1b: Weezing|move: Misty Terrain\n|move|p2b: Amoonguss|Pollen Puff|p2a: Ninetales\n|-immune|p2a: Ninetales\n|\n|-weather|Snow|[upkeep]\n|upkeep\n|turn|8\n|inactive|jazzcabbage2000 has 60 seconds left.\n|\n|t:|1697828674\n|move|p1a: Grafaiai|Flatter|p1b: Weezing\n|-boost|p1b: Weezing|spa|1\n|-activate|p1b: Weezing|move: Misty Terrain\n|move|p1b: Weezing|Sludge Bomb|p2a: Ninetales\n|-supereffective|p2a: Ninetales\n|-damage|p2a: Ninetales|2\/100\n|move|p2b: Amoonguss|Clear Smog|p1b: Weezing\n|-damage|p1b: Weezing|35\/100\n|-clearboost|p1b: Weezing\n|move|p2a: Ninetales|Aurora Veil|p2a: Ninetales\n|-sidestart|p2: BryanDXY|move: Aurora Veil\n|\n|-weather|Snow|[upkeep]\n|-sideend|p2: BryanDXY|move: Tailwind\n|-fieldend|Misty Terrain\n|upkeep\n|turn|9\n|inactive|jazzcabbage2000 has 60 seconds left.\n|inactive|BryanDXY has 60 seconds left.\n|inactive|jazzcabbage2000 has 30 seconds left.\n|\n|t:|1697828722\n|switch|p2b: Talonflame|Talonflame, M|100\/100\n|switch|p2a: Corviknight|Corviknight, M|78\/100\n|move|p1a: Grafaiai|Encore||[still]\n|-fail|p1a: Grafaiai\n|move|p1b: Weezing|Sludge Bomb|p2a: Corviknight\n|-immune|p2a: Corviknight\n|\n|-weather|Snow|[upkeep]\n|upkeep\n|turn|10\n|\n|t:|1697828744\n|switch|p1b: Pelipper|Pelipper, M|100\/100\n|-weather|RainDance|[from] ability: Drizzle|[of] p1b: Pelipper\n|move|p2a: Corviknight|Brave Bird|p1b: Pelipper\n|-damage|p1b: Pelipper|64\/100\n|-damage|p2a: Corviknight|68\/100|[from] Recoil\n|move|p1a: Grafaiai|Knock Off|p2b: Talonflame\n|-damage|p2b: Talonflame|81\/100\n|-enditem|p2b: Talonflame|Covert Cloak|[from] move: Knock Off|[of] p1a: Grafaiai\n|move|p2b: Talonflame|Taunt|p1a: Grafaiai\n|-start|p1a: Grafaiai|move: Taunt\n|\n|-weather|RainDance|[upkeep]\n|-heal|p1b: Pelipper|70\/100|[from] item: Leftovers\n|-fieldend|move: Trick Room\n|upkeep\n|turn|11\n|\n|t:|1697828773\n|switch|p2b: Amoonguss|Amoonguss, M|95\/100\n|move|p1a: Grafaiai|Foul Play|p2b: Amoonguss\n|-damage|p2b: Amoonguss|87\/100\n|move|p2a: Corviknight|Brave Bird|p1b: Pelipper\n|-damage|p1b: Pelipper|33\/100\n|-damage|p2a: Corviknight|58\/100|[from] Recoil\n|move|p1b: Pelipper|Chilling Water|p2a: Corviknight\n|-damage|p2a: Corviknight|38\/100\n|-ability|p2a: Corviknight|Mirror Armor\n|-unboost|p1b: Pelipper|atk|1\n|\n|-weather|RainDance|[upkeep]\n|-heal|p1b: Pelipper|39\/100|[from] item: Leftovers\n|upkeep\n|turn|12\n|inactive|BryanDXY has 90 seconds left.\n|\n|t:|1697828802\n|switch|p1a: Weezing|Weezing-Galar, F|35\/100\n|-fieldstart|move: Misty Terrain|[from] ability: Misty Surge|[of] p1a: Weezing\n|move|p2a: Corviknight|Roost|p2a: Corviknight\n|-heal|p2a: Corviknight|88\/100\n|-singleturn|p2a: Corviknight|move: Roost\n|move|p1b: Pelipper|U-turn|p2b: Amoonguss\n|-damage|p2b: Amoonguss|84\/100\n|\n|t:|1697828817\n|switch|p1b: Diancie|Diancie|92\/100|[from] U-turn\n|move|p2b: Amoonguss|Pollen Puff|p2a: Corviknight\n|-heal|p2a: Corviknight|100\/100\n|\n|-weather|RainDance|[upkeep]\n|-heal|p1b: Diancie|98\/100|[from] item: Leftovers\n|upkeep\n|turn|13\n|inactive|BryanDXY has 90 seconds left.\n|\n|t:|1697828839\n|move|p1a: Weezing|Protect|p1a: Weezing\n|-singleturn|p1a: Weezing|Protect\n|move|p2a: Corviknight|Brave Bird|p1a: Weezing\n|-activate|p1a: Weezing|move: Protect\n|move|p2b: Amoonguss|Clear Smog|p1a: Weezing\n|-activate|p1a: Weezing|move: Protect\n|move|p1b: Diancie|Trick Room|p1b: Diancie\n|-fieldstart|move: Trick Room|[of] p1b: Diancie\n|\n|-weather|RainDance|[upkeep]\n|-heal|p1b: Diancie|100\/100|[from] item: Leftovers\n|upkeep\n|turn|14\n|inactive|jazzcabbage2000 has 60 seconds left.\n|inactive|jazzcabbage2000 has 30 seconds left.\n|\n|t:|1697828888\n|move|p2b: Amoonguss|Clear Smog|p1a: Weezing\n|-damage|p1a: Weezing|12\/100\n|-clearboost|p1a: Weezing\n|move|p1b: Diancie|Diamond Storm|p2b: Amoonguss|[spread] p2a,p2b\n|-damage|p2a: Corviknight|90\/100\n|-damage|p2b: Amoonguss|71\/100\n|-boost|p1b: Diancie|def|2\n|move|p1a: Weezing|Sludge Bomb|p2b: Amoonguss\n|-damage|p2b: Amoonguss|57\/100\n|move|p2a: Corviknight|Brave Bird|p1a: Weezing\n|-damage|p1a: Weezing|0 fnt\n|faint|p1a: Weezing\n|-damage|p2a: Corviknight|86\/100|[from] Recoil\n|\n|-weather|none\n|upkeep\n|inactive|jazzcabbage2000 has 30 seconds left.\n|inactive|jazzcabbage2000 has 20 seconds left.\n|inactive|jazzcabbage2000 has 15 seconds left.\n|\n|t:|1697828912\n|switch|p1a: Dragonite|Dragonite, M|100\/100\n|turn|15\n|inactive|jazzcabbage2000 has 30 seconds left.\n|inactive|BryanDXY has 120 seconds left.\n|\n|t:|1697828925\n|move|p2b: Amoonguss|Spore|p1b: Diancie\n|-activate|p1b: Diancie|move: Misty Terrain\n|move|p1b: Diancie|Diamond Storm|p2a: Corviknight|[spread] p2a,p2b\n|-damage|p2a: Corviknight|75\/100\n|-damage|p2b: Amoonguss|43\/100\n|move|p2a: Corviknight|Brave Bird|p1a: Dragonite\n|-damage|p1a: Dragonite|84\/100\n|-damage|p2a: Corviknight|70\/100|[from] Recoil\n|move|p1a: Dragonite|Dragon Claw|p2b: Amoonguss\n|-damage|p2b: Amoonguss|30\/100\n|\n|-heal|p1a: Dragonite|90\/100|[from] item: Leftovers\n|-sideend|p2: BryanDXY|move: Aurora Veil\n|upkeep\n|turn|16\n|inactive|BryanDXY has 120 seconds left.\n|\n|t:|1697828954\n|switch|p2b: Talonflame|Talonflame, M|81\/100\n|move|p1b: Diancie|Body Press|p2a: Corviknight\n|-damage|p2a: Corviknight|33\/100\n|move|p2a: Corviknight|Brave Bird|p1a: Dragonite\n|-damage|p1a: Dragonite|55\/100\n|-damage|p2a: Corviknight|22\/100|[from] Recoil\n|move|p1a: Dragonite|Stomping Tantrum|p2b: Talonflame\n|-immune|p2b: Talonflame\n|\n|-heal|p1a: Dragonite|62\/100|[from] item: Leftovers\n|upkeep\n|turn|17\n|inactive|BryanDXY has 120 seconds left.\n|\n|t:|1697828991\n|-terastallize|p2b: Talonflame|Ghost\n|move|p1b: Diancie|Diamond Storm|p2a: Corviknight|[spread] p2a,p2b\n|-damage|p2a: Corviknight|4\/100\n|-damage|p2b: Talonflame|46\/100\n|-boost|p1b: Diancie|def|2\n|move|p2a: Corviknight|Roost|p2a: Corviknight\n|-heal|p2a: Corviknight|54\/100\n|-singleturn|p2a: Corviknight|move: Roost\n|move|p1a: Dragonite|Dragon Claw|p2b: Talonflame\n|-damage|p2b: Talonflame|16\/100\n|move|p2b: Talonflame|Tailwind|p2b: Talonflame\n|-sidestart|p2: BryanDXY|move: Tailwind\n|\n|-heal|p1a: Dragonite|68\/100|[from] item: Leftovers\n|-fieldend|move: Trick Room\n|upkeep\n|turn|18\n|inactive|jazzcabbage2000 has 60 seconds left.\n|inactive|BryanDXY has 120 seconds left.\n|c|\u2606BryanDXY|fuck misty terrain men\n|c|\u2606BryanDXY|wtf\n|n|!BryanDXY|bryandxy\n|\n|t:|1697829034\n|move|p2b: Talonflame|Taunt|p1b: Diancie\n|-start|p1b: Diancie|move: Taunt\n|move|p2a: Corviknight|Roost|p2a: Corviknight\n|-heal|p2a: Corviknight|100\/100\n|-singleturn|p2a: Corviknight|move: Roost\n|move|p1a: Dragonite|Dragon Claw|p2b: Talonflame\n|-damage|p2b: Talonflame|0 fnt\n|faint|p2b: Talonflame\n|cant|p1b: Diancie|move: Taunt|Trick Room\n|\n|-heal|p1a: Dragonite|74\/100|[from] item: Leftovers\n|upkeep\n|c|\u2606jazzcabbage2000|good counter to spore spamers huh\n|\n|t:|1697829040\n|switch|p2b: Amoonguss|Amoonguss, M|64\/100\n|turn|19\n|inactive|jazzcabbage2000 has 60 seconds left.\n|inactive|BryanDXY has 90 seconds left.\n|\n|t:|1697829072\n|move|p2a: Corviknight|Brave Bird|p1a: Dragonite\n|-damage|p1a: Dragonite|43\/100\n|-damage|p2a: Corviknight|90\/100|[from] Recoil\n|move|p2b: Amoonguss|Clear Smog|p1b: Diancie\n|-damage|p1b: Diancie|92\/100\n|-clearboost|p1b: Diancie\n|move|p1a: Dragonite|Stomping Tantrum|p2b: Amoonguss\n|-damage|p2b: Amoonguss|39\/100\n|move|p1b: Diancie|Body Press|p2a: Corviknight\n|-damage|p2a: Corviknight|74\/100\n|\n|-heal|p1a: Dragonite|49\/100|[from] item: Leftovers\n|-heal|p1b: Diancie|98\/100|[from] item: Leftovers\n|-fieldend|Misty Terrain\n|upkeep\n|turn|20\n|inactive|jazzcabbage2000 has 60 seconds left.\n|\n|t:|1697829099\n|move|p2a: Corviknight|Brave Bird|p1a: Dragonite\n|-damage|p1a: Dragonite|12\/100\n|-damage|p2a: Corviknight|62\/100|[from] Recoil\n|move|p2b: Amoonguss|Spore|p1b: Diancie\n|-status|p1b: Diancie|slp|[from] move: Spore\n|move|p1a: Dragonite|Dragon Claw|p2b: Amoonguss\n|-damage|p2b: Amoonguss|0 fnt\n|faint|p2b: Amoonguss\n|cant|p1b: Diancie|slp\n|\n|-heal|p1a: Dragonite|18\/100|[from] item: Leftovers\n|-heal|p1b: Diancie|100\/100 slp|[from] item: Leftovers\n|-end|p1b: Diancie|move: Taunt\n|-sideend|p2: BryanDXY|move: Tailwind\n|upkeep\n|inactive|BryanDXY has 90 seconds left.\n|\n|t:|1697829115\n|switch|p2b: Ninetales|Ninetales-Alola, M|2\/100\n|-weather|Snow|[from] ability: Snow Warning|[of] p2b: Ninetales\n|turn|21\n|\n|t:|1697829123\n|move|p1a: Dragonite|Extreme Speed|p2b: Ninetales\n|-damage|p2b: Ninetales|0 fnt\n|faint|p2b: Ninetales\n|move|p2a: Corviknight|Tailwind|p2a: Corviknight\n|-sidestart|p2: BryanDXY|move: Tailwind\n|-curestatus|p1b: Diancie|slp|[msg]\n|move|p1b: Diancie|Trick Room|p1b: Diancie\n|-fieldstart|move: Trick Room|[of] p1b: Diancie\n|\n|-weather|Snow|[upkeep]\n|-heal|p1a: Dragonite|24\/100|[from] item: Leftovers\n|upkeep\n|inactive|BryanDXY has 90 seconds left.\n|\n|t:|1697829146\n|switch|p2b: Roaring Moon|Roaring Moon|100\/100\n|-enditem|p2b: Roaring Moon|Booster Energy\n|-activate|p2b: Roaring Moon|ability: Protosynthesis|[fromitem]\n|-start|p2b: Roaring Moon|protosynthesisatk\n|turn|22\n|inactive|jazzcabbage2000 has 90 seconds left.\n|\n|t:|1697829170\n|move|p2b: Roaring Moon|Protect|p2b: Roaring Moon\n|-singleturn|p2b: Roaring Moon|Protect\n|move|p1b: Diancie|Diamond Storm|p2b: Roaring Moon|[spread] p2a\n|-activate|p2b: Roaring Moon|move: Protect\n|-damage|p2a: Corviknight|44\/100\n|-boost|p1b: Diancie|def|2\n|move|p1a: Dragonite|Dragon Claw|p2b: Roaring Moon\n|-activate|p2b: Roaring Moon|move: Protect\n|move|p2a: Corviknight|Roost|p2a: Corviknight\n|-heal|p2a: Corviknight|94\/100\n|-singleturn|p2a: Corviknight|move: Roost\n|\n|-weather|Snow|[upkeep]\n|-heal|p1a: Dragonite|30\/100|[from] item: Leftovers\n|upkeep\n|turn|23\n|inactive|BryanDXY has 120 seconds left.\n|inactive|jazzcabbage2000 has 90 seconds left.\n|\n|t:|1697829195\n|move|p1b: Diancie|Body Press|p2a: Corviknight\n|-damage|p2a: Corviknight|62\/100\n|move|p1a: Dragonite|Dragon Claw|p2b: Roaring Moon\n|-supereffective|p2b: Roaring Moon\n|-damage|p2b: Roaring Moon|0 fnt\n|faint|p2b: Roaring Moon\n|-end|p2b: Roaring Moon|Protosynthesis|[silent]\n|move|p2a: Corviknight|Brave Bird|p1a: Dragonite\n|-damage|p1a: Dragonite|0 fnt\n|faint|p1a: Dragonite\n|-damage|p2a: Corviknight|52\/100|[from] Recoil\n|\n|-weather|Snow|[upkeep]\n|upkeep\n|inactive|jazzcabbage2000 has 90 seconds left.\n|\n|t:|1697829217\n|switch|p1a: Enamorus|Enamorus-Therian, F|100\/100\n|turn|24\n|inactive|BryanDXY has 120 seconds left.\n|-message|BryanDXY forfeited.\n|\n|win|jazzcabbage2000\n|raw|jazzcabbage2000's rating: 1183 &rarr; <strong>1207<\/strong><br \/>(+24 for winning)\n|raw|BryanDXY's rating: 1165 &rarr; <strong>1141<\/strong><br \/>(-24 for losing)\n|l|!BryanDXY\n|c|\u2606jazzcabbage2000|gg\n","uploadtime":1697829026,"views":6,"p1id":"jazzcabbage2000","p2id":"bryandxy","formatid":"gen9doublesou","rating":1141,"private":0,"password":""}