{"id":"gen9doublesou-1994112580","p1":"DorkKnight08","p2":"dragon333888","format":"[Gen 9] Doubles OU","log":"|j|\u203dDorkKnight08\n|j|\u2606dragon333888\n|t:|1700408339\n|gametype|doubles\n|player|p1|DorkKnight08|n|1098\n|player|p2|dragon333888|170|1051\n|teamsize|p1|6\n|teamsize|p2|6\n|gen|9\n|tier|[Gen 9] Doubles OU\n|rated|\n|rule|Species Clause: Limit one of each Pok\u00e9mon\n|rule|OHKO Clause: OHKO moves are banned\n|rule|Evasion Moves Clause: Evasion moves are banned\n|rule|Gravity Sleep Clause: The combination of sleep-inducing moves with imperfect accuracy and Gravity or Gigantamax Orbeetle are banned\n|rule|Endless Battle Clause: Forcing endless battles is banned\n|rule|HP Percentage Mod: HP is shown in percentages\n|clearpoke\n|poke|p1|Pelipper, F|\n|poke|p1|Basculegion-F, F|\n|poke|p1|Gyarados, M|\n|poke|p1|Politoed, F|\n|poke|p1|Zapdos|\n|poke|p1|Walking Wake|\n|poke|p2|Ambipom, M|\n|poke|p2|Cresselia, F|\n|poke|p2|Iron Bundle|\n|poke|p2|Arboliva, M|\n|poke|p2|Roaring Moon|\n|poke|p2|Corviknight, F|\n|teampreview\n|\n|t:|1700408383\n|start\n|switch|p1a: Pelipper|Pelipper, F, shiny|100\/100\n|switch|p1b: Gyarados|Gyarados, M|100\/100\n|switch|p2a: Ambipom|Ambipom, M|100\/100\n|switch|p2b: Arboliva|Arboliva, M|100\/100\n|-weather|RainDance|[from] ability: Drizzle|[of] p1a: Pelipper\n|turn|1\n|inactive|Battle timer is ON: inactive players will automatically lose when time's up. (requested by dragon333888)\n|\n|t:|1700408402\n|move|p2a: Ambipom|Fake Out|p1a: Pelipper\n|-damage|p1a: Pelipper|73\/100\n|-damage|p2a: Ambipom|91\/100|[from] item: Life Orb\n|move|p1b: Gyarados|Earthquake|p2b: Arboliva|[spread] p2a,p2b\n|-immune|p1a: Pelipper\n|-resisted|p2b: Arboliva\n|-damage|p2a: Ambipom|32\/100\n|-damage|p2b: Arboliva|81\/100\n|-damage|p1b: Gyarados|91\/100|[from] item: Life Orb\n|cant|p1a: Pelipper|flinch\n|move|p2b: Arboliva|Hyper Voice|p1b: Gyarados|[spread] p1a,p1b\n|-damage|p1a: Pelipper|18\/100\n|-damage|p1b: Gyarados|54\/100\n|\n|-weather|RainDance|[upkeep]\n|upkeep\n|turn|2\n|\n|t:|1700408422\n|switch|p2a: Corviknight|Corviknight, F|100\/100\n|move|p1b: Gyarados|Dragon Dance|p1b: Gyarados\n|-boost|p1b: Gyarados|atk|1\n|-boost|p1b: Gyarados|spe|1\n|move|p1a: Pelipper|Roost|p1a: Pelipper\n|-heal|p1a: Pelipper|69\/100\n|-singleturn|p1a: Pelipper|move: Roost\n|move|p2b: Arboliva|Hyper Voice|p1a: Pelipper|[spread] p1a,p1b\n|-damage|p1a: Pelipper|19\/100\n|-damage|p1b: Gyarados|17\/100\n|\n|-weather|RainDance|[upkeep]\n|upkeep\n|turn|3\n|\n|t:|1700408440\n|move|p1b: Gyarados|Waterfall|p2a: Corviknight\n|-damage|p2a: Corviknight|0 fnt\n|faint|p2a: Corviknight\n|-ability|p1b: Gyarados|Moxie|boost\n|-boost|p1b: Gyarados|atk|1\n|-damage|p1b: Gyarados|7\/100|[from] item: Life Orb\n|move|p1a: Pelipper|Roost|p1a: Pelipper\n|-heal|p1a: Pelipper|70\/100\n|-singleturn|p1a: Pelipper|move: Roost\n|move|p2b: Arboliva|Hyper Voice|p1a: Pelipper|[spread] p1a,p1b\n|-damage|p1a: Pelipper|17\/100\n|-damage|p1b: Gyarados|0 fnt\n|faint|p1b: Gyarados\n|\n|-weather|RainDance|[upkeep]\n|upkeep\n|\n|t:|1700408458\n|switch|p1b: Zapdos|Zapdos|100\/100\n|switch|p2a: Iron Bundle|Iron Bundle|100\/100\n|-enditem|p2a: Iron Bundle|Booster Energy\n|-activate|p2a: Iron Bundle|ability: Quark Drive|[fromitem]\n|-start|p2a: Iron Bundle|quarkdrivespe\n|turn|4\n|\n|t:|1700408470\n|move|p2a: Iron Bundle|Icy Wind|p1b: Zapdos|[spread] p1a,p1b\n|-supereffective|p1b: Zapdos\n|-crit|p1b: Zapdos\n|-damage|p1a: Pelipper|0 fnt\n|-damage|p1b: Zapdos|39\/100\n|-unboost|p1b: Zapdos|spe|1\n|faint|p1a: Pelipper\n|move|p1b: Zapdos|Hurricane|p2b: Arboliva\n|-supereffective|p2b: Arboliva\n|-damage|p2b: Arboliva|0 fnt\n|faint|p2b: Arboliva\n|\n|-weather|RainDance|[upkeep]\n|upkeep\n|\n|t:|1700408484\n|switch|p1a: Walking Wake|Walking Wake|100\/100\n|switch|p2b: Ambipom|Ambipom, M|32\/100\n|turn|5\n|\n|t:|1700408491\n|move|p2b: Ambipom|Fake Out|p1a: Walking Wake\n|-damage|p1a: Walking Wake|61\/100\n|-damage|p2b: Ambipom|22\/100|[from] item: Life Orb\n|move|p2a: Iron Bundle|Icy Wind|p1b: Zapdos|[spread] p1a,p1b\n|-supereffective|p1b: Zapdos\n|-damage|p1a: Walking Wake|34\/100\n|-damage|p1b: Zapdos|1\/100\n|-unboost|p1a: Walking Wake|spe|1\n|-unboost|p1b: Zapdos|spe|1\n|cant|p1a: Walking Wake|flinch\n|move|p1b: Zapdos|Rest|p1b: Zapdos\n|-status|p1b: Zapdos|slp|[from] move: Rest\n|-heal|p1b: Zapdos|100\/100 slp|[silent]\n|\n|-weather|RainDance|[upkeep]\n|upkeep\n|turn|6\n|\n|t:|1700408514\n|move|p2a: Iron Bundle|Freeze-Dry|p1a: Walking Wake\n|-supereffective|p1a: Walking Wake\n|-damage|p1a: Walking Wake|0 fnt\n|faint|p1a: Walking Wake\n|-end|p1a: Walking Wake|Protosynthesis|[silent]\n|move|p2b: Ambipom|Shadow Claw|p1b: Zapdos\n|-damage|p1b: Zapdos|71\/100 slp\n|-damage|p2b: Ambipom|6\/100|[from] item: Rocky Helmet|[of] p1b: Zapdos\n|-damage|p2b: Ambipom|0 fnt|[from] item: Life Orb\n|faint|p2b: Ambipom\n|cant|p1b: Zapdos|slp\n|move|p1b: Zapdos|Sleep Talk|p1b: Zapdos\n|move|p1b: Zapdos|Hurricane|p2a: Iron Bundle|[from]move: Sleep Talk\n|-damage|p2a: Iron Bundle|0 fnt\n|faint|p2a: Iron Bundle\n|-end|p2a: Iron Bundle|Quark Drive|[silent]\n|\n|-weather|RainDance|[upkeep]\n|upkeep\n|\n|t:|1700408536\n|switch|p2a: Roaring Moon|Roaring Moon|100\/100\n|switch|p2b: Cresselia|Cresselia, F, shiny|100\/100\n|switch|p1a: Politoed|Politoed, F, shiny|100\/100\n|turn|7\n|\n|t:|1700408551\n|-terastallize|p2a: Roaring Moon|Steel\n|move|p2a: Roaring Moon|Dragon Dance|p2a: Roaring Moon\n|-boost|p2a: Roaring Moon|atk|1\n|-boost|p2a: Roaring Moon|spe|1\n|move|p2b: Cresselia|Future Sight|p1b: Zapdos\n|-start|p2b: Cresselia|move: Future Sight\n|move|p1a: Politoed|Ice Beam|p2a: Roaring Moon\n|-resisted|p2a: Roaring Moon\n|-damage|p2a: Roaring Moon|88\/100\n|cant|p1b: Zapdos|slp\n|move|p1b: Zapdos|Sleep Talk|p1b: Zapdos\n|move|p1b: Zapdos|Thunder|p2b: Cresselia|[from]move: Sleep Talk\n|-damage|p2b: Cresselia|61\/100\n|\n|-weather|RainDance|[upkeep]\n|-heal|p2b: Cresselia|67\/100|[from] item: Leftovers\n|upkeep\n|turn|8\n|\n|t:|1700408577\n|move|p2a: Roaring Moon|Knock Off|p1b: Zapdos\n|-damage|p1b: Zapdos|0 fnt\n|-damage|p2a: Roaring Moon|71\/100|[from] item: Rocky Helmet|[of] p1b: Zapdos\n|-enditem|p1b: Zapdos|Rocky Helmet|[from] move: Knock Off|[of] p2a: Roaring Moon\n|faint|p1b: Zapdos\n|move|p2b: Cresselia|Dazzling Gleam|p1a: Politoed\n|-damage|p1a: Politoed|81\/100\n|move|p1a: Politoed|Perish Song|p1a: Politoed\n|-start|p1a: Politoed|perish3|[silent]\n|-start|p2a: Roaring Moon|perish3|[silent]\n|-start|p2b: Cresselia|perish3|[silent]\n|-fieldactivate|move: Perish Song\n|-enditem|p1a: Politoed|Throat Spray\n|-boost|p1a: Politoed|spa|1|[from] item: Throat Spray\n|\n|-weather|none\n|-heal|p2b: Cresselia|73\/100|[from] item: Leftovers\n|-start|p2a: Roaring Moon|perish3\n|-start|p2b: Cresselia|perish3\n|-start|p1a: Politoed|perish3\n|upkeep\n|inactive|DorkKnight08 has 120 seconds left.\n|\n|t:|1700408594\n|switch|p1b: Basculegion|Basculegion-F, F, shiny|100\/100\n|turn|9\n|\n|t:|1700408606\n|-terastallize|p1b: Basculegion|Ghost\n|move|p2a: Roaring Moon|Knock Off|p1a: Politoed\n|-damage|p1a: Politoed|18\/100\n|move|p1b: Basculegion|Last Respects|p2a: Roaring Moon\n|-damage|p2a: Roaring Moon|0 fnt\n|faint|p2a: Roaring Moon\n|-end|p2a: Roaring Moon|Protosynthesis|[silent]\n|move|p2b: Cresselia|Dazzling Gleam|p1b: Basculegion|[spread] p1a,p1b\n|-damage|p1a: Politoed|3\/100\n|-damage|p1b: Basculegion|82\/100\n|move|p1a: Politoed|Hydro Pump|p2b: Cresselia\n|-damage|p2b: Cresselia|29\/100\n|\n|-end|p1b: Basculegion|move: Future Sight\n|-damage|p1b: Basculegion|27\/100\n|-heal|p2b: Cresselia|35\/100|[from] item: Leftovers\n|-start|p2b: Cresselia|perish2\n|-start|p1a: Politoed|perish2\n|upkeep\n|turn|10\n|\n|t:|1700408632\n|move|p1b: Basculegion|Last Respects|p2b: Cresselia\n|-supereffective|p2b: Cresselia\n|-damage|p2b: Cresselia|0 fnt\n|faint|p2b: Cresselia\n|\n|win|DorkKnight08\n|raw|DorkKnight08's rating: 1098 &rarr; <strong>1120<\/strong><br \/>(+22 for winning)\n|raw|dragon333888's rating: 1051 &rarr; <strong>1036<\/strong><br \/>(-15 for losing)\n","uploadtime":1700408642,"views":4,"p1id":"dorkknight08","p2id":"dragon333888","formatid":"gen9doublesou","rating":1036,"private":0,"password":""}