{"id":"gen9doublesou-1986648751","p1":"zanitos","p2":"Kernc","format":"[Gen 9] Doubles OU","log":"|j|\u2606zanitos\n|j|\u2606Kernc\n|t:|1699502280\n|gametype|doubles\n|player|p1|zanitos|brycenman|1054\n|player|p2|Kernc|170|1133\n|teamsize|p1|6\n|teamsize|p2|6\n|gen|9\n|tier|[Gen 9] Doubles OU\n|rated|\n|rule|Species Clause: Limit one of each Pok\u00e9mon\n|rule|OHKO Clause: OHKO moves are banned\n|rule|Evasion Moves Clause: Evasion moves are banned\n|rule|Gravity Sleep Clause: The combination of sleep-inducing moves with imperfect accuracy and Gravity or Gigantamax Orbeetle are banned\n|rule|Endless Battle Clause: Forcing endless battles is banned\n|rule|HP Percentage Mod: HP is shown in percentages\n|clearpoke\n|poke|p1|Golem-Alola, F|\n|poke|p1|Rabsca, M|\n|poke|p1|Pawmot, M|\n|poke|p1|Basculegion-F, F|\n|poke|p1|Grafaiai, F|\n|poke|p1|Ogerpon, F|\n|poke|p2|Cacturne, M|\n|poke|p2|Inteleon, F|\n|poke|p2|Gothitelle, F|\n|poke|p2|Gholdengo|\n|poke|p2|Ogerpon-Hearthflame, F|\n|poke|p2|Muk-Alola, M|\n|teampreview\n|inactive|Battle timer is ON: inactive players will automatically lose when time's up. (requested by zanitos)\n|\n|t:|1699502297\n|start\n|switch|p1a: Golem|Golem-Alola, F, shiny|100\/100\n|switch|p1b: Pawmot|Pawmot, M, shiny|100\/100\n|switch|p2a: might be bad tbh|Cacturne, M, shiny|100\/100\n|switch|p2b: pew pew|Inteleon, F, shiny|100\/100\n|turn|1\n|\n|t:|1699502322\n|-terastallize|p1a: Golem|Electric\n|move|p1b: Pawmot|Fake Out|p2a: might be bad tbh\n|-damage|p2a: might be bad tbh|80\/100\n|move|p2b: pew pew|Surf|p1b: Pawmot|[spread] p1a,p1b\n|-heal|p2a: might be bad tbh|100\/100|[from] ability: Water Absorb|[of] p2b: pew pew\n|-damage|p1a: Golem|54\/100\n|-damage|p1b: Pawmot|42\/100\n|cant|p2a: might be bad tbh|flinch\n|move|p1a: Golem|Explosion|p2a: might be bad tbh|[spread] p2a,p2b\n|-heal|p1b: Pawmot|67\/100|[from] ability: Volt Absorb|[of] p1a: Golem\n|-resisted|p2a: might be bad tbh\n|-supereffective|p2b: pew pew\n|-damage|p2a: might be bad tbh|5\/100\n|-damage|p2b: pew pew|0 fnt\n|faint|p1a: Golem\n|faint|p2b: pew pew\n|\n|-heal|p2a: might be bad tbh|11\/100|[from] item: Leftovers\n|upkeep\n|inactive|zanitos has 120 seconds left.\n|\n|t:|1699502356\n|switch|p2b: sea urchin|Gothitelle, F|100\/100\n|switch|p1a: Grafaiai|Grafaiai, F, shiny|100\/100\n|turn|2\n|\n|t:|1699502369\n|move|p1a: Grafaiai|Knock Off|p2b: sea urchin\n|-supereffective|p2b: sea urchin\n|-damage|p2b: sea urchin|0 fnt\n|-enditem|p2b: sea urchin|Iapapa Berry|[from] move: Knock Off|[of] p1a: Grafaiai\n|faint|p2b: sea urchin\n|move|p1b: Pawmot|Close Combat|p2a: might be bad tbh\n|-supereffective|p2a: might be bad tbh\n|-damage|p2a: might be bad tbh|0 fnt\n|-unboost|p1b: Pawmot|def|1\n|-unboost|p1b: Pawmot|spd|1\n|faint|p2a: might be bad tbh\n|\n|upkeep\n|\n|t:|1699502390\n|switch|p2b: Minecraft Dream|Ogerpon-Hearthflame, F|100\/100\n|switch|p2a: asparagus|Gholdengo|100\/100\n|-ability|p2b: Minecraft Dream|Mold Breaker\n|turn|3\n|\n|t:|1699502410\n|move|p1a: Grafaiai|Knock Off|p2a: asparagus\n|-supereffective|p2a: asparagus\n|-damage|p2a: asparagus|37\/100\n|move|p2b: Minecraft Dream|Zen Headbutt|p1b: Pawmot\n|-supereffective|p1b: Pawmot\n|-damage|p1b: Pawmot|0 fnt\n|faint|p1b: Pawmot\n|move|p2a: asparagus|Flash Cannon|p1a: Grafaiai\n|-damage|p1a: Grafaiai|26\/100\n|\n|upkeep\n|\n|t:|1699502421\n|switch|p1b: Rabsca|Rabsca, M|100\/100\n|turn|4\n|\n|t:|1699502435\n|move|p1a: Grafaiai|Knock Off|p2a: asparagus\n|-supereffective|p2a: asparagus\n|-damage|p2a: asparagus|0 fnt\n|faint|p2a: asparagus\n|move|p2b: Minecraft Dream|Ivy Cudgel|p1a: Grafaiai\n|-crit|p1a: Grafaiai\n|-damage|p1a: Grafaiai|0 fnt\n|faint|p1a: Grafaiai\n|move|p1b: Rabsca|Revival Blessing|p1b: Rabsca\n|-enditem|p1b: Rabsca|Leppa Berry|[eat]\n|-activate|p1b: Rabsca|item: Leppa Berry|Revival Blessing|[consumed]\n|\n|t:|1699502445\n|-heal|p1: Golem|50\/100|[from] move: Revival Blessing\n|\n|upkeep\n|\n|t:|1699502450\n|switch|p1a: Golem|Golem-Alola, F, shiny|50\/100\n|switch|p2a: sluuudge|Muk-Alola, M|100\/100\n|turn|5\n|\n|t:|1699502474\n|move|p2b: Minecraft Dream|Knock Off|p1a: Golem\n|-damage|p1a: Golem|30\/100\n|-enditem|p1a: Golem|Shuca Berry|[from] move: Knock Off|[of] p2b: Minecraft Dream\n|move|p2a: sluuudge|Crunch|p1b: Rabsca\n|-supereffective|p1b: Rabsca\n|-damage|p1b: Rabsca|23\/100\n|move|p1a: Golem|Explosion|p2a: sluuudge|[spread] p2a,p2b\n|-activate|p1b: Rabsca|ability: Telepathy\n|-resisted|p2b: Minecraft Dream\n|-damage|p2a: sluuudge|0 fnt\n|-damage|p2b: Minecraft Dream|46\/100\n|faint|p1a: Golem\n|faint|p2a: sluuudge\n|move|p1b: Rabsca|Bug Buzz|p2b: Minecraft Dream\n|-damage|p2b: Minecraft Dream|0 fnt\n|faint|p2b: Minecraft Dream\n|\n|win|zanitos\n|raw|zanitos's rating: 1054 &rarr; <strong>1093<\/strong><br \/>(+39 for winning)\n|raw|Kernc's rating: 1133 &rarr; <strong>1102<\/strong><br \/>(-31 for losing)\n","uploadtime":1699502497,"views":29,"p1id":"zanitos","p2id":"kernc","formatid":"gen9doublesou","rating":1093,"private":0,"password":""}