{"id":"gen9doublesou-1991785770","p1":"DoujinCollector","p2":"TehReelBlue","format":"[Gen 9] Doubles OU","log":"|j|\u2606DoujinCollector\n|j|\u2606TehReelBlue\n|t:|1700116973\n|gametype|doubles\n|player|p1|DoujinCollector|workerf-gen8|\n|player|p2|TehReelBlue|blue|\n|teamsize|p1|6\n|teamsize|p2|6\n|gen|9\n|tier|[Gen 9] Doubles OU\n|rule|Species Clause: Limit one of each Pok\u00e9mon\n|rule|OHKO Clause: OHKO moves are banned\n|rule|Evasion Moves Clause: Evasion moves are banned\n|rule|Gravity Sleep Clause: The combination of sleep-inducing moves with imperfect accuracy and Gravity or Gigantamax Orbeetle are banned\n|rule|Endless Battle Clause: Forcing endless battles is banned\n|rule|HP Percentage Mod: HP is shown in percentages\n|clearpoke\n|poke|p1|Armarouge, M|\n|poke|p1|Indeedee-F, F|\n|poke|p1|Iron Hands|\n|poke|p1|Tauros-Paldea-Aqua, M|\n|poke|p1|Tornadus-Therian, M|\n|poke|p1|Dipplin, F|\n|poke|p2|Leavanny, F|\n|poke|p2|Golem-Alola, F|\n|poke|p2|Ninetales, F|\n|poke|p2|Klefki, F|\n|poke|p2|Farigiraf, M|\n|poke|p2|Walking Wake|\n|teampreview\n|\n|t:|1700116980\n|start\n|switch|p1a: Indeedee|Indeedee-F, F|100\/100\n|switch|p1b: Armarouge|Armarouge, M|100\/100\n|switch|p2a: Golem|Golem-Alola, F|100\/100\n|switch|p2b: Ninetales|Ninetales, F|100\/100\n|-weather|SunnyDay|[from] ability: Drought|[of] p2b: Ninetales\n|-fieldstart|move: Psychic Terrain|[from] ability: Psychic Surge|[of] p1a: Indeedee\n|turn|1\n|\n|t:|1700116999\n|move|p1a: Indeedee|Helping Hand|p1b: Armarouge\n|-singleturn|p1b: Armarouge|Helping Hand|[of] p1a: Indeedee\n|move|p2a: Golem|Wide Guard|p2a: Golem\n|-singleturn|p2a: Golem|Wide Guard\n|move|p2b: Ninetales|Heat Wave|p1a: Indeedee|[spread] p1a,p1b\n|-resisted|p1b: Armarouge\n|-crit|p1b: Armarouge\n|-damage|p1a: Indeedee|76\/100\n|-damage|p1b: Armarouge|75\/100\n|move|p1b: Armarouge|Expanding Force|p2b: Ninetales|[spread] \n|-activate|p2a: Golem|move: Wide Guard\n|-activate|p2b: Ninetales|move: Wide Guard\n|\n|-weather|SunnyDay|[upkeep]\n|-heal|p1a: Indeedee|82\/100|[from] item: Leftovers\n|upkeep\n|turn|2\n|\n|t:|1700117021\n|move|p2b: Ninetales|Helping Hand|p2a: Golem\n|-singleturn|p2a: Golem|Helping Hand|[of] p2b: Ninetales\n|move|p1a: Indeedee|Helping Hand|p1b: Armarouge\n|-singleturn|p1b: Armarouge|Helping Hand|[of] p1a: Indeedee\n|move|p1b: Armarouge|Expanding Force|p2a: Golem|[spread] p2a,p2b\n|-damage|p2a: Golem|0 fnt\n|-damage|p2b: Ninetales|0 fnt\n|faint|p2a: Golem\n|faint|p2b: Ninetales\n|\n|-weather|SunnyDay|[upkeep]\n|-heal|p1a: Indeedee|88\/100|[from] item: Leftovers\n|upkeep\n|\n|t:|1700117050\n|switch|p2b: Farigiraf|Farigiraf, M|100\/100\n|switch|p2a: Leavanny|Leavanny, F|100\/100\n|turn|3\n|\n|t:|1700117073\n|move|p1a: Indeedee|Follow Me|p1a: Indeedee\n|-singleturn|p1a: Indeedee|move: Follow Me\n|move|p2b: Farigiraf|Ally Switch|p2b: Farigiraf\n|swap|p2b: Farigiraf|0|[from] move: Ally Switch\n|move|p2b: Leavanny|Pollen Puff|p1a: Indeedee\n|-supereffective|p1a: Indeedee\n|-damage|p1a: Indeedee|10\/100\n|move|p1b: Armarouge|Expanding Force|p2b: Leavanny|[spread] p2a,p2b\n|-resisted|p2a: Farigiraf\n|-damage|p2a: Farigiraf|68\/100\n|-damage|p2b: Leavanny|0 fnt\n|faint|p2b: Leavanny\n|\n|-weather|SunnyDay|[upkeep]\n|-heal|p1a: Indeedee|16\/100|[from] item: Leftovers\n|-heal|p2a: Farigiraf|74\/100|[from] item: Leftovers\n|upkeep\n|\n|t:|1700117086\n|switch|p2b: Klefki|Klefki, F|100\/100\n|turn|4\n|\n|t:|1700117107\n|switch|p1a: Dipplin|Dipplin, F|100\/100\n|-ability|p1a: Dipplin|Supersweet Syrup\n|-ability|p1a: Dipplin|Supersweet Syrup|boost\n|-unboost|p2a: Farigiraf|evasion|1\n|-unboost|p2b: Klefki|evasion|1\n|switch|p1b: Tornadus|Tornadus-Therian, M|100\/100\n|move|p2b: Klefki|Thunder Wave|p1b: Tornadus\n|-status|p1b: Tornadus|par\n|move|p2a: Farigiraf|Twin Beam|p1a: Dipplin\n|-damage|p1a: Dipplin|85\/100\n|-damage|p1a: Dipplin|71\/100\n|-hitcount|p1a: Dipplin|2\n|\n|-weather|SunnyDay|[upkeep]\n|-heal|p2a: Farigiraf|80\/100|[from] item: Leftovers\n|upkeep\n|turn|5\n|\n|t:|1700117145\n|move|p2a: Farigiraf|Ally Switch|p2a: Farigiraf\n|swap|p2a: Farigiraf|1|[from] move: Ally Switch\n|move|p2a: Klefki|Spikes|p1a: Dipplin\n|-sidestart|p1: DoujinCollector|Spikes\n|cant|p1b: Tornadus|par\n|move|p1a: Dipplin|Pollen Puff|p2a: Klefki\n|-resisted|p2a: Klefki\n|-damage|p2a: Klefki|95\/100\n|\n|-weather|SunnyDay|[upkeep]\n|-heal|p2a: Klefki|100\/100|[from] item: Leftovers\n|-heal|p2b: Farigiraf|86\/100|[from] item: Leftovers\n|-fieldend|move: Psychic Terrain\n|upkeep\n|turn|6\n|\n|t:|1700117173\n|move|p2b: Farigiraf|Helping Hand|p2a: Klefki\n|-singleturn|p2a: Klefki|Helping Hand|[of] p2b: Farigiraf\n|move|p1b: Tornadus|Bleakwind Storm|p2b: Farigiraf|[spread] p2a,p2b\n|-resisted|p2a: Klefki\n|-damage|p2a: Klefki|86\/100\n|-damage|p2b: Farigiraf|64\/100\n|move|p2a: Klefki|Foul Play|p1a: Dipplin\n|-damage|p1a: Dipplin|60\/100\n|move|p1a: Dipplin|Syrup Bomb|p2b: Farigiraf\n|-damage|p2b: Farigiraf|44\/100\n|-start|p2b: Farigiraf|Syrup Bomb\n|\n|-weather|SunnyDay|[upkeep]\n|-heal|p2a: Klefki|92\/100|[from] item: Leftovers\n|-heal|p2b: Farigiraf|50\/100|[from] item: Leftovers\n|-unboost|p2b: Farigiraf|spe|1\n|upkeep\n|turn|7\n|\n|t:|1700117200\n|move|p2a: Klefki|Protect|p2a: Klefki\n|-singleturn|p2a: Klefki|Protect\n|move|p1b: Tornadus|Icy Wind|p2a: Klefki|[spread] p2b\n|-activate|p2a: Klefki|move: Protect\n|-damage|p2b: Farigiraf|41\/100\n|-unboost|p2b: Farigiraf|spe|1\n|move|p1a: Dipplin|Recover|p1a: Dipplin\n|-heal|p1a: Dipplin|100\/100\n|move|p2b: Farigiraf|Wish|p2b: Farigiraf\n|\n|-weather|SunnyDay|[upkeep]\n|-heal|p2a: Klefki|98\/100|[from] item: Leftovers\n|-heal|p2b: Farigiraf|47\/100|[from] item: Leftovers\n|-unboost|p2b: Farigiraf|spe|1\n|upkeep\n|turn|8\n|\n|t:|1700117234\n|move|p2a: Klefki|Spikes|p1a: Dipplin\n|-sidestart|p1: DoujinCollector|Spikes\n|move|p1b: Tornadus|Knock Off|p2b: Farigiraf\n|-supereffective|p2b: Farigiraf\n|-damage|p2b: Farigiraf|4\/100\n|-enditem|p2b: Farigiraf|Leftovers|[from] move: Knock Off|[of] p1b: Tornadus\n|move|p1a: Dipplin|Pollen Puff|p2b: Farigiraf\n|-supereffective|p2b: Farigiraf\n|-damage|p2b: Farigiraf|0 fnt\n|faint|p2b: Farigiraf\n|\n|-weather|none\n|-heal|p2a: Klefki|100\/100|[from] item: Leftovers\n|upkeep\n|\n|t:|1700117245\n|switch|p2b: Walking Wake|Walking Wake|100\/100\n|-enditem|p2b: Walking Wake|Booster Energy\n|-activate|p2b: Walking Wake|ability: Protosynthesis|[fromitem]\n|-start|p2b: Walking Wake|protosynthesisspa\n|turn|9\n|\n|t:|1700117278\n|-terastallize|p2b: Walking Wake|Water\n|move|p2b: Walking Wake|Flamethrower|p1a: Dipplin\n|-damage|p1a: Dipplin|69\/100\n|-status|p1a: Dipplin|brn\n|move|p1b: Tornadus|Icy Wind|p2b: Walking Wake|[spread] p2a,p2b\n|-resisted|p2a: Klefki\n|-resisted|p2b: Walking Wake\n|-damage|p2a: Klefki|95\/100\n|-damage|p2b: Walking Wake|94\/100\n|-unboost|p2a: Klefki|spe|1\n|-unboost|p2b: Walking Wake|spe|1\n|move|p2a: Klefki|Foul Play|p1a: Dipplin\n|-damage|p1a: Dipplin|61\/100 brn\n|move|p1a: Dipplin|Syrup Bomb|p2b: Walking Wake|[miss]\n|-miss|p1a: Dipplin|p2b: Walking Wake\n|\n|-heal|p2a: Klefki|100\/100|[from] item: Leftovers\n|-damage|p1a: Dipplin|55\/100 brn|[from] brn\n|upkeep\n|turn|10\n|\n|t:|1700117336\n|move|p2b: Walking Wake|Dragon Pulse|p1a: Dipplin\n|-supereffective|p1a: Dipplin\n|-damage|p1a: Dipplin|0 fnt\n|faint|p1a: Dipplin\n|move|p1b: Tornadus|Icy Wind|p2a: Klefki|[spread] p2a,p2b\n|-resisted|p2a: Klefki\n|-resisted|p2b: Walking Wake\n|-damage|p2a: Klefki|95\/100\n|-damage|p2b: Walking Wake|86\/100\n|-unboost|p2a: Klefki|spe|1\n|-unboost|p2b: Walking Wake|spe|1\n|move|p2a: Klefki|Foul Play|p1b: Tornadus\n|-damage|p1b: Tornadus|66\/100 par\n|\n|-heal|p1b: Tornadus|72\/100 par|[from] item: Leftovers\n|-heal|p2a: Klefki|100\/100|[from] item: Leftovers\n|upkeep\n|\n|t:|1700117353\n|switch|p1a: Iron Hands|Iron Hands|100\/100\n|-damage|p1a: Iron Hands|84\/100|[from] Spikes\n|turn|11\n|\n|t:|1700117381\n|move|p1a: Iron Hands|Fake Out|p2b: Walking Wake\n|-damage|p2b: Walking Wake|72\/100\n|move|p1b: Tornadus|Bleakwind Storm|p2a: Klefki|[spread] p2a,p2b\n|-resisted|p2a: Klefki\n|-damage|p2a: Klefki|84\/100\n|-damage|p2b: Walking Wake|30\/100\n|cant|p2b: Walking Wake|flinch\n|move|p2a: Klefki|Foul Play|p1a: Iron Hands\n|-resisted|p1a: Iron Hands\n|-damage|p1a: Iron Hands|73\/100\n|\n|-heal|p1b: Tornadus|78\/100 par|[from] item: Leftovers\n|-heal|p2a: Klefki|90\/100|[from] item: Leftovers\n|upkeep\n|turn|12\n|\n|t:|1700117400\n|move|p1b: Tornadus|Bleakwind Storm|p2b: Walking Wake|[spread] p2a\n|-miss|p1b: Tornadus|p2b: Walking Wake\n|-resisted|p2a: Klefki\n|-damage|p2a: Klefki|76\/100\n|move|p2b: Walking Wake|Noble Roar|p1a: Iron Hands\n|-unboost|p1a: Iron Hands|atk|1\n|-unboost|p1a: Iron Hands|spa|1\n|move|p1a: Iron Hands|Bulldoze|p2b: Walking Wake|[spread] p2a,p2b\n|-immune|p1b: Tornadus\n|-supereffective|p2a: Klefki\n|-damage|p2a: Klefki|50\/100\n|-damage|p2b: Walking Wake|20\/100\n|-unboost|p2a: Klefki|spe|1\n|-unboost|p2b: Walking Wake|spe|1\n|move|p2a: Klefki|Foul Play|p1b: Tornadus\n|-damage|p1b: Tornadus|42\/100 par\n|\n|-heal|p1b: Tornadus|48\/100 par|[from] item: Leftovers\n|-heal|p2a: Klefki|56\/100|[from] item: Leftovers\n|upkeep\n|turn|13\n|\n|t:|1700117427\n|move|p1b: Tornadus|Bleakwind Storm|p2b: Walking Wake|[spread] p2a,p2b\n|-resisted|p2a: Klefki\n|-damage|p2a: Klefki|42\/100\n|-damage|p2b: Walking Wake|0 fnt\n|-unboost|p2a: Klefki|spe|1\n|faint|p2b: Walking Wake\n|-end|p2b: Walking Wake|Protosynthesis|[silent]\n|move|p1a: Iron Hands|Bulldoze|p2a: Klefki|[spread] p2a\n|-immune|p1b: Tornadus\n|-supereffective|p2a: Klefki\n|-damage|p2a: Klefki|17\/100\n|-unboost|p2a: Klefki|spe|1\n|move|p2a: Klefki|Foul Play|p1b: Tornadus\n|-damage|p1b: Tornadus|16\/100 par\n|\n|-heal|p1b: Tornadus|22\/100 par|[from] item: Leftovers\n|-heal|p2a: Klefki|23\/100|[from] item: Leftovers\n|upkeep\n|turn|14\n|\n|t:|1700117445\n|cant|p1b: Tornadus|par\n|move|p1a: Iron Hands|Bulldoze|p2a: Klefki|[spread] p2a\n|-immune|p1b: Tornadus\n|-supereffective|p2a: Klefki\n|-damage|p2a: Klefki|0 fnt\n|faint|p2a: Klefki\n|\n|win|DoujinCollector\n|l|\u2606TehReelBlue\n","uploadtime":1700117476,"views":6,"p1id":"doujincollector","p2id":"tehreelblue","formatid":"gen9doublesou","rating":0,"private":0,"password":""}