{"id":"gen9doublesou-1981529949","p1":"C0SuMa","p2":"Pax_825","format":"[Gen 9] Doubles OU","log":"|j|\u2606C0SuMa\n|j|\u2606Pax_825\n|t:|1698913163\n|gametype|doubles\n|player|p1|C0SuMa|caitlin|1438\n|player|p2|Pax_825|102|1339\n|teamsize|p1|6\n|teamsize|p2|6\n|gen|9\n|tier|[Gen 9] Doubles OU\n|rated|\n|rule|Species Clause: Limit one of each Pok\u00e9mon\n|rule|OHKO Clause: OHKO moves are banned\n|rule|Evasion Moves Clause: Evasion moves are banned\n|rule|Gravity Sleep Clause: The combination of sleep-inducing moves with imperfect accuracy and Gravity or Gigantamax Orbeetle are banned\n|rule|Endless Battle Clause: Forcing endless battles is banned\n|rule|HP Percentage Mod: HP is shown in percentages\n|clearpoke\n|poke|p1|Ninetales-Alola, F|\n|poke|p1|Flutter Mane|\n|poke|p1|Iron Bundle|\n|poke|p1|Ogerpon-Hearthflame, F|\n|poke|p1|Iron Hands|\n|poke|p1|Cresselia, F|\n|poke|p2|Kingambit, F|\n|poke|p2|Hatterene, F|\n|poke|p2|Great Tusk|\n|poke|p2|Amoonguss, F|\n|poke|p2|Toxapex, M|\n|poke|p2|Heatran, F|\n|teampreview\n|inactive|Battle timer is ON: inactive players will automatically lose when time's up. (requested by C0SuMa)\n|\n|t:|1698913179\n|start\n|switch|p1a: Iron Bundle|Iron Bundle|100\/100\n|switch|p1b: Iron Hands|Iron Hands|100\/100\n|switch|p2a: Amoonguss|Amoonguss, F|100\/100\n|switch|p2b: Hatterene|Hatterene, F|100\/100\n|turn|1\n|\n|t:|1698913199\n|-end|p1b: Iron Hands|Quark Drive|[silent]\n|switch|p1b: Ninetales|Ninetales-Alola, F|100\/100\n|-weather|Snow|[from] ability: Snow Warning|[of] p1b: Ninetales\n|move|p1a: Iron Bundle|Aurora Veil|p1a: Iron Bundle\n|-sidestart|p1: C0SuMa|move: Aurora Veil\n|move|p2a: Amoonguss|Spore|p1b: Ninetales\n|-status|p1b: Ninetales|slp|[from] move: Spore\n|move|p2b: Hatterene|Trick Room|p2b: Hatterene\n|-fieldstart|move: Trick Room|[of] p2b: Hatterene\n|\n|-weather|Snow|[upkeep]\n|upkeep\n|turn|2\n|\n|t:|1698913216\n|switch|p2b: Heatran|Heatran, F|100\/100\n|move|p2a: Amoonguss|Spore|p1a: Iron Bundle\n|-status|p1a: Iron Bundle|slp|[from] move: Spore\n|cant|p1b: Ninetales|slp\n|cant|p1a: Iron Bundle|slp\n|\n|-weather|Snow|[upkeep]\n|upkeep\n|turn|3\n|c|\u2606C0SuMa|sporing twice on the first 2 turns?\n|inactive|C0SuMa has 120 seconds left.\n|\n|t:|1698913258\n|move|p2a: Amoonguss|Clear Smog|p1b: Ninetales\n|-supereffective|p1b: Ninetales\n|-damage|p1b: Ninetales|79\/100 slp\n|-clearboost|p1b: Ninetales\n|move|p2b: Heatran|Heat Wave|p1a: Iron Bundle|[spread] p1b\n|-miss|p2b: Heatran|p1a: Iron Bundle\n|-supereffective|p1b: Ninetales\n|-damage|p1b: Ninetales|18\/100 slp\n|-curestatus|p1b: Ninetales|slp|[msg]\n|move|p1b: Ninetales|Blizzard|p2a: Amoonguss|[spread] p2a,p2b\n|-supereffective|p2a: Amoonguss\n|-resisted|p2b: Heatran\n|-damage|p2a: Amoonguss|60\/100\n|-damage|p2b: Heatran|95\/100\n|cant|p1a: Iron Bundle|slp\n|\n|-weather|Snow|[upkeep]\n|-heal|p2a: Amoonguss|66\/100|[from] item: Leftovers\n|-heal|p2b: Heatran|100\/100|[from] item: Leftovers\n|upkeep\n|turn|4\n|inactive|C0SuMa has 120 seconds left.\n|\n|t:|1698913286\n|move|p2a: Amoonguss|Spore|p1b: Ninetales\n|-status|p1b: Ninetales|slp|[from] move: Spore\n|move|p2b: Heatran|Heat Wave|p1a: Iron Bundle|[spread] p1a,p1b\n|-supereffective|p1b: Ninetales\n|-damage|p1a: Iron Bundle|44\/100 slp\n|-damage|p1b: Ninetales|0 fnt\n|faint|p1b: Ninetales\n|cant|p1a: Iron Bundle|slp\n|\n|-weather|Snow|[upkeep]\n|-heal|p2a: Amoonguss|72\/100|[from] item: Leftovers\n|upkeep\n|\n|t:|1698913301\n|switch|p1b: Cresselia|Cresselia, F|100\/100\n|turn|5\n|inactive|C0SuMa has 120 seconds left.\n|\n|t:|1698913319\n|-curestatus|p1a: Iron Bundle|slp|[msg]\n|move|p1a: Iron Bundle|Protect|p1a: Iron Bundle\n|-singleturn|p1a: Iron Bundle|Protect\n|move|p1b: Cresselia|Ally Switch|p1b: Cresselia\n|swap|p1b: Cresselia|0|[from] move: Ally Switch\n|move|p2a: Amoonguss|Spore|p1b: Iron Bundle\n|-activate|p1b: Iron Bundle|move: Protect\n|move|p2b: Heatran|Heat Wave|p1a: Cresselia|[spread] p1a\n|-activate|p1b: Iron Bundle|move: Protect\n|-damage|p1a: Cresselia|85\/100\n|\n|-weather|Snow|[upkeep]\n|-heal|p2a: Amoonguss|79\/100|[from] item: Leftovers\n|-fieldend|move: Trick Room\n|upkeep\n|turn|6\n|inactive|C0SuMa has 120 seconds left.\n|\n|t:|1698913358\n|move|p1b: Iron Bundle|Blizzard|p2b: Heatran|[spread] p2a,p2b\n|-supereffective|p2a: Amoonguss\n|-resisted|p2b: Heatran\n|-damage|p2a: Amoonguss|20\/100\n|-damage|p2b: Heatran|91\/100\n|move|p1a: Cresselia|Lunar Blessing|p1a: Cresselia|[spread] p1a,p1b\n|-heal|p1a: Cresselia|100\/100\n|-heal|p1b: Iron Bundle|68\/100\n|move|p2b: Heatran|Heat Wave|p1b: Iron Bundle|[spread] p1a,p1b\n|-damage|p1a: Cresselia|85\/100\n|-damage|p1b: Iron Bundle|12\/100\n|move|p2a: Amoonguss|Spore|p1a: Cresselia\n|-status|p1a: Cresselia|slp|[from] move: Spore\n|\n|-weather|Snow|[upkeep]\n|-heal|p2b: Heatran|97\/100|[from] item: Leftovers\n|-heal|p2a: Amoonguss|26\/100|[from] item: Leftovers\n|upkeep\n|turn|7\n|inactive|C0SuMa has 120 seconds left.\n|\n|t:|1698913378\n|move|p2a: Amoonguss|Protect|p2a: Amoonguss\n|-singleturn|p2a: Amoonguss|Protect\n|move|p1b: Iron Bundle|Blizzard|p2b: Heatran|[spread] p2b\n|-activate|p2a: Amoonguss|move: Protect\n|-resisted|p2b: Heatran\n|-damage|p2b: Heatran|89\/100\n|-status|p2b: Heatran|frz\n|cant|p1a: Cresselia|slp\n|cant|p2b: Heatran|frz\n|\n|-weather|Snow|[upkeep]\n|-heal|p2b: Heatran|95\/100 frz|[from] item: Leftovers\n|-heal|p2a: Amoonguss|32\/100|[from] item: Leftovers\n|upkeep\n|turn|8\n|inactive|C0SuMa has 120 seconds left.\n|\n|t:|1698913402\n|switch|p2a: Hatterene|Hatterene, F|100\/100\n|move|p1b: Iron Bundle|Blizzard|p2a: Hatterene|[spread] p2a,p2b\n|-resisted|p2b: Heatran\n|-damage|p2a: Hatterene|50\/100\n|-damage|p2b: Heatran|87\/100 frz\n|cant|p1a: Cresselia|slp\n|cant|p2b: Heatran|frz\n|\n|-weather|none\n|-heal|p2b: Heatran|93\/100 frz|[from] item: Leftovers\n|-heal|p2a: Hatterene|56\/100|[from] item: Leftovers\n|-sideend|p1: C0SuMa|move: Aurora Veil\n|upkeep\n|turn|9\n|inactive|C0SuMa has 120 seconds left.\n|\n|t:|1698913428\n|move|p2a: Hatterene|Protect|p2a: Hatterene\n|-singleturn|p2a: Hatterene|Protect\n|move|p1b: Iron Bundle|Hydro Pump|p2b: Heatran\n|-supereffective|p2b: Heatran\n|-damage|p2b: Heatran|0 fnt\n|faint|p2b: Heatran\n|cant|p1a: Cresselia|slp\n|\n|-heal|p2a: Hatterene|62\/100|[from] item: Leftovers\n|upkeep\n|inactive|Pax_825 has 120 seconds left.\n|\n|t:|1698913448\n|switch|p2b: Great Tusk|Great Tusk|100\/100\n|turn|10\n|\n|t:|1698913462\n|move|p2b: Great Tusk|Protect|p2b: Great Tusk\n|-singleturn|p2b: Great Tusk|Protect\n|-curestatus|p1a: Cresselia|slp|[msg]\n|move|p1a: Cresselia|Ally Switch|p1a: Cresselia\n|swap|p1a: Cresselia|1|[from] move: Ally Switch\n|move|p1a: Iron Bundle|Blizzard|p2b: Great Tusk|[spread] p2a\n|-activate|p2b: Great Tusk|move: Protect\n|-damage|p2a: Hatterene|17\/100\n|move|p2a: Hatterene|Trick Room|p2a: Hatterene\n|-fieldstart|move: Trick Room|[of] p2a: Hatterene\n|\n|-heal|p2a: Hatterene|23\/100|[from] item: Leftovers\n|upkeep\n|turn|11\n|inactive|Pax_825 has 120 seconds left.\n|\n|t:|1698913494\n|move|p1a: Iron Bundle|Protect|p1a: Iron Bundle\n|-singleturn|p1a: Iron Bundle|Protect\n|move|p2a: Hatterene|Dazzling Gleam|p1b: Cresselia|[spread] p1b\n|-activate|p1a: Iron Bundle|move: Protect\n|-damage|p1b: Cresselia|69\/100\n|move|p2b: Great Tusk|Headlong Rush|p1b: Cresselia\n|-immune|p1b: Cresselia|[from] ability: Levitate\n|move|p1b: Cresselia|Trick Room|p1b: Cresselia\n|-fieldend|move: Trick Room\n|\n|-heal|p2a: Hatterene|29\/100|[from] item: Leftovers\n|upkeep\n|turn|12\n|inactive|Pax_825 has 120 seconds left.\n|\n|t:|1698913528\n|-end|p2b: Great Tusk|Protosynthesis|[silent]\n|switch|p2b: Toxapex|Toxapex, M|100\/100\n|move|p2a: Hatterene|Protect|p2a: Hatterene\n|-singleturn|p2a: Hatterene|Protect\n|move|p1a: Iron Bundle|Blizzard|p2b: Toxapex|[spread] p2b\n|-activate|p2a: Hatterene|move: Protect\n|-resisted|p2b: Toxapex\n|-damage|p2b: Toxapex|87\/100\n|move|p1b: Cresselia|Lunar Blessing|p1b: Cresselia|[spread] p1a,p1b\n|-heal|p1a: Iron Bundle|37\/100\n|-heal|p1b: Cresselia|94\/100\n|\n|-heal|p2b: Toxapex|93\/100|[from] item: Leftovers\n|-heal|p2a: Hatterene|35\/100|[from] item: Leftovers\n|upkeep\n|turn|13\n|inactive|Pax_825 has 120 seconds left.\n|\n|t:|1698913564\n|switch|p2a: Kingambit|Kingambit, F|100\/100\n|-activate|p2a: Kingambit|ability: Supreme Overlord\n|-start|p2a: Kingambit|fallen1|[silent]\n|move|p1a: Iron Bundle|Blizzard|p2b: Toxapex|[spread] p2a,p2b\n|-resisted|p2a: Kingambit\n|-resisted|p2b: Toxapex\n|-damage|p2a: Kingambit|79\/100\n|-damage|p2b: Toxapex|78\/100\n|-status|p2b: Toxapex|frz\n|move|p1b: Cresselia|Lunar Blessing|p1b: Cresselia|[spread] p1a,p1b\n|-heal|p1a: Iron Bundle|62\/100\n|-heal|p1b: Cresselia|100\/100\n|-curestatus|p2b: Toxapex|frz|[msg]\n|move|p2b: Toxapex|Toxic|p1a: Iron Bundle\n|-status|p1a: Iron Bundle|tox\n|\n|-heal|p2b: Toxapex|84\/100|[from] item: Leftovers\n|-damage|p1a: Iron Bundle|56\/100 tox|[from] psn\n|upkeep\n|turn|14\n|inactive|Pax_825 has 120 seconds left.\n|inactive|Pax_825 has 90 seconds left.\n|\n|t:|1698913609\n|move|p2b: Toxapex|Baneful Bunker|p2b: Toxapex\n|-singleturn|p2b: Toxapex|move: Protect\n|move|p1b: Cresselia|Ally Switch|p1b: Cresselia\n|swap|p1b: Cresselia|0|[from] move: Ally Switch\n|move|p1b: Iron Bundle|Hydro Pump|p2a: Kingambit\n|-damage|p2a: Kingambit|19\/100\n|move|p2a: Kingambit|Kowtow Cleave|p1b: Iron Bundle\n|-damage|p1b: Iron Bundle|0 fnt\n|faint|p1b: Iron Bundle\n|-end|p1b: Iron Bundle|Quark Drive|[silent]\n|-damage|p2a: Kingambit|10\/100|[from] item: Life Orb\n|\n|-heal|p2b: Toxapex|90\/100|[from] item: Leftovers\n|upkeep\n|inactive|C0SuMa has 120 seconds left.\n|\n|t:|1698913630\n|switch|p1b: Flutter Mane|Flutter Mane|100\/100\n|turn|15\n|\n|t:|1698913655\n|move|p2a: Kingambit|Protect|p2a: Kingambit\n|-singleturn|p2a: Kingambit|Protect\n|move|p1b: Flutter Mane|Dazzling Gleam|p2a: Kingambit|[spread] p2b\n|-activate|p2a: Kingambit|move: Protect\n|-resisted|p2b: Toxapex\n|-damage|p2b: Toxapex|75\/100\n|-damage|p1b: Flutter Mane|91\/100|[from] item: Life Orb\n|move|p1a: Cresselia|Icy Wind|p2b: Toxapex|[spread] p2b\n|-activate|p2a: Kingambit|move: Protect\n|-resisted|p2b: Toxapex\n|-damage|p2b: Toxapex|72\/100\n|-unboost|p2b: Toxapex|spe|1\n|move|p2b: Toxapex|Toxic|p1a: Cresselia\n|-status|p1a: Cresselia|tox\n|\n|-heal|p2b: Toxapex|78\/100|[from] item: Leftovers\n|-damage|p1a: Cresselia|94\/100 tox|[from] psn\n|upkeep\n|turn|16\n|\n|t:|1698913681\n|move|p2a: Kingambit|Sucker Punch||[still]\n|-fail|p2a: Kingambit\n|move|p1b: Flutter Mane|Dazzling Gleam|p2b: Toxapex|[spread] p2a,p2b\n|-resisted|p2b: Toxapex\n|-damage|p2a: Kingambit|0 fnt\n|-damage|p2b: Toxapex|65\/100\n|faint|p2a: Kingambit\n|-end|p2a: Kingambit|fallen1|[silent]\n|-damage|p1b: Flutter Mane|81\/100|[from] item: Life Orb\n|move|p1a: Cresselia|Lunar Blessing|p1a: Cresselia|[spread] p1a,p1b\n|-heal|p1a: Cresselia|100\/100 tox\n|-curestatus|p1a: Cresselia|tox|[msg]\n|-heal|p1b: Flutter Mane|100\/100\n|move|p2b: Toxapex|Toxic|p1b: Flutter Mane\n|-status|p1b: Flutter Mane|tox\n|\n|-heal|p2b: Toxapex|71\/100|[from] item: Leftovers\n|-damage|p1b: Flutter Mane|95\/100 tox|[from] psn\n|upkeep\n|inactive|Pax_825 has 90 seconds left.\n|\n|t:|1698913698\n|switch|p2a: Amoonguss|Amoonguss, F|65\/100\n|turn|17\n|inactive|Pax_825 has 90 seconds left.\n|inactive|C0SuMa has 120 seconds left.\n|\n|t:|1698913756\n|switch|p2b: Hatterene|Hatterene, F|35\/100\n|move|p1a: Cresselia|Ally Switch|p1a: Cresselia\n|swap|p1a: Cresselia|1|[from] move: Ally Switch\n|move|p1a: Flutter Mane|Shadow Ball|p2a: Amoonguss\n|-damage|p2a: Amoonguss|23\/100\n|-unboost|p2a: Amoonguss|spd|1\n|-damage|p1a: Flutter Mane|85\/100 tox|[from] item: Life Orb\n|move|p2a: Amoonguss|Spore||[still]\n|-fail|p2a: Amoonguss\n|\n|-heal|p2b: Hatterene|41\/100|[from] item: Leftovers\n|-heal|p2a: Amoonguss|29\/100|[from] item: Leftovers\n|-damage|p1a: Flutter Mane|73\/100 tox|[from] psn\n|upkeep\n|turn|18\n|inactive|Pax_825 has 90 seconds left.\n|\n|t:|1698913778\n|move|p2a: Amoonguss|Protect|p2a: Amoonguss\n|-singleturn|p2a: Amoonguss|Protect\n|move|p1a: Flutter Mane|Dazzling Gleam|p2b: Hatterene|[spread] p2b\n|-activate|p2a: Amoonguss|move: Protect\n|-damage|p2b: Hatterene|0 fnt\n|faint|p2b: Hatterene\n|-damage|p1a: Flutter Mane|63\/100 tox|[from] item: Life Orb\n|move|p1b: Cresselia|Icy Wind|p2a: Amoonguss\n|-activate|p2a: Amoonguss|move: Protect\n|\n|-heal|p2a: Amoonguss|35\/100|[from] item: Leftovers\n|-damage|p1a: Flutter Mane|45\/100 tox|[from] psn\n|upkeep\n|-message|Pax_825 forfeited.\n|\n|win|C0SuMa\n|raw|C0SuMa's rating: 1438 &rarr; <strong>1452<\/strong><br \/>(+14 for winning)\n|raw|Pax_825's rating: 1339 &rarr; <strong>1325<\/strong><br \/>(-14 for losing)\n|l|\u2606Pax_825\n|c|\u2606C0SuMa|gg\n","uploadtime":1698913797,"views":35,"p1id":"c0suma","p2id":"pax825","formatid":"gen9doublesou","rating":1325,"private":0,"password":""}