{"id":"gen9doublesou-1978439493","p1":"promotheus","p2":"CastDeezNuts","format":"[Gen 9] Doubles OU","log":"|j|\u2606promotheus\n|j|\u2606CastDeezNuts\n|t:|1698539130\n|gametype|doubles\n|player|p1|promotheus|170|1208\n|player|p2|CastDeezNuts|n|1207\n|teamsize|p1|6\n|teamsize|p2|6\n|gen|9\n|tier|[Gen 9] Doubles OU\n|rated|\n|rule|Species Clause: Limit one of each Pok\u00e9mon\n|rule|OHKO Clause: OHKO moves are banned\n|rule|Evasion Moves Clause: Evasion moves are banned\n|rule|Gravity Sleep Clause: The combination of sleep-inducing moves with imperfect accuracy and Gravity or Gigantamax Orbeetle are banned\n|rule|Endless Battle Clause: Forcing endless battles is banned\n|rule|HP Percentage Mod: HP is shown in percentages\n|clearpoke\n|poke|p1|Cetitan, F|\n|poke|p1|Ninetales-Alola, M|\n|poke|p1|Sinistcha|\n|poke|p1|Iron Hands|\n|poke|p1|Diancie|\n|poke|p1|Chien-Pao|\n|poke|p2|Chi-Yu|\n|poke|p2|Torkoal, F|\n|poke|p2|Tornadus, M|\n|poke|p2|Flutter Mane|\n|poke|p2|Lilligant-Hisui, F|\n|poke|p2|Walking Wake|\n|teampreview\n|inactive|Battle timer is ON: inactive players will automatically lose when time's up. (requested by CastDeezNuts)\n|\n|t:|1698539139\n|start\n|switch|p1a: Iron Hands|Iron Hands|100\/100\n|switch|p1b: Diancie|Diancie|100\/100\n|switch|p2a: Torkoal|Torkoal, F|100\/100\n|switch|p2b: Walking Wake|Walking Wake|100\/100\n|-weather|SunnyDay|[from] ability: Drought|[of] p2a: Torkoal\n|-activate|p2b: Walking Wake|ability: Protosynthesis\n|-start|p2b: Walking Wake|protosynthesisspa\n|turn|1\n|\n|t:|1698539154\n|move|p2b: Walking Wake|Protect|p2b: Walking Wake\n|-singleturn|p2b: Walking Wake|Protect\n|move|p1a: Iron Hands|Fake Out|p2a: Torkoal\n|-damage|p2a: Torkoal|90\/100\n|move|p1b: Diancie|Diamond Storm|p2b: Walking Wake|[spread] \n|-activate|p2b: Walking Wake|move: Protect\n|-miss|p1b: Diancie|p2a: Torkoal\n|cant|p2a: Torkoal|flinch\n|\n|-weather|SunnyDay|[upkeep]\n|upkeep\n|turn|2\n|\n|t:|1698539176\n|-end|p1a: Iron Hands|Quark Drive|[silent]\n|switch|p1a: Ninetales|Ninetales-Alola, M|100\/100\n|-weather|Snow|[from] ability: Snow Warning|[of] p1a: Ninetales\n|-end|p2b: Walking Wake|Protosynthesis\n|move|p2b: Walking Wake|Hydro Steam|p1b: Diancie\n|-supereffective|p1b: Diancie\n|-damage|p1b: Diancie|16\/100\n|-damage|p2b: Walking Wake|91\/100|[from] item: Life Orb\n|move|p1b: Diancie|Diamond Storm|p2b: Walking Wake|[spread] p2a,p2b\n|-supereffective|p2a: Torkoal\n|-damage|p2a: Torkoal|47\/100\n|-damage|p2b: Walking Wake|60\/100\n|-boost|p1b: Diancie|def|2\n|move|p2a: Torkoal|Eruption|p1b: Diancie|[spread] p1a,p1b\n|-supereffective|p1a: Ninetales\n|-resisted|p1b: Diancie\n|-damage|p1a: Ninetales|47\/100\n|-damage|p1b: Diancie|4\/100\n|\n|-weather|Snow|[upkeep]\n|-heal|p1a: Ninetales|53\/100|[from] item: Leftovers\n|-heal|p1b: Diancie|10\/100|[from] item: Leftovers\n|upkeep\n|turn|3\n|inactive|promotheus has 120 seconds left.\n|\n|t:|1698539213\n|switch|p1b: Iron Hands|Iron Hands|100\/100\n|move|p2a: Torkoal|Protect|p2a: Torkoal\n|-singleturn|p2a: Torkoal|Protect\n|move|p1a: Ninetales|Aurora Veil|p1a: Ninetales\n|-sidestart|p1: promotheus|move: Aurora Veil\n|move|p2b: Walking Wake|Hydro Steam|p1b: Iron Hands\n|-damage|p1b: Iron Hands|79\/100\n|-damage|p2b: Walking Wake|50\/100|[from] item: Life Orb\n|\n|-weather|Snow|[upkeep]\n|-heal|p1a: Ninetales|59\/100|[from] item: Leftovers\n|upkeep\n|turn|4\n|inactive|promotheus has 120 seconds left.\n|\n|t:|1698539234\n|switch|p2a: Tornadus|Tornadus, M|100\/100\n|move|p2b: Walking Wake|Protect|p2b: Walking Wake\n|-singleturn|p2b: Walking Wake|Protect\n|move|p1a: Ninetales|Blizzard|p2a: Tornadus|[spread] p2a\n|-activate|p2b: Walking Wake|move: Protect\n|-supereffective|p2a: Tornadus\n|-crit|p2a: Tornadus\n|-damage|p2a: Tornadus|41\/100\n|move|p1b: Iron Hands|Drain Punch|p2a: Tornadus\n|-resisted|p2a: Tornadus\n|-damage|p2a: Tornadus|16\/100\n|-heal|p1b: Iron Hands|88\/100|[from] drain|[of] p2a: Tornadus\n|\n|-weather|Snow|[upkeep]\n|-heal|p1a: Ninetales|65\/100|[from] item: Leftovers\n|-heal|p2a: Tornadus|22\/100|[from] item: Leftovers\n|upkeep\n|turn|5\n|\n|t:|1698539258\n|-end|p1b: Iron Hands|Quark Drive|[silent]\n|switch|p1b: Chien-Pao|Chien-Pao|100\/100\n|-ability|p1b: Chien-Pao|Sword of Ruin\n|move|p2a: Tornadus|Sunny Day|p2a: Tornadus\n|-weather|SunnyDay\n|-activate|p2b: Walking Wake|ability: Protosynthesis\n|-start|p2b: Walking Wake|protosynthesisspa\n|move|p1a: Ninetales|Blizzard|p2a: Tornadus|[spread] p2b\n|-miss|p1a: Ninetales|p2a: Tornadus\n|-damage|p2b: Walking Wake|23\/100\n|move|p2b: Walking Wake|Hydro Steam|p1a: Ninetales\n|-damage|p1a: Ninetales|0 fnt\n|faint|p1a: Ninetales\n|-damage|p2b: Walking Wake|13\/100|[from] item: Life Orb\n|\n|-weather|SunnyDay|[upkeep]\n|-heal|p2a: Tornadus|28\/100|[from] item: Leftovers\n|upkeep\n|inactive|promotheus has 120 seconds left.\n|\n|t:|1698539277\n|switch|p1a: Iron Hands|Iron Hands|88\/100\n|turn|6\n|inactive|promotheus has 120 seconds left.\n|\n|t:|1698539299\n|move|p2a: Tornadus|Protect|p2a: Tornadus\n|-singleturn|p2a: Tornadus|Protect\n|move|p2b: Walking Wake|Protect|p2b: Walking Wake\n|-singleturn|p2b: Walking Wake|Protect\n|move|p1a: Iron Hands|Fake Out|p2a: Tornadus\n|-activate|p2a: Tornadus|move: Protect\n|move|p1b: Chien-Pao|Ice Spinner|p2a: Tornadus\n|-activate|p2a: Tornadus|move: Protect\n|\n|-weather|SunnyDay|[upkeep]\n|-heal|p2a: Tornadus|34\/100|[from] item: Leftovers\n|upkeep\n|turn|7\n|\n|t:|1698539316\n|move|p2a: Tornadus|Tailwind|p2a: Tornadus\n|-sidestart|p2: CastDeezNuts|move: Tailwind\n|move|p2b: Walking Wake|Hydro Steam|p1b: Chien-Pao\n|-damage|p1b: Chien-Pao|0 fnt\n|faint|p1b: Chien-Pao\n|-damage|p2b: Walking Wake|4\/100|[from] item: Life Orb\n|move|p1a: Iron Hands|Wild Charge|p2a: Tornadus\n|-supereffective|p2a: Tornadus\n|-damage|p2a: Tornadus|0 fnt\n|faint|p2a: Tornadus\n|-damage|p1a: Iron Hands|81\/100|[from] Recoil\n|\n|-weather|SunnyDay|[upkeep]\n|-sideend|p1: promotheus|move: Aurora Veil\n|upkeep\n|\n|t:|1698539330\n|switch|p1b: Sinistcha|Sinistcha|100\/100\n|switch|p2a: Flutter Mane|Flutter Mane|100\/100\n|-activate|p2a: Flutter Mane|ability: Protosynthesis\n|-start|p2a: Flutter Mane|protosynthesisspe\n|-heal|p1a: Iron Hands|100\/100|[from] ability: Hospitality|[of] p1b: Sinistcha\n|turn|8\n|\n|t:|1698539353\n|switch|p1b: Cetitan|Cetitan, F|100\/100\n|-terastallize|p2a: Flutter Mane|Fairy\n|move|p2a: Flutter Mane|Dazzling Gleam|p1a: Iron Hands|[spread] p1a,p1b\n|-supereffective|p1a: Iron Hands\n|-damage|p1a: Iron Hands|30\/100\n|-damage|p1b: Cetitan|25\/100\n|-enditem|p1b: Cetitan|Aguav Berry|[eat]\n|-heal|p1b: Cetitan|58\/100|[from] item: Aguav Berry\n|move|p2b: Walking Wake|Hydro Steam|p1a: Iron Hands\n|-damage|p1a: Iron Hands|0 fnt\n|faint|p1a: Iron Hands\n|-end|p1a: Iron Hands|Quark Drive|[silent]\n|-damage|p2b: Walking Wake|0 fnt|[from] item: Life Orb\n|faint|p2b: Walking Wake\n|-end|p2b: Walking Wake|Protosynthesis|[silent]\n|\n|-weather|SunnyDay|[upkeep]\n|upkeep\n|\n|t:|1698539373\n|switch|p2b: Lilligant|Lilligant-Hisui, F|100\/100\n|switch|p1a: Sinistcha|Sinistcha|100\/100\n|-heal|p1b: Cetitan|83\/100|[from] ability: Hospitality|[of] p1a: Sinistcha\n|turn|9\n|inactive|promotheus has 120 seconds left.\n|\n|t:|1698539404\n|move|p2b: Lilligant|Helping Hand|p2a: Flutter Mane\n|-singleturn|p2a: Flutter Mane|Helping Hand|[of] p2b: Lilligant\n|move|p1b: Cetitan|Ice Shard|p2b: Lilligant\n|-supereffective|p2b: Lilligant\n|-damage|p2b: Lilligant|51\/100\n|move|p2a: Flutter Mane|Dazzling Gleam|p1b: Cetitan|[spread] p1a,p1b\n|-damage|p1a: Sinistcha|0 fnt\n|-damage|p1b: Cetitan|0 fnt\n|faint|p1a: Sinistcha\n|faint|p1b: Cetitan\n|\n|-weather|none\n|-end|p2a: Flutter Mane|Protosynthesis\n|upkeep\n|inactive|promotheus has 120 seconds left.\n|-message|promotheus forfeited.\n|\n|win|CastDeezNuts\n|raw|promotheus's rating: 1208 &rarr; <strong>1184<\/strong><br \/>(-24 for losing)\n|raw|CastDeezNuts's rating: 1227 &rarr; <strong>1251<\/strong><br \/>(+24 for winning)\n|l|\u2606promotheus\n","uploadtime":1698539433,"views":16,"p1id":"promotheus","p2id":"castdeeznuts","formatid":"gen9doublesou","rating":1184,"private":0,"password":""}