{"id":"gen9doublesou-1988892281","p1":"etbgamesla","p2":"TakeshiKero","format":"[Gen 9] Doubles OU","log":"|j|\u2606etbgamesla\n|j|\u2606TakeshiKero\n|t:|1699782432\n|gametype|doubles\n|player|p1|etbgamesla|2|1000\n|player|p2|TakeshiKero|hilbert|1138\n|teamsize|p1|6\n|teamsize|p2|6\n|gen|9\n|tier|[Gen 9] Doubles OU\n|rated|\n|rule|Species Clause: Limit one of each Pok\u00e9mon\n|rule|OHKO Clause: OHKO moves are banned\n|rule|Evasion Moves Clause: Evasion moves are banned\n|rule|Gravity Sleep Clause: The combination of sleep-inducing moves with imperfect accuracy and Gravity or Gigantamax Orbeetle are banned\n|rule|Endless Battle Clause: Forcing endless battles is banned\n|rule|HP Percentage Mod: HP is shown in percentages\n|clearpoke\n|poke|p1|Krookodile, M|\n|poke|p1|Meowscarada, M|\n|poke|p1|Sinistcha-Masterpiece|\n|poke|p1|Basculegion-F, F|\n|poke|p1|Tornadus, M|\n|poke|p1|Pelipper, M|\n|poke|p2|Slowbro, M|\n|poke|p2|Gogoat, F|\n|poke|p2|Maushold-Four|\n|poke|p2|Typhlosion-Hisui, F|\n|poke|p2|Diancie|\n|poke|p2|Morpeko, F|\n|teampreview\n|\n|t:|1699782453\n|start\n|switch|p1a: Tornadus|Tornadus, M|100\/100\n|switch|p1b: Pelipper|Pelipper, M|100\/100\n|switch|p2a: Slowbro|Slowbro, M|100\/100\n|switch|p2b: Gogoat|Gogoat, F|100\/100\n|-weather|RainDance|[from] ability: Drizzle|[of] p1b: Pelipper\n|turn|1\n|\n|t:|1699782476\n|move|p1a: Tornadus|Bleakwind Storm|p2b: Gogoat|[spread] p2a,p2b\n|-supereffective|p2b: Gogoat\n|-damage|p2a: Slowbro|66\/100\n|-damage|p2b: Gogoat|44\/100\n|-unboost|p2b: Gogoat|spe|1\n|move|p1b: Pelipper|Tailwind|p1b: Pelipper\n|-sidestart|p1: etbgamesla|move: Tailwind\n|move|p2b: Gogoat|Rock Slide|p1a: Tornadus|[spread] p1a,p1b\n|-supereffective|p1a: Tornadus\n|-supereffective|p1b: Pelipper\n|-damage|p1a: Tornadus|61\/100\n|-damage|p1b: Pelipper|64\/100\n|-enditem|p1a: Tornadus|Eject Button\n|\n|t:|1699782490\n|switch|p1a: Meowscarada|Meowscarada, M|100\/100\n|move|p2a: Slowbro|Trick Room|p2a: Slowbro\n|-fieldstart|move: Trick Room|[of] p2a: Slowbro\n|\n|-weather|RainDance|[upkeep]\n|-heal|p2a: Slowbro|72\/100|[from] item: Leftovers\n|-heal|p1b: Pelipper|70\/100|[from] item: Leftovers\n|upkeep\n|turn|2\n|c|\u2606TakeshiKero|!dt pelipper\n|raw|<div class=\"message\"><ul class=\"utilichart\"><li class=\"result\"><span class=\"col numcol\">DOU<\/span> <span class=\"col iconcol\"><psicon pokemon=\"pelipper\"\/><\/span> <span class=\"col pokemonnamecol\" style=\"white-space:nowrap\"><a href=\"https:\/\/dex.pokemonshowdown.com\/pokemon\/pelipper\" target=\"_blank\">Pelipper<\/a><\/span> <span class=\"col typecol\"><img src=\"https:\/\/play.pokemonshowdown.com\/sprites\/types\/Water.png\" alt=\"Water\" height=\"14\" width=\"32\"><img src=\"https:\/\/play.pokemonshowdown.com\/sprites\/types\/Flying.png\" alt=\"Flying\" height=\"14\" width=\"32\"><\/span> <span style=\"float:left;min-height:26px\"><span class=\"col twoabilitycol\">Keen Eye<br \/>Drizzle<\/span><span class=\"col abilitycol\"><em>Rain Dish<\/em><\/span><\/span><span style=\"float:left;min-height:26px\"><span class=\"col statcol\"><em>HP<\/em><br \/>60<\/span> <span class=\"col statcol\"><em>Atk<\/em><br \/>50<\/span> <span class=\"col statcol\"><em>Def<\/em><br \/>100<\/span> <span class=\"col statcol\"><em>SpA<\/em><br \/>95<\/span> <span class=\"col statcol\"><em>SpD<\/em><br \/>70<\/span> <span class=\"col statcol\"><em>Spe<\/em><br \/>65<\/span> <span class=\"col bstcol\"><em>BST<br \/>440<\/em><\/span> <\/span><\/li><li style=\"clear:both\"><\/li><\/ul><\/div>\n|raw|<font size=\"1\"><font color=\"#686868\">Dex#:<\/font> 279&nbsp;|&ThickSpace;<font color=\"#686868\">Gen:<\/font> 3&nbsp;|&ThickSpace;<font color=\"#686868\">Height:<\/font> 1.2 m&nbsp;|&ThickSpace;<font color=\"#686868\">Weight:<\/font> 28 kg <em>(60 BP)<\/em>&nbsp;|&ThickSpace;<font color=\"#686868\">Dex Colour:<\/font> Yellow&nbsp;|&ThickSpace;<font color=\"#686868\">Egg Group(s):<\/font> Water 1, Flying&nbsp;|&ThickSpace;<font color=\"#686868\">Pre-Evolution:<\/font> Wingull&nbsp;|&ThickSpace;<font color=\"#686868\">Does Not Evolve<\/font><\/font>\n\n|\n|t:|1699782557\n|move|p1a: Meowscarada|Protect|p1a: Meowscarada\n|-singleturn|p1a: Meowscarada|Protect\n|move|p2a: Slowbro|Psychic|p1b: Pelipper\n|-damage|p1b: Pelipper|22\/100\n|-unboost|p1b: Pelipper|spd|1\n|move|p2b: Gogoat|Milk Drink|p2b: Gogoat\n|-heal|p2b: Gogoat|94\/100\n|move|p1b: Pelipper|Hurricane|p2b: Gogoat\n|-supereffective|p2b: Gogoat\n|-damage|p2b: Gogoat|19\/100\n|-start|p2b: Gogoat|confusion\n|\n|-weather|RainDance|[upkeep]\n|-heal|p2a: Slowbro|78\/100|[from] item: Leftovers\n|-heal|p1b: Pelipper|28\/100|[from] item: Leftovers\n|upkeep\n|turn|3\n|\n|t:|1699782587\n|move|p2a: Slowbro|Psychic|p1b: Pelipper\n|-damage|p1b: Pelipper|0 fnt\n|faint|p1b: Pelipper\n|-activate|p2b: Gogoat|confusion\n|-damage|p2b: Gogoat|3\/100|[from] confusion\n|move|p1a: Meowscarada|Pollen Puff|p2a: Slowbro\n|-supereffective|p2a: Slowbro\n|-damage|p2a: Slowbro|38\/100\n|\n|-weather|RainDance|[upkeep]\n|-heal|p2a: Slowbro|44\/100|[from] item: Leftovers\n|upkeep\n|\n|t:|1699782603\n|switch|p1b: Sinistcha|Sinistcha-Masterpiece|100\/100\n|turn|4\n|\n|t:|1699782613\n|move|p1a: Meowscarada|Protect|p1a: Meowscarada\n|-singleturn|p1a: Meowscarada|Protect\n|move|p2a: Slowbro|Scald|p1a: Meowscarada\n|-activate|p1a: Meowscarada|move: Protect\n|-end|p2b: Gogoat|confusion\n|move|p2b: Gogoat|Milk Drink|p2b: Gogoat\n|-heal|p2b: Gogoat|53\/100\n|move|p1b: Sinistcha|Trick Room|p1b: Sinistcha\n|-fieldend|move: Trick Room\n|\n|-weather|RainDance|[upkeep]\n|-heal|p2a: Slowbro|50\/100|[from] item: Leftovers\n|-sideend|p1: etbgamesla|move: Tailwind\n|upkeep\n|turn|5\n|\n|t:|1699782637\n|move|p2b: Gogoat|Protect|p2b: Gogoat\n|-singleturn|p2b: Gogoat|Protect\n|move|p1a: Meowscarada|Pollen Puff|p2b: Gogoat\n|-activate|p2b: Gogoat|move: Protect\n|move|p1b: Sinistcha|Matcha Gotcha|p2b: Gogoat|[spread] p2a\n|-activate|p2b: Gogoat|move: Protect\n|-supereffective|p2a: Slowbro\n|-damage|p2a: Slowbro|0 fnt\n|faint|p2a: Slowbro\n|\n|-weather|none\n|upkeep\n|\n|t:|1699782649\n|switch|p2a: Typhlosion|Typhlosion-Hisui, F|100\/100\n|turn|6\n|\n|t:|1699782683\n|move|p1a: Meowscarada|Dark Pulse|p2a: Typhlosion\n|-supereffective|p2a: Typhlosion\n|-damage|p2a: Typhlosion|21\/100\n|-enditem|p2a: Typhlosion|Sitrus Berry|[eat]\n|-heal|p2a: Typhlosion|46\/100|[from] item: Sitrus Berry\n|move|p2a: Typhlosion|Eruption|p1b: Sinistcha|[spread] p1a,p1b\n|-supereffective|p1a: Meowscarada\n|-supereffective|p1b: Sinistcha\n|-damage|p1a: Meowscarada|22\/100\n|-damage|p1b: Sinistcha|43\/100\n|-enditem|p1b: Sinistcha|Eject Button\n|\n|t:|1699782696\n|switch|p1b: Krookodile|Krookodile, M|100\/100\n|move|p2b: Gogoat|Milk Drink|p2b: Gogoat\n|-heal|p2b: Gogoat|100\/100\n|\n|upkeep\n|turn|7\n|\n|t:|1699782715\n|-terastallize|p1b: Krookodile|Dragon\n|move|p1a: Meowscarada|Flower Trick|p1b: Krookodile\n|-resisted|p1b: Krookodile\n|-crit|p1b: Krookodile\n|-damage|p1b: Krookodile|64\/100\n|-setboost|p1b: Krookodile|atk|6|[from] ability: Anger Point\n|move|p2a: Typhlosion|Will-O-Wisp|p1b: Krookodile\n|-status|p1b: Krookodile|brn\n|move|p1b: Krookodile|Earthquake|p2a: Typhlosion|[spread] p1a,p2a,p2b\n|-resisted|p1a: Meowscarada\n|-supereffective|p2a: Typhlosion\n|-resisted|p2b: Gogoat\n|-damage|p1a: Meowscarada|0 fnt\n|-damage|p2a: Typhlosion|0 fnt\n|-damage|p2b: Gogoat|55\/100\n|faint|p1a: Meowscarada\n|faint|p2a: Typhlosion\n|move|p2b: Gogoat|Horn Leech|p1b: Krookodile\n|-resisted|p1b: Krookodile\n|-damage|p1b: Krookodile|44\/100 brn\n|-heal|p2b: Gogoat|64\/100|[from] drain|[of] p1b: Krookodile\n|\n|-damage|p1b: Krookodile|38\/100 brn|[from] brn\n|upkeep\n|\n|t:|1699782737\n|switch|p1a: Sinistcha|Sinistcha-Masterpiece|43\/100\n|switch|p2a: Maushold|Maushold-Four|100\/100\n|-heal|p1b: Krookodile|63\/100 brn|[from] ability: Hospitality|[of] p1a: Sinistcha\n|turn|8\n|\n|t:|1699782753\n|move|p2a: Maushold|Thunder Wave|p1a: Sinistcha\n|-status|p1a: Sinistcha|par\n|move|p1b: Krookodile|Fire Fang|p2b: Gogoat\n|-supereffective|p2b: Gogoat\n|-damage|p2b: Gogoat|0 fnt\n|-damage|p1b: Krookodile|46\/100 brn|[from] item: Rocky Helmet|[of] p2b: Gogoat\n|faint|p2b: Gogoat\n|move|p1a: Sinistcha|Matcha Gotcha|p2a: Maushold\n|-damage|p2a: Maushold|43\/100\n|-heal|p1a: Sinistcha|73\/100 par|[from] drain|[of] p2a: Maushold\n|\n|-damage|p1b: Krookodile|40\/100 brn|[from] brn\n|upkeep\n|\n|t:|1699782759\n|switch|p2b: Diancie|Diancie|100\/100\n|turn|9\n|\n|t:|1699782796\n|switch|p1a: Tornadus|Tornadus, M|61\/100\n|move|p2a: Maushold|Super Fang|p1b: Krookodile\n|-damage|p1b: Krookodile|20\/100 brn\n|move|p1b: Krookodile|Earthquake|p2b: Diancie|[spread] p2a,p2b\n|-immune|p1a: Tornadus\n|-supereffective|p2b: Diancie\n|-damage|p2a: Maushold|0 fnt\n|-damage|p2b: Diancie|18\/100\n|faint|p2a: Maushold\n|move|p2b: Diancie|Dazzling Gleam|p1b: Krookodile|[spread] p1a,p1b\n|-supereffective|p1b: Krookodile\n|-damage|p1a: Tornadus|28\/100\n|-damage|p1b: Krookodile|0 fnt\n|faint|p1b: Krookodile\n|\n|upkeep\n|\n|t:|1699782812\n|switch|p2a: Morpeko|Morpeko, F|100\/100\n|switch|p1b: Sinistcha|Sinistcha-Masterpiece|73\/100 par\n|-heal|p1a: Tornadus|53\/100|[from] ability: Hospitality|[of] p1b: Sinistcha\n|turn|10\n|\n|t:|1699782841\n|move|p2a: Morpeko|Aura Wheel|p1a: Tornadus\n|-supereffective|p1a: Tornadus\n|-damage|p1a: Tornadus|0 fnt\n|-boost|p2a: Morpeko|spe|1\n|faint|p1a: Tornadus\n|move|p2b: Diancie|Power Gem|p1b: Sinistcha\n|-damage|p1b: Sinistcha|27\/100 par\n|move|p1b: Sinistcha|Trick Room|p1b: Sinistcha\n|-fieldstart|move: Trick Room|[of] p1b: Sinistcha\n|\n|-formechange|p2a: Morpeko|Morpeko-Hangry||[from] ability: Hunger Switch\n|upkeep\n|\n|t:|1699782853\n|switch|p1a: Basculegion|Basculegion-F, F|100\/100\n|turn|11\n|\n|t:|1699782880\n|move|p1b: Sinistcha|Scald|p2b: Diancie\n|-supereffective|p2b: Diancie\n|-damage|p2b: Diancie|0 fnt\n|faint|p2b: Diancie\n|move|p1a: Basculegion|Head Smash|p2a: Morpeko\n|-damage|p2a: Morpeko|13\/100\n|-damage|p1a: Basculegion|74\/100|[from] Recoil\n|move|p2a: Morpeko|Aura Wheel|p1a: Basculegion\n|-supereffective|p1a: Basculegion\n|-damage|p1a: Basculegion|0 fnt\n|-boost|p2a: Morpeko|spe|1\n|faint|p1a: Basculegion\n|\n|-formechange|p2a: Morpeko|Morpeko||[from] ability: Hunger Switch\n|upkeep\n|turn|12\n|\n|t:|1699782899\n|move|p2a: Morpeko|Protect|p2a: Morpeko\n|-singleturn|p2a: Morpeko|Protect\n|move|p1b: Sinistcha|Scald|p2a: Morpeko\n|-activate|p2a: Morpeko|move: Protect\n|\n|-formechange|p2a: Morpeko|Morpeko-Hangry||[from] ability: Hunger Switch\n|upkeep\n|turn|13\n|\n|t:|1699782908\n|cant|p1b: Sinistcha|par\n|move|p2a: Morpeko|Aura Wheel|p1b: Sinistcha\n|-supereffective|p1b: Sinistcha\n|-damage|p1b: Sinistcha|0 fnt\n|-boost|p2a: Morpeko|spe|1\n|faint|p1b: Sinistcha\n|\n|win|TakeshiKero\n|raw|etbgamesla's rating: 1000 &rarr; <strong>1000<\/strong><br \/>(+0 for losing)\n|raw|TakeshiKero's rating: 1138 &rarr; <strong>1154<\/strong><br \/>(+16 for winning)\n|c|\u2606TakeshiKero|gg\n|l|\u2606etbgamesla\n","uploadtime":1699782923,"views":29,"p1id":"etbgamesla","p2id":"takeshikero","formatid":"gen9doublesou","rating":1000,"private":0,"password":""}