{"id":"gen9doublesou-1975380455","p1":"Redzone92","p2":"Leaguespinsir3.0","format":"[Gen 9] Doubles OU","log":"|j|\u2606Redzone92\n|j|\u2606Leaguespinsir3.0\n|t:|1698185179\n|gametype|doubles\n|player|p1|Redzone92|alder|\n|player|p2|Leaguespinsir3.0|101|\n|teamsize|p1|6\n|teamsize|p2|6\n|gen|9\n|tier|[Gen 9] Doubles OU\n|rule|Species Clause: Limit one of each Pok\u00e9mon\n|rule|OHKO Clause: OHKO moves are banned\n|rule|Evasion Moves Clause: Evasion moves are banned\n|rule|Gravity Sleep Clause: The combination of sleep-inducing moves with imperfect accuracy and Gravity or Gigantamax Orbeetle are banned\n|rule|Endless Battle Clause: Forcing endless battles is banned\n|rule|HP Percentage Mod: HP is shown in percentages\n|clearpoke\n|poke|p1|Farigiraf, F|\n|poke|p1|Landorus-Therian, M|\n|poke|p1|Diancie|\n|poke|p1|Iron Moth|\n|poke|p1|Hydreigon, F|\n|poke|p1|Kleavor, M|\n|poke|p2|Roaring Moon|\n|poke|p2|Tyranitar, F|\n|poke|p2|Vikavolt, M|\n|poke|p2|Houndoom, M|\n|poke|p2|Goodra-Hisui, F|\n|poke|p2|Torterra, M|\n|teampreview\n|j| kagrin\n|\n|t:|1698185192\n|start\n|switch|p1a: Edward|Kleavor, M, shiny|100\/100\n|switch|p1b: Pete|Hydreigon, F|100\/100\n|switch|p2a: Houndoom|Houndoom, M|100\/100\n|switch|p2b: Goodra|Goodra-Hisui, F|100\/100\n|turn|1\n|\n|t:|1698185212\n|move|p1a: Edward|Stone Axe|p2a: Houndoom\n|-supereffective|p2a: Houndoom\n|-damage|p2a: Houndoom|0 fnt\n|-sidestart|p2: Leaguespinsir3.0|move: Stealth Rock\n|faint|p2a: Houndoom\n|move|p1b: Pete|Tailwind|p1b: Pete\n|-sidestart|p1: Redzone92|move: Tailwind\n|move|p2b: Goodra|Flash Cannon|p1a: Edward\n|-supereffective|p1a: Edward\n|-damage|p1a: Edward|9\/100\n|\n|upkeep\n|\n|t:|1698185223\n|switch|p2a: Tyranitar|Tyranitar, F|100\/100\n|-damage|p2a: Tyranitar|88\/100|[from] Stealth Rock\n|-weather|Sandstorm|[from] ability: Sand Stream|[of] p2a: Tyranitar\n|turn|2\n|\n|t:|1698185244\n|switch|p1a: Rufus|Landorus-Therian, M|100\/100\n|-ability|p1a: Rufus|Intimidate|boost\n|-unboost|p2a: Tyranitar|atk|1\n|-unboost|p2b: Goodra|atk|1\n|move|p1b: Pete|Heat Wave|p2a: Tyranitar|[spread] p2a,p2b\n|-resisted|p2a: Tyranitar\n|-damage|p2a: Tyranitar|80\/100\n|-damage|p2b: Goodra|86\/100\n|move|p2a: Tyranitar|Stone Edge|p1b: Pete\n|-damage|p1b: Pete|34\/100\n|-enditem|p1b: Pete|Red Card|[of] p2a: Tyranitar\n|drag|p2a: Vikavolt|Vikavolt, M|100\/100\n|-damage|p2a: Vikavolt|76\/100|[from] Stealth Rock\n|move|p2b: Goodra|Flamethrower|p1a: Rufus\n|-damage|p1a: Rufus|82\/100\n|\n|-weather|Sandstorm|[upkeep]\n|-damage|p1b: Pete|28\/100|[from] Sandstorm\n|-damage|p2a: Vikavolt|69\/100|[from] Sandstorm\n|-heal|p2b: Goodra|92\/100|[from] item: Leftovers\n|upkeep\n|turn|3\n|\n|t:|1698185280\n|move|p1b: Pete|Heat Wave|p2b: Goodra|[spread] p2b\n|-miss|p1b: Pete|p2a: Vikavolt\n|-damage|p2b: Goodra|79\/100\n|move|p1a: Rufus|Earthquake|p2a: Vikavolt|[spread] p2b\n|-immune|p1b: Pete|[from] ability: Levitate\n|-immune|p2a: Vikavolt|[from] ability: Levitate\n|-supereffective|p2b: Goodra\n|-damage|p2b: Goodra|0 fnt\n|faint|p2b: Goodra\n|move|p2a: Vikavolt|Poison Jab|p1a: Rufus\n|-resisted|p1a: Rufus\n|-damage|p1a: Rufus|75\/100\n|\n|-weather|Sandstorm|[upkeep]\n|-damage|p1b: Pete|22\/100|[from] Sandstorm\n|-damage|p2a: Vikavolt|63\/100|[from] Sandstorm\n|upkeep\n|\n|t:|1698185302\n|switch|p2b: Tyranitar|Tyranitar, F|80\/100\n|-damage|p2b: Tyranitar|68\/100|[from] Stealth Rock\n|turn|4\n|\n|t:|1698185314\n|move|p1b: Pete|Heat Wave|p2b: Tyranitar|[spread] \n|-miss|p1b: Pete|p2a: Vikavolt\n|-miss|p1b: Pete|p2b: Tyranitar\n|move|p1a: Rufus|Earthquake|p2b: Tyranitar|[spread] p2b\n|-immune|p1b: Pete|[from] ability: Levitate\n|-immune|p2a: Vikavolt|[from] ability: Levitate\n|-supereffective|p2b: Tyranitar\n|-damage|p2b: Tyranitar|0 fnt\n|faint|p2b: Tyranitar\n|move|p2a: Vikavolt|Poison Jab|p1b: Pete\n|-damage|p1b: Pete|4\/100\n|\n|-weather|Sandstorm|[upkeep]\n|-damage|p1b: Pete|0 fnt|[from] Sandstorm\n|-damage|p2a: Vikavolt|57\/100|[from] Sandstorm\n|faint|p1b: Pete\n|-sideend|p1: Redzone92|move: Tailwind\n|upkeep\n|\n|t:|1698185332\n|switch|p1b: Edward|Kleavor, M, shiny|9\/100\n|switch|p2b: Roaring Moon|Roaring Moon|100\/100\n|-damage|p2b: Roaring Moon|88\/100|[from] Stealth Rock\n|-enditem|p2b: Roaring Moon|Booster Energy\n|-activate|p2b: Roaring Moon|ability: Protosynthesis|[fromitem]\n|-start|p2b: Roaring Moon|protosynthesisspe\n|turn|5\n|\n|t:|1698185348\n|move|p2b: Roaring Moon|Dragon Claw|p1a: Rufus\n|-damage|p1a: Rufus|29\/100\n|move|p1b: Edward|X-Scissor|p2b: Roaring Moon\n|-supereffective|p2b: Roaring Moon\n|-damage|p2b: Roaring Moon|0 fnt\n|faint|p2b: Roaring Moon\n|-end|p2b: Roaring Moon|Protosynthesis|[silent]\n|move|p1a: Rufus|Rock Slide|p2a: Vikavolt\n|-supereffective|p2a: Vikavolt\n|-damage|p2a: Vikavolt|0 fnt\n|faint|p2a: Vikavolt\n|\n|-weather|Sandstorm|[upkeep]\n|upkeep\n|l| kagrin\n|\n|t:|1698185365\n|switch|p2b: Torterra|Torterra, M|100\/100\n|-damage|p2b: Torterra|94\/100|[from] Stealth Rock\n|turn|6\n|j| GoDDanteX\n|\n|t:|1698185382\n|-terastallize|p2b: Torterra|Grass\n|move|p1b: Edward|X-Scissor|p2b: Torterra\n|-supereffective|p2b: Torterra\n|-damage|p2b: Torterra|0 fnt\n|faint|p2b: Torterra\n|\n|win|Redzone92\n|l|\u2606Leaguespinsir3.0\n|l| GoDDanteX\n","uploadtime":1698185400,"views":30,"p1id":"redzone92","p2id":"leaguespinsir30","formatid":"gen9doublesou","rating":0,"private":0,"password":""}