{"id":"gen9doublesou-1983733276","p1":"Cuty flam","p2":"RLisanidiot","format":"[Gen 9] Doubles OU","log":"|j|\u2606Cuty flam\n|j|\u2606RLisanidiot\n|t:|1699169641\n|gametype|doubles\n|player|p1|Cuty flam|linebacker|1199\n|player|p2|RLisanidiot|cynthia-masters|1331\n|teamsize|p1|6\n|teamsize|p2|6\n|gen|9\n|tier|[Gen 9] Doubles OU\n|rated|\n|rule|Species Clause: Limit one of each Pok\u00e9mon\n|rule|OHKO Clause: OHKO moves are banned\n|rule|Evasion Moves Clause: Evasion moves are banned\n|rule|Gravity Sleep Clause: The combination of sleep-inducing moves with imperfect accuracy and Gravity or Gigantamax Orbeetle are banned\n|rule|Endless Battle Clause: Forcing endless battles is banned\n|rule|HP Percentage Mod: HP is shown in percentages\n|clearpoke\n|poke|p1|Grafaiai, F|\n|poke|p1|Gliscor, F|\n|poke|p1|Empoleon, M|\n|poke|p1|Roaring Moon|\n|poke|p1|Flutter Mane|\n|poke|p1|Ursaluna, F|\n|poke|p2|Ninetales-Alola, F|\n|poke|p2|Chien-Pao|\n|poke|p2|Flutter Mane|\n|poke|p2|Tornadus, M|\n|poke|p2|Pachirisu, M|\n|poke|p2|Rillaboom, M|\n|teampreview\n|inactive|Battle timer is ON: inactive players will automatically lose when time's up. (requested by RLisanidiot)\n|\n|t:|1699169659\n|start\n|switch|p1a: Grafaiai|Grafaiai, F|100\/100\n|switch|p1b: Gliscor|Gliscor, F|100\/100\n|switch|p2a: Ninetales|Ninetales-Alola, F, shiny|100\/100\n|switch|p2b: Rillaboom|Rillaboom, M|100\/100\n|-weather|Snow|[from] ability: Snow Warning|[of] p2a: Ninetales\n|-fieldstart|move: Grassy Terrain|[from] ability: Grassy Surge|[of] p2b: Rillaboom\n|turn|1\n|\n|t:|1699169676\n|move|p1b: Gliscor|Protect|p1b: Gliscor\n|-singleturn|p1b: Gliscor|Protect\n|move|p1a: Grafaiai|Toxic|p2a: Ninetales\n|-status|p2a: Ninetales|tox\n|move|p2a: Ninetales|Aurora Veil|p2a: Ninetales\n|-sidestart|p2: RLisanidiot|move: Aurora Veil\n|move|p2b: Rillaboom|U-turn|p1a: Grafaiai\n|-resisted|p1a: Grafaiai\n|-damage|p1a: Grafaiai|65\/100\n|\n|t:|1699169696\n|switch|p2b: Chien-Pao|Chien-Pao|100\/100|[from] U-turn\n|-ability|p2b: Chien-Pao|Sword of Ruin\n|\n|-weather|Snow|[upkeep]\n|-heal|p1a: Grafaiai|71\/100|[from] Grassy Terrain\n|-damage|p2a: Ninetales|94\/100 tox|[from] psn\n|upkeep\n|turn|2\n|\n|t:|1699169720\n|switch|p1b: Empoleon|Empoleon, M|100\/100\n|move|p1a: Grafaiai|Encore|p2a: Ninetales\n|-start|p2a: Ninetales|Encore\n|move|p2a: Ninetales|Aurora Veil||[still]\n|-fail|p2a: Ninetales\n|move|p2b: Chien-Pao|Ice Spinner|p1a: Grafaiai\n|-damage|p1a: Grafaiai|0 fnt\n|-fieldend|move: Grassy Terrain\n|faint|p1a: Grafaiai\n|\n|-weather|Snow|[upkeep]\n|-damage|p2a: Ninetales|82\/100 tox|[from] psn\n|upkeep\n|\n|t:|1699169731\n|switch|p1a: Flutter Mane|Flutter Mane|100\/100\n|-enditem|p1a: Flutter Mane|Booster Energy\n|-activate|p1a: Flutter Mane|ability: Protosynthesis|[fromitem]\n|-start|p1a: Flutter Mane|protosynthesisspe\n|turn|3\n|\n|t:|1699169742\n|switch|p2a: Rillaboom|Rillaboom, M|100\/100\n|-fieldstart|move: Grassy Terrain|[from] ability: Grassy Surge|[of] p2a: Rillaboom\n|move|p2b: Chien-Pao|Sucker Punch|p1a: Flutter Mane\n|-damage|p1a: Flutter Mane|1\/100\n|move|p1a: Flutter Mane|Moonblast|p2b: Chien-Pao\n|-supereffective|p2b: Chien-Pao\n|-damage|p2b: Chien-Pao|47\/100\n|move|p1b: Empoleon|Flash Cannon|p2a: Rillaboom\n|-damage|p2a: Rillaboom|68\/100\n|\n|-weather|Snow|[upkeep]\n|-heal|p1a: Flutter Mane|7\/100|[from] Grassy Terrain\n|-heal|p2b: Chien-Pao|53\/100|[from] Grassy Terrain\n|-heal|p2a: Rillaboom|74\/100|[from] Grassy Terrain\n|upkeep\n|turn|4\n|inactive|Cuty flam has 120 seconds left.\n|\n|t:|1699169773\n|-end|p1a: Flutter Mane|Protosynthesis|[silent]\n|switch|p1a: Roaring Moon|Roaring Moon|100\/100\n|move|p2b: Chien-Pao|Sacred Sword|p1b: Empoleon\n|-supereffective|p1b: Empoleon\n|-damage|p1b: Empoleon|12\/100\n|move|p1b: Empoleon|Agility|p1b: Empoleon\n|-boost|p1b: Empoleon|spe|2\n|move|p2a: Rillaboom|U-turn|p1a: Roaring Moon\n|-supereffective|p1a: Roaring Moon\n|-damage|p1a: Roaring Moon|0 fnt\n|faint|p1a: Roaring Moon\n|-end|p1a: Roaring Moon|Protosynthesis|[silent]\n|\n|t:|1699169786\n|switch|p2a: Tornadus|Tornadus, M|100\/100|[from] U-turn\n|\n|-weather|Snow|[upkeep]\n|-heal|p1b: Empoleon|18\/100|[from] Grassy Terrain\n|-heal|p1b: Empoleon|24\/100|[from] item: Leftovers\n|-heal|p2b: Chien-Pao|59\/100|[from] Grassy Terrain\n|upkeep\n|inactive|Cuty flam has 120 seconds left.\n|\n|t:|1699169800\n|switch|p1a: Flutter Mane|Flutter Mane|7\/100\n|turn|5\n|\n|t:|1699169814\n|move|p2a: Tornadus|Tailwind|p2a: Tornadus\n|-sidestart|p2: RLisanidiot|move: Tailwind\n|move|p2b: Chien-Pao|Sacred Sword|p1b: Empoleon\n|-supereffective|p1b: Empoleon\n|-damage|p1b: Empoleon|0 fnt\n|faint|p1b: Empoleon\n|move|p1a: Flutter Mane|Thunderbolt|p2a: Tornadus\n|-supereffective|p2a: Tornadus\n|-damage|p2a: Tornadus|56\/100\n|\n|-weather|none\n|-heal|p2b: Chien-Pao|65\/100|[from] Grassy Terrain\n|-heal|p1a: Flutter Mane|13\/100|[from] Grassy Terrain\n|upkeep\n|\n|t:|1699169819\n|switch|p1b: Ursaluna|Ursaluna, F|100\/100\n|turn|6\n|\n|t:|1699169834\n|move|p2b: Chien-Pao|Ice Spinner|p1b: Ursaluna\n|-supereffective|p1b: Ursaluna\n|-damage|p1b: Ursaluna|33\/100\n|-fieldend|move: Grassy Terrain\n|move|p2a: Tornadus|Bleakwind Storm|p1a: Flutter Mane|[spread] p1a,p1b\n|-damage|p1a: Flutter Mane|0 fnt\n|-damage|p1b: Ursaluna|15\/100\n|-unboost|p1b: Ursaluna|spe|1\n|faint|p1a: Flutter Mane\n|-end|p1a: Flutter Mane|Protosynthesis|[silent]\n|move|p1b: Ursaluna|Close Combat|p2b: Chien-Pao\n|-supereffective|p2b: Chien-Pao\n|-damage|p2b: Chien-Pao|0 fnt\n|-unboost|p1b: Ursaluna|def|1\n|-unboost|p1b: Ursaluna|spd|1\n|faint|p2b: Chien-Pao\n|\n|upkeep\n|\n|t:|1699169848\n|switch|p1a: Gliscor|Gliscor, F|100\/100\n|switch|p2b: Ninetales|Ninetales-Alola, F, shiny|82\/100 tox\n|-weather|Snow|[from] ability: Snow Warning|[of] p2b: Ninetales\n|turn|7\n|\n|t:|1699169873\n|move|p1a: Gliscor|Protect|p1a: Gliscor\n|-singleturn|p1a: Gliscor|Protect\n|move|p2a: Tornadus|Taunt|p1a: Gliscor\n|-activate|p1a: Gliscor|move: Protect\n|move|p2b: Ninetales|Icy Wind|p1b: Ursaluna|[spread] p1b\n|-activate|p1a: Gliscor|move: Protect\n|-supereffective|p1b: Ursaluna\n|-crit|p1b: Ursaluna\n|-damage|p1b: Ursaluna|0 fnt\n|faint|p1b: Ursaluna\n|\n|-weather|Snow|[upkeep]\n|-damage|p2b: Ninetales|76\/100 tox|[from] psn\n|upkeep\n|turn|8\n|\n|t:|1699169894\n|move|p2a: Tornadus|Taunt|p1a: Gliscor\n|-start|p1a: Gliscor|move: Taunt\n|move|p2b: Ninetales|Icy Wind|p1a: Gliscor\n|-supereffective|p1a: Gliscor\n|-damage|p1a: Gliscor|0 fnt\n|faint|p1a: Gliscor\n|\n|win|RLisanidiot\n|raw|Cuty flam's rating: 1199 &rarr; <strong>1183<\/strong><br \/>(-16 for losing)\n|raw|RLisanidiot's rating: 1331 &rarr; <strong>1344<\/strong><br \/>(+13 for winning)\n|l|\u2606Cuty flam\n","uploadtime":1699169901,"views":9,"p1id":"cutyflam","p2id":"rlisanidiot","formatid":"gen9doublesou","rating":1183,"private":0,"password":""}