{"id":"gen9doublesou-1972278466","p1":"karnotics","p2":"sulkynutria","format":"[Gen 9] Doubles OU","log":"|j|\u2606karnotics\n|j|\u2606sulkynutria\n|t:|1697827418\n|gametype|doubles\n|player|p1|karnotics|gambler|1089\n|player|p2|sulkynutria|benga|1080\n|teamsize|p1|6\n|teamsize|p2|6\n|gen|9\n|tier|[Gen 9] Doubles OU\n|rated|\n|rule|Species Clause: Limit one of each Pok\u00e9mon\n|rule|OHKO Clause: OHKO moves are banned\n|rule|Evasion Moves Clause: Evasion moves are banned\n|rule|Gravity Sleep Clause: The combination of sleep-inducing moves with imperfect accuracy and Gravity or Gigantamax Orbeetle are banned\n|rule|Endless Battle Clause: Forcing endless battles is banned\n|rule|HP Percentage Mod: HP is shown in percentages\n|clearpoke\n|poke|p1|Slaking, M|\n|poke|p1|Weezing-Galar, F|\n|poke|p1|Grimmsnarl, M|\n|poke|p1|Glimmora, M|\n|poke|p1|Indeedee-F, F|\n|poke|p1|Enamorus-Therian, F|\n|poke|p2|Gliscor, M|\n|poke|p2|Iron Hands|\n|poke|p2|Sinistcha|\n|poke|p2|Mandibuzz, F|\n|poke|p2|Flutter Mane|\n|poke|p2|Ambipom, M|\n|teampreview\n|\n|t:|1697827437\n|start\n|switch|p1a: grimmed snarl|Grimmsnarl, M|100\/100\n|switch|p1b: glimmed mora|Glimmora, M|100\/100\n|switch|p2a: Iron Hands|Iron Hands|100\/100\n|switch|p2b: Mandibuzz|Mandibuzz, F|100\/100\n|turn|1\n|\n|t:|1697827452\n|-terastallize|p2b: Mandibuzz|Dark\n|move|p2a: Iron Hands|Fake Out|p1a: grimmed snarl\n|-damage|p1a: grimmed snarl|84\/100\n|cant|p1a: grimmed snarl|flinch\n|move|p1b: glimmed mora|Stealth Rock|p2b: Mandibuzz\n|-sidestart|p2: sulkynutria|move: Stealth Rock\n|move|p2b: Mandibuzz|Air Slash|p1a: grimmed snarl\n|-damage|p1a: grimmed snarl|70\/100\n|\n|upkeep\n|turn|2\n|\n|t:|1697827465\n|move|p1a: grimmed snarl|Reflect|p1a: grimmed snarl\n|-sidestart|p1: karnotics|Reflect\n|move|p1b: glimmed mora|Mortal Spin|p2a: Iron Hands|[spread] p2a,p2b\n|-crit|p2a: Iron Hands\n|-damage|p2a: Iron Hands|96\/100\n|-damage|p2b: Mandibuzz|98\/100\n|-status|p2a: Iron Hands|psn\n|-status|p2b: Mandibuzz|psn\n|-damage|p1b: glimmed mora|84\/100|[from] item: Rocky Helmet|[of] p2a: Iron Hands\n|move|p2b: Mandibuzz|Brave Bird|p1a: grimmed snarl\n|-damage|p1a: grimmed snarl|49\/100\n|-damage|p2b: Mandibuzz|92\/100 psn|[from] Recoil\n|move|p2a: Iron Hands|Drain Punch|p1b: glimmed mora\n|-damage|p1b: glimmed mora|45\/100\n|-heal|p2a: Iron Hands|100\/100 psn|[from] drain|[of] p1b: glimmed mora\n|-activate|p1b: glimmed mora|ability: Toxic Debris\n|-sidestart|p2: sulkynutria|move: Toxic Spikes\n|\n|-heal|p2b: Mandibuzz|98\/100 psn|[from] item: Leftovers\n|-damage|p2b: Mandibuzz|85\/100 psn|[from] psn\n|-damage|p2a: Iron Hands|88\/100 psn|[from] psn\n|upkeep\n|turn|3\n|\n|t:|1697827490\n|move|p1a: grimmed snarl|Parting Shot|p2b: Mandibuzz\n|-hint|Since gen 7, Dark is immune to Prankster moves.\n|-immune|p2b: Mandibuzz\n|move|p1b: glimmed mora|Memento|p2a: Iron Hands\n|-unboost|p2a: Iron Hands|atk|2\n|-unboost|p2a: Iron Hands|spa|2\n|faint|p1b: glimmed mora\n|move|p2b: Mandibuzz|Brave Bird|p1a: grimmed snarl\n|-damage|p1a: grimmed snarl|29\/100\n|-damage|p2b: Mandibuzz|79\/100 psn|[from] Recoil\n|move|p2a: Iron Hands|Low Sweep|p1a: grimmed snarl\n|-damage|p1a: grimmed snarl|16\/100\n|-unboost|p1a: grimmed snarl|spe|1\n|\n|-heal|p2b: Mandibuzz|85\/100 psn|[from] item: Leftovers\n|-damage|p2b: Mandibuzz|73\/100 psn|[from] psn\n|-damage|p2a: Iron Hands|76\/100 psn|[from] psn\n|upkeep\n|\n|t:|1697827497\n|switch|p1b: zaza|Weezing-Galar, F|100\/100\n|-ability|p1b: zaza|Neutralizing Gas\n|turn|4\n|\n|t:|1697827523\n|move|p1b: zaza|Protect|p1b: zaza\n|-singleturn|p1b: zaza|Protect\n|move|p2b: Mandibuzz|Tailwind|p2b: Mandibuzz\n|-sidestart|p2: sulkynutria|move: Tailwind\n|move|p2a: Iron Hands|Drain Punch|p1b: zaza\n|-activate|p1b: zaza|move: Protect\n|move|p1a: grimmed snarl|Light Screen|p1a: grimmed snarl\n|-sidestart|p1: karnotics|move: Light Screen\n|\n|-heal|p2b: Mandibuzz|79\/100 psn|[from] item: Leftovers\n|-damage|p2b: Mandibuzz|67\/100 psn|[from] psn\n|-damage|p2a: Iron Hands|64\/100 psn|[from] psn\n|upkeep\n|turn|5\n|\n|t:|1697827550\n|move|p2b: Mandibuzz|Foul Play|p1b: zaza\n|-resisted|p1b: zaza\n|-damage|p1b: zaza|93\/100\n|move|p2a: Iron Hands|Thunder Punch|p1a: grimmed snarl\n|-damage|p1a: grimmed snarl|0 fnt\n|faint|p1a: grimmed snarl\n|move|p1b: zaza|Strange Steam|p2a: Iron Hands\n|-supereffective|p2a: Iron Hands\n|-damage|p2a: Iron Hands|11\/100 psn\n|\n|-heal|p2b: Mandibuzz|73\/100 psn|[from] item: Leftovers\n|-heal|p1b: zaza|99\/100|[from] item: Leftovers\n|-damage|p2b: Mandibuzz|60\/100 psn|[from] psn\n|-damage|p2a: Iron Hands|0 fnt|[from] psn\n|faint|p2a: Iron Hands\n|-end|p2a: Iron Hands|Quark Drive|[silent]\n|upkeep\n|\n|t:|1697827564\n|switch|p1a: monkey d. luffy|Slaking, M|100\/100\n|switch|p2a: Gliscor|Gliscor, M|100\/100\n|-damage|p2a: Gliscor|88\/100|[from] Stealth Rock\n|turn|6\n|\n|t:|1697827601\n|move|p2a: Gliscor|Protect|p2a: Gliscor\n|-singleturn|p2a: Gliscor|Protect\n|move|p2b: Mandibuzz|Foul Play|p1a: monkey d. luffy\n|-crit|p1a: monkey d. luffy\n|-damage|p1a: monkey d. luffy|18\/100\n|move|p1a: monkey d. luffy|Drain Punch|p2b: Mandibuzz\n|-supereffective|p2b: Mandibuzz\n|-damage|p2b: Mandibuzz|24\/100 psn\n|-heal|p1a: monkey d. luffy|36\/100|[from] drain|[of] p2b: Mandibuzz\n|move|p1b: zaza|Aromatic Mist|p1a: monkey d. luffy\n|-boost|p1a: monkey d. luffy|spd|1\n|\n|-heal|p2b: Mandibuzz|30\/100 psn|[from] item: Leftovers\n|-heal|p1a: monkey d. luffy|42\/100|[from] item: Leftovers\n|-heal|p1b: zaza|100\/100|[from] item: Leftovers\n|-damage|p2b: Mandibuzz|18\/100 psn|[from] psn\n|-status|p2a: Gliscor|tox|[from] item: Toxic Orb\n|upkeep\n|turn|7\n|\n|t:|1697827646\n|switch|p1a: your mom|Enamorus-Therian, F|100\/100\n|move|p1b: zaza|Protect|p1b: zaza\n|-singleturn|p1b: zaza|Protect\n|move|p2a: Gliscor|Knock Off|p1b: zaza\n|-activate|p1b: zaza|move: Protect\n|move|p2b: Mandibuzz|Foul Play|p1a: your mom\n|-resisted|p1a: your mom\n|-damage|p1a: your mom|88\/100\n|\n|-heal|p2b: Mandibuzz|24\/100 psn|[from] item: Leftovers\n|-damage|p2a: Gliscor|82\/100 tox|[from] psn\n|-damage|p2b: Mandibuzz|12\/100 psn|[from] psn\n|-sideend|p2: sulkynutria|move: Tailwind\n|upkeep\n|turn|8\n|\n|t:|1697827679\n|-terastallize|p1b: zaza|Flying\n|move|p2a: Gliscor|Protect|p2a: Gliscor\n|-singleturn|p2a: Gliscor|Protect\n|move|p1a: your mom|Tailwind|p1a: your mom\n|-sidestart|p1: karnotics|move: Tailwind\n|move|p1b: zaza|Aromatic Mist|p1a: your mom\n|-boost|p1a: your mom|spd|1\n|move|p2b: Mandibuzz|Tailwind|p2b: Mandibuzz\n|-sidestart|p2: sulkynutria|move: Tailwind\n|\n|-heal|p2b: Mandibuzz|18\/100 psn|[from] item: Leftovers\n|-damage|p2a: Gliscor|70\/100 tox|[from] psn\n|-damage|p2b: Mandibuzz|5\/100 psn|[from] psn\n|upkeep\n|turn|9\n|\n|t:|1697827700\n|move|p1b: zaza|Protect|p1b: zaza\n|-singleturn|p1b: zaza|Protect\n|move|p2a: Gliscor|Knock Off|p1a: your mom\n|-resisted|p1a: your mom\n|-damage|p1a: your mom|80\/100\n|-enditem|p1a: your mom|Focus Sash|[from] move: Knock Off|[of] p2a: Gliscor\n|move|p1a: your mom|Healing Wish|p1a: your mom\n|faint|p1a: your mom\n|move|p2b: Mandibuzz|Air Slash|p1b: zaza\n|-activate|p1b: zaza|move: Protect\n|\n|-heal|p2b: Mandibuzz|11\/100 psn|[from] item: Leftovers\n|-damage|p2a: Gliscor|51\/100 tox|[from] psn\n|-damage|p2b: Mandibuzz|0 fnt|[from] psn\n|faint|p2b: Mandibuzz\n|-sideend|p1: karnotics|Reflect\n|upkeep\n|\n|t:|1697827716\n|switch|p1a: monkey d. luffy|Slaking, M|42\/100\n|switch|p2b: Sinistcha|Sinistcha|100\/100\n|-heal|p1a: monkey d. luffy|100\/100|[from] move: Healing Wish\n|-damage|p2b: Sinistcha|88\/100|[from] Stealth Rock\n|-status|p2b: Sinistcha|psn\n|turn|10\n|\n|t:|1697827730\n|move|p1a: monkey d. luffy|Bulk Up|p1a: monkey d. luffy\n|-boost|p1a: monkey d. luffy|atk|1\n|-boost|p1a: monkey d. luffy|def|1\n|move|p2a: Gliscor|High Horsepower|p1a: monkey d. luffy\n|-damage|p1a: monkey d. luffy|79\/100\n|move|p2b: Sinistcha|Matcha Gotcha|p1a: monkey d. luffy|[spread] p1b\n|-miss|p2b: Sinistcha|p1a: monkey d. luffy\n|-resisted|p1b: zaza\n|-crit|p1b: zaza\n|-damage|p1b: zaza|67\/100\n|-heal|p2b: Sinistcha|100\/100 psn|[from] drain|[of] p1b: zaza\n|move|p1b: zaza|Aromatic Mist|p1a: monkey d. luffy\n|-boost|p1a: monkey d. luffy|spd|1\n|\n|-heal|p1a: monkey d. luffy|85\/100|[from] item: Leftovers\n|-heal|p1b: zaza|73\/100|[from] item: Leftovers\n|-damage|p2a: Gliscor|26\/100 tox|[from] psn\n|-damage|p2b: Sinistcha|88\/100 psn|[from] psn\n|upkeep\n|turn|11\n|\n|t:|1697827760\n|move|p2a: Gliscor|Protect|p2a: Gliscor\n|-singleturn|p2a: Gliscor|Protect\n|move|p1a: monkey d. luffy|Throat Chop|p2b: Sinistcha\n|-supereffective|p2b: Sinistcha\n|-damage|p2b: Sinistcha|3\/100 psn\n|-start|p2b: Sinistcha|Throat Chop|[silent]\n|move|p2b: Sinistcha|Matcha Gotcha|p1b: zaza|[spread] \n|-miss|p2b: Sinistcha|p1a: monkey d. luffy\n|-miss|p2b: Sinistcha|p1b: zaza\n|move|p1b: zaza|Strange Steam|p2a: Gliscor\n|-activate|p2a: Gliscor|move: Protect\n|\n|-heal|p1a: monkey d. luffy|91\/100|[from] item: Leftovers\n|-heal|p1b: zaza|79\/100|[from] item: Leftovers\n|-damage|p2a: Gliscor|0 fnt|[from] psn\n|faint|p2a: Gliscor\n|-damage|p2b: Sinistcha|0 fnt|[from] psn\n|faint|p2b: Sinistcha\n|-sideend|p1: karnotics|move: Light Screen\n|-sideend|p2: sulkynutria|move: Tailwind\n|-sideend|p1: karnotics|move: Tailwind\n|upkeep\n|\n|t:|1697827779\n|switch|p2a: Flutter Mane|Flutter Mane|100\/100\n|switch|p2b: Ambipom|Ambipom, M|100\/100\n|-damage|p2a: Flutter Mane|88\/100|[from] Stealth Rock\n|-status|p2a: Flutter Mane|psn\n|-damage|p2b: Ambipom|88\/100|[from] Stealth Rock\n|-status|p2b: Ambipom|psn\n|turn|12\n|\n|t:|1697827794\n|move|p2a: Flutter Mane|Dazzling Gleam|p1a: monkey d. luffy|[spread] p1a,p1b\n|-damage|p1a: monkey d. luffy|66\/100\n|-damage|p1b: zaza|34\/100\n|move|p2b: Ambipom|Switcheroo|p1a: monkey d. luffy\n|-activate|p2b: Ambipom|move: Trick|[of] p1a: monkey d. luffy\n|-item|p1a: monkey d. luffy|Choice Band|[from] move: Switcheroo\n|-item|p2b: Ambipom|Leftovers|[from] move: Switcheroo\n|move|p1a: monkey d. luffy|Earthquake|p2a: Flutter Mane|[spread] p2a,p2b\n|-immune|p1b: zaza\n|-damage|p2a: Flutter Mane|0 fnt\n|-damage|p2b: Ambipom|0 fnt\n|faint|p2a: Flutter Mane\n|-end|p2a: Flutter Mane|Protosynthesis|[silent]\n|faint|p2b: Ambipom\n|\n|win|karnotics\n|raw|karnotics's rating: 1089 &rarr; <strong>1115<\/strong><br \/>(+26 for winning)\n|raw|sulkynutria's rating: 1080 &rarr; <strong>1059<\/strong><br \/>(-21 for losing)\n|l|\u2606sulkynutria\n","uploadtime":1697827807,"views":15,"p1id":"karnotics","p2id":"sulkynutria","formatid":"gen9doublesou","rating":1059,"private":0,"password":""}