{"id":"gen9doublesou-1973161397","p1":"Ghastlypixie","p2":"mermaide","format":"[Gen 9] Doubles OU","log":"|j|\u2606Ghastlypixie\n|j|\u2606mermaide\n|t:|1697934429\n|gametype|doubles\n|player|p1|Ghastlypixie|plasmagruntf|1217\n|player|p2|mermaide|lucian|1331\n|teamsize|p1|6\n|teamsize|p2|6\n|gen|9\n|tier|[Gen 9] Doubles OU\n|rated|\n|rule|Species Clause: Limit one of each Pok\u00e9mon\n|rule|OHKO Clause: OHKO moves are banned\n|rule|Evasion Moves Clause: Evasion moves are banned\n|rule|Gravity Sleep Clause: The combination of sleep-inducing moves with imperfect accuracy and Gravity or Gigantamax Orbeetle are banned\n|rule|Endless Battle Clause: Forcing endless battles is banned\n|rule|HP Percentage Mod: HP is shown in percentages\n|clearpoke\n|poke|p1|Tornadus, M|\n|poke|p1|Kingambit, F|\n|poke|p1|Ogerpon-Wellspring, F|\n|poke|p1|Iron Bundle|\n|poke|p1|Ursaluna-Bloodmoon, M|\n|poke|p1|Sinistcha-Masterpiece|\n|poke|p2|Forretress, M|\n|poke|p2|Pelipper, F|\n|poke|p2|Electrode-Hisui|\n|poke|p2|Landorus-Therian, M|\n|poke|p2|Moltres-Galar|\n|poke|p2|Iron Hands|\n|teampreview\n|inactive|Battle timer is ON: inactive players will automatically lose when time's up. (requested by Ghastlypixie)\n|\n|t:|1697934438\n|start\n|switch|p1a: Ursaluna|Ursaluna-Bloodmoon, M|100\/100\n|switch|p1b: Sinistcha|Sinistcha-Masterpiece, shiny|100\/100\n|switch|p2a: Pelipper|Pelipper, F|100\/100\n|switch|p2b: Forretress|Forretress, M|100\/100\n|-weather|RainDance|[from] ability: Drizzle|[of] p2a: Pelipper\n|turn|1\n|\n|t:|1697934468\n|move|p2a: Pelipper|Wide Guard|p2a: Pelipper\n|-singleturn|p2a: Pelipper|Wide Guard\n|move|p1b: Sinistcha|Matcha Gotcha|p2a: Pelipper|[spread] \n|-activate|p2a: Pelipper|move: Wide Guard\n|-activate|p2b: Forretress|move: Wide Guard\n|move|p1a: Ursaluna|Hyper Voice|p2a: Pelipper|[spread] \n|-activate|p2a: Pelipper|move: Wide Guard\n|-activate|p2b: Forretress|move: Wide Guard\n|move|p2b: Forretress|Gyro Ball|p1a: Ursaluna\n|-damage|p1a: Ursaluna|87\/100\n|\n|-weather|RainDance|[upkeep]\n|upkeep\n|turn|2\n|\n|t:|1697934484\n|move|p1b: Sinistcha|Matcha Gotcha|p2b: Forretress|[spread] p2a,p2b\n|-resisted|p2b: Forretress\n|-damage|p2a: Pelipper|65\/100\n|-damage|p2b: Forretress|95\/100\n|move|p2a: Pelipper|Weather Ball|p1a: Ursaluna\n|-supereffective|p1a: Ursaluna\n|-damage|p1a: Ursaluna|0 fnt\n|faint|p1a: Ursaluna\n|move|p2b: Forretress|Poison Jab|p1b: Sinistcha\n|-damage|p1b: Sinistcha|84\/100\n|\n|-weather|RainDance|[upkeep]\n|-heal|p1b: Sinistcha|90\/100|[from] item: Leftovers\n|upkeep\n|\n|t:|1697934498\n|switch|p1a: Tornadus|Tornadus, M|100\/100\n|turn|3\n|\n|t:|1697934525\n|move|p1a: Tornadus|Tailwind|p1a: Tornadus\n|-sidestart|p1: Ghastlypixie|move: Tailwind\n|move|p1b: Sinistcha|Scald|p2b: Forretress\n|-damage|p2b: Forretress|62\/100\n|move|p2a: Pelipper|Tailwind|p2a: Pelipper\n|-sidestart|p2: mermaide|move: Tailwind\n|move|p2b: Forretress|Volt Switch|p1a: Tornadus\n|-supereffective|p1a: Tornadus\n|-damage|p1a: Tornadus|84\/100\n|\n|t:|1697934537\n|switch|p2b: Electrode|Electrode-Hisui|100\/100|[from] Volt Switch\n|\n|-weather|RainDance|[upkeep]\n|-heal|p1b: Sinistcha|96\/100|[from] item: Leftovers\n|upkeep\n|turn|4\n|\n|t:|1697934553\n|move|p1a: Tornadus|Taunt|p2a: Pelipper\n|-start|p2a: Pelipper|move: Taunt\n|move|p2b: Electrode|Thunder|p1a: Tornadus\n|-supereffective|p1a: Tornadus\n|-damage|p1a: Tornadus|28\/100\n|move|p1b: Sinistcha|Matcha Gotcha|p2a: Pelipper|[spread] p2a,p2b\n|-resisted|p2b: Electrode\n|-damage|p2a: Pelipper|32\/100\n|-heal|p1b: Sinistcha|100\/100|[from] drain|[of] p2a: Pelipper\n|-damage|p2b: Electrode|86\/100\n|-status|p2a: Pelipper|brn\n|move|p2a: Pelipper|Hurricane|p1b: Sinistcha\n|-supereffective|p1b: Sinistcha\n|-damage|p1b: Sinistcha|0 fnt\n|faint|p1b: Sinistcha\n|\n|-weather|RainDance|[upkeep]\n|-damage|p2a: Pelipper|26\/100 brn|[from] brn\n|upkeep\n|\n|t:|1697934562\n|switch|p1b: Iron Bundle|Iron Bundle, shiny|100\/100\n|turn|5\n|\n|t:|1697934580\n|switch|p2a: Forretress|Forretress, M|62\/100\n|move|p1b: Iron Bundle|Icy Wind|p2a: Forretress|[spread] p2a,p2b\n|-resisted|p2a: Forretress\n|-supereffective|p2b: Electrode\n|-damage|p2a: Forretress|46\/100\n|-damage|p2b: Electrode|4\/100\n|-unboost|p2a: Forretress|spe|1\n|-unboost|p2b: Electrode|spe|1\n|move|p1a: Tornadus|Bleakwind Storm|p2b: Electrode|[spread] p2a,p2b\n|-crit|p2a: Forretress\n|-damage|p2a: Forretress|0 fnt\n|-damage|p2b: Electrode|0 fnt\n|faint|p2a: Forretress\n|faint|p2b: Electrode\n|\n|-weather|none\n|upkeep\n|inactive|mermaide has 120 seconds left.\n|\n|t:|1697934604\n|switch|p2b: Moltres|Moltres-Galar|100\/100\n|switch|p2a: Iron Hands|Iron Hands|100\/100\n|turn|6\n|\n|t:|1697934615\n|move|p1b: Iron Bundle|Icy Wind|p2a: Iron Hands|[spread] p2a,p2b\n|-supereffective|p2b: Moltres\n|-damage|p2a: Iron Hands|72\/100\n|-damage|p2b: Moltres|46\/100\n|-unboost|p2a: Iron Hands|spe|1\n|-unboost|p2b: Moltres|spe|1\n|-ability|p2b: Moltres|Berserk|boost\n|-boost|p2b: Moltres|spa|1\n|-enditem|p2b: Moltres|Sitrus Berry|[eat]\n|-heal|p2b: Moltres|71\/100|[from] item: Sitrus Berry\n|move|p1a: Tornadus|Bleakwind Storm|p2b: Moltres|[spread] p2a,p2b\n|-damage|p2a: Iron Hands|44\/100\n|-damage|p2b: Moltres|41\/100\n|-unboost|p2b: Moltres|spe|1\n|-ability|p2b: Moltres|Berserk|boost\n|-boost|p2b: Moltres|spa|1\n|move|p2b: Moltres|Nasty Plot|p2b: Moltres\n|-boost|p2b: Moltres|spa|2\n|move|p2a: Iron Hands|Drain Punch|p1b: Iron Bundle\n|-supereffective|p1b: Iron Bundle\n|-damage|p1b: Iron Bundle|0 fnt\n|-heal|p2a: Iron Hands|68\/100|[from] drain|[of] p1b: Iron Bundle\n|faint|p1b: Iron Bundle\n|-end|p1b: Iron Bundle|Quark Drive|[silent]\n|\n|-sideend|p2: mermaide|move: Tailwind\n|-sideend|p1: Ghastlypixie|move: Tailwind\n|upkeep\n|\n|t:|1697934636\n|switch|p1b: Ogerpon|Ogerpon-Wellspring, F|100\/100\n|turn|7\n|\n|t:|1697934645\n|move|p1a: Tornadus|Tailwind|p1a: Tornadus\n|-sidestart|p1: Ghastlypixie|move: Tailwind\n|move|p1b: Ogerpon|Ivy Cudgel|p2b: Moltres\n|-crit|p2b: Moltres\n|-damage|p2b: Moltres|0 fnt\n|faint|p2b: Moltres\n|move|p2a: Iron Hands|Thunder Punch|p1b: Ogerpon\n|-damage|p1b: Ogerpon|41\/100\n|\n|upkeep\n|\n|t:|1697934655\n|switch|p2b: Pelipper|Pelipper, F|26\/100 brn\n|-weather|RainDance|[from] ability: Drizzle|[of] p2b: Pelipper\n|turn|8\n|\n|t:|1697934672\n|-terastallize|p1b: Ogerpon|Water\n|detailschange|p1b: Ogerpon|Ogerpon-Wellspring-Tera, F, tera:Water\n|-ability|p1b: Ogerpon|Embody Aspect (Wellspring)|boost\n|-boost|p1b: Ogerpon|spd|1\n|move|p2a: Iron Hands|Protect|p2a: Iron Hands\n|-singleturn|p2a: Iron Hands|Protect\n|move|p1b: Ogerpon|Ivy Cudgel|p2a: Iron Hands\n|-activate|p2a: Iron Hands|move: Protect\n|move|p1a: Tornadus|Bleakwind Storm|p2a: Iron Hands|[spread] p2b\n|-activate|p2a: Iron Hands|move: Protect\n|-damage|p2b: Pelipper|0 fnt\n|faint|p2b: Pelipper\n|\n|-weather|RainDance|[upkeep]\n|upkeep\n|-message|mermaide forfeited.\n|\n|win|Ghastlypixie\n|raw|Ghastlypixie's rating: 1217 &rarr; <strong>1250<\/strong><br \/>(+33 for winning)\n|raw|mermaide's rating: 1331 &rarr; <strong>1305<\/strong><br \/>(-26 for losing)\n|l|\u2606mermaide\n","uploadtime":1697934692,"views":15,"p1id":"ghastlypixie","p2id":"mermaide","formatid":"gen9doublesou","rating":1250,"private":0,"password":""}