{"id":"gen9doublesou-1987978307","p1":"Frank the Tree","p2":"ianbear08","format":"[Gen 9] Doubles OU","log":"|j|\u2606Frank the Tree\n|j|\u2606ianbear08\n|t:|1699655291\n|gametype|doubles\n|player|p1|Frank the Tree|colress|1004\n|player|p2|ianbear08|102|1038\n|teamsize|p1|6\n|teamsize|p2|5\n|gen|9\n|tier|[Gen 9] Doubles OU\n|rated|\n|rule|Species Clause: Limit one of each Pok\u00e9mon\n|rule|OHKO Clause: OHKO moves are banned\n|rule|Evasion Moves Clause: Evasion moves are banned\n|rule|Gravity Sleep Clause: The combination of sleep-inducing moves with imperfect accuracy and Gravity or Gigantamax Orbeetle are banned\n|rule|Endless Battle Clause: Forcing endless battles is banned\n|rule|HP Percentage Mod: HP is shown in percentages\n|clearpoke\n|poke|p1|Talonflame, M|\n|poke|p1|Gallade, M|\n|poke|p1|Krokorok, M|\n|poke|p1|Clefairy, F|\n|poke|p1|Sinistcha|\n|poke|p1|Diancie|\n|poke|p2|Ninetales-Alola, F|\n|poke|p2|Cetitan, F|\n|poke|p2|Slowbro, F|\n|poke|p2|Clefairy, F|\n|poke|p2|Frosmoth, M|\n|teampreview\n|\n|t:|1699655297\n|start\n|switch|p1a: Talonflame|Talonflame, M|100\/100\n|switch|p1b: Diancie|Diancie, shiny|100\/100\n|switch|p2a: Frosmoth|Frosmoth, M|100\/100\n|switch|p2b: Clefairy|Clefairy, F|100\/100\n|turn|1\n|\n|t:|1699655316\n|move|p1a: Talonflame|Brave Bird|p2b: Clefairy\n|-damage|p2b: Clefairy|37\/100\n|-damage|p1a: Talonflame|81\/100|[from] Recoil\n|move|p2a: Frosmoth|Reflect|p2a: Frosmoth\n|-sidestart|p2: ianbear08|Reflect\n|move|p2b: Clefairy|Skill Swap|p2a: Frosmoth\n|-activate|p2b: Clefairy|move: Skill Swap|||[of] p2a: Frosmoth\n|move|p1b: Diancie|Amnesia|p1b: Diancie\n|-boost|p1b: Diancie|spd|2\n|\n|upkeep\n|turn|2\n|inactive|Battle timer is ON: inactive players will automatically lose when time's up. (requested by Frank the Tree)\n|\n|t:|1699655360\n|switch|p2a: Cetitan|Cetitan, F|100\/100\n|move|p1a: Talonflame|Tailwind|p1a: Talonflame\n|-sidestart|p1: Frank the Tree|move: Tailwind\n|move|p1b: Diancie|Iron Defense|p1b: Diancie\n|-boost|p1b: Diancie|def|2\n|move|p2b: Clefairy|Icy Wind|p1a: Talonflame|[spread] p1a,p1b\n|-damage|p1a: Talonflame|71\/100\n|-damage|p1b: Diancie|98\/100\n|\n|upkeep\n|turn|3\n|inactive|Frank the Tree has 120 seconds left.\n|\n|t:|1699655391\n|move|p2a: Cetitan|Protect|p2a: Cetitan\n|-singleturn|p2a: Cetitan|Protect\n|move|p1a: Talonflame|Flare Blitz|p2a: Cetitan\n|-activate|p2a: Cetitan|move: Protect\n|move|p1b: Diancie|Dazzling Gleam|p2a: Cetitan|[spread] p2b\n|-activate|p2a: Cetitan|move: Protect\n|-damage|p2b: Clefairy|18\/100\n|move|p2b: Clefairy|Skill Swap|p2a: Cetitan\n|-activate|p2a: Cetitan|move: Protect\n|\n|upkeep\n|turn|4\n|\n|t:|1699655410\n|switch|p2b: Slowbro|Slowbro, F|100\/100\n|move|p1a: Talonflame|Flare Blitz|p2a: Cetitan\n|-supereffective|p2a: Cetitan\n|-damage|p2a: Cetitan|48\/100\n|-damage|p1a: Talonflame|39\/100|[from] Recoil\n|move|p1b: Diancie|Dazzling Gleam|p2b: Slowbro|[spread] p2a,p2b\n|-damage|p2a: Cetitan|28\/100\n|-damage|p2b: Slowbro|80\/100\n|move|p2a: Cetitan|Belly Drum||[still]\n|-fail|p2a: Cetitan\n|\n|upkeep\n|turn|5\n|\n|t:|1699655434\n|move|p2a: Cetitan|Protect|p2a: Cetitan\n|-singleturn|p2a: Cetitan|Protect\n|move|p1a: Talonflame|Flare Blitz|p2a: Cetitan\n|-activate|p2a: Cetitan|move: Protect\n|move|p1b: Diancie|Dazzling Gleam|p2b: Slowbro|[spread] p2b\n|-activate|p2a: Cetitan|move: Protect\n|-damage|p2b: Slowbro|59\/100\n|move|p2b: Slowbro|Heal Pulse|p2a: Cetitan\n|-activate|p2a: Cetitan|move: Protect\n|\n|-sideend|p2: ianbear08|Reflect\n|-sideend|p1: Frank the Tree|move: Tailwind\n|upkeep\n|turn|6\n|\n|t:|1699655458\n|move|p1a: Talonflame|Tailwind|p1a: Talonflame\n|-sidestart|p1: Frank the Tree|move: Tailwind\n|move|p1b: Diancie|Dazzling Gleam|p2a: Cetitan|[spread] p2a,p2b\n|-crit|p2a: Cetitan\n|-damage|p2a: Cetitan|0 fnt\n|-damage|p2b: Slowbro|40\/100\n|faint|p2a: Cetitan\n|move|p2b: Slowbro|Heal Pulse|p2: Cetitan|[notarget]\n|-fail|p2b: Slowbro\n|\n|upkeep\n|\n|t:|1699655469\n|switch|p2a: Ninetales|Ninetales-Alola, F|100\/100\n|-weather|Snow|[from] ability: Snow Warning|[of] p2a: Ninetales\n|turn|7\n|\n|t:|1699655482\n|move|p1a: Talonflame|U-turn|p2b: Slowbro\n|-supereffective|p2b: Slowbro\n|-damage|p2b: Slowbro|12\/100\n|\n|t:|1699655485\n|switch|p1a: Gallade|Gallade, M|100\/100|[from] U-turn\n|move|p2a: Ninetales|Aurora Veil|p2a: Ninetales\n|-sidestart|p2: ianbear08|move: Aurora Veil\n|move|p1b: Diancie|Baton Pass|p1b: Diancie\n|\n|t:|1699655492\n|switch|p1b: Krokorok|Krokorok, M, shiny|100\/100|[from] Baton Pass\n|move|p2b: Slowbro|Slack Off|p2b: Slowbro\n|-heal|p2b: Slowbro|62\/100\n|\n|-weather|Snow|[upkeep]\n|upkeep\n|turn|8\n|\n|t:|1699655514\n|-terastallize|p1a: Gallade|Psychic\n|move|p1a: Gallade|Sacred Sword|p2a: Ninetales\n|-damage|p2a: Ninetales|57\/100\n|move|p1b: Krokorok|Swagger|p1a: Gallade\n|-boost|p1a: Gallade|atk|2\n|-start|p1a: Gallade|confusion\n|-enditem|p1a: Gallade|Persim Berry|[eat]\n|-end|p1a: Gallade|confusion\n|move|p2a: Ninetales|Nasty Plot|p2a: Ninetales\n|-boost|p2a: Ninetales|spa|2\n|move|p2b: Slowbro|Avalanche|p1b: Krokorok\n|-supereffective|p1b: Krokorok\n|-damage|p1b: Krokorok|86\/100\n|\n|-weather|Snow|[upkeep]\n|upkeep\n|turn|9\n|\n|t:|1699655540\n|move|p1a: Gallade|Sacred Sword|p2a: Ninetales\n|-damage|p2a: Ninetales|0 fnt\n|faint|p2a: Ninetales\n|move|p1b: Krokorok|Crunch|p2b: Slowbro\n|-supereffective|p2b: Slowbro\n|-damage|p2b: Slowbro|39\/100\n|move|p2b: Slowbro|Heal Pulse|p2: Ninetales|[notarget]\n|-fail|p2b: Slowbro\n|\n|-weather|Snow|[upkeep]\n|-sideend|p1: Frank the Tree|move: Tailwind\n|upkeep\n|inactive|ianbear08 has 120 seconds left.\n|\n|t:|1699655552\n|switch|p2a: Frosmoth|Frosmoth, M|100\/100\n|turn|10\n|\n|t:|1699655572\n|move|p1b: Krokorok|Protect|p1b: Krokorok\n|-singleturn|p1b: Krokorok|Protect\n|move|p1a: Gallade|Night Slash|p2b: Slowbro\n|-supereffective|p2b: Slowbro\n|-damage|p2b: Slowbro|0 fnt\n|faint|p2b: Slowbro\n|move|p2a: Frosmoth|Powder Snow|p1b: Krokorok|[spread] p1a\n|-activate|p1b: Krokorok|move: Protect\n|-damage|p1a: Gallade|86\/100\n|\n|-weather|Snow|[upkeep]\n|upkeep\n|\n|t:|1699655586\n|switch|p2b: Clefairy|Clefairy, F|18\/100\n|turn|11\n|\n|t:|1699655601\n|move|p1a: Gallade|Sacred Sword|p2a: Frosmoth\n|-damage|p2a: Frosmoth|23\/100\n|move|p2a: Frosmoth|Snowscape||[still]\n|-fail|p2a: Frosmoth\n|move|p1b: Krokorok|Earthquake|p2a: Frosmoth|[spread] p1a,p2a,p2b\n|-resisted|p2a: Frosmoth\n|-damage|p1a: Gallade|49\/100\n|-damage|p2a: Frosmoth|17\/100\n|-damage|p2b: Clefairy|0 fnt\n|faint|p2b: Clefairy\n|-ability|p1b: Krokorok|Moxie|boost\n|-boost|p1b: Krokorok|atk|1\n|\n|-weather|none\n|-sideend|p2: ianbear08|move: Aurora Veil\n|upkeep\n|turn|12\n|l|\u2606ianbear08\n|inactive|ianbear08 disconnected and has a minute to reconnect!\n|player|p2|\n|j|\u2606ianbear08\n|inactive|ianbear08 reconnected and has 125 seconds left.\n|player|p2|ianbear08|102\n|\n|t:|1699655627\n|move|p1a: Gallade|Sacred Sword|p2a: Frosmoth\n|-damage|p2a: Frosmoth|0 fnt\n|faint|p2a: Frosmoth\n|\n|win|Frank the Tree\n|raw|Frank the Tree's rating: 1004 &rarr; <strong>1047<\/strong><br \/>(+43 for winning)\n|raw|ianbear08's rating: 1038 &rarr; <strong>1021<\/strong><br \/>(-17 for losing)\n|l|\u2606ianbear08\n","uploadtime":1699655638,"views":14,"p1id":"frankthetree","p2id":"ianbear08","formatid":"gen9doublesou","rating":1021,"private":0,"password":""}