{"id":"gen9doublesou-1991989606","p1":"se7enei8ht","p2":"OPieceOfHeroGhost","format":"[Gen 9] Doubles OU","log":"|j|\u2606se7enei8ht\n|j|\u2606OPieceOfHeroGhost\n|t:|1700145592\n|gametype|doubles\n|player|p1|se7enei8ht|102|1441\n|player|p2|OPieceOfHeroGhost|morty|1506\n|teamsize|p1|6\n|teamsize|p2|6\n|gen|9\n|tier|[Gen 9] Doubles OU\n|rated|\n|rule|Species Clause: Limit one of each Pok\u00e9mon\n|rule|OHKO Clause: OHKO moves are banned\n|rule|Evasion Moves Clause: Evasion moves are banned\n|rule|Gravity Sleep Clause: The combination of sleep-inducing moves with imperfect accuracy and Gravity or Gigantamax Orbeetle are banned\n|rule|Endless Battle Clause: Forcing endless battles is banned\n|rule|HP Percentage Mod: HP is shown in percentages\n|clearpoke\n|poke|p1|Pelipper, F|\n|poke|p1|Palafin, F|\n|poke|p1|Basculegion-F, F|\n|poke|p1|Tornadus, M|\n|poke|p1|Cresselia, F|\n|poke|p1|Chien-Pao|\n|poke|p2|Amoonguss, F|\n|poke|p2|Volcanion|\n|poke|p2|Iron Hands|\n|poke|p2|Flutter Mane|\n|poke|p2|Landorus-Therian, M|\n|poke|p2|Rillaboom, M|\n|teampreview\n|\n|t:|1700145605\n|start\n|switch|p1a: Pelipper|Pelipper, F|100\/100\n|switch|p1b: Palafin|Palafin, F|100\/100\n|switch|p2a: \u8fd9\u4e2a\u5df4\u5c14\u51ef\u5c3c\u6069\u7942\u80fd\u5e72\u4ec0\u4e48\uff1f|Volcanion|100\/100\n|switch|p2b: \u53d1\u59d0\u725b\u903c|Flutter Mane|100\/100\n|-weather|RainDance|[from] ability: Drizzle|[of] p1a: Pelipper\n|turn|1\n|\n|t:|1700145630\n|detailschange|p1b: Palafin|Palafin-Hero, F\n|switch|p1b: Tornadus|Tornadus, M|100\/100\n|move|p1a: Pelipper|Protect|p1a: Pelipper\n|-singleturn|p1a: Pelipper|Protect\n|move|p2b: \u53d1\u59d0\u725b\u903c|Moonblast|p1a: Pelipper\n|-activate|p1a: Pelipper|move: Protect\n|move|p2a: \u8fd9\u4e2a\u5df4\u5c14\u51ef\u5c3c\u6069\u7942\u80fd\u5e72\u4ec0\u4e48\uff1f|Steam Eruption|p1a: Pelipper\n|-activate|p1a: Pelipper|move: Protect\n|\n|-weather|RainDance|[upkeep]\n|upkeep\n|turn|2\n|\n|t:|1700145652\n|move|p2b: \u53d1\u59d0\u725b\u903c|Moonblast|p1a: Pelipper\n|-damage|p1a: Pelipper|0 fnt\n|faint|p1a: Pelipper\n|move|p1b: Tornadus|Icy Wind|p2a: \u8fd9\u4e2a\u5df4\u5c14\u51ef\u5c3c\u6069\u7942\u80fd\u5e72\u4ec0\u4e48\uff1f|[spread] p2a,p2b\n|-resisted|p2a: \u8fd9\u4e2a\u5df4\u5c14\u51ef\u5c3c\u6069\u7942\u80fd\u5e72\u4ec0\u4e48\uff1f\n|-damage|p2a: \u8fd9\u4e2a\u5df4\u5c14\u51ef\u5c3c\u6069\u7942\u80fd\u5e72\u4ec0\u4e48\uff1f|99\/100\n|-damage|p2b: \u53d1\u59d0\u725b\u903c|90\/100\n|-unboost|p2a: \u8fd9\u4e2a\u5df4\u5c14\u51ef\u5c3c\u6069\u7942\u80fd\u5e72\u4ec0\u4e48\uff1f|spe|1\n|-unboost|p2b: \u53d1\u59d0\u725b\u903c|spe|1\n|move|p2a: \u8fd9\u4e2a\u5df4\u5c14\u51ef\u5c3c\u6069\u7942\u80fd\u5e72\u4ec0\u4e48\uff1f|Steam Eruption|p1b: Tornadus\n|-damage|p1b: Tornadus|33\/100\n|-status|p1b: Tornadus|brn\n|\n|-weather|RainDance|[upkeep]\n|-damage|p1b: Tornadus|27\/100 brn|[from] brn\n|upkeep\n|\n|t:|1700145667\n|switch|p1a: Basculegion|Basculegion-F, F|100\/100\n|turn|3\n|\n|t:|1700145680\n|-end|p2b: \u53d1\u59d0\u725b\u903c|Protosynthesis|[silent]\n|switch|p2b: \u5de8\u722a\u7f57\u65af|Landorus-Therian, M|100\/100\n|-ability|p2b: \u5de8\u722a\u7f57\u65af|Intimidate|boost\n|-unboost|p1a: Basculegion|atk|1\n|-unboost|p1b: Tornadus|atk|1\n|move|p1a: Basculegion|Wave Crash|p2b: \u5de8\u722a\u7f57\u65af\n|-supereffective|p2b: \u5de8\u722a\u7f57\u65af\n|-damage|p2b: \u5de8\u722a\u7f57\u65af|0 fnt\n|faint|p2b: \u5de8\u722a\u7f57\u65af\n|-damage|p1a: Basculegion|70\/100|[from] Recoil\n|move|p1b: Tornadus|Icy Wind|p2a: \u8fd9\u4e2a\u5df4\u5c14\u51ef\u5c3c\u6069\u7942\u80fd\u5e72\u4ec0\u4e48\uff1f\n|-resisted|p2a: \u8fd9\u4e2a\u5df4\u5c14\u51ef\u5c3c\u6069\u7942\u80fd\u5e72\u4ec0\u4e48\uff1f\n|-damage|p2a: \u8fd9\u4e2a\u5df4\u5c14\u51ef\u5c3c\u6069\u7942\u80fd\u5e72\u4ec0\u4e48\uff1f|96\/100\n|-unboost|p2a: \u8fd9\u4e2a\u5df4\u5c14\u51ef\u5c3c\u6069\u7942\u80fd\u5e72\u4ec0\u4e48\uff1f|spe|1\n|move|p2a: \u8fd9\u4e2a\u5df4\u5c14\u51ef\u5c3c\u6069\u7942\u80fd\u5e72\u4ec0\u4e48\uff1f|Heavy Slam|p1a: Basculegion\n|-resisted|p1a: Basculegion\n|-damage|p1a: Basculegion|64\/100\n|\n|-weather|RainDance|[upkeep]\n|-damage|p1b: Tornadus|21\/100 brn|[from] brn\n|upkeep\n|\n|t:|1700145700\n|switch|p2b: \u62cd\u6253\u7329|Rillaboom, M|100\/100\n|-fieldstart|move: Grassy Terrain|[from] ability: Grassy Surge|[of] p2b: \u62cd\u6253\u7329\n|turn|4\n|\n|t:|1700145710\n|switch|p1a: Cresselia|Cresselia, F|100\/100\n|move|p1b: Tornadus|Tailwind|p1b: Tornadus\n|-sidestart|p1: se7enei8ht|move: Tailwind\n|move|p2b: \u62cd\u6253\u7329|Grassy Glide|p1a: Cresselia\n|-damage|p1a: Cresselia|67\/100\n|move|p2a: \u8fd9\u4e2a\u5df4\u5c14\u51ef\u5c3c\u6069\u7942\u80fd\u5e72\u4ec0\u4e48\uff1f|Steam Eruption|p1b: Tornadus\n|-damage|p1b: Tornadus|0 fnt\n|faint|p1b: Tornadus\n|\n|-weather|RainDance|[upkeep]\n|-heal|p1a: Cresselia|73\/100|[from] item: Leftovers\n|-heal|p2a: \u8fd9\u4e2a\u5df4\u5c14\u51ef\u5c3c\u6069\u7942\u80fd\u5e72\u4ec0\u4e48\uff1f|100\/100|[from] Grassy Terrain\n|upkeep\n|\n|t:|1700145725\n|switch|p1b: Basculegion|Basculegion-F, F|64\/100\n|turn|5\n|\n|t:|1700145732\n|move|p1a: Cresselia|Ally Switch|p1a: Cresselia\n|swap|p1a: Cresselia|1|[from] move: Ally Switch\n|move|p2b: \u62cd\u6253\u7329|Grassy Glide|p1b: Cresselia\n|-damage|p1b: Cresselia|41\/100\n|move|p1a: Basculegion|Head Smash|p2a: \u8fd9\u4e2a\u5df4\u5c14\u51ef\u5c3c\u6069\u7942\u80fd\u5e72\u4ec0\u4e48\uff1f|[miss]\n|-miss|p1a: Basculegion|p2a: \u8fd9\u4e2a\u5df4\u5c14\u51ef\u5c3c\u6069\u7942\u80fd\u5e72\u4ec0\u4e48\uff1f\n|move|p2a: \u8fd9\u4e2a\u5df4\u5c14\u51ef\u5c3c\u6069\u7942\u80fd\u5e72\u4ec0\u4e48\uff1f|Steam Eruption|p1a: Basculegion\n|-resisted|p1a: Basculegion\n|-damage|p1a: Basculegion|18\/100\n|\n|-weather|none\n|-heal|p1a: Basculegion|24\/100|[from] Grassy Terrain\n|-heal|p1b: Cresselia|48\/100|[from] item: Leftovers\n|upkeep\n|turn|6\n|\n|t:|1700145751\n|move|p2b: \u62cd\u6253\u7329|Grassy Glide|p1a: Basculegion\n|-supereffective|p1a: Basculegion\n|-damage|p1a: Basculegion|0 fnt\n|faint|p1a: Basculegion\n|move|p1b: Cresselia|Lunar Blessing|p1b: Cresselia\n|-heal|p1b: Cresselia|73\/100\n|move|p2a: \u8fd9\u4e2a\u5df4\u5c14\u51ef\u5c3c\u6069\u7942\u80fd\u5e72\u4ec0\u4e48\uff1f|Steam Eruption|p1b: Cresselia\n|-damage|p1b: Cresselia|44\/100\n|\n|-heal|p1b: Cresselia|50\/100|[from] item: Leftovers\n|upkeep\n|\n|t:|1700145761\n|switch|p1a: Chien-Pao|Chien-Pao|100\/100\n|-ability|p1a: Chien-Pao|Sword of Ruin\n|turn|7\n|c|\u2606OPieceOfHeroGhost|bad luck\uff0c\n|c|\u2606se7enei8ht|yeah :(\n|\n|t:|1700145783\n|switch|p2b: \u95ea\u7535\u4e94\u8fde\u62f3|Iron Hands|100\/100\n|move|p1a: Chien-Pao|Ice Spinner|p2b: \u95ea\u7535\u4e94\u8fde\u62f3\n|-damage|p2b: \u95ea\u7535\u4e94\u8fde\u62f3|64\/100\n|-fieldend|move: Grassy Terrain\n|move|p1b: Cresselia|Future Sight|p2a: \u8fd9\u4e2a\u5df4\u5c14\u51ef\u5c3c\u6069\u7942\u80fd\u5e72\u4ec0\u4e48\uff1f\n|-start|p1b: Cresselia|move: Future Sight\n|move|p2a: \u8fd9\u4e2a\u5df4\u5c14\u51ef\u5c3c\u6069\u7942\u80fd\u5e72\u4ec0\u4e48\uff1f|Heat Wave|p1b: Cresselia|[spread] p1a,p1b\n|-supereffective|p1a: Chien-Pao\n|-enditem|p1a: Chien-Pao|Focus Sash\n|-damage|p1a: Chien-Pao|1\/100\n|-damage|p1b: Cresselia|31\/100\n|\n|-heal|p1b: Cresselia|37\/100|[from] item: Leftovers\n|-sideend|p1: se7enei8ht|move: Tailwind\n|upkeep\n|turn|8\n|\n|t:|1700145805\n|switch|p1a: Palafin|Palafin-Hero, F|100\/100\n|-activate|p1a: Palafin|ability: Zero to Hero\n|move|p2b: \u95ea\u7535\u4e94\u8fde\u62f3|Fake Out|p1b: Cresselia\n|-damage|p1b: Cresselia|26\/100\n|cant|p1b: Cresselia|flinch\n|move|p2a: \u8fd9\u4e2a\u5df4\u5c14\u51ef\u5c3c\u6069\u7942\u80fd\u5e72\u4ec0\u4e48\uff1f|Heat Wave|p1b: Cresselia|[spread] p1a,p1b\n|-resisted|p1a: Palafin\n|-damage|p1a: Palafin|81\/100\n|-damage|p1b: Cresselia|7\/100\n|-status|p1a: Palafin|brn\n|\n|-heal|p1b: Cresselia|13\/100|[from] item: Leftovers\n|-damage|p1a: Palafin|75\/100 brn|[from] brn\n|upkeep\n|turn|9\n|c|\u2606se7enei8ht|oof\n|c|\u2606se7enei8ht|gg's\n|-message|se7enei8ht forfeited.\n|\n|win|OPieceOfHeroGhost\n|raw|se7enei8ht's rating: 1441 &rarr; <strong>1425<\/strong><br \/>(-16 for losing)\n|raw|OPieceOfHeroGhost's rating: 1506 &rarr; <strong>1522<\/strong><br \/>(+16 for winning)\n|l|\u2606se7enei8ht\n","uploadtime":1700145846,"views":10,"p1id":"se7enei8ht","p2id":"opieceofheroghost","formatid":"gen9doublesou","rating":1425,"private":0,"password":""}