{"id":"gen9doublesou-1997941816","p1":"frania","p2":"Paraplegic","format":"[Gen 9] Doubles OU","log":"|j|\u2606frania\n|j|\u2606Paraplegic\n|t:|1700870133\n|gametype|doubles\n|player|p1|frania|#dpl9spectralthieves|\n|player|p2|Paraplegic|#scl2islanders|\n|teamsize|p1|6\n|teamsize|p2|6\n|gen|9\n|tier|[Gen 9] Doubles OU\n|rule|Species Clause: Limit one of each Pok\u00e9mon\n|rule|OHKO Clause: OHKO moves are banned\n|rule|Evasion Moves Clause: Evasion moves are banned\n|rule|Gravity Sleep Clause: The combination of sleep-inducing moves with imperfect accuracy and Gravity or Gigantamax Orbeetle are banned\n|rule|Endless Battle Clause: Forcing endless battles is banned\n|rule|HP Percentage Mod: HP is shown in percentages\n|clearpoke\n|poke|p1|Flutter Mane|\n|poke|p1|Iron Moth|\n|poke|p1|Diancie|\n|poke|p1|Rillaboom, M|\n|poke|p1|Kommo-o, F|\n|poke|p1|Gholdengo|\n|poke|p2|Manaphy|\n|poke|p2|Ogerpon-Wellspring, F|\n|poke|p2|Rillaboom, M|\n|poke|p2|Tornadus, M|\n|poke|p2|Volcanion|\n|poke|p2|Flutter Mane|\n|teampreview\n|j| Enzonana\n|c|\u2606Paraplegic|hf\n|inactive|Battle timer is ON: inactive players will automatically lose when time's up. (requested by Paraplegic)\n|j| doubo poolparty\n|c|\u2606frania|hf\n|j| a spiffy spaceman\n|j| spurrific\n|j| theyummybagel\n|j| FrostPixel\n|inactive|frania has 270 seconds left.\n|inactive|Paraplegic has 270 seconds left.\n|j|+ryo yamada2001\n|j|+daawesomedude1 (\n|j| Eragon11145\n|j| ratpacker\n|j| SingleThunder\n|j| Mamiloca\n|j|+zoe\n|j| teambuilder bot\n|j| qsns\n|c| SingleThunder|Moth moth moth\n|j|+Yoda2798\n|c| Enzonana|motaaaa\n|j| Peter Pan GC\n|n| Laptops|doubopoolparty\n|l| qsns\n|inactive|frania has 240 seconds left.\n|j| Jello1231\n|l| Peter Pan GC\n|inactive|Paraplegic has 240 seconds left.\n|j|+zee\n|j| R4ye\n|l| FrostPixel\n|inactive|frania has 210 seconds left.\n|j| qsns\n|j| FrostPixel\n|c| qsns|mana\n|inactive|frania has 180 seconds left.\n|\n|t:|1700870279\n|start\n|switch|p1a: Iron Moth|Iron Moth|100\/100\n|switch|p1b: Gholdengo|Gholdengo|100\/100\n|switch|p2a: Volcanion|Volcanion|100\/100\n|switch|p2b: Rillaboom|Rillaboom, M|100\/100\n|-fieldstart|move: Grassy Terrain|[from] ability: Grassy Surge|[of] p2b: Rillaboom\n|-enditem|p1a: Iron Moth|Booster Energy\n|-activate|p1a: Iron Moth|ability: Quark Drive|[fromitem]\n|-start|p1a: Iron Moth|quarkdrivespe\n|turn|1\n|j| NinjaSnapple\n|l| qsns\n|inactive|frania has 240 seconds left.\n|j| qsns\n|l| Laptops\n|inactive|frania has 210 seconds left.\n|j| AIRedzone\n|c| AIRedzone|I love moth\n|inactive|frania has 180 seconds left.\n|inactive|frania has 150 seconds left.\n|j| RelicanthPrimal<><\n|l| R4ye\n|\n|t:|1700870411\n|move|p1a: Iron Moth|Protect|p1a: Iron Moth\n|-singleturn|p1a: Iron Moth|Protect\n|move|p2b: Rillaboom|Fake Out|p1a: Iron Moth\n|-activate|p1a: Iron Moth|move: Protect\n|move|p1b: Gholdengo|Trick|p2a: Volcanion\n|-activate|p1b: Gholdengo|move: Trick|[of] p2a: Volcanion\n|-item|p2a: Volcanion|Choice Scarf|[from] move: Trick\n|-item|p1b: Gholdengo|Covert Cloak|[from] move: Trick\n|move|p2a: Volcanion|Heat Wave|p1b: Gholdengo|[spread] p1b\n|-activate|p1a: Iron Moth|move: Protect\n|-supereffective|p1b: Gholdengo\n|-damage|p1b: Gholdengo|31\/100\n|\n|-heal|p1b: Gholdengo|37\/100|[from] Grassy Terrain\n|upkeep\n|turn|2\n|inactive|frania has 150 seconds left.\n|j| R4ye\n|l| qsns\n|l| AIRedzone\n|j| AIRedzone\n|\n|t:|1700870444\n|switch|p1b: Kommo-o|Kommo-o, F|100\/100\n|move|p1a: Iron Moth|Toxic Spikes|p2b: Rillaboom\n|-sidestart|p2: Paraplegic|move: Toxic Spikes\n|move|p2a: Volcanion|Heat Wave|p1b: Kommo-o|[spread] p1a,p1b\n|-resisted|p1a: Iron Moth\n|-resisted|p1b: Kommo-o\n|-damage|p1a: Iron Moth|87\/100\n|-damage|p1b: Kommo-o|87\/100\n|move|p2b: Rillaboom|U-turn|p1b: Kommo-o\n|-resisted|p1b: Kommo-o\n|-damage|p1b: Kommo-o|79\/100\n|j| qsns\n|inactive|Paraplegic has 270 seconds left.\n|c|\u2606frania|how am i bringing a kommo and you're not\n|c| qsns|sick and twisted world\n|c|\u2606Paraplegic|fairly good question all things considered\n|inactive|Paraplegic has 240 seconds left.\n|l| AIRedzone\n|\n|t:|1700870515\n|switch|p2b: Flutter Mane|Flutter Mane|100\/100|[from] U-turn\n|-status|p2b: Flutter Mane|psn\n|\n|-heal|p1a: Iron Moth|93\/100|[from] Grassy Terrain\n|-heal|p1b: Kommo-o|85\/100|[from] Grassy Terrain\n|-heal|p1b: Kommo-o|91\/100|[from] item: Leftovers\n|-damage|p2b: Flutter Mane|88\/100 psn|[from] psn\n|upkeep\n|turn|3\n|inactive|frania has 150 seconds left.\n|inactive|Paraplegic has 210 seconds left.\n|\n|t:|1700870551\n|switch|p2a: Tornadus|Tornadus, M|100\/100\n|move|p1b: Kommo-o|Protect|p1b: Kommo-o\n|-singleturn|p1b: Kommo-o|Protect\n|move|p1a: Iron Moth|Flamethrower|p2b: Flutter Mane\n|-damage|p2b: Flutter Mane|44\/100 psn\n|move|p2b: Flutter Mane|Power Gem|p1a: Iron Moth\n|-supereffective|p1a: Iron Moth\n|-damage|p1a: Iron Moth|26\/100\n|\n|-heal|p1a: Iron Moth|32\/100|[from] Grassy Terrain\n|-heal|p2b: Flutter Mane|51\/100 psn|[from] Grassy Terrain\n|-heal|p1b: Kommo-o|97\/100|[from] Grassy Terrain\n|-heal|p1b: Kommo-o|100\/100|[from] item: Leftovers\n|-damage|p2b: Flutter Mane|38\/100 psn|[from] psn\n|upkeep\n|turn|4\n|inactive|frania has 150 seconds left.\n|j| TestBots\n|j| pudim31\n|inactive|Paraplegic has 210 seconds left.\n|j| AIRedzone\n|inactive|frania has 120 seconds left.\n|c| Enzonana|\u2620\u26b0\n|\n|t:|1700870614\n|switch|p1b: Diancie|Diancie|100\/100\n|move|p1a: Iron Moth|Protect|p1a: Iron Moth\n|-singleturn|p1a: Iron Moth|Protect\n|move|p2a: Tornadus|Rain Dance|p2a: Tornadus\n|-weather|RainDance\n|move|p2b: Flutter Mane|Power Gem|p1a: Iron Moth\n|-activate|p1a: Iron Moth|move: Protect\n|\n|-weather|RainDance|[upkeep]\n|-heal|p1a: Iron Moth|38\/100|[from] Grassy Terrain\n|-heal|p2b: Flutter Mane|44\/100 psn|[from] Grassy Terrain\n|-damage|p2b: Flutter Mane|32\/100 psn|[from] psn\n|upkeep\n|turn|5\n|inactive|frania has 120 seconds left.\n|j| Flarefox_7\n|inactive|Paraplegic has 210 seconds left.\n|l| SingleThunder\n|l| Flarefox_7\n|inactive|frania has 90 seconds left.\n|\n|t:|1700870655\n|-end|p1a: Iron Moth|Quark Drive|[silent]\n|switch|p1a: Kommo-o|Kommo-o, F|100\/100\n|move|p2b: Flutter Mane|Power Gem|p1a: Kommo-o\n|-resisted|p1a: Kommo-o\n|-damage|p1a: Kommo-o|87\/100\n|move|p2a: Tornadus|Bleakwind Storm|p1b: Diancie|[spread] p1a,p1b\n|-supereffective|p1a: Kommo-o\n|-resisted|p1b: Diancie\n|-crit|p1b: Diancie\n|-damage|p1a: Kommo-o|38\/100\n|-damage|p1b: Diancie|85\/100\n|move|p1b: Diancie|Trick Room|p1b: Diancie\n|-fieldstart|move: Trick Room|[of] p1b: Diancie\n|\n|-weather|RainDance|[upkeep]\n|-heal|p1b: Diancie|91\/100|[from] Grassy Terrain\n|-heal|p1a: Kommo-o|44\/100|[from] Grassy Terrain\n|-heal|p1a: Kommo-o|50\/100|[from] item: Leftovers\n|-heal|p2b: Flutter Mane|38\/100 psn|[from] Grassy Terrain\n|-damage|p2b: Flutter Mane|26\/100 psn|[from] psn\n|-fieldend|move: Grassy Terrain\n|upkeep\n|turn|6\n|inactive|Paraplegic has 210 seconds left.\n|inactive|frania has 90 seconds left.\n|l| AIRedzone\n|inactive|Paraplegic has 180 seconds left.\n|inactive|frania has 60 seconds left.\n|inactive|Paraplegic has 150 seconds left.\n|l| pudim31\n|j| AIRedzone\n|inactive|frania has 30 seconds left.\n|inactive|frania has 20 seconds left.\n|\n|t:|1700870760\n|-end|p2b: Flutter Mane|Protosynthesis|[silent]\n|switch|p2b: Rillaboom|Rillaboom, M|100\/100\n|-status|p2b: Rillaboom|psn\n|-fieldstart|move: Grassy Terrain|[from] ability: Grassy Surge|[of] p2b: Rillaboom\n|move|p2a: Tornadus|Protect|p2a: Tornadus\n|-singleturn|p2a: Tornadus|Protect\n|move|p1a: Kommo-o|Protect|p1a: Kommo-o\n|-singleturn|p1a: Kommo-o|Protect\n|move|p1b: Diancie|Diamond Storm|p2b: Rillaboom|[spread] p2b\n|-activate|p2a: Tornadus|move: Protect\n|-damage|p2b: Rillaboom|67\/100 psn\n|-boost|p1b: Diancie|def|2\n|\n|-weather|RainDance|[upkeep]\n|-heal|p1b: Diancie|98\/100|[from] Grassy Terrain\n|-heal|p1a: Kommo-o|57\/100|[from] Grassy Terrain\n|-heal|p1a: Kommo-o|63\/100|[from] item: Leftovers\n|-heal|p2b: Rillaboom|74\/100 psn|[from] Grassy Terrain\n|-damage|p2b: Rillaboom|61\/100 psn|[from] psn\n|upkeep\n|turn|7\n|inactive|Paraplegic has 150 seconds left.\n|inactive|frania has 30 seconds left.\n|inactive|frania has 20 seconds left.\n|inactive|frania has 15 seconds left.\n|\n|t:|1700870792\n|switch|p1a: Gholdengo|Gholdengo|37\/100\n|move|p2b: Rillaboom|Fake Out|p1b: Diancie\n|-resisted|p1b: Diancie\n|-damage|p1b: Diancie|95\/100\n|cant|p1b: Diancie|flinch\n|move|p2a: Tornadus|Bleakwind Storm|p1a: Gholdengo|[spread] p1a,p1b\n|-resisted|p1a: Gholdengo\n|-resisted|p1b: Diancie\n|-damage|p1a: Gholdengo|20\/100\n|-damage|p1b: Diancie|84\/100\n|\n|-weather|RainDance|[upkeep]\n|-heal|p1b: Diancie|90\/100|[from] Grassy Terrain\n|-heal|p2b: Rillaboom|67\/100 psn|[from] Grassy Terrain\n|-heal|p1a: Gholdengo|26\/100|[from] Grassy Terrain\n|-damage|p2b: Rillaboom|55\/100 psn|[from] psn\n|upkeep\n|turn|8\n|inactive|frania has 30 seconds left.\n|inactive|frania has 20 seconds left.\n|l| Mamiloca\n|inactive|frania has 15 seconds left.\n|l| AIRedzone\n|inactive|frania has 10 seconds left.\n|\n|t:|1700870823\n|-terastallize|p1b: Diancie|Dragon\n|move|p2a: Tornadus|Protect|p2a: Tornadus\n|-singleturn|p2a: Tornadus|Protect\n|move|p1b: Diancie|Diamond Storm|p2b: Rillaboom|[spread] p2b\n|-activate|p2a: Tornadus|move: Protect\n|-damage|p2b: Rillaboom|20\/100 psn\n|move|p2b: Rillaboom|Wood Hammer|p1b: Diancie\n|-resisted|p1b: Diancie\n|-damage|p1b: Diancie|74\/100\n|-damage|p2b: Rillaboom|15\/100 psn|[from] Recoil\n|move|p1a: Gholdengo|Make It Rain|p2a: Tornadus|[spread] p2b\n|-activate|p2a: Tornadus|move: Protect\n|-damage|p2b: Rillaboom|0 fnt\n|-unboost|p1a: Gholdengo|spa|1\n|faint|p2b: Rillaboom\n|\n|-weather|none\n|-heal|p1b: Diancie|80\/100|[from] Grassy Terrain\n|-heal|p1a: Gholdengo|32\/100|[from] Grassy Terrain\n|upkeep\n|inactive|frania has 15 seconds left this turn.\n|inactive|Paraplegic has 150 seconds left.\n|j| TurtalKatThing\n|\n|t:|1700870861\n|switch|p2b: Manaphy|Manaphy|100\/100\n|-status|p2b: Manaphy|psn\n|turn|9\n|inactive|frania has 30 seconds left.\n|inactive|frania has 20 seconds left.\n|inactive|frania has 15 seconds left.\n|\n|t:|1700870887\n|switch|p1a: Rillaboom|Rillaboom, M|100\/100\n|move|p2a: Tornadus|Rain Dance|p2a: Tornadus\n|-weather|RainDance\n|move|p1b: Diancie|Diamond Storm|p2b: Manaphy|[spread] p2a,p2b\n|-supereffective|p2a: Tornadus\n|-damage|p2a: Tornadus|24\/100\n|-damage|p2b: Manaphy|71\/100 psn\n|-boost|p1b: Diancie|def|2\n|move|p2b: Manaphy|Tail Glow|p2b: Manaphy\n|-boost|p2b: Manaphy|spa|3\n|\n|-weather|RainDance|[upkeep]\n|-heal|p1b: Diancie|86\/100|[from] Grassy Terrain\n|-heal|p2b: Manaphy|77\/100 psn|[from] Grassy Terrain\n|-activate|p2b: Manaphy|ability: Hydration\n|-curestatus|p2b: Manaphy|psn|[msg]\n|-heal|p2b: Manaphy|83\/100|[from] item: Leftovers\n|-fieldend|move: Trick Room\n|upkeep\n|turn|10\n|inactive|frania has 30 seconds left.\n|\n|t:|1700870907\n|-terastallize|p2b: Manaphy|Poison\n|move|p1a: Rillaboom|Fake Out|p2b: Manaphy\n|-damage|p2b: Manaphy|69\/100\n|cant|p2b: Manaphy|flinch\n|move|p2a: Tornadus|Bleakwind Storm|p1a: Rillaboom|[spread] p1a,p1b\n|-supereffective|p1a: Rillaboom\n|-damage|p1a: Rillaboom|47\/100\n|-damage|p1b: Diancie|63\/100\n|-unboost|p1a: Rillaboom|spe|1\n|move|p1b: Diancie|Trick Room|p1b: Diancie\n|-fieldstart|move: Trick Room|[of] p1b: Diancie\n|\n|-weather|RainDance|[upkeep]\n|-heal|p1b: Diancie|69\/100|[from] Grassy Terrain\n|-heal|p1a: Rillaboom|53\/100|[from] Grassy Terrain\n|-heal|p2b: Manaphy|75\/100|[from] Grassy Terrain\n|-heal|p2b: Manaphy|81\/100|[from] item: Leftovers\n|-fieldend|move: Grassy Terrain\n|upkeep\n|turn|11\n|inactive|Paraplegic has 180 seconds left.\n|inactive|frania has 30 seconds left.\n|inactive|frania has 20 seconds left.\n|inactive|frania has 15 seconds left.\n|inactive|frania has 10 seconds left.\n|\n|t:|1700870948\n|move|p2a: Tornadus|Protect|p2a: Tornadus\n|-singleturn|p2a: Tornadus|Protect\n|move|p2b: Manaphy|Protect|p2b: Manaphy\n|-singleturn|p2b: Manaphy|Protect\n|move|p1b: Diancie|Diamond Storm|p2a: Tornadus|[spread] \n|-activate|p2a: Tornadus|move: Protect\n|-activate|p2b: Manaphy|move: Protect\n|move|p1a: Rillaboom|High Horsepower|p2b: Manaphy\n|-activate|p2b: Manaphy|move: Protect\n|\n|-weather|RainDance|[upkeep]\n|-heal|p2b: Manaphy|87\/100|[from] item: Leftovers\n|upkeep\n|turn|12\n|inactive|frania has 30 seconds left.\n|inactive|Paraplegic has 180 seconds left.\n|\n|t:|1700870969\n|move|p1b: Diancie|Diamond Storm|p2b: Manaphy|[spread] p2a,p2b\n|-supereffective|p2a: Tornadus\n|-damage|p2a: Tornadus|0 fnt\n|-damage|p2b: Manaphy|59\/100\n|-boost|p1b: Diancie|def|2\n|faint|p2a: Tornadus\n|move|p1a: Rillaboom|High Horsepower|p2b: Manaphy\n|-supereffective|p2b: Manaphy\n|-damage|p2b: Manaphy|1\/100\n|move|p2b: Manaphy|Tera Blast|p1a: Rillaboom|[anim] Tera Blast Poison\n|-supereffective|p1a: Rillaboom\n|-damage|p1a: Rillaboom|0 fnt\n|faint|p1a: Rillaboom\n|\n|-weather|RainDance|[upkeep]\n|-heal|p2b: Manaphy|7\/100|[from] item: Leftovers\n|upkeep\n|inactive|frania has 30 seconds left.\n|\n|t:|1700870997\n|switch|p1a: Kommo-o|Kommo-o, F|63\/100\n|switch|p2a: Ogerpon|Ogerpon-Wellspring, F|100\/100\n|-status|p2a: Ogerpon|psn\n|turn|13\n|inactive|Paraplegic has 210 seconds left.\n|inactive|frania has 30 seconds left.\n|inactive|frania has 20 seconds left.\n|\n|t:|1700871033\n|move|p2b: Manaphy|Protect|p2b: Manaphy\n|-singleturn|p2b: Manaphy|Protect\n|move|p2a: Ogerpon|Spiky Shield|p2a: Ogerpon\n|-singleturn|p2a: Ogerpon|move: Protect\n|move|p1b: Diancie|Body Press|p2a: Ogerpon\n|-activate|p2a: Ogerpon|move: Protect\n|-damage|p1b: Diancie|57\/100|[from] Spiky Shield|[of] p2a: Ogerpon\n|move|p1a: Kommo-o|Body Press|p2b: Manaphy\n|-activate|p2b: Manaphy|move: Protect\n|\n|-weather|none\n|-heal|p1a: Kommo-o|69\/100|[from] item: Leftovers\n|-heal|p2b: Manaphy|13\/100|[from] item: Leftovers\n|-damage|p2a: Ogerpon|88\/100 psn|[from] psn\n|upkeep\n|turn|14\n|inactive|frania has 30 seconds left.\n|\n|t:|1700871052\n|move|p2b: Manaphy|Protect||[still]\n|-fail|p2b: Manaphy\n|move|p2a: Ogerpon|Spiky Shield||[still]\n|-fail|p2a: Ogerpon\n|move|p1b: Diancie|Body Press|p2b: Manaphy\n|-resisted|p2b: Manaphy\n|-damage|p2b: Manaphy|0 fnt\n|faint|p2b: Manaphy\n|move|p1a: Kommo-o|Body Press|p2a: Ogerpon\n|-damage|p2a: Ogerpon|46\/100 psn\n|\n|-heal|p1a: Kommo-o|75\/100|[from] item: Leftovers\n|-damage|p2a: Ogerpon|34\/100 psn|[from] psn\n|-fieldend|move: Trick Room\n|upkeep\n|\n|t:|1700871058\n|switch|p2b: Flutter Mane|Flutter Mane|26\/100 psn\n|turn|15\n|inactive|Paraplegic has 240 seconds left.\n|\n|t:|1700871086\n|switch|p2a: Volcanion|Volcanion|100\/100\n|-status|p2a: Volcanion|psn\n|switch|p1a: Iron Moth|Iron Moth|38\/100\n|move|p1b: Diancie|Protect|p1b: Diancie\n|-singleturn|p1b: Diancie|Protect\n|move|p2b: Flutter Mane|Dazzling Gleam|p1a: Iron Moth|[spread] p1a\n|-activate|p1b: Diancie|move: Protect\n|-resisted|p1a: Iron Moth\n|-damage|p1a: Iron Moth|28\/100\n|\n|-damage|p2b: Flutter Mane|14\/100 psn|[from] psn\n|-damage|p2a: Volcanion|88\/100 psn|[from] psn\n|upkeep\n|turn|16\n|j| big pichu\n|inactive|frania has 30 seconds left.\n|\n|t:|1700871117\n|switch|p1b: Gholdengo|Gholdengo|32\/100\n|move|p1a: Iron Moth|Protect|p1a: Iron Moth\n|-singleturn|p1a: Iron Moth|Protect\n|move|p2b: Flutter Mane|Dazzling Gleam|p1a: Iron Moth|[spread] p1b\n|-activate|p1a: Iron Moth|move: Protect\n|-resisted|p1b: Gholdengo\n|-damage|p1b: Gholdengo|9\/100\n|move|p2a: Volcanion|Earth Power|p1a: Iron Moth\n|-activate|p1a: Iron Moth|move: Protect\n|\n|-damage|p2b: Flutter Mane|1\/100 psn|[from] psn\n|-damage|p2a: Volcanion|76\/100 psn|[from] psn\n|upkeep\n|turn|17\n|inactive|Paraplegic has 270 seconds left.\n|inactive|frania has 30 seconds left.\n|\n|t:|1700871144\n|move|p2b: Flutter Mane|Dazzling Gleam|p1b: Gholdengo|[spread] p1a,p1b\n|-resisted|p1a: Iron Moth\n|-resisted|p1b: Gholdengo\n|-damage|p1a: Iron Moth|17\/100\n|-damage|p1b: Gholdengo|0 fnt\n|faint|p1b: Gholdengo\n|move|p2a: Volcanion|Earth Power|p1a: Iron Moth\n|-supereffective|p1a: Iron Moth\n|-damage|p1a: Iron Moth|0 fnt\n|faint|p1a: Iron Moth\n|-end|p1a: Iron Moth|Quark Drive|[silent]\n|\n|-damage|p2b: Flutter Mane|0 fnt|[from] psn\n|faint|p2b: Flutter Mane\n|-end|p2b: Flutter Mane|Protosynthesis|[silent]\n|-damage|p2a: Volcanion|63\/100 psn|[from] psn\n|upkeep\n|\n|t:|1700871154\n|switch|p2b: Ogerpon|Ogerpon-Wellspring, F|34\/100 psn\n|switch|p1a: Kommo-o|Kommo-o, F|75\/100\n|switch|p1b: Flutter Mane|Flutter Mane|100\/100\n|turn|18\n|c|\u2606Paraplegic|gg\n|c|\u2606frania|gg\n|inactive|frania has 60 seconds left.\n|l| Jello1231\n|\n|t:|1700871173\n|move|p1b: Flutter Mane|Moonblast|p2b: Ogerpon\n|-damage|p2b: Ogerpon|0 fnt\n|faint|p2b: Ogerpon\n|move|p2a: Volcanion|Earth Power|p1a: Kommo-o\n|-damage|p1a: Kommo-o|53\/100\n|move|p1a: Kommo-o|Body Press|p2a: Volcanion\n|-damage|p2a: Volcanion|32\/100 psn\n|\n|-heal|p1a: Kommo-o|59\/100|[from] item: Leftovers\n|-damage|p2a: Volcanion|20\/100 psn|[from] psn\n|upkeep\n|turn|19\n|c|\u2606frania|test\n|\n|t:|1700871195\n|move|p1b: Flutter Mane|Moonblast|p2a: Volcanion\n|-resisted|p2a: Volcanion\n|-damage|p2a: Volcanion|0 fnt\n|faint|p2a: Volcanion\n|\n|win|frania\n|l|\u2606Paraplegic\n|l| NinjaSnapple\n|l| spurrific\n|l|+zoe\n|l|+ryo yamada2001\n|l|+daawesomedude1 (\n|l| TurtalKatThing\n|l| TestBots\n|j| click_hax_win\n|l| ratpacker\n|l|\u2606frania\n|l| a spiffy spaceman\n|l| R4ye\n","uploadtime":1700871200,"views":65,"p1id":"frania","p2id":"paraplegic","formatid":"gen9doublesou","rating":0,"private":0,"password":""}