{"id":"gen9doublesou-1980090334","p1":"Vedant0200","p2":"LeaderBelle","format":"[Gen 9] Doubles OU","log":"|j|\u2606Vedant0200\n|j|\u2606LeaderBelle\n|t:|1698756244\n|gametype|doubles\n|player|p1|Vedant0200|266|1068\n|player|p2|LeaderBelle|candice|1150\n|teamsize|p1|6\n|teamsize|p2|6\n|gen|9\n|tier|[Gen 9] Doubles OU\n|rated|\n|rule|Species Clause: Limit one of each Pok\u00e9mon\n|rule|OHKO Clause: OHKO moves are banned\n|rule|Evasion Moves Clause: Evasion moves are banned\n|rule|Gravity Sleep Clause: The combination of sleep-inducing moves with imperfect accuracy and Gravity or Gigantamax Orbeetle are banned\n|rule|Endless Battle Clause: Forcing endless battles is banned\n|rule|HP Percentage Mod: HP is shown in percentages\n|clearpoke\n|poke|p1|Hydreigon, F|\n|poke|p1|Indeedee, M|\n|poke|p1|Meowscarada, M|\n|poke|p1|Dragonite, M|\n|poke|p1|Amoonguss, F|\n|poke|p1|Landorus-Therian, M|\n|poke|p2|Ursaluna, M|\n|poke|p2|Clefairy, F|\n|poke|p2|Furret, F|\n|poke|p2|Tornadus, M|\n|poke|p2|Lurantis, F|\n|poke|p2|Chien-Pao|\n|teampreview\n|c|\u2606LeaderBelle|Glhf\n|c|\u2606Vedant0200|You too!\n|inactive|Battle timer is ON: inactive players will automatically lose when time's up. (requested by Vedant0200)\n|inactive|LeaderBelle has 120 seconds left.\n|c|\u2606Vedant0200|You active?\n|c|\u2606LeaderBelle|Yep, just thinking\n|c|\u2606Vedant0200|sure take your time\n|inactive|LeaderBelle has 90 seconds left.\n|\n|t:|1698756353\n|start\n|switch|p1a: Motor pump|Hydreigon, F|100\/100\n|switch|p1b: Amoonguss|Amoonguss, F|100\/100\n|switch|p2a: Booga|Ursaluna, M|100\/100\n|switch|p2b: Mr. Avatar|Tornadus, M|100\/100\n|turn|1\n|inactive|Vedant0200 has 120 seconds left.\n|inactive|LeaderBelle has 120 seconds left.\n|\n|t:|1698756392\n|move|p2b: Mr. Avatar|Taunt|p1b: Amoonguss\n|-start|p1b: Amoonguss|move: Taunt\n|move|p1a: Motor pump|Tailwind|p1a: Motor pump\n|-sidestart|p1: Vedant0200|move: Tailwind\n|move|p1b: Amoonguss|Energy Ball|p2a: Booga\n|-supereffective|p2a: Booga\n|-damage|p2a: Booga|43\/100\n|move|p2a: Booga|Trailblaze|p1a: Motor pump\n|-resisted|p1a: Motor pump\n|-damage|p1a: Motor pump|91\/100\n|-boost|p2a: Booga|spe|1\n|\n|-status|p2a: Booga|brn|[from] item: Flame Orb\n|upkeep\n|turn|2\n|inactive|Vedant0200 has 120 seconds left.\n|\n|t:|1698756424\n|move|p2b: Mr. Avatar|Tailwind|p2b: Mr. Avatar\n|-sidestart|p2: LeaderBelle|move: Tailwind\n|move|p2a: Booga|Facade|p1b: Amoonguss\n|-damage|p1b: Amoonguss|0 fnt\n|-damage|p2a: Booga|27\/100 brn|[from] item: Rocky Helmet|[of] p1b: Amoonguss\n|faint|p1b: Amoonguss\n|move|p1a: Motor pump|Draco Meteor|p2b: Mr. Avatar\n|-damage|p2b: Mr. Avatar|36\/100\n|-unboost|p1a: Motor pump|spa|2\n|\n|-damage|p2a: Booga|20\/100 brn|[from] brn\n|upkeep\n|\n|t:|1698756439\n|switch|p1b: Dragonite|Dragonite, M|100\/100\n|turn|3\n|inactive|Vedant0200 has 120 seconds left.\n|inactive|LeaderBelle has 120 seconds left.\n|\n|t:|1698756473\n|move|p1b: Dragonite|Extreme Speed|p2a: Booga\n|-damage|p2a: Booga|0 fnt\n|faint|p2a: Booga\n|move|p1a: Motor pump|Draco Meteor|p2b: Mr. Avatar\n|-damage|p2b: Mr. Avatar|7\/100\n|-unboost|p1a: Motor pump|spa|2\n|move|p2b: Mr. Avatar|U-turn|p1b: Dragonite\n|-resisted|p1b: Dragonite\n|-damage|p1b: Dragonite|96\/100\n|inactive|LeaderBelle has 120 seconds left.\n|\n|t:|1698756490\n|switch|p2b: Boots|Furret, F, shiny|100\/100|[from] U-turn\n|\n|upkeep\n|\n|t:|1698756494\n|switch|p2a: Treble|Clefairy, F|100\/100\n|turn|4\n|inactive|Vedant0200 has 120 seconds left.\n|\n|t:|1698756525\n|move|p1a: Motor pump|Protect|p1a: Motor pump\n|-singleturn|p1a: Motor pump|Protect\n|move|p2a: Treble|Follow Me|p2a: Treble\n|-singleturn|p2a: Treble|move: Follow Me\n|move|p2b: Boots|Tidy Up|p2b: Boots\n|-boost|p2b: Boots|atk|1\n|-boost|p2b: Boots|spe|1\n|move|p1b: Dragonite|Hurricane|p2a: Treble\n|-damage|p2a: Treble|63\/100\n|\n|-sideend|p1: Vedant0200|move: Tailwind\n|upkeep\n|turn|5\n|inactive|LeaderBelle has 120 seconds left.\n|\n|t:|1698756576\n|move|p2a: Treble|Follow Me|p2a: Treble\n|-singleturn|p2a: Treble|move: Follow Me\n|move|p2b: Boots|Tidy Up|p2b: Boots\n|-boost|p2b: Boots|atk|1\n|-boost|p2b: Boots|spe|1\n|move|p1a: Motor pump|Tailwind|p1a: Motor pump\n|-sidestart|p1: Vedant0200|move: Tailwind\n|move|p1b: Dragonite|Fire Punch|p2a: Treble\n|-damage|p2a: Treble|44\/100\n|-status|p2a: Treble|brn\n|\n|-damage|p2a: Treble|38\/100 brn|[from] brn\n|-sideend|p2: LeaderBelle|move: Tailwind\n|upkeep\n|turn|6\n|inactive|LeaderBelle has 120 seconds left.\n|\n|t:|1698756595\n|move|p2a: Treble|Follow Me|p2a: Treble\n|-singleturn|p2a: Treble|move: Follow Me\n|move|p1a: Motor pump|Draco Meteor|p2a: Treble\n|-immune|p2a: Treble\n|move|p2b: Boots|Tidy Up|p2b: Boots\n|-boost|p2b: Boots|atk|1\n|-boost|p2b: Boots|spe|1\n|move|p1b: Dragonite|Outrage|p2a: Treble\n|-immune|p2a: Treble\n|\n|-damage|p2a: Treble|32\/100 brn|[from] brn\n|upkeep\n|turn|7\n|inactive|LeaderBelle has 120 seconds left.\n|c|\u2606Vedant0200|-_\n|inactive|Vedant0200 has 120 seconds left.\n|\n|t:|1698756630\n|move|p1a: Motor pump|Protect|p1a: Motor pump\n|-singleturn|p1a: Motor pump|Protect\n|move|p2b: Boots|Last Resort|p1b: Dragonite\n|-damage|p1b: Dragonite|0 fnt\n|faint|p1b: Dragonite\n|move|p2a: Treble|Wish|p2a: Treble\n|\n|-damage|p2a: Treble|25\/100 brn|[from] brn\n|upkeep\n|inactive|Vedant0200 has 120 seconds left.\n|\n|t:|1698756646\n|switch|p1b: Landorus|Landorus-Therian, M|100\/100\n|-ability|p1b: Landorus|Intimidate|boost\n|-unboost|p2a: Treble|atk|1\n|-unboost|p2b: Boots|atk|1\n|turn|8\n|inactive|LeaderBelle has 120 seconds left.\n|inactive|Vedant0200 has 120 seconds left.\n|\n|t:|1698756665\n|move|p2a: Treble|Helping Hand|p2b: Boots\n|-singleturn|p2b: Boots|Helping Hand|[of] p2a: Treble\n|move|p2b: Boots|Last Resort|p1b: Landorus\n|-damage|p1b: Landorus|0 fnt\n|-damage|p2b: Boots|84\/100|[from] item: Rocky Helmet|[of] p1b: Landorus\n|faint|p1b: Landorus\n|move|p1a: Motor pump|Dark Pulse|p2a: Treble\n|-resisted|p2a: Treble\n|-damage|p2a: Treble|19\/100 brn\n|\n|-heal|p2a: Treble|69\/100 brn|[from] move: Wish|[wisher] Treble\n|-damage|p2a: Treble|63\/100 brn|[from] brn\n|-sideend|p1: Vedant0200|move: Tailwind\n|upkeep\n|inactive|Vedant0200 has 120 seconds left.\n|\n|t:|1698756679\n|switch|p1b: Meowscarada|Meowscarada, M, shiny|100\/100\n|turn|9\n|\n|t:|1698756693\n|move|p2a: Treble|Follow Me|p2a: Treble\n|-singleturn|p2a: Treble|move: Follow Me\n|move|p2b: Boots|Last Resort|p1b: Meowscarada\n|-damage|p1b: Meowscarada|0 fnt\n|faint|p1b: Meowscarada\n|move|p1a: Motor pump|Tailwind|p1a: Motor pump\n|-sidestart|p1: Vedant0200|move: Tailwind\n|\n|-damage|p2a: Treble|57\/100 brn|[from] brn\n|upkeep\n|\n|t:|1698756702\n|switch|p1b: Indeedee|Indeedee, M|100\/100\n|-fieldstart|move: Psychic Terrain|[from] ability: Psychic Surge|[of] p1b: Indeedee\n|-enditem|p1b: Indeedee|Psychic Seed\n|-boost|p1b: Indeedee|spd|1|[from] item: Psychic Seed\n|turn|10\n|\n|t:|1698756717\n|move|p2a: Treble|Follow Me|p2a: Treble\n|-singleturn|p2a: Treble|move: Follow Me\n|move|p2b: Boots|Last Resort|p1b: Indeedee\n|-damage|p1b: Indeedee|0 fnt\n|faint|p1b: Indeedee\n|move|p1a: Motor pump|Dark Pulse|p2a: Treble\n|-resisted|p2a: Treble\n|-damage|p2a: Treble|51\/100 brn\n|\n|-damage|p2a: Treble|45\/100 brn|[from] brn\n|upkeep\n|turn|11\n|-message|Vedant0200 forfeited.\n|\n|win|LeaderBelle\n|raw|Vedant0200's rating: 1068 &rarr; <strong>1052<\/strong><br \/>(-16 for losing)\n|raw|LeaderBelle's rating: 1150 &rarr; <strong>1169<\/strong><br \/>(+19 for winning)\n|l|\u2606Vedant0200\n|c|\u2606LeaderBelle|Gg\n","uploadtime":1698756732,"views":11,"p1id":"vedant0200","p2id":"leaderbelle","formatid":"gen9doublesou","rating":1052,"private":0,"password":""}