{"id":"gen9doublesou-1988357065","p1":"LunaryzedXD","p2":"T1024","format":"[Gen 9] Doubles OU","log":"|j|\u2606LunaryzedXD\n|j|\u2606T1024\n|t:|1699713375\n|gametype|doubles\n|player|p1|LunaryzedXD|cynthia-gen4|1277\n|player|p2|T1024|102|1174\n|teamsize|p1|6\n|teamsize|p2|6\n|gen|9\n|tier|[Gen 9] Doubles OU\n|rated|\n|rule|Species Clause: Limit one of each Pok\u00e9mon\n|rule|OHKO Clause: OHKO moves are banned\n|rule|Evasion Moves Clause: Evasion moves are banned\n|rule|Gravity Sleep Clause: The combination of sleep-inducing moves with imperfect accuracy and Gravity or Gigantamax Orbeetle are banned\n|rule|Endless Battle Clause: Forcing endless battles is banned\n|rule|HP Percentage Mod: HP is shown in percentages\n|clearpoke\n|poke|p1|Kommo-o, F|\n|poke|p1|Snorlax, M|\n|poke|p1|Sinistcha|\n|poke|p1|Landorus-Therian, M|\n|poke|p1|Iron Hands|\n|poke|p1|Clefairy, F|\n|poke|p2|Maushold|\n|poke|p2|Meowscarada, M|\n|poke|p2|Flutter Mane|\n|poke|p2|Ninetales, M|\n|poke|p2|Heatran, M|\n|poke|p2|Iron Hands|\n|teampreview\n|inactive|Battle timer is ON: inactive players will automatically lose when time's up. (requested by T1024)\n|\n|t:|1699713380\n|start\n|switch|p1a: Snorlax|Snorlax, M, shiny|100\/100\n|switch|p1b: Landorus|Landorus-Therian, M|100\/100\n|switch|p2a: Meowscarada|Meowscarada, M|100\/100\n|switch|p2b: Flutter Mane|Flutter Mane|100\/100\n|-ability|p1b: Landorus|Intimidate|boost\n|-unboost|p2a: Meowscarada|atk|1\n|-unboost|p2b: Flutter Mane|atk|1\n|turn|1\n|\n|t:|1699713406\n|move|p1b: Landorus|Rock Slide|p2a: Meowscarada|[spread] p2a,p2b\n|-damage|p2a: Meowscarada|66\/100\n|-damage|p2b: Flutter Mane|53\/100\n|move|p2b: Flutter Mane|Dazzling Gleam|p1a: Snorlax|[spread] p1a,p1b\n|-damage|p1a: Snorlax|70\/100\n|-damage|p1b: Landorus|39\/100\n|move|p2a: Meowscarada|Flower Trick|p1b: Landorus\n|-start|p2a: Meowscarada|typechange|Grass|[from] ability: Protean\n|-crit|p1b: Landorus\n|-damage|p1b: Landorus|0 fnt\n|faint|p1b: Landorus\n|move|p1a: Snorlax|High Horsepower|p2b: Flutter Mane\n|-damage|p2b: Flutter Mane|0 fnt\n|faint|p2b: Flutter Mane\n|-end|p2b: Flutter Mane|Protosynthesis|[silent]\n|\n|upkeep\n|\n|t:|1699713427\n|switch|p2b: Iron Hands|Iron Hands|100\/100\n|switch|p1b: Sinistcha|Sinistcha|100\/100\n|-heal|p1a: Snorlax|95\/100|[from] ability: Hospitality|[of] p1b: Sinistcha\n|-enditem|p2b: Iron Hands|Booster Energy\n|-activate|p2b: Iron Hands|ability: Quark Drive|[fromitem]\n|-start|p2b: Iron Hands|quarkdriveatk\n|turn|2\n|\n|t:|1699713443\n|move|p2a: Meowscarada|U-turn|p1b: Sinistcha\n|-damage|p1b: Sinistcha|89\/100\n|\n|t:|1699713447\n|switch|p2a: Ninetales|Ninetales, M|100\/100|[from] U-turn\n|-weather|SunnyDay|[from] ability: Drought|[of] p2a: Ninetales\n|move|p2b: Iron Hands|Drain Punch|p1a: Snorlax\n|-supereffective|p1a: Snorlax\n|-damage|p1a: Snorlax|18\/100\n|-enditem|p1a: Snorlax|Sitrus Berry|[eat]\n|-heal|p1a: Snorlax|43\/100|[from] item: Sitrus Berry\n|move|p1a: Snorlax|Belly Drum||[still]\n|-fail|p1a: Snorlax\n|move|p1b: Sinistcha|Trick Room|p1b: Sinistcha\n|-fieldstart|move: Trick Room|[of] p1b: Sinistcha\n|\n|-weather|SunnyDay|[upkeep]\n|upkeep\n|turn|3\n|\n|t:|1699713471\n|move|p2b: Iron Hands|Protect|p2b: Iron Hands\n|-singleturn|p2b: Iron Hands|Protect\n|move|p2a: Ninetales|Protect|p2a: Ninetales\n|-singleturn|p2a: Ninetales|Protect\n|move|p1a: Snorlax|High Horsepower|p2b: Iron Hands\n|-activate|p2b: Iron Hands|move: Protect\n|move|p1b: Sinistcha|Strength Sap|p2b: Iron Hands\n|-activate|p2b: Iron Hands|move: Protect\n|\n|-weather|SunnyDay|[upkeep]\n|upkeep\n|turn|4\n|\n|t:|1699713491\n|move|p1a: Snorlax|High Horsepower|p2b: Iron Hands\n|-supereffective|p2b: Iron Hands\n|-damage|p2b: Iron Hands|69\/100\n|move|p2b: Iron Hands|Drain Punch|p1a: Snorlax\n|-supereffective|p1a: Snorlax\n|-damage|p1a: Snorlax|0 fnt\n|-heal|p2b: Iron Hands|88\/100|[from] drain|[of] p1a: Snorlax\n|faint|p1a: Snorlax\n|move|p1b: Sinistcha|Strength Sap|p2b: Iron Hands\n|-unboost|p2b: Iron Hands|atk|1\n|-heal|p1b: Sinistcha|100\/100\n|move|p2a: Ninetales|Shadow Ball|p1b: Sinistcha\n|-supereffective|p1b: Sinistcha\n|-damage|p1b: Sinistcha|63\/100\n|-unboost|p1b: Sinistcha|spd|1\n|\n|-weather|SunnyDay|[upkeep]\n|upkeep\n|inactive|LunaryzedXD has 120 seconds left.\n|\n|t:|1699713512\n|switch|p1a: Iron Hands|Iron Hands|100\/100\n|turn|5\n|\n|t:|1699713532\n|move|p1a: Iron Hands|Fake Out|p2a: Ninetales\n|-damage|p2a: Ninetales|77\/100\n|move|p2b: Iron Hands|Ice Punch|p1a: Iron Hands\n|-damage|p1a: Iron Hands|86\/100\n|move|p1b: Sinistcha|Matcha Gotcha|p2a: Ninetales|[spread] p2a,p2b\n|-resisted|p2a: Ninetales\n|-damage|p2a: Ninetales|64\/100\n|-heal|p1b: Sinistcha|69\/100|[from] drain|[of] p2a: Ninetales\n|-damage|p2b: Iron Hands|68\/100\n|-heal|p1b: Sinistcha|84\/100|[from] drain|[of] p2b: Iron Hands\n|-status|p2b: Iron Hands|brn\n|cant|p2a: Ninetales|flinch\n|\n|-weather|SunnyDay|[upkeep]\n|-damage|p2b: Iron Hands|62\/100 brn|[from] brn\n|upkeep\n|turn|6\n|inactive|LunaryzedXD has 120 seconds left.\n|\n|t:|1699713572\n|move|p2b: Iron Hands|Protect|p2b: Iron Hands\n|-singleturn|p2b: Iron Hands|Protect\n|move|p1a: Iron Hands|Drain Punch|p2b: Iron Hands\n|-activate|p2b: Iron Hands|move: Protect\n|move|p1b: Sinistcha|Matcha Gotcha|p2b: Iron Hands|[spread] p2a\n|-activate|p2b: Iron Hands|move: Protect\n|-resisted|p2a: Ninetales\n|-damage|p2a: Ninetales|50\/100\n|-heal|p1b: Sinistcha|89\/100|[from] drain|[of] p2a: Ninetales\n|move|p2a: Ninetales|Flamethrower|p1b: Sinistcha\n|-supereffective|p1b: Sinistcha\n|-damage|p1b: Sinistcha|0 fnt\n|faint|p1b: Sinistcha\n|\n|-weather|none\n|-damage|p2b: Iron Hands|56\/100 brn|[from] brn\n|-fieldend|move: Trick Room\n|upkeep\n|\n|t:|1699713588\n|switch|p1b: Kommo-o|Kommo-o, F|100\/100\n|turn|7\n|inactive|LunaryzedXD has 120 seconds left.\n|\n|t:|1699713612\n|-terastallize|p1b: Kommo-o|Steel\n|move|p2a: Ninetales|Shadow Ball|p1b: Kommo-o\n|-immune|p1b: Kommo-o|[from] ability: Bulletproof\n|move|p1b: Kommo-o|Clangorous Soul|p1b: Kommo-o\n|-boost|p1b: Kommo-o|atk|1\n|-boost|p1b: Kommo-o|def|1\n|-boost|p1b: Kommo-o|spa|1\n|-boost|p1b: Kommo-o|spd|1\n|-boost|p1b: Kommo-o|spe|1\n|-damage|p1b: Kommo-o|68\/100\n|-enditem|p1b: Kommo-o|Throat Spray\n|-boost|p1b: Kommo-o|spa|1|[from] item: Throat Spray\n|move|p1a: Iron Hands|Drain Punch|p2a: Ninetales\n|-damage|p2a: Ninetales|0 fnt\n|-heal|p1a: Iron Hands|100\/100|[from] drain|[of] p2a: Ninetales\n|faint|p2a: Ninetales\n|move|p2b: Iron Hands|Ice Punch|p1b: Kommo-o\n|-resisted|p1b: Kommo-o\n|-damage|p1b: Kommo-o|65\/100\n|\n|-damage|p2b: Iron Hands|50\/100 brn|[from] brn\n|upkeep\n|inactive|T1024 has 120 seconds left.\n|\n|t:|1699713634\n|switch|p2a: Heatran|Heatran, M|100\/100\n|turn|8\n|\n|t:|1699713647\n|move|p1b: Kommo-o|Protect|p1b: Kommo-o\n|-singleturn|p1b: Kommo-o|Protect\n|move|p2a: Heatran|Lava Plume|p1a: Iron Hands|[spread] p2b,p1a\n|-activate|p1b: Kommo-o|move: Protect\n|-damage|p2b: Iron Hands|28\/100 brn\n|-damage|p1a: Iron Hands|88\/100\n|-status|p1a: Iron Hands|brn\n|move|p1a: Iron Hands|Drain Punch|p2a: Heatran\n|-supereffective|p2a: Heatran\n|-damage|p2a: Heatran|61\/100\n|-heal|p1a: Iron Hands|100\/100 brn|[from] drain|[of] p2a: Heatran\n|-damage|p1a: Iron Hands|84\/100 brn|[from] item: Rocky Helmet|[of] p2a: Heatran\n|move|p2b: Iron Hands|Drain Punch|p1a: Iron Hands\n|-damage|p1a: Iron Hands|72\/100 brn\n|-heal|p2b: Iron Hands|33\/100 brn|[from] drain|[of] p1a: Iron Hands\n|\n|-damage|p1a: Iron Hands|66\/100 brn|[from] brn\n|-damage|p2b: Iron Hands|27\/100 brn|[from] brn\n|upkeep\n|turn|9\n|\n|t:|1699713672\n|move|p2b: Iron Hands|Protect|p2b: Iron Hands\n|-singleturn|p2b: Iron Hands|Protect\n|move|p1b: Kommo-o|Clanging Scales|p2b: Iron Hands|[spread] p2a\n|-activate|p2b: Iron Hands|move: Protect\n|-resisted|p2a: Heatran\n|-damage|p2a: Heatran|39\/100\n|-unboost|p1b: Kommo-o|def|1\n|move|p2a: Heatran|Lava Plume|p1b: Kommo-o|[spread] p1a,p1b\n|-activate|p2b: Iron Hands|move: Protect\n|-supereffective|p1b: Kommo-o\n|-damage|p1a: Iron Hands|54\/100 brn\n|-damage|p1b: Kommo-o|27\/100\n|move|p1a: Iron Hands|Drain Punch|p2a: Heatran\n|-supereffective|p2a: Heatran\n|-crit|p2a: Heatran\n|-damage|p2a: Heatran|0 fnt\n|-heal|p1a: Iron Hands|70\/100 brn|[from] drain|[of] p2a: Heatran\n|-damage|p1a: Iron Hands|53\/100 brn|[from] item: Rocky Helmet|[of] p2a: Heatran\n|faint|p2a: Heatran\n|\n|-damage|p1a: Iron Hands|47\/100 brn|[from] brn\n|-damage|p2b: Iron Hands|21\/100 brn|[from] brn\n|upkeep\n|inactive|T1024 has 120 seconds left.\n|\n|t:|1699713695\n|switch|p2a: Meowscarada|Meowscarada, M|66\/100\n|turn|10\n|\n|t:|1699713702\n|move|p2a: Meowscarada|Protect|p2a: Meowscarada\n|-start|p2a: Meowscarada|typechange|Normal|[from] ability: Protean\n|-singleturn|p2a: Meowscarada|Protect\n|move|p1b: Kommo-o|Clanging Scales|p2a: Meowscarada|[spread] p2b\n|-activate|p2a: Meowscarada|move: Protect\n|-damage|p2b: Iron Hands|0 fnt\n|faint|p2b: Iron Hands\n|-end|p2b: Iron Hands|Quark Drive|[silent]\n|-unboost|p1b: Kommo-o|def|1\n|move|p1a: Iron Hands|Drain Punch|p2a: Meowscarada\n|-activate|p2a: Meowscarada|move: Protect\n|\n|-damage|p1a: Iron Hands|41\/100 brn|[from] brn\n|upkeep\n|\n|t:|1699713719\n|switch|p2b: Maushold|Maushold|100\/100\n|turn|11\n|\n|t:|1699713728\n|move|p2a: Meowscarada|Flower Trick|p1a: Iron Hands\n|-crit|p1a: Iron Hands\n|-damage|p1a: Iron Hands|18\/100 brn\n|move|p1b: Kommo-o|Clanging Scales|p2a: Meowscarada|[spread] p2a,p2b\n|-damage|p2a: Meowscarada|0 fnt\n|-damage|p2b: Maushold|4\/100\n|faint|p2a: Meowscarada\n|-unboost|p1b: Kommo-o|def|1\n|move|p2b: Maushold|Aerial Ace|p1a: Iron Hands\n|-damage|p1a: Iron Hands|8\/100 brn\n|move|p1a: Iron Hands|Drain Punch|p2b: Maushold\n|-supereffective|p2b: Maushold\n|-damage|p2b: Maushold|0 fnt\n|-heal|p1a: Iron Hands|9\/100 brn|[from] drain|[of] p2b: Maushold\n|faint|p2b: Maushold\n|\n|win|LunaryzedXD\n|raw|LunaryzedXD's rating: 1277 &rarr; <strong>1295<\/strong><br \/>(+18 for winning)\n|raw|T1024's rating: 1174 &rarr; <strong>1156<\/strong><br \/>(-18 for losing)\n|l|\u2606T1024\n","uploadtime":1699713749,"views":28,"p1id":"lunaryzedxd","p2id":"t1024","formatid":"gen9doublesou","rating":1156,"private":0,"password":""}