{"id":"gen9doublesou-1997219431","p1":"AerBlaziken","p2":"GammaZYT","format":"[Gen 9] Doubles OU","log":"|j|\u2606AerBlaziken\n|j|\u2606GammaZYT\n|t:|1700776920\n|gametype|doubles\n|player|p1|AerBlaziken|hexmaniac-gen6|1267\n|player|p2|GammaZYT|2|1191\n|teamsize|p1|6\n|teamsize|p2|6\n|gen|9\n|tier|[Gen 9] Doubles OU\n|rated|\n|rule|Species Clause: Limit one of each Pok\u00e9mon\n|rule|OHKO Clause: OHKO moves are banned\n|rule|Evasion Moves Clause: Evasion moves are banned\n|rule|Gravity Sleep Clause: The combination of sleep-inducing moves with imperfect accuracy and Gravity or Gigantamax Orbeetle are banned\n|rule|Endless Battle Clause: Forcing endless battles is banned\n|rule|HP Percentage Mod: HP is shown in percentages\n|clearpoke\n|poke|p1|Milotic, F|\n|poke|p1|Gastrodon-East, M|\n|poke|p1|Grimmsnarl, M|\n|poke|p1|Amoonguss, F|\n|poke|p1|Volcanion|\n|poke|p1|Iron Hands|\n|poke|p2|Iron Hands|\n|poke|p2|Amoonguss, M|\n|poke|p2|Chi-Yu|\n|poke|p2|Farigiraf, F|\n|poke|p2|Torkoal, M|\n|poke|p2|Flutter Mane|\n|teampreview\n|\n|t:|1700776933\n|start\n|switch|p1a: Mizu|Milotic, F, shiny|100\/100\n|switch|p1b: Venom (2018)|Grimmsnarl, M|100\/100\n|switch|p2a: Flutter Mane|Flutter Mane|100\/100\n|switch|p2b: Torkoal|Torkoal, M|100\/100\n|-weather|SunnyDay|[from] ability: Drought|[of] p2b: Torkoal\n|-activate|p2a: Flutter Mane|ability: Protosynthesis\n|-start|p2a: Flutter Mane|protosynthesisspa\n|turn|1\n|\n|t:|1700776953\n|move|p2b: Torkoal|Protect|p2b: Torkoal\n|-singleturn|p2b: Torkoal|Protect\n|move|p1b: Venom (2018)|Parting Shot|p2a: Flutter Mane\n|-unboost|p2a: Flutter Mane|atk|1\n|-unboost|p2a: Flutter Mane|spa|1\n|\n|t:|1700776963\n|switch|p1b: Car Wash|Volcanion|100\/100|[from] Parting Shot\n|move|p2a: Flutter Mane|Moonblast|p1a: Mizu\n|-damage|p1a: Mizu|65\/100\n|move|p1a: Mizu|Coil|p1a: Mizu\n|-boost|p1a: Mizu|atk|1\n|-boost|p1a: Mizu|def|1\n|-boost|p1a: Mizu|accuracy|1\n|\n|-weather|SunnyDay|[upkeep]\n|-heal|p1a: Mizu|72\/100|[from] item: Leftovers\n|upkeep\n|turn|2\n|inactive|Battle timer is ON: inactive players will automatically lose when time's up. (requested by AerBlaziken)\n|\n|t:|1700777023\n|switch|p2b: Iron Hands|Iron Hands|100\/100\n|move|p2a: Flutter Mane|Dazzling Gleam|p1a: Mizu|[spread] p1a,p1b\n|-resisted|p1b: Car Wash\n|-damage|p1a: Mizu|52\/100\n|-damage|p1b: Car Wash|86\/100\n|move|p1a: Mizu|Hypnosis|p2a: Flutter Mane\n|-status|p2a: Flutter Mane|slp|[from] move: Hypnosis\n|move|p1b: Car Wash|Steam Eruption|p2b: Iron Hands\n|-damage|p2b: Iron Hands|76\/100\n|\n|-weather|SunnyDay|[upkeep]\n|-heal|p1a: Mizu|58\/100|[from] item: Leftovers\n|-heal|p2b: Iron Hands|82\/100|[from] item: Leftovers\n|upkeep\n|turn|3\n|\n|t:|1700777049\n|-end|p2a: Flutter Mane|Protosynthesis|[silent]\n|switch|p2a: Amoonguss|Amoonguss, M|100\/100\n|move|p2b: Iron Hands|Fake Out|p1b: Car Wash\n|-damage|p1b: Car Wash|73\/100\n|move|p1a: Mizu|Surf|p2b: Iron Hands|[spread] p2a,p2b\n|-heal|p1b: Car Wash|98\/100|[from] ability: Water Absorb|[of] p1a: Mizu\n|-resisted|p2a: Amoonguss\n|-damage|p2a: Amoonguss|94\/100\n|-damage|p2b: Iron Hands|70\/100\n|cant|p1b: Car Wash|flinch\n|\n|-weather|SunnyDay|[upkeep]\n|-heal|p1a: Mizu|64\/100|[from] item: Leftovers\n|-heal|p2b: Iron Hands|76\/100|[from] item: Leftovers\n|upkeep\n|turn|4\n|\n|t:|1700777077\n|move|p1a: Mizu|Hypnosis|p2a: Amoonguss\n|-status|p2a: Amoonguss|slp|[from] move: Hypnosis\n|move|p1b: Car Wash|Heat Wave|p2b: Iron Hands|[spread] p2b\n|-miss|p1b: Car Wash|p2a: Amoonguss\n|-damage|p2b: Iron Hands|34\/100\n|move|p2b: Iron Hands|Belly Drum||[still]\n|-fail|p2b: Iron Hands\n|cant|p2a: Amoonguss|slp\n|\n|-weather|SunnyDay|[upkeep]\n|-heal|p1a: Mizu|71\/100|[from] item: Leftovers\n|-heal|p2b: Iron Hands|40\/100|[from] item: Leftovers\n|upkeep\n|turn|5\n|\n|t:|1700777102\n|move|p1a: Mizu|Coil|p1a: Mizu\n|-boost|p1a: Mizu|atk|1\n|-boost|p1a: Mizu|def|1\n|-boost|p1a: Mizu|accuracy|1\n|move|p1b: Car Wash|Heat Wave|p2a: Amoonguss|[spread] p2a,p2b\n|-supereffective|p2a: Amoonguss\n|-damage|p2a: Amoonguss|13\/100 slp\n|-damage|p2b: Iron Hands|0 fnt\n|faint|p2b: Iron Hands\n|-end|p2b: Iron Hands|Quark Drive|[silent]\n|cant|p2a: Amoonguss|slp\n|\n|-weather|none\n|-heal|p1a: Mizu|77\/100|[from] item: Leftovers\n|upkeep\n|\n|t:|1700777116\n|switch|p2b: Farigiraf|Farigiraf, F|100\/100\n|turn|6\n|\n|t:|1700777126\n|move|p1a: Mizu|Surf|p2a: Amoonguss|[spread] p2a,p2b\n|-heal|p1b: Car Wash|100\/100|[from] ability: Water Absorb|[of] p1a: Mizu\n|-resisted|p2a: Amoonguss\n|-crit|p2a: Amoonguss\n|-damage|p2a: Amoonguss|0 fnt\n|-damage|p2b: Farigiraf|70\/100\n|faint|p2a: Amoonguss\n|move|p1b: Car Wash|Heat Wave|p2b: Farigiraf\n|-damage|p2b: Farigiraf|18\/100\n|-enditem|p2b: Farigiraf|Sitrus Berry|[eat]\n|-heal|p2b: Farigiraf|43\/100|[from] item: Sitrus Berry\n|move|p2b: Farigiraf|Trick Room|p2b: Farigiraf\n|-fieldstart|move: Trick Room|[of] p2b: Farigiraf\n|\n|-heal|p1a: Mizu|83\/100|[from] item: Leftovers\n|upkeep\n|\n|t:|1700777141\n|switch|p2a: Torkoal|Torkoal, M|100\/100\n|-weather|SunnyDay|[from] ability: Drought|[of] p2a: Torkoal\n|turn|7\n|\n|t:|1700777155\n|move|p2a: Torkoal|Eruption|p1b: Car Wash|[spread] p1a,p1b\n|-resisted|p1a: Mizu\n|-resisted|p1b: Car Wash\n|-damage|p1a: Mizu|57\/100\n|-damage|p1b: Car Wash|84\/100\n|move|p2b: Farigiraf|Calm Mind|p2b: Farigiraf\n|-boost|p2b: Farigiraf|spa|1\n|-boost|p2b: Farigiraf|spd|1\n|move|p1b: Car Wash|Earth Power|p2a: Torkoal\n|-supereffective|p2a: Torkoal\n|-damage|p2a: Torkoal|24\/100\n|-enditem|p2a: Torkoal|Sitrus Berry|[eat]\n|-heal|p2a: Torkoal|49\/100|[from] item: Sitrus Berry\n|move|p1a: Mizu|Hypnosis|p2a: Torkoal\n|-status|p2a: Torkoal|slp|[from] move: Hypnosis\n|\n|-weather|SunnyDay|[upkeep]\n|-heal|p1a: Mizu|63\/100|[from] item: Leftovers\n|upkeep\n|turn|8\n|\n|t:|1700777181\n|cant|p2a: Torkoal|slp\n|move|p2b: Farigiraf|Baton Pass|p2b: Farigiraf\n|\n|t:|1700777189\n|switch|p2b: Chi-Yu|Chi-Yu|100\/100|[from] Baton Pass\n|-ability|p2b: Chi-Yu|Beads of Ruin\n|move|p1b: Car Wash|Heat Wave|p2b: Chi-Yu|[spread] p2a,p2b\n|-resisted|p2a: Torkoal\n|-resisted|p2b: Chi-Yu\n|-damage|p2a: Torkoal|0 fnt\n|-damage|p2b: Chi-Yu|81\/100\n|faint|p2a: Torkoal\n|move|p1a: Mizu|Surf|p2b: Chi-Yu|[spread] p2b\n|-heal|p1b: Car Wash|100\/100|[from] ability: Water Absorb|[of] p1a: Mizu\n|-supereffective|p2b: Chi-Yu\n|-damage|p2b: Chi-Yu|57\/100\n|\n|-weather|SunnyDay|[upkeep]\n|-heal|p1a: Mizu|69\/100|[from] item: Leftovers\n|upkeep\n|inactive|GammaZYT has 120 seconds left.\n|\n|t:|1700777209\n|switch|p2a: Flutter Mane|Flutter Mane|100\/100 slp\n|-activate|p2a: Flutter Mane|ability: Protosynthesis\n|-start|p2a: Flutter Mane|protosynthesisspa\n|turn|9\n|\n|t:|1700777224\n|move|p1b: Car Wash|Heat Wave|p2b: Chi-Yu|[spread] p2b\n|-miss|p1b: Car Wash|p2a: Flutter Mane\n|-resisted|p2b: Chi-Yu\n|-damage|p2b: Chi-Yu|36\/100\n|move|p1a: Mizu|Hypnosis|p2b: Chi-Yu\n|-status|p2b: Chi-Yu|slp|[from] move: Hypnosis\n|cant|p2b: Chi-Yu|slp\n|cant|p2a: Flutter Mane|slp\n|\n|-weather|SunnyDay|[upkeep]\n|-heal|p1a: Mizu|75\/100|[from] item: Leftovers\n|upkeep\n|turn|10\n|-message|GammaZYT forfeited.\n|\n|win|AerBlaziken\n|raw|AerBlaziken's rating: 1267 &rarr; <strong>1287<\/strong><br \/>(+20 for winning)\n|raw|GammaZYT's rating: 1191 &rarr; <strong>1171<\/strong><br \/>(-20 for losing)\n|l|\u2606GammaZYT\n","uploadtime":1700777238,"views":11,"p1id":"aerblaziken","p2id":"gammazyt","formatid":"gen9doublesou","rating":1171,"private":0,"password":""}