{"id":"gen9doublesou-1991304596","p1":"matchacastella","p2":"WaTa69","format":"[Gen 9] Doubles OU","log":"|j|\u2606matchacastella\n|j|\u2606WaTa69\n|t:|1700065942\n|gametype|doubles\n|player|p1|matchacastella|265|1309\n|player|p2|WaTa69|veteran|1397\n|teamsize|p1|6\n|teamsize|p2|6\n|gen|9\n|tier|[Gen 9] Doubles OU\n|rated|\n|rule|Species Clause: Limit one of each Pok\u00e9mon\n|rule|OHKO Clause: OHKO moves are banned\n|rule|Evasion Moves Clause: Evasion moves are banned\n|rule|Gravity Sleep Clause: The combination of sleep-inducing moves with imperfect accuracy and Gravity or Gigantamax Orbeetle are banned\n|rule|Endless Battle Clause: Forcing endless battles is banned\n|rule|HP Percentage Mod: HP is shown in percentages\n|clearpoke\n|poke|p1|Pelipper, M|\n|poke|p1|Drednaw, M|\n|poke|p1|Manaphy|\n|poke|p1|Volcanion|\n|poke|p1|Sinistcha|\n|poke|p1|Landorus, M|\n|poke|p2|Amoonguss, M|\n|poke|p2|Great Tusk|\n|poke|p2|Skeledirge, M|\n|poke|p2|Baxcalibur, M|\n|poke|p2|Zapdos|\n|poke|p2|Empoleon, M|\n|teampreview\n|\n|t:|1700065954\n|start\n|switch|p1a: Pelipper|Pelipper, M|100\/100\n|switch|p1b: Drednaw|Drednaw, M|100\/100\n|switch|p2a: General Tablos|Baxcalibur, M|100\/100\n|switch|p2b: AsusordenesGTablos|Amoonguss, M, shiny|100\/100\n|-weather|RainDance|[from] ability: Drizzle|[of] p1a: Pelipper\n|turn|1\n|\n|t:|1700065991\n|move|p1b: Drednaw|Liquidation|p2a: General Tablos\n|-resisted|p2a: General Tablos\n|-damage|p2a: General Tablos|53\/100\n|-unboost|p2a: General Tablos|def|1\n|move|p2a: General Tablos|Dragon Dance|p2a: General Tablos\n|-boost|p2a: General Tablos|atk|1\n|-boost|p2a: General Tablos|spe|1\n|move|p1a: Pelipper|Tailwind|p1a: Pelipper\n|-sidestart|p1: matchacastella|move: Tailwind\n|move|p2b: AsusordenesGTablos|Spore|p1a: Pelipper\n|-status|p1a: Pelipper|slp|[from] move: Spore\n|\n|-weather|RainDance|[upkeep]\n|upkeep\n|turn|2\n|\n|t:|1700066017\n|switch|p1a: Volcanion|Volcanion|100\/100\n|move|p1b: Drednaw|Liquidation|p2a: General Tablos\n|-resisted|p2a: General Tablos\n|-damage|p2a: General Tablos|0 fnt\n|faint|p2a: General Tablos\n|move|p2b: AsusordenesGTablos|Pollen Puff|p2: General Tablos|[notarget]\n|-fail|p2b: AsusordenesGTablos\n|\n|-weather|RainDance|[upkeep]\n|upkeep\n|\n|t:|1700066028\n|switch|p2a: hidrogen bomb|Empoleon, M, shiny|100\/100\n|turn|3\n|inactive|Battle timer is ON: inactive players will automatically lose when time's up. (requested by WaTa69)\n|\n|t:|1700066073\n|switch|p1b: Sinistcha|Sinistcha|100\/100\n|move|p1a: Volcanion|Earth Power|p2a: hidrogen bomb\n|-supereffective|p2a: hidrogen bomb\n|-damage|p2a: hidrogen bomb|40\/100\n|move|p2a: hidrogen bomb|Stealth Rock|p1b: Sinistcha\n|-sidestart|p1: matchacastella|move: Stealth Rock\n|move|p2b: AsusordenesGTablos|Spore|p1a: Volcanion\n|-status|p1a: Volcanion|slp|[from] move: Spore\n|\n|-weather|RainDance|[upkeep]\n|-heal|p2a: hidrogen bomb|46\/100|[from] item: Leftovers\n|upkeep\n|turn|4\n|inactive|matchacastella has 120 seconds left.\n|\n|t:|1700066104\n|move|p2b: AsusordenesGTablos|Rage Powder|p2b: AsusordenesGTablos\n|-singleturn|p2b: AsusordenesGTablos|move: Rage Powder\n|cant|p1a: Volcanion|slp\n|move|p1b: Sinistcha|Matcha Gotcha|p2b: AsusordenesGTablos|[spread] p2a,p2b\n|-resisted|p2b: AsusordenesGTablos\n|-damage|p2a: hidrogen bomb|24\/100\n|-damage|p2b: AsusordenesGTablos|96\/100\n|move|p2a: hidrogen bomb|Ice Beam|p1b: Sinistcha\n|-supereffective|p1b: Sinistcha\n|-damage|p1b: Sinistcha|35\/100\n|\n|-weather|RainDance|[upkeep]\n|-heal|p1b: Sinistcha|41\/100|[from] item: Leftovers\n|-heal|p2a: hidrogen bomb|30\/100|[from] item: Leftovers\n|-heal|p2b: AsusordenesGTablos|100\/100|[from] item: Black Sludge\n|-sideend|p1: matchacastella|move: Tailwind\n|upkeep\n|turn|5\n|\n|t:|1700066125\n|switch|p1b: Manaphy|Manaphy|100\/100\n|-damage|p1b: Manaphy|88\/100|[from] Stealth Rock\n|cant|p1a: Volcanion|slp\n|move|p2a: hidrogen bomb|Ice Beam|p1b: Manaphy\n|-resisted|p1b: Manaphy\n|-damage|p1b: Manaphy|75\/100\n|move|p2b: AsusordenesGTablos|Pollen Puff|p2a: hidrogen bomb\n|-heal|p2a: hidrogen bomb|80\/100\n|\n|-weather|RainDance|[upkeep]\n|-heal|p1b: Manaphy|81\/100|[from] item: Leftovers\n|-heal|p2a: hidrogen bomb|87\/100|[from] item: Leftovers\n|upkeep\n|turn|6\n|\n|t:|1700066148\n|move|p1b: Manaphy|Tail Glow|p1b: Manaphy\n|-boost|p1b: Manaphy|spa|3\n|cant|p1a: Volcanion|slp\n|move|p2a: hidrogen bomb|Flash Cannon|p1b: Manaphy\n|-resisted|p1b: Manaphy\n|-damage|p1b: Manaphy|63\/100\n|move|p2b: AsusordenesGTablos|Spore|p1b: Manaphy\n|-status|p1b: Manaphy|slp|[from] move: Spore\n|\n|-weather|RainDance|[upkeep]\n|-activate|p1b: Manaphy|ability: Hydration\n|-curestatus|p1b: Manaphy|slp|[msg]\n|-heal|p1b: Manaphy|70\/100|[from] item: Leftovers\n|-heal|p2a: hidrogen bomb|93\/100|[from] item: Leftovers\n|upkeep\n|turn|7\n|\n|t:|1700066169\n|move|p1b: Manaphy|Surf|p2a: hidrogen bomb|[spread] p2a,p2b\n|-immune|p1a: Volcanion|[from] ability: Water Absorb\n|-resisted|p2a: hidrogen bomb\n|-resisted|p2b: AsusordenesGTablos\n|-damage|p2a: hidrogen bomb|35\/100\n|-damage|p2b: AsusordenesGTablos|58\/100\n|-curestatus|p1a: Volcanion|slp|[msg]\n|move|p1a: Volcanion|Earth Power|p2a: hidrogen bomb\n|-supereffective|p2a: hidrogen bomb\n|-damage|p2a: hidrogen bomb|0 fnt\n|faint|p2a: hidrogen bomb\n|move|p2b: AsusordenesGTablos|Spore|p1a: Volcanion\n|-status|p1a: Volcanion|slp|[from] move: Spore\n|\n|-weather|RainDance|[upkeep]\n|-heal|p1b: Manaphy|76\/100|[from] item: Leftovers\n|-heal|p2b: AsusordenesGTablos|64\/100|[from] item: Black Sludge\n|upkeep\n|\n|t:|1700066183\n|switch|p2a: Pajaro amarillo|Zapdos, shiny|100\/100\n|-ability|p2a: Pajaro amarillo|Pressure\n|turn|8\n|\n|t:|1700066193\n|switch|p1a: Landorus|Landorus, M|100\/100\n|-damage|p1a: Landorus|88\/100|[from] Stealth Rock\n|switch|p2b: Elefante|Great Tusk|100\/100\n|move|p1b: Manaphy|Stored Power|p2b: Elefante\n|-supereffective|p2b: Elefante\n|-damage|p2b: Elefante|0 fnt\n|faint|p2b: Elefante\n|-end|p2b: Elefante|Protosynthesis|[silent]\n|move|p2a: Pajaro amarillo|Discharge|p1a: Landorus|[spread] p1b\n|-immune|p1a: Landorus\n|-supereffective|p1b: Manaphy\n|-damage|p1b: Manaphy|18\/100\n|-status|p1b: Manaphy|par\n|\n|-weather|none\n|-heal|p1b: Manaphy|24\/100 par|[from] item: Leftovers\n|upkeep\n|\n|t:|1700066216\n|switch|p2b: AsusordenesGTablos|Amoonguss, M, shiny|97\/100\n|turn|9\n|\n|t:|1700066224\n|move|p2b: AsusordenesGTablos|Rage Powder|p2b: AsusordenesGTablos\n|-singleturn|p2b: AsusordenesGTablos|move: Rage Powder\n|move|p1a: Landorus|Nasty Plot|p1a: Landorus\n|-boost|p1a: Landorus|spa|2\n|move|p2a: Pajaro amarillo|Discharge|p1a: Landorus|[spread] p2b,p1b\n|-immune|p1a: Landorus\n|-resisted|p2b: AsusordenesGTablos\n|-supereffective|p1b: Manaphy\n|-damage|p2b: AsusordenesGTablos|86\/100\n|-damage|p1b: Manaphy|0 fnt\n|faint|p1b: Manaphy\n|\n|-heal|p2b: AsusordenesGTablos|93\/100|[from] item: Black Sludge\n|upkeep\n|\n|t:|1700066249\n|switch|p1b: Sinistcha|Sinistcha|41\/100\n|-damage|p1b: Sinistcha|29\/100|[from] Stealth Rock\n|-heal|p1a: Landorus|100\/100|[from] ability: Hospitality|[of] p1b: Sinistcha\n|turn|10\n|\n|t:|1700066272\n|move|p1a: Landorus|Sandsear Storm|p2a: Pajaro amarillo|[spread] \n|-immune|p2a: Pajaro amarillo\n|-miss|p1a: Landorus|p2b: AsusordenesGTablos\n|move|p2a: Pajaro amarillo|Air Cutter|p1a: Landorus|[spread] p1a,p1b\n|-supereffective|p1b: Sinistcha\n|-crit|p1b: Sinistcha\n|-damage|p1a: Landorus|69\/100\n|-damage|p1b: Sinistcha|0 fnt\n|faint|p1b: Sinistcha\n|move|p2b: AsusordenesGTablos|Spore|p1a: Landorus\n|-status|p1a: Landorus|slp|[from] move: Spore\n|\n|-heal|p2b: AsusordenesGTablos|99\/100|[from] item: Black Sludge\n|upkeep\n|inactive|matchacastella has 120 seconds left.\n|\n|t:|1700066289\n|switch|p1b: Pelipper|Pelipper, M|100\/100 slp\n|-damage|p1b: Pelipper|76\/100 slp|[from] Stealth Rock\n|-weather|RainDance|[from] ability: Drizzle|[of] p1b: Pelipper\n|turn|11\n|\n|t:|1700066313\n|switch|p2a: cocacola knight|Skeledirge, M|100\/100\n|-terastallize|p1b: Pelipper|Ground\n|cant|p1a: Landorus|slp\n|cant|p1b: Pelipper|slp\n|move|p2b: AsusordenesGTablos|Substitute|p2b: AsusordenesGTablos\n|-start|p2b: AsusordenesGTablos|Substitute\n|-damage|p2b: AsusordenesGTablos|74\/100\n|\n|-weather|RainDance|[upkeep]\n|-heal|p2b: AsusordenesGTablos|80\/100|[from] item: Black Sludge\n|upkeep\n|turn|12\n|\n|t:|1700066338\n|cant|p1a: Landorus|slp\n|move|p2a: cocacola knight|Hyper Voice|p1b: Pelipper|[spread] p1a,p1b\n|-damage|p1a: Landorus|49\/100 slp\n|-damage|p1b: Pelipper|51\/100 slp\n|cant|p1b: Pelipper|slp\n|move|p2b: AsusordenesGTablos|Spore|p1a: Landorus\n|-fail|p1a: Landorus|slp\n|\n|-weather|RainDance|[upkeep]\n|-heal|p2b: AsusordenesGTablos|86\/100|[from] item: Black Sludge\n|upkeep\n|turn|13\n|inactive|matchacastella has 120 seconds left.\n|\n|t:|1700066379\n|cant|p1a: Landorus|slp\n|move|p2a: cocacola knight|Hyper Voice|p1b: Pelipper|[spread] p1a,p1b\n|-damage|p1a: Landorus|28\/100 slp\n|-damage|p1b: Pelipper|27\/100 slp\n|cant|p1b: Pelipper|slp\n|move|p2b: AsusordenesGTablos|Spore|p1a: Landorus\n|-fail|p1a: Landorus|slp\n|\n|-weather|RainDance|[upkeep]\n|-heal|p2b: AsusordenesGTablos|93\/100|[from] item: Black Sludge\n|upkeep\n|turn|14\n|\n|t:|1700066398\n|-curestatus|p1a: Landorus|slp|[msg]\n|move|p1a: Landorus|Sandsear Storm|p2a: cocacola knight|[spread] p2a,p2b\n|-end|p2b: AsusordenesGTablos|Substitute\n|-supereffective|p2a: cocacola knight\n|-damage|p2a: cocacola knight|17\/100\n|move|p2a: cocacola knight|Hyper Voice|p1a: Landorus|[spread] p1a,p1b\n|-damage|p1a: Landorus|6\/100\n|-damage|p1b: Pelipper|4\/100 slp\n|-curestatus|p1b: Pelipper|slp|[msg]\n|move|p1b: Pelipper|Tailwind|p1b: Pelipper\n|-sidestart|p1: matchacastella|move: Tailwind\n|move|p2b: AsusordenesGTablos|Spore|p1a: Landorus\n|-status|p1a: Landorus|slp|[from] move: Spore\n|\n|-weather|RainDance|[upkeep]\n|-heal|p2a: cocacola knight|23\/100|[from] item: Leftovers\n|-heal|p2b: AsusordenesGTablos|99\/100|[from] item: Black Sludge\n|upkeep\n|turn|15\n|\n|t:|1700066427\n|switch|p1a: Drednaw|Drednaw, M|100\/100\n|-damage|p1a: Drednaw|88\/100|[from] Stealth Rock\n|switch|p2a: Pajaro amarillo|Zapdos, shiny|100\/100\n|-ability|p2a: Pajaro amarillo|Pressure\n|move|p1b: Pelipper|Hurricane|p2b: AsusordenesGTablos\n|-supereffective|p2b: AsusordenesGTablos\n|-damage|p2b: AsusordenesGTablos|50\/100\n|move|p2b: AsusordenesGTablos|Pollen Puff|p1b: Pelipper\n|-damage|p1b: Pelipper|0 fnt\n|faint|p1b: Pelipper\n|\n|-weather|RainDance|[upkeep]\n|-heal|p2b: AsusordenesGTablos|57\/100|[from] item: Black Sludge\n|upkeep\n|inactive|matchacastella has 120 seconds left.\n|\n|t:|1700066445\n|switch|p1b: Volcanion|Volcanion|100\/100 slp\n|-damage|p1b: Volcanion|75\/100 slp|[from] Stealth Rock\n|turn|16\n|\n|t:|1700066462\n|move|p1a: Drednaw|Ice Spinner|p2b: AsusordenesGTablos\n|-supereffective|p2b: AsusordenesGTablos\n|-damage|p2b: AsusordenesGTablos|0 fnt\n|faint|p2b: AsusordenesGTablos\n|cant|p1b: Volcanion|slp\n|move|p2a: Pajaro amarillo|Discharge|p1b: Volcanion|[spread] p1a,p1b\n|-supereffective|p1a: Drednaw\n|-supereffective|p1b: Volcanion\n|-damage|p1a: Drednaw|0 fnt\n|-damage|p1b: Volcanion|11\/100 slp\n|faint|p1a: Drednaw\n|\n|-weather|RainDance|[upkeep]\n|-heal|p1b: Volcanion|17\/100 slp|[from] item: Leftovers\n|upkeep\n|\n|t:|1700066474\n|switch|p1a: Landorus|Landorus, M|6\/100 slp\n|switch|p2b: cocacola knight|Skeledirge, M|23\/100\n|-damage|p1a: Landorus|0 fnt|[from] Stealth Rock\n|faint|p1a: Landorus\n|turn|17\n|\n|t:|1700066482\n|-curestatus|p1b: Volcanion|slp|[msg]\n|move|p1b: Volcanion|Steam Eruption|p2b: cocacola knight\n|-supereffective|p2b: cocacola knight\n|-damage|p2b: cocacola knight|0 fnt\n|faint|p2b: cocacola knight\n|move|p2a: Pajaro amarillo|Air Cutter|p1b: Volcanion\n|-damage|p1b: Volcanion|0 fnt\n|faint|p1b: Volcanion\n|\n|win|WaTa69\n|raw|matchacastella's rating: 1309 &rarr; <strong>1294<\/strong><br \/>(-15 for losing)\n|raw|WaTa69's rating: 1397 &rarr; <strong>1412<\/strong><br \/>(+15 for winning)\n","uploadtime":1700066495,"views":8,"p1id":"matchacastella","p2id":"wata69","formatid":"gen9doublesou","rating":1294,"private":0,"password":""}