{"id":"gen9doublesou-1990502222","p1":"DeAuTh1511","p2":"Howlpup13","format":"[Gen 9] Doubles OU","log":"|j|\u2606DeAuTh1511\n|j|\u2606Howlpup13\n|t:|1699976698\n|gametype|doubles\n|player|p1|DeAuTh1511|policeman|1038\n|player|p2|Howlpup13|dawn|1080\n|teamsize|p1|6\n|teamsize|p2|4\n|gen|9\n|tier|[Gen 9] Doubles OU\n|rated|\n|rule|Species Clause: Limit one of each Pok\u00e9mon\n|rule|OHKO Clause: OHKO moves are banned\n|rule|Evasion Moves Clause: Evasion moves are banned\n|rule|Gravity Sleep Clause: The combination of sleep-inducing moves with imperfect accuracy and Gravity or Gigantamax Orbeetle are banned\n|rule|Endless Battle Clause: Forcing endless battles is banned\n|rule|HP Percentage Mod: HP is shown in percentages\n|clearpoke\n|poke|p1|Chi-Yu|\n|poke|p1|Dachsbun, F|\n|poke|p1|Medicham, F|\n|poke|p1|Oranguru, M|\n|poke|p1|Slaking, F|\n|poke|p1|Flutter Mane|\n|poke|p2|Palossand, M|\n|poke|p2|Wugtrio, M|\n|poke|p2|Gothitelle, F|\n|poke|p2|Flamigo, M|\n|teampreview\n|\n|t:|1699976704\n|start\n|switch|p1a: Insider Trading|Medicham, F|100\/100\n|switch|p1b: War Crimes|Slaking, F|100\/100\n|switch|p2a: Palossand|Palossand, M|100\/100\n|switch|p2b: Wugtrio|Wugtrio, M|100\/100\n|turn|1\n|c|\u2606DeAuTh1511|O_O\n|\n|t:|1699976719\n|move|p2b: Wugtrio|Triple Dive|p2a: Palossand\n|-supereffective|p2a: Palossand\n|-damage|p2a: Palossand|84\/100\n|-ability|p2a: Palossand|Water Compaction|boost\n|-boost|p2a: Palossand|def|2\n|-enditem|p1a: Insider Trading|Mirror Herb\n|-boost|p1a: Insider Trading|def|2|[from] item: Mirror Herb\n|-enditem|p2a: Palossand|Weakness Policy\n|-boost|p2a: Palossand|atk|2|[from] item: Weakness Policy\n|-boost|p2a: Palossand|spa|2|[from] item: Weakness Policy\n|-supereffective|p2a: Palossand\n|-damage|p2a: Palossand|74\/100\n|-ability|p2a: Palossand|Water Compaction|boost\n|-boost|p2a: Palossand|def|2\n|-supereffective|p2a: Palossand\n|-damage|p2a: Palossand|67\/100\n|-ability|p2a: Palossand|Water Compaction|boost\n|-boost|p2a: Palossand|def|2\n|-hitcount|p2a: Palossand|3\n|move|p1b: War Crimes|Trailblaze|p2a: Palossand\n|-supereffective|p2a: Palossand\n|-damage|p2a: Palossand|58\/100\n|-boost|p1b: War Crimes|spe|1\n|move|p1a: Insider Trading|Skill Swap|p1b: War Crimes\n|-activate|p1a: Insider Trading|move: Skill Swap|||[of] p1b: War Crimes\n|move|p2a: Palossand|Amnesia|p2a: Palossand\n|-boost|p2a: Palossand|spd|2\n|\n|upkeep\n|turn|2\n|c|\u2606DeAuTh1511|O_O\n|\n|t:|1699976751\n|move|p1b: War Crimes|Rock Slide|p2b: Wugtrio|[spread] p2a,p2b\n|-resisted|p2a: Palossand\n|-damage|p2a: Palossand|53\/100\n|-enditem|p2b: Wugtrio|Focus Sash\n|-damage|p2b: Wugtrio|1\/100\n|move|p2b: Wugtrio|Sandstorm|p2b: Wugtrio\n|-weather|Sandstorm\n|cant|p1a: Insider Trading|ability: Truant\n|move|p2a: Palossand|Amnesia|p2a: Palossand\n|-boost|p2a: Palossand|spd|2\n|\n|-weather|Sandstorm|[upkeep]\n|-damage|p1b: War Crimes|94\/100|[from] Sandstorm\n|-damage|p2b: Wugtrio|0 fnt|[from] Sandstorm\n|-damage|p1a: Insider Trading|94\/100|[from] Sandstorm\n|faint|p2b: Wugtrio\n|upkeep\n|\n|t:|1699976767\n|switch|p2b: Gothitelle|Gothitelle, F|100\/100\n|turn|3\n|\n|t:|1699976788\n|move|p1b: War Crimes|Rock Slide|p2a: Palossand|[spread] p2a,p2b\n|-resisted|p2a: Palossand\n|-damage|p2a: Palossand|48\/100\n|-damage|p2b: Gothitelle|47\/100\n|move|p1a: Insider Trading|Skill Swap|p2b: Gothitelle\n|-activate|p1a: Insider Trading|move: Skill Swap|Competitive|Truant|[of] p2b: Gothitelle\n|move|p2a: Palossand|Amnesia|p2a: Palossand\n|-boost|p2a: Palossand|spd|2\n|move|p2b: Gothitelle|Trick Room|p2b: Gothitelle\n|-fieldstart|move: Trick Room|[of] p2b: Gothitelle\n|\n|-weather|Sandstorm|[upkeep]\n|-damage|p2b: Gothitelle|41\/100|[from] Sandstorm\n|-damage|p1a: Insider Trading|88\/100|[from] Sandstorm\n|-damage|p1b: War Crimes|88\/100|[from] Sandstorm\n|upkeep\n|turn|4\n|\n|t:|1699976809\n|move|p2a: Palossand|Shore Up|p2a: Palossand\n|-heal|p2a: Palossand|100\/100\n|cant|p2b: Gothitelle|ability: Truant\n|move|p1a: Insider Trading|Psycho Cut|p2a: Palossand\n|-damage|p2a: Palossand|95\/100\n|move|p1b: War Crimes|Rock Slide|p2b: Gothitelle|[spread] p2a,p2b\n|-resisted|p2a: Palossand\n|-damage|p2a: Palossand|90\/100\n|-damage|p2b: Gothitelle|0 fnt\n|faint|p2b: Gothitelle\n|\n|-weather|Sandstorm|[upkeep]\n|-damage|p1a: Insider Trading|82\/100|[from] Sandstorm\n|-damage|p1b: War Crimes|82\/100|[from] Sandstorm\n|upkeep\n|j| Doomhand\n|\n|t:|1699976824\n|switch|p2b: Flamigo|Flamigo, M|100\/100\n|-copyboost|p2b: Flamigo|p2a: Palossand|[from] ability: Costar\n|turn|5\n|\n|t:|1699976846\n|switch|p1a: Coercion|Oranguru, M|100\/100\n|-terastallize|p2b: Flamigo|Flying\n|move|p2a: Palossand|Earth Power|p1b: War Crimes\n|-damage|p1b: War Crimes|0 fnt\n|faint|p1b: War Crimes\n|move|p2b: Flamigo|Hurricane|p1a: Coercion\n|-damage|p1a: Coercion|0 fnt\n|faint|p1a: Coercion\n|\n|-weather|Sandstorm|[upkeep]\n|-damage|p2b: Flamigo|94\/100|[from] Sandstorm\n|upkeep\n|c|\u2606Howlpup13|:)\n|\n|t:|1699976861\n|switch|p1a: Accessory|Dachsbun, F|100\/100\n|switch|p1b: Insider Trading|Medicham, F|82\/100\n|turn|6\n|c|\u2606DeAuTh1511|:(\n|\n|t:|1699976881\n|move|p2a: Palossand|Earth Power|p1a: Accessory\n|-damage|p1a: Accessory|25\/100\n|move|p2b: Flamigo|Hurricane|p1b: Insider Trading\n|-supereffective|p1b: Insider Trading\n|-damage|p1b: Insider Trading|0 fnt\n|faint|p1b: Insider Trading\n|move|p1a: Accessory|Sunny Day|p1a: Accessory\n|-weather|SunnyDay\n|\n|-weather|SunnyDay|[upkeep]\n|-heal|p1a: Accessory|31\/100|[from] item: Leftovers\n|upkeep\n|\n|t:|1699976897\n|switch|p1b: Speeding|Flutter Mane|100\/100\n|-activate|p1b: Speeding|ability: Protosynthesis\n|-start|p1b: Speeding|protosynthesisspe\n|turn|7\n|\n|t:|1699976906\n|move|p2a: Palossand|Earth Power|p1b: Speeding\n|-damage|p1b: Speeding|12\/100\n|move|p2b: Flamigo|Hurricane|p1b: Speeding\n|-damage|p1b: Speeding|0 fnt\n|faint|p1b: Speeding\n|-end|p1b: Speeding|Protosynthesis|[silent]\n|move|p1a: Accessory|Wish|p1a: Accessory\n|\n|-weather|SunnyDay|[upkeep]\n|-heal|p1a: Accessory|37\/100|[from] item: Leftovers\n|-fieldend|move: Trick Room\n|upkeep\n|\n|t:|1699976913\n|switch|p1b: Arson|Chi-Yu|100\/100\n|-ability|p1b: Arson|Beads of Ruin\n|turn|8\n|\n|t:|1699976935\n|-terastallize|p1b: Arson|Fire\n|move|p1a: Accessory|Helping Hand|p1b: Arson\n|-singleturn|p1b: Arson|Helping Hand|[of] p1a: Accessory\n|move|p1b: Arson|Lava Plume|p2a: Palossand|[spread] p2a,p2b\n|-ability|p1a: Accessory|Well-Baked Body|boost\n|-boost|p1a: Accessory|def|2\n|-damage|p2a: Palossand|51\/100\n|-damage|p2b: Flamigo|49\/100\n|move|p2b: Flamigo|Hurricane|p1b: Arson|[miss]\n|-miss|p2b: Flamigo|p1b: Arson\n|move|p2a: Palossand|Earth Power|p1b: Arson\n|-supereffective|p1b: Arson\n|-damage|p1b: Arson|0 fnt\n|faint|p1b: Arson\n|\n|-weather|SunnyDay|[upkeep]\n|-heal|p1a: Accessory|87\/100|[from] move: Wish|[wisher] Accessory\n|-heal|p1a: Accessory|93\/100|[from] item: Leftovers\n|upkeep\n|turn|9\n|c|\u2606DeAuTh1511|T~T\n|c|\u2606Howlpup13|:D\n|c|\u2606DeAuTh1511|gg\n|\n|t:|1699976963\n|move|p1a: Accessory|Body Press|p2a: Palossand\n|-immune|p2a: Palossand\n|move|p2b: Flamigo|Tera Blast|p1a: Accessory|[anim] Tera Blast Flying\n|-damage|p1a: Accessory|18\/100\n|move|p2a: Palossand|Earth Power|p1a: Accessory\n|-damage|p1a: Accessory|0 fnt\n|faint|p1a: Accessory\n|\n|win|Howlpup13\n|raw|DeAuTh1511's rating: 1038 &rarr; <strong>1024<\/strong><br \/>(-14 for losing)\n|raw|Howlpup13's rating: 1080 &rarr; <strong>1105<\/strong><br \/>(+25 for winning)\n|c|\u2606DeAuTh1511|very nice!\n|c|\u2606DeAuTh1511|love it\n|c|\u2606Howlpup13|Thx\n|c|\u2606Howlpup13|gg\n|l|\u2606DeAuTh1511\n","uploadtime":1699976977,"views":10,"p1id":"deauth1511","p2id":"howlpup13","formatid":"gen9doublesou","rating":1024,"private":0,"password":""}