{"id":"gen9doublesou-1991381094","p1":"Blue Syrius","p2":"TheVoid20th","format":"[Gen 9] Doubles OU","log":"|j|\u2606Blue Syrius\n|j|\u2606TheVoid20th\n|t:|1700072363\n|gametype|doubles\n|player|p1|Blue Syrius|ninjaboy|1260\n|player|p2|TheVoid20th|265|1251\n|teamsize|p1|6\n|teamsize|p2|6\n|gen|9\n|tier|[Gen 9] Doubles OU\n|rated|\n|rule|Species Clause: Limit one of each Pok\u00e9mon\n|rule|OHKO Clause: OHKO moves are banned\n|rule|Evasion Moves Clause: Evasion moves are banned\n|rule|Gravity Sleep Clause: The combination of sleep-inducing moves with imperfect accuracy and Gravity or Gigantamax Orbeetle are banned\n|rule|Endless Battle Clause: Forcing endless battles is banned\n|rule|HP Percentage Mod: HP is shown in percentages\n|clearpoke\n|poke|p1|Regidrago|\n|poke|p1|Diancie|\n|poke|p1|Chien-Pao|\n|poke|p1|Hoopa-Unbound|\n|poke|p1|Farigiraf, F|\n|poke|p1|Gholdengo|\n|poke|p2|Snorlax, M|\n|poke|p2|Iron Hands|\n|poke|p2|Landorus-Therian, M|\n|poke|p2|Sinistcha-Masterpiece|\n|poke|p2|Clefairy, F|\n|poke|p2|Kommo-o, M|\n|teampreview\n|\n|t:|1700072376\n|start\n|switch|p1a: Chien-Pao|Chien-Pao|100\/100\n|switch|p1b: Diancie|Diancie, shiny|100\/100\n|switch|p2a: Sinistcha|Sinistcha-Masterpiece|100\/100\n|switch|p2b: Snorlax|Snorlax, M, shiny|100\/100\n|-ability|p1a: Chien-Pao|Sword of Ruin\n|turn|1\n|inactive|Battle timer is ON: inactive players will automatically lose when time's up. (requested by Blue Syrius)\n|\n|t:|1700072401\n|-terastallize|p2a: Sinistcha|Fire\n|move|p1a: Chien-Pao|Taunt|p2b: Snorlax\n|-start|p2b: Snorlax|move: Taunt\n|move|p1b: Diancie|Diamond Storm|p2a: Sinistcha|[spread] p2a,p2b\n|-supereffective|p2a: Sinistcha\n|-damage|p2a: Sinistcha|36\/100\n|-damage|p2b: Snorlax|75\/100\n|cant|p2b: Snorlax|move: Taunt|Belly Drum\n|move|p2a: Sinistcha|Trick Room|p2a: Sinistcha\n|-fieldstart|move: Trick Room|[of] p2a: Sinistcha\n|\n|upkeep\n|turn|2\n|\n|t:|1700072429\n|move|p2b: Snorlax|High Horsepower|p1b: Diancie\n|-supereffective|p1b: Diancie\n|-damage|p1b: Diancie|32\/100\n|-enditem|p1b: Diancie|Sitrus Berry|[eat]\n|-heal|p1b: Diancie|57\/100|[from] item: Sitrus Berry\n|move|p1b: Diancie|Diamond Storm|p2b: Snorlax|[spread] p2a,p2b\n|-supereffective|p2a: Sinistcha\n|-damage|p2a: Sinistcha|0 fnt\n|-damage|p2b: Snorlax|50\/100\n|-enditem|p2b: Snorlax|Sitrus Berry|[eat]\n|-heal|p2b: Snorlax|75\/100|[from] item: Sitrus Berry\n|faint|p2a: Sinistcha\n|move|p1a: Chien-Pao|Brick Break|p2b: Snorlax\n|-supereffective|p2b: Snorlax\n|-damage|p2b: Snorlax|22\/100\n|\n|upkeep\n|\n|t:|1700072434\n|switch|p2a: Iron Hands|Iron Hands|100\/100\n|turn|3\n|\n|t:|1700072450\n|-terastallize|p1b: Diancie|Flying\n|move|p2a: Iron Hands|Fake Out|p1a: Chien-Pao\n|-damage|p1a: Chien-Pao|80\/100\n|move|p2b: Snorlax|High Horsepower|p1a: Chien-Pao\n|-damage|p1a: Chien-Pao|38\/100\n|move|p1b: Diancie|Diamond Storm|p2a: Iron Hands|[spread] p2a,p2b\n|-resisted|p2a: Iron Hands\n|-damage|p2a: Iron Hands|88\/100\n|-damage|p2b: Snorlax|0 fnt\n|-boost|p1b: Diancie|def|2\n|faint|p2b: Snorlax\n|cant|p1a: Chien-Pao|flinch\n|\n|upkeep\n|\n|t:|1700072453\n|switch|p2b: Landorus|Landorus-Therian, M|100\/100\n|-ability|p2b: Landorus|Intimidate|boost\n|-unboost|p1a: Chien-Pao|atk|1\n|-fail|p1b: Diancie|unboost|[from] ability: Clear Body|[of] p1b: Diancie\n|turn|4\n|\n|t:|1700072480\n|switch|p1a: Farigiraf|Farigiraf, F|100\/100\n|move|p1b: Diancie|Diamond Storm|p2a: Iron Hands|[spread] p2a,p2b\n|-resisted|p2a: Iron Hands\n|-damage|p2a: Iron Hands|79\/100\n|-damage|p2b: Landorus|72\/100\n|move|p2a: Iron Hands|Wild Charge|p1b: Diancie\n|-supereffective|p1b: Diancie\n|-damage|p1b: Diancie|10\/100\n|-damage|p2a: Iron Hands|71\/100|[from] Recoil\n|move|p2b: Landorus|Rock Slide|p1b: Diancie|[spread] p1a,p1b\n|-supereffective|p1b: Diancie\n|-damage|p1a: Farigiraf|79\/100\n|-damage|p1b: Diancie|0 fnt\n|faint|p1b: Diancie\n|\n|upkeep\n|inactive|Blue Syrius has 120 seconds left.\n|\n|t:|1700072501\n|switch|p1b: Regidrago|Regidrago|100\/100\n|turn|5\n|\n|t:|1700072511\n|move|p1a: Farigiraf|Psyshock|p2a: Iron Hands\n|-supereffective|p2a: Iron Hands\n|-damage|p2a: Iron Hands|9\/100\n|move|p2a: Iron Hands|Drain Punch|p1a: Farigiraf\n|-damage|p1a: Farigiraf|36\/100\n|-heal|p2a: Iron Hands|30\/100|[from] drain|[of] p1a: Farigiraf\n|move|p1b: Regidrago|Dragon Energy|p2b: Landorus|[spread] p2a,p2b\n|-damage|p2a: Iron Hands|0 fnt\n|-damage|p2b: Landorus|0 fnt\n|faint|p2a: Iron Hands\n|-end|p2a: Iron Hands|Quark Drive|[silent]\n|faint|p2b: Landorus\n|\n|-fieldend|move: Trick Room\n|upkeep\n|\n|t:|1700072516\n|switch|p2b: Kommo-o|Kommo-o, M, shiny|100\/100\n|switch|p2a: Clefairy|Clefairy, F, shiny|100\/100\n|turn|6\n|\n|t:|1700072533\n|switch|p1b: Chien-Pao|Chien-Pao|38\/100\n|-ability|p1b: Chien-Pao|Sword of Ruin\n|move|p2a: Clefairy|Follow Me|p2a: Clefairy\n|-singleturn|p2a: Clefairy|move: Follow Me\n|move|p2b: Kommo-o|Clangorous Soul|p2b: Kommo-o\n|-boost|p2b: Kommo-o|atk|1\n|-boost|p2b: Kommo-o|def|1\n|-boost|p2b: Kommo-o|spa|1\n|-boost|p2b: Kommo-o|spd|1\n|-boost|p2b: Kommo-o|spe|1\n|-damage|p2b: Kommo-o|68\/100\n|-enditem|p2b: Kommo-o|Throat Spray\n|-boost|p2b: Kommo-o|spa|1|[from] item: Throat Spray\n|move|p1a: Farigiraf|Trick Room|p1a: Farigiraf\n|-fieldstart|move: Trick Room|[of] p1a: Farigiraf\n|\n|upkeep\n|turn|7\n|\n|t:|1700072551\n|move|p2a: Clefairy|Follow Me|p2a: Clefairy\n|-singleturn|p2a: Clefairy|move: Follow Me\n|move|p1a: Farigiraf|Psyshock|p2a: Clefairy\n|-damage|p2a: Clefairy|52\/100\n|move|p1b: Chien-Pao|Ice Spinner|p2a: Clefairy\n|-damage|p2a: Clefairy|7\/100\n|move|p2b: Kommo-o|Clanging Scales|p1a: Farigiraf|[spread] p1a,p1b\n|-damage|p1a: Farigiraf|0 fnt\n|-damage|p1b: Chien-Pao|0 fnt\n|faint|p1a: Farigiraf\n|faint|p1b: Chien-Pao\n|-unboost|p2b: Kommo-o|def|1\n|\n|upkeep\n|\n|t:|1700072568\n|switch|p1a: Gholdengo|Gholdengo|100\/100\n|switch|p1b: Regidrago|Regidrago|100\/100\n|turn|8\n|\n|t:|1700072580\n|move|p2a: Clefairy|Follow Me|p2a: Clefairy\n|-singleturn|p2a: Clefairy|move: Follow Me\n|move|p1b: Regidrago|Dragon Energy|p2b: Kommo-o|[spread] p2b\n|-immune|p2a: Clefairy\n|-supereffective|p2b: Kommo-o\n|-damage|p2b: Kommo-o|0 fnt\n|faint|p2b: Kommo-o\n|move|p1a: Gholdengo|Make It Rain|p2a: Clefairy\n|-supereffective|p2a: Clefairy\n|-damage|p2a: Clefairy|0 fnt\n|-unboost|p1a: Gholdengo|spa|1\n|faint|p2a: Clefairy\n|-damage|p1a: Gholdengo|91\/100|[from] item: Life Orb\n|\n|win|Blue Syrius\n|raw|Blue Syrius's rating: 1260 &rarr; <strong>1284<\/strong><br \/>(+24 for winning)\n|raw|TheVoid20th's rating: 1251 &rarr; <strong>1227<\/strong><br \/>(-24 for losing)\n|c|\u2606Blue Syrius|gg\n|l|\u2606TheVoid20th\n","uploadtime":1700072595,"views":10,"p1id":"bluesyrius","p2id":"thevoid20th","formatid":"gen9doublesou","rating":1227,"private":0,"password":""}