{"id":"gen9doublesou-1968577217","p1":"AtomBomb69","p2":"DaevEV","format":"[Gen 9] Doubles OU","log":"|j|\u2606AtomBomb69\n|j|\u2606DaevEV\n|t:|1697436367\n|gametype|doubles\n|player|p1|AtomBomb69|swimmerf-gen4|1321\n|player|p2|DaevEV|gentleman-gen4|1271\n|teamsize|p1|6\n|teamsize|p2|6\n|gen|9\n|tier|[Gen 9] Doubles OU\n|rated|\n|rule|Species Clause: Limit one of each Pok\u00e9mon\n|rule|OHKO Clause: OHKO moves are banned\n|rule|Evasion Moves Clause: Evasion moves are banned\n|rule|Gravity Sleep Clause: The combination of sleep-inducing moves with imperfect accuracy and Gravity or Gigantamax Orbeetle are banned\n|rule|Endless Battle Clause: Forcing endless battles is banned\n|rule|HP Percentage Mod: HP is shown in percentages\n|clearpoke\n|poke|p1|Enamorus, F|\n|poke|p1|Thundurus, M|\n|poke|p1|Diancie|\n|poke|p1|Cresselia, F|\n|poke|p1|Chien-Pao|\n|poke|p1|Flutter Mane|\n|poke|p2|Moltres-Galar|\n|poke|p2|Landorus-Therian, M|\n|poke|p2|Tornadus, M|\n|poke|p2|Gyarados, F|\n|poke|p2|Zapdos-Galar|\n|poke|p2|Charizard, F|\n|teampreview\n|inactive|Battle timer is ON: inactive players will automatically lose when time's up. (requested by AtomBomb69)\n|\n|t:|1697436396\n|start\n|switch|p1a: Enamorus|Enamorus, F|100\/100\n|switch|p1b: Thundurus|Thundurus, M|100\/100\n|switch|p2a: Tornadus|Tornadus, M|100\/100\n|switch|p2b: Charizard|Charizard, F, shiny|100\/100\n|turn|1\n|\n|t:|1697436410\n|-terastallize|p1a: Enamorus|Ground\n|move|p2a: Tornadus|Tailwind|p2a: Tornadus\n|-sidestart|p2: DaevEV|move: Tailwind\n|move|p1b: Thundurus|Eerie Impulse|p1a: Enamorus\n|-boost|p1a: Enamorus|spa|2\n|move|p2b: Charizard|Heat Wave|p1a: Enamorus|[spread] p1a,p1b\n|-damage|p1a: Enamorus|30\/100\n|-damage|p1b: Thundurus|53\/100\n|move|p1a: Enamorus|Dazzling Gleam|p2b: Charizard|[spread] p2a,p2b\n|-resisted|p2b: Charizard\n|-damage|p2a: Tornadus|32\/100\n|-damage|p2b: Charizard|55\/100\n|\n|upkeep\n|turn|2\n|\n|t:|1697436428\n|move|p1b: Thundurus|Scary Face|p1a: Enamorus\n|-boost|p1a: Enamorus|spe|2\n|move|p2a: Tornadus|Bleakwind Storm|p1a: Enamorus|[spread] p1a,p1b\n|-resisted|p1b: Thundurus\n|-damage|p1a: Enamorus|0 fnt\n|-damage|p1b: Thundurus|38\/100\n|-unboost|p1b: Thundurus|spe|1\n|faint|p1a: Enamorus\n|move|p2b: Charizard|Heat Wave|p1b: Thundurus\n|-crit|p1b: Thundurus\n|-damage|p1b: Thundurus|0 fnt\n|faint|p1b: Thundurus\n|\n|upkeep\n|\n|t:|1697436443\n|switch|p1a: Diancie|Diancie|100\/100\n|switch|p1b: Cresselia|Cresselia, F|100\/100\n|turn|3\n|\n|t:|1697436450\n|move|p1b: Cresselia|Ally Switch|p1b: Cresselia\n|swap|p1b: Cresselia|0|[from] move: Ally Switch\n|move|p2a: Tornadus|Sunny Day|p2a: Tornadus\n|-weather|SunnyDay\n|move|p2b: Charizard|Heat Wave|p1a: Cresselia|[spread] p1a,p1b\n|-resisted|p1b: Diancie\n|-damage|p1a: Cresselia|37\/100\n|-damage|p1b: Diancie|62\/100\n|-status|p1b: Diancie|brn\n|move|p1b: Diancie|Trick Room|p1b: Diancie\n|-fieldstart|move: Trick Room|[of] p1b: Diancie\n|\n|-weather|SunnyDay|[upkeep]\n|-damage|p2b: Charizard|43\/100|[from] ability: Solar Power|[of] p2b: Charizard\n|-heal|p1a: Cresselia|43\/100|[from] item: Leftovers\n|-damage|p1b: Diancie|56\/100 brn|[from] brn\n|upkeep\n|turn|4\n|\n|t:|1697436468\n|move|p2a: Tornadus|Taunt|p1a: Cresselia\n|-start|p1a: Cresselia|move: Taunt\n|move|p1b: Diancie|Diamond Storm|p2a: Tornadus|[spread] p2a,p2b\n|-supereffective|p2a: Tornadus\n|-supereffective|p2b: Charizard\n|-damage|p2a: Tornadus|0 fnt\n|-damage|p2b: Charizard|0 fnt\n|-boost|p1b: Diancie|def|2\n|faint|p2a: Tornadus\n|faint|p2b: Charizard\n|cant|p1a: Cresselia|move: Taunt|Lunar Blessing\n|\n|-weather|SunnyDay|[upkeep]\n|-heal|p1a: Cresselia|49\/100|[from] item: Leftovers\n|-damage|p1b: Diancie|50\/100 brn|[from] brn\n|-sideend|p2: DaevEV|move: Tailwind\n|upkeep\n|inactive|DaevEV has 120 seconds left.\n|\n|t:|1697436495\n|switch|p2b: Gyarados|Gyarados, F, shiny|100\/100\n|switch|p2a: Zapdos|Zapdos-Galar|100\/100\n|turn|5\n|\n|t:|1697436513\n|move|p2a: Zapdos|Protect|p2a: Zapdos\n|-singleturn|p2a: Zapdos|Protect\n|move|p1b: Diancie|Diamond Storm|p2a: Zapdos|[spread] p2b\n|-activate|p2a: Zapdos|move: Protect\n|-supereffective|p2b: Gyarados\n|-damage|p2b: Gyarados|69\/100\n|-boost|p1b: Diancie|def|2\n|move|p1a: Cresselia|Psychic|p2a: Zapdos\n|-activate|p2a: Zapdos|move: Protect\n|move|p2b: Gyarados|Earthquake|p1a: Cresselia|[spread] p1b\n|-activate|p2a: Zapdos|move: Protect\n|-immune|p1a: Cresselia|[from] ability: Levitate\n|-supereffective|p1b: Diancie\n|-damage|p1b: Diancie|36\/100 brn\n|-enditem|p1b: Diancie|Weakness Policy\n|-boost|p1b: Diancie|atk|2|[from] item: Weakness Policy\n|-boost|p1b: Diancie|spa|2|[from] item: Weakness Policy\n|\n|-weather|SunnyDay|[upkeep]\n|-heal|p1a: Cresselia|55\/100|[from] item: Leftovers\n|-damage|p1b: Diancie|30\/100 brn|[from] brn\n|upkeep\n|turn|6\n|\n|t:|1697436538\n|move|p1b: Diancie|Diamond Storm|p2a: Zapdos|[spread] p2a,p2b\n|-supereffective|p2b: Gyarados\n|-damage|p2a: Zapdos|71\/100\n|-damage|p2b: Gyarados|2\/100\n|move|p1a: Cresselia|Psychic|p2a: Zapdos\n|-supereffective|p2a: Zapdos\n|-damage|p2a: Zapdos|13\/100\n|move|p2b: Gyarados|Waterfall|p1b: Diancie\n|-supereffective|p1b: Diancie\n|-damage|p1b: Diancie|20\/100 brn\n|move|p2a: Zapdos|Thunderous Kick|p1b: Diancie\n|-damage|p1b: Diancie|7\/100 brn\n|\n|-weather|SunnyDay|[upkeep]\n|-heal|p1a: Cresselia|61\/100|[from] item: Leftovers\n|-damage|p1b: Diancie|1\/100 brn|[from] brn\n|-end|p1a: Cresselia|move: Taunt\n|upkeep\n|turn|7\n|\n|t:|1697436560\n|move|p2a: Zapdos|Protect|p2a: Zapdos\n|-singleturn|p2a: Zapdos|Protect\n|move|p1b: Diancie|Diamond Storm|p2a: Zapdos|[spread] p2b\n|-activate|p2a: Zapdos|move: Protect\n|-supereffective|p2b: Gyarados\n|-damage|p2b: Gyarados|0 fnt\n|faint|p2b: Gyarados\n|move|p1a: Cresselia|Lunar Blessing|p1a: Cresselia|[spread] p1a,p1b\n|-heal|p1a: Cresselia|86\/100\n|-heal|p1b: Diancie|27\/100 brn\n|-curestatus|p1b: Diancie|brn|[msg]\n|\n|-weather|none\n|-heal|p1a: Cresselia|92\/100|[from] item: Leftovers\n|-fieldend|move: Trick Room\n|upkeep\n|\n|t:|1697436574\n|switch|p2b: Moltres|Moltres-Galar|100\/100\n|turn|8\n|\n|t:|1697436580\n|move|p1a: Cresselia|Ally Switch|p1a: Cresselia\n|swap|p1a: Cresselia|1|[from] move: Ally Switch\n|move|p2a: Zapdos|Knock Off|p1a: Diancie\n|-resisted|p1a: Diancie\n|-damage|p1a: Diancie|23\/100\n|move|p2b: Moltres|Fiery Wrath|p1b: Cresselia|[spread] p1a,p1b\n|-resisted|p1a: Diancie\n|-supereffective|p1b: Cresselia\n|-damage|p1a: Diancie|13\/100\n|-damage|p1b: Cresselia|54\/100\n|move|p1a: Diancie|Trick Room|p1a: Diancie\n|-fieldstart|move: Trick Room|[of] p1a: Diancie\n|\n|-heal|p1b: Cresselia|60\/100|[from] item: Leftovers\n|upkeep\n|turn|9\n|-message|DaevEV forfeited.\n|\n|win|AtomBomb69\n|raw|AtomBomb69's rating: 1321 &rarr; <strong>1338<\/strong><br \/>(+17 for winning)\n|raw|DaevEV's rating: 1271 &rarr; <strong>1250<\/strong><br \/>(-21 for losing)\n|l|\u2606DaevEV\n","uploadtime":1697436602,"views":19,"p1id":"atombomb69","p2id":"daevev","formatid":"gen9doublesou","rating":1250,"private":0,"password":""}