{"id":"gen9doublesou-1993111299","p1":"TONEtheBRUTAL","p2":"lazy707","format":"[Gen 9] Doubles OU","log":"|j|\u2606TONEtheBRUTAL\n|j|\u2606lazy707\n|t:|1700266072\n|gametype|doubles\n|player|p1|TONEtheBRUTAL|101|1087\n|player|p2|lazy707|blaine|1112\n|teamsize|p1|6\n|teamsize|p2|6\n|gen|9\n|tier|[Gen 9] Doubles OU\n|rated|\n|rule|Species Clause: Limit one of each Pok\u00e9mon\n|rule|OHKO Clause: OHKO moves are banned\n|rule|Evasion Moves Clause: Evasion moves are banned\n|rule|Gravity Sleep Clause: The combination of sleep-inducing moves with imperfect accuracy and Gravity or Gigantamax Orbeetle are banned\n|rule|Endless Battle Clause: Forcing endless battles is banned\n|rule|HP Percentage Mod: HP is shown in percentages\n|clearpoke\n|poke|p1|Sinistcha|\n|poke|p1|Arcanine-Hisui, M|\n|poke|p1|Gardevoir, F|\n|poke|p1|Snorlax, F|\n|poke|p1|Kommo-o, F|\n|poke|p1|Iron Hands|\n|poke|p2|Gyarados, M|\n|poke|p2|Murkrow, M|\n|poke|p2|Slowbro-Galar, M|\n|poke|p2|Sylveon, F|\n|poke|p2|Braviary-Hisui, M|\n|poke|p2|Zapdos-Galar|\n|teampreview\n|\n|t:|1700266095\n|start\n|switch|p1a: Milo|Arcanine-Hisui, M|100\/100\n|switch|p1b: I'm not like that|Gardevoir, F|100\/100\n|switch|p2a: Murkrow|Murkrow, M|100\/100\n|switch|p2b: Slowbro|Slowbro-Galar, M|100\/100\n|-ability|p1a: Milo|Intimidate|boost\n|-unboost|p2a: Murkrow|atk|1\n|-unboost|p2b: Slowbro|atk|1\n|-item|p1a: Milo|Air Balloon\n|turn|1\n|\n|t:|1700266129\n|move|p2a: Murkrow|Taunt|p1b: I'm not like that\n|-start|p1b: I'm not like that|move: Taunt\n|move|p1a: Milo|Wild Charge|p2a: Murkrow\n|-supereffective|p2a: Murkrow\n|-damage|p2a: Murkrow|38\/100\n|-damage|p1a: Milo|88\/100|[from] Recoil\n|cant|p1b: I'm not like that|move: Taunt|Light Screen\n|move|p2b: Slowbro|Nasty Plot|p2b: Slowbro\n|-boost|p2b: Slowbro|spa|2\n|\n|upkeep\n|turn|2\n|\n|t:|1700266164\n|move|p2a: Murkrow|Protect|p2a: Murkrow\n|-singleturn|p2a: Murkrow|Protect\n|move|p1a: Milo|Rock Slide|p2b: Slowbro|[spread] p2b\n|-activate|p2a: Murkrow|move: Protect\n|-damage|p2b: Slowbro|76\/100\n|move|p1b: I'm not like that|Dazzling Gleam|p2b: Slowbro|[spread] p2b\n|-activate|p2a: Murkrow|move: Protect\n|-resisted|p2b: Slowbro\n|-damage|p2b: Slowbro|59\/100\n|move|p2b: Slowbro|Shell Side Arm|p1b: I'm not like that|[anim] Shell Side Arm Special\n|-supereffective|p1b: I'm not like that\n|-enditem|p1b: I'm not like that|Focus Sash\n|-damage|p1b: I'm not like that|1\/100\n|-hint|Special Shell Side Arm\n|\n|upkeep\n|turn|3\n|\n|t:|1700266208\n|move|p2a: Murkrow|Tailwind|p2a: Murkrow\n|-sidestart|p2: lazy707|move: Tailwind\n|move|p1a: Milo|Flare Blitz|p2b: Slowbro\n|-damage|p2b: Slowbro|7\/100\n|-damage|p1a: Milo|71\/100|[from] Recoil\n|move|p1b: I'm not like that|Dazzling Gleam|p2b: Slowbro|[spread] p2a,p2b\n|-supereffective|p2a: Murkrow\n|-resisted|p2b: Slowbro\n|-damage|p2a: Murkrow|0 fnt\n|-damage|p2b: Slowbro|0 fnt\n|faint|p2a: Murkrow\n|faint|p2b: Slowbro\n|\n|-end|p1b: I'm not like that|move: Taunt\n|upkeep\n|\n|t:|1700266241\n|switch|p2a: Zapdos|Zapdos-Galar, shiny|100\/100\n|switch|p2b: Gyarados|Gyarados, M, shiny|100\/100\n|turn|4\n|\n|t:|1700266273\n|-terastallize|p1a: Milo|Normal\n|move|p2a: Zapdos|Trailblaze|p1b: I'm not like that\n|-damage|p1b: I'm not like that|0 fnt\n|-boost|p2a: Zapdos|spe|1\n|faint|p1b: I'm not like that\n|move|p2b: Gyarados|Waterfall|p1a: Milo\n|-damage|p1a: Milo|18\/100\n|-enditem|p1a: Milo|Air Balloon\n|move|p1a: Milo|Wild Charge|p2b: Gyarados\n|-supereffective|p2b: Gyarados\n|-damage|p2b: Gyarados|0 fnt\n|faint|p2b: Gyarados\n|-damage|p1a: Milo|0 fnt|[from] Recoil\n|faint|p1a: Milo\n|\n|upkeep\n|\n|t:|1700266315\n|switch|p1a: HANDS TOUCH YOU|Iron Hands|100\/100\n|switch|p1b: Big Fat|Snorlax, F|100\/100\n|switch|p2b: Sylveon|Sylveon, F|100\/100\n|-enditem|p1a: HANDS TOUCH YOU|Booster Energy\n|-activate|p1a: HANDS TOUCH YOU|ability: Quark Drive|[fromitem]\n|-start|p1a: HANDS TOUCH YOU|quarkdriveatk\n|turn|5\n|\n|t:|1700266345\n|move|p2a: Zapdos|Thunderous Kick|p1b: Big Fat\n|-supereffective|p1b: Big Fat\n|-damage|p1b: Big Fat|33\/100\n|-unboost|p1b: Big Fat|def|1\n|-enditem|p1b: Big Fat|Sitrus Berry|[eat]\n|-heal|p1b: Big Fat|58\/100|[from] item: Sitrus Berry\n|move|p2b: Sylveon|Hyper Voice|p1a: HANDS TOUCH YOU|[spread] p1a,p1b\n|-supereffective|p1a: HANDS TOUCH YOU\n|-damage|p1a: HANDS TOUCH YOU|40\/100\n|-damage|p1b: Big Fat|34\/100\n|-enditem|p2b: Sylveon|Throat Spray\n|-boost|p2b: Sylveon|spa|1|[from] item: Throat Spray\n|move|p1a: HANDS TOUCH YOU|Wild Charge|p2a: Zapdos\n|-supereffective|p2a: Zapdos\n|-damage|p2a: Zapdos|0 fnt\n|faint|p2a: Zapdos\n|-damage|p1a: HANDS TOUCH YOU|22\/100|[from] Recoil\n|move|p1b: Big Fat|Belly Drum||[still]\n|-fail|p1b: Big Fat\n|\n|upkeep\n|inactive|Battle timer is ON: inactive players will automatically lose when time's up. (requested by TONEtheBRUTAL)\n|\n|t:|1700266383\n|switch|p2a: Braviary|Braviary-Hisui, M, shiny|100\/100\n|turn|6\n|\n|t:|1700266394\n|move|p2a: Braviary|Esper Wing|p1a: HANDS TOUCH YOU\n|-supereffective|p1a: HANDS TOUCH YOU\n|-damage|p1a: HANDS TOUCH YOU|0 fnt\n|-boost|p2a: Braviary|spe|1\n|faint|p1a: HANDS TOUCH YOU\n|-end|p1a: HANDS TOUCH YOU|Quark Drive|[silent]\n|move|p2b: Sylveon|Hyper Voice|p1b: Big Fat\n|-damage|p1b: Big Fat|0 fnt\n|faint|p1b: Big Fat\n|\n|-sideend|p2: lazy707|move: Tailwind\n|upkeep\n|\n|t:|1700266407\n|switch|p1a: Karp Karp|Kommo-o, F|100\/100\n|switch|p1b: Weird Liquid|Sinistcha|100\/100\n|turn|7\n|\n|t:|1700266432\n|move|p1b: Weird Liquid|Rage Powder|p1b: Weird Liquid\n|-singleturn|p1b: Weird Liquid|move: Rage Powder\n|move|p2a: Braviary|Air Slash|p1b: Weird Liquid\n|-supereffective|p1b: Weird Liquid\n|-damage|p1b: Weird Liquid|38\/100\n|move|p2b: Sylveon|Hyper Voice|p1a: Karp Karp|[spread] p1a,p1b\n|-supereffective|p1a: Karp Karp\n|-damage|p1a: Karp Karp|0 fnt\n|-damage|p1b: Weird Liquid|0 fnt\n|faint|p1a: Karp Karp\n|faint|p1b: Weird Liquid\n|\n|win|lazy707\n|raw|TONEtheBRUTAL's rating: 1087 &rarr; <strong>1066<\/strong><br \/>(-21 for losing)\n|raw|lazy707's rating: 1112 &rarr; <strong>1135<\/strong><br \/>(+23 for winning)\n|l|\u2606TONEtheBRUTAL\n|c|\u2606lazy707|gg\n","uploadtime":1700266462,"views":15,"p1id":"tonethebrutal","p2id":"lazy707","formatid":"gen9doublesou","rating":1066,"private":0,"password":""}