{"id":"gen9doublesou-1990016918","p1":"Arattzzy","p2":"God_of_STANK!","format":"[Gen 9] Doubles OU","log":"|j|\u2606Arattzzy\n|j|\u2606God_of_STANK!\n|t:|1699915731\n|gametype|doubles\n|player|p1|Arattzzy|169|1096\n|player|p2|God_of_STANK!|caitlin|1162\n|teamsize|p1|6\n|teamsize|p2|6\n|gen|9\n|tier|[Gen 9] Doubles OU\n|rated|\n|rule|Species Clause: Limit one of each Pok\u00e9mon\n|rule|OHKO Clause: OHKO moves are banned\n|rule|Evasion Moves Clause: Evasion moves are banned\n|rule|Gravity Sleep Clause: The combination of sleep-inducing moves with imperfect accuracy and Gravity or Gigantamax Orbeetle are banned\n|rule|Endless Battle Clause: Forcing endless battles is banned\n|rule|HP Percentage Mod: HP is shown in percentages\n|clearpoke\n|poke|p1|Torkoal, M|\n|poke|p1|Scizor, M|\n|poke|p1|Roaring Moon|\n|poke|p1|Houndstone, F|\n|poke|p1|Sinistcha|\n|poke|p1|Flutter Mane|\n|poke|p2|Diancie|\n|poke|p2|Flutter Mane|\n|poke|p2|Cresselia, F|\n|poke|p2|Rillaboom, F|\n|poke|p2|Tornadus, M|\n|poke|p2|Volcanion|\n|teampreview\n|inactive|Battle timer is ON: inactive players will automatically lose when time's up. (requested by God_of_STANK!)\n|\n|t:|1699915749\n|start\n|switch|p1a: Torkoal|Torkoal, M, shiny|100\/100\n|switch|p1b: Fisdreavus|Flutter Mane|100\/100\n|switch|p2a: Tornadus|Tornadus, M|100\/100\n|switch|p2b: Volcanion|Volcanion|100\/100\n|-weather|SunnyDay|[from] ability: Drought|[of] p1a: Torkoal\n|-activate|p1b: Fisdreavus|ability: Protosynthesis\n|-start|p1b: Fisdreavus|protosynthesisspe\n|turn|1\n|\n|t:|1699915758\n|move|p1a: Torkoal|Helping Hand|p1b: Fisdreavus\n|-singleturn|p1b: Fisdreavus|Helping Hand|[of] p1a: Torkoal\n|move|p2a: Tornadus|Taunt|p1b: Fisdreavus\n|-start|p1b: Fisdreavus|move: Taunt\n|move|p1b: Fisdreavus|Dazzling Gleam|p2a: Tornadus|[spread] p2a,p2b\n|-resisted|p2b: Volcanion\n|-damage|p2a: Tornadus|36\/100\n|-damage|p2b: Volcanion|79\/100\n|move|p2b: Volcanion|Earth Power|p1a: Torkoal\n|-supereffective|p1a: Torkoal\n|-damage|p1a: Torkoal|10\/100\n|-enditem|p1a: Torkoal|Eject Button\n|\n|t:|1699915775\n|switch|p1a: Scizor|Scizor, M, shiny|100\/100\n|\n|-weather|SunnyDay|[upkeep]\n|upkeep\n|turn|2\n|\n|t:|1699915782\n|switch|p2a: Cresselia|Cresselia, F|100\/100\n|move|p1a: Scizor|Bullet Punch|p2a: Cresselia\n|-damage|p2a: Cresselia|69\/100\n|move|p1b: Fisdreavus|Dazzling Gleam|p2a: Cresselia|[spread] p2a,p2b\n|-resisted|p2b: Volcanion\n|-damage|p2a: Cresselia|44\/100\n|-damage|p2b: Volcanion|65\/100\n|move|p2b: Volcanion|Flamethrower|p1a: Scizor\n|-supereffective|p1a: Scizor\n|-crit|p1a: Scizor\n|-damage|p1a: Scizor|0 fnt\n|faint|p1a: Scizor\n|\n|-weather|SunnyDay|[upkeep]\n|upkeep\n|\n|t:|1699915789\n|switch|p1a: Houndstone|Houndstone, F|100\/100\n|turn|3\n|\n|t:|1699915800\n|move|p1b: Fisdreavus|Dazzling Gleam|p2a: Cresselia|[spread] p2a,p2b\n|-resisted|p2b: Volcanion\n|-damage|p2a: Cresselia|18\/100\n|-damage|p2b: Volcanion|50\/100\n|move|p1a: Houndstone|Last Respects|p2a: Cresselia\n|-supereffective|p2a: Cresselia\n|-damage|p2a: Cresselia|0 fnt\n|faint|p2a: Cresselia\n|move|p2b: Volcanion|Flamethrower|p1a: Houndstone\n|-damage|p1a: Houndstone|0 fnt\n|faint|p1a: Houndstone\n|\n|-weather|SunnyDay|[upkeep]\n|-end|p1b: Fisdreavus|move: Taunt\n|upkeep\n|\n|t:|1699915816\n|switch|p1a: Torkoal|Torkoal, M, shiny|10\/100\n|switch|p2a: Tornadus|Tornadus, M|36\/100\n|turn|4\n|\n|t:|1699915825\n|move|p1a: Torkoal|Helping Hand|p1b: Fisdreavus\n|-singleturn|p1b: Fisdreavus|Helping Hand|[of] p1a: Torkoal\n|move|p2a: Tornadus|Tailwind|p2a: Tornadus\n|-sidestart|p2: God_of_STANK!|move: Tailwind\n|move|p1b: Fisdreavus|Dazzling Gleam|p2a: Tornadus|[spread] p2a,p2b\n|-resisted|p2b: Volcanion\n|-damage|p2a: Tornadus|0 fnt\n|-damage|p2b: Volcanion|27\/100\n|faint|p2a: Tornadus\n|move|p2b: Volcanion|Earth Power|p1a: Torkoal\n|-supereffective|p1a: Torkoal\n|-crit|p1a: Torkoal\n|-damage|p1a: Torkoal|0 fnt\n|faint|p1a: Torkoal\n|\n|-weather|SunnyDay|[upkeep]\n|upkeep\n|\n|t:|1699915839\n|switch|p2a: Flutter Mane|Flutter Mane|100\/100\n|switch|p1a: Dalamance|Roaring Moon|100\/100\n|-activate|p2a: Flutter Mane|ability: Protosynthesis\n|-start|p2a: Flutter Mane|protosynthesisspe\n|-activate|p1a: Dalamance|ability: Protosynthesis\n|-start|p1a: Dalamance|protosynthesisatk\n|turn|5\n|\n|t:|1699915854\n|move|p2a: Flutter Mane|Dazzling Gleam|p1b: Fisdreavus|[spread] p1a,p1b\n|-supereffective|p1a: Dalamance\n|-damage|p1a: Dalamance|0 fnt\n|-damage|p1b: Fisdreavus|69\/100\n|faint|p1a: Dalamance\n|-end|p1a: Dalamance|Protosynthesis|[silent]\n|move|p1b: Fisdreavus|Shadow Ball|p2a: Flutter Mane\n|-supereffective|p2a: Flutter Mane\n|-damage|p2a: Flutter Mane|21\/100\n|-unboost|p2a: Flutter Mane|spd|1\n|move|p2b: Volcanion|Sludge Bomb|p1b: Fisdreavus\n|-damage|p1b: Fisdreavus|37\/100\n|\n|-weather|none\n|-end|p2a: Flutter Mane|Protosynthesis\n|-end|p1b: Fisdreavus|Protosynthesis\n|upkeep\n|-enditem|p2a: Flutter Mane|Booster Energy\n|-activate|p2a: Flutter Mane|ability: Protosynthesis|[fromitem]\n|-start|p2a: Flutter Mane|protosynthesisspe\n|\n|t:|1699915858\n|switch|p1a: Sinistcha|Sinistcha|100\/100\n|-heal|p1b: Fisdreavus|61\/100|[from] ability: Hospitality|[of] p1a: Sinistcha\n|turn|6\n|\n|t:|1699915874\n|move|p1a: Sinistcha|Rage Powder|p1a: Sinistcha\n|-singleturn|p1a: Sinistcha|move: Rage Powder\n|move|p2a: Flutter Mane|Shadow Ball|p1a: Sinistcha\n|-supereffective|p1a: Sinistcha\n|-damage|p1a: Sinistcha|18\/100\n|move|p1b: Fisdreavus|Shadow Ball|p2a: Flutter Mane\n|-supereffective|p2a: Flutter Mane\n|-damage|p2a: Flutter Mane|0 fnt\n|faint|p2a: Flutter Mane\n|-end|p2a: Flutter Mane|Protosynthesis|[silent]\n|move|p2b: Volcanion|Sludge Bomb|p1a: Sinistcha\n|-damage|p1a: Sinistcha|0 fnt\n|faint|p1a: Sinistcha\n|\n|upkeep\n|\n|t:|1699915887\n|switch|p2a: Diancie|Diancie|100\/100\n|turn|7\n|l|\u2606Arattzzy\n|inactive|Arattzzy disconnected and has a minute to reconnect!\n|player|p1|\n|inactive|Arattzzy has 30 seconds to reconnect!\n|inactive|Arattzzy has 20 seconds to reconnect!\n|inactive|Arattzzy has 15 seconds to reconnect!\n|inactive|Arattzzy has 10 seconds to reconnect!\n|inactive|Arattzzy has 5 seconds to reconnect!\n|-message|Arattzzy lost due to inactivity.\n|\n|win|God_of_STANK!\n|raw|Arattzzy's rating: 1096 &rarr; <strong>1076<\/strong><br \/>(-20 for losing)\n|raw|God_of_STANK!'s rating: 1162 &rarr; <strong>1182<\/strong><br \/>(+20 for winning)\n","uploadtime":1699915958,"views":7,"p1id":"arattzzy","p2id":"godofstank","formatid":"gen9doublesou","rating":1076,"private":0,"password":""}