{"id":"gen9doublesou-1976951631","p1":"Schister","p2":"fangame10","format":"[Gen 9] Doubles OU","log":"|j|\u2606Schister\n|j|\u2606fangame10\n|t:|1698355466\n|gametype|doubles\n|player|p1|Schister|clair|1722\n|player|p2|fangame10|red|1782\n|teamsize|p1|6\n|teamsize|p2|6\n|gen|9\n|tier|[Gen 9] Doubles OU\n|rated|\n|rule|Species Clause: Limit one of each Pok\u00e9mon\n|rule|OHKO Clause: OHKO moves are banned\n|rule|Evasion Moves Clause: Evasion moves are banned\n|rule|Gravity Sleep Clause: The combination of sleep-inducing moves with imperfect accuracy and Gravity or Gigantamax Orbeetle are banned\n|rule|Endless Battle Clause: Forcing endless battles is banned\n|rule|HP Percentage Mod: HP is shown in percentages\n|clearpoke\n|poke|p1|Espathra, F|\n|poke|p1|Skeledirge, M|\n|poke|p1|Rillaboom, M|\n|poke|p1|Ogerpon-Wellspring, F|\n|poke|p1|Flutter Mane|\n|poke|p1|Landorus-Therian, M|\n|poke|p2|Iron Bundle|\n|poke|p2|Abomasnow, M|\n|poke|p2|Chi-Yu|\n|poke|p2|Ursaluna, M|\n|poke|p2|Kommo-o, M|\n|poke|p2|Cresselia, F|\n|teampreview\n|inactive|Battle timer is ON: inactive players will automatically lose when time's up. (requested by fangame10)\n|inactive|Schister also wants the timer to be on.\n|c|\u2606Schister|dirge unleashed\n|c|\u2606Schister|gl\n|inactive|fangame10 has 120 seconds left.\n|c|\u2606fangame10|u2\n|inactive|fangame10 has 90 seconds left.\n|inactive|fangame10 has 60 seconds left.\n|\n|t:|1698355558\n|start\n|switch|p1a: Himothy Turner|Landorus-Therian, M|100\/100\n|switch|p1b: Bungo Kong|Rillaboom, M|100\/100\n|switch|p2a: Kommo-o|Kommo-o, M, shiny|100\/100\n|switch|p2b: Chi-Yu|Chi-Yu|100\/100\n|-ability|p1a: Himothy Turner|Intimidate|boost\n|-fail|p2a: Kommo-o|unboost|[from] item: Clear Amulet|[of] p2a: Kommo-o\n|-unboost|p2b: Chi-Yu|atk|1\n|-ability|p2b: Chi-Yu|Beads of Ruin\n|-fieldstart|move: Grassy Terrain|[from] ability: Grassy Surge|[of] p1b: Bungo Kong\n|turn|1\n|inactive|Schister has 120 seconds left.\n|\n|t:|1698355608\n|switch|p2b: Abomasnow|Abomasnow, M, shiny|100\/100\n|-weather|Snow|[from] ability: Snow Warning|[of] p2b: Abomasnow\n|move|p1b: Bungo Kong|Fake Out|p2a: Kommo-o\n|-damage|p2a: Kommo-o|87\/100\n|move|p1a: Himothy Turner|Rock Slide|p2b: Abomasnow|[spread] p2a,p2b\n|-resisted|p2a: Kommo-o\n|-supereffective|p2b: Abomasnow\n|-damage|p2a: Kommo-o|77\/100\n|-damage|p2b: Abomasnow|68\/100\n|cant|p2a: Kommo-o|flinch\n|\n|-weather|Snow|[upkeep]\n|-heal|p2a: Kommo-o|83\/100|[from] Grassy Terrain\n|-heal|p2b: Abomasnow|74\/100|[from] Grassy Terrain\n|upkeep\n|turn|2\n|j| pupechewer\n|inactive|Schister has 120 seconds left.\n|\n|t:|1698355620\n|switch|p1a: Uncompetitive|Espathra, F|100\/100\n|-enditem|p1a: Uncompetitive|Grassy Seed\n|-boost|p1a: Uncompetitive|def|1|[from] item: Grassy Seed\n|move|p2a: Kommo-o|Clangorous Soul|p2a: Kommo-o\n|-boost|p2a: Kommo-o|atk|1\n|-boost|p2a: Kommo-o|def|1\n|-boost|p2a: Kommo-o|spa|1\n|-boost|p2a: Kommo-o|spd|1\n|-boost|p2a: Kommo-o|spe|1\n|-damage|p2a: Kommo-o|50\/100\n|move|p1b: Bungo Kong|U-turn|p2b: Abomasnow\n|-supereffective|p2b: Abomasnow\n|-damage|p2b: Abomasnow|37\/100\n|inactive|Schister has 120 seconds left.\n|\n|t:|1698355629\n|switch|p1b: Himothy Turner|Landorus-Therian, M|100\/100|[from] U-turn\n|-ability|p1b: Himothy Turner|Intimidate|boost\n|-fail|p2a: Kommo-o|unboost|[from] item: Clear Amulet|[of] p2a: Kommo-o\n|-unboost|p2b: Abomasnow|atk|1\n|move|p2b: Abomasnow|Aurora Veil|p2b: Abomasnow\n|-sidestart|p2: fangame10|move: Aurora Veil\n|\n|-weather|Snow|[upkeep]\n|-heal|p2a: Kommo-o|56\/100|[from] Grassy Terrain\n|-heal|p2b: Abomasnow|43\/100|[from] Grassy Terrain\n|upkeep\n|turn|3\n|\n|t:|1698355656\n|switch|p2b: Ursaluna|Ursaluna, M, shiny|100\/100\n|-terastallize|p1b: Himothy Turner|Flying\n|move|p2a: Kommo-o|Protect|p2a: Kommo-o\n|-singleturn|p2a: Kommo-o|Protect\n|move|p1a: Uncompetitive|Protect|p1a: Uncompetitive\n|-singleturn|p1a: Uncompetitive|Protect\n|move|p1b: Himothy Turner|Tera Blast|p2b: Ursaluna|[anim] Tera Blast Flying\n|-damage|p2b: Ursaluna|68\/100\n|\n|-weather|Snow|[upkeep]\n|-heal|p2a: Kommo-o|62\/100|[from] Grassy Terrain\n|-heal|p2b: Ursaluna|74\/100|[from] Grassy Terrain\n|-ability|p1a: Uncompetitive|Speed Boost|boost\n|-boost|p1a: Uncompetitive|spe|1\n|-status|p2b: Ursaluna|brn|[from] item: Flame Orb\n|upkeep\n|turn|4\n|\n|t:|1698355684\n|move|p1b: Himothy Turner|Tera Blast|p2b: Ursaluna|[anim] Tera Blast Flying\n|-crit|p2b: Ursaluna\n|-damage|p2b: Ursaluna|0 fnt\n|faint|p2b: Ursaluna\n|move|p2a: Kommo-o|Fire Punch|p1b: Himothy Turner\n|-damage|p1b: Himothy Turner|62\/100\n|move|p1a: Uncompetitive|Calm Mind|p1a: Uncompetitive\n|-boost|p1a: Uncompetitive|spa|1\n|-boost|p1a: Uncompetitive|spd|1\n|\n|-weather|Snow|[upkeep]\n|-heal|p2a: Kommo-o|68\/100|[from] Grassy Terrain\n|-ability|p1a: Uncompetitive|Speed Boost|boost\n|-boost|p1a: Uncompetitive|spe|1\n|upkeep\n|\n|t:|1698355699\n|switch|p2b: Chi-Yu|Chi-Yu|100\/100\n|-ability|p2b: Chi-Yu|Beads of Ruin\n|turn|5\n|\n|t:|1698355711\n|switch|p1b: Bungo Kong|Rillaboom, M|100\/100\n|-terastallize|p2b: Chi-Yu|Ghost\n|move|p1a: Uncompetitive|Protect|p1a: Uncompetitive\n|-singleturn|p1a: Uncompetitive|Protect\n|move|p2a: Kommo-o|Clangorous Soul|p2a: Kommo-o\n|-boost|p2a: Kommo-o|atk|1\n|-boost|p2a: Kommo-o|def|1\n|-boost|p2a: Kommo-o|spa|1\n|-boost|p2a: Kommo-o|spd|1\n|-boost|p2a: Kommo-o|spe|1\n|-damage|p2a: Kommo-o|36\/100\n|move|p2b: Chi-Yu|Snarl|p1a: Uncompetitive|[spread] p1b\n|-activate|p1a: Uncompetitive|move: Protect\n|-damage|p1b: Bungo Kong|77\/100\n|-unboost|p1b: Bungo Kong|spa|1\n|\n|-weather|none\n|-heal|p2a: Kommo-o|42\/100|[from] Grassy Terrain\n|-heal|p1b: Bungo Kong|84\/100|[from] Grassy Terrain\n|-fieldend|move: Grassy Terrain\n|-ability|p1a: Uncompetitive|Speed Boost|boost\n|-boost|p1a: Uncompetitive|spe|1\n|upkeep\n|turn|6\n|j| sheeble\n|inactive|Schister has 120 seconds left.\n|\n|t:|1698355753\n|move|p2a: Kommo-o|Protect|p2a: Kommo-o\n|-singleturn|p2a: Kommo-o|Protect\n|move|p1a: Uncompetitive|Baton Pass|p1a: Uncompetitive\n|\n|t:|1698355759\n|switch|p1a: HER|Flutter Mane|100\/100|[from] Baton Pass\n|move|p2b: Chi-Yu|Snarl|p1a: HER|[spread] p1a,p1b\n|-damage|p1a: HER|85\/100\n|-damage|p1b: Bungo Kong|61\/100\n|-unboost|p1a: HER|spa|1\n|-unboost|p1b: Bungo Kong|spa|1\n|move|p1b: Bungo Kong|Wood Hammer|p2b: Chi-Yu\n|-damage|p2b: Chi-Yu|44\/100\n|-damage|p1b: Bungo Kong|48\/100|[from] Recoil\n|\n|upkeep\n|turn|7\n|\n|t:|1698355775\n|switch|p2a: Predator Drone|Cresselia, F|100\/100\n|move|p1a: HER|Moonblast|p2a: Predator Drone\n|-damage|p2a: Predator Drone|75\/100\n|move|p2b: Chi-Yu|Heat Wave|p1b: Bungo Kong|[spread] p1a\n|-miss|p2b: Chi-Yu|p1b: Bungo Kong\n|-damage|p1a: HER|55\/100\n|-status|p1a: HER|brn\n|move|p1b: Bungo Kong|Wood Hammer|p2b: Chi-Yu\n|-damage|p2b: Chi-Yu|0 fnt\n|faint|p2b: Chi-Yu\n|-damage|p1b: Bungo Kong|38\/100|[from] Recoil\n|\n|-damage|p1a: HER|49\/100 brn|[from] brn\n|upkeep\n|\n|t:|1698355782\n|switch|p2b: Kommo-o|Kommo-o, M, shiny|42\/100\n|turn|8\n|c|\u2606fangame10|gg\n|-message|fangame10 forfeited.\n|\n|win|Schister\n|raw|Schister's rating: 1722 &rarr; <strong>1745<\/strong><br \/>(+23 for winning)\n|raw|fangame10's rating: 1772 &rarr; <strong>1749<\/strong><br \/>(-23 for losing)\n|l|\u2606fangame10\n|c|\u2606Schister|gg\n|l|\u2606Schister\n|l| sheeble\n|l| pupechewer\n|j|\u2606Schister\n|player|p1|Schister|clair\n","uploadtime":1698356103,"views":26,"p1id":"schister","p2id":"fangame10","formatid":"gen9doublesou","rating":1745,"private":0,"password":""}