{"id":"gen9doublesou-1987884410","p1":"baki4739","p2":"Maxisc23","format":"[Gen 9] Doubles OU","log":"|j|\u2606baki4739\n|j|\u2606Maxisc23\n|inactive|Battle timer is ON: inactive players will automatically lose when time's up.\n|t:|1699645761\n|gametype|doubles\n|player|p1|baki4739|cynthia-masters|\n|player|p2|Maxisc23|red-masters|\n|teamsize|p1|6\n|teamsize|p2|6\n|gen|9\n|tier|[Gen 9] Doubles OU\n|rated|Tournament battle\n|rule|Species Clause: Limit one of each Pok\u00e9mon\n|rule|OHKO Clause: OHKO moves are banned\n|rule|Evasion Moves Clause: Evasion moves are banned\n|rule|Gravity Sleep Clause: The combination of sleep-inducing moves with imperfect accuracy and Gravity or Gigantamax Orbeetle are banned\n|rule|Endless Battle Clause: Forcing endless battles is banned\n|rule|HP Percentage Mod: HP is shown in percentages\n|rule|Camomons Mod: Pok\u00e9mon have their types set to match their first two moves.\n|clearpoke\n|poke|p1|Amoonguss, M|\n|poke|p1|Volcanion|\n|poke|p1|Cresselia, F|\n|poke|p1|Kingambit, F|\n|poke|p1|Dragonite, M|\n|poke|p1|Heatran, M|\n|poke|p2|Tornadus, M|\n|poke|p2|Iron Hands|\n|poke|p2|Rillaboom, F|\n|poke|p2|Flutter Mane|\n|poke|p2|Ogerpon-Hearthflame, F|\n|poke|p2|Heatran, F|\n|teampreview\n|j|*Lady Monita \u263d\n|inactive|baki4739 has 120 seconds left.\n|c|\u2606baki4739|glhf\n|inactive|baki4739 has 90 seconds left.\n|\n|t:|1699645825\n|start\n|switch|p1a: PuffPuffPass|Amoonguss, M|100\/100\n|switch|p1b: BottomHeavyBitty|Cresselia, F|100\/100\n|switch|p2a: Tornadus|Tornadus, M|100\/100\n|switch|p2b: Iron Hands|Iron Hands|100\/100\n|-start|p2a: Tornadus|typechange|Flying|[silent]\n|-start|p1b: BottomHeavyBitty|typechange|Psychic\/Ice|[silent]\n|-start|p2b: Iron Hands|typechange|Normal\/Fighting|[silent]\n|-start|p1a: PuffPuffPass|typechange|Grass\/Bug|[silent]\n|-start|p1a: PuffPuffPass|typechange|Grass\/Bug|[silent]\n|-start|p1b: BottomHeavyBitty|typechange|Psychic\/Ice|[silent]\n|-start|p2b: Iron Hands|typechange|Normal\/Fighting|[silent]\n|turn|1\n|\n|t:|1699645848\n|move|p2a: Tornadus|Taunt|p1b: BottomHeavyBitty\n|-start|p1b: BottomHeavyBitty|move: Taunt\n|move|p1b: BottomHeavyBitty|Icy Wind|p2a: Tornadus|[spread] p2a,p2b\n|-supereffective|p2a: Tornadus\n|-damage|p2a: Tornadus|69\/100\n|-damage|p2b: Iron Hands|90\/100\n|-unboost|p2b: Iron Hands|spe|1\n|move|p2b: Iron Hands|Fire Punch|p1a: PuffPuffPass\n|-supereffective|p1a: PuffPuffPass\n|-damage|p1a: PuffPuffPass|11\/100\n|-damage|p2b: Iron Hands|74\/100|[from] item: Rocky Helmet|[of] p1a: PuffPuffPass\n|move|p1a: PuffPuffPass|Spore|p2b: Iron Hands\n|-status|p2b: Iron Hands|slp|[from] move: Spore\n|\n|upkeep\n|turn|2\n|inactive|baki4739 has 120 seconds left.\n|inactive|Maxisc23 has 120 seconds left.\n|c|\u2606Maxisc23|Glhf\n|inactive|baki4739 has 90 seconds left.\n|\n|t:|1699645912\n|switch|p1a: BludOnMyPradaKicks|Heatran, M|100\/100\n|-start|p1a: BludOnMyPradaKicks|typechange|Fire|[silent]\n|move|p2a: Tornadus|Bleakwind Storm|p1a: BludOnMyPradaKicks|[spread] p1a,p1b\n|-damage|p1a: BludOnMyPradaKicks|72\/100\n|-damage|p1b: BottomHeavyBitty|84\/100\n|-unboost|p1a: BludOnMyPradaKicks|spe|1\n|move|p1b: BottomHeavyBitty|Psychic|p2b: Iron Hands\n|-supereffective|p2b: Iron Hands\n|-damage|p2b: Iron Hands|34\/100 slp\n|-enditem|p2b: Iron Hands|Sitrus Berry|[eat]\n|-heal|p2b: Iron Hands|59\/100 slp|[from] item: Sitrus Berry\n|cant|p2b: Iron Hands|slp\n|\n|-heal|p1a: BludOnMyPradaKicks|78\/100|[from] item: Leftovers\n|upkeep\n|-start|p1a: BludOnMyPradaKicks|typechange|Fire|[silent]\n|turn|3\n|inactive|baki4739 has 90 seconds left.\n|inactive|Maxisc23 has 120 seconds left.\n|\n|t:|1699645941\n|switch|p2a: Ogerpon|Ogerpon-Hearthflame, F|100\/100\n|-start|p2a: Ogerpon|typechange|Grass\/Normal|[silent]\n|-ability|p2a: Ogerpon|Mold Breaker\n|-end|p2b: Iron Hands|Quark Drive|[silent]\n|switch|p2b: Heatran|Heatran, F|100\/100\n|-start|p2b: Heatran|typechange|Fire\/Steel|[silent]\n|move|p1b: BottomHeavyBitty|Dazzling Gleam|p2b: Heatran|[spread] p2a,p2b\n|-resisted|p2b: Heatran\n|-damage|p2a: Ogerpon|87\/100\n|-damage|p2b: Heatran|99\/100\n|move|p1a: BludOnMyPradaKicks|Lava Plume|p2a: Ogerpon|[spread] p1b,p2a\n|-start|p2b: Heatran|ability: Flash Fire\n|-supereffective|p1b: BottomHeavyBitty\n|-supereffective|p2a: Ogerpon\n|-damage|p1b: BottomHeavyBitty|45\/100\n|-damage|p2a: Ogerpon|3\/100\n|-status|p2a: Ogerpon|brn\n|\n|-heal|p1a: BludOnMyPradaKicks|85\/100|[from] item: Leftovers\n|-damage|p2a: Ogerpon|0 fnt|[from] brn\n|faint|p2a: Ogerpon\n|-end|p1b: BottomHeavyBitty|move: Taunt\n|upkeep\n|j|^RUMYMOME\n|inactive|Maxisc23 has 120 seconds left.\n|\n|t:|1699645961\n|switch|p2a: Flutter Mane|Flutter Mane|100\/100\n|-start|p2a: Flutter Mane|typechange|Fairy|[silent]\n|-start|p2a: Flutter Mane|typechange|Fairy|[silent]\n|turn|4\n|inactive|Maxisc23 has 120 seconds left.\n|inactive|baki4739 has 90 seconds left.\n|inactive|baki4739 has 60 seconds left.\n|\n|t:|1699646047\n|-end|p2b: Heatran|ability: Flash Fire|[silent]\n|switch|p2b: Tornadus|Tornadus, M|69\/100\n|-start|p2b: Tornadus|typechange|Flying|[silent]\n|move|p2a: Flutter Mane|Power Gem|p1b: BottomHeavyBitty\n|-supereffective|p1b: BottomHeavyBitty\n|-damage|p1b: BottomHeavyBitty|0 fnt\n|faint|p1b: BottomHeavyBitty\n|move|p1a: BludOnMyPradaKicks|Earth Power|p2b: Tornadus\n|-immune|p2b: Tornadus\n|\n|-heal|p1a: BludOnMyPradaKicks|91\/100|[from] item: Leftovers\n|upkeep\n|inactive|baki4739 has 30 seconds left.\n|inactive|baki4739 has 20 seconds left.\n|\n|t:|1699646068\n|switch|p1b: PuffPuffPass|Amoonguss, M|44\/100\n|-start|p1b: PuffPuffPass|typechange|Grass\/Bug|[silent]\n|-start|p1b: PuffPuffPass|typechange|Grass\/Bug|[silent]\n|turn|5\n|inactive|Maxisc23 has 120 seconds left.\n|\n|t:|1699646092\n|switch|p1b: SteamNotSmoke|Volcanion|100\/100\n|-start|p1b: SteamNotSmoke|typechange|Water\/Fire|[silent]\n|move|p1a: BludOnMyPradaKicks|Protect|p1a: BludOnMyPradaKicks\n|-singleturn|p1a: BludOnMyPradaKicks|Protect\n|move|p2a: Flutter Mane|Power Gem|p1a: BludOnMyPradaKicks\n|-activate|p1a: BludOnMyPradaKicks|move: Protect\n|move|p2b: Tornadus|Bleakwind Storm|p1b: SteamNotSmoke|[spread] p1b\n|-activate|p1a: BludOnMyPradaKicks|move: Protect\n|-damage|p1b: SteamNotSmoke|80\/100\n|\n|-heal|p1a: BludOnMyPradaKicks|97\/100|[from] item: Leftovers\n|upkeep\n|-start|p1b: SteamNotSmoke|typechange|Water\/Fire|[silent]\n|turn|6\n|inactive|baki4739 has 60 seconds left.\n|inactive|Maxisc23 has 120 seconds left.\n|\n|t:|1699646121\n|move|p2b: Tornadus|Tailwind|p2b: Tornadus\n|-sidestart|p2: Maxisc23|move: Tailwind\n|move|p2a: Flutter Mane|Power Gem|p1a: BludOnMyPradaKicks\n|-supereffective|p1a: BludOnMyPradaKicks\n|-damage|p1a: BludOnMyPradaKicks|31\/100\n|move|p1b: SteamNotSmoke|Sludge Bomb|p2a: Flutter Mane\n|-supereffective|p2a: Flutter Mane\n|-damage|p2a: Flutter Mane|41\/100\n|move|p1a: BludOnMyPradaKicks|Magma Storm|p2b: Tornadus\n|-damage|p2b: Tornadus|2\/100\n|-activate|p2b: Tornadus|move: Magma Storm|[of] p1a: BludOnMyPradaKicks\n|\n|-heal|p1a: BludOnMyPradaKicks|37\/100|[from] item: Leftovers\n|-damage|p2b: Tornadus|0 fnt|[from] move: Magma Storm|[partiallytrapped]\n|faint|p2b: Tornadus\n|upkeep\n|inactive|Maxisc23 has 90 seconds left.\n|\n|t:|1699646160\n|switch|p2b: Rillaboom|Rillaboom, F|100\/100\n|-start|p2b: Rillaboom|typechange|Normal\/Grass|[silent]\n|-fieldstart|move: Grassy Terrain|[from] ability: Grassy Surge|[of] p2b: Rillaboom\n|-start|p2b: Rillaboom|typechange|Normal\/Grass|[silent]\n|turn|7\n|inactive|baki4739 has 60 seconds left.\n|inactive|Maxisc23 has 90 seconds left.\n|\n|t:|1699646187\n|move|p1a: BludOnMyPradaKicks|Protect|p1a: BludOnMyPradaKicks\n|-singleturn|p1a: BludOnMyPradaKicks|Protect\n|move|p2b: Rillaboom|Fake Out|p1a: BludOnMyPradaKicks\n|-activate|p1a: BludOnMyPradaKicks|move: Protect\n|move|p2a: Flutter Mane|Power Gem|p1b: SteamNotSmoke\n|-supereffective|p1b: SteamNotSmoke\n|-damage|p1b: SteamNotSmoke|28\/100\n|move|p1b: SteamNotSmoke|Sludge Bomb|p2a: Flutter Mane\n|-supereffective|p2a: Flutter Mane\n|-crit|p2a: Flutter Mane\n|-damage|p2a: Flutter Mane|0 fnt\n|faint|p2a: Flutter Mane\n|-end|p2a: Flutter Mane|Protosynthesis|[silent]\n|\n|-heal|p1b: SteamNotSmoke|34\/100|[from] Grassy Terrain\n|-heal|p1a: BludOnMyPradaKicks|43\/100|[from] Grassy Terrain\n|-heal|p1a: BludOnMyPradaKicks|49\/100|[from] item: Leftovers\n|upkeep\n|\n|t:|1699646201\n|switch|p2a: Heatran|Heatran, F|99\/100\n|-start|p2a: Heatran|typechange|Fire\/Steel|[silent]\n|turn|8\n|\n|t:|1699646223\n|move|p2b: Rillaboom|Grassy Glide|p1b: SteamNotSmoke\n|-damage|p1b: SteamNotSmoke|1\/100\n|move|p2a: Heatran|Earth Power|p1a: BludOnMyPradaKicks\n|-supereffective|p1a: BludOnMyPradaKicks\n|-damage|p1a: BludOnMyPradaKicks|0 fnt\n|faint|p1a: BludOnMyPradaKicks\n|move|p1b: SteamNotSmoke|Steam Eruption|p2b: Rillaboom|[miss]\n|-miss|p1b: SteamNotSmoke|p2b: Rillaboom\n|\n|-heal|p2a: Heatran|100\/100|[from] Grassy Terrain\n|-heal|p1b: SteamNotSmoke|7\/100|[from] Grassy Terrain\n|upkeep\n|inactive|baki4739 has 60 seconds left.\n|\n|t:|1699646242\n|switch|p1a: Akirager|Dragonite, M|100\/100\n|-start|p1a: Akirager|typechange|Dragon\/Ground|[silent]\n|-start|p1a: Akirager|typechange|Dragon\/Ground|[silent]\n|turn|9\n|inactive|Maxisc23 has 120 seconds left.\n|inactive|Maxisc23 has 90 seconds left.\n|\n|t:|1699646296\n|-terastallize|p2a: Heatran|Fairy\n|move|p2a: Heatran|Heat Wave|p1b: SteamNotSmoke|[spread] p1a,p1b\n|-resisted|p1a: Akirager\n|-resisted|p1b: SteamNotSmoke\n|-damage|p1a: Akirager|90\/100\n|-damage|p1b: SteamNotSmoke|1\/100\n|move|p2b: Rillaboom|U-turn|p1a: Akirager\n|-damage|p1a: Akirager|62\/100\n|inactive|Maxisc23 has 60 seconds left.\n|\n|t:|1699646317\n|switch|p2b: Iron Hands|Iron Hands|59\/100 slp|[from] U-turn\n|-start|p2b: Iron Hands|typechange|Normal\/Fighting|[silent]\n|move|p1a: Akirager|Dragon Dance|p1a: Akirager\n|-boost|p1a: Akirager|atk|1\n|-boost|p1a: Akirager|spe|1\n|move|p1b: SteamNotSmoke|Sludge Bomb|p2b: Iron Hands\n|-damage|p2b: Iron Hands|36\/100 slp\n|\n|-heal|p1a: Akirager|69\/100|[from] Grassy Terrain\n|-heal|p2b: Iron Hands|43\/100 slp|[from] Grassy Terrain\n|-heal|p1b: SteamNotSmoke|7\/100|[from] Grassy Terrain\n|-sideend|p2: Maxisc23|move: Tailwind\n|upkeep\n|-start|p2b: Iron Hands|typechange|Normal\/Fighting|[silent]\n|turn|10\n|inactive|baki4739 has 90 seconds left.\n|inactive|Maxisc23 has 60 seconds left.\n|inactive|baki4739 has 60 seconds left.\n|\n|t:|1699646359\n|move|p1a: Akirager|Extreme Speed|p2a: Heatran\n|-damage|p2a: Heatran|59\/100\n|move|p2a: Heatran|Tera Blast|p1a: Akirager|[anim] Tera Blast Fairy\n|-supereffective|p1a: Akirager\n|-damage|p1a: Akirager|0 fnt\n|faint|p1a: Akirager\n|-curestatus|p2b: Iron Hands|slp|[msg]\n|move|p2b: Iron Hands|Drain Punch|p1b: SteamNotSmoke\n|-damage|p1b: SteamNotSmoke|0 fnt\n|-heal|p2b: Iron Hands|45\/100|[from] drain|[of] p1b: SteamNotSmoke\n|faint|p1b: SteamNotSmoke\n|\n|-heal|p2a: Heatran|66\/100|[from] Grassy Terrain\n|-heal|p2b: Iron Hands|51\/100|[from] Grassy Terrain\n|upkeep\n|\n|t:|1699646377\n|switch|p1a: ZabuzaChopU|Kingambit, F|100\/100\n|switch|p1b: PuffPuffPass|Amoonguss, M|77\/100\n|-start|p1a: ZabuzaChopU|typechange|Normal\/Dark|[silent]\n|-activate|p1a: ZabuzaChopU|ability: Supreme Overlord\n|-start|p1a: ZabuzaChopU|fallen4|[silent]\n|-start|p1b: PuffPuffPass|typechange|Grass\/Bug|[silent]\n|-start|p1a: ZabuzaChopU|typechange|Normal\/Dark|[silent]\n|-start|p1b: PuffPuffPass|typechange|Grass\/Bug|[silent]\n|turn|11\n|inactive|baki4739 has 60 seconds left.\n|\n|t:|1699646404\n|move|p2a: Heatran|Heat Wave|p1b: PuffPuffPass|[spread] p1a,p1b\n|-supereffective|p1b: PuffPuffPass\n|-crit|p1b: PuffPuffPass\n|-damage|p1a: ZabuzaChopU|63\/100\n|-damage|p1b: PuffPuffPass|0 fnt\n|faint|p1b: PuffPuffPass\n|move|p2b: Iron Hands|Drain Punch|p1a: ZabuzaChopU\n|-supereffective|p1a: ZabuzaChopU\n|-damage|p1a: ZabuzaChopU|0 fnt\n|-heal|p2b: Iron Hands|79\/100|[from] drain|[of] p1a: ZabuzaChopU\n|faint|p1a: ZabuzaChopU\n|-end|p1a: ZabuzaChopU|fallen4|[silent]\n|\n|win|Maxisc23\n|n|\u2606baki4739|baki4739\n|n|\u2606Maxisc23|maxisc23\n|n|*Lady Monita \u263d|ladymonita\n|n| RUMYMOME|rumymome\n","uploadtime":1699646405,"views":7,"p1id":"baki4739","p2id":"maxisc23","formatid":"gen9doublesou","rating":0,"private":0,"password":""}