{"id":"gen9doublesou-1995613374","p1":"OPieceOfHeroGhost","p2":"Diniz41","format":"[Gen 9] Doubles OU","log":"|j|\u2606OPieceOfHeroGhost\n|j|\u2606Diniz41\n|t:|1700587543\n|gametype|doubles\n|player|p1|OPieceOfHeroGhost|morty|1501\n|player|p2|Diniz41|hiker|1442\n|teamsize|p1|6\n|teamsize|p2|6\n|gen|9\n|tier|[Gen 9] Doubles OU\n|rated|\n|rule|Species Clause: Limit one of each Pok\u00e9mon\n|rule|OHKO Clause: OHKO moves are banned\n|rule|Evasion Moves Clause: Evasion moves are banned\n|rule|Gravity Sleep Clause: The combination of sleep-inducing moves with imperfect accuracy and Gravity or Gigantamax Orbeetle are banned\n|rule|Endless Battle Clause: Forcing endless battles is banned\n|rule|HP Percentage Mod: HP is shown in percentages\n|clearpoke\n|poke|p1|Gholdengo|\n|poke|p1|Chien-Pao|\n|poke|p1|Arcanine-Hisui, F|\n|poke|p1|Bronzong|\n|poke|p1|Amoonguss, F|\n|poke|p1|Iron Hands|\n|poke|p2|Oranguru, F|\n|poke|p2|Gastrodon, F|\n|poke|p2|Chi-Yu|\n|poke|p2|Gothitelle, M|\n|poke|p2|Sinistcha|\n|poke|p2|Ting-Lu|\n|teampreview\n|\n|t:|1700587555\n|start\n|switch|p1a: Chien-Pao|Chien-Pao|100\/100\n|switch|p1b: Arcanine|Arcanine-Hisui, F|100\/100\n|switch|p2a: Gastrodon|Gastrodon, F|100\/100\n|switch|p2b: Oranguru|Oranguru, F|100\/100\n|-ability|p1a: Chien-Pao|Sword of Ruin\n|-ability|p1b: Arcanine|Intimidate|boost\n|-unboost|p2a: Gastrodon|atk|1\n|-unboost|p2b: Oranguru|atk|1\n|turn|1\n|\n|t:|1700587577\n|switch|p1b: \u7239\uff01|Amoonguss, F|100\/100\n|switch|p2b: Ting-Lu|Ting-Lu|100\/100\n|-ability|p2b: Ting-Lu|Vessel of Ruin\n|move|p1a: Chien-Pao|Throat Chop|p2b: Ting-Lu\n|-resisted|p2b: Ting-Lu\n|-damage|p2b: Ting-Lu|88\/100\n|-start|p2b: Ting-Lu|Throat Chop|[silent]\n|move|p2a: Gastrodon|Stockpile|p2a: Gastrodon\n|-start|p2a: Gastrodon|stockpile1\n|-boost|p2a: Gastrodon|def|1\n|-boost|p2a: Gastrodon|spd|1\n|\n|-heal|p2b: Ting-Lu|94\/100|[from] item: Leftovers\n|upkeep\n|turn|2\n|\n|t:|1700587597\n|move|p1a: Chien-Pao|Haze|p1a: Chien-Pao\n|-clearallboost\n|move|p2b: Ting-Lu|Heavy Slam|p1b: \u7239\uff01\n|-damage|p1b: \u7239\uff01|71\/100\n|move|p2a: Gastrodon|Icy Wind|p1a: Chien-Pao|[spread] p1a,p1b\n|-resisted|p1a: Chien-Pao\n|-supereffective|p1b: \u7239\uff01\n|-damage|p1a: Chien-Pao|96\/100\n|-damage|p1b: \u7239\uff01|59\/100\n|-unboost|p1a: Chien-Pao|spe|1\n|-unboost|p1b: \u7239\uff01|spe|1\n|move|p1b: \u7239\uff01|Spore|p2b: Ting-Lu\n|-status|p2b: Ting-Lu|slp|[from] move: Spore\n|\n|-heal|p2b: Ting-Lu|99\/100 slp|[from] item: Leftovers\n|-end|p2b: Ting-Lu|Throat Chop|[silent]\n|upkeep\n|turn|3\n|\n|t:|1700587623\n|switch|p1a: Gholdengo|Gholdengo|100\/100\n|cant|p2b: Ting-Lu|slp\n|move|p2a: Gastrodon|Icy Wind|p1b: \u7239\uff01|[spread] p1a,p1b\n|-resisted|p1a: Gholdengo\n|-supereffective|p1b: \u7239\uff01\n|-damage|p1a: Gholdengo|98\/100\n|-damage|p1b: \u7239\uff01|47\/100\n|-unboost|p1a: Gholdengo|spe|1\n|-unboost|p1b: \u7239\uff01|spe|1\n|move|p1b: \u7239\uff01|Spore|p2a: Gastrodon\n|-status|p2a: Gastrodon|slp|[from] move: Spore\n|\n|-heal|p1a: Gholdengo|100\/100|[from] item: Leftovers\n|-heal|p2b: Ting-Lu|100\/100 slp|[from] item: Leftovers\n|upkeep\n|turn|4\n|\n|t:|1700587638\n|move|p1b: \u7239\uff01|Rage Powder|p1b: \u7239\uff01\n|-singleturn|p1b: \u7239\uff01|move: Rage Powder\n|move|p1a: Gholdengo|Nasty Plot|p1a: Gholdengo\n|-boost|p1a: Gholdengo|spa|2\n|cant|p2b: Ting-Lu|slp\n|cant|p2a: Gastrodon|slp\n|\n|upkeep\n|turn|5\n|\n|t:|1700587652\n|move|p1b: \u7239\uff01|Rage Powder|p1b: \u7239\uff01\n|-singleturn|p1b: \u7239\uff01|move: Rage Powder\n|move|p1a: Gholdengo|Nasty Plot|p1a: Gholdengo\n|-boost|p1a: Gholdengo|spa|2\n|cant|p2b: Ting-Lu|slp\n|cant|p2a: Gastrodon|slp\n|\n|upkeep\n|turn|6\n|\n|t:|1700587668\n|move|p1b: \u7239\uff01|Rage Powder|p1b: \u7239\uff01\n|-singleturn|p1b: \u7239\uff01|move: Rage Powder\n|move|p1a: Gholdengo|Shadow Ball|p2a: Gastrodon\n|-damage|p2a: Gastrodon|39\/100 slp\n|-curestatus|p2b: Ting-Lu|slp|[msg]\n|move|p2b: Ting-Lu|Snarl|p1b: \u7239\uff01|[spread] p1a,p1b\n|-supereffective|p1a: Gholdengo\n|-damage|p1a: Gholdengo|84\/100\n|-damage|p1b: \u7239\uff01|38\/100\n|-unboost|p1a: Gholdengo|spa|1\n|-unboost|p1b: \u7239\uff01|spa|1\n|-curestatus|p2a: Gastrodon|slp|[msg]\n|move|p2a: Gastrodon|Icy Wind|p1a: Gholdengo|[spread] p1a,p1b\n|-resisted|p1a: Gholdengo\n|-supereffective|p1b: \u7239\uff01\n|-damage|p1a: Gholdengo|80\/100\n|-damage|p1b: \u7239\uff01|25\/100\n|-unboost|p1a: Gholdengo|spe|1\n|-unboost|p1b: \u7239\uff01|spe|1\n|-enditem|p1b: \u7239\uff01|Aguav Berry|[eat]\n|-heal|p1b: \u7239\uff01|59\/100|[from] item: Aguav Berry\n|\n|-heal|p1a: Gholdengo|87\/100|[from] item: Leftovers\n|-heal|p2a: Gastrodon|45\/100|[from] item: Leftovers\n|upkeep\n|turn|7\n|\n|t:|1700587694\n|switch|p2a: Chi-Yu|Chi-Yu|100\/100\n|-ability|p2a: Chi-Yu|Beads of Ruin\n|switch|p1b: \u4f60\u62cd\u4e03\uff0c\u6211\u62cd\u516b\uff0c\u51b0\u51bb\u62f3\u7ed9\u4f60\u5413\u4e00\u8df3|Iron Hands|100\/100\n|move|p1a: Gholdengo|Protect|p1a: Gholdengo\n|-singleturn|p1a: Gholdengo|Protect\n|move|p2b: Ting-Lu|Snarl|p1b: \u4f60\u62cd\u4e03\uff0c\u6211\u62cd\u516b\uff0c\u51b0\u51bb\u62f3\u7ed9\u4f60\u5413\u4e00\u8df3|[spread] p1b\n|-activate|p1a: Gholdengo|move: Protect\n|-resisted|p1b: \u4f60\u62cd\u4e03\uff0c\u6211\u62cd\u516b\uff0c\u51b0\u51bb\u62f3\u7ed9\u4f60\u5413\u4e00\u8df3\n|-damage|p1b: \u4f60\u62cd\u4e03\uff0c\u6211\u62cd\u516b\uff0c\u51b0\u51bb\u62f3\u7ed9\u4f60\u5413\u4e00\u8df3|98\/100\n|-unboost|p1b: \u4f60\u62cd\u4e03\uff0c\u6211\u62cd\u516b\uff0c\u51b0\u51bb\u62f3\u7ed9\u4f60\u5413\u4e00\u8df3|spa|1\n|\n|-heal|p1a: Gholdengo|93\/100|[from] item: Leftovers\n|upkeep\n|turn|8\n|\n|t:|1700587710\n|switch|p1a: Arcanine|Arcanine-Hisui, F|100\/100\n|-ability|p1a: Arcanine|Intimidate|boost\n|-unboost|p2a: Chi-Yu|atk|1\n|-unboost|p2b: Ting-Lu|atk|1\n|move|p2a: Chi-Yu|Protect|p2a: Chi-Yu\n|-singleturn|p2a: Chi-Yu|Protect\n|move|p2b: Ting-Lu|Protect|p2b: Ting-Lu\n|-singleturn|p2b: Ting-Lu|Protect\n|move|p1b: \u4f60\u62cd\u4e03\uff0c\u6211\u62cd\u516b\uff0c\u51b0\u51bb\u62f3\u7ed9\u4f60\u5413\u4e00\u8df3|Drain Punch|p2a: Chi-Yu\n|-activate|p2a: Chi-Yu|move: Protect\n|\n|upkeep\n|turn|9\n|\n|t:|1700587749\n|switch|p1a: Bronzong|Bronzong|100\/100\n|switch|p2b: Oranguru|Oranguru, F|100\/100\n|move|p2a: Chi-Yu|Psychic|p1b: \u4f60\u62cd\u4e03\uff0c\u6211\u62cd\u516b\uff0c\u51b0\u51bb\u62f3\u7ed9\u4f60\u5413\u4e00\u8df3\n|-supereffective|p1b: \u4f60\u62cd\u4e03\uff0c\u6211\u62cd\u516b\uff0c\u51b0\u51bb\u62f3\u7ed9\u4f60\u5413\u4e00\u8df3\n|-damage|p1b: \u4f60\u62cd\u4e03\uff0c\u6211\u62cd\u516b\uff0c\u51b0\u51bb\u62f3\u7ed9\u4f60\u5413\u4e00\u8df3|41\/100\n|-damage|p2a: Chi-Yu|91\/100|[from] item: Life Orb\n|move|p1b: \u4f60\u62cd\u4e03\uff0c\u6211\u62cd\u516b\uff0c\u51b0\u51bb\u62f3\u7ed9\u4f60\u5413\u4e00\u8df3|Drain Punch|p2a: Chi-Yu\n|-supereffective|p2a: Chi-Yu\n|-damage|p2a: Chi-Yu|0 fnt\n|-heal|p1b: \u4f60\u62cd\u4e03\uff0c\u6211\u62cd\u516b\uff0c\u51b0\u51bb\u62f3\u7ed9\u4f60\u5413\u4e00\u8df3|64\/100|[from] drain|[of] p2a: Chi-Yu\n|faint|p2a: Chi-Yu\n|\n|upkeep\n|\n|t:|1700587766\n|switch|p2a: Gastrodon|Gastrodon, F|45\/100\n|turn|10\n|\n|t:|1700587775\n|move|p2b: Oranguru|Encore|p1b: \u4f60\u62cd\u4e03\uff0c\u6211\u62cd\u516b\uff0c\u51b0\u51bb\u62f3\u7ed9\u4f60\u5413\u4e00\u8df3\n|-start|p1b: \u4f60\u62cd\u4e03\uff0c\u6211\u62cd\u516b\uff0c\u51b0\u51bb\u62f3\u7ed9\u4f60\u5413\u4e00\u8df3|Encore\n|move|p1b: \u4f60\u62cd\u4e03\uff0c\u6211\u62cd\u516b\uff0c\u51b0\u51bb\u62f3\u7ed9\u4f60\u5413\u4e00\u8df3|Drain Punch|p2a: Gastrodon\n|-damage|p2a: Gastrodon|0 fnt\n|-heal|p1b: \u4f60\u62cd\u4e03\uff0c\u6211\u62cd\u516b\uff0c\u51b0\u51bb\u62f3\u7ed9\u4f60\u5413\u4e00\u8df3|84\/100|[from] drain|[of] p2a: Gastrodon\n|faint|p2a: Gastrodon\n|move|p1a: Bronzong|Body Press|p2b: Oranguru\n|-crit|p2b: Oranguru\n|-damage|p2b: Oranguru|68\/100\n|\n|upkeep\n|\n|t:|1700587787\n|switch|p2a: Sinistcha|Sinistcha|100\/100\n|-heal|p2b: Oranguru|92\/100|[from] ability: Hospitality|[of] p2a: Sinistcha\n|turn|11\n|\n|t:|1700587794\n|move|p2a: Sinistcha|Matcha Gotcha|p1b: \u4f60\u62cd\u4e03\uff0c\u6211\u62cd\u516b\uff0c\u51b0\u51bb\u62f3\u7ed9\u4f60\u5413\u4e00\u8df3|[spread] p1a,p1b\n|-resisted|p1a: Bronzong\n|-damage|p1a: Bronzong|91\/100\n|-damage|p1b: \u4f60\u62cd\u4e03\uff0c\u6211\u62cd\u516b\uff0c\u51b0\u51bb\u62f3\u7ed9\u4f60\u5413\u4e00\u8df3|73\/100\n|-status|p1a: Bronzong|brn\n|-status|p1b: \u4f60\u62cd\u4e03\uff0c\u6211\u62cd\u516b\uff0c\u51b0\u51bb\u62f3\u7ed9\u4f60\u5413\u4e00\u8df3|brn\n|move|p2b: Oranguru|Psychic|p1b: \u4f60\u62cd\u4e03\uff0c\u6211\u62cd\u516b\uff0c\u51b0\u51bb\u62f3\u7ed9\u4f60\u5413\u4e00\u8df3\n|-supereffective|p1b: \u4f60\u62cd\u4e03\uff0c\u6211\u62cd\u516b\uff0c\u51b0\u51bb\u62f3\u7ed9\u4f60\u5413\u4e00\u8df3\n|-damage|p1b: \u4f60\u62cd\u4e03\uff0c\u6211\u62cd\u516b\uff0c\u51b0\u51bb\u62f3\u7ed9\u4f60\u5413\u4e00\u8df3|45\/100 brn\n|move|p1b: \u4f60\u62cd\u4e03\uff0c\u6211\u62cd\u516b\uff0c\u51b0\u51bb\u62f3\u7ed9\u4f60\u5413\u4e00\u8df3|Drain Punch|p2b: Oranguru\n|-damage|p2b: Oranguru|75\/100\n|-heal|p1b: \u4f60\u62cd\u4e03\uff0c\u6211\u62cd\u516b\uff0c\u51b0\u51bb\u62f3\u7ed9\u4f60\u5413\u4e00\u8df3|52\/100 brn|[from] drain|[of] p2b: Oranguru\n|move|p1a: Bronzong|Gyro Ball|p2a: Sinistcha\n|-damage|p2a: Sinistcha|93\/100\n|\n|-heal|p2a: Sinistcha|99\/100|[from] item: Leftovers\n|-damage|p1b: \u4f60\u62cd\u4e03\uff0c\u6211\u62cd\u516b\uff0c\u51b0\u51bb\u62f3\u7ed9\u4f60\u5413\u4e00\u8df3|46\/100 brn|[from] brn\n|-damage|p1a: Bronzong|85\/100 brn|[from] brn\n|upkeep\n|turn|12\n|\n|t:|1700587822\n|-end|p1b: \u4f60\u62cd\u4e03\uff0c\u6211\u62cd\u516b\uff0c\u51b0\u51bb\u62f3\u7ed9\u4f60\u5413\u4e00\u8df3|Quark Drive|[silent]\n|switch|p1b: \u7239\uff01|Amoonguss, F|92\/100\n|switch|p1a: Arcanine|Arcanine-Hisui, F|100\/100\n|-ability|p1a: Arcanine|Intimidate|boost\n|-unboost|p2a: Sinistcha|atk|1\n|-unboost|p2b: Oranguru|atk|1\n|move|p2a: Sinistcha|Matcha Gotcha|p1a: Arcanine|[spread] p1a,p1b\n|-crit|p1a: Arcanine\n|-resisted|p1b: \u7239\uff01\n|-damage|p1a: Arcanine|54\/100\n|-heal|p2a: Sinistcha|100\/100|[from] drain|[of] p1a: Arcanine\n|-damage|p1b: \u7239\uff01|87\/100\n|move|p2b: Oranguru|Encore||[still]\n|-fail|p2b: Oranguru\n|\n|upkeep\n|turn|13\n|\n|t:|1700587836\n|move|p1b: \u7239\uff01|Rage Powder|p1b: \u7239\uff01\n|-singleturn|p1b: \u7239\uff01|move: Rage Powder\n|move|p1a: Arcanine|Flare Blitz|p2a: Sinistcha\n|-supereffective|p2a: Sinistcha\n|-damage|p2a: Sinistcha|0 fnt\n|faint|p2a: Sinistcha\n|-damage|p1a: Arcanine|20\/100|[from] Recoil\n|move|p2b: Oranguru|Psychic|p1b: \u7239\uff01\n|-supereffective|p1b: \u7239\uff01\n|-damage|p1b: \u7239\uff01|31\/100\n|\n|upkeep\n|\n|t:|1700587847\n|switch|p2a: Ting-Lu|Ting-Lu|100\/100\n|-ability|p2a: Ting-Lu|Vessel of Ruin\n|turn|14\n|\n|t:|1700587856\n|switch|p1b: Bronzong|Bronzong|85\/100 brn\n|move|p1a: Arcanine|Flare Blitz|p2b: Oranguru\n|-damage|p2b: Oranguru|0 fnt\n|faint|p2b: Oranguru\n|-damage|p1a: Arcanine|0 fnt|[from] Recoil\n|faint|p1a: Arcanine\n|move|p2a: Ting-Lu|Snarl|p1b: Bronzong\n|-supereffective|p1b: Bronzong\n|-damage|p1b: Bronzong|67\/100 brn\n|-unboost|p1b: Bronzong|spa|1\n|\n|-damage|p1b: Bronzong|61\/100 brn|[from] brn\n|upkeep\n|\n|t:|1700587866\n|switch|p1a: Chien-Pao|Chien-Pao|96\/100\n|switch|p2b: Gothitelle|Gothitelle, M|100\/100\n|-ability|p1a: Chien-Pao|Sword of Ruin\n|turn|15\n|\n|t:|1700587882\n|-terastallize|p2a: Ting-Lu|Dark\n|move|p1a: Chien-Pao|Protect|p1a: Chien-Pao\n|-singleturn|p1a: Chien-Pao|Protect\n|move|p2b: Gothitelle|Protect|p2b: Gothitelle\n|-singleturn|p2b: Gothitelle|Protect\n|move|p2a: Ting-Lu|Heavy Slam|p1a: Chien-Pao\n|-activate|p1a: Chien-Pao|move: Protect\n|move|p1b: Bronzong|Skill Swap|p2b: Gothitelle\n|-activate|p2b: Gothitelle|move: Protect\n|\n|-damage|p1b: Bronzong|54\/100 brn|[from] brn\n|upkeep\n|turn|16\n|\n|t:|1700587901\n|move|p1a: Chien-Pao|Throat Chop|p2b: Gothitelle\n|-supereffective|p2b: Gothitelle\n|-damage|p2b: Gothitelle|0 fnt\n|faint|p2b: Gothitelle\n|move|p2a: Ting-Lu|Heavy Slam|p1a: Chien-Pao\n|-supereffective|p1a: Chien-Pao\n|-damage|p1a: Chien-Pao|28\/100\n|move|p1b: Bronzong|Skill Swap|p2a: Ting-Lu\n|-activate|p1b: Bronzong|move: Skill Swap|Vessel of Ruin|Levitate|[of] p2a: Ting-Lu\n|-ability|p1b: Bronzong|Vessel of Ruin\n|\n|-damage|p1b: Bronzong|48\/100 brn|[from] brn\n|upkeep\n|turn|17\n|\n|t:|1700587914\n|move|p1a: Chien-Pao|Protect|p1a: Chien-Pao\n|-singleturn|p1a: Chien-Pao|Protect\n|move|p2a: Ting-Lu|Snarl|p1b: Bronzong|[spread] p1b\n|-activate|p1a: Chien-Pao|move: Protect\n|-supereffective|p1b: Bronzong\n|-damage|p1b: Bronzong|33\/100 brn\n|-unboost|p1b: Bronzong|spa|1\n|move|p1b: Bronzong|Body Press|p2a: Ting-Lu\n|-supereffective|p2a: Ting-Lu\n|-damage|p2a: Ting-Lu|82\/100\n|\n|-heal|p2a: Ting-Lu|88\/100|[from] item: Leftovers\n|-damage|p1b: Bronzong|27\/100 brn|[from] brn\n|upkeep\n|turn|18\n|\n|t:|1700587935\n|switch|p1a: \u7239\uff01|Amoonguss, F|65\/100\n|move|p2a: Ting-Lu|Heavy Slam|p1a: \u7239\uff01\n|-damage|p1a: \u7239\uff01|43\/100\n|move|p1b: Bronzong|Trick Room|p1b: Bronzong\n|-fieldstart|move: Trick Room|[of] p1b: Bronzong\n|\n|-heal|p2a: Ting-Lu|95\/100|[from] item: Leftovers\n|-damage|p1b: Bronzong|20\/100 brn|[from] brn\n|upkeep\n|turn|19\n|\n|t:|1700587950\n|switch|p1b: Gholdengo|Gholdengo|93\/100\n|move|p2a: Ting-Lu|Protect|p2a: Ting-Lu\n|-singleturn|p2a: Ting-Lu|Protect\n|move|p1a: \u7239\uff01|Spore|p2a: Ting-Lu\n|-activate|p2a: Ting-Lu|move: Protect\n|\n|-heal|p2a: Ting-Lu|100\/100|[from] item: Leftovers\n|-heal|p1b: Gholdengo|99\/100|[from] item: Leftovers\n|upkeep\n|turn|20\n|\n|t:|1700587957\n|move|p1a: \u7239\uff01|Spore|p2a: Ting-Lu\n|-status|p2a: Ting-Lu|slp|[from] move: Spore\n|cant|p2a: Ting-Lu|slp\n|move|p1b: Gholdengo|Nasty Plot|p1b: Gholdengo\n|-boost|p1b: Gholdengo|spa|2\n|\n|-heal|p1b: Gholdengo|100\/100|[from] item: Leftovers\n|upkeep\n|turn|21\n|\n|t:|1700587968\n|move|p1a: \u7239\uff01|Pollen Puff|p2a: Ting-Lu\n|-supereffective|p2a: Ting-Lu\n|-damage|p2a: Ting-Lu|77\/100 slp\n|-curestatus|p2a: Ting-Lu|slp|[msg]\n|move|p2a: Ting-Lu|Stomping Tantrum|p1b: Gholdengo\n|-supereffective|p1b: Gholdengo\n|-damage|p1b: Gholdengo|22\/100\n|move|p1b: Gholdengo|Nasty Plot|p1b: Gholdengo\n|-boost|p1b: Gholdengo|spa|2\n|\n|-heal|p2a: Ting-Lu|83\/100|[from] item: Leftovers\n|-heal|p1b: Gholdengo|28\/100|[from] item: Leftovers\n|upkeep\n|turn|22\n|\n|t:|1700587980\n|move|p2a: Ting-Lu|Protect|p2a: Ting-Lu\n|-singleturn|p2a: Ting-Lu|Protect\n|move|p1b: Gholdengo|Protect|p1b: Gholdengo\n|-singleturn|p1b: Gholdengo|Protect\n|move|p1a: \u7239\uff01|Spore|p2a: Ting-Lu\n|-activate|p2a: Ting-Lu|move: Protect\n|\n|-heal|p2a: Ting-Lu|89\/100|[from] item: Leftovers\n|-heal|p1b: Gholdengo|35\/100|[from] item: Leftovers\n|-fieldend|move: Trick Room\n|upkeep\n|turn|23\n|\n|t:|1700587992\n|move|p1b: Gholdengo|Make It Rain|p2a: Ting-Lu\n|-damage|p2a: Ting-Lu|0 fnt\n|-unboost|p1b: Gholdengo|spa|1\n|faint|p2a: Ting-Lu\n|\n|win|OPieceOfHeroGhost\n|raw|OPieceOfHeroGhost's rating: 1501 &rarr; <strong>1518<\/strong><br \/>(+17 for winning)\n|raw|Diniz41's rating: 1442 &rarr; <strong>1425<\/strong><br \/>(-17 for losing)\n","uploadtime":1700588002,"views":2,"p1id":"opieceofheroghost","p2id":"diniz41","formatid":"gen9doublesou","rating":1425,"private":0,"password":""}