{"id":"gen9doublesou-1993949018","p1":"mikeyuwu","p2":"Creeper explode","format":"[Gen 9] Doubles OU","log":"|j|\u2606mikeyuwu\n|j|\u2606Creeper explode\n|t:|1700381024\n|gametype|doubles\n|player|p1|mikeyuwu|psychic-gen4|1189\n|player|p2|Creeper explode|cyclistf-gen4|1130\n|teamsize|p1|6\n|teamsize|p2|6\n|gen|9\n|tier|[Gen 9] Doubles OU\n|rated|\n|rule|Species Clause: Limit one of each Pok\u00e9mon\n|rule|OHKO Clause: OHKO moves are banned\n|rule|Evasion Moves Clause: Evasion moves are banned\n|rule|Gravity Sleep Clause: The combination of sleep-inducing moves with imperfect accuracy and Gravity or Gigantamax Orbeetle are banned\n|rule|Endless Battle Clause: Forcing endless battles is banned\n|rule|HP Percentage Mod: HP is shown in percentages\n|clearpoke\n|poke|p1|Garchomp, M|\n|poke|p1|Tyranitar, F|\n|poke|p1|Vaporeon, F|\n|poke|p1|Toxicroak, M|\n|poke|p1|Pelipper, F|\n|poke|p1|Abomasnow, M|\n|poke|p2|Arcanine, F|\n|poke|p2|Gothitelle, F|\n|poke|p2|Chansey, F|\n|poke|p2|Glimmora, F|\n|poke|p2|Ting-Lu|\n|poke|p2|Wo-Chien|\n|teampreview\n|\n|t:|1700381033\n|start\n|switch|p1a: OTLHPM|Toxicroak, M|100\/100\n|switch|p1b: Cold Shoulder|Abomasnow, M, shiny|100\/100\n|switch|p2a: Glimmora|Glimmora, F|100\/100\n|switch|p2b: Chansey|Chansey, F|100\/100\n|-weather|Snow|[from] ability: Snow Warning|[of] p1b: Cold Shoulder\n|turn|1\n|\n|t:|1700381053\n|move|p2a: Glimmora|Toxic Spikes|p1b: Cold Shoulder\n|-sidestart|p1: mikeyuwu|move: Toxic Spikes\n|move|p1a: OTLHPM|Earthquake|p2b: Chansey|[spread] p1b,p2a,p2b\n|-resisted|p1b: Cold Shoulder\n|-supereffective|p2a: Glimmora\n|-crit|p2b: Chansey\n|-damage|p1b: Cold Shoulder|94\/100\n|-enditem|p2a: Glimmora|Focus Sash\n|-damage|p2a: Glimmora|1\/100\n|-damage|p2b: Chansey|75\/100\n|-activate|p2a: Glimmora|ability: Toxic Debris\n|-sidestart|p1: mikeyuwu|move: Toxic Spikes\n|move|p1b: Cold Shoulder|Leech Seed|p2b: Chansey\n|-start|p2b: Chansey|move: Leech Seed\n|move|p2b: Chansey|Stealth Rock|p1b: Cold Shoulder\n|-sidestart|p1: mikeyuwu|move: Stealth Rock\n|\n|-weather|Snow|[upkeep]\n|-damage|p2b: Chansey|62\/100|[from] Leech Seed|[of] p1b: Cold Shoulder\n|-heal|p1b: Cold Shoulder|100\/100|[silent]\n|upkeep\n|turn|2\n|\n|t:|1700381076\n|switch|p1a: Weather War|Pelipper, F|100\/100\n|-weather|RainDance|[from] ability: Drizzle|[of] p1a: Weather War\n|switch|p1b: Harmacy|Vaporeon, F|100\/100\n|-status|p1b: Harmacy|tox\n|-damage|p1b: Harmacy|88\/100 tox|[from] Stealth Rock\n|move|p2a: Glimmora|Mortal Spin|p1a: Weather War|[spread] p1a,p1b\n|-crit|p1a: Weather War\n|-damage|p1a: Weather War|95\/100\n|-damage|p1b: Harmacy|85\/100 tox\n|-status|p1a: Weather War|psn\n|move|p2b: Chansey|Seismic Toss|p1b: Harmacy\n|-damage|p1b: Harmacy|63\/100 tox\n|\n|-weather|RainDance|[upkeep]\n|-activate|p1b: Harmacy|ability: Hydration\n|-curestatus|p1b: Harmacy|tox|[msg]\n|-heal|p1b: Harmacy|69\/100|[from] item: Leftovers\n|-damage|p2b: Chansey|50\/100|[from] Leech Seed|[of] p1b: Harmacy\n|-heal|p1b: Harmacy|88\/100|[silent]\n|-damage|p1a: Weather War|82\/100 psn|[from] psn\n|upkeep\n|turn|3\n|\n|t:|1700381105\n|switch|p1a: OTLHPM|Toxicroak, M|100\/100\n|-sideend|p1: mikeyuwu|move: Toxic Spikes|[of] p1a: OTLHPM\n|-damage|p1a: OTLHPM|94\/100|[from] Stealth Rock\n|switch|p2b: Wo-Chien|Wo-Chien|100\/100\n|-ability|p2b: Wo-Chien|Tablets of Ruin\n|move|p2a: Glimmora|Spiky Shield|p2a: Glimmora\n|-singleturn|p2a: Glimmora|move: Protect\n|move|p1b: Harmacy|Icy Wind|p2a: Glimmora|[spread] p2b\n|-activate|p2a: Glimmora|move: Protect\n|-supereffective|p2b: Wo-Chien\n|-damage|p2b: Wo-Chien|86\/100\n|-unboost|p2b: Wo-Chien|spe|1\n|\n|-weather|RainDance|[upkeep]\n|-heal|p1a: OTLHPM|100\/100|[from] ability: Dry Skin\n|-heal|p1b: Harmacy|94\/100|[from] item: Leftovers\n|-heal|p2b: Wo-Chien|92\/100|[from] item: Leftovers\n|upkeep\n|turn|4\n|\n|t:|1700381140\n|move|p2a: Glimmora|Toxic Spikes|p1b: Harmacy\n|-sidestart|p1: mikeyuwu|move: Toxic Spikes\n|move|p1a: OTLHPM|Poison Jab|p2b: Wo-Chien\n|-supereffective|p2b: Wo-Chien\n|-damage|p2b: Wo-Chien|50\/100\n|-status|p2b: Wo-Chien|psn\n|move|p1b: Harmacy|Weather Ball|p2a: Glimmora\n|-supereffective|p2a: Glimmora\n|-damage|p2a: Glimmora|0 fnt\n|faint|p2a: Glimmora\n|move|p2b: Wo-Chien|Leech Seed|p1b: Harmacy\n|-start|p1b: Harmacy|move: Leech Seed\n|\n|-weather|RainDance|[upkeep]\n|-heal|p1b: Harmacy|100\/100|[from] item: Leftovers\n|-heal|p2b: Wo-Chien|56\/100 psn|[from] item: Leftovers\n|-damage|p1b: Harmacy|88\/100|[from] Leech Seed|[of] p2b: Wo-Chien\n|-heal|p2b: Wo-Chien|71\/100 psn|[silent]\n|-damage|p2b: Wo-Chien|59\/100 psn|[from] psn\n|upkeep\n|\n|t:|1700381165\n|switch|p2a: Ting-Lu|Ting-Lu|100\/100\n|-ability|p2a: Ting-Lu|Vessel of Ruin\n|turn|5\n|\n|t:|1700381182\n|switch|p1a: Weather War|Pelipper, F|82\/100 psn\n|-terastallize|p2a: Ting-Lu|Fairy\n|move|p1b: Harmacy|Wish|p1b: Harmacy\n|move|p2a: Ting-Lu|Stomping Tantrum|p1a: Weather War\n|-immune|p1a: Weather War\n|move|p2b: Wo-Chien|Foul Play|p1b: Harmacy\n|-damage|p1b: Harmacy|72\/100\n|\n|-weather|RainDance|[upkeep]\n|-heal|p1b: Harmacy|78\/100|[from] item: Leftovers\n|-heal|p2b: Wo-Chien|65\/100 psn|[from] item: Leftovers\n|-damage|p1b: Harmacy|66\/100|[from] Leech Seed|[of] p2b: Wo-Chien\n|-heal|p2b: Wo-Chien|80\/100 psn|[silent]\n|-damage|p1a: Weather War|70\/100 psn|[from] psn\n|-damage|p2b: Wo-Chien|68\/100 psn|[from] psn\n|upkeep\n|turn|6\n|\n|t:|1700381220\n|switch|p1a: OTLHPM|Toxicroak, M|100\/100\n|-damage|p1a: OTLHPM|94\/100|[from] Stealth Rock\n|-sideend|p1: mikeyuwu|move: Toxic Spikes|[of] p1a: OTLHPM\n|switch|p1b: Cold Shoulder|Abomasnow, M, shiny|100\/100\n|-damage|p1b: Cold Shoulder|76\/100|[from] Stealth Rock\n|-weather|Snow|[from] ability: Snow Warning|[of] p1b: Cold Shoulder\n|switch|p2a: Gothitelle|Gothitelle, F|100\/100\n|move|p2b: Wo-Chien|Foul Play|p1b: Cold Shoulder\n|-crit|p1b: Cold Shoulder\n|-damage|p1b: Cold Shoulder|54\/100\n|\n|-weather|Snow|[upkeep]\n|-heal|p1b: Cold Shoulder|100\/100|[from] move: Wish|[wisher] Harmacy\n|-heal|p1a: OTLHPM|100\/100|[from] item: Black Sludge\n|-heal|p2b: Wo-Chien|74\/100 psn|[from] item: Leftovers\n|-damage|p2b: Wo-Chien|62\/100 psn|[from] psn\n|upkeep\n|turn|7\n|\n|t:|1700381250\n|switch|p1a: ThcrThnSnkr|Tyranitar, F|100\/100\n|-damage|p1a: ThcrThnSnkr|88\/100|[from] Stealth Rock\n|-weather|Sandstorm|[from] ability: Sand Stream|[of] p1a: ThcrThnSnkr\n|move|p2a: Gothitelle|Fake Out|p1a: ThcrThnSnkr\n|-resisted|p1a: ThcrThnSnkr\n|-damage|p1a: ThcrThnSnkr|86\/100\n|move|p1b: Cold Shoulder|Leech Seed|p2a: Gothitelle\n|-start|p2a: Gothitelle|move: Leech Seed\n|move|p2b: Wo-Chien|Pollen Puff|p1b: Cold Shoulder\n|-supereffective|p1b: Cold Shoulder\n|-damage|p1b: Cold Shoulder|59\/100\n|\n|-weather|Sandstorm|[upkeep]\n|-damage|p1b: Cold Shoulder|53\/100|[from] Sandstorm\n|-damage|p2a: Gothitelle|94\/100|[from] Sandstorm\n|-damage|p2b: Wo-Chien|56\/100 psn|[from] Sandstorm\n|-heal|p2a: Gothitelle|100\/100|[from] item: Leftovers\n|-heal|p2b: Wo-Chien|62\/100 psn|[from] item: Leftovers\n|-damage|p2a: Gothitelle|88\/100|[from] Leech Seed|[of] p1b: Cold Shoulder\n|-heal|p1b: Cold Shoulder|65\/100|[silent]\n|-damage|p2b: Wo-Chien|50\/100 psn|[from] psn\n|upkeep\n|turn|8\n|\n|t:|1700381286\n|switch|p2a: Ting-Lu|Ting-Lu, tera:Fairy|100\/100\n|-ability|p2a: Ting-Lu|Vessel of Ruin\n|move|p1b: Cold Shoulder|Blizzard|p2b: Wo-Chien|[spread] p2b\n|-miss|p1b: Cold Shoulder|p2a: Ting-Lu\n|-supereffective|p2b: Wo-Chien\n|-damage|p2b: Wo-Chien|17\/100 psn\n|move|p1a: ThcrThnSnkr|Knock Off|p2a: Ting-Lu\n|-resisted|p2a: Ting-Lu\n|-damage|p2a: Ting-Lu|92\/100\n|-enditem|p2a: Ting-Lu|Leftovers|[from] move: Knock Off|[of] p1a: ThcrThnSnkr\n|move|p2b: Wo-Chien|Pollen Puff|p1a: ThcrThnSnkr\n|-supereffective|p1a: ThcrThnSnkr\n|-damage|p1a: ThcrThnSnkr|76\/100\n|\n|-weather|Sandstorm|[upkeep]\n|-damage|p1b: Cold Shoulder|59\/100|[from] Sandstorm\n|-damage|p2a: Ting-Lu|86\/100|[from] Sandstorm\n|-damage|p2b: Wo-Chien|11\/100 psn|[from] Sandstorm\n|-heal|p2b: Wo-Chien|17\/100 psn|[from] item: Leftovers\n|-damage|p2b: Wo-Chien|5\/100 psn|[from] psn\n|upkeep\n|turn|9\n|\n|t:|1700381317\n|switch|p1a: Extra Spicy|Garchomp, M|100\/100\n|-damage|p1a: Extra Spicy|94\/100|[from] Stealth Rock\n|move|p1b: Cold Shoulder|Leech Seed|p2a: Ting-Lu\n|-start|p2a: Ting-Lu|move: Leech Seed\n|move|p2a: Ting-Lu|Stomping Tantrum|p1a: Extra Spicy\n|-damage|p1a: Extra Spicy|80\/100\n|-damage|p2a: Ting-Lu|73\/100|[from] ability: Rough Skin|[of] p1a: Extra Spicy\n|-damage|p2a: Ting-Lu|57\/100|[from] item: Rocky Helmet|[of] p1a: Extra Spicy\n|move|p2b: Wo-Chien|Foul Play|p1b: Cold Shoulder\n|-damage|p1b: Cold Shoulder|37\/100\n|\n|-weather|Sandstorm|[upkeep]\n|-damage|p1b: Cold Shoulder|31\/100|[from] Sandstorm\n|-damage|p2a: Ting-Lu|50\/100|[from] Sandstorm\n|-damage|p2b: Wo-Chien|0 fnt|[from] Sandstorm\n|faint|p2b: Wo-Chien\n|-damage|p2a: Ting-Lu|38\/100|[from] Leech Seed|[of] p1b: Cold Shoulder\n|-heal|p1b: Cold Shoulder|50\/100|[silent]\n|upkeep\n|-message|Creeper explode forfeited.\n|\n|win|mikeyuwu\n|raw|mikeyuwu's rating: 1189 &rarr; <strong>1210<\/strong><br \/>(+21 for winning)\n|raw|Creeper explode's rating: 1130 &rarr; <strong>1109<\/strong><br \/>(-21 for losing)\n|l|\u2606Creeper explode\n","uploadtime":1700381346,"views":23,"p1id":"mikeyuwu","p2id":"creeperexplode","formatid":"gen9doublesou","rating":1109,"private":0,"password":""}