{"id":"gen9doublesou-1992828286","p1":"jhvfiy.v.uio","p2":"Buttered Krabby","format":"[Gen 9] Doubles OU","log":"|j|\u2606jhvfiy.v.uio\n|j|\u2606Buttered Krabby\n|t:|1700238960\n|gametype|doubles\n|player|p1|jhvfiy.v.uio|roxie|1147\n|player|p2|Buttered Krabby|266|1229\n|teamsize|p1|6\n|teamsize|p2|6\n|gen|9\n|tier|[Gen 9] Doubles OU\n|rated|\n|rule|Species Clause: Limit one of each Pok\u00e9mon\n|rule|OHKO Clause: OHKO moves are banned\n|rule|Evasion Moves Clause: Evasion moves are banned\n|rule|Gravity Sleep Clause: The combination of sleep-inducing moves with imperfect accuracy and Gravity or Gigantamax Orbeetle are banned\n|rule|Endless Battle Clause: Forcing endless battles is banned\n|rule|HP Percentage Mod: HP is shown in percentages\n|clearpoke\n|poke|p1|Clodsire, F|\n|poke|p1|Gastrodon, F|\n|poke|p1|Ogerpon-Hearthflame, F|\n|poke|p1|Landorus-Therian, M|\n|poke|p1|Chien-Pao|\n|poke|p1|Rillaboom, F|\n|poke|p2|Arcanine-Hisui, M|\n|poke|p2|Arbok, F|\n|poke|p2|Roaring Moon|\n|poke|p2|Rillaboom, M|\n|poke|p2|Tyranitar, M|\n|poke|p2|Flutter Mane|\n|teampreview\n|\n|t:|1700238971\n|start\n|switch|p1a: Clodsire|Clodsire, F|100\/100\n|switch|p1b: Gastrodon|Gastrodon, F|100\/100\n|switch|p2a: Arbok|Arbok, F, shiny|100\/100\n|switch|p2b: Roaring Moon|Roaring Moon|100\/100\n|-ability|p2a: Arbok|Intimidate|boost\n|-unboost|p1a: Clodsire|atk|1\n|-unboost|p1b: Gastrodon|atk|1\n|-enditem|p2b: Roaring Moon|Booster Energy\n|-activate|p2b: Roaring Moon|ability: Protosynthesis|[fromitem]\n|-start|p2b: Roaring Moon|protosynthesisspe\n|turn|1\n|\n|t:|1700238996\n|move|p2b: Roaring Moon|Protect|p2b: Roaring Moon\n|-singleturn|p2b: Roaring Moon|Protect\n|move|p2a: Arbok|Glare|p1a: Clodsire\n|-status|p1a: Clodsire|par\n|move|p1b: Gastrodon|Stockpile|p1b: Gastrodon\n|-start|p1b: Gastrodon|stockpile1\n|-boost|p1b: Gastrodon|def|1\n|-boost|p1b: Gastrodon|spd|1\n|cant|p1a: Clodsire|par\n|\n|upkeep\n|turn|2\n|\n|t:|1700239035\n|move|p2b: Roaring Moon|Rock Slide|p1b: Gastrodon|[spread] p1a,p1b\n|-resisted|p1a: Clodsire\n|-resisted|p1b: Gastrodon\n|-crit|p1b: Gastrodon\n|-damage|p1a: Clodsire|90\/100 par\n|-damage|p1b: Gastrodon|87\/100\n|move|p2a: Arbok|Glare|p1b: Gastrodon\n|-status|p1b: Gastrodon|par\n|cant|p1b: Gastrodon|flinch\n|move|p1a: Clodsire|Yawn|p2b: Roaring Moon\n|-start|p2b: Roaring Moon|move: Yawn|[of] p1a: Clodsire\n|\n|-heal|p1b: Gastrodon|93\/100 par|[from] item: Leftovers\n|upkeep\n|turn|3\n|\n|t:|1700239064\n|-end|p2b: Roaring Moon|Protosynthesis|[silent]\n|switch|p2b: Ketchup|Arcanine-Hisui, M|100\/100\n|-ability|p2b: Ketchup|Intimidate|boost\n|-unboost|p1a: Clodsire|atk|1\n|-unboost|p1b: Gastrodon|atk|1\n|switch|p2a: Cadbury|Rillaboom, M|100\/100\n|-fieldstart|move: Grassy Terrain|[from] ability: Grassy Surge|[of] p2a: Cadbury\n|move|p1b: Gastrodon|Stockpile|p1b: Gastrodon\n|-start|p1b: Gastrodon|stockpile2\n|-boost|p1b: Gastrodon|def|1\n|-boost|p1b: Gastrodon|spd|1\n|move|p1a: Clodsire|Yawn|p2a: Cadbury\n|-start|p2a: Cadbury|move: Yawn|[of] p1a: Clodsire\n|\n|-heal|p1b: Gastrodon|99\/100 par|[from] Grassy Terrain\n|-heal|p1b: Gastrodon|100\/100 par|[from] item: Leftovers\n|-heal|p1a: Clodsire|96\/100 par|[from] Grassy Terrain\n|upkeep\n|turn|4\n|\n|t:|1700239093\n|-terastallize|p2b: Ketchup|Grass\n|-terastallize|p1b: Gastrodon|Fire\n|move|p2a: Cadbury|Fake Out|p1b: Gastrodon\n|-damage|p1b: Gastrodon|92\/100 par\n|move|p2b: Ketchup|Tera Blast|p1b: Gastrodon|[anim] Tera Blast Grass\n|-resisted|p1b: Gastrodon\n|-damage|p1b: Gastrodon|72\/100 par\n|cant|p1b: Gastrodon|flinch\n|cant|p1a: Clodsire|par\n|\n|-heal|p1b: Gastrodon|78\/100 par|[from] Grassy Terrain\n|-heal|p1b: Gastrodon|84\/100 par|[from] item: Leftovers\n|-heal|p1a: Clodsire|100\/100 par|[from] Grassy Terrain\n|-end|p2a: Cadbury|move: Yawn|[silent]\n|-status|p2a: Cadbury|slp\n|upkeep\n|turn|5\n|\n|t:|1700239117\n|switch|p2b: Roaring Moon|Roaring Moon|100\/100\n|switch|p2a: Tyrant|Tyranitar, M|100\/100\n|-weather|Sandstorm|[from] ability: Sand Stream|[of] p2a: Tyrant\n|move|p1b: Gastrodon|Spit Up|p2a: Tyrant\n|-resisted|p2a: Tyrant\n|-damage|p2a: Tyrant|88\/100\n|-unboost|p1b: Gastrodon|def|2\n|-unboost|p1b: Gastrodon|spd|2\n|-end|p1b: Gastrodon|Stockpile\n|move|p1a: Clodsire|Surf|p2b: Roaring Moon|[spread] p2a,p2b\n|-ability|p1b: Gastrodon|Storm Drain|boost\n|-boost|p1b: Gastrodon|spa|1\n|-supereffective|p2a: Tyrant\n|-resisted|p2b: Roaring Moon\n|-damage|p2a: Tyrant|81\/100\n|-damage|p2b: Roaring Moon|97\/100\n|\n|-weather|Sandstorm|[upkeep]\n|-damage|p2b: Roaring Moon|91\/100|[from] Sandstorm\n|-damage|p1b: Gastrodon|78\/100 par|[from] Sandstorm\n|-heal|p2b: Roaring Moon|97\/100|[from] Grassy Terrain\n|-heal|p2a: Tyrant|87\/100|[from] Grassy Terrain\n|-heal|p1b: Gastrodon|84\/100 par|[from] Grassy Terrain\n|-heal|p1b: Gastrodon|90\/100 par|[from] item: Leftovers\n|upkeep\n|turn|6\n|\n|t:|1700239144\n|move|p2b: Roaring Moon|Rock Slide|p1b: Gastrodon|[spread] p1a,p1b\n|-resisted|p1a: Clodsire\n|-supereffective|p1b: Gastrodon\n|-damage|p1a: Clodsire|92\/100 par\n|-damage|p1b: Gastrodon|53\/100 par\n|move|p2a: Tyrant|Rock Slide|p1b: Gastrodon|[spread] p1a,p1b\n|-resisted|p1a: Clodsire\n|-supereffective|p1b: Gastrodon\n|-damage|p1a: Clodsire|79\/100 par\n|-damage|p1b: Gastrodon|0 fnt\n|faint|p1b: Gastrodon\n|move|p1a: Clodsire|Surf|p2a: Tyrant|[spread] p2a,p2b\n|-supereffective|p2a: Tyrant\n|-resisted|p2b: Roaring Moon\n|-damage|p2a: Tyrant|79\/100\n|-damage|p2b: Roaring Moon|93\/100\n|\n|-weather|Sandstorm|[upkeep]\n|-damage|p2b: Roaring Moon|87\/100|[from] Sandstorm\n|-heal|p2b: Roaring Moon|93\/100|[from] Grassy Terrain\n|-heal|p2a: Tyrant|86\/100|[from] Grassy Terrain\n|-heal|p1a: Clodsire|85\/100 par|[from] Grassy Terrain\n|upkeep\n|n|\u2606jhvfiy.v.uio|jhvfiyvuio\n|c|\u2606jhvfiy.v.uio|so you based a whole team arround paralysis and flinches\n|c|\u2606jhvfiy.v.uio|so basically you are so bad you need to thrust in luck instead of skill\n|\n|t:|1700239264\n|switch|p1b: Rillaboom|Rillaboom, F|100\/100\n|turn|7\n|\n|t:|1700239278\n|switch|p1a: Chien-Pao|Chien-Pao|100\/100\n|-ability|p1a: Chien-Pao|Sword of Ruin\n|move|p2a: Tyrant|Protect|p2a: Tyrant\n|-singleturn|p2a: Tyrant|Protect\n|move|p1b: Rillaboom|Fake Out|p2a: Tyrant\n|-activate|p2a: Tyrant|move: Protect\n|move|p2b: Roaring Moon|Tailwind|p2b: Roaring Moon\n|-sidestart|p2: Buttered Krabby|move: Tailwind\n|\n|-weather|Sandstorm|[upkeep]\n|-damage|p2b: Roaring Moon|87\/100|[from] Sandstorm\n|-damage|p1a: Chien-Pao|95\/100|[from] Sandstorm\n|-damage|p1b: Rillaboom|94\/100|[from] Sandstorm\n|-heal|p2b: Roaring Moon|93\/100|[from] Grassy Terrain\n|-heal|p1a: Chien-Pao|100\/100|[from] Grassy Terrain\n|-heal|p1b: Rillaboom|100\/100|[from] Grassy Terrain\n|-heal|p2a: Tyrant|92\/100|[from] Grassy Terrain\n|-fieldend|move: Grassy Terrain\n|upkeep\n|turn|8\n|\n|t:|1700239308\n|-end|p2b: Roaring Moon|Protosynthesis|[silent]\n|switch|p2b: Ketchup|Arcanine-Hisui, M, tera:Grass|100\/100\n|-ability|p2b: Ketchup|Intimidate|boost\n|-unboost|p1a: Chien-Pao|atk|1\n|-unboost|p1b: Rillaboom|atk|1\n|switch|p2a: Arbok|Arbok, F, shiny|100\/100\n|-ability|p2a: Arbok|Intimidate|boost\n|-unboost|p1a: Chien-Pao|atk|1\n|-unboost|p1b: Rillaboom|atk|1\n|move|p1a: Chien-Pao|Protect|p1a: Chien-Pao\n|-singleturn|p1a: Chien-Pao|Protect\n|move|p1b: Rillaboom|Grassy Glide|p2a: Arbok\n|-resisted|p2a: Arbok\n|-damage|p2a: Arbok|85\/100\n|\n|-weather|Sandstorm|[upkeep]\n|-damage|p2b: Ketchup|94\/100|[from] Sandstorm\n|-damage|p1a: Chien-Pao|95\/100|[from] Sandstorm\n|-damage|p1b: Rillaboom|94\/100|[from] Sandstorm\n|upkeep\n|turn|9\n|n|!jhvfiy.v.uio|jhvfiyvuio\n|-message|jhvfiy.v.uio forfeited.\n|\n|win|Buttered Krabby\n|raw|jhvfiy.v.uio's rating: 1147 &rarr; <strong>1128<\/strong><br \/>(-19 for losing)\n|raw|Buttered Krabby's rating: 1229 &rarr; <strong>1248<\/strong><br \/>(+19 for winning)\n","uploadtime":1700239330,"views":20,"p1id":"jhvfiyvuio","p2id":"butteredkrabby","formatid":"gen9doublesou","rating":1128,"private":0,"password":""}