{"id":"gen9doublesou-1993935768","p1":"Im dumb srly","p2":"MeleeAegis","format":"[Gen 9] Doubles OU","log":"|j|\u2606Im dumb srly\n|j|\u2606MeleeAegis\n|inactive|Battle timer is ON: inactive players will automatically lose when time's up.\n|t:|1700378430\n|gametype|doubles\n|player|p1|Im dumb srly|cheryl|\n|player|p2|MeleeAegis|colress|\n|teamsize|p1|6\n|teamsize|p2|6\n|gen|9\n|tier|[Gen 9] Doubles OU\n|rated|Tournament battle\n|rule|Species Clause: Limit one of each Pok\u00e9mon\n|rule|OHKO Clause: OHKO moves are banned\n|rule|Evasion Moves Clause: Evasion moves are banned\n|rule|Gravity Sleep Clause: The combination of sleep-inducing moves with imperfect accuracy and Gravity or Gigantamax Orbeetle are banned\n|rule|Endless Battle Clause: Forcing endless battles is banned\n|rule|HP Percentage Mod: HP is shown in percentages\n|clearpoke\n|poke|p1|Fennekin, M|\n|poke|p1|Milotic, F|\n|poke|p1|Clawitzer, F|\n|poke|p1|Mienshao, M|\n|poke|p1|Noctowl, M|\n|poke|p1|Crocalor, M|\n|poke|p2|Gengar, M|\n|poke|p2|Pyroar, M|\n|poke|p2|Mandibuzz, F|\n|poke|p2|Chingling, M|\n|poke|p2|Mudsdale, F|\n|poke|p2|Glimmora, F|\n|teampreview\n|j|*Lady Monita \u2746\n|inactive|MeleeAegis also wants the timer to be on.\n|\n|t:|1700378453\n|start\n|switch|p1a: Fennekin|Fennekin, M, shiny|100\/100\n|switch|p1b: Noctowl|Noctowl, M, shiny|100\/100\n|switch|p2a: Glimmora|Glimmora, F|100\/100\n|switch|p2b: Mudsdale|Mudsdale, F|100\/100\n|turn|1\n|\n|t:|1700378468\n|move|p2a: Glimmora|Rock Blast|p2b: Mudsdale\n|-resisted|p2b: Mudsdale\n|-damage|p2b: Mudsdale|97\/100\n|-ability|p2b: Mudsdale|Stamina|boost\n|-boost|p2b: Mudsdale|def|1\n|-resisted|p2b: Mudsdale\n|-damage|p2b: Mudsdale|95\/100\n|-ability|p2b: Mudsdale|Stamina|boost\n|-boost|p2b: Mudsdale|def|1\n|-resisted|p2b: Mudsdale\n|-damage|p2b: Mudsdale|93\/100\n|-ability|p2b: Mudsdale|Stamina|boost\n|-boost|p2b: Mudsdale|def|1\n|-resisted|p2b: Mudsdale\n|-damage|p2b: Mudsdale|92\/100\n|-ability|p2b: Mudsdale|Stamina|boost\n|-boost|p2b: Mudsdale|def|1\n|-resisted|p2b: Mudsdale\n|-damage|p2b: Mudsdale|91\/100\n|-ability|p2b: Mudsdale|Stamina|boost\n|-boost|p2b: Mudsdale|def|1\n|-hitcount|p2b: Mudsdale|5\n|move|p1b: Noctowl|Hypnosis|p2a: Glimmora\n|-status|p2a: Glimmora|slp|[from] move: Hypnosis\n|move|p1a: Fennekin|Heat Wave|p2a: Glimmora|[spread] p2a,p2b\n|-resisted|p2a: Glimmora\n|-damage|p2a: Glimmora|81\/100 slp\n|-damage|p2b: Mudsdale|65\/100\n|-ability|p2b: Mudsdale|Stamina|boost\n|-boost|p2b: Mudsdale|def|1\n|move|p2b: Mudsdale|Earthquake|p1a: Fennekin|[spread] p2a,p1a\n|-immune|p1b: Noctowl\n|-supereffective|p2a: Glimmora\n|-supereffective|p1a: Fennekin\n|-damage|p2a: Glimmora|0 fnt\n|-damage|p1a: Fennekin|0 fnt\n|-activate|p2a: Glimmora|ability: Toxic Debris\n|-sidestart|p1: Im dumb srly|move: Toxic Spikes\n|faint|p2a: Glimmora\n|faint|p1a: Fennekin\n|-damage|p2b: Mudsdale|55\/100|[from] item: Life Orb\n|\n|upkeep\n|inactive|MeleeAegis has 120 seconds left.\n|\n|t:|1700378506\n|switch|p2a: Mandibuzz|Mandibuzz, F|100\/100\n|switch|p1a: Milotic|Milotic, F, shiny|100\/100\n|-status|p1a: Milotic|psn\n|turn|2\n|\n|t:|1700378521\n|move|p2a: Mandibuzz|Acrobatics|p1a: Milotic\n|-damage|p1a: Milotic|82\/100 psn\n|move|p1b: Noctowl|Tailwind|p1b: Noctowl\n|-sidestart|p1: Im dumb srly|move: Tailwind\n|move|p1a: Milotic|Scald|p2b: Mudsdale\n|-supereffective|p2b: Mudsdale\n|-damage|p2b: Mudsdale|0 fnt\n|faint|p2b: Mudsdale\n|\n|-heal|p1a: Milotic|88\/100 psn|[from] item: Leftovers\n|-damage|p1a: Milotic|76\/100 psn|[from] psn\n|upkeep\n|inactive|MeleeAegis has 120 seconds left.\n|\n|t:|1700378543\n|switch|p2b: Gengar|Gengar, M|100\/100\n|turn|3\n|inactive|MeleeAegis has 120 seconds left.\n|\n|t:|1700378566\n|switch|p1a: Crocalor|Crocalor, M, shiny|100\/100\n|-status|p1a: Crocalor|psn\n|move|p1b: Noctowl|Hypnosis|p2b: Gengar\n|-status|p2b: Gengar|slp|[from] move: Hypnosis\n|cant|p2b: Gengar|slp\n|move|p2a: Mandibuzz|Dual Wingbeat|p1a: Crocalor\n|-crit|p1a: Crocalor\n|-damage|p1a: Crocalor|85\/100 psn\n|-crit|p1a: Crocalor\n|-damage|p1a: Crocalor|68\/100 psn\n|-hitcount|p1a: Crocalor|2\n|\n|-damage|p1a: Crocalor|56\/100 psn|[from] psn\n|upkeep\n|turn|4\n|inactive|MeleeAegis has 120 seconds left.\n|\n|t:|1700378586\n|move|p1b: Noctowl|Reflect|p1b: Noctowl\n|-sidestart|p1: Im dumb srly|Reflect\n|cant|p2b: Gengar|slp\n|move|p2a: Mandibuzz|Foul Play|p1a: Crocalor\n|-damage|p1a: Crocalor|49\/100 psn\n|move|p1a: Crocalor|Heat Wave|p2b: Gengar|[spread] p2a,p2b\n|-damage|p2a: Mandibuzz|67\/100\n|-damage|p2b: Gengar|57\/100 slp\n|\n|-damage|p1a: Crocalor|36\/100 psn|[from] psn\n|upkeep\n|turn|5\n|\n|t:|1700378611\n|move|p1b: Noctowl|Tera Blast|p2a: Mandibuzz\n|-damage|p2a: Mandibuzz|44\/100\n|cant|p2b: Gengar|slp\n|move|p2a: Mandibuzz|Knock Off|p1a: Crocalor\n|-damage|p1a: Crocalor|20\/100 psn\n|-enditem|p1a: Crocalor|Eviolite|[from] move: Knock Off|[of] p2a: Mandibuzz\n|move|p1a: Crocalor|Heat Wave|p2a: Mandibuzz|[spread] p2a,p2b\n|-damage|p2a: Mandibuzz|12\/100\n|-damage|p2b: Gengar|15\/100 slp\n|\n|-damage|p1a: Crocalor|8\/100 psn|[from] psn\n|-sideend|p1: Im dumb srly|move: Tailwind\n|upkeep\n|turn|6\n|\n|t:|1700378634\n|-curestatus|p2b: Gengar|slp|[msg]\n|move|p2b: Gengar|Foul Play|p1b: Noctowl\n|-damage|p1b: Noctowl|93\/100\n|move|p2a: Mandibuzz|Knock Off|p1b: Noctowl\n|-damage|p1b: Noctowl|59\/100\n|-enditem|p1b: Noctowl|Focus Sash|[from] move: Knock Off|[of] p2a: Mandibuzz\n|move|p1b: Noctowl|Tailwind|p1b: Noctowl\n|-sidestart|p1: Im dumb srly|move: Tailwind\n|move|p1a: Crocalor|Heat Wave|p2a: Mandibuzz|[spread] p2a,p2b\n|-crit|p2b: Gengar\n|-damage|p2a: Mandibuzz|0 fnt\n|-damage|p2b: Gengar|0 fnt\n|faint|p2a: Mandibuzz\n|faint|p2b: Gengar\n|\n|-damage|p1a: Crocalor|0 fnt|[from] psn\n|faint|p1a: Crocalor\n|upkeep\n|\n|t:|1700378649\n|switch|p2b: Pyroar|Pyroar, M|100\/100\n|switch|p2a: Chingling|Chingling, M|100\/100\n|switch|p1a: Mienshao|Mienshao, M, shiny|100\/100\n|-status|p1a: Mienshao|psn\n|turn|7\n|\n|t:|1700378672\n|move|p1a: Mienshao|Close Combat|p2b: Pyroar\n|-supereffective|p2b: Pyroar\n|-damage|p2b: Pyroar|0 fnt\n|-unboost|p1a: Mienshao|def|1\n|-unboost|p1a: Mienshao|spd|1\n|faint|p2b: Pyroar\n|move|p1b: Noctowl|Hypnosis|p2a: Chingling\n|-status|p2a: Chingling|slp|[from] move: Hypnosis\n|cant|p2a: Chingling|slp\n|\n|-damage|p1a: Mienshao|88\/100 psn|[from] psn\n|upkeep\n|turn|8\n|\n|t:|1700378684\n|move|p1a: Mienshao|Knock Off|p2a: Chingling\n|-supereffective|p2a: Chingling\n|-damage|p2a: Chingling|6\/100 slp\n|-enditem|p2a: Chingling|Eviolite|[from] move: Knock Off|[of] p1a: Mienshao\n|move|p1b: Noctowl|Tera Blast|p2a: Chingling\n|-damage|p2a: Chingling|0 fnt\n|faint|p2a: Chingling\n|\n|win|Im dumb srly\n|n|\u2606Im dumb srly|imdumbsrly\n|n|\u2606MeleeAegis|meleeaegis\n|n|*Lady Monita \u2746|ladymonita\n","uploadtime":1700378685,"views":12,"p1id":"imdumbsrly","p2id":"meleeaegis","formatid":"gen9doublesou","rating":0,"private":0,"password":""}