{"id":"gen9doublesou-1997667097","p1":"Swasome","p2":"Kondroid","format":"[Gen 9] Doubles OU","log":"|j|\u2606Swasome\n|j|\u2606Kondroid\n|t:|1700839540\n|gametype|doubles\n|player|p1|Swasome|101|1171\n|player|p2|Kondroid|hilbert-wonderlauncher|1140\n|teamsize|p1|6\n|teamsize|p2|6\n|gen|9\n|tier|[Gen 9] Doubles OU\n|rated|\n|rule|Species Clause: Limit one of each Pok\u00e9mon\n|rule|OHKO Clause: OHKO moves are banned\n|rule|Evasion Moves Clause: Evasion moves are banned\n|rule|Gravity Sleep Clause: The combination of sleep-inducing moves with imperfect accuracy and Gravity or Gigantamax Orbeetle are banned\n|rule|Endless Battle Clause: Forcing endless battles is banned\n|rule|HP Percentage Mod: HP is shown in percentages\n|clearpoke\n|poke|p1|Empoleon, F|\n|poke|p1|Decidueye, F|\n|poke|p1|Kilowattrel, M|\n|poke|p1|Mamoswine, F|\n|poke|p1|Iron Treads|\n|poke|p1|Thundurus-Therian, M|\n|poke|p2|Snorlax, F|\n|poke|p2|Clefairy, M|\n|poke|p2|Sinistcha|\n|poke|p2|Goodra-Hisui, F|\n|poke|p2|Farigiraf, M|\n|poke|p2|Grimmsnarl, M|\n|teampreview\n|inactive|Battle timer is ON: inactive players will automatically lose when time's up. (requested by Kondroid)\n|inactive|Swasome has 120 seconds left.\n|\n|t:|1700839598\n|start\n|switch|p1a: Kilowattrel|Kilowattrel, M|100\/100\n|switch|p1b: Mamoswine|Mamoswine, F|100\/100\n|switch|p2a: Farigiraf|Farigiraf, M|100\/100\n|switch|p2b: Grimmsnarl|Grimmsnarl, M|100\/100\n|turn|1\n|\n|t:|1700839613\n|move|p2b: Grimmsnarl|Fake Out|p1a: Kilowattrel\n|-damage|p1a: Kilowattrel|72\/100\n|cant|p1a: Kilowattrel|flinch\n|move|p1b: Mamoswine|Heavy Slam|p2b: Grimmsnarl\n|-supereffective|p2b: Grimmsnarl\n|-crit|p2b: Grimmsnarl\n|-damage|p2b: Grimmsnarl|0 fnt\n|faint|p2b: Grimmsnarl\n|move|p2a: Farigiraf|Trick Room|p2a: Farigiraf\n|-fieldstart|move: Trick Room|[of] p2a: Farigiraf\n|\n|upkeep\n|\n|t:|1700839625\n|switch|p2b: Snorlax|Snorlax, F|100\/100\n|turn|2\n|\n|t:|1700839635\n|switch|p2a: Clefairy|Clefairy, M|100\/100\n|move|p2b: Snorlax|Belly Drum|p2b: Snorlax\n|-damage|p2b: Snorlax|50\/100\n|-setboost|p2b: Snorlax|atk|6|[from] move: Belly Drum\n|-enditem|p2b: Snorlax|Aguav Berry|[eat]\n|-heal|p2b: Snorlax|84\/100|[from] item: Aguav Berry\n|move|p1b: Mamoswine|Earthquake|p2a: Clefairy|[spread] p2a,p2b\n|-immune|p1a: Kilowattrel\n|-damage|p2a: Clefairy|48\/100\n|-damage|p2b: Snorlax|52\/100\n|move|p1a: Kilowattrel|Discharge|p2a: Clefairy|[spread] p2a,p2b\n|-immune|p1b: Mamoswine\n|-damage|p2a: Clefairy|26\/100\n|-damage|p2b: Snorlax|41\/100\n|-status|p2b: Snorlax|par\n|-damage|p1a: Kilowattrel|63\/100|[from] item: Life Orb\n|\n|upkeep\n|turn|3\n|\n|t:|1700839659\n|move|p2b: Snorlax|Facade|p1b: Mamoswine\n|-damage|p1b: Mamoswine|0 fnt\n|faint|p1b: Mamoswine\n|move|p2a: Clefairy|Heal Pulse|p2b: Snorlax\n|-heal|p2b: Snorlax|91\/100 par\n|move|p1a: Kilowattrel|Discharge|p2a: Clefairy|[spread] p2a,p2b\n|-damage|p2a: Clefairy|3\/100\n|-damage|p2b: Snorlax|78\/100 par\n|-damage|p1a: Kilowattrel|53\/100|[from] item: Life Orb\n|\n|upkeep\n|\n|t:|1700839672\n|switch|p1b: Empoleon|Empoleon, F|100\/100\n|turn|4\n|\n|t:|1700839682\n|switch|p1a: Decidueye|Decidueye, F|100\/100\n|move|p2b: Snorlax|Facade|p1b: Empoleon\n|-resisted|p1b: Empoleon\n|-damage|p1b: Empoleon|0 fnt\n|faint|p1b: Empoleon\n|move|p2a: Clefairy|Heal Pulse|p2b: Snorlax\n|-heal|p2b: Snorlax|100\/100 par\n|\n|upkeep\n|\n|t:|1700839697\n|switch|p1b: Iron Treads|Iron Treads|100\/100\n|turn|5\n|\n|t:|1700839717\n|move|p2b: Snorlax|Crunch|p1a: Decidueye\n|-supereffective|p1a: Decidueye\n|-damage|p1a: Decidueye|0 fnt\n|faint|p1a: Decidueye\n|move|p2a: Clefairy|Wish|p2a: Clefairy\n|move|p1b: Iron Treads|Rock Slide|p2b: Snorlax|[spread] p2a,p2b\n|-damage|p2a: Clefairy|0 fnt\n|-damage|p2b: Snorlax|88\/100 par\n|faint|p2a: Clefairy\n|\n|-fieldend|move: Trick Room\n|upkeep\n|\n|t:|1700839730\n|switch|p1a: Kilowattrel|Kilowattrel, M|53\/100\n|switch|p2a: Farigiraf|Farigiraf, M|100\/100\n|turn|6\n|\n|t:|1700839757\n|move|p1a: Kilowattrel|Air Slash|p2a: Farigiraf\n|-damage|p2a: Farigiraf|72\/100\n|-damage|p1a: Kilowattrel|43\/100|[from] item: Life Orb\n|move|p1b: Iron Treads|Rock Slide|p2a: Farigiraf|[spread] p2a,p2b\n|-damage|p2a: Farigiraf|55\/100\n|-damage|p2b: Snorlax|71\/100 par\n|cant|p2b: Snorlax|flinch\n|move|p2a: Farigiraf|Trick Room|p2a: Farigiraf\n|-fieldstart|move: Trick Room|[of] p2a: Farigiraf\n|\n|-heal|p2a: Farigiraf|94\/100|[from] move: Wish|[wisher] Clefairy\n|upkeep\n|turn|7\n|\n|t:|1700839783\n|switch|p2a: Sinistcha|Sinistcha|100\/100\n|-heal|p2b: Snorlax|96\/100 par|[from] ability: Hospitality|[of] p2a: Sinistcha\n|cant|p2b: Snorlax|par\n|move|p1b: Iron Treads|High Horsepower|p2b: Snorlax\n|-damage|p2b: Snorlax|53\/100 par\n|move|p1a: Kilowattrel|Discharge|p2b: Snorlax|[spread] p2a,p2b\n|-immune|p1b: Iron Treads\n|-resisted|p2a: Sinistcha\n|-damage|p2a: Sinistcha|81\/100\n|-damage|p2b: Snorlax|38\/100 par\n|-damage|p1a: Kilowattrel|33\/100|[from] item: Life Orb\n|\n|-heal|p2a: Sinistcha|87\/100|[from] item: Leftovers\n|upkeep\n|turn|8\n|\n|t:|1700839805\n|move|p2a: Sinistcha|Rage Powder|p2a: Sinistcha\n|-singleturn|p2a: Sinistcha|move: Rage Powder\n|move|p2b: Snorlax|Facade|p1b: Iron Treads\n|-resisted|p1b: Iron Treads\n|-crit|p1b: Iron Treads\n|-damage|p1b: Iron Treads|0 fnt\n|faint|p1b: Iron Treads\n|-end|p1b: Iron Treads|Quark Drive|[silent]\n|move|p1a: Kilowattrel|Air Slash|p2a: Sinistcha\n|-supereffective|p2a: Sinistcha\n|-damage|p2a: Sinistcha|0 fnt\n|faint|p2a: Sinistcha\n|-damage|p1a: Kilowattrel|23\/100|[from] item: Life Orb\n|\n|upkeep\n|\n|t:|1700839818\n|switch|p2a: Farigiraf|Farigiraf, M|94\/100\n|switch|p1b: Thundurus|Thundurus-Therian, M|100\/100\n|turn|9\n|\n|t:|1700839831\n|move|p2b: Snorlax|Protect|p2b: Snorlax\n|-singleturn|p2b: Snorlax|Protect\n|move|p2a: Farigiraf|Calm Mind|p2a: Farigiraf\n|-boost|p2a: Farigiraf|spa|1\n|-boost|p2a: Farigiraf|spd|1\n|move|p1b: Thundurus|Wildbolt Storm|p2b: Snorlax|[spread] p2a\n|-activate|p2b: Snorlax|move: Protect\n|-damage|p2a: Farigiraf|71\/100\n|move|p1a: Kilowattrel|Air Slash|p2b: Snorlax\n|-activate|p2b: Snorlax|move: Protect\n|\n|upkeep\n|turn|10\n|\n|t:|1700839852\n|move|p2b: Snorlax|Facade|p1b: Thundurus\n|-damage|p1b: Thundurus|0 fnt\n|faint|p1b: Thundurus\n|move|p2a: Farigiraf|Baton Pass|p2a: Farigiraf\n|-message|Swasome forfeited.\n|\n|win|Kondroid\n|raw|Swasome's rating: 1171 &rarr; <strong>1144<\/strong><br \/>(-27 for losing)\n|raw|Kondroid's rating: 1140 &rarr; <strong>1167<\/strong><br \/>(+27 for winning)\n|l|\u2606Swasome\n","uploadtime":1700839861,"views":9,"p1id":"swasome","p2id":"kondroid","formatid":"gen9doublesou","rating":1144,"private":0,"password":""}