{"id":"gen9doublesou-1995650199","p1":"BionicBozo","p2":"Forzarismo","format":"[Gen 9] Doubles OU","log":"|j|\u203dBionicBozo\n|j|\u2606Forzarismo\n|t:|1700590776\n|gametype|doubles\n|player|p1|BionicBozo|1|1213\n|player|p2|Forzarismo|veteran|1336\n|teamsize|p1|6\n|teamsize|p2|6\n|gen|9\n|tier|[Gen 9] Doubles OU\n|rated|\n|rule|Species Clause: Limit one of each Pok\u00e9mon\n|rule|OHKO Clause: OHKO moves are banned\n|rule|Evasion Moves Clause: Evasion moves are banned\n|rule|Gravity Sleep Clause: The combination of sleep-inducing moves with imperfect accuracy and Gravity or Gigantamax Orbeetle are banned\n|rule|Endless Battle Clause: Forcing endless battles is banned\n|rule|HP Percentage Mod: HP is shown in percentages\n|clearpoke\n|poke|p1|Baxcalibur, F|\n|poke|p1|Sinistcha-Masterpiece|\n|poke|p1|Lurantis, M|\n|poke|p1|Chi-Yu|\n|poke|p1|Gholdengo|\n|poke|p1|Diancie|\n|poke|p2|Pincurchin, F|\n|poke|p2|Iron Leaves|\n|poke|p2|Iron Bundle|\n|poke|p2|Iron Moth|\n|poke|p2|Iron Hands|\n|poke|p2|Iron Valiant|\n|teampreview\n|inactive|Battle timer is ON: inactive players will automatically lose when time's up. (requested by BionicBozo)\n|\n|t:|1700590802\n|start\n|switch|p1a: Chi-Yu|Chi-Yu|100\/100\n|switch|p1b: Baxcalibur|Baxcalibur, F|100\/100\n|switch|p2a: Pincurchin|Pincurchin, F|100\/100\n|switch|p2b: Iron Valiant|Iron Valiant|100\/100\n|-ability|p1a: Chi-Yu|Beads of Ruin\n|-fieldstart|move: Electric Terrain|[from] ability: Electric Surge|[of] p2a: Pincurchin\n|-activate|p2b: Iron Valiant|ability: Quark Drive\n|-start|p2b: Iron Valiant|quarkdrivespe\n|turn|1\n|inactive|BionicBozo has 120 seconds left.\n|\n|t:|1700590833\n|-terastallize|p1a: Chi-Yu|Fire\n|move|p2b: Iron Valiant|Dazzling Gleam|p1a: Chi-Yu|[spread] p1a,p1b\n|-resisted|p1a: Chi-Yu\n|-supereffective|p1b: Baxcalibur\n|-damage|p1a: Chi-Yu|80\/100\n|-damage|p1b: Baxcalibur|16\/100\n|move|p1a: Chi-Yu|Heat Wave|p2b: Iron Valiant|[spread] p2b\n|-miss|p1a: Chi-Yu|p2a: Pincurchin\n|-damage|p2b: Iron Valiant|0 fnt\n|faint|p2b: Iron Valiant\n|-end|p2b: Iron Valiant|Quark Drive|[silent]\n|move|p1b: Baxcalibur|Glaive Rush|p2a: Pincurchin\n|-damage|p2a: Pincurchin|0 fnt\n|-singlemove|p1b: Baxcalibur|Glaive Rush|[silent]\n|faint|p2a: Pincurchin\n|\n|upkeep\n|inactive|Forzarismo has 120 seconds left.\n|\n|t:|1700590863\n|switch|p2b: Iron Bundle|Iron Bundle|100\/100\n|switch|p2a: Iron Leaves|Iron Leaves|100\/100\n|-activate|p2b: Iron Bundle|ability: Quark Drive\n|-start|p2b: Iron Bundle|quarkdrivespe\n|-activate|p2a: Iron Leaves|ability: Quark Drive\n|-start|p2a: Iron Leaves|quarkdriveatk\n|turn|2\n|inactive|Forzarismo has 120 seconds left.\n|\n|t:|1700590894\n|move|p2b: Iron Bundle|Freeze-Dry|p1b: Baxcalibur\n|-damage|p1b: Baxcalibur|0 fnt\n|faint|p1b: Baxcalibur\n|move|p2a: Iron Leaves|Psyblade|p1a: Chi-Yu\n|-damage|p1a: Chi-Yu|0 fnt\n|faint|p1a: Chi-Yu\n|\n|upkeep\n|inactive|BionicBozo has 120 seconds left.\n|\n|t:|1700590924\n|switch|p1a: Lurantis|Lurantis, M|100\/100\n|switch|p1b: Diancie|Diancie|100\/100\n|turn|3\n|inactive|Forzarismo has 120 seconds left.\n|\n|t:|1700590933\n|switch|p1a: Gholdengo|Gholdengo|100\/100\n|move|p2b: Iron Bundle|Freeze-Dry|p1a: Gholdengo\n|-resisted|p1a: Gholdengo\n|-damage|p1a: Gholdengo|71\/100\n|move|p2a: Iron Leaves|Psyblade|p1b: Diancie\n|-damage|p1b: Diancie|0 fnt\n|faint|p1b: Diancie\n|\n|-heal|p1a: Gholdengo|77\/100|[from] item: Leftovers\n|upkeep\n|\n|t:|1700590945\n|switch|p1b: Lurantis|Lurantis, M|100\/100\n|turn|4\n|\n|t:|1700590959\n|move|p2b: Iron Bundle|Freeze-Dry|p1b: Lurantis\n|-supereffective|p1b: Lurantis\n|-damage|p1b: Lurantis|0 fnt\n|faint|p1b: Lurantis\n|move|p2a: Iron Leaves|Psyblade|p1a: Gholdengo\n|-resisted|p1a: Gholdengo\n|-damage|p1a: Gholdengo|24\/100\n|move|p1a: Gholdengo|Nasty Plot|p1a: Gholdengo\n|-boost|p1a: Gholdengo|spa|2\n|\n|-heal|p1a: Gholdengo|30\/100|[from] item: Leftovers\n|upkeep\n|\n|t:|1700590971\n|switch|p1b: Sinistcha|Sinistcha-Masterpiece|100\/100\n|turn|5\n|-message|BionicBozo forfeited.\n|\n|win|Forzarismo\n|raw|BionicBozo's rating: 1213 &rarr; <strong>1196<\/strong><br \/>(-17 for losing)\n|raw|Forzarismo's rating: 1336 &rarr; <strong>1349<\/strong><br \/>(+13 for winning)\n|l|\u203dBionicBozo\n","uploadtime":1700590983,"views":8,"p1id":"bionicbozo","p2id":"forzarismo","formatid":"gen9doublesou","rating":1196,"private":0,"password":""}