{"id":"gen9doublesou-1980487949","p1":"PokemonOG92 #4489","p2":"lobonatoca","format":"[Gen 9] Doubles OU","log":"|j|\u2606PokemonOG92 #4489\n|j|\u2606lobonatoca\n|t:|1698789690\n|gametype|doubles\n|player|p1|PokemonOG92 #4489|hilbert|1356\n|player|p2|lobonatoca|102|1288\n|teamsize|p1|6\n|teamsize|p2|6\n|gen|9\n|tier|[Gen 9] Doubles OU\n|rated|\n|rule|Species Clause: Limit one of each Pok\u00e9mon\n|rule|OHKO Clause: OHKO moves are banned\n|rule|Evasion Moves Clause: Evasion moves are banned\n|rule|Gravity Sleep Clause: The combination of sleep-inducing moves with imperfect accuracy and Gravity or Gigantamax Orbeetle are banned\n|rule|Endless Battle Clause: Forcing endless battles is banned\n|rule|HP Percentage Mod: HP is shown in percentages\n|clearpoke\n|poke|p1|Iron Bundle|\n|poke|p1|Dragapult, F|\n|poke|p1|Moltres-Galar|\n|poke|p1|Cresselia, F|\n|poke|p1|Sableye, M|\n|poke|p1|Snorlax, M|\n|poke|p2|Armarouge, M|\n|poke|p2|Farigiraf, M|\n|poke|p2|Ursaluna, M|\n|poke|p2|Pawmot, F|\n|poke|p2|Roaring Moon|\n|poke|p2|Maushold|\n|teampreview\n|inactive|Battle timer is ON: inactive players will automatically lose when time's up. (requested by PokemonOG92 #4489)\n|inactive|PokemonOG92 #4489 has 120 seconds left.\n|inactive|lobonatoca has 120 seconds left.\n|\n|t:|1698789722\n|start\n|switch|p1a: Iron Bundle|Iron Bundle|100\/100\n|switch|p1b: Dragapult|Dragapult, F, shiny|100\/100\n|switch|p2a: Pawmot|Pawmot, F|100\/100\n|switch|p2b: Armarouge|Armarouge, M|100\/100\n|turn|1\n|\n|t:|1698789743\n|-terastallize|p1a: Iron Bundle|Ghost\n|move|p2a: Pawmot|Fake Out|p1a: Iron Bundle\n|-immune|p1a: Iron Bundle\n|move|p2b: Armarouge|Psyshock|p1b: Dragapult\n|-damage|p1b: Dragapult|48\/100\n|move|p1a: Iron Bundle|Fling|p1b: Dragapult\n|-supereffective|p1b: Dragapult\n|-damage|p1b: Dragapult|43\/100\n|-start|p1b: Dragapult|move: Focus Energy\n|-enditem|p1b: Dragapult|Weakness Policy\n|-boost|p1b: Dragapult|atk|2|[from] item: Weakness Policy\n|-boost|p1b: Dragapult|spa|2|[from] item: Weakness Policy\n|-enditem|p1a: Iron Bundle|Lansat Berry|[from] move: Fling\n|move|p1b: Dragapult|Dragon Darts|p2b: Armarouge\n|-damage|p2b: Armarouge|47\/100\n|-anim|p1b: Dragapult|Dragon Darts|p2a: Pawmot\n|-damage|p2a: Pawmot|27\/100\n|\n|upkeep\n|turn|2\n|inactive|lobonatoca has 120 seconds left.\n|\n|t:|1698789774\n|move|p1b: Dragapult|Protect|p1b: Dragapult\n|-singleturn|p1b: Dragapult|Protect\n|move|p2b: Armarouge|Psyshock|p1b: Dragapult\n|-activate|p1b: Dragapult|move: Protect\n|move|p1a: Iron Bundle|Thief|p2b: Armarouge\n|-supereffective|p2b: Armarouge\n|-damage|p2b: Armarouge|22\/100\n|-enditem|p2b: Armarouge|Choice Scarf|[silent]|[from] move: Thief|[of] p1a: Iron Bundle\n|-item|p1a: Iron Bundle|Choice Scarf|[from] move: Thief|[of] p2b: Armarouge\n|move|p2a: Pawmot|Double Shock|p1a: Iron Bundle\n|-damage|p1a: Iron Bundle|41\/100\n|-start|p2a: Pawmot|typechange|???\/Fighting|[from] move: Double Shock\n|\n|upkeep\n|turn|3\n|\n|t:|1698789797\n|move|p1a: Iron Bundle|Icy Wind|p2b: Armarouge|[spread] p2a,p2b\n|-resisted|p2b: Armarouge\n|-damage|p2a: Pawmot|0 fnt\n|-damage|p2b: Armarouge|10\/100\n|-unboost|p2b: Armarouge|spe|1\n|faint|p2a: Pawmot\n|move|p1b: Dragapult|Dragon Darts|p2b: Armarouge\n|-damage|p2b: Armarouge|0 fnt\n|faint|p2b: Armarouge\n|\n|upkeep\n|\n|t:|1698789806\n|switch|p2a: Farigiraf|Farigiraf, M|100\/100\n|switch|p2b: Ursaluna|Ursaluna, M|100\/100\n|turn|4\n|\n|t:|1698789821\n|move|p2b: Ursaluna|Protect|p2b: Ursaluna\n|-singleturn|p2b: Ursaluna|Protect\n|move|p1a: Iron Bundle|Icy Wind|p2b: Ursaluna|[spread] p2a\n|-activate|p2b: Ursaluna|move: Protect\n|-damage|p2a: Farigiraf|84\/100\n|-unboost|p2a: Farigiraf|spe|1\n|move|p1b: Dragapult|Dragon Darts|p2a: Farigiraf\n|-damage|p2a: Farigiraf|44\/100\n|-enditem|p2a: Farigiraf|Sitrus Berry|[eat]\n|-heal|p2a: Farigiraf|69\/100|[from] item: Sitrus Berry\n|-anim|p1b: Dragapult|Dragon Darts|p2a: Farigiraf\n|-crit|p2a: Farigiraf\n|-damage|p2a: Farigiraf|2\/100\n|move|p2a: Farigiraf|Trick Room|p2a: Farigiraf\n|-fieldstart|move: Trick Room|[of] p2a: Farigiraf\n|\n|-status|p2b: Ursaluna|brn|[from] item: Flame Orb\n|upkeep\n|turn|5\n|c|\u2606PokemonOG92 #4489|berry saved you lol\n|\n|t:|1698789843\n|move|p1b: Dragapult|Protect|p1b: Dragapult\n|-singleturn|p1b: Dragapult|Protect\n|move|p2a: Farigiraf|Hyper Voice|p1a: Iron Bundle|[spread] \n|-activate|p1b: Dragapult|move: Protect\n|-immune|p1a: Iron Bundle\n|move|p2b: Ursaluna|Earthquake|p1a: Iron Bundle|[spread] p2a,p1a\n|-activate|p1b: Dragapult|move: Protect\n|-damage|p2a: Farigiraf|0 fnt\n|-damage|p1a: Iron Bundle|0 fnt\n|faint|p2a: Farigiraf\n|faint|p1a: Iron Bundle\n|-end|p1a: Iron Bundle|Quark Drive|[silent]\n|\n|-damage|p2b: Ursaluna|94\/100 brn|[from] brn\n|upkeep\n|\n|t:|1698789860\n|switch|p2a: Maushold|Maushold|100\/100\n|switch|p1a: Sableye|Sableye, M|100\/100\n|turn|6\n|\n|t:|1698789880\n|move|p2b: Ursaluna|Protect|p2b: Ursaluna\n|-singleturn|p2b: Ursaluna|Protect\n|move|p1a: Sableye|Disable|p2b: Ursaluna\n|-activate|p2b: Ursaluna|move: Protect\n|move|p2a: Maushold|Play Rough|p1b: Dragapult\n|-supereffective|p1b: Dragapult\n|-damage|p1b: Dragapult|0 fnt\n|faint|p1b: Dragapult\n|\n|-damage|p2b: Ursaluna|88\/100 brn|[from] brn\n|upkeep\n|\n|t:|1698789897\n|switch|p1b: Moltres|Moltres-Galar|100\/100\n|turn|7\n|\n|t:|1698789907\n|move|p1b: Moltres|Protect|p1b: Moltres\n|-singleturn|p1b: Moltres|Protect\n|move|p1a: Sableye|Encore|p2b: Ursaluna\n|-start|p2b: Ursaluna|Encore\n|move|p2b: Ursaluna|Protect|p2b: Ursaluna\n|-singleturn|p2b: Ursaluna|Protect\n|move|p2a: Maushold|Play Rough|p1a: Sableye\n|-supereffective|p1a: Sableye\n|-damage|p1a: Sableye|35\/100\n|\n|-damage|p2b: Ursaluna|82\/100 brn|[from] brn\n|upkeep\n|turn|8\n|\n|t:|1698789928\n|move|p2b: Ursaluna|Protect||[still]\n|-fail|p2b: Ursaluna\n|move|p1a: Sableye|Disable|p2a: Maushold\n|-start|p2a: Maushold|Disable|Play Rough\n|move|p1b: Moltres|Nasty Plot|p1b: Moltres\n|-boost|p1b: Moltres|spa|2\n|cant|p2a: Maushold|Disable|Play Rough\n|\n|-damage|p2b: Ursaluna|75\/100 brn|[from] brn\n|-fieldend|move: Trick Room\n|upkeep\n|turn|9\n|\n|t:|1698789944\n|move|p2b: Ursaluna|Protect|p2b: Ursaluna\n|-singleturn|p2b: Ursaluna|Protect\n|move|p1a: Sableye|Encore|p2a: Maushold\n|-start|p2a: Maushold|Encore\n|cant|p2a: Maushold|Disable|Play Rough\n|move|p1b: Moltres|Nasty Plot|p1b: Moltres\n|-boost|p1b: Moltres|spa|2\n|\n|-damage|p2b: Ursaluna|69\/100 brn|[from] brn\n|-end|p2b: Ursaluna|Encore\n|upkeep\n|turn|10\n|\n|t:|1698789964\n|switch|p2b: Roaring Moon|Roaring Moon|100\/100\n|-enditem|p2b: Roaring Moon|Booster Energy\n|-activate|p2b: Roaring Moon|ability: Protosynthesis|[fromitem]\n|-start|p2b: Roaring Moon|protosynthesisatk\n|move|p1a: Sableye|Encore|p2b: Roaring Moon\n|-hint|Since gen 7, Dark is immune to Prankster moves.\n|-immune|p2b: Roaring Moon\n|-activate|p2a: Maushold|move: Struggle\n|move|p2a: Maushold|Struggle|p1a: Sableye\n|-crit|p1a: Sableye\n|-damage|p1a: Sableye|0 fnt\n|faint|p1a: Sableye\n|-damage|p2a: Maushold|75\/100|[from] recoil\n|move|p1b: Moltres|Fiery Wrath|p2a: Maushold|[spread] p2a,p2b\n|-resisted|p2b: Roaring Moon\n|-damage|p2a: Maushold|0 fnt\n|-damage|p2b: Roaring Moon|61\/100\n|faint|p2a: Maushold\n|\n|upkeep\n|\n|t:|1698789987\n|switch|p2a: Ursaluna|Ursaluna, M|69\/100 brn\n|switch|p1a: Cresselia|Cresselia, F|100\/100\n|turn|11\n|\n|t:|1698790000\n|-terastallize|p2b: Roaring Moon|Flying\n|move|p1a: Cresselia|Ally Switch|p1a: Cresselia\n|swap|p1a: Cresselia|1|[from] move: Ally Switch\n|move|p2b: Roaring Moon|Acrobatics|p1a: Moltres\n|-damage|p1a: Moltres|0 fnt\n|faint|p1a: Moltres\n|move|p2a: Ursaluna|Facade|p1b: Cresselia\n|-damage|p1b: Cresselia|18\/100\n|\n|-damage|p2a: Ursaluna|63\/100 brn|[from] brn\n|upkeep\n|c|\u2606PokemonOG92 #4489|damn\n|c|\u2606lobonatoca|easy\n|\n|t:|1698790012\n|switch|p1a: Snorlax|Snorlax, M|100\/100\n|turn|12\n|c|\u2606PokemonOG92 #4489|lmao\n|c|\u2606lobonatoca|lol\n|inactive|PokemonOG92 #4489 has 120 seconds left.\n|c|\u2606PokemonOG92 #4489|You read nothing hahahaha, one misplay by me after kicking your ass the whole game and now you're talking big lol\n|\n|t:|1698790066\n|move|p2b: Roaring Moon|Acrobatics|p1b: Cresselia\n|-damage|p1b: Cresselia|0 fnt\n|faint|p1b: Cresselia\n|move|p2a: Ursaluna|Facade|p1a: Snorlax\n|-damage|p1a: Snorlax|4\/100\n|-enditem|p1a: Snorlax|Sitrus Berry|[eat]\n|-heal|p1a: Snorlax|28\/100|[from] item: Sitrus Berry\n|move|p1a: Snorlax|Belly Drum||[still]\n|-fail|p1a: Snorlax\n|\n|-damage|p2a: Ursaluna|57\/100 brn|[from] brn\n|upkeep\n|turn|13\n|inactive|PokemonOG92 #4489 has 120 seconds left.\n|\n|t:|1698790082\n|move|p1a: Snorlax|Protect|p1a: Snorlax\n|-singleturn|p1a: Snorlax|Protect\n|move|p2b: Roaring Moon|Acrobatics|p1a: Snorlax\n|-activate|p1a: Snorlax|move: Protect\n|move|p2a: Ursaluna|Earthquake|p1a: Snorlax|[spread] \n|-activate|p1a: Snorlax|move: Protect\n|-immune|p2b: Roaring Moon\n|\n|-damage|p2a: Ursaluna|50\/100 brn|[from] brn\n|upkeep\n|turn|14\n|\n|t:|1698790094\n|move|p1a: Snorlax|Protect||[still]\n|-fail|p1a: Snorlax\n|move|p2b: Roaring Moon|Acrobatics|p1a: Snorlax\n|-damage|p1a: Snorlax|0 fnt\n|faint|p1a: Snorlax\n|\n|win|lobonatoca\n|raw|PokemonOG92 #4489's rating: 1356 &rarr; <strong>1332<\/strong><br \/>(-24 for losing)\n|raw|lobonatoca's rating: 1288 &rarr; <strong>1318<\/strong><br \/>(+30 for winning)\n|l|\u2606PokemonOG92 #4489\n","uploadtime":1698790119,"views":15,"p1id":"pokemonog924489","p2id":"lobonatoca","formatid":"gen9doublesou","rating":1318,"private":0,"password":""}