{"id":"gen9doublesou-1972363352","p1":"Howfalcons","p2":"Pete8738","format":"[Gen 9] Doubles OU","log":"|j|\u2606Howfalcons\n|j|\u2606Pete8738\n|t:|1697835054\n|gametype|doubles\n|player|p1|Howfalcons|clown|1661\n|player|p2|Pete8738|101|1638\n|teamsize|p1|6\n|teamsize|p2|6\n|gen|9\n|tier|[Gen 9] Doubles OU\n|rated|\n|rule|Species Clause: Limit one of each Pok\u00e9mon\n|rule|OHKO Clause: OHKO moves are banned\n|rule|Evasion Moves Clause: Evasion moves are banned\n|rule|Gravity Sleep Clause: The combination of sleep-inducing moves with imperfect accuracy and Gravity or Gigantamax Orbeetle are banned\n|rule|Endless Battle Clause: Forcing endless battles is banned\n|rule|HP Percentage Mod: HP is shown in percentages\n|clearpoke\n|poke|p1|Grimmsnarl, M|\n|poke|p1|Palafin, F|\n|poke|p1|Iron Hands|\n|poke|p1|Cresselia, F|\n|poke|p1|Rillaboom, F|\n|poke|p1|Heatran, F|\n|poke|p2|Tornadus, M|\n|poke|p2|Walking Wake|\n|poke|p2|Rillaboom, F|\n|poke|p2|Arcanine-Hisui, M|\n|poke|p2|Ogerpon-Wellspring, F|\n|poke|p2|Flutter Mane|\n|teampreview\n|inactive|Battle timer is ON: inactive players will automatically lose when time's up. (requested by Pete8738)\n|\n|t:|1697835074\n|start\n|switch|p1a: Billygoats Gruff|Grimmsnarl, M, shiny|100\/100\n|switch|p1b: Dolph Lundgren|Palafin, F|100\/100\n|switch|p2a: Rillaboom|Rillaboom, F|100\/100\n|switch|p2b: Flutter Mane|Flutter Mane|100\/100\n|-fieldstart|move: Grassy Terrain|[from] ability: Grassy Surge|[of] p2a: Rillaboom\n|turn|1\n|inactive|Howfalcons has 120 seconds left.\n|\n|t:|1697835105\n|detailschange|p1b: Dolph Lundgren|Palafin-Hero, F\n|switch|p1b: Return to Monke|Rillaboom, F|100\/100\n|switch|p1a: Froggetabout it|Heatran, F|100\/100\n|move|p2a: Rillaboom|Fake Out|p1a: Froggetabout it\n|-resisted|p1a: Froggetabout it\n|-damage|p1a: Froggetabout it|95\/100\n|move|p2b: Flutter Mane|Moonblast|p1a: Froggetabout it\n|-resisted|p1a: Froggetabout it\n|-damage|p1a: Froggetabout it|82\/100\n|-unboost|p1a: Froggetabout it|spa|1\n|\n|-heal|p1a: Froggetabout it|88\/100|[from] Grassy Terrain\n|upkeep\n|turn|2\n|\n|t:|1697835126\n|-end|p2b: Flutter Mane|Protosynthesis|[silent]\n|switch|p2b: Ogerpon|Ogerpon-Wellspring, F|100\/100\n|switch|p2a: Arcanine|Arcanine-Hisui, M|100\/100\n|-ability|p2a: Arcanine|Intimidate|boost\n|-unboost|p1a: Froggetabout it|atk|1\n|-unboost|p1b: Return to Monke|atk|1\n|move|p1b: Return to Monke|Wood Hammer|p2b: Ogerpon\n|-damage|p2b: Ogerpon|31\/100\n|-damage|p1b: Return to Monke|83\/100|[from] Recoil\n|move|p1a: Froggetabout it|Flash Cannon|p2b: Ogerpon\n|-resisted|p2b: Ogerpon\n|-damage|p2b: Ogerpon|13\/100\n|-unboost|p2b: Ogerpon|spd|1\n|\n|-heal|p2b: Ogerpon|19\/100|[from] Grassy Terrain\n|-heal|p1b: Return to Monke|90\/100|[from] Grassy Terrain\n|-heal|p1a: Froggetabout it|94\/100|[from] Grassy Terrain\n|upkeep\n|turn|3\n|inactive|Howfalcons has 120 seconds left.\n|\n|t:|1697835180\n|switch|p1a: Duck and Cover|Cresselia, F|100\/100\n|move|p2b: Ogerpon|Ivy Cudgel|p1a: Duck and Cover\n|-damage|p1a: Duck and Cover|65\/100\n|move|p2a: Arcanine|Flare Blitz|p1b: Return to Monke\n|-supereffective|p1b: Return to Monke\n|-damage|p1b: Return to Monke|0 fnt\n|faint|p1b: Return to Monke\n|-damage|p2a: Arcanine|65\/100|[from] Recoil\n|\n|-heal|p2b: Ogerpon|25\/100|[from] Grassy Terrain\n|-heal|p2a: Arcanine|71\/100|[from] Grassy Terrain\n|upkeep\n|inactive|Howfalcons has 90 seconds left.\n|\n|t:|1697835202\n|switch|p1b: Billygoats Gruff|Grimmsnarl, M, shiny|100\/100\n|turn|4\n|\n|t:|1697835219\n|move|p1b: Billygoats Gruff|Reflect|p1b: Billygoats Gruff\n|-sidestart|p1: Howfalcons|Reflect\n|move|p2b: Ogerpon|Horn Leech|p1a: Duck and Cover\n|-damage|p1a: Duck and Cover|41\/100\n|-heal|p2b: Ogerpon|43\/100|[from] drain|[of] p1a: Duck and Cover\n|move|p2a: Arcanine|Flare Blitz|p1a: Duck and Cover\n|-damage|p1a: Duck and Cover|6\/100\n|-damage|p2a: Arcanine|55\/100|[from] Recoil\n|move|p1a: Duck and Cover|Trick Room|p1a: Duck and Cover\n|-fieldstart|move: Trick Room|[of] p1a: Duck and Cover\n|\n|-heal|p2a: Arcanine|61\/100|[from] Grassy Terrain\n|-heal|p2b: Ogerpon|49\/100|[from] Grassy Terrain\n|upkeep\n|turn|5\n|\n|t:|1697835241\n|switch|p2a: Rillaboom|Rillaboom, F|100\/100\n|move|p1b: Billygoats Gruff|Light Screen|p1b: Billygoats Gruff\n|-sidestart|p1: Howfalcons|move: Light Screen\n|move|p1a: Duck and Cover|Psychic|p2b: Ogerpon\n|-damage|p2b: Ogerpon|1\/100\n|move|p2b: Ogerpon|U-turn|p1a: Duck and Cover\n|-supereffective|p1a: Duck and Cover\n|-damage|p1a: Duck and Cover|0 fnt\n|faint|p1a: Duck and Cover\n|\n|t:|1697835254\n|switch|p2b: Tornadus|Tornadus, M|100\/100|[from] U-turn\n|\n|-fieldend|move: Grassy Terrain\n|upkeep\n|\n|t:|1697835269\n|switch|p1a: Froggetabout it|Heatran, F|94\/100\n|turn|6\n|inactive|Howfalcons has 120 seconds left.\n|\n|t:|1697835279\n|move|p2a: Rillaboom|Fake Out|p1a: Froggetabout it\n|-resisted|p1a: Froggetabout it\n|-damage|p1a: Froggetabout it|91\/100\n|move|p1b: Billygoats Gruff|Parting Shot|p2a: Rillaboom\n|-unboost|p2a: Rillaboom|atk|1\n|-unboost|p2a: Rillaboom|spa|1\n|inactive|Howfalcons has 120 seconds left.\n|\n|t:|1697835292\n|switch|p1b: Sweet Science|Iron Hands|100\/100|[from] Parting Shot\n|move|p2b: Tornadus|Rain Dance|p2b: Tornadus\n|-weather|RainDance\n|cant|p1a: Froggetabout it|flinch\n|\n|-weather|RainDance|[upkeep]\n|upkeep\n|turn|7\n|\n|t:|1697835310\n|switch|p2a: Arcanine|Arcanine-Hisui, M|61\/100\n|-ability|p2a: Arcanine|Intimidate|boost\n|-unboost|p1a: Froggetabout it|atk|1\n|-unboost|p1b: Sweet Science|atk|1\n|move|p2b: Tornadus|Taunt|p1b: Sweet Science\n|-start|p1b: Sweet Science|move: Taunt\n|cant|p1b: Sweet Science|move: Taunt|Swords Dance\n|move|p1a: Froggetabout it|Stealth Rock|p2b: Tornadus\n|-sidestart|p2: Pete8738|move: Stealth Rock\n|\n|-weather|RainDance|[upkeep]\n|upkeep\n|turn|8\n|\n|t:|1697835326\n|move|p1b: Sweet Science|Drain Punch|p2a: Arcanine\n|-supereffective|p2a: Arcanine\n|-damage|p2a: Arcanine|0 fnt\n|faint|p2a: Arcanine\n|move|p1a: Froggetabout it|Flash Cannon|p2b: Tornadus\n|-damage|p2b: Tornadus|34\/100\n|move|p2b: Tornadus|Bleakwind Storm|p1b: Sweet Science|[spread] p1a,p1b\n|-resisted|p1a: Froggetabout it\n|-damage|p1a: Froggetabout it|81\/100\n|-damage|p1b: Sweet Science|80\/100\n|-unboost|p1a: Froggetabout it|spe|1\n|-unboost|p1b: Sweet Science|spe|1\n|\n|-weather|RainDance|[upkeep]\n|-heal|p1b: Sweet Science|86\/100|[from] item: Leftovers\n|-fieldend|move: Trick Room\n|upkeep\n|\n|t:|1697835340\n|switch|p2a: Ogerpon|Ogerpon-Wellspring, F|1\/100\n|-damage|p2a: Ogerpon|0 fnt|[from] Stealth Rock\n|faint|p2a: Ogerpon\n|\n|t:|1697835347\n|switch|p2a: Walking Wake|Walking Wake|100\/100\n|-damage|p2a: Walking Wake|88\/100|[from] Stealth Rock\n|-enditem|p2a: Walking Wake|Booster Energy\n|-activate|p2a: Walking Wake|ability: Protosynthesis|[fromitem]\n|-start|p2a: Walking Wake|protosynthesisspa\n|turn|9\n|\n|t:|1697835376\n|move|p2b: Tornadus|Bleakwind Storm|p1a: Froggetabout it|[spread] p1a,p1b\n|-resisted|p1a: Froggetabout it\n|-damage|p1a: Froggetabout it|71\/100\n|-damage|p1b: Sweet Science|68\/100\n|move|p2a: Walking Wake|Scald|p1b: Sweet Science\n|-damage|p1b: Sweet Science|28\/100\n|-status|p1b: Sweet Science|brn\n|move|p1a: Froggetabout it|Flash Cannon|p2b: Tornadus\n|-damage|p2b: Tornadus|0 fnt\n|faint|p2b: Tornadus\n|move|p1b: Sweet Science|Thunder Punch|p2a: Walking Wake\n|-damage|p2a: Walking Wake|71\/100\n|\n|-weather|RainDance|[upkeep]\n|-heal|p1b: Sweet Science|34\/100 brn|[from] item: Leftovers\n|-damage|p1b: Sweet Science|28\/100 brn|[from] brn\n|-end|p1b: Sweet Science|move: Taunt\n|upkeep\n|inactive|Pete8738 has 120 seconds left.\n|\n|t:|1697835392\n|switch|p2b: Rillaboom|Rillaboom, F|100\/100\n|-damage|p2b: Rillaboom|88\/100|[from] Stealth Rock\n|-fieldstart|move: Grassy Terrain|[from] ability: Grassy Surge|[of] p2b: Rillaboom\n|turn|10\n|inactive|Howfalcons has 120 seconds left.\n|\n|t:|1697835428\n|-terastallize|p1a: Froggetabout it|Grass\n|move|p2b: Rillaboom|Fake Out|p1a: Froggetabout it\n|-damage|p1a: Froggetabout it|63\/100\n|move|p2a: Walking Wake|Scald|p1b: Sweet Science\n|-damage|p1b: Sweet Science|0 fnt\n|faint|p1b: Sweet Science\n|-end|p1b: Sweet Science|Quark Drive|[silent]\n|cant|p1a: Froggetabout it|flinch\n|\n|-weather|none\n|-heal|p2a: Walking Wake|78\/100|[from] Grassy Terrain\n|-heal|p2b: Rillaboom|94\/100|[from] Grassy Terrain\n|-heal|p1a: Froggetabout it|69\/100|[from] Grassy Terrain\n|upkeep\n|\n|t:|1697835435\n|switch|p1b: Billygoats Gruff|Grimmsnarl, M, shiny|100\/100\n|turn|11\n|\n|t:|1697835458\n|move|p2a: Walking Wake|Draco Meteor|p1a: Froggetabout it\n|-damage|p1a: Froggetabout it|24\/100\n|-unboost|p2a: Walking Wake|spa|2\n|move|p2b: Rillaboom|U-turn|p1a: Froggetabout it\n|-supereffective|p1a: Froggetabout it\n|-damage|p1a: Froggetabout it|0 fnt\n|faint|p1a: Froggetabout it\n|\n|t:|1697835466\n|switch|p2b: Flutter Mane|Flutter Mane|100\/100|[from] U-turn\n|-damage|p2b: Flutter Mane|88\/100|[from] Stealth Rock\n|move|p1b: Billygoats Gruff|Spirit Break|p2a: Walking Wake\n|-supereffective|p2a: Walking Wake\n|-damage|p2a: Walking Wake|13\/100\n|-unboost|p2a: Walking Wake|spa|1\n|\n|-heal|p2b: Flutter Mane|94\/100|[from] Grassy Terrain\n|-heal|p2a: Walking Wake|20\/100|[from] Grassy Terrain\n|-sideend|p1: Howfalcons|Reflect\n|upkeep\n|\n|t:|1697835469\n|switch|p1a: Dolph Lundgren|Palafin-Hero, F|100\/100\n|-activate|p1a: Dolph Lundgren|ability: Zero to Hero\n|turn|12\n|\n|t:|1697835489\n|-terastallize|p2b: Flutter Mane|Fairy\n|move|p2b: Flutter Mane|Moonblast|p1a: Dolph Lundgren\n|-damage|p1a: Dolph Lundgren|66\/100\n|move|p2a: Walking Wake|Scald|p1a: Dolph Lundgren\n|-resisted|p1a: Dolph Lundgren\n|-damage|p1a: Dolph Lundgren|61\/100\n|move|p1a: Dolph Lundgren|Bulk Up|p1a: Dolph Lundgren\n|-boost|p1a: Dolph Lundgren|atk|1\n|-boost|p1a: Dolph Lundgren|def|1\n|move|p1b: Billygoats Gruff|Spirit Break|p2b: Flutter Mane\n|-damage|p2b: Flutter Mane|24\/100\n|-unboost|p2b: Flutter Mane|spa|1\n|\n|-heal|p2b: Flutter Mane|30\/100|[from] Grassy Terrain\n|-heal|p2a: Walking Wake|26\/100|[from] Grassy Terrain\n|-heal|p1a: Dolph Lundgren|67\/100|[from] Grassy Terrain\n|-heal|p1a: Dolph Lundgren|73\/100|[from] item: Leftovers\n|-sideend|p1: Howfalcons|move: Light Screen\n|upkeep\n|turn|13\n|\n|t:|1697835519\n|move|p1a: Dolph Lundgren|Jet Punch|p2b: Flutter Mane\n|-crit|p2b: Flutter Mane\n|-damage|p2b: Flutter Mane|0 fnt\n|faint|p2b: Flutter Mane\n|-end|p2b: Flutter Mane|Protosynthesis|[silent]\n|move|p2a: Walking Wake|Draco Meteor|p1a: Dolph Lundgren\n|-damage|p1a: Dolph Lundgren|49\/100\n|-unboost|p2a: Walking Wake|spa|2\n|move|p1b: Billygoats Gruff|Spirit Break|p2a: Walking Wake\n|-supereffective|p2a: Walking Wake\n|-damage|p2a: Walking Wake|0 fnt\n|faint|p2a: Walking Wake\n|-end|p2a: Walking Wake|Protosynthesis|[silent]\n|\n|-heal|p1a: Dolph Lundgren|55\/100|[from] Grassy Terrain\n|-heal|p1a: Dolph Lundgren|61\/100|[from] item: Leftovers\n|upkeep\n|\n|t:|1697835529\n|switch|p2b: Rillaboom|Rillaboom, F|94\/100\n|-damage|p2b: Rillaboom|82\/100|[from] Stealth Rock\n|turn|14\n|\n|t:|1697835536\n|move|p1a: Dolph Lundgren|Protect|p1a: Dolph Lundgren\n|-singleturn|p1a: Dolph Lundgren|Protect\n|move|p2b: Rillaboom|Fake Out|p1a: Dolph Lundgren\n|-activate|p1a: Dolph Lundgren|move: Protect\n|move|p1b: Billygoats Gruff|Reflect|p1b: Billygoats Gruff\n|-sidestart|p1: Howfalcons|Reflect\n|\n|-heal|p1a: Dolph Lundgren|67\/100|[from] Grassy Terrain\n|-heal|p1a: Dolph Lundgren|73\/100|[from] item: Leftovers\n|-heal|p2b: Rillaboom|88\/100|[from] Grassy Terrain\n|-fieldend|move: Grassy Terrain\n|upkeep\n|turn|15\n|\n|t:|1697835545\n|move|p1a: Dolph Lundgren|Drain Punch|p2b: Rillaboom\n|-damage|p2b: Rillaboom|49\/100\n|-heal|p1a: Dolph Lundgren|93\/100|[from] drain|[of] p2b: Rillaboom\n|move|p2b: Rillaboom|Wood Hammer|p1a: Dolph Lundgren\n|-supereffective|p1a: Dolph Lundgren\n|-damage|p1a: Dolph Lundgren|43\/100\n|-damage|p2b: Rillaboom|33\/100|[from] Recoil\n|move|p1b: Billygoats Gruff|Spirit Break|p2b: Rillaboom\n|-damage|p2b: Rillaboom|5\/100\n|-unboost|p2b: Rillaboom|spa|1\n|\n|-heal|p1a: Dolph Lundgren|50\/100|[from] item: Leftovers\n|upkeep\n|turn|16\n|-message|Pete8738 forfeited.\n|\n|win|Howfalcons\n|raw|Howfalcons's rating: 1661 &rarr; <strong>1680<\/strong><br \/>(+19 for winning)\n|raw|Pete8738's rating: 1638 &rarr; <strong>1619<\/strong><br \/>(-19 for losing)\n|l|\u2606Pete8738\n","uploadtime":1697835563,"views":12,"p1id":"howfalcons","p2id":"pete8738","formatid":"gen9doublesou","rating":1619,"private":0,"password":""}