{"id":"gen9doublesou-1977654820","p1":"smeeblin","p2":"Bealue","format":"[Gen 9] Doubles OU","log":"|j|\u2606smeeblin\n|j|\u2606Bealue\n|t:|1698435648\n|gametype|doubles\n|player|p1|smeeblin|unknownf|1032\n|player|p2|Bealue|caitlin|1046\n|teamsize|p1|6\n|teamsize|p2|6\n|gen|9\n|tier|[Gen 9] Doubles OU\n|rated|\n|rule|Species Clause: Limit one of each Pok\u00e9mon\n|rule|OHKO Clause: OHKO moves are banned\n|rule|Evasion Moves Clause: Evasion moves are banned\n|rule|Gravity Sleep Clause: The combination of sleep-inducing moves with imperfect accuracy and Gravity or Gigantamax Orbeetle are banned\n|rule|Endless Battle Clause: Forcing endless battles is banned\n|rule|HP Percentage Mod: HP is shown in percentages\n|clearpoke\n|poke|p1|Volcarona, F|\n|poke|p1|Oricorio-Pom-Pom, M|\n|poke|p1|Ceruledge, F|\n|poke|p1|Quaquaval, F|\n|poke|p1|Flamigo, M|\n|poke|p1|Blissey, F|\n|poke|p2|Arcanine-Hisui, M|\n|poke|p2|Samurott-Hisui, F|\n|poke|p2|Walking Wake|\n|poke|p2|Cyclizar, F|\n|poke|p2|Maushold-Four|\n|poke|p2|Copperajah, M|\n|teampreview\n|\n|t:|1698435698\n|start\n|switch|p1a: Volcarona|Volcarona, F|100\/100\n|switch|p1b: Oricorio|Oricorio-Pom-Pom, M|100\/100\n|switch|p2a: Copperajah|Copperajah, M|100\/100\n|switch|p2b: Cyclizar|Cyclizar, F|100\/100\n|turn|1\n|\n|t:|1698435726\n|-terastallize|p1a: Volcarona|Fairy\n|move|p1b: Oricorio|Protect|p1b: Oricorio\n|-singleturn|p1b: Oricorio|Protect\n|move|p2b: Cyclizar|Shed Tail|p2b: Cyclizar\n|-start|p2b: Cyclizar|Substitute|[from] move: Shed Tail\n|-damage|p2b: Cyclizar|50\/100\n|\n|t:|1698435738\n|switch|p2b: Ronaldo|Arcanine-Hisui, M, shiny|100\/100|[from] Shed Tail\n|move|p1a: Volcarona|Fiery Dance|p2a: Copperajah\n|-supereffective|p2a: Copperajah\n|-damage|p2a: Copperajah|13\/100\n|-boost|p1a: Volcarona|spa|1\n|-activate|p1b: Oricorio|ability: Dancer\n|move|p1b: Oricorio|Fiery Dance|p2a: Copperajah|[from]ability: Dancer\n|-supereffective|p2a: Copperajah\n|-damage|p2a: Copperajah|0 fnt\n|faint|p2a: Copperajah\n|\n|upkeep\n|\n|t:|1698435766\n|switch|p2a: Walking Wake|Walking Wake|100\/100\n|turn|2\n|\n|t:|1698435782\n|-terastallize|p2b: Ronaldo|Grass\n|move|p2a: Walking Wake|Dragon Pulse|p1b: Oricorio\n|-damage|p1b: Oricorio|43\/100\n|move|p1b: Oricorio|Substitute|p1b: Oricorio\n|-start|p1b: Oricorio|Substitute\n|-damage|p1b: Oricorio|19\/100\n|move|p1a: Volcarona|Quiver Dance|p1a: Volcarona\n|-boost|p1a: Volcarona|spa|1\n|-boost|p1a: Volcarona|spd|1\n|-boost|p1a: Volcarona|spe|1\n|-activate|p1b: Oricorio|ability: Dancer\n|move|p1b: Oricorio|Quiver Dance|p1b: Oricorio|[from]ability: Dancer\n|-boost|p1b: Oricorio|spa|1\n|-boost|p1b: Oricorio|spd|1\n|-boost|p1b: Oricorio|spe|1\n|move|p2b: Ronaldo|Raging Fury|p1a: Volcarona\n|-damage|p1a: Volcarona|37\/100\n|-enditem|p1a: Volcarona|Eject Button\n|\n|t:|1698435813\n|switch|p1a: Quaquaval|Quaquaval, F|100\/100\n|\n|-heal|p1b: Oricorio|25\/100|[from] item: Leftovers\n|upkeep\n|turn|3\n|\n|t:|1698435828\n|move|p1b: Oricorio|Protect|p1b: Oricorio\n|-singleturn|p1b: Oricorio|Protect\n|move|p2a: Walking Wake|Dragon Pulse|p1b: Oricorio\n|-activate|p1b: Oricorio|move: Protect\n|move|p1a: Quaquaval|Swords Dance|p1a: Quaquaval\n|-boost|p1a: Quaquaval|atk|2\n|-activate|p1b: Oricorio|ability: Dancer\n|move|p1b: Oricorio|Swords Dance|p1b: Oricorio|[from]ability: Dancer\n|-boost|p1b: Oricorio|atk|2\n|move|p2b: Ronaldo|Raging Fury|p1b: Oricorio|[from]lockedmove\n|-activate|p1b: Oricorio|move: Protect\n|\n|-heal|p1b: Oricorio|31\/100|[from] item: Leftovers\n|upkeep\n|turn|4\n|\n|t:|1698435858\n|move|p1b: Oricorio|Revelation Dance|p2a: Walking Wake\n|-damage|p2a: Walking Wake|43\/100\n|move|p2a: Walking Wake|Dragon Pulse|p1a: Quaquaval\n|-crit|p1a: Quaquaval\n|-damage|p1a: Quaquaval|30\/100\n|-enditem|p1a: Quaquaval|Eject Button\n|\n|t:|1698435865\n|switch|p1a: Flamigo|Flamigo, M|100\/100\n|-copyboost|p1a: Flamigo|p1b: Oricorio|[from] ability: Costar\n|move|p2b: Ronaldo|Stone Edge|p1b: Oricorio\n|-supereffective|p1b: Oricorio\n|-end|p1b: Oricorio|Substitute\n|\n|-heal|p1b: Oricorio|37\/100|[from] item: Leftovers\n|upkeep\n|turn|5\n|\n|t:|1698435905\n|move|p1b: Oricorio|Tailwind|p1b: Oricorio\n|-sidestart|p1: smeeblin|move: Tailwind\n|move|p1a: Flamigo|Acrobatics|p2b: Ronaldo\n|-supereffective|p2b: Ronaldo\n|-end|p2b: Ronaldo|Substitute\n|move|p2a: Walking Wake|Dragon Pulse|p1b: Oricorio\n|-damage|p1b: Oricorio|1\/100\n|move|p2b: Ronaldo|Stone Edge|p1a: Flamigo|[miss]\n|-miss|p2b: Ronaldo|p1a: Flamigo\n|\n|-heal|p1b: Oricorio|8\/100|[from] item: Leftovers\n|upkeep\n|turn|6\n|\n|t:|1698435924\n|move|p1b: Oricorio|Revelation Dance|p2a: Walking Wake\n|-damage|p2a: Walking Wake|0 fnt\n|faint|p2a: Walking Wake\n|-end|p2a: Walking Wake|Protosynthesis|[silent]\n|move|p1a: Flamigo|Acrobatics|p2b: Ronaldo\n|-supereffective|p2b: Ronaldo\n|-damage|p2b: Ronaldo|0 fnt\n|faint|p2b: Ronaldo\n|\n|-heal|p1b: Oricorio|14\/100|[from] item: Leftovers\n|upkeep\n|\n|t:|1698435941\n|switch|p2a: Cyclizar|Cyclizar, F|83\/100\n|switch|p2b: Maushold|Maushold-Four|100\/100\n|turn|7\n|\n|t:|1698435963\n|move|p2b: Maushold|Follow Me|p2b: Maushold\n|-singleturn|p2b: Maushold|move: Follow Me\n|move|p1b: Oricorio|Revelation Dance|p2b: Maushold\n|-damage|p2b: Maushold|44\/100\n|move|p1a: Flamigo|Acrobatics|p2b: Maushold\n|-damage|p2b: Maushold|0 fnt\n|-damage|p1a: Flamigo|84\/100|[from] item: Rocky Helmet|[of] p2b: Maushold\n|faint|p2b: Maushold\n|move|p2a: Cyclizar|Shed Tail|p2a: Cyclizar\n|-start|p2a: Cyclizar|Substitute|[from] move: Shed Tail\n|-damage|p2a: Cyclizar|33\/100\n|\n|t:|1698435977\n|switch|p2a: Samurott|Samurott-Hisui, F|100\/100|[from] Shed Tail\n|\n|-heal|p1b: Oricorio|20\/100|[from] item: Leftovers\n|upkeep\n|\n|t:|1698435980\n|switch|p2b: Cyclizar|Cyclizar, F|66\/100\n|turn|8\n|\n|t:|1698436005\n|move|p1b: Oricorio|Revelation Dance|p2b: Cyclizar\n|-resisted|p2b: Cyclizar\n|-crit|p2b: Cyclizar\n|-damage|p2b: Cyclizar|9\/100\n|move|p1a: Flamigo|Acrobatics|p2a: Samurott\n|-end|p2a: Samurott|Substitute\n|move|p2b: Cyclizar|Ice Spinner|p1a: Flamigo\n|-supereffective|p1a: Flamigo\n|-damage|p1a: Flamigo|16\/100\n|move|p2a: Samurott|Ceaseless Edge|p1b: Oricorio\n|-damage|p1b: Oricorio|0 fnt\n|-sidestart|p1: smeeblin|Spikes\n|faint|p1b: Oricorio\n|\n|-heal|p2b: Cyclizar|15\/100|[from] item: Leftovers\n|-sideend|p1: smeeblin|move: Tailwind\n|upkeep\n|\n|t:|1698436027\n|switch|p1b: Blissey|Blissey, F|100\/100\n|-damage|p1b: Blissey|88\/100|[from] Spikes\n|turn|9\n|\n|t:|1698436052\n|move|p1a: Flamigo|Acrobatics|p2a: Samurott\n|-damage|p2a: Samurott|0 fnt\n|faint|p2a: Samurott\n|move|p2b: Cyclizar|Breaking Swipe|p1b: Blissey|[spread] p1a,p1b\n|-crit|p1a: Flamigo\n|-damage|p1a: Flamigo|0 fnt\n|-damage|p1b: Blissey|72\/100\n|-unboost|p1b: Blissey|atk|1\n|faint|p1a: Flamigo\n|move|p1b: Blissey|Thunder Wave|p2b: Cyclizar\n|-status|p2b: Cyclizar|par\n|\n|-heal|p2b: Cyclizar|21\/100 par|[from] item: Leftovers\n|-heal|p1b: Blissey|78\/100|[from] item: Leftovers\n|upkeep\n|\n|t:|1698436068\n|switch|p1a: Quaquaval|Quaquaval, F|30\/100\n|-damage|p1a: Quaquaval|17\/100|[from] Spikes\n|turn|10\n|\n|t:|1698436078\n|move|p1a: Quaquaval|Aqua Step|p2b: Cyclizar\n|-resisted|p2b: Cyclizar\n|-damage|p2b: Cyclizar|0 fnt\n|-boost|p1a: Quaquaval|spe|1\n|faint|p2b: Cyclizar\n|\n|win|smeeblin\n|raw|smeeblin's rating: 1032 &rarr; <strong>1069<\/strong><br \/>(+37 for winning)\n|raw|Bealue's rating: 1046 &rarr; <strong>1028<\/strong><br \/>(-18 for losing)\n|l|\u2606Bealue\n|c|\u2606smeeblin|gg!\n","uploadtime":1698436095,"views":14,"p1id":"smeeblin","p2id":"bealue","formatid":"gen9doublesou","rating":1028,"private":0,"password":""}