{"id":"gen9doublesou-1992788853","p1":"MageDream\/UHE","p2":"ynnig","format":"[Gen 9] Doubles OU","log":"|j|\u2606MageDream\/UHE\n|j|\u2606ynnig\n|t:|1700235555\n|gametype|doubles\n|player|p1|MageDream\/UHE|chuck|1402\n|player|p2|ynnig|cynthia-gen4|1440\n|teamsize|p1|6\n|teamsize|p2|6\n|gen|9\n|tier|[Gen 9] Doubles OU\n|rated|\n|rule|Species Clause: Limit one of each Pok\u00e9mon\n|rule|OHKO Clause: OHKO moves are banned\n|rule|Evasion Moves Clause: Evasion moves are banned\n|rule|Gravity Sleep Clause: The combination of sleep-inducing moves with imperfect accuracy and Gravity or Gigantamax Orbeetle are banned\n|rule|Endless Battle Clause: Forcing endless battles is banned\n|rule|HP Percentage Mod: HP is shown in percentages\n|clearpoke\n|poke|p1|Scizor, F|\n|poke|p1|Rillaboom, M|\n|poke|p1|Pelipper, F|\n|poke|p1|Walking Wake|\n|poke|p1|Tornadus, M|\n|poke|p1|Clefable, M|\n|poke|p2|Clefable, F|\n|poke|p2|Zangoose, F|\n|poke|p2|Cetitan, F|\n|poke|p2|Sylveon, F|\n|poke|p2|Azumarill, F|\n|poke|p2|Hariyama, F|\n|teampreview\n|inactive|Battle timer is ON: inactive players will automatically lose when time's up. (requested by ynnig)\n|inactive|MageDream\/UHE has 120 seconds left.\n|\n|t:|1700235602\n|start\n|switch|p1a: Rillaboom|Rillaboom, M|100\/100\n|switch|p1b: Tornadus|Tornadus, M|100\/100\n|switch|p2a: Clefable|Clefable, F|100\/100\n|switch|p2b: Hariyama|Hariyama, F, shiny|100\/100\n|-fieldstart|move: Grassy Terrain|[from] ability: Grassy Surge|[of] p1a: Rillaboom\n|turn|1\n|\n|t:|1700235617\n|move|p2a: Clefable|Follow Me|p2a: Clefable\n|-singleturn|p2a: Clefable|move: Follow Me\n|move|p1a: Rillaboom|Wood Hammer|p2a: Clefable\n|-damage|p2a: Clefable|0 fnt\n|faint|p2a: Clefable\n|-damage|p1a: Rillaboom|62\/100|[from] Recoil\n|move|p1b: Tornadus|Bleakwind Storm|p2b: Hariyama\n|-supereffective|p2b: Hariyama\n|-damage|p2b: Hariyama|4\/100\n|-enditem|p2b: Hariyama|Sitrus Berry|[eat]\n|-heal|p2b: Hariyama|29\/100|[from] item: Sitrus Berry\n|move|p2b: Hariyama|Belly Drum||[still]\n|-fail|p2b: Hariyama\n|\n|-heal|p1a: Rillaboom|69\/100|[from] Grassy Terrain\n|-heal|p2b: Hariyama|35\/100|[from] Grassy Terrain\n|upkeep\n|\n|t:|1700235635\n|switch|p2a: Cetitan|Cetitan, F|100\/100\n|turn|2\n|\n|t:|1700235650\n|move|p2b: Hariyama|Protect|p2b: Hariyama\n|-singleturn|p2b: Hariyama|Protect\n|move|p1b: Tornadus|Tailwind|p1b: Tornadus\n|-sidestart|p1: MageDream\/UHE|move: Tailwind\n|move|p1a: Rillaboom|Wood Hammer|p2a: Cetitan\n|-damage|p2a: Cetitan|0 fnt\n|faint|p2a: Cetitan\n|-damage|p1a: Rillaboom|16\/100|[from] Recoil\n|\n|-heal|p1a: Rillaboom|22\/100|[from] Grassy Terrain\n|-heal|p2b: Hariyama|41\/100|[from] Grassy Terrain\n|upkeep\n|\n|t:|1700235664\n|switch|p2a: Azumarill|Azumarill, F, shiny|100\/100\n|turn|3\n|\n|t:|1700235670\n|switch|p1a: Scizor|Scizor, F|100\/100\n|move|p2b: Hariyama|Bullet Punch|p1a: Scizor\n|-resisted|p1a: Scizor\n|-damage|p1a: Scizor|93\/100\n|move|p1b: Tornadus|Bleakwind Storm|p2b: Hariyama|[spread] p2a,p2b\n|-supereffective|p2b: Hariyama\n|-damage|p2a: Azumarill|62\/100\n|-damage|p2b: Hariyama|0 fnt\n|-unboost|p2a: Azumarill|spe|1\n|faint|p2b: Hariyama\n|move|p2a: Azumarill|Belly Drum|p2a: Azumarill\n|-damage|p2a: Azumarill|12\/100\n|-setboost|p2a: Azumarill|atk|6|[from] move: Belly Drum\n|-enditem|p2a: Azumarill|Sitrus Berry|[eat]\n|-heal|p2a: Azumarill|37\/100|[from] item: Sitrus Berry\n|\n|-heal|p1a: Scizor|99\/100|[from] Grassy Terrain\n|-heal|p2a: Azumarill|43\/100|[from] Grassy Terrain\n|upkeep\n|\n|t:|1700235690\n|switch|p2b: Sylveon|Sylveon, F|100\/100\n|turn|4\n|\n|t:|1700235709\n|-terastallize|p1a: Scizor|Steel\n|-terastallize|p2b: Sylveon|Ground\n|move|p2a: Azumarill|Protect|p2a: Azumarill\n|-singleturn|p2a: Azumarill|Protect\n|move|p1a: Scizor|Bullet Punch|p2a: Azumarill\n|-activate|p2a: Azumarill|move: Protect\n|move|p1b: Tornadus|Foul Play|p2a: Azumarill\n|-activate|p2a: Azumarill|move: Protect\n|move|p2b: Sylveon|Psych Up|p2a: Azumarill\n|-copyboost|p2b: Sylveon|p2a: Azumarill|[from] move: Psych Up\n|\n|-heal|p1a: Scizor|100\/100|[from] Grassy Terrain\n|-heal|p2a: Azumarill|49\/100|[from] Grassy Terrain\n|upkeep\n|turn|5\n|\n|t:|1700235729\n|switch|p1a: Pelipper|Pelipper, F|100\/100\n|-weather|RainDance|[from] ability: Drizzle|[of] p1a: Pelipper\n|move|p2b: Sylveon|Quick Attack|p1b: Tornadus\n|-crit|p1b: Tornadus\n|-damage|p1b: Tornadus|0 fnt\n|faint|p1b: Tornadus\n|move|p2a: Azumarill|Aqua Jet|p1a: Pelipper\n|-resisted|p1a: Pelipper\n|-damage|p1a: Pelipper|15\/100\n|\n|-weather|RainDance|[upkeep]\n|-heal|p1a: Pelipper|22\/100|[from] item: Leftovers\n|-heal|p2a: Azumarill|55\/100|[from] Grassy Terrain\n|-sideend|p1: MageDream\/UHE|move: Tailwind\n|-fieldend|move: Grassy Terrain\n|upkeep\n|\n|t:|1700235743\n|switch|p1b: Rillaboom|Rillaboom, M|22\/100\n|-fieldstart|move: Grassy Terrain|[from] ability: Grassy Surge|[of] p1b: Rillaboom\n|turn|6\n|\n|t:|1700235758\n|move|p1b: Rillaboom|Grassy Glide|p2b: Sylveon\n|-supereffective|p2b: Sylveon\n|-damage|p2b: Sylveon|0 fnt\n|faint|p2b: Sylveon\n|move|p2a: Azumarill|Aqua Jet|p1a: Pelipper\n|-resisted|p1a: Pelipper\n|-damage|p1a: Pelipper|0 fnt\n|faint|p1a: Pelipper\n|\n|-weather|RainDance|[upkeep]\n|-heal|p1b: Rillaboom|28\/100|[from] Grassy Terrain\n|-heal|p2a: Azumarill|62\/100|[from] Grassy Terrain\n|upkeep\n|\n|t:|1700235772\n|switch|p1a: Scizor|Scizor, F, tera:Steel|100\/100\n|switch|p2b: Zangoose|Zangoose, F|100\/100\n|turn|7\n|\n|t:|1700235787\n|move|p2a: Azumarill|Protect|p2a: Azumarill\n|-singleturn|p2a: Azumarill|Protect\n|move|p1b: Rillaboom|Grassy Glide|p2a: Azumarill\n|-activate|p2a: Azumarill|move: Protect\n|move|p2b: Zangoose|Quick Attack|p1b: Rillaboom\n|-damage|p1b: Rillaboom|6\/100\n|move|p1a: Scizor|Bullet Punch|p2a: Azumarill\n|-activate|p2a: Azumarill|move: Protect\n|\n|-weather|RainDance|[upkeep]\n|-heal|p1b: Rillaboom|12\/100|[from] Grassy Terrain\n|-heal|p2a: Azumarill|68\/100|[from] Grassy Terrain\n|upkeep\n|turn|8\n|\n|t:|1700235804\n|move|p1b: Rillaboom|Grassy Glide|p2a: Azumarill\n|-supereffective|p2a: Azumarill\n|-damage|p2a: Azumarill|0 fnt\n|faint|p2a: Azumarill\n|move|p2b: Zangoose|Quick Attack|p1b: Rillaboom\n|-damage|p1b: Rillaboom|0 fnt\n|faint|p1b: Rillaboom\n|move|p1a: Scizor|Bullet Punch|p2b: Zangoose\n|-damage|p2b: Zangoose|32\/100\n|-enditem|p2b: Zangoose|Sitrus Berry|[eat]\n|-heal|p2b: Zangoose|57\/100|[from] item: Sitrus Berry\n|\n|-weather|RainDance|[upkeep]\n|-heal|p2b: Zangoose|63\/100|[from] Grassy Terrain\n|upkeep\n|\n|t:|1700235817\n|switch|p1b: Walking Wake|Walking Wake|100\/100\n|-enditem|p1b: Walking Wake|Grassy Seed\n|-boost|p1b: Walking Wake|def|1|[from] item: Grassy Seed\n|turn|9\n|-message|ynnig forfeited.\n|\n|win|MageDream\/UHE\n|raw|MageDream&#x2f;UHE's rating: 1402 &rarr; <strong>1424<\/strong><br \/>(+22 for winning)\n|raw|ynnig's rating: 1440 &rarr; <strong>1418<\/strong><br \/>(-22 for losing)\n|l|\u2606ynnig\n","uploadtime":1700235957,"views":7,"p1id":"magedreamuhe","p2id":"ynnig","formatid":"gen9doublesou","rating":1418,"private":0,"password":""}