{"id":"gen9doublesou-1984915506","p1":"Jman4769","p2":"glasses15","format":"[Gen 9] Doubles OU","log":"|j|\u2606Jman4769\n|j|\u2606glasses15\n|t:|1699310438\n|gametype|doubles\n|player|p1|Jman4769|swimmerf-gen4dp|1142\n|player|p2|glasses15|scientistf|1025\n|teamsize|p1|6\n|teamsize|p2|6\n|gen|9\n|tier|[Gen 9] Doubles OU\n|rated|\n|rule|Species Clause: Limit one of each Pok\u00e9mon\n|rule|OHKO Clause: OHKO moves are banned\n|rule|Evasion Moves Clause: Evasion moves are banned\n|rule|Gravity Sleep Clause: The combination of sleep-inducing moves with imperfect accuracy and Gravity or Gigantamax Orbeetle are banned\n|rule|Endless Battle Clause: Forcing endless battles is banned\n|rule|HP Percentage Mod: HP is shown in percentages\n|clearpoke\n|poke|p1|Conkeldurr, F|\n|poke|p1|Toxapex, M|\n|poke|p1|Ceruledge, F|\n|poke|p1|Gholdengo|\n|poke|p1|Iron Moth|\n|poke|p1|Samurott-Hisui, F|\n|poke|p2|Whiscash, F|\n|poke|p2|Ribombee, M|\n|poke|p2|Ambipom, M|\n|poke|p2|Mienshao, F|\n|poke|p2|Sableye, F|\n|poke|p2|Flamigo, F|\n|teampreview\n|inactive|Battle timer is ON: inactive players will automatically lose when time's up. (requested by glasses15)\n|inactive|Jman4769 also wants the timer to be on.\n|\n|t:|1699310469\n|start\n|switch|p1a: Toxapex|Toxapex, M|100\/100\n|switch|p1b: Samurott|Samurott-Hisui, F|100\/100\n|switch|p2a: Flamigo|Flamigo, F|100\/100\n|switch|p2b: Whiscash|Whiscash, F|100\/100\n|turn|1\n|inactive|glasses15 has 120 seconds left.\n|\n|t:|1699310500\n|move|p1b: Samurott|Substitute|p1b: Samurott\n|-start|p1b: Samurott|Substitute\n|-damage|p1b: Samurott|76\/100\n|move|p2a: Flamigo|Low Sweep|p1b: Samurott\n|-supereffective|p1b: Samurott\n|-end|p1b: Samurott|Substitute\n|move|p2b: Whiscash|Dragon Dance|p2b: Whiscash\n|-boost|p2b: Whiscash|atk|1\n|-boost|p2b: Whiscash|spe|1\n|move|p1a: Toxapex|Toxic|p2a: Flamigo\n|-status|p2a: Flamigo|tox\n|\n|-damage|p2a: Flamigo|94\/100 tox|[from] psn\n|upkeep\n|turn|2\n|\n|t:|1699310523\n|move|p2b: Whiscash|Earthquake|p1a: Toxapex|[spread] p1a,p1b\n|-immune|p2a: Flamigo\n|-supereffective|p1a: Toxapex\n|-crit|p1a: Toxapex\n|-crit|p1b: Samurott\n|-damage|p1a: Toxapex|0 fnt\n|-damage|p1b: Samurott|0 fnt\n|faint|p1a: Toxapex\n|faint|p1b: Samurott\n|move|p2a: Flamigo|Tailwind|p2a: Flamigo\n|-sidestart|p2: glasses15|move: Tailwind\n|\n|-damage|p2a: Flamigo|82\/100 tox|[from] psn\n|upkeep\n|c|\u2606glasses15|lol\n|\n|t:|1699310537\n|switch|p1b: Conkeldurr|Conkeldurr, F|100\/100\n|switch|p1a: Iron Moth|Iron Moth|100\/100\n|-enditem|p1a: Iron Moth|Booster Energy\n|-activate|p1a: Iron Moth|ability: Quark Drive|[fromitem]\n|-start|p1a: Iron Moth|quarkdrivespa\n|turn|3\n|\n|t:|1699310563\n|-terastallize|p1a: Iron Moth|Flying\n|move|p1b: Conkeldurr|Mach Punch|p2b: Whiscash\n|-damage|p2b: Whiscash|64\/100\n|-damage|p1b: Conkeldurr|91\/100|[from] item: Life Orb\n|move|p2b: Whiscash|Earthquake|p1b: Conkeldurr|[spread] p1b\n|-immune|p2a: Flamigo\n|-immune|p1a: Iron Moth\n|-damage|p1b: Conkeldurr|50\/100\n|move|p2a: Flamigo|Acrobatics|p1b: Conkeldurr\n|-supereffective|p1b: Conkeldurr\n|-damage|p1b: Conkeldurr|2\/100\n|move|p1a: Iron Moth|Fiery Dance|p2a: Flamigo\n|-damage|p2a: Flamigo|0 fnt\n|faint|p2a: Flamigo\n|\n|upkeep\n|\n|t:|1699310592\n|switch|p2a: Ambipom|Ambipom, M|100\/100\n|turn|4\n|\n|t:|1699310608\n|move|p2a: Ambipom|Fake Out|p1a: Iron Moth\n|-enditem|p2a: Ambipom|Normal Gem|[from] gem\n|-damage|p1a: Iron Moth|47\/100\n|move|p1b: Conkeldurr|Mach Punch|p2a: Ambipom\n|-supereffective|p2a: Ambipom\n|-damage|p2a: Ambipom|0 fnt\n|faint|p2a: Ambipom\n|-damage|p1b: Conkeldurr|0 fnt|[from] item: Life Orb\n|faint|p1b: Conkeldurr\n|move|p2b: Whiscash|Liquidation|p1a: Iron Moth\n|-damage|p1a: Iron Moth|0 fnt\n|faint|p1a: Iron Moth\n|-end|p1a: Iron Moth|Quark Drive|[silent]\n|\n|upkeep\n|\n|t:|1699310630\n|switch|p2a: Mienshao|Mienshao, F|100\/100\n|switch|p1a: Gholdengo|Gholdengo|100\/100\n|switch|p1b: Ceruledge|Ceruledge, F|100\/100\n|turn|5\n|\n|t:|1699310644\n|move|p2a: Mienshao|Wide Guard|p2a: Mienshao\n|-singleturn|p2a: Mienshao|Wide Guard\n|move|p2b: Whiscash|Liquidation|p1b: Ceruledge\n|-supereffective|p1b: Ceruledge\n|-damage|p1b: Ceruledge|0 fnt\n|-damage|p2b: Whiscash|47\/100|[from] item: Rocky Helmet|[of] p1b: Ceruledge\n|faint|p1b: Ceruledge\n|move|p1a: Gholdengo|Dazzling Gleam|p2a: Mienshao|[spread] \n|-activate|p2a: Mienshao|move: Wide Guard\n|-activate|p2b: Whiscash|move: Wide Guard\n|\n|-sideend|p2: glasses15|move: Tailwind\n|upkeep\n|turn|6\n|c|\u2606glasses15|lol\n|\n|t:|1699310662\n|move|p2a: Mienshao|Wide Guard|p2a: Mienshao\n|-singleturn|p2a: Mienshao|Wide Guard\n|move|p2b: Whiscash|Earthquake|p1a: Gholdengo|[spread] p1a\n|-activate|p2a: Mienshao|move: Wide Guard\n|-supereffective|p1a: Gholdengo\n|-damage|p1a: Gholdengo|0 fnt\n|faint|p1a: Gholdengo\n|\n|win|glasses15\n|raw|Jman4769's rating: 1142 &rarr; <strong>1109<\/strong><br \/>(-33 for losing)\n|raw|glasses15's rating: 1025 &rarr; <strong>1073<\/strong><br \/>(+48 for winning)\n|c|\u2606glasses15|gg\n","uploadtime":1699310676,"views":13,"p1id":"jman4769","p2id":"glasses15","formatid":"gen9doublesou","rating":1073,"private":0,"password":""}