{"id":"gen9doublesou-1985609221","p1":"one23456789101214","p2":"elpape","format":"[Gen 9] Doubles OU","log":"|j|\u2606one23456789101214\n|j|\u2606elpape\n|t:|1699388744\n|gametype|doubles\n|player|p1|one23456789101214|2|1262\n|player|p2|elpape|dragontamer|1355\n|teamsize|p1|6\n|teamsize|p2|6\n|gen|9\n|tier|[Gen 9] Doubles OU\n|rated|\n|rule|Species Clause: Limit one of each Pok\u00e9mon\n|rule|OHKO Clause: OHKO moves are banned\n|rule|Evasion Moves Clause: Evasion moves are banned\n|rule|Gravity Sleep Clause: The combination of sleep-inducing moves with imperfect accuracy and Gravity or Gigantamax Orbeetle are banned\n|rule|Endless Battle Clause: Forcing endless battles is banned\n|rule|HP Percentage Mod: HP is shown in percentages\n|clearpoke\n|poke|p1|Tornadus, M|\n|poke|p1|Sneasler, M|\n|poke|p1|Arcanine, M|\n|poke|p1|Iron Hands|\n|poke|p1|Cresselia, F|\n|poke|p1|Walking Wake|\n|poke|p2|Kommo-o, F|\n|poke|p2|Ogerpon-Hearthflame, F|\n|poke|p2|Cyclizar, F|\n|poke|p2|Cresselia, F|\n|poke|p2|Rillaboom, M|\n|poke|p2|Sylveon, F|\n|teampreview\n|inactive|Battle timer is ON: inactive players will automatically lose when time's up. (requested by elpape)\n|\n|t:|1699388751\n|start\n|switch|p1a: Tornadus|Tornadus, M|100\/100\n|switch|p1b: Sneasler|Sneasler, M|100\/100\n|switch|p2a: Ogerpon|Ogerpon-Hearthflame, F|100\/100\n|switch|p2b: Rillaboom|Rillaboom, M|100\/100\n|-ability|p2a: Ogerpon|Mold Breaker\n|-fieldstart|move: Grassy Terrain|[from] ability: Grassy Surge|[of] p2b: Rillaboom\n|turn|1\n|inactive|one23456789101214 has 120 seconds left.\n|\n|t:|1699388787\n|-terastallize|p1a: Tornadus|Ghost\n|-terastallize|p2a: Ogerpon|Fire\n|detailschange|p2a: Ogerpon|Ogerpon-Hearthflame-Tera, F, tera:Fire\n|-ability|p2a: Ogerpon|Embody Aspect (Hearthflame)|boost\n|-boost|p2a: Ogerpon|atk|1\n|-enditem|p1b: Sneasler|Mirror Herb\n|-boost|p1b: Sneasler|atk|1|[from] item: Mirror Herb\n|move|p2b: Rillaboom|Fake Out|p1a: Tornadus\n|-immune|p1a: Tornadus\n|move|p1a: Tornadus|Swagger|p2b: Rillaboom|[miss]\n|-miss|p1a: Tornadus|p2b: Rillaboom\n|move|p1b: Sneasler|Dire Claw|p2a: Ogerpon\n|-damage|p2a: Ogerpon|8\/100\n|move|p2a: Ogerpon|Ivy Cudgel|p1b: Sneasler\n|-damage|p1b: Sneasler|0 fnt\n|faint|p1b: Sneasler\n|\n|-heal|p2a: Ogerpon|14\/100|[from] Grassy Terrain\n|upkeep\n|\n|t:|1699388808\n|switch|p1b: Arcanine|Arcanine, M|100\/100\n|-ability|p1b: Arcanine|Intimidate|boost\n|-unboost|p2a: Ogerpon|atk|1\n|-unboost|p2b: Rillaboom|atk|1\n|turn|2\n|inactive|one23456789101214 has 120 seconds left.\n|\n|t:|1699388829\n|switch|p2a: Cyclizar|Cyclizar, F|100\/100\n|switch|p2b: Cresselia|Cresselia, F, shiny|100\/100\n|move|p1b: Arcanine|Extreme Speed|p2a: Cyclizar\n|-damage|p2a: Cyclizar|68\/100\n|move|p1a: Tornadus|Bleakwind Storm|p2a: Cyclizar|[spread] \n|-miss|p1a: Tornadus|p2a: Cyclizar\n|-miss|p1a: Tornadus|p2b: Cresselia\n|\n|-heal|p2a: Cyclizar|74\/100|[from] Grassy Terrain\n|upkeep\n|turn|3\n|inactive|one23456789101214 has 120 seconds left.\n|\n|t:|1699388850\n|move|p1a: Tornadus|Swagger|p2b: Cresselia\n|-boost|p2b: Cresselia|atk|2\n|-start|p2b: Cresselia|confusion\n|move|p2a: Cyclizar|Shed Tail|p2a: Cyclizar\n|-start|p2a: Cyclizar|Substitute|[from] move: Shed Tail\n|-damage|p2a: Cyclizar|24\/100\n|\n|t:|1699388858\n|switch|p2a: Kommo-o|Kommo-o, F, shiny|100\/100|[from] Shed Tail\n|move|p1b: Arcanine|Will-O-Wisp||[still]\n|-fail|p1b: Arcanine\n|-activate|p2b: Cresselia|confusion\n|move|p2b: Cresselia|Calm Mind|p2b: Cresselia\n|-boost|p2b: Cresselia|spa|1\n|-boost|p2b: Cresselia|spd|1\n|\n|upkeep\n|turn|4\n|\n|t:|1699388874\n|-end|p2b: Cresselia|confusion\n|move|p2b: Cresselia|Ally Switch|p2b: Cresselia\n|swap|p2b: Cresselia|0|[from] move: Ally Switch\n|move|p1a: Tornadus|Bleakwind Storm|p2b: Kommo-o|[spread] p2b\n|-miss|p1a: Tornadus|p2a: Cresselia\n|-supereffective|p2b: Kommo-o\n|-end|p2b: Kommo-o|Substitute\n|move|p2b: Kommo-o|Clangorous Soul|p2b: Kommo-o\n|-boost|p2b: Kommo-o|atk|1\n|-boost|p2b: Kommo-o|def|1\n|-boost|p2b: Kommo-o|spa|1\n|-boost|p2b: Kommo-o|spd|1\n|-boost|p2b: Kommo-o|spe|1\n|-damage|p2b: Kommo-o|68\/100\n|move|p1b: Arcanine|Will-O-Wisp|p2a: Cresselia\n|-status|p2a: Cresselia|brn\n|\n|-heal|p2b: Kommo-o|74\/100|[from] Grassy Terrain\n|-heal|p2b: Kommo-o|80\/100|[from] item: Leftovers\n|-damage|p2a: Cresselia|94\/100 brn|[from] brn\n|upkeep\n|turn|5\n|inactive|one23456789101214 has 120 seconds left.\n|\n|t:|1699388908\n|move|p1a: Tornadus|Tailwind|p1a: Tornadus\n|-sidestart|p1: one23456789101214|move: Tailwind\n|move|p1b: Arcanine|Will-O-Wisp|p2b: Kommo-o\n|-status|p2b: Kommo-o|brn\n|move|p2b: Kommo-o|Clangorous Soul|p2b: Kommo-o\n|-boost|p2b: Kommo-o|atk|1\n|-boost|p2b: Kommo-o|def|1\n|-boost|p2b: Kommo-o|spa|1\n|-boost|p2b: Kommo-o|spd|1\n|-boost|p2b: Kommo-o|spe|1\n|-damage|p2b: Kommo-o|47\/100 brn\n|move|p2a: Cresselia|Lunar Blessing|p2a: Cresselia|[spread] p2a,p2b\n|-heal|p2a: Cresselia|100\/100 brn\n|-curestatus|p2a: Cresselia|brn|[msg]\n|-heal|p2b: Kommo-o|72\/100 brn\n|-curestatus|p2b: Kommo-o|brn|[msg]\n|\n|-heal|p2b: Kommo-o|78\/100|[from] Grassy Terrain\n|-heal|p2b: Kommo-o|85\/100|[from] item: Leftovers\n|upkeep\n|turn|6\n|\n|t:|1699388930\n|move|p1b: Arcanine|Extreme Speed|p2b: Kommo-o\n|-damage|p2b: Kommo-o|72\/100\n|move|p2a: Cresselia|Ally Switch|p2a: Cresselia\n|swap|p2a: Cresselia|1|[from] move: Ally Switch\n|move|p1a: Tornadus|Bleakwind Storm|p2a: Kommo-o|[spread] p2a,p2b\n|-supereffective|p2a: Kommo-o\n|-damage|p2a: Kommo-o|31\/100\n|-damage|p2b: Cresselia|83\/100\n|-unboost|p2b: Cresselia|spe|1\n|move|p2a: Kommo-o|Clangorous Soul||[still]\n|-fail|p2a: Kommo-o\n|\n|-heal|p2a: Kommo-o|38\/100|[from] Grassy Terrain\n|-heal|p2a: Kommo-o|44\/100|[from] item: Leftovers\n|-heal|p2b: Cresselia|89\/100|[from] item: Leftovers\n|upkeep\n|turn|7\n|\n|t:|1699388954\n|move|p2a: Kommo-o|Protect|p2a: Kommo-o\n|-singleturn|p2a: Kommo-o|Protect\n|move|p1b: Arcanine|Extreme Speed|p2a: Kommo-o\n|-activate|p2a: Kommo-o|move: Protect\n|move|p1a: Tornadus|Bleakwind Storm|p2a: Kommo-o|[spread] p2b\n|-activate|p2a: Kommo-o|move: Protect\n|-damage|p2b: Cresselia|70\/100\n|-unboost|p2b: Cresselia|spe|1\n|move|p2b: Cresselia|Lunar Blessing|p2b: Cresselia|[spread] p2a,p2b\n|-heal|p2a: Kommo-o|69\/100\n|-heal|p2b: Cresselia|95\/100\n|\n|-heal|p2a: Kommo-o|75\/100|[from] Grassy Terrain\n|-heal|p2a: Kommo-o|81\/100|[from] item: Leftovers\n|-heal|p2b: Cresselia|100\/100|[from] item: Leftovers\n|upkeep\n|turn|8\n|\n|t:|1699388980\n|move|p1b: Arcanine|Extreme Speed|p2a: Kommo-o\n|-crit|p2a: Kommo-o\n|-damage|p2a: Kommo-o|46\/100\n|move|p1a: Tornadus|Bleakwind Storm|p2b: Cresselia|[spread] p2a,p2b\n|-supereffective|p2a: Kommo-o\n|-crit|p2a: Kommo-o\n|-damage|p2a: Kommo-o|0 fnt\n|-damage|p2b: Cresselia|83\/100\n|-unboost|p2b: Cresselia|spe|1\n|faint|p2a: Kommo-o\n|move|p2b: Cresselia|Psychic|p1a: Tornadus\n|-damage|p1a: Tornadus|38\/100\n|\n|-heal|p1a: Tornadus|44\/100|[from] Grassy Terrain\n|-heal|p2b: Cresselia|89\/100|[from] item: Leftovers\n|-sideend|p1: one23456789101214|move: Tailwind\n|-fieldend|move: Grassy Terrain\n|upkeep\n|c|\u2606elpape|Bro\n|c|\u2606one23456789101214|what\n|c|\u2606one23456789101214|i clutched that\n|\n|t:|1699389005\n|switch|p2a: Rillaboom|Rillaboom, M|100\/100\n|-fieldstart|move: Grassy Terrain|[from] ability: Grassy Surge|[of] p2a: Rillaboom\n|turn|9\n|\n|t:|1699389018\n|move|p2a: Rillaboom|Fake Out|p1b: Arcanine\n|-damage|p1b: Arcanine|85\/100\n|move|p1a: Tornadus|Tailwind|p1a: Tornadus\n|-sidestart|p1: one23456789101214|move: Tailwind\n|cant|p1b: Arcanine|flinch\n|move|p2b: Cresselia|Psychic|p1b: Arcanine\n|-damage|p1b: Arcanine|34\/100\n|-enditem|p1b: Arcanine|Sitrus Berry|[eat]\n|-heal|p1b: Arcanine|59\/100|[from] item: Sitrus Berry\n|\n|-heal|p1a: Tornadus|50\/100|[from] Grassy Terrain\n|-heal|p1b: Arcanine|66\/100|[from] Grassy Terrain\n|-heal|p2b: Cresselia|95\/100|[from] item: Leftovers\n|upkeep\n|turn|10\n|\n|t:|1699389033\n|switch|p2a: Cyclizar|Cyclizar, F|57\/100\n|move|p1a: Tornadus|Bleakwind Storm|p2b: Cresselia|[spread] p2b\n|-miss|p1a: Tornadus|p2a: Cyclizar\n|-damage|p2b: Cresselia|78\/100\n|move|p1b: Arcanine|Flare Blitz|p2a: Cyclizar\n|-resisted|p2a: Cyclizar\n|-crit|p2a: Cyclizar\n|-damage|p2a: Cyclizar|0 fnt\n|faint|p2a: Cyclizar\n|-damage|p1b: Arcanine|49\/100|[from] Recoil\n|move|p2b: Cresselia|Lunar Blessing|p2b: Cresselia\n|-heal|p2b: Cresselia|100\/100\n|\n|-heal|p1a: Tornadus|56\/100|[from] Grassy Terrain\n|-heal|p1b: Arcanine|55\/100|[from] Grassy Terrain\n|upkeep\n|\n|t:|1699389038\n|switch|p2a: Rillaboom|Rillaboom, M|100\/100\n|turn|11\n|\n|t:|1699389058\n|move|p2a: Rillaboom|Fake Out|p1b: Arcanine\n|-damage|p1b: Arcanine|40\/100\n|move|p1a: Tornadus|Bleakwind Storm|p2a: Rillaboom|[spread] p2a,p2b\n|-supereffective|p2a: Rillaboom\n|-damage|p2a: Rillaboom|13\/100\n|-damage|p2b: Cresselia|82\/100\n|cant|p1b: Arcanine|flinch\n|move|p2b: Cresselia|Psychic|p1a: Tornadus\n|-crit|p1a: Tornadus\n|-damage|p1a: Tornadus|0 fnt\n|faint|p1a: Tornadus\n|\n|-heal|p1b: Arcanine|46\/100|[from] Grassy Terrain\n|-heal|p2a: Rillaboom|19\/100|[from] Grassy Terrain\n|-heal|p2b: Cresselia|89\/100|[from] item: Leftovers\n|upkeep\n|\n|t:|1699389073\n|switch|p1a: Iron Hands|Iron Hands|100\/100\n|turn|12\n|\n|t:|1699389084\n|move|p1a: Iron Hands|Fake Out|p2b: Cresselia\n|-damage|p2b: Cresselia|76\/100\n|-damage|p1a: Iron Hands|90\/100|[from] item: Life Orb\n|move|p1b: Arcanine|Extreme Speed|p2a: Rillaboom\n|-damage|p2a: Rillaboom|0 fnt\n|faint|p2a: Rillaboom\n|cant|p2b: Cresselia|flinch\n|\n|-heal|p1b: Arcanine|52\/100|[from] Grassy Terrain\n|-heal|p1a: Iron Hands|97\/100|[from] Grassy Terrain\n|-heal|p2b: Cresselia|82\/100|[from] item: Leftovers\n|-sideend|p1: one23456789101214|move: Tailwind\n|upkeep\n|\n|t:|1699389090\n|switch|p2a: Ogerpon|Ogerpon-Hearthflame-Tera, F, tera:Fire|14\/100\n|-ability|p2a: Ogerpon|Embody Aspect (Hearthflame)|boost\n|-boost|p2a: Ogerpon|atk|1\n|turn|13\n|\n|t:|1699389121\n|move|p1a: Iron Hands|Protect|p1a: Iron Hands\n|-singleturn|p1a: Iron Hands|Protect\n|move|p1b: Arcanine|Extreme Speed|p2a: Ogerpon\n|-damage|p2a: Ogerpon|0 fnt\n|faint|p2a: Ogerpon\n|move|p2b: Cresselia|Psychic|p1b: Arcanine\n|-damage|p1b: Arcanine|4\/100\n|\n|-heal|p1b: Arcanine|11\/100|[from] Grassy Terrain\n|-heal|p1a: Iron Hands|100\/100|[from] Grassy Terrain\n|-heal|p2b: Cresselia|89\/100|[from] item: Leftovers\n|upkeep\n|\n|t:|1699389131\n|switch|p2a: Sylveon|Sylveon, F|100\/100\n|turn|14\n|\n|t:|1699389160\n|-end|p1a: Iron Hands|Quark Drive|[silent]\n|switch|p1a: Cresselia|Cresselia, F|100\/100\n|move|p1b: Arcanine|Extreme Speed|p2a: Sylveon\n|-damage|p2a: Sylveon|70\/100\n|move|p2a: Sylveon|Hyper Voice|p1a: Cresselia|[spread] p1a,p1b\n|-resisted|p1b: Arcanine\n|-damage|p1a: Cresselia|79\/100\n|-damage|p1b: Arcanine|0 fnt\n|faint|p1b: Arcanine\n|move|p2b: Cresselia|Lunar Blessing|p2b: Cresselia|[spread] p2a,p2b\n|-heal|p2a: Sylveon|95\/100\n|-heal|p2b: Cresselia|100\/100\n|\n|-heal|p2a: Sylveon|100\/100|[from] Grassy Terrain\n|-heal|p1a: Cresselia|85\/100|[from] item: Leftovers\n|upkeep\n|inactive|one23456789101214 has 120 seconds left.\n|\n|t:|1699389177\n|switch|p1b: Walking Wake|Walking Wake|100\/100\n|-enditem|p1b: Walking Wake|Booster Energy\n|-activate|p1b: Walking Wake|ability: Protosynthesis|[fromitem]\n|-start|p1b: Walking Wake|protosynthesisspe\n|turn|15\n|\n|t:|1699389185\n|move|p1a: Cresselia|Helping Hand|p1b: Walking Wake\n|-singleturn|p1b: Walking Wake|Helping Hand|[of] p1a: Cresselia\n|move|p2b: Cresselia|Ally Switch|p2b: Cresselia\n|swap|p2b: Cresselia|0|[from] move: Ally Switch\n|move|p1b: Walking Wake|Hydro Steam|p2b: Sylveon\n|-crit|p2b: Sylveon\n|-damage|p2b: Sylveon|31\/100\n|move|p2b: Sylveon|Hyper Voice|p1b: Walking Wake|[spread] p1a,p1b\n|-supereffective|p1b: Walking Wake\n|-damage|p1a: Cresselia|66\/100\n|-damage|p1b: Walking Wake|17\/100\n|\n|-heal|p1b: Walking Wake|23\/100|[from] Grassy Terrain\n|-heal|p2b: Sylveon|37\/100|[from] Grassy Terrain\n|-heal|p2b: Sylveon|43\/100|[from] item: Leftovers\n|-heal|p1a: Cresselia|72\/100|[from] item: Leftovers\n|upkeep\n|turn|16\n|\n|t:|1699389208\n|move|p1a: Cresselia|Helping Hand|p1b: Walking Wake\n|-singleturn|p1b: Walking Wake|Helping Hand|[of] p1a: Cresselia\n|move|p1b: Walking Wake|Hydro Steam|p2b: Sylveon\n|-damage|p2b: Sylveon|0 fnt\n|faint|p2b: Sylveon\n|move|p2a: Cresselia|Psychic|p1b: Walking Wake\n|-damage|p1b: Walking Wake|0 fnt\n|faint|p1b: Walking Wake\n|-end|p1b: Walking Wake|Protosynthesis|[silent]\n|\n|-heal|p1a: Cresselia|78\/100|[from] item: Leftovers\n|-fieldend|move: Grassy Terrain\n|upkeep\n|\n|t:|1699389218\n|switch|p1b: Iron Hands|Iron Hands|100\/100\n|turn|17\n|c|\u2606elpape|Another\n|\n|t:|1699389225\n|move|p1b: Iron Hands|Fake Out|p2a: Cresselia\n|-damage|p2a: Cresselia|86\/100\n|-damage|p1b: Iron Hands|90\/100|[from] item: Life Orb\n|cant|p2a: Cresselia|flinch\n|move|p1a: Cresselia|Trick Room|p1a: Cresselia\n|-fieldstart|move: Trick Room|[of] p1a: Cresselia\n|\n|-heal|p2a: Cresselia|92\/100|[from] item: Leftovers\n|-heal|p1a: Cresselia|84\/100|[from] item: Leftovers\n|upkeep\n|turn|18\n|\n|t:|1699389241\n|move|p1a: Cresselia|Helping Hand|p1b: Iron Hands\n|-singleturn|p1b: Iron Hands|Helping Hand|[of] p1a: Cresselia\n|move|p2a: Cresselia|Psychic|p1b: Iron Hands\n|-supereffective|p1b: Iron Hands\n|-damage|p1b: Iron Hands|22\/100\n|move|p1b: Iron Hands|Thunder Punch|p2a: Cresselia\n|-damage|p2a: Cresselia|38\/100\n|-damage|p1b: Iron Hands|12\/100|[from] item: Life Orb\n|\n|-heal|p2a: Cresselia|45\/100|[from] item: Leftovers\n|-heal|p1a: Cresselia|90\/100|[from] item: Leftovers\n|upkeep\n|turn|19\n|\n|t:|1699389258\n|move|p1b: Iron Hands|Protect|p1b: Iron Hands\n|-singleturn|p1b: Iron Hands|Protect\n|move|p2a: Cresselia|Psychic|p1b: Iron Hands\n|-activate|p1b: Iron Hands|move: Protect\n|move|p1a: Cresselia|Moonblast|p2a: Cresselia\n|-damage|p2a: Cresselia|37\/100\n|\n|-heal|p2a: Cresselia|43\/100|[from] item: Leftovers\n|-heal|p1a: Cresselia|96\/100|[from] item: Leftovers\n|upkeep\n|turn|20\n|\n|t:|1699389275\n|move|p1b: Iron Hands|Protect||[still]\n|-fail|p1b: Iron Hands\n|move|p2a: Cresselia|Psychic|p1b: Iron Hands\n|-supereffective|p1b: Iron Hands\n|-damage|p1b: Iron Hands|0 fnt\n|faint|p1b: Iron Hands\n|-end|p1b: Iron Hands|Quark Drive|[silent]\n|move|p1a: Cresselia|Trick Room|p1a: Cresselia\n|-fieldend|move: Trick Room\n|\n|-heal|p1a: Cresselia|100\/100|[from] item: Leftovers\n|-heal|p2a: Cresselia|49\/100|[from] item: Leftovers\n|upkeep\n|turn|21\n|\n|t:|1699389294\n|move|p1a: Cresselia|Moonblast|p2a: Cresselia\n|-damage|p2a: Cresselia|41\/100\n|move|p2a: Cresselia|Calm Mind|p2a: Cresselia\n|-boost|p2a: Cresselia|spa|1\n|-boost|p2a: Cresselia|spd|1\n|\n|-heal|p2a: Cresselia|47\/100|[from] item: Leftovers\n|upkeep\n|turn|22\n|\n|t:|1699389302\n|move|p1a: Cresselia|Moonblast|p2a: Cresselia\n|-damage|p2a: Cresselia|41\/100\n|-unboost|p2a: Cresselia|spa|1\n|move|p2a: Cresselia|Calm Mind|p2a: Cresselia\n|-boost|p2a: Cresselia|spa|1\n|-boost|p2a: Cresselia|spd|1\n|\n|-heal|p2a: Cresselia|47\/100|[from] item: Leftovers\n|upkeep\n|turn|23\n|\n|t:|1699389311\n|move|p1a: Cresselia|Moonblast|p2a: Cresselia\n|-damage|p2a: Cresselia|42\/100\n|-unboost|p2a: Cresselia|spa|1\n|move|p2a: Cresselia|Lunar Blessing|p2a: Cresselia\n|-heal|p2a: Cresselia|67\/100\n|\n|-heal|p2a: Cresselia|74\/100|[from] item: Leftovers\n|upkeep\n|turn|24\n|\n|t:|1699389320\n|move|p1a: Cresselia|Moonblast|p2a: Cresselia\n|-damage|p2a: Cresselia|69\/100\n|move|p2a: Cresselia|Calm Mind|p2a: Cresselia\n|-boost|p2a: Cresselia|spa|1\n|-boost|p2a: Cresselia|spd|1\n|\n|-heal|p2a: Cresselia|75\/100|[from] item: Leftovers\n|upkeep\n|turn|25\n|\n|t:|1699389328\n|move|p1a: Cresselia|Moonblast|p2a: Cresselia\n|-damage|p2a: Cresselia|70\/100\n|-unboost|p2a: Cresselia|spa|1\n|move|p2a: Cresselia|Calm Mind|p2a: Cresselia\n|-boost|p2a: Cresselia|spa|1\n|-boost|p2a: Cresselia|spd|1\n|\n|-heal|p2a: Cresselia|77\/100|[from] item: Leftovers\n|upkeep\n|turn|26\n|\n|t:|1699389342\n|move|p1a: Cresselia|Moonblast|p2a: Cresselia\n|-damage|p2a: Cresselia|73\/100\n|move|p2a: Cresselia|Calm Mind|p2a: Cresselia\n|-boost|p2a: Cresselia|spa|1\n|-boost|p2a: Cresselia|spd|1\n|\n|-heal|p2a: Cresselia|79\/100|[from] item: Leftovers\n|upkeep\n|turn|27\n|\n|t:|1699389349\n|move|p1a: Cresselia|Moonblast|p2a: Cresselia\n|-damage|p2a: Cresselia|76\/100\n|move|p2a: Cresselia|Calm Mind|p2a: Cresselia\n|-boost|p2a: Cresselia|spa|1\n|-boost|p2a: Cresselia|spd|0\n|\n|-heal|p2a: Cresselia|82\/100|[from] item: Leftovers\n|upkeep\n|turn|28\n|c|\u2606elpape|Not even 3 crucial crits were enough lol\n|c|\u2606one23456789101214|when did it crit\n|inactive|elpape has 120 seconds left.\n|\n|t:|1699389396\n|move|p1a: Cresselia|Moonblast|p2a: Cresselia\n|-damage|p2a: Cresselia|79\/100\n|move|p2a: Cresselia|Calm Mind|p2a: Cresselia\n|-boost|p2a: Cresselia|spa|1\n|-boost|p2a: Cresselia|spd|0\n|\n|-heal|p2a: Cresselia|85\/100|[from] item: Leftovers\n|upkeep\n|turn|29\n|c|\u2606one23456789101214|crits ignore defense buffs so that's what i've been aiming for\n|c|\u2606elpape|Lol\n|c|\u2606elpape|You know\n|\n|t:|1699389416\n|move|p1a: Cresselia|Moonblast|p2a: Cresselia\n|-damage|p2a: Cresselia|82\/100\n|move|p2a: Cresselia|Psychic|p1a: Cresselia\n|-resisted|p1a: Cresselia\n|-crit|p1a: Cresselia\n|-damage|p1a: Cresselia|49\/100\n|\n|-heal|p1a: Cresselia|55\/100|[from] item: Leftovers\n|-heal|p2a: Cresselia|89\/100|[from] item: Leftovers\n|upkeep\n|turn|30\n|inactive|elpape has 120 seconds left.\n|c|\u2606one23456789101214|i will stall this until i die\n|\n|t:|1699389455\n|move|p1a: Cresselia|Protect|p1a: Cresselia\n|-singleturn|p1a: Cresselia|Protect\n|move|p2a: Cresselia|Psychic|p1a: Cresselia\n|-activate|p1a: Cresselia|move: Protect\n|\n|-heal|p1a: Cresselia|61\/100|[from] item: Leftovers\n|-heal|p2a: Cresselia|95\/100|[from] item: Leftovers\n|upkeep\n|turn|31\n|c|\u2606elpape|Lol\n|c|\u2606elpape|Gay\n|\n|t:|1699389468\n|move|p1a: Cresselia|Moonblast|p2a: Cresselia\n|-damage|p2a: Cresselia|92\/100\n|move|p2a: Cresselia|Psychic|p1a: Cresselia\n|-resisted|p1a: Cresselia\n|-damage|p1a: Cresselia|30\/100\n|-unboost|p1a: Cresselia|spd|1\n|\n|-heal|p1a: Cresselia|37\/100|[from] item: Leftovers\n|-heal|p2a: Cresselia|98\/100|[from] item: Leftovers\n|upkeep\n|turn|32\n|c|\u2606one23456789101214|what does that have to do with sexuality\n|c|\u2606elpape|You\n|c|\u2606one23456789101214|that was so out of nowhere\n|inactive|one23456789101214 has 120 seconds left.\n|c|\u2606one23456789101214|yes I know you called me gay but why tho\n|c|\u2606elpape|Gay staller\n|c|\u2606one23456789101214|call be a bitch, loser, gonna die alone, call me what i am\n|inactive|one23456789101214 has 90 seconds left.\n|c|\u2606elpape|And a proud one\n|c|\u2606elpape|Lol you are gay\n|c|\u2606one23456789101214|also this is more spiteful than pride\n|\n|t:|1699389552\n|move|p1a: Cresselia|Moonblast|p2a: Cresselia\n|-damage|p2a: Cresselia|95\/100\n|move|p2a: Cresselia|Psychic|p1a: Cresselia\n|-resisted|p1a: Cresselia\n|-damage|p1a: Cresselia|0 fnt\n|faint|p1a: Cresselia\n|\n|win|elpape\n|raw|one23456789101214's rating: 1262 &rarr; <strong>1243<\/strong><br \/>(-19 for losing)\n|raw|elpape's rating: 1352 &rarr; <strong>1367<\/strong><br \/>(+15 for winning)\n","uploadtime":1699389528,"views":8,"p1id":"one23456789101214","p2id":"elpape","formatid":"gen9doublesou","rating":1243,"private":0,"password":""}