{"id":"gen9doublesou-1969367290","p1":"Slskeiej","p2":"Kurususilver11","format":"[Gen 9] Doubles OU","log":"|j|\u2606Slskeiej\n|j|\u2606Kurususilver11\n|t:|1697520428\n|gametype|doubles\n|player|p1|Slskeiej|maid|1040\n|player|p2|Kurususilver11|1|1091\n|teamsize|p1|6\n|teamsize|p2|6\n|gen|9\n|tier|[Gen 9] Doubles OU\n|rated|\n|rule|Species Clause: Limit one of each Pok\u00e9mon\n|rule|OHKO Clause: OHKO moves are banned\n|rule|Evasion Moves Clause: Evasion moves are banned\n|rule|Gravity Sleep Clause: The combination of sleep-inducing moves with imperfect accuracy and Gravity or Gigantamax Orbeetle are banned\n|rule|Endless Battle Clause: Forcing endless battles is banned\n|rule|HP Percentage Mod: HP is shown in percentages\n|clearpoke\n|poke|p1|Snorlax, F|\n|poke|p1|Bronzong|\n|poke|p1|Medicham, M|\n|poke|p1|Gastrodon-East, M|\n|poke|p1|Dragonair, F|\n|poke|p1|Mew|\n|poke|p2|Garchomp, M|\n|poke|p2|Talonflame, F|\n|poke|p2|Flutter Mane|\n|poke|p2|Shaymin-Sky|\n|poke|p2|Iron Hands|\n|poke|p2|Ogerpon-Hearthflame, F|\n|teampreview\n|inactive|Battle timer is ON: inactive players will automatically lose when time's up. (requested by Slskeiej)\n|\n|t:|1697520436\n|start\n|switch|p1a: Bronzong|Bronzong|100\/100\n|switch|p1b: Medicham|Medicham, M|100\/100\n|switch|p2a: Missingno|Talonflame, F|100\/100\n|switch|p2b: Cymbal|Iron Hands|100\/100\n|turn|1\n|\n|t:|1697520450\n|move|p1b: Medicham|Fake Out|p2a: Missingno\n|-damage|p2a: Missingno|75\/100\n|move|p2b: Cymbal|Fake Out|p1b: Medicham\n|-damage|p1b: Medicham|73\/100\n|move|p2a: Missingno|Tailwind|p2a: Missingno\n|-sidestart|p2: Kurususilver11|move: Tailwind\n|move|p1a: Bronzong|Trick Room|p1a: Bronzong\n|-fieldstart|move: Trick Room|[of] p1a: Bronzong\n|\n|upkeep\n|turn|2\n|\n|t:|1697520474\n|move|p1a: Bronzong|Stealth Rock|p2a: Missingno\n|-sidestart|p2: Kurususilver11|move: Stealth Rock\n|move|p1b: Medicham|Poison Jab|p2a: Missingno\n|-damage|p2a: Missingno|27\/100\n|move|p2b: Cymbal|Ice Punch|p1b: Medicham\n|-damage|p1b: Medicham|25\/100\n|move|p2a: Missingno|Brave Bird|p1b: Medicham\n|-supereffective|p1b: Medicham\n|-damage|p1b: Medicham|0 fnt\n|faint|p1b: Medicham\n|-damage|p2a: Missingno|21\/100|[from] Recoil\n|\n|upkeep\n|inactive|Slskeiej has 120 seconds left.\n|\n|t:|1697520497\n|switch|p1b: Gastrodon|Gastrodon-East, M, shiny|100\/100\n|turn|3\n|\n|t:|1697520513\n|move|p1a: Bronzong|Rock Slide|p2a: Missingno|[spread] p2a,p2b\n|-supereffective|p2a: Missingno\n|-resisted|p2b: Cymbal\n|-damage|p2a: Missingno|0 fnt\n|-damage|p2b: Cymbal|97\/100\n|faint|p2a: Missingno\n|move|p1b: Gastrodon|Earth Power|p2b: Cymbal\n|-supereffective|p2b: Cymbal\n|-damage|p2b: Cymbal|59\/100\n|cant|p2b: Cymbal|flinch\n|\n|upkeep\n|\n|t:|1697520527\n|switch|p2a: Cutie|Shaymin-Sky|100\/100\n|-damage|p2a: Cutie|76\/100|[from] Stealth Rock\n|turn|4\n|\n|t:|1697520541\n|-terastallize|p1b: Gastrodon|Fire\n|move|p2a: Cutie|Protect|p2a: Cutie\n|-singleturn|p2a: Cutie|Protect\n|move|p1a: Bronzong|Rock Slide|p2a: Cutie|[spread] \n|-activate|p2a: Cutie|move: Protect\n|-miss|p1a: Bronzong|p2b: Cymbal\n|move|p1b: Gastrodon|Earth Power|p2b: Cymbal\n|-supereffective|p2b: Cymbal\n|-damage|p2b: Cymbal|21\/100\n|move|p2b: Cymbal|Wild Charge|p1a: Bronzong\n|-damage|p1a: Bronzong|59\/100\n|-damage|p2b: Cymbal|14\/100|[from] Recoil\n|\n|-heal|p1a: Bronzong|65\/100|[from] item: Leftovers\n|-sideend|p2: Kurususilver11|move: Tailwind\n|upkeep\n|turn|5\n|inactive|Slskeiej has 120 seconds left.\n|\n|t:|1697520577\n|-terastallize|p2a: Cutie|Fairy\n|move|p1a: Bronzong|Rock Slide|p2b: Cymbal|[spread] p2a,p2b\n|-resisted|p2b: Cymbal\n|-damage|p2a: Cutie|61\/100\n|-damage|p2b: Cymbal|10\/100\n|move|p1b: Gastrodon|Clear Smog|p2a: Cutie\n|-supereffective|p2a: Cutie\n|-damage|p2a: Cutie|34\/100\n|-clearboost|p2a: Cutie\n|move|p2b: Cymbal|Wild Charge|p1b: Gastrodon\n|-damage|p1b: Gastrodon|51\/100\n|-damage|p2b: Cymbal|0 fnt|[from] Recoil\n|faint|p2b: Cymbal\n|-end|p2b: Cymbal|Quark Drive|[silent]\n|cant|p2a: Cutie|flinch\n|\n|-heal|p1a: Bronzong|71\/100|[from] item: Leftovers\n|-heal|p1b: Gastrodon|57\/100|[from] item: Leftovers\n|-fieldend|move: Trick Room\n|upkeep\n|inactive|Kurususilver11 has 120 seconds left.\n|\n|t:|1697520597\n|switch|p2b: Para|Flutter Mane|100\/100\n|-damage|p2b: Para|88\/100|[from] Stealth Rock\n|turn|6\n|\n|t:|1697520605\n|move|p2b: Para|Dazzling Gleam|p1a: Bronzong|[spread] p1a,p1b\n|-resisted|p1a: Bronzong\n|-resisted|p1b: Gastrodon\n|-damage|p1a: Bronzong|51\/100\n|-damage|p1b: Gastrodon|38\/100\n|move|p2a: Cutie|Dazzling Gleam|p1b: Gastrodon|[spread] p1a,p1b\n|-resisted|p1a: Bronzong\n|-resisted|p1b: Gastrodon\n|-damage|p1a: Bronzong|35\/100\n|-damage|p1b: Gastrodon|20\/100\n|-damage|p2a: Cutie|24\/100|[from] item: Life Orb\n|move|p1b: Gastrodon|Recover|p1b: Gastrodon\n|-heal|p1b: Gastrodon|70\/100\n|move|p1a: Bronzong|Trick Room|p1a: Bronzong\n|-fieldstart|move: Trick Room|[of] p1a: Bronzong\n|\n|-heal|p1a: Bronzong|42\/100|[from] item: Leftovers\n|-heal|p1b: Gastrodon|76\/100|[from] item: Leftovers\n|upkeep\n|turn|7\n|\n|t:|1697520624\n|move|p1a: Bronzong|Rock Slide|p2b: Para|[spread] p2a,p2b\n|-damage|p2a: Cutie|8\/100\n|-damage|p2b: Para|62\/100\n|move|p1b: Gastrodon|Clear Smog|p2a: Cutie\n|-supereffective|p2a: Cutie\n|-damage|p2a: Cutie|0 fnt\n|-clearboost|p2a: Cutie\n|faint|p2a: Cutie\n|move|p2b: Para|Dazzling Gleam|p1b: Gastrodon|[spread] p1a,p1b\n|-resisted|p1a: Bronzong\n|-resisted|p1b: Gastrodon\n|-damage|p1a: Bronzong|22\/100\n|-damage|p1b: Gastrodon|57\/100\n|\n|-heal|p1a: Bronzong|28\/100|[from] item: Leftovers\n|-heal|p1b: Gastrodon|63\/100|[from] item: Leftovers\n|upkeep\n|\n|t:|1697520642\n|switch|p2a: Cody|Garchomp, M|100\/100\n|-damage|p2a: Cody|94\/100|[from] Stealth Rock\n|turn|8\n|\n|t:|1697520652\n|move|p2a: Cody|Protect|p2a: Cody\n|-singleturn|p2a: Cody|Protect\n|move|p1a: Bronzong|Skill Swap|p2a: Cody\n|-activate|p2a: Cody|move: Protect\n|move|p1b: Gastrodon|Earth Power|p2b: Para\n|-damage|p2b: Para|32\/100\n|move|p2b: Para|Dazzling Gleam|p1b: Gastrodon|[spread] p1a,p1b\n|-resisted|p1a: Bronzong\n|-resisted|p1b: Gastrodon\n|-damage|p1a: Bronzong|9\/100\n|-damage|p1b: Gastrodon|43\/100\n|\n|-heal|p1a: Bronzong|15\/100|[from] item: Leftovers\n|-heal|p1b: Gastrodon|49\/100|[from] item: Leftovers\n|upkeep\n|turn|9\n|\n|t:|1697520681\n|move|p1a: Bronzong|Skill Swap|p2a: Cody\n|-activate|p1a: Bronzong|move: Skill Swap|Rough Skin|Heatproof|[of] p2a: Cody\n|move|p1b: Gastrodon|Recover|p1b: Gastrodon\n|-heal|p1b: Gastrodon|99\/100\n|move|p2a: Cody|Dragon Claw|p1b: Gastrodon\n|-damage|p1b: Gastrodon|58\/100\n|move|p2b: Para|Dazzling Gleam|p1a: Bronzong|[spread] p1a,p1b\n|-resisted|p1a: Bronzong\n|-resisted|p1b: Gastrodon\n|-damage|p1a: Bronzong|0 fnt\n|-damage|p1b: Gastrodon|37\/100\n|faint|p1a: Bronzong\n|\n|-heal|p1b: Gastrodon|43\/100|[from] item: Leftovers\n|upkeep\n|\n|t:|1697520696\n|switch|p1a: Mew|Mew|100\/100\n|turn|10\n|\n|t:|1697520711\n|move|p2a: Cody|Protect|p2a: Cody\n|-singleturn|p2a: Cody|Protect\n|move|p1b: Gastrodon|Recover|p1b: Gastrodon\n|-heal|p1b: Gastrodon|93\/100\n|move|p1a: Mew|Will-O-Wisp|p2a: Cody\n|-activate|p2a: Cody|move: Protect\n|move|p2b: Para|Dazzling Gleam|p1a: Mew|[spread] p1a,p1b\n|-resisted|p1b: Gastrodon\n|-damage|p1a: Mew|56\/100\n|-damage|p1b: Gastrodon|71\/100\n|\n|-heal|p1b: Gastrodon|77\/100|[from] item: Leftovers\n|-heal|p1a: Mew|63\/100|[from] item: Leftovers\n|-fieldend|move: Trick Room\n|upkeep\n|turn|11\n|\n|t:|1697520733\n|move|p2b: Para|Dazzling Gleam|p1a: Mew|[spread] p1a,p1b\n|-resisted|p1b: Gastrodon\n|-damage|p1a: Mew|25\/100\n|-damage|p1b: Gastrodon|56\/100\n|move|p2a: Cody|Earthquake|p1b: Gastrodon|[spread] p2b,p1a,p1b\n|-supereffective|p1b: Gastrodon\n|-damage|p2b: Para|0 fnt\n|-damage|p1a: Mew|0 fnt\n|-damage|p1b: Gastrodon|0 fnt\n|faint|p2b: Para\n|-end|p2b: Para|Protosynthesis|[silent]\n|faint|p1a: Mew\n|faint|p1b: Gastrodon\n|\n|upkeep\n|\n|t:|1697520743\n|switch|p2b: Poni|Ogerpon-Hearthflame, F|100\/100\n|switch|p1a: Snorlax|Snorlax, F, shiny|100\/100\n|switch|p1b: Dragonair|Dragonair, F|100\/100\n|-damage|p2b: Poni|76\/100|[from] Stealth Rock\n|-ability|p2b: Poni|Mold Breaker\n|turn|12\n|\n|t:|1697520765\n|move|p2b: Poni|Ivy Cudgel|p1a: Snorlax\n|-damage|p1a: Snorlax|56\/100\n|move|p2a: Cody|Dragon Claw|p1b: Dragonair\n|-supereffective|p1b: Dragonair\n|-damage|p1b: Dragonair|25\/100\n|move|p1a: Snorlax|Curse|p1a: Snorlax\n|-unboost|p1a: Snorlax|spe|1\n|-boost|p1a: Snorlax|atk|1\n|-boost|p1a: Snorlax|def|1\n|move|p1b: Dragonair|Dragon Tail|p2a: Cody\n|-supereffective|p2a: Cody\n|-damage|p2a: Cody|59\/100\n|\n|-heal|p1a: Snorlax|62\/100|[from] item: Leftovers\n|upkeep\n|turn|13\n|\n|t:|1697520788\n|move|p2b: Poni|Horn Leech|p1a: Snorlax\n|-damage|p1a: Snorlax|42\/100\n|-heal|p2b: Poni|94\/100|[from] drain|[of] p1a: Snorlax\n|move|p2a: Cody|Dragon Claw|p1b: Dragonair\n|-supereffective|p1b: Dragonair\n|-damage|p1b: Dragonair|0 fnt\n|faint|p1b: Dragonair\n|move|p1a: Snorlax|Curse|p1a: Snorlax\n|-unboost|p1a: Snorlax|spe|1\n|-boost|p1a: Snorlax|atk|1\n|-boost|p1a: Snorlax|def|1\n|\n|-heal|p1a: Snorlax|48\/100|[from] item: Leftovers\n|upkeep\n|turn|14\n|\n|t:|1697520805\n|move|p2b: Poni|Ivy Cudgel|p1a: Snorlax\n|-damage|p1a: Snorlax|26\/100\n|move|p2a: Cody|Dragon Claw|p1a: Snorlax\n|-damage|p1a: Snorlax|11\/100\n|move|p1a: Snorlax|Rest|p1a: Snorlax\n|-status|p1a: Snorlax|slp|[from] move: Rest\n|-heal|p1a: Snorlax|100\/100 slp|[silent]\n|\n|upkeep\n|turn|15\n|\n|t:|1697520820\n|move|p2b: Poni|Horn Leech|p1a: Snorlax\n|-damage|p1a: Snorlax|84\/100 slp\n|-heal|p2b: Poni|100\/100|[from] drain|[of] p1a: Snorlax\n|move|p2a: Cody|Iron Head|p1a: Snorlax\n|-crit|p1a: Snorlax\n|-damage|p1a: Snorlax|50\/100 slp\n|cant|p1a: Snorlax|slp\n|move|p1a: Snorlax|Sleep Talk|p1a: Snorlax\n|move|p1a: Snorlax|Rest||[from]move: Sleep Talk|[still]\n|-fail|p1a: Snorlax\n|\n|-heal|p1a: Snorlax|57\/100 slp|[from] item: Leftovers\n|upkeep\n|turn|16\n|\n|t:|1697520837\n|move|p2b: Poni|Ivy Cudgel|p1a: Snorlax\n|-damage|p1a: Snorlax|37\/100 slp\n|move|p2a: Cody|Dragon Claw|p1a: Snorlax\n|-damage|p1a: Snorlax|21\/100 slp\n|cant|p1a: Snorlax|slp\n|move|p1a: Snorlax|Sleep Talk|p1a: Snorlax\n|move|p1a: Snorlax|Crunch|p2b: Poni|[from]move: Sleep Talk\n|-damage|p2b: Poni|53\/100\n|\n|-heal|p1a: Snorlax|28\/100 slp|[from] item: Leftovers\n|upkeep\n|turn|17\n|\n|t:|1697520852\n|move|p2b: Poni|Throat Chop|p1a: Snorlax\n|-damage|p1a: Snorlax|17\/100 slp\n|-start|p1a: Snorlax|Throat Chop|[silent]\n|move|p2a: Cody|Dragon Claw|p1a: Snorlax\n|-damage|p1a: Snorlax|0 fnt\n|faint|p1a: Snorlax\n|\n|win|Kurususilver11\n|raw|Slskeiej's rating: 1040 &rarr; <strong>1026<\/strong><br \/>(-14 for losing)\n|raw|Kurususilver11's rating: 1091 &rarr; <strong>1114<\/strong><br \/>(+23 for winning)\n","uploadtime":1697520860,"views":23,"p1id":"slskeiej","p2id":"kurususilver11","formatid":"gen9doublesou","rating":1026,"private":0,"password":""}