{"id":"gen9doublesou-1979515519","p1":"MarquisMark","p2":"Rungy","format":"[Gen 9] Doubles OU","log":"|j|\u2606MarquisMark\n|j|\u2606Rungy\n|t:|1698688780\n|gametype|doubles\n|player|p1|MarquisMark|gentleman-gen4dp|1026\n|player|p2|Rungy|gambler|1131\n|teamsize|p1|6\n|teamsize|p2|6\n|gen|9\n|tier|[Gen 9] Doubles OU\n|rated|\n|rule|Species Clause: Limit one of each Pok\u00e9mon\n|rule|OHKO Clause: OHKO moves are banned\n|rule|Evasion Moves Clause: Evasion moves are banned\n|rule|Gravity Sleep Clause: The combination of sleep-inducing moves with imperfect accuracy and Gravity or Gigantamax Orbeetle are banned\n|rule|Endless Battle Clause: Forcing endless battles is banned\n|rule|HP Percentage Mod: HP is shown in percentages\n|clearpoke\n|poke|p1|Dipplin, M|\n|poke|p1|Bronzong|\n|poke|p1|Lilligant-Hisui, F|\n|poke|p1|Iron Bundle|\n|poke|p1|Iron Hands|\n|poke|p1|Arcanine-Hisui, F|\n|poke|p2|Grimmsnarl, M|\n|poke|p2|Gastrodon-East, F|\n|poke|p2|Farigiraf, M|\n|poke|p2|Wyrdeer, M|\n|poke|p2|Ninetales-Alola, F|\n|poke|p2|Meowscarada, F|\n|teampreview\n|c|\u2606Rungy|glhf!\n|\n|t:|1698688789\n|start\n|switch|p1a: Dipplin|Dipplin, M|100\/100\n|switch|p1b: Bronzong|Bronzong|100\/100\n|switch|p2a: Grimey|Grimmsnarl, M|100\/100\n|switch|p2b: Gumiho|Ninetales-Alola, F|100\/100\n|-weather|Snow|[from] ability: Snow Warning|[of] p2b: Gumiho\n|-ability|p1a: Dipplin|Supersweet Syrup\n|-ability|p1a: Dipplin|Supersweet Syrup|boost\n|-unboost|p2a: Grimey|evasion|1\n|-unboost|p2b: Gumiho|evasion|1\n|turn|1\n|\n|t:|1698688819\n|move|p2a: Grimey|Misty Terrain|p2a: Grimey\n|-fieldstart|move: Misty Terrain\n|move|p2b: Gumiho|Aurora Veil|p2b: Gumiho\n|-sidestart|p2: Rungy|move: Aurora Veil\n|move|p1a: Dipplin|Syrup Bomb|p1b: Bronzong\n|-resisted|p1b: Bronzong\n|-crit|p1b: Bronzong\n|-damage|p1b: Bronzong|89\/100\n|-start|p1b: Bronzong|Syrup Bomb\n|move|p1b: Bronzong|Hypnosis|p2a: Grimey\n|-activate|p2a: Grimey|move: Misty Terrain\n|\n|-weather|Snow|[upkeep]\n|-unboost|p1b: Bronzong|spe|1\n|upkeep\n|turn|2\n|c|\u2606Rungy|mwahaha\n|\n|t:|1698688838\n|move|p2b: Gumiho|Freeze-Dry|p1a: Dipplin\n|-supereffective|p1a: Dipplin\n|-damage|p1a: Dipplin|40\/100\n|move|p2a: Grimey|False Surrender|p1b: Bronzong\n|-supereffective|p1b: Bronzong\n|-damage|p1b: Bronzong|25\/100\n|move|p1a: Dipplin|Pollen Puff|p1b: Bronzong\n|-heal|p1b: Bronzong|75\/100\n|move|p1b: Bronzong|Trick Room|p1b: Bronzong\n|-fieldstart|move: Trick Room|[of] p1b: Bronzong\n|\n|-weather|Snow|[upkeep]\n|-unboost|p1b: Bronzong|spe|1\n|upkeep\n|turn|3\n|c|\u2606MarquisMark|it hurt my little heart:(\n|\n|t:|1698688871\n|switch|p2b: Khan|Gastrodon-East, F|100\/100\n|move|p1a: Dipplin|Protect|p1a: Dipplin\n|-singleturn|p1a: Dipplin|Protect\n|move|p1b: Bronzong|Gyro Ball|p2b: Khan\n|-resisted|p2b: Khan\n|-damage|p2b: Khan|93\/100\n|move|p2a: Grimey|Spirit Break|p1a: Dipplin\n|-activate|p1a: Dipplin|move: Protect\n|\n|-weather|Snow|[upkeep]\n|-unboost|p1b: Bronzong|spe|1\n|upkeep\n|turn|4\n|\n|t:|1698688897\n|-terastallize|p2b: Khan|Fire\n|-terastallize|p1a: Dipplin|Poison\n|move|p1b: Bronzong|Gyro Ball|p2a: Grimey\n|-supereffective|p2a: Grimey\n|-damage|p2a: Grimey|21\/100\n|move|p2b: Khan|Ice Beam|p1a: Dipplin\n|-damage|p1a: Dipplin|25\/100\n|move|p1a: Dipplin|Recover|p1a: Dipplin\n|-heal|p1a: Dipplin|75\/100\n|move|p2a: Grimey|False Surrender|p1b: Bronzong\n|-supereffective|p1b: Bronzong\n|-damage|p1b: Bronzong|15\/100\n|\n|-weather|Snow|[upkeep]\n|-end|p1b: Bronzong|Syrup Bomb|[silent]\n|upkeep\n|turn|5\n|\n|t:|1698688918\n|switch|p2a: Mr. Rothschild|Farigiraf, M|100\/100\n|move|p1b: Bronzong|Gyro Ball|p2a: Mr. Rothschild\n|-damage|p2a: Mr. Rothschild|64\/100\n|move|p2b: Khan|Earth Power|p1a: Dipplin\n|-supereffective|p1a: Dipplin\n|-damage|p1a: Dipplin|34\/100\n|move|p1a: Dipplin|Pollen Puff|p1b: Bronzong\n|-heal|p1b: Bronzong|65\/100\n|\n|-weather|none\n|upkeep\n|turn|6\n|\n|t:|1698688943\n|move|p1a: Dipplin|Protect|p1a: Dipplin\n|-singleturn|p1a: Dipplin|Protect\n|move|p1b: Bronzong|Gyro Ball|p2a: Mr. Rothschild\n|-damage|p2a: Mr. Rothschild|26\/100\n|move|p2b: Khan|Earth Power|p1a: Dipplin\n|-activate|p1a: Dipplin|move: Protect\n|move|p2a: Mr. Rothschild|Psychic|p1a: Dipplin\n|-activate|p1a: Dipplin|move: Protect\n|\n|-fieldend|move: Trick Room\n|upkeep\n|turn|7\n|\n|t:|1698688978\n|switch|p2b: O'deer|Wyrdeer, M|100\/100\n|move|p2a: Mr. Rothschild|Psychic|p1a: Dipplin\n|-supereffective|p1a: Dipplin\n|-damage|p1a: Dipplin|0 fnt\n|faint|p1a: Dipplin\n|move|p1b: Bronzong|Trick Room|p1b: Bronzong\n|-fieldstart|move: Trick Room|[of] p1b: Bronzong\n|\n|upkeep\n|\n|t:|1698688987\n|switch|p1a: Iron Hands|Iron Hands|100\/100\n|turn|8\n|\n|t:|1698688999\n|move|p1a: Iron Hands|Fake Out||[still]\n|cant|p2a: Mr. Rothschild|ability: Armor Tail|Fake Out|[of] p1a: Iron Hands\n|move|p1b: Bronzong|Gyro Ball|p2a: Mr. Rothschild\n|-damage|p2a: Mr. Rothschild|0 fnt\n|faint|p2a: Mr. Rothschild\n|move|p2b: O'deer|Body Slam|p1b: Bronzong\n|-resisted|p1b: Bronzong\n|-damage|p1b: Bronzong|50\/100\n|\n|-sideend|p2: Rungy|move: Aurora Veil\n|-fieldend|Misty Terrain\n|upkeep\n|\n|t:|1698689010\n|switch|p2a: Khan|Gastrodon-East, F, tera:Fire|93\/100\n|turn|9\n|\n|t:|1698689030\n|move|p1b: Bronzong|Hypnosis|p2a: Khan\n|-status|p2a: Khan|slp|[from] move: Hypnosis\n|cant|p2a: Khan|slp\n|move|p1a: Iron Hands|Drain Punch|p2b: O'deer\n|-damage|p2b: O'deer|52\/100\n|move|p2b: O'deer|High Horsepower|p1a: Iron Hands\n|-supereffective|p1a: Iron Hands\n|-damage|p1a: Iron Hands|60\/100\n|\n|upkeep\n|turn|10\n|\n|t:|1698689054\n|switch|p2a: Grimey|Grimmsnarl, M|21\/100\n|-end|p1a: Iron Hands|Quark Drive|[silent]\n|switch|p1a: Lilligant|Lilligant-Hisui, F|100\/100\n|move|p1b: Bronzong|Gyro Ball|p2b: O'deer\n|-damage|p2b: O'deer|0 fnt\n|faint|p2b: O'deer\n|\n|upkeep\n|\n|t:|1698689065\n|switch|p2b: Teehee|Meowscarada, F|100\/100\n|turn|11\n|\n|t:|1698689071\n|move|p1a: Lilligant|Protect|p1a: Lilligant\n|-singleturn|p1a: Lilligant|Protect\n|move|p2a: Grimey|Misty Terrain|p2a: Grimey\n|-fieldstart|move: Misty Terrain\n|move|p1b: Bronzong|Gyro Ball|p2a: Grimey\n|-supereffective|p2a: Grimey\n|-damage|p2a: Grimey|0 fnt\n|faint|p2a: Grimey\n|move|p2b: Teehee|Night Slash|p1b: Bronzong\n|-supereffective|p1b: Bronzong\n|-crit|p1b: Bronzong\n|-damage|p1b: Bronzong|0 fnt\n|faint|p1b: Bronzong\n|\n|-fieldend|move: Trick Room\n|upkeep\n|\n|t:|1698689082\n|switch|p2a: Gumiho|Ninetales-Alola, F|100\/100\n|switch|p1b: Iron Hands|Iron Hands|60\/100\n|-weather|Snow|[from] ability: Snow Warning|[of] p2a: Gumiho\n|turn|12\n|\n|t:|1698689106\n|move|p2b: Teehee|Flower Trick|p1b: Iron Hands\n|-crit|p1b: Iron Hands\n|-damage|p1b: Iron Hands|29\/100\n|move|p2a: Gumiho|Aurora Veil|p2a: Gumiho\n|-sidestart|p2: Rungy|move: Aurora Veil\n|move|p1a: Lilligant|Ice Spinner|p2b: Teehee\n|-supereffective|p2b: Teehee\n|-damage|p2b: Teehee|31\/100\n|-fieldend|Misty Terrain\n|-enditem|p2b: Teehee|Red Card|[of] p1a: Lilligant\n|drag|p1a: Iron Bundle|Iron Bundle|100\/100\n|move|p1b: Iron Hands|Drain Punch|p2b: Teehee\n|-supereffective|p2b: Teehee\n|-damage|p2b: Teehee|0 fnt\n|-heal|p1b: Iron Hands|38\/100|[from] drain|[of] p2b: Teehee\n|faint|p2b: Teehee\n|\n|-weather|Snow|[upkeep]\n|upkeep\n|\n|t:|1698689120\n|switch|p2b: Khan|Gastrodon-East, F, tera:Fire|93\/100 slp\n|turn|13\n|\n|t:|1698689132\n|move|p1a: Iron Bundle|Icy Wind|p2a: Gumiho|[spread] p2a,p2b\n|-resisted|p2a: Gumiho\n|-resisted|p2b: Khan\n|-damage|p2a: Gumiho|90\/100\n|-damage|p2b: Khan|88\/100 slp\n|-unboost|p2a: Gumiho|spe|1\n|-unboost|p2b: Khan|spe|1\n|-damage|p1a: Iron Bundle|91\/100|[from] item: Life Orb\n|move|p2a: Gumiho|Extrasensory|p1b: Iron Hands\n|-supereffective|p1b: Iron Hands\n|-damage|p1b: Iron Hands|18\/100\n|move|p1b: Iron Hands|Drain Punch|p2b: Khan\n|-damage|p2b: Khan|57\/100 slp\n|-heal|p1b: Iron Hands|32\/100|[from] drain|[of] p2b: Khan\n|cant|p2b: Khan|slp\n|\n|-weather|Snow|[upkeep]\n|upkeep\n|turn|14\n|\n|t:|1698689154\n|move|p1a: Iron Bundle|Icy Wind|p2a: Gumiho|[spread] p2a,p2b\n|-resisted|p2a: Gumiho\n|-resisted|p2b: Khan\n|-damage|p2a: Gumiho|80\/100\n|-damage|p2b: Khan|52\/100 slp\n|-unboost|p2a: Gumiho|spe|1\n|-unboost|p2b: Khan|spe|1\n|-damage|p1a: Iron Bundle|81\/100|[from] item: Life Orb\n|move|p2a: Gumiho|Extrasensory|p1b: Iron Hands\n|-supereffective|p1b: Iron Hands\n|-damage|p1b: Iron Hands|13\/100\n|move|p1b: Iron Hands|Drain Punch|p2b: Khan\n|-damage|p2b: Khan|21\/100 slp\n|-heal|p1b: Iron Hands|27\/100|[from] drain|[of] p2b: Khan\n|-curestatus|p2b: Khan|slp|[msg]\n|move|p2b: Khan|Earth Power|p1b: Iron Hands\n|-supereffective|p1b: Iron Hands\n|-damage|p1b: Iron Hands|0 fnt\n|faint|p1b: Iron Hands\n|-end|p1b: Iron Hands|Quark Drive|[silent]\n|\n|-weather|Snow|[upkeep]\n|upkeep\n|\n|t:|1698689171\n|switch|p1b: Arcanine|Arcanine-Hisui, F|100\/100\n|turn|15\n|\n|t:|1698689183\n|move|p1a: Iron Bundle|Freeze-Dry|p2b: Khan\n|-resisted|p2b: Khan\n|-damage|p2b: Khan|11\/100\n|-damage|p1a: Iron Bundle|71\/100|[from] item: Life Orb\n|move|p1b: Arcanine|Head Smash|p2a: Gumiho|[miss]\n|-miss|p1b: Arcanine|p2a: Gumiho\n|move|p2a: Gumiho|Freeze-Dry|p1a: Iron Bundle\n|-damage|p1a: Iron Bundle|17\/100\n|move|p2b: Khan|Earth Power|p1b: Arcanine\n|-supereffective|p1b: Arcanine\n|-damage|p1b: Arcanine|0 fnt\n|faint|p1b: Arcanine\n|\n|-weather|Snow|[upkeep]\n|upkeep\n|\n|t:|1698689190\n|switch|p1b: Lilligant|Lilligant-Hisui, F|100\/100\n|turn|16\n|c|\u2606Rungy|gg\n|\n|t:|1698689212\n|move|p1a: Iron Bundle|Icy Wind|p2a: Gumiho|[spread] p2a,p2b\n|-resisted|p2a: Gumiho\n|-resisted|p2b: Khan\n|-damage|p2a: Gumiho|69\/100\n|-damage|p2b: Khan|5\/100\n|-unboost|p2a: Gumiho|spe|1\n|-unboost|p2b: Khan|spe|1\n|-damage|p1a: Iron Bundle|7\/100|[from] item: Life Orb\n|move|p1b: Lilligant|Ice Spinner|p2b: Khan\n|-resisted|p2b: Khan\n|-damage|p2b: Khan|0 fnt\n|faint|p2b: Khan\n|move|p2a: Gumiho|Freeze-Dry|p1a: Iron Bundle\n|-damage|p1a: Iron Bundle|0 fnt\n|faint|p1a: Iron Bundle\n|-end|p1a: Iron Bundle|Quark Drive|[silent]\n|\n|-weather|none\n|upkeep\n|turn|17\n|c|\u2606MarquisMark|gg\n|\n|t:|1698689226\n|move|p1b: Lilligant|Close Combat|p2a: Gumiho\n|-damage|p2a: Gumiho|0 fnt\n|-unboost|p1b: Lilligant|def|1\n|-unboost|p1b: Lilligant|spd|1\n|faint|p2a: Gumiho\n|\n|win|MarquisMark\n|raw|MarquisMark's rating: 1026 &rarr; <strong>1073<\/strong><br \/>(+47 for winning)\n|raw|Rungy's rating: 1131 &rarr; <strong>1099<\/strong><br \/>(-32 for losing)\n","uploadtime":1698689237,"views":14,"p1id":"marquismark","p2id":"rungy","formatid":"gen9doublesou","rating":1073,"private":0,"password":""}