{"id":"gen9doublesou-1999263215","p1":"Zulneily","p2":"WaddleDee_151","format":"[Gen 9] Doubles OU","log":"|j|\u2606Zulneily\n|j|\u2606WaddleDee_151\n|t:|1701052310\n|gametype|doubles\n|player|p1|Zulneily|hilda-wonderlauncher|1261\n|player|p2|WaddleDee_151|darach-caitlin|1201\n|teamsize|p1|6\n|teamsize|p2|6\n|gen|9\n|tier|[Gen 9] Doubles OU\n|rated|\n|rule|Species Clause: Limit one of each Pok\u00e9mon\n|rule|OHKO Clause: OHKO moves are banned\n|rule|Evasion Moves Clause: Evasion moves are banned\n|rule|Gravity Sleep Clause: The combination of sleep-inducing moves with imperfect accuracy and Gravity or Gigantamax Orbeetle are banned\n|rule|Endless Battle Clause: Forcing endless battles is banned\n|rule|HP Percentage Mod: HP is shown in percentages\n|clearpoke\n|poke|p1|Cinderace, F|\n|poke|p1|Chien-Pao|\n|poke|p1|Indeedee-F, F|\n|poke|p1|Amoonguss, M|\n|poke|p1|Flutter Mane|\n|poke|p1|Palafin, F|\n|poke|p2|Thundurus, M|\n|poke|p2|Grimmsnarl, M|\n|poke|p2|Enamorus, F|\n|poke|p2|Clefairy, M|\n|poke|p2|Sinistcha-Masterpiece|\n|poke|p2|Greninja-*, M|\n|teampreview\n|inactive|Battle timer is ON: inactive players will automatically lose when time's up. (requested by WaddleDee_151)\n|\n|t:|1701052357\n|start\n|switch|p1a: Cinderace|Cinderace, F|100\/100\n|switch|p1b: Palafin|Palafin, F|100\/100\n|switch|p2a: Kamoshida|Grimmsnarl, M|100\/100\n|switch|p2b: Ren Amamiya|Greninja, M|100\/100\n|turn|1\n|\n|t:|1701052368\n|move|p1a: Cinderace|Protect|p1a: Cinderace\n|-start|p1a: Cinderace|typechange|Normal|[from] ability: Libero\n|-singleturn|p1a: Cinderace|Protect\n|move|p2a: Kamoshida|Fake Out|p1a: Cinderace\n|-activate|p1a: Cinderace|move: Protect\n|move|p2b: Ren Amamiya|Hydro Pump|p1a: Cinderace\n|-start|p2b: Ren Amamiya|typechange|Water|[from] ability: Protean\n|-activate|p1a: Cinderace|move: Protect\n|move|p1b: Palafin|Flip Turn|p2a: Kamoshida\n|-damage|p2a: Kamoshida|80\/100\n|\n|t:|1701052386\n|detailschange|p1b: Palafin|Palafin-Hero, F\n|switch|p1b: Amoonguss|Amoonguss, M|100\/100|[from] Flip Turn\n|\n|-heal|p2a: Kamoshida|86\/100|[from] item: Leftovers\n|upkeep\n|turn|2\n|\n|t:|1701052399\n|move|p1b: Amoonguss|Rage Powder|p1b: Amoonguss\n|-singleturn|p1b: Amoonguss|move: Rage Powder\n|move|p2a: Kamoshida|Taunt|p1b: Amoonguss\n|-start|p1b: Amoonguss|move: Taunt\n|move|p2b: Ren Amamiya|Hydro Pump|p1b: Amoonguss\n|-resisted|p1b: Amoonguss\n|-damage|p1b: Amoonguss|79\/100\n|-damage|p2b: Ren Amamiya|91\/100|[from] item: Life Orb\n|move|p1a: Cinderace|Will-O-Wisp|p2a: Kamoshida\n|-status|p2a: Kamoshida|brn\n|\n|-heal|p2a: Kamoshida|92\/100 brn|[from] item: Leftovers\n|-heal|p1b: Amoonguss|85\/100|[from] item: Black Sludge\n|-damage|p2a: Kamoshida|86\/100 brn|[from] brn\n|upkeep\n|turn|3\n|inactive|Zulneily has 120 seconds left.\n|inactive|WaddleDee_151 has 120 seconds left.\n|inactive|WaddleDee_151 has 90 seconds left.\n|\n|t:|1701052479\n|switch|p1a: Indeedee|Indeedee-F, F|100\/100\n|-fieldstart|move: Psychic Terrain|[from] ability: Psychic Surge|[of] p1a: Indeedee\n|move|p2b: Ren Amamiya|Hydro Pump|p1a: Indeedee\n|-damage|p1a: Indeedee|50\/100\n|-damage|p2b: Ren Amamiya|81\/100|[from] item: Life Orb\n|move|p2a: Kamoshida|Spirit Break|p1b: Amoonguss\n|-resisted|p1b: Amoonguss\n|-damage|p1b: Amoonguss|75\/100\n|-unboost|p1b: Amoonguss|spa|1\n|move|p1b: Amoonguss|Giga Drain|p2b: Ren Amamiya\n|-supereffective|p2b: Ren Amamiya\n|-damage|p2b: Ren Amamiya|32\/100\n|-heal|p1b: Amoonguss|91\/100|[from] drain|[of] p2b: Ren Amamiya\n|\n|-heal|p2a: Kamoshida|92\/100 brn|[from] item: Leftovers\n|-heal|p1b: Amoonguss|97\/100|[from] item: Black Sludge\n|-damage|p2a: Kamoshida|86\/100 brn|[from] brn\n|upkeep\n|turn|4\n|inactive|WaddleDee_151 has 90 seconds left.\n|\n|t:|1701052503\n|switch|p2b: Jack Frost|Sinistcha-Masterpiece|100\/100\n|-heal|p2a: Kamoshida|100\/100 brn|[from] ability: Hospitality|[of] p2b: Jack Frost\n|move|p1a: Indeedee|Protect|p1a: Indeedee\n|-singleturn|p1a: Indeedee|Protect\n|move|p2a: Kamoshida|Spirit Break|p1b: Amoonguss\n|-resisted|p1b: Amoonguss\n|-damage|p1b: Amoonguss|88\/100\n|-unboost|p1b: Amoonguss|spa|1\n|move|p1b: Amoonguss|Giga Drain|p2b: Jack Frost\n|-resisted|p2b: Jack Frost\n|-damage|p2b: Jack Frost|94\/100\n|-heal|p1b: Amoonguss|91\/100|[from] drain|[of] p2b: Jack Frost\n|\n|-heal|p1b: Amoonguss|97\/100|[from] item: Black Sludge\n|-damage|p2a: Kamoshida|94\/100 brn|[from] brn\n|upkeep\n|turn|5\n|inactive|WaddleDee_151 has 90 seconds left.\n|inactive|Zulneily has 120 seconds left.\n|inactive|WaddleDee_151 has 60 seconds left.\n|\n|t:|1701052560\n|switch|p1a: Cinderace|Cinderace, F|100\/100\n|switch|p1b: Palafin|Palafin-Hero, F|100\/100\n|-activate|p1b: Palafin|ability: Zero to Hero\n|move|p2b: Jack Frost|Matcha Gotcha|p1b: Palafin|[spread] p1b\n|-miss|p2b: Jack Frost|p1a: Cinderace\n|-supereffective|p1b: Palafin\n|-damage|p1b: Palafin|67\/100\n|-heal|p2b: Jack Frost|100\/100|[from] drain|[of] p1b: Palafin\n|move|p2a: Kamoshida|Spirit Break|p1b: Palafin\n|-damage|p1b: Palafin|48\/100\n|-unboost|p1b: Palafin|spa|1\n|\n|-heal|p2a: Kamoshida|100\/100 brn|[from] item: Leftovers\n|-damage|p2a: Kamoshida|94\/100 brn|[from] brn\n|upkeep\n|turn|6\n|inactive|WaddleDee_151 has 60 seconds left.\n|inactive|Zulneily has 120 seconds left.\n|\n|t:|1701052586\n|switch|p2b: Morgona|Clefairy, M|100\/100\n|move|p1a: Cinderace|Pyro Ball|p2b: Morgona\n|-damage|p2b: Morgona|43\/100\n|move|p1b: Palafin|Flip Turn|p2a: Kamoshida\n|-damage|p2a: Kamoshida|61\/100 brn\n|inactive|Zulneily has 120 seconds left.\n|\n|t:|1701052601\n|switch|p1b: Amoonguss|Amoonguss, M|100\/100|[from] Flip Turn\n|move|p2a: Kamoshida|Spirit Break|p1b: Amoonguss\n|-resisted|p1b: Amoonguss\n|-damage|p1b: Amoonguss|92\/100\n|-unboost|p1b: Amoonguss|spa|1\n|\n|-heal|p2a: Kamoshida|67\/100 brn|[from] item: Leftovers\n|-heal|p1b: Amoonguss|98\/100|[from] item: Black Sludge\n|-damage|p2a: Kamoshida|61\/100 brn|[from] brn\n|upkeep\n|turn|7\n|inactive|Zulneily has 120 seconds left.\n|\n|t:|1701052624\n|switch|p2a: Ren Amamiya|Greninja, M|32\/100\n|move|p2b: Morgona|Follow Me|p2b: Morgona\n|-singleturn|p2b: Morgona|move: Follow Me\n|move|p1a: Cinderace|Pyro Ball|p2b: Morgona\n|-crit|p2b: Morgona\n|-damage|p2b: Morgona|0 fnt\n|faint|p2b: Morgona\n|move|p1b: Amoonguss|Pollen Puff|p2a: Ren Amamiya\n|-supereffective|p2a: Ren Amamiya\n|-damage|p2a: Ren Amamiya|0 fnt\n|faint|p2a: Ren Amamiya\n|\n|-heal|p1b: Amoonguss|100\/100|[from] item: Black Sludge\n|upkeep\n|\n|t:|1701052643\n|switch|p2a: Chariot|Thundurus, M|100\/100\n|switch|p2b: Marie|Enamorus, F|100\/100\n|turn|8\n|\n|t:|1701052658\n|move|p2a: Chariot|Scary Face|p2b: Marie\n|-boost|p2b: Marie|spe|2\n|move|p2b: Marie|Springtide Storm|p1b: Amoonguss|[spread] p1a,p1b\n|-resisted|p1a: Cinderace\n|-resisted|p1b: Amoonguss\n|-damage|p1a: Cinderace|77\/100\n|-damage|p1b: Amoonguss|87\/100\n|-unboost|p1b: Amoonguss|atk|1\n|move|p1a: Cinderace|Will-O-Wisp|p2a: Chariot\n|-status|p2a: Chariot|brn\n|move|p1b: Amoonguss|Spore|p2b: Marie\n|-status|p2b: Marie|slp|[from] move: Spore\n|\n|-heal|p1b: Amoonguss|93\/100|[from] item: Black Sludge\n|-damage|p2a: Chariot|94\/100 brn|[from] brn\n|upkeep\n|turn|9\n|-message|WaddleDee_151 forfeited.\n|\n|win|Zulneily\n|raw|Zulneily's rating: 1261 &rarr; <strong>1282<\/strong><br \/>(+21 for winning)\n|raw|WaddleDee_151's rating: 1201 &rarr; <strong>1180<\/strong><br \/>(-21 for losing)\n|l|\u2606WaddleDee_151\n","uploadtime":1701052694,"views":14,"p1id":"zulneily","p2id":"waddledee151","formatid":"gen9doublesou","rating":1180,"private":0,"password":""}