{"id":"gen9doublesou-1989458708","p1":"Pearsquare","p2":"hilda1666","format":"[Gen 9] Doubles OU","log":"|j|\u2606Pearsquare\n|j|\u2606hilda1666\n|t:|1699853657\n|gametype|doubles\n|player|p1|Pearsquare|caitlin|1065\n|player|p2|hilda1666|hilda|1043\n|teamsize|p1|6\n|teamsize|p2|6\n|gen|9\n|tier|[Gen 9] Doubles OU\n|rated|\n|rule|Species Clause: Limit one of each Pok\u00e9mon\n|rule|OHKO Clause: OHKO moves are banned\n|rule|Evasion Moves Clause: Evasion moves are banned\n|rule|Gravity Sleep Clause: The combination of sleep-inducing moves with imperfect accuracy and Gravity or Gigantamax Orbeetle are banned\n|rule|Endless Battle Clause: Forcing endless battles is banned\n|rule|HP Percentage Mod: HP is shown in percentages\n|clearpoke\n|poke|p1|Meloetta|\n|poke|p1|Gothitelle, F|\n|poke|p1|Zoroark, M|\n|poke|p1|Kingambit, F|\n|poke|p1|Typhlosion, M|\n|poke|p1|Ninetales, M|\n|poke|p2|Farigiraf, F|\n|poke|p2|Wo-Chien|\n|poke|p2|Amoonguss, M|\n|poke|p2|Garganacl, M|\n|poke|p2|Goodra-Hisui, F|\n|poke|p2|Iron Hands|\n|teampreview\n|\n|t:|1699853676\n|start\n|switch|p1a: Elio|Typhlosion, M|100\/100\n|switch|p1b: Homrua|Ninetales, M|100\/100\n|switch|p2a: Garganacl|Garganacl, M, shiny|100\/100\n|switch|p2b: Iron Hands|Iron Hands, shiny|100\/100\n|-weather|SunnyDay|[from] ability: Drought|[of] p1b: Homrua\n|turn|1\n|inactive|Battle timer is ON: inactive players will automatically lose when time's up. (requested by hilda1666)\n|\n|t:|1699853699\n|switch|p1a: Caroline|Kingambit, F|100\/100\n|move|p1b: Homrua|Solar Beam||[still]\n|-prepare|p1b: Homrua|Solar Beam\n|-anim|p1b: Homrua|Solar Beam|p2a: Garganacl\n|-supereffective|p2a: Garganacl\n|-damage|p2a: Garganacl|48\/100\n|move|p2b: Iron Hands|Thunder Punch|p1a: Caroline\n|-damage|p1a: Caroline|28\/100\n|replace|p1a: Jorra|Zoroark, M, shiny\n|-end|p1a: Jorra|Illusion\n|move|p2a: Garganacl|Salt Cure|p1a: Jorra\n|-damage|p1a: Jorra|4\/100\n|-start|p1a: Jorra|Salt Cure\n|\n|-weather|SunnyDay|[upkeep]\n|-heal|p2a: Garganacl|54\/100|[from] item: Leftovers\n|-damage|p1a: Jorra|0 fnt|[from] Salt Cure\n|faint|p1a: Jorra\n|upkeep\n|\n|t:|1699853728\n|switch|p1a: Izerna|Gothitelle, F|100\/100\n|-item|p2a: Garganacl|Leftovers|[from] ability: Frisk|[of] p1a: Izerna|[identify]\n|-item|p2b: Iron Hands|Sitrus Berry|[from] ability: Frisk|[of] p1a: Izerna|[identify]\n|turn|2\n|\n|t:|1699853741\n|move|p2b: Iron Hands|Protect|p2b: Iron Hands\n|-singleturn|p2b: Iron Hands|Protect\n|move|p2a: Garganacl|Protect|p2a: Garganacl\n|-singleturn|p2a: Garganacl|Protect\n|move|p1a: Izerna|Fake Out|p2b: Iron Hands\n|-activate|p2b: Iron Hands|move: Protect\n|move|p1b: Homrua|Solar Beam||[still]\n|-prepare|p1b: Homrua|Solar Beam\n|-anim|p1b: Homrua|Solar Beam|p2a: Garganacl\n|-activate|p2a: Garganacl|move: Protect\n|\n|-weather|SunnyDay|[upkeep]\n|-heal|p2a: Garganacl|60\/100|[from] item: Leftovers\n|upkeep\n|turn|3\n|\n|t:|1699853768\n|switch|p2a: Goodra|Goodra-Hisui, F, shiny|100\/100\n|move|p1b: Homrua|Solar Beam||[still]\n|-prepare|p1b: Homrua|Solar Beam\n|-anim|p1b: Homrua|Solar Beam|p2a: Goodra\n|-ability|p2a: Goodra|Sap Sipper|boost\n|-boost|p2a: Goodra|atk|1\n|move|p1a: Izerna|Psychic|p2b: Iron Hands\n|-supereffective|p2b: Iron Hands\n|-damage|p2b: Iron Hands|52\/100\n|move|p2b: Iron Hands|Belly Drum|p2b: Iron Hands\n|-damage|p2b: Iron Hands|2\/100\n|-setboost|p2b: Iron Hands|atk|6|[from] move: Belly Drum\n|-enditem|p2b: Iron Hands|Sitrus Berry|[eat]\n|-heal|p2b: Iron Hands|26\/100|[from] item: Sitrus Berry\n|\n|-weather|SunnyDay|[upkeep]\n|upkeep\n|turn|4\n|\n|t:|1699853793\n|move|p1a: Izerna|Helping Hand|p1b: Homrua\n|-singleturn|p1b: Homrua|Helping Hand|[of] p1a: Izerna\n|move|p2b: Iron Hands|Protect|p2b: Iron Hands\n|-singleturn|p2b: Iron Hands|Protect\n|move|p1b: Homrua|Heat Wave|p2b: Iron Hands|[spread] p2a\n|-activate|p2b: Iron Hands|move: Protect\n|-damage|p2a: Goodra|76\/100\n|-status|p2a: Goodra|brn\n|move|p2a: Goodra|Earthquake|p1b: Homrua|[spread] p1a,p1b\n|-activate|p2b: Iron Hands|move: Protect\n|-crit|p1a: Izerna\n|-supereffective|p1b: Homrua\n|-crit|p1b: Homrua\n|-damage|p1a: Izerna|82\/100\n|-damage|p1b: Homrua|43\/100\n|\n|-weather|SunnyDay|[upkeep]\n|-damage|p2a: Goodra|70\/100 brn|[from] brn\n|upkeep\n|turn|5\n|\n|t:|1699853816\n|move|p1a: Izerna|Helping Hand|p1b: Homrua\n|-singleturn|p1b: Homrua|Helping Hand|[of] p1a: Izerna\n|move|p1b: Homrua|Heat Wave|p2a: Goodra|[spread] p2a\n|-miss|p1b: Homrua|p2b: Iron Hands\n|-crit|p2a: Goodra\n|-damage|p2a: Goodra|34\/100 brn\n|move|p2a: Goodra|Earthquake|p1a: Izerna|[spread] p2b,p1a,p1b\n|-supereffective|p2b: Iron Hands\n|-supereffective|p1b: Homrua\n|-damage|p2b: Iron Hands|13\/100\n|-damage|p1a: Izerna|69\/100\n|-damage|p1b: Homrua|2\/100\n|move|p2b: Iron Hands|Thunder Punch|p1a: Izerna\n|-damage|p1a: Izerna|0 fnt\n|faint|p1a: Izerna\n|\n|-weather|SunnyDay|[upkeep]\n|-damage|p2a: Goodra|28\/100 brn|[from] brn\n|upkeep\n|inactive|Pearsquare has 120 seconds left.\n|\n|t:|1699853837\n|switch|p1a: Aria|Meloetta|100\/100\n|turn|6\n|\n|t:|1699853853\n|move|p2b: Iron Hands|Protect|p2b: Iron Hands\n|-singleturn|p2b: Iron Hands|Protect\n|move|p1b: Homrua|Heat Wave|p2b: Iron Hands|[spread] p2a\n|-activate|p2b: Iron Hands|move: Protect\n|-damage|p2a: Goodra|12\/100 brn\n|move|p1a: Aria|Psychic|p2b: Iron Hands\n|-activate|p2b: Iron Hands|move: Protect\n|move|p2a: Goodra|Heavy Slam|p1a: Aria\n|-damage|p1a: Aria|60\/100\n|\n|-weather|SunnyDay|[upkeep]\n|-damage|p2a: Goodra|6\/100 brn|[from] brn\n|upkeep\n|turn|7\n|\n|t:|1699853871\n|move|p2b: Iron Hands|Protect|p2b: Iron Hands\n|-singleturn|p2b: Iron Hands|Protect\n|move|p1b: Homrua|Heat Wave|p2b: Iron Hands|[spread] p2a\n|-activate|p2b: Iron Hands|move: Protect\n|-damage|p2a: Goodra|0 fnt\n|faint|p2a: Goodra\n|move|p1a: Aria|Dazzling Gleam|p2b: Iron Hands\n|-activate|p2b: Iron Hands|move: Protect\n|\n|-weather|SunnyDay|[upkeep]\n|upkeep\n|\n|t:|1699853884\n|switch|p2a: Farigiraf|Farigiraf, F|100\/100\n|turn|8\n|\n|t:|1699853895\n|switch|p1b: Caroline|Kingambit, F|100\/100\n|-activate|p1b: Caroline|ability: Supreme Overlord\n|-start|p1b: Caroline|fallen2|[silent]\n|move|p1a: Aria|Dazzling Gleam|p2b: Iron Hands|[spread] p2a,p2b\n|-supereffective|p2b: Iron Hands\n|-damage|p2a: Farigiraf|80\/100\n|-damage|p2b: Iron Hands|0 fnt\n|faint|p2b: Iron Hands\n|-end|p2b: Iron Hands|Quark Drive|[silent]\n|move|p2a: Farigiraf|Hyper Voice|p1b: Caroline|[spread] p1a,p1b\n|-resisted|p1b: Caroline\n|-damage|p1a: Aria|44\/100\n|-damage|p1b: Caroline|87\/100\n|\n|-weather|none\n|-heal|p1b: Caroline|93\/100|[from] item: Leftovers\n|upkeep\n|\n|t:|1699853911\n|switch|p2b: Wo-Chien|Wo-Chien|100\/100\n|-ability|p2b: Wo-Chien|Tablets of Ruin\n|turn|9\n|\n|t:|1699853933\n|move|p1a: Aria|Dazzling Gleam|p2a: Farigiraf|[spread] p2a,p2b\n|-supereffective|p2b: Wo-Chien\n|-damage|p2a: Farigiraf|61\/100\n|-damage|p2b: Wo-Chien|75\/100\n|move|p1b: Caroline|Iron Head|p2a: Farigiraf\n|-damage|p2a: Farigiraf|25\/100\n|move|p2b: Wo-Chien|Leech Seed|p1a: Aria\n|-start|p1a: Aria|move: Leech Seed\n|move|p2a: Farigiraf|Trick Room|p2a: Farigiraf\n|-fieldstart|move: Trick Room|[of] p2a: Farigiraf\n|\n|-heal|p2b: Wo-Chien|81\/100|[from] item: Leftovers\n|-heal|p1b: Caroline|99\/100|[from] item: Leftovers\n|-damage|p1a: Aria|32\/100|[from] Leech Seed|[of] p2b: Wo-Chien\n|-heal|p2b: Wo-Chien|93\/100|[silent]\n|upkeep\n|turn|10\n|\n|t:|1699853957\n|switch|p2a: Garganacl|Garganacl, M, shiny|60\/100\n|move|p2b: Wo-Chien|Leech Seed|p1b: Caroline\n|-start|p1b: Caroline|move: Leech Seed\n|move|p1b: Caroline|Iron Head|p2a: Garganacl\n|-supereffective|p2a: Garganacl\n|-damage|p2a: Garganacl|14\/100\n|move|p1a: Aria|Dazzling Gleam|p2b: Wo-Chien|[spread] p2a,p2b\n|-supereffective|p2b: Wo-Chien\n|-damage|p2a: Garganacl|0 fnt\n|-damage|p2b: Wo-Chien|67\/100\n|faint|p2a: Garganacl\n|\n|-heal|p2b: Wo-Chien|73\/100|[from] item: Leftovers\n|-heal|p1b: Caroline|100\/100|[from] item: Leftovers\n|-damage|p1b: Caroline|88\/100|[from] Leech Seed|[of] p2b: Wo-Chien\n|-heal|p2b: Wo-Chien|87\/100|[silent]\n|-damage|p1a: Aria|20\/100|[from] Leech Seed|[of] p2b: Wo-Chien\n|-heal|p2b: Wo-Chien|99\/100|[silent]\n|upkeep\n|\n|t:|1699853976\n|switch|p2a: Amoonguss|Amoonguss, M, shiny|100\/100\n|turn|11\n|\n|t:|1699854004\n|move|p2a: Amoonguss|Spore|p1b: Caroline\n|-status|p1b: Caroline|slp|[from] move: Spore\n|move|p2b: Wo-Chien|Dark Pulse|p1a: Aria\n|-supereffective|p1a: Aria\n|-damage|p1a: Aria|0 fnt\n|faint|p1a: Aria\n|cant|p1b: Caroline|slp\n|\n|-heal|p2b: Wo-Chien|100\/100|[from] item: Leftovers\n|-heal|p1b: Caroline|94\/100 slp|[from] item: Leftovers\n|-damage|p1b: Caroline|82\/100 slp|[from] Leech Seed|[of] p2b: Wo-Chien\n|upkeep\n|inactive|Pearsquare has 120 seconds left.\n|\n|t:|1699854017\n|switch|p1a: Homrua|Ninetales, M|2\/100\n|-weather|SunnyDay|[from] ability: Drought|[of] p1a: Homrua\n|turn|12\n|\n|t:|1699854040\n|move|p1a: Homrua|Helping Hand|p1b: Caroline\n|-singleturn|p1b: Caroline|Helping Hand|[of] p1a: Homrua\n|move|p2a: Amoonguss|Spore|p1a: Homrua\n|-status|p1a: Homrua|slp|[from] move: Spore\n|move|p2b: Wo-Chien|Dark Pulse|p1b: Caroline\n|-resisted|p1b: Caroline\n|-crit|p1b: Caroline\n|-damage|p1b: Caroline|64\/100 slp\n|cant|p1b: Caroline|slp\n|\n|-weather|SunnyDay|[upkeep]\n|-heal|p1b: Caroline|70\/100 slp|[from] item: Leftovers\n|-damage|p1b: Caroline|58\/100 slp|[from] Leech Seed|[of] p2b: Wo-Chien\n|upkeep\n|turn|13\n|\n|t:|1699854059\n|switch|p2b: Farigiraf|Farigiraf, F|25\/100\n|cant|p1a: Homrua|slp\n|move|p2a: Amoonguss|Pollen Puff|p2b: Farigiraf\n|-heal|p2b: Farigiraf|75\/100\n|cant|p1b: Caroline|slp\n|\n|-weather|SunnyDay|[upkeep]\n|-heal|p1b: Caroline|64\/100 slp|[from] item: Leftovers\n|-damage|p1b: Caroline|52\/100 slp|[from] Leech Seed|[of] p2b: Farigiraf\n|-heal|p2b: Farigiraf|87\/100|[silent]\n|-fieldend|move: Trick Room\n|upkeep\n|turn|14\n|inactive|Pearsquare has 120 seconds left.\n|\n|t:|1699854098\n|-curestatus|p1a: Homrua|slp|[msg]\n|move|p1a: Homrua|Heat Wave|p2a: Amoonguss|[spread] p2a,p2b\n|-supereffective|p2a: Amoonguss\n|-damage|p2a: Amoonguss|38\/100\n|-damage|p2b: Farigiraf|47\/100\n|-curestatus|p1b: Caroline|slp|[msg]\n|move|p1b: Caroline|Iron Head|p2b: Farigiraf\n|-damage|p2b: Farigiraf|0 fnt\n|faint|p2b: Farigiraf\n|move|p2a: Amoonguss|Spore|p1b: Caroline\n|-status|p1b: Caroline|slp|[from] move: Spore\n|\n|-weather|SunnyDay|[upkeep]\n|-heal|p1b: Caroline|58\/100 slp|[from] item: Leftovers\n|-heal|p2a: Amoonguss|44\/100|[from] item: Black Sludge\n|upkeep\n|\n|t:|1699854116\n|switch|p2b: Wo-Chien|Wo-Chien|100\/100\n|-ability|p2b: Wo-Chien|Tablets of Ruin\n|turn|15\n|\n|t:|1699854138\n|-terastallize|p2a: Amoonguss|Poison\n|move|p1a: Homrua|Heat Wave|p2a: Amoonguss|[spread] p2a,p2b\n|-supereffective|p2b: Wo-Chien\n|-damage|p2a: Amoonguss|14\/100\n|-damage|p2b: Wo-Chien|52\/100\n|cant|p1b: Caroline|slp\n|move|p2b: Wo-Chien|Dark Pulse|p1b: Caroline\n|-resisted|p1b: Caroline\n|-damage|p1b: Caroline|45\/100 slp\n|move|p2a: Amoonguss|Spore|p1a: Homrua\n|-status|p1a: Homrua|slp|[from] move: Spore\n|\n|-weather|SunnyDay|[upkeep]\n|-heal|p1b: Caroline|51\/100 slp|[from] item: Leftovers\n|-heal|p2b: Wo-Chien|58\/100|[from] item: Leftovers\n|-heal|p2a: Amoonguss|20\/100|[from] item: Black Sludge\n|-damage|p1b: Caroline|38\/100 slp|[from] Leech Seed|[of] p2b: Wo-Chien\n|-heal|p2b: Wo-Chien|72\/100|[silent]\n|upkeep\n|turn|16\n|inactive|Pearsquare has 120 seconds left.\n|\n|t:|1699854172\n|cant|p1a: Homrua|slp\n|cant|p1b: Caroline|slp\n|move|p2b: Wo-Chien|Giga Drain|p1b: Caroline\n|-resisted|p1b: Caroline\n|-damage|p1b: Caroline|26\/100 slp\n|-heal|p2b: Wo-Chien|79\/100|[from] drain|[of] p1b: Caroline\n|move|p2a: Amoonguss|Pollen Puff|p2b: Wo-Chien\n|-heal|p2b: Wo-Chien|100\/100\n|\n|-weather|SunnyDay|[upkeep]\n|-heal|p1b: Caroline|32\/100 slp|[from] item: Leftovers\n|-heal|p2a: Amoonguss|26\/100|[from] item: Black Sludge\n|-damage|p1b: Caroline|20\/100 slp|[from] Leech Seed|[of] p2b: Wo-Chien\n|upkeep\n|turn|17\n|\n|t:|1699854197\n|-curestatus|p1a: Homrua|slp|[msg]\n|move|p1a: Homrua|Heat Wave|p2a: Amoonguss|[spread] p2a,p2b\n|-supereffective|p2b: Wo-Chien\n|-damage|p2a: Amoonguss|0 fnt\n|-damage|p2b: Wo-Chien|43\/100\n|faint|p2a: Amoonguss\n|-curestatus|p1b: Caroline|slp|[msg]\n|move|p1b: Caroline|Iron Head|p2b: Wo-Chien\n|-damage|p2b: Wo-Chien|14\/100\n|move|p2b: Wo-Chien|Dark Pulse|p1b: Caroline\n|-resisted|p1b: Caroline\n|-damage|p1b: Caroline|7\/100\n|\n|-weather|SunnyDay|[upkeep]\n|-heal|p1b: Caroline|13\/100|[from] item: Leftovers\n|-heal|p2b: Wo-Chien|20\/100|[from] item: Leftovers\n|-damage|p1b: Caroline|0 fnt|[from] Leech Seed|[of] p2b: Wo-Chien\n|-heal|p2b: Wo-Chien|33\/100|[silent]\n|faint|p1b: Caroline\n|-end|p1b: Caroline|fallen2|[silent]\n|upkeep\n|inactive|Pearsquare has 120 seconds left.\n|\n|t:|1699854213\n|switch|p1b: Elio|Typhlosion, M|100\/100\n|turn|18\n|\n|t:|1699854219\n|-terastallize|p1b: Elio|Fire\n|move|p1a: Homrua|Helping Hand|p1b: Elio\n|-singleturn|p1b: Elio|Helping Hand|[of] p1a: Homrua\n|move|p2b: Wo-Chien|Protect|p2b: Wo-Chien\n|-singleturn|p2b: Wo-Chien|Protect\n|move|p1b: Elio|Eruption|p2b: Wo-Chien\n|-activate|p2b: Wo-Chien|move: Protect\n|\n|-weather|SunnyDay|[upkeep]\n|-heal|p2b: Wo-Chien|40\/100|[from] item: Leftovers\n|upkeep\n|turn|19\n|\n|t:|1699854248\n|move|p1a: Homrua|Helping Hand|p1b: Elio\n|-singleturn|p1b: Elio|Helping Hand|[of] p1a: Homrua\n|move|p1b: Elio|Eruption|p2b: Wo-Chien\n|-supereffective|p2b: Wo-Chien\n|-damage|p2b: Wo-Chien|0 fnt\n|faint|p2b: Wo-Chien\n|\n|win|Pearsquare\n|raw|Pearsquare's rating: 1065 &rarr; <strong>1093<\/strong><br \/>(+28 for winning)\n|raw|hilda1666's rating: 1043 &rarr; <strong>1028<\/strong><br \/>(-15 for losing)\n","uploadtime":1699854258,"views":7,"p1id":"pearsquare","p2id":"hilda1666","formatid":"gen9doublesou","rating":1028,"private":0,"password":""}