{"id":"gen9doublesou-1982974583","p1":"frostysamuri","p2":"TugfaprroxDxD","format":"[Gen 9] Doubles OU","log":"|j|\u2606frostysamuri\n|j|\u2606TugfaprroxDxD\n|t:|1699065124\n|gametype|doubles\n|player|p1|frostysamuri|169|1160\n|player|p2|TugfaprroxDxD|170|1157\n|teamsize|p1|6\n|teamsize|p2|6\n|gen|9\n|tier|[Gen 9] Doubles OU\n|rated|\n|rule|Species Clause: Limit one of each Pok\u00e9mon\n|rule|OHKO Clause: OHKO moves are banned\n|rule|Evasion Moves Clause: Evasion moves are banned\n|rule|Gravity Sleep Clause: The combination of sleep-inducing moves with imperfect accuracy and Gravity or Gigantamax Orbeetle are banned\n|rule|Endless Battle Clause: Forcing endless battles is banned\n|rule|HP Percentage Mod: HP is shown in percentages\n|clearpoke\n|poke|p1|Ursaluna, F|\n|poke|p1|Zapdos|\n|poke|p1|Ninetales-Alola, F|\n|poke|p1|Lucario, F|\n|poke|p1|Ogerpon-Hearthflame, F|\n|poke|p1|Toxapex, M|\n|poke|p2|Klefki, M|\n|poke|p2|Skeledirge, M|\n|poke|p2|Inteleon, F|\n|poke|p2|Talonflame, M|\n|poke|p2|Enamorus, F|\n|poke|p2|Clodsire, M|\n|teampreview\n|\n|t:|1699065137\n|start\n|switch|p1a: Ogerpon|Ogerpon-Hearthflame, F|100\/100\n|switch|p1b: Toxapex|Toxapex, M|100\/100\n|switch|p2a: Clodsire|Clodsire, M|100\/100\n|switch|p2b: Enamorus|Enamorus, F|100\/100\n|-ability|p1a: Ogerpon|Mold Breaker\n|turn|1\n|\n|t:|1699065164\n|switch|p1a: Lucario|Lucario, F|100\/100\n|move|p2b: Enamorus|Springtide Storm|p1b: Toxapex|[spread] p1a,p1b\n|-resisted|p1b: Toxapex\n|-damage|p1a: Lucario|57\/100\n|-damage|p1b: Toxapex|84\/100\n|-unboost|p1a: Lucario|atk|1\n|move|p1b: Toxapex|Gunk Shot|p2b: Enamorus\n|-supereffective|p2b: Enamorus\n|-damage|p2b: Enamorus|0 fnt\n|faint|p2b: Enamorus\n|move|p2a: Clodsire|Poison Jab|p1a: Lucario\n|-immune|p1a: Lucario\n|\n|-heal|p1b: Toxapex|90\/100|[from] item: Leftovers\n|upkeep\n|\n|t:|1699065182\n|switch|p2b: Skeleeer|Skeledirge, M|100\/100\n|turn|2\n|\n|t:|1699065199\n|move|p1a: Lucario|Stone Edge|p2b: Skeleeer\n|-supereffective|p2b: Skeleeer\n|-damage|p2b: Skeleeer|46\/100\n|move|p2b: Skeleeer|Torch Song|p1a: Lucario\n|-supereffective|p1a: Lucario\n|-damage|p1a: Lucario|0 fnt\n|-boost|p2b: Skeleeer|spa|1\n|faint|p1a: Lucario\n|move|p1b: Toxapex|Liquidation|p2b: Skeleeer\n|-supereffective|p2b: Skeleeer\n|-damage|p2b: Skeleeer|0 fnt\n|faint|p2b: Skeleeer\n|move|p2a: Clodsire|Toxic Spikes|p1b: Toxapex\n|-sidestart|p1: frostysamuri|move: Toxic Spikes\n|\n|-heal|p1b: Toxapex|97\/100|[from] item: Leftovers\n|upkeep\n|\n|t:|1699065215\n|switch|p1a: Ninetales|Ninetales-Alola, F|100\/100\n|switch|p2b: Klefki|Klefki, M|100\/100\n|-status|p1a: Ninetales|psn\n|-weather|Snow|[from] ability: Snow Warning|[of] p1a: Ninetales\n|turn|3\n|\n|t:|1699065229\n|move|p2b: Klefki|Calm Mind|p2b: Klefki\n|-boost|p2b: Klefki|spa|1\n|-boost|p2b: Klefki|spd|1\n|move|p1a: Ninetales|Blizzard|p2a: Clodsire|[spread] p2a,p2b\n|-supereffective|p2a: Clodsire\n|-resisted|p2b: Klefki\n|-damage|p2a: Clodsire|54\/100\n|-damage|p2b: Klefki|88\/100\n|-status|p2b: Klefki|frz\n|move|p1b: Toxapex|Liquidation|p2b: Klefki\n|-damage|p2b: Klefki|52\/100 frz\n|-unboost|p2b: Klefki|def|1\n|move|p2a: Clodsire|Stomping Tantrum|p1b: Toxapex\n|-supereffective|p1b: Toxapex\n|-damage|p1b: Toxapex|47\/100\n|\n|-weather|Snow|[upkeep]\n|-heal|p2b: Klefki|58\/100 frz|[from] item: Leftovers\n|-heal|p1b: Toxapex|53\/100|[from] item: Leftovers\n|-heal|p2a: Clodsire|60\/100|[from] item: Black Sludge\n|-damage|p1a: Ninetales|88\/100 psn|[from] psn\n|upkeep\n|turn|4\n|\n|t:|1699065251\n|move|p1a: Ninetales|Blizzard|p2b: Klefki|[spread] p2a,p2b\n|-supereffective|p2a: Clodsire\n|-resisted|p2b: Klefki\n|-damage|p2a: Clodsire|14\/100\n|-damage|p2b: Klefki|46\/100 frz\n|-curestatus|p2b: Klefki|frz|[msg]\n|move|p2b: Klefki|Flash Cannon|p1a: Ninetales\n|-supereffective|p1a: Ninetales\n|-damage|p1a: Ninetales|0 fnt\n|faint|p1a: Ninetales\n|move|p1b: Toxapex|Gunk Shot|p2a: Clodsire\n|-resisted|p2a: Clodsire\n|-damage|p2a: Clodsire|2\/100\n|move|p2a: Clodsire|Stomping Tantrum|p1b: Toxapex\n|-supereffective|p1b: Toxapex\n|-damage|p1b: Toxapex|8\/100\n|\n|-weather|Snow|[upkeep]\n|-heal|p2b: Klefki|52\/100|[from] item: Leftovers\n|-heal|p1b: Toxapex|14\/100|[from] item: Leftovers\n|-heal|p2a: Clodsire|8\/100|[from] item: Black Sludge\n|upkeep\n|\n|t:|1699065267\n|switch|p1a: Ursaluna|Ursaluna, F|100\/100\n|-status|p1a: Ursaluna|psn\n|turn|5\n|\n|t:|1699065282\n|move|p1b: Toxapex|Wide Guard|p1b: Toxapex\n|-singleturn|p1b: Toxapex|Wide Guard\n|move|p2b: Klefki|Draining Kiss|p1a: Ursaluna\n|-damage|p1a: Ursaluna|75\/100 psn\n|-heal|p2b: Klefki|80\/100|[from] drain|[of] p1a: Ursaluna\n|move|p1a: Ursaluna|Earthquake|p2b: Klefki|[spread] p2a,p2b\n|-activate|p1b: Toxapex|move: Wide Guard\n|-supereffective|p2a: Clodsire\n|-supereffective|p2b: Klefki\n|-damage|p2a: Clodsire|0 fnt\n|-damage|p2b: Klefki|0 fnt\n|faint|p2a: Clodsire\n|faint|p2b: Klefki\n|\n|-weather|Snow|[upkeep]\n|-heal|p1b: Toxapex|21\/100|[from] item: Leftovers\n|-damage|p1a: Ursaluna|63\/100 psn|[from] psn\n|upkeep\n|\n|t:|1699065298\n|switch|p2b: Talonflame|Talonflame, M|100\/100\n|switch|p2a: Inteleon|Inteleon, F|100\/100\n|turn|6\n|\n|t:|1699065320\n|-terastallize|p1a: Ursaluna|Flying\n|move|p1b: Toxapex|Baneful Bunker|p1b: Toxapex\n|-singleturn|p1b: Toxapex|move: Protect\n|move|p2b: Talonflame|Brave Bird|p1b: Toxapex\n|-activate|p1b: Toxapex|move: Protect\n|-status|p2b: Talonflame|psn\n|move|p2a: Inteleon|Ice Beam|p1a: Ursaluna\n|-supereffective|p1a: Ursaluna\n|-damage|p1a: Ursaluna|5\/100 psn\n|move|p1a: Ursaluna|Facade|p2a: Inteleon\n|-enditem|p2a: Inteleon|Focus Sash\n|-damage|p2a: Inteleon|1\/100\n|\n|-weather|Snow|[upkeep]\n|-heal|p1b: Toxapex|27\/100|[from] item: Leftovers\n|-damage|p2b: Talonflame|88\/100 psn|[from] psn\n|-damage|p1a: Ursaluna|0 fnt|[from] psn\n|faint|p1a: Ursaluna\n|upkeep\n|\n|t:|1699065339\n|switch|p1a: Zapdos|Zapdos|100\/100\n|turn|7\n|\n|t:|1699065347\n|move|p2b: Talonflame|Brave Bird|p1a: Zapdos\n|-resisted|p1a: Zapdos\n|-damage|p1a: Zapdos|78\/100\n|-damage|p2b: Talonflame|79\/100 psn|[from] Recoil\n|move|p2a: Inteleon|Ice Beam|p1a: Zapdos\n|-supereffective|p1a: Zapdos\n|-damage|p1a: Zapdos|39\/100\n|move|p1a: Zapdos|Tailwind|p1a: Zapdos\n|-sidestart|p1: frostysamuri|move: Tailwind\n|move|p1b: Toxapex|Liquidation|p2b: Talonflame\n|-supereffective|p2b: Talonflame\n|-damage|p2b: Talonflame|0 fnt\n|faint|p2b: Talonflame\n|\n|-weather|none\n|-heal|p1b: Toxapex|33\/100|[from] item: Leftovers\n|upkeep\n|turn|8\n|-message|TugfaprroxDxD forfeited.\n|\n|win|frostysamuri\n|raw|frostysamuri's rating: 1160 &rarr; <strong>1185<\/strong><br \/>(+25 for winning)\n|raw|TugfaprroxDxD's rating: 1157 &rarr; <strong>1132<\/strong><br \/>(-25 for losing)\n|l|\u2606TugfaprroxDxD\n","uploadtime":1699065364,"views":31,"p1id":"frostysamuri","p2id":"tugfaprroxdxd","formatid":"gen9doublesou","rating":1132,"private":0,"password":""}