{"id":"gen9doublesou-1981942025","p1":"RDL93","p2":"MADARAAAA","format":"[Gen 9] Doubles OU","log":"|j|\u2606RDL93\n|j|\u2606MADARAAAA\n|t:|1698953563\n|gametype|doubles\n|player|p1|RDL93|pokefan-gen4|\n|player|p2|MADARAAAA|#dpl8ducks|\n|teamsize|p1|6\n|teamsize|p2|6\n|gen|9\n|tier|[Gen 9] Doubles OU\n|rule|Species Clause: Limit one of each Pok\u00e9mon\n|rule|OHKO Clause: OHKO moves are banned\n|rule|Evasion Moves Clause: Evasion moves are banned\n|rule|Gravity Sleep Clause: The combination of sleep-inducing moves with imperfect accuracy and Gravity or Gigantamax Orbeetle are banned\n|rule|Endless Battle Clause: Forcing endless battles is banned\n|rule|HP Percentage Mod: HP is shown in percentages\n|clearpoke\n|poke|p1|Sinistcha|\n|poke|p1|Ursaluna-Bloodmoon, M|\n|poke|p1|Volcanion|\n|poke|p1|Iron Hands|\n|poke|p1|Farigiraf, F|\n|poke|p1|Diancie|\n|poke|p2|Gholdengo|\n|poke|p2|Ogerpon-Wellspring, F|\n|poke|p2|Flutter Mane|\n|poke|p2|Roaring Moon|\n|poke|p2|Iron Hands|\n|poke|p2|Landorus-Therian, M|\n|teampreview\n|j| seroo\n|c|\u2606MADARAAAA|hf\n|c|\u2606RDL93|u2\n|j| DolphinVGC\n|j| Shiritu\n|j| F3rrari450\n|j| Electrovalvula\n|j| ina fable.\n|j| QQuemQuem\n|j| ratpacker\n|j| blfitcrofter\n|j| Eragon11145\n|j| theyummybagel\n|j| Iceberg77\n|j| Meminger21\n|j| Charmdi\n|j| Entrocefalo\n|j|+Mizuhime\n|l| Electrovalvula\n|j|+Yoda2798\n|j| Heerv\n|l| Entrocefalo\n|j| Yddeon\n|j| Entrocefalo\n|l| Entrocefalo\n|\n|t:|1698953789\n|start\n|switch|p1a: Iron Hands|Iron Hands|100\/100\n|switch|p1b: Farigiraf|Farigiraf, F|100\/100\n|switch|p2a: Roaring Moon|Roaring Moon|100\/100\n|switch|p2b: Iron Hands|Iron Hands|100\/100\n|-enditem|p2a: Roaring Moon|Booster Energy\n|-activate|p2a: Roaring Moon|ability: Protosynthesis|[fromitem]\n|-start|p2a: Roaring Moon|protosynthesisspe\n|turn|1\n|\n|t:|1698953804\n|move|p1a: Iron Hands|Fake Out|p2a: Roaring Moon\n|-damage|p2a: Roaring Moon|79\/100\n|cant|p2a: Roaring Moon|flinch\n|move|p2b: Iron Hands|Swords Dance|p2b: Iron Hands\n|-boost|p2b: Iron Hands|atk|2\n|move|p1b: Farigiraf|Trick Room|p1b: Farigiraf\n|-fieldstart|move: Trick Room|[of] p1b: Farigiraf\n|\n|upkeep\n|turn|2\n|\n|t:|1698953825\n|switch|p1b: Sinistcha|Sinistcha|100\/100\n|-end|p2a: Roaring Moon|Protosynthesis|[silent]\n|switch|p2a: Landorus|Landorus-Therian, M|100\/100\n|-ability|p2a: Landorus|Intimidate|boost\n|-unboost|p1a: Iron Hands|atk|1\n|-unboost|p1b: Sinistcha|atk|1\n|move|p1a: Iron Hands|Drain Punch|p2a: Landorus\n|-resisted|p2a: Landorus\n|-damage|p2a: Landorus|88\/100\n|move|p2b: Iron Hands|Drain Punch|p1b: Sinistcha\n|-immune|p1b: Sinistcha\n|\n|upkeep\n|turn|3\n|j| Amaranth\n|\n|t:|1698953863\n|-end|p1a: Iron Hands|Quark Drive|[silent]\n|switch|p1a: Farigiraf|Farigiraf, F|100\/100\n|-terastallize|p2b: Iron Hands|Fire\n|move|p2b: Iron Hands|Fire Punch|p1b: Sinistcha\n|-supereffective|p1b: Sinistcha\n|-damage|p1b: Sinistcha|0 fnt\n|faint|p1b: Sinistcha\n|move|p2a: Landorus|U-turn|p1a: Farigiraf\n|-supereffective|p1a: Farigiraf\n|-damage|p1a: Farigiraf|63\/100\n|j| Ciro Napoli\n|j| OUVT ANNAPEPE\n|j| umbry \u273f\n|\n|t:|1698953882\n|switch|p2a: Ogerpon|Ogerpon-Wellspring, F|100\/100|[from] U-turn\n|\n|upkeep\n|\n|t:|1698953890\n|switch|p1b: Ursaluna|Ursaluna-Bloodmoon, M|100\/100\n|turn|4\n|j| RelicanthPrimal<><\n|\n|t:|1698953912\n|-terastallize|p1b: Ursaluna|Ghost\n|move|p2a: Ogerpon|Follow Me|p2a: Ogerpon\n|-singleturn|p2a: Ogerpon|move: Follow Me\n|move|p1b: Ursaluna|Earth Power|p2a: Ogerpon\n|-resisted|p2a: Ogerpon\n|-damage|p2a: Ogerpon|67\/100\n|move|p2b: Iron Hands|Drain Punch|p1b: Ursaluna\n|-immune|p1b: Ursaluna\n|move|p1a: Farigiraf|Psyshock|p2a: Ogerpon\n|-damage|p2a: Ogerpon|20\/100\n|\n|upkeep\n|turn|5\n|\n|t:|1698953936\n|move|p1a: Farigiraf|Helping Hand|p1b: Ursaluna\n|-singleturn|p1b: Ursaluna|Helping Hand|[of] p1a: Farigiraf\n|move|p2a: Ogerpon|Follow Me|p2a: Ogerpon\n|-singleturn|p2a: Ogerpon|move: Follow Me\n|move|p1b: Ursaluna|Hyper Voice|p2b: Iron Hands|[spread] p2a,p2b\n|-damage|p2a: Ogerpon|0 fnt\n|-damage|p2b: Iron Hands|59\/100\n|faint|p2a: Ogerpon\n|-enditem|p1b: Ursaluna|Throat Spray\n|-boost|p1b: Ursaluna|spa|1|[from] item: Throat Spray\n|move|p2b: Iron Hands|Drain Punch|p1a: Farigiraf\n|-damage|p1a: Farigiraf|0 fnt\n|-heal|p2b: Iron Hands|87\/100|[from] drain|[of] p1a: Farigiraf\n|faint|p1a: Farigiraf\n|\n|-fieldend|move: Trick Room\n|upkeep\n|\n|t:|1698954004\n|switch|p2a: Flutter Mane|Flutter Mane|100\/100\n|switch|p1a: Iron Hands|Iron Hands|100\/100\n|turn|6\n|\n|t:|1698954015\n|move|p1b: Ursaluna|Protect|p1b: Ursaluna\n|-singleturn|p1b: Ursaluna|Protect\n|move|p2a: Flutter Mane|Shadow Ball|p1b: Ursaluna\n|-activate|p1b: Ursaluna|move: Protect\n|move|p2b: Iron Hands|Drain Punch|p1a: Iron Hands\n|-damage|p1a: Iron Hands|43\/100\n|-heal|p2b: Iron Hands|100\/100|[from] drain|[of] p1a: Iron Hands\n|move|p1a: Iron Hands|Heavy Slam|p2a: Flutter Mane\n|-supereffective|p2a: Flutter Mane\n|-damage|p2a: Flutter Mane|0 fnt\n|faint|p2a: Flutter Mane\n|-end|p2a: Flutter Mane|Protosynthesis|[silent]\n|\n|upkeep\n|\n|t:|1698954032\n|switch|p2a: Gholdengo|Gholdengo|100\/100\n|turn|7\n|j| VGCLTE ITZY\n|\n|t:|1698954042\n|move|p2a: Gholdengo|Shadow Ball|p1b: Ursaluna\n|-supereffective|p1b: Ursaluna\n|-damage|p1b: Ursaluna|6\/100\n|move|p2b: Iron Hands|Fire Punch|p1b: Ursaluna\n|-damage|p1b: Ursaluna|0 fnt\n|faint|p1b: Ursaluna\n|move|p1a: Iron Hands|Wild Charge|p2b: Iron Hands\n|-damage|p2b: Iron Hands|67\/100\n|-damage|p1a: Iron Hands|35\/100|[from] Recoil\n|\n|upkeep\n|j| Lemurro\n|\n|t:|1698954053\n|switch|p1b: Volcanion|Volcanion|100\/100\n|turn|8\n|j| juega persona\n|l| Eragon11145\n|\n|t:|1698954102\n|-end|p1a: Iron Hands|Quark Drive|[silent]\n|switch|p1a: Diancie|Diancie|100\/100\n|move|p2a: Gholdengo|Nasty Plot|p2a: Gholdengo\n|-boost|p2a: Gholdengo|spa|2\n|move|p1b: Volcanion|Steam Eruption|p2b: Iron Hands\n|-supereffective|p2b: Iron Hands\n|-damage|p2b: Iron Hands|0 fnt\n|faint|p2b: Iron Hands\n|-end|p2b: Iron Hands|Quark Drive|[silent]\n|\n|upkeep\n|\n|t:|1698954114\n|switch|p2b: Roaring Moon|Roaring Moon|79\/100\n|turn|9\n|\n|t:|1698954125\n|move|p2b: Roaring Moon|Knock Off|p1b: Volcanion\n|-damage|p1b: Volcanion|65\/100\n|-enditem|p1b: Volcanion|Assault Vest|[from] move: Knock Off|[of] p2b: Roaring Moon\n|move|p2a: Gholdengo|Shadow Ball|p1b: Volcanion\n|-damage|p1b: Volcanion|0 fnt\n|faint|p1b: Volcanion\n|move|p1a: Diancie|Trick Room|p1a: Diancie\n|-fieldstart|move: Trick Room|[of] p1a: Diancie\n|\n|upkeep\n|\n|t:|1698954133\n|switch|p1b: Iron Hands|Iron Hands|35\/100\n|turn|10\n|j|+Arcticblast\n|\n|t:|1698954155\n|move|p1b: Iron Hands|Drain Punch|p2b: Roaring Moon\n|-supereffective|p2b: Roaring Moon\n|-damage|p2b: Roaring Moon|0 fnt\n|-heal|p1b: Iron Hands|66\/100|[from] drain|[of] p2b: Roaring Moon\n|faint|p2b: Roaring Moon\n|-end|p2b: Roaring Moon|Protosynthesis|[silent]\n|move|p1a: Diancie|Diamond Storm|p2a: Gholdengo\n|-resisted|p2a: Gholdengo\n|-damage|p2a: Gholdengo|81\/100\n|-boost|p1a: Diancie|def|2\n|move|p2a: Gholdengo|Make It Rain|p1b: Iron Hands|[spread] p1a,p1b\n|-supereffective|p1a: Diancie\n|-resisted|p1b: Iron Hands\n|-damage|p1a: Diancie|0 fnt\n|-damage|p1b: Iron Hands|43\/100\n|-unboost|p2a: Gholdengo|spa|1\n|faint|p1a: Diancie\n|\n|-heal|p2a: Gholdengo|87\/100|[from] item: Leftovers\n|upkeep\n|\n|t:|1698954163\n|switch|p2b: Landorus|Landorus-Therian, M|88\/100\n|-ability|p2b: Landorus|Intimidate|boost\n|-unboost|p1b: Iron Hands|atk|1\n|turn|11\n|c|\u2606RDL93|gg\n|l| Lemurro\n|l| umbry \u273f\n|\n|t:|1698954180\n|move|p2a: Gholdengo|Protect|p2a: Gholdengo\n|-singleturn|p2a: Gholdengo|Protect\n|move|p1b: Iron Hands|Wild Charge|p2a: Gholdengo\n|-activate|p2a: Gholdengo|move: Protect\n|move|p2b: Landorus|Sandsear Storm|p1b: Iron Hands\n|-supereffective|p1b: Iron Hands\n|-damage|p1b: Iron Hands|1\/100\n|-status|p1b: Iron Hands|brn\n|\n|-heal|p2a: Gholdengo|94\/100|[from] item: Leftovers\n|-damage|p1b: Iron Hands|0 fnt|[from] brn\n|faint|p1b: Iron Hands\n|-end|p1b: Iron Hands|Quark Drive|[silent]\n|\n|win|MADARAAAA\n|upkeep\n|c|\u2606MADARAAAA|gg\n|l| ina fable.\n|l| blfitcrofter\n|l| Charmdi\n|l| VGCLTE ITZY\n|j| GuitarheroVGC\n|l| ratpacker\n|l|+Arcticblast\n|l| GuitarheroVGC\n|l|\u2606RDL93\n|j| Entrocefalo\n|j| Hats\n|l| Entrocefalo\n|l| Amaranth\n|l| seroo\n|l| Hats\n|l| theyummybagel\n|l| QQuemQuem\n|l| Meminger21\n|j| ina fable.\n|j| Jello1231\n|l| Jello1231\n|l| Iceberg77\n|l| F3rrari450\n|l| Heerv\n|l| Shiritu\n|j| R4ye\n|l| R4ye\n|j| F3rrari450\n|j| Charmdi\n|j| Smudge\n|l| Smudge\n|j| Shiritu\n|j|\u2606RDL93\n|player|p1|RDL93|pokefan-gen4\n","uploadtime":1698954195,"views":234,"p1id":"rdl93","p2id":"madaraaaa","formatid":"gen9doublesou","rating":0,"private":0,"password":""}