{"id":"gen9doublesou-1990555374","p1":"Taygonspazz","p2":"Mtmc","format":"[Gen 9] Doubles OU","log":"|j|\u2606Taygonspazz\n|j|\u2606Mtmc\n|t:|1699981076\n|gametype|doubles\n|player|p1|Taygonspazz|steven|1000\n|player|p2|Mtmc|170|1032\n|teamsize|p1|6\n|teamsize|p2|6\n|gen|9\n|tier|[Gen 9] Doubles OU\n|rated|\n|rule|Species Clause: Limit one of each Pok\u00e9mon\n|rule|OHKO Clause: OHKO moves are banned\n|rule|Evasion Moves Clause: Evasion moves are banned\n|rule|Gravity Sleep Clause: The combination of sleep-inducing moves with imperfect accuracy and Gravity or Gigantamax Orbeetle are banned\n|rule|Endless Battle Clause: Forcing endless battles is banned\n|rule|HP Percentage Mod: HP is shown in percentages\n|clearpoke\n|poke|p1|Torkoal, M|\n|poke|p1|Great Tusk|\n|poke|p1|Flutter Mane|\n|poke|p1|Regieleki|\n|poke|p1|Garchomp, F|\n|poke|p1|Iron Moth|\n|poke|p2|Landorus-Therian, M|\n|poke|p2|Cresselia, F|\n|poke|p2|Palafin, F|\n|poke|p2|Tornadus, M|\n|poke|p2|Arcanine-Hisui, F|\n|poke|p2|Flutter Mane|\n|teampreview\n|inactive|Battle timer is ON: inactive players will automatically lose when time's up. (requested by Mtmc)\n|\n|t:|1699981099\n|start\n|switch|p1a: Torkoal|Torkoal, M|100\/100\n|switch|p1b: Great Tusk|Great Tusk|100\/100\n|switch|p2a: Tornadus|Tornadus, M|100\/100\n|switch|p2b: Arcanine|Arcanine-Hisui, F|100\/100\n|turn|1\n|\n|t:|1699981111\n|move|p2a: Tornadus|Taunt|p1b: Great Tusk\n|-start|p1b: Great Tusk|move: Taunt\n|move|p2b: Arcanine|Head Smash|p1a: Torkoal\n|-supereffective|p1a: Torkoal\n|-damage|p1a: Torkoal|20\/100\n|move|p1b: Great Tusk|Ice Spinner|p2a: Tornadus\n|-supereffective|p2a: Tornadus\n|-damage|p2a: Tornadus|20\/100\n|move|p1a: Torkoal|Stealth Rock|p2b: Arcanine\n|-sidestart|p2: Mtmc|move: Stealth Rock\n|\n|upkeep\n|turn|2\n|inactive|Taygonspazz has 120 seconds left.\n|\n|t:|1699981168\n|switch|p2b: Palafin|Palafin, F|100\/100\n|-damage|p2b: Palafin|88\/100|[from] Stealth Rock\n|move|p2a: Tornadus|Tailwind|p2a: Tornadus\n|-sidestart|p2: Mtmc|move: Tailwind\n|move|p1b: Great Tusk|Rapid Spin|p2a: Tornadus\n|-damage|p2a: Tornadus|0 fnt\n|-boost|p1b: Great Tusk|spe|1\n|faint|p2a: Tornadus\n|move|p1a: Torkoal|Earthquake|p2b: Palafin|[spread] p1b,p2b\n|-damage|p1b: Great Tusk|90\/100\n|-damage|p2b: Palafin|70\/100\n|\n|-heal|p2b: Palafin|76\/100|[from] item: Leftovers\n|upkeep\n|\n|t:|1699981180\n|switch|p2a: Landorus|Landorus-Therian, M|100\/100\n|-damage|p2a: Landorus|88\/100|[from] Stealth Rock\n|-ability|p2a: Landorus|Intimidate|boost\n|-fail|p1a: Torkoal|unboost|[from] ability: White Smoke|[of] p1a: Torkoal\n|-unboost|p1b: Great Tusk|atk|1\n|turn|3\n|inactive|Taygonspazz has 120 seconds left.\n|\n|t:|1699981210\n|detailschange|p2b: Palafin|Palafin-Hero, F\n|switch|p2b: Cresselia|Cresselia, F|100\/100\n|-damage|p2b: Cresselia|88\/100|[from] Stealth Rock\n|switch|p1a: Garchomp|Garchomp, F|100\/100\n|move|p2a: Landorus|Bulldoze|p1b: Great Tusk|[spread] p1a,p1b\n|-immune|p2b: Cresselia|[from] ability: Levitate\n|-damage|p1a: Garchomp|70\/100\n|-damage|p1b: Great Tusk|64\/100\n|-unboost|p1a: Garchomp|spe|1\n|-unboost|p1b: Great Tusk|spe|1\n|-damage|p2a: Landorus|79\/100|[from] item: Life Orb\n|move|p1b: Great Tusk|Ice Spinner|p2a: Landorus\n|-supereffective|p2a: Landorus\n|-damage|p2a: Landorus|2\/100\n|\n|-end|p1b: Great Tusk|move: Taunt\n|upkeep\n|turn|4\n|inactive|Taygonspazz has 120 seconds left.\n|inactive|Mtmc has 120 seconds left.\n|inactive|Taygonspazz has 90 seconds left.\n|\n|t:|1699981260\n|move|p2a: Landorus|Bulldoze|p1a: Garchomp|[spread] p1a,p1b\n|-immune|p2b: Cresselia|[from] ability: Levitate\n|-damage|p1a: Garchomp|34\/100\n|-damage|p1b: Great Tusk|42\/100\n|-unboost|p1a: Garchomp|spe|1\n|-unboost|p1b: Great Tusk|spe|1\n|-damage|p2a: Landorus|0 fnt|[from] item: Life Orb\n|faint|p2a: Landorus\n|move|p2b: Cresselia|Dazzling Gleam|p1b: Great Tusk|[spread] p1a,p1b\n|-supereffective|p1a: Garchomp\n|-supereffective|p1b: Great Tusk\n|-crit|p1b: Great Tusk\n|-damage|p1a: Garchomp|8\/100\n|-damage|p1b: Great Tusk|21\/100\n|move|p1b: Great Tusk|Ice Spinner|p2b: Cresselia\n|-damage|p2b: Cresselia|78\/100\n|move|p1a: Garchomp|Dragon Claw|p2b: Cresselia\n|-damage|p2b: Cresselia|41\/100\n|-damage|p1a: Garchomp|0 fnt|[from] item: Life Orb\n|faint|p1a: Garchomp\n|\n|upkeep\n|inactive|Taygonspazz has 90 seconds left.\n|\n|t:|1699981280\n|switch|p1a: Torkoal|Torkoal, M|20\/100\n|switch|p2a: Palafin|Palafin-Hero, F|76\/100\n|-damage|p2a: Palafin|64\/100|[from] Stealth Rock\n|-activate|p2a: Palafin|ability: Zero to Hero\n|turn|5\n|inactive|Taygonspazz has 90 seconds left.\n|\n|t:|1699981320\n|move|p2a: Palafin|Jet Punch|p1a: Torkoal\n|-supereffective|p1a: Torkoal\n|-damage|p1a: Torkoal|0 fnt\n|faint|p1a: Torkoal\n|move|p2b: Cresselia|Lunar Blessing|p2b: Cresselia|[spread] p2a,p2b\n|-heal|p2a: Palafin|89\/100\n|-heal|p2b: Cresselia|66\/100\n|move|p1b: Great Tusk|Headlong Rush|p2a: Palafin\n|-damage|p2a: Palafin|55\/100\n|-unboost|p1b: Great Tusk|def|1\n|-unboost|p1b: Great Tusk|spd|1\n|\n|-heal|p2a: Palafin|61\/100|[from] item: Leftovers\n|-sideend|p2: Mtmc|move: Tailwind\n|upkeep\n|\n|t:|1699981333\n|switch|p1a: Regieleki|Regieleki|100\/100\n|turn|6\n|inactive|Taygonspazz has 60 seconds left.\n|inactive|Taygonspazz has 30 seconds left.\n|inactive|Taygonspazz has 20 seconds left.\n|inactive|Taygonspazz has 15 seconds left.\n|inactive|Taygonspazz has 10 seconds left.\n|\n|t:|1699981414\n|move|p2a: Palafin|Jet Punch|p1a: Regieleki\n|-damage|p1a: Regieleki|39\/100\n|move|p1a: Regieleki|Thunderbolt|p2b: Cresselia\n|-damage|p2b: Cresselia|39\/100\n|move|p1b: Great Tusk|Close Combat|p2b: Cresselia\n|-resisted|p2b: Cresselia\n|-damage|p2b: Cresselia|27\/100\n|-unboost|p1b: Great Tusk|def|1\n|-unboost|p1b: Great Tusk|spd|1\n|move|p2b: Cresselia|Dazzling Gleam|p1a: Regieleki|[spread] p1a,p1b\n|-supereffective|p1b: Great Tusk\n|-damage|p1a: Regieleki|17\/100\n|-damage|p1b: Great Tusk|0 fnt\n|faint|p1b: Great Tusk\n|-end|p1b: Great Tusk|Protosynthesis|[silent]\n|\n|-heal|p2a: Palafin|67\/100|[from] item: Leftovers\n|upkeep\n|inactive|Taygonspazz has 15 seconds left this turn.\n|inactive|Taygonspazz has 10 seconds left.\n|inactive|Taygonspazz has 5 seconds left.\n|\n|t:|1699981425\n|switch|p1b: Iron Moth|Iron Moth|100\/100\n|turn|7\n|inactive|Taygonspazz has 30 seconds left this turn.\n|inactive|Taygonspazz has 20 seconds left.\n|inactive|Taygonspazz has 15 seconds left.\n|\n|t:|1699981444\n|move|p2a: Palafin|Jet Punch|p1b: Iron Moth\n|-supereffective|p1b: Iron Moth\n|-damage|p1b: Iron Moth|0 fnt\n|faint|p1b: Iron Moth\n|-end|p1b: Iron Moth|Quark Drive|[silent]\n|move|p1a: Regieleki|Thunderbolt|p2b: Cresselia\n|-damage|p2b: Cresselia|0 fnt\n|faint|p2b: Cresselia\n|\n|-heal|p2a: Palafin|73\/100|[from] item: Leftovers\n|upkeep\n|\n|t:|1699981452\n|switch|p1b: Flutter Mane|Flutter Mane|100\/100\n|switch|p2b: Arcanine|Arcanine-Hisui, F|100\/100\n|-damage|p2b: Arcanine|76\/100|[from] Stealth Rock\n|turn|8\n|\n|t:|1699981470\n|-terastallize|p1b: Flutter Mane|Fairy\n|move|p2a: Palafin|Jet Punch|p1a: Regieleki\n|-damage|p1a: Regieleki|0 fnt\n|faint|p1a: Regieleki\n|move|p1b: Flutter Mane|Moonblast|p2b: Arcanine\n|-resisted|p2b: Arcanine\n|-damage|p2b: Arcanine|42\/100\n|-damage|p1b: Flutter Mane|91\/100|[from] item: Life Orb\n|move|p2b: Arcanine|Head Smash|p1b: Flutter Mane|[miss]\n|-miss|p2b: Arcanine|p1b: Flutter Mane\n|\n|-heal|p2a: Palafin|79\/100|[from] item: Leftovers\n|upkeep\n|turn|9\n|inactive|Taygonspazz has 60 seconds left.\n|\n|t:|1699981507\n|move|p2a: Palafin|Jet Punch|p1b: Flutter Mane\n|-damage|p1b: Flutter Mane|15\/100\n|move|p1b: Flutter Mane|Moonblast|p2a: Palafin\n|-damage|p2a: Palafin|15\/100\n|-unboost|p2a: Palafin|spa|1\n|-damage|p1b: Flutter Mane|5\/100|[from] item: Life Orb\n|move|p2b: Arcanine|Head Smash|p1b: Flutter Mane\n|-crit|p1b: Flutter Mane\n|-damage|p1b: Flutter Mane|0 fnt\n|faint|p1b: Flutter Mane\n|-end|p1b: Flutter Mane|Protosynthesis|[silent]\n|\n|win|Mtmc\n|raw|Taygonspazz's rating: 1000 &rarr; <strong>1000<\/strong><br \/>(+0 for losing)\n|raw|Mtmc's rating: 1069 &rarr; <strong>1093<\/strong><br \/>(+24 for winning)\n|l|\u2606Taygonspazz\n","uploadtime":1699981519,"views":6,"p1id":"taygonspazz","p2id":"mtmc","formatid":"gen9doublesou","rating":1000,"private":0,"password":""}