{"id":"gen9doublesou-1992006143","p1":"DreamyFleur","p2":"DumDieCutie","format":"[Gen 9] Doubles OU","log":"|j|\u2606DreamyFleur\n|j|\u2606DumDieCutie\n|inactive|Battle timer is ON: inactive players will automatically lose when time's up.\n|t:|1700147099\n|gametype|doubles\n|player|p1|DreamyFleur|tulip|\n|player|p2|DumDieCutie|mira|\n|teamsize|p1|6\n|teamsize|p2|6\n|gen|9\n|tier|[Gen 9] Doubles OU\n|rated|Tournament battle\n|rule|Species Clause: Limit one of each Pok\u00e9mon\n|rule|OHKO Clause: OHKO moves are banned\n|rule|Evasion Moves Clause: Evasion moves are banned\n|rule|Gravity Sleep Clause: The combination of sleep-inducing moves with imperfect accuracy and Gravity or Gigantamax Orbeetle are banned\n|rule|Endless Battle Clause: Forcing endless battles is banned\n|rule|HP Percentage Mod: HP is shown in percentages\n|clearpoke\n|poke|p1|Sandshrew-Alola, M|\n|poke|p1|Meowth-Galar, M|\n|poke|p1|Nymble, M|\n|poke|p1|Tarountula, M|\n|poke|p1|Mudbray, F|\n|poke|p1|Sandygast, M|\n|poke|p2|Makuhita, F|\n|poke|p2|Venonat, F|\n|poke|p2|Wingull, M|\n|poke|p2|Shellos, M|\n|poke|p2|Sandile, F|\n|poke|p2|Milotic, F|\n|teampreview\n|j|*Lady Monita \u2746\n|inactive|DreamyFleur also wants the timer to be on.\n|\n|t:|1700147126\n|start\n|switch|p1a: Tarountula|Tarountula, M, shiny|100\/100\n|switch|p1b: Nymble|Nymble, M, shiny|100\/100\n|switch|p2a: Sandile|Sandile, F|100\/100\n|switch|p2b: Wingull|Wingull, M|100\/100\n|-ability|p2a: Sandile|Intimidate|boost\n|-unboost|p1a: Tarountula|atk|1\n|-unboost|p1b: Nymble|atk|1\n|turn|1\n|\n|t:|1700147136\n|move|p1b: Nymble|First Impression|p2a: Sandile\n|-supereffective|p2a: Sandile\n|-damage|p2a: Sandile|37\/100\n|move|p1a: Tarountula|First Impression|p2a: Sandile\n|-supereffective|p2a: Sandile\n|-damage|p2a: Sandile|0 fnt\n|faint|p2a: Sandile\n|move|p2b: Wingull|Tailwind|p2b: Wingull\n|-sidestart|p2: DumDieCutie|move: Tailwind\n|\n|upkeep\n|c|\u2606DumDieCutie|:(\n|c|\u2606DreamyFleur|im sorry\n|\n|t:|1700147151\n|switch|p2a: Shellos|Shellos, M|100\/100\n|turn|2\n|c|\u2606DreamyFleur|the bug struggle is real\n|c|\u2606DumDieCutie|valid - xd\n|\n|t:|1700147164\n|move|p2b: Wingull|Rain Dance|p2b: Wingull\n|-weather|RainDance\n|move|p2a: Shellos|Stealth Rock|p1a: Tarountula\n|-sidestart|p1: DreamyFleur|move: Stealth Rock\n|move|p1b: Nymble|Screech|p2a: Shellos|[miss]\n|-miss|p1b: Nymble|p2a: Shellos\n|move|p1a: Tarountula|Sticky Web|p2a: Shellos\n|-sidestart|p2: DumDieCutie|move: Sticky Web\n|\n|-weather|RainDance|[upkeep]\n|upkeep\n|turn|3\n|\n|t:|1700147177\n|move|p1b: Nymble|Sucker Punch|p2b: Wingull\n|-damage|p2b: Wingull|76\/100\n|move|p2b: Wingull|Hurricane|p1b: Nymble\n|-supereffective|p1b: Nymble\n|-damage|p1b: Nymble|0 fnt\n|faint|p1b: Nymble\n|move|p2a: Shellos|Muddy Water|p1a: Tarountula\n|-damage|p1a: Tarountula|49\/100\n|-unboost|p1a: Tarountula|accuracy|1\n|move|p1a: Tarountula|Toxic Spikes|p2b: Wingull\n|-sidestart|p2: DumDieCutie|move: Toxic Spikes\n|\n|-weather|RainDance|[upkeep]\n|upkeep\n|\n|t:|1700147183\n|switch|p1b: Sandygast|Sandygast, M, shiny|100\/100\n|-damage|p1b: Sandygast|94\/100|[from] Stealth Rock\n|turn|4\n|\n|t:|1700147192\n|move|p2b: Wingull|Hurricane|p1b: Sandygast\n|-damage|p1b: Sandygast|50\/100\n|move|p2a: Shellos|Muddy Water|p1b: Sandygast|[spread] p1b\n|-miss|p2a: Shellos|p1a: Tarountula\n|-supereffective|p1b: Sandygast\n|-damage|p1b: Sandygast|0 fnt\n|faint|p1b: Sandygast\n|move|p1a: Tarountula|Toxic Spikes|p2a: Shellos\n|-sidestart|p2: DumDieCutie|move: Toxic Spikes\n|\n|-weather|RainDance|[upkeep]\n|-sideend|p2: DumDieCutie|move: Tailwind\n|upkeep\n|j| Blonking\n|j| Whammerist\n|\n|t:|1700147203\n|switch|p1b: Sandshrew|Sandshrew-Alola, M, shiny|100\/100\n|-damage|p1b: Sandshrew|88\/100|[from] Stealth Rock\n|turn|5\n|\n|t:|1700147221\n|move|p2b: Wingull|Tailwind|p2b: Wingull\n|-sidestart|p2: DumDieCutie|move: Tailwind\n|move|p2a: Shellos|Yawn|p1b: Sandshrew\n|-start|p1b: Sandshrew|move: Yawn|[of] p2a: Shellos\n|move|p1b: Sandshrew|Rock Slide|p2b: Wingull|[spread] p2a,p2b\n|-supereffective|p2b: Wingull\n|-damage|p2a: Shellos|84\/100\n|-damage|p2b: Wingull|4\/100\n|move|p1a: Tarountula|Lunge|p2a: Shellos|[miss]\n|-miss|p1a: Tarountula|p2a: Shellos\n|\n|-weather|RainDance|[upkeep]\n|upkeep\n|turn|6\n|j| Calamarimar\n|\n|t:|1700147238\n|switch|p1b: Mudbray|Mudbray, F, shiny|100\/100\n|-damage|p1b: Mudbray|94\/100|[from] Stealth Rock\n|move|p2b: Wingull|Hydro Pump|p2a: Shellos\n|-activate|p2a: Shellos|ability: Storm Drain\n|-ability|p2a: Shellos|Storm Drain|boost\n|-boost|p2a: Shellos|spa|1\n|move|p2a: Shellos|Muddy Water|p1a: Tarountula|[spread] p1a,p1b\n|-supereffective|p1b: Mudbray\n|-crit|p1b: Mudbray\n|-damage|p1a: Tarountula|0 fnt\n|-damage|p1b: Mudbray|0 fnt\n|faint|p1a: Tarountula\n|faint|p1b: Mudbray\n|\n|-weather|none\n|upkeep\n|\n|t:|1700147241\n|switch|p1b: Sandshrew|Sandshrew-Alola, M, shiny|88\/100\n|switch|p1a: Meowth|Meowth-Galar, M, shiny|100\/100\n|-damage|p1a: Meowth|95\/100|[from] Stealth Rock\n|-damage|p1b: Sandshrew|76\/100|[from] Stealth Rock\n|turn|7\n|c|\u2606DreamyFleur|ggs\n|c|\u2606DumDieCutie|...that was totally planned and not me forgetting storm drain-\n|c|\u2606DumDieCutie|gg!\n|c|\u2606DreamyFleur|xD\n|\n|t:|1700147263\n|-terastallize|p1b: Sandshrew|Ghost\n|move|p1a: Meowth|Fake Out|p2b: Wingull\n|-damage|p2b: Wingull|0 fnt\n|faint|p2b: Wingull\n|move|p2a: Shellos|Yawn|p1a: Meowth\n|-start|p1a: Meowth|move: Yawn|[of] p2a: Shellos\n|move|p1b: Sandshrew|Ice Spinner|p2a: Shellos\n|-resisted|p2a: Shellos\n|-damage|p2a: Shellos|65\/100\n|\n|upkeep\n|j| dubhedubhe\n|\n|t:|1700147276\n|switch|p2b: Milotic|Milotic, F|100\/100\n|-activate|p2b: Milotic|move: Sticky Web\n|-unboost|p2b: Milotic|spe|1\n|-ability|p2b: Milotic|Competitive|boost\n|-boost|p2b: Milotic|spa|2\n|-status|p2b: Milotic|tox\n|turn|8\n|\n|t:|1700147289\n|move|p2b: Milotic|Scald|p2a: Shellos\n|-activate|p2a: Shellos|ability: Storm Drain\n|-ability|p2a: Shellos|Storm Drain|boost\n|-boost|p2a: Shellos|spa|1\n|move|p2a: Shellos|Muddy Water|p1a: Meowth|[spread] p1a,p1b\n|-damage|p1a: Meowth|50\/100\n|-damage|p1b: Sandshrew|29\/100\n|-unboost|p1b: Sandshrew|accuracy|1\n|move|p1a: Meowth|Seed Bomb|p2b: Milotic\n|-supereffective|p2b: Milotic\n|-damage|p2b: Milotic|75\/100 tox\n|move|p1b: Sandshrew|Iron Head|p2a: Shellos\n|-resisted|p2a: Shellos\n|-damage|p2a: Shellos|47\/100\n|\n|-heal|p2b: Milotic|81\/100 tox|[from] item: Leftovers\n|-damage|p2b: Milotic|75\/100 tox|[from] psn\n|-end|p1a: Meowth|move: Yawn|[silent]\n|-status|p1a: Meowth|slp\n|-sideend|p2: DumDieCutie|move: Tailwind\n|upkeep\n|turn|9\n|c|\u2606DumDieCutie|(This time it was planned-)\n|c|\u2606DreamyFleur|good job :3\n|c|\u2606DreamyFleur|ggs!\n|l| Calamarimar\n|\n|t:|1700147315\n|-terastallize|p2b: Milotic|Fighting\n|move|p2b: Milotic|Tera Blast|p1a: Meowth|[anim] Tera Blast Fighting\n|-supereffective|p1a: Meowth\n|-damage|p1a: Meowth|0 fnt\n|faint|p1a: Meowth\n|move|p1b: Sandshrew|Ice Spinner|p2a: Shellos|[miss]\n|-miss|p1b: Sandshrew|p2a: Shellos\n|move|p2a: Shellos|Muddy Water|p1b: Sandshrew|[miss]\n|-miss|p2a: Shellos|p1b: Sandshrew\n|\n|-heal|p2b: Milotic|81\/100 tox|[from] item: Leftovers\n|-damage|p2b: Milotic|69\/100 tox|[from] psn\n|upkeep\n|turn|10\n|c|\u2606DumDieCutie|gg wp!!\n|c|\u2606DumDieCutie|Really hard with the bugs :'D\n|c|\u2606DreamyFleur|yeah its unfortunate\n|\n|t:|1700147330\n|move|p2b: Milotic|Scald|p2a: Shellos\n|-activate|p2a: Shellos|ability: Storm Drain\n|-ability|p2a: Shellos|Storm Drain|boost\n|-boost|p2a: Shellos|spa|1\n|move|p1b: Sandshrew|Knock Off|p2a: Shellos\n|-damage|p2a: Shellos|15\/100\n|-enditem|p2a: Shellos|Eviolite|[from] move: Knock Off|[of] p1b: Sandshrew\n|move|p2a: Shellos|Muddy Water|p1b: Sandshrew\n|-damage|p1b: Sandshrew|0 fnt\n|faint|p1b: Sandshrew\n|\n|win|DumDieCutie\n|n|\u2606DreamyFleur|dreamyfleur\n|n|\u2606DumDieCutie|dumdiecutie\n|n|*Lady Monita \u2746|ladymonita\n|n| Blonking|blonking\n|n| Whammerist|whammerist\n|n| dubhedubhe|dubhedubhe\n","uploadtime":1700147331,"views":10,"p1id":"dreamyfleur","p2id":"dumdiecutie","formatid":"gen9doublesou","rating":0,"private":0,"password":""}