{"id":"gen9doublesou-1995712269","p1":"Fabryez","p2":"Reddypuller","format":"[Gen 9] Doubles OU","log":"|j|\u2606Fabryez\n|j|\u2606Reddypuller\n|t:|1700596177\n|gametype|doubles\n|player|p1|Fabryez|169|1011\n|player|p2|Reddypuller|265|1077\n|teamsize|p1|6\n|teamsize|p2|6\n|gen|9\n|tier|[Gen 9] Doubles OU\n|rated|\n|rule|Species Clause: Limit one of each Pok\u00e9mon\n|rule|OHKO Clause: OHKO moves are banned\n|rule|Evasion Moves Clause: Evasion moves are banned\n|rule|Gravity Sleep Clause: The combination of sleep-inducing moves with imperfect accuracy and Gravity or Gigantamax Orbeetle are banned\n|rule|Endless Battle Clause: Forcing endless battles is banned\n|rule|HP Percentage Mod: HP is shown in percentages\n|clearpoke\n|poke|p1|Amoonguss, M|\n|poke|p1|Regieleki|\n|poke|p1|Pelipper, F|\n|poke|p1|Manaphy|\n|poke|p1|Slowbro-Galar, M|\n|poke|p1|Espathra, F|\n|poke|p2|Grimmsnarl, M|\n|poke|p2|Goodra-Hisui, F|\n|poke|p2|Palafin, M|\n|poke|p2|Overqwil, F|\n|poke|p2|Brute Bonnet|\n|poke|p2|Flamigo, F|\n|teampreview\n|inactive|Battle timer is ON: inactive players will automatically lose when time's up. (requested by Reddypuller)\n|\n|t:|1700596186\n|start\n|switch|p1a: Espathra|Espathra, F, shiny|100\/100\n|switch|p1b: Slowbro|Slowbro-Galar, M|100\/100\n|switch|p2a: Brute Bonnet|Brute Bonnet|100\/100\n|switch|p2b: Palafin|Palafin, M|100\/100\n|-enditem|p2a: Brute Bonnet|Booster Energy\n|-activate|p2a: Brute Bonnet|ability: Protosynthesis|[fromitem]\n|-start|p2a: Brute Bonnet|protosynthesisspd\n|turn|1\n|\n|t:|1700596207\n|move|p2b: Palafin|Tickle|p1a: Espathra\n|-unboost|p1a: Espathra|atk|1\n|-unboost|p1a: Espathra|def|1\n|move|p1a: Espathra|Calm Mind|p1a: Espathra\n|-boost|p1a: Espathra|spa|1\n|-boost|p1a: Espathra|spd|1\n|move|p2a: Brute Bonnet|Spore|p1b: Slowbro\n|-status|p1b: Slowbro|slp|[from] move: Spore\n|cant|p1b: Slowbro|slp\n|\n|-ability|p1a: Espathra|Speed Boost|boost\n|-boost|p1a: Espathra|spe|1\n|upkeep\n|turn|2\n|\n|t:|1700596234\n|switch|p1b: Regieleki|Regieleki|100\/100\n|move|p1a: Espathra|Dazzling Gleam|p2a: Brute Bonnet|[spread] p2a,p2b\n|-supereffective|p2a: Brute Bonnet\n|-damage|p2a: Brute Bonnet|69\/100\n|-damage|p2b: Palafin|61\/100\n|move|p2b: Palafin|Tickle|p1b: Regieleki\n|-unboost|p1b: Regieleki|atk|1\n|-unboost|p1b: Regieleki|def|1\n|move|p2a: Brute Bonnet|Spore|p1a: Espathra\n|-status|p1a: Espathra|slp|[from] move: Spore\n|\n|-ability|p1a: Espathra|Speed Boost|boost\n|-boost|p1a: Espathra|spe|1\n|upkeep\n|turn|3\n|\n|t:|1700596264\n|-terastallize|p1b: Regieleki|Electric\n|cant|p1a: Espathra|slp\n|move|p1b: Regieleki|Volt Switch|p2b: Palafin\n|-supereffective|p2b: Palafin\n|-damage|p2b: Palafin|0 fnt\n|faint|p2b: Palafin\n|\n|t:|1700596271\n|switch|p1b: Amoonguss|Amoonguss, M, shiny|100\/100|[from] Volt Switch\n|move|p2a: Brute Bonnet|Spore|p1b: Amoonguss\n|-immune|p1b: Amoonguss\n|\n|-ability|p1a: Espathra|Speed Boost|boost\n|-boost|p1a: Espathra|spe|1\n|upkeep\n|\n|t:|1700596286\n|switch|p2b: Goodra|Goodra-Hisui, F|100\/100\n|turn|4\n|\n|t:|1700596294\n|cant|p1a: Espathra|slp\n|move|p2b: Goodra|Acid Armor|p2b: Goodra\n|-boost|p2b: Goodra|def|2\n|move|p2a: Brute Bonnet|Crunch|p1a: Espathra\n|-supereffective|p1a: Espathra\n|-enditem|p1a: Espathra|Focus Sash\n|-damage|p1a: Espathra|1\/100 slp\n|move|p1b: Amoonguss|Pollen Puff|p1a: Espathra\n|-heal|p1a: Espathra|51\/100 slp\n|\n|-ability|p1a: Espathra|Speed Boost|boost\n|-boost|p1a: Espathra|spe|1\n|upkeep\n|turn|5\n|\n|t:|1700596314\n|switch|p1a: Regieleki|Regieleki, tera:Electric|100\/100\n|move|p2b: Goodra|Acid Armor|p2b: Goodra\n|-boost|p2b: Goodra|def|2\n|move|p2a: Brute Bonnet|Crunch|p1a: Regieleki\n|-damage|p1a: Regieleki|38\/100\n|-unboost|p1a: Regieleki|def|1\n|move|p1b: Amoonguss|Spore|p2b: Goodra\n|-status|p2b: Goodra|slp|[from] move: Spore\n|\n|upkeep\n|turn|6\n|\n|t:|1700596336\n|move|p2a: Brute Bonnet|Rage Powder|p2a: Brute Bonnet\n|-singleturn|p2a: Brute Bonnet|move: Rage Powder\n|move|p1a: Regieleki|Volt Switch|p2a: Brute Bonnet\n|-resisted|p2a: Brute Bonnet\n|-damage|p2a: Brute Bonnet|48\/100\n|\n|t:|1700596341\n|switch|p1a: Espathra|Espathra, F, shiny|51\/100 slp|[from] Volt Switch\n|cant|p2b: Goodra|slp\n|move|p1b: Amoonguss|Pollen Puff|p1a: Espathra\n|-heal|p1a: Espathra|100\/100 slp\n|\n|upkeep\n|turn|7\n|\n|t:|1700596357\n|-curestatus|p1a: Espathra|slp|[msg]\n|move|p1a: Espathra|Dazzling Gleam|p2a: Brute Bonnet|[spread] p2a,p2b\n|-supereffective|p2a: Brute Bonnet\n|-damage|p2a: Brute Bonnet|29\/100\n|-damage|p2b: Goodra|86\/100 slp\n|cant|p2b: Goodra|slp\n|move|p2a: Brute Bonnet|Crunch|p1a: Espathra\n|-supereffective|p1a: Espathra\n|-damage|p1a: Espathra|14\/100\n|move|p1b: Amoonguss|Pollen Puff|p1a: Espathra\n|-heal|p1a: Espathra|64\/100\n|\n|-ability|p1a: Espathra|Speed Boost|boost\n|-boost|p1a: Espathra|spe|1\n|upkeep\n|turn|8\n|\n|t:|1700596383\n|move|p1a: Espathra|Calm Mind|p1a: Espathra\n|-boost|p1a: Espathra|spa|1\n|-boost|p1a: Espathra|spd|1\n|cant|p2b: Goodra|slp\n|move|p2a: Brute Bonnet|Crunch|p1a: Espathra\n|-supereffective|p1a: Espathra\n|-damage|p1a: Espathra|0 fnt\n|faint|p1a: Espathra\n|move|p1b: Amoonguss|Pollen Puff|p1: Espathra|[notarget]\n|-fail|p1b: Amoonguss\n|\n|upkeep\n|inactive|Fabryez has 120 seconds left.\n|\n|t:|1700596395\n|switch|p1a: Regieleki|Regieleki, tera:Electric|38\/100\n|turn|9\n|\n|t:|1700596403\n|move|p2a: Brute Bonnet|Rage Powder|p2a: Brute Bonnet\n|-singleturn|p2a: Brute Bonnet|move: Rage Powder\n|move|p1a: Regieleki|Volt Switch|p2a: Brute Bonnet\n|-resisted|p2a: Brute Bonnet\n|-crit|p2a: Brute Bonnet\n|-damage|p2a: Brute Bonnet|0 fnt\n|faint|p2a: Brute Bonnet\n|-end|p2a: Brute Bonnet|Protosynthesis|[silent]\n|\n|t:|1700596417\n|switch|p1a: Pelipper|Pelipper, F, shiny|100\/100|[from] Volt Switch\n|-weather|RainDance|[from] ability: Drizzle|[of] p1a: Pelipper\n|-curestatus|p2b: Goodra|slp|[msg]\n|move|p2b: Goodra|Acid Armor|p2b: Goodra\n|-boost|p2b: Goodra|def|2\n|move|p1b: Amoonguss|Pollen Puff|p1a: Pelipper\n|-immune|p1a: Pelipper\n|\n|-weather|RainDance|[upkeep]\n|upkeep\n|\n|t:|1700596439\n|switch|p2a: Overqwil|Overqwil, F|100\/100\n|-ability|p2a: Overqwil|Intimidate|boost\n|-unboost|p1a: Pelipper|atk|1\n|-unboost|p1b: Amoonguss|atk|1\n|turn|10\n|\n|t:|1700596446\n|move|p2a: Overqwil|Acupressure|p2b: Goodra\n|-boost|p2b: Goodra|spa|2\n|move|p1a: Pelipper|Tailwind|p1a: Pelipper\n|-sidestart|p1: Fabryez|move: Tailwind\n|move|p1b: Amoonguss|Spore|p2b: Goodra\n|-status|p2b: Goodra|slp|[from] move: Spore\n|cant|p2b: Goodra|slp\n|\n|-weather|RainDance|[upkeep]\n|upkeep\n|turn|11\n|\n|t:|1700596461\n|switch|p1a: Regieleki|Regieleki, tera:Electric|38\/100\n|move|p2a: Overqwil|Acupressure|p2b: Goodra\n|-boost|p2b: Goodra|atk|2\n|move|p1b: Amoonguss|Pollen Puff|p1a: Regieleki\n|-heal|p1a: Regieleki|88\/100\n|cant|p2b: Goodra|slp\n|\n|-weather|RainDance|[upkeep]\n|upkeep\n|turn|12\n|\n|t:|1700596479\n|move|p1a: Regieleki|Thunder|p2b: Goodra\n|-resisted|p2b: Goodra\n|-damage|p2b: Goodra|42\/100 slp\n|move|p2a: Overqwil|Acupressure|p2b: Goodra\n|-boost|p2b: Goodra|accuracy|2\n|move|p1b: Amoonguss|Spore|p2a: Overqwil\n|-status|p2a: Overqwil|slp|[from] move: Spore\n|cant|p2b: Goodra|slp\n|\n|-weather|RainDance|[upkeep]\n|upkeep\n|turn|13\n|\n|t:|1700596494\n|switch|p2a: Flamigo|Flamigo, F|100\/100\n|-copyboost|p2a: Flamigo|p2b: Goodra|[from] ability: Costar\n|move|p1a: Regieleki|Thunder|p2b: Goodra\n|-resisted|p2b: Goodra\n|-damage|p2b: Goodra|0 fnt\n|faint|p2b: Goodra\n|move|p1b: Amoonguss|Pollen Puff|p1a: Regieleki\n|-heal|p1a: Regieleki|100\/100\n|\n|-weather|none\n|-sideend|p1: Fabryez|move: Tailwind\n|upkeep\n|\n|t:|1700596501\n|switch|p2b: Overqwil|Overqwil, F|100\/100 slp\n|-ability|p2b: Overqwil|Intimidate|boost\n|-unboost|p1a: Regieleki|atk|1\n|-unboost|p1b: Amoonguss|atk|1\n|turn|14\n|\n|t:|1700596513\n|switch|p1b: Pelipper|Pelipper, F, shiny|100\/100\n|-weather|RainDance|[from] ability: Drizzle|[of] p1b: Pelipper\n|-terastallize|p2a: Flamigo|Ground\n|move|p1a: Regieleki|Thunder|p2a: Flamigo\n|-immune|p2a: Flamigo\n|move|p2a: Flamigo|Tera Blast|p1a: Regieleki|[anim] Tera Blast Ground\n|-supereffective|p1a: Regieleki\n|-damage|p1a: Regieleki|0 fnt\n|faint|p1a: Regieleki\n|cant|p2b: Overqwil|slp\n|\n|-weather|RainDance|[upkeep]\n|upkeep\n|\n|t:|1700596527\n|switch|p1a: Manaphy|Manaphy, shiny|100\/100\n|turn|15\n|\n|t:|1700596541\n|move|p2a: Flamigo|Fling|p1b: Pelipper\n|-crit|p1b: Pelipper\n|-damage|p1b: Pelipper|74\/100\n|-enditem|p2a: Flamigo|King's Rock|[from] move: Fling\n|move|p1a: Manaphy|Tail Glow|p1a: Manaphy\n|-boost|p1a: Manaphy|spa|3\n|cant|p2b: Overqwil|slp\n|cant|p1b: Pelipper|flinch\n|\n|-weather|RainDance|[upkeep]\n|upkeep\n|turn|16\n|\n|t:|1700596556\n|move|p2a: Flamigo|Acrobatics|p1a: Manaphy\n|-damage|p1a: Manaphy|31\/100\n|move|p1a: Manaphy|Ice Beam|p2a: Flamigo\n|-supereffective|p2a: Flamigo\n|-damage|p2a: Flamigo|0 fnt\n|faint|p2a: Flamigo\n|-heal|p1a: Manaphy|41\/100|[from] item: Shell Bell|[of] p2: Flamigo\n|-curestatus|p2b: Overqwil|slp|[msg]\n|move|p2b: Overqwil|Acupressure|p2: Flamigo|[notarget]\n|-fail|p2b: Overqwil\n|move|p1b: Pelipper|Tailwind|p1b: Pelipper\n|-sidestart|p1: Fabryez|move: Tailwind\n|\n|-weather|RainDance|[upkeep]\n|upkeep\n|\n|t:|1700596562\n|switch|p2a: Grimmsnarl|Grimmsnarl, M|100\/100\n|turn|17\n|\n|t:|1700596579\n|switch|p1b: Amoonguss|Amoonguss, M, shiny|100\/100\n|move|p2a: Grimmsnarl|Thunder Wave|p1a: Manaphy\n|-status|p1a: Manaphy|par\n|move|p1a: Manaphy|Stored Power|p2b: Overqwil\n|-immune|p2b: Overqwil\n|move|p2b: Overqwil|Barb Barrage|p1a: Manaphy\n|-damage|p1a: Manaphy|20\/100 par\n|\n|-weather|RainDance|[upkeep]\n|-activate|p1a: Manaphy|ability: Hydration\n|-curestatus|p1a: Manaphy|par|[msg]\n|upkeep\n|turn|18\n|\n|t:|1700596605\n|move|p2a: Grimmsnarl|Thunder Wave|p1a: Manaphy\n|-status|p1a: Manaphy|par\n|cant|p1a: Manaphy|par\n|move|p2b: Overqwil|Barb Barrage|p1a: Manaphy\n|-damage|p1a: Manaphy|1\/100 par\n|move|p1b: Amoonguss|Pollen Puff|p1a: Manaphy\n|-heal|p1a: Manaphy|51\/100 par\n|\n|-weather|none\n|upkeep\n|turn|19\n|\n|t:|1700596619\n|move|p2a: Grimmsnarl|Parting Shot|p1a: Manaphy\n|-unboost|p1a: Manaphy|atk|1\n|-unboost|p1a: Manaphy|spa|1\n|move|p1a: Manaphy|Ice Beam|p2b: Overqwil\n|-crit|p2b: Overqwil\n|-damage|p2b: Overqwil|28\/100\n|-heal|p1a: Manaphy|58\/100 par|[from] item: Shell Bell|[of] p2b: Overqwil\n|move|p2b: Overqwil|Acupressure|p2a: Grimmsnarl\n|-boost|p2a: Grimmsnarl|def|2\n|move|p1b: Amoonguss|Pollen Puff|p1a: Manaphy\n|-heal|p1a: Manaphy|100\/100 par\n|\n|-heal|p2b: Overqwil|34\/100|[from] item: Black Sludge\n|-sideend|p1: Fabryez|move: Tailwind\n|upkeep\n|turn|20\n|\n|t:|1700596634\n|move|p2b: Overqwil|Protect|p2b: Overqwil\n|-singleturn|p2b: Overqwil|Protect\n|move|p2a: Grimmsnarl|Parting Shot|p1a: Manaphy\n|-unboost|p1a: Manaphy|atk|1\n|-unboost|p1a: Manaphy|spa|1\n|move|p1a: Manaphy|Ice Beam|p2a: Grimmsnarl\n|-damage|p2a: Grimmsnarl|66\/100\n|-enditem|p2a: Grimmsnarl|Red Card|[of] p1a: Manaphy\n|drag|p1a: Slowbro|Slowbro-Galar, M|100\/100 slp\n|move|p1b: Amoonguss|Spore|p2a: Grimmsnarl\n|-status|p2a: Grimmsnarl|slp|[from] move: Spore\n|\n|-heal|p2b: Overqwil|40\/100|[from] item: Black Sludge\n|upkeep\n|turn|21\n|\n|t:|1700596653\n|cant|p2a: Grimmsnarl|slp\n|move|p2b: Overqwil|Acupressure|p2a: Grimmsnarl\n|-boost|p2a: Grimmsnarl|spd|2\n|move|p1b: Amoonguss|Spore|p2b: Overqwil\n|-status|p2b: Overqwil|slp|[from] move: Spore\n|cant|p1a: Slowbro|slp\n|\n|-heal|p2b: Overqwil|46\/100 slp|[from] item: Black Sludge\n|upkeep\n|turn|22\n|\n|t:|1700596672\n|switch|p1a: Pelipper|Pelipper, F, shiny|74\/100\n|-weather|RainDance|[from] ability: Drizzle|[of] p1a: Pelipper\n|cant|p2a: Grimmsnarl|slp\n|cant|p2b: Overqwil|slp\n|move|p1b: Amoonguss|Pollen Puff|p2a: Grimmsnarl\n|-damage|p2a: Grimmsnarl|57\/100 slp\n|\n|-weather|RainDance|[upkeep]\n|-heal|p2b: Overqwil|52\/100 slp|[from] item: Black Sludge\n|upkeep\n|turn|23\n|inactive|Fabryez has 120 seconds left.\n|\n|t:|1700596705\n|cant|p2a: Grimmsnarl|slp\n|cant|p2b: Overqwil|slp\n|move|p1a: Pelipper|Tailwind|p1a: Pelipper\n|-sidestart|p1: Fabryez|move: Tailwind\n|move|p1b: Amoonguss|Pollen Puff|p1a: Pelipper\n|-heal|p1a: Pelipper|100\/100\n|\n|-weather|RainDance|[upkeep]\n|-heal|p2b: Overqwil|58\/100 slp|[from] item: Black Sludge\n|upkeep\n|turn|24\n|\n|t:|1700596729\n|switch|p1a: Manaphy|Manaphy, shiny|100\/100 par\n|-curestatus|p2a: Grimmsnarl|slp|[msg]\n|move|p2a: Grimmsnarl|Nasty Plot|p2a: Grimmsnarl\n|-boost|p2a: Grimmsnarl|spa|2\n|cant|p2b: Overqwil|slp\n|move|p1b: Amoonguss|Spore|p2a: Grimmsnarl\n|-status|p2a: Grimmsnarl|slp|[from] move: Spore\n|\n|-weather|RainDance|[upkeep]\n|-activate|p1a: Manaphy|ability: Hydration\n|-curestatus|p1a: Manaphy|par|[msg]\n|-heal|p2b: Overqwil|64\/100 slp|[from] item: Black Sludge\n|upkeep\n|turn|25\n|\n|t:|1700596748\n|cant|p2a: Grimmsnarl|slp\n|move|p1a: Manaphy|Tail Glow|p1a: Manaphy\n|-boost|p1a: Manaphy|spa|3\n|-curestatus|p2b: Overqwil|slp|[msg]\n|move|p2b: Overqwil|Acupressure|p2a: Grimmsnarl\n|-boost|p2a: Grimmsnarl|evasion|2\n|move|p1b: Amoonguss|Spore|p2b: Overqwil\n|-status|p2b: Overqwil|slp|[from] move: Spore\n|\n|-weather|RainDance|[upkeep]\n|-heal|p2b: Overqwil|71\/100 slp|[from] item: Black Sludge\n|upkeep\n|turn|26\n|\n|t:|1700596766\n|move|p1a: Manaphy|Ice Beam|p2a: Grimmsnarl\n|-damage|p2a: Grimmsnarl|25\/100 slp\n|cant|p2b: Overqwil|slp\n|move|p1b: Amoonguss|Pollen Puff|p2a: Grimmsnarl\n|-damage|p2a: Grimmsnarl|15\/100 slp\n|cant|p2a: Grimmsnarl|slp\n|\n|-weather|none\n|-heal|p2b: Overqwil|77\/100 slp|[from] item: Black Sludge\n|-sideend|p1: Fabryez|move: Tailwind\n|upkeep\n|turn|27\n|\n|t:|1700596781\n|switch|p1b: Pelipper|Pelipper, F, shiny|100\/100\n|-weather|RainDance|[from] ability: Drizzle|[of] p1b: Pelipper\n|move|p1a: Manaphy|Surf|p2a: Grimmsnarl|[spread] p1b,p2a,p2b\n|-resisted|p1b: Pelipper\n|-damage|p1b: Pelipper|32\/100\n|-damage|p2a: Grimmsnarl|0 fnt\n|-damage|p2b: Overqwil|0 fnt\n|faint|p2a: Grimmsnarl\n|faint|p2b: Overqwil\n|\n|win|Fabryez\n|raw|Fabryez's rating: 1011 &rarr; <strong>1057<\/strong><br \/>(+46 for winning)\n|raw|Reddypuller's rating: 1077 &rarr; <strong>1051<\/strong><br \/>(-26 for losing)\n|l|\u2606Reddypuller\n","uploadtime":1700597024,"views":21,"p1id":"fabryez","p2id":"reddypuller","formatid":"gen9doublesou","rating":1051,"private":0,"password":""}