{"id":"gen9doublesou-1988479830","p1":"penguinking132","p2":"nyx47747","format":"[Gen 9] Doubles OU","log":"|j|\u2606penguinking132\n|j|\u2606nyx47747\n|t:|1699727416\n|gametype|doubles\n|player|p1|penguinking132|burglar|1382\n|player|p2|nyx47747|roxie|1567\n|teamsize|p1|6\n|teamsize|p2|6\n|gen|9\n|tier|[Gen 9] Doubles OU\n|rated|\n|rule|Species Clause: Limit one of each Pok\u00e9mon\n|rule|OHKO Clause: OHKO moves are banned\n|rule|Evasion Moves Clause: Evasion moves are banned\n|rule|Gravity Sleep Clause: The combination of sleep-inducing moves with imperfect accuracy and Gravity or Gigantamax Orbeetle are banned\n|rule|Endless Battle Clause: Forcing endless battles is banned\n|rule|HP Percentage Mod: HP is shown in percentages\n|clearpoke\n|poke|p1|Ursaluna-Bloodmoon, M|\n|poke|p1|Chi-Yu|\n|poke|p1|Iron Hands|\n|poke|p1|Amoonguss, F|\n|poke|p1|Cresselia, F|\n|poke|p1|Ogerpon-Hearthflame, F|\n|poke|p2|Arcanine-Hisui, M|\n|poke|p2|Flutter Mane|\n|poke|p2|Landorus-Therian, M|\n|poke|p2|Roaring Moon|\n|poke|p2|Tornadus, M|\n|poke|p2|Ogerpon-Wellspring, F|\n|teampreview\n|inactive|Battle timer is ON: inactive players will automatically lose when time's up. (requested by nyx47747)\n|\n|t:|1699727426\n|start\n|switch|p1a: Iron Hands|Iron Hands|100\/100\n|switch|p1b: Ogerpon|Ogerpon-Hearthflame, F|100\/100\n|switch|p2a: Landorus|Landorus-Therian, M|100\/100\n|switch|p2b: special attacker|Tornadus, M|100\/100\n|-ability|p1b: Ogerpon|Mold Breaker\n|-ability|p2a: Landorus|Intimidate|boost\n|-unboost|p1a: Iron Hands|atk|1\n|-unboost|p1b: Ogerpon|atk|1\n|turn|1\n|\n|t:|1699727446\n|switch|p2b: Flutter Mane|Flutter Mane|100\/100\n|-enditem|p2b: Flutter Mane|Booster Energy\n|-activate|p2b: Flutter Mane|ability: Protosynthesis|[fromitem]\n|-start|p2b: Flutter Mane|protosynthesisspe\n|switch|p1b: Cresselia|Cresselia, F|100\/100\n|move|p1a: Iron Hands|Fake Out|p2b: Flutter Mane\n|-immune|p2b: Flutter Mane\n|move|p2a: Landorus|Stomping Tantrum|p1b: Cresselia\n|-immune|p1b: Cresselia|[from] ability: Levitate\n|\n|upkeep\n|turn|2\n|\n|t:|1699727460\n|-terastallize|p1a: Iron Hands|Grass\n|move|p2b: Flutter Mane|Shadow Ball|p1b: Cresselia\n|-supereffective|p1b: Cresselia\n|-damage|p1b: Cresselia|45\/100\n|move|p2a: Landorus|Stomping Tantrum|p1a: Iron Hands\n|-resisted|p1a: Iron Hands\n|-damage|p1a: Iron Hands|67\/100\n|-damage|p2a: Landorus|91\/100|[from] item: Life Orb\n|move|p1a: Iron Hands|Heavy Slam|p2b: Flutter Mane\n|-supereffective|p2b: Flutter Mane\n|-damage|p2b: Flutter Mane|0 fnt\n|faint|p2b: Flutter Mane\n|-end|p2b: Flutter Mane|Protosynthesis|[silent]\n|move|p1b: Cresselia|Trick Room|p1b: Cresselia\n|-fieldstart|move: Trick Room|[of] p1b: Cresselia\n|\n|-heal|p1b: Cresselia|51\/100|[from] item: Leftovers\n|upkeep\n|\n|t:|1699727472\n|switch|p2b: Ogerpon|Ogerpon-Wellspring, F|100\/100\n|turn|3\n|\n|t:|1699727483\n|move|p1a: Iron Hands|Volt Switch|p2b: Ogerpon\n|-damage|p2b: Ogerpon|86\/100\n|\n|t:|1699727490\n|-end|p1a: Iron Hands|Quark Drive|[silent]\n|switch|p1a: Amoonguss|Amoonguss, F|100\/100|[from] Volt Switch\n|move|p1b: Cresselia|Dazzling Gleam|p2a: Landorus|[spread] p2a,p2b\n|-damage|p2a: Landorus|72\/100\n|-damage|p2b: Ogerpon|66\/100\n|move|p2a: Landorus|U-turn|p1a: Amoonguss\n|-damage|p1a: Amoonguss|65\/100\n|-damage|p2a: Landorus|62\/100|[from] item: Life Orb\n|\n|t:|1699727501\n|switch|p2a: special attacker|Tornadus, M|100\/100|[from] U-turn\n|move|p2b: Ogerpon|U-turn|p1a: Amoonguss\n|-damage|p1a: Amoonguss|35\/100\n|\n|t:|1699727506\n|switch|p2b: Landorus|Landorus-Therian, M|62\/100|[from] U-turn\n|-ability|p2b: Landorus|Intimidate|boost\n|-unboost|p1a: Amoonguss|atk|1\n|-unboost|p1b: Cresselia|atk|1\n|\n|-heal|p1b: Cresselia|57\/100|[from] item: Leftovers\n|upkeep\n|turn|4\n|\n|t:|1699727517\n|move|p2a: special attacker|Taunt|p1a: Amoonguss\n|-start|p1a: Amoonguss|move: Taunt\n|cant|p1a: Amoonguss|move: Taunt|Spore\n|move|p1b: Cresselia|Lunar Blessing|p1b: Cresselia|[spread] p1a,p1b\n|-heal|p1a: Amoonguss|60\/100\n|-heal|p1b: Cresselia|82\/100\n|move|p2b: Landorus|Rock Slide|p1b: Cresselia|[spread] p1a,p1b\n|-damage|p1a: Amoonguss|32\/100\n|-damage|p1b: Cresselia|64\/100\n|-damage|p2b: Landorus|53\/100|[from] item: Life Orb\n|\n|-heal|p1b: Cresselia|70\/100|[from] item: Leftovers\n|upkeep\n|turn|5\n|\n|t:|1699727532\n|move|p2a: special attacker|Taunt|p1b: Cresselia\n|-start|p1b: Cresselia|move: Taunt\n|move|p1a: Amoonguss|Giga Drain|p2b: Landorus\n|-damage|p2b: Landorus|11\/100\n|-heal|p1a: Amoonguss|47\/100|[from] drain|[of] p2b: Landorus\n|move|p1b: Cresselia|Thunderbolt|p2a: special attacker\n|-supereffective|p2a: special attacker\n|-damage|p2a: special attacker|33\/100\n|move|p2b: Landorus|Rock Slide|p1a: Amoonguss|[spread] p1a,p1b\n|-damage|p1a: Amoonguss|17\/100\n|-damage|p1b: Cresselia|50\/100\n|-enditem|p1a: Amoonguss|Aguav Berry|[eat]\n|-heal|p1a: Amoonguss|50\/100|[from] item: Aguav Berry\n|-damage|p2b: Landorus|1\/100|[from] item: Life Orb\n|\n|-heal|p1b: Cresselia|56\/100|[from] item: Leftovers\n|upkeep\n|turn|6\n|\n|t:|1699727559\n|switch|p2a: Roaring Moon|Roaring Moon|100\/100\n|-enditem|p2a: Roaring Moon|Booster Energy\n|-activate|p2a: Roaring Moon|ability: Protosynthesis|[fromitem]\n|-start|p2a: Roaring Moon|protosynthesisatk\n|move|p1a: Amoonguss|Giga Drain|p2b: Landorus\n|-damage|p2b: Landorus|0 fnt\n|-heal|p1a: Amoonguss|50\/100|[from] drain|[of] p2b: Landorus\n|faint|p2b: Landorus\n|move|p1b: Cresselia|Thunderbolt|p2a: Roaring Moon\n|-resisted|p2a: Roaring Moon\n|-damage|p2a: Roaring Moon|89\/100\n|\n|-heal|p1b: Cresselia|62\/100|[from] item: Leftovers\n|-end|p1a: Amoonguss|move: Taunt\n|-fieldend|move: Trick Room\n|upkeep\n|\n|t:|1699727566\n|switch|p2b: Arcanine|Arcanine-Hisui, M|100\/100\n|turn|7\n|\n|t:|1699727586\n|move|p1a: Amoonguss|Rage Powder|p1a: Amoonguss\n|-singleturn|p1a: Amoonguss|move: Rage Powder\n|move|p2a: Roaring Moon|Knock Off|p1a: Amoonguss\n|-damage|p1a: Amoonguss|0 fnt\n|faint|p1a: Amoonguss\n|move|p2b: Arcanine|Flare Blitz|p1b: Cresselia\n|-damage|p1b: Cresselia|5\/100\n|-damage|p2b: Arcanine|91\/100|[from] item: Life Orb\n|move|p1b: Cresselia|Dazzling Gleam|p2b: Arcanine|[spread] p2a,p2b\n|-supereffective|p2a: Roaring Moon\n|-resisted|p2b: Arcanine\n|-damage|p2a: Roaring Moon|27\/100\n|-damage|p2b: Arcanine|81\/100\n|\n|-heal|p1b: Cresselia|12\/100|[from] item: Leftovers\n|-end|p1b: Cresselia|move: Taunt\n|upkeep\n|\n|t:|1699727590\n|switch|p1a: Iron Hands|Iron Hands, tera:Grass|67\/100\n|turn|8\n|\n|t:|1699727610\n|move|p1a: Iron Hands|Fake Out|p2b: Arcanine\n|-resisted|p2b: Arcanine\n|-damage|p2b: Arcanine|70\/100\n|move|p2a: Roaring Moon|Knock Off|p1b: Cresselia\n|-supereffective|p1b: Cresselia\n|-damage|p1b: Cresselia|0 fnt\n|-enditem|p1b: Cresselia|Leftovers|[from] move: Knock Off|[of] p2a: Roaring Moon\n|faint|p1b: Cresselia\n|cant|p2b: Arcanine|flinch\n|\n|upkeep\n|\n|t:|1699727616\n|switch|p1b: Chi-Yu|Chi-Yu|100\/100\n|-ability|p1b: Chi-Yu|Beads of Ruin\n|turn|9\n|\n|t:|1699727626\n|move|p2a: Roaring Moon|Knock Off|p1b: Chi-Yu\n|-resisted|p1b: Chi-Yu\n|-damage|p1b: Chi-Yu|39\/100\n|-enditem|p1b: Chi-Yu|Focus Sash|[from] move: Knock Off|[of] p2a: Roaring Moon\n|move|p1b: Chi-Yu|Dark Pulse|p2b: Arcanine\n|-damage|p2b: Arcanine|0 fnt\n|faint|p2b: Arcanine\n|move|p1a: Iron Hands|Drain Punch|p2a: Roaring Moon\n|-supereffective|p2a: Roaring Moon\n|-damage|p2a: Roaring Moon|0 fnt\n|-heal|p1a: Iron Hands|76\/100|[from] drain|[of] p2a: Roaring Moon\n|faint|p2a: Roaring Moon\n|-end|p2a: Roaring Moon|Protosynthesis|[silent]\n|\n|upkeep\n|\n|t:|1699727633\n|switch|p2a: special attacker|Tornadus, M|33\/100\n|switch|p2b: Ogerpon|Ogerpon-Wellspring, F|66\/100\n|turn|10\n|\n|t:|1699727643\n|move|p1b: Chi-Yu|Protect|p1b: Chi-Yu\n|-singleturn|p1b: Chi-Yu|Protect\n|move|p2a: special attacker|Bleakwind Storm|p1a: Iron Hands|[spread] \n|-activate|p1b: Chi-Yu|move: Protect\n|-miss|p2a: special attacker|p1a: Iron Hands\n|move|p2b: Ogerpon|U-turn|p1a: Iron Hands\n|-supereffective|p1a: Iron Hands\n|-damage|p1a: Iron Hands|38\/100\n|move|p1a: Iron Hands|Volt Switch|p2a: special attacker\n|-supereffective|p2a: special attacker\n|-damage|p2a: special attacker|0 fnt\n|faint|p2a: special attacker\n|\n|t:|1699727647\n|-end|p1a: Iron Hands|Quark Drive|[silent]\n|switch|p1a: Ursaluna|Ursaluna-Bloodmoon, M|100\/100|[from] Volt Switch\n|\n|upkeep\n|turn|11\n|\n|t:|1699727656\n|move|p2b: Ogerpon|Horn Leech|p1a: Ursaluna\n|-supereffective|p1a: Ursaluna\n|-damage|p1a: Ursaluna|36\/100\n|-heal|p2b: Ogerpon|100\/100|[from] drain|[of] p1a: Ursaluna\n|move|p1b: Chi-Yu|Dark Pulse|p2b: Ogerpon\n|-damage|p2b: Ogerpon|32\/100\n|move|p1a: Ursaluna|Blood Moon|p2b: Ogerpon\n|-damage|p2b: Ogerpon|0 fnt\n|faint|p2b: Ogerpon\n|-damage|p1a: Ursaluna|26\/100|[from] item: Life Orb\n|\n|win|penguinking132\n|raw|penguinking132's rating: 1382 &rarr; <strong>1412<\/strong><br \/>(+30 for winning)\n|raw|nyx47747's rating: 1567 &rarr; <strong>1537<\/strong><br \/>(-30 for losing)\n|l|\u2606nyx47747\n","uploadtime":1699727833,"views":8,"p1id":"penguinking132","p2id":"nyx47747","formatid":"gen9doublesou","rating":1412,"private":0,"password":""}