{"id":"gen9doublesou-1980477885","p1":"Deriverse","p2":"marbroly","format":"[Gen 9] Doubles OU","log":"|j|\u2606Deriverse\n|j|\u2606marbroly\n|t:|1698788698\n|gametype|doubles\n|player|p1|Deriverse|roxanne|1425\n|player|p2|marbroly|101|1392\n|teamsize|p1|6\n|teamsize|p2|6\n|gen|9\n|tier|[Gen 9] Doubles OU\n|rated|\n|rule|Species Clause: Limit one of each Pok\u00e9mon\n|rule|OHKO Clause: OHKO moves are banned\n|rule|Evasion Moves Clause: Evasion moves are banned\n|rule|Gravity Sleep Clause: The combination of sleep-inducing moves with imperfect accuracy and Gravity or Gigantamax Orbeetle are banned\n|rule|Endless Battle Clause: Forcing endless battles is banned\n|rule|HP Percentage Mod: HP is shown in percentages\n|clearpoke\n|poke|p1|Golem-Alola, F|\n|poke|p1|Probopass, M|\n|poke|p1|Farigiraf, F|\n|poke|p1|Amoonguss, M|\n|poke|p1|Iron Hands|\n|poke|p1|Kingambit, F|\n|poke|p2|Glimmora, M|\n|poke|p2|Sneasler, F|\n|poke|p2|Cresselia, F|\n|poke|p2|Ogerpon-Wellspring, F|\n|poke|p2|Glastrier|\n|poke|p2|Dipplin, M|\n|teampreview\n|inactive|Battle timer is ON: inactive players will automatically lose when time's up. (requested by Deriverse)\n|inactive|Deriverse has 120 seconds left.\n|\n|t:|1698788731\n|start\n|switch|p1a: Probopass|Probopass, M, shiny|100\/100\n|switch|p1b: Amoonguss|Amoonguss, M|100\/100\n|switch|p2a: goldy|Dipplin, M, shiny|100\/100\n|switch|p2b: Cresselia|Cresselia, F, shiny|100\/100\n|-item|p1a: Probopass|Air Balloon\n|-ability|p2a: goldy|Supersweet Syrup\n|-ability|p2a: goldy|Supersweet Syrup|boost\n|-unboost|p1a: Probopass|evasion|1\n|-unboost|p1b: Amoonguss|evasion|1\n|turn|1\n|\n|t:|1698788753\n|switch|p1b: Golem|Golem-Alola, F|100\/100\n|-item|p1b: Golem|Air Balloon\n|move|p2b: Cresselia|Thunder Wave|p1b: Golem\n|-immune|p1b: Golem\n|move|p1a: Probopass|Stealth Rock|p2a: goldy\n|-sidestart|p2: marbroly|move: Stealth Rock\n|move|p2a: goldy|Syrup Bomb|p1a: Probopass\n|-damage|p1a: Probopass|86\/100\n|-start|p1a: Probopass|Syrup Bomb\n|-enditem|p1a: Probopass|Air Balloon\n|\n|-unboost|p1a: Probopass|spe|1\n|upkeep\n|turn|2\n|\n|t:|1698788777\n|move|p2b: Cresselia|Icy Wind|p1a: Probopass|[spread] p1a,p1b\n|-resisted|p1a: Probopass\n|-crit|p1a: Probopass\n|-damage|p1a: Probopass|83\/100\n|-damage|p1b: Golem|91\/100\n|-unboost|p1a: Probopass|spe|1\n|-unboost|p1b: Golem|spe|1\n|-enditem|p1b: Golem|Air Balloon\n|move|p1b: Golem|Explosion|p2a: goldy|[spread] p1a,p2a,p2b\n|-resisted|p2a: goldy\n|-damage|p1a: Probopass|4\/100\n|-damage|p2a: goldy|83\/100\n|-damage|p2b: Cresselia|21\/100\n|faint|p1b: Golem\n|move|p1a: Probopass|Thunder Wave|p2b: Cresselia\n|-status|p2b: Cresselia|par\n|move|p2a: goldy|Dragon Tail|p1a: Probopass\n|-resisted|p1a: Probopass\n|-damage|p1a: Probopass|0 fnt\n|faint|p1a: Probopass\n|\n|-heal|p2b: Cresselia|27\/100 par|[from] item: Leftovers\n|upkeep\n|inactive|Deriverse has 120 seconds left.\n|\n|t:|1698788805\n|switch|p1b: Iron Hands|Iron Hands|100\/100\n|switch|p1a: Kingambit|Kingambit, F|100\/100\n|-activate|p1a: Kingambit|ability: Supreme Overlord\n|-start|p1a: Kingambit|fallen2|[silent]\n|turn|3\n|\n|t:|1698788824\n|move|p1b: Iron Hands|Ice Punch|p2a: goldy\n|-supereffective|p2a: goldy\n|-damage|p2a: goldy|19\/100\n|move|p1a: Kingambit|Kowtow Cleave|p2b: Cresselia\n|-supereffective|p2b: Cresselia\n|-damage|p2b: Cresselia|0 fnt\n|faint|p2b: Cresselia\n|move|p2a: goldy|Dragon Tail|p1a: Kingambit\n|-resisted|p1a: Kingambit\n|-damage|p1a: Kingambit|95\/100\n|-end|p1a: Kingambit|fallen2|[silent]\n|drag|p1a: Farigiraf|Farigiraf, F|100\/100\n|\n|upkeep\n|\n|t:|1698788834\n|switch|p2b: Glastrier|Glastrier|100\/100\n|-damage|p2b: Glastrier|76\/100|[from] Stealth Rock\n|turn|4\n|\n|t:|1698788845\n|-terastallize|p2b: Glastrier|Water\n|move|p1a: Farigiraf|Future Sight|p2b: Glastrier\n|-start|p1a: Farigiraf|move: Future Sight\n|move|p1b: Iron Hands|Drain Punch|p2b: Glastrier\n|-damage|p2b: Glastrier|42\/100\n|move|p2a: goldy|Pollen Puff|p2b: Glastrier\n|-heal|p2b: Glastrier|92\/100\n|move|p2b: Glastrier|Stomping Tantrum|p1b: Iron Hands\n|-supereffective|p1b: Iron Hands\n|-crit|p1b: Iron Hands\n|-damage|p1b: Iron Hands|46\/100\n|\n|-heal|p1b: Iron Hands|52\/100|[from] item: Leftovers\n|-heal|p2b: Glastrier|98\/100|[from] item: Leftovers\n|upkeep\n|turn|5\n|inactive|marbroly has 120 seconds left.\n|\n|t:|1698788876\n|move|p1a: Farigiraf|Ally Switch|p1a: Farigiraf\n|swap|p1a: Farigiraf|1|[from] move: Ally Switch\n|move|p1a: Iron Hands|Ice Punch|p2a: goldy\n|-supereffective|p2a: goldy\n|-damage|p2a: goldy|0 fnt\n|faint|p2a: goldy\n|move|p2b: Glastrier|Stomping Tantrum|p1b: Farigiraf\n|-damage|p1b: Farigiraf|71\/100\n|\n|-heal|p1b: Farigiraf|77\/100|[from] item: Leftovers\n|-heal|p1a: Iron Hands|59\/100|[from] item: Leftovers\n|-heal|p2b: Glastrier|100\/100|[from] item: Leftovers\n|upkeep\n|inactive|marbroly has 120 seconds left.\n|\n|t:|1698788887\n|switch|p2a: Glimmora|Glimmora, M|100\/100\n|-damage|p2a: Glimmora|88\/100|[from] Stealth Rock\n|turn|6\n|\n|t:|1698788902\n|move|p2a: Glimmora|Mortal Spin|p1a: Iron Hands|[spread] p1a,p1b\n|-damage|p1a: Iron Hands|56\/100\n|-damage|p1b: Farigiraf|73\/100\n|-status|p1a: Iron Hands|psn\n|-status|p1b: Farigiraf|psn\n|-sideend|p2: marbroly|Stealth Rock|[from] move: Mortal Spin|[of] p2a: Glimmora\n|move|p1b: Farigiraf|Future Sight|p2a: Glimmora\n|-start|p1b: Farigiraf|move: Future Sight\n|move|p1a: Iron Hands|Drain Punch|p2a: Glimmora\n|-damage|p2a: Glimmora|32\/100\n|-heal|p1a: Iron Hands|73\/100 psn|[from] drain|[of] p2a: Glimmora\n|-activate|p2a: Glimmora|ability: Toxic Debris\n|-sidestart|p1: Deriverse|move: Toxic Spikes\n|move|p2b: Glastrier|Stomping Tantrum|p1a: Iron Hands\n|-supereffective|p1a: Iron Hands\n|-damage|p1a: Iron Hands|36\/100 psn\n|\n|-end|p2b: Glastrier|move: Future Sight\n|-damage|p2b: Glastrier|57\/100\n|-heal|p1b: Farigiraf|79\/100 psn|[from] item: Leftovers\n|-heal|p1a: Iron Hands|42\/100 psn|[from] item: Leftovers\n|-heal|p2b: Glastrier|63\/100|[from] item: Leftovers\n|-damage|p1b: Farigiraf|66\/100 psn|[from] psn\n|-damage|p1a: Iron Hands|30\/100 psn|[from] psn\n|upkeep\n|turn|7\n|inactive|Deriverse has 120 seconds left.\n|\n|t:|1698788939\n|move|p2a: Glimmora|Earth Power|p1b: Farigiraf\n|-damage|p1b: Farigiraf|31\/100 psn\n|move|p1b: Farigiraf|Hyper Voice|p2b: Glastrier|[spread] p2a,p2b\n|-resisted|p2a: Glimmora\n|-crit|p2b: Glastrier\n|-damage|p2a: Glimmora|10\/100\n|-damage|p2b: Glastrier|24\/100\n|move|p1a: Iron Hands|Drain Punch|p2a: Glimmora\n|-damage|p2a: Glimmora|0 fnt\n|-heal|p1a: Iron Hands|33\/100 psn|[from] drain|[of] p2a: Glimmora\n|-activate|p2a: Glimmora|ability: Toxic Debris\n|-sidestart|p1: Deriverse|move: Toxic Spikes\n|faint|p2a: Glimmora\n|move|p2b: Glastrier|Stomping Tantrum|p1a: Iron Hands\n|-supereffective|p1a: Iron Hands\n|-damage|p1a: Iron Hands|0 fnt\n|faint|p1a: Iron Hands\n|-end|p1a: Iron Hands|Quark Drive|[silent]\n|-ability|p2b: Glastrier|Chilling Neigh|boost\n|-boost|p2b: Glastrier|atk|1\n|\n|-heal|p1b: Farigiraf|37\/100 psn|[from] item: Leftovers\n|-heal|p2b: Glastrier|30\/100|[from] item: Leftovers\n|-damage|p1b: Farigiraf|25\/100 psn|[from] psn\n|upkeep\n|\n|t:|1698788959\n|switch|p2a: Ogerpon|Ogerpon-Wellspring, F|100\/100\n|switch|p1a: Amoonguss|Amoonguss, M|100\/100\n|-sideend|p1: Deriverse|move: Toxic Spikes|[of] p1a: Amoonguss\n|turn|8\n|\n|t:|1698788986\n|move|p2b: Glastrier|Protect|p2b: Glastrier\n|-singleturn|p2b: Glastrier|Protect\n|move|p1b: Farigiraf|Ally Switch|p1b: Farigiraf\n|swap|p1b: Farigiraf|0|[from] move: Ally Switch\n|move|p2a: Ogerpon|Ivy Cudgel|p1b: Amoonguss\n|-resisted|p1b: Amoonguss\n|-damage|p1b: Amoonguss|70\/100\n|move|p1b: Amoonguss|Spore|p2b: Glastrier\n|-activate|p2b: Glastrier|move: Protect\n|\n|-end|p2a: Ogerpon|move: Future Sight\n|-damage|p2a: Ogerpon|30\/100\n|-heal|p1a: Farigiraf|31\/100 psn|[from] item: Leftovers\n|-heal|p1b: Amoonguss|76\/100|[from] item: Leftovers\n|-heal|p2b: Glastrier|36\/100|[from] item: Leftovers\n|-damage|p1a: Farigiraf|19\/100 psn|[from] psn\n|upkeep\n|turn|9\n|\n|t:|1698789016\n|move|p2a: Ogerpon|Ivy Cudgel|p1b: Amoonguss\n|-resisted|p1b: Amoonguss\n|-crit|p1b: Amoonguss\n|-damage|p1b: Amoonguss|36\/100\n|move|p1a: Farigiraf|Hyper Voice|p2a: Ogerpon|[spread] p2a,p2b\n|-damage|p2a: Ogerpon|0 fnt\n|-damage|p2b: Glastrier|9\/100\n|faint|p2a: Ogerpon\n|move|p1b: Amoonguss|Pollen Puff|p2b: Glastrier\n|-damage|p2b: Glastrier|0 fnt\n|faint|p2b: Glastrier\n|\n|-heal|p1a: Farigiraf|25\/100 psn|[from] item: Leftovers\n|-heal|p1b: Amoonguss|43\/100|[from] item: Leftovers\n|-damage|p1a: Farigiraf|12\/100 psn|[from] psn\n|upkeep\n|\n|t:|1698789027\n|switch|p2a: Sneasler|Sneasler, F, shiny|100\/100\n|turn|10\n|\n|t:|1698789035\n|move|p2a: Sneasler|Protect|p2a: Sneasler\n|-singleturn|p2a: Sneasler|Protect\n|move|p1a: Farigiraf|Ally Switch|p1a: Farigiraf\n|swap|p1a: Farigiraf|1|[from] move: Ally Switch\n|move|p1a: Amoonguss|Spore|p2a: Sneasler\n|-activate|p2a: Sneasler|move: Protect\n|\n|-heal|p1b: Farigiraf|19\/100 psn|[from] item: Leftovers\n|-heal|p1a: Amoonguss|49\/100|[from] item: Leftovers\n|-damage|p1b: Farigiraf|6\/100 psn|[from] psn\n|upkeep\n|turn|11\n|\n|t:|1698789047\n|move|p1b: Farigiraf|Ally Switch||[still]\n|-fail|p1b: Farigiraf\n|move|p2a: Sneasler|Close Combat|p1b: Farigiraf\n|-damage|p1b: Farigiraf|0 fnt\n|-unboost|p2a: Sneasler|def|1\n|-unboost|p2a: Sneasler|spd|1\n|-enditem|p2a: Sneasler|White Herb\n|-clearnegativeboost|p2a: Sneasler|[silent]\n|faint|p1b: Farigiraf\n|move|p1a: Amoonguss|Spore|p2a: Sneasler\n|-status|p2a: Sneasler|slp|[from] move: Spore\n|\n|-heal|p1a: Amoonguss|55\/100|[from] item: Leftovers\n|upkeep\n|\n|t:|1698789052\n|switch|p1b: Kingambit|Kingambit, F|95\/100\n|-activate|p1b: Kingambit|ability: Supreme Overlord\n|-start|p1b: Kingambit|fallen4|[silent]\n|turn|12\n|\n|t:|1698789062\n|move|p1a: Amoonguss|Rage Powder|p1a: Amoonguss\n|-singleturn|p1a: Amoonguss|move: Rage Powder\n|cant|p2a: Sneasler|slp\n|move|p1b: Kingambit|Swords Dance|p1b: Kingambit\n|-boost|p1b: Kingambit|atk|2\n|\n|-heal|p1b: Kingambit|100\/100|[from] item: Leftovers\n|-heal|p1a: Amoonguss|61\/100|[from] item: Leftovers\n|upkeep\n|turn|13\n|-message|marbroly forfeited.\n|\n|win|Deriverse\n|raw|Deriverse's rating: 1425 &rarr; <strong>1443<\/strong><br \/>(+18 for winning)\n|raw|marbroly's rating: 1392 &rarr; <strong>1374<\/strong><br \/>(-18 for losing)\n|l|\u2606marbroly\n|l|\u2606Deriverse\n|j|\u2606Deriverse\n|player|p1|Deriverse|roxanne\n","uploadtime":1698789282,"views":15,"p1id":"deriverse","p2id":"marbroly","formatid":"gen9doublesou","rating":1374,"private":0,"password":""}