{"id":"gen9doublesou-1972324150","p1":"wingminmon","p2":"eagerosterkamp","format":"[Gen 9] Doubles OU","log":"|j|\u2606wingminmon\n|j|\u2606eagerosterkamp\n|t:|1697831426\n|gametype|doubles\n|player|p1|wingminmon|preschooler|1186\n|player|p2|eagerosterkamp|ltsurge|1282\n|teamsize|p1|6\n|teamsize|p2|6\n|gen|9\n|tier|[Gen 9] Doubles OU\n|rated|\n|rule|Species Clause: Limit one of each Pok\u00e9mon\n|rule|OHKO Clause: OHKO moves are banned\n|rule|Evasion Moves Clause: Evasion moves are banned\n|rule|Gravity Sleep Clause: The combination of sleep-inducing moves with imperfect accuracy and Gravity or Gigantamax Orbeetle are banned\n|rule|Endless Battle Clause: Forcing endless battles is banned\n|rule|HP Percentage Mod: HP is shown in percentages\n|clearpoke\n|poke|p1|Dragapult, M|\n|poke|p1|Heatran, F|\n|poke|p1|Ogerpon, F|\n|poke|p1|Cresselia, F|\n|poke|p1|Landorus-Therian, M|\n|poke|p1|Tornadus, M|\n|poke|p2|Talonflame, F|\n|poke|p2|Great Tusk|\n|poke|p2|Grimmsnarl, M|\n|poke|p2|Dragapult, M|\n|poke|p2|Landorus-Therian, M|\n|poke|p2|Empoleon, M|\n|teampreview\n|c|\u2606wingminmon|Cool Dragapult\n|\n|t:|1697831464\n|start\n|switch|p1a: Tornadus|Tornadus, M|100\/100\n|switch|p1b: Landorus|Landorus-Therian, M|100\/100\n|switch|p2a: Landorus|Landorus-Therian, M|100\/100\n|switch|p2b: Grimmsnarl|Grimmsnarl, M|100\/100\n|-ability|p1b: Landorus|Intimidate|boost\n|-unboost|p2a: Landorus|atk|1\n|-unboost|p2b: Grimmsnarl|atk|1\n|-ability|p2a: Landorus|Intimidate|boost\n|-unboost|p1a: Tornadus|atk|1\n|-unboost|p1b: Landorus|atk|1\n|turn|1\n|\n|t:|1697831478\n|move|p2b: Grimmsnarl|Fake Out|p1b: Landorus\n|-damage|p1b: Landorus|92\/100\n|move|p1a: Tornadus|Tailwind|p1a: Tornadus\n|-sidestart|p1: wingminmon|move: Tailwind\n|cant|p1b: Landorus|flinch\n|move|p2a: Landorus|Rock Slide|p1a: Tornadus|[spread] p1a,p1b\n|-supereffective|p1a: Tornadus\n|-damage|p1a: Tornadus|67\/100\n|-damage|p1b: Landorus|74\/100\n|\n|upkeep\n|turn|2\n|\n|t:|1697831490\n|move|p2b: Grimmsnarl|Reflect|p2b: Grimmsnarl\n|-sidestart|p2: eagerosterkamp|Reflect\n|move|p1b: Landorus|Rock Slide|p2a: Landorus|[spread] p2a,p2b\n|-crit|p2a: Landorus\n|-damage|p2a: Landorus|68\/100\n|-damage|p2b: Grimmsnarl|91\/100\n|move|p1a: Tornadus|Icy Wind|p2b: Grimmsnarl|[spread] p2a,p2b\n|-supereffective|p2a: Landorus\n|-damage|p2a: Landorus|27\/100\n|-damage|p2b: Grimmsnarl|79\/100\n|-unboost|p2a: Landorus|spe|1\n|-unboost|p2b: Grimmsnarl|spe|1\n|move|p2a: Landorus|Rock Slide|p1a: Tornadus|[spread] p1a,p1b\n|-supereffective|p1a: Tornadus\n|-damage|p1a: Tornadus|31\/100\n|-damage|p1b: Landorus|57\/100\n|\n|upkeep\n|turn|3\n|\n|t:|1697831508\n|switch|p1a: Heatran|Heatran, F|100\/100\n|switch|p2a: Empoleon|Empoleon, M|100\/100\n|move|p2b: Grimmsnarl|Light Screen|p2b: Grimmsnarl\n|-sidestart|p2: eagerosterkamp|move: Light Screen\n|move|p1b: Landorus|Rock Slide|p2a: Empoleon|[spread] p2a,p2b\n|-resisted|p2a: Empoleon\n|-damage|p2a: Empoleon|95\/100\n|-damage|p2b: Grimmsnarl|69\/100\n|\n|-heal|p2a: Empoleon|100\/100|[from] item: Leftovers\n|upkeep\n|turn|4\n|\n|t:|1697831568\n|switch|p1b: Cresselia|Cresselia, F|100\/100\n|switch|p2b: Landorus|Landorus-Therian, M|27\/100\n|-ability|p2b: Landorus|Intimidate|boost\n|-unboost|p1a: Heatran|atk|1\n|-unboost|p1b: Cresselia|atk|1\n|-terastallize|p1a: Heatran|Grass\n|move|p2a: Empoleon|Protect|p2a: Empoleon\n|-singleturn|p2a: Empoleon|Protect\n|move|p1a: Heatran|Flash Cannon|p2b: Landorus\n|-damage|p2b: Landorus|6\/100\n|\n|-sideend|p1: wingminmon|move: Tailwind\n|upkeep\n|turn|5\n|\n|t:|1697831619\n|move|p2b: Landorus|U-turn|p1a: Heatran\n|-supereffective|p1a: Heatran\n|-damage|p1a: Heatran|48\/100\n|\n|t:|1697831622\n|switch|p2b: Great Tusk|Great Tusk|100\/100|[from] U-turn\n|move|p1b: Cresselia|Thunder Wave|p2a: Empoleon\n|-status|p2a: Empoleon|par\n|move|p1a: Heatran|Heat Wave|p2a: Empoleon|[spread] p2a,p2b\n|-damage|p2a: Empoleon|82\/100 par\n|-damage|p2b: Great Tusk|74\/100\n|move|p2a: Empoleon|Yawn|p1a: Heatran\n|-start|p1a: Heatran|move: Yawn|[of] p2a: Empoleon\n|\n|-heal|p2a: Empoleon|88\/100 par|[from] item: Leftovers\n|upkeep\n|turn|6\n|\n|t:|1697831649\n|move|p2b: Great Tusk|Ice Spinner|p1a: Heatran\n|-supereffective|p1a: Heatran\n|-damage|p1a: Heatran|0 fnt\n|faint|p1a: Heatran\n|move|p1b: Cresselia|Moonblast|p2b: Great Tusk\n|-supereffective|p2b: Great Tusk\n|-damage|p2b: Great Tusk|52\/100\n|move|p2a: Empoleon|Yawn|p1b: Cresselia\n|-start|p1b: Cresselia|move: Yawn|[of] p2a: Empoleon\n|\n|-heal|p2a: Empoleon|94\/100 par|[from] item: Leftovers\n|upkeep\n|\n|t:|1697831658\n|switch|p1a: Ogerpon|Ogerpon, F|100\/100\n|turn|7\n|\n|t:|1697831693\n|-end|p2b: Great Tusk|Protosynthesis|[silent]\n|switch|p2b: Landorus|Landorus-Therian, M|6\/100\n|-ability|p2b: Landorus|Intimidate|boost\n|-unboost|p1a: Ogerpon|atk|1\n|-ability|p1a: Ogerpon|Defiant|boost\n|-boost|p1a: Ogerpon|atk|2\n|-unboost|p1b: Cresselia|atk|1\n|move|p1a: Ogerpon|Ivy Cudgel|p2b: Landorus\n|-damage|p2b: Landorus|0 fnt\n|faint|p2b: Landorus\n|move|p1b: Cresselia|Lunar Blessing||[still]|[spread] \n|-fail|p1b: Cresselia\n|cant|p2a: Empoleon|par\n|\n|-heal|p2a: Empoleon|99\/100 par|[from] item: Leftovers\n|-end|p1b: Cresselia|move: Yawn|[silent]\n|-status|p1b: Cresselia|slp\n|upkeep\n|inactive|Battle timer is ON: inactive players will automatically lose when time's up. (requested by wingminmon)\n|\n|t:|1697831720\n|switch|p2b: Great Tusk|Great Tusk|52\/100\n|turn|8\n|\n|t:|1697831734\n|-terastallize|p2b: Great Tusk|Steel\n|move|p1a: Ogerpon|Spiky Shield|p1a: Ogerpon\n|-singleturn|p1a: Ogerpon|move: Protect\n|move|p2b: Great Tusk|Ice Spinner|p1a: Ogerpon\n|-activate|p1a: Ogerpon|move: Protect\n|-damage|p2b: Great Tusk|40\/100|[from] Spiky Shield|[of] p1a: Ogerpon\n|cant|p1b: Cresselia|slp\n|move|p2a: Empoleon|Flash Cannon|p1b: Cresselia\n|-damage|p1b: Cresselia|79\/100 slp\n|\n|-heal|p2a: Empoleon|100\/100 par|[from] item: Leftovers\n|upkeep\n|turn|9\n|\n|t:|1697831755\n|-end|p2b: Great Tusk|Protosynthesis|[silent]\n|switch|p2b: Talonflame|Talonflame, F|100\/100\n|move|p1a: Ogerpon|Stomping Tantrum|p2b: Talonflame\n|-immune|p2b: Talonflame\n|-curestatus|p1b: Cresselia|slp|[msg]\n|move|p1b: Cresselia|Lunar Blessing|p1b: Cresselia|[spread] p1a,p1b\n|-heal|p1b: Cresselia|100\/100\n|move|p2a: Empoleon|Flash Cannon|p1b: Cresselia\n|-damage|p1b: Cresselia|79\/100\n|\n|-sideend|p2: eagerosterkamp|Reflect\n|upkeep\n|turn|10\n|\n|t:|1697831775\n|move|p2b: Talonflame|Tailwind|p2b: Talonflame\n|-sidestart|p2: eagerosterkamp|move: Tailwind\n|move|p1a: Ogerpon|Stomping Tantrum|p2a: Empoleon\n|-supereffective|p2a: Empoleon\n|-damage|p2a: Empoleon|0 fnt\n|faint|p2a: Empoleon\n|move|p1b: Cresselia|Thunder Wave|p2b: Talonflame\n|-status|p2b: Talonflame|par\n|\n|-sideend|p2: eagerosterkamp|move: Light Screen\n|upkeep\n|\n|t:|1697831786\n|switch|p2a: Great Tusk|Great Tusk, tera:Steel|40\/100\n|turn|11\n|\n|t:|1697831797\n|move|p2a: Great Tusk|Knock Off|p1b: Cresselia\n|-supereffective|p1b: Cresselia\n|-damage|p1b: Cresselia|39\/100\n|-enditem|p1b: Cresselia|Sitrus Berry|[from] move: Knock Off|[of] p2a: Great Tusk\n|move|p2b: Talonflame|Will-O-Wisp|p1a: Ogerpon\n|-status|p1a: Ogerpon|brn\n|move|p1a: Ogerpon|Stomping Tantrum|p2a: Great Tusk\n|-supereffective|p2a: Great Tusk\n|-damage|p2a: Great Tusk|11\/100\n|move|p1b: Cresselia|Moonblast|p2b: Talonflame\n|-resisted|p2b: Talonflame\n|-damage|p2b: Talonflame|90\/100 par\n|\n|-damage|p1a: Ogerpon|94\/100 brn|[from] brn\n|upkeep\n|turn|12\n|\n|t:|1697831823\n|move|p2a: Great Tusk|Ice Spinner|p1a: Ogerpon\n|-supereffective|p1a: Ogerpon\n|-damage|p1a: Ogerpon|24\/100 brn\n|move|p2b: Talonflame|Taunt|p1b: Cresselia\n|-start|p1b: Cresselia|move: Taunt\n|move|p1a: Ogerpon|Stomping Tantrum|p2a: Great Tusk\n|-supereffective|p2a: Great Tusk\n|-damage|p2a: Great Tusk|0 fnt\n|faint|p2a: Great Tusk\n|-end|p2a: Great Tusk|Protosynthesis|[silent]\n|cant|p1b: Cresselia|move: Taunt|Lunar Blessing\n|\n|-heal|p1a: Ogerpon|30\/100 brn|[from] item: Leftovers\n|-damage|p1a: Ogerpon|24\/100 brn|[from] brn\n|upkeep\n|\n|t:|1697831837\n|switch|p2a: Dragapult|Dragapult, M|100\/100\n|turn|13\n|\n|t:|1697831848\n|switch|p1b: Tornadus|Tornadus, M|31\/100\n|move|p1a: Ogerpon|Spiky Shield|p1a: Ogerpon\n|-singleturn|p1a: Ogerpon|move: Protect\n|move|p2a: Dragapult|Dragon Darts|p1b: Tornadus\n|-damage|p1b: Tornadus|2\/100\n|-anim|p2a: Dragapult|Dragon Darts|p1b: Tornadus\n|-damage|p1b: Tornadus|0 fnt\n|faint|p1b: Tornadus\n|-damage|p2a: Dragapult|91\/100|[from] item: Life Orb\n|move|p2b: Talonflame|Will-O-Wisp|p1a: Ogerpon\n|-activate|p1a: Ogerpon|move: Protect\n|\n|-heal|p1a: Ogerpon|30\/100 brn|[from] item: Leftovers\n|-damage|p1a: Ogerpon|24\/100 brn|[from] brn\n|-sideend|p2: eagerosterkamp|move: Tailwind\n|upkeep\n|\n|t:|1697831850\n|switch|p1b: Cresselia|Cresselia, F|39\/100\n|turn|14\n|\n|t:|1697831875\n|move|p2a: Dragapult|Shadow Ball|p1b: Cresselia\n|-supereffective|p1b: Cresselia\n|-damage|p1b: Cresselia|0 fnt\n|faint|p1b: Cresselia\n|-damage|p2a: Dragapult|81\/100|[from] item: Life Orb\n|move|p1a: Ogerpon|Stomping Tantrum|p2a: Dragapult\n|-damage|p2a: Dragapult|55\/100\n|move|p2b: Talonflame|Brave Bird|p1a: Ogerpon\n|-supereffective|p1a: Ogerpon\n|-damage|p1a: Ogerpon|0 fnt\n|faint|p1a: Ogerpon\n|-damage|p2b: Talonflame|83\/100 par|[from] Recoil\n|\n|upkeep\n|\n|t:|1697831883\n|switch|p1a: Landorus|Landorus-Therian, M|57\/100\n|switch|p1b: Dragapult|Dragapult, M, shiny|100\/100\n|-ability|p1a: Landorus|Intimidate|boost\n|-unboost|p2a: Dragapult|atk|1\n|-unboost|p2b: Talonflame|atk|1\n|turn|15\n|\n|t:|1697831899\n|switch|p2a: Grimmsnarl|Grimmsnarl, M|69\/100\n|move|p1a: Landorus|Rock Slide|p2a: Grimmsnarl|[spread] p2a,p2b\n|-supereffective|p2b: Talonflame\n|-damage|p2a: Grimmsnarl|48\/100\n|-damage|p2b: Talonflame|0 fnt\n|faint|p2b: Talonflame\n|move|p1b: Dragapult|Phantom Force||[still]\n|-prepare|p1b: Dragapult|Phantom Force\n|\n|upkeep\n|\n|t:|1697831909\n|switch|p2b: Dragapult|Dragapult, M|55\/100\n|turn|16\n|\n|t:|1697831924\n|move|p2a: Grimmsnarl|Reflect|p2a: Grimmsnarl\n|-sidestart|p2: eagerosterkamp|Reflect\n|move|p1a: Landorus|Rock Slide|p2a: Grimmsnarl|[spread] p2b\n|-miss|p1a: Landorus|p2a: Grimmsnarl\n|-damage|p2b: Dragapult|34\/100\n|move|p1b: Dragapult|Phantom Force|p2a: Grimmsnarl|[from]lockedmove\n|-resisted|p2a: Grimmsnarl\n|-damage|p2a: Grimmsnarl|29\/100\n|-damage|p1b: Dragapult|91\/100|[from] item: Life Orb\n|cant|p2b: Dragapult|flinch\n|\n|upkeep\n|turn|17\n|\n|t:|1697831947\n|move|p1a: Landorus|Rock Slide|p2b: Dragapult|[spread] p2a,p2b\n|-damage|p2a: Grimmsnarl|16\/100\n|-damage|p2b: Dragapult|15\/100\n|move|p1b: Dragapult|Dragon Darts|p2b: Dragapult\n|-supereffective|p2b: Dragapult\n|-crit|p2b: Dragapult\n|-damage|p2b: Dragapult|0 fnt\n|faint|p2b: Dragapult\n|-damage|p1b: Dragapult|81\/100|[from] item: Life Orb\n|cant|p2a: Grimmsnarl|flinch\n|\n|upkeep\n|turn|18\n|\n|t:|1697831965\n|move|p1a: Landorus|Rock Slide|p2a: Grimmsnarl\n|-damage|p2a: Grimmsnarl|0 fnt\n|faint|p2a: Grimmsnarl\n|\n|win|wingminmon\n|raw|wingminmon's rating: 1186 &rarr; <strong>1218<\/strong><br \/>(+32 for winning)\n|raw|eagerosterkamp's rating: 1282 &rarr; <strong>1250<\/strong><br \/>(-32 for losing)\n|l|\u2606eagerosterkamp\n","uploadtime":1697832059,"views":13,"p1id":"wingminmon","p2id":"eagerosterkamp","formatid":"gen9doublesou","rating":1218,"private":0,"password":""}