{"id":"gen9doublesou-1979120133","p1":"whynotisillegalmew","p2":"Critian Caceorte","format":"[Gen 9] Doubles OU","log":"|j|\u2606whynotisillegalmew\n|j|\u2606Critian Caceorte\n|t:|1698634894\n|gametype|doubles\n|player|p1|whynotisillegalmew|169|1062\n|player|p2|Critian Caceorte|hilda|1097\n|teamsize|p1|6\n|teamsize|p2|6\n|gen|9\n|tier|[Gen 9] Doubles OU\n|rated|\n|rule|Species Clause: Limit one of each Pok\u00e9mon\n|rule|OHKO Clause: OHKO moves are banned\n|rule|Evasion Moves Clause: Evasion moves are banned\n|rule|Gravity Sleep Clause: The combination of sleep-inducing moves with imperfect accuracy and Gravity or Gigantamax Orbeetle are banned\n|rule|Endless Battle Clause: Forcing endless battles is banned\n|rule|HP Percentage Mod: HP is shown in percentages\n|clearpoke\n|poke|p1|Gholdengo|\n|poke|p1|Roaring Moon|\n|poke|p1|Breloom, M|\n|poke|p1|Azumarill, M|\n|poke|p1|Armarouge, F|\n|poke|p1|Gliscor, F|\n|poke|p2|Ariados, F|\n|poke|p2|Volcarona, M|\n|poke|p2|Yanmega, F|\n|poke|p2|Scizor, F|\n|poke|p2|Frosmoth, F|\n|poke|p2|Ribombee, F|\n|teampreview\n|\n|t:|1698634916\n|start\n|switch|p1a: Gliscor|Gliscor, F|100\/100\n|switch|p1b: Armarouge|Armarouge, F|100\/100\n|switch|p2a: Ribombee|Ribombee, F|100\/100\n|switch|p2b: Volcarona|Volcarona, M|100\/100\n|turn|1\n|\n|t:|1698634931\n|-terastallize|p2b: Volcarona|Fire\n|move|p2a: Ribombee|Light Screen|p2a: Ribombee\n|-sidestart|p2: Critian Caceorte|move: Light Screen\n|move|p1a: Gliscor|Toxic Spikes|p2a: Ribombee\n|-sidestart|p2: Critian Caceorte|move: Toxic Spikes\n|move|p2b: Volcarona|Quiver Dance|p2b: Volcarona\n|-boost|p2b: Volcarona|spa|1\n|-boost|p2b: Volcarona|spd|1\n|-boost|p2b: Volcarona|spe|1\n|move|p1b: Armarouge|Will-O-Wisp|p2a: Ribombee\n|-status|p2a: Ribombee|brn\n|\n|-damage|p2a: Ribombee|94\/100 brn|[from] brn\n|upkeep\n|turn|2\n|\n|t:|1698634953\n|switch|p1b: Azumarill|Azumarill, M|100\/100\n|move|p2b: Volcarona|Quiver Dance|p2b: Volcarona\n|-boost|p2b: Volcarona|spa|1\n|-boost|p2b: Volcarona|spd|1\n|-boost|p2b: Volcarona|spe|1\n|move|p2a: Ribombee|Sticky Web|p1a: Gliscor\n|-sidestart|p1: whynotisillegalmew|move: Sticky Web\n|move|p1a: Gliscor|Swords Dance|p1a: Gliscor\n|-boost|p1a: Gliscor|atk|2\n|\n|-damage|p2a: Ribombee|88\/100 brn|[from] brn\n|upkeep\n|turn|3\n|\n|t:|1698634971\n|move|p2b: Volcarona|Bug Buzz|p1b: Azumarill\n|-resisted|p1b: Azumarill\n|-crit|p1b: Azumarill\n|-damage|p1b: Azumarill|51\/100\n|move|p2a: Ribombee|Reflect|p2a: Ribombee\n|-sidestart|p2: Critian Caceorte|Reflect\n|move|p1a: Gliscor|Swords Dance|p1a: Gliscor\n|-boost|p1a: Gliscor|atk|2\n|move|p1b: Azumarill|Amnesia|p1b: Azumarill\n|-boost|p1b: Azumarill|spd|2\n|\n|-damage|p2a: Ribombee|82\/100 brn|[from] brn\n|upkeep\n|turn|4\n|\n|t:|1698634995\n|move|p2b: Volcarona|Bug Buzz|p1b: Azumarill\n|-resisted|p1b: Azumarill\n|-damage|p1b: Azumarill|33\/100\n|move|p2a: Ribombee|Pollen Puff|p1b: Azumarill\n|-resisted|p1b: Azumarill\n|-damage|p1b: Azumarill|28\/100\n|move|p1a: Gliscor|Baton Pass|p1a: Gliscor\n|\n|t:|1698635013\n|switch|p1a: Roaring Moon|Roaring Moon|100\/100|[from] Baton Pass\n|-activate|p1a: Roaring Moon|move: Sticky Web\n|-unboost|p1a: Roaring Moon|spe|1\n|move|p1b: Azumarill|Play Rough|p2b: Volcarona\n|-resisted|p2b: Volcarona\n|-damage|p2b: Volcarona|93\/100\n|\n|-heal|p2b: Volcarona|99\/100|[from] item: Leftovers\n|-damage|p2a: Ribombee|76\/100 brn|[from] brn\n|upkeep\n|turn|5\n|\n|t:|1698635032\n|move|p2b: Volcarona|Bug Buzz|p1a: Roaring Moon\n|-supereffective|p1a: Roaring Moon\n|-damage|p1a: Roaring Moon|0 fnt\n|faint|p1a: Roaring Moon\n|-end|p1a: Roaring Moon|Protosynthesis|[silent]\n|move|p2a: Ribombee|Pollen Puff|p1b: Azumarill\n|-resisted|p1b: Azumarill\n|-damage|p1b: Azumarill|22\/100\n|-enditem|p1b: Azumarill|Aguav Berry|[eat]\n|-heal|p1b: Azumarill|55\/100|[from] item: Aguav Berry\n|move|p1b: Azumarill|Ice Spinner|p2a: Ribombee\n|-damage|p2a: Ribombee|65\/100 brn\n|\n|-heal|p2b: Volcarona|100\/100|[from] item: Leftovers\n|-damage|p2a: Ribombee|59\/100 brn|[from] brn\n|upkeep\n|\n|t:|1698635058\n|switch|p1a: Gliscor|Gliscor, F|100\/100\n|turn|6\n|\n|t:|1698635074\n|switch|p2a: Ariados|Ariados, F|100\/100\n|-sideend|p2: Critian Caceorte|move: Toxic Spikes|[of] p2a: Ariados\n|move|p1b: Azumarill|Protect|p1b: Azumarill\n|-singleturn|p1b: Azumarill|Protect\n|move|p2b: Volcarona|Bug Buzz|p1b: Azumarill\n|-activate|p1b: Azumarill|move: Protect\n|move|p1a: Gliscor|Earthquake|p2b: Volcarona|[spread] p2a,p2b\n|-activate|p1b: Azumarill|move: Protect\n|-supereffective|p2b: Volcarona\n|-damage|p2a: Ariados|74\/100\n|-damage|p2b: Volcarona|50\/100\n|\n|-heal|p2b: Volcarona|56\/100|[from] item: Leftovers\n|upkeep\n|turn|7\n|\n|t:|1698635094\n|move|p2b: Volcarona|Heat Wave|p1a: Gliscor|[spread] p1a,p1b\n|-resisted|p1b: Azumarill\n|-damage|p1a: Gliscor|0 fnt\n|-damage|p1b: Azumarill|47\/100\n|faint|p1a: Gliscor\n|move|p1b: Azumarill|Amnesia|p1b: Azumarill\n|-boost|p1b: Azumarill|spd|2\n|move|p2a: Ariados|Poison Jab|p1b: Azumarill\n|-supereffective|p1b: Azumarill\n|-damage|p1b: Azumarill|0 fnt\n|faint|p1b: Azumarill\n|\n|-heal|p2b: Volcarona|62\/100|[from] item: Leftovers\n|upkeep\n|\n|t:|1698635114\n|switch|p1a: Armarouge|Armarouge, F|100\/100\n|switch|p1b: Breloom|Breloom, M|100\/100\n|-activate|p1b: Breloom|move: Sticky Web\n|-unboost|p1b: Breloom|spe|1\n|-activate|p1a: Armarouge|move: Sticky Web\n|-unboost|p1a: Armarouge|spe|1\n|turn|8\n|\n|t:|1698635127\n|move|p1b: Breloom|Protect|p1b: Breloom\n|-singleturn|p1b: Breloom|Protect\n|move|p1a: Armarouge|Protect|p1a: Armarouge\n|-singleturn|p1a: Armarouge|Protect\n|move|p2b: Volcarona|Heat Wave|p1b: Breloom|[spread] \n|-activate|p1a: Armarouge|move: Protect\n|-activate|p1b: Breloom|move: Protect\n|move|p2a: Ariados|Knock Off|p1a: Armarouge\n|-activate|p1a: Armarouge|move: Protect\n|\n|-heal|p2b: Volcarona|68\/100|[from] item: Leftovers\n|-sideend|p2: Critian Caceorte|move: Light Screen\n|upkeep\n|turn|9\n|\n|t:|1698635147\n|move|p2b: Volcarona|Heat Wave|p1a: Armarouge|[spread] p1a,p1b\n|-resisted|p1a: Armarouge\n|-supereffective|p1b: Breloom\n|-damage|p1a: Armarouge|63\/100\n|-damage|p1b: Breloom|0 fnt\n|faint|p1b: Breloom\n|move|p1a: Armarouge|Will-O-Wisp|p2b: Volcarona\n|-immune|p2b: Volcarona\n|move|p2a: Ariados|Knock Off|p1a: Armarouge\n|-supereffective|p1a: Armarouge\n|-crit|p1a: Armarouge\n|-damage|p1a: Armarouge|0 fnt\n|-enditem|p1a: Armarouge|Aguav Berry|[from] move: Knock Off|[of] p2a: Ariados\n|faint|p1a: Armarouge\n|\n|-heal|p2b: Volcarona|75\/100|[from] item: Leftovers\n|upkeep\n|\n|t:|1698635163\n|switch|p1a: Gholdengo|Gholdengo|100\/100\n|-activate|p1a: Gholdengo|move: Sticky Web\n|-unboost|p1a: Gholdengo|spe|1\n|turn|10\n|\n|t:|1698635170\n|move|p2b: Volcarona|Heat Wave|p1a: Gholdengo\n|-supereffective|p1a: Gholdengo\n|-damage|p1a: Gholdengo|0 fnt\n|faint|p1a: Gholdengo\n|\n|win|Critian Caceorte\n|raw|whynotisillegalmew's rating: 1062 &rarr; <strong>1045<\/strong><br \/>(-17 for losing)\n|raw|Critian Caceorte's rating: 1097 &rarr; <strong>1120<\/strong><br \/>(+23 for winning)\n|c|\u2606Critian Caceorte|gg\n","uploadtime":1698635175,"views":15,"p1id":"whynotisillegalmew","p2id":"critiancaceorte","formatid":"gen9doublesou","rating":1045,"private":0,"password":""}