{"id":"gen9doublesou-1972926010","p1":"edgypunishment","p2":"BotheredHades","format":"[Gen 9] Doubles OU","log":"|j|\u2606edgypunishment\n|j|\u2606BotheredHades\n|t:|1697909556\n|gametype|doubles\n|player|p1|edgypunishment|dawn|1324\n|player|p2|BotheredHades|cynthia|1471\n|teamsize|p1|6\n|teamsize|p2|6\n|gen|9\n|tier|[Gen 9] Doubles OU\n|rated|\n|rule|Species Clause: Limit one of each Pok\u00e9mon\n|rule|OHKO Clause: OHKO moves are banned\n|rule|Evasion Moves Clause: Evasion moves are banned\n|rule|Gravity Sleep Clause: The combination of sleep-inducing moves with imperfect accuracy and Gravity or Gigantamax Orbeetle are banned\n|rule|Endless Battle Clause: Forcing endless battles is banned\n|rule|HP Percentage Mod: HP is shown in percentages\n|clearpoke\n|poke|p1|Dachsbun, F|\n|poke|p1|Iron Valiant|\n|poke|p1|Flutter Mane|\n|poke|p1|Azumarill, M|\n|poke|p1|Carbink|\n|poke|p1|Tinkaton, F|\n|poke|p2|Ogerpon-Hearthflame, F|\n|poke|p2|Rillaboom, M|\n|poke|p2|Glimmora, F|\n|poke|p2|Samurott-Hisui, M|\n|poke|p2|Tornadus, M|\n|poke|p2|Fezandipiti, M|\n|teampreview\n|inactive|Battle timer is ON: inactive players will automatically lose when time's up. (requested by edgypunishment)\n|\n|t:|1697909576\n|start\n|switch|p1a: Dachsbun|Dachsbun, F|100\/100\n|switch|p1b: Iron Valiant|Iron Valiant|100\/100\n|switch|p2a: Glimmora|Glimmora, F|100\/100\n|switch|p2b: Fezandipiti|Fezandipiti, M|100\/100\n|-enditem|p1b: Iron Valiant|Booster Energy\n|-activate|p1b: Iron Valiant|ability: Quark Drive|[fromitem]\n|-start|p1b: Iron Valiant|quarkdrivespe\n|turn|1\n|inactive|edgypunishment has 120 seconds left.\n|\n|t:|1697909635\n|move|p1b: Iron Valiant|Zen Headbutt|p2b: Fezandipiti\n|-supereffective|p2b: Fezandipiti\n|-damage|p2b: Fezandipiti|35\/100\n|move|p2b: Fezandipiti|Icy Wind|p1b: Iron Valiant|[spread] p1a,p1b\n|-damage|p1a: Dachsbun|89\/100\n|-damage|p1b: Iron Valiant|85\/100\n|-unboost|p1a: Dachsbun|spe|1\n|-unboost|p1b: Iron Valiant|spe|1\n|-status|p1b: Iron Valiant|tox|[from] ability: Toxic Chain|[of] p2b: Fezandipiti\n|move|p2a: Glimmora|Sludge Bomb|p1b: Iron Valiant\n|-supereffective|p1b: Iron Valiant\n|-damage|p1b: Iron Valiant|0 fnt\n|faint|p1b: Iron Valiant\n|-end|p1b: Iron Valiant|Quark Drive|[silent]\n|move|p1a: Dachsbun|Trailblaze|p2a: Glimmora\n|-damage|p2a: Glimmora|84\/100\n|-boost|p1a: Dachsbun|spe|1\n|-activate|p2a: Glimmora|ability: Toxic Debris\n|-sidestart|p1: edgypunishment|move: Toxic Spikes\n|\n|upkeep\n|inactive|edgypunishment has 90 seconds left.\n|\n|t:|1697909658\n|switch|p1b: Flutter Mane|Flutter Mane|100\/100\n|-status|p1b: Flutter Mane|psn\n|turn|2\n|inactive|edgypunishment has 90 seconds left.\n|\n|t:|1697909674\n|move|p1b: Flutter Mane|Shadow Ball|p2b: Fezandipiti\n|-damage|p2b: Fezandipiti|11\/100\n|move|p2b: Fezandipiti|Icy Wind|p1b: Flutter Mane|[spread] p1a,p1b\n|-damage|p1a: Dachsbun|77\/100\n|-damage|p1b: Flutter Mane|90\/100 psn\n|-unboost|p1a: Dachsbun|spe|1\n|-unboost|p1b: Flutter Mane|spe|1\n|move|p2a: Glimmora|Sludge Bomb|p1b: Flutter Mane\n|-damage|p1b: Flutter Mane|43\/100 psn\n|move|p1a: Dachsbun|Trailblaze|p2a: Glimmora\n|-damage|p2a: Glimmora|68\/100\n|-boost|p1a: Dachsbun|spe|1\n|-activate|p2a: Glimmora|ability: Toxic Debris\n|-sidestart|p1: edgypunishment|move: Toxic Spikes\n|\n|-damage|p1b: Flutter Mane|31\/100 psn|[from] psn\n|upkeep\n|turn|3\n|\n|t:|1697909697\n|move|p2b: Fezandipiti|Icy Wind|p1a: Dachsbun|[spread] p1a,p1b\n|-damage|p1a: Dachsbun|65\/100\n|-damage|p1b: Flutter Mane|21\/100 psn\n|-unboost|p1a: Dachsbun|spe|1\n|-unboost|p1b: Flutter Mane|spe|1\n|move|p2a: Glimmora|Stealth Rock|p1b: Flutter Mane\n|-sidestart|p1: edgypunishment|move: Stealth Rock\n|move|p1b: Flutter Mane|Shadow Ball|p2b: Fezandipiti\n|-damage|p2b: Fezandipiti|0 fnt\n|faint|p2b: Fezandipiti\n|move|p1a: Dachsbun|Stomping Tantrum|p2a: Glimmora\n|-supereffective|p2a: Glimmora\n|-damage|p2a: Glimmora|0 fnt\n|faint|p2a: Glimmora\n|\n|-damage|p1b: Flutter Mane|9\/100 psn|[from] psn\n|upkeep\n|inactive|BotheredHades has 120 seconds left.\n|\n|t:|1697909713\n|switch|p2b: Ogerpon|Ogerpon-Hearthflame, F|100\/100\n|switch|p2a: Samurott|Samurott-Hisui, M|100\/100\n|-ability|p2b: Ogerpon|Mold Breaker\n|turn|4\n|inactive|edgypunishment has 120 seconds left.\n|\n|t:|1697909725\n|-terastallize|p2b: Ogerpon|Fire\n|detailschange|p2b: Ogerpon|Ogerpon-Hearthflame-Tera, F, tera:Fire\n|-ability|p2b: Ogerpon|Embody Aspect (Hearthflame)|boost\n|-boost|p2b: Ogerpon|atk|1\n|move|p2a: Samurott|Ceaseless Edge|p1b: Flutter Mane\n|-damage|p1b: Flutter Mane|0 fnt\n|-sidestart|p1: edgypunishment|Spikes\n|faint|p1b: Flutter Mane\n|-end|p1b: Flutter Mane|Protosynthesis|[silent]\n|move|p2b: Ogerpon|Horn Leech|p1a: Dachsbun\n|-damage|p1a: Dachsbun|0 fnt\n|faint|p1a: Dachsbun\n|\n|upkeep\n|\n|t:|1697909743\n|switch|p1b: Azumarill|Azumarill, M|100\/100\n|switch|p1a: Carbink|Carbink|100\/100\n|-status|p1b: Azumarill|tox\n|-damage|p1b: Azumarill|88\/100 tox|[from] Stealth Rock\n|-damage|p1b: Azumarill|76\/100 tox|[from] Spikes\n|-status|p1a: Carbink|tox\n|-damage|p1a: Carbink|88\/100 tox|[from] Stealth Rock\n|-damage|p1a: Carbink|75\/100 tox|[from] Spikes\n|turn|5\n|inactive|edgypunishment has 120 seconds left.\n|\n|t:|1697909757\n|move|p1b: Azumarill|Aqua Jet|p2b: Ogerpon\n|-supereffective|p2b: Ogerpon\n|-damage|p2b: Ogerpon|33\/100\n|move|p2a: Samurott|Ceaseless Edge|p1a: Carbink\n|-resisted|p1a: Carbink\n|-damage|p1a: Carbink|61\/100 tox\n|-sidestart|p1: edgypunishment|Spikes\n|move|p2b: Ogerpon|Horn Leech|p1b: Azumarill\n|-supereffective|p1b: Azumarill\n|-damage|p1b: Azumarill|0 fnt\n|-heal|p2b: Ogerpon|76\/100|[from] drain|[of] p1b: Azumarill\n|faint|p1b: Azumarill\n|move|p1a: Carbink|Trick Room|p1a: Carbink\n|-fieldstart|move: Trick Room|[of] p1a: Carbink\n|\n|-damage|p1a: Carbink|55\/100 tox|[from] psn\n|upkeep\n|inactive|edgypunishment has 120 seconds left.\n|\n|t:|1697909771\n|switch|p1b: Tinkaton|Tinkaton, F|100\/100\n|-damage|p1b: Tinkaton|94\/100|[from] Stealth Rock\n|-damage|p1b: Tinkaton|78\/100|[from] Spikes\n|turn|6\n|\n|t:|1697909788\n|switch|p2a: Rillaboom|Rillaboom, M|100\/100\n|-fieldstart|move: Grassy Terrain|[from] ability: Grassy Surge|[of] p2a: Rillaboom\n|-terastallize|p1b: Tinkaton|Fairy\n|move|p1a: Carbink|Stone Edge|p2b: Ogerpon\n|-supereffective|p2b: Ogerpon\n|-crit|p2b: Ogerpon\n|-damage|p2b: Ogerpon|0 fnt\n|faint|p2b: Ogerpon\n|move|p1b: Tinkaton|Play Rough|p2a: Rillaboom\n|-damage|p2a: Rillaboom|47\/100\n|\n|-heal|p1a: Carbink|61\/100 tox|[from] Grassy Terrain\n|-heal|p1b: Tinkaton|84\/100|[from] Grassy Terrain\n|-heal|p2a: Rillaboom|53\/100|[from] Grassy Terrain\n|-damage|p1a: Carbink|49\/100 tox|[from] psn\n|upkeep\n|\n|t:|1697909806\n|switch|p2b: Tornadus|Tornadus, M|100\/100\n|turn|7\n|-activate|p1b: Tinkaton|item: Quick Claw\n|\n|t:|1697909824\n|move|p2a: Rillaboom|Fake Out|p1b: Tinkaton\n|-damage|p1b: Tinkaton|70\/100\n|move|p2b: Tornadus|Taunt|p1a: Carbink\n|-start|p1a: Carbink|move: Taunt\n|-enditem|p1a: Carbink|Mental Herb\n|-end|p1a: Carbink|move: Taunt\n|cant|p1b: Tinkaton|flinch\n|move|p1a: Carbink|Stone Edge|p2b: Tornadus\n|-supereffective|p2b: Tornadus\n|-damage|p2b: Tornadus|49\/100\n|\n|-heal|p1a: Carbink|55\/100 tox|[from] Grassy Terrain\n|-heal|p1b: Tinkaton|76\/100|[from] Grassy Terrain\n|-heal|p2a: Rillaboom|59\/100|[from] Grassy Terrain\n|-damage|p1a: Carbink|36\/100 tox|[from] psn\n|upkeep\n|turn|8\n|\n|t:|1697909844\n|move|p2b: Tornadus|Taunt|p1a: Carbink\n|-start|p1a: Carbink|move: Taunt\n|move|p2a: Rillaboom|Grassy Glide|p1b: Tinkaton\n|-damage|p1b: Tinkaton|38\/100\n|move|p1a: Carbink|Stone Edge|p2b: Tornadus\n|-supereffective|p2b: Tornadus\n|-damage|p2b: Tornadus|1\/100\n|move|p1b: Tinkaton|Gigaton Hammer|p2a: Rillaboom\n|-damage|p2a: Rillaboom|0 fnt\n|faint|p2a: Rillaboom\n|\n|-heal|p1a: Carbink|43\/100 tox|[from] Grassy Terrain\n|-heal|p1b: Tinkaton|44\/100|[from] Grassy Terrain\n|-damage|p1a: Carbink|18\/100 tox|[from] psn\n|upkeep\n|\n|t:|1697909858\n|switch|p2a: Samurott|Samurott-Hisui, M|100\/100\n|turn|9\n|-activate|p1b: Tinkaton|item: Quick Claw\n|\n|t:|1697909873\n|move|p1b: Tinkaton|Play Rough|p2a: Samurott\n|-supereffective|p2a: Samurott\n|-damage|p2a: Samurott|0 fnt\n|faint|p2a: Samurott\n|move|p1a: Carbink|Body Press|p2b: Tornadus\n|-resisted|p2b: Tornadus\n|-damage|p2b: Tornadus|0 fnt\n|faint|p2b: Tornadus\n|\n|win|edgypunishment\n|raw|edgypunishment's rating: 1324 &rarr; <strong>1352<\/strong><br \/>(+28 for winning)\n|raw|BotheredHades's rating: 1471 &rarr; <strong>1443<\/strong><br \/>(-28 for losing)\n|l|\u2606BotheredHades\n","uploadtime":1697909886,"views":19,"p1id":"edgypunishment","p2id":"botheredhades","formatid":"gen9doublesou","rating":1352,"private":0,"password":""}