{"id":"gen9doublesou-1981556514","p1":"flare michael","p2":"darkninj7676","format":"[Gen 9] Doubles OU","log":"|j|\u2606flare michael\n|j|\u2606darkninj7676\n|t:|1698917794\n|gametype|doubles\n|player|p1|flare michael|cynthia-gen4|1075\n|player|p2|darkninj7676|n|1183\n|teamsize|p1|6\n|teamsize|p2|6\n|gen|9\n|tier|[Gen 9] Doubles OU\n|rated|\n|rule|Species Clause: Limit one of each Pok\u00e9mon\n|rule|OHKO Clause: OHKO moves are banned\n|rule|Evasion Moves Clause: Evasion moves are banned\n|rule|Gravity Sleep Clause: The combination of sleep-inducing moves with imperfect accuracy and Gravity or Gigantamax Orbeetle are banned\n|rule|Endless Battle Clause: Forcing endless battles is banned\n|rule|HP Percentage Mod: HP is shown in percentages\n|clearpoke\n|poke|p1|Gholdengo|\n|poke|p1|Cresselia, F|\n|poke|p1|Amoonguss, F|\n|poke|p1|Diancie|\n|poke|p1|Jirachi|\n|poke|p1|Manaphy|\n|poke|p2|Iron Hands|\n|poke|p2|Snorlax, F|\n|poke|p2|Sinistcha|\n|poke|p2|Kommo-o, F|\n|poke|p2|Landorus-Therian, M|\n|poke|p2|Clefairy, F|\n|teampreview\n|inactive|Battle timer is ON: inactive players will automatically lose when time's up. (requested by darkninj7676)\n|\n|t:|1698917809\n|start\n|switch|p1a: special?|Jirachi|100\/100\n|switch|p1b: cute blorp|Manaphy|100\/100\n|switch|p2a: Kommo-o|Kommo-o, F, shiny|100\/100\n|switch|p2b: Clefairy|Clefairy, F|100\/100\n|turn|1\n|\n|t:|1698917820\n|move|p2b: Clefairy|Follow Me|p2b: Clefairy\n|-singleturn|p2b: Clefairy|move: Follow Me\n|move|p1a: special?|Doom Desire|p2b: Clefairy\n|-start|p1a: special?|Doom Desire\n|move|p1b: cute blorp|Tail Glow|p1b: cute blorp\n|-boost|p1b: cute blorp|spa|3\n|move|p2a: Kommo-o|Clangorous Soul|p2a: Kommo-o\n|-boost|p2a: Kommo-o|atk|1\n|-boost|p2a: Kommo-o|def|1\n|-boost|p2a: Kommo-o|spa|1\n|-boost|p2a: Kommo-o|spd|1\n|-boost|p2a: Kommo-o|spe|1\n|-damage|p2a: Kommo-o|68\/100\n|-enditem|p2a: Kommo-o|Throat Spray\n|-boost|p2a: Kommo-o|spa|1|[from] item: Throat Spray\n|\n|upkeep\n|turn|2\n|\n|t:|1698917849\n|move|p2a: Kommo-o|Clanging Scales|p1a: special?|[spread] p1a,p1b\n|-resisted|p1a: special?\n|-damage|p1a: special?|64\/100\n|-damage|p1b: cute blorp|36\/100\n|-unboost|p2a: Kommo-o|def|1\n|move|p1a: special?|Fire Punch|p2a: Kommo-o\n|-resisted|p2a: Kommo-o\n|-damage|p2a: Kommo-o|62\/100\n|move|p1b: cute blorp|Acid Armor|p1b: cute blorp\n|-boost|p1b: cute blorp|def|2\n|move|p2b: Clefairy|Heal Pulse|p2a: Kommo-o\n|-heal|p2a: Kommo-o|100\/100\n|\n|-heal|p1b: cute blorp|42\/100|[from] item: Leftovers\n|-heal|p1a: special?|70\/100|[from] item: Leftovers\n|upkeep\n|turn|3\n|\n|t:|1698917873\n|move|p2a: Kommo-o|Protect|p2a: Kommo-o\n|-singleturn|p2a: Kommo-o|Protect\n|move|p2b: Clefairy|Protect|p2b: Clefairy\n|-singleturn|p2b: Clefairy|Protect\n|move|p1a: special?|Doom Desire|p2a: Kommo-o\n|-start|p1a: special?|Doom Desire\n|move|p1b: cute blorp|Baton Pass|p1b: cute blorp\n|\n|t:|1698917884\n|switch|p1b: Gold|Gholdengo, shiny|100\/100|[from] Baton Pass\n|\n|-end|p2b: Clefairy|move: Doom Desire\n|-supereffective|p2b: Clefairy\n|-damage|p2b: Clefairy|3\/100\n|-heal|p1a: special?|76\/100|[from] item: Leftovers\n|upkeep\n|turn|4\n|\n|t:|1698917902\n|-terastallize|p2a: Kommo-o|Steel\n|-terastallize|p1b: Gold|Steel\n|move|p2a: Kommo-o|Clanging Scales|p1b: Gold|[spread] p1a,p1b\n|-resisted|p1a: special?\n|-resisted|p1b: Gold\n|-damage|p1a: special?|35\/100\n|-damage|p1b: Gold|55\/100\n|-unboost|p2a: Kommo-o|def|1\n|move|p1a: special?|Encore|p2b: Clefairy\n|-start|p2b: Clefairy|Encore\n|move|p1b: Gold|Make It Rain|p2b: Clefairy|[spread] p2a,p2b\n|-resisted|p2a: Kommo-o\n|-supereffective|p2b: Clefairy\n|-damage|p2a: Kommo-o|32\/100\n|-damage|p2b: Clefairy|0 fnt\n|-unboost|p1b: Gold|spa|1\n|faint|p2b: Clefairy\n|\n|-heal|p1a: special?|42\/100|[from] item: Leftovers\n|upkeep\n|\n|t:|1698917918\n|switch|p2b: Sinistcha|Sinistcha|100\/100\n|-heal|p2a: Kommo-o|57\/100|[from] ability: Hospitality|[of] p2b: Sinistcha\n|turn|5\n|\n|t:|1698917931\n|move|p2a: Kommo-o|Clanging Scales|p1b: Gold|[spread] p1a,p1b\n|-resisted|p1a: special?\n|-resisted|p1b: Gold\n|-crit|p1b: Gold\n|-damage|p1a: special?|5\/100\n|-damage|p1b: Gold|0 fnt\n|faint|p1b: Gold\n|-unboost|p2a: Kommo-o|def|1\n|move|p1a: special?|Fire Punch|p2a: Kommo-o\n|-supereffective|p2a: Kommo-o\n|-damage|p2a: Kommo-o|0 fnt\n|faint|p2a: Kommo-o\n|move|p2b: Sinistcha|Matcha Gotcha|p1a: special?\n|-resisted|p1a: special?\n|-damage|p1a: special?|0 fnt\n|faint|p1a: special?\n|\n|-hint|Doom Desire did not hit because the target is fainted.\n|upkeep\n|\n|t:|1698917949\n|switch|p1a: Amongus|Amoonguss, F, shiny|100\/100\n|switch|p1b: Moony|Cresselia, F, shiny|100\/100\n|switch|p2a: Snorlax|Snorlax, F|100\/100\n|turn|6\n|\n|t:|1698917958\n|move|p2b: Sinistcha|Rage Powder|p2b: Sinistcha\n|-singleturn|p2b: Sinistcha|move: Rage Powder\n|move|p1a: Amongus|Spore|p2a: Snorlax\n|-status|p2a: Snorlax|slp|[from] move: Spore\n|cant|p2a: Snorlax|slp\n|move|p1b: Moony|Trick Room|p1b: Moony\n|-fieldstart|move: Trick Room|[of] p1b: Moony\n|\n|upkeep\n|turn|7\n|\n|t:|1698917974\n|move|p2b: Sinistcha|Rage Powder|p2b: Sinistcha\n|-singleturn|p2b: Sinistcha|move: Rage Powder\n|move|p1a: Amongus|Grass Knot|p2a: Snorlax\n|-damage|p2a: Snorlax|80\/100 slp\n|-curestatus|p2a: Snorlax|slp|[msg]\n|move|p2a: Snorlax|Belly Drum|p2a: Snorlax\n|-damage|p2a: Snorlax|30\/100\n|-setboost|p2a: Snorlax|atk|6|[from] move: Belly Drum\n|-enditem|p2a: Snorlax|Sitrus Berry|[eat]\n|-heal|p2a: Snorlax|55\/100|[from] item: Sitrus Berry\n|move|p1b: Moony|Psychic|p2b: Sinistcha\n|-damage|p2b: Sinistcha|73\/100\n|\n|upkeep\n|turn|8\n|\n|t:|1698917992\n|move|p1a: Amongus|Spore|p2a: Snorlax\n|-status|p2a: Snorlax|slp|[from] move: Spore\n|cant|p2a: Snorlax|slp\n|move|p2b: Sinistcha|Strength Sap|p1b: Moony\n|-unboost|p1b: Moony|atk|1\n|-heal|p2b: Sinistcha|100\/100\n|move|p1b: Moony|Psychic|p2a: Snorlax\n|-damage|p2a: Snorlax|36\/100 slp\n|\n|upkeep\n|turn|9\n|\n|t:|1698918004\n|switch|p2b: Iron Hands|Iron Hands|100\/100\n|-curestatus|p2a: Snorlax|slp|[msg]\n|move|p2a: Snorlax|Facade|p1a: Amongus\n|-damage|p1a: Amongus|9\/100\n|move|p1a: Amongus|Grass Knot|p2a: Snorlax\n|-damage|p2a: Snorlax|12\/100\n|move|p1b: Moony|Psychic|p2a: Snorlax\n|-damage|p2a: Snorlax|0 fnt\n|faint|p2a: Snorlax\n|\n|-heal|p1a: Amongus|15\/100|[from] item: Leftovers\n|upkeep\n|\n|t:|1698918019\n|switch|p2a: Sinistcha|Sinistcha|100\/100\n|turn|10\n|\n|t:|1698918033\n|move|p2b: Iron Hands|Fake Out|p1a: Amongus\n|-damage|p1a: Amongus|4\/100\n|cant|p1a: Amongus|flinch\n|move|p2a: Sinistcha|Matcha Gotcha|p1b: Moony|[spread] p1a,p1b\n|-resisted|p1a: Amongus\n|-damage|p1a: Amongus|0 fnt\n|-damage|p1b: Moony|85\/100\n|faint|p1a: Amongus\n|move|p1b: Moony|Psychic|p2b: Iron Hands\n|-supereffective|p2b: Iron Hands\n|-crit|p2b: Iron Hands\n|-damage|p2b: Iron Hands|55\/100\n|\n|-heal|p1b: Moony|91\/100|[from] item: Leftovers\n|-fieldend|move: Trick Room\n|upkeep\n|\n|t:|1698918047\n|switch|p1a: cute blorp|Manaphy|42\/100\n|turn|11\n|\n|t:|1698918060\n|move|p1a: cute blorp|Acid Armor|p1a: cute blorp\n|-boost|p1a: cute blorp|def|2\n|move|p1b: Moony|Psychic|p2b: Iron Hands\n|-supereffective|p2b: Iron Hands\n|-damage|p2b: Iron Hands|24\/100\n|-unboost|p2b: Iron Hands|spd|1\n|move|p2a: Sinistcha|Matcha Gotcha|p1a: cute blorp|[spread] p1b\n|-miss|p2a: Sinistcha|p1a: cute blorp\n|-damage|p1b: Moony|75\/100\n|move|p2b: Iron Hands|Drain Punch|p1a: cute blorp\n|-damage|p1a: cute blorp|22\/100\n|-heal|p2b: Iron Hands|34\/100|[from] drain|[of] p1a: cute blorp\n|\n|-heal|p1a: cute blorp|28\/100|[from] item: Leftovers\n|-heal|p1b: Moony|81\/100|[from] item: Leftovers\n|upkeep\n|turn|12\n|\n|t:|1698918077\n|move|p1a: cute blorp|Tail Glow|p1a: cute blorp\n|-boost|p1a: cute blorp|spa|3\n|move|p1b: Moony|Psychic|p2b: Iron Hands\n|-supereffective|p2b: Iron Hands\n|-damage|p2b: Iron Hands|0 fnt\n|faint|p2b: Iron Hands\n|-end|p2b: Iron Hands|Quark Drive|[silent]\n|move|p2a: Sinistcha|Matcha Gotcha|p1a: cute blorp|[spread] p1a,p1b\n|-supereffective|p1a: cute blorp\n|-damage|p1a: cute blorp|0 fnt\n|-damage|p1b: Moony|64\/100\n|faint|p1a: cute blorp\n|\n|-heal|p1b: Moony|70\/100|[from] item: Leftovers\n|upkeep\n|\n|t:|1698918085\n|switch|p1a: rock diamond|Diancie|100\/100\n|switch|p2b: Landorus|Landorus-Therian, M|100\/100\n|-ability|p2b: Landorus|Intimidate|boost\n|-fail|p1a: rock diamond|unboost|[from] ability: Clear Body|[of] p1a: rock diamond\n|-unboost|p1b: Moony|atk|1\n|turn|13\n|\n|t:|1698918097\n|move|p2b: Landorus|Rock Slide|p1a: rock diamond|[spread] p1a,p1b\n|-damage|p1a: rock diamond|87\/100\n|-damage|p1b: Moony|55\/100\n|move|p2a: Sinistcha|Matcha Gotcha|p1a: rock diamond|[spread] p1a,p1b\n|-supereffective|p1a: rock diamond\n|-damage|p1a: rock diamond|55\/100\n|-damage|p1b: Moony|39\/100\n|cant|p1a: rock diamond|flinch\n|cant|p1b: Moony|flinch\n|\n|-heal|p1b: Moony|45\/100|[from] item: Leftovers\n|-heal|p1a: rock diamond|61\/100|[from] item: Leftovers\n|upkeep\n|turn|14\n|\n|t:|1698918111\n|move|p2b: Landorus|Rock Slide|p1a: rock diamond|[spread] p1a,p1b\n|-crit|p1b: Moony\n|-damage|p1a: rock diamond|47\/100\n|-damage|p1b: Moony|23\/100\n|move|p2a: Sinistcha|Matcha Gotcha|p1a: rock diamond|[spread] p1a,p1b\n|-supereffective|p1a: rock diamond\n|-damage|p1a: rock diamond|11\/100\n|-damage|p1b: Moony|7\/100\n|-status|p1b: Moony|brn\n|cant|p1a: rock diamond|flinch\n|cant|p1b: Moony|flinch\n|\n|-heal|p1b: Moony|13\/100 brn|[from] item: Leftovers\n|-heal|p1a: rock diamond|17\/100|[from] item: Leftovers\n|-damage|p1b: Moony|7\/100 brn|[from] brn\n|upkeep\n|turn|15\n|c|\u2606flare michael|stupid piece of shit\n|\n|t:|1698918133\n|move|p2b: Landorus|Rock Slide|p1a: rock diamond|[spread] p1a,p1b\n|-damage|p1a: rock diamond|2\/100\n|-damage|p1b: Moony|0 fnt\n|faint|p1b: Moony\n|move|p2a: Sinistcha|Matcha Gotcha|p1a: rock diamond\n|-supereffective|p1a: rock diamond\n|-damage|p1a: rock diamond|0 fnt\n|faint|p1a: rock diamond\n|\n|win|darkninj7676\n|raw|flare michael's rating: 1075 &rarr; <strong>1060<\/strong><br \/>(-15 for losing)\n|raw|darkninj7676's rating: 1183 &rarr; <strong>1200<\/strong><br \/>(+17 for winning)\n","uploadtime":1698918130,"views":26,"p1id":"flaremichael","p2id":"darkninj7676","formatid":"gen9doublesou","rating":1060,"private":0,"password":""}