{"id":"gen9doublesou-1969324625","p1":"aceofspadez669","p2":"Beabadoobees","format":"[Gen 9] Doubles OU","log":"|j|\u2606aceofspadez669\n|j|\u2606Beabadoobees\n|t:|1697514258\n|gametype|doubles\n|player|p1|aceofspadez669|acetrainer-gen4|1424\n|player|p2|Beabadoobees|caitlin|1500\n|teamsize|p1|6\n|teamsize|p2|6\n|gen|9\n|tier|[Gen 9] Doubles OU\n|rated|\n|rule|Species Clause: Limit one of each Pok\u00e9mon\n|rule|OHKO Clause: OHKO moves are banned\n|rule|Evasion Moves Clause: Evasion moves are banned\n|rule|Gravity Sleep Clause: The combination of sleep-inducing moves with imperfect accuracy and Gravity or Gigantamax Orbeetle are banned\n|rule|Endless Battle Clause: Forcing endless battles is banned\n|rule|HP Percentage Mod: HP is shown in percentages\n|clearpoke\n|poke|p1|Staraptor, M|\n|poke|p1|Volbeat, M|\n|poke|p1|Shiftry, M|\n|poke|p1|Basculegion, M|\n|poke|p1|Amoonguss, F|\n|poke|p1|Politoed, F|\n|poke|p2|Cresselia, F|\n|poke|p2|Ursaluna, F|\n|poke|p2|Chien-Pao|\n|poke|p2|Dragonite, F|\n|poke|p2|Torkoal, M|\n|poke|p2|Lilligant-Hisui, F|\n|teampreview\n|inactive|Battle timer is ON: inactive players will automatically lose when time's up. (requested by aceofspadez669)\n|\n|t:|1697514273\n|start\n|switch|p1a: Star lord|Staraptor, M|100\/100\n|switch|p1b: draxx|Amoonguss, F|100\/100\n|switch|p2a: Lunette|Cresselia, F, shiny|100\/100\n|switch|p2b: Ja|Ursaluna, F|100\/100\n|-ability|p1a: Star lord|Intimidate|boost\n|-unboost|p2a: Lunette|atk|1\n|-unboost|p2b: Ja|atk|1\n|turn|1\n|\n|t:|1697514281\n|move|p1a: Star lord|U-turn|p2a: Lunette\n|-supereffective|p2a: Lunette\n|-damage|p2a: Lunette|69\/100\n|\n|t:|1697514292\n|switch|p1a: I am groot|Shiftry, M|100\/100|[from] U-turn\n|move|p2b: Ja|Swords Dance|p2b: Ja\n|-boost|p2b: Ja|atk|2\n|move|p1b: draxx|Spore|p2a: Lunette\n|-status|p2a: Lunette|slp|[from] move: Spore\n|cant|p2a: Lunette|slp\n|\n|-status|p2b: Ja|brn|[from] item: Flame Orb\n|upkeep\n|turn|2\n|\n|t:|1697514320\n|switch|p2b: Kabuki|Lilligant-Hisui, F|100\/100\n|-terastallize|p1b: draxx|Ghost\n|move|p1b: draxx|Rage Powder|p1b: draxx\n|-singleturn|p1b: draxx|move: Rage Powder\n|move|p1a: I am groot|Brick Break|p2b: Kabuki\n|-damage|p2b: Kabuki|55\/100\n|-damage|p1a: I am groot|91\/100|[from] item: Life Orb\n|-curestatus|p2a: Lunette|slp|[msg]\n|move|p2a: Lunette|Trick Room|p2a: Lunette\n|-fieldstart|move: Trick Room|[of] p2a: Lunette\n|\n|-damage|p1b: draxx|88\/100|[from] item: Black Sludge\n|upkeep\n|turn|3\n|\n|t:|1697514338\n|move|p1b: draxx|Spore|p2b: Kabuki\n|-immune|p2b: Kabuki\n|move|p2a: Lunette|Lunar Blessing|p2a: Lunette|[spread] p2a,p2b\n|-heal|p2a: Lunette|94\/100\n|-heal|p2b: Kabuki|80\/100\n|move|p1a: I am groot|Knock Off|p2a: Lunette\n|-supereffective|p2a: Lunette\n|-damage|p2a: Lunette|17\/100\n|-enditem|p2a: Lunette|Mental Herb|[from] move: Knock Off|[of] p1a: I am groot\n|-damage|p1a: I am groot|81\/100|[from] item: Life Orb\n|move|p2b: Kabuki|Axe Kick|p1a: I am groot\n|-supereffective|p1a: I am groot\n|-damage|p1a: I am groot|0 fnt\n|faint|p1a: I am groot\n|\n|-damage|p1b: draxx|75\/100|[from] item: Black Sludge\n|upkeep\n|\n|t:|1697514356\n|switch|p1a: Star lord|Staraptor, M|100\/100\n|-ability|p1a: Star lord|Intimidate|boost\n|-unboost|p2a: Lunette|atk|1\n|-unboost|p2b: Kabuki|atk|1\n|turn|4\n|inactive|Beabadoobees has 120 seconds left.\n|\n|t:|1697514389\n|move|p1b: draxx|Spore|p2a: Lunette\n|-status|p2a: Lunette|slp|[from] move: Spore\n|cant|p2a: Lunette|slp\n|move|p2b: Kabuki|Sleep Powder|p1a: Star lord\n|-status|p1a: Star lord|slp|[from] move: Sleep Powder\n|cant|p1a: Star lord|slp\n|\n|-damage|p1b: draxx|63\/100|[from] item: Black Sludge\n|upkeep\n|turn|5\n|\n|t:|1697514409\n|move|p1b: draxx|Giga Drain|p2b: Kabuki\n|-resisted|p2b: Kabuki\n|-damage|p2b: Kabuki|63\/100\n|-heal|p1b: draxx|69\/100|[from] drain|[of] p2b: Kabuki\n|-curestatus|p2a: Lunette|slp|[msg]\n|move|p2a: Lunette|Lunar Blessing|p2a: Lunette|[spread] p2a,p2b\n|-heal|p2a: Lunette|42\/100\n|-heal|p2b: Kabuki|88\/100\n|move|p2b: Kabuki|Axe Kick|p1a: Star lord\n|-damage|p1a: Star lord|60\/100 slp\n|cant|p1a: Star lord|slp\n|\n|-damage|p1b: draxx|56\/100|[from] item: Black Sludge\n|upkeep\n|turn|6\n|c|\u2606Beabadoobees|i like your nicknames\n|inactive|aceofspadez669 has 120 seconds left.\n|\n|t:|1697514440\n|switch|p1a: Basculegion|Basculegion, M|100\/100\n|move|p1b: draxx|Spore|p2a: Lunette\n|-status|p2a: Lunette|slp|[from] move: Spore\n|cant|p2a: Lunette|slp\n|move|p2b: Kabuki|Axe Kick|p1a: Basculegion\n|-immune|p1a: Basculegion\n|-damage|p2b: Kabuki|38\/100|[from] highjumpkick\n|\n|-damage|p1b: draxx|44\/100|[from] item: Black Sludge\n|-fieldend|move: Trick Room\n|upkeep\n|turn|7\n|c|\u2606aceofspadez669|ty\n|inactive|Beabadoobees has 120 seconds left.\n|\n|t:|1697514482\n|switch|p2b: Diego|Chien-Pao|100\/100\n|-ability|p2b: Diego|Sword of Ruin\n|switch|p1a: Star lord|Staraptor, M|60\/100 slp\n|-ability|p1a: Star lord|Intimidate|boost\n|-unboost|p2a: Lunette|atk|1\n|-unboost|p2b: Diego|atk|1\n|cant|p2a: Lunette|slp\n|move|p1b: draxx|Pollen Puff|p2b: Diego\n|-supereffective|p2b: Diego\n|-damage|p2b: Diego|46\/100\n|\n|-damage|p1b: draxx|31\/100|[from] item: Black Sludge\n|upkeep\n|turn|8\n|inactive|Beabadoobees has 120 seconds left.\n|\n|t:|1697514506\n|move|p1b: draxx|Rage Powder|p1b: draxx\n|-singleturn|p1b: draxx|move: Rage Powder\n|move|p2b: Diego|Lash Out|p1b: draxx\n|-supereffective|p1b: draxx\n|-damage|p1b: draxx|0 fnt\n|faint|p1b: draxx\n|cant|p1a: Star lord|slp\n|-curestatus|p2a: Lunette|slp|[msg]\n|move|p2a: Lunette|Trick Room|p2a: Lunette\n|-fieldstart|move: Trick Room|[of] p2a: Lunette\n|\n|upkeep\n|\n|t:|1697514522\n|switch|p1b: Basculegion|Basculegion, M|100\/100\n|turn|9\n|\n|t:|1697514536\n|move|p1b: Basculegion|Aqua Jet|p2b: Diego\n|-damage|p2b: Diego|3\/100\n|move|p2b: Diego|Sucker Punch||[still]\n|-fail|p2b: Diego\n|move|p2a: Lunette|Lunar Blessing|p2a: Lunette|[spread] p2a,p2b\n|-heal|p2a: Lunette|67\/100\n|-heal|p2b: Diego|28\/100\n|-curestatus|p1a: Star lord|slp|[msg]\n|move|p1a: Star lord|U-turn|p2a: Lunette\n|-supereffective|p2a: Lunette\n|-damage|p2a: Lunette|23\/100\n|\n|t:|1697514551\n|switch|p1a: thanos|Volbeat, M|100\/100|[from] U-turn\n|\n|upkeep\n|turn|10\n|\n|t:|1697514564\n|switch|p2b: NBA|Torkoal, M|100\/100\n|-weather|SunnyDay|[from] ability: Drought|[of] p2b: NBA\n|move|p1a: thanos|Encore|p2a: Lunette\n|-start|p2a: Lunette|Encore\n|move|p1b: Basculegion|Aqua Jet|p2b: NBA\n|-supereffective|p2b: NBA\n|-damage|p2b: NBA|76\/100\n|move|p2a: Lunette|Lunar Blessing|p2a: Lunette|[spread] p2a,p2b\n|-heal|p2a: Lunette|48\/100\n|-heal|p2b: NBA|100\/100\n|\n|-weather|SunnyDay|[upkeep]\n|upkeep\n|turn|11\n|\n|t:|1697514583\n|switch|p2b: Ja|Ursaluna, F|100\/100 brn\n|switch|p1a: Politoed|Politoed, F|100\/100\n|-weather|RainDance|[from] ability: Drizzle|[of] p1a: Politoed\n|move|p1b: Basculegion|Aqua Jet|p2b: Ja\n|-supereffective|p2b: Ja\n|-damage|p2b: Ja|29\/100 brn\n|move|p2a: Lunette|Lunar Blessing|p2a: Lunette|[spread] p2a,p2b\n|-heal|p2a: Lunette|73\/100\n|-heal|p2b: Ja|54\/100 brn\n|-curestatus|p2b: Ja|brn|[msg]\n|\n|-weather|RainDance|[upkeep]\n|-status|p2b: Ja|brn|[from] item: Flame Orb\n|upkeep\n|turn|12\n|\n|t:|1697514610\n|-terastallize|p2b: Ja|Ghost\n|move|p1b: Basculegion|Aqua Jet|p2b: Ja\n|-damage|p2b: Ja|21\/100 brn\n|move|p2b: Ja|Headlong Rush|p1b: Basculegion\n|-damage|p1b: Basculegion|0 fnt\n|-unboost|p2b: Ja|def|1\n|-unboost|p2b: Ja|spd|1\n|faint|p1b: Basculegion\n|move|p1a: Politoed|Muddy Water|p2a: Lunette|[spread] p2a\n|-miss|p1a: Politoed|p2b: Ja\n|-damage|p2a: Lunette|57\/100\n|move|p2a: Lunette|Lunar Blessing|p2a: Lunette|[spread] p2a,p2b\n|-heal|p2a: Lunette|82\/100\n|-heal|p2b: Ja|46\/100 brn\n|-curestatus|p2b: Ja|brn|[msg]\n|\n|-weather|RainDance|[upkeep]\n|-end|p2a: Lunette|Encore\n|-fieldend|move: Trick Room\n|-status|p2b: Ja|brn|[from] item: Flame Orb\n|upkeep\n|\n|t:|1697514614\n|switch|p1b: Star lord|Staraptor, M|60\/100\n|-ability|p1b: Star lord|Intimidate|boost\n|-unboost|p2a: Lunette|atk|1\n|-unboost|p2b: Ja|atk|1\n|turn|13\n|\n|t:|1697514639\n|switch|p2b: NBA|Torkoal, M|100\/100\n|-weather|SunnyDay|[from] ability: Drought|[of] p2b: NBA\n|move|p1b: Star lord|U-turn|p2a: Lunette\n|-supereffective|p2a: Lunette\n|-damage|p2a: Lunette|48\/100\n|\n|t:|1697514645\n|switch|p1b: thanos|Volbeat, M|100\/100|[from] U-turn\n|move|p1a: Politoed|Muddy Water|p2a: Lunette|[spread] p2a,p2b\n|-supereffective|p2b: NBA\n|-damage|p2a: Lunette|43\/100\n|-damage|p2b: NBA|70\/100\n|move|p2a: Lunette|Trick Room|p2a: Lunette\n|-fieldstart|move: Trick Room|[of] p2a: Lunette\n|\n|-weather|SunnyDay|[upkeep]\n|upkeep\n|turn|14\n|\n|t:|1697514657\n|move|p1b: thanos|Encore|p2a: Lunette\n|-start|p2a: Lunette|Encore\n|move|p2b: NBA|Eruption|p1a: Politoed|[spread] p1a,p1b\n|-resisted|p1a: Politoed\n|-supereffective|p1b: thanos\n|-damage|p1a: Politoed|82\/100\n|-damage|p1b: thanos|0 fnt\n|faint|p1b: thanos\n|move|p1a: Politoed|Muddy Water|p2a: Lunette|[spread] p2a,p2b\n|-supereffective|p2b: NBA\n|-damage|p2a: Lunette|37\/100\n|-damage|p2b: NBA|44\/100\n|-unboost|p2a: Lunette|accuracy|1\n|move|p2a: Lunette|Trick Room|p2a: Lunette\n|-fieldend|move: Trick Room\n|\n|-weather|SunnyDay|[upkeep]\n|upkeep\n|\n|t:|1697514672\n|switch|p1b: Star lord|Staraptor, M|60\/100\n|-ability|p1b: Star lord|Intimidate|boost\n|-unboost|p2a: Lunette|atk|1\n|-unboost|p2b: NBA|atk|1\n|turn|15\n|\n|t:|1697514699\n|move|p2b: NBA|Protect|p2b: NBA\n|-singleturn|p2b: NBA|Protect\n|move|p1b: Star lord|Brave Bird|p2b: NBA\n|-activate|p2b: NBA|move: Protect\n|move|p1a: Politoed|Muddy Water|p2b: NBA|[spread] \n|-activate|p2b: NBA|move: Protect\n|-miss|p1a: Politoed|p2a: Lunette\n|move|p2a: Lunette|Trick Room|p2a: Lunette\n|-fieldstart|move: Trick Room|[of] p2a: Lunette\n|\n|-weather|SunnyDay|[upkeep]\n|upkeep\n|turn|16\n|inactive|Beabadoobees has 120 seconds left.\n|\n|t:|1697514732\n|switch|p2a: Kabuki|Lilligant-Hisui, F|38\/100\n|move|p2b: NBA|Heat Wave|p1a: Politoed|[spread] p1a,p1b\n|-resisted|p1a: Politoed\n|-damage|p1a: Politoed|64\/100\n|-damage|p1b: Star lord|0 fnt\n|faint|p1b: Star lord\n|move|p1a: Politoed|Muddy Water|p2b: NBA|[spread] p2a\n|-miss|p1a: Politoed|p2b: NBA\n|-resisted|p2a: Kabuki\n|-damage|p2a: Kabuki|29\/100\n|\n|-weather|SunnyDay|[upkeep]\n|upkeep\n|turn|17\n|\n|t:|1697514744\n|move|p2b: NBA|Protect|p2b: NBA\n|-singleturn|p2b: NBA|Protect\n|move|p1a: Politoed|Icy Wind|p2a: Kabuki|[spread] p2a\n|-activate|p2b: NBA|move: Protect\n|-supereffective|p2a: Kabuki\n|-crit|p2a: Kabuki\n|-damage|p2a: Kabuki|0 fnt\n|faint|p2a: Kabuki\n|\n|-weather|none\n|upkeep\n|\n|t:|1697514749\n|switch|p2a: Ja|Ursaluna, F, tera:Ghost|46\/100 brn\n|turn|18\n|\n|t:|1697514753\n|move|p1a: Politoed|Protect|p1a: Politoed\n|-singleturn|p1a: Politoed|Protect\n|move|p2b: NBA|Heat Wave|p1a: Politoed\n|-activate|p1a: Politoed|move: Protect\n|move|p2a: Ja|Facade|p1a: Politoed\n|-activate|p1a: Politoed|move: Protect\n|\n|-damage|p2a: Ja|40\/100 brn|[from] brn\n|upkeep\n|turn|19\n|\n|t:|1697514764\n|move|p1a: Politoed|Protect|p1a: Politoed\n|-singleturn|p1a: Politoed|Protect\n|move|p2b: NBA|Heat Wave|p1a: Politoed\n|-activate|p1a: Politoed|move: Protect\n|move|p2a: Ja|Facade|p1a: Politoed\n|-activate|p1a: Politoed|move: Protect\n|\n|-damage|p2a: Ja|34\/100 brn|[from] brn\n|-fieldend|move: Trick Room\n|upkeep\n|turn|20\n|\n|t:|1697514776\n|switch|p2b: Lunette|Cresselia, F, shiny|37\/100\n|move|p1a: Politoed|Muddy Water|p2b: Lunette|[spread] p2a,p2b\n|-damage|p2a: Ja|14\/100 brn\n|-damage|p2b: Lunette|25\/100\n|-unboost|p2a: Ja|accuracy|1\n|-unboost|p2b: Lunette|accuracy|1\n|move|p2a: Ja|Facade|p1a: Politoed|[miss]\n|-miss|p2a: Ja|p1a: Politoed\n|\n|-damage|p2a: Ja|8\/100 brn|[from] brn\n|upkeep\n|turn|21\n|\n|t:|1697514789\n|switch|p2a: Clover|Dragonite, F, shiny|100\/100\n|move|p2b: Lunette|Lunar Blessing|p2b: Lunette|[spread] p2a,p2b\n|-heal|p2b: Lunette|50\/100\n|move|p1a: Politoed|Muddy Water|p2b: Lunette|[spread] p2a,p2b\n|-resisted|p2a: Clover\n|-damage|p2a: Clover|92\/100\n|-damage|p2b: Lunette|39\/100\n|\n|upkeep\n|turn|22\n|\n|t:|1697514800\n|move|p2b: Lunette|Helping Hand|p2a: Clover\n|-singleturn|p2a: Clover|Helping Hand|[of] p2b: Lunette\n|move|p2a: Clover|Dragon Claw|p1a: Politoed\n|-damage|p1a: Politoed|0 fnt\n|faint|p1a: Politoed\n|\n|win|Beabadoobees\n|raw|aceofspadez669's rating: 1424 &rarr; <strong>1408<\/strong><br \/>(-16 for losing)\n|raw|Beabadoobees's rating: 1500 &rarr; <strong>1516<\/strong><br \/>(+16 for winning)\n","uploadtime":1697514809,"views":11,"p1id":"aceofspadez669","p2id":"beabadoobees","formatid":"gen9doublesou","rating":1408,"private":0,"password":""}