{"id":"gen9doublesou-1974482916","p1":"Marreant","p2":"ChimeBliss","format":"[Gen 9] Doubles OU","log":"|j|\u2606Marreant\n|j|\u2606ChimeBliss\n|t:|1698090699\n|gametype|doubles\n|player|p1|Marreant|preschooler|1228\n|player|p2|ChimeBliss|dawn-gen4pt|1337\n|teamsize|p1|6\n|teamsize|p2|6\n|gen|9\n|tier|[Gen 9] Doubles OU\n|rated|\n|rule|Species Clause: Limit one of each Pok\u00e9mon\n|rule|OHKO Clause: OHKO moves are banned\n|rule|Evasion Moves Clause: Evasion moves are banned\n|rule|Gravity Sleep Clause: The combination of sleep-inducing moves with imperfect accuracy and Gravity or Gigantamax Orbeetle are banned\n|rule|Endless Battle Clause: Forcing endless battles is banned\n|rule|HP Percentage Mod: HP is shown in percentages\n|clearpoke\n|poke|p1|Tyranitar, F|\n|poke|p1|Dragonite, F|\n|poke|p1|Tinkaton, F|\n|poke|p1|Goodra-Hisui, M|\n|poke|p1|Typhlosion-Hisui, F|\n|poke|p1|Brute Bonnet|\n|poke|p2|Chien-Pao|\n|poke|p2|Tornadus, M|\n|poke|p2|Dragonite, F|\n|poke|p2|Chi-Yu|\n|poke|p2|Flutter Mane|\n|poke|p2|Landorus, M|\n|teampreview\n|inactive|Battle timer is ON: inactive players will automatically lose when time's up. (requested by ChimeBliss)\n|inactive|Marreant also wants the timer to be on.\n|\n|t:|1698090725\n|start\n|switch|p1a: Tinkaton|Tinkaton, F, shiny|100\/100\n|switch|p1b: Typhlosion|Typhlosion-Hisui, F, shiny|100\/100\n|switch|p2a: Chi-Yu|Chi-Yu|100\/100\n|switch|p2b: Flutter Mane|Flutter Mane|100\/100\n|-ability|p2a: Chi-Yu|Beads of Ruin\n|-item|p2a: Chi-Yu|Choice Scarf|[from] ability: Frisk|[of] p1b: Typhlosion|[identify]\n|-item|p2b: Flutter Mane|Choice Specs|[from] ability: Frisk|[of] p1b: Typhlosion|[identify]\n|turn|1\n|inactive|ChimeBliss has 120 seconds left.\n|\n|t:|1698090760\n|switch|p1b: Tyranitar|Tyranitar, F|100\/100\n|-weather|Sandstorm|[from] ability: Sand Stream|[of] p1b: Tyranitar\n|-terastallize|p2a: Chi-Yu|Ghost\n|-terastallize|p1a: Tinkaton|Fire\n|move|p2a: Chi-Yu|Dark Pulse|p1b: Tyranitar\n|-resisted|p1b: Tyranitar\n|-damage|p1b: Tyranitar|91\/100\n|move|p2b: Flutter Mane|Shadow Ball|p1b: Tyranitar\n|-resisted|p1b: Tyranitar\n|-damage|p1b: Tyranitar|78\/100\n|-unboost|p1b: Tyranitar|spd|1\n|move|p1a: Tinkaton|Thunder Wave|p2a: Chi-Yu\n|-status|p2a: Chi-Yu|par\n|\n|-weather|Sandstorm|[upkeep]\n|-damage|p2b: Flutter Mane|95\/100|[from] Sandstorm\n|-damage|p2a: Chi-Yu|95\/100 par|[from] Sandstorm\n|-damage|p1a: Tinkaton|94\/100|[from] Sandstorm\n|upkeep\n|turn|2\n|\n|t:|1698090783\n|switch|p1b: Brute Bonnet|Brute Bonnet|100\/100\n|move|p2b: Flutter Mane|Shadow Ball|p1a: Tinkaton\n|-damage|p1a: Tinkaton|29\/100\n|-enditem|p1a: Tinkaton|Sitrus Berry|[eat]\n|-heal|p1a: Tinkaton|53\/100|[from] item: Sitrus Berry\n|move|p2a: Chi-Yu|Dark Pulse|p1a: Tinkaton\n|-damage|p1a: Tinkaton|10\/100\n|move|p1a: Tinkaton|Thunder Wave|p2b: Flutter Mane\n|-status|p2b: Flutter Mane|par\n|\n|-weather|Sandstorm|[upkeep]\n|-damage|p2a: Chi-Yu|89\/100 par|[from] Sandstorm\n|-damage|p1a: Tinkaton|4\/100|[from] Sandstorm\n|-damage|p2b: Flutter Mane|89\/100 par|[from] Sandstorm\n|-damage|p1b: Brute Bonnet|94\/100|[from] Sandstorm\n|upkeep\n|turn|3\n|\n|t:|1698090805\n|move|p1b: Brute Bonnet|Sucker Punch|p2b: Flutter Mane\n|-damage|p2b: Flutter Mane|23\/100 par\n|move|p2a: Chi-Yu|Dark Pulse|p1a: Tinkaton\n|-damage|p1a: Tinkaton|0 fnt\n|faint|p1a: Tinkaton\n|cant|p2b: Flutter Mane|par\n|\n|-weather|Sandstorm|[upkeep]\n|-damage|p2a: Chi-Yu|83\/100 par|[from] Sandstorm\n|-damage|p2b: Flutter Mane|17\/100 par|[from] Sandstorm\n|-damage|p1b: Brute Bonnet|88\/100|[from] Sandstorm\n|upkeep\n|\n|t:|1698090815\n|switch|p1a: Tyranitar|Tyranitar, F|78\/100\n|turn|4\n|\n|t:|1698090821\n|move|p1b: Brute Bonnet|Sucker Punch|p2a: Chi-Yu\n|-supereffective|p2a: Chi-Yu\n|-damage|p2a: Chi-Yu|0 fnt\n|faint|p2a: Chi-Yu\n|move|p2b: Flutter Mane|Shadow Ball|p1b: Brute Bonnet\n|-resisted|p1b: Brute Bonnet\n|-damage|p1b: Brute Bonnet|69\/100\n|move|p1a: Tyranitar|Rock Slide|p2b: Flutter Mane\n|-damage|p2b: Flutter Mane|0 fnt\n|faint|p2b: Flutter Mane\n|-end|p2b: Flutter Mane|Protosynthesis|[silent]\n|\n|-weather|Sandstorm|[upkeep]\n|-damage|p1b: Brute Bonnet|62\/100|[from] Sandstorm\n|upkeep\n|\n|t:|1698090834\n|switch|p2b: Landorus|Landorus, M|100\/100\n|switch|p2a: Tornadus|Tornadus, M|100\/100\n|turn|5\n|\n|t:|1698090848\n|move|p1b: Brute Bonnet|Rage Powder|p1b: Brute Bonnet\n|-singleturn|p1b: Brute Bonnet|move: Rage Powder\n|move|p2a: Tornadus|Bleakwind Storm|p1a: Tyranitar|[spread] p1a,p1b\n|-resisted|p1a: Tyranitar\n|-supereffective|p1b: Brute Bonnet\n|-damage|p1a: Tyranitar|71\/100\n|-damage|p1b: Brute Bonnet|16\/100\n|move|p2b: Landorus|Sandsear Storm|p1a: Tyranitar|[spread] p1a,p1b\n|-supereffective|p1a: Tyranitar\n|-resisted|p1b: Brute Bonnet\n|-damage|p1a: Tyranitar|26\/100\n|-damage|p1b: Brute Bonnet|0 fnt\n|faint|p1b: Brute Bonnet\n|-end|p1b: Brute Bonnet|Protosynthesis|[silent]\n|move|p1a: Tyranitar|Rock Slide|p2a: Tornadus|[spread] p2a,p2b\n|-supereffective|p2a: Tornadus\n|-damage|p2a: Tornadus|4\/100\n|-damage|p2b: Landorus|65\/100\n|\n|-weather|none\n|upkeep\n|\n|t:|1698090863\n|switch|p1b: Typhlosion|Typhlosion-Hisui, F, shiny|100\/100\n|-item|p2a: Tornadus|Focus Sash|[from] ability: Frisk|[of] p1b: Typhlosion|[identify]\n|-item|p2b: Landorus|Life Orb|[from] ability: Frisk|[of] p1b: Typhlosion|[identify]\n|turn|6\n|\n|t:|1698090869\n|switch|p1a: Goodra|Goodra-Hisui, M|100\/100\n|move|p2a: Tornadus|Tailwind|p2a: Tornadus\n|-sidestart|p2: ChimeBliss|move: Tailwind\n|move|p2b: Landorus|Sandsear Storm|p1a: Goodra|[spread] p1a,p1b\n|-supereffective|p1a: Goodra\n|-supereffective|p1b: Typhlosion\n|-damage|p1a: Goodra|15\/100\n|-damage|p1b: Typhlosion|0 fnt\n|faint|p1b: Typhlosion\n|\n|-heal|p1a: Goodra|21\/100|[from] item: Leftovers\n|upkeep\n|\n|t:|1698090879\n|switch|p1b: Tyranitar|Tyranitar, F|26\/100\n|-weather|Sandstorm|[from] ability: Sand Stream|[of] p1b: Tyranitar\n|turn|7\n|\n|t:|1698090885\n|switch|p1b: Dragonite|Dragonite, F, shiny|100\/100\n|move|p2a: Tornadus|Bleakwind Storm|p1a: Goodra|[spread] p1a\n|-miss|p2a: Tornadus|p1b: Dragonite\n|-resisted|p1a: Goodra\n|-damage|p1a: Goodra|8\/100\n|move|p2b: Landorus|Sandsear Storm|p1a: Goodra|[spread] p1a\n|-immune|p1b: Dragonite\n|-supereffective|p1a: Goodra\n|-damage|p1a: Goodra|0 fnt\n|faint|p1a: Goodra\n|\n|-weather|Sandstorm|[upkeep]\n|-damage|p2a: Tornadus|0 fnt|[from] Sandstorm\n|-damage|p1b: Dragonite|94\/100|[from] Sandstorm\n|faint|p2a: Tornadus\n|upkeep\n|\n|t:|1698090902\n|switch|p2a: Dragonite|Dragonite, F, shiny|100\/100\n|switch|p1a: Tyranitar|Tyranitar, F|26\/100\n|turn|8\n|\n|t:|1698090924\n|move|p1b: Dragonite|Extreme Speed|p2b: Landorus\n|-crit|p2b: Landorus\n|-damage|p2b: Landorus|0 fnt\n|faint|p2b: Landorus\n|move|p2a: Dragonite|Dragon Claw|p1a: Tyranitar\n|-damage|p1a: Tyranitar|0 fnt\n|faint|p1a: Tyranitar\n|\n|-weather|Sandstorm|[upkeep]\n|-damage|p2a: Dragonite|94\/100|[from] Sandstorm\n|-damage|p1b: Dragonite|88\/100|[from] Sandstorm\n|upkeep\n|\n|t:|1698090927\n|switch|p2b: Chien-Pao|Chien-Pao|100\/100\n|-ability|p2b: Chien-Pao|Sword of Ruin\n|turn|9\n|-message|Marreant forfeited.\n|\n|win|ChimeBliss\n|raw|Marreant's rating: 1228 &rarr; <strong>1211<\/strong><br \/>(-17 for losing)\n|raw|ChimeBliss's rating: 1337 &rarr; <strong>1351<\/strong><br \/>(+14 for winning)\n|l|\u2606Marreant\n","uploadtime":1698090946,"views":9,"p1id":"marreant","p2id":"chimebliss","formatid":"gen9doublesou","rating":1211,"private":0,"password":""}