{"id":"gen9doublesou-1975263140","p1":"pignitewaggy","p2":"tortwig","format":"[Gen 9] Doubles OU","log":"|j|\u2606pignitewaggy\n|j|\u2606tortwig\n|t:|1698174682\n|gametype|doubles\n|player|p1|pignitewaggy|2|1124\n|player|p2|tortwig|steven|1205\n|teamsize|p1|6\n|teamsize|p2|6\n|gen|9\n|tier|[Gen 9] Doubles OU\n|rated|\n|rule|Species Clause: Limit one of each Pok\u00e9mon\n|rule|OHKO Clause: OHKO moves are banned\n|rule|Evasion Moves Clause: Evasion moves are banned\n|rule|Gravity Sleep Clause: The combination of sleep-inducing moves with imperfect accuracy and Gravity or Gigantamax Orbeetle are banned\n|rule|Endless Battle Clause: Forcing endless battles is banned\n|rule|HP Percentage Mod: HP is shown in percentages\n|clearpoke\n|poke|p1|Gyarados, F|\n|poke|p1|Tornadus, M|\n|poke|p1|Iron Hands|\n|poke|p1|Orthworm, F|\n|poke|p1|Tauros-Paldea-Blaze, M|\n|poke|p1|Oranguru, F|\n|poke|p2|Regidrago|\n|poke|p2|Amoonguss, F|\n|poke|p2|Landorus-Therian, M|\n|poke|p2|Cresselia, F|\n|poke|p2|Rillaboom, F|\n|poke|p2|Iron Valiant|\n|teampreview\n|inactive|Battle timer is ON: inactive players will automatically lose when time's up. (requested by tortwig)\n|\n|t:|1698174706\n|start\n|switch|p1a: Tornadus|Tornadus, M, shiny|100\/100\n|switch|p1b: Orthworm|Orthworm, F|100\/100\n|switch|p2a: Cresselia|Cresselia, F|100\/100\n|switch|p2b: Landorus|Landorus-Therian, M|100\/100\n|-ability|p2b: Landorus|Intimidate|boost\n|-unboost|p1a: Tornadus|atk|1\n|-unboost|p1b: Orthworm|atk|1\n|turn|1\n|\n|t:|1698174725\n|move|p2b: Landorus|Brick Break|p1b: Orthworm\n|-supereffective|p1b: Orthworm\n|-damage|p1b: Orthworm|56\/100\n|move|p1a: Tornadus|Knock Off|p2a: Cresselia\n|-supereffective|p2a: Cresselia\n|-damage|p2a: Cresselia|82\/100\n|-enditem|p2a: Cresselia|Leftovers|[from] move: Knock Off|[of] p1a: Tornadus\n|move|p2a: Cresselia|Light Screen|p2a: Cresselia\n|-sidestart|p2: tortwig|move: Light Screen\n|move|p1b: Orthworm|Shed Tail|p1b: Orthworm\n|-start|p1b: Orthworm|Substitute|[from] move: Shed Tail\n|-damage|p1b: Orthworm|6\/100\n|-enditem|p1b: Orthworm|Sitrus Berry|[eat]\n|-heal|p1b: Orthworm|31\/100|[from] item: Sitrus Berry\n|\n|t:|1698174738\n|switch|p1b: Iron Hands|Iron Hands|100\/100|[from] Shed Tail\n|\n|upkeep\n|turn|2\n|\n|t:|1698174749\n|-end|p1b: Iron Hands|Quark Drive|[silent]\n|switch|p1b: Oranguru|Oranguru, F|100\/100\n|move|p2b: Landorus|Brick Break|p1b: Oranguru\n|-damage|p1b: Oranguru|55\/100\n|move|p1a: Tornadus|U-turn|p2b: Landorus\n|-resisted|p2b: Landorus\n|-damage|p2b: Landorus|94\/100\n|\n|t:|1698174757\n|switch|p1a: Iron Hands|Iron Hands|100\/100|[from] U-turn\n|move|p2a: Cresselia|Psychic|p1b: Oranguru\n|-resisted|p1b: Oranguru\n|-damage|p1b: Oranguru|48\/100\n|\n|upkeep\n|turn|3\n|inactive|tortwig has 120 seconds left.\n|\n|t:|1698174801\n|switch|p2b: Amoonguss|Amoonguss, F|100\/100\n|-terastallize|p1a: Iron Hands|Fire\n|move|p2a: Cresselia|Psychic|p1a: Iron Hands\n|-damage|p1a: Iron Hands|82\/100\n|move|p1a: Iron Hands|Belly Drum|p1a: Iron Hands\n|-damage|p1a: Iron Hands|32\/100\n|-setboost|p1a: Iron Hands|atk|6|[from] move: Belly Drum\n|-enditem|p1a: Iron Hands|Sitrus Berry|[eat]\n|-heal|p1a: Iron Hands|57\/100|[from] item: Sitrus Berry\n|move|p1b: Oranguru|Trick Room|p1b: Oranguru\n|-fieldstart|move: Trick Room|[of] p1b: Oranguru\n|\n|upkeep\n|turn|4\n|inactive|tortwig has 120 seconds left.\n|\n|t:|1698174847\n|move|p2b: Amoonguss|Spore|p1a: Iron Hands\n|-status|p1a: Iron Hands|slp|[from] move: Spore\n|move|p1b: Oranguru|Body Slam|p2a: Cresselia\n|-damage|p2a: Cresselia|70\/100\n|cant|p1a: Iron Hands|slp\n|move|p2a: Cresselia|Lunar Blessing|p2a: Cresselia|[spread] p2a,p2b\n|-heal|p2a: Cresselia|95\/100\n|\n|upkeep\n|turn|5\n|inactive|tortwig has 120 seconds left.\n|\n|t:|1698174861\n|switch|p2b: Landorus|Landorus-Therian, M|94\/100\n|-ability|p2b: Landorus|Intimidate|boost\n|-unboost|p1a: Iron Hands|atk|1\n|-unboost|p1b: Oranguru|atk|1\n|move|p1b: Oranguru|Psychic|p2b: Landorus\n|-damage|p2b: Landorus|71\/100\n|cant|p1a: Iron Hands|slp\n|move|p2a: Cresselia|Psychic|p1a: Iron Hands\n|-damage|p1a: Iron Hands|40\/100 slp\n|\n|-sideend|p2: tortwig|move: Light Screen\n|upkeep\n|turn|6\n|\n|t:|1698174881\n|move|p1b: Oranguru|Psychic|p2b: Landorus\n|-crit|p2b: Landorus\n|-damage|p2b: Landorus|19\/100\n|-curestatus|p1a: Iron Hands|slp|[msg]\n|move|p1a: Iron Hands|Drain Punch|p2b: Landorus\n|-resisted|p2b: Landorus\n|-damage|p2b: Landorus|0 fnt\n|-heal|p1a: Iron Hands|46\/100|[from] drain|[of] p2b: Landorus\n|faint|p2b: Landorus\n|move|p2a: Cresselia|Psychic|p1a: Iron Hands\n|-damage|p1a: Iron Hands|28\/100\n|\n|upkeep\n|\n|t:|1698174889\n|switch|p2b: Amoonguss|Amoonguss, F|100\/100\n|turn|7\n|\n|t:|1698174895\n|move|p2b: Amoonguss|Spore|p1a: Iron Hands\n|-status|p1a: Iron Hands|slp|[from] move: Spore\n|move|p1b: Oranguru|Instruct|p1a: Iron Hands\n|-singleturn|p1a: Iron Hands|move: Instruct|[of] p1b: Oranguru\n|cant|p1a: Iron Hands|slp\n|cant|p1a: Iron Hands|slp\n|move|p2a: Cresselia|Psychic|p1a: Iron Hands\n|-damage|p1a: Iron Hands|10\/100 slp\n|\n|-fieldend|move: Trick Room\n|upkeep\n|turn|8\n|\n|t:|1698174918\n|-end|p1a: Iron Hands|Quark Drive|[silent]\n|switch|p1a: Tauros|Tauros-Paldea-Blaze, M|100\/100\n|-ability|p1a: Tauros|Intimidate|boost\n|-unboost|p2a: Cresselia|atk|1\n|-unboost|p2b: Amoonguss|atk|1\n|switch|p1b: Tornadus|Tornadus, M, shiny|100\/100\n|move|p2a: Cresselia|Psychic|p1a: Tauros\n|-supereffective|p1a: Tauros\n|-damage|p1a: Tauros|33\/100\n|-unboost|p1a: Tauros|spd|1\n|move|p2b: Amoonguss|Pollen Puff|p1b: Tornadus\n|-resisted|p1b: Tornadus\n|-damage|p1b: Tornadus|91\/100\n|\n|upkeep\n|turn|9\n|\n|t:|1698174938\n|move|p2b: Amoonguss|Rage Powder|p2b: Amoonguss\n|-singleturn|p2b: Amoonguss|move: Rage Powder\n|move|p1b: Tornadus|Tailwind|p1b: Tornadus\n|-sidestart|p1: pignitewaggy|move: Tailwind\n|move|p1a: Tauros|Flare Blitz|p2b: Amoonguss\n|-supereffective|p2b: Amoonguss\n|-crit|p2b: Amoonguss\n|-damage|p2b: Amoonguss|0 fnt\n|-damage|p1a: Tauros|17\/100|[from] item: Rocky Helmet|[of] p2b: Amoonguss\n|faint|p2b: Amoonguss\n|-damage|p1a: Tauros|0 fnt|[from] Recoil\n|faint|p1a: Tauros\n|move|p2a: Cresselia|Icy Wind|p1b: Tornadus\n|-supereffective|p1b: Tornadus\n|-damage|p1b: Tornadus|70\/100\n|-unboost|p1b: Tornadus|spe|1\n|\n|upkeep\n|\n|t:|1698174955\n|switch|p1a: Gyarados|Gyarados, F|100\/100\n|switch|p2b: Regidrago|Regidrago|100\/100\n|-ability|p1a: Gyarados|Intimidate|boost\n|-unboost|p2a: Cresselia|atk|1\n|-unboost|p2b: Regidrago|atk|1\n|turn|10\n|\n|t:|1698174971\n|move|p2b: Regidrago|Protect|p2b: Regidrago\n|-singleturn|p2b: Regidrago|Protect\n|move|p1a: Gyarados|Dragon Dance|p1a: Gyarados\n|-boost|p1a: Gyarados|atk|1\n|-boost|p1a: Gyarados|spe|1\n|move|p1b: Tornadus|Knock Off|p2b: Regidrago\n|-activate|p2b: Regidrago|move: Protect\n|move|p2a: Cresselia|Icy Wind|p1a: Gyarados|[spread] p1a,p1b\n|-supereffective|p1b: Tornadus\n|-damage|p1a: Gyarados|93\/100\n|-damage|p1b: Tornadus|55\/100\n|-unboost|p1a: Gyarados|spe|1\n|-unboost|p1b: Tornadus|spe|1\n|\n|upkeep\n|turn|11\n|\n|t:|1698174998\n|switch|p1b: Oranguru|Oranguru, F|48\/100\n|switch|p2b: Rillaboom|Rillaboom, F|100\/100\n|move|p1a: Gyarados|Earthquake|p2b: Rillaboom|[spread] p2b\n|-activate|p1b: Oranguru|ability: Telepathy\n|-immune|p2a: Cresselia|[from] ability: Levitate\n|-resisted|p2b: Rillaboom\n|-damage|p2b: Rillaboom|79\/100\n|move|p2a: Cresselia|Lunar Blessing|p2a: Cresselia|[spread] p2a,p2b\n|-heal|p2a: Cresselia|100\/100\n|-heal|p2b: Rillaboom|100\/100\n|\n|upkeep\n|turn|12\n|\n|t:|1698175015\n|move|p2b: Rillaboom|Fake Out|p1a: Gyarados\n|-damage|p1a: Gyarados|77\/100\n|cant|p1a: Gyarados|flinch\n|move|p1b: Oranguru|Instruct|p1a: Gyarados\n|-singleturn|p1a: Gyarados|move: Instruct|[of] p1b: Oranguru\n|cant|p1a: Gyarados|flinch\n|move|p2a: Cresselia|Icy Wind|p1a: Gyarados|[spread] p1a,p1b\n|-damage|p1a: Gyarados|70\/100\n|-damage|p1b: Oranguru|44\/100\n|-unboost|p1a: Gyarados|spe|1\n|-unboost|p1b: Oranguru|spe|1\n|\n|-sideend|p1: pignitewaggy|move: Tailwind\n|upkeep\n|turn|13\n|\n|t:|1698175022\n|move|p2b: Rillaboom|Knock Off|p1b: Oranguru\n|-supereffective|p1b: Oranguru\n|-damage|p1b: Oranguru|0 fnt\n|-enditem|p1b: Oranguru|Chesto Berry|[from] move: Knock Off|[of] p2b: Rillaboom\n|faint|p1b: Oranguru\n|move|p2a: Cresselia|Icy Wind|p1a: Gyarados\n|-damage|p1a: Gyarados|59\/100\n|-unboost|p1a: Gyarados|spe|1\n|move|p1a: Gyarados|Lash Out|p2a: Cresselia\n|-supereffective|p2a: Cresselia\n|-damage|p2a: Cresselia|2\/100\n|\n|upkeep\n|\n|t:|1698175035\n|switch|p1b: Tornadus|Tornadus, M, shiny|55\/100\n|turn|14\n|\n|t:|1698175058\n|move|p1b: Tornadus|Tailwind|p1b: Tornadus\n|-sidestart|p1: pignitewaggy|move: Tailwind\n|move|p2b: Rillaboom|Knock Off|p1a: Gyarados\n|-damage|p1a: Gyarados|18\/100\n|-enditem|p1a: Gyarados|Mirror Herb|[from] move: Knock Off|[of] p2b: Rillaboom\n|move|p1a: Gyarados|Lash Out|p2a: Cresselia\n|-supereffective|p2a: Cresselia\n|-damage|p2a: Cresselia|0 fnt\n|faint|p2a: Cresselia\n|\n|upkeep\n|\n|t:|1698175066\n|switch|p2a: Iron Valiant|Iron Valiant|100\/100\n|turn|15\n|\n|t:|1698175077\n|move|p1b: Tornadus|Bleakwind Storm|p2b: Rillaboom|[spread] p2a,p2b\n|-supereffective|p2a: Iron Valiant\n|-supereffective|p2b: Rillaboom\n|-damage|p2a: Iron Valiant|0 fnt\n|-damage|p2b: Rillaboom|0 fnt\n|faint|p2a: Iron Valiant\n|-end|p2a: Iron Valiant|Quark Drive|[silent]\n|faint|p2b: Rillaboom\n|move|p1a: Gyarados|Waterfall|p2: Iron Valiant|[notarget]\n|-fail|p1a: Gyarados\n|\n|upkeep\n|\n|t:|1698175081\n|switch|p2b: Regidrago|Regidrago|100\/100\n|turn|16\n|\n|t:|1698175094\n|-terastallize|p2b: Regidrago|Dragon\n|move|p1b: Tornadus|Bleakwind Storm|p2b: Regidrago\n|-damage|p2b: Regidrago|46\/100\n|move|p1a: Gyarados|Lash Out|p2b: Regidrago\n|-crit|p2b: Regidrago\n|-damage|p2b: Regidrago|0 fnt\n|faint|p2b: Regidrago\n|\n|win|pignitewaggy\n|raw|pignitewaggy's rating: 1124 &rarr; <strong>1155<\/strong><br \/>(+31 for winning)\n|raw|tortwig's rating: 1205 &rarr; <strong>1174<\/strong><br \/>(-31 for losing)\n|l|\u2606tortwig\n","uploadtime":1698175116,"views":13,"p1id":"pignitewaggy","p2id":"tortwig","formatid":"gen9doublesou","rating":1155,"private":0,"password":""}