{"id":"gen9doublesou-1968070502","p1":"Sargenbob","p2":"Br0stopHacKingME","format":"[Gen 9] Doubles OU","log":"|html|<div class=\"broadcast-blue\"><strong>[Gen 9] Doubles OU is currently suspecting Basculegion & Flutter Mane! For information on how to participate check out the <a href=\"https:\/\/www.smogon.com\/forums\/threads\/np-sv-dou-stage-8-double-trouble.3729153\/\">suspect thread<\/a>.<\/strong><\/div>\n|j|\u2606Sargenbob\n|j|\u2606Br0stopHacKingME\n|t:|1697381193\n|gametype|doubles\n|player|p1|Sargenbob|red|1117\n|player|p2|Br0stopHacKingME|gambler|1043\n|teamsize|p1|6\n|teamsize|p2|6\n|gen|9\n|tier|[Gen 9] Doubles OU\n|rated|\n|rule|Species Clause: Limit one of each Pok\u00e9mon\n|rule|OHKO Clause: OHKO moves are banned\n|rule|Evasion Moves Clause: Evasion moves are banned\n|rule|Gravity Sleep Clause: The combination of sleep-inducing moves with imperfect accuracy and Gravity or Gigantamax Orbeetle are banned\n|rule|Endless Battle Clause: Forcing endless battles is banned\n|rule|HP Percentage Mod: HP is shown in percentages\n|clearpoke\n|poke|p1|Ursaluna-Bloodmoon, M|\n|poke|p1|Murkrow, M|\n|poke|p1|Kilowattrel, M|\n|poke|p1|Brambleghast, F|\n|poke|p1|Tinkaton, F|\n|poke|p1|Chi-Yu|\n|poke|p2|Zapdos|\n|poke|p2|Walking Wake|\n|poke|p2|Torkoal, F|\n|poke|p2|Ribombee, F|\n|poke|p2|Amoonguss, F|\n|poke|p2|Armarouge, F|\n|teampreview\n|inactive|Battle timer is ON: inactive players will automatically lose when time's up. (requested by Sargenbob)\n|\n|t:|1697381199\n|start\n|switch|p1a: \u6232\u78bc\u70ba\u81ea\u5df1|Murkrow, M, shiny|100\/100\n|switch|p1b: Perigrin|Kilowattrel, M|100\/100\n|switch|p2a: Pink Bee|Ribombee, F|100\/100\n|switch|p2b: Torn Coal|Torkoal, F|100\/100\n|-weather|SunnyDay|[from] ability: Drought|[of] p2b: Torn Coal\n|turn|1\n|\n|t:|1697381211\n|-terastallize|p1b: Perigrin|Ground\n|move|p1a: \u6232\u78bc\u70ba\u81ea\u5df1|Tailwind|p1a: \u6232\u78bc\u70ba\u81ea\u5df1\n|-sidestart|p1: Sargenbob|move: Tailwind\n|-start|p1b: Perigrin|Charge|Tailwind|[from] ability: Wind Power\n|move|p1b: Perigrin|Tera Blast|p2b: Torn Coal|[anim] Tera Blast Ground\n|-supereffective|p2b: Torn Coal\n|-damage|p2b: Torn Coal|0 fnt\n|faint|p2b: Torn Coal\n|-damage|p1b: Perigrin|91\/100|[from] item: Life Orb\n|move|p2a: Pink Bee|Sticky Web|p1a: \u6232\u78bc\u70ba\u81ea\u5df1\n|-sidestart|p1: Sargenbob|move: Sticky Web\n|\n|-weather|SunnyDay|[upkeep]\n|upkeep\n|\n|t:|1697381223\n|switch|p2b: Moving Awoken|Walking Wake|100\/100\n|-activate|p2b: Moving Awoken|ability: Protosynthesis\n|-start|p2b: Moving Awoken|protosynthesisspe\n|turn|2\n|\n|t:|1697381241\n|-terastallize|p2b: Moving Awoken|Fairy\n|move|p2a: Pink Bee|Helping Hand|p2b: Moving Awoken\n|-singleturn|p2b: Moving Awoken|Helping Hand|[of] p2a: Pink Bee\n|move|p1a: \u6232\u78bc\u70ba\u81ea\u5df1|Taunt|p2a: Pink Bee\n|-start|p2a: Pink Bee|move: Taunt\n|move|p1b: Perigrin|Thunderbolt|p2b: Moving Awoken\n|-damage|p2b: Moving Awoken|0 fnt\n|faint|p2b: Moving Awoken\n|-end|p2b: Moving Awoken|Protosynthesis|[silent]\n|-damage|p1b: Perigrin|81\/100|[from] item: Life Orb\n|-end|p1b: Perigrin|Charge|[silent]\n|\n|-weather|SunnyDay|[upkeep]\n|upkeep\n|\n|t:|1697381255\n|switch|p2b: Spikey Bird|Zapdos|100\/100\n|turn|3\n|\n|t:|1697381271\n|move|p1a: \u6232\u78bc\u70ba\u81ea\u5df1|Protect|p1a: \u6232\u78bc\u70ba\u81ea\u5df1\n|-singleturn|p1a: \u6232\u78bc\u70ba\u81ea\u5df1|Protect\n|move|p1b: Perigrin|Thunderbolt|p2b: Spikey Bird\n|-damage|p2b: Spikey Bird|41\/100\n|-damage|p1b: Perigrin|71\/100|[from] item: Life Orb\n|move|p2a: Pink Bee|Moonblast|p1a: \u6232\u78bc\u70ba\u81ea\u5df1\n|-activate|p1a: \u6232\u78bc\u70ba\u81ea\u5df1|move: Protect\n|move|p2b: Spikey Bird|Hurricane|p1b: Perigrin|[miss]\n|-miss|p2b: Spikey Bird|p1b: Perigrin\n|\n|-weather|SunnyDay|[upkeep]\n|-heal|p2b: Spikey Bird|47\/100|[from] item: Leftovers\n|upkeep\n|turn|4\n|\n|t:|1697381295\n|move|p1a: \u6232\u78bc\u70ba\u81ea\u5df1|Taunt|p2b: Spikey Bird\n|-start|p2b: Spikey Bird|move: Taunt\n|move|p1b: Perigrin|Thunderbolt|p2b: Spikey Bird\n|-damage|p2b: Spikey Bird|0 fnt\n|faint|p2b: Spikey Bird\n|-damage|p1b: Perigrin|61\/100|[from] item: Life Orb\n|move|p2a: Pink Bee|Moonblast|p1b: Perigrin\n|-damage|p1b: Perigrin|0 fnt\n|faint|p1b: Perigrin\n|\n|-weather|SunnyDay|[upkeep]\n|-sideend|p1: Sargenbob|move: Tailwind\n|upkeep\n|\n|t:|1697381308\n|switch|p1b: Kirby|Tinkaton, F|100\/100\n|switch|p2b: Armarouge|Armarouge, F|100\/100\n|-activate|p1b: Kirby|move: Sticky Web\n|-unboost|p1b: Kirby|spe|1\n|-ability|p1b: Kirby|Mold Breaker\n|turn|5\n|\n|t:|1697381331\n|move|p1b: Kirby|Fake Out|p2b: Armarouge\n|-damage|p2b: Armarouge|90\/100\n|cant|p2b: Armarouge|flinch\n|move|p1a: \u6232\u78bc\u70ba\u81ea\u5df1|Taunt|p2b: Armarouge\n|-start|p2b: Armarouge|move: Taunt\n|move|p2a: Pink Bee|Moonblast|p1a: \u6232\u78bc\u70ba\u81ea\u5df1\n|-supereffective|p1a: \u6232\u78bc\u70ba\u81ea\u5df1\n|-damage|p1a: \u6232\u78bc\u70ba\u81ea\u5df1|25\/100\n|-unboost|p1a: \u6232\u78bc\u70ba\u81ea\u5df1|spa|1\n|\n|-weather|SunnyDay|[upkeep]\n|-end|p2a: Pink Bee|move: Taunt\n|upkeep\n|turn|6\n|inactive|Br0stopHacKingME has 120 seconds left.\n|\n|t:|1697381363\n|move|p1a: \u6232\u78bc\u70ba\u81ea\u5df1|Tailwind|p1a: \u6232\u78bc\u70ba\u81ea\u5df1\n|-sidestart|p1: Sargenbob|move: Tailwind\n|move|p1b: Kirby|Gigaton Hammer|p2a: Pink Bee\n|-supereffective|p2a: Pink Bee\n|-enditem|p2a: Pink Bee|Focus Sash\n|-damage|p2a: Pink Bee|1\/100\n|move|p2a: Pink Bee|Moonblast|p1a: \u6232\u78bc\u70ba\u81ea\u5df1\n|-supereffective|p1a: \u6232\u78bc\u70ba\u81ea\u5df1\n|-damage|p1a: \u6232\u78bc\u70ba\u81ea\u5df1|0 fnt\n|faint|p1a: \u6232\u78bc\u70ba\u81ea\u5df1\n|move|p2b: Armarouge|Armor Cannon|p1b: Kirby\n|-supereffective|p1b: Kirby\n|-damage|p1b: Kirby|0 fnt\n|-unboost|p2b: Armarouge|def|1\n|-unboost|p2b: Armarouge|spd|1\n|faint|p1b: Kirby\n|-damage|p2b: Armarouge|80\/100|[from] item: Life Orb\n|\n|-weather|SunnyDay|[upkeep]\n|upkeep\n|\n|t:|1697381371\n|switch|p1b: Moon Knight|Ursaluna-Bloodmoon, M|100\/100\n|switch|p1a: Keanu|Brambleghast, F|100\/100\n|-activate|p1a: Keanu|move: Sticky Web\n|-unboost|p1a: Keanu|spe|1\n|-ability|p1a: Keanu|Wind Rider|boost\n|-boost|p1a: Keanu|atk|1\n|-activate|p1b: Moon Knight|move: Sticky Web\n|-unboost|p1b: Moon Knight|spe|1\n|turn|7\n|inactive|Br0stopHacKingME has 120 seconds left.\n|\n|t:|1697381403\n|move|p1b: Moon Knight|Vacuum Wave|p2a: Pink Bee\n|-resisted|p2a: Pink Bee\n|-damage|p2a: Pink Bee|0 fnt\n|faint|p2a: Pink Bee\n|move|p1a: Keanu|Phantom Force||[still]\n|-prepare|p1a: Keanu|Phantom Force\n|-enditem|p1a: Keanu|Power Herb\n|-anim|p1a: Keanu|Phantom Force|p2b: Armarouge\n|-supereffective|p2b: Armarouge\n|-damage|p2b: Armarouge|0 fnt\n|faint|p2b: Armarouge\n|\n|-weather|SunnyDay|[upkeep]\n|upkeep\n|inactive|Br0stopHacKingME has 120 seconds left.\n|\n|t:|1697381414\n|switch|p2b: Amoonguss|Amoonguss, F|100\/100\n|turn|8\n|inactive|Br0stopHacKingME has 120 seconds left.\n|\n|t:|1697381440\n|move|p1a: Keanu|Phantom Force||[still]\n|-prepare|p1a: Keanu|Phantom Force\n|move|p1b: Moon Knight|Blood Moon|p2b: Amoonguss\n|-damage|p2b: Amoonguss|33\/100\n|-enditem|p2b: Amoonguss|Sitrus Berry|[eat]\n|-heal|p2b: Amoonguss|58\/100|[from] item: Sitrus Berry\n|move|p2b: Amoonguss|Pollen Puff|p1b: Moon Knight\n|-damage|p1b: Moon Knight|81\/100\n|\n|-weather|none\n|-heal|p1b: Moon Knight|87\/100|[from] item: Leftovers\n|upkeep\n|turn|9\n|\n|t:|1697381457\n|move|p1b: Moon Knight|Vacuum Wave|p2b: Amoonguss\n|-resisted|p2b: Amoonguss\n|-damage|p2b: Amoonguss|51\/100\n|move|p1a: Keanu|Phantom Force|p2b: Amoonguss|[from]lockedmove\n|-damage|p2b: Amoonguss|0 fnt\n|faint|p2b: Amoonguss\n|\n|win|Sargenbob\n|raw|Sargenbob's rating: 1117 &rarr; <strong>1137<\/strong><br \/>(+20 for winning)\n|raw|Br0stopHacKingME's rating: 1043 &rarr; <strong>1030<\/strong><br \/>(-13 for losing)\n|l|\u2606Br0stopHacKingME\n|c|\u2606Sargenbob|gg\n","uploadtime":1697381467,"views":17,"p1id":"sargenbob","p2id":"br0stophackingme","formatid":"gen9doublesou","rating":1030,"private":0,"password":""}