{"id":"gen9doublesou-1972960991","p1":"jefferson13jason","p2":"Thehombre","format":"[Gen 9] Doubles OU","log":"|j|\u2606jefferson13jason\n|j|\u2606Thehombre\n|t:|1697913096\n|gametype|doubles\n|player|p1|jefferson13jason|1|1054\n|player|p2|Thehombre|2|1062\n|teamsize|p1|6\n|teamsize|p2|6\n|gen|9\n|tier|[Gen 9] Doubles OU\n|rated|\n|rule|Species Clause: Limit one of each Pok\u00e9mon\n|rule|OHKO Clause: OHKO moves are banned\n|rule|Evasion Moves Clause: Evasion moves are banned\n|rule|Gravity Sleep Clause: The combination of sleep-inducing moves with imperfect accuracy and Gravity or Gigantamax Orbeetle are banned\n|rule|Endless Battle Clause: Forcing endless battles is banned\n|rule|HP Percentage Mod: HP is shown in percentages\n|clearpoke\n|poke|p1|Vaporeon, F|\n|poke|p1|Espeon, M|\n|poke|p1|Jolteon, M|\n|poke|p1|Toxicroak, M|\n|poke|p1|Gastrodon, M|\n|poke|p1|Muk-Alola, M|\n|poke|p2|Fezandipiti, M|\n|poke|p2|Ninetales-Alola, F|\n|poke|p2|Infernape, M|\n|poke|p2|Umbreon, M|\n|poke|p2|Maushold-Four|\n|poke|p2|Great Tusk|\n|teampreview\n|inactive|Battle timer is ON: inactive players will automatically lose when time's up. (requested by Thehombre)\n|\n|t:|1697913105\n|start\n|switch|p1a: Expor|Espeon, M|100\/100\n|switch|p1b: mc sap\u00e3o|Toxicroak, M|100\/100\n|switch|p2a: Fezandipiti|Fezandipiti, M|100\/100\n|switch|p2b: Ninetales|Ninetales-Alola, F|100\/100\n|-weather|Snow|[from] ability: Snow Warning|[of] p2b: Ninetales\n|turn|1\n|\n|t:|1697913128\n|move|p1a: Expor|Psychic|p2a: Fezandipiti\n|-supereffective|p2a: Fezandipiti\n|-damage|p2a: Fezandipiti|17\/100\n|move|p2b: Ninetales|Blizzard|p1b: mc sap\u00e3o|[spread] p1a,p1b\n|-damage|p1a: Expor|57\/100\n|-damage|p1b: mc sap\u00e3o|50\/100\n|-status|p1a: Expor|frz\n|move|p2a: Fezandipiti|Icy Wind|p1b: mc sap\u00e3o|[spread] p1b\n|-miss|p2a: Fezandipiti|p1a: Expor\n|-damage|p1b: mc sap\u00e3o|39\/100\n|-unboost|p1b: mc sap\u00e3o|spe|1\n|move|p1b: mc sap\u00e3o|Poison Jab|p2b: Ninetales\n|-supereffective|p2b: Ninetales\n|-damage|p2b: Ninetales|23\/100\n|\n|-weather|Snow|[upkeep]\n|-heal|p1a: Expor|63\/100 frz|[from] item: Leftovers\n|-heal|p2a: Fezandipiti|23\/100|[from] item: Leftovers\n|upkeep\n|turn|2\n|\n|t:|1697913151\n|switch|p1a: Vapor|Vaporeon, F, shiny|100\/100\n|switch|p1b: rei da rua|Jolteon, M|100\/100\n|move|p2b: Ninetales|Aurora Veil|p2b: Ninetales\n|-sidestart|p2: Thehombre|move: Aurora Veil\n|move|p2a: Fezandipiti|Icy Wind|p1a: Vapor|[spread] p1a,p1b\n|-resisted|p1a: Vapor\n|-damage|p1a: Vapor|98\/100\n|-damage|p1b: rei da rua|91\/100\n|-unboost|p1a: Vapor|spe|1\n|-unboost|p1b: rei da rua|spe|1\n|\n|-weather|Snow|[upkeep]\n|-heal|p2a: Fezandipiti|29\/100|[from] item: Leftovers\n|upkeep\n|turn|3\n|\n|t:|1697913171\n|-terastallize|p1b: rei da rua|Flying\n|move|p2b: Ninetales|Blizzard|p1a: Vapor|[spread] p1a,p1b\n|-resisted|p1a: Vapor\n|-supereffective|p1b: rei da rua\n|-damage|p1a: Vapor|85\/100\n|-damage|p1b: rei da rua|11\/100\n|-status|p1b: rei da rua|frz\n|move|p2a: Fezandipiti|Dazzling Gleam|p1b: rei da rua|[spread] p1a,p1b\n|-damage|p1a: Vapor|73\/100\n|-damage|p1b: rei da rua|0 fnt\n|faint|p1b: rei da rua\n|move|p1a: Vapor|Rain Dance|p1a: Vapor\n|-weather|RainDance\n|\n|-weather|RainDance|[upkeep]\n|-heal|p2a: Fezandipiti|35\/100|[from] item: Leftovers\n|upkeep\n|\n|t:|1697913185\n|switch|p1b: lesma|Gastrodon, M, shiny|100\/100\n|turn|4\n|\n|t:|1697913193\n|switch|p2b: Infernape|Infernape, M|100\/100\n|move|p2a: Fezandipiti|Icy Wind|p1a: Vapor|[spread] p1a,p1b\n|-resisted|p1a: Vapor\n|-damage|p1a: Vapor|70\/100\n|-damage|p1b: lesma|94\/100\n|-unboost|p1a: Vapor|spe|1\n|-unboost|p1b: lesma|spe|1\n|-status|p1a: Vapor|tox|[from] ability: Toxic Chain|[of] p2a: Fezandipiti\n|move|p1a: Vapor|Surf|p2b: Infernape|[spread] p2a,p2b\n|-ability|p1b: lesma|Storm Drain|boost\n|-boost|p1b: lesma|spa|1\n|-supereffective|p2b: Infernape\n|-damage|p2a: Fezandipiti|0 fnt\n|-damage|p2b: Infernape|0 fnt\n|faint|p2a: Fezandipiti\n|faint|p2b: Infernape\n|move|p1b: lesma|Surf|p1a: Vapor\n|-heal|p1a: Vapor|95\/100 tox|[from] ability: Water Absorb|[of] p1b: lesma\n|\n|-weather|RainDance|[upkeep]\n|-damage|p1a: Vapor|89\/100 tox|[from] psn\n|upkeep\n|\n|t:|1697913208\n|switch|p2b: Maushold|Maushold-Four|100\/100\n|switch|p2a: Ninetales|Ninetales-Alola, F|23\/100\n|-weather|Snow|[from] ability: Snow Warning|[of] p2a: Ninetales\n|turn|5\n|\n|t:|1697913218\n|move|p2b: Maushold|Seed Bomb|p1a: Vapor\n|-supereffective|p1a: Vapor\n|-damage|p1a: Vapor|43\/100 tox\n|move|p2a: Ninetales|Blizzard|p1a: Vapor|[spread] p1a,p1b\n|-resisted|p1a: Vapor\n|-damage|p1a: Vapor|31\/100 tox\n|-damage|p1b: lesma|66\/100\n|move|p1a: Vapor|Rain Dance|p1a: Vapor\n|-weather|RainDance\n|move|p1b: lesma|Rain Dance||[still]\n|-fail|p1b: lesma\n|\n|-weather|RainDance|[upkeep]\n|-damage|p1a: Vapor|18\/100 tox|[from] psn\n|upkeep\n|turn|6\n|\n|t:|1697913236\n|switch|p2a: Great Tusk|Great Tusk|100\/100\n|move|p2b: Maushold|Population Bomb|p1a: Vapor\n|-damage|p1a: Vapor|2\/100 tox\n|-damage|p1a: Vapor|0 fnt\n|faint|p1a: Vapor\n|-hitcount|p1: Vapor|2\n|move|p1b: lesma|Surf|p2b: Maushold|[spread] p2a,p2b\n|-supereffective|p2a: Great Tusk\n|-crit|p2a: Great Tusk\n|-damage|p2a: Great Tusk|0 fnt\n|-damage|p2b: Maushold|31\/100\n|faint|p2a: Great Tusk\n|-end|p2a: Great Tusk|Protosynthesis|[silent]\n|\n|-weather|RainDance|[upkeep]\n|upkeep\n|\n|t:|1697913251\n|switch|p2a: Ninetales|Ninetales-Alola, F|23\/100\n|switch|p1a: mc sap\u00e3o|Toxicroak, M|39\/100\n|-weather|Snow|[from] ability: Snow Warning|[of] p2a: Ninetales\n|turn|7\n|\n|t:|1697913263\n|move|p1a: mc sap\u00e3o|Sucker Punch|p2b: Maushold\n|-damage|p2b: Maushold|9\/100\n|move|p2b: Maushold|Seed Bomb|p1b: lesma\n|-supereffective|p1b: lesma\n|-damage|p1b: lesma|0 fnt\n|faint|p1b: lesma\n|move|p2a: Ninetales|Blizzard|p1a: mc sap\u00e3o\n|-damage|p1a: mc sap\u00e3o|0 fnt\n|faint|p1a: mc sap\u00e3o\n|\n|-weather|Snow|[upkeep]\n|upkeep\n|\n|t:|1697913275\n|switch|p1a: Muk|Muk-Alola, M|100\/100\n|switch|p1b: Expor|Espeon, M|63\/100 frz\n|turn|8\n|\n|t:|1697913284\n|move|p2b: Maushold|Population Bomb|p1a: Muk\n|-damage|p1a: Muk|86\/100\n|-damage|p1a: Muk|72\/100\n|-hitcount|p1a: Muk|2\n|cant|p1b: Expor|frz\n|move|p2a: Ninetales|Blizzard|p1b: Expor|[spread] p1a,p1b\n|-damage|p1a: Muk|47\/100\n|-damage|p1b: Expor|21\/100 frz\n|move|p1a: Muk|Acid Armor|p1a: Muk\n|-boost|p1a: Muk|def|2\n|\n|-weather|Snow|[upkeep]\n|-heal|p1b: Expor|27\/100 frz|[from] item: Leftovers\n|-heal|p1a: Muk|53\/100|[from] item: Black Sludge\n|upkeep\n|turn|9\n|\n|t:|1697913308\n|-terastallize|p2a: Ninetales|Ice\n|move|p2b: Maushold|Encore|p1a: Muk\n|-start|p1a: Muk|Encore\n|-curestatus|p1b: Expor|frz|[msg]\n|move|p1b: Expor|Psychic|p2b: Maushold\n|-damage|p2b: Maushold|0 fnt\n|faint|p2b: Maushold\n|move|p2a: Ninetales|Blizzard|p1a: Muk|[spread] p1a,p1b\n|-damage|p1a: Muk|22\/100\n|-damage|p1b: Expor|0 fnt\n|faint|p1b: Expor\n|move|p1a: Muk|Acid Armor|p1a: Muk\n|-boost|p1a: Muk|def|2\n|\n|-weather|Snow|[upkeep]\n|-heal|p1a: Muk|28\/100|[from] item: Black Sludge\n|-sideend|p2: Thehombre|move: Aurora Veil\n|upkeep\n|\n|t:|1697913319\n|switch|p2b: Umbreon|Umbreon, M|100\/100\n|turn|10\n|\n|t:|1697913325\n|move|p2a: Ninetales|Blizzard|p1a: Muk\n|-damage|p1a: Muk|0 fnt\n|faint|p1a: Muk\n|\n|win|Thehombre\n|raw|jefferson13jason's rating: 1054 &rarr; <strong>1036<\/strong><br \/>(-18 for losing)\n|raw|Thehombre's rating: 1062 &rarr; <strong>1092<\/strong><br \/>(+30 for winning)\n","uploadtime":1697913330,"views":17,"p1id":"jefferson13jason","p2id":"thehombre","formatid":"gen9doublesou","rating":1036,"private":0,"password":""}