{"id":"gen9doublesou-1995441043","p1":"dropthemike","p2":"Vegito86210","format":"[Gen 9] Doubles OU","log":"|j|\u2606dropthemike\n|j|\u2606Vegito86210\n|t:|1700571129\n|gametype|doubles\n|player|p1|dropthemike|roxie|1087\n|player|p2|Vegito86210|101|1108\n|teamsize|p1|6\n|teamsize|p2|6\n|gen|9\n|tier|[Gen 9] Doubles OU\n|rated|\n|rule|Species Clause: Limit one of each Pok\u00e9mon\n|rule|OHKO Clause: OHKO moves are banned\n|rule|Evasion Moves Clause: Evasion moves are banned\n|rule|Gravity Sleep Clause: The combination of sleep-inducing moves with imperfect accuracy and Gravity or Gigantamax Orbeetle are banned\n|rule|Endless Battle Clause: Forcing endless battles is banned\n|rule|HP Percentage Mod: HP is shown in percentages\n|clearpoke\n|poke|p1|Skeledirge, M|\n|poke|p1|Diancie|\n|poke|p1|Noivern, F|\n|poke|p1|Regieleki|\n|poke|p1|Samurott, M|\n|poke|p1|Chesnaught, F|\n|poke|p2|Kommo-o, M|\n|poke|p2|Sinistcha-Masterpiece|\n|poke|p2|Azumarill, F|\n|poke|p2|Goodra-Hisui, M|\n|poke|p2|Gardevoir, M|\n|poke|p2|Glimmora, M|\n|teampreview\n|inactive|Battle timer is ON: inactive players will automatically lose when time's up. (requested by Vegito86210)\n|\n|t:|1700571149\n|start\n|switch|p1a: Samurott|Samurott, M|100\/100\n|switch|p1b: Chesnaught|Chesnaught, F|100\/100\n|switch|p2a: Goodra|Goodra-Hisui, M|100\/100\n|switch|p2b: Gardevoir|Gardevoir, M|100\/100\n|turn|1\n|\n|t:|1700571165\n|move|p2b: Gardevoir|Energy Ball|p2a: Goodra\n|-ability|p2a: Goodra|Sap Sipper|boost\n|-boost|p2a: Goodra|atk|1\n|move|p1a: Samurott|Water Pledge|p2a: Goodra\n|-waiting|p1a: Samurott|p1b: Chesnaught\n|move|p1b: Chesnaught|Grass Pledge|p2a: Goodra|[from]move: Water Pledge\n|-ability|p2a: Goodra|Sap Sipper|boost\n|-boost|p2a: Goodra|atk|1\n|move|p2a: Goodra|Earthquake|p1b: Chesnaught|[spread] p1a,p1b\n|-activate|p2b: Gardevoir|ability: Telepathy\n|-resisted|p1b: Chesnaught\n|-damage|p1a: Samurott|34\/100\n|-damage|p1b: Chesnaught|82\/100\n|\n|upkeep\n|turn|2\n|\n|t:|1700571189\n|move|p2b: Gardevoir|Energy Ball|p2a: Goodra\n|-ability|p2a: Goodra|Sap Sipper|boost\n|-boost|p2a: Goodra|atk|1\n|move|p1a: Samurott|Water Pledge|p2b: Gardevoir\n|-waiting|p1a: Samurott|p1b: Chesnaught\n|move|p1b: Chesnaught|Grass Pledge|p2b: Gardevoir|[from]move: Water Pledge\n|-combine\n|-damage|p2b: Gardevoir|65\/100\n|-sidestart|p2: Vegito86210|Grass Pledge\n|move|p2a: Goodra|Earthquake|p1a: Samurott|[spread] p1a,p1b\n|-activate|p2b: Gardevoir|ability: Telepathy\n|-resisted|p1b: Chesnaught\n|-damage|p1a: Samurott|0 fnt\n|-damage|p1b: Chesnaught|56\/100\n|faint|p1a: Samurott\n|\n|upkeep\n|\n|t:|1700571203\n|switch|p1a: Regieleki|Regieleki|100\/100\n|turn|3\n|\n|t:|1700571219\n|-terastallize|p1a: Regieleki|Electric\n|-terastallize|p2a: Goodra|Ground\n|move|p1a: Regieleki|Electro Ball|p2b: Gardevoir\n|-damage|p2b: Gardevoir|0 fnt\n|faint|p2b: Gardevoir\n|move|p1b: Chesnaught|Body Press|p2a: Goodra\n|-damage|p2a: Goodra|58\/100\n|move|p2a: Goodra|Earthquake|p1b: Chesnaught|[spread] p1a,p1b\n|-supereffective|p1a: Regieleki\n|-resisted|p1b: Chesnaught\n|-damage|p1a: Regieleki|0 fnt\n|-damage|p1b: Chesnaught|18\/100\n|faint|p1a: Regieleki\n|\n|upkeep\n|\n|t:|1700571234\n|switch|p1a: Noivern|Noivern, F|100\/100\n|switch|p2b: Glimmora|Glimmora, M|100\/100\n|turn|4\n|\n|t:|1700571250\n|move|p1a: Noivern|Dragon Pulse|p2a: Goodra\n|-damage|p2a: Goodra|36\/100\n|move|p1b: Chesnaught|Body Press|p2b: Glimmora\n|-damage|p2b: Glimmora|56\/100\n|-activate|p2b: Glimmora|ability: Toxic Debris\n|-sidestart|p1: dropthemike|move: Toxic Spikes\n|move|p2b: Glimmora|Spikes|p1a: Noivern\n|-sidestart|p1: dropthemike|Spikes\n|move|p2a: Goodra|Earthquake|p1b: Chesnaught|[spread] p2b,p1b\n|-immune|p1a: Noivern\n|-supereffective|p2b: Glimmora\n|-resisted|p1b: Chesnaught\n|-damage|p2b: Glimmora|0 fnt\n|-damage|p1b: Chesnaught|0 fnt\n|-activate|p2b: Glimmora|ability: Toxic Debris\n|-sidestart|p1: dropthemike|move: Toxic Spikes\n|faint|p2b: Glimmora\n|faint|p1b: Chesnaught\n|\n|upkeep\n|\n|t:|1700571268\n|switch|p2b: Azumarill|Azumarill, F|100\/100\n|switch|p1b: Diancie|Diancie|100\/100\n|-status|p1b: Diancie|tox\n|-damage|p1b: Diancie|88\/100 tox|[from] Spikes\n|turn|5\n|\n|t:|1700571280\n|move|p1a: Noivern|Tailwind|p1a: Noivern\n|-sidestart|p1: dropthemike|move: Tailwind\n|move|p1b: Diancie|Substitute|p1b: Diancie\n|-start|p1b: Diancie|Substitute\n|-damage|p1b: Diancie|64\/100 tox\n|move|p2a: Goodra|Earthquake|p1b: Diancie|[spread] p2b,p1b\n|-immune|p1a: Noivern\n|-supereffective|p1b: Diancie\n|-end|p1b: Diancie|Substitute\n|-damage|p2b: Azumarill|0 fnt\n|faint|p2b: Azumarill\n|\n|-heal|p1b: Diancie|69\/100 tox|[from] item: Leftovers\n|-damage|p1b: Diancie|64\/100 tox|[from] psn\n|-sideend|p2: Vegito86210|Grass Pledge\n|upkeep\n|\n|t:|1700571298\n|switch|p2b: Sinistcha|Sinistcha-Masterpiece|100\/100\n|-heal|p2a: Goodra|61\/100|[from] ability: Hospitality|[of] p2b: Sinistcha\n|turn|6\n|\n|t:|1700571309\n|switch|p2a: Kommo-o|Kommo-o, M|100\/100\n|move|p1a: Noivern|Flamethrower|p2b: Sinistcha\n|-supereffective|p2b: Sinistcha\n|-damage|p2b: Sinistcha|55\/100\n|move|p1b: Diancie|Calm Mind|p1b: Diancie\n|-boost|p1b: Diancie|spa|1\n|-boost|p1b: Diancie|spd|1\n|move|p2b: Sinistcha|Matcha Gotcha|p1a: Noivern|[spread] p1b\n|-miss|p2b: Sinistcha|p1a: Noivern\n|-supereffective|p1b: Diancie\n|-damage|p1b: Diancie|39\/100 tox\n|-heal|p2b: Sinistcha|66\/100|[from] drain|[of] p1b: Diancie\n|\n|-heal|p1b: Diancie|45\/100 tox|[from] item: Leftovers\n|-damage|p1b: Diancie|33\/100 tox|[from] psn\n|upkeep\n|turn|7\n|\n|t:|1700571333\n|move|p2b: Sinistcha|Rage Powder|p2b: Sinistcha\n|-singleturn|p2b: Sinistcha|move: Rage Powder\n|move|p1a: Noivern|Dragon Pulse|p2b: Sinistcha\n|-damage|p2b: Sinistcha|36\/100\n|move|p1b: Diancie|Baton Pass|p1b: Diancie\n|\n|t:|1700571340\n|switch|p1b: Skeledirge|Skeledirge, M|100\/100|[from] Baton Pass\n|-status|p1b: Skeledirge|tox\n|-damage|p1b: Skeledirge|88\/100 tox|[from] Spikes\n|move|p2a: Kommo-o|Clangorous Soul|p2a: Kommo-o\n|-boost|p2a: Kommo-o|atk|1\n|-boost|p2a: Kommo-o|def|1\n|-boost|p2a: Kommo-o|spa|1\n|-boost|p2a: Kommo-o|spd|1\n|-boost|p2a: Kommo-o|spe|1\n|-damage|p2a: Kommo-o|68\/100\n|-enditem|p2a: Kommo-o|Throat Spray\n|-boost|p2a: Kommo-o|spa|1|[from] item: Throat Spray\n|\n|-damage|p1b: Skeledirge|82\/100 tox|[from] psn\n|upkeep\n|turn|8\n|\n|t:|1700571358\n|switch|p2b: Goodra|Goodra-Hisui, M, tera:Ground|61\/100\n|move|p1a: Noivern|Dragon Pulse|p2a: Kommo-o\n|-supereffective|p2a: Kommo-o\n|-damage|p2a: Kommo-o|19\/100\n|move|p2a: Kommo-o|Clanging Scales|p1a: Noivern|[spread] p1a,p1b\n|-supereffective|p1a: Noivern\n|-damage|p1a: Noivern|0 fnt\n|-damage|p1b: Skeledirge|32\/100 tox\n|faint|p1a: Noivern\n|-unboost|p2a: Kommo-o|def|1\n|move|p1b: Skeledirge|Torch Song|p2b: Goodra\n|-damage|p2b: Goodra|1\/100\n|-boost|p1b: Skeledirge|spa|1\n|\n|-damage|p1b: Skeledirge|20\/100 tox|[from] psn\n|-sideend|p1: dropthemike|move: Tailwind\n|upkeep\n|\n|t:|1700571375\n|switch|p1a: Diancie|Diancie|33\/100 tox\n|-damage|p1a: Diancie|21\/100 tox|[from] Spikes\n|turn|9\n|\n|t:|1700571388\n|move|p2a: Kommo-o|Clanging Scales|p1a: Diancie|[spread] p1b\n|-immune|p1a: Diancie\n|-damage|p1b: Skeledirge|0 fnt\n|faint|p1b: Skeledirge\n|-unboost|p2a: Kommo-o|def|1\n|move|p1a: Diancie|Diamond Storm|p2a: Kommo-o|[spread] p2a,p2b\n|-resisted|p2a: Kommo-o\n|-resisted|p2b: Goodra\n|-damage|p2a: Kommo-o|0 fnt\n|-damage|p2b: Goodra|0 fnt\n|faint|p2a: Kommo-o\n|faint|p2b: Goodra\n|\n|-heal|p1a: Diancie|27\/100 tox|[from] item: Leftovers\n|-damage|p1a: Diancie|21\/100 tox|[from] psn\n|upkeep\n|\n|t:|1700571410\n|switch|p2b: Sinistcha|Sinistcha-Masterpiece|36\/100\n|turn|10\n|\n|t:|1700571418\n|move|p2b: Sinistcha|Protect|p2b: Sinistcha\n|-singleturn|p2b: Sinistcha|Protect\n|move|p1a: Diancie|Diamond Storm|p2b: Sinistcha\n|-activate|p2b: Sinistcha|move: Protect\n|\n|-heal|p1a: Diancie|27\/100 tox|[from] item: Leftovers\n|-damage|p1a: Diancie|15\/100 tox|[from] psn\n|upkeep\n|turn|11\n|\n|t:|1700571428\n|move|p1a: Diancie|Diamond Storm|p2b: Sinistcha\n|-damage|p2b: Sinistcha|7\/100\n|-boost|p1a: Diancie|def|2\n|move|p2b: Sinistcha|Matcha Gotcha|p1a: Diancie\n|-supereffective|p1a: Diancie\n|-damage|p1a: Diancie|0 fnt\n|-heal|p2b: Sinistcha|14\/100|[from] drain|[of] p1a: Diancie\n|faint|p1a: Diancie\n|\n|win|Vegito86210\n|raw|dropthemike's rating: 1087 &rarr; <strong>1065<\/strong><br \/>(-22 for losing)\n|raw|Vegito86210's rating: 1108 &rarr; <strong>1131<\/strong><br \/>(+23 for winning)\n|c|\u2606dropthemike|ggwp\n","uploadtime":1700571439,"views":4,"p1id":"dropthemike","p2id":"vegito86210","formatid":"gen9doublesou","rating":1065,"private":0,"password":""}