{"id":"gen9doublesou-1976250708","p1":"Droogies","p2":"Dbupton","format":"[Gen 9] Doubles OU","log":"|j|\u2606Droogies\n|j|\u2606Dbupton\n|t:|1698278529\n|gametype|doubles\n|player|p1|Droogies|169|\n|player|p2|Dbupton|2|\n|teamsize|p1|6\n|teamsize|p2|6\n|gen|9\n|tier|[Gen 9] Doubles OU\n|rule|Species Clause: Limit one of each Pok\u00e9mon\n|rule|OHKO Clause: OHKO moves are banned\n|rule|Evasion Moves Clause: Evasion moves are banned\n|rule|Gravity Sleep Clause: The combination of sleep-inducing moves with imperfect accuracy and Gravity or Gigantamax Orbeetle are banned\n|rule|Endless Battle Clause: Forcing endless battles is banned\n|rule|HP Percentage Mod: HP is shown in percentages\n|clearpoke\n|poke|p1|Grimmsnarl, M|\n|poke|p1|Dragapult, F|\n|poke|p1|Tyranitar, F|\n|poke|p1|Corviknight, F|\n|poke|p1|Volcanion|\n|poke|p1|Toxtricity, M|\n|poke|p2|Raichu, M|\n|poke|p2|Articuno|\n|poke|p2|Zapdos|\n|poke|p2|Umbreon, M|\n|poke|p2|Moltres|\n|poke|p2|Golem, F|\n|teampreview\n|\n|t:|1698278549\n|start\n|switch|p1a: Dame Corvi|Corviknight, F|100\/100\n|switch|p1b: God-Fkn-zilla|Tyranitar, F|100\/100\n|switch|p2a: Articuno|Articuno|100\/100\n|switch|p2b: Moltres|Moltres|100\/100\n|-ability|p1b: God-Fkn-zilla|Unnerve\n|-ability|p2a: Articuno|Pressure\n|-ability|p2b: Moltres|Pressure\n|turn|1\n|j| GIBBLESBYTHEDOZEN\n|\n|t:|1698278619\n|-terastallize|p1a: Dame Corvi|Dragon\n|move|p2a: Articuno|Weather Ball|p1a: Dame Corvi\n|-damage|p1a: Dame Corvi|89\/100\n|move|p2b: Moltres|Flame Charge|p1b: God-Fkn-zilla\n|-resisted|p1b: God-Fkn-zilla\n|-damage|p1b: God-Fkn-zilla|91\/100\n|-boost|p2b: Moltres|spe|1\n|move|p1a: Dame Corvi|Brave Bird|p2a: Articuno\n|-damage|p2a: Articuno|69\/100\n|-damage|p1a: Dame Corvi|79\/100|[from] Recoil\n|move|p1b: God-Fkn-zilla|Rock Blast|p2b: Moltres\n|-supereffective|p2b: Moltres\n|-damage|p2b: Moltres|38\/100\n|-supereffective|p2b: Moltres\n|-damage|p2b: Moltres|0 fnt\n|faint|p2b: Moltres\n|-hitcount|p2: Moltres|2\n|\n|-heal|p1a: Dame Corvi|86\/100|[from] item: Leftovers\n|upkeep\n|\n|t:|1698278638\n|switch|p2b: Raichu|Raichu, M|100\/100\n|turn|2\n|\n|t:|1698278656\n|move|p2b: Raichu|Volt Tackle|p1a: Dame Corvi\n|-resisted|p1a: Dame Corvi\n|-damage|p1a: Dame Corvi|74\/100\n|-damage|p2b: Raichu|96\/100|[from] Recoil\n|move|p1a: Dame Corvi|Bulk Up|p1a: Dame Corvi\n|-boost|p1a: Dame Corvi|atk|1\n|-boost|p1a: Dame Corvi|def|1\n|move|p1b: God-Fkn-zilla|Rock Blast|p2a: Articuno\n|-supereffective|p2a: Articuno\n|-damage|p2a: Articuno|21\/100\n|-supereffective|p2a: Articuno\n|-damage|p2a: Articuno|0 fnt\n|faint|p2a: Articuno\n|-hitcount|p2: Articuno|2\n|\n|-heal|p1a: Dame Corvi|81\/100|[from] item: Leftovers\n|upkeep\n|\n|t:|1698278671\n|switch|p2a: Golem|Golem, F|100\/100\n|turn|3\n|\n|t:|1698278683\n|move|p2b: Raichu|Body Slam|p1a: Dame Corvi\n|-damage|p1a: Dame Corvi|73\/100\n|move|p2a: Golem|Focus Blast|p1b: God-Fkn-zilla|[miss]\n|-miss|p2a: Golem|p1b: God-Fkn-zilla\n|move|p1a: Dame Corvi|Bulk Up|p1a: Dame Corvi\n|-boost|p1a: Dame Corvi|atk|1\n|-boost|p1a: Dame Corvi|def|1\n|move|p1b: God-Fkn-zilla|Earthquake|p2b: Raichu|[spread] p1a,p2a,p2b\n|-supereffective|p2a: Golem\n|-supereffective|p2b: Raichu\n|-damage|p1a: Dame Corvi|64\/100\n|-damage|p2a: Golem|52\/100\n|-damage|p2b: Raichu|0 fnt\n|faint|p2b: Raichu\n|\n|-heal|p1a: Dame Corvi|70\/100|[from] item: Leftovers\n|upkeep\n|\n|t:|1698278698\n|switch|p2b: Zapdos|Zapdos|100\/100\n|-ability|p2b: Zapdos|Pressure\n|turn|4\n|\n|t:|1698278708\n|-terastallize|p2a: Golem|Rock\n|move|p2b: Zapdos|Thunder|p1a: Dame Corvi|[miss]\n|-miss|p2b: Zapdos|p1a: Dame Corvi\n|move|p2a: Golem|Earthquake|p1b: God-Fkn-zilla|[spread] p1a,p1b\n|-immune|p2b: Zapdos\n|-crit|p1a: Dame Corvi\n|-supereffective|p1b: God-Fkn-zilla\n|-crit|p1b: God-Fkn-zilla\n|-damage|p1a: Dame Corvi|42\/100\n|-damage|p1b: God-Fkn-zilla|20\/100\n|move|p1a: Dame Corvi|Iron Head|p2a: Golem\n|-supereffective|p2a: Golem\n|-damage|p2a: Golem|0 fnt\n|faint|p2a: Golem\n|move|p1b: God-Fkn-zilla|Rock Blast|p2b: Zapdos\n|-supereffective|p2b: Zapdos\n|-damage|p2b: Zapdos|72\/100\n|-supereffective|p2b: Zapdos\n|-damage|p2b: Zapdos|44\/100\n|-supereffective|p2b: Zapdos\n|-damage|p2b: Zapdos|13\/100\n|-supereffective|p2b: Zapdos\n|-damage|p2b: Zapdos|0 fnt\n|faint|p2b: Zapdos\n|-hitcount|p2: Zapdos|4\n|\n|-heal|p1a: Dame Corvi|48\/100|[from] item: Leftovers\n|upkeep\n|\n|t:|1698278734\n|switch|p2b: Umbreon|Umbreon, M|100\/100\n|turn|5\n|\n|t:|1698278771\n|switch|p1b: Grimegrrrrr|Grimmsnarl, M|100\/100\n|move|p2b: Umbreon|Last Resort||[still]\n|-fail|p2b: Umbreon\n|move|p1a: Dame Corvi|Roost|p1a: Dame Corvi\n|-heal|p1a: Dame Corvi|98\/100\n|\n|-heal|p1a: Dame Corvi|100\/100|[from] item: Leftovers\n|upkeep\n|turn|6\n|\n|t:|1698278800\n|move|p1b: Grimegrrrrr|Thunder Wave|p2b: Umbreon\n|-hint|Since gen 7, Dark is immune to Prankster moves.\n|-immune|p2b: Umbreon\n|move|p2b: Umbreon|Double-Edge|p1a: Dame Corvi\n|-damage|p1a: Dame Corvi|93\/100\n|-damage|p2b: Umbreon|98\/100|[from] Recoil\n|move|p1a: Dame Corvi|Bulk Up|p1a: Dame Corvi\n|-boost|p1a: Dame Corvi|atk|1\n|-boost|p1a: Dame Corvi|def|1\n|\n|-heal|p1a: Dame Corvi|99\/100|[from] item: Leftovers\n|upkeep\n|turn|7\n|\n|t:|1698278835\n|move|p2b: Umbreon|Dark Pulse|p1b: Grimegrrrrr\n|-resisted|p1b: Grimegrrrrr\n|-damage|p1b: Grimegrrrrr|95\/100\n|move|p1a: Dame Corvi|Iron Head|p2b: Umbreon\n|-damage|p2b: Umbreon|49\/100\n|cant|p1b: Grimegrrrrr|flinch\n|\n|-heal|p1a: Dame Corvi|100\/100|[from] item: Leftovers\n|upkeep\n|turn|8\n|\n|t:|1698278853\n|move|p2b: Umbreon|Dark Pulse|p1a: Dame Corvi\n|-damage|p1a: Dame Corvi|82\/100\n|move|p1a: Dame Corvi|Iron Head|p2b: Umbreon\n|-damage|p2b: Umbreon|0 fnt\n|faint|p2b: Umbreon\n|\n|win|Droogies\n","uploadtime":1698278864,"views":18,"p1id":"droogies","p2id":"dbupton","formatid":"gen9doublesou","rating":0,"private":0,"password":""}