{"id":"gen9doublesou-1988251894","p1":"Sbsvshsmabsbs","p2":"GoldTheSnail0531","format":"[Gen 9] Doubles OU","log":"|j|\u2606Sbsvshsmabsbs\n|j|\u2606GoldTheSnail0531\n|t:|1699694801\n|gametype|doubles\n|player|p1|Sbsvshsmabsbs|2|1000\n|player|p2|GoldTheSnail0531|265|1049\n|teamsize|p1|6\n|teamsize|p2|6\n|gen|9\n|tier|[Gen 9] Doubles OU\n|rated|\n|rule|Species Clause: Limit one of each Pok\u00e9mon\n|rule|OHKO Clause: OHKO moves are banned\n|rule|Evasion Moves Clause: Evasion moves are banned\n|rule|Gravity Sleep Clause: The combination of sleep-inducing moves with imperfect accuracy and Gravity or Gigantamax Orbeetle are banned\n|rule|Endless Battle Clause: Forcing endless battles is banned\n|rule|HP Percentage Mod: HP is shown in percentages\n|clearpoke\n|poke|p1|Ninetales-Alola, F|\n|poke|p1|Baxcalibur, F|\n|poke|p1|Sandslash-Alola, F|\n|poke|p1|Infernape, F|\n|poke|p1|Kommo-o, F|\n|poke|p1|Cresselia, F|\n|poke|p2|Chi-Yu|\n|poke|p2|Palafin, M|\n|poke|p2|Flutter Mane|\n|poke|p2|Gothitelle, F|\n|poke|p2|Amoonguss, M|\n|poke|p2|Iron Hands|\n|teampreview\n|\n|t:|1699694824\n|start\n|switch|p1a: Ninetales|Ninetales-Alola, F|100\/100\n|switch|p1b: Sandslash|Sandslash-Alola, F|100\/100\n|switch|p2a: Gothitelle|Gothitelle, F|100\/100\n|switch|p2b: Flutter Mane|Flutter Mane|100\/100\n|-weather|Snow|[from] ability: Snow Warning|[of] p1a: Ninetales\n|-enditem|p2b: Flutter Mane|Booster Energy\n|-activate|p2b: Flutter Mane|ability: Protosynthesis|[fromitem]\n|-start|p2b: Flutter Mane|protosynthesisspe\n|turn|1\n|\n|t:|1699694864\n|-end|p2b: Flutter Mane|Protosynthesis|[silent]\n|switch|p2b: Chi-Yu|Chi-Yu|100\/100\n|-ability|p2b: Chi-Yu|Beads of Ruin\n|move|p2a: Gothitelle|Fake Out|p1b: Sandslash\n|-resisted|p1b: Sandslash\n|-damage|p1b: Sandslash|99\/100\n|cant|p1b: Sandslash|flinch\n|move|p1a: Ninetales|Aurora Veil|p1a: Ninetales\n|-sidestart|p1: Sbsvshsmabsbs|move: Aurora Veil\n|\n|-weather|Snow|[upkeep]\n|upkeep\n|turn|2\n|inactive|Battle timer is ON: inactive players will automatically lose when time's up. (requested by GoldTheSnail0531)\n|\n|t:|1699694927\n|move|p1b: Sandslash|Leech Life|p2a: Gothitelle\n|-supereffective|p2a: Gothitelle\n|-damage|p2a: Gothitelle|70\/100\n|-heal|p1b: Sandslash|100\/100|[from] drain|[of] p2a: Gothitelle\n|move|p2b: Chi-Yu|Nasty Plot|p2b: Chi-Yu\n|-boost|p2b: Chi-Yu|spa|2\n|move|p1a: Ninetales|Moonblast|p2b: Chi-Yu\n|-damage|p2b: Chi-Yu|70\/100\n|move|p2a: Gothitelle|Heal Pulse|p2b: Chi-Yu\n|-heal|p2b: Chi-Yu|100\/100\n|\n|-weather|Snow|[upkeep]\n|upkeep\n|turn|3\n|inactive|Sbsvshsmabsbs has 120 seconds left.\n|\n|t:|1699694957\n|move|p2a: Gothitelle|Protect|p2a: Gothitelle\n|-singleturn|p2a: Gothitelle|Protect\n|move|p1b: Sandslash|Leech Life|p2a: Gothitelle\n|-activate|p2a: Gothitelle|move: Protect\n|move|p2b: Chi-Yu|Flamethrower|p1b: Sandslash\n|-supereffective|p1b: Sandslash\n|-damage|p1b: Sandslash|0 fnt\n|faint|p1b: Sandslash\n|-damage|p2b: Chi-Yu|91\/100|[from] item: Life Orb\n|move|p1a: Ninetales|Moonblast|p2a: Gothitelle\n|-activate|p2a: Gothitelle|move: Protect\n|\n|-weather|Snow|[upkeep]\n|upkeep\n|inactive|Sbsvshsmabsbs has 120 seconds left.\n|\n|t:|1699694981\n|switch|p1b: Baxcalibur|Baxcalibur, F|100\/100\n|turn|4\n|inactive|Sbsvshsmabsbs has 120 seconds left.\n|\n|t:|1699695007\n|-terastallize|p1b: Baxcalibur|Water\n|move|p2b: Chi-Yu|Nasty Plot|p2b: Chi-Yu\n|-boost|p2b: Chi-Yu|spa|2\n|move|p1b: Baxcalibur|Scale Shot|p2b: Chi-Yu\n|-damage|p2b: Chi-Yu|70\/100\n|-damage|p2b: Chi-Yu|48\/100\n|-damage|p2b: Chi-Yu|26\/100\n|-damage|p2b: Chi-Yu|4\/100\n|-hitcount|p2b: Chi-Yu|4\n|-unboost|p1b: Baxcalibur|def|1\n|-boost|p1b: Baxcalibur|spe|1\n|move|p1a: Ninetales|Moonblast|p2b: Chi-Yu\n|-damage|p2b: Chi-Yu|0 fnt\n|faint|p2b: Chi-Yu\n|move|p2a: Gothitelle|Heal Pulse|p2: Chi-Yu|[notarget]\n|-fail|p2a: Gothitelle\n|\n|-weather|Snow|[upkeep]\n|upkeep\n|inactive|GoldTheSnail0531 has 120 seconds left.\n|\n|t:|1699695028\n|switch|p2b: Palafin|Palafin, M|100\/100\n|turn|5\n|inactive|GoldTheSnail0531 has 120 seconds left.\n|inactive|Sbsvshsmabsbs has 120 seconds left.\n|\n|t:|1699695063\n|detailschange|p2b: Palafin|Palafin-Hero, M\n|switch|p2b: Iron Hands|Iron Hands|100\/100\n|move|p1b: Baxcalibur|Protect|p1b: Baxcalibur\n|-singleturn|p1b: Baxcalibur|Protect\n|move|p1a: Ninetales|Freeze-Dry|p2b: Iron Hands\n|-damage|p2b: Iron Hands|81\/100\n|move|p2a: Gothitelle|Heal Pulse|p2b: Iron Hands\n|-heal|p2b: Iron Hands|100\/100\n|\n|-weather|none\n|-sideend|p1: Sbsvshsmabsbs|move: Aurora Veil\n|upkeep\n|turn|6\n|inactive|Sbsvshsmabsbs has 120 seconds left.\n|inactive|GoldTheSnail0531 has 120 seconds left.\n|\n|t:|1699695097\n|switch|p2a: Amoonguss|Amoonguss, M|100\/100\n|move|p2b: Iron Hands|Protect|p2b: Iron Hands\n|-singleturn|p2b: Iron Hands|Protect\n|move|p1b: Baxcalibur|Icicle Spear|p2a: Amoonguss\n|-supereffective|p2a: Amoonguss\n|-damage|p2a: Amoonguss|75\/100\n|-supereffective|p2a: Amoonguss\n|-damage|p2a: Amoonguss|47\/100\n|-supereffective|p2a: Amoonguss\n|-damage|p2a: Amoonguss|18\/100\n|-supereffective|p2a: Amoonguss\n|-crit|p2a: Amoonguss\n|-damage|p2a: Amoonguss|0 fnt\n|faint|p2a: Amoonguss\n|-hitcount|p2: Amoonguss|4\n|move|p1a: Ninetales|Blizzard|p2b: Iron Hands\n|-activate|p2b: Iron Hands|move: Protect\n|\n|upkeep\n|\n|t:|1699695115\n|switch|p2a: Palafin|Palafin-Hero, M|100\/100\n|-activate|p2a: Palafin|ability: Zero to Hero\n|turn|7\n|inactive|GoldTheSnail0531 has 120 seconds left.\n|\n|t:|1699695131\n|switch|p1a: Infernape|Infernape, F|100\/100\n|move|p1b: Baxcalibur|Protect|p1b: Baxcalibur\n|-singleturn|p1b: Baxcalibur|Protect\n|move|p2a: Palafin|Close Combat|p1a: Infernape\n|-damage|p1a: Infernape|31\/100\n|-unboost|p2a: Palafin|def|1\n|-unboost|p2a: Palafin|spd|1\n|move|p2b: Iron Hands|Volt Switch|p1b: Baxcalibur\n|-activate|p1b: Baxcalibur|move: Protect\n|\n|upkeep\n|turn|8\n|inactive|GoldTheSnail0531 has 120 seconds left.\n|inactive|Sbsvshsmabsbs has 120 seconds left.\n|\n|t:|1699695169\n|move|p2a: Palafin|Jet Punch|p1a: Infernape\n|-supereffective|p1a: Infernape\n|-crit|p1a: Infernape\n|-damage|p1a: Infernape|0 fnt\n|faint|p1a: Infernape\n|move|p1b: Baxcalibur|Glaive Rush|p2b: Iron Hands\n|-damage|p2b: Iron Hands|71\/100\n|-singlemove|p1b: Baxcalibur|Glaive Rush|[silent]\n|move|p2b: Iron Hands|Swords Dance|p2b: Iron Hands\n|-boost|p2b: Iron Hands|atk|2\n|\n|-heal|p2b: Iron Hands|77\/100|[from] item: Leftovers\n|upkeep\n|inactive|Sbsvshsmabsbs has 90 seconds left.\n|\n|t:|1699695207\n|switch|p1a: Ninetales|Ninetales-Alola, F|100\/100\n|-weather|Snow|[from] ability: Snow Warning|[of] p1a: Ninetales\n|turn|9\n|inactive|Sbsvshsmabsbs has 90 seconds left.\n|\n|t:|1699695240\n|move|p1b: Baxcalibur|Protect|p1b: Baxcalibur\n|-singleturn|p1b: Baxcalibur|Protect\n|move|p2a: Palafin|Close Combat|p1a: Ninetales\n|-damage|p1a: Ninetales|71\/100\n|-unboost|p2a: Palafin|def|1\n|-unboost|p2a: Palafin|spd|1\n|move|p1a: Ninetales|Aurora Veil|p1a: Ninetales\n|-sidestart|p1: Sbsvshsmabsbs|move: Aurora Veil\n|move|p2b: Iron Hands|Volt Switch|p1b: Baxcalibur\n|-activate|p1b: Baxcalibur|move: Protect\n|\n|-weather|Snow|[upkeep]\n|-heal|p2b: Iron Hands|84\/100|[from] item: Leftovers\n|upkeep\n|turn|10\n|inactive|Sbsvshsmabsbs has 90 seconds left.\n|\n|t:|1699695263\n|move|p2a: Palafin|Protect|p2a: Palafin\n|-singleturn|p2a: Palafin|Protect\n|move|p1b: Baxcalibur|Scale Shot|p2a: Palafin\n|-activate|p2a: Palafin|move: Protect\n|move|p1a: Ninetales|Moonblast|p2b: Iron Hands\n|-supereffective|p2b: Iron Hands\n|-damage|p2b: Iron Hands|35\/100\n|move|p2b: Iron Hands|Volt Switch|p1b: Baxcalibur\n|-supereffective|p1b: Baxcalibur\n|-damage|p1b: Baxcalibur|85\/100\n|inactive|GoldTheSnail0531 has 120 seconds left.\n|\n|t:|1699695284\n|-end|p2b: Iron Hands|Quark Drive|[silent]\n|switch|p2b: Flutter Mane|Flutter Mane|100\/100|[from] Volt Switch\n|\n|-weather|Snow|[upkeep]\n|-heal|p1b: Baxcalibur|92\/100|[from] ability: Ice Body\n|upkeep\n|turn|11\n|\n|t:|1699695304\n|move|p2b: Flutter Mane|Moonblast|p1b: Baxcalibur\n|-crit|p1b: Baxcalibur\n|-damage|p1b: Baxcalibur|24\/100\n|move|p1b: Baxcalibur|Scale Shot|p2a: Palafin\n|-damage|p2a: Palafin|72\/100\n|-damage|p2a: Palafin|46\/100\n|-damage|p2a: Palafin|20\/100\n|-damage|p2a: Palafin|0 fnt\n|faint|p2a: Palafin\n|-hitcount|p2: Palafin|4\n|-unboost|p1b: Baxcalibur|def|1\n|-boost|p1b: Baxcalibur|spe|1\n|move|p1a: Ninetales|Blizzard|p2b: Flutter Mane\n|-damage|p2b: Flutter Mane|69\/100\n|\n|-weather|Snow|[upkeep]\n|-heal|p1b: Baxcalibur|30\/100|[from] ability: Ice Body\n|upkeep\n|inactive|GoldTheSnail0531 has 120 seconds left.\n|\n|t:|1699695325\n|switch|p2a: Iron Hands|Iron Hands|35\/100\n|turn|12\n|inactive|Sbsvshsmabsbs has 120 seconds left.\n|inactive|Sbsvshsmabsbs has 90 seconds left.\n|\n|t:|1699695370\n|move|p1b: Baxcalibur|Icicle Spear|p2b: Flutter Mane\n|-damage|p2b: Flutter Mane|40\/100\n|-damage|p2b: Flutter Mane|13\/100\n|-damage|p2b: Flutter Mane|0 fnt\n|faint|p2b: Flutter Mane\n|-end|p2b: Flutter Mane|Protosynthesis|[silent]\n|-hitcount|p2: Flutter Mane|3\n|move|p1a: Ninetales|Blizzard|p2a: Iron Hands\n|-damage|p2a: Iron Hands|9\/100\n|move|p2a: Iron Hands|Volt Switch|p1b: Baxcalibur\n|-supereffective|p1b: Baxcalibur\n|-damage|p1b: Baxcalibur|16\/100\n|inactive|GoldTheSnail0531 has 120 seconds left.\n|\n|t:|1699695382\n|-end|p2a: Iron Hands|Quark Drive|[silent]\n|switch|p2a: Gothitelle|Gothitelle, F|70\/100|[from] Volt Switch\n|\n|-weather|Snow|[upkeep]\n|-heal|p1b: Baxcalibur|22\/100|[from] ability: Ice Body\n|upkeep\n|inactive|GoldTheSnail0531 has 120 seconds left.\n|\n|t:|1699695388\n|switch|p2b: Iron Hands|Iron Hands|9\/100\n|turn|13\n|-message|GoldTheSnail0531 forfeited.\n|\n|win|Sbsvshsmabsbs\n|raw|Sbsvshsmabsbs's rating: 1000 &rarr; <strong>1046<\/strong><br \/>(+46 for winning)\n|raw|GoldTheSnail0531's rating: 1049 &rarr; <strong>1029<\/strong><br \/>(-20 for losing)\n|l|\u2606GoldTheSnail0531\n","uploadtime":1699695402,"views":11,"p1id":"sbsvshsmabsbs","p2id":"goldthesnail0531","formatid":"gen9doublesou","rating":1029,"private":0,"password":""}