{"id":"gen9doublesou-1985247357","p1":"80lpos31don","p2":"SuperAndroid99","format":"[Gen 9] Doubles OU","log":"|j|\u260680lpos31don\n|j|\u2606SuperAndroid99\n|t:|1699354929\n|gametype|doubles\n|player|p1|80lpos31don|169|1321\n|player|p2|SuperAndroid99|gambler|1288\n|teamsize|p1|6\n|teamsize|p2|6\n|gen|9\n|tier|[Gen 9] Doubles OU\n|rated|\n|rule|Species Clause: Limit one of each Pok\u00e9mon\n|rule|OHKO Clause: OHKO moves are banned\n|rule|Evasion Moves Clause: Evasion moves are banned\n|rule|Gravity Sleep Clause: The combination of sleep-inducing moves with imperfect accuracy and Gravity or Gigantamax Orbeetle are banned\n|rule|Endless Battle Clause: Forcing endless battles is banned\n|rule|HP Percentage Mod: HP is shown in percentages\n|clearpoke\n|poke|p1|Murkrow, F|\n|poke|p1|Torkoal, M|\n|poke|p1|Typhlosion-Hisui, F|\n|poke|p1|Arcanine-Hisui, M|\n|poke|p1|Walking Wake|\n|poke|p1|Zoroark-Hisui, M|\n|poke|p2|Bronzong|\n|poke|p2|Iron Hands|\n|poke|p2|Kingambit, F|\n|poke|p2|Skeledirge, M|\n|poke|p2|Flutter Mane|\n|poke|p2|Samurott-Hisui, F|\n|teampreview\n|inactive|Battle timer is ON: inactive players will automatically lose when time's up. (requested by 80lpos31don)\n|\n|t:|1699354963\n|start\n|switch|p1a: Murkrow|Murkrow, F|100\/100\n|switch|p1b: Walking Wake|Walking Wake|100\/100\n|switch|p2a: Bronzong|Bronzong, shiny|100\/100\n|switch|p2b: Samurott|Samurott-Hisui, F|100\/100\n|turn|1\n|\n|t:|1699354987\n|move|p1a: Murkrow|Taunt|p2a: Bronzong\n|-start|p2a: Bronzong|move: Taunt\n|move|p1b: Walking Wake|Hyper Voice|p2b: Samurott|[spread] p2a,p2b\n|-resisted|p2a: Bronzong\n|-damage|p2a: Bronzong|86\/100\n|-damage|p2b: Samurott|45\/100\n|-enditem|p1b: Walking Wake|Throat Spray\n|-boost|p1b: Walking Wake|spa|1|[from] item: Throat Spray\n|move|p2b: Samurott|Razor Shell|p1a: Murkrow\n|-damage|p1a: Murkrow|40\/100\n|-unboost|p1a: Murkrow|def|1\n|move|p2a: Bronzong|Heavy Slam|p1a: Murkrow\n|-crit|p1a: Murkrow\n|-damage|p1a: Murkrow|0 fnt\n|faint|p1a: Murkrow\n|\n|upkeep\n|\n|t:|1699355002\n|switch|p1a: Torkoal|Torkoal, M|100\/100\n|-weather|SunnyDay|[from] ability: Drought|[of] p1a: Torkoal\n|turn|2\n|\n|t:|1699355018\n|move|p2b: Samurott|Sucker Punch|p1b: Walking Wake\n|-supereffective|p1b: Walking Wake\n|-damage|p1b: Walking Wake|0 fnt\n|replace|p1b: Zoroark|Zoroark-Hisui, M, shiny\n|-end|p1b: Zoroark|Illusion\n|faint|p1b: Zoroark\n|move|p1a: Torkoal|Stealth Rock|p2a: Bronzong\n|-sidestart|p2: SuperAndroid99|move: Stealth Rock\n|move|p2a: Bronzong|Heavy Slam|p1a: Torkoal\n|-resisted|p1a: Torkoal\n|-damage|p1a: Torkoal|94\/100\n|\n|-weather|SunnyDay|[upkeep]\n|upkeep\n|\n|t:|1699355028\n|switch|p1b: Arcanine|Arcanine-Hisui, M, shiny|100\/100\n|-ability|p1b: Arcanine|Intimidate|boost\n|-unboost|p2a: Bronzong|atk|1\n|-unboost|p2b: Samurott|atk|1\n|turn|3\n|\n|t:|1699355041\n|switch|p2a: Skeledirge|Skeledirge, M, shiny|100\/100\n|-damage|p2a: Skeledirge|75\/100|[from] Stealth Rock\n|move|p1b: Arcanine|Rock Slide|p2a: Skeledirge|[spread] p2a,p2b\n|-supereffective|p2a: Skeledirge\n|-damage|p2a: Skeledirge|10\/100\n|-damage|p2b: Samurott|0 fnt\n|faint|p2b: Samurott\n|move|p1a: Torkoal|Eruption|p2a: Skeledirge\n|-resisted|p2a: Skeledirge\n|-crit|p2a: Skeledirge\n|-damage|p2a: Skeledirge|0 fnt\n|faint|p2a: Skeledirge\n|\n|-weather|SunnyDay|[upkeep]\n|upkeep\n|inactive|SuperAndroid99 has 120 seconds left.\n|\n|t:|1699355075\n|switch|p2b: Flutter Mane|Flutter Mane|100\/100\n|switch|p2a: Iron Hands|Iron Hands|100\/100\n|-damage|p2b: Flutter Mane|88\/100|[from] Stealth Rock\n|-activate|p2b: Flutter Mane|ability: Protosynthesis\n|-start|p2b: Flutter Mane|protosynthesisspe\n|-damage|p2a: Iron Hands|94\/100|[from] Stealth Rock\n|turn|4\n|\n|t:|1699355091\n|move|p2b: Flutter Mane|Shadow Ball|p1a: Torkoal\n|-crit|p1a: Torkoal\n|-damage|p1a: Torkoal|0 fnt\n|faint|p1a: Torkoal\n|move|p1b: Arcanine|Rock Slide|p2b: Flutter Mane|[spread] p2a,p2b\n|-resisted|p2a: Iron Hands\n|-damage|p2a: Iron Hands|83\/100\n|-damage|p2b: Flutter Mane|30\/100\n|move|p2a: Iron Hands|Drain Punch|p1b: Arcanine\n|-supereffective|p1b: Arcanine\n|-damage|p1b: Arcanine|0 fnt\n|-heal|p2a: Iron Hands|100\/100|[from] drain|[of] p1b: Arcanine\n|faint|p1b: Arcanine\n|\n|-weather|SunnyDay|[upkeep]\n|upkeep\n|\n|t:|1699355103\n|switch|p1b: Typhlosion|Typhlosion-Hisui, F, shiny|100\/100\n|switch|p1a: Walking Wake|Walking Wake|100\/100\n|-activate|p1a: Walking Wake|ability: Protosynthesis\n|-start|p1a: Walking Wake|protosynthesisspa\n|-item|p2a: Iron Hands|Assault Vest|[from] ability: Frisk|[of] p1b: Typhlosion|[identify]\n|-item|p2b: Flutter Mane|Choice Specs|[from] ability: Frisk|[of] p1b: Typhlosion|[identify]\n|turn|5\n|\n|t:|1699355118\n|move|p2b: Flutter Mane|Shadow Ball|p1b: Typhlosion\n|-supereffective|p1b: Typhlosion\n|-damage|p1b: Typhlosion|0 fnt\n|faint|p1b: Typhlosion\n|move|p1a: Walking Wake|Hydro Steam|p2b: Flutter Mane\n|-damage|p2b: Flutter Mane|0 fnt\n|faint|p2b: Flutter Mane\n|-end|p2b: Flutter Mane|Protosynthesis|[silent]\n|move|p2a: Iron Hands|Wild Charge|p1a: Walking Wake\n|-damage|p1a: Walking Wake|40\/100\n|-damage|p2a: Iron Hands|91\/100|[from] Recoil\n|\n|-weather|SunnyDay|[upkeep]\n|upkeep\n|\n|t:|1699355130\n|switch|p2b: Bronzong|Bronzong, shiny|86\/100\n|-damage|p2b: Bronzong|80\/100|[from] Stealth Rock\n|turn|6\n|\n|t:|1699355138\n|move|p1a: Walking Wake|Hydro Steam|p2a: Iron Hands\n|-damage|p2a: Iron Hands|34\/100\n|move|p2a: Iron Hands|Wild Charge|p1a: Walking Wake\n|-damage|p1a: Walking Wake|0 fnt\n|faint|p1a: Walking Wake\n|-end|p1a: Walking Wake|Protosynthesis|[silent]\n|-damage|p2a: Iron Hands|27\/100|[from] Recoil\n|\n|win|SuperAndroid99\n|raw|80lpos31don's rating: 1321 &rarr; <strong>1299<\/strong><br \/>(-22 for losing)\n|raw|SuperAndroid99's rating: 1288 &rarr; <strong>1315<\/strong><br \/>(+27 for winning)\n|l|\u260680lpos31don\n","uploadtime":1699355149,"views":11,"p1id":"80lpos31don","p2id":"superandroid99","formatid":"gen9doublesou","rating":1299,"private":0,"password":""}