{"id":"gen9doublesou-1984133387","p1":"kuroboss","p2":"epicpokemonerxd","format":"[Gen 9] Doubles OU","log":"|j|\u203dkuroboss\n|j|\u2606epicpokemonerxd\n|t:|1699222151\n|gametype|doubles\n|player|p1|kuroboss|102|1039\n|player|p2|epicpokemonerxd|swimmerf-gen4|1004\n|teamsize|p1|6\n|teamsize|p2|6\n|gen|9\n|tier|[Gen 9] Doubles OU\n|rated|\n|rule|Species Clause: Limit one of each Pok\u00e9mon\n|rule|OHKO Clause: OHKO moves are banned\n|rule|Evasion Moves Clause: Evasion moves are banned\n|rule|Gravity Sleep Clause: The combination of sleep-inducing moves with imperfect accuracy and Gravity or Gigantamax Orbeetle are banned\n|rule|Endless Battle Clause: Forcing endless battles is banned\n|rule|HP Percentage Mod: HP is shown in percentages\n|clearpoke\n|poke|p1|Manaphy|\n|poke|p1|Glimmora, F|\n|poke|p1|Pelipper, F|\n|poke|p1|Gengar, F|\n|poke|p1|Clefairy, M|\n|poke|p1|Arboliva, M|\n|poke|p2|Slaking, M|\n|poke|p2|Medicham, M|\n|poke|p2|Flutter Mane|\n|poke|p2|Landorus-Therian, M|\n|poke|p2|Cresselia, F|\n|poke|p2|Indeedee-F, F|\n|teampreview\n|inactive|Battle timer is ON: inactive players will automatically lose when time's up. (requested by epicpokemonerxd)\n|l|\u203dkuroboss\n|inactive|kuroboss disconnected and has a minute to reconnect!\n|player|p1|\n|j|\u203dkuroboss\n|inactive|kuroboss reconnected and has 145 seconds left.\n|player|p1|kuroboss|102\n|n|\u203dkuroboss|kuroboss\n|\n|t:|1699222163\n|start\n|switch|p1a: Arboliva|Arboliva, M|100\/100\n|switch|p1b: Glimmora|Glimmora, F|100\/100\n|switch|p2a: Slaking|Slaking, M|100\/100\n|switch|p2b: Medicham|Medicham, M|100\/100\n|turn|1\n|\n|t:|1699222175\n|move|p1b: Glimmora|Spiky Shield|p1b: Glimmora\n|-singleturn|p1b: Glimmora|move: Protect\n|move|p1a: Arboliva|Protect|p1a: Arboliva\n|-singleturn|p1a: Arboliva|Protect\n|move|p2b: Medicham|Skill Swap|p2a: Slaking\n|-activate|p2b: Medicham|move: Skill Swap|||[of] p2a: Slaking\n|move|p2a: Slaking|Earthquake|p1b: Glimmora|[spread] p2b\n|-activate|p1a: Arboliva|move: Protect\n|-activate|p1b: Glimmora|move: Protect\n|-damage|p2b: Medicham|1\/100\n|\n|upkeep\n|turn|2\n|inactive|epicpokemonerxd has 120 seconds left.\n|\n|t:|1699222226\n|switch|p2b: Cresselia|Cresselia, F|100\/100\n|move|p2a: Slaking|Earthquake|p1b: Glimmora|[spread] p1a,p1b\n|-immune|p2b: Cresselia|[from] ability: Levitate\n|-resisted|p1a: Arboliva\n|-supereffective|p1b: Glimmora\n|-damage|p1a: Arboliva|69\/100\n|-damage|p1b: Glimmora|0 fnt\n|-activate|p1b: Glimmora|ability: Toxic Debris\n|-sidestart|p2: epicpokemonerxd|move: Toxic Spikes\n|faint|p1b: Glimmora\n|move|p1a: Arboliva|Leech Seed|p2a: Slaking|[miss]\n|-miss|p1a: Arboliva|p2a: Slaking\n|\n|upkeep\n|l|\u203dkuroboss\n|inactive|kuroboss disconnected and has a minute to reconnect!\n|player|p1|\n|j|\u203dkuroboss\n|inactive|kuroboss reconnected and has 140 seconds left.\n|player|p1|kuroboss|102\n|n|\u203dkuroboss|kuroboss\n|\n|t:|1699222239\n|switch|p1b: Pelipper|Pelipper, F|100\/100\n|-weather|RainDance|[from] ability: Drizzle|[of] p1b: Pelipper\n|turn|3\n|inactive|epicpokemonerxd has 120 seconds left.\n|\n|t:|1699222261\n|move|p2b: Cresselia|Helping Hand|p2a: Slaking\n|-singleturn|p2a: Slaking|Helping Hand|[of] p2b: Cresselia\n|move|p2a: Slaking|Body Slam|p1b: Pelipper\n|-damage|p1b: Pelipper|0 fnt\n|faint|p1b: Pelipper\n|move|p1a: Arboliva|Leech Seed|p2a: Slaking\n|-start|p2a: Slaking|move: Leech Seed\n|\n|-weather|RainDance|[upkeep]\n|-damage|p2a: Slaking|88\/100|[from] Leech Seed|[of] p1a: Arboliva\n|-heal|p1a: Arboliva|85\/100|[silent]\n|upkeep\n|\n|t:|1699222273\n|switch|p1b: Gengar|Gengar, F|100\/100\n|turn|4\n|inactive|epicpokemonerxd has 120 seconds left.\n|\n|t:|1699222306\n|move|p2b: Cresselia|Helping Hand|p2a: Slaking\n|-singleturn|p2a: Slaking|Helping Hand|[of] p2b: Cresselia\n|move|p1b: Gengar|Hypnosis|p2a: Slaking\n|-status|p2a: Slaking|slp|[from] move: Hypnosis\n|cant|p2a: Slaking|slp\n|move|p1a: Arboliva|Leech Seed|p2b: Cresselia\n|-start|p2b: Cresselia|move: Leech Seed\n|\n|-weather|RainDance|[upkeep]\n|-heal|p2a: Slaking|94\/100 slp|[from] item: Leftovers\n|-damage|p2a: Slaking|82\/100 slp|[from] Leech Seed|[of] p1a: Arboliva\n|-heal|p1a: Arboliva|99\/100|[silent]\n|-damage|p2b: Cresselia|88\/100|[from] Leech Seed|[of] p1a: Arboliva\n|-heal|p1a: Arboliva|100\/100|[silent]\n|upkeep\n|turn|5\n|inactive|epicpokemonerxd has 120 seconds left.\n|inactive|kuroboss has 120 seconds left.\n|\n|t:|1699222343\n|move|p2b: Cresselia|Protect|p2b: Cresselia\n|-singleturn|p2b: Cresselia|Protect\n|move|p1a: Arboliva|Protect|p1a: Arboliva\n|-singleturn|p1a: Arboliva|Protect\n|move|p1b: Gengar|Hypnosis|p2b: Cresselia\n|-activate|p2b: Cresselia|move: Protect\n|cant|p2a: Slaking|slp\n|\n|-weather|RainDance|[upkeep]\n|-heal|p2a: Slaking|88\/100 slp|[from] item: Leftovers\n|-heal|p2b: Cresselia|94\/100|[from] item: Leftovers\n|-damage|p2a: Slaking|75\/100 slp|[from] Leech Seed|[of] p1a: Arboliva\n|-damage|p2b: Cresselia|82\/100|[from] Leech Seed|[of] p1a: Arboliva\n|upkeep\n|turn|6\n|inactive|kuroboss has 120 seconds left.\n|\n|t:|1699222364\n|-curestatus|p2a: Slaking|slp|[msg]\n|move|p2a: Slaking|Protect|p2a: Slaking\n|-singleturn|p2a: Slaking|Protect\n|move|p2b: Cresselia|Ally Switch|p2b: Cresselia\n|swap|p2b: Cresselia|0|[from] move: Ally Switch\n|move|p1b: Gengar|Hypnosis|p2b: Slaking\n|-activate|p2b: Slaking|move: Protect\n|move|p1a: Arboliva|Dazzling Gleam|p2b: Slaking|[spread] p2a\n|-activate|p2b: Slaking|move: Protect\n|-damage|p2a: Cresselia|72\/100\n|\n|-weather|RainDance|[upkeep]\n|-heal|p2b: Slaking|81\/100|[from] item: Leftovers\n|-heal|p2a: Cresselia|78\/100|[from] item: Leftovers\n|-damage|p2b: Slaking|69\/100|[from] Leech Seed|[of] p1a: Arboliva\n|-damage|p2a: Cresselia|66\/100|[from] Leech Seed|[of] p1a: Arboliva\n|upkeep\n|turn|7\n|\n|t:|1699222387\n|move|p2a: Cresselia|Helping Hand|p2b: Slaking\n|-singleturn|p2b: Slaking|Helping Hand|[of] p2a: Cresselia\n|move|p1b: Gengar|Toxic|p2b: Slaking\n|-status|p2b: Slaking|tox\n|move|p2b: Slaking|Earthquake|p1a: Arboliva|[spread] p1a,p1b\n|-immune|p2a: Cresselia|[from] ability: Levitate\n|-resisted|p1a: Arboliva\n|-supereffective|p1b: Gengar\n|-damage|p1a: Arboliva|57\/100\n|-damage|p1b: Gengar|0 fnt\n|faint|p1b: Gengar\n|move|p1a: Arboliva|Dazzling Gleam|p2b: Slaking|[spread] p2a,p2b\n|-damage|p2a: Cresselia|57\/100\n|-damage|p2b: Slaking|50\/100 tox\n|\n|-weather|none\n|-heal|p2b: Slaking|56\/100 tox|[from] item: Leftovers\n|-heal|p2a: Cresselia|63\/100|[from] item: Leftovers\n|-damage|p2b: Slaking|44\/100 tox|[from] Leech Seed|[of] p1a: Arboliva\n|-heal|p1a: Arboliva|72\/100|[silent]\n|-damage|p2a: Cresselia|50\/100|[from] Leech Seed|[of] p1a: Arboliva\n|-heal|p1a: Arboliva|87\/100|[silent]\n|-damage|p2b: Slaking|38\/100 tox|[from] psn\n|upkeep\n|inactive|kuroboss has 120 seconds left.\n|\n|t:|1699222406\n|switch|p1b: Clefairy|Clefairy, M|100\/100\n|turn|8\n|\n|t:|1699222417\n|-terastallize|p2b: Slaking|Ground\n|move|p2a: Cresselia|Helping Hand|p2b: Slaking\n|-singleturn|p2b: Slaking|Helping Hand|[of] p2a: Cresselia\n|move|p1a: Arboliva|Protect|p1a: Arboliva\n|-singleturn|p1a: Arboliva|Protect\n|move|p1b: Clefairy|Protect|p1b: Clefairy\n|-singleturn|p1b: Clefairy|Protect\n|move|p2b: Slaking|Earthquake|p1a: Arboliva|[spread] \n|-activate|p1a: Arboliva|move: Protect\n|-activate|p1b: Clefairy|move: Protect\n|-immune|p2a: Cresselia|[from] ability: Levitate\n|\n|-heal|p2b: Slaking|44\/100 tox|[from] item: Leftovers\n|-heal|p2a: Cresselia|57\/100|[from] item: Leftovers\n|-damage|p2b: Slaking|31\/100 tox|[from] Leech Seed|[of] p1a: Arboliva\n|-heal|p1a: Arboliva|100\/100|[silent]\n|-damage|p2a: Cresselia|44\/100|[from] Leech Seed|[of] p1a: Arboliva\n|-damage|p2b: Slaking|19\/100 tox|[from] psn\n|upkeep\n|turn|9\n|\n|t:|1699222440\n|move|p2a: Cresselia|Helping Hand|p2b: Slaking\n|-singleturn|p2b: Slaking|Helping Hand|[of] p2a: Cresselia\n|move|p1b: Clefairy|Follow Me|p1b: Clefairy\n|-singleturn|p1b: Clefairy|move: Follow Me\n|move|p2b: Slaking|Earthquake|p1b: Clefairy|[spread] p1a,p1b\n|-immune|p2a: Cresselia|[from] ability: Levitate\n|-resisted|p1a: Arboliva\n|-damage|p1a: Arboliva|48\/100\n|-damage|p1b: Clefairy|0 fnt\n|-enditem|p1a: Arboliva|Sitrus Berry|[eat]\n|-heal|p1a: Arboliva|73\/100|[from] item: Sitrus Berry\n|faint|p1b: Clefairy\n|move|p1a: Arboliva|Dazzling Gleam|p2a: Cresselia|[spread] p2a,p2b\n|-damage|p2a: Cresselia|35\/100\n|-damage|p2b: Slaking|0 fnt\n|faint|p2b: Slaking\n|\n|-heal|p2a: Cresselia|41\/100|[from] item: Leftovers\n|-damage|p2a: Cresselia|28\/100|[from] Leech Seed|[of] p1a: Arboliva\n|-heal|p1a: Arboliva|88\/100|[silent]\n|-item|p1a: Arboliva|Sitrus Berry|[from] ability: Harvest\n|upkeep\n|\n|t:|1699222457\n|switch|p2b: Flutter Mane|Flutter Mane|100\/100\n|switch|p1b: Manaphy|Manaphy|100\/100\n|-status|p2b: Flutter Mane|psn\n|-enditem|p2b: Flutter Mane|Booster Energy\n|-activate|p2b: Flutter Mane|ability: Protosynthesis|[fromitem]\n|-start|p2b: Flutter Mane|protosynthesisspe\n|turn|10\n|\n|t:|1699222471\n|move|p2a: Cresselia|Ally Switch|p2a: Cresselia\n|swap|p2a: Cresselia|1|[from] move: Ally Switch\n|move|p2a: Flutter Mane|Taunt|p1b: Manaphy\n|-start|p1b: Manaphy|move: Taunt\n|-enditem|p1b: Manaphy|Mental Herb\n|-end|p1b: Manaphy|move: Taunt\n|move|p1b: Manaphy|Tail Glow|p1b: Manaphy\n|-boost|p1b: Manaphy|spa|3\n|move|p1a: Arboliva|Leech Seed||[still]\n|-fail|p1a: Arboliva\n|\n|-heal|p2b: Cresselia|34\/100|[from] item: Leftovers\n|-damage|p2b: Cresselia|22\/100|[from] Leech Seed|[of] p1a: Arboliva\n|-heal|p1a: Arboliva|100\/100|[silent]\n|-damage|p2a: Flutter Mane|88\/100 psn|[from] psn\n|upkeep\n|turn|11\n|\n|t:|1699222496\n|move|p2b: Cresselia|Protect||[still]\n|-fail|p2b: Cresselia\n|move|p2a: Flutter Mane|Taunt|p1a: Arboliva\n|-start|p1a: Arboliva|move: Taunt\n|move|p1b: Manaphy|Stored Power|p2a: Flutter Mane\n|-damage|p2a: Flutter Mane|30\/100 psn\n|cant|p1a: Arboliva|move: Taunt|Leech Seed\n|\n|-heal|p2b: Cresselia|28\/100|[from] item: Leftovers\n|-damage|p2b: Cresselia|16\/100|[from] Leech Seed|[of] p1a: Arboliva\n|-damage|p2a: Flutter Mane|18\/100 psn|[from] psn\n|upkeep\n|turn|12\n|\n|t:|1699222513\n|move|p2b: Cresselia|Ally Switch|p2b: Cresselia\n|swap|p2b: Cresselia|0|[from] move: Ally Switch\n|move|p2b: Flutter Mane|Icy Wind|p1a: Arboliva|[spread] p1a,p1b\n|-supereffective|p1a: Arboliva\n|-resisted|p1b: Manaphy\n|-damage|p1a: Arboliva|82\/100\n|-damage|p1b: Manaphy|95\/100\n|-unboost|p1a: Arboliva|spe|1\n|-unboost|p1b: Manaphy|spe|1\n|move|p1b: Manaphy|Stored Power|p2a: Cresselia\n|-resisted|p2a: Cresselia\n|-damage|p2a: Cresselia|0 fnt\n|faint|p2a: Cresselia\n|move|p1a: Arboliva|Dazzling Gleam|p2b: Flutter Mane\n|-damage|p2b: Flutter Mane|0 fnt\n|faint|p2b: Flutter Mane\n|-end|p2b: Flutter Mane|Protosynthesis|[silent]\n|\n|upkeep\n|\n|t:|1699222523\n|switch|p2b: Landorus|Landorus-Therian, M|100\/100\n|switch|p2a: Medicham|Medicham, M|1\/100\n|-status|p2a: Medicham|psn\n|-ability|p2b: Landorus|Intimidate|boost\n|-unboost|p1a: Arboliva|atk|1\n|-unboost|p1b: Manaphy|atk|1\n|turn|13\n|\n|t:|1699222536\n|-terastallize|p1a: Arboliva|Fairy\n|move|p2a: Medicham|Skill Swap|p2b: Landorus\n|-activate|p2a: Medicham|move: Skill Swap|||[of] p2b: Landorus\n|-ability|p2a: Medicham|Intimidate|boost\n|-unboost|p1a: Arboliva|atk|1\n|-unboost|p1b: Manaphy|atk|1\n|move|p2b: Landorus|Earthquake|p1b: Manaphy|[spread] p2a,p1a,p1b\n|-crit|p1a: Arboliva\n|-damage|p2a: Medicham|0 fnt\n|-damage|p1a: Arboliva|0 fnt\n|-damage|p1b: Manaphy|0 fnt\n|faint|p2a: Medicham\n|faint|p1a: Arboliva\n|faint|p1b: Manaphy\n|\n|win|epicpokemonerxd\n|raw|kuroboss's rating: 1039 &rarr; <strong>1024<\/strong><br \/>(-15 for losing)\n|raw|epicpokemonerxd's rating: 1056 &rarr; <strong>1086<\/strong><br \/>(+30 for winning)\n|l|\u203dkuroboss\n","uploadtime":1699222547,"views":16,"p1id":"kuroboss","p2id":"epicpokemonerxd","formatid":"gen9doublesou","rating":1024,"private":0,"password":""}