{"id":"gen9doublesou-1994551084","p1":"Ijumpshot","p2":"HauntedBread","format":"[Gen 9] Doubles OU","log":"|j|\u2606Ijumpshot\n|j|\u2606HauntedBread\n|t:|1700458424\n|gametype|doubles\n|player|p1|Ijumpshot|102|1168\n|player|p2|HauntedBread|roxie|1185\n|teamsize|p1|6\n|teamsize|p2|6\n|gen|9\n|tier|[Gen 9] Doubles OU\n|rated|\n|rule|Species Clause: Limit one of each Pok\u00e9mon\n|rule|OHKO Clause: OHKO moves are banned\n|rule|Evasion Moves Clause: Evasion moves are banned\n|rule|Gravity Sleep Clause: The combination of sleep-inducing moves with imperfect accuracy and Gravity or Gigantamax Orbeetle are banned\n|rule|Endless Battle Clause: Forcing endless battles is banned\n|rule|HP Percentage Mod: HP is shown in percentages\n|clearpoke\n|poke|p1|Appletun, M|\n|poke|p1|Basculegion-F, F|\n|poke|p1|Avalugg, F|\n|poke|p1|Azelf|\n|poke|p1|Hydreigon, M|\n|poke|p1|Ambipom, F|\n|poke|p2|Armarouge, M|\n|poke|p2|Copperajah, F|\n|poke|p2|Iron Hands|\n|poke|p2|Kingambit, F|\n|poke|p2|Flutter Mane|\n|poke|p2|Sinistcha|\n|teampreview\n|inactive|Battle timer is ON: inactive players will automatically lose when time's up. (requested by Ijumpshot)\n|\n|t:|1700458444\n|start\n|switch|p1a: Ambipom|Ambipom, F|100\/100\n|switch|p1b: Basculegion|Basculegion-F, F, shiny|100\/100\n|switch|p2a: Armarouge|Armarouge, M|100\/100\n|switch|p2b: Iron Hands|Iron Hands|100\/100\n|turn|1\n|c|\u2606HauntedBread|glhf :)\n|\n|t:|1700458457\n|move|p1a: Ambipom|Fake Out|p2b: Iron Hands\n|-damage|p2b: Iron Hands|82\/100\n|move|p1b: Basculegion|Flip Turn|p2a: Armarouge\n|-supereffective|p2a: Armarouge\n|-damage|p2a: Armarouge|68\/100\n|\n|t:|1700458472\n|switch|p1b: Hydreigon|Hydreigon, M, shiny|100\/100|[from] Flip Turn\n|cant|p2b: Iron Hands|flinch\n|move|p2a: Armarouge|Trick Room|p2a: Armarouge\n|-fieldstart|move: Trick Room|[of] p2a: Armarouge\n|\n|upkeep\n|turn|2\n|inactive|Ijumpshot has 120 seconds left.\n|inactive|HauntedBread has 120 seconds left.\n|\n|t:|1700458522\n|switch|p2a: Copperajah|Copperajah, F|100\/100\n|switch|p1a: Avalugg|Avalugg, F, shiny|100\/100\n|move|p2b: Iron Hands|Drain Punch|p1a: Avalugg\n|-supereffective|p1a: Avalugg\n|-damage|p1a: Avalugg|66\/100\n|-heal|p2b: Iron Hands|95\/100|[from] drain|[of] p1a: Avalugg\n|move|p1b: Hydreigon|Tri Attack|p2a: Copperajah\n|-resisted|p2a: Copperajah\n|-damage|p2a: Copperajah|85\/100\n|\n|-heal|p2a: Copperajah|91\/100|[from] item: Leftovers\n|-heal|p1a: Avalugg|73\/100|[from] item: Leftovers\n|upkeep\n|turn|3\n|inactive|Ijumpshot has 120 seconds left.\n|inactive|HauntedBread has 120 seconds left.\n|inactive|Ijumpshot has 90 seconds left.\n|\n|t:|1700458558\n|move|p1a: Avalugg|Protect|p1a: Avalugg\n|-singleturn|p1a: Avalugg|Protect\n|move|p2a: Copperajah|Body Press|p1b: Hydreigon\n|-supereffective|p1b: Hydreigon\n|-damage|p1b: Hydreigon|51\/100\n|move|p2b: Iron Hands|Drain Punch|p1b: Hydreigon\n|-supereffective|p1b: Hydreigon\n|-damage|p1b: Hydreigon|0 fnt\n|-heal|p2b: Iron Hands|100\/100|[from] drain|[of] p1b: Hydreigon\n|faint|p1b: Hydreigon\n|\n|-heal|p2a: Copperajah|97\/100|[from] item: Leftovers\n|-heal|p1a: Avalugg|79\/100|[from] item: Leftovers\n|upkeep\n|inactive|Ijumpshot has 90 seconds left.\n|\n|t:|1700458569\n|switch|p1b: Azelf|Azelf, shiny|100\/100\n|turn|4\n|inactive|HauntedBread has 120 seconds left.\n|\n|t:|1700458588\n|-terastallize|p2b: Iron Hands|Bug\n|move|p2a: Copperajah|Body Press|p1a: Avalugg\n|-supereffective|p1a: Avalugg\n|-damage|p1a: Avalugg|61\/100\n|move|p1a: Avalugg|Rock Slide|p2a: Copperajah|[spread] p2b\n|-miss|p1a: Avalugg|p2a: Copperajah\n|-supereffective|p2b: Iron Hands\n|-damage|p2b: Iron Hands|83\/100\n|move|p2b: Iron Hands|Tera Blast|p1b: Azelf|[anim] Tera Blast Bug\n|-supereffective|p1b: Azelf\n|-damage|p1b: Azelf|0 fnt\n|faint|p1b: Azelf\n|\n|-heal|p2a: Copperajah|100\/100|[from] item: Leftovers\n|-heal|p1a: Avalugg|67\/100|[from] item: Leftovers\n|upkeep\n|\n|t:|1700458601\n|switch|p1b: Ambipom|Ambipom, F|100\/100\n|turn|5\n|inactive|Ijumpshot has 120 seconds left.\n|\n|t:|1700458618\n|move|p1b: Ambipom|Fake Out|p2a: Copperajah\n|-resisted|p2a: Copperajah\n|-damage|p2a: Copperajah|89\/100\n|cant|p2a: Copperajah|flinch\n|move|p1a: Avalugg|Rock Slide|p2a: Copperajah|[spread] p2a,p2b\n|-resisted|p2a: Copperajah\n|-supereffective|p2b: Iron Hands\n|-damage|p2a: Copperajah|84\/100\n|-damage|p2b: Iron Hands|64\/100\n|move|p2b: Iron Hands|Drain Punch|p1b: Ambipom\n|-supereffective|p1b: Ambipom\n|-damage|p1b: Ambipom|0 fnt\n|-heal|p2b: Iron Hands|93\/100|[from] drain|[of] p1b: Ambipom\n|faint|p1b: Ambipom\n|\n|-heal|p2a: Copperajah|90\/100|[from] item: Leftovers\n|-heal|p1a: Avalugg|73\/100|[from] item: Leftovers\n|-fieldend|move: Trick Room\n|upkeep\n|inactive|Ijumpshot has 120 seconds left.\n|-message|Ijumpshot forfeited.\n|\n|win|HauntedBread\n|raw|Ijumpshot's rating: 1168 &rarr; <strong>1144<\/strong><br \/>(-24 for losing)\n|raw|HauntedBread's rating: 1185 &rarr; <strong>1209<\/strong><br \/>(+24 for winning)\n|l|\u2606Ijumpshot\n","uploadtime":1700458639,"views":6,"p1id":"ijumpshot","p2id":"hauntedbread","formatid":"gen9doublesou","rating":1144,"private":0,"password":""}