{"id":"gen9doublesou-1989934775","p1":"Kumra21","p2":"Charger1744","format":"[Gen 9] Doubles OU","log":"|j|\u2606Kumra21\n|j|\u2606Charger1744\n|t:|1699908074\n|gametype|doubles\n|player|p1|Kumra21|silver|1170\n|player|p2|Charger1744|1|1083\n|teamsize|p1|6\n|teamsize|p2|6\n|gen|9\n|tier|[Gen 9] Doubles OU\n|rated|\n|rule|Species Clause: Limit one of each Pok\u00e9mon\n|rule|OHKO Clause: OHKO moves are banned\n|rule|Evasion Moves Clause: Evasion moves are banned\n|rule|Gravity Sleep Clause: The combination of sleep-inducing moves with imperfect accuracy and Gravity or Gigantamax Orbeetle are banned\n|rule|Endless Battle Clause: Forcing endless battles is banned\n|rule|HP Percentage Mod: HP is shown in percentages\n|clearpoke\n|poke|p1|Tornadus, M|\n|poke|p1|Politoed, F|\n|poke|p1|Ludicolo, M|\n|poke|p1|Kilowattrel, M|\n|poke|p1|Basculegion-F, F|\n|poke|p1|Corviknight, F|\n|poke|p2|Kommo-o, M|\n|poke|p2|Landorus-Therian, M|\n|poke|p2|Weezing-Galar, M|\n|poke|p2|Slaking, M|\n|poke|p2|Manaphy|\n|poke|p2|Clefairy, F|\n|teampreview\n|\n|t:|1699908080\n|start\n|switch|p1a: Politoed|Politoed, F|100\/100\n|switch|p1b: Ludicolo|Ludicolo, M|100\/100\n|switch|p2a: Nobili|Weezing-Galar, M|100\/100\n|switch|p2b: Rillaboomer|Slaking, M|100\/100\n|-ability|p2a: Nobili|Neutralizing Gas\n|turn|1\n|inactive|Battle timer is ON: inactive players will automatically lose when time's up. (requested by Kumra21)\n|\n|t:|1699908136\n|switch|p1a: Tornadus|Tornadus, M|100\/100\n|move|p2b: Rillaboomer|Play Rough|p1b: Ludicolo\n|-damage|p1b: Ludicolo|48\/100\n|move|p1b: Ludicolo|Hydro Pump|p2b: Rillaboomer\n|-damage|p2b: Rillaboomer|61\/100\n|move|p2a: Nobili|Clear Smog|p1b: Ludicolo\n|-supereffective|p1b: Ludicolo\n|-damage|p1b: Ludicolo|4\/100\n|-clearboost|p1b: Ludicolo\n|\n|upkeep\n|turn|2\n|\n|t:|1699908160\n|move|p2b: Rillaboomer|Sucker Punch|p1b: Ludicolo\n|-damage|p1b: Ludicolo|0 fnt\n|faint|p1b: Ludicolo\n|move|p1a: Tornadus|Rain Dance|p1a: Tornadus\n|-weather|RainDance\n|move|p2a: Nobili|Will-O-Wisp|p1a: Tornadus\n|-status|p1a: Tornadus|brn\n|\n|-weather|RainDance|[upkeep]\n|-damage|p1a: Tornadus|94\/100 brn|[from] brn\n|upkeep\n|\n|t:|1699908171\n|switch|p1b: Kilowattrel|Kilowattrel, M|100\/100\n|turn|3\n|\n|t:|1699908195\n|move|p1b: Kilowattrel|Thunder|p2a: Nobili\n|-damage|p2a: Nobili|45\/100\n|move|p1a: Tornadus|Taunt|p2a: Nobili\n|-start|p2a: Nobili|move: Taunt\n|move|p2b: Rillaboomer|Play Rough|p1a: Tornadus\n|-damage|p1a: Tornadus|54\/100 brn\n|move|p2a: Nobili|Dazzling Gleam|p1a: Tornadus|[spread] p1a,p1b\n|-damage|p1a: Tornadus|30\/100 brn\n|-damage|p1b: Kilowattrel|61\/100\n|\n|-weather|RainDance|[upkeep]\n|-heal|p2a: Nobili|51\/100|[from] item: Leftovers\n|-damage|p1a: Tornadus|24\/100 brn|[from] brn\n|upkeep\n|turn|4\n|inactive|Charger1744 has 120 seconds left.\n|\n|t:|1699908233\n|move|p2b: Rillaboomer|Sucker Punch|p1b: Kilowattrel\n|-damage|p1b: Kilowattrel|16\/100\n|move|p1b: Kilowattrel|Thunder|p2a: Nobili\n|-damage|p2a: Nobili|0 fnt\n|faint|p2a: Nobili\n|-end|p2a: Nobili|ability: Neutralizing Gas\n|move|p1a: Tornadus|Bleakwind Storm|p2b: Rillaboomer\n|-damage|p2b: Rillaboomer|39\/100\n|-unboost|p2b: Rillaboomer|spe|1\n|\n|-weather|RainDance|[upkeep]\n|-damage|p1a: Tornadus|18\/100 brn|[from] brn\n|upkeep\n|\n|t:|1699908253\n|switch|p2a: Metacious|Landorus-Therian, M|100\/100\n|-ability|p2a: Metacious|Intimidate|boost\n|-unboost|p1a: Tornadus|atk|1\n|-unboost|p1b: Kilowattrel|atk|1\n|turn|5\n|inactive|Charger1744 has 120 seconds left.\n|\n|t:|1699908268\n|move|p1a: Tornadus|Tailwind|p1a: Tornadus\n|-sidestart|p1: Kumra21|move: Tailwind\n|-start|p1b: Kilowattrel|Charge|Tailwind|[from] ability: Wind Power\n|move|p1b: Kilowattrel|Volt Switch|p2b: Rillaboomer\n|-damage|p2b: Rillaboomer|5\/100\n|-end|p1b: Kilowattrel|Charge|[silent]\n|\n|t:|1699908275\n|switch|p1b: Basculegion|Basculegion-F, F|100\/100|[from] Volt Switch\n|move|p2a: Metacious|Rock Slide|p1a: Tornadus|[spread] p1a,p1b\n|-supereffective|p1a: Tornadus\n|-damage|p1a: Tornadus|0 fnt\n|-damage|p1b: Basculegion|76\/100\n|faint|p1a: Tornadus\n|cant|p2b: Rillaboomer|ability: Truant\n|\n|-weather|RainDance|[upkeep]\n|upkeep\n|\n|t:|1699908290\n|switch|p1a: Corviknight|Corviknight, F|100\/100\n|turn|6\n|inactive|Charger1744 has 120 seconds left.\n|\n|t:|1699908345\n|switch|p2a: Manaswee|Manaphy, shiny|100\/100\n|move|p1b: Basculegion|Last Respects|p2a: Manaswee\n|-damage|p2a: Manaswee|6\/100\n|move|p1a: Corviknight|Bulk Up|p1a: Corviknight\n|-boost|p1a: Corviknight|atk|1\n|-boost|p1a: Corviknight|def|1\n|move|p2b: Rillaboomer|Play Rough|p1b: Basculegion\n|-damage|p1b: Basculegion|33\/100\n|\n|-weather|none\n|upkeep\n|turn|7\n|inactive|Charger1744 has 120 seconds left.\n|inactive|Kumra21 has 120 seconds left.\n|inactive|Charger1744 has 90 seconds left.\n|\n|t:|1699908383\n|switch|p2b: Pipa|Clefairy, F, shiny|100\/100\n|move|p1b: Basculegion|Last Respects|p2a: Manaswee\n|-damage|p2a: Manaswee|0 fnt\n|faint|p2a: Manaswee\n|move|p1a: Corviknight|Body Press|p2b: Pipa\n|-resisted|p2b: Pipa\n|-damage|p2b: Pipa|85\/100\n|\n|upkeep\n|inactive|Charger1744 has 90 seconds left.\n|\n|t:|1699908393\n|switch|p2a: Scaler|Kommo-o, M|100\/100\n|turn|8\n|inactive|Charger1744 has 90 seconds left.\n|\n|t:|1699908425\n|move|p2a: Scaler|Protect|p2a: Scaler\n|-singleturn|p2a: Scaler|Protect\n|move|p1b: Basculegion|Last Respects|p2b: Pipa\n|-damage|p2b: Pipa|0 fnt\n|faint|p2b: Pipa\n|move|p1a: Corviknight|Bulk Up|p1a: Corviknight\n|-boost|p1a: Corviknight|atk|1\n|-boost|p1a: Corviknight|def|1\n|\n|-sideend|p1: Kumra21|move: Tailwind\n|upkeep\n|\n|t:|1699908438\n|switch|p2b: Rillaboomer|Slaking, M|5\/100\n|turn|9\n|inactive|Charger1744 has 90 seconds left.\n|\n|t:|1699908455\n|move|p2b: Rillaboomer|Sucker Punch|p1b: Basculegion\n|-supereffective|p1b: Basculegion\n|-damage|p1b: Basculegion|0 fnt\n|faint|p1b: Basculegion\n|move|p2a: Scaler|Clanging Scales|p1a: Corviknight\n|-resisted|p1a: Corviknight\n|-damage|p1a: Corviknight|74\/100\n|-unboost|p2a: Scaler|def|1\n|move|p1a: Corviknight|Body Press|p2b: Rillaboomer\n|-supereffective|p2b: Rillaboomer\n|-damage|p2b: Rillaboomer|0 fnt\n|faint|p2b: Rillaboomer\n|\n|-heal|p1a: Corviknight|80\/100|[from] item: Leftovers\n|upkeep\n|\n|t:|1699908476\n|switch|p2b: Metacious|Landorus-Therian, M|100\/100\n|switch|p1b: Kilowattrel|Kilowattrel, M|16\/100\n|-ability|p2b: Metacious|Intimidate|boost\n|-ability|p1a: Corviknight|Mirror Armor\n|-unboost|p2b: Metacious|atk|1\n|-unboost|p1b: Kilowattrel|atk|1\n|turn|10\n|inactive|Charger1744 has 120 seconds left.\n|inactive|Charger1744 has 90 seconds left.\n|\n|t:|1699908523\n|move|p2b: Metacious|Protect|p2b: Metacious\n|-singleturn|p2b: Metacious|Protect\n|move|p1b: Kilowattrel|Air Slash|p2a: Scaler\n|-supereffective|p2a: Scaler\n|-damage|p2a: Scaler|27\/100\n|move|p2a: Scaler|Clangorous Soul||[still]\n|-fail|p2a: Scaler\n|move|p1a: Corviknight|Body Press|p2b: Metacious\n|-activate|p2b: Metacious|move: Protect\n|\n|-heal|p2a: Scaler|33\/100|[from] item: Leftovers\n|-heal|p1a: Corviknight|87\/100|[from] item: Leftovers\n|upkeep\n|turn|11\n|inactive|Charger1744 has 90 seconds left.\n|inactive|Kumra21 has 120 seconds left.\n|inactive|Charger1744 has 60 seconds left.\n|\n|t:|1699908590\n|-terastallize|p2a: Scaler|Steel\n|move|p2b: Metacious|Protect||[still]\n|-fail|p2b: Metacious\n|move|p1b: Kilowattrel|Air Slash|p2a: Scaler\n|-resisted|p2a: Scaler\n|-damage|p2a: Scaler|12\/100\n|cant|p2a: Scaler|flinch\n|move|p1a: Corviknight|Body Press|p2b: Metacious\n|-resisted|p2b: Metacious\n|-damage|p2b: Metacious|73\/100\n|\n|-heal|p2a: Scaler|18\/100|[from] item: Leftovers\n|-heal|p1a: Corviknight|93\/100|[from] item: Leftovers\n|upkeep\n|turn|12\n|inactive|Charger1744 has 60 seconds left.\n|inactive|Kumra21 has 120 seconds left.\n|c|\u2606Charger1744|gg\n|\n|t:|1699908621\n|move|p2b: Metacious|Protect|p2b: Metacious\n|-singleturn|p2b: Metacious|Protect\n|move|p1b: Kilowattrel|Air Slash|p2b: Metacious\n|-activate|p2b: Metacious|move: Protect\n|move|p2a: Scaler|Clangorous Soul||[still]\n|-fail|p2a: Scaler\n|move|p1a: Corviknight|Body Press|p2a: Scaler\n|-supereffective|p2a: Scaler\n|-damage|p2a: Scaler|0 fnt\n|faint|p2a: Scaler\n|\n|-heal|p1a: Corviknight|99\/100|[from] item: Leftovers\n|upkeep\n|turn|13\n|-message|Charger1744 forfeited.\n|\n|win|Kumra21\n|raw|Kumra21's rating: 1170 &rarr; <strong>1189<\/strong><br \/>(+19 for winning)\n|raw|Charger1744's rating: 1083 &rarr; <strong>1066<\/strong><br \/>(-17 for losing)\n|l|\u2606Charger1744\n","uploadtime":1699908651,"views":12,"p1id":"kumra21","p2id":"charger1744","formatid":"gen9doublesou","rating":1066,"private":0,"password":""}