{"id":"gen9doublesou-1984853431","p1":"Thehombre","p2":"7re","format":"[Gen 9] Doubles OU","log":"|j|\u2606Thehombre\n|j|\u26067re\n|t:|1699304646\n|gametype|doubles\n|player|p1|Thehombre|1|1161\n|player|p2|7re|169|1054\n|teamsize|p1|6\n|teamsize|p2|6\n|gen|9\n|tier|[Gen 9] Doubles OU\n|rated|\n|rule|Species Clause: Limit one of each Pok\u00e9mon\n|rule|OHKO Clause: OHKO moves are banned\n|rule|Evasion Moves Clause: Evasion moves are banned\n|rule|Gravity Sleep Clause: The combination of sleep-inducing moves with imperfect accuracy and Gravity or Gigantamax Orbeetle are banned\n|rule|Endless Battle Clause: Forcing endless battles is banned\n|rule|HP Percentage Mod: HP is shown in percentages\n|clearpoke\n|poke|p1|Chi-Yu|\n|poke|p1|Torkoal, M|\n|poke|p1|Gastrodon, F|\n|poke|p1|Iron Moth|\n|poke|p1|Houndoom, F|\n|poke|p1|Dragonite, M|\n|poke|p2|Ninetales, M|\n|poke|p2|Jumpluff, F|\n|poke|p2|Cinderace, M|\n|poke|p2|Rotom-Wash|\n|poke|p2|Lilligant, F|\n|poke|p2|Ceruledge, M|\n|teampreview\n|inactive|Battle timer is ON: inactive players will automatically lose when time's up. (requested by Thehombre)\n|\n|t:|1699304658\n|start\n|switch|p1a: Chi-Yu|Chi-Yu|100\/100\n|switch|p1b: Iron Moth|Iron Moth|100\/100\n|switch|p2a: Rotom|Rotom-Wash|100\/100\n|switch|p2b: Ceruledge|Ceruledge, M|100\/100\n|-ability|p1a: Chi-Yu|Beads of Ruin\n|turn|1\n|\n|t:|1699304682\n|move|p1b: Iron Moth|Electric Terrain|p1b: Iron Moth\n|-fieldstart|move: Electric Terrain\n|-activate|p1b: Iron Moth|ability: Quark Drive\n|-start|p1b: Iron Moth|quarkdrivespa\n|move|p1a: Chi-Yu|Nasty Plot|p1a: Chi-Yu\n|-boost|p1a: Chi-Yu|spa|2\n|move|p2a: Rotom|Hydro Pump|p1a: Chi-Yu\n|-supereffective|p1a: Chi-Yu\n|-crit|p1a: Chi-Yu\n|-damage|p1a: Chi-Yu|0 fnt\n|faint|p1a: Chi-Yu\n|move|p2b: Ceruledge|Poison Jab|p1b: Iron Moth\n|-resisted|p1b: Iron Moth\n|-damage|p1b: Iron Moth|77\/100\n|\n|upkeep\n|\n|t:|1699304696\n|switch|p1a: Torkoal|Torkoal, M|100\/100\n|-weather|SunnyDay|[from] ability: Drought|[of] p1a: Torkoal\n|turn|2\n|\n|t:|1699304710\n|switch|p1a: Gastrodon|Gastrodon, F|100\/100\n|move|p1b: Iron Moth|Heat Wave|p2b: Ceruledge|[spread] p2a\n|-start|p2b: Ceruledge|ability: Flash Fire\n|-resisted|p2a: Rotom\n|-damage|p2a: Rotom|43\/100\n|move|p2a: Rotom|Thunderbolt|p1b: Iron Moth\n|-damage|p1b: Iron Moth|37\/100\n|move|p2b: Ceruledge|Poison Jab|p1a: Gastrodon\n|-resisted|p1a: Gastrodon\n|-damage|p1a: Gastrodon|85\/100\n|\n|-weather|SunnyDay|[upkeep]\n|-heal|p2a: Rotom|49\/100|[from] item: Leftovers\n|-heal|p1a: Gastrodon|91\/100|[from] item: Leftovers\n|upkeep\n|turn|3\n|\n|t:|1699304730\n|-end|p2b: Ceruledge|ability: Flash Fire|[silent]\n|switch|p2b: Lilligant|Lilligant, F, shiny|100\/100\n|move|p1b: Iron Moth|Sludge Wave|p2a: Rotom|[spread] p1a,p2a,p2b\n|-resisted|p1a: Gastrodon\n|-crit|p1a: Gastrodon\n|-supereffective|p2b: Lilligant\n|-damage|p1a: Gastrodon|64\/100\n|-damage|p2a: Rotom|0 fnt\n|-damage|p2b: Lilligant|0 fnt\n|faint|p2a: Rotom\n|faint|p2b: Lilligant\n|move|p1a: Gastrodon|Stealth Rock|p2: Rotom\n|-sidestart|p2: 7re|move: Stealth Rock\n|\n|-weather|SunnyDay|[upkeep]\n|-heal|p1a: Gastrodon|70\/100|[from] item: Leftovers\n|upkeep\n|inactive|7re has 120 seconds left.\n|\n|t:|1699304750\n|switch|p2a: Cinderace|Cinderace, M|100\/100\n|switch|p2b: Ceruledge|Ceruledge, M|100\/100\n|-damage|p2a: Cinderace|76\/100|[from] Stealth Rock\n|-damage|p2b: Ceruledge|76\/100|[from] Stealth Rock\n|turn|4\n|\n|t:|1699304769\n|-end|p1b: Iron Moth|Quark Drive|[silent]\n|switch|p1b: Houndoom|Houndoom, F|100\/100\n|-terastallize|p2b: Ceruledge|Steel\n|move|p2a: Cinderace|Acrobatics|p1b: Houndoom\n|-start|p2a: Cinderace|typechange|Flying|[from] ability: Libero\n|-damage|p1b: Houndoom|35\/100\n|-damage|p2a: Cinderace|66\/100|[from] item: Life Orb\n|move|p2b: Ceruledge|Poison Jab|p1a: Gastrodon\n|-resisted|p1a: Gastrodon\n|-damage|p1a: Gastrodon|56\/100\n|move|p1a: Gastrodon|Earth Power|p2a: Cinderace\n|-immune|p2a: Cinderace\n|\n|-weather|SunnyDay|[upkeep]\n|-heal|p1a: Gastrodon|62\/100|[from] item: Leftovers\n|upkeep\n|turn|5\n|\n|t:|1699304792\n|move|p2a: Cinderace|Acrobatics|p1b: Houndoom\n|-damage|p1b: Houndoom|0 fnt\n|faint|p1b: Houndoom\n|-damage|p2a: Cinderace|56\/100|[from] item: Life Orb\n|move|p2b: Ceruledge|Shadow Claw|p1a: Gastrodon\n|-damage|p1a: Gastrodon|20\/100\n|move|p1a: Gastrodon|Chilling Water|p2b: Ceruledge\n|-damage|p2b: Ceruledge|69\/100\n|-unboost|p2b: Ceruledge|atk|1\n|\n|-weather|SunnyDay|[upkeep]\n|-heal|p1a: Gastrodon|26\/100|[from] item: Leftovers\n|-fieldend|move: Electric Terrain\n|upkeep\n|\n|t:|1699304796\n|switch|p1b: Dragonite|Dragonite, M|100\/100\n|turn|6\n|\n|t:|1699304813\n|move|p2a: Cinderace|Pyro Ball|p1b: Dragonite\n|-resisted|p1b: Dragonite\n|-damage|p1b: Dragonite|79\/100\n|-damage|p2a: Cinderace|46\/100|[from] item: Life Orb\n|move|p2b: Ceruledge|Shadow Claw|p1a: Gastrodon\n|-damage|p1a: Gastrodon|2\/100\n|move|p1b: Dragonite|Tailwind|p1b: Dragonite\n|-sidestart|p1: Thehombre|move: Tailwind\n|move|p1a: Gastrodon|Recover|p1a: Gastrodon\n|-heal|p1a: Gastrodon|52\/100\n|\n|-weather|none\n|-heal|p1a: Gastrodon|58\/100|[from] item: Leftovers\n|upkeep\n|turn|7\n|\n|t:|1699304835\n|switch|p1b: Iron Moth|Iron Moth|37\/100\n|move|p2a: Cinderace|Acrobatics|p1b: Iron Moth\n|-damage|p1b: Iron Moth|0 fnt\n|faint|p1b: Iron Moth\n|-end|p1b: Iron Moth|Quark Drive|[silent]\n|-damage|p2a: Cinderace|36\/100|[from] item: Life Orb\n|move|p2b: Ceruledge|Shadow Claw|p1a: Gastrodon\n|-damage|p1a: Gastrodon|32\/100\n|move|p1a: Gastrodon|Recover|p1a: Gastrodon\n|-heal|p1a: Gastrodon|82\/100\n|\n|-heal|p1a: Gastrodon|88\/100|[from] item: Leftovers\n|upkeep\n|\n|t:|1699304841\n|switch|p1b: Torkoal|Torkoal, M|100\/100\n|-weather|SunnyDay|[from] ability: Drought|[of] p1b: Torkoal\n|turn|8\n|\n|t:|1699304862\n|move|p2a: Cinderace|High Jump Kick|p1b: Torkoal\n|-damage|p1b: Torkoal|63\/100\n|-damage|p2a: Cinderace|26\/100|[from] item: Life Orb\n|move|p2b: Ceruledge|Shadow Claw|p1a: Gastrodon\n|-damage|p1a: Gastrodon|64\/100\n|move|p1a: Gastrodon|Chilling Water|p2b: Ceruledge\n|-damage|p2b: Ceruledge|63\/100\n|-unboost|p2b: Ceruledge|atk|1\n|move|p1b: Torkoal|Flamethrower|p2a: Cinderace\n|-damage|p2a: Cinderace|0 fnt\n|faint|p2a: Cinderace\n|\n|-weather|SunnyDay|[upkeep]\n|-heal|p1a: Gastrodon|70\/100|[from] item: Leftovers\n|upkeep\n|inactive|7re has 120 seconds left.\n|\n|t:|1699304879\n|switch|p2a: Jumpluff|Jumpluff, F|100\/100\n|-damage|p2a: Jumpluff|76\/100|[from] Stealth Rock\n|turn|9\n|\n|t:|1699304887\n|switch|p2b: Ninetales|Ninetales, M|100\/100\n|-damage|p2b: Ninetales|76\/100|[from] Stealth Rock\n|switch|p1a: Dragonite|Dragonite, M|79\/100\n|move|p2a: Jumpluff|Cotton Guard|p2a: Jumpluff\n|-boost|p2a: Jumpluff|def|3\n|move|p1b: Torkoal|Flamethrower|p2a: Jumpluff\n|-supereffective|p2a: Jumpluff\n|-damage|p2a: Jumpluff|0 fnt\n|faint|p2a: Jumpluff\n|\n|-weather|SunnyDay|[upkeep]\n|-sideend|p1: Thehombre|move: Tailwind\n|upkeep\n|\n|t:|1699304899\n|switch|p2a: Ceruledge|Ceruledge, M, tera:Steel|63\/100\n|-damage|p2a: Ceruledge|57\/100|[from] Stealth Rock\n|turn|10\n|\n|t:|1699304912\n|move|p2b: Ninetales|Shadow Ball|p1b: Torkoal\n|-damage|p1b: Torkoal|38\/100\n|move|p2a: Ceruledge|Shadow Claw|p1a: Dragonite\n|-damage|p1a: Dragonite|36\/100\n|move|p1a: Dragonite|Tailwind|p1a: Dragonite\n|-sidestart|p1: Thehombre|move: Tailwind\n|move|p1b: Torkoal|Earth Power|p2b: Ninetales\n|-supereffective|p2b: Ninetales\n|-damage|p2b: Ninetales|12\/100\n|-unboost|p2b: Ninetales|spd|1\n|\n|-weather|SunnyDay|[upkeep]\n|upkeep\n|turn|11\n|\n|t:|1699304929\n|move|p1a: Dragonite|Heat Wave|p2b: Ninetales|[spread] p2b\n|-start|p2a: Ceruledge|ability: Flash Fire\n|-resisted|p2b: Ninetales\n|-damage|p2b: Ninetales|0 fnt\n|faint|p2b: Ninetales\n|move|p2a: Ceruledge|Shadow Claw|p1a: Dragonite\n|-damage|p1a: Dragonite|0 fnt\n|faint|p1a: Dragonite\n|move|p1b: Torkoal|Earth Power|p2a: Ceruledge\n|-supereffective|p2a: Ceruledge\n|-damage|p2a: Ceruledge|19\/100\n|\n|-weather|SunnyDay|[upkeep]\n|upkeep\n|\n|t:|1699304933\n|switch|p1a: Gastrodon|Gastrodon, F|70\/100\n|turn|12\n|\n|t:|1699304945\n|-terastallize|p1a: Gastrodon|Water\n|move|p2a: Ceruledge|Shadow Claw|p1b: Torkoal\n|-damage|p1b: Torkoal|10\/100\n|move|p1a: Gastrodon|Earth Power|p2a: Ceruledge\n|-supereffective|p2a: Ceruledge\n|-damage|p2a: Ceruledge|0 fnt\n|faint|p2a: Ceruledge\n|\n|win|Thehombre\n|raw|Thehombre's rating: 1161 &rarr; <strong>1179<\/strong><br \/>(+18 for winning)\n|raw|7re's rating: 1054 &rarr; <strong>1041<\/strong><br \/>(-13 for losing)\n","uploadtime":1699304950,"views":8,"p1id":"thehombre","p2id":"7re","formatid":"gen9doublesou","rating":1041,"private":0,"password":""}