{"id":"gen9doublesou-1969983513","p1":"Ougaverde","p2":"gg ez ez gg","format":"[Gen 9] Doubles OU","log":"|j|\u2606Ougaverde\n|j|\u2606gg ez ez gg\n|t:|1697582026\n|gametype|doubles\n|player|p1|Ougaverde|170|1179\n|player|p2|gg ez ez gg|266|1308\n|teamsize|p1|6\n|teamsize|p2|6\n|gen|9\n|tier|[Gen 9] Doubles OU\n|rated|\n|rule|Species Clause: Limit one of each Pok\u00e9mon\n|rule|OHKO Clause: OHKO moves are banned\n|rule|Evasion Moves Clause: Evasion moves are banned\n|rule|Gravity Sleep Clause: The combination of sleep-inducing moves with imperfect accuracy and Gravity or Gigantamax Orbeetle are banned\n|rule|Endless Battle Clause: Forcing endless battles is banned\n|rule|HP Percentage Mod: HP is shown in percentages\n|clearpoke\n|poke|p1|Oricorio-Sensu, F|\n|poke|p1|Volcarona, M|\n|poke|p1|Ogerpon-Wellspring, F|\n|poke|p1|Golduck, M|\n|poke|p1|Pelipper, F|\n|poke|p1|Gastrodon-East, F|\n|poke|p2|Volbeat, M|\n|poke|p2|Grimmsnarl, M|\n|poke|p2|Ursaluna-Bloodmoon, M|\n|poke|p2|Cresselia, F|\n|poke|p2|Chien-Pao|\n|poke|p2|Basculegion, M|\n|teampreview\n|inactive|Battle timer is ON: inactive players will automatically lose when time's up. (requested by Ougaverde)\n|\n|t:|1697582060\n|start\n|switch|p1a: Oricorio|Oricorio-Sensu, F|100\/100\n|switch|p1b: Volcarona|Volcarona, M|100\/100\n|switch|p2a: Am I Pretty?|Grimmsnarl, M, shiny|100\/100\n|switch|p2b: \ud83c\udfde\ud83c\udfa3\ud83c\udf63\ud83d\udc80|Basculegion, M, shiny|100\/100\n|turn|1\n|\n|t:|1697582070\n|move|p2a: Am I Pretty?|Taunt|p1b: Volcarona\n|-start|p1b: Volcarona|move: Taunt\n|move|p2b: \ud83c\udfde\ud83c\udfa3\ud83c\udf63\ud83d\udc80|Wave Crash|p1a: Oricorio\n|-damage|p1a: Oricorio|0 fnt\n|faint|p1a: Oricorio\n|-damage|p2b: \ud83c\udfde\ud83c\udfa3\ud83c\udf63\ud83d\udc80|75\/100|[from] Recoil\n|move|p1b: Volcarona|Giga Drain|p2b: \ud83c\udfde\ud83c\udfa3\ud83c\udf63\ud83d\udc80\n|-supereffective|p2b: \ud83c\udfde\ud83c\udfa3\ud83c\udf63\ud83d\udc80\n|-damage|p2b: \ud83c\udfde\ud83c\udfa3\ud83c\udf63\ud83d\udc80|12\/100\n|\n|upkeep\n|\n|t:|1697582087\n|switch|p1a: Ogerpon|Ogerpon-Wellspring, F|100\/100\n|turn|2\n|\n|t:|1697582103\n|switch|p2b: Get the Bug Spray|Volbeat, M|100\/100\n|switch|p1a: Gastrodon|Gastrodon-East, F|100\/100\n|move|p2a: Am I Pretty?|Light Screen|p2a: Am I Pretty?\n|-sidestart|p2: gg ez ez gg|move: Light Screen\n|move|p1b: Volcarona|Giga Drain|p2b: Get the Bug Spray\n|-resisted|p2b: Get the Bug Spray\n|-damage|p2b: Get the Bug Spray|89\/100\n|\n|upkeep\n|turn|3\n|\n|t:|1697582117\n|switch|p2a: Nurse Get in Here|Cresselia, F, shiny|100\/100\n|move|p2b: Get the Bug Spray|Tail Glow|p2b: Get the Bug Spray\n|-boost|p2b: Get the Bug Spray|spa|3\n|move|p1b: Volcarona|Fiery Dance|p2b: Get the Bug Spray\n|-supereffective|p2b: Get the Bug Spray\n|-damage|p2b: Get the Bug Spray|13\/100\n|move|p1a: Gastrodon|Amnesia|p1a: Gastrodon\n|-boost|p1a: Gastrodon|spd|2\n|\n|-end|p1b: Volcarona|move: Taunt\n|upkeep\n|turn|4\n|\n|t:|1697582134\n|-terastallize|p1a: Gastrodon|Fairy\n|move|p2b: Get the Bug Spray|Baton Pass|p2b: Get the Bug Spray\n|\n|t:|1697582138\n|switch|p2b: Nightmare FFB|Ursaluna-Bloodmoon, M|100\/100|[from] Baton Pass\n|move|p1b: Volcarona|Quiver Dance|p1b: Volcarona\n|-boost|p1b: Volcarona|spa|1\n|-boost|p1b: Volcarona|spd|1\n|-boost|p1b: Volcarona|spe|1\n|move|p1a: Gastrodon|Amnesia|p1a: Gastrodon\n|-boost|p1a: Gastrodon|spd|2\n|move|p2a: Nurse Get in Here|Trick Room|p2a: Nurse Get in Here\n|-fieldstart|move: Trick Room|[of] p2a: Nurse Get in Here\n|\n|upkeep\n|turn|5\n|\n|t:|1697582161\n|switch|p1b: Pelipper|Pelipper, F|100\/100\n|-weather|RainDance|[from] ability: Drizzle|[of] p1b: Pelipper\n|-terastallize|p2b: Nightmare FFB|Normal\n|move|p2a: Nurse Get in Here|Ally Switch|p2a: Nurse Get in Here\n|swap|p2a: Nurse Get in Here|1|[from] move: Ally Switch\n|move|p2a: Nightmare FFB|Blood Moon|p1b: Pelipper\n|-damage|p1b: Pelipper|0 fnt\n|faint|p1b: Pelipper\n|move|p1a: Gastrodon|Surf|p2a: Nightmare FFB|[spread] p2a,p2b\n|-damage|p2a: Nightmare FFB|64\/100\n|-damage|p2b: Nurse Get in Here|84\/100\n|\n|-weather|RainDance|[upkeep]\n|upkeep\n|\n|t:|1697582175\n|switch|p1b: Ogerpon|Ogerpon-Wellspring, F|100\/100\n|turn|6\n|\n|t:|1697582185\n|move|p2a: Nightmare FFB|Hyper Voice|p1b: Ogerpon|[spread] p1a,p1b\n|-damage|p1a: Gastrodon|55\/100\n|-damage|p1b: Ogerpon|0 fnt\n|faint|p1b: Ogerpon\n|move|p1a: Gastrodon|Surf|p2a: Nightmare FFB|[spread] p2a,p2b\n|-damage|p2a: Nightmare FFB|33\/100\n|-damage|p2b: Nurse Get in Here|69\/100\n|move|p2b: Nurse Get in Here|Lunar Blessing|p2b: Nurse Get in Here|[spread] p2a,p2b\n|-heal|p2a: Nightmare FFB|57\/100\n|-heal|p2b: Nurse Get in Here|94\/100\n|\n|-weather|RainDance|[upkeep]\n|-heal|p1a: Gastrodon|61\/100|[from] item: Leftovers\n|upkeep\n|\n|t:|1697582193\n|switch|p1b: Volcarona|Volcarona, M|100\/100\n|turn|7\n|\n|t:|1697582214\n|move|p2a: Nightmare FFB|Hyper Voice|p1a: Gastrodon|[spread] p1a,p1b\n|-damage|p1a: Gastrodon|17\/100\n|-damage|p1b: Volcarona|0 fnt\n|faint|p1b: Volcarona\n|move|p1a: Gastrodon|Amnesia|p1a: Gastrodon\n|-boost|p1a: Gastrodon|spd|2\n|move|p2b: Nurse Get in Here|Lunar Blessing|p2b: Nurse Get in Here|[spread] p2a,p2b\n|-heal|p2a: Nightmare FFB|82\/100\n|-heal|p2b: Nurse Get in Here|100\/100\n|\n|-weather|RainDance|[upkeep]\n|-heal|p1a: Gastrodon|23\/100|[from] item: Leftovers\n|upkeep\n|\n|t:|1697582221\n|switch|p1b: Golduck|Golduck, M|100\/100\n|turn|8\n|\n|t:|1697582228\n|move|p2a: Nightmare FFB|Hyper Voice|p1b: Golduck|[spread] p1a,p1b\n|-damage|p1a: Gastrodon|0 fnt\n|-damage|p1b: Golduck|0 fnt\n|faint|p1a: Gastrodon\n|faint|p1b: Golduck\n|\n|win|gg ez ez gg\n|raw|Ougaverde's rating: 1179 &rarr; <strong>1163<\/strong><br \/>(-16 for losing)\n|raw|gg ez ez gg's rating: 1308 &rarr; <strong>1321<\/strong><br \/>(+13 for winning)\n|l|\u2606Ougaverde\n","uploadtime":1697582245,"views":17,"p1id":"ougaverde","p2id":"ggezezgg","formatid":"gen9doublesou","rating":1163,"private":0,"password":""}