{"id":"gen9doublesou-1999257558","p1":"Agent T 37","p2":"h-313","format":"[Gen 9] Doubles OU","log":"|j|\u2606Agent T 37\n|j|\u2606h-313\n|inactive|Battle timer is ON: inactive players will automatically lose when time's up.\n|t:|1701051615\n|gametype|doubles\n|player|p1|Agent T 37|wallace|\n|player|p2|h-313|170|\n|teamsize|p1|6\n|teamsize|p2|6\n|gen|9\n|tier|[Gen 9] Doubles OU\n|rated|Tournament battle\n|rule|Species Clause: Limit one of each Pok\u00e9mon\n|rule|OHKO Clause: OHKO moves are banned\n|rule|Evasion Moves Clause: Evasion moves are banned\n|rule|Gravity Sleep Clause: The combination of sleep-inducing moves with imperfect accuracy and Gravity or Gigantamax Orbeetle are banned\n|rule|Endless Battle Clause: Forcing endless battles is banned\n|rule|HP Percentage Mod: HP is shown in percentages\n|clearpoke\n|poke|p1|Ninetales-Alola, M|\n|poke|p1|Toedscool, F|\n|poke|p1|Krookodile, M|\n|poke|p1|Barboach, M|\n|poke|p1|Wooper-Paldea, F|\n|poke|p1|Starly, F|\n|poke|p2|Sneasel-Hisui, F|\n|poke|p2|Misdreavus, F|\n|poke|p2|Infernape, F|\n|poke|p2|Cufant, M|\n|poke|p2|Dragonite, F|\n|poke|p2|Bronzor|\n|teampreview\n|j|*Lady Monita \u2746\n|inactive|Agent T 37 also wants the timer to be on.\n|inactive|h-313 also wants the timer to be on.\n|\n|t:|1701051631\n|start\n|switch|p1a: Ninetales|Ninetales-Alola, M|100\/100\n|switch|p1b: Barboach|Barboach, M|100\/100\n|switch|p2a: Sneasel|Sneasel-Hisui, F|100\/100\n|switch|p2b: Cufant|Cufant, M|100\/100\n|-weather|Snow|[from] ability: Snow Warning|[of] p1a: Ninetales\n|turn|1\n|j| trafficsucks\n|\n|t:|1701051645\n|move|p2a: Sneasel|Fake Out|p1a: Ninetales\n|-damage|p1a: Ninetales|89\/100\n|cant|p1a: Ninetales|flinch\n|move|p1b: Barboach|Bulldoze|p2a: Sneasel|[spread] p1a,p2a,p2b\n|-supereffective|p2a: Sneasel\n|-supereffective|p2b: Cufant\n|-damage|p1a: Ninetales|74\/100\n|-damage|p2a: Sneasel|57\/100\n|-damage|p2b: Cufant|55\/100\n|-unboost|p1a: Ninetales|spe|1\n|-unboost|p2a: Sneasel|spe|1\n|-unboost|p2b: Cufant|spe|1\n|move|p2b: Cufant|Iron Head|p1a: Ninetales\n|-supereffective|p1a: Ninetales\n|-damage|p1a: Ninetales|0 fnt\n|faint|p1a: Ninetales\n|\n|-weather|Snow|[upkeep]\n|upkeep\n|l| trafficsucks\n|\n|t:|1701051658\n|switch|p1a: Krookodile|Krookodile, M|100\/100\n|-ability|p1a: Krookodile|Intimidate|boost\n|-unboost|p2a: Sneasel|atk|1\n|-unboost|p2b: Cufant|atk|1\n|turn|2\n|\n|t:|1701051674\n|move|p1a: Krookodile|Earthquake|p2a: Sneasel|[spread] p1b,p2a,p2b\n|-supereffective|p2a: Sneasel\n|-supereffective|p2b: Cufant\n|-damage|p1b: Barboach|20\/100\n|-damage|p2a: Sneasel|0 fnt\n|-damage|p2b: Cufant|0 fnt\n|-enditem|p1b: Barboach|Aguav Berry|[eat]\n|-heal|p1b: Barboach|54\/100|[from] item: Aguav Berry\n|-start|p1b: Barboach|confusion\n|faint|p2a: Sneasel\n|faint|p2b: Cufant\n|-activate|p1b: Barboach|confusion\n|move|p1b: Barboach|Blizzard|p2: Sneasel|[notarget]\n|-fail|p1b: Barboach\n|\n|-weather|Snow|[upkeep]\n|upkeep\n|inactive|h-313 has 120 seconds left.\n|\n|t:|1701051704\n|switch|p2a: Bronzor|Bronzor|100\/100\n|switch|p2b: Dragonite|Dragonite, F|100\/100\n|turn|3\n|j| Frozonoba\n|\n|t:|1701051720\n|move|p1a: Krookodile|Fire Fang|p2a: Bronzor\n|-supereffective|p2a: Bronzor\n|-damage|p2a: Bronzor|48\/100\n|move|p2b: Dragonite|Dragon Dance|p2b: Dragonite\n|-boost|p2b: Dragonite|atk|1\n|-boost|p2b: Dragonite|spe|1\n|-activate|p1b: Barboach|confusion\n|move|p1b: Barboach|Blizzard|p2a: Bronzor|[spread] p2a,p2b\n|-resisted|p2a: Bronzor\n|-supereffective|p2b: Dragonite\n|-damage|p2a: Bronzor|42\/100\n|-damage|p2b: Dragonite|80\/100\n|move|p2a: Bronzor|Reflect|p2a: Bronzor\n|-sidestart|p2: h-313|Reflect\n|\n|-weather|Snow|[upkeep]\n|upkeep\n|turn|4\n|\n|t:|1701051739\n|move|p2b: Dragonite|Extreme Speed|p1b: Barboach\n|-damage|p1b: Barboach|0 fnt\n|faint|p1b: Barboach\n|-damage|p2b: Dragonite|70\/100|[from] item: Life Orb\n|move|p1a: Krookodile|Fire Fang|p2a: Bronzor\n|-supereffective|p2a: Bronzor\n|-damage|p2a: Bronzor|5\/100\n|move|p2a: Bronzor|Reflect||[still]\n|-fail|p2a: Bronzor\n|\n|-weather|Snow|[upkeep]\n|upkeep\n|\n|t:|1701051749\n|switch|p1b: Starly|Starly, F|100\/100\n|turn|5\n|j|^HEAVY-DUTY B0OTY\n|\n|t:|1701051774\n|move|p1b: Starly|Helping Hand|p1a: Krookodile\n|-singleturn|p1a: Krookodile|Helping Hand|[of] p1b: Starly\n|move|p2b: Dragonite|Dragon Claw|p1a: Krookodile\n|-crit|p1a: Krookodile\n|-damage|p1a: Krookodile|0 fnt\n|faint|p1a: Krookodile\n|-damage|p2b: Dragonite|60\/100|[from] item: Life Orb\n|move|p2a: Bronzor|Extrasensory|p1b: Starly\n|-damage|p1b: Starly|45\/100\n|\n|-weather|none\n|upkeep\n|c| Frozonoba|f\n|\n|t:|1701051784\n|switch|p1a: Toedscool|Toedscool, F|100\/100\n|turn|6\n|l|^HEAVY-DUTY B0OTY\n|c|\u2606h-313|crit didnt matter\n|\n|t:|1701051802\n|move|p2b: Dragonite|Dragon Claw|p1a: Toedscool\n|-damage|p1a: Toedscool|0 fnt\n|faint|p1a: Toedscool\n|-damage|p2b: Dragonite|50\/100|[from] item: Life Orb\n|move|p1b: Starly|Double-Edge|p2b: Dragonite\n|-damage|p2b: Dragonite|18\/100\n|-damage|p1b: Starly|33\/100|[from] Recoil\n|move|p2a: Bronzor|Light Screen|p2a: Bronzor\n|-sidestart|p2: h-313|move: Light Screen\n|\n|upkeep\n|-message|Agent T 37 forfeited.\n|\n|win|h-313\n|n|\u2606Agent T 37|agentt37\n|n|\u2606h-313|h313\n|n|*Lady Monita \u2746|ladymonita\n|n| Frozonoba|frozonoba\n","uploadtime":1701051811,"views":7,"p1id":"agentt37","p2id":"h313","formatid":"gen9doublesou","rating":0,"private":0,"password":""}