{"id":"gen9doublesou-1982021041","p1":"Calypso00","p2":"reposefulpallas","format":"[Gen 9] Doubles OU","log":"|j|\u2606Calypso00\n|j|\u2606reposefulpallas\n|t:|1698960304\n|gametype|doubles\n|player|p1|Calypso00|169|1269\n|player|p2|reposefulpallas|pokemonrangerf-gen3rs|1251\n|teamsize|p1|6\n|teamsize|p2|6\n|gen|9\n|tier|[Gen 9] Doubles OU\n|rated|\n|rule|Species Clause: Limit one of each Pok\u00e9mon\n|rule|OHKO Clause: OHKO moves are banned\n|rule|Evasion Moves Clause: Evasion moves are banned\n|rule|Gravity Sleep Clause: The combination of sleep-inducing moves with imperfect accuracy and Gravity or Gigantamax Orbeetle are banned\n|rule|Endless Battle Clause: Forcing endless battles is banned\n|rule|HP Percentage Mod: HP is shown in percentages\n|clearpoke\n|poke|p1|Landorus-Therian, M|\n|poke|p1|Iron Hands|\n|poke|p1|Snorlax, M|\n|poke|p1|Sinistcha-Masterpiece|\n|poke|p1|Clefairy, M|\n|poke|p1|Ursaluna, F|\n|poke|p2|Kommo-o, M|\n|poke|p2|Arcanine-Hisui, F|\n|poke|p2|Sinistcha|\n|poke|p2|Illumise, F|\n|poke|p2|Chi-Yu|\n|poke|p2|Oricorio-Pom-Pom, M|\n|teampreview\n|inactive|Battle timer is ON: inactive players will automatically lose when time's up. (requested by Calypso00)\n|inactive|reposefulpallas has 120 seconds left.\n|inactive|reposefulpallas has 90 seconds left.\n|inactive|reposefulpallas has 60 seconds left.\n|\n|t:|1698960432\n|start\n|switch|p1a: Landorus|Landorus-Therian, M|100\/100\n|switch|p1b: Snorlax|Snorlax, M|100\/100\n|switch|p2a: Trap Queen|Illumise, F|100\/100\n|switch|p2b: Le Fishe Au Magma|Chi-Yu|100\/100\n|-ability|p1a: Landorus|Intimidate|boost\n|-unboost|p2a: Trap Queen|atk|1\n|-unboost|p2b: Le Fishe Au Magma|atk|1\n|-ability|p2b: Le Fishe Au Magma|Beads of Ruin\n|turn|1\n|\n|t:|1698960446\n|move|p2a: Trap Queen|Tailwind|p2a: Trap Queen\n|-sidestart|p2: reposefulpallas|move: Tailwind\n|move|p2b: Le Fishe Au Magma|Dark Pulse|p1a: Landorus\n|-damage|p1a: Landorus|0 fnt\n|faint|p1a: Landorus\n|move|p1b: Snorlax|Belly Drum|p1b: Snorlax\n|-damage|p1b: Snorlax|51\/100\n|-setboost|p1b: Snorlax|atk|6|[from] move: Belly Drum\n|\n|upkeep\n|\n|t:|1698960455\n|switch|p1a: Sinistcha|Sinistcha-Masterpiece|100\/100\n|-heal|p1b: Snorlax|75\/100|[from] ability: Hospitality|[of] p1a: Sinistcha\n|turn|2\n|\n|t:|1698960466\n|move|p2a: Trap Queen|Encore|p1b: Snorlax\n|-start|p1b: Snorlax|Encore\n|move|p2b: Le Fishe Au Magma|Dark Pulse|p1a: Sinistcha\n|-supereffective|p1a: Sinistcha\n|-crit|p1a: Sinistcha\n|-damage|p1a: Sinistcha|0 fnt\n|faint|p1a: Sinistcha\n|move|p1b: Snorlax|Belly Drum||[still]\n|-fail|p1b: Snorlax\n|\n|upkeep\n|\n|t:|1698960478\n|switch|p1a: Iron Hands|Iron Hands|100\/100\n|turn|3\n|\n|t:|1698960501\n|switch|p2b: Girl's Best Friend|Arcanine-Hisui, F|100\/100\n|-ability|p2b: Girl's Best Friend|Intimidate|boost\n|-unboost|p1a: Iron Hands|atk|1\n|-unboost|p1b: Snorlax|atk|1\n|move|p1a: Iron Hands|Fake Out|p2b: Girl's Best Friend\n|-resisted|p2b: Girl's Best Friend\n|-damage|p2b: Girl's Best Friend|95\/100\n|-damage|p1a: Iron Hands|84\/100|[from] item: Rocky Helmet|[of] p2b: Girl's Best Friend\n|move|p2a: Trap Queen|Charm|p1b: Snorlax\n|-unboost|p1b: Snorlax|atk|2\n|move|p1b: Snorlax|Belly Drum|p1b: Snorlax\n|-damage|p1b: Snorlax|26\/100\n|-setboost|p1b: Snorlax|atk|6|[from] move: Belly Drum\n|-enditem|p1b: Snorlax|Sitrus Berry|[eat]\n|-heal|p1b: Snorlax|50\/100|[from] item: Sitrus Berry\n|\n|upkeep\n|turn|4\n|\n|t:|1698960529\n|move|p2a: Trap Queen|Charm|p1b: Snorlax\n|-unboost|p1b: Snorlax|atk|2\n|move|p2b: Girl's Best Friend|Will-O-Wisp|p1b: Snorlax\n|-status|p1b: Snorlax|brn\n|move|p1a: Iron Hands|Drain Punch|p2b: Girl's Best Friend\n|-supereffective|p2b: Girl's Best Friend\n|-damage|p2b: Girl's Best Friend|23\/100\n|-heal|p1a: Iron Hands|100\/100|[from] drain|[of] p2b: Girl's Best Friend\n|-damage|p1a: Iron Hands|84\/100|[from] item: Rocky Helmet|[of] p2b: Girl's Best Friend\n|move|p1b: Snorlax|Belly Drum||[still]\n|-fail|p1b: Snorlax\n|\n|-damage|p1b: Snorlax|44\/100 brn|[from] brn\n|-end|p1b: Snorlax|Encore\n|-sideend|p2: reposefulpallas|move: Tailwind\n|upkeep\n|turn|5\n|\n|t:|1698960554\n|switch|p2b: Cup of Cancer|Sinistcha|100\/100\n|move|p2a: Trap Queen|Encore|p1b: Snorlax\n|-start|p1b: Snorlax|Encore\n|move|p1a: Iron Hands|Drain Punch|p2b: Cup of Cancer\n|-immune|p2b: Cup of Cancer\n|move|p1b: Snorlax|Belly Drum||[still]\n|-fail|p1b: Snorlax\n|\n|-damage|p1b: Snorlax|38\/100 brn|[from] brn\n|upkeep\n|turn|6\n|-message|Calypso00 forfeited.\n|\n|win|reposefulpallas\n|raw|Calypso00's rating: 1269 &rarr; <strong>1243<\/strong><br \/>(-26 for losing)\n|raw|reposefulpallas's rating: 1251 &rarr; <strong>1277<\/strong><br \/>(+26 for winning)\n|l|\u2606Calypso00\n","uploadtime":1698960572,"views":39,"p1id":"calypso00","p2id":"reposefulpallas","formatid":"gen9doublesou","rating":1243,"private":0,"password":""}