{"id":"gen9doublesou-1981211971","p1":"12123434a","p2":"Tacobalde","format":"[Gen 9] Doubles OU","log":"|j|\u260612123434a\n|j|\u2606Tacobalde\n|t:|1698872894\n|gametype|doubles\n|player|p1|12123434a|twins-gen4dp|1483\n|player|p2|Tacobalde|juggler|1438\n|teamsize|p1|6\n|teamsize|p2|6\n|gen|9\n|tier|[Gen 9] Doubles OU\n|rated|\n|rule|Species Clause: Limit one of each Pok\u00e9mon\n|rule|OHKO Clause: OHKO moves are banned\n|rule|Evasion Moves Clause: Evasion moves are banned\n|rule|Gravity Sleep Clause: The combination of sleep-inducing moves with imperfect accuracy and Gravity or Gigantamax Orbeetle are banned\n|rule|Endless Battle Clause: Forcing endless battles is banned\n|rule|HP Percentage Mod: HP is shown in percentages\n|clearpoke\n|poke|p1|Tornadus, M|\n|poke|p1|Ogerpon-Hearthflame, F|\n|poke|p1|Landorus-Therian, M|\n|poke|p1|Flutter Mane|\n|poke|p1|Chi-Yu|\n|poke|p1|Basculegion-F, F|\n|poke|p2|Iron Hands|\n|poke|p2|Dragapult, M|\n|poke|p2|Chien-Pao|\n|poke|p2|Basculegion-F, F|\n|poke|p2|Pelipper, M|\n|poke|p2|Flutter Mane|\n|teampreview\n|inactive|Battle timer is ON: inactive players will automatically lose when time's up. (requested by Tacobalde)\n|inactive|12123434a also wants the timer to be on.\n|\n|t:|1698872919\n|start\n|switch|p1a: Tornadus|Tornadus, M|100\/100\n|switch|p1b: Flutter Mane|Flutter Mane|100\/100\n|switch|p2a: Chien-Pao|Chien-Pao|100\/100\n|switch|p2b: Pelipper|Pelipper, M|100\/100\n|-ability|p2a: Chien-Pao|Sword of Ruin\n|-weather|RainDance|[from] ability: Drizzle|[of] p2b: Pelipper\n|-enditem|p1b: Flutter Mane|Booster Energy\n|-activate|p1b: Flutter Mane|ability: Protosynthesis|[fromitem]\n|-start|p1b: Flutter Mane|protosynthesisspa\n|turn|1\n|\n|t:|1698872943\n|move|p2b: Pelipper|Wide Guard|p2b: Pelipper\n|-singleturn|p2b: Pelipper|Wide Guard\n|move|p1a: Tornadus|Sunny Day|p1a: Tornadus\n|-weather|SunnyDay\n|move|p2a: Chien-Pao|Ice Spinner|p1a: Tornadus\n|-supereffective|p1a: Tornadus\n|-enditem|p1a: Tornadus|Focus Sash\n|-damage|p1a: Tornadus|1\/100\n|move|p1b: Flutter Mane|Moonblast|p2b: Pelipper\n|-damage|p2b: Pelipper|0 fnt\n|faint|p2b: Pelipper\n|\n|-weather|SunnyDay|[upkeep]\n|upkeep\n|\n|t:|1698872960\n|switch|p2b: Iron Hands|Iron Hands, shiny|100\/100\n|turn|2\n|\n|t:|1698872986\n|-end|p1b: Flutter Mane|Protosynthesis|[silent]\n|switch|p1b: Landorus|Landorus-Therian, M|100\/100\n|-ability|p1b: Landorus|Intimidate|boost\n|-unboost|p2a: Chien-Pao|atk|1\n|-unboost|p2b: Iron Hands|atk|1\n|switch|p1a: Basculegion|Basculegion-F, F|100\/100\n|-terastallize|p2b: Iron Hands|Steel\n|move|p2b: Iron Hands|Fake Out|p1a: Basculegion\n|-immune|p1a: Basculegion\n|move|p2a: Chien-Pao|Crunch|p1b: Landorus\n|-damage|p1b: Landorus|52\/100\n|\n|-weather|SunnyDay|[upkeep]\n|upkeep\n|turn|3\n|inactive|Tacobalde has 120 seconds left.\n|\n|t:|1698873025\n|switch|p2a: Flutter Mane|Flutter Mane|100\/100\n|-activate|p2a: Flutter Mane|ability: Protosynthesis\n|-start|p2a: Flutter Mane|protosynthesisspe\n|-end|p2b: Iron Hands|Quark Drive|[silent]\n|switch|p2b: Dragapult|Dragapult, M, shiny|100\/100\n|move|p1a: Basculegion|Flip Turn|p2a: Flutter Mane\n|-damage|p2a: Flutter Mane|70\/100\n|\n|t:|1698873038\n|switch|p1a: Tornadus|Tornadus, M|1\/100|[from] Flip Turn\n|move|p1b: Landorus|Earthquake|p2a: Flutter Mane|[spread] p2a,p2b\n|-immune|p1a: Tornadus\n|-damage|p2a: Flutter Mane|0 fnt\n|-damage|p2b: Dragapult|41\/100\n|faint|p2a: Flutter Mane\n|-end|p2a: Flutter Mane|Protosynthesis|[silent]\n|\n|-weather|SunnyDay|[upkeep]\n|upkeep\n|inactive|Tacobalde has 120 seconds left.\n|\n|t:|1698873050\n|switch|p2a: Iron Hands|Iron Hands, shiny, tera:Steel|100\/100\n|turn|4\n|\n|t:|1698873063\n|switch|p1a: Chi-Yu|Chi-Yu|100\/100\n|-ability|p1a: Chi-Yu|Beads of Ruin\n|move|p2b: Dragapult|Outrage|p1a: Chi-Yu\n|-damage|p1a: Chi-Yu|0 fnt\n|faint|p1a: Chi-Yu\n|move|p1b: Landorus|Earthquake|p2b: Dragapult|[spread] p2a,p2b\n|-supereffective|p2a: Iron Hands\n|-damage|p2a: Iron Hands|53\/100\n|-damage|p2b: Dragapult|0 fnt\n|faint|p2b: Dragapult\n|move|p2a: Iron Hands|Wild Charge|p1b: Landorus\n|-immune|p1b: Landorus\n|\n|-weather|SunnyDay|[upkeep]\n|-heal|p2a: Iron Hands|59\/100|[from] item: Leftovers\n|upkeep\n|\n|t:|1698873077\n|switch|p2b: Chien-Pao|Chien-Pao|100\/100\n|switch|p1a: Tornadus|Tornadus, M|1\/100\n|-ability|p2b: Chien-Pao|Sword of Ruin\n|turn|5\n|\n|t:|1698873086\n|move|p1a: Tornadus|Tailwind|p1a: Tornadus\n|-sidestart|p1: 12123434a|move: Tailwind\n|move|p1b: Landorus|U-turn|p2b: Chien-Pao\n|-supereffective|p2b: Chien-Pao\n|-damage|p2b: Chien-Pao|28\/100\n|\n|t:|1698873091\n|switch|p1b: Basculegion|Basculegion-F, F|100\/100|[from] U-turn\n|move|p2b: Chien-Pao|Ice Spinner|p1b: Basculegion\n|-resisted|p1b: Basculegion\n|-damage|p1b: Basculegion|64\/100\n|move|p2a: Iron Hands|Wild Charge|p1a: Tornadus\n|-supereffective|p1a: Tornadus\n|-damage|p1a: Tornadus|0 fnt\n|faint|p1a: Tornadus\n|-damage|p2a: Iron Hands|59\/100|[from] Recoil\n|\n|-weather|none\n|-heal|p2a: Iron Hands|65\/100|[from] item: Leftovers\n|upkeep\n|-message|Tacobalde forfeited.\n|\n|win|12123434a\n|raw|12123434a's rating: 1483 &rarr; <strong>1500<\/strong><br \/>(+17 for winning)\n|raw|Tacobalde's rating: 1438 &rarr; <strong>1421<\/strong><br \/>(-17 for losing)\n|l|\u2606Tacobalde\n","uploadtime":1698873105,"views":19,"p1id":"12123434a","p2id":"tacobalde","formatid":"gen9doublesou","rating":1421,"private":0,"password":""}