{"id":"gen9doublesou-1988980477","p1":"Duv4","p2":"Backhalfer153","format":"[Gen 9] Doubles OU","log":"|j|\u2606Duv4\n|j|\u2606Backhalfer153\n|t:|1699797833\n|gametype|doubles\n|player|p1|Duv4|102|1110\n|player|p2|Backhalfer153|265|1152\n|teamsize|p1|6\n|teamsize|p2|6\n|gen|9\n|tier|[Gen 9] Doubles OU\n|rated|\n|rule|Species Clause: Limit one of each Pok\u00e9mon\n|rule|OHKO Clause: OHKO moves are banned\n|rule|Evasion Moves Clause: Evasion moves are banned\n|rule|Gravity Sleep Clause: The combination of sleep-inducing moves with imperfect accuracy and Gravity or Gigantamax Orbeetle are banned\n|rule|Endless Battle Clause: Forcing endless battles is banned\n|rule|HP Percentage Mod: HP is shown in percentages\n|clearpoke\n|poke|p1|Chi-Yu|\n|poke|p1|Flutter Mane|\n|poke|p1|Iron Hands|\n|poke|p1|Kommo-o, M|\n|poke|p1|Sinistcha|\n|poke|p1|Palafin, M|\n|poke|p2|Pelipper, M|\n|poke|p2|Gastrodon, F|\n|poke|p2|Politoed, M|\n|poke|p2|Greninja-*, M|\n|poke|p2|Manaphy|\n|poke|p2|Ogerpon-Wellspring, F|\n|teampreview\n|inactive|Battle timer is ON: inactive players will automatically lose when time's up. (requested by Duv4)\n|\n|t:|1699797856\n|start\n|switch|p1a: Iron Hands|Iron Hands|100\/100\n|switch|p1b: Palafin|Palafin, M|100\/100\n|switch|p2a: Pelipper|Pelipper, M|100\/100\n|switch|p2b: Ogerpon|Ogerpon-Wellspring, F|100\/100\n|-weather|RainDance|[from] ability: Drizzle|[of] p2a: Pelipper\n|turn|1\n|\n|t:|1699797872\n|move|p1a: Iron Hands|Fake Out|p2b: Ogerpon\n|-damage|p2b: Ogerpon|83\/100\n|cant|p2b: Ogerpon|flinch\n|move|p1b: Palafin|Flip Turn|p2a: Pelipper\n|-resisted|p2a: Pelipper\n|-damage|p2a: Pelipper|84\/100\n|\n|t:|1699797885\n|detailschange|p1b: Palafin|Palafin-Hero, M\n|switch|p1b: Flutter Mane|Flutter Mane|100\/100|[from] Flip Turn\n|move|p2a: Pelipper|Hurricane|p1a: Iron Hands\n|-damage|p1a: Iron Hands|81\/100\n|\n|-weather|RainDance|[upkeep]\n|upkeep\n|turn|2\n|\n|t:|1699797903\n|switch|p2a: Gastrodon|Gastrodon, F|100\/100\n|-terastallize|p1b: Flutter Mane|Fairy\n|move|p2b: Ogerpon|Spiky Shield|p2b: Ogerpon\n|-singleturn|p2b: Ogerpon|move: Protect\n|move|p1b: Flutter Mane|Dazzling Gleam|p2a: Gastrodon|[spread] p2a\n|-activate|p2b: Ogerpon|move: Protect\n|-damage|p2a: Gastrodon|62\/100\n|move|p1a: Iron Hands|Wild Charge|p2b: Ogerpon\n|-activate|p2b: Ogerpon|move: Protect\n|-damage|p1a: Iron Hands|68\/100|[from] Spiky Shield|[of] p2b: Ogerpon\n|\n|-weather|RainDance|[upkeep]\n|-heal|p2a: Gastrodon|68\/100|[from] item: Leftovers\n|upkeep\n|turn|3\n|\n|t:|1699797928\n|switch|p2b: Pelipper|Pelipper, M|84\/100\n|move|p1b: Flutter Mane|Dazzling Gleam|p2b: Pelipper|[spread] p2a,p2b\n|-damage|p2a: Gastrodon|28\/100\n|-damage|p2b: Pelipper|23\/100\n|move|p1a: Iron Hands|Close Combat|p2b: Pelipper\n|-resisted|p2b: Pelipper\n|-damage|p2b: Pelipper|0 fnt\n|-unboost|p1a: Iron Hands|def|1\n|-unboost|p1a: Iron Hands|spd|1\n|faint|p2b: Pelipper\n|move|p2a: Gastrodon|Earthquake|p1a: Iron Hands|[spread] p1a,p1b\n|-supereffective|p1a: Iron Hands\n|-damage|p1a: Iron Hands|23\/100\n|-damage|p1b: Flutter Mane|72\/100\n|\n|-weather|RainDance|[upkeep]\n|-heal|p2a: Gastrodon|34\/100|[from] item: Leftovers\n|upkeep\n|\n|t:|1699797943\n|switch|p2b: Politoed|Politoed, M|100\/100\n|turn|4\n|\n|t:|1699797950\n|move|p1b: Flutter Mane|Dazzling Gleam|p2b: Politoed|[spread] p2a,p2b\n|-damage|p2a: Gastrodon|0 fnt\n|-damage|p2b: Politoed|58\/100\n|faint|p2a: Gastrodon\n|move|p2b: Politoed|Surf|p1a: Iron Hands|[spread] p1a,p1b\n|-damage|p1a: Iron Hands|0 fnt\n|-damage|p1b: Flutter Mane|45\/100\n|faint|p1a: Iron Hands\n|-end|p1a: Iron Hands|Quark Drive|[silent]\n|\n|-weather|RainDance|[upkeep]\n|upkeep\n|\n|t:|1699797960\n|switch|p1a: Palafin|Palafin-Hero, M|100\/100\n|switch|p2a: Ogerpon|Ogerpon-Wellspring, F|83\/100\n|-activate|p1a: Palafin|ability: Zero to Hero\n|turn|5\n|\n|t:|1699797970\n|move|p1b: Flutter Mane|Dazzling Gleam|p2b: Politoed|[spread] p2a,p2b\n|-damage|p2a: Ogerpon|32\/100\n|-damage|p2b: Politoed|17\/100\n|move|p2a: Ogerpon|Horn Leech|p1a: Palafin\n|-supereffective|p1a: Palafin\n|-damage|p1a: Palafin|21\/100\n|-heal|p2a: Ogerpon|69\/100|[from] drain|[of] p1a: Palafin\n|move|p1a: Palafin|Drain Punch|p2a: Ogerpon\n|-damage|p2a: Ogerpon|38\/100\n|-heal|p1a: Palafin|38\/100|[from] drain|[of] p2a: Ogerpon\n|move|p2b: Politoed|Surf|p1a: Palafin|[spread] p1a,p1b\n|-heal|p2a: Ogerpon|63\/100|[from] ability: Water Absorb|[of] p2b: Politoed\n|-resisted|p1a: Palafin\n|-damage|p1a: Palafin|19\/100\n|-damage|p1b: Flutter Mane|17\/100\n|\n|-weather|RainDance|[upkeep]\n|upkeep\n|turn|6\n|\n|t:|1699797987\n|move|p1a: Palafin|Jet Punch|p2b: Politoed\n|-resisted|p2b: Politoed\n|-damage|p2b: Politoed|0 fnt\n|faint|p2b: Politoed\n|move|p1b: Flutter Mane|Dazzling Gleam|p2a: Ogerpon\n|-damage|p2a: Ogerpon|0 fnt\n|faint|p2a: Ogerpon\n|\n|-weather|RainDance|[upkeep]\n|upkeep\n|\n|t:|1699797991\n|switch|p2a: Greninja|Greninja, M|100\/100\n|switch|p2b: Manaphy|Manaphy|100\/100\n|turn|7\n|\n|t:|1699798006\n|-terastallize|p2a: Greninja|Water\n|move|p2a: Greninja|Ice Beam|p1b: Flutter Mane\n|-damage|p1b: Flutter Mane|0 fnt\n|faint|p1b: Flutter Mane\n|-end|p1b: Flutter Mane|Protosynthesis|[silent]\n|-ability|p2a: Greninja|Battle Bond|boost\n|-boost|p2a: Greninja|atk|1\n|-boost|p2a: Greninja|spa|1\n|-boost|p2a: Greninja|spe|1\n|-activate|p2a: Greninja|ability: Battle Bond\n|move|p1a: Palafin|Drain Punch|p2a: Greninja\n|-damage|p2a: Greninja|56\/100\n|-heal|p1a: Palafin|42\/100|[from] drain|[of] p2a: Greninja\n|move|p2b: Manaphy|Tail Glow|p2b: Manaphy\n|-boost|p2b: Manaphy|spa|3\n|\n|-weather|RainDance|[upkeep]\n|upkeep\n|\n|t:|1699798021\n|switch|p1b: Sinistcha|Sinistcha|100\/100\n|-heal|p1a: Palafin|67\/100|[from] ability: Hospitality|[of] p1b: Sinistcha\n|turn|8\n|\n|t:|1699798029\n|move|p2a: Greninja|Ice Beam|p1b: Sinistcha\n|-supereffective|p1b: Sinistcha\n|-damage|p1b: Sinistcha|14\/100\n|-status|p1b: Sinistcha|frz\n|-enditem|p1b: Sinistcha|Sitrus Berry|[eat]\n|-heal|p1b: Sinistcha|39\/100 frz|[from] item: Sitrus Berry\n|move|p1a: Palafin|Drain Punch|p2a: Greninja\n|-damage|p2a: Greninja|12\/100\n|-heal|p1a: Palafin|89\/100|[from] drain|[of] p2a: Greninja\n|move|p2b: Manaphy|Dazzling Gleam|p1b: Sinistcha|[spread] p1a,p1b\n|-damage|p1a: Palafin|37\/100\n|-damage|p1b: Sinistcha|0 fnt\n|faint|p1b: Sinistcha\n|\n|-weather|none\n|upkeep\n|\n|t:|1699798046\n|switch|p1b: Chi-Yu|Chi-Yu|100\/100\n|-ability|p1b: Chi-Yu|Beads of Ruin\n|turn|9\n|\n|t:|1699798059\n|move|p1a: Palafin|Jet Punch|p2a: Greninja\n|-resisted|p2a: Greninja\n|-damage|p2a: Greninja|0 fnt\n|faint|p2a: Greninja\n|move|p1b: Chi-Yu|Dark Pulse|p2b: Manaphy\n|-damage|p2b: Manaphy|13\/100\n|move|p2b: Manaphy|Dazzling Gleam|p1a: Palafin|[spread] p1a,p1b\n|-damage|p1a: Palafin|0 fnt\n|-damage|p1b: Chi-Yu|41\/100\n|faint|p1a: Palafin\n|\n|-heal|p2b: Manaphy|20\/100|[from] item: Leftovers\n|upkeep\n|\n|t:|1699798071\n|switch|p1a: Kommo-o|Kommo-o, M|100\/100\n|turn|10\n|\n|t:|1699798079\n|move|p1b: Chi-Yu|Dark Pulse|p2b: Manaphy\n|-damage|p2b: Manaphy|0 fnt\n|faint|p2b: Manaphy\n|\n|win|Duv4\n|raw|Duv4's rating: 1110 &rarr; <strong>1138<\/strong><br \/>(+28 for winning)\n|raw|Backhalfer153's rating: 1152 &rarr; <strong>1124<\/strong><br \/>(-28 for losing)\n|l|\u2606Backhalfer153\n","uploadtime":1699798085,"views":35,"p1id":"duv4","p2id":"backhalfer153","formatid":"gen9doublesou","rating":1124,"private":0,"password":""}