{"id":"gen9doublesou-1998732178","p1":"Crayscent","p2":"Kuzwa","format":"[Gen 9] Doubles OU","log":"|j|\u2606Crayscent\n|j|\u2606Kuzwa\n|t:|1700979640\n|gametype|doubles\n|player|p1|Crayscent|steven|1129\n|player|p2|Kuzwa|pokemonbreeder-gen4|1270\n|teamsize|p1|6\n|teamsize|p2|6\n|gen|9\n|tier|[Gen 9] Doubles OU\n|rated|\n|rule|Species Clause: Limit one of each Pok\u00e9mon\n|rule|OHKO Clause: OHKO moves are banned\n|rule|Evasion Moves Clause: Evasion moves are banned\n|rule|Gravity Sleep Clause: The combination of sleep-inducing moves with imperfect accuracy and Gravity or Gigantamax Orbeetle are banned\n|rule|Endless Battle Clause: Forcing endless battles is banned\n|rule|HP Percentage Mod: HP is shown in percentages\n|clearpoke\n|poke|p1|Torkoal, M|\n|poke|p1|Rabsca, M|\n|poke|p1|Mudsdale, F|\n|poke|p1|Maushold|\n|poke|p1|Oricorio-Pom-Pom, F|\n|poke|p1|Volcarona, M|\n|poke|p2|Gallade, M|\n|poke|p2|Glimmora, F|\n|poke|p2|Chien-Pao|\n|poke|p2|Sableye, M|\n|poke|p2|Iron Bundle|\n|poke|p2|Ogerpon-Wellspring, F|\n|teampreview\n|inactive|Battle timer is ON: inactive players will automatically lose when time's up. (requested by Crayscent)\n|\n|t:|1700979647\n|start\n|switch|p1a: Maushold|Maushold|100\/100\n|switch|p1b: Oricorio|Oricorio-Pom-Pom, F|100\/100\n|switch|p2a: Castro|Glimmora, F|100\/100\n|switch|p2b: Rango|Sableye, M|100\/100\n|-item|p2a: Castro|Air Balloon\n|turn|1\n|\n|t:|1700979665\n|move|p1a: Maushold|Follow Me|p1a: Maushold\n|-singleturn|p1a: Maushold|move: Follow Me\n|move|p2b: Rango|Will-O-Wisp|p1a: Maushold\n|-status|p1a: Maushold|brn\n|move|p2a: Castro|Power Gem|p1a: Maushold\n|-damage|p1a: Maushold|46\/100 brn\n|-enditem|p1a: Maushold|Sitrus Berry|[eat]\n|-heal|p1a: Maushold|71\/100 brn|[from] item: Sitrus Berry\n|move|p1b: Oricorio|Quiver Dance|p1b: Oricorio\n|-boost|p1b: Oricorio|spa|1\n|-boost|p1b: Oricorio|spd|1\n|-boost|p1b: Oricorio|spe|1\n|\n|-damage|p1a: Maushold|64\/100 brn|[from] brn\n|upkeep\n|turn|2\n|\n|t:|1700979685\n|move|p1a: Maushold|Follow Me|p1a: Maushold\n|-singleturn|p1a: Maushold|move: Follow Me\n|move|p2b: Rango|Taunt|p1a: Maushold\n|-start|p1a: Maushold|move: Taunt\n|move|p1b: Oricorio|Revelation Dance|p2a: Castro\n|-damage|p2a: Castro|3\/100\n|-enditem|p2a: Castro|Air Balloon\n|move|p2a: Castro|Power Gem|p1a: Maushold\n|-damage|p1a: Maushold|16\/100 brn\n|\n|-damage|p1a: Maushold|10\/100 brn|[from] brn\n|upkeep\n|turn|3\n|\n|t:|1700979703\n|move|p2b: Rango|Will-O-Wisp|p1b: Oricorio\n|-status|p1b: Oricorio|brn\n|move|p1b: Oricorio|Revelation Dance|p2a: Castro\n|-damage|p2a: Castro|0 fnt\n|faint|p2a: Castro\n|move|p1a: Maushold|Beat Up|p2b: Rango\n|-damage|p2b: Rango|99\/100\n|-damage|p2b: Rango|98\/100\n|-damage|p2b: Rango|97\/100\n|-damage|p2b: Rango|96\/100\n|-damage|p2b: Rango|95\/100\n|-hitcount|p2b: Rango|5\n|\n|-damage|p1b: Oricorio|94\/100 brn|[from] brn\n|-damage|p1a: Maushold|4\/100 brn|[from] brn\n|upkeep\n|\n|t:|1700979724\n|switch|p2a: Eon|Chien-Pao|100\/100\n|-ability|p2a: Eon|Sword of Ruin\n|turn|4\n|\n|t:|1700979742\n|move|p2b: Rango|Helping Hand|p2a: Eon\n|-singleturn|p2a: Eon|Helping Hand|[of] p2b: Rango\n|move|p1b: Oricorio|Hurricane|p2a: Eon\n|-enditem|p2a: Eon|Focus Sash\n|-damage|p2a: Eon|1\/100\n|move|p2a: Eon|Ice Spinner|p1b: Oricorio\n|-supereffective|p1b: Oricorio\n|-damage|p1b: Oricorio|0 fnt\n|faint|p1b: Oricorio\n|move|p1a: Maushold|Beat Up|p2b: Rango\n|-damage|p2b: Rango|94\/100\n|-damage|p2b: Rango|92\/100\n|-damage|p2b: Rango|90\/100\n|-damage|p2b: Rango|89\/100\n|-damage|p2b: Rango|88\/100\n|-hitcount|p2b: Rango|5\n|\n|-damage|p1a: Maushold|0 fnt|[from] brn\n|faint|p1a: Maushold\n|upkeep\n|\n|t:|1700979756\n|switch|p1a: Rabsca|Rabsca, M|100\/100\n|switch|p1b: Torkoal|Torkoal, M|100\/100\n|-weather|SunnyDay|[from] ability: Drought|[of] p1b: Torkoal\n|turn|5\n|\n|t:|1700979766\n|move|p1b: Torkoal|Protect|p1b: Torkoal\n|-singleturn|p1b: Torkoal|Protect\n|move|p2b: Rango|Taunt|p1a: Rabsca\n|-start|p1a: Rabsca|move: Taunt\n|move|p2a: Eon|Ice Spinner|p1a: Rabsca\n|-damage|p1a: Rabsca|39\/100\n|cant|p1a: Rabsca|move: Taunt|Trick Room\n|\n|-weather|SunnyDay|[upkeep]\n|upkeep\n|turn|6\n|\n|t:|1700979782\n|move|p2b: Rango|Will-O-Wisp|p1a: Rabsca\n|-status|p1a: Rabsca|brn\n|move|p2a: Eon|Ice Spinner|p1a: Rabsca\n|-damage|p1a: Rabsca|0 fnt\n|faint|p1a: Rabsca\n|move|p1b: Torkoal|Lava Plume|p2a: Eon|[spread] p2a,p2b\n|-supereffective|p2a: Eon\n|-damage|p2a: Eon|0 fnt\n|-damage|p2b: Rango|34\/100\n|faint|p2a: Eon\n|\n|-weather|SunnyDay|[upkeep]\n|upkeep\n|\n|t:|1700979792\n|switch|p2a: Astro|Gallade, M|100\/100\n|switch|p1a: Mudsdale|Mudsdale, F|100\/100\n|turn|7\n|inactive|Crayscent has 120 seconds left.\n|\n|t:|1700979825\n|move|p2b: Rango|Helping Hand|p2a: Astro\n|-singleturn|p2a: Astro|Helping Hand|[of] p2b: Rango\n|move|p2a: Astro|Leaf Blade|p1a: Mudsdale\n|-supereffective|p1a: Mudsdale\n|-damage|p1a: Mudsdale|0 fnt\n|faint|p1a: Mudsdale\n|move|p1b: Torkoal|Eruption|p2b: Rango|[spread] p2a,p2b\n|-damage|p2a: Astro|35\/100\n|-damage|p2b: Rango|0 fnt\n|faint|p2b: Rango\n|\n|-weather|SunnyDay|[upkeep]\n|upkeep\n|\n|t:|1700979833\n|switch|p2b: Neon|Ogerpon-Wellspring, F|100\/100\n|switch|p1a: Volcarona|Volcarona, M|100\/100\n|turn|8\n|\n|t:|1700979847\n|-terastallize|p1a: Volcarona|Bug\n|-terastallize|p2b: Neon|Water\n|detailschange|p2b: Neon|Ogerpon-Wellspring-Tera, F, tera:Water\n|-ability|p2b: Neon|Embody Aspect (Wellspring)|boost\n|-boost|p2b: Neon|spd|1\n|move|p1a: Volcarona|Bug Buzz|p2b: Neon\n|-damage|p2b: Neon|49\/100\n|move|p2b: Neon|Ivy Cudgel|p1a: Volcarona|[anim] Ivy Cudgel Water\n|-damage|p1a: Volcarona|38\/100\n|move|p2a: Astro|Sacred Sword|p1b: Torkoal\n|-damage|p1b: Torkoal|33\/100\n|-enditem|p1b: Torkoal|Sitrus Berry|[eat]\n|-heal|p1b: Torkoal|58\/100|[from] item: Sitrus Berry\n|move|p1b: Torkoal|Solar Beam||[still]\n|-prepare|p1b: Torkoal|Solar Beam\n|-anim|p1b: Torkoal|Solar Beam|p2b: Neon\n|-supereffective|p2b: Neon\n|-damage|p2b: Neon|0 fnt\n|faint|p2b: Neon\n|\n|-weather|SunnyDay|[upkeep]\n|upkeep\n|\n|t:|1700979855\n|switch|p2b: Tango|Iron Bundle|100\/100\n|-enditem|p2b: Tango|Booster Energy\n|-activate|p2b: Tango|ability: Quark Drive|[fromitem]\n|-start|p2b: Tango|quarkdrivespa\n|turn|9\n|inactive|Crayscent has 120 seconds left.\n|\n|t:|1700979908\n|move|p2b: Tango|Protect|p2b: Tango\n|-singleturn|p2b: Tango|Protect\n|move|p1a: Volcarona|Bug Buzz|p2a: Astro\n|-damage|p2a: Astro|0 fnt\n|faint|p2a: Astro\n|move|p1b: Torkoal|Lava Plume|p2b: Tango|[spread] p1a\n|-activate|p2b: Tango|move: Protect\n|-supereffective|p1a: Volcarona\n|-damage|p1a: Volcarona|0 fnt\n|faint|p1a: Volcarona\n|\n|-weather|none\n|upkeep\n|turn|10\n|inactive|Crayscent has 120 seconds left.\n|\n|t:|1700979930\n|move|p2b: Tango|Hydro Pump|p1b: Torkoal\n|-supereffective|p1b: Torkoal\n|-damage|p1b: Torkoal|0 fnt\n|faint|p1b: Torkoal\n|\n|win|Kuzwa\n|raw|Crayscent's rating: 1129 &rarr; <strong>1114<\/strong><br \/>(-15 for losing)\n|raw|Kuzwa's rating: 1270 &rarr; <strong>1285<\/strong><br \/>(+15 for winning)\n","uploadtime":1700979933,"views":5,"p1id":"crayscent","p2id":"kuzwa","formatid":"gen9doublesou","rating":1114,"private":0,"password":""}