{"id":"gen9doublesou-1982761425","p1":"Rae_2nd","p2":"ac1516","format":"[Gen 9] Doubles OU","log":"|j|\u2606Rae_2nd\n|j|\u2606ac1516\n|t:|1699042399\n|gametype|doubles\n|player|p1|Rae_2nd|will|1142\n|player|p2|ac1516|supernerd|1213\n|teamsize|p1|6\n|teamsize|p2|6\n|gen|9\n|tier|[Gen 9] Doubles OU\n|rated|\n|rule|Species Clause: Limit one of each Pok\u00e9mon\n|rule|OHKO Clause: OHKO moves are banned\n|rule|Evasion Moves Clause: Evasion moves are banned\n|rule|Gravity Sleep Clause: The combination of sleep-inducing moves with imperfect accuracy and Gravity or Gigantamax Orbeetle are banned\n|rule|Endless Battle Clause: Forcing endless battles is banned\n|rule|HP Percentage Mod: HP is shown in percentages\n|clearpoke\n|poke|p1|Oricorio-Sensu, F|\n|poke|p1|Volcarona, F|\n|poke|p1|Lilligant-Hisui, F|\n|poke|p1|Muk-Alola, F|\n|poke|p1|Kommo-o, M|\n|poke|p1|Wyrdeer, M|\n|poke|p2|Wyrdeer, M|\n|poke|p2|Hatterene, F|\n|poke|p2|Spiritomb, M|\n|poke|p2|Bronzong|\n|poke|p2|Heatran, M|\n|poke|p2|Amoonguss, M|\n|teampreview\n|\n|t:|1699042417\n|start\n|switch|p1a: Oricorio|Oricorio-Sensu, F|100\/100\n|switch|p1b: Wyrdeer|Wyrdeer, M|100\/100\n|switch|p2a: Wyrdeer|Wyrdeer, M|100\/100\n|switch|p2b: Amoonguss|Amoonguss, M|100\/100\n|-ability|p1b: Wyrdeer|Intimidate|boost\n|-unboost|p2a: Wyrdeer|atk|1\n|-unboost|p2b: Amoonguss|atk|1\n|-ability|p2a: Wyrdeer|Intimidate|boost\n|-unboost|p1a: Oricorio|atk|1\n|-unboost|p1b: Wyrdeer|atk|1\n|turn|1\n|\n|t:|1699042441\n|move|p1b: Wyrdeer|Role Play|p1a: Oricorio\n|-endability|p1b: Wyrdeer|Intimidate|[from] move: Role Play\n|-ability|p1b: Wyrdeer|Dancer|[from] move: Role Play|[of] p1a: Oricorio\n|move|p1a: Oricorio|Quiver Dance|p1a: Oricorio\n|-boost|p1a: Oricorio|spa|1\n|-boost|p1a: Oricorio|spd|1\n|-boost|p1a: Oricorio|spe|1\n|-activate|p1b: Wyrdeer|ability: Dancer\n|move|p1b: Wyrdeer|Quiver Dance|p1b: Wyrdeer|[from]ability: Dancer\n|-boost|p1b: Wyrdeer|spa|1\n|-boost|p1b: Wyrdeer|spd|1\n|-boost|p1b: Wyrdeer|spe|1\n|move|p2b: Amoonguss|Spore|p1a: Oricorio\n|-status|p1a: Oricorio|slp|[from] move: Spore\n|move|p2a: Wyrdeer|Trick Room|p2a: Wyrdeer\n|-fieldstart|move: Trick Room|[of] p2a: Wyrdeer\n|\n|upkeep\n|turn|2\n|\n|t:|1699042481\n|move|p2b: Amoonguss|Spore|p1b: Wyrdeer\n|-status|p1b: Wyrdeer|slp|[from] move: Spore\n|move|p2a: Wyrdeer|Light Screen|p2a: Wyrdeer\n|-sidestart|p2: ac1516|move: Light Screen\n|cant|p1a: Oricorio|slp\n|cant|p1b: Wyrdeer|slp\n|\n|upkeep\n|turn|3\n|\n|t:|1699042499\n|switch|p2a: Spiritomb|Spiritomb, M, shiny|100\/100\n|-ability|p2a: Spiritomb|Pressure\n|move|p2b: Amoonguss|Clear Smog|p1a: Oricorio\n|-resisted|p1a: Oricorio\n|-damage|p1a: Oricorio|95\/100 slp\n|-clearboost|p1a: Oricorio\n|cant|p1a: Oricorio|slp\n|cant|p1b: Wyrdeer|slp\n|\n|upkeep\n|turn|4\n|\n|t:|1699042515\n|move|p2b: Amoonguss|Clear Smog|p1b: Wyrdeer\n|-damage|p1b: Wyrdeer|88\/100 slp\n|-clearboost|p1b: Wyrdeer\n|move|p2a: Spiritomb|Snarl|p1b: Wyrdeer|[spread] p1a,p1b\n|-supereffective|p1a: Oricorio\n|-supereffective|p1b: Wyrdeer\n|-damage|p1a: Oricorio|62\/100 slp\n|-damage|p1b: Wyrdeer|58\/100 slp\n|-unboost|p1a: Oricorio|spa|1\n|-unboost|p1b: Wyrdeer|spa|1\n|-curestatus|p1a: Oricorio|slp|[msg]\n|move|p1a: Oricorio|Quiver Dance|p1a: Oricorio\n|-boost|p1a: Oricorio|spa|1\n|-boost|p1a: Oricorio|spd|1\n|-boost|p1a: Oricorio|spe|1\n|-activate|p1b: Wyrdeer|ability: Dancer\n|cant|p1b: Wyrdeer|slp\n|-curestatus|p1b: Wyrdeer|slp|[msg]\n|move|p1b: Wyrdeer|Stored Power|p2b: Amoonguss\n|-supereffective|p2b: Amoonguss\n|-damage|p2b: Amoonguss|95\/100\n|\n|-heal|p2b: Amoonguss|100\/100|[from] item: Leftovers\n|-heal|p1b: Wyrdeer|64\/100|[from] item: Leftovers\n|upkeep\n|turn|5\n|\n|t:|1699042550\n|move|p2b: Amoonguss|Spore|p1a: Oricorio\n|-status|p1a: Oricorio|slp|[from] move: Spore\n|move|p2a: Spiritomb|Snarl|p1a: Oricorio|[spread] p1a,p1b\n|-supereffective|p1a: Oricorio\n|-supereffective|p1b: Wyrdeer\n|-damage|p1a: Oricorio|41\/100 slp\n|-damage|p1b: Wyrdeer|32\/100\n|-unboost|p1a: Oricorio|spa|1\n|-unboost|p1b: Wyrdeer|spa|1\n|move|p1b: Wyrdeer|Psyshield Bash|p2b: Amoonguss\n|-supereffective|p2b: Amoonguss\n|-damage|p2b: Amoonguss|60\/100\n|-boost|p1b: Wyrdeer|def|1\n|cant|p1a: Oricorio|slp\n|\n|-heal|p2b: Amoonguss|66\/100|[from] item: Leftovers\n|-heal|p1b: Wyrdeer|39\/100|[from] item: Leftovers\n|-fieldend|move: Trick Room\n|upkeep\n|turn|6\n|\n|t:|1699042573\n|cant|p1a: Oricorio|slp\n|move|p1b: Wyrdeer|Psyshield Bash|p2b: Amoonguss\n|-supereffective|p2b: Amoonguss\n|-damage|p2b: Amoonguss|30\/100\n|-boost|p1b: Wyrdeer|def|1\n|move|p2b: Amoonguss|Spore|p1b: Wyrdeer\n|-status|p1b: Wyrdeer|slp|[from] move: Spore\n|move|p2a: Spiritomb|Trick Room|p2a: Spiritomb\n|-fieldstart|move: Trick Room|[of] p2a: Spiritomb\n|\n|-heal|p2b: Amoonguss|36\/100|[from] item: Leftovers\n|-heal|p1b: Wyrdeer|45\/100 slp|[from] item: Leftovers\n|upkeep\n|turn|7\n|\n|t:|1699042592\n|move|p2b: Amoonguss|Clear Smog|p1a: Oricorio\n|-resisted|p1a: Oricorio\n|-damage|p1a: Oricorio|35\/100 slp\n|-clearboost|p1a: Oricorio\n|move|p2a: Spiritomb|Snarl|p1a: Oricorio|[spread] p1a,p1b\n|-supereffective|p1a: Oricorio\n|-supereffective|p1b: Wyrdeer\n|-damage|p1a: Oricorio|5\/100 slp\n|-damage|p1b: Wyrdeer|13\/100 slp\n|-unboost|p1a: Oricorio|spa|1\n|-unboost|p1b: Wyrdeer|spa|1\n|-enditem|p1a: Oricorio|Aguav Berry|[eat]\n|-heal|p1a: Oricorio|39\/100 slp|[from] item: Aguav Berry\n|cant|p1a: Oricorio|slp\n|cant|p1b: Wyrdeer|slp\n|\n|-heal|p2b: Amoonguss|42\/100|[from] item: Leftovers\n|-heal|p1b: Wyrdeer|20\/100 slp|[from] item: Leftovers\n|upkeep\n|turn|8\n|\n|t:|1699042616\n|switch|p2b: Wyrdeer|Wyrdeer, M|100\/100\n|-ability|p2b: Wyrdeer|Intimidate|boost\n|-unboost|p1a: Oricorio|atk|1\n|-unboost|p1b: Wyrdeer|atk|1\n|cant|p1b: Wyrdeer|slp\n|move|p2a: Spiritomb|Snarl|p1a: Oricorio|[spread] p1a,p1b\n|-supereffective|p1a: Oricorio\n|-supereffective|p1b: Wyrdeer\n|-damage|p1a: Oricorio|9\/100 slp\n|-damage|p1b: Wyrdeer|0 fnt\n|-unboost|p1a: Oricorio|spa|1\n|faint|p1b: Wyrdeer\n|-curestatus|p1a: Oricorio|slp|[msg]\n|move|p1a: Oricorio|Quiver Dance|p1a: Oricorio\n|-boost|p1a: Oricorio|spa|1\n|-boost|p1a: Oricorio|spd|1\n|-boost|p1a: Oricorio|spe|1\n|\n|upkeep\n|-message|Rae_2nd forfeited.\n|\n|win|ac1516\n|raw|Rae_2nd's rating: 1142 &rarr; <strong>1122<\/strong><br \/>(-20 for losing)\n|raw|ac1516's rating: 1213 &rarr; <strong>1233<\/strong><br \/>(+20 for winning)\n|l|\u2606Rae_2nd\n","uploadtime":1699042635,"views":16,"p1id":"rae2nd","p2id":"ac1516","formatid":"gen9doublesou","rating":1122,"private":0,"password":""}