{"id":"gen9doublesou-1979303376","p1":"mokmojen","p2":"KyroZag","format":"[Gen 9] Doubles OU","log":"|j|\u2606mokmojen\n|j|\u2606KyroZag\n|t:|1698668828\n|gametype|doubles\n|player|p1|mokmojen|170|1097\n|player|p2|KyroZag|ash|1163\n|teamsize|p1|6\n|teamsize|p2|6\n|gen|9\n|tier|[Gen 9] Doubles OU\n|rated|\n|rule|Species Clause: Limit one of each Pok\u00e9mon\n|rule|OHKO Clause: OHKO moves are banned\n|rule|Evasion Moves Clause: Evasion moves are banned\n|rule|Gravity Sleep Clause: The combination of sleep-inducing moves with imperfect accuracy and Gravity or Gigantamax Orbeetle are banned\n|rule|Endless Battle Clause: Forcing endless battles is banned\n|rule|HP Percentage Mod: HP is shown in percentages\n|clearpoke\n|poke|p1|Empoleon, F|\n|poke|p1|Baxcalibur, F|\n|poke|p1|Zapdos|\n|poke|p1|Flamigo, F|\n|poke|p1|Arcanine-Hisui, F|\n|poke|p1|Ogerpon, F|\n|poke|p2|Raichu-Alola, F|\n|poke|p2|Sneasler, F|\n|poke|p2|Infernape, F|\n|poke|p2|Iron Bundle|\n|poke|p2|Iron Leaves|\n|poke|p2|Thundurus, M|\n|teampreview\n|inactive|Battle timer is ON: inactive players will automatically lose when time's up. (requested by KyroZag)\n|inactive|mokmojen has 120 seconds left.\n|\n|t:|1698668865\n|start\n|switch|p1a: Ogerpon|Ogerpon, F|100\/100\n|switch|p1b: Arcanine|Arcanine-Hisui, F|100\/100\n|switch|p2a: Thundurus|Thundurus, M|100\/100\n|switch|p2b: Iron Bundle|Iron Bundle|100\/100\n|-ability|p1b: Arcanine|Intimidate|boost\n|-unboost|p2a: Thundurus|atk|1\n|-unboost|p2b: Iron Bundle|atk|1\n|turn|1\n|inactive|mokmojen has 120 seconds left.\n|\n|t:|1698668906\n|move|p1a: Ogerpon|Spiky Shield|p1a: Ogerpon\n|-singleturn|p1a: Ogerpon|move: Protect\n|move|p2a: Thundurus|Electric Terrain|p2a: Thundurus\n|-fieldstart|move: Electric Terrain\n|-activate|p2b: Iron Bundle|ability: Quark Drive\n|-start|p2b: Iron Bundle|quarkdrivespe\n|move|p2b: Iron Bundle|Hydro Pump|p1b: Arcanine\n|-supereffective|p1b: Arcanine\n|-damage|p1b: Arcanine|0 fnt\n|faint|p1b: Arcanine\n|\n|upkeep\n|\n|t:|1698668931\n|switch|p1b: Zapdos|Zapdos|100\/100\n|turn|2\n|\n|t:|1698668949\n|-end|p2b: Iron Bundle|Quark Drive|[silent]\n|switch|p2b: Infernape|Infernape, F|100\/100\n|move|p2a: Thundurus|Wildbolt Storm|p1a: Ogerpon|[spread] p1b\n|-miss|p2a: Thundurus|p1a: Ogerpon\n|-damage|p1b: Zapdos|58\/100\n|move|p1b: Zapdos|Tailwind|p1b: Zapdos\n|-sidestart|p1: mokmojen|move: Tailwind\n|move|p1a: Ogerpon|Ivy Cudgel|p2b: Infernape\n|-resisted|p2b: Infernape\n|-damage|p2b: Infernape|57\/100\n|\n|upkeep\n|turn|3\n|inactive|mokmojen has 120 seconds left.\n|\n|t:|1698668971\n|move|p1a: Ogerpon|Spiky Shield|p1a: Ogerpon\n|-singleturn|p1a: Ogerpon|move: Protect\n|move|p1b: Zapdos|Thunderbolt|p2b: Infernape\n|-damage|p2b: Infernape|0 fnt\n|faint|p2b: Infernape\n|move|p2a: Thundurus|Wildbolt Storm|p1a: Ogerpon|[spread] \n|-activate|p1a: Ogerpon|move: Protect\n|-miss|p2a: Thundurus|p1b: Zapdos\n|\n|upkeep\n|\n|t:|1698668986\n|switch|p2b: Raichu|Raichu-Alola, F|100\/100\n|turn|4\n|inactive|mokmojen has 120 seconds left.\n|\n|t:|1698669014\n|move|p2b: Raichu|Psychic|p1a: Ogerpon\n|-damage|p1a: Ogerpon|57\/100\n|move|p1b: Zapdos|Volt Switch|p2a: Thundurus\n|-damage|p2a: Thundurus|59\/100\n|\n|t:|1698669037\n|switch|p1b: Baxcalibur|Baxcalibur, F|100\/100|[from] Volt Switch\n|move|p1a: Ogerpon|Swords Dance|p1a: Ogerpon\n|-boost|p1a: Ogerpon|atk|2\n|move|p2a: Thundurus|Dark Pulse|p1b: Baxcalibur\n|-damage|p1b: Baxcalibur|70\/100\n|\n|upkeep\n|turn|5\n|inactive|mokmojen has 120 seconds left.\n|inactive|mokmojen has 90 seconds left.\n|\n|t:|1698669073\n|move|p1a: Ogerpon|Spiky Shield|p1a: Ogerpon\n|-singleturn|p1a: Ogerpon|move: Protect\n|move|p2a: Thundurus|Taunt|p1b: Baxcalibur\n|-start|p1b: Baxcalibur|move: Taunt\n|move|p2b: Raichu|Thunderbolt|p1a: Ogerpon\n|-activate|p1a: Ogerpon|move: Protect\n|move|p1b: Baxcalibur|Icicle Spear|p2a: Thundurus\n|-supereffective|p2a: Thundurus\n|-damage|p2a: Thundurus|15\/100\n|-supereffective|p2a: Thundurus\n|-damage|p2a: Thundurus|0 fnt\n|faint|p2a: Thundurus\n|-hitcount|p2: Thundurus|2\n|\n|-sideend|p1: mokmojen|move: Tailwind\n|-fieldend|move: Electric Terrain\n|upkeep\n|\n|t:|1698669080\n|switch|p2a: Iron Bundle|Iron Bundle|100\/100\n|turn|6\n|\n|t:|1698669101\n|move|p2a: Iron Bundle|Freeze-Dry|p1a: Ogerpon\n|-supereffective|p1a: Ogerpon\n|-crit|p1a: Ogerpon\n|-damage|p1a: Ogerpon|0 fnt\n|faint|p1a: Ogerpon\n|move|p2b: Raichu|Focus Blast|p1b: Baxcalibur\n|-supereffective|p1b: Baxcalibur\n|-damage|p1b: Baxcalibur|0 fnt\n|faint|p1b: Baxcalibur\n|\n|upkeep\n|inactive|mokmojen has 90 seconds left.\n|\n|t:|1698669125\n|switch|p1b: Empoleon|Empoleon, F|100\/100\n|switch|p1a: Zapdos|Zapdos|58\/100\n|turn|7\n|inactive|mokmojen has 90 seconds left.\n|\n|t:|1698669147\n|-terastallize|p1b: Empoleon|Ground\n|move|p2a: Iron Bundle|Freeze-Dry|p1a: Zapdos\n|-supereffective|p1a: Zapdos\n|-damage|p1a: Zapdos|0 fnt\n|faint|p1a: Zapdos\n|move|p2b: Raichu|Thunderbolt|p1b: Empoleon\n|-immune|p1b: Empoleon\n|move|p1b: Empoleon|Hydro Pump|p2b: Raichu\n|-damage|p2b: Raichu|16\/100\n|\n|upkeep\n|inactive|mokmojen has 90 seconds left.\n|\n|t:|1698669159\n|switch|p1a: Flamigo|Flamigo, F|100\/100\n|-copyboost|p1a: Flamigo|p1b: Empoleon|[from] ability: Costar\n|turn|8\n|inactive|mokmojen has 90 seconds left.\n|\n|t:|1698669185\n|-terastallize|p2a: Iron Bundle|Ice\n|move|p2a: Iron Bundle|Freeze-Dry|p1b: Empoleon\n|-supereffective|p1b: Empoleon\n|-damage|p1b: Empoleon|1\/100\n|move|p2b: Raichu|Thunderbolt|p1a: Flamigo\n|-supereffective|p1a: Flamigo\n|-damage|p1a: Flamigo|0 fnt\n|faint|p1a: Flamigo\n|move|p1b: Empoleon|Flash Cannon|p2b: Raichu\n|-resisted|p2b: Raichu\n|-damage|p2b: Raichu|0 fnt\n|faint|p2b: Raichu\n|\n|upkeep\n|\n|t:|1698669193\n|switch|p2b: Sneasler|Sneasler, F|100\/100\n|turn|9\n|\n|t:|1698669201\n|move|p2a: Iron Bundle|Freeze-Dry|p1b: Empoleon\n|-supereffective|p1b: Empoleon\n|-damage|p1b: Empoleon|0 fnt\n|faint|p1b: Empoleon\n|\n|win|KyroZag\n|raw|mokmojen's rating: 1097 &rarr; <strong>1077<\/strong><br \/>(-20 for losing)\n|raw|KyroZag's rating: 1163 &rarr; <strong>1183<\/strong><br \/>(+20 for winning)\n|l|\u2606mokmojen\n","uploadtime":1698669215,"views":22,"p1id":"mokmojen","p2id":"kyrozag","formatid":"gen9doublesou","rating":1077,"private":0,"password":""}