{"id":"gen9doublesou-1983240135","p1":"aeroblaster7","p2":"quiewr","format":"[Gen 9] Doubles OU","log":"|j|\u2606aeroblaster7\n|j|\u2606quiewr\n|t:|1699109274\n|gametype|doubles\n|player|p1|aeroblaster7|101|\n|player|p2|quiewr|265|\n|teamsize|p1|6\n|teamsize|p2|6\n|gen|9\n|tier|[Gen 9] Doubles OU\n|rule|Species Clause: Limit one of each Pok\u00e9mon\n|rule|OHKO Clause: OHKO moves are banned\n|rule|Evasion Moves Clause: Evasion moves are banned\n|rule|Gravity Sleep Clause: The combination of sleep-inducing moves with imperfect accuracy and Gravity or Gigantamax Orbeetle are banned\n|rule|Endless Battle Clause: Forcing endless battles is banned\n|rule|HP Percentage Mod: HP is shown in percentages\n|clearpoke\n|poke|p1|Pelipper, M|\n|poke|p1|Overqwil, F|\n|poke|p1|Floatzel, M|\n|poke|p1|Articuno|\n|poke|p1|Iron Bundle|\n|poke|p1|Oranguru, F|\n|poke|p2|Hatterene, F|\n|poke|p2|Garchomp, F|\n|poke|p2|Rotom-Heat|\n|poke|p2|Spectrier|\n|poke|p2|Greninja-*, F|\n|poke|p2|Decidueye-Hisui, F|\n|teampreview\n|c|\u2606quiewr|ayyy there we go!!\n|c|\u2606aeroblaster7|woooo\n|c|\u2606quiewr|i think we were the first battle in the singles tourney too!\n|c|\u2606aeroblaster7|I think you\u2019re right!\n|\n|t:|1699109315\n|start\n|switch|p1a: Pelipper|Pelipper, M|100\/100\n|switch|p1b: Overqwil|Overqwil, F|100\/100\n|switch|p2a: Hatt|Hatterene, F|100\/100\n|switch|p2b: Decidueye|Decidueye-Hisui, F|100\/100\n|-weather|RainDance|[from] ability: Drizzle|[of] p1a: Pelipper\n|turn|1\n|c|\u2606aeroblaster7|let\u2019s make it a good one\n|c|\u2606quiewr|gl! not that you need it\n|c|\u2606aeroblaster7|you too!\n|\n|t:|1699109432\n|switch|p2a: Easy-Bake|Rotom-Heat|100\/100\n|move|p1a: Pelipper|Helping Hand|p1b: Overqwil\n|-singleturn|p1b: Overqwil|Helping Hand|[of] p1a: Pelipper\n|move|p2b: Decidueye|Protect|p2b: Decidueye\n|-singleturn|p2b: Decidueye|Protect\n|move|p1b: Overqwil|Barb Barrage|p2a: Easy-Bake\n|-damage|p2a: Easy-Bake|45\/100\n|-damage|p1b: Overqwil|91\/100|[from] item: Life Orb\n|\n|-weather|RainDance|[upkeep]\n|upkeep\n|turn|2\n|\n|t:|1699109471\n|move|p1a: Pelipper|Wide Guard|p1a: Pelipper\n|-singleturn|p1a: Pelipper|Wide Guard\n|move|p1b: Overqwil|Liquidation|p2a: Easy-Bake\n|-supereffective|p2a: Easy-Bake\n|-damage|p2a: Easy-Bake|0 fnt\n|faint|p2a: Easy-Bake\n|-damage|p1b: Overqwil|81\/100|[from] item: Life Orb\n|move|p2b: Decidueye|Triple Arrows|p1b: Overqwil\n|-damage|p1b: Overqwil|40\/100\n|-unboost|p1b: Overqwil|def|1\n|\n|-weather|RainDance|[upkeep]\n|upkeep\n|c|\u2606aeroblaster7|I don\u2019t know what Hisuian Decidueye does lol\n|c|\u2606quiewr|ah.\n|c|\u2606aeroblaster7|dt! Triple Arrows\n|\n|t:|1699109503\n|switch|p2a: Greninja|Greninja, F|100\/100\n|turn|3\n|c|\u2606quiewr|ah.\n|c|\u2606aeroblaster7|!dt Triple Arrows\n|raw|<ul class=\"utilichart\"><li class=\"result\"><span class=\"col movenamecol\"><a href=\"https:\/\/dex.pokemonshowdown.com\/moves\/triplearrows\">Triple Arrows<\/a><\/span> <span class=\"col typecol\"><img src=\"\/\/play.pokemonshowdown.com\/sprites\/types\/Fighting.png\" alt=\"Fighting\" width=\"32\" height=\"14\"><img src=\"\/\/play.pokemonshowdown.com\/sprites\/categories\/Physical.png\" alt=\"Physical\" width=\"32\" height=\"14\"><\/span> <span class=\"col labelcol\"><em>Power<\/em><br>90<\/span> <span class=\"col widelabelcol\"><em>Accuracy<\/em><br>100%<\/span> <span class=\"col pplabelcol\"><em>PP<\/em><br>16<\/span> <span class=\"col movedesccol\">High crit. Target: 50% -1 Defense, 30% flinch.<\/span> <\/li><li style=\"clear:both\"><\/li><\/ul>\n|raw|<font size=\"1\"><font color=\"#686868\">Priority:<\/font> 0&nbsp;|&ThickSpace;<font color=\"#686868\">Gen:<\/font> 9&nbsp;|&ThickSpace;&#10003; Boosted by Sheer Force&nbsp;|&ThickSpace;<font color=\"#686868\">Z-Power:<\/font> 175&nbsp;|&ThickSpace;<font color=\"#686868\">Dynamax Power:<\/font> 90&nbsp;|&ThickSpace;<font color=\"#686868\">Target:<\/font> One Adjacent Pok\u00e9mon<\/font>\n\n|j| ff4fan\n|\n|t:|1699109551\n|move|p1a: Pelipper|Helping Hand|p1b: Overqwil\n|-singleturn|p1b: Overqwil|Helping Hand|[of] p1a: Pelipper\n|move|p1b: Overqwil|Barb Barrage|p2b: Decidueye\n|-supereffective|p2b: Decidueye\n|-damage|p2b: Decidueye|0 fnt\n|faint|p2b: Decidueye\n|-damage|p1b: Overqwil|30\/100|[from] item: Life Orb\n|move|p2a: Greninja|Toxic Spikes|p1b: Overqwil\n|-start|p2a: Greninja|typechange|Poison|[from] ability: Protean\n|-sidestart|p1: aeroblaster7|move: Toxic Spikes\n|\n|-weather|RainDance|[upkeep]\n|upkeep\n|c| ff4fan|o\/\n|c|\u2606quiewr|hello!\n|c|\u2606aeroblaster7|Hi bobby\n|c| ff4fan|go maya!\n|c|\u2606quiewr|lmao in my dreams\n|\n|t:|1699109609\n|switch|p2b: Hatt|Hatterene, F|100\/100\n|turn|4\n|\n|t:|1699109633\n|move|p1a: Pelipper|Helping Hand|p1b: Overqwil\n|-singleturn|p1b: Overqwil|Helping Hand|[of] p1a: Pelipper\n|move|p1b: Overqwil|Barb Barrage|p2b: Hatt\n|-supereffective|p2b: Hatt\n|-damage|p2b: Hatt|0 fnt\n|faint|p2b: Hatt\n|-damage|p1b: Overqwil|20\/100|[from] item: Life Orb\n|move|p2a: Greninja|Hydro Pump|p1b: Overqwil|[miss]\n|-miss|p2a: Greninja|p1b: Overqwil\n|\n|-weather|RainDance|[upkeep]\n|upkeep\n|c|\u2606quiewr|WHY\n|\n|t:|1699109650\n|switch|p2b: Spectrier|Spectrier|100\/100\n|turn|5\n|c|\u2606aeroblaster7|Oof sorry\n|\n|t:|1699109671\n|move|p1a: Pelipper|Helping Hand|p1b: Overqwil\n|-singleturn|p1b: Overqwil|Helping Hand|[of] p1a: Pelipper\n|move|p1b: Overqwil|Crunch|p2b: Spectrier\n|-supereffective|p2b: Spectrier\n|-damage|p2b: Spectrier|0 fnt\n|faint|p2b: Spectrier\n|-damage|p1b: Overqwil|10\/100|[from] item: Life Orb\n|move|p2a: Greninja|Hydro Pump|p1b: Overqwil\n|-damage|p1b: Overqwil|0 fnt\n|faint|p1b: Overqwil\n|\n|-weather|RainDance|[upkeep]\n|upkeep\n|c|\u2606quiewr|i think i wipe here\n|\n|t:|1699109697\n|switch|p2b: Garchomp|Garchomp, F|100\/100\n|switch|p1b: Iron Bundle|Iron Bundle, shiny|100\/100\n|-status|p1b: Iron Bundle|psn\n|-enditem|p1b: Iron Bundle|Booster Energy\n|-activate|p1b: Iron Bundle|ability: Quark Drive|[fromitem]\n|-start|p1b: Iron Bundle|quarkdrivespe\n|turn|6\n|c| ff4fan|hey 1 kill!  better than nothing\n|c|\u2606quiewr|true!\n|\n|t:|1699109733\n|-terastallize|p2b: Garchomp|Steel\n|move|p1b: Iron Bundle|Freeze-Dry|p2b: Garchomp\n|-resisted|p2b: Garchomp\n|-damage|p2b: Garchomp|83\/100\n|move|p2a: Greninja|Gunk Shot|p1b: Iron Bundle|[miss]\n|-miss|p2a: Greninja|p1b: Iron Bundle\n|move|p2b: Garchomp|Iron Head|p1a: Pelipper\n|-resisted|p1a: Pelipper\n|-damage|p1a: Pelipper|82\/100\n|move|p1a: Pelipper|Icy Wind|p2b: Garchomp|[spread] p2a,p2b\n|-resisted|p2b: Garchomp\n|-damage|p2a: Greninja|87\/100\n|-damage|p2b: Garchomp|78\/100\n|-unboost|p2a: Greninja|spe|1\n|\n|-weather|RainDance|[upkeep]\n|-damage|p1b: Iron Bundle|88\/100 psn|[from] psn\n|upkeep\n|turn|7\n|\n|t:|1699109757\n|-terastallize|p1b: Iron Bundle|Ground\n|move|p1a: Pelipper|Helping Hand|p1b: Iron Bundle\n|-singleturn|p1b: Iron Bundle|Helping Hand|[of] p1a: Pelipper\n|move|p1b: Iron Bundle|Tera Blast|p2b: Garchomp|[anim] Tera Blast Ground\n|-supereffective|p2b: Garchomp\n|-damage|p2b: Garchomp|0 fnt\n|faint|p2b: Garchomp\n|move|p2a: Greninja|Gunk Shot|p1b: Iron Bundle\n|-resisted|p1b: Iron Bundle\n|-damage|p1b: Iron Bundle|61\/100 psn\n|\n|-weather|RainDance|[upkeep]\n|-damage|p1b: Iron Bundle|49\/100 psn|[from] psn\n|upkeep\n|turn|8\n|\n|t:|1699109774\n|move|p1a: Pelipper|Helping Hand|p1b: Iron Bundle\n|-singleturn|p1b: Iron Bundle|Helping Hand|[of] p1a: Pelipper\n|move|p1b: Iron Bundle|Tera Blast|p2a: Greninja|[anim] Tera Blast Ground\n|-supereffective|p2a: Greninja\n|-damage|p2a: Greninja|0 fnt\n|faint|p2a: Greninja\n|\n|win|aeroblaster7\n|c|\u2606aeroblaster7|Gg!\n|c|\u2606quiewr|ggs!\n|c| ff4fan|gg\n|c|\u2606aeroblaster7|Good luck with the rest!\n|c|\u2606quiewr|thanks! any changes I could have made?\n|c|\u2606quiewr|maybe less bringing a fire type into the rain?\n|c|\u2606aeroblaster7|definitely that\n|c|\u2606quiewr|LMAO\n|c| ff4fan|id suggest less moves with 90 accuracy\n|c|\u2606aeroblaster7|brinfing weather moves to fuck with me would\u2019ve been fun\n|c|\u2606aeroblaster7|like just put sunny day on a random mon\n|c|\u2606quiewr|i dont think any of my mons can actually learn weather moves\n|c|\u2606aeroblaster7|o\n|c|\u2606quiewr|which us\n|c|\u2606quiewr|uh\n|c| ff4fan|sandstorm on chomp?\n|c|\u2606quiewr|oh yeeahhh\n|c|\u2606aeroblaster7|I Gotta Go do some work will see you in guild latwe\n|c|\u2606quiewr|seeya! thanks for fighting!\n","uploadtime":1699109886,"views":20,"p1id":"aeroblaster7","p2id":"quiewr","formatid":"gen9doublesou","rating":0,"private":0,"password":""}