{"id":"gen9doublesou-1997254491","p1":"grimiternal","p2":"AtlanticPanda__","format":"[Gen 9] Doubles OU","log":"|j|\u2606grimiternal\n|j|\u2606AtlanticPanda__\n|t:|1700780925\n|gametype|doubles\n|player|p1|grimiternal|benga|1199\n|player|p2|AtlanticPanda__|2|1106\n|teamsize|p1|6\n|teamsize|p2|6\n|gen|9\n|tier|[Gen 9] Doubles OU\n|rated|\n|rule|Species Clause: Limit one of each Pok\u00e9mon\n|rule|OHKO Clause: OHKO moves are banned\n|rule|Evasion Moves Clause: Evasion moves are banned\n|rule|Gravity Sleep Clause: The combination of sleep-inducing moves with imperfect accuracy and Gravity or Gigantamax Orbeetle are banned\n|rule|Endless Battle Clause: Forcing endless battles is banned\n|rule|HP Percentage Mod: HP is shown in percentages\n|clearpoke\n|poke|p1|Dipplin, F|\n|poke|p1|Iron Bundle|\n|poke|p1|Chi-Yu|\n|poke|p1|Farigiraf, F|\n|poke|p1|Iron Hands|\n|poke|p1|Landorus-Therian, M|\n|poke|p2|Chi-Yu|\n|poke|p2|Baxcalibur, M|\n|poke|p2|Iron Bundle|\n|poke|p2|Skeledirge, F|\n|poke|p2|Maushold|\n|poke|p2|Gholdengo|\n|teampreview\n|inactive|Battle timer is ON: inactive players will automatically lose when time's up. (requested by AtlanticPanda__)\n|\n|t:|1700780936\n|start\n|switch|p1a: Farigiraf|Farigiraf, F|100\/100\n|switch|p1b: Iron Hands|Iron Hands|100\/100\n|switch|p2a: Maushold|Maushold, shiny|100\/100\n|switch|p2b: Iron Bundle|Iron Bundle, shiny|100\/100\n|-enditem|p2b: Iron Bundle|Booster Energy\n|-activate|p2b: Iron Bundle|ability: Quark Drive|[fromitem]\n|-start|p2b: Iron Bundle|quarkdrivespe\n|turn|1\n|inactive|grimiternal has 120 seconds left.\n|\n|t:|1700780974\n|move|p2b: Iron Bundle|Chilling Water|p1b: Iron Hands\n|-damage|p1b: Iron Hands|84\/100\n|-unboost|p1b: Iron Hands|atk|1\n|move|p2a: Maushold|Agility|p2a: Maushold\n|-boost|p2a: Maushold|spe|2\n|move|p1b: Iron Hands|Drain Punch|p2b: Iron Bundle\n|-supereffective|p2b: Iron Bundle\n|-damage|p2b: Iron Bundle|57\/100\n|-heal|p1b: Iron Hands|97\/100|[from] drain|[of] p2b: Iron Bundle\n|move|p1a: Farigiraf|Trick Room|p1a: Farigiraf\n|-fieldstart|move: Trick Room|[of] p1a: Farigiraf\n|\n|upkeep\n|turn|2\n|inactive|grimiternal has 120 seconds left.\n|\n|t:|1700780997\n|move|p1b: Iron Hands|Drain Punch|p2b: Iron Bundle\n|-supereffective|p2b: Iron Bundle\n|-damage|p2b: Iron Bundle|5\/100\n|-heal|p1b: Iron Hands|100\/100|[from] drain|[of] p2b: Iron Bundle\n|move|p1a: Farigiraf|Psychic|p2b: Iron Bundle\n|-damage|p2b: Iron Bundle|0 fnt\n|faint|p2b: Iron Bundle\n|-end|p2b: Iron Bundle|Quark Drive|[silent]\n|move|p2a: Maushold|Baton Pass|p2a: Maushold\n|\n|t:|1700781001\n|switch|p2a: Skeledirge|Skeledirge, F|100\/100|[from] Baton Pass\n|\n|upkeep\n|\n|t:|1700781011\n|switch|p2b: Gholdengo|Gholdengo, shiny|100\/100\n|turn|3\n|\n|t:|1700781035\n|move|p1b: Iron Hands|Wild Charge|p2a: Skeledirge\n|-damage|p2a: Skeledirge|62\/100\n|-damage|p1b: Iron Hands|94\/100|[from] Recoil\n|move|p1a: Farigiraf|Dazzling Gleam|p2b: Gholdengo|[spread] p2a,p2b\n|-resisted|p2a: Skeledirge\n|-resisted|p2b: Gholdengo\n|-damage|p2a: Skeledirge|56\/100\n|-damage|p2b: Gholdengo|93\/100\n|move|p2b: Gholdengo|Dazzling Gleam|p1b: Iron Hands|[spread] p1a,p1b\n|-supereffective|p1b: Iron Hands\n|-damage|p1a: Farigiraf|81\/100\n|-damage|p1b: Iron Hands|63\/100\n|move|p2a: Skeledirge|Torch Song|p1b: Iron Hands\n|-damage|p1b: Iron Hands|36\/100\n|-boost|p2a: Skeledirge|spa|1\n|\n|upkeep\n|turn|4\n|\n|t:|1700781060\n|-end|p1b: Iron Hands|Quark Drive|[silent]\n|switch|p1b: Chi-Yu|Chi-Yu|100\/100\n|-ability|p1b: Chi-Yu|Beads of Ruin\n|switch|p1a: Dipplin|Dipplin, F|100\/100\n|-ability|p1a: Dipplin|Supersweet Syrup\n|-ability|p1a: Dipplin|Supersweet Syrup|boost\n|-unboost|p2a: Skeledirge|evasion|1\n|-unboost|p2b: Gholdengo|evasion|1\n|move|p2b: Gholdengo|Dazzling Gleam|p1a: Dipplin|[spread] p1a,p1b\n|-supereffective|p1a: Dipplin\n|-damage|p1a: Dipplin|61\/100\n|-damage|p1b: Chi-Yu|77\/100\n|move|p2a: Skeledirge|Torch Song|p1b: Chi-Yu\n|-resisted|p1b: Chi-Yu\n|-damage|p1b: Chi-Yu|44\/100\n|-boost|p2a: Skeledirge|spa|1\n|\n|upkeep\n|turn|5\n|\n|t:|1700781087\n|-terastallize|p2b: Gholdengo|Fairy\n|move|p1a: Dipplin|Pollen Puff|p1b: Chi-Yu\n|-heal|p1b: Chi-Yu|94\/100\n|move|p1b: Chi-Yu|Overheat|p2b: Gholdengo\n|-damage|p2b: Gholdengo|0 fnt\n|-unboost|p1b: Chi-Yu|spa|2\n|faint|p2b: Gholdengo\n|move|p2a: Skeledirge|Overheat|p1a: Dipplin\n|-damage|p1a: Dipplin|0 fnt\n|-unboost|p2a: Skeledirge|spa|2\n|faint|p1a: Dipplin\n|\n|-fieldend|move: Trick Room\n|upkeep\n|\n|t:|1700781103\n|switch|p2b: Baxcalibur|Baxcalibur, M, shiny|100\/100\n|switch|p1a: Farigiraf|Farigiraf, F|81\/100\n|turn|6\n|\n|t:|1700781119\n|switch|p1b: Iron Hands|Iron Hands|36\/100\n|move|p2a: Skeledirge|Torch Song|p1a: Farigiraf\n|-damage|p1a: Farigiraf|46\/100\n|-boost|p2a: Skeledirge|spa|1\n|-enditem|p1a: Farigiraf|Sitrus Berry|[eat]\n|-heal|p1a: Farigiraf|71\/100|[from] item: Sitrus Berry\n|move|p2b: Baxcalibur|Glaive Rush|p1b: Iron Hands\n|-damage|p1b: Iron Hands|0 fnt\n|-singlemove|p2b: Baxcalibur|Glaive Rush|[silent]\n|faint|p1b: Iron Hands\n|-end|p1b: Iron Hands|Quark Drive|[silent]\n|-damage|p2b: Baxcalibur|91\/100|[from] item: Life Orb\n|move|p1a: Farigiraf|Trick Room|p1a: Farigiraf\n|-fieldstart|move: Trick Room|[of] p1a: Farigiraf\n|\n|upkeep\n|\n|t:|1700781132\n|switch|p1b: Chi-Yu|Chi-Yu|94\/100\n|-ability|p1b: Chi-Yu|Beads of Ruin\n|turn|7\n|\n|t:|1700781150\n|move|p2b: Baxcalibur|Protect|p2b: Baxcalibur\n|-singleturn|p2b: Baxcalibur|Protect\n|move|p1a: Farigiraf|Dazzling Gleam|p2b: Baxcalibur|[spread] p2a\n|-activate|p2b: Baxcalibur|move: Protect\n|-resisted|p2a: Skeledirge\n|-damage|p2a: Skeledirge|46\/100\n|move|p1b: Chi-Yu|Heat Wave|p2b: Baxcalibur|[spread] p2a\n|-activate|p2b: Baxcalibur|move: Protect\n|-resisted|p2a: Skeledirge\n|-damage|p2a: Skeledirge|23\/100\n|move|p2a: Skeledirge|Torch Song|p1a: Farigiraf\n|-damage|p1a: Farigiraf|0 fnt\n|-boost|p2a: Skeledirge|spa|1\n|faint|p1a: Farigiraf\n|\n|upkeep\n|\n|t:|1700781163\n|switch|p1a: Landorus|Landorus-Therian, M|100\/100\n|-ability|p1a: Landorus|Intimidate|boost\n|-unboost|p2a: Skeledirge|atk|1\n|-unboost|p2b: Baxcalibur|atk|1\n|turn|8\n|\n|t:|1700781179\n|move|p2b: Baxcalibur|Icicle Crash|p1a: Landorus\n|-supereffective|p1a: Landorus\n|-damage|p1a: Landorus|0 fnt\n|faint|p1a: Landorus\n|-damage|p2b: Baxcalibur|81\/100|[from] item: Life Orb\n|move|p1b: Chi-Yu|Heat Wave|p2b: Baxcalibur|[spread] p2a,p2b\n|-resisted|p2a: Skeledirge\n|-damage|p2a: Skeledirge|0 fnt\n|-damage|p2b: Baxcalibur|26\/100\n|-ability|p2b: Baxcalibur|Thermal Exchange|boost\n|-boost|p2b: Baxcalibur|atk|1\n|faint|p2a: Skeledirge\n|\n|upkeep\n|\n|t:|1700781193\n|switch|p2a: Chi-Yu|Chi-Yu|100\/100\n|switch|p1a: Iron Bundle|Iron Bundle|100\/100\n|-ability|p2a: Chi-Yu|Beads of Ruin\n|-enditem|p1a: Iron Bundle|Booster Energy\n|-activate|p1a: Iron Bundle|ability: Quark Drive|[fromitem]\n|-start|p1a: Iron Bundle|quarkdrivespe\n|turn|9\n|\n|t:|1700781208\n|move|p2b: Baxcalibur|Glaive Rush|p1b: Chi-Yu\n|-damage|p1b: Chi-Yu|0 fnt\n|-singlemove|p2b: Baxcalibur|Glaive Rush|[silent]\n|faint|p1b: Chi-Yu\n|-damage|p2b: Baxcalibur|16\/100|[from] item: Life Orb\n|move|p2a: Chi-Yu|Overheat|p1a: Iron Bundle\n|-damage|p1a: Iron Bundle|0 fnt\n|-unboost|p2a: Chi-Yu|spa|2\n|faint|p1a: Iron Bundle\n|-end|p1a: Iron Bundle|Quark Drive|[silent]\n|-damage|p2a: Chi-Yu|91\/100|[from] item: Life Orb\n|\n|win|AtlanticPanda__\n|raw|grimiternal's rating: 1199 &rarr; <strong>1167<\/strong><br \/>(-32 for losing)\n|raw|AtlanticPanda__'s rating: 1106 &rarr; <strong>1138<\/strong><br \/>(+32 for winning)\n|l|\u2606grimiternal\n","uploadtime":1700781226,"views":20,"p1id":"grimiternal","p2id":"atlanticpanda","formatid":"gen9doublesou","rating":1138,"private":0,"password":""}