{"id":"gen9doublesou-1968192220","p1":"lowladderfailure","p2":"Eupard","format":"[Gen 9] Doubles OU","log":"|html|<div class=\"broadcast-blue\"><strong>[Gen 9] Doubles OU is currently suspecting Basculegion & Flutter Mane! For information on how to participate check out the <a href=\"https:\/\/www.smogon.com\/forums\/threads\/np-sv-dou-stage-8-double-trouble.3729153\/\">suspect thread<\/a>.<\/strong><\/div>\n|j|\u2606lowladderfailure\n|j|\u2606Eupard\n|t:|1697393409\n|gametype|doubles\n|player|p1|lowladderfailure|169|1094\n|player|p2|Eupard|beauty-gen5bw2|1121\n|teamsize|p1|6\n|teamsize|p2|6\n|gen|9\n|tier|[Gen 9] Doubles OU\n|rated|\n|rule|Species Clause: Limit one of each Pok\u00e9mon\n|rule|OHKO Clause: OHKO moves are banned\n|rule|Evasion Moves Clause: Evasion moves are banned\n|rule|Gravity Sleep Clause: The combination of sleep-inducing moves with imperfect accuracy and Gravity or Gigantamax Orbeetle are banned\n|rule|Endless Battle Clause: Forcing endless battles is banned\n|rule|HP Percentage Mod: HP is shown in percentages\n|clearpoke\n|poke|p1|Mamoswine, M|\n|poke|p1|Ninetales-Alola, F|\n|poke|p1|Hatterene, F|\n|poke|p1|Gyarados, M|\n|poke|p1|Kingambit, M|\n|poke|p1|Iron Moth|\n|poke|p2|Articuno-Galar|\n|poke|p2|Stantler, F|\n|poke|p2|Pawmot, M|\n|poke|p2|Clefairy, F|\n|poke|p2|Ninetales-Alola, M|\n|poke|p2|Sinistcha-Masterpiece|\n|teampreview\n|inactive|Battle timer is ON: inactive players will automatically lose when time's up. (requested by Eupard)\n|\n|t:|1697393418\n|start\n|switch|p1a: The Bartender|Ninetales-Alola, F, shiny|100\/100\n|switch|p1b: Gyary|Gyarados, M|100\/100\n|switch|p2a: Articuno|Articuno-Galar|100\/100\n|switch|p2b: Stantler|Stantler, F|100\/100\n|-weather|Snow|[from] ability: Snow Warning|[of] p1a: The Bartender\n|-ability|p2b: Stantler|Intimidate|boost\n|-unboost|p1a: The Bartender|atk|1\n|-unboost|p1b: Gyary|atk|1\n|turn|1\n|\n|t:|1697393440\n|switch|p1b: The Town Drunk|Hatterene, F|100\/100\n|move|p2a: Articuno|Protect|p2a: Articuno\n|-singleturn|p2a: Articuno|Protect\n|move|p1a: The Bartender|Aurora Veil|p1a: The Bartender\n|-sidestart|p1: lowladderfailure|move: Aurora Veil\n|move|p2b: Stantler|Skill Swap|p1b: The Town Drunk\n|-activate|p2b: Stantler|move: Skill Swap|Magic Bounce|Intimidate|[of] p1b: The Town Drunk\n|-ability|p1b: The Town Drunk|Intimidate|boost\n|-unboost|p2a: Articuno|atk|1\n|-ability|p2a: Articuno|Competitive|boost\n|-boost|p2a: Articuno|spa|2\n|-enditem|p2a: Articuno|Adrenaline Orb\n|-boost|p2a: Articuno|spe|1|[from] item: Adrenaline Orb\n|-unboost|p2b: Stantler|atk|1\n|\n|-weather|Snow|[upkeep]\n|upkeep\n|turn|2\n|inactive|lowladderfailure has 120 seconds left.\n|\n|t:|1697393472\n|move|p2a: Articuno|Freezing Glare|p1a: The Bartender\n|-damage|p1a: The Bartender|25\/100\n|move|p1a: The Bartender|Encore|p2b: Stantler\n|move|p2b: Stantler|Encore||[from]ability: Magic Bounce|[still]\n|-fail|p2b: Stantler\n|move|p1b: The Town Drunk|Thunder Wave|p2a: Articuno\n|-status|p2a: Articuno|par\n|move|p2b: Stantler|Trick Room|p2b: Stantler\n|-fieldstart|move: Trick Room|[of] p2b: Stantler\n|\n|-weather|Snow|[upkeep]\n|upkeep\n|turn|3\n|inactive|Eupard has 120 seconds left.\n|inactive|lowladderfailure has 120 seconds left.\n|\n|t:|1697393518\n|switch|p1a: The Bouncer|Mamoswine, M|100\/100\n|move|p1b: The Town Drunk|Light Screen|p1b: The Town Drunk\n|-sidestart|p1: lowladderfailure|move: Light Screen\n|move|p2a: Articuno|Air Slash|p1b: The Town Drunk\n|-damage|p1b: The Town Drunk|60\/100\n|move|p2b: Stantler|Roar|p1a: The Bouncer\n|drag|p1a: The Bartender's BF|Kingambit, M|100\/100\n|\n|-weather|Snow|[upkeep]\n|upkeep\n|turn|4\n|inactive|lowladderfailure has 120 seconds left.\n|inactive|Eupard has 120 seconds left.\n|\n|t:|1697393546\n|move|p2a: Articuno|Protect|p2a: Articuno\n|-singleturn|p2a: Articuno|Protect\n|move|p1b: The Town Drunk|Thunder Wave|p2b: Stantler\n|move|p2b: Stantler|Thunder Wave|p1b: The Town Drunk|[from]ability: Magic Bounce\n|-status|p1b: The Town Drunk|par\n|move|p1a: The Bartender's BF|Iron Head|p2b: Stantler\n|-damage|p2b: Stantler|58\/100\n|cant|p2b: Stantler|flinch\n|\n|-weather|Snow|[upkeep]\n|upkeep\n|turn|5\n|inactive|lowladderfailure has 120 seconds left.\n|inactive|Eupard has 120 seconds left.\n|inactive|lowladderfailure has 90 seconds left.\n|\n|t:|1697393611\n|move|p1a: The Bartender's BF|Sucker Punch|p2a: Articuno\n|-supereffective|p2a: Articuno\n|-damage|p2a: Articuno|2\/100 par\n|move|p1b: The Town Drunk|Reflect|p1b: The Town Drunk\n|-sidestart|p1: lowladderfailure|Reflect\n|cant|p2a: Articuno|par\n|move|p2b: Stantler|Roar|p1a: The Bartender's BF\n|-end|p1a: The Bartender's BF|fallenundefined|[silent]\n|drag|p1a: The Police|Iron Moth|100\/100\n|-enditem|p1a: The Police|Booster Energy\n|-activate|p1a: The Police|ability: Quark Drive|[fromitem]\n|-start|p1a: The Police|quarkdrivespe\n|\n|-weather|Snow|[upkeep]\n|-sideend|p1: lowladderfailure|move: Aurora Veil\n|upkeep\n|turn|6\n|inactive|Eupard has 120 seconds left.\n|inactive|lowladderfailure has 90 seconds left.\n|inactive|Eupard has 90 seconds left.\n|\n|t:|1697393652\n|switch|p1b: Gyary|Gyarados, M|100\/100\n|move|p2a: Articuno|Freezing Glare|p1a: The Police\n|-supereffective|p1a: The Police\n|-damage|p1a: The Police|0 fnt\n|faint|p1a: The Police\n|-end|p1a: The Police|Quark Drive|[silent]\n|move|p2b: Stantler|Tera Blast|p1b: Gyary\n|-damage|p1b: Gyary|85\/100\n|\n|-weather|Snow|[upkeep]\n|-fieldend|move: Trick Room\n|upkeep\n|\n|t:|1697393663\n|switch|p1a: The Bouncer|Mamoswine, M|100\/100\n|turn|7\n|inactive|lowladderfailure has 90 seconds left.\n|\n|t:|1697393676\n|cant|p2a: Articuno|par\n|move|p2b: Stantler|Skill Swap|p1b: Gyary\n|-activate|p2b: Stantler|move: Skill Swap|Moxie|Magic Bounce|[of] p1b: Gyary\n|move|p1a: The Bouncer|Trailblaze|p2a: Articuno\n|-resisted|p2a: Articuno\n|-damage|p2a: Articuno|0 fnt\n|-boost|p1a: The Bouncer|spe|1\n|faint|p2a: Articuno\n|move|p1b: Gyary|Dragon Dance|p1b: Gyary\n|-boost|p1b: Gyary|atk|1\n|-boost|p1b: Gyary|spe|1\n|\n|-weather|Snow|[upkeep]\n|upkeep\n|\n|t:|1697393692\n|switch|p2a: Sinistcha|Sinistcha-Masterpiece|100\/100\n|-heal|p2b: Stantler|82\/100|[from] ability: Hospitality|[of] p2a: Sinistcha\n|turn|8\n|\n|t:|1697393709\n|switch|p2a: Pawmot|Pawmot, M|100\/100\n|move|p1a: The Bouncer|Icicle Spear|p2a: Pawmot\n|-damage|p2a: Pawmot|79\/100\n|-damage|p2a: Pawmot|60\/100\n|-damage|p2a: Pawmot|40\/100\n|-damage|p2a: Pawmot|16\/100\n|-damage|p2a: Pawmot|0 fnt\n|faint|p2a: Pawmot\n|-hitcount|p2: Pawmot|5\n|move|p1b: Gyary|Waterfall|p2b: Stantler\n|-damage|p2b: Stantler|14\/100\n|cant|p2b: Stantler|flinch\n|\n|-weather|none\n|upkeep\n|-message|Eupard forfeited.\n|\n|win|lowladderfailure\n|raw|lowladderfailure's rating: 1094 &rarr; <strong>1122<\/strong><br \/>(+28 for winning)\n|raw|Eupard's rating: 1121 &rarr; <strong>1094<\/strong><br \/>(-27 for losing)\n|l|\u2606Eupard\n","uploadtime":1697393727,"views":9,"p1id":"lowladderfailure","p2id":"eupard","formatid":"gen9doublesou","rating":1094,"private":0,"password":""}