{"id":"gen9doublesou-1976901492","p1":"fangame10","p2":"Schister","format":"[Gen 9] Doubles OU","log":"|j|\u2606fangame10\n|j|\u2606Schister\n|t:|1698350823\n|gametype|doubles\n|player|p1|fangame10|red|1882\n|player|p2|Schister|clair|1675\n|teamsize|p1|6\n|teamsize|p2|6\n|gen|9\n|tier|[Gen 9] Doubles OU\n|rated|\n|rule|Species Clause: Limit one of each Pok\u00e9mon\n|rule|OHKO Clause: OHKO moves are banned\n|rule|Evasion Moves Clause: Evasion moves are banned\n|rule|Gravity Sleep Clause: The combination of sleep-inducing moves with imperfect accuracy and Gravity or Gigantamax Orbeetle are banned\n|rule|Endless Battle Clause: Forcing endless battles is banned\n|rule|HP Percentage Mod: HP is shown in percentages\n|clearpoke\n|poke|p1|Iron Bundle|\n|poke|p1|Abomasnow, F|\n|poke|p1|Chi-Yu|\n|poke|p1|Ursaluna, M|\n|poke|p1|Kommo-o, M|\n|poke|p1|Cresselia, F|\n|poke|p2|Ogerpon-Wellspring, F|\n|poke|p2|Volcanion|\n|poke|p2|Rillaboom, M|\n|poke|p2|Tornadus, M|\n|poke|p2|Basculegion-F, F|\n|poke|p2|Pelipper, F|\n|teampreview\n|inactive|Battle timer is ON: inactive players will automatically lose when time's up. (requested by Schister)\n|inactive|fangame10 also wants the timer to be on.\n|c|\u2606fangame10|hi glhf\n|inactive|fangame10 has 120 seconds left.\n|inactive|Schister has 120 seconds left.\n|l|\u2606Schister\n|inactive|Schister disconnected and has a minute to reconnect!\n|player|p2|\n|j|\u2606Schister\n|inactive|Schister reconnected and has 95 seconds left.\n|player|p2|Schister|clair\n|c|\u2606Schister|gl\n|inactive|Schister has 90 seconds left.\n|\n|t:|1698350890\n|start\n|switch|p1a: Predator Drone|Cresselia, F|100\/100\n|switch|p1b: Delibot|Iron Bundle, shiny|100\/100\n|switch|p2a: Ultra Spongey|Volcanion|100\/100\n|switch|p2b: Dawn Dish Spray|Pelipper, F|100\/100\n|-weather|RainDance|[from] ability: Drizzle|[of] p2b: Dawn Dish Spray\n|turn|1\n|inactive|fangame10 has 120 seconds left.\n|inactive|fangame10 has 90 seconds left.\n|\n|t:|1698350952\n|move|p2b: Dawn Dish Spray|Protect|p2b: Dawn Dish Spray\n|-singleturn|p2b: Dawn Dish Spray|Protect\n|move|p1b: Delibot|Freeze-Dry|p2b: Dawn Dish Spray\n|-activate|p2b: Dawn Dish Spray|move: Protect\n|move|p2a: Ultra Spongey|Steam Eruption|p1b: Delibot\n|-resisted|p1b: Delibot\n|-damage|p1b: Delibot|8\/100\n|move|p1a: Predator Drone|Trick Room|p1a: Predator Drone\n|-fieldstart|move: Trick Room|[of] p1a: Predator Drone\n|\n|-weather|RainDance|[upkeep]\n|upkeep\n|turn|2\n|\n|t:|1698350974\n|switch|p1a: Ursaluna|Ursaluna, M, shiny|100\/100\n|-end|p1b: Delibot|Quark Drive|[silent]\n|switch|p1b: Abomasnow|Abomasnow, F, shiny|100\/100\n|-weather|Snow|[from] ability: Snow Warning|[of] p1b: Abomasnow\n|move|p2b: Dawn Dish Spray|Surf|p1b: Abomasnow|[spread] p1a,p1b\n|-immune|p2a: Ultra Spongey|[from] ability: Water Absorb\n|-supereffective|p1a: Ursaluna\n|-resisted|p1b: Abomasnow\n|-damage|p1a: Ursaluna|54\/100\n|-damage|p1b: Abomasnow|90\/100\n|move|p2a: Ultra Spongey|Steam Eruption|p1a: Ursaluna\n|-supereffective|p1a: Ursaluna\n|-damage|p1a: Ursaluna|0 fnt\n|faint|p1a: Ursaluna\n|\n|-weather|Snow|[upkeep]\n|upkeep\n|inactive|fangame10 has 90 seconds left.\n|\n|t:|1698350987\n|switch|p1a: Kommo-o|Kommo-o, M, shiny|100\/100\n|turn|3\n|\n|t:|1698350996\n|move|p1b: Abomasnow|Aurora Veil|p1b: Abomasnow\n|-sidestart|p1: fangame10|move: Aurora Veil\n|move|p2b: Dawn Dish Spray|Hurricane|p1a: Kommo-o\n|-supereffective|p1a: Kommo-o\n|-damage|p1a: Kommo-o|38\/100\n|move|p2a: Ultra Spongey|Will-O-Wisp|p1a: Kommo-o\n|-status|p1a: Kommo-o|brn\n|move|p1a: Kommo-o|Clangorous Soul|p1a: Kommo-o\n|-boost|p1a: Kommo-o|atk|1\n|-boost|p1a: Kommo-o|def|1\n|-boost|p1a: Kommo-o|spa|1\n|-boost|p1a: Kommo-o|spd|1\n|-boost|p1a: Kommo-o|spe|1\n|-damage|p1a: Kommo-o|6\/100 brn\n|\n|-weather|Snow|[upkeep]\n|-damage|p1a: Kommo-o|0 fnt|[from] brn\n|faint|p1a: Kommo-o\n|upkeep\n|\n|t:|1698351011\n|switch|p1a: Predator Drone|Cresselia, F|100\/100\n|turn|4\n|\n|t:|1698351026\n|switch|p2b: Cascade Original|Rillaboom, M|100\/100\n|-fieldstart|move: Grassy Terrain|[from] ability: Grassy Surge|[of] p2b: Cascade Original\n|-terastallize|p1b: Abomasnow|Water\n|-terastallize|p2a: Ultra Spongey|Poison\n|move|p1a: Predator Drone|Helping Hand|p1b: Abomasnow\n|-singleturn|p1b: Abomasnow|Helping Hand|[of] p1a: Predator Drone\n|move|p1b: Abomasnow|Earth Power|p2a: Ultra Spongey\n|-supereffective|p2a: Ultra Spongey\n|-damage|p2a: Ultra Spongey|35\/100\n|move|p2a: Ultra Spongey|Sludge Bomb|p1b: Abomasnow\n|-damage|p1b: Abomasnow|61\/100\n|-status|p1b: Abomasnow|psn\n|\n|-weather|Snow|[upkeep]\n|-heal|p1b: Abomasnow|67\/100 psn|[from] Grassy Terrain\n|-heal|p2a: Ultra Spongey|41\/100|[from] Grassy Terrain\n|-heal|p2a: Ultra Spongey|47\/100|[from] item: Leftovers\n|-damage|p1b: Abomasnow|54\/100 psn|[from] psn\n|upkeep\n|turn|5\n|\n|t:|1698351041\n|move|p2b: Cascade Original|Fake Out|p1a: Predator Drone\n|-crit|p1a: Predator Drone\n|-damage|p1a: Predator Drone|87\/100\n|move|p1b: Abomasnow|Blizzard|p2a: Ultra Spongey|[spread] p2a,p2b\n|-supereffective|p2b: Cascade Original\n|-damage|p2a: Ultra Spongey|12\/100\n|-damage|p2b: Cascade Original|52\/100\n|-status|p2a: Ultra Spongey|frz\n|cant|p2a: Ultra Spongey|frz\n|cant|p1a: Predator Drone|flinch\n|\n|-weather|Snow|[upkeep]\n|-heal|p1b: Abomasnow|60\/100 psn|[from] Grassy Terrain\n|-heal|p2a: Ultra Spongey|18\/100 frz|[from] Grassy Terrain\n|-heal|p2a: Ultra Spongey|24\/100 frz|[from] item: Leftovers\n|-heal|p2b: Cascade Original|58\/100|[from] Grassy Terrain\n|-damage|p1b: Abomasnow|48\/100 psn|[from] psn\n|-fieldend|move: Trick Room\n|upkeep\n|turn|6\n|\n|t:|1698351051\n|switch|p1b: Chi-Yu|Chi-Yu|100\/100\n|-ability|p1b: Chi-Yu|Beads of Ruin\n|move|p2b: Cascade Original|Wood Hammer|p1b: Chi-Yu\n|-resisted|p1b: Chi-Yu\n|-damage|p1b: Chi-Yu|65\/100\n|-damage|p2b: Cascade Original|50\/100|[from] Recoil\n|move|p1a: Predator Drone|Lunar Blessing|p1a: Predator Drone|[spread] p1a,p1b\n|-heal|p1a: Predator Drone|100\/100\n|-heal|p1b: Chi-Yu|90\/100\n|-curestatus|p2a: Ultra Spongey|frz|[from] move: Steam Eruption\n|move|p2a: Ultra Spongey|Steam Eruption|p1a: Predator Drone\n|-damage|p1a: Predator Drone|65\/100\n|-status|p1a: Predator Drone|brn\n|\n|-weather|none\n|-heal|p1b: Chi-Yu|96\/100|[from] Grassy Terrain\n|-heal|p2b: Cascade Original|56\/100|[from] Grassy Terrain\n|-heal|p2a: Ultra Spongey|31\/100|[from] Grassy Terrain\n|-heal|p2a: Ultra Spongey|37\/100|[from] item: Leftovers\n|-damage|p1a: Predator Drone|59\/100 brn|[from] brn\n|upkeep\n|turn|7\n|\n|t:|1698351061\n|switch|p1a: Abomasnow|Abomasnow, F, shiny, tera:Water|48\/100 psn\n|-weather|Snow|[from] ability: Snow Warning|[of] p1a: Abomasnow\n|move|p2a: Ultra Spongey|Protect|p2a: Ultra Spongey\n|-singleturn|p2a: Ultra Spongey|Protect\n|move|p1b: Chi-Yu|Heat Wave|p2a: Ultra Spongey|[spread] p2b\n|-activate|p2a: Ultra Spongey|move: Protect\n|-supereffective|p2b: Cascade Original\n|-damage|p2b: Cascade Original|0 fnt\n|faint|p2b: Cascade Original\n|\n|-weather|Snow|[upkeep]\n|-heal|p1b: Chi-Yu|100\/100|[from] Grassy Terrain\n|-heal|p2a: Ultra Spongey|43\/100|[from] Grassy Terrain\n|-heal|p2a: Ultra Spongey|49\/100|[from] item: Leftovers\n|-heal|p1a: Abomasnow|54\/100 psn|[from] Grassy Terrain\n|-damage|p1a: Abomasnow|42\/100 psn|[from] psn\n|upkeep\n|\n|t:|1698351071\n|switch|p2b: Dawn Dish Spray|Pelipper, F|100\/100\n|-weather|RainDance|[from] ability: Drizzle|[of] p2b: Dawn Dish Spray\n|turn|8\n|\n|t:|1698351093\n|switch|p1b: Predator Drone|Cresselia, F|59\/100 brn\n|move|p2a: Ultra Spongey|Steam Eruption|p1b: Predator Drone\n|-damage|p1b: Predator Drone|22\/100 brn\n|move|p2b: Dawn Dish Spray|Surf|p1b: Predator Drone|[spread] p1a,p1b\n|-heal|p2a: Ultra Spongey|74\/100|[from] ability: Water Absorb|[of] p2b: Dawn Dish Spray\n|-resisted|p1a: Abomasnow\n|-damage|p1a: Abomasnow|30\/100 psn\n|-damage|p1b: Predator Drone|6\/100 brn\n|move|p1a: Abomasnow|Leaf Storm|p2b: Dawn Dish Spray\n|-damage|p2b: Dawn Dish Spray|28\/100\n|-unboost|p1a: Abomasnow|spa|2\n|\n|-weather|RainDance|[upkeep]\n|-heal|p2a: Ultra Spongey|80\/100|[from] Grassy Terrain\n|-heal|p2a: Ultra Spongey|86\/100|[from] item: Leftovers\n|-heal|p1a: Abomasnow|36\/100 psn|[from] Grassy Terrain\n|-damage|p1a: Abomasnow|24\/100 psn|[from] psn\n|-damage|p1b: Predator Drone|0 fnt|[from] brn\n|faint|p1b: Predator Drone\n|-fieldend|move: Grassy Terrain\n|upkeep\n|\n|t:|1698351097\n|switch|p1b: Delibot|Iron Bundle, shiny|8\/100\n|turn|9\n|\n|t:|1698351114\n|switch|p1a: Chi-Yu|Chi-Yu|100\/100\n|-ability|p1a: Chi-Yu|Beads of Ruin\n|move|p1b: Delibot|Blizzard|p2a: Ultra Spongey|[spread] p2a,p2b\n|-damage|p2a: Ultra Spongey|0 fnt\n|-damage|p2b: Dawn Dish Spray|0 fnt\n|faint|p2a: Ultra Spongey\n|faint|p2b: Dawn Dish Spray\n|\n|-weather|RainDance|[upkeep]\n|upkeep\n|\n|t:|1698351124\n|switch|p2a: Kills 99% Bacteria|Basculegion-F, F|100\/100\n|switch|p2b: Finish Jet Dry|Tornadus, M|100\/100\n|turn|10\n|\n|t:|1698351132\n|switch|p1a: Abomasnow|Abomasnow, F, shiny, tera:Water|24\/100 psn\n|-weather|Snow|[from] ability: Snow Warning|[of] p1a: Abomasnow\n|move|p2b: Finish Jet Dry|Rain Dance|p2b: Finish Jet Dry\n|-weather|RainDance\n|move|p1b: Delibot|Blizzard|p2b: Finish Jet Dry|[spread] p2b\n|-miss|p1b: Delibot|p2a: Kills 99% Bacteria\n|-supereffective|p2b: Finish Jet Dry\n|-damage|p2b: Finish Jet Dry|0 fnt\n|faint|p2b: Finish Jet Dry\n|move|p2a: Kills 99% Bacteria|Surf|p1a: Abomasnow|[spread] p1a,p1b\n|-resisted|p1a: Abomasnow\n|-resisted|p1b: Delibot\n|-crit|p1b: Delibot\n|-damage|p1a: Abomasnow|8\/100 psn\n|-damage|p1b: Delibot|0 fnt\n|faint|p1b: Delibot\n|-end|p1b: Delibot|Quark Drive|[silent]\n|\n|-weather|RainDance|[upkeep]\n|-damage|p1a: Abomasnow|0 fnt|[from] psn\n|faint|p1a: Abomasnow\n|-sideend|p1: fangame10|move: Aurora Veil\n|upkeep\n|c|\u2606fangame10|gg\n|-message|fangame10 forfeited.\n|\n|win|Schister\n|raw|fangame10's rating: 1882 &rarr; <strong>1851<\/strong><br \/>(-31 for losing)\n|raw|Schister's rating: 1675 &rarr; <strong>1706<\/strong><br \/>(+31 for winning)\n|l|\u2606fangame10\n|c|\u2606Schister|gg\n","uploadtime":1698351198,"views":21,"p1id":"fangame10","p2id":"schister","formatid":"gen9doublesou","rating":1706,"private":0,"password":""}