{"id":"gen9doublesou-1991822890","p1":"Mr. Alola Tales","p2":"Azathoth461","format":"[Gen 9] Doubles OU","log":"|j|\u2606Mr. Alola Tales\n|j|\u2606Azathoth461\n|t:|1700123669\n|gametype|doubles\n|player|p1|Mr. Alola Tales|archer|1428\n|player|p2|Azathoth461|n|1454\n|teamsize|p1|6\n|teamsize|p2|6\n|gen|9\n|tier|[Gen 9] Doubles OU\n|rated|\n|rule|Species Clause: Limit one of each Pok\u00e9mon\n|rule|OHKO Clause: OHKO moves are banned\n|rule|Evasion Moves Clause: Evasion moves are banned\n|rule|Gravity Sleep Clause: The combination of sleep-inducing moves with imperfect accuracy and Gravity or Gigantamax Orbeetle are banned\n|rule|Endless Battle Clause: Forcing endless battles is banned\n|rule|HP Percentage Mod: HP is shown in percentages\n|clearpoke\n|poke|p1|Ogerpon-Hearthflame, F|\n|poke|p1|Chien-Pao|\n|poke|p1|Garchomp, M|\n|poke|p1|Tornadus, M|\n|poke|p1|Flutter Mane|\n|poke|p1|Chi-Yu|\n|poke|p2|Kingambit, M|\n|poke|p2|Armarouge, M|\n|poke|p2|Indeedee-F, F|\n|poke|p2|Ogerpon-Wellspring, F|\n|poke|p2|Ursaluna-Bloodmoon, M|\n|poke|p2|Sinistcha|\n|teampreview\n|inactive|Battle timer is ON: inactive players will automatically lose when time's up. (requested by Azathoth461)\n|\n|t:|1700123679\n|start\n|switch|p1a: Flutter Mane|Flutter Mane|100\/100\n|switch|p1b: Chi-Yu|Chi-Yu|100\/100\n|switch|p2a: Morgan|Indeedee-F, F|100\/100\n|switch|p2b: Gawain|Armarouge, M, shiny|100\/100\n|-ability|p1b: Chi-Yu|Beads of Ruin\n|-fieldstart|move: Psychic Terrain|[from] ability: Psychic Surge|[of] p2a: Morgan\n|-enditem|p1a: Flutter Mane|Booster Energy\n|-activate|p1a: Flutter Mane|ability: Protosynthesis|[fromitem]\n|-start|p1a: Flutter Mane|protosynthesisspa\n|turn|1\n|\n|t:|1700123695\n|-terastallize|p2b: Gawain|Grass\n|move|p1b: Chi-Yu|Snarl|p2a: Morgan|[spread] p2a,p2b\n|-supereffective|p2a: Morgan\n|-damage|p2a: Morgan|46\/100\n|-damage|p2b: Gawain|70\/100\n|-unboost|p2a: Morgan|spa|1\n|-unboost|p2b: Gawain|spa|1\n|move|p1a: Flutter Mane|Shadow Ball|p2b: Gawain\n|-damage|p2b: Gawain|0 fnt\n|faint|p2b: Gawain\n|move|p2a: Morgan|Trick Room|p2a: Morgan\n|-fieldstart|move: Trick Room|[of] p2a: Morgan\n|\n|upkeep\n|\n|t:|1700123710\n|switch|p2b: Muramasa|Kingambit, M|100\/100\n|-activate|p2b: Muramasa|ability: Supreme Overlord\n|-start|p2b: Muramasa|fallen1|[silent]\n|turn|2\n|\n|t:|1700123724\n|switch|p2a: Beowulf|Ursaluna-Bloodmoon, M|100\/100\n|switch|p1b: Ogerpon|Ogerpon-Hearthflame, F|100\/100\n|-ability|p1b: Ogerpon|Mold Breaker\n|move|p1a: Flutter Mane|Protect|p1a: Flutter Mane\n|-singleturn|p1a: Flutter Mane|Protect\n|move|p2b: Muramasa|Iron Head|p1a: Flutter Mane\n|-activate|p1a: Flutter Mane|move: Protect\n|\n|upkeep\n|turn|3\n|\n|t:|1700123745\n|-end|p1a: Flutter Mane|Protosynthesis|[silent]\n|switch|p1a: Garchomp|Garchomp, M|100\/100\n|move|p2b: Muramasa|Iron Head|p1b: Ogerpon\n|-resisted|p1b: Ogerpon\n|-damage|p1b: Ogerpon|67\/100\n|move|p2a: Beowulf|Blood Moon|p1b: Ogerpon\n|-damage|p1b: Ogerpon|0 fnt\n|faint|p1b: Ogerpon\n|\n|upkeep\n|inactive|Mr. Alola Tales has 120 seconds left.\n|\n|t:|1700123760\n|switch|p1b: Flutter Mane|Flutter Mane|100\/100\n|turn|4\n|\n|t:|1700123766\n|move|p1b: Flutter Mane|Protect|p1b: Flutter Mane\n|-singleturn|p1b: Flutter Mane|Protect\n|move|p2b: Muramasa|Iron Head|p1b: Flutter Mane\n|-activate|p1b: Flutter Mane|move: Protect\n|move|p2a: Beowulf|Moonblast|p1a: Garchomp\n|-supereffective|p1a: Garchomp\n|-damage|p1a: Garchomp|16\/100\n|move|p1a: Garchomp|Earthquake|p2a: Beowulf|[spread] p2a,p2b\n|-activate|p1b: Flutter Mane|move: Protect\n|-supereffective|p2b: Muramasa\n|-damage|p2a: Beowulf|63\/100\n|-damage|p2b: Muramasa|13\/100\n|-damage|p1a: Garchomp|7\/100|[from] item: Life Orb\n|\n|upkeep\n|turn|5\n|\n|t:|1700123786\n|-terastallize|p1b: Flutter Mane|Dark\n|move|p2b: Muramasa|Sucker Punch|p1a: Garchomp\n|-activate|p1a: Garchomp|move: Psychic Terrain\n|move|p2a: Beowulf|Blood Moon|p1b: Flutter Mane\n|-damage|p1b: Flutter Mane|12\/100\n|move|p1a: Garchomp|Rock Slide|p2b: Muramasa|[spread] p2a\n|-miss|p1a: Garchomp|p2b: Muramasa\n|-resisted|p2a: Beowulf\n|-damage|p2a: Beowulf|54\/100\n|-damage|p1a: Garchomp|0 fnt|[from] item: Life Orb\n|faint|p1a: Garchomp\n|move|p1b: Flutter Mane|Dazzling Gleam|p2b: Muramasa|[spread] p2a,p2b\n|-damage|p2a: Beowulf|30\/100\n|-damage|p2b: Muramasa|0 fnt\n|faint|p2b: Muramasa\n|-end|p2b: Muramasa|fallen1|[silent]\n|\n|-fieldend|move: Trick Room\n|-fieldend|move: Psychic Terrain\n|upkeep\n|\n|t:|1700123810\n|switch|p1a: Chi-Yu|Chi-Yu|100\/100\n|switch|p2b: Rikyu|Sinistcha|100\/100\n|-ability|p1a: Chi-Yu|Beads of Ruin\n|-heal|p2a: Beowulf|55\/100|[from] ability: Hospitality|[of] p2b: Rikyu\n|turn|6\n|\n|t:|1700123820\n|switch|p2b: Ibaraki|Ogerpon-Wellspring, F|100\/100\n|move|p1a: Chi-Yu|Heat Wave|p2b: Ibaraki|[spread] p2a,p2b\n|-damage|p2a: Beowulf|17\/100\n|-damage|p2b: Ibaraki|39\/100\n|move|p1b: Flutter Mane|Shadow Ball|p2b: Ibaraki\n|-damage|p2b: Ibaraki|0 fnt\n|faint|p2b: Ibaraki\n|move|p2a: Beowulf|Hyper Voice|p1a: Chi-Yu|[spread] p1a,p1b\n|-damage|p1a: Chi-Yu|57\/100\n|-damage|p1b: Flutter Mane|0 fnt\n|faint|p1b: Flutter Mane\n|-end|p1b: Flutter Mane|Protosynthesis|[silent]\n|\n|upkeep\n|\n|t:|1700123836\n|switch|p1b: Tornadus|Tornadus, M|100\/100\n|switch|p2b: Rikyu|Sinistcha|100\/100\n|-heal|p2a: Beowulf|42\/100|[from] ability: Hospitality|[of] p2b: Rikyu\n|turn|7\n|\n|t:|1700123844\n|move|p1b: Tornadus|Taunt|p2b: Rikyu\n|-start|p2b: Rikyu|move: Taunt\n|move|p1a: Chi-Yu|Heat Wave|p2a: Beowulf|[spread] p2b\n|-miss|p1a: Chi-Yu|p2a: Beowulf\n|-supereffective|p2b: Rikyu\n|-damage|p2b: Rikyu|12\/100\n|-enditem|p2b: Rikyu|Iapapa Berry|[eat]\n|-heal|p2b: Rikyu|45\/100|[from] item: Iapapa Berry\n|move|p2a: Beowulf|Blood Moon|p1b: Tornadus\n|-enditem|p1b: Tornadus|Focus Sash\n|-damage|p1b: Tornadus|1\/100\n|cant|p2b: Rikyu|move: Taunt|Trick Room\n|\n|upkeep\n|turn|8\n|\n|t:|1700123866\n|switch|p2b: Morgan|Indeedee-F, F|46\/100\n|-fieldstart|move: Psychic Terrain|[from] ability: Psychic Surge|[of] p2b: Morgan\n|move|p1a: Chi-Yu|Heat Wave|p2b: Morgan|[spread] p2a,p2b\n|-damage|p2a: Beowulf|3\/100\n|-damage|p2b: Morgan|1\/100\n|-enditem|p2b: Morgan|Mago Berry|[eat]\n|-heal|p2b: Morgan|34\/100|[from] item: Mago Berry\n|move|p1b: Tornadus|Bleakwind Storm|p2a: Beowulf|[spread] p2a,p2b\n|-damage|p2a: Beowulf|0 fnt\n|-damage|p2b: Morgan|0 fnt\n|faint|p2a: Beowulf\n|faint|p2b: Morgan\n|\n|upkeep\n|-message|Azathoth461 forfeited.\n|\n|win|Mr. Alola Tales\n|raw|Mr. Alola Tales's rating: 1428 &rarr; <strong>1449<\/strong><br \/>(+21 for winning)\n|raw|Azathoth461's rating: 1454 &rarr; <strong>1433<\/strong><br \/>(-21 for losing)\n|l|\u2606Azathoth461\n","uploadtime":1700123883,"views":11,"p1id":"mralolatales","p2id":"azathoth461","formatid":"gen9doublesou","rating":1433,"private":0,"password":""}