{"id":"gen9doublesou-1973201013","p1":"mikeyuwu","p2":"balloongrapes","format":"[Gen 9] Doubles OU","log":"|j|\u2606mikeyuwu\n|j|\u2606balloongrapes\n|t:|1697938810\n|gametype|doubles\n|player|p1|mikeyuwu|psychic-gen4|1285\n|player|p2|balloongrapes|boarder|1211\n|teamsize|p1|6\n|teamsize|p2|6\n|gen|9\n|tier|[Gen 9] Doubles OU\n|rated|\n|rule|Species Clause: Limit one of each Pok\u00e9mon\n|rule|OHKO Clause: OHKO moves are banned\n|rule|Evasion Moves Clause: Evasion moves are banned\n|rule|Gravity Sleep Clause: The combination of sleep-inducing moves with imperfect accuracy and Gravity or Gigantamax Orbeetle are banned\n|rule|Endless Battle Clause: Forcing endless battles is banned\n|rule|HP Percentage Mod: HP is shown in percentages\n|clearpoke\n|poke|p1|Garchomp, M|\n|poke|p1|Tyranitar, F|\n|poke|p1|Vaporeon, F|\n|poke|p1|Toxicroak, M|\n|poke|p1|Pelipper, F|\n|poke|p1|Abomasnow, M|\n|poke|p2|Maushold-Four|\n|poke|p2|Roaring Moon|\n|poke|p2|Talonflame, M|\n|poke|p2|Ceruledge, M|\n|poke|p2|Rabsca, F|\n|poke|p2|Klefki, M|\n|teampreview\n|inactive|Battle timer is ON: inactive players will automatically lose when time's up. (requested by balloongrapes)\n|\n|t:|1697938834\n|start\n|switch|p1a: OTLHPM|Toxicroak, M|100\/100\n|switch|p1b: Harmacy|Vaporeon, F|100\/100\n|switch|p2a: Talonflame|Talonflame, M|100\/100\n|switch|p2b: Ceruledge|Ceruledge, M|100\/100\n|turn|1\n|\n|t:|1697938842\n|switch|p1a: Weather War|Pelipper, F|100\/100\n|-weather|RainDance|[from] ability: Drizzle|[of] p1a: Weather War\n|-terastallize|p2b: Ceruledge|Water\n|move|p2a: Talonflame|Tailwind|p2a: Talonflame\n|-sidestart|p2: balloongrapes|move: Tailwind\n|move|p2b: Ceruledge|Swords Dance|p2b: Ceruledge\n|-boost|p2b: Ceruledge|atk|2\n|move|p1b: Harmacy|Weather Ball|p2a: Talonflame\n|-supereffective|p2a: Talonflame\n|-damage|p2a: Talonflame|0 fnt\n|faint|p2a: Talonflame\n|\n|-weather|RainDance|[upkeep]\n|upkeep\n|\n|t:|1697938850\n|switch|p2a: Roaring Moon|Roaring Moon|100\/100\n|turn|2\n|\n|t:|1697938858\n|move|p2a: Roaring Moon|Rock Slide|p1b: Harmacy|[spread] p1a,p1b\n|-supereffective|p1a: Weather War\n|-damage|p1a: Weather War|63\/100\n|-damage|p1b: Harmacy|84\/100\n|move|p2b: Ceruledge|Swords Dance|p2b: Ceruledge\n|-boost|p2b: Ceruledge|atk|2\n|move|p1a: Weather War|Hurricane|p2b: Ceruledge\n|-damage|p2b: Ceruledge|65\/100\n|move|p1b: Harmacy|Icy Wind|p2b: Ceruledge|[spread] p2b\n|-miss|p1b: Harmacy|p2a: Roaring Moon\n|-resisted|p2b: Ceruledge\n|-damage|p2b: Ceruledge|59\/100\n|-unboost|p2b: Ceruledge|spe|1\n|\n|-weather|RainDance|[upkeep]\n|-heal|p1b: Harmacy|90\/100|[from] item: Leftovers\n|upkeep\n|turn|3\n|\n|t:|1697938878\n|switch|p1a: Extra Spicy|Garchomp, M|100\/100\n|move|p2a: Roaring Moon|Rock Slide|p1b: Harmacy|[spread] p1a,p1b\n|-resisted|p1a: Extra Spicy\n|-damage|p1a: Extra Spicy|93\/100\n|-damage|p1b: Harmacy|74\/100\n|move|p2b: Ceruledge|Psycho Cut|p1a: Extra Spicy\n|-damage|p1a: Extra Spicy|47\/100\n|cant|p1b: Harmacy|flinch\n|\n|-weather|RainDance|[upkeep]\n|-heal|p1b: Harmacy|80\/100|[from] item: Leftovers\n|upkeep\n|turn|4\n|\n|t:|1697938898\n|-end|p2a: Roaring Moon|Protosynthesis|[silent]\n|switch|p2a: Klefki|Klefki, M|100\/100\n|move|p2b: Ceruledge|Tera Blast|p1a: Extra Spicy|[anim] Tera Blast Water\n|-damage|p1a: Extra Spicy|0 fnt\n|faint|p1a: Extra Spicy\n|move|p1b: Harmacy|Icy Wind|p2a: Klefki|[spread] p2a,p2b\n|-resisted|p2a: Klefki\n|-crit|p2a: Klefki\n|-resisted|p2b: Ceruledge\n|-damage|p2a: Klefki|92\/100\n|-damage|p2b: Ceruledge|53\/100\n|-unboost|p2a: Klefki|spe|1\n|-unboost|p2b: Ceruledge|spe|1\n|\n|-weather|RainDance|[upkeep]\n|-heal|p1b: Harmacy|86\/100|[from] item: Leftovers\n|-sideend|p2: balloongrapes|move: Tailwind\n|upkeep\n|\n|t:|1697938907\n|switch|p1a: ThcrThnSnkr|Tyranitar, F|100\/100\n|-weather|Sandstorm|[from] ability: Sand Stream|[of] p1a: ThcrThnSnkr\n|turn|5\n|\n|t:|1697938918\n|move|p2a: Klefki|Sunny Day|p2a: Klefki\n|-weather|SunnyDay\n|move|p1a: ThcrThnSnkr|Thunderbolt|p2b: Ceruledge\n|-supereffective|p2b: Ceruledge\n|-damage|p2b: Ceruledge|5\/100\n|move|p1b: Harmacy|Copycat|p1b: Harmacy\n|move|p1b: Harmacy|Thunderbolt|p2b: Ceruledge|[from]move: Copycat\n|-supereffective|p2b: Ceruledge\n|-damage|p2b: Ceruledge|0 fnt\n|faint|p2b: Ceruledge\n|\n|-weather|SunnyDay|[upkeep]\n|-heal|p1b: Harmacy|92\/100|[from] item: Leftovers\n|upkeep\n|\n|t:|1697938937\n|switch|p2b: Rabsca|Rabsca, F|100\/100\n|turn|6\n|\n|t:|1697938943\n|move|p2a: Klefki|Light Screen|p2a: Klefki\n|-sidestart|p2: balloongrapes|move: Light Screen\n|move|p1a: ThcrThnSnkr|Knock Off|p2b: Rabsca\n|-supereffective|p2b: Rabsca\n|-damage|p2b: Rabsca|12\/100\n|-enditem|p2b: Rabsca|Leppa Berry|[from] move: Knock Off|[of] p1a: ThcrThnSnkr\n|move|p1b: Harmacy|Weather Ball|p2b: Rabsca\n|-supereffective|p2b: Rabsca\n|-damage|p2b: Rabsca|0 fnt\n|faint|p2b: Rabsca\n|\n|-weather|SunnyDay|[upkeep]\n|-heal|p1b: Harmacy|98\/100|[from] item: Leftovers\n|upkeep\n|\n|t:|1697938958\n|switch|p2b: Maushold|Maushold-Four|100\/100\n|turn|7\n|\n|t:|1697938964\n|move|p2b: Maushold|Follow Me|p2b: Maushold\n|-singleturn|p2b: Maushold|move: Follow Me\n|move|p1a: ThcrThnSnkr|Knock Off|p2b: Maushold\n|-damage|p2b: Maushold|51\/100\n|-enditem|p2b: Maushold|Focus Sash|[from] move: Knock Off|[of] p1a: ThcrThnSnkr\n|move|p1b: Harmacy|Icy Wind|p2a: Klefki|[spread] p2a,p2b\n|-resisted|p2a: Klefki\n|-damage|p2a: Klefki|89\/100\n|-damage|p2b: Maushold|43\/100\n|-unboost|p2a: Klefki|spe|1\n|-unboost|p2b: Maushold|spe|1\n|move|p2a: Klefki|Steel Beam|p1a: ThcrThnSnkr\n|-supereffective|p1a: ThcrThnSnkr\n|-damage|p1a: ThcrThnSnkr|54\/100\n|-damage|p2a: Klefki|39\/100|[from] steelbeam\n|\n|-weather|SunnyDay|[upkeep]\n|-heal|p1b: Harmacy|100\/100|[from] item: Leftovers\n|upkeep\n|turn|8\n|\n|t:|1697938990\n|switch|p1a: Weather War|Pelipper, F|63\/100\n|-weather|RainDance|[from] ability: Drizzle|[of] p1a: Weather War\n|move|p2a: Klefki|Reflect|p2a: Klefki\n|-sidestart|p2: balloongrapes|Reflect\n|move|p2b: Maushold|Population Bomb|p1b: Harmacy\n|-damage|p1b: Harmacy|96\/100\n|-damage|p1b: Harmacy|92\/100\n|-damage|p1b: Harmacy|88\/100\n|-damage|p1b: Harmacy|84\/100\n|-damage|p1b: Harmacy|80\/100\n|-damage|p1b: Harmacy|76\/100\n|-crit|p1b: Harmacy\n|-damage|p1b: Harmacy|69\/100\n|-damage|p1b: Harmacy|64\/100\n|-damage|p1b: Harmacy|60\/100\n|-damage|p1b: Harmacy|56\/100\n|-hitcount|p1b: Harmacy|10\n|move|p1b: Harmacy|Icy Wind|p2b: Maushold|[spread] p2a,p2b\n|-resisted|p2a: Klefki\n|-damage|p2a: Klefki|36\/100\n|-damage|p2b: Maushold|35\/100\n|-unboost|p2a: Klefki|spe|1\n|-unboost|p2b: Maushold|spe|1\n|\n|-weather|RainDance|[upkeep]\n|-heal|p1b: Harmacy|62\/100|[from] item: Leftovers\n|upkeep\n|turn|9\n|\n|t:|1697939008\n|move|p2a: Klefki|Sunny Day|p2a: Klefki\n|-weather|SunnyDay\n|move|p1a: Weather War|Chilling Water|p2b: Maushold\n|-damage|p2b: Maushold|28\/100\n|-unboost|p2b: Maushold|atk|1\n|move|p1b: Harmacy|Weather Ball|p2b: Maushold\n|-damage|p2b: Maushold|0 fnt\n|faint|p2b: Maushold\n|\n|-weather|SunnyDay|[upkeep]\n|-heal|p1b: Harmacy|68\/100|[from] item: Leftovers\n|upkeep\n|\n|t:|1697939015\n|switch|p2b: Roaring Moon|Roaring Moon|100\/100\n|-activate|p2b: Roaring Moon|ability: Protosynthesis\n|-start|p2b: Roaring Moon|protosynthesisatk\n|turn|10\n|\n|t:|1697939029\n|move|p2b: Roaring Moon|Rock Slide|p1b: Harmacy|[spread] p1a,p1b\n|-supereffective|p1a: Weather War\n|-damage|p1a: Weather War|19\/100\n|-damage|p1b: Harmacy|46\/100\n|move|p1a: Weather War|Chilling Water|p2b: Roaring Moon\n|-resisted|p2b: Roaring Moon\n|-damage|p2b: Roaring Moon|98\/100\n|-unboost|p2b: Roaring Moon|atk|1\n|move|p1b: Harmacy|Copycat|p1b: Harmacy\n|move|p1b: Harmacy|Chilling Water|p2b: Roaring Moon|[from]move: Copycat\n|-resisted|p2b: Roaring Moon\n|-damage|p2b: Roaring Moon|95\/100\n|-unboost|p2b: Roaring Moon|atk|1\n|move|p2a: Klefki|Steel Beam|p1a: Weather War\n|-resisted|p1a: Weather War\n|-damage|p1a: Weather War|0 fnt\n|-damage|p2a: Klefki|0 fnt|[from] steelbeam\n|faint|p2a: Klefki\n|faint|p1a: Weather War\n|\n|-weather|SunnyDay|[upkeep]\n|-heal|p1b: Harmacy|52\/100|[from] item: Leftovers\n|upkeep\n|\n|t:|1697939042\n|switch|p1a: Cold Shoulder|Abomasnow, M, shiny|100\/100\n|-weather|Snow|[from] ability: Snow Warning|[of] p1a: Cold Shoulder\n|-end|p2b: Roaring Moon|Protosynthesis\n|turn|11\n|\n|t:|1697939046\n|move|p2b: Roaring Moon|Rock Slide|p1a: Cold Shoulder|[spread] p1b\n|-miss|p2b: Roaring Moon|p1a: Cold Shoulder\n|-damage|p1b: Harmacy|44\/100\n|move|p1a: Cold Shoulder|Leech Seed|p2b: Roaring Moon\n|-start|p2b: Roaring Moon|move: Leech Seed\n|move|p1b: Harmacy|Icy Wind|p2b: Roaring Moon\n|-supereffective|p2b: Roaring Moon\n|-damage|p2b: Roaring Moon|78\/100\n|-unboost|p2b: Roaring Moon|spe|1\n|\n|-weather|Snow|[upkeep]\n|-heal|p1b: Harmacy|50\/100|[from] item: Leftovers\n|-damage|p2b: Roaring Moon|66\/100|[from] Leech Seed|[of] p1a: Cold Shoulder\n|upkeep\n|turn|12\n|\n|t:|1697939053\n|move|p2b: Roaring Moon|Rock Slide|p1b: Harmacy|[spread] p1a,p1b\n|-supereffective|p1a: Cold Shoulder\n|-crit|p1b: Harmacy\n|-damage|p1a: Cold Shoulder|87\/100\n|-damage|p1b: Harmacy|27\/100\n|move|p1a: Cold Shoulder|Blizzard|p2b: Roaring Moon\n|-supereffective|p2b: Roaring Moon\n|-damage|p2b: Roaring Moon|14\/100\n|move|p1b: Harmacy|Wish|p1b: Harmacy\n|\n|-weather|Snow|[upkeep]\n|-heal|p1b: Harmacy|33\/100|[from] item: Leftovers\n|-damage|p2b: Roaring Moon|2\/100|[from] Leech Seed|[of] p1a: Cold Shoulder\n|-heal|p1a: Cold Shoulder|99\/100|[silent]\n|upkeep\n|turn|13\n|c|\u2606balloongrapes|gae gaym\n|\n|t:|1697939066\n|switch|p1a: ThcrThnSnkr|Tyranitar, F|54\/100\n|-weather|Sandstorm|[from] ability: Sand Stream|[of] p1a: ThcrThnSnkr\n|move|p2b: Roaring Moon|Rock Slide|p1b: Harmacy|[spread] p1a,p1b\n|-damage|p1a: ThcrThnSnkr|45\/100\n|-damage|p1b: Harmacy|24\/100\n|move|p1b: Harmacy|Copycat|p1b: Harmacy\n|move|p1b: Harmacy|Rock Slide|p2b: Roaring Moon|[from]move: Copycat\n|-damage|p2b: Roaring Moon|0 fnt\n|faint|p2b: Roaring Moon\n|-end|p2b: Roaring Moon|Protosynthesis|[silent]\n|\n|win|mikeyuwu\n|raw|mikeyuwu's rating: 1285 &rarr; <strong>1305<\/strong><br \/>(+20 for winning)\n|raw|balloongrapes's rating: 1211 &rarr; <strong>1191<\/strong><br \/>(-20 for losing)\n|l|\u2606balloongrapes\n","uploadtime":1697939093,"views":25,"p1id":"mikeyuwu","p2id":"balloongrapes","formatid":"gen9doublesou","rating":1191,"private":0,"password":""}