{"id":"gen9doublesou-1994414358","p1":"Martin80","p2":"Pingu3591","format":"[Gen 9] Doubles OU","log":"|j|\u2606Martin80\n|j|\u2606Pingu3591\n|t:|1700441244\n|gametype|doubles\n|player|p1|Martin80|steven|\n|player|p2|Pingu3591|waiter|\n|teamsize|p1|6\n|teamsize|p2|6\n|gen|9\n|tier|[Gen 9] Doubles OU\n|rule|Species Clause: Limit one of each Pok\u00e9mon\n|rule|OHKO Clause: OHKO moves are banned\n|rule|Evasion Moves Clause: Evasion moves are banned\n|rule|Gravity Sleep Clause: The combination of sleep-inducing moves with imperfect accuracy and Gravity or Gigantamax Orbeetle are banned\n|rule|Endless Battle Clause: Forcing endless battles is banned\n|rule|HP Percentage Mod: HP is shown in percentages\n|clearpoke\n|poke|p1|Iron Valiant|\n|poke|p1|Gholdengo|\n|poke|p1|Indeedee-F, F|\n|poke|p1|Armarouge, F|\n|poke|p1|Garchomp, F|\n|poke|p1|Gengar, M|\n|poke|p2|Sinistcha-Masterpiece|\n|poke|p2|Great Tusk|\n|poke|p2|Kingambit, M|\n|poke|p2|Cinderace, F|\n|poke|p2|Ogerpon-Wellspring, F|\n|poke|p2|Iron Valiant|\n|teampreview\n|\n|t:|1700441252\n|start\n|switch|p1a: Ralsei|Indeedee-F, F, shiny|100\/100\n|switch|p1b: Kris|Armarouge, F, shiny|100\/100\n|switch|p2a: Anbu|Ogerpon-Wellspring, F|100\/100\n|switch|p2b: Elon Tusk|Great Tusk|100\/100\n|-fieldstart|move: Psychic Terrain|[from] ability: Psychic Surge|[of] p1a: Ralsei\n|-enditem|p2b: Elon Tusk|Booster Energy\n|-activate|p2b: Elon Tusk|ability: Protosynthesis|[fromitem]\n|-start|p2b: Elon Tusk|protosynthesisspe\n|turn|1\n|inactive|Battle timer is ON: inactive players will automatically lose when time's up. (requested by Martin80)\n|inactive|Pingu3591 has 270 seconds left.\n|\n|t:|1700441296\n|move|p1b: Kris|Protect|p1b: Kris\n|-singleturn|p1b: Kris|Protect\n|move|p2b: Elon Tusk|Ice Spinner|p1b: Kris\n|-activate|p1b: Kris|move: Protect\n|move|p2a: Anbu|U-turn|p1a: Ralsei\n|-supereffective|p1a: Ralsei\n|-damage|p1a: Ralsei|48\/100\n|\n|t:|1700441303\n|switch|p2a: Blood Bunny|Cinderace, F|100\/100|[from] U-turn\n|move|p1a: Ralsei|Trick Room|p1a: Ralsei\n|-fieldstart|move: Trick Room|[of] p1a: Ralsei\n|\n|upkeep\n|turn|2\n|\n|t:|1700441313\n|move|p1a: Ralsei|Helping Hand|p1b: Kris\n|-singleturn|p1b: Kris|Helping Hand|[of] p1a: Ralsei\n|move|p1b: Kris|Expanding Force|p2a: Blood Bunny|[spread] p2a,p2b\n|-supereffective|p2b: Elon Tusk\n|-damage|p2a: Blood Bunny|0 fnt\n|-damage|p2b: Elon Tusk|0 fnt\n|faint|p2a: Blood Bunny\n|faint|p2b: Elon Tusk\n|-end|p2b: Elon Tusk|Protosynthesis|[silent]\n|\n|upkeep\n|c|\u2606Pingu3591|NAOO\n|\n|t:|1700441322\n|switch|p2b: Anbu|Ogerpon-Wellspring, F|100\/100\n|switch|p2a: The Juice|Sinistcha-Masterpiece, shiny|100\/100\n|turn|3\n|\n|t:|1700441332\n|switch|p2a: For the NB|Iron Valiant|100\/100\n|-enditem|p2a: For the NB|Booster Energy\n|-activate|p2a: For the NB|ability: Quark Drive|[fromitem]\n|-start|p2a: For the NB|quarkdrivespe\n|move|p1a: Ralsei|Helping Hand|p1b: Kris\n|-singleturn|p1b: Kris|Helping Hand|[of] p1a: Ralsei\n|move|p1b: Kris|Expanding Force|p2a: For the NB|[spread] p2a,p2b\n|-supereffective|p2a: For the NB\n|-damage|p2a: For the NB|0 fnt\n|-damage|p2b: Anbu|5\/100\n|faint|p2a: For the NB\n|-end|p2a: For the NB|Quark Drive|[silent]\n|move|p2b: Anbu|Ivy Cudgel|p1b: Kris|[anim] Ivy Cudgel Water\n|-supereffective|p1b: Kris\n|-enditem|p1b: Kris|Focus Sash\n|-damage|p1b: Kris|1\/100\n|\n|upkeep\n|\n|t:|1700441345\n|switch|p2a: Whitebeard|Kingambit, M|100\/100\n|-activate|p2a: Whitebeard|ability: Supreme Overlord\n|-start|p2a: Whitebeard|fallen3|[silent]\n|turn|4\n|\n|t:|1700441355\n|move|p1a: Ralsei|Follow Me|p1a: Ralsei\n|-singleturn|p1a: Ralsei|move: Follow Me\n|move|p2a: Whitebeard|Sucker Punch||[still]\n|-fail|p2a: Whitebeard\n|move|p1b: Kris|Heat Wave|p2b: Anbu|[spread] p2a,p2b\n|-supereffective|p2a: Whitebeard\n|-damage|p2a: Whitebeard|21\/100\n|-damage|p2b: Anbu|0 fnt\n|faint|p2b: Anbu\n|\n|upkeep\n|\n|t:|1700441361\n|switch|p2b: The Juice|Sinistcha-Masterpiece, shiny|100\/100\n|turn|5\n|c|\u2606Pingu3591|tmr me madreaste\n|\n|t:|1700441374\n|move|p2b: The Juice|Shadow Ball|p1b: Kris\n|-supereffective|p1b: Kris\n|-damage|p1b: Kris|0 fnt\n|faint|p1b: Kris\n|move|p2a: Whitebeard|Iron Head|p1a: Ralsei\n|-damage|p1a: Ralsei|0 fnt\n|faint|p1a: Ralsei\n|\n|-fieldend|move: Trick Room\n|-fieldend|move: Psychic Terrain\n|upkeep\n|c|\u2606Pingu3591|te voy a funar w\n|\n|t:|1700441391\n|switch|p1b: Spamton|Gholdengo, shiny|100\/100\n|switch|p1a: Queen|Iron Valiant, shiny|100\/100\n|-enditem|p1a: Queen|Booster Energy\n|-activate|p1a: Queen|ability: Quark Drive|[fromitem]\n|-start|p1a: Queen|quarkdrivespe\n|turn|6\n|\n|t:|1700441418\n|-terastallize|p1b: Spamton|Steel\n|move|p2a: Whitebeard|Sucker Punch||[still]\n|-fail|p2a: Whitebeard\n|move|p1a: Queen|Thunderbolt|p2a: Whitebeard\n|-damage|p2a: Whitebeard|0 fnt\n|faint|p2a: Whitebeard\n|-end|p2a: Whitebeard|fallen3|[silent]\n|move|p1b: Spamton|Nasty Plot|p1b: Spamton\n|-boost|p1b: Spamton|spa|2\n|move|p2b: The Juice|Strength Sap|p1a: Queen\n|-unboost|p1a: Queen|atk|1\n|\n|upkeep\n|turn|7\n|c|\u2606Martin80|es mi venganza spanky\n|\n|t:|1700441438\n|move|p1a: Queen|Calm Mind|p1a: Queen\n|-boost|p1a: Queen|spa|1\n|-boost|p1a: Queen|spd|1\n|move|p1b: Spamton|Shadow Ball|p2b: The Juice\n|-supereffective|p2b: The Juice\n|-damage|p2b: The Juice|0 fnt\n|faint|p2b: The Juice\n|-damage|p1b: Spamton|91\/100|[from] item: Life Orb\n|\n|win|Martin80\n|c|\u2606Pingu3591|naooo\n|c|\u2606Martin80|gg ez lmao\n|l|\u2606Martin80\n|c|\u2606Pingu3591|te voa funar\n|c|\u2606Pingu3591|q ggezlamo ni q nada\n|l|\u2606Pingu3591\n|j|\u2606Martin80\n|player|p1|Martin80|steven\n","uploadtime":1700441566,"views":7,"p1id":"martin80","p2id":"pingu3591","formatid":"gen9doublesou","rating":0,"private":0,"password":""}