{"id":"gen9doublesou-1998093129","p1":"asdasjn","p2":"Auhxysse","format":"[Gen 9] Doubles OU","log":"|j|\u2606asdasjn\n|j|\u2606Auhxysse\n|t:|1700890110\n|gametype|doubles\n|player|p1|asdasjn|skyla|1141\n|player|p2|Auhxysse|pokemonrangerf|1128\n|teamsize|p1|6\n|teamsize|p2|6\n|gen|9\n|tier|[Gen 9] Doubles OU\n|rated|\n|rule|Species Clause: Limit one of each Pok\u00e9mon\n|rule|OHKO Clause: OHKO moves are banned\n|rule|Evasion Moves Clause: Evasion moves are banned\n|rule|Gravity Sleep Clause: The combination of sleep-inducing moves with imperfect accuracy and Gravity or Gigantamax Orbeetle are banned\n|rule|Endless Battle Clause: Forcing endless battles is banned\n|rule|HP Percentage Mod: HP is shown in percentages\n|clearpoke\n|poke|p1|Moltres-Galar|\n|poke|p1|Tornadus, M|\n|poke|p1|Maushold|\n|poke|p1|Indeedee-F, F|\n|poke|p1|Dragonite, M|\n|poke|p1|Gholdengo|\n|poke|p2|Lucario, F|\n|poke|p2|Weavile, F|\n|poke|p2|Rotom-Fan|\n|poke|p2|Heatran, M|\n|poke|p2|Amoonguss, M|\n|poke|p2|Flutter Mane|\n|teampreview\n|\n|t:|1700890137\n|start\n|switch|p1a: Moltres|Moltres-Galar, shiny|100\/100\n|switch|p1b: Indeedee|Indeedee-F, F|100\/100\n|switch|p2a: Weavile|Weavile, F|100\/100\n|switch|p2b: Lucario|Lucario, F|100\/100\n|-ability|p2a: Weavile|Pressure\n|-fieldstart|move: Psychic Terrain|[from] ability: Psychic Surge|[of] p1b: Indeedee\n|-enditem|p1b: Indeedee|Psychic Seed\n|-boost|p1b: Indeedee|spd|1|[from] item: Psychic Seed\n|turn|1\n|inactive|Battle timer is ON: inactive players will automatically lose when time's up. (requested by Auhxysse)\n|inactive|asdasjn has 120 seconds left.\n|\n|t:|1700890224\n|move|p1b: Indeedee|Follow Me|p1b: Indeedee\n|-singleturn|p1b: Indeedee|move: Follow Me\n|move|p2a: Weavile|Beat Up|p1b: Indeedee\n|-supereffective|p1b: Indeedee\n|-damage|p1b: Indeedee|81\/100\n|-supereffective|p1b: Indeedee\n|-damage|p1b: Indeedee|65\/100\n|-supereffective|p1b: Indeedee\n|-damage|p1b: Indeedee|53\/100\n|-supereffective|p1b: Indeedee\n|-damage|p1b: Indeedee|39\/100\n|-supereffective|p1b: Indeedee\n|-damage|p1b: Indeedee|24\/100\n|-supereffective|p1b: Indeedee\n|-damage|p1b: Indeedee|13\/100\n|-hitcount|p1b: Indeedee|6\n|move|p1a: Moltres|Agility|p1a: Moltres\n|-boost|p1a: Moltres|spe|2\n|move|p2b: Lucario|Close Combat|p1b: Indeedee\n|-damage|p1b: Indeedee|0 fnt\n|-unboost|p2b: Lucario|def|1\n|-unboost|p2b: Lucario|spd|1\n|faint|p1b: Indeedee\n|\n|upkeep\n|inactive|asdasjn has 120 seconds left.\n|\n|t:|1700890266\n|switch|p1b: Maushold|Maushold|100\/100\n|turn|2\n|inactive|asdasjn has 120 seconds left.\n|\n|t:|1700890285\n|move|p1b: Maushold|Follow Me|p1b: Maushold\n|-singleturn|p1b: Maushold|move: Follow Me\n|move|p1a: Moltres|Nasty Plot|p1a: Moltres\n|-boost|p1a: Moltres|spa|2\n|move|p2a: Weavile|Beat Up|p1b: Maushold\n|-damage|p1b: Maushold|88\/100\n|-damage|p1b: Maushold|75\/100\n|-damage|p1b: Maushold|67\/100\n|-damage|p1b: Maushold|56\/100\n|-damage|p1b: Maushold|47\/100\n|-damage|p1b: Maushold|39\/100\n|-hitcount|p1b: Maushold|6\n|move|p2b: Lucario|Close Combat|p1b: Maushold\n|-supereffective|p1b: Maushold\n|-damage|p1b: Maushold|0 fnt\n|-unboost|p2b: Lucario|def|1\n|-unboost|p2b: Lucario|spd|1\n|faint|p1b: Maushold\n|\n|upkeep\n|inactive|asdasjn has 120 seconds left.\n|\n|t:|1700890311\n|switch|p1b: Tornadus|Tornadus, M|100\/100\n|turn|3\n|inactive|asdasjn has 120 seconds left.\n|\n|t:|1700890330\n|switch|p2a: Rotom|Rotom-Fan|100\/100\n|switch|p2b: Flutter Mane|Flutter Mane|100\/100\n|move|p1a: Moltres|Fiery Wrath|p2a: Rotom|[spread] p2a,p2b\n|-damage|p2a: Rotom|15\/100\n|-damage|p2b: Flutter Mane|36\/100\n|move|p1b: Tornadus|Foul Play|p2a: Rotom\n|-damage|p2a: Rotom|0 fnt\n|faint|p2a: Rotom\n|\n|upkeep\n|\n|t:|1700890343\n|switch|p2a: Heatran|Heatran, M|100\/100\n|turn|4\n|inactive|asdasjn has 120 seconds left.\n|\n|t:|1700890376\n|move|p1b: Tornadus|Taunt|p2a: Heatran\n|-activate|p2a: Heatran|move: Psychic Terrain\n|move|p1a: Moltres|Nasty Plot|p1a: Moltres\n|-boost|p1a: Moltres|spa|2\n|move|p2b: Flutter Mane|Dazzling Gleam|p1a: Moltres|[spread] p1a,p1b\n|-supereffective|p1a: Moltres\n|-damage|p1a: Moltres|43\/100\n|-damage|p1b: Tornadus|48\/100\n|-enditem|p1a: Moltres|Weakness Policy\n|-boost|p1a: Moltres|atk|2|[from] item: Weakness Policy\n|-boost|p1a: Moltres|spa|2|[from] item: Weakness Policy\n|move|p2a: Heatran|Magma Storm|p1a: Moltres|[miss]\n|-miss|p2a: Heatran|p1a: Moltres\n|\n|upkeep\n|turn|5\n|inactive|asdasjn has 120 seconds left.\n|inactive|asdasjn has 90 seconds left.\n|c|\u2606Auhxysse|COULD YOU PLAY PLS\n|\n|t:|1700890448\n|move|p1b: Tornadus|Tailwind|p1b: Tornadus\n|-sidestart|p1: asdasjn|move: Tailwind\n|move|p1a: Moltres|Fiery Wrath|p2b: Flutter Mane|[spread] p2a,p2b\n|-damage|p2a: Heatran|0 fnt\n|-damage|p2b: Flutter Mane|0 fnt\n|faint|p2a: Heatran\n|faint|p2b: Flutter Mane\n|-end|p2b: Flutter Mane|Protosynthesis|[silent]\n|\n|-fieldend|move: Psychic Terrain\n|upkeep\n|\n|t:|1700890455\n|switch|p2b: Weavile|Weavile, F|100\/100\n|switch|p2a: Lucario|Lucario, F|100\/100\n|-ability|p2b: Weavile|Pressure\n|turn|6\n|inactive|asdasjn has 90 seconds left.\n|c|\u2606Auhxysse|thank you holy shit\n|\n|t:|1700890490\n|-terastallize|p2a: Lucario|Normal\n|move|p2a: Lucario|Extreme Speed|p1a: Moltres\n|-damage|p1a: Moltres|4\/100\n|move|p1a: Moltres|Fiery Wrath|p2b: Weavile|[spread] p2a,p2b\n|-resisted|p2b: Weavile\n|-damage|p2a: Lucario|0 fnt\n|-damage|p2b: Weavile|5\/100\n|faint|p2a: Lucario\n|move|p1b: Tornadus|Bleakwind Storm|p2b: Weavile\n|-damage|p2b: Weavile|0 fnt\n|faint|p2b: Weavile\n|\n|upkeep\n|inactive|Auhxysse has 120 seconds left.\n|\n|t:|1700890504\n|switch|p2b: Amoonguss|Amoonguss, M|100\/100\n|turn|7\n|inactive|asdasjn has 90 seconds left.\n|inactive|Auhxysse has 120 seconds left.\n|inactive|Auhxysse has 90 seconds left.\n|c|\u2606asdasjn|COULD YOU PLAY PLS\n|c|\u2606Auhxysse|i''m thinking\n|c|\u2606Auhxysse|as you did for 10 mins\n|inactive|Auhxysse has 60 seconds left.\n|inactive|Auhxysse has 30 seconds left.\n|inactive|Auhxysse has 20 seconds left.\n|inactive|Auhxysse has 15 seconds left.\n|inactive|Auhxysse has 10 seconds left.\n|inactive|Auhxysse has 5 seconds left.\n|\n|t:|1700890647\n|-terastallize|p1a: Moltres|Flying\n|move|p1b: Tornadus|Taunt|p2b: Amoonguss\n|-start|p2b: Amoonguss|move: Taunt\n|move|p1a: Moltres|Tera Blast|p2b: Amoonguss|[anim] Tera Blast Flying\n|-supereffective|p2b: Amoonguss\n|-damage|p2b: Amoonguss|0 fnt\n|faint|p2b: Amoonguss\n|\n|win|asdasjn\n|inactive|Auhxysse has 10 seconds left this turn.\n|raw|asdasjn's rating: 1141 &rarr; <strong>1165<\/strong><br \/>(+24 for winning)\n|raw|Auhxysse's rating: 1128 &rarr; <strong>1104<\/strong><br \/>(-24 for losing)\n|c|\u2606asdasjn|thank you holy shit\n|c|\u2606Auhxysse|Uninstall life\n|l|\u2606Auhxysse\n|c|\u2606asdasjn|yeah\n","uploadtime":1700890679,"views":4,"p1id":"asdasjn","p2id":"auhxysse","formatid":"gen9doublesou","rating":1104,"private":0,"password":""}