{"id":"gen9doublesou-1982809179","p1":"frostysamuri","p2":"Sirbluedragon","format":"[Gen 9] Doubles OU","log":"|j|\u2606frostysamuri\n|j|\u2606Sirbluedragon\n|t:|1699046998\n|gametype|doubles\n|player|p1|frostysamuri|265|1157\n|player|p2|Sirbluedragon|ingo|1000\n|teamsize|p1|6\n|teamsize|p2|6\n|gen|9\n|tier|[Gen 9] Doubles OU\n|rated|\n|rule|Species Clause: Limit one of each Pok\u00e9mon\n|rule|OHKO Clause: OHKO moves are banned\n|rule|Evasion Moves Clause: Evasion moves are banned\n|rule|Gravity Sleep Clause: The combination of sleep-inducing moves with imperfect accuracy and Gravity or Gigantamax Orbeetle are banned\n|rule|Endless Battle Clause: Forcing endless battles is banned\n|rule|HP Percentage Mod: HP is shown in percentages\n|clearpoke\n|poke|p1|Clodsire, M|\n|poke|p1|Corviknight, F|\n|poke|p1|Skeledirge, M|\n|poke|p1|Ogerpon-Wellspring, F|\n|poke|p1|Chien-Pao|\n|poke|p1|Baxcalibur, F|\n|poke|p2|Amoonguss, M|\n|poke|p2|Farigiraf, F|\n|poke|p2|Glimmora, M|\n|poke|p2|Palafin, M|\n|poke|p2|Chien-Pao|\n|poke|p2|Landorus-Therian, M|\n|teampreview\n|\n|t:|1699047003\n|start\n|switch|p1a: Clodsire|Clodsire, M|100\/100\n|switch|p1b: Corviknight|Corviknight, F|100\/100\n|switch|p2a: Mycelium|Amoonguss, M, shiny|100\/100\n|switch|p2b: Spikes|Glimmora, M|100\/100\n|-item|p2b: Spikes|Air Balloon\n|turn|1\n|\n|t:|1699047022\n|-terastallize|p2a: Mycelium|Water\n|move|p2b: Spikes|Stealth Rock|p1b: Corviknight\n|-sidestart|p1: frostysamuri|move: Stealth Rock\n|move|p1b: Corviknight|Drill Peck|p2a: Mycelium\n|-damage|p2a: Mycelium|82\/100\n|move|p2a: Mycelium|Spore|p1a: Clodsire\n|-status|p1a: Clodsire|slp|[from] move: Spore\n|cant|p1a: Clodsire|slp\n|\n|upkeep\n|turn|2\n|\n|t:|1699047041\n|switch|p1b: Ogerpon|Ogerpon-Wellspring, F|100\/100\n|-damage|p1b: Ogerpon|88\/100|[from] Stealth Rock\n|move|p2b: Spikes|Spikes|p1b: Ogerpon\n|-sidestart|p1: frostysamuri|Spikes\n|move|p2a: Mycelium|Pollen Puff|p1a: Clodsire\n|-resisted|p1a: Clodsire\n|-damage|p1a: Clodsire|96\/100 slp\n|-curestatus|p1a: Clodsire|slp|[msg]\n|move|p1a: Clodsire|Earthquake|p2b: Spikes|[spread] p1b,p2a\n|-immune|p2b: Spikes\n|-resisted|p1b: Ogerpon\n|-damage|p1b: Ogerpon|74\/100\n|-damage|p2a: Mycelium|66\/100\n|\n|-heal|p1a: Clodsire|100\/100|[from] item: Leftovers\n|upkeep\n|turn|3\n|\n|t:|1699047066\n|move|p2a: Mycelium|Rage Powder|p2a: Mycelium\n|-singleturn|p2a: Mycelium|move: Rage Powder\n|move|p1b: Ogerpon|Ivy Cudgel|p2b: Spikes\n|-supereffective|p2b: Spikes\n|-damage|p2b: Spikes|0 fnt\n|-activate|p2b: Spikes|ability: Toxic Debris\n|-sidestart|p1: frostysamuri|move: Toxic Spikes\n|-enditem|p2b: Spikes|Air Balloon\n|faint|p2b: Spikes\n|move|p1a: Clodsire|Gunk Shot|p2a: Mycelium\n|-damage|p2a: Mycelium|41\/100\n|-status|p2a: Mycelium|psn\n|-enditem|p2a: Mycelium|Sitrus Berry|[eat]\n|-heal|p2a: Mycelium|66\/100 psn|[from] item: Sitrus Berry\n|\n|-damage|p2a: Mycelium|53\/100 psn|[from] psn\n|upkeep\n|\n|t:|1699047086\n|switch|p2b: All Might|Palafin, M, shiny|100\/100\n|turn|4\n|\n|t:|1699047099\n|move|p1b: Ogerpon|Horn Leech|p2a: Mycelium\n|-supereffective|p2a: Mycelium\n|-damage|p2a: Mycelium|0 fnt\n|-heal|p1b: Ogerpon|100\/100|[from] drain|[of] p2a: Mycelium\n|faint|p2a: Mycelium\n|move|p2b: All Might|Flip Turn|p1a: Clodsire\n|-immune|p1a: Clodsire|[from] ability: Water Absorb\n|move|p1a: Clodsire|Gunk Shot|p2b: All Might\n|-damage|p2b: All Might|60\/100\n|\n|upkeep\n|\n|t:|1699047115\n|switch|p2a: Chien-Pao|Chien-Pao|100\/100\n|-ability|p2a: Chien-Pao|Sword of Ruin\n|turn|5\n|\n|t:|1699047129\n|detailschange|p2b: All Might|Palafin-Hero, M, shiny\n|switch|p2b: Landorus|Landorus-Therian, M|100\/100\n|-ability|p2b: Landorus|Intimidate|boost\n|-unboost|p1a: Clodsire|atk|1\n|-unboost|p1b: Ogerpon|atk|1\n|move|p2a: Chien-Pao|Ice Spinner|p1a: Clodsire\n|-supereffective|p1a: Clodsire\n|-damage|p1a: Clodsire|0 fnt\n|faint|p1a: Clodsire\n|-damage|p2a: Chien-Pao|91\/100|[from] item: Life Orb\n|move|p1b: Ogerpon|Play Rough|p2a: Chien-Pao\n|-supereffective|p2a: Chien-Pao\n|-damage|p2a: Chien-Pao|27\/100\n|\n|upkeep\n|\n|t:|1699047143\n|switch|p1a: Baxcalibur|Baxcalibur, F|100\/100\n|-damage|p1a: Baxcalibur|76\/100|[from] Stealth Rock\n|-damage|p1a: Baxcalibur|63\/100|[from] Spikes\n|-status|p1a: Baxcalibur|psn\n|turn|6\n|\n|t:|1699047173\n|move|p2a: Chien-Pao|Protect|p2a: Chien-Pao\n|-singleturn|p2a: Chien-Pao|Protect\n|move|p1b: Ogerpon|Spiky Shield|p1b: Ogerpon\n|-singleturn|p1b: Ogerpon|move: Protect\n|move|p1a: Baxcalibur|Glaive Rush|p2b: Landorus\n|-damage|p2b: Landorus|15\/100\n|-singlemove|p1a: Baxcalibur|Glaive Rush|[silent]\n|-enditem|p2b: Landorus|Sitrus Berry|[eat]\n|-heal|p2b: Landorus|40\/100|[from] item: Sitrus Berry\n|move|p2b: Landorus|U-turn|p1b: Ogerpon\n|-activate|p1b: Ogerpon|move: Protect\n|-damage|p2b: Landorus|27\/100|[from] Spiky Shield|[of] p1b: Ogerpon\n|\n|-damage|p1a: Baxcalibur|51\/100 psn|[from] psn\n|upkeep\n|turn|7\n|\n|t:|1699047196\n|move|p1a: Baxcalibur|Protect|p1a: Baxcalibur\n|-singleturn|p1a: Baxcalibur|Protect\n|move|p2a: Chien-Pao|Sucker Punch|p1b: Ogerpon\n|-damage|p1b: Ogerpon|14\/100\n|-damage|p2a: Chien-Pao|17\/100|[from] item: Life Orb\n|move|p1b: Ogerpon|Ivy Cudgel|p2b: Landorus\n|-supereffective|p2b: Landorus\n|-damage|p2b: Landorus|0 fnt\n|faint|p2b: Landorus\n|\n|-damage|p1a: Baxcalibur|39\/100 psn|[from] psn\n|upkeep\n|\n|t:|1699047208\n|switch|p2b: All Might|Palafin-Hero, M, shiny|60\/100\n|-activate|p2b: All Might|ability: Zero to Hero\n|turn|8\n|\n|t:|1699047221\n|move|p2a: Chien-Pao|Protect|p2a: Chien-Pao\n|-singleturn|p2a: Chien-Pao|Protect\n|move|p1b: Ogerpon|Horn Leech|p2b: All Might\n|-supereffective|p2b: All Might\n|-damage|p2b: All Might|0 fnt\n|-heal|p1b: Ogerpon|51\/100|[from] drain|[of] p2b: All Might\n|faint|p2b: All Might\n|move|p1a: Baxcalibur|Glaive Rush|p2a: Chien-Pao\n|-activate|p2a: Chien-Pao|move: Protect\n|\n|-damage|p1a: Baxcalibur|26\/100 psn|[from] psn\n|upkeep\n|\n|t:|1699047232\n|switch|p2b: Chain Chomp|Farigiraf, F|100\/100\n|turn|9\n|\n|t:|1699047244\n|move|p2a: Chien-Pao|Sucker Punch|p1b: Ogerpon\n|-damage|p1b: Ogerpon|0 fnt\n|faint|p1b: Ogerpon\n|-damage|p2a: Chien-Pao|7\/100|[from] item: Life Orb\n|move|p1a: Baxcalibur|Glaive Rush|p2b: Chain Chomp\n|-damage|p2b: Chain Chomp|0 fnt\n|-singlemove|p1a: Baxcalibur|Glaive Rush|[silent]\n|faint|p2b: Chain Chomp\n|\n|-damage|p1a: Baxcalibur|14\/100 psn|[from] psn\n|upkeep\n|\n|t:|1699047254\n|switch|p1b: Corviknight|Corviknight, F|100\/100\n|-damage|p1b: Corviknight|88\/100|[from] Stealth Rock\n|turn|10\n|\n|t:|1699047262\n|move|p2a: Chien-Pao|Sacred Sword|p1a: Baxcalibur\n|-supereffective|p1a: Baxcalibur\n|-damage|p1a: Baxcalibur|0 fnt\n|faint|p1a: Baxcalibur\n|-damage|p2a: Chien-Pao|0 fnt|[from] item: Life Orb\n|faint|p2a: Chien-Pao\n|\n|win|frostysamuri\n|raw|frostysamuri's rating: 1157 &rarr; <strong>1171<\/strong><br \/>(+14 for winning)\n|raw|Sirbluedragon's rating: 1000 &rarr; <strong>1000<\/strong><br \/>(+0 for losing)\n|l|\u2606Sirbluedragon\n","uploadtime":1699047272,"views":44,"p1id":"frostysamuri","p2id":"sirbluedragon","formatid":"gen9doublesou","rating":1000,"private":0,"password":""}