{"id":"gen9doublesou-1978335919","p1":"Kmaron_pistola","p2":"PhasersToStun","format":"[Gen 9] Doubles OU","log":"|j|\u2606Kmaron_pistola\n|j|\u2606PhasersToStun\n|t:|1698526506\n|gametype|doubles\n|player|p1|Kmaron_pistola|youngster-gen4dp|1078\n|player|p2|PhasersToStun|brycenman|1114\n|teamsize|p1|6\n|teamsize|p2|6\n|gen|9\n|tier|[Gen 9] Doubles OU\n|rated|\n|rule|Species Clause: Limit one of each Pok\u00e9mon\n|rule|OHKO Clause: OHKO moves are banned\n|rule|Evasion Moves Clause: Evasion moves are banned\n|rule|Gravity Sleep Clause: The combination of sleep-inducing moves with imperfect accuracy and Gravity or Gigantamax Orbeetle are banned\n|rule|Endless Battle Clause: Forcing endless battles is banned\n|rule|HP Percentage Mod: HP is shown in percentages\n|clearpoke\n|poke|p1|Passimian, M|\n|poke|p1|Palossand, M|\n|poke|p1|Bergmite, F|\n|poke|p1|Psyduck, F|\n|poke|p1|Chansey, F|\n|poke|p1|Sandy Shocks|\n|poke|p2|Zoroark-Hisui, M|\n|poke|p2|Pelipper, F|\n|poke|p2|Roaring Moon|\n|poke|p2|Barraskewda, F|\n|poke|p2|Articuno-Galar|\n|poke|p2|Stantler, M|\n|teampreview\n|inactive|Battle timer is ON: inactive players will automatically lose when time's up. (requested by Kmaron_pistola)\n|\n|t:|1698526528\n|start\n|switch|p1a: Chansey|Chansey, F, shiny|100\/100\n|switch|p1b: Bergmite|Bergmite, F, shiny|100\/100\n|switch|p2a: Pelipper|Pelipper, F|100\/100\n|switch|p2b: Barraskewda|Barraskewda, F|100\/100\n|-weather|RainDance|[from] ability: Drizzle|[of] p2a: Pelipper\n|turn|1\n|inactive|Kmaron_pistola has 120 seconds left.\n|\n|t:|1698526582\n|move|p2b: Barraskewda|Nasty Plot|p2b: Barraskewda\n|-boost|p2b: Barraskewda|spa|2\n|move|p2a: Pelipper|Tailwind|p2a: Pelipper\n|-sidestart|p2: PhasersToStun|move: Tailwind\n|move|p1a: Chansey|Thunder Wave|p2b: Barraskewda\n|-status|p2b: Barraskewda|par\n|move|p1b: Bergmite|Icy Wind|p2b: Barraskewda|[spread] p2a,p2b\n|-damage|p2a: Pelipper|92\/100\n|-damage|p2b: Barraskewda|89\/100 par\n|-unboost|p2a: Pelipper|spe|1\n|-unboost|p2b: Barraskewda|spe|1\n|replace|p2b: Zoroark|Zoroark-Hisui, M\n|-end|p2b: Zoroark|Illusion\n|\n|-weather|RainDance|[upkeep]\n|upkeep\n|turn|2\n|inactive|Kmaron_pistola has 120 seconds left.\n|inactive|PhasersToStun has 120 seconds left.\n|\n|t:|1698526617\n|move|p2a: Pelipper|Helping Hand|p2b: Zoroark\n|-singleturn|p2b: Zoroark|Helping Hand|[of] p2a: Pelipper\n|move|p2b: Zoroark|Hyper Voice|p1b: Bergmite|[spread] p1a,p1b\n|-damage|p1a: Chansey|75\/100\n|-ability|p1b: Bergmite|Sturdy\n|-damage|p1b: Bergmite|1\/100\n|move|p1a: Chansey|Thunder Wave|p2a: Pelipper\n|-status|p2a: Pelipper|par\n|move|p1b: Bergmite|Icy Wind|p2b: Zoroark|[spread] p2a,p2b\n|-crit|p2b: Zoroark\n|-damage|p2a: Pelipper|84\/100 par\n|-damage|p2b: Zoroark|70\/100 par\n|-unboost|p2a: Pelipper|spe|1\n|-unboost|p2b: Zoroark|spe|1\n|\n|-weather|RainDance|[upkeep]\n|upkeep\n|turn|3\n|inactive|Kmaron_pistola has 120 seconds left.\n|inactive|PhasersToStun has 120 seconds left.\n|-enditem|p1b: Bergmite|Custap Berry|[eat]\n|-activate|p1b: Bergmite|item: Custap Berry|[consumed]\n|\n|t:|1698526665\n|move|p2b: Zoroark|Hyper Voice|p1a: Chansey|[spread] p1a,p1b\n|-damage|p1a: Chansey|57\/100\n|-damage|p1b: Bergmite|0 fnt\n|faint|p1b: Bergmite\n|move|p1a: Chansey|Seismic Toss|p2b: Zoroark\n|-immune|p2b: Zoroark\n|move|p2a: Pelipper|Hurricane|p1a: Chansey\n|-damage|p1a: Chansey|46\/100\n|-heal|p2a: Pelipper|87\/100 par|[from] item: Shell Bell|[of] p1a: Chansey\n|\n|-weather|RainDance|[upkeep]\n|upkeep\n|inactive|Kmaron_pistola has 90 seconds left.\n|\n|t:|1698526678\n|switch|p1b: Psyduck|Psyduck, F, shiny|100\/100\n|-ability|p1b: Psyduck|Cloud Nine\n|turn|4\n|inactive|PhasersToStun has 120 seconds left.\n|\n|t:|1698526698\n|-terastallize|p2b: Zoroark|Normal\n|move|p2a: Pelipper|Helping Hand|p2b: Zoroark\n|-singleturn|p2b: Zoroark|Helping Hand|[of] p2a: Pelipper\n|move|p2b: Zoroark|Hyper Voice|p1b: Psyduck|[spread] p1a,p1b\n|-damage|p1a: Chansey|11\/100\n|-damage|p1b: Psyduck|0 fnt\n|faint|p1b: Psyduck\n|move|p1a: Chansey|Soft-Boiled|p1a: Chansey\n|-heal|p1a: Chansey|61\/100\n|\n|-weather|RainDance|[upkeep]\n|-sideend|p2: PhasersToStun|move: Tailwind\n|upkeep\n|\n|t:|1698526712\n|switch|p1b: Sandy Shocks|Sandy Shocks, shiny|100\/100\n|-enditem|p1b: Sandy Shocks|Booster Energy\n|-activate|p1b: Sandy Shocks|ability: Protosynthesis|[fromitem]\n|-start|p1b: Sandy Shocks|protosynthesisspa\n|turn|5\n|inactive|Kmaron_pistola has 120 seconds left.\n|\n|t:|1698526726\n|move|p2a: Pelipper|Helping Hand|p2b: Zoroark\n|-singleturn|p2b: Zoroark|Helping Hand|[of] p2a: Pelipper\n|move|p1b: Sandy Shocks|Discharge|p2b: Zoroark|[spread] p1a,p2a,p2b\n|-supereffective|p2a: Pelipper\n|-damage|p1a: Chansey|52\/100\n|-damage|p2a: Pelipper|0 fnt\n|-damage|p2b: Zoroark|0 fnt\n|faint|p2a: Pelipper\n|faint|p2b: Zoroark\n|move|p1a: Chansey|Soft-Boiled|p1a: Chansey\n|-heal|p1a: Chansey|100\/100\n|\n|-weather|none\n|upkeep\n|inactive|PhasersToStun has 120 seconds left.\n|inactive|PhasersToStun has 90 seconds left.\n|\n|t:|1698526776\n|switch|p2b: Articuno|Articuno-Galar|100\/100\n|switch|p2a: Stantler|Stantler, M|100\/100\n|-ability|p2a: Stantler|Intimidate|boost\n|-unboost|p1a: Chansey|atk|1\n|-unboost|p1b: Sandy Shocks|atk|1\n|turn|6\n|inactive|PhasersToStun has 90 seconds left.\n|inactive|PhasersToStun has 60 seconds left.\n|\n|t:|1698526843\n|switch|p1a: Palossand|Palossand, M, shiny|100\/100\n|move|p2b: Articuno|Calm Mind|p2b: Articuno\n|-boost|p2b: Articuno|spa|1\n|-boost|p2b: Articuno|spd|1\n|move|p1b: Sandy Shocks|Discharge|p2a: Stantler|[spread] p2a,p2b\n|-immune|p1a: Palossand\n|-supereffective|p2b: Articuno\n|-damage|p2a: Stantler|70\/100\n|-damage|p2b: Articuno|44\/100\n|move|p2a: Stantler|Skill Swap|p1a: Palossand\n|-activate|p2a: Stantler|move: Skill Swap|Water Compaction|Intimidate|[of] p1a: Palossand\n|-ability|p1a: Palossand|Intimidate|boost\n|-unboost|p2a: Stantler|atk|1\n|-unboost|p2b: Articuno|atk|1\n|-ability|p2b: Articuno|Competitive|boost\n|-boost|p2b: Articuno|spa|2\n|-enditem|p2b: Articuno|Adrenaline Orb\n|-boost|p2b: Articuno|spe|1|[from] item: Adrenaline Orb\n|\n|upkeep\n|turn|7\n|inactive|PhasersToStun has 60 seconds left.\n|\n|t:|1698526867\n|move|p2a: Stantler|Helping Hand|p2b: Articuno\n|-singleturn|p2b: Articuno|Helping Hand|[of] p2a: Stantler\n|move|p2b: Articuno|Stored Power|p1b: Sandy Shocks\n|-damage|p1b: Sandy Shocks|0 fnt\n|faint|p1b: Sandy Shocks\n|-end|p1b: Sandy Shocks|Protosynthesis|[silent]\n|move|p1a: Palossand|Stockpile|p1a: Palossand\n|-start|p1a: Palossand|stockpile1\n|-boost|p1a: Palossand|def|1\n|-boost|p1a: Palossand|spd|1\n|\n|upkeep\n|inactive|Kmaron_pistola has 120 seconds left.\n|\n|t:|1698526886\n|switch|p1b: Chansey|Chansey, F, shiny|100\/100\n|turn|8\n|\n|t:|1698526905\n|switch|p1b: Passimian|Passimian, M, shiny|100\/100\n|move|p2a: Stantler|Helping Hand|p2b: Articuno\n|-singleturn|p2b: Articuno|Helping Hand|[of] p2a: Stantler\n|move|p2b: Articuno|Stored Power|p1a: Palossand\n|-damage|p1a: Palossand|0 fnt\n|faint|p1a: Palossand\n|\n|upkeep\n|\n|t:|1698526913\n|switch|p1a: Chansey|Chansey, F, shiny|100\/100\n|turn|9\n|\n|t:|1698526923\n|move|p2a: Stantler|Helping Hand|p2b: Articuno\n|-singleturn|p2b: Articuno|Helping Hand|[of] p2a: Stantler\n|move|p2b: Articuno|Air Cutter|p1b: Passimian|[spread] p1a,p1b\n|-supereffective|p1b: Passimian\n|-damage|p1a: Chansey|80\/100\n|-damage|p1b: Passimian|0 fnt\n|faint|p1b: Passimian\n|move|p1a: Chansey|Thunder Wave|p2b: Articuno|[miss]\n|-miss|p1a: Chansey|p2b: Articuno\n|\n|upkeep\n|turn|10\n|-message|Kmaron_pistola forfeited.\n|\n|win|PhasersToStun\n|raw|Kmaron_pistola's rating: 1078 &rarr; <strong>1059<\/strong><br \/>(-19 for losing)\n|raw|PhasersToStun's rating: 1114 &rarr; <strong>1136<\/strong><br \/>(+22 for winning)\n|l|\u2606Kmaron_pistola\n","uploadtime":1698526935,"views":25,"p1id":"kmaronpistola","p2id":"phaserstostun","formatid":"gen9doublesou","rating":1059,"private":0,"password":""}