{"id":"gen9doublesou-1992524407","p1":"OPieceOfHeroGhost","p2":"c9c.store","format":"[Gen 9] Doubles OU","log":"|j|\u2606OPieceOfHeroGhost\n|j|\u2606c9c.store\n|t:|1700199398\n|gametype|doubles\n|player|p1|OPieceOfHeroGhost|morty|1522\n|player|p2|c9c.store|102|1534\n|teamsize|p1|6\n|teamsize|p2|6\n|gen|9\n|tier|[Gen 9] Doubles OU\n|rated|\n|rule|Species Clause: Limit one of each Pok\u00e9mon\n|rule|OHKO Clause: OHKO moves are banned\n|rule|Evasion Moves Clause: Evasion moves are banned\n|rule|Gravity Sleep Clause: The combination of sleep-inducing moves with imperfect accuracy and Gravity or Gigantamax Orbeetle are banned\n|rule|Endless Battle Clause: Forcing endless battles is banned\n|rule|HP Percentage Mod: HP is shown in percentages\n|clearpoke\n|poke|p1|Indeedee-F, F|\n|poke|p1|Armarouge, M|\n|poke|p1|Chien-Pao|\n|poke|p1|Arcanine-Hisui, F|\n|poke|p1|Iron Hands|\n|poke|p1|Amoonguss, F|\n|poke|p2|Indeedee-F, F|\n|poke|p2|Lilligant-Hisui, F|\n|poke|p2|Torkoal, M|\n|poke|p2|Ursaluna, F|\n|poke|p2|Hatterene, F|\n|poke|p2|Iron Hands|\n|teampreview\n|\n|t:|1700199431\n|start\n|switch|p1a: \u80cc\u5f71\u6700\u5e05\u7684\u7834\u58f3\u68a6|Amoonguss, F|100\/100\n|switch|p1b: Chien-Pao|Chien-Pao|100\/100\n|switch|p2a: Iron Hands|Iron Hands|100\/100\n|switch|p2b: Hatterene|Hatterene, F|100\/100\n|-ability|p1b: Chien-Pao|Sword of Ruin\n|turn|1\n|\n|t:|1700199450\n|move|p1b: Chien-Pao|Protect|p1b: Chien-Pao\n|-singleturn|p1b: Chien-Pao|Protect\n|move|p2a: Iron Hands|Fake Out|p1b: Chien-Pao\n|-activate|p1b: Chien-Pao|move: Protect\n|move|p2b: Hatterene|Psychic|p1a: \u80cc\u5f71\u6700\u5e05\u7684\u7834\u58f3\u68a6\n|-supereffective|p1a: \u80cc\u5f71\u6700\u5e05\u7684\u7834\u58f3\u68a6\n|-damage|p1a: \u80cc\u5f71\u6700\u5e05\u7684\u7834\u58f3\u68a6|6\/100\n|-enditem|p1a: \u80cc\u5f71\u6700\u5e05\u7684\u7834\u58f3\u68a6|Sitrus Berry|[eat]\n|-heal|p1a: \u80cc\u5f71\u6700\u5e05\u7684\u7834\u58f3\u68a6|31\/100|[from] item: Sitrus Berry\n|move|p1a: \u80cc\u5f71\u6700\u5e05\u7684\u7834\u58f3\u68a6|Spore|p2a: Iron Hands\n|-status|p2a: Iron Hands|slp|[from] move: Spore\n|\n|upkeep\n|turn|2\n|\n|t:|1700199476\n|-end|p2a: Iron Hands|Quark Drive|[silent]\n|switch|p2a: Indeedee|Indeedee-F, F|100\/100\n|-fieldstart|move: Psychic Terrain|[from] ability: Psychic Surge|[of] p2a: Indeedee\n|switch|p1a: Armarouge|Armarouge, M|100\/100\n|move|p1b: Chien-Pao|Throat Chop|p2b: Hatterene\n|-damage|p2b: Hatterene|41\/100\n|-start|p2b: Hatterene|Throat Chop|[silent]\n|move|p2b: Hatterene|Trick Room|p2b: Hatterene\n|-fieldstart|move: Trick Room|[of] p2b: Hatterene\n|\n|upkeep\n|turn|3\n|\n|t:|1700199497\n|move|p1b: Chien-Pao|Protect|p1b: Chien-Pao\n|-singleturn|p1b: Chien-Pao|Protect\n|move|p2b: Hatterene|Psychic|p1a: Armarouge\n|-resisted|p1a: Armarouge\n|-damage|p1a: Armarouge|65\/100\n|move|p1a: Armarouge|Expanding Force|p2b: Hatterene|[spread] p2a,p2b\n|-resisted|p2a: Indeedee\n|-resisted|p2b: Hatterene\n|-damage|p2a: Indeedee|61\/100\n|-damage|p2b: Hatterene|0 fnt\n|faint|p2b: Hatterene\n|-damage|p1a: Armarouge|55\/100|[from] item: Life Orb\n|move|p2a: Indeedee|Psychic|p1a: Armarouge\n|-resisted|p1a: Armarouge\n|-damage|p1a: Armarouge|35\/100\n|\n|upkeep\n|\n|t:|1700199508\n|switch|p2b: Ursaluna|Ursaluna, F|100\/100\n|turn|4\n|\n|t:|1700199533\n|switch|p1a: Arcanine|Arcanine-Hisui, F|100\/100\n|-ability|p1a: Arcanine|Intimidate|boost\n|-unboost|p2a: Indeedee|atk|1\n|-unboost|p2b: Ursaluna|atk|1\n|switch|p2a: Torkoal|Torkoal, M|100\/100\n|-weather|SunnyDay|[from] ability: Drought|[of] p2a: Torkoal\n|move|p2b: Ursaluna|Rock Slide|p1a: Arcanine|[spread] p1a,p1b\n|-supereffective|p1a: Arcanine\n|-supereffective|p1b: Chien-Pao\n|-damage|p1a: Arcanine|54\/100\n|-damage|p1b: Chien-Pao|59\/100\n|move|p1b: Chien-Pao|Throat Chop|p2a: Torkoal\n|-damage|p2a: Torkoal|61\/100\n|-start|p2a: Torkoal|Throat Chop|[silent]\n|\n|-weather|SunnyDay|[upkeep]\n|-status|p2b: Ursaluna|brn|[from] item: Flame Orb\n|upkeep\n|turn|5\n|\n|t:|1700199575\n|switch|p2b: Iron Hands|Iron Hands|100\/100 slp\n|move|p1b: Chien-Pao|Protect|p1b: Chien-Pao\n|-singleturn|p1b: Chien-Pao|Protect\n|move|p2a: Torkoal|Earth Power|p1a: Arcanine\n|-supereffective|p1a: Arcanine\n|-damage|p1a: Arcanine|0 fnt\n|faint|p1a: Arcanine\n|\n|-weather|SunnyDay|[upkeep]\n|-end|p2a: Torkoal|Throat Chop|[silent]\n|upkeep\n|\n|t:|1700199590\n|switch|p1a: \u80cc\u5f71\u6700\u5e05\u7684\u7834\u58f3\u68a6|Amoonguss, F|64\/100\n|turn|6\n|\n|t:|1700199619\n|switch|p1b: Armarouge|Armarouge, M|35\/100\n|-terastallize|p1a: \u80cc\u5f71\u6700\u5e05\u7684\u7834\u58f3\u68a6|Fire\n|move|p2a: Torkoal|Protect|p2a: Torkoal\n|-singleturn|p2a: Torkoal|Protect\n|move|p1a: \u80cc\u5f71\u6700\u5e05\u7684\u7834\u58f3\u68a6|Spore|p2a: Torkoal\n|-activate|p2a: Torkoal|move: Protect\n|cant|p2b: Iron Hands|slp\n|\n|-weather|SunnyDay|[upkeep]\n|-fieldend|move: Trick Room\n|upkeep\n|turn|7\n|\n|t:|1700199639\n|move|p1b: Armarouge|Expanding Force|p2b: Iron Hands|[spread] p2a,p2b\n|-supereffective|p2b: Iron Hands\n|-damage|p2a: Torkoal|0 fnt\n|-damage|p2b: Iron Hands|0 fnt\n|faint|p2a: Torkoal\n|faint|p2b: Iron Hands\n|-end|p2b: Iron Hands|Quark Drive|[silent]\n|-damage|p1b: Armarouge|26\/100|[from] item: Life Orb\n|move|p1a: \u80cc\u5f71\u6700\u5e05\u7684\u7834\u58f3\u68a6|Pollen Puff|p1b: Armarouge\n|-heal|p1b: Armarouge|76\/100\n|\n|-weather|SunnyDay|[upkeep]\n|upkeep\n|\n|t:|1700199646\n|switch|p2b: Indeedee|Indeedee-F, F|61\/100\n|switch|p2a: Lilligant|Lilligant-Hisui, F|100\/100\n|turn|8\n|\n|t:|1700199662\n|move|p2b: Indeedee|Follow Me|p2b: Indeedee\n|-singleturn|p2b: Indeedee|move: Follow Me\n|move|p2a: Lilligant|Sleep Powder|p1b: Armarouge\n|-status|p1b: Armarouge|slp|[from] move: Sleep Powder\n|cant|p1b: Armarouge|slp\n|move|p1a: \u80cc\u5f71\u6700\u5e05\u7684\u7834\u58f3\u68a6|Pollen Puff|p2b: Indeedee\n|-supereffective|p2b: Indeedee\n|-damage|p2b: Indeedee|26\/100\n|\n|-weather|SunnyDay|[upkeep]\n|upkeep\n|turn|9\n|\n|t:|1700199681\n|move|p2a: Lilligant|Sleep Powder|p1a: \u80cc\u5f71\u6700\u5e05\u7684\u7834\u58f3\u68a6\n|-status|p1a: \u80cc\u5f71\u6700\u5e05\u7684\u7834\u58f3\u68a6|slp|[from] move: Sleep Powder\n|cant|p1b: Armarouge|slp\n|cant|p1a: \u80cc\u5f71\u6700\u5e05\u7684\u7834\u58f3\u68a6|slp\n|move|p2b: Indeedee|Trick Room|p2b: Indeedee\n|-fieldstart|move: Trick Room|[of] p2b: Indeedee\n|\n|-weather|SunnyDay|[upkeep]\n|-fieldend|move: Psychic Terrain\n|upkeep\n|turn|10\n|\n|t:|1700199696\n|switch|p2a: Ursaluna|Ursaluna, F|100\/100 brn\n|-curestatus|p1a: \u80cc\u5f71\u6700\u5e05\u7684\u7834\u58f3\u68a6|slp|[msg]\n|move|p1a: \u80cc\u5f71\u6700\u5e05\u7684\u7834\u58f3\u68a6|Sludge Bomb|p2a: Ursaluna\n|-resisted|p2a: Ursaluna\n|-damage|p2a: Ursaluna|88\/100 brn\n|-curestatus|p1b: Armarouge|slp|[msg]\n|move|p1b: Armarouge|Expanding Force|p2a: Ursaluna\n|-damage|p2a: Ursaluna|36\/100 brn\n|-damage|p1b: Armarouge|66\/100|[from] item: Life Orb\n|move|p2b: Indeedee|Psychic|p1a: \u80cc\u5f71\u6700\u5e05\u7684\u7834\u58f3\u68a6\n|-damage|p1a: \u80cc\u5f71\u6700\u5e05\u7684\u7834\u58f3\u68a6|35\/100\n|\n|-weather|SunnyDay|[upkeep]\n|-damage|p2a: Ursaluna|29\/100 brn|[from] brn\n|upkeep\n|turn|11\n|\n|t:|1700199715\n|switch|p1a: Iron Hands|Iron Hands|100\/100\n|move|p1b: Armarouge|Protect|p1b: Armarouge\n|-singleturn|p1b: Armarouge|Protect\n|move|p2b: Indeedee|Protect|p2b: Indeedee\n|-singleturn|p2b: Indeedee|Protect\n|move|p2a: Ursaluna|Earthquake|p1a: Iron Hands|[spread] p1a\n|-activate|p2b: Indeedee|move: Protect\n|-activate|p1b: Armarouge|move: Protect\n|-supereffective|p1a: Iron Hands\n|-damage|p1a: Iron Hands|14\/100\n|\n|-weather|none\n|-damage|p2a: Ursaluna|23\/100 brn|[from] brn\n|upkeep\n|turn|12\n|\n|t:|1700199739\n|move|p1a: Iron Hands|Fake Out|p2a: Ursaluna\n|-damage|p2a: Ursaluna|12\/100 brn\n|move|p2b: Indeedee|Follow Me|p2b: Indeedee\n|-singleturn|p2b: Indeedee|move: Follow Me\n|cant|p2a: Ursaluna|flinch\n|move|p1b: Armarouge|Heat Wave|p2a: Ursaluna|[spread] p2b\n|-miss|p1b: Armarouge|p2a: Ursaluna\n|-damage|p2b: Indeedee|0 fnt\n|faint|p2b: Indeedee\n|-damage|p1b: Armarouge|56\/100|[from] item: Life Orb\n|\n|-damage|p2a: Ursaluna|6\/100 brn|[from] brn\n|upkeep\n|\n|t:|1700199741\n|switch|p2b: Lilligant|Lilligant-Hisui, F|100\/100\n|turn|13\n|\n|t:|1700199762\n|move|p1a: Iron Hands|Drain Punch|p2b: Lilligant\n|-damage|p2b: Lilligant|34\/100\n|-heal|p1a: Iron Hands|33\/100|[from] drain|[of] p2b: Lilligant\n|move|p2a: Ursaluna|Earthquake|p1b: Armarouge|[spread] p2b,p1a,p1b\n|-resisted|p2b: Lilligant\n|-supereffective|p1a: Iron Hands\n|-supereffective|p1b: Armarouge\n|-damage|p2b: Lilligant|0 fnt\n|-damage|p1a: Iron Hands|0 fnt\n|-damage|p1b: Armarouge|0 fnt\n|faint|p2b: Lilligant\n|faint|p1a: Iron Hands\n|-end|p1a: Iron Hands|Quark Drive|[silent]\n|faint|p1b: Armarouge\n|\n|-damage|p2a: Ursaluna|0 fnt|[from] brn\n|faint|p2a: Ursaluna\n|\n|win|OPieceOfHeroGhost\n|upkeep\n|raw|OPieceOfHeroGhost's rating: 1522 &rarr; <strong>1543<\/strong><br \/>(+21 for winning)\n|raw|c9c.store's rating: 1534 &rarr; <strong>1513<\/strong><br \/>(-21 for losing)\n|l|\u2606c9c.store\n","uploadtime":1700199779,"views":7,"p1id":"opieceofheroghost","p2id":"c9cstore","formatid":"gen9doublesou","rating":1513,"private":0,"password":""}