{"id":"gen9doublesou-1971258950","p1":"Nuggey","p2":"MattCol","format":"[Gen 9] Doubles OU","log":"|j|\u2606Nuggey\n|j|\u2606MattCol\n|t:|1697724412\n|gametype|doubles\n|player|p1|Nuggey|cynthia|1314\n|player|p2|MattCol|crasherwake|1212\n|teamsize|p1|6\n|teamsize|p2|6\n|gen|9\n|tier|[Gen 9] Doubles OU\n|rated|\n|rule|Species Clause: Limit one of each Pok\u00e9mon\n|rule|OHKO Clause: OHKO moves are banned\n|rule|Evasion Moves Clause: Evasion moves are banned\n|rule|Gravity Sleep Clause: The combination of sleep-inducing moves with imperfect accuracy and Gravity or Gigantamax Orbeetle are banned\n|rule|Endless Battle Clause: Forcing endless battles is banned\n|rule|HP Percentage Mod: HP is shown in percentages\n|clearpoke\n|poke|p1|Ursaluna, M|\n|poke|p1|Bruxish, F|\n|poke|p1|Torkoal, F|\n|poke|p1|Indeedee-F, F|\n|poke|p1|Cresselia, F|\n|poke|p1|Hatterene, F|\n|poke|p2|Quaquaval, F|\n|poke|p2|Baxcalibur, M|\n|poke|p2|Cinderace, M|\n|poke|p2|Slowbro-Galar, F|\n|poke|p2|Zarude-Dada|\n|poke|p2|Pelipper, F|\n|teampreview\n|\n|t:|1697724417\n|start\n|switch|p1a: Bruxish|Bruxish, F|100\/100\n|switch|p1b: Hatterene|Hatterene, F|100\/100\n|switch|p2a: Cinderace|Cinderace, M|100\/100\n|switch|p2b: Slowbro|Slowbro-Galar, F|100\/100\n|turn|1\n|\n|t:|1697724434\n|move|p2a: Cinderace|U-turn|p1b: Hatterene\n|-start|p2a: Cinderace|typechange|Bug|[from] ability: Libero\n|-damage|p1b: Hatterene|62\/100\n|\n|t:|1697724438\n|switch|p2a: Pelipper|Pelipper, F|100\/100|[from] U-turn\n|-weather|RainDance|[from] ability: Drizzle|[of] p2a: Pelipper\n|move|p2b: Slowbro|Nasty Plot|p2b: Slowbro\n|-boost|p2b: Slowbro|spa|2\n|move|p1b: Hatterene|Psychic|p2a: Pelipper\n|-damage|p2a: Pelipper|42\/100\n|-enditem|p2a: Pelipper|Eject Button\n|\n|t:|1697724451\n|switch|p2a: Quaquaval|Quaquaval, F|100\/100\n|move|p1a: Bruxish|Trick Room|p1a: Bruxish\n|-fieldstart|move: Trick Room|[of] p1a: Bruxish\n|\n|-weather|RainDance|[upkeep]\n|upkeep\n|turn|2\n|\n|t:|1697724467\n|move|p1a: Bruxish|Protect|p1a: Bruxish\n|-singleturn|p1a: Bruxish|Protect\n|move|p1b: Hatterene|Misty Explosion|p2b: Slowbro|[spread] p2a,p2b\n|-activate|p1a: Bruxish|move: Protect\n|-supereffective|p2a: Quaquaval\n|-resisted|p2b: Slowbro\n|-damage|p2a: Quaquaval|0 fnt\n|-damage|p2b: Slowbro|77\/100\n|faint|p1b: Hatterene\n|faint|p2a: Quaquaval\n|move|p2b: Slowbro|Surf|p1a: Bruxish\n|-activate|p1a: Bruxish|move: Protect\n|\n|-weather|RainDance|[upkeep]\n|upkeep\n|\n|t:|1697724494\n|switch|p1b: Torkoal|Torkoal, F|100\/100\n|switch|p2a: Pelipper|Pelipper, F|42\/100\n|-weather|SunnyDay|[from] ability: Drought|[of] p1b: Torkoal\n|-weather|RainDance|[from] ability: Drizzle|[of] p2a: Pelipper\n|turn|3\n|-activate|p2b: Slowbro|ability: Quick Draw\n|\n|t:|1697724504\n|switch|p1b: Indeedee|Indeedee-F, F|100\/100\n|-fieldstart|move: Psychic Terrain|[from] ability: Psychic Surge|[of] p1b: Indeedee\n|move|p1a: Bruxish|Protect|p1a: Bruxish\n|-singleturn|p1a: Bruxish|Protect\n|move|p2a: Pelipper|Wide Guard|p2a: Pelipper\n|-singleturn|p2a: Pelipper|Wide Guard\n|move|p2b: Slowbro|Surf|p1a: Bruxish|[spread] p1b\n|-activate|p2a: Pelipper|move: Wide Guard\n|-activate|p1a: Bruxish|move: Protect\n|-damage|p1b: Indeedee|43\/100\n|-enditem|p1b: Indeedee|Eject Button\n|\n|t:|1697724519\n|switch|p1b: Torkoal|Torkoal, F|100\/100\n|-weather|SunnyDay|[from] ability: Drought|[of] p1b: Torkoal\n|\n|-weather|SunnyDay|[upkeep]\n|upkeep\n|turn|4\n|-activate|p2b: Slowbro|item: Quick Claw\n|\n|t:|1697724528\n|-terastallize|p1b: Torkoal|Fire\n|move|p2a: Pelipper|Wide Guard|p2a: Pelipper\n|-singleturn|p2a: Pelipper|Wide Guard\n|move|p1a: Bruxish|Aqua Jet|p1b: Torkoal\n|-supereffective|p1b: Torkoal\n|-damage|p1b: Torkoal|88\/100\n|-enditem|p1b: Torkoal|Weakness Policy\n|-boost|p1b: Torkoal|atk|2|[from] item: Weakness Policy\n|-boost|p1b: Torkoal|spa|2|[from] item: Weakness Policy\n|move|p2b: Slowbro|Surf|p1a: Bruxish|[spread] p1a,p1b\n|-activate|p2a: Pelipper|move: Wide Guard\n|-resisted|p1a: Bruxish\n|-supereffective|p1b: Torkoal\n|-damage|p1a: Bruxish|88\/100\n|-damage|p1b: Torkoal|31\/100\n|move|p1b: Torkoal|Eruption|p2b: Slowbro|[spread] \n|-activate|p2a: Pelipper|move: Wide Guard\n|-activate|p2b: Slowbro|move: Wide Guard\n|\n|-weather|SunnyDay|[upkeep]\n|upkeep\n|turn|5\n|-activate|p2b: Slowbro|ability: Quick Draw\n|\n|t:|1697724551\n|move|p1a: Bruxish|Protect|p1a: Bruxish\n|-singleturn|p1a: Bruxish|Protect\n|move|p2a: Pelipper|Wide Guard|p2a: Pelipper\n|-singleturn|p2a: Pelipper|Wide Guard\n|move|p2b: Slowbro|Surf|p1b: Torkoal|[spread] p1b\n|-activate|p2a: Pelipper|move: Wide Guard\n|-activate|p1a: Bruxish|move: Protect\n|-supereffective|p1b: Torkoal\n|-damage|p1b: Torkoal|0 fnt\n|faint|p1b: Torkoal\n|\n|-weather|SunnyDay|[upkeep]\n|-fieldend|move: Trick Room\n|upkeep\n|-message|Nuggey forfeited.\n|\n|win|MattCol\n|raw|Nuggey's rating: 1314 &rarr; <strong>1288<\/strong><br \/>(-26 for losing)\n|raw|MattCol's rating: 1212 &rarr; <strong>1244<\/strong><br \/>(+32 for winning)\n|l|\u2606Nuggey\n","uploadtime":1697724567,"views":19,"p1id":"nuggey","p2id":"mattcol","formatid":"gen9doublesou","rating":1244,"private":0,"password":""}