{"id":"gen9doublesou-1988022862","p1":"naeruslove","p2":"cotesmcgotes","format":"[Gen 9] Doubles OU","log":"|j|\u2606naeruslove\n|j|\u2606cotesmcgotes\n|t:|1699660245\n|gametype|doubles\n|player|p1|naeruslove|1|1330\n|player|p2|cotesmcgotes|flannery|1386\n|teamsize|p1|6\n|teamsize|p2|6\n|gen|9\n|tier|[Gen 9] Doubles OU\n|rated|\n|rule|Species Clause: Limit one of each Pok\u00e9mon\n|rule|OHKO Clause: OHKO moves are banned\n|rule|Evasion Moves Clause: Evasion moves are banned\n|rule|Gravity Sleep Clause: The combination of sleep-inducing moves with imperfect accuracy and Gravity or Gigantamax Orbeetle are banned\n|rule|Endless Battle Clause: Forcing endless battles is banned\n|rule|HP Percentage Mod: HP is shown in percentages\n|clearpoke\n|poke|p1|Glaceon, F|\n|poke|p1|Articuno|\n|poke|p1|Abomasnow, M|\n|poke|p1|Ninetales-Alola, M|\n|poke|p1|Weavile, M|\n|poke|p1|Beartic, M|\n|poke|p2|Cresselia, F|\n|poke|p2|Overqwil, M|\n|poke|p2|Tornadus, M|\n|poke|p2|Palafin, M|\n|poke|p2|Ursaluna-Bloodmoon, M|\n|poke|p2|Ogerpon-Hearthflame, F|\n|teampreview\n|inactive|Battle timer is ON: inactive players will automatically lose when time's up. (requested by cotesmcgotes)\n|\n|t:|1699660253\n|start\n|switch|p1a: Weavile|Weavile, M|100\/100\n|switch|p1b: Ninetales|Ninetales-Alola, M|100\/100\n|switch|p2a: Tornadus|Tornadus, M, shiny|100\/100\n|switch|p2b: Palafin|Palafin, M|100\/100\n|-ability|p1a: Weavile|Pressure\n|-weather|Snow|[from] ability: Snow Warning|[of] p1b: Ninetales\n|turn|1\n|\n|t:|1699660275\n|move|p1a: Weavile|Fake Out|p2a: Tornadus\n|-damage|p2a: Tornadus|85\/100\n|cant|p2a: Tornadus|flinch\n|move|p2b: Palafin|Flip Turn|p1a: Weavile\n|-damage|p1a: Weavile|77\/100\n|\n|t:|1699660284\n|detailschange|p2b: Palafin|Palafin-Hero, M\n|switch|p2b: Overqwil|Overqwil, M|100\/100|[from] Flip Turn\n|move|p1b: Ninetales|Blizzard|p2b: Overqwil|[spread] p2a,p2b\n|-supereffective|p2a: Tornadus\n|-damage|p2a: Tornadus|40\/100\n|-damage|p2b: Overqwil|59\/100\n|\n|-weather|Snow|[upkeep]\n|-heal|p2b: Overqwil|65\/100|[from] item: Black Sludge\n|upkeep\n|turn|2\n|\n|t:|1699660296\n|move|p2a: Tornadus|Rain Dance|p2a: Tornadus\n|-weather|RainDance\n|move|p2b: Overqwil|Barb Barrage|p1b: Ninetales\n|-supereffective|p1b: Ninetales\n|-damage|p1b: Ninetales|25\/100\n|-status|p1b: Ninetales|psn\n|move|p1a: Weavile|Knock Off|p2a: Tornadus\n|-damage|p2a: Tornadus|0 fnt\n|-enditem|p2a: Tornadus|Damp Rock|[from] move: Knock Off|[of] p1a: Weavile\n|faint|p2a: Tornadus\n|move|p1b: Ninetales|Aurora Veil||[still]\n|-fail|p1b: Ninetales\n|\n|-weather|RainDance|[upkeep]\n|-heal|p2b: Overqwil|71\/100|[from] item: Black Sludge\n|-damage|p1b: Ninetales|13\/100 psn|[from] psn\n|upkeep\n|\n|t:|1699660320\n|switch|p2a: Palafin|Palafin-Hero, M|100\/100\n|-activate|p2a: Palafin|ability: Zero to Hero\n|turn|3\n|\n|t:|1699660332\n|switch|p1a: Abomasnow|Abomasnow, M|100\/100\n|-weather|Snow|[from] ability: Snow Warning|[of] p1a: Abomasnow\n|move|p2a: Palafin|Jet Punch|p1b: Ninetales\n|-damage|p1b: Ninetales|0 fnt\n|faint|p1b: Ninetales\n|move|p2b: Overqwil|Toxic Spikes|p1a: Abomasnow\n|-sidestart|p1: naeruslove|move: Toxic Spikes\n|\n|-weather|Snow|[upkeep]\n|-heal|p2b: Overqwil|77\/100|[from] item: Black Sludge\n|upkeep\n|\n|t:|1699660354\n|switch|p1b: Glaceon|Glaceon, F, shiny|100\/100\n|-status|p1b: Glaceon|psn\n|turn|4\n|inactive|cotesmcgotes has 120 seconds left.\n|\n|t:|1699660385\n|switch|p2a: Cresselia|Cresselia, F, shiny|100\/100\n|move|p2b: Overqwil|Barb Barrage|p1b: Glaceon\n|-damage|p1b: Glaceon|65\/100 psn\n|move|p1a: Abomasnow|Wood Hammer|p2a: Cresselia\n|-damage|p2a: Cresselia|68\/100\n|-damage|p1a: Abomasnow|86\/100|[from] Recoil\n|move|p1b: Glaceon|Blizzard|p2a: Cresselia|[spread] p2a,p2b\n|-damage|p2a: Cresselia|27\/100\n|-damage|p2b: Overqwil|0 fnt\n|faint|p2b: Overqwil\n|\n|-weather|Snow|[upkeep]\n|-heal|p2a: Cresselia|33\/100|[from] item: Leftovers\n|-damage|p1b: Glaceon|53\/100 psn|[from] psn\n|upkeep\n|inactive|cotesmcgotes has 120 seconds left.\n|\n|t:|1699660402\n|switch|p2b: Ogerpon|Ogerpon-Hearthflame, F|100\/100\n|-ability|p2b: Ogerpon|Mold Breaker\n|turn|5\n|\n|t:|1699660414\n|-terastallize|p2b: Ogerpon|Fire\n|detailschange|p2b: Ogerpon|Ogerpon-Hearthflame-Tera, F, tera:Fire\n|-ability|p2b: Ogerpon|Embody Aspect (Hearthflame)|boost\n|-boost|p2b: Ogerpon|atk|1\n|move|p2b: Ogerpon|Ivy Cudgel|p1a: Abomasnow\n|-supereffective|p1a: Abomasnow\n|-damage|p1a: Abomasnow|0 fnt\n|faint|p1a: Abomasnow\n|move|p2a: Cresselia|Moonblast|p1b: Glaceon|[miss]\n|-miss|p2a: Cresselia|p1b: Glaceon\n|move|p1b: Glaceon|Blizzard|p2a: Cresselia|[spread] p2a,p2b\n|-resisted|p2b: Ogerpon\n|-crit|p2b: Ogerpon\n|-damage|p2a: Cresselia|0 fnt\n|-damage|p2b: Ogerpon|44\/100\n|faint|p2a: Cresselia\n|\n|-weather|Snow|[upkeep]\n|-damage|p1b: Glaceon|41\/100 psn|[from] psn\n|upkeep\n|\n|t:|1699660433\n|switch|p2a: Ursaluna|Ursaluna-Bloodmoon, M|100\/100\n|switch|p1a: Weavile|Weavile, M|77\/100\n|-status|p1a: Weavile|psn\n|-ability|p1a: Weavile|Pressure\n|turn|6\n|\n|t:|1699660442\n|move|p2b: Ogerpon|Spiky Shield|p2b: Ogerpon\n|-singleturn|p2b: Ogerpon|move: Protect\n|move|p1a: Weavile|Fake Out|p2b: Ogerpon\n|-activate|p2b: Ogerpon|move: Protect\n|-damage|p1a: Weavile|64\/100 psn|[from] Spiky Shield|[of] p2b: Ogerpon\n|move|p2a: Ursaluna|Vacuum Wave|p1a: Weavile\n|-supereffective|p1a: Weavile\n|-damage|p1a: Weavile|0 fnt\n|faint|p1a: Weavile\n|move|p1b: Glaceon|Blizzard|p2a: Ursaluna|[spread] p2a\n|-activate|p2b: Ogerpon|move: Protect\n|-supereffective|p2a: Ursaluna\n|-damage|p2a: Ursaluna|1\/100\n|\n|-weather|Snow|[upkeep]\n|-damage|p1b: Glaceon|29\/100 psn|[from] psn\n|upkeep\n|\n|t:|1699660459\n|switch|p1a: Beartic|Beartic, M|100\/100\n|-status|p1a: Beartic|psn\n|turn|7\n|\n|t:|1699660472\n|move|p2a: Ursaluna|Vacuum Wave|p1b: Glaceon\n|-supereffective|p1b: Glaceon\n|-damage|p1b: Glaceon|0 fnt\n|faint|p1b: Glaceon\n|move|p2b: Ogerpon|Ivy Cudgel|p1a: Beartic\n|-supereffective|p1a: Beartic\n|-damage|p1a: Beartic|0 fnt\n|faint|p1a: Beartic\n|\n|-weather|Snow|[upkeep]\n|upkeep\n|-message|naeruslove forfeited.\n|\n|win|cotesmcgotes\n|raw|naeruslove's rating: 1330 &rarr; <strong>1313<\/strong><br \/>(-17 for losing)\n|raw|cotesmcgotes's rating: 1386 &rarr; <strong>1403<\/strong><br \/>(+17 for winning)\n|l|\u2606naeruslove\n","uploadtime":1699660487,"views":11,"p1id":"naeruslove","p2id":"cotesmcgotes","formatid":"gen9doublesou","rating":1313,"private":0,"password":""}