{"id":"gen9doublesou-1967833527","p1":"Crocky17","p2":"Bambam823","format":"[Gen 9] Doubles OU","log":"|html|<div class=\"broadcast-blue\"><strong>[Gen 9] Doubles OU is currently suspecting Basculegion & Flutter Mane! For information on how to participate check out the <a href=\"https:\/\/www.smogon.com\/forums\/threads\/np-sv-dou-stage-8-double-trouble.3729153\/\">suspect thread<\/a>.<\/strong><\/div>\n|j|\u2606Crocky17\n|j|\u2606Bambam823\n|t:|1697344217\n|gametype|doubles\n|player|p1|Crocky17|gardenia|1164\n|player|p2|Bambam823|hilbert|1102\n|teamsize|p1|6\n|teamsize|p2|6\n|gen|9\n|tier|[Gen 9] Doubles OU\n|rated|\n|rule|Species Clause: Limit one of each Pok\u00e9mon\n|rule|OHKO Clause: OHKO moves are banned\n|rule|Evasion Moves Clause: Evasion moves are banned\n|rule|Gravity Sleep Clause: The combination of sleep-inducing moves with imperfect accuracy and Gravity or Gigantamax Orbeetle are banned\n|rule|Endless Battle Clause: Forcing endless battles is banned\n|rule|HP Percentage Mod: HP is shown in percentages\n|clearpoke\n|poke|p1|Basculegion, M|\n|poke|p1|Pelipper, F|\n|poke|p1|Chien-Pao|\n|poke|p1|Farigiraf, F|\n|poke|p1|Ursaluna, F|\n|poke|p1|Amoonguss, M|\n|poke|p2|Dragonite, M|\n|poke|p2|Revavroom, M|\n|poke|p2|Umbreon, F|\n|poke|p2|Mamoswine, M|\n|poke|p2|Ribombee, F|\n|poke|p2|Torkoal, M|\n|teampreview\n|inactive|Battle timer is ON: inactive players will automatically lose when time's up. (requested by Crocky17)\n|\n|t:|1697344236\n|start\n|switch|p1a: Farigiraf|Farigiraf, F|100\/100\n|switch|p1b: Amoonguss|Amoonguss, M|100\/100\n|switch|p2a: Ribombee|Ribombee, F, shiny|100\/100\n|switch|p2b: Torkoal|Torkoal, M|100\/100\n|-weather|SunnyDay|[from] ability: Drought|[of] p2b: Torkoal\n|turn|1\n|inactive|Bambam823 has 120 seconds left.\n|inactive|Crocky17 has 120 seconds left.\n|\n|t:|1697344281\n|move|p2a: Ribombee|Quiver Dance|p2a: Ribombee\n|-boost|p2a: Ribombee|spa|1\n|-boost|p2a: Ribombee|spd|1\n|-boost|p2a: Ribombee|spe|1\n|move|p1a: Farigiraf|Psychic|p2b: Torkoal\n|-damage|p2b: Torkoal|50\/100\n|move|p1b: Amoonguss|Spore|p2a: Ribombee\n|-status|p2a: Ribombee|slp|[from] move: Spore\n|move|p2b: Torkoal|Shell Smash|p2b: Torkoal\n|-unboost|p2b: Torkoal|def|1\n|-unboost|p2b: Torkoal|spd|1\n|-boost|p2b: Torkoal|atk|2\n|-boost|p2b: Torkoal|spa|2\n|-boost|p2b: Torkoal|spe|2\n|-enditem|p2b: Torkoal|White Herb\n|-clearnegativeboost|p2b: Torkoal|[silent]\n|\n|-weather|SunnyDay|[upkeep]\n|upkeep\n|turn|2\n|inactive|Crocky17 has 120 seconds left.\n|inactive|Bambam823 has 120 seconds left.\n|\n|t:|1697344307\n|move|p1a: Farigiraf|Protect|p1a: Farigiraf\n|-singleturn|p1a: Farigiraf|Protect\n|cant|p2a: Ribombee|slp\n|move|p2b: Torkoal|Flamethrower|p1b: Amoonguss\n|-supereffective|p1b: Amoonguss\n|-damage|p1b: Amoonguss|0 fnt\n|faint|p1b: Amoonguss\n|\n|-weather|SunnyDay|[upkeep]\n|upkeep\n|\n|t:|1697344319\n|switch|p1b: Pelipper|Pelipper, F|100\/100\n|-weather|RainDance|[from] ability: Drizzle|[of] p1b: Pelipper\n|turn|3\n|\n|t:|1697344337\n|switch|p2b: Lance|Dragonite, M, shiny|100\/100\n|cant|p2a: Ribombee|slp\n|move|p1b: Pelipper|Hurricane|p2a: Ribombee\n|-supereffective|p2a: Ribombee\n|-enditem|p2a: Ribombee|Focus Sash\n|-damage|p2a: Ribombee|1\/100 slp\n|move|p1a: Farigiraf|Trick Room|p1a: Farigiraf\n|-fieldstart|move: Trick Room|[of] p1a: Farigiraf\n|\n|-weather|RainDance|[upkeep]\n|upkeep\n|turn|4\n|\n|t:|1697344357\n|move|p1a: Farigiraf|Protect|p1a: Farigiraf\n|-singleturn|p1a: Farigiraf|Protect\n|move|p1b: Pelipper|U-turn|p2a: Ribombee\n|-resisted|p2a: Ribombee\n|-damage|p2a: Ribombee|0 fnt\n|faint|p2a: Ribombee\n|\n|t:|1697344363\n|switch|p1b: Ursaluna|Ursaluna, F|100\/100|[from] U-turn\n|move|p2b: Lance|Thunder Punch|p1b: Ursaluna\n|-immune|p1b: Ursaluna\n|\n|-weather|RainDance|[upkeep]\n|-status|p1b: Ursaluna|brn|[from] item: Flame Orb\n|upkeep\n|\n|t:|1697344376\n|switch|p2a: Mamoswine|Mamoswine, M, shiny|100\/100\n|turn|5\n|\n|t:|1697344386\n|move|p2b: Lance|Extreme Speed||[still]\n|cant|p1a: Farigiraf|ability: Armor Tail|Extreme Speed|[of] p2b: Lance\n|move|p1b: Ursaluna|Close Combat|p2a: Mamoswine\n|-supereffective|p2a: Mamoswine\n|-damage|p2a: Mamoswine|0 fnt\n|-unboost|p1b: Ursaluna|def|1\n|-unboost|p1b: Ursaluna|spd|1\n|faint|p2a: Mamoswine\n|move|p1a: Farigiraf|Psychic|p2b: Lance\n|-damage|p2b: Lance|77\/100\n|\n|-weather|RainDance|[upkeep]\n|-damage|p1b: Ursaluna|94\/100 brn|[from] brn\n|upkeep\n|\n|t:|1697344402\n|switch|p2a: Torkoal|Torkoal, M|50\/100\n|-weather|SunnyDay|[from] ability: Drought|[of] p2a: Torkoal\n|turn|6\n|\n|t:|1697344419\n|switch|p1a: Pelipper|Pelipper, F|100\/100\n|-weather|RainDance|[from] ability: Drizzle|[of] p1a: Pelipper\n|move|p2a: Torkoal|Solar Beam||[still]\n|-prepare|p2a: Torkoal|Solar Beam\n|move|p1b: Ursaluna|Facade|p2b: Lance\n|-damage|p2b: Lance|0 fnt\n|faint|p2b: Lance\n|\n|-weather|RainDance|[upkeep]\n|-damage|p1b: Ursaluna|88\/100 brn|[from] brn\n|upkeep\n|\n|t:|1697344434\n|switch|p2b: Umbreon|Umbreon, F|100\/100\n|turn|7\n|\n|t:|1697344450\n|move|p2a: Torkoal|Solar Beam|p1b: Ursaluna|[from]lockedmove\n|-supereffective|p1b: Ursaluna\n|-damage|p1b: Ursaluna|57\/100 brn\n|move|p1b: Ursaluna|Close Combat|p2b: Umbreon\n|-supereffective|p2b: Umbreon\n|-damage|p2b: Umbreon|0 fnt\n|-unboost|p1b: Ursaluna|def|1\n|-unboost|p1b: Ursaluna|spd|1\n|faint|p2b: Umbreon\n|move|p1a: Pelipper|U-turn|p2a: Torkoal\n|-resisted|p2a: Torkoal\n|-damage|p2a: Torkoal|47\/100\n|\n|t:|1697344461\n|switch|p1a: Farigiraf|Farigiraf, F|100\/100|[from] U-turn\n|\n|-weather|RainDance|[upkeep]\n|-damage|p1b: Ursaluna|51\/100 brn|[from] brn\n|-fieldend|move: Trick Room\n|upkeep\n|\n|t:|1697344467\n|switch|p2b: Revavroom|Revavroom, M|100\/100\n|turn|8\n|\n|t:|1697344483\n|move|p1b: Ursaluna|Protect|p1b: Ursaluna\n|-singleturn|p1b: Ursaluna|Protect\n|move|p2b: Revavroom|Poison Jab|p1a: Farigiraf\n|-damage|p1a: Farigiraf|60\/100\n|move|p2a: Torkoal|Flamethrower|p1b: Ursaluna\n|-activate|p1b: Ursaluna|move: Protect\n|move|p1a: Farigiraf|Trick Room|p1a: Farigiraf\n|-fieldstart|move: Trick Room|[of] p1a: Farigiraf\n|\n|-weather|RainDance|[upkeep]\n|-heal|p1a: Farigiraf|66\/100|[from] item: Leftovers\n|-damage|p1b: Ursaluna|45\/100 brn|[from] brn\n|upkeep\n|turn|9\n|\n|t:|1697344511\n|move|p1a: Farigiraf|Protect|p1a: Farigiraf\n|-singleturn|p1a: Farigiraf|Protect\n|move|p2a: Torkoal|Flamethrower|p1b: Ursaluna\n|-damage|p1b: Ursaluna|21\/100 brn\n|move|p1b: Ursaluna|Headlong Rush|p2b: Revavroom\n|-supereffective|p2b: Revavroom\n|-enditem|p2b: Revavroom|Shuca Berry|[eat]\n|-enditem|p2b: Revavroom|Shuca Berry|[weaken]\n|-damage|p2b: Revavroom|0 fnt\n|-unboost|p1b: Ursaluna|def|1\n|-unboost|p1b: Ursaluna|spd|1\n|faint|p2b: Revavroom\n|\n|-weather|RainDance|[upkeep]\n|-heal|p1a: Farigiraf|73\/100|[from] item: Leftovers\n|-damage|p1b: Ursaluna|15\/100 brn|[from] brn\n|upkeep\n|turn|10\n|\n|t:|1697344539\n|move|p1b: Ursaluna|Protect|p1b: Ursaluna\n|-singleturn|p1b: Ursaluna|Protect\n|move|p2a: Torkoal|Flamethrower|p1b: Ursaluna\n|-activate|p1b: Ursaluna|move: Protect\n|move|p1a: Farigiraf|Psychic|p2a: Torkoal\n|-damage|p2a: Torkoal|1\/100\n|\n|-weather|none\n|-heal|p1a: Farigiraf|79\/100|[from] item: Leftovers\n|-damage|p1b: Ursaluna|9\/100 brn|[from] brn\n|upkeep\n|turn|11\n|\n|t:|1697344552\n|switch|p1b: Pelipper|Pelipper, F|100\/100\n|-weather|RainDance|[from] ability: Drizzle|[of] p1b: Pelipper\n|move|p2a: Torkoal|Flamethrower|p1a: Farigiraf\n|-damage|p1a: Farigiraf|65\/100\n|move|p1a: Farigiraf|Psychic|p2a: Torkoal\n|-damage|p2a: Torkoal|0 fnt\n|faint|p2a: Torkoal\n|\n|win|Crocky17\n|raw|Crocky17's rating: 1164 &rarr; <strong>1185<\/strong><br \/>(+21 for winning)\n|raw|Bambam823's rating: 1102 &rarr; <strong>1081<\/strong><br \/>(-21 for losing)\n|l|\u2606Bambam823\n","uploadtime":1697344562,"views":19,"p1id":"crocky17","p2id":"bambam823","formatid":"gen9doublesou","rating":1081,"private":0,"password":""}