{"id":"gen9doublesou-1995777163","p1":"eragon11145","p2":"Schister","format":"[Gen 9] Doubles OU","log":"|j|\u2606eragon11145\n|j|\u2606Schister\n|t:|1700602167\n|gametype|doubles\n|player|p1|eragon11145|#dwcopiii|\n|player|p2|Schister|clair|\n|teamsize|p1|6\n|teamsize|p2|6\n|gen|9\n|tier|[Gen 9] Doubles OU\n|rule|Species Clause: Limit one of each Pok\u00e9mon\n|rule|OHKO Clause: OHKO moves are banned\n|rule|Evasion Moves Clause: Evasion moves are banned\n|rule|Gravity Sleep Clause: The combination of sleep-inducing moves with imperfect accuracy and Gravity or Gigantamax Orbeetle are banned\n|rule|Endless Battle Clause: Forcing endless battles is banned\n|rule|HP Percentage Mod: HP is shown in percentages\n|clearpoke\n|poke|p1|Chansey, F|\n|poke|p1|Qwilfish-Hisui, F|\n|poke|p1|Clefairy, F|\n|poke|p1|Snorunt, F|\n|poke|p1|Magneton|\n|poke|p1|Primeape, M|\n|poke|p2|Primeape, M|\n|poke|p2|Chansey, F|\n|poke|p2|Clefairy, M|\n|poke|p2|Sneasel-Hisui, F|\n|poke|p2|Qwilfish-Hisui, F|\n|poke|p2|Piloswine, M|\n|teampreview\n|inactive|Battle timer is ON: inactive players will automatically lose when time's up. (requested by eragon11145)\n|inactive|Schister also wants the timer to be on.\n|inactive|eragon11145 has 270 seconds left.\n|\n|t:|1700602197\n|start\n|switch|p1a: Qwilfish|Qwilfish-Hisui, F|100\/100\n|switch|p1b: Magneton|Magneton|100\/100\n|switch|p2a: Sneasel|Sneasel-Hisui, F|100\/100\n|switch|p2b: Piloswine|Piloswine, M|100\/100\n|-ability|p1a: Qwilfish|Intimidate|boost\n|-fail|p2a: Sneasel|unboost|Attack|[from] ability: Inner Focus|[of] p2a: Sneasel\n|-unboost|p2b: Piloswine|atk|1\n|turn|1\n|\n|t:|1700602214\n|switch|p1a: Snorunt|Snorunt, F|100\/100\n|switch|p1b: Clefairy|Clefairy, F|100\/100\n|move|p2a: Sneasel|Close Combat|p1b: Clefairy\n|-resisted|p1b: Clefairy\n|-damage|p1b: Clefairy|79\/100\n|-unboost|p2a: Sneasel|def|1\n|-unboost|p2a: Sneasel|spd|1\n|move|p2b: Piloswine|Stealth Rock|p1a: Snorunt\n|-sidestart|p1: eragon11145|move: Stealth Rock\n|\n|-ability|p1a: Snorunt|Moody|boost\n|-boost|p1a: Snorunt|spd|2\n|-unboost|p1a: Snorunt|spe|1\n|upkeep\n|turn|2\n|inactive|eragon11145 has 270 seconds left.\n|j| R4ye\n|\n|t:|1700602250\n|move|p1b: Clefairy|Protect|p1b: Clefairy\n|-singleturn|p1b: Clefairy|Protect\n|move|p1a: Snorunt|Protect|p1a: Snorunt\n|-singleturn|p1a: Snorunt|Protect\n|move|p2a: Sneasel|Gunk Shot|p1b: Clefairy\n|-activate|p1b: Clefairy|move: Protect\n|move|p2b: Piloswine|High Horsepower|p1a: Snorunt\n|-activate|p1a: Snorunt|move: Protect\n|\n|-ability|p1a: Snorunt|Moody|boost\n|-boost|p1a: Snorunt|spe|2\n|-unboost|p1a: Snorunt|spa|1\n|upkeep\n|turn|3\n|\n|t:|1700602266\n|switch|p1b: Qwilfish|Qwilfish-Hisui, F|100\/100\n|-damage|p1b: Qwilfish|88\/100|[from] Stealth Rock\n|-ability|p1b: Qwilfish|Intimidate|boost\n|-fail|p2a: Sneasel|unboost|Attack|[from] ability: Inner Focus|[of] p2a: Sneasel\n|-unboost|p2b: Piloswine|atk|1\n|move|p2a: Sneasel|Protect|p2a: Sneasel\n|-singleturn|p2a: Sneasel|Protect\n|move|p1a: Snorunt|Substitute|p1a: Snorunt\n|-start|p1a: Snorunt|Substitute\n|-damage|p1a: Snorunt|75\/100\n|move|p2b: Piloswine|Haze|p2b: Piloswine\n|-clearallboost\n|\n|-ability|p1a: Snorunt|Moody|boost\n|-boost|p1a: Snorunt|spa|2\n|-unboost|p1a: Snorunt|spe|1\n|upkeep\n|turn|4\n|j|+Actuarily\n|l|+Actuarily\n|\n|t:|1700602294\n|switch|p2a: Chansey|Chansey, F|100\/100\n|move|p1b: Qwilfish|Crunch|p2b: Piloswine\n|-damage|p2b: Piloswine|83\/100\n|move|p2b: Piloswine|High Horsepower|p1b: Qwilfish|[miss]\n|-miss|p2b: Piloswine|p1b: Qwilfish\n|move|p1a: Snorunt|Chilling Water|p2b: Piloswine\n|-supereffective|p2b: Piloswine\n|-damage|p2b: Piloswine|64\/100\n|-unboost|p2b: Piloswine|atk|1\n|\n|-ability|p1a: Snorunt|Moody|boost\n|-boost|p1a: Snorunt|def|2\n|-unboost|p1a: Snorunt|atk|1\n|upkeep\n|turn|5\n|j| RelicanthPrimal<><\n|\n|t:|1700602314\n|switch|p1b: Primeape|Primeape, M|100\/100\n|-damage|p1b: Primeape|95\/100|[from] Stealth Rock\n|move|p2b: Piloswine|Haze|p2b: Piloswine\n|-clearallboost\n|move|p1a: Snorunt|Chilling Water|p2b: Piloswine\n|-supereffective|p2b: Piloswine\n|-damage|p2b: Piloswine|56\/100\n|-unboost|p2b: Piloswine|atk|1\n|move|p2a: Chansey|Heal Pulse|p2b: Piloswine\n|-heal|p2b: Piloswine|100\/100\n|\n|-ability|p1a: Snorunt|Moody|boost\n|-boost|p1a: Snorunt|atk|2\n|-unboost|p1a: Snorunt|spe|1\n|upkeep\n|turn|6\n|c| RelicanthPrimal<><|chansey should be banned\n|\n|t:|1700602339\n|switch|p2b: Primeape|Primeape, M|100\/100\n|move|p1b: Primeape|Drain Punch|p2b: Primeape\n|-damage|p2b: Primeape|77\/100\n|-heal|p1b: Primeape|100\/100|[from] drain|[of] p2b: Primeape\n|move|p2a: Chansey|Seismic Toss|p1a: Snorunt\n|-end|p1a: Snorunt|Substitute\n|move|p1a: Snorunt|Frost Breath|p1b: Primeape\n|-crit|p1b: Primeape\n|-damage|p1b: Primeape|89\/100\n|-setboost|p1b: Primeape|atk|6|[from] ability: Anger Point\n|\n|-ability|p1a: Snorunt|Moody|boost\n|-boost|p1a: Snorunt|spa|2\n|-unboost|p1a: Snorunt|atk|1\n|upkeep\n|turn|7\n|j| smudgerox\n|c| R4ye|gaming time\n|c|\u2606Schister|mistakes were made\n|inactive|Schister has 270 seconds left.\n|\n|t:|1700602376\n|-terastallize|p2b: Primeape|Ghost\n|move|p1a: Snorunt|Protect|p1a: Snorunt\n|-singleturn|p1a: Snorunt|Protect\n|move|p1b: Primeape|Drain Punch|p2b: Primeape\n|-immune|p2b: Primeape\n|move|p2b: Primeape|Bulk Up|p2b: Primeape\n|-boost|p2b: Primeape|atk|1\n|-boost|p2b: Primeape|def|1\n|move|p2a: Chansey|Heal Pulse|p2b: Primeape\n|-heal|p2b: Primeape|100\/100\n|\n|-ability|p1a: Snorunt|Moody|boost\n|-boost|p1a: Snorunt|spe|2\n|-unboost|p1a: Snorunt|atk|1\n|upkeep\n|turn|8\n|\n|t:|1700602392\n|switch|p2a: Qwilfish|Qwilfish-Hisui, F|100\/100\n|-ability|p2a: Qwilfish|Intimidate|boost\n|-unboost|p1a: Snorunt|atk|1\n|-unboost|p1b: Primeape|atk|1\n|move|p1b: Primeape|Rage Fist|p2b: Primeape\n|-supereffective|p2b: Primeape\n|-damage|p2b: Primeape|0 fnt\n|faint|p2b: Primeape\n|move|p1a: Snorunt|Substitute|p1a: Snorunt\n|-start|p1a: Snorunt|Substitute\n|-damage|p1a: Snorunt|50\/100\n|\n|-ability|p1a: Snorunt|Moody|boost\n|-boost|p1a: Snorunt|atk|2\n|-unboost|p1a: Snorunt|spe|1\n|upkeep\n|\n|t:|1700602402\n|switch|p2b: Sneasel|Sneasel-Hisui, F|100\/100\n|turn|9\n|j| theyummybagel\n|l| theyummybagel\n|\n|t:|1700602416\n|move|p1b: Primeape|Protect|p1b: Primeape\n|-singleturn|p1b: Primeape|Protect\n|move|p2b: Sneasel|Fake Out|p1b: Primeape\n|-activate|p1b: Primeape|move: Protect\n|move|p2a: Qwilfish|Barb Barrage|p1b: Primeape\n|-activate|p1b: Primeape|move: Protect\n|move|p1a: Snorunt|Frost Breath|p2a: Qwilfish|[miss]\n|-miss|p1a: Snorunt|p2a: Qwilfish\n|\n|-ability|p1a: Snorunt|Moody|boost\n|-boost|p1a: Snorunt|spe|2\n|-unboost|p1a: Snorunt|spd|1\n|upkeep\n|turn|10\n|\n|t:|1700602431\n|move|p2b: Sneasel|Close Combat|p1b: Primeape\n|-crit|p1b: Primeape\n|-damage|p1b: Primeape|17\/100\n|-setboost|p1b: Primeape|atk|6|[from] ability: Anger Point\n|-unboost|p2b: Sneasel|def|1\n|-unboost|p2b: Sneasel|spd|1\n|move|p1a: Snorunt|Chilling Water|p2b: Sneasel\n|-damage|p2b: Sneasel|65\/100\n|-unboost|p2b: Sneasel|atk|1\n|move|p1b: Primeape|Drain Punch|p2a: Qwilfish\n|-damage|p2a: Qwilfish|12\/100\n|-heal|p1b: Primeape|61\/100|[from] drain|[of] p2a: Qwilfish\n|move|p2a: Qwilfish|Barb Barrage|p1a: Snorunt\n|-activate|p1a: Snorunt|move: Substitute|[damage]\n|\n|-ability|p1a: Snorunt|Moody|boost\n|-boost|p1a: Snorunt|def|2\n|-unboost|p1a: Snorunt|spa|1\n|upkeep\n|turn|11\n|c| R4ye|bro is getting slaughtered by this 90 accuracy\n|\n|t:|1700602455\n|move|p1b: Primeape|Protect|p1b: Primeape\n|-singleturn|p1b: Primeape|Protect\n|move|p2b: Sneasel|Close Combat|p1b: Primeape\n|-activate|p1b: Primeape|move: Protect\n|move|p1a: Snorunt|Chilling Water|p2b: Sneasel\n|-damage|p2b: Sneasel|38\/100\n|-unboost|p2b: Sneasel|atk|1\n|move|p2a: Qwilfish|Destiny Bond|p2a: Qwilfish\n|-singlemove|p2a: Qwilfish|Destiny Bond\n|\n|-ability|p1a: Snorunt|Moody|boost\n|-boost|p1a: Snorunt|spe|2\n|-unboost|p1a: Snorunt|atk|1\n|upkeep\n|turn|12\n|l| RelicanthPrimal<><\n|inactive|eragon11145 has 270 seconds left.\n|\n|t:|1700602489\n|-terastallize|p1b: Primeape|Ghost\n|move|p1a: Snorunt|Substitute|p1a: Snorunt\n|-fail|p1a: Snorunt|move: Substitute\n|move|p2b: Sneasel|Close Combat|p1b: Primeape\n|-immune|p1b: Primeape\n|move|p1b: Primeape|Drain Punch|p2b: Sneasel\n|-resisted|p2b: Sneasel\n|-damage|p2b: Sneasel|0 fnt\n|-heal|p1b: Primeape|75\/100|[from] drain|[of] p2b: Sneasel\n|faint|p2b: Sneasel\n|move|p2a: Qwilfish|Barb Barrage|p1b: Primeape\n|-resisted|p1b: Primeape\n|-damage|p1b: Primeape|65\/100\n|-status|p1b: Primeape|psn\n|\n|-damage|p1b: Primeape|52\/100 psn|[from] psn\n|-ability|p1a: Snorunt|Moody|boost\n|-boost|p1a: Snorunt|atk|2\n|-unboost|p1a: Snorunt|spd|1\n|upkeep\n|\n|t:|1700602495\n|switch|p2b: Piloswine|Piloswine, M|100\/100\n|turn|13\n|\n|t:|1700602508\n|move|p1a: Snorunt|Chilling Water|p2a: Qwilfish\n|-damage|p2a: Qwilfish|5\/100\n|-unboost|p2a: Qwilfish|atk|1\n|move|p1b: Primeape|Drain Punch|p2b: Piloswine\n|-supereffective|p2b: Piloswine\n|-damage|p2b: Piloswine|0 fnt\n|-heal|p1b: Primeape|100\/100 psn|[from] drain|[of] p2b: Piloswine\n|faint|p2b: Piloswine\n|move|p2a: Qwilfish|Destiny Bond|p2a: Qwilfish\n|-singlemove|p2a: Qwilfish|Destiny Bond\n|\n|-damage|p1b: Primeape|88\/100 psn|[from] psn\n|-ability|p1a: Snorunt|Moody|boost\n|-boost|p1a: Snorunt|atk|2\n|-unboost|p1a: Snorunt|def|1\n|upkeep\n|j| KeanuVGC\n|-message|Schister forfeited.\n|\n|win|eragon11145\n|c|\u2606eragon11145|L\n","uploadtime":1700602525,"views":4,"p1id":"eragon11145","p2id":"schister","formatid":"gen9doublesou","rating":0,"private":0,"password":""}