{"id":"gen9doublesou-1992691126","p1":"thdsfpgh","p2":"Claushasblackduck","format":"[Gen 9] Doubles OU","log":"|j|\u2606thdsfpgh\n|j|\u2606Claushasblackduck\n|t:|1700225731\n|gametype|doubles\n|player|p1|thdsfpgh|gambler|\n|player|p2|Claushasblackduck|169|\n|teamsize|p1|6\n|teamsize|p2|6\n|gen|9\n|tier|[Gen 9] Doubles OU\n|rule|Species Clause: Limit one of each Pok\u00e9mon\n|rule|OHKO Clause: OHKO moves are banned\n|rule|Evasion Moves Clause: Evasion moves are banned\n|rule|Gravity Sleep Clause: The combination of sleep-inducing moves with imperfect accuracy and Gravity or Gigantamax Orbeetle are banned\n|rule|Endless Battle Clause: Forcing endless battles is banned\n|rule|HP Percentage Mod: HP is shown in percentages\n|clearpoke\n|poke|p1|Infernape, M|\n|poke|p1|Kommo-o, F|\n|poke|p1|Iron Hands|\n|poke|p1|Iron Valiant|\n|poke|p1|Okidogi, M|\n|poke|p1|Zapdos-Galar|\n|poke|p2|Iron Leaves|\n|poke|p2|Shaymin-Sky|\n|poke|p2|Decidueye, F|\n|poke|p2|Calyrex|\n|poke|p2|Sinistcha-Masterpiece|\n|poke|p2|Leavanny, F|\n|teampreview\n|j| SD8008\n|\n|t:|1700225759\n|start\n|switch|p1a: Iron Hands|Iron Hands|100\/100\n|switch|p1b: Zapdos|Zapdos-Galar|100\/100\n|switch|p2a: Leavanny|Leavanny, F|100\/100\n|switch|p2b: Sinistcha|Sinistcha-Masterpiece|100\/100\n|turn|1\n|\n|t:|1700225791\n|move|p1b: Zapdos|Brave Bird|p2a: Leavanny\n|-supereffective|p2a: Leavanny\n|-enditem|p2a: Leavanny|Focus Sash\n|-damage|p2a: Leavanny|1\/100\n|-damage|p1b: Zapdos|71\/100|[from] Recoil\n|move|p2a: Leavanny|Poison Jab|p1a: Iron Hands\n|-damage|p1a: Iron Hands|84\/100\n|move|p2b: Sinistcha|Shadow Ball|p1b: Zapdos\n|-damage|p1b: Zapdos|28\/100\n|move|p1a: Iron Hands|Fire Punch|p2b: Sinistcha\n|-supereffective|p2b: Sinistcha\n|-damage|p2b: Sinistcha|73\/100\n|\n|-heal|p2b: Sinistcha|79\/100|[from] item: Leftovers\n|upkeep\n|turn|2\n|\n|t:|1700225843\n|move|p1b: Zapdos|Brave Bird|p2b: Sinistcha\n|-supereffective|p2b: Sinistcha\n|-damage|p2b: Sinistcha|0 fnt\n|faint|p2b: Sinistcha\n|-damage|p1b: Zapdos|2\/100|[from] Recoil\n|move|p2a: Leavanny|Air Slash|p1a: Iron Hands|[miss]\n|-miss|p2a: Leavanny|p1a: Iron Hands\n|move|p1a: Iron Hands|Ice Punch|p2a: Leavanny\n|-supereffective|p2a: Leavanny\n|-damage|p2a: Leavanny|0 fnt\n|faint|p2a: Leavanny\n|\n|upkeep\n|\n|t:|1700225861\n|switch|p2a: Iron Leaves|Iron Leaves|100\/100\n|switch|p2b: Calyrex|Calyrex|100\/100\n|-ability|p2b: Calyrex|Unnerve\n|turn|3\n|\n|t:|1700225900\n|-end|p1a: Iron Hands|Quark Drive|[silent]\n|switch|p1a: Kommo-o|Kommo-o, F|100\/100\n|move|p2a: Iron Leaves|Psyblade|p1a: Kommo-o\n|-supereffective|p1a: Kommo-o\n|-damage|p1a: Kommo-o|3\/100\n|-damage|p2a: Iron Leaves|91\/100|[from] item: Life Orb\n|move|p1b: Zapdos|Brave Bird|p2a: Iron Leaves\n|-supereffective|p2a: Iron Leaves\n|-damage|p2a: Iron Leaves|0 fnt\n|faint|p2a: Iron Leaves\n|-end|p2a: Iron Leaves|Quark Drive|[silent]\n|-damage|p1b: Zapdos|0 fnt|[from] Recoil\n|faint|p1b: Zapdos\n|move|p2b: Calyrex|Calm Mind|p2b: Calyrex\n|-boost|p2b: Calyrex|spa|1\n|-boost|p2b: Calyrex|spd|1\n|\n|-heal|p1a: Kommo-o|9\/100|[from] item: Leftovers\n|upkeep\n|\n|t:|1700225919\n|switch|p2a: Shaymin|Shaymin-Sky|100\/100\n|switch|p1b: Okidogi|Okidogi, M|100\/100\n|turn|4\n|\n|t:|1700225952\n|move|p2a: Shaymin|Play Rough|p1b: Okidogi|[miss]\n|-miss|p2a: Shaymin|p1b: Okidogi\n|move|p1a: Kommo-o|Flamethrower|p2b: Calyrex\n|-supereffective|p2b: Calyrex\n|-damage|p2b: Calyrex|66\/100\n|-enditem|p2b: Calyrex|Weakness Policy\n|-boost|p2b: Calyrex|atk|2|[from] item: Weakness Policy\n|-boost|p2b: Calyrex|spa|2|[from] item: Weakness Policy\n|move|p2b: Calyrex|Giga Drain|p1a: Kommo-o\n|-resisted|p1a: Kommo-o\n|-damage|p1a: Kommo-o|0 fnt\n|-heal|p2b: Calyrex|70\/100|[from] drain|[of] p1a: Kommo-o\n|faint|p1a: Kommo-o\n|move|p1b: Okidogi|Toxic|p2a: Shaymin\n|-status|p2a: Shaymin|tox\n|\n|-damage|p2a: Shaymin|94\/100 tox|[from] psn\n|upkeep\n|\n|t:|1700225975\n|switch|p1a: Iron Hands|Iron Hands|84\/100\n|turn|5\n|\n|t:|1700225996\n|move|p2a: Shaymin|Play Rough|p1a: Iron Hands\n|-supereffective|p1a: Iron Hands\n|-damage|p1a: Iron Hands|58\/100\n|-unboost|p1a: Iron Hands|atk|1\n|move|p2b: Calyrex|Psychic|p1b: Okidogi\n|-supereffective|p1b: Okidogi\n|-damage|p1b: Okidogi|0 fnt\n|faint|p1b: Okidogi\n|move|p1a: Iron Hands|Ice Punch|p2a: Shaymin\n|-supereffective|p2a: Shaymin\n|-damage|p2a: Shaymin|0 fnt\n|faint|p2a: Shaymin\n|\n|upkeep\n|\n|t:|1700226018\n|switch|p2a: Decidueye|Decidueye, F|100\/100\n|switch|p1b: Infernape|Infernape, M|100\/100\n|turn|6\n|\n|t:|1700226063\n|-terastallize|p1b: Infernape|Fire\n|move|p1b: Infernape|Flamethrower|p2b: Calyrex\n|-supereffective|p2b: Calyrex\n|-damage|p2b: Calyrex|0 fnt\n|faint|p2b: Calyrex\n|move|p2a: Decidueye|Hurricane|p1b: Infernape\n|-damage|p1b: Infernape|62\/100\n|move|p1a: Iron Hands|Ice Punch|p2a: Decidueye\n|-supereffective|p2a: Decidueye\n|-damage|p2a: Decidueye|43\/100\n|\n|upkeep\n|turn|7\n|\n|t:|1700226082\n|-terastallize|p2a: Decidueye|Grass\n|move|p1b: Infernape|Flamethrower|p2a: Decidueye\n|-supereffective|p2a: Decidueye\n|-damage|p2a: Decidueye|0 fnt\n|faint|p2a: Decidueye\n|\n|win|thdsfpgh\n","uploadtime":1700226093,"views":8,"p1id":"thdsfpgh","p2id":"claushasblackduck","formatid":"gen9doublesou","rating":0,"private":0,"password":""}