{"id":"gen9doublesou-1993637996","p1":"Kumra21","p2":"Ivanla55","format":"[Gen 9] Doubles OU","log":"|j|\u2606Kumra21\n|j|\u2606Ivanla55\n|t:|1700340233\n|gametype|doubles\n|player|p1|Kumra21|silver|1256\n|player|p2|Ivanla55|102|1325\n|teamsize|p1|6\n|teamsize|p2|6\n|gen|9\n|tier|[Gen 9] Doubles OU\n|rated|\n|rule|Species Clause: Limit one of each Pok\u00e9mon\n|rule|OHKO Clause: OHKO moves are banned\n|rule|Evasion Moves Clause: Evasion moves are banned\n|rule|Gravity Sleep Clause: The combination of sleep-inducing moves with imperfect accuracy and Gravity or Gigantamax Orbeetle are banned\n|rule|Endless Battle Clause: Forcing endless battles is banned\n|rule|HP Percentage Mod: HP is shown in percentages\n|clearpoke\n|poke|p1|Tornadus, M|\n|poke|p1|Politoed, F|\n|poke|p1|Ludicolo, F|\n|poke|p1|Kilowattrel, F|\n|poke|p1|Basculegion-F, F|\n|poke|p1|Corviknight, F|\n|poke|p2|Sinistcha-Masterpiece|\n|poke|p2|Clefairy, M|\n|poke|p2|Volcarona, M|\n|poke|p2|Maushold-Four|\n|poke|p2|Landorus-Therian, M|\n|poke|p2|Kommo-o, M|\n|teampreview\n|\n|t:|1700340251\n|start\n|switch|p1a: Mr. Charming|Politoed, F|100\/100\n|switch|p1b: Zapata|Ludicolo, F|100\/100\n|switch|p2a: Kommo-o|Kommo-o, M|100\/100\n|switch|p2b: Clefairy|Clefairy, M|100\/100\n|-weather|RainDance|[from] ability: Drizzle|[of] p1a: Mr. Charming\n|turn|1\n|\n|t:|1700340267\n|move|p1b: Zapata|Hydro Pump|p2b: Clefairy\n|-damage|p2b: Clefairy|9\/100\n|move|p2a: Kommo-o|Clangorous Soul|p2a: Kommo-o\n|-boost|p2a: Kommo-o|atk|1\n|-boost|p2a: Kommo-o|def|1\n|-boost|p2a: Kommo-o|spa|1\n|-boost|p2a: Kommo-o|spd|1\n|-boost|p2a: Kommo-o|spe|1\n|-damage|p2a: Kommo-o|68\/100\n|-enditem|p2a: Kommo-o|Throat Spray\n|-boost|p2a: Kommo-o|spa|1|[from] item: Throat Spray\n|move|p1a: Mr. Charming|Haze|p1a: Mr. Charming\n|-clearallboost\n|move|p2b: Clefairy|Life Dew|p2b: Clefairy|[spread] p2a,p2b\n|-heal|p2a: Kommo-o|93\/100\n|-heal|p2b: Clefairy|34\/100\n|\n|-weather|RainDance|[upkeep]\n|upkeep\n|turn|2\n|\n|t:|1700340295\n|switch|p2b: Sinistcha|Sinistcha-Masterpiece|100\/100\n|-heal|p2a: Kommo-o|100\/100|[from] ability: Hospitality|[of] p2b: Sinistcha\n|move|p1b: Zapata|Hydro Pump|p2b: Sinistcha\n|-resisted|p2b: Sinistcha\n|-damage|p2b: Sinistcha|44\/100\n|move|p2a: Kommo-o|Clanging Scales|p1b: Zapata|[spread] p1a,p1b\n|-damage|p1a: Mr. Charming|81\/100\n|-damage|p1b: Zapata|68\/100\n|-unboost|p2a: Kommo-o|def|1\n|move|p1a: Mr. Charming|Haze|p1a: Mr. Charming\n|-clearallboost\n|\n|-weather|RainDance|[upkeep]\n|upkeep\n|turn|3\n|inactive|Battle timer is ON: inactive players will automatically lose when time's up. (requested by Ivanla55)\n|\n|t:|1700340315\n|move|p1b: Zapata|Hydro Pump|p2b: Sinistcha\n|-resisted|p2b: Sinistcha\n|-damage|p2b: Sinistcha|0 fnt\n|faint|p2b: Sinistcha\n|move|p2a: Kommo-o|Clanging Scales|p1a: Mr. Charming|[spread] p1a,p1b\n|-damage|p1a: Mr. Charming|61\/100\n|-damage|p1b: Zapata|35\/100\n|-unboost|p2a: Kommo-o|def|1\n|move|p1a: Mr. Charming|Ice Beam|p2a: Kommo-o\n|-supereffective|p2a: Kommo-o\n|-damage|p2a: Kommo-o|64\/100\n|\n|-weather|RainDance|[upkeep]\n|upkeep\n|\n|t:|1700340328\n|switch|p2b: Volcarona|Volcarona, M, shiny|100\/100\n|turn|4\n|\n|t:|1700340342\n|-terastallize|p2b: Volcarona|Grass\n|move|p1b: Zapata|Hydro Pump|p2b: Volcarona\n|-resisted|p2b: Volcarona\n|-damage|p2b: Volcarona|56\/100\n|move|p2b: Volcarona|Quiver Dance|p2b: Volcarona\n|-boost|p2b: Volcarona|spa|1\n|-boost|p2b: Volcarona|spd|1\n|-boost|p2b: Volcarona|spe|1\n|move|p2a: Kommo-o|Clanging Scales|p1a: Mr. Charming|[spread] p1a,p1b\n|-damage|p1a: Mr. Charming|42\/100\n|-damage|p1b: Zapata|1\/100\n|-unboost|p2a: Kommo-o|def|1\n|move|p1a: Mr. Charming|Ice Beam|p2a: Kommo-o\n|-supereffective|p2a: Kommo-o\n|-damage|p2a: Kommo-o|31\/100\n|\n|-weather|RainDance|[upkeep]\n|upkeep\n|turn|5\n|\n|t:|1700340363\n|switch|p2a: Clefairy|Clefairy, M|34\/100\n|move|p1b: Zapata|Hydro Pump|p2b: Volcarona\n|-resisted|p2b: Volcarona\n|-damage|p2b: Volcarona|31\/100\n|move|p2b: Volcarona|Giga Drain|p1a: Mr. Charming\n|-supereffective|p1a: Mr. Charming\n|-damage|p1a: Mr. Charming|0 fnt\n|-heal|p2b: Volcarona|53\/100|[from] drain|[of] p1a: Mr. Charming\n|faint|p1a: Mr. Charming\n|\n|-weather|RainDance|[upkeep]\n|upkeep\n|inactive|Kumra21 has 120 seconds left.\n|\n|t:|1700340379\n|switch|p1a: Ramphorincus|Kilowattrel, F|100\/100\n|turn|6\n|\n|t:|1700340397\n|move|p2a: Clefairy|Follow Me|p2a: Clefairy\n|-singleturn|p2a: Clefairy|move: Follow Me\n|move|p1b: Zapata|Hydro Pump|p2a: Clefairy\n|-damage|p2a: Clefairy|0 fnt\n|faint|p2a: Clefairy\n|move|p1a: Ramphorincus|Air Slash|p2b: Volcarona\n|-supereffective|p2b: Volcarona\n|-damage|p2b: Volcarona|13\/100\n|-enditem|p2b: Volcarona|Ganlon Berry|[eat]\n|-boost|p2b: Volcarona|def|1|[from] item: Ganlon Berry\n|cant|p2b: Volcarona|flinch\n|\n|-weather|RainDance|[upkeep]\n|upkeep\n|\n|t:|1700340408\n|switch|p2a: Maushold|Maushold-Four|100\/100\n|turn|7\n|\n|t:|1700340422\n|move|p2a: Maushold|Follow Me|p2a: Maushold\n|-singleturn|p2a: Maushold|move: Follow Me\n|move|p1b: Zapata|Hydro Pump|p2a: Maushold\n|-damage|p2a: Maushold|0 fnt\n|faint|p2a: Maushold\n|move|p1a: Ramphorincus|Air Slash|p2b: Volcarona\n|-supereffective|p2b: Volcarona\n|-damage|p2b: Volcarona|0 fnt\n|faint|p2b: Volcarona\n|\n|-weather|RainDance|[upkeep]\n|upkeep\n|-message|Ivanla55 forfeited.\n|\n|win|Kumra21\n|raw|Kumra21's rating: 1256 &rarr; <strong>1286<\/strong><br \/>(+30 for winning)\n|raw|Ivanla55's rating: 1325 &rarr; <strong>1301<\/strong><br \/>(-24 for losing)\n|l|\u2606Ivanla55\n","uploadtime":1700340438,"views":7,"p1id":"kumra21","p2id":"ivanla55","formatid":"gen9doublesou","rating":1286,"private":0,"password":""}