{"id":"gen9doublesou-1999943769","p1":"silly car","p2":"830r","format":"[Gen 9] Doubles OU","log":"|j|\u2606silly car\n|j|\u2606830r\n|t:|1701132900\n|gametype|doubles\n|player|p1|silly car|drayden|1041\n|player|p2|830r|veteran|1176\n|teamsize|p1|6\n|teamsize|p2|6\n|gen|9\n|tier|[Gen 9] Doubles OU\n|rated|\n|rule|Species Clause: Limit one of each Pok\u00e9mon\n|rule|OHKO Clause: OHKO moves are banned\n|rule|Evasion Moves Clause: Evasion moves are banned\n|rule|Gravity Sleep Clause: The combination of sleep-inducing moves with imperfect accuracy and Gravity or Gigantamax Orbeetle are banned\n|rule|Endless Battle Clause: Forcing endless battles is banned\n|rule|HP Percentage Mod: HP is shown in percentages\n|clearpoke\n|poke|p1|Snorlax, F|\n|poke|p1|Sinistcha|\n|poke|p1|Amoonguss, F|\n|poke|p1|Kommo-o, F|\n|poke|p1|Clefairy, M|\n|poke|p1|Ribombee, F|\n|poke|p2|Sneasler, M|\n|poke|p2|Tornadus, M|\n|poke|p2|Regidrago|\n|poke|p2|Iron Moth|\n|poke|p2|Sinistcha|\n|poke|p2|Flutter Mane|\n|teampreview\n|inactive|Battle timer is ON: inactive players will automatically lose when time's up. (requested by 830r)\n|c|\u2606silly car|eee\n|\n|t:|1701132907\n|start\n|switch|p1a: (\u00b4\uff65_\uff65`)|Snorlax, F, shiny|100\/100\n|switch|p1b: >_<|Clefairy, M|100\/100\n|switch|p2a: Sneasler|Sneasler, M|100\/100\n|switch|p2b: Tornadus|Tornadus, M|100\/100\n|turn|1\n|c|\u2606silly car|im still learning this team soooo\n|\n|t:|1701132927\n|move|p1b: >_<|Protect|p1b: >_<\n|-singleturn|p1b: >_<|Protect\n|move|p2a: Sneasler|Fake Out|p1a: (\u00b4\uff65_\uff65`)\n|-damage|p1a: (\u00b4\uff65_\uff65`)|92\/100\n|move|p2b: Tornadus|Swagger|p1b: >_<\n|-activate|p1b: >_<|move: Protect\n|cant|p1a: (\u00b4\uff65_\uff65`)|flinch\n|\n|upkeep\n|turn|2\n|c|\u2606830r|Ok\n|c|\u2606830r|glhf!\n|\n|t:|1701132950\n|move|p2b: Tornadus|Swagger|p1b: >_<\n|-boost|p1b: >_<|atk|2\n|-enditem|p2b: Tornadus|Mirror Herb\n|-boost|p2b: Tornadus|atk|2|[from] item: Mirror Herb\n|-enditem|p2a: Sneasler|Mirror Herb\n|-boost|p2a: Sneasler|atk|2|[from] item: Mirror Herb\n|-start|p1b: >_<|confusion\n|move|p2a: Sneasler|Close Combat|p1a: (\u00b4\uff65_\uff65`)\n|-supereffective|p1a: (\u00b4\uff65_\uff65`)\n|-damage|p1a: (\u00b4\uff65_\uff65`)|0 fnt\n|-unboost|p2a: Sneasler|def|1\n|-unboost|p2a: Sneasler|spd|1\n|faint|p1a: (\u00b4\uff65_\uff65`)\n|-activate|p1b: >_<|confusion\n|-damage|p1b: >_<|92\/100|[from] confusion\n|\n|upkeep\n|c|\u2606silly car|yeeppepe\n|c|\u2606silly car|ooo\n|\n|t:|1701132965\n|switch|p1a: \u2022\u0301\u03b5\u2022\u0300\u0665|Kommo-o, F|100\/100\n|turn|3\n|\n|t:|1701132976\n|-activate|p1b: >_<|confusion\n|move|p1b: >_<|Protect|p1b: >_<\n|-singleturn|p1b: >_<|Protect\n|move|p2a: Sneasler|Dire Claw|p1b: >_<\n|-activate|p1b: >_<|move: Protect\n|move|p2b: Tornadus|Acrobatics|p1a: \u2022\u0301\u03b5\u2022\u0300\u0665\n|-supereffective|p1a: \u2022\u0301\u03b5\u2022\u0300\u0665\n|-damage|p1a: \u2022\u0301\u03b5\u2022\u0300\u0665|0 fnt\n|faint|p1a: \u2022\u0301\u03b5\u2022\u0300\u0665\n|\n|upkeep\n|c|\u2606silly car|oooo...\n|\n|t:|1701132992\n|switch|p1a: (\u3063\u00b4\u03c9\uff40c)|Ribombee, F, shiny|100\/100\n|turn|4\n|\n|t:|1701133006\n|-end|p1b: >_<|confusion\n|move|p1b: >_<|Protect|p1b: >_<\n|-singleturn|p1b: >_<|Protect\n|move|p2a: Sneasler|Dire Claw|p1b: >_<\n|-activate|p1b: >_<|move: Protect\n|move|p1a: (\u3063\u00b4\u03c9\uff40c)|Moonblast|p2a: Sneasler\n|-damage|p2a: Sneasler|20\/100\n|-unboost|p2a: Sneasler|spa|1\n|move|p2b: Tornadus|Acrobatics|p1a: (\u3063\u00b4\u03c9\uff40c)\n|-supereffective|p1a: (\u3063\u00b4\u03c9\uff40c)\n|-enditem|p1a: (\u3063\u00b4\u03c9\uff40c)|Focus Sash\n|-damage|p1a: (\u3063\u00b4\u03c9\uff40c)|1\/100\n|\n|upkeep\n|turn|5\n|inactive|silly car has 120 seconds left.\n|\n|t:|1701133042\n|move|p1b: >_<|Protect||[still]\n|-fail|p1b: >_<\n|move|p2a: Sneasler|Dire Claw|p1a: (\u3063\u00b4\u03c9\uff40c)\n|-supereffective|p1a: (\u3063\u00b4\u03c9\uff40c)\n|-damage|p1a: (\u3063\u00b4\u03c9\uff40c)|0 fnt\n|faint|p1a: (\u3063\u00b4\u03c9\uff40c)\n|move|p2b: Tornadus|Acrobatics|p1b: >_<\n|-damage|p1b: >_<|5\/100\n|\n|upkeep\n|\n|t:|1701133050\n|switch|p1a: (=\uff40\u03c9\u00b4=)|Amoonguss, F|100\/100\n|turn|6\n|\n|t:|1701133063\n|-terastallize|p1a: (=\uff40\u03c9\u00b4=)|Water\n|move|p1b: >_<|Protect|p1b: >_<\n|-singleturn|p1b: >_<|Protect\n|move|p2a: Sneasler|Acrobatics|p1a: (=\uff40\u03c9\u00b4=)\n|-damage|p1a: (=\uff40\u03c9\u00b4=)|50\/100\n|-damage|p2a: Sneasler|3\/100|[from] item: Rocky Helmet|[of] p1a: (=\uff40\u03c9\u00b4=)\n|move|p2b: Tornadus|Acrobatics|p1a: (=\uff40\u03c9\u00b4=)\n|-damage|p1a: (=\uff40\u03c9\u00b4=)|0 fnt\n|-damage|p2b: Tornadus|84\/100|[from] item: Rocky Helmet|[of] p1a: (=\uff40\u03c9\u00b4=)\n|faint|p1a: (=\uff40\u03c9\u00b4=)\n|\n|upkeep\n|\n|t:|1701133075\n|switch|p1a: (\u25cf__\u25cf)|Sinistcha|100\/100\n|-heal|p1b: >_<|30\/100|[from] ability: Hospitality|[of] p1a: (\u25cf__\u25cf)\n|turn|7\n|\n|t:|1701133087\n|move|p1b: >_<|Follow Me|p1b: >_<\n|-singleturn|p1b: >_<|move: Follow Me\n|move|p2a: Sneasler|Acrobatics|p1b: >_<\n|-damage|p1b: >_<|0 fnt\n|faint|p1b: >_<\n|move|p2b: Tornadus|Knock Off|p1a: (\u25cf__\u25cf)\n|-supereffective|p1a: (\u25cf__\u25cf)\n|-damage|p1a: (\u25cf__\u25cf)|0 fnt\n|-enditem|p1a: (\u25cf__\u25cf)|Mental Herb|[from] move: Knock Off|[of] p2b: Tornadus\n|faint|p1a: (\u25cf__\u25cf)\n|\n|win|830r\n|raw|silly car's rating: 1041 &rarr; <strong>1031<\/strong><br \/>(-10 for losing)\n|raw|830r's rating: 1176 &rarr; <strong>1192<\/strong><br \/>(+16 for winning)\n|c|\u2606830r|Gg\n|c|\u2606silly car|eee\n|l|\u2606silly car\n","uploadtime":1701133108,"views":11,"p1id":"sillycar","p2id":"830r","formatid":"gen9doublesou","rating":1031,"private":0,"password":""}