{"id":"gen9doublesou-1969744270","p1":"ghostly spectrum","p2":"Pt16","format":"[Gen 9] Doubles OU","log":"|j|\u2606ghostly spectrum\n|j|\u2606Pt16\n|t:|1697562078\n|gametype|doubles\n|player|p1|ghostly spectrum|caitlin|1107\n|player|p2|Pt16|170|1045\n|teamsize|p1|6\n|teamsize|p2|6\n|gen|9\n|tier|[Gen 9] Doubles OU\n|rated|\n|rule|Species Clause: Limit one of each Pok\u00e9mon\n|rule|OHKO Clause: OHKO moves are banned\n|rule|Evasion Moves Clause: Evasion moves are banned\n|rule|Gravity Sleep Clause: The combination of sleep-inducing moves with imperfect accuracy and Gravity or Gigantamax Orbeetle are banned\n|rule|Endless Battle Clause: Forcing endless battles is banned\n|rule|HP Percentage Mod: HP is shown in percentages\n|clearpoke\n|poke|p1|Politoed, F|\n|poke|p1|Basculegion, M|\n|poke|p1|Regieleki|\n|poke|p1|Zapdos|\n|poke|p1|Gastrodon, F|\n|poke|p1|Iron Bundle|\n|poke|p2|Dusclops, F|\n|poke|p2|Indeedee-F, F|\n|poke|p2|Ursaluna-Bloodmoon, M|\n|poke|p2|Amoonguss, M|\n|poke|p2|Armarouge, F|\n|poke|p2|Ogerpon-Wellspring, F|\n|teampreview\n|inactive|Battle timer is ON: inactive players will automatically lose when time's up. (requested by ghostly spectrum)\n|\n|t:|1697562100\n|start\n|switch|p1a: Basculegion|Basculegion, M|100\/100\n|switch|p1b: Regieleki|Regieleki|100\/100\n|switch|p2a: Indeedee|Indeedee-F, F|100\/100\n|switch|p2b: Dusclops|Dusclops, F, shiny|100\/100\n|-fieldstart|move: Psychic Terrain|[from] ability: Psychic Surge|[of] p2a: Indeedee\n|-item|p1a: Basculegion|Life Orb|[from] ability: Frisk|[of] p2b: Dusclops|[identify]\n|-item|p1b: Regieleki|Magnet|[from] ability: Frisk|[of] p2b: Dusclops|[identify]\n|turn|1\n|\n|t:|1697562120\n|move|p2a: Indeedee|Follow Me|p2a: Indeedee\n|-singleturn|p2a: Indeedee|move: Follow Me\n|move|p1b: Regieleki|Volt Switch|p2a: Indeedee\n|-damage|p2a: Indeedee|65\/100\n|-enditem|p2a: Indeedee|Eject Button\n|inactive|Pt16 has 120 seconds left.\n|\n|t:|1697562139\n|switch|p2a: Ursaluna|Ursaluna-Bloodmoon, M|100\/100\n|move|p1a: Basculegion|Flip Turn|p2b: Dusclops\n|-damage|p2b: Dusclops|72\/100\n|-damage|p1a: Basculegion|91\/100|[from] item: Life Orb\n|\n|t:|1697562154\n|switch|p1a: Politoed|Politoed, F|100\/100|[from] Flip Turn\n|-weather|RainDance|[from] ability: Drizzle|[of] p1a: Politoed\n|move|p2b: Dusclops|Trick Room|p2b: Dusclops\n|-fieldstart|move: Trick Room|[of] p2b: Dusclops\n|\n|-weather|RainDance|[upkeep]\n|upkeep\n|turn|2\n|\n|t:|1697562173\n|switch|p1b: Zapdos|Zapdos|100\/100\n|move|p2b: Dusclops|Helping Hand|p2a: Ursaluna\n|-singleturn|p2a: Ursaluna|Helping Hand|[of] p2b: Dusclops\n|move|p2a: Ursaluna|Earth Power|p1b: Zapdos\n|-immune|p1b: Zapdos\n|move|p1a: Politoed|Surf|p2b: Dusclops|[spread] p1b,p2a,p2b\n|-supereffective|p2a: Ursaluna\n|-damage|p1b: Zapdos|64\/100\n|-damage|p2a: Ursaluna|26\/100\n|-damage|p2b: Dusclops|56\/100\n|\n|-weather|RainDance|[upkeep]\n|upkeep\n|turn|3\n|\n|t:|1697562193\n|switch|p1b: Basculegion|Basculegion, M|91\/100\n|move|p2b: Dusclops|Helping Hand|p2a: Ursaluna\n|-singleturn|p2a: Ursaluna|Helping Hand|[of] p2b: Dusclops\n|move|p2a: Ursaluna|Hyper Voice|p1a: Politoed|[spread] p1a,p1b\n|-enditem|p2a: Ursaluna|Normal Gem|[from] gem\n|-damage|p1a: Politoed|38\/100\n|-damage|p1b: Basculegion|2\/100\n|move|p1a: Politoed|Surf|p2a: Ursaluna|[spread] p1b,p2a,p2b\n|-resisted|p1b: Basculegion\n|-supereffective|p2a: Ursaluna\n|-damage|p1b: Basculegion|0 fnt\n|-damage|p2a: Ursaluna|0 fnt\n|-damage|p2b: Dusclops|39\/100\n|faint|p1b: Basculegion\n|faint|p2a: Ursaluna\n|\n|-weather|RainDance|[upkeep]\n|upkeep\n|\n|t:|1697562213\n|switch|p2a: Indeedee|Indeedee-F, F|65\/100\n|switch|p1b: Gastrodon|Gastrodon, F|100\/100\n|turn|4\n|\n|t:|1697562222\n|move|p2b: Dusclops|Will-O-Wisp|p1b: Gastrodon\n|-status|p1b: Gastrodon|brn\n|move|p1b: Gastrodon|Muddy Water|p2b: Dusclops|[spread] p2a,p2b\n|-damage|p2a: Indeedee|36\/100\n|-damage|p2b: Dusclops|17\/100\n|move|p2a: Indeedee|Heal Pulse|p2b: Dusclops\n|-heal|p2b: Dusclops|67\/100\n|move|p1a: Politoed|Surf|p2a: Indeedee|[spread] p2a,p2b\n|-ability|p1b: Gastrodon|Storm Drain|boost\n|-boost|p1b: Gastrodon|spa|1\n|-damage|p2a: Indeedee|14\/100\n|-damage|p2b: Dusclops|49\/100\n|\n|-weather|RainDance|[upkeep]\n|-damage|p1b: Gastrodon|94\/100 brn|[from] brn\n|upkeep\n|turn|5\n|\n|t:|1697562248\n|move|p2b: Dusclops|Night Shade|p1a: Politoed\n|-damage|p1a: Politoed|12\/100\n|move|p1b: Gastrodon|Muddy Water|p2b: Dusclops|[spread] p2a,p2b\n|-damage|p2a: Indeedee|0 fnt\n|-damage|p2b: Dusclops|14\/100\n|faint|p2a: Indeedee\n|move|p1a: Politoed|Surf|p2b: Dusclops|[spread] p2b\n|-ability|p1b: Gastrodon|Storm Drain|boost\n|-boost|p1b: Gastrodon|spa|1\n|-damage|p2b: Dusclops|0 fnt\n|faint|p2b: Dusclops\n|\n|-weather|RainDance|[upkeep]\n|-heal|p1b: Gastrodon|100\/100 brn|[from] item: Leftovers\n|-damage|p1b: Gastrodon|94\/100 brn|[from] brn\n|-fieldend|move: Trick Room\n|-fieldend|move: Psychic Terrain\n|upkeep\n|inactive|Pt16 has 120 seconds left.\n|\n|t:|1697562264\n|switch|p2a: Amoonguss|Amoonguss, M|100\/100\n|switch|p2b: Ogerpon|Ogerpon-Wellspring, F|100\/100\n|turn|6\n|l|\u2606ghostly spectrum\n|inactive|ghostly spectrum disconnected and has a minute to reconnect!\n|player|p1|\n|inactive|ghostly spectrum has 30 seconds to reconnect!\n|j|\u2606ghostly spectrum\n|inactive|ghostly spectrum reconnected and has 110 seconds left.\n|player|p1|ghostly spectrum|caitlin\n|\n|t:|1697562318\n|switch|p1b: Zapdos|Zapdos|64\/100\n|move|p2b: Ogerpon|Horn Leech|p1a: Politoed\n|-supereffective|p1a: Politoed\n|-damage|p1a: Politoed|0 fnt\n|faint|p1a: Politoed\n|move|p2a: Amoonguss|Spore|p1b: Zapdos\n|-status|p1b: Zapdos|slp|[from] move: Spore\n|\n|-weather|RainDance|[upkeep]\n|upkeep\n|\n|t:|1697562326\n|switch|p1a: Iron Bundle|Iron Bundle|100\/100\n|-enditem|p1a: Iron Bundle|Booster Energy\n|-activate|p1a: Iron Bundle|ability: Quark Drive|[fromitem]\n|-start|p1a: Iron Bundle|quarkdrivespa\n|turn|7\n|inactive|ghostly spectrum has 120 seconds left.\n|\n|t:|1697562349\n|move|p1a: Iron Bundle|Freeze-Dry|p2b: Ogerpon\n|-supereffective|p2b: Ogerpon\n|-damage|p2b: Ogerpon|0 fnt\n|faint|p2b: Ogerpon\n|cant|p1b: Zapdos|slp\n|move|p2a: Amoonguss|Spore|p1a: Iron Bundle\n|-status|p1a: Iron Bundle|slp|[from] move: Spore\n|\n|-weather|RainDance|[upkeep]\n|upkeep\n|\n|t:|1697562359\n|switch|p2b: Armarouge|Armarouge, F|100\/100\n|turn|8\n|\n|t:|1697562373\n|-terastallize|p2b: Armarouge|Grass\n|cant|p1a: Iron Bundle|slp\n|cant|p1b: Zapdos|slp\n|move|p2b: Armarouge|Heat Wave|p1a: Iron Bundle|[spread] p1a,p1b\n|-damage|p1a: Iron Bundle|47\/100 slp\n|-damage|p1b: Zapdos|40\/100 slp\n|-damage|p2b: Armarouge|91\/100|[from] item: Life Orb\n|move|p2a: Amoonguss|Pollen Puff|p1a: Iron Bundle\n|-damage|p1a: Iron Bundle|12\/100 slp\n|\n|-weather|none\n|upkeep\n|turn|9\n|inactive|Pt16 has 120 seconds left.\n|inactive|ghostly spectrum has 120 seconds left.\n|\n|t:|1697562425\n|move|p2a: Amoonguss|Protect|p2a: Amoonguss\n|-singleturn|p2a: Amoonguss|Protect\n|-curestatus|p1a: Iron Bundle|slp|[msg]\n|move|p1a: Iron Bundle|Freeze-Dry|p2b: Armarouge\n|-supereffective|p2b: Armarouge\n|-damage|p2b: Armarouge|0 fnt\n|faint|p2b: Armarouge\n|cant|p1b: Zapdos|slp\n|\n|upkeep\n|turn|10\n|inactive|Pt16 has 120 seconds left.\n|\n|t:|1697562448\n|move|p1a: Iron Bundle|Freeze-Dry|p2a: Amoonguss\n|-supereffective|p2a: Amoonguss\n|-damage|p2a: Amoonguss|39\/100\n|-curestatus|p1b: Zapdos|slp|[msg]\n|move|p1b: Zapdos|Hurricane|p2a: Amoonguss|[miss]\n|-miss|p1b: Zapdos|p2a: Amoonguss\n|move|p2a: Amoonguss|Pollen Puff|p1a: Iron Bundle\n|-damage|p1a: Iron Bundle|0 fnt\n|faint|p1a: Iron Bundle\n|-end|p1a: Iron Bundle|Quark Drive|[silent]\n|\n|upkeep\n|inactive|ghostly spectrum has 120 seconds left.\n|\n|t:|1697562464\n|switch|p1a: Regieleki|Regieleki|100\/100\n|turn|11\n|\n|t:|1697562469\n|move|p1a: Regieleki|Thunder|p2a: Amoonguss\n|-resisted|p2a: Amoonguss\n|-crit|p2a: Amoonguss\n|-damage|p2a: Amoonguss|0 fnt\n|faint|p2a: Amoonguss\n|\n|win|ghostly spectrum\n|raw|ghostly spectrum's rating: 1107 &rarr; <strong>1128<\/strong><br \/>(+21 for winning)\n|raw|Pt16's rating: 1045 &rarr; <strong>1031<\/strong><br \/>(-14 for losing)\n","uploadtime":1697562475,"views":28,"p1id":"ghostlyspectrum","p2id":"pt16","formatid":"gen9doublesou","rating":1031,"private":0,"password":""}