{"id":"gen9doublesou-1988778355","p1":"xHys","p2":"Yuichi","format":"[Gen 9] Doubles OU","log":"|j|\u2606xHys\n|j|\u2606Yuichi\n|t:|1699761930\n|gametype|doubles\n|player|p1|xHys|yellow|\n|player|p2|Yuichi|266|\n|teamsize|p1|6\n|teamsize|p2|6\n|gen|9\n|tier|[Gen 9] Doubles OU\n|rule|Species Clause: Limit one of each Pok\u00e9mon\n|rule|OHKO Clause: OHKO moves are banned\n|rule|Evasion Moves Clause: Evasion moves are banned\n|rule|Gravity Sleep Clause: The combination of sleep-inducing moves with imperfect accuracy and Gravity or Gigantamax Orbeetle are banned\n|rule|Endless Battle Clause: Forcing endless battles is banned\n|rule|HP Percentage Mod: HP is shown in percentages\n|clearpoke\n|poke|p1|Kommo-o, F|\n|poke|p1|Glimmora, F|\n|poke|p1|Rillaboom, F|\n|poke|p1|Landorus-Therian, M|\n|poke|p1|Ogerpon-Wellspring, F|\n|poke|p1|Gholdengo|\n|poke|p2|Flutter Mane|\n|poke|p2|Ogerpon-Wellspring, F|\n|poke|p2|Fezandipiti, M|\n|poke|p2|Landorus-Therian, M|\n|poke|p2|Rillaboom, M|\n|poke|p2|Kingambit, M|\n|teampreview\n|j| Grandmas Cookin\n|c|\u2606xHys|gl hf\n|c|\u2606Yuichi|hfhf\n|j|+Arcticblast\n|j| NecasInTrouble\n|j| R4ye\n|j| theyummybagel\n|j| Genesis77\n|j| Toxinalpaca\n|c|\u2606Yuichi|ill have you know that\n|c|\u2606Yuichi|this is my first relevant dou game this year\n|j| WillE_VGC\n|l| R4ye\n|j| Polar Fist\n|c| WillE_VGC|\ud83c\udde8\ud83c\udde6\ud83c\udde8\ud83c\udde6\ud83c\udde8\ud83c\udde6\ud83c\udde8\ud83c\udde6\n|j| Lunarr\n|\n|t:|1699762038\n|start\n|switch|p1a: Landorus|Landorus-Therian, M|100\/100\n|switch|p1b: Kommo-o|Kommo-o, F|100\/100\n|switch|p2a: Kingambit|Kingambit, M|100\/100\n|switch|p2b: Fezandipiti|Fezandipiti, M|100\/100\n|-ability|p1a: Landorus|Intimidate|boost\n|-unboost|p2a: Kingambit|atk|1\n|-ability|p2a: Kingambit|Defiant|boost\n|-boost|p2a: Kingambit|atk|2\n|-unboost|p2b: Fezandipiti|atk|1\n|turn|1\n|j| Jello1231\n|inactive|Battle timer is ON: inactive players will automatically lose when time's up. (requested by Yuichi)\n|j| SingleThunder\n|\n|t:|1699762070\n|-terastallize|p2a: Kingambit|Flying\n|move|p1a: Landorus|Stomping Tantrum|p2b: Fezandipiti\n|-supereffective|p2b: Fezandipiti\n|-damage|p2b: Fezandipiti|17\/100\n|move|p2b: Fezandipiti|Icy Wind|p1b: Kommo-o|[spread] p1a,p1b\n|-supereffective|p1a: Landorus\n|-supereffective|p1b: Kommo-o\n|-damage|p1a: Landorus|63\/100\n|-damage|p1b: Kommo-o|88\/100\n|-unboost|p1a: Landorus|spe|1\n|-unboost|p1b: Kommo-o|spe|1\n|-status|p1a: Landorus|tox|[from] ability: Toxic Chain|[of] p2b: Fezandipiti\n|move|p2a: Kingambit|Swords Dance|p2a: Kingambit\n|-boost|p2a: Kingambit|atk|2\n|move|p1b: Kommo-o|Body Press|p2a: Kingambit\n|-resisted|p2a: Kingambit\n|-damage|p2a: Kingambit|85\/100\n|\n|-heal|p1b: Kommo-o|94\/100|[from] item: Leftovers\n|-damage|p1a: Landorus|57\/100 tox|[from] psn\n|upkeep\n|turn|2\n|l| WillE_VGC\n|\n|t:|1699762091\n|switch|p1a: Glimmora|Glimmora, F|100\/100\n|move|p2a: Kingambit|Sucker Punch||[still]\n|-fail|p2a: Kingambit\n|move|p2b: Fezandipiti|Dazzling Gleam|p1a: Glimmora|[spread] p1a,p1b\n|-resisted|p1a: Glimmora\n|-supereffective|p1b: Kommo-o\n|-damage|p1a: Glimmora|90\/100\n|-damage|p1b: Kommo-o|40\/100\n|move|p1b: Kommo-o|Iron Defense|p1b: Kommo-o\n|-boost|p1b: Kommo-o|def|2\n|\n|-heal|p1b: Kommo-o|46\/100|[from] item: Leftovers\n|upkeep\n|turn|3\n|\n|t:|1699762107\n|move|p1b: Kommo-o|Protect|p1b: Kommo-o\n|-singleturn|p1b: Kommo-o|Protect\n|move|p2a: Kingambit|Sucker Punch|p1a: Glimmora\n|-damage|p1a: Glimmora|0 fnt\n|-activate|p1a: Glimmora|ability: Toxic Debris\n|-sidestart|p2: Yuichi|move: Toxic Spikes\n|faint|p1a: Glimmora\n|move|p2b: Fezandipiti|Dazzling Gleam|p1b: Kommo-o\n|-activate|p1b: Kommo-o|move: Protect\n|\n|-heal|p1b: Kommo-o|52\/100|[from] item: Leftovers\n|upkeep\n|j|+daawesomedude1 (\n|\n|t:|1699762121\n|switch|p1a: Rillaboom|Rillaboom, F|100\/100\n|-fieldstart|move: Grassy Terrain|[from] ability: Grassy Surge|[of] p1a: Rillaboom\n|-enditem|p2b: Fezandipiti|Grassy Seed\n|-boost|p2b: Fezandipiti|def|1|[from] item: Grassy Seed\n|turn|4\n|\n|t:|1699762138\n|-terastallize|p1b: Kommo-o|Fire\n|move|p1a: Rillaboom|Fake Out|p2a: Kingambit\n|-damage|p2a: Kingambit|74\/100\n|move|p2b: Fezandipiti|Roost|p2b: Fezandipiti\n|-heal|p2b: Fezandipiti|67\/100\n|-singleturn|p2b: Fezandipiti|move: Roost\n|move|p2a: Kingambit|Iron Head|p1a: Rillaboom\n|-damage|p1a: Rillaboom|0 fnt\n|faint|p1a: Rillaboom\n|move|p1b: Kommo-o|Iron Defense|p1b: Kommo-o\n|-boost|p1b: Kommo-o|def|2\n|\n|-heal|p2b: Fezandipiti|73\/100|[from] Grassy Terrain\n|-heal|p1b: Kommo-o|59\/100|[from] Grassy Terrain\n|-heal|p1b: Kommo-o|65\/100|[from] item: Leftovers\n|upkeep\n|j|+GenOne\n|\n|t:|1699762155\n|switch|p1a: Ogerpon|Ogerpon-Wellspring, F|100\/100\n|turn|5\n|j| ggsundae\n|\n|t:|1699762182\n|move|p1a: Ogerpon|Spiky Shield|p1a: Ogerpon\n|-singleturn|p1a: Ogerpon|move: Protect\n|move|p2b: Fezandipiti|Icy Wind|p1a: Ogerpon|[spread] p1b\n|-activate|p1a: Ogerpon|move: Protect\n|-resisted|p1b: Kommo-o\n|-damage|p1b: Kommo-o|62\/100\n|-unboost|p1b: Kommo-o|spe|1\n|move|p2a: Kingambit|Low Kick|p1b: Kommo-o\n|-damage|p1b: Kommo-o|46\/100\n|move|p1b: Kommo-o|Body Press|p2a: Kingambit\n|-resisted|p2a: Kingambit\n|-damage|p2a: Kingambit|32\/100\n|\n|-heal|p2b: Fezandipiti|79\/100|[from] Grassy Terrain\n|-heal|p1b: Kommo-o|52\/100|[from] Grassy Terrain\n|-heal|p1b: Kommo-o|58\/100|[from] item: Leftovers\n|upkeep\n|turn|6\n|inactive|Yuichi has 270 seconds left.\n|\n|t:|1699762218\n|move|p1a: Ogerpon|Follow Me|p1a: Ogerpon\n|-singleturn|p1a: Ogerpon|move: Follow Me\n|move|p2a: Kingambit|Sucker Punch||[still]\n|-fail|p2a: Kingambit\n|move|p2b: Fezandipiti|Dazzling Gleam|p1a: Ogerpon|[spread] p1a,p1b\n|-crit|p1a: Ogerpon\n|-resisted|p1b: Kommo-o\n|-damage|p1a: Ogerpon|77\/100\n|-damage|p1b: Kommo-o|52\/100\n|-status|p1b: Kommo-o|tox|[from] ability: Toxic Chain|[of] p2b: Fezandipiti\n|move|p1b: Kommo-o|Body Press|p2a: Kingambit\n|-resisted|p2a: Kingambit\n|-damage|p2a: Kingambit|0 fnt\n|faint|p2a: Kingambit\n|\n|-heal|p1a: Ogerpon|83\/100|[from] Grassy Terrain\n|-heal|p2b: Fezandipiti|85\/100|[from] Grassy Terrain\n|-heal|p1b: Kommo-o|59\/100 tox|[from] Grassy Terrain\n|-heal|p1b: Kommo-o|65\/100 tox|[from] item: Leftovers\n|-damage|p1b: Kommo-o|59\/100 tox|[from] psn\n|upkeep\n|\n|t:|1699762226\n|switch|p2a: Landorus|Landorus-Therian, M|100\/100\n|-ability|p2a: Landorus|Intimidate|boost\n|-unboost|p1a: Ogerpon|atk|1\n|-unboost|p1b: Kommo-o|atk|1\n|turn|7\n|j| KeanuVGC\n|inactive|xHys has 270 seconds left.\n|\n|t:|1699762264\n|move|p1a: Ogerpon|Spiky Shield|p1a: Ogerpon\n|-singleturn|p1a: Ogerpon|move: Protect\n|move|p2a: Landorus|U-turn|p1a: Ogerpon\n|-activate|p1a: Ogerpon|move: Protect\n|-damage|p2a: Landorus|88\/100|[from] Spiky Shield|[of] p1a: Ogerpon\n|move|p2b: Fezandipiti|Taunt|p1a: Ogerpon\n|-activate|p1a: Ogerpon|move: Protect\n|move|p1b: Kommo-o|Body Press|p2a: Landorus\n|-resisted|p2a: Landorus\n|-crit|p2a: Landorus\n|-damage|p2a: Landorus|0 fnt\n|faint|p2a: Landorus\n|\n|-heal|p1a: Ogerpon|89\/100|[from] Grassy Terrain\n|-heal|p2b: Fezandipiti|91\/100|[from] Grassy Terrain\n|-heal|p1b: Kommo-o|65\/100 tox|[from] Grassy Terrain\n|-heal|p1b: Kommo-o|71\/100 tox|[from] item: Leftovers\n|-damage|p1b: Kommo-o|59\/100 tox|[from] psn\n|upkeep\n|\n|t:|1699762270\n|switch|p2a: Flutter Mane|Flutter Mane|100\/100\n|-status|p2a: Flutter Mane|psn\n|turn|8\n|l|+GenOne\n|j|+zoe\n|j| Eragon11145\n|inactive|xHys has 270 seconds left.\n|l| KeanuVGC\n|\n|t:|1699762300\n|move|p2a: Flutter Mane|Shadow Ball|p1a: Ogerpon\n|-damage|p1a: Ogerpon|28\/100\n|move|p1a: Ogerpon|Horn Leech|p2a: Flutter Mane\n|-damage|p2a: Flutter Mane|26\/100 psn\n|-heal|p1a: Ogerpon|54\/100|[from] drain|[of] p2a: Flutter Mane\n|move|p2b: Fezandipiti|Dazzling Gleam|p1b: Kommo-o|[spread] p1a,p1b\n|-resisted|p1b: Kommo-o\n|-damage|p1a: Ogerpon|38\/100\n|-damage|p1b: Kommo-o|53\/100 tox\n|move|p1b: Kommo-o|Body Press|p2b: Fezandipiti\n|-resisted|p2b: Fezandipiti\n|-damage|p2b: Fezandipiti|74\/100\n|\n|-heal|p2a: Flutter Mane|32\/100 psn|[from] Grassy Terrain\n|-heal|p1a: Ogerpon|44\/100|[from] Grassy Terrain\n|-heal|p2b: Fezandipiti|80\/100|[from] Grassy Terrain\n|-heal|p1b: Kommo-o|59\/100 tox|[from] Grassy Terrain\n|-heal|p1b: Kommo-o|65\/100 tox|[from] item: Leftovers\n|-damage|p2a: Flutter Mane|20\/100 psn|[from] psn\n|-damage|p1b: Kommo-o|46\/100 tox|[from] psn\n|-fieldend|move: Grassy Terrain\n|upkeep\n|turn|9\n|inactive|xHys has 270 seconds left.\n|\n|t:|1699762325\n|-end|p2a: Flutter Mane|Protosynthesis|[silent]\n|switch|p2a: Ogerpon|Ogerpon-Wellspring, F|100\/100\n|-status|p2a: Ogerpon|psn\n|move|p1a: Ogerpon|Spiky Shield|p1a: Ogerpon\n|-singleturn|p1a: Ogerpon|move: Protect\n|move|p2b: Fezandipiti|Icy Wind|p1a: Ogerpon|[spread] p1b\n|-activate|p1a: Ogerpon|move: Protect\n|-resisted|p1b: Kommo-o\n|-damage|p1b: Kommo-o|44\/100 tox\n|-unboost|p1b: Kommo-o|spe|1\n|move|p1b: Kommo-o|Stealth Rock|p2a: Ogerpon\n|-sidestart|p2: Yuichi|move: Stealth Rock\n|\n|-heal|p1b: Kommo-o|50\/100 tox|[from] item: Leftovers\n|-damage|p2a: Ogerpon|88\/100 psn|[from] psn\n|-damage|p1b: Kommo-o|25\/100 tox|[from] psn\n|upkeep\n|turn|10\n|inactive|xHys has 270 seconds left.\n|\n|t:|1699762356\n|switch|p1b: Landorus|Landorus-Therian, M|57\/100 tox\n|-ability|p1b: Landorus|Intimidate|boost\n|-unboost|p2a: Ogerpon|atk|1\n|-unboost|p2b: Fezandipiti|atk|1\n|move|p2a: Ogerpon|Spiky Shield|p2a: Ogerpon\n|-singleturn|p2a: Ogerpon|move: Protect\n|move|p1a: Ogerpon|Follow Me|p1a: Ogerpon\n|-singleturn|p1a: Ogerpon|move: Follow Me\n|move|p2b: Fezandipiti|Icy Wind|p1a: Ogerpon|[spread] p1a,p1b\n|-supereffective|p1b: Landorus\n|-damage|p1a: Ogerpon|37\/100\n|-damage|p1b: Landorus|18\/100 tox\n|-unboost|p1a: Ogerpon|spe|1\n|-unboost|p1b: Landorus|spe|1\n|\n|-damage|p2a: Ogerpon|76\/100 psn|[from] psn\n|-damage|p1b: Landorus|12\/100 tox|[from] psn\n|upkeep\n|turn|11\n|inactive|xHys has 270 seconds left.\n|\n|t:|1699762374\n|switch|p1b: Kommo-o|Kommo-o, F, tera:Fire|25\/100 tox\n|move|p1a: Ogerpon|Spiky Shield|p1a: Ogerpon\n|-singleturn|p1a: Ogerpon|move: Protect\n|move|p2a: Ogerpon|Follow Me|p2a: Ogerpon\n|-singleturn|p2a: Ogerpon|move: Follow Me\n|move|p2b: Fezandipiti|Icy Wind|p1a: Ogerpon|[spread] p1b\n|-activate|p1a: Ogerpon|move: Protect\n|-resisted|p1b: Kommo-o\n|-damage|p1b: Kommo-o|22\/100 tox\n|-unboost|p1b: Kommo-o|spe|1\n|\n|-heal|p1b: Kommo-o|28\/100 tox|[from] item: Leftovers\n|-damage|p2a: Ogerpon|63\/100 psn|[from] psn\n|-damage|p1b: Kommo-o|22\/100 tox|[from] psn\n|upkeep\n|turn|12\n|\n|t:|1699762386\n|move|p2a: Ogerpon|Spiky Shield|p2a: Ogerpon\n|-singleturn|p2a: Ogerpon|move: Protect\n|move|p2b: Fezandipiti|Dazzling Gleam|p1a: Ogerpon|[spread] p1a,p1b\n|-resisted|p1b: Kommo-o\n|-damage|p1a: Ogerpon|21\/100\n|-damage|p1b: Kommo-o|15\/100 tox\n|move|p1a: Ogerpon|Horn Leech|p2a: Ogerpon\n|-activate|p2a: Ogerpon|move: Protect\n|-damage|p1a: Ogerpon|9\/100|[from] Spiky Shield|[of] p2a: Ogerpon\n|move|p1b: Kommo-o|Body Press|p2a: Ogerpon\n|-activate|p2a: Ogerpon|move: Protect\n|-damage|p1b: Kommo-o|3\/100 tox|[from] Spiky Shield|[of] p2a: Ogerpon\n|\n|-heal|p1b: Kommo-o|9\/100 tox|[from] item: Leftovers\n|-damage|p2a: Ogerpon|51\/100 psn|[from] psn\n|-damage|p1b: Kommo-o|0 fnt|[from] psn\n|faint|p1b: Kommo-o\n|upkeep\n|\n|t:|1699762394\n|switch|p1b: Gholdengo|Gholdengo|100\/100\n|turn|13\n|\n|t:|1699762404\n|switch|p1a: Landorus|Landorus-Therian, M|12\/100 tox\n|-ability|p1a: Landorus|Intimidate|boost\n|-unboost|p2a: Ogerpon|atk|1\n|-unboost|p2b: Fezandipiti|atk|1\n|move|p2a: Ogerpon|Ivy Cudgel|p1b: Gholdengo\n|-damage|p1b: Gholdengo|75\/100\n|move|p1b: Gholdengo|Make It Rain|p2a: Ogerpon|[spread] p2a,p2b\n|-resisted|p2a: Ogerpon\n|-supereffective|p2b: Fezandipiti\n|-damage|p2a: Ogerpon|22\/100 psn\n|-damage|p2b: Fezandipiti|2\/100\n|-unboost|p1b: Gholdengo|spa|1\n|move|p2b: Fezandipiti|Icy Wind|p1b: Gholdengo|[spread] p1a,p1b\n|-supereffective|p1a: Landorus\n|-resisted|p1b: Gholdengo\n|-damage|p1a: Landorus|0 fnt\n|-damage|p1b: Gholdengo|71\/100\n|-unboost|p1b: Gholdengo|spe|1\n|faint|p1a: Landorus\n|\n|-damage|p2a: Ogerpon|10\/100 psn|[from] psn\n|upkeep\n|l| Eragon11145\n|\n|t:|1699762418\n|switch|p1a: Ogerpon|Ogerpon-Wellspring, F|9\/100\n|turn|14\n|j| NinjaSnapple\n|inactive|xHys has 270 seconds left.\n|\n|t:|1699762452\n|move|p1b: Gholdengo|Protect|p1b: Gholdengo\n|-singleturn|p1b: Gholdengo|Protect\n|move|p2a: Ogerpon|Follow Me|p2a: Ogerpon\n|-singleturn|p2a: Ogerpon|move: Follow Me\n|move|p1a: Ogerpon|Horn Leech|p2a: Ogerpon\n|-damage|p2a: Ogerpon|0 fnt\n|-heal|p1a: Ogerpon|14\/100|[from] drain|[of] p2a: Ogerpon\n|faint|p2a: Ogerpon\n|move|p2b: Fezandipiti|Dazzling Gleam|p1a: Ogerpon|[spread] p1a\n|-activate|p1b: Gholdengo|move: Protect\n|-damage|p1a: Ogerpon|0 fnt\n|faint|p1a: Ogerpon\n|\n|upkeep\n|\n|t:|1699762459\n|switch|p2a: Rillaboom|Rillaboom, M|100\/100\n|-status|p2a: Rillaboom|psn\n|-damage|p2a: Rillaboom|88\/100 psn|[from] Stealth Rock\n|-fieldstart|move: Grassy Terrain|[from] ability: Grassy Surge|[of] p2a: Rillaboom\n|turn|15\n|\n|t:|1699762464\n|move|p2b: Fezandipiti|Roost|p2b: Fezandipiti\n|-heal|p2b: Fezandipiti|52\/100\n|-singleturn|p2b: Fezandipiti|move: Roost\n|move|p2a: Rillaboom|High Horsepower|p1b: Gholdengo\n|-supereffective|p1b: Gholdengo\n|-crit|p1b: Gholdengo\n|-damage|p1b: Gholdengo|0 fnt\n|faint|p1b: Gholdengo\n|\n|win|Yuichi\n|l| NecasInTrouble\n|l| ggsundae\n|l|+zoe\n|l|+Arcticblast\n","uploadtime":1699762481,"views":99,"p1id":"xhys","p2id":"yuichi","formatid":"gen9doublesou","rating":0,"private":0,"password":""}