{"id":"gen9doublesou-1980445298","p1":"Tomacro","p2":"LeaderBelle","format":"[Gen 9] Doubles OU","log":"|j|\u2606Tomacro\n|j|\u2606LeaderBelle\n|t:|1698785585\n|gametype|doubles\n|player|p1|Tomacro|2|1047\n|player|p2|LeaderBelle|candice|1177\n|teamsize|p1|6\n|teamsize|p2|6\n|gen|9\n|tier|[Gen 9] Doubles OU\n|rated|\n|rule|Species Clause: Limit one of each Pok\u00e9mon\n|rule|OHKO Clause: OHKO moves are banned\n|rule|Evasion Moves Clause: Evasion moves are banned\n|rule|Gravity Sleep Clause: The combination of sleep-inducing moves with imperfect accuracy and Gravity or Gigantamax Orbeetle are banned\n|rule|Endless Battle Clause: Forcing endless battles is banned\n|rule|HP Percentage Mod: HP is shown in percentages\n|clearpoke\n|poke|p1|Crabominable, M|\n|poke|p1|Murkrow, M|\n|poke|p1|Crawdaunt, F|\n|poke|p1|Klawf, M|\n|poke|p1|Meowscarada, M|\n|poke|p1|Clawitzer, M|\n|poke|p2|Ursaluna, M|\n|poke|p2|Clefairy, M|\n|poke|p2|Furret, M|\n|poke|p2|Tornadus, M|\n|poke|p2|Lurantis, M|\n|poke|p2|Chien-Pao|\n|teampreview\n|c|\u2606LeaderBelle|Glhf\n|c|\u2606LeaderBelle|Nice team\n|\n|t:|1698785631\n|start\n|switch|p1a: Crabominable|Crabominable, M|100\/100\n|switch|p1b: Meowscarada|Meowscarada, M|100\/100\n|switch|p2a: Mr. Avatar|Tornadus, M|100\/100\n|switch|p2b: Treble|Clefairy, M|100\/100\n|turn|1\n|\n|t:|1698785651\n|-terastallize|p1a: Crabominable|Steel\n|move|p2b: Treble|Follow Me|p2b: Treble\n|-singleturn|p2b: Treble|move: Follow Me\n|move|p2a: Mr. Avatar|Tailwind|p2a: Mr. Avatar\n|-sidestart|p2: LeaderBelle|move: Tailwind\n|move|p1b: Meowscarada|Flower Trick|p2b: Treble\n|-start|p1b: Meowscarada|typechange|Grass|[from] ability: Protean\n|-crit|p2b: Treble\n|-damage|p2b: Treble|64\/100\n|move|p1a: Crabominable|Drain Punch|p2b: Treble\n|-resisted|p2b: Treble\n|-damage|p2b: Treble|52\/100\n|\n|upkeep\n|turn|2\n|\n|t:|1698785733\n|move|p2b: Treble|Protect|p2b: Treble\n|-singleturn|p2b: Treble|Protect\n|move|p2a: Mr. Avatar|U-turn|p1b: Meowscarada\n|-supereffective|p1b: Meowscarada\n|-damage|p1b: Meowscarada|46\/100\n|\n|t:|1698785744\n|switch|p2a: Booga|Ursaluna, M|100\/100|[from] U-turn\n|move|p1b: Meowscarada|Flower Trick|p1a: Crabominable\n|-resisted|p1a: Crabominable\n|-crit|p1a: Crabominable\n|-damage|p1a: Crabominable|84\/100\n|-setboost|p1a: Crabominable|atk|6|[from] ability: Anger Point\n|move|p1a: Crabominable|Drain Punch|p2b: Treble\n|-activate|p2b: Treble|move: Protect\n|\n|-status|p2a: Booga|brn|[from] item: Flame Orb\n|upkeep\n|turn|3\n|\n|t:|1698785763\n|switch|p1b: Murkrow|Murkrow, M|100\/100\n|move|p2b: Treble|Helping Hand|p2a: Booga\n|-singleturn|p2a: Booga|Helping Hand|[of] p2b: Treble\n|move|p2a: Booga|Earthquake|p1b: Murkrow|[spread] p2b,p1a\n|-immune|p1b: Murkrow\n|-supereffective|p1a: Crabominable\n|-damage|p2b: Treble|0 fnt\n|-damage|p1a: Crabominable|0 fnt\n|faint|p2b: Treble\n|faint|p1a: Crabominable\n|\n|-damage|p2a: Booga|94\/100 brn|[from] brn\n|upkeep\n|c|\u2606LeaderBelle|Worth it\n|\n|t:|1698785794\n|switch|p1a: Clawitzer|Clawitzer, M|100\/100\n|switch|p2b: Chien-Pao|Chien-Pao|100\/100\n|-ability|p2b: Chien-Pao|Sword of Ruin\n|turn|4\n|\n|t:|1698785821\n|move|p1b: Murkrow|Tailwind|p1b: Murkrow\n|-sidestart|p1: Tomacro|move: Tailwind\n|move|p2b: Chien-Pao|Crunch|p1a: Clawitzer\n|-damage|p1a: Clawitzer|27\/100\n|move|p2a: Booga|Trailblaze|p1a: Clawitzer\n|-supereffective|p1a: Clawitzer\n|-damage|p1a: Clawitzer|0 fnt\n|-boost|p2a: Booga|spe|1\n|faint|p1a: Clawitzer\n|\n|-damage|p2a: Booga|88\/100 brn|[from] brn\n|-sideend|p2: LeaderBelle|move: Tailwind\n|upkeep\n|\n|t:|1698785835\n|switch|p1a: Meowscarada|Meowscarada, M|46\/100\n|turn|5\n|\n|t:|1698785896\n|move|p1b: Murkrow|Thunder Wave|p2b: Chien-Pao\n|-hint|Since gen 7, Dark is immune to Prankster moves.\n|-immune|p2b: Chien-Pao\n|move|p1a: Meowscarada|Flower Trick|p2b: Chien-Pao\n|-start|p1a: Meowscarada|typechange|Grass|[from] ability: Protean\n|-crit|p2b: Chien-Pao\n|-damage|p2b: Chien-Pao|33\/100\n|move|p2b: Chien-Pao|Brick Break|p1a: Meowscarada\n|-damage|p1a: Meowscarada|0 fnt\n|faint|p1a: Meowscarada\n|move|p2a: Booga|Facade|p1b: Murkrow\n|-damage|p1b: Murkrow|0 fnt\n|faint|p1b: Murkrow\n|\n|-damage|p2a: Booga|82\/100 brn|[from] brn\n|upkeep\n|\n|t:|1698785913\n|switch|p1a: Crawdaunt|Crawdaunt, F|100\/100\n|switch|p1b: Klawf|Klawf, M|100\/100\n|turn|6\n|\n|t:|1698785945\n|switch|p2b: Mr. Avatar|Tornadus, M|100\/100\n|move|p1b: Klawf|Crabhammer|p2a: Booga\n|-supereffective|p2a: Booga\n|-damage|p2a: Booga|43\/100 brn\n|move|p1a: Crawdaunt|Crabhammer|p2a: Booga\n|-supereffective|p2a: Booga\n|-damage|p2a: Booga|0 fnt\n|faint|p2a: Booga\n|\n|upkeep\n|\n|t:|1698785989\n|switch|p2a: Chien-Pao|Chien-Pao|33\/100\n|-ability|p2a: Chien-Pao|Sword of Ruin\n|turn|7\n|\n|t:|1698786051\n|move|p2b: Mr. Avatar|Tailwind|p2b: Mr. Avatar\n|-sidestart|p2: LeaderBelle|move: Tailwind\n|move|p2a: Chien-Pao|Brick Break|p1b: Klawf\n|-supereffective|p1b: Klawf\n|-damage|p1b: Klawf|28\/100\n|move|p1b: Klawf|Crabhammer|p2a: Chien-Pao\n|-damage|p2a: Chien-Pao|0 fnt\n|faint|p2a: Chien-Pao\n|move|p1a: Crawdaunt|Crabhammer|p2b: Mr. Avatar\n|-crit|p2b: Mr. Avatar\n|-damage|p2b: Mr. Avatar|0 fnt\n|faint|p2b: Mr. Avatar\n|\n|-sideend|p1: Tomacro|move: Tailwind\n|upkeep\n|\n|t:|1698786067\n|switch|p2a: Warsaw|Lurantis, M, shiny|100\/100\n|switch|p2b: Boots|Furret, M, shiny|100\/100\n|turn|8\n|\n|t:|1698786099\n|move|p2b: Boots|Tidy Up|p2b: Boots\n|-boost|p2b: Boots|atk|1\n|-boost|p2b: Boots|spe|1\n|move|p2a: Warsaw|Superpower|p1b: Klawf\n|-supereffective|p1b: Klawf\n|-damage|p1b: Klawf|0 fnt\n|-boost|p2a: Warsaw|atk|1\n|-boost|p2a: Warsaw|def|1\n|faint|p1b: Klawf\n|move|p1a: Crawdaunt|Close Combat|p2b: Boots\n|-supereffective|p2b: Boots\n|-damage|p2b: Boots|0 fnt\n|-unboost|p1a: Crawdaunt|def|1\n|-unboost|p1a: Crawdaunt|spd|1\n|faint|p2b: Boots\n|\n|upkeep\n|turn|9\n|\n|t:|1698786117\n|move|p2a: Warsaw|Superpower|p1a: Crawdaunt\n|-supereffective|p1a: Crawdaunt\n|-damage|p1a: Crawdaunt|0 fnt\n|-boost|p2a: Warsaw|atk|1\n|-boost|p2a: Warsaw|def|1\n|faint|p1a: Crawdaunt\n|\n|win|LeaderBelle\n|raw|Tomacro's rating: 1047 &rarr; <strong>1036<\/strong><br \/>(-11 for losing)\n|raw|LeaderBelle's rating: 1177 &rarr; <strong>1193<\/strong><br \/>(+16 for winning)\n|l|\u2606Tomacro\n|l|\u2606LeaderBelle\n|j|\u2606LeaderBelle\n|player|p2|LeaderBelle|candice\n","uploadtime":1698786177,"views":14,"p1id":"tomacro","p2id":"leaderbelle","formatid":"gen9doublesou","rating":1036,"private":0,"password":""}