{"id":"gen9doublesou-1984225373","p1":"doggo of war","p2":"SlamOnyx","format":"[Gen 9] Doubles OU","log":"|j|\u2606doggo of war\n|j|\u2606SlamOnyx\n|t:|1699232248\n|gametype|doubles\n|player|p1|doggo of war|ingo|1168\n|player|p2|SlamOnyx|brendan|1094\n|teamsize|p1|6\n|teamsize|p2|6\n|gen|9\n|tier|[Gen 9] Doubles OU\n|rated|\n|rule|Species Clause: Limit one of each Pok\u00e9mon\n|rule|OHKO Clause: OHKO moves are banned\n|rule|Evasion Moves Clause: Evasion moves are banned\n|rule|Gravity Sleep Clause: The combination of sleep-inducing moves with imperfect accuracy and Gravity or Gigantamax Orbeetle are banned\n|rule|Endless Battle Clause: Forcing endless battles is banned\n|rule|HP Percentage Mod: HP is shown in percentages\n|clearpoke\n|poke|p1|Oricorio-Pom-Pom, F|\n|poke|p1|Lilligant-Hisui, F|\n|poke|p1|Frosmoth, M|\n|poke|p1|Espathra, M|\n|poke|p1|Flamigo, M|\n|poke|p1|Grimmsnarl, M|\n|poke|p2|Torkoal, F|\n|poke|p2|Baxcalibur, M|\n|poke|p2|Enamorus, F|\n|poke|p2|Grafaiai, F|\n|poke|p2|Indeedee-F, F|\n|poke|p2|Azelf|\n|teampreview\n|inactive|Battle timer is ON: inactive players will automatically lose when time's up. (requested by SlamOnyx)\n|\n|t:|1699232276\n|start\n|switch|p1a: Grimmsnarl|Grimmsnarl, M|100\/100\n|switch|p1b: Espathra|Espathra, M|100\/100\n|switch|p2a: monke moment|Grafaiai, F|100\/100\n|switch|p2b: ITS YAM TIME|Enamorus, F|100\/100\n|turn|1\n|c|\u2606SlamOnyx|ITS YAM TIME\n|\n|t:|1699232299\n|move|p1a: Grimmsnarl|Fake Out|p2b: ITS YAM TIME\n|-damage|p2b: ITS YAM TIME|75\/100\n|move|p2a: monke moment|Scary Face|p2b: ITS YAM TIME\n|-boost|p2b: ITS YAM TIME|spe|2\n|cant|p2b: ITS YAM TIME|flinch\n|move|p1b: Espathra|Calm Mind|p1b: Espathra\n|-boost|p1b: Espathra|spa|1\n|-boost|p1b: Espathra|spd|1\n|\n|-ability|p1b: Espathra|Speed Boost|boost\n|-boost|p1b: Espathra|spe|1\n|upkeep\n|turn|2\n|\n|t:|1699232314\n|move|p1a: Grimmsnarl|Light Screen|p1a: Grimmsnarl\n|-sidestart|p1: doggo of war|move: Light Screen\n|move|p2b: ITS YAM TIME|Dazzling Gleam|p1b: Espathra|[spread] p1a,p1b\n|-supereffective|p1a: Grimmsnarl\n|-damage|p1a: Grimmsnarl|46\/100\n|-damage|p1b: Espathra|77\/100\n|move|p1b: Espathra|Calm Mind|p1b: Espathra\n|-boost|p1b: Espathra|spa|1\n|-boost|p1b: Espathra|spd|1\n|move|p2a: monke moment|Pounce|p1b: Espathra\n|-supereffective|p1b: Espathra\n|-damage|p1b: Espathra|52\/100\n|-unboost|p1b: Espathra|spe|1\n|\n|-ability|p1b: Espathra|Speed Boost|boost\n|-boost|p1b: Espathra|spe|1\n|upkeep\n|turn|3\n|\n|t:|1699232329\n|move|p2a: monke moment|Parting Shot|p2b: ITS YAM TIME\n|-boost|p2b: ITS YAM TIME|atk|1\n|-boost|p2b: ITS YAM TIME|spa|1\n|\n|t:|1699232334\n|switch|p2a: lil psychic lad|Indeedee-F, F|100\/100|[from] Parting Shot\n|-fieldstart|move: Psychic Terrain|[from] ability: Psychic Surge|[of] p2a: lil psychic lad\n|move|p1a: Grimmsnarl|Reflect|p1a: Grimmsnarl\n|-sidestart|p1: doggo of war|Reflect\n|move|p2b: ITS YAM TIME|Dazzling Gleam|p1b: Espathra|[spread] p1a,p1b\n|-supereffective|p1a: Grimmsnarl\n|-damage|p1a: Grimmsnarl|0 fnt\n|-damage|p1b: Espathra|27\/100\n|faint|p1a: Grimmsnarl\n|move|p1b: Espathra|Stored Power|p2a: lil psychic lad\n|-resisted|p2a: lil psychic lad\n|-damage|p2a: lil psychic lad|40\/100\n|\n|-ability|p1b: Espathra|Speed Boost|boost\n|-boost|p1b: Espathra|spe|1\n|upkeep\n|\n|t:|1699232352\n|switch|p1a: Oricorio|Oricorio-Pom-Pom, F|100\/100\n|turn|4\n|inactive|SlamOnyx has 120 seconds left.\n|\n|t:|1699232386\n|move|p2b: ITS YAM TIME|Dazzling Gleam|p1b: Espathra|[spread] p1a,p1b\n|-damage|p1a: Oricorio|40\/100\n|-damage|p1b: Espathra|2\/100\n|move|p1b: Espathra|Roost|p1b: Espathra\n|-heal|p1b: Espathra|52\/100\n|-singleturn|p1b: Espathra|move: Roost\n|move|p2a: lil psychic lad|Psychic|p1a: Oricorio\n|-damage|p1a: Oricorio|0 fnt\n|faint|p1a: Oricorio\n|\n|-ability|p1b: Espathra|Speed Boost|boost\n|-boost|p1b: Espathra|spe|1\n|upkeep\n|\n|t:|1699232407\n|switch|p1a: Flamigo|Flamigo, M|100\/100\n|-copyboost|p1a: Flamigo|p1b: Espathra|[from] ability: Costar\n|turn|5\n|\n|t:|1699232418\n|move|p1a: Flamigo|Brave Bird|p2b: ITS YAM TIME\n|-damage|p2b: ITS YAM TIME|0 fnt\n|faint|p2b: ITS YAM TIME\n|-damage|p1a: Flamigo|77\/100|[from] Recoil\n|-damage|p1a: Flamigo|67\/100|[from] item: Life Orb\n|move|p1b: Espathra|Dazzling Gleam|p2a: lil psychic lad\n|-damage|p2a: lil psychic lad|0 fnt\n|faint|p2a: lil psychic lad\n|\n|-ability|p1b: Espathra|Speed Boost|boost\n|-boost|p1b: Espathra|spe|1\n|upkeep\n|\n|t:|1699232430\n|switch|p2b: monke moment|Grafaiai, F|100\/100\n|switch|p2a: floaty boi|Azelf|100\/100\n|turn|6\n|\n|t:|1699232453\n|move|p2b: monke moment|Scary Face|p1a: Flamigo\n|-unboost|p1a: Flamigo|spe|2\n|move|p1b: Espathra|Stored Power|p2b: monke moment\n|-supereffective|p2b: monke moment\n|-enditem|p2b: monke moment|Focus Sash\n|-damage|p2b: monke moment|1\/100\n|move|p1a: Flamigo|Throat Chop|p2a: floaty boi\n|-supereffective|p2a: floaty boi\n|-damage|p2a: floaty boi|0 fnt\n|faint|p2a: floaty boi\n|-damage|p1a: Flamigo|58\/100|[from] item: Life Orb\n|\n|-ability|p1b: Espathra|Speed Boost|boost\n|-boost|p1b: Espathra|spe|1\n|upkeep\n|\n|t:|1699232463\n|switch|p2a: Tutel :>|Torkoal, F|100\/100\n|-weather|SunnyDay|[from] ability: Drought|[of] p2a: Tutel :>\n|turn|7\n|\n|t:|1699232479\n|move|p2b: monke moment|Scary Face|p1b: Espathra\n|-activate|p1b: Espathra|move: Psychic Terrain\n|move|p1b: Espathra|Dazzling Gleam|p2b: monke moment|[spread] p2a,p2b\n|-resisted|p2a: Tutel :>\n|-resisted|p2b: monke moment\n|-damage|p2a: Tutel :>|83\/100\n|-damage|p2b: monke moment|0 fnt\n|faint|p2b: monke moment\n|move|p1a: Flamigo|Close Combat|p2a: Tutel :>\n|-crit|p2a: Tutel :>\n|-damage|p2a: Tutel :>|0 fnt\n|-unboost|p1a: Flamigo|def|1\n|-unboost|p1a: Flamigo|spd|1\n|faint|p2a: Tutel :>\n|-damage|p1a: Flamigo|48\/100|[from] item: Life Orb\n|\n|-weather|SunnyDay|[upkeep]\n|-ability|p1b: Espathra|Speed Boost|boost\n|-boost|p1b: Espathra|spe|1\n|upkeep\n|\n|t:|1699232489\n|switch|p2b: Bornana|Baxcalibur, M|100\/100\n|turn|8\n|\n|t:|1699232500\n|move|p1b: Espathra|Roost|p1b: Espathra\n|-heal|p1b: Espathra|100\/100\n|-singleturn|p1b: Espathra|move: Roost\n|move|p1a: Flamigo|Close Combat|p2b: Bornana\n|-supereffective|p2b: Bornana\n|-damage|p2b: Bornana|0 fnt\n|-unboost|p1a: Flamigo|def|1\n|-unboost|p1a: Flamigo|spd|1\n|faint|p2b: Bornana\n|-damage|p1a: Flamigo|38\/100|[from] item: Life Orb\n|\n|win|doggo of war\n|raw|doggo of war's rating: 1168 &rarr; <strong>1188<\/strong><br \/>(+20 for winning)\n|raw|SlamOnyx's rating: 1094 &rarr; <strong>1075<\/strong><br \/>(-19 for losing)\n|l|\u2606SlamOnyx\n","uploadtime":1699232554,"views":7,"p1id":"doggoofwar","p2id":"slamonyx","formatid":"gen9doublesou","rating":1075,"private":0,"password":""}