{"id":"gen9doublesou-1993865227","p1":"Elite.4.Challenger","p2":"OPieceOfHeroGhost","format":"[Gen 9] Doubles OU","log":"|j|\u2606Elite.4.Challenger\n|j|\u2606OPieceOfHeroGhost\n|t:|1700367139\n|gametype|doubles\n|player|p1|Elite.4.Challenger|koga|1531\n|player|p2|OPieceOfHeroGhost|morty|1464\n|teamsize|p1|6\n|teamsize|p2|6\n|gen|9\n|tier|[Gen 9] Doubles OU\n|rated|\n|rule|Species Clause: Limit one of each Pok\u00e9mon\n|rule|OHKO Clause: OHKO moves are banned\n|rule|Evasion Moves Clause: Evasion moves are banned\n|rule|Gravity Sleep Clause: The combination of sleep-inducing moves with imperfect accuracy and Gravity or Gigantamax Orbeetle are banned\n|rule|Endless Battle Clause: Forcing endless battles is banned\n|rule|HP Percentage Mod: HP is shown in percentages\n|clearpoke\n|poke|p1|Tornadus, M|\n|poke|p1|Regieleki|\n|poke|p1|Goodra-Hisui, F|\n|poke|p1|Basculegion-F, F|\n|poke|p1|Politoed, F|\n|poke|p1|Toxicroak, F|\n|poke|p2|Ting-Lu|\n|poke|p2|Cresselia, F|\n|poke|p2|Landorus-Therian, M|\n|poke|p2|Flutter Mane|\n|poke|p2|Iron Hands|\n|poke|p2|Sinistcha-Masterpiece|\n|teampreview\n|inactive|Battle timer is ON: inactive players will automatically lose when time's up. (requested by Elite.4.Challenger)\n|\n|t:|1700367160\n|start\n|switch|p1a: Regieleki|Regieleki|100\/100\n|switch|p1b: Michael Phelps|Basculegion-F, F|100\/100\n|switch|p2a: \u5de7\u514b\u529b\u9762\u5305|Ting-Lu|100\/100\n|switch|p2b: \u5a01\u5413No.2|Landorus-Therian, M|100\/100\n|-ability|p2b: \u5a01\u5413No.2|Intimidate|boost\n|-unboost|p1a: Regieleki|atk|1\n|-unboost|p1b: Michael Phelps|atk|1\n|-ability|p2a: \u5de7\u514b\u529b\u9762\u5305|Vessel of Ruin\n|turn|1\n|\n|t:|1700367178\n|switch|p1a: Kermit the Frog|Politoed, F|100\/100\n|-weather|RainDance|[from] ability: Drizzle|[of] p1a: Kermit the Frog\n|move|p1b: Michael Phelps|Surf|p2a: \u5de7\u514b\u529b\u9762\u5305|[spread] p1a,p2a,p2b\n|-resisted|p1a: Kermit the Frog\n|-supereffective|p2a: \u5de7\u514b\u529b\u9762\u5305\n|-supereffective|p2b: \u5a01\u5413No.2\n|-damage|p1a: Kermit the Frog|83\/100\n|-damage|p2a: \u5de7\u514b\u529b\u9762\u5305|19\/100\n|-damage|p2b: \u5a01\u5413No.2|0 fnt\n|faint|p2b: \u5a01\u5413No.2\n|-enditem|p1a: Kermit the Frog|Eject Button\n|\n|t:|1700367188\n|switch|p1a: Tornadus|Tornadus, M|100\/100\n|move|p2a: \u5de7\u514b\u529b\u9762\u5305|Payback|p1b: Michael Phelps\n|-supereffective|p1b: Michael Phelps\n|-damage|p1b: Michael Phelps|0 fnt\n|faint|p1b: Michael Phelps\n|\n|-weather|RainDance|[upkeep]\n|upkeep\n|\n|t:|1700367200\n|switch|p2b: \u5df2\u5931\u4e00\u523b\uff0c\u4e00\u523b\u4e00\u523b\u4e00\u523b\uff01|Sinistcha-Masterpiece|100\/100\n|switch|p1b: Kermit the Dawg|Toxicroak, F, shiny|100\/100\n|-heal|p2a: \u5de7\u514b\u529b\u9762\u5305|44\/100|[from] ability: Hospitality|[of] p2b: \u5df2\u5931\u4e00\u523b\uff0c\u4e00\u523b\u4e00\u523b\u4e00\u523b\uff01\n|turn|2\n|\n|t:|1700367224\n|switch|p2a: \u4f60\u62cd\u4e00\uff0c\u6211\u62cd\u4e8c\uff0c\u5438\u53d6\u62f3\u6765\u4e92\u76f8\u5438|Iron Hands|100\/100\n|move|p1a: Tornadus|Bleakwind Storm|p2b: \u5df2\u5931\u4e00\u523b\uff0c\u4e00\u523b\u4e00\u523b\u4e00\u523b\uff01|[spread] p2a,p2b\n|-crit|p2a: \u4f60\u62cd\u4e00\uff0c\u6211\u62cd\u4e8c\uff0c\u5438\u53d6\u62f3\u6765\u4e92\u76f8\u5438\n|-supereffective|p2b: \u5df2\u5931\u4e00\u523b\uff0c\u4e00\u523b\u4e00\u523b\u4e00\u523b\uff01\n|-damage|p2a: \u4f60\u62cd\u4e00\uff0c\u6211\u62cd\u4e8c\uff0c\u5438\u53d6\u62f3\u6765\u4e92\u76f8\u5438|71\/100\n|-damage|p2b: \u5df2\u5931\u4e00\u523b\uff0c\u4e00\u523b\u4e00\u523b\u4e00\u523b\uff01|5\/100\n|move|p1b: Kermit the Dawg|Poison Jab|p2b: \u5df2\u5931\u4e00\u523b\uff0c\u4e00\u523b\u4e00\u523b\u4e00\u523b\uff01\n|-damage|p2b: \u5df2\u5931\u4e00\u523b\uff0c\u4e00\u523b\u4e00\u523b\u4e00\u523b\uff01|0 fnt\n|faint|p2b: \u5df2\u5931\u4e00\u523b\uff0c\u4e00\u523b\u4e00\u523b\u4e00\u523b\uff01\n|-damage|p1b: Kermit the Dawg|91\/100|[from] item: Life Orb\n|\n|-weather|RainDance|[upkeep]\n|-heal|p1b: Kermit the Dawg|100\/100|[from] ability: Dry Skin\n|upkeep\n|\n|t:|1700367239\n|switch|p2b: \u53d1\u59d0\u5929\u4e0b\u65e0\u654c|Flutter Mane|100\/100\n|-enditem|p2b: \u53d1\u59d0\u5929\u4e0b\u65e0\u654c|Booster Energy\n|-activate|p2b: \u53d1\u59d0\u5929\u4e0b\u65e0\u654c|ability: Protosynthesis|[fromitem]\n|-start|p2b: \u53d1\u59d0\u5929\u4e0b\u65e0\u654c|protosynthesisspe\n|turn|3\n|\n|t:|1700367253\n|-terastallize|p2b: \u53d1\u59d0\u5929\u4e0b\u65e0\u654c|Fairy\n|move|p2a: \u4f60\u62cd\u4e00\uff0c\u6211\u62cd\u4e8c\uff0c\u5438\u53d6\u62f3\u6765\u4e92\u76f8\u5438|Fake Out|p1b: Kermit the Dawg\n|-damage|p1b: Kermit the Dawg|78\/100\n|move|p1a: Tornadus|Tailwind|p1a: Tornadus\n|-sidestart|p1: Elite.4.Challenger|move: Tailwind\n|cant|p1b: Kermit the Dawg|flinch\n|move|p2b: \u53d1\u59d0\u5929\u4e0b\u65e0\u654c|Dazzling Gleam|p1a: Tornadus|[spread] p1a,p1b\n|-damage|p1a: Tornadus|50\/100\n|-damage|p1b: Kermit the Dawg|20\/100\n|\n|-weather|RainDance|[upkeep]\n|-heal|p1b: Kermit the Dawg|32\/100|[from] ability: Dry Skin\n|upkeep\n|turn|4\n|\n|t:|1700367275\n|move|p2b: \u53d1\u59d0\u5929\u4e0b\u65e0\u654c|Protect|p2b: \u53d1\u59d0\u5929\u4e0b\u65e0\u654c\n|-singleturn|p2b: \u53d1\u59d0\u5929\u4e0b\u65e0\u654c|Protect\n|move|p1a: Tornadus|Bleakwind Storm|p2b: \u53d1\u59d0\u5929\u4e0b\u65e0\u654c|[spread] p2a\n|-activate|p2b: \u53d1\u59d0\u5929\u4e0b\u65e0\u654c|move: Protect\n|-damage|p2a: \u4f60\u62cd\u4e00\uff0c\u6211\u62cd\u4e8c\uff0c\u5438\u53d6\u62f3\u6765\u4e92\u76f8\u5438|51\/100\n|move|p1b: Kermit the Dawg|Poison Jab|p2b: \u53d1\u59d0\u5929\u4e0b\u65e0\u654c\n|-activate|p2b: \u53d1\u59d0\u5929\u4e0b\u65e0\u654c|move: Protect\n|move|p2a: \u4f60\u62cd\u4e00\uff0c\u6211\u62cd\u4e8c\uff0c\u5438\u53d6\u62f3\u6765\u4e92\u76f8\u5438|Volt Switch|p1a: Tornadus\n|-supereffective|p1a: Tornadus\n|-damage|p1a: Tornadus|14\/100\n|inactive|OPieceOfHeroGhost has 120 seconds left.\n|\n|t:|1700367295\n|-end|p2a: \u4f60\u62cd\u4e00\uff0c\u6211\u62cd\u4e8c\uff0c\u5438\u53d6\u62f3\u6765\u4e92\u76f8\u5438|Quark Drive|[silent]\n|switch|p2a: \u514b\u96f7\u80fd\u5426\u4e0e\u6211\u4e8e\u6625\u68a6\u4e00\u6e38\uff1f|Cresselia, F|100\/100|[from] Volt Switch\n|\n|-weather|RainDance|[upkeep]\n|-heal|p1b: Kermit the Dawg|45\/100|[from] ability: Dry Skin\n|upkeep\n|turn|5\n|\n|t:|1700367315\n|-end|p2b: \u53d1\u59d0\u5929\u4e0b\u65e0\u654c|Protosynthesis|[silent]\n|switch|p2b: \u4f60\u62cd\u4e00\uff0c\u6211\u62cd\u4e8c\uff0c\u5438\u53d6\u62f3\u6765\u4e92\u76f8\u5438|Iron Hands|51\/100\n|move|p1a: Tornadus|Taunt|p2a: \u514b\u96f7\u80fd\u5426\u4e0e\u6211\u4e8e\u6625\u68a6\u4e00\u6e38\uff1f\n|-start|p2a: \u514b\u96f7\u80fd\u5426\u4e0e\u6211\u4e8e\u6625\u68a6\u4e00\u6e38\uff1f|move: Taunt\n|move|p1b: Kermit the Dawg|Poison Jab|p2b: \u4f60\u62cd\u4e00\uff0c\u6211\u62cd\u4e8c\uff0c\u5438\u53d6\u62f3\u6765\u4e92\u76f8\u5438\n|-damage|p2b: \u4f60\u62cd\u4e00\uff0c\u6211\u62cd\u4e8c\uff0c\u5438\u53d6\u62f3\u6765\u4e92\u76f8\u5438|16\/100\n|-damage|p1b: Kermit the Dawg|35\/100|[from] item: Life Orb\n|cant|p2a: \u514b\u96f7\u80fd\u5426\u4e0e\u6211\u4e8e\u6625\u68a6\u4e00\u6e38\uff1f|move: Taunt|Calm Mind\n|\n|-weather|none\n|upkeep\n|turn|6\n|\n|t:|1700367338\n|move|p2b: \u4f60\u62cd\u4e00\uff0c\u6211\u62cd\u4e8c\uff0c\u5438\u53d6\u62f3\u6765\u4e92\u76f8\u5438|Fake Out|p1b: Kermit the Dawg\n|-damage|p1b: Kermit the Dawg|13\/100\n|move|p1a: Tornadus|Rain Dance|p1a: Tornadus\n|-weather|RainDance\n|cant|p1b: Kermit the Dawg|flinch\n|move|p2a: \u514b\u96f7\u80fd\u5426\u4e0e\u6211\u4e8e\u6625\u68a6\u4e00\u6e38\uff1f|Thunderbolt|p1a: Tornadus\n|-supereffective|p1a: Tornadus\n|-damage|p1a: Tornadus|0 fnt\n|faint|p1a: Tornadus\n|\n|-weather|RainDance|[upkeep]\n|-heal|p1b: Kermit the Dawg|25\/100|[from] ability: Dry Skin\n|-sideend|p1: Elite.4.Challenger|move: Tailwind\n|upkeep\n|\n|t:|1700367352\n|switch|p1a: Regieleki|Regieleki|100\/100\n|turn|7\n|\n|t:|1700367366\n|move|p1b: Kermit the Dawg|Sucker Punch|p2a: \u514b\u96f7\u80fd\u5426\u4e0e\u6211\u4e8e\u6625\u68a6\u4e00\u6e38\uff1f\n|-supereffective|p2a: \u514b\u96f7\u80fd\u5426\u4e0e\u6211\u4e8e\u6625\u68a6\u4e00\u6e38\uff1f\n|-damage|p2a: \u514b\u96f7\u80fd\u5426\u4e0e\u6211\u4e8e\u6625\u68a6\u4e00\u6e38\uff1f|60\/100\n|-damage|p1b: Kermit the Dawg|9\/100|[from] item: Rocky Helmet|[of] p2a: \u514b\u96f7\u80fd\u5426\u4e0e\u6211\u4e8e\u6625\u68a6\u4e00\u6e38\uff1f\n|-damage|p1b: Kermit the Dawg|0 fnt|[from] item: Life Orb\n|faint|p1b: Kermit the Dawg\n|move|p1a: Regieleki|Volt Switch|p2b: \u4f60\u62cd\u4e00\uff0c\u6211\u62cd\u4e8c\uff0c\u5438\u53d6\u62f3\u6765\u4e92\u76f8\u5438\n|-resisted|p2b: \u4f60\u62cd\u4e00\uff0c\u6211\u62cd\u4e8c\uff0c\u5438\u53d6\u62f3\u6765\u4e92\u76f8\u5438\n|-damage|p2b: \u4f60\u62cd\u4e00\uff0c\u6211\u62cd\u4e8c\uff0c\u5438\u53d6\u62f3\u6765\u4e92\u76f8\u5438|2\/100\n|\n|t:|1700367374\n|switch|p1a: Kermit the Frog|Politoed, F|83\/100|[from] Volt Switch\n|move|p2a: \u514b\u96f7\u80fd\u5426\u4e0e\u6211\u4e8e\u6625\u68a6\u4e00\u6e38\uff1f|Thunderbolt|p1a: Kermit the Frog\n|-supereffective|p1a: Kermit the Frog\n|-damage|p1a: Kermit the Frog|61\/100\n|move|p2b: \u4f60\u62cd\u4e00\uff0c\u6211\u62cd\u4e8c\uff0c\u5438\u53d6\u62f3\u6765\u4e92\u76f8\u5438|Drain Punch|p1a: Kermit the Frog\n|-damage|p1a: Kermit the Frog|12\/100\n|-heal|p2b: \u4f60\u62cd\u4e00\uff0c\u6211\u62cd\u4e8c\uff0c\u5438\u53d6\u62f3\u6765\u4e92\u76f8\u5438|21\/100|[from] drain|[of] p1a: Kermit the Frog\n|\n|-weather|RainDance|[upkeep]\n|-end|p2a: \u514b\u96f7\u80fd\u5426\u4e0e\u6211\u4e8e\u6625\u68a6\u4e00\u6e38\uff1f|move: Taunt\n|upkeep\n|\n|t:|1700367375\n|switch|p1b: Goodra|Goodra-Hisui, F|100\/100\n|turn|8\n|\n|t:|1700367404\n|move|p1a: Kermit the Frog|Protect|p1a: Kermit the Frog\n|-singleturn|p1a: Kermit the Frog|Protect\n|move|p2a: \u514b\u96f7\u80fd\u5426\u4e0e\u6211\u4e8e\u6625\u68a6\u4e00\u6e38\uff1f|Lunar Blessing|p2a: \u514b\u96f7\u80fd\u5426\u4e0e\u6211\u4e8e\u6625\u68a6\u4e00\u6e38\uff1f|[spread] p2a,p2b\n|-heal|p2a: \u514b\u96f7\u80fd\u5426\u4e0e\u6211\u4e8e\u6625\u68a6\u4e00\u6e38\uff1f|85\/100\n|-heal|p2b: \u4f60\u62cd\u4e00\uff0c\u6211\u62cd\u4e8c\uff0c\u5438\u53d6\u62f3\u6765\u4e92\u76f8\u5438|46\/100\n|move|p1b: Goodra|Acid Armor|p1b: Goodra\n|-boost|p1b: Goodra|def|2\n|move|p2b: \u4f60\u62cd\u4e00\uff0c\u6211\u62cd\u4e8c\uff0c\u5438\u53d6\u62f3\u6765\u4e92\u76f8\u5438|Drain Punch|p1b: Goodra\n|-supereffective|p1b: Goodra\n|-damage|p1b: Goodra|65\/100\n|-heal|p2b: \u4f60\u62cd\u4e00\uff0c\u6211\u62cd\u4e8c\uff0c\u5438\u53d6\u62f3\u6765\u4e92\u76f8\u5438|57\/100|[from] drain|[of] p1b: Goodra\n|\n|-weather|RainDance|[upkeep]\n|upkeep\n|turn|9\n|\n|t:|1700367422\n|move|p1a: Kermit the Frog|Helping Hand|p1b: Goodra\n|-singleturn|p1b: Goodra|Helping Hand|[of] p1a: Kermit the Frog\n|move|p2a: \u514b\u96f7\u80fd\u5426\u4e0e\u6211\u4e8e\u6625\u68a6\u4e00\u6e38\uff1f|Calm Mind|p2a: \u514b\u96f7\u80fd\u5426\u4e0e\u6211\u4e8e\u6625\u68a6\u4e00\u6e38\uff1f\n|-boost|p2a: \u514b\u96f7\u80fd\u5426\u4e0e\u6211\u4e8e\u6625\u68a6\u4e00\u6e38\uff1f|spa|1\n|-boost|p2a: \u514b\u96f7\u80fd\u5426\u4e0e\u6211\u4e8e\u6625\u68a6\u4e00\u6e38\uff1f|spd|1\n|move|p1b: Goodra|Body Press|p2b: \u4f60\u62cd\u4e00\uff0c\u6211\u62cd\u4e8c\uff0c\u5438\u53d6\u62f3\u6765\u4e92\u76f8\u5438\n|-damage|p2b: \u4f60\u62cd\u4e00\uff0c\u6211\u62cd\u4e8c\uff0c\u5438\u53d6\u62f3\u6765\u4e92\u76f8\u5438|6\/100\n|move|p2b: \u4f60\u62cd\u4e00\uff0c\u6211\u62cd\u4e8c\uff0c\u5438\u53d6\u62f3\u6765\u4e92\u76f8\u5438|Drain Punch|p1a: Kermit the Frog\n|-damage|p1a: Kermit the Frog|0 fnt\n|-heal|p2b: \u4f60\u62cd\u4e00\uff0c\u6211\u62cd\u4e8c\uff0c\u5438\u53d6\u62f3\u6765\u4e92\u76f8\u5438|11\/100|[from] drain|[of] p1a: Kermit the Frog\n|faint|p1a: Kermit the Frog\n|\n|-weather|RainDance|[upkeep]\n|upkeep\n|\n|t:|1700367431\n|switch|p1a: Regieleki|Regieleki|100\/100\n|turn|10\n|\n|t:|1700367449\n|move|p1a: Regieleki|Electro Ball|p2b: \u4f60\u62cd\u4e00\uff0c\u6211\u62cd\u4e8c\uff0c\u5438\u53d6\u62f3\u6765\u4e92\u76f8\u5438\n|-resisted|p2b: \u4f60\u62cd\u4e00\uff0c\u6211\u62cd\u4e8c\uff0c\u5438\u53d6\u62f3\u6765\u4e92\u76f8\u5438\n|-damage|p2b: \u4f60\u62cd\u4e00\uff0c\u6211\u62cd\u4e8c\uff0c\u5438\u53d6\u62f3\u6765\u4e92\u76f8\u5438|0 fnt\n|faint|p2b: \u4f60\u62cd\u4e00\uff0c\u6211\u62cd\u4e8c\uff0c\u5438\u53d6\u62f3\u6765\u4e92\u76f8\u5438\n|-end|p2b: \u4f60\u62cd\u4e00\uff0c\u6211\u62cd\u4e8c\uff0c\u5438\u53d6\u62f3\u6765\u4e92\u76f8\u5438|Quark Drive|[silent]\n|move|p2a: \u514b\u96f7\u80fd\u5426\u4e0e\u6211\u4e8e\u6625\u68a6\u4e00\u6e38\uff1f|Lunar Blessing|p2a: \u514b\u96f7\u80fd\u5426\u4e0e\u6211\u4e8e\u6625\u68a6\u4e00\u6e38\uff1f\n|-heal|p2a: \u514b\u96f7\u80fd\u5426\u4e0e\u6211\u4e8e\u6625\u68a6\u4e00\u6e38\uff1f|100\/100\n|move|p1b: Goodra|Dragon Tail|p2a: \u514b\u96f7\u80fd\u5426\u4e0e\u6211\u4e8e\u6625\u68a6\u4e00\u6e38\uff1f\n|-damage|p2a: \u514b\u96f7\u80fd\u5426\u4e0e\u6211\u4e8e\u6625\u68a6\u4e00\u6e38\uff1f|88\/100\n|-damage|p1b: Goodra|48\/100|[from] item: Rocky Helmet|[of] p2a: \u514b\u96f7\u80fd\u5426\u4e0e\u6211\u4e8e\u6625\u68a6\u4e00\u6e38\uff1f\n|drag|p2a: \u5de7\u514b\u529b\u9762\u5305|Ting-Lu|44\/100\n|-ability|p2a: \u5de7\u514b\u529b\u9762\u5305|Vessel of Ruin\n|\n|-weather|none\n|upkeep\n|\n|t:|1700367465\n|switch|p2b: \u514b\u96f7\u80fd\u5426\u4e0e\u6211\u4e8e\u6625\u68a6\u4e00\u6e38\uff1f|Cresselia, F|88\/100\n|turn|11\n|\n|t:|1700367472\n|move|p1a: Regieleki|Electro Ball|p2b: \u514b\u96f7\u80fd\u5426\u4e0e\u6211\u4e8e\u6625\u68a6\u4e00\u6e38\uff1f\n|-damage|p2b: \u514b\u96f7\u80fd\u5426\u4e0e\u6211\u4e8e\u6625\u68a6\u4e00\u6e38\uff1f|60\/100\n|move|p2b: \u514b\u96f7\u80fd\u5426\u4e0e\u6211\u4e8e\u6625\u68a6\u4e00\u6e38\uff1f|Lunar Blessing|p2b: \u514b\u96f7\u80fd\u5426\u4e0e\u6211\u4e8e\u6625\u68a6\u4e00\u6e38\uff1f|[spread] p2a,p2b\n|-heal|p2a: \u5de7\u514b\u529b\u9762\u5305|69\/100\n|-heal|p2b: \u514b\u96f7\u80fd\u5426\u4e0e\u6211\u4e8e\u6625\u68a6\u4e00\u6e38\uff1f|85\/100\n|move|p1b: Goodra|Body Press|p2a: \u5de7\u514b\u529b\u9762\u5305\n|-supereffective|p2a: \u5de7\u514b\u529b\u9762\u5305\n|-damage|p2a: \u5de7\u514b\u529b\u9762\u5305|2\/100\n|move|p2a: \u5de7\u514b\u529b\u9762\u5305|Earthquake|p1a: Regieleki|[spread] p1a,p1b\n|-immune|p2b: \u514b\u96f7\u80fd\u5426\u4e0e\u6211\u4e8e\u6625\u68a6\u4e00\u6e38\uff1f|[from] ability: Levitate\n|-supereffective|p1a: Regieleki\n|-supereffective|p1b: Goodra\n|-damage|p1a: Regieleki|0 fnt\n|-damage|p1b: Goodra|0 fnt\n|faint|p1a: Regieleki\n|faint|p1b: Goodra\n|\n|win|OPieceOfHeroGhost\n|raw|Elite.4.Challenger's rating: 1531 &rarr; <strong>1507<\/strong><br \/>(-24 for losing)\n|raw|OPieceOfHeroGhost's rating: 1464 &rarr; <strong>1488<\/strong><br \/>(+24 for winning)\n|l|\u2606Elite.4.Challenger\n","uploadtime":1700367491,"views":4,"p1id":"elite4challenger","p2id":"opieceofheroghost","formatid":"gen9doublesou","rating":1488,"private":0,"password":""}