{"id":"gen9doublesou-1970523950","p1":"88NASSULLY","p2":"12123434a","format":"[Gen 9] Doubles OU","log":"|j|\u260688NASSULLY\n|j|\u260612123434a\n|t:|1697645628\n|gametype|doubles\n|player|p1|88NASSULLY|flint|1364\n|player|p2|12123434a|twins-gen4dp|1473\n|teamsize|p1|6\n|teamsize|p2|6\n|gen|9\n|tier|[Gen 9] Doubles OU\n|rated|\n|rule|Species Clause: Limit one of each Pok\u00e9mon\n|rule|OHKO Clause: OHKO moves are banned\n|rule|Evasion Moves Clause: Evasion moves are banned\n|rule|Gravity Sleep Clause: The combination of sleep-inducing moves with imperfect accuracy and Gravity or Gigantamax Orbeetle are banned\n|rule|Endless Battle Clause: Forcing endless battles is banned\n|rule|HP Percentage Mod: HP is shown in percentages\n|clearpoke\n|poke|p1|Medicham, F|\n|poke|p1|Slaking, M|\n|poke|p1|Arbok, M|\n|poke|p1|Milotic, F|\n|poke|p1|Rotom-Wash|\n|poke|p1|Scizor, F|\n|poke|p2|Chien-Pao|\n|poke|p2|Dragonite, F|\n|poke|p2|Gholdengo|\n|poke|p2|Chi-Yu|\n|poke|p2|Enamorus-Therian, F|\n|poke|p2|Glimmora, M|\n|teampreview\n|inactive|Battle timer is ON: inactive players will automatically lose when time's up. (requested by 12123434a)\n|\n|t:|1697645657\n|start\n|switch|p1a: Cham|Medicham, F|100\/100\n|switch|p1b: Dalamadur|Arbok, M|100\/100\n|switch|p2a: Enamorus|Enamorus-Therian, F|100\/100\n|switch|p2b: Glimmora|Glimmora, M|100\/100\n|-ability|p1b: Dalamadur|Intimidate|boost\n|-unboost|p2a: Enamorus|atk|1\n|-unboost|p2b: Glimmora|atk|1\n|turn|1\n|\n|t:|1697645683\n|move|p1a: Cham|Fake Out|p2b: Glimmora\n|-resisted|p2b: Glimmora\n|-damage|p2b: Glimmora|92\/100\n|-activate|p2b: Glimmora|ability: Toxic Debris\n|-sidestart|p1: 88NASSULLY|move: Toxic Spikes\n|cant|p2b: Glimmora|flinch\n|move|p1b: Dalamadur|Gunk Shot|p2a: Enamorus\n|-supereffective|p2a: Enamorus\n|-damage|p2a: Enamorus|1\/100\n|move|p2a: Enamorus|Springtide Storm|p1a: Cham|[spread] p1a,p1b\n|-supereffective|p1a: Cham\n|-resisted|p1b: Dalamadur\n|-enditem|p1a: Cham|Focus Sash\n|-damage|p1a: Cham|1\/100\n|-damage|p1b: Dalamadur|70\/100\n|\n|-heal|p1b: Dalamadur|76\/100|[from] item: Leftovers\n|upkeep\n|turn|2\n|\n|t:|1697645712\n|switch|p1b: Cranky Kong|Slaking, M|100\/100\n|-status|p1b: Cranky Kong|psn\n|move|p2b: Glimmora|Earth Power|p1b: Cranky Kong\n|-damage|p1b: Cranky Kong|79\/100 psn\n|move|p1a: Cham|Skill Swap|p1b: Cranky Kong\n|-activate|p1a: Cham|move: Skill Swap|||[of] p1b: Cranky Kong\n|move|p2a: Enamorus|Springtide Storm|p1a: Cham|[spread] p1b\n|-miss|p2a: Enamorus|p1a: Cham\n|-damage|p1b: Cranky Kong|47\/100 psn\n|\n|-damage|p1b: Cranky Kong|35\/100 psn|[from] psn\n|upkeep\n|turn|3\n|\n|t:|1697645735\n|switch|p1a: Dalamadur|Arbok, M|76\/100\n|-sideend|p1: 88NASSULLY|move: Toxic Spikes|[of] p1a: Dalamadur\n|-ability|p1a: Dalamadur|Intimidate|boost\n|-unboost|p2a: Enamorus|atk|1\n|-unboost|p2b: Glimmora|atk|1\n|move|p2b: Glimmora|Power Gem|p1b: Cranky Kong\n|-damage|p1b: Cranky Kong|3\/100 psn\n|move|p1b: Cranky Kong|Drain Punch|p2b: Glimmora\n|-damage|p2b: Glimmora|7\/100\n|-heal|p1b: Cranky Kong|33\/100 psn|[from] drain|[of] p2b: Glimmora\n|-activate|p2b: Glimmora|ability: Toxic Debris\n|-sidestart|p1: 88NASSULLY|move: Toxic Spikes\n|move|p2a: Enamorus|Tailwind|p2a: Enamorus\n|-sidestart|p2: 12123434a|move: Tailwind\n|\n|-heal|p1a: Dalamadur|82\/100|[from] item: Leftovers\n|-damage|p1b: Cranky Kong|20\/100 psn|[from] psn\n|upkeep\n|turn|4\n|\n|t:|1697645760\n|switch|p1b: Scizor|Scizor, F|100\/100\n|move|p1a: Dalamadur|Sucker Punch|p2b: Glimmora\n|-damage|p2b: Glimmora|0 fnt\n|-activate|p2b: Glimmora|ability: Toxic Debris\n|-sidestart|p1: 88NASSULLY|move: Toxic Spikes\n|faint|p2b: Glimmora\n|move|p2a: Enamorus|Springtide Storm|p1b: Scizor|[spread] p1a,p1b\n|-resisted|p1a: Dalamadur\n|-resisted|p1b: Scizor\n|-damage|p1a: Dalamadur|51\/100\n|-damage|p1b: Scizor|69\/100\n|-unboost|p1b: Scizor|atk|1\n|\n|-heal|p1a: Dalamadur|57\/100|[from] item: Leftovers\n|upkeep\n|\n|t:|1697645775\n|switch|p2b: Chi-Yu|Chi-Yu|100\/100\n|-ability|p2b: Chi-Yu|Beads of Ruin\n|turn|5\n|\n|t:|1697645800\n|switch|p2a: Gholdengo|Gholdengo|100\/100\n|switch|p1a: Cham|Medicham, F|1\/100\n|-status|p1a: Cham|tox\n|move|p1b: Scizor|Bullet Punch|p2b: Chi-Yu\n|-resisted|p2b: Chi-Yu\n|-damage|p2b: Chi-Yu|82\/100\n|move|p2b: Chi-Yu|Heat Wave|p1a: Cham|[spread] p1a,p1b\n|-crit|p1a: Cham\n|-supereffective|p1b: Scizor\n|-damage|p1a: Cham|0 fnt\n|-damage|p1b: Scizor|0 fnt\n|faint|p1a: Cham\n|faint|p1b: Scizor\n|-damage|p2b: Chi-Yu|72\/100|[from] item: Life Orb\n|\n|upkeep\n|inactive|88NASSULLY has 120 seconds left.\n|\n|t:|1697645818\n|switch|p1a: washewashe|Rotom-Wash|100\/100\n|switch|p1b: Dalamadur|Arbok, M|57\/100\n|-sideend|p1: 88NASSULLY|move: Toxic Spikes|[of] p1b: Dalamadur\n|-ability|p1b: Dalamadur|Intimidate|boost\n|-unboost|p2a: Gholdengo|atk|1\n|-unboost|p2b: Chi-Yu|atk|1\n|turn|6\n|\n|t:|1697645828\n|switch|p1b: Soo Pretty|Milotic, F, shiny|100\/100\n|move|p2b: Chi-Yu|Dark Pulse|p1a: washewashe\n|-damage|p1a: washewashe|13\/100\n|-damage|p2b: Chi-Yu|62\/100|[from] item: Life Orb\n|move|p2a: Gholdengo|Light Screen|p2a: Gholdengo\n|-sidestart|p2: 12123434a|move: Light Screen\n|move|p1a: washewashe|Hydro Pump|p2b: Chi-Yu\n|-supereffective|p2b: Chi-Yu\n|-damage|p2b: Chi-Yu|0 fnt\n|faint|p2b: Chi-Yu\n|\n|-sideend|p2: 12123434a|move: Tailwind\n|upkeep\n|\n|t:|1697645847\n|switch|p2b: Enamorus|Enamorus-Therian, F|1\/100\n|turn|7\n|\n|t:|1697645854\n|switch|p1a: Dalamadur|Arbok, M|57\/100\n|-ability|p1a: Dalamadur|Intimidate|boost\n|-unboost|p2a: Gholdengo|atk|1\n|-unboost|p2b: Enamorus|atk|1\n|move|p2a: Gholdengo|Shadow Ball|p1b: Soo Pretty\n|-damage|p1b: Soo Pretty|74\/100\n|-unboost|p1b: Soo Pretty|spd|1\n|-ability|p1b: Soo Pretty|Competitive|boost\n|-boost|p1b: Soo Pretty|spa|2\n|move|p1b: Soo Pretty|Icy Wind|p2a: Gholdengo|[spread] p2a,p2b\n|-resisted|p2a: Gholdengo\n|-supereffective|p2b: Enamorus\n|-damage|p2a: Gholdengo|93\/100\n|-damage|p2b: Enamorus|0 fnt\n|-unboost|p2a: Gholdengo|spe|1\n|faint|p2b: Enamorus\n|\n|-heal|p1a: Dalamadur|63\/100|[from] item: Leftovers\n|-heal|p1b: Soo Pretty|80\/100|[from] item: Leftovers\n|-heal|p2a: Gholdengo|99\/100|[from] item: Leftovers\n|upkeep\n|\n|t:|1697645868\n|switch|p2b: Dragonite|Dragonite, F|100\/100\n|turn|8\n|inactive|12123434a has 120 seconds left.\n|\n|t:|1697645904\n|switch|p1a: washewashe|Rotom-Wash|13\/100\n|-terastallize|p2b: Dragonite|Normal\n|move|p2b: Dragonite|Dragon Dance|p2b: Dragonite\n|-boost|p2b: Dragonite|atk|1\n|-boost|p2b: Dragonite|spe|1\n|move|p1b: Soo Pretty|Scald|p2a: Gholdengo\n|-damage|p2a: Gholdengo|55\/100\n|-status|p2a: Gholdengo|brn\n|move|p2a: Gholdengo|Reflect|p2a: Gholdengo\n|-sidestart|p2: 12123434a|Reflect\n|\n|-heal|p1b: Soo Pretty|86\/100|[from] item: Leftovers\n|-heal|p2a: Gholdengo|61\/100 brn|[from] item: Leftovers\n|-damage|p2a: Gholdengo|55\/100 brn|[from] brn\n|upkeep\n|turn|9\n|inactive|88NASSULLY has 120 seconds left.\n|\n|t:|1697645936\n|move|p1a: washewashe|Trick|p2b: Dragonite\n|-activate|p1a: washewashe|move: Trick|[of] p2b: Dragonite\n|-item|p2b: Dragonite|Choice Scarf|[from] move: Trick\n|-item|p1a: washewashe|Normal Gem|[from] move: Trick\n|move|p2b: Dragonite|Rock Slide|p1b: Soo Pretty|[spread] p1a,p1b\n|-crit|p1a: washewashe\n|-damage|p1a: washewashe|0 fnt\n|-damage|p1b: Soo Pretty|56\/100\n|faint|p1a: washewashe\n|move|p1b: Soo Pretty|Scald|p2b: Dragonite\n|-damage|p2b: Dragonite|83\/100\n|move|p2a: Gholdengo|Shadow Ball|p1b: Soo Pretty\n|-crit|p1b: Soo Pretty\n|-damage|p1b: Soo Pretty|0 fnt\n|faint|p1b: Soo Pretty\n|\n|-heal|p2a: Gholdengo|61\/100 brn|[from] item: Leftovers\n|-damage|p2a: Gholdengo|55\/100 brn|[from] brn\n|upkeep\n|inactive|88NASSULLY has 120 seconds left.\n|\n|t:|1697645956\n|switch|p1a: Dalamadur|Arbok, M|63\/100\n|switch|p1b: Cranky Kong|Slaking, M|20\/100 psn\n|-ability|p1a: Dalamadur|Intimidate|boost\n|-unboost|p2a: Gholdengo|atk|1\n|-unboost|p2b: Dragonite|atk|1\n|turn|10\n|inactive|88NASSULLY has 120 seconds left.\n|inactive|12123434a has 120 seconds left.\n|inactive|12123434a has 90 seconds left.\n|\n|t:|1697646026\n|move|p2b: Dragonite|Rock Slide|p1b: Cranky Kong|[spread] p1a,p1b\n|-damage|p1a: Dalamadur|29\/100\n|-damage|p1b: Cranky Kong|4\/100 psn\n|cant|p1b: Cranky Kong|flinch\n|cant|p1a: Dalamadur|flinch\n|move|p2a: Gholdengo|Make It Rain|p1b: Cranky Kong|[spread] p1a,p1b\n|-damage|p1a: Dalamadur|0 fnt\n|-damage|p1b: Cranky Kong|0 fnt\n|-unboost|p2a: Gholdengo|spa|1\n|faint|p1a: Dalamadur\n|faint|p1b: Cranky Kong\n|\n|win|12123434a\n|raw|88NASSULLY's rating: 1364 &rarr; <strong>1350<\/strong><br \/>(-14 for losing)\n|raw|12123434a's rating: 1473 &rarr; <strong>1487<\/strong><br \/>(+14 for winning)\n|l|\u260688NASSULLY\n","uploadtime":1697646068,"views":15,"p1id":"88nassully","p2id":"12123434a","formatid":"gen9doublesou","rating":1350,"private":0,"password":""}