{"id":"gen9doublesou-2000380038","p1":"Osda12","p2":"HEAVY-DUTY B0OTY","format":"[Gen 9] Doubles OU","log":"|j|\u2606Osda12\n|j|\u2606HEAVY-DUTY B0OTY\n|inactive|Battle timer is ON: inactive players will automatically lose when time's up.\n|t:|1701189932\n|gametype|doubles\n|player|p1|Osda12|nate|\n|player|p2|HEAVY-DUTY B0OTY|swimmerf-gen6|\n|teamsize|p1|6\n|teamsize|p2|6\n|gen|9\n|tier|[Gen 9] Doubles OU\n|rated|Tournament battle\n|rule|Species Clause: Limit one of each Pok\u00e9mon\n|rule|OHKO Clause: OHKO moves are banned\n|rule|Evasion Moves Clause: Evasion moves are banned\n|rule|Gravity Sleep Clause: The combination of sleep-inducing moves with imperfect accuracy and Gravity or Gigantamax Orbeetle are banned\n|rule|Endless Battle Clause: Forcing endless battles is banned\n|rule|HP Percentage Mod: HP is shown in percentages\n|clearpoke\n|poke|p1|Cinderace, M|\n|poke|p1|Muk-Alola, M|\n|poke|p1|Scovillain, F|\n|poke|p1|Hypno, F|\n|poke|p1|Lilligant-Hisui, F|\n|poke|p1|Flareon, M|\n|poke|p2|Dragapult, M|\n|poke|p2|Skuntank, M|\n|poke|p2|Arcanine-Hisui, M|\n|poke|p2|Honchkrow, M|\n|poke|p2|Volcarona, M|\n|poke|p2|Venomoth, F|\n|teampreview\n|j|*Lady Monita \u2746\n|j| Yeet259\n|j| Oscarx90\n|j| SighofEnd\n|j| koffingwoffing\n|c| Yeet259|its a miracle\n|c| SighofEnd|:O\n|l| Oscarx90\n|inactive|Osda12 has 120 seconds left.\n|inactive|HEAVY-DUTY B0OTY has 120 seconds left.\n|c|\u2606HEAVY-DUTY B0OTY|let's do this\n|inactive|Osda12 has 90 seconds left.\n|j| mexicanpasta\n|c| mexicanpasta|jesus what is that team\n|c| SighofEnd|which one?\n|inactive|Osda12 has 60 seconds left.\n|c| mexicanpasta|HDB\n|c| mexicanpasta|thats so cracked\n|c| koffingwoffing|Well balanced too\n|c| SighofEnd|No wonder HDB is Prize Winner\n|inactive|Osda12 has 30 seconds left.\n|inactive|Osda12 has 20 seconds left.\n|c|\u2606HEAVY-DUTY B0OTY|oh no\n|inactive|Osda12 has 15 seconds left.\n|c| SighofEnd|...\n|\n|t:|1701190072\n|start\n|switch|p1a: Hypno|Hypno, F|100\/100\n|switch|p1b: Cinderace|Cinderace, M|100\/100\n|switch|p2a: Skuntank|Skuntank, M, shiny|100\/100\n|switch|p2b: Arcanine|Arcanine-Hisui, M, shiny|100\/100\n|-ability|p2b: Arcanine|Intimidate|boost\n|-unboost|p1a: Hypno|atk|1\n|-unboost|p1b: Cinderace|atk|1\n|turn|1\n|inactive|Osda12 has 90 seconds left.\n|\n|t:|1701190086\n|move|p1b: Cinderace|High Jump Kick|p2a: Skuntank\n|-start|p1b: Cinderace|typechange|Fighting|[from] ability: Libero\n|-damage|p2a: Skuntank|11\/100\n|-enditem|p2a: Skuntank|Sitrus Berry|[eat]\n|-heal|p2a: Skuntank|36\/100|[from] item: Sitrus Berry\n|move|p2a: Skuntank|Knock Off|p1a: Hypno\n|-supereffective|p1a: Hypno\n|-damage|p1a: Hypno|9\/100\n|-enditem|p1a: Hypno|Heat Rock|[from] move: Knock Off|[of] p2a: Skuntank\n|move|p2b: Arcanine|Rock Slide|p1b: Cinderace|[spread] p1a,p1b\n|-resisted|p1b: Cinderace\n|-damage|p1a: Hypno|0 fnt\n|-damage|p1b: Cinderace|81\/100\n|faint|p1a: Hypno\n|\n|upkeep\n|inactive|Osda12 has 90 seconds left.\n|\n|t:|1701190098\n|switch|p1a: Flareon|Flareon, M|100\/100\n|turn|2\n|\n|t:|1701190115\n|switch|p2b: Dragapult|Dragapult, M, shiny|100\/100\n|move|p1b: Cinderace|High Jump Kick|p2b: Dragapult\n|-immune|p2b: Dragapult\n|-damage|p1b: Cinderace|31\/100|[from] highjumpkick\n|move|p2a: Skuntank|Knock Off|p1a: Flareon\n|-damage|p1a: Flareon|39\/100\n|-enditem|p1a: Flareon|Toxic Orb|[from] move: Knock Off|[of] p2a: Skuntank\n|move|p1a: Flareon|Sunny Day|p1a: Flareon\n|-weather|SunnyDay\n|\n|-weather|SunnyDay|[upkeep]\n|upkeep\n|turn|3\n|c|\u2606HEAVY-DUTY B0OTY|gottem\n|c| mexicanpasta|goat\n|inactive|Osda12 has 120 seconds left.\n|j| poketough\n|c| koffingwoffing|Fk yeah I was waiting for the sunny day\n|c| SighofEnd|gottem\n|inactive|Osda12 has 90 seconds left.\n|\n|t:|1701190167\n|switch|p1b: Muk|Muk-Alola, M|100\/100\n|move|p2a: Skuntank|Sucker Punch|p1a: Flareon\n|-damage|p1a: Flareon|0 fnt\n|faint|p1a: Flareon\n|move|p2b: Dragapult|Dragon Darts|p1b: Muk\n|-damage|p1b: Muk|61\/100\n|-anim|p2b: Dragapult|Dragon Darts|p1b: Muk\n|-damage|p1b: Muk|24\/100\n|-damage|p2b: Dragapult|91\/100|[from] item: Life Orb\n|\n|-weather|SunnyDay|[upkeep]\n|upkeep\n|\n|t:|1701190173\n|switch|p1a: Scovillain|Scovillain, F|100\/100\n|turn|4\n|c|\u2606HEAVY-DUTY B0OTY|oh boi\n|c|\u2606HEAVY-DUTY B0OTY|she's in\n|inactive|HEAVY-DUTY B0OTY has 120 seconds left.\n|\n|t:|1701190206\n|move|p2a: Skuntank|Sucker Punch||[still]\n|-fail|p2a: Skuntank\n|move|p1a: Scovillain|Growth|p1a: Scovillain\n|-boost|p1a: Scovillain|atk|2\n|-boost|p1a: Scovillain|spa|2\n|move|p2b: Dragapult|Dragon Darts|p1a: Scovillain\n|-damage|p1a: Scovillain|34\/100\n|-anim|p2b: Dragapult|Dragon Darts|p1b: Muk\n|-damage|p1b: Muk|0 fnt\n|faint|p1b: Muk\n|-damage|p2b: Dragapult|81\/100|[from] item: Life Orb\n|\n|-weather|SunnyDay|[upkeep]\n|upkeep\n|c|\u2606HEAVY-DUTY B0OTY|OH BOI\n|\n|t:|1701190219\n|switch|p1b: Lilligant|Lilligant-Hisui, F|100\/100\n|turn|5\n|j| raiablaze\n|inactive|HEAVY-DUTY B0OTY has 120 seconds left.\n|\n|t:|1701190250\n|switch|p2b: Volcarona|Volcarona, M|100\/100\n|move|p1b: Lilligant|Close Combat|p2a: Skuntank\n|-damage|p2a: Skuntank|0 fnt\n|-unboost|p1b: Lilligant|def|1\n|-unboost|p1b: Lilligant|spd|1\n|faint|p2a: Skuntank\n|move|p1a: Scovillain|Fire Blast|p2b: Volcarona|[miss]\n|-miss|p1a: Scovillain|p2b: Volcarona\n|\n|-weather|SunnyDay|[upkeep]\n|upkeep\n|inactive|HEAVY-DUTY B0OTY has 120 seconds left.\n|c| poketough|ooh\n|\n|t:|1701190273\n|switch|p2a: Venomoth|Venomoth, F|100\/100\n|turn|6\n|c| koffingwoffing|fire blast moment\n|\n|t:|1701190291\n|move|p2a: Venomoth|Rage Powder|p2a: Venomoth\n|-singleturn|p2a: Venomoth|move: Rage Powder\n|move|p1b: Lilligant|Acrobatics|p2a: Venomoth\n|-supereffective|p2a: Venomoth\n|-damage|p2a: Venomoth|0 fnt\n|faint|p2a: Venomoth\n|move|p1a: Scovillain|Fire Blast|p2b: Volcarona\n|-damage|p2b: Volcarona|0 fnt\n|faint|p2b: Volcarona\n|\n|-weather|none\n|upkeep\n|c|\u2606HEAVY-DUTY B0OTY|fuk\n|inactive|HEAVY-DUTY B0OTY has 120 seconds left.\n|c| SighofEnd|oof\n|c| poketough|oof\n|\n|t:|1701190312\n|switch|p2b: Arcanine|Arcanine-Hisui, M, shiny|100\/100\n|switch|p2a: Dragapult|Dragapult, M, shiny|81\/100\n|-ability|p2b: Arcanine|Intimidate|boost\n|-unboost|p1a: Scovillain|atk|1\n|-unboost|p1b: Lilligant|atk|1\n|turn|7\n|c| poketough|sunny day :(\n|j| sevenwik\n|inactive|HEAVY-DUTY B0OTY has 120 seconds left.\n|c| SighofEnd|10 users\n|\n|t:|1701190338\n|-terastallize|p2a: Dragapult|Dragon\n|-terastallize|p1a: Scovillain|Ground\n|move|p2b: Arcanine|Extreme Speed|p1a: Scovillain\n|-damage|p1a: Scovillain|0 fnt\n|faint|p1a: Scovillain\n|move|p2a: Dragapult|Dragon Darts|p1b: Lilligant\n|-damage|p1b: Lilligant|0 fnt\n|faint|p1b: Lilligant\n|-damage|p2a: Dragapult|71\/100|[from] item: Life Orb\n|\n|upkeep\n|c|\u2606HEAVY-DUTY B0OTY|we good boys\n|c| raiablaze|ah ggs\n|\n|t:|1701190355\n|switch|p1b: Cinderace|Cinderace, M|31\/100\n|turn|8\n|c| SighofEnd|wow that's actually quite a lot for a tour minigame battle\n|c| SighofEnd|ggs\n|\n|t:|1701190366\n|move|p2b: Arcanine|Extreme Speed|p1b: Cinderace\n|-damage|p1b: Cinderace|0 fnt\n|faint|p1b: Cinderace\n|\n|win|HEAVY-DUTY B0OTY\n|n|\u2606Osda12|osda12\n|n|\u2606HEAVY-DUTY B0OTY|heavydutyb0oty\n|n|*Lady Monita \u2746|ladymonita\n|n| Yeet259|yeet259\n|n| SighofEnd|sighofend\n|n| koffingwoffing|koffingwoffing\n|n| mexicanpasta|mexicanpasta\n|n| poketough|poketough\n|n| raiablaze|raiablaze\n|n| sevenwik|sevenwik\n","uploadtime":1701190368,"views":4,"p1id":"osda12","p2id":"heavydutyb0oty","formatid":"gen9doublesou","rating":0,"private":0,"password":""}