{"id":"gen9doublesou-1993537677","p1":"Brawler206","p2":"Kiky14","format":"[Gen 9] Doubles OU","log":"|j|\u2606Brawler206\n|j|\u2606Kiky14\n|t:|1700329353\n|gametype|doubles\n|player|p1|Brawler206|dancer|1263\n|player|p2|Kiky14|hilda-wonderlauncher|1345\n|teamsize|p1|6\n|teamsize|p2|6\n|gen|9\n|tier|[Gen 9] Doubles OU\n|rated|\n|rule|Species Clause: Limit one of each Pok\u00e9mon\n|rule|OHKO Clause: OHKO moves are banned\n|rule|Evasion Moves Clause: Evasion moves are banned\n|rule|Gravity Sleep Clause: The combination of sleep-inducing moves with imperfect accuracy and Gravity or Gigantamax Orbeetle are banned\n|rule|Endless Battle Clause: Forcing endless battles is banned\n|rule|HP Percentage Mod: HP is shown in percentages\n|clearpoke\n|poke|p1|Grimmsnarl, M|\n|poke|p1|Kingambit, M|\n|poke|p1|Slowking, M|\n|poke|p1|Skeledirge, M|\n|poke|p1|Tornadus, M|\n|poke|p1|Roaring Moon|\n|poke|p2|Sinistcha|\n|poke|p2|Moltres-Galar|\n|poke|p2|Arcanine-Hisui, F|\n|poke|p2|Ogerpon-Wellspring, F|\n|poke|p2|Klefki, F|\n|poke|p2|Okidogi, M|\n|teampreview\n|\n|t:|1700329377\n|start\n|switch|p1a: Grimmsnarl|Grimmsnarl, M|100\/100\n|switch|p1b: Kingambit|Kingambit, M|100\/100\n|switch|p2a: Arcanine|Arcanine-Hisui, F|100\/100\n|switch|p2b: Klefki|Klefki, F|100\/100\n|-ability|p2a: Arcanine|Intimidate|boost\n|-unboost|p1a: Grimmsnarl|atk|1\n|-unboost|p1b: Kingambit|atk|1\n|-ability|p1b: Kingambit|Defiant|boost\n|-boost|p1b: Kingambit|atk|2\n|turn|1\n|\n|t:|1700329389\n|move|p2b: Klefki|Reflect|p2b: Klefki\n|-sidestart|p2: Kiky14|Reflect\n|move|p1a: Grimmsnarl|Swagger|p1b: Kingambit|[miss]\n|-miss|p1a: Grimmsnarl|p1b: Kingambit\n|move|p1b: Kingambit|Sucker Punch|p2a: Arcanine\n|-damage|p2a: Arcanine|54\/100\n|move|p2a: Arcanine|Flare Blitz|p1b: Kingambit\n|-supereffective|p1b: Kingambit\n|-damage|p1b: Kingambit|27\/100\n|-damage|p2a: Arcanine|30\/100|[from] Recoil\n|-enditem|p2a: Arcanine|Sitrus Berry|[eat]\n|-heal|p2a: Arcanine|55\/100|[from] item: Sitrus Berry\n|\n|upkeep\n|turn|2\n|\n|t:|1700329419\n|switch|p2b: Sinistcha|Sinistcha|100\/100\n|-heal|p2a: Arcanine|80\/100|[from] ability: Hospitality|[of] p2b: Sinistcha\n|move|p1a: Grimmsnarl|Swagger|p1b: Kingambit\n|-boost|p1b: Kingambit|atk|2\n|-start|p1b: Kingambit|confusion\n|-enditem|p1b: Kingambit|Persim Berry|[eat]\n|-end|p1b: Kingambit|confusion\n|move|p1b: Kingambit|Sucker Punch|p2a: Arcanine\n|-damage|p2a: Arcanine|0 fnt\n|faint|p2a: Arcanine\n|\n|upkeep\n|\n|t:|1700329438\n|switch|p2a: Okidogi|Okidogi, M|100\/100\n|turn|3\n|\n|t:|1700329446\n|-terastallize|p1b: Kingambit|Ghost\n|move|p2b: Sinistcha|Rage Powder|p2b: Sinistcha\n|-singleturn|p2b: Sinistcha|move: Rage Powder\n|move|p1a: Grimmsnarl|Misty Terrain|p1a: Grimmsnarl\n|-fieldstart|move: Misty Terrain\n|move|p1b: Kingambit|Sucker Punch||[still]\n|-fail|p1b: Kingambit\n|move|p2a: Okidogi|Drain Punch|p1b: Kingambit\n|-immune|p1b: Kingambit\n|\n|upkeep\n|turn|4\n|\n|t:|1700329457\n|switch|p1a: Slowking|Slowking, M|100\/100\n|move|p1b: Kingambit|Protect|p1b: Kingambit\n|-singleturn|p1b: Kingambit|Protect\n|move|p2b: Sinistcha|Rage Powder|p2b: Sinistcha\n|-singleturn|p2b: Sinistcha|move: Rage Powder\n|move|p2a: Okidogi|Knock Off|p1b: Kingambit\n|-activate|p1b: Kingambit|move: Protect\n|\n|upkeep\n|turn|5\n|\n|t:|1700329470\n|move|p2b: Sinistcha|Rage Powder|p2b: Sinistcha\n|-singleturn|p2b: Sinistcha|move: Rage Powder\n|move|p1b: Kingambit|Sucker Punch||[still]\n|-fail|p1b: Kingambit\n|move|p2a: Okidogi|Knock Off|p1b: Kingambit\n|-supereffective|p1b: Kingambit\n|-damage|p1b: Kingambit|0 fnt\n|faint|p1b: Kingambit\n|move|p1a: Slowking|Trick Room|p1a: Slowking\n|-fieldstart|move: Trick Room|[of] p1a: Slowking\n|\n|upkeep\n|\n|t:|1700329478\n|switch|p1b: Skeledirge|Skeledirge, M|100\/100\n|turn|6\n|\n|t:|1700329498\n|switch|p2b: Moltres|Moltres-Galar|100\/100\n|move|p1a: Slowking|Rock Tomb|p1b: Skeledirge\n|-supereffective|p1b: Skeledirge\n|-damage|p1b: Skeledirge|78\/100\n|-unboost|p1b: Skeledirge|spe|1\n|-enditem|p1b: Skeledirge|Weakness Policy\n|-boost|p1b: Skeledirge|atk|2|[from] item: Weakness Policy\n|-boost|p1b: Skeledirge|spa|2|[from] item: Weakness Policy\n|move|p1b: Skeledirge|Torch Song|p2b: Moltres\n|-damage|p2b: Moltres|51\/100\n|-boost|p1b: Skeledirge|spa|1\n|move|p2a: Okidogi|Knock Off|p1b: Skeledirge\n|-supereffective|p1b: Skeledirge\n|-crit|p1b: Skeledirge\n|-damage|p1b: Skeledirge|15\/100\n|\n|upkeep\n|turn|7\n|\n|t:|1700329531\n|-terastallize|p2a: Okidogi|Dark\n|move|p2b: Moltres|Protect|p2b: Moltres\n|-singleturn|p2b: Moltres|Protect\n|move|p1a: Slowking|Heal Pulse|p1b: Skeledirge\n|-heal|p1b: Skeledirge|65\/100\n|move|p1b: Skeledirge|Torch Song|p2b: Moltres\n|-activate|p2b: Moltres|move: Protect\n|move|p2a: Okidogi|Knock Off|p1b: Skeledirge\n|-supereffective|p1b: Skeledirge\n|-damage|p1b: Skeledirge|2\/100\n|\n|-fieldend|Misty Terrain\n|upkeep\n|turn|8\n|\n|t:|1700329556\n|move|p1a: Slowking|Heal Pulse|p1b: Skeledirge\n|-heal|p1b: Skeledirge|52\/100\n|move|p1b: Skeledirge|Torch Song|p2a: Okidogi\n|-damage|p2a: Okidogi|7\/100\n|-boost|p1b: Skeledirge|spa|1\n|move|p2a: Okidogi|Knock Off|p1b: Skeledirge\n|-supereffective|p1b: Skeledirge\n|-damage|p1b: Skeledirge|0 fnt\n|faint|p1b: Skeledirge\n|move|p2b: Moltres|Fiery Wrath|p1a: Slowking\n|-supereffective|p1a: Slowking\n|-damage|p1a: Slowking|58\/100\n|\n|-sideend|p2: Kiky14|Reflect\n|upkeep\n|\n|t:|1700329571\n|switch|p1b: Tornadus|Tornadus, M|100\/100\n|turn|9\n|\n|t:|1700329582\n|switch|p1a: Roaring Moon|Roaring Moon|100\/100\n|switch|p2b: Sinistcha|Sinistcha|100\/100\n|-heal|p2a: Okidogi|32\/100|[from] ability: Hospitality|[of] p2b: Sinistcha\n|move|p1b: Tornadus|Sunny Day|p1b: Tornadus\n|-weather|SunnyDay\n|-activate|p1a: Roaring Moon|ability: Protosynthesis\n|-start|p1a: Roaring Moon|protosynthesisatk\n|move|p2a: Okidogi|Knock Off|p1a: Roaring Moon\n|-resisted|p1a: Roaring Moon\n|-damage|p1a: Roaring Moon|67\/100\n|-enditem|p1a: Roaring Moon|Persim Berry|[from] move: Knock Off|[of] p2a: Okidogi\n|\n|-weather|SunnyDay|[upkeep]\n|-fieldend|move: Trick Room\n|upkeep\n|turn|10\n|-message|Brawler206 forfeited.\n|\n|win|Kiky14\n|raw|Brawler206's rating: 1263 &rarr; <strong>1244<\/strong><br \/>(-19 for losing)\n|raw|Kiky14's rating: 1345 &rarr; <strong>1360<\/strong><br \/>(+15 for winning)\n|l|\u2606Brawler206\n","uploadtime":1700329616,"views":4,"p1id":"brawler206","p2id":"kiky14","formatid":"gen9doublesou","rating":1244,"private":0,"password":""}