{"id":"gen9doublesou-1979616020","p1":"Cool Dude 7","p2":"Solstorm5","format":"[Gen 9] Doubles OU","log":"|j|\u2606Cool Dude 7\n|j|\u2606Solstorm5\n|inactive|Battle timer is ON: inactive players will automatically lose when time's up.\n|t:|1698696955\n|gametype|doubles\n|player|p1|Cool Dude 7|2|\n|player|p2|Solstorm5|marnie-masters3|\n|teamsize|p1|6\n|teamsize|p2|6\n|gen|9\n|tier|[Gen 9] Doubles OU\n|rated|Tournament battle\n|rule|Species Clause: Limit one of each Pok\u00e9mon\n|rule|OHKO Clause: OHKO moves are banned\n|rule|Evasion Moves Clause: Evasion moves are banned\n|rule|Gravity Sleep Clause: The combination of sleep-inducing moves with imperfect accuracy and Gravity or Gigantamax Orbeetle are banned\n|rule|Endless Battle Clause: Forcing endless battles is banned\n|rule|HP Percentage Mod: HP is shown in percentages\n|clearpoke\n|poke|p1|Hatterene, F|\n|poke|p1|Amoonguss, M|\n|poke|p1|Indeedee-F, F|\n|poke|p1|Armarouge, M|\n|poke|p1|Torkoal, L99, F|\n|poke|p1|Iron Hands|\n|poke|p2|Clefairy, F|\n|poke|p2|Kommo-o, M|\n|poke|p2|Rillaboom, M|\n|poke|p2|Landorus-Therian, M|\n|poke|p2|Ursaluna, F|\n|poke|p2|Sinistcha|\n|teampreview\n|j|*Lady Monita \u263d\n|j| BB-8-NU\n|inactive|Cool Dude 7 also wants the timer to be on.\n|c|\u2606Solstorm5|hfhf :)\n|j| Drageen\n|inactive|Solstorm5 has 120 seconds left.\n|\n|t:|1698696994\n|start\n|switch|p1a: Iron Hands|Iron Hands|100\/100\n|switch|p1b: Armarouge|Armarouge, M|100\/100\n|switch|p2a: Rillaboom|Rillaboom, M|100\/100\n|switch|p2b: Ursaluna|Ursaluna, F|100\/100\n|-fieldstart|move: Grassy Terrain|[from] ability: Grassy Surge|[of] p2a: Rillaboom\n|turn|1\n|\n|t:|1698697013\n|-end|p1a: Iron Hands|Quark Drive|[silent]\n|switch|p1a: Indeedee|Indeedee-F, F|100\/100\n|-fieldstart|move: Psychic Terrain|[from] ability: Psychic Surge|[of] p1a: Indeedee\n|-enditem|p1a: Indeedee|Psychic Seed\n|-boost|p1a: Indeedee|spd|1|[from] item: Psychic Seed\n|move|p2a: Rillaboom|Fake Out|p1a: Indeedee\n|-activate|p1a: Indeedee|move: Psychic Terrain\n|move|p2b: Ursaluna|High Horsepower|p1b: Armarouge\n|-supereffective|p1b: Armarouge\n|-damage|p1b: Armarouge|0 fnt\n|faint|p1b: Armarouge\n|\n|-status|p2b: Ursaluna|brn|[from] item: Flame Orb\n|upkeep\n|inactive|Cool Dude 7 has 120 seconds left.\n|c|\u2606Cool Dude 7|I messed up\n|c|\u2606Cool Dude 7|I meant to terrasstalize\n|\n|t:|1698697052\n|switch|p1b: Hatterene|Hatterene, F|100\/100\n|turn|2\n|inactive|Cool Dude 7 has 120 seconds left.\n|\n|t:|1698697071\n|move|p2a: Rillaboom|Wood Hammer|p1a: Indeedee\n|-damage|p1a: Indeedee|30\/100\n|-damage|p2a: Rillaboom|81\/100|[from] Recoil\n|move|p2b: Ursaluna|Facade|p1b: Hatterene\n|-damage|p1b: Hatterene|0 fnt\n|faint|p1b: Hatterene\n|move|p1a: Indeedee|Trick Room|p1a: Indeedee\n|-fieldstart|move: Trick Room|[of] p1a: Indeedee\n|\n|-damage|p2b: Ursaluna|94\/100 brn|[from] brn\n|upkeep\n|\n|t:|1698697082\n|switch|p1b: Torkoal|Torkoal, L99, F|100\/100\n|-weather|SunnyDay|[from] ability: Drought|[of] p1b: Torkoal\n|turn|3\n|l| Drageen\n|\n|t:|1698697095\n|switch|p2a: Clefairy|Clefairy, F|100\/100\n|move|p1a: Indeedee|Helping Hand|p1b: Torkoal\n|-singleturn|p1b: Torkoal|Helping Hand|[of] p1a: Indeedee\n|move|p1b: Torkoal|Eruption|p2b: Ursaluna|[spread] p2a,p2b\n|-damage|p2a: Clefairy|6\/100\n|-damage|p2b: Ursaluna|27\/100 brn\n|move|p2b: Ursaluna|High Horsepower|p1b: Torkoal\n|-supereffective|p1b: Torkoal\n|-damage|p1b: Torkoal|0 fnt\n|faint|p1b: Torkoal\n|\n|-weather|SunnyDay|[upkeep]\n|-damage|p2b: Ursaluna|21\/100 brn|[from] brn\n|upkeep\n|inactive|Cool Dude 7 has 120 seconds left.\n|\n|t:|1698697116\n|switch|p1b: Iron Hands|Iron Hands|100\/100\n|turn|4\n|c|\u2606Solstorm5|I love Clefairy\n|inactive|Cool Dude 7 has 120 seconds left.\n|\n|t:|1698697137\n|switch|p1a: Amoonguss|Amoonguss, M|100\/100\n|move|p2a: Clefairy|Heal Pulse|p2b: Ursaluna\n|-heal|p2b: Ursaluna|71\/100 brn\n|move|p1b: Iron Hands|Ice Punch|p2b: Ursaluna\n|-supereffective|p2b: Ursaluna\n|-damage|p2b: Ursaluna|38\/100 brn\n|move|p2b: Ursaluna|High Horsepower|p1b: Iron Hands\n|-supereffective|p1b: Iron Hands\n|-damage|p1b: Iron Hands|0 fnt\n|faint|p1b: Iron Hands\n|-end|p1b: Iron Hands|Quark Drive|[silent]\n|\n|-weather|SunnyDay|[upkeep]\n|-damage|p2b: Ursaluna|31\/100 brn|[from] brn\n|upkeep\n|\n|t:|1698697150\n|switch|p1b: Indeedee|Indeedee-F, F|30\/100\n|turn|5\n|j| Goomy Guy12345\n|inactive|Cool Dude 7 has 120 seconds left.\n|\n|t:|1698697193\n|move|p2a: Clefairy|Helping Hand|p2b: Ursaluna\n|-singleturn|p2b: Ursaluna|Helping Hand|[of] p2a: Clefairy\n|move|p1b: Indeedee|Helping Hand|p1a: Amoonguss\n|-singleturn|p1a: Amoonguss|Helping Hand|[of] p1b: Indeedee\n|move|p1a: Amoonguss|Sludge Bomb|p2a: Clefairy\n|-supereffective|p2a: Clefairy\n|-damage|p2a: Clefairy|0 fnt\n|faint|p2a: Clefairy\n|move|p2b: Ursaluna|Facade|p1a: Amoonguss\n|-damage|p1a: Amoonguss|0 fnt\n|faint|p1a: Amoonguss\n|\n|-weather|SunnyDay|[upkeep]\n|-damage|p2b: Ursaluna|25\/100 brn|[from] brn\n|-fieldend|move: Psychic Terrain\n|upkeep\n|-message|Cool Dude 7 forfeited.\n|\n|win|Solstorm5\n|n|\u2606Cool Dude 7|cooldude7\n|n|\u2606Solstorm5|solstorm5\n|n|*Lady Monita \u263d|ladymonita\n|n| BB-8-NU|bb8nu\n|n| Goomy Guy12345|goomyguy12345\n|l|*Lady Monita \u263d\n|l|\u2606Cool Dude 7\n|l| BB-8-NU\n|l|\u2606Solstorm5\n|j| leowooj\n|j|\u2606Solstorm5\n|player|p2|Solstorm5|marnie-masters3\n","uploadtime":1698697687,"views":19,"p1id":"cooldude7","p2id":"solstorm5","formatid":"gen9doublesou","rating":0,"private":0,"password":""}