{"id":"gen9doublesou-1982946483","p1":"brilliance12345678","p2":"Mr.X&Y97","format":"[Gen 9] Doubles OU","log":"|j|\u2606brilliance12345678\n|j|\u2606Mr.X&Y97\n|t:|1699061813\n|gametype|doubles\n|player|p1|brilliance12345678|carmine-festival|1437\n|player|p2|Mr.X&Y97|blue|1665\n|teamsize|p1|6\n|teamsize|p2|6\n|gen|9\n|tier|[Gen 9] Doubles OU\n|rated|\n|rule|Species Clause: Limit one of each Pok\u00e9mon\n|rule|OHKO Clause: OHKO moves are banned\n|rule|Evasion Moves Clause: Evasion moves are banned\n|rule|Gravity Sleep Clause: The combination of sleep-inducing moves with imperfect accuracy and Gravity or Gigantamax Orbeetle are banned\n|rule|Endless Battle Clause: Forcing endless battles is banned\n|rule|HP Percentage Mod: HP is shown in percentages\n|clearpoke\n|poke|p1|Enamorus, F|\n|poke|p1|Thundurus, M|\n|poke|p1|Landorus-Therian, M|\n|poke|p1|Chien-Pao|\n|poke|p1|Chi-Yu|\n|poke|p1|Bruxish, M|\n|poke|p2|Armarouge, M|\n|poke|p2|Indeedee-F, F|\n|poke|p2|Stonjourner, F|\n|poke|p2|Kingambit, M|\n|poke|p2|Abomasnow, M|\n|poke|p2|Chien-Pao|\n|teampreview\n|inactive|Battle timer is ON: inactive players will automatically lose when time's up. (requested by Mr.X&Y97)\n|inactive|brilliance12345678 also wants the timer to be on.\n|c|\u2606Mr.X&Y97|Glhf!\n|\n|t:|1699061836\n|start\n|switch|p1a: Enamorus|Enamorus, F, shiny|100\/100\n|switch|p1b: Thundurus|Thundurus, M, shiny|100\/100\n|switch|p2a: Amelia Bedelia|Indeedee-F, F|100\/100\n|switch|p2b: Mega Man X|Armarouge, M|100\/100\n|-fieldstart|move: Psychic Terrain|[from] ability: Psychic Surge|[of] p2a: Amelia Bedelia\n|turn|1\n|inactive|brilliance12345678 has 120 seconds left.\n|inactive|brilliance12345678 has 90 seconds left.\n|\n|t:|1699061914\n|switch|p1b: Bruxish|Bruxish, M|100\/100\n|move|p2a: Amelia Bedelia|Follow Me|p2a: Amelia Bedelia\n|-singleturn|p2a: Amelia Bedelia|move: Follow Me\n|move|p1a: Enamorus|Earth Power|p2a: Amelia Bedelia\n|-damage|p2a: Amelia Bedelia|71\/100\n|move|p2b: Mega Man X|Trick Room|p2b: Mega Man X\n|-fieldstart|move: Trick Room|[of] p2b: Mega Man X\n|\n|upkeep\n|turn|2\n|inactive|brilliance12345678 has 90 seconds left.\n|\n|t:|1699061939\n|switch|p2a: Stoney J.|Stonjourner, F|100\/100\n|-terastallize|p2b: Mega Man X|Grass\n|move|p1a: Enamorus|Protect|p1a: Enamorus\n|-singleturn|p1a: Enamorus|Protect\n|move|p2b: Mega Man X|Expanding Force|p1a: Enamorus|[spread] p1b\n|-activate|p1a: Enamorus|move: Protect\n|-resisted|p1b: Bruxish\n|-damage|p1b: Bruxish|18\/100\n|-enditem|p1b: Bruxish|Sitrus Berry|[eat]\n|-heal|p1b: Bruxish|43\/100|[from] item: Sitrus Berry\n|-damage|p2b: Mega Man X|91\/100|[from] item: Life Orb\n|move|p1b: Bruxish|Flip Turn|p2b: Mega Man X\n|-resisted|p2b: Mega Man X\n|-damage|p2b: Mega Man X|78\/100\n|\n|t:|1699061954\n|switch|p1b: Chi-Yu|Chi-Yu|100\/100|[from] Flip Turn\n|-ability|p1b: Chi-Yu|Beads of Ruin\n|\n|upkeep\n|turn|3\n|inactive|brilliance12345678 has 90 seconds left.\n|\n|t:|1699061968\n|switch|p1a: Chien-Pao|Chien-Pao|100\/100\n|-ability|p1a: Chien-Pao|Sword of Ruin\n|move|p1b: Chi-Yu|Protect|p1b: Chi-Yu\n|-singleturn|p1b: Chi-Yu|Protect\n|move|p2b: Mega Man X|Heat Wave|p1a: Chien-Pao|[spread] p1a\n|-activate|p1b: Chi-Yu|move: Protect\n|-supereffective|p1a: Chien-Pao\n|-enditem|p1a: Chien-Pao|Focus Sash\n|-damage|p1a: Chien-Pao|1\/100\n|-damage|p2b: Mega Man X|68\/100|[from] item: Life Orb\n|move|p2a: Stoney J.|Rock Slide|p1b: Chi-Yu|[spread] p1a\n|-activate|p1b: Chi-Yu|move: Protect\n|-supereffective|p1a: Chien-Pao\n|-damage|p1a: Chien-Pao|0 fnt\n|faint|p1a: Chien-Pao\n|\n|upkeep\n|inactive|brilliance12345678 has 90 seconds left.\n|\n|t:|1699061990\n|switch|p1a: Bruxish|Bruxish, M|43\/100\n|turn|4\n|inactive|brilliance12345678 has 90 seconds left.\n|\n|t:|1699062006\n|move|p2b: Mega Man X|Heat Wave|p1a: Bruxish|[spread] p1a,p1b\n|-resisted|p1a: Bruxish\n|-resisted|p1b: Chi-Yu\n|-damage|p1a: Bruxish|0 fnt\n|-damage|p1b: Chi-Yu|64\/100\n|faint|p1a: Bruxish\n|-damage|p2b: Mega Man X|58\/100|[from] item: Life Orb\n|move|p2a: Stoney J.|Rock Slide|p1b: Chi-Yu\n|-supereffective|p1b: Chi-Yu\n|-damage|p1b: Chi-Yu|0 fnt\n|faint|p1b: Chi-Yu\n|\n|upkeep\n|\n|t:|1699062017\n|switch|p1a: Enamorus|Enamorus, F, shiny|100\/100\n|switch|p1b: Thundurus|Thundurus, M, shiny|100\/100\n|turn|5\n|\n|t:|1699062025\n|switch|p2a: Amelia Bedelia|Indeedee-F, F|71\/100\n|move|p1b: Thundurus|Protect|p1b: Thundurus\n|-singleturn|p1b: Thundurus|Protect\n|move|p1a: Enamorus|Protect|p1a: Enamorus\n|-singleturn|p1a: Enamorus|Protect\n|move|p2b: Mega Man X|Expanding Force|p1a: Enamorus|[spread] \n|-activate|p1a: Enamorus|move: Protect\n|-activate|p1b: Thundurus|move: Protect\n|\n|-fieldend|move: Trick Room\n|-fieldend|move: Psychic Terrain\n|upkeep\n|turn|6\n|inactive|brilliance12345678 has 120 seconds left.\n|\n|t:|1699062039\n|-terastallize|p1a: Enamorus|Fairy\n|move|p2a: Amelia Bedelia|Follow Me|p2a: Amelia Bedelia\n|-singleturn|p2a: Amelia Bedelia|move: Follow Me\n|move|p1b: Thundurus|Eerie Impulse|p2a: Amelia Bedelia\n|-unboost|p2a: Amelia Bedelia|spa|2\n|move|p1a: Enamorus|Springtide Storm|p2a: Amelia Bedelia|[spread] p2a,p2b\n|-damage|p2a: Amelia Bedelia|19\/100\n|-damage|p2b: Mega Man X|0 fnt\n|-unboost|p2a: Amelia Bedelia|atk|1\n|faint|p2b: Mega Man X\n|\n|upkeep\n|\n|t:|1699062057\n|switch|p2b: Snowball|Abomasnow, M|100\/100\n|-weather|Snow|[from] ability: Snow Warning|[of] p2b: Snowball\n|turn|7\n|\n|t:|1699062073\n|move|p2b: Snowball|Protect|p2b: Snowball\n|-singleturn|p2b: Snowball|Protect\n|move|p2a: Amelia Bedelia|Follow Me|p2a: Amelia Bedelia\n|-singleturn|p2a: Amelia Bedelia|move: Follow Me\n|move|p1b: Thundurus|Eerie Impulse|p2a: Amelia Bedelia\n|-unboost|p2a: Amelia Bedelia|spa|2\n|move|p1a: Enamorus|Springtide Storm|p2b: Snowball|[spread] p2a\n|-activate|p2b: Snowball|move: Protect\n|-damage|p2a: Amelia Bedelia|0 fnt\n|faint|p2a: Amelia Bedelia\n|\n|-weather|Snow|[upkeep]\n|upkeep\n|\n|t:|1699062083\n|switch|p2a: Weasel|Chien-Pao|100\/100\n|-ability|p2a: Weasel|Sword of Ruin\n|turn|8\n|\n|t:|1699062093\n|move|p1a: Enamorus|Protect|p1a: Enamorus\n|-singleturn|p1a: Enamorus|Protect\n|move|p2a: Weasel|Ice Spinner|p1b: Thundurus\n|-supereffective|p1b: Thundurus\n|-damage|p1b: Thundurus|0 fnt\n|faint|p1b: Thundurus\n|move|p2b: Snowball|Blizzard|p1a: Enamorus\n|-activate|p1a: Enamorus|move: Protect\n|\n|-weather|Snow|[upkeep]\n|upkeep\n|\n|t:|1699062098\n|switch|p1b: Landorus|Landorus-Therian, M|100\/100\n|-ability|p1b: Landorus|Intimidate|boost\n|-unboost|p2a: Weasel|atk|1\n|-unboost|p2b: Snowball|atk|1\n|turn|9\n|\n|t:|1699062110\n|move|p1b: Landorus|Stomping Tantrum|p2a: Weasel\n|-damage|p2a: Weasel|62\/100\n|move|p2a: Weasel|Ice Spinner|p1b: Landorus\n|-supereffective|p1b: Landorus\n|-damage|p1b: Landorus|0 fnt\n|faint|p1b: Landorus\n|move|p1a: Enamorus|Springtide Storm|p2a: Weasel|[spread] p2a,p2b\n|-supereffective|p2a: Weasel\n|-damage|p2a: Weasel|0 fnt\n|-damage|p2b: Snowball|39\/100\n|-unboost|p2b: Snowball|atk|1\n|faint|p2a: Weasel\n|move|p2b: Snowball|Blizzard|p1a: Enamorus\n|-damage|p1a: Enamorus|15\/100\n|\n|-weather|Snow|[upkeep]\n|upkeep\n|-message|brilliance12345678 forfeited.\n|\n|win|Mr.X&Y97\n|raw|brilliance12345678's rating: 1437 &rarr; <strong>1429<\/strong><br \/>(-8 for losing)\n|raw|Mr.X&amp;Y97's rating: 1665 &rarr; <strong>1673<\/strong><br \/>(+8 for winning)\n|l|\u2606brilliance12345678\n|c|\u2606Mr.X&Y97|Ggs wp!\n","uploadtime":1699062131,"views":22,"p1id":"brilliance12345678","p2id":"mrxy97","formatid":"gen9doublesou","rating":1429,"private":0,"password":""}