{"id":"gen9doublesou-1975177627","p1":"days until","p2":"ChimeBliss","format":"[Gen 9] Doubles OU","log":"|j|\u2606days until\n|j|\u2606ChimeBliss\n|t:|1698167913\n|gametype|doubles\n|player|p1|days until|volkner|1488\n|player|p2|ChimeBliss|dawn-gen4pt|1510\n|teamsize|p1|6\n|teamsize|p2|6\n|gen|9\n|tier|[Gen 9] Doubles OU\n|rated|\n|rule|Species Clause: Limit one of each Pok\u00e9mon\n|rule|OHKO Clause: OHKO moves are banned\n|rule|Evasion Moves Clause: Evasion moves are banned\n|rule|Gravity Sleep Clause: The combination of sleep-inducing moves with imperfect accuracy and Gravity or Gigantamax Orbeetle are banned\n|rule|Endless Battle Clause: Forcing endless battles is banned\n|rule|HP Percentage Mod: HP is shown in percentages\n|clearpoke\n|poke|p1|Gyarados, F|\n|poke|p1|Volcarona, M|\n|poke|p1|Iron Bundle|\n|poke|p1|Sinistcha|\n|poke|p1|Ninetales-Alola, F|\n|poke|p1|Iron Hands|\n|poke|p2|Chien-Pao|\n|poke|p2|Tornadus, M|\n|poke|p2|Dragonite, F|\n|poke|p2|Chi-Yu|\n|poke|p2|Flutter Mane|\n|poke|p2|Landorus, M|\n|teampreview\n|inactive|Battle timer is ON: inactive players will automatically lose when time's up. (requested by ChimeBliss)\n|inactive|days until also wants the timer to be on.\n|\n|t:|1698167939\n|start\n|switch|p1a: Gyarados|Gyarados, F|100\/100\n|switch|p1b: Iron Bundle|Iron Bundle|100\/100\n|switch|p2a: Tornadus|Tornadus, M|100\/100\n|switch|p2b: Chi-Yu|Chi-Yu|100\/100\n|-ability|p2b: Chi-Yu|Beads of Ruin\n|-ability|p1a: Gyarados|Intimidate|boost\n|-unboost|p2a: Tornadus|atk|1\n|-unboost|p2b: Chi-Yu|atk|1\n|-enditem|p1b: Iron Bundle|Booster Energy\n|-activate|p1b: Iron Bundle|ability: Quark Drive|[fromitem]\n|-start|p1b: Iron Bundle|quarkdrivespe\n|turn|1\n|inactive|days until has 120 seconds left.\n|inactive|ChimeBliss has 120 seconds left.\n|\n|t:|1698167982\n|move|p2a: Tornadus|Tailwind|p2a: Tornadus\n|-sidestart|p2: ChimeBliss|move: Tailwind\n|move|p2b: Chi-Yu|Dark Pulse|p1b: Iron Bundle\n|-crit|p1b: Iron Bundle\n|-damage|p1b: Iron Bundle|0 fnt\n|faint|p1b: Iron Bundle\n|-end|p1b: Iron Bundle|Quark Drive|[silent]\n|move|p1a: Gyarados|Waterfall|p2b: Chi-Yu\n|-supereffective|p2b: Chi-Yu\n|-damage|p2b: Chi-Yu|0 fnt\n|faint|p2b: Chi-Yu\n|\n|upkeep\n|inactive|days until has 120 seconds left.\n|\n|t:|1698168023\n|switch|p1b: Iron Hands|Iron Hands|100\/100\n|switch|p2b: Flutter Mane|Flutter Mane|100\/100\n|turn|2\n|inactive|days until has 120 seconds left.\n|\n|t:|1698168048\n|move|p2b: Flutter Mane|Moonblast|p1b: Iron Hands\n|-supereffective|p1b: Iron Hands\n|-damage|p1b: Iron Hands|22\/100\n|move|p2a: Tornadus|Bleakwind Storm|p1b: Iron Hands|[spread] p1a\n|-miss|p2a: Tornadus|p1b: Iron Hands\n|-damage|p1a: Gyarados|59\/100\n|move|p1a: Gyarados|Dragon Dance|p1a: Gyarados\n|-boost|p1a: Gyarados|atk|1\n|-boost|p1a: Gyarados|spe|1\n|move|p1b: Iron Hands|Heavy Slam|p2b: Flutter Mane\n|-supereffective|p2b: Flutter Mane\n|-damage|p2b: Flutter Mane|0 fnt\n|faint|p2b: Flutter Mane\n|-end|p2b: Flutter Mane|Protosynthesis|[silent]\n|\n|upkeep\n|inactive|ChimeBliss has 120 seconds left.\n|\n|t:|1698168069\n|switch|p2b: Landorus|Landorus, M|100\/100\n|turn|3\n|\n|t:|1698168088\n|-end|p1b: Iron Hands|Quark Drive|[silent]\n|switch|p1b: Sinistcha|Sinistcha|100\/100\n|-heal|p1a: Gyarados|84\/100|[from] ability: Hospitality|[of] p1b: Sinistcha\n|move|p2a: Tornadus|Bleakwind Storm|p1a: Gyarados|[spread] p1a,p1b\n|-supereffective|p1b: Sinistcha\n|-damage|p1a: Gyarados|45\/100\n|-damage|p1b: Sinistcha|32\/100\n|-unboost|p1a: Gyarados|spe|1\n|-enditem|p1a: Gyarados|Sitrus Berry|[eat]\n|-heal|p1a: Gyarados|70\/100|[from] item: Sitrus Berry\n|move|p2b: Landorus|Sludge Bomb|p1a: Gyarados\n|-damage|p1a: Gyarados|23\/100\n|move|p1a: Gyarados|Waterfall|p2b: Landorus\n|-supereffective|p2b: Landorus\n|-damage|p2b: Landorus|0 fnt\n|faint|p2b: Landorus\n|\n|upkeep\n|inactive|ChimeBliss has 120 seconds left.\n|\n|t:|1698168106\n|switch|p2b: Dragonite|Dragonite, F, shiny|100\/100\n|turn|4\n|inactive|days until has 120 seconds left.\n|\n|t:|1698168141\n|-terastallize|p2b: Dragonite|Normal\n|move|p2b: Dragonite|Extreme Speed|p1a: Gyarados\n|-damage|p1a: Gyarados|0 fnt\n|faint|p1a: Gyarados\n|move|p2a: Tornadus|Bleakwind Storm|p1b: Sinistcha\n|-supereffective|p1b: Sinistcha\n|-crit|p1b: Sinistcha\n|-damage|p1b: Sinistcha|0 fnt\n|faint|p1b: Sinistcha\n|\n|-sideend|p2: ChimeBliss|move: Tailwind\n|upkeep\n|\n|t:|1698168150\n|switch|p1a: Iron Hands|Iron Hands|22\/100\n|switch|p1b: Ninetales|Ninetales-Alola, F|100\/100\n|-weather|Snow|[from] ability: Snow Warning|[of] p1b: Ninetales\n|turn|5\n|\n|t:|1698168171\n|move|p1a: Iron Hands|Fake Out|p2a: Tornadus\n|-damage|p2a: Tornadus|76\/100\n|move|p2b: Dragonite|Extreme Speed|p1b: Ninetales\n|-damage|p1b: Ninetales|27\/100\n|cant|p2a: Tornadus|flinch\n|move|p1b: Ninetales|Blizzard|p2a: Tornadus|[spread] p2a,p2b\n|-supereffective|p2a: Tornadus\n|-damage|p2a: Tornadus|0 fnt\n|-damage|p2b: Dragonite|48\/100\n|faint|p2a: Tornadus\n|\n|-weather|Snow|[upkeep]\n|upkeep\n|\n|t:|1698168174\n|switch|p2a: Chien-Pao|Chien-Pao|100\/100\n|-ability|p2a: Chien-Pao|Sword of Ruin\n|turn|6\n|\n|t:|1698168189\n|-end|p1a: Iron Hands|Quark Drive|[silent]\n|switch|p1a: Volcarona|Volcarona, M|100\/100\n|move|p2b: Dragonite|Extreme Speed|p1b: Ninetales\n|-damage|p1b: Ninetales|0 fnt\n|faint|p1b: Ninetales\n|move|p2a: Chien-Pao|Ice Spinner|p1a: Volcarona\n|-resisted|p1a: Volcarona\n|-damage|p1a: Volcarona|69\/100\n|\n|-weather|Snow|[upkeep]\n|-heal|p1a: Volcarona|75\/100|[from] item: Leftovers\n|upkeep\n|\n|t:|1698168192\n|switch|p1b: Iron Hands|Iron Hands|22\/100\n|turn|7\n|\n|t:|1698168198\n|-terastallize|p1a: Volcarona|Dragon\n|move|p1b: Iron Hands|Fake Out|p2a: Chien-Pao\n|-damage|p2a: Chien-Pao|84\/100\n|move|p2b: Dragonite|Extreme Speed|p1a: Volcarona\n|-damage|p1a: Volcarona|0 fnt\n|faint|p1a: Volcarona\n|cant|p2a: Chien-Pao|flinch\n|\n|-weather|Snow|[upkeep]\n|upkeep\n|turn|8\n|-message|days until forfeited.\n|\n|win|ChimeBliss\n|raw|days until's rating: 1488 &rarr; <strong>1469<\/strong><br \/>(-19 for losing)\n|raw|ChimeBliss's rating: 1510 &rarr; <strong>1529<\/strong><br \/>(+19 for winning)\n|l|\u2606days until\n","uploadtime":1698168212,"views":9,"p1id":"daysuntil","p2id":"chimebliss","formatid":"gen9doublesou","rating":1469,"private":0,"password":""}