{"id":"gen9doublesou-1996899351","p1":"idfi","p2":"Lord Bromosalino","format":"[Gen 9] Doubles OU","log":"|j|\u2606idfi\n|j|\u2606Lord Bromosalino\n|t:|1700742194\n|gametype|doubles\n|player|p1|idfi|pokefan-gen4|1303\n|player|p2|Lord Bromosalino|1|1266\n|teamsize|p1|6\n|teamsize|p2|6\n|gen|9\n|tier|[Gen 9] Doubles OU\n|rated|\n|rule|Species Clause: Limit one of each Pok\u00e9mon\n|rule|OHKO Clause: OHKO moves are banned\n|rule|Evasion Moves Clause: Evasion moves are banned\n|rule|Gravity Sleep Clause: The combination of sleep-inducing moves with imperfect accuracy and Gravity or Gigantamax Orbeetle are banned\n|rule|Endless Battle Clause: Forcing endless battles is banned\n|rule|HP Percentage Mod: HP is shown in percentages\n|clearpoke\n|poke|p1|Torkoal, F|\n|poke|p1|Oranguru, F|\n|poke|p1|Amoonguss, F|\n|poke|p1|Flutter Mane|\n|poke|p1|Iron Hands|\n|poke|p1|Hatterene, F|\n|poke|p2|Dragapult, M|\n|poke|p2|Rotom-Wash|\n|poke|p2|Kleavor, M|\n|poke|p2|Chandelure, F|\n|poke|p2|Meowscarada, F|\n|poke|p2|Gardevoir, F|\n|teampreview\n|inactive|Battle timer is ON: inactive players will automatically lose when time's up. (requested by Lord Bromosalino)\n|\n|t:|1700742209\n|start\n|switch|p1a: Amoonguss|Amoonguss, F|100\/100\n|switch|p1b: Oranguru|Oranguru, F|100\/100\n|switch|p2a: Rotom|Rotom-Wash|100\/100\n|switch|p2b: Kleavor|Kleavor, M|100\/100\n|turn|1\n|\n|t:|1700742219\n|move|p1a: Amoonguss|Rage Powder|p1a: Amoonguss\n|-singleturn|p1a: Amoonguss|move: Rage Powder\n|move|p2a: Rotom|Volt Switch|p1a: Amoonguss\n|-resisted|p1a: Amoonguss\n|-damage|p1a: Amoonguss|88\/100\n|\n|t:|1700742224\n|switch|p2a: Chandelure|Chandelure, F|100\/100|[from] Volt Switch\n|move|p2b: Kleavor|Stone Axe|p1a: Amoonguss\n|-damage|p1a: Amoonguss|47\/100\n|-damage|p2b: Kleavor|84\/100|[from] item: Rocky Helmet|[of] p1a: Amoonguss\n|-sidestart|p1: idfi|move: Stealth Rock\n|move|p1b: Oranguru|Trick Room|p1b: Oranguru\n|-fieldstart|move: Trick Room|[of] p1b: Oranguru\n|\n|upkeep\n|turn|2\n|\n|t:|1700742236\n|switch|p1a: Torkoal|Torkoal, F|100\/100\n|-damage|p1a: Torkoal|75\/100|[from] Stealth Rock\n|-weather|SunnyDay|[from] ability: Drought|[of] p1a: Torkoal\n|move|p1b: Oranguru|Protect|p1b: Oranguru\n|-singleturn|p1b: Oranguru|Protect\n|move|p2b: Kleavor|Lunge|p1b: Oranguru\n|-activate|p1b: Oranguru|move: Protect\n|move|p2a: Chandelure|Heat Wave|p1a: Torkoal|[spread] p1a\n|-activate|p1b: Oranguru|move: Protect\n|-resisted|p1a: Torkoal\n|-damage|p1a: Torkoal|39\/100\n|\n|-weather|SunnyDay|[upkeep]\n|upkeep\n|turn|3\n|\n|t:|1700742253\n|-terastallize|p1a: Torkoal|Fire\n|move|p1a: Torkoal|Heat Wave|p2b: Kleavor|[spread] p2a,p2b\n|-resisted|p2a: Chandelure\n|-damage|p2a: Chandelure|49\/100\n|-damage|p2b: Kleavor|0 fnt\n|faint|p2b: Kleavor\n|move|p1b: Oranguru|Instruct|p1a: Torkoal\n|-singleturn|p1a: Torkoal|move: Instruct|[of] p1b: Oranguru\n|move|p1a: Torkoal|Heat Wave|p2a: Chandelure\n|-resisted|p2a: Chandelure\n|-damage|p2a: Chandelure|0 fnt\n|faint|p2a: Chandelure\n|\n|-weather|SunnyDay|[upkeep]\n|upkeep\n|\n|t:|1700742260\n|switch|p2a: Rotom|Rotom-Wash|100\/100\n|switch|p2b: Dragapult|Dragapult, M|100\/100\n|turn|4\n|\n|t:|1700742271\n|move|p1a: Torkoal|Heat Wave|p2b: Dragapult|[spread] p2a,p2b\n|-resisted|p2a: Rotom\n|-resisted|p2b: Dragapult\n|-damage|p2a: Rotom|48\/100\n|-damage|p2b: Dragapult|48\/100\n|move|p1b: Oranguru|Instruct|p1a: Torkoal\n|-singleturn|p1a: Torkoal|move: Instruct|[of] p1b: Oranguru\n|move|p1a: Torkoal|Heat Wave|p2b: Dragapult|[spread] p2a,p2b\n|-resisted|p2a: Rotom\n|-resisted|p2b: Dragapult\n|-damage|p2a: Rotom|2\/100\n|-damage|p2b: Dragapult|0 fnt\n|-enditem|p2a: Rotom|Aguav Berry|[eat]\n|-heal|p2a: Rotom|35\/100|[from] item: Aguav Berry\n|faint|p2b: Dragapult\n|move|p2a: Rotom|Hydro Pump|p1a: Torkoal|[miss]\n|-miss|p2a: Rotom|p1a: Torkoal\n|\n|-weather|SunnyDay|[upkeep]\n|upkeep\n|\n|t:|1700742281\n|switch|p2b: Meowscarada|Meowscarada, F|100\/100\n|turn|5\n|\n|t:|1700742290\n|-terastallize|p2b: Meowscarada|Water\n|move|p1a: Torkoal|Heat Wave|p2a: Rotom|[spread] p2b\n|-miss|p1a: Torkoal|p2a: Rotom\n|-resisted|p2b: Meowscarada\n|-damage|p2b: Meowscarada|41\/100\n|move|p1b: Oranguru|Instruct|p1a: Torkoal\n|-singleturn|p1a: Torkoal|move: Instruct|[of] p1b: Oranguru\n|move|p1a: Torkoal|Heat Wave|p2b: Meowscarada|[spread] p2b\n|-miss|p1a: Torkoal|p2a: Rotom\n|-resisted|p2b: Meowscarada\n|-damage|p2b: Meowscarada|0 fnt\n|faint|p2b: Meowscarada\n|move|p2a: Rotom|Hydro Pump|p1a: Torkoal\n|-supereffective|p1a: Torkoal\n|-damage|p1a: Torkoal|0 fnt\n|faint|p1a: Torkoal\n|\n|-weather|SunnyDay|[upkeep]\n|-fieldend|move: Trick Room\n|upkeep\n|-message|Lord Bromosalino forfeited.\n|\n|win|idfi\n|raw|idfi's rating: 1303 &rarr; <strong>1321<\/strong><br \/>(+18 for winning)\n|raw|Lord Bromosalino's rating: 1266 &rarr; <strong>1244<\/strong><br \/>(-22 for losing)\n|l|\u2606Lord Bromosalino\n","uploadtime":1700742316,"views":4,"p1id":"idfi","p2id":"lordbromosalino","formatid":"gen9doublesou","rating":1244,"private":0,"password":""}