{"id":"gen9doublesou-1968982798","p1":"Connman361","p2":"EnigmaKun1","format":"[Gen 9] Doubles OU","log":"|j|\u2606Connman361\n|j|\u2606EnigmaKun1\n|t:|1697480399\n|gametype|doubles\n|player|p1|Connman361|hoopster|1437\n|player|p2|EnigmaKun1|yellow|1308\n|teamsize|p1|6\n|teamsize|p2|6\n|gen|9\n|tier|[Gen 9] Doubles OU\n|rated|\n|rule|Species Clause: Limit one of each Pok\u00e9mon\n|rule|OHKO Clause: OHKO moves are banned\n|rule|Evasion Moves Clause: Evasion moves are banned\n|rule|Gravity Sleep Clause: The combination of sleep-inducing moves with imperfect accuracy and Gravity or Gigantamax Orbeetle are banned\n|rule|Endless Battle Clause: Forcing endless battles is banned\n|rule|HP Percentage Mod: HP is shown in percentages\n|clearpoke\n|poke|p1|Fezandipiti, M|\n|poke|p1|Kingambit, M|\n|poke|p1|Okidogi, M|\n|poke|p1|Rillaboom, M|\n|poke|p1|Landorus-Therian, M|\n|poke|p1|Iron Bundle|\n|poke|p2|Rillaboom, M|\n|poke|p2|Roaring Moon|\n|poke|p2|Clefairy, M|\n|poke|p2|Mamoswine, M|\n|poke|p2|Fezandipiti, M|\n|poke|p2|Ogerpon-Wellspring, F|\n|teampreview\n|j| Marreant\n|\n|t:|1697480474\n|start\n|switch|p1a: Rillaboom|Rillaboom, M|100\/100\n|switch|p1b: Landorus|Landorus-Therian, M|100\/100\n|switch|p2a: Clefairy|Clefairy, M|100\/100\n|switch|p2b: Fezandipiti|Fezandipiti, M|100\/100\n|-ability|p1b: Landorus|Intimidate|boost\n|-unboost|p2a: Clefairy|atk|1\n|-unboost|p2b: Fezandipiti|atk|1\n|-fieldstart|move: Grassy Terrain|[from] ability: Grassy Surge|[of] p1a: Rillaboom\n|turn|1\n|inactive|Battle timer is ON: inactive players will automatically lose when time's up. (requested by Connman361)\n|\n|t:|1697480504\n|move|p1a: Rillaboom|Fake Out|p2a: Clefairy\n|-damage|p2a: Clefairy|89\/100\n|move|p2b: Fezandipiti|Tailwind|p2b: Fezandipiti\n|-sidestart|p2: EnigmaKun1|move: Tailwind\n|move|p1b: Landorus|Stomping Tantrum|p2b: Fezandipiti\n|-supereffective|p2b: Fezandipiti\n|-crit|p2b: Fezandipiti\n|-damage|p2b: Fezandipiti|6\/100\n|cant|p2a: Clefairy|flinch\n|\n|-heal|p2b: Fezandipiti|12\/100|[from] Grassy Terrain\n|-heal|p2b: Fezandipiti|18\/100|[from] item: Leftovers\n|-heal|p2a: Clefairy|95\/100|[from] Grassy Terrain\n|upkeep\n|turn|2\n|inactive|EnigmaKun1 has 120 seconds left.\n|\n|t:|1697480541\n|move|p2b: Fezandipiti|Roost|p2b: Fezandipiti\n|-heal|p2b: Fezandipiti|68\/100\n|-singleturn|p2b: Fezandipiti|move: Roost\n|move|p1b: Landorus|Stealth Rock|p2b: Fezandipiti\n|-sidestart|p2: EnigmaKun1|move: Stealth Rock\n|move|p2a: Clefairy|Knock Off|p1b: Landorus\n|-damage|p1b: Landorus|93\/100\n|-enditem|p1b: Landorus|Sitrus Berry|[from] move: Knock Off|[of] p2a: Clefairy\n|move|p1a: Rillaboom|U-turn|p2b: Fezandipiti\n|-resisted|p2b: Fezandipiti\n|-damage|p2b: Fezandipiti|64\/100\n|inactive|Connman361 has 120 seconds left.\n|\n|t:|1697480571\n|switch|p1a: Okidogi|Okidogi, M|100\/100|[from] U-turn\n|\n|-heal|p2b: Fezandipiti|70\/100|[from] Grassy Terrain\n|-heal|p2b: Fezandipiti|77\/100|[from] item: Leftovers\n|-heal|p2a: Clefairy|100\/100|[from] Grassy Terrain\n|upkeep\n|turn|3\n|inactive|EnigmaKun1 has 120 seconds left.\n|\n|t:|1697480600\n|-terastallize|p2b: Fezandipiti|Fairy\n|move|p2b: Fezandipiti|Icy Wind|p1b: Landorus|[spread] p1a,p1b\n|-supereffective|p1b: Landorus\n|-damage|p1a: Okidogi|96\/100\n|-damage|p1b: Landorus|58\/100\n|-unboost|p1a: Okidogi|spe|1\n|-unboost|p1b: Landorus|spe|1\n|move|p2a: Clefairy|Knock Off|p1a: Okidogi\n|-resisted|p1a: Okidogi\n|-crit|p1a: Okidogi\n|-damage|p1a: Okidogi|90\/100\n|-enditem|p1a: Okidogi|Assault Vest|[from] move: Knock Off|[of] p2a: Clefairy\n|move|p1b: Landorus|Stomping Tantrum|p2b: Fezandipiti\n|-damage|p2b: Fezandipiti|48\/100\n|move|p1a: Okidogi|Gunk Shot|p2a: Clefairy\n|-supereffective|p2a: Clefairy\n|-damage|p2a: Clefairy|0 fnt\n|faint|p2a: Clefairy\n|\n|-heal|p2b: Fezandipiti|54\/100|[from] Grassy Terrain\n|-heal|p2b: Fezandipiti|60\/100|[from] item: Leftovers\n|-heal|p1a: Okidogi|96\/100|[from] Grassy Terrain\n|upkeep\n|inactive|EnigmaKun1 has 120 seconds left.\n|\n|t:|1697480628\n|switch|p2a: Roaring Moon|Roaring Moon, shiny|100\/100\n|-damage|p2a: Roaring Moon|88\/100|[from] Stealth Rock\n|-enditem|p2a: Roaring Moon|Booster Energy\n|-activate|p2a: Roaring Moon|ability: Protosynthesis|[fromitem]\n|-start|p2a: Roaring Moon|protosynthesisspe\n|turn|4\n|inactive|EnigmaKun1 has 120 seconds left.\n|\n|t:|1697480654\n|switch|p1b: Iron Bundle|Iron Bundle|100\/100\n|-terastallize|p1a: Okidogi|Flying\n|move|p2a: Roaring Moon|Breaking Swipe|p1b: Iron Bundle|[spread] p1a,p1b\n|-damage|p1a: Okidogi|76\/100\n|-damage|p1b: Iron Bundle|71\/100\n|-unboost|p1a: Okidogi|atk|1\n|-unboost|p1b: Iron Bundle|atk|1\n|move|p2b: Fezandipiti|Dazzling Gleam|p1a: Okidogi|[spread] p1a,p1b\n|-damage|p1a: Okidogi|55\/100\n|-damage|p1b: Iron Bundle|19\/100\n|move|p1a: Okidogi|Drain Punch|p2a: Roaring Moon\n|-supereffective|p2a: Roaring Moon\n|-damage|p2a: Roaring Moon|34\/100\n|-heal|p1a: Okidogi|83\/100|[from] drain|[of] p2a: Roaring Moon\n|\n|-heal|p2a: Roaring Moon|40\/100|[from] Grassy Terrain\n|-heal|p2b: Fezandipiti|66\/100|[from] Grassy Terrain\n|-heal|p2b: Fezandipiti|72\/100|[from] item: Leftovers\n|-heal|p1b: Iron Bundle|25\/100|[from] Grassy Terrain\n|-sideend|p2: EnigmaKun1|move: Tailwind\n|upkeep\n|turn|5\n|inactive|EnigmaKun1 has 120 seconds left.\n|\n|t:|1697480683\n|switch|p1a: Landorus|Landorus-Therian, M|58\/100\n|-ability|p1a: Landorus|Intimidate|boost\n|-unboost|p2a: Roaring Moon|atk|1\n|-unboost|p2b: Fezandipiti|atk|1\n|move|p2a: Roaring Moon|Breaking Swipe|p1a: Landorus|[spread] p1a,p1b\n|-damage|p1a: Landorus|43\/100\n|-damage|p1b: Iron Bundle|6\/100\n|-unboost|p1a: Landorus|atk|1\n|-unboost|p1b: Iron Bundle|atk|1\n|move|p1b: Iron Bundle|Blizzard|p2a: Roaring Moon|[spread] p2a\n|-miss|p1b: Iron Bundle|p2b: Fezandipiti\n|-supereffective|p2a: Roaring Moon\n|-damage|p2a: Roaring Moon|0 fnt\n|faint|p2a: Roaring Moon\n|-end|p2a: Roaring Moon|Protosynthesis|[silent]\n|move|p2b: Fezandipiti|Tailwind|p2b: Fezandipiti\n|-sidestart|p2: EnigmaKun1|move: Tailwind\n|\n|-heal|p2b: Fezandipiti|79\/100|[from] Grassy Terrain\n|-heal|p2b: Fezandipiti|85\/100|[from] item: Leftovers\n|-heal|p1b: Iron Bundle|12\/100|[from] Grassy Terrain\n|-fieldend|move: Grassy Terrain\n|upkeep\n|\n|t:|1697480706\n|switch|p2a: Ogerpon|Ogerpon-Wellspring, F|100\/100\n|-damage|p2a: Ogerpon|88\/100|[from] Stealth Rock\n|turn|6\n|inactive|EnigmaKun1 has 120 seconds left.\n|\n|t:|1697480721\n|-end|p1b: Iron Bundle|Quark Drive|[silent]\n|switch|p1b: Rillaboom|Rillaboom, M|100\/100\n|-fieldstart|move: Grassy Terrain|[from] ability: Grassy Surge|[of] p1b: Rillaboom\n|move|p2a: Ogerpon|Ivy Cudgel|p1a: Landorus\n|-supereffective|p1a: Landorus\n|-damage|p1a: Landorus|0 fnt\n|faint|p1a: Landorus\n|move|p2b: Fezandipiti|Dazzling Gleam|p1b: Rillaboom\n|-damage|p1b: Rillaboom|77\/100\n|-status|p1b: Rillaboom|tox|[from] ability: Toxic Chain|[of] p2b: Fezandipiti\n|\n|-heal|p2a: Ogerpon|94\/100|[from] Grassy Terrain\n|-heal|p2b: Fezandipiti|91\/100|[from] Grassy Terrain\n|-heal|p2b: Fezandipiti|97\/100|[from] item: Leftovers\n|-heal|p1b: Rillaboom|83\/100 tox|[from] Grassy Terrain\n|-damage|p1b: Rillaboom|77\/100 tox|[from] psn\n|upkeep\n|\n|t:|1697480737\n|switch|p1a: Okidogi|Okidogi, M, tera:Flying|83\/100\n|turn|7\n|\n|t:|1697480753\n|move|p1b: Rillaboom|Fake Out|p2b: Fezandipiti\n|-damage|p2b: Fezandipiti|85\/100\n|move|p2a: Ogerpon|Ivy Cudgel|p1a: Okidogi\n|-damage|p1a: Okidogi|41\/100\n|cant|p2b: Fezandipiti|flinch\n|move|p1a: Okidogi|Gunk Shot|p2a: Ogerpon\n|-supereffective|p2a: Ogerpon\n|-damage|p2a: Ogerpon|0 fnt\n|faint|p2a: Ogerpon\n|\n|-heal|p2b: Fezandipiti|91\/100|[from] Grassy Terrain\n|-heal|p2b: Fezandipiti|97\/100|[from] item: Leftovers\n|-heal|p1b: Rillaboom|83\/100 tox|[from] Grassy Terrain\n|-damage|p1b: Rillaboom|71\/100 tox|[from] psn\n|upkeep\n|inactive|EnigmaKun1 has 120 seconds left.\n|\n|t:|1697480769\n|switch|p2a: Rillaboom|Rillaboom, M, shiny|100\/100\n|-damage|p2a: Rillaboom|88\/100|[from] Stealth Rock\n|turn|8\n|\n|t:|1697480785\n|switch|p1a: Kingambit|Kingambit, M|100\/100\n|move|p2a: Rillaboom|Grassy Glide|p1a: Kingambit\n|-resisted|p1a: Kingambit\n|-damage|p1a: Kingambit|87\/100\n|move|p2b: Fezandipiti|Dazzling Gleam|p1a: Kingambit|[spread] p1a,p1b\n|-crit|p1b: Rillaboom\n|-damage|p1a: Kingambit|64\/100\n|-damage|p1b: Rillaboom|46\/100 tox\n|move|p1b: Rillaboom|U-turn|p2a: Rillaboom\n|-supereffective|p2a: Rillaboom\n|-damage|p2a: Rillaboom|46\/100\n|\n|t:|1697480799\n|switch|p1b: Iron Bundle|Iron Bundle|12\/100|[from] U-turn\n|\n|-heal|p2b: Fezandipiti|100\/100|[from] Grassy Terrain\n|-heal|p2a: Rillaboom|52\/100|[from] Grassy Terrain\n|-heal|p1b: Iron Bundle|18\/100|[from] Grassy Terrain\n|-heal|p1a: Kingambit|71\/100|[from] Grassy Terrain\n|-sideend|p2: EnigmaKun1|move: Tailwind\n|upkeep\n|turn|9\n|\n|t:|1697480815\n|-end|p1b: Iron Bundle|Quark Drive|[silent]\n|switch|p1b: Fezandipiti|Fezandipiti, M|100\/100\n|move|p2b: Fezandipiti|Dazzling Gleam|p1a: Kingambit|[spread] p1a,p1b\n|-resisted|p1b: Fezandipiti\n|-damage|p1a: Kingambit|46\/100\n|-damage|p1b: Fezandipiti|90\/100\n|move|p2a: Rillaboom|U-turn|p1a: Kingambit\n|-damage|p1a: Kingambit|28\/100\n|\n|t:|1697480823\n|switch|p2a: Mamoswine|Mamoswine, M|100\/100|[from] U-turn\n|-damage|p2a: Mamoswine|88\/100|[from] Stealth Rock\n|move|p1a: Kingambit|Kowtow Cleave|p2a: Mamoswine\n|-damage|p2a: Mamoswine|23\/100\n|\n|-heal|p1b: Fezandipiti|96\/100|[from] Grassy Terrain\n|-heal|p1b: Fezandipiti|100\/100|[from] item: Black Sludge\n|-heal|p2a: Mamoswine|29\/100|[from] Grassy Terrain\n|-heal|p1a: Kingambit|34\/100|[from] Grassy Terrain\n|upkeep\n|turn|10\n|\n|t:|1697480850\n|move|p1a: Kingambit|Sucker Punch|p2a: Mamoswine\n|-damage|p2a: Mamoswine|0 fnt\n|faint|p2a: Mamoswine\n|move|p1b: Fezandipiti|Taunt|p2b: Fezandipiti\n|-start|p2b: Fezandipiti|move: Taunt\n|cant|p2b: Fezandipiti|move: Taunt|Tailwind\n|\n|-heal|p1a: Kingambit|40\/100|[from] Grassy Terrain\n|-fieldend|move: Grassy Terrain\n|upkeep\n|\n|t:|1697480859\n|switch|p2a: Rillaboom|Rillaboom, M, shiny|52\/100\n|-damage|p2a: Rillaboom|40\/100|[from] Stealth Rock\n|-fieldstart|move: Grassy Terrain|[from] ability: Grassy Surge|[of] p2a: Rillaboom\n|turn|11\n|\n|t:|1697480883\n|move|p1a: Kingambit|Protect|p1a: Kingambit\n|-singleturn|p1a: Kingambit|Protect\n|move|p1b: Fezandipiti|Icy Wind|p2b: Fezandipiti|[spread] p2a,p2b\n|-supereffective|p2a: Rillaboom\n|-damage|p2a: Rillaboom|29\/100\n|-damage|p2b: Fezandipiti|95\/100\n|-unboost|p2a: Rillaboom|spe|1\n|-unboost|p2b: Fezandipiti|spe|1\n|-status|p2a: Rillaboom|tox|[from] ability: Toxic Chain|[of] p1b: Fezandipiti\n|move|p2b: Fezandipiti|Dazzling Gleam|p1a: Kingambit|[spread] p1b\n|-activate|p1a: Kingambit|move: Protect\n|-resisted|p1b: Fezandipiti\n|-damage|p1b: Fezandipiti|91\/100\n|move|p2a: Rillaboom|U-turn|p1a: Kingambit\n|-activate|p1a: Kingambit|move: Protect\n|\n|-heal|p1b: Fezandipiti|97\/100|[from] Grassy Terrain\n|-heal|p1b: Fezandipiti|100\/100|[from] item: Black Sludge\n|-heal|p2b: Fezandipiti|100\/100|[from] Grassy Terrain\n|-heal|p2a: Rillaboom|36\/100 tox|[from] Grassy Terrain\n|-heal|p1a: Kingambit|47\/100|[from] Grassy Terrain\n|-damage|p2a: Rillaboom|29\/100 tox|[from] psn\n|upkeep\n|turn|12\n|-message|EnigmaKun1 forfeited.\n|\n|win|Connman361\n|raw|Connman361's rating: 1437 &rarr; <strong>1450<\/strong><br \/>(+13 for winning)\n|raw|EnigmaKun1's rating: 1308 &rarr; <strong>1295<\/strong><br \/>(-13 for losing)\n|l|\u2606EnigmaKun1\n|l| Marreant\n","uploadtime":1697481136,"views":9,"p1id":"connman361","p2id":"enigmakun1","formatid":"gen9doublesou","rating":1295,"private":0,"password":""}