{"id":"gen9doublesou-1999044293","p1":"Hoku 2","p2":"David7br7","format":"[Gen 9] Doubles OU","log":"|j|\u2606Hoku 2\n|j|\u2606David7br7\n|t:|1701027182\n|gametype|doubles\n|player|p1|Hoku 2|argenta|1049\n|player|p2|David7br7|steven|1109\n|teamsize|p1|6\n|teamsize|p2|6\n|gen|9\n|tier|[Gen 9] Doubles OU\n|rated|\n|rule|Species Clause: Limit one of each Pok\u00e9mon\n|rule|OHKO Clause: OHKO moves are banned\n|rule|Evasion Moves Clause: Evasion moves are banned\n|rule|Gravity Sleep Clause: The combination of sleep-inducing moves with imperfect accuracy and Gravity or Gigantamax Orbeetle are banned\n|rule|Endless Battle Clause: Forcing endless battles is banned\n|rule|HP Percentage Mod: HP is shown in percentages\n|clearpoke\n|poke|p1|Meowscarada, F|\n|poke|p1|Arcanine, F|\n|poke|p1|Noivern, F|\n|poke|p1|Grimmsnarl, M|\n|poke|p1|Quaquaval, F|\n|poke|p1|Iron Hands|\n|poke|p2|Oricorio-Pom-Pom, F|\n|poke|p2|Quaquaval, M|\n|poke|p2|Sableye, M|\n|poke|p2|Dragapult, F|\n|poke|p2|Flamigo, F|\n|poke|p2|Amoonguss, M|\n|teampreview\n|inactive|Battle timer is ON: inactive players will automatically lose when time's up. (requested by David7br7)\n|\n|t:|1701027200\n|start\n|switch|p1a: Grimmsnarl|Grimmsnarl, M|100\/100\n|switch|p1b: Noivern|Noivern, F|100\/100\n|switch|p2a: Oricorio|Oricorio-Pom-Pom, F, shiny|100\/100\n|switch|p2b: Dragapult|Dragapult, F, shiny|100\/100\n|turn|1\n|\n|t:|1701027224\n|-terastallize|p2b: Dragapult|Ghost\n|move|p1b: Noivern|Protect|p1b: Noivern\n|-singleturn|p1b: Noivern|Protect\n|move|p1a: Grimmsnarl|Parting Shot|p2b: Dragapult\n|-unboost|p2b: Dragapult|atk|1\n|-unboost|p2b: Dragapult|spa|1\n|\n|t:|1701027235\n|switch|p1a: Iron Hands|Iron Hands|100\/100|[from] Parting Shot\n|move|p2b: Dragapult|Dragon Dance|p2b: Dragapult\n|-boost|p2b: Dragapult|atk|1\n|-boost|p2b: Dragapult|spe|1\n|-activate|p2a: Oricorio|ability: Dancer\n|move|p2a: Oricorio|Dragon Dance|p2a: Oricorio|[from]ability: Dancer\n|-boost|p2a: Oricorio|atk|1\n|-boost|p2a: Oricorio|spe|1\n|move|p2a: Oricorio|Substitute|p2a: Oricorio\n|-start|p2a: Oricorio|Substitute\n|-damage|p2a: Oricorio|75\/100\n|\n|upkeep\n|turn|2\n|inactive|Hoku 2 has 120 seconds left.\n|\n|t:|1701027279\n|-terastallize|p1b: Noivern|Steel\n|move|p2b: Dragapult|Dragon Dance|p2b: Dragapult\n|-boost|p2b: Dragapult|atk|1\n|-boost|p2b: Dragapult|spe|1\n|-activate|p2a: Oricorio|ability: Dancer\n|move|p2a: Oricorio|Dragon Dance|p2a: Oricorio|[from]ability: Dancer\n|-boost|p2a: Oricorio|atk|1\n|-boost|p2a: Oricorio|spe|1\n|move|p2a: Oricorio|Acrobatics|p1a: Iron Hands\n|-damage|p1a: Iron Hands|80\/100\n|move|p1b: Noivern|Draco Meteor|p2a: Oricorio\n|-damage|p2a: Oricorio|0 fnt\n|-unboost|p1b: Noivern|spa|2\n|-enditem|p1b: Noivern|White Herb\n|-clearnegativeboost|p1b: Noivern|[silent]\n|faint|p2a: Oricorio\n|move|p1a: Iron Hands|Wild Charge|p2b: Dragapult\n|-damage|p2b: Dragapult|31\/100\n|-damage|p1a: Iron Hands|69\/100|[from] Recoil\n|\n|upkeep\n|inactive|David7br7 has 120 seconds left.\n|\n|t:|1701027301\n|switch|p2a: Sableye|Sableye, M, shiny|100\/100\n|turn|3\n|\n|t:|1701027315\n|move|p1b: Noivern|Protect|p1b: Noivern\n|-singleturn|p1b: Noivern|Protect\n|move|p2a: Sableye|Fake Out|p1b: Noivern\n|-activate|p1b: Noivern|move: Protect\n|move|p2b: Dragapult|Dragon Darts|p1a: Iron Hands\n|-damage|p1a: Iron Hands|46\/100\n|-anim|p2b: Dragapult|Dragon Darts|p1a: Iron Hands\n|-damage|p1a: Iron Hands|24\/100\n|move|p1a: Iron Hands|Wild Charge|p2b: Dragapult\n|-damage|p2b: Dragapult|0 fnt\n|faint|p2b: Dragapult\n|-damage|p1a: Iron Hands|19\/100|[from] Recoil\n|\n|upkeep\n|\n|t:|1701027328\n|switch|p2b: Amoonguss|Amoonguss, M, shiny|100\/100\n|turn|4\n|inactive|Hoku 2 has 120 seconds left.\n|\n|t:|1701027372\n|-end|p1a: Iron Hands|Quark Drive|[silent]\n|switch|p1a: Grimmsnarl|Grimmsnarl, M|100\/100\n|move|p2a: Sableye|Shadow Sneak|p1a: Grimmsnarl\n|-resisted|p1a: Grimmsnarl\n|-crit|p1a: Grimmsnarl\n|-damage|p1a: Grimmsnarl|94\/100\n|move|p1b: Noivern|Air Slash|p2b: Amoonguss\n|-supereffective|p2b: Amoonguss\n|-damage|p2b: Amoonguss|51\/100\n|-enditem|p2b: Amoonguss|Eject Button\n|\n|t:|1701027380\n|switch|p2b: Flamigo|Flamigo, F, shiny|100\/100\n|-copyboost|p2b: Flamigo|p2a: Sableye|[from] ability: Costar\n|\n|upkeep\n|turn|5\n|\n|t:|1701027391\n|switch|p2a: Amoonguss|Amoonguss, M, shiny|85\/100\n|move|p1a: Grimmsnarl|Fake Out|p2b: Flamigo\n|-damage|p2b: Flamigo|86\/100\n|cant|p2b: Flamigo|flinch\n|move|p1b: Noivern|Draco Meteor|p2b: Flamigo\n|-damage|p2b: Flamigo|0 fnt\n|-unboost|p1b: Noivern|spa|2\n|faint|p2b: Flamigo\n|\n|upkeep\n|\n|t:|1701027396\n|switch|p2b: Quaquaval|Quaquaval, M, shiny|100\/100\n|turn|6\n|\n|t:|1701027414\n|switch|p1b: Iron Hands|Iron Hands|19\/100\n|move|p1a: Grimmsnarl|Parting Shot|p2b: Quaquaval\n|-unboost|p2b: Quaquaval|atk|1\n|-unboost|p2b: Quaquaval|spa|1\n|\n|t:|1701027427\n|switch|p1a: Meowscarada|Meowscarada, F|100\/100|[from] Parting Shot\n|move|p2b: Quaquaval|Aqua Step|p1a: Meowscarada\n|-resisted|p1a: Meowscarada\n|-damage|p1a: Meowscarada|76\/100\n|-boost|p2b: Quaquaval|spe|1\n|move|p2a: Amoonguss|Spore|p1b: Iron Hands\n|-status|p1b: Iron Hands|slp|[from] move: Spore\n|\n|upkeep\n|turn|7\n|inactive|Hoku 2 has 120 seconds left.\n|\n|t:|1701027467\n|switch|p1a: Arcanine|Arcanine, F|100\/100\n|-ability|p1a: Arcanine|Intimidate|boost\n|-unboost|p2a: Amoonguss|atk|1\n|-unboost|p2b: Quaquaval|atk|1\n|-end|p1b: Iron Hands|Quark Drive|[silent]\n|switch|p1b: Noivern|Noivern, F, tera:Steel|100\/100\n|move|p2b: Quaquaval|Detect|p2b: Quaquaval\n|-singleturn|p2b: Quaquaval|Protect\n|move|p2a: Amoonguss|Pollen Puff|p1a: Arcanine\n|-resisted|p1a: Arcanine\n|-damage|p1a: Arcanine|93\/100\n|\n|upkeep\n|turn|8\n|inactive|Hoku 2 has 120 seconds left.\n|\n|t:|1701027491\n|move|p2b: Quaquaval|Aqua Step|p1a: Arcanine\n|-supereffective|p1a: Arcanine\n|-damage|p1a: Arcanine|39\/100\n|-boost|p2b: Quaquaval|spe|1\n|move|p1b: Noivern|Tailwind|p1b: Noivern\n|-sidestart|p1: Hoku 2|move: Tailwind\n|move|p1a: Arcanine|Will-O-Wisp|p2b: Quaquaval\n|-status|p2b: Quaquaval|brn\n|move|p2a: Amoonguss|Spore|p1a: Arcanine\n|-activate|p1a: Arcanine|item: Safety Goggles|Spore\n|\n|-damage|p2b: Quaquaval|94\/100 brn|[from] brn\n|upkeep\n|turn|9\n|inactive|Hoku 2 has 120 seconds left.\n|-message|David7br7 forfeited.\n|\n|win|Hoku 2\n|raw|Hoku 2's rating: 1049 &rarr; <strong>1087<\/strong><br \/>(+38 for winning)\n|raw|David7br7's rating: 1109 &rarr; <strong>1080<\/strong><br \/>(-29 for losing)\n|l|\u2606David7br7\n|n|\u2606Hoku 2|hoku2\n","uploadtime":1701027559,"views":21,"p1id":"hoku2","p2id":"david7br7","formatid":"gen9doublesou","rating":1080,"private":0,"password":""}