{"id":"gen9doublesou-1999747340","p1":"qwertyuiop87654321","p2":"ForestKing0416","format":"[Gen 9] Doubles OU","log":"|j|\u2606qwertyuiop87654321\n|j|\u2606ForestKing0416\n|t:|1701113117\n|gametype|doubles\n|player|p1|qwertyuiop87654321|shadowtriad|1244\n|player|p2|ForestKing0416|cheryl|1248\n|teamsize|p1|6\n|teamsize|p2|6\n|gen|9\n|tier|[Gen 9] Doubles OU\n|rated|\n|rule|Species Clause: Limit one of each Pok\u00e9mon\n|rule|OHKO Clause: OHKO moves are banned\n|rule|Evasion Moves Clause: Evasion moves are banned\n|rule|Gravity Sleep Clause: The combination of sleep-inducing moves with imperfect accuracy and Gravity or Gigantamax Orbeetle are banned\n|rule|Endless Battle Clause: Forcing endless battles is banned\n|rule|HP Percentage Mod: HP is shown in percentages\n|clearpoke\n|poke|p1|Kingambit, M|\n|poke|p1|Landorus, M|\n|poke|p1|Iron Thorns|\n|poke|p1|Iron Valiant|\n|poke|p1|Gholdengo|\n|poke|p1|Grimmsnarl, M|\n|poke|p2|Scovillain, F|\n|poke|p2|Armarouge, F|\n|poke|p2|Indeedee-F, F|\n|poke|p2|Torkoal, M|\n|poke|p2|Walking Wake|\n|poke|p2|Flutter Mane|\n|teampreview\n|\n|t:|1701113136\n|start\n|switch|p1a: Gambler|Grimmsnarl, M, shiny|100\/100\n|switch|p1b: Landorus|Landorus, M|100\/100\n|switch|p2a: Armarouge|Armarouge, F|100\/100\n|switch|p2b: Walking Wake|Walking Wake|100\/100\n|-enditem|p2b: Walking Wake|Booster Energy\n|-activate|p2b: Walking Wake|ability: Protosynthesis|[fromitem]\n|-start|p2b: Walking Wake|protosynthesisspe\n|turn|1\n|\n|t:|1701113160\n|move|p1a: Gambler|Metronome|p1a: Gambler\n|move|p1a: Gambler|Blaze Kick|p2a: Armarouge|[from]move: Metronome\n|-resisted|p2a: Armarouge\n|-damage|p2a: Armarouge|85\/100\n|-ability|p2a: Armarouge|Weak Armor|boost\n|-unboost|p2a: Armarouge|def|1\n|-boost|p2a: Armarouge|spe|2\n|move|p2b: Walking Wake|Flip Turn|p2a: Armarouge\n|-supereffective|p2a: Armarouge\n|-damage|p2a: Armarouge|33\/100\n|-ability|p2a: Armarouge|Weak Armor|boost\n|-unboost|p2a: Armarouge|def|1\n|-boost|p2a: Armarouge|spe|2\n|-enditem|p2a: Armarouge|Weakness Policy\n|-boost|p2a: Armarouge|atk|2|[from] item: Weakness Policy\n|-boost|p2a: Armarouge|spa|2|[from] item: Weakness Policy\n|\n|t:|1701113171\n|-end|p2b: Walking Wake|Protosynthesis|[silent]\n|switch|p2b: Indeedee|Indeedee-F, F|100\/100|[from] Flip Turn\n|-fieldstart|move: Psychic Terrain|[from] ability: Psychic Surge|[of] p2b: Indeedee\n|-enditem|p2b: Indeedee|Psychic Seed\n|-boost|p2b: Indeedee|spd|1|[from] item: Psychic Seed\n|move|p2a: Armarouge|Expanding Force|p1b: Landorus|[spread] p1b\n|-immune|p1a: Gambler\n|-damage|p1b: Landorus|0 fnt\n|faint|p1b: Landorus\n|\n|upkeep\n|c|\u2606qwertyuiop87654321|speed\n|\n|t:|1701113184\n|switch|p1b: Iron Thorns|Iron Thorns, shiny|100\/100\n|turn|2\n|\n|t:|1701113219\n|switch|p1a: Gholdengo|Gholdengo, shiny|100\/100\n|-terastallize|p2a: Armarouge|Psychic\n|move|p2b: Indeedee|Follow Me|p2b: Indeedee\n|-singleturn|p2b: Indeedee|move: Follow Me\n|move|p2a: Armarouge|Expanding Force|p1b: Iron Thorns|[spread] p1a,p1b\n|-resisted|p1a: Gholdengo\n|-damage|p1a: Gholdengo|3\/100\n|-damage|p1b: Iron Thorns|0 fnt\n|faint|p1b: Iron Thorns\n|-end|p1b: Iron Thorns|Quark Drive|[silent]\n|\n|-heal|p1a: Gholdengo|9\/100|[from] item: Leftovers\n|upkeep\n|\n|t:|1701113233\n|switch|p1b: Gambler|Grimmsnarl, M, shiny|100\/100\n|turn|3\n|\n|t:|1701113259\n|move|p2b: Indeedee|Follow Me|p2b: Indeedee\n|-singleturn|p2b: Indeedee|move: Follow Me\n|move|p2a: Armarouge|Armor Cannon|p1a: Gholdengo\n|-supereffective|p1a: Gholdengo\n|-damage|p1a: Gholdengo|0 fnt\n|-unboost|p2a: Armarouge|def|1\n|-unboost|p2a: Armarouge|spd|1\n|faint|p1a: Gholdengo\n|move|p1b: Gambler|Spirit Break|p2b: Indeedee\n|-damage|p2b: Indeedee|46\/100\n|-unboost|p2b: Indeedee|spa|1\n|\n|upkeep\n|\n|t:|1701113270\n|switch|p1a: Iron Valiant|Iron Valiant|100\/100\n|-enditem|p1a: Iron Valiant|Booster Energy\n|-activate|p1a: Iron Valiant|ability: Quark Drive|[fromitem]\n|-start|p1a: Iron Valiant|quarkdrivespe\n|turn|4\n|\n|t:|1701113280\n|move|p2b: Indeedee|Follow Me|p2b: Indeedee\n|-singleturn|p2b: Indeedee|move: Follow Me\n|move|p2a: Armarouge|Armor Cannon|p1b: Gambler\n|-damage|p1b: Gambler|0 fnt\n|-unboost|p2a: Armarouge|def|1\n|-unboost|p2a: Armarouge|spd|1\n|faint|p1b: Gambler\n|move|p1a: Iron Valiant|Destiny Bond|p1a: Iron Valiant\n|-singlemove|p1a: Iron Valiant|Destiny Bond\n|\n|upkeep\n|\n|t:|1701113286\n|switch|p1b: Kingambit|Kingambit, M, shiny|100\/100\n|turn|5\n|c|\u2606qwertyuiop87654321|...\n|c|\u2606qwertyuiop87654321|uhhh\n|c|\u2606qwertyuiop87654321|pretend you didn't see that\n|\n|t:|1701113310\n|move|p2b: Indeedee|Follow Me|p2b: Indeedee\n|-singleturn|p2b: Indeedee|move: Follow Me\n|move|p2a: Armarouge|Aura Sphere|p1b: Kingambit\n|-supereffective|p1b: Kingambit\n|-damage|p1b: Kingambit|0 fnt\n|faint|p1b: Kingambit\n|move|p1a: Iron Valiant|Spirit Break|p2b: Indeedee\n|-damage|p2b: Indeedee|0 fnt\n|faint|p2b: Indeedee\n|\n|-fieldend|move: Psychic Terrain\n|upkeep\n|c|\u2606ForestKing0416|._.\n|\n|t:|1701113331\n|switch|p2b: Scovillain|Scovillain, F|100\/100\n|turn|6\n|\n|t:|1701113339\n|move|p2a: Armarouge|Armor Cannon|p1a: Iron Valiant\n|-damage|p1a: Iron Valiant|0 fnt\n|-unboost|p2a: Armarouge|def|1\n|-unboost|p2a: Armarouge|spd|1\n|faint|p1a: Iron Valiant\n|-end|p1a: Iron Valiant|Quark Drive|[silent]\n|\n|win|ForestKing0416\n|raw|qwertyuiop87654321's rating: 1244 &rarr; <strong>1219<\/strong><br \/>(-25 for losing)\n|raw|ForestKing0416's rating: 1248 &rarr; <strong>1273<\/strong><br \/>(+25 for winning)\n|c|\u2606qwertyuiop87654321|ggs\n|c|\u2606ForestKing0416|gg\n|l|\u2606qwertyuiop87654321\n","uploadtime":1701113362,"views":4,"p1id":"qwertyuiop87654321","p2id":"forestking0416","formatid":"gen9doublesou","rating":1219,"private":0,"password":""}