{"id":"gen9doublesou-1997605142","p1":"DreadfulBuns","p2":"voncon","format":"[Gen 9] Doubles OU","log":"|j|\u2606DreadfulBuns\n|j|\u2606voncon\n|t:|1700831970\n|gametype|doubles\n|player|p1|DreadfulBuns|diamondclanmember|1143\n|player|p2|voncon|depotagent|1100\n|teamsize|p1|6\n|teamsize|p2|6\n|gen|9\n|tier|[Gen 9] Doubles OU\n|rated|\n|rule|Species Clause: Limit one of each Pok\u00e9mon\n|rule|OHKO Clause: OHKO moves are banned\n|rule|Evasion Moves Clause: Evasion moves are banned\n|rule|Gravity Sleep Clause: The combination of sleep-inducing moves with imperfect accuracy and Gravity or Gigantamax Orbeetle are banned\n|rule|Endless Battle Clause: Forcing endless battles is banned\n|rule|HP Percentage Mod: HP is shown in percentages\n|clearpoke\n|poke|p1|Grimmsnarl, M|\n|poke|p1|Pincurchin, F|\n|poke|p1|Iron Valiant|\n|poke|p1|Iron Hands|\n|poke|p1|Iron Leaves|\n|poke|p1|Iron Bundle|\n|poke|p2|Torkoal, F|\n|poke|p2|Walking Wake|\n|poke|p2|Great Tusk|\n|poke|p2|Meowscarada, F|\n|poke|p2|Arcanine-Hisui, F|\n|poke|p2|Kingambit, M|\n|teampreview\n|j| skonk\n|c| skonk|hello there chaps\n|c|\u2606voncon|ello mate\n|c| skonk|lets all have fun\n|c|\u2606DreadfulBuns|sup\n|\n|t:|1700831997\n|start\n|switch|p1a: Grimmsnarl|Grimmsnarl, M|100\/100\n|switch|p1b: Iron Hands|Iron Hands|100\/100\n|switch|p2a: Walking Wake|Walking Wake|100\/100\n|switch|p2b: Torkoal|Torkoal, F|100\/100\n|-weather|SunnyDay|[from] ability: Drought|[of] p2b: Torkoal\n|-activate|p2a: Walking Wake|ability: Protosynthesis\n|-start|p2a: Walking Wake|protosynthesisspa\n|turn|1\n|\n|t:|1700832040\n|-terastallize|p1b: Iron Hands|Water\n|move|p1a: Grimmsnarl|Parting Shot|p2a: Walking Wake\n|-unboost|p2a: Walking Wake|atk|1\n|-unboost|p2a: Walking Wake|spa|1\n|\n|t:|1700832046\n|switch|p1a: Pincurchin|Pincurchin, F|100\/100|[from] Parting Shot\n|-fieldstart|move: Electric Terrain|[from] ability: Electric Surge|[of] p1a: Pincurchin\n|-activate|p1b: Iron Hands|ability: Quark Drive\n|-start|p1b: Iron Hands|quarkdriveatk\n|move|p2a: Walking Wake|Hydro Steam|p1b: Iron Hands\n|-resisted|p1b: Iron Hands\n|-damage|p1b: Iron Hands|75\/100\n|move|p1b: Iron Hands|Wild Charge|p2a: Walking Wake\n|-damage|p2a: Walking Wake|2\/100\n|-damage|p1b: Iron Hands|59\/100|[from] Recoil\n|move|p2b: Torkoal|Yawn|p1a: Pincurchin\n|-activate|p1a: Pincurchin|move: Electric Terrain\n|\n|-weather|SunnyDay|[upkeep]\n|upkeep\n|turn|2\n|\n|t:|1700832086\n|-end|p2a: Walking Wake|Protosynthesis|[silent]\n|switch|p2a: Arcanine|Arcanine-Hisui, F, shiny|100\/100\n|-ability|p2a: Arcanine|Intimidate|boost\n|-unboost|p1a: Pincurchin|atk|1\n|-unboost|p1b: Iron Hands|atk|1\n|-end|p1b: Iron Hands|Quark Drive|[silent]\n|switch|p1b: Iron Bundle|Iron Bundle|100\/100\n|-activate|p1b: Iron Bundle|ability: Quark Drive\n|-start|p1b: Iron Bundle|quarkdrivespe\n|move|p2b: Torkoal|Yawn|p1b: Iron Bundle\n|-activate|p1b: Iron Bundle|move: Electric Terrain\n|move|p1a: Pincurchin|Zing Zap|p2a: Arcanine\n|-damage|p2a: Arcanine|74\/100\n|\n|-weather|SunnyDay|[upkeep]\n|upkeep\n|turn|3\n|\n|t:|1700832120\n|-terastallize|p2a: Arcanine|Ghost\n|move|p2a: Arcanine|Extreme Speed|p1b: Iron Bundle\n|-crit|p1b: Iron Bundle\n|-damage|p1b: Iron Bundle|35\/100\n|move|p1b: Iron Bundle|Hydro Pump|p2a: Arcanine\n|-damage|p2a: Arcanine|31\/100\n|-damage|p1b: Iron Bundle|25\/100|[from] item: Life Orb\n|move|p2b: Torkoal|Stealth Rock|p1b: Iron Bundle\n|-sidestart|p1: DreadfulBuns|move: Stealth Rock\n|move|p1a: Pincurchin|Zing Zap|p2a: Arcanine\n|-damage|p2a: Arcanine|4\/100\n|\n|-weather|SunnyDay|[upkeep]\n|upkeep\n|turn|4\n|\n|t:|1700832154\n|-end|p1b: Iron Bundle|Quark Drive|[silent]\n|switch|p1b: Grimmsnarl|Grimmsnarl, M|100\/100\n|-damage|p1b: Grimmsnarl|88\/100|[from] Stealth Rock\n|move|p2a: Arcanine|Extreme Speed|p1b: Grimmsnarl\n|-damage|p1b: Grimmsnarl|58\/100\n|move|p2b: Torkoal|Stealth Rock||[still]\n|-fail|p2b: Torkoal\n|move|p1a: Pincurchin|Zing Zap|p2a: Arcanine\n|-damage|p2a: Arcanine|0 fnt\n|faint|p2a: Arcanine\n|\n|-weather|SunnyDay|[upkeep]\n|upkeep\n|c|\u2606voncon|arcanine hisui is just si nice\n|c|\u2606voncon|so*\n|c|\u2606DreadfulBuns|ong\n|\n|t:|1700832173\n|switch|p2a: Walking Wake|Walking Wake|2\/100\n|-activate|p2a: Walking Wake|ability: Protosynthesis\n|-start|p2a: Walking Wake|protosynthesisspa\n|turn|5\n|\n|t:|1700832196\n|move|p1b: Grimmsnarl|Parting Shot|p2a: Walking Wake\n|-unboost|p2a: Walking Wake|atk|1\n|-unboost|p2a: Walking Wake|spa|1\n|\n|t:|1700832200\n|switch|p1b: Iron Hands|Iron Hands, tera:Water|59\/100|[from] Parting Shot\n|-damage|p1b: Iron Hands|47\/100|[from] Stealth Rock\n|-activate|p1b: Iron Hands|ability: Quark Drive\n|-start|p1b: Iron Hands|quarkdriveatk\n|move|p2a: Walking Wake|Hydro Steam|p1a: Pincurchin\n|-damage|p1a: Pincurchin|0 fnt\n|faint|p1a: Pincurchin\n|move|p2b: Torkoal|Lava Plume|p1b: Iron Hands|[spread] p2a,p1b\n|-resisted|p2a: Walking Wake\n|-resisted|p1b: Iron Hands\n|-damage|p2a: Walking Wake|0 fnt\n|-damage|p1b: Iron Hands|39\/100\n|-status|p1b: Iron Hands|brn\n|faint|p2a: Walking Wake\n|-end|p2a: Walking Wake|Protosynthesis|[silent]\n|\n|-weather|SunnyDay|[upkeep]\n|-damage|p1b: Iron Hands|33\/100 brn|[from] brn\n|upkeep\n|c|\u2606voncon|lmao\n|c|\u2606voncon|killed my own mon\n|\n|t:|1700832232\n|switch|p2a: Great Tusk|Great Tusk, shiny|100\/100\n|switch|p1a: Iron Bundle|Iron Bundle|25\/100\n|-damage|p1a: Iron Bundle|0 fnt|[from] Stealth Rock\n|faint|p1a: Iron Bundle\n|-end|p1a: Iron Bundle|Quark Drive|[silent]\n|-activate|p2a: Great Tusk|ability: Protosynthesis\n|-start|p2a: Great Tusk|protosynthesisdef\n|c| skonk|sometimes a sacrifice is necessary\n|c|\u2606voncon|yeah but i didnt really gain anything from that\n|\n|t:|1700832254\n|switch|p1a: Iron Leaves|Iron Leaves|100\/100\n|-damage|p1a: Iron Leaves|88\/100|[from] Stealth Rock\n|-activate|p1a: Iron Leaves|ability: Quark Drive\n|-start|p1a: Iron Leaves|quarkdriveatk\n|turn|6\n|\n|t:|1700832281\n|move|p1b: Iron Hands|Fake Out|p2a: Great Tusk\n|-damage|p2a: Great Tusk|96\/100\n|move|p1a: Iron Leaves|Psyblade|p2a: Great Tusk\n|-supereffective|p2a: Great Tusk\n|-damage|p2a: Great Tusk|25\/100\n|cant|p2a: Great Tusk|flinch\n|move|p2b: Torkoal|Yawn||[still]\n|-fail|p2b: Torkoal\n|\n|-weather|SunnyDay|[upkeep]\n|-heal|p2a: Great Tusk|31\/100|[from] item: Leftovers\n|-damage|p1b: Iron Hands|27\/100 brn|[from] brn\n|upkeep\n|turn|7\n|c|\u2606voncon|torkoal is just there i guess\n|\n|t:|1700832315\n|move|p1a: Iron Leaves|Trailblaze|p2a: Great Tusk\n|-supereffective|p2a: Great Tusk\n|-damage|p2a: Great Tusk|2\/100\n|-boost|p1a: Iron Leaves|spe|1\n|move|p2a: Great Tusk|Knock Off|p1a: Iron Leaves\n|-supereffective|p1a: Iron Leaves\n|-damage|p1a: Iron Leaves|27\/100\n|-enditem|p1a: Iron Leaves|Weakness Policy\n|-boost|p1a: Iron Leaves|atk|2|[from] item: Weakness Policy\n|-boost|p1a: Iron Leaves|spa|2|[from] item: Weakness Policy\n|move|p1b: Iron Hands|Wild Charge|p2b: Torkoal\n|-crit|p2b: Torkoal\n|-damage|p2b: Torkoal|60\/100\n|-damage|p1b: Iron Hands|20\/100 brn|[from] Recoil\n|move|p2b: Torkoal|Yawn|p1a: Iron Leaves\n|-activate|p1a: Iron Leaves|move: Electric Terrain\n|\n|-weather|SunnyDay|[upkeep]\n|-heal|p2a: Great Tusk|8\/100|[from] item: Leftovers\n|-damage|p1b: Iron Hands|14\/100 brn|[from] brn\n|upkeep\n|turn|8\n|c|\u2606voncon|is supreme overlord kingambit still viable or is defiant better?\n|\n|t:|1700832357\n|move|p1a: Iron Leaves|Psyblade|p2b: Torkoal\n|-damage|p2b: Torkoal|0 fnt\n|faint|p2b: Torkoal\n|move|p2a: Great Tusk|Earthquake|p1a: Iron Leaves|[spread] p1a,p1b\n|-resisted|p1a: Iron Leaves\n|-damage|p1a: Iron Leaves|9\/100\n|-damage|p1b: Iron Hands|0 fnt\n|faint|p1b: Iron Hands\n|-end|p1b: Iron Hands|Quark Drive|[silent]\n|\n|-weather|none\n|-end|p2a: Great Tusk|Protosynthesis\n|-heal|p2a: Great Tusk|15\/100|[from] item: Leftovers\n|-fieldend|move: Electric Terrain\n|-end|p1a: Iron Leaves|Quark Drive\n|upkeep\n|\n|t:|1700832373\n|switch|p1b: Iron Valiant|Iron Valiant, shiny|100\/100\n|switch|p2b: Kingambit|Kingambit, M, shiny|100\/100\n|-damage|p1b: Iron Valiant|94\/100|[from] Stealth Rock\n|turn|9\n|\n|t:|1700832415\n|-end|p1a: Iron Leaves|Quark Drive|[silent]\n|switch|p1a: Grimmsnarl|Grimmsnarl, M|58\/100\n|-damage|p1a: Grimmsnarl|45\/100|[from] Stealth Rock\n|move|p2b: Kingambit|Sucker Punch||[still]\n|-fail|p2b: Kingambit\n|move|p1b: Iron Valiant|Close Combat|p2a: Great Tusk\n|-damage|p2a: Great Tusk|0 fnt\n|-unboost|p1b: Iron Valiant|def|1\n|-unboost|p1b: Iron Valiant|spd|1\n|faint|p2a: Great Tusk\n|-end|p2a: Great Tusk|Protosynthesis|[silent]\n|-damage|p1b: Iron Valiant|85\/100|[from] item: Life Orb\n|\n|upkeep\n|\n|t:|1700832427\n|switch|p2a: Meowscarada|Meowscarada, F|100\/100\n|turn|10\n|\n|t:|1700832454\n|move|p1a: Grimmsnarl|Reflect|p1a: Grimmsnarl\n|-sidestart|p1: DreadfulBuns|Reflect\n|move|p2a: Meowscarada|Knock Off|p1b: Iron Valiant\n|-resisted|p1b: Iron Valiant\n|-damage|p1b: Iron Valiant|71\/100\n|-enditem|p1b: Iron Valiant|Life Orb|[from] move: Knock Off|[of] p2a: Meowscarada\n|move|p1b: Iron Valiant|Close Combat|p2b: Kingambit\n|-supereffective|p2b: Kingambit\n|-damage|p2b: Kingambit|0 fnt\n|-unboost|p1b: Iron Valiant|def|1\n|-unboost|p1b: Iron Valiant|spd|1\n|faint|p2b: Kingambit\n|\n|upkeep\n|turn|11\n|c|\u2606voncon|oh\n|c|\u2606voncon|ggs\n|c| skonk|gg gents\n|c|\u2606voncon|i think\n|c| skonk|i had fun\n|c|\u2606voncon|same here\n|c|\u2606DreadfulBuns|Me too bro ggs\n|\n|t:|1700832486\n|move|p1a: Grimmsnarl|Parting Shot|p2a: Meowscarada\n|-hint|Since gen 7, Dark is immune to Prankster moves.\n|-immune|p2a: Meowscarada\n|move|p2a: Meowscarada|Flower Trick|p1b: Iron Valiant\n|-crit|p1b: Iron Valiant\n|-damage|p1b: Iron Valiant|0 fnt\n|faint|p1b: Iron Valiant\n|-end|p1b: Iron Valiant|Quark Drive|[silent]\n|\n|upkeep\n|c|\u2606DreadfulBuns|HOLD UP\n|\n|t:|1700832501\n|switch|p1b: Iron Leaves|Iron Leaves|9\/100\n|-damage|p1b: Iron Leaves|0 fnt|[from] Stealth Rock\n|faint|p1b: Iron Leaves\n|-end|p1b: Iron Leaves|Quark Drive|[silent]\n|turn|12\n|c|\u2606voncon|huh\n|c| skonk|gosh\n|c|\u2606voncon|could it be\n|c|\u2606DreadfulBuns|daaaaaan\n|\n|t:|1700832525\n|move|p1a: Grimmsnarl|Reflect||[still]\n|-fail|p1a: Grimmsnarl\n|move|p2a: Meowscarada|U-turn|p1a: Grimmsnarl\n|-damage|p1a: Grimmsnarl|31\/100\n|\n|upkeep\n|turn|13\n|\n|t:|1700832535\n|move|p1a: Grimmsnarl|Light Screen|p1a: Grimmsnarl\n|-sidestart|p1: DreadfulBuns|move: Light Screen\n|move|p2a: Meowscarada|Flower Trick|p1a: Grimmsnarl\n|-crit|p1a: Grimmsnarl\n|-damage|p1a: Grimmsnarl|0 fnt\n|faint|p1a: Grimmsnarl\n|\n|win|voncon\n|raw|DreadfulBuns's rating: 1143 &rarr; <strong>1115<\/strong><br \/>(-28 for losing)\n|raw|voncon's rating: 1100 &rarr; <strong>1128<\/strong><br \/>(+28 for winning)\n|c|\u2606voncon|oh nice\n|c|\u2606voncon|unexpected turn tbh\n|c|\u2606voncon|good game mates\n|c|\u2606DreadfulBuns|frrr\n|l|\u2606voncon\n","uploadtime":1700832520,"views":5,"p1id":"dreadfulbuns","p2id":"voncon","formatid":"gen9doublesou","rating":1115,"private":0,"password":""}