{"id":"gen9doublesou-1980517461","p1":"uhdfhadfdaf","p2":"Bill III","format":"[Gen 9] Doubles OU","log":"|j|\u2606uhdfhadfdaf\n|j|\u2606Bill III\n|t:|1698792710\n|gametype|doubles\n|player|p1|uhdfhadfdaf|cynthia-gen4|1170\n|player|p2|Bill III|pokemaniac|1291\n|teamsize|p1|6\n|teamsize|p2|6\n|gen|9\n|tier|[Gen 9] Doubles OU\n|rated|\n|rule|Species Clause: Limit one of each Pok\u00e9mon\n|rule|OHKO Clause: OHKO moves are banned\n|rule|Evasion Moves Clause: Evasion moves are banned\n|rule|Gravity Sleep Clause: The combination of sleep-inducing moves with imperfect accuracy and Gravity or Gigantamax Orbeetle are banned\n|rule|Endless Battle Clause: Forcing endless battles is banned\n|rule|HP Percentage Mod: HP is shown in percentages\n|clearpoke\n|poke|p1|Torterra, M|\n|poke|p1|Golduck, M|\n|poke|p1|Sinistcha-Masterpiece|\n|poke|p1|Sableye, F|\n|poke|p1|Diancie|\n|poke|p1|Corviknight, M|\n|poke|p2|Tornadus, M|\n|poke|p2|Floatzel, M|\n|poke|p2|Chien-Pao|\n|poke|p2|Iron Valiant|\n|poke|p2|Samurott-Hisui, F|\n|poke|p2|Dragonite, F|\n|teampreview\n|inactive|Battle timer is ON: inactive players will automatically lose when time's up. (requested by Bill III)\n|c|\u2606uhdfhadfdaf|FLOATZEL\n|\n|t:|1698792719\n|start\n|switch|p1a: TOILET WRECKA|Torterra, M|100\/100\n|switch|p1b: 0gerpon|Golduck, M|100\/100\n|switch|p2a: Chien-Pao|Chien-Pao|100\/100\n|switch|p2b: Tornadus|Tornadus, M|100\/100\n|-ability|p1b: 0gerpon|Cloud Nine\n|-ability|p2a: Chien-Pao|Sword of Ruin\n|turn|1\n|\n|t:|1698792740\n|-terastallize|p1a: TOILET WRECKA|Steel\n|move|p2b: Tornadus|Tailwind|p2b: Tornadus\n|-sidestart|p2: Bill III|move: Tailwind\n|move|p2a: Chien-Pao|Ice Spinner|p1a: TOILET WRECKA\n|-resisted|p1a: TOILET WRECKA\n|-damage|p1a: TOILET WRECKA|72\/100\n|move|p1b: 0gerpon|Simple Beam|p1a: TOILET WRECKA\n|-endability|p1a: TOILET WRECKA|Shell Armor|[from] move: Simple Beam\n|-ability|p1a: TOILET WRECKA|Simple|[from] move: Simple Beam\n|move|p1a: TOILET WRECKA|Rock Slide|p2a: Chien-Pao|[spread] p2a,p2b\n|-supereffective|p2a: Chien-Pao\n|-supereffective|p2b: Tornadus\n|-damage|p2a: Chien-Pao|51\/100\n|-damage|p2b: Tornadus|47\/100\n|\n|upkeep\n|turn|2\n|c|\u2606Bill III|THAT A'NT NO OGERPON\n|inactive|Bill III has 120 seconds left.\n|c|\u2606uhdfhadfdaf|LOL\n|\n|t:|1698792772\n|switch|p1b: RAHHHHHHHHHHHHHHHH|Sinistcha-Masterpiece|100\/100\n|-heal|p1a: TOILET WRECKA|97\/100|[from] ability: Hospitality|[of] p1b: RAHHHHHHHHHHHHHHHH\n|move|p2b: Tornadus|Taunt|p1b: RAHHHHHHHHHHHHHHHH\n|-start|p1b: RAHHHHHHHHHHHHHHHH|move: Taunt\n|move|p2a: Chien-Pao|Brick Break|p1a: TOILET WRECKA\n|-supereffective|p1a: TOILET WRECKA\n|-damage|p1a: TOILET WRECKA|22\/100\n|move|p1a: TOILET WRECKA|Shell Smash|p1a: TOILET WRECKA\n|-unboost|p1a: TOILET WRECKA|def|2\n|-unboost|p1a: TOILET WRECKA|spd|2\n|-boost|p1a: TOILET WRECKA|atk|4\n|-boost|p1a: TOILET WRECKA|spa|4\n|-boost|p1a: TOILET WRECKA|spe|4\n|-enditem|p1a: TOILET WRECKA|White Herb\n|-clearnegativeboost|p1a: TOILET WRECKA|[silent]\n|\n|upkeep\n|turn|3\n|\n|t:|1698792792\n|move|p2a: Chien-Pao|Sucker Punch|p1a: TOILET WRECKA\n|-damage|p1a: TOILET WRECKA|0 fnt\n|faint|p1a: TOILET WRECKA\n|move|p2b: Tornadus|Bleakwind Storm|p1b: RAHHHHHHHHHHHHHHHH\n|-supereffective|p1b: RAHHHHHHHHHHHHHHHH\n|-enditem|p1b: RAHHHHHHHHHHHHHHHH|Focus Sash\n|-damage|p1b: RAHHHHHHHHHHHHHHHH|1\/100\n|-unboost|p1b: RAHHHHHHHHHHHHHHHH|spe|1\n|move|p1b: RAHHHHHHHHHHHHHHHH|Matcha Gotcha|p2b: Tornadus|[spread] p2a,p2b\n|-crit|p2a: Chien-Pao\n|-resisted|p2b: Tornadus\n|-damage|p2a: Chien-Pao|0 fnt\n|-heal|p1b: RAHHHHHHHHHHHHHHHH|28\/100|[from] drain|[of] p2a: Chien-Pao\n|-damage|p2b: Tornadus|26\/100\n|-heal|p1b: RAHHHHHHHHHHHHHHHH|40\/100|[from] drain|[of] p2b: Tornadus\n|faint|p2a: Chien-Pao\n|\n|upkeep\n|c|\u2606uhdfhadfdaf|NOOO\n|\n|t:|1698792809\n|switch|p2a: Iron Valiant|Iron Valiant|100\/100\n|switch|p1a: Salvation|Diancie|100\/100\n|turn|4\n|\n|t:|1698792833\n|move|p2a: Iron Valiant|Moonblast|p1a: Salvation\n|-damage|p1a: Salvation|64\/100\n|-damage|p2a: Iron Valiant|91\/100|[from] item: Life Orb\n|move|p2b: Tornadus|Bleakwind Storm|p1b: RAHHHHHHHHHHHHHHHH|[spread] p1a\n|-miss|p2b: Tornadus|p1b: RAHHHHHHHHHHHHHHHH\n|-resisted|p1a: Salvation\n|-damage|p1a: Salvation|56\/100\n|move|p1b: RAHHHHHHHHHHHHHHHH|Shadow Ball|p2a: Iron Valiant\n|-damage|p2a: Iron Valiant|19\/100\n|-unboost|p2a: Iron Valiant|spd|1\n|move|p1a: Salvation|Diamond Storm|p2b: Tornadus|[spread] p2a,p2b\n|-resisted|p2a: Iron Valiant\n|-supereffective|p2b: Tornadus\n|-damage|p2a: Iron Valiant|4\/100\n|-damage|p2b: Tornadus|0 fnt\n|-boost|p1a: Salvation|def|2\n|faint|p2b: Tornadus\n|\n|-heal|p1a: Salvation|62\/100|[from] item: Leftovers\n|-end|p1b: RAHHHHHHHHHHHHHHHH|move: Taunt\n|-sideend|p2: Bill III|move: Tailwind\n|upkeep\n|inactive|Bill III has 120 seconds left.\n|\n|t:|1698792851\n|switch|p2b: Floatzel|Floatzel, M|100\/100\n|turn|5\n|c|\u2606uhdfhadfdaf|MY BOY\n|\n|t:|1698792874\n|switch|p1b: Monarch|Corviknight, M|100\/100\n|-terastallize|p2a: Iron Valiant|Fairy\n|move|p2a: Iron Valiant|Moonblast|p1a: Salvation\n|-damage|p1a: Salvation|9\/100\n|-damage|p2a: Iron Valiant|0 fnt|[from] item: Life Orb\n|faint|p2a: Iron Valiant\n|-end|p2a: Iron Valiant|Quark Drive|[silent]\n|move|p2b: Floatzel|Flip Turn|p1b: Monarch\n|-damage|p1b: Monarch|69\/100\n|\n|t:|1698792888\n|switch|p2b: Samurott|Samurott-Hisui, F|100\/100|[from] Flip Turn\n|move|p1a: Salvation|Diamond Storm|p2b: Samurott\n|-damage|p2b: Samurott|56\/100\n|-boost|p1a: Salvation|def|2\n|\n|-heal|p1a: Salvation|15\/100|[from] item: Leftovers\n|upkeep\n|\n|t:|1698792894\n|switch|p2a: Floatzel|Floatzel, M|100\/100\n|turn|6\n|\n|t:|1698792914\n|switch|p1b: RAHHHHHHHHHHHHHHHH|Sinistcha-Masterpiece|40\/100\n|-heal|p1a: Salvation|40\/100|[from] ability: Hospitality|[of] p1b: RAHHHHHHHHHHHHHHHH\n|move|p2b: Samurott|Aqua Cutter|p1a: Salvation\n|-supereffective|p1a: Salvation\n|-damage|p1a: Salvation|12\/100\n|move|p2a: Floatzel|Ice Spinner|p1b: RAHHHHHHHHHHHHHHHH\n|-supereffective|p1b: RAHHHHHHHHHHHHHHHH\n|-damage|p1b: RAHHHHHHHHHHHHHHHH|0 fnt\n|faint|p1b: RAHHHHHHHHHHHHHHHH\n|move|p1a: Salvation|Body Press|p2b: Samurott\n|-supereffective|p2b: Samurott\n|-damage|p2b: Samurott|0 fnt\n|faint|p2b: Samurott\n|\n|-heal|p1a: Salvation|18\/100|[from] item: Leftovers\n|upkeep\n|\n|t:|1698792932\n|switch|p2b: Dragonite|Dragonite, F|100\/100\n|switch|p1b: Devious|Sableye, F, shiny|100\/100\n|turn|7\n|c|\u2606Bill III|WHAT AM I DOING IM BAD MAN\n|\n|t:|1698792945\n|move|p1b: Devious|Fake Out|p2a: Floatzel\n|-damage|p2a: Floatzel|88\/100\n|move|p2b: Dragonite|Extreme Speed|p1a: Salvation\n|-resisted|p1a: Salvation\n|-damage|p1a: Salvation|14\/100\n|cant|p2a: Floatzel|flinch\n|move|p1a: Salvation|Diamond Storm|p2b: Dragonite|[spread] p2a,p2b\n|-supereffective|p2b: Dragonite\n|-damage|p2a: Floatzel|43\/100\n|-damage|p2b: Dragonite|79\/100\n|\n|-heal|p1a: Salvation|20\/100|[from] item: Leftovers\n|upkeep\n|turn|8\n|\n|t:|1698792963\n|move|p1b: Devious|Encore|p2b: Dragonite\n|-start|p2b: Dragonite|Encore\n|move|p2a: Floatzel|Ice Spinner|p1a: Salvation\n|-damage|p1a: Salvation|9\/100\n|move|p2b: Dragonite|Extreme Speed|p1a: Salvation\n|-resisted|p1a: Salvation\n|-damage|p1a: Salvation|5\/100\n|move|p1a: Salvation|Diamond Storm|p2b: Dragonite|[spread] p2a,p2b\n|-supereffective|p2b: Dragonite\n|-crit|p2b: Dragonite\n|-damage|p2a: Floatzel|0 fnt\n|-damage|p2b: Dragonite|11\/100\n|-boost|p1a: Salvation|def|2\n|faint|p2a: Floatzel\n|\n|-heal|p1a: Salvation|11\/100|[from] item: Leftovers\n|upkeep\n|turn|9\n|c|\u2606Bill III|bru\n|-message|Bill III forfeited.\n|\n|win|uhdfhadfdaf\n|raw|uhdfhadfdaf's rating: 1170 &rarr; <strong>1203<\/strong><br \/>(+33 for winning)\n|raw|Bill III's rating: 1291 &rarr; <strong>1258<\/strong><br \/>(-33 for losing)\n|l|\u2606Bill III\n|c|\u2606uhdfhadfdaf|HAHHA\n","uploadtime":1698792991,"views":15,"p1id":"uhdfhadfdaf","p2id":"billiii","formatid":"gen9doublesou","rating":1203,"private":0,"password":""}