{"id":"gen9doublesou-1968236481","p1":"heaff","p2":"pigvar","format":"[Gen 9] Doubles OU","log":"|html|<div class=\"broadcast-blue\"><strong>[Gen 9] Doubles OU is currently suspecting Basculegion & Flutter Mane! For information on how to participate check out the <a href=\"https:\/\/www.smogon.com\/forums\/threads\/np-sv-dou-stage-8-double-trouble.3729153\/\">suspect thread<\/a>.<\/strong><\/div>\n|j|\u2606heaff\n|j|\u2606pigvar\n|t:|1697397699\n|gametype|doubles\n|player|p1|heaff|1|\n|player|p2|pigvar|mira|\n|teamsize|p1|6\n|teamsize|p2|6\n|gen|9\n|tier|[Gen 9] Doubles OU\n|rule|Species Clause: Limit one of each Pok\u00e9mon\n|rule|OHKO Clause: OHKO moves are banned\n|rule|Evasion Moves Clause: Evasion moves are banned\n|rule|Gravity Sleep Clause: The combination of sleep-inducing moves with imperfect accuracy and Gravity or Gigantamax Orbeetle are banned\n|rule|Endless Battle Clause: Forcing endless battles is banned\n|rule|HP Percentage Mod: HP is shown in percentages\n|clearpoke\n|poke|p1|Roaring Moon|\n|poke|p1|Tinkaton, F|\n|poke|p1|Dragonite, M|\n|poke|p1|Mew|\n|poke|p1|Regieleki|\n|poke|p1|Great Tusk|\n|poke|p2|Pelipper, F|\n|poke|p2|Palafin, F|\n|poke|p2|Thundurus-Therian, M|\n|poke|p2|Azelf|\n|poke|p2|Chien-Pao|\n|poke|p2|Maushold|\n|teampreview\n|inactive|Battle timer is ON: inactive players will automatically lose when time's up. (requested by pigvar)\n|\n|t:|1697397709\n|start\n|switch|p1a: Roaring Moon|Roaring Moon|100\/100\n|switch|p1b: Great Tusk|Great Tusk|100\/100\n|switch|p2a: Maushold|Maushold|100\/100\n|switch|p2b: Chien-Pao|Chien-Pao|100\/100\n|-ability|p2b: Chien-Pao|Sword of Ruin\n|-enditem|p1a: Roaring Moon|Booster Energy\n|-activate|p1a: Roaring Moon|ability: Protosynthesis|[fromitem]\n|-start|p1a: Roaring Moon|protosynthesisspe\n|turn|1\n|\n|t:|1697397730\n|move|p2a: Maushold|Follow Me|p2a: Maushold\n|-singleturn|p2a: Maushold|move: Follow Me\n|move|p1a: Roaring Moon|Rock Slide|p2b: Chien-Pao|[spread] p2a,p2b\n|-supereffective|p2b: Chien-Pao\n|-damage|p2a: Maushold|68\/100\n|-damage|p2b: Chien-Pao|56\/100\n|move|p2b: Chien-Pao|Swords Dance|p2b: Chien-Pao\n|-boost|p2b: Chien-Pao|atk|2\n|move|p1b: Great Tusk|Rock Slide|p2b: Chien-Pao|[spread] p2b\n|-miss|p1b: Great Tusk|p2a: Maushold\n|-supereffective|p2b: Chien-Pao\n|-damage|p2b: Chien-Pao|9\/100\n|\n|upkeep\n|turn|2\n|\n|t:|1697397750\n|move|p2a: Maushold|Follow Me|p2a: Maushold\n|-singleturn|p2a: Maushold|move: Follow Me\n|move|p2b: Chien-Pao|Ice Shard|p1a: Roaring Moon\n|-supereffective|p1a: Roaring Moon\n|-damage|p1a: Roaring Moon|0 fnt\n|faint|p1a: Roaring Moon\n|-end|p1a: Roaring Moon|Protosynthesis|[silent]\n|-damage|p2b: Chien-Pao|0 fnt|[from] item: Life Orb\n|faint|p2b: Chien-Pao\n|move|p1b: Great Tusk|Rock Slide|p2a: Maushold\n|-crit|p2a: Maushold\n|-damage|p2a: Maushold|21\/100\n|\n|upkeep\n|\n|t:|1697397774\n|switch|p1a: Regieleki|Regieleki|100\/100\n|switch|p2b: Azelf|Azelf|100\/100\n|turn|3\n|\n|t:|1697397793\n|move|p2a: Maushold|Helping Hand|p2b: Azelf\n|-singleturn|p2b: Azelf|Helping Hand|[of] p2a: Maushold\n|move|p1a: Regieleki|Thunderbolt|p2b: Azelf\n|-damage|p2b: Azelf|33\/100\n|move|p2b: Azelf|Psychic|p1b: Great Tusk\n|-supereffective|p1b: Great Tusk\n|-damage|p1b: Great Tusk|0 fnt\n|faint|p1b: Great Tusk\n|-end|p1b: Great Tusk|Protosynthesis|[silent]\n|-damage|p2b: Azelf|23\/100|[from] item: Life Orb\n|\n|upkeep\n|\n|t:|1697397812\n|switch|p1b: Tinkaton|Tinkaton, F|100\/100\n|turn|4\n|\n|t:|1697397838\n|move|p1b: Tinkaton|Fake Out|p2b: Azelf\n|-damage|p2b: Azelf|13\/100\n|move|p2a: Maushold|Follow Me|p2a: Maushold\n|-singleturn|p2a: Maushold|move: Follow Me\n|move|p1a: Regieleki|Thunderbolt|p2a: Maushold\n|-damage|p2a: Maushold|0 fnt\n|faint|p2a: Maushold\n|cant|p2b: Azelf|flinch\n|\n|upkeep\n|\n|t:|1697397846\n|switch|p2a: Thundurus|Thundurus-Therian, M|100\/100\n|turn|5\n|\n|t:|1697397859\n|move|p1a: Regieleki|Thunderbolt|p2b: Azelf\n|-damage|p2b: Azelf|0 fnt\n|faint|p2b: Azelf\n|move|p2a: Thundurus|Sludge Bomb|p1a: Regieleki\n|-enditem|p1a: Regieleki|Focus Sash\n|-damage|p1a: Regieleki|1\/100\n|move|p1b: Tinkaton|Gigaton Hammer|p2a: Thundurus\n|-resisted|p2a: Thundurus\n|-damage|p2a: Thundurus|62\/100\n|\n|upkeep\n|\n|t:|1697397868\n|switch|p2b: Palafin|Palafin, F|100\/100\n|turn|6\n|\n|t:|1697397875\n|switch|p2a: Pelipper|Pelipper, F|100\/100\n|-weather|RainDance|[from] ability: Drizzle|[of] p2a: Pelipper\n|move|p1b: Tinkaton|Protect|p1b: Tinkaton\n|-singleturn|p1b: Tinkaton|Protect\n|move|p2b: Palafin|Jet Punch|p1a: Regieleki\n|-damage|p1a: Regieleki|0 fnt\n|faint|p1a: Regieleki\n|\n|-weather|RainDance|[upkeep]\n|upkeep\n|\n|t:|1697397892\n|switch|p1a: Dragonite|Dragonite, M|100\/100\n|turn|7\n|inactive|heaff has 270 seconds left.\n|inactive|pigvar has 270 seconds left.\n|inactive|heaff has 240 seconds left.\n|inactive|heaff has 210 seconds left.\n|\n|t:|1697397986\n|detailschange|p2b: Palafin|Palafin-Hero, F\n|switch|p2b: Thundurus|Thundurus-Therian, M|62\/100\n|move|p1b: Tinkaton|Gigaton Hammer|p2a: Pelipper\n|-resisted|p2a: Pelipper\n|-damage|p2a: Pelipper|84\/100\n|move|p1a: Dragonite|Rock Slide|p2a: Pelipper|[spread] p2a,p2b\n|-supereffective|p2a: Pelipper\n|-supereffective|p2b: Thundurus\n|-damage|p2a: Pelipper|36\/100\n|-damage|p2b: Thundurus|0 fnt\n|faint|p2b: Thundurus\n|move|p2a: Pelipper|Knock Off|p1a: Dragonite\n|-damage|p1a: Dragonite|95\/100\n|-enditem|p1a: Dragonite|Choice Band|[from] move: Knock Off|[of] p2a: Pelipper\n|\n|-weather|RainDance|[upkeep]\n|-heal|p2a: Pelipper|42\/100|[from] item: Leftovers\n|upkeep\n|\n|t:|1697397994\n|switch|p2b: Palafin|Palafin-Hero, F|100\/100\n|-activate|p2b: Palafin|ability: Zero to Hero\n|turn|8\n|inactive|pigvar has 270 seconds left.\n|inactive|heaff has 210 seconds left.\n|inactive|heaff has 180 seconds left.\n|\n|t:|1697398081\n|switch|p1b: Mew|Mew|100\/100\n|move|p2b: Palafin|Jet Punch|p1a: Dragonite\n|-resisted|p1a: Dragonite\n|-damage|p1a: Dragonite|66\/100\n|move|p1a: Dragonite|Rock Slide|p2b: Palafin|[spread] p2a,p2b\n|-supereffective|p2a: Pelipper\n|-damage|p2a: Pelipper|9\/100\n|-damage|p2b: Palafin|78\/100\n|move|p2a: Pelipper|Hurricane|p1a: Dragonite\n|-damage|p1a: Dragonite|40\/100\n|\n|-weather|RainDance|[upkeep]\n|-heal|p2a: Pelipper|15\/100|[from] item: Leftovers\n|upkeep\n|turn|9\n|inactive|heaff has 150 seconds left.\n|inactive|pigvar has 240 seconds left.\n|inactive|pigvar has 210 seconds left.\n|\n|t:|1697398150\n|move|p2a: Pelipper|Protect|p2a: Pelipper\n|-singleturn|p2a: Pelipper|Protect\n|move|p1a: Dragonite|Extreme Speed|p2a: Pelipper\n|-activate|p2a: Pelipper|move: Protect\n|move|p2b: Palafin|Jet Punch|p1b: Mew\n|-damage|p1b: Mew|63\/100\n|move|p1b: Mew|Pollen Puff|p1a: Dragonite\n|-heal|p1a: Dragonite|90\/100\n|\n|-weather|RainDance|[upkeep]\n|-heal|p1b: Mew|70\/100|[from] item: Leftovers\n|-heal|p2a: Pelipper|21\/100|[from] item: Leftovers\n|upkeep\n|turn|10\n|inactive|pigvar has 210 seconds left.\n|\n|t:|1697398193\n|-terastallize|p2b: Palafin|Fighting\n|move|p2b: Palafin|Jet Punch|p1b: Mew\n|-damage|p1b: Mew|29\/100\n|move|p1b: Mew|Iron Defense|p1b: Mew\n|-boost|p1b: Mew|def|2\n|move|p1a: Dragonite|Rock Slide|p2a: Pelipper|[spread] p2a,p2b\n|-supereffective|p2a: Pelipper\n|-resisted|p2b: Palafin\n|-damage|p2a: Pelipper|0 fnt\n|-damage|p2b: Palafin|67\/100\n|faint|p2a: Pelipper\n|\n|-weather|none\n|-heal|p1b: Mew|35\/100|[from] item: Leftovers\n|upkeep\n|turn|11\n|inactive|pigvar has 210 seconds left.\n|inactive|pigvar has 180 seconds left.\n|\n|t:|1697398241\n|move|p1a: Dragonite|Extreme Speed|p2b: Palafin\n|-damage|p2b: Palafin|36\/100\n|move|p2b: Palafin|Jet Punch|p1b: Mew\n|-crit|p1b: Mew\n|-damage|p1b: Mew|0 fnt\n|faint|p1b: Mew\n|\n|upkeep\n|c|\u2606pigvar|ggs\n|inactive|heaff has 150 seconds left.\n|\n|t:|1697398259\n|switch|p1b: Tinkaton|Tinkaton, F|100\/100\n|turn|12\n|\n|t:|1697398266\n|move|p1b: Tinkaton|Fake Out|p2b: Palafin\n|-damage|p2b: Palafin|27\/100\n|move|p1a: Dragonite|Extreme Speed|p2b: Palafin\n|-damage|p2b: Palafin|0 fnt\n|faint|p2b: Palafin\n|\n|win|heaff\n","uploadtime":1697398272,"views":10,"p1id":"heaff","p2id":"pigvar","formatid":"gen9doublesou","rating":0,"private":0,"password":""}