{"id":"gen9doublesou-1991293309","p1":"Mudsquash","p2":"AdvancedDigit","format":"[Gen 9] Doubles OU","log":"|j|\u2606Mudsquash\n|j|\u2606AdvancedDigit\n|t:|1700064979\n|gametype|doubles\n|player|p1|Mudsquash|hilda-wonderlauncher|1196\n|player|p2|AdvancedDigit|hilbert|1257\n|teamsize|p1|6\n|teamsize|p2|6\n|gen|9\n|tier|[Gen 9] Doubles OU\n|rated|\n|rule|Species Clause: Limit one of each Pok\u00e9mon\n|rule|OHKO Clause: OHKO moves are banned\n|rule|Evasion Moves Clause: Evasion moves are banned\n|rule|Gravity Sleep Clause: The combination of sleep-inducing moves with imperfect accuracy and Gravity or Gigantamax Orbeetle are banned\n|rule|Endless Battle Clause: Forcing endless battles is banned\n|rule|HP Percentage Mod: HP is shown in percentages\n|clearpoke\n|poke|p1|Torkoal, M|\n|poke|p1|Charizard, F|\n|poke|p1|Ninetales, F|\n|poke|p1|Armarouge, M|\n|poke|p1|Flutter Mane|\n|poke|p1|Chi-Yu|\n|poke|p2|Grafaiai, M|\n|poke|p2|Enamorus, F|\n|poke|p2|Kingambit, M|\n|poke|p2|Flutter Mane|\n|poke|p2|Cresselia, F|\n|poke|p2|Gliscor, M|\n|teampreview\n|\n|t:|1700064986\n|start\n|switch|p1a: Torkoal|Torkoal, M|100\/100\n|switch|p1b: Charizard|Charizard, F|100\/100\n|switch|p2a: Cresselia|Cresselia, F|100\/100\n|switch|p2b: Gliscor|Gliscor, M|100\/100\n|-weather|SunnyDay|[from] ability: Drought|[of] p1a: Torkoal\n|turn|1\n|\n|t:|1700064998\n|move|p1b: Charizard|Heat Wave|p2a: Cresselia|[spread] p2a,p2b\n|-damage|p2a: Cresselia|63\/100\n|-damage|p2b: Gliscor|12\/100\n|move|p2a: Cresselia|Skill Swap|p2b: Gliscor\n|-activate|p2a: Cresselia|move: Skill Swap|||[of] p2b: Gliscor\n|move|p2b: Gliscor|U-turn|p1a: Torkoal\n|-resisted|p1a: Torkoal\n|-damage|p1a: Torkoal|95\/100\n|\n|t:|1700065008\n|switch|p2b: Kingambit|Kingambit, M|100\/100|[from] U-turn\n|move|p1a: Torkoal|Solar Beam||[still]\n|-prepare|p1a: Torkoal|Solar Beam\n|-anim|p1a: Torkoal|Solar Beam|p2b: Kingambit\n|-resisted|p2b: Kingambit\n|-crit|p2b: Kingambit\n|-damage|p2b: Kingambit|82\/100\n|\n|-weather|SunnyDay|[upkeep]\n|-damage|p1b: Charizard|88\/100|[from] ability: Solar Power|[of] p1b: Charizard\n|-heal|p2b: Kingambit|89\/100|[from] item: Leftovers\n|-heal|p1a: Torkoal|100\/100|[from] item: Leftovers\n|-status|p2a: Cresselia|tox|[from] item: Toxic Orb\n|upkeep\n|turn|2\n|\n|t:|1700065024\n|move|p2b: Kingambit|Sucker Punch|p1a: Torkoal\n|-damage|p1a: Torkoal|69\/100\n|move|p1b: Charizard|Heat Wave|p2b: Kingambit|[spread] p2a,p2b\n|-supereffective|p2b: Kingambit\n|-damage|p2a: Cresselia|30\/100 tox\n|-damage|p2b: Kingambit|0 fnt\n|faint|p2b: Kingambit\n|move|p2a: Cresselia|Calm Mind|p2a: Cresselia\n|-boost|p2a: Cresselia|spa|1\n|-boost|p2a: Cresselia|spd|1\n|move|p1a: Torkoal|Eruption|p2a: Cresselia\n|-damage|p2a: Cresselia|14\/100 tox\n|\n|-weather|SunnyDay|[upkeep]\n|-damage|p1b: Charizard|76\/100|[from] ability: Solar Power|[of] p1b: Charizard\n|-heal|p1a: Torkoal|75\/100|[from] item: Leftovers\n|-heal|p2a: Cresselia|26\/100 tox|[from] ability: Poison Heal\n|upkeep\n|\n|t:|1700065038\n|switch|p2b: Grafaiai|Grafaiai, M|100\/100\n|turn|3\n|\n|t:|1700065051\n|move|p2b: Grafaiai|Parting Shot|p1b: Charizard\n|-unboost|p1b: Charizard|atk|1\n|-unboost|p1b: Charizard|spa|1\n|\n|t:|1700065056\n|switch|p2b: Gliscor|Gliscor, M|12\/100|[from] Parting Shot\n|move|p1b: Charizard|Heat Wave|p2b: Gliscor|[spread] p2a,p2b\n|-damage|p2a: Cresselia|10\/100 tox\n|-damage|p2b: Gliscor|0 fnt\n|faint|p2b: Gliscor\n|move|p2a: Cresselia|Moonlight|p2a: Cresselia\n|-heal|p2a: Cresselia|76\/100 tox\n|move|p1a: Torkoal|Earthquake|p2a: Cresselia|[spread] p2a\n|-immune|p1b: Charizard\n|-damage|p2a: Cresselia|62\/100 tox\n|\n|-weather|SunnyDay|[upkeep]\n|-damage|p1b: Charizard|63\/100|[from] ability: Solar Power|[of] p1b: Charizard\n|-heal|p1a: Torkoal|81\/100|[from] item: Leftovers\n|-heal|p2a: Cresselia|75\/100 tox|[from] ability: Poison Heal\n|upkeep\n|\n|t:|1700065062\n|switch|p2b: Grafaiai|Grafaiai, M|100\/100\n|turn|4\n|\n|t:|1700065078\n|move|p2b: Grafaiai|Switcheroo|p2a: Cresselia\n|-activate|p2b: Grafaiai|move: Trick|[of] p2a: Cresselia\n|-item|p2a: Cresselia|Leftovers|[from] move: Switcheroo\n|-item|p2b: Grafaiai|Toxic Orb|[from] move: Switcheroo\n|move|p1b: Charizard|Heat Wave|p2b: Grafaiai|[spread] p2a,p2b\n|-damage|p2a: Cresselia|59\/100 tox\n|-damage|p2b: Grafaiai|53\/100\n|move|p2a: Cresselia|Calm Mind|p2a: Cresselia\n|-boost|p2a: Cresselia|spa|1\n|-boost|p2a: Cresselia|spd|1\n|move|p1a: Torkoal|Eruption|p2b: Grafaiai|[spread] p2a,p2b\n|-damage|p2a: Cresselia|47\/100 tox\n|-damage|p2b: Grafaiai|16\/100\n|\n|-weather|SunnyDay|[upkeep]\n|-damage|p1b: Charizard|51\/100|[from] ability: Solar Power|[of] p1b: Charizard\n|-heal|p2a: Cresselia|53\/100 tox|[from] item: Leftovers\n|-heal|p1a: Torkoal|87\/100|[from] item: Leftovers\n|-heal|p2a: Cresselia|66\/100 tox|[from] ability: Poison Heal\n|upkeep\n|turn|5\n|\n|t:|1700065102\n|move|p2b: Grafaiai|Switcheroo|p1a: Torkoal\n|-activate|p2b: Grafaiai|move: Trick|[of] p1a: Torkoal\n|-item|p1a: Torkoal|Toxic Orb|[from] move: Switcheroo\n|-item|p2b: Grafaiai|Leftovers|[from] move: Switcheroo\n|move|p1b: Charizard|Heat Wave|p2b: Grafaiai|[spread] p2a\n|-miss|p1b: Charizard|p2b: Grafaiai\n|-damage|p2a: Cresselia|54\/100 tox\n|move|p2a: Cresselia|Calm Mind|p2a: Cresselia\n|-boost|p2a: Cresselia|spa|1\n|-boost|p2a: Cresselia|spd|1\n|move|p1a: Torkoal|Eruption|p2a: Cresselia|[spread] p2a,p2b\n|-damage|p2a: Cresselia|44\/100 tox\n|-damage|p2b: Grafaiai|0 fnt\n|faint|p2b: Grafaiai\n|\n|-weather|none\n|-heal|p2a: Cresselia|50\/100 tox|[from] item: Leftovers\n|-heal|p2a: Cresselia|62\/100 tox|[from] ability: Poison Heal\n|-status|p1a: Torkoal|tox|[from] item: Toxic Orb\n|upkeep\n|\n|t:|1700065108\n|switch|p2b: Enamorus|Enamorus, F|100\/100\n|turn|6\n|\n|t:|1700065122\n|switch|p1a: Ninetales|Ninetales, F|100\/100\n|-weather|SunnyDay|[from] ability: Drought|[of] p1a: Ninetales\n|move|p2b: Enamorus|Earth Power|p1a: Ninetales\n|-supereffective|p1a: Ninetales\n|-damage|p1a: Ninetales|30\/100\n|move|p1b: Charizard|Heat Wave|p2b: Enamorus|[spread] p2a,p2b\n|-damage|p2a: Cresselia|53\/100 tox\n|-damage|p2b: Enamorus|35\/100\n|move|p2a: Cresselia|Calm Mind|p2a: Cresselia\n|-boost|p2a: Cresselia|spa|1\n|-boost|p2a: Cresselia|spd|1\n|\n|-weather|SunnyDay|[upkeep]\n|-damage|p1b: Charizard|38\/100|[from] ability: Solar Power|[of] p1b: Charizard\n|-heal|p2b: Enamorus|41\/100|[from] item: Leftovers\n|-heal|p2a: Cresselia|59\/100 tox|[from] item: Leftovers\n|-heal|p2a: Cresselia|71\/100 tox|[from] ability: Poison Heal\n|upkeep\n|turn|7\n|\n|t:|1700065140\n|move|p2b: Enamorus|Earth Power|p1a: Ninetales\n|-supereffective|p1a: Ninetales\n|-damage|p1a: Ninetales|0 fnt\n|faint|p1a: Ninetales\n|move|p1b: Charizard|Heat Wave|p2b: Enamorus|[spread] p2b\n|-miss|p1b: Charizard|p2a: Cresselia\n|-damage|p2b: Enamorus|0 fnt\n|faint|p2b: Enamorus\n|move|p2a: Cresselia|Calm Mind|p2a: Cresselia\n|-boost|p2a: Cresselia|spa|1\n|-boost|p2a: Cresselia|spd|1\n|\n|-weather|SunnyDay|[upkeep]\n|-damage|p1b: Charizard|26\/100|[from] ability: Solar Power|[of] p1b: Charizard\n|-heal|p2a: Cresselia|77\/100 tox|[from] item: Leftovers\n|-heal|p2a: Cresselia|90\/100 tox|[from] ability: Poison Heal\n|upkeep\n|\n|t:|1700065163\n|switch|p2b: Flutter Mane|Flutter Mane|100\/100\n|switch|p1a: Flutter Mane|Flutter Mane|100\/100\n|-activate|p1a: Flutter Mane|ability: Protosynthesis\n|-start|p1a: Flutter Mane|protosynthesisspe\n|-activate|p2b: Flutter Mane|ability: Protosynthesis\n|-start|p2b: Flutter Mane|protosynthesisspe\n|turn|8\n|\n|t:|1700065185\n|move|p1a: Flutter Mane|Poltergeist|p2b: Flutter Mane\n|-activate|p2b: Flutter Mane|move: Poltergeist|Booster Energy\n|-supereffective|p2b: Flutter Mane\n|-damage|p2b: Flutter Mane|15\/100\n|move|p2b: Flutter Mane|Shadow Ball|p1a: Flutter Mane\n|-supereffective|p1a: Flutter Mane\n|-damage|p1a: Flutter Mane|10\/100\n|move|p1b: Charizard|Heat Wave|p2b: Flutter Mane|[spread] p2a,p2b\n|-damage|p2a: Cresselia|82\/100 tox\n|-damage|p2b: Flutter Mane|0 fnt\n|faint|p2b: Flutter Mane\n|-end|p2b: Flutter Mane|Protosynthesis|[silent]\n|move|p2a: Cresselia|Moonblast|p1a: Flutter Mane\n|-damage|p1a: Flutter Mane|0 fnt\n|faint|p1a: Flutter Mane\n|-end|p1a: Flutter Mane|Protosynthesis|[silent]\n|\n|-weather|SunnyDay|[upkeep]\n|-damage|p1b: Charizard|13\/100|[from] ability: Solar Power|[of] p1b: Charizard\n|-heal|p2a: Cresselia|88\/100 tox|[from] item: Leftovers\n|-heal|p2a: Cresselia|100\/100 tox|[from] ability: Poison Heal\n|upkeep\n|\n|t:|1700065203\n|switch|p1a: Chi-Yu|Chi-Yu|100\/100\n|-ability|p1a: Chi-Yu|Beads of Ruin\n|turn|9\n|\n|t:|1700065214\n|move|p1a: Chi-Yu|Ruination|p2a: Cresselia\n|-damage|p2a: Cresselia|50\/100 tox\n|move|p1b: Charizard|Heat Wave|p2a: Cresselia\n|-damage|p2a: Cresselia|39\/100 tox\n|move|p2a: Cresselia|Moonblast|p1a: Chi-Yu\n|-damage|p1a: Chi-Yu|55\/100\n|\n|-weather|SunnyDay|[upkeep]\n|-damage|p1b: Charizard|1\/100|[from] ability: Solar Power|[of] p1b: Charizard\n|-heal|p2a: Cresselia|45\/100 tox|[from] item: Leftovers\n|-heal|p2a: Cresselia|57\/100 tox|[from] ability: Poison Heal\n|upkeep\n|turn|10\n|\n|t:|1700065235\n|move|p1a: Chi-Yu|Ruination|p2a: Cresselia\n|-damage|p2a: Cresselia|29\/100 tox\n|move|p1b: Charizard|Heat Wave|p2a: Cresselia|[miss]\n|-miss|p1b: Charizard|p2a: Cresselia\n|move|p2a: Cresselia|Moonlight|p2a: Cresselia\n|-heal|p2a: Cresselia|96\/100 tox\n|\n|-weather|none\n|-heal|p2a: Cresselia|100\/100 tox|[from] item: Leftovers\n|upkeep\n|turn|11\n|\n|t:|1700065249\n|move|p1b: Charizard|Heat Wave|p2a: Cresselia\n|-damage|p2a: Cresselia|95\/100 tox\n|move|p1a: Chi-Yu|Ruination|p2a: Cresselia\n|-damage|p2a: Cresselia|48\/100 tox\n|move|p2a: Cresselia|Moonblast|p1a: Chi-Yu\n|-damage|p1a: Chi-Yu|12\/100\n|-unboost|p1a: Chi-Yu|spa|1\n|\n|-heal|p2a: Cresselia|54\/100 tox|[from] item: Leftovers\n|-heal|p2a: Cresselia|66\/100 tox|[from] ability: Poison Heal\n|upkeep\n|turn|12\n|\n|t:|1700065273\n|move|p1a: Chi-Yu|Ruination|p2a: Cresselia|[miss]\n|-miss|p1a: Chi-Yu|p2a: Cresselia\n|move|p1b: Charizard|Heat Wave|p2a: Cresselia\n|-damage|p2a: Cresselia|60\/100 tox\n|move|p2a: Cresselia|Moonlight|p2a: Cresselia\n|-heal|p2a: Cresselia|100\/100 tox\n|\n|upkeep\n|turn|13\n|\n|t:|1700065282\n|move|p1b: Charizard|Heat Wave|p2a: Cresselia\n|-damage|p2a: Cresselia|94\/100 tox\n|move|p1a: Chi-Yu|Ruination|p2a: Cresselia\n|-damage|p2a: Cresselia|48\/100 tox\n|move|p2a: Cresselia|Moonblast|p1a: Chi-Yu\n|-damage|p1a: Chi-Yu|0 fnt\n|faint|p1a: Chi-Yu\n|\n|-heal|p2a: Cresselia|54\/100 tox|[from] item: Leftovers\n|-heal|p2a: Cresselia|66\/100 tox|[from] ability: Poison Heal\n|upkeep\n|\n|t:|1700065294\n|switch|p1a: Torkoal|Torkoal, M|87\/100 tox\n|-weather|SunnyDay|[from] ability: Drought|[of] p1a: Torkoal\n|turn|14\n|\n|t:|1700065313\n|move|p1b: Charizard|Heat Wave|p2a: Cresselia\n|-damage|p2a: Cresselia|57\/100 tox\n|move|p2a: Cresselia|Moonblast|p1a: Torkoal\n|-resisted|p1a: Torkoal\n|-damage|p1a: Torkoal|45\/100 tox\n|move|p1a: Torkoal|Eruption|p2a: Cresselia\n|-damage|p2a: Cresselia|52\/100 tox\n|\n|-weather|SunnyDay|[upkeep]\n|-damage|p1b: Charizard|0 fnt|[from] ability: Solar Power|[of] p1b: Charizard\n|faint|p1b: Charizard\n|-heal|p2a: Cresselia|58\/100 tox|[from] item: Leftovers\n|-heal|p2a: Cresselia|71\/100 tox|[from] ability: Poison Heal\n|-damage|p1a: Torkoal|39\/100 tox|[from] psn\n|upkeep\n|\n|t:|1700065327\n|switch|p1b: Armarouge|Armarouge, M|100\/100\n|turn|15\n|\n|t:|1700065341\n|move|p2a: Cresselia|Moonblast|p1b: Armarouge\n|-resisted|p1b: Armarouge\n|-damage|p1b: Armarouge|70\/100\n|move|p1b: Armarouge|Dark Pulse|p2a: Cresselia\n|-supereffective|p2a: Cresselia\n|-damage|p2a: Cresselia|60\/100 tox\n|-damage|p1b: Armarouge|60\/100|[from] item: Life Orb\n|move|p1a: Torkoal|Rock Slide|p2a: Cresselia\n|-damage|p2a: Cresselia|46\/100 tox\n|\n|-weather|SunnyDay|[upkeep]\n|-heal|p2a: Cresselia|53\/100 tox|[from] item: Leftovers\n|-heal|p2a: Cresselia|65\/100 tox|[from] ability: Poison Heal\n|-damage|p1a: Torkoal|27\/100 tox|[from] psn\n|upkeep\n|turn|16\n|c|\u2606AdvancedDigit|gg\n|-message|Mudsquash forfeited.\n|\n|win|AdvancedDigit\n|raw|Mudsquash's rating: 1196 &rarr; <strong>1175<\/strong><br \/>(-21 for losing)\n|raw|AdvancedDigit's rating: 1257 &rarr; <strong>1278<\/strong><br \/>(+21 for winning)\n|l|\u2606Mudsquash\n","uploadtime":1700065355,"views":12,"p1id":"mudsquash","p2id":"advanceddigit","formatid":"gen9doublesou","rating":1175,"private":0,"password":""}