{"id":"gen9doublesou-1992998647","p1":"Troutinspace","p2":"Cyril Tbh","format":"[Gen 9] Doubles OU","log":"|j|\u2606Troutinspace\n|j|\u2606Cyril Tbh\n|t:|1700254062\n|gametype|doubles\n|player|p1|Troutinspace|aaron|\n|player|p2|Cyril Tbh|alec-anime|\n|teamsize|p1|6\n|teamsize|p2|6\n|gen|9\n|tier|[Gen 9] Doubles OU\n|rule|Species Clause: Limit one of each Pok\u00e9mon\n|rule|OHKO Clause: OHKO moves are banned\n|rule|Evasion Moves Clause: Evasion moves are banned\n|rule|Gravity Sleep Clause: The combination of sleep-inducing moves with imperfect accuracy and Gravity or Gigantamax Orbeetle are banned\n|rule|Endless Battle Clause: Forcing endless battles is banned\n|rule|HP Percentage Mod: HP is shown in percentages\n|clearpoke\n|poke|p1|Flutter Mane|\n|poke|p1|Glimmora, F|\n|poke|p1|Tornadus, M|\n|poke|p1|Ogerpon-Hearthflame, F|\n|poke|p1|Heatran, M|\n|poke|p1|Iron Hands|\n|poke|p2|Manaphy|\n|poke|p2|Rillaboom, F|\n|poke|p2|Grimmsnarl, M|\n|poke|p2|Landorus-Therian, M|\n|poke|p2|Roaring Moon|\n|poke|p2|Heatran, F|\n|teampreview\n|j| departs\n|j| SEROO@!\n|j| Arcanine Numbers\n|j| BR4IN\n|j|+micoy\n|\n|t:|1700254125\n|start\n|switch|p1a: Glimmora|Glimmora, F|100\/100\n|switch|p1b: Iron Hands|Iron Hands|100\/100\n|switch|p2a: Rillaboom|Rillaboom, F|100\/100\n|switch|p2b: Heatran|Heatran, F|100\/100\n|-fieldstart|move: Grassy Terrain|[from] ability: Grassy Surge|[of] p2a: Rillaboom\n|turn|1\n|\n|t:|1700254140\n|move|p2a: Rillaboom|Fake Out|p1b: Iron Hands\n|-damage|p1b: Iron Hands|91\/100\n|move|p1a: Glimmora|Earth Power|p2b: Heatran\n|-supereffective|p2b: Heatran\n|-damage|p2b: Heatran|8\/100\n|move|p2b: Heatran|Earth Power|p1a: Glimmora\n|-supereffective|p1a: Glimmora\n|-enditem|p1a: Glimmora|Focus Sash\n|-damage|p1a: Glimmora|1\/100\n|cant|p1b: Iron Hands|flinch\n|\n|-heal|p1a: Glimmora|7\/100|[from] Grassy Terrain\n|-heal|p2b: Heatran|14\/100|[from] Grassy Terrain\n|-heal|p2b: Heatran|20\/100|[from] item: Leftovers\n|-heal|p1b: Iron Hands|98\/100|[from] Grassy Terrain\n|upkeep\n|turn|2\n|n| cyril tbh giga fan|br4in\n|c|\u2606Cyril Tbh|oop\n|c| cyril tbh giga fan|cyril tbh giga fan\n|\n|t:|1700254159\n|move|p1a: Glimmora|Spiky Shield|p1a: Glimmora\n|-singleturn|p1a: Glimmora|move: Protect\n|move|p2b: Heatran|Protect|p2b: Heatran\n|-singleturn|p2b: Heatran|Protect\n|move|p2a: Rillaboom|U-turn|p1b: Iron Hands\n|-resisted|p1b: Iron Hands\n|-damage|p1b: Iron Hands|88\/100\n|c|\u2606Cyril Tbh|who even are you\n|j| PokeArt2004\u2764\n|\n|t:|1700254172\n|switch|p2a: Manaphy|Manaphy|100\/100|[from] U-turn\n|move|p1b: Iron Hands|Wild Charge|p2b: Heatran\n|-activate|p2b: Heatran|move: Protect\n|\n|-heal|p1a: Glimmora|13\/100|[from] Grassy Terrain\n|-heal|p2b: Heatran|27\/100|[from] Grassy Terrain\n|-heal|p2b: Heatran|33\/100|[from] item: Leftovers\n|-heal|p1b: Iron Hands|95\/100|[from] Grassy Terrain\n|upkeep\n|turn|3\n|c| cyril tbh giga fan|cyril tbh giga fan\n|c| PokeArt2004\u2764|Who won g1\n|c| Arcanine Numbers|cyril\n|c| cyril tbh giga fan|cyril tbh\n|c|\u2606Troutinspace|Cyril\n|c| PokeArt2004\u2764|Ah\n|\n|t:|1700254198\n|switch|p2b: Landorus|Landorus-Therian, M|100\/100\n|-ability|p2b: Landorus|Intimidate|boost\n|-unboost|p1a: Glimmora|atk|1\n|-unboost|p1b: Iron Hands|atk|1\n|move|p1a: Glimmora|Earth Power|p2b: Landorus\n|-immune|p2b: Landorus\n|move|p2a: Manaphy|Scald|p1a: Glimmora\n|-supereffective|p1a: Glimmora\n|-damage|p1a: Glimmora|0 fnt\n|faint|p1a: Glimmora\n|move|p1b: Iron Hands|Wild Charge|p2a: Manaphy\n|-supereffective|p2a: Manaphy\n|-damage|p2a: Manaphy|36\/100\n|-damage|p1b: Iron Hands|81\/100|[from] Recoil\n|\n|-heal|p2a: Manaphy|42\/100|[from] Grassy Terrain\n|-heal|p2a: Manaphy|48\/100|[from] item: Leftovers\n|-heal|p1b: Iron Hands|87\/100|[from] Grassy Terrain\n|upkeep\n|n| cyriltbhsupremefan|cyriltbhgigafan\n|c| cyriltbhsupremefan|cyriltbhsupremefan\n|\n|t:|1700254212\n|switch|p1a: Tornadus|Tornadus, M|100\/100\n|turn|4\n|\n|t:|1700254250\n|move|p2a: Manaphy|Protect|p2a: Manaphy\n|-singleturn|p2a: Manaphy|Protect\n|move|p2b: Landorus|Stomping Tantrum|p1b: Iron Hands\n|-supereffective|p1b: Iron Hands\n|-damage|p1b: Iron Hands|21\/100\n|move|p1a: Tornadus|Bleakwind Storm|p2b: Landorus|[spread] \n|-activate|p2a: Manaphy|move: Protect\n|-miss|p1a: Tornadus|p2b: Landorus\n|move|p1b: Iron Hands|Wild Charge|p2a: Manaphy\n|-activate|p2a: Manaphy|move: Protect\n|\n|-heal|p2a: Manaphy|54\/100|[from] Grassy Terrain\n|-heal|p2a: Manaphy|61\/100|[from] item: Leftovers\n|-heal|p1b: Iron Hands|28\/100|[from] Grassy Terrain\n|upkeep\n|turn|5\n|c|\u2606Cyril Tbh|mb\n|\n|t:|1700254295\n|move|p2b: Landorus|Stomping Tantrum|p1b: Iron Hands\n|-supereffective|p1b: Iron Hands\n|-crit|p1b: Iron Hands\n|-damage|p1b: Iron Hands|0 fnt\n|faint|p1b: Iron Hands\n|-end|p1b: Iron Hands|Quark Drive|[silent]\n|move|p1a: Tornadus|Bleakwind Storm|p2b: Landorus|[spread] p2a,p2b\n|-damage|p2a: Manaphy|32\/100\n|-damage|p2b: Landorus|52\/100\n|-unboost|p2a: Manaphy|spe|1\n|move|p2a: Manaphy|Scald|p1a: Tornadus\n|-damage|p1a: Tornadus|61\/100\n|\n|-heal|p2a: Manaphy|38\/100|[from] Grassy Terrain\n|-heal|p2a: Manaphy|44\/100|[from] item: Leftovers\n|-fieldend|move: Grassy Terrain\n|upkeep\n|\n|t:|1700254308\n|switch|p1b: Flutter Mane|Flutter Mane|100\/100\n|turn|6\n|\n|t:|1700254322\n|move|p2a: Manaphy|Protect|p2a: Manaphy\n|-singleturn|p2a: Manaphy|Protect\n|move|p1a: Tornadus|Sunny Day|p1a: Tornadus\n|-weather|SunnyDay\n|-activate|p1b: Flutter Mane|ability: Protosynthesis\n|-start|p1b: Flutter Mane|protosynthesisspe\n|move|p1b: Flutter Mane|Shadow Ball|p2b: Landorus\n|-damage|p2b: Landorus|0 fnt\n|faint|p2b: Landorus\n|\n|-weather|SunnyDay|[upkeep]\n|-heal|p2a: Manaphy|50\/100|[from] item: Leftovers\n|upkeep\n|n| Cyril Tbh 2|cyriltbhsupremefan\n|\n|t:|1700254333\n|switch|p2b: Rillaboom|Rillaboom, F|100\/100\n|-fieldstart|move: Grassy Terrain|[from] ability: Grassy Surge|[of] p2b: Rillaboom\n|turn|7\n|\n|t:|1700254345\n|-terastallize|p2a: Manaphy|Poison\n|move|p2b: Rillaboom|Fake Out|p1a: Tornadus\n|-damage|p1a: Tornadus|41\/100\n|move|p1b: Flutter Mane|Shadow Ball|p2b: Rillaboom\n|-damage|p2b: Rillaboom|59\/100\n|move|p1a: Tornadus|Bleakwind Storm|p2b: Rillaboom|[spread] p2a,p2b\n|-crit|p2a: Manaphy\n|-supereffective|p2b: Rillaboom\n|-damage|p2a: Manaphy|7\/100\n|-damage|p2b: Rillaboom|9\/100\n|-unboost|p2b: Rillaboom|spe|1\n|move|p2a: Manaphy|Tera Blast|p1b: Flutter Mane|[anim] Tera Blast Poison\n|-damage|p1b: Flutter Mane|76\/100\n|\n|-weather|SunnyDay|[upkeep]\n|-heal|p1b: Flutter Mane|82\/100|[from] Grassy Terrain\n|-heal|p2a: Manaphy|13\/100|[from] Grassy Terrain\n|-heal|p2a: Manaphy|19\/100|[from] item: Leftovers\n|-heal|p2b: Rillaboom|15\/100|[from] Grassy Terrain\n|upkeep\n|turn|8\n|n| br4in tbh|cyriltbh2\n|c| br4in tbh|br4in tbh\n|c|\u2606Cyril Tbh|I forgot my type chart\n|c|\u2606Cyril Tbh|mb\n|\n|t:|1700254369\n|move|p2a: Manaphy|Protect|p2a: Manaphy\n|-singleturn|p2a: Manaphy|Protect\n|move|p2b: Rillaboom|Grassy Glide|p1b: Flutter Mane\n|-damage|p1b: Flutter Mane|26\/100\n|move|p1b: Flutter Mane|Shadow Ball|p2b: Rillaboom\n|-damage|p2b: Rillaboom|0 fnt\n|faint|p2b: Rillaboom\n|move|p1a: Tornadus|Bleakwind Storm|p2a: Manaphy\n|-activate|p2a: Manaphy|move: Protect\n|\n|-weather|SunnyDay|[upkeep]\n|-heal|p1b: Flutter Mane|32\/100|[from] Grassy Terrain\n|-heal|p2a: Manaphy|25\/100|[from] Grassy Terrain\n|-heal|p2a: Manaphy|31\/100|[from] item: Leftovers\n|upkeep\n|\n|t:|1700254383\n|switch|p2b: Grimmsnarl|Grimmsnarl, M|100\/100\n|turn|9\n|\n|t:|1700254392\n|move|p2b: Grimmsnarl|Light Screen|p2b: Grimmsnarl\n|-sidestart|p2: Cyril Tbh|move: Light Screen\n|move|p1b: Flutter Mane|Shadow Ball|p2a: Manaphy\n|-damage|p2a: Manaphy|5\/100\n|move|p1a: Tornadus|Bleakwind Storm|p2a: Manaphy|[spread] \n|-miss|p1a: Tornadus|p2a: Manaphy\n|-miss|p1a: Tornadus|p2b: Grimmsnarl\n|move|p2a: Manaphy|Tera Blast|p1b: Flutter Mane|[anim] Tera Blast Poison\n|-damage|p1b: Flutter Mane|7\/100\n|\n|-weather|SunnyDay|[upkeep]\n|-heal|p1b: Flutter Mane|13\/100|[from] Grassy Terrain\n|-heal|p2a: Manaphy|11\/100|[from] Grassy Terrain\n|-heal|p2a: Manaphy|17\/100|[from] item: Leftovers\n|upkeep\n|turn|10\n|\n|t:|1700254414\n|-end|p1b: Flutter Mane|Protosynthesis|[silent]\n|switch|p1b: Heatran|Heatran, M|100\/100\n|move|p2b: Grimmsnarl|Reflect|p2b: Grimmsnarl\n|-sidestart|p2: Cyril Tbh|Reflect\n|move|p1a: Tornadus|Bleakwind Storm|p2a: Manaphy|[spread] p2a,p2b\n|-damage|p2a: Manaphy|0 fnt\n|-damage|p2b: Grimmsnarl|79\/100\n|faint|p2a: Manaphy\n|\n|-weather|none\n|-heal|p2b: Grimmsnarl|85\/100|[from] Grassy Terrain\n|upkeep\n|\n|t:|1700254424\n|switch|p2a: Heatran|Heatran, F|33\/100\n|turn|11\n|\n|t:|1700254458\n|move|p1a: Tornadus|Tailwind|p1a: Tornadus\n|-sidestart|p1: Troutinspace|move: Tailwind\n|move|p2b: Grimmsnarl|Parting Shot|p1a: Tornadus\n|-unboost|p1a: Tornadus|atk|1\n|-unboost|p1a: Tornadus|spa|1\n|\n|t:|1700254461\n|switch|p2b: Roaring Moon|Roaring Moon|100\/100|[from] Parting Shot\n|-enditem|p2b: Roaring Moon|Booster Energy\n|-activate|p2b: Roaring Moon|ability: Protosynthesis|[fromitem]\n|-start|p2b: Roaring Moon|protosynthesisatk\n|move|p1b: Heatran|Earth Power|p2a: Heatran\n|-supereffective|p2a: Heatran\n|-damage|p2a: Heatran|0 fnt\n|faint|p2a: Heatran\n|\n|-fieldend|move: Grassy Terrain\n|upkeep\n|\n|t:|1700254463\n|switch|p2a: Grimmsnarl|Grimmsnarl, M|85\/100\n|turn|12\n|c|\u2606Cyril Tbh|ggs\n|c|\u2606Troutinspace|gg\n|\n|t:|1700254476\n|-terastallize|p1b: Heatran|Fairy\n|move|p2a: Grimmsnarl|Parting Shot|p1b: Heatran\n|-unboost|p1b: Heatran|atk|1\n|-unboost|p1b: Heatran|spa|1\n|move|p1a: Tornadus|Bleakwind Storm|p2b: Roaring Moon|[spread] p2a,p2b\n|-damage|p2a: Grimmsnarl|72\/100\n|-damage|p2b: Roaring Moon|87\/100\n|-unboost|p2a: Grimmsnarl|spe|1\n|move|p1b: Heatran|Tera Blast|p2b: Roaring Moon|[anim] Tera Blast Fairy\n|-supereffective|p2b: Roaring Moon\n|-damage|p2b: Roaring Moon|19\/100\n|move|p2b: Roaring Moon|Dragon Dance|p2b: Roaring Moon\n|-boost|p2b: Roaring Moon|atk|1\n|-boost|p2b: Roaring Moon|spe|1\n|\n|upkeep\n|turn|13\n|l| Arcanine Numbers\n|\n|t:|1700254491\n|move|p1a: Tornadus|Sunny Day|p1a: Tornadus\n|-weather|SunnyDay\n|move|p2b: Roaring Moon|Acrobatics|p1b: Heatran\n|-damage|p1b: Heatran|27\/100\n|move|p1b: Heatran|Tera Blast|p2b: Roaring Moon|[anim] Tera Blast Fairy\n|-supereffective|p2b: Roaring Moon\n|-damage|p2b: Roaring Moon|0 fnt\n|faint|p2b: Roaring Moon\n|-end|p2b: Roaring Moon|Protosynthesis|[silent]\n|move|p2a: Grimmsnarl|Spirit Break|p1a: Tornadus\n|-damage|p1a: Tornadus|0 fnt\n|faint|p1a: Tornadus\n|\n|-weather|SunnyDay|[upkeep]\n|upkeep\n|\n|t:|1700254497\n|switch|p1a: Flutter Mane|Flutter Mane|13\/100\n|-activate|p1a: Flutter Mane|ability: Protosynthesis\n|-start|p1a: Flutter Mane|protosynthesisspe\n|turn|14\n|\n|t:|1700254501\n|move|p1a: Flutter Mane|Moonblast|p2a: Grimmsnarl\n|-supereffective|p2a: Grimmsnarl\n|-damage|p2a: Grimmsnarl|0 fnt\n|faint|p2a: Grimmsnarl\n|\n|win|Troutinspace\n|c|\u2606Cyril Tbh|g3 it is\n|n| lost tbu|br4intbh\n|n| Trent Tbh|losttbu\n|l| Trent Tbh\n|l| SEROO\n|l|+micoy\n|l| PokeArt2004\u2764\n|l|\u2606Troutinspace\n|player|p2|Cyril Tbh|alec-anime\n|l| departs\n","uploadtime":1700254638,"views":54,"p1id":"troutinspace","p2id":"cyriltbh","formatid":"gen9doublesou","rating":0,"private":0,"password":""}