{"id":"gen9doublesou-1983974692","p1":"UwU_Kingz","p2":"Telimonster0608","format":"[Gen 9] Doubles OU","log":"|j|\u2606UwU_Kingz\n|j|\u2606Telimonster0608\n|t:|1699205832\n|gametype|doubles\n|player|p1|UwU_Kingz|169|\n|player|p2|Telimonster0608|acetrainerf|\n|teamsize|p1|6\n|teamsize|p2|6\n|gen|9\n|tier|[Gen 9] Doubles OU\n|rule|Species Clause: Limit one of each Pok\u00e9mon\n|rule|OHKO Clause: OHKO moves are banned\n|rule|Evasion Moves Clause: Evasion moves are banned\n|rule|Gravity Sleep Clause: The combination of sleep-inducing moves with imperfect accuracy and Gravity or Gigantamax Orbeetle are banned\n|rule|Endless Battle Clause: Forcing endless battles is banned\n|rule|HP Percentage Mod: HP is shown in percentages\n|clearpoke\n|poke|p1|Landorus, M|\n|poke|p1|Mesprit|\n|poke|p1|Hatterene, F|\n|poke|p1|Iron Hands|\n|poke|p1|Samurott-Hisui, M|\n|poke|p1|Arcanine-Hisui, M|\n|poke|p2|Slither Wing|\n|poke|p2|Klefki, F|\n|poke|p2|Salamence, F|\n|poke|p2|Sneasler, F|\n|poke|p2|Zapdos|\n|poke|p2|Milotic, M|\n|teampreview\n|j| Redzone92\n|j| Kevin Dickey12\n|\n|t:|1699205879\n|start\n|switch|p1a: Iron Hands|Iron Hands|100\/100\n|switch|p1b: Mesprit|Mesprit|100\/100\n|switch|p2a: Past Mothra\ud83e\udd8b|Slither Wing|100\/100\n|switch|p2b: Princess\ud83d\udc78|Milotic, M, shiny|100\/100\n|-enditem|p2a: Past Mothra\ud83e\udd8b|Booster Energy\n|-activate|p2a: Past Mothra\ud83e\udd8b|ability: Protosynthesis|[fromitem]\n|-start|p2a: Past Mothra\ud83e\udd8b|protosynthesisatk\n|turn|1\n|j| riastylis\n|j| GoDDanteX\n|\n|t:|1699205947\n|move|p2b: Princess\ud83d\udc78|Protect|p2b: Princess\ud83d\udc78\n|-singleturn|p2b: Princess\ud83d\udc78|Protect\n|move|p2a: Past Mothra\ud83e\udd8b|Earthquake|p1b: Mesprit|[spread] p1a\n|-activate|p2b: Princess\ud83d\udc78|move: Protect\n|-immune|p1b: Mesprit|[from] ability: Levitate\n|-supereffective|p1a: Iron Hands\n|-damage|p1a: Iron Hands|54\/100\n|move|p1b: Mesprit|Dazzling Gleam|p2a: Past Mothra\ud83e\udd8b|[spread] p2a\n|-activate|p2b: Princess\ud83d\udc78|move: Protect\n|-supereffective|p2a: Past Mothra\ud83e\udd8b\n|-damage|p2a: Past Mothra\ud83e\udd8b|55\/100\n|move|p1a: Iron Hands|Earthquake|p2a: Past Mothra\ud83e\udd8b|[spread] p2a\n|-activate|p2b: Princess\ud83d\udc78|move: Protect\n|-immune|p1b: Mesprit|[from] ability: Levitate\n|-resisted|p2a: Past Mothra\ud83e\udd8b\n|-damage|p2a: Past Mothra\ud83e\udd8b|36\/100\n|\n|-status|p2b: Princess\ud83d\udc78|brn|[from] item: Flame Orb\n|upkeep\n|turn|2\n|\n|t:|1699205988\n|move|p2a: Past Mothra\ud83e\udd8b|Leech Life|p1b: Mesprit\n|-supereffective|p1b: Mesprit\n|-damage|p1b: Mesprit|0 fnt\n|-heal|p2a: Past Mothra\ud83e\udd8b|94\/100|[from] drain|[of] p1b: Mesprit\n|faint|p1b: Mesprit\n|move|p2b: Princess\ud83d\udc78|Ice Beam|p1a: Iron Hands\n|-damage|p1a: Iron Hands|42\/100\n|move|p1a: Iron Hands|Earthquake|p2b: Princess\ud83d\udc78|[spread] p2a,p2b\n|-resisted|p2a: Past Mothra\ud83e\udd8b\n|-damage|p2a: Past Mothra\ud83e\udd8b|75\/100\n|-damage|p2b: Princess\ud83d\udc78|81\/100 brn\n|\n|-damage|p2b: Princess\ud83d\udc78|75\/100 brn|[from] brn\n|upkeep\n|\n|t:|1699206009\n|switch|p1b: Fluffy|Arcanine-Hisui, M, shiny|100\/100\n|turn|3\n|\n|t:|1699206023\n|move|p2b: Princess\ud83d\udc78|Protect|p2b: Princess\ud83d\udc78\n|-singleturn|p2b: Princess\ud83d\udc78|Protect\n|move|p1b: Fluffy|Flare Blitz|p2a: Past Mothra\ud83e\udd8b\n|-supereffective|p2a: Past Mothra\ud83e\udd8b\n|-damage|p2a: Past Mothra\ud83e\udd8b|0 fnt\n|faint|p2a: Past Mothra\ud83e\udd8b\n|-end|p2a: Past Mothra\ud83e\udd8b|Protosynthesis|[silent]\n|move|p1a: Iron Hands|Brick Break|p2b: Princess\ud83d\udc78\n|-activate|p2b: Princess\ud83d\udc78|move: Protect\n|\n|-damage|p2b: Princess\ud83d\udc78|69\/100 brn|[from] brn\n|upkeep\n|\n|t:|1699206047\n|switch|p2a: Wolverine\ud83d\udde1|Sneasler, F, shiny|100\/100\n|-item|p2a: Wolverine\ud83d\udde1|Air Balloon\n|turn|4\n|\n|t:|1699206064\n|move|p2a: Wolverine\ud83d\udde1|Fake Out|p1a: Iron Hands\n|-damage|p1a: Iron Hands|34\/100\n|-status|p1a: Iron Hands|psn|[from] ability: Poison Touch|[of] p2a: Wolverine\ud83d\udde1\n|move|p1b: Fluffy|Wild Charge|p2b: Princess\ud83d\udc78\n|-supereffective|p2b: Princess\ud83d\udc78\n|-damage|p2b: Princess\ud83d\udc78|27\/100 brn\n|move|p2b: Princess\ud83d\udc78|Scald|p1b: Fluffy\n|-supereffective|p1b: Fluffy\n|-damage|p1b: Fluffy|0 fnt\n|faint|p1b: Fluffy\n|cant|p1a: Iron Hands|flinch\n|\n|-damage|p1a: Iron Hands|21\/100 psn|[from] psn\n|-damage|p2b: Princess\ud83d\udc78|21\/100 brn|[from] brn\n|upkeep\n|\n|t:|1699206084\n|switch|p1b: Landorus|Landorus, M|100\/100\n|turn|5\n|\n|t:|1699206127\n|-terastallize|p1b: Landorus|Ice\n|move|p2a: Wolverine\ud83d\udde1|Dire Claw|p1a: Iron Hands\n|-damage|p1a: Iron Hands|0 fnt\n|faint|p1a: Iron Hands\n|-end|p1a: Iron Hands|Quark Drive|[silent]\n|move|p1b: Landorus|Earth Power|p2b: Princess\ud83d\udc78\n|-damage|p2b: Princess\ud83d\udc78|0 fnt\n|faint|p2b: Princess\ud83d\udc78\n|\n|upkeep\n|\n|t:|1699206147\n|switch|p2b: All-Might\ud83e\uddb8\u200d\u2642\ufe0f|Salamence, F|100\/100\n|switch|p1a: Samurott|Samurott-Hisui, M, shiny|100\/100\n|turn|6\n|\n|t:|1699206168\n|-terastallize|p2b: All-Might\ud83e\uddb8\u200d\u2642\ufe0f|Steel\n|move|p2a: Wolverine\ud83d\udde1|Fire Punch|p1b: Landorus\n|-supereffective|p1b: Landorus\n|-damage|p1b: Landorus|34\/100\n|move|p2b: All-Might\ud83e\uddb8\u200d\u2642\ufe0f|Dragon Dance|p2b: All-Might\ud83e\uddb8\u200d\u2642\ufe0f\n|-boost|p2b: All-Might\ud83e\uddb8\u200d\u2642\ufe0f|atk|1\n|-boost|p2b: All-Might\ud83e\uddb8\u200d\u2642\ufe0f|spe|1\n|move|p1b: Landorus|Tera Blast|p2b: All-Might\ud83e\uddb8\u200d\u2642\ufe0f|[anim] Tera Blast Ice\n|-resisted|p2b: All-Might\ud83e\uddb8\u200d\u2642\ufe0f\n|-damage|p2b: All-Might\ud83e\uddb8\u200d\u2642\ufe0f|66\/100\n|-damage|p1b: Landorus|24\/100|[from] item: Life Orb\n|move|p1a: Samurott|Ceaseless Edge|p2a: Wolverine\ud83d\udde1\n|-resisted|p2a: Wolverine\ud83d\udde1\n|-damage|p2a: Wolverine\ud83d\udde1|55\/100\n|-enditem|p2a: Wolverine\ud83d\udde1|Air Balloon\n|-sidestart|p2: Telimonster0608|Spikes\n|\n|upkeep\n|turn|7\n|\n|t:|1699206212\n|move|p2b: All-Might\ud83e\uddb8\u200d\u2642\ufe0f|Iron Head|p1a: Samurott\n|-resisted|p1a: Samurott\n|-damage|p1a: Samurott|57\/100\n|move|p2a: Wolverine\ud83d\udde1|Fire Punch|p1b: Landorus\n|-supereffective|p1b: Landorus\n|-damage|p1b: Landorus|0 fnt\n|faint|p1b: Landorus\n|move|p1a: Samurott|Aqua Cutter|p2a: Wolverine\ud83d\udde1\n|-damage|p2a: Wolverine\ud83d\udde1|0 fnt\n|faint|p2a: Wolverine\ud83d\udde1\n|\n|upkeep\n|\n|t:|1699206226\n|switch|p2a: Lightning Storm\u26c8\ufe0f|Zapdos, shiny|100\/100\n|switch|p1b: Hatterene|Hatterene, F|100\/100\n|turn|8\n|\n|t:|1699206253\n|move|p2b: All-Might\ud83e\uddb8\u200d\u2642\ufe0f|Shadow Claw|p1b: Hatterene\n|-supereffective|p1b: Hatterene\n|-damage|p1b: Hatterene|18\/100\n|move|p1a: Samurott|Ceaseless Edge|p2a: Lightning Storm\u26c8\ufe0f\n|-damage|p2a: Lightning Storm\u26c8\ufe0f|64\/100\n|-damage|p1a: Samurott|40\/100|[from] item: Rocky Helmet|[of] p2a: Lightning Storm\u26c8\ufe0f\n|-sidestart|p2: Telimonster0608|Spikes\n|move|p2a: Lightning Storm\u26c8\ufe0f|Thunderbolt|p1a: Samurott\n|-supereffective|p1a: Samurott\n|-damage|p1a: Samurott|0 fnt\n|faint|p1a: Samurott\n|move|p1b: Hatterene|Mystical Fire|p2b: All-Might\ud83e\uddb8\u200d\u2642\ufe0f\n|-supereffective|p2b: All-Might\ud83e\uddb8\u200d\u2642\ufe0f\n|-damage|p2b: All-Might\ud83e\uddb8\u200d\u2642\ufe0f|0 fnt\n|faint|p2b: All-Might\ud83e\uddb8\u200d\u2642\ufe0f\n|\n|-heal|p1b: Hatterene|24\/100|[from] item: Leftovers\n|upkeep\n|\n|t:|1699206269\n|switch|p2b: Success\ud83e\ude99|Klefki, F, shiny|100\/100\n|-damage|p2b: Success\ud83e\ude99|84\/100|[from] Spikes\n|turn|9\n|\n|t:|1699206295\n|move|p2b: Success\ud83e\ude99|Light Screen|p2b: Success\ud83e\ude99\n|-sidestart|p2: Telimonster0608|move: Light Screen\n|move|p2a: Lightning Storm\u26c8\ufe0f|Thunderbolt|p1b: Hatterene\n|-damage|p1b: Hatterene|0 fnt\n|faint|p1b: Hatterene\n|\n|win|Telimonster0608\n|l| GoDDanteX\n","uploadtime":1699206306,"views":8,"p1id":"uwukingz","p2id":"telimonster0608","formatid":"gen9doublesou","rating":0,"private":0,"password":""}