{"id":"gen9doublesou-1995687232","p1":"selufer87","p2":"LordSandaime","format":"[Gen 9] Doubles OU","log":"|j|\u2606selufer87\n|j|\u2606LordSandaime\n|t:|1700593983\n|gametype|doubles\n|player|p1|selufer87|265|1598\n|player|p2|LordSandaime|alder|1545\n|teamsize|p1|6\n|teamsize|p2|6\n|gen|9\n|tier|[Gen 9] Doubles OU\n|rated|\n|rule|Species Clause: Limit one of each Pok\u00e9mon\n|rule|OHKO Clause: OHKO moves are banned\n|rule|Evasion Moves Clause: Evasion moves are banned\n|rule|Gravity Sleep Clause: The combination of sleep-inducing moves with imperfect accuracy and Gravity or Gigantamax Orbeetle are banned\n|rule|Endless Battle Clause: Forcing endless battles is banned\n|rule|HP Percentage Mod: HP is shown in percentages\n|clearpoke\n|poke|p1|Tyranitar, M|\n|poke|p1|Kommo-o, M|\n|poke|p1|Arcanine-Hisui, F|\n|poke|p1|Cresselia, F|\n|poke|p1|Toxapex, F|\n|poke|p1|Scizor, F|\n|poke|p2|Tyranitar, M|\n|poke|p2|Sneasler, M|\n|poke|p2|Gholdengo|\n|poke|p2|Volcarona, M|\n|poke|p2|Farigiraf, M|\n|poke|p2|Azumarill, M|\n|teampreview\n|inactive|Battle timer is ON: inactive players will automatically lose when time's up. (requested by LordSandaime)\n|\n|t:|1700594007\n|start\n|switch|p1a: Kommo-o|Kommo-o, M|100\/100\n|switch|p1b: Toxapex|Toxapex, F|100\/100\n|switch|p2a: Gholdengo|Gholdengo|100\/100\n|switch|p2b: Sneasler|Sneasler, M|100\/100\n|turn|1\n|\n|t:|1700594019\n|move|p2b: Sneasler|Fake Out|p1b: Toxapex\n|-damage|p1b: Toxapex|91\/100\n|cant|p1b: Toxapex|flinch\n|move|p2a: Gholdengo|Trick|p1a: Kommo-o\n|-activate|p2a: Gholdengo|move: Trick|[of] p1a: Kommo-o\n|-item|p1a: Kommo-o|Choice Scarf|[from] move: Trick\n|-item|p2a: Gholdengo|Sitrus Berry|[from] move: Trick\n|move|p1a: Kommo-o|Clangorous Soul|p1a: Kommo-o\n|-boost|p1a: Kommo-o|atk|1\n|-boost|p1a: Kommo-o|def|1\n|-boost|p1a: Kommo-o|spa|1\n|-boost|p1a: Kommo-o|spd|1\n|-boost|p1a: Kommo-o|spe|1\n|-damage|p1a: Kommo-o|68\/100\n|\n|-heal|p1b: Toxapex|98\/100|[from] item: Black Sludge\n|upkeep\n|turn|2\n|\n|t:|1700594045\n|move|p1a: Kommo-o|Clangorous Soul|p1a: Kommo-o\n|-boost|p1a: Kommo-o|atk|1\n|-boost|p1a: Kommo-o|def|1\n|-boost|p1a: Kommo-o|spa|1\n|-boost|p1a: Kommo-o|spd|1\n|-boost|p1a: Kommo-o|spe|1\n|-damage|p1a: Kommo-o|35\/100\n|move|p2b: Sneasler|Dire Claw|p1a: Kommo-o\n|-damage|p1a: Kommo-o|17\/100\n|-status|p1a: Kommo-o|slp\n|move|p2a: Gholdengo|Thunderbolt|p1b: Toxapex\n|-supereffective|p1b: Toxapex\n|-damage|p1b: Toxapex|44\/100\n|move|p1b: Toxapex|Infestation|p2a: Gholdengo\n|-resisted|p2a: Gholdengo\n|-damage|p2a: Gholdengo|99\/100\n|-activate|p2a: Gholdengo|move: Infestation|[of] p1b: Toxapex\n|\n|-heal|p1b: Toxapex|50\/100|[from] item: Black Sludge\n|-damage|p2a: Gholdengo|87\/100|[from] move: Infestation|[partiallytrapped]\n|upkeep\n|turn|3\n|\n|t:|1700594066\n|move|p1b: Toxapex|Baneful Bunker|p1b: Toxapex\n|-singleturn|p1b: Toxapex|move: Protect\n|cant|p1a: Kommo-o|slp\n|move|p2b: Sneasler|Dire Claw|p1b: Toxapex\n|-activate|p1b: Toxapex|move: Protect\n|move|p2a: Gholdengo|Thunderbolt|p1b: Toxapex\n|-activate|p1b: Toxapex|move: Protect\n|\n|-heal|p1b: Toxapex|56\/100|[from] item: Black Sludge\n|-damage|p2a: Gholdengo|75\/100|[from] move: Infestation|[partiallytrapped]\n|upkeep\n|turn|4\n|inactive|selufer87 has 120 seconds left.\n|\n|t:|1700594098\n|switch|p1a: Tyranitar|Tyranitar, M|100\/100\n|-weather|Sandstorm|[from] ability: Sand Stream|[of] p1a: Tyranitar\n|switch|p1b: Arcanine|Arcanine-Hisui, F|100\/100\n|-ability|p1b: Arcanine|Intimidate|boost\n|-unboost|p2a: Gholdengo|atk|1\n|-unboost|p2b: Sneasler|atk|1\n|-enditem|p2b: Sneasler|White Herb\n|-clearnegativeboost|p2b: Sneasler|[silent]\n|move|p2b: Sneasler|Close Combat|p1b: Arcanine\n|-supereffective|p1b: Arcanine\n|-damage|p1b: Arcanine|0 fnt\n|-unboost|p2b: Sneasler|def|1\n|-unboost|p2b: Sneasler|spd|1\n|faint|p1b: Arcanine\n|move|p2a: Gholdengo|Thunderbolt|p1a: Tyranitar\n|-damage|p1a: Tyranitar|92\/100\n|\n|-weather|Sandstorm|[upkeep]\n|-damage|p2b: Sneasler|95\/100|[from] Sandstorm\n|-end|p2a: Gholdengo|Infestation|[partiallytrapped]|[silent]\n|upkeep\n|inactive|selufer87 has 120 seconds left.\n|\n|t:|1700594127\n|switch|p1b: Scizor|Scizor, F|100\/100\n|turn|5\n|inactive|selufer87 has 120 seconds left.\n|\n|t:|1700594136\n|switch|p2a: Volcarona|Volcarona, M|100\/100\n|move|p1b: Scizor|Bullet Punch|p2b: Sneasler\n|-damage|p2b: Sneasler|0 fnt\n|faint|p2b: Sneasler\n|-damage|p1b: Scizor|91\/100|[from] item: Life Orb\n|move|p1a: Tyranitar|Knock Off|p2a: Volcarona\n|-damage|p2a: Volcarona|36\/100\n|-status|p1a: Tyranitar|brn|[from] ability: Flame Body|[of] p2a: Volcarona\n|-enditem|p2a: Volcarona|Heavy-Duty Boots|[from] move: Knock Off|[of] p1a: Tyranitar\n|\n|-weather|Sandstorm|[upkeep]\n|-damage|p2a: Volcarona|29\/100|[from] Sandstorm\n|-damage|p1a: Tyranitar|86\/100 brn|[from] brn\n|upkeep\n|\n|t:|1700594150\n|switch|p2b: Tyranitar|Tyranitar, M|100\/100\n|turn|6\n|\n|t:|1700594162\n|switch|p2a: Farigiraf|Farigiraf, M|100\/100\n|switch|p1b: Toxapex|Toxapex, F|89\/100\n|move|p2b: Tyranitar|Knock Off|p1b: Toxapex\n|-damage|p1b: Toxapex|53\/100\n|-enditem|p1b: Toxapex|Black Sludge|[from] move: Knock Off|[of] p2b: Tyranitar\n|move|p1a: Tyranitar|Low Kick|p2b: Tyranitar\n|-supereffective|p2b: Tyranitar\n|-damage|p2b: Tyranitar|40\/100\n|\n|-weather|Sandstorm|[upkeep]\n|-damage|p2a: Farigiraf|94\/100|[from] Sandstorm\n|-damage|p1b: Toxapex|47\/100|[from] Sandstorm\n|-damage|p1a: Tyranitar|80\/100 brn|[from] brn\n|upkeep\n|turn|7\n|\n|t:|1700594183\n|switch|p2b: Gholdengo|Gholdengo|75\/100\n|switch|p1b: Scizor|Scizor, F|91\/100\n|move|p1a: Tyranitar|Knock Off|p2a: Farigiraf\n|-supereffective|p2a: Farigiraf\n|-damage|p2a: Farigiraf|53\/100\n|-enditem|p2a: Farigiraf|Aguav Berry|[from] move: Knock Off|[of] p1a: Tyranitar\n|move|p2a: Farigiraf|Psychic|p1b: Scizor\n|-resisted|p1b: Scizor\n|-crit|p1b: Scizor\n|-damage|p1b: Scizor|38\/100\n|\n|-weather|Sandstorm|[upkeep]\n|-damage|p2a: Farigiraf|46\/100|[from] Sandstorm\n|-damage|p1a: Tyranitar|74\/100 brn|[from] brn\n|upkeep\n|turn|8\n|\n|t:|1700594207\n|switch|p1b: Kommo-o|Kommo-o, M|17\/100 slp\n|-terastallize|p2b: Gholdengo|Steel\n|move|p2b: Gholdengo|Make It Rain|p1a: Tyranitar|[spread] p1a,p1b\n|-supereffective|p1a: Tyranitar\n|-damage|p1a: Tyranitar|38\/100 brn\n|-damage|p1b: Kommo-o|0 fnt\n|-unboost|p2b: Gholdengo|spa|1\n|faint|p1b: Kommo-o\n|move|p1a: Tyranitar|Knock Off|p2b: Gholdengo\n|-damage|p2b: Gholdengo|52\/100\n|-enditem|p2b: Gholdengo|Sitrus Berry|[from] move: Knock Off|[of] p1a: Tyranitar\n|move|p2a: Farigiraf|Psychic|p1a: Tyranitar\n|-immune|p1a: Tyranitar\n|\n|-weather|none\n|-damage|p1a: Tyranitar|32\/100 brn|[from] brn\n|upkeep\n|inactive|selufer87 has 120 seconds left.\n|\n|t:|1700594238\n|switch|p1b: Cresselia|Cresselia, F|100\/100\n|turn|9\n|inactive|selufer87 has 120 seconds left.\n|\n|t:|1700594255\n|move|p2b: Gholdengo|Make It Rain|p1a: Tyranitar|[spread] p1a,p1b\n|-supereffective|p1a: Tyranitar\n|-damage|p1a: Tyranitar|0 fnt\n|-damage|p1b: Cresselia|80\/100\n|-unboost|p2b: Gholdengo|spa|1\n|faint|p1a: Tyranitar\n|move|p1b: Cresselia|Lunar Blessing|p1b: Cresselia\n|-heal|p1b: Cresselia|100\/100\n|move|p2a: Farigiraf|Imprison|p2a: Farigiraf\n|-start|p2a: Farigiraf|move: Imprison\n|\n|upkeep\n|\n|t:|1700594277\n|switch|p1a: Scizor|Scizor, F|38\/100\n|turn|10\n|inactive|selufer87 has 120 seconds left.\n|\n|t:|1700594304\n|move|p2b: Gholdengo|Shadow Ball|p1a: Scizor\n|-damage|p1a: Scizor|7\/100\n|move|p1a: Scizor|U-turn|p2a: Farigiraf\n|-supereffective|p2a: Farigiraf\n|-damage|p2a: Farigiraf|0 fnt\n|faint|p2a: Farigiraf\n|-damage|p1a: Scizor|0 fnt|[from] item: Life Orb\n|faint|p1a: Scizor\n|move|p1b: Cresselia|Lunar Blessing||[still]\n|-fail|p1b: Cresselia\n|\n|upkeep\n|inactive|selufer87 has 120 seconds left.\n|\n|t:|1700594318\n|switch|p1a: Toxapex|Toxapex, F|80\/100\n|switch|p2a: Tyranitar|Tyranitar, M|40\/100\n|-weather|Sandstorm|[from] ability: Sand Stream|[of] p2a: Tyranitar\n|turn|11\n|\n|t:|1700594332\n|switch|p2b: Azumarill|Azumarill, M|100\/100\n|move|p1b: Cresselia|Ally Switch|p1b: Cresselia\n|swap|p1b: Cresselia|0|[from] move: Ally Switch\n|move|p2a: Tyranitar|Knock Off|p1b: Toxapex\n|-damage|p1b: Toxapex|58\/100\n|move|p1b: Toxapex|Infestation|p2b: Azumarill\n|-resisted|p2b: Azumarill\n|-damage|p2b: Azumarill|99\/100\n|-activate|p2b: Azumarill|move: Infestation|[of] p1b: Toxapex\n|\n|-weather|Sandstorm|[upkeep]\n|-damage|p1a: Cresselia|94\/100|[from] Sandstorm\n|-damage|p2b: Azumarill|93\/100|[from] Sandstorm\n|-damage|p1b: Toxapex|52\/100|[from] Sandstorm\n|-heal|p1a: Cresselia|100\/100|[from] item: Leftovers\n|-damage|p2b: Azumarill|80\/100|[from] move: Infestation|[partiallytrapped]\n|upkeep\n|turn|12\n|inactive|selufer87 has 120 seconds left.\n|inactive|LordSandaime has 120 seconds left.\n|\n|t:|1700594364\n|move|p2a: Tyranitar|Knock Off|p1a: Cresselia\n|-supereffective|p1a: Cresselia\n|-damage|p1a: Cresselia|23\/100\n|-enditem|p1a: Cresselia|Leftovers|[from] move: Knock Off|[of] p2a: Tyranitar\n|move|p1a: Cresselia|Lunar Blessing|p1a: Cresselia|[spread] p1a,p1b\n|-heal|p1a: Cresselia|48\/100\n|-heal|p1b: Toxapex|77\/100\n|move|p2b: Azumarill|Belly Drum|p2b: Azumarill\n|-damage|p2b: Azumarill|30\/100\n|-setboost|p2b: Azumarill|atk|6|[from] move: Belly Drum\n|-enditem|p2b: Azumarill|Sitrus Berry|[eat]\n|-heal|p2b: Azumarill|55\/100|[from] item: Sitrus Berry\n|move|p1b: Toxapex|Infestation|p2a: Tyranitar\n|-supereffective|p2a: Tyranitar\n|-damage|p2a: Tyranitar|37\/100\n|-activate|p2a: Tyranitar|move: Infestation|[of] p1b: Toxapex\n|\n|-weather|Sandstorm|[upkeep]\n|-damage|p1a: Cresselia|42\/100|[from] Sandstorm\n|-damage|p2b: Azumarill|49\/100|[from] Sandstorm\n|-damage|p1b: Toxapex|71\/100|[from] Sandstorm\n|-damage|p2a: Tyranitar|24\/100|[from] move: Infestation|[partiallytrapped]\n|-damage|p2b: Azumarill|37\/100|[from] move: Infestation|[partiallytrapped]\n|upkeep\n|turn|13\n|\n|t:|1700594387\n|move|p1a: Cresselia|Ally Switch|p1a: Cresselia\n|swap|p1a: Cresselia|1|[from] move: Ally Switch\n|move|p2b: Azumarill|Aqua Jet|p1a: Toxapex\n|-resisted|p1a: Toxapex\n|-damage|p1a: Toxapex|43\/100\n|move|p2a: Tyranitar|Rock Slide|p1a: Toxapex|[spread] p1a\n|-miss|p2a: Tyranitar|p1b: Cresselia\n|-damage|p1a: Toxapex|21\/100\n|move|p1a: Toxapex|Haze|p1a: Toxapex\n|-clearallboost\n|\n|-weather|Sandstorm|[upkeep]\n|-damage|p1b: Cresselia|36\/100|[from] Sandstorm\n|-damage|p2b: Azumarill|30\/100|[from] Sandstorm\n|-damage|p1a: Toxapex|15\/100|[from] Sandstorm\n|-damage|p2a: Tyranitar|12\/100|[from] move: Infestation|[partiallytrapped]\n|-damage|p2b: Azumarill|18\/100|[from] move: Infestation|[partiallytrapped]\n|upkeep\n|turn|14\n|\n|t:|1700594414\n|move|p1a: Toxapex|Baneful Bunker|p1a: Toxapex\n|-singleturn|p1a: Toxapex|move: Protect\n|move|p2b: Azumarill|Aqua Jet|p1b: Cresselia\n|-damage|p1b: Cresselia|19\/100\n|move|p2a: Tyranitar|Rock Slide|p1b: Cresselia|[spread] \n|-activate|p1a: Toxapex|move: Protect\n|-miss|p2a: Tyranitar|p1b: Cresselia\n|move|p1b: Cresselia|Lunar Blessing|p1b: Cresselia|[spread] p1a,p1b\n|-heal|p1a: Toxapex|40\/100\n|-heal|p1b: Cresselia|44\/100\n|\n|-weather|Sandstorm|[upkeep]\n|-damage|p1b: Cresselia|38\/100|[from] Sandstorm\n|-damage|p2b: Azumarill|12\/100|[from] Sandstorm\n|-damage|p1a: Toxapex|34\/100|[from] Sandstorm\n|-damage|p2a: Tyranitar|0 fnt|[from] move: Infestation|[partiallytrapped]\n|faint|p2a: Tyranitar\n|-damage|p2b: Azumarill|0 fnt|[from] move: Infestation|[partiallytrapped]\n|faint|p2b: Azumarill\n|upkeep\n|\n|t:|1700594417\n|switch|p2a: Volcarona|Volcarona, M|29\/100\n|switch|p2b: Gholdengo|Gholdengo, tera:Steel|52\/100\n|turn|15\n|\n|t:|1700594446\n|move|p1a: Toxapex|Wide Guard|p1a: Toxapex\n|-singleturn|p1a: Toxapex|Wide Guard\n|move|p2a: Volcarona|Giga Drain|p1a: Toxapex\n|-damage|p1a: Toxapex|10\/100\n|-heal|p2a: Volcarona|41\/100|[from] drain|[of] p1a: Toxapex\n|move|p2b: Gholdengo|Make It Rain|p1b: Cresselia|[spread] \n|-activate|p1a: Toxapex|move: Wide Guard\n|-activate|p1b: Cresselia|move: Wide Guard\n|move|p1b: Cresselia|Lunar Blessing|p1b: Cresselia|[spread] p1a,p1b\n|-heal|p1a: Toxapex|35\/100\n|-heal|p1b: Cresselia|63\/100\n|\n|-weather|none\n|upkeep\n|turn|16\n|inactive|selufer87 has 120 seconds left.\n|\n|t:|1700594490\n|move|p1b: Cresselia|Ally Switch|p1b: Cresselia\n|swap|p1b: Cresselia|0|[from] move: Ally Switch\n|move|p2a: Volcarona|Fiery Dance|p1b: Toxapex\n|-resisted|p1b: Toxapex\n|-damage|p1b: Toxapex|16\/100\n|move|p2b: Gholdengo|Shadow Ball|p1b: Toxapex\n|-damage|p1b: Toxapex|0 fnt\n|faint|p1b: Toxapex\n|\n|upkeep\n|turn|17\n|inactive|selufer87 has 120 seconds left.\n|\n|t:|1700594506\n|move|p2a: Volcarona|Fiery Dance|p1a: Cresselia\n|-damage|p1a: Cresselia|44\/100\n|move|p2b: Gholdengo|Shadow Ball|p1a: Cresselia\n|-supereffective|p1a: Cresselia\n|-crit|p1a: Cresselia\n|-damage|p1a: Cresselia|0 fnt\n|faint|p1a: Cresselia\n|\n|win|LordSandaime\n|raw|selufer87's rating: 1598 &rarr; <strong>1575<\/strong><br \/>(-23 for losing)\n|raw|LordSandaime's rating: 1545 &rarr; <strong>1568<\/strong><br \/>(+23 for winning)\n|l|\u2606selufer87\n","uploadtime":1700594545,"views":12,"p1id":"selufer87","p2id":"lordsandaime","formatid":"gen9doublesou","rating":1568,"private":0,"password":""}