{"id":"gen9doublesou-1994144018","p1":"OPieceOfHeroGhost","p2":"sirazurill","format":"[Gen 9] Doubles OU","log":"|j|\u2606OPieceOfHeroGhost\n|j|\u2606sirazurill\n|t:|1700412031\n|gametype|doubles\n|player|p1|OPieceOfHeroGhost|morty|1516\n|player|p2|sirazurill|bugcatcher-gen4dp|1704\n|teamsize|p1|6\n|teamsize|p2|6\n|gen|9\n|tier|[Gen 9] Doubles OU\n|rated|\n|rule|Species Clause: Limit one of each Pok\u00e9mon\n|rule|OHKO Clause: OHKO moves are banned\n|rule|Evasion Moves Clause: Evasion moves are banned\n|rule|Gravity Sleep Clause: The combination of sleep-inducing moves with imperfect accuracy and Gravity or Gigantamax Orbeetle are banned\n|rule|Endless Battle Clause: Forcing endless battles is banned\n|rule|HP Percentage Mod: HP is shown in percentages\n|clearpoke\n|poke|p1|Heatran, M|\n|poke|p1|Rillaboom, M|\n|poke|p1|Flutter Mane|\n|poke|p1|Chien-Pao|\n|poke|p1|Iron Hands|\n|poke|p1|Landorus-Therian, M|\n|poke|p2|Kingambit, M|\n|poke|p2|Tornadus, M|\n|poke|p2|Flutter Mane|\n|poke|p2|Landorus-Therian, M|\n|poke|p2|Ogerpon-Wellspring, F|\n|poke|p2|Heatran, F|\n|teampreview\n|\n|t:|1700412072\n|start\n|switch|p1a: ku\ud83d\udcb0\u70ae|Chien-Pao|100\/100\n|switch|p1b: \u62cd\u6253\u7329|Rillaboom, M|100\/100\n|switch|p2a: Tornadus|Tornadus, M|100\/100\n|switch|p2b: Oregon-Wellspring|Ogerpon-Wellspring, F|100\/100\n|-ability|p1a: ku\ud83d\udcb0\u70ae|Sword of Ruin\n|-fieldstart|move: Grassy Terrain|[from] ability: Grassy Surge|[of] p1b: \u62cd\u6253\u7329\n|turn|1\n|\n|t:|1700412087\n|move|p2a: Tornadus|Protect|p2a: Tornadus\n|-singleturn|p2a: Tornadus|Protect\n|move|p2b: Oregon-Wellspring|Spiky Shield|p2b: Oregon-Wellspring\n|-singleturn|p2b: Oregon-Wellspring|move: Protect\n|move|p1b: \u62cd\u6253\u7329|Fake Out|p2b: Oregon-Wellspring\n|-activate|p2b: Oregon-Wellspring|move: Protect\n|-damage|p1b: \u62cd\u6253\u7329|88\/100|[from] Spiky Shield|[of] p2b: Oregon-Wellspring\n|move|p1a: ku\ud83d\udcb0\u70ae|Icicle Crash|p2b: Oregon-Wellspring\n|-activate|p2b: Oregon-Wellspring|move: Protect\n|\n|-heal|p1b: \u62cd\u6253\u7329|94\/100|[from] Grassy Terrain\n|upkeep\n|turn|2\n|\n|t:|1700412115\n|move|p1a: ku\ud83d\udcb0\u70ae|Protect|p1a: ku\ud83d\udcb0\u70ae\n|-singleturn|p1a: ku\ud83d\udcb0\u70ae|Protect\n|move|p2a: Tornadus|Tailwind|p2a: Tornadus\n|-sidestart|p2: sirazurill|move: Tailwind\n|move|p2b: Oregon-Wellspring|Ivy Cudgel|p1a: ku\ud83d\udcb0\u70ae|[anim] Ivy Cudgel Water\n|-activate|p1a: ku\ud83d\udcb0\u70ae|move: Protect\n|move|p1b: \u62cd\u6253\u7329|U-turn|p2b: Oregon-Wellspring\n|-supereffective|p2b: Oregon-Wellspring\n|-damage|p2b: Oregon-Wellspring|31\/100\n|\n|t:|1700412128\n|switch|p1b: \u4f60\u62cd\u4e94\uff0c\u6211\u62cd\u516d\uff0c\u51fb\u638c\u5947\u88ad\u754f\u4e2a\u7f29|Iron Hands|100\/100|[from] U-turn\n|\n|-heal|p2b: Oregon-Wellspring|37\/100|[from] Grassy Terrain\n|upkeep\n|turn|3\n|\n|t:|1700412143\n|switch|p1a: \u62cd\u6253\u7329|Rillaboom, M|94\/100\n|move|p2a: Tornadus|Protect|p2a: Tornadus\n|-singleturn|p2a: Tornadus|Protect\n|move|p2b: Oregon-Wellspring|Spiky Shield|p2b: Oregon-Wellspring\n|-singleturn|p2b: Oregon-Wellspring|move: Protect\n|move|p1b: \u4f60\u62cd\u4e94\uff0c\u6211\u62cd\u516d\uff0c\u51fb\u638c\u5947\u88ad\u754f\u4e2a\u7f29|Fake Out|p2b: Oregon-Wellspring\n|-activate|p2b: Oregon-Wellspring|move: Protect\n|-damage|p1b: \u4f60\u62cd\u4e94\uff0c\u6211\u62cd\u516d\uff0c\u51fb\u638c\u5947\u88ad\u754f\u4e2a\u7f29|88\/100|[from] Spiky Shield|[of] p2b: Oregon-Wellspring\n|\n|-heal|p2b: Oregon-Wellspring|43\/100|[from] Grassy Terrain\n|-heal|p1a: \u62cd\u6253\u7329|100\/100|[from] Grassy Terrain\n|-heal|p1b: \u4f60\u62cd\u4e94\uff0c\u6211\u62cd\u516d\uff0c\u51fb\u638c\u5947\u88ad\u754f\u4e2a\u7f29|94\/100|[from] Grassy Terrain\n|upkeep\n|turn|4\n|\n|t:|1700412177\n|switch|p2a: Landorus|Landorus-Therian, M|100\/100\n|-ability|p2a: Landorus|Intimidate|boost\n|-unboost|p1a: \u62cd\u6253\u7329|atk|1\n|-unboost|p1b: \u4f60\u62cd\u4e94\uff0c\u6211\u62cd\u516d\uff0c\u51fb\u638c\u5947\u88ad\u754f\u4e2a\u7f29|atk|1\n|move|p2b: Oregon-Wellspring|Wood Hammer|p1b: \u4f60\u62cd\u4e94\uff0c\u6211\u62cd\u516d\uff0c\u51fb\u638c\u5947\u88ad\u754f\u4e2a\u7f29\n|-damage|p1b: \u4f60\u62cd\u4e94\uff0c\u6211\u62cd\u516d\uff0c\u51fb\u638c\u5947\u88ad\u754f\u4e2a\u7f29|23\/100\n|-damage|p2b: Oregon-Wellspring|10\/100|[from] Recoil\n|move|p1a: \u62cd\u6253\u7329|U-turn|p2b: Oregon-Wellspring\n|-supereffective|p2b: Oregon-Wellspring\n|-damage|p2b: Oregon-Wellspring|0 fnt\n|faint|p2b: Oregon-Wellspring\n|\n|t:|1700412191\n|switch|p1a: ku\ud83d\udcb0\u70ae|Chien-Pao|100\/100|[from] U-turn\n|-ability|p1a: ku\ud83d\udcb0\u70ae|Sword of Ruin\n|move|p1b: \u4f60\u62cd\u4e94\uff0c\u6211\u62cd\u516d\uff0c\u51fb\u638c\u5947\u88ad\u754f\u4e2a\u7f29|Heavy Slam|p2a: Landorus\n|-damage|p2a: Landorus|57\/100\n|\n|-heal|p1b: \u4f60\u62cd\u4e94\uff0c\u6211\u62cd\u516d\uff0c\u51fb\u638c\u5947\u88ad\u754f\u4e2a\u7f29|29\/100|[from] Grassy Terrain\n|upkeep\n|\n|t:|1700412223\n|switch|p2b: Tornadus|Tornadus, M|100\/100\n|turn|5\n|\n|t:|1700412234\n|-end|p1b: \u4f60\u62cd\u4e94\uff0c\u6211\u62cd\u516d\uff0c\u51fb\u638c\u5947\u88ad\u754f\u4e2a\u7f29|Quark Drive|[silent]\n|switch|p1b: \u571f\u732b\u8e29\u6211|Landorus-Therian, M|100\/100\n|-ability|p1b: \u571f\u732b\u8e29\u6211|Intimidate|boost\n|-unboost|p2a: Landorus|atk|1\n|-unboost|p2b: Tornadus|atk|1\n|move|p1a: ku\ud83d\udcb0\u70ae|Protect|p1a: ku\ud83d\udcb0\u70ae\n|-singleturn|p1a: ku\ud83d\udcb0\u70ae|Protect\n|move|p2a: Landorus|Earthquake|p1a: ku\ud83d\udcb0\u70ae|[spread] \n|-activate|p1a: ku\ud83d\udcb0\u70ae|move: Protect\n|-immune|p2b: Tornadus\n|-immune|p1b: \u571f\u732b\u8e29\u6211\n|move|p2b: Tornadus|Bleakwind Storm|p1b: \u571f\u732b\u8e29\u6211|[spread] p1b\n|-activate|p1a: ku\ud83d\udcb0\u70ae|move: Protect\n|-damage|p1b: \u571f\u732b\u8e29\u6211|56\/100\n|-unboost|p1b: \u571f\u732b\u8e29\u6211|spe|1\n|\n|-sideend|p2: sirazurill|move: Tailwind\n|-fieldend|move: Grassy Terrain\n|upkeep\n|turn|6\n|\n|t:|1700412271\n|switch|p2a: Heatran|Heatran, F|100\/100\n|switch|p1b: \u62cd\u6253\u7329|Rillaboom, M|100\/100\n|-fieldstart|move: Grassy Terrain|[from] ability: Grassy Surge|[of] p1b: \u62cd\u6253\u7329\n|move|p2b: Tornadus|Protect|p2b: Tornadus\n|-singleturn|p2b: Tornadus|Protect\n|move|p1a: ku\ud83d\udcb0\u70ae|Icicle Crash|p2b: Tornadus\n|-activate|p2b: Tornadus|move: Protect\n|\n|upkeep\n|turn|7\n|\n|t:|1700412285\n|-terastallize|p2a: Heatran|Grass\n|move|p1a: ku\ud83d\udcb0\u70ae|Protect|p1a: ku\ud83d\udcb0\u70ae\n|-singleturn|p1a: ku\ud83d\udcb0\u70ae|Protect\n|move|p1b: \u62cd\u6253\u7329|Fake Out|p2a: Heatran\n|-damage|p2a: Heatran|84\/100\n|move|p2b: Tornadus|Tailwind|p2b: Tornadus\n|-sidestart|p2: sirazurill|move: Tailwind\n|cant|p2a: Heatran|flinch\n|\n|-heal|p2a: Heatran|90\/100|[from] Grassy Terrain\n|-heal|p2a: Heatran|96\/100|[from] item: Leftovers\n|upkeep\n|turn|8\n|\n|t:|1700412318\n|switch|p1a: \u989d\u554a\uff01\u8150\u8680\u80c6\u6c41\uff01|Heatran, M|100\/100\n|-terastallize|p1b: \u62cd\u6253\u7329|Fire\n|move|p2b: Tornadus|Bleakwind Storm|p1a: \u989d\u554a\uff01\u8150\u8680\u80c6\u6c41\uff01|[spread] p1a\n|-miss|p2b: Tornadus|p1b: \u62cd\u6253\u7329\n|-resisted|p1a: \u989d\u554a\uff01\u8150\u8680\u80c6\u6c41\uff01\n|-crit|p1a: \u989d\u554a\uff01\u8150\u8680\u80c6\u6c41\uff01\n|-damage|p1a: \u989d\u554a\uff01\u8150\u8680\u80c6\u6c41\uff01|76\/100\n|move|p2a: Heatran|Heat Wave|p1b: \u62cd\u6253\u7329|[spread] p1b\n|-start|p1a: \u989d\u554a\uff01\u8150\u8680\u80c6\u6c41\uff01|ability: Flash Fire\n|-resisted|p1b: \u62cd\u6253\u7329\n|-damage|p1b: \u62cd\u6253\u7329|80\/100\n|move|p1b: \u62cd\u6253\u7329|U-turn|p2a: Heatran\n|-supereffective|p2a: Heatran\n|-damage|p2a: Heatran|51\/100\n|\n|t:|1700412337\n|switch|p1b: \u4f60\u62cd\u4e94\uff0c\u6211\u62cd\u516d\uff0c\u51fb\u638c\u5947\u88ad\u754f\u4e2a\u7f29|Iron Hands|29\/100|[from] U-turn\n|\n|-heal|p2a: Heatran|57\/100|[from] Grassy Terrain\n|-heal|p2a: Heatran|63\/100|[from] item: Leftovers\n|-heal|p1a: \u989d\u554a\uff01\u8150\u8680\u80c6\u6c41\uff01|83\/100|[from] Grassy Terrain\n|-heal|p1a: \u989d\u554a\uff01\u8150\u8680\u80c6\u6c41\uff01|89\/100|[from] item: Leftovers\n|-heal|p1b: \u4f60\u62cd\u4e94\uff0c\u6211\u62cd\u516d\uff0c\u51fb\u638c\u5947\u88ad\u754f\u4e2a\u7f29|35\/100|[from] Grassy Terrain\n|upkeep\n|turn|9\n|\n|t:|1700412364\n|-end|p1b: \u4f60\u62cd\u4e94\uff0c\u6211\u62cd\u516d\uff0c\u51fb\u638c\u5947\u88ad\u754f\u4e2a\u7f29|Quark Drive|[silent]\n|switch|p1b: \u62cd\u6253\u7329|Rillaboom, M, tera:Fire|80\/100\n|move|p2b: Tornadus|Protect|p2b: Tornadus\n|-singleturn|p2b: Tornadus|Protect\n|move|p2a: Heatran|Protect|p2a: Heatran\n|-singleturn|p2a: Heatran|Protect\n|move|p1a: \u989d\u554a\uff01\u8150\u8680\u80c6\u6c41\uff01|Heat Wave|p2a: Heatran|[spread] \n|-activate|p2a: Heatran|move: Protect\n|-activate|p2b: Tornadus|move: Protect\n|\n|-heal|p2a: Heatran|70\/100|[from] Grassy Terrain\n|-heal|p2a: Heatran|76\/100|[from] item: Leftovers\n|-heal|p1b: \u62cd\u6253\u7329|86\/100|[from] Grassy Terrain\n|-heal|p1a: \u989d\u554a\uff01\u8150\u8680\u80c6\u6c41\uff01|95\/100|[from] Grassy Terrain\n|-heal|p1a: \u989d\u554a\uff01\u8150\u8680\u80c6\u6c41\uff01|100\/100|[from] item: Leftovers\n|upkeep\n|turn|10\n|\n|t:|1700412389\n|move|p1b: \u62cd\u6253\u7329|Fake Out|p2a: Heatran\n|-damage|p2a: Heatran|62\/100\n|move|p2b: Tornadus|Bleakwind Storm|p1a: \u989d\u554a\uff01\u8150\u8680\u80c6\u6c41\uff01|[spread] p1a\n|-miss|p2b: Tornadus|p1b: \u62cd\u6253\u7329\n|-resisted|p1a: \u989d\u554a\uff01\u8150\u8680\u80c6\u6c41\uff01\n|-damage|p1a: \u989d\u554a\uff01\u8150\u8680\u80c6\u6c41\uff01|85\/100\n|cant|p2a: Heatran|flinch\n|move|p1a: \u989d\u554a\uff01\u8150\u8680\u80c6\u6c41\uff01|Tera Blast|p2a: Heatran\n|-damage|p2a: Heatran|37\/100\n|\n|-heal|p2a: Heatran|43\/100|[from] Grassy Terrain\n|-heal|p2a: Heatran|49\/100|[from] item: Leftovers\n|-heal|p1b: \u62cd\u6253\u7329|92\/100|[from] Grassy Terrain\n|-heal|p1a: \u989d\u554a\uff01\u8150\u8680\u80c6\u6c41\uff01|91\/100|[from] Grassy Terrain\n|-heal|p1a: \u989d\u554a\uff01\u8150\u8680\u80c6\u6c41\uff01|98\/100|[from] item: Leftovers\n|-sideend|p2: sirazurill|move: Tailwind\n|-fieldend|move: Grassy Terrain\n|upkeep\n|turn|11\n|\n|t:|1700412423\n|move|p1a: \u989d\u554a\uff01\u8150\u8680\u80c6\u6c41\uff01|Protect|p1a: \u989d\u554a\uff01\u8150\u8680\u80c6\u6c41\uff01\n|-singleturn|p1a: \u989d\u554a\uff01\u8150\u8680\u80c6\u6c41\uff01|Protect\n|move|p2b: Tornadus|Tailwind|p2b: Tornadus\n|-sidestart|p2: sirazurill|move: Tailwind\n|move|p2a: Heatran|Earth Power|p1b: \u62cd\u6253\u7329\n|-supereffective|p1b: \u62cd\u6253\u7329\n|-damage|p1b: \u62cd\u6253\u7329|21\/100\n|move|p1b: \u62cd\u6253\u7329|U-turn|p2a: Heatran\n|-supereffective|p2a: Heatran\n|-damage|p2a: Heatran|5\/100\n|\n|t:|1700412435\n|switch|p1b: \u4f60\u62cd\u4e94\uff0c\u6211\u62cd\u516d\uff0c\u51fb\u638c\u5947\u88ad\u754f\u4e2a\u7f29|Iron Hands|35\/100|[from] U-turn\n|\n|-heal|p2a: Heatran|11\/100|[from] item: Leftovers\n|-heal|p1a: \u989d\u554a\uff01\u8150\u8680\u80c6\u6c41\uff01|100\/100|[from] item: Leftovers\n|upkeep\n|turn|12\n|\n|t:|1700412453\n|move|p2a: Heatran|Protect|p2a: Heatran\n|-singleturn|p2a: Heatran|Protect\n|move|p1b: \u4f60\u62cd\u4e94\uff0c\u6211\u62cd\u516d\uff0c\u51fb\u638c\u5947\u88ad\u754f\u4e2a\u7f29|Fake Out|p2a: Heatran\n|-activate|p2a: Heatran|move: Protect\n|move|p2b: Tornadus|Bleakwind Storm|p1b: \u4f60\u62cd\u4e94\uff0c\u6211\u62cd\u516d\uff0c\u51fb\u638c\u5947\u88ad\u754f\u4e2a\u7f29|[spread] p1a,p1b\n|-resisted|p1a: \u989d\u554a\uff01\u8150\u8680\u80c6\u6c41\uff01\n|-damage|p1a: \u989d\u554a\uff01\u8150\u8680\u80c6\u6c41\uff01|85\/100\n|-damage|p1b: \u4f60\u62cd\u4e94\uff0c\u6211\u62cd\u516d\uff0c\u51fb\u638c\u5947\u88ad\u754f\u4e2a\u7f29|17\/100\n|-unboost|p1b: \u4f60\u62cd\u4e94\uff0c\u6211\u62cd\u516d\uff0c\u51fb\u638c\u5947\u88ad\u754f\u4e2a\u7f29|spe|1\n|move|p1a: \u989d\u554a\uff01\u8150\u8680\u80c6\u6c41\uff01|Tera Blast|p2a: Heatran\n|-activate|p2a: Heatran|move: Protect\n|\n|-heal|p2a: Heatran|17\/100|[from] item: Leftovers\n|-heal|p1a: \u989d\u554a\uff01\u8150\u8680\u80c6\u6c41\uff01|91\/100|[from] item: Leftovers\n|upkeep\n|turn|13\n|\n|t:|1700412477\n|-end|p1a: \u989d\u554a\uff01\u8150\u8680\u80c6\u6c41\uff01|ability: Flash Fire|[silent]\n|switch|p1a: \u571f\u732b\u8e29\u6211|Landorus-Therian, M|56\/100\n|-ability|p1a: \u571f\u732b\u8e29\u6211|Intimidate|boost\n|-unboost|p2a: Heatran|atk|1\n|-unboost|p2b: Tornadus|atk|1\n|move|p2b: Tornadus|Bleakwind Storm|p1b: \u4f60\u62cd\u4e94\uff0c\u6211\u62cd\u516d\uff0c\u51fb\u638c\u5947\u88ad\u754f\u4e2a\u7f29|[spread] \n|-miss|p2b: Tornadus|p1a: \u571f\u732b\u8e29\u6211\n|-miss|p2b: Tornadus|p1b: \u4f60\u62cd\u4e94\uff0c\u6211\u62cd\u516d\uff0c\u51fb\u638c\u5947\u88ad\u754f\u4e2a\u7f29\n|move|p2a: Heatran|Earth Power|p1a: \u571f\u732b\u8e29\u6211\n|-immune|p1a: \u571f\u732b\u8e29\u6211\n|move|p1b: \u4f60\u62cd\u4e94\uff0c\u6211\u62cd\u516d\uff0c\u51fb\u638c\u5947\u88ad\u754f\u4e2a\u7f29|Drain Punch|p2a: Heatran\n|-damage|p2a: Heatran|0 fnt\n|-heal|p1b: \u4f60\u62cd\u4e94\uff0c\u6211\u62cd\u516d\uff0c\u51fb\u638c\u5947\u88ad\u754f\u4e2a\u7f29|22\/100|[from] drain|[of] p2a: Heatran\n|faint|p2a: Heatran\n|\n|upkeep\n|\n|t:|1700412493\n|switch|p2a: Flutter Mane|Flutter Mane|100\/100\n|turn|14\n|c|\u2606OPieceOfHeroGhost|that a bad luck\n|\n|t:|1700412515\n|move|p2a: Flutter Mane|Dazzling Gleam|p1a: \u571f\u732b\u8e29\u6211|[spread] p1a,p1b\n|-supereffective|p1b: \u4f60\u62cd\u4e94\uff0c\u6211\u62cd\u516d\uff0c\u51fb\u638c\u5947\u88ad\u754f\u4e2a\u7f29\n|-damage|p1a: \u571f\u732b\u8e29\u6211|0 fnt\n|-damage|p1b: \u4f60\u62cd\u4e94\uff0c\u6211\u62cd\u516d\uff0c\u51fb\u638c\u5947\u88ad\u754f\u4e2a\u7f29|0 fnt\n|faint|p1a: \u571f\u732b\u8e29\u6211\n|faint|p1b: \u4f60\u62cd\u4e94\uff0c\u6211\u62cd\u516d\uff0c\u51fb\u638c\u5947\u88ad\u754f\u4e2a\u7f29\n|-end|p1b: \u4f60\u62cd\u4e94\uff0c\u6211\u62cd\u516d\uff0c\u51fb\u638c\u5947\u88ad\u754f\u4e2a\u7f29|Quark Drive|[silent]\n|move|p2b: Tornadus|Bleakwind Storm|p1: \u571f\u732b\u8e29\u6211|[notarget]\n|-fail|p2b: Tornadus\n|\n|-sideend|p2: sirazurill|move: Tailwind\n|upkeep\n|\n|t:|1700412533\n|switch|p1a: \u989d\u554a\uff01\u8150\u8680\u80c6\u6c41\uff01|Heatran, M|91\/100\n|switch|p1b: ku\ud83d\udcb0\u70ae|Chien-Pao|100\/100\n|-ability|p1b: ku\ud83d\udcb0\u70ae|Sword of Ruin\n|turn|15\n|\n|t:|1700412548\n|move|p1b: ku\ud83d\udcb0\u70ae|Protect|p1b: ku\ud83d\udcb0\u70ae\n|-singleturn|p1b: ku\ud83d\udcb0\u70ae|Protect\n|move|p2b: Tornadus|Tailwind|p2b: Tornadus\n|-sidestart|p2: sirazurill|move: Tailwind\n|move|p2a: Flutter Mane|Dazzling Gleam|p1b: ku\ud83d\udcb0\u70ae|[spread] p1a\n|-activate|p1b: ku\ud83d\udcb0\u70ae|move: Protect\n|-resisted|p1a: \u989d\u554a\uff01\u8150\u8680\u80c6\u6c41\uff01\n|-damage|p1a: \u989d\u554a\uff01\u8150\u8680\u80c6\u6c41\uff01|81\/100\n|move|p1a: \u989d\u554a\uff01\u8150\u8680\u80c6\u6c41\uff01|Heat Wave|p2b: Tornadus|[spread] p2a,p2b\n|-damage|p2a: Flutter Mane|62\/100\n|-damage|p2b: Tornadus|58\/100\n|-enditem|p2b: Tornadus|Eject Button\n|\n|t:|1700412562\n|switch|p2b: Landorus|Landorus-Therian, M|57\/100\n|-ability|p2b: Landorus|Intimidate|boost\n|-unboost|p1a: \u989d\u554a\uff01\u8150\u8680\u80c6\u6c41\uff01|atk|1\n|-unboost|p1b: ku\ud83d\udcb0\u70ae|atk|1\n|\n|-heal|p1a: \u989d\u554a\uff01\u8150\u8680\u80c6\u6c41\uff01|87\/100|[from] item: Leftovers\n|upkeep\n|turn|16\n|\n|t:|1700412582\n|-end|p2a: Flutter Mane|Protosynthesis|[silent]\n|switch|p2a: Tornadus|Tornadus, M|58\/100\n|move|p1a: \u989d\u554a\uff01\u8150\u8680\u80c6\u6c41\uff01|Protect|p1a: \u989d\u554a\uff01\u8150\u8680\u80c6\u6c41\uff01\n|-singleturn|p1a: \u989d\u554a\uff01\u8150\u8680\u80c6\u6c41\uff01|Protect\n|move|p2b: Landorus|Earthquake|p1b: ku\ud83d\udcb0\u70ae|[spread] p1b\n|-activate|p1a: \u989d\u554a\uff01\u8150\u8680\u80c6\u6c41\uff01|move: Protect\n|-immune|p2a: Tornadus\n|-damage|p1b: ku\ud83d\udcb0\u70ae|4\/100\n|move|p1b: ku\ud83d\udcb0\u70ae|Icicle Crash|p2b: Landorus\n|-supereffective|p2b: Landorus\n|-damage|p2b: Landorus|0 fnt\n|faint|p2b: Landorus\n|\n|-heal|p1a: \u989d\u554a\uff01\u8150\u8680\u80c6\u6c41\uff01|93\/100|[from] item: Leftovers\n|upkeep\n|\n|t:|1700412601\n|switch|p2b: Kingambit|Kingambit, M|100\/100\n|-activate|p2b: Kingambit|ability: Supreme Overlord\n|-start|p2b: Kingambit|fallen3|[silent]\n|turn|17\n|\n|t:|1700412611\n|move|p1b: ku\ud83d\udcb0\u70ae|Sucker Punch|p2a: Tornadus\n|-damage|p2a: Tornadus|24\/100\n|move|p2a: Tornadus|Bleakwind Storm|p1a: \u989d\u554a\uff01\u8150\u8680\u80c6\u6c41\uff01|[spread] p1a\n|-miss|p2a: Tornadus|p1b: ku\ud83d\udcb0\u70ae\n|-resisted|p1a: \u989d\u554a\uff01\u8150\u8680\u80c6\u6c41\uff01\n|-damage|p1a: \u989d\u554a\uff01\u8150\u8680\u80c6\u6c41\uff01|77\/100\n|-unboost|p1a: \u989d\u554a\uff01\u8150\u8680\u80c6\u6c41\uff01|spe|1\n|move|p2b: Kingambit|Brick Break|p1a: \u989d\u554a\uff01\u8150\u8680\u80c6\u6c41\uff01\n|-supereffective|p1a: \u989d\u554a\uff01\u8150\u8680\u80c6\u6c41\uff01\n|-damage|p1a: \u989d\u554a\uff01\u8150\u8680\u80c6\u6c41\uff01|0 fnt\n|faint|p1a: \u989d\u554a\uff01\u8150\u8680\u80c6\u6c41\uff01\n|\n|upkeep\n|\n|t:|1700412624\n|switch|p1a: \u4f60\u53d1\u59d0\u6c38\u8fdc\u662f\u4f60\u53d1\u59d0|Flutter Mane|100\/100\n|turn|18\n|\n|t:|1700412635\n|move|p2a: Tornadus|Protect|p2a: Tornadus\n|-singleturn|p2a: Tornadus|Protect\n|move|p1b: ku\ud83d\udcb0\u70ae|Sucker Punch||[still]\n|-fail|p1b: ku\ud83d\udcb0\u70ae\n|move|p1a: \u4f60\u53d1\u59d0\u6c38\u8fdc\u662f\u4f60\u53d1\u59d0|Dazzling Gleam|p2a: Tornadus|[spread] p2b\n|-activate|p2a: Tornadus|move: Protect\n|-damage|p2b: Kingambit|69\/100\n|move|p2b: Kingambit|Iron Head|p1a: \u4f60\u53d1\u59d0\u6c38\u8fdc\u662f\u4f60\u53d1\u59d0\n|-supereffective|p1a: \u4f60\u53d1\u59d0\u6c38\u8fdc\u662f\u4f60\u53d1\u59d0\n|-damage|p1a: \u4f60\u53d1\u59d0\u6c38\u8fdc\u662f\u4f60\u53d1\u59d0|0 fnt\n|faint|p1a: \u4f60\u53d1\u59d0\u6c38\u8fdc\u662f\u4f60\u53d1\u59d0\n|-end|p1a: \u4f60\u53d1\u59d0\u6c38\u8fdc\u662f\u4f60\u53d1\u59d0|Protosynthesis|[silent]\n|\n|-sideend|p2: sirazurill|move: Tailwind\n|upkeep\n|\n|t:|1700412645\n|switch|p1a: \u62cd\u6253\u7329|Rillaboom, M, tera:Fire|21\/100\n|-fieldstart|move: Grassy Terrain|[from] ability: Grassy Surge|[of] p1a: \u62cd\u6253\u7329\n|turn|19\n|\n|t:|1700412655\n|switch|p2a: Flutter Mane|Flutter Mane|62\/100\n|move|p1a: \u62cd\u6253\u7329|Fake Out|p2b: Kingambit\n|-resisted|p2b: Kingambit\n|-damage|p2b: Kingambit|62\/100\n|cant|p2b: Kingambit|flinch\n|move|p1b: ku\ud83d\udcb0\u70ae|Sacred Sword|p2b: Kingambit\n|-supereffective|p2b: Kingambit\n|-damage|p2b: Kingambit|0 fnt\n|faint|p2b: Kingambit\n|-end|p2b: Kingambit|fallen3|[silent]\n|\n|-heal|p1b: ku\ud83d\udcb0\u70ae|10\/100|[from] Grassy Terrain\n|-heal|p2a: Flutter Mane|68\/100|[from] Grassy Terrain\n|-heal|p1a: \u62cd\u6253\u7329|28\/100|[from] Grassy Terrain\n|upkeep\n|\n|t:|1700412669\n|switch|p2b: Tornadus|Tornadus, M|24\/100\n|turn|20\n|\n|t:|1700412688\n|move|p1b: ku\ud83d\udcb0\u70ae|Sucker Punch||[still]\n|-fail|p1b: ku\ud83d\udcb0\u70ae\n|move|p2b: Tornadus|Scary Face|p1b: ku\ud83d\udcb0\u70ae\n|-hint|Since gen 7, Dark is immune to Prankster moves.\n|-immune|p1b: ku\ud83d\udcb0\u70ae\n|move|p1a: \u62cd\u6253\u7329|Grassy Glide|p2a: Flutter Mane\n|-damage|p2a: Flutter Mane|0 fnt\n|faint|p2a: Flutter Mane\n|-end|p2a: Flutter Mane|Protosynthesis|[silent]\n|\n|-heal|p1b: ku\ud83d\udcb0\u70ae|16\/100|[from] Grassy Terrain\n|-heal|p1a: \u62cd\u6253\u7329|34\/100|[from] Grassy Terrain\n|upkeep\n|turn|21\n|\n|t:|1700412699\n|move|p1b: ku\ud83d\udcb0\u70ae|Sucker Punch|p2b: Tornadus\n|-damage|p2b: Tornadus|0 fnt\n|faint|p2b: Tornadus\n|\n|win|OPieceOfHeroGhost\n|raw|OPieceOfHeroGhost's rating: 1516 &rarr; <strong>1546<\/strong><br \/>(+30 for winning)\n|raw|sirazurill's rating: 1704 &rarr; <strong>1674<\/strong><br \/>(-30 for losing)\n|l|\u2606sirazurill\n","uploadtime":1700412715,"views":9,"p1id":"opieceofheroghost","p2id":"sirazurill","formatid":"gen9doublesou","rating":1546,"private":0,"password":""}