{"id":"gen9doublesou-1991764063","p1":"sngm1104s","p2":"dorrie_","format":"[Gen 9] Doubles OU","log":"|j|\u2606sngm1104s\n|j|\u2606dorrie_\n|t:|1700113101\n|gametype|doubles\n|player|p1|sngm1104s|dawn-gen4pt|1399\n|player|p2|dorrie_|blue|1407\n|teamsize|p1|6\n|teamsize|p2|6\n|gen|9\n|tier|[Gen 9] Doubles OU\n|rated|\n|rule|Species Clause: Limit one of each Pok\u00e9mon\n|rule|OHKO Clause: OHKO moves are banned\n|rule|Evasion Moves Clause: Evasion moves are banned\n|rule|Gravity Sleep Clause: The combination of sleep-inducing moves with imperfect accuracy and Gravity or Gigantamax Orbeetle are banned\n|rule|Endless Battle Clause: Forcing endless battles is banned\n|rule|HP Percentage Mod: HP is shown in percentages\n|clearpoke\n|poke|p1|Flutter Mane|\n|poke|p1|Rillaboom, M|\n|poke|p1|Tornadus, M|\n|poke|p1|Landorus-Therian, M|\n|poke|p1|Roaring Moon|\n|poke|p1|Ogerpon-Hearthflame, F|\n|poke|p2|Roaring Moon|\n|poke|p2|Weezing, F|\n|poke|p2|Landorus-Therian, M|\n|poke|p2|Ogerpon-Wellspring, F|\n|poke|p2|Ting-Lu|\n|poke|p2|Iron Hands|\n|teampreview\n|\n|t:|1700113111\n|start\n|switch|p1a: Tornadus|Tornadus, M|100\/100\n|switch|p1b: Landorus|Landorus-Therian, M|100\/100\n|switch|p2a: Landorus|Landorus-Therian, M|100\/100\n|switch|p2b: Weezing|Weezing, F|100\/100\n|-ability|p2b: Weezing|Neutralizing Gas\n|turn|1\n|inactive|Battle timer is ON: inactive players will automatically lose when time's up. (requested by sngm1104s)\n|inactive|sngm1104s has 120 seconds left.\n|\n|t:|1700113143\n|move|p2a: Landorus|Rock Slide|p1b: Landorus|[spread] p1b\n|-miss|p2a: Landorus|p1a: Tornadus\n|-damage|p1b: Landorus|76\/100\n|move|p1b: Landorus|Rock Slide|p2b: Weezing|[spread] p2a\n|-miss|p1b: Landorus|p2b: Weezing\n|-damage|p2a: Landorus|72\/100\n|move|p1a: Tornadus|Taunt|p2b: Weezing\n|-start|p2b: Weezing|move: Taunt\n|cant|p2b: Weezing|move: Taunt|Taunt\n|\n|upkeep\n|turn|2\n|inactive|sngm1104s has 120 seconds left.\n|\n|t:|1700113181\n|switch|p1a: Rillaboom|Rillaboom, M|100\/100\n|move|p2a: Landorus|Rock Slide|p1a: Rillaboom|[spread] p1b\n|-miss|p2a: Landorus|p1a: Rillaboom\n|-damage|p1b: Landorus|53\/100\n|move|p1b: Landorus|Rock Slide|p2a: Landorus|[spread] p2a,p2b\n|-damage|p2a: Landorus|45\/100\n|-damage|p2b: Weezing|80\/100\n|move|p2b: Weezing|Sludge Bomb|p1a: Rillaboom\n|-supereffective|p1a: Rillaboom\n|-damage|p1a: Rillaboom|64\/100\n|\n|upkeep\n|turn|3\n|inactive|sngm1104s has 120 seconds left.\n|\n|t:|1700113201\n|switch|p2a: Iron Hands|Iron Hands|100\/100\n|switch|p1b: Roaring Moon|Roaring Moon|100\/100\n|-enditem|p1b: Roaring Moon|Booster Energy\n|-activate|p1b: Roaring Moon|ability: Protosynthesis|[fromitem]\n|-start|p1b: Roaring Moon|protosynthesisspe\n|move|p1a: Rillaboom|Fake Out|p2a: Iron Hands\n|-damage|p2a: Iron Hands|91\/100\n|move|p2b: Weezing|Sludge Bomb|p1a: Rillaboom\n|-supereffective|p1a: Rillaboom\n|-damage|p1a: Rillaboom|28\/100\n|\n|-end|p2b: Weezing|move: Taunt\n|upkeep\n|turn|4\n|\n|t:|1700113217\n|move|p2a: Iron Hands|Fake Out|p1b: Roaring Moon\n|-damage|p1b: Roaring Moon|81\/100\n|cant|p1b: Roaring Moon|flinch\n|move|p1a: Rillaboom|U-turn|p2a: Iron Hands\n|-resisted|p2a: Iron Hands\n|-damage|p2a: Iron Hands|83\/100\n|\n|t:|1700113224\n|switch|p1a: Tornadus|Tornadus, M|100\/100|[from] U-turn\n|move|p2b: Weezing|Sludge Bomb|p1a: Tornadus\n|-damage|p1a: Tornadus|63\/100\n|\n|upkeep\n|turn|5\n|\n|t:|1700113232\n|move|p2b: Weezing|Protect|p2b: Weezing\n|-singleturn|p2b: Weezing|Protect\n|move|p1b: Roaring Moon|Knock Off|p2b: Weezing\n|-activate|p2b: Weezing|move: Protect\n|move|p1a: Tornadus|Tailwind|p1a: Tornadus\n|-sidestart|p1: sngm1104s|move: Tailwind\n|move|p2a: Iron Hands|Drain Punch|p1b: Roaring Moon\n|-supereffective|p1b: Roaring Moon\n|-damage|p1b: Roaring Moon|0 fnt\n|-heal|p2a: Iron Hands|100\/100|[from] drain|[of] p1b: Roaring Moon\n|faint|p1b: Roaring Moon\n|-end|p1b: Roaring Moon|Protosynthesis|[silent]\n|\n|upkeep\n|\n|t:|1700113241\n|switch|p1b: Ogerpon|Ogerpon-Hearthflame, F|100\/100\n|turn|6\n|\n|t:|1700113252\n|-end|p2b: Weezing|ability: Neutralizing Gas\n|-ability|p1b: Ogerpon|Mold Breaker\n|switch|p2b: Landorus|Landorus-Therian, M|45\/100\n|-ability|p2b: Landorus|Intimidate|boost\n|-unboost|p1a: Tornadus|atk|1\n|-unboost|p1b: Ogerpon|atk|1\n|-terastallize|p1b: Ogerpon|Fire\n|detailschange|p1b: Ogerpon|Ogerpon-Hearthflame-Tera, F, tera:Fire\n|-ability|p1b: Ogerpon|Embody Aspect (Hearthflame)|boost\n|-boost|p1b: Ogerpon|atk|1\n|move|p1a: Tornadus|Taunt|p2b: Landorus\n|-start|p2b: Landorus|move: Taunt\n|move|p1b: Ogerpon|Ivy Cudgel|p2a: Iron Hands|[anim] Ivy Cudgel Fire\n|-damage|p2a: Iron Hands|55\/100\n|move|p2a: Iron Hands|Wild Charge|p1a: Tornadus\n|-supereffective|p1a: Tornadus\n|-damage|p1a: Tornadus|0 fnt\n|faint|p1a: Tornadus\n|-damage|p2a: Iron Hands|46\/100|[from] Recoil\n|\n|upkeep\n|\n|t:|1700113259\n|switch|p1a: Flutter Mane|Flutter Mane|100\/100\n|turn|7\n|\n|t:|1700113280\n|switch|p1b: Landorus|Landorus-Therian, M|53\/100\n|-ability|p1b: Landorus|Intimidate|boost\n|-unboost|p2a: Iron Hands|atk|1\n|-unboost|p2b: Landorus|atk|1\n|move|p1a: Flutter Mane|Dazzling Gleam|p2a: Iron Hands|[spread] p2a,p2b\n|-supereffective|p2a: Iron Hands\n|-damage|p2a: Iron Hands|0 fnt\n|-damage|p2b: Landorus|0 fnt\n|faint|p2a: Iron Hands\n|-end|p2a: Iron Hands|Quark Drive|[silent]\n|faint|p2b: Landorus\n|\n|upkeep\n|\n|t:|1700113289\n|switch|p2b: Weezing|Weezing, F|80\/100\n|switch|p2a: Ting-Lu|Ting-Lu|100\/100\n|-ability|p2b: Weezing|Neutralizing Gas\n|turn|8\n|\n|t:|1700113297\n|move|p1b: Landorus|Stomping Tantrum|p2b: Weezing\n|-supereffective|p2b: Weezing\n|-damage|p2b: Weezing|1\/100\n|-enditem|p2b: Weezing|Sitrus Berry|[eat]\n|-heal|p2b: Weezing|26\/100|[from] item: Sitrus Berry\n|move|p1a: Flutter Mane|Dazzling Gleam|p2b: Weezing|[spread] p2a,p2b\n|-supereffective|p2a: Ting-Lu\n|-resisted|p2b: Weezing\n|-damage|p2a: Ting-Lu|18\/100\n|-damage|p2b: Weezing|3\/100\n|move|p2b: Weezing|Will-O-Wisp|p1b: Landorus\n|-status|p1b: Landorus|brn\n|move|p2a: Ting-Lu|Body Press|p1b: Landorus\n|-resisted|p1b: Landorus\n|-damage|p1b: Landorus|37\/100 brn\n|\n|-heal|p2a: Ting-Lu|25\/100|[from] item: Leftovers\n|-damage|p1b: Landorus|31\/100 brn|[from] brn\n|-sideend|p1: sngm1104s|move: Tailwind\n|upkeep\n|turn|9\n|\n|t:|1700113315\n|move|p2b: Weezing|Protect|p2b: Weezing\n|-singleturn|p2b: Weezing|Protect\n|move|p1b: Landorus|Stomping Tantrum|p2a: Ting-Lu\n|-damage|p2a: Ting-Lu|15\/100\n|move|p1a: Flutter Mane|Dazzling Gleam|p2b: Weezing|[spread] p2a\n|-activate|p2b: Weezing|move: Protect\n|-supereffective|p2a: Ting-Lu\n|-damage|p2a: Ting-Lu|0 fnt\n|faint|p2a: Ting-Lu\n|\n|-damage|p1b: Landorus|25\/100 brn|[from] brn\n|upkeep\n|\n|t:|1700113318\n|switch|p2a: Roaring Moon|Roaring Moon|100\/100\n|turn|10\n|\n|t:|1700113346\n|switch|p1b: Rillaboom|Rillaboom, M|28\/100\n|-end|p2b: Weezing|ability: Neutralizing Gas\n|-fieldstart|move: Grassy Terrain|[from] ability: Grassy Surge|[of] p1b: Rillaboom\n|switch|p2b: Ogerpon|Ogerpon-Wellspring, F|100\/100\n|-terastallize|p2a: Roaring Moon|Ghost\n|move|p1a: Flutter Mane|Dazzling Gleam|p2a: Roaring Moon|[spread] p2a,p2b\n|-damage|p2a: Roaring Moon|54\/100\n|-damage|p2b: Ogerpon|49\/100\n|move|p2a: Roaring Moon|Tera Blast|p1a: Flutter Mane|[anim] Tera Blast Ghost\n|-supereffective|p1a: Flutter Mane\n|-damage|p1a: Flutter Mane|0 fnt\n|faint|p1a: Flutter Mane\n|-end|p1a: Flutter Mane|Protosynthesis|[silent]\n|\n|-heal|p2a: Roaring Moon|60\/100|[from] Grassy Terrain\n|-heal|p2b: Ogerpon|55\/100|[from] Grassy Terrain\n|-heal|p1b: Rillaboom|34\/100|[from] Grassy Terrain\n|upkeep\n|inactive|sngm1104s has 120 seconds left.\n|\n|t:|1700113359\n|switch|p1a: Ogerpon|Ogerpon-Hearthflame-Tera, F, tera:Fire|100\/100\n|-ability|p1a: Ogerpon|Embody Aspect (Hearthflame)|boost\n|-boost|p1a: Ogerpon|atk|1\n|turn|11\n|\n|t:|1700113384\n|move|p2a: Roaring Moon|Protect|p2a: Roaring Moon\n|-singleturn|p2a: Roaring Moon|Protect\n|move|p2b: Ogerpon|Spiky Shield|p2b: Ogerpon\n|-singleturn|p2b: Ogerpon|move: Protect\n|move|p1b: Rillaboom|Fake Out|p2b: Ogerpon\n|-activate|p2b: Ogerpon|move: Protect\n|-damage|p1b: Rillaboom|22\/100|[from] Spiky Shield|[of] p2b: Ogerpon\n|move|p1a: Ogerpon|Ivy Cudgel|p2a: Roaring Moon|[anim] Ivy Cudgel Fire\n|-activate|p2a: Roaring Moon|move: Protect\n|\n|-heal|p2a: Roaring Moon|66\/100|[from] Grassy Terrain\n|-heal|p2b: Ogerpon|61\/100|[from] Grassy Terrain\n|-heal|p1b: Rillaboom|28\/100|[from] Grassy Terrain\n|upkeep\n|turn|12\n|\n|t:|1700113402\n|switch|p1b: Landorus|Landorus-Therian, M|25\/100 brn\n|-ability|p1b: Landorus|Intimidate|boost\n|-unboost|p2a: Roaring Moon|atk|1\n|-unboost|p2b: Ogerpon|atk|1\n|move|p1a: Ogerpon|Spiky Shield|p1a: Ogerpon\n|-singleturn|p1a: Ogerpon|move: Protect\n|move|p2a: Roaring Moon|Scale Shot|p1b: Landorus\n|-damage|p1b: Landorus|13\/100 brn\n|-damage|p1b: Landorus|3\/100 brn\n|-damage|p1b: Landorus|0 fnt\n|faint|p1b: Landorus\n|-hitcount|p1: Landorus|3\n|-unboost|p2a: Roaring Moon|def|1\n|-boost|p2a: Roaring Moon|spe|1\n|move|p2b: Ogerpon|Ivy Cudgel|p1a: Ogerpon|[anim] Ivy Cudgel Water\n|-activate|p1a: Ogerpon|move: Protect\n|\n|-heal|p2a: Roaring Moon|72\/100|[from] Grassy Terrain\n|-heal|p2b: Ogerpon|67\/100|[from] Grassy Terrain\n|upkeep\n|\n|t:|1700113411\n|switch|p1b: Rillaboom|Rillaboom, M|28\/100\n|turn|13\n|\n|t:|1700113432\n|move|p2a: Roaring Moon|Protect|p2a: Roaring Moon\n|-singleturn|p2a: Roaring Moon|Protect\n|move|p2b: Ogerpon|Spiky Shield|p2b: Ogerpon\n|-singleturn|p2b: Ogerpon|move: Protect\n|move|p1b: Rillaboom|Fake Out|p2b: Ogerpon\n|-activate|p2b: Ogerpon|move: Protect\n|-damage|p1b: Rillaboom|15\/100|[from] Spiky Shield|[of] p2b: Ogerpon\n|move|p1a: Ogerpon|Grassy Glide|p2a: Roaring Moon\n|-activate|p2a: Roaring Moon|move: Protect\n|\n|-heal|p2a: Roaring Moon|78\/100|[from] Grassy Terrain\n|-heal|p2b: Ogerpon|73\/100|[from] Grassy Terrain\n|-heal|p1b: Rillaboom|22\/100|[from] Grassy Terrain\n|upkeep\n|turn|14\n|\n|t:|1700113446\n|move|p1a: Ogerpon|Grassy Glide|p2b: Ogerpon\n|-damage|p2b: Ogerpon|0 fnt\n|faint|p2b: Ogerpon\n|move|p1b: Rillaboom|Grassy Glide|p2a: Roaring Moon\n|-damage|p2a: Roaring Moon|0 fnt\n|faint|p2a: Roaring Moon\n|-end|p2a: Roaring Moon|Protosynthesis|[silent]\n|\n|-heal|p1b: Rillaboom|28\/100|[from] Grassy Terrain\n|-fieldend|move: Grassy Terrain\n|upkeep\n|-message|dorrie_ forfeited.\n|\n|win|sngm1104s\n|raw|sngm1104s's rating: 1399 &rarr; <strong>1419<\/strong><br \/>(+20 for winning)\n|raw|dorrie_'s rating: 1407 &rarr; <strong>1387<\/strong><br \/>(-20 for losing)\n|l|\u2606dorrie_\n","uploadtime":1700113461,"views":11,"p1id":"sngm1104s","p2id":"dorrie","formatid":"gen9doublesou","rating":1387,"private":0,"password":""}