{"id":"gen9doublesou-1978744488","p1":"W.B gastly","p2":"zeref203","format":"[Gen 9] Doubles OU","log":"|j|\u2606W.B gastly\n|j|\u2606zeref203\n|t:|1698589956\n|gametype|doubles\n|player|p1|W.B gastly|cynthia-gen4|1116\n|player|p2|zeref203|170|1087\n|teamsize|p1|6\n|teamsize|p2|6\n|gen|9\n|tier|[Gen 9] Doubles OU\n|rated|\n|rule|Species Clause: Limit one of each Pok\u00e9mon\n|rule|OHKO Clause: OHKO moves are banned\n|rule|Evasion Moves Clause: Evasion moves are banned\n|rule|Gravity Sleep Clause: The combination of sleep-inducing moves with imperfect accuracy and Gravity or Gigantamax Orbeetle are banned\n|rule|Endless Battle Clause: Forcing endless battles is banned\n|rule|HP Percentage Mod: HP is shown in percentages\n|clearpoke\n|poke|p1|Flamigo, F|\n|poke|p1|Meowscarada, M|\n|poke|p1|Krookodile, M|\n|poke|p1|Flutter Mane|\n|poke|p1|Torkoal, F|\n|poke|p1|Sableye, M|\n|poke|p2|Great Tusk|\n|poke|p2|Ninetales, M|\n|poke|p2|Sableye, M|\n|poke|p2|Salamence, M|\n|poke|p2|Flutter Mane|\n|poke|p2|Cetitan, M|\n|teampreview\n|inactive|Battle timer is ON: inactive players will automatically lose when time's up. (requested by zeref203)\n|\n|t:|1698589963\n|start\n|switch|p1a: Car vroom|Meowscarada, M, shiny|100\/100\n|switch|p1b: Waluigi|Krookodile, M|100\/100\n|switch|p2a: Sableye|Sableye, M|100\/100\n|switch|p2b: Flutter Mane|Flutter Mane|100\/100\n|turn|1\n|\n|t:|1698589976\n|switch|p2a: Ninetales|Ninetales, M|100\/100\n|-weather|SunnyDay|[from] ability: Drought|[of] p2a: Ninetales\n|-activate|p2b: Flutter Mane|ability: Protosynthesis\n|-start|p2b: Flutter Mane|protosynthesisspe\n|move|p2b: Flutter Mane|Dazzling Gleam|p1a: Car vroom|[spread] p1a,p1b\n|-supereffective|p1a: Car vroom\n|-supereffective|p1b: Waluigi\n|-damage|p1a: Car vroom|0 fnt\n|-damage|p1b: Waluigi|19\/100\n|-enditem|p1b: Waluigi|Salac Berry|[eat]\n|-boost|p1b: Waluigi|spe|1|[from] item: Salac Berry\n|faint|p1a: Car vroom\n|move|p1b: Waluigi|Earthquake|p2a: Ninetales|[spread] p2a,p2b\n|-supereffective|p2a: Ninetales\n|-damage|p2a: Ninetales|0 fnt\n|-damage|p2b: Flutter Mane|32\/100\n|faint|p2a: Ninetales\n|\n|-weather|SunnyDay|[upkeep]\n|upkeep\n|\n|t:|1698589997\n|switch|p1a: Sableye|Sableye, M, shiny|100\/100\n|switch|p2a: Sableye|Sableye, M|100\/100\n|turn|2\n|\n|t:|1698590018\n|switch|p2a: Salamence|Salamence, M|100\/100\n|move|p1a: Sableye|Shadow Sneak|p2b: Flutter Mane\n|-supereffective|p2b: Flutter Mane\n|-damage|p2b: Flutter Mane|0 fnt\n|faint|p2b: Flutter Mane\n|-end|p2b: Flutter Mane|Protosynthesis|[silent]\n|move|p1b: Waluigi|Rock Slide|p2a: Salamence\n|-supereffective|p2a: Salamence\n|-damage|p2a: Salamence|41\/100\n|\n|-weather|SunnyDay|[upkeep]\n|upkeep\n|inactive|zeref203 has 120 seconds left.\n|\n|t:|1698590055\n|switch|p2b: Great Tusk|Great Tusk|100\/100\n|-activate|p2b: Great Tusk|ability: Protosynthesis\n|-start|p2b: Great Tusk|protosynthesisatk\n|turn|3\n|inactive|zeref203 has 120 seconds left.\n|\n|t:|1698590085\n|move|p1b: Waluigi|Rock Slide|p2a: Salamence|[spread] p2b\n|-miss|p1b: Waluigi|p2a: Salamence\n|-resisted|p2b: Great Tusk\n|-damage|p2b: Great Tusk|97\/100\n|move|p2a: Salamence|Iron Head|p1a: Sableye\n|-damage|p1a: Sableye|53\/100\n|cant|p2b: Great Tusk|flinch\n|move|p1a: Sableye|Poltergeist|p2b: Great Tusk\n|-activate|p2b: Great Tusk|move: Poltergeist|Eject Pack\n|-damage|p2b: Great Tusk|67\/100\n|\n|-weather|SunnyDay|[upkeep]\n|upkeep\n|turn|4\n|inactive|zeref203 has 120 seconds left.\n|\n|t:|1698590113\n|move|p1a: Sableye|Shadow Sneak|p2a: Salamence\n|-damage|p2a: Salamence|21\/100\n|move|p1b: Waluigi|Rock Slide|p2a: Salamence|[spread] p2a,p2b\n|-supereffective|p2a: Salamence\n|-resisted|p2b: Great Tusk\n|-damage|p2a: Salamence|0 fnt\n|-damage|p2b: Great Tusk|64\/100\n|faint|p2a: Salamence\n|move|p2b: Great Tusk|Headlong Rush|p1b: Waluigi\n|-damage|p1b: Waluigi|0 fnt\n|-unboost|p2b: Great Tusk|def|1\n|-unboost|p2b: Great Tusk|spd|1\n|-enditem|p2b: Great Tusk|Eject Pack\n|faint|p1b: Waluigi\n|inactive|zeref203 has 120 seconds left.\n|\n|t:|1698590126\n|-end|p2b: Great Tusk|Protosynthesis|[silent]\n|switch|p2b: Cetitan|Cetitan, M|100\/100\n|\n|-weather|SunnyDay|[upkeep]\n|upkeep\n|\n|t:|1698590132\n|switch|p2a: Sableye|Sableye, M|100\/100\n|switch|p1b: See it\u2019s good|Flamigo, F|100\/100\n|-copyboost|p1b: See it\u2019s good|p1a: Sableye|[from] ability: Costar\n|turn|5\n|\n|t:|1698590146\n|move|p2a: Sableye|Will-O-Wisp|p1b: See it\u2019s good\n|-status|p1b: See it\u2019s good|brn\n|move|p1b: See it\u2019s good|Close Combat|p2b: Cetitan\n|-supereffective|p2b: Cetitan\n|-damage|p2b: Cetitan|45\/100\n|-unboost|p1b: See it\u2019s good|def|1\n|-unboost|p1b: See it\u2019s good|spd|1\n|move|p2b: Cetitan|Play Rough|p1a: Sableye\n|-supereffective|p1a: Sableye\n|-damage|p1a: Sableye|0 fnt\n|faint|p1a: Sableye\n|\n|-weather|SunnyDay|[upkeep]\n|-damage|p1b: See it\u2019s good|94\/100 brn|[from] brn\n|upkeep\n|\n|t:|1698590164\n|switch|p1a: Torkoal|Torkoal, F|100\/100\n|turn|6\n|\n|t:|1698590179\n|-terastallize|p1a: Torkoal|Fire\n|move|p1b: See it\u2019s good|Tailwind|p1b: See it\u2019s good\n|-sidestart|p1: W.B gastly|move: Tailwind\n|move|p2b: Cetitan|Liquidation|p1a: Torkoal\n|-supereffective|p1a: Torkoal\n|-damage|p1a: Torkoal|59\/100\n|move|p2a: Sableye|Foul Play|p1a: Torkoal\n|-damage|p1a: Torkoal|34\/100\n|move|p1a: Torkoal|Eruption|p2a: Sableye|[spread] p2a,p2b\n|-supereffective|p2b: Cetitan\n|-damage|p2a: Sableye|70\/100\n|-damage|p2b: Cetitan|0 fnt\n|faint|p2b: Cetitan\n|\n|-weather|SunnyDay|[upkeep]\n|-heal|p2a: Sableye|76\/100|[from] item: Leftovers\n|-damage|p1b: See it\u2019s good|88\/100 brn|[from] brn\n|upkeep\n|\n|t:|1698590192\n|switch|p2b: Great Tusk|Great Tusk|64\/100\n|-activate|p2b: Great Tusk|ability: Protosynthesis\n|-start|p2b: Great Tusk|protosynthesisatk\n|turn|7\n|\n|t:|1698590213\n|move|p2a: Sableye|Encore|p1b: See it\u2019s good\n|-start|p1b: See it\u2019s good|Encore\n|move|p1b: See it\u2019s good|Tailwind||[still]\n|-fail|p1b: See it\u2019s good\n|move|p2b: Great Tusk|Headlong Rush|p1a: Torkoal\n|-supereffective|p1a: Torkoal\n|-damage|p1a: Torkoal|0 fnt\n|-unboost|p2b: Great Tusk|def|1\n|-unboost|p2b: Great Tusk|spd|1\n|faint|p1a: Torkoal\n|\n|-weather|SunnyDay|[upkeep]\n|-heal|p2a: Sableye|82\/100|[from] item: Leftovers\n|-damage|p1b: See it\u2019s good|82\/100 brn|[from] brn\n|upkeep\n|inactive|W.B gastly has 120 seconds left.\n|\n|t:|1698590229\n|switch|p1a: Flutter Mane|Flutter Mane, shiny|100\/100\n|-activate|p1a: Flutter Mane|ability: Protosynthesis\n|-start|p1a: Flutter Mane|protosynthesisspe\n|turn|8\n|\n|t:|1698590240\n|-terastallize|p2b: Great Tusk|Ground\n|move|p2a: Sableye|Will-O-Wisp|p1a: Flutter Mane\n|-status|p1a: Flutter Mane|brn\n|move|p1a: Flutter Mane|Dazzling Gleam|p2b: Great Tusk|[spread] p2a,p2b\n|-supereffective|p2a: Sableye\n|-damage|p2a: Sableye|17\/100\n|-damage|p2b: Great Tusk|5\/100\n|move|p1b: See it\u2019s good|Tailwind||[still]\n|-fail|p1b: See it\u2019s good\n|move|p2b: Great Tusk|Headlong Rush|p1a: Flutter Mane\n|-enditem|p1a: Flutter Mane|Focus Sash\n|-damage|p1a: Flutter Mane|1\/100 brn\n|-unboost|p2b: Great Tusk|def|1\n|-unboost|p2b: Great Tusk|spd|1\n|\n|-weather|none\n|-end|p1a: Flutter Mane|Protosynthesis\n|-end|p2b: Great Tusk|Protosynthesis\n|-heal|p2a: Sableye|23\/100|[from] item: Leftovers\n|-damage|p1a: Flutter Mane|0 fnt|[from] brn\n|faint|p1a: Flutter Mane\n|-end|p1a: Flutter Mane|Protosynthesis|[silent]\n|-damage|p1b: See it\u2019s good|76\/100 brn|[from] brn\n|upkeep\n|turn|9\n|\n|t:|1698590266\n|move|p1b: See it\u2019s good|Tailwind||[still]\n|-fail|p1b: See it\u2019s good\n|move|p2b: Great Tusk|Ice Spinner|p1b: See it\u2019s good\n|-supereffective|p1b: See it\u2019s good\n|-damage|p1b: See it\u2019s good|0 fnt\n|faint|p1b: See it\u2019s good\n|\n|win|zeref203\n|raw|W.B gastly's rating: 1116 &rarr; <strong>1089<\/strong><br \/>(-27 for losing)\n|raw|zeref203's rating: 1087 &rarr; <strong>1116<\/strong><br \/>(+29 for winning)\n|c|\u2606zeref203|Gg\n|c|\u2606W.B gastly|Gg wp\n|l|\u2606W.B gastly\n","uploadtime":1698590291,"views":22,"p1id":"wbgastly","p2id":"zeref203","formatid":"gen9doublesou","rating":1089,"private":0,"password":""}