{"id":"gen9doublesou-1982452470","p1":"cotesmcgotes","p2":"bigbranonbampus","format":"[Gen 9] Doubles OU","log":"|j|\u2606cotesmcgotes\n|j|\u2606bigbranonbampus\n|t:|1699016158\n|gametype|doubles\n|player|p1|cotesmcgotes|flannery|1182\n|player|p2|bigbranonbampus|hiker|1291\n|teamsize|p1|6\n|teamsize|p2|6\n|gen|9\n|tier|[Gen 9] Doubles OU\n|rated|\n|rule|Species Clause: Limit one of each Pok\u00e9mon\n|rule|OHKO Clause: OHKO moves are banned\n|rule|Evasion Moves Clause: Evasion moves are banned\n|rule|Gravity Sleep Clause: The combination of sleep-inducing moves with imperfect accuracy and Gravity or Gigantamax Orbeetle are banned\n|rule|Endless Battle Clause: Forcing endless battles is banned\n|rule|HP Percentage Mod: HP is shown in percentages\n|clearpoke\n|poke|p1|Tornadus, M|\n|poke|p1|Pelipper, F|\n|poke|p1|Manaphy|\n|poke|p1|Gallade, M|\n|poke|p1|Brute Bonnet|\n|poke|p1|Arcanine-Hisui, M|\n|poke|p2|Regieleki|\n|poke|p2|Alomomola, M|\n|poke|p2|Garchomp, M|\n|poke|p2|Sinistcha-Masterpiece|\n|poke|p2|Gholdengo|\n|poke|p2|Ceruledge, F|\n|teampreview\n|inactive|Battle timer is ON: inactive players will automatically lose when time's up. (requested by bigbranonbampus)\n|\n|t:|1699016183\n|start\n|switch|p1a: Pelipper|Pelipper, F|100\/100\n|switch|p1b: Brute Bonnet|Brute Bonnet|100\/100\n|switch|p2a: Garchomp|Garchomp, M|100\/100\n|switch|p2b: Gholdengo|Gholdengo|100\/100\n|-weather|RainDance|[from] ability: Drizzle|[of] p1a: Pelipper\n|turn|1\n|\n|t:|1699016208\n|move|p2a: Garchomp|Protect|p2a: Garchomp\n|-singleturn|p2a: Garchomp|Protect\n|move|p2b: Gholdengo|Thunder Wave|p1a: Pelipper\n|-status|p1a: Pelipper|par\n|move|p1b: Brute Bonnet|Spore|p2a: Garchomp\n|-activate|p2a: Garchomp|move: Protect\n|move|p1a: Pelipper|Tailwind|p1a: Pelipper\n|-sidestart|p1: cotesmcgotes|move: Tailwind\n|\n|-weather|RainDance|[upkeep]\n|upkeep\n|turn|2\n|\n|t:|1699016230\n|switch|p2a: Sinistcha|Sinistcha-Masterpiece|100\/100\n|move|p2b: Gholdengo|Dazzling Gleam|p1a: Pelipper|[spread] p1a,p1b\n|-supereffective|p1b: Brute Bonnet\n|-damage|p1a: Pelipper|72\/100 par\n|-damage|p1b: Brute Bonnet|67\/100\n|move|p1b: Brute Bonnet|Crunch|p2b: Gholdengo\n|-supereffective|p2b: Gholdengo\n|-damage|p2b: Gholdengo|0 fnt\n|faint|p2b: Gholdengo\n|move|p1a: Pelipper|Icy Wind|p2a: Sinistcha\n|-supereffective|p2a: Sinistcha\n|-damage|p2a: Sinistcha|59\/100\n|-unboost|p2a: Sinistcha|spe|1\n|\n|-weather|RainDance|[upkeep]\n|-heal|p1b: Brute Bonnet|73\/100|[from] item: Leftovers\n|-heal|p2a: Sinistcha|65\/100|[from] item: Leftovers\n|upkeep\n|inactive|bigbranonbampus has 120 seconds left.\n|\n|t:|1699016249\n|switch|p2b: Regieleki|Regieleki|100\/100\n|turn|3\n|\n|t:|1699016266\n|switch|p1a: Arcanine|Arcanine-Hisui, M|100\/100\n|move|p2a: Sinistcha|Protect|p2a: Sinistcha\n|-singleturn|p2a: Sinistcha|Protect\n|move|p2b: Regieleki|Volt Switch|p1a: Arcanine\n|-damage|p1a: Arcanine|65\/100\n|\n|t:|1699016280\n|switch|p2b: Garchomp|Garchomp, M|100\/100|[from] Volt Switch\n|move|p1b: Brute Bonnet|Crunch|p2a: Sinistcha\n|-activate|p2a: Sinistcha|move: Protect\n|\n|-weather|RainDance|[upkeep]\n|-heal|p1b: Brute Bonnet|79\/100|[from] item: Leftovers\n|-heal|p2a: Sinistcha|71\/100|[from] item: Leftovers\n|upkeep\n|turn|4\n|inactive|cotesmcgotes has 120 seconds left.\n|inactive|bigbranonbampus has 120 seconds left.\n|\n|t:|1699016334\n|switch|p2a: Ceruledge|Ceruledge, F|100\/100\n|move|p1a: Arcanine|Flare Blitz|p2a: Ceruledge\n|-start|p2a: Ceruledge|ability: Flash Fire\n|move|p2b: Garchomp|Liquidation|p1a: Arcanine\n|-supereffective|p1a: Arcanine\n|-damage|p1a: Arcanine|0 fnt\n|faint|p1a: Arcanine\n|move|p1b: Brute Bonnet|Spore|p2b: Garchomp\n|-status|p2b: Garchomp|slp|[from] move: Spore\n|\n|-weather|RainDance|[upkeep]\n|-heal|p1b: Brute Bonnet|85\/100|[from] item: Leftovers\n|-sideend|p1: cotesmcgotes|move: Tailwind\n|upkeep\n|\n|t:|1699016345\n|switch|p1a: Tornadus|Tornadus, M|100\/100\n|turn|5\n|\n|t:|1699016363\n|-end|p1b: Brute Bonnet|Protosynthesis|[silent]\n|switch|p1b: Manaphy|Manaphy|100\/100\n|-terastallize|p2a: Ceruledge|Fire\n|move|p1a: Tornadus|Tailwind|p1a: Tornadus\n|-sidestart|p1: cotesmcgotes|move: Tailwind\n|cant|p2b: Garchomp|slp\n|move|p2a: Ceruledge|Bulk Up|p2a: Ceruledge\n|-boost|p2a: Ceruledge|atk|1\n|-boost|p2a: Ceruledge|def|1\n|\n|-weather|RainDance|[upkeep]\n|upkeep\n|turn|6\n|inactive|cotesmcgotes has 120 seconds left.\n|\n|t:|1699016384\n|move|p2a: Ceruledge|Shadow Sneak|p1b: Manaphy\n|-damage|p1b: Manaphy|71\/100\n|move|p1a: Tornadus|Bleakwind Storm|p2b: Garchomp|[spread] p2a,p2b\n|-damage|p2a: Ceruledge|59\/100\n|-damage|p2b: Garchomp|59\/100 slp\n|-unboost|p2b: Garchomp|spe|1\n|move|p1b: Manaphy|Scald|p2a: Ceruledge\n|-supereffective|p2a: Ceruledge\n|-damage|p2a: Ceruledge|0 fnt\n|faint|p2a: Ceruledge\n|cant|p2b: Garchomp|slp\n|\n|-weather|RainDance|[upkeep]\n|upkeep\n|\n|t:|1699016398\n|switch|p2a: Regieleki|Regieleki|100\/100\n|turn|7\n|\n|t:|1699016411\n|move|p1a: Tornadus|Weather Ball|p2a: Regieleki\n|-damage|p2a: Regieleki|4\/100\n|move|p1b: Manaphy|Scald|p2a: Regieleki\n|-damage|p2a: Regieleki|0 fnt\n|faint|p2a: Regieleki\n|cant|p2b: Garchomp|slp\n|\n|-weather|RainDance|[upkeep]\n|upkeep\n|\n|t:|1699016421\n|switch|p2a: Sinistcha|Sinistcha-Masterpiece|71\/100\n|-heal|p2b: Garchomp|84\/100 slp|[from] ability: Hospitality|[of] p2a: Sinistcha\n|turn|8\n|\n|t:|1699016435\n|move|p1a: Tornadus|Bleakwind Storm|p2a: Sinistcha|[spread] p2a,p2b\n|-supereffective|p2a: Sinistcha\n|-damage|p2a: Sinistcha|0 fnt\n|-damage|p2b: Garchomp|42\/100 slp\n|-unboost|p2b: Garchomp|spe|1\n|faint|p2a: Sinistcha\n|move|p1b: Manaphy|Scald|p2b: Garchomp\n|-damage|p2b: Garchomp|0 fnt\n|faint|p2b: Garchomp\n|\n|-weather|none\n|-sideend|p1: cotesmcgotes|move: Tailwind\n|upkeep\n|-message|bigbranonbampus forfeited.\n|\n|win|cotesmcgotes\n|raw|cotesmcgotes's rating: 1182 &rarr; <strong>1215<\/strong><br \/>(+33 for winning)\n|raw|bigbranonbampus's rating: 1291 &rarr; <strong>1258<\/strong><br \/>(-33 for losing)\n|l|\u2606bigbranonbampus\n","uploadtime":1699016450,"views":19,"p1id":"cotesmcgotes","p2id":"bigbranonbampus","formatid":"gen9doublesou","rating":1215,"private":0,"password":""}