{"id":"gen9doublesou-1973708361","p1":"SXD2002","p2":"Col. Hogan","format":"[Gen 9] Doubles OU","log":"|j|\u2606SXD2002\n|j|\u2606Col. Hogan\n|t:|1698005497\n|gametype|doubles\n|player|p1|SXD2002|silver-masters|1010\n|player|p2|Col. Hogan|swimmer|1072\n|teamsize|p1|5\n|teamsize|p2|6\n|gen|9\n|tier|[Gen 9] Doubles OU\n|rated|\n|rule|Species Clause: Limit one of each Pok\u00e9mon\n|rule|OHKO Clause: OHKO moves are banned\n|rule|Evasion Moves Clause: Evasion moves are banned\n|rule|Gravity Sleep Clause: The combination of sleep-inducing moves with imperfect accuracy and Gravity or Gigantamax Orbeetle are banned\n|rule|Endless Battle Clause: Forcing endless battles is banned\n|rule|HP Percentage Mod: HP is shown in percentages\n|clearpoke\n|poke|p1|Lurantis, F|\n|poke|p1|Murkrow, F|\n|poke|p1|Grimmsnarl, M|\n|poke|p1|Clefairy, F|\n|poke|p1|Talonflame, F|\n|poke|p2|Cresselia, F|\n|poke|p2|Sinistcha|\n|poke|p2|Grimmsnarl, M|\n|poke|p2|Palafin, F|\n|poke|p2|Arbok, M|\n|poke|p2|Diancie|\n|teampreview\n|inactive|Battle timer is ON: inactive players will automatically lose when time's up. (requested by Col. Hogan)\n|j| ThePokeWarrior0117\n|\n|t:|1698005509\n|start\n|switch|p1a: Talonflame|Talonflame, F|100\/100\n|switch|p1b: Lurantis|Lurantis, F|100\/100\n|switch|p2a: Palafin|Palafin, F|100\/100\n|switch|p2b: Diancie|Diancie|100\/100\n|turn|1\n|\n|t:|1698005520\n|move|p1a: Talonflame|Defog|p1b: Lurantis\n|-boost|p1b: Lurantis|evasion|1\n|move|p2a: Palafin|Flip Turn|p1a: Talonflame\n|-supereffective|p1a: Talonflame\n|-damage|p1a: Talonflame|35\/100\n|-damage|p2a: Palafin|91\/100|[from] item: Life Orb\n|\n|t:|1698005532\n|detailschange|p2a: Palafin|Palafin-Hero, F\n|switch|p2a: Arbok|Arbok, M|100\/100|[from] Flip Turn\n|move|p2b: Diancie|Diamond Storm|p1b: Lurantis|[spread] p1a,p1b\n|-supereffective|p1a: Talonflame\n|-damage|p1a: Talonflame|0 fnt\n|-damage|p1b: Lurantis|73\/100\n|faint|p1a: Talonflame\n|move|p1b: Lurantis|Superpower|p2b: Diancie\n|-damage|p2b: Diancie|82\/100\n|-boost|p1b: Lurantis|atk|1\n|-boost|p1b: Lurantis|def|1\n|\n|-heal|p2b: Diancie|88\/100|[from] item: Leftovers\n|-heal|p1b: Lurantis|79\/100|[from] item: Leftovers\n|upkeep\n|\n|t:|1698005542\n|switch|p1a: Murkrow|Murkrow, F|100\/100\n|turn|2\n|\n|t:|1698005565\n|-terastallize|p1b: Lurantis|Steel\n|move|p1a: Murkrow|Feather Dance|p1b: Lurantis\n|-boost|p1b: Lurantis|atk|2\n|move|p2a: Arbok|Sludge Bomb|p1b: Lurantis\n|-immune|p1b: Lurantis\n|move|p2b: Diancie|Diamond Storm|p1b: Lurantis|[spread] p1a,p1b\n|-supereffective|p1a: Murkrow\n|-resisted|p1b: Lurantis\n|-damage|p1a: Murkrow|31\/100\n|-damage|p1b: Lurantis|70\/100\n|-boost|p2b: Diancie|def|2\n|move|p1b: Lurantis|Superpower|p2b: Diancie\n|-damage|p2b: Diancie|65\/100\n|-boost|p1b: Lurantis|atk|1\n|-boost|p1b: Lurantis|def|1\n|\n|-heal|p2b: Diancie|71\/100|[from] item: Leftovers\n|-heal|p1b: Lurantis|76\/100|[from] item: Leftovers\n|upkeep\n|turn|3\n|\n|t:|1698005589\n|move|p1b: Lurantis|Protect|p1b: Lurantis\n|-singleturn|p1b: Lurantis|Protect\n|move|p1a: Murkrow|Thunder Wave|p2a: Arbok\n|-status|p2a: Arbok|par\n|move|p2a: Arbok|Sludge Bomb|p1a: Murkrow\n|-damage|p1a: Murkrow|14\/100\n|move|p2b: Diancie|Body Press|p1b: Lurantis\n|-activate|p1b: Lurantis|move: Protect\n|\n|-heal|p2b: Diancie|77\/100|[from] item: Leftovers\n|-heal|p1b: Lurantis|82\/100|[from] item: Leftovers\n|upkeep\n|turn|4\n|\n|t:|1698005613\n|move|p1a: Murkrow|Screech|p1b: Lurantis\n|-boost|p1b: Lurantis|def|2\n|move|p2a: Arbok|Sludge Bomb|p1a: Murkrow\n|-damage|p1a: Murkrow|0 fnt\n|faint|p1a: Murkrow\n|move|p2b: Diancie|Body Press|p1b: Lurantis\n|-supereffective|p1b: Lurantis\n|-damage|p1b: Lurantis|36\/100\n|move|p1b: Lurantis|Leaf Storm|p2b: Diancie\n|-supereffective|p2b: Diancie\n|-damage|p2b: Diancie|10\/100\n|-boost|p1b: Lurantis|spa|2\n|\n|-heal|p2b: Diancie|16\/100|[from] item: Leftovers\n|-heal|p1b: Lurantis|42\/100|[from] item: Leftovers\n|upkeep\n|\n|t:|1698005632\n|switch|p1a: Clefairy|Clefairy, F|100\/100\n|turn|5\n|\n|t:|1698005640\n|move|p1b: Lurantis|Protect|p1b: Lurantis\n|-singleturn|p1b: Lurantis|Protect\n|cant|p2a: Arbok|par\n|move|p2b: Diancie|Body Press|p1b: Lurantis\n|-activate|p1b: Lurantis|move: Protect\n|move|p1a: Clefairy|Life Dew||[still]|[spread] p1a,p1b\n|-fail|p1a: Clefairy|heal\n|-heal|p1b: Lurantis|68\/100\n|\n|-heal|p2b: Diancie|22\/100|[from] item: Leftovers\n|-heal|p1b: Lurantis|74\/100|[from] item: Leftovers\n|upkeep\n|turn|6\n|\n|t:|1698005665\n|cant|p2a: Arbok|par\n|move|p2b: Diancie|Body Press|p1b: Lurantis\n|-supereffective|p1b: Lurantis\n|-damage|p1b: Lurantis|39\/100\n|move|p1b: Lurantis|Superpower|p2b: Diancie\n|-crit|p2b: Diancie\n|-damage|p2b: Diancie|0 fnt\n|-boost|p1b: Lurantis|atk|1\n|-boost|p1b: Lurantis|def|1\n|faint|p2b: Diancie\n|move|p1a: Clefairy|Life Dew||[still]|[spread] p1a,p1b\n|-fail|p1a: Clefairy|heal\n|-heal|p1b: Lurantis|64\/100\n|\n|-heal|p1b: Lurantis|70\/100|[from] item: Leftovers\n|upkeep\n|\n|t:|1698005676\n|switch|p2b: Grimmsnarl|Grimmsnarl, M|100\/100\n|turn|7\n|\n|t:|1698005687\n|switch|p2a: Palafin|Palafin-Hero, F|91\/100\n|-activate|p2a: Palafin|ability: Zero to Hero\n|move|p1a: Clefairy|Helping Hand|p1b: Lurantis\n|-singleturn|p1b: Lurantis|Helping Hand|[of] p1a: Clefairy\n|move|p2b: Grimmsnarl|Fake Out|p1b: Lurantis|[miss]\n|-miss|p2b: Grimmsnarl|p1b: Lurantis\n|move|p1b: Lurantis|Superpower|p2b: Grimmsnarl\n|-damage|p2b: Grimmsnarl|0 fnt\n|-boost|p1b: Lurantis|atk|1\n|-boost|p1b: Lurantis|def|1\n|faint|p2b: Grimmsnarl\n|\n|-heal|p1b: Lurantis|76\/100|[from] item: Leftovers\n|upkeep\n|\n|t:|1698005707\n|switch|p2b: Sinistcha|Sinistcha|100\/100\n|turn|8\n|\n|t:|1698005718\n|move|p1a: Clefairy|Follow Me|p1a: Clefairy\n|-singleturn|p1a: Clefairy|move: Follow Me\n|move|p2a: Palafin|Close Combat|p1a: Clefairy\n|-resisted|p1a: Clefairy\n|-damage|p1a: Clefairy|64\/100\n|-unboost|p2a: Palafin|def|1\n|-unboost|p2a: Palafin|spd|1\n|-damage|p2a: Palafin|81\/100|[from] item: Life Orb\n|move|p2b: Sinistcha|Calm Mind|p2b: Sinistcha\n|-boost|p2b: Sinistcha|spa|1\n|-boost|p2b: Sinistcha|spd|1\n|move|p1b: Lurantis|Leaf Storm|p2a: Palafin\n|-supereffective|p2a: Palafin\n|-damage|p2a: Palafin|0 fnt\n|-boost|p1b: Lurantis|spa|2\n|faint|p2a: Palafin\n|\n|-heal|p1b: Lurantis|82\/100|[from] item: Leftovers\n|upkeep\n|\n|t:|1698005730\n|switch|p2a: Cresselia|Cresselia, F|100\/100\n|turn|9\n|\n|t:|1698005736\n|move|p1a: Clefairy|Helping Hand|p1b: Lurantis\n|-singleturn|p1b: Lurantis|Helping Hand|[of] p1a: Clefairy\n|move|p2a: Cresselia|Calm Mind|p2a: Cresselia\n|-boost|p2a: Cresselia|spa|1\n|-boost|p2a: Cresselia|spd|1\n|move|p2b: Sinistcha|Calm Mind|p2b: Sinistcha\n|-boost|p2b: Sinistcha|spa|1\n|-boost|p2b: Sinistcha|spd|1\n|move|p1b: Lurantis|Leech Life|p2a: Cresselia\n|-supereffective|p2a: Cresselia\n|-damage|p2a: Cresselia|0 fnt\n|-heal|p1b: Lurantis|100\/100|[from] drain|[of] p2a: Cresselia\n|faint|p2a: Cresselia\n|\n|upkeep\n|\n|t:|1698005748\n|switch|p2a: Arbok|Arbok, M|100\/100 par\n|turn|10\n|\n|t:|1698005757\n|move|p1a: Clefairy|Follow Me|p1a: Clefairy\n|-singleturn|p1a: Clefairy|move: Follow Me\n|move|p2b: Sinistcha|Matcha Gotcha|p1a: Clefairy|[spread] p1b\n|-miss|p2b: Sinistcha|p1a: Clefairy\n|-resisted|p1b: Lurantis\n|-damage|p1b: Lurantis|83\/100\n|move|p2a: Arbok|Earthquake|p1a: Clefairy|[spread] p2b,p1a,p1b\n|-resisted|p2b: Sinistcha\n|-supereffective|p1b: Lurantis\n|-damage|p2b: Sinistcha|86\/100\n|-damage|p1a: Clefairy|26\/100\n|-damage|p1b: Lurantis|71\/100\n|move|p1b: Lurantis|Leech Life|p2b: Sinistcha\n|-damage|p2b: Sinistcha|16\/100\n|-heal|p1b: Lurantis|100\/100|[from] drain|[of] p2b: Sinistcha\n|\n|-heal|p2b: Sinistcha|22\/100|[from] item: Leftovers\n|-activate|p2a: Arbok|ability: Shed Skin\n|-curestatus|p2a: Arbok|par|[msg]\n|upkeep\n|turn|11\n|\n|t:|1698005778\n|-terastallize|p2b: Sinistcha|Steel\n|move|p2a: Arbok|Earthquake|p1b: Lurantis|[spread] p2b,p1a,p1b\n|-supereffective|p2b: Sinistcha\n|-supereffective|p1b: Lurantis\n|-damage|p2b: Sinistcha|0 fnt\n|-damage|p1a: Clefairy|0 fnt\n|-damage|p1b: Lurantis|88\/100\n|faint|p2b: Sinistcha\n|faint|p1a: Clefairy\n|move|p1b: Lurantis|Leech Life|p2a: Arbok\n|-resisted|p2a: Arbok\n|-damage|p2a: Arbok|28\/100\n|-heal|p1b: Lurantis|100\/100|[from] drain|[of] p2a: Arbok\n|\n|upkeep\n|l|\u2606Col. Hogan\n|inactive|Col. Hogan disconnected and has a minute to reconnect!\n|player|p2|\n|\n|t:|1698005788\n|switch|p1a: Grimmsnarl|Grimmsnarl, M|100\/100\n|turn|12\n|inactive|Col. Hogan has 30 seconds to reconnect!\n|inactive|Col. Hogan has 20 seconds to reconnect!\n|inactive|Col. Hogan has 15 seconds to reconnect!\n|inactive|Col. Hogan has 10 seconds to reconnect!\n|inactive|Col. Hogan has 5 seconds to reconnect!\n|-message|Col. Hogan lost due to inactivity.\n|\n|win|SXD2002\n|raw|SXD2002's rating: 1010 &rarr; <strong>1055<\/strong><br \/>(+45 for winning)\n|raw|Col. Hogan's rating: 1072 &rarr; <strong>1048<\/strong><br \/>(-24 for losing)\n","uploadtime":1698005852,"views":13,"p1id":"sxd2002","p2id":"colhogan","formatid":"gen9doublesou","rating":1048,"private":0,"password":""}