{"id":"gen9doublesou-1972596556","p1":"Joecheve13","p2":"Abowlofmagnemites","format":"[Gen 9] Doubles OU","log":"|j|\u2606Joecheve13\n|j|\u2606Abowlofmagnemites\n|t:|1697861933\n|gametype|doubles\n|player|p1|Joecheve13|wallace|1379\n|player|p2|Abowlofmagnemites|plasmagruntf-gen5bw|1189\n|teamsize|p1|6\n|teamsize|p2|6\n|gen|9\n|tier|[Gen 9] Doubles OU\n|rated|\n|rule|Species Clause: Limit one of each Pok\u00e9mon\n|rule|OHKO Clause: OHKO moves are banned\n|rule|Evasion Moves Clause: Evasion moves are banned\n|rule|Gravity Sleep Clause: The combination of sleep-inducing moves with imperfect accuracy and Gravity or Gigantamax Orbeetle are banned\n|rule|Endless Battle Clause: Forcing endless battles is banned\n|rule|HP Percentage Mod: HP is shown in percentages\n|clearpoke\n|poke|p1|Pelipper, M|\n|poke|p1|Tornadus, M|\n|poke|p1|Tinkaton, F|\n|poke|p1|Landorus, M|\n|poke|p1|Scizor, M|\n|poke|p1|Goodra-Hisui, F|\n|poke|p2|Tornadus, M|\n|poke|p2|Ogerpon-Wellspring, F|\n|poke|p2|Tinkaton, F|\n|poke|p2|Chi-Yu|\n|poke|p2|Gholdengo|\n|poke|p2|Murkrow, F|\n|teampreview\n|\n|t:|1697861967\n|start\n|switch|p1a: Landorus|Landorus, M|100\/100\n|switch|p1b: Pelipper|Pelipper, M|100\/100\n|switch|p2a: Tornadus|Tornadus, M|100\/100\n|switch|p2b: Tinkaton|Tinkaton, F|100\/100\n|-weather|RainDance|[from] ability: Drizzle|[of] p1b: Pelipper\n|turn|1\n|inactive|Battle timer is ON: inactive players will automatically lose when time's up. (requested by Joecheve13)\n|\n|t:|1697861987\n|-terastallize|p2b: Tinkaton|Flying\n|move|p1b: Pelipper|Protect|p1b: Pelipper\n|-singleturn|p1b: Pelipper|Protect\n|move|p2b: Tinkaton|Fake Out|p1b: Pelipper\n|-activate|p1b: Pelipper|move: Protect\n|move|p2a: Tornadus|Tailwind|p2a: Tornadus\n|-sidestart|p2: Abowlofmagnemites|move: Tailwind\n|move|p1a: Landorus|Stealth Rock|p2b: Tinkaton\n|-sidestart|p2: Abowlofmagnemites|move: Stealth Rock\n|\n|-weather|RainDance|[upkeep]\n|upkeep\n|turn|2\n|\n|t:|1697862008\n|move|p2a: Tornadus|Swagger|p2b: Tinkaton\n|-boost|p2b: Tinkaton|atk|2\n|-immune|p2b: Tinkaton|confusion|[from] ability: Own Tempo\n|move|p2b: Tinkaton|Gigaton Hammer|p1b: Pelipper\n|-resisted|p1b: Pelipper\n|-damage|p1b: Pelipper|39\/100\n|move|p1a: Landorus|Weather Ball|p2b: Tinkaton\n|-damage|p2b: Tinkaton|66\/100\n|move|p1b: Pelipper|Hurricane|p2a: Tornadus\n|-damage|p2a: Tornadus|52\/100\n|-start|p2a: Tornadus|confusion\n|\n|-weather|RainDance|[upkeep]\n|upkeep\n|turn|3\n|\n|t:|1697862033\n|-activate|p2a: Tornadus|confusion\n|-damage|p2a: Tornadus|39\/100|[from] confusion\n|move|p2b: Tinkaton|Play Rough|p1a: Landorus\n|-damage|p1a: Landorus|19\/100\n|-unboost|p1a: Landorus|atk|1\n|move|p1a: Landorus|Weather Ball|p2a: Tornadus\n|-damage|p2a: Tornadus|0 fnt\n|faint|p2a: Tornadus\n|move|p1b: Pelipper|Chilling Water|p2b: Tinkaton\n|-damage|p2b: Tinkaton|49\/100\n|-unboost|p2b: Tinkaton|atk|1\n|\n|-weather|RainDance|[upkeep]\n|upkeep\n|\n|t:|1697862044\n|switch|p2a: Chi-Yu|Chi-Yu|100\/100\n|-damage|p2a: Chi-Yu|76\/100|[from] Stealth Rock\n|-ability|p2a: Chi-Yu|Beads of Ruin\n|turn|4\n|\n|t:|1697862052\n|move|p1b: Pelipper|Wide Guard|p1b: Pelipper\n|-singleturn|p1b: Pelipper|Wide Guard\n|move|p2a: Chi-Yu|Swagger|p2b: Tinkaton\n|-boost|p2b: Tinkaton|atk|2\n|-immune|p2b: Tinkaton|confusion|[from] ability: Own Tempo\n|move|p2b: Tinkaton|Play Rough|p1a: Landorus\n|-damage|p1a: Landorus|0 fnt\n|faint|p1a: Landorus\n|\n|-weather|RainDance|[upkeep]\n|-sideend|p2: Abowlofmagnemites|move: Tailwind\n|upkeep\n|\n|t:|1697862071\n|switch|p1a: Tinkaton|Tinkaton, F|100\/100\n|turn|5\n|\n|t:|1697862079\n|move|p1a: Tinkaton|Fake Out|p2b: Tinkaton\n|-damage|p2b: Tinkaton|37\/100\n|move|p2a: Chi-Yu|Will-O-Wisp|p1a: Tinkaton\n|-status|p1a: Tinkaton|brn\n|cant|p2b: Tinkaton|flinch\n|move|p1b: Pelipper|Chilling Water|p2a: Chi-Yu\n|-supereffective|p2a: Chi-Yu\n|-damage|p2a: Chi-Yu|18\/100\n|-unboost|p2a: Chi-Yu|atk|1\n|\n|-weather|RainDance|[upkeep]\n|-damage|p1a: Tinkaton|94\/100 brn|[from] brn\n|upkeep\n|turn|6\n|\n|t:|1697862098\n|switch|p1a: Goodra|Goodra-Hisui, F|100\/100\n|move|p2a: Chi-Yu|Flamethrower|p1a: Goodra\n|-damage|p1a: Goodra|74\/100\n|-damage|p2a: Chi-Yu|8\/100|[from] item: Life Orb\n|move|p2b: Tinkaton|Gigaton Hammer|p1a: Goodra\n|-resisted|p1a: Goodra\n|-damage|p1a: Goodra|29\/100\n|move|p1b: Pelipper|Chilling Water|p2a: Chi-Yu\n|-supereffective|p2a: Chi-Yu\n|-damage|p2a: Chi-Yu|0 fnt\n|faint|p2a: Chi-Yu\n|\n|-weather|RainDance|[upkeep]\n|-heal|p1a: Goodra|35\/100|[from] item: Leftovers\n|upkeep\n|\n|t:|1697862118\n|switch|p2a: Murkrow|Murkrow, F|100\/100\n|-damage|p2a: Murkrow|76\/100|[from] Stealth Rock\n|turn|7\n|\n|t:|1697862132\n|move|p1b: Pelipper|Protect|p1b: Pelipper\n|-singleturn|p1b: Pelipper|Protect\n|move|p2a: Murkrow|Tailwind|p2a: Murkrow\n|-sidestart|p2: Abowlofmagnemites|move: Tailwind\n|move|p2b: Tinkaton|Brick Break|p1a: Goodra\n|-supereffective|p1a: Goodra\n|-damage|p1a: Goodra|0 fnt\n|faint|p1a: Goodra\n|\n|-weather|RainDance|[upkeep]\n|upkeep\n|\n|t:|1697862143\n|switch|p1a: Tinkaton|Tinkaton, F|94\/100 brn\n|turn|8\n|\n|t:|1697862162\n|move|p1a: Tinkaton|Fake Out|p2b: Tinkaton\n|-damage|p2b: Tinkaton|29\/100\n|cant|p2b: Tinkaton|flinch\n|move|p1b: Pelipper|Hurricane|p2a: Murkrow\n|-damage|p2a: Murkrow|28\/100\n|-start|p2a: Murkrow|confusion\n|-activate|p2a: Murkrow|confusion\n|move|p2a: Murkrow|Whirlwind|p1a: Tinkaton\n|drag|p1a: Tornadus|Tornadus, M|100\/100\n|\n|-weather|none\n|upkeep\n|turn|9\n|\n|t:|1697862185\n|switch|p1b: Tinkaton|Tinkaton, F|94\/100 brn\n|-activate|p2a: Murkrow|confusion\n|-damage|p2a: Murkrow|14\/100|[from] confusion\n|move|p2b: Tinkaton|Play Rough|p1a: Tornadus\n|-damage|p1a: Tornadus|6\/100\n|move|p1a: Tornadus|Bleakwind Storm|p2b: Tinkaton|[spread] p2a,p2b\n|-damage|p2a: Murkrow|0 fnt\n|-damage|p2b: Tinkaton|4\/100\n|-unboost|p2b: Tinkaton|spe|1\n|faint|p2a: Murkrow\n|\n|-damage|p1b: Tinkaton|88\/100 brn|[from] brn\n|upkeep\n|\n|t:|1697862199\n|switch|p2a: Gholdengo|Gholdengo|100\/100\n|-damage|p2a: Gholdengo|94\/100|[from] Stealth Rock\n|turn|10\n|\n|t:|1697862206\n|move|p1b: Tinkaton|Fake Out|p2b: Tinkaton\n|-damage|p2b: Tinkaton|0 fnt\n|faint|p2b: Tinkaton\n|move|p1a: Tornadus|Tailwind|p1a: Tornadus\n|-sidestart|p1: Joecheve13|move: Tailwind\n|move|p2a: Gholdengo|Make It Rain|p1a: Tornadus|[spread] p1a,p1b\n|-damage|p1a: Tornadus|0 fnt\n|-damage|p1b: Tinkaton|45\/100 brn\n|-unboost|p2a: Gholdengo|spa|1\n|faint|p1a: Tornadus\n|\n|-damage|p1b: Tinkaton|39\/100 brn|[from] brn\n|-sideend|p2: Abowlofmagnemites|move: Tailwind\n|upkeep\n|\n|t:|1697862214\n|switch|p2b: Ogerpon|Ogerpon-Wellspring, F|100\/100\n|switch|p1a: Pelipper|Pelipper, M|39\/100\n|-damage|p2b: Ogerpon|88\/100|[from] Stealth Rock\n|-weather|RainDance|[from] ability: Drizzle|[of] p1a: Pelipper\n|turn|11\n|\n|t:|1697862225\n|move|p1a: Pelipper|Wide Guard|p1a: Pelipper\n|-singleturn|p1a: Pelipper|Wide Guard\n|move|p1b: Tinkaton|Knock Off|p2a: Gholdengo\n|-supereffective|p2a: Gholdengo\n|-damage|p2a: Gholdengo|67\/100\n|-enditem|p2a: Gholdengo|Choice Specs|[from] move: Knock Off|[of] p1b: Tinkaton\n|move|p2b: Ogerpon|Ivy Cudgel|p1b: Tinkaton\n|-damage|p1b: Tinkaton|0 fnt\n|faint|p1b: Tinkaton\n|move|p2a: Gholdengo|Make It Rain|p1a: Pelipper\n|-activate|p1a: Pelipper|move: Wide Guard\n|\n|-weather|RainDance|[upkeep]\n|upkeep\n|\n|t:|1697862238\n|switch|p1b: Scizor|Scizor, M|100\/100\n|turn|12\n|\n|t:|1697862266\n|move|p2b: Ogerpon|Spiky Shield|p2b: Ogerpon\n|-singleturn|p2b: Ogerpon|move: Protect\n|move|p1a: Pelipper|Wide Guard|p1a: Pelipper\n|-singleturn|p1a: Pelipper|Wide Guard\n|move|p1b: Scizor|Bug Bite|p2b: Ogerpon\n|-activate|p2b: Ogerpon|move: Protect\n|-damage|p1b: Scizor|88\/100|[from] Spiky Shield|[of] p2b: Ogerpon\n|move|p2a: Gholdengo|Thunderbolt|p1a: Pelipper\n|-supereffective|p1a: Pelipper\n|-damage|p1a: Pelipper|0 fnt\n|faint|p1a: Pelipper\n|\n|-weather|RainDance|[upkeep]\n|upkeep\n|turn|13\n|-message|Joecheve13 forfeited.\n|\n|win|Abowlofmagnemites\n|raw|Joecheve13's rating: 1379 &rarr; <strong>1349<\/strong><br \/>(-30 for losing)\n|raw|Abowlofmagnemites's rating: 1189 &rarr; <strong>1226<\/strong><br \/>(+37 for winning)\n|l|\u2606Joecheve13\n","uploadtime":1697862276,"views":10,"p1id":"joecheve13","p2id":"abowlofmagnemites","formatid":"gen9doublesou","rating":1226,"private":0,"password":""}