{"id":"gen9doublesou-1996757281","p1":"PoliteGhost","p2":"Agme","format":"[Gen 9] Doubles OU","log":"|j|\u2606PoliteGhost\n|j|\u2606Agme\n|t:|1700720074\n|gametype|doubles\n|player|p1|PoliteGhost|giovanni|1474\n|player|p2|Agme|1|1756\n|teamsize|p1|6\n|teamsize|p2|6\n|gen|9\n|tier|[Gen 9] Doubles OU\n|rated|\n|rule|Species Clause: Limit one of each Pok\u00e9mon\n|rule|OHKO Clause: OHKO moves are banned\n|rule|Evasion Moves Clause: Evasion moves are banned\n|rule|Gravity Sleep Clause: The combination of sleep-inducing moves with imperfect accuracy and Gravity or Gigantamax Orbeetle are banned\n|rule|Endless Battle Clause: Forcing endless battles is banned\n|rule|HP Percentage Mod: HP is shown in percentages\n|clearpoke\n|poke|p1|Chi-Yu|\n|poke|p1|Ursaluna-Bloodmoon, M|\n|poke|p1|Goodra-Hisui, F|\n|poke|p1|Iron Hands|\n|poke|p1|Ogerpon-Wellspring, F|\n|poke|p1|Tornadus, M|\n|poke|p2|Flutter Mane|\n|poke|p2|Dragonite, F|\n|poke|p2|Goodra-Hisui, F|\n|poke|p2|Kleavor, M|\n|poke|p2|Zapdos|\n|poke|p2|Volcanion|\n|teampreview\n|\n|t:|1700720088\n|start\n|switch|p1a: Tornadus|Tornadus, M|100\/100\n|switch|p1b: Ursaluna|Ursaluna-Bloodmoon, M|100\/100\n|switch|p2a: Kleavor|Kleavor, M|100\/100\n|switch|p2b: Flutter Mane|Flutter Mane|100\/100\n|turn|1\n|\n|t:|1700720100\n|move|p1a: Tornadus|Tailwind|p1a: Tornadus\n|-sidestart|p1: PoliteGhost|move: Tailwind\n|move|p2b: Flutter Mane|Dazzling Gleam|p1a: Tornadus|[spread] p1a,p1b\n|-damage|p1a: Tornadus|55\/100\n|-damage|p1b: Ursaluna|67\/100\n|move|p2a: Kleavor|Close Combat|p1b: Ursaluna\n|-supereffective|p1b: Ursaluna\n|-damage|p1b: Ursaluna|7\/100\n|-unboost|p2a: Kleavor|def|1\n|-unboost|p2a: Kleavor|spd|1\n|move|p1b: Ursaluna|Blood Moon|p2b: Flutter Mane\n|-enditem|p2b: Flutter Mane|Focus Sash\n|-damage|p2b: Flutter Mane|1\/100\n|-damage|p1b: Ursaluna|0 fnt|[from] item: Life Orb\n|faint|p1b: Ursaluna\n|\n|upkeep\n|\n|t:|1700720121\n|switch|p1b: Goodra|Goodra-Hisui, F|100\/100\n|turn|2\n|\n|t:|1700720131\n|move|p2b: Flutter Mane|Protect|p2b: Flutter Mane\n|-singleturn|p2b: Flutter Mane|Protect\n|move|p1a: Tornadus|Icy Wind|p2b: Flutter Mane|[spread] p2a\n|-activate|p2b: Flutter Mane|move: Protect\n|-damage|p2a: Kleavor|67\/100\n|-unboost|p2a: Kleavor|spe|1\n|move|p1b: Goodra|Acid Armor|p1b: Goodra\n|-boost|p1b: Goodra|def|2\n|move|p2a: Kleavor|Tailwind|p2a: Kleavor\n|-sidestart|p2: Agme|move: Tailwind\n|\n|upkeep\n|turn|3\n|\n|t:|1700720156\n|-terastallize|p1b: Goodra|Steel\n|move|p2b: Flutter Mane|Dazzling Gleam|p1b: Goodra|[spread] p1a,p1b\n|-resisted|p1b: Goodra\n|-damage|p1a: Tornadus|8\/100\n|-damage|p1b: Goodra|91\/100\n|move|p1a: Tornadus|Icy Wind|p2a: Kleavor|[spread] p2a,p2b\n|-damage|p2a: Kleavor|32\/100\n|-damage|p2b: Flutter Mane|0 fnt\n|-unboost|p2a: Kleavor|spe|1\n|faint|p2b: Flutter Mane\n|-end|p2b: Flutter Mane|Protosynthesis|[silent]\n|move|p1b: Goodra|Body Press|p2a: Kleavor\n|-damage|p2a: Kleavor|0 fnt\n|faint|p2a: Kleavor\n|\n|upkeep\n|\n|t:|1700720174\n|switch|p2b: Dragonite|Dragonite, F|100\/100\n|switch|p2a: Volcanion|Volcanion|100\/100\n|turn|4\n|\n|t:|1700720192\n|switch|p1a: Iron Hands|Iron Hands|100\/100\n|move|p2b: Dragonite|Extreme Speed|p1a: Iron Hands\n|-damage|p1a: Iron Hands|81\/100\n|move|p2a: Volcanion|Heat Wave|p1b: Goodra|[spread] p1a,p1b\n|-supereffective|p1b: Goodra\n|-damage|p1a: Iron Hands|58\/100\n|-damage|p1b: Goodra|50\/100\n|move|p1b: Goodra|Body Press|p2a: Volcanion\n|-damage|p2a: Volcanion|65\/100\n|\n|-sideend|p1: PoliteGhost|move: Tailwind\n|upkeep\n|turn|5\n|\n|t:|1700720212\n|switch|p2a: Zapdos|Zapdos|100\/100\n|move|p1a: Iron Hands|Fake Out|p2a: Zapdos\n|-damage|p2a: Zapdos|84\/100\n|-damage|p1a: Iron Hands|41\/100|[from] item: Rocky Helmet|[of] p2a: Zapdos\n|move|p2b: Dragonite|Earthquake|p1b: Goodra|[spread] p1a,p1b\n|-immune|p2a: Zapdos\n|-supereffective|p1a: Iron Hands\n|-supereffective|p1b: Goodra\n|-damage|p1a: Iron Hands|2\/100\n|-damage|p1b: Goodra|28\/100\n|move|p1b: Goodra|Life Dew|p1b: Goodra|[spread] p1a,p1b\n|-heal|p1a: Iron Hands|27\/100\n|-heal|p1b: Goodra|53\/100\n|\n|-sideend|p2: Agme|move: Tailwind\n|upkeep\n|turn|6\n|\n|t:|1700720241\n|move|p2b: Dragonite|Earthquake|p1a: Iron Hands|[spread] p1a,p1b\n|-immune|p2a: Zapdos\n|-supereffective|p1a: Iron Hands\n|-supereffective|p1b: Goodra\n|-damage|p1a: Iron Hands|0 fnt\n|-damage|p1b: Goodra|30\/100\n|faint|p1a: Iron Hands\n|-end|p1a: Iron Hands|Quark Drive|[silent]\n|move|p2a: Zapdos|Heat Wave|p1b: Goodra|[miss]\n|-miss|p2a: Zapdos|p1b: Goodra\n|move|p1b: Goodra|Body Press|p2b: Dragonite\n|-resisted|p2b: Dragonite\n|-damage|p2b: Dragonite|89\/100\n|\n|-heal|p2b: Dragonite|95\/100|[from] item: Leftovers\n|upkeep\n|\n|t:|1700720252\n|switch|p1a: Tornadus|Tornadus, M|8\/100\n|turn|7\n|\n|t:|1700720259\n|move|p2b: Dragonite|Extreme Speed|p1a: Tornadus\n|-damage|p1a: Tornadus|0 fnt\n|faint|p1a: Tornadus\n|move|p2a: Zapdos|Heat Wave|p1b: Goodra\n|-supereffective|p1b: Goodra\n|-damage|p1b: Goodra|0 fnt\n|faint|p1b: Goodra\n|\n|-heal|p2b: Dragonite|100\/100|[from] item: Leftovers\n|upkeep\n|\n|t:|1700720266\n|switch|p1a: Ogerpon|Ogerpon-Wellspring, F|100\/100\n|switch|p1b: Chi-Yu|Chi-Yu|100\/100\n|-ability|p1b: Chi-Yu|Beads of Ruin\n|turn|8\n|\n|t:|1700720300\n|move|p1a: Ogerpon|Ivy Cudgel|p2a: Zapdos|[anim] Ivy Cudgel Water\n|-damage|p2a: Zapdos|23\/100\n|move|p1b: Chi-Yu|Will-O-Wisp|p2b: Dragonite\n|-status|p2b: Dragonite|brn\n|move|p2b: Dragonite|Earthquake|p1a: Ogerpon|[spread] p1a,p1b\n|-immune|p2a: Zapdos\n|-resisted|p1a: Ogerpon\n|-supereffective|p1b: Chi-Yu\n|-damage|p1a: Ogerpon|91\/100\n|-damage|p1b: Chi-Yu|63\/100\n|move|p2a: Zapdos|Tailwind|p2a: Zapdos\n|-sidestart|p2: Agme|move: Tailwind\n|\n|-damage|p2b: Dragonite|94\/100 brn|[from] brn\n|upkeep\n|turn|9\n|\n|t:|1700720320\n|move|p2b: Dragonite|Earthquake|p1b: Chi-Yu|[spread] p1a,p1b\n|-immune|p2a: Zapdos\n|-resisted|p1a: Ogerpon\n|-supereffective|p1b: Chi-Yu\n|-crit|p1b: Chi-Yu\n|-damage|p1a: Ogerpon|81\/100\n|-damage|p1b: Chi-Yu|2\/100\n|move|p2a: Zapdos|Thunderbolt|p1b: Chi-Yu\n|-damage|p1b: Chi-Yu|0 fnt\n|faint|p1b: Chi-Yu\n|move|p1a: Ogerpon|Ivy Cudgel|p2b: Dragonite|[anim] Ivy Cudgel Water\n|-resisted|p2b: Dragonite\n|-damage|p2b: Dragonite|61\/100 brn\n|\n|-heal|p2b: Dragonite|67\/100 brn|[from] item: Leftovers\n|-damage|p2b: Dragonite|61\/100 brn|[from] brn\n|upkeep\n|turn|10\n|\n|t:|1700720337\n|move|p2b: Dragonite|Dragon Dance|p2b: Dragonite\n|-boost|p2b: Dragonite|atk|1\n|-boost|p2b: Dragonite|spe|1\n|move|p2a: Zapdos|Thunderbolt|p1a: Ogerpon\n|-damage|p1a: Ogerpon|18\/100\n|move|p1a: Ogerpon|Horn Leech|p2b: Dragonite\n|-resisted|p2b: Dragonite\n|-damage|p2b: Dragonite|48\/100 brn\n|-heal|p1a: Ogerpon|25\/100|[from] drain|[of] p2b: Dragonite\n|\n|-heal|p2b: Dragonite|54\/100 brn|[from] item: Leftovers\n|-damage|p2b: Dragonite|48\/100 brn|[from] brn\n|upkeep\n|turn|11\n|\n|t:|1700720353\n|move|p2b: Dragonite|Extreme Speed|p1a: Ogerpon\n|-damage|p1a: Ogerpon|0 fnt\n|faint|p1a: Ogerpon\n|\n|win|Agme\n|raw|PoliteGhost's rating: 1474 &rarr; <strong>1467<\/strong><br \/>(-7 for losing)\n|raw|Agme's rating: 1756 &rarr; <strong>1763<\/strong><br \/>(+7 for winning)\n|l|\u2606Agme\n","uploadtime":1700720364,"views":2,"p1id":"politeghost","p2id":"agme","formatid":"gen9doublesou","rating":1467,"private":0,"password":""}