{"id":"gen9doublesou-1995874304","p1":"quiewr","p2":"Happy1912owl","format":"[Gen 9] Doubles OU","log":"|j|\u2606quiewr\n|j|\u2606Happy1912owl\n|t:|1700612243\n|gametype|doubles\n|player|p1|quiewr|hilda|\n|player|p2|Happy1912owl|steven|\n|teamsize|p1|6\n|teamsize|p2|6\n|gen|9\n|tier|[Gen 9] Doubles OU\n|rule|Species Clause: Limit one of each Pok\u00e9mon\n|rule|OHKO Clause: OHKO moves are banned\n|rule|Evasion Moves Clause: Evasion moves are banned\n|rule|Gravity Sleep Clause: The combination of sleep-inducing moves with imperfect accuracy and Gravity or Gigantamax Orbeetle are banned\n|rule|Endless Battle Clause: Forcing endless battles is banned\n|rule|HP Percentage Mod: HP is shown in percentages\n|clearpoke\n|poke|p1|Hatterene, F|\n|poke|p1|Garchomp, M|\n|poke|p1|Rotom-Heat|\n|poke|p1|Spectrier|\n|poke|p1|Greninja-*, M|\n|poke|p1|Magneton|\n|poke|p2|Dipplin, M|\n|poke|p2|Scovillain, F|\n|poke|p2|Tropius, M|\n|poke|p2|Scream Tail|\n|poke|p2|Farigiraf, M|\n|poke|p2|Azumarill, F|\n|teampreview\n|c|\u2606quiewr|hello!!\n|\n|t:|1700612255\n|start\n|switch|p1a: Hatt|Hatterene, F|100\/100\n|switch|p1b: Magneton|Magneton, shiny|100\/100\n|switch|p2a: Flying mower|Tropius, M, shiny|100\/100\n|switch|p2b: Carolina Reaper|Scovillain, F, shiny|100\/100\n|turn|1\n|j| ff4fan\n|c|\u2606quiewr|yo\n|c| ff4fan|o\/\n|\n|t:|1700612279\n|switch|p1b: Greninja|Greninja, M|100\/100\n|move|p2b: Carolina Reaper|Fire Fang|p1b: Greninja\n|-resisted|p1b: Greninja\n|-damage|p1b: Greninja|77\/100\n|move|p2a: Flying mower|Sunny Day|p2a: Flying mower\n|-weather|SunnyDay\n|move|p1a: Hatt|Light Screen|p1a: Hatt\n|-sidestart|p1: quiewr|move: Light Screen\n|\n|-weather|SunnyDay|[upkeep]\n|upkeep\n|turn|2\n|\n|t:|1700612297\n|move|p2b: Carolina Reaper|Lash Out|p1a: Hatt\n|-damage|p1a: Hatt|78\/100\n|move|p2a: Flying mower|Giga Drain|p1b: Greninja\n|-supereffective|p1b: Greninja\n|-damage|p1b: Greninja|29\/100\n|move|p1b: Greninja|Ice Beam|p2a: Flying mower\n|-start|p1b: Greninja|typechange|Ice|[from] ability: Protean\n|-supereffective|p2a: Flying mower\n|-damage|p2a: Flying mower|0 fnt\n|faint|p2a: Flying mower\n|move|p1a: Hatt|Psychic|p2b: Carolina Reaper\n|-damage|p2b: Carolina Reaper|40\/100\n|\n|-weather|SunnyDay|[upkeep]\n|upkeep\n|l| ff4fan\n|j| ff4fan\n|\n|t:|1700612313\n|switch|p2a: Zombie Happy|Scream Tail, shiny|100\/100\n|-activate|p2a: Zombie Happy|ability: Protosynthesis\n|-start|p2a: Zombie Happy|protosynthesisspd\n|turn|3\n|\n|t:|1700612338\n|move|p2b: Carolina Reaper|Fire Fang|p1b: Greninja\n|-supereffective|p1b: Greninja\n|-damage|p1b: Greninja|0 fnt\n|faint|p1b: Greninja\n|move|p2a: Zombie Happy|Crunch|p1a: Hatt\n|-damage|p1a: Hatt|61\/100\n|-unboost|p1a: Hatt|def|1\n|move|p1a: Hatt|Life Dew|p1a: Hatt\n|-heal|p1a: Hatt|86\/100\n|\n|-weather|SunnyDay|[upkeep]\n|upkeep\n|c| ff4fan|thank you both for the dinner entertainment ^_^\n|\n|t:|1700612358\n|switch|p1b: Magneton|Magneton, shiny|100\/100\n|turn|4\n|\n|t:|1700612371\n|move|p2b: Carolina Reaper|Fire Fang|p1b: Magneton\n|-supereffective|p1b: Magneton\n|-damage|p1b: Magneton|41\/100\n|-status|p1b: Magneton|brn\n|move|p2a: Zombie Happy|Crunch|p1a: Hatt\n|-damage|p1a: Hatt|56\/100\n|move|p1b: Magneton|Flash Cannon|p2a: Zombie Happy\n|-supereffective|p2a: Zombie Happy\n|-damage|p2a: Zombie Happy|70\/100\n|move|p1a: Hatt|Psychic|p2b: Carolina Reaper\n|-damage|p2b: Carolina Reaper|0 fnt\n|faint|p2b: Carolina Reaper\n|\n|-weather|SunnyDay|[upkeep]\n|-damage|p1b: Magneton|35\/100 brn|[from] brn\n|upkeep\n|c|\u2606quiewr|happy to entertain\n|\n|t:|1700612389\n|switch|p2b: Safari Guardians|Farigiraf, M, shiny|100\/100\n|turn|5\n|\n|t:|1700612402\n|move|p2a: Zombie Happy|Crunch|p1a: Hatt\n|-damage|p1a: Hatt|28\/100\n|move|p1b: Magneton|Flash Cannon|p2a: Zombie Happy\n|-supereffective|p2a: Zombie Happy\n|-damage|p2a: Zombie Happy|39\/100\n|move|p2b: Safari Guardians|Psychic|p1a: Hatt\n|-resisted|p1a: Hatt\n|-damage|p1a: Hatt|17\/100\n|move|p1a: Hatt|Psychic|p2b: Safari Guardians\n|-resisted|p2b: Safari Guardians\n|-damage|p2b: Safari Guardians|82\/100\n|\n|-weather|none\n|-end|p2a: Zombie Happy|Protosynthesis\n|-damage|p1b: Magneton|29\/100 brn|[from] brn\n|upkeep\n|turn|6\n|\n|t:|1700612423\n|move|p2a: Zombie Happy|Crunch|p1a: Hatt\n|-damage|p1a: Hatt|0 fnt\n|faint|p1a: Hatt\n|move|p1b: Magneton|Flash Cannon|p2a: Zombie Happy\n|-supereffective|p2a: Zombie Happy\n|-damage|p2a: Zombie Happy|0 fnt\n|faint|p2a: Zombie Happy\n|-end|p2a: Zombie Happy|Protosynthesis|[silent]\n|move|p2b: Safari Guardians|Future Sight|p1b: Magneton\n|-start|p2b: Safari Guardians|move: Future Sight\n|\n|-damage|p1b: Magneton|22\/100 brn|[from] brn\n|upkeep\n|\n|t:|1700612435\n|switch|p2a: Belly rubs please|Azumarill, F, shiny|100\/100\n|switch|p1a: Spectrier|Spectrier|100\/100\n|turn|7\n|\n|t:|1700612447\n|move|p1a: Spectrier|Shadow Ball|p2b: Safari Guardians\n|-immune|p2b: Safari Guardians\n|move|p1b: Magneton|Flash Cannon|p2a: Belly rubs please\n|-damage|p2a: Belly rubs please|66\/100\n|move|p2b: Safari Guardians|Psychic|p1b: Magneton\n|-resisted|p1b: Magneton\n|-damage|p1b: Magneton|9\/100 brn\n|move|p2a: Belly rubs please|Knock Off|p1a: Spectrier\n|-supereffective|p1a: Spectrier\n|-crit|p1a: Spectrier\n|-damage|p1a: Spectrier|0 fnt\n|-enditem|p1a: Spectrier|Kasib Berry|[from] move: Knock Off|[of] p2a: Belly rubs please\n|faint|p1a: Spectrier\n|\n|-damage|p1b: Magneton|3\/100 brn|[from] brn\n|upkeep\n|c|\u2606quiewr|ohhh right normal type\n|\n|t:|1700612468\n|switch|p1a: Garchomp|Garchomp, M|100\/100\n|turn|8\n|\n|t:|1700612480\n|switch|p1b: Easy-Bake|Rotom-Heat|100\/100\n|-terastallize|p1a: Garchomp|Steel\n|move|p1a: Garchomp|Earthquake|p2b: Safari Guardians|[spread] p2a,p2b\n|-immune|p1b: Easy-Bake|[from] ability: Levitate\n|-damage|p2a: Belly rubs please|26\/100\n|-damage|p2b: Safari Guardians|36\/100\n|move|p2b: Safari Guardians|Psychic|p1b: Easy-Bake\n|-damage|p1b: Easy-Bake|64\/100\n|move|p2a: Belly rubs please|Play Rough|p1a: Garchomp\n|-resisted|p1a: Garchomp\n|-damage|p1a: Garchomp|75\/100\n|-damage|p2a: Belly rubs please|14\/100|[from] ability: Rough Skin|[of] p1a: Garchomp\n|\n|-end|p1b: Easy-Bake|move: Future Sight\n|-damage|p1b: Easy-Bake|13\/100\n|-sideend|p1: quiewr|move: Light Screen\n|upkeep\n|turn|9\n|\n|t:|1700612505\n|move|p1b: Easy-Bake|Protect|p1b: Easy-Bake\n|-singleturn|p1b: Easy-Bake|Protect\n|move|p1a: Garchomp|Earthquake|p2b: Safari Guardians|[spread] p2a,p2b\n|-activate|p1b: Easy-Bake|move: Protect\n|-damage|p2a: Belly rubs please|0 fnt\n|-damage|p2b: Safari Guardians|0 fnt\n|faint|p2a: Belly rubs please\n|faint|p2b: Safari Guardians\n|\n|upkeep\n|\n|t:|1700612517\n|switch|p2b: Happy\u2019s revenge|Dipplin, M, shiny|100\/100\n|-ability|p2b: Happy\u2019s revenge|Supersweet Syrup\n|-ability|p2b: Happy\u2019s revenge|Supersweet Syrup|boost\n|-unboost|p1a: Garchomp|evasion|1\n|-unboost|p1b: Easy-Bake|evasion|1\n|turn|10\n|\n|t:|1700612531\n|move|p1a: Garchomp|Earthquake|p2b: Happy\u2019s revenge|[spread] p2b\n|-immune|p1b: Easy-Bake|[from] ability: Levitate\n|-resisted|p2b: Happy\u2019s revenge\n|-damage|p2b: Happy\u2019s revenge|83\/100\n|move|p1b: Easy-Bake|Overheat|p2b: Happy\u2019s revenge\n|-damage|p2b: Happy\u2019s revenge|15\/100\n|-unboost|p1b: Easy-Bake|spa|2\n|move|p2b: Happy\u2019s revenge|Leaf Storm|p1a: Garchomp\n|-resisted|p1a: Garchomp\n|-damage|p1a: Garchomp|47\/100\n|-unboost|p2b: Happy\u2019s revenge|spa|2\n|\n|-heal|p2b: Happy\u2019s revenge|21\/100|[from] item: Leftovers\n|upkeep\n|turn|11\n|\n|t:|1700612549\n|move|p1a: Garchomp|Earthquake|p2b: Happy\u2019s revenge|[spread] p2b\n|-immune|p1b: Easy-Bake|[from] ability: Levitate\n|-resisted|p2b: Happy\u2019s revenge\n|-damage|p2b: Happy\u2019s revenge|6\/100\n|move|p1b: Easy-Bake|Thunderbolt|p2b: Happy\u2019s revenge\n|-resisted|p2b: Happy\u2019s revenge\n|-damage|p2b: Happy\u2019s revenge|0 fnt\n|faint|p2b: Happy\u2019s revenge\n|\n|win|quiewr\n|c|\u2606quiewr|gg!\n|c| ff4fan|very good game from both of you\n|l|\u2606Happy1912owl\n|c|\u2606quiewr|thank you!\n","uploadtime":1700612561,"views":7,"p1id":"quiewr","p2id":"happy1912owl","formatid":"gen9doublesou","rating":0,"private":0,"password":""}