{"id":"gen9doublesou-1999489949","p1":"PizzaSalame","p2":"test 99 ou","format":"[Gen 9] Doubles OU","log":"|j|\u2606PizzaSalame\n|j|\u2606test 99 ou\n|t:|1701088236\n|gametype|doubles\n|player|p1|PizzaSalame|170|1400\n|player|p2|test 99 ou|lady|1673\n|teamsize|p1|6\n|teamsize|p2|6\n|gen|9\n|tier|[Gen 9] Doubles OU\n|rated|\n|rule|Species Clause: Limit one of each Pok\u00e9mon\n|rule|OHKO Clause: OHKO moves are banned\n|rule|Evasion Moves Clause: Evasion moves are banned\n|rule|Gravity Sleep Clause: The combination of sleep-inducing moves with imperfect accuracy and Gravity or Gigantamax Orbeetle are banned\n|rule|Endless Battle Clause: Forcing endless battles is banned\n|rule|HP Percentage Mod: HP is shown in percentages\n|clearpoke\n|poke|p1|Oricorio-Pom-Pom, M|\n|poke|p1|Volcarona, M|\n|poke|p1|Torkoal, F|\n|poke|p1|Scream Tail|\n|poke|p1|Indeedee-F, F|\n|poke|p1|Iron Hands|\n|poke|p2|Tornadus, M|\n|poke|p2|Flutter Mane|\n|poke|p2|Chi-Yu|\n|poke|p2|Iron Hands|\n|poke|p2|Ursaluna-Bloodmoon, M|\n|poke|p2|Ogerpon-Wellspring, F|\n|teampreview\n|\n|t:|1701088245\n|start\n|switch|p1a: Turtl|Torkoal, F, shiny|100\/100\n|switch|p1b: AAAAAAAAAAAH|Scream Tail|100\/100\n|switch|p2a: Chi-Yu|Chi-Yu|100\/100\n|switch|p2b: Ursaluna|Ursaluna-Bloodmoon, M|100\/100\n|-ability|p2a: Chi-Yu|Beads of Ruin\n|-weather|SunnyDay|[from] ability: Drought|[of] p1a: Turtl\n|-activate|p1b: AAAAAAAAAAAH|ability: Protosynthesis\n|-start|p1b: AAAAAAAAAAAH|protosynthesisspd\n|turn|1\n|\n|t:|1701088261\n|move|p1a: Turtl|Protect|p1a: Turtl\n|-singleturn|p1a: Turtl|Protect\n|move|p2a: Chi-Yu|Heat Wave|p1b: AAAAAAAAAAAH|[spread] p1b\n|-activate|p1a: Turtl|move: Protect\n|-damage|p1b: AAAAAAAAAAAH|53\/100\n|-status|p1b: AAAAAAAAAAAH|brn\n|move|p2b: Ursaluna|Earth Power|p1a: Turtl\n|-activate|p1a: Turtl|move: Protect\n|move|p1b: AAAAAAAAAAAH|Trick Room|p1b: AAAAAAAAAAAH\n|-fieldstart|move: Trick Room|[of] p1b: AAAAAAAAAAAH\n|\n|-weather|SunnyDay|[upkeep]\n|-damage|p1b: AAAAAAAAAAAH|47\/100 brn|[from] brn\n|upkeep\n|turn|2\n|\n|t:|1701088278\n|-terastallize|p1a: Turtl|Fire\n|move|p1b: AAAAAAAAAAAH|Helping Hand|p1a: Turtl\n|-singleturn|p1a: Turtl|Helping Hand|[of] p1b: AAAAAAAAAAAH\n|move|p2b: Ursaluna|Protect|p2b: Ursaluna\n|-singleturn|p2b: Ursaluna|Protect\n|move|p1a: Turtl|Eruption|p2a: Chi-Yu|[spread] p2a\n|-activate|p2b: Ursaluna|move: Protect\n|-resisted|p2a: Chi-Yu\n|-damage|p2a: Chi-Yu|0 fnt\n|faint|p2a: Chi-Yu\n|-damage|p1a: Turtl|91\/100|[from] item: Life Orb\n|\n|-weather|SunnyDay|[upkeep]\n|-damage|p1b: AAAAAAAAAAAH|41\/100 brn|[from] brn\n|upkeep\n|\n|t:|1701088294\n|switch|p2a: Tornadus|Tornadus, M|100\/100\n|turn|3\n|\n|t:|1701088306\n|-end|p1b: AAAAAAAAAAAH|Protosynthesis|[silent]\n|switch|p1b: Nuh uh|Indeedee-F, F, shiny|100\/100\n|-fieldstart|move: Psychic Terrain|[from] ability: Psychic Surge|[of] p1b: Nuh uh\n|-enditem|p1b: Nuh uh|Psychic Seed\n|-boost|p1b: Nuh uh|spd|1|[from] item: Psychic Seed\n|move|p2a: Tornadus|Protect|p2a: Tornadus\n|-singleturn|p2a: Tornadus|Protect\n|move|p2b: Ursaluna|Protect||[still]\n|-fail|p2b: Ursaluna\n|move|p1a: Turtl|Eruption|p2b: Ursaluna|[spread] p2b\n|-activate|p2a: Tornadus|move: Protect\n|-damage|p2b: Ursaluna|0 fnt\n|faint|p2b: Ursaluna\n|-damage|p1a: Turtl|81\/100|[from] item: Life Orb\n|\n|-weather|SunnyDay|[upkeep]\n|upkeep\n|\n|t:|1701088321\n|switch|p2b: Ogerpon|Ogerpon-Wellspring, F|100\/100\n|turn|4\n|\n|t:|1701088341\n|-terastallize|p2b: Ogerpon|Water\n|detailschange|p2b: Ogerpon|Ogerpon-Wellspring-Tera, F, tera:Water\n|-ability|p2b: Ogerpon|Embody Aspect (Wellspring)|boost\n|-boost|p2b: Ogerpon|spd|1\n|move|p1b: Nuh uh|Helping Hand|p1a: Turtl\n|-singleturn|p1a: Turtl|Helping Hand|[of] p1b: Nuh uh\n|move|p2a: Tornadus|Tailwind|p2a: Tornadus\n|-sidestart|p2: test 99 ou|move: Tailwind\n|move|p1a: Turtl|Eruption|p2b: Ogerpon|[spread] p2a,p2b\n|-resisted|p2b: Ogerpon\n|-damage|p2a: Tornadus|0 fnt\n|-damage|p2b: Ogerpon|48\/100\n|faint|p2a: Tornadus\n|-damage|p1a: Turtl|71\/100|[from] item: Life Orb\n|move|p2b: Ogerpon|Ivy Cudgel|p1a: Turtl|[anim] Ivy Cudgel Water\n|-supereffective|p1a: Turtl\n|-damage|p1a: Turtl|2\/100\n|\n|-weather|SunnyDay|[upkeep]\n|upkeep\n|\n|t:|1701088358\n|switch|p2a: Flutter Mane|Flutter Mane|100\/100\n|-activate|p2a: Flutter Mane|ability: Protosynthesis\n|-start|p2a: Flutter Mane|protosynthesisspe\n|turn|5\n|\n|t:|1701088379\n|move|p1b: Nuh uh|Helping Hand|p1a: Turtl\n|-singleturn|p1a: Turtl|Helping Hand|[of] p1b: Nuh uh\n|move|p1a: Turtl|Heat Wave|p2b: Ogerpon|[spread] p2b\n|-miss|p1a: Turtl|p2a: Flutter Mane\n|-resisted|p2b: Ogerpon\n|-damage|p2b: Ogerpon|11\/100\n|-status|p2b: Ogerpon|brn\n|-damage|p1a: Turtl|0 fnt|[from] item: Life Orb\n|faint|p1a: Turtl\n|move|p2b: Ogerpon|Horn Leech|p1b: Nuh uh\n|-damage|p1b: Nuh uh|68\/100\n|-heal|p2b: Ogerpon|26\/100 brn|[from] drain|[of] p1b: Nuh uh\n|move|p2a: Flutter Mane|Dazzling Gleam|p1b: Nuh uh\n|-damage|p1b: Nuh uh|46\/100\n|\n|-weather|none\n|-end|p2a: Flutter Mane|Protosynthesis\n|-damage|p2b: Ogerpon|20\/100 brn|[from] brn\n|-fieldend|move: Trick Room\n|upkeep\n|-enditem|p2a: Flutter Mane|Booster Energy\n|-activate|p2a: Flutter Mane|ability: Protosynthesis|[fromitem]\n|-start|p2a: Flutter Mane|protosynthesisspe\n|c|\u2606PizzaSalame|turtl\n|\n|t:|1701088394\n|switch|p1a: No touchy|Iron Hands|100\/100\n|turn|6\n|c|\u2606test 99 ou|motherfucker what is this low skill shot\n|c|\u2606PizzaSalame|turtl\n|\n|t:|1701088418\n|move|p1b: Nuh uh|Follow Me|p1b: Nuh uh\n|-singleturn|p1b: Nuh uh|move: Follow Me\n|move|p2a: Flutter Mane|Dazzling Gleam|p1b: Nuh uh|[spread] p1a,p1b\n|-supereffective|p1a: No touchy\n|-damage|p1a: No touchy|53\/100\n|-damage|p1b: Nuh uh|28\/100\n|move|p2b: Ogerpon|Horn Leech|p1b: Nuh uh\n|-damage|p1b: Nuh uh|0 fnt\n|-heal|p2b: Ogerpon|33\/100 brn|[from] drain|[of] p1b: Nuh uh\n|faint|p1b: Nuh uh\n|move|p1a: No touchy|Wild Charge|p2a: Flutter Mane\n|-damage|p2a: Flutter Mane|29\/100\n|-damage|p1a: No touchy|42\/100|[from] Recoil\n|\n|-damage|p2b: Ogerpon|27\/100 brn|[from] brn\n|upkeep\n|\n|t:|1701088434\n|switch|p1b: AAAAAAAAAAAH|Scream Tail|41\/100 brn\n|turn|7\n|\n|t:|1701088450\n|move|p2a: Flutter Mane|Moonblast|p1a: No touchy\n|-supereffective|p1a: No touchy\n|-damage|p1a: No touchy|0 fnt\n|faint|p1a: No touchy\n|-end|p1a: No touchy|Quark Drive|[silent]\n|move|p2b: Ogerpon|Ivy Cudgel|p1b: AAAAAAAAAAAH|[anim] Ivy Cudgel Water\n|-damage|p1b: AAAAAAAAAAAH|9\/100 brn\n|-enditem|p1b: AAAAAAAAAAAH|Figy Berry|[eat]\n|-heal|p1b: AAAAAAAAAAAH|42\/100 brn|[from] item: Figy Berry\n|move|p1b: AAAAAAAAAAAH|Reflect|p1b: AAAAAAAAAAAH\n|-sidestart|p1: PizzaSalame|Reflect\n|\n|-damage|p2b: Ogerpon|21\/100 brn|[from] brn\n|-damage|p1b: AAAAAAAAAAAH|36\/100 brn|[from] brn\n|-sideend|p2: test 99 ou|move: Tailwind\n|-fieldend|move: Psychic Terrain\n|upkeep\n|\n|t:|1701088461\n|switch|p1a: Corio|Oricorio-Pom-Pom, M, shiny|100\/100\n|turn|8\n|\n|t:|1701088471\n|move|p2a: Flutter Mane|Moonblast|p1a: Corio\n|-damage|p1a: Corio|37\/100\n|-unboost|p1a: Corio|spa|1\n|move|p1a: Corio|Revelation Dance|p2b: Ogerpon\n|-supereffective|p2b: Ogerpon\n|-damage|p2b: Ogerpon|0 fnt\n|faint|p2b: Ogerpon\n|move|p1b: AAAAAAAAAAAH|Psychic Fangs|p2a: Flutter Mane\n|-damage|p2a: Flutter Mane|14\/100\n|\n|-damage|p1b: AAAAAAAAAAAH|30\/100 brn|[from] brn\n|upkeep\n|\n|t:|1701088479\n|switch|p2b: Iron Hands|Iron Hands|100\/100\n|turn|9\n|\n|t:|1701088491\n|move|p1a: Corio|Protect|p1a: Corio\n|-singleturn|p1a: Corio|Protect\n|move|p2a: Flutter Mane|Moonblast|p1a: Corio\n|-activate|p1a: Corio|move: Protect\n|move|p1b: AAAAAAAAAAAH|Psychic Fangs|p2b: Iron Hands\n|-supereffective|p2b: Iron Hands\n|-damage|p2b: Iron Hands|87\/100\n|move|p2b: Iron Hands|Heavy Slam|p1b: AAAAAAAAAAAH\n|-supereffective|p1b: AAAAAAAAAAAH\n|-damage|p1b: AAAAAAAAAAAH|0 fnt\n|faint|p1b: AAAAAAAAAAAH\n|-end|p1b: AAAAAAAAAAAH|Protosynthesis|[silent]\n|\n|upkeep\n|\n|t:|1701088502\n|switch|p1b: here comes the sun|Volcarona, M|100\/100\n|turn|10\n|\n|t:|1701088519\n|move|p2a: Flutter Mane|Moonblast|p1a: Corio\n|-crit|p1a: Corio\n|-damage|p1a: Corio|0 fnt\n|faint|p1a: Corio\n|move|p1b: here comes the sun|Quiver Dance|p1b: here comes the sun\n|-boost|p1b: here comes the sun|spa|1\n|-boost|p1b: here comes the sun|spd|1\n|-boost|p1b: here comes the sun|spe|1\n|move|p2b: Iron Hands|Wild Charge|p1b: here comes the sun\n|-damage|p1b: here comes the sun|53\/100\n|-damage|p2b: Iron Hands|79\/100|[from] Recoil\n|\n|upkeep\n|turn|11\n|\n|t:|1701088534\n|move|p2a: Flutter Mane|Shadow Ball|p1b: here comes the sun\n|-damage|p1b: here comes the sun|27\/100\n|move|p1b: here comes the sun|Fiery Dance|p2a: Flutter Mane\n|-damage|p2a: Flutter Mane|0 fnt\n|-boost|p1b: here comes the sun|spa|1\n|faint|p2a: Flutter Mane\n|-end|p2a: Flutter Mane|Protosynthesis|[silent]\n|move|p2b: Iron Hands|Wild Charge|p1b: here comes the sun\n|-damage|p1b: here comes the sun|0 fnt\n|faint|p1b: here comes the sun\n|-damage|p2b: Iron Hands|74\/100|[from] Recoil\n|\n|win|test 99 ou\n|raw|PizzaSalame's rating: 1400 &rarr; <strong>1393<\/strong><br \/>(-7 for losing)\n|raw|test 99 ou's rating: 1673 &rarr; <strong>1680<\/strong><br \/>(+7 for winning)\n","uploadtime":1701088420,"views":14,"p1id":"pizzasalame","p2id":"test99ou","formatid":"gen9doublesou","rating":1393,"private":0,"password":""}