{"id":"gen9doublesou-1977890545","p1":"OPieceOfHeroGhost","p2":"GrubInTub","format":"[Gen 9] Doubles OU","log":"|j|\u2606OPieceOfHeroGhost\n|j|\u2606GrubInTub\n|t:|1698462402\n|gametype|doubles\n|player|p1|OPieceOfHeroGhost|102|1425\n|player|p2|GrubInTub|unknown|1537\n|teamsize|p1|6\n|teamsize|p2|6\n|gen|9\n|tier|[Gen 9] Doubles OU\n|rated|\n|rule|Species Clause: Limit one of each Pok\u00e9mon\n|rule|OHKO Clause: OHKO moves are banned\n|rule|Evasion Moves Clause: Evasion moves are banned\n|rule|Gravity Sleep Clause: The combination of sleep-inducing moves with imperfect accuracy and Gravity or Gigantamax Orbeetle are banned\n|rule|Endless Battle Clause: Forcing endless battles is banned\n|rule|HP Percentage Mod: HP is shown in percentages\n|clearpoke\n|poke|p1|Flutter Mane|\n|poke|p1|Iron Hands|\n|poke|p1|Landorus-Therian, M|\n|poke|p1|Ogerpon-Wellspring, F|\n|poke|p1|Heatran, M|\n|poke|p1|Chien-Pao|\n|poke|p2|Torkoal, L99, F|\n|poke|p2|Walking Wake|\n|poke|p2|Roaring Moon|\n|poke|p2|Indeedee-F, F|\n|poke|p2|Orthworm, M|\n|poke|p2|Flutter Mane|\n|teampreview\n|c|\u2606GrubInTub|gl\n|\n|t:|1698462432\n|start\n|switch|p1a: \u699c\u4e00\u5927\u59d0|Flutter Mane|100\/100\n|switch|p1b: \u8bf4\u7684\u9053\u7406|Iron Hands|100\/100\n|switch|p2a: Torkoal|Torkoal, L99, F|100\/100\n|switch|p2b: Walking Wake|Walking Wake|100\/100\n|-weather|SunnyDay|[from] ability: Drought|[of] p2a: Torkoal\n|-activate|p2b: Walking Wake|ability: Protosynthesis\n|-start|p2b: Walking Wake|protosynthesisspe\n|-activate|p1a: \u699c\u4e00\u5927\u59d0|ability: Protosynthesis\n|-start|p1a: \u699c\u4e00\u5927\u59d0|protosynthesisspa\n|turn|1\n|\n|t:|1698462464\n|-terastallize|p2b: Walking Wake|Fairy\n|move|p1b: \u8bf4\u7684\u9053\u7406|Fake Out|p2b: Walking Wake\n|-damage|p2b: Walking Wake|84\/100\n|cant|p2b: Walking Wake|flinch\n|move|p1a: \u699c\u4e00\u5927\u59d0|Moonblast|p2b: Walking Wake\n|-damage|p2b: Walking Wake|8\/100\n|move|p2a: Torkoal|Eruption|p1b: \u8bf4\u7684\u9053\u7406|[spread] p1a,p1b\n|-damage|p1a: \u699c\u4e00\u5927\u59d0|39\/100\n|-damage|p1b: \u8bf4\u7684\u9053\u7406|67\/100\n|\n|-weather|SunnyDay|[upkeep]\n|upkeep\n|turn|2\n|\n|t:|1698462502\n|-end|p1a: \u699c\u4e00\u5927\u59d0|Protosynthesis|[silent]\n|switch|p1a: \u5384\u8be1\u692a\u771f\u7684\u662f\u840c\u840c\u54d2\u5440\uff01|Ogerpon-Wellspring, F|100\/100\n|move|p2b: Walking Wake|Hydro Steam|p1a: \u5384\u8be1\u692a\u771f\u7684\u662f\u840c\u840c\u54d2\u5440\uff01\n|-immune|p1a: \u5384\u8be1\u692a\u771f\u7684\u662f\u840c\u840c\u54d2\u5440\uff01|[from] ability: Water Absorb\n|move|p1b: \u8bf4\u7684\u9053\u7406|Volt Switch|p2b: Walking Wake\n|-damage|p2b: Walking Wake|0 fnt\n|faint|p2b: Walking Wake\n|-end|p2b: Walking Wake|Protosynthesis|[silent]\n|\n|t:|1698462513\n|-end|p1b: \u8bf4\u7684\u9053\u7406|Quark Drive|[silent]\n|switch|p1b: \u706b\u8d5e\u4f01|Heatran, M|100\/100|[from] Volt Switch\n|move|p2a: Torkoal|Earth Power|p1b: \u706b\u8d5e\u4f01\n|-supereffective|p1b: \u706b\u8d5e\u4f01\n|-damage|p1b: \u706b\u8d5e\u4f01|10\/100\n|\n|-weather|SunnyDay|[upkeep]\n|-heal|p1b: \u706b\u8d5e\u4f01|16\/100|[from] item: Leftovers\n|upkeep\n|\n|t:|1698462524\n|switch|p2b: Flutter Mane|Flutter Mane|100\/100\n|-activate|p2b: Flutter Mane|ability: Protosynthesis\n|-start|p2b: Flutter Mane|protosynthesisspe\n|turn|3\n|\n|t:|1698462545\n|switch|p2a: Indeedee|Indeedee-F, F|100\/100\n|-fieldstart|move: Psychic Terrain|[from] ability: Psychic Surge|[of] p2a: Indeedee\n|move|p1b: \u706b\u8d5e\u4f01|Protect|p1b: \u706b\u8d5e\u4f01\n|-singleturn|p1b: \u706b\u8d5e\u4f01|Protect\n|move|p2b: Flutter Mane|Dazzling Gleam|p1a: \u5384\u8be1\u692a\u771f\u7684\u662f\u840c\u840c\u54d2\u5440\uff01|[spread] p1a\n|-activate|p1b: \u706b\u8d5e\u4f01|move: Protect\n|-damage|p1a: \u5384\u8be1\u692a\u771f\u7684\u662f\u840c\u840c\u54d2\u5440\uff01|72\/100\n|move|p1a: \u5384\u8be1\u692a\u771f\u7684\u662f\u840c\u840c\u54d2\u5440\uff01|Ivy Cudgel|p2b: Flutter Mane\n|-damage|p2b: Flutter Mane|36\/100\n|\n|-weather|SunnyDay|[upkeep]\n|-heal|p1b: \u706b\u8d5e\u4f01|22\/100|[from] item: Leftovers\n|upkeep\n|turn|4\n|\n|t:|1698462587\n|move|p2a: Indeedee|Follow Me|p2a: Indeedee\n|-singleturn|p2a: Indeedee|move: Follow Me\n|move|p2b: Flutter Mane|Shadow Ball|p1b: \u706b\u8d5e\u4f01\n|-damage|p1b: \u706b\u8d5e\u4f01|0 fnt\n|faint|p1b: \u706b\u8d5e\u4f01\n|move|p1a: \u5384\u8be1\u692a\u771f\u7684\u662f\u840c\u840c\u54d2\u5440\uff01|Horn Leech|p2a: Indeedee\n|-damage|p2a: Indeedee|57\/100\n|-heal|p1a: \u5384\u8be1\u692a\u771f\u7684\u662f\u840c\u840c\u54d2\u5440\uff01|93\/100|[from] drain|[of] p2a: Indeedee\n|\n|-weather|SunnyDay|[upkeep]\n|upkeep\n|\n|t:|1698462601\n|switch|p1b: ku\u94b3\u70ae|Chien-Pao|100\/100\n|-ability|p1b: ku\u94b3\u70ae|Sword of Ruin\n|turn|5\n|\n|t:|1698462619\n|switch|p1a: \u8bf4\u7684\u9053\u7406|Iron Hands|67\/100\n|move|p1b: ku\u94b3\u70ae|Protect|p1b: ku\u94b3\u70ae\n|-singleturn|p1b: ku\u94b3\u70ae|Protect\n|move|p2a: Indeedee|Follow Me|p2a: Indeedee\n|-singleturn|p2a: Indeedee|move: Follow Me\n|move|p2b: Flutter Mane|Dazzling Gleam|p1b: ku\u94b3\u70ae|[spread] p1a\n|-activate|p1b: ku\u94b3\u70ae|move: Protect\n|-supereffective|p1a: \u8bf4\u7684\u9053\u7406\n|-damage|p1a: \u8bf4\u7684\u9053\u7406|35\/100\n|\n|-weather|SunnyDay|[upkeep]\n|upkeep\n|turn|6\n|\n|t:|1698462640\n|move|p2a: Indeedee|Helping Hand|p2b: Flutter Mane\n|-singleturn|p2b: Flutter Mane|Helping Hand|[of] p2a: Indeedee\n|move|p1a: \u8bf4\u7684\u9053\u7406|Fake Out|p2a: Indeedee\n|-activate|p2a: Indeedee|move: Psychic Terrain\n|move|p1b: ku\u94b3\u70ae|Sucker Punch|p2b: Flutter Mane\n|-activate|p2b: Flutter Mane|move: Psychic Terrain\n|move|p2b: Flutter Mane|Dazzling Gleam|p1a: \u8bf4\u7684\u9053\u7406|[spread] p1a,p1b\n|-supereffective|p1a: \u8bf4\u7684\u9053\u7406\n|-supereffective|p1b: ku\u94b3\u70ae\n|-damage|p1a: \u8bf4\u7684\u9053\u7406|0 fnt\n|-enditem|p1b: ku\u94b3\u70ae|Focus Sash\n|-damage|p1b: ku\u94b3\u70ae|1\/100\n|faint|p1a: \u8bf4\u7684\u9053\u7406\n|-end|p1a: \u8bf4\u7684\u9053\u7406|Quark Drive|[silent]\n|\n|-weather|SunnyDay|[upkeep]\n|upkeep\n|c|\u2606OPieceOfHeroGhost|fuck\uff0ci forget\n|\n|t:|1698462676\n|switch|p1a: \u6700\u5f3a\u4e4b\u866b|Landorus-Therian, M|100\/100\n|-ability|p1a: \u6700\u5f3a\u4e4b\u866b|Intimidate|boost\n|-unboost|p2a: Indeedee|atk|1\n|-unboost|p2b: Flutter Mane|atk|1\n|turn|7\n|\n|t:|1698462689\n|move|p1b: ku\u94b3\u70ae|Protect|p1b: ku\u94b3\u70ae\n|-singleturn|p1b: ku\u94b3\u70ae|Protect\n|move|p2a: Indeedee|Follow Me|p2a: Indeedee\n|-singleturn|p2a: Indeedee|move: Follow Me\n|move|p2b: Flutter Mane|Dazzling Gleam|p1b: ku\u94b3\u70ae|[spread] p1a\n|-activate|p1b: ku\u94b3\u70ae|move: Protect\n|-damage|p1a: \u6700\u5f3a\u4e4b\u866b|62\/100\n|move|p1a: \u6700\u5f3a\u4e4b\u866b|Stomping Tantrum|p2a: Indeedee\n|-damage|p2a: Indeedee|3\/100\n|\n|-weather|SunnyDay|[upkeep]\n|-fieldend|move: Psychic Terrain\n|upkeep\n|turn|8\n|\n|t:|1698462707\n|move|p1b: ku\u94b3\u70ae|Sucker Punch|p2b: Flutter Mane\n|-damage|p2b: Flutter Mane|0 fnt\n|faint|p2b: Flutter Mane\n|-end|p2b: Flutter Mane|Protosynthesis|[silent]\n|move|p1a: \u6700\u5f3a\u4e4b\u866b|Stomping Tantrum|p2a: Indeedee\n|-damage|p2a: Indeedee|0 fnt\n|faint|p2a: Indeedee\n|\n|-weather|none\n|upkeep\n|\n|t:|1698462718\n|switch|p2b: Torkoal|Torkoal, L99, F|100\/100\n|switch|p2a: Orthworm|Orthworm, M|100\/100\n|-weather|SunnyDay|[from] ability: Drought|[of] p2b: Torkoal\n|turn|9\n|\n|t:|1698462732\n|move|p1a: \u6700\u5f3a\u4e4b\u866b|Stomping Tantrum|p2b: Torkoal\n|-supereffective|p2b: Torkoal\n|-damage|p2b: Torkoal|3\/100\n|move|p1b: ku\u94b3\u70ae|Throat Chop|p2a: Orthworm\n|-damage|p2a: Orthworm|72\/100\n|-start|p2a: Orthworm|Throat Chop|[silent]\n|move|p2a: Orthworm|Body Press|p1b: ku\u94b3\u70ae\n|-supereffective|p1b: ku\u94b3\u70ae\n|-crit|p1b: ku\u94b3\u70ae\n|-damage|p1b: ku\u94b3\u70ae|0 fnt\n|faint|p1b: ku\u94b3\u70ae\n|move|p2b: Torkoal|Solar Beam||[still]\n|-prepare|p2b: Torkoal|Solar Beam\n|-anim|p2b: Torkoal|Solar Beam|p1a: \u6700\u5f3a\u4e4b\u866b\n|-damage|p1a: \u6700\u5f3a\u4e4b\u866b|23\/100\n|\n|-weather|SunnyDay|[upkeep]\n|-heal|p2a: Orthworm|78\/100|[from] item: Leftovers\n|upkeep\n|\n|t:|1698462750\n|switch|p1b: \u5384\u8be1\u692a\u771f\u7684\u662f\u840c\u840c\u54d2\u5440\uff01|Ogerpon-Wellspring, F|93\/100\n|turn|10\n|\n|t:|1698462762\n|move|p1a: \u6700\u5f3a\u4e4b\u866b|Stomping Tantrum|p2a: Orthworm\n|-heal|p2a: Orthworm|100\/100|[from] ability: Earth Eater|[of] p1a: \u6700\u5f3a\u4e4b\u866b\n|move|p1b: \u5384\u8be1\u692a\u771f\u7684\u662f\u840c\u840c\u54d2\u5440\uff01|Horn Leech|p2b: Torkoal\n|-resisted|p2b: Torkoal\n|-damage|p2b: Torkoal|0 fnt\n|-heal|p1b: \u5384\u8be1\u692a\u771f\u7684\u662f\u840c\u840c\u54d2\u5440\uff01|94\/100|[from] drain|[of] p2b: Torkoal\n|faint|p2b: Torkoal\n|move|p2a: Orthworm|Body Press|p1b: \u5384\u8be1\u692a\u771f\u7684\u662f\u840c\u840c\u54d2\u5440\uff01\n|-damage|p1b: \u5384\u8be1\u692a\u771f\u7684\u662f\u840c\u840c\u54d2\u5440\uff01|61\/100\n|\n|-weather|SunnyDay|[upkeep]\n|-end|p2a: Orthworm|Throat Chop|[silent]\n|upkeep\n|\n|t:|1698462768\n|switch|p2b: Roaring Moon|Roaring Moon|100\/100\n|-activate|p2b: Roaring Moon|ability: Protosynthesis\n|-start|p2b: Roaring Moon|protosynthesisspe\n|turn|11\n|c|\u2606OPieceOfHeroGhost|i am dum\n|\n|t:|1698462796\n|move|p1b: \u5384\u8be1\u692a\u771f\u7684\u662f\u840c\u840c\u54d2\u5440\uff01|Spiky Shield|p1b: \u5384\u8be1\u692a\u771f\u7684\u662f\u840c\u840c\u54d2\u5440\uff01\n|-singleturn|p1b: \u5384\u8be1\u692a\u771f\u7684\u662f\u840c\u840c\u54d2\u5440\uff01|move: Protect\n|move|p2b: Roaring Moon|Knock Off|p1a: \u6700\u5f3a\u4e4b\u866b\n|-damage|p1a: \u6700\u5f3a\u4e4b\u866b|0 fnt\n|-enditem|p1a: \u6700\u5f3a\u4e4b\u866b|Choice Scarf|[from] move: Knock Off|[of] p2b: Roaring Moon\n|faint|p1a: \u6700\u5f3a\u4e4b\u866b\n|move|p2a: Orthworm|Body Press|p1b: \u5384\u8be1\u692a\u771f\u7684\u662f\u840c\u840c\u54d2\u5440\uff01\n|-activate|p1b: \u5384\u8be1\u692a\u771f\u7684\u662f\u840c\u840c\u54d2\u5440\uff01|move: Protect\n|-damage|p2a: Orthworm|88\/100|[from] Spiky Shield|[of] p1b: \u5384\u8be1\u692a\u771f\u7684\u662f\u840c\u840c\u54d2\u5440\uff01\n|\n|-weather|SunnyDay|[upkeep]\n|-heal|p2a: Orthworm|94\/100|[from] item: Leftovers\n|upkeep\n|c|\u2606GrubInTub|its okay i also forget about terrains and earth eater\n|\n|t:|1698462822\n|switch|p1a: \u699c\u4e00\u5927\u59d0|Flutter Mane|39\/100\n|-activate|p1a: \u699c\u4e00\u5927\u59d0|ability: Protosynthesis\n|-start|p1a: \u699c\u4e00\u5927\u59d0|protosynthesisspa\n|turn|12\n|\n|t:|1698462833\n|move|p1b: \u5384\u8be1\u692a\u771f\u7684\u662f\u840c\u840c\u54d2\u5440\uff01|Follow Me|p1b: \u5384\u8be1\u692a\u771f\u7684\u662f\u840c\u840c\u54d2\u5440\uff01\n|-singleturn|p1b: \u5384\u8be1\u692a\u771f\u7684\u662f\u840c\u840c\u54d2\u5440\uff01|move: Follow Me\n|move|p2b: Roaring Moon|Knock Off|p1b: \u5384\u8be1\u692a\u771f\u7684\u662f\u840c\u840c\u54d2\u5440\uff01\n|-damage|p1b: \u5384\u8be1\u692a\u771f\u7684\u662f\u840c\u840c\u54d2\u5440\uff01|11\/100\n|move|p1a: \u699c\u4e00\u5927\u59d0|Dazzling Gleam|p2a: Orthworm|[spread] p2a,p2b\n|-resisted|p2a: Orthworm\n|-supereffective|p2b: Roaring Moon\n|-damage|p2a: Orthworm|59\/100\n|-damage|p2b: Roaring Moon|0 fnt\n|faint|p2b: Roaring Moon\n|-end|p2b: Roaring Moon|Protosynthesis|[silent]\n|move|p2a: Orthworm|Body Press|p1b: \u5384\u8be1\u692a\u771f\u7684\u662f\u840c\u840c\u54d2\u5440\uff01\n|-damage|p1b: \u5384\u8be1\u692a\u771f\u7684\u662f\u840c\u840c\u54d2\u5440\uff01|0 fnt\n|faint|p1b: \u5384\u8be1\u692a\u771f\u7684\u662f\u840c\u840c\u54d2\u5440\uff01\n|\n|-weather|SunnyDay|[upkeep]\n|-heal|p2a: Orthworm|65\/100|[from] item: Leftovers\n|upkeep\n|turn|13\n|c|\u2606GrubInTub|gg\n|\n|t:|1698462855\n|move|p1a: \u699c\u4e00\u5927\u59d0|Shadow Ball|p2a: Orthworm\n|-damage|p2a: Orthworm|0 fnt\n|faint|p2a: Orthworm\n|\n|win|OPieceOfHeroGhost\n|raw|OPieceOfHeroGhost's rating: 1425 &rarr; <strong>1451<\/strong><br \/>(+26 for winning)\n|raw|GrubInTub's rating: 1537 &rarr; <strong>1511<\/strong><br \/>(-26 for losing)\n|l|\u2606GrubInTub\n","uploadtime":1698462867,"views":15,"p1id":"opieceofheroghost","p2id":"grubintub","formatid":"gen9doublesou","rating":1451,"private":0,"password":""}