{"id":"gen9doublesou-1970978564","p1":"Philofdafuture","p2":"HyenaStreamer","format":"[Gen 9] Doubles OU","log":"|j|\u2606Philofdafuture\n|j|\u2606HyenaStreamer\n|t:|1697687646\n|gametype|doubles\n|player|p1|Philofdafuture|cynthia|1142\n|player|p2|HyenaStreamer|whitney|1138\n|teamsize|p1|6\n|teamsize|p2|6\n|gen|9\n|tier|[Gen 9] Doubles OU\n|rated|\n|rule|Species Clause: Limit one of each Pok\u00e9mon\n|rule|OHKO Clause: OHKO moves are banned\n|rule|Evasion Moves Clause: Evasion moves are banned\n|rule|Gravity Sleep Clause: The combination of sleep-inducing moves with imperfect accuracy and Gravity or Gigantamax Orbeetle are banned\n|rule|Endless Battle Clause: Forcing endless battles is banned\n|rule|HP Percentage Mod: HP is shown in percentages\n|clearpoke\n|poke|p1|Fezandipiti, M|\n|poke|p1|Wo-Chien|\n|poke|p1|Roaring Moon|\n|poke|p1|Rillaboom, M|\n|poke|p1|Infernape, F|\n|poke|p1|Zangoose, M|\n|poke|p2|Ambipom, M|\n|poke|p2|Sinistcha|\n|poke|p2|Gliscor, F|\n|poke|p2|Ogerpon-Hearthflame, F|\n|poke|p2|Clefairy, F|\n|poke|p2|Gyarados, F|\n|teampreview\n|inactive|Battle timer is ON: inactive players will automatically lose when time's up. (requested by HyenaStreamer)\n|\n|t:|1697687661\n|start\n|switch|p1a: Fezandipiti|Fezandipiti, M|100\/100\n|switch|p1b: Rillaboom|Rillaboom, M|100\/100\n|switch|p2a: Ambipom|Ambipom, M, shiny|100\/100\n|switch|p2b: Gliscor|Gliscor, F|100\/100\n|-fieldstart|move: Grassy Terrain|[from] ability: Grassy Surge|[of] p1b: Rillaboom\n|turn|1\n|\n|t:|1697687683\n|move|p2a: Ambipom|Fake Out|p1a: Fezandipiti\n|-damage|p1a: Fezandipiti|55\/100\n|-damage|p2a: Ambipom|91\/100|[from] item: Life Orb\n|move|p1b: Rillaboom|Fake Out|p2a: Ambipom\n|-damage|p2a: Ambipom|66\/100\n|cant|p1a: Fezandipiti|flinch\n|move|p2b: Gliscor|Swords Dance|p2b: Gliscor\n|-boost|p2b: Gliscor|atk|2\n|\n|-heal|p2a: Ambipom|72\/100|[from] Grassy Terrain\n|-heal|p1a: Fezandipiti|61\/100|[from] Grassy Terrain\n|-heal|p1a: Fezandipiti|68\/100|[from] item: Black Sludge\n|-status|p2b: Gliscor|tox|[from] item: Toxic Orb\n|upkeep\n|turn|2\n|\n|t:|1697687705\n|move|p1b: Rillaboom|Grassy Glide|p2b: Gliscor\n|-damage|p2b: Gliscor|62\/100 tox\n|move|p2a: Ambipom|Last Resort|p1a: Fezandipiti\n|-damage|p1a: Fezandipiti|0 fnt\n|faint|p1a: Fezandipiti\n|-damage|p2a: Ambipom|62\/100|[from] item: Life Orb\n|move|p2b: Gliscor|Ice Fang|p1b: Rillaboom|[miss]\n|-miss|p2b: Gliscor|p1b: Rillaboom\n|\n|-heal|p2a: Ambipom|69\/100|[from] Grassy Terrain\n|-heal|p2b: Gliscor|74\/100 tox|[from] ability: Poison Heal\n|upkeep\n|inactive|Philofdafuture has 120 seconds left.\n|\n|t:|1697687722\n|switch|p1a: Roaring Moon|Roaring Moon|100\/100\n|-enditem|p1a: Roaring Moon|Booster Energy\n|-activate|p1a: Roaring Moon|ability: Protosynthesis|[fromitem]\n|-start|p1a: Roaring Moon|protosynthesisatk\n|turn|3\n|\n|t:|1697687732\n|move|p1b: Rillaboom|Grassy Glide|p2a: Ambipom\n|-damage|p2a: Ambipom|8\/100\n|move|p1a: Roaring Moon|Rock Slide|p2b: Gliscor|[spread] p2a,p2b\n|-damage|p2a: Ambipom|0 fnt\n|-damage|p2b: Gliscor|47\/100 tox\n|faint|p2a: Ambipom\n|move|p2b: Gliscor|Ice Fang|p1a: Roaring Moon|[miss]\n|-miss|p2b: Gliscor|p1a: Roaring Moon\n|\n|-heal|p2b: Gliscor|59\/100 tox|[from] ability: Poison Heal\n|upkeep\n|\n|t:|1697687744\n|switch|p2a: Gyarados|Gyarados, F|100\/100\n|-ability|p2a: Gyarados|Intimidate|boost\n|-unboost|p1a: Roaring Moon|atk|1\n|-unboost|p1b: Rillaboom|atk|1\n|turn|4\n|\n|t:|1697687763\n|move|p2b: Gliscor|Protect|p2b: Gliscor\n|-singleturn|p2b: Gliscor|Protect\n|move|p1a: Roaring Moon|Rock Slide|p2a: Gyarados|[spread] p2a\n|-activate|p2b: Gliscor|move: Protect\n|-supereffective|p2a: Gyarados\n|-damage|p2a: Gyarados|55\/100\n|move|p1b: Rillaboom|U-turn|p2b: Gliscor\n|-activate|p2b: Gliscor|move: Protect\n|move|p2a: Gyarados|Icy Wind|p1b: Rillaboom|[spread] p1a,p1b\n|-supereffective|p1a: Roaring Moon\n|-supereffective|p1b: Rillaboom\n|-damage|p1a: Roaring Moon|89\/100\n|-damage|p1b: Rillaboom|91\/100\n|-unboost|p1a: Roaring Moon|spe|1\n|-unboost|p1b: Rillaboom|spe|1\n|\n|-heal|p1a: Roaring Moon|95\/100|[from] Grassy Terrain\n|-heal|p2a: Gyarados|61\/100|[from] item: Leftovers\n|-heal|p1b: Rillaboom|97\/100|[from] Grassy Terrain\n|-heal|p2b: Gliscor|72\/100 tox|[from] ability: Poison Heal\n|upkeep\n|turn|5\n|inactive|Philofdafuture has 120 seconds left.\n|inactive|HyenaStreamer has 120 seconds left.\n|\n|t:|1697687795\n|-end|p1a: Roaring Moon|Protosynthesis|[silent]\n|switch|p1a: Wo-Chien|Wo-Chien|100\/100\n|-ability|p1a: Wo-Chien|Tablets of Ruin\n|move|p2b: Gliscor|Ice Fang|p1a: Wo-Chien\n|-supereffective|p1a: Wo-Chien\n|-damage|p1a: Wo-Chien|53\/100\n|move|p2a: Gyarados|Thunder Wave|p1b: Rillaboom\n|-status|p1b: Rillaboom|par\n|move|p1b: Rillaboom|U-turn|p2a: Gyarados\n|-resisted|p2a: Gyarados\n|-damage|p2a: Gyarados|54\/100\n|inactive|Philofdafuture has 120 seconds left.\n|\n|t:|1697687820\n|switch|p1b: Infernape|Infernape, F|100\/100|[from] U-turn\n|\n|-heal|p2a: Gyarados|60\/100|[from] item: Leftovers\n|-heal|p1a: Wo-Chien|60\/100|[from] Grassy Terrain\n|-heal|p1a: Wo-Chien|66\/100|[from] item: Leftovers\n|-heal|p2b: Gliscor|84\/100 tox|[from] ability: Poison Heal\n|-fieldend|move: Grassy Terrain\n|upkeep\n|turn|6\n|inactive|Philofdafuture has 120 seconds left.\n|\n|t:|1697687834\n|move|p2a: Gyarados|Helping Hand|p2b: Gliscor\n|-singleturn|p2b: Gliscor|Helping Hand|[of] p2a: Gyarados\n|move|p1b: Infernape|Thunder Punch|p2a: Gyarados\n|-supereffective|p2a: Gyarados\n|-damage|p2a: Gyarados|0 fnt\n|faint|p2a: Gyarados\n|move|p2b: Gliscor|Earthquake|p1b: Infernape|[spread] p1a,p1b\n|-resisted|p1a: Wo-Chien\n|-supereffective|p1b: Infernape\n|-damage|p1a: Wo-Chien|34\/100\n|-damage|p1b: Infernape|0 fnt\n|faint|p1b: Infernape\n|move|p1a: Wo-Chien|Leech Seed|p2b: Gliscor\n|-start|p2b: Gliscor|move: Leech Seed\n|\n|-heal|p1a: Wo-Chien|40\/100|[from] item: Leftovers\n|-damage|p2b: Gliscor|72\/100 tox|[from] Leech Seed|[of] p1a: Wo-Chien\n|-heal|p1a: Wo-Chien|50\/100|[silent]\n|-heal|p2b: Gliscor|84\/100 tox|[from] ability: Poison Heal\n|upkeep\n|\n|t:|1697687859\n|switch|p1b: Rillaboom|Rillaboom, M|97\/100 par\n|switch|p2a: Clefairy|Clefairy, F|100\/100\n|-fieldstart|move: Grassy Terrain|[from] ability: Grassy Surge|[of] p1b: Rillaboom\n|turn|7\n|\n|t:|1697687882\n|switch|p2b: Sinistcha|Sinistcha|100\/100\n|move|p1b: Rillaboom|Fake Out|p2b: Sinistcha\n|-immune|p2b: Sinistcha\n|move|p1a: Wo-Chien|Leech Seed|p2a: Clefairy|[miss]\n|-miss|p1a: Wo-Chien|p2a: Clefairy\n|move|p2a: Clefairy|Icy Wind|p1b: Rillaboom|[spread] p1a,p1b\n|-supereffective|p1a: Wo-Chien\n|-supereffective|p1b: Rillaboom\n|-damage|p1a: Wo-Chien|43\/100\n|-damage|p1b: Rillaboom|87\/100 par\n|-unboost|p1a: Wo-Chien|spe|1\n|-unboost|p1b: Rillaboom|spe|1\n|\n|-heal|p1a: Wo-Chien|49\/100|[from] Grassy Terrain\n|-heal|p1a: Wo-Chien|55\/100|[from] item: Leftovers\n|-heal|p1b: Rillaboom|93\/100 par|[from] Grassy Terrain\n|upkeep\n|turn|8\n|\n|t:|1697687908\n|move|p2b: Sinistcha|Hex|p1b: Rillaboom\n|-damage|p1b: Rillaboom|43\/100 par\n|move|p1a: Wo-Chien|Leech Seed|p2a: Clefairy\n|-start|p2a: Clefairy|move: Leech Seed\n|move|p2a: Clefairy|Icy Wind|p1b: Rillaboom|[spread] p1a,p1b\n|-supereffective|p1a: Wo-Chien\n|-supereffective|p1b: Rillaboom\n|-damage|p1a: Wo-Chien|49\/100\n|-damage|p1b: Rillaboom|32\/100 par\n|-unboost|p1a: Wo-Chien|spe|1\n|-unboost|p1b: Rillaboom|spe|1\n|move|p1b: Rillaboom|U-turn|p2b: Sinistcha\n|-damage|p2b: Sinistcha|87\/100\n|\n|t:|1697687923\n|switch|p1b: Roaring Moon|Roaring Moon|95\/100|[from] U-turn\n|\n|-heal|p1b: Roaring Moon|100\/100|[from] Grassy Terrain\n|-heal|p2b: Sinistcha|94\/100|[from] Grassy Terrain\n|-heal|p1a: Wo-Chien|56\/100|[from] Grassy Terrain\n|-heal|p1a: Wo-Chien|62\/100|[from] item: Leftovers\n|-damage|p2a: Clefairy|88\/100|[from] Leech Seed|[of] p1a: Wo-Chien\n|-heal|p1a: Wo-Chien|73\/100|[silent]\n|upkeep\n|turn|9\n|\n|t:|1697687947\n|move|p2a: Clefairy|Follow Me|p2a: Clefairy\n|-singleturn|p2a: Clefairy|move: Follow Me\n|move|p1b: Roaring Moon|Acrobatics|p2a: Clefairy\n|-damage|p2a: Clefairy|62\/100\n|move|p2b: Sinistcha|Matcha Gotcha|p1a: Wo-Chien|[spread] p1a,p1b\n|-resisted|p1a: Wo-Chien\n|-resisted|p1b: Roaring Moon\n|-damage|p1a: Wo-Chien|61\/100\n|-heal|p2b: Sinistcha|99\/100|[from] drain|[of] p1a: Wo-Chien\n|-damage|p1b: Roaring Moon|81\/100\n|-heal|p2b: Sinistcha|100\/100|[from] drain|[of] p1b: Roaring Moon\n|move|p1a: Wo-Chien|Snarl|p2a: Clefairy|[spread] p2a,p2b\n|-resisted|p2a: Clefairy\n|-supereffective|p2b: Sinistcha\n|-damage|p2a: Clefairy|56\/100\n|-damage|p2b: Sinistcha|85\/100\n|-unboost|p2a: Clefairy|spa|1\n|-unboost|p2b: Sinistcha|spa|1\n|\n|-heal|p1b: Roaring Moon|87\/100|[from] Grassy Terrain\n|-heal|p2b: Sinistcha|91\/100|[from] Grassy Terrain\n|-heal|p2a: Clefairy|62\/100|[from] Grassy Terrain\n|-heal|p1a: Wo-Chien|68\/100|[from] Grassy Terrain\n|-heal|p1a: Wo-Chien|74\/100|[from] item: Leftovers\n|-damage|p2a: Clefairy|49\/100|[from] Leech Seed|[of] p1a: Wo-Chien\n|-heal|p1a: Wo-Chien|85\/100|[silent]\n|upkeep\n|turn|10\n|inactive|HyenaStreamer has 120 seconds left.\n|\n|t:|1697687978\n|switch|p2a: Ogerpon|Ogerpon-Hearthflame, F|100\/100\n|-ability|p2a: Ogerpon|Mold Breaker\n|-terastallize|p2b: Sinistcha|Water\n|move|p1b: Roaring Moon|Rock Slide|p2a: Ogerpon|[spread] p2a\n|-miss|p1b: Roaring Moon|p2b: Sinistcha\n|-supereffective|p2a: Ogerpon\n|-damage|p2a: Ogerpon|58\/100\n|move|p2b: Sinistcha|Scald|p1b: Roaring Moon\n|-resisted|p1b: Roaring Moon\n|-damage|p1b: Roaring Moon|73\/100\n|move|p1a: Wo-Chien|Snarl|p2b: Sinistcha|[spread] p2a,p2b\n|-damage|p2a: Ogerpon|42\/100\n|-damage|p2b: Sinistcha|81\/100\n|-unboost|p2a: Ogerpon|spa|1\n|-unboost|p2b: Sinistcha|spa|1\n|\n|-heal|p1b: Roaring Moon|79\/100|[from] Grassy Terrain\n|-heal|p2a: Ogerpon|48\/100|[from] Grassy Terrain\n|-heal|p2b: Sinistcha|87\/100|[from] Grassy Terrain\n|-heal|p1a: Wo-Chien|91\/100|[from] Grassy Terrain\n|-heal|p1a: Wo-Chien|98\/100|[from] item: Leftovers\n|upkeep\n|turn|11\n|inactive|HyenaStreamer has 120 seconds left.\n|inactive|Philofdafuture has 120 seconds left.\n|\n|t:|1697688009\n|move|p2a: Ogerpon|Spiky Shield|p2a: Ogerpon\n|-singleturn|p2a: Ogerpon|move: Protect\n|move|p1a: Wo-Chien|Protect|p1a: Wo-Chien\n|-singleturn|p1a: Wo-Chien|Protect\n|move|p1b: Roaring Moon|Acrobatics|p2a: Ogerpon\n|-activate|p2a: Ogerpon|move: Protect\n|-damage|p1b: Roaring Moon|67\/100|[from] Spiky Shield|[of] p2a: Ogerpon\n|move|p2b: Sinistcha|Scald|p1b: Roaring Moon\n|-resisted|p1b: Roaring Moon\n|-damage|p1b: Roaring Moon|57\/100\n|\n|-heal|p1b: Roaring Moon|63\/100|[from] Grassy Terrain\n|-heal|p2a: Ogerpon|54\/100|[from] Grassy Terrain\n|-heal|p2b: Sinistcha|93\/100|[from] Grassy Terrain\n|-heal|p1a: Wo-Chien|100\/100|[from] Grassy Terrain\n|-fieldend|move: Grassy Terrain\n|upkeep\n|turn|12\n|inactive|Philofdafuture has 120 seconds left.\n|\n|t:|1697688044\n|switch|p2a: Clefairy|Clefairy, F|49\/100\n|-terastallize|p1a: Wo-Chien|Electric\n|move|p1b: Roaring Moon|Breaking Swipe|p2a: Clefairy|[spread] p2b\n|-immune|p2a: Clefairy\n|-damage|p2b: Sinistcha|80\/100\n|-unboost|p2b: Sinistcha|atk|1\n|move|p2b: Sinistcha|Scald|p1b: Roaring Moon\n|-resisted|p1b: Roaring Moon\n|-damage|p1b: Roaring Moon|52\/100\n|move|p1a: Wo-Chien|Snarl|p2a: Clefairy|[spread] p2a,p2b\n|-resisted|p2a: Clefairy\n|-damage|p2a: Clefairy|44\/100\n|-damage|p2b: Sinistcha|72\/100\n|-unboost|p2a: Clefairy|spa|1\n|-unboost|p2b: Sinistcha|spa|1\n|\n|upkeep\n|turn|13\n|\n|t:|1697688063\n|move|p1b: Roaring Moon|Rock Slide|p2b: Sinistcha|[spread] p2a,p2b\n|-damage|p2a: Clefairy|31\/100\n|-damage|p2b: Sinistcha|61\/100\n|move|p2b: Sinistcha|Scald|p1b: Roaring Moon\n|-resisted|p1b: Roaring Moon\n|-damage|p1b: Roaring Moon|43\/100\n|-status|p1b: Roaring Moon|brn\n|move|p2a: Clefairy|Life Dew|p2a: Clefairy|[spread] p2a,p2b\n|-heal|p2a: Clefairy|56\/100\n|-heal|p2b: Sinistcha|86\/100\n|move|p1a: Wo-Chien|Leech Seed|p2a: Clefairy\n|-start|p2a: Clefairy|move: Leech Seed\n|\n|-damage|p2a: Clefairy|44\/100|[from] Leech Seed|[of] p1a: Wo-Chien\n|-damage|p1b: Roaring Moon|37\/100 brn|[from] brn\n|upkeep\n|turn|14\n|\n|t:|1697688084\n|-end|p1b: Roaring Moon|Protosynthesis|[silent]\n|switch|p1b: Zangoose|Zangoose, M|100\/100\n|switch|p2a: Gliscor|Gliscor, F|84\/100 tox\n|move|p2b: Sinistcha|Hex|p1b: Zangoose\n|-immune|p1b: Zangoose\n|move|p1a: Wo-Chien|Snarl|p2b: Sinistcha|[spread] p2a,p2b\n|-damage|p2a: Gliscor|63\/100 tox\n|-damage|p2b: Sinistcha|74\/100\n|-unboost|p2a: Gliscor|spa|1\n|-unboost|p2b: Sinistcha|spa|1\n|\n|-heal|p2a: Gliscor|76\/100 tox|[from] ability: Poison Heal\n|-status|p1b: Zangoose|tox|[from] item: Toxic Orb\n|upkeep\n|turn|15\n|inactive|HyenaStreamer has 120 seconds left.\n|\n|t:|1697688114\n|switch|p2b: Clefairy|Clefairy, F|44\/100\n|move|p2a: Gliscor|Protect|p2a: Gliscor\n|-singleturn|p2a: Gliscor|Protect\n|move|p1b: Zangoose|Facade|p2a: Gliscor\n|-activate|p2a: Gliscor|move: Protect\n|move|p1a: Wo-Chien|Leech Seed|p2b: Clefairy\n|-start|p2b: Clefairy|move: Leech Seed\n|\n|-damage|p2b: Clefairy|31\/100|[from] Leech Seed|[of] p1a: Wo-Chien\n|-heal|p2a: Gliscor|88\/100 tox|[from] ability: Poison Heal\n|-damage|p1b: Zangoose|95\/100 tox|[from] psn\n|upkeep\n|turn|16\n|\n|t:|1697688138\n|move|p2b: Clefairy|Follow Me|p2b: Clefairy\n|-singleturn|p2b: Clefairy|move: Follow Me\n|move|p2a: Gliscor|Swords Dance|p2a: Gliscor\n|-boost|p2a: Gliscor|atk|2\n|move|p1b: Zangoose|Facade|p2b: Clefairy\n|-damage|p2b: Clefairy|0 fnt\n|faint|p2b: Clefairy\n|move|p1a: Wo-Chien|Leech Seed|p2a: Gliscor\n|-start|p2a: Gliscor|move: Leech Seed\n|\n|-damage|p2a: Gliscor|76\/100 tox|[from] Leech Seed|[of] p1a: Wo-Chien\n|-heal|p2a: Gliscor|88\/100 tox|[from] ability: Poison Heal\n|-damage|p1b: Zangoose|83\/100 tox|[from] psn\n|upkeep\n|inactive|HyenaStreamer has 120 seconds left.\n|\n|t:|1697688150\n|switch|p2b: Ogerpon|Ogerpon-Hearthflame, F|54\/100\n|-ability|p2b: Ogerpon|Mold Breaker\n|turn|17\n|\n|t:|1697688164\n|move|p1a: Wo-Chien|Protect|p1a: Wo-Chien\n|-singleturn|p1a: Wo-Chien|Protect\n|move|p2b: Ogerpon|Ivy Cudgel|p1b: Zangoose\n|-damage|p1b: Zangoose|4\/100 tox\n|move|p2a: Gliscor|Ice Fang|p1b: Zangoose\n|-damage|p1b: Zangoose|0 fnt\n|faint|p1b: Zangoose\n|\n|-damage|p2a: Gliscor|76\/100 tox|[from] Leech Seed|[of] p1a: Wo-Chien\n|-heal|p2a: Gliscor|88\/100 tox|[from] ability: Poison Heal\n|upkeep\n|\n|t:|1697688175\n|switch|p1b: Rillaboom|Rillaboom, M|32\/100 par\n|-fieldstart|move: Grassy Terrain|[from] ability: Grassy Surge|[of] p1b: Rillaboom\n|turn|18\n|inactive|Philofdafuture has 120 seconds left.\n|\n|t:|1697688210\n|move|p2b: Ogerpon|Spiky Shield|p2b: Ogerpon\n|-singleturn|p2b: Ogerpon|move: Protect\n|move|p2a: Gliscor|Protect|p2a: Gliscor\n|-singleturn|p2a: Gliscor|Protect\n|move|p1b: Rillaboom|U-turn|p2b: Ogerpon\n|-activate|p2b: Ogerpon|move: Protect\n|-damage|p1b: Rillaboom|19\/100 par|[from] Spiky Shield|[of] p2b: Ogerpon\n|move|p1a: Wo-Chien|Giga Drain|p2a: Gliscor\n|-activate|p2a: Gliscor|move: Protect\n|\n|-heal|p2b: Ogerpon|60\/100|[from] Grassy Terrain\n|-heal|p1b: Rillaboom|25\/100 par|[from] Grassy Terrain\n|-damage|p2a: Gliscor|76\/100 tox|[from] Leech Seed|[of] p1a: Wo-Chien\n|-heal|p2a: Gliscor|88\/100 tox|[from] ability: Poison Heal\n|upkeep\n|turn|19\n|inactive|Philofdafuture has 120 seconds left.\n|\n|t:|1697688244\n|move|p1b: Rillaboom|Grassy Glide|p2a: Gliscor\n|-damage|p2a: Gliscor|61\/100 tox\n|move|p2b: Ogerpon|Ivy Cudgel|p1a: Wo-Chien\n|-damage|p1a: Wo-Chien|60\/100\n|move|p2a: Gliscor|Ice Fang|p1b: Rillaboom\n|-supereffective|p1b: Rillaboom\n|-damage|p1b: Rillaboom|0 fnt\n|faint|p1b: Rillaboom\n|move|p1a: Wo-Chien|Giga Drain|p2a: Gliscor\n|-damage|p2a: Gliscor|11\/100 tox\n|-heal|p1a: Wo-Chien|79\/100|[from] drain|[of] p2a: Gliscor\n|\n|-heal|p2b: Ogerpon|66\/100|[from] Grassy Terrain\n|-heal|p1a: Wo-Chien|85\/100|[from] Grassy Terrain\n|-heal|p1a: Wo-Chien|91\/100|[from] item: Leftovers\n|-damage|p2a: Gliscor|0 fnt|[from] Leech Seed|[of] p1a: Wo-Chien\n|-heal|p1a: Wo-Chien|99\/100|[silent]\n|faint|p2a: Gliscor\n|upkeep\n|\n|t:|1697688261\n|switch|p2a: Sinistcha|Sinistcha, tera:Water|74\/100\n|switch|p1b: Roaring Moon|Roaring Moon|37\/100 brn\n|turn|20\n|\n|t:|1697688290\n|move|p2b: Ogerpon|Spiky Shield|p2b: Ogerpon\n|-singleturn|p2b: Ogerpon|move: Protect\n|move|p1b: Roaring Moon|Rock Slide|p2b: Ogerpon|[spread] p2a\n|-activate|p2b: Ogerpon|move: Protect\n|-damage|p2a: Sinistcha|67\/100\n|move|p2a: Sinistcha|Matcha Gotcha|p1b: Roaring Moon|[spread] p1a,p1b\n|-resisted|p1b: Roaring Moon\n|-damage|p1a: Wo-Chien|79\/100\n|-heal|p2a: Sinistcha|78\/100|[from] drain|[of] p1a: Wo-Chien\n|-damage|p1b: Roaring Moon|17\/100 brn\n|-heal|p2a: Sinistcha|88\/100|[from] drain|[of] p1b: Roaring Moon\n|move|p1a: Wo-Chien|Leech Seed|p2a: Sinistcha\n|-start|p2a: Sinistcha|move: Leech Seed\n|\n|-heal|p1b: Roaring Moon|23\/100 brn|[from] Grassy Terrain\n|-heal|p2b: Ogerpon|72\/100|[from] Grassy Terrain\n|-heal|p2a: Sinistcha|94\/100|[from] Grassy Terrain\n|-heal|p1a: Wo-Chien|85\/100|[from] Grassy Terrain\n|-heal|p1a: Wo-Chien|91\/100|[from] item: Leftovers\n|-damage|p2a: Sinistcha|82\/100|[from] Leech Seed|[of] p1a: Wo-Chien\n|-heal|p1a: Wo-Chien|100\/100|[silent]\n|-damage|p1b: Roaring Moon|17\/100 brn|[from] brn\n|upkeep\n|turn|21\n|inactive|Philofdafuture has 120 seconds left.\n|inactive|HyenaStreamer has 120 seconds left.\n|\n|t:|1697688325\n|move|p1b: Roaring Moon|Breaking Swipe|p2a: Sinistcha|[spread] p2a,p2b\n|-damage|p2a: Sinistcha|73\/100\n|-damage|p2b: Ogerpon|60\/100\n|-unboost|p2a: Sinistcha|atk|1\n|-unboost|p2b: Ogerpon|atk|1\n|move|p2b: Ogerpon|Ivy Cudgel|p1a: Wo-Chien\n|-damage|p1a: Wo-Chien|74\/100\n|move|p2a: Sinistcha|Matcha Gotcha|p1b: Roaring Moon|[spread] p1a,p1b\n|-resisted|p1b: Roaring Moon\n|-crit|p1b: Roaring Moon\n|-damage|p1a: Wo-Chien|52\/100\n|-heal|p2a: Sinistcha|85\/100|[from] drain|[of] p1a: Wo-Chien\n|-damage|p1b: Roaring Moon|0 fnt\n|-heal|p2a: Sinistcha|93\/100|[from] drain|[of] p1b: Roaring Moon\n|faint|p1b: Roaring Moon\n|-end|p1b: Roaring Moon|Protosynthesis|[silent]\n|move|p1a: Wo-Chien|Snarl|p2b: Ogerpon|[spread] p2a,p2b\n|-damage|p2a: Sinistcha|82\/100\n|-damage|p2b: Ogerpon|44\/100\n|-unboost|p2a: Sinistcha|spa|1\n|-unboost|p2b: Ogerpon|spa|1\n|\n|-heal|p2b: Ogerpon|50\/100|[from] Grassy Terrain\n|-heal|p2a: Sinistcha|88\/100|[from] Grassy Terrain\n|-heal|p1a: Wo-Chien|59\/100|[from] Grassy Terrain\n|-heal|p1a: Wo-Chien|65\/100|[from] item: Leftovers\n|-damage|p2a: Sinistcha|76\/100|[from] Leech Seed|[of] p1a: Wo-Chien\n|-heal|p1a: Wo-Chien|76\/100|[silent]\n|upkeep\n|turn|22\n|inactive|Philofdafuture has 120 seconds left.\n|inactive|HyenaStreamer has 120 seconds left.\n|\n|t:|1697688355\n|move|p2b: Ogerpon|Ivy Cudgel|p1a: Wo-Chien\n|-damage|p1a: Wo-Chien|51\/100\n|move|p2a: Sinistcha|Scald|p1a: Wo-Chien\n|-damage|p1a: Wo-Chien|35\/100\n|move|p1a: Wo-Chien|Giga Drain|p2b: Ogerpon\n|-resisted|p2b: Ogerpon\n|-damage|p2b: Ogerpon|40\/100\n|-heal|p1a: Wo-Chien|39\/100|[from] drain|[of] p2b: Ogerpon\n|\n|-heal|p2b: Ogerpon|46\/100|[from] Grassy Terrain\n|-heal|p2a: Sinistcha|82\/100|[from] Grassy Terrain\n|-heal|p1a: Wo-Chien|45\/100|[from] Grassy Terrain\n|-heal|p1a: Wo-Chien|51\/100|[from] item: Leftovers\n|-damage|p2a: Sinistcha|69\/100|[from] Leech Seed|[of] p1a: Wo-Chien\n|-heal|p1a: Wo-Chien|63\/100|[silent]\n|-fieldend|move: Grassy Terrain\n|upkeep\n|turn|23\n|\n|t:|1697688376\n|move|p2b: Ogerpon|Ivy Cudgel|p1a: Wo-Chien\n|-damage|p1a: Wo-Chien|36\/100\n|move|p2a: Sinistcha|Scald|p1a: Wo-Chien\n|-damage|p1a: Wo-Chien|21\/100\n|move|p1a: Wo-Chien|Giga Drain|p2b: Ogerpon\n|-resisted|p2b: Ogerpon\n|-damage|p2b: Ogerpon|38\/100\n|-heal|p1a: Wo-Chien|25\/100|[from] drain|[of] p2b: Ogerpon\n|\n|-heal|p1a: Wo-Chien|31\/100|[from] item: Leftovers\n|-damage|p2a: Sinistcha|57\/100|[from] Leech Seed|[of] p1a: Wo-Chien\n|-heal|p1a: Wo-Chien|42\/100|[silent]\n|upkeep\n|turn|24\n|\n|t:|1697688390\n|move|p1a: Wo-Chien|Protect|p1a: Wo-Chien\n|-singleturn|p1a: Wo-Chien|Protect\n|move|p2b: Ogerpon|Ivy Cudgel|p1a: Wo-Chien\n|-activate|p1a: Wo-Chien|move: Protect\n|move|p2a: Sinistcha|Scald|p1a: Wo-Chien\n|-activate|p1a: Wo-Chien|move: Protect\n|\n|-heal|p1a: Wo-Chien|48\/100|[from] item: Leftovers\n|-damage|p2a: Sinistcha|44\/100|[from] Leech Seed|[of] p1a: Wo-Chien\n|-heal|p1a: Wo-Chien|60\/100|[silent]\n|upkeep\n|turn|25\n|\n|t:|1697688404\n|move|p2b: Ogerpon|Ivy Cudgel|p1a: Wo-Chien\n|-damage|p1a: Wo-Chien|33\/100\n|move|p2a: Sinistcha|Scald|p1a: Wo-Chien\n|-damage|p1a: Wo-Chien|18\/100\n|move|p1a: Wo-Chien|Giga Drain|p2b: Ogerpon\n|-resisted|p2b: Ogerpon\n|-damage|p2b: Ogerpon|31\/100\n|-heal|p1a: Wo-Chien|21\/100|[from] drain|[of] p2b: Ogerpon\n|\n|-heal|p1a: Wo-Chien|27\/100|[from] item: Leftovers\n|-damage|p2a: Sinistcha|32\/100|[from] Leech Seed|[of] p1a: Wo-Chien\n|-heal|p1a: Wo-Chien|38\/100|[silent]\n|upkeep\n|turn|26\n|\n|t:|1697688418\n|move|p1a: Wo-Chien|Protect|p1a: Wo-Chien\n|-singleturn|p1a: Wo-Chien|Protect\n|move|p2b: Ogerpon|Ivy Cudgel|p1a: Wo-Chien\n|-activate|p1a: Wo-Chien|move: Protect\n|move|p2a: Sinistcha|Scald|p1a: Wo-Chien\n|-activate|p1a: Wo-Chien|move: Protect\n|\n|-heal|p1a: Wo-Chien|45\/100|[from] item: Leftovers\n|-damage|p2a: Sinistcha|20\/100|[from] Leech Seed|[of] p1a: Wo-Chien\n|-heal|p1a: Wo-Chien|56\/100|[silent]\n|upkeep\n|turn|27\n|\n|t:|1697688432\n|move|p2b: Ogerpon|Ivy Cudgel|p1a: Wo-Chien\n|-damage|p1a: Wo-Chien|27\/100\n|move|p2a: Sinistcha|Scald|p1a: Wo-Chien\n|-damage|p1a: Wo-Chien|10\/100\n|move|p1a: Wo-Chien|Giga Drain|p2b: Ogerpon\n|-resisted|p2b: Ogerpon\n|-damage|p2b: Ogerpon|23\/100\n|-heal|p1a: Wo-Chien|14\/100|[from] drain|[of] p2b: Ogerpon\n|\n|-heal|p1a: Wo-Chien|20\/100|[from] item: Leftovers\n|-damage|p2a: Sinistcha|7\/100|[from] Leech Seed|[of] p1a: Wo-Chien\n|-heal|p1a: Wo-Chien|31\/100|[silent]\n|upkeep\n|turn|28\n|\n|t:|1697688449\n|move|p1a: Wo-Chien|Protect|p1a: Wo-Chien\n|-singleturn|p1a: Wo-Chien|Protect\n|move|p2b: Ogerpon|Ivy Cudgel|p1a: Wo-Chien\n|-activate|p1a: Wo-Chien|move: Protect\n|move|p2a: Sinistcha|Scald|p1a: Wo-Chien\n|-activate|p1a: Wo-Chien|move: Protect\n|\n|-heal|p1a: Wo-Chien|37\/100|[from] item: Leftovers\n|-damage|p2a: Sinistcha|0 fnt|[from] Leech Seed|[of] p1a: Wo-Chien\n|-heal|p1a: Wo-Chien|44\/100|[silent]\n|faint|p2a: Sinistcha\n|upkeep\n|turn|29\n|\n|t:|1697688468\n|move|p2b: Ogerpon|Ivy Cudgel|p1a: Wo-Chien\n|-damage|p1a: Wo-Chien|19\/100\n|move|p1a: Wo-Chien|Snarl|p2b: Ogerpon\n|-damage|p2b: Ogerpon|2\/100\n|-unboost|p2b: Ogerpon|spa|1\n|\n|-heal|p1a: Wo-Chien|25\/100|[from] item: Leftovers\n|upkeep\n|turn|30\n|\n|t:|1697688479\n|move|p1a: Wo-Chien|Protect|p1a: Wo-Chien\n|-singleturn|p1a: Wo-Chien|Protect\n|move|p2b: Ogerpon|Ivy Cudgel|p1a: Wo-Chien\n|-activate|p1a: Wo-Chien|move: Protect\n|\n|-heal|p1a: Wo-Chien|31\/100|[from] item: Leftovers\n|upkeep\n|turn|31\n|\n|t:|1697688487\n|move|p2b: Ogerpon|Ivy Cudgel|p1a: Wo-Chien\n|-damage|p1a: Wo-Chien|4\/100\n|move|p1a: Wo-Chien|Snarl|p2b: Ogerpon\n|-damage|p2b: Ogerpon|0 fnt\n|faint|p2b: Ogerpon\n|\n|win|Philofdafuture\n|raw|Philofdafuture's rating: 1142 &rarr; <strong>1167<\/strong><br \/>(+25 for winning)\n|raw|HyenaStreamer's rating: 1138 &rarr; <strong>1113<\/strong><br \/>(-25 for losing)\n|l|\u2606HyenaStreamer\n","uploadtime":1697688520,"views":11,"p1id":"philofdafuture","p2id":"hyenastreamer","formatid":"gen9doublesou","rating":1113,"private":0,"password":""}