{"id":"gen9doublesou-1993147729","p1":"FoolishChaos","p2":"papelu","format":"[Gen 9] Doubles OU","log":"|j|\u2606FoolishChaos\n|j|\u2606papelu\n|t:|1700270513\n|gametype|doubles\n|player|p1|FoolishChaos|harlequin|1278\n|player|p2|papelu|silver|1283\n|teamsize|p1|6\n|teamsize|p2|6\n|gen|9\n|tier|[Gen 9] Doubles OU\n|rated|\n|rule|Species Clause: Limit one of each Pok\u00e9mon\n|rule|OHKO Clause: OHKO moves are banned\n|rule|Evasion Moves Clause: Evasion moves are banned\n|rule|Gravity Sleep Clause: The combination of sleep-inducing moves with imperfect accuracy and Gravity or Gigantamax Orbeetle are banned\n|rule|Endless Battle Clause: Forcing endless battles is banned\n|rule|HP Percentage Mod: HP is shown in percentages\n|clearpoke\n|poke|p1|Fezandipiti, M|\n|poke|p1|Ninetales-Alola, F|\n|poke|p1|Pawmot, F|\n|poke|p1|Iron Bundle|\n|poke|p1|Murkrow, F|\n|poke|p1|Ursaluna, F|\n|poke|p2|Polteageist|\n|poke|p2|Landorus, M|\n|poke|p2|Thundurus, M|\n|poke|p2|Enamorus, F|\n|poke|p2|Tornadus, M|\n|poke|p2|Tinkaton, F|\n|teampreview\n|c|\u2606FoolishChaos|Ooo\n|c|\u2606FoolishChaos|Interesting\n|\n|t:|1700270539\n|start\n|switch|p1a: Ninetales|Ninetales-Alola, F|100\/100\n|switch|p1b: Murkrow|Murkrow, F|100\/100\n|switch|p2a: Enamorus|Enamorus, F|100\/100\n|switch|p2b: Polteageist|Polteageist|100\/100\n|-weather|Snow|[from] ability: Snow Warning|[of] p1a: Ninetales\n|turn|1\n|\n|t:|1700270567\n|-terastallize|p2a: Enamorus|Fairy\n|move|p1b: Murkrow|Perish Song|p1b: Murkrow\n|-start|p1a: Ninetales|perish3|[silent]\n|-start|p1b: Murkrow|perish3|[silent]\n|-start|p2a: Enamorus|perish3|[silent]\n|-start|p2b: Polteageist|perish3|[silent]\n|-fieldactivate|move: Perish Song\n|move|p1a: Ninetales|Aurora Veil|p1a: Ninetales\n|-sidestart|p1: FoolishChaos|move: Aurora Veil\n|move|p2a: Enamorus|Superpower|p1b: Murkrow\n|-damage|p1b: Murkrow|72\/100\n|-boost|p2a: Enamorus|atk|1\n|-boost|p2a: Enamorus|def|1\n|move|p2b: Polteageist|Memento|p2a: Enamorus\n|-boost|p2a: Enamorus|atk|2\n|-boost|p2a: Enamorus|spa|2\n|faint|p2b: Polteageist\n|\n|-weather|Snow|[upkeep]\n|-start|p1a: Ninetales|perish3\n|-start|p2a: Enamorus|perish3\n|-start|p1b: Murkrow|perish3\n|upkeep\n|\n|t:|1700270604\n|switch|p2b: Tinkaton|Tinkaton, F|100\/100\n|-ability|p2b: Tinkaton|Mold Breaker\n|turn|2\n|inactive|Battle timer is ON: inactive players will automatically lose when time's up. (requested by FoolishChaos)\n|\n|t:|1700270634\n|move|p1b: Murkrow|Protect|p1b: Murkrow\n|-singleturn|p1b: Murkrow|Protect\n|move|p2b: Tinkaton|Fake Out|p1b: Murkrow\n|-activate|p1b: Murkrow|move: Protect\n|move|p1a: Ninetales|Blizzard|p2b: Tinkaton|[spread] p2a,p2b\n|-resisted|p2b: Tinkaton\n|-damage|p2a: Enamorus|55\/100\n|-damage|p2b: Tinkaton|90\/100\n|move|p2a: Enamorus|Dazzling Gleam|p1a: Ninetales|[spread] p1a\n|-activate|p1b: Murkrow|move: Protect\n|-damage|p1a: Ninetales|34\/100\n|\n|-weather|Snow|[upkeep]\n|-start|p1a: Ninetales|perish2\n|-start|p2a: Enamorus|perish2\n|-start|p1b: Murkrow|perish2\n|upkeep\n|turn|3\n|\n|t:|1700270653\n|move|p1a: Ninetales|Blizzard|p2a: Enamorus|[spread] p2a,p2b\n|-resisted|p2b: Tinkaton\n|-damage|p2a: Enamorus|11\/100\n|-damage|p2b: Tinkaton|79\/100\n|-enditem|p2a: Enamorus|Aguav Berry|[eat]\n|-heal|p2a: Enamorus|44\/100|[from] item: Aguav Berry\n|move|p2a: Enamorus|Dazzling Gleam|p1b: Murkrow|[spread] p1a,p1b\n|-supereffective|p1b: Murkrow\n|-crit|p1b: Murkrow\n|-damage|p1a: Ninetales|0 fnt\n|-damage|p1b: Murkrow|0 fnt\n|faint|p1a: Ninetales\n|faint|p1b: Murkrow\n|move|p2b: Tinkaton|Reflect|p2b: Tinkaton\n|-sidestart|p2: papelu|Reflect\n|\n|-weather|Snow|[upkeep]\n|-start|p2a: Enamorus|perish1\n|upkeep\n|\n|t:|1700270669\n|switch|p1a: Iron Bundle|Iron Bundle|100\/100\n|switch|p1b: Pawmot|Pawmot, F|100\/100\n|turn|4\n|\n|t:|1700270697\n|move|p1a: Iron Bundle|Blizzard|p2a: Enamorus|[spread] p2a,p2b\n|-resisted|p2b: Tinkaton\n|-damage|p2a: Enamorus|0 fnt\n|-damage|p2b: Tinkaton|63\/100\n|faint|p2a: Enamorus\n|move|p1b: Pawmot|Electric Terrain|p1b: Pawmot\n|-fieldstart|move: Electric Terrain\n|-activate|p1a: Iron Bundle|ability: Quark Drive\n|-start|p1a: Iron Bundle|quarkdrivespa\n|move|p2b: Tinkaton|Gigaton Hammer|p1a: Iron Bundle\n|-damage|p1a: Iron Bundle|68\/100\n|\n|-weather|Snow|[upkeep]\n|upkeep\n|inactive|papelu has 120 seconds left.\n|\n|t:|1700270719\n|switch|p2a: Tornadus|Tornadus, M|100\/100\n|turn|5\n|inactive|papelu has 120 seconds left.\n|\n|t:|1700270739\n|move|p2a: Tornadus|Tailwind|p2a: Tornadus\n|-sidestart|p2: papelu|move: Tailwind\n|move|p2b: Tinkaton|Encore|p1b: Pawmot\n|-start|p1b: Pawmot|Encore\n|move|p1a: Iron Bundle|Blizzard|p2b: Tinkaton|[spread] p2a,p2b\n|-supereffective|p2a: Tornadus\n|-resisted|p2b: Tinkaton\n|-damage|p2a: Tornadus|0 fnt\n|-damage|p2b: Tinkaton|45\/100\n|faint|p2a: Tornadus\n|move|p1b: Pawmot|Electric Terrain||[still]\n|-fail|p1b: Pawmot\n|\n|-weather|none\n|upkeep\n|\n|t:|1700270756\n|switch|p2a: Thundurus|Thundurus, M|100\/100\n|turn|6\n|inactive|papelu has 120 seconds left.\n|inactive|papelu has 90 seconds left.\n|\n|t:|1700270797\n|switch|p2b: Landorus|Landorus, M|100\/100\n|switch|p1b: Ursaluna|Ursaluna, F|100\/100\n|-terastallize|p1a: Iron Bundle|Ice\n|move|p2a: Thundurus|Rain Dance|p2a: Thundurus\n|-weather|RainDance\n|move|p1a: Iron Bundle|Blizzard|p2b: Landorus|[spread] p2a\n|-miss|p1a: Iron Bundle|p2b: Landorus\n|-supereffective|p2a: Thundurus\n|-damage|p2a: Thundurus|0 fnt\n|faint|p2a: Thundurus\n|\n|-weather|RainDance|[upkeep]\n|-status|p1b: Ursaluna|brn|[from] item: Flame Orb\n|upkeep\n|inactive|papelu has 90 seconds left.\n|\n|t:|1700270809\n|switch|p2a: Tinkaton|Tinkaton, F|45\/100\n|-ability|p2a: Tinkaton|Mold Breaker\n|turn|7\n|\n|t:|1700270823\n|move|p2a: Tinkaton|Fake Out|p1b: Ursaluna\n|-damage|p1b: Ursaluna|96\/100 brn\n|move|p2b: Landorus|Sandsear Storm|p1a: Iron Bundle|[spread] p1a,p1b\n|-damage|p1a: Iron Bundle|0 fnt\n|-damage|p1b: Ursaluna|63\/100 brn\n|faint|p1a: Iron Bundle\n|-end|p1a: Iron Bundle|Quark Drive|[silent]\n|cant|p1b: Ursaluna|flinch\n|\n|-weather|RainDance|[upkeep]\n|-damage|p1b: Ursaluna|56\/100 brn|[from] brn\n|-sideend|p2: papelu|Reflect\n|upkeep\n|\n|t:|1700270834\n|switch|p1a: Pawmot|Pawmot, F|100\/100\n|turn|8\n|\n|t:|1700270845\n|move|p2b: Landorus|Sandsear Storm|p1a: Pawmot|[spread] p1a,p1b\n|-supereffective|p1a: Pawmot\n|-damage|p1a: Pawmot|0 fnt\n|-damage|p1b: Ursaluna|23\/100 brn\n|faint|p1a: Pawmot\n|move|p2a: Tinkaton|Gigaton Hammer|p1b: Ursaluna\n|-damage|p1b: Ursaluna|0 fnt\n|faint|p1b: Ursaluna\n|\n|-weather|RainDance|[upkeep]\n|-sideend|p2: papelu|move: Tailwind\n|-sideend|p1: FoolishChaos|move: Aurora Veil\n|-fieldend|move: Electric Terrain\n|upkeep\n|c|\u2606FoolishChaos|gg\n|\n|t:|1700270858\n|switch|p1a: Fezandipiti|Fezandipiti, M|100\/100\n|turn|9\n|\n|t:|1700270868\n|move|p2b: Landorus|Sandsear Storm|p1a: Fezandipiti\n|-supereffective|p1a: Fezandipiti\n|-damage|p1a: Fezandipiti|0 fnt\n|faint|p1a: Fezandipiti\n|\n|win|papelu\n|raw|FoolishChaos's rating: 1278 &rarr; <strong>1253<\/strong><br \/>(-25 for losing)\n|raw|papelu's rating: 1283 &rarr; <strong>1308<\/strong><br \/>(+25 for winning)\n|l|\u2606FoolishChaos\n|c|\u2606papelu|Gg\n","uploadtime":1700270891,"views":8,"p1id":"foolishchaos","p2id":"papelu","formatid":"gen9doublesou","rating":1253,"private":0,"password":""}