{"id":"gen9doublesou-1979407952","p1":"fire_canon","p2":"S1gils","format":"[Gen 9] Doubles OU","log":"|j|\u2606fire_canon\n|j|\u2606S1gils\n|t:|1698680273\n|gametype|doubles\n|player|p1|fire_canon|hugh|1000\n|player|p2|S1gils|crasherwake|1059\n|teamsize|p1|6\n|teamsize|p2|6\n|gen|9\n|tier|[Gen 9] Doubles OU\n|rated|\n|rule|Species Clause: Limit one of each Pok\u00e9mon\n|rule|OHKO Clause: OHKO moves are banned\n|rule|Evasion Moves Clause: Evasion moves are banned\n|rule|Gravity Sleep Clause: The combination of sleep-inducing moves with imperfect accuracy and Gravity or Gigantamax Orbeetle are banned\n|rule|Endless Battle Clause: Forcing endless battles is banned\n|rule|HP Percentage Mod: HP is shown in percentages\n|clearpoke\n|poke|p1|Krookodile, F|\n|poke|p1|Meowscarada, M|\n|poke|p1|Flamigo, M|\n|poke|p1|Dragonite, F|\n|poke|p1|Tinkaton, F|\n|poke|p1|Palafin, M|\n|poke|p2|Slaking, F|\n|poke|p2|Grafaiai, M|\n|poke|p2|Flutter Mane|\n|poke|p2|Sinistcha|\n|poke|p2|Kingambit, F|\n|poke|p2|Ninetales-Alola, M|\n|teampreview\n|\n|t:|1698680279\n|start\n|switch|p1a: Krookodile|Krookodile, F|100\/100\n|switch|p1b: Meowscarada|Meowscarada, M|100\/100\n|switch|p2a: Cha Cha Slide|Sinistcha|100\/100\n|switch|p2b: Erm|Ninetales-Alola, M, shiny|100\/100\n|-weather|Snow|[from] ability: Snow Warning|[of] p2b: Erm\n|turn|1\n|\n|t:|1698680298\n|-terastallize|p1a: Krookodile|Steel\n|-terastallize|p2a: Cha Cha Slide|Fire\n|move|p2a: Cha Cha Slide|Rage Powder|p2a: Cha Cha Slide\n|-singleturn|p2a: Cha Cha Slide|move: Rage Powder\n|move|p1b: Meowscarada|Flower Trick|p1a: Krookodile\n|-start|p1b: Meowscarada|typechange|Grass|[from] ability: Protean\n|-resisted|p1a: Krookodile\n|-crit|p1a: Krookodile\n|-damage|p1a: Krookodile|78\/100\n|-setboost|p1a: Krookodile|atk|6|[from] ability: Anger Point\n|move|p2b: Erm|Aurora Veil|p2b: Erm\n|-sidestart|p2: S1gils|move: Aurora Veil\n|move|p1a: Krookodile|Earthquake|p2a: Cha Cha Slide|[spread] p1b,p2a,p2b\n|-resisted|p1b: Meowscarada\n|-supereffective|p2a: Cha Cha Slide\n|-damage|p1b: Meowscarada|15\/100\n|-damage|p2a: Cha Cha Slide|0 fnt\n|-damage|p2b: Erm|1\/100\n|faint|p2a: Cha Cha Slide\n|\n|-weather|Snow|[upkeep]\n|upkeep\n|c|\u2606S1gils|TWELVE STAGES??\n|c|\u2606fire_canon|what?\n|c|\u2606S1gils|twelve stage attack boost\n|c|\u2606fire_canon|anger point is an ability\n|c|\u2606fire_canon|when hit by a crit\n|c|\u2606fire_canon|maxes attack\n|c|\u2606S1gils|I know but\n|c|\u2606S1gils|if ur minus 6 you still get maxed out\n|c|\u2606S1gils|thats crazy\n|\n|t:|1698680362\n|switch|p2a: Araxys|Flutter Mane, shiny|100\/100\n|-enditem|p2a: Araxys|Booster Energy\n|-activate|p2a: Araxys|ability: Protosynthesis|[fromitem]\n|-start|p2a: Araxys|protosynthesisspa\n|turn|2\n|c|\u2606fire_canon|bro hasnt seen tatsugiri\n|c|\u2606fire_canon|btw gg\n|c|\u2606S1gils|I know what tatsugiri does bro\n|c|\u2606fire_canon|i win\n|c|\u2606S1gils|erm\n|\n|t:|1698680394\n|switch|p1b: Flamigo|Flamigo, M|100\/100\n|-copyboost|p1b: Flamigo|p1a: Krookodile|[from] ability: Costar\n|move|p2a: Araxys|Mystical Fire|p1a: Krookodile\n|-supereffective|p1a: Krookodile\n|-damage|p1a: Krookodile|0 fnt\n|faint|p1a: Krookodile\n|move|p2b: Erm|Dazzling Gleam|p1b: Flamigo\n|-supereffective|p1b: Flamigo\n|-damage|p1b: Flamigo|20\/100\n|\n|-weather|Snow|[upkeep]\n|upkeep\n|c|\u2606S1gils|Womp womp\n|c|\u2606fire_canon|nvm\n|\n|t:|1698680407\n|switch|p1a: Tinkaton|Tinkaton, F|100\/100\n|-ability|p1a: Tinkaton|Mold Breaker\n|turn|3\n|\n|t:|1698680420\n|move|p1a: Tinkaton|Fake Out|p2b: Erm\n|-damage|p2b: Erm|0 fnt\n|faint|p2b: Erm\n|move|p2a: Araxys|Icy Wind|p1b: Flamigo|[spread] p1a,p1b\n|-resisted|p1a: Tinkaton\n|-supereffective|p1b: Flamigo\n|-damage|p1a: Tinkaton|94\/100\n|-damage|p1b: Flamigo|0 fnt\n|-unboost|p1a: Tinkaton|spe|1\n|faint|p1b: Flamigo\n|\n|-weather|Snow|[upkeep]\n|upkeep\n|\n|t:|1698680432\n|switch|p2b: Lazy man|Slaking, F|100\/100\n|switch|p1b: Palafin|Palafin, M|100\/100\n|turn|4\n|\n|t:|1698680449\n|move|p2a: Araxys|Shadow Ball|p1b: Palafin\n|-damage|p1b: Palafin|30\/100\n|move|p2b: Lazy man|Earthquake|p1b: Palafin|[spread] p2a,p1a,p1b\n|-supereffective|p1a: Tinkaton\n|-damage|p2a: Araxys|55\/100\n|-damage|p1a: Tinkaton|22\/100\n|-damage|p1b: Palafin|0 fnt\n|faint|p1b: Palafin\n|move|p1a: Tinkaton|Gigaton Hammer|p2b: Lazy man\n|-damage|p2b: Lazy man|77\/100\n|\n|-weather|Snow|[upkeep]\n|-heal|p2b: Lazy man|83\/100|[from] item: Leftovers\n|upkeep\n|\n|t:|1698680461\n|switch|p1b: Dragonite|Dragonite, F|100\/100\n|turn|5\n|\n|t:|1698680473\n|switch|p2b: Wait who's that?|Kingambit, F|100\/100\n|-activate|p2b: Wait who's that?|ability: Supreme Overlord\n|-start|p2b: Wait who's that?|fallen2|[silent]\n|move|p2a: Araxys|Icy Wind|p1a: Tinkaton|[spread] p1a,p1b\n|-resisted|p1a: Tinkaton\n|-supereffective|p1b: Dragonite\n|-crit|p1b: Dragonite\n|-damage|p1a: Tinkaton|16\/100\n|-damage|p1b: Dragonite|44\/100\n|-unboost|p1a: Tinkaton|spe|1\n|-unboost|p1b: Dragonite|spe|1\n|move|p1b: Dragonite|Blizzard|p2b: Wait who's that?|[spread] p2a,p2b\n|-resisted|p2b: Wait who's that?\n|-damage|p2a: Araxys|41\/100\n|-damage|p2b: Wait who's that?|94\/100\n|move|p1a: Tinkaton|Play Rough|p2b: Wait who's that?\n|-damage|p2b: Wait who's that?|81\/100\n|\n|-weather|none\n|upkeep\n|turn|6\n|-message|fire_canon forfeited.\n|\n|win|S1gils\n|raw|fire_canon's rating: 1000 &rarr; <strong>1000<\/strong><br \/>(+0 for losing)\n|raw|S1gils's rating: 1059 &rarr; <strong>1085<\/strong><br \/>(+26 for winning)\n|l|\u2606fire_canon\n|c|\u2606S1gils|gg\n","uploadtime":1698680503,"views":15,"p1id":"firecanon","p2id":"s1gils","formatid":"gen9doublesou","rating":1000,"private":0,"password":""}