{"id":"gen9doublesou-1982224472","p1":"lordofthediscs","p2":"zucar","format":"[Gen 9] Doubles OU","log":"|j|\u203dlordofthediscs\n|j|\u2606zucar\n|t:|1698981245\n|gametype|doubles\n|player|p1|lordofthediscs|170|1000\n|player|p2|zucar|blaine|1119\n|teamsize|p1|6\n|teamsize|p2|6\n|gen|9\n|tier|[Gen 9] Doubles OU\n|rated|\n|rule|Species Clause: Limit one of each Pok\u00e9mon\n|rule|OHKO Clause: OHKO moves are banned\n|rule|Evasion Moves Clause: Evasion moves are banned\n|rule|Gravity Sleep Clause: The combination of sleep-inducing moves with imperfect accuracy and Gravity or Gigantamax Orbeetle are banned\n|rule|Endless Battle Clause: Forcing endless battles is banned\n|rule|HP Percentage Mod: HP is shown in percentages\n|clearpoke\n|poke|p1|Oricorio-Pom-Pom, F|\n|poke|p1|Uxie|\n|poke|p1|Delphox, M|\n|poke|p1|Venomoth, F|\n|poke|p1|Indeedee-F, F|\n|poke|p1|Sylveon, M|\n|poke|p2|Landorus-Therian, M|\n|poke|p2|Masquerain, F|\n|poke|p2|Ogerpon, F|\n|poke|p2|Armarouge, F|\n|poke|p2|Flutter Mane|\n|poke|p2|Torkoal, F|\n|teampreview\n|inactive|Battle timer is ON: inactive players will automatically lose when time's up. (requested by lordofthediscs)\n|l|\u2606zucar\n|inactive|zucar disconnected and has a minute to reconnect!\n|player|p2|\n|j|\u2606zucar\n|inactive|zucar reconnected and has 145 seconds left.\n|player|p2|zucar|blaine\n|\n|t:|1698981309\n|start\n|switch|p1a: Oricorio|Oricorio-Pom-Pom, F|100\/100\n|switch|p1b: Uxie|Uxie|100\/100\n|switch|p2a: Flutter Mane|Flutter Mane|100\/100\n|switch|p2b: Ogerpon|Ogerpon, F|100\/100\n|turn|1\n|\n|t:|1698981328\n|switch|p2b: Landorus|Landorus-Therian, M|100\/100\n|-ability|p2b: Landorus|Intimidate|boost\n|-unboost|p1a: Oricorio|atk|1\n|-unboost|p1b: Uxie|atk|1\n|move|p2a: Flutter Mane|Shadow Ball|p1b: Uxie\n|-supereffective|p1b: Uxie\n|-damage|p1b: Uxie|15\/100\n|-unboost|p1b: Uxie|spd|1\n|-damage|p2a: Flutter Mane|91\/100|[from] item: Life Orb\n|move|p1b: Uxie|Skill Swap|p1a: Oricorio\n|-activate|p1b: Uxie|move: Skill Swap|||[of] p1a: Oricorio\n|move|p1a: Oricorio|Quiver Dance|p1a: Oricorio\n|-boost|p1a: Oricorio|spa|1\n|-boost|p1a: Oricorio|spd|1\n|-boost|p1a: Oricorio|spe|1\n|-activate|p1b: Uxie|ability: Dancer\n|move|p1b: Uxie|Quiver Dance|p1b: Uxie|[from]ability: Dancer\n|-boost|p1b: Uxie|spa|1\n|-boost|p1b: Uxie|spd|1\n|-boost|p1b: Uxie|spe|1\n|\n|-heal|p1b: Uxie|21\/100|[from] item: Leftovers\n|upkeep\n|turn|2\n|inactive|zucar has 120 seconds left.\n|inactive|zucar has 90 seconds left.\n|inactive|zucar has 60 seconds left.\n|\n|t:|1698981422\n|move|p1b: Uxie|Protect|p1b: Uxie\n|-singleturn|p1b: Uxie|Protect\n|move|p1a: Oricorio|Quiver Dance|p1a: Oricorio\n|-boost|p1a: Oricorio|spa|1\n|-boost|p1a: Oricorio|spd|1\n|-boost|p1a: Oricorio|spe|1\n|-activate|p1b: Uxie|ability: Dancer\n|move|p1b: Uxie|Quiver Dance|p1b: Uxie|[from]ability: Dancer\n|-boost|p1b: Uxie|spa|1\n|-boost|p1b: Uxie|spd|1\n|-boost|p1b: Uxie|spe|1\n|move|p2a: Flutter Mane|Shadow Ball|p1b: Uxie\n|-activate|p1b: Uxie|move: Protect\n|move|p2b: Landorus|Smack Down|p1a: Oricorio\n|-supereffective|p1a: Oricorio\n|-damage|p1a: Oricorio|41\/100\n|-start|p1a: Oricorio|Smack Down\n|-damage|p2b: Landorus|91\/100|[from] item: Life Orb\n|\n|-heal|p1b: Uxie|27\/100|[from] item: Leftovers\n|upkeep\n|turn|3\n|inactive|zucar has 60 seconds left.\n|inactive|lordofthediscs has 120 seconds left.\n|\n|t:|1698981457\n|move|p1b: Uxie|Draining Kiss|p2a: Flutter Mane\n|-damage|p2a: Flutter Mane|71\/100\n|-heal|p1b: Uxie|38\/100|[from] drain|[of] p2a: Flutter Mane\n|move|p1a: Oricorio|Revelation Dance|p2a: Flutter Mane\n|-crit|p2a: Flutter Mane\n|-damage|p2a: Flutter Mane|0 fnt\n|faint|p2a: Flutter Mane\n|-end|p2a: Flutter Mane|Protosynthesis|[silent]\n|-activate|p1b: Uxie|ability: Dancer\n|move|p1b: Uxie|Revelation Dance|p2b: Landorus|[from]ability: Dancer\n|-damage|p2b: Landorus|27\/100\n|move|p2b: Landorus|Smack Down|p1a: Oricorio\n|-supereffective|p1a: Oricorio\n|-damage|p1a: Oricorio|0 fnt\n|faint|p1a: Oricorio\n|-damage|p2b: Landorus|17\/100|[from] item: Life Orb\n|\n|-heal|p1b: Uxie|44\/100|[from] item: Leftovers\n|upkeep\n|inactive|lordofthediscs has 120 seconds left.\n|\n|t:|1698981486\n|switch|p2a: Masquerain|Masquerain, F|100\/100\n|switch|p1a: Venomoth|Venomoth, F|100\/100\n|-ability|p2a: Masquerain|Intimidate|boost\n|-unboost|p1a: Venomoth|atk|1\n|-unboost|p1b: Uxie|atk|1\n|turn|4\n|inactive|zucar has 90 seconds left.\n|\n|t:|1698981511\n|move|p1b: Uxie|Draining Kiss|p2b: Landorus\n|-damage|p2b: Landorus|0 fnt\n|-heal|p1b: Uxie|55\/100|[from] drain|[of] p2b: Landorus\n|faint|p2b: Landorus\n|move|p1a: Venomoth|Quiver Dance|p1a: Venomoth\n|-boost|p1a: Venomoth|spa|1\n|-boost|p1a: Venomoth|spd|1\n|-boost|p1a: Venomoth|spe|1\n|-activate|p1b: Uxie|ability: Dancer\n|move|p1b: Uxie|Quiver Dance|p1b: Uxie|[from]ability: Dancer\n|-boost|p1b: Uxie|spa|1\n|-boost|p1b: Uxie|spd|1\n|-boost|p1b: Uxie|spe|1\n|move|p2a: Masquerain|Hurricane|p1b: Uxie\n|-damage|p1b: Uxie|36\/100\n|-start|p1b: Uxie|confusion\n|\n|-heal|p1b: Uxie|42\/100|[from] item: Leftovers\n|upkeep\n|\n|t:|1698981523\n|switch|p2b: Torkoal|Torkoal, F|100\/100\n|-weather|SunnyDay|[from] ability: Drought|[of] p2b: Torkoal\n|turn|5\n|inactive|zucar has 90 seconds left.\n|\n|t:|1698981540\n|-activate|p1b: Uxie|confusion\n|move|p1b: Uxie|Protect|p1b: Uxie\n|-singleturn|p1b: Uxie|Protect\n|move|p1a: Venomoth|Quiver Dance|p1a: Venomoth\n|-boost|p1a: Venomoth|spa|1\n|-boost|p1a: Venomoth|spd|1\n|-boost|p1a: Venomoth|spe|1\n|-activate|p1b: Uxie|ability: Dancer\n|-activate|p1b: Uxie|confusion\n|-damage|p1b: Uxie|40\/100|[from] confusion\n|move|p2a: Masquerain|Bug Buzz|p1b: Uxie\n|-activate|p1b: Uxie|move: Protect\n|move|p2b: Torkoal|Yawn|p1b: Uxie\n|-activate|p1b: Uxie|move: Protect\n|\n|-weather|SunnyDay|[upkeep]\n|-heal|p1b: Uxie|46\/100|[from] item: Leftovers\n|upkeep\n|turn|6\n|inactive|zucar has 90 seconds left.\n|\n|t:|1698981570\n|-end|p1b: Uxie|confusion\n|move|p1b: Uxie|Draining Kiss|p2a: Masquerain\n|-damage|p2a: Masquerain|69\/100\n|-heal|p1b: Uxie|65\/100|[from] drain|[of] p2a: Masquerain\n|move|p1a: Venomoth|Quiver Dance|p1a: Venomoth\n|-boost|p1a: Venomoth|spa|1\n|-boost|p1a: Venomoth|spd|1\n|-boost|p1a: Venomoth|spe|1\n|-activate|p1b: Uxie|ability: Dancer\n|move|p1b: Uxie|Quiver Dance|p1b: Uxie|[from]ability: Dancer\n|-boost|p1b: Uxie|spa|1\n|-boost|p1b: Uxie|spd|1\n|-boost|p1b: Uxie|spe|1\n|move|p2a: Masquerain|Hurricane|p1a: Venomoth|[miss]\n|-miss|p2a: Masquerain|p1a: Venomoth\n|move|p2b: Torkoal|Yawn|p1b: Uxie\n|-start|p1b: Uxie|move: Yawn|[of] p2b: Torkoal\n|\n|-weather|SunnyDay|[upkeep]\n|-heal|p1b: Uxie|71\/100|[from] item: Leftovers\n|upkeep\n|turn|7\n|inactive|zucar has 90 seconds left.\n|\n|t:|1698981608\n|move|p1b: Uxie|Draining Kiss|p2a: Masquerain\n|-damage|p2a: Masquerain|31\/100\n|-heal|p1b: Uxie|94\/100|[from] drain|[of] p2a: Masquerain\n|move|p1a: Venomoth|Quiver Dance|p1a: Venomoth\n|-boost|p1a: Venomoth|spa|1\n|-boost|p1a: Venomoth|spd|1\n|-boost|p1a: Venomoth|spe|1\n|-activate|p1b: Uxie|ability: Dancer\n|move|p1b: Uxie|Quiver Dance|p1b: Uxie|[from]ability: Dancer\n|-boost|p1b: Uxie|spa|1\n|-boost|p1b: Uxie|spd|1\n|-boost|p1b: Uxie|spe|1\n|move|p2a: Masquerain|Quiver Dance|p2a: Masquerain\n|-boost|p2a: Masquerain|spa|1\n|-boost|p2a: Masquerain|spd|1\n|-boost|p2a: Masquerain|spe|1\n|-activate|p1b: Uxie|ability: Dancer\n|move|p1b: Uxie|Quiver Dance|p1b: Uxie|[from]ability: Dancer\n|-boost|p1b: Uxie|spa|1\n|-boost|p1b: Uxie|spd|1\n|-boost|p1b: Uxie|spe|1\n|move|p2b: Torkoal|Clear Smog|p1a: Venomoth\n|-resisted|p1a: Venomoth\n|-damage|p1a: Venomoth|97\/100\n|-clearboost|p1a: Venomoth\n|\n|-weather|SunnyDay|[upkeep]\n|-heal|p1b: Uxie|99\/100|[from] item: Leftovers\n|-end|p1b: Uxie|move: Yawn|[silent]\n|-status|p1b: Uxie|slp\n|upkeep\n|turn|8\n|inactive|lordofthediscs has 120 seconds left.\n|inactive|lordofthediscs has 90 seconds left.\n|\n|t:|1698981674\n|switch|p1a: Sylveon|Sylveon, M|100\/100\n|cant|p1b: Uxie|slp\n|move|p2a: Masquerain|Hurricane|p1a: Sylveon|[miss]\n|-miss|p2a: Masquerain|p1a: Sylveon\n|move|p2b: Torkoal|Clear Smog|p1b: Uxie\n|-damage|p1b: Uxie|97\/100 slp\n|-clearboost|p1b: Uxie\n|\n|-weather|SunnyDay|[upkeep]\n|-heal|p1b: Uxie|100\/100 slp|[from] item: Leftovers\n|upkeep\n|turn|9\n|inactive|lordofthediscs has 90 seconds left.\n|\n|t:|1698981699\n|move|p2a: Masquerain|Bug Buzz|p1b: Uxie\n|-supereffective|p1b: Uxie\n|-damage|p1b: Uxie|0 fnt\n|faint|p1b: Uxie\n|move|p1a: Sylveon|Psych Up|p2a: Masquerain\n|-copyboost|p1a: Sylveon|p2a: Masquerain|[from] move: Psych Up\n|move|p2b: Torkoal|Lava Plume|p1a: Sylveon|[spread] p2a,p1a\n|-supereffective|p2a: Masquerain\n|-damage|p2a: Masquerain|0 fnt\n|-damage|p1a: Sylveon|81\/100\n|faint|p2a: Masquerain\n|\n|-weather|none\n|upkeep\n|inactive|zucar has 120 seconds left.\n|\n|t:|1698981720\n|switch|p1b: Indeedee|Indeedee-F, F|100\/100\n|switch|p2a: Ogerpon|Ogerpon, F|100\/100\n|-fieldstart|move: Psychic Terrain|[from] ability: Psychic Surge|[of] p1b: Indeedee\n|-enditem|p1b: Indeedee|Psychic Seed\n|-boost|p1b: Indeedee|spd|1|[from] item: Psychic Seed\n|turn|10\n|\n|t:|1698981743\n|-terastallize|p1a: Sylveon|Fairy\n|move|p1b: Indeedee|Follow Me|p1b: Indeedee\n|-singleturn|p1b: Indeedee|move: Follow Me\n|move|p2a: Ogerpon|Knock Off|p1b: Indeedee\n|-supereffective|p1b: Indeedee\n|-damage|p1b: Indeedee|59\/100\n|move|p1a: Sylveon|Hyper Voice|p2b: Torkoal|[spread] p2a,p2b\n|-resisted|p2b: Torkoal\n|-damage|p2a: Ogerpon|57\/100\n|-damage|p2b: Torkoal|64\/100\n|-enditem|p1a: Sylveon|Throat Spray\n|-boost|p1a: Sylveon|spa|1|[from] item: Throat Spray\n|move|p2b: Torkoal|Clear Smog|p1b: Indeedee\n|-damage|p1b: Indeedee|49\/100\n|-clearboost|p1b: Indeedee\n|\n|-heal|p2b: Torkoal|70\/100|[from] item: Leftovers\n|upkeep\n|turn|11\n|inactive|lordofthediscs has 120 seconds left.\n|\n|t:|1698981766\n|move|p1b: Indeedee|Follow Me|p1b: Indeedee\n|-singleturn|p1b: Indeedee|move: Follow Me\n|move|p2a: Ogerpon|Ivy Cudgel|p1b: Indeedee\n|-damage|p1b: Indeedee|2\/100\n|move|p1a: Sylveon|Hyper Voice|p2a: Ogerpon|[spread] p2a,p2b\n|-resisted|p2b: Torkoal\n|-damage|p2a: Ogerpon|0 fnt\n|-damage|p2b: Torkoal|21\/100\n|faint|p2a: Ogerpon\n|move|p2b: Torkoal|Clear Smog|p1b: Indeedee\n|-damage|p1b: Indeedee|0 fnt\n|-clearboost|p1b: Indeedee\n|faint|p1b: Indeedee\n|\n|-heal|p2b: Torkoal|27\/100|[from] item: Leftovers\n|upkeep\n|inactive|lordofthediscs has 120 seconds left.\n|\n|t:|1698981784\n|switch|p2a: Armarouge|Armarouge, F|100\/100\n|switch|p1b: Delphox|Delphox, M|100\/100\n|turn|12\n|inactive|lordofthediscs has 120 seconds left.\n|\n|t:|1698981808\n|-terastallize|p2a: Armarouge|Fire\n|move|p1b: Delphox|Dazzling Gleam|p2a: Armarouge|[spread] p2a,p2b\n|-resisted|p2a: Armarouge\n|-crit|p2a: Armarouge\n|-resisted|p2b: Torkoal\n|-damage|p2a: Armarouge|80\/100\n|-damage|p2b: Torkoal|14\/100\n|move|p2a: Armarouge|Flame Charge|p1b: Delphox\n|-resisted|p1b: Delphox\n|-damage|p1b: Delphox|85\/100\n|-boost|p2a: Armarouge|spe|1\n|move|p1a: Sylveon|Hyper Voice|p2a: Armarouge|[spread] p2a,p2b\n|-resisted|p2a: Armarouge\n|-resisted|p2b: Torkoal\n|-damage|p2a: Armarouge|21\/100\n|-damage|p2b: Torkoal|0 fnt\n|faint|p2b: Torkoal\n|\n|-heal|p1b: Delphox|92\/100|[from] item: Leftovers\n|upkeep\n|turn|13\n|-message|zucar forfeited.\n|\n|win|lordofthediscs\n|raw|lordofthediscs's rating: 1000 &rarr; <strong>1053<\/strong><br \/>(+53 for winning)\n|raw|zucar's rating: 1119 &rarr; <strong>1086<\/strong><br \/>(-33 for losing)\n|l|\u2606zucar\n","uploadtime":1698981832,"views":16,"p1id":"lordofthediscs","p2id":"zucar","formatid":"gen9doublesou","rating":1053,"private":0,"password":""}