{"id":"gen9doublesou-1982601665","p1":"tripleesama","p2":"TNTvale","format":"[Gen 9] Doubles OU","log":"|j|\u2606tripleesama\n|j|\u2606TNTvale\n|t:|1699028909\n|gametype|doubles\n|player|p1|tripleesama|cynthia-gen4|1465\n|player|p2|TNTvale|waiter|1338\n|teamsize|p1|6\n|teamsize|p2|6\n|gen|9\n|tier|[Gen 9] Doubles OU\n|rated|\n|rule|Species Clause: Limit one of each Pok\u00e9mon\n|rule|OHKO Clause: OHKO moves are banned\n|rule|Evasion Moves Clause: Evasion moves are banned\n|rule|Gravity Sleep Clause: The combination of sleep-inducing moves with imperfect accuracy and Gravity or Gigantamax Orbeetle are banned\n|rule|Endless Battle Clause: Forcing endless battles is banned\n|rule|HP Percentage Mod: HP is shown in percentages\n|clearpoke\n|poke|p1|Cresselia, F|\n|poke|p1|Amoonguss, M|\n|poke|p1|Snorlax, M|\n|poke|p1|Volcanion|\n|poke|p1|Kleavor, F|\n|poke|p1|Diancie|\n|poke|p2|Regidrago|\n|poke|p2|Tornadus, M|\n|poke|p2|Chandelure, F|\n|poke|p2|Torkoal, F|\n|poke|p2|Maushold-Four|\n|poke|p2|Sinistcha-Masterpiece|\n|teampreview\n|inactive|Battle timer is ON: inactive players will automatically lose when time's up. (requested by tripleesama)\n|\n|t:|1699028918\n|start\n|switch|p1a: Diancie|Diancie, shiny|100\/100\n|switch|p1b: Cresselia|Cresselia, F, shiny|100\/100\n|switch|p2a: Regidrago|Regidrago|100\/100\n|switch|p2b: Tornadus|Tornadus, M|100\/100\n|-item|p1a: Diancie|Air Balloon\n|turn|1\n|\n|t:|1699028932\n|-terastallize|p2a: Regidrago|Steel\n|move|p1b: Cresselia|Protect|p1b: Cresselia\n|-singleturn|p1b: Cresselia|Protect\n|move|p2b: Tornadus|Tailwind|p2b: Tornadus\n|-sidestart|p2: TNTvale|move: Tailwind\n|move|p2a: Regidrago|Tera Blast|p1a: Diancie|[anim] Tera Blast Steel\n|-supereffective|p1a: Diancie\n|-damage|p1a: Diancie|0 fnt\n|-enditem|p1a: Diancie|Air Balloon\n|faint|p1a: Diancie\n|\n|upkeep\n|\n|t:|1699028948\n|switch|p1a: Volcanion|Volcanion|100\/100\n|turn|2\n|\n|t:|1699028955\n|move|p2b: Tornadus|Taunt|p1b: Cresselia\n|-start|p1b: Cresselia|move: Taunt\n|-enditem|p1b: Cresselia|Mental Herb\n|-end|p1b: Cresselia|move: Taunt\n|move|p2a: Regidrago|Dragon Energy|p1b: Cresselia|[spread] p1a,p1b\n|-damage|p1a: Volcanion|48\/100\n|-damage|p1b: Cresselia|61\/100\n|move|p1a: Volcanion|Heat Wave|p2a: Regidrago|[spread] p2a,p2b\n|-supereffective|p2a: Regidrago\n|-damage|p2a: Regidrago|39\/100\n|-damage|p2b: Tornadus|53\/100\n|move|p1b: Cresselia|Trick Room|p1b: Cresselia\n|-fieldstart|move: Trick Room|[of] p1b: Cresselia\n|\n|-heal|p2b: Tornadus|59\/100|[from] item: Leftovers\n|upkeep\n|turn|3\n|\n|t:|1699028977\n|move|p1a: Volcanion|Steam Eruption|p2a: Regidrago\n|-damage|p2a: Regidrago|0 fnt\n|faint|p2a: Regidrago\n|move|p1b: Cresselia|Lunar Blessing|p1b: Cresselia|[spread] p1a,p1b\n|-heal|p1a: Volcanion|73\/100\n|-heal|p1b: Cresselia|86\/100\n|move|p2b: Tornadus|Bleakwind Storm|p1a: Volcanion|[spread] p1a,p1b\n|-damage|p1a: Volcanion|44\/100\n|-damage|p1b: Cresselia|65\/100\n|-unboost|p1b: Cresselia|spe|1\n|\n|-heal|p2b: Tornadus|65\/100|[from] item: Leftovers\n|upkeep\n|\n|t:|1699028990\n|switch|p2a: Torkoal|Torkoal, F|100\/100\n|-weather|SunnyDay|[from] ability: Drought|[of] p2a: Torkoal\n|turn|4\n|\n|t:|1699029003\n|move|p1b: Cresselia|Protect|p1b: Cresselia\n|-singleturn|p1b: Cresselia|Protect\n|move|p2a: Torkoal|Rock Slide|p1a: Volcanion|[spread] \n|-activate|p1b: Cresselia|move: Protect\n|-miss|p2a: Torkoal|p1a: Volcanion\n|move|p1a: Volcanion|Steam Eruption|p2a: Torkoal\n|-supereffective|p2a: Torkoal\n|-damage|p2a: Torkoal|39\/100\n|move|p2b: Tornadus|Bleakwind Storm|p1a: Volcanion|[spread] p1a\n|-activate|p1b: Cresselia|move: Protect\n|-damage|p1a: Volcanion|17\/100\n|\n|-weather|SunnyDay|[upkeep]\n|-heal|p2b: Tornadus|71\/100|[from] item: Leftovers\n|-sideend|p2: TNTvale|move: Tailwind\n|upkeep\n|turn|5\n|\n|t:|1699029024\n|switch|p1a: Snorlax|Snorlax, M, shiny|100\/100\n|move|p2a: Torkoal|Heat Wave|p1b: Cresselia|[spread] p1a,p1b\n|-damage|p1a: Snorlax|88\/100\n|-damage|p1b: Cresselia|43\/100\n|move|p1b: Cresselia|Lunar Blessing|p1b: Cresselia|[spread] p1a,p1b\n|-heal|p1a: Snorlax|100\/100\n|-heal|p1b: Cresselia|68\/100\n|move|p2b: Tornadus|Bleakwind Storm|p1b: Cresselia|[spread] p1a\n|-miss|p2b: Tornadus|p1b: Cresselia\n|-damage|p1a: Snorlax|75\/100\n|\n|-weather|SunnyDay|[upkeep]\n|-heal|p1a: Snorlax|81\/100|[from] item: Leftovers\n|-heal|p2b: Tornadus|77\/100|[from] item: Leftovers\n|upkeep\n|turn|6\n|\n|t:|1699029045\n|move|p1a: Snorlax|Ice Punch|p2b: Tornadus\n|-supereffective|p2b: Tornadus\n|-damage|p2b: Tornadus|5\/100\n|move|p2a: Torkoal|Heat Wave|p1a: Snorlax|[spread] p1a,p1b\n|-damage|p1a: Snorlax|67\/100\n|-damage|p1b: Cresselia|46\/100\n|-status|p1a: Snorlax|brn\n|move|p1b: Cresselia|Ice Beam|p2b: Tornadus\n|-supereffective|p2b: Tornadus\n|-crit|p2b: Tornadus\n|-damage|p2b: Tornadus|0 fnt\n|faint|p2b: Tornadus\n|\n|-weather|SunnyDay|[upkeep]\n|-heal|p1a: Snorlax|74\/100 brn|[from] item: Leftovers\n|-damage|p1a: Snorlax|67\/100 brn|[from] brn\n|-fieldend|move: Trick Room\n|upkeep\n|\n|t:|1699029058\n|switch|p2b: Maushold|Maushold-Four|100\/100\n|turn|7\n|\n|t:|1699029066\n|switch|p1a: Amoonguss|Amoonguss, M, shiny|100\/100\n|move|p2b: Maushold|Taunt|p1b: Cresselia\n|-start|p1b: Cresselia|move: Taunt\n|move|p2a: Torkoal|Heat Wave|p1a: Amoonguss|[spread] p1a,p1b\n|-supereffective|p1a: Amoonguss\n|-damage|p1a: Amoonguss|43\/100\n|-damage|p1b: Cresselia|25\/100\n|cant|p1b: Cresselia|move: Taunt|Trick Room\n|\n|-weather|SunnyDay|[upkeep]\n|upkeep\n|turn|8\n|\n|t:|1699029082\n|switch|p1b: Snorlax|Snorlax, M, shiny|67\/100 brn\n|-terastallize|p1a: Amoonguss|Water\n|move|p2b: Maushold|Population Bomb|p1b: Snorlax\n|-damage|p1b: Snorlax|61\/100 brn\n|-damage|p1b: Snorlax|54\/100 brn\n|-damage|p1b: Snorlax|48\/100 brn\n|-damage|p1b: Snorlax|42\/100 brn\n|-crit|p1b: Snorlax\n|-damage|p1b: Snorlax|32\/100 brn\n|-damage|p1b: Snorlax|25\/100 brn\n|-damage|p1b: Snorlax|18\/100 brn\n|-damage|p1b: Snorlax|12\/100 brn\n|-damage|p1b: Snorlax|5\/100 brn\n|-damage|p1b: Snorlax|0 fnt\n|faint|p1b: Snorlax\n|-hitcount|p1: Snorlax|10\n|move|p2a: Torkoal|Heat Wave|p1a: Amoonguss\n|-resisted|p1a: Amoonguss\n|-damage|p1a: Amoonguss|23\/100\n|move|p1a: Amoonguss|Spore|p2b: Maushold\n|-status|p2b: Maushold|slp|[from] move: Spore\n|\n|-weather|none\n|upkeep\n|\n|t:|1699029104\n|switch|p1b: Cresselia|Cresselia, F, shiny|25\/100\n|turn|9\n|\n|t:|1699029112\n|switch|p1a: Kleavor|Kleavor, F, shiny|100\/100\n|cant|p2b: Maushold|slp\n|move|p2a: Torkoal|Heat Wave|p1a: Kleavor|[spread] p1a,p1b\n|-damage|p1a: Kleavor|55\/100\n|-damage|p1b: Cresselia|11\/100\n|move|p1b: Cresselia|Trick Room|p1b: Cresselia\n|-fieldstart|move: Trick Room|[of] p1b: Cresselia\n|\n|upkeep\n|turn|10\n|\n|t:|1699029131\n|switch|p1a: Volcanion|Volcanion|17\/100\n|move|p2a: Torkoal|Heat Wave|p1a: Volcanion|[spread] p1a,p1b\n|-resisted|p1a: Volcanion\n|-damage|p1a: Volcanion|12\/100\n|-damage|p1b: Cresselia|0 fnt\n|faint|p1b: Cresselia\n|cant|p2b: Maushold|slp\n|\n|upkeep\n|\n|t:|1699029139\n|switch|p1b: Amoonguss|Amoonguss, M, shiny, tera:Water|57\/100\n|turn|11\n|\n|t:|1699029146\n|move|p1b: Amoonguss|Pollen Puff|p1a: Volcanion\n|-heal|p1a: Volcanion|62\/100\n|move|p2a: Torkoal|Heat Wave|p1a: Volcanion|[spread] p1a,p1b\n|-resisted|p1a: Volcanion\n|-resisted|p1b: Amoonguss\n|-damage|p1a: Volcanion|57\/100\n|-damage|p1b: Amoonguss|47\/100\n|move|p1a: Volcanion|Steam Eruption|p2a: Torkoal\n|-supereffective|p2a: Torkoal\n|-damage|p2a: Torkoal|0 fnt\n|faint|p2a: Torkoal\n|cant|p2b: Maushold|slp\n|\n|upkeep\n|\n|t:|1699029159\n|switch|p2a: Sinistcha|Sinistcha-Masterpiece|100\/100\n|turn|12\n|\n|t:|1699029163\n|move|p1b: Amoonguss|Pollen Puff|p1a: Volcanion\n|-heal|p1a: Volcanion|100\/100\n|move|p1a: Volcanion|Steam Eruption|p2b: Maushold\n|-damage|p2b: Maushold|16\/100 slp\n|move|p2a: Sinistcha|Matcha Gotcha|p1b: Amoonguss|[spread] p1a,p1b\n|-supereffective|p1b: Amoonguss\n|-damage|p1a: Volcanion|80\/100\n|-damage|p1b: Amoonguss|7\/100\n|-curestatus|p2b: Maushold|slp|[msg]\n|move|p2b: Maushold|Population Bomb|p1a: Volcanion|[miss]\n|-miss|p2b: Maushold|p1a: Volcanion\n|\n|upkeep\n|turn|13\n|c|\u2606TNTvale|I feel pretty unlucky aside from outskilled\n|\n|t:|1699029190\n|move|p2b: Maushold|Protect|p2b: Maushold\n|-singleturn|p2b: Maushold|Protect\n|move|p1b: Amoonguss|Spore|p2b: Maushold\n|-activate|p2b: Maushold|move: Protect\n|move|p1a: Volcanion|Heat Wave|p2b: Maushold|[spread] p2a\n|-activate|p2b: Maushold|move: Protect\n|-supereffective|p2a: Sinistcha\n|-damage|p2a: Sinistcha|33\/100\n|move|p2a: Sinistcha|Matcha Gotcha|p1a: Volcanion|[spread] p1a,p1b\n|-supereffective|p1b: Amoonguss\n|-damage|p1a: Volcanion|56\/100\n|-heal|p2a: Sinistcha|45\/100|[from] drain|[of] p1a: Volcanion\n|-damage|p1b: Amoonguss|0 fnt\n|-heal|p2a: Sinistcha|49\/100|[from] drain|[of] p1b: Amoonguss\n|faint|p1b: Amoonguss\n|\n|-heal|p2a: Sinistcha|56\/100|[from] item: Leftovers\n|-fieldend|move: Trick Room\n|upkeep\n|\n|t:|1699029194\n|switch|p1b: Kleavor|Kleavor, F, shiny|55\/100\n|turn|14\n|\n|t:|1699029213\n|move|p2b: Maushold|Population Bomb|p1a: Volcanion\n|-damage|p1a: Volcanion|51\/100\n|-damage|p1a: Volcanion|46\/100\n|-damage|p1a: Volcanion|41\/100\n|-damage|p1a: Volcanion|35\/100\n|-damage|p1a: Volcanion|30\/100\n|-damage|p1a: Volcanion|25\/100\n|-damage|p1a: Volcanion|20\/100\n|-damage|p1a: Volcanion|14\/100\n|-damage|p1a: Volcanion|8\/100\n|-damage|p1a: Volcanion|3\/100\n|-hitcount|p1a: Volcanion|10\n|move|p1b: Kleavor|Stone Axe|p2b: Maushold\n|-damage|p2b: Maushold|0 fnt\n|-sidestart|p2: TNTvale|move: Stealth Rock\n|faint|p2b: Maushold\n|move|p2a: Sinistcha|Matcha Gotcha|p1b: Kleavor|[spread] p1a,p1b\n|-damage|p1a: Volcanion|0 fnt\n|-heal|p2a: Sinistcha|57\/100|[from] drain|[of] p1a: Volcanion\n|-damage|p1b: Kleavor|2\/100\n|-heal|p2a: Sinistcha|79\/100|[from] drain|[of] p1b: Kleavor\n|faint|p1a: Volcanion\n|\n|-heal|p2a: Sinistcha|85\/100|[from] item: Leftovers\n|upkeep\n|-message|tripleesama forfeited.\n|\n|win|TNTvale\n|raw|tripleesama's rating: 1465 &rarr; <strong>1438<\/strong><br \/>(-27 for losing)\n|raw|TNTvale's rating: 1338 &rarr; <strong>1365<\/strong><br \/>(+27 for winning)\n|l|\u2606tripleesama\n|c|\u2606TNTvale|Gg\n","uploadtime":1699029242,"views":13,"p1id":"tripleesama","p2id":"tntvale","formatid":"gen9doublesou","rating":1365,"private":0,"password":""}