{"id":"gen9doublesou-1969869952","p1":"Rungy","p2":"Kmaister","format":"[Gen 9] Doubles OU","log":"|j|\u2606Rungy\n|j|\u2606Kmaister\n|t:|1697571827\n|gametype|doubles\n|player|p1|Rungy|gambler|1084\n|player|p2|Kmaister|169|1055\n|teamsize|p1|6\n|teamsize|p2|6\n|gen|9\n|tier|[Gen 9] Doubles OU\n|rated|\n|rule|Species Clause: Limit one of each Pok\u00e9mon\n|rule|OHKO Clause: OHKO moves are banned\n|rule|Evasion Moves Clause: Evasion moves are banned\n|rule|Gravity Sleep Clause: The combination of sleep-inducing moves with imperfect accuracy and Gravity or Gigantamax Orbeetle are banned\n|rule|Endless Battle Clause: Forcing endless battles is banned\n|rule|HP Percentage Mod: HP is shown in percentages\n|clearpoke\n|poke|p1|Weezing-Galar, F|\n|poke|p1|Gastrodon-East, F|\n|poke|p1|Sinistcha|\n|poke|p1|Farigiraf, M|\n|poke|p1|Pelipper, F|\n|poke|p1|Gliscor, M|\n|poke|p2|Armarouge, M|\n|poke|p2|Kingambit, M|\n|poke|p2|Chien-Pao|\n|poke|p2|Ogerpon-Hearthflame, F|\n|poke|p2|Palafin, M|\n|poke|p2|Walking Wake|\n|teampreview\n|c|\u2606Rungy|glhf!\n|\n|t:|1697571857\n|start\n|switch|p1a: Asthma|Weezing-Galar, F|100\/100\n|switch|p1b: Khan|Gastrodon-East, F|100\/100\n|switch|p2a: Chien-Pao|Chien-Pao|100\/100\n|switch|p2b: Kingambit|Kingambit, M|100\/100\n|-ability|p2a: Chien-Pao|Sword of Ruin\n|-fieldstart|move: Misty Terrain|[from] ability: Misty Surge|[of] p1a: Asthma\n|turn|1\n|\n|t:|1697571898\n|switch|p1a: Reticulated|Farigiraf, M|100\/100\n|move|p2a: Chien-Pao|Crunch|p1a: Reticulated\n|-supereffective|p1a: Reticulated\n|-damage|p1a: Reticulated|0 fnt\n|faint|p1a: Reticulated\n|move|p2b: Kingambit|Iron Head|p1b: Khan\n|-resisted|p1b: Khan\n|-damage|p1b: Khan|68\/100\n|move|p1b: Khan|Earth Power|p2b: Kingambit\n|-supereffective|p2b: Kingambit\n|-crit|p2b: Kingambit\n|-damage|p2b: Kingambit|0 fnt\n|faint|p2b: Kingambit\n|-end|p2b: Kingambit|fallenundefined|[silent]\n|\n|upkeep\n|\n|t:|1697571914\n|switch|p1a: Asthma|Weezing-Galar, F|100\/100\n|switch|p2b: Ogerpon|Ogerpon-Hearthflame, F|100\/100\n|-ability|p2b: Ogerpon|Mold Breaker\n|turn|2\n|\n|t:|1697571937\n|-terastallize|p1b: Khan|Fire\n|move|p2a: Chien-Pao|Ice Fang|p1a: Asthma\n|-damage|p1a: Asthma|63\/100\n|move|p2b: Ogerpon|Horn Leech|p1b: Khan\n|-resisted|p1b: Khan\n|-damage|p1b: Khan|41\/100\n|move|p1a: Asthma|Flamethrower|p2a: Chien-Pao\n|-supereffective|p2a: Chien-Pao\n|-damage|p2a: Chien-Pao|26\/100\n|move|p1b: Khan|Sludge Bomb|p2b: Ogerpon\n|-supereffective|p2b: Ogerpon\n|-damage|p2b: Ogerpon|49\/100\n|\n|upkeep\n|turn|3\n|\n|t:|1697571964\n|switch|p1a: KRATOM|Sinistcha|100\/100\n|-heal|p1b: Khan|66\/100|[from] ability: Hospitality|[of] p1a: KRATOM\n|move|p2a: Chien-Pao|Crunch|p1b: Khan\n|-damage|p1b: Khan|16\/100\n|move|p2b: Ogerpon|Ivy Cudgel|p1a: KRATOM\n|-supereffective|p1a: KRATOM\n|-damage|p1a: KRATOM|0 fnt\n|faint|p1a: KRATOM\n|move|p1b: Khan|Sludge Bomb|p2b: Ogerpon\n|-supereffective|p2b: Ogerpon\n|-damage|p2b: Ogerpon|0 fnt\n|faint|p2b: Ogerpon\n|\n|upkeep\n|\n|t:|1697571981\n|switch|p2b: Palafin|Palafin, M|100\/100\n|switch|p1a: LIPS INC|Pelipper, F|100\/100\n|-weather|RainDance|[from] ability: Drizzle|[of] p1a: LIPS INC\n|turn|4\n|\n|t:|1697571996\n|move|p2a: Chien-Pao|Crunch|p1a: LIPS INC\n|-damage|p1a: LIPS INC|39\/100\n|-unboost|p1a: LIPS INC|def|1\n|move|p1a: LIPS INC|Water Pulse|p1b: Khan\n|-ability|p1b: Khan|Storm Drain|boost\n|-boost|p1b: Khan|spa|1\n|move|p2b: Palafin|Flip Turn|p1b: Khan\n|-ability|p1b: Khan|Storm Drain|boost\n|-boost|p1b: Khan|spa|1\n|move|p1b: Khan|Earth Power|p2a: Chien-Pao\n|-damage|p2a: Chien-Pao|0 fnt\n|faint|p2a: Chien-Pao\n|\n|-weather|RainDance|[upkeep]\n|upkeep\n|\n|t:|1697572014\n|switch|p2a: Walking Wake|Walking Wake|100\/100\n|turn|5\n|\n|t:|1697572037\n|move|p2a: Walking Wake|Dragon Claw|p1b: Khan\n|-damage|p1b: Khan|1\/100\n|move|p1a: LIPS INC|Water Pulse|p1b: Khan\n|-activate|p1b: Khan|ability: Storm Drain\n|-ability|p1b: Khan|Storm Drain|boost\n|-boost|p1b: Khan|spa|1\n|move|p2b: Palafin|Flip Turn|p1b: Khan\n|-activate|p1b: Khan|ability: Storm Drain\n|-ability|p1b: Khan|Storm Drain|boost\n|-boost|p1b: Khan|spa|1\n|move|p1b: Khan|Earth Power|p2a: Walking Wake\n|-damage|p2a: Walking Wake|0 fnt\n|faint|p2a: Walking Wake\n|-end|p2a: Walking Wake|Protosynthesis|[silent]\n|\n|-weather|RainDance|[upkeep]\n|upkeep\n|\n|t:|1697572055\n|switch|p2a: Armarouge|Armarouge, M|100\/100\n|turn|6\n|\n|t:|1697572075\n|move|p1a: LIPS INC|Tailwind|p1a: LIPS INC\n|-sidestart|p1: Rungy|move: Tailwind\n|move|p2b: Palafin|Blizzard|p1b: Khan|[spread] p1a\n|-miss|p2b: Palafin|p1b: Khan\n|-damage|p1a: LIPS INC|15\/100\n|move|p2a: Armarouge|Expanding Force|p1b: Khan\n|-damage|p1b: Khan|0 fnt\n|faint|p1b: Khan\n|\n|-weather|RainDance|[upkeep]\n|upkeep\n|\n|t:|1697572084\n|switch|p1b: Hank Scorpio|Gliscor, M|100\/100\n|turn|7\n|\n|t:|1697572110\n|move|p1b: Hank Scorpio|High Horsepower|p2a: Armarouge\n|-supereffective|p2a: Armarouge\n|-damage|p2a: Armarouge|23\/100\n|move|p1a: LIPS INC|Water Pulse|p2a: Armarouge\n|-supereffective|p2a: Armarouge\n|-damage|p2a: Armarouge|0 fnt\n|faint|p2a: Armarouge\n|move|p2b: Palafin|Blizzard|p1a: LIPS INC|[spread] p1a\n|-miss|p2b: Palafin|p1b: Hank Scorpio\n|-damage|p1a: LIPS INC|0 fnt\n|faint|p1a: LIPS INC\n|\n|-weather|RainDance|[upkeep]\n|-status|p1b: Hank Scorpio|tox|[from] item: Toxic Orb\n|upkeep\n|\n|t:|1697572123\n|switch|p1a: Asthma|Weezing-Galar, F|63\/100\n|turn|8\n|c|\u2606Rungy|gg\n|\n|t:|1697572137\n|-terastallize|p2b: Palafin|Water\n|move|p1b: Hank Scorpio|Facade|p2b: Palafin\n|-damage|p2b: Palafin|55\/100\n|move|p1a: Asthma|Strange Steam|p2b: Palafin\n|-damage|p2b: Palafin|24\/100\n|move|p2b: Palafin|Blizzard|p1b: Hank Scorpio|[spread] p1b\n|-miss|p2b: Palafin|p1a: Asthma\n|-supereffective|p1b: Hank Scorpio\n|-damage|p1b: Hank Scorpio|24\/100 tox\n|\n|-weather|RainDance|[upkeep]\n|-heal|p1b: Hank Scorpio|36\/100 tox|[from] ability: Poison Heal\n|-fieldend|Misty Terrain\n|upkeep\n|turn|9\n|\n|t:|1697572155\n|move|p2b: Palafin|Jet Punch|p1b: Hank Scorpio\n|-supereffective|p1b: Hank Scorpio\n|-damage|p1b: Hank Scorpio|0 fnt\n|faint|p1b: Hank Scorpio\n|move|p1a: Asthma|Strange Steam|p2b: Palafin\n|-damage|p2b: Palafin|0 fnt\n|faint|p2b: Palafin\n|\n|win|Rungy\n|raw|Rungy's rating: 1084 &rarr; <strong>1109<\/strong><br \/>(+25 for winning)\n|raw|Kmaister's rating: 1055 &rarr; <strong>1038<\/strong><br \/>(-17 for losing)\n|l|\u2606Kmaister\n","uploadtime":1697572167,"views":19,"p1id":"rungy","p2id":"kmaister","formatid":"gen9doublesou","rating":1038,"private":0,"password":""}