{"id":"gen9doublesou-1972586859","p1":"DratiniKing10","p2":"brightland","format":"[Gen 9] Doubles OU","log":"|j|\u2606DratiniKing10\n|j|\u2606brightland\n|t:|1697860560\n|gametype|doubles\n|player|p1|DratiniKing10|lucas|1277\n|player|p2|brightland|2|1337\n|teamsize|p1|6\n|teamsize|p2|6\n|gen|9\n|tier|[Gen 9] Doubles OU\n|rated|\n|rule|Species Clause: Limit one of each Pok\u00e9mon\n|rule|OHKO Clause: OHKO moves are banned\n|rule|Evasion Moves Clause: Evasion moves are banned\n|rule|Gravity Sleep Clause: The combination of sleep-inducing moves with imperfect accuracy and Gravity or Gigantamax Orbeetle are banned\n|rule|Endless Battle Clause: Forcing endless battles is banned\n|rule|HP Percentage Mod: HP is shown in percentages\n|clearpoke\n|poke|p1|Ting-Lu|\n|poke|p1|Arcanine, M|\n|poke|p1|Kingambit, M|\n|poke|p1|Tornadus, M|\n|poke|p1|Sneasler, M|\n|poke|p1|Ogerpon-Wellspring, F|\n|poke|p2|Hydreigon, F|\n|poke|p2|Amoonguss, F|\n|poke|p2|Flutter Mane|\n|poke|p2|Chi-Yu|\n|poke|p2|Ogerpon-Hearthflame, F|\n|poke|p2|Tornadus, M|\n|teampreview\n|inactive|Battle timer is ON: inactive players will automatically lose when time's up. (requested by brightland)\n|\n|t:|1697860571\n|start\n|switch|p1a: Miles|Tornadus, M|100\/100\n|switch|p1b: Julica|Ogerpon-Wellspring, F|100\/100\n|switch|p2a: Hydreigon|Hydreigon, F|100\/100\n|switch|p2b: Flutter Mane|Flutter Mane|100\/100\n|-enditem|p2b: Flutter Mane|Booster Energy\n|-activate|p2b: Flutter Mane|ability: Protosynthesis|[fromitem]\n|-start|p2b: Flutter Mane|protosynthesisspa\n|turn|1\n|\n|t:|1697860589\n|-terastallize|p1b: Julica|Water\n|detailschange|p1b: Julica|Ogerpon-Wellspring-Tera, F, tera:Water\n|-ability|p1b: Julica|Embody Aspect (Wellspring)|boost\n|-boost|p1b: Julica|spd|1\n|move|p1a: Miles|Tailwind|p1a: Miles\n|-sidestart|p1: DratiniKing10|move: Tailwind\n|move|p1b: Julica|Ivy Cudgel|p2b: Flutter Mane\n|-damage|p2b: Flutter Mane|0 fnt\n|faint|p2b: Flutter Mane\n|-end|p2b: Flutter Mane|Protosynthesis|[silent]\n|move|p2a: Hydreigon|Focus Energy|p2a: Hydreigon\n|-start|p2a: Hydreigon|move: Focus Energy\n|\n|upkeep\n|\n|t:|1697860598\n|switch|p2b: Tornadus|Tornadus, M|100\/100\n|turn|2\n|\n|t:|1697860610\n|move|p1a: Miles|Rain Dance|p1a: Miles\n|-weather|RainDance\n|move|p1b: Julica|Ivy Cudgel|p2a: Hydreigon\n|-resisted|p2a: Hydreigon\n|-damage|p2a: Hydreigon|27\/100\n|move|p2a: Hydreigon|Draco Meteor|p1b: Julica\n|-crit|p1b: Julica\n|-damage|p1b: Julica|0 fnt\n|-unboost|p2a: Hydreigon|spa|2\n|faint|p1b: Julica\n|move|p2b: Tornadus|Bleakwind Storm|p1a: Miles\n|-damage|p1a: Miles|56\/100\n|\n|-weather|RainDance|[upkeep]\n|upkeep\n|\n|t:|1697860627\n|switch|p1b: Tavi|Sneasler, M|100\/100\n|turn|3\n|\n|t:|1697860640\n|move|p2a: Hydreigon|Protect|p2a: Hydreigon\n|-singleturn|p2a: Hydreigon|Protect\n|move|p1b: Tavi|Dire Claw|p2a: Hydreigon\n|-activate|p2a: Hydreigon|move: Protect\n|move|p1a: Miles|Bleakwind Storm|p2a: Hydreigon|[spread] p2b\n|-activate|p2a: Hydreigon|move: Protect\n|-damage|p2b: Tornadus|75\/100\n|move|p2b: Tornadus|Bleakwind Storm|p1a: Miles|[spread] p1a,p1b\n|-supereffective|p1b: Tavi\n|-crit|p1b: Tavi\n|-damage|p1a: Miles|23\/100\n|-enditem|p1b: Tavi|Focus Sash\n|-damage|p1b: Tavi|1\/100\n|-enditem|p1a: Miles|Sitrus Berry|[eat]\n|-heal|p1a: Miles|47\/100|[from] item: Sitrus Berry\n|\n|-weather|RainDance|[upkeep]\n|upkeep\n|turn|4\n|\n|t:|1697860667\n|-terastallize|p2a: Hydreigon|Steel\n|move|p1b: Tavi|Dire Claw|p2a: Hydreigon\n|-immune|p2a: Hydreigon\n|move|p1a: Miles|Bleakwind Storm|p2b: Tornadus|[spread] p2a,p2b\n|-resisted|p2a: Hydreigon\n|-damage|p2a: Hydreigon|8\/100\n|-damage|p2b: Tornadus|50\/100\n|move|p2a: Hydreigon|Draco Meteor|p1a: Miles\n|-crit|p1a: Miles\n|-damage|p1a: Miles|0 fnt\n|-unboost|p2a: Hydreigon|spa|2\n|faint|p1a: Miles\n|move|p2b: Tornadus|Bleakwind Storm|p1b: Tavi\n|-supereffective|p1b: Tavi\n|-damage|p1b: Tavi|0 fnt\n|faint|p1b: Tavi\n|\n|-weather|RainDance|[upkeep]\n|-sideend|p1: DratiniKing10|move: Tailwind\n|upkeep\n|inactive|DratiniKing10 has 120 seconds left.\n|\n|t:|1697860693\n|switch|p1b: Zach|Arcanine, M, shiny|100\/100\n|switch|p1a: &IHaveAnAxe|Kingambit, M, shiny|100\/100\n|-ability|p1b: Zach|Intimidate|boost\n|-unboost|p2a: Hydreigon|atk|1\n|-unboost|p2b: Tornadus|atk|1\n|turn|5\n|\n|t:|1697860705\n|move|p2a: Hydreigon|Protect|p2a: Hydreigon\n|-singleturn|p2a: Hydreigon|Protect\n|move|p1b: Zach|Flare Blitz|p2a: Hydreigon\n|-activate|p2a: Hydreigon|move: Protect\n|move|p2b: Tornadus|Brick Break|p1a: &IHaveAnAxe\n|-supereffective|p1a: &IHaveAnAxe\n|-damage|p1a: &IHaveAnAxe|62\/100\n|move|p1a: &IHaveAnAxe|Kowtow Cleave|p2b: Tornadus\n|-damage|p2b: Tornadus|0 fnt\n|faint|p2b: Tornadus\n|-damage|p1a: &IHaveAnAxe|52\/100|[from] item: Life Orb\n|\n|-weather|RainDance|[upkeep]\n|upkeep\n|\n|t:|1697860716\n|switch|p2b: Amoonguss|Amoonguss, F|100\/100\n|turn|6\n|\n|t:|1697860723\n|move|p1a: &IHaveAnAxe|Protect|p1a: &IHaveAnAxe\n|-singleturn|p1a: &IHaveAnAxe|Protect\n|move|p2b: Amoonguss|Rage Powder|p2b: Amoonguss\n|-singleturn|p2b: Amoonguss|move: Rage Powder\n|move|p2a: Hydreigon|Draco Meteor|p1b: Zach\n|-crit|p1b: Zach\n|-damage|p1b: Zach|0 fnt\n|-unboost|p2a: Hydreigon|spa|2\n|faint|p1b: Zach\n|\n|-weather|none\n|upkeep\n|\n|t:|1697860732\n|switch|p1b: MooseCraft|Ting-Lu|100\/100\n|-ability|p1b: MooseCraft|Vessel of Ruin\n|turn|7\n|\n|t:|1697860743\n|move|p2b: Amoonguss|Rage Powder|p2b: Amoonguss\n|-singleturn|p2b: Amoonguss|move: Rage Powder\n|move|p2a: Hydreigon|Heat Wave|p1a: &IHaveAnAxe|[spread] p1a,p1b\n|-supereffective|p1a: &IHaveAnAxe\n|-crit|p1a: &IHaveAnAxe\n|-crit|p1b: MooseCraft\n|-damage|p1a: &IHaveAnAxe|1\/100\n|-damage|p1b: MooseCraft|84\/100\n|move|p1a: &IHaveAnAxe|Kowtow Cleave|p2b: Amoonguss\n|-damage|p2b: Amoonguss|26\/100\n|-enditem|p2b: Amoonguss|Sitrus Berry|[eat]\n|-heal|p2b: Amoonguss|51\/100|[from] item: Sitrus Berry\n|-damage|p1a: &IHaveAnAxe|0 fnt|[from] item: Life Orb\n|faint|p1a: &IHaveAnAxe\n|move|p1b: MooseCraft|Ruination|p2b: Amoonguss\n|-damage|p2b: Amoonguss|26\/100\n|\n|-heal|p1b: MooseCraft|91\/100|[from] item: Leftovers\n|upkeep\n|turn|8\n|\n|t:|1697860761\n|move|p2a: Hydreigon|Draco Meteor|p1b: MooseCraft\n|-crit|p1b: MooseCraft\n|-damage|p1b: MooseCraft|39\/100\n|move|p1b: MooseCraft|Rock Slide|p2a: Hydreigon|[spread] p2a,p2b\n|-resisted|p2a: Hydreigon\n|-damage|p2a: Hydreigon|0 fnt\n|-damage|p2b: Amoonguss|12\/100\n|faint|p2a: Hydreigon\n|move|p2b: Amoonguss|Leaf Storm|p1b: MooseCraft\n|-supereffective|p1b: MooseCraft\n|-damage|p1b: MooseCraft|0 fnt\n|-unboost|p2b: Amoonguss|spa|2\n|faint|p1b: MooseCraft\n|\n|win|brightland\n|raw|DratiniKing10's rating: 1277 &rarr; <strong>1256<\/strong><br \/>(-21 for losing)\n|raw|brightland's rating: 1337 &rarr; <strong>1354<\/strong><br \/>(+17 for winning)\n","uploadtime":1697860773,"views":12,"p1id":"dratiniking10","p2id":"brightland","formatid":"gen9doublesou","rating":1256,"private":0,"password":""}