{"id":"gen9doublesou-1988636728","p1":"AGSI","p2":"Bigred0506","format":"[Gen 9] Doubles OU","log":"|j|\u2606AGSI\n|j|\u2606Bigred0506\n|t:|1699744682\n|gametype|doubles\n|player|p1|AGSI|pilot|\n|player|p2|Bigred0506|hiker|\n|teamsize|p1|6\n|teamsize|p2|6\n|gen|9\n|tier|[Gen 9] Doubles OU\n|rule|Species Clause: Limit one of each Pok\u00e9mon\n|rule|OHKO Clause: OHKO moves are banned\n|rule|Evasion Moves Clause: Evasion moves are banned\n|rule|Gravity Sleep Clause: The combination of sleep-inducing moves with imperfect accuracy and Gravity or Gigantamax Orbeetle are banned\n|rule|Endless Battle Clause: Forcing endless battles is banned\n|rule|HP Percentage Mod: HP is shown in percentages\n|clearpoke\n|poke|p1|Basculegion-F, F|\n|poke|p1|Sinistcha|\n|poke|p1|Fezandipiti, M|\n|poke|p1|Noivern, M|\n|poke|p1|Glimmora, M|\n|poke|p1|Hawlucha, M|\n|poke|p2|Armarouge, M|\n|poke|p2|Dragapult, M|\n|poke|p2|Gastrodon, F|\n|poke|p2|Gallade, M|\n|poke|p2|Torterra, M|\n|poke|p2|Cetitan, M|\n|teampreview\n|inactive|Battle timer is ON: inactive players will automatically lose when time's up. (requested by AGSI)\n|inactive|Bigred0506 also wants the timer to be on.\n|\n|t:|1699744691\n|start\n|switch|p1a: Fezandipiti|Fezandipiti, M|100\/100\n|switch|p1b: Glimmora|Glimmora, M|100\/100\n|switch|p2a: Red|Armarouge, M|100\/100\n|switch|p2b: Kaiba|Gallade, M|100\/100\n|turn|1\n|\n|t:|1699744705\n|move|p1b: Glimmora|Spiky Shield|p1b: Glimmora\n|-singleturn|p1b: Glimmora|move: Protect\n|move|p2b: Kaiba|Psycho Cut|p1a: Fezandipiti\n|-supereffective|p1a: Fezandipiti\n|-damage|p1a: Fezandipiti|0 fnt\n|faint|p1a: Fezandipiti\n|move|p2a: Red|Psychic|p1b: Glimmora\n|-activate|p1b: Glimmora|move: Protect\n|\n|upkeep\n|\n|t:|1699744713\n|switch|p1a: Basculegion|Basculegion-F, F|100\/100\n|turn|2\n|\n|t:|1699744725\n|switch|p2b: Gooby|Gastrodon, F|100\/100\n|move|p1b: Glimmora|Power Gem|p2a: Red\n|-supereffective|p2a: Red\n|-damage|p2a: Red|4\/100\n|-enditem|p2a: Red|Weakness Policy\n|-boost|p2a: Red|atk|2|[from] item: Weakness Policy\n|-boost|p2a: Red|spa|2|[from] item: Weakness Policy\n|move|p1a: Basculegion|Icy Wind|p2a: Red|[spread] p2a,p2b\n|-resisted|p2a: Red\n|-damage|p2a: Red|0 fnt\n|-damage|p2b: Gooby|89\/100\n|-unboost|p2b: Gooby|spe|1\n|faint|p2a: Red\n|\n|-heal|p2b: Gooby|95\/100|[from] item: Leftovers\n|upkeep\n|\n|t:|1699744742\n|switch|p2a: Jet|Dragapult, M|100\/100\n|turn|3\n|\n|t:|1699744753\n|switch|p1a: Sinistcha|Sinistcha|100\/100\n|-terastallize|p2a: Jet|Fairy\n|move|p2a: Jet|Dragon Dance|p2a: Jet\n|-boost|p2a: Jet|atk|1\n|-boost|p2a: Jet|spe|1\n|move|p1b: Glimmora|Acid Spray|p2a: Jet\n|-supereffective|p2a: Jet\n|-damage|p2a: Jet|51\/100\n|-unboost|p2a: Jet|spd|2\n|move|p2b: Gooby|Muddy Water|p1a: Sinistcha|[spread] p1a,p1b\n|-resisted|p1a: Sinistcha\n|-supereffective|p1b: Glimmora\n|-crit|p1b: Glimmora\n|-damage|p1a: Sinistcha|82\/100\n|-damage|p1b: Glimmora|30\/100\n|-unboost|p1a: Sinistcha|accuracy|1\n|-unboost|p1b: Glimmora|accuracy|1\n|\n|-heal|p1b: Glimmora|36\/100|[from] item: Black Sludge\n|-heal|p2b: Gooby|100\/100|[from] item: Leftovers\n|upkeep\n|turn|4\n|\n|t:|1699744778\n|move|p1a: Sinistcha|Rage Powder|p1a: Sinistcha\n|-singleturn|p1a: Sinistcha|move: Rage Powder\n|move|p2a: Jet|Phantom Force||[still]\n|-prepare|p2a: Jet|Phantom Force\n|move|p1b: Glimmora|Acid Spray|p2a: Jet|[miss]\n|-miss|p1b: Glimmora|p2a: Jet\n|move|p2b: Gooby|Muddy Water|p1a: Sinistcha|[spread] p1b\n|-miss|p2b: Gooby|p1a: Sinistcha\n|-supereffective|p1b: Glimmora\n|-damage|p1b: Glimmora|0 fnt\n|faint|p1b: Glimmora\n|\n|upkeep\n|\n|t:|1699744788\n|switch|p1b: Hawlucha|Hawlucha, M|100\/100\n|turn|5\n|\n|t:|1699744800\n|move|p1a: Sinistcha|Rage Powder|p1a: Sinistcha\n|-singleturn|p1a: Sinistcha|move: Rage Powder\n|move|p2a: Jet|Phantom Force|p1a: Sinistcha|[from]lockedmove\n|-supereffective|p1a: Sinistcha\n|-damage|p1a: Sinistcha|0 fnt\n|faint|p1a: Sinistcha\n|-damage|p2a: Jet|42\/100|[from] item: Life Orb\n|move|p1b: Hawlucha|Fling|p2b: Gooby\n|-damage|p2b: Gooby|92\/100\n|-enditem|p1b: Hawlucha|King's Rock|[from] move: Fling\n|cant|p2b: Gooby|flinch\n|\n|-heal|p2b: Gooby|98\/100|[from] item: Leftovers\n|upkeep\n|\n|t:|1699744812\n|switch|p1a: Drago|Noivern, M, shiny|100\/100\n|turn|6\n|\n|t:|1699744826\n|move|p1b: Hawlucha|Acrobatics|p2a: Jet\n|-damage|p2a: Jet|0 fnt\n|faint|p2a: Jet\n|move|p2b: Gooby|Ice Beam|p1b: Hawlucha\n|-supereffective|p1b: Hawlucha\n|-damage|p1b: Hawlucha|17\/100\n|move|p1a: Drago|Whirlwind|p2b: Gooby\n|drag|p2b: Pogo|Cetitan, M|100\/100\n|\n|upkeep\n|\n|t:|1699744832\n|switch|p2a: Turkle|Torterra, M|100\/100\n|turn|7\n|\n|t:|1699744848\n|-terastallize|p1b: Hawlucha|Flying\n|move|p2b: Pogo|Ice Shard|p1b: Hawlucha\n|-supereffective|p1b: Hawlucha\n|-damage|p1b: Hawlucha|0 fnt\n|faint|p1b: Hawlucha\n|move|p1a: Drago|Tailwind|p1a: Drago\n|-sidestart|p1: AGSI|move: Tailwind\n|move|p2a: Turkle|Rock Blast|p1a: Drago\n|-supereffective|p1a: Drago\n|-damage|p1a: Drago|80\/100\n|-supereffective|p1a: Drago\n|-crit|p1a: Drago\n|-damage|p1a: Drago|53\/100\n|-supereffective|p1a: Drago\n|-damage|p1a: Drago|35\/100\n|-supereffective|p1a: Drago\n|-damage|p1a: Drago|17\/100\n|-supereffective|p1a: Drago\n|-damage|p1a: Drago|0 fnt\n|faint|p1a: Drago\n|-hitcount|p1: Drago|5\n|\n|upkeep\n|\n|t:|1699744866\n|switch|p1b: Basculegion|Basculegion-F, F|100\/100\n|turn|8\n|\n|t:|1699744873\n|move|p1b: Basculegion|Surf|p2b: Pogo|[spread] p2a,p2b\n|-damage|p2a: Turkle|49\/100\n|-damage|p2b: Pogo|55\/100\n|move|p2a: Turkle|Bullet Seed|p1b: Basculegion\n|-supereffective|p1b: Basculegion\n|-damage|p1b: Basculegion|76\/100\n|-supereffective|p1b: Basculegion\n|-damage|p1b: Basculegion|52\/100\n|-supereffective|p1b: Basculegion\n|-damage|p1b: Basculegion|26\/100\n|-supereffective|p1b: Basculegion\n|-damage|p1b: Basculegion|2\/100\n|-supereffective|p1b: Basculegion\n|-damage|p1b: Basculegion|0 fnt\n|faint|p1b: Basculegion\n|-hitcount|p1: Basculegion|5\n|\n|win|Bigred0506\n","uploadtime":1699744886,"views":8,"p1id":"agsi","p2id":"bigred0506","formatid":"gen9doublesou","rating":0,"private":0,"password":""}