{"id":"gen9doublesou-1971955315","p1":"ElPrincipeMilito","p2":"naditza","format":"[Gen 9] Doubles OU","log":"|j|\u2606ElPrincipeMilito\n|j|\u2606naditza\n|inactive|Battle timer is ON: inactive players will automatically lose when time's up.\n|t:|1697797352\n|gametype|doubles\n|player|p1|ElPrincipeMilito|n|\n|player|p2|naditza|gambler|\n|teamsize|p1|6\n|teamsize|p2|6\n|gen|9\n|tier|[Gen 9] Doubles OU\n|rated|Tournament battle\n|rule|Species Clause: Limit one of each Pok\u00e9mon\n|rule|OHKO Clause: OHKO moves are banned\n|rule|Evasion Moves Clause: Evasion moves are banned\n|rule|Gravity Sleep Clause: The combination of sleep-inducing moves with imperfect accuracy and Gravity or Gigantamax Orbeetle are banned\n|rule|Endless Battle Clause: Forcing endless battles is banned\n|rule|HP Percentage Mod: HP is shown in percentages\n|clearpoke\n|poke|p1|Rillaboom, F|\n|poke|p1|Gholdengo|\n|poke|p1|Palafin, M|\n|poke|p1|Pelipper, F|\n|poke|p1|Landorus, M|\n|poke|p1|Iron Hands|\n|poke|p2|Torkoal, L99, M|\n|poke|p2|Flutter Mane|\n|poke|p2|Diancie, L99|\n|poke|p2|Ogerpon-Hearthflame, F|\n|poke|p2|Rillaboom, F|\n|poke|p2|Volcanion|\n|teampreview\n|j|*Lady Monita \u263d\n|c|\u2606naditza|glhf\n|\n|t:|1697797379\n|start\n|switch|p1a: 1 year on T|Landorus, M|100\/100\n|switch|p1b: billiam|Pelipper, F|100\/100\n|switch|p2a: Diancie|Diancie, L99|100\/100\n|switch|p2b: Rillaboom|Rillaboom, F|100\/100\n|-fieldstart|move: Grassy Terrain|[from] ability: Grassy Surge|[of] p2b: Rillaboom\n|-weather|RainDance|[from] ability: Drizzle|[of] p1b: billiam\n|turn|1\n|inactive|naditza has 120 seconds left.\n|\n|t:|1697797415\n|move|p2b: Rillaboom|Fake Out|p1a: 1 year on T\n|-damage|p1a: 1 year on T|83\/100\n|cant|p1a: 1 year on T|flinch\n|move|p1b: billiam|Hurricane|p2b: Rillaboom\n|-supereffective|p2b: Rillaboom\n|-damage|p2b: Rillaboom|50\/100\n|move|p2a: Diancie|Trick Room|p2a: Diancie\n|-fieldstart|move: Trick Room|[of] p2a: Diancie\n|\n|-weather|RainDance|[upkeep]\n|-heal|p2b: Rillaboom|56\/100|[from] Grassy Terrain\n|upkeep\n|turn|2\n|inactive|naditza has 120 seconds left.\n|\n|t:|1697797435\n|switch|p2b: Torkoal|Torkoal, L99, M|100\/100\n|-weather|SunnyDay|[from] ability: Drought|[of] p2b: Torkoal\n|switch|p1a: tube man|Gholdengo|100\/100\n|-terastallize|p1b: billiam|Flying\n|move|p2a: Diancie|Diamond Storm|p1b: billiam|[spread] p1a,p1b\n|-resisted|p1a: tube man\n|-supereffective|p1b: billiam\n|-damage|p1a: tube man|85\/100\n|-damage|p1b: billiam|26\/100\n|-enditem|p1b: billiam|Eject Button\n|\n|t:|1697797442\n|switch|p1b: dumpling|Iron Hands|100\/100\n|\n|-weather|SunnyDay|[upkeep]\n|-heal|p1a: tube man|91\/100|[from] Grassy Terrain\n|-heal|p1a: tube man|98\/100|[from] item: Leftovers\n|upkeep\n|turn|3\n|\n|t:|1697797462\n|move|p1b: dumpling|Fake Out|p2b: Torkoal\n|-damage|p2b: Torkoal|88\/100\n|cant|p2b: Torkoal|flinch\n|move|p2a: Diancie|Diamond Storm|p1b: dumpling|[spread] p1a,p1b\n|-resisted|p1a: tube man\n|-resisted|p1b: dumpling\n|-damage|p1a: tube man|81\/100\n|-damage|p1b: dumpling|89\/100\n|-boost|p2a: Diancie|def|2\n|move|p1a: tube man|Make It Rain|p2a: Diancie|[spread] p2a,p2b\n|-supereffective|p2a: Diancie\n|-resisted|p2b: Torkoal\n|-damage|p2a: Diancie|0 fnt\n|-damage|p2b: Torkoal|56\/100\n|-unboost|p1a: tube man|spa|1\n|faint|p2a: Diancie\n|\n|-weather|SunnyDay|[upkeep]\n|-heal|p2b: Torkoal|62\/100|[from] Grassy Terrain\n|-heal|p1b: dumpling|95\/100|[from] Grassy Terrain\n|-heal|p1a: tube man|87\/100|[from] Grassy Terrain\n|-heal|p1a: tube man|93\/100|[from] item: Leftovers\n|upkeep\n|inactive|naditza has 120 seconds left.\n|\n|t:|1697797483\n|switch|p2a: Volcanion|Volcanion|100\/100\n|turn|4\n|inactive|ElPrincipeMilito has 120 seconds left.\n|inactive|ElPrincipeMilito has 90 seconds left.\n|inactive|ElPrincipeMilito has 60 seconds left.\n|\n|t:|1697797594\n|switch|p1a: billiam|Pelipper, F, tera:Flying|26\/100\n|-weather|RainDance|[from] ability: Drizzle|[of] p1a: billiam\n|move|p2b: Torkoal|Heat Wave|p1b: dumpling|[spread] p1a\n|-miss|p2b: Torkoal|p1b: dumpling\n|-damage|p1a: billiam|8\/100\n|move|p1b: dumpling|Wild Charge|p2a: Volcanion\n|-supereffective|p2a: Volcanion\n|-damage|p2a: Volcanion|20\/100\n|-damage|p1b: dumpling|80\/100|[from] Recoil\n|move|p2a: Volcanion|Heat Wave|p1b: dumpling|[spread] p1a,p1b\n|-crit|p1a: billiam\n|-damage|p1a: billiam|0 fnt\n|-damage|p1b: dumpling|70\/100\n|faint|p1a: billiam\n|\n|-weather|RainDance|[upkeep]\n|-heal|p2b: Torkoal|68\/100|[from] Grassy Terrain\n|-heal|p1b: dumpling|76\/100|[from] Grassy Terrain\n|-heal|p2a: Volcanion|26\/100|[from] Grassy Terrain\n|-heal|p2a: Volcanion|32\/100|[from] item: Leftovers\n|upkeep\n|\n|t:|1697797600\n|switch|p1a: happy pride|Palafin, M|100\/100\n|turn|5\n|inactive|ElPrincipeMilito has 60 seconds left.\n|\n|t:|1697797616\n|move|p2b: Torkoal|Heat Wave|p1a: happy pride|[spread] p1a,p1b\n|-resisted|p1a: happy pride\n|-damage|p1a: happy pride|86\/100\n|-damage|p1b: dumpling|66\/100\n|move|p1b: dumpling|Wild Charge|p2a: Volcanion\n|-supereffective|p2a: Volcanion\n|-damage|p2a: Volcanion|0 fnt\n|faint|p2a: Volcanion\n|-damage|p1b: dumpling|59\/100|[from] Recoil\n|move|p1a: happy pride|Flip Turn|p2b: Torkoal\n|-supereffective|p2b: Torkoal\n|-crit|p2b: Torkoal\n|-damage|p2b: Torkoal|0 fnt\n|faint|p2b: Torkoal\n|inactive|ElPrincipeMilito has 60 seconds left.\n|\n|t:|1697797631\n|detailschange|p1a: happy pride|Palafin-Hero, M\n|switch|p1a: 1 year on T|Landorus, M|83\/100|[from] Flip Turn\n|\n|-weather|RainDance|[upkeep]\n|-heal|p1b: dumpling|66\/100|[from] Grassy Terrain\n|-fieldend|move: Trick Room\n|-fieldend|move: Grassy Terrain\n|upkeep\n|\n|t:|1697797637\n|switch|p2a: Flutter Mane|Flutter Mane|100\/100\n|switch|p2b: Rillaboom|Rillaboom, F|56\/100\n|-fieldstart|move: Grassy Terrain|[from] ability: Grassy Surge|[of] p2b: Rillaboom\n|-enditem|p2a: Flutter Mane|Booster Energy\n|-activate|p2a: Flutter Mane|ability: Protosynthesis|[fromitem]\n|-start|p2a: Flutter Mane|protosynthesisspe\n|turn|6\n|inactive|ElPrincipeMilito has 60 seconds left.\n|inactive|ElPrincipeMilito has 30 seconds left.\n|inactive|ElPrincipeMilito has 20 seconds left.\n|inactive|ElPrincipeMilito has 15 seconds left.\n|inactive|ElPrincipeMilito has 10 seconds left.\n|inactive|ElPrincipeMilito has 5 seconds left.\n|\n|t:|1697797720\n|move|p2b: Rillaboom|Fake Out|p1a: 1 year on T\n|-damage|p1a: 1 year on T|64\/100\n|move|p2a: Flutter Mane|Moonblast|p1b: dumpling\n|-supereffective|p1b: dumpling\n|-damage|p1b: dumpling|19\/100\n|-unboost|p1b: dumpling|spa|1\n|cant|p1a: 1 year on T|flinch\n|move|p1b: dumpling|Drain Punch|p2b: Rillaboom\n|-damage|p2b: Rillaboom|15\/100\n|-heal|p1b: dumpling|35\/100|[from] drain|[of] p2b: Rillaboom\n|\n|-weather|RainDance|[upkeep]\n|-heal|p2b: Rillaboom|21\/100|[from] Grassy Terrain\n|-heal|p1b: dumpling|41\/100|[from] Grassy Terrain\n|upkeep\n|turn|7\n|inactive|ElPrincipeMilito has 30 seconds left this turn.\n|inactive|ElPrincipeMilito has 20 seconds left.\n|\n|t:|1697797732\n|move|p2b: Rillaboom|Grassy Glide|p1a: 1 year on T\n|-damage|p1a: 1 year on T|17\/100\n|move|p2a: Flutter Mane|Dazzling Gleam|p1a: 1 year on T|[spread] p1a,p1b\n|-supereffective|p1b: dumpling\n|-damage|p1a: 1 year on T|0 fnt\n|-damage|p1b: dumpling|8\/100\n|faint|p1a: 1 year on T\n|move|p1b: dumpling|Heavy Slam|p2a: Flutter Mane\n|-supereffective|p2a: Flutter Mane\n|-damage|p2a: Flutter Mane|0 fnt\n|faint|p2a: Flutter Mane\n|-end|p2a: Flutter Mane|Protosynthesis|[silent]\n|\n|-weather|RainDance|[upkeep]\n|-heal|p2b: Rillaboom|27\/100|[from] Grassy Terrain\n|-heal|p1b: dumpling|14\/100|[from] Grassy Terrain\n|upkeep\n|\n|t:|1697797741\n|switch|p2a: Ogerpon|Ogerpon-Hearthflame, F|100\/100\n|switch|p1a: gym teacher|Rillaboom, F|100\/100\n|-ability|p2a: Ogerpon|Mold Breaker\n|turn|8\n|inactive|ElPrincipeMilito has 60 seconds left.\n|\n|t:|1697797764\n|move|p1a: gym teacher|Fake Out|p2a: Ogerpon\n|-damage|p2a: Ogerpon|84\/100\n|cant|p2a: Ogerpon|flinch\n|move|p2b: Rillaboom|Grassy Glide|p1b: dumpling\n|-damage|p1b: dumpling|0 fnt\n|faint|p1b: dumpling\n|-end|p1b: dumpling|Quark Drive|[silent]\n|\n|-weather|none\n|-heal|p2a: Ogerpon|90\/100|[from] Grassy Terrain\n|-heal|p2b: Rillaboom|33\/100|[from] Grassy Terrain\n|upkeep\n|\n|t:|1697797774\n|switch|p1b: happy pride|Palafin-Hero, M|86\/100\n|-activate|p1b: happy pride|ability: Zero to Hero\n|turn|9\n|\n|t:|1697797781\n|move|p2b: Rillaboom|Grassy Glide|p1b: happy pride\n|-supereffective|p1b: happy pride\n|-damage|p1b: happy pride|12\/100\n|move|p2a: Ogerpon|Ivy Cudgel|p1a: gym teacher\n|-supereffective|p1a: gym teacher\n|-damage|p1a: gym teacher|0 fnt\n|faint|p1a: gym teacher\n|move|p1b: happy pride|Wave Crash|p2a: Ogerpon\n|-damage|p2a: Ogerpon|0 fnt\n|faint|p2a: Ogerpon\n|-damage|p1b: happy pride|0 fnt|[from] Recoil\n|faint|p1b: happy pride\n|\n|-heal|p2b: Rillaboom|39\/100|[from] Grassy Terrain\n|upkeep\n|\n|t:|1697797785\n|switch|p1a: tube man|Gholdengo|93\/100\n|turn|10\n|\n|t:|1697797791\n|-terastallize|p2b: Rillaboom|Water\n|move|p2b: Rillaboom|Grassy Glide|p1a: tube man\n|-resisted|p1a: tube man\n|-damage|p1a: tube man|75\/100\n|move|p1a: tube man|Make It Rain|p2b: Rillaboom\n|-resisted|p2b: Rillaboom\n|-damage|p2b: Rillaboom|16\/100\n|-unboost|p1a: tube man|spa|1\n|\n|-heal|p1a: tube man|82\/100|[from] Grassy Terrain\n|-heal|p1a: tube man|88\/100|[from] item: Leftovers\n|-heal|p2b: Rillaboom|22\/100|[from] Grassy Terrain\n|-fieldend|move: Grassy Terrain\n|upkeep\n|turn|11\n|inactive|ElPrincipeMilito has 120 seconds left.\n|\n|t:|1697797797\n|move|p1a: tube man|Thunder|p2b: Rillaboom\n|-supereffective|p2b: Rillaboom\n|-damage|p2b: Rillaboom|0 fnt\n|faint|p2b: Rillaboom\n|\n|win|ElPrincipeMilito\n|n|\u2606ElPrincipeMilito|elprincipemilito\n|n|\u2606naditza|naditza\n|n|*Lady Monita \u263d|ladymonita\n|l|*Lady Monita \u263d\n|c|\u2606naditza|....\n","uploadtime":1697797824,"views":28,"p1id":"elprincipemilito","p2id":"naditza","formatid":"gen9doublesou","rating":0,"private":0,"password":""}