{"id":"gen9doublesou-1973988828","p1":"bananaszn","p2":"Discarus","format":"[Gen 9] Doubles OU","log":"|j|\u2606bananaszn\n|j|\u2606Discarus\n|t:|1698037510\n|gametype|doubles\n|player|p1|bananaszn|brycen|1048\n|player|p2|Discarus|benga|1070\n|teamsize|p1|6\n|teamsize|p2|6\n|gen|9\n|tier|[Gen 9] Doubles OU\n|rated|\n|rule|Species Clause: Limit one of each Pok\u00e9mon\n|rule|OHKO Clause: OHKO moves are banned\n|rule|Evasion Moves Clause: Evasion moves are banned\n|rule|Gravity Sleep Clause: The combination of sleep-inducing moves with imperfect accuracy and Gravity or Gigantamax Orbeetle are banned\n|rule|Endless Battle Clause: Forcing endless battles is banned\n|rule|HP Percentage Mod: HP is shown in percentages\n|clearpoke\n|poke|p1|Poliwrath, M|\n|poke|p1|Pelipper, M|\n|poke|p1|Basculegion-F, F|\n|poke|p1|Zapdos|\n|poke|p1|Landorus-Therian, M|\n|poke|p1|Tsareena, F|\n|poke|p2|Kommo-o, M|\n|poke|p2|Oricorio-Sensu, F|\n|poke|p2|Volcarona, F|\n|poke|p2|Oranguru, F|\n|poke|p2|Grimmsnarl, M|\n|poke|p2|Quaquaval, M|\n|teampreview\n|\n|t:|1698037517\n|start\n|switch|p1a: Pelipper|Pelipper, M|100\/100\n|switch|p1b: Poliwrath|Poliwrath, M|100\/100\n|switch|p2a: Party|Oricorio-Sensu, F|100\/100\n|switch|p2b: Rhythm|Quaquaval, M|100\/100\n|-weather|RainDance|[from] ability: Drizzle|[of] p1a: Pelipper\n|turn|1\n|\n|t:|1698037539\n|switch|p1a: Zapdos|Zapdos|100\/100\n|-terastallize|p2b: Rhythm|Water\n|move|p1b: Poliwrath|Waterfall|p2a: Party\n|-damage|p2a: Party|0 fnt\n|faint|p2a: Party\n|move|p2b: Rhythm|Close Combat|p1b: Poliwrath\n|-damage|p1b: Poliwrath|0 fnt\n|-unboost|p2b: Rhythm|def|1\n|-unboost|p2b: Rhythm|spd|1\n|faint|p1b: Poliwrath\n|-ability|p2b: Rhythm|Moxie|boost\n|-boost|p2b: Rhythm|atk|1\n|\n|-weather|RainDance|[upkeep]\n|upkeep\n|inactive|Battle timer is ON: inactive players will automatically lose when time's up. (requested by Discarus)\n|\n|t:|1698037562\n|switch|p2a: Fiesta|Kommo-o, M, shiny|100\/100\n|switch|p1b: Basculegion|Basculegion-F, F|100\/100\n|turn|2\n|\n|t:|1698037577\n|switch|p2b: Salsa|Grimmsnarl, M|100\/100\n|move|p2a: Fiesta|Clangorous Soul|p2a: Fiesta\n|-boost|p2a: Fiesta|atk|1\n|-boost|p2a: Fiesta|def|1\n|-boost|p2a: Fiesta|spa|1\n|-boost|p2a: Fiesta|spd|1\n|-boost|p2a: Fiesta|spe|1\n|-damage|p2a: Fiesta|68\/100\n|-enditem|p2a: Fiesta|Throat Spray\n|-boost|p2a: Fiesta|spa|1|[from] item: Throat Spray\n|move|p1a: Zapdos|Thunder|p2b: Salsa\n|-damage|p2b: Salsa|39\/100\n|move|p1b: Basculegion|Last Respects|p2a: Fiesta\n|-damage|p2a: Fiesta|4\/100\n|\n|-weather|RainDance|[upkeep]\n|-heal|p2b: Salsa|45\/100|[from] item: Leftovers\n|upkeep\n|turn|3\n|\n|t:|1698037601\n|move|p2b: Salsa|Thunder Wave|p1b: Basculegion\n|-status|p1b: Basculegion|par\n|move|p2a: Fiesta|Clanging Scales|p1b: Basculegion|[spread] p1a,p1b\n|-damage|p1a: Zapdos|35\/100\n|-damage|p1b: Basculegion|36\/100 par\n|-unboost|p2a: Fiesta|def|1\n|move|p1a: Zapdos|Volt Switch|p2a: Fiesta\n|-resisted|p2a: Fiesta\n|-damage|p2a: Fiesta|0 fnt\n|faint|p2a: Fiesta\n|\n|t:|1698037614\n|switch|p1a: Tsareena|Tsareena, F|100\/100|[from] Volt Switch\n|move|p1b: Basculegion|Last Respects|p2b: Salsa\n|-resisted|p2b: Salsa\n|-damage|p2b: Salsa|0 fnt\n|faint|p2b: Salsa\n|\n|-weather|RainDance|[upkeep]\n|upkeep\n|\n|t:|1698037628\n|switch|p2a: Baile|Oranguru, F, shiny|100\/100\n|switch|p2b: Quinceanera|Volcarona, F|100\/100\n|turn|4\n|\n|t:|1698037644\n|move|p2b: Quinceanera|Quiver Dance|p2b: Quinceanera\n|-boost|p2b: Quinceanera|spa|1\n|-boost|p2b: Quinceanera|spd|1\n|-boost|p2b: Quinceanera|spe|1\n|move|p1a: Tsareena|U-turn|p2a: Baile\n|-supereffective|p2a: Baile\n|-damage|p2a: Baile|45\/100\n|\n|t:|1698037651\n|switch|p1a: Landorus|Landorus-Therian, M|100\/100|[from] U-turn\n|-ability|p1a: Landorus|Intimidate|boost\n|-unboost|p2a: Baile|atk|1\n|-unboost|p2b: Quinceanera|atk|1\n|move|p2a: Baile|Instruct|p2b: Quinceanera\n|-singleturn|p2b: Quinceanera|move: Instruct|[of] p2a: Baile\n|move|p2b: Quinceanera|Quiver Dance|p2b: Quinceanera\n|-boost|p2b: Quinceanera|spa|1\n|-boost|p2b: Quinceanera|spd|1\n|-boost|p2b: Quinceanera|spe|1\n|move|p1b: Basculegion|Last Respects|p2b: Quinceanera\n|-damage|p2b: Quinceanera|0 fnt\n|faint|p2b: Quinceanera\n|\n|-weather|RainDance|[upkeep]\n|-heal|p2a: Baile|51\/100|[from] item: Leftovers\n|upkeep\n|\n|t:|1698037666\n|switch|p2b: Rhythm|Quaquaval, M, tera:Water|100\/100\n|turn|5\n|\n|t:|1698037674\n|move|p1a: Landorus|U-turn|p2a: Baile\n|-supereffective|p2a: Baile\n|-damage|p2a: Baile|0 fnt\n|faint|p2a: Baile\n|\n|t:|1698037681\n|switch|p1a: Zapdos|Zapdos|35\/100|[from] U-turn\n|move|p2b: Rhythm|Aqua Step|p1a: Zapdos\n|-damage|p1a: Zapdos|0 fnt\n|-boost|p2b: Rhythm|spe|1\n|faint|p1a: Zapdos\n|-ability|p2b: Rhythm|Moxie|boost\n|-boost|p2b: Rhythm|atk|1\n|move|p1b: Basculegion|Last Respects|p2b: Rhythm\n|-damage|p2b: Rhythm|0 fnt\n|faint|p2b: Rhythm\n|\n|win|bananaszn\n|raw|bananaszn's rating: 1048 &rarr; <strong>1083<\/strong><br \/>(+35 for winning)\n|raw|Discarus's rating: 1070 &rarr; <strong>1048<\/strong><br \/>(-22 for losing)\n|c|\u2606Discarus|gg\n|l|\u2606Discarus\n|c|\u2606bananaszn|gg\n","uploadtime":1698037703,"views":20,"p1id":"bananaszn","p2id":"discarus","formatid":"gen9doublesou","rating":1048,"private":0,"password":""}