{"id":"gen9doublesou-1986777895","p1":"Thehombre","p2":"Antoniasz","format":"[Gen 9] Doubles OU","log":"|j|\u2606Thehombre\n|j|\u2606Antoniasz\n|t:|1699523701\n|gametype|doubles\n|player|p1|Thehombre|101|1287\n|player|p2|Antoniasz|crasherwake|1207\n|teamsize|p1|6\n|teamsize|p2|6\n|gen|9\n|tier|[Gen 9] Doubles OU\n|rated|\n|rule|Species Clause: Limit one of each Pok\u00e9mon\n|rule|OHKO Clause: OHKO moves are banned\n|rule|Evasion Moves Clause: Evasion moves are banned\n|rule|Gravity Sleep Clause: The combination of sleep-inducing moves with imperfect accuracy and Gravity or Gigantamax Orbeetle are banned\n|rule|Endless Battle Clause: Forcing endless battles is banned\n|rule|HP Percentage Mod: HP is shown in percentages\n|clearpoke\n|poke|p1|Copperajah, F|\n|poke|p1|Bronzong|\n|poke|p1|Armarouge, F|\n|poke|p1|Torkoal, F|\n|poke|p1|Dipplin, F|\n|poke|p1|Great Tusk|\n|poke|p2|Vikavolt, F|\n|poke|p2|Diancie|\n|poke|p2|Cinderace, F|\n|poke|p2|Decidueye-Hisui, F|\n|poke|p2|Weezing-Galar, F|\n|poke|p2|Kingambit, M|\n|teampreview\n|inactive|Battle timer is ON: inactive players will automatically lose when time's up. (requested by Thehombre)\n|\n|t:|1699523712\n|start\n|switch|p1a: Copperajah|Copperajah, F|100\/100\n|switch|p1b: Bronzong|Bronzong|100\/100\n|switch|p2a: Weezing|Weezing-Galar, F|100\/100\n|switch|p2b: Kingambit|Kingambit, M|100\/100\n|-fieldstart|move: Misty Terrain|[from] ability: Misty Surge|[of] p2a: Weezing\n|-enditem|p2a: Weezing|Misty Seed\n|-boost|p2a: Weezing|spd|1|[from] item: Misty Seed\n|-enditem|p2b: Kingambit|Misty Seed\n|-boost|p2b: Kingambit|spd|1|[from] item: Misty Seed\n|turn|1\n|inactive|Antoniasz has 120 seconds left.\n|\n|t:|1699523746\n|switch|p2a: Vikavolt|Vikavolt, F|100\/100\n|move|p2b: Kingambit|Stealth Rock|p1a: Copperajah\n|-sidestart|p1: Thehombre|move: Stealth Rock\n|move|p1a: Copperajah|Curse|p1a: Copperajah\n|-unboost|p1a: Copperajah|spe|1\n|-boost|p1a: Copperajah|atk|1\n|-boost|p1a: Copperajah|def|1\n|move|p1b: Bronzong|Trick Room|p1b: Bronzong\n|-fieldstart|move: Trick Room|[of] p1b: Bronzong\n|\n|upkeep\n|turn|2\n|inactive|Antoniasz has 120 seconds left.\n|\n|t:|1699523775\n|move|p2b: Kingambit|Sucker Punch||[still]\n|-fail|p2b: Kingambit\n|move|p1b: Bronzong|Iron Defense|p1b: Bronzong\n|-boost|p1b: Bronzong|def|2\n|move|p1a: Copperajah|Heat Crash|p2a: Vikavolt\n|-supereffective|p2a: Vikavolt\n|-damage|p2a: Vikavolt|0 fnt\n|faint|p2a: Vikavolt\n|\n|upkeep\n|inactive|Antoniasz has 120 seconds left.\n|\n|t:|1699523789\n|switch|p2a: Decidueye|Decidueye-Hisui, F|100\/100\n|turn|3\n|\n|t:|1699523804\n|-terastallize|p2a: Decidueye|Fighting\n|move|p2b: Kingambit|Sucker Punch||[still]\n|-fail|p2b: Kingambit\n|move|p1b: Bronzong|Iron Defense|p1b: Bronzong\n|-boost|p1b: Bronzong|def|2\n|move|p1a: Copperajah|Heat Crash|p2a: Decidueye\n|-damage|p2a: Decidueye|31\/100\n|move|p2a: Decidueye|Triple Arrows|p1a: Copperajah\n|-supereffective|p1a: Copperajah\n|-damage|p1a: Copperajah|0 fnt\n|faint|p1a: Copperajah\n|\n|upkeep\n|\n|t:|1699523819\n|switch|p1a: Torkoal|Torkoal, F|100\/100\n|-damage|p1a: Torkoal|76\/100|[from] Stealth Rock\n|turn|4\n|\n|t:|1699523846\n|move|p2b: Kingambit|Sucker Punch|p1b: Bronzong\n|-supereffective|p1b: Bronzong\n|-damage|p1b: Bronzong|77\/100\n|move|p1b: Bronzong|Body Press|p2b: Kingambit\n|-supereffective|p2b: Kingambit\n|-damage|p2b: Kingambit|0 fnt\n|faint|p2b: Kingambit\n|move|p1a: Torkoal|Curse|p1a: Torkoal\n|-unboost|p1a: Torkoal|spe|1\n|-boost|p1a: Torkoal|atk|1\n|-boost|p1a: Torkoal|def|1\n|move|p2a: Decidueye|Triple Arrows|p1b: Bronzong\n|-damage|p1b: Bronzong|58\/100\n|\n|-heal|p1a: Torkoal|82\/100|[from] item: Leftovers\n|-heal|p1b: Bronzong|64\/100|[from] item: Leftovers\n|upkeep\n|inactive|Antoniasz has 120 seconds left.\n|\n|t:|1699523867\n|switch|p2b: Cinderace|Cinderace, F|100\/100\n|turn|5\n|\n|t:|1699523892\n|move|p1a: Torkoal|Body Press|p2b: Cinderace\n|-damage|p2b: Cinderace|51\/100\n|move|p1b: Bronzong|Body Press|p2b: Cinderace\n|-damage|p2b: Cinderace|0 fnt\n|faint|p2b: Cinderace\n|move|p2a: Decidueye|Triple Arrows|p1b: Bronzong\n|-crit|p1b: Bronzong\n|-damage|p1b: Bronzong|0 fnt\n|faint|p1b: Bronzong\n|\n|-heal|p1a: Torkoal|88\/100|[from] item: Leftovers\n|-fieldend|move: Trick Room\n|-fieldend|Misty Terrain\n|upkeep\n|\n|t:|1699523922\n|switch|p2b: Weezing|Weezing-Galar, F|100\/100\n|switch|p1b: Great Tusk|Great Tusk|100\/100\n|-damage|p1b: Great Tusk|98\/100|[from] Stealth Rock\n|-fieldstart|move: Misty Terrain|[from] ability: Misty Surge|[of] p2b: Weezing\n|turn|6\n|\n|t:|1699523948\n|move|p1b: Great Tusk|Heavy Slam|p2b: Weezing\n|-supereffective|p2b: Weezing\n|-damage|p2b: Weezing|10\/100\n|move|p2a: Decidueye|Tailwind|p2a: Decidueye\n|-sidestart|p2: Antoniasz|move: Tailwind\n|move|p2b: Weezing|Clear Smog|p1a: Torkoal\n|-damage|p1a: Torkoal|59\/100\n|-clearboost|p1a: Torkoal\n|move|p1a: Torkoal|Heat Crash|p2a: Decidueye\n|-damage|p2a: Decidueye|4\/100\n|\n|-heal|p1b: Great Tusk|100\/100|[from] item: Leftovers\n|-heal|p1a: Torkoal|65\/100|[from] item: Leftovers\n|upkeep\n|turn|7\n|\n|t:|1699523972\n|move|p2a: Decidueye|Triple Arrows|p1b: Great Tusk\n|-damage|p1b: Great Tusk|63\/100\n|move|p2b: Weezing|Dazzling Gleam|p1a: Torkoal|[spread] p1a,p1b\n|-resisted|p1a: Torkoal\n|-supereffective|p1b: Great Tusk\n|-damage|p1a: Torkoal|48\/100\n|-damage|p1b: Great Tusk|0 fnt\n|faint|p1b: Great Tusk\n|-end|p1b: Great Tusk|Protosynthesis|[silent]\n|move|p1a: Torkoal|Heat Crash|p2a: Decidueye\n|-damage|p2a: Decidueye|0 fnt\n|faint|p2a: Decidueye\n|\n|-heal|p1a: Torkoal|54\/100|[from] item: Leftovers\n|upkeep\n|\n|t:|1699523988\n|switch|p1b: Armarouge|Armarouge, F|100\/100\n|switch|p2a: Diancie|Diancie|100\/100\n|-damage|p1b: Armarouge|76\/100|[from] Stealth Rock\n|turn|8\n|\n|t:|1699524016\n|move|p2b: Weezing|Toxic|p1a: Torkoal\n|-activate|p1a: Torkoal|move: Misty Terrain\n|move|p2a: Diancie|Diamond Storm|p1b: Armarouge|[spread] p1a,p1b\n|-supereffective|p1a: Torkoal\n|-supereffective|p1b: Armarouge\n|-damage|p1a: Torkoal|0 fnt\n|-damage|p1b: Armarouge|13\/100\n|faint|p1a: Torkoal\n|move|p1b: Armarouge|Heat Wave|p2a: Diancie|[spread] p2a,p2b\n|-resisted|p2a: Diancie\n|-damage|p2a: Diancie|85\/100\n|-damage|p2b: Weezing|0 fnt\n|faint|p2b: Weezing\n|\n|-heal|p2a: Diancie|91\/100|[from] item: Leftovers\n|-heal|p1b: Armarouge|19\/100|[from] item: Leftovers\n|upkeep\n|\n|t:|1699524023\n|switch|p1a: Dipplin|Dipplin, F|100\/100\n|-damage|p1a: Dipplin|88\/100|[from] Stealth Rock\n|-ability|p1a: Dipplin|Supersweet Syrup\n|-ability|p1a: Dipplin|Supersweet Syrup|boost\n|-fail|p2a: Diancie|unboost|[from] ability: Clear Body|[of] p2a: Diancie\n|turn|9\n|\n|t:|1699524040\n|-terastallize|p1a: Dipplin|Grass\n|move|p1b: Armarouge|Helping Hand|p1a: Dipplin\n|-singleturn|p1a: Dipplin|Helping Hand|[of] p1b: Armarouge\n|move|p2a: Diancie|Diamond Storm|p1b: Armarouge|[spread] p1a,p1b\n|-supereffective|p1b: Armarouge\n|-damage|p1a: Dipplin|55\/100\n|-damage|p1b: Armarouge|0 fnt\n|faint|p1b: Armarouge\n|move|p1a: Dipplin|Giga Drain|p2a: Diancie\n|-supereffective|p2a: Diancie\n|-damage|p2a: Diancie|0 fnt\n|-heal|p1a: Dipplin|93\/100|[from] drain|[of] p2a: Diancie\n|faint|p2a: Diancie\n|\n|win|Thehombre\n|raw|Thehombre's rating: 1287 &rarr; <strong>1306<\/strong><br \/>(+19 for winning)\n|raw|Antoniasz's rating: 1207 &rarr; <strong>1188<\/strong><br \/>(-19 for losing)\n","uploadtime":1699524051,"views":15,"p1id":"thehombre","p2id":"antoniasz","formatid":"gen9doublesou","rating":1188,"private":0,"password":""}