{"id":"gen9doublesou-1979642278","p1":"mikeyuwu","p2":"funkly5","format":"[Gen 9] Doubles OU","log":"|j|\u2606mikeyuwu\n|j|\u2606funkly5\n|t:|1698699202\n|gametype|doubles\n|player|p1|mikeyuwu|psychic-gen4|1261\n|player|p2|funkly5|twins-gen4dp|1266\n|teamsize|p1|6\n|teamsize|p2|6\n|gen|9\n|tier|[Gen 9] Doubles OU\n|rated|\n|rule|Species Clause: Limit one of each Pok\u00e9mon\n|rule|OHKO Clause: OHKO moves are banned\n|rule|Evasion Moves Clause: Evasion moves are banned\n|rule|Gravity Sleep Clause: The combination of sleep-inducing moves with imperfect accuracy and Gravity or Gigantamax Orbeetle are banned\n|rule|Endless Battle Clause: Forcing endless battles is banned\n|rule|HP Percentage Mod: HP is shown in percentages\n|clearpoke\n|poke|p1|Garchomp, M|\n|poke|p1|Tyranitar, F|\n|poke|p1|Vaporeon, F|\n|poke|p1|Toxicroak, M|\n|poke|p1|Pelipper, F|\n|poke|p1|Abomasnow, M|\n|poke|p2|Ogerpon-Hearthflame, F|\n|poke|p2|Dragonite, M|\n|poke|p2|Grimmsnarl, M|\n|poke|p2|Flutter Mane|\n|poke|p2|Amoonguss, F|\n|poke|p2|Tornadus, M|\n|teampreview\n|\n|t:|1698699228\n|start\n|switch|p1a: OTLHPM|Toxicroak, M|100\/100\n|switch|p1b: Harmacy|Vaporeon, F|100\/100\n|switch|p2a: Grimmsnarl|Grimmsnarl, M|100\/100\n|switch|p2b: Dragonite|Dragonite, M|100\/100\n|turn|1\n|\n|t:|1698699244\n|switch|p1a: Cold Shoulder|Abomasnow, M, shiny|100\/100\n|-weather|Snow|[from] ability: Snow Warning|[of] p1a: Cold Shoulder\n|move|p2a: Grimmsnarl|Parting Shot|p1a: Cold Shoulder\n|-unboost|p1a: Cold Shoulder|atk|1\n|-unboost|p1a: Cold Shoulder|spa|1\n|\n|t:|1698699253\n|switch|p2a: Ogerpon|Ogerpon-Hearthflame, F|100\/100|[from] Parting Shot\n|-ability|p2a: Ogerpon|Mold Breaker\n|move|p2b: Dragonite|Stomping Tantrum|p1a: Cold Shoulder\n|-resisted|p1a: Cold Shoulder\n|-damage|p1a: Cold Shoulder|87\/100\n|move|p1b: Harmacy|Icy Wind|p2b: Dragonite|[spread] p2a,p2b\n|-supereffective|p2b: Dragonite\n|-damage|p2a: Ogerpon|89\/100\n|-damage|p2b: Dragonite|82\/100\n|-unboost|p2a: Ogerpon|spe|1\n|-unboost|p2b: Dragonite|spe|1\n|\n|-weather|Snow|[upkeep]\n|upkeep\n|turn|2\n|\n|t:|1698699270\n|switch|p1a: Weather War|Pelipper, F|100\/100\n|-weather|RainDance|[from] ability: Drizzle|[of] p1a: Weather War\n|switch|p1b: Extra Spicy|Garchomp, M|100\/100\n|switch|p2b: Grimmsnarl|Grimmsnarl, M|100\/100\n|move|p2a: Ogerpon|Ivy Cudgel|p1a: Weather War\n|-resisted|p1a: Weather War\n|-crit|p1a: Weather War\n|-damage|p1a: Weather War|84\/100\n|\n|-weather|RainDance|[upkeep]\n|upkeep\n|turn|3\n|\n|t:|1698699289\n|move|p2a: Ogerpon|Spiky Shield|p2a: Ogerpon\n|-singleturn|p2a: Ogerpon|move: Protect\n|move|p2b: Grimmsnarl|Reflect|p2b: Grimmsnarl\n|-sidestart|p2: funkly5|Reflect\n|move|p1b: Extra Spicy|Brick Break|p2a: Ogerpon\n|-activate|p2a: Ogerpon|move: Protect\n|-damage|p1b: Extra Spicy|88\/100|[from] Spiky Shield|[of] p2a: Ogerpon\n|move|p1a: Weather War|Hurricane|p2a: Ogerpon\n|-activate|p2a: Ogerpon|move: Protect\n|\n|-weather|RainDance|[upkeep]\n|upkeep\n|turn|4\n|\n|t:|1698699311\n|switch|p2a: Flutter Mane|Flutter Mane|100\/100\n|-enditem|p2a: Flutter Mane|Booster Energy\n|-activate|p2a: Flutter Mane|ability: Protosynthesis|[fromitem]\n|-start|p2a: Flutter Mane|protosynthesisspe\n|move|p2b: Grimmsnarl|Parting Shot|p1b: Extra Spicy\n|-unboost|p1b: Extra Spicy|atk|1\n|-unboost|p1b: Extra Spicy|spa|1\n|\n|t:|1698699323\n|switch|p2b: Tornadus|Tornadus, M|100\/100|[from] Parting Shot\n|move|p1b: Extra Spicy|Brick Break|p2b: Tornadus\n|-sideend|p2: funkly5|Reflect\n|-resisted|p2b: Tornadus\n|-damage|p2b: Tornadus|90\/100\n|move|p1a: Weather War|Hurricane|p2a: Flutter Mane\n|-damage|p2a: Flutter Mane|63\/100\n|-start|p2a: Flutter Mane|confusion\n|\n|-weather|RainDance|[upkeep]\n|upkeep\n|turn|5\n|inactive|Battle timer is ON: inactive players will automatically lose when time's up. (requested by mikeyuwu)\n|\n|t:|1698699402\n|switch|p1b: OTLHPM|Toxicroak, M|100\/100\n|switch|p1a: ThcrThnSnkr|Tyranitar, F|100\/100\n|-weather|Sandstorm|[from] ability: Sand Stream|[of] p1a: ThcrThnSnkr\n|move|p2b: Tornadus|Tailwind|p2b: Tornadus\n|-sidestart|p2: funkly5|move: Tailwind\n|-activate|p2a: Flutter Mane|confusion\n|-damage|p2a: Flutter Mane|56\/100|[from] confusion\n|\n|-weather|Sandstorm|[upkeep]\n|-damage|p2a: Flutter Mane|50\/100|[from] Sandstorm\n|-damage|p2b: Tornadus|84\/100|[from] Sandstorm\n|-damage|p1b: OTLHPM|94\/100|[from] Sandstorm\n|-heal|p1b: OTLHPM|100\/100|[from] item: Black Sludge\n|upkeep\n|turn|6\n|\n|t:|1698699431\n|-end|p2a: Flutter Mane|Protosynthesis|[silent]\n|switch|p2a: Amoonguss|Amoonguss, F, shiny|100\/100\n|switch|p2b: Grimmsnarl|Grimmsnarl, M|100\/100\n|move|p1b: OTLHPM|Poison Jab|p2b: Grimmsnarl\n|-supereffective|p2b: Grimmsnarl\n|-damage|p2b: Grimmsnarl|29\/100\n|-status|p2b: Grimmsnarl|psn\n|move|p1a: ThcrThnSnkr|Heavy Slam|p2a: Amoonguss\n|-damage|p2a: Amoonguss|70\/100\n|-damage|p1a: ThcrThnSnkr|84\/100|[from] item: Rocky Helmet|[of] p2a: Amoonguss\n|\n|-weather|Sandstorm|[upkeep]\n|-damage|p2b: Grimmsnarl|23\/100 psn|[from] Sandstorm\n|-damage|p1b: OTLHPM|94\/100|[from] Sandstorm\n|-damage|p2a: Amoonguss|64\/100|[from] Sandstorm\n|-heal|p1b: OTLHPM|100\/100|[from] item: Black Sludge\n|-damage|p2b: Grimmsnarl|11\/100 psn|[from] psn\n|upkeep\n|turn|7\n|\n|t:|1698699460\n|switch|p1b: Weather War|Pelipper, F|84\/100\n|-weather|RainDance|[from] ability: Drizzle|[of] p1b: Weather War\n|switch|p1a: Harmacy|Vaporeon, F|100\/100\n|move|p2a: Amoonguss|Rage Powder|p2a: Amoonguss\n|-singleturn|p2a: Amoonguss|move: Rage Powder\n|move|p2b: Grimmsnarl|Reflect|p2b: Grimmsnarl\n|-sidestart|p2: funkly5|Reflect\n|\n|-weather|RainDance|[upkeep]\n|-damage|p2b: Grimmsnarl|0 fnt|[from] psn\n|faint|p2b: Grimmsnarl\n|upkeep\n|inactive|funkly5 has 120 seconds left.\n|\n|t:|1698699474\n|switch|p2b: Flutter Mane|Flutter Mane|50\/100\n|turn|8\n|\n|t:|1698699483\n|switch|p1b: ThcrThnSnkr|Tyranitar, F|84\/100\n|-weather|Sandstorm|[from] ability: Sand Stream|[of] p1b: ThcrThnSnkr\n|move|p2b: Flutter Mane|Thunderbolt|p1b: ThcrThnSnkr\n|-damage|p1b: ThcrThnSnkr|76\/100\n|move|p2a: Amoonguss|Pollen Puff|p2b: Flutter Mane\n|-heal|p2b: Flutter Mane|99\/100\n|move|p1a: Harmacy|Icy Wind|p2b: Flutter Mane|[spread] p2a\n|-miss|p1a: Harmacy|p2b: Flutter Mane\n|-supereffective|p2a: Amoonguss\n|-damage|p2a: Amoonguss|47\/100\n|-unboost|p2a: Amoonguss|spe|1\n|\n|-weather|Sandstorm|[upkeep]\n|-damage|p2b: Flutter Mane|94\/100|[from] Sandstorm\n|-damage|p1a: Harmacy|94\/100|[from] Sandstorm\n|-damage|p2a: Amoonguss|41\/100|[from] Sandstorm\n|-heal|p1a: Harmacy|100\/100|[from] item: Leftovers\n|-sideend|p2: funkly5|move: Tailwind\n|upkeep\n|turn|9\n|\n|t:|1698699510\n|move|p2b: Flutter Mane|Protect|p2b: Flutter Mane\n|-singleturn|p2b: Flutter Mane|Protect\n|move|p1b: ThcrThnSnkr|Rock Slide|p2a: Amoonguss|[spread] p2a\n|-activate|p2b: Flutter Mane|move: Protect\n|-damage|p2a: Amoonguss|27\/100\n|move|p1a: Harmacy|Icy Wind|p2a: Amoonguss|[spread] p2a\n|-activate|p2b: Flutter Mane|move: Protect\n|-supereffective|p2a: Amoonguss\n|-damage|p2a: Amoonguss|9\/100\n|-unboost|p2a: Amoonguss|spe|1\n|move|p2a: Amoonguss|Spore|p1b: ThcrThnSnkr\n|-status|p1b: ThcrThnSnkr|slp|[from] move: Spore\n|\n|-weather|Sandstorm|[upkeep]\n|-damage|p2b: Flutter Mane|88\/100|[from] Sandstorm\n|-damage|p1a: Harmacy|94\/100|[from] Sandstorm\n|-damage|p2a: Amoonguss|3\/100|[from] Sandstorm\n|-heal|p1a: Harmacy|100\/100|[from] item: Leftovers\n|upkeep\n|turn|10\n|\n|t:|1698699532\n|switch|p1b: OTLHPM|Toxicroak, M|100\/100\n|switch|p2a: Ogerpon|Ogerpon-Hearthflame, F|89\/100\n|-ability|p2a: Ogerpon|Mold Breaker\n|move|p2b: Flutter Mane|Dazzling Gleam|p1a: Harmacy|[spread] p1a,p1b\n|-damage|p1a: Harmacy|79\/100\n|-damage|p1b: OTLHPM|69\/100\n|move|p1a: Harmacy|Icy Wind|p2a: Ogerpon|[spread] p2a,p2b\n|-damage|p2a: Ogerpon|77\/100\n|-damage|p2b: Flutter Mane|77\/100\n|-unboost|p2a: Ogerpon|spe|1\n|-unboost|p2b: Flutter Mane|spe|1\n|\n|-weather|Sandstorm|[upkeep]\n|-damage|p2b: Flutter Mane|71\/100|[from] Sandstorm\n|-damage|p2a: Ogerpon|71\/100|[from] Sandstorm\n|-damage|p1b: OTLHPM|63\/100|[from] Sandstorm\n|-damage|p1a: Harmacy|73\/100|[from] Sandstorm\n|-heal|p1b: OTLHPM|69\/100|[from] item: Black Sludge\n|-heal|p1a: Harmacy|79\/100|[from] item: Leftovers\n|upkeep\n|turn|11\n|\n|t:|1698699556\n|switch|p1a: Weather War|Pelipper, F|84\/100\n|-weather|RainDance|[from] ability: Drizzle|[of] p1a: Weather War\n|move|p2b: Flutter Mane|Protect|p2b: Flutter Mane\n|-singleturn|p2b: Flutter Mane|Protect\n|move|p2a: Ogerpon|Spiky Shield|p2a: Ogerpon\n|-singleturn|p2a: Ogerpon|move: Protect\n|move|p1b: OTLHPM|Poison Jab|p2b: Flutter Mane\n|-activate|p2b: Flutter Mane|move: Protect\n|\n|-weather|RainDance|[upkeep]\n|-heal|p1b: OTLHPM|82\/100|[from] ability: Dry Skin\n|-heal|p1b: OTLHPM|88\/100|[from] item: Black Sludge\n|upkeep\n|turn|12\n|inactive|funkly5 has 120 seconds left.\n|\n|t:|1698699606\n|move|p2b: Flutter Mane|Shadow Ball|p1b: OTLHPM\n|-damage|p1b: OTLHPM|42\/100\n|move|p2a: Ogerpon|Ivy Cudgel|p1b: OTLHPM\n|-damage|p1b: OTLHPM|0 fnt\n|faint|p1b: OTLHPM\n|move|p1a: Weather War|Hurricane|p2a: Ogerpon\n|-supereffective|p2a: Ogerpon\n|-damage|p2a: Ogerpon|0 fnt\n|faint|p2a: Ogerpon\n|\n|-weather|RainDance|[upkeep]\n|upkeep\n|inactive|funkly5 has 120 seconds left.\n|\n|t:|1698699620\n|switch|p2a: Dragonite|Dragonite, M|82\/100\n|switch|p1b: Harmacy|Vaporeon, F|79\/100\n|turn|13\n|\n|t:|1698699631\n|switch|p1a: Cold Shoulder|Abomasnow, M, shiny|87\/100\n|-weather|Snow|[from] ability: Snow Warning|[of] p1a: Cold Shoulder\n|move|p2a: Dragonite|Extreme Speed|p1a: Cold Shoulder\n|-damage|p1a: Cold Shoulder|60\/100\n|move|p2b: Flutter Mane|Thunderbolt|p1a: Cold Shoulder\n|-resisted|p1a: Cold Shoulder\n|-damage|p1a: Cold Shoulder|45\/100\n|-status|p1a: Cold Shoulder|par\n|move|p1b: Harmacy|Icy Wind|p2a: Dragonite|[spread] p2a,p2b\n|-supereffective|p2a: Dragonite\n|-damage|p2a: Dragonite|48\/100\n|-damage|p2b: Flutter Mane|59\/100\n|-unboost|p2a: Dragonite|spe|1\n|-unboost|p2b: Flutter Mane|spe|1\n|\n|-weather|Snow|[upkeep]\n|-heal|p1b: Harmacy|85\/100|[from] item: Leftovers\n|upkeep\n|turn|14\n|\n|t:|1698699658\n|-end|p2b: Flutter Mane|Protosynthesis|[silent]\n|switch|p2b: Amoonguss|Amoonguss, F, shiny|37\/100\n|-terastallize|p2a: Dragonite|Normal\n|move|p2a: Dragonite|Extreme Speed|p1b: Harmacy\n|-damage|p1b: Harmacy|35\/100\n|move|p1b: Harmacy|Icy Wind|p2a: Dragonite|[spread] p2a,p2b\n|-supereffective|p2b: Amoonguss\n|-damage|p2a: Dragonite|39\/100\n|-damage|p2b: Amoonguss|18\/100\n|-unboost|p2a: Dragonite|spe|1\n|-unboost|p2b: Amoonguss|spe|1\n|move|p1a: Cold Shoulder|Blizzard|p2b: Amoonguss|[spread] p2a,p2b\n|-supereffective|p2b: Amoonguss\n|-damage|p2a: Dragonite|10\/100\n|-damage|p2b: Amoonguss|0 fnt\n|-status|p2a: Dragonite|frz\n|faint|p2b: Amoonguss\n|\n|-weather|Snow|[upkeep]\n|-heal|p1b: Harmacy|41\/100|[from] item: Leftovers\n|-sideend|p2: funkly5|Reflect\n|upkeep\n|inactive|funkly5 has 120 seconds left.\n|\n|t:|1698699678\n|switch|p2b: Flutter Mane|Flutter Mane|59\/100\n|turn|15\n|\n|t:|1698699688\n|cant|p2a: Dragonite|frz\n|move|p2b: Flutter Mane|Thunderbolt|p1b: Harmacy\n|-supereffective|p1b: Harmacy\n|-damage|p1b: Harmacy|0 fnt\n|faint|p1b: Harmacy\n|move|p1a: Cold Shoulder|Leech Seed|p2b: Flutter Mane\n|-start|p2b: Flutter Mane|move: Leech Seed\n|\n|-weather|Snow|[upkeep]\n|-damage|p2b: Flutter Mane|47\/100|[from] Leech Seed|[of] p1a: Cold Shoulder\n|-heal|p1a: Cold Shoulder|54\/100 par|[silent]\n|upkeep\n|\n|t:|1698699694\n|switch|p1b: ThcrThnSnkr|Tyranitar, F|76\/100 slp\n|-weather|Sandstorm|[from] ability: Sand Stream|[of] p1b: ThcrThnSnkr\n|turn|16\n|\n|t:|1698699704\n|cant|p2a: Dragonite|frz\n|move|p2b: Flutter Mane|Dazzling Gleam|p1b: ThcrThnSnkr|[spread] p1a,p1b\n|-supereffective|p1b: ThcrThnSnkr\n|-damage|p1a: Cold Shoulder|22\/100 par\n|-damage|p1b: ThcrThnSnkr|57\/100 slp\n|cant|p1b: ThcrThnSnkr|slp\n|cant|p1a: Cold Shoulder|par\n|\n|-weather|Sandstorm|[upkeep]\n|-damage|p2b: Flutter Mane|41\/100|[from] Sandstorm\n|-damage|p2a: Dragonite|4\/100 frz|[from] Sandstorm\n|-damage|p1a: Cold Shoulder|16\/100 par|[from] Sandstorm\n|-damage|p2b: Flutter Mane|29\/100|[from] Leech Seed|[of] p1a: Cold Shoulder\n|-heal|p1a: Cold Shoulder|25\/100 par|[silent]\n|upkeep\n|turn|17\n|\n|t:|1698699726\n|cant|p2a: Dragonite|frz\n|move|p2b: Flutter Mane|Dazzling Gleam|p1a: Cold Shoulder|[spread] p1a,p1b\n|-supereffective|p1b: ThcrThnSnkr\n|-damage|p1a: Cold Shoulder|0 fnt\n|-damage|p1b: ThcrThnSnkr|40\/100 slp\n|faint|p1a: Cold Shoulder\n|cant|p1b: ThcrThnSnkr|slp\n|\n|-weather|Sandstorm|[upkeep]\n|-damage|p2b: Flutter Mane|23\/100|[from] Sandstorm\n|-damage|p2a: Dragonite|0 fnt|[from] Sandstorm\n|faint|p2a: Dragonite\n|upkeep\n|\n|t:|1698699744\n|switch|p2a: Tornadus|Tornadus, M|84\/100\n|switch|p1a: Extra Spicy|Garchomp, M|88\/100\n|turn|18\n|\n|t:|1698699753\n|-terastallize|p1a: Extra Spicy|Steel\n|move|p2a: Tornadus|Tailwind|p2a: Tornadus\n|-sidestart|p2: funkly5|move: Tailwind\n|move|p2b: Flutter Mane|Dazzling Gleam|p1b: ThcrThnSnkr|[spread] p1a,p1b\n|-resisted|p1a: Extra Spicy\n|-supereffective|p1b: ThcrThnSnkr\n|-damage|p1a: Extra Spicy|75\/100\n|-damage|p1b: ThcrThnSnkr|24\/100 slp\n|move|p1a: Extra Spicy|Poison Jab|p2b: Flutter Mane\n|-damage|p2b: Flutter Mane|0 fnt\n|faint|p2b: Flutter Mane\n|-end|p2b: Flutter Mane|Protosynthesis|[silent]\n|cant|p1b: ThcrThnSnkr|slp\n|\n|-weather|Sandstorm|[upkeep]\n|-damage|p2a: Tornadus|78\/100|[from] Sandstorm\n|upkeep\n|turn|19\n|-message|funkly5 forfeited.\n|\n|win|mikeyuwu\n|raw|mikeyuwu's rating: 1261 &rarr; <strong>1286<\/strong><br \/>(+25 for winning)\n|raw|funkly5's rating: 1266 &rarr; <strong>1241<\/strong><br \/>(-25 for losing)\n|l|\u2606funkly5\n","uploadtime":1698699789,"views":24,"p1id":"mikeyuwu","p2id":"funkly5","formatid":"gen9doublesou","rating":1241,"private":0,"password":""}