{"id":"gen9doublesou-1997918607","p1":"Critian Caceorte","p2":"lucus26","format":"[Gen 9] Doubles OU","log":"|j|\u2606Critian Caceorte\n|j|\u2606lucus26\n|t:|1700867372\n|gametype|doubles\n|player|p1|Critian Caceorte|hilda|1202\n|player|p2|lucus26|lucas|1189\n|teamsize|p1|6\n|teamsize|p2|6\n|gen|9\n|tier|[Gen 9] Doubles OU\n|rated|\n|rule|Species Clause: Limit one of each Pok\u00e9mon\n|rule|OHKO Clause: OHKO moves are banned\n|rule|Evasion Moves Clause: Evasion moves are banned\n|rule|Gravity Sleep Clause: The combination of sleep-inducing moves with imperfect accuracy and Gravity or Gigantamax Orbeetle are banned\n|rule|Endless Battle Clause: Forcing endless battles is banned\n|rule|HP Percentage Mod: HP is shown in percentages\n|clearpoke\n|poke|p1|Torkoal, F|\n|poke|p1|Ninetales, F|\n|poke|p1|Scovillain, M|\n|poke|p1|Lilligant-Hisui, F|\n|poke|p1|Dachsbun, M|\n|poke|p1|Walking Wake|\n|poke|p2|Eelektross, M|\n|poke|p2|Sinistcha|\n|poke|p2|Gliscor, M|\n|poke|p2|Tauros-Paldea-Blaze, M|\n|poke|p2|Empoleon, M|\n|poke|p2|Weezing-Galar, M|\n|teampreview\n|\n|t:|1700867384\n|start\n|switch|p1a: Torkoal|Torkoal, F|100\/100\n|switch|p1b: Dachsbun|Dachsbun, M|100\/100\n|switch|p2a: Eelektross|Eelektross, M|100\/100\n|switch|p2b: Gliscor|Gliscor, M|100\/100\n|-weather|SunnyDay|[from] ability: Drought|[of] p1a: Torkoal\n|turn|1\n|\n|t:|1700867398\n|-terastallize|p1a: Torkoal|Fire\n|move|p2b: Gliscor|Earthquake|p1a: Torkoal|[spread] p1a,p1b\n|-immune|p2a: Eelektross|[from] ability: Levitate\n|-supereffective|p1a: Torkoal\n|-damage|p1a: Torkoal|43\/100\n|-damage|p1b: Dachsbun|68\/100\n|move|p1b: Dachsbun|Agility|p1b: Dachsbun\n|-boost|p1b: Dachsbun|spe|2\n|move|p2a: Eelektross|Discharge|p1b: Dachsbun|[spread] p1a,p1b\n|-immune|p2b: Gliscor\n|-damage|p1a: Torkoal|14\/100\n|-damage|p1b: Dachsbun|40\/100\n|move|p1a: Torkoal|Lava Plume|p2a: Eelektross|[spread] p2a,p2b\n|-ability|p1b: Dachsbun|Well-Baked Body|boost\n|-boost|p1b: Dachsbun|def|2\n|-damage|p2a: Eelektross|53\/100\n|-damage|p2b: Gliscor|23\/100\n|-status|p2a: Eelektross|brn\n|\n|-weather|SunnyDay|[upkeep]\n|-damage|p2a: Eelektross|46\/100 brn|[from] brn\n|-status|p2b: Gliscor|tox|[from] item: Toxic Orb\n|upkeep\n|turn|2\n|\n|t:|1700867424\n|move|p2b: Gliscor|Protect|p2b: Gliscor\n|-singleturn|p2b: Gliscor|Protect\n|move|p1b: Dachsbun|Baton Pass|p1b: Dachsbun\n|\n|t:|1700867428\n|switch|p1b: Walking Wake|Walking Wake|100\/100|[from] Baton Pass\n|-activate|p1b: Walking Wake|ability: Protosynthesis\n|-start|p1b: Walking Wake|protosynthesisspe\n|move|p2a: Eelektross|Discharge|p1a: Torkoal|[spread] p1a,p1b\n|-activate|p2b: Gliscor|move: Protect\n|-damage|p1a: Torkoal|0 fnt\n|-damage|p1b: Walking Wake|80\/100\n|faint|p1a: Torkoal\n|\n|-weather|SunnyDay|[upkeep]\n|-heal|p2b: Gliscor|36\/100 tox|[from] ability: Poison Heal\n|-damage|p2a: Eelektross|40\/100 brn|[from] brn\n|upkeep\n|\n|t:|1700867445\n|switch|p1a: Scovillain|Scovillain, M|100\/100\n|turn|3\n|\n|t:|1700867455\n|move|p1b: Walking Wake|Hydro Steam|p2b: Gliscor\n|-supereffective|p2b: Gliscor\n|-damage|p2b: Gliscor|0 fnt\n|faint|p2b: Gliscor\n|move|p1a: Scovillain|Flamethrower|p2a: Eelektross\n|-damage|p2a: Eelektross|0 fnt\n|faint|p2a: Eelektross\n|-damage|p1a: Scovillain|91\/100|[from] item: Life Orb\n|\n|-weather|SunnyDay|[upkeep]\n|upkeep\n|\n|t:|1700867471\n|switch|p2b: Weezing|Weezing-Galar, M|100\/100\n|switch|p2a: Empoleon|Empoleon, M|100\/100\n|turn|4\n|\n|t:|1700867486\n|-terastallize|p2b: Weezing|Fire\n|move|p1b: Walking Wake|Hydro Steam|p2b: Weezing\n|-supereffective|p2b: Weezing\n|-damage|p2b: Weezing|0 fnt\n|faint|p2b: Weezing\n|move|p1a: Scovillain|Flamethrower|p2a: Empoleon\n|-damage|p2a: Empoleon|47\/100\n|-damage|p1a: Scovillain|81\/100|[from] item: Life Orb\n|move|p2a: Empoleon|Brine|p1a: Scovillain\n|-damage|p1a: Scovillain|52\/100\n|\n|-weather|SunnyDay|[upkeep]\n|upkeep\n|\n|t:|1700867501\n|switch|p2b: Sinistcha|Sinistcha|100\/100\n|-heal|p2a: Empoleon|72\/100|[from] ability: Hospitality|[of] p2b: Sinistcha\n|turn|5\n|\n|t:|1700867511\n|move|p1b: Walking Wake|Flamethrower|p2b: Sinistcha\n|-supereffective|p2b: Sinistcha\n|-damage|p2b: Sinistcha|12\/100\n|move|p1a: Scovillain|Giga Drain|p2a: Empoleon\n|-damage|p2a: Empoleon|43\/100\n|-heal|p1a: Scovillain|70\/100|[from] drain|[of] p2a: Empoleon\n|-damage|p1a: Scovillain|60\/100|[from] item: Life Orb\n|move|p2b: Sinistcha|Matcha Gotcha|p1b: Walking Wake|[spread] p1a,p1b\n|-resisted|p1a: Scovillain\n|-crit|p1b: Walking Wake\n|-damage|p1a: Scovillain|48\/100\n|-heal|p2b: Sinistcha|17\/100|[from] drain|[of] p1a: Scovillain\n|-damage|p1b: Walking Wake|53\/100\n|-heal|p2b: Sinistcha|31\/100|[from] drain|[of] p1b: Walking Wake\n|move|p2a: Empoleon|Ice Beam|p1b: Walking Wake\n|-damage|p1b: Walking Wake|31\/100\n|\n|-weather|none\n|-end|p1b: Walking Wake|Protosynthesis\n|-heal|p2b: Sinistcha|37\/100|[from] item: Leftovers\n|upkeep\n|turn|6\n|\n|t:|1700867538\n|switch|p1a: Ninetales|Ninetales, F|100\/100\n|-weather|SunnyDay|[from] ability: Drought|[of] p1a: Ninetales\n|-activate|p1b: Walking Wake|ability: Protosynthesis\n|-start|p1b: Walking Wake|protosynthesisspe\n|switch|p2b: Tauros|Tauros-Paldea-Blaze, M|100\/100\n|-ability|p2b: Tauros|Intimidate|boost\n|-unboost|p1a: Ninetales|atk|1\n|-unboost|p1b: Walking Wake|atk|1\n|move|p1b: Walking Wake|Flamethrower|p2b: Tauros\n|-resisted|p2b: Tauros\n|-damage|p2b: Tauros|83\/100\n|move|p2a: Empoleon|Brine|p1a: Ninetales\n|-supereffective|p1a: Ninetales\n|-damage|p1a: Ninetales|64\/100\n|\n|-weather|SunnyDay|[upkeep]\n|upkeep\n|turn|7\n|\n|t:|1700867564\n|move|p1b: Walking Wake|Hydro Steam|p2b: Tauros\n|-supereffective|p2b: Tauros\n|-damage|p2b: Tauros|0 fnt\n|faint|p2b: Tauros\n|move|p1a: Ninetales|Heat Wave|p2a: Empoleon|[miss]\n|-miss|p1a: Ninetales|p2a: Empoleon\n|move|p2a: Empoleon|Ice Beam|p1b: Walking Wake\n|-damage|p1b: Walking Wake|8\/100\n|\n|-weather|SunnyDay|[upkeep]\n|upkeep\n|\n|t:|1700867575\n|switch|p2b: Sinistcha|Sinistcha|37\/100\n|-heal|p2a: Empoleon|68\/100|[from] ability: Hospitality|[of] p2b: Sinistcha\n|turn|8\n|\n|t:|1700867582\n|move|p1b: Walking Wake|Flamethrower|p2b: Sinistcha\n|-supereffective|p2b: Sinistcha\n|-crit|p2b: Sinistcha\n|-damage|p2b: Sinistcha|0 fnt\n|faint|p2b: Sinistcha\n|move|p1a: Ninetales|Heat Wave|p2a: Empoleon\n|-damage|p2a: Empoleon|34\/100\n|move|p2a: Empoleon|Brine|p1a: Ninetales\n|-supereffective|p1a: Ninetales\n|-damage|p1a: Ninetales|27\/100\n|\n|-weather|SunnyDay|[upkeep]\n|upkeep\n|turn|9\n|\n|t:|1700867596\n|move|p1b: Walking Wake|Flamethrower|p2a: Empoleon\n|-damage|p2a: Empoleon|5\/100\n|move|p1a: Ninetales|Solar Beam||[still]\n|-prepare|p1a: Ninetales|Solar Beam\n|-anim|p1a: Ninetales|Solar Beam|p2a: Empoleon\n|-damage|p2a: Empoleon|0 fnt\n|faint|p2a: Empoleon\n|\n|win|Critian Caceorte\n|raw|Critian Caceorte's rating: 1202 &rarr; <strong>1226<\/strong><br \/>(+24 for winning)\n|raw|lucus26's rating: 1189 &rarr; <strong>1165<\/strong><br \/>(-24 for losing)\n|c|\u2606Critian Caceorte|gg\n|c|\u2606lucus26|Gg\n|l|\u2606lucus26\n","uploadtime":1700867631,"views":1,"p1id":"critiancaceorte","p2id":"lucus26","formatid":"gen9doublesou","rating":1165,"private":0,"password":""}