{"id":"gen9doublesou-1986201949","p1":"LunaryzedXD","p2":"blijkbaarniet","format":"[Gen 9] Doubles OU","log":"|j|\u2606LunaryzedXD\n|j|\u2606blijkbaarniet\n|t:|1699459409\n|gametype|doubles\n|player|p1|LunaryzedXD|cynthia-gen4|1111\n|player|p2|blijkbaarniet|scientistf|1222\n|teamsize|p1|6\n|teamsize|p2|6\n|gen|9\n|tier|[Gen 9] Doubles OU\n|rated|\n|rule|Species Clause: Limit one of each Pok\u00e9mon\n|rule|OHKO Clause: OHKO moves are banned\n|rule|Evasion Moves Clause: Evasion moves are banned\n|rule|Gravity Sleep Clause: The combination of sleep-inducing moves with imperfect accuracy and Gravity or Gigantamax Orbeetle are banned\n|rule|Endless Battle Clause: Forcing endless battles is banned\n|rule|HP Percentage Mod: HP is shown in percentages\n|clearpoke\n|poke|p1|Kommo-o, F|\n|poke|p1|Snorlax, M|\n|poke|p1|Sinistcha|\n|poke|p1|Landorus-Therian, M|\n|poke|p1|Iron Hands|\n|poke|p1|Clefairy, M|\n|poke|p2|Eiscue, F|\n|poke|p2|Clodsire, M|\n|poke|p2|Lumineon, M|\n|poke|p2|Skuntank, F|\n|poke|p2|Tropius, M|\n|poke|p2|Slowbro, M|\n|teampreview\n|\n|t:|1699459423\n|start\n|switch|p1a: Snorlax|Snorlax, M, shiny|100\/100\n|switch|p1b: Landorus|Landorus-Therian, M|100\/100\n|switch|p2a: Clodsire|Clodsire, M|100\/100\n|switch|p2b: Lumineon|Lumineon, M|100\/100\n|-ability|p1b: Landorus|Intimidate|boost\n|-unboost|p2a: Clodsire|atk|1\n|-unboost|p2b: Lumineon|atk|1\n|turn|1\n|\n|t:|1699459440\n|move|p1b: Landorus|Stomping Tantrum|p2a: Clodsire\n|-supereffective|p2a: Clodsire\n|-damage|p2a: Clodsire|24\/100\n|move|p2b: Lumineon|Tailwind|p2b: Lumineon\n|-sidestart|p2: blijkbaarniet|move: Tailwind\n|move|p2a: Clodsire|Toxic Spikes|p1b: Landorus\n|-sidestart|p1: LunaryzedXD|move: Toxic Spikes\n|move|p1a: Snorlax|Belly Drum|p1a: Snorlax\n|-damage|p1a: Snorlax|50\/100\n|-setboost|p1a: Snorlax|atk|6|[from] move: Belly Drum\n|-enditem|p1a: Snorlax|Sitrus Berry|[eat]\n|-heal|p1a: Snorlax|75\/100|[from] item: Sitrus Berry\n|\n|upkeep\n|turn|2\n|\n|t:|1699459458\n|move|p2b: Lumineon|Surf|p1a: Snorlax|[spread] p1a,p1b\n|-heal|p2a: Clodsire|49\/100|[from] ability: Water Absorb|[of] p2b: Lumineon\n|-supereffective|p1b: Landorus\n|-damage|p1a: Snorlax|59\/100\n|-damage|p1b: Landorus|42\/100\n|move|p1b: Landorus|Stomping Tantrum|p2a: Clodsire\n|-supereffective|p2a: Clodsire\n|-damage|p2a: Clodsire|0 fnt\n|faint|p2a: Clodsire\n|move|p1a: Snorlax|Facade|p2b: Lumineon\n|-enditem|p2b: Lumineon|Focus Sash\n|-damage|p2b: Lumineon|1\/100\n|\n|upkeep\n|\n|t:|1699459469\n|switch|p2a: Skuntank|Skuntank, F|100\/100\n|turn|3\n|\n|t:|1699459478\n|switch|p1b: Iron Hands|Iron Hands|100\/100\n|-status|p1b: Iron Hands|psn\n|move|p2a: Skuntank|Haze|p2a: Skuntank\n|-clearallboost\n|move|p2b: Lumineon|Surf|p1b: Iron Hands|[spread] p2a,p1a,p1b\n|-damage|p2a: Skuntank|67\/100\n|-damage|p1a: Snorlax|42\/100\n|-damage|p1b: Iron Hands|89\/100 psn\n|move|p1a: Snorlax|Facade|p2a: Skuntank\n|-damage|p2a: Skuntank|20\/100\n|\n|-damage|p1b: Iron Hands|77\/100 psn|[from] psn\n|upkeep\n|turn|4\n|\n|t:|1699459514\n|switch|p2a: Eiscue|Eiscue, F|100\/100\n|move|p1b: Iron Hands|Fake Out|p2a: Eiscue\n|-activate|p2a: Eiscue|ability: Ice Face\n|-damage|p2a: Eiscue|100\/100\n|detailschange|p2a: Eiscue|Eiscue-Noice, F\n|move|p2b: Lumineon|Surf|p1b: Iron Hands|[spread] p2a,p1a,p1b\n|-damage|p2a: Eiscue|61\/100\n|-damage|p1a: Snorlax|26\/100\n|-damage|p1b: Iron Hands|66\/100 psn\n|move|p1a: Snorlax|Facade|p2b: Lumineon\n|-damage|p2b: Lumineon|0 fnt\n|faint|p2b: Lumineon\n|\n|-damage|p1b: Iron Hands|53\/100 psn|[from] psn\n|-sideend|p2: blijkbaarniet|move: Tailwind\n|upkeep\n|\n|t:|1699459536\n|switch|p2b: Skuntank|Skuntank, F|20\/100\n|turn|5\n|\n|t:|1699459557\n|move|p2b: Skuntank|Play Rough|p1b: Iron Hands\n|-supereffective|p1b: Iron Hands\n|-damage|p1b: Iron Hands|17\/100 psn\n|move|p2a: Eiscue|Ice Spinner|p1a: Snorlax\n|-damage|p1a: Snorlax|17\/100\n|move|p1b: Iron Hands|Drain Punch|p2a: Eiscue\n|-supereffective|p2a: Eiscue\n|-damage|p2a: Eiscue|0 fnt\n|-heal|p1b: Iron Hands|41\/100 psn|[from] drain|[of] p2a: Eiscue\n|faint|p2a: Eiscue\n|move|p1a: Snorlax|High Horsepower|p2b: Skuntank\n|-supereffective|p2b: Skuntank\n|-damage|p2b: Skuntank|0 fnt\n|-damage|p1a: Snorlax|0 fnt|[from] ability: Aftermath|[of] p2b: Skuntank\n|faint|p2b: Skuntank\n|faint|p1a: Snorlax\n|\n|-damage|p1b: Iron Hands|29\/100 psn|[from] psn\n|upkeep\n|\n|t:|1699459583\n|switch|p2a: Tropius|Tropius, M|100\/100\n|switch|p2b: Slowbro|Slowbro, M|100\/100\n|switch|p1a: Landorus|Landorus-Therian, M|42\/100\n|-ability|p1a: Landorus|Intimidate|boost\n|-unboost|p2a: Tropius|atk|1\n|-unboost|p2b: Slowbro|atk|1\n|turn|6\n|\n|t:|1699459607\n|move|p1a: Landorus|U-turn|p2b: Slowbro\n|-supereffective|p2b: Slowbro\n|-damage|p2b: Slowbro|69\/100\n|\n|t:|1699459613\n|switch|p1a: Sinistcha|Sinistcha|100\/100|[from] U-turn\n|-status|p1a: Sinistcha|psn\n|-heal|p1b: Iron Hands|53\/100 psn|[from] ability: Hospitality|[of] p1a: Sinistcha\n|move|p2a: Tropius|Substitute|p2a: Tropius\n|-start|p2a: Tropius|Substitute\n|-damage|p2a: Tropius|76\/100\n|move|p1b: Iron Hands|Wild Charge|p2a: Tropius\n|-end|p2a: Tropius|Substitute\n|-damage|p1b: Iron Hands|48\/100 psn|[from] Recoil|[of] p2a: Tropius\n|move|p2b: Slowbro|Scald|p1a: Sinistcha\n|-resisted|p1a: Sinistcha\n|-damage|p1a: Sinistcha|87\/100 psn\n|\n|-damage|p1a: Sinistcha|74\/100 psn|[from] psn\n|-damage|p1b: Iron Hands|35\/100 psn|[from] psn\n|upkeep\n|turn|7\n|\n|t:|1699459646\n|move|p2a: Tropius|Protect|p2a: Tropius\n|-singleturn|p2a: Tropius|Protect\n|move|p1a: Sinistcha|Matcha Gotcha|p2b: Slowbro|[spread] p2b\n|-activate|p2a: Tropius|move: Protect\n|-supereffective|p2b: Slowbro\n|-damage|p2b: Slowbro|40\/100\n|-heal|p1a: Sinistcha|90\/100 psn|[from] drain|[of] p2b: Slowbro\n|move|p1b: Iron Hands|Wild Charge|p2a: Tropius\n|-activate|p2a: Tropius|move: Protect\n|move|p2b: Slowbro|Scald|p1b: Iron Hands\n|-damage|p1b: Iron Hands|21\/100 psn\n|\n|-damage|p1a: Sinistcha|78\/100 psn|[from] psn\n|-damage|p1b: Iron Hands|9\/100 psn|[from] psn\n|upkeep\n|turn|8\n|\n|t:|1699459668\n|-terastallize|p2a: Tropius|Rock\n|move|p2a: Tropius|Substitute|p2a: Tropius\n|-start|p2a: Tropius|Substitute\n|-damage|p2a: Tropius|51\/100\n|move|p1b: Iron Hands|Wild Charge|p2a: Tropius\n|-end|p2a: Tropius|Substitute\n|-damage|p1b: Iron Hands|3\/100 psn|[from] Recoil|[of] p2a: Tropius\n|move|p2b: Slowbro|Future Sight|p1a: Sinistcha\n|-start|p2b: Slowbro|move: Future Sight\n|move|p1a: Sinistcha|Trick Room|p1a: Sinistcha\n|-fieldstart|move: Trick Room|[of] p1a: Sinistcha\n|\n|-damage|p1b: Iron Hands|0 fnt|[from] psn\n|faint|p1b: Iron Hands\n|-end|p1b: Iron Hands|Quark Drive|[silent]\n|-damage|p1a: Sinistcha|65\/100 psn|[from] psn\n|upkeep\n|\n|t:|1699459683\n|switch|p1b: Kommo-o|Kommo-o, F|100\/100\n|-status|p1b: Kommo-o|psn\n|turn|9\n|\n|t:|1699459729\n|-terastallize|p1b: Kommo-o|Steel\n|move|p2b: Slowbro|Future Sight|p1b: Kommo-o\n|-start|p2b: Slowbro|move: Future Sight\n|move|p2a: Tropius|Substitute|p2a: Tropius\n|-start|p2a: Tropius|Substitute\n|-damage|p2a: Tropius|26\/100\n|-enditem|p2a: Tropius|Sitrus Berry|[eat]\n|-heal|p2a: Tropius|51\/100|[from] item: Sitrus Berry\n|move|p1a: Sinistcha|Matcha Gotcha|p2a: Tropius|[spread] p2a,p2b\n|-supereffective|p2a: Tropius\n|-end|p2a: Tropius|Substitute\n|-heal|p1a: Sinistcha|80\/100 psn|[from] drain|[of] p2a: Tropius\n|-supereffective|p2b: Slowbro\n|-damage|p2b: Slowbro|8\/100\n|-heal|p1a: Sinistcha|96\/100 psn|[from] drain|[of] p2b: Slowbro\n|-status|p2b: Slowbro|brn\n|move|p1b: Kommo-o|Flash Cannon|p2a: Tropius\n|-supereffective|p2a: Tropius\n|-damage|p2a: Tropius|0 fnt\n|faint|p2a: Tropius\n|\n|-damage|p1a: Sinistcha|84\/100 psn|[from] psn\n|-damage|p1b: Kommo-o|88\/100 psn|[from] psn\n|-damage|p2b: Slowbro|2\/100 brn|[from] brn\n|upkeep\n|turn|10\n|\n|t:|1699459756\n|move|p1a: Sinistcha|Rage Powder|p1a: Sinistcha\n|-singleturn|p1a: Sinistcha|move: Rage Powder\n|move|p2b: Slowbro|Scald|p1a: Sinistcha\n|-resisted|p1a: Sinistcha\n|-damage|p1a: Sinistcha|72\/100 psn\n|move|p1b: Kommo-o|Flash Cannon|p2b: Slowbro\n|-resisted|p2b: Slowbro\n|-damage|p2b: Slowbro|0 fnt\n|faint|p2b: Slowbro\n|\n|win|LunaryzedXD\n|raw|LunaryzedXD's rating: 1111 &rarr; <strong>1144<\/strong><br \/>(+33 for winning)\n|raw|blijkbaarniet's rating: 1222 &rarr; <strong>1189<\/strong><br \/>(-33 for losing)\n|l|\u2606blijkbaarniet\n","uploadtime":1699459767,"views":18,"p1id":"lunaryzedxd","p2id":"blijkbaarniet","formatid":"gen9doublesou","rating":1144,"private":0,"password":""}