{"id":"gen9doublesou-1997148923","p1":"Duckgmr425zzz","p2":"pumpkinhead06","format":"[Gen 9] Doubles OU","log":"|j|\u2606Duckgmr425zzz\n|j|\u2606pumpkinhead06\n|t:|1700769467\n|gametype|doubles\n|player|p1|Duckgmr425zzz|marnie-masters3|1310\n|player|p2|pumpkinhead06|101|1222\n|teamsize|p1|6\n|teamsize|p2|6\n|gen|9\n|tier|[Gen 9] Doubles OU\n|rated|\n|rule|Species Clause: Limit one of each Pok\u00e9mon\n|rule|OHKO Clause: OHKO moves are banned\n|rule|Evasion Moves Clause: Evasion moves are banned\n|rule|Gravity Sleep Clause: The combination of sleep-inducing moves with imperfect accuracy and Gravity or Gigantamax Orbeetle are banned\n|rule|Endless Battle Clause: Forcing endless battles is banned\n|rule|HP Percentage Mod: HP is shown in percentages\n|clearpoke\n|poke|p1|Diancie|\n|poke|p1|Tyranitar, M|\n|poke|p1|Houndstone, M|\n|poke|p1|Flutter Mane|\n|poke|p1|Slowbro-Galar, F|\n|poke|p1|Grimmsnarl, M|\n|poke|p2|Torterra, M|\n|poke|p2|Farigiraf, F|\n|poke|p2|Regidrago|\n|poke|p2|Chandelure, M|\n|poke|p2|Bronzong|\n|poke|p2|Torkoal, F|\n|teampreview\n|\n|t:|1700769487\n|start\n|switch|p1a: Grimace|Grimmsnarl, M|100\/100\n|switch|p1b: Lil Bones|Houndstone, M|100\/100\n|switch|p2a: Koal|Torkoal, F|100\/100\n|switch|p2b: Bell|Bronzong|100\/100\n|-weather|SunnyDay|[from] ability: Drought|[of] p2a: Koal\n|turn|1\n|\n|t:|1700769507\n|switch|p2b: Giraffe|Farigiraf, F|100\/100\n|move|p1a: Grimace|Parting Shot||[still]\n|cant|p2b: Giraffe|ability: Armor Tail|Parting Shot|[of] p1a: Grimace\n|move|p1b: Lil Bones|Howl|p1b: Lil Bones|[spread] p1a,p1b\n|-boost|p1a: Grimace|atk|1\n|-boost|p1b: Lil Bones|atk|1\n|move|p2a: Koal|Eruption|p1a: Grimace|[spread] p1a,p1b\n|-damage|p1a: Grimace|24\/100\n|-damage|p1b: Lil Bones|8\/100\n|-enditem|p1b: Lil Bones|Sitrus Berry|[eat]\n|-heal|p1b: Lil Bones|33\/100|[from] item: Sitrus Berry\n|\n|-weather|SunnyDay|[upkeep]\n|upkeep\n|turn|2\n|\n|t:|1700769530\n|switch|p1a: Tyrone|Tyranitar, M|100\/100\n|-weather|Sandstorm|[from] ability: Sand Stream|[of] p1a: Tyrone\n|move|p2a: Koal|Protect|p2a: Koal\n|-singleturn|p2a: Koal|Protect\n|move|p1b: Lil Bones|Howl|p1b: Lil Bones|[spread] p1a,p1b\n|-boost|p1a: Tyrone|atk|1\n|-boost|p1b: Lil Bones|atk|1\n|move|p2b: Giraffe|Dazzling Gleam|p1b: Lil Bones|[spread] p1a,p1b\n|-supereffective|p1a: Tyrone\n|-damage|p1a: Tyrone|78\/100\n|-damage|p1b: Lil Bones|13\/100\n|\n|-weather|Sandstorm|[upkeep]\n|-damage|p2b: Giraffe|94\/100|[from] Sandstorm\n|-damage|p2a: Koal|94\/100|[from] Sandstorm\n|-heal|p1a: Tyrone|84\/100|[from] item: Leftovers\n|upkeep\n|turn|3\n|\n|t:|1700769552\n|switch|p2a: Bell|Bronzong|100\/100\n|move|p1b: Lil Bones|Howl|p1b: Lil Bones|[spread] p1a,p1b\n|-boost|p1a: Tyrone|atk|1\n|-boost|p1b: Lil Bones|atk|1\n|move|p2b: Giraffe|Dazzling Gleam|p1a: Tyrone|[spread] p1a,p1b\n|-supereffective|p1a: Tyrone\n|-damage|p1a: Tyrone|63\/100\n|-damage|p1b: Lil Bones|0 fnt\n|faint|p1b: Lil Bones\n|move|p1a: Tyrone|Knock Off|p2b: Giraffe\n|-supereffective|p2b: Giraffe\n|-damage|p2b: Giraffe|0 fnt\n|-enditem|p2b: Giraffe|Sitrus Berry|[from] move: Knock Off|[of] p1a: Tyrone\n|faint|p2b: Giraffe\n|\n|-weather|Sandstorm|[upkeep]\n|-heal|p1a: Tyrone|69\/100|[from] item: Leftovers\n|upkeep\n|\n|t:|1700769569\n|switch|p1b: Grimace|Grimmsnarl, M|24\/100\n|switch|p2b: Lance|Chandelure, M|100\/100\n|turn|4\n|\n|t:|1700769596\n|move|p1b: Grimace|Light Screen|p1b: Grimace\n|-sidestart|p1: Duckgmr425zzz|move: Light Screen\n|move|p1a: Tyrone|Rock Slide|p2b: Lance|[spread] p2a,p2b\n|-resisted|p2a: Bell\n|-supereffective|p2b: Lance\n|-damage|p2a: Bell|76\/100\n|-enditem|p2b: Lance|Focus Sash\n|-damage|p2b: Lance|1\/100\n|move|p2a: Bell|Trick|p1a: Tyrone\n|-activate|p2a: Bell|move: Trick|[of] p1a: Tyrone\n|-item|p1a: Tyrone|Toxic Orb|[from] move: Trick\n|-item|p2a: Bell|Leftovers|[from] move: Trick\n|move|p2b: Lance|Trick Room|p2b: Lance\n|-fieldstart|move: Trick Room|[of] p2b: Lance\n|\n|-weather|Sandstorm|[upkeep]\n|-damage|p1b: Grimace|18\/100|[from] Sandstorm\n|-damage|p2b: Lance|0 fnt|[from] Sandstorm\n|faint|p2b: Lance\n|-heal|p2a: Bell|82\/100|[from] item: Leftovers\n|-status|p1a: Tyrone|tox|[from] item: Toxic Orb\n|upkeep\n|\n|t:|1700769612\n|switch|p2b: Koal|Torkoal, F|94\/100\n|-weather|SunnyDay|[from] ability: Drought|[of] p2b: Koal\n|turn|5\n|\n|t:|1700769638\n|move|p1b: Grimace|Parting Shot|p2b: Koal\n|-unboost|p2b: Koal|atk|1\n|-unboost|p2b: Koal|spa|1\n|\n|t:|1700769647\n|switch|p1b: Diancie|Diancie|100\/100|[from] Parting Shot\n|move|p2a: Bell|Gyro Ball|p1a: Tyrone\n|-supereffective|p1a: Tyrone\n|-damage|p1a: Tyrone|47\/100 tox\n|move|p2b: Koal|Eruption|p1b: Diancie|[spread] p1a,p1b\n|-resisted|p1a: Tyrone\n|-resisted|p1b: Diancie\n|-damage|p1a: Tyrone|31\/100 tox\n|-damage|p1b: Diancie|91\/100\n|move|p1a: Tyrone|Rock Slide|p2b: Koal|[spread] p2a,p2b\n|-resisted|p2a: Bell\n|-supereffective|p2b: Koal\n|-damage|p2a: Bell|56\/100\n|-damage|p2b: Koal|3\/100\n|\n|-weather|SunnyDay|[upkeep]\n|-heal|p2a: Bell|62\/100|[from] item: Leftovers\n|-damage|p1a: Tyrone|25\/100 tox|[from] psn\n|upkeep\n|turn|6\n|\n|t:|1700769678\n|switch|p1a: Slowbro|Slowbro-Galar, F|100\/100\n|move|p2a: Bell|Gyro Ball|p1b: Diancie\n|-supereffective|p1b: Diancie\n|-damage|p1b: Diancie|50\/100\n|move|p2b: Koal|Earth Power|p1a: Slowbro\n|-supereffective|p1a: Slowbro\n|-damage|p1a: Slowbro|77\/100\n|move|p1b: Diancie|Diamond Storm|p2a: Bell|[spread] p2a,p2b\n|-resisted|p2a: Bell\n|-supereffective|p2b: Koal\n|-damage|p2a: Bell|48\/100\n|-damage|p2b: Koal|0 fnt\n|faint|p2b: Koal\n|\n|-weather|SunnyDay|[upkeep]\n|-heal|p2a: Bell|55\/100|[from] item: Leftovers\n|upkeep\n|\n|t:|1700769691\n|switch|p2b: Drogo|Regidrago|100\/100\n|turn|7\n|-activate|p1a: Slowbro|item: Quick Claw\n|\n|t:|1700769718\n|-terastallize|p1b: Diancie|Steel\n|move|p1a: Slowbro|Toxic|p2a: Bell\n|-immune|p2a: Bell\n|move|p2a: Bell|Gyro Ball|p1b: Diancie\n|-resisted|p1b: Diancie\n|-damage|p1b: Diancie|46\/100\n|move|p1b: Diancie|Play Rough|p2b: Drogo\n|-supereffective|p2b: Drogo\n|-crit|p2b: Drogo\n|-damage|p2b: Drogo|0 fnt\n|faint|p2b: Drogo\n|\n|-weather|SunnyDay|[upkeep]\n|-heal|p2a: Bell|61\/100|[from] item: Leftovers\n|upkeep\n|c|\u2606pumpkinhead06|bruh\n|\n|t:|1700769731\n|switch|p2b: Tortle|Torterra, M|100\/100\n|turn|8\n|\n|t:|1700769754\n|move|p1a: Slowbro|Toxic|p2b: Tortle\n|-status|p2b: Tortle|tox\n|move|p2a: Bell|Gyro Ball|p1b: Diancie\n|-resisted|p1b: Diancie\n|-damage|p1b: Diancie|41\/100\n|move|p1b: Diancie|Body Press|p2a: Bell\n|-damage|p2a: Bell|39\/100\n|move|p2b: Tortle|Headlong Rush|p1a: Slowbro\n|-supereffective|p1a: Slowbro\n|-crit|p1a: Slowbro\n|-damage|p1a: Slowbro|0 fnt\n|-unboost|p2b: Tortle|def|1\n|-unboost|p2b: Tortle|spd|1\n|faint|p1a: Slowbro\n|-damage|p2b: Tortle|91\/100 tox|[from] item: Life Orb\n|\n|-weather|SunnyDay|[upkeep]\n|-heal|p2a: Bell|45\/100|[from] item: Leftovers\n|-damage|p2b: Tortle|85\/100 tox|[from] psn\n|-sideend|p1: Duckgmr425zzz|move: Light Screen\n|-fieldend|move: Trick Room\n|upkeep\n|\n|t:|1700769775\n|switch|p1a: King Boo|Flutter Mane|100\/100\n|-activate|p1a: King Boo|ability: Protosynthesis\n|-start|p1a: King Boo|protosynthesisspe\n|turn|9\n|\n|t:|1700769789\n|move|p1a: King Boo|Shadow Ball|p2a: Bell\n|-supereffective|p2a: Bell\n|-damage|p2a: Bell|0 fnt\n|faint|p2a: Bell\n|move|p2b: Tortle|Headlong Rush|p1a: King Boo\n|-damage|p1a: King Boo|0 fnt\n|-unboost|p2b: Tortle|def|1\n|-unboost|p2b: Tortle|spd|1\n|faint|p1a: King Boo\n|-end|p1a: King Boo|Protosynthesis|[silent]\n|-damage|p2b: Tortle|75\/100 tox|[from] item: Life Orb\n|move|p1b: Diancie|Play Rough|p2b: Tortle\n|-damage|p2b: Tortle|8\/100 tox\n|\n|-weather|none\n|-damage|p2b: Tortle|0 fnt|[from] psn\n|faint|p2b: Tortle\n|\n|win|Duckgmr425zzz\n|upkeep\n|raw|Duckgmr425zzz's rating: 1310 &rarr; <strong>1325<\/strong><br \/>(+15 for winning)\n|raw|pumpkinhead06's rating: 1222 &rarr; <strong>1203<\/strong><br \/>(-19 for losing)\n|l|\u2606pumpkinhead06\n","uploadtime":1700769808,"views":14,"p1id":"duckgmr425zzz","p2id":"pumpkinhead06","formatid":"gen9doublesou","rating":1203,"private":0,"password":""}