{"id":"gen9doublesou-1986854909","p1":"penguinking132","p2":"Red Hat hi","format":"[Gen 9] Doubles OU","log":"|j|\u2606penguinking132\n|j|\u2606Red Hat hi\n|t:|1699534475\n|gametype|doubles\n|player|p1|penguinking132|burglar|1143\n|player|p2|Red Hat hi|170|1100\n|teamsize|p1|6\n|teamsize|p2|6\n|gen|9\n|tier|[Gen 9] Doubles OU\n|rated|\n|rule|Species Clause: Limit one of each Pok\u00e9mon\n|rule|OHKO Clause: OHKO moves are banned\n|rule|Evasion Moves Clause: Evasion moves are banned\n|rule|Gravity Sleep Clause: The combination of sleep-inducing moves with imperfect accuracy and Gravity or Gigantamax Orbeetle are banned\n|rule|Endless Battle Clause: Forcing endless battles is banned\n|rule|HP Percentage Mod: HP is shown in percentages\n|clearpoke\n|poke|p1|Ursaluna-Bloodmoon, M|\n|poke|p1|Chi-Yu|\n|poke|p1|Ogerpon-Wellspring, F|\n|poke|p1|Iron Hands|\n|poke|p1|Amoonguss, M|\n|poke|p1|Cresselia, F|\n|poke|p2|Gliscor, M|\n|poke|p2|Hoppip, M|\n|poke|p2|Swinub, F|\n|poke|p2|Dragonite, F|\n|poke|p2|Scizor, M|\n|poke|p2|Typhlosion, F|\n|teampreview\n|c|\u2606penguinking132|uh oh\n|\n|t:|1699534499\n|start\n|switch|p1a: Ogerpon|Ogerpon-Wellspring, F|100\/100\n|switch|p1b: Chi-Yu|Chi-Yu|100\/100\n|switch|p2a: Dragonite|Dragonite, F|100\/100\n|switch|p2b: Hoppip|Hoppip, M|100\/100\n|-ability|p1b: Chi-Yu|Beads of Ruin\n|turn|1\n|\n|t:|1699534532\n|-terastallize|p2a: Dragonite|Normal\n|move|p2a: Dragonite|Extreme Speed|p1a: Ogerpon\n|-damage|p1a: Ogerpon|27\/100\n|-damage|p2a: Dragonite|91\/100|[from] item: Life Orb\n|move|p1a: Ogerpon|Ivy Cudgel|p2b: Hoppip\n|-resisted|p2b: Hoppip\n|-damage|p2b: Hoppip|35\/100\n|move|p1b: Chi-Yu|Heat Wave|p2a: Dragonite|[spread] p2a,p2b\n|-supereffective|p2b: Hoppip\n|-damage|p2a: Dragonite|38\/100\n|-damage|p2b: Hoppip|0 fnt\n|faint|p2b: Hoppip\n|\n|upkeep\n|\n|t:|1699534553\n|switch|p2b: Swinub|Swinub, F|100\/100\n|turn|2\n|\n|t:|1699534564\n|-terastallize|p1b: Chi-Yu|Ghost\n|move|p1a: Ogerpon|Spiky Shield|p1a: Ogerpon\n|-singleturn|p1a: Ogerpon|move: Protect\n|move|p2a: Dragonite|Extreme Speed|p1b: Chi-Yu\n|-immune|p1b: Chi-Yu\n|move|p1b: Chi-Yu|Heat Wave|p2b: Swinub|[spread] p2a,p2b\n|-supereffective|p2b: Swinub\n|-damage|p2a: Dragonite|0 fnt\n|-damage|p2b: Swinub|36\/100\n|faint|p2a: Dragonite\n|move|p2b: Swinub|Ancient Power|p1a: Ogerpon\n|-activate|p1a: Ogerpon|move: Protect\n|\n|upkeep\n|c|\u2606penguinking132|wait, whats the strat?\n|\n|t:|1699534596\n|switch|p2a: Gliscor|Gliscor, M|100\/100\n|turn|3\n|\n|t:|1699534614\n|move|p1a: Ogerpon|Ivy Cudgel|p2a: Gliscor\n|-supereffective|p2a: Gliscor\n|-damage|p2a: Gliscor|0 fnt\n|faint|p2a: Gliscor\n|move|p1b: Chi-Yu|Heat Wave|p2b: Swinub\n|-supereffective|p2b: Swinub\n|-damage|p2b: Swinub|0 fnt\n|faint|p2b: Swinub\n|\n|upkeep\n|\n|t:|1699534623\n|switch|p2a: Typhlosion|Typhlosion, F|100\/100\n|switch|p2b: Scizor|Scizor, M|100\/100\n|turn|4\n|\n|t:|1699534642\n|move|p2b: Scizor|Bullet Punch|p1a: Ogerpon\n|-resisted|p1a: Ogerpon\n|-damage|p1a: Ogerpon|6\/100\n|move|p1a: Ogerpon|Ivy Cudgel|p2a: Typhlosion\n|-supereffective|p2a: Typhlosion\n|-damage|p2a: Typhlosion|0 fnt\n|faint|p2a: Typhlosion\n|move|p1b: Chi-Yu|Heat Wave|p2b: Scizor\n|-supereffective|p2b: Scizor\n|-enditem|p2b: Scizor|Focus Sash\n|-damage|p2b: Scizor|1\/100\n|\n|upkeep\n|turn|5\n|\n|t:|1699534654\n|move|p1a: Ogerpon|Spiky Shield|p1a: Ogerpon\n|-singleturn|p1a: Ogerpon|move: Protect\n|move|p2b: Scizor|Bullet Punch|p1a: Ogerpon\n|-activate|p1a: Ogerpon|move: Protect\n|-damage|p2b: Scizor|0 fnt|[from] Spiky Shield|[of] p1a: Ogerpon\n|faint|p2b: Scizor\n|\n|win|penguinking132\n|raw|penguinking132's rating: 1143 &rarr; <strong>1165<\/strong><br \/>(+22 for winning)\n|raw|Red Hat hi's rating: 1100 &rarr; <strong>1078<\/strong><br \/>(-22 for losing)\n|l|\u2606Red Hat hi\n|c|\u2606penguinking132|what\n","uploadtime":1699534682,"views":22,"p1id":"penguinking132","p2id":"redhathi","formatid":"gen9doublesou","rating":1078,"private":0,"password":""}