{"id":"gen9doublesou-1975048216","p1":"An archaeologist","p2":"ChimeBliss","format":"[Gen 9] Doubles OU","log":"|j|\u2606An archaeologist\n|j|\u2606ChimeBliss\n|t:|1698157818\n|gametype|doubles\n|player|p1|An archaeologist|hiker-gen4|1375\n|player|p2|ChimeBliss|dawn-gen4pt|1411\n|teamsize|p1|6\n|teamsize|p2|6\n|gen|9\n|tier|[Gen 9] Doubles OU\n|rated|\n|rule|Species Clause: Limit one of each Pok\u00e9mon\n|rule|OHKO Clause: OHKO moves are banned\n|rule|Evasion Moves Clause: Evasion moves are banned\n|rule|Gravity Sleep Clause: The combination of sleep-inducing moves with imperfect accuracy and Gravity or Gigantamax Orbeetle are banned\n|rule|Endless Battle Clause: Forcing endless battles is banned\n|rule|HP Percentage Mod: HP is shown in percentages\n|clearpoke\n|poke|p1|Pelipper, M|\n|poke|p1|Drednaw, M|\n|poke|p1|Basculegion-F, F|\n|poke|p1|Vikavolt, M|\n|poke|p1|Iron Hands|\n|poke|p1|Baxcalibur, F|\n|poke|p2|Chien-Pao|\n|poke|p2|Tornadus, M|\n|poke|p2|Dragonite, F|\n|poke|p2|Chi-Yu|\n|poke|p2|Flutter Mane|\n|poke|p2|Landorus, M|\n|teampreview\n|inactive|Battle timer is ON: inactive players will automatically lose when time's up. (requested by ChimeBliss)\n|\n|t:|1698157845\n|start\n|switch|p1a: Iron Hands|Iron Hands|100\/100\n|switch|p1b: Baxcalibur|Baxcalibur, F|100\/100\n|switch|p2a: Tornadus|Tornadus, M|100\/100\n|switch|p2b: Flutter Mane|Flutter Mane|100\/100\n|-enditem|p1a: Iron Hands|Booster Energy\n|-activate|p1a: Iron Hands|ability: Quark Drive|[fromitem]\n|-start|p1a: Iron Hands|quarkdriveatk\n|turn|1\n|\n|t:|1698157860\n|move|p1a: Iron Hands|Fake Out|p2a: Tornadus\n|-damage|p2a: Tornadus|70\/100\n|cant|p2a: Tornadus|flinch\n|move|p1b: Baxcalibur|Ice Shard|p2b: Flutter Mane\n|-damage|p2b: Flutter Mane|23\/100\n|move|p2b: Flutter Mane|Moonblast|p1b: Baxcalibur\n|-supereffective|p1b: Baxcalibur\n|-damage|p1b: Baxcalibur|0 fnt\n|faint|p1b: Baxcalibur\n|\n|upkeep\n|\n|t:|1698157876\n|switch|p1b: Vikavolt|Vikavolt, M|100\/100\n|turn|2\n|\n|t:|1698157883\n|move|p2b: Flutter Mane|Moonblast|p1a: Iron Hands\n|-supereffective|p1a: Iron Hands\n|-damage|p1a: Iron Hands|0 fnt\n|faint|p1a: Iron Hands\n|-end|p1a: Iron Hands|Quark Drive|[silent]\n|move|p2a: Tornadus|Bleakwind Storm|p1b: Vikavolt\n|-damage|p1b: Vikavolt|44\/100\n|move|p1b: Vikavolt|Bug Buzz|p2a: Tornadus\n|-resisted|p2a: Tornadus\n|-damage|p2a: Tornadus|30\/100\n|-enditem|p1b: Vikavolt|Throat Spray\n|-boost|p1b: Vikavolt|spa|1|[from] item: Throat Spray\n|\n|upkeep\n|\n|t:|1698157896\n|switch|p1a: Pelipper|Pelipper, M|100\/100\n|-weather|RainDance|[from] ability: Drizzle|[of] p1a: Pelipper\n|turn|3\n|\n|t:|1698157903\n|move|p2a: Tornadus|Tailwind|p2a: Tornadus\n|-sidestart|p2: ChimeBliss|move: Tailwind\n|move|p2b: Flutter Mane|Moonblast|p1a: Pelipper\n|-damage|p1a: Pelipper|0 fnt\n|faint|p1a: Pelipper\n|move|p1b: Vikavolt|Thunder|p2b: Flutter Mane\n|-damage|p2b: Flutter Mane|0 fnt\n|faint|p2b: Flutter Mane\n|-end|p2b: Flutter Mane|Protosynthesis|[silent]\n|\n|-weather|RainDance|[upkeep]\n|upkeep\n|\n|t:|1698157925\n|switch|p2b: Chi-Yu|Chi-Yu|100\/100\n|switch|p1a: Drednaw|Drednaw, M|100\/100\n|-ability|p2b: Chi-Yu|Beads of Ruin\n|turn|4\n|\n|t:|1698157933\n|move|p2b: Chi-Yu|Dark Pulse|p1a: Drednaw\n|-damage|p1a: Drednaw|11\/100\n|move|p2a: Tornadus|Bleakwind Storm|p1a: Drednaw|[spread] p1a,p1b\n|-resisted|p1a: Drednaw\n|-damage|p1a: Drednaw|0 fnt\n|-damage|p1b: Vikavolt|0 fnt\n|faint|p1a: Drednaw\n|faint|p1b: Vikavolt\n|\n|-weather|RainDance|[upkeep]\n|upkeep\n|\n|t:|1698157944\n|switch|p1b: Basculegion|Basculegion-F, F|100\/100\n|turn|5\n|\n|t:|1698157950\n|-terastallize|p1b: Basculegion|Ghost\n|move|p2b: Chi-Yu|Dark Pulse|p1b: Basculegion\n|-supereffective|p1b: Basculegion\n|-crit|p1b: Basculegion\n|-damage|p1b: Basculegion|0 fnt\n|faint|p1b: Basculegion\n|\n|win|ChimeBliss\n|raw|An archaeologist's rating: 1375 &rarr; <strong>1357<\/strong><br \/>(-18 for losing)\n|raw|ChimeBliss's rating: 1411 &rarr; <strong>1429<\/strong><br \/>(+18 for winning)\n|l|\u2606An archaeologist\n","uploadtime":1698157955,"views":9,"p1id":"anarchaeologist","p2id":"chimebliss","formatid":"gen9doublesou","rating":1357,"private":0,"password":""}