{"id":"gen9doublesou-1984813691","p1":"Jonathan53332","p2":"Linkmasterjr","format":"[Gen 9] Doubles OU","log":"|j|\u2606Jonathan53332\n|j|\u2606Linkmasterjr\n|t:|1699301177\n|gametype|doubles\n|player|p1|Jonathan53332|101|\n|player|p2|Linkmasterjr|hugh|\n|teamsize|p1|6\n|teamsize|p2|6\n|gen|9\n|tier|[Gen 9] Doubles OU\n|rule|Species Clause: Limit one of each Pok\u00e9mon\n|rule|OHKO Clause: OHKO moves are banned\n|rule|Evasion Moves Clause: Evasion moves are banned\n|rule|Gravity Sleep Clause: The combination of sleep-inducing moves with imperfect accuracy and Gravity or Gigantamax Orbeetle are banned\n|rule|Endless Battle Clause: Forcing endless battles is banned\n|rule|HP Percentage Mod: HP is shown in percentages\n|clearpoke\n|poke|p1|Dugtrio-Alola, M|\n|poke|p1|Kilowattrel, F|\n|poke|p1|Gholdengo|\n|poke|p1|Cinderace, M|\n|poke|p1|Rotom-Wash|\n|poke|p1|Grimmsnarl, M|\n|poke|p2|Vikavolt, F|\n|poke|p2|Chandelure, M|\n|poke|p2|Empoleon, F|\n|poke|p2|Great Tusk|\n|poke|p2|Rillaboom, M|\n|poke|p2|Murkrow, F|\n|teampreview\n|inactive|Battle timer is ON: inactive players will automatically lose when time's up. (requested by Linkmasterjr)\n|inactive|Jonathan53332 has 270 seconds left.\n|\n|t:|1699301228\n|start\n|switch|p1a: Dugtrio|Dugtrio-Alola, M|100\/100\n|switch|p1b: Kilowattrel|Kilowattrel, F|100\/100\n|switch|p2a: Great Tusk|Great Tusk, shiny|100\/100\n|switch|p2b: Murkrow|Murkrow, F|100\/100\n|-enditem|p2a: Great Tusk|Booster Energy\n|-activate|p2a: Great Tusk|ability: Protosynthesis|[fromitem]\n|-start|p2a: Great Tusk|protosynthesisatk\n|turn|1\n|\n|t:|1699301239\n|move|p2b: Murkrow|Feather Dance|p1a: Dugtrio\n|-unboost|p1a: Dugtrio|atk|2\n|move|p1b: Kilowattrel|Tailwind|p1b: Kilowattrel\n|-sidestart|p1: Jonathan53332|move: Tailwind\n|move|p1a: Dugtrio|Rock Slide|p2b: Murkrow|[spread] p2a,p2b\n|-resisted|p2a: Great Tusk\n|-supereffective|p2b: Murkrow\n|-damage|p2a: Great Tusk|99\/100\n|-damage|p2b: Murkrow|64\/100\n|-enditem|p2b: Murkrow|Eject Button\n|\n|t:|1699301263\n|switch|p2b: Rillaboom|Rillaboom, M|100\/100\n|-fieldstart|move: Grassy Terrain|[from] ability: Grassy Surge|[of] p2b: Rillaboom\n|move|p2a: Great Tusk|Ice Fang|p1b: Kilowattrel\n|-supereffective|p1b: Kilowattrel\n|-enditem|p1b: Kilowattrel|Focus Sash\n|-damage|p1b: Kilowattrel|1\/100\n|\n|-heal|p2a: Great Tusk|100\/100|[from] Grassy Terrain\n|upkeep\n|turn|2\n|\n|t:|1699301280\n|switch|p1b: Gholdengo|Gholdengo|100\/100\n|move|p2b: Rillaboom|Fake Out|p1b: Gholdengo\n|-immune|p1b: Gholdengo\n|move|p1a: Dugtrio|Iron Head|p2a: Great Tusk\n|-damage|p2a: Great Tusk|88\/100\n|move|p2a: Great Tusk|Brick Break|p1a: Dugtrio\n|-supereffective|p1a: Dugtrio\n|-enditem|p1a: Dugtrio|Focus Sash\n|-damage|p1a: Dugtrio|1\/100\n|-ability|p1a: Dugtrio|Tangling Hair\n|-unboost|p2a: Great Tusk|spe|1\n|\n|-heal|p1a: Dugtrio|7\/100|[from] Grassy Terrain\n|-heal|p2a: Great Tusk|94\/100|[from] Grassy Terrain\n|upkeep\n|turn|3\n|\n|t:|1699301298\n|switch|p2b: Murkrow|Murkrow, F|64\/100\n|move|p1a: Dugtrio|Stealth Rock|p2a: Great Tusk\n|-sidestart|p2: Linkmasterjr|move: Stealth Rock\n|move|p1b: Gholdengo|Dazzling Gleam|p2a: Great Tusk|[spread] p2a,p2b\n|-supereffective|p2a: Great Tusk\n|-supereffective|p2b: Murkrow\n|-damage|p2a: Great Tusk|30\/100\n|-damage|p2b: Murkrow|3\/100\n|move|p2a: Great Tusk|Earthquake|p1a: Dugtrio|[spread] p1a,p1b\n|-immune|p2b: Murkrow\n|-supereffective|p1a: Dugtrio\n|-supereffective|p1b: Gholdengo\n|-damage|p1a: Dugtrio|0 fnt\n|-damage|p1b: Gholdengo|43\/100\n|faint|p1a: Dugtrio\n|\n|-heal|p1b: Gholdengo|49\/100|[from] Grassy Terrain\n|-heal|p2a: Great Tusk|36\/100|[from] Grassy Terrain\n|upkeep\n|\n|t:|1699301324\n|switch|p1a: Cinderace|Cinderace, M|100\/100\n|turn|4\n|\n|t:|1699301347\n|move|p2b: Murkrow|Tailwind|p2b: Murkrow\n|-sidestart|p2: Linkmasterjr|move: Tailwind\n|move|p1a: Cinderace|Pyro Ball|p2a: Great Tusk\n|-crit|p2a: Great Tusk\n|-damage|p2a: Great Tusk|0 fnt\n|faint|p2a: Great Tusk\n|-end|p2a: Great Tusk|Protosynthesis|[silent]\n|move|p1b: Gholdengo|Dazzling Gleam|p2b: Murkrow\n|-supereffective|p2b: Murkrow\n|-damage|p2b: Murkrow|0 fnt\n|faint|p2b: Murkrow\n|\n|-heal|p1b: Gholdengo|55\/100|[from] Grassy Terrain\n|-sideend|p1: Jonathan53332|move: Tailwind\n|upkeep\n|inactive|Linkmasterjr has 270 seconds left.\n|\n|t:|1699301371\n|switch|p2a: Rillaboom|Rillaboom, M|100\/100\n|switch|p2b: Empoleon|Empoleon, F|100\/100\n|-damage|p2a: Rillaboom|88\/100|[from] Stealth Rock\n|-damage|p2b: Empoleon|94\/100|[from] Stealth Rock\n|turn|5\n|\n|t:|1699301387\n|switch|p2a: Chandelure|Chandelure, M|100\/100\n|-damage|p2a: Chandelure|76\/100|[from] Stealth Rock\n|-terastallize|p1a: Cinderace|Water\n|move|p1a: Cinderace|Pyro Ball|p2a: Chandelure\n|-start|p2a: Chandelure|ability: Flash Fire\n|move|p2b: Empoleon|Bubble Beam|p1a: Cinderace\n|-resisted|p1a: Cinderace\n|-damage|p1a: Cinderace|79\/100\n|move|p1b: Gholdengo|Focus Blast|p2b: Empoleon|[miss]\n|-miss|p1b: Gholdengo|p2b: Empoleon\n|\n|-heal|p2a: Chandelure|82\/100|[from] Grassy Terrain\n|-heal|p1a: Cinderace|85\/100|[from] Grassy Terrain\n|-heal|p2b: Empoleon|100\/100|[from] Grassy Terrain\n|-heal|p1b: Gholdengo|61\/100|[from] Grassy Terrain\n|upkeep\n|turn|6\n|\n|t:|1699301407\n|-terastallize|p2a: Chandelure|Fairy\n|move|p2a: Chandelure|Energy Ball|p1a: Cinderace\n|-supereffective|p1a: Cinderace\n|-damage|p1a: Cinderace|0 fnt\n|faint|p1a: Cinderace\n|move|p2b: Empoleon|Ice Beam|p1b: Gholdengo\n|-resisted|p1b: Gholdengo\n|-damage|p1b: Gholdengo|48\/100\n|move|p1b: Gholdengo|Focus Blast|p2b: Empoleon\n|-supereffective|p2b: Empoleon\n|-damage|p2b: Empoleon|46\/100\n|\n|-heal|p2a: Chandelure|88\/100|[from] Grassy Terrain\n|-heal|p2b: Empoleon|52\/100|[from] Grassy Terrain\n|-heal|p1b: Gholdengo|54\/100|[from] Grassy Terrain\n|upkeep\n|\n|t:|1699301417\n|switch|p1a: Rotom|Rotom-Wash|100\/100\n|turn|7\n|\n|t:|1699301439\n|move|p2a: Chandelure|Energy Ball|p1a: Rotom\n|-supereffective|p1a: Rotom\n|-damage|p1a: Rotom|0 fnt\n|faint|p1a: Rotom\n|move|p2b: Empoleon|Bubble Beam|p1b: Gholdengo\n|-damage|p1b: Gholdengo|29\/100\n|move|p1b: Gholdengo|Make It Rain|p2a: Chandelure|[spread] p2a,p2b\n|-supereffective|p2a: Chandelure\n|-resisted|p2b: Empoleon\n|-damage|p2a: Chandelure|0 fnt\n|-damage|p2b: Empoleon|45\/100\n|-unboost|p1b: Gholdengo|spa|1\n|faint|p2a: Chandelure\n|\n|-heal|p2b: Empoleon|52\/100|[from] Grassy Terrain\n|-heal|p1b: Gholdengo|35\/100|[from] Grassy Terrain\n|-sideend|p2: Linkmasterjr|move: Tailwind\n|upkeep\n|\n|t:|1699301453\n|switch|p1a: Kilowattrel|Kilowattrel, F|1\/100\n|switch|p2a: Vikavolt|Vikavolt, F|100\/100\n|-damage|p2a: Vikavolt|76\/100|[from] Stealth Rock\n|turn|8\n|\n|t:|1699301481\n|move|p1a: Kilowattrel|Endeavor|p2b: Empoleon\n|-damage|p2b: Empoleon|1\/100\n|move|p1b: Gholdengo|Shadow Ball|p2b: Empoleon\n|-damage|p2b: Empoleon|0 fnt\n|faint|p2b: Empoleon\n|move|p2a: Vikavolt|Thunderbolt|p1b: Gholdengo\n|-damage|p1b: Gholdengo|0 fnt\n|faint|p1b: Gholdengo\n|\n|-fieldend|move: Grassy Terrain\n|upkeep\n|\n|t:|1699301490\n|switch|p1b: Grimmsnarl|Grimmsnarl, M|100\/100\n|switch|p2b: Rillaboom|Rillaboom, M|88\/100\n|-damage|p2b: Rillaboom|76\/100|[from] Stealth Rock\n|-fieldstart|move: Grassy Terrain|[from] ability: Grassy Surge|[of] p2b: Rillaboom\n|turn|9\n|\n|t:|1699301498\n|move|p2b: Rillaboom|Fake Out|p1a: Kilowattrel\n|-damage|p1a: Kilowattrel|0 fnt\n|faint|p1a: Kilowattrel\n|move|p1b: Grimmsnarl|Light Screen|p1b: Grimmsnarl\n|-sidestart|p1: Jonathan53332|move: Light Screen\n|move|p2a: Vikavolt|Thunderbolt|p1b: Grimmsnarl\n|-damage|p1b: Grimmsnarl|42\/100\n|\n|-heal|p2b: Rillaboom|82\/100|[from] Grassy Terrain\n|-heal|p1b: Grimmsnarl|48\/100|[from] Grassy Terrain\n|upkeep\n|turn|10\n|\n|t:|1699301507\n|move|p2b: Rillaboom|Knock Off|p1b: Grimmsnarl\n|-resisted|p1b: Grimmsnarl\n|-crit|p1b: Grimmsnarl\n|-damage|p1b: Grimmsnarl|32\/100\n|-enditem|p1b: Grimmsnarl|Light Clay|[from] move: Knock Off|[of] p2b: Rillaboom\n|move|p1b: Grimmsnarl|Dark Pulse|p2b: Rillaboom\n|-damage|p2b: Rillaboom|39\/100\n|move|p2a: Vikavolt|Thunderbolt|p1b: Grimmsnarl\n|-damage|p1b: Grimmsnarl|0 fnt\n|faint|p1b: Grimmsnarl\n|\n|win|Linkmasterjr\n|c|\u2606Jonathan53332|Gg\n","uploadtime":1699301516,"views":9,"p1id":"jonathan53332","p2id":"linkmasterjr","formatid":"gen9doublesou","rating":0,"private":0,"password":""}