{"id":"gen9doublesou-1997233955","p1":"GBarmada","p2":"XYZ15","format":"[Gen 9] Doubles OU","log":"|j|\u2606GBarmada\n|j|\u2606XYZ15\n|t:|1700778542\n|gametype|doubles\n|player|p1|GBarmada|nate|1375\n|player|p2|XYZ15|rei|1319\n|teamsize|p1|6\n|teamsize|p2|6\n|gen|9\n|tier|[Gen 9] Doubles OU\n|rated|\n|rule|Species Clause: Limit one of each Pok\u00e9mon\n|rule|OHKO Clause: OHKO moves are banned\n|rule|Evasion Moves Clause: Evasion moves are banned\n|rule|Gravity Sleep Clause: The combination of sleep-inducing moves with imperfect accuracy and Gravity or Gigantamax Orbeetle are banned\n|rule|Endless Battle Clause: Forcing endless battles is banned\n|rule|HP Percentage Mod: HP is shown in percentages\n|clearpoke\n|poke|p1|Clefairy, F|\n|poke|p1|Grimmsnarl, M|\n|poke|p1|Iron Bundle|\n|poke|p1|Iron Hands|\n|poke|p1|Rillaboom, F|\n|poke|p1|Sneasler, F|\n|poke|p2|Dusclops, M|\n|poke|p2|Ursaluna, F|\n|poke|p2|Farigiraf, M|\n|poke|p2|Iron Hands|\n|poke|p2|Sinistcha|\n|poke|p2|Rillaboom, F|\n|teampreview\n|inactive|Battle timer is ON: inactive players will automatically lose when time's up. (requested by GBarmada)\n|c|\u2606GBarmada|GLHF\n|c|\u2606XYZ15|same\n|\n|t:|1700778560\n|start\n|switch|p1a: Grimmsnarl|Grimmsnarl, M|100\/100\n|switch|p1b: Iron Bundle|Iron Bundle|100\/100\n|switch|p2a: Dusclops|Dusclops, M|100\/100\n|switch|p2b: Ursaluna|Ursaluna, F|100\/100\n|-item|p1a: Grimmsnarl|Light Clay|[from] ability: Frisk|[of] p2a: Dusclops|[identify]\n|-item|p1b: Iron Bundle|Focus Sash|[from] ability: Frisk|[of] p2a: Dusclops|[identify]\n|turn|1\n|\n|t:|1700778581\n|switch|p2b: Farigiraf|Farigiraf, M|100\/100\n|move|p1a: Grimmsnarl|Parting Shot||[still]\n|cant|p2b: Farigiraf|ability: Armor Tail|Parting Shot|[of] p1a: Grimmsnarl\n|move|p1b: Iron Bundle|Taunt|p2a: Dusclops\n|-start|p2a: Dusclops|move: Taunt\n|cant|p2a: Dusclops|move: Taunt|Trick Room\n|\n|upkeep\n|turn|2\n|inactive|XYZ15 has 120 seconds left.\n|inactive|GBarmada has 120 seconds left.\n|inactive|XYZ15 has 90 seconds left.\n|inactive|GBarmada has 90 seconds left.\n|inactive|XYZ15 has 60 seconds left.\n|inactive|XYZ15 has 30 seconds left.\n|\n|t:|1700778703\n|switch|p2a: Iron Hands|Iron Hands|100\/100\n|-enditem|p2a: Iron Hands|Booster Energy\n|-activate|p2a: Iron Hands|ability: Quark Drive|[fromitem]\n|-start|p2a: Iron Hands|quarkdriveatk\n|move|p1a: Grimmsnarl|Light Screen|p1a: Grimmsnarl\n|-sidestart|p1: GBarmada|move: Light Screen\n|move|p1b: Iron Bundle|Taunt|p2b: Farigiraf\n|-start|p2b: Farigiraf|move: Taunt\n|cant|p2b: Farigiraf|move: Taunt|Trick Room\n|\n|upkeep\n|turn|3\n|inactive|GBarmada has 90 seconds left.\n|\n|t:|1700778722\n|-end|p1b: Iron Bundle|Quark Drive|[silent]\n|switch|p1b: Clefairy|Clefairy, F, shiny|100\/100\n|switch|p2b: Rillaboom|Rillaboom, F|100\/100\n|-fieldstart|move: Grassy Terrain|[from] ability: Grassy Surge|[of] p2b: Rillaboom\n|move|p2a: Iron Hands|Fake Out|p1b: Clefairy\n|-damage|p1b: Clefairy|83\/100\n|move|p1a: Grimmsnarl|Reflect|p1a: Grimmsnarl\n|-sidestart|p1: GBarmada|Reflect\n|\n|-heal|p1b: Clefairy|89\/100|[from] Grassy Terrain\n|upkeep\n|turn|4\n|inactive|XYZ15 has 60 seconds left.\n|inactive|GBarmada has 90 seconds left.\n|\n|t:|1700778744\n|switch|p1a: Iron Hands|Iron Hands|100\/100\n|-end|p2a: Iron Hands|Quark Drive|[silent]\n|switch|p2a: Farigiraf|Farigiraf, M|100\/100\n|move|p2b: Rillaboom|Knock Off|p1b: Clefairy\n|-resisted|p1b: Clefairy\n|-damage|p1b: Clefairy|74\/100\n|-enditem|p1b: Clefairy|Eviolite|[from] move: Knock Off|[of] p2b: Rillaboom\n|move|p1b: Clefairy|Life Dew||[still]|[spread] p1a,p1b\n|-fail|p1a: Iron Hands|heal\n|-heal|p1b: Clefairy|99\/100\n|\n|-heal|p1b: Clefairy|100\/100|[from] Grassy Terrain\n|upkeep\n|turn|5\n|inactive|XYZ15 has 60 seconds left.\n|inactive|GBarmada has 90 seconds left.\n|inactive|XYZ15 has 30 seconds left.\n|inactive|XYZ15 has 20 seconds left.\n|inactive|XYZ15 has 15 seconds left.\n|inactive|XYZ15 has 10 seconds left.\n|inactive|XYZ15 has 5 seconds left.\n|\n|t:|1700778817\n|switch|p2b: Ursaluna|Ursaluna, F|100\/100\n|move|p2a: Farigiraf|Ally Switch|p2a: Farigiraf\n|swap|p2a: Farigiraf|1|[from] move: Ally Switch\n|move|p1b: Clefairy|Follow Me|p1b: Clefairy\n|-singleturn|p1b: Clefairy|move: Follow Me\n|move|p1a: Iron Hands|Swords Dance|p1a: Iron Hands\n|-boost|p1a: Iron Hands|atk|2\n|\n|-status|p2a: Ursaluna|brn|[from] item: Flame Orb\n|upkeep\n|turn|6\n|inactive|XYZ15 has 30 seconds left this turn.\n|inactive|XYZ15 has 20 seconds left.\n|\n|t:|1700778830\n|move|p1b: Clefairy|Helping Hand|p1a: Iron Hands\n|-singleturn|p1a: Iron Hands|Helping Hand|[of] p1b: Clefairy\n|move|p2a: Ursaluna|Protect|p2a: Ursaluna\n|-singleturn|p2a: Ursaluna|Protect\n|move|p2b: Farigiraf|Future Sight|p1a: Iron Hands\n|-start|p2b: Farigiraf|move: Future Sight\n|move|p1a: Iron Hands|Drain Punch|p2a: Ursaluna\n|-activate|p2a: Ursaluna|move: Protect\n|\n|-damage|p2a: Ursaluna|94\/100 brn|[from] brn\n|upkeep\n|turn|7\n|\n|t:|1700778850\n|switch|p2b: Dusclops|Dusclops, M|100\/100\n|-item|p1a: Iron Hands|Sitrus Berry|[from] ability: Frisk|[of] p2b: Dusclops|[identify]\n|switch|p2a: Sinistcha|Sinistcha|100\/100\n|move|p1b: Clefairy|Helping Hand|p1a: Iron Hands\n|-singleturn|p1a: Iron Hands|Helping Hand|[of] p1b: Clefairy\n|move|p1a: Iron Hands|Drain Punch|p2a: Sinistcha\n|-immune|p2a: Sinistcha\n|\n|-fieldend|move: Grassy Terrain\n|upkeep\n|turn|8\n|inactive|GBarmada has 120 seconds left.\n|inactive|GBarmada has 90 seconds left.\n|\n|t:|1700778891\n|switch|p2a: Iron Hands|Iron Hands|100\/100\n|-end|p1a: Iron Hands|Quark Drive|[silent]\n|switch|p1a: Grimmsnarl|Grimmsnarl, M|100\/100\n|switch|p1b: Iron Bundle|Iron Bundle|100\/100\n|move|p2b: Dusclops|Trick Room|p2b: Dusclops\n|-fieldstart|move: Trick Room|[of] p2b: Dusclops\n|\n|-end|p1a: Grimmsnarl|move: Future Sight\n|-immune|p1a: Grimmsnarl\n|upkeep\n|turn|9\n|inactive|XYZ15 has 60 seconds left.\n|inactive|GBarmada has 90 seconds left.\n|\n|t:|1700778933\n|switch|p2b: Farigiraf|Farigiraf, M|100\/100\n|-end|p1b: Iron Bundle|Quark Drive|[silent]\n|switch|p1b: Clefairy|Clefairy, F, shiny|100\/100\n|move|p1a: Grimmsnarl|Parting Shot||[still]\n|cant|p2b: Farigiraf|ability: Armor Tail|Parting Shot|[of] p1a: Grimmsnarl\n|move|p2a: Iron Hands|Wild Charge|p1b: Clefairy\n|-damage|p1b: Clefairy|55\/100\n|-damage|p2a: Iron Hands|93\/100|[from] Recoil\n|\n|-sideend|p1: GBarmada|move: Light Screen\n|upkeep\n|turn|10\n|inactive|GBarmada has 90 seconds left.\n|inactive|XYZ15 has 60 seconds left.\n|\n|t:|1700778959\n|switch|p1b: Iron Hands|Iron Hands|100\/100\n|move|p2b: Farigiraf|Ally Switch|p2b: Farigiraf\n|swap|p2b: Farigiraf|0|[from] move: Ally Switch\n|move|p1a: Grimmsnarl|Light Screen|p1a: Grimmsnarl\n|-sidestart|p1: GBarmada|move: Light Screen\n|move|p2b: Iron Hands|Wild Charge|p1b: Iron Hands\n|-resisted|p1b: Iron Hands\n|-damage|p1b: Iron Hands|89\/100\n|-damage|p2b: Iron Hands|90\/100|[from] Recoil\n|\n|-sideend|p1: GBarmada|Reflect\n|upkeep\n|turn|11\n|inactive|GBarmada has 90 seconds left.\n|\n|t:|1700778980\n|-end|p2b: Iron Hands|Quark Drive|[silent]\n|switch|p2b: Dusclops|Dusclops, M|100\/100\n|-item|p1a: Grimmsnarl|Light Clay|[from] ability: Frisk|[of] p2b: Dusclops|[identify]\n|-item|p1b: Iron Hands|Sitrus Berry|[from] ability: Frisk|[of] p2b: Dusclops|[identify]\n|move|p1a: Grimmsnarl|Reflect|p1a: Grimmsnarl\n|-sidestart|p1: GBarmada|Reflect\n|move|p1b: Iron Hands|Swords Dance|p1b: Iron Hands\n|-boost|p1b: Iron Hands|atk|2\n|move|p2a: Farigiraf|Future Sight|p1b: Iron Hands\n|-start|p2a: Farigiraf|move: Future Sight\n|\n|upkeep\n|turn|12\n|inactive|XYZ15 has 90 seconds left.\n|inactive|GBarmada has 90 seconds left.\n|\n|t:|1700778994\n|switch|p2a: Sinistcha|Sinistcha|100\/100\n|switch|p1a: Clefairy|Clefairy, F, shiny|55\/100\n|move|p2b: Dusclops|Will-O-Wisp|p1b: Iron Hands|[miss]\n|-miss|p2b: Dusclops|p1b: Iron Hands\n|move|p1b: Iron Hands|Drain Punch|p2a: Sinistcha\n|-immune|p2a: Sinistcha\n|\n|-fieldend|move: Trick Room\n|upkeep\n|turn|13\n|inactive|GBarmada has 90 seconds left.\n|c|\u2606GBarmada|Would follow me redirect the future sight?\n|inactive|GBarmada has 60 seconds left.\n|\n|t:|1700779055\n|move|p2a: Sinistcha|Strength Sap|p1b: Iron Hands\n|-unboost|p1b: Iron Hands|atk|1\n|move|p1b: Iron Hands|Wild Charge|p2b: Dusclops\n|-damage|p2b: Dusclops|49\/100\n|-damage|p1b: Iron Hands|80\/100|[from] Recoil\n|move|p1a: Clefairy|Life Dew|p1a: Clefairy|[spread] p1a,p1b\n|-heal|p1a: Clefairy|80\/100\n|-heal|p1b: Iron Hands|100\/100\n|move|p2b: Dusclops|Trick Room|p2b: Dusclops\n|-fieldstart|move: Trick Room|[of] p2b: Dusclops\n|\n|-end|p1b: Iron Hands|move: Future Sight\n|-supereffective|p1b: Iron Hands\n|-damage|p1b: Iron Hands|59\/100\n|upkeep\n|turn|14\n|inactive|GBarmada has 60 seconds left.\n|inactive|XYZ15 has 90 seconds left.\n|\n|t:|1700779102\n|move|p1a: Clefairy|Follow Me|p1a: Clefairy\n|-singleturn|p1a: Clefairy|move: Follow Me\n|move|p2b: Dusclops|Will-O-Wisp|p1a: Clefairy\n|-status|p1a: Clefairy|brn\n|move|p1b: Iron Hands|Swords Dance|p1b: Iron Hands\n|-boost|p1b: Iron Hands|atk|2\n|move|p2a: Sinistcha|Matcha Gotcha|p1a: Clefairy|[spread] p1a,p1b\n|-damage|p1a: Clefairy|52\/100 brn\n|-damage|p1b: Iron Hands|44\/100\n|-enditem|p1b: Iron Hands|Sitrus Berry|[eat]\n|-heal|p1b: Iron Hands|69\/100|[from] item: Sitrus Berry\n|\n|upkeep\n|turn|15\n|inactive|XYZ15 has 90 seconds left.\n|\n|t:|1700779119\n|move|p1a: Clefairy|Follow Me|p1a: Clefairy\n|-singleturn|p1a: Clefairy|move: Follow Me\n|move|p2b: Dusclops|Will-O-Wisp|p1a: Clefairy\n|-fail|p1a: Clefairy|brn\n|move|p1b: Iron Hands|Wild Charge|p2b: Dusclops\n|-damage|p2b: Dusclops|0 fnt\n|faint|p2b: Dusclops\n|-damage|p1b: Iron Hands|62\/100|[from] Recoil\n|move|p2a: Sinistcha|Matcha Gotcha|p1a: Clefairy|[spread] p1a\n|-miss|p2a: Sinistcha|p1b: Iron Hands\n|-damage|p1a: Clefairy|27\/100 brn\n|\n|upkeep\n|\n|t:|1700779122\n|switch|p2b: Iron Hands|Iron Hands|90\/100\n|turn|16\n|inactive|GBarmada has 90 seconds left.\n|\n|t:|1700779145\n|switch|p1a: Rillaboom|Rillaboom, F|100\/100\n|-fieldstart|move: Grassy Terrain|[from] ability: Grassy Surge|[of] p1a: Rillaboom\n|move|p2b: Iron Hands|Fake Out|p1b: Iron Hands\n|-damage|p1b: Iron Hands|55\/100\n|cant|p1b: Iron Hands|flinch\n|move|p2a: Sinistcha|Matcha Gotcha|p1a: Rillaboom|[spread] p1a,p1b\n|-resisted|p1a: Rillaboom\n|-damage|p1a: Rillaboom|91\/100\n|-damage|p1b: Iron Hands|34\/100\n|\n|-heal|p2b: Iron Hands|96\/100|[from] Grassy Terrain\n|-heal|p1b: Iron Hands|40\/100|[from] Grassy Terrain\n|-heal|p1a: Rillaboom|97\/100|[from] Grassy Terrain\n|upkeep\n|turn|17\n|inactive|GBarmada has 90 seconds left.\n|inactive|XYZ15 has 120 seconds left.\n|\n|t:|1700779166\n|move|p1a: Rillaboom|Fake Out|p2b: Iron Hands\n|-damage|p2b: Iron Hands|88\/100\n|cant|p2b: Iron Hands|flinch\n|move|p1b: Iron Hands|Drain Punch|p2b: Iron Hands\n|-damage|p2b: Iron Hands|23\/100\n|-heal|p1b: Iron Hands|77\/100|[from] drain|[of] p2b: Iron Hands\n|move|p2a: Sinistcha|Matcha Gotcha|p1a: Rillaboom|[spread] p1a,p1b\n|-resisted|p1a: Rillaboom\n|-damage|p1a: Rillaboom|87\/100\n|-damage|p1b: Iron Hands|58\/100\n|-status|p1a: Rillaboom|brn\n|\n|-heal|p2b: Iron Hands|29\/100|[from] Grassy Terrain\n|-heal|p1b: Iron Hands|65\/100|[from] Grassy Terrain\n|-heal|p1a: Rillaboom|94\/100 brn|[from] Grassy Terrain\n|-damage|p1a: Rillaboom|87\/100 brn|[from] brn\n|-sideend|p1: GBarmada|move: Light Screen\n|-fieldend|move: Trick Room\n|upkeep\n|turn|18\n|inactive|GBarmada has 90 seconds left.\n|\n|t:|1700779189\n|move|p2b: Iron Hands|Protect|p2b: Iron Hands\n|-singleturn|p2b: Iron Hands|Protect\n|move|p1a: Rillaboom|U-turn|p2a: Sinistcha\n|-damage|p2a: Sinistcha|90\/100\n|inactive|GBarmada has 90 seconds left.\n|\n|t:|1700779196\n|switch|p1a: Grimmsnarl|Grimmsnarl, M|100\/100|[from] U-turn\n|move|p2a: Sinistcha|Matcha Gotcha|p1a: Grimmsnarl|[spread] p1a,p1b\n|-damage|p1a: Grimmsnarl|57\/100\n|-heal|p2a: Sinistcha|100\/100|[from] drain|[of] p1a: Grimmsnarl\n|-damage|p1b: Iron Hands|34\/100\n|-status|p1a: Grimmsnarl|brn\n|move|p1b: Iron Hands|Wild Charge|p2a: Sinistcha\n|-resisted|p2a: Sinistcha\n|-damage|p2a: Sinistcha|44\/100\n|-damage|p1b: Iron Hands|23\/100|[from] Recoil\n|\n|-heal|p2a: Sinistcha|50\/100|[from] Grassy Terrain\n|-heal|p2a: Sinistcha|56\/100|[from] item: Leftovers\n|-heal|p1a: Grimmsnarl|63\/100 brn|[from] Grassy Terrain\n|-heal|p1b: Iron Hands|29\/100|[from] Grassy Terrain\n|-heal|p2b: Iron Hands|35\/100|[from] Grassy Terrain\n|-damage|p1a: Grimmsnarl|57\/100 brn|[from] brn\n|-sideend|p1: GBarmada|Reflect\n|upkeep\n|turn|19\n|inactive|GBarmada has 90 seconds left.\n|inactive|XYZ15 has 120 seconds left.\n|\n|t:|1700779231\n|-end|p2b: Iron Hands|Quark Drive|[silent]\n|switch|p2b: Farigiraf|Farigiraf, M|100\/100\n|move|p1a: Grimmsnarl|Light Screen|p1a: Grimmsnarl\n|-sidestart|p1: GBarmada|move: Light Screen\n|move|p2a: Sinistcha|Matcha Gotcha|p1b: Iron Hands|[spread] p1a,p1b\n|-damage|p1a: Grimmsnarl|29\/100 brn\n|-heal|p2a: Sinistcha|72\/100|[from] drain|[of] p1a: Grimmsnarl\n|-damage|p1b: Iron Hands|10\/100\n|-heal|p2a: Sinistcha|85\/100|[from] drain|[of] p1b: Iron Hands\n|move|p1b: Iron Hands|Drain Punch|p2b: Farigiraf\n|-enditem|p2b: Farigiraf|Focus Sash\n|-damage|p2b: Farigiraf|1\/100\n|-heal|p1b: Iron Hands|59\/100|[from] drain|[of] p2b: Farigiraf\n|\n|-heal|p2a: Sinistcha|91\/100|[from] Grassy Terrain\n|-heal|p2a: Sinistcha|97\/100|[from] item: Leftovers\n|-heal|p1a: Grimmsnarl|35\/100 brn|[from] Grassy Terrain\n|-heal|p2b: Farigiraf|7\/100|[from] Grassy Terrain\n|-heal|p1b: Iron Hands|66\/100|[from] Grassy Terrain\n|-damage|p1a: Grimmsnarl|29\/100 brn|[from] brn\n|upkeep\n|turn|20\n|inactive|GBarmada has 90 seconds left.\n|\n|t:|1700779279\n|switch|p1a: Clefairy|Clefairy, F, shiny|27\/100 brn\n|-terastallize|p2a: Sinistcha|Grass\n|move|p2a: Sinistcha|Matcha Gotcha|p1b: Iron Hands|[spread] p1a,p1b\n|-damage|p1a: Clefairy|0 fnt\n|-heal|p2a: Sinistcha|100\/100|[from] drain|[of] p1a: Clefairy\n|-damage|p1b: Iron Hands|37\/100\n|faint|p1a: Clefairy\n|move|p2b: Farigiraf|Future Sight|p1b: Iron Hands\n|-start|p2b: Farigiraf|move: Future Sight\n|move|p1b: Iron Hands|Swords Dance|p1b: Iron Hands\n|-boost|p1b: Iron Hands|atk|2\n|\n|-heal|p2b: Farigiraf|13\/100|[from] Grassy Terrain\n|-heal|p1b: Iron Hands|44\/100|[from] Grassy Terrain\n|-fieldend|move: Grassy Terrain\n|upkeep\n|inactive|GBarmada has 60 seconds left.\n|\n|t:|1700779301\n|switch|p1a: Iron Bundle|Iron Bundle|100\/100\n|turn|21\n|inactive|GBarmada has 60 seconds left.\n|\n|t:|1700779319\n|move|p2b: Farigiraf|Ally Switch|p2b: Farigiraf\n|swap|p2b: Farigiraf|0|[from] move: Ally Switch\n|move|p1a: Iron Bundle|Freeze-Dry|p2b: Sinistcha\n|-supereffective|p2b: Sinistcha\n|-crit|p2b: Sinistcha\n|-damage|p2b: Sinistcha|0 fnt\n|faint|p2b: Sinistcha\n|move|p1b: Iron Hands|Drain Punch|p2a: Farigiraf\n|-damage|p2a: Farigiraf|0 fnt\n|-heal|p1b: Iron Hands|50\/100|[from] drain|[of] p2a: Farigiraf\n|faint|p2a: Farigiraf\n|\n|upkeep\n|c|\u2606XYZ15|it didn't get burned rip\n|\n|t:|1700779338\n|switch|p2b: Iron Hands|Iron Hands|35\/100\n|switch|p2a: Rillaboom|Rillaboom, F|100\/100\n|-fieldstart|move: Grassy Terrain|[from] ability: Grassy Surge|[of] p2a: Rillaboom\n|turn|22\n|c|\u2606GBarmada|That is a rip\n|inactive|GBarmada has 60 seconds left.\n|\n|t:|1700779389\n|-end|p1a: Iron Bundle|Quark Drive|[silent]\n|switch|p1a: Grimmsnarl|Grimmsnarl, M|29\/100 brn\n|move|p2b: Iron Hands|Fake Out|p1b: Iron Hands\n|-damage|p1b: Iron Hands|38\/100\n|move|p2a: Rillaboom|Grassy Glide|p1a: Grimmsnarl\n|-damage|p1a: Grimmsnarl|0 fnt\n|faint|p1a: Grimmsnarl\n|cant|p1b: Iron Hands|flinch\n|\n|-end|p1b: Iron Hands|move: Future Sight\n|-supereffective|p1b: Iron Hands\n|-crit|p1b: Iron Hands\n|-damage|p1b: Iron Hands|0 fnt\n|faint|p1b: Iron Hands\n|-end|p1b: Iron Hands|Quark Drive|[silent]\n|-heal|p2b: Iron Hands|41\/100|[from] Grassy Terrain\n|upkeep\n|\n|t:|1700779399\n|switch|p1a: Iron Bundle|Iron Bundle|100\/100\n|switch|p1b: Sneasler|Sneasler, F, shiny|100\/100\n|-enditem|p1b: Sneasler|Grassy Seed\n|-boost|p1b: Sneasler|def|1|[from] item: Grassy Seed\n|turn|23\n|inactive|XYZ15 has 120 seconds left.\n|\n|t:|1700779438\n|switch|p2a: Ursaluna|Ursaluna, F|94\/100 brn\n|move|p1b: Sneasler|Swords Dance|p1b: Sneasler\n|-boost|p1b: Sneasler|atk|2\n|move|p1a: Iron Bundle|Encore|p2b: Iron Hands\n|-start|p2b: Iron Hands|Encore\n|move|p2b: Iron Hands|Fake Out||[still]\n|-hint|Fake Out only works on your first turn out.\n|-fail|p2b: Iron Hands\n|\n|-heal|p2b: Iron Hands|47\/100|[from] Grassy Terrain\n|-heal|p2a: Ursaluna|100\/100 brn|[from] Grassy Terrain\n|-damage|p2a: Ursaluna|94\/100 brn|[from] brn\n|upkeep\n|turn|24\n|inactive|GBarmada has 60 seconds left.\n|\n|t:|1700779458\n|-end|p2b: Iron Hands|Quark Drive|[silent]\n|switch|p2b: Rillaboom|Rillaboom, F|100\/100\n|-terastallize|p1b: Sneasler|Flying\n|move|p2a: Ursaluna|Protect|p2a: Ursaluna\n|-singleturn|p2a: Ursaluna|Protect\n|move|p1b: Sneasler|Acrobatics|p2a: Ursaluna\n|-activate|p2a: Ursaluna|move: Protect\n|move|p1a: Iron Bundle|Freeze-Dry|p2a: Ursaluna\n|-activate|p2a: Ursaluna|move: Protect\n|\n|-heal|p2a: Ursaluna|100\/100 brn|[from] Grassy Terrain\n|-damage|p2a: Ursaluna|94\/100 brn|[from] brn\n|upkeep\n|turn|25\n|\n|t:|1700779471\n|switch|p2a: Iron Hands|Iron Hands|47\/100\n|move|p1b: Sneasler|Protect|p1b: Sneasler\n|-singleturn|p1b: Sneasler|Protect\n|move|p2b: Rillaboom|Grassy Glide|p1a: Iron Bundle\n|-supereffective|p1a: Iron Bundle\n|-enditem|p1a: Iron Bundle|Focus Sash\n|-damage|p1a: Iron Bundle|1\/100\n|move|p1a: Iron Bundle|Taunt|p2a: Iron Hands\n|-start|p2a: Iron Hands|move: Taunt\n|\n|-heal|p1a: Iron Bundle|7\/100|[from] Grassy Terrain\n|-heal|p2a: Iron Hands|53\/100|[from] Grassy Terrain\n|upkeep\n|turn|26\n|c|\u2606GBarmada|These switches are insane\n|inactive|GBarmada has 60 seconds left.\n|c|\u2606XYZ15|mind games\n|\n|t:|1700779510\n|-end|p1a: Iron Bundle|Quark Drive|[silent]\n|switch|p1a: Rillaboom|Rillaboom, F|87\/100 brn\n|move|p2a: Iron Hands|Fake Out|p1b: Sneasler\n|-damage|p1b: Sneasler|87\/100\n|move|p2b: Rillaboom|Grassy Glide|p1a: Rillaboom\n|-resisted|p1a: Rillaboom\n|-damage|p1a: Rillaboom|62\/100 brn\n|cant|p1b: Sneasler|flinch\n|\n|-heal|p1a: Rillaboom|68\/100 brn|[from] Grassy Terrain\n|-heal|p2a: Iron Hands|59\/100|[from] Grassy Terrain\n|-damage|p1a: Rillaboom|62\/100 brn|[from] brn\n|-sideend|p1: GBarmada|move: Light Screen\n|-fieldend|move: Grassy Terrain\n|upkeep\n|turn|27\n|inactive|GBarmada has 60 seconds left.\n|\n|t:|1700779533\n|switch|p2b: Ursaluna|Ursaluna, F|94\/100 brn\n|move|p1a: Rillaboom|Fake Out|p2b: Ursaluna\n|-damage|p2b: Ursaluna|90\/100 brn\n|move|p1b: Sneasler|Acrobatics|p2a: Iron Hands\n|-damage|p2a: Iron Hands|0 fnt\n|faint|p2a: Iron Hands\n|-end|p2a: Iron Hands|Quark Drive|[silent]\n|\n|-damage|p1a: Rillaboom|56\/100 brn|[from] brn\n|-damage|p2b: Ursaluna|84\/100 brn|[from] brn\n|upkeep\n|\n|t:|1700779539\n|switch|p2a: Rillaboom|Rillaboom, F|100\/100\n|-fieldstart|move: Grassy Terrain|[from] ability: Grassy Surge|[of] p2a: Rillaboom\n|turn|28\n|\n|t:|1700779552\n|switch|p1a: Iron Bundle|Iron Bundle|7\/100\n|move|p1b: Sneasler|Protect|p1b: Sneasler\n|-singleturn|p1b: Sneasler|Protect\n|move|p2a: Rillaboom|Grassy Glide|p1b: Sneasler\n|-activate|p1b: Sneasler|move: Protect\n|move|p2b: Ursaluna|Rock Slide|p1a: Iron Bundle|[spread] p1a\n|-activate|p1b: Sneasler|move: Protect\n|-supereffective|p1a: Iron Bundle\n|-damage|p1a: Iron Bundle|0 fnt\n|faint|p1a: Iron Bundle\n|-end|p1a: Iron Bundle|Quark Drive|[silent]\n|\n|-heal|p2b: Ursaluna|90\/100 brn|[from] Grassy Terrain\n|-damage|p2b: Ursaluna|84\/100 brn|[from] brn\n|upkeep\n|inactive|GBarmada has 90 seconds left.\n|\n|t:|1700779563\n|switch|p1a: Rillaboom|Rillaboom, F|56\/100 brn\n|turn|29\n|\n|t:|1700779579\n|move|p1a: Rillaboom|Fake Out|p2b: Ursaluna\n|-damage|p2b: Ursaluna|79\/100 brn\n|move|p2a: Rillaboom|Grassy Glide|p1b: Sneasler\n|-resisted|p1b: Sneasler\n|-damage|p1b: Sneasler|63\/100\n|move|p1b: Sneasler|Acrobatics|p2a: Rillaboom\n|-supereffective|p2a: Rillaboom\n|-damage|p2a: Rillaboom|0 fnt\n|faint|p2a: Rillaboom\n|cant|p2b: Ursaluna|flinch\n|\n|-heal|p1a: Rillaboom|62\/100 brn|[from] Grassy Terrain\n|-heal|p2b: Ursaluna|86\/100 brn|[from] Grassy Terrain\n|-damage|p1a: Rillaboom|56\/100 brn|[from] brn\n|-damage|p2b: Ursaluna|79\/100 brn|[from] brn\n|upkeep\n|turn|30\n|inactive|GBarmada has 120 seconds left.\n|c|\u2606XYZ15|gg\n|c|\u2606GBarmada|GG WP\n|\n|t:|1700779597\n|move|p1b: Sneasler|Close Combat|p2b: Ursaluna\n|-supereffective|p2b: Ursaluna\n|-damage|p2b: Ursaluna|0 fnt\n|-unboost|p1b: Sneasler|def|1\n|-unboost|p1b: Sneasler|spd|1\n|faint|p2b: Ursaluna\n|\n|win|GBarmada\n|raw|GBarmada's rating: 1375 &rarr; <strong>1392<\/strong><br \/>(+17 for winning)\n|raw|XYZ15's rating: 1319 &rarr; <strong>1302<\/strong><br \/>(-17 for losing)\n|l|\u2606XYZ15\n","uploadtime":1700779621,"views":7,"p1id":"gbarmada","p2id":"xyz15","formatid":"gen9doublesou","rating":1302,"private":0,"password":""}