{"id":"gen9doublesou-1993632517","p1":"Juanix SG","p2":"prototype1300","format":"[Gen 9] Doubles OU","log":"|j|\u2606Juanix SG\n|j|\u2606prototype1300\n|t:|1700339628\n|gametype|doubles\n|player|p1|Juanix SG|cynthia|1000\n|player|p2|prototype1300|depotagent|1046\n|teamsize|p1|6\n|teamsize|p2|6\n|gen|9\n|tier|[Gen 9] Doubles OU\n|rated|\n|rule|Species Clause: Limit one of each Pok\u00e9mon\n|rule|OHKO Clause: OHKO moves are banned\n|rule|Evasion Moves Clause: Evasion moves are banned\n|rule|Gravity Sleep Clause: The combination of sleep-inducing moves with imperfect accuracy and Gravity or Gigantamax Orbeetle are banned\n|rule|Endless Battle Clause: Forcing endless battles is banned\n|rule|HP Percentage Mod: HP is shown in percentages\n|clearpoke\n|poke|p1|Iron Hands|\n|poke|p1|Quaquaval, M|\n|poke|p1|Lucario, M|\n|poke|p1|Breloom, M|\n|poke|p1|Great Tusk|\n|poke|p1|Iron Valiant|\n|poke|p2|Ogerpon-Hearthflame, F|\n|poke|p2|Gallade, M|\n|poke|p2|Chien-Pao|\n|poke|p2|Ceruledge, M|\n|poke|p2|Rillaboom, M|\n|poke|p2|Torkoal, M|\n|teampreview\n|\n|t:|1700339648\n|start\n|switch|p1a: Iron Hands|Iron Hands|100\/100\n|switch|p1b: Great Tusk|Great Tusk|100\/100\n|switch|p2a: Rillaboom|Rillaboom, M|100\/100\n|switch|p2b: Torkoal|Torkoal, M|100\/100\n|-fieldstart|move: Grassy Terrain|[from] ability: Grassy Surge|[of] p2a: Rillaboom\n|-weather|SunnyDay|[from] ability: Drought|[of] p2b: Torkoal\n|-activate|p1b: Great Tusk|ability: Protosynthesis\n|-start|p1b: Great Tusk|protosynthesisdef\n|turn|1\n|inactive|Battle timer is ON: inactive players will automatically lose when time's up. (requested by Juanix SG)\n|inactive|prototype1300 has 120 seconds left.\n|\n|t:|1700339684\n|move|p2a: Rillaboom|Fake Out|p1b: Great Tusk\n|-damage|p1b: Great Tusk|96\/100\n|-damage|p2a: Rillaboom|84\/100|[from] item: Rocky Helmet|[of] p1b: Great Tusk\n|move|p1a: Iron Hands|Fake Out|p2a: Rillaboom\n|-damage|p2a: Rillaboom|65\/100\n|cant|p1b: Great Tusk|flinch\n|move|p2b: Torkoal|Solar Beam||[still]\n|-prepare|p2b: Torkoal|Solar Beam\n|-anim|p2b: Torkoal|Solar Beam|p1b: Great Tusk\n|-supereffective|p1b: Great Tusk\n|-damage|p1b: Great Tusk|0 fnt\n|faint|p1b: Great Tusk\n|-end|p1b: Great Tusk|Protosynthesis|[silent]\n|-damage|p2b: Torkoal|91\/100|[from] item: Life Orb\n|\n|-weather|SunnyDay|[upkeep]\n|-heal|p2a: Rillaboom|71\/100|[from] Grassy Terrain\n|-heal|p2b: Torkoal|97\/100|[from] Grassy Terrain\n|upkeep\n|\n|t:|1700339698\n|switch|p1b: Iron Valiant|Iron Valiant, shiny|100\/100\n|turn|2\n|\n|t:|1700339726\n|move|p1b: Iron Valiant|Psychic|p2a: Rillaboom\n|-damage|p2a: Rillaboom|40\/100\n|-damage|p1b: Iron Valiant|91\/100|[from] item: Life Orb\n|move|p2a: Rillaboom|Solar Blade||[still]\n|-prepare|p2a: Rillaboom|Solar Blade\n|-anim|p2a: Rillaboom|Solar Blade|p1b: Iron Valiant\n|-damage|p1b: Iron Valiant|0 fnt\n|faint|p1b: Iron Valiant\n|-end|p1b: Iron Valiant|Quark Drive|[silent]\n|move|p1a: Iron Hands|Drain Punch|p2b: Torkoal\n|-crit|p2b: Torkoal\n|-damage|p2b: Torkoal|33\/100\n|move|p2b: Torkoal|Eruption|p1a: Iron Hands\n|-damage|p1a: Iron Hands|80\/100\n|-damage|p2b: Torkoal|23\/100|[from] item: Life Orb\n|\n|-weather|SunnyDay|[upkeep]\n|-heal|p2a: Rillaboom|46\/100|[from] Grassy Terrain\n|-heal|p1a: Iron Hands|86\/100|[from] Grassy Terrain\n|-heal|p2b: Torkoal|29\/100|[from] Grassy Terrain\n|upkeep\n|inactive|Juanix SG has 120 seconds left.\n|\n|t:|1700339743\n|switch|p1b: Quaquaval|Quaquaval, M, shiny|100\/100\n|turn|3\n|\n|t:|1700339770\n|switch|p2a: Gallade|Gallade, M|100\/100\n|-enditem|p2a: Gallade|Grassy Seed\n|-boost|p2a: Gallade|def|1|[from] item: Grassy Seed\n|switch|p2b: Chien-Pao|Chien-Pao|100\/100\n|-ability|p2b: Chien-Pao|Sword of Ruin\n|move|p1b: Quaquaval|Ice Spinner|p2a: Gallade\n|-damage|p2a: Gallade|46\/100\n|-fieldend|move: Grassy Terrain\n|-damage|p1b: Quaquaval|91\/100|[from] item: Life Orb\n|move|p1a: Iron Hands|Drain Punch|p2b: Chien-Pao\n|-supereffective|p2b: Chien-Pao\n|-enditem|p2b: Chien-Pao|Focus Sash\n|-damage|p2b: Chien-Pao|1\/100\n|-heal|p1a: Iron Hands|100\/100|[from] drain|[of] p2b: Chien-Pao\n|\n|-weather|SunnyDay|[upkeep]\n|upkeep\n|turn|4\n|\n|t:|1700339797\n|move|p2b: Chien-Pao|Protect|p2b: Chien-Pao\n|-singleturn|p2b: Chien-Pao|Protect\n|move|p1b: Quaquaval|Aqua Step|p2b: Chien-Pao\n|-activate|p2b: Chien-Pao|move: Protect\n|move|p2a: Gallade|Solar Blade||[still]\n|-prepare|p2a: Gallade|Solar Blade\n|-anim|p2a: Gallade|Solar Blade|p1b: Quaquaval\n|-supereffective|p1b: Quaquaval\n|-damage|p1b: Quaquaval|0 fnt\n|faint|p1b: Quaquaval\n|move|p1a: Iron Hands|Thunder Punch|p2a: Gallade\n|-damage|p2a: Gallade|0 fnt\n|faint|p2a: Gallade\n|\n|-weather|SunnyDay|[upkeep]\n|upkeep\n|\n|t:|1700339818\n|switch|p1b: Breloom|Breloom, M, shiny|100\/100\n|switch|p2a: Ceruledge|Ceruledge, M|100\/100\n|turn|5\n|\n|t:|1700339832\n|move|p2b: Chien-Pao|Sacred Sword|p1a: Iron Hands\n|-damage|p1a: Iron Hands|76\/100\n|move|p2a: Ceruledge|Bitter Blade|p1b: Breloom\n|-supereffective|p1b: Breloom\n|-crit|p1b: Breloom\n|-enditem|p1b: Breloom|Focus Sash\n|-damage|p1b: Breloom|1\/100\n|move|p1b: Breloom|Substitute|p1b: Breloom\n|-fail|p1b: Breloom|move: Substitute|[weak]\n|move|p1a: Iron Hands|Earthquake|p2a: Ceruledge|[spread] p1b,p2a,p2b\n|-resisted|p1b: Breloom\n|-supereffective|p2a: Ceruledge\n|-damage|p1b: Breloom|0 fnt\n|-damage|p2a: Ceruledge|0 fnt\n|-damage|p2b: Chien-Pao|0 fnt\n|faint|p1b: Breloom\n|faint|p2a: Ceruledge\n|faint|p2b: Chien-Pao\n|\n|-weather|none\n|upkeep\n|\n|t:|1700339850\n|switch|p2b: Ogerpon|Ogerpon-Hearthflame, F|100\/100\n|switch|p2a: Torkoal|Torkoal, M|29\/100\n|switch|p1b: Lucario|Lucario, M, shiny|100\/100\n|-ability|p2b: Ogerpon|Mold Breaker\n|-weather|SunnyDay|[from] ability: Drought|[of] p2a: Torkoal\n|turn|6\n|inactive|prototype1300 has 120 seconds left.\n|\n|t:|1700339884\n|-terastallize|p2b: Ogerpon|Fire\n|detailschange|p2b: Ogerpon|Ogerpon-Hearthflame-Tera, F, tera:Fire\n|-ability|p2b: Ogerpon|Embody Aspect (Hearthflame)|boost\n|-boost|p2b: Ogerpon|atk|1\n|-terastallize|p1a: Iron Hands|Electric\n|move|p1b: Lucario|Extreme Speed|p2a: Torkoal\n|-damage|p2a: Torkoal|0 fnt\n|faint|p2a: Torkoal\n|-damage|p1b: Lucario|91\/100|[from] item: Life Orb\n|move|p2b: Ogerpon|Ivy Cudgel|p1a: Iron Hands|[anim] Ivy Cudgel Fire\n|-damage|p1a: Iron Hands|0 fnt\n|faint|p1a: Iron Hands\n|-end|p1a: Iron Hands|Quark Drive|[silent]\n|\n|-weather|SunnyDay|[upkeep]\n|upkeep\n|inactive|prototype1300 has 120 seconds left.\n|\n|t:|1700339898\n|switch|p2a: Rillaboom|Rillaboom, M|46\/100\n|-fieldstart|move: Grassy Terrain|[from] ability: Grassy Surge|[of] p2a: Rillaboom\n|turn|7\n|\n|t:|1700339908\n|move|p2a: Rillaboom|Fake Out|p1b: Lucario\n|-resisted|p1b: Lucario\n|-damage|p1b: Lucario|78\/100\n|move|p2b: Ogerpon|Ivy Cudgel|p1b: Lucario|[anim] Ivy Cudgel Fire\n|-supereffective|p1b: Lucario\n|-crit|p1b: Lucario\n|-damage|p1b: Lucario|0 fnt\n|faint|p1b: Lucario\n|\n|win|prototype1300\n|raw|Juanix SG's rating: 1000 &rarr; <strong>1000<\/strong><br \/>(+0 for losing)\n|raw|prototype1300's rating: 1046 &rarr; <strong>1075<\/strong><br \/>(+29 for winning)\n|l|\u2606Juanix SG\n","uploadtime":1700340062,"views":16,"p1id":"juanixsg","p2id":"prototype1300","formatid":"gen9doublesou","rating":1000,"private":0,"password":""}