{"id":"gen9doublesou-1999906328","p1":"Martin80","p2":"AminitraboTTT","format":"[Gen 9] Doubles OU","log":"|j|\u2606Martin80\n|j|\u2606AminitraboTTT\n|t:|1701128577\n|gametype|doubles\n|player|p1|Martin80|hugh|\n|player|p2|AminitraboTTT|supernerd|\n|teamsize|p1|6\n|teamsize|p2|6\n|gen|9\n|tier|[Gen 9] Doubles OU\n|rule|Species Clause: Limit one of each Pok\u00e9mon\n|rule|OHKO Clause: OHKO moves are banned\n|rule|Evasion Moves Clause: Evasion moves are banned\n|rule|Gravity Sleep Clause: The combination of sleep-inducing moves with imperfect accuracy and Gravity or Gigantamax Orbeetle are banned\n|rule|Endless Battle Clause: Forcing endless battles is banned\n|rule|HP Percentage Mod: HP is shown in percentages\n|clearpoke\n|poke|p1|Garganacl, F|\n|poke|p1|Tinkaton, F|\n|poke|p1|Lokix, F|\n|poke|p1|Quaquaval, F|\n|poke|p1|Arboliva, F|\n|poke|p1|Ceruledge, F|\n|poke|p2|Pelipper, M|\n|poke|p2|Kingambit, F|\n|poke|p2|Iron Bundle|\n|poke|p2|Palafin, F|\n|poke|p2|Tsareena, F|\n|poke|p2|Chien-Pao|\n|teampreview\n|c|\u2606AminitraboTTT|Hola, soy AminitraboTTT, el bot de la sala Espa\u00f1ol. gl hf\n|inactive|Battle timer is ON: inactive players will automatically lose when time's up. (requested by AminitraboTTT)\n|\n|t:|1701128582\n|start\n|switch|p1a: Tinkaton|Tinkaton, F, shiny|100\/100\n|switch|p1b: Bichota|Lokix, F, shiny|100\/100\n|switch|p2a: Pelipper|Pelipper, M|100\/100\n|switch|p2b: Tsareena|Tsareena, F|100\/100\n|-weather|RainDance|[from] ability: Drizzle|[of] p2a: Pelipper\n|turn|1\n|\n|t:|1701128595\n|-terastallize|p2a: Pelipper|Grass\n|move|p1a: Tinkaton|Skitter Smack|p2a: Pelipper\n|-supereffective|p2a: Pelipper\n|-damage|p2a: Pelipper|73\/100\n|-unboost|p2a: Pelipper|spa|1\n|-enditem|p2a: Pelipper|Eject Button\n|\n|t:|1701128595\n|switch|p2a: Palafin|Palafin, F|100\/100\n|move|p1b: Bichota|U-turn|p2b: Tsareena\n|-supereffective|p2b: Tsareena\n|-damage|p2b: Tsareena|19\/100\n|c|\u2606Martin80|nuh uh\n|\n|t:|1701128609\n|switch|p1b: Ceruledge|Ceruledge, F, shiny|100\/100|[from] U-turn\n|move|p2b: Tsareena|U-turn|p1b: Ceruledge\n|-resisted|p1b: Ceruledge\n|-damage|p1b: Ceruledge|94\/100\n|-ability|p1b: Ceruledge|Weak Armor|boost\n|-unboost|p1b: Ceruledge|def|1\n|-boost|p1b: Ceruledge|spe|2\n|\n|t:|1701128610\n|switch|p2b: Iron Bundle|Iron Bundle|100\/100|[from] U-turn\n|-enditem|p2b: Iron Bundle|Booster Energy\n|-activate|p2b: Iron Bundle|ability: Quark Drive|[fromitem]\n|-start|p2b: Iron Bundle|quarkdrivespe\n|\n|-weather|RainDance|[upkeep]\n|upkeep\n|turn|2\n|\n|t:|1701128624\n|move|p1b: Ceruledge|Endure|p1b: Ceruledge\n|-singleturn|p1b: Ceruledge|move: Endure\n|move|p2b: Iron Bundle|Hydro Pump|p1b: Ceruledge\n|-supereffective|p1b: Ceruledge\n|-activate|p1b: Ceruledge|move: Endure\n|-damage|p1b: Ceruledge|1\/100\n|-enditem|p1b: Ceruledge|Weakness Policy\n|-boost|p1b: Ceruledge|atk|2|[from] item: Weakness Policy\n|-boost|p1b: Ceruledge|spa|2|[from] item: Weakness Policy\n|move|p1a: Tinkaton|Skitter Smack|p2b: Iron Bundle\n|-damage|p2b: Iron Bundle|87\/100\n|-unboost|p2b: Iron Bundle|spa|1\n|move|p2a: Palafin|Wave Crash|p1b: Ceruledge\n|-supereffective|p1b: Ceruledge\n|-activate|p1b: Ceruledge|move: Endure\n|-damage|p1b: Ceruledge|1\/100\n|-ability|p1b: Ceruledge|Weak Armor|boost\n|-unboost|p1b: Ceruledge|def|1\n|-boost|p1b: Ceruledge|spe|2\n|\n|-weather|RainDance|[upkeep]\n|upkeep\n|turn|3\n|\n|t:|1701128650\n|move|p1a: Tinkaton|Helping Hand|p1b: Ceruledge\n|-singleturn|p1b: Ceruledge|Helping Hand|[of] p1a: Tinkaton\n|move|p1b: Ceruledge|Bitter Blade|p2b: Iron Bundle\n|-damage|p2b: Iron Bundle|23\/100\n|-heal|p1b: Ceruledge|35\/100|[from] drain|[of] p2b: Iron Bundle\n|move|p2b: Iron Bundle|Hydro Pump|p1b: Ceruledge\n|-supereffective|p1b: Ceruledge\n|-damage|p1b: Ceruledge|0 fnt\n|faint|p1b: Ceruledge\n|move|p2a: Palafin|Wave Crash|p1a: Tinkaton\n|-damage|p1a: Tinkaton|0 fnt\n|faint|p1a: Tinkaton\n|-damage|p2a: Palafin|73\/100|[from] Recoil\n|\n|-weather|RainDance|[upkeep]\n|upkeep\n|inactive|Martin80 has 270 seconds left.\n|\n|t:|1701128666\n|switch|p1a: Bichota|Lokix, F, shiny|100\/100\n|switch|p1b: Jolyne|Quaquaval, F, shiny|100\/100\n|turn|4\n|\n|t:|1701128676\n|move|p2b: Iron Bundle|Hydro Pump|p1a: Bichota\n|-damage|p1a: Bichota|19\/100\n|move|p1a: Bichota|U-turn|p2b: Iron Bundle\n|-damage|p2b: Iron Bundle|0 fnt\n|faint|p2b: Iron Bundle\n|-end|p2b: Iron Bundle|Quark Drive|[silent]\n|\n|t:|1701128682\n|switch|p1a: Arboliva|Arboliva, F, shiny|100\/100|[from] U-turn\n|move|p1b: Jolyne|Swords Dance|p1b: Jolyne\n|-boost|p1b: Jolyne|atk|2\n|move|p2a: Palafin|Wave Crash|p1a: Arboliva\n|-resisted|p1a: Arboliva\n|-damage|p1a: Arboliva|58\/100\n|-fieldstart|move: Grassy Terrain|[from] ability: Seed Sower|[of] p1a: Arboliva\n|-enditem|p1a: Arboliva|Grassy Seed\n|-boost|p1a: Arboliva|def|1|[from] item: Grassy Seed\n|-damage|p2a: Palafin|59\/100|[from] Recoil\n|\n|-weather|RainDance|[upkeep]\n|-heal|p2a: Palafin|66\/100|[from] Grassy Terrain\n|-heal|p1a: Arboliva|64\/100|[from] Grassy Terrain\n|upkeep\n|\n|t:|1701128682\n|switch|p2b: Tsareena|Tsareena, F|19\/100\n|turn|5\n|\n|t:|1701128704\n|move|p1b: Jolyne|Aqua Step|p2b: Tsareena\n|-resisted|p2b: Tsareena\n|-damage|p2b: Tsareena|0 fnt\n|-boost|p1b: Jolyne|spe|1\n|faint|p2b: Tsareena\n|-ability|p1b: Jolyne|Moxie|boost\n|-boost|p1b: Jolyne|atk|1\n|move|p2a: Palafin|Wave Crash|p1b: Jolyne\n|-resisted|p1b: Jolyne\n|-damage|p1b: Jolyne|34\/100\n|-damage|p2a: Palafin|47\/100|[from] Recoil\n|move|p1a: Arboliva|Dazzling Gleam|p2a: Palafin\n|-damage|p2a: Palafin|16\/100\n|\n|-weather|none\n|-heal|p1b: Jolyne|40\/100|[from] Grassy Terrain\n|-heal|p2a: Palafin|22\/100|[from] Grassy Terrain\n|-heal|p1a: Arboliva|70\/100|[from] Grassy Terrain\n|upkeep\n|\n|t:|1701128704\n|switch|p2b: Chien-Pao|Chien-Pao|100\/100\n|-ability|p2b: Chien-Pao|Sword of Ruin\n|turn|6\n|\n|t:|1701128732\n|move|p1b: Jolyne|Aqua Step|p2a: Palafin\n|-resisted|p2a: Palafin\n|-damage|p2a: Palafin|0 fnt\n|-boost|p1b: Jolyne|spe|1\n|faint|p2a: Palafin\n|-ability|p1b: Jolyne|Moxie|boost\n|-boost|p1b: Jolyne|atk|1\n|move|p2b: Chien-Pao|Sacred Sword|p1a: Arboliva\n|-supereffective|p1a: Arboliva\n|-damage|p1a: Arboliva|2\/100\n|move|p1a: Arboliva|Giga Drain|p2b: Chien-Pao\n|-damage|p2b: Chien-Pao|29\/100\n|-heal|p1a: Arboliva|32\/100|[from] drain|[of] p2b: Chien-Pao\n|\n|-heal|p1b: Jolyne|46\/100|[from] Grassy Terrain\n|-heal|p2b: Chien-Pao|35\/100|[from] Grassy Terrain\n|-heal|p1a: Arboliva|38\/100|[from] Grassy Terrain\n|upkeep\n|\n|t:|1701128732\n|switch|p2a: Pelipper|Pelipper, M, tera:Grass|73\/100\n|-weather|RainDance|[from] ability: Drizzle|[of] p2a: Pelipper\n|turn|7\n|\n|t:|1701128754\n|move|p1b: Jolyne|Close Combat|p2a: Pelipper\n|-damage|p2a: Pelipper|0 fnt\n|-unboost|p1b: Jolyne|def|1\n|-unboost|p1b: Jolyne|spd|1\n|faint|p2a: Pelipper\n|-ability|p1b: Jolyne|Moxie|boost\n|-boost|p1b: Jolyne|atk|1\n|move|p2b: Chien-Pao|Sacred Sword|p1a: Arboliva\n|-supereffective|p1a: Arboliva\n|-damage|p1a: Arboliva|0 fnt\n|faint|p1a: Arboliva\n|\n|-weather|RainDance|[upkeep]\n|-heal|p1b: Jolyne|52\/100|[from] Grassy Terrain\n|-heal|p2b: Chien-Pao|41\/100|[from] Grassy Terrain\n|upkeep\n|c|\u2606Martin80|hay que estar pendejo\n|\n|t:|1701128771\n|switch|p2a: Kingambit|Kingambit, F|100\/100\n|switch|p1a: Bichota|Lokix, F, shiny|19\/100\n|turn|8\n|\n|t:|1701128781\n|move|p1b: Jolyne|Aqua Step|p2b: Chien-Pao\n|-damage|p2b: Chien-Pao|0 fnt\n|-boost|p1b: Jolyne|spe|1\n|faint|p2b: Chien-Pao\n|-ability|p1b: Jolyne|Moxie|boost\n|-boost|p1b: Jolyne|atk|1\n|move|p1a: Bichota|Leech Life|p2a: Kingambit\n|-damage|p2a: Kingambit|62\/100\n|-heal|p1a: Bichota|46\/100|[from] drain|[of] p2a: Kingambit\n|move|p2a: Kingambit|Iron Head|p1a: Bichota\n|-damage|p1a: Bichota|0 fnt\n|faint|p1a: Bichota\n|\n|-weather|RainDance|[upkeep]\n|-heal|p1b: Jolyne|58\/100|[from] Grassy Terrain\n|-heal|p2a: Kingambit|69\/100|[from] Grassy Terrain\n|-fieldend|move: Grassy Terrain\n|upkeep\n|\n|t:|1701128797\n|switch|p1a: Golemcita|Garganacl, F, shiny|100\/100\n|turn|9\n|\n|t:|1701128801\n|move|p1b: Jolyne|Close Combat|p2a: Kingambit\n|-supereffective|p2a: Kingambit\n|-damage|p2a: Kingambit|0 fnt\n|-unboost|p1b: Jolyne|def|1\n|-unboost|p1b: Jolyne|spd|1\n|faint|p2a: Kingambit\n|\n|win|Martin80\n|c|\u2606AminitraboTTT|gg\n|l|\u2606AminitraboTTT\n|c|\u2606Martin80|ez lmao\n","uploadtime":1701128809,"views":11,"p1id":"martin80","p2id":"aminitrabottt","formatid":"gen9doublesou","rating":0,"private":0,"password":""}