{"id":"gen9doublesou-1991164202","p1":"ranis_elh","p2":"SeattleShinyShinx","format":"[Gen 9] Doubles OU","log":"|j|\u2606ranis_elh\n|j|\u2606SeattleShinyShinx\n|inactive|Battle timer is ON: inactive players will automatically lose when time's up.\n|t:|1700052311\n|gametype|doubles\n|player|p1|ranis_elh|ghetsis|\n|player|p2|SeattleShinyShinx|wallace|\n|teamsize|p1|6\n|teamsize|p2|3\n|gen|9\n|tier|[Gen 9] Doubles OU\n|rated|Tournament battle\n|rule|Species Clause: Limit one of each Pok\u00e9mon\n|rule|OHKO Clause: OHKO moves are banned\n|rule|Evasion Moves Clause: Evasion moves are banned\n|rule|Gravity Sleep Clause: The combination of sleep-inducing moves with imperfect accuracy and Gravity or Gigantamax Orbeetle are banned\n|rule|Endless Battle Clause: Forcing endless battles is banned\n|rule|HP Percentage Mod: HP is shown in percentages\n|rule|2 Ability Clause: Limit 2 of each ability\n|clearpoke\n|poke|p1|Ninetales-Alola, F|\n|poke|p1|Manaphy|\n|poke|p1|Pelipper, F|\n|poke|p1|Palafin, M|\n|poke|p1|Amoonguss, M|\n|poke|p1|Ogerpon-Hearthflame, F|\n|poke|p2|Arcanine-Hisui, F|\n|poke|p2|Frogadier, M|\n|poke|p2|Perrserker, M|\n|teampreview\n|j|*Lady Monita \u2746\n|inactive|ranis_elh also wants the timer to be on.\n|c|\u2606SeattleShinyShinx|Oops\n|c|\u2606ranis_elh|hello\n|c|\u2606SeattleShinyShinx|Well\n|j| Giga\u32dbChandelure-\u2602\n|\n|t:|1700052337\n|start\n|switch|p1a: Ninetales|Ninetales-Alola, F, shiny|100\/100\n|switch|p1b: Manaphy|Manaphy|100\/100\n|switch|p2a: Arcanine|Arcanine-Hisui, F|100\/100\n|switch|p2b: Perrserker|Perrserker, M|100\/100\n|-weather|Snow|[from] ability: Snow Warning|[of] p1a: Ninetales\n|-ability|p2b: Perrserker|Sword of Ruin\n|turn|1\n|c| Giga\u32dbChandelure-\u2602|go go ranis_elh\n|\n|t:|1700052367\n|-terastallize|p2a: Arcanine|Fire\n|move|p2b: Perrserker|Fake Out|p1b: Manaphy\n|-damage|p1b: Manaphy|85\/100\n|move|p2a: Arcanine|Raging Fury|p1a: Ninetales\n|-supereffective|p1a: Ninetales\n|-damage|p1a: Ninetales|0 fnt\n|faint|p1a: Ninetales\n|cant|p1b: Manaphy|flinch\n|\n|-weather|Snow|[upkeep]\n|-heal|p1b: Manaphy|92\/100|[from] item: Leftovers\n|upkeep\n|c|\u2606ranis_elh|c la premiere fois en duo\n|\n|t:|1700052381\n|switch|p1a: Pelipper|Pelipper, F, shiny|100\/100\n|-weather|RainDance|[from] ability: Drizzle|[of] p1a: Pelipper\n|turn|2\n|\n|t:|1700052395\n|move|p2a: Arcanine|Raging Fury|p1b: Manaphy|[from]lockedmove\n|-resisted|p1b: Manaphy\n|-damage|p1b: Manaphy|68\/100\n|move|p1b: Manaphy|Surf|p2a: Arcanine|[spread] p1a,p2a,p2b\n|-resisted|p1a: Pelipper\n|-supereffective|p2a: Arcanine\n|-damage|p1a: Pelipper|68\/100\n|-damage|p2a: Arcanine|0 fnt\n|-damage|p2b: Perrserker|16\/100\n|-enditem|p2b: Perrserker|Sitrus Berry|[eat]\n|-heal|p2b: Perrserker|41\/100|[from] item: Sitrus Berry\n|faint|p2a: Arcanine\n|move|p2b: Perrserker|Knock Off|p1b: Manaphy\n|-damage|p1b: Manaphy|34\/100\n|-enditem|p1b: Manaphy|Leftovers|[from] move: Knock Off|[of] p2b: Perrserker\n|move|p1a: Pelipper|U-turn|p2b: Perrserker\n|-resisted|p2b: Perrserker\n|-damage|p2b: Perrserker|36\/100\n|\n|t:|1700052412\n|switch|p1a: Palafin|Palafin, M|100\/100|[from] U-turn\n|\n|-weather|RainDance|[upkeep]\n|upkeep\n|\n|t:|1700052416\n|switch|p2a: Frogadier|Frogadier, M|100\/100\n|turn|3\n|\n|t:|1700052430\n|move|p1a: Palafin|Drain Punch|p2b: Perrserker\n|-supereffective|p2b: Perrserker\n|-damage|p2b: Perrserker|0 fnt\n|faint|p2b: Perrserker\n|move|p2a: Frogadier|Swords Dance|p2a: Frogadier\n|-boost|p2a: Frogadier|atk|2\n|move|p1b: Manaphy|Shadow Ball|p2a: Frogadier\n|-damage|p2a: Frogadier|83\/100\n|\n|-weather|RainDance|[upkeep]\n|upkeep\n|turn|4\n|\n|t:|1700052454\n|move|p1a: Palafin|Drain Punch|p2a: Frogadier\n|-damage|p2a: Frogadier|58\/100\n|move|p2a: Frogadier|Liquidation|p1b: Manaphy\n|-resisted|p1b: Manaphy\n|-damage|p1b: Manaphy|0 fnt\n|faint|p1b: Manaphy\n|\n|-weather|RainDance|[upkeep]\n|upkeep\n|\n|t:|1700052464\n|switch|p1b: Amoonguss|Amoonguss, M, shiny|100\/100\n|turn|5\n|\n|t:|1700052475\n|-terastallize|p1b: Amoonguss|Grass\n|move|p1a: Palafin|Drain Punch|p2a: Frogadier\n|-damage|p2a: Frogadier|31\/100\n|move|p2a: Frogadier|Ice Punch|p1b: Amoonguss\n|-supereffective|p1b: Amoonguss\n|-damage|p1b: Amoonguss|30\/100\n|-damage|p2a: Frogadier|15\/100|[from] item: Rocky Helmet|[of] p1b: Amoonguss\n|move|p1b: Amoonguss|Spore|p2a: Frogadier\n|-status|p2a: Frogadier|slp|[from] move: Spore\n|\n|-weather|RainDance|[upkeep]\n|upkeep\n|turn|6\n|-message|SeattleShinyShinx forfeited.\n|\n|win|ranis_elh\n|n|\u2606ranis_elh|raniselh\n|n|\u2606SeattleShinyShinx|seattleshinyshinx\n|n|*Lady Monita \u2746|ladymonita\n|n| Giga\u32dbChandelure-\u2602|gigachandelure\n|l|*Lady Monita \u2746\n|l|\u2606SeattleShinyShinx\n|c|\u2606ranis_elh|j'ai gagn\u00e9\n|l|\u2606ranis_elh\n|l| Giga\u32dbChandelure-\u2602\n|j| Giga\u32dbChandelure-\u2602\n","uploadtime":1700052696,"views":7,"p1id":"raniselh","p2id":"seattleshinyshinx","formatid":"gen9doublesou","rating":0,"private":0,"password":""}