{"id":"gen9doublesou-1986563303","p1":"Travenant Forestry","p2":"Bugcatcher1045","format":"[Gen 9] Doubles OU","log":"|j|\u2606Travenant Forestry\n|j|\u2606Bugcatcher1045\n|t:|1699492367\n|gametype|doubles\n|player|p1|Travenant Forestry|101|1087\n|player|p2|Bugcatcher1045|rocket-gen1rb|1149\n|teamsize|p1|6\n|teamsize|p2|6\n|gen|9\n|tier|[Gen 9] Doubles OU\n|rated|\n|rule|Species Clause: Limit one of each Pok\u00e9mon\n|rule|OHKO Clause: OHKO moves are banned\n|rule|Evasion Moves Clause: Evasion moves are banned\n|rule|Gravity Sleep Clause: The combination of sleep-inducing moves with imperfect accuracy and Gravity or Gigantamax Orbeetle are banned\n|rule|Endless Battle Clause: Forcing endless battles is banned\n|rule|HP Percentage Mod: HP is shown in percentages\n|clearpoke\n|poke|p1|Salazzle, F|\n|poke|p1|Fezandipiti, M|\n|poke|p1|Toxapex, F|\n|poke|p1|Glimmora, M|\n|poke|p1|Iron Moth|\n|poke|p1|Gliscor, M|\n|poke|p2|Grimmsnarl, M|\n|poke|p2|Meowscarada, F|\n|poke|p2|Goodra-Hisui, F|\n|poke|p2|Weezing-Galar, F|\n|poke|p2|Heatran, M|\n|poke|p2|Regieleki|\n|teampreview\n|\n|t:|1699492393\n|start\n|switch|p1a: Fezandipiti|Fezandipiti, M|100\/100\n|switch|p1b: Gliscor|Gliscor, M, shiny|100\/100\n|switch|p2a: Grimmsnarl|Grimmsnarl, M|100\/100\n|switch|p2b: Regieleki|Regieleki|100\/100\n|turn|1\n|inactive|Battle timer is ON: inactive players will automatically lose when time's up. (requested by Travenant Forestry)\n|\n|t:|1699492410\n|move|p2a: Grimmsnarl|Fake Out|p1a: Fezandipiti\n|-damage|p1a: Fezandipiti|87\/100\n|move|p2b: Regieleki|Volt Switch|p1a: Fezandipiti\n|-damage|p1a: Fezandipiti|53\/100\n|\n|t:|1699492419\n|switch|p2b: Goodra|Goodra-Hisui, F|100\/100|[from] Volt Switch\n|cant|p1a: Fezandipiti|flinch\n|move|p1b: Gliscor|Tailwind|p1b: Gliscor\n|-sidestart|p1: Travenant Forestry|move: Tailwind\n|\n|-status|p1b: Gliscor|tox|[from] item: Toxic Orb\n|upkeep\n|turn|2\n|\n|t:|1699492447\n|switch|p1a: Glimmora|Glimmora, M, shiny|100\/100\n|move|p2a: Grimmsnarl|Parting Shot|p1b: Gliscor\n|-unboost|p1b: Gliscor|atk|1\n|-unboost|p1b: Gliscor|spa|1\n|\n|t:|1699492453\n|switch|p2a: Weezing|Weezing-Galar, F|100\/100|[from] Parting Shot\n|-fieldstart|move: Misty Terrain|[from] ability: Misty Surge|[of] p2a: Weezing\n|move|p1b: Gliscor|Earth Power|p2b: Goodra\n|-supereffective|p2b: Goodra\n|-damage|p2b: Goodra|77\/100\n|move|p2b: Goodra|Heavy Slam|p1a: Glimmora\n|-supereffective|p1a: Glimmora\n|-damage|p1a: Glimmora|0 fnt\n|-activate|p1a: Glimmora|ability: Toxic Debris\n|-sidestart|p2: Bugcatcher1045|move: Toxic Spikes\n|faint|p1a: Glimmora\n|\n|-heal|p2b: Goodra|83\/100|[from] item: Leftovers\n|upkeep\n|\n|t:|1699492468\n|switch|p1a: Iron Moth|Iron Moth|100\/100\n|-enditem|p1a: Iron Moth|Booster Energy\n|-activate|p1a: Iron Moth|ability: Quark Drive|[fromitem]\n|-start|p1a: Iron Moth|quarkdrivespa\n|turn|3\n|\n|t:|1699492483\n|switch|p2a: Regieleki|Regieleki|100\/100\n|move|p1b: Gliscor|Earth Power|p2a: Regieleki\n|-supereffective|p2a: Regieleki\n|-damage|p2a: Regieleki|38\/100\n|move|p2b: Goodra|Ice Spinner|p1b: Gliscor\n|-supereffective|p1b: Gliscor\n|-damage|p1b: Gliscor|13\/100 tox\n|-fieldend|Misty Terrain\n|move|p1a: Iron Moth|Whirlwind|p2b: Goodra\n|drag|p2b: Grimmsnarl|Grimmsnarl, M|100\/100\n|-status|p2b: Grimmsnarl|psn\n|\n|-heal|p1b: Gliscor|25\/100 tox|[from] ability: Poison Heal\n|-damage|p2b: Grimmsnarl|88\/100 psn|[from] psn\n|upkeep\n|turn|4\n|\n|t:|1699492509\n|move|p2b: Grimmsnarl|Fake Out|p1b: Gliscor\n|-damage|p1b: Gliscor|13\/100 tox\n|move|p1a: Iron Moth|Fiery Dance|p2a: Regieleki\n|-damage|p2a: Regieleki|0 fnt\n|faint|p2a: Regieleki\n|cant|p1b: Gliscor|flinch\n|\n|-heal|p1b: Gliscor|26\/100 tox|[from] ability: Poison Heal\n|-damage|p2b: Grimmsnarl|76\/100 psn|[from] psn\n|-sideend|p1: Travenant Forestry|move: Tailwind\n|upkeep\n|\n|t:|1699492515\n|switch|p2a: Weezing|Weezing-Galar, F|100\/100\n|-sideend|p2: Bugcatcher1045|move: Toxic Spikes|[of] p2a: Weezing\n|-fieldstart|move: Misty Terrain|[from] ability: Misty Surge|[of] p2a: Weezing\n|turn|5\n|inactive|Travenant Forestry has 120 seconds left.\n|\n|t:|1699492553\n|switch|p1b: Toxapex|Toxapex, F, shiny|100\/100\n|move|p2b: Grimmsnarl|Sucker Punch||[still]\n|-fail|p2b: Grimmsnarl\n|move|p1a: Iron Moth|Toxic Spikes|p2b: Grimmsnarl\n|-sidestart|p2: Bugcatcher1045|move: Toxic Spikes\n|move|p2a: Weezing|Strange Steam|p1b: Toxapex\n|-resisted|p1b: Toxapex\n|-damage|p1b: Toxapex|83\/100\n|-enditem|p1b: Toxapex|Red Card|[of] p2a: Weezing\n|drag|p2a: Meowscarada|Meowscarada, F|100\/100\n|\n|-damage|p2b: Grimmsnarl|63\/100 psn|[from] psn\n|upkeep\n|turn|6\n|inactive|Travenant Forestry has 120 seconds left.\n|\n|t:|1699492583\n|move|p1b: Toxapex|Baneful Bunker|p1b: Toxapex\n|-singleturn|p1b: Toxapex|move: Protect\n|move|p2a: Meowscarada|Spikes|p1b: Toxapex\n|-sidestart|p1: Travenant Forestry|Spikes\n|move|p1a: Iron Moth|Fiery Dance|p2a: Meowscarada\n|-supereffective|p2a: Meowscarada\n|-enditem|p2a: Meowscarada|Focus Sash\n|-damage|p2a: Meowscarada|1\/100\n|-boost|p1a: Iron Moth|spa|1\n|move|p2b: Grimmsnarl|Spirit Break|p1a: Iron Moth\n|-resisted|p1a: Iron Moth\n|-damage|p1a: Iron Moth|85\/100\n|-unboost|p1a: Iron Moth|spa|1\n|\n|-damage|p2b: Grimmsnarl|51\/100 psn|[from] psn\n|upkeep\n|turn|7\n|inactive|Travenant Forestry has 120 seconds left.\n|\n|t:|1699492602\n|move|p2a: Meowscarada|Sucker Punch|p1a: Iron Moth\n|-damage|p1a: Iron Moth|43\/100\n|move|p2b: Grimmsnarl|Sucker Punch|p1a: Iron Moth\n|-damage|p1a: Iron Moth|0 fnt\n|faint|p1a: Iron Moth\n|-end|p1a: Iron Moth|Quark Drive|[silent]\n|move|p1b: Toxapex|Toxic|p2a: Meowscarada\n|-activate|p2a: Meowscarada|move: Misty Terrain\n|\n|-damage|p2b: Grimmsnarl|38\/100 psn|[from] psn\n|upkeep\n|inactive|Travenant Forestry has 120 seconds left.\n|\n|t:|1699492623\n|switch|p1a: Salazzle|Salazzle, F, shiny|100\/100\n|-damage|p1a: Salazzle|88\/100|[from] Spikes\n|turn|8\n|inactive|Travenant Forestry has 120 seconds left.\n|\n|t:|1699492640\n|move|p2b: Grimmsnarl|Parting Shot|p1a: Salazzle\n|-unboost|p1a: Salazzle|atk|1\n|-unboost|p1a: Salazzle|spa|1\n|\n|t:|1699492645\n|switch|p2b: Weezing|Weezing-Galar, F|100\/100|[from] Parting Shot\n|-sideend|p2: Bugcatcher1045|move: Toxic Spikes|[of] p2b: Weezing\n|move|p2a: Meowscarada|Knock Off|p1a: Salazzle\n|-damage|p1a: Salazzle|25\/100\n|-enditem|p1a: Salazzle|Covert Cloak|[from] move: Knock Off|[of] p2a: Meowscarada\n|move|p1a: Salazzle|Toxic Spikes|p2b: Weezing\n|-sidestart|p2: Bugcatcher1045|move: Toxic Spikes\n|move|p1b: Toxapex|Hydro Pump|p2a: Meowscarada\n|-resisted|p2a: Meowscarada\n|-damage|p2a: Meowscarada|0 fnt\n|faint|p2a: Meowscarada\n|\n|upkeep\n|\n|t:|1699492660\n|switch|p2a: Grimmsnarl|Grimmsnarl, M|38\/100 psn\n|turn|9\n|inactive|Travenant Forestry has 120 seconds left.\n|\n|t:|1699492696\n|move|p2a: Grimmsnarl|Fake Out|p1a: Salazzle\n|-damage|p1a: Salazzle|1\/100\n|cant|p1a: Salazzle|flinch\n|move|p2b: Weezing|Strange Steam|p1b: Toxapex|[miss]\n|-miss|p2b: Weezing|p1b: Toxapex\n|move|p1b: Toxapex|Hydro Pump|p2b: Weezing\n|-damage|p2b: Weezing|58\/100\n|\n|-damage|p2a: Grimmsnarl|26\/100 psn|[from] psn\n|-fieldend|Misty Terrain\n|upkeep\n|turn|10\n|\n|t:|1699492713\n|switch|p2b: Heatran|Heatran, M|100\/100\n|-item|p2b: Heatran|Air Balloon\n|move|p2a: Grimmsnarl|Parting Shot|p1a: Salazzle\n|-unboost|p1a: Salazzle|atk|1\n|-unboost|p1a: Salazzle|spa|1\n|\n|t:|1699492719\n|switch|p2a: Weezing|Weezing-Galar, F|58\/100|[from] Parting Shot\n|-sideend|p2: Bugcatcher1045|move: Toxic Spikes|[of] p2a: Weezing\n|-fieldstart|move: Misty Terrain|[from] ability: Misty Surge|[of] p2a: Weezing\n|move|p1a: Salazzle|Venoshock|p2a: Weezing\n|-damage|p2a: Weezing|39\/100\n|move|p1b: Toxapex|Hydro Pump|p2a: Weezing|[miss]\n|-miss|p1b: Toxapex|p2a: Weezing\n|\n|upkeep\n|turn|11\n|\n|t:|1699492748\n|move|p2b: Heatran|Protect|p2b: Heatran\n|-singleturn|p2b: Heatran|Protect\n|move|p1a: Salazzle|Venoshock|p2a: Weezing\n|-damage|p2a: Weezing|21\/100\n|move|p2a: Weezing|Strange Steam|p1a: Salazzle\n|-resisted|p1a: Salazzle\n|-damage|p1a: Salazzle|0 fnt\n|faint|p1a: Salazzle\n|move|p1b: Toxapex|Hydro Pump|p2b: Heatran\n|-activate|p2b: Heatran|move: Protect\n|\n|upkeep\n|inactive|Travenant Forestry has 120 seconds left.\n|\n|t:|1699492761\n|switch|p1a: Fezandipiti|Fezandipiti, M|53\/100\n|-damage|p1a: Fezandipiti|40\/100|[from] Spikes\n|turn|12\n|\n|t:|1699492772\n|-terastallize|p2b: Heatran|Ghost\n|move|p1a: Fezandipiti|Sludge Bomb|p2a: Weezing\n|-damage|p2a: Weezing|0 fnt\n|faint|p2a: Weezing\n|move|p2b: Heatran|Flash Cannon|p1a: Fezandipiti\n|-supereffective|p1a: Fezandipiti\n|-damage|p1a: Fezandipiti|0 fnt\n|faint|p1a: Fezandipiti\n|move|p1b: Toxapex|Hydro Pump|p2b: Heatran|[miss]\n|-miss|p1b: Toxapex|p2b: Heatran\n|\n|upkeep\n|\n|t:|1699492783\n|switch|p1a: Gliscor|Gliscor, M, shiny|26\/100 tox\n|switch|p2a: Grimmsnarl|Grimmsnarl, M|26\/100 psn\n|turn|13\n|\n|t:|1699492802\n|move|p2a: Grimmsnarl|Fake Out|p1a: Gliscor\n|-damage|p1a: Gliscor|13\/100 tox\n|cant|p1a: Gliscor|flinch\n|move|p2b: Heatran|Flash Cannon|p1a: Gliscor\n|-damage|p1a: Gliscor|0 fnt\n|faint|p1a: Gliscor\n|move|p1b: Toxapex|Hydro Pump|p2a: Grimmsnarl\n|-crit|p2a: Grimmsnarl\n|-damage|p2a: Grimmsnarl|0 fnt\n|faint|p2a: Grimmsnarl\n|\n|upkeep\n|\n|t:|1699492808\n|switch|p2a: Goodra|Goodra-Hisui, F|83\/100\n|turn|14\n|\n|t:|1699492821\n|move|p2b: Heatran|Magma Storm|p1b: Toxapex\n|-resisted|p1b: Toxapex\n|-damage|p1b: Toxapex|62\/100\n|-activate|p1b: Toxapex|move: Magma Storm|[of] p2b: Heatran\n|move|p2a: Goodra|Heavy Slam|p1b: Toxapex\n|-resisted|p1b: Toxapex\n|-damage|p1b: Toxapex|40\/100\n|move|p1b: Toxapex|Toxic|p2b: Heatran\n|-status|p2b: Heatran|tox\n|\n|-heal|p2a: Goodra|89\/100|[from] item: Leftovers\n|-damage|p2b: Heatran|94\/100 tox|[from] psn\n|-damage|p1b: Toxapex|28\/100|[from] move: Magma Storm|[partiallytrapped]\n|-fieldend|Misty Terrain\n|upkeep\n|turn|15\n|\n|t:|1699492835\n|move|p2b: Heatran|Earth Power|p1b: Toxapex\n|-supereffective|p1b: Toxapex\n|-damage|p1b: Toxapex|0 fnt\n|faint|p1b: Toxapex\n|\n|win|Bugcatcher1045\n|raw|Travenant Forestry's rating: 1087 &rarr; <strong>1067<\/strong><br \/>(-20 for losing)\n|raw|Bugcatcher1045's rating: 1130 &rarr; <strong>1152<\/strong><br \/>(+22 for winning)\n","uploadtime":1699492840,"views":9,"p1id":"travenantforestry","p2id":"bugcatcher1045","formatid":"gen9doublesou","rating":1067,"private":0,"password":""}