{"id":"gen9doublesou-1990811706","p1":"cotesmcgotes","p2":"idonotwin","format":"[Gen 9] Doubles OU","log":"|j|\u2606cotesmcgotes\n|j|\u2606idonotwin\n|t:|1700003289\n|gametype|doubles\n|player|p1|cotesmcgotes|169|1242\n|player|p2|idonotwin|169|1127\n|teamsize|p1|6\n|teamsize|p2|6\n|gen|9\n|tier|[Gen 9] Doubles OU\n|rated|\n|rule|Species Clause: Limit one of each Pok\u00e9mon\n|rule|OHKO Clause: OHKO moves are banned\n|rule|Evasion Moves Clause: Evasion moves are banned\n|rule|Gravity Sleep Clause: The combination of sleep-inducing moves with imperfect accuracy and Gravity or Gigantamax Orbeetle are banned\n|rule|Endless Battle Clause: Forcing endless battles is banned\n|rule|HP Percentage Mod: HP is shown in percentages\n|clearpoke\n|poke|p1|Cresselia, F|\n|poke|p1|Overqwil, F|\n|poke|p1|Tornadus, M|\n|poke|p1|Palafin, M|\n|poke|p1|Flutter Mane|\n|poke|p1|Amoonguss, M|\n|poke|p2|Rillaboom, M|\n|poke|p2|Landorus-Therian, M|\n|poke|p2|Clefairy, M|\n|poke|p2|Glimmora, F|\n|poke|p2|Palafin, M|\n|poke|p2|Zapdos|\n|teampreview\n|\n|t:|1700003297\n|start\n|switch|p1a: Tornadus|Tornadus, M, shiny|100\/100\n|switch|p1b: Palafin|Palafin, M|100\/100\n|switch|p2a: Glimmora|Glimmora, F|100\/100\n|switch|p2b: Landorus|Landorus-Therian, M|100\/100\n|-ability|p2b: Landorus|Intimidate|boost\n|-unboost|p1a: Tornadus|atk|1\n|-unboost|p1b: Palafin|atk|1\n|turn|1\n|inactive|Battle timer is ON: inactive players will automatically lose when time's up. (requested by cotesmcgotes)\n|inactive|idonotwin also wants the timer to be on.\n|\n|t:|1700003313\n|switch|p2b: Zapdos|Zapdos|100\/100\n|move|p1a: Tornadus|Rain Dance|p1a: Tornadus\n|-weather|RainDance\n|move|p1b: Palafin|Flip Turn|p2b: Zapdos\n|-damage|p2b: Zapdos|79\/100\n|-status|p1b: Palafin|par|[from] ability: Static|[of] p2b: Zapdos\n|\n|t:|1700003329\n|detailschange|p1b: Palafin|Palafin-Hero, M\n|switch|p1b: Overqwil|Overqwil, F|100\/100|[from] Flip Turn\n|move|p2a: Glimmora|Mortal Spin|p1a: Tornadus|[spread] p1a,p1b\n|-resisted|p1b: Overqwil\n|-damage|p1a: Tornadus|94\/100\n|-damage|p1b: Overqwil|98\/100\n|-status|p1a: Tornadus|psn\n|\n|-weather|RainDance|[upkeep]\n|-heal|p1b: Overqwil|100\/100|[from] item: Black Sludge\n|-heal|p2b: Zapdos|85\/100|[from] item: Leftovers\n|-damage|p1a: Tornadus|81\/100 psn|[from] psn\n|upkeep\n|turn|2\n|\n|t:|1700003349\n|switch|p1a: Cresselia|Cresselia, F, shiny|100\/100\n|move|p1b: Overqwil|Acupressure|p1a: Cresselia\n|-boost|p1a: Cresselia|def|2\n|move|p2b: Zapdos|Volt Switch|p1a: Cresselia\n|-damage|p1a: Cresselia|75\/100\n|\n|t:|1700003358\n|switch|p2b: Rillaboom|Rillaboom, M|100\/100|[from] Volt Switch\n|-fieldstart|move: Grassy Terrain|[from] ability: Grassy Surge|[of] p2b: Rillaboom\n|move|p2a: Glimmora|Toxic Spikes|p1a: Cresselia\n|-sidestart|p1: cotesmcgotes|move: Toxic Spikes\n|\n|-weather|RainDance|[upkeep]\n|-heal|p1a: Cresselia|81\/100|[from] item: Leftovers\n|upkeep\n|turn|3\n|\n|t:|1700003371\n|-terastallize|p1a: Cresselia|Electric\n|move|p2b: Rillaboom|Fake Out|p1a: Cresselia\n|-damage|p1a: Cresselia|75\/100\n|move|p1b: Overqwil|Acupressure|p1a: Cresselia\n|-boost|p1a: Cresselia|evasion|2\n|move|p2a: Glimmora|Mortal Spin|p1a: Cresselia|[spread] p1b\n|-miss|p2a: Glimmora|p1a: Cresselia\n|-resisted|p1b: Overqwil\n|-damage|p1b: Overqwil|98\/100\n|cant|p1a: Cresselia|flinch\n|\n|-weather|RainDance|[upkeep]\n|-heal|p1b: Overqwil|100\/100|[from] Grassy Terrain\n|-heal|p1a: Cresselia|81\/100|[from] item: Leftovers\n|upkeep\n|turn|4\n|\n|t:|1700003396\n|switch|p2b: Clefairy|Clefairy, M|100\/100\n|move|p1b: Overqwil|Acupressure|p1a: Cresselia\n|-boost|p1a: Cresselia|evasion|2\n|move|p2a: Glimmora|Mortal Spin|p1a: Cresselia|[spread] p1a,p1b\n|-resisted|p1b: Overqwil\n|-damage|p1a: Cresselia|79\/100\n|-damage|p1b: Overqwil|98\/100\n|-status|p1a: Cresselia|psn\n|move|p1a: Cresselia|Calm Mind|p1a: Cresselia\n|-boost|p1a: Cresselia|spa|1\n|-boost|p1a: Cresselia|spd|1\n|\n|-weather|RainDance|[upkeep]\n|-heal|p1b: Overqwil|100\/100|[from] Grassy Terrain\n|-heal|p1a: Cresselia|85\/100 psn|[from] item: Leftovers\n|-damage|p1a: Cresselia|73\/100 psn|[from] psn\n|upkeep\n|turn|5\n|\n|t:|1700003424\n|move|p1b: Overqwil|Barb Barrage|p2b: Clefairy\n|-supereffective|p2b: Clefairy\n|-damage|p2b: Clefairy|39\/100\n|-status|p2b: Clefairy|psn\n|move|p2a: Glimmora|Toxic Spikes|p1a: Cresselia\n|-sidestart|p1: cotesmcgotes|move: Toxic Spikes\n|move|p1a: Cresselia|Stored Power|p2a: Glimmora\n|-supereffective|p2a: Glimmora\n|-damage|p2a: Glimmora|0 fnt\n|faint|p2a: Glimmora\n|move|p2b: Clefairy|Encore|p1a: Cresselia\n|-start|p1a: Cresselia|Encore\n|\n|-weather|RainDance|[upkeep]\n|-heal|p1a: Cresselia|79\/100 psn|[from] item: Leftovers\n|-heal|p2b: Clefairy|45\/100 psn|[from] Grassy Terrain\n|-damage|p1a: Cresselia|67\/100 psn|[from] psn\n|-damage|p2b: Clefairy|33\/100 psn|[from] psn\n|upkeep\n|inactive|idonotwin has 120 seconds left.\n|\n|t:|1700003441\n|switch|p2a: Landorus|Landorus-Therian, M|100\/100\n|-ability|p2a: Landorus|Intimidate|boost\n|-unboost|p1a: Cresselia|atk|1\n|-unboost|p1b: Overqwil|atk|1\n|turn|6\n|\n|t:|1700003448\n|switch|p1b: Amoonguss|Amoonguss, M, shiny|100\/100\n|-sideend|p1: cotesmcgotes|move: Toxic Spikes|[of] p1b: Amoonguss\n|move|p2a: Landorus|Rock Slide|p1a: Cresselia|[spread] p1b\n|-miss|p2a: Landorus|p1a: Cresselia\n|-damage|p1b: Amoonguss|65\/100\n|move|p1a: Cresselia|Stored Power|p2a: Landorus\n|-damage|p2a: Landorus|0 fnt\n|faint|p2a: Landorus\n|move|p2b: Clefairy|Life Dew|p2b: Clefairy\n|-heal|p2b: Clefairy|58\/100 psn\n|\n|-weather|RainDance|[upkeep]\n|-heal|p1a: Cresselia|73\/100 psn|[from] item: Leftovers\n|-heal|p2b: Clefairy|64\/100 psn|[from] Grassy Terrain\n|-heal|p1b: Amoonguss|71\/100|[from] Grassy Terrain\n|-damage|p1a: Cresselia|60\/100 psn|[from] psn\n|-damage|p2b: Clefairy|52\/100 psn|[from] psn\n|-fieldend|move: Grassy Terrain\n|upkeep\n|-message|idonotwin forfeited.\n|\n|win|cotesmcgotes\n|raw|cotesmcgotes's rating: 1242 &rarr; <strong>1259<\/strong><br \/>(+17 for winning)\n|raw|idonotwin's rating: 1127 &rarr; <strong>1110<\/strong><br \/>(-17 for losing)\n|l|\u2606idonotwin\n","uploadtime":1700003462,"views":32,"p1id":"cotesmcgotes","p2id":"idonotwin","formatid":"gen9doublesou","rating":1110,"private":0,"password":""}