{"id":"gen9doublesou-1972110899","p1":"schax","p2":"cotesmcgotes","format":"[Gen 9] Doubles OU","log":"|j|\u2606schax\n|j|\u2606cotesmcgotes\n|t:|1697813726\n|gametype|doubles\n|player|p1|schax|morty|1383\n|player|p2|cotesmcgotes|flannery|1391\n|teamsize|p1|6\n|teamsize|p2|6\n|gen|9\n|tier|[Gen 9] Doubles OU\n|rated|\n|rule|Species Clause: Limit one of each Pok\u00e9mon\n|rule|OHKO Clause: OHKO moves are banned\n|rule|Evasion Moves Clause: Evasion moves are banned\n|rule|Gravity Sleep Clause: The combination of sleep-inducing moves with imperfect accuracy and Gravity or Gigantamax Orbeetle are banned\n|rule|Endless Battle Clause: Forcing endless battles is banned\n|rule|HP Percentage Mod: HP is shown in percentages\n|clearpoke\n|poke|p1|Sinistcha-Masterpiece|\n|poke|p1|Skeledirge, M|\n|poke|p1|Gholdengo|\n|poke|p1|Sableye, F|\n|poke|p1|Spectrier|\n|poke|p1|Conkeldurr, M|\n|poke|p2|Manaphy|\n|poke|p2|Espathra, F|\n|poke|p2|Goodra-Hisui, M|\n|poke|p2|Ursaluna-Bloodmoon, M|\n|poke|p2|Ogerpon-Hearthflame, F|\n|poke|p2|Chien-Pao|\n|teampreview\n|inactive|Battle timer is ON: inactive players will automatically lose when time's up. (requested by cotesmcgotes)\n|\n|t:|1697813758\n|start\n|switch|p1a: Sableye|Sableye, F|100\/100\n|switch|p1b: Spectrier|Spectrier|100\/100\n|switch|p2a: Ursaluna|Ursaluna-Bloodmoon, M|100\/100\n|switch|p2b: Chien-Pao|Chien-Pao|100\/100\n|-ability|p2b: Chien-Pao|Sword of Ruin\n|turn|1\n|\n|t:|1697813780\n|move|p1a: Sableye|Reflect|p1a: Sableye\n|-sidestart|p1: schax|Reflect\n|move|p2b: Chien-Pao|Crunch|p1b: Spectrier\n|-supereffective|p1b: Spectrier\n|-damage|p1b: Spectrier|9\/100\n|-enditem|p1b: Spectrier|Sitrus Berry|[eat]\n|-heal|p1b: Spectrier|34\/100|[from] item: Sitrus Berry\n|move|p1b: Spectrier|Draining Kiss|p2b: Chien-Pao\n|-supereffective|p2b: Chien-Pao\n|-damage|p2b: Chien-Pao|60\/100\n|-heal|p1b: Spectrier|59\/100|[from] drain|[of] p2b: Chien-Pao\n|move|p2a: Ursaluna|Moonblast|p1a: Sableye\n|-supereffective|p1a: Sableye\n|-damage|p1a: Sableye|0 fnt\n|faint|p1a: Sableye\n|\n|upkeep\n|\n|t:|1697813793\n|switch|p1a: Sinistcha|Sinistcha-Masterpiece|100\/100\n|-heal|p1b: Spectrier|84\/100|[from] ability: Hospitality|[of] p1a: Sinistcha\n|turn|2\n|\n|t:|1697813820\n|move|p2b: Chien-Pao|Crunch|p1b: Spectrier\n|-supereffective|p1b: Spectrier\n|-crit|p1b: Spectrier\n|-damage|p1b: Spectrier|0 fnt\n|faint|p1b: Spectrier\n|move|p2a: Ursaluna|Blood Moon|p1a: Sinistcha\n|-damage|p1a: Sinistcha|10\/100\n|move|p1a: Sinistcha|Trick Room|p1a: Sinistcha\n|-fieldstart|move: Trick Room|[of] p1a: Sinistcha\n|\n|upkeep\n|\n|t:|1697813828\n|switch|p1b: Conkeldurr|Conkeldurr, M|100\/100\n|turn|3\n|\n|t:|1697813847\n|switch|p2b: Espathra|Espathra, F|100\/100\n|move|p1b: Conkeldurr|Protect|p1b: Conkeldurr\n|-singleturn|p1b: Conkeldurr|Protect\n|move|p2a: Ursaluna|Vacuum Wave|p1a: Sinistcha\n|-damage|p1a: Sinistcha|0 fnt\n|faint|p1a: Sinistcha\n|\n|-status|p1b: Conkeldurr|brn|[from] item: Flame Orb\n|upkeep\n|\n|t:|1697813859\n|switch|p1a: Skeledirge|Skeledirge, M|100\/100\n|turn|4\n|\n|t:|1697813882\n|switch|p2a: Ogerpon|Ogerpon-Hearthflame, F|100\/100\n|-ability|p2a: Ogerpon|Mold Breaker\n|move|p2b: Espathra|Protect|p2b: Espathra\n|-singleturn|p2b: Espathra|Protect\n|move|p1b: Conkeldurr|Knock Off|p2b: Espathra\n|-activate|p2b: Espathra|move: Protect\n|move|p1a: Skeledirge|Torch Song|p2a: Ogerpon\n|-damage|p2a: Ogerpon|66\/100\n|-boost|p1a: Skeledirge|spa|1\n|\n|-damage|p1b: Conkeldurr|94\/100 brn|[from] brn\n|-ability|p2b: Espathra|Speed Boost|boost\n|-boost|p2b: Espathra|spe|1\n|upkeep\n|turn|5\n|inactive|schax has 120 seconds left.\n|inactive|cotesmcgotes has 120 seconds left.\n|\n|t:|1697813923\n|move|p2a: Ogerpon|Spiky Shield|p2a: Ogerpon\n|-singleturn|p2a: Ogerpon|move: Protect\n|move|p1b: Conkeldurr|Knock Off|p2b: Espathra\n|-supereffective|p2b: Espathra\n|-damage|p2b: Espathra|0 fnt\n|-enditem|p2b: Espathra|Red Card|[from] move: Knock Off|[of] p1b: Conkeldurr\n|faint|p2b: Espathra\n|move|p1a: Skeledirge|Torch Song|p2a: Ogerpon\n|-activate|p2a: Ogerpon|move: Protect\n|\n|-damage|p1b: Conkeldurr|88\/100 brn|[from] brn\n|upkeep\n|inactive|cotesmcgotes has 120 seconds left.\n|\n|t:|1697813940\n|switch|p2b: Goodra|Goodra-Hisui, M|100\/100\n|turn|6\n|\n|t:|1697813954\n|switch|p2a: Manaphy|Manaphy|100\/100\n|move|p1b: Conkeldurr|Drain Punch|p2a: Manaphy\n|-damage|p2a: Manaphy|36\/100\n|-heal|p1b: Conkeldurr|100\/100 brn|[from] drain|[of] p2a: Manaphy\n|-enditem|p2a: Manaphy|Sitrus Berry|[eat]\n|-heal|p2a: Manaphy|61\/100|[from] item: Sitrus Berry\n|move|p2b: Goodra|Acid Armor|p2b: Goodra\n|-boost|p2b: Goodra|def|2\n|move|p1a: Skeledirge|Earth Power|p2b: Goodra\n|-supereffective|p2b: Goodra\n|-damage|p2b: Goodra|63\/100\n|\n|-heal|p2b: Goodra|69\/100|[from] item: Leftovers\n|-damage|p1b: Conkeldurr|94\/100 brn|[from] brn\n|-fieldend|move: Trick Room\n|upkeep\n|turn|7\n|\n|t:|1697813975\n|-terastallize|p1a: Skeledirge|Normal\n|move|p2a: Manaphy|Tail Glow|p2a: Manaphy\n|-boost|p2a: Manaphy|spa|3\n|move|p1a: Skeledirge|Earth Power|p2b: Goodra\n|-supereffective|p2b: Goodra\n|-damage|p2b: Goodra|31\/100\n|move|p2b: Goodra|Life Dew|p2b: Goodra|[spread] p2a,p2b\n|-heal|p2a: Manaphy|86\/100\n|-heal|p2b: Goodra|56\/100\n|move|p1b: Conkeldurr|Drain Punch|p2a: Manaphy\n|-damage|p2a: Manaphy|22\/100\n|-heal|p1b: Conkeldurr|100\/100 brn|[from] drain|[of] p2a: Manaphy\n|\n|-heal|p2b: Goodra|62\/100|[from] item: Leftovers\n|-damage|p1b: Conkeldurr|94\/100 brn|[from] brn\n|upkeep\n|turn|8\n|\n|t:|1697814005\n|-terastallize|p2a: Manaphy|Psychic\n|move|p1b: Conkeldurr|Mach Punch|p2a: Manaphy\n|-resisted|p2a: Manaphy\n|-crit|p2a: Manaphy\n|-damage|p2a: Manaphy|0 fnt\n|faint|p2a: Manaphy\n|move|p1a: Skeledirge|Earth Power|p2b: Goodra\n|-supereffective|p2b: Goodra\n|-damage|p2b: Goodra|28\/100\n|move|p2b: Goodra|Body Press|p1a: Skeledirge\n|-supereffective|p1a: Skeledirge\n|-damage|p1a: Skeledirge|82\/100\n|\n|-heal|p1a: Skeledirge|88\/100|[from] item: Leftovers\n|-heal|p2b: Goodra|34\/100|[from] item: Leftovers\n|-damage|p1b: Conkeldurr|88\/100 brn|[from] brn\n|-sideend|p1: schax|Reflect\n|upkeep\n|inactive|cotesmcgotes has 120 seconds left.\n|\n|t:|1697814029\n|switch|p2a: Ogerpon|Ogerpon-Hearthflame, F|66\/100\n|-ability|p2a: Ogerpon|Mold Breaker\n|turn|9\n|\n|t:|1697814050\n|move|p2a: Ogerpon|Spiky Shield|p2a: Ogerpon\n|-singleturn|p2a: Ogerpon|move: Protect\n|move|p1a: Skeledirge|Torch Song|p2a: Ogerpon\n|-activate|p2a: Ogerpon|move: Protect\n|move|p2b: Goodra|Life Dew|p2b: Goodra|[spread] p2a,p2b\n|-heal|p2a: Ogerpon|91\/100\n|-heal|p2b: Goodra|59\/100\n|move|p1b: Conkeldurr|Drain Punch|p2b: Goodra\n|-supereffective|p2b: Goodra\n|-damage|p2b: Goodra|0 fnt\n|-heal|p1b: Conkeldurr|100\/100 brn|[from] drain|[of] p2b: Goodra\n|faint|p2b: Goodra\n|\n|-heal|p1a: Skeledirge|94\/100|[from] item: Leftovers\n|-damage|p1b: Conkeldurr|94\/100 brn|[from] brn\n|upkeep\n|inactive|cotesmcgotes has 120 seconds left.\n|\n|t:|1697814077\n|switch|p2b: Ursaluna|Ursaluna-Bloodmoon, M|100\/100\n|turn|10\n|inactive|cotesmcgotes has 120 seconds left.\n|\n|t:|1697814090\n|move|p1a: Skeledirge|Protect|p1a: Skeledirge\n|-singleturn|p1a: Skeledirge|Protect\n|move|p2a: Ogerpon|Ivy Cudgel|p1b: Conkeldurr\n|-damage|p1b: Conkeldurr|40\/100 brn\n|move|p2b: Ursaluna|Blood Moon|p1b: Conkeldurr\n|-damage|p1b: Conkeldurr|0 fnt\n|faint|p1b: Conkeldurr\n|\n|-heal|p1a: Skeledirge|99\/100|[from] item: Leftovers\n|upkeep\n|\n|t:|1697814098\n|switch|p1b: Gholdengo|Gholdengo|100\/100\n|turn|11\n|\n|t:|1697814116\n|move|p2b: Ursaluna|Vacuum Wave|p1a: Skeledirge\n|-supereffective|p1a: Skeledirge\n|-damage|p1a: Skeledirge|74\/100\n|move|p2a: Ogerpon|Ivy Cudgel|p1b: Gholdengo\n|-supereffective|p1b: Gholdengo\n|-damage|p1b: Gholdengo|0 fnt\n|faint|p1b: Gholdengo\n|move|p1a: Skeledirge|Torch Song|p2b: Ursaluna\n|-damage|p2b: Ursaluna|62\/100\n|-boost|p1a: Skeledirge|spa|1\n|\n|-heal|p1a: Skeledirge|80\/100|[from] item: Leftovers\n|upkeep\n|turn|12\n|\n|t:|1697814131\n|move|p1a: Skeledirge|Protect|p1a: Skeledirge\n|-singleturn|p1a: Skeledirge|Protect\n|move|p2a: Ogerpon|Ivy Cudgel|p1a: Skeledirge\n|-activate|p1a: Skeledirge|move: Protect\n|move|p2b: Ursaluna|Blood Moon|p1a: Skeledirge\n|-activate|p1a: Skeledirge|move: Protect\n|\n|-heal|p1a: Skeledirge|86\/100|[from] item: Leftovers\n|upkeep\n|turn|13\n|\n|t:|1697814141\n|move|p2b: Ursaluna|Vacuum Wave|p1a: Skeledirge\n|-supereffective|p1a: Skeledirge\n|-damage|p1a: Skeledirge|57\/100\n|move|p2a: Ogerpon|Ivy Cudgel|p1a: Skeledirge\n|-damage|p1a: Skeledirge|11\/100\n|move|p1a: Skeledirge|Torch Song|p2a: Ogerpon\n|-damage|p2a: Ogerpon|13\/100\n|-boost|p1a: Skeledirge|spa|1\n|\n|-heal|p1a: Skeledirge|17\/100|[from] item: Leftovers\n|upkeep\n|turn|14\n|-message|schax forfeited.\n|\n|win|cotesmcgotes\n|raw|schax's rating: 1383 &rarr; <strong>1363<\/strong><br \/>(-20 for losing)\n|raw|cotesmcgotes's rating: 1391 &rarr; <strong>1411<\/strong><br \/>(+20 for winning)\n|l|\u2606schax\n","uploadtime":1697814153,"views":13,"p1id":"schax","p2id":"cotesmcgotes","formatid":"gen9doublesou","rating":1363,"private":0,"password":""}