{"id":"gen9doublesou-1973159195","p1":"MasterMineZ82","p2":"enchanting27","format":"[Gen 9] Doubles OU","log":"|j|\u2606MasterMineZ82\n|j|\u2606enchanting27\n|t:|1697934193\n|gametype|doubles\n|player|p1|MasterMineZ82|169|1233\n|player|p2|enchanting27|1|1168\n|teamsize|p1|6\n|teamsize|p2|6\n|gen|9\n|tier|[Gen 9] Doubles OU\n|rated|\n|rule|Species Clause: Limit one of each Pok\u00e9mon\n|rule|OHKO Clause: OHKO moves are banned\n|rule|Evasion Moves Clause: Evasion moves are banned\n|rule|Gravity Sleep Clause: The combination of sleep-inducing moves with imperfect accuracy and Gravity or Gigantamax Orbeetle are banned\n|rule|Endless Battle Clause: Forcing endless battles is banned\n|rule|HP Percentage Mod: HP is shown in percentages\n|clearpoke\n|poke|p1|Tornadus, M|\n|poke|p1|Arcanine-Hisui, F|\n|poke|p1|Haxorus, F|\n|poke|p1|Kingambit, M|\n|poke|p1|Iron Valiant|\n|poke|p1|Arboliva, F|\n|poke|p2|Armarouge, F|\n|poke|p2|Indeedee-F, F|\n|poke|p2|Hariyama, M|\n|poke|p2|Magnezone|\n|poke|p2|Kingambit, M|\n|poke|p2|Glastrier|\n|teampreview\n|\n|t:|1697934216\n|start\n|switch|p1a: Arcanine|Arcanine-Hisui, F|100\/100\n|switch|p1b: Iron Valiant|Iron Valiant|100\/100\n|switch|p2a: Armarouge|Armarouge, F|100\/100\n|switch|p2b: Indeedee|Indeedee-F, F|100\/100\n|-fieldstart|move: Psychic Terrain|[from] ability: Psychic Surge|[of] p2b: Indeedee\n|turn|1\n|\n|t:|1697934235\n|move|p1b: Iron Valiant|Hypnosis|p2a: Armarouge\n|-status|p2a: Armarouge|slp|[from] move: Hypnosis\n|move|p1a: Arcanine|Flare Blitz|p2b: Indeedee\n|-damage|p2b: Indeedee|0 fnt\n|faint|p2b: Indeedee\n|cant|p2a: Armarouge|slp\n|\n|upkeep\n|inactive|Battle timer is ON: inactive players will automatically lose when time's up. (requested by MasterMineZ82)\n|\n|t:|1697934258\n|switch|p2b: Hariyama|Hariyama, M, shiny|100\/100\n|turn|2\n|\n|t:|1697934285\n|-terastallize|p1a: Arcanine|Grass\n|move|p1b: Iron Valiant|Psyshock|p2b: Hariyama\n|-supereffective|p2b: Hariyama\n|-damage|p2b: Hariyama|34\/100\n|move|p1a: Arcanine|Head Smash|p2a: Armarouge\n|-supereffective|p2a: Armarouge\n|-damage|p2a: Armarouge|0 fnt\n|faint|p2a: Armarouge\n|move|p2b: Hariyama|Drain Punch|p1a: Arcanine\n|-damage|p1a: Arcanine|46\/100\n|-heal|p2b: Hariyama|52\/100|[from] drain|[of] p1a: Arcanine\n|\n|upkeep\n|inactive|enchanting27 has 120 seconds left.\n|\n|t:|1697934299\n|switch|p2a: Glastrier|Glastrier|100\/100\n|turn|3\n|inactive|enchanting27 has 120 seconds left.\n|\n|t:|1697934326\n|-terastallize|p2a: Glastrier|Ground\n|move|p1b: Iron Valiant|Psyshock|p2b: Hariyama\n|-supereffective|p2b: Hariyama\n|-damage|p2b: Hariyama|0 fnt\n|faint|p2b: Hariyama\n|move|p1a: Arcanine|Head Smash|p2a: Glastrier\n|-resisted|p2a: Glastrier\n|-damage|p2a: Glastrier|76\/100\n|move|p2a: Glastrier|Icicle Crash|p1a: Arcanine\n|-supereffective|p1a: Arcanine\n|-damage|p1a: Arcanine|0 fnt\n|faint|p1a: Arcanine\n|-ability|p2a: Glastrier|Chilling Neigh|boost\n|-boost|p2a: Glastrier|atk|1\n|\n|upkeep\n|\n|t:|1697934345\n|switch|p1a: Kingambit|Kingambit, M|100\/100\n|switch|p2b: Magnezone|Magnezone, shiny|100\/100\n|turn|4\n|\n|t:|1697934362\n|move|p1b: Iron Valiant|Aura Sphere|p2a: Glastrier\n|-damage|p2a: Glastrier|46\/100\n|move|p2b: Magnezone|Thunderbolt|p1a: Kingambit\n|-damage|p1a: Kingambit|32\/100\n|move|p1a: Kingambit|Kowtow Cleave|p2a: Glastrier\n|-damage|p2a: Glastrier|2\/100\n|move|p2a: Glastrier|Icicle Crash|p1b: Iron Valiant\n|-damage|p1b: Iron Valiant|0 fnt\n|faint|p1b: Iron Valiant\n|-end|p1b: Iron Valiant|Quark Drive|[silent]\n|-ability|p2a: Glastrier|Chilling Neigh|boost\n|-boost|p2a: Glastrier|atk|1\n|\n|upkeep\n|\n|t:|1697934374\n|switch|p1b: Arboliva|Arboliva, F|100\/100\n|turn|5\n|\n|t:|1697934390\n|move|p2b: Magnezone|Thunderbolt|p1a: Kingambit\n|-damage|p1a: Kingambit|0 fnt\n|faint|p1a: Kingambit\n|move|p1b: Arboliva|Terrain Pulse|p2a: Glastrier\n|-crit|p2a: Glastrier\n|-damage|p2a: Glastrier|0 fnt\n|faint|p2a: Glastrier\n|\n|upkeep\n|\n|t:|1697934400\n|switch|p1a: Tornadus|Tornadus, M|100\/100\n|switch|p2a: Kingambit|Kingambit, M|100\/100\n|-activate|p2a: Kingambit|ability: Supreme Overlord\n|-start|p2a: Kingambit|fallen4|[silent]\n|turn|6\n|\n|t:|1697934419\n|move|p1a: Tornadus|Bleakwind Storm|p2b: Magnezone|[spread] p2a\n|-miss|p1a: Tornadus|p2b: Magnezone\n|-resisted|p2a: Kingambit\n|-damage|p2a: Kingambit|83\/100\n|-unboost|p2a: Kingambit|spe|1\n|move|p2b: Magnezone|Thunderbolt|p1a: Tornadus\n|-supereffective|p1a: Tornadus\n|-damage|p1a: Tornadus|0 fnt\n|faint|p1a: Tornadus\n|move|p1b: Arboliva|Earth Power|p2b: Magnezone\n|-supereffective|p2b: Magnezone\n|-damage|p2b: Magnezone|0 fnt\n|faint|p2b: Magnezone\n|move|p2a: Kingambit|Kowtow Cleave|p1b: Arboliva\n|-damage|p1b: Arboliva|22\/100\n|-fieldstart|move: Grassy Terrain|[from] ability: Seed Sower|[of] p1b: Arboliva\n|\n|-heal|p1b: Arboliva|28\/100|[from] Grassy Terrain\n|-heal|p1b: Arboliva|34\/100|[from] item: Leftovers\n|-heal|p2a: Kingambit|90\/100|[from] Grassy Terrain\n|-heal|p2a: Kingambit|96\/100|[from] item: Leftovers\n|upkeep\n|\n|t:|1697934438\n|switch|p1a: Haxorus|Haxorus, F|100\/100\n|-ability|p1a: Haxorus|Mold Breaker\n|turn|7\n|\n|t:|1697934456\n|move|p1b: Arboliva|Protect|p1b: Arboliva\n|-singleturn|p1b: Arboliva|Protect\n|move|p1a: Haxorus|Dragon Dance|p1a: Haxorus\n|-boost|p1a: Haxorus|atk|1\n|-boost|p1a: Haxorus|spe|1\n|move|p2a: Kingambit|Kowtow Cleave|p1b: Arboliva\n|-activate|p1b: Arboliva|move: Protect\n|\n|-heal|p1b: Arboliva|40\/100|[from] Grassy Terrain\n|-heal|p1b: Arboliva|46\/100|[from] item: Leftovers\n|-heal|p2a: Kingambit|100\/100|[from] Grassy Terrain\n|upkeep\n|turn|8\n|\n|t:|1697934475\n|move|p1a: Haxorus|Dragon Claw|p2a: Kingambit\n|-resisted|p2a: Kingambit\n|-damage|p2a: Kingambit|77\/100\n|move|p1b: Arboliva|Strength Sap|p2a: Kingambit\n|-unboost|p2a: Kingambit|atk|1\n|-heal|p1b: Arboliva|100\/100\n|move|p2a: Kingambit|Kowtow Cleave|p1b: Arboliva\n|-damage|p1b: Arboliva|49\/100\n|\n|-heal|p1b: Arboliva|56\/100|[from] Grassy Terrain\n|-heal|p1b: Arboliva|62\/100|[from] item: Leftovers\n|-heal|p2a: Kingambit|83\/100|[from] Grassy Terrain\n|-heal|p2a: Kingambit|89\/100|[from] item: Leftovers\n|upkeep\n|turn|9\n|\n|t:|1697934494\n|move|p1a: Haxorus|Dragon Dance|p1a: Haxorus\n|-boost|p1a: Haxorus|atk|1\n|-boost|p1a: Haxorus|spe|1\n|move|p1b: Arboliva|Strength Sap|p2a: Kingambit\n|-unboost|p2a: Kingambit|atk|1\n|-heal|p1b: Arboliva|100\/100\n|move|p2a: Kingambit|Kowtow Cleave|p1b: Arboliva\n|-damage|p1b: Arboliva|65\/100\n|\n|-heal|p1b: Arboliva|71\/100|[from] Grassy Terrain\n|-heal|p1b: Arboliva|77\/100|[from] item: Leftovers\n|-heal|p2a: Kingambit|96\/100|[from] Grassy Terrain\n|-heal|p2a: Kingambit|100\/100|[from] item: Leftovers\n|upkeep\n|turn|10\n|\n|t:|1697934511\n|move|p1a: Haxorus|Dragon Claw|p2a: Kingambit\n|-resisted|p2a: Kingambit\n|-damage|p2a: Kingambit|68\/100\n|move|p1b: Arboliva|Earth Power|p2a: Kingambit\n|-supereffective|p2a: Kingambit\n|-damage|p2a: Kingambit|21\/100\n|move|p2a: Kingambit|Zen Headbutt|p1b: Arboliva|[miss]\n|-miss|p2a: Kingambit|p1b: Arboliva\n|\n|-heal|p1b: Arboliva|83\/100|[from] Grassy Terrain\n|-heal|p1b: Arboliva|89\/100|[from] item: Leftovers\n|-heal|p2a: Kingambit|27\/100|[from] Grassy Terrain\n|-heal|p2a: Kingambit|33\/100|[from] item: Leftovers\n|-fieldend|move: Grassy Terrain\n|upkeep\n|turn|11\n|\n|t:|1697934529\n|move|p1a: Haxorus|Dragon Claw|p2a: Kingambit\n|-resisted|p2a: Kingambit\n|-damage|p2a: Kingambit|1\/100\n|move|p1b: Arboliva|Earth Power|p2a: Kingambit\n|-supereffective|p2a: Kingambit\n|-crit|p2a: Kingambit\n|-damage|p2a: Kingambit|0 fnt\n|faint|p2a: Kingambit\n|-end|p2a: Kingambit|fallen4|[silent]\n|\n|win|MasterMineZ82\n|raw|MasterMineZ82's rating: 1233 &rarr; <strong>1253<\/strong><br \/>(+20 for winning)\n|raw|enchanting27's rating: 1168 &rarr; <strong>1148<\/strong><br \/>(-20 for losing)\n","uploadtime":1697934540,"views":10,"p1id":"masterminez82","p2id":"enchanting27","formatid":"gen9doublesou","rating":1148,"private":0,"password":""}