{"id":"gen9doublesou-1992716910","p1":"JustRadAlex","p2":"Tired of Paradox","format":"[Gen 9] Doubles OU","log":"|j|\u2606JustRadAlex\n|j|\u2606Tired of Paradox\n|t:|1700228596\n|gametype|doubles\n|player|p1|JustRadAlex|juan|1226\n|player|p2|Tired of Paradox|crasherwake|1295\n|teamsize|p1|6\n|teamsize|p2|6\n|gen|9\n|tier|[Gen 9] Doubles OU\n|rated|\n|rule|Species Clause: Limit one of each Pok\u00e9mon\n|rule|OHKO Clause: OHKO moves are banned\n|rule|Evasion Moves Clause: Evasion moves are banned\n|rule|Gravity Sleep Clause: The combination of sleep-inducing moves with imperfect accuracy and Gravity or Gigantamax Orbeetle are banned\n|rule|Endless Battle Clause: Forcing endless battles is banned\n|rule|HP Percentage Mod: HP is shown in percentages\n|clearpoke\n|poke|p1|Iron Hands|\n|poke|p1|Grimmsnarl, M|\n|poke|p1|Cresselia, F|\n|poke|p1|Rillaboom, F|\n|poke|p1|Empoleon, M|\n|poke|p1|Landorus-Therian, M|\n|poke|p2|Poliwrath, F|\n|poke|p2|Arbok, F|\n|poke|p2|Swanna, F|\n|poke|p2|Trevenant, F|\n|poke|p2|Forretress, F|\n|poke|p2|Ambipom, M|\n|teampreview\n|inactive|Battle timer is ON: inactive players will automatically lose when time's up. (requested by Tired of Paradox)\n|\n|t:|1700228625\n|start\n|switch|p1a: Kingleon|Empoleon, M, shiny|100\/100\n|switch|p1b: Grimmsnarl|Grimmsnarl, M, shiny|100\/100\n|switch|p2a: Forretress|Forretress, F|100\/100\n|switch|p2b: Trevenant|Trevenant, F|100\/100\n|turn|1\n|inactive|Tired of Paradox has 120 seconds left.\n|\n|t:|1700228659\n|move|p1b: Grimmsnarl|Reflect|p1b: Grimmsnarl\n|-sidestart|p1: JustRadAlex|Reflect\n|move|p1a: Kingleon|Icy Wind|p2a: Forretress|[spread] p2a,p2b\n|-resisted|p2a: Forretress\n|-supereffective|p2b: Trevenant\n|-damage|p2a: Forretress|91\/100\n|-damage|p2b: Trevenant|81\/100\n|-unboost|p2a: Forretress|spe|1\n|-unboost|p2b: Trevenant|spe|1\n|move|p2b: Trevenant|Leech Seed|p1a: Kingleon\n|-start|p1a: Kingleon|move: Leech Seed\n|move|p2a: Forretress|Toxic Spikes|p1a: Kingleon\n|-sidestart|p1: JustRadAlex|move: Toxic Spikes\n|\n|-damage|p1a: Kingleon|88\/100|[from] Leech Seed|[of] p2b: Trevenant\n|-heal|p2b: Trevenant|92\/100|[silent]\n|upkeep\n|turn|2\n|\n|t:|1700228687\n|move|p1b: Grimmsnarl|Spirit Break|p2b: Trevenant\n|-damage|p2b: Trevenant|47\/100\n|-unboost|p2b: Trevenant|spa|1\n|move|p1a: Kingleon|Icy Wind|p2a: Forretress|[spread] p2a\n|-miss|p1a: Kingleon|p2b: Trevenant\n|-resisted|p2a: Forretress\n|-damage|p2a: Forretress|81\/100\n|-unboost|p2a: Forretress|spe|1\n|move|p2b: Trevenant|Night Shade|p1a: Kingleon\n|-damage|p1a: Kingleon|58\/100\n|move|p2a: Forretress|Gyro Ball|p1b: Grimmsnarl\n|-supereffective|p1b: Grimmsnarl\n|-damage|p1b: Grimmsnarl|37\/100\n|\n|-damage|p1a: Kingleon|45\/100|[from] Leech Seed|[of] p2b: Trevenant\n|-heal|p2b: Trevenant|57\/100|[silent]\n|upkeep\n|turn|3\n|inactive|Tired of Paradox has 120 seconds left.\n|\n|t:|1700228723\n|switch|p1a: Landorus|Landorus-Therian, M|100\/100\n|-ability|p1a: Landorus|Intimidate|boost\n|-unboost|p2a: Forretress|atk|1\n|-unboost|p2b: Trevenant|atk|1\n|move|p1b: Grimmsnarl|Parting Shot|p2a: Forretress\n|-unboost|p2a: Forretress|atk|1\n|-unboost|p2a: Forretress|spa|1\n|\n|t:|1700228734\n|switch|p1b: Iron Hands|Iron Hands|100\/100|[from] Parting Shot\n|-status|p1b: Iron Hands|psn\n|move|p2b: Trevenant|Night Shade|p1a: Landorus\n|-damage|p1a: Landorus|69\/100\n|move|p2a: Forretress|Gyro Ball|p1b: Iron Hands\n|-resisted|p1b: Iron Hands\n|-damage|p1b: Iron Hands|98\/100 psn\n|\n|-damage|p1b: Iron Hands|85\/100 psn|[from] psn\n|upkeep\n|turn|4\n|\n|t:|1700228748\n|move|p1b: Iron Hands|Fake Out|p2a: Forretress\n|-resisted|p2a: Forretress\n|-damage|p2a: Forretress|77\/100\n|move|p1a: Landorus|U-turn|p2b: Trevenant\n|-damage|p2b: Trevenant|26\/100\n|\n|t:|1700228755\n|switch|p1a: Kingleon|Empoleon, M, shiny|45\/100|[from] U-turn\n|move|p2b: Trevenant|Leech Seed|p1a: Kingleon\n|-start|p1a: Kingleon|move: Leech Seed\n|cant|p2a: Forretress|flinch\n|\n|-damage|p1a: Kingleon|33\/100|[from] Leech Seed|[of] p2b: Trevenant\n|-heal|p2b: Trevenant|37\/100|[silent]\n|-damage|p1b: Iron Hands|73\/100 psn|[from] psn\n|upkeep\n|turn|5\n|\n|t:|1700228770\n|switch|p2a: Ambipom|Ambipom, M|100\/100\n|move|p1a: Kingleon|Flash Cannon|p2b: Trevenant\n|-damage|p2b: Trevenant|5\/100\n|-enditem|p2b: Trevenant|Salac Berry|[eat]\n|-boost|p2b: Trevenant|spe|1|[from] item: Salac Berry\n|move|p2b: Trevenant|Night Shade|p1a: Kingleon\n|-damage|p1a: Kingleon|3\/100\n|move|p1b: Iron Hands|Drain Punch|p2a: Ambipom\n|-supereffective|p2a: Ambipom\n|-damage|p2a: Ambipom|0 fnt\n|-heal|p1b: Iron Hands|100\/100 psn|[from] drain|[of] p2a: Ambipom\n|faint|p2a: Ambipom\n|\n|-damage|p1a: Kingleon|0 fnt|[from] Leech Seed|[of] p2b: Trevenant\n|-heal|p2b: Trevenant|7\/100|[silent]\n|faint|p1a: Kingleon\n|-damage|p1b: Iron Hands|88\/100 psn|[from] psn\n|-item|p2b: Trevenant|Salac Berry|[from] ability: Harvest\n|upkeep\n|-enditem|p2b: Trevenant|Salac Berry|[eat]\n|-boost|p2b: Trevenant|spe|1|[from] item: Salac Berry\n|inactive|Tired of Paradox has 120 seconds left.\n|inactive|Tired of Paradox has 90 seconds left.\n|\n|t:|1700228849\n|switch|p2a: Forretress|Forretress, F|77\/100\n|switch|p1a: Landorus|Landorus-Therian, M|69\/100\n|-ability|p1a: Landorus|Intimidate|boost\n|-unboost|p2a: Forretress|atk|1\n|-unboost|p2b: Trevenant|atk|1\n|turn|6\n|inactive|Tired of Paradox has 90 seconds left.\n|\n|t:|1700228871\n|-terastallize|p1a: Landorus|Flying\n|move|p1a: Landorus|Tera Blast|p2b: Trevenant|[anim] Tera Blast Flying\n|-supereffective|p2b: Trevenant\n|-damage|p2b: Trevenant|0 fnt\n|faint|p2b: Trevenant\n|move|p1b: Iron Hands|Drain Punch|p2a: Forretress\n|-damage|p2a: Forretress|50\/100\n|-heal|p1b: Iron Hands|98\/100 psn|[from] drain|[of] p2a: Forretress\n|move|p2a: Forretress|Gyro Ball|p1a: Landorus\n|-damage|p1a: Landorus|46\/100\n|\n|-damage|p1b: Iron Hands|85\/100 psn|[from] psn\n|upkeep\n|\n|t:|1700228880\n|switch|p2b: Swanna|Swanna, F|100\/100\n|turn|7\n|\n|t:|1700228901\n|switch|p1a: Cresselia|Cresselia, F|100\/100\n|switch|p2a: Arbok|Arbok, F|100\/100\n|-ability|p2a: Arbok|Intimidate|boost\n|-unboost|p1a: Cresselia|atk|1\n|-unboost|p1b: Iron Hands|atk|1\n|move|p2b: Swanna|Tailwind|p2b: Swanna\n|-sidestart|p2: Tired of Paradox|move: Tailwind\n|move|p1b: Iron Hands|Drain Punch|p2a: Arbok\n|-resisted|p2a: Arbok\n|-damage|p2a: Arbok|74\/100\n|-heal|p1b: Iron Hands|92\/100 psn|[from] drain|[of] p2a: Arbok\n|\n|-heal|p2a: Arbok|80\/100|[from] item: Leftovers\n|-damage|p1b: Iron Hands|80\/100 psn|[from] psn\n|upkeep\n|turn|8\n|inactive|Tired of Paradox has 120 seconds left.\n|\n|t:|1700228923\n|move|p2b: Swanna|Chilling Water|p1b: Iron Hands\n|-damage|p1b: Iron Hands|68\/100 psn\n|-unboost|p1b: Iron Hands|atk|1\n|move|p2a: Arbok|Coil|p2a: Arbok\n|-boost|p2a: Arbok|atk|1\n|-boost|p2a: Arbok|def|1\n|-boost|p2a: Arbok|accuracy|1\n|move|p1a: Cresselia|Lunar Blessing|p1a: Cresselia|[spread] p1a,p1b\n|-heal|p1b: Iron Hands|93\/100 psn\n|-curestatus|p1b: Iron Hands|psn|[msg]\n|move|p1b: Iron Hands|Wild Charge|p2b: Swanna\n|-supereffective|p2b: Swanna\n|-enditem|p2b: Swanna|Focus Sash\n|-damage|p2b: Swanna|1\/100\n|-damage|p1b: Iron Hands|79\/100|[from] Recoil\n|\n|-heal|p2a: Arbok|86\/100|[from] item: Leftovers\n|-sideend|p1: JustRadAlex|Reflect\n|upkeep\n|turn|9\n|\n|t:|1700228952\n|-end|p1b: Iron Hands|Quark Drive|[silent]\n|switch|p1b: Landorus|Landorus-Therian, M, tera:Flying|46\/100\n|-ability|p1b: Landorus|Intimidate|boost\n|-unboost|p2a: Arbok|atk|1\n|-unboost|p2b: Swanna|atk|1\n|move|p2b: Swanna|Air Slash|p1b: Landorus\n|-damage|p1b: Landorus|11\/100\n|move|p2a: Arbok|Substitute|p2a: Arbok\n|-start|p2a: Arbok|Substitute\n|-damage|p2a: Arbok|61\/100\n|move|p1a: Cresselia|Calm Mind|p1a: Cresselia\n|-boost|p1a: Cresselia|spa|1\n|-boost|p1a: Cresselia|spd|1\n|\n|-heal|p2a: Arbok|68\/100|[from] item: Leftovers\n|upkeep\n|turn|10\n|inactive|JustRadAlex has 120 seconds left.\n|\n|t:|1700228983\n|move|p2b: Swanna|Chilling Water|p1b: Landorus\n|-damage|p1b: Landorus|0 fnt\n|faint|p1b: Landorus\n|move|p2a: Arbok|Coil|p2a: Arbok\n|-boost|p2a: Arbok|atk|1\n|-boost|p2a: Arbok|def|1\n|-boost|p2a: Arbok|accuracy|1\n|move|p1a: Cresselia|Psychic|p2a: Arbok\n|-supereffective|p2a: Arbok\n|-end|p2a: Arbok|Substitute\n|\n|-heal|p2a: Arbok|74\/100|[from] item: Leftovers\n|-sideend|p2: Tired of Paradox|move: Tailwind\n|upkeep\n|inactive|JustRadAlex has 120 seconds left.\n|\n|t:|1700228993\n|switch|p1b: Iron Hands|Iron Hands|79\/100\n|-status|p1b: Iron Hands|psn\n|turn|11\n|\n|t:|1700229000\n|move|p1b: Iron Hands|Fake Out|p2a: Arbok\n|-damage|p2a: Arbok|60\/100\n|move|p2b: Swanna|Tailwind|p2b: Swanna\n|-sidestart|p2: Tired of Paradox|move: Tailwind\n|cant|p2a: Arbok|flinch\n|move|p1a: Cresselia|Psychic|p2a: Arbok\n|-supereffective|p2a: Arbok\n|-damage|p2a: Arbok|0 fnt\n|faint|p2a: Arbok\n|\n|-damage|p1b: Iron Hands|66\/100 psn|[from] psn\n|upkeep\n|\n|t:|1700229018\n|switch|p2a: Forretress|Forretress, F|50\/100\n|turn|12\n|\n|t:|1700229035\n|move|p2b: Swanna|Air Slash|p1b: Iron Hands\n|-damage|p1b: Iron Hands|49\/100 psn\n|move|p1a: Cresselia|Calm Mind|p1a: Cresselia\n|-boost|p1a: Cresselia|spa|1\n|-boost|p1a: Cresselia|spd|1\n|move|p2a: Forretress|Stealth Rock|p1b: Iron Hands\n|-sidestart|p1: JustRadAlex|move: Stealth Rock\n|move|p1b: Iron Hands|Drain Punch|p2a: Forretress\n|-damage|p2a: Forretress|26\/100\n|-heal|p1b: Iron Hands|57\/100 psn|[from] drain|[of] p2a: Forretress\n|\n|-damage|p1b: Iron Hands|45\/100 psn|[from] psn\n|upkeep\n|turn|13\n|inactive|Tired of Paradox has 120 seconds left.\n|\n|t:|1700229087\n|move|p2b: Swanna|Air Slash|p1b: Iron Hands\n|-damage|p1b: Iron Hands|26\/100 psn\n|move|p1a: Cresselia|Lunar Blessing|p1a: Cresselia|[spread] p1a,p1b\n|-heal|p1b: Iron Hands|51\/100 psn\n|-curestatus|p1b: Iron Hands|psn|[msg]\n|move|p2a: Forretress|Gyro Ball|p1a: Cresselia\n|-damage|p1a: Cresselia|93\/100\n|cant|p1b: Iron Hands|flinch\n|\n|-heal|p1a: Cresselia|99\/100|[from] item: Leftovers\n|upkeep\n|turn|14\n|inactive|Tired of Paradox has 120 seconds left.\n|\n|t:|1700229105\n|switch|p2a: Poliwrath|Poliwrath, F|100\/100\n|move|p2b: Swanna|Chilling Water|p1b: Iron Hands\n|-damage|p1b: Iron Hands|39\/100\n|-unboost|p1b: Iron Hands|atk|1\n|move|p1a: Cresselia|Lunar Blessing|p1a: Cresselia|[spread] p1a,p1b\n|-heal|p1a: Cresselia|100\/100\n|-heal|p1b: Iron Hands|63\/100\n|move|p1b: Iron Hands|Drain Punch|p2a: Poliwrath\n|-damage|p2a: Poliwrath|72\/100\n|-heal|p1b: Iron Hands|74\/100|[from] drain|[of] p2a: Poliwrath\n|\n|-sideend|p2: Tired of Paradox|move: Tailwind\n|upkeep\n|turn|15\n|\n|t:|1700229125\n|-terastallize|p2a: Poliwrath|Ground\n|move|p2b: Swanna|Chilling Water|p1b: Iron Hands\n|-damage|p1b: Iron Hands|61\/100\n|-unboost|p1b: Iron Hands|atk|1\n|move|p1a: Cresselia|Psychic|p2a: Poliwrath\n|-damage|p2a: Poliwrath|31\/100\n|move|p2a: Poliwrath|Earthquake|p1a: Cresselia|[spread] p1b\n|-immune|p2b: Swanna\n|-immune|p1a: Cresselia|[from] ability: Levitate\n|-supereffective|p1b: Iron Hands\n|-damage|p1b: Iron Hands|15\/100\n|move|p1b: Iron Hands|Drain Punch|p2b: Swanna\n|-resisted|p2b: Swanna\n|-damage|p2b: Swanna|0 fnt\n|-heal|p1b: Iron Hands|16\/100|[from] drain|[of] p2b: Swanna\n|faint|p2b: Swanna\n|\n|upkeep\n|\n|t:|1700229136\n|switch|p2b: Forretress|Forretress, F|26\/100\n|turn|16\n|-message|Tired of Paradox forfeited.\n|\n|win|JustRadAlex\n|raw|JustRadAlex's rating: 1226 &rarr; <strong>1256<\/strong><br \/>(+30 for winning)\n|raw|Tired of Paradox's rating: 1295 &rarr; <strong>1265<\/strong><br \/>(-30 for losing)\n|l|\u2606Tired of Paradox\n","uploadtime":1700229160,"views":5,"p1id":"justradalex","p2id":"tiredofparadox","formatid":"gen9doublesou","rating":1256,"private":0,"password":""}