{"id":"gen9doublesou-1978517328","p1":"Primal Latios","p2":"roglogman","format":"[Gen 9] Doubles OU","log":"|j|\u2606Primal Latios\n|j|\u2606roglogman\n|t:|1698549437\n|gametype|doubles\n|player|p1|Primal Latios|266|1265\n|player|p2|roglogman|gambler|1261\n|teamsize|p1|6\n|teamsize|p2|6\n|gen|9\n|tier|[Gen 9] Doubles OU\n|rated|\n|rule|Species Clause: Limit one of each Pok\u00e9mon\n|rule|OHKO Clause: OHKO moves are banned\n|rule|Evasion Moves Clause: Evasion moves are banned\n|rule|Gravity Sleep Clause: The combination of sleep-inducing moves with imperfect accuracy and Gravity or Gigantamax Orbeetle are banned\n|rule|Endless Battle Clause: Forcing endless battles is banned\n|rule|HP Percentage Mod: HP is shown in percentages\n|clearpoke\n|poke|p1|Ambipom, M|\n|poke|p1|Dedenne, F|\n|poke|p1|Thundurus, M|\n|poke|p1|Sawsbuck, M|\n|poke|p1|Landorus-Therian, M|\n|poke|p1|Iron Hands|\n|poke|p2|Kommo-o, M|\n|poke|p2|Kingambit, M|\n|poke|p2|Tornadus, M|\n|poke|p2|Ogerpon-Wellspring, F|\n|poke|p2|Flutter Mane|\n|poke|p2|Torkoal, F|\n|teampreview\n|\n|t:|1698549464\n|start\n|switch|p1a: Charles|Ambipom, M|100\/100\n|switch|p1b: Mice|Dedenne, F|100\/100\n|switch|p2a: Kommo-o|Kommo-o, M|100\/100\n|switch|p2b: Tornadus|Tornadus, M|100\/100\n|turn|1\n|inactive|Battle timer is ON: inactive players will automatically lose when time's up. (requested by roglogman)\n|inactive|Primal Latios has 120 seconds left.\n|\n|t:|1698549516\n|move|p1a: Charles|Fake Out|p2b: Tornadus\n|-damage|p2b: Tornadus|79\/100\n|cant|p2b: Tornadus|flinch\n|move|p1b: Mice|Nuzzle|p2a: Kommo-o\n|-resisted|p2a: Kommo-o\n|-damage|p2a: Kommo-o|98\/100\n|-status|p2a: Kommo-o|par\n|move|p2a: Kommo-o|Clangorous Soul|p2a: Kommo-o\n|-boost|p2a: Kommo-o|atk|1\n|-boost|p2a: Kommo-o|def|1\n|-boost|p2a: Kommo-o|spa|1\n|-boost|p2a: Kommo-o|spd|1\n|-boost|p2a: Kommo-o|spe|1\n|-damage|p2a: Kommo-o|65\/100 par\n|-enditem|p2a: Kommo-o|Throat Spray\n|-boost|p2a: Kommo-o|spa|1|[from] item: Throat Spray\n|\n|-heal|p2b: Tornadus|85\/100|[from] item: Leftovers\n|upkeep\n|turn|2\n|inactive|Primal Latios has 120 seconds left.\n|\n|t:|1698549549\n|move|p1b: Mice|Protect|p1b: Mice\n|-singleturn|p1b: Mice|Protect\n|move|p2b: Tornadus|Tailwind|p2b: Tornadus\n|-sidestart|p2: roglogman|move: Tailwind\n|move|p1a: Charles|Thunder Wave|p2b: Tornadus\n|-status|p2b: Tornadus|par\n|cant|p2a: Kommo-o|par\n|\n|-heal|p2b: Tornadus|91\/100 par|[from] item: Leftovers\n|upkeep\n|turn|3\n|\n|t:|1698549564\n|move|p1a: Charles|Fling|p2b: Tornadus\n|-damage|p2b: Tornadus|79\/100 par\n|-enditem|p1a: Charles|King's Rock|[from] move: Fling\n|move|p1b: Mice|Fling|p2a: Kommo-o\n|-resisted|p2a: Kommo-o\n|-damage|p2a: Kommo-o|63\/100 par\n|-enditem|p1b: Mice|Razor Fang|[from] move: Fling\n|cant|p2a: Kommo-o|flinch\n|cant|p2b: Tornadus|flinch\n|\n|-heal|p2b: Tornadus|85\/100 par|[from] item: Leftovers\n|-item|p1a: Charles|Razor Fang|[from] ability: Pickup\n|-item|p1b: Mice|King's Rock|[from] ability: Pickup\n|upkeep\n|turn|4\n|\n|t:|1698549578\n|move|p1a: Charles|Fling|p2b: Tornadus\n|-damage|p2b: Tornadus|73\/100 par\n|-enditem|p1a: Charles|Razor Fang|[from] move: Fling\n|move|p1b: Mice|Fling|p2a: Kommo-o\n|-resisted|p2a: Kommo-o\n|-damage|p2a: Kommo-o|61\/100 par\n|-enditem|p1b: Mice|King's Rock|[from] move: Fling\n|cant|p2a: Kommo-o|flinch\n|cant|p2b: Tornadus|flinch\n|\n|-heal|p2b: Tornadus|79\/100 par|[from] item: Leftovers\n|-item|p1a: Charles|King's Rock|[from] ability: Pickup\n|-item|p1b: Mice|Razor Fang|[from] ability: Pickup\n|upkeep\n|turn|5\n|\n|t:|1698549607\n|switch|p2a: Kingambit|Kingambit, M|100\/100\n|switch|p2b: Ogerpon|Ogerpon-Wellspring, F|100\/100\n|move|p1a: Charles|Fling|p2b: Ogerpon\n|-damage|p2b: Ogerpon|89\/100\n|-enditem|p1a: Charles|King's Rock|[from] move: Fling\n|move|p1b: Mice|Fling|p2a: Kingambit\n|-resisted|p2a: Kingambit\n|-damage|p2a: Kingambit|98\/100\n|-enditem|p1b: Mice|Razor Fang|[from] move: Fling\n|\n|-sideend|p2: roglogman|move: Tailwind\n|-item|p1a: Charles|Razor Fang|[from] ability: Pickup\n|-item|p1b: Mice|King's Rock|[from] ability: Pickup\n|upkeep\n|turn|6\n|inactive|roglogman has 120 seconds left.\n|inactive|roglogman has 90 seconds left.\n|\n|t:|1698549685\n|move|p1a: Charles|Thunder Wave|p2a: Kingambit\n|-status|p2a: Kingambit|par\n|move|p2b: Ogerpon|Ivy Cudgel|p1b: Mice\n|-damage|p1b: Mice|0 fnt\n|faint|p1b: Mice\n|cant|p2a: Kingambit|par\n|\n|upkeep\n|inactive|Primal Latios has 120 seconds left.\n|\n|t:|1698549705\n|switch|p1b: Varius|Thundurus, M, shiny|100\/100\n|turn|7\n|inactive|roglogman has 90 seconds left.\n|\n|t:|1698549729\n|switch|p1a: Roch Rocher|Landorus-Therian, M|100\/100\n|-ability|p1a: Roch Rocher|Intimidate|boost\n|-unboost|p2a: Kingambit|atk|1\n|-ability|p2a: Kingambit|Defiant|boost\n|-boost|p2a: Kingambit|atk|2\n|-unboost|p2b: Ogerpon|atk|1\n|move|p1b: Varius|Wildbolt Storm|p2a: Kingambit|[spread] p2b\n|-miss|p1b: Varius|p2a: Kingambit\n|-crit|p2b: Ogerpon\n|-damage|p2b: Ogerpon|25\/100\n|move|p2b: Ogerpon|Play Rough|p1b: Varius\n|-damage|p1b: Varius|67\/100\n|move|p2a: Kingambit|Kowtow Cleave|p1b: Varius\n|-damage|p1b: Varius|0 fnt\n|faint|p1b: Varius\n|\n|upkeep\n|inactive|Primal Latios has 120 seconds left.\n|\n|t:|1698549750\n|switch|p1b: Safety|Iron Hands|100\/100\n|turn|8\n|\n|t:|1698549760\n|-terastallize|p2a: Kingambit|Flying\n|move|p1a: Roch Rocher|Stomping Tantrum|p2b: Ogerpon\n|-resisted|p2b: Ogerpon\n|-damage|p2b: Ogerpon|0 fnt\n|faint|p2b: Ogerpon\n|move|p1b: Safety|Drain Punch|p2a: Kingambit\n|-resisted|p2a: Kingambit\n|-damage|p2a: Kingambit|85\/100 par\n|move|p2a: Kingambit|Tera Blast|p1b: Safety|[anim] Tera Blast Flying\n|-damage|p1b: Safety|61\/100\n|\n|upkeep\n|\n|t:|1698549775\n|switch|p2b: Flutter Mane|Flutter Mane|100\/100\n|turn|9\n|inactive|roglogman has 120 seconds left.\n|\n|t:|1698549790\n|move|p1a: Roch Rocher|Stomping Tantrum|p2b: Flutter Mane\n|-damage|p2b: Flutter Mane|16\/100\n|move|p2b: Flutter Mane|Dazzling Gleam|p1a: Roch Rocher|[spread] p1a,p1b\n|-supereffective|p1b: Safety\n|-damage|p1a: Roch Rocher|37\/100\n|-damage|p1b: Safety|0 fnt\n|faint|p1b: Safety\n|-end|p1b: Safety|Quark Drive|[silent]\n|move|p2a: Kingambit|Tera Blast|p1a: Roch Rocher|[anim] Tera Blast Flying\n|-damage|p1a: Roch Rocher|0 fnt\n|faint|p1a: Roch Rocher\n|\n|upkeep\n|\n|t:|1698549799\n|switch|p1a: Milwaukee|Sawsbuck, M|100\/100\n|switch|p1b: Charles|Ambipom, M|100\/100\n|turn|10\n|\n|t:|1698549816\n|move|p2b: Flutter Mane|Dazzling Gleam|p1b: Charles|[spread] p1a,p1b\n|-damage|p1a: Milwaukee|26\/100\n|-damage|p1b: Charles|19\/100\n|move|p1b: Charles|Fling|p2b: Flutter Mane\n|-damage|p2b: Flutter Mane|0 fnt\n|-enditem|p1b: Charles|Razor Fang|[from] move: Fling\n|faint|p2b: Flutter Mane\n|-end|p2b: Flutter Mane|Protosynthesis|[silent]\n|move|p1a: Milwaukee|Zen Headbutt|p2a: Kingambit\n|-damage|p2a: Kingambit|66\/100 par\n|move|p2a: Kingambit|Tera Blast|p1a: Milwaukee|[anim] Tera Blast Flying\n|-supereffective|p1a: Milwaukee\n|-damage|p1a: Milwaukee|0 fnt\n|faint|p1a: Milwaukee\n|\n|upkeep\n|\n|t:|1698549832\n|switch|p2b: Torkoal|Torkoal, F|100\/100\n|-weather|SunnyDay|[from] ability: Drought|[of] p2b: Torkoal\n|turn|11\n|\n|t:|1698549840\n|move|p1b: Charles|Thunder Wave|p2b: Torkoal\n|-status|p2b: Torkoal|par\n|move|p2a: Kingambit|Tera Blast|p1b: Charles|[anim] Tera Blast Flying\n|-damage|p1b: Charles|0 fnt\n|faint|p1b: Charles\n|\n|win|roglogman\n|raw|Primal Latios's rating: 1265 &rarr; <strong>1240<\/strong><br \/>(-25 for losing)\n|raw|roglogman's rating: 1261 &rarr; <strong>1286<\/strong><br \/>(+25 for winning)\n","uploadtime":1698549848,"views":27,"p1id":"primallatios","p2id":"roglogman","formatid":"gen9doublesou","rating":1240,"private":0,"password":""}