{"id":"gen9doublesou-1989271168","p1":"jackgw","p2":"lpnlpn","format":"[Gen 9] Doubles OU","log":"|j|\u2606jackgw\n|j|\u2606lpnlpn\n|t:|1699830292\n|gametype|doubles\n|player|p1|jackgw|2|1239\n|player|p2|lpnlpn|lusamine-nihilego|1250\n|teamsize|p1|6\n|teamsize|p2|6\n|gen|9\n|tier|[Gen 9] Doubles OU\n|rated|\n|rule|Species Clause: Limit one of each Pok\u00e9mon\n|rule|OHKO Clause: OHKO moves are banned\n|rule|Evasion Moves Clause: Evasion moves are banned\n|rule|Gravity Sleep Clause: The combination of sleep-inducing moves with imperfect accuracy and Gravity or Gigantamax Orbeetle are banned\n|rule|Endless Battle Clause: Forcing endless battles is banned\n|rule|HP Percentage Mod: HP is shown in percentages\n|clearpoke\n|poke|p1|Cresselia, F|\n|poke|p1|Torkoal, F|\n|poke|p1|Amoonguss, F|\n|poke|p1|Ursaluna, F|\n|poke|p1|Sinistcha-Masterpiece|\n|poke|p1|Diancie|\n|poke|p2|Amoonguss, M|\n|poke|p2|Garganacl, M|\n|poke|p2|Gastrodon, F|\n|poke|p2|Grimmsnarl, M|\n|poke|p2|Arcanine, F|\n|poke|p2|Tyranitar, M|\n|teampreview\n|\n|t:|1699830315\n|start\n|switch|p1a: Cresselia|Cresselia, F, shiny|100\/100\n|switch|p1b: shroom|Amoonguss, F, shiny|100\/100\n|switch|p2a: Garganacl|Garganacl, M|100\/100\n|switch|p2b: Goblindeeznuts|Grimmsnarl, M|100\/100\n|turn|1\n|\n|t:|1699830350\n|move|p2b: Goblindeeznuts|Light Screen|p2b: Goblindeeznuts\n|-sidestart|p2: lpnlpn|move: Light Screen\n|move|p2a: Garganacl|Salt Cure|p1a: Cresselia\n|-damage|p1a: Cresselia|92\/100\n|-start|p1a: Cresselia|Salt Cure\n|move|p1b: shroom|Spore|p2a: Garganacl\n|-immune|p2a: Garganacl|[from] ability: Purifying Salt\n|move|p1a: Cresselia|Trick Room|p1a: Cresselia\n|-fieldstart|move: Trick Room|[of] p1a: Cresselia\n|\n|-heal|p1a: Cresselia|98\/100|[from] item: Leftovers\n|-damage|p1a: Cresselia|86\/100|[from] Salt Cure\n|upkeep\n|turn|2\n|\n|t:|1699830381\n|switch|p2b: Sus mf|Amoonguss, M|100\/100\n|switch|p1a: Torkoal|Torkoal, F|100\/100\n|-weather|SunnyDay|[from] ability: Drought|[of] p1a: Torkoal\n|move|p1b: shroom|Spore|p2b: Sus mf\n|-immune|p2b: Sus mf\n|move|p2a: Garganacl|Stealth Rock|p1b: shroom\n|-sidestart|p1: jackgw|move: Stealth Rock\n|\n|-weather|SunnyDay|[upkeep]\n|upkeep\n|turn|3\n|\n|t:|1699830406\n|switch|p1b: backup|Sinistcha-Masterpiece, shiny|100\/100\n|-damage|p1b: backup|88\/100|[from] Stealth Rock\n|move|p2a: Garganacl|Wide Guard|p2a: Garganacl\n|-singleturn|p2a: Garganacl|Wide Guard\n|move|p1a: Torkoal|Eruption|p2a: Garganacl|[spread] \n|-activate|p2a: Garganacl|move: Wide Guard\n|-activate|p2b: Sus mf|move: Wide Guard\n|move|p2b: Sus mf|Spore|p1a: Torkoal\n|-status|p1a: Torkoal|slp|[from] move: Spore\n|\n|-weather|SunnyDay|[upkeep]\n|upkeep\n|turn|4\n|\n|t:|1699830459\n|switch|p2b: Dwayne Johnson|Tyranitar, M|100\/100\n|-weather|Sandstorm|[from] ability: Sand Stream|[of] p2b: Dwayne Johnson\n|cant|p1a: Torkoal|slp\n|move|p2a: Garganacl|Salt Cure|p1b: backup\n|-crit|p1b: backup\n|-damage|p1b: backup|70\/100\n|-start|p1b: backup|Salt Cure\n|move|p1b: backup|Matcha Gotcha|p2a: Garganacl|[spread] p2a\n|-miss|p1b: backup|p2b: Dwayne Johnson\n|-supereffective|p2a: Garganacl\n|-damage|p2a: Garganacl|81\/100\n|-heal|p1b: backup|81\/100|[from] drain|[of] p2a: Garganacl\n|\n|-weather|Sandstorm|[upkeep]\n|-damage|p1a: Torkoal|94\/100 slp|[from] Sandstorm\n|-damage|p1b: backup|75\/100|[from] Sandstorm\n|-heal|p1a: Torkoal|100\/100 slp|[from] item: Leftovers\n|-heal|p2a: Garganacl|88\/100|[from] item: Leftovers\n|-damage|p1b: backup|63\/100|[from] Salt Cure\n|upkeep\n|turn|5\n|\n|t:|1699830480\n|switch|p1a: Cresselia|Cresselia, F, shiny|86\/100\n|-damage|p1a: Cresselia|74\/100|[from] Stealth Rock\n|move|p2a: Garganacl|Wide Guard|p2a: Garganacl\n|-singleturn|p2a: Garganacl|Wide Guard\n|move|p1b: backup|Matcha Gotcha|p2b: Dwayne Johnson|[spread] \n|-activate|p2a: Garganacl|move: Wide Guard\n|-activate|p2b: Dwayne Johnson|move: Wide Guard\n|move|p2b: Dwayne Johnson|Rock Slide|p1a: Cresselia|[spread] p1b\n|-miss|p2b: Dwayne Johnson|p1a: Cresselia\n|-damage|p1b: backup|34\/100\n|\n|-weather|Sandstorm|[upkeep]\n|-damage|p1b: backup|28\/100|[from] Sandstorm\n|-damage|p1a: Cresselia|68\/100|[from] Sandstorm\n|-heal|p2a: Garganacl|94\/100|[from] item: Leftovers\n|-heal|p1a: Cresselia|74\/100|[from] item: Leftovers\n|-damage|p1b: backup|15\/100|[from] Salt Cure\n|-fieldend|move: Trick Room\n|upkeep\n|turn|6\n|\n|t:|1699830511\n|switch|p1b: Ursaluna|Ursaluna, F|100\/100\n|-damage|p1b: Ursaluna|94\/100|[from] Stealth Rock\n|move|p2b: Dwayne Johnson|Crunch|p1a: Cresselia\n|-supereffective|p1a: Cresselia\n|-damage|p1a: Cresselia|16\/100\n|move|p1a: Cresselia|Calm Mind|p1a: Cresselia\n|-boost|p1a: Cresselia|spa|1\n|-boost|p1a: Cresselia|spd|1\n|move|p2a: Garganacl|Salt Cure|p1a: Cresselia\n|-damage|p1a: Cresselia|8\/100\n|-start|p1a: Cresselia|Salt Cure\n|\n|-weather|Sandstorm|[upkeep]\n|-damage|p1a: Cresselia|2\/100|[from] Sandstorm\n|-heal|p1a: Cresselia|8\/100|[from] item: Leftovers\n|-heal|p2a: Garganacl|99\/100|[from] item: Leftovers\n|-damage|p1a: Cresselia|0 fnt|[from] Salt Cure\n|faint|p1a: Cresselia\n|-status|p1b: Ursaluna|brn|[from] item: Flame Orb\n|upkeep\n|\n|t:|1699830521\n|switch|p1a: backup|Sinistcha-Masterpiece, shiny|15\/100\n|-damage|p1a: backup|3\/100|[from] Stealth Rock\n|-heal|p1b: Ursaluna|100\/100 brn|[from] ability: Hospitality|[of] p1a: backup\n|turn|7\n|\n|t:|1699830560\n|move|p2a: Garganacl|Wide Guard|p2a: Garganacl\n|-singleturn|p2a: Garganacl|Wide Guard\n|move|p2b: Dwayne Johnson|Earthquake|p1b: Ursaluna|[spread] p1a,p1b\n|-activate|p2a: Garganacl|move: Wide Guard\n|-resisted|p1a: backup\n|-damage|p1a: backup|0 fnt\n|-damage|p1b: Ursaluna|79\/100 brn\n|faint|p1a: backup\n|move|p1b: Ursaluna|Earthquake|p2a: Garganacl|[spread] \n|-activate|p2a: Garganacl|move: Wide Guard\n|-activate|p2b: Dwayne Johnson|move: Wide Guard\n|\n|-weather|Sandstorm|[upkeep]\n|-heal|p2a: Garganacl|100\/100|[from] item: Leftovers\n|-damage|p1b: Ursaluna|72\/100 brn|[from] brn\n|upkeep\n|-message|jackgw forfeited.\n|\n|win|lpnlpn\n|raw|jackgw's rating: 1239 &rarr; <strong>1215<\/strong><br \/>(-24 for losing)\n|raw|lpnlpn's rating: 1250 &rarr; <strong>1274<\/strong><br \/>(+24 for winning)\n|l|\u2606jackgw\n","uploadtime":1699830582,"views":5,"p1id":"jackgw","p2id":"lpnlpn","formatid":"gen9doublesou","rating":1215,"private":0,"password":""}