{"id":"gen9doublesou-1977729960","p1":"Critian Caceorte","p2":"dommiemommie","format":"[Gen 9] Doubles OU","log":"|j|\u2606Critian Caceorte\n|j|\u2606dommiemommie\n|t:|1698443018\n|gametype|doubles\n|player|p1|Critian Caceorte|170|1146\n|player|p2|dommiemommie|265|1179\n|teamsize|p1|6\n|teamsize|p2|6\n|gen|9\n|tier|[Gen 9] Doubles OU\n|rated|\n|rule|Species Clause: Limit one of each Pok\u00e9mon\n|rule|OHKO Clause: OHKO moves are banned\n|rule|Evasion Moves Clause: Evasion moves are banned\n|rule|Gravity Sleep Clause: The combination of sleep-inducing moves with imperfect accuracy and Gravity or Gigantamax Orbeetle are banned\n|rule|Endless Battle Clause: Forcing endless battles is banned\n|rule|HP Percentage Mod: HP is shown in percentages\n|clearpoke\n|poke|p1|Amoonguss, F|\n|poke|p1|Arbok, F|\n|poke|p1|Weezing-Galar, M|\n|poke|p1|Sneasler, M|\n|poke|p1|Muk-Alola, M|\n|poke|p1|Iron Moth|\n|poke|p2|Ogerpon-Hearthflame, F|\n|poke|p2|Roaring Moon|\n|poke|p2|Ninetales, M|\n|poke|p2|Lilligant-Hisui, F|\n|poke|p2|Farigiraf, F|\n|poke|p2|Perrserker, M|\n|teampreview\n|\n|t:|1698443058\n|start\n|switch|p1a: Weezing|Weezing-Galar, M|100\/100\n|switch|p1b: Muk|Muk-Alola, M|100\/100\n|switch|p2a: Ninetales|Ninetales, M|100\/100\n|switch|p2b: Ogerpon|Ogerpon-Hearthflame, F|100\/100\n|-weather|SunnyDay|[from] ability: Drought|[of] p2a: Ninetales\n|-ability|p2b: Ogerpon|Mold Breaker\n|turn|1\n|\n|t:|1698443075\n|move|p1b: Muk|Protect|p1b: Muk\n|-singleturn|p1b: Muk|Protect\n|move|p2a: Ninetales|Flamethrower|p1b: Muk\n|-activate|p1b: Muk|move: Protect\n|move|p2b: Ogerpon|Ivy Cudgel|p1b: Muk\n|-activate|p1b: Muk|move: Protect\n|move|p1a: Weezing|Explosion|p2a: Ninetales|[spread] p2a,p2b\n|-activate|p1b: Muk|move: Protect\n|-damage|p2a: Ninetales|0 fnt\n|-damage|p2b: Ogerpon|10\/100\n|faint|p1a: Weezing\n|-ability|p1b: Muk|Levitate|[from] ability: Power of Alchemy|[of] p1a: Weezing\n|faint|p2a: Ninetales\n|\n|-weather|SunnyDay|[upkeep]\n|upkeep\n|\n|t:|1698443095\n|switch|p2a: Farigiraf|Farigiraf, F|100\/100\n|switch|p1a: Arbok|Arbok, F|100\/100\n|-ability|p1a: Arbok|Intimidate|boost\n|-unboost|p2a: Farigiraf|atk|1\n|-unboost|p2b: Ogerpon|atk|1\n|turn|2\n|\n|t:|1698443116\n|move|p2a: Farigiraf|Helping Hand|p2b: Ogerpon\n|-singleturn|p2b: Ogerpon|Helping Hand|[of] p2a: Farigiraf\n|move|p2b: Ogerpon|Ivy Cudgel|p1b: Muk\n|-damage|p1b: Muk|0 fnt\n|faint|p1b: Muk\n|move|p1a: Arbok|Glare|p2a: Farigiraf\n|-status|p2a: Farigiraf|par\n|\n|-weather|SunnyDay|[upkeep]\n|upkeep\n|\n|t:|1698443125\n|switch|p1b: Iron Moth|Iron Moth|100\/100\n|-enditem|p1b: Iron Moth|Booster Energy\n|-activate|p1b: Iron Moth|ability: Quark Drive|[fromitem]\n|-start|p1b: Iron Moth|quarkdrivespa\n|turn|3\n|\n|t:|1698443149\n|-terastallize|p1b: Iron Moth|Fire\n|move|p2a: Farigiraf|Ally Switch|p2a: Farigiraf\n|swap|p2a: Farigiraf|1|[from] move: Ally Switch\n|move|p1b: Iron Moth|Heat Wave|p2a: Ogerpon|[spread] p2a,p2b\n|-damage|p2a: Ogerpon|0 fnt\n|-damage|p2b: Farigiraf|0 fnt\n|faint|p2a: Ogerpon\n|faint|p2b: Farigiraf\n|move|p1a: Arbok|Glare|p2: Ogerpon|[notarget]\n|-fail|p1a: Arbok\n|\n|-weather|SunnyDay|[upkeep]\n|upkeep\n|\n|t:|1698443173\n|switch|p2a: Lilligant|Lilligant-Hisui, F|100\/100\n|switch|p2b: Roaring Moon|Roaring Moon|100\/100\n|-activate|p2b: Roaring Moon|ability: Protosynthesis\n|-start|p2b: Roaring Moon|protosynthesisatk\n|turn|4\n|\n|t:|1698443212\n|-terastallize|p2b: Roaring Moon|Water\n|move|p2a: Lilligant|Ice Spinner|p1a: Arbok\n|-damage|p1a: Arbok|55\/100\n|move|p2b: Roaring Moon|Dragon Dance|p2b: Roaring Moon\n|-boost|p2b: Roaring Moon|atk|1\n|-boost|p2b: Roaring Moon|spe|1\n|move|p1b: Iron Moth|Heat Wave|p2b: Roaring Moon|[spread] p2a,p2b\n|-supereffective|p2a: Lilligant\n|-resisted|p2b: Roaring Moon\n|-damage|p2a: Lilligant|0 fnt\n|-damage|p2b: Roaring Moon|48\/100\n|faint|p2a: Lilligant\n|move|p1a: Arbok|Glare|p2b: Roaring Moon\n|-status|p2b: Roaring Moon|par\n|\n|-weather|SunnyDay|[upkeep]\n|upkeep\n|\n|t:|1698443219\n|switch|p2a: Perrserker|Perrserker, M|100\/100\n|turn|5\n|\n|t:|1698443233\n|move|p1b: Iron Moth|Heat Wave|p2a: Perrserker|[spread] p2a,p2b\n|-supereffective|p2a: Perrserker\n|-resisted|p2b: Roaring Moon\n|-damage|p2a: Perrserker|0 fnt\n|-damage|p2b: Roaring Moon|0 fnt\n|faint|p2a: Perrserker\n|faint|p2b: Roaring Moon\n|-end|p2b: Roaring Moon|Protosynthesis|[silent]\n|\n|win|Critian Caceorte\n|raw|Critian Caceorte's rating: 1146 &rarr; <strong>1173<\/strong><br \/>(+27 for winning)\n|raw|dommiemommie's rating: 1179 &rarr; <strong>1152<\/strong><br \/>(-27 for losing)\n|c|\u2606dommiemommie|gg\n|c|\u2606Critian Caceorte|gg\n|l|\u2606dommiemommie\n","uploadtime":1698443243,"views":28,"p1id":"critiancaceorte","p2id":"dommiemommie","formatid":"gen9doublesou","rating":1152,"private":0,"password":""}