{"id":"gen9doublesou-1981318089","p1":"Jourvicious","p2":"doggle4","format":"[Gen 9] Doubles OU","log":"|j|\u2606Jourvicious\n|j|\u2606doggle4\n|t:|1698883070\n|gametype|doubles\n|player|p1|Jourvicious|lisia-masters|1542\n|player|p2|doggle4|169|1632\n|teamsize|p1|6\n|teamsize|p2|6\n|gen|9\n|tier|[Gen 9] Doubles OU\n|rated|\n|rule|Species Clause: Limit one of each Pok\u00e9mon\n|rule|OHKO Clause: OHKO moves are banned\n|rule|Evasion Moves Clause: Evasion moves are banned\n|rule|Gravity Sleep Clause: The combination of sleep-inducing moves with imperfect accuracy and Gravity or Gigantamax Orbeetle are banned\n|rule|Endless Battle Clause: Forcing endless battles is banned\n|rule|HP Percentage Mod: HP is shown in percentages\n|clearpoke\n|poke|p1|Kommo-o, F|\n|poke|p1|Shiftry, F|\n|poke|p1|Tornadus, M|\n|poke|p1|Arcanine-Hisui, M|\n|poke|p1|Sinistcha-Masterpiece|\n|poke|p1|Ninetales-Alola, F|\n|poke|p2|Okidogi, M|\n|poke|p2|Grimmsnarl, M|\n|poke|p2|Dragonite, M|\n|poke|p2|Sinistcha-Masterpiece|\n|poke|p2|Goodra-Hisui, F|\n|poke|p2|Pelipper, F|\n|teampreview\n|inactive|Battle timer is ON: inactive players will automatically lose when time's up. (requested by Jourvicious)\n|inactive|doggle4 has 120 seconds left.\n|\n|t:|1698883108\n|start\n|switch|p1a: Kommo-o|Kommo-o, F|100\/100\n|switch|p1b: Tornadus|Tornadus, M|100\/100\n|switch|p2a: Dragonite|Dragonite, M|100\/100\n|switch|p2b: Okidogi|Okidogi, M|100\/100\n|turn|1\n|\n|t:|1698883137\n|-terastallize|p2a: Dragonite|Normal\n|move|p1b: Tornadus|Tailwind|p1b: Tornadus\n|-sidestart|p1: Jourvicious|move: Tailwind\n|move|p1a: Kommo-o|Clangorous Soul|p1a: Kommo-o\n|-boost|p1a: Kommo-o|atk|1\n|-boost|p1a: Kommo-o|def|1\n|-boost|p1a: Kommo-o|spa|1\n|-boost|p1a: Kommo-o|spd|1\n|-boost|p1a: Kommo-o|spe|1\n|-damage|p1a: Kommo-o|68\/100\n|move|p2b: Okidogi|Drain Punch|p1a: Kommo-o\n|-damage|p1a: Kommo-o|51\/100\n|move|p2a: Dragonite|Fire Punch|p1a: Kommo-o\n|-resisted|p1a: Kommo-o\n|-damage|p1a: Kommo-o|40\/100\n|\n|upkeep\n|turn|2\n|j| quesitoooo\n|inactive|doggle4 has 120 seconds left.\n|\n|t:|1698883173\n|switch|p2a: Pelipper|Pelipper, F|100\/100\n|-weather|RainDance|[from] ability: Drizzle|[of] p2a: Pelipper\n|move|p1a: Kommo-o|Drain Punch|p2a: Pelipper\n|-resisted|p2a: Pelipper\n|-damage|p2a: Pelipper|79\/100\n|-heal|p1a: Kommo-o|50\/100|[from] drain|[of] p2a: Pelipper\n|-damage|p1a: Kommo-o|34\/100|[from] item: Rocky Helmet|[of] p2a: Pelipper\n|move|p1b: Tornadus|Fling|p2b: Okidogi\n|-resisted|p2b: Okidogi\n|-crit|p2b: Okidogi\n|-damage|p2b: Okidogi|97\/100\n|-enditem|p1b: Tornadus|King's Rock|[from] move: Fling\n|cant|p2b: Okidogi|flinch\n|\n|-weather|RainDance|[upkeep]\n|upkeep\n|turn|3\n|c| quesitoooo|hi im viewer\n|inactive|doggle4 has 120 seconds left.\n|c|\u2606Jourvicious|hi im player\n|inactive|Jourvicious has 120 seconds left.\n|\n|t:|1698883210\n|move|p2a: Pelipper|Helping Hand|p2b: Okidogi\n|-singleturn|p2b: Okidogi|Helping Hand|[of] p2a: Pelipper\n|move|p1a: Kommo-o|Iron Head|p2a: Pelipper\n|-resisted|p2a: Pelipper\n|-damage|p2a: Pelipper|64\/100\n|-damage|p1a: Kommo-o|17\/100|[from] item: Rocky Helmet|[of] p2a: Pelipper\n|move|p1b: Tornadus|Bleakwind Storm|p2a: Pelipper|[spread] p2a,p2b\n|-supereffective|p2b: Okidogi\n|-crit|p2b: Okidogi\n|-damage|p2a: Pelipper|19\/100\n|-damage|p2b: Okidogi|48\/100\n|move|p2b: Okidogi|Drain Punch|p1a: Kommo-o\n|-damage|p1a: Kommo-o|0 fnt\n|-heal|p2b: Okidogi|55\/100|[from] drain|[of] p1a: Kommo-o\n|faint|p1a: Kommo-o\n|\n|-weather|RainDance|[upkeep]\n|upkeep\n|c| quesitoooo|\ud83d\ude02\n|\n|t:|1698883226\n|switch|p1a: Shiftry|Shiftry, F, shiny|100\/100\n|-ability|p1a: Shiftry|Wind Rider|boost\n|-boost|p1a: Shiftry|atk|1\n|turn|4\n|\n|t:|1698883241\n|move|p2a: Pelipper|Helping Hand|p2b: Okidogi\n|-singleturn|p2b: Okidogi|Helping Hand|[of] p2a: Pelipper\n|move|p1a: Shiftry|Fake Out|p2b: Okidogi\n|-damage|p2b: Okidogi|41\/100\n|move|p1b: Tornadus|Bleakwind Storm|p2b: Okidogi|[spread] p2a,p2b\n|-supereffective|p2b: Okidogi\n|-damage|p2a: Pelipper|0 fnt\n|-damage|p2b: Okidogi|13\/100\n|faint|p2a: Pelipper\n|cant|p2b: Okidogi|flinch\n|\n|-weather|RainDance|[upkeep]\n|-sideend|p1: Jourvicious|move: Tailwind\n|upkeep\n|\n|t:|1698883254\n|switch|p2a: Grimmsnarl|Grimmsnarl, M|100\/100\n|turn|5\n|\n|t:|1698883269\n|switch|p2b: Goodra|Goodra-Hisui, F|100\/100\n|move|p1b: Tornadus|Tailwind|p1b: Tornadus\n|-sidestart|p1: Jourvicious|move: Tailwind\n|-ability|p1a: Shiftry|Wind Rider|boost\n|-boost|p1a: Shiftry|atk|1\n|move|p2a: Grimmsnarl|Reflect|p2a: Grimmsnarl\n|-sidestart|p2: doggle4|Reflect\n|move|p1a: Shiftry|Leaf Blade|p2b: Goodra\n|-resisted|p2b: Goodra\n|-damage|p2b: Goodra|88\/100\n|-ability|p2b: Goodra|Gooey\n|-unboost|p1a: Shiftry|spe|1\n|\n|-weather|RainDance|[upkeep]\n|-heal|p2b: Goodra|94\/100|[from] item: Leftovers\n|upkeep\n|turn|6\n|inactive|doggle4 has 120 seconds left.\n|\n|t:|1698883300\n|switch|p1b: Ninetales|Ninetales-Alola, F|100\/100\n|-weather|Snow|[from] ability: Snow Warning|[of] p1b: Ninetales\n|move|p2a: Grimmsnarl|Light Screen|p2a: Grimmsnarl\n|-sidestart|p2: doggle4|move: Light Screen\n|move|p1a: Shiftry|Low Kick|p2b: Goodra\n|-supereffective|p2b: Goodra\n|-damage|p2b: Goodra|9\/100\n|-ability|p2b: Goodra|Gooey\n|-unboost|p1a: Shiftry|spe|1\n|move|p2b: Goodra|Acid Armor|p2b: Goodra\n|-boost|p2b: Goodra|def|2\n|\n|-weather|Snow|[upkeep]\n|-heal|p2b: Goodra|15\/100|[from] item: Leftovers\n|upkeep\n|turn|7\n|c| quesitoooo|Lest go, jour!\n|inactive|doggle4 has 120 seconds left.\n|\n|t:|1698883333\n|move|p2b: Goodra|Protect|p2b: Goodra\n|-singleturn|p2b: Goodra|Protect\n|move|p2a: Grimmsnarl|Taunt|p1b: Ninetales\n|-start|p1b: Ninetales|move: Taunt\n|cant|p1b: Ninetales|move: Taunt|Aurora Veil\n|move|p1a: Shiftry|Low Kick|p2b: Goodra\n|-activate|p2b: Goodra|move: Protect\n|\n|-weather|Snow|[upkeep]\n|-heal|p2b: Goodra|21\/100|[from] item: Leftovers\n|upkeep\n|turn|8\n|\n|t:|1698883355\n|switch|p2a: Sinistcha|Sinistcha-Masterpiece|100\/100\n|-heal|p2b: Goodra|46\/100|[from] ability: Hospitality|[of] p2a: Sinistcha\n|move|p1b: Ninetales|Moonblast|p2a: Sinistcha\n|-damage|p2a: Sinistcha|72\/100\n|-unboost|p2a: Sinistcha|spa|1\n|move|p1a: Shiftry|Low Kick|p2b: Goodra\n|-supereffective|p2b: Goodra\n|-damage|p2b: Goodra|0 fnt\n|-ability|p2b: Goodra|Gooey\n|-unboost|p1a: Shiftry|spe|1\n|faint|p2b: Goodra\n|\n|-weather|Snow|[upkeep]\n|-heal|p2a: Sinistcha|78\/100|[from] item: Leftovers\n|-sideend|p1: Jourvicious|move: Tailwind\n|upkeep\n|inactive|doggle4 has 120 seconds left.\n|\n|t:|1698883372\n|switch|p2b: Dragonite|Dragonite, M, tera:Normal|100\/100\n|turn|9\n|\n|t:|1698883384\n|move|p2b: Dragonite|Extreme Speed|p1b: Ninetales\n|-damage|p1b: Ninetales|35\/100\n|move|p1b: Ninetales|Blizzard|p2a: Sinistcha|[spread] p2a,p2b\n|-supereffective|p2a: Sinistcha\n|-damage|p2a: Sinistcha|30\/100\n|-damage|p2b: Dragonite|91\/100\n|move|p2a: Sinistcha|Strength Sap|p1a: Shiftry\n|-unboost|p1a: Shiftry|atk|1\n|-heal|p2a: Sinistcha|100\/100\n|move|p1a: Shiftry|Low Kick|p2b: Dragonite\n|-supereffective|p2b: Dragonite\n|-damage|p2b: Dragonite|19\/100\n|\n|-weather|Snow|[upkeep]\n|-end|p1b: Ninetales|move: Taunt\n|upkeep\n|turn|10\n|j| Solstorm5\n|inactive|Jourvicious has 120 seconds left.\n|\n|t:|1698883421\n|switch|p1b: Tornadus|Tornadus, M|100\/100\n|move|p2b: Dragonite|Extreme Speed|p1b: Tornadus\n|-damage|p1b: Tornadus|26\/100\n|move|p2a: Sinistcha|Strength Sap|p1a: Shiftry\n|-unboost|p1a: Shiftry|atk|1\n|move|p1a: Shiftry|Low Kick|p2b: Dragonite\n|-supereffective|p2b: Dragonite\n|-damage|p2b: Dragonite|0 fnt\n|faint|p2b: Dragonite\n|\n|-weather|none\n|upkeep\n|inactive|doggle4 has 120 seconds left.\n|\n|t:|1698883437\n|switch|p2b: Grimmsnarl|Grimmsnarl, M|100\/100\n|turn|11\n|inactive|doggle4 has 120 seconds left.\n|\n|t:|1698883488\n|switch|p1a: Sinistcha|Sinistcha-Masterpiece|100\/100\n|-heal|p1b: Tornadus|51\/100|[from] ability: Hospitality|[of] p1a: Sinistcha\n|move|p1b: Tornadus|Tailwind|p1b: Tornadus\n|-sidestart|p1: Jourvicious|move: Tailwind\n|move|p2b: Grimmsnarl|Parting Shot|p1a: Sinistcha\n|-unboost|p1a: Sinistcha|atk|1\n|-unboost|p1a: Sinistcha|spa|1\n|\n|t:|1698883496\n|switch|p2b: Okidogi|Okidogi, M|13\/100|[from] Parting Shot\n|move|p2a: Sinistcha|Shadow Ball|p1b: Tornadus\n|-damage|p1b: Tornadus|24\/100\n|\n|upkeep\n|turn|12\n|\n|t:|1698883524\n|switch|p1a: Ninetales|Ninetales-Alola, F|35\/100\n|-weather|Snow|[from] ability: Snow Warning|[of] p1a: Ninetales\n|move|p1b: Tornadus|Bleakwind Storm|p2a: Sinistcha|[spread] p2a\n|-miss|p1b: Tornadus|p2b: Okidogi\n|-supereffective|p2a: Sinistcha\n|-damage|p2a: Sinistcha|49\/100\n|-unboost|p2a: Sinistcha|spe|1\n|move|p2b: Okidogi|Poison Jab|p1a: Ninetales\n|-supereffective|p1a: Ninetales\n|-damage|p1a: Ninetales|0 fnt\n|faint|p1a: Ninetales\n|move|p2a: Sinistcha|Shadow Ball|p1b: Tornadus\n|-damage|p1b: Tornadus|0 fnt\n|faint|p1b: Tornadus\n|\n|-weather|Snow|[upkeep]\n|-heal|p2a: Sinistcha|55\/100|[from] item: Leftovers\n|-sideend|p2: doggle4|Reflect\n|upkeep\n|inactive|Jourvicious has 120 seconds left.\n|\n|t:|1698883545\n|switch|p1a: Shiftry|Shiftry, F, shiny|100\/100\n|switch|p1b: Arcanine|Arcanine-Hisui, M|100\/100\n|-ability|p1b: Arcanine|Intimidate|boost\n|-unboost|p2a: Sinistcha|atk|1\n|-unboost|p2b: Okidogi|atk|1\n|-ability|p1a: Shiftry|Wind Rider|boost\n|-boost|p1a: Shiftry|atk|1\n|turn|13\n|inactive|doggle4 has 120 seconds left.\n|\n|t:|1698883568\n|switch|p2b: Grimmsnarl|Grimmsnarl, M|100\/100\n|move|p1a: Shiftry|Fake Out|p2b: Grimmsnarl\n|-damage|p2b: Grimmsnarl|81\/100\n|move|p1b: Arcanine|Flare Blitz|p2a: Sinistcha\n|-supereffective|p2a: Sinistcha\n|-damage|p2a: Sinistcha|0 fnt\n|faint|p2a: Sinistcha\n|-damage|p1b: Arcanine|82\/100|[from] Recoil\n|\n|-weather|Snow|[upkeep]\n|-sideend|p2: doggle4|move: Light Screen\n|upkeep\n|\n|t:|1698883574\n|switch|p2a: Okidogi|Okidogi, M|13\/100\n|turn|14\n|\n|t:|1698883591\n|move|p2b: Grimmsnarl|Reflect|p2b: Grimmsnarl\n|-sidestart|p2: doggle4|Reflect\n|move|p1b: Arcanine|Flare Blitz|p2a: Okidogi\n|-damage|p2a: Okidogi|0 fnt\n|faint|p2a: Okidogi\n|-damage|p1b: Arcanine|78\/100|[from] Recoil\n|move|p1a: Shiftry|Leaf Blade|p2b: Grimmsnarl\n|-damage|p2b: Grimmsnarl|37\/100\n|\n|-weather|Snow|[upkeep]\n|-sideend|p1: Jourvicious|move: Tailwind\n|upkeep\n|turn|15\n|\n|t:|1698883603\n|move|p2b: Grimmsnarl|Light Screen|p2b: Grimmsnarl\n|-sidestart|p2: doggle4|move: Light Screen\n|move|p1b: Arcanine|Flare Blitz|p2b: Grimmsnarl\n|-damage|p2b: Grimmsnarl|0 fnt\n|faint|p2b: Grimmsnarl\n|-damage|p1b: Arcanine|65\/100|[from] Recoil\n|\n|win|Jourvicious\n|raw|Jourvicious's rating: 1542 &rarr; <strong>1567<\/strong><br \/>(+25 for winning)\n|raw|doggle4's rating: 1632 &rarr; <strong>1607<\/strong><br \/>(-25 for losing)\n|c|\u2606Jourvicious|ggs\n|l|\u2606doggle4\n|c| quesitoooo|you win jour\n|c| quesitoooo|you are pro \ud83d\ude0e\n|c|\u2606Jourvicious|thank you \u2665\n","uploadtime":1698883643,"views":18,"p1id":"jourvicious","p2id":"doggle4","formatid":"gen9doublesou","rating":1567,"private":0,"password":""}