{"id":"gen9doublesou-1993593326","p1":"YuroKun","p2":"b3ast boi","format":"[Gen 9] Doubles OU","log":"|j|\u2606YuroKun\n|j|\u2606b3ast boi\n|t:|1700335390\n|gametype|doubles\n|player|p1|YuroKun|cynthia|1000\n|player|p2|b3ast boi|101|1110\n|teamsize|p1|6\n|teamsize|p2|6\n|gen|9\n|tier|[Gen 9] Doubles OU\n|rated|\n|rule|Species Clause: Limit one of each Pok\u00e9mon\n|rule|OHKO Clause: OHKO moves are banned\n|rule|Evasion Moves Clause: Evasion moves are banned\n|rule|Gravity Sleep Clause: The combination of sleep-inducing moves with imperfect accuracy and Gravity or Gigantamax Orbeetle are banned\n|rule|Endless Battle Clause: Forcing endless battles is banned\n|rule|HP Percentage Mod: HP is shown in percentages\n|clearpoke\n|poke|p1|Torkoal, M|\n|poke|p1|Sawsbuck, F|\n|poke|p1|Charizard, F|\n|poke|p1|Cresselia, F|\n|poke|p1|Chi-Yu|\n|poke|p1|Lilligant-Hisui, F|\n|poke|p2|Sneasler, F|\n|poke|p2|Kingambit, M|\n|poke|p2|Iron Bundle|\n|poke|p2|Sinistcha|\n|poke|p2|Kommo-o, F|\n|poke|p2|Goodra-Hisui, M|\n|teampreview\n|inactive|Battle timer is ON: inactive players will automatically lose when time's up. (requested by b3ast boi)\n|\n|t:|1700335412\n|start\n|switch|p1a: Torkoal|Torkoal, M|100\/100\n|switch|p1b: start praying.|Chi-Yu|100\/100\n|switch|p2a: Sneasler|Sneasler, F|100\/100\n|switch|p2b: Kingambit|Kingambit, M|100\/100\n|-ability|p1b: start praying.|Beads of Ruin\n|-weather|SunnyDay|[from] ability: Drought|[of] p1a: Torkoal\n|turn|1\n|\n|t:|1700335442\n|-terastallize|p2b: Kingambit|Water\n|move|p1b: start praying.|Fire Blast|p2b: Kingambit|[miss]\n|-miss|p1b: start praying.|p2b: Kingambit\n|move|p2a: Sneasler|Dire Claw|p1b: start praying.\n|-damage|p1b: start praying.|37\/100\n|-status|p1b: start praying.|par\n|move|p2b: Kingambit|Swords Dance|p2b: Kingambit\n|-boost|p2b: Kingambit|atk|2\n|move|p1a: Torkoal|Eruption|p2b: Kingambit|[spread] p2a,p2b\n|-resisted|p2b: Kingambit\n|-damage|p2a: Sneasler|7\/100\n|-damage|p2b: Kingambit|52\/100\n|\n|-weather|SunnyDay|[upkeep]\n|upkeep\n|turn|2\n|l|\u2606YuroKun\n|inactive|YuroKun disconnected and has a minute to reconnect!\n|player|p1|\n|j|\u2606YuroKun\n|inactive|YuroKun reconnected and has 110 seconds left.\n|player|p1|YuroKun|cynthia\n|\n|t:|1700335490\n|move|p2b: Kingambit|Sucker Punch|p1b: start praying.\n|-resisted|p1b: start praying.\n|-damage|p1b: start praying.|0 fnt\n|faint|p1b: start praying.\n|-heal|p2b: Kingambit|55\/100|[from] item: Shell Bell|[of] p1: start praying.\n|move|p2a: Sneasler|Dire Claw|p1a: Torkoal\n|-damage|p1a: Torkoal|72\/100\n|-status|p1a: Torkoal|slp\n|cant|p1a: Torkoal|slp\n|\n|-weather|SunnyDay|[upkeep]\n|upkeep\n|\n|t:|1700335504\n|switch|p1b: Lilligant|Lilligant-Hisui, F|100\/100\n|turn|3\n|inactive|YuroKun has 120 seconds left.\n|\n|t:|1700335520\n|switch|p2a: Goodra|Goodra-Hisui, M|100\/100\n|switch|p1a: Sawsbuck|Sawsbuck, F|100\/100\n|move|p1b: Lilligant|Victory Dance|p1b: Lilligant\n|-boost|p1b: Lilligant|atk|1\n|-boost|p1b: Lilligant|def|1\n|-boost|p1b: Lilligant|spe|1\n|move|p2b: Kingambit|Swords Dance|p2b: Kingambit\n|-boost|p2b: Kingambit|atk|2\n|\n|-weather|SunnyDay|[upkeep]\n|upkeep\n|turn|4\n|\n|t:|1700335544\n|move|p2b: Kingambit|Sucker Punch|p1b: Lilligant\n|-resisted|p1b: Lilligant\n|-damage|p1b: Lilligant|38\/100\n|-heal|p2b: Kingambit|60\/100|[from] item: Shell Bell|[of] p1b: Lilligant\n|move|p1b: Lilligant|Close Combat|p2a: Goodra\n|-supereffective|p2a: Goodra\n|-damage|p2a: Goodra|0 fnt\n|-unboost|p1b: Lilligant|def|1\n|-unboost|p1b: Lilligant|spd|1\n|faint|p2a: Goodra\n|move|p1a: Sawsbuck|Horn Leech|p2b: Kingambit\n|-supereffective|p2b: Kingambit\n|-damage|p2b: Kingambit|0 fnt\n|faint|p2b: Kingambit\n|\n|-weather|SunnyDay|[upkeep]\n|upkeep\n|inactive|b3ast boi has 120 seconds left.\n|\n|t:|1700335567\n|switch|p2a: Iron Bundle|Iron Bundle|100\/100\n|switch|p2b: Sinistcha|Sinistcha|100\/100\n|-enditem|p2a: Iron Bundle|Booster Energy\n|-activate|p2a: Iron Bundle|ability: Quark Drive|[fromitem]\n|-start|p2a: Iron Bundle|quarkdrivespa\n|turn|5\n|\n|t:|1700335583\n|move|p2b: Sinistcha|Rage Powder|p2b: Sinistcha\n|-singleturn|p2b: Sinistcha|move: Rage Powder\n|move|p1b: Lilligant|Poison Jab|p2b: Sinistcha\n|-damage|p2b: Sinistcha|62\/100\n|-enditem|p2b: Sinistcha|Red Card|[of] p1b: Lilligant\n|drag|p1b: Torkoal|Torkoal, M|72\/100 slp\n|move|p1a: Sawsbuck|Horn Leech|p2a: Iron Bundle\n|-supereffective|p2a: Iron Bundle\n|-damage|p2a: Iron Bundle|0 fnt\n|faint|p2a: Iron Bundle\n|-end|p2a: Iron Bundle|Quark Drive|[silent]\n|\n|-weather|SunnyDay|[upkeep]\n|upkeep\n|inactive|b3ast boi has 120 seconds left.\n|\n|t:|1700335601\n|switch|p2a: Sneasler|Sneasler, F|7\/100\n|turn|6\n|\n|t:|1700335617\n|switch|p2b: Kommo-o|Kommo-o, F, shiny|100\/100\n|switch|p1b: Charizard|Charizard, F|100\/100\n|move|p1a: Sawsbuck|Horn Leech|p2a: Sneasler\n|-resisted|p2a: Sneasler\n|-damage|p2a: Sneasler|0 fnt\n|faint|p2a: Sneasler\n|\n|-weather|SunnyDay|[upkeep]\n|-damage|p1b: Charizard|88\/100|[from] ability: Solar Power|[of] p1b: Charizard\n|upkeep\n|inactive|b3ast boi has 120 seconds left.\n|\n|t:|1700335630\n|switch|p2a: Sinistcha|Sinistcha|62\/100\n|turn|7\n|\n|t:|1700335643\n|move|p1a: Sawsbuck|Horn Leech|p2b: Kommo-o\n|-resisted|p2b: Kommo-o\n|-damage|p2b: Kommo-o|79\/100\n|move|p1b: Charizard|Hurricane|p2b: Kommo-o\n|-supereffective|p2b: Kommo-o\n|-crit|p2b: Kommo-o\n|-damage|p2b: Kommo-o|0 fnt\n|faint|p2b: Kommo-o\n|move|p2a: Sinistcha|Shadow Ball|p1b: Charizard\n|-damage|p1b: Charizard|33\/100\n|\n|-weather|SunnyDay|[upkeep]\n|-damage|p1b: Charizard|21\/100|[from] ability: Solar Power|[of] p1b: Charizard\n|upkeep\n|turn|8\n|-message|b3ast boi forfeited.\n|\n|win|YuroKun\n|raw|YuroKun's rating: 1000 &rarr; <strong>1052<\/strong><br \/>(+52 for winning)\n|raw|b3ast boi's rating: 1110 &rarr; <strong>1077<\/strong><br \/>(-33 for losing)\n|l|\u2606b3ast boi\n","uploadtime":1700335657,"views":7,"p1id":"yurokun","p2id":"b3astboi","formatid":"gen9doublesou","rating":1052,"private":0,"password":""}