{"id":"gen9doublesou-1976495790","p1":"i am gamering","p2":"pikabit","format":"[Gen 9] Doubles OU","log":"|j|\u2606i am gamering\n|j|\u2606pikabit\n|t:|1698312852\n|gametype|doubles\n|player|p1|i am gamering|bugcatcher-gen4dp|1206\n|player|p2|pikabit|elesa|1367\n|teamsize|p1|6\n|teamsize|p2|6\n|gen|9\n|tier|[Gen 9] Doubles OU\n|rated|\n|rule|Species Clause: Limit one of each Pok\u00e9mon\n|rule|OHKO Clause: OHKO moves are banned\n|rule|Evasion Moves Clause: Evasion moves are banned\n|rule|Gravity Sleep Clause: The combination of sleep-inducing moves with imperfect accuracy and Gravity or Gigantamax Orbeetle are banned\n|rule|Endless Battle Clause: Forcing endless battles is banned\n|rule|HP Percentage Mod: HP is shown in percentages\n|clearpoke\n|poke|p1|Pelipper, M|\n|poke|p1|Manaphy|\n|poke|p1|Basculegion-F, F|\n|poke|p1|Barraskewda, F|\n|poke|p1|Zapdos|\n|poke|p1|Ogerpon-Wellspring, F|\n|poke|p2|Gothitelle, M|\n|poke|p2|Flutter Mane|\n|poke|p2|Chi-Yu|\n|poke|p2|Torkoal, F|\n|poke|p2|Iron Hands|\n|poke|p2|Lilligant, F|\n|teampreview\n|inactive|Battle timer is ON: inactive players will automatically lose when time's up. (requested by i am gamering)\n|c|\u2606pikabit|Heyyy\n|c|\u2606i am gamering|glhf\n|c|\u2606pikabit|I dont need the luck thanks tho\n|inactive|pikabit has 120 seconds left.\n|\n|t:|1698312893\n|start\n|switch|p1a: Pelipper|Pelipper, M|100\/100\n|switch|p1b: Manaphy|Manaphy|100\/100\n|switch|p2a: Torkoal|Torkoal, F|100\/100\n|switch|p2b: Iron Hands|Iron Hands|100\/100\n|-weather|RainDance|[from] ability: Drizzle|[of] p1a: Pelipper\n|-weather|SunnyDay|[from] ability: Drought|[of] p2a: Torkoal\n|turn|1\n|\n|t:|1698312919\n|switch|p2a: Lilligant|Lilligant, F|100\/100\n|move|p1b: Manaphy|Tail Glow|p1b: Manaphy\n|-boost|p1b: Manaphy|spa|3\n|move|p1a: Pelipper|Tailwind|p1a: Pelipper\n|-sidestart|p1: i am gamering|move: Tailwind\n|move|p2b: Iron Hands|Wild Charge|p1a: Pelipper\n|-supereffective|p1a: Pelipper\n|-damage|p1a: Pelipper|0 fnt\n|faint|p1a: Pelipper\n|-damage|p2b: Iron Hands|82\/100|[from] Recoil\n|\n|-weather|SunnyDay|[upkeep]\n|upkeep\n|\n|t:|1698312928\n|switch|p1a: Ogerpon|Ogerpon-Wellspring, F|100\/100\n|turn|2\n|\n|t:|1698312948\n|-terastallize|p2b: Iron Hands|Steel\n|move|p1b: Manaphy|Ice Beam|p2a: Lilligant\n|-supereffective|p2a: Lilligant\n|-damage|p2a: Lilligant|0 fnt\n|faint|p2a: Lilligant\n|-damage|p1b: Manaphy|91\/100|[from] item: Life Orb\n|move|p1a: Ogerpon|Charm|p2b: Iron Hands\n|-unboost|p2b: Iron Hands|atk|2\n|move|p2b: Iron Hands|Wild Charge|p1a: Ogerpon\n|-damage|p1a: Ogerpon|72\/100\n|-damage|p2b: Iron Hands|78\/100|[from] Recoil\n|\n|-weather|SunnyDay|[upkeep]\n|upkeep\n|inactive|pikabit has 120 seconds left.\n|c|\u2606pikabit|wait u kinda ate that\n|\n|t:|1698312977\n|switch|p2a: Gothitelle|Gothitelle, M|100\/100\n|turn|3\n|\n|t:|1698312995\n|-end|p2b: Iron Hands|Quark Drive|[silent]\n|switch|p2b: Flutter Mane|Flutter Mane|100\/100\n|-activate|p2b: Flutter Mane|ability: Protosynthesis\n|-start|p2b: Flutter Mane|protosynthesisspe\n|move|p2a: Gothitelle|Fake Out|p1b: Manaphy\n|-damage|p1b: Manaphy|86\/100\n|cant|p1b: Manaphy|flinch\n|move|p1a: Ogerpon|Charm|p2b: Flutter Mane\n|-unboost|p2b: Flutter Mane|atk|2\n|\n|-weather|SunnyDay|[upkeep]\n|upkeep\n|turn|4\n|\n|t:|1698313019\n|move|p2b: Flutter Mane|Protect|p2b: Flutter Mane\n|-singleturn|p2b: Flutter Mane|Protect\n|move|p1b: Manaphy|Ice Beam|p2a: Gothitelle\n|-damage|p2a: Gothitelle|23\/100\n|-enditem|p2a: Gothitelle|Sitrus Berry|[eat]\n|-heal|p2a: Gothitelle|48\/100|[from] item: Sitrus Berry\n|-damage|p1b: Manaphy|76\/100|[from] item: Life Orb\n|move|p1a: Ogerpon|Knock Off|p2b: Flutter Mane\n|-activate|p2b: Flutter Mane|move: Protect\n|move|p2a: Gothitelle|Hypnosis|p1b: Manaphy|[miss]\n|-miss|p2a: Gothitelle|p1b: Manaphy\n|\n|-weather|SunnyDay|[upkeep]\n|-sideend|p1: i am gamering|move: Tailwind\n|upkeep\n|turn|5\n|\n|t:|1698313049\n|move|p1a: Ogerpon|Follow Me|p1a: Ogerpon\n|-singleturn|p1a: Ogerpon|move: Follow Me\n|move|p2b: Flutter Mane|Moonblast|p1a: Ogerpon\n|-damage|p1a: Ogerpon|12\/100\n|-damage|p2b: Flutter Mane|91\/100|[from] item: Life Orb\n|move|p1b: Manaphy|Tail Glow|p1b: Manaphy\n|-boost|p1b: Manaphy|spa|3\n|move|p2a: Gothitelle|Hypnosis|p1a: Ogerpon\n|-status|p1a: Ogerpon|slp|[from] move: Hypnosis\n|\n|-weather|none\n|-end|p2b: Flutter Mane|Protosynthesis\n|upkeep\n|turn|6\n|c|\u2606pikabit|oh no\n|\n|t:|1698313065\n|cant|p1a: Ogerpon|slp\n|move|p2b: Flutter Mane|Moonblast|p1b: Manaphy\n|-damage|p1b: Manaphy|5\/100\n|-damage|p2b: Flutter Mane|81\/100|[from] item: Life Orb\n|move|p1b: Manaphy|Surf|p2a: Gothitelle|[spread] p2a,p2b\n|-heal|p1a: Ogerpon|37\/100 slp|[from] ability: Water Absorb|[of] p1b: Manaphy\n|-damage|p2a: Gothitelle|0 fnt\n|-damage|p2b: Flutter Mane|0 fnt\n|faint|p2a: Gothitelle\n|faint|p2b: Flutter Mane\n|-end|p2b: Flutter Mane|Protosynthesis|[silent]\n|-damage|p1b: Manaphy|0 fnt|[from] item: Life Orb\n|faint|p1b: Manaphy\n|\n|upkeep\n|c|\u2606i am gamering|rip\n|\n|t:|1698313085\n|switch|p2b: Chi-Yu|Chi-Yu|100\/100\n|switch|p1b: Zapdos|Zapdos|100\/100\n|switch|p2a: Torkoal|Torkoal, F|100\/100\n|-ability|p2b: Chi-Yu|Beads of Ruin\n|-weather|SunnyDay|[from] ability: Drought|[of] p2a: Torkoal\n|turn|7\n|\n|t:|1698313097\n|cant|p1a: Ogerpon|slp\n|move|p2b: Chi-Yu|Heat Wave|p1a: Ogerpon|[spread] p1a,p1b\n|-damage|p1a: Ogerpon|0 fnt\n|-damage|p1b: Zapdos|24\/100\n|-status|p1b: Zapdos|brn\n|faint|p1a: Ogerpon\n|move|p1b: Zapdos|Tailwind|p1b: Zapdos\n|-sidestart|p1: i am gamering|move: Tailwind\n|move|p2a: Torkoal|Heat Wave|p1b: Zapdos\n|-crit|p1b: Zapdos\n|-damage|p1b: Zapdos|0 fnt\n|faint|p1b: Zapdos\n|\n|-weather|SunnyDay|[upkeep]\n|upkeep\n|\n|t:|1698313107\n|switch|p1a: Basculegion|Basculegion-F, F|100\/100\n|switch|p1b: Barraskewda|Barraskewda, F|100\/100\n|turn|8\n|c|\u2606pikabit|oh hell\n|\n|t:|1698313125\n|move|p1b: Barraskewda|Liquidation|p2b: Chi-Yu\n|-supereffective|p2b: Chi-Yu\n|-damage|p2b: Chi-Yu|0 fnt\n|faint|p2b: Chi-Yu\n|move|p1a: Basculegion|Last Respects|p2a: Torkoal\n|-damage|p2a: Torkoal|0 fnt\n|faint|p2a: Torkoal\n|\n|-weather|SunnyDay|[upkeep]\n|upkeep\n|\n|t:|1698313133\n|switch|p2b: Iron Hands|Iron Hands, tera:Steel|78\/100\n|turn|9\n|-message|pikabit forfeited.\n|\n|win|i am gamering\n|raw|i am gamering's rating: 1206 &rarr; <strong>1242<\/strong><br \/>(+36 for winning)\n|raw|pikabit's rating: 1367 &rarr; <strong>1338<\/strong><br \/>(-29 for losing)\n|l|\u2606pikabit\n|c|\u2606i am gamering|gg\n","uploadtime":1698313193,"views":16,"p1id":"iamgamering","p2id":"pikabit","formatid":"gen9doublesou","rating":1242,"private":0,"password":""}