{"id":"gen9doublesou-1980803875","p1":"chiketete2","p2":"RocketsViability","format":"[Gen 9] Doubles OU","log":"|j|\u2606chiketete2\n|j|\u2606RocketsViability\n|t:|1698835875\n|gametype|doubles\n|player|p1|chiketete2|roughneck-gen4|1169\n|player|p2|RocketsViability|1|1142\n|teamsize|p1|6\n|teamsize|p2|6\n|gen|9\n|tier|[Gen 9] Doubles OU\n|rated|\n|rule|Species Clause: Limit one of each Pok\u00e9mon\n|rule|OHKO Clause: OHKO moves are banned\n|rule|Evasion Moves Clause: Evasion moves are banned\n|rule|Gravity Sleep Clause: The combination of sleep-inducing moves with imperfect accuracy and Gravity or Gigantamax Orbeetle are banned\n|rule|Endless Battle Clause: Forcing endless battles is banned\n|rule|HP Percentage Mod: HP is shown in percentages\n|clearpoke\n|poke|p1|Okidogi, M|\n|poke|p1|Kilowattrel, M|\n|poke|p1|Palafin, M|\n|poke|p1|Tinkaton, F|\n|poke|p1|Skeledirge, M|\n|poke|p1|Meowscarada, F|\n|poke|p2|Ninetales-Alola, M|\n|poke|p2|Trevenant, M|\n|poke|p2|Goodra-Hisui, M|\n|poke|p2|Sandslash-Alola, F|\n|poke|p2|Torterra, M|\n|poke|p2|Empoleon, M|\n|teampreview\n|\n|t:|1698835879\n|start\n|switch|p1a: Pajarraco|Kilowattrel, M|100\/100\n|switch|p1b: Churumbel|Palafin, M, shiny|100\/100\n|switch|p2a: Torterra|Torterra, M|100\/100\n|switch|p2b: Trevenant|Trevenant, M|100\/100\n|turn|1\n|\n|t:|1698835894\n|-terastallize|p2a: Torterra|Ice\n|move|p1b: Churumbel|Protect|p1b: Churumbel\n|-singleturn|p1b: Churumbel|Protect\n|move|p1a: Pajarraco|Tailwind|p1a: Pajarraco\n|-sidestart|p1: chiketete2|move: Tailwind\n|-start|p1a: Pajarraco|Charge|Tailwind|[from] ability: Wind Power\n|move|p2a: Torterra|Shell Smash|p2a: Torterra\n|-unboost|p2a: Torterra|def|1\n|-unboost|p2a: Torterra|spd|1\n|-boost|p2a: Torterra|atk|2\n|-boost|p2a: Torterra|spa|2\n|-boost|p2a: Torterra|spe|2\n|move|p2b: Trevenant|Toxic|p1b: Churumbel\n|-activate|p1b: Churumbel|move: Protect\n|\n|upkeep\n|turn|2\n|\n|t:|1698835918\n|move|p1b: Churumbel|Protect||[still]\n|-fail|p1b: Churumbel\n|move|p2b: Trevenant|Ally Switch|p2b: Trevenant\n|swap|p2b: Trevenant|0|[from] move: Ally Switch\n|move|p1a: Pajarraco|Volt Switch|p2b: Torterra\n|-damage|p2b: Torterra|0 fnt\n|faint|p2b: Torterra\n|-end|p1a: Pajarraco|Charge|[silent]\n|c|\u2606RocketsViability|oh\n|\n|t:|1698835930\n|switch|p1a: Crocodile|Skeledirge, M, shiny|100\/100|[from] Volt Switch\n|\n|upkeep\n|c|\u2606RocketsViability|fair enough\n|\n|t:|1698835941\n|switch|p2b: Empoleon|Empoleon, M|100\/100\n|turn|3\n|\n|t:|1698835963\n|detailschange|p1b: Churumbel|Palafin-Hero, M, shiny\n|switch|p1b: Gato Maxo|Okidogi, M|100\/100\n|switch|p1a: Malsita|Meowscarada, F|100\/100\n|move|p2b: Empoleon|Protect|p2b: Empoleon\n|-singleturn|p2b: Empoleon|Protect\n|move|p2a: Trevenant|Toxic|p1a: Malsita\n|-status|p1a: Malsita|tox\n|\n|-damage|p1a: Malsita|94\/100 tox|[from] psn\n|upkeep\n|turn|4\n|\n|t:|1698835988\n|move|p1a: Malsita|Flower Trick|p2b: Empoleon\n|-start|p1a: Malsita|typechange|Grass|[from] ability: Protean\n|-crit|p2b: Empoleon\n|-damage|p2b: Empoleon|51\/100\n|move|p1b: Gato Maxo|Knock Off|p2a: Trevenant\n|-supereffective|p2a: Trevenant\n|-damage|p2a: Trevenant|25\/100\n|-enditem|p2a: Trevenant|Sitrus Berry|[from] move: Knock Off|[of] p1b: Gato Maxo\n|move|p2b: Empoleon|Air Slash|p1a: Malsita\n|-supereffective|p1a: Malsita\n|-damage|p1a: Malsita|9\/100 tox\n|-heal|p2b: Empoleon|60\/100|[from] item: Shell Bell|[of] p1a: Malsita\n|move|p2a: Trevenant|Disable|p1b: Gato Maxo\n|-start|p1b: Gato Maxo|Disable|Knock Off\n|\n|-damage|p1a: Malsita|0 fnt|[from] psn\n|faint|p1a: Malsita\n|-sideend|p1: chiketete2|move: Tailwind\n|upkeep\n|\n|t:|1698836011\n|switch|p1a: Pajarraco|Kilowattrel, M|100\/100\n|turn|5\n|\n|t:|1698836017\n|move|p1a: Pajarraco|Protect|p1a: Pajarraco\n|-singleturn|p1a: Pajarraco|Protect\n|move|p1b: Gato Maxo|Ice Punch|p2a: Trevenant\n|-supereffective|p2a: Trevenant\n|-damage|p2a: Trevenant|0 fnt\n|faint|p2a: Trevenant\n|move|p2b: Empoleon|Air Slash|p1b: Gato Maxo\n|-supereffective|p1b: Gato Maxo\n|-damage|p1b: Gato Maxo|68\/100\n|-heal|p2b: Empoleon|64\/100|[from] item: Shell Bell|[of] p1b: Gato Maxo\n|\n|upkeep\n|\n|t:|1698836029\n|switch|p2a: Goodra|Goodra-Hisui, M|100\/100\n|turn|6\n|\n|t:|1698836037\n|switch|p1b: Poppy|Tinkaton, F, shiny|100\/100\n|switch|p2b: Ninetales|Ninetales-Alola, M|100\/100\n|-weather|Snow|[from] ability: Snow Warning|[of] p2b: Ninetales\n|move|p1a: Pajarraco|Tailwind|p1a: Pajarraco\n|-sidestart|p1: chiketete2|move: Tailwind\n|-start|p1a: Pajarraco|Charge|Tailwind|[from] ability: Wind Power\n|move|p2a: Goodra|Blizzard|p1a: Pajarraco|[spread] p1a,p1b\n|-supereffective|p1a: Pajarraco\n|-resisted|p1b: Poppy\n|-damage|p1a: Pajarraco|0 fnt\n|-damage|p1b: Poppy|92\/100\n|-status|p1b: Poppy|frz\n|faint|p1a: Pajarraco\n|\n|-weather|Snow|[upkeep]\n|upkeep\n|\n|t:|1698836053\n|switch|p1a: Churumbel|Palafin-Hero, M, shiny|100\/100\n|-activate|p1a: Churumbel|ability: Zero to Hero\n|turn|7\n|\n|t:|1698836065\n|switch|p1b: Crocodile|Skeledirge, M, shiny|100\/100\n|-terastallize|p1a: Churumbel|Water\n|move|p1a: Churumbel|Jet Punch|p2b: Ninetales\n|-damage|p2b: Ninetales|55\/100\n|move|p2b: Ninetales|Aurora Veil|p2b: Ninetales\n|-sidestart|p2: RocketsViability|move: Aurora Veil\n|move|p2a: Goodra|Weather Ball|p1a: Churumbel\n|-resisted|p1a: Churumbel\n|-damage|p1a: Churumbel|81\/100\n|\n|-weather|Snow|[upkeep]\n|upkeep\n|turn|8\n|\n|t:|1698836080\n|switch|p2b: Empoleon|Empoleon, M|64\/100\n|move|p1a: Churumbel|Jet Punch|p2b: Empoleon\n|-resisted|p2b: Empoleon\n|-damage|p2b: Empoleon|46\/100\n|move|p1b: Crocodile|Torch Song|p2b: Empoleon\n|-damage|p2b: Empoleon|28\/100\n|-boost|p1b: Crocodile|spa|1\n|move|p2a: Goodra|Blizzard|p1a: Churumbel|[spread] p1a,p1b\n|-resisted|p1a: Churumbel\n|-resisted|p1b: Crocodile\n|-damage|p1a: Churumbel|64\/100\n|-damage|p1b: Crocodile|92\/100\n|-status|p1b: Crocodile|frz\n|\n|-weather|Snow|[upkeep]\n|upkeep\n|turn|9\n|\n|t:|1698836114\n|switch|p1b: Poppy|Tinkaton, F, shiny|92\/100 frz\n|move|p1a: Churumbel|Ice Punch|p2a: Goodra\n|-damage|p2a: Goodra|80\/100\n|-damage|p1a: Churumbel|48\/100|[from] item: Rocky Helmet|[of] p2a: Goodra\n|move|p2b: Empoleon|Hydro Pump|p1b: Poppy|[miss]\n|-miss|p2b: Empoleon|p1b: Poppy\n|move|p2a: Goodra|Weather Ball|p1a: Churumbel\n|-resisted|p1a: Churumbel\n|-damage|p1a: Churumbel|29\/100\n|\n|-weather|Snow|[upkeep]\n|-sideend|p1: chiketete2|move: Tailwind\n|upkeep\n|turn|10\n|\n|t:|1698836134\n|move|p1a: Churumbel|Close Combat|p2b: Empoleon\n|-supereffective|p2b: Empoleon\n|-damage|p2b: Empoleon|0 fnt\n|-unboost|p1a: Churumbel|def|1\n|-unboost|p1a: Churumbel|spd|1\n|faint|p2b: Empoleon\n|cant|p1b: Poppy|frz\n|move|p2a: Goodra|Flamethrower|p1b: Poppy\n|-supereffective|p1b: Poppy\n|-damage|p1b: Poppy|59\/100 frz\n|-curestatus|p1b: Poppy|frz|[msg]\n|\n|-weather|Snow|[upkeep]\n|upkeep\n|\n|t:|1698836142\n|switch|p2b: Sandslash|Sandslash-Alola, F|100\/100\n|turn|11\n|\n|t:|1698836155\n|switch|p1a: Gato Maxo|Okidogi, M|68\/100\n|move|p1b: Poppy|Play Rough|p2a: Goodra\n|-damage|p2a: Goodra|62\/100\n|-unboost|p2a: Goodra|atk|1\n|-damage|p1b: Poppy|43\/100|[from] item: Rocky Helmet|[of] p2a: Goodra\n|move|p2b: Sandslash|Knock Off|p1b: Poppy\n|-resisted|p1b: Poppy\n|-damage|p1b: Poppy|27\/100\n|-enditem|p1b: Poppy|Assault Vest|[from] move: Knock Off|[of] p2b: Sandslash\n|move|p2a: Goodra|Blizzard|p1a: Gato Maxo|[spread] p1a,p1b\n|-resisted|p1b: Poppy\n|-damage|p1a: Gato Maxo|51\/100\n|-damage|p1b: Poppy|15\/100\n|\n|-weather|Snow|[upkeep]\n|-sideend|p2: RocketsViability|move: Aurora Veil\n|upkeep\n|turn|12\n|\n|t:|1698836175\n|move|p2b: Sandslash|Ice Shard|p1a: Gato Maxo\n|-damage|p1a: Gato Maxo|36\/100\n|move|p1b: Poppy|Play Rough|p2a: Goodra\n|-damage|p2a: Goodra|36\/100\n|-damage|p1b: Poppy|0 fnt|[from] item: Rocky Helmet|[of] p2a: Goodra\n|faint|p1b: Poppy\n|move|p1a: Gato Maxo|Gunk Shot|p2b: Sandslash\n|-immune|p2b: Sandslash\n|move|p2a: Goodra|Blizzard|p1a: Gato Maxo\n|-damage|p1a: Gato Maxo|9\/100\n|\n|-weather|Snow|[upkeep]\n|upkeep\n|c|\u2606RocketsViability|???\n|\n|t:|1698836188\n|switch|p1b: Churumbel|Palafin-Hero, M, shiny, tera:Water|29\/100\n|turn|13\n|c|\u2606RocketsViability|both are steel\n|\n|t:|1698836197\n|move|p2b: Sandslash|Ice Shard|p1a: Gato Maxo\n|-damage|p1a: Gato Maxo|0 fnt\n|faint|p1a: Gato Maxo\n|move|p1b: Churumbel|Ice Punch|p2a: Goodra\n|-damage|p2a: Goodra|6\/100\n|-damage|p1b: Churumbel|13\/100|[from] item: Rocky Helmet|[of] p2a: Goodra\n|move|p2a: Goodra|Blizzard|p1b: Churumbel\n|-resisted|p1b: Churumbel\n|-damage|p1b: Churumbel|0 fnt\n|faint|p1b: Churumbel\n|\n|-weather|none\n|upkeep\n|\n|t:|1698836207\n|switch|p1a: Crocodile|Skeledirge, M, shiny|92\/100 frz\n|turn|14\n|\n|t:|1698836217\n|cant|p1a: Crocodile|frz\n|move|p2b: Sandslash|Knock Off|p1a: Crocodile\n|-supereffective|p1a: Crocodile\n|-damage|p1a: Crocodile|47\/100 frz\n|-enditem|p1a: Crocodile|Assault Vest|[from] move: Knock Off|[of] p2b: Sandslash\n|move|p2a: Goodra|Flamethrower|p1a: Crocodile\n|-resisted|p1a: Crocodile\n|-damage|p1a: Crocodile|31\/100 frz\n|-curestatus|p1a: Crocodile|frz|[msg]\n|\n|upkeep\n|turn|15\n|\n|t:|1698836231\n|move|p1a: Crocodile|Torch Song|p2b: Sandslash\n|-supereffective|p2b: Sandslash\n|-damage|p2b: Sandslash|0 fnt\n|-boost|p1a: Crocodile|spa|1\n|faint|p2b: Sandslash\n|move|p2a: Goodra|Flamethrower|p1a: Crocodile\n|-resisted|p1a: Crocodile\n|-damage|p1a: Crocodile|17\/100\n|\n|upkeep\n|\n|t:|1698836234\n|switch|p2b: Ninetales|Ninetales-Alola, M|55\/100\n|-weather|Snow|[from] ability: Snow Warning|[of] p2b: Ninetales\n|turn|16\n|\n|t:|1698836246\n|move|p2b: Ninetales|Dazzling Gleam|p1a: Crocodile\n|-resisted|p1a: Crocodile\n|-damage|p1a: Crocodile|3\/100\n|move|p1a: Crocodile|Torch Song|p2b: Ninetales\n|-supereffective|p2b: Ninetales\n|-damage|p2b: Ninetales|0 fnt\n|-boost|p1a: Crocodile|spa|1\n|faint|p2b: Ninetales\n|move|p2a: Goodra|Weather Ball|p1a: Crocodile\n|-resisted|p1a: Crocodile\n|-damage|p1a: Crocodile|0 fnt\n|faint|p1a: Crocodile\n|\n|win|RocketsViability\n|raw|chiketete2's rating: 1169 &rarr; <strong>1142<\/strong><br \/>(-27 for losing)\n|raw|RocketsViability's rating: 1142 &rarr; <strong>1169<\/strong><br \/>(+27 for winning)\n|l|\u2606chiketete2\n","uploadtime":1698836260,"views":18,"p1id":"chiketete2","p2id":"rocketsviability","formatid":"gen9doublesou","rating":1142,"private":0,"password":""}