{"id":"gen9doublesou-1977837000","p1":"solitudegamer","p2":"Gaurdiza","format":"[Gen 9] Doubles OU","log":"|j|\u2606solitudegamer\n|j|\u2606Gaurdiza\n|t:|1698455674\n|gametype|doubles\n|player|p1|solitudegamer|170|1059\n|player|p2|Gaurdiza|dawn|1000\n|teamsize|p1|6\n|teamsize|p2|6\n|gen|9\n|tier|[Gen 9] Doubles OU\n|rated|\n|rule|Species Clause: Limit one of each Pok\u00e9mon\n|rule|OHKO Clause: OHKO moves are banned\n|rule|Evasion Moves Clause: Evasion moves are banned\n|rule|Gravity Sleep Clause: The combination of sleep-inducing moves with imperfect accuracy and Gravity or Gigantamax Orbeetle are banned\n|rule|Endless Battle Clause: Forcing endless battles is banned\n|rule|HP Percentage Mod: HP is shown in percentages\n|clearpoke\n|poke|p1|Dudunsparce-*, F|\n|poke|p1|Maushold-Four|\n|poke|p1|Armarouge, M|\n|poke|p1|Indeedee-F, F|\n|poke|p1|Walking Wake|\n|poke|p1|Politoed, F|\n|poke|p2|Lilligant, F|\n|poke|p2|Clefable, F|\n|poke|p2|Kingambit, M|\n|poke|p2|Ninetales-Alola, F|\n|poke|p2|Milotic, F|\n|poke|p2|Cresselia, F|\n|teampreview\n|inactive|Battle timer is ON: inactive players will automatically lose when time's up. (requested by solitudegamer)\n|\n|t:|1698455683\n|start\n|switch|p1a: Dudunsparce|Dudunsparce-Three-Segment, F|100\/100\n|switch|p1b: Maushold|Maushold-Four|100\/100\n|switch|p2a: Lilligant|Lilligant, F|100\/100\n|switch|p2b: Ninetales|Ninetales-Alola, F|100\/100\n|-weather|Snow|[from] ability: Snow Warning|[of] p2b: Ninetales\n|turn|1\n|\n|t:|1698455705\n|-terastallize|p1a: Dudunsparce|Ghost\n|move|p1b: Maushold|Beat Up|p1a: Dudunsparce\n|-supereffective|p1a: Dudunsparce\n|-damage|p1a: Dudunsparce|95\/100\n|-ability|p1a: Dudunsparce|Rattled|boost\n|-boost|p1a: Dudunsparce|spe|1\n|-enditem|p1a: Dudunsparce|Weakness Policy\n|-boost|p1a: Dudunsparce|atk|2|[from] item: Weakness Policy\n|-boost|p1a: Dudunsparce|spa|2|[from] item: Weakness Policy\n|-supereffective|p1a: Dudunsparce\n|-crit|p1a: Dudunsparce\n|-damage|p1a: Dudunsparce|89\/100\n|-ability|p1a: Dudunsparce|Rattled|boost\n|-boost|p1a: Dudunsparce|spe|1\n|-supereffective|p1a: Dudunsparce\n|-damage|p1a: Dudunsparce|86\/100\n|-ability|p1a: Dudunsparce|Rattled|boost\n|-boost|p1a: Dudunsparce|spe|1\n|-supereffective|p1a: Dudunsparce\n|-damage|p1a: Dudunsparce|82\/100\n|-ability|p1a: Dudunsparce|Rattled|boost\n|-boost|p1a: Dudunsparce|spe|1\n|-supereffective|p1a: Dudunsparce\n|-damage|p1a: Dudunsparce|77\/100\n|-ability|p1a: Dudunsparce|Rattled|boost\n|-boost|p1a: Dudunsparce|spe|1\n|-supereffective|p1a: Dudunsparce\n|-damage|p1a: Dudunsparce|73\/100\n|-ability|p1a: Dudunsparce|Rattled|boost\n|-boost|p1a: Dudunsparce|spe|1\n|-hitcount|p1a: Dudunsparce|6\n|move|p1a: Dudunsparce|Ice Spinner|p2a: Lilligant\n|-supereffective|p2a: Lilligant\n|-damage|p2a: Lilligant|0 fnt\n|faint|p2a: Lilligant\n|move|p2b: Ninetales|Aurora Veil|p2b: Ninetales\n|-sidestart|p2: Gaurdiza|move: Aurora Veil\n|\n|-weather|Snow|[upkeep]\n|upkeep\n|inactive|Gaurdiza has 120 seconds left.\n|\n|t:|1698455735\n|switch|p2a: Cresselia|Cresselia, F|100\/100\n|turn|2\n|inactive|Gaurdiza has 120 seconds left.\n|\n|t:|1698455760\n|-terastallize|p2a: Cresselia|Electric\n|move|p1a: Dudunsparce|Hyper Drill|p2b: Ninetales\n|-damage|p2b: Ninetales|36\/100\n|move|p1b: Maushold|Thunder Wave|p2b: Ninetales\n|-status|p2b: Ninetales|par\n|move|p2a: Cresselia|Calm Mind|p2a: Cresselia\n|-boost|p2a: Cresselia|spa|1\n|-boost|p2a: Cresselia|spd|1\n|move|p2b: Ninetales|Freeze-Dry|p1b: Maushold\n|-damage|p1b: Maushold|62\/100\n|\n|-weather|Snow|[upkeep]\n|upkeep\n|turn|3\n|inactive|Gaurdiza has 120 seconds left.\n|\n|t:|1698455787\n|move|p1a: Dudunsparce|Hyper Drill|p2a: Cresselia\n|-damage|p2a: Cresselia|66\/100\n|-damage|p1a: Dudunsparce|56\/100|[from] item: Rocky Helmet|[of] p2a: Cresselia\n|move|p1b: Maushold|Population Bomb|p2b: Ninetales\n|-damage|p2b: Ninetales|31\/100 par\n|-damage|p2b: Ninetales|27\/100 par\n|-crit|p2b: Ninetales\n|-damage|p2b: Ninetales|16\/100 par\n|-damage|p2b: Ninetales|11\/100 par\n|-damage|p2b: Ninetales|5\/100 par\n|-damage|p2b: Ninetales|1\/100 par\n|-damage|p2b: Ninetales|0 fnt\n|faint|p2b: Ninetales\n|-hitcount|p2: Ninetales|7\n|move|p2a: Cresselia|Calm Mind|p2a: Cresselia\n|-boost|p2a: Cresselia|spa|1\n|-boost|p2a: Cresselia|spd|1\n|\n|-weather|Snow|[upkeep]\n|upkeep\n|inactive|Gaurdiza has 90 seconds left.\n|\n|t:|1698455814\n|switch|p2b: Milotic|Milotic, F|100\/100\n|turn|4\n|\n|t:|1698455832\n|move|p1a: Dudunsparce|Hyper Drill|p2a: Cresselia\n|-damage|p2a: Cresselia|28\/100\n|-damage|p1a: Dudunsparce|40\/100|[from] item: Rocky Helmet|[of] p2a: Cresselia\n|move|p1b: Maushold|Beat Up|p2a: Cresselia\n|-damage|p2a: Cresselia|26\/100\n|-damage|p2a: Cresselia|25\/100\n|-damage|p2a: Cresselia|24\/100\n|-damage|p2a: Cresselia|23\/100\n|-damage|p2a: Cresselia|21\/100\n|-damage|p2a: Cresselia|20\/100\n|-hitcount|p2a: Cresselia|6\n|move|p2a: Cresselia|Thunderbolt|p1a: Dudunsparce\n|-crit|p1a: Dudunsparce\n|-damage|p1a: Dudunsparce|0 fnt\n|faint|p1a: Dudunsparce\n|move|p2b: Milotic|Scald|p1b: Maushold\n|-damage|p1b: Maushold|14\/100\n|\n|-weather|Snow|[upkeep]\n|upkeep\n|\n|t:|1698455842\n|switch|p1a: Politoed|Politoed, F|100\/100\n|-weather|RainDance|[from] ability: Drizzle|[of] p1a: Politoed\n|turn|5\n|inactive|Gaurdiza has 120 seconds left.\n|\n|t:|1698455868\n|move|p1b: Maushold|Population Bomb|p2a: Cresselia\n|-damage|p2a: Cresselia|17\/100\n|-damage|p1b: Maushold|0 fnt|[from] item: Rocky Helmet|[of] p2a: Cresselia\n|faint|p1b: Maushold\n|-hitcount|p2a: Cresselia|1\n|move|p2a: Cresselia|Thunderbolt|p1a: Politoed\n|-supereffective|p1a: Politoed\n|-damage|p1a: Politoed|20\/100\n|move|p2b: Milotic|Scald|p1a: Politoed\n|-resisted|p1a: Politoed\n|-damage|p1a: Politoed|0 fnt\n|faint|p1a: Politoed\n|\n|-weather|RainDance|[upkeep]\n|upkeep\n|\n|t:|1698455880\n|switch|p1b: Indeedee|Indeedee-F, F|100\/100\n|switch|p1a: Walking Wake|Walking Wake|100\/100\n|-fieldstart|move: Psychic Terrain|[from] ability: Psychic Surge|[of] p1b: Indeedee\n|turn|6\n|inactive|Gaurdiza has 120 seconds left.\n|\n|t:|1698455896\n|move|p1a: Walking Wake|Hydro Steam|p2a: Cresselia\n|-damage|p2a: Cresselia|0 fnt\n|faint|p2a: Cresselia\n|move|p1b: Indeedee|Light Screen|p1b: Indeedee\n|-sidestart|p1: solitudegamer|move: Light Screen\n|move|p2b: Milotic|Draining Kiss|p1a: Walking Wake\n|-supereffective|p1a: Walking Wake\n|-damage|p1a: Walking Wake|79\/100\n|\n|-weather|RainDance|[upkeep]\n|upkeep\n|inactive|Gaurdiza has 120 seconds left.\n|\n|t:|1698455908\n|switch|p2a: Kingambit|Kingambit, M|100\/100\n|turn|7\n|\n|t:|1698455922\n|-end|p1a: Walking Wake|Protosynthesis|[silent]\n|switch|p1a: Armarouge|Armarouge, M|100\/100\n|switch|p2b: Clefable|Clefable, F|100\/100\n|move|p1b: Indeedee|Reflect|p1b: Indeedee\n|-sidestart|p1: solitudegamer|Reflect\n|move|p2a: Kingambit|Swords Dance|p2a: Kingambit\n|-boost|p2a: Kingambit|atk|2\n|\n|-weather|RainDance|[upkeep]\n|upkeep\n|turn|8\n|\n|t:|1698455942\n|move|p1b: Indeedee|Follow Me|p1b: Indeedee\n|-singleturn|p1b: Indeedee|move: Follow Me\n|move|p2b: Clefable|Follow Me|p2b: Clefable\n|-singleturn|p2b: Clefable|move: Follow Me\n|move|p1a: Armarouge|Armor Cannon|p2b: Clefable\n|-damage|p2b: Clefable|73\/100\n|-unboost|p1a: Armarouge|def|1\n|-unboost|p1a: Armarouge|spd|1\n|-damage|p1a: Armarouge|91\/100|[from] item: Life Orb\n|move|p2a: Kingambit|Kowtow Cleave|p1b: Indeedee\n|-supereffective|p1b: Indeedee\n|-damage|p1b: Indeedee|0 fnt\n|faint|p1b: Indeedee\n|\n|-weather|RainDance|[upkeep]\n|-heal|p2b: Clefable|79\/100|[from] item: Leftovers\n|-sideend|p2: Gaurdiza|move: Aurora Veil\n|upkeep\n|\n|t:|1698455948\n|switch|p1b: Walking Wake|Walking Wake|79\/100\n|turn|9\n|\n|t:|1698455969\n|move|p2b: Clefable|Follow Me|p2b: Clefable\n|-singleturn|p2b: Clefable|move: Follow Me\n|move|p1b: Walking Wake|Hydro Steam|p2b: Clefable\n|-crit|p2b: Clefable\n|-damage|p2b: Clefable|0 fnt\n|faint|p2b: Clefable\n|move|p1a: Armarouge|Expanding Force|p2a: Kingambit\n|-immune|p2a: Kingambit\n|move|p2a: Kingambit|Kowtow Cleave|p1a: Armarouge\n|-supereffective|p1a: Armarouge\n|-damage|p1a: Armarouge|0 fnt\n|faint|p1a: Armarouge\n|\n|-weather|none\n|upkeep\n|inactive|Gaurdiza has 120 seconds left.\n|\n|t:|1698455987\n|switch|p2b: Milotic|Milotic, F|100\/100\n|turn|10\n|n|!solitudegamer|solitudegamer\n|-message|solitudegamer forfeited.\n|\n|win|Gaurdiza\n|raw|solitudegamer's rating: 1059 &rarr; <strong>1037<\/strong><br \/>(-22 for losing)\n|raw|Gaurdiza's rating: 1000 &rarr; <strong>1047<\/strong><br \/>(+47 for winning)\n|l|!solitudegamer\n","uploadtime":1698455994,"views":12,"p1id":"solitudegamer","p2id":"gaurdiza","formatid":"gen9doublesou","rating":1037,"private":0,"password":""}