{"id":"gen9doublesou-1990393126","p1":"unluckyloss837","p2":"lkjkghv.o","format":"[Gen 9] Doubles OU","log":"|j|\u2606unluckyloss837\n|j|\u2606lkjkghv.o\n|t:|1699966195\n|gametype|doubles\n|player|p1|unluckyloss837|red|1407\n|player|p2|lkjkghv.o|benga|1340\n|teamsize|p1|6\n|teamsize|p2|6\n|gen|9\n|tier|[Gen 9] Doubles OU\n|rated|\n|rule|Species Clause: Limit one of each Pok\u00e9mon\n|rule|OHKO Clause: OHKO moves are banned\n|rule|Evasion Moves Clause: Evasion moves are banned\n|rule|Gravity Sleep Clause: The combination of sleep-inducing moves with imperfect accuracy and Gravity or Gigantamax Orbeetle are banned\n|rule|Endless Battle Clause: Forcing endless battles is banned\n|rule|HP Percentage Mod: HP is shown in percentages\n|clearpoke\n|poke|p1|Gholdengo|\n|poke|p1|Chien-Pao|\n|poke|p1|Kilowattrel, M|\n|poke|p1|Tornadus, M|\n|poke|p1|Ursaluna, F|\n|poke|p1|Palafin, M|\n|poke|p2|Ceruledge, M|\n|poke|p2|Regieleki|\n|poke|p2|Landorus-Therian, M|\n|poke|p2|Flutter Mane|\n|poke|p2|Mew|\n|poke|p2|Iron Hands|\n|teampreview\n|\n|t:|1699966214\n|start\n|switch|p1a: CInien-pao|Palafin, M|100\/100\n|switch|p1b: KiIowattrel|Tornadus, M|100\/100\n|switch|p2a: Mew|Mew|100\/100\n|switch|p2b: Regieleki|Regieleki|100\/100\n|turn|1\n|\n|t:|1699966254\n|detailschange|p1a: CInien-pao|Palafin-Hero, M\n|switch|p1a: Ursaluna|Ursaluna, F|100\/100\n|move|p1b: KiIowattrel|Tailwind|p1b: KiIowattrel\n|-sidestart|p1: unluckyloss837|move: Tailwind\n|move|p2b: Regieleki|Volt Switch|p1b: KiIowattrel\n|-supereffective|p1b: KiIowattrel\n|-enditem|p1b: KiIowattrel|Focus Sash\n|-damage|p1b: KiIowattrel|1\/100\n|\n|t:|1699966264\n|switch|p2b: Ceruledge|Ceruledge, M|100\/100|[from] Volt Switch\n|move|p2a: Mew|Swords Dance|p2a: Mew\n|-boost|p2a: Mew|atk|2\n|\n|-status|p1a: Ursaluna|brn|[from] item: Flame Orb\n|upkeep\n|turn|2\n|\n|t:|1699966273\n|move|p1b: KiIowattrel|Protect|p1b: KiIowattrel\n|-singleturn|p1b: KiIowattrel|Protect\n|move|p2b: Ceruledge|Shadow Sneak|p1b: KiIowattrel\n|-activate|p1b: KiIowattrel|move: Protect\n|move|p2a: Mew|Baton Pass|p2a: Mew\n|\n|t:|1699966280\n|switch|p2a: Iron Hands|Iron Hands, shiny|100\/100|[from] Baton Pass\n|move|p1a: Ursaluna|Crunch|p2a: Iron Hands\n|-resisted|p2a: Iron Hands\n|-damage|p2a: Iron Hands|82\/100\n|\n|-damage|p1a: Ursaluna|94\/100 brn|[from] brn\n|upkeep\n|turn|3\n|\n|t:|1699966294\n|switch|p1b: PaIifin|Kilowattrel, M|100\/100\n|move|p2a: Iron Hands|Fake Out|p1a: Ursaluna\n|-damage|p1a: Ursaluna|75\/100 brn\n|move|p2b: Ceruledge|Shadow Sneak|p1b: PaIifin\n|-damage|p1b: PaIifin|65\/100\n|cant|p1a: Ursaluna|flinch\n|\n|-damage|p1a: Ursaluna|69\/100 brn|[from] brn\n|upkeep\n|turn|4\n|\n|t:|1699966316\n|-terastallize|p2a: Iron Hands|Water\n|move|p1b: PaIifin|Thunderbolt|p2b: Ceruledge\n|-damage|p2b: Ceruledge|66\/100\n|move|p2b: Ceruledge|Bitter Blade|p1b: PaIifin\n|-damage|p1b: PaIifin|0 fnt\n|-heal|p2b: Ceruledge|97\/100|[from] drain|[of] p1b: PaIifin\n|faint|p1b: PaIifin\n|move|p1a: Ursaluna|Crunch|p2b: Ceruledge\n|-supereffective|p2b: Ceruledge\n|-damage|p2b: Ceruledge|0 fnt\n|faint|p2b: Ceruledge\n|move|p2a: Iron Hands|Drain Punch|p1a: Ursaluna\n|-supereffective|p1a: Ursaluna\n|-damage|p1a: Ursaluna|0 fnt\n|-heal|p2a: Iron Hands|100\/100|[from] drain|[of] p1a: Ursaluna\n|faint|p1a: Ursaluna\n|\n|-sideend|p1: unluckyloss837|move: Tailwind\n|upkeep\n|inactive|Battle timer is ON: inactive players will automatically lose when time's up. (requested by lkjkghv.o)\n|\n|t:|1699966342\n|switch|p1b: Tormadus|Gholdengo|100\/100\n|switch|p2b: Mew|Mew|100\/100\n|switch|p1a: KiIowattrel|Tornadus, M|1\/100\n|turn|5\n|\n|t:|1699966356\n|move|p2b: Mew|Helping Hand|p2a: Iron Hands\n|-singleturn|p2a: Iron Hands|Helping Hand|[of] p2b: Mew\n|move|p1a: KiIowattrel|Tailwind|p1a: KiIowattrel\n|-sidestart|p1: unluckyloss837|move: Tailwind\n|move|p1b: Tormadus|Shadow Ball|p2b: Mew\n|-supereffective|p2b: Mew\n|-damage|p2b: Mew|0 fnt\n|faint|p2b: Mew\n|move|p2a: Iron Hands|Wild Charge|p1b: Tormadus\n|-damage|p1b: Tormadus|0 fnt\n|faint|p1b: Tormadus\n|-damage|p2a: Iron Hands|83\/100|[from] Recoil\n|\n|upkeep\n|\n|t:|1699966375\n|switch|p1b: GhoIdengo|Chien-Pao|100\/100\n|switch|p2b: Regieleki|Regieleki|100\/100\n|-ability|p1b: GhoIdengo|Sword of Ruin\n|turn|6\n|\n|t:|1699966388\n|-terastallize|p1b: GhoIdengo|Poison\n|move|p1b: GhoIdengo|Sacred Sword|p2b: Regieleki\n|-damage|p2b: Regieleki|21\/100\n|-damage|p1b: GhoIdengo|91\/100|[from] item: Life Orb\n|move|p1a: KiIowattrel|Bleakwind Storm|p2b: Regieleki|[spread] p2a\n|-miss|p1a: KiIowattrel|p2b: Regieleki\n|-damage|p2a: Iron Hands|63\/100\n|-unboost|p2a: Iron Hands|spe|1\n|move|p2b: Regieleki|Electroweb|p1b: GhoIdengo|[spread] p1a,p1b\n|-supereffective|p1a: KiIowattrel\n|-damage|p1a: KiIowattrel|0 fnt\n|-damage|p1b: GhoIdengo|53\/100\n|-unboost|p1b: GhoIdengo|spe|1\n|faint|p1a: KiIowattrel\n|move|p2a: Iron Hands|Drain Punch|p1b: GhoIdengo\n|-resisted|p1b: GhoIdengo\n|-damage|p1b: GhoIdengo|0 fnt\n|-heal|p2a: Iron Hands|81\/100|[from] drain|[of] p1b: GhoIdengo\n|faint|p1b: GhoIdengo\n|\n|upkeep\n|\n|t:|1699966398\n|switch|p1b: CInien-pao|Palafin-Hero, M|100\/100\n|-activate|p1b: CInien-pao|ability: Zero to Hero\n|turn|7\n|\n|t:|1699966411\n|move|p1b: CInien-pao|Drain Punch|p2b: Regieleki\n|-damage|p2b: Regieleki|0 fnt\n|faint|p2b: Regieleki\n|move|p2a: Iron Hands|Wild Charge|p1b: CInien-pao\n|-supereffective|p1b: CInien-pao\n|-enditem|p1b: CInien-pao|Focus Sash\n|-damage|p1b: CInien-pao|1\/100\n|-damage|p2a: Iron Hands|62\/100|[from] Recoil\n|\n|upkeep\n|\n|t:|1699966420\n|switch|p2b: Flutter Mane|Flutter Mane|100\/100\n|-enditem|p2b: Flutter Mane|Booster Energy\n|-activate|p2b: Flutter Mane|ability: Protosynthesis|[fromitem]\n|-start|p2b: Flutter Mane|protosynthesisspa\n|turn|8\n|\n|t:|1699966426\n|move|p1b: CInien-pao|Wave Crash|p2b: Flutter Mane\n|-damage|p2b: Flutter Mane|0 fnt\n|faint|p2b: Flutter Mane\n|-end|p2b: Flutter Mane|Protosynthesis|[silent]\n|-damage|p1b: CInien-pao|0 fnt|[from] Recoil\n|faint|p1b: CInien-pao\n|\n|win|lkjkghv.o\n|raw|unluckyloss837's rating: 1407 &rarr; <strong>1383<\/strong><br \/>(-24 for losing)\n|raw|lkjkghv.o's rating: 1340 &rarr; <strong>1364<\/strong><br \/>(+24 for winning)\n","uploadtime":1699966434,"views":17,"p1id":"unluckyloss837","p2id":"lkjkghvo","formatid":"gen9doublesou","rating":1364,"private":0,"password":""}