{"id":"gen9doublesou-1982911906","p1":"ScholasticDragn","p2":"FeioNando","format":"[Gen 9] Doubles OU","log":"|j|\u2606ScholasticDragn\n|j|\u2606FeioNando\n|t:|1699057816\n|gametype|doubles\n|player|p1|ScholasticDragn|iris-gen5bw2|1081\n|player|p2|FeioNando|serena-anime|1142\n|teamsize|p1|6\n|teamsize|p2|6\n|gen|9\n|tier|[Gen 9] Doubles OU\n|rated|\n|rule|Species Clause: Limit one of each Pok\u00e9mon\n|rule|OHKO Clause: OHKO moves are banned\n|rule|Evasion Moves Clause: Evasion moves are banned\n|rule|Gravity Sleep Clause: The combination of sleep-inducing moves with imperfect accuracy and Gravity or Gigantamax Orbeetle are banned\n|rule|Endless Battle Clause: Forcing endless battles is banned\n|rule|HP Percentage Mod: HP is shown in percentages\n|clearpoke\n|poke|p1|Torkoal, F|\n|poke|p1|Chi-Yu|\n|poke|p1|Volcarona, F|\n|poke|p1|Oricorio-Pom-Pom, F|\n|poke|p1|Dragonite, F|\n|poke|p1|Lilligant-Hisui, F|\n|poke|p2|Maushold|\n|poke|p2|Primeape, M|\n|poke|p2|Meowscarada, F|\n|poke|p2|Ribombee, F|\n|poke|p2|Tyranitar, F|\n|poke|p2|Passimian, F|\n|teampreview\n|\n|t:|1699057829\n|start\n|switch|p1a: Oricorio|Oricorio-Pom-Pom, F|100\/100\n|switch|p1b: Lilligant|Lilligant-Hisui, F|100\/100\n|switch|p2a: Passimian|Passimian, F|100\/100\n|switch|p2b: Ribombee|Ribombee, F|100\/100\n|turn|1\n|\n|t:|1699057846\n|move|p1a: Oricorio|Protect|p1a: Oricorio\n|-singleturn|p1a: Oricorio|Protect\n|move|p2b: Ribombee|Skill Swap|p1a: Oricorio\n|-activate|p1a: Oricorio|move: Protect\n|move|p1b: Lilligant|Victory Dance|p1b: Lilligant\n|-boost|p1b: Lilligant|atk|1\n|-boost|p1b: Lilligant|def|1\n|-boost|p1b: Lilligant|spe|1\n|-activate|p1a: Oricorio|ability: Dancer\n|move|p1a: Oricorio|Victory Dance|p1a: Oricorio|[from]ability: Dancer\n|-boost|p1a: Oricorio|atk|1\n|-boost|p1a: Oricorio|def|1\n|-boost|p1a: Oricorio|spe|1\n|move|p2a: Passimian|Gunk Shot|p1b: Lilligant\n|-supereffective|p1b: Lilligant\n|-enditem|p1b: Lilligant|Focus Sash\n|-damage|p1b: Lilligant|1\/100\n|\n|upkeep\n|turn|2\n|\n|t:|1699057869\n|move|p1a: Oricorio|Baton Pass|p1a: Oricorio\n|\n|t:|1699057871\n|switch|p1a: Envy|Dragonite, F|100\/100|[from] Baton Pass\n|move|p1b: Lilligant|Sleep Powder|p2a: Passimian\n|-status|p2a: Passimian|slp|[from] move: Sleep Powder\n|move|p2b: Ribombee|Tailwind|p2b: Ribombee\n|-sidestart|p2: FeioNando|move: Tailwind\n|cant|p2a: Passimian|slp\n|\n|upkeep\n|turn|3\n|\n|t:|1699057902\n|switch|p1b: Torkoal|Torkoal, F|100\/100\n|-weather|SunnyDay|[from] ability: Drought|[of] p1b: Torkoal\n|-terastallize|p1a: Envy|Normal\n|move|p2b: Ribombee|Dazzling Gleam|p1a: Envy|[spread] p1a,p1b\n|-resisted|p1b: Torkoal\n|-damage|p1a: Envy|92\/100\n|-damage|p1b: Torkoal|86\/100\n|cant|p2a: Passimian|slp\n|move|p1a: Envy|Earthquake|p2a: Passimian|[spread] p1b,p2a,p2b\n|-supereffective|p1b: Torkoal\n|-resisted|p2b: Ribombee\n|-damage|p1b: Torkoal|33\/100\n|-damage|p2a: Passimian|55\/100 slp\n|-damage|p2b: Ribombee|67\/100\n|\n|-weather|SunnyDay|[upkeep]\n|upkeep\n|turn|4\n|\n|t:|1699057921\n|move|p1b: Torkoal|Protect|p1b: Torkoal\n|-singleturn|p1b: Torkoal|Protect\n|move|p1a: Envy|Extreme Speed|p2a: Passimian\n|-damage|p2a: Passimian|0 fnt\n|faint|p2a: Passimian\n|move|p2b: Ribombee|Sticky Web|p1a: Envy\n|-sidestart|p1: ScholasticDragn|move: Sticky Web\n|\n|-weather|SunnyDay|[upkeep]\n|upkeep\n|\n|t:|1699057932\n|switch|p2a: Meowscarada|Meowscarada, F|100\/100\n|turn|5\n|\n|t:|1699057949\n|move|p2b: Ribombee|Skill Swap|p1a: Envy\n|-activate|p2b: Ribombee|move: Skill Swap|Multiscale|Honey Gather|[of] p1a: Envy\n|move|p2a: Meowscarada|Chilling Water|p1a: Envy\n|-start|p2a: Meowscarada|typechange|Water|[from] ability: Protean\n|-damage|p1a: Envy|86\/100\n|-unboost|p1a: Envy|atk|1\n|move|p1a: Envy|Iron Head|p2b: Ribombee\n|-supereffective|p2b: Ribombee\n|-damage|p2b: Ribombee|0 fnt\n|faint|p2b: Ribombee\n|move|p1b: Torkoal|Stealth Rock|p2a: Meowscarada\n|-sidestart|p2: FeioNando|move: Stealth Rock\n|\n|-weather|SunnyDay|[upkeep]\n|-sideend|p2: FeioNando|move: Tailwind\n|upkeep\n|\n|t:|1699057965\n|switch|p2b: Primeape|Primeape, M|100\/100\n|-damage|p2b: Primeape|95\/100|[from] Stealth Rock\n|turn|6\n|\n|t:|1699057974\n|move|p1b: Torkoal|Protect|p1b: Torkoal\n|-singleturn|p1b: Torkoal|Protect\n|move|p1a: Envy|Extreme Speed|p2a: Meowscarada\n|-damage|p2a: Meowscarada|42\/100\n|move|p2a: Meowscarada|Leech Seed|p1a: Envy\n|-start|p1a: Envy|move: Leech Seed\n|move|p2b: Primeape|Bulk Up|p2b: Primeape\n|-boost|p2b: Primeape|atk|1\n|-boost|p2b: Primeape|def|1\n|\n|-weather|SunnyDay|[upkeep]\n|-damage|p1a: Envy|73\/100|[from] Leech Seed|[of] p2a: Meowscarada\n|-heal|p2a: Meowscarada|56\/100|[silent]\n|upkeep\n|turn|7\n|\n|t:|1699058005\n|switch|p1a: Lilligant|Lilligant-Hisui, F|1\/100\n|-activate|p1a: Lilligant|move: Sticky Web\n|-unboost|p1a: Lilligant|spe|1\n|switch|p1b: Oricorio|Oricorio-Pom-Pom, F|100\/100\n|move|p2a: Meowscarada|Ally Switch|p2a: Meowscarada\n|swap|p2a: Meowscarada|1|[from] move: Ally Switch\n|move|p2a: Primeape|Earthquake|p1a: Lilligant|[spread] p2b,p1a\n|-immune|p1b: Oricorio\n|-resisted|p1a: Lilligant\n|-damage|p2b: Meowscarada|18\/100\n|-damage|p1a: Lilligant|0 fnt\n|faint|p1a: Lilligant\n|\n|-weather|SunnyDay|[upkeep]\n|upkeep\n|\n|t:|1699058027\n|switch|p1a: Volcarona|Volcarona, F|100\/100\n|turn|8\n|\n|t:|1699058058\n|move|p1b: Oricorio|Protect|p1b: Oricorio\n|-singleturn|p1b: Oricorio|Protect\n|move|p2b: Meowscarada|Ally Switch||[still]\n|-fail|p2b: Meowscarada\n|move|p1a: Volcarona|Fiery Dance|p2a: Primeape\n|-damage|p2a: Primeape|53\/100\n|-boost|p1a: Volcarona|spa|1\n|-activate|p1b: Oricorio|ability: Dancer\n|move|p1b: Oricorio|Fiery Dance|p2a: Primeape|[from]ability: Dancer\n|-damage|p2a: Primeape|33\/100\n|move|p2a: Primeape|Earthquake|p1b: Oricorio|[spread] p2b,p1a\n|-activate|p1b: Oricorio|move: Protect\n|-damage|p2b: Meowscarada|0 fnt\n|-damage|p1a: Volcarona|69\/100\n|faint|p2b: Meowscarada\n|\n|-weather|SunnyDay|[upkeep]\n|upkeep\n|\n|t:|1699058077\n|switch|p2b: Tyranitar|Tyranitar, F|100\/100\n|-damage|p2b: Tyranitar|88\/100|[from] Stealth Rock\n|-weather|Sandstorm|[from] ability: Sand Stream|[of] p2b: Tyranitar\n|turn|9\n|inactive|Battle timer is ON: inactive players will automatically lose when time's up. (requested by FeioNando)\n|\n|t:|1699058102\n|move|p1b: Oricorio|Quiver Dance|p1b: Oricorio\n|-boost|p1b: Oricorio|spa|1\n|-boost|p1b: Oricorio|spd|1\n|-boost|p1b: Oricorio|spe|1\n|move|p1a: Volcarona|Quiver Dance|p1a: Volcarona\n|-boost|p1a: Volcarona|spa|1\n|-boost|p1a: Volcarona|spd|1\n|-boost|p1a: Volcarona|spe|1\n|-activate|p1b: Oricorio|ability: Dancer\n|move|p1b: Oricorio|Quiver Dance|p1b: Oricorio|[from]ability: Dancer\n|-boost|p1b: Oricorio|spa|1\n|-boost|p1b: Oricorio|spd|1\n|-boost|p1b: Oricorio|spe|1\n|move|p2a: Primeape|Rage Fist|p1b: Oricorio\n|-damage|p1b: Oricorio|35\/100\n|move|p2b: Tyranitar|Stealth Rock|p1b: Oricorio\n|-sidestart|p1: ScholasticDragn|move: Stealth Rock\n|\n|-weather|Sandstorm|[upkeep]\n|-damage|p1b: Oricorio|29\/100|[from] Sandstorm\n|-damage|p1a: Volcarona|62\/100|[from] Sandstorm\n|-damage|p2a: Primeape|27\/100|[from] Sandstorm\n|upkeep\n|turn|10\n|\n|t:|1699058123\n|move|p1b: Oricorio|Baton Pass|p1b: Oricorio\n|\n|t:|1699058127\n|switch|p1b: Chi-Yu|Chi-Yu|100\/100|[from] Baton Pass\n|-activate|p1b: Chi-Yu|move: Sticky Web\n|-unboost|p1b: Chi-Yu|spe|1\n|-damage|p1b: Chi-Yu|76\/100|[from] Stealth Rock\n|-ability|p1b: Chi-Yu|Beads of Ruin\n|move|p1a: Volcarona|Giga Drain|p2b: Tyranitar\n|-supereffective|p2b: Tyranitar\n|-damage|p2b: Tyranitar|11\/100\n|-heal|p1a: Volcarona|98\/100|[from] drain|[of] p2b: Tyranitar\n|move|p2a: Primeape|Rage Fist|p1a: Volcarona\n|-damage|p1a: Volcarona|37\/100\n|move|p2b: Tyranitar|Rock Slide|p1b: Chi-Yu|[spread] p1a,p1b\n|-supereffective|p1a: Volcarona\n|-supereffective|p1b: Chi-Yu\n|-damage|p1a: Volcarona|0 fnt\n|-damage|p1b: Chi-Yu|0 fnt\n|faint|p1a: Volcarona\n|faint|p1b: Chi-Yu\n|\n|-weather|Sandstorm|[upkeep]\n|-damage|p2a: Primeape|22\/100|[from] Sandstorm\n|upkeep\n|\n|t:|1699058151\n|switch|p1b: Torkoal|Torkoal, F|33\/100\n|switch|p1a: Envy|Dragonite, F, tera:Normal|73\/100\n|-activate|p1a: Envy|move: Sticky Web\n|-unboost|p1a: Envy|spe|1\n|-damage|p1a: Envy|61\/100|[from] Stealth Rock\n|-activate|p1b: Torkoal|move: Sticky Web\n|-unboost|p1b: Torkoal|spe|1\n|-damage|p1b: Torkoal|8\/100|[from] Stealth Rock\n|-weather|SunnyDay|[from] ability: Drought|[of] p1b: Torkoal\n|turn|11\n|\n|t:|1699058167\n|move|p1b: Torkoal|Protect|p1b: Torkoal\n|-singleturn|p1b: Torkoal|Protect\n|move|p1a: Envy|Extreme Speed|p2b: Tyranitar\n|-resisted|p2b: Tyranitar\n|-damage|p2b: Tyranitar|0 fnt\n|faint|p2b: Tyranitar\n|move|p2a: Primeape|Drain Punch|p1a: Envy\n|-supereffective|p1a: Envy\n|-damage|p1a: Envy|0 fnt\n|-heal|p2a: Primeape|65\/100|[from] drain|[of] p1a: Envy\n|faint|p1a: Envy\n|\n|-weather|SunnyDay|[upkeep]\n|upkeep\n|\n|t:|1699058179\n|switch|p2b: Maushold|Maushold|100\/100\n|switch|p1a: Oricorio|Oricorio-Pom-Pom, F|29\/100\n|-damage|p1a: Oricorio|4\/100|[from] Stealth Rock\n|turn|12\n|\n|t:|1699058190\n|move|p2b: Maushold|Beat Up|p1a: Oricorio\n|-damage|p1a: Oricorio|0 fnt\n|faint|p1a: Oricorio\n|-hitcount|p1: Oricorio|1\n|move|p2a: Primeape|Rage Fist|p1b: Torkoal\n|-damage|p1b: Torkoal|0 fnt\n|faint|p1b: Torkoal\n|\n|win|FeioNando\n|raw|ScholasticDragn's rating: 1081 &rarr; <strong>1063<\/strong><br \/>(-18 for losing)\n|raw|FeioNando's rating: 1142 &rarr; <strong>1163<\/strong><br \/>(+21 for winning)\n|l|\u2606ScholasticDragn\n","uploadtime":1699058199,"views":17,"p1id":"scholasticdragn","p2id":"feionando","formatid":"gen9doublesou","rating":1063,"private":0,"password":""}