{"id":"gen9doublesou-2000376328","p1":"shearow","p2":"hi jcu","format":"[Gen 9] Doubles OU","log":"|j|\u2606shearow\n|j|\u2606hi jcu\n|t:|1701189611\n|gametype|doubles\n|player|p1|shearow|170|1000\n|player|p2|hi jcu|101|1049\n|teamsize|p1|6\n|teamsize|p2|6\n|gen|9\n|tier|[Gen 9] Doubles OU\n|rated|\n|rule|Species Clause: Limit one of each Pok\u00e9mon\n|rule|OHKO Clause: OHKO moves are banned\n|rule|Evasion Moves Clause: Evasion moves are banned\n|rule|Gravity Sleep Clause: The combination of sleep-inducing moves with imperfect accuracy and Gravity or Gigantamax Orbeetle are banned\n|rule|Endless Battle Clause: Forcing endless battles is banned\n|rule|HP Percentage Mod: HP is shown in percentages\n|clearpoke\n|poke|p1|Charizard, F|\n|poke|p1|Torkoal, F|\n|poke|p1|Walking Wake|\n|poke|p1|Jumpluff, M|\n|poke|p1|Gastrodon-East, F|\n|poke|p1|Victreebel, F|\n|poke|p2|Iron Bundle|\n|poke|p2|Iron Hands|\n|poke|p2|Scizor, F|\n|poke|p2|Maushold-Four|\n|poke|p2|Ceruledge, F|\n|poke|p2|Amoonguss, M|\n|teampreview\n|\n|t:|1701189631\n|start\n|switch|p1a: Jumpluff|Jumpluff, M|100\/100\n|switch|p1b: Gastrodon|Gastrodon-East, F|100\/100\n|switch|p2a: Amoonguss|Amoonguss, M, shiny|100\/100\n|switch|p2b: Iron Bundle|Iron Bundle|100\/100\n|-enditem|p2b: Iron Bundle|Booster Energy\n|-activate|p2b: Iron Bundle|ability: Quark Drive|[fromitem]\n|-start|p2b: Iron Bundle|quarkdrivespa\n|turn|1\n|\n|t:|1701189650\n|switch|p1b: Torkoal|Torkoal, F|100\/100\n|-weather|SunnyDay|[from] ability: Drought|[of] p1b: Torkoal\n|move|p1a: Jumpluff|Tailwind|p1a: Jumpluff\n|-sidestart|p1: shearow|move: Tailwind\n|move|p2b: Iron Bundle|Blizzard|p1a: Jumpluff|[spread] \n|-miss|p2b: Iron Bundle|p1a: Jumpluff\n|-miss|p2b: Iron Bundle|p1b: Torkoal\n|move|p2a: Amoonguss|Giga Drain|p1b: Torkoal\n|-resisted|p1b: Torkoal\n|-damage|p1b: Torkoal|85\/100\n|\n|-weather|SunnyDay|[upkeep]\n|upkeep\n|turn|2\n|\n|t:|1701189678\n|move|p1a: Jumpluff|Pollen Puff|p2a: Amoonguss\n|-damage|p2a: Amoonguss|88\/100\n|move|p2b: Iron Bundle|Blizzard|p1a: Jumpluff|[spread] p1a,p1b\n|-supereffective|p1a: Jumpluff\n|-resisted|p1b: Torkoal\n|-enditem|p1a: Jumpluff|Focus Sash\n|-damage|p1a: Jumpluff|1\/100\n|-damage|p1b: Torkoal|48\/100\n|move|p2a: Amoonguss|Spore|p1b: Torkoal\n|-status|p1b: Torkoal|slp|[from] move: Spore\n|cant|p1b: Torkoal|slp\n|\n|-weather|SunnyDay|[upkeep]\n|-heal|p2a: Amoonguss|94\/100|[from] item: Leftovers\n|upkeep\n|turn|3\n|\n|t:|1701189702\n|move|p1a: Jumpluff|Memento|p2b: Iron Bundle\n|-unboost|p2b: Iron Bundle|atk|2\n|-unboost|p2b: Iron Bundle|spa|2\n|faint|p1a: Jumpluff\n|move|p2b: Iron Bundle|Hydro Pump|p1b: Torkoal|[miss]\n|-miss|p2b: Iron Bundle|p1b: Torkoal\n|move|p2a: Amoonguss|Toxic||[still]\n|-fail|p2a: Amoonguss\n|cant|p1b: Torkoal|slp\n|\n|-weather|SunnyDay|[upkeep]\n|-heal|p2a: Amoonguss|99\/100|[from] item: Leftovers\n|upkeep\n|\n|t:|1701189739\n|switch|p1a: Victreebel|Victreebel, F|100\/100\n|turn|4\n|\n|t:|1701189770\n|switch|p2a: Ceruledge|Ceruledge, F, shiny|100\/100\n|move|p1a: Victreebel|Leaf Blade|p2b: Iron Bundle\n|-supereffective|p2b: Iron Bundle\n|-damage|p2b: Iron Bundle|0 fnt\n|faint|p2b: Iron Bundle\n|-end|p2b: Iron Bundle|Quark Drive|[silent]\n|-damage|p1a: Victreebel|91\/100|[from] item: Life Orb\n|-curestatus|p1b: Torkoal|slp|[msg]\n|move|p1b: Torkoal|Yawn|p2a: Ceruledge\n|-start|p2a: Ceruledge|move: Yawn|[of] p1b: Torkoal\n|\n|-weather|SunnyDay|[upkeep]\n|-sideend|p1: shearow|move: Tailwind\n|upkeep\n|\n|t:|1701189794\n|switch|p2b: Scizor|Scizor, F|100\/100\n|turn|5\n|\n|t:|1701189816\n|move|p1b: Torkoal|Protect|p1b: Torkoal\n|-singleturn|p1b: Torkoal|Protect\n|move|p2b: Scizor|Bullet Punch|p1b: Torkoal\n|-activate|p1b: Torkoal|move: Protect\n|move|p1a: Victreebel|Knock Off|p2a: Ceruledge\n|-supereffective|p2a: Ceruledge\n|-damage|p2a: Ceruledge|0 fnt\n|-enditem|p2a: Ceruledge|Heavy-Duty Boots|[from] move: Knock Off|[of] p1a: Victreebel\n|faint|p2a: Ceruledge\n|-damage|p1a: Victreebel|81\/100|[from] item: Life Orb\n|\n|-weather|SunnyDay|[upkeep]\n|upkeep\n|\n|t:|1701189838\n|switch|p2a: Amoonguss|Amoonguss, M, shiny|99\/100\n|turn|6\n|\n|t:|1701189862\n|switch|p1b: Charizard|Charizard, F, shiny|100\/100\n|move|p1a: Victreebel|Knock Off|p2a: Amoonguss\n|-damage|p2a: Amoonguss|59\/100\n|-enditem|p2a: Amoonguss|Leftovers|[from] move: Knock Off|[of] p1a: Victreebel\n|-damage|p1a: Victreebel|71\/100|[from] item: Life Orb\n|move|p2b: Scizor|Lunge|p1a: Victreebel\n|-damage|p1a: Victreebel|0 fnt\n|faint|p1a: Victreebel\n|-damage|p2b: Scizor|91\/100|[from] item: Life Orb\n|move|p2a: Amoonguss|Spore|p1b: Charizard\n|-status|p1b: Charizard|slp|[from] move: Spore\n|\n|-weather|SunnyDay|[upkeep]\n|-damage|p1b: Charizard|88\/100 slp|[from] ability: Solar Power|[of] p1b: Charizard\n|upkeep\n|\n|t:|1701189883\n|switch|p1a: Walking Wake|Walking Wake|100\/100\n|-activate|p1a: Walking Wake|ability: Protosynthesis\n|-start|p1a: Walking Wake|protosynthesisspa\n|turn|7\n|\n|t:|1701189901\n|move|p2b: Scizor|Bullet Punch|p1a: Walking Wake\n|-resisted|p1a: Walking Wake\n|-damage|p1a: Walking Wake|76\/100\n|-damage|p2b: Scizor|81\/100|[from] item: Life Orb\n|cant|p1b: Charizard|slp\n|move|p1a: Walking Wake|Hydro Steam|p2b: Scizor\n|-damage|p2b: Scizor|0 fnt\n|faint|p2b: Scizor\n|move|p2a: Amoonguss|Spore|p1a: Walking Wake\n|-status|p1a: Walking Wake|slp|[from] move: Spore\n|\n|-weather|SunnyDay|[upkeep]\n|-damage|p1b: Charizard|76\/100 slp|[from] ability: Solar Power|[of] p1b: Charizard\n|upkeep\n|\n|t:|1701189919\n|switch|p2b: Iron Hands|Iron Hands|100\/100\n|-enditem|p2b: Iron Hands|Booster Energy\n|-activate|p2b: Iron Hands|ability: Quark Drive|[fromitem]\n|-start|p2b: Iron Hands|quarkdriveatk\n|turn|8\n|\n|t:|1701189947\n|cant|p1b: Charizard|slp\n|cant|p1a: Walking Wake|slp\n|move|p2a: Amoonguss|Giga Drain|p1a: Walking Wake\n|-damage|p1a: Walking Wake|58\/100 slp\n|-heal|p2a: Amoonguss|66\/100|[from] drain|[of] p1a: Walking Wake\n|move|p2b: Iron Hands|Close Combat|p1a: Walking Wake\n|-crit|p1a: Walking Wake\n|-damage|p1a: Walking Wake|0 fnt\n|-unboost|p2b: Iron Hands|def|1\n|-unboost|p2b: Iron Hands|spd|1\n|faint|p1a: Walking Wake\n|-end|p1a: Walking Wake|Protosynthesis|[silent]\n|\n|-weather|none\n|upkeep\n|\n|t:|1701189967\n|switch|p1a: Torkoal|Torkoal, F|48\/100\n|-weather|SunnyDay|[from] ability: Drought|[of] p1a: Torkoal\n|turn|9\n|\n|t:|1701189992\n|move|p1a: Torkoal|Protect|p1a: Torkoal\n|-singleturn|p1a: Torkoal|Protect\n|-curestatus|p1b: Charizard|slp|[msg]\n|move|p1b: Charizard|Heat Wave|p2b: Iron Hands|[spread] p2a,p2b\n|-supereffective|p2a: Amoonguss\n|-damage|p2a: Amoonguss|0 fnt\n|-damage|p2b: Iron Hands|0 fnt\n|faint|p2a: Amoonguss\n|faint|p2b: Iron Hands\n|-end|p2b: Iron Hands|Quark Drive|[silent]\n|\n|-weather|SunnyDay|[upkeep]\n|-damage|p1b: Charizard|63\/100|[from] ability: Solar Power|[of] p1b: Charizard\n|upkeep\n|\n|t:|1701190007\n|switch|p2a: Maushold|Maushold-Four, shiny|100\/100\n|turn|10\n|\n|t:|1701190015\n|move|p1b: Charizard|Heat Wave|p2a: Maushold\n|-damage|p2a: Maushold|0 fnt\n|faint|p2a: Maushold\n|\n|win|shearow\n|raw|shearow's rating: 1000 &rarr; <strong>1046<\/strong><br \/>(+46 for winning)\n|raw|hi jcu's rating: 1049 &rarr; <strong>1029<\/strong><br \/>(-20 for losing)\n","uploadtime":1701190023,"views":6,"p1id":"shearow","p2id":"hijcu","formatid":"gen9doublesou","rating":1029,"private":0,"password":""}