{"id":"gen9doublesou-1987506526","p1":"justdragon16","p2":"GentlemanTorchick","format":"[Gen 9] Doubles OU","log":"|j|\u2606justdragon16\n|j|\u2606GentlemanTorchick\n|t:|1699603377\n|gametype|doubles\n|player|p1|justdragon16|gambler|1262\n|player|p2|GentlemanTorchick|2|1158\n|teamsize|p1|6\n|teamsize|p2|6\n|gen|9\n|tier|[Gen 9] Doubles OU\n|rated|\n|rule|Species Clause: Limit one of each Pok\u00e9mon\n|rule|OHKO Clause: OHKO moves are banned\n|rule|Evasion Moves Clause: Evasion moves are banned\n|rule|Gravity Sleep Clause: The combination of sleep-inducing moves with imperfect accuracy and Gravity or Gigantamax Orbeetle are banned\n|rule|Endless Battle Clause: Forcing endless battles is banned\n|rule|HP Percentage Mod: HP is shown in percentages\n|clearpoke\n|poke|p1|Kingambit, F|\n|poke|p1|Arcanine-Hisui, M|\n|poke|p1|Flutter Mane|\n|poke|p1|Kommo-o, M|\n|poke|p1|Iron Hands|\n|poke|p1|Sinistcha-Masterpiece|\n|poke|p2|Brute Bonnet|\n|poke|p2|Slowking, M|\n|poke|p2|Tornadus, M|\n|poke|p2|Gholdengo|\n|poke|p2|Great Tusk|\n|poke|p2|Snorlax, F|\n|teampreview\n|\n|t:|1699603406\n|start\n|switch|p1a: Kingambit|Kingambit, F|100\/100\n|switch|p1b: Iron Hands|Iron Hands|100\/100\n|switch|p2a: Emo Amogus|Brute Bonnet|100\/100\n|switch|p2b: Great Tusk|Great Tusk|100\/100\n|turn|1\n|\n|t:|1699603435\n|-terastallize|p1a: Kingambit|Flying\n|move|p1b: Iron Hands|Fake Out|p2a: Emo Amogus\n|-damage|p2a: Emo Amogus|89\/100\n|cant|p2a: Emo Amogus|flinch\n|move|p2b: Great Tusk|Rapid Spin|p1b: Iron Hands\n|-damage|p1b: Iron Hands|87\/100\n|-boost|p2b: Great Tusk|spe|1\n|move|p1a: Kingambit|Swords Dance|p1a: Kingambit\n|-boost|p1a: Kingambit|atk|2\n|\n|upkeep\n|turn|2\n|\n|t:|1699603460\n|move|p1a: Kingambit|Sucker Punch|p2b: Great Tusk\n|-resisted|p2b: Great Tusk\n|-damage|p2b: Great Tusk|65\/100\n|move|p2b: Great Tusk|Knock Off|p1a: Kingambit\n|-damage|p1a: Kingambit|74\/100\n|-enditem|p1a: Kingambit|Black Glasses|[from] move: Knock Off|[of] p2b: Great Tusk\n|move|p2a: Emo Amogus|Spore|p1a: Kingambit\n|-status|p1a: Kingambit|slp|[from] move: Spore\n|move|p1b: Iron Hands|Drain Punch|p2a: Emo Amogus\n|-supereffective|p2a: Emo Amogus\n|-damage|p2a: Emo Amogus|31\/100\n|-heal|p1b: Iron Hands|100\/100|[from] drain|[of] p2a: Emo Amogus\n|\n|upkeep\n|turn|3\n|\n|t:|1699603482\n|cant|p1a: Kingambit|slp\n|move|p2b: Great Tusk|Earthquake|p1a: Kingambit|[spread] p2a,p1b\n|-immune|p1a: Kingambit\n|-resisted|p2a: Emo Amogus\n|-supereffective|p1b: Iron Hands\n|-damage|p2a: Emo Amogus|15\/100\n|-damage|p1b: Iron Hands|34\/100\n|move|p2a: Emo Amogus|Spore|p1b: Iron Hands\n|-status|p1b: Iron Hands|slp|[from] move: Spore\n|cant|p1b: Iron Hands|slp\n|\n|upkeep\n|turn|4\n|\n|t:|1699603506\n|-end|p2a: Emo Amogus|Protosynthesis|[silent]\n|switch|p2a: Cloud-Tentacle-Guy|Tornadus, M|100\/100\n|-curestatus|p1a: Kingambit|slp|[msg]\n|move|p1a: Kingambit|Sucker Punch|p2b: Great Tusk\n|-resisted|p2b: Great Tusk\n|-damage|p2b: Great Tusk|34\/100\n|move|p2b: Great Tusk|Earthquake|p1a: Kingambit|[spread] p1b\n|-immune|p2a: Cloud-Tentacle-Guy\n|-immune|p1a: Kingambit\n|-supereffective|p1b: Iron Hands\n|-damage|p1b: Iron Hands|0 fnt\n|faint|p1b: Iron Hands\n|-end|p1b: Iron Hands|Quark Drive|[silent]\n|\n|upkeep\n|\n|t:|1699603522\n|switch|p1b: Arcanine|Arcanine-Hisui, M|100\/100\n|turn|5\n|\n|t:|1699603540\n|move|p1a: Kingambit|Sucker Punch|p2b: Great Tusk\n|-resisted|p2b: Great Tusk\n|-damage|p2b: Great Tusk|3\/100\n|move|p2b: Great Tusk|Close Combat|p1b: Arcanine\n|-supereffective|p1b: Arcanine\n|-damage|p1b: Arcanine|0 fnt\n|-unboost|p2b: Great Tusk|def|1\n|-unboost|p2b: Great Tusk|spd|1\n|faint|p1b: Arcanine\n|move|p2a: Cloud-Tentacle-Guy|Bleakwind Storm|p1a: Kingambit\n|-damage|p1a: Kingambit|21\/100\n|\n|upkeep\n|\n|t:|1699603553\n|switch|p1b: Flutter Mane|Flutter Mane|100\/100\n|turn|6\n|\n|t:|1699603568\n|-end|p2b: Great Tusk|Protosynthesis|[silent]\n|switch|p2b: Discord Mod|Snorlax, F|100\/100\n|move|p2a: Cloud-Tentacle-Guy|Tailwind|p2a: Cloud-Tentacle-Guy\n|-sidestart|p2: GentlemanTorchick|move: Tailwind\n|move|p1a: Kingambit|Sucker Punch||[still]\n|-fail|p1a: Kingambit\n|move|p1b: Flutter Mane|Dazzling Gleam|p2a: Cloud-Tentacle-Guy|[spread] p2a,p2b\n|-damage|p2a: Cloud-Tentacle-Guy|48\/100\n|-damage|p2b: Discord Mod|74\/100\n|\n|upkeep\n|turn|7\n|\n|t:|1699603584\n|move|p2a: Cloud-Tentacle-Guy|Bleakwind Storm|p1a: Kingambit|[spread] p1a,p1b\n|-damage|p1a: Kingambit|0 fnt\n|-damage|p1b: Flutter Mane|53\/100\n|faint|p1a: Kingambit\n|move|p1b: Flutter Mane|Dazzling Gleam|p2a: Cloud-Tentacle-Guy|[spread] p2a,p2b\n|-damage|p2a: Cloud-Tentacle-Guy|0 fnt\n|-damage|p2b: Discord Mod|47\/100\n|-enditem|p2b: Discord Mod|Aguav Berry|[eat]\n|-heal|p2b: Discord Mod|80\/100|[from] item: Aguav Berry\n|faint|p2a: Cloud-Tentacle-Guy\n|move|p2b: Discord Mod|Belly Drum|p2b: Discord Mod\n|-damage|p2b: Discord Mod|30\/100\n|-setboost|p2b: Discord Mod|atk|6|[from] move: Belly Drum\n|\n|upkeep\n|\n|t:|1699603604\n|switch|p2a: Emo Amogus|Brute Bonnet|15\/100\n|switch|p1a: Kommo-o|Kommo-o, M|100\/100\n|turn|8\n|\n|t:|1699603616\n|move|p2a: Emo Amogus|Spore|p1a: Kommo-o\n|-status|p1a: Kommo-o|slp|[from] move: Spore\n|move|p1b: Flutter Mane|Dazzling Gleam|p2a: Emo Amogus|[spread] p2a,p2b\n|-supereffective|p2a: Emo Amogus\n|-damage|p2a: Emo Amogus|0 fnt\n|-damage|p2b: Discord Mod|5\/100\n|faint|p2a: Emo Amogus\n|-end|p2a: Emo Amogus|Protosynthesis|[silent]\n|cant|p1a: Kommo-o|slp\n|move|p2b: Discord Mod|Crunch|p1b: Flutter Mane\n|-damage|p1b: Flutter Mane|0 fnt\n|faint|p1b: Flutter Mane\n|-end|p1b: Flutter Mane|Protosynthesis|[silent]\n|\n|upkeep\n|\n|t:|1699603640\n|switch|p1b: Sinistcha|Sinistcha-Masterpiece|100\/100\n|switch|p2a: Cheesestring|Gholdengo|100\/100\n|turn|9\n|\n|t:|1699603663\n|move|p1b: Sinistcha|Rage Powder|p1b: Sinistcha\n|-singleturn|p1b: Sinistcha|move: Rage Powder\n|move|p2a: Cheesestring|Shadow Ball|p1b: Sinistcha\n|-supereffective|p1b: Sinistcha\n|-damage|p1b: Sinistcha|28\/100\n|cant|p1a: Kommo-o|slp\n|move|p2b: Discord Mod|Crunch|p1b: Sinistcha\n|-supereffective|p1b: Sinistcha\n|-damage|p1b: Sinistcha|0 fnt\n|faint|p1b: Sinistcha\n|\n|-sideend|p2: GentlemanTorchick|move: Tailwind\n|upkeep\n|turn|10\n|\n|t:|1699603684\n|cant|p1a: Kommo-o|slp\n|move|p2a: Cheesestring|Nasty Plot|p2a: Cheesestring\n|-boost|p2a: Cheesestring|spa|2\n|move|p2b: Discord Mod|Facade|p1a: Kommo-o\n|-damage|p1a: Kommo-o|13\/100 slp\n|\n|upkeep\n|turn|11\n|\n|t:|1699603695\n|-curestatus|p1a: Kommo-o|slp|[msg]\n|move|p1a: Kommo-o|Clanging Scales|p2a: Cheesestring|[spread] p2a,p2b\n|-resisted|p2a: Cheesestring\n|-damage|p2a: Cheesestring|83\/100\n|-damage|p2b: Discord Mod|0 fnt\n|faint|p2b: Discord Mod\n|-unboost|p1a: Kommo-o|def|1\n|-enditem|p1a: Kommo-o|Throat Spray\n|-boost|p1a: Kommo-o|spa|1|[from] item: Throat Spray\n|move|p2a: Cheesestring|Make It Rain|p1a: Kommo-o\n|-damage|p1a: Kommo-o|0 fnt\n|-unboost|p2a: Cheesestring|spa|1\n|faint|p1a: Kommo-o\n|\n|win|GentlemanTorchick\n|raw|justdragon16's rating: 1262 &rarr; <strong>1230<\/strong><br \/>(-32 for losing)\n|raw|GentlemanTorchick's rating: 1158 &rarr; <strong>1190<\/strong><br \/>(+32 for winning)\n","uploadtime":1699603713,"views":7,"p1id":"justdragon16","p2id":"gentlemantorchick","formatid":"gen9doublesou","rating":1190,"private":0,"password":""}