{"id":"gen9doublesou-1972535073","p1":"SXD2002","p2":"Naofumi_Bakugo_Jax","format":"[Gen 9] Doubles OU","log":"|j|\u2606SXD2002\n|j|\u2606Naofumi_Bakugo_Jax\n|t:|1697854047\n|gametype|doubles\n|player|p1|SXD2002|silver-masters|1000\n|player|p2|Naofumi_Bakugo_Jax|102|1075\n|teamsize|p1|4\n|teamsize|p2|6\n|gen|9\n|tier|[Gen 9] Doubles OU\n|rated|\n|rule|Species Clause: Limit one of each Pok\u00e9mon\n|rule|OHKO Clause: OHKO moves are banned\n|rule|Evasion Moves Clause: Evasion moves are banned\n|rule|Gravity Sleep Clause: The combination of sleep-inducing moves with imperfect accuracy and Gravity or Gigantamax Orbeetle are banned\n|rule|Endless Battle Clause: Forcing endless battles is banned\n|rule|HP Percentage Mod: HP is shown in percentages\n|clearpoke\n|poke|p1|Lurantis, M|\n|poke|p1|Murkrow, M|\n|poke|p1|Grimmsnarl, M|\n|poke|p1|Clefairy, F|\n|poke|p2|Sableye, F|\n|poke|p2|Oranguru, F|\n|poke|p2|Tornadus, M|\n|poke|p2|Manaphy|\n|poke|p2|Ursaluna, F|\n|poke|p2|Dragonite, F|\n|teampreview\n|inactive|Battle timer is ON: inactive players will automatically lose when time's up. (requested by SXD2002)\n|\n|t:|1697854063\n|start\n|switch|p1a: Grimmsnarl|Grimmsnarl, M|100\/100\n|switch|p1b: Lurantis|Lurantis, M|100\/100\n|switch|p2a: Sableye|Sableye, F|100\/100\n|switch|p2b: Oranguru|Oranguru, F|100\/100\n|turn|1\n|\n|t:|1697854072\n|move|p1a: Grimmsnarl|Fake Tears|p1b: Lurantis\n|-boost|p1b: Lurantis|spd|2\n|move|p2a: Sableye|Skill Swap|p2b: Oranguru\n|-activate|p2a: Sableye|move: Skill Swap|||[of] p2b: Oranguru\n|move|p2b: Oranguru|Substitute|p2b: Oranguru\n|-start|p2b: Oranguru|Substitute\n|-damage|p2b: Oranguru|76\/100\n|move|p1b: Lurantis|Leaf Storm|p2a: Sableye\n|-damage|p2a: Sableye|38\/100\n|-boost|p1b: Lurantis|spa|2\n|-enditem|p2a: Sableye|Eject Button\n|\n|t:|1697854076\n|switch|p2a: Ursaluna|Ursaluna, F|100\/100\n|\n|-status|p2a: Ursaluna|brn|[from] item: Flame Orb\n|upkeep\n|turn|2\n|\n|t:|1697854097\n|-terastallize|p2a: Ursaluna|Normal\n|-terastallize|p1b: Lurantis|Steel\n|move|p1a: Grimmsnarl|Scary Face|p1b: Lurantis\n|-boost|p1b: Lurantis|spe|2\n|move|p2b: Oranguru|After You|p2a: Ursaluna\n|-activate|p2a: Ursaluna|move: After You\n|move|p2a: Ursaluna|Facade|p1b: Lurantis\n|-resisted|p1b: Lurantis\n|-damage|p1b: Lurantis|10\/100\n|move|p1b: Lurantis|Leaf Storm|p2a: Ursaluna\n|-crit|p2a: Ursaluna\n|-damage|p2a: Ursaluna|8\/100 brn\n|-boost|p1b: Lurantis|spa|2\n|\n|-heal|p1b: Lurantis|16\/100|[from] item: Leftovers\n|-damage|p2a: Ursaluna|2\/100 brn|[from] brn\n|upkeep\n|turn|3\n|\n|t:|1697854125\n|move|p1b: Lurantis|Protect|p1b: Lurantis\n|-singleturn|p1b: Lurantis|Protect\n|move|p2b: Oranguru|After You|p2a: Ursaluna\n|-activate|p2a: Ursaluna|move: After You\n|move|p2a: Ursaluna|Facade|p1a: Grimmsnarl\n|-damage|p1a: Grimmsnarl|0 fnt\n|faint|p1a: Grimmsnarl\n|\n|-heal|p1b: Lurantis|22\/100|[from] item: Leftovers\n|-damage|p2a: Ursaluna|0 fnt|[from] brn\n|faint|p2a: Ursaluna\n|upkeep\n|\n|t:|1697854134\n|switch|p1a: Clefairy|Clefairy, F|100\/100\n|switch|p2a: Manaphy|Manaphy|100\/100\n|turn|4\n|\n|t:|1697854150\n|move|p1a: Clefairy|Follow Me|p1a: Clefairy\n|-singleturn|p1a: Clefairy|move: Follow Me\n|move|p2b: Oranguru|After You||[still]\n|-fail|p2b: Oranguru\n|move|p2a: Manaphy|Scald|p1a: Clefairy\n|-damage|p1a: Clefairy|69\/100\n|-damage|p2a: Manaphy|91\/100|[from] item: Life Orb\n|move|p1b: Lurantis|Leaf Storm|p2a: Manaphy|[miss]\n|-miss|p1b: Lurantis|p2a: Manaphy\n|\n|-heal|p1b: Lurantis|28\/100|[from] item: Leftovers\n|upkeep\n|turn|5\n|\n|t:|1697854164\n|move|p2b: Oranguru|Protect|p2b: Oranguru\n|-singleturn|p2b: Oranguru|Protect\n|move|p1a: Clefairy|Follow Me|p1a: Clefairy\n|-singleturn|p1a: Clefairy|move: Follow Me\n|move|p2a: Manaphy|Scald|p1a: Clefairy\n|-damage|p1a: Clefairy|36\/100\n|-status|p1a: Clefairy|brn\n|-damage|p2a: Manaphy|81\/100|[from] item: Life Orb\n|move|p1b: Lurantis|Leaf Storm|p2a: Manaphy\n|-supereffective|p2a: Manaphy\n|-damage|p2a: Manaphy|0 fnt\n|-boost|p1b: Lurantis|spa|2\n|faint|p2a: Manaphy\n|\n|-heal|p1b: Lurantis|34\/100|[from] item: Leftovers\n|-damage|p1a: Clefairy|30\/100 brn|[from] brn\n|upkeep\n|\n|t:|1697854167\n|switch|p2a: Dragonite|Dragonite, F|100\/100\n|turn|6\n|\n|t:|1697854178\n|move|p1b: Lurantis|Protect|p1b: Lurantis\n|-singleturn|p1b: Lurantis|Protect\n|move|p2b: Oranguru|After You|p2a: Dragonite\n|-activate|p2a: Dragonite|move: After You\n|move|p2a: Dragonite|Earthquake|p1a: Clefairy|[spread] p2b,p1a\n|-activate|p1b: Lurantis|move: Protect\n|-end|p2b: Oranguru|Substitute\n|-damage|p1a: Clefairy|0 fnt\n|faint|p1a: Clefairy\n|\n|-heal|p1b: Lurantis|40\/100|[from] item: Leftovers\n|upkeep\n|\n|t:|1697854190\n|switch|p1a: Murkrow|Murkrow, M|100\/100\n|turn|7\n|-message|Naofumi_Bakugo_Jax forfeited.\n|\n|win|SXD2002\n|raw|SXD2002's rating: 1000 &rarr; <strong>1049<\/strong><br \/>(+49 for winning)\n|raw|Naofumi_Bakugo_Jax's rating: 1075 &rarr; <strong>1049<\/strong><br \/>(-26 for losing)\n|l|\u2606Naofumi_Bakugo_Jax\n","uploadtime":1697854210,"views":20,"p1id":"sxd2002","p2id":"naofumibakugojax","formatid":"gen9doublesou","rating":1049,"private":0,"password":""}