{"id":"gen9doublesou-1993038154","p1":"its-sam87","p2":"steelowtf","format":"[Gen 9] Doubles OU","log":"|j|\u2606its-sam87\n|j|\u2606steelowtf\n|t:|1700257970\n|gametype|doubles\n|player|p1|its-sam87|acetrainer-gen2|1567\n|player|p2|steelowtf|steven-gen6|1434\n|teamsize|p1|6\n|teamsize|p2|6\n|gen|9\n|tier|[Gen 9] Doubles OU\n|rated|\n|rule|Species Clause: Limit one of each Pok\u00e9mon\n|rule|OHKO Clause: OHKO moves are banned\n|rule|Evasion Moves Clause: Evasion moves are banned\n|rule|Gravity Sleep Clause: The combination of sleep-inducing moves with imperfect accuracy and Gravity or Gigantamax Orbeetle are banned\n|rule|Endless Battle Clause: Forcing endless battles is banned\n|rule|HP Percentage Mod: HP is shown in percentages\n|clearpoke\n|poke|p1|Tornadus, M|\n|poke|p1|Amoonguss, M|\n|poke|p1|Basculegion-F, F|\n|poke|p1|Pelipper, F|\n|poke|p1|Palafin, M|\n|poke|p1|Regieleki|\n|poke|p2|Landorus, M|\n|poke|p2|Pelipper, F|\n|poke|p2|Palafin, M|\n|poke|p2|Sableye, F|\n|poke|p2|Walking Wake|\n|poke|p2|Zapdos|\n|teampreview\n|inactive|Battle timer is ON: inactive players will automatically lose when time's up. (requested by steelowtf)\n|inactive|its-sam87 also wants the timer to be on.\n|c|\u2606its-sam87|gl hf\n|c|\u2606steelowtf|u2\n|inactive|its-sam87 has 120 seconds left.\n|inactive|its-sam87 has 90 seconds left.\n|\n|t:|1700258034\n|start\n|switch|p1a: Palafin|Palafin, M|100\/100\n|switch|p1b: Regieleki|Regieleki, shiny|100\/100\n|switch|p2a: Landorus|Landorus, M, shiny|100\/100\n|switch|p2b: Palafin|Palafin, M|100\/100\n|turn|1\n|\n|t:|1700258051\n|detailschange|p1a: Palafin|Palafin-Hero, M\n|switch|p1a: Amoonguss|Amoonguss, M|100\/100\n|detailschange|p2b: Palafin|Palafin-Hero, M\n|switch|p2b: Sableye|Sableye, F|100\/100\n|-terastallize|p1b: Regieleki|Ice\n|-terastallize|p2a: Landorus|Steel\n|move|p1b: Regieleki|Tera Blast|p2a: Landorus|[anim] Tera Blast Ice\n|-resisted|p2a: Landorus\n|-damage|p2a: Landorus|77\/100\n|move|p2a: Landorus|Nasty Plot|p2a: Landorus\n|-boost|p2a: Landorus|spa|2\n|\n|upkeep\n|turn|2\n|c|\u2606its-sam87|good read\n|\n|t:|1700258079\n|switch|p1a: Pelipper|Pelipper, F, shiny|100\/100\n|-weather|RainDance|[from] ability: Drizzle|[of] p1a: Pelipper\n|move|p2a: Landorus|Protect|p2a: Landorus\n|-singleturn|p2a: Landorus|Protect\n|move|p2b: Sableye|Gravity|p2b: Sableye\n|-fieldstart|move: Gravity\n|move|p1b: Regieleki|Thunder|p2a: Landorus\n|-activate|p2a: Landorus|move: Protect\n|\n|-weather|RainDance|[upkeep]\n|upkeep\n|turn|3\n|\n|t:|1700258094\n|switch|p1a: Amoonguss|Amoonguss, M|100\/100\n|move|p2b: Sableye|Disable|p1b: Regieleki\n|-start|p1b: Regieleki|Disable|Thunder\n|cant|p1b: Regieleki|Disable|Thunder\n|move|p2a: Landorus|Sandsear Storm|p1b: Regieleki|[spread] p1a,p1b\n|-damage|p1a: Amoonguss|28\/100\n|-damage|p1b: Regieleki|0 fnt\n|faint|p1b: Regieleki\n|\n|-weather|RainDance|[upkeep]\n|upkeep\n|\n|t:|1700258102\n|switch|p1b: Palafin|Palafin-Hero, M|100\/100\n|-activate|p1b: Palafin|ability: Zero to Hero\n|turn|4\n|\n|t:|1700258110\n|move|p2a: Landorus|Protect|p2a: Landorus\n|-singleturn|p2a: Landorus|Protect\n|move|p1a: Amoonguss|Protect|p1a: Amoonguss\n|-singleturn|p1a: Amoonguss|Protect\n|move|p1b: Palafin|Jet Punch|p2a: Landorus\n|-activate|p2a: Landorus|move: Protect\n|move|p2b: Sableye|Will-O-Wisp|p1b: Palafin\n|-status|p1b: Palafin|brn\n|\n|-weather|RainDance|[upkeep]\n|-damage|p1b: Palafin|94\/100 brn|[from] brn\n|upkeep\n|turn|5\n|\n|t:|1700258137\n|switch|p1b: Tornadus|Tornadus, M, shiny|100\/100\n|move|p2b: Sableye|Disable||[still]\n|-fail|p2b: Sableye\n|move|p2a: Landorus|Sandsear Storm|p1a: Amoonguss|[spread] p1a,p1b\n|-damage|p1a: Amoonguss|0 fnt\n|-damage|p1b: Tornadus|0 fnt\n|faint|p1a: Amoonguss\n|faint|p1b: Tornadus\n|\n|-weather|RainDance|[upkeep]\n|upkeep\n|inactive|its-sam87 has 120 seconds left.\n|\n|t:|1700258148\n|switch|p1b: Palafin|Palafin-Hero, M|94\/100 brn\n|switch|p1a: Basculegion|Basculegion-F, F|100\/100\n|turn|6\n|\n|t:|1700258155\n|move|p2b: Sableye|Will-O-Wisp|p1a: Basculegion\n|-status|p1a: Basculegion|brn\n|move|p1a: Basculegion|Last Respects|p2b: Sableye\n|-damage|p2b: Sableye|31\/100\n|-enditem|p2b: Sableye|Red Card|[of] p1a: Basculegion\n|drag|p1a: Pelipper|Pelipper, F, shiny|100\/100\n|move|p2a: Landorus|Sandsear Storm|p1b: Palafin|[spread] p1a,p1b\n|-damage|p1a: Pelipper|0 fnt\n|-damage|p1b: Palafin|4\/100 brn\n|faint|p1a: Pelipper\n|move|p1b: Palafin|Drain Punch|p2a: Landorus\n|-supereffective|p2a: Landorus\n|-damage|p2a: Landorus|18\/100\n|-heal|p1b: Palafin|28\/100 brn|[from] drain|[of] p2a: Landorus\n|\n|-weather|RainDance|[upkeep]\n|-damage|p1b: Palafin|22\/100 brn|[from] brn\n|-fieldend|move: Gravity\n|upkeep\n|\n|t:|1700258164\n|switch|p1a: Basculegion|Basculegion-F, F|100\/100 brn\n|turn|7\n|c|\u2606its-sam87|ive never seen this strat before\n|c|\u2606its-sam87|can i rematch?\n|inactive|its-sam87 has 120 seconds left.\n|c|\u2606steelowtf|lol thanks\n|c|\u2606steelowtf|sure\n|\n|t:|1700258197\n|move|p2b: Sableye|Encore|p1b: Palafin\n|-start|p1b: Palafin|Encore\n|move|p1a: Basculegion|Last Respects|p2b: Sableye\n|-damage|p2b: Sableye|0 fnt\n|faint|p2b: Sableye\n|move|p2a: Landorus|Sandsear Storm|p1a: Basculegion|[spread] p1a,p1b\n|-damage|p1a: Basculegion|0 fnt\n|-damage|p1b: Palafin|0 fnt\n|faint|p1a: Basculegion\n|faint|p1b: Palafin\n|\n|win|steelowtf\n|raw|its-sam87's rating: 1567 &rarr; <strong>1540<\/strong><br \/>(-27 for losing)\n|raw|steelowtf's rating: 1434 &rarr; <strong>1461<\/strong><br \/>(+27 for winning)\n|c|\u2606its-sam87|gg\n|c|\u2606steelowtf|gg\n","uploadtime":1700258209,"views":34,"p1id":"itssam87","p2id":"steelowtf","formatid":"gen9doublesou","rating":1461,"private":0,"password":""}