{"id":"gen9doublesou-1991752678","p1":"minhbeossss","p2":"debabrat","format":"[Gen 9] Doubles OU","log":"|j|\u2606minhbeossss\n|j|\u2606debabrat\n|t:|1700111252\n|gametype|doubles\n|player|p1|minhbeossss|policeman-gen4|1326\n|player|p2|debabrat|170|1263\n|teamsize|p1|6\n|teamsize|p2|6\n|gen|9\n|tier|[Gen 9] Doubles OU\n|rated|\n|rule|Species Clause: Limit one of each Pok\u00e9mon\n|rule|OHKO Clause: OHKO moves are banned\n|rule|Evasion Moves Clause: Evasion moves are banned\n|rule|Gravity Sleep Clause: The combination of sleep-inducing moves with imperfect accuracy and Gravity or Gigantamax Orbeetle are banned\n|rule|Endless Battle Clause: Forcing endless battles is banned\n|rule|HP Percentage Mod: HP is shown in percentages\n|clearpoke\n|poke|p1|Palafin, M|\n|poke|p1|Regieleki|\n|poke|p1|Houndstone, M|\n|poke|p1|Tyranitar, M|\n|poke|p1|Politoed, M|\n|poke|p1|Sinistcha-Masterpiece|\n|poke|p2|Landorus, M|\n|poke|p2|Thundurus, M|\n|poke|p2|Tornadus, M|\n|poke|p2|Iron Hands|\n|poke|p2|Azumarill, M|\n|poke|p2|Tyranitar, F|\n|teampreview\n|\n|t:|1700111263\n|start\n|switch|p1a: Palafin|Palafin, M|100\/100\n|switch|p1b: Regieleki|Regieleki|100\/100\n|switch|p2a: Landorus|Landorus, M|100\/100\n|switch|p2b: Tornadus|Tornadus, M|100\/100\n|turn|1\n|\n|t:|1700111276\n|detailschange|p1a: Palafin|Palafin-Hero, M\n|switch|p1a: Politoed|Politoed, M|100\/100\n|-weather|RainDance|[from] ability: Drizzle|[of] p1a: Politoed\n|-terastallize|p1b: Regieleki|Ice\n|move|p2b: Tornadus|Tailwind|p2b: Tornadus\n|-sidestart|p2: debabrat|move: Tailwind\n|move|p2a: Landorus|Sandsear Storm|p1b: Regieleki|[spread] p1a,p1b\n|-damage|p1a: Politoed|71\/100\n|-damage|p1b: Regieleki|12\/100\n|move|p1b: Regieleki|Tera Blast|p2a: Landorus|[anim] Tera Blast Ice\n|-supereffective|p2a: Landorus\n|-damage|p2a: Landorus|0 fnt\n|faint|p2a: Landorus\n|\n|-weather|RainDance|[upkeep]\n|upkeep\n|inactive|Battle timer is ON: inactive players will automatically lose when time's up. (requested by minhbeossss)\n|inactive|debabrat also wants the timer to be on.\n|\n|t:|1700111288\n|switch|p2a: Thundurus|Thundurus, M|100\/100\n|turn|2\n|\n|t:|1700111298\n|switch|p1b: Sinistcha|Sinistcha-Masterpiece|100\/100\n|-heal|p1a: Politoed|96\/100|[from] ability: Hospitality|[of] p1b: Sinistcha\n|move|p1a: Politoed|Protect|p1a: Politoed\n|-singleturn|p1a: Politoed|Protect\n|move|p2b: Tornadus|Bleakwind Storm|p1a: Politoed|[spread] p1b\n|-activate|p1a: Politoed|move: Protect\n|-supereffective|p1b: Sinistcha\n|-damage|p1b: Sinistcha|25\/100\n|-unboost|p1b: Sinistcha|spe|1\n|-enditem|p1b: Sinistcha|Sitrus Berry|[eat]\n|-heal|p1b: Sinistcha|50\/100|[from] item: Sitrus Berry\n|move|p2a: Thundurus|Wildbolt Storm|p1b: Sinistcha|[spread] p1b\n|-activate|p1a: Politoed|move: Protect\n|-resisted|p1b: Sinistcha\n|-damage|p1b: Sinistcha|31\/100\n|\n|-weather|RainDance|[upkeep]\n|upkeep\n|turn|3\n|\n|t:|1700111313\n|move|p1b: Sinistcha|Protect|p1b: Sinistcha\n|-singleturn|p1b: Sinistcha|Protect\n|move|p2a: Thundurus|Wildbolt Storm|p1b: Sinistcha|[spread] p1a\n|-activate|p1b: Sinistcha|move: Protect\n|-supereffective|p1a: Politoed\n|-damage|p1a: Politoed|54\/100\n|move|p2b: Tornadus|Bleakwind Storm|p1a: Politoed|[spread] p1a\n|-activate|p1b: Sinistcha|move: Protect\n|-damage|p1a: Politoed|32\/100\n|-unboost|p1a: Politoed|spe|1\n|move|p1a: Politoed|Weather Ball|p2b: Tornadus\n|-damage|p2b: Tornadus|60\/100\n|\n|-weather|RainDance|[upkeep]\n|upkeep\n|turn|4\n|\n|t:|1700111338\n|move|p1a: Politoed|Protect|p1a: Politoed\n|-singleturn|p1a: Politoed|Protect\n|move|p2a: Thundurus|Wildbolt Storm|p1b: Sinistcha|[spread] p1b\n|-activate|p1a: Politoed|move: Protect\n|-resisted|p1b: Sinistcha\n|-crit|p1b: Sinistcha\n|-damage|p1b: Sinistcha|1\/100\n|-status|p1b: Sinistcha|par\n|move|p2b: Tornadus|Bleakwind Storm|p1a: Politoed|[spread] p1b\n|-activate|p1a: Politoed|move: Protect\n|-supereffective|p1b: Sinistcha\n|-damage|p1b: Sinistcha|0 fnt\n|faint|p1b: Sinistcha\n|\n|-weather|RainDance|[upkeep]\n|-sideend|p2: debabrat|move: Tailwind\n|upkeep\n|\n|t:|1700111352\n|switch|p1b: Palafin|Palafin-Hero, M|100\/100\n|-activate|p1b: Palafin|ability: Zero to Hero\n|turn|5\n|\n|t:|1700111364\n|move|p1b: Palafin|Jet Punch|p2b: Tornadus\n|-damage|p2b: Tornadus|0 fnt\n|faint|p2b: Tornadus\n|move|p2a: Thundurus|Wildbolt Storm|p1a: Politoed|[spread] p1a,p1b\n|-supereffective|p1a: Politoed\n|-supereffective|p1b: Palafin\n|-damage|p1a: Politoed|0 fnt\n|-damage|p1b: Palafin|30\/100\n|faint|p1a: Politoed\n|\n|-weather|none\n|upkeep\n|\n|t:|1700111376\n|switch|p2b: Iron Hands|Iron Hands|100\/100\n|switch|p1a: Regieleki|Regieleki, tera:Ice|12\/100\n|turn|6\n|\n|t:|1700111383\n|move|p1a: Regieleki|Protect|p1a: Regieleki\n|-singleturn|p1a: Regieleki|Protect\n|move|p2b: Iron Hands|Fake Out|p1a: Regieleki\n|-activate|p1a: Regieleki|move: Protect\n|move|p1b: Palafin|Jet Punch|p2a: Thundurus\n|-damage|p2a: Thundurus|37\/100\n|move|p2a: Thundurus|Wildbolt Storm|p1b: Palafin|[spread] p1b\n|-activate|p1a: Regieleki|move: Protect\n|-supereffective|p1b: Palafin\n|-damage|p1b: Palafin|0 fnt\n|faint|p1b: Palafin\n|\n|upkeep\n|\n|t:|1700111396\n|switch|p1b: Tyranitar|Tyranitar, M|100\/100\n|-weather|Sandstorm|[from] ability: Sand Stream|[of] p1b: Tyranitar\n|turn|7\n|\n|t:|1700111408\n|switch|p2a: Tyranitar|Tyranitar, F|100\/100\n|move|p1a: Regieleki|Tera Blast|p2a: Tyranitar|[anim] Tera Blast Ice\n|-damage|p2a: Tyranitar|78\/100\n|move|p1b: Tyranitar|Rock Slide|p2a: Tyranitar|[spread] p2a,p2b\n|-resisted|p2b: Iron Hands\n|-damage|p2a: Tyranitar|54\/100\n|-damage|p2b: Iron Hands|94\/100\n|move|p2b: Iron Hands|Brick Break|p1b: Tyranitar\n|-supereffective|p1b: Tyranitar\n|-damage|p1b: Tyranitar|0 fnt\n|faint|p1b: Tyranitar\n|\n|-weather|Sandstorm|[upkeep]\n|-damage|p1a: Regieleki|6\/100|[from] Sandstorm\n|-damage|p2b: Iron Hands|88\/100|[from] Sandstorm\n|-heal|p2a: Tyranitar|61\/100|[from] item: Leftovers\n|upkeep\n|\n|t:|1700111420\n|switch|p1b: Houndstone|Houndstone, M|100\/100\n|turn|8\n|\n|t:|1700111437\n|move|p1a: Regieleki|Tera Blast|p2b: Iron Hands|[anim] Tera Blast Ice\n|-damage|p2b: Iron Hands|66\/100\n|move|p1b: Houndstone|Play Rough|p2a: Tyranitar\n|-supereffective|p2a: Tyranitar\n|-damage|p2a: Tyranitar|0 fnt\n|faint|p2a: Tyranitar\n|-damage|p1b: Houndstone|91\/100|[from] item: Life Orb\n|move|p2b: Iron Hands|Brick Break|p1a: Regieleki\n|-supereffective|p1a: Regieleki\n|-damage|p1a: Regieleki|0 fnt\n|faint|p1a: Regieleki\n|\n|-weather|Sandstorm|[upkeep]\n|-damage|p2b: Iron Hands|60\/100|[from] Sandstorm\n|upkeep\n|\n|t:|1700111452\n|switch|p2a: Azumarill|Azumarill, M|100\/100\n|turn|9\n|\n|t:|1700111461\n|move|p1b: Houndstone|Last Respects|p2a: Azumarill\n|-damage|p2a: Azumarill|0 fnt\n|faint|p2a: Azumarill\n|-damage|p1b: Houndstone|81\/100|[from] item: Life Orb\n|move|p2b: Iron Hands|Ice Punch|p1b: Houndstone\n|-damage|p1b: Houndstone|51\/100\n|\n|-weather|Sandstorm|[upkeep]\n|-damage|p2b: Iron Hands|54\/100|[from] Sandstorm\n|upkeep\n|\n|t:|1700111466\n|switch|p2a: Thundurus|Thundurus, M|37\/100\n|turn|10\n|\n|t:|1700111475\n|move|p1b: Houndstone|Last Respects|p2a: Thundurus\n|-damage|p2a: Thundurus|0 fnt\n|faint|p2a: Thundurus\n|-damage|p1b: Houndstone|41\/100|[from] item: Life Orb\n|move|p2b: Iron Hands|Ice Punch|p1b: Houndstone\n|-damage|p1b: Houndstone|11\/100\n|\n|-weather|Sandstorm|[upkeep]\n|-damage|p2b: Iron Hands|48\/100|[from] Sandstorm\n|upkeep\n|turn|11\n|\n|t:|1700111483\n|move|p1b: Houndstone|Last Respects|p2b: Iron Hands\n|-damage|p2b: Iron Hands|0 fnt\n|faint|p2b: Iron Hands\n|-end|p2b: Iron Hands|Quark Drive|[silent]\n|-damage|p1b: Houndstone|1\/100|[from] item: Life Orb\n|\n|win|minhbeossss\n|raw|minhbeossss's rating: 1326 &rarr; <strong>1342<\/strong><br \/>(+16 for winning)\n|raw|debabrat's rating: 1263 &rarr; <strong>1242<\/strong><br \/>(-21 for losing)\n|l|\u2606debabrat\n","uploadtime":1700111492,"views":10,"p1id":"minhbeossss","p2id":"debabrat","formatid":"gen9doublesou","rating":1242,"private":0,"password":""}