{"id":"gen9doublesou-1979019850","p1":"Undead_Redhead","p2":"Davoo23SD","format":"[Gen 9] Doubles OU","log":"|j|\u2606Undead_Redhead\n|j|\u2606Davoo23SD\n|t:|1698621967\n|gametype|doubles\n|player|p1|Undead_Redhead|flannery|1244\n|player|p2|Davoo23SD|nate|1263\n|teamsize|p1|6\n|teamsize|p2|6\n|gen|9\n|tier|[Gen 9] Doubles OU\n|rated|\n|rule|Species Clause: Limit one of each Pok\u00e9mon\n|rule|OHKO Clause: OHKO moves are banned\n|rule|Evasion Moves Clause: Evasion moves are banned\n|rule|Gravity Sleep Clause: The combination of sleep-inducing moves with imperfect accuracy and Gravity or Gigantamax Orbeetle are banned\n|rule|Endless Battle Clause: Forcing endless battles is banned\n|rule|HP Percentage Mod: HP is shown in percentages\n|clearpoke\n|poke|p1|Ninetales-Alola, F|\n|poke|p1|Abomasnow, M|\n|poke|p1|Cetitan, M|\n|poke|p1|Froslass, F|\n|poke|p1|Baxcalibur, F|\n|poke|p1|Beartic, F|\n|poke|p2|Iron Hands|\n|poke|p2|Ogerpon-Wellspring, F|\n|poke|p2|Ursaluna-Bloodmoon, M|\n|poke|p2|Tornadus, M|\n|poke|p2|Ninetales-Alola, F|\n|poke|p2|Sinistcha|\n|teampreview\n|inactive|Battle timer is ON: inactive players will automatically lose when time's up. (requested by Davoo23SD)\n|\n|t:|1698621989\n|start\n|switch|p1a: Ninetales|Ninetales-Alola, F|100\/100\n|switch|p1b: Cetitan|Cetitan, M|100\/100\n|switch|p2a: Ninetales|Ninetales-Alola, F|100\/100\n|switch|p2b: Iron Hands|Iron Hands|100\/100\n|-weather|Snow|[from] ability: Snow Warning|[of] p1a: Ninetales\n|turn|1\n|\n|t:|1698622002\n|move|p1a: Ninetales|Protect|p1a: Ninetales\n|-singleturn|p1a: Ninetales|Protect\n|move|p2b: Iron Hands|Fake Out|p1a: Ninetales\n|-activate|p1a: Ninetales|move: Protect\n|move|p1b: Cetitan|Belly Drum|p1b: Cetitan\n|-damage|p1b: Cetitan|50\/100\n|-setboost|p1b: Cetitan|atk|6|[from] move: Belly Drum\n|-enditem|p1b: Cetitan|Sitrus Berry|[eat]\n|-heal|p1b: Cetitan|75\/100|[from] item: Sitrus Berry\n|move|p2a: Ninetales|Aurora Veil|p2a: Ninetales\n|-sidestart|p2: Davoo23SD|move: Aurora Veil\n|\n|-weather|Snow|[upkeep]\n|upkeep\n|turn|2\n|inactive|Undead_Redhead has 120 seconds left.\n|\n|t:|1698622033\n|move|p1b: Cetitan|Liquidation|p2b: Iron Hands\n|-damage|p2b: Iron Hands|64\/100\n|-unboost|p2b: Iron Hands|def|1\n|move|p1a: Ninetales|Aurora Veil|p1a: Ninetales\n|-sidestart|p1: Undead_Redhead|move: Aurora Veil\n|move|p2a: Ninetales|Blizzard|p1a: Ninetales|[spread] p1a,p1b\n|-resisted|p1a: Ninetales\n|-resisted|p1b: Cetitan\n|-damage|p1a: Ninetales|89\/100\n|-damage|p1b: Cetitan|64\/100\n|move|p2b: Iron Hands|Drain Punch|p1b: Cetitan\n|-supereffective|p1b: Cetitan\n|-damage|p1b: Cetitan|35\/100\n|-heal|p2b: Iron Hands|77\/100|[from] drain|[of] p1b: Cetitan\n|\n|-weather|Snow|[upkeep]\n|upkeep\n|turn|3\n|\n|t:|1698622054\n|move|p1b: Cetitan|Knock Off|p2b: Iron Hands\n|-resisted|p2b: Iron Hands\n|-damage|p2b: Iron Hands|41\/100\n|-enditem|p2b: Iron Hands|Assault Vest|[from] move: Knock Off|[of] p1b: Cetitan\n|move|p1a: Ninetales|Dazzling Gleam|p2a: Ninetales|[spread] p2a,p2b\n|-supereffective|p2b: Iron Hands\n|-damage|p2a: Ninetales|82\/100\n|-damage|p2b: Iron Hands|17\/100\n|move|p2a: Ninetales|Moonblast|p1b: Cetitan\n|-damage|p1b: Cetitan|7\/100\n|-unboost|p1b: Cetitan|spa|1\n|move|p2b: Iron Hands|Drain Punch|p1b: Cetitan\n|-supereffective|p1b: Cetitan\n|-damage|p1b: Cetitan|0 fnt\n|-heal|p2b: Iron Hands|20\/100|[from] drain|[of] p1b: Cetitan\n|faint|p1b: Cetitan\n|\n|-weather|Snow|[upkeep]\n|upkeep\n|inactive|Undead_Redhead has 120 seconds left.\n|\n|t:|1698622074\n|switch|p1b: Beartic|Beartic, F|100\/100\n|turn|4\n|\n|t:|1698622094\n|-terastallize|p1b: Beartic|Fairy\n|move|p1b: Beartic|Play Rough|p2b: Iron Hands|[miss]\n|-miss|p1b: Beartic|p2b: Iron Hands\n|move|p1a: Ninetales|Dazzling Gleam|p2b: Iron Hands|[spread] p2a,p2b\n|-supereffective|p2b: Iron Hands\n|-damage|p2a: Ninetales|64\/100\n|-damage|p2b: Iron Hands|0 fnt\n|faint|p2b: Iron Hands\n|-end|p2b: Iron Hands|Quark Drive|[silent]\n|move|p2a: Ninetales|Moonblast|p1a: Ninetales\n|-damage|p1a: Ninetales|61\/100\n|\n|-weather|Snow|[upkeep]\n|upkeep\n|\n|t:|1698622114\n|switch|p2b: Tornadus|Tornadus, M|100\/100\n|turn|5\n|\n|t:|1698622122\n|move|p2b: Tornadus|Tailwind|p2b: Tornadus\n|-sidestart|p2: Davoo23SD|move: Tailwind\n|move|p2a: Ninetales|Blizzard|p1b: Beartic|[spread] p1a,p1b\n|-resisted|p1a: Ninetales\n|-damage|p1a: Ninetales|49\/100\n|-damage|p1b: Beartic|84\/100\n|move|p1b: Beartic|Icicle Crash|p2b: Tornadus\n|-supereffective|p2b: Tornadus\n|-enditem|p2b: Tornadus|Focus Sash\n|-damage|p2b: Tornadus|1\/100\n|move|p1a: Ninetales|Blizzard|p2a: Ninetales|[spread] p2a,p2b\n|-resisted|p2a: Ninetales\n|-supereffective|p2b: Tornadus\n|-damage|p2a: Ninetales|52\/100\n|-damage|p2b: Tornadus|0 fnt\n|faint|p2b: Tornadus\n|\n|-weather|none\n|upkeep\n|\n|t:|1698622144\n|switch|p2b: Ogerpon|Ogerpon-Wellspring, F|100\/100\n|turn|6\n|\n|t:|1698622153\n|switch|p1a: Abomasnow|Abomasnow, M|100\/100\n|-weather|Snow|[from] ability: Snow Warning|[of] p1a: Abomasnow\n|move|p2b: Ogerpon|Ivy Cudgel|p1a: Abomasnow\n|-resisted|p1a: Abomasnow\n|-damage|p1a: Abomasnow|87\/100\n|move|p2a: Ninetales|Moonblast|p1a: Abomasnow\n|-damage|p1a: Abomasnow|64\/100\n|-unboost|p1a: Abomasnow|spa|1\n|move|p1b: Beartic|Icicle Crash|p2b: Ogerpon\n|-damage|p2b: Ogerpon|61\/100\n|\n|-weather|Snow|[upkeep]\n|upkeep\n|turn|7\n|inactive|Davoo23SD has 120 seconds left.\n|\n|t:|1698622187\n|move|p2b: Ogerpon|Swords Dance|p2b: Ogerpon\n|-boost|p2b: Ogerpon|atk|2\n|move|p2a: Ninetales|Moonblast|p1a: Abomasnow\n|-damage|p1a: Abomasnow|38\/100\n|move|p1b: Beartic|Icicle Crash|p2b: Ogerpon\n|-damage|p2b: Ogerpon|19\/100\n|move|p1a: Abomasnow|Giga Drain|p2b: Ogerpon\n|-damage|p2b: Ogerpon|2\/100\n|-heal|p1a: Abomasnow|45\/100|[from] drain|[of] p2b: Ogerpon\n|\n|-weather|Snow|[upkeep]\n|upkeep\n|turn|8\n|\n|t:|1698622213\n|switch|p2a: Sinistcha|Sinistcha|100\/100\n|-heal|p2b: Ogerpon|27\/100|[from] ability: Hospitality|[of] p2a: Sinistcha\n|move|p1a: Abomasnow|Protect|p1a: Abomasnow\n|-singleturn|p1a: Abomasnow|Protect\n|move|p2b: Ogerpon|Horn Leech|p1b: Beartic\n|-damage|p1b: Beartic|9\/100\n|-heal|p2b: Ogerpon|68\/100|[from] drain|[of] p1b: Beartic\n|move|p1b: Beartic|Icicle Crash|p2b: Ogerpon\n|-damage|p2b: Ogerpon|23\/100\n|\n|-weather|Snow|[upkeep]\n|-sideend|p2: Davoo23SD|move: Tailwind\n|-sideend|p2: Davoo23SD|move: Aurora Veil\n|upkeep\n|turn|9\n|inactive|Davoo23SD has 120 seconds left.\n|\n|t:|1698622265\n|move|p2a: Sinistcha|Rage Powder|p2a: Sinistcha\n|-singleturn|p2a: Sinistcha|move: Rage Powder\n|move|p1b: Beartic|Icicle Crash|p2a: Sinistcha|[miss]\n|-miss|p1b: Beartic|p2a: Sinistcha\n|move|p2b: Ogerpon|Ivy Cudgel|p1a: Abomasnow\n|-resisted|p1a: Abomasnow\n|-damage|p1a: Abomasnow|14\/100\n|move|p1a: Abomasnow|Blizzard|p2b: Ogerpon|[spread] p2a,p2b\n|-supereffective|p2a: Sinistcha\n|-damage|p2a: Sinistcha|41\/100\n|-damage|p2b: Ogerpon|0 fnt\n|faint|p2b: Ogerpon\n|\n|-weather|Snow|[upkeep]\n|-sideend|p1: Undead_Redhead|move: Aurora Veil\n|upkeep\n|\n|t:|1698622279\n|switch|p2b: Ninetales|Ninetales-Alola, F|52\/100\n|turn|10\n|\n|t:|1698622289\n|move|p1b: Beartic|Icicle Crash|p2a: Sinistcha\n|-supereffective|p2a: Sinistcha\n|-damage|p2a: Sinistcha|0 fnt\n|faint|p2a: Sinistcha\n|move|p2b: Ninetales|Aurora Veil|p2b: Ninetales\n|-sidestart|p2: Davoo23SD|move: Aurora Veil\n|move|p1a: Abomasnow|Blizzard|p2b: Ninetales\n|-resisted|p2b: Ninetales\n|-damage|p2b: Ninetales|39\/100\n|\n|-weather|none\n|upkeep\n|\n|t:|1698622292\n|switch|p2a: Ursaluna|Ursaluna-Bloodmoon, M|100\/100\n|turn|11\n|\n|t:|1698622306\n|switch|p1a: Ninetales|Ninetales-Alola, F|49\/100\n|-weather|Snow|[from] ability: Snow Warning|[of] p1a: Ninetales\n|-terastallize|p2a: Ursaluna|Normal\n|move|p2b: Ninetales|Protect|p2b: Ninetales\n|-singleturn|p2b: Ninetales|Protect\n|move|p1b: Beartic|Close Combat|p2a: Ursaluna\n|-supereffective|p2a: Ursaluna\n|-damage|p2a: Ursaluna|57\/100\n|-unboost|p1b: Beartic|def|1\n|-unboost|p1b: Beartic|spd|1\n|move|p2a: Ursaluna|Hyper Voice|p1a: Ninetales|[spread] p1a,p1b\n|-damage|p1a: Ninetales|0 fnt\n|-damage|p1b: Beartic|0 fnt\n|faint|p1a: Ninetales\n|faint|p1b: Beartic\n|-enditem|p2a: Ursaluna|Throat Spray\n|-boost|p2a: Ursaluna|spa|1|[from] item: Throat Spray\n|\n|-weather|Snow|[upkeep]\n|upkeep\n|\n|t:|1698622328\n|switch|p1a: Froslass|Froslass, F|100\/100\n|switch|p1b: Baxcalibur|Baxcalibur, F|100\/100\n|turn|12\n|\n|t:|1698622345\n|move|p1a: Froslass|Icy Wind|p2a: Ursaluna|[spread] p2a,p2b\n|-resisted|p2b: Ninetales\n|-damage|p2a: Ursaluna|46\/100\n|-damage|p2b: Ninetales|33\/100\n|-unboost|p2a: Ursaluna|spe|1\n|-unboost|p2b: Ninetales|spe|1\n|move|p1b: Baxcalibur|Brick Break|p2b: Ninetales\n|-sideend|p2: Davoo23SD|move: Aurora Veil\n|-damage|p2b: Ninetales|6\/100\n|move|p2b: Ninetales|Moonblast|p1b: Baxcalibur\n|-supereffective|p1b: Baxcalibur\n|-damage|p1b: Baxcalibur|21\/100\n|-unboost|p1b: Baxcalibur|spa|1\n|move|p2a: Ursaluna|Moonlight|p2a: Ursaluna\n|-heal|p2a: Ursaluna|70\/100\n|\n|-weather|Snow|[upkeep]\n|upkeep\n|turn|13\n|\n|t:|1698622366\n|move|p2b: Ninetales|Protect|p2b: Ninetales\n|-singleturn|p2b: Ninetales|Protect\n|move|p1a: Froslass|Icy Wind|p2b: Ninetales|[spread] p2a\n|-activate|p2b: Ninetales|move: Protect\n|-damage|p2a: Ursaluna|53\/100\n|-unboost|p2a: Ursaluna|spe|1\n|move|p1b: Baxcalibur|Icicle Spear|p2a: Ursaluna\n|-damage|p2a: Ursaluna|43\/100\n|-damage|p2a: Ursaluna|33\/100\n|-damage|p2a: Ursaluna|23\/100\n|-damage|p2a: Ursaluna|13\/100\n|-damage|p2a: Ursaluna|4\/100\n|-hitcount|p2a: Ursaluna|5\n|move|p2a: Ursaluna|Hyper Voice|p1a: Froslass|[spread] p1a,p1b\n|-enditem|p1a: Froslass|Focus Sash\n|-damage|p1a: Froslass|1\/100\n|-damage|p1b: Baxcalibur|0 fnt\n|faint|p1b: Baxcalibur\n|\n|-weather|Snow|[upkeep]\n|upkeep\n|inactive|Undead_Redhead has 120 seconds left.\n|\n|t:|1698622387\n|switch|p1b: Abomasnow|Abomasnow, M|14\/100\n|turn|14\n|\n|t:|1698622397\n|move|p1a: Froslass|Icy Wind|p2a: Ursaluna|[spread] p2a,p2b\n|-resisted|p2b: Ninetales\n|-damage|p2a: Ursaluna|0 fnt\n|-damage|p2b: Ninetales|0 fnt\n|faint|p2a: Ursaluna\n|faint|p2b: Ninetales\n|\n|win|Undead_Redhead\n|raw|Undead_Redhead's rating: 1244 &rarr; <strong>1270<\/strong><br \/>(+26 for winning)\n|raw|Davoo23SD's rating: 1263 &rarr; <strong>1237<\/strong><br \/>(-26 for losing)\n|l|\u2606Davoo23SD\n","uploadtime":1698622410,"views":18,"p1id":"undeadredhead","p2id":"davoo23sd","formatid":"gen9doublesou","rating":1237,"private":0,"password":""}