{"id":"gen9doublesou-1973326600","p1":"jfmdkddjfdk","p2":"adamlol_gaming","format":"[Gen 9] Doubles OU","log":"|j|\u2606jfmdkddjfdk\n|j|\u2606adamlol_gaming\n|t:|1697955156\n|gametype|doubles\n|player|p1|jfmdkddjfdk|102|1000\n|player|p2|adamlol_gaming|lass-gen4dp|1058\n|teamsize|p1|6\n|teamsize|p2|6\n|gen|9\n|tier|[Gen 9] Doubles OU\n|rated|\n|rule|Species Clause: Limit one of each Pok\u00e9mon\n|rule|OHKO Clause: OHKO moves are banned\n|rule|Evasion Moves Clause: Evasion moves are banned\n|rule|Gravity Sleep Clause: The combination of sleep-inducing moves with imperfect accuracy and Gravity or Gigantamax Orbeetle are banned\n|rule|Endless Battle Clause: Forcing endless battles is banned\n|rule|HP Percentage Mod: HP is shown in percentages\n|clearpoke\n|poke|p1|Indeedee, M|\n|poke|p1|Hatterene, F|\n|poke|p1|Ursaluna-Bloodmoon, M|\n|poke|p1|Magnezone|\n|poke|p1|Conkeldurr, M|\n|poke|p1|Crawdaunt, M|\n|poke|p2|Medicham, M|\n|poke|p2|Tinkaton, F|\n|poke|p2|Basculegion-F, F|\n|poke|p2|Indeedee-F, F|\n|poke|p2|Meowscarada, F|\n|poke|p2|Amoonguss, F|\n|teampreview\n|\n|t:|1697955166\n|start\n|switch|p1a: Indeedee|Indeedee, M|100\/100\n|switch|p1b: Magnezone|Magnezone|100\/100\n|switch|p2a: Medicham|Medicham, M|100\/100\n|switch|p2b: Tinkaton|Tinkaton, F|100\/100\n|-fieldstart|move: Psychic Terrain|[from] ability: Psychic Surge|[of] p1a: Indeedee\n|-item|p1b: Magnezone|Air Balloon\n|turn|1\n|\n|t:|1697955196\n|move|p2a: Medicham|Fake Out|p1b: Magnezone\n|-hint|Psychic Terrain doesn't affect Pok\u00e9mon immune to Ground.\n|-resisted|p1b: Magnezone\n|-damage|p1b: Magnezone|95\/100\n|-enditem|p1b: Magnezone|Air Balloon\n|move|p2b: Tinkaton|Swords Dance|p2b: Tinkaton\n|-boost|p2b: Tinkaton|atk|2\n|cant|p1b: Magnezone|flinch\n|move|p1a: Indeedee|Trick Room|p1a: Indeedee\n|-fieldstart|move: Trick Room|[of] p1a: Indeedee\n|\n|upkeep\n|turn|2\n|\n|t:|1697955225\n|move|p1a: Indeedee|Helping Hand|p1b: Magnezone\n|-singleturn|p1b: Magnezone|Helping Hand|[of] p1a: Indeedee\n|move|p1b: Magnezone|Thunderbolt|p2a: Medicham\n|-damage|p2a: Medicham|10\/100\n|-enditem|p2a: Medicham|Wiki Berry|[eat]\n|-heal|p2a: Medicham|43\/100|[from] item: Wiki Berry\n|move|p2a: Medicham|Skill Swap|p2b: Tinkaton\n|-activate|p2a: Medicham|move: Skill Swap|||[of] p2b: Tinkaton\n|move|p2b: Tinkaton|Gigaton Hammer|p1a: Indeedee\n|-damage|p1a: Indeedee|0 fnt\n|faint|p1a: Indeedee\n|\n|upkeep\n|\n|t:|1697955238\n|switch|p1a: Ursaluna|Ursaluna-Bloodmoon, M|100\/100\n|turn|3\n|\n|t:|1697955251\n|move|p2b: Tinkaton|Protect|p2b: Tinkaton\n|-singleturn|p2b: Tinkaton|Protect\n|move|p1a: Ursaluna|Earth Power|p2b: Tinkaton\n|-activate|p2b: Tinkaton|move: Protect\n|move|p1b: Magnezone|Thunderbolt|p2a: Medicham\n|-damage|p2a: Medicham|0 fnt\n|faint|p2a: Medicham\n|\n|upkeep\n|\n|t:|1697955260\n|switch|p2a: Amoonguss|Amoonguss, F|100\/100\n|turn|4\n|\n|t:|1697955271\n|move|p2a: Amoonguss|Spore|p1a: Ursaluna\n|-status|p1a: Ursaluna|slp|[from] move: Spore\n|cant|p1a: Ursaluna|slp\n|move|p1b: Magnezone|Thunder Wave|p2b: Tinkaton\n|-status|p2b: Tinkaton|par\n|move|p2b: Tinkaton|Knock Off|p1a: Ursaluna\n|-crit|p1a: Ursaluna\n|-damage|p1a: Ursaluna|0 fnt\n|-enditem|p1a: Ursaluna|Wise Glasses|[from] move: Knock Off|[of] p2b: Tinkaton\n|faint|p1a: Ursaluna\n|\n|upkeep\n|\n|t:|1697955292\n|switch|p1a: Hatterene|Hatterene, F|100\/100\n|turn|5\n|\n|t:|1697955320\n|move|p1a: Hatterene|Mystical Fire|p2a: Amoonguss\n|-supereffective|p2a: Amoonguss\n|-damage|p2a: Amoonguss|52\/100\n|-unboost|p2a: Amoonguss|spa|1\n|move|p2a: Amoonguss|Spore|p1b: Magnezone\n|-status|p1b: Magnezone|slp|[from] move: Spore\n|move|p2b: Tinkaton|Gigaton Hammer|p1a: Hatterene\n|-supereffective|p1a: Hatterene\n|-damage|p1a: Hatterene|0 fnt\n|faint|p1a: Hatterene\n|cant|p1b: Magnezone|slp\n|\n|-heal|p2a: Amoonguss|58\/100|[from] item: Leftovers\n|-fieldend|move: Trick Room\n|-fieldend|move: Psychic Terrain\n|upkeep\n|\n|t:|1697955338\n|switch|p1a: Conkeldurr|Conkeldurr, M|100\/100\n|turn|6\n|\n|t:|1697955393\n|move|p2b: Tinkaton|Protect|p2b: Tinkaton\n|-singleturn|p2b: Tinkaton|Protect\n|cant|p1b: Magnezone|slp\n|move|p1a: Conkeldurr|Bulk Up|p1a: Conkeldurr\n|-boost|p1a: Conkeldurr|atk|1\n|-boost|p1a: Conkeldurr|def|1\n|move|p2a: Amoonguss|Spore|p1a: Conkeldurr\n|-status|p1a: Conkeldurr|slp|[from] move: Spore\n|\n|-heal|p2a: Amoonguss|64\/100|[from] item: Leftovers\n|upkeep\n|turn|7\n|\n|t:|1697955428\n|switch|p2a: Basculegion|Basculegion-F, F|100\/100\n|cant|p1b: Magnezone|slp\n|cant|p1a: Conkeldurr|slp\n|move|p2b: Tinkaton|Gigaton Hammer|p1a: Conkeldurr\n|-damage|p1a: Conkeldurr|0 fnt\n|faint|p1a: Conkeldurr\n|\n|upkeep\n|-message|jfmdkddjfdk forfeited.\n|\n|win|adamlol_gaming\n|raw|jfmdkddjfdk's rating: 1000 &rarr; <strong>1000<\/strong><br \/>(+0 for losing)\n|raw|adamlol_gaming's rating: 1058 &rarr; <strong>1084<\/strong><br \/>(+26 for winning)\n|l|\u2606jfmdkddjfdk\n","uploadtime":1697955462,"views":21,"p1id":"jfmdkddjfdk","p2id":"adamlolgaming","formatid":"gen9doublesou","rating":1000,"private":0,"password":""}