{"id":"gen9doublesou-1987164701","p1":"mfox","p2":"mikeyuwu","format":"[Gen 9] Doubles OU","log":"|j|\u2606mfox\n|j|\u2606mikeyuwu\n|t:|1699561486\n|gametype|doubles\n|player|p1|mfox|dancer|1229\n|player|p2|mikeyuwu|psychic-gen4|1323\n|teamsize|p1|6\n|teamsize|p2|6\n|gen|9\n|tier|[Gen 9] Doubles OU\n|rated|\n|rule|Species Clause: Limit one of each Pok\u00e9mon\n|rule|OHKO Clause: OHKO moves are banned\n|rule|Evasion Moves Clause: Evasion moves are banned\n|rule|Gravity Sleep Clause: The combination of sleep-inducing moves with imperfect accuracy and Gravity or Gigantamax Orbeetle are banned\n|rule|Endless Battle Clause: Forcing endless battles is banned\n|rule|HP Percentage Mod: HP is shown in percentages\n|clearpoke\n|poke|p1|Ninetales-Alola, M|\n|poke|p1|Espathra, M|\n|poke|p1|Cinderace, M|\n|poke|p1|Sinistcha|\n|poke|p1|Bisharp, M|\n|poke|p1|Baxcalibur, M|\n|poke|p2|Garchomp, M|\n|poke|p2|Tyranitar, F|\n|poke|p2|Vaporeon, F|\n|poke|p2|Toxicroak, M|\n|poke|p2|Pelipper, F|\n|poke|p2|Abomasnow, M|\n|teampreview\n|inactive|Battle timer is ON: inactive players will automatically lose when time's up. (requested by mikeyuwu)\n|\n|t:|1699561521\n|start\n|switch|p1a: Ninetales|Ninetales-Alola, M|100\/100\n|switch|p1b: vogue|Espathra, M, shiny|100\/100\n|switch|p2a: OTLHPM|Toxicroak, M|100\/100\n|switch|p2b: Harmacy|Vaporeon, F|100\/100\n|-weather|Snow|[from] ability: Snow Warning|[of] p1a: Ninetales\n|turn|1\n|c|\u2606mfox|triple climate?\n|inactive|mfox has 120 seconds left.\n|\n|t:|1699561552\n|switch|p2a: ThcrThnSnkr|Tyranitar, F|100\/100\n|-weather|Sandstorm|[from] ability: Sand Stream|[of] p2a: ThcrThnSnkr\n|move|p1a: Ninetales|Aurora Veil||[still]\n|-fail|p1a: Ninetales\n|move|p1b: vogue|Calm Mind|p1b: vogue\n|-boost|p1b: vogue|spa|1\n|-boost|p1b: vogue|spd|1\n|move|p2b: Harmacy|Weather Ball|p1a: Ninetales\n|-supereffective|p1a: Ninetales\n|-damage|p1a: Ninetales|48\/100\n|\n|-weather|Sandstorm|[upkeep]\n|-damage|p1a: Ninetales|42\/100|[from] Sandstorm\n|-damage|p1b: vogue|94\/100|[from] Sandstorm\n|-damage|p2b: Harmacy|94\/100|[from] Sandstorm\n|-heal|p1b: vogue|100\/100|[from] item: Leftovers\n|-heal|p2b: Harmacy|100\/100|[from] item: Leftovers\n|-ability|p1b: vogue|Speed Boost|boost\n|-boost|p1b: vogue|spe|1\n|upkeep\n|turn|2\n|c|\u2606mikeyuwu|All weather\n|c|\u2606mikeyuwu|Someone has sunny day\n|inactive|mfox has 120 seconds left.\n|inactive|mfox has 90 seconds left.\n|\n|t:|1699561612\n|switch|p1a: GOTCHA!|Sinistcha|100\/100\n|move|p1b: vogue|Dazzling Gleam|p2a: ThcrThnSnkr|[spread] p2a,p2b\n|-supereffective|p2a: ThcrThnSnkr\n|-damage|p2a: ThcrThnSnkr|88\/100\n|-damage|p2b: Harmacy|84\/100\n|move|p2a: ThcrThnSnkr|Knock Off|p1b: vogue\n|-supereffective|p1b: vogue\n|-damage|p1b: vogue|26\/100\n|-enditem|p1b: vogue|Leftovers|[from] move: Knock Off|[of] p2a: ThcrThnSnkr\n|move|p2b: Harmacy|Icy Wind|p1a: GOTCHA!|[spread] p1a,p1b\n|-supereffective|p1a: GOTCHA!\n|-damage|p1a: GOTCHA!|81\/100\n|-damage|p1b: vogue|17\/100\n|-unboost|p1a: GOTCHA!|spe|1\n|-unboost|p1b: vogue|spe|1\n|\n|-weather|Sandstorm|[upkeep]\n|-damage|p1b: vogue|11\/100|[from] Sandstorm\n|-damage|p2b: Harmacy|78\/100|[from] Sandstorm\n|-damage|p1a: GOTCHA!|75\/100|[from] Sandstorm\n|-heal|p2b: Harmacy|84\/100|[from] item: Leftovers\n|-ability|p1b: vogue|Speed Boost|boost\n|-boost|p1b: vogue|spe|1\n|upkeep\n|turn|3\n|inactive|mfox has 90 seconds left.\n|\n|t:|1699561640\n|switch|p1b: Ninetales|Ninetales-Alola, M|42\/100\n|-weather|Snow|[from] ability: Snow Warning|[of] p1b: Ninetales\n|move|p2a: ThcrThnSnkr|Knock Off|p1a: GOTCHA!\n|-supereffective|p1a: GOTCHA!\n|-damage|p1a: GOTCHA!|1\/100\n|-enditem|p1a: GOTCHA!|Big Root|[from] move: Knock Off|[of] p2a: ThcrThnSnkr\n|move|p2b: Harmacy|Icy Wind|p1a: GOTCHA!|[spread] p1a,p1b\n|-supereffective|p1a: GOTCHA!\n|-resisted|p1b: Ninetales\n|-damage|p1a: GOTCHA!|0 fnt\n|-damage|p1b: Ninetales|37\/100\n|-unboost|p1b: Ninetales|spe|1\n|faint|p1a: GOTCHA!\n|\n|-weather|Snow|[upkeep]\n|-heal|p2b: Harmacy|90\/100|[from] item: Leftovers\n|upkeep\n|inactive|mfox has 90 seconds left.\n|\n|t:|1699561655\n|switch|p1a: Baxcalibur|Baxcalibur, M|100\/100\n|turn|4\n|\n|t:|1699561674\n|switch|p2a: Weather War|Pelipper, F|100\/100\n|-weather|RainDance|[from] ability: Drizzle|[of] p2a: Weather War\n|move|p1b: Ninetales|Encore|p2b: Harmacy\n|-start|p2b: Harmacy|Encore\n|move|p1a: Baxcalibur|Icicle Spear|p2a: Weather War\n|-damage|p2a: Weather War|87\/100\n|-damage|p2a: Weather War|74\/100\n|-damage|p2a: Weather War|62\/100\n|-damage|p2a: Weather War|50\/100\n|-damage|p2a: Weather War|37\/100\n|-hitcount|p2a: Weather War|5\n|move|p2b: Harmacy|Icy Wind|p1b: Ninetales|[spread] p1a\n|-miss|p2b: Harmacy|p1b: Ninetales\n|-damage|p1a: Baxcalibur|90\/100\n|-unboost|p1a: Baxcalibur|spe|1\n|\n|-weather|RainDance|[upkeep]\n|-heal|p2b: Harmacy|96\/100|[from] item: Leftovers\n|upkeep\n|turn|5\n|\n|t:|1699561699\n|switch|p1b: stay sharp|Bisharp, M|100\/100\n|switch|p2a: ThcrThnSnkr|Tyranitar, F|88\/100\n|-weather|Sandstorm|[from] ability: Sand Stream|[of] p2a: ThcrThnSnkr\n|move|p2b: Harmacy|Icy Wind|p1b: stay sharp|[spread] p1a,p1b\n|-resisted|p1b: stay sharp\n|-damage|p1a: Baxcalibur|81\/100\n|-damage|p1b: stay sharp|95\/100\n|-unboost|p1a: Baxcalibur|spe|1\n|-unboost|p1b: stay sharp|spe|1\n|-ability|p1b: stay sharp|Defiant|boost\n|-boost|p1b: stay sharp|atk|2\n|move|p1a: Baxcalibur|Icicle Spear|p2a: ThcrThnSnkr\n|-damage|p2a: ThcrThnSnkr|72\/100\n|-crit|p2a: ThcrThnSnkr\n|-damage|p2a: ThcrThnSnkr|49\/100\n|-damage|p2a: ThcrThnSnkr|33\/100\n|-damage|p2a: ThcrThnSnkr|19\/100\n|-damage|p2a: ThcrThnSnkr|4\/100\n|-hitcount|p2a: ThcrThnSnkr|5\n|\n|-weather|Sandstorm|[upkeep]\n|-damage|p2b: Harmacy|90\/100|[from] Sandstorm\n|-damage|p1a: Baxcalibur|75\/100|[from] Sandstorm\n|-heal|p2b: Harmacy|96\/100|[from] item: Leftovers\n|upkeep\n|turn|6\n|inactive|mfox has 120 seconds left.\n|\n|t:|1699561730\n|switch|p2a: OTLHPM|Toxicroak, M|100\/100\n|switch|p2b: Extra Spicy|Garchomp, M|100\/100\n|move|p1a: Baxcalibur|Ice Shard|p2a: OTLHPM\n|-damage|p2a: OTLHPM|68\/100\n|move|p1b: stay sharp|Night Slash|p2b: Extra Spicy\n|-damage|p2b: Extra Spicy|54\/100\n|-damage|p1b: stay sharp|83\/100|[from] ability: Rough Skin|[of] p2b: Extra Spicy\n|-damage|p1b: stay sharp|66\/100|[from] item: Rocky Helmet|[of] p2b: Extra Spicy\n|\n|-weather|Sandstorm|[upkeep]\n|-damage|p2a: OTLHPM|61\/100|[from] Sandstorm\n|-damage|p1a: Baxcalibur|68\/100|[from] Sandstorm\n|-heal|p2a: OTLHPM|68\/100|[from] item: Black Sludge\n|upkeep\n|turn|7\n|\n|t:|1699561758\n|-terastallize|p1b: stay sharp|Fire\n|move|p2b: Extra Spicy|Brick Break|p1b: stay sharp\n|-damage|p1b: stay sharp|48\/100\n|move|p2a: OTLHPM|Drain Punch|p1a: Baxcalibur\n|-supereffective|p1a: Baxcalibur\n|-damage|p1a: Baxcalibur|0 fnt\n|-heal|p2a: OTLHPM|100\/100|[from] drain|[of] p1a: Baxcalibur\n|faint|p1a: Baxcalibur\n|move|p1b: stay sharp|Night Slash|p2a: OTLHPM\n|-resisted|p2a: OTLHPM\n|-crit|p2a: OTLHPM\n|-damage|p2a: OTLHPM|18\/100\n|\n|-weather|Sandstorm|[upkeep]\n|-damage|p2a: OTLHPM|12\/100|[from] Sandstorm\n|-damage|p1b: stay sharp|42\/100|[from] Sandstorm\n|-heal|p2a: OTLHPM|18\/100|[from] item: Black Sludge\n|upkeep\n|inactive|mfox has 90 seconds left.\n|\n|t:|1699561773\n|switch|p1a: Ninetales|Ninetales-Alola, M|37\/100\n|-weather|Snow|[from] ability: Snow Warning|[of] p1a: Ninetales\n|turn|8\n|\n|t:|1699561786\n|switch|p2b: Weather War|Pelipper, F|37\/100\n|-weather|RainDance|[from] ability: Drizzle|[of] p2b: Weather War\n|move|p1b: stay sharp|Sucker Punch|p2a: OTLHPM\n|-resisted|p2a: OTLHPM\n|-damage|p2a: OTLHPM|0 fnt\n|faint|p2a: OTLHPM\n|move|p1a: Ninetales|Aurora Veil||[still]\n|-fail|p1a: Ninetales\n|\n|-weather|RainDance|[upkeep]\n|upkeep\n|\n|t:|1699561799\n|switch|p2a: Cold Shoulder|Abomasnow, M, shiny|100\/100\n|-weather|Snow|[from] ability: Snow Warning|[of] p2a: Cold Shoulder\n|turn|9\n|inactive|mfox has 120 seconds left.\n|\n|t:|1699561836\n|switch|p2b: ThcrThnSnkr|Tyranitar, F|4\/100\n|-weather|Sandstorm|[from] ability: Sand Stream|[of] p2b: ThcrThnSnkr\n|-terastallize|p2a: Cold Shoulder|Water\n|move|p1a: Ninetales|Blizzard|p2b: ThcrThnSnkr|[spread] p2a\n|-miss|p1a: Ninetales|p2b: ThcrThnSnkr\n|-resisted|p2a: Cold Shoulder\n|-damage|p2a: Cold Shoulder|87\/100\n|-status|p2a: Cold Shoulder|frz\n|cant|p2a: Cold Shoulder|frz\n|move|p1b: stay sharp|Night Slash|p2b: ThcrThnSnkr\n|-resisted|p2b: ThcrThnSnkr\n|-damage|p2b: ThcrThnSnkr|0 fnt\n|faint|p2b: ThcrThnSnkr\n|\n|-weather|Sandstorm|[upkeep]\n|-damage|p1a: Ninetales|31\/100|[from] Sandstorm\n|-damage|p2a: Cold Shoulder|81\/100 frz|[from] Sandstorm\n|-damage|p1b: stay sharp|36\/100|[from] Sandstorm\n|upkeep\n|\n|t:|1699561852\n|switch|p2b: Harmacy|Vaporeon, F|96\/100\n|turn|10\n|inactive|mfox has 120 seconds left.\n|\n|t:|1699561870\n|move|p1a: Ninetales|Dazzling Gleam|p2b: Harmacy|[spread] p2a,p2b\n|-damage|p2a: Cold Shoulder|61\/100 frz\n|-damage|p2b: Harmacy|82\/100\n|cant|p2a: Cold Shoulder|frz\n|move|p2b: Harmacy|Weather Ball|p1b: stay sharp\n|-supereffective|p1b: stay sharp\n|-damage|p1b: stay sharp|0 fnt\n|faint|p1b: stay sharp\n|\n|-weather|Sandstorm|[upkeep]\n|-damage|p1a: Ninetales|25\/100|[from] Sandstorm\n|-damage|p2a: Cold Shoulder|55\/100 frz|[from] Sandstorm\n|-damage|p2b: Harmacy|76\/100|[from] Sandstorm\n|-heal|p2b: Harmacy|82\/100|[from] item: Leftovers\n|upkeep\n|\n|t:|1699561883\n|switch|p1b: Cinderace|Cinderace, M, shiny|100\/100\n|turn|11\n|inactive|mfox has 120 seconds left.\n|\n|t:|1699561902\n|move|p1b: Cinderace|High Jump Kick|p2b: Harmacy\n|-start|p1b: Cinderace|typechange|Fighting|[from] ability: Libero\n|-damage|p2b: Harmacy|33\/100\n|move|p1a: Ninetales|Dazzling Gleam|p2b: Harmacy|[spread] p2a,p2b\n|-damage|p2a: Cold Shoulder|36\/100 frz\n|-damage|p2b: Harmacy|20\/100\n|cant|p2a: Cold Shoulder|frz\n|move|p2b: Harmacy|Weather Ball|p1a: Ninetales\n|-supereffective|p1a: Ninetales\n|-damage|p1a: Ninetales|0 fnt\n|faint|p1a: Ninetales\n|\n|-weather|Sandstorm|[upkeep]\n|-damage|p1b: Cinderace|95\/100|[from] Sandstorm\n|-damage|p2a: Cold Shoulder|30\/100 frz|[from] Sandstorm\n|-damage|p2b: Harmacy|14\/100|[from] Sandstorm\n|-heal|p2b: Harmacy|20\/100|[from] item: Leftovers\n|upkeep\n|\n|t:|1699561918\n|switch|p1a: vogue|Espathra, M, shiny|11\/100\n|turn|12\n|\n|t:|1699561924\n|move|p1b: Cinderace|High Jump Kick|p2b: Harmacy\n|-damage|p2b: Harmacy|0 fnt\n|faint|p2b: Harmacy\n|move|p1a: vogue|Roost|p1a: vogue\n|-heal|p1a: vogue|61\/100\n|-singleturn|p1a: vogue|move: Roost\n|-curestatus|p2a: Cold Shoulder|frz|[msg]\n|move|p2a: Cold Shoulder|Blizzard|p1b: Cinderace|[spread] p1b\n|-miss|p2a: Cold Shoulder|p1a: vogue\n|-damage|p1b: Cinderace|53\/100\n|\n|-weather|Sandstorm|[upkeep]\n|-damage|p1b: Cinderace|47\/100|[from] Sandstorm\n|-damage|p1a: vogue|55\/100|[from] Sandstorm\n|-damage|p2a: Cold Shoulder|24\/100|[from] Sandstorm\n|-ability|p1a: vogue|Speed Boost|boost\n|-boost|p1a: vogue|spe|1\n|upkeep\n|\n|t:|1699561930\n|switch|p2b: Weather War|Pelipper, F|37\/100\n|-weather|RainDance|[from] ability: Drizzle|[of] p2b: Weather War\n|turn|13\n|\n|t:|1699561960\n|move|p1a: vogue|Roost|p1a: vogue\n|-heal|p1a: vogue|100\/100\n|-singleturn|p1a: vogue|move: Roost\n|move|p1b: Cinderace|High Jump Kick|p2b: Weather War\n|-resisted|p2b: Weather War\n|-damage|p2b: Weather War|15\/100\n|move|p2b: Weather War|Hurricane|p1b: Cinderace\n|-supereffective|p1b: Cinderace\n|-damage|p1b: Cinderace|0 fnt\n|faint|p1b: Cinderace\n|move|p2a: Cold Shoulder|Leech Seed|p1a: vogue\n|-start|p1a: vogue|move: Leech Seed\n|\n|-weather|RainDance|[upkeep]\n|-damage|p1a: vogue|88\/100|[from] Leech Seed|[of] p2a: Cold Shoulder\n|-heal|p2a: Cold Shoulder|38\/100|[silent]\n|-ability|p1a: vogue|Speed Boost|boost\n|-boost|p1a: vogue|spe|1\n|upkeep\n|turn|14\n|\n|t:|1699561974\n|move|p1a: vogue|Dazzling Gleam|p2a: Cold Shoulder|[spread] p2a,p2b\n|-damage|p2a: Cold Shoulder|22\/100\n|-damage|p2b: Weather War|0 fnt\n|faint|p2b: Weather War\n|move|p2a: Cold Shoulder|Giga Drain|p1a: vogue\n|-damage|p1a: vogue|53\/100\n|-heal|p2a: Cold Shoulder|42\/100|[from] drain|[of] p1a: vogue\n|\n|-weather|RainDance|[upkeep]\n|-damage|p1a: vogue|40\/100|[from] Leech Seed|[of] p2a: Cold Shoulder\n|-heal|p2a: Cold Shoulder|56\/100|[silent]\n|-ability|p1a: vogue|Speed Boost|boost\n|-boost|p1a: vogue|spe|1\n|upkeep\n|\n|t:|1699561978\n|switch|p2b: Extra Spicy|Garchomp, M|54\/100\n|turn|15\n|\n|t:|1699561988\n|move|p1a: vogue|Dazzling Gleam|p2b: Extra Spicy|[spread] p2a,p2b\n|-supereffective|p2b: Extra Spicy\n|-damage|p2a: Cold Shoulder|40\/100\n|-damage|p2b: Extra Spicy|30\/100\n|move|p2b: Extra Spicy|Liquidation|p1a: vogue\n|-damage|p1a: vogue|9\/100\n|-unboost|p1a: vogue|def|1\n|move|p2a: Cold Shoulder|Giga Drain|p1a: vogue\n|-damage|p1a: vogue|0 fnt\n|-heal|p2a: Cold Shoulder|44\/100|[from] drain|[of] p1a: vogue\n|faint|p1a: vogue\n|\n|win|mikeyuwu\n|raw|mfox's rating: 1229 &rarr; <strong>1211<\/strong><br \/>(-18 for losing)\n|raw|mikeyuwu's rating: 1323 &rarr; <strong>1338<\/strong><br \/>(+15 for winning)\n","uploadtime":1699561992,"views":23,"p1id":"mfox","p2id":"mikeyuwu","formatid":"gen9doublesou","rating":1211,"private":0,"password":""}