{"id":"gen9doublesou-1991287216","p1":"OPieceOfHeroGhost","p2":"Garfieldsupremacy","format":"[Gen 9] Doubles OU","log":"|j|\u2606OPieceOfHeroGhost\n|j|\u2606Garfieldsupremacy\n|t:|1700064466\n|gametype|doubles\n|player|p1|OPieceOfHeroGhost|morty|1433\n|player|p2|Garfieldsupremacy|unknown|1397\n|teamsize|p1|6\n|teamsize|p2|6\n|gen|9\n|tier|[Gen 9] Doubles OU\n|rated|\n|rule|Species Clause: Limit one of each Pok\u00e9mon\n|rule|OHKO Clause: OHKO moves are banned\n|rule|Evasion Moves Clause: Evasion moves are banned\n|rule|Gravity Sleep Clause: The combination of sleep-inducing moves with imperfect accuracy and Gravity or Gigantamax Orbeetle are banned\n|rule|Endless Battle Clause: Forcing endless battles is banned\n|rule|HP Percentage Mod: HP is shown in percentages\n|clearpoke\n|poke|p1|Ting-Lu|\n|poke|p1|Cresselia, F|\n|poke|p1|Landorus-Therian, M|\n|poke|p1|Flutter Mane|\n|poke|p1|Iron Hands|\n|poke|p1|Sinistcha-Masterpiece|\n|poke|p2|Tornadus, M|\n|poke|p2|Garchomp, M|\n|poke|p2|Sinistcha-Masterpiece|\n|poke|p2|Gholdengo|\n|poke|p2|Palafin, M|\n|poke|p2|Kleavor, M|\n|teampreview\n|inactive|Battle timer is ON: inactive players will automatically lose when time's up. (requested by Garfieldsupremacy)\n|\n|t:|1700064479\n|start\n|switch|p1a: \u53d1\u59d0\u5929\u4e0b\u65e0\u654c|Flutter Mane|100\/100\n|switch|p1b: \u4f60\u62cd\u4e00\uff0c\u6211\u62cd\u4e8c\uff0c\u5438\u53d6\u62f3\u6765\u4e92\u76f8\u5438|Iron Hands|100\/100\n|switch|p2a: Tornadus|Tornadus, M, shiny|100\/100\n|switch|p2b: Gholdengo|Gholdengo, shiny|100\/100\n|-enditem|p1a: \u53d1\u59d0\u5929\u4e0b\u65e0\u654c|Booster Energy\n|-activate|p1a: \u53d1\u59d0\u5929\u4e0b\u65e0\u654c|ability: Protosynthesis|[fromitem]\n|-start|p1a: \u53d1\u59d0\u5929\u4e0b\u65e0\u654c|protosynthesisspe\n|turn|1\n|\n|t:|1700064505\n|-end|p1b: \u4f60\u62cd\u4e00\uff0c\u6211\u62cd\u4e8c\uff0c\u5438\u53d6\u62f3\u6765\u4e92\u76f8\u5438|Quark Drive|[silent]\n|switch|p1b: \u5de7\u514b\u529b\u9762\u5305|Ting-Lu|100\/100\n|-ability|p1b: \u5de7\u514b\u529b\u9762\u5305|Vessel of Ruin\n|move|p2a: Tornadus|Tailwind|p2a: Tornadus\n|-sidestart|p2: Garfieldsupremacy|move: Tailwind\n|move|p2b: Gholdengo|Shadow Ball|p1a: \u53d1\u59d0\u5929\u4e0b\u65e0\u654c\n|-supereffective|p1a: \u53d1\u59d0\u5929\u4e0b\u65e0\u654c\n|-crit|p1a: \u53d1\u59d0\u5929\u4e0b\u65e0\u654c\n|-damage|p1a: \u53d1\u59d0\u5929\u4e0b\u65e0\u654c|0 fnt\n|faint|p1a: \u53d1\u59d0\u5929\u4e0b\u65e0\u654c\n|-end|p1a: \u53d1\u59d0\u5929\u4e0b\u65e0\u654c|Protosynthesis|[silent]\n|\n|upkeep\n|inactive|OPieceOfHeroGhost has 120 seconds left.\n|\n|t:|1700064522\n|switch|p1a: \u514b\u96f7\u80fd\u5426\u4e0e\u6211\u4e8e\u6625\u68a6\u4e00\u6e38\uff1f|Cresselia, F|100\/100\n|turn|2\n|inactive|Garfieldsupremacy has 120 seconds left.\n|\n|t:|1700064558\n|switch|p2b: Palafin|Palafin, M|100\/100\n|move|p2a: Tornadus|Taunt|p1a: \u514b\u96f7\u80fd\u5426\u4e0e\u6211\u4e8e\u6625\u68a6\u4e00\u6e38\uff1f\n|-start|p1a: \u514b\u96f7\u80fd\u5426\u4e0e\u6211\u4e8e\u6625\u68a6\u4e00\u6e38\uff1f|move: Taunt\n|cant|p1a: \u514b\u96f7\u80fd\u5426\u4e0e\u6211\u4e8e\u6625\u68a6\u4e00\u6e38\uff1f|move: Taunt|Calm Mind\n|move|p1b: \u5de7\u514b\u529b\u9762\u5305|Payback|p2b: Palafin\n|-damage|p2b: Palafin|48\/100\n|\n|upkeep\n|turn|3\n|\n|t:|1700064577\n|switch|p2a: Sinistcha|Sinistcha-Masterpiece|100\/100\n|-heal|p2b: Palafin|73\/100|[from] ability: Hospitality|[of] p2a: Sinistcha\n|switch|p1a: \u5a01\u5413No.2|Landorus-Therian, M|100\/100\n|-ability|p1a: \u5a01\u5413No.2|Intimidate|boost\n|-unboost|p2a: Sinistcha|atk|1\n|-unboost|p2b: Palafin|atk|1\n|move|p2b: Palafin|Flip Turn|p1b: \u5de7\u514b\u529b\u9762\u5305\n|-supereffective|p1b: \u5de7\u514b\u529b\u9762\u5305\n|-damage|p1b: \u5de7\u514b\u529b\u9762\u5305|81\/100\n|inactive|Garfieldsupremacy has 120 seconds left.\n|\n|t:|1700064591\n|detailschange|p2b: Palafin|Palafin-Hero, M\n|switch|p2b: Gholdengo|Gholdengo, shiny|100\/100|[from] Flip Turn\n|move|p1b: \u5de7\u514b\u529b\u9762\u5305|Payback|p2a: Sinistcha\n|-supereffective|p2a: Sinistcha\n|-damage|p2a: Sinistcha|50\/100\n|-enditem|p2a: Sinistcha|Sitrus Berry|[eat]\n|-heal|p2a: Sinistcha|75\/100|[from] item: Sitrus Berry\n|\n|upkeep\n|turn|4\n|\n|t:|1700064605\n|move|p2b: Gholdengo|Make It Rain|p1a: \u5a01\u5413No.2|[spread] p1a,p1b\n|-damage|p1a: \u5a01\u5413No.2|34\/100\n|-damage|p1b: \u5de7\u514b\u529b\u9762\u5305|42\/100\n|-unboost|p2b: Gholdengo|spa|1\n|move|p1a: \u5a01\u5413No.2|Stomping Tantrum|p2b: Gholdengo\n|-supereffective|p2b: Gholdengo\n|-damage|p2b: Gholdengo|3\/100\n|move|p2a: Sinistcha|Matcha Gotcha|p1a: \u5a01\u5413No.2|[spread] p1a,p1b\n|-supereffective|p1b: \u5de7\u514b\u529b\u9762\u5305\n|-damage|p1a: \u5a01\u5413No.2|15\/100\n|-heal|p2a: Sinistcha|85\/100|[from] drain|[of] p1a: \u5a01\u5413No.2\n|-damage|p1b: \u5de7\u514b\u529b\u9762\u5305|18\/100\n|-heal|p2a: Sinistcha|100\/100|[from] drain|[of] p1b: \u5de7\u514b\u529b\u9762\u5305\n|move|p1b: \u5de7\u514b\u529b\u9762\u5305|Payback|p2b: Gholdengo\n|-supereffective|p2b: Gholdengo\n|-damage|p2b: Gholdengo|0 fnt\n|faint|p2b: Gholdengo\n|\n|-sideend|p2: Garfieldsupremacy|move: Tailwind\n|upkeep\n|inactive|Garfieldsupremacy has 120 seconds left.\n|\n|t:|1700064627\n|switch|p2b: Tornadus|Tornadus, M, shiny|100\/100\n|turn|5\n|\n|t:|1700064645\n|switch|p1a: \u5df2\u5931\u4e00\u523b\uff0c\u4e00\u523b\u4e00\u523b\u4e00\u523b\uff01|Sinistcha-Masterpiece|100\/100\n|-heal|p1b: \u5de7\u514b\u529b\u9762\u5305|43\/100|[from] ability: Hospitality|[of] p1a: \u5df2\u5931\u4e00\u523b\uff0c\u4e00\u523b\u4e00\u523b\u4e00\u523b\uff01\n|move|p2b: Tornadus|Tailwind|p2b: Tornadus\n|-sidestart|p2: Garfieldsupremacy|move: Tailwind\n|move|p2a: Sinistcha|Matcha Gotcha|p1a: \u5df2\u5931\u4e00\u523b\uff0c\u4e00\u523b\u4e00\u523b\u4e00\u523b\uff01|[spread] p1b\n|-miss|p2a: Sinistcha|p1a: \u5df2\u5931\u4e00\u523b\uff0c\u4e00\u523b\u4e00\u523b\u4e00\u523b\uff01\n|-supereffective|p1b: \u5de7\u514b\u529b\u9762\u5305\n|-damage|p1b: \u5de7\u514b\u529b\u9762\u5305|19\/100\n|move|p1b: \u5de7\u514b\u529b\u9762\u5305|Payback|p2a: Sinistcha\n|-supereffective|p2a: Sinistcha\n|-damage|p2a: Sinistcha|0 fnt\n|faint|p2a: Sinistcha\n|\n|upkeep\n|\n|t:|1700064660\n|switch|p2a: Kleavor|Kleavor, M, shiny|100\/100\n|turn|6\n|\n|t:|1700064676\n|switch|p1b: \u4f60\u62cd\u4e00\uff0c\u6211\u62cd\u4e8c\uff0c\u5438\u53d6\u62f3\u6765\u4e92\u76f8\u5438|Iron Hands|100\/100\n|move|p2b: Tornadus|Taunt|p1a: \u5df2\u5931\u4e00\u523b\uff0c\u4e00\u523b\u4e00\u523b\u4e00\u523b\uff01\n|-start|p1a: \u5df2\u5931\u4e00\u523b\uff0c\u4e00\u523b\u4e00\u523b\u4e00\u523b\uff01|move: Taunt\n|move|p2a: Kleavor|X-Scissor|p1a: \u5df2\u5931\u4e00\u523b\uff0c\u4e00\u523b\u4e00\u523b\u4e00\u523b\uff01\n|-damage|p1a: \u5df2\u5931\u4e00\u523b\uff0c\u4e00\u523b\u4e00\u523b\u4e00\u523b\uff01|47\/100\n|move|p1a: \u5df2\u5931\u4e00\u523b\uff0c\u4e00\u523b\u4e00\u523b\u4e00\u523b\uff01|Matcha Gotcha|p2a: Kleavor|[spread] p2a,p2b\n|-resisted|p2b: Tornadus\n|-damage|p2a: Kleavor|57\/100\n|-heal|p1a: \u5df2\u5931\u4e00\u523b\uff0c\u4e00\u523b\u4e00\u523b\u4e00\u523b\uff01|65\/100|[from] drain|[of] p2a: Kleavor\n|-damage|p2b: Tornadus|83\/100\n|-heal|p1a: \u5df2\u5931\u4e00\u523b\uff0c\u4e00\u523b\u4e00\u523b\u4e00\u523b\uff01|73\/100|[from] drain|[of] p2b: Tornadus\n|-status|p2a: Kleavor|brn\n|\n|-heal|p1a: \u5df2\u5931\u4e00\u523b\uff0c\u4e00\u523b\u4e00\u523b\u4e00\u523b\uff01|79\/100|[from] item: Leftovers\n|-damage|p2a: Kleavor|51\/100 brn|[from] brn\n|upkeep\n|turn|7\n|-message|Garfieldsupremacy forfeited.\n|\n|win|OPieceOfHeroGhost\n|raw|OPieceOfHeroGhost's rating: 1433 &rarr; <strong>1451<\/strong><br \/>(+18 for winning)\n|raw|Garfieldsupremacy's rating: 1397 &rarr; <strong>1379<\/strong><br \/>(-18 for losing)\n|l|\u2606Garfieldsupremacy\n","uploadtime":1700064707,"views":14,"p1id":"opieceofheroghost","p2id":"garfieldsupremacy","formatid":"gen9doublesou","rating":1379,"private":0,"password":""}