{"id":"gen9doublesou-1997107785","p1":"MattCol","p2":"MythicalNine463","format":"[Gen 9] Doubles OU","log":"|j|\u2606MattCol\n|j|\u2606MythicalNine463\n|t:|1700765275\n|gametype|doubles\n|player|p1|MattCol|2|1072\n|player|p2|MythicalNine463|pokekid|1164\n|teamsize|p1|6\n|teamsize|p2|6\n|gen|9\n|tier|[Gen 9] Doubles OU\n|rated|\n|rule|Species Clause: Limit one of each Pok\u00e9mon\n|rule|OHKO Clause: OHKO moves are banned\n|rule|Evasion Moves Clause: Evasion moves are banned\n|rule|Gravity Sleep Clause: The combination of sleep-inducing moves with imperfect accuracy and Gravity or Gigantamax Orbeetle are banned\n|rule|Endless Battle Clause: Forcing endless battles is banned\n|rule|HP Percentage Mod: HP is shown in percentages\n|clearpoke\n|poke|p1|Quaquaval, M|\n|poke|p1|Baxcalibur, M|\n|poke|p1|Cinderace, M|\n|poke|p1|Slowbro-Galar, M|\n|poke|p1|Zarude-Dada|\n|poke|p1|Pelipper, M|\n|poke|p2|Dachsbun, M|\n|poke|p2|Torkoal, F|\n|poke|p2|Indeedee-F, F|\n|poke|p2|Farigiraf, F|\n|poke|p2|Iron Hands|\n|poke|p2|Chien-Pao|\n|teampreview\n|\n|t:|1700765281\n|start\n|switch|p1a: Cinderace|Cinderace, M|100\/100\n|switch|p1b: Slowbro|Slowbro-Galar, M|100\/100\n|switch|p2a: Farigiraf|Farigiraf, F|100\/100\n|switch|p2b: Torkoal|Torkoal, F|100\/100\n|turn|1\n|\n|t:|1700765296\n|move|p1a: Cinderace|U-turn|p2a: Farigiraf\n|-start|p1a: Cinderace|typechange|Bug|[from] ability: Libero\n|-supereffective|p2a: Farigiraf\n|-damage|p2a: Farigiraf|36\/100\n|\n|t:|1700765300\n|switch|p1a: Pelipper|Pelipper, M|100\/100|[from] U-turn\n|-weather|RainDance|[from] ability: Drizzle|[of] p1a: Pelipper\n|move|p1b: Slowbro|Nasty Plot|p1b: Slowbro\n|-boost|p1b: Slowbro|spa|2\n|move|p2b: Torkoal|Rock Slide|p1a: Pelipper|[spread] p1a,p1b\n|-supereffective|p1a: Pelipper\n|-damage|p1a: Pelipper|65\/100\n|-damage|p1b: Slowbro|86\/100\n|-enditem|p1a: Pelipper|Eject Button\n|\n|t:|1700765312\n|switch|p1a: Quaquaval|Quaquaval, M|100\/100\n|move|p2a: Farigiraf|Trick Room|p2a: Farigiraf\n|-fieldstart|move: Trick Room|[of] p2a: Farigiraf\n|\n|-weather|RainDance|[upkeep]\n|upkeep\n|turn|2\n|-activate|p1b: Slowbro|item: Quick Claw\n|\n|t:|1700765329\n|switch|p2a: Dachsbun|Dachsbun, M|100\/100\n|move|p1b: Slowbro|Surf|p2b: Torkoal|[spread] p1a,p2a,p2b\n|-resisted|p1a: Quaquaval\n|-crit|p1a: Quaquaval\n|-supereffective|p2b: Torkoal\n|-damage|p1a: Quaquaval|36\/100\n|-damage|p2a: Dachsbun|0 fnt\n|-damage|p2b: Torkoal|0 fnt\n|faint|p2a: Dachsbun\n|faint|p2b: Torkoal\n|move|p1a: Quaquaval|Bulk Up|p1a: Quaquaval\n|-boost|p1a: Quaquaval|atk|1\n|-boost|p1a: Quaquaval|def|1\n|\n|-weather|RainDance|[upkeep]\n|-heal|p1a: Quaquaval|42\/100|[from] item: Leftovers\n|upkeep\n|\n|t:|1700765353\n|switch|p2b: Chien-Pao|Chien-Pao|100\/100\n|switch|p2a: Iron Hands|Iron Hands|100\/100\n|-ability|p2b: Chien-Pao|Sword of Ruin\n|turn|3\n|\n|t:|1700765368\n|-terastallize|p1b: Slowbro|Dark\n|move|p1b: Slowbro|Psychic|p2a: Iron Hands\n|-supereffective|p2a: Iron Hands\n|-enditem|p2a: Iron Hands|Focus Sash\n|-damage|p2a: Iron Hands|1\/100\n|move|p2a: Iron Hands|Wild Charge|p1a: Quaquaval\n|-supereffective|p1a: Quaquaval\n|-crit|p1a: Quaquaval\n|-damage|p1a: Quaquaval|0 fnt\n|faint|p1a: Quaquaval\n|-damage|p2a: Iron Hands|0 fnt|[from] Recoil\n|faint|p2a: Iron Hands\n|-end|p2a: Iron Hands|Quark Drive|[silent]\n|move|p2b: Chien-Pao|Throat Chop|p1b: Slowbro\n|-resisted|p1b: Slowbro\n|-damage|p1b: Slowbro|64\/100\n|-start|p1b: Slowbro|Throat Chop|[silent]\n|\n|-weather|RainDance|[upkeep]\n|upkeep\n|\n|t:|1700765416\n|switch|p2a: Farigiraf|Farigiraf, F|36\/100\n|switch|p1a: Pelipper|Pelipper, M|65\/100\n|turn|4\n|-activate|p1b: Slowbro|ability: Quick Draw\n|\n|t:|1700765425\n|move|p1a: Pelipper|Wide Guard|p1a: Pelipper\n|-singleturn|p1a: Pelipper|Wide Guard\n|move|p1b: Slowbro|Surf|p2b: Chien-Pao|[spread] p2a,p2b\n|-activate|p1a: Pelipper|move: Wide Guard\n|-damage|p2a: Farigiraf|0 fnt\n|-damage|p2b: Chien-Pao|2\/100\n|faint|p2a: Farigiraf\n|move|p2b: Chien-Pao|Ice Spinner|p1a: Pelipper\n|-damage|p1a: Pelipper|8\/100\n|\n|-weather|RainDance|[upkeep]\n|-end|p1b: Slowbro|Throat Chop|[silent]\n|upkeep\n|\n|t:|1700765444\n|switch|p2a: Indeedee|Indeedee-F, F|100\/100\n|-fieldstart|move: Psychic Terrain|[from] ability: Psychic Surge|[of] p2a: Indeedee\n|turn|5\n|-activate|p1b: Slowbro|item: Quick Claw\n|\n|t:|1700765483\n|move|p1a: Pelipper|Wide Guard|p1a: Pelipper\n|-singleturn|p1a: Pelipper|Wide Guard\n|move|p1b: Slowbro|Surf|p2b: Chien-Pao|[spread] p2a,p2b\n|-activate|p1a: Pelipper|move: Wide Guard\n|-damage|p2a: Indeedee|43\/100\n|-damage|p2b: Chien-Pao|0 fnt\n|faint|p2b: Chien-Pao\n|move|p2a: Indeedee|Heal Pulse|p2: Chien-Pao|[notarget]\n|-fail|p2a: Indeedee\n|\n|-weather|none\n|-fieldend|move: Trick Room\n|upkeep\n|turn|6\n|\n|t:|1700765505\n|move|p2a: Indeedee|Psychic|p1a: Pelipper\n|-damage|p1a: Pelipper|0 fnt\n|faint|p1a: Pelipper\n|move|p1b: Slowbro|Nasty Plot|p1b: Slowbro\n|-boost|p1b: Slowbro|spa|2\n|\n|upkeep\n|\n|t:|1700765512\n|switch|p1a: Zarude|Zarude-Dada|100\/100\n|turn|7\n|-activate|p1b: Slowbro|item: Quick Claw\n|\n|t:|1700765518\n|move|p1b: Slowbro|Nasty Plot|p1b: Slowbro\n|-boost|p1b: Slowbro|spa|2\n|move|p1a: Zarude|Encore|p2a: Indeedee\n|-start|p2a: Indeedee|Encore\n|move|p2a: Indeedee|Psychic|p1b: Slowbro\n|-immune|p1b: Slowbro\n|\n|upkeep\n|turn|8\n|\n|t:|1700765533\n|move|p1a: Zarude|Jungle Healing|p1a: Zarude|[spread] p1a,p1b\n|-heal|p1b: Slowbro|89\/100\n|move|p2a: Indeedee|Psychic|p1a: Zarude\n|-immune|p1a: Zarude\n|move|p1b: Slowbro|Psychic|p1a: Zarude\n|-immune|p1a: Zarude\n|\n|upkeep\n|turn|9\n|\n|t:|1700765546\n|move|p1a: Zarude|Jungle Healing|p1a: Zarude|[spread] p1a,p1b\n|-heal|p1b: Slowbro|100\/100\n|move|p2a: Indeedee|Psychic|p1b: Slowbro\n|-immune|p1b: Slowbro\n|move|p1b: Slowbro|Psychic|p1a: Zarude\n|-immune|p1a: Zarude\n|\n|-end|p2a: Indeedee|Encore\n|-fieldend|move: Psychic Terrain\n|upkeep\n|turn|10\n|-activate|p1b: Slowbro|item: Quick Claw\n|\n|t:|1700765573\n|move|p1b: Slowbro|Psychic|p1a: Zarude\n|-immune|p1a: Zarude\n|move|p1a: Zarude|Encore|p2a: Indeedee\n|-start|p2a: Indeedee|Encore\n|move|p2a: Indeedee|Psychic|p1b: Slowbro\n|-immune|p1b: Slowbro\n|\n|upkeep\n|turn|11\n|inactive|Battle timer is ON: inactive players will automatically lose when time's up. (requested by MattCol)\n|inactive|MythicalNine463 has 120 seconds left.\n|l|\u2606MattCol\n|inactive|MattCol disconnected and has a minute to reconnect!\n|player|p1|\n|j|\u2606MattCol\n|inactive|MattCol reconnected.\n|player|p1|MattCol|2\n|inactive|MythicalNine463 has 90 seconds left.\n|inactive|MythicalNine463 has 60 seconds left.\n|inactive|MythicalNine463 has 30 seconds left.\n|inactive|MythicalNine463 has 20 seconds left.\n|inactive|MythicalNine463 has 15 seconds left.\n|inactive|MythicalNine463 has 10 seconds left.\n|inactive|MythicalNine463 has 5 seconds left.\n|-message|MythicalNine463 lost due to inactivity.\n|\n|win|MattCol\n|raw|MattCol's rating: 1072 &rarr; <strong>1109<\/strong><br \/>(+37 for winning)\n|raw|MythicalNine463's rating: 1164 &rarr; <strong>1133<\/strong><br \/>(-31 for losing)\n","uploadtime":1700765787,"views":13,"p1id":"mattcol","p2id":"mythicalnine463","formatid":"gen9doublesou","rating":1109,"private":0,"password":""}