{"id":"gen9doublesou-1989027386","p1":"KricKing","p2":"Altr_el","format":"[Gen 9] Doubles OU","log":"|j|\u2606KricKing\n|j|\u2606Altr_el\n|t:|1699803909\n|gametype|doubles\n|player|p1|KricKing|266|1431\n|player|p2|Altr_el|lance-gen2|1538\n|teamsize|p1|6\n|teamsize|p2|6\n|gen|9\n|tier|[Gen 9] Doubles OU\n|rated|\n|rule|Species Clause: Limit one of each Pok\u00e9mon\n|rule|OHKO Clause: OHKO moves are banned\n|rule|Evasion Moves Clause: Evasion moves are banned\n|rule|Gravity Sleep Clause: The combination of sleep-inducing moves with imperfect accuracy and Gravity or Gigantamax Orbeetle are banned\n|rule|Endless Battle Clause: Forcing endless battles is banned\n|rule|HP Percentage Mod: HP is shown in percentages\n|clearpoke\n|poke|p1|Milotic, M|\n|poke|p1|Flutter Mane|\n|poke|p1|Ogerpon-Hearthflame, F|\n|poke|p1|Rillaboom, M|\n|poke|p1|Landorus-Therian, M|\n|poke|p1|Grimmsnarl, M|\n|poke|p2|Sinistcha|\n|poke|p2|Moltres-Galar|\n|poke|p2|Landorus-Therian, M|\n|poke|p2|Tornadus, M|\n|poke|p2|Ogerpon-Wellspring, F|\n|poke|p2|Diancie|\n|teampreview\n|inactive|Battle timer is ON: inactive players will automatically lose when time's up. (requested by Altr_el)\n|\n|t:|1699803925\n|start\n|switch|p1a: Landorus|Landorus-Therian, M|100\/100\n|switch|p1b: Grimmsnarl|Grimmsnarl, M|100\/100\n|switch|p2a: Sinistcha|Sinistcha|100\/100\n|switch|p2b: Moltres|Moltres-Galar|100\/100\n|-ability|p1a: Landorus|Intimidate|boost\n|-unboost|p2a: Sinistcha|atk|1\n|-unboost|p2b: Moltres|atk|1\n|turn|1\n|\n|t:|1699803946\n|switch|p2a: Landorus|Landorus-Therian, M|100\/100\n|-ability|p2a: Landorus|Intimidate|boost\n|-unboost|p1a: Landorus|atk|1\n|-unboost|p1b: Grimmsnarl|atk|1\n|move|p1b: Grimmsnarl|Light Screen|p1b: Grimmsnarl\n|-sidestart|p1: KricKing|move: Light Screen\n|move|p2b: Moltres|Nasty Plot|p2b: Moltres\n|-boost|p2b: Moltres|spa|2\n|move|p1a: Landorus|Rock Slide|p2a: Landorus|[spread] p2b\n|-miss|p1a: Landorus|p2a: Landorus\n|-supereffective|p2b: Moltres\n|-damage|p2b: Moltres|67\/100\n|\n|upkeep\n|turn|2\n|\n|t:|1699803962\n|switch|p2a: Sinistcha|Sinistcha|100\/100\n|-heal|p2b: Moltres|92\/100|[from] ability: Hospitality|[of] p2a: Sinistcha\n|move|p2b: Moltres|Protect|p2b: Moltres\n|-singleturn|p2b: Moltres|Protect\n|move|p1b: Grimmsnarl|Reflect|p1b: Grimmsnarl\n|-sidestart|p1: KricKing|Reflect\n|move|p1a: Landorus|U-turn|p2a: Sinistcha\n|-damage|p2a: Sinistcha|83\/100\n|-damage|p1a: Landorus|84\/100|[from] item: Rocky Helmet|[of] p2a: Sinistcha\n|\n|t:|1699803974\n|switch|p1a: Milotic|Milotic, M|100\/100|[from] U-turn\n|\n|upkeep\n|turn|3\n|\n|t:|1699803986\n|-terastallize|p1a: Milotic|Dragon\n|move|p1b: Grimmsnarl|Parting Shot|p2b: Moltres\n|-hint|Since gen 7, Dark is immune to Prankster moves.\n|-immune|p2b: Moltres\n|move|p2b: Moltres|Nasty Plot|p2b: Moltres\n|-boost|p2b: Moltres|spa|2\n|move|p1a: Milotic|Coil|p1a: Milotic\n|-boost|p1a: Milotic|atk|1\n|-boost|p1a: Milotic|def|1\n|-boost|p1a: Milotic|accuracy|1\n|move|p2a: Sinistcha|Strength Sap|p1a: Milotic\n|-unboost|p1a: Milotic|atk|1\n|-ability|p1a: Milotic|Competitive|boost\n|-boost|p1a: Milotic|spa|2\n|-heal|p2a: Sinistcha|100\/100\n|\n|upkeep\n|turn|4\n|inactive|Altr_el has 120 seconds left.\n|\n|t:|1699804028\n|move|p1b: Grimmsnarl|Thunder Wave|p2b: Moltres\n|-hint|Since gen 7, Dark is immune to Prankster moves.\n|-immune|p2b: Moltres\n|move|p2b: Moltres|Nasty Plot|p2b: Moltres\n|-boost|p2b: Moltres|spa|2\n|move|p1a: Milotic|Hypnosis|p2b: Moltres|[miss]\n|-miss|p1a: Milotic|p2b: Moltres\n|move|p2a: Sinistcha|Strength Sap|p1a: Milotic\n|-unboost|p1a: Milotic|atk|1\n|-ability|p1a: Milotic|Competitive|boost\n|-boost|p1a: Milotic|spa|2\n|\n|upkeep\n|turn|5\n|\n|t:|1699804050\n|move|p1b: Grimmsnarl|Parting Shot|p2a: Sinistcha\n|-unboost|p2a: Sinistcha|atk|1\n|-unboost|p2a: Sinistcha|spa|1\n|\n|t:|1699804054\n|switch|p1b: Rillaboom|Rillaboom, M|100\/100|[from] Parting Shot\n|-fieldstart|move: Grassy Terrain|[from] ability: Grassy Surge|[of] p1b: Rillaboom\n|move|p2b: Moltres|Fiery Wrath|p1a: Milotic|[spread] p1a,p1b\n|-damage|p1a: Milotic|52\/100\n|-damage|p1b: Rillaboom|49\/100\n|move|p1a: Milotic|Hypnosis|p2b: Moltres|[miss]\n|-miss|p1a: Milotic|p2b: Moltres\n|move|p2a: Sinistcha|Foul Play|p1a: Milotic\n|-damage|p1a: Milotic|49\/100\n|\n|-heal|p1b: Rillaboom|55\/100|[from] Grassy Terrain\n|-heal|p1a: Milotic|55\/100|[from] Grassy Terrain\n|-heal|p1a: Milotic|61\/100|[from] item: Leftovers\n|upkeep\n|turn|6\n|\n|t:|1699804076\n|move|p1b: Rillaboom|Fake Out|p2b: Moltres\n|-damage|p2b: Moltres|76\/100\n|cant|p2b: Moltres|flinch\n|move|p1a: Milotic|Hypnosis|p2b: Moltres\n|-status|p2b: Moltres|slp|[from] move: Hypnosis\n|move|p2a: Sinistcha|Foul Play|p1a: Milotic\n|-damage|p1a: Milotic|58\/100\n|\n|-heal|p1b: Rillaboom|61\/100|[from] Grassy Terrain\n|-heal|p1a: Milotic|64\/100|[from] Grassy Terrain\n|-heal|p1a: Milotic|70\/100|[from] item: Leftovers\n|upkeep\n|turn|7\n|\n|t:|1699804088\n|switch|p2a: Landorus|Landorus-Therian, M|100\/100\n|-ability|p2a: Landorus|Intimidate|boost\n|-unboost|p1a: Milotic|atk|1\n|-ability|p1a: Milotic|Competitive|boost\n|-boost|p1a: Milotic|spa|2\n|-unboost|p1b: Rillaboom|atk|1\n|cant|p2b: Moltres|slp\n|move|p1b: Rillaboom|U-turn|p2b: Moltres\n|-damage|p2b: Moltres|56\/100 slp\n|\n|t:|1699804097\n|switch|p1b: Landorus|Landorus-Therian, M|84\/100|[from] U-turn\n|-ability|p1b: Landorus|Intimidate|boost\n|-unboost|p2a: Landorus|atk|1\n|-unboost|p2b: Moltres|atk|1\n|move|p1a: Milotic|Hydro Pump|p2b: Moltres\n|-damage|p2b: Moltres|0 fnt\n|faint|p2b: Moltres\n|\n|-heal|p1b: Landorus|90\/100|[from] item: Leftovers\n|-heal|p1a: Milotic|76\/100|[from] Grassy Terrain\n|-heal|p1a: Milotic|82\/100|[from] item: Leftovers\n|upkeep\n|\n|t:|1699804115\n|switch|p2b: Ogerpon|Ogerpon-Wellspring, F|100\/100\n|turn|8\n|\n|t:|1699804128\n|switch|p1b: Rillaboom|Rillaboom, M|61\/100\n|move|p2b: Ogerpon|Play Rough|p1a: Milotic\n|-supereffective|p1a: Milotic\n|-damage|p1a: Milotic|53\/100\n|-unboost|p1a: Milotic|atk|1\n|-boost|p1a: Milotic|spa|0\n|move|p2a: Landorus|Taunt|p1a: Milotic\n|-start|p1a: Milotic|move: Taunt\n|cant|p1a: Milotic|move: Taunt|Coil\n|\n|-heal|p1b: Rillaboom|67\/100|[from] Grassy Terrain\n|-heal|p1a: Milotic|59\/100|[from] Grassy Terrain\n|-heal|p1a: Milotic|65\/100|[from] item: Leftovers\n|-sideend|p1: KricKing|move: Light Screen\n|upkeep\n|turn|9\n|\n|t:|1699804148\n|move|p1b: Rillaboom|Fake Out|p2b: Ogerpon\n|-damage|p2b: Ogerpon|82\/100\n|cant|p2b: Ogerpon|flinch\n|move|p2a: Landorus|U-turn|p1b: Rillaboom\n|-supereffective|p1b: Rillaboom\n|-damage|p1b: Rillaboom|47\/100\n|\n|t:|1699804152\n|switch|p2a: Sinistcha|Sinistcha|100\/100|[from] U-turn\n|-heal|p2b: Ogerpon|100\/100|[from] ability: Hospitality|[of] p2a: Sinistcha\n|move|p1a: Milotic|Icy Wind|p2a: Sinistcha|[spread] p2a,p2b\n|-supereffective|p2a: Sinistcha\n|-damage|p2a: Sinistcha|33\/100\n|-damage|p2b: Ogerpon|55\/100\n|-unboost|p2a: Sinistcha|spe|1\n|-unboost|p2b: Ogerpon|spe|1\n|\n|-heal|p2b: Ogerpon|61\/100|[from] Grassy Terrain\n|-heal|p1b: Rillaboom|53\/100|[from] Grassy Terrain\n|-heal|p1a: Milotic|71\/100|[from] Grassy Terrain\n|-heal|p1a: Milotic|77\/100|[from] item: Leftovers\n|-heal|p2a: Sinistcha|39\/100|[from] Grassy Terrain\n|-sideend|p1: KricKing|Reflect\n|-fieldend|move: Grassy Terrain\n|upkeep\n|turn|10\n|\n|t:|1699804168\n|move|p2b: Ogerpon|Play Rough|p1a: Milotic\n|-supereffective|p1a: Milotic\n|-damage|p1a: Milotic|31\/100\n|move|p1b: Rillaboom|Wood Hammer|p2b: Ogerpon\n|-damage|p2b: Ogerpon|0 fnt\n|faint|p2b: Ogerpon\n|-damage|p1b: Rillaboom|38\/100|[from] Recoil\n|move|p1a: Milotic|Icy Wind|p2a: Sinistcha\n|-supereffective|p2a: Sinistcha\n|-damage|p2a: Sinistcha|0 fnt\n|faint|p2a: Sinistcha\n|\n|-heal|p1a: Milotic|37\/100|[from] item: Leftovers\n|-end|p1a: Milotic|move: Taunt\n|upkeep\n|\n|t:|1699804178\n|switch|p2b: Diancie|Diancie|100\/100\n|switch|p2a: Landorus|Landorus-Therian, M|100\/100\n|-ability|p2a: Landorus|Intimidate|boost\n|-unboost|p1a: Milotic|atk|1\n|-boost|p1a: Milotic|spa|0\n|-unboost|p1b: Rillaboom|atk|1\n|turn|11\n|\n|t:|1699804192\n|switch|p1b: Grimmsnarl|Grimmsnarl, M|100\/100\n|move|p2a: Landorus|U-turn|p1b: Grimmsnarl\n|-damage|p1b: Grimmsnarl|78\/100\n|\n|t:|1699804193\n|switch|p2a: Tornadus|Tornadus, M|100\/100|[from] U-turn\n|move|p1a: Milotic|Hydro Pump|p2b: Diancie\n|-supereffective|p2b: Diancie\n|-damage|p2b: Diancie|0 fnt\n|faint|p2b: Diancie\n|\n|-heal|p1a: Milotic|43\/100|[from] item: Leftovers\n|upkeep\n|\n|t:|1699804195\n|switch|p2b: Landorus|Landorus-Therian, M|100\/100\n|-ability|p2b: Landorus|Intimidate|boost\n|-unboost|p1a: Milotic|atk|1\n|-boost|p1a: Milotic|spa|0\n|-unboost|p1b: Grimmsnarl|atk|1\n|turn|12\n|\n|t:|1699804203\n|move|p1b: Grimmsnarl|Reflect|p1b: Grimmsnarl\n|-sidestart|p1: KricKing|Reflect\n|move|p2a: Tornadus|Bleakwind Storm|p1b: Grimmsnarl|[spread] p1a,p1b\n|-damage|p1a: Milotic|21\/100\n|-damage|p1b: Grimmsnarl|47\/100\n|-unboost|p1a: Milotic|spe|1\n|-boost|p1a: Milotic|spa|0\n|move|p2b: Landorus|Earthquake|p1a: Milotic|[spread] p1a,p1b\n|-immune|p2a: Tornadus\n|-damage|p1a: Milotic|7\/100\n|-damage|p1b: Grimmsnarl|22\/100\n|move|p1a: Milotic|Icy Wind|p2a: Tornadus|[spread] p2a,p2b\n|-supereffective|p2a: Tornadus\n|-supereffective|p2b: Landorus\n|-damage|p2a: Tornadus|0 fnt\n|-damage|p2b: Landorus|0 fnt\n|faint|p2a: Tornadus\n|faint|p2b: Landorus\n|\n|win|KricKing\n|raw|KricKing's rating: 1431 &rarr; <strong>1457<\/strong><br \/>(+26 for winning)\n|raw|Altr_el's rating: 1538 &rarr; <strong>1512<\/strong><br \/>(-26 for losing)\n|l|\u2606Altr_el\n","uploadtime":1699804231,"views":16,"p1id":"kricking","p2id":"altrel","formatid":"gen9doublesou","rating":1457,"private":0,"password":""}