{"id":"gen9doublesou-1988607400","p1":"WestonandOut","p2":"Verdant Gangstar","format":"[Gen 9] Doubles OU","log":"|j|\u2606WestonandOut\n|j|\u2606Verdant Gangstar\n|t:|1699741356\n|gametype|doubles\n|player|p1|WestonandOut|steven|1069\n|player|p2|Verdant Gangstar|gardenia|1000\n|teamsize|p1|6\n|teamsize|p2|6\n|gen|9\n|tier|[Gen 9] Doubles OU\n|rated|\n|rule|Species Clause: Limit one of each Pok\u00e9mon\n|rule|OHKO Clause: OHKO moves are banned\n|rule|Evasion Moves Clause: Evasion moves are banned\n|rule|Gravity Sleep Clause: The combination of sleep-inducing moves with imperfect accuracy and Gravity or Gigantamax Orbeetle are banned\n|rule|Endless Battle Clause: Forcing endless battles is banned\n|rule|HP Percentage Mod: HP is shown in percentages\n|clearpoke\n|poke|p1|Scovillain, M|\n|poke|p1|Arcanine, F|\n|poke|p1|Rillaboom, M|\n|poke|p1|Lycanroc-Midnight, F|\n|poke|p1|Farigiraf, M|\n|poke|p1|Dragapult, F|\n|poke|p2|Tornadus, M|\n|poke|p2|Brambleghast, F|\n|poke|p2|Gothitelle, F|\n|poke|p2|Conkeldurr, F|\n|poke|p2|Scizor, F|\n|poke|p2|Walking Wake|\n|teampreview\n|inactive|Battle timer is ON: inactive players will automatically lose when time's up. (requested by Verdant Gangstar)\n|\n|t:|1699741381\n|start\n|switch|p1a: Rillaboom|Rillaboom, M|100\/100\n|switch|p1b: Farigiraf|Farigiraf, M|100\/100\n|switch|p2a: Tornadus|Tornadus, M, shiny|100\/100\n|switch|p2b: Brambleghast|Brambleghast, F|100\/100\n|-fieldstart|move: Grassy Terrain|[from] ability: Grassy Surge|[of] p1a: Rillaboom\n|turn|1\n|\n|t:|1699741399\n|move|p1a: Rillaboom|Fake Out|p2a: Tornadus\n|-damage|p2a: Tornadus|83\/100\n|cant|p2a: Tornadus|flinch\n|move|p2b: Brambleghast|Poltergeist|p1a: Rillaboom\n|-activate|p1a: Rillaboom|move: Poltergeist|Assault Vest\n|-damage|p1a: Rillaboom|28\/100\n|-damage|p2b: Brambleghast|91\/100|[from] item: Life Orb\n|move|p1b: Farigiraf|Agility|p1b: Farigiraf\n|-boost|p1b: Farigiraf|spe|2\n|\n|-heal|p2a: Tornadus|89\/100|[from] item: Leftovers\n|-heal|p2b: Brambleghast|97\/100|[from] Grassy Terrain\n|-heal|p1a: Rillaboom|35\/100|[from] Grassy Terrain\n|upkeep\n|turn|2\n|inactive|WestonandOut has 120 seconds left.\n|\n|t:|1699741431\n|move|p2a: Tornadus|Tailwind|p2a: Tornadus\n|-sidestart|p2: Verdant Gangstar|move: Tailwind\n|-ability|p2b: Brambleghast|Wind Rider|boost\n|-boost|p2b: Brambleghast|atk|1\n|move|p2b: Brambleghast|Poltergeist|p1a: Rillaboom\n|-activate|p1a: Rillaboom|move: Poltergeist|Assault Vest\n|-damage|p1a: Rillaboom|0 fnt\n|faint|p1a: Rillaboom\n|-damage|p2b: Brambleghast|87\/100|[from] item: Life Orb\n|move|p1b: Farigiraf|Nasty Plot|p1b: Farigiraf\n|-boost|p1b: Farigiraf|spa|2\n|\n|-heal|p2a: Tornadus|95\/100|[from] item: Leftovers\n|-heal|p2b: Brambleghast|93\/100|[from] Grassy Terrain\n|upkeep\n|inactive|WestonandOut has 120 seconds left.\n|\n|t:|1699741446\n|switch|p1a: Arcanine|Arcanine, F|100\/100\n|-ability|p1a: Arcanine|Intimidate|boost\n|-unboost|p2a: Tornadus|atk|1\n|-unboost|p2b: Brambleghast|atk|1\n|turn|3\n|\n|t:|1699741461\n|-terastallize|p1a: Arcanine|Normal\n|move|p2a: Tornadus|Bleakwind Storm|p1b: Farigiraf|[spread] p1a\n|-miss|p2a: Tornadus|p1b: Farigiraf\n|-damage|p1a: Arcanine|69\/100\n|move|p2b: Brambleghast|Power Whip|p1b: Farigiraf\n|-damage|p1b: Farigiraf|9\/100\n|-damage|p2b: Brambleghast|83\/100|[from] item: Life Orb\n|move|p1b: Farigiraf|Agility|p1b: Farigiraf\n|-boost|p1b: Farigiraf|spe|2\n|move|p1a: Arcanine|Flare Blitz|p2b: Brambleghast\n|-supereffective|p2b: Brambleghast\n|-crit|p2b: Brambleghast\n|-damage|p2b: Brambleghast|0 fnt\n|faint|p2b: Brambleghast\n|-damage|p1a: Arcanine|52\/100|[from] Recoil\n|-damage|p1a: Arcanine|42\/100|[from] item: Life Orb\n|\n|-heal|p2a: Tornadus|100\/100|[from] item: Leftovers\n|-heal|p1b: Farigiraf|15\/100|[from] Grassy Terrain\n|-heal|p1b: Farigiraf|21\/100|[from] item: Leftovers\n|-heal|p1a: Arcanine|48\/100|[from] Grassy Terrain\n|upkeep\n|inactive|Verdant Gangstar has 120 seconds left.\n|\n|t:|1699741498\n|switch|p2b: Walking Wake|Walking Wake|100\/100\n|-enditem|p2b: Walking Wake|Booster Energy\n|-activate|p2b: Walking Wake|ability: Protosynthesis|[fromitem]\n|-start|p2b: Walking Wake|protosynthesisspa\n|turn|4\n|\n|t:|1699741513\n|move|p1a: Arcanine|Extreme Speed|p2a: Tornadus\n|-damage|p2a: Tornadus|40\/100\n|-damage|p1a: Arcanine|38\/100|[from] item: Life Orb\n|move|p2a: Tornadus|Bleakwind Storm|p1a: Arcanine|[spread] p1a,p1b\n|-damage|p1a: Arcanine|6\/100\n|-damage|p1b: Farigiraf|0 fnt\n|faint|p1b: Farigiraf\n|move|p2b: Walking Wake|Scald|p1a: Arcanine\n|-crit|p1a: Arcanine\n|-damage|p1a: Arcanine|0 fnt\n|faint|p1a: Arcanine\n|\n|-heal|p2a: Tornadus|46\/100|[from] item: Leftovers\n|upkeep\n|\n|t:|1699741531\n|switch|p1a: Dragapult|Dragapult, F|100\/100\n|switch|p1b: Scovillain|Scovillain, M|100\/100\n|-enditem|p1b: Scovillain|Grassy Seed\n|-boost|p1b: Scovillain|def|1|[from] item: Grassy Seed\n|turn|5\n|\n|t:|1699741544\n|move|p1b: Scovillain|Protect|p1b: Scovillain\n|-singleturn|p1b: Scovillain|Protect\n|move|p2a: Tornadus|Bleakwind Storm|p1b: Scovillain|[spread] p1a\n|-activate|p1b: Scovillain|move: Protect\n|-damage|p1a: Dragapult|59\/100\n|move|p2b: Walking Wake|Dragon Pulse|p1a: Dragapult\n|-supereffective|p1a: Dragapult\n|-damage|p1a: Dragapult|0 fnt\n|faint|p1a: Dragapult\n|\n|-heal|p2a: Tornadus|52\/100|[from] item: Leftovers\n|-sideend|p2: Verdant Gangstar|move: Tailwind\n|-fieldend|move: Grassy Terrain\n|upkeep\n|\n|t:|1699741556\n|switch|p1a: Lycanroc|Lycanroc-Midnight, F|100\/100\n|turn|6\n|\n|t:|1699741580\n|move|p2a: Tornadus|Bleakwind Storm|p1b: Scovillain|[spread] p1a,p1b\n|-resisted|p1a: Lycanroc\n|-supereffective|p1b: Scovillain\n|-damage|p1a: Lycanroc|80\/100\n|-damage|p1b: Scovillain|17\/100\n|move|p2b: Walking Wake|Scald|p1b: Scovillain\n|-damage|p1b: Scovillain|0 fnt\n|faint|p1b: Scovillain\n|move|p1a: Lycanroc|Rock Slide|p2a: Tornadus|[spread] p2a,p2b\n|-supereffective|p2a: Tornadus\n|-damage|p2a: Tornadus|0 fnt\n|-damage|p2b: Walking Wake|56\/100\n|faint|p2a: Tornadus\n|\n|upkeep\n|-message|WestonandOut forfeited.\n|\n|win|Verdant Gangstar\n|raw|WestonandOut's rating: 1069 &rarr; <strong>1045<\/strong><br \/>(-24 for losing)\n|raw|Verdant Gangstar's rating: 1000 &rarr; <strong>1048<\/strong><br \/>(+48 for winning)\n|l|\u2606WestonandOut\n|l|\u2606Verdant Gangstar\n|j|\u2606Verdant Gangstar\n|player|p2|Verdant Gangstar|gardenia\n","uploadtime":1699741683,"views":19,"p1id":"westonandout","p2id":"verdantgangstar","formatid":"gen9doublesou","rating":1045,"private":0,"password":""}