{"id":"gen9doublesou-1972588594","p1":"DratiniKing10","p2":"mewmewgirl","format":"[Gen 9] Doubles OU","log":"|j|\u2606DratiniKing10\n|j|\u2606mewmewgirl\n|t:|1697860791\n|gametype|doubles\n|player|p1|DratiniKing10|lucas|1256\n|player|p2|mewmewgirl|pokekid|1201\n|teamsize|p1|6\n|teamsize|p2|6\n|gen|9\n|tier|[Gen 9] Doubles OU\n|rated|\n|rule|Species Clause: Limit one of each Pok\u00e9mon\n|rule|OHKO Clause: OHKO moves are banned\n|rule|Evasion Moves Clause: Evasion moves are banned\n|rule|Gravity Sleep Clause: The combination of sleep-inducing moves with imperfect accuracy and Gravity or Gigantamax Orbeetle are banned\n|rule|Endless Battle Clause: Forcing endless battles is banned\n|rule|HP Percentage Mod: HP is shown in percentages\n|clearpoke\n|poke|p1|Ting-Lu|\n|poke|p1|Arcanine, M|\n|poke|p1|Kingambit, M|\n|poke|p1|Tornadus, M|\n|poke|p1|Sneasler, M|\n|poke|p1|Ogerpon-Wellspring, F|\n|poke|p2|Flutter Mane|\n|poke|p2|Brute Bonnet|\n|poke|p2|Chi-Yu|\n|poke|p2|Ogerpon-Hearthflame, F|\n|poke|p2|Torkoal, F|\n|poke|p2|Great Tusk|\n|teampreview\n|\n|t:|1697860827\n|start\n|switch|p1a: Miles|Tornadus, M|100\/100\n|switch|p1b: Tavi|Sneasler, M|100\/100\n|switch|p2a: Torkoal|Torkoal, F|100\/100\n|switch|p2b: Ogerpon|Ogerpon-Hearthflame, F|100\/100\n|-ability|p2b: Ogerpon|Mold Breaker\n|-weather|SunnyDay|[from] ability: Drought|[of] p2a: Torkoal\n|turn|1\n|\n|t:|1697860846\n|-terastallize|p2b: Ogerpon|Fire\n|detailschange|p2b: Ogerpon|Ogerpon-Hearthflame-Tera, F, tera:Fire\n|-ability|p2b: Ogerpon|Embody Aspect (Hearthflame)|boost\n|-boost|p2b: Ogerpon|atk|1\n|move|p1b: Tavi|Fake Out|p2b: Ogerpon\n|-damage|p2b: Ogerpon|80\/100\n|move|p1a: Miles|Rain Dance|p1a: Miles\n|-weather|RainDance\n|cant|p2b: Ogerpon|flinch\n|move|p2a: Torkoal|Will-O-Wisp|p1b: Tavi\n|-status|p1b: Tavi|brn\n|\n|-weather|RainDance|[upkeep]\n|-damage|p1b: Tavi|95\/100 brn|[from] brn\n|upkeep\n|turn|2\n|\n|t:|1697860880\n|switch|p2b: Brute Bonnet|Brute Bonnet|100\/100\n|switch|p2a: Flutter Mane|Flutter Mane|100\/100\n|move|p1b: Tavi|Dire Claw|p2b: Brute Bonnet\n|-supereffective|p2b: Brute Bonnet\n|-damage|p2b: Brute Bonnet|71\/100\n|move|p1a: Miles|Bleakwind Storm|p2a: Flutter Mane|[spread] p2a,p2b\n|-supereffective|p2b: Brute Bonnet\n|-damage|p2a: Flutter Mane|69\/100\n|-damage|p2b: Brute Bonnet|20\/100\n|\n|-weather|RainDance|[upkeep]\n|-damage|p1b: Tavi|89\/100 brn|[from] brn\n|upkeep\n|turn|3\n|\n|t:|1697860902\n|move|p2b: Brute Bonnet|Protect|p2b: Brute Bonnet\n|-singleturn|p2b: Brute Bonnet|Protect\n|move|p1a: Miles|Rain Dance||[still]\n|-fail|p1a: Miles\n|move|p2a: Flutter Mane|Moonblast|p1a: Miles\n|-damage|p1a: Miles|26\/100\n|-unboost|p1a: Miles|spa|1\n|-enditem|p1a: Miles|Sitrus Berry|[eat]\n|-heal|p1a: Miles|51\/100|[from] item: Sitrus Berry\n|move|p1b: Tavi|Dire Claw|p2a: Flutter Mane\n|-damage|p2a: Flutter Mane|18\/100\n|-status|p2a: Flutter Mane|par\n|\n|-weather|RainDance|[upkeep]\n|-damage|p1b: Tavi|83\/100 brn|[from] brn\n|upkeep\n|turn|4\n|\n|t:|1697860922\n|move|p2b: Brute Bonnet|Rage Powder|p2b: Brute Bonnet\n|-singleturn|p2b: Brute Bonnet|move: Rage Powder\n|move|p1b: Tavi|Dire Claw|p2b: Brute Bonnet\n|-supereffective|p2b: Brute Bonnet\n|-damage|p2b: Brute Bonnet|0 fnt\n|faint|p2b: Brute Bonnet\n|-end|p2b: Brute Bonnet|Protosynthesis|[silent]\n|move|p1a: Miles|Bleakwind Storm|p2a: Flutter Mane\n|-damage|p2a: Flutter Mane|0 fnt\n|faint|p2a: Flutter Mane\n|-end|p2a: Flutter Mane|Protosynthesis|[silent]\n|\n|-weather|RainDance|[upkeep]\n|-damage|p1b: Tavi|77\/100 brn|[from] brn\n|upkeep\n|\n|t:|1697860935\n|switch|p2a: Torkoal|Torkoal, F|100\/100\n|switch|p2b: Ogerpon|Ogerpon-Hearthflame-Tera, F, tera:Fire|80\/100\n|-ability|p2b: Ogerpon|Embody Aspect (Hearthflame)|boost\n|-boost|p2b: Ogerpon|atk|1\n|-weather|SunnyDay|[from] ability: Drought|[of] p2a: Torkoal\n|turn|5\n|\n|t:|1697860954\n|move|p1a: Miles|Rain Dance|p1a: Miles\n|-weather|RainDance\n|move|p1b: Tavi|Dire Claw|p2b: Ogerpon\n|-damage|p2b: Ogerpon|51\/100\n|-status|p2b: Ogerpon|slp\n|cant|p2b: Ogerpon|slp\n|move|p2a: Torkoal|Gyro Ball|p1b: Tavi\n|-damage|p1b: Tavi|29\/100 brn\n|\n|-weather|RainDance|[upkeep]\n|-damage|p1b: Tavi|23\/100 brn|[from] brn\n|upkeep\n|turn|6\n|-message|mewmewgirl forfeited.\n|\n|win|DratiniKing10\n|raw|DratiniKing10's rating: 1256 &rarr; <strong>1277<\/strong><br \/>(+21 for winning)\n|raw|mewmewgirl's rating: 1201 &rarr; <strong>1180<\/strong><br \/>(-21 for losing)\n|l|\u2606mewmewgirl\n","uploadtime":1697860967,"views":11,"p1id":"dratiniking10","p2id":"mewmewgirl","formatid":"gen9doublesou","rating":1180,"private":0,"password":""}