{"id":"gen9doublesou-2000415481","p1":"OPieceOfHeroGhost","p2":"ThymeCat","format":"[Gen 9] Doubles OU","log":"|j|\u2606OPieceOfHeroGhost\n|j|\u2606ThymeCat\n|t:|1701192907\n|gametype|doubles\n|player|p1|OPieceOfHeroGhost|morty|1470\n|player|p2|ThymeCat|cheryl|1517\n|teamsize|p1|6\n|teamsize|p2|6\n|gen|9\n|tier|[Gen 9] Doubles OU\n|rated|\n|rule|Species Clause: Limit one of each Pok\u00e9mon\n|rule|OHKO Clause: OHKO moves are banned\n|rule|Evasion Moves Clause: Evasion moves are banned\n|rule|Gravity Sleep Clause: The combination of sleep-inducing moves with imperfect accuracy and Gravity or Gigantamax Orbeetle are banned\n|rule|Endless Battle Clause: Forcing endless battles is banned\n|rule|HP Percentage Mod: HP is shown in percentages\n|clearpoke\n|poke|p1|Heatran, M|\n|poke|p1|Ting-Lu|\n|poke|p1|Tornadus, M|\n|poke|p1|Rillaboom, M|\n|poke|p1|Ogerpon-Wellspring, F|\n|poke|p1|Flutter Mane|\n|poke|p2|Leafeon, F|\n|poke|p2|Torkoal, F|\n|poke|p2|Tornadus, M|\n|poke|p2|Diancie|\n|poke|p2|Walking Wake|\n|poke|p2|Oranguru, F|\n|teampreview\n|inactive|Battle timer is ON: inactive players will automatically lose when time's up. (requested by ThymeCat)\n|\n|t:|1701192915\n|start\n|switch|p1a: \u706b\u8d5e\u4f01|Heatran, M|100\/100\n|switch|p1b: \u9ed1\u68ee\u6797\u86cb\u7cd5|Ting-Lu|100\/100\n|switch|p2a: Diancie|Diancie, shiny|100\/100\n|switch|p2b: Oranguru|Oranguru, F|100\/100\n|-ability|p1b: \u9ed1\u68ee\u6797\u86cb\u7cd5|Vessel of Ruin\n|turn|1\n|\n|t:|1701192934\n|-terastallize|p2a: Diancie|Water\n|move|p2b: Oranguru|Taunt|p1b: \u9ed1\u68ee\u6797\u86cb\u7cd5\n|-start|p1b: \u9ed1\u68ee\u6797\u86cb\u7cd5|move: Taunt\n|move|p1a: \u706b\u8d5e\u4f01|Heavy Slam|p2a: Diancie\n|-resisted|p2a: Diancie\n|-damage|p2a: Diancie|87\/100\n|move|p2a: Diancie|Diamond Storm|p1b: \u9ed1\u68ee\u6797\u86cb\u7cd5|[spread] \n|-miss|p2a: Diancie|p1a: \u706b\u8d5e\u4f01\n|-miss|p2a: Diancie|p1b: \u9ed1\u68ee\u6797\u86cb\u7cd5\n|move|p1b: \u9ed1\u68ee\u6797\u86cb\u7cd5|Stomping Tantrum|p2a: Diancie\n|-damage|p2a: Diancie|39\/100\n|\n|upkeep\n|turn|2\n|\n|t:|1701192955\n|move|p2b: Oranguru|Instruct|p2a: Diancie\n|-singleturn|p2a: Diancie|move: Instruct|[of] p2b: Oranguru\n|move|p2a: Diancie|Diamond Storm|p1b: \u9ed1\u68ee\u6797\u86cb\u7cd5|[spread] p1b\n|-miss|p2a: Diancie|p1a: \u706b\u8d5e\u4f01\n|-resisted|p1b: \u9ed1\u68ee\u6797\u86cb\u7cd5\n|-damage|p1b: \u9ed1\u68ee\u6797\u86cb\u7cd5|92\/100\n|-boost|p2a: Diancie|def|2\n|move|p1a: \u706b\u8d5e\u4f01|Earth Power|p2a: Diancie\n|-damage|p2a: Diancie|28\/100\n|move|p2a: Diancie|Diamond Storm|p1a: \u706b\u8d5e\u4f01|[spread] p1a,p1b\n|-resisted|p1b: \u9ed1\u68ee\u6797\u86cb\u7cd5\n|-damage|p1a: \u706b\u8d5e\u4f01|79\/100\n|-damage|p1b: \u9ed1\u68ee\u6797\u86cb\u7cd5|84\/100\n|move|p1b: \u9ed1\u68ee\u6797\u86cb\u7cd5|Stomping Tantrum|p2a: Diancie\n|-damage|p2a: Diancie|7\/100\n|\n|-heal|p1a: \u706b\u8d5e\u4f01|85\/100|[from] item: Leftovers\n|upkeep\n|turn|3\n|\n|t:|1701192983\n|move|p2b: Oranguru|Instruct|p2a: Diancie\n|-singleturn|p2a: Diancie|move: Instruct|[of] p2b: Oranguru\n|move|p2a: Diancie|Diamond Storm|p1a: \u706b\u8d5e\u4f01|[spread] p1a,p1b\n|-crit|p1a: \u706b\u8d5e\u4f01\n|-resisted|p1b: \u9ed1\u68ee\u6797\u86cb\u7cd5\n|-damage|p1a: \u706b\u8d5e\u4f01|53\/100\n|-damage|p1b: \u9ed1\u68ee\u6797\u86cb\u7cd5|75\/100\n|-boost|p2a: Diancie|def|2\n|move|p1a: \u706b\u8d5e\u4f01|Earth Power|p2a: Diancie\n|-damage|p2a: Diancie|0 fnt\n|faint|p2a: Diancie\n|move|p1b: \u9ed1\u68ee\u6797\u86cb\u7cd5|Stomping Tantrum|p2b: Oranguru\n|-damage|p2b: Oranguru|47\/100\n|\n|-heal|p1a: \u706b\u8d5e\u4f01|59\/100|[from] item: Leftovers\n|-end|p1b: \u9ed1\u68ee\u6797\u86cb\u7cd5|move: Taunt\n|upkeep\n|inactive|ThymeCat has 120 seconds left.\n|\n|t:|1701192993\n|switch|p2a: Torkoal|Torkoal, F|100\/100\n|-weather|SunnyDay|[from] ability: Drought|[of] p2a: Torkoal\n|turn|4\n|\n|t:|1701193002\n|switch|p2b: Girlboss|Tornadus, M|100\/100\n|move|p1a: \u706b\u8d5e\u4f01|Protect|p1a: \u706b\u8d5e\u4f01\n|-singleturn|p1a: \u706b\u8d5e\u4f01|Protect\n|move|p1b: \u9ed1\u68ee\u6797\u86cb\u7cd5|Stomping Tantrum|p2a: Torkoal\n|-supereffective|p2a: Torkoal\n|-damage|p2a: Torkoal|22\/100\n|move|p2a: Torkoal|Earth Power|p1a: \u706b\u8d5e\u4f01\n|-activate|p1a: \u706b\u8d5e\u4f01|move: Protect\n|\n|-weather|SunnyDay|[upkeep]\n|-heal|p1a: \u706b\u8d5e\u4f01|65\/100|[from] item: Leftovers\n|-heal|p2a: Torkoal|28\/100|[from] item: Leftovers\n|upkeep\n|turn|5\n|-message|ThymeCat forfeited.\n|\n|win|OPieceOfHeroGhost\n|raw|OPieceOfHeroGhost's rating: 1470 &rarr; <strong>1493<\/strong><br \/>(+23 for winning)\n|raw|ThymeCat's rating: 1517 &rarr; <strong>1494<\/strong><br \/>(-23 for losing)\n|l|\u2606ThymeCat\n","uploadtime":1701193021,"views":4,"p1id":"opieceofheroghost","p2id":"thymecat","formatid":"gen9doublesou","rating":1493,"private":0,"password":""}