{"id":"gen9doublesou-1987364965","p1":"promotheus","p2":"cotesmcgotes","format":"[Gen 9] Doubles OU","log":"|j|\u2606promotheus\n|j|\u2606cotesmcgotes\n|t:|1699582207\n|gametype|doubles\n|player|p1|promotheus|benga|1250\n|player|p2|cotesmcgotes|flannery|1349\n|teamsize|p1|6\n|teamsize|p2|6\n|gen|9\n|tier|[Gen 9] Doubles OU\n|rated|\n|rule|Species Clause: Limit one of each Pok\u00e9mon\n|rule|OHKO Clause: OHKO moves are banned\n|rule|Evasion Moves Clause: Evasion moves are banned\n|rule|Gravity Sleep Clause: The combination of sleep-inducing moves with imperfect accuracy and Gravity or Gigantamax Orbeetle are banned\n|rule|Endless Battle Clause: Forcing endless battles is banned\n|rule|HP Percentage Mod: HP is shown in percentages\n|clearpoke\n|poke|p1|Gliscor, M|\n|poke|p1|Iron Hands|\n|poke|p1|Cyclizar, F|\n|poke|p1|Indeedee-F, F|\n|poke|p1|Armarouge, F|\n|poke|p1|Kingambit, M|\n|poke|p2|Cresselia, F|\n|poke|p2|Overqwil, M|\n|poke|p2|Tornadus, M|\n|poke|p2|Palafin, M|\n|poke|p2|Flutter Mane|\n|poke|p2|Amoonguss, M|\n|teampreview\n|\n|t:|1699582219\n|start\n|switch|p1a: Cyclizar|Cyclizar, F|100\/100\n|switch|p1b: Indeedee|Indeedee-F, F|100\/100\n|switch|p2a: Tornadus|Tornadus, M, shiny|100\/100\n|switch|p2b: Palafin|Palafin, M|100\/100\n|-fieldstart|move: Psychic Terrain|[from] ability: Psychic Surge|[of] p1b: Indeedee\n|turn|1\n|inactive|Battle timer is ON: inactive players will automatically lose when time's up. (requested by cotesmcgotes)\n|\n|t:|1699582232\n|move|p2a: Tornadus|Rain Dance|p2a: Tornadus\n|-weather|RainDance\n|move|p1a: Cyclizar|Shed Tail|p1a: Cyclizar\n|-start|p1a: Cyclizar|Substitute|[from] move: Shed Tail\n|-damage|p1a: Cyclizar|50\/100\n|\n|t:|1699582237\n|switch|p1a: Iron Hands|Iron Hands|100\/100|[from] Shed Tail\n|move|p2b: Palafin|Flip Turn|p1a: Iron Hands\n|-end|p1a: Iron Hands|Substitute\n|\n|t:|1699582252\n|detailschange|p2b: Palafin|Palafin-Hero, M\n|switch|p2b: Overqwil|Overqwil, M|100\/100|[from] Flip Turn\n|move|p1b: Indeedee|Trick Room|p1b: Indeedee\n|-fieldstart|move: Trick Room|[of] p1b: Indeedee\n|\n|-weather|RainDance|[upkeep]\n|upkeep\n|turn|2\n|\n|t:|1699582264\n|switch|p2a: Amoonguss|Amoonguss, M, shiny|100\/100\n|move|p1b: Indeedee|Follow Me|p1b: Indeedee\n|-singleturn|p1b: Indeedee|move: Follow Me\n|move|p1a: Iron Hands|Wild Charge|p2a: Amoonguss\n|-resisted|p2a: Amoonguss\n|-damage|p2a: Amoonguss|72\/100\n|-damage|p1a: Iron Hands|94\/100|[from] Recoil\n|move|p2b: Overqwil|Toxic Spikes|p1b: Indeedee\n|-sidestart|p1: promotheus|move: Toxic Spikes\n|\n|-weather|RainDance|[upkeep]\n|upkeep\n|turn|3\n|\n|t:|1699582285\n|move|p2a: Amoonguss|Spore|p1b: Indeedee\n|-status|p1b: Indeedee|slp|[from] move: Spore\n|move|p1a: Iron Hands|Heavy Slam|p2a: Amoonguss\n|-damage|p2a: Amoonguss|20\/100\n|cant|p1b: Indeedee|slp\n|move|p2b: Overqwil|Toxic Spikes|p1a: Iron Hands\n|-sidestart|p1: promotheus|move: Toxic Spikes\n|\n|-weather|RainDance|[upkeep]\n|upkeep\n|turn|4\n|inactive|cotesmcgotes has 120 seconds left.\n|\n|t:|1699582316\n|switch|p2a: Cresselia|Cresselia, F, shiny|100\/100\n|cant|p1b: Indeedee|slp\n|move|p1a: Iron Hands|Heavy Slam|p2a: Cresselia\n|-damage|p2a: Cresselia|74\/100\n|move|p2b: Overqwil|Fell Stinger|p1b: Indeedee\n|-supereffective|p1b: Indeedee\n|-damage|p1b: Indeedee|56\/100 slp\n|\n|-weather|RainDance|[upkeep]\n|-heal|p1b: Indeedee|62\/100 slp|[from] item: Leftovers\n|-heal|p2a: Cresselia|80\/100|[from] item: Leftovers\n|upkeep\n|turn|5\n|\n|t:|1699582335\n|switch|p1b: Cyclizar|Cyclizar, F|83\/100\n|-status|p1b: Cyclizar|tox\n|move|p1a: Iron Hands|Drain Punch|p2b: Overqwil\n|-damage|p2b: Overqwil|53\/100\n|-heal|p1a: Iron Hands|100\/100|[from] drain|[of] p2b: Overqwil\n|move|p2a: Cresselia|Calm Mind|p2a: Cresselia\n|-boost|p2a: Cresselia|spa|1\n|-boost|p2a: Cresselia|spd|1\n|move|p2b: Overqwil|Barb Barrage|p1b: Cyclizar\n|-damage|p1b: Cyclizar|0 fnt\n|faint|p1b: Cyclizar\n|\n|-weather|RainDance|[upkeep]\n|-heal|p2a: Cresselia|86\/100|[from] item: Leftovers\n|-heal|p2b: Overqwil|59\/100|[from] item: Black Sludge\n|-fieldend|move: Trick Room\n|-fieldend|move: Psychic Terrain\n|upkeep\n|\n|t:|1699582353\n|switch|p1b: Indeedee|Indeedee-F, F|62\/100 slp\n|-fieldstart|move: Psychic Terrain|[from] ability: Psychic Surge|[of] p1b: Indeedee\n|turn|6\n|\n|t:|1699582373\n|move|p2b: Overqwil|Fell Stinger|p1b: Indeedee\n|-supereffective|p1b: Indeedee\n|-damage|p1b: Indeedee|20\/100 slp\n|move|p2a: Cresselia|Moonblast|p1b: Indeedee\n|-damage|p1b: Indeedee|0 fnt\n|faint|p1b: Indeedee\n|move|p1a: Iron Hands|Heavy Slam|p2b: Overqwil\n|-crit|p2b: Overqwil\n|-damage|p2b: Overqwil|0 fnt\n|faint|p2b: Overqwil\n|\n|-weather|RainDance|[upkeep]\n|-heal|p2a: Cresselia|92\/100|[from] item: Leftovers\n|upkeep\n|\n|t:|1699582392\n|switch|p2b: Flutter Mane|Flutter Mane|100\/100\n|switch|p1b: Armarouge|Armarouge, F|100\/100\n|-status|p1b: Armarouge|tox\n|turn|7\n|\n|t:|1699582422\n|move|p2b: Flutter Mane|Shadow Ball|p1b: Armarouge\n|-supereffective|p1b: Armarouge\n|-damage|p1b: Armarouge|6\/100 tox\n|move|p2a: Cresselia|Calm Mind|p2a: Cresselia\n|-boost|p2a: Cresselia|spa|1\n|-boost|p2a: Cresselia|spd|1\n|move|p1b: Armarouge|Expanding Force|p2b: Flutter Mane|[spread] p2a,p2b\n|-resisted|p2a: Cresselia\n|-crit|p2a: Cresselia\n|-damage|p2a: Cresselia|61\/100\n|-damage|p2b: Flutter Mane|54\/100\n|move|p1a: Iron Hands|Heavy Slam|p2b: Flutter Mane\n|-supereffective|p2b: Flutter Mane\n|-damage|p2b: Flutter Mane|0 fnt\n|faint|p2b: Flutter Mane\n|-end|p2b: Flutter Mane|Protosynthesis|[silent]\n|\n|-weather|RainDance|[upkeep]\n|-heal|p2a: Cresselia|67\/100|[from] item: Leftovers\n|-heal|p1b: Armarouge|12\/100 tox|[from] item: Leftovers\n|-damage|p1b: Armarouge|6\/100 tox|[from] psn\n|upkeep\n|\n|t:|1699582440\n|switch|p2b: Amoonguss|Amoonguss, M, shiny|53\/100\n|turn|8\n|inactive|promotheus has 120 seconds left.\n|inactive|cotesmcgotes has 120 seconds left.\n|\n|t:|1699582478\n|switch|p2b: Tornadus|Tornadus, M, shiny|100\/100\n|move|p2a: Cresselia|Stored Power|p1b: Armarouge\n|-resisted|p1b: Armarouge\n|-damage|p1b: Armarouge|0 fnt\n|faint|p1b: Armarouge\n|move|p1a: Iron Hands|Heavy Slam|p2b: Tornadus\n|-damage|p2b: Tornadus|42\/100\n|\n|-weather|none\n|-heal|p2a: Cresselia|73\/100|[from] item: Leftovers\n|upkeep\n|inactive|promotheus has 120 seconds left.\n|\n|t:|1699582500\n|switch|p1b: Gliscor|Gliscor, M|100\/100\n|turn|9\n|inactive|promotheus has 120 seconds left.\n|\n|t:|1699582537\n|move|p2b: Tornadus|Tailwind|p2b: Tornadus\n|-sidestart|p2: cotesmcgotes|move: Tailwind\n|move|p2a: Cresselia|Stored Power|p1b: Gliscor\n|-damage|p1b: Gliscor|1\/100\n|move|p1b: Gliscor|Toxic|p2a: Cresselia\n|-status|p2a: Cresselia|tox\n|move|p1a: Iron Hands|Heavy Slam|p2b: Tornadus\n|-damage|p2b: Tornadus|0 fnt\n|faint|p2b: Tornadus\n|\n|-heal|p2a: Cresselia|79\/100 tox|[from] item: Leftovers\n|-damage|p2a: Cresselia|73\/100 tox|[from] psn\n|-status|p1b: Gliscor|tox|[from] item: Toxic Orb\n|upkeep\n|inactive|cotesmcgotes has 120 seconds left.\n|\n|t:|1699582564\n|switch|p2b: Amoonguss|Amoonguss, M, shiny|86\/100\n|turn|10\n|inactive|promotheus has 120 seconds left.\n|inactive|cotesmcgotes has 120 seconds left.\n|\n|t:|1699582581\n|move|p1b: Gliscor|Protect|p1b: Gliscor\n|-singleturn|p1b: Gliscor|Protect\n|move|p2a: Cresselia|Stored Power|p1a: Iron Hands\n|-supereffective|p1a: Iron Hands\n|-damage|p1a: Iron Hands|0 fnt\n|faint|p1a: Iron Hands\n|-end|p1a: Iron Hands|Quark Drive|[silent]\n|move|p2b: Amoonguss|Giga Drain|p1b: Gliscor\n|-activate|p1b: Gliscor|move: Protect\n|\n|-heal|p2a: Cresselia|79\/100 tox|[from] item: Leftovers\n|-damage|p2a: Cresselia|67\/100 tox|[from] psn\n|-heal|p1b: Gliscor|13\/100 tox|[from] ability: Poison Heal\n|-fieldend|move: Psychic Terrain\n|upkeep\n|inactive|promotheus has 90 seconds left.\n|\n|t:|1699582629\n|switch|p1a: Kingambit|Kingambit, M|100\/100\n|turn|11\n|inactive|promotheus has 90 seconds left.\n|\n|t:|1699582643\n|-terastallize|p2a: Cresselia|Electric\n|move|p2a: Cresselia|Stored Power|p1b: Gliscor\n|-damage|p1b: Gliscor|0 fnt\n|faint|p1b: Gliscor\n|move|p2b: Amoonguss|Spore|p1a: Kingambit\n|-status|p1a: Kingambit|slp|[from] move: Spore\n|cant|p1a: Kingambit|slp\n|\n|-heal|p2a: Cresselia|73\/100 tox|[from] item: Leftovers\n|-damage|p2a: Cresselia|55\/100 tox|[from] psn\n|upkeep\n|turn|12\n|inactive|promotheus has 90 seconds left.\n|\n|t:|1699582677\n|move|p2a: Cresselia|Moonblast|p1a: Kingambit\n|-damage|p1a: Kingambit|52\/100 slp\n|move|p2b: Amoonguss|Pollen Puff|p1a: Kingambit\n|-damage|p1a: Kingambit|26\/100 slp\n|cant|p1a: Kingambit|slp\n|\n|-heal|p2a: Cresselia|61\/100 tox|[from] item: Leftovers\n|-heal|p1a: Kingambit|33\/100 slp|[from] item: Leftovers\n|-damage|p2a: Cresselia|36\/100 tox|[from] psn\n|-sideend|p2: cotesmcgotes|move: Tailwind\n|upkeep\n|turn|13\n|\n|t:|1699582689\n|move|p2a: Cresselia|Moonblast|p1a: Kingambit\n|-damage|p1a: Kingambit|0 fnt\n|faint|p1a: Kingambit\n|\n|win|cotesmcgotes\n|raw|promotheus's rating: 1250 &rarr; <strong>1232<\/strong><br \/>(-18 for losing)\n|raw|cotesmcgotes's rating: 1349 &rarr; <strong>1363<\/strong><br \/>(+14 for winning)\n","uploadtime":1699582692,"views":6,"p1id":"promotheus","p2id":"cotesmcgotes","formatid":"gen9doublesou","rating":1232,"private":0,"password":""}