{"id":"gen9doublesou-1982931718","p1":"samuelzelalem","p2":"UY QUE RICO PAPI","format":"[Gen 9] Doubles OU","log":"|j|\u2606samuelzelalem\n|j|\u2606UY QUE RICO PAPI\n|t:|1699060081\n|gametype|doubles\n|player|p1|samuelzelalem|cynthia|1351\n|player|p2|UY QUE RICO PAPI|170|1364\n|teamsize|p1|6\n|teamsize|p2|6\n|gen|9\n|tier|[Gen 9] Doubles OU\n|rated|\n|rule|Species Clause: Limit one of each Pok\u00e9mon\n|rule|OHKO Clause: OHKO moves are banned\n|rule|Evasion Moves Clause: Evasion moves are banned\n|rule|Gravity Sleep Clause: The combination of sleep-inducing moves with imperfect accuracy and Gravity or Gigantamax Orbeetle are banned\n|rule|Endless Battle Clause: Forcing endless battles is banned\n|rule|HP Percentage Mod: HP is shown in percentages\n|clearpoke\n|poke|p1|Sinistcha|\n|poke|p1|Mew|\n|poke|p1|Snorlax, M|\n|poke|p1|Kommo-o, F|\n|poke|p1|Iron Hands|\n|poke|p1|Amoonguss, M|\n|poke|p2|Bronzong|\n|poke|p2|Weavile, F|\n|poke|p2|Hatterene, F|\n|poke|p2|Ursaluna, M|\n|poke|p2|Trevenant, F|\n|poke|p2|Orthworm, M|\n|teampreview\n|inactive|Battle timer is ON: inactive players will automatically lose when time's up. (requested by samuelzelalem)\n|inactive|UY QUE RICO PAPI has 120 seconds left.\n|\n|t:|1699060119\n|start\n|switch|p1a: Snorlax|Snorlax, M|100\/100\n|switch|p1b: Iron Hands|Iron Hands|100\/100\n|switch|p2a: Bronzong|Bronzong|100\/100\n|switch|p2b: Weavile|Weavile, F|100\/100\n|turn|1\n|\n|t:|1699060143\n|move|p2a: Bronzong|Protect|p2a: Bronzong\n|-singleturn|p2a: Bronzong|Protect\n|move|p2b: Weavile|Fake Out|p1a: Snorlax\n|-damage|p1a: Snorlax|92\/100\n|move|p1b: Iron Hands|Drain Punch|p2b: Weavile\n|-supereffective|p2b: Weavile\n|-enditem|p2b: Weavile|Focus Sash\n|-damage|p2b: Weavile|1\/100\n|-enditem|p1b: Iron Hands|Assault Vest|[silent]|[from] ability: Pickpocket|[of] p1b: Iron Hands\n|-item|p2b: Weavile|Assault Vest|[from] ability: Pickpocket|[of] p1b: Iron Hands\n|cant|p1a: Snorlax|flinch\n|\n|upkeep\n|turn|2\n|inactive|UY QUE RICO PAPI has 120 seconds left.\n|\n|t:|1699060176\n|move|p2b: Weavile|Ice Shard|p1a: Snorlax\n|-damage|p1a: Snorlax|79\/100\n|move|p1b: Iron Hands|Drain Punch|p2a: Bronzong\n|-damage|p2a: Bronzong|63\/100\n|move|p1a: Snorlax|Crunch|p2a: Bronzong\n|-supereffective|p2a: Bronzong\n|-damage|p2a: Bronzong|28\/100\n|move|p2a: Bronzong|Trick Room|p2a: Bronzong\n|-fieldstart|move: Trick Room|[of] p2a: Bronzong\n|\n|upkeep\n|turn|3\n|\n|t:|1699060197\n|-terastallize|p1a: Snorlax|Ghost\n|move|p2b: Weavile|Ice Shard|p1a: Snorlax\n|-damage|p1a: Snorlax|67\/100\n|move|p2a: Bronzong|Stealth Rock|p1a: Snorlax\n|-sidestart|p1: samuelzelalem|move: Stealth Rock\n|move|p1a: Snorlax|Belly Drum|p1a: Snorlax\n|-damage|p1a: Snorlax|17\/100\n|-setboost|p1a: Snorlax|atk|6|[from] move: Belly Drum\n|-enditem|p1a: Snorlax|Iapapa Berry|[eat]\n|-heal|p1a: Snorlax|50\/100|[from] item: Iapapa Berry\n|move|p1b: Iron Hands|Drain Punch|p2b: Weavile\n|-supereffective|p2b: Weavile\n|-damage|p2b: Weavile|0 fnt\n|faint|p2b: Weavile\n|\n|upkeep\n|\n|t:|1699060214\n|switch|p2b: Hatterene|Hatterene, F|100\/100\n|turn|4\n|inactive|UY QUE RICO PAPI has 120 seconds left.\n|\n|t:|1699060265\n|move|p2b: Hatterene|Dazzling Gleam|p1b: Iron Hands|[spread] p1a,p1b\n|-supereffective|p1b: Iron Hands\n|-damage|p1a: Snorlax|30\/100\n|-damage|p1b: Iron Hands|47\/100\n|move|p2a: Bronzong|Steel Beam|p1a: Snorlax\n|-damage|p1a: Snorlax|0 fnt\n|-damage|p2a: Bronzong|0 fnt|[from] steelbeam\n|faint|p2a: Bronzong\n|faint|p1a: Snorlax\n|move|p1b: Iron Hands|Heavy Slam|p2b: Hatterene\n|-supereffective|p2b: Hatterene\n|-damage|p2b: Hatterene|10\/100\n|\n|upkeep\n|inactive|UY QUE RICO PAPI has 120 seconds left.\n|\n|t:|1699060290\n|switch|p2a: Orthworm|Orthworm, M|100\/100\n|switch|p1a: Sinistcha|Sinistcha|100\/100\n|-damage|p1a: Sinistcha|88\/100|[from] Stealth Rock\n|-heal|p1b: Iron Hands|72\/100|[from] ability: Hospitality|[of] p1a: Sinistcha\n|turn|5\n|inactive|UY QUE RICO PAPI has 120 seconds left.\n|\n|t:|1699060301\n|move|p2b: Hatterene|Psychic|p1b: Iron Hands\n|-supereffective|p1b: Iron Hands\n|-damage|p1b: Iron Hands|0 fnt\n|faint|p1b: Iron Hands\n|-end|p1b: Iron Hands|Quark Drive|[silent]\n|move|p2a: Orthworm|Shed Tail|p2a: Orthworm\n|-start|p2a: Orthworm|Substitute|[from] move: Shed Tail\n|-damage|p2a: Orthworm|50\/100\n|-enditem|p2a: Orthworm|Sitrus Berry|[eat]\n|-heal|p2a: Orthworm|75\/100|[from] item: Sitrus Berry\n|\n|t:|1699060310\n|switch|p2a: Trevenant|Trevenant, F|100\/100|[from] Shed Tail\n|move|p1a: Sinistcha|Matcha Gotcha|p2b: Hatterene|[spread] p2a,p2b\n|-resisted|p2a: Trevenant\n|-activate|p2a: Trevenant|move: Substitute|[damage]\n|-heal|p1a: Sinistcha|95\/100|[from] drain|[of] p2a: Trevenant\n|-damage|p2b: Hatterene|0 fnt\n|-heal|p1a: Sinistcha|100\/100|[from] drain|[of] p2b: Hatterene\n|faint|p2b: Hatterene\n|\n|upkeep\n|\n|t:|1699060328\n|switch|p2b: Ursaluna|Ursaluna, M|100\/100\n|switch|p1b: Mew|Mew|100\/100\n|-damage|p1b: Mew|88\/100|[from] Stealth Rock\n|turn|6\n|\n|t:|1699060343\n|-terastallize|p2b: Ursaluna|Ground\n|move|p2b: Ursaluna|Earthquake|p1a: Sinistcha|[spread] p2a,p1a,p1b\n|-resisted|p2a: Trevenant\n|-end|p2a: Trevenant|Substitute\n|-resisted|p1a: Sinistcha\n|-damage|p1a: Sinistcha|73\/100\n|-damage|p1b: Mew|35\/100\n|move|p2a: Trevenant|Disable|p1a: Sinistcha\n|-start|p1a: Sinistcha|Disable|Matcha Gotcha\n|cant|p1a: Sinistcha|Disable|Matcha Gotcha\n|move|p1b: Mew|Reflect|p1b: Mew\n|-sidestart|p1: samuelzelalem|Reflect\n|\n|-fieldend|move: Trick Room\n|-status|p2b: Ursaluna|brn|[from] item: Flame Orb\n|upkeep\n|turn|7\n|\n|t:|1699060361\n|move|p2a: Trevenant|Ally Switch|p2a: Trevenant\n|swap|p2a: Trevenant|1|[from] move: Ally Switch\n|move|p1b: Mew|Psychic|p2a: Ursaluna\n|-damage|p2a: Ursaluna|73\/100 brn\n|move|p1a: Sinistcha|Strength Sap|p2b: Trevenant\n|-unboost|p2b: Trevenant|atk|1\n|-heal|p1a: Sinistcha|100\/100\n|move|p2a: Ursaluna|Earthquake|p1b: Mew|[spread] p2b,p1a,p1b\n|-resisted|p2b: Trevenant\n|-resisted|p1a: Sinistcha\n|-damage|p2b: Trevenant|45\/100\n|-damage|p1a: Sinistcha|70\/100\n|-damage|p1b: Mew|0 fnt\n|-enditem|p2b: Trevenant|Sitrus Berry|[eat]\n|-heal|p2b: Trevenant|70\/100|[from] item: Sitrus Berry\n|faint|p1b: Mew\n|\n|-damage|p2a: Ursaluna|67\/100 brn|[from] brn\n|upkeep\n|\n|t:|1699060371\n|switch|p1b: Amoonguss|Amoonguss, M|100\/100\n|-damage|p1b: Amoonguss|88\/100|[from] Stealth Rock\n|turn|8\n|\n|t:|1699060388\n|move|p1a: Sinistcha|Hex|p2a: Ursaluna\n|-damage|p2a: Ursaluna|16\/100 brn\n|move|p1b: Amoonguss|Pollen Puff|p1a: Sinistcha\n|-heal|p1a: Sinistcha|100\/100\n|move|p2a: Ursaluna|Facade|p1b: Amoonguss\n|-damage|p1b: Amoonguss|19\/100\n|-enditem|p1b: Amoonguss|Sitrus Berry|[eat]\n|-heal|p1b: Amoonguss|44\/100|[from] item: Sitrus Berry\n|move|p2b: Trevenant|Trick Room|p2b: Trevenant\n|-fieldstart|move: Trick Room|[of] p2b: Trevenant\n|\n|-damage|p2a: Ursaluna|9\/100 brn|[from] brn\n|-item|p2b: Trevenant|Sitrus Berry|[from] ability: Harvest\n|upkeep\n|turn|9\n|\n|t:|1699060409\n|switch|p2b: Orthworm|Orthworm, M|75\/100\n|move|p2a: Ursaluna|Earthquake|p1a: Sinistcha|[spread] p1a,p1b\n|-heal|p2b: Orthworm|100\/100|[from] ability: Earth Eater|[of] p2a: Ursaluna\n|-resisted|p1a: Sinistcha\n|-crit|p1a: Sinistcha\n|-damage|p1a: Sinistcha|37\/100\n|-damage|p1b: Amoonguss|0 fnt\n|faint|p1b: Amoonguss\n|move|p1a: Sinistcha|Hex|p2b: Orthworm\n|-damage|p2b: Orthworm|73\/100\n|\n|-damage|p2a: Ursaluna|3\/100 brn|[from] brn\n|-end|p1a: Sinistcha|Disable\n|upkeep\n|\n|t:|1699060417\n|switch|p1b: Kommo-o|Kommo-o, F|100\/100\n|-damage|p1b: Kommo-o|94\/100|[from] Stealth Rock\n|turn|10\n|\n|t:|1699060428\n|move|p2b: Orthworm|Helping Hand|p2a: Ursaluna\n|-singleturn|p2a: Ursaluna|Helping Hand|[of] p2b: Orthworm\n|move|p2a: Ursaluna|Earthquake|p1b: Kommo-o|[spread] p1a,p1b\n|-heal|p2b: Orthworm|98\/100|[from] ability: Earth Eater|[of] p2a: Ursaluna\n|-resisted|p1a: Sinistcha\n|-damage|p1a: Sinistcha|0 fnt\n|-damage|p1b: Kommo-o|8\/100\n|faint|p1a: Sinistcha\n|move|p1b: Kommo-o|Flamethrower|p2b: Orthworm\n|-supereffective|p2b: Orthworm\n|-damage|p2b: Orthworm|42\/100\n|\n|-damage|p2a: Ursaluna|0 fnt|[from] brn\n|faint|p2a: Ursaluna\n|upkeep\n|\n|t:|1699060441\n|switch|p2a: Trevenant|Trevenant, F|70\/100\n|turn|11\n|\n|t:|1699060453\n|move|p2a: Trevenant|Disable|p1b: Kommo-o\n|-start|p1b: Kommo-o|Disable|Flamethrower\n|move|p2b: Orthworm|Body Press|p1b: Kommo-o\n|-damage|p1b: Kommo-o|0 fnt\n|faint|p1b: Kommo-o\n|\n|win|UY QUE RICO PAPI\n|raw|samuelzelalem's rating: 1351 &rarr; <strong>1332<\/strong><br \/>(-19 for losing)\n|raw|UY QUE RICO PAPI's rating: 1364 &rarr; <strong>1383<\/strong><br \/>(+19 for winning)\n|l|\u2606samuelzelalem\n","uploadtime":1699061391,"views":30,"p1id":"samuelzelalem","p2id":"uyquericopapi","formatid":"gen9doublesou","rating":1332,"private":0,"password":""}