{"id":"gen9doublesou-1970968252","p1":"AlmostTruenoglaca","p2":"Schister","format":"[Gen 9] Doubles OU","log":"|j|\u2606AlmostTruenoglaca\n|j|\u2606Schister\n|t:|1697686333\n|gametype|doubles\n|player|p1|AlmostTruenoglaca|169|1430\n|player|p2|Schister|clair|1557\n|teamsize|p1|6\n|teamsize|p2|6\n|gen|9\n|tier|[Gen 9] Doubles OU\n|rated|\n|rule|Species Clause: Limit one of each Pok\u00e9mon\n|rule|OHKO Clause: OHKO moves are banned\n|rule|Evasion Moves Clause: Evasion moves are banned\n|rule|Gravity Sleep Clause: The combination of sleep-inducing moves with imperfect accuracy and Gravity or Gigantamax Orbeetle are banned\n|rule|Endless Battle Clause: Forcing endless battles is banned\n|rule|HP Percentage Mod: HP is shown in percentages\n|clearpoke\n|poke|p1|Weavile, F|\n|poke|p1|Landorus-Therian, M|\n|poke|p1|Armarouge, M|\n|poke|p1|Iron Hands|\n|poke|p1|Gholdengo|\n|poke|p1|Walking Wake|\n|poke|p2|Weezing-Galar, M|\n|poke|p2|Ogerpon-Hearthflame, F|\n|poke|p2|Landorus-Therian, M|\n|poke|p2|Iron Hands|\n|poke|p2|Flutter Mane|\n|poke|p2|Roaring Moon|\n|teampreview\n|inactive|Battle timer is ON: inactive players will automatically lose when time's up. (requested by Schister)\n|inactive|AlmostTruenoglaca has 120 seconds left.\n|\n|t:|1697686368\n|start\n|switch|p1a: Weavile|Weavile, F|100\/100\n|switch|p1b: Iron Hands|Iron Hands|100\/100\n|switch|p2a: Landorus|Landorus-Therian, M|100\/100\n|switch|p2b: Roaring Moon|Roaring Moon|100\/100\n|-ability|p1a: Weavile|Pressure\n|-ability|p2a: Landorus|Intimidate|boost\n|-unboost|p1a: Weavile|atk|1\n|-unboost|p1b: Iron Hands|atk|1\n|-enditem|p1b: Iron Hands|Booster Energy\n|-activate|p1b: Iron Hands|ability: Quark Drive|[fromitem]\n|-start|p1b: Iron Hands|quarkdriveatk\n|turn|1\n|\n|t:|1697686388\n|-terastallize|p2b: Roaring Moon|Poison\n|move|p1a: Weavile|Fake Out|p2a: Landorus\n|-damage|p2a: Landorus|91\/100\n|move|p2b: Roaring Moon|Tailwind|p2b: Roaring Moon\n|-sidestart|p2: Schister|move: Tailwind\n|move|p2a: Landorus|U-turn|p1a: Weavile\n|-supereffective|p1a: Weavile\n|-damage|p1a: Weavile|18\/100\n|\n|t:|1697686400\n|switch|p2a: Weezing|Weezing-Galar, M|100\/100|[from] U-turn\n|-ability|p2a: Weezing|Neutralizing Gas\n|move|p1b: Iron Hands|Swords Dance|p1b: Iron Hands\n|-boost|p1b: Iron Hands|atk|2\n|\n|upkeep\n|turn|2\n|inactive|AlmostTruenoglaca has 120 seconds left.\n|\n|t:|1697686457\n|switch|p1a: Landorus|Landorus-Therian, M|100\/100\n|move|p2b: Roaring Moon|U-turn|p1a: Landorus\n|-resisted|p1a: Landorus\n|-damage|p1a: Landorus|86\/100\n|\n|t:|1697686474\n|-end|p2b: Roaring Moon|Protosynthesis|[silent]\n|switch|p2b: Iron Hands|Iron Hands|100\/100|[from] U-turn\n|move|p2a: Weezing|Will-O-Wisp|p1b: Iron Hands\n|-status|p1b: Iron Hands|brn\n|move|p1b: Iron Hands|Iron Head|p2a: Weezing\n|-supereffective|p2a: Weezing\n|-damage|p2a: Weezing|54\/100\n|\n|-heal|p2a: Weezing|60\/100|[from] item: Black Sludge\n|-damage|p1b: Iron Hands|94\/100 brn|[from] brn\n|upkeep\n|turn|3\n|inactive|AlmostTruenoglaca has 120 seconds left.\n|j| Sinnoh Souls\n|l| Sinnoh Souls\n|\n|t:|1697686490\n|move|p2b: Iron Hands|Fake Out|p1a: Landorus\n|-damage|p1a: Landorus|66\/100\n|move|p2a: Weezing|Will-O-Wisp|p1a: Landorus\n|-status|p1a: Landorus|brn\n|cant|p1a: Landorus|flinch\n|move|p1b: Iron Hands|Swords Dance|p1b: Iron Hands\n|-boost|p1b: Iron Hands|atk|2\n|\n|-heal|p2a: Weezing|66\/100|[from] item: Black Sludge\n|-damage|p1a: Landorus|60\/100 brn|[from] brn\n|-damage|p1b: Iron Hands|88\/100 brn|[from] brn\n|upkeep\n|turn|4\n|\n|t:|1697686504\n|move|p2a: Weezing|Haze|p2a: Weezing\n|-clearallboost\n|move|p1a: Landorus|Sandsear Storm|p2a: Weezing|[spread] p2a,p2b\n|-supereffective|p2a: Weezing\n|-supereffective|p2b: Iron Hands\n|-damage|p2a: Weezing|10\/100\n|-damage|p2b: Iron Hands|68\/100\n|-status|p2a: Weezing|brn\n|move|p2b: Iron Hands|Ice Punch|p1a: Landorus\n|-supereffective|p1a: Landorus\n|-damage|p1a: Landorus|0 fnt\n|faint|p1a: Landorus\n|move|p1b: Iron Hands|Drain Punch|p2b: Iron Hands\n|-damage|p2b: Iron Hands|47\/100\n|-heal|p1b: Iron Hands|98\/100 brn|[from] drain|[of] p2b: Iron Hands\n|\n|-heal|p2a: Weezing|16\/100 brn|[from] item: Black Sludge\n|-damage|p2a: Weezing|10\/100 brn|[from] brn\n|-damage|p1b: Iron Hands|92\/100 brn|[from] brn\n|-sideend|p2: Schister|move: Tailwind\n|upkeep\n|inactive|AlmostTruenoglaca has 120 seconds left.\n|\n|t:|1697686527\n|switch|p1a: Armarouge|Armarouge, M|100\/100\n|turn|5\n|\n|t:|1697686543\n|-end|p2b: Iron Hands|Quark Drive|[silent]\n|switch|p2b: Landorus|Landorus-Therian, M|91\/100\n|move|p1a: Armarouge|Heat Wave|p2a: Weezing|[spread] p2a,p2b\n|-damage|p2a: Weezing|0 fnt\n|-damage|p2b: Landorus|59\/100\n|faint|p2a: Weezing\n|-end|p2a: Weezing|ability: Neutralizing Gas\n|-ability|p2b: Landorus|Intimidate|boost\n|-unboost|p1a: Armarouge|atk|1\n|-unboost|p1b: Iron Hands|atk|1\n|move|p1b: Iron Hands|Swords Dance|p1b: Iron Hands\n|-boost|p1b: Iron Hands|atk|2\n|\n|-damage|p1b: Iron Hands|85\/100 brn|[from] brn\n|upkeep\n|\n|t:|1697686557\n|switch|p2a: Roaring Moon|Roaring Moon, tera:Poison|100\/100\n|turn|6\n|\n|t:|1697686580\n|move|p2a: Roaring Moon|Knock Off|p1a: Armarouge\n|-supereffective|p1a: Armarouge\n|-damage|p1a: Armarouge|0 fnt\n|-enditem|p1a: Armarouge|Leftovers|[from] move: Knock Off|[of] p2a: Roaring Moon\n|faint|p1a: Armarouge\n|move|p2b: Landorus|Stomping Tantrum|p1b: Iron Hands\n|-supereffective|p1b: Iron Hands\n|-damage|p1b: Iron Hands|34\/100 brn\n|move|p1b: Iron Hands|Iron Head|p2b: Landorus\n|-damage|p2b: Landorus|28\/100\n|\n|-damage|p1b: Iron Hands|28\/100 brn|[from] brn\n|upkeep\n|\n|t:|1697686592\n|switch|p1a: Walking Wake|Walking Wake|100\/100\n|turn|7\n|\n|t:|1697686607\n|move|p2a: Roaring Moon|Knock Off|p1a: Walking Wake\n|-damage|p1a: Walking Wake|49\/100\n|-enditem|p1a: Walking Wake|Life Orb|[from] move: Knock Off|[of] p2a: Roaring Moon\n|move|p1a: Walking Wake|Hydro Steam|p2b: Landorus\n|-supereffective|p2b: Landorus\n|-damage|p2b: Landorus|0 fnt\n|faint|p2b: Landorus\n|move|p1b: Iron Hands|Thunder Punch|p2a: Roaring Moon\n|-damage|p2a: Roaring Moon|52\/100\n|\n|-damage|p1b: Iron Hands|22\/100 brn|[from] brn\n|upkeep\n|\n|t:|1697686622\n|switch|p2b: Flutter Mane|Flutter Mane|100\/100\n|-enditem|p2b: Flutter Mane|Booster Energy\n|-activate|p2b: Flutter Mane|ability: Protosynthesis|[fromitem]\n|-start|p2b: Flutter Mane|protosynthesisspa\n|turn|8\n|\n|t:|1697686629\n|move|p1a: Walking Wake|Protect|p1a: Walking Wake\n|-singleturn|p1a: Walking Wake|Protect\n|move|p2a: Roaring Moon|U-turn|p1b: Iron Hands\n|-resisted|p1b: Iron Hands\n|-damage|p1b: Iron Hands|14\/100 brn\n|\n|t:|1697686635\n|-end|p2a: Roaring Moon|Protosynthesis|[silent]\n|switch|p2a: Iron Hands|Iron Hands|47\/100|[from] U-turn\n|move|p2b: Flutter Mane|Moonblast|p1a: Walking Wake\n|-activate|p1a: Walking Wake|move: Protect\n|move|p1b: Iron Hands|Iron Head|p2b: Flutter Mane\n|-supereffective|p2b: Flutter Mane\n|-damage|p2b: Flutter Mane|0 fnt\n|faint|p2b: Flutter Mane\n|-end|p2b: Flutter Mane|Protosynthesis|[silent]\n|\n|-damage|p1b: Iron Hands|8\/100 brn|[from] brn\n|upkeep\n|\n|t:|1697686643\n|switch|p2b: Ogerpon|Ogerpon-Hearthflame, F|100\/100\n|-ability|p2b: Ogerpon|Mold Breaker\n|turn|9\n|\n|t:|1697686656\n|move|p2a: Iron Hands|Fake Out|p1b: Iron Hands\n|-damage|p1b: Iron Hands|0 fnt\n|faint|p1b: Iron Hands\n|-end|p1b: Iron Hands|Quark Drive|[silent]\n|move|p2b: Ogerpon|Power Whip|p1a: Walking Wake\n|-damage|p1a: Walking Wake|0 fnt\n|faint|p1a: Walking Wake\n|-end|p1a: Walking Wake|Protosynthesis|[silent]\n|\n|upkeep\n|\n|t:|1697686664\n|switch|p1a: Gholdengo|Gholdengo|100\/100\n|switch|p1b: Weavile|Weavile, F|18\/100\n|-ability|p1b: Weavile|Pressure\n|turn|10\n|\n|t:|1697686686\n|move|p2b: Ogerpon|Spiky Shield|p2b: Ogerpon\n|-singleturn|p2b: Ogerpon|move: Protect\n|move|p1b: Weavile|Fake Out|p2a: Iron Hands\n|-damage|p2a: Iron Hands|37\/100\n|move|p1a: Gholdengo|Dazzling Gleam|p2a: Iron Hands|[spread] p2a\n|-activate|p2b: Ogerpon|move: Protect\n|-supereffective|p2a: Iron Hands\n|-damage|p2a: Iron Hands|13\/100\n|cant|p2a: Iron Hands|flinch\n|\n|upkeep\n|turn|11\n|\n|t:|1697686715\n|-end|p2a: Iron Hands|Quark Drive|[silent]\n|switch|p2a: Roaring Moon|Roaring Moon, tera:Poison|52\/100\n|-terastallize|p1a: Gholdengo|Ghost\n|move|p1b: Weavile|Ice Spinner|p2b: Ogerpon\n|-damage|p2b: Ogerpon|52\/100\n|move|p2b: Ogerpon|Ivy Cudgel|p1b: Weavile\n|-supereffective|p1b: Weavile\n|-damage|p1b: Weavile|0 fnt\n|faint|p1b: Weavile\n|move|p1a: Gholdengo|Dazzling Gleam|p2b: Ogerpon|[spread] p2a,p2b\n|-resisted|p2a: Roaring Moon\n|-resisted|p2b: Ogerpon\n|-damage|p2a: Roaring Moon|41\/100\n|-damage|p2b: Ogerpon|40\/100\n|\n|upkeep\n|turn|12\n|\n|t:|1697686730\n|move|p2a: Roaring Moon|Knock Off|p1a: Gholdengo\n|-supereffective|p1a: Gholdengo\n|-damage|p1a: Gholdengo|1\/100\n|-enditem|p1a: Gholdengo|Wiki Berry|[from] move: Knock Off|[of] p2a: Roaring Moon\n|move|p2b: Ogerpon|Horn Leech|p1a: Gholdengo\n|-damage|p1a: Gholdengo|0 fnt\n|-heal|p2b: Ogerpon|40\/100|[from] drain|[of] p1a: Gholdengo\n|faint|p1a: Gholdengo\n|\n|win|Schister\n|raw|AlmostTruenoglaca's rating: 1430 &rarr; <strong>1417<\/strong><br \/>(-13 for losing)\n|raw|Schister's rating: 1557 &rarr; <strong>1570<\/strong><br \/>(+13 for winning)\n|l|\u2606AlmostTruenoglaca\n","uploadtime":1697686740,"views":18,"p1id":"almosttruenoglaca","p2id":"schister","formatid":"gen9doublesou","rating":1417,"private":0,"password":""}