{"id":"gen9doublesou-1989927048","p1":"FerssTheBoss","p2":"Ubernovae","format":"[Gen 9] Doubles OU","log":"|j|\u2606FerssTheBoss\n|j|\u2606Ubernovae\n|t:|1699907408\n|gametype|doubles\n|player|p1|FerssTheBoss|2|1468\n|player|p2|Ubernovae|265|1539\n|teamsize|p1|6\n|teamsize|p2|6\n|gen|9\n|tier|[Gen 9] Doubles OU\n|rated|\n|rule|Species Clause: Limit one of each Pok\u00e9mon\n|rule|OHKO Clause: OHKO moves are banned\n|rule|Evasion Moves Clause: Evasion moves are banned\n|rule|Gravity Sleep Clause: The combination of sleep-inducing moves with imperfect accuracy and Gravity or Gigantamax Orbeetle are banned\n|rule|Endless Battle Clause: Forcing endless battles is banned\n|rule|HP Percentage Mod: HP is shown in percentages\n|clearpoke\n|poke|p1|Indeedee, M|\n|poke|p1|Vaporeon, M|\n|poke|p1|Hoopa-Unbound|\n|poke|p1|Amoonguss, M|\n|poke|p1|Pawmot, M|\n|poke|p1|Ceruledge, M|\n|poke|p2|Chien-Pao|\n|poke|p2|Amoonguss, M|\n|poke|p2|Landorus-Therian, M|\n|poke|p2|Flutter Mane|\n|poke|p2|Iron Hands|\n|poke|p2|Dragonite, F|\n|teampreview\n|\n|t:|1699907440\n|start\n|switch|p1a: Amoonguss|Amoonguss, M|100\/100\n|switch|p1b: Pawmot|Pawmot, M, shiny|100\/100\n|switch|p2a: Landorus|Landorus-Therian, M|100\/100\n|switch|p2b: Dragonite|Dragonite, F|100\/100\n|-ability|p2a: Landorus|Intimidate|boost\n|-unboost|p1a: Amoonguss|atk|1\n|-unboost|p1b: Pawmot|atk|1\n|turn|1\n|inactive|Battle timer is ON: inactive players will automatically lose when time's up. (requested by FerssTheBoss)\n|\n|t:|1699907450\n|move|p1b: Pawmot|Fake Out|p2a: Landorus\n|-damage|p2a: Landorus|92\/100\n|cant|p2a: Landorus|flinch\n|move|p2b: Dragonite|Dragon Dance|p2b: Dragonite\n|-boost|p2b: Dragonite|atk|1\n|-boost|p2b: Dragonite|spe|1\n|move|p1a: Amoonguss|Spore|p2a: Landorus\n|-status|p2a: Landorus|slp|[from] move: Spore\n|\n|upkeep\n|turn|2\n|\n|t:|1699907466\n|switch|p1a: Vaporeon|Vaporeon, M, shiny|100\/100\n|-terastallize|p2b: Dragonite|Flying\n|move|p2b: Dragonite|Tera Blast|p1a: Vaporeon|[anim] Tera Blast Flying\n|-damage|p1a: Vaporeon|0 fnt\n|faint|p1a: Vaporeon\n|cant|p2a: Landorus|slp\n|move|p1b: Pawmot|Nuzzle|p2b: Dragonite\n|-supereffective|p2b: Dragonite\n|-damage|p2b: Dragonite|93\/100\n|-status|p2b: Dragonite|par\n|\n|upkeep\n|\n|t:|1699907480\n|switch|p1a: Hoopa|Hoopa-Unbound|100\/100\n|turn|3\n|\n|t:|1699907488\n|move|p2b: Dragonite|Extreme Speed|p1b: Pawmot\n|-damage|p1b: Pawmot|30\/100\n|cant|p2a: Landorus|slp\n|move|p1b: Pawmot|Rock Tomb|p2b: Dragonite\n|-supereffective|p2b: Dragonite\n|-damage|p2b: Dragonite|65\/100 par\n|-unboost|p2b: Dragonite|spe|1\n|move|p1a: Hoopa|Ice Punch|p2b: Dragonite\n|-supereffective|p2b: Dragonite\n|-damage|p2b: Dragonite|0 fnt\n|faint|p2b: Dragonite\n|\n|upkeep\n|\n|t:|1699907497\n|switch|p2b: Flutter Mane|Flutter Mane|100\/100\n|turn|4\n|\n|t:|1699907504\n|switch|p1b: Indeedee|Indeedee, M|100\/100\n|-fieldstart|move: Psychic Terrain|[from] ability: Psychic Surge|[of] p1b: Indeedee\n|-terastallize|p1a: Hoopa|Steel\n|move|p2b: Flutter Mane|Dazzling Gleam|p1b: Indeedee|[spread] p1a,p1b\n|-resisted|p1a: Hoopa\n|-damage|p1a: Hoopa|84\/100\n|-damage|p1b: Indeedee|41\/100\n|-curestatus|p2a: Landorus|slp|[msg]\n|move|p2a: Landorus|U-turn|p1a: Hoopa\n|-resisted|p1a: Hoopa\n|-damage|p1a: Hoopa|61\/100\n|\n|t:|1699907515\n|switch|p2a: Iron Hands|Iron Hands|100\/100|[from] U-turn\n|move|p1a: Hoopa|Ice Punch|p2a: Iron Hands\n|-damage|p2a: Iron Hands|81\/100\n|\n|upkeep\n|turn|5\n|\n|t:|1699907524\n|-end|p2b: Flutter Mane|Protosynthesis|[silent]\n|switch|p2b: Landorus|Landorus-Therian, M|92\/100\n|-ability|p2b: Landorus|Intimidate|boost\n|-unboost|p1a: Hoopa|atk|1\n|-unboost|p1b: Indeedee|atk|1\n|move|p1b: Indeedee|Psychic|p2a: Iron Hands\n|-supereffective|p2a: Iron Hands\n|-crit|p2a: Iron Hands\n|-damage|p2a: Iron Hands|0 fnt\n|faint|p2a: Iron Hands\n|-end|p2a: Iron Hands|Quark Drive|[silent]\n|move|p1a: Hoopa|Zen Headbutt|p2b: Landorus\n|-damage|p2b: Landorus|51\/100\n|\n|upkeep\n|\n|t:|1699907535\n|switch|p2a: Flutter Mane|Flutter Mane|100\/100\n|turn|6\n|\n|t:|1699907538\n|switch|p1a: Amoonguss|Amoonguss, M|100\/100\n|move|p1b: Indeedee|Protect|p1b: Indeedee\n|-singleturn|p1b: Indeedee|Protect\n|move|p2a: Flutter Mane|Dazzling Gleam|p1b: Indeedee|[spread] p1a\n|-activate|p1b: Indeedee|move: Protect\n|-resisted|p1a: Amoonguss\n|-damage|p1a: Amoonguss|83\/100\n|move|p2b: Landorus|Stomping Tantrum|p1a: Amoonguss\n|-damage|p1a: Amoonguss|39\/100\n|\n|upkeep\n|turn|7\n|\n|t:|1699907556\n|switch|p1b: Ceruledge|Ceruledge, M|100\/100\n|move|p2a: Flutter Mane|Dazzling Gleam|p1a: Amoonguss|[spread] p1a,p1b\n|-resisted|p1a: Amoonguss\n|-resisted|p1b: Ceruledge\n|-damage|p1a: Amoonguss|22\/100\n|-damage|p1b: Ceruledge|75\/100\n|move|p2b: Landorus|Stomping Tantrum|p1a: Amoonguss\n|-damage|p1a: Amoonguss|0 fnt\n|-status|p2b: Landorus|psn|[from] ability: Effect Spore|[of] p1a: Amoonguss\n|faint|p1a: Amoonguss\n|\n|-damage|p2b: Landorus|38\/100 psn|[from] psn\n|upkeep\n|\n|t:|1699907569\n|switch|p1a: Pawmot|Pawmot, M, shiny|30\/100\n|turn|8\n|\n|t:|1699907576\n|move|p1a: Pawmot|Fake Out|p2b: Landorus\n|-hint|Psychic Terrain doesn't affect Pok\u00e9mon immune to Ground.\n|-damage|p2b: Landorus|24\/100 psn\n|cant|p2b: Landorus|flinch\n|move|p2a: Flutter Mane|Dazzling Gleam|p1a: Pawmot|[spread] p1a,p1b\n|-supereffective|p1a: Pawmot\n|-resisted|p1b: Ceruledge\n|-damage|p1a: Pawmot|0 fnt\n|-damage|p1b: Ceruledge|49\/100\n|faint|p1a: Pawmot\n|move|p1b: Ceruledge|Bitter Blade|p2a: Flutter Mane\n|-damage|p2a: Flutter Mane|22\/100\n|-heal|p1b: Ceruledge|92\/100|[from] drain|[of] p2a: Flutter Mane\n|\n|-damage|p2b: Landorus|12\/100 psn|[from] psn\n|-fieldend|move: Psychic Terrain\n|upkeep\n|\n|t:|1699907597\n|switch|p1a: Indeedee|Indeedee, M|41\/100\n|-fieldstart|move: Psychic Terrain|[from] ability: Psychic Surge|[of] p1a: Indeedee\n|turn|9\n|\n|t:|1699907603\n|move|p1a: Indeedee|Protect|p1a: Indeedee\n|-singleturn|p1a: Indeedee|Protect\n|move|p1b: Ceruledge|Shadow Sneak|p2b: Landorus\n|-hint|Psychic Terrain doesn't affect Pok\u00e9mon immune to Ground.\n|-damage|p2b: Landorus|0 fnt\n|faint|p2b: Landorus\n|move|p2a: Flutter Mane|Dazzling Gleam|p1a: Indeedee|[spread] p1b\n|-activate|p1a: Indeedee|move: Protect\n|-resisted|p1b: Ceruledge\n|-damage|p1b: Ceruledge|68\/100\n|\n|upkeep\n|\n|t:|1699907613\n|switch|p2b: Chien-Pao|Chien-Pao|100\/100\n|-ability|p2b: Chien-Pao|Sword of Ruin\n|turn|10\n|\n|t:|1699907623\n|switch|p1b: Hoopa|Hoopa-Unbound, tera:Steel|61\/100\n|move|p2b: Chien-Pao|Protect|p2b: Chien-Pao\n|-singleturn|p2b: Chien-Pao|Protect\n|move|p2a: Flutter Mane|Dazzling Gleam|p1b: Hoopa|[spread] p1a,p1b\n|-resisted|p1b: Hoopa\n|-damage|p1a: Indeedee|0 fnt\n|-damage|p1b: Hoopa|44\/100\n|faint|p1a: Indeedee\n|\n|upkeep\n|\n|t:|1699907632\n|switch|p1a: Ceruledge|Ceruledge, M|68\/100\n|turn|11\n|\n|t:|1699907640\n|-end|p2a: Flutter Mane|Protosynthesis|[silent]\n|switch|p2a: Amoonguss|Amoonguss, M|100\/100\n|move|p2b: Chien-Pao|Sacred Sword|p1b: Hoopa\n|-supereffective|p1b: Hoopa\n|-damage|p1b: Hoopa|0 fnt\n|faint|p1b: Hoopa\n|move|p1a: Ceruledge|Bitter Blade|p2b: Chien-Pao\n|-supereffective|p2b: Chien-Pao\n|-enditem|p2b: Chien-Pao|Focus Sash\n|-damage|p2b: Chien-Pao|1\/100\n|-heal|p1a: Ceruledge|100\/100|[from] drain|[of] p2b: Chien-Pao\n|\n|upkeep\n|turn|12\n|\n|t:|1699907653\n|move|p2a: Amoonguss|Rage Powder|p2a: Amoonguss\n|-singleturn|p2a: Amoonguss|move: Rage Powder\n|move|p2b: Chien-Pao|Ice Spinner|p1a: Ceruledge\n|-resisted|p1a: Ceruledge\n|-damage|p1a: Ceruledge|62\/100\n|-ability|p1a: Ceruledge|Weak Armor|boost\n|-unboost|p1a: Ceruledge|def|1\n|-boost|p1a: Ceruledge|spe|2\n|-fieldend|move: Psychic Terrain\n|move|p1a: Ceruledge|Bitter Blade|p2a: Amoonguss\n|-supereffective|p2a: Amoonguss\n|-damage|p2a: Amoonguss|0 fnt\n|-heal|p1a: Ceruledge|100\/100|[from] drain|[of] p2a: Amoonguss\n|faint|p2a: Amoonguss\n|\n|upkeep\n|\n|t:|1699907660\n|switch|p2a: Flutter Mane|Flutter Mane|22\/100\n|turn|13\n|\n|t:|1699907679\n|move|p1a: Ceruledge|Shadow Sneak|p2a: Flutter Mane\n|-supereffective|p2a: Flutter Mane\n|-damage|p2a: Flutter Mane|0 fnt\n|faint|p2a: Flutter Mane\n|-end|p2a: Flutter Mane|Protosynthesis|[silent]\n|move|p2b: Chien-Pao|Sucker Punch||[still]\n|-fail|p2b: Chien-Pao\n|\n|upkeep\n|turn|14\n|c|\u2606FerssTheBoss|gg\n|c|\u2606Ubernovae|good move\n|c|\u2606Ubernovae|gg\n|\n|t:|1699907692\n|move|p1a: Ceruledge|Bitter Blade|p2b: Chien-Pao\n|-supereffective|p2b: Chien-Pao\n|-damage|p2b: Chien-Pao|0 fnt\n|faint|p2b: Chien-Pao\n|\n|win|FerssTheBoss\n|raw|FerssTheBoss's rating: 1468 &rarr; <strong>1492<\/strong><br \/>(+24 for winning)\n|raw|Ubernovae's rating: 1539 &rarr; <strong>1515<\/strong><br \/>(-24 for losing)\n|c|\u2606Ubernovae|ok that was just for style\n","uploadtime":1699907720,"views":10,"p1id":"fersstheboss","p2id":"ubernovae","formatid":"gen9doublesou","rating":1492,"private":0,"password":""}