{"id":"gen9doublesou-1969536669","p1":"ALBERTOONN","p2":"Tumble01","format":"[Gen 9] Doubles OU","log":"|j|\u2606ALBERTOONN\n|j|\u2606Tumble01\n|t:|1697544730\n|gametype|doubles\n|player|p1|ALBERTOONN|1|1072\n|player|p2|Tumble01|169|1006\n|teamsize|p1|6\n|teamsize|p2|6\n|gen|9\n|tier|[Gen 9] Doubles OU\n|rated|\n|rule|Species Clause: Limit one of each Pok\u00e9mon\n|rule|OHKO Clause: OHKO moves are banned\n|rule|Evasion Moves Clause: Evasion moves are banned\n|rule|Gravity Sleep Clause: The combination of sleep-inducing moves with imperfect accuracy and Gravity or Gigantamax Orbeetle are banned\n|rule|Endless Battle Clause: Forcing endless battles is banned\n|rule|HP Percentage Mod: HP is shown in percentages\n|clearpoke\n|poke|p1|Oricorio-Pom-Pom, M|\n|poke|p1|Oranguru, F|\n|poke|p1|Lurantis, M|\n|poke|p1|Volcarona, F|\n|poke|p1|Glimmora, M|\n|poke|p1|Ambipom, M|\n|poke|p2|Kommo-o, F|\n|poke|p2|Quaquaval, M|\n|poke|p2|Oricorio-Sensu, F|\n|poke|p2|Lilligant-Hisui, F|\n|poke|p2|Toxtricity, F|\n|poke|p2|Iron Moth|\n|teampreview\n|c|\u2606Tumble01|dance team\n|\n|t:|1697544749\n|start\n|switch|p1a: Oranguru|Oranguru, F|100\/100\n|switch|p1b: Lurantis|Lurantis, M, shiny|100\/100\n|switch|p2a: Kommo-o|Kommo-o, F|100\/100\n|switch|p2b: Oricorio|Oricorio-Sensu, F|100\/100\n|turn|1\n|\n|t:|1697544765\n|move|p2b: Oricorio|Fly||[still]\n|-prepare|p2b: Oricorio|Fly\n|move|p2a: Kommo-o|Clangorous Soul|p2a: Kommo-o\n|-boost|p2a: Kommo-o|atk|1\n|-boost|p2a: Kommo-o|def|1\n|-boost|p2a: Kommo-o|spa|1\n|-boost|p2a: Kommo-o|spd|1\n|-boost|p2a: Kommo-o|spe|1\n|-damage|p2a: Kommo-o|68\/100\n|move|p1a: Oranguru|Scary Face|p1b: Lurantis\n|-boost|p1b: Lurantis|spe|2\n|move|p1b: Lurantis|Superpower|p2a: Kommo-o\n|-damage|p2a: Kommo-o|51\/100\n|-boost|p1b: Lurantis|atk|1\n|-boost|p1b: Lurantis|def|1\n|-enditem|p2a: Kommo-o|Eject Button\n|inactive|Battle timer is ON: inactive players will automatically lose when time's up. (requested by ALBERTOONN)\n|\n|t:|1697544781\n|switch|p2a: Lilligant|Lilligant-Hisui, F|100\/100\n|\n|upkeep\n|turn|2\n|inactive|Tumble01 has 120 seconds left.\n|\n|t:|1697544822\n|move|p1b: Lurantis|Superpower|p2a: Lilligant\n|-damage|p2a: Lilligant|46\/100\n|-boost|p1b: Lurantis|atk|1\n|-boost|p1b: Lurantis|def|1\n|move|p2a: Lilligant|Teeter Dance|p1b: Lurantis|[spread] p1a,p1b\n|-miss|p2a: Lilligant|p2b: Oricorio\n|-start|p1a: Oranguru|confusion\n|-start|p1b: Lurantis|confusion\n|move|p2b: Oricorio|Fly|p1b: Lurantis|[from]lockedmove\n|-supereffective|p1b: Lurantis\n|-damage|p1b: Lurantis|71\/100\n|-activate|p1a: Oranguru|confusion\n|-damage|p1a: Oranguru|96\/100|[from] confusion\n|\n|-heal|p1b: Lurantis|77\/100|[from] item: Leftovers\n|-heal|p1a: Oranguru|100\/100|[from] item: Leftovers\n|upkeep\n|turn|3\n|inactive|Tumble01 has 120 seconds left.\n|inactive|ALBERTOONN has 120 seconds left.\n|\n|t:|1697544870\n|-activate|p1b: Lurantis|confusion\n|move|p1b: Lurantis|Leech Life|p2a: Lilligant\n|-damage|p2a: Lilligant|0 fnt\n|-heal|p1b: Lurantis|99\/100|[from] drain|[of] p2a: Lilligant\n|faint|p2a: Lilligant\n|move|p2b: Oricorio|Quiver Dance|p2b: Oricorio\n|-boost|p2b: Oricorio|spa|1\n|-boost|p2b: Oricorio|spd|1\n|-boost|p2b: Oricorio|spe|1\n|-activate|p1a: Oranguru|confusion\n|move|p1a: Oranguru|Instruct|p1b: Lurantis\n|-singleturn|p1b: Lurantis|move: Instruct|[of] p1a: Oranguru\n|-end|p1b: Lurantis|confusion\n|move|p1b: Lurantis|Leech Life|p2b: Oricorio\n|-resisted|p2b: Oricorio\n|-damage|p2b: Oricorio|85\/100\n|-heal|p1b: Lurantis|100\/100|[from] drain|[of] p2b: Oricorio\n|\n|-heal|p2b: Oricorio|91\/100|[from] item: Leftovers\n|upkeep\n|\n|t:|1697544887\n|switch|p2a: Kommo-o|Kommo-o, F|51\/100\n|turn|4\n|inactive|ALBERTOONN has 120 seconds left.\n|\n|t:|1697544910\n|move|p2b: Oricorio|Revelation Dance|p1b: Lurantis\n|-damage|p1b: Lurantis|26\/100\n|move|p1b: Lurantis|Superpower|p2a: Kommo-o\n|-damage|p2a: Kommo-o|1\/100\n|-boost|p1b: Lurantis|atk|1\n|-boost|p1b: Lurantis|def|1\n|move|p2a: Kommo-o|Clangorous Soul||[still]\n|-fail|p2a: Kommo-o\n|-end|p1a: Oranguru|confusion\n|move|p1a: Oranguru|Instruct|p1b: Lurantis\n|-singleturn|p1b: Lurantis|move: Instruct|[of] p1a: Oranguru\n|move|p1b: Lurantis|Superpower|p2a: Kommo-o\n|-damage|p2a: Kommo-o|0 fnt\n|-boost|p1b: Lurantis|atk|1\n|-boost|p1b: Lurantis|def|1\n|faint|p2a: Kommo-o\n|\n|-heal|p2b: Oricorio|97\/100|[from] item: Leftovers\n|-heal|p1b: Lurantis|32\/100|[from] item: Leftovers\n|upkeep\n|inactive|Tumble01 has 120 seconds left.\n|\n|t:|1697544930\n|switch|p2a: Quaquaval|Quaquaval, M|100\/100\n|turn|5\n|\n|t:|1697544951\n|-terastallize|p1b: Lurantis|Ground\n|move|p2b: Oricorio|Revelation Dance|p1b: Lurantis\n|-damage|p1b: Lurantis|0 fnt\n|faint|p1b: Lurantis\n|move|p2a: Quaquaval|Swords Dance|p2a: Quaquaval\n|-boost|p2a: Quaquaval|atk|2\n|-activate|p2b: Oricorio|ability: Dancer\n|move|p2b: Oricorio|Swords Dance|p2b: Oricorio|[from]ability: Dancer\n|-boost|p2b: Oricorio|atk|2\n|move|p1a: Oranguru|Scary Face|p1: Lurantis|[notarget]\n|-fail|p1a: Oranguru\n|\n|-heal|p2b: Oricorio|100\/100|[from] item: Leftovers\n|upkeep\n|inactive|ALBERTOONN has 120 seconds left.\n|\n|t:|1697544969\n|switch|p1b: Glimmora|Glimmora, M|100\/100\n|turn|6\n|\n|t:|1697544987\n|move|p2b: Oricorio|Revelation Dance|p1a: Oranguru\n|-immune|p1a: Oranguru\n|move|p1b: Glimmora|Spikes|p2b: Oricorio\n|-sidestart|p2: Tumble01|Spikes\n|move|p2a: Quaquaval|Aqua Step|p1b: Glimmora\n|-supereffective|p1b: Glimmora\n|-enditem|p1b: Glimmora|Focus Sash\n|-damage|p1b: Glimmora|1\/100\n|-boost|p2a: Quaquaval|spe|1\n|-activate|p1b: Glimmora|ability: Toxic Debris\n|-sidestart|p2: Tumble01|move: Toxic Spikes\n|-activate|p2b: Oricorio|ability: Dancer\n|move|p2b: Oricorio|Aqua Step|p1b: Glimmora|[from]ability: Dancer\n|-supereffective|p1b: Glimmora\n|-damage|p1b: Glimmora|0 fnt\n|-boost|p2b: Oricorio|spe|1\n|-activate|p1b: Glimmora|ability: Toxic Debris\n|-sidestart|p2: Tumble01|move: Toxic Spikes\n|faint|p1b: Glimmora\n|move|p1a: Oranguru|Instruct|p1: Glimmora|[notarget]\n|-fail|p1a: Oranguru\n|\n|upkeep\n|inactive|ALBERTOONN has 120 seconds left.\n|c|\u2606ALBERTOONN|aqua step is a dancer move?\n|\n|t:|1697545020\n|switch|p1b: Ambipom|Ambipom, M|100\/100\n|turn|7\n|inactive|ALBERTOONN has 120 seconds left.\n|\n|t:|1697545042\n|-terastallize|p2b: Oricorio|Fighting\n|move|p2b: Oricorio|Revelation Dance|p1b: Ambipom\n|-supereffective|p1b: Ambipom\n|-damage|p1b: Ambipom|0 fnt\n|faint|p1b: Ambipom\n|move|p2a: Quaquaval|Aqua Step|p1a: Oranguru\n|-damage|p1a: Oranguru|29\/100\n|-boost|p2a: Quaquaval|spe|1\n|-activate|p2b: Oricorio|ability: Dancer\n|move|p2b: Oricorio|Aqua Step|p1a: Oranguru|[from]ability: Dancer\n|-damage|p1a: Oranguru|4\/100\n|-boost|p2b: Oricorio|spe|1\n|move|p1a: Oranguru|Instruct|p1: Ambipom|[notarget]\n|-fail|p1a: Oranguru\n|\n|-heal|p1a: Oranguru|10\/100|[from] item: Leftovers\n|upkeep\n|\n|t:|1697545052\n|switch|p1b: Volcarona|Volcarona, F|100\/100\n|turn|8\n|c|\u2606Tumble01|yes\n|inactive|ALBERTOONN has 120 seconds left.\n|\n|t:|1697545079\n|move|p2b: Oricorio|Fly||[still]\n|-prepare|p2b: Oricorio|Fly\n|move|p2a: Quaquaval|Aqua Step|p1b: Volcarona\n|-supereffective|p1b: Volcarona\n|-damage|p1b: Volcarona|0 fnt\n|-boost|p2a: Quaquaval|spe|1\n|faint|p1b: Volcarona\n|-ability|p2a: Quaquaval|Moxie|boost\n|-boost|p2a: Quaquaval|atk|1\n|move|p1a: Oranguru|Encore|p2a: Quaquaval\n|-start|p2a: Quaquaval|Encore\n|\n|-heal|p1a: Oranguru|16\/100|[from] item: Leftovers\n|upkeep\n|\n|t:|1697545083\n|switch|p1b: Oricorio|Oricorio-Pom-Pom, M|100\/100\n|turn|9\n|\n|t:|1697545097\n|move|p2a: Quaquaval|Aqua Step|p1b: Oricorio\n|-damage|p1b: Oricorio|0 fnt\n|-boost|p2a: Quaquaval|spe|1\n|faint|p1b: Oricorio\n|-ability|p2a: Quaquaval|Moxie|boost\n|-boost|p2a: Quaquaval|atk|1\n|move|p2b: Oricorio|Fly|p1a: Oranguru|[from]lockedmove\n|-damage|p1a: Oranguru|0 fnt\n|faint|p1a: Oranguru\n|\n|win|Tumble01\n|raw|ALBERTOONN's rating: 1072 &rarr; <strong>1047<\/strong><br \/>(-25 for losing)\n|raw|Tumble01's rating: 1006 &rarr; <strong>1052<\/strong><br \/>(+46 for winning)\n|l|\u2606ALBERTOONN\n|c|\u2606Tumble01|gg\n","uploadtime":1697545119,"views":10,"p1id":"albertoonn","p2id":"tumble01","formatid":"gen9doublesou","rating":1047,"private":0,"password":""}