{"id":"gen9doublesou-1984736734","p1":"DarthNoxian","p2":"Blacktype","format":"[Gen 9] Doubles OU","log":"|j|\u2606DarthNoxian\n|j|\u2606Blacktype\n|t:|1699294885\n|gametype|doubles\n|player|p1|DarthNoxian|volkner|1145\n|player|p2|Blacktype|hoopster|1258\n|teamsize|p1|6\n|teamsize|p2|6\n|gen|9\n|tier|[Gen 9] Doubles OU\n|rated|\n|rule|Species Clause: Limit one of each Pok\u00e9mon\n|rule|OHKO Clause: OHKO moves are banned\n|rule|Evasion Moves Clause: Evasion moves are banned\n|rule|Gravity Sleep Clause: The combination of sleep-inducing moves with imperfect accuracy and Gravity or Gigantamax Orbeetle are banned\n|rule|Endless Battle Clause: Forcing endless battles is banned\n|rule|HP Percentage Mod: HP is shown in percentages\n|clearpoke\n|poke|p1|Kommo-o, F|\n|poke|p1|Cresselia, F|\n|poke|p1|Arcanine-Hisui, F|\n|poke|p1|Scizor, M|\n|poke|p1|Ribombee, F|\n|poke|p1|Oricorio, M|\n|poke|p2|Slaking, F|\n|poke|p2|Jirachi|\n|poke|p2|Conkeldurr, M|\n|poke|p2|Ninetales-Alola, F|\n|poke|p2|Lurantis, F|\n|poke|p2|Sinistcha|\n|teampreview\n|\n|t:|1699294890\n|start\n|switch|p1a: Ribombee|Ribombee, F|100\/100\n|switch|p1b: Oricorio|Oricorio, M|100\/100\n|switch|p2a: him|Jirachi|100\/100\n|switch|p2b: the king|Slaking, F|100\/100\n|turn|1\n|\n|t:|1699294909\n|move|p1b: Oricorio|Protect|p1b: Oricorio\n|-singleturn|p1b: Oricorio|Protect\n|move|p2a: him|Meteor Mash|p1a: Ribombee\n|-supereffective|p1a: Ribombee\n|-enditem|p1a: Ribombee|Focus Sash\n|-damage|p1a: Ribombee|1\/100\n|-boost|p2a: him|atk|1\n|move|p1a: Ribombee|Quiver Dance|p1a: Ribombee\n|-boost|p1a: Ribombee|spa|1\n|-boost|p1a: Ribombee|spd|1\n|-boost|p1a: Ribombee|spe|1\n|-activate|p1b: Oricorio|ability: Dancer\n|move|p1b: Oricorio|Quiver Dance|p1b: Oricorio|[from]ability: Dancer\n|-boost|p1b: Oricorio|spa|1\n|-boost|p1b: Oricorio|spd|1\n|-boost|p1b: Oricorio|spe|1\n|move|p2b: the king|Yawn|p1b: Oricorio\n|-activate|p1b: Oricorio|move: Protect\n|\n|upkeep\n|turn|2\n|c|\u2606Blacktype|rip jirachi\n|\n|t:|1699294936\n|move|p1a: Ribombee|Tailwind|p1a: Ribombee\n|-sidestart|p1: DarthNoxian|move: Tailwind\n|move|p1b: Oricorio|Revelation Dance|p2a: him\n|-supereffective|p2a: him\n|-damage|p2a: him|0 fnt\n|faint|p2a: him\n|-damage|p1b: Oricorio|90\/100|[from] item: Life Orb\n|cant|p2b: the king|ability: Truant\n|\n|upkeep\n|c|\u2606Blacktype|damit\n|\n|t:|1699294947\n|switch|p2a: king jr|Conkeldurr, M|100\/100\n|turn|3\n|\n|t:|1699294960\n|move|p1b: Oricorio|Protect|p1b: Oricorio\n|-singleturn|p1b: Oricorio|Protect\n|move|p2a: king jr|Mach Punch|p1a: Ribombee\n|-resisted|p1a: Ribombee\n|-damage|p1a: Ribombee|0 fnt\n|faint|p1a: Ribombee\n|move|p2b: the king|Body Slam|p1b: Oricorio\n|-activate|p1b: Oricorio|move: Protect\n|\n|-status|p2a: king jr|brn|[from] item: Flame Orb\n|upkeep\n|\n|t:|1699294970\n|switch|p1a: Kommo-o|Kommo-o, F|100\/100\n|turn|4\n|\n|t:|1699294983\n|switch|p2b: random|Ninetales-Alola, F|100\/100\n|-weather|Snow|[from] ability: Snow Warning|[of] p2b: random\n|-terastallize|p1b: Oricorio|Ghost\n|-terastallize|p2a: king jr|Normal\n|move|p1b: Oricorio|Revelation Dance|p2a: king jr\n|-immune|p2a: king jr\n|move|p1a: Kommo-o|Clangorous Soul|p1a: Kommo-o\n|-boost|p1a: Kommo-o|atk|1\n|-boost|p1a: Kommo-o|def|1\n|-boost|p1a: Kommo-o|spa|1\n|-boost|p1a: Kommo-o|spd|1\n|-boost|p1a: Kommo-o|spe|1\n|-damage|p1a: Kommo-o|68\/100\n|-enditem|p1a: Kommo-o|Throat Spray\n|-boost|p1a: Kommo-o|spa|1|[from] item: Throat Spray\n|-activate|p1b: Oricorio|ability: Dancer\n|move|p1b: Oricorio|Clangorous Soul|p1b: Oricorio|[from]ability: Dancer\n|-boost|p1b: Oricorio|atk|1\n|-boost|p1b: Oricorio|def|1\n|-boost|p1b: Oricorio|spa|1\n|-boost|p1b: Oricorio|spd|1\n|-boost|p1b: Oricorio|spe|1\n|-damage|p1b: Oricorio|58\/100\n|move|p2a: king jr|Facade|p1a: Kommo-o\n|-damage|p1a: Kommo-o|0 fnt\n|faint|p1a: Kommo-o\n|\n|-weather|Snow|[upkeep]\n|-damage|p2a: king jr|94\/100 brn|[from] brn\n|upkeep\n|c|\u2606Blacktype|i read those\n|c|\u2606DarthNoxian|good reads\n|\n|t:|1699295010\n|switch|p1a: Arcanine|Arcanine-Hisui, F|100\/100\n|-ability|p1a: Arcanine|Intimidate|boost\n|-unboost|p2a: king jr|atk|1\n|-unboost|p2b: random|atk|1\n|turn|5\n|\n|t:|1699295039\n|move|p1b: Oricorio|Protect|p1b: Oricorio\n|-singleturn|p1b: Oricorio|Protect\n|move|p1a: Arcanine|Fire Fang|p2b: random\n|-supereffective|p2b: random\n|-damage|p2b: random|43\/100\n|move|p2b: random|Aurora Veil|p2b: random\n|-sidestart|p2: Blacktype|move: Aurora Veil\n|move|p2a: king jr|Knock Off|p1b: Oricorio\n|-activate|p1b: Oricorio|move: Protect\n|\n|-weather|Snow|[upkeep]\n|-damage|p2a: king jr|88\/100 brn|[from] brn\n|-sideend|p1: DarthNoxian|move: Tailwind\n|upkeep\n|turn|6\n|c|\u2606Blacktype|dam protects\n|\n|t:|1699295061\n|switch|p2b: the king|Slaking, F|100\/100\n|switch|p2a: bri ish snack|Sinistcha|100\/100\n|move|p1b: Oricorio|Revelation Dance|p2b: the king\n|-immune|p2b: the king\n|move|p1a: Arcanine|Stone Edge|p2a: bri ish snack\n|-damage|p2a: bri ish snack|81\/100\n|\n|-weather|Snow|[upkeep]\n|-heal|p2a: bri ish snack|87\/100|[from] item: Leftovers\n|upkeep\n|turn|7\n|c|\u2606DarthNoxian|God!\n|c|\u2606Blacktype|:)\n|\n|t:|1699295095\n|switch|p2a: random|Ninetales-Alola, F|43\/100\n|move|p1b: Oricorio|Protect|p1b: Oricorio\n|-singleturn|p1b: Oricorio|Protect\n|move|p1a: Arcanine|Will-O-Wisp|p2b: the king\n|-status|p2b: the king|brn\n|move|p2b: the king|Drain Punch|p1a: Arcanine\n|-supereffective|p1a: Arcanine\n|-damage|p1a: Arcanine|63\/100\n|-damage|p2b: the king|84\/100 brn|[from] item: Rocky Helmet|[of] p1a: Arcanine\n|\n|-weather|Snow|[upkeep]\n|-heal|p2b: the king|90\/100 brn|[from] item: Leftovers\n|-damage|p2b: the king|84\/100 brn|[from] brn\n|upkeep\n|turn|8\n|c|\u2606Blacktype|oh\n|c|\u2606Blacktype|ok\n|c|\u2606Blacktype|i will remember that\n|\n|t:|1699295126\n|switch|p2a: bri ish snack|Sinistcha|87\/100\n|-heal|p2b: the king|100\/100 brn|[from] ability: Hospitality|[of] p2a: bri ish snack\n|move|p1b: Oricorio|Tailwind|p1b: Oricorio\n|-sidestart|p1: DarthNoxian|move: Tailwind\n|move|p1a: Arcanine|Fire Fang|p2a: bri ish snack\n|-supereffective|p2a: bri ish snack\n|-damage|p2a: bri ish snack|60\/100\n|cant|p2b: the king|ability: Truant\n|\n|-weather|none\n|-heal|p2a: bri ish snack|66\/100|[from] item: Leftovers\n|-damage|p2b: the king|94\/100 brn|[from] brn\n|upkeep\n|turn|9\n|\n|t:|1699295151\n|move|p1b: Oricorio|Revelation Dance|p2a: bri ish snack\n|-supereffective|p2a: bri ish snack\n|-damage|p2a: bri ish snack|0 fnt\n|faint|p2a: bri ish snack\n|-damage|p1b: Oricorio|48\/100|[from] item: Life Orb\n|move|p1a: Arcanine|Fire Fang|p2b: the king\n|-damage|p2b: the king|83\/100 brn\n|move|p2b: the king|Yawn|p1a: Arcanine\n|-start|p1a: Arcanine|move: Yawn|[of] p2b: the king\n|\n|-heal|p2b: the king|89\/100 brn|[from] item: Leftovers\n|-damage|p2b: the king|83\/100 brn|[from] brn\n|upkeep\n|\n|t:|1699295160\n|switch|p2a: king jr|Conkeldurr, M, tera:Normal|88\/100 brn\n|turn|10\n|\n|t:|1699295178\n|switch|p1a: Cresselia|Cresselia, F|100\/100\n|move|p1b: Oricorio|Protect|p1b: Oricorio\n|-singleturn|p1b: Oricorio|Protect\n|cant|p2b: the king|ability: Truant\n|move|p2a: king jr|Drain Punch|p1a: Cresselia\n|-resisted|p1a: Cresselia\n|-damage|p1a: Cresselia|77\/100\n|-heal|p2a: king jr|99\/100 brn|[from] drain|[of] p1a: Cresselia\n|\n|-heal|p1a: Cresselia|83\/100|[from] item: Leftovers\n|-heal|p2b: the king|89\/100 brn|[from] item: Leftovers\n|-damage|p2b: the king|83\/100 brn|[from] brn\n|-damage|p2a: king jr|93\/100 brn|[from] brn\n|upkeep\n|turn|11\n|\n|t:|1699295205\n|switch|p2a: random|Ninetales-Alola, F|43\/100\n|-weather|Snow|[from] ability: Snow Warning|[of] p2a: random\n|move|p1b: Oricorio|Protect|p1b: Oricorio\n|-singleturn|p1b: Oricorio|Protect\n|move|p1a: Cresselia|Lunar Blessing|p1a: Cresselia|[spread] p1a,p1b\n|-heal|p1a: Cresselia|100\/100\n|-heal|p1b: Oricorio|73\/100\n|move|p2b: the king|Gunk Shot|p1b: Oricorio\n|-activate|p1b: Oricorio|move: Protect\n|\n|-weather|Snow|[upkeep]\n|-heal|p2b: the king|89\/100 brn|[from] item: Leftovers\n|-damage|p2b: the king|83\/100 brn|[from] brn\n|-sideend|p1: DarthNoxian|move: Tailwind\n|upkeep\n|turn|12\n|c|\u2606Blacktype|why is that bird still alive\n|c|\u2606DarthNoxian|Because i want it to be\n|c|\u2606Blacktype|u gotta let go bro\n|c|\u2606DarthNoxian|NEVER!\n|\n|t:|1699295242\n|move|p1b: Oricorio|Revelation Dance|p2a: random\n|-damage|p2a: random|0 fnt\n|faint|p2a: random\n|-damage|p1b: Oricorio|63\/100|[from] item: Life Orb\n|cant|p2b: the king|ability: Truant\n|move|p1a: Cresselia|Moonblast|p2b: the king\n|-damage|p2b: the king|68\/100 brn\n|\n|-weather|Snow|[upkeep]\n|-heal|p2b: the king|74\/100 brn|[from] item: Leftovers\n|-damage|p2b: the king|68\/100 brn|[from] brn\n|-sideend|p2: Blacktype|move: Aurora Veil\n|upkeep\n|c|\u2606Blacktype|another one bits the dust\n|\n|t:|1699295255\n|switch|p2a: king jr|Conkeldurr, M, tera:Normal|93\/100 brn\n|turn|13\n|\n|t:|1699295263\n|move|p1b: Oricorio|Protect|p1b: Oricorio\n|-singleturn|p1b: Oricorio|Protect\n|move|p2b: the king|Body Slam|p1a: Cresselia\n|-damage|p1a: Cresselia|80\/100\n|move|p1a: Cresselia|Lunar Blessing|p1a: Cresselia|[spread] p1a,p1b\n|-heal|p1a: Cresselia|100\/100\n|-heal|p1b: Oricorio|88\/100\n|move|p2a: king jr|Knock Off|p1a: Cresselia\n|-supereffective|p1a: Cresselia\n|-damage|p1a: Cresselia|15\/100\n|-enditem|p1a: Cresselia|Leftovers|[from] move: Knock Off|[of] p2a: king jr\n|\n|-weather|Snow|[upkeep]\n|-heal|p2b: the king|74\/100 brn|[from] item: Leftovers\n|-damage|p2b: the king|68\/100 brn|[from] brn\n|-damage|p2a: king jr|87\/100 brn|[from] brn\n|upkeep\n|turn|14\n|\n|t:|1699295291\n|switch|p1a: Arcanine|Arcanine-Hisui, F|63\/100\n|-ability|p1a: Arcanine|Intimidate|boost\n|-unboost|p2a: king jr|atk|1\n|-unboost|p2b: the king|atk|1\n|move|p2a: king jr|Mach Punch|p1a: Arcanine\n|-supereffective|p1a: Arcanine\n|-damage|p1a: Arcanine|15\/100\n|-damage|p2a: king jr|71\/100 brn|[from] item: Rocky Helmet|[of] p1a: Arcanine\n|move|p1b: Oricorio|Revelation Dance|p2b: the king\n|-immune|p2b: the king\n|cant|p2b: the king|ability: Truant\n|\n|-weather|Snow|[upkeep]\n|-heal|p2b: the king|74\/100 brn|[from] item: Leftovers\n|-damage|p2b: the king|68\/100 brn|[from] brn\n|-damage|p2a: king jr|65\/100 brn|[from] brn\n|upkeep\n|turn|15\n|\n|t:|1699295313\n|move|p1b: Oricorio|Protect|p1b: Oricorio\n|-singleturn|p1b: Oricorio|Protect\n|move|p1a: Arcanine|Stone Edge|p2a: king jr|[miss]\n|-miss|p1a: Arcanine|p2a: king jr\n|move|p2b: the king|Drain Punch|p1a: Arcanine\n|-supereffective|p1a: Arcanine\n|-damage|p1a: Arcanine|0 fnt\n|-heal|p2b: the king|73\/100 brn|[from] drain|[of] p1a: Arcanine\n|-damage|p2b: the king|56\/100 brn|[from] item: Rocky Helmet|[of] p1a: Arcanine\n|faint|p1a: Arcanine\n|move|p2a: king jr|Knock Off|p1b: Oricorio\n|-activate|p1b: Oricorio|move: Protect\n|\n|-weather|none\n|-heal|p2b: the king|62\/100 brn|[from] item: Leftovers\n|-damage|p2b: the king|56\/100 brn|[from] brn\n|-damage|p2a: king jr|59\/100 brn|[from] brn\n|upkeep\n|\n|t:|1699295330\n|switch|p1a: Scizor|Scizor, M|100\/100\n|turn|16\n|c|\u2606Blacktype|2 normal boys have ur team in a chokehold\n|c|\u2606DarthNoxian|it does\n|c|\u2606DarthNoxian|guess i have to work to fix that\n|\n|t:|1699295365\n|move|p1a: Scizor|Bullet Punch|p2a: king jr\n|-damage|p2a: king jr|17\/100 brn\n|-damage|p1a: Scizor|91\/100|[from] item: Life Orb\n|move|p1b: Oricorio|Tailwind|p1b: Oricorio\n|-sidestart|p1: DarthNoxian|move: Tailwind\n|cant|p2b: the king|ability: Truant\n|move|p2a: king jr|Facade|p1a: Scizor\n|-resisted|p1a: Scizor\n|-damage|p1a: Scizor|43\/100\n|\n|-heal|p2b: the king|62\/100 brn|[from] item: Leftovers\n|-damage|p2b: the king|56\/100 brn|[from] brn\n|-damage|p2a: king jr|11\/100 brn|[from] brn\n|upkeep\n|turn|17\n|c|\u2606Blacktype|would of been funny if ursaluna was my final pokemon\n|c|\u2606DarthNoxian|yeah i would be done for\n|\n|t:|1699295391\n|move|p1b: Oricorio|Protect|p1b: Oricorio\n|-singleturn|p1b: Oricorio|Protect\n|move|p1a: Scizor|Bullet Punch|p2a: king jr\n|-damage|p2a: king jr|0 fnt\n|faint|p2a: king jr\n|-damage|p1a: Scizor|33\/100|[from] item: Life Orb\n|move|p2b: the king|Drain Punch|p1a: Scizor\n|-damage|p1a: Scizor|22\/100\n|-heal|p2b: the king|59\/100 brn|[from] drain|[of] p1a: Scizor\n|\n|-heal|p2b: the king|66\/100 brn|[from] item: Leftovers\n|-damage|p2b: the king|59\/100 brn|[from] brn\n|upkeep\n|c|\u2606Blacktype|who said u aint done\n|c|\u2606Blacktype|oh\n|c|\u2606Blacktype|i thought he would die ;-;\n|\n|t:|1699295407\n|switch|p2a: the real threat|Lurantis, F|100\/100\n|turn|18\n|c|\u2606DarthNoxian|made my scizor kinda tanky\n|c|\u2606Blacktype|time to use the final boss\n|\n|t:|1699295434\n|move|p2a: the real threat|Protect|p2a: the real threat\n|-singleturn|p2a: the real threat|Protect\n|move|p1b: Oricorio|Revelation Dance|p2a: the real threat\n|-activate|p2a: the real threat|move: Protect\n|move|p1a: Scizor|Aerial Ace|p2a: the real threat\n|-activate|p2a: the real threat|move: Protect\n|cant|p2b: the king|ability: Truant\n|\n|-heal|p2b: the king|66\/100 brn|[from] item: Leftovers\n|-damage|p2b: the king|59\/100 brn|[from] brn\n|upkeep\n|turn|19\n|\n|t:|1699295465\n|move|p1b: Oricorio|Revelation Dance|p2a: the real threat\n|-damage|p2a: the real threat|16\/100\n|-damage|p1b: Oricorio|78\/100|[from] item: Life Orb\n|move|p1a: Scizor|Aerial Ace|p2b: the king\n|-damage|p2b: the king|29\/100 brn\n|-damage|p1a: Scizor|12\/100|[from] item: Life Orb\n|move|p2b: the king|Yawn|p1b: Oricorio\n|-start|p1b: Oricorio|move: Yawn|[of] p2b: the king\n|move|p2a: the real threat|Superpower|p1a: Scizor\n|-damage|p1a: Scizor|0 fnt\n|-boost|p2a: the real threat|atk|1\n|-boost|p2a: the real threat|def|1\n|faint|p1a: Scizor\n|\n|-heal|p2b: the king|35\/100 brn|[from] item: Leftovers\n|-heal|p2a: the real threat|22\/100|[from] item: Leftovers\n|-damage|p2b: the king|29\/100 brn|[from] brn\n|-sideend|p1: DarthNoxian|move: Tailwind\n|upkeep\n|c|\u2606Blacktype|YES\n|c|\u2606DarthNoxian|it survived!\n|c|\u2606Blacktype|i made my lurantis extra tanky\n|\n|t:|1699295485\n|switch|p1a: Cresselia|Cresselia, F|15\/100\n|turn|20\n|\n|t:|1699295499\n|move|p2a: the real threat|Protect|p2a: the real threat\n|-singleturn|p2a: the real threat|Protect\n|move|p1b: Oricorio|Revelation Dance|p2a: the real threat\n|-activate|p2a: the real threat|move: Protect\n|cant|p2b: the king|ability: Truant\n|move|p1a: Cresselia|Lunar Blessing|p1a: Cresselia|[spread] p1a,p1b\n|-heal|p1a: Cresselia|40\/100\n|-heal|p1b: Oricorio|100\/100\n|\n|-heal|p2b: the king|35\/100 brn|[from] item: Leftovers\n|-heal|p2a: the real threat|28\/100|[from] item: Leftovers\n|-damage|p2b: the king|29\/100 brn|[from] brn\n|-end|p1b: Oricorio|move: Yawn|[silent]\n|-status|p1b: Oricorio|slp\n|upkeep\n|turn|21\n|c|\u2606Blacktype|ur going to sleep\n|c|\u2606Blacktype|both of u are\n|\n|t:|1699295527\n|cant|p1b: Oricorio|slp\n|move|p2b: the king|Yawn|p1a: Cresselia\n|-start|p1a: Cresselia|move: Yawn|[of] p2b: the king\n|move|p1a: Cresselia|Lunar Blessing|p1a: Cresselia|[spread] p1a,p1b\n|-heal|p1a: Cresselia|65\/100\n|-curestatus|p1b: Oricorio|slp|[msg]\n|move|p2a: the real threat|Leaf Storm|p1a: Cresselia\n|-damage|p1a: Cresselia|44\/100\n|-boost|p2a: the real threat|spa|2\n|\n|-heal|p2b: the king|35\/100 brn|[from] item: Leftovers\n|-heal|p2a: the real threat|35\/100|[from] item: Leftovers\n|-damage|p2b: the king|29\/100 brn|[from] brn\n|upkeep\n|turn|22\n|c|\u2606DarthNoxian|we shall see\n|c|\u2606Blacktype|STAY SLEEPING\n|c|\u2606Blacktype|PLSSSSSSSSS\n|\n|t:|1699295559\n|move|p1b: Oricorio|Revelation Dance|p2a: the real threat\n|-damage|p2a: the real threat|0 fnt\n|faint|p2a: the real threat\n|-damage|p1b: Oricorio|90\/100|[from] item: Life Orb\n|cant|p2b: the king|ability: Truant\n|move|p1a: Cresselia|Lunar Blessing|p1a: Cresselia|[spread] p1a,p1b\n|-heal|p1a: Cresselia|68\/100\n|-heal|p1b: Oricorio|100\/100\n|\n|-heal|p2b: the king|35\/100 brn|[from] item: Leftovers\n|-damage|p2b: the king|29\/100 brn|[from] brn\n|-end|p1a: Cresselia|move: Yawn|[silent]\n|-status|p1a: Cresselia|slp\n|upkeep\n|turn|23\n|c|\u2606Blacktype|NEVER WAKE UP\n|c|\u2606Blacktype|NOOOOOOOOOOOOOOOOOOOOOOOOOOOOOOOOOOOOOOOOOOOOOOOOOOOOOOOOOOOOOOOOOoo\n|c|\u2606Blacktype|gg\n|c|\u2606DarthNoxian|gg\n|-message|Blacktype forfeited.\n|\n|win|DarthNoxian\n|raw|DarthNoxian's rating: 1145 &rarr; <strong>1178<\/strong><br \/>(+33 for winning)\n|raw|Blacktype's rating: 1258 &rarr; <strong>1225<\/strong><br \/>(-33 for losing)\n|l|\u2606Blacktype\n","uploadtime":1699295585,"views":8,"p1id":"darthnoxian","p2id":"blacktype","formatid":"gen9doublesou","rating":1178,"private":0,"password":""}