{"id":"gen9doublesou-1998084801","p1":"Thehombre","p2":"CPTNK0R0","format":"[Gen 9] Doubles OU","log":"|j|\u2606Thehombre\n|j|\u2606CPTNK0R0\n|t:|1700888779\n|gametype|doubles\n|player|p1|Thehombre|102|1212\n|player|p2|CPTNK0R0|clerk|1135\n|teamsize|p1|6\n|teamsize|p2|6\n|gen|9\n|tier|[Gen 9] Doubles OU\n|rated|\n|rule|Species Clause: Limit one of each Pok\u00e9mon\n|rule|OHKO Clause: OHKO moves are banned\n|rule|Evasion Moves Clause: Evasion moves are banned\n|rule|Gravity Sleep Clause: The combination of sleep-inducing moves with imperfect accuracy and Gravity or Gigantamax Orbeetle are banned\n|rule|Endless Battle Clause: Forcing endless battles is banned\n|rule|HP Percentage Mod: HP is shown in percentages\n|clearpoke\n|poke|p1|Chi-Yu|\n|poke|p1|Torkoal, F|\n|poke|p1|Gastrodon, M|\n|poke|p1|Iron Moth|\n|poke|p1|Houndoom, F|\n|poke|p1|Dragonite, F|\n|poke|p2|Arcanine-Hisui, M|\n|poke|p2|Volbeat, M|\n|poke|p2|Sinistcha-Masterpiece|\n|poke|p2|Sandy Shocks|\n|poke|p2|Empoleon, F|\n|poke|p2|Farigiraf, M|\n|teampreview\n|inactive|Battle timer is ON: inactive players will automatically lose when time's up. (requested by Thehombre)\n|\n|t:|1700888796\n|start\n|switch|p1a: Gastrodon|Gastrodon, M|100\/100\n|switch|p1b: Iron Moth|Iron Moth|100\/100\n|switch|p2a: Arcanine|Arcanine-Hisui, M|100\/100\n|switch|p2b: Volbeat|Volbeat, M|100\/100\n|turn|1\n|\n|t:|1700888811\n|-terastallize|p2a: Arcanine|Flying\n|move|p2b: Volbeat|Tailwind|p2b: Volbeat\n|-sidestart|p2: CPTNK0R0|move: Tailwind\n|move|p2a: Arcanine|Head Smash|p1b: Iron Moth|[miss]\n|-miss|p2a: Arcanine|p1b: Iron Moth\n|move|p1b: Iron Moth|Electric Terrain|p1b: Iron Moth\n|-fieldstart|move: Electric Terrain\n|-activate|p1b: Iron Moth|ability: Quark Drive\n|-start|p1b: Iron Moth|quarkdrivespa\n|move|p1a: Gastrodon|Earth Power|p2a: Arcanine\n|-immune|p2a: Arcanine\n|\n|upkeep\n|turn|2\n|\n|t:|1700888829\n|move|p2b: Volbeat|Encore|p1a: Gastrodon\n|-start|p1a: Gastrodon|Encore\n|move|p2a: Arcanine|Head Smash|p1b: Iron Moth|[miss]\n|-miss|p2a: Arcanine|p1b: Iron Moth\n|move|p1b: Iron Moth|Discharge|p2b: Volbeat|[spread] p2a,p2b\n|-immune|p1a: Gastrodon\n|-supereffective|p2a: Arcanine\n|-damage|p2a: Arcanine|9\/100\n|-damage|p2b: Volbeat|59\/100\n|move|p1a: Gastrodon|Earth Power|p2a: Arcanine\n|-immune|p2a: Arcanine\n|\n|upkeep\n|turn|3\n|\n|t:|1700888855\n|switch|p2b: Sinistcha|Sinistcha-Masterpiece|100\/100\n|-heal|p2a: Arcanine|34\/100|[from] ability: Hospitality|[of] p2b: Sinistcha\n|-end|p1b: Iron Moth|Quark Drive|[silent]\n|switch|p1b: Torkoal|Torkoal, F|100\/100\n|-weather|SunnyDay|[from] ability: Drought|[of] p1b: Torkoal\n|switch|p1a: Chi-Yu|Chi-Yu|100\/100\n|-ability|p1a: Chi-Yu|Beads of Ruin\n|move|p2a: Arcanine|Head Smash|p1b: Torkoal\n|-supereffective|p1b: Torkoal\n|-damage|p1b: Torkoal|0 fnt\n|faint|p1b: Torkoal\n|-damage|p2a: Arcanine|24\/100|[from] item: Life Orb\n|\n|-weather|SunnyDay|[upkeep]\n|upkeep\n|\n|t:|1700888857\n|switch|p1b: Dragonite|Dragonite, F|100\/100\n|turn|4\n|\n|t:|1700888876\n|switch|p2b: Farigiraf|Farigiraf, M|100\/100\n|switch|p1a: Gastrodon|Gastrodon, M|100\/100\n|move|p2a: Arcanine|Head Smash|p1b: Dragonite\n|-supereffective|p1b: Dragonite\n|-enditem|p1b: Dragonite|Charti Berry|[eat]\n|-enditem|p1b: Dragonite|Charti Berry|[weaken]\n|-damage|p1b: Dragonite|45\/100\n|-damage|p2a: Arcanine|14\/100|[from] item: Life Orb\n|move|p1b: Dragonite|Tailwind|p1b: Dragonite\n|-sidestart|p1: Thehombre|move: Tailwind\n|\n|-weather|SunnyDay|[upkeep]\n|-sideend|p2: CPTNK0R0|move: Tailwind\n|upkeep\n|turn|5\n|\n|t:|1700888905\n|move|p2a: Arcanine|Extreme Speed|p1b: Dragonite\n|-damage|p1b: Dragonite|8\/100\n|-damage|p2a: Arcanine|4\/100|[from] item: Life Orb\n|move|p1b: Dragonite|Heat Wave|p2b: Farigiraf|[spread] p2a,p2b\n|-damage|p2a: Arcanine|0 fnt\n|-damage|p2b: Farigiraf|80\/100\n|faint|p2a: Arcanine\n|move|p1a: Gastrodon|Stealth Rock|p2b: Farigiraf\n|-sidestart|p2: CPTNK0R0|move: Stealth Rock\n|move|p2b: Farigiraf|Light Screen|p2b: Farigiraf\n|-sidestart|p2: CPTNK0R0|move: Light Screen\n|\n|-weather|SunnyDay|[upkeep]\n|-fieldend|move: Electric Terrain\n|upkeep\n|inactive|CPTNK0R0 has 120 seconds left.\n|\n|t:|1700888918\n|switch|p2a: Sinistcha|Sinistcha-Masterpiece|100\/100\n|-damage|p2a: Sinistcha|88\/100|[from] Stealth Rock\n|-heal|p2b: Farigiraf|100\/100|[from] ability: Hospitality|[of] p2a: Sinistcha\n|turn|6\n|\n|t:|1700888937\n|switch|p1b: Chi-Yu|Chi-Yu|100\/100\n|-ability|p1b: Chi-Yu|Beads of Ruin\n|switch|p1a: Iron Moth|Iron Moth|100\/100\n|move|p2a: Sinistcha|Matcha Gotcha|p1b: Chi-Yu|[spread] p1a,p1b\n|-resisted|p1a: Iron Moth\n|-resisted|p1b: Chi-Yu\n|-damage|p1a: Iron Moth|89\/100\n|-heal|p2a: Sinistcha|93\/100|[from] drain|[of] p1a: Iron Moth\n|-damage|p1b: Chi-Yu|81\/100\n|-heal|p2a: Sinistcha|100\/100|[from] drain|[of] p1b: Chi-Yu\n|move|p2b: Farigiraf|Trick Room|p2b: Farigiraf\n|-fieldstart|move: Trick Room|[of] p2b: Farigiraf\n|\n|-weather|SunnyDay|[upkeep]\n|upkeep\n|turn|7\n|\n|t:|1700888964\n|switch|p2b: Sandy Shocks|Sandy Shocks|100\/100\n|-damage|p2b: Sandy Shocks|94\/100|[from] Stealth Rock\n|-activate|p2b: Sandy Shocks|ability: Protosynthesis\n|-start|p2b: Sandy Shocks|protosynthesisspa\n|-terastallize|p1a: Iron Moth|Fire\n|move|p2a: Sinistcha|Calm Mind|p2a: Sinistcha\n|-boost|p2a: Sinistcha|spa|1\n|-boost|p2a: Sinistcha|spd|1\n|move|p1b: Chi-Yu|Heat Wave|p2a: Sinistcha|[spread] \n|-miss|p1b: Chi-Yu|p2a: Sinistcha\n|-miss|p1b: Chi-Yu|p2b: Sandy Shocks\n|move|p1a: Iron Moth|Heat Wave|p2b: Sandy Shocks|[spread] p2a,p2b\n|-supereffective|p2a: Sinistcha\n|-enditem|p2a: Sinistcha|Focus Sash\n|-damage|p2a: Sinistcha|1\/100\n|-damage|p2b: Sandy Shocks|0 fnt\n|-status|p2a: Sinistcha|brn\n|faint|p2b: Sandy Shocks\n|-end|p2b: Sandy Shocks|Protosynthesis|[silent]\n|\n|-weather|none\n|-damage|p2a: Sinistcha|0 fnt|[from] brn\n|faint|p2a: Sinistcha\n|-sideend|p1: Thehombre|move: Tailwind\n|upkeep\n|inactive|CPTNK0R0 has 120 seconds left.\n|-message|CPTNK0R0 forfeited.\n|\n|win|Thehombre\n|raw|Thehombre's rating: 1212 &rarr; <strong>1232<\/strong><br \/>(+20 for winning)\n|raw|CPTNK0R0's rating: 1135 &rarr; <strong>1115<\/strong><br \/>(-20 for losing)\n|l|\u2606CPTNK0R0\n","uploadtime":1700888992,"views":2,"p1id":"thehombre","p2id":"cptnk0r0","formatid":"gen9doublesou","rating":1115,"private":0,"password":""}