{"id":"gen9doublesou-1974927857","p1":"Geniusatstuff","p2":"cgtuh.ocgoj\u201dfyxtg9","format":"[Gen 9] Doubles OU","log":"|j|\u2606Geniusatstuff\n|j|\u2606cgtuh.ocgoj\u201dfyxtg9\n|t:|1698145766\n|gametype|doubles\n|player|p1|Geniusatstuff|1|1114\n|player|p2|cgtuh.ocgoj\u201dfyxtg9|1|1172\n|teamsize|p1|6\n|teamsize|p2|6\n|gen|9\n|tier|[Gen 9] Doubles OU\n|rated|\n|rule|Species Clause: Limit one of each Pok\u00e9mon\n|rule|OHKO Clause: OHKO moves are banned\n|rule|Evasion Moves Clause: Evasion moves are banned\n|rule|Gravity Sleep Clause: The combination of sleep-inducing moves with imperfect accuracy and Gravity or Gigantamax Orbeetle are banned\n|rule|Endless Battle Clause: Forcing endless battles is banned\n|rule|HP Percentage Mod: HP is shown in percentages\n|clearpoke\n|poke|p1|Baxcalibur, F|\n|poke|p1|Milotic, M|\n|poke|p1|Oricorio-Pom-Pom, F|\n|poke|p1|Flamigo, F|\n|poke|p1|Volcarona, M|\n|poke|p1|Wyrdeer, M|\n|poke|p2|Talonflame, F|\n|poke|p2|Meowscarada, F|\n|poke|p2|Shiftry, M|\n|poke|p2|Dragonite, F|\n|poke|p2|Ribombee, M|\n|poke|p2|Brambleghast, M|\n|teampreview\n|\n|t:|1698145786\n|start\n|switch|p1a: Oricorio|Oricorio-Pom-Pom, F, shiny|100\/100\n|switch|p1b: Wyrdeer|Wyrdeer, M, shiny|100\/100\n|switch|p2a: Talonflame|Talonflame, F|100\/100\n|switch|p2b: Shiftry|Shiftry, M|100\/100\n|-ability|p1b: Wyrdeer|Intimidate|boost\n|-unboost|p2a: Talonflame|atk|1\n|-unboost|p2b: Shiftry|atk|1\n|turn|1\n|\n|t:|1698145820\n|move|p2a: Talonflame|Tailwind|p2a: Talonflame\n|-sidestart|p2: cgtuh.ocgoj\u201dfyxtg9|move: Tailwind\n|-ability|p2b: Shiftry|Wind Rider|boost\n|-boost|p2b: Shiftry|atk|1\n|move|p2b: Shiftry|Rock Slide|p1a: Oricorio|[spread] p1a,p1b\n|-supereffective|p1a: Oricorio\n|-damage|p1a: Oricorio|44\/100\n|-damage|p1b: Wyrdeer|86\/100\n|move|p1a: Oricorio|Quiver Dance|p1a: Oricorio\n|-boost|p1a: Oricorio|spa|1\n|-boost|p1a: Oricorio|spd|1\n|-boost|p1a: Oricorio|spe|1\n|move|p1b: Wyrdeer|Skill Swap|p1a: Oricorio\n|-activate|p1b: Wyrdeer|move: Skill Swap|||[of] p1a: Oricorio\n|-ability|p1a: Oricorio|Intimidate|boost\n|-unboost|p2a: Talonflame|atk|1\n|-unboost|p2b: Shiftry|atk|1\n|\n|upkeep\n|turn|2\n|\n|t:|1698145860\n|-terastallize|p1b: Wyrdeer|Fairy\n|move|p2a: Talonflame|Air Slash|p1a: Oricorio\n|-resisted|p1a: Oricorio\n|-damage|p1a: Oricorio|33\/100\n|move|p2b: Shiftry|Rock Slide|p1a: Oricorio|[spread] p1a,p1b\n|-supereffective|p1a: Oricorio\n|-damage|p1a: Oricorio|0 fnt\n|-damage|p1b: Wyrdeer|77\/100\n|faint|p1a: Oricorio\n|move|p1b: Wyrdeer|Tera Blast|p2b: Shiftry|[anim] Tera Blast Fairy\n|-supereffective|p2b: Shiftry\n|-damage|p2b: Shiftry|7\/100\n|\n|upkeep\n|\n|t:|1698145881\n|switch|p1a: Volcarona|Volcarona, M, shiny|100\/100\n|turn|3\n|inactive|Battle timer is ON: inactive players will automatically lose when time's up. (requested by Geniusatstuff)\n|inactive|cgtuh.ocgoj\u201dfyxtg9 has 120 seconds left.\n|\n|t:|1698145953\n|switch|p2b: Ribombee|Ribombee, M|100\/100\n|move|p1a: Volcarona|Protect|p1a: Volcarona\n|-singleturn|p1a: Volcarona|Protect\n|move|p2a: Talonflame|Air Slash|p1a: Volcarona\n|-activate|p1a: Volcarona|move: Protect\n|move|p1b: Wyrdeer|Tera Blast|p2b: Ribombee|[anim] Tera Blast Fairy\n|-damage|p2b: Ribombee|58\/100\n|\n|upkeep\n|turn|4\n|inactive|Geniusatstuff has 120 seconds left.\n|inactive|cgtuh.ocgoj\u201dfyxtg9 has 120 seconds left.\n|\n|t:|1698145992\n|switch|p2a: Brambleghast|Brambleghast, M|100\/100\n|-ability|p2a: Brambleghast|Wind Rider|boost\n|-boost|p2a: Brambleghast|atk|1\n|switch|p1a: Milotic|Milotic, M, shiny|100\/100\n|move|p2b: Ribombee|Light Screen|p2b: Ribombee\n|-sidestart|p2: cgtuh.ocgoj\u201dfyxtg9|move: Light Screen\n|move|p1b: Wyrdeer|Skill Swap|p1a: Milotic\n|-activate|p1b: Wyrdeer|move: Skill Swap|||[of] p1a: Milotic\n|\n|-sideend|p2: cgtuh.ocgoj\u201dfyxtg9|move: Tailwind\n|upkeep\n|turn|5\n|inactive|Geniusatstuff has 120 seconds left.\n|\n|t:|1698146015\n|switch|p1b: Volcarona|Volcarona, M, shiny|100\/100\n|move|p2b: Ribombee|Tailwind|p2b: Ribombee\n|-sidestart|p2: cgtuh.ocgoj\u201dfyxtg9|move: Tailwind\n|-ability|p2a: Brambleghast|Wind Rider|boost\n|-boost|p2a: Brambleghast|atk|1\n|move|p2a: Brambleghast|Power Whip|p1a: Milotic\n|-supereffective|p1a: Milotic\n|-damage|p1a: Milotic|0 fnt\n|faint|p1a: Milotic\n|\n|upkeep\n|inactive|Geniusatstuff has 120 seconds left.\n|\n|t:|1698146030\n|switch|p1a: Baxcalibur|Baxcalibur, F, shiny|100\/100\n|turn|6\n|\n|t:|1698146045\n|-terastallize|p2a: Brambleghast|Water\n|move|p2b: Ribombee|Reflect|p2b: Ribombee\n|-sidestart|p2: cgtuh.ocgoj\u201dfyxtg9|Reflect\n|move|p2a: Brambleghast|Poltergeist|p1a: Baxcalibur\n|-activate|p1a: Baxcalibur|move: Poltergeist|Loaded Dice\n|-damage|p1a: Baxcalibur|0 fnt\n|faint|p1a: Baxcalibur\n|move|p1b: Volcarona|Quiver Dance|p1b: Volcarona\n|-boost|p1b: Volcarona|spa|1\n|-boost|p1b: Volcarona|spd|1\n|-boost|p1b: Volcarona|spe|1\n|\n|upkeep\n|inactive|Geniusatstuff has 120 seconds left.\n|\n|t:|1698146062\n|switch|p1a: Wyrdeer|Wyrdeer, M, shiny, tera:Fairy|77\/100\n|-ability|p1a: Wyrdeer|Intimidate|boost\n|-unboost|p2a: Brambleghast|atk|1\n|-unboost|p2b: Ribombee|atk|1\n|turn|7\n|\n|t:|1698146083\n|switch|p2b: Meowscarada|Meowscarada, F|100\/100\n|move|p1b: Volcarona|Protect|p1b: Volcarona\n|-singleturn|p1b: Volcarona|Protect\n|move|p2a: Brambleghast|Poltergeist|p1a: Wyrdeer|[miss]\n|-miss|p2a: Brambleghast|p1a: Wyrdeer\n|move|p1a: Wyrdeer|Skill Swap|p1b: Volcarona\n|-activate|p1b: Volcarona|move: Protect\n|\n|upkeep\n|turn|8\n|\n|t:|1698146112\n|move|p2b: Meowscarada|Petal Blizzard|p1b: Volcarona|[spread] p1a,p1b\n|-start|p2b: Meowscarada|typechange|Grass|[from] ability: Protean\n|-ability|p2a: Brambleghast|Wind Rider|boost\n|-boost|p2a: Brambleghast|atk|1\n|-resisted|p1b: Volcarona\n|-damage|p1a: Wyrdeer|52\/100\n|-damage|p1b: Volcarona|90\/100\n|move|p2a: Brambleghast|Poltergeist|p1a: Wyrdeer\n|-activate|p1a: Wyrdeer|move: Poltergeist|Lum Berry\n|-damage|p1a: Wyrdeer|0 fnt\n|faint|p1a: Wyrdeer\n|move|p1b: Volcarona|Quiver Dance|p1b: Volcarona\n|-boost|p1b: Volcarona|spa|1\n|-boost|p1b: Volcarona|spd|1\n|-boost|p1b: Volcarona|spe|1\n|\n|-sideend|p2: cgtuh.ocgoj\u201dfyxtg9|move: Tailwind\n|upkeep\n|inactive|Geniusatstuff has 120 seconds left.\n|\n|t:|1698146133\n|switch|p1a: Flamigo|Flamigo, F, shiny|100\/100\n|-copyboost|p1a: Flamigo|p1b: Volcarona|[from] ability: Costar\n|turn|9\n|\n|t:|1698146148\n|move|p1b: Volcarona|Giga Drain|p2a: Brambleghast\n|-supereffective|p2a: Brambleghast\n|-enditem|p2a: Brambleghast|Focus Sash\n|-damage|p2a: Brambleghast|1\/100\n|-heal|p1b: Volcarona|100\/100|[from] drain|[of] p2a: Brambleghast\n|move|p1a: Flamigo|Brave Bird|p2b: Meowscarada\n|-supereffective|p2b: Meowscarada\n|-damage|p2b: Meowscarada|0 fnt\n|faint|p2b: Meowscarada\n|-damage|p1a: Flamigo|69\/100|[from] Recoil\n|-damage|p1a: Flamigo|59\/100|[from] item: Life Orb\n|move|p2a: Brambleghast|Poltergeist|p1b: Volcarona\n|-activate|p1b: Volcarona|move: Poltergeist|Sitrus Berry\n|-damage|p1b: Volcarona|0 fnt\n|faint|p1b: Volcarona\n|\n|upkeep\n|\n|t:|1698146165\n|switch|p2b: Talonflame|Talonflame, F|100\/100\n|turn|10\n|\n|t:|1698146173\n|move|p2b: Talonflame|Tailwind|p2b: Talonflame\n|-sidestart|p2: cgtuh.ocgoj\u201dfyxtg9|move: Tailwind\n|-ability|p2a: Brambleghast|Wind Rider|boost\n|-boost|p2a: Brambleghast|atk|1\n|move|p2a: Brambleghast|Poltergeist|p1a: Flamigo\n|-activate|p1a: Flamigo|move: Poltergeist|Life Orb\n|-damage|p1a: Flamigo|0 fnt\n|faint|p1a: Flamigo\n|\n|win|cgtuh.ocgoj\u201dfyxtg9\n|raw|Geniusatstuff's rating: 1114 &rarr; <strong>1093<\/strong><br \/>(-21 for losing)\n|raw|cgtuh.ocgoj\u201dfyxtg9's rating: 1172 &rarr; <strong>1193<\/strong><br \/>(+21 for winning)\n|c|\u2606cgtuh.ocgoj\u201dfyxtg9|gg\n|l|\u2606Geniusatstuff\n","uploadtime":1698146207,"views":19,"p1id":"geniusatstuff","p2id":"cgtuhocgojfyxtg9","formatid":"gen9doublesou","rating":1093,"private":0,"password":""}