{"id":"gen9doublesou-1982736629","p1":"ac1516","p2":"Kurs8it","format":"[Gen 9] Doubles OU","log":"|j|\u2606ac1516\n|j|\u2606Kurs8it\n|t:|1699040151\n|gametype|doubles\n|player|p1|ac1516|supernerd|1111\n|player|p2|Kurs8it|misty|1099\n|teamsize|p1|6\n|teamsize|p2|6\n|gen|9\n|tier|[Gen 9] Doubles OU\n|rated|\n|rule|Species Clause: Limit one of each Pok\u00e9mon\n|rule|OHKO Clause: OHKO moves are banned\n|rule|Evasion Moves Clause: Evasion moves are banned\n|rule|Gravity Sleep Clause: The combination of sleep-inducing moves with imperfect accuracy and Gravity or Gigantamax Orbeetle are banned\n|rule|Endless Battle Clause: Forcing endless battles is banned\n|rule|HP Percentage Mod: HP is shown in percentages\n|clearpoke\n|poke|p1|Wyrdeer, F|\n|poke|p1|Hatterene, F|\n|poke|p1|Spiritomb, F|\n|poke|p1|Bronzong|\n|poke|p1|Heatran, F|\n|poke|p1|Amoonguss, F|\n|poke|p2|Gardevoir, F|\n|poke|p2|Kingambit, F|\n|poke|p2|Toxapex, M|\n|poke|p2|Armarouge, F|\n|poke|p2|Garchomp, M|\n|poke|p2|Tyranitar, M|\n|teampreview\n|inactive|Battle timer is ON: inactive players will automatically lose when time's up. (requested by Kurs8it)\n|\n|t:|1699040158\n|start\n|switch|p1a: Wyrdeer|Wyrdeer, F|100\/100\n|switch|p1b: Amoonguss|Amoonguss, F|100\/100\n|switch|p2a: Garchomp|Garchomp, M|100\/100\n|switch|p2b: Tyranitar|Tyranitar, M|100\/100\n|-weather|Sandstorm|[from] ability: Sand Stream|[of] p2b: Tyranitar\n|-ability|p1a: Wyrdeer|Intimidate|boost\n|-unboost|p2a: Garchomp|atk|1\n|-unboost|p2b: Tyranitar|atk|1\n|turn|1\n|\n|t:|1699040179\n|switch|p2a: Kingambit|Kingambit, F|100\/100\n|move|p2b: Tyranitar|Protect|p2b: Tyranitar\n|-singleturn|p2b: Tyranitar|Protect\n|move|p1b: Amoonguss|Rage Powder|p1b: Amoonguss\n|-singleturn|p1b: Amoonguss|move: Rage Powder\n|move|p1a: Wyrdeer|Trick Room|p1a: Wyrdeer\n|-fieldstart|move: Trick Room|[of] p1a: Wyrdeer\n|\n|-weather|Sandstorm|[upkeep]\n|-damage|p1b: Amoonguss|94\/100|[from] Sandstorm\n|-damage|p1a: Wyrdeer|94\/100|[from] Sandstorm\n|-heal|p1b: Amoonguss|100\/100|[from] item: Leftovers\n|upkeep\n|turn|2\n|\n|t:|1699040194\n|move|p2a: Kingambit|Sucker Punch||[still]\n|-fail|p2a: Kingambit\n|move|p1b: Amoonguss|Spore|p2a: Kingambit\n|-status|p2a: Kingambit|slp|[from] move: Spore\n|move|p1a: Wyrdeer|Reflect|p1a: Wyrdeer\n|-sidestart|p1: ac1516|Reflect\n|move|p2b: Tyranitar|Crunch|p1b: Amoonguss\n|-damage|p1b: Amoonguss|86\/100\n|\n|-weather|Sandstorm|[upkeep]\n|-damage|p1b: Amoonguss|80\/100|[from] Sandstorm\n|-damage|p1a: Wyrdeer|88\/100|[from] Sandstorm\n|-heal|p1b: Amoonguss|86\/100|[from] item: Leftovers\n|upkeep\n|turn|3\n|\n|t:|1699040208\n|switch|p1a: Bronzong|Bronzong|100\/100\n|move|p2b: Tyranitar|Protect|p2b: Tyranitar\n|-singleturn|p2b: Tyranitar|Protect\n|cant|p2a: Kingambit|slp\n|move|p1b: Amoonguss|Spore|p2b: Tyranitar\n|-activate|p2b: Tyranitar|move: Protect\n|\n|-weather|Sandstorm|[upkeep]\n|-damage|p1b: Amoonguss|80\/100|[from] Sandstorm\n|-heal|p1b: Amoonguss|86\/100|[from] item: Leftovers\n|upkeep\n|turn|4\n|\n|t:|1699040222\n|switch|p1b: Spiritomb|Spiritomb, F, shiny|100\/100\n|-ability|p1b: Spiritomb|Pressure\n|switch|p2b: Garchomp|Garchomp, M|100\/100\n|move|p1a: Bronzong|Iron Defense|p1a: Bronzong\n|-boost|p1a: Bronzong|def|2\n|-curestatus|p2a: Kingambit|slp|[msg]\n|move|p2a: Kingambit|Brick Break|p1a: Bronzong\n|-sideend|p1: ac1516|Reflect\n|-damage|p1a: Bronzong|87\/100\n|\n|-weather|Sandstorm|[upkeep]\n|-damage|p1b: Spiritomb|95\/100|[from] Sandstorm\n|-heal|p1a: Bronzong|93\/100|[from] item: Leftovers\n|-heal|p1b: Spiritomb|100\/100|[from] item: Leftovers\n|upkeep\n|turn|5\n|\n|t:|1699040248\n|-end|p2a: Kingambit|fallenundefined|[silent]\n|switch|p2a: Toxapex|Toxapex, M|100\/100\n|move|p1a: Bronzong|Body Press|p2a: Toxapex\n|-resisted|p2a: Toxapex\n|-damage|p2a: Toxapex|88\/100\n|move|p1b: Spiritomb|Will-O-Wisp|p2b: Garchomp\n|-status|p2b: Garchomp|brn\n|move|p2b: Garchomp|Earthquake|p1b: Spiritomb|[spread] p2a,p1a,p1b\n|-supereffective|p2a: Toxapex\n|-supereffective|p1a: Bronzong\n|-damage|p2a: Toxapex|59\/100\n|-damage|p1a: Bronzong|75\/100\n|-damage|p1b: Spiritomb|83\/100\n|\n|-weather|Sandstorm|[upkeep]\n|-damage|p1b: Spiritomb|77\/100|[from] Sandstorm\n|-damage|p2a: Toxapex|53\/100|[from] Sandstorm\n|-heal|p1a: Bronzong|81\/100|[from] item: Leftovers\n|-heal|p1b: Spiritomb|83\/100|[from] item: Leftovers\n|-heal|p2a: Toxapex|59\/100|[from] item: Leftovers\n|-damage|p2b: Garchomp|94\/100 brn|[from] brn\n|-fieldend|move: Trick Room\n|upkeep\n|turn|6\n|\n|t:|1699040270\n|move|p2a: Toxapex|Baneful Bunker|p2a: Toxapex\n|-singleturn|p2a: Toxapex|move: Protect\n|move|p2b: Garchomp|Earthquake|p1a: Bronzong|[spread] p1a,p1b\n|-activate|p2a: Toxapex|move: Protect\n|-supereffective|p1a: Bronzong\n|-damage|p1a: Bronzong|62\/100\n|-damage|p1b: Spiritomb|66\/100\n|move|p1a: Bronzong|Calm Mind|p1a: Bronzong\n|-boost|p1a: Bronzong|spa|1\n|-boost|p1a: Bronzong|spd|1\n|move|p1b: Spiritomb|Trick Room|p1b: Spiritomb\n|-fieldstart|move: Trick Room|[of] p1b: Spiritomb\n|\n|-weather|Sandstorm|[upkeep]\n|-damage|p1b: Spiritomb|60\/100|[from] Sandstorm\n|-damage|p2a: Toxapex|53\/100|[from] Sandstorm\n|-heal|p1a: Bronzong|68\/100|[from] item: Leftovers\n|-heal|p1b: Spiritomb|66\/100|[from] item: Leftovers\n|-heal|p2a: Toxapex|59\/100|[from] item: Leftovers\n|-damage|p2b: Garchomp|88\/100 brn|[from] brn\n|upkeep\n|turn|7\n|\n|t:|1699040292\n|move|p1a: Bronzong|Iron Defense|p1a: Bronzong\n|-boost|p1a: Bronzong|def|2\n|move|p1b: Spiritomb|Confuse Ray|p2b: Garchomp\n|-start|p2b: Garchomp|confusion\n|move|p2a: Toxapex|Toxic|p1b: Spiritomb\n|-status|p1b: Spiritomb|tox\n|-activate|p2b: Garchomp|confusion\n|move|p2b: Garchomp|Earthquake|p1b: Spiritomb|[spread] p2a,p1a,p1b\n|-supereffective|p2a: Toxapex\n|-supereffective|p1a: Bronzong\n|-damage|p2a: Toxapex|31\/100\n|-damage|p1a: Bronzong|56\/100\n|-damage|p1b: Spiritomb|47\/100 tox\n|\n|-weather|Sandstorm|[upkeep]\n|-damage|p1b: Spiritomb|41\/100 tox|[from] Sandstorm\n|-damage|p2a: Toxapex|25\/100|[from] Sandstorm\n|-heal|p1a: Bronzong|62\/100|[from] item: Leftovers\n|-heal|p1b: Spiritomb|47\/100 tox|[from] item: Leftovers\n|-heal|p2a: Toxapex|31\/100|[from] item: Leftovers\n|-damage|p1b: Spiritomb|41\/100 tox|[from] psn\n|-damage|p2b: Garchomp|82\/100 brn|[from] brn\n|upkeep\n|turn|8\n|inactive|ac1516 has 120 seconds left.\n|\n|t:|1699040325\n|switch|p1b: Wyrdeer|Wyrdeer, F|88\/100\n|-ability|p1b: Wyrdeer|Intimidate|boost\n|-unboost|p2a: Toxapex|atk|1\n|-unboost|p2b: Garchomp|atk|1\n|move|p2a: Toxapex|Baneful Bunker|p2a: Toxapex\n|-singleturn|p2a: Toxapex|move: Protect\n|move|p1a: Bronzong|Stored Power|p2a: Toxapex\n|-activate|p2a: Toxapex|move: Protect\n|-end|p2b: Garchomp|confusion\n|move|p2b: Garchomp|Earthquake|p1a: Bronzong|[spread] p1a,p1b\n|-activate|p2a: Toxapex|move: Protect\n|-supereffective|p1a: Bronzong\n|-damage|p1a: Bronzong|53\/100\n|-damage|p1b: Wyrdeer|74\/100\n|\n|-weather|none\n|-heal|p1a: Bronzong|59\/100|[from] item: Leftovers\n|-heal|p2a: Toxapex|38\/100|[from] item: Leftovers\n|-damage|p2b: Garchomp|76\/100 brn|[from] brn\n|upkeep\n|turn|9\n|\n|t:|1699040351\n|switch|p2a: Kingambit|Kingambit, F|100\/100\n|move|p1a: Bronzong|Stored Power|p2b: Garchomp\n|-damage|p2b: Garchomp|8\/100 brn\n|move|p1b: Wyrdeer|Reflect|p1b: Wyrdeer\n|-sidestart|p1: ac1516|Reflect\n|move|p2b: Garchomp|Iron Head|p1b: Wyrdeer\n|-damage|p1b: Wyrdeer|66\/100\n|\n|-heal|p1a: Bronzong|65\/100|[from] item: Leftovers\n|-damage|p2b: Garchomp|2\/100 brn|[from] brn\n|upkeep\n|turn|10\n|\n|t:|1699040376\n|-terastallize|p2a: Kingambit|Dark\n|move|p2a: Kingambit|Sucker Punch|p1a: Bronzong\n|-supereffective|p1a: Bronzong\n|-damage|p1a: Bronzong|40\/100\n|move|p1a: Bronzong|Body Press|p2a: Kingambit\n|-supereffective|p2a: Kingambit\n|-damage|p2a: Kingambit|13\/100\n|move|p1b: Wyrdeer|Light Screen|p1b: Wyrdeer\n|-sidestart|p1: ac1516|move: Light Screen\n|move|p2b: Garchomp|Scale Shot|p1b: Wyrdeer\n|-damage|p1b: Wyrdeer|62\/100\n|-damage|p1b: Wyrdeer|59\/100\n|-damage|p1b: Wyrdeer|56\/100\n|-hitcount|p1b: Wyrdeer|3\n|-unboost|p2b: Garchomp|def|1\n|-boost|p2b: Garchomp|spe|1\n|\n|-heal|p1a: Bronzong|46\/100|[from] item: Leftovers\n|-damage|p2b: Garchomp|0 fnt|[from] brn\n|faint|p2b: Garchomp\n|-fieldend|move: Trick Room\n|upkeep\n|inactive|Kurs8it has 120 seconds left.\n|\n|t:|1699040400\n|switch|p2b: Gardevoir|Gardevoir, F|100\/100\n|turn|11\n|\n|t:|1699040414\n|move|p2b: Gardevoir|Mystical Fire|p1a: Bronzong\n|-supereffective|p1a: Bronzong\n|-damage|p1a: Bronzong|38\/100\n|-unboost|p1a: Bronzong|spa|1\n|move|p2a: Kingambit|Brick Break|p1a: Bronzong\n|-sideend|p1: ac1516|Reflect\n|-sideend|p1: ac1516|move: Light Screen\n|-damage|p1a: Bronzong|30\/100\n|move|p1a: Bronzong|Body Press|p2a: Kingambit\n|-supereffective|p2a: Kingambit\n|-crit|p2a: Kingambit\n|-damage|p2a: Kingambit|0 fnt\n|faint|p2a: Kingambit\n|-end|p2a: Kingambit|fallenundefined|[silent]\n|move|p1b: Wyrdeer|Trick Room|p1b: Wyrdeer\n|-fieldstart|move: Trick Room|[of] p1b: Wyrdeer\n|\n|-heal|p1a: Bronzong|36\/100|[from] item: Leftovers\n|upkeep\n|\n|t:|1699040430\n|switch|p2a: Armarouge|Armarouge, F|100\/100\n|turn|12\n|\n|t:|1699040440\n|switch|p1a: Heatran|Heatran, F, shiny|100\/100\n|move|p1b: Wyrdeer|Light Screen|p1b: Wyrdeer\n|-sidestart|p1: ac1516|move: Light Screen\n|move|p2b: Gardevoir|Mystical Fire|p1a: Heatran\n|-start|p1a: Heatran|ability: Flash Fire\n|move|p2a: Armarouge|Heat Wave|p1b: Wyrdeer|[spread] p1b\n|-immune|p1a: Heatran|[from] ability: Flash Fire\n|-damage|p1b: Wyrdeer|38\/100\n|\n|upkeep\n|turn|13\n|-message|Kurs8it forfeited.\n|\n|win|ac1516\n|raw|ac1516's rating: 1111 &rarr; <strong>1135<\/strong><br \/>(+24 for winning)\n|raw|Kurs8it's rating: 1099 &rarr; <strong>1075<\/strong><br \/>(-24 for losing)\n|l|\u2606Kurs8it\n","uploadtime":1699040470,"views":21,"p1id":"ac1516","p2id":"kurs8it","formatid":"gen9doublesou","rating":1075,"private":0,"password":""}