{"id":"gen9doublesou-1986570674","p1":"Reckae","p2":"zoxii","format":"[Gen 9] Doubles OU","log":"|j|\u2606Reckae\n|j|\u2606zoxii\n|t:|1699493191\n|gametype|doubles\n|player|p1|Reckae|erika-gen2|1267\n|player|p2|zoxii|plumeria|1124\n|teamsize|p1|6\n|teamsize|p2|6\n|gen|9\n|tier|[Gen 9] Doubles OU\n|rated|\n|rule|Species Clause: Limit one of each Pok\u00e9mon\n|rule|OHKO Clause: OHKO moves are banned\n|rule|Evasion Moves Clause: Evasion moves are banned\n|rule|Gravity Sleep Clause: The combination of sleep-inducing moves with imperfect accuracy and Gravity or Gigantamax Orbeetle are banned\n|rule|Endless Battle Clause: Forcing endless battles is banned\n|rule|HP Percentage Mod: HP is shown in percentages\n|clearpoke\n|poke|p1|Iron Bundle|\n|poke|p1|Glimmora, M|\n|poke|p1|Iron Hands|\n|poke|p1|Roaring Moon|\n|poke|p1|Chi-Yu|\n|poke|p1|Gholdengo|\n|poke|p2|Walking Wake|\n|poke|p2|Torkoal, M|\n|poke|p2|Iron Moth|\n|poke|p2|Scream Tail|\n|poke|p2|Iron Leaves|\n|poke|p2|Chi-Yu|\n|teampreview\n|\n|t:|1699493216\n|start\n|switch|p1a: Glimmora|Glimmora, M|100\/100\n|switch|p1b: Iron Hands|Iron Hands|100\/100\n|switch|p2a: Walking Wake|Walking Wake|100\/100\n|switch|p2b: Torkoal|Torkoal, M, shiny|100\/100\n|-weather|SunnyDay|[from] ability: Drought|[of] p2b: Torkoal\n|-activate|p2a: Walking Wake|ability: Protosynthesis\n|-start|p2a: Walking Wake|protosynthesisspa\n|turn|1\n|\n|t:|1699493274\n|move|p1b: Iron Hands|Fake Out|p2a: Walking Wake\n|-damage|p2a: Walking Wake|86\/100\n|cant|p2a: Walking Wake|flinch\n|move|p1a: Glimmora|Stealth Rock|p2a: Walking Wake\n|-sidestart|p2: zoxii|move: Stealth Rock\n|move|p2b: Torkoal|Stealth Rock|p1a: Glimmora\n|-sidestart|p1: Reckae|move: Stealth Rock\n|\n|-weather|SunnyDay|[upkeep]\n|upkeep\n|turn|2\n|\n|t:|1699493293\n|move|p2a: Walking Wake|Weather Ball|p1b: Iron Hands\n|-damage|p1b: Iron Hands|55\/100\n|move|p1a: Glimmora|Mortal Spin|p2a: Walking Wake|[spread] p2a,p2b\n|-damage|p2a: Walking Wake|81\/100\n|-damage|p2b: Torkoal|97\/100\n|-status|p2a: Walking Wake|psn\n|-status|p2b: Torkoal|psn\n|-sideend|p1: Reckae|Stealth Rock|[from] move: Mortal Spin|[of] p1a: Glimmora\n|move|p1b: Iron Hands|Drain Punch|p2a: Walking Wake\n|-damage|p2a: Walking Wake|39\/100 psn\n|-heal|p1b: Iron Hands|70\/100|[from] drain|[of] p2a: Walking Wake\n|move|p2b: Torkoal|Eruption|p1a: Glimmora|[spread] p1a,p1b\n|-resisted|p1a: Glimmora\n|-damage|p1a: Glimmora|70\/100\n|-damage|p1b: Iron Hands|47\/100\n|\n|-weather|SunnyDay|[upkeep]\n|-damage|p2a: Walking Wake|27\/100 psn|[from] psn\n|-damage|p2b: Torkoal|85\/100 psn|[from] psn\n|upkeep\n|turn|3\n|\n|t:|1699493334\n|-end|p2a: Walking Wake|Protosynthesis|[silent]\n|switch|p2a: Scream Tail|Scream Tail|100\/100\n|-damage|p2a: Scream Tail|88\/100|[from] Stealth Rock\n|-activate|p2a: Scream Tail|ability: Protosynthesis\n|-start|p2a: Scream Tail|protosynthesisspe\n|switch|p1a: Roaring Moon|Roaring Moon|100\/100\n|-activate|p1a: Roaring Moon|ability: Protosynthesis\n|-start|p1a: Roaring Moon|protosynthesisspe\n|switch|p2b: Iron Leaves|Iron Leaves|100\/100\n|-damage|p2b: Iron Leaves|88\/100|[from] Stealth Rock\n|move|p1b: Iron Hands|Drain Punch|p2a: Scream Tail\n|-resisted|p2a: Scream Tail\n|-damage|p2a: Scream Tail|81\/100\n|-heal|p1b: Iron Hands|50\/100|[from] drain|[of] p2a: Scream Tail\n|\n|-weather|SunnyDay|[upkeep]\n|upkeep\n|turn|4\n|\n|t:|1699493370\n|-terastallize|p1a: Roaring Moon|Ghost\n|move|p1a: Roaring Moon|Tailwind|p1a: Roaring Moon\n|-sidestart|p1: Reckae|move: Tailwind\n|move|p2a: Scream Tail|Reflect|p2a: Scream Tail\n|-sidestart|p2: zoxii|Reflect\n|move|p2b: Iron Leaves|Psyblade|p1b: Iron Hands\n|-supereffective|p1b: Iron Hands\n|-damage|p1b: Iron Hands|0 fnt\n|faint|p1b: Iron Hands\n|-end|p1b: Iron Hands|Quark Drive|[silent]\n|\n|-weather|SunnyDay|[upkeep]\n|upkeep\n|\n|t:|1699493378\n|switch|p1b: Glimmora|Glimmora, M|70\/100\n|turn|5\n|\n|t:|1699493410\n|move|p1a: Roaring Moon|Throat Chop|p2b: Iron Leaves\n|-supereffective|p2b: Iron Leaves\n|-damage|p2b: Iron Leaves|25\/100\n|-start|p2b: Iron Leaves|Throat Chop|[silent]\n|move|p1b: Glimmora|Mortal Spin|p2b: Iron Leaves|[spread] p2a,p2b\n|-supereffective|p2a: Scream Tail\n|-supereffective|p2b: Iron Leaves\n|-damage|p2a: Scream Tail|76\/100\n|-damage|p2b: Iron Leaves|19\/100\n|-status|p2a: Scream Tail|psn\n|-status|p2b: Iron Leaves|psn\n|move|p2a: Scream Tail|Light Screen|p2a: Scream Tail\n|-sidestart|p2: zoxii|move: Light Screen\n|move|p2b: Iron Leaves|Psyblade|p1b: Glimmora\n|-supereffective|p1b: Glimmora\n|-damage|p1b: Glimmora|0 fnt\n|-activate|p1b: Glimmora|ability: Toxic Debris\n|-sidestart|p2: zoxii|move: Toxic Spikes\n|faint|p1b: Glimmora\n|\n|-weather|SunnyDay|[upkeep]\n|-damage|p2a: Scream Tail|64\/100 psn|[from] psn\n|-damage|p2b: Iron Leaves|6\/100 psn|[from] psn\n|upkeep\n|\n|t:|1699493424\n|switch|p1b: Gholdengo|Gholdengo|100\/100\n|turn|6\n|\n|t:|1699493443\n|-end|p2b: Iron Leaves|Quark Drive|[silent]\n|switch|p2b: Iron Moth|Iron Moth|100\/100\n|-damage|p2b: Iron Moth|76\/100|[from] Stealth Rock\n|-sideend|p2: zoxii|move: Toxic Spikes|[of] p2b: Iron Moth\n|-enditem|p2b: Iron Moth|Booster Energy\n|-activate|p2b: Iron Moth|ability: Quark Drive|[fromitem]\n|-start|p2b: Iron Moth|quarkdrivespa\n|move|p1a: Roaring Moon|Throat Chop|p2b: Iron Moth\n|-damage|p2b: Iron Moth|28\/100\n|-start|p2b: Iron Moth|Throat Chop|[silent]\n|move|p2a: Scream Tail|Reflect||[still]\n|-fail|p2a: Scream Tail\n|move|p1b: Gholdengo|Nasty Plot|p1b: Gholdengo\n|-boost|p1b: Gholdengo|spa|2\n|\n|-weather|SunnyDay|[upkeep]\n|-damage|p2a: Scream Tail|51\/100 psn|[from] psn\n|upkeep\n|turn|7\n|\n|t:|1699493473\n|move|p2a: Scream Tail|Helping Hand|p2b: Iron Moth\n|-singleturn|p2b: Iron Moth|Helping Hand|[of] p2a: Scream Tail\n|move|p1a: Roaring Moon|Throat Chop|p2b: Iron Moth\n|-damage|p2b: Iron Moth|0 fnt\n|faint|p2b: Iron Moth\n|-end|p2b: Iron Moth|Quark Drive|[silent]\n|move|p1b: Gholdengo|Shadow Ball|p2a: Scream Tail\n|-supereffective|p2a: Scream Tail\n|-damage|p2a: Scream Tail|0 fnt\n|faint|p2a: Scream Tail\n|-end|p2a: Scream Tail|Protosynthesis|[silent]\n|\n|-weather|SunnyDay|[upkeep]\n|-sideend|p1: Reckae|move: Tailwind\n|upkeep\n|\n|t:|1699493522\n|switch|p2a: Chi-Yu|Chi-Yu|100\/100\n|switch|p2b: Torkoal|Torkoal, M, shiny|85\/100 psn\n|-damage|p2a: Chi-Yu|75\/100|[from] Stealth Rock\n|-ability|p2a: Chi-Yu|Beads of Ruin\n|-damage|p2b: Torkoal|60\/100 psn|[from] Stealth Rock\n|turn|8\n|\n|t:|1699493550\n|move|p2b: Torkoal|Helping Hand|p2a: Chi-Yu\n|-singleturn|p2a: Chi-Yu|Helping Hand|[of] p2b: Torkoal\n|move|p1a: Roaring Moon|Brick Break|p2a: Chi-Yu\n|-sideend|p2: zoxii|Reflect\n|-sideend|p2: zoxii|move: Light Screen\n|-supereffective|p2a: Chi-Yu\n|-damage|p2a: Chi-Yu|0 fnt\n|faint|p2a: Chi-Yu\n|move|p1b: Gholdengo|Shadow Ball|p2b: Torkoal\n|-damage|p2b: Torkoal|0 fnt\n|faint|p2b: Torkoal\n|\n|-weather|none\n|-end|p1a: Roaring Moon|Protosynthesis\n|upkeep\n|-enditem|p1a: Roaring Moon|Booster Energy\n|-activate|p1a: Roaring Moon|ability: Protosynthesis|[fromitem]\n|-start|p1a: Roaring Moon|protosynthesisspe\n|-message|zoxii forfeited.\n|\n|win|Reckae\n|raw|Reckae's rating: 1267 &rarr; <strong>1282<\/strong><br \/>(+15 for winning)\n|raw|zoxii's rating: 1124 &rarr; <strong>1109<\/strong><br \/>(-15 for losing)\n|l|\u2606zoxii\n","uploadtime":1699493566,"views":9,"p1id":"reckae","p2id":"zoxii","formatid":"gen9doublesou","rating":1109,"private":0,"password":""}