{"id":"gen9doublesou-1998806069","p1":"bjzhangj","p2":"pangdunkabi","format":"[Gen 9] Doubles OU","log":"|j|\u2606bjzhangj\n|j|\u2606pangdunkabi\n|t:|1700994733\n|gametype|doubles\n|player|p1|bjzhangj|battlegirl|1220\n|player|p2|pangdunkabi|rosa|1071\n|teamsize|p1|6\n|teamsize|p2|6\n|gen|9\n|tier|[Gen 9] Doubles OU\n|rated|\n|rule|Species Clause: Limit one of each Pok\u00e9mon\n|rule|OHKO Clause: OHKO moves are banned\n|rule|Evasion Moves Clause: Evasion moves are banned\n|rule|Gravity Sleep Clause: The combination of sleep-inducing moves with imperfect accuracy and Gravity or Gigantamax Orbeetle are banned\n|rule|Endless Battle Clause: Forcing endless battles is banned\n|rule|HP Percentage Mod: HP is shown in percentages\n|clearpoke\n|poke|p1|Pawmot, F|\n|poke|p1|Golem-Alola, F|\n|poke|p1|Grafaiai, F|\n|poke|p1|Rabsca, F|\n|poke|p1|Pelipper, F|\n|poke|p1|Basculegion-F, F|\n|poke|p2|Amoonguss, F|\n|poke|p2|Palafin, F|\n|poke|p2|Rillaboom, F|\n|poke|p2|Great Tusk|\n|poke|p2|Ogerpon-Hearthflame, F|\n|poke|p2|Arcanine, M|\n|teampreview\n|inactive|Battle timer is ON: inactive players will automatically lose when time's up. (requested by bjzhangj)\n|\n|t:|1700994764\n|start\n|switch|p1a: Pawmot|Pawmot, F|100\/100\n|switch|p1b: Golem|Golem-Alola, F|100\/100\n|switch|p2a: Rillaboom|Rillaboom, F|100\/100\n|switch|p2b: Ogerpon|Ogerpon-Hearthflame, F|100\/100\n|-ability|p2b: Ogerpon|Mold Breaker\n|-fieldstart|move: Grassy Terrain|[from] ability: Grassy Surge|[of] p2a: Rillaboom\n|turn|1\n|\n|t:|1700994781\n|move|p1a: Pawmot|Fake Out|p2a: Rillaboom\n|-damage|p2a: Rillaboom|88\/100\n|cant|p2a: Rillaboom|flinch\n|move|p2b: Ogerpon|Swords Dance|p2b: Ogerpon\n|-boost|p2b: Ogerpon|atk|2\n|move|p1b: Golem|Explosion|p2b: Ogerpon|[spread] p2a,p2b\n|-immune|p1a: Pawmot|[from] ability: Volt Absorb\n|-resisted|p2a: Rillaboom\n|-resisted|p2b: Ogerpon\n|-damage|p2a: Rillaboom|38\/100\n|-damage|p2b: Ogerpon|28\/100\n|-enditem|p2a: Rillaboom|Sitrus Berry|[eat]\n|-heal|p2a: Rillaboom|63\/100|[from] item: Sitrus Berry\n|faint|p1b: Golem\n|\n|-heal|p2b: Ogerpon|34\/100|[from] Grassy Terrain\n|-heal|p2a: Rillaboom|70\/100|[from] Grassy Terrain\n|upkeep\n|\n|t:|1700994796\n|switch|p1b: Grafaiai|Grafaiai, F|100\/100\n|turn|2\n|\n|t:|1700994813\n|-terastallize|p1b: Grafaiai|Normal\n|move|p1b: Grafaiai|Copycat|p1b: Grafaiai\n|move|p1b: Grafaiai|Explosion|p2a: Rillaboom|[from]move: Copycat|[spread] p1a,p2a,p2b\n|-enditem|p1a: Pawmot|Focus Sash\n|-damage|p1a: Pawmot|1\/100\n|-damage|p2a: Rillaboom|0 fnt\n|-damage|p2b: Ogerpon|0 fnt\n|faint|p1b: Grafaiai\n|faint|p2a: Rillaboom\n|faint|p2b: Ogerpon\n|move|p1a: Pawmot|Revival Blessing|p1a: Pawmot\n|\n|t:|1700994824\n|-heal|p1: Golem|50\/100|[from] move: Revival Blessing\n|\n|-heal|p1a: Pawmot|7\/100|[from] Grassy Terrain\n|upkeep\n|\n|t:|1700994841\n|switch|p2b: Amoonguss|Amoonguss, F|100\/100\n|switch|p1b: Pelipper|Pelipper, F|100\/100\n|switch|p2a: Palafin|Palafin, F|100\/100\n|-weather|RainDance|[from] ability: Drizzle|[of] p1b: Pelipper\n|turn|3\n|\n|t:|1700994863\n|move|p2a: Palafin|Flip Turn|p1a: Pawmot\n|-damage|p1a: Pawmot|0 fnt\n|faint|p1a: Pawmot\n|\n|t:|1700994871\n|detailschange|p2a: Palafin|Palafin-Hero, F\n|switch|p2a: Arcanine|Arcanine, M|100\/100|[from] Flip Turn\n|-ability|p2a: Arcanine|Intimidate|boost\n|-unboost|p1b: Pelipper|atk|1\n|move|p1b: Pelipper|Hurricane|p2b: Amoonguss\n|-supereffective|p2b: Amoonguss\n|-damage|p2b: Amoonguss|9\/100\n|move|p2b: Amoonguss|Spore|p1b: Pelipper\n|-status|p1b: Pelipper|slp|[from] move: Spore\n|\n|-weather|RainDance|[upkeep]\n|-heal|p2b: Amoonguss|15\/100|[from] Grassy Terrain\n|upkeep\n|inactive|bjzhangj has 120 seconds left.\n|\n|t:|1700994894\n|switch|p1a: Golem|Golem-Alola, F|50\/100\n|turn|4\n|\n|t:|1700994911\n|switch|p1b: Rabsca|Rabsca, F|100\/100\n|switch|p2b: Great Tusk|Great Tusk|100\/100\n|move|p2a: Arcanine|Will-O-Wisp|p1a: Golem\n|-status|p1a: Golem|brn\n|move|p1a: Golem|Explosion|p2a: Arcanine|[spread] p2a\n|-activate|p1b: Rabsca|ability: Telepathy\n|-immune|p2b: Great Tusk\n|-damage|p2a: Arcanine|58\/100\n|faint|p1a: Golem\n|\n|-weather|RainDance|[upkeep]\n|-heal|p2a: Arcanine|64\/100|[from] Grassy Terrain\n|upkeep\n|\n|t:|1700994929\n|switch|p1a: Pelipper|Pelipper, F|100\/100 slp\n|turn|5\n|\n|t:|1700994947\n|move|p2a: Arcanine|Will-O-Wisp|p1b: Rabsca\n|-status|p1b: Rabsca|brn\n|move|p2b: Great Tusk|Knock Off|p1b: Rabsca\n|-supereffective|p1b: Rabsca\n|-damage|p1b: Rabsca|45\/100 brn\n|-enditem|p1b: Rabsca|Mental Herb|[from] move: Knock Off|[of] p2b: Great Tusk\n|cant|p1a: Pelipper|slp\n|move|p1b: Rabsca|Revival Blessing|p1b: Rabsca\n|\n|t:|1700994959\n|-heal|p1: Pawmot|50\/100|[from] move: Revival Blessing\n|\n|-weather|RainDance|[upkeep]\n|-heal|p2a: Arcanine|70\/100|[from] Grassy Terrain\n|-heal|p1b: Rabsca|51\/100 brn|[from] Grassy Terrain\n|-damage|p1b: Rabsca|45\/100 brn|[from] brn\n|-fieldend|move: Grassy Terrain\n|upkeep\n|turn|6\n|\n|t:|1700994977\n|move|p2a: Arcanine|Dragon Pulse|p1a: Pelipper\n|-crit|p1a: Pelipper\n|-damage|p1a: Pelipper|59\/100 slp\n|move|p2b: Great Tusk|Knock Off|p1b: Rabsca\n|-supereffective|p1b: Rabsca\n|-crit|p1b: Rabsca\n|-damage|p1b: Rabsca|0 fnt\n|faint|p1b: Rabsca\n|-curestatus|p1a: Pelipper|slp|[msg]\n|move|p1a: Pelipper|Weather Ball|p2a: Arcanine\n|-supereffective|p2a: Arcanine\n|-damage|p2a: Arcanine|0 fnt\n|faint|p2a: Arcanine\n|\n|-weather|RainDance|[upkeep]\n|upkeep\n|\n|t:|1700994994\n|switch|p2a: Amoonguss|Amoonguss, F|48\/100\n|switch|p1b: Pawmot|Pawmot, F|50\/100\n|turn|7\n|\n|t:|1700995010\n|switch|p2a: Palafin|Palafin-Hero, F|100\/100\n|-activate|p2a: Palafin|ability: Zero to Hero\n|move|p1b: Pawmot|Fake Out|p2a: Palafin\n|-damage|p2a: Palafin|88\/100\n|move|p2b: Great Tusk|Headlong Rush|p1b: Pawmot\n|-supereffective|p1b: Pawmot\n|-damage|p1b: Pawmot|0 fnt\n|-unboost|p2b: Great Tusk|def|1\n|-unboost|p2b: Great Tusk|spd|1\n|faint|p1b: Pawmot\n|move|p1a: Pelipper|Weather Ball|p2b: Great Tusk\n|-supereffective|p2b: Great Tusk\n|-damage|p2b: Great Tusk|0 fnt\n|faint|p2b: Great Tusk\n|-end|p2b: Great Tusk|Protosynthesis|[silent]\n|\n|-weather|none\n|upkeep\n|\n|t:|1700995028\n|switch|p1b: Basculegion|Basculegion-F, F|100\/100\n|switch|p2b: Amoonguss|Amoonguss, F|82\/100\n|turn|8\n|\n|t:|1700995049\n|move|p1b: Basculegion|Protect|p1b: Basculegion\n|-singleturn|p1b: Basculegion|Protect\n|move|p2a: Palafin|Wave Crash|p1a: Pelipper\n|-resisted|p1a: Pelipper\n|-damage|p1a: Pelipper|21\/100\n|-enditem|p1a: Pelipper|Sitrus Berry|[eat]\n|-heal|p1a: Pelipper|46\/100|[from] item: Sitrus Berry\n|-damage|p2a: Palafin|75\/100|[from] Recoil\n|move|p1a: Pelipper|Tailwind|p1a: Pelipper\n|-sidestart|p1: bjzhangj|move: Tailwind\n|move|p2b: Amoonguss|Spore|p1b: Basculegion\n|-activate|p1b: Basculegion|move: Protect\n|\n|upkeep\n|turn|9\n|\n|t:|1700995074\n|move|p1b: Basculegion|Last Respects|p2a: Palafin\n|-damage|p2a: Palafin|0 fnt\n|faint|p2a: Palafin\n|-damage|p1b: Basculegion|91\/100|[from] item: Life Orb\n|move|p1a: Pelipper|Hurricane|p2b: Amoonguss\n|-supereffective|p2b: Amoonguss\n|-damage|p2b: Amoonguss|0 fnt\n|faint|p2b: Amoonguss\n|\n|win|bjzhangj\n|raw|bjzhangj's rating: 1220 &rarr; <strong>1235<\/strong><br \/>(+15 for winning)\n|raw|pangdunkabi's rating: 1071 &rarr; <strong>1059<\/strong><br \/>(-12 for losing)\n|l|\u2606pangdunkabi\n","uploadtime":1700995087,"views":18,"p1id":"bjzhangj","p2id":"pangdunkabi","formatid":"gen9doublesou","rating":1059,"private":0,"password":""}