{"id":"gen9doublesou-1983330245","p1":"CatterCatter","p2":"12123434a","format":"[Gen 9] Doubles OU","log":"|j|\u2606CatterCatter\n|j|\u260612123434a\n|t:|1699118885\n|gametype|doubles\n|player|p1|CatterCatter|pokemaniac|1408\n|player|p2|12123434a|twins-gen4dp|1435\n|teamsize|p1|6\n|teamsize|p2|6\n|gen|9\n|tier|[Gen 9] Doubles OU\n|rated|\n|rule|Species Clause: Limit one of each Pok\u00e9mon\n|rule|OHKO Clause: OHKO moves are banned\n|rule|Evasion Moves Clause: Evasion moves are banned\n|rule|Gravity Sleep Clause: The combination of sleep-inducing moves with imperfect accuracy and Gravity or Gigantamax Orbeetle are banned\n|rule|Endless Battle Clause: Forcing endless battles is banned\n|rule|HP Percentage Mod: HP is shown in percentages\n|clearpoke\n|poke|p1|Kommo-o, F|\n|poke|p1|Sinistcha|\n|poke|p1|Thundurus-Therian, M|\n|poke|p1|Tornadus, M|\n|poke|p1|Volcanion|\n|poke|p1|Ursaluna, M|\n|poke|p2|Ogerpon-Hearthflame, F|\n|poke|p2|Chien-Pao|\n|poke|p2|Ting-Lu|\n|poke|p2|Grimmsnarl, M|\n|poke|p2|Iron Hands|\n|poke|p2|Hatterene, F|\n|teampreview\n|inactive|Battle timer is ON: inactive players will automatically lose when time's up. (requested by 12123434a)\n|\n|t:|1699118913\n|start\n|switch|p1a: Tornadus|Tornadus, M|100\/100\n|switch|p1b: Kommo-o|Kommo-o, F|100\/100\n|switch|p2a: Ogerpon|Ogerpon-Hearthflame, F|100\/100\n|switch|p2b: Grimmsnarl|Grimmsnarl, M|100\/100\n|-ability|p2a: Ogerpon|Mold Breaker\n|turn|1\n|\n|t:|1699118937\n|move|p1a: Tornadus|Tailwind|p1a: Tornadus\n|-sidestart|p1: CatterCatter|move: Tailwind\n|move|p2b: Grimmsnarl|Light Screen|p2b: Grimmsnarl\n|-sidestart|p2: 12123434a|move: Light Screen\n|move|p1b: Kommo-o|Clangorous Soul|p1b: Kommo-o\n|-boost|p1b: Kommo-o|atk|1\n|-boost|p1b: Kommo-o|def|1\n|-boost|p1b: Kommo-o|spa|1\n|-boost|p1b: Kommo-o|spd|1\n|-boost|p1b: Kommo-o|spe|1\n|-damage|p1b: Kommo-o|68\/100\n|-enditem|p1b: Kommo-o|Throat Spray\n|-boost|p1b: Kommo-o|spa|1|[from] item: Throat Spray\n|move|p2a: Ogerpon|Swords Dance|p2a: Ogerpon\n|-boost|p2a: Ogerpon|atk|2\n|\n|upkeep\n|turn|2\n|\n|t:|1699118964\n|move|p1b: Kommo-o|Protect|p1b: Kommo-o\n|-singleturn|p1b: Kommo-o|Protect\n|move|p1a: Tornadus|Rain Dance|p1a: Tornadus\n|-weather|RainDance\n|move|p2a: Ogerpon|Ivy Cudgel|p1a: Tornadus\n|-damage|p1a: Tornadus|9\/100\n|move|p2b: Grimmsnarl|Spirit Break|p1b: Kommo-o\n|-activate|p1b: Kommo-o|move: Protect\n|\n|-weather|RainDance|[upkeep]\n|upkeep\n|turn|3\n|\n|t:|1699118996\n|-terastallize|p1b: Kommo-o|Steel\n|move|p2a: Ogerpon|Spiky Shield|p2a: Ogerpon\n|-singleturn|p2a: Ogerpon|move: Protect\n|move|p2b: Grimmsnarl|Parting Shot|p1b: Kommo-o\n|-unboost|p1b: Kommo-o|atk|1\n|-unboost|p1b: Kommo-o|spa|1\n|\n|t:|1699119004\n|switch|p2b: Ting-Lu|Ting-Lu|100\/100|[from] Parting Shot\n|-ability|p2b: Ting-Lu|Vessel of Ruin\n|move|p1b: Kommo-o|Clanging Scales|p2a: Ogerpon|[spread] p2b\n|-activate|p2a: Ogerpon|move: Protect\n|-damage|p2b: Ting-Lu|86\/100\n|-unboost|p1b: Kommo-o|def|1\n|move|p1a: Tornadus|Bleakwind Storm|p2a: Ogerpon|[spread] p2b\n|-activate|p2a: Ogerpon|move: Protect\n|-damage|p2b: Ting-Lu|75\/100\n|\n|-weather|RainDance|[upkeep]\n|upkeep\n|turn|4\n|\n|t:|1699119024\n|move|p1b: Kommo-o|Protect|p1b: Kommo-o\n|-singleturn|p1b: Kommo-o|Protect\n|move|p1a: Tornadus|Bleakwind Storm|p2b: Ting-Lu|[spread] p2a,p2b\n|-supereffective|p2a: Ogerpon\n|-damage|p2a: Ogerpon|64\/100\n|-damage|p2b: Ting-Lu|65\/100\n|-unboost|p2a: Ogerpon|spe|1\n|-unboost|p2b: Ting-Lu|spe|1\n|move|p2a: Ogerpon|Ivy Cudgel|p1b: Kommo-o\n|-activate|p1b: Kommo-o|move: Protect\n|move|p2b: Ting-Lu|Throat Chop|p1a: Tornadus\n|-damage|p1a: Tornadus|0 fnt\n|faint|p1a: Tornadus\n|\n|-weather|RainDance|[upkeep]\n|-sideend|p1: CatterCatter|move: Tailwind\n|upkeep\n|\n|t:|1699119041\n|switch|p1a: Sinistcha|Sinistcha|100\/100\n|-heal|p1b: Kommo-o|93\/100|[from] ability: Hospitality|[of] p1a: Sinistcha\n|turn|5\n|inactive|CatterCatter has 120 seconds left.\n|\n|t:|1699119084\n|move|p1b: Kommo-o|Clanging Scales|p2a: Ogerpon|[spread] p2a,p2b\n|-damage|p2a: Ogerpon|38\/100\n|-damage|p2b: Ting-Lu|49\/100\n|-unboost|p1b: Kommo-o|def|1\n|move|p2a: Ogerpon|Ivy Cudgel|p1a: Sinistcha\n|-supereffective|p1a: Sinistcha\n|-damage|p1a: Sinistcha|17\/100\n|move|p1a: Sinistcha|Life Dew|p1a: Sinistcha|[spread] p1a,p1b\n|-heal|p1a: Sinistcha|42\/100\n|-heal|p1b: Kommo-o|100\/100\n|move|p2b: Ting-Lu|Ruination|p1b: Kommo-o\n|-damage|p1b: Kommo-o|51\/100\n|\n|-weather|RainDance|[upkeep]\n|upkeep\n|turn|6\n|inactive|CatterCatter has 120 seconds left.\n|\n|t:|1699119133\n|switch|p1a: Thundurus|Thundurus-Therian, M|100\/100\n|move|p1b: Kommo-o|Protect|p1b: Kommo-o\n|-singleturn|p1b: Kommo-o|Protect\n|move|p2a: Ogerpon|Spiky Shield|p2a: Ogerpon\n|-singleturn|p2a: Ogerpon|move: Protect\n|move|p2b: Ting-Lu|Throat Chop|p1b: Kommo-o\n|-activate|p1b: Kommo-o|move: Protect\n|\n|-weather|none\n|upkeep\n|turn|7\n|inactive|CatterCatter has 90 seconds left.\n|\n|t:|1699119169\n|switch|p2a: Chien-Pao|Chien-Pao|100\/100\n|-ability|p2a: Chien-Pao|Sword of Ruin\n|move|p1b: Kommo-o|Clanging Scales|p2a: Chien-Pao|[spread] p2a,p2b\n|-damage|p2a: Chien-Pao|61\/100\n|-damage|p2b: Ting-Lu|35\/100\n|-unboost|p1b: Kommo-o|def|1\n|move|p1a: Thundurus|Volt Switch|p2a: Chien-Pao\n|-crit|p2a: Chien-Pao\n|-damage|p2a: Chien-Pao|0 fnt\n|faint|p2a: Chien-Pao\n|\n|t:|1699119182\n|switch|p1a: Sinistcha|Sinistcha|42\/100|[from] Volt Switch\n|-heal|p1b: Kommo-o|76\/100|[from] ability: Hospitality|[of] p1a: Sinistcha\n|move|p2b: Ting-Lu|Stomping Tantrum|p1b: Kommo-o\n|-supereffective|p1b: Kommo-o\n|-damage|p1b: Kommo-o|0 fnt\n|faint|p1b: Kommo-o\n|\n|upkeep\n|\n|t:|1699119194\n|switch|p2a: Grimmsnarl|Grimmsnarl, M|100\/100\n|switch|p1b: Volcanion|Volcanion|100\/100\n|turn|8\n|\n|t:|1699119214\n|move|p2a: Grimmsnarl|Parting Shot|p1b: Volcanion\n|-unboost|p1b: Volcanion|atk|1\n|-unboost|p1b: Volcanion|spa|1\n|\n|t:|1699119219\n|switch|p2a: Hatterene|Hatterene, F|100\/100|[from] Parting Shot\n|move|p1b: Volcanion|Steam Eruption|p2b: Ting-Lu\n|-supereffective|p2b: Ting-Lu\n|-crit|p2b: Ting-Lu\n|-damage|p2b: Ting-Lu|0 fnt\n|faint|p2b: Ting-Lu\n|move|p1a: Sinistcha|Matcha Gotcha|p2a: Hatterene\n|-damage|p2a: Hatterene|77\/100\n|-heal|p1a: Sinistcha|53\/100|[from] drain|[of] p2a: Hatterene\n|\n|-heal|p2a: Hatterene|83\/100|[from] item: Leftovers\n|-sideend|p2: 12123434a|move: Light Screen\n|upkeep\n|\n|t:|1699119229\n|switch|p2b: Grimmsnarl|Grimmsnarl, M|100\/100\n|turn|9\n|inactive|CatterCatter has 120 seconds left.\n|\n|t:|1699119249\n|move|p2b: Grimmsnarl|Light Screen|p2b: Grimmsnarl\n|-sidestart|p2: 12123434a|move: Light Screen\n|move|p1b: Volcanion|Sludge Bomb|p2b: Grimmsnarl\n|-supereffective|p2b: Grimmsnarl\n|-damage|p2b: Grimmsnarl|62\/100\n|move|p1a: Sinistcha|Matcha Gotcha|p2a: Hatterene|[spread] p2a,p2b\n|-damage|p2a: Hatterene|67\/100\n|-heal|p1a: Sinistcha|61\/100|[from] drain|[of] p2a: Hatterene\n|-damage|p2b: Grimmsnarl|44\/100\n|-heal|p1a: Sinistcha|71\/100|[from] drain|[of] p2b: Grimmsnarl\n|move|p2a: Hatterene|Nuzzle|p1b: Volcanion\n|-supereffective|p1b: Volcanion\n|-damage|p1b: Volcanion|94\/100\n|-status|p1b: Volcanion|par\n|\n|-heal|p2a: Hatterene|73\/100|[from] item: Leftovers\n|upkeep\n|turn|10\n|\n|t:|1699119274\n|move|p2b: Grimmsnarl|Spirit Break|p1a: Sinistcha\n|-damage|p1a: Sinistcha|43\/100\n|-unboost|p1a: Sinistcha|spa|1\n|move|p2a: Hatterene|Calm Mind|p2a: Hatterene\n|-boost|p2a: Hatterene|spa|1\n|-boost|p2a: Hatterene|spd|1\n|cant|p1b: Volcanion|par\n|move|p1a: Sinistcha|Trick Room|p1a: Sinistcha\n|-fieldstart|move: Trick Room|[of] p1a: Sinistcha\n|\n|-heal|p2a: Hatterene|78\/100|[from] item: Leftovers\n|upkeep\n|turn|11\n|\n|t:|1699119291\n|move|p2b: Grimmsnarl|Parting Shot|p1b: Volcanion\n|-unboost|p1b: Volcanion|atk|1\n|-unboost|p1b: Volcanion|spa|1\n|\n|t:|1699119295\n|switch|p2b: Ogerpon|Ogerpon-Hearthflame, F|38\/100|[from] Parting Shot\n|-ability|p2b: Ogerpon|Mold Breaker\n|move|p1b: Volcanion|Heat Wave|p2b: Ogerpon|[spread] p2a,p2b\n|-damage|p2a: Hatterene|68\/100\n|-damage|p2b: Ogerpon|24\/100\n|move|p2a: Hatterene|Psychic|p1b: Volcanion\n|-damage|p1b: Volcanion|27\/100 par\n|move|p1a: Sinistcha|Matcha Gotcha|p2a: Hatterene|[spread] p2a,p2b\n|-resisted|p2b: Ogerpon\n|-damage|p2a: Hatterene|61\/100\n|-heal|p1a: Sinistcha|47\/100|[from] drain|[of] p2a: Hatterene\n|-damage|p2b: Ogerpon|22\/100\n|-heal|p1a: Sinistcha|48\/100|[from] drain|[of] p2b: Ogerpon\n|-status|p2a: Hatterene|brn\n|\n|-heal|p2a: Hatterene|67\/100 brn|[from] item: Leftovers\n|-damage|p2a: Hatterene|61\/100 brn|[from] brn\n|upkeep\n|turn|12\n|\n|t:|1699119315\n|move|p2b: Ogerpon|Spiky Shield|p2b: Ogerpon\n|-singleturn|p2b: Ogerpon|move: Protect\n|move|p1a: Sinistcha|Rage Powder|p1a: Sinistcha\n|-singleturn|p1a: Sinistcha|move: Rage Powder\n|move|p1b: Volcanion|Sludge Bomb|p2b: Ogerpon\n|-activate|p2b: Ogerpon|move: Protect\n|move|p2a: Hatterene|Draining Kiss|p1a: Sinistcha\n|-damage|p1a: Sinistcha|9\/100\n|-heal|p2a: Hatterene|93\/100 brn|[from] drain|[of] p1a: Sinistcha\n|\n|-heal|p2a: Hatterene|99\/100 brn|[from] item: Leftovers\n|-damage|p2a: Hatterene|93\/100 brn|[from] brn\n|upkeep\n|turn|13\n|\n|t:|1699119335\n|switch|p2b: Iron Hands|Iron Hands|100\/100\n|move|p1b: Volcanion|Sludge Bomb|p2a: Hatterene\n|-supereffective|p2a: Hatterene\n|-damage|p2a: Hatterene|72\/100 brn\n|move|p2a: Hatterene|Calm Mind|p2a: Hatterene\n|-boost|p2a: Hatterene|spa|1\n|-boost|p2a: Hatterene|spd|1\n|move|p1a: Sinistcha|Matcha Gotcha|p2a: Hatterene|[spread] p2a,p2b\n|-damage|p2a: Hatterene|67\/100 brn\n|-heal|p1a: Sinistcha|12\/100|[from] drain|[of] p2a: Hatterene\n|-damage|p2b: Iron Hands|94\/100\n|-heal|p1a: Sinistcha|17\/100|[from] drain|[of] p2b: Iron Hands\n|\n|-heal|p2a: Hatterene|73\/100 brn|[from] item: Leftovers\n|-damage|p2a: Hatterene|67\/100 brn|[from] brn\n|upkeep\n|turn|14\n|\n|t:|1699119351\n|move|p2b: Iron Hands|Fake Out|p1b: Volcanion\n|-damage|p1b: Volcanion|15\/100 par\n|cant|p1b: Volcanion|flinch\n|move|p2a: Hatterene|Draining Kiss|p1a: Sinistcha\n|-damage|p1a: Sinistcha|0 fnt\n|-heal|p2a: Hatterene|80\/100 brn|[from] drain|[of] p1a: Sinistcha\n|faint|p1a: Sinistcha\n|\n|-heal|p2a: Hatterene|86\/100 brn|[from] item: Leftovers\n|-damage|p2a: Hatterene|80\/100 brn|[from] brn\n|-fieldend|move: Trick Room\n|upkeep\n|\n|t:|1699119363\n|switch|p1a: Thundurus|Thundurus-Therian, M|100\/100\n|turn|15\n|\n|t:|1699119373\n|move|p1a: Thundurus|Wildbolt Storm|p2a: Hatterene|[spread] p2a,p2b\n|-resisted|p2b: Iron Hands\n|-damage|p2a: Hatterene|63\/100 brn\n|-damage|p2b: Iron Hands|83\/100\n|move|p2b: Iron Hands|Drain Punch|p1b: Volcanion\n|-damage|p1b: Volcanion|0 fnt\n|-heal|p2b: Iron Hands|89\/100|[from] drain|[of] p1b: Volcanion\n|faint|p1b: Volcanion\n|move|p2a: Hatterene|Draining Kiss|p1a: Thundurus\n|-damage|p1a: Thundurus|39\/100\n|-heal|p2a: Hatterene|100\/100 brn|[from] drain|[of] p1a: Thundurus\n|\n|-damage|p2a: Hatterene|95\/100 brn|[from] brn\n|upkeep\n|\n|t:|1699119379\n|switch|p1b: Ursaluna|Ursaluna, M|100\/100\n|turn|16\n|\n|t:|1699119393\n|move|p1a: Thundurus|Wildbolt Storm|p2b: Iron Hands|[spread] p2a\n|-miss|p1a: Thundurus|p2b: Iron Hands\n|-damage|p2a: Hatterene|77\/100 brn\n|move|p2b: Iron Hands|Heavy Slam|p1a: Thundurus\n|-resisted|p1a: Thundurus\n|-damage|p1a: Thundurus|0 fnt\n|faint|p1a: Thundurus\n|move|p1b: Ursaluna|High Horsepower|p2b: Iron Hands\n|-supereffective|p2b: Iron Hands\n|-damage|p2b: Iron Hands|21\/100\n|move|p2a: Hatterene|Psychic|p1b: Ursaluna\n|-damage|p1b: Ursaluna|29\/100\n|\n|-heal|p2a: Hatterene|83\/100 brn|[from] item: Leftovers\n|-damage|p2a: Hatterene|77\/100 brn|[from] brn\n|-sideend|p2: 12123434a|move: Light Screen\n|-status|p1b: Ursaluna|brn|[from] item: Flame Orb\n|upkeep\n|turn|17\n|-message|CatterCatter forfeited.\n|\n|win|12123434a\n|raw|CatterCatter's rating: 1408 &rarr; <strong>1390<\/strong><br \/>(-18 for losing)\n|raw|12123434a's rating: 1435 &rarr; <strong>1453<\/strong><br \/>(+18 for winning)\n|l|\u2606CatterCatter\n","uploadtime":1699119412,"views":22,"p1id":"cattercatter","p2id":"12123434a","formatid":"gen9doublesou","rating":1390,"private":0,"password":""}