{"id":"gen9doublesou-1978315200","p1":"cotesmcgotes","p2":"AzureDemonKing","format":"[Gen 9] Doubles OU","log":"|j|\u2606cotesmcgotes\n|j|\u2606AzureDemonKing\n|t:|1698524188\n|gametype|doubles\n|player|p1|cotesmcgotes|flannery|1416\n|player|p2|AzureDemonKing|cynthia-gen4|1297\n|teamsize|p1|6\n|teamsize|p2|6\n|gen|9\n|tier|[Gen 9] Doubles OU\n|rated|\n|rule|Species Clause: Limit one of each Pok\u00e9mon\n|rule|OHKO Clause: OHKO moves are banned\n|rule|Evasion Moves Clause: Evasion moves are banned\n|rule|Gravity Sleep Clause: The combination of sleep-inducing moves with imperfect accuracy and Gravity or Gigantamax Orbeetle are banned\n|rule|Endless Battle Clause: Forcing endless battles is banned\n|rule|HP Percentage Mod: HP is shown in percentages\n|clearpoke\n|poke|p1|Ninetales-Alola, F|\n|poke|p1|Froslass, F|\n|poke|p1|Mamoswine, F|\n|poke|p1|Tornadus, M|\n|poke|p1|Cetitan, M|\n|poke|p1|Chien-Pao|\n|poke|p2|Raichu, M|\n|poke|p2|Skeledirge, F|\n|poke|p2|Dragonite, M|\n|poke|p2|Samurott-Hisui, M|\n|poke|p2|Cresselia, F|\n|poke|p2|Empoleon, F|\n|teampreview\n|inactive|Battle timer is ON: inactive players will automatically lose when time's up. (requested by AzureDemonKing)\n|\n|t:|1698524194\n|start\n|switch|p1a: Ninetales|Ninetales-Alola, F|100\/100\n|switch|p1b: Tornadus|Tornadus, M|100\/100\n|switch|p2a: Raichu|Raichu, M|100\/100\n|switch|p2b: Samurott|Samurott-Hisui, M|100\/100\n|-weather|Snow|[from] ability: Snow Warning|[of] p1a: Ninetales\n|turn|1\n|\n|t:|1698524207\n|switch|p1b: Mamoswine|Mamoswine, F|100\/100\n|move|p2a: Raichu|Nuzzle|p1b: Mamoswine\n|-immune|p1b: Mamoswine\n|move|p1a: Ninetales|Aurora Veil|p1a: Ninetales\n|-sidestart|p1: cotesmcgotes|move: Aurora Veil\n|move|p2b: Samurott|Ceaseless Edge|p1a: Ninetales\n|-resisted|p1a: Ninetales\n|-damage|p1a: Ninetales|84\/100\n|-sidestart|p1: cotesmcgotes|Spikes\n|\n|-weather|Snow|[upkeep]\n|upkeep\n|turn|2\n|\n|t:|1698524224\n|move|p2a: Raichu|Nuzzle|p1a: Ninetales\n|-crit|p1a: Ninetales\n|-damage|p1a: Ninetales|76\/100\n|-status|p1a: Ninetales|par\n|move|p1b: Mamoswine|Rock Slide|p2b: Samurott|[spread] p2a,p2b\n|-damage|p2a: Raichu|64\/100\n|-damage|p2b: Samurott|78\/100\n|move|p2b: Samurott|Knock Off|p1b: Mamoswine\n|-damage|p1b: Mamoswine|76\/100\n|-enditem|p1b: Mamoswine|Wide Lens|[from] move: Knock Off|[of] p2b: Samurott\n|move|p1a: Ninetales|Moonblast|p2b: Samurott\n|-supereffective|p2b: Samurott\n|-damage|p2b: Samurott|0 fnt\n|faint|p2b: Samurott\n|\n|-weather|Snow|[upkeep]\n|upkeep\n|\n|t:|1698524238\n|switch|p2b: Skeledirge|Skeledirge, F|100\/100\n|turn|3\n|\n|t:|1698524254\n|-terastallize|p1a: Ninetales|Water\n|-terastallize|p2b: Skeledirge|Fairy\n|move|p2a: Raichu|Knock Off|p1a: Ninetales\n|-crit|p1a: Ninetales\n|-damage|p1a: Ninetales|32\/100 par\n|-enditem|p1a: Ninetales|Icy Rock|[from] move: Knock Off|[of] p2a: Raichu\n|move|p1b: Mamoswine|High Horsepower|p2a: Raichu\n|-supereffective|p2a: Raichu\n|-damage|p2a: Raichu|0 fnt\n|faint|p2a: Raichu\n|move|p1a: Ninetales|Nasty Plot|p1a: Ninetales\n|-boost|p1a: Ninetales|spa|2\n|move|p2b: Skeledirge|Torch Song|p1b: Mamoswine\n|-supereffective|p1b: Mamoswine\n|-damage|p1b: Mamoswine|5\/100\n|-boost|p2b: Skeledirge|spa|1\n|-enditem|p2b: Skeledirge|Throat Spray\n|-boost|p2b: Skeledirge|spa|1|[from] item: Throat Spray\n|\n|-weather|Snow|[upkeep]\n|upkeep\n|\n|t:|1698524265\n|switch|p2a: Cresselia|Cresselia, F|100\/100\n|turn|4\n|\n|t:|1698524282\n|move|p1b: Mamoswine|Ice Shard|p2b: Skeledirge\n|-damage|p2b: Skeledirge|83\/100\n|move|p2a: Cresselia|Dazzling Gleam|p1a: Ninetales|[spread] p1a\n|-miss|p2a: Cresselia|p1b: Mamoswine\n|-damage|p1a: Ninetales|24\/100 par\n|move|p1a: Ninetales|Blizzard|p2a: Cresselia|[spread] p2a,p2b\n|-damage|p2a: Cresselia|63\/100\n|-damage|p2b: Skeledirge|49\/100\n|move|p2b: Skeledirge|Earth Power|p1a: Ninetales\n|-damage|p1a: Ninetales|0 fnt\n|faint|p1a: Ninetales\n|\n|-weather|Snow|[upkeep]\n|-heal|p2a: Cresselia|69\/100|[from] item: Leftovers\n|upkeep\n|inactive|cotesmcgotes has 120 seconds left.\n|\n|t:|1698524308\n|switch|p1a: Chien-Pao|Chien-Pao|100\/100\n|-damage|p1a: Chien-Pao|88\/100|[from] Spikes\n|-ability|p1a: Chien-Pao|Sword of Ruin\n|turn|5\n|\n|t:|1698524318\n|switch|p2b: Empoleon|Empoleon, F|100\/100\n|move|p1a: Chien-Pao|Crunch|p2a: Cresselia\n|-supereffective|p2a: Cresselia\n|-damage|p2a: Cresselia|3\/100\n|-unboost|p2a: Cresselia|def|1\n|move|p1b: Mamoswine|Icicle Crash|p2b: Empoleon\n|-resisted|p2b: Empoleon\n|-damage|p2b: Empoleon|88\/100\n|move|p2a: Cresselia|Thunder Wave|p1a: Chien-Pao\n|-status|p1a: Chien-Pao|par\n|\n|-weather|Snow|[upkeep]\n|-heal|p2a: Cresselia|9\/100|[from] item: Leftovers\n|-sideend|p1: cotesmcgotes|move: Aurora Veil\n|upkeep\n|turn|6\n|\n|t:|1698524342\n|cant|p1a: Chien-Pao|par\n|move|p1b: Mamoswine|High Horsepower|p2b: Empoleon\n|-supereffective|p2b: Empoleon\n|-damage|p2b: Empoleon|0 fnt\n|faint|p2b: Empoleon\n|move|p2a: Cresselia|Icy Wind|p1a: Chien-Pao|[spread] p1a,p1b\n|-resisted|p1a: Chien-Pao\n|-damage|p1a: Chien-Pao|84\/100 par\n|-damage|p1b: Mamoswine|0 fnt\n|-unboost|p1a: Chien-Pao|spe|1\n|faint|p1b: Mamoswine\n|\n|-weather|Snow|[upkeep]\n|-heal|p2a: Cresselia|15\/100|[from] item: Leftovers\n|upkeep\n|\n|t:|1698524354\n|switch|p1b: Cetitan|Cetitan, M|100\/100\n|switch|p2b: Skeledirge|Skeledirge, F, tera:Fairy|49\/100\n|-damage|p1b: Cetitan|88\/100|[from] Spikes\n|turn|7\n|\n|t:|1698524363\n|move|p1a: Chien-Pao|Sucker Punch||[still]\n|-fail|p1a: Chien-Pao\n|move|p1b: Cetitan|Icicle Crash|p2b: Skeledirge\n|-damage|p2b: Skeledirge|3\/100\n|move|p2a: Cresselia|Thunder Wave|p1b: Cetitan\n|-status|p1b: Cetitan|par\n|move|p2b: Skeledirge|Torch Song|p1a: Chien-Pao\n|-supereffective|p1a: Chien-Pao\n|-damage|p1a: Chien-Pao|0 fnt\n|-boost|p2b: Skeledirge|spa|1\n|faint|p1a: Chien-Pao\n|\n|-weather|Snow|[upkeep]\n|-heal|p2a: Cresselia|21\/100|[from] item: Leftovers\n|upkeep\n|\n|t:|1698524374\n|switch|p1a: Tornadus|Tornadus, M|100\/100\n|turn|8\n|\n|t:|1698524384\n|move|p1a: Tornadus|Taunt|p2a: Cresselia\n|-start|p2a: Cresselia|move: Taunt\n|cant|p2a: Cresselia|move: Taunt|Lunar Blessing\n|move|p1b: Cetitan|Icicle Crash|p2b: Skeledirge\n|-damage|p2b: Skeledirge|0 fnt\n|faint|p2b: Skeledirge\n|\n|-weather|none\n|-heal|p2a: Cresselia|27\/100|[from] item: Leftovers\n|upkeep\n|\n|t:|1698524390\n|switch|p2b: Dragonite|Dragonite, M|100\/100\n|turn|9\n|\n|t:|1698524401\n|move|p2b: Dragonite|Extreme Speed|p1b: Cetitan\n|-damage|p1b: Cetitan|59\/100 par\n|move|p1a: Tornadus|Snowscape|p1a: Tornadus\n|-weather|Snow\n|move|p2a: Cresselia|Icy Wind|p1b: Cetitan|[spread] p1a,p1b\n|-supereffective|p1a: Tornadus\n|-resisted|p1b: Cetitan\n|-damage|p1a: Tornadus|89\/100\n|-damage|p1b: Cetitan|56\/100 par\n|-unboost|p1a: Tornadus|spe|1\n|-unboost|p1b: Cetitan|spe|1\n|move|p1b: Cetitan|Icicle Crash|p2b: Dragonite\n|-supereffective|p2b: Dragonite\n|-damage|p2b: Dragonite|2\/100\n|\n|-weather|Snow|[upkeep]\n|-heal|p2a: Cresselia|33\/100|[from] item: Leftovers\n|upkeep\n|turn|10\n|\n|t:|1698524420\n|move|p1a: Tornadus|Tailwind|p1a: Tornadus\n|-sidestart|p1: cotesmcgotes|move: Tailwind\n|move|p2b: Dragonite|Rock Slide|p1b: Cetitan|[spread] p1a,p1b\n|-supereffective|p1a: Tornadus\n|-supereffective|p1b: Cetitan\n|-damage|p1a: Tornadus|38\/100\n|-damage|p1b: Cetitan|28\/100 par\n|cant|p1b: Cetitan|flinch\n|move|p2a: Cresselia|Dazzling Gleam|p1b: Cetitan|[spread] p1a,p1b\n|-damage|p1a: Tornadus|30\/100\n|-damage|p1b: Cetitan|16\/100 par\n|\n|-weather|Snow|[upkeep]\n|-heal|p2a: Cresselia|39\/100|[from] item: Leftovers\n|-end|p2a: Cresselia|move: Taunt\n|upkeep\n|turn|11\n|\n|t:|1698524445\n|move|p2b: Dragonite|Extreme Speed|p1b: Cetitan\n|-damage|p1b: Cetitan|0 fnt\n|faint|p1b: Cetitan\n|move|p1a: Tornadus|Taunt|p2a: Cresselia\n|-start|p2a: Cresselia|move: Taunt\n|cant|p2a: Cresselia|move: Taunt|Lunar Blessing\n|\n|-weather|Snow|[upkeep]\n|-heal|p2a: Cresselia|45\/100|[from] item: Leftovers\n|upkeep\n|\n|t:|1698524452\n|switch|p1b: Froslass|Froslass, F|100\/100\n|-damage|p1b: Froslass|88\/100|[from] Spikes\n|turn|12\n|\n|t:|1698524459\n|move|p1b: Froslass|Blizzard|p2a: Cresselia|[spread] p2a,p2b\n|-supereffective|p2b: Dragonite\n|-damage|p2a: Cresselia|28\/100\n|-damage|p2b: Dragonite|0 fnt\n|faint|p2b: Dragonite\n|move|p1a: Tornadus|Icy Wind|p2a: Cresselia\n|-damage|p2a: Cresselia|18\/100\n|-unboost|p2a: Cresselia|spe|1\n|move|p2a: Cresselia|Icy Wind|p1a: Tornadus|[spread] p1a,p1b\n|-supereffective|p1a: Tornadus\n|-resisted|p1b: Froslass\n|-damage|p1a: Tornadus|18\/100\n|-damage|p1b: Froslass|82\/100\n|-unboost|p1a: Tornadus|spe|1\n|-unboost|p1b: Froslass|spe|1\n|\n|-weather|Snow|[upkeep]\n|-heal|p2a: Cresselia|24\/100|[from] item: Leftovers\n|upkeep\n|turn|13\n|\n|t:|1698524479\n|move|p1b: Froslass|Hex|p2a: Cresselia\n|-supereffective|p2a: Cresselia\n|-damage|p2a: Cresselia|0 fnt\n|faint|p2a: Cresselia\n|\n|win|cotesmcgotes\n|raw|cotesmcgotes's rating: 1416 &rarr; <strong>1429<\/strong><br \/>(+13 for winning)\n|raw|AzureDemonKing's rating: 1297 &rarr; <strong>1280<\/strong><br \/>(-17 for losing)\n|l|\u2606AzureDemonKing\n","uploadtime":1698524532,"views":20,"p1id":"cotesmcgotes","p2id":"azuredemonking","formatid":"gen9doublesou","rating":1280,"private":0,"password":""}