{"id":"gen9doublesou-1995073291","p1":"Martin80","p2":"Rocky 14","format":"[Gen 9] Doubles OU","log":"|j|\u2606Martin80\n|j|\u2606Rocky 14\n|t:|1700519625\n|gametype|doubles\n|player|p1|Martin80|steven|1157\n|player|p2|Rocky 14|brock|1170\n|teamsize|p1|6\n|teamsize|p2|6\n|gen|9\n|tier|[Gen 9] Doubles OU\n|rated|\n|rule|Species Clause: Limit one of each Pok\u00e9mon\n|rule|OHKO Clause: OHKO moves are banned\n|rule|Evasion Moves Clause: Evasion moves are banned\n|rule|Gravity Sleep Clause: The combination of sleep-inducing moves with imperfect accuracy and Gravity or Gigantamax Orbeetle are banned\n|rule|Endless Battle Clause: Forcing endless battles is banned\n|rule|HP Percentage Mod: HP is shown in percentages\n|clearpoke\n|poke|p1|Garganacl, F|\n|poke|p1|Tinkaton, F|\n|poke|p1|Lokix, F|\n|poke|p1|Quaquaval, F|\n|poke|p1|Arboliva, F|\n|poke|p1|Ceruledge, F|\n|poke|p2|Illumise, F|\n|poke|p2|Glalie, F|\n|poke|p2|Krookodile, F|\n|poke|p2|Zapdos|\n|poke|p2|Flamigo, F|\n|poke|p2|Thundurus-Therian, M|\n|teampreview\n|j| lerac\n|l| lerac\n|\n|t:|1700519647\n|start\n|switch|p1a: Bichota|Lokix, F, shiny|100\/100\n|switch|p1b: Tinkaton|Tinkaton, F, shiny|100\/100\n|switch|p2a: Taxzy|Glalie, F, shiny|100\/100\n|switch|p2b: Goldie|Illumise, F, shiny|100\/100\n|turn|1\n|\n|t:|1700519676\n|move|p1b: Tinkaton|Helping Hand|p1a: Bichota\n|-singleturn|p1a: Bichota|Helping Hand|[of] p1b: Tinkaton\n|move|p1a: Bichota|First Impression|p2b: Goldie\n|-crit|p2b: Goldie\n|-damage|p2b: Goldie|0 fnt\n|faint|p2b: Goldie\n|-damage|p1a: Bichota|91\/100|[from] item: Life Orb\n|move|p2a: Taxzy|Substitute|p2a: Taxzy\n|-start|p2a: Taxzy|Substitute\n|-damage|p2a: Taxzy|76\/100\n|\n|-ability|p2a: Taxzy|Moody|boost\n|-boost|p2a: Taxzy|spa|2\n|-unboost|p2a: Taxzy|spd|1\n|upkeep\n|inactive|Battle timer is ON: inactive players will automatically lose when time's up. (requested by Martin80)\n|\n|t:|1700519701\n|switch|p2b: BadWeather|Zapdos|100\/100\n|turn|2\n|\n|t:|1700519715\n|-terastallize|p2b: BadWeather|Fire\n|move|p2a: Taxzy|Helping Hand|p2b: BadWeather\n|-singleturn|p2b: BadWeather|Helping Hand|[of] p2a: Taxzy\n|move|p2b: BadWeather|Heat Wave|p1a: Bichota|[spread] p1a,p1b\n|-supereffective|p1a: Bichota\n|-supereffective|p1b: Tinkaton\n|-damage|p1a: Bichota|0 fnt\n|-damage|p1b: Tinkaton|0 fnt\n|faint|p1a: Bichota\n|faint|p1b: Tinkaton\n|-damage|p2b: BadWeather|91\/100|[from] item: Life Orb\n|\n|-ability|p2a: Taxzy|Moody|boost\n|-boost|p2a: Taxzy|spd|2\n|-unboost|p2a: Taxzy|spa|1\n|upkeep\n|\n|t:|1700519734\n|switch|p1b: Golemcita|Garganacl, F, shiny|100\/100\n|switch|p1a: Jolyne|Quaquaval, F, shiny|100\/100\n|turn|3\n|\n|t:|1700519755\n|-terastallize|p1a: Jolyne|Steel\n|move|p1b: Golemcita|Wide Guard|p1b: Golemcita\n|-singleturn|p1b: Golemcita|Wide Guard\n|move|p2b: BadWeather|Drill Peck|p1a: Jolyne\n|-resisted|p1a: Jolyne\n|-damage|p1a: Jolyne|79\/100\n|-damage|p2b: BadWeather|81\/100|[from] item: Life Orb\n|move|p1a: Jolyne|Aqua Step|p2b: BadWeather\n|-supereffective|p2b: BadWeather\n|-damage|p2b: BadWeather|0 fnt\n|-boost|p1a: Jolyne|spe|1\n|-enditem|p2a: Taxzy|Mirror Herb\n|-boost|p2a: Taxzy|spe|1|[from] item: Mirror Herb\n|faint|p2b: BadWeather\n|-ability|p1a: Jolyne|Moxie|boost\n|-boost|p1a: Jolyne|atk|1\n|move|p2a: Taxzy|Icy Wind|p1a: Jolyne|[spread] \n|-activate|p1a: Jolyne|move: Wide Guard\n|-activate|p1b: Golemcita|move: Wide Guard\n|\n|-ability|p2a: Taxzy|Moody|boost\n|-boost|p2a: Taxzy|atk|2\n|-unboost|p2a: Taxzy|spe|1\n|upkeep\n|inactive|Rocky 14 has 120 seconds left.\n|\n|t:|1700519784\n|switch|p2b: Flamigo|Flamigo, F|100\/100\n|-copyboost|p2b: Flamigo|p2a: Taxzy|[from] ability: Costar\n|turn|4\n|\n|t:|1700519803\n|move|p1a: Jolyne|Aqua Step|p2b: Flamigo\n|-damage|p2b: Flamigo|20\/100\n|-boost|p1a: Jolyne|spe|1\n|move|p2b: Flamigo|Close Combat|p1a: Jolyne\n|-supereffective|p1a: Jolyne\n|-damage|p1a: Jolyne|0 fnt\n|-unboost|p2b: Flamigo|def|1\n|-unboost|p2b: Flamigo|spd|1\n|-enditem|p2b: Flamigo|White Herb\n|-clearnegativeboost|p2b: Flamigo|[silent]\n|faint|p1a: Jolyne\n|move|p2a: Taxzy|Frost Breath|p1b: Golemcita\n|-crit|p1b: Golemcita\n|-damage|p1b: Golemcita|60\/100\n|move|p1b: Golemcita|Iron Defense|p1b: Golemcita\n|-boost|p1b: Golemcita|def|2\n|\n|-heal|p1b: Golemcita|66\/100|[from] item: Leftovers\n|-ability|p2a: Taxzy|Moody|boost\n|-boost|p2a: Taxzy|def|2\n|-unboost|p2a: Taxzy|atk|1\n|upkeep\n|inactive|Martin80 has 120 seconds left.\n|\n|t:|1700519832\n|switch|p1a: Ceruledge|Ceruledge, F, shiny|100\/100\n|turn|5\n|\n|t:|1700519854\n|move|p1a: Ceruledge|Shadow Sneak|p2b: Flamigo\n|-damage|p2b: Flamigo|0 fnt\n|faint|p2b: Flamigo\n|move|p2a: Taxzy|Icy Wind|p1b: Golemcita|[spread] p1b\n|-miss|p2a: Taxzy|p1a: Ceruledge\n|-damage|p1b: Golemcita|49\/100\n|-unboost|p1b: Golemcita|spe|1\n|move|p1b: Golemcita|Body Press|p2a: Taxzy\n|-supereffective|p2a: Taxzy\n|-end|p2a: Taxzy|Substitute\n|\n|-heal|p1b: Golemcita|55\/100|[from] item: Leftovers\n|-ability|p2a: Taxzy|Moody|boost\n|-boost|p2a: Taxzy|spa|2\n|-unboost|p2a: Taxzy|def|1\n|upkeep\n|inactive|Rocky 14 has 120 seconds left.\n|\n|t:|1700519877\n|switch|p2b: Thundurus|Thundurus-Therian, M|100\/100\n|turn|6\n|c|\u2606Martin80|no more substitute?\n|inactive|Rocky 14 has 120 seconds left.\n|\n|t:|1700519899\n|move|p2b: Thundurus|Dark Pulse|p1a: Ceruledge\n|-supereffective|p1a: Ceruledge\n|-damage|p1a: Ceruledge|19\/100\n|-enditem|p1a: Ceruledge|Weakness Policy\n|-boost|p1a: Ceruledge|atk|2|[from] item: Weakness Policy\n|-boost|p1a: Ceruledge|spa|2|[from] item: Weakness Policy\n|cant|p1a: Ceruledge|flinch\n|move|p2a: Taxzy|Substitute|p2a: Taxzy\n|-start|p2a: Taxzy|Substitute\n|-damage|p2a: Taxzy|51\/100\n|move|p1b: Golemcita|Body Press|p2a: Taxzy\n|-supereffective|p2a: Taxzy\n|-end|p2a: Taxzy|Substitute\n|\n|-heal|p1b: Golemcita|62\/100|[from] item: Leftovers\n|-ability|p2a: Taxzy|Moody|boost\n|-boost|p2a: Taxzy|spd|2\n|-unboost|p2a: Taxzy|def|1\n|upkeep\n|turn|7\n|inactive|Rocky 14 has 120 seconds left.\n|\n|t:|1700519924\n|move|p2a: Taxzy|Helping Hand|p2b: Thundurus\n|-singleturn|p2b: Thundurus|Helping Hand|[of] p2a: Taxzy\n|move|p1a: Ceruledge|Shadow Sneak|p2a: Taxzy\n|-damage|p2a: Taxzy|0 fnt\n|faint|p2a: Taxzy\n|move|p2b: Thundurus|Wildbolt Storm|p1b: Golemcita|[spread] p1a,p1b\n|-damage|p1a: Ceruledge|0 fnt\n|-damage|p1b: Golemcita|8\/100\n|faint|p1a: Ceruledge\n|move|p1b: Golemcita|Salt Cure|p2b: Thundurus\n|-supereffective|p2b: Thundurus\n|-damage|p2b: Thundurus|60\/100\n|-start|p2b: Thundurus|Salt Cure\n|\n|-heal|p1b: Golemcita|14\/100|[from] item: Leftovers\n|-damage|p2b: Thundurus|47\/100|[from] Salt Cure\n|upkeep\n|\n|t:|1700519940\n|switch|p1a: Arboliva|Arboliva, F, shiny|100\/100\n|switch|p2a: Krookodile|Krookodile, F, shiny|100\/100\n|turn|8\n|\n|t:|1700519950\n|move|p1b: Golemcita|Wide Guard|p1b: Golemcita\n|-singleturn|p1b: Golemcita|Wide Guard\n|move|p2b: Thundurus|Sludge Bomb|p1a: Arboliva\n|-supereffective|p1a: Arboliva\n|-crit|p1a: Arboliva\n|-damage|p1a: Arboliva|15\/100\n|-fieldstart|move: Grassy Terrain|[from] ability: Seed Sower|[of] p1a: Arboliva\n|-enditem|p1a: Arboliva|Grassy Seed\n|-boost|p1a: Arboliva|def|1|[from] item: Grassy Seed\n|move|p2a: Krookodile|Earthquake|p1a: Arboliva|[spread] \n|-activate|p1a: Arboliva|move: Wide Guard\n|-activate|p1b: Golemcita|move: Wide Guard\n|-immune|p2b: Thundurus\n|move|p1a: Arboliva|Giga Drain|p2a: Krookodile\n|-supereffective|p2a: Krookodile\n|-damage|p2a: Krookodile|0 fnt\n|-heal|p1a: Arboliva|62\/100|[from] drain|[of] p2a: Krookodile\n|faint|p2a: Krookodile\n|\n|-heal|p1a: Arboliva|68\/100|[from] Grassy Terrain\n|-heal|p1b: Golemcita|21\/100|[from] Grassy Terrain\n|-heal|p1b: Golemcita|27\/100|[from] item: Leftovers\n|-damage|p2b: Thundurus|35\/100|[from] Salt Cure\n|upkeep\n|turn|9\n|c|\u2606Martin80|nuh uh\n|inactive|Rocky 14 has 120 seconds left.\n|\n|t:|1700519988\n|move|p1b: Golemcita|Wide Guard|p1b: Golemcita\n|-singleturn|p1b: Golemcita|Wide Guard\n|move|p2b: Thundurus|Wildbolt Storm|p1b: Golemcita|[spread] \n|-activate|p1a: Arboliva|move: Wide Guard\n|-activate|p1b: Golemcita|move: Wide Guard\n|move|p1a: Arboliva|Dazzling Gleam|p2b: Thundurus\n|-damage|p2b: Thundurus|12\/100\n|\n|-heal|p1a: Arboliva|74\/100|[from] Grassy Terrain\n|-heal|p1b: Golemcita|33\/100|[from] Grassy Terrain\n|-heal|p1b: Golemcita|39\/100|[from] item: Leftovers\n|-damage|p2b: Thundurus|0 fnt|[from] Salt Cure\n|faint|p2b: Thundurus\n|\n|win|Martin80\n|upkeep\n|raw|Martin80's rating: 1157 &rarr; <strong>1183<\/strong><br \/>(+26 for winning)\n|raw|Rocky 14's rating: 1170 &rarr; <strong>1144<\/strong><br \/>(-26 for losing)\n|l|\u2606Rocky 14\n","uploadtime":1700520006,"views":3,"p1id":"martin80","p2id":"rocky14","formatid":"gen9doublesou","rating":1144,"private":0,"password":""}