{"id":"gen9doublesou-1968328227","p1":"bellenguer2","p2":"terpsfan","format":"[Gen 9] Doubles OU","log":"|html|<div class=\"broadcast-blue\"><strong>[Gen 9] Doubles OU is currently suspecting Basculegion & Flutter Mane! For information on how to participate check out the <a href=\"https:\/\/www.smogon.com\/forums\/threads\/np-sv-dou-stage-8-double-trouble.3729153\/\">suspect thread<\/a>.<\/strong><\/div>\n|j|\u2606bellenguer2\n|j|\u2606terpsfan\n|t:|1697406606\n|gametype|doubles\n|player|p1|bellenguer2|265|1195\n|player|p2|terpsfan|ghetsis-gen5bw|1009\n|teamsize|p1|6\n|teamsize|p2|6\n|gen|9\n|tier|[Gen 9] Doubles OU\n|rated|\n|rule|Species Clause: Limit one of each Pok\u00e9mon\n|rule|OHKO Clause: OHKO moves are banned\n|rule|Evasion Moves Clause: Evasion moves are banned\n|rule|Gravity Sleep Clause: The combination of sleep-inducing moves with imperfect accuracy and Gravity or Gigantamax Orbeetle are banned\n|rule|Endless Battle Clause: Forcing endless battles is banned\n|rule|HP Percentage Mod: HP is shown in percentages\n|clearpoke\n|poke|p1|Conkeldurr, F|\n|poke|p1|Glastrier|\n|poke|p1|Ursaluna, F|\n|poke|p1|Slowking-Galar, F|\n|poke|p1|Mesprit|\n|poke|p1|Oranguru, M|\n|poke|p2|Ogerpon-Hearthflame, F|\n|poke|p2|Stonjourner, F|\n|poke|p2|Perrserker, F|\n|poke|p2|Scizor, M|\n|poke|p2|Tsareena, F|\n|poke|p2|Polteageist|\n|teampreview\n|\n|t:|1697406627\n|start\n|switch|p1a: Oranguru|Oranguru, M|100\/100\n|switch|p1b: Mesprit|Mesprit|100\/100\n|switch|p2a: Ogerpon|Ogerpon-Hearthflame, F|100\/100\n|switch|p2b: Stonjourner|Stonjourner, F, shiny|100\/100\n|-ability|p2a: Ogerpon|Mold Breaker\n|turn|1\n|\n|t:|1697406654\n|-terastallize|p2a: Ogerpon|Fire\n|detailschange|p2a: Ogerpon|Ogerpon-Hearthflame-Tera, F, tera:Fire\n|-ability|p2a: Ogerpon|Embody Aspect (Hearthflame)|boost\n|-boost|p2a: Ogerpon|atk|1\n|move|p2a: Ogerpon|Ivy Cudgel|p1a: Oranguru\n|-damage|p1a: Oranguru|0 fnt\n|faint|p1a: Oranguru\n|move|p2b: Stonjourner|Iron Defense|p2b: Stonjourner\n|-boost|p2b: Stonjourner|def|2\n|move|p1b: Mesprit|U-turn|p2a: Ogerpon\n|-resisted|p2a: Ogerpon\n|-damage|p2a: Ogerpon|91\/100\n|\n|t:|1697406669\n|switch|p1b: Ursaluna|Ursaluna, F|100\/100|[from] U-turn\n|\n|-status|p1b: Ursaluna|brn|[from] item: Flame Orb\n|upkeep\n|\n|t:|1697406683\n|switch|p1a: Mesprit|Mesprit|100\/100\n|turn|2\n|\n|t:|1697406706\n|-terastallize|p1b: Ursaluna|Ground\n|move|p2a: Ogerpon|Ivy Cudgel|p1a: Mesprit\n|-damage|p1a: Mesprit|0 fnt\n|faint|p1a: Mesprit\n|move|p2b: Stonjourner|Body Press|p1b: Ursaluna\n|-damage|p1b: Ursaluna|63\/100 brn\n|move|p1b: Ursaluna|Headlong Rush|p2b: Stonjourner\n|-supereffective|p2b: Stonjourner\n|-damage|p2b: Stonjourner|1\/100\n|-unboost|p1b: Ursaluna|def|1\n|-unboost|p1b: Ursaluna|spd|1\n|\n|-damage|p1b: Ursaluna|56\/100 brn|[from] brn\n|upkeep\n|\n|t:|1697406715\n|switch|p1a: Slowking|Slowking-Galar, F|100\/100\n|turn|3\n|\n|t:|1697406743\n|move|p2a: Ogerpon|Horn Leech|p1b: Ursaluna\n|-supereffective|p1b: Ursaluna\n|-damage|p1b: Ursaluna|0 fnt\n|-heal|p2a: Ogerpon|100\/100|[from] drain|[of] p1b: Ursaluna\n|faint|p1b: Ursaluna\n|move|p2b: Stonjourner|Body Press|p1a: Slowking\n|-resisted|p1a: Slowking\n|-damage|p1a: Slowking|90\/100\n|move|p1a: Slowking|Trick Room|p1a: Slowking\n|-fieldstart|move: Trick Room|[of] p1a: Slowking\n|\n|-heal|p1a: Slowking|96\/100|[from] item: Leftovers\n|upkeep\n|\n|t:|1697406750\n|switch|p1b: Glastrier|Glastrier|100\/100\n|turn|4\n|\n|t:|1697406762\n|move|p2b: Stonjourner|Protect|p2b: Stonjourner\n|-singleturn|p2b: Stonjourner|Protect\n|move|p2a: Ogerpon|Spiky Shield|p2a: Ogerpon\n|-singleturn|p2a: Ogerpon|move: Protect\n|move|p1b: Glastrier|Double-Edge|p2a: Ogerpon\n|-activate|p2a: Ogerpon|move: Protect\n|-damage|p1b: Glastrier|88\/100|[from] Spiky Shield|[of] p2a: Ogerpon\n|move|p1a: Slowking|Hydro Pump|p2a: Ogerpon\n|-activate|p2a: Ogerpon|move: Protect\n|\n|-heal|p1b: Glastrier|94\/100|[from] item: Leftovers\n|-heal|p1a: Slowking|100\/100|[from] item: Leftovers\n|upkeep\n|turn|5\n|\n|t:|1697406788\n|move|p1b: Glastrier|Double-Edge|p2b: Stonjourner\n|-resisted|p2b: Stonjourner\n|-damage|p2b: Stonjourner|0 fnt\n|faint|p2b: Stonjourner\n|-ability|p1b: Glastrier|Chilling Neigh|boost\n|-boost|p1b: Glastrier|atk|1\n|-damage|p1b: Glastrier|94\/100|[from] Recoil\n|move|p1a: Slowking|Hydro Pump|p2a: Ogerpon\n|-supereffective|p2a: Ogerpon\n|-damage|p2a: Ogerpon|39\/100\n|move|p2a: Ogerpon|Ivy Cudgel|p1b: Glastrier\n|-supereffective|p1b: Glastrier\n|-crit|p1b: Glastrier\n|-damage|p1b: Glastrier|0 fnt\n|faint|p1b: Glastrier\n|\n|upkeep\n|\n|t:|1697406803\n|switch|p1b: Conkeldurr|Conkeldurr, F|100\/100\n|switch|p2b: Tsareena|Tsareena, F, shiny|100\/100\n|turn|6\n|\n|t:|1697406825\n|move|p1b: Conkeldurr|Ice Punch|p2b: Tsareena\n|-supereffective|p2b: Tsareena\n|-damage|p2b: Tsareena|25\/100\n|-status|p2b: Tsareena|frz\n|move|p1a: Slowking|Fire Blast|p2b: Tsareena\n|-supereffective|p2b: Tsareena\n|-damage|p2b: Tsareena|0 fnt\n|faint|p2b: Tsareena\n|move|p2a: Ogerpon|Horn Leech|p1b: Conkeldurr\n|-damage|p1b: Conkeldurr|40\/100\n|-heal|p2a: Ogerpon|80\/100|[from] drain|[of] p1b: Conkeldurr\n|\n|-status|p1b: Conkeldurr|brn|[from] item: Flame Orb\n|upkeep\n|\n|t:|1697406842\n|switch|p2b: Scizor|Scizor, M, shiny|100\/100\n|turn|7\n|\n|t:|1697406861\n|move|p2b: Scizor|Bullet Punch|p1a: Slowking\n|-damage|p1a: Slowking|75\/100\n|move|p1b: Conkeldurr|Earthquake|p2a: Ogerpon|[spread] p1a,p2a,p2b\n|-supereffective|p1a: Slowking\n|-supereffective|p2a: Ogerpon\n|-damage|p1a: Slowking|0 fnt\n|-damage|p2a: Ogerpon|0 fnt\n|-damage|p2b: Scizor|49\/100\n|faint|p1a: Slowking\n|faint|p2a: Ogerpon\n|\n|-damage|p1b: Conkeldurr|34\/100 brn|[from] brn\n|-fieldend|move: Trick Room\n|upkeep\n|\n|t:|1697406873\n|switch|p2a: Polteageist|Polteageist|100\/100\n|turn|8\n|\n|t:|1697406883\n|move|p2b: Scizor|Bullet Punch|p2a: Polteageist\n|-damage|p2a: Polteageist|50\/100\n|move|p2a: Polteageist|Hex|p1b: Conkeldurr\n|-damage|p1b: Conkeldurr|0 fnt\n|faint|p1b: Conkeldurr\n|\n|win|terpsfan\n|raw|bellenguer2's rating: 1168 &rarr; <strong>1132<\/strong><br \/>(-36 for losing)\n|raw|terpsfan's rating: 1009 &rarr; <strong>1064<\/strong><br \/>(+55 for winning)\n","uploadtime":1697406891,"views":17,"p1id":"bellenguer2","p2id":"terpsfan","formatid":"gen9doublesou","rating":1064,"private":0,"password":""}