{"id":"gen9doublesou-1996912882","p1":"csgoAFK","p2":"Lenoxum","format":"[Gen 9] Doubles OU","log":"|j|\u2606csgoAFK\n|j|\u2606Lenoxum\n|inactive|Battle timer is ON: inactive players will automatically lose when time's up.\n|t:|1700743981\n|gametype|doubles\n|player|p1|csgoAFK|steven|\n|player|p2|Lenoxum|turo-ai|\n|teamsize|p1|6\n|teamsize|p2|6\n|gen|9\n|tier|[Gen 9] Doubles OU\n|rated|Tournament battle\n|rule|Species Clause: Limit one of each Pok\u00e9mon\n|rule|OHKO Clause: OHKO moves are banned\n|rule|Evasion Moves Clause: Evasion moves are banned\n|rule|Gravity Sleep Clause: The combination of sleep-inducing moves with imperfect accuracy and Gravity or Gigantamax Orbeetle are banned\n|rule|Endless Battle Clause: Forcing endless battles is banned\n|rule|HP Percentage Mod: HP is shown in percentages\n|clearpoke\n|poke|p1|Barboach, F|\n|poke|p1|Makuhita, M|\n|poke|p1|Larvesta, F|\n|poke|p1|Clefairy, M|\n|poke|p1|Deino, M|\n|poke|p1|Dragonite, M|\n|poke|p2|Chespin, F|\n|poke|p2|Rillaboom, F|\n|poke|p2|Foongus, F|\n|poke|p2|Ducklett, F|\n|poke|p2|Nymble, M|\n|poke|p2|Shellder, F|\n|teampreview\n|j|*Lady Monita \u2746\n|j|^HEAVY-DUTY B0OTY\n|inactive|csgoAFK has 120 seconds left.\n|\n|t:|1700744022\n|start\n|switch|p1a: Makuhita|Makuhita, M|100\/100\n|switch|p1b: Deino|Deino, M|100\/100\n|switch|p2a: Foongus|Foongus, F, shiny|100\/100\n|switch|p2b: Ducklett|Ducklett, F, shiny|100\/100\n|turn|1\n|\n|t:|1700744036\n|move|p1a: Makuhita|Fake Out|p2a: Foongus\n|-damage|p2a: Foongus|93\/100\n|move|p2b: Ducklett|Tailwind|p2b: Ducklett\n|-sidestart|p2: Lenoxum|move: Tailwind\n|cant|p2a: Foongus|flinch\n|move|p1b: Deino|Outrage|p2b: Ducklett\n|-damage|p2b: Ducklett|0 fnt\n|faint|p2b: Ducklett\n|\n|upkeep\n|\n|t:|1700744046\n|switch|p2b: Shellder|Shellder, F, shiny|100\/100\n|turn|2\n|\n|t:|1700744052\n|move|p2b: Shellder|Shell Smash|p2b: Shellder\n|-unboost|p2b: Shellder|def|1\n|-unboost|p2b: Shellder|spd|1\n|-boost|p2b: Shellder|atk|2\n|-boost|p2b: Shellder|spa|2\n|-boost|p2b: Shellder|spe|2\n|move|p2a: Foongus|Spore|p1a: Makuhita\n|-status|p1a: Makuhita|slp|[from] move: Spore\n|move|p1b: Deino|Outrage|p2b: Shellder|[from]lockedmove\n|-damage|p2b: Shellder|0 fnt\n|faint|p2b: Shellder\n|cant|p1a: Makuhita|slp\n|\n|upkeep\n|c|\u2606Lenoxum|;\/\n|\n|t:|1700744062\n|switch|p2b: Rillaboom|Rillaboom, F, shiny|100\/100\n|-fieldstart|move: Grassy Terrain|[from] ability: Grassy Surge|[of] p2b: Rillaboom\n|-enditem|p2b: Rillaboom|Grassy Seed\n|-boost|p2b: Rillaboom|def|1|[from] item: Grassy Seed\n|turn|3\n|j| kanishk0612d\n|\n|t:|1700744074\n|switch|p1a: Barboach|Barboach, F|100\/100\n|move|p2b: Rillaboom|Acrobatics|p1a: Barboach\n|-damage|p1a: Barboach|45\/100\n|move|p2a: Foongus|Spore|p1b: Deino\n|-status|p1b: Deino|slp|[from] move: Spore\n|cant|p1b: Deino|slp\n|\n|-heal|p1a: Barboach|51\/100|[from] Grassy Terrain\n|-heal|p2a: Foongus|99\/100|[from] Grassy Terrain\n|-start|p1b: Deino|confusion|[fatigue]\n|upkeep\n|turn|4\n|\n|t:|1700744097\n|move|p2b: Rillaboom|Body Press|p1b: Deino\n|-supereffective|p1b: Deino\n|-damage|p1b: Deino|1\/100 slp\n|move|p1a: Barboach|Icy Wind|p2a: Foongus|[spread] p2a,p2b\n|-supereffective|p2a: Foongus\n|-supereffective|p2b: Rillaboom\n|-damage|p2a: Foongus|82\/100\n|-damage|p2b: Rillaboom|78\/100\n|-unboost|p2a: Foongus|spe|1\n|-unboost|p2b: Rillaboom|spe|1\n|-curestatus|p1b: Deino|slp|[msg]\n|-activate|p1b: Deino|confusion\n|-damage|p1b: Deino|0 fnt|[from] confusion\n|faint|p1b: Deino\n|move|p2a: Foongus|Spore|p1a: Barboach\n|-status|p1a: Barboach|slp|[from] move: Spore\n|\n|-heal|p2b: Rillaboom|84\/100|[from] Grassy Terrain\n|-heal|p1a: Barboach|57\/100 slp|[from] Grassy Terrain\n|-heal|p2a: Foongus|88\/100|[from] Grassy Terrain\n|-sideend|p2: Lenoxum|move: Tailwind\n|upkeep\n|\n|t:|1700744110\n|switch|p1b: Larvesta|Larvesta, F|100\/100\n|turn|5\n|\n|t:|1700744120\n|-terastallize|p2b: Rillaboom|Flying\n|move|p1b: Larvesta|Heat Wave|p2a: Foongus|[spread] p2a,p2b\n|-supereffective|p2a: Foongus\n|-damage|p2a: Foongus|45\/100\n|-damage|p2b: Rillaboom|55\/100\n|move|p2b: Rillaboom|Acrobatics|p1b: Larvesta\n|-supereffective|p1b: Larvesta\n|-damage|p1b: Larvesta|0 fnt\n|-status|p2b: Rillaboom|brn|[from] ability: Flame Body|[of] p1b: Larvesta\n|faint|p1b: Larvesta\n|cant|p1a: Barboach|slp\n|move|p2a: Foongus|Spore|p1a: Barboach\n|-fail|p1a: Barboach|slp\n|\n|-heal|p1a: Barboach|63\/100 slp|[from] Grassy Terrain\n|-heal|p2a: Foongus|51\/100|[from] Grassy Terrain\n|-damage|p2b: Rillaboom|49\/100 brn|[from] brn\n|upkeep\n|\n|t:|1700744131\n|switch|p1b: Dragonite|Dragonite, M|100\/100\n|turn|6\n|\n|t:|1700744144\n|move|p1b: Dragonite|Ice Spinner|p2a: Foongus\n|-supereffective|p2a: Foongus\n|-damage|p2a: Foongus|0 fnt\n|-fieldend|move: Grassy Terrain\n|faint|p2a: Foongus\n|move|p2b: Rillaboom|Drum Beating|p1b: Dragonite\n|-resisted|p1b: Dragonite\n|-damage|p1b: Dragonite|96\/100\n|-unboost|p1b: Dragonite|spe|1\n|-curestatus|p1a: Barboach|slp|[msg]\n|move|p1a: Barboach|Icy Wind|p2b: Rillaboom\n|-supereffective|p2b: Rillaboom\n|-crit|p2b: Rillaboom\n|-damage|p2b: Rillaboom|6\/100 brn\n|-unboost|p2b: Rillaboom|spe|1\n|\n|-damage|p2b: Rillaboom|0 fnt|[from] brn\n|faint|p2b: Rillaboom\n|upkeep\n|\n|t:|1700744149\n|switch|p2b: Nymble|Nymble, M, shiny|100\/100\n|switch|p2a: Chespin|Chespin, F, shiny|100\/100\n|turn|7\n|c|\u2606Lenoxum|gg i think\n|\n|t:|1700744166\n|switch|p1b: Makuhita|Makuhita, M|100\/100 slp\n|move|p2b: Nymble|First Impression|p1b: Makuhita\n|-resisted|p1b: Makuhita\n|-damage|p1b: Makuhita|57\/100 slp\n|move|p2a: Chespin|Poison Jab|p1b: Makuhita\n|-damage|p1b: Makuhita|30\/100 slp\n|move|p1a: Barboach|Icy Wind|p2b: Nymble|[spread] p2a,p2b\n|-supereffective|p2a: Chespin\n|-damage|p2a: Chespin|70\/100\n|-damage|p2b: Nymble|63\/100\n|-unboost|p2a: Chespin|spe|1\n|-unboost|p2b: Nymble|spe|1\n|\n|upkeep\n|turn|8\n|\n|t:|1700744183\n|-curestatus|p1b: Makuhita|slp|[msg]\n|move|p1b: Makuhita|Fake Out|p2a: Chespin\n|-damage|p2a: Chespin|61\/100\n|move|p1a: Barboach|Icy Wind|p2b: Nymble|[spread] p2a,p2b\n|-supereffective|p2a: Chespin\n|-damage|p2a: Chespin|33\/100\n|-damage|p2b: Nymble|26\/100\n|-unboost|p2a: Chespin|spe|1\n|-unboost|p2b: Nymble|spe|1\n|move|p2b: Nymble|Leech Life|p1b: Makuhita\n|-resisted|p1b: Makuhita\n|-damage|p1b: Makuhita|0 fnt\n|-heal|p2b: Nymble|50\/100|[from] drain|[of] p1b: Makuhita\n|faint|p1b: Makuhita\n|cant|p2a: Chespin|flinch\n|\n|upkeep\n|\n|t:|1700744187\n|switch|p1b: Dragonite|Dragonite, M|96\/100\n|turn|9\n|\n|t:|1700744194\n|-terastallize|p1b: Dragonite|Normal\n|move|p1b: Dragonite|Extreme Speed|p2b: Nymble\n|-damage|p2b: Nymble|0 fnt\n|faint|p2b: Nymble\n|move|p1a: Barboach|Icy Wind|p2a: Chespin\n|-supereffective|p2a: Chespin\n|-damage|p2a: Chespin|0 fnt\n|faint|p2a: Chespin\n|\n|win|csgoAFK\n|n|\u2606csgoAFK|csgoafk\n|n|\u2606Lenoxum|lenoxum\n|n|*Lady Monita \u2746|ladymonita\n|n| HEAVY-DUTY B0OTY|heavydutyb0oty\n|n| kanishk0612d|kanishk0612d\n","uploadtime":1700744195,"views":1,"p1id":"csgoafk","p2id":"lenoxum","formatid":"gen9doublesou","rating":0,"private":0,"password":""}