{"id":"gen9doublesou-1978368044","p1":"Critian Caceorte","p2":"malf_soup_lover","format":"[Gen 9] Doubles OU","log":"|j|\u2606Critian Caceorte\n|j|\u2606malf_soup_lover\n|t:|1698530181\n|gametype|doubles\n|player|p1|Critian Caceorte|265|1062\n|player|p2|malf_soup_lover|hiker-gen4|1147\n|teamsize|p1|6\n|teamsize|p2|6\n|gen|9\n|tier|[Gen 9] Doubles OU\n|rated|\n|rule|Species Clause: Limit one of each Pok\u00e9mon\n|rule|OHKO Clause: OHKO moves are banned\n|rule|Evasion Moves Clause: Evasion moves are banned\n|rule|Gravity Sleep Clause: The combination of sleep-inducing moves with imperfect accuracy and Gravity or Gigantamax Orbeetle are banned\n|rule|Endless Battle Clause: Forcing endless battles is banned\n|rule|HP Percentage Mod: HP is shown in percentages\n|clearpoke\n|poke|p1|Bisharp, F|\n|poke|p1|Brute Bonnet|\n|poke|p1|Mandibuzz, F|\n|poke|p1|Muk-Alola, F|\n|poke|p1|Persian-Alola, M|\n|poke|p1|Samurott-Hisui, M|\n|poke|p2|Pikachu-Original, M|\n|poke|p2|Pelipper, M|\n|poke|p2|Basculegion-F, F|\n|poke|p2|Dragonite, F|\n|poke|p2|Amoonguss, M|\n|poke|p2|Sinistcha-Masterpiece|\n|teampreview\n|inactive|Battle timer is ON: inactive players will automatically lose when time's up. (requested by malf_soup_lover)\n|\n|t:|1698530192\n|start\n|switch|p1a: Mandibuzz|Mandibuzz, F|100\/100\n|switch|p1b: Bisharp|Bisharp, F|100\/100\n|switch|p2a: Pelipper|Pelipper, M|100\/100\n|switch|p2b: Amoonguss|Amoonguss, M|100\/100\n|-weather|RainDance|[from] ability: Drizzle|[of] p2a: Pelipper\n|turn|1\n|\n|t:|1698530204\n|move|p2b: Amoonguss|Rage Powder|p2b: Amoonguss\n|-singleturn|p2b: Amoonguss|move: Rage Powder\n|move|p1a: Mandibuzz|Tailwind|p1a: Mandibuzz\n|-sidestart|p1: Critian Caceorte|move: Tailwind\n|move|p1b: Bisharp|Swords Dance|p1b: Bisharp\n|-boost|p1b: Bisharp|atk|2\n|move|p2a: Pelipper|Tailwind|p2a: Pelipper\n|-sidestart|p2: malf_soup_lover|move: Tailwind\n|\n|-weather|RainDance|[upkeep]\n|upkeep\n|turn|2\n|\n|t:|1698530226\n|move|p2a: Pelipper|Protect|p2a: Pelipper\n|-singleturn|p2a: Pelipper|Protect\n|move|p1a: Mandibuzz|Taunt|p2b: Amoonguss\n|-start|p2b: Amoonguss|move: Taunt\n|move|p1b: Bisharp|Iron Head|p2a: Pelipper\n|-activate|p2a: Pelipper|move: Protect\n|cant|p2b: Amoonguss|move: Taunt|Spore\n|\n|-weather|RainDance|[upkeep]\n|upkeep\n|turn|3\n|\n|t:|1698530251\n|switch|p2b: Dragonite|Dragonite, F|100\/100\n|move|p1a: Mandibuzz|Foul Play|p2a: Pelipper\n|-damage|p2a: Pelipper|90\/100\n|move|p1b: Bisharp|Iron Head|p2a: Pelipper\n|-resisted|p2a: Pelipper\n|-damage|p2a: Pelipper|66\/100\n|move|p2a: Pelipper|Chilling Water|p1b: Bisharp\n|-damage|p1b: Bisharp|81\/100\n|-unboost|p1b: Bisharp|atk|1\n|-ability|p1b: Bisharp|Defiant|boost\n|-boost|p1b: Bisharp|atk|2\n|\n|-weather|RainDance|[upkeep]\n|upkeep\n|turn|4\n|inactive|malf_soup_lover has 120 seconds left.\n|\n|t:|1698530298\n|-terastallize|p2b: Dragonite|Normal\n|move|p2a: Pelipper|Helping Hand|p2b: Dragonite\n|-singleturn|p2b: Dragonite|Helping Hand|[of] p2a: Pelipper\n|move|p2b: Dragonite|Extreme Speed|p1a: Mandibuzz\n|-damage|p1a: Mandibuzz|45\/100\n|move|p1a: Mandibuzz|Foul Play|p2b: Dragonite\n|-damage|p2b: Dragonite|72\/100\n|move|p1b: Bisharp|Poison Jab|p2b: Dragonite\n|-damage|p2b: Dragonite|9\/100\n|\n|-weather|RainDance|[upkeep]\n|-heal|p2b: Dragonite|15\/100|[from] item: Leftovers\n|-heal|p1a: Mandibuzz|51\/100|[from] item: Leftovers\n|-sideend|p2: malf_soup_lover|move: Tailwind\n|-sideend|p1: Critian Caceorte|move: Tailwind\n|upkeep\n|turn|5\n|inactive|malf_soup_lover has 120 seconds left.\n|\n|t:|1698530323\n|switch|p2a: Sinistcha|Sinistcha-Masterpiece|100\/100\n|-heal|p2b: Dragonite|40\/100|[from] ability: Hospitality|[of] p2a: Sinistcha\n|move|p2b: Dragonite|Protect|p2b: Dragonite\n|-singleturn|p2b: Dragonite|Protect\n|move|p1a: Mandibuzz|Tailwind|p1a: Mandibuzz\n|-sidestart|p1: Critian Caceorte|move: Tailwind\n|move|p1b: Bisharp|Poison Jab|p2b: Dragonite\n|-activate|p2b: Dragonite|move: Protect\n|\n|-weather|RainDance|[upkeep]\n|-heal|p1a: Mandibuzz|57\/100|[from] item: Leftovers\n|-heal|p2b: Dragonite|46\/100|[from] item: Leftovers\n|upkeep\n|turn|6\n|inactive|malf_soup_lover has 120 seconds left.\n|\n|t:|1698530346\n|switch|p2b: Amoonguss|Amoonguss, M|100\/100\n|switch|p2a: Pelipper|Pelipper, M|66\/100\n|move|p1a: Mandibuzz|Foul Play|p2b: Amoonguss\n|-damage|p2b: Amoonguss|80\/100\n|move|p1b: Bisharp|Poison Jab|p2b: Amoonguss\n|-damage|p2b: Amoonguss|37\/100\n|\n|-weather|RainDance|[upkeep]\n|-heal|p1a: Mandibuzz|63\/100|[from] item: Leftovers\n|upkeep\n|turn|7\n|\n|t:|1698530361\n|move|p2b: Amoonguss|Rage Powder|p2b: Amoonguss\n|-singleturn|p2b: Amoonguss|move: Rage Powder\n|move|p1a: Mandibuzz|Taunt|p2b: Amoonguss\n|-start|p2b: Amoonguss|move: Taunt\n|move|p1b: Bisharp|Poison Jab|p2b: Amoonguss\n|-damage|p2b: Amoonguss|0 fnt\n|faint|p2b: Amoonguss\n|move|p2a: Pelipper|Tailwind|p2a: Pelipper\n|-sidestart|p2: malf_soup_lover|move: Tailwind\n|\n|-weather|RainDance|[upkeep]\n|-heal|p1a: Mandibuzz|70\/100|[from] item: Leftovers\n|upkeep\n|\n|t:|1698530370\n|switch|p2b: Pikachu|Pikachu-Original, M|100\/100\n|turn|8\n|\n|t:|1698530384\n|move|p2a: Pelipper|Helping Hand|p2b: Pikachu\n|-singleturn|p2b: Pikachu|Helping Hand|[of] p2a: Pelipper\n|move|p1b: Bisharp|Sucker Punch|p2b: Pikachu\n|-damage|p2b: Pikachu|0 fnt\n|faint|p2b: Pikachu\n|move|p1a: Mandibuzz|Roost|p1a: Mandibuzz\n|-heal|p1a: Mandibuzz|100\/100\n|-singleturn|p1a: Mandibuzz|move: Roost\n|\n|-weather|none\n|-sideend|p1: Critian Caceorte|move: Tailwind\n|upkeep\n|\n|t:|1698530393\n|switch|p2b: Dragonite|Dragonite, F, tera:Normal|46\/100\n|turn|9\n|\n|t:|1698530402\n|move|p2a: Pelipper|Protect|p2a: Pelipper\n|-singleturn|p2a: Pelipper|Protect\n|move|p2b: Dragonite|Dragon Dance|p2b: Dragonite\n|-boost|p2b: Dragonite|atk|1\n|-boost|p2b: Dragonite|spe|1\n|move|p1a: Mandibuzz|Tailwind|p1a: Mandibuzz\n|-sidestart|p1: Critian Caceorte|move: Tailwind\n|move|p1b: Bisharp|Poison Jab|p2b: Dragonite\n|-damage|p2b: Dragonite|0 fnt\n|faint|p2b: Dragonite\n|\n|upkeep\n|-message|malf_soup_lover forfeited.\n|\n|win|Critian Caceorte\n|raw|Critian Caceorte's rating: 1062 &rarr; <strong>1100<\/strong><br \/>(+38 for winning)\n|raw|malf_soup_lover's rating: 1147 &rarr; <strong>1116<\/strong><br \/>(-31 for losing)\n|l|\u2606malf_soup_lover\n","uploadtime":1698530416,"views":21,"p1id":"critiancaceorte","p2id":"malfsouplover","formatid":"gen9doublesou","rating":1100,"private":0,"password":""}