{"id":"gen9doublesou-1977081695","p1":"Boshigoat","p2":"Kyukutsu","format":"[Gen 9] Doubles OU","log":"|j|\u2606Boshigoat\n|j|\u2606Kyukutsu\n|t:|1698369469\n|gametype|doubles\n|player|p1|Boshigoat|102|1618\n|player|p2|Kyukutsu|chuck|1548\n|teamsize|p1|6\n|teamsize|p2|6\n|gen|9\n|tier|[Gen 9] Doubles OU\n|rated|\n|rule|Species Clause: Limit one of each Pok\u00e9mon\n|rule|OHKO Clause: OHKO moves are banned\n|rule|Evasion Moves Clause: Evasion moves are banned\n|rule|Gravity Sleep Clause: The combination of sleep-inducing moves with imperfect accuracy and Gravity or Gigantamax Orbeetle are banned\n|rule|Endless Battle Clause: Forcing endless battles is banned\n|rule|HP Percentage Mod: HP is shown in percentages\n|clearpoke\n|poke|p1|Ursaluna-Bloodmoon, M|\n|poke|p1|Sinistcha|\n|poke|p1|Conkeldurr, M|\n|poke|p1|Cresselia, F|\n|poke|p1|Diancie|\n|poke|p1|Kingambit, F|\n|poke|p2|Iron Hands|\n|poke|p2|Sylveon, M|\n|poke|p2|Arcanine-Hisui, M|\n|poke|p2|Scizor, F|\n|poke|p2|Hydreigon, M|\n|poke|p2|Meowscarada, M|\n|teampreview\n|j| Cakatown\n|\n|t:|1698369502\n|start\n|switch|p1a: Ursaluna|Ursaluna-Bloodmoon, M|100\/100\n|switch|p1b: Cresselia|Cresselia, F|100\/100\n|switch|p2a: Cat|Sylveon, M|100\/100\n|switch|p2b: Bit Knight|Iron Hands|100\/100\n|turn|1\n|l| Cakatown\n|\n|t:|1698369516\n|move|p2b: Bit Knight|Fake Out|p1a: Ursaluna\n|-crit|p1a: Ursaluna\n|-damage|p1a: Ursaluna|84\/100\n|move|p2a: Cat|Hyper Voice|p1a: Ursaluna|[spread] p1a,p1b\n|-damage|p1a: Ursaluna|19\/100\n|-damage|p1b: Cresselia|71\/100\n|cant|p1a: Ursaluna|flinch\n|move|p1b: Cresselia|Trick Room|p1b: Cresselia\n|-fieldstart|move: Trick Room|[of] p1b: Cresselia\n|\n|upkeep\n|turn|2\n|\n|t:|1698369537\n|-end|p2b: Bit Knight|Quark Drive|[silent]\n|switch|p2b: Puff Daddy|Hydreigon, M|100\/100\n|move|p1a: Ursaluna|Earth Power|p2b: Puff Daddy\n|-immune|p2b: Puff Daddy|[from] ability: Levitate\n|move|p1b: Cresselia|Psychic|p2b: Puff Daddy\n|-immune|p2b: Puff Daddy\n|move|p2a: Cat|Hyper Voice|p1b: Cresselia|[spread] p1a,p1b\n|-damage|p1a: Ursaluna|0 fnt\n|-damage|p1b: Cresselia|40\/100\n|faint|p1a: Ursaluna\n|\n|upkeep\n|\n|t:|1698369544\n|switch|p1a: Kingambit|Kingambit, F|100\/100\n|-activate|p1a: Kingambit|ability: Supreme Overlord\n|-start|p1a: Kingambit|fallen1|[silent]\n|turn|3\n|\n|t:|1698369575\n|switch|p1b: Conkeldurr|Conkeldurr, M|100\/100\n|switch|p2a: Bit Knight|Iron Hands|100\/100\n|-terastallize|p2b: Puff Daddy|Fire\n|move|p1a: Kingambit|Iron Head|p2a: Bit Knight\n|-resisted|p2a: Bit Knight\n|-damage|p2a: Bit Knight|84\/100\n|move|p2b: Puff Daddy|Heat Wave|p1b: Conkeldurr|[spread] p1a,p1b\n|-supereffective|p1a: Kingambit\n|-damage|p1a: Kingambit|9\/100\n|-damage|p1b: Conkeldurr|42\/100\n|-status|p1b: Conkeldurr|brn\n|-damage|p2b: Puff Daddy|91\/100|[from] item: Life Orb\n|\n|-damage|p1b: Conkeldurr|36\/100 brn|[from] brn\n|upkeep\n|turn|4\n|inactive|Battle timer is ON: inactive players will automatically lose when time's up. (requested by Boshigoat)\n|\n|t:|1698369607\n|switch|p2b: Dog|Arcanine-Hisui, M, shiny|100\/100\n|-ability|p2b: Dog|Intimidate|boost\n|-fail|p1a: Kingambit|unboost|[from] item: Clear Amulet|[of] p1a: Kingambit\n|-unboost|p1b: Conkeldurr|atk|1\n|move|p1a: Kingambit|Protect|p1a: Kingambit\n|-singleturn|p1a: Kingambit|Protect\n|move|p2a: Bit Knight|Fake Out|p1a: Kingambit\n|-activate|p1a: Kingambit|move: Protect\n|move|p1b: Conkeldurr|Close Combat|p2b: Dog\n|-supereffective|p2b: Dog\n|-damage|p2b: Dog|0 fnt\n|-unboost|p1b: Conkeldurr|def|1\n|-unboost|p1b: Conkeldurr|spd|1\n|faint|p2b: Dog\n|\n|-damage|p1b: Conkeldurr|30\/100 brn|[from] brn\n|upkeep\n|\n|t:|1698369634\n|switch|p2b: Scyther MK 2|Scizor, F, shiny|100\/100\n|turn|5\n|inactive|Boshigoat has 120 seconds left.\n|\n|t:|1698369686\n|-end|p1a: Kingambit|fallen1|[silent]\n|switch|p1a: Sinistcha|Sinistcha|100\/100\n|move|p1b: Conkeldurr|Mach Punch|p2b: Scyther MK 2\n|-damage|p2b: Scyther MK 2|76\/100\n|move|p2b: Scyther MK 2|Bullet Punch|p1b: Conkeldurr\n|-damage|p1b: Conkeldurr|0 fnt\n|faint|p1b: Conkeldurr\n|move|p2a: Bit Knight|Drain Punch|p1a: Sinistcha\n|-immune|p1a: Sinistcha\n|\n|-fieldend|move: Trick Room\n|upkeep\n|\n|t:|1698369699\n|switch|p1b: Diancie|Diancie|100\/100\n|turn|6\n|\n|t:|1698369710\n|move|p1a: Sinistcha|Rage Powder|p1a: Sinistcha\n|-singleturn|p1a: Sinistcha|move: Rage Powder\n|move|p2b: Scyther MK 2|Bullet Punch|p1a: Sinistcha\n|-damage|p1a: Sinistcha|48\/100\n|move|p2a: Bit Knight|Wild Charge|p1a: Sinistcha\n|-resisted|p1a: Sinistcha\n|-damage|p1a: Sinistcha|24\/100\n|-damage|p2a: Bit Knight|80\/100|[from] Recoil\n|move|p1b: Diancie|Trick Room|p1b: Diancie\n|-fieldstart|move: Trick Room|[of] p1b: Diancie\n|\n|upkeep\n|turn|7\n|\n|t:|1698369731\n|move|p1a: Sinistcha|Rage Powder|p1a: Sinistcha\n|-singleturn|p1a: Sinistcha|move: Rage Powder\n|move|p2b: Scyther MK 2|Bullet Punch|p1a: Sinistcha\n|-damage|p1a: Sinistcha|0 fnt\n|faint|p1a: Sinistcha\n|move|p1b: Diancie|Diamond Storm|p2b: Scyther MK 2|[spread] p2a,p2b\n|-resisted|p2a: Bit Knight\n|-damage|p2a: Bit Knight|70\/100\n|-damage|p2b: Scyther MK 2|46\/100\n|move|p2a: Bit Knight|Heavy Slam|p1b: Diancie\n|-supereffective|p1b: Diancie\n|-damage|p1b: Diancie|0 fnt\n|faint|p1b: Diancie\n|\n|upkeep\n|inactive|Boshigoat has 120 seconds left.\n|\n|t:|1698369741\n|switch|p1b: Kingambit|Kingambit, F|9\/100\n|switch|p1a: Cresselia|Cresselia, F|40\/100\n|-activate|p1b: Kingambit|ability: Supreme Overlord\n|-start|p1b: Kingambit|fallen4|[silent]\n|turn|8\n|\n|t:|1698369759\n|move|p2b: Scyther MK 2|Bullet Punch|p1b: Kingambit\n|-resisted|p1b: Kingambit\n|-damage|p1b: Kingambit|0 fnt\n|faint|p1b: Kingambit\n|-end|p1b: Kingambit|fallen4|[silent]\n|move|p2a: Bit Knight|Wild Charge|p1a: Cresselia\n|-damage|p1a: Cresselia|8\/100\n|-damage|p2a: Bit Knight|62\/100|[from] Recoil\n|move|p1a: Cresselia|Psychic|p2a: Bit Knight\n|-supereffective|p2a: Bit Knight\n|-damage|p2a: Bit Knight|39\/100\n|\n|upkeep\n|turn|9\n|\n|t:|1698369774\n|move|p2b: Scyther MK 2|Bullet Punch|p1a: Cresselia\n|-damage|p1a: Cresselia|0 fnt\n|faint|p1a: Cresselia\n|\n|win|Kyukutsu\n|raw|Boshigoat's rating: 1618 &rarr; <strong>1594<\/strong><br \/>(-24 for losing)\n|raw|Kyukutsu's rating: 1548 &rarr; <strong>1572<\/strong><br \/>(+24 for winning)\n|c|\u2606Kyukutsu|Gg\n|l|\u2606Boshigoat\n","uploadtime":1698369793,"views":13,"p1id":"boshigoat","p2id":"kyukutsu","formatid":"gen9doublesou","rating":1572,"private":0,"password":""}