{"id":"gen9doublesou-1974556147","p1":"johnyg13nb","p2":"hank7601","format":"[Gen 9] Doubles OU","log":"|j|\u2606johnyg13nb\n|j|\u2606hank7601\n|t:|1698097003\n|gametype|doubles\n|player|p1|johnyg13nb|juan|1324\n|player|p2|hank7601|265|1330\n|teamsize|p1|6\n|teamsize|p2|6\n|gen|9\n|tier|[Gen 9] Doubles OU\n|rated|\n|rule|Species Clause: Limit one of each Pok\u00e9mon\n|rule|OHKO Clause: OHKO moves are banned\n|rule|Evasion Moves Clause: Evasion moves are banned\n|rule|Gravity Sleep Clause: The combination of sleep-inducing moves with imperfect accuracy and Gravity or Gigantamax Orbeetle are banned\n|rule|Endless Battle Clause: Forcing endless battles is banned\n|rule|HP Percentage Mod: HP is shown in percentages\n|clearpoke\n|poke|p1|Ursaluna-Bloodmoon, M|\n|poke|p1|Cresselia, F|\n|poke|p1|Tornadus, M|\n|poke|p1|Amoonguss, M|\n|poke|p1|Kingambit, F|\n|poke|p1|Shiftry, M|\n|poke|p2|Manaphy|\n|poke|p2|Garganacl, M|\n|poke|p2|Arcanine, F|\n|poke|p2|Sinistcha|\n|poke|p2|Goodra-Hisui, F|\n|poke|p2|Iron Hands|\n|teampreview\n|\n|t:|1698097011\n|start\n|switch|p1a: Ursaluna|Ursaluna-Bloodmoon, M|100\/100\n|switch|p1b: Cresselia|Cresselia, F, shiny|100\/100\n|switch|p2a: Sinistcha|Sinistcha|100\/100\n|switch|p2b: Goodra|Goodra-Hisui, F|100\/100\n|turn|1\n|\n|t:|1698097024\n|-terastallize|p1a: Ursaluna|Poison\n|move|p2a: Sinistcha|Matcha Gotcha|p1a: Ursaluna|[spread] p1a,p1b\n|-resisted|p1a: Ursaluna\n|-crit|p1b: Cresselia\n|-damage|p1a: Ursaluna|89\/100\n|-damage|p1b: Cresselia|82\/100\n|-status|p1b: Cresselia|brn\n|move|p2b: Goodra|Curse|p2b: Goodra\n|-unboost|p2b: Goodra|spe|1\n|-boost|p2b: Goodra|atk|1\n|-boost|p2b: Goodra|def|1\n|move|p1a: Ursaluna|Calm Mind|p1a: Ursaluna\n|-boost|p1a: Ursaluna|spa|1\n|-boost|p1a: Ursaluna|spd|1\n|move|p1b: Cresselia|Trick Room|p1b: Cresselia\n|-fieldstart|move: Trick Room|[of] p1b: Cresselia\n|\n|-damage|p1b: Cresselia|76\/100 brn|[from] brn\n|upkeep\n|turn|2\n|\n|t:|1698097057\n|switch|p2a: Arcanine|Arcanine, F|100\/100\n|-ability|p2a: Arcanine|Intimidate|boost\n|-unboost|p1a: Ursaluna|atk|1\n|-unboost|p1b: Cresselia|atk|1\n|move|p2b: Goodra|Curse|p2b: Goodra\n|-unboost|p2b: Goodra|spe|1\n|-boost|p2b: Goodra|atk|1\n|-boost|p2b: Goodra|def|1\n|move|p1a: Ursaluna|Earth Power|p2b: Goodra\n|-supereffective|p2b: Goodra\n|-damage|p2b: Goodra|32\/100\n|move|p1b: Cresselia|Skill Swap|p2a: Arcanine\n|-activate|p1b: Cresselia|move: Skill Swap|Intimidate|Levitate|[of] p2a: Arcanine\n|-ability|p1b: Cresselia|Intimidate|boost\n|-unboost|p2a: Arcanine|atk|1\n|-unboost|p2b: Goodra|atk|1\n|\n|-heal|p2b: Goodra|38\/100|[from] item: Leftovers\n|-damage|p1b: Cresselia|70\/100 brn|[from] brn\n|upkeep\n|turn|3\n|\n|t:|1698097078\n|move|p2b: Goodra|Protect|p2b: Goodra\n|-singleturn|p2b: Goodra|Protect\n|move|p1a: Ursaluna|Earth Power|p2b: Goodra\n|-activate|p2b: Goodra|move: Protect\n|move|p1b: Cresselia|Moonlight|p1b: Cresselia\n|-heal|p1b: Cresselia|100\/100 brn\n|move|p2a: Arcanine|Snarl|p1a: Ursaluna|[spread] p1a,p1b\n|-supereffective|p1b: Cresselia\n|-damage|p1a: Ursaluna|84\/100\n|-damage|p1b: Cresselia|91\/100 brn\n|-unboost|p1a: Ursaluna|spa|1\n|-unboost|p1b: Cresselia|spa|1\n|\n|-heal|p2b: Goodra|44\/100|[from] item: Leftovers\n|-damage|p1b: Cresselia|85\/100 brn|[from] brn\n|upkeep\n|turn|4\n|\n|t:|1698097096\n|switch|p2a: Sinistcha|Sinistcha|100\/100\n|-heal|p2b: Goodra|69\/100|[from] ability: Hospitality|[of] p2a: Sinistcha\n|move|p2b: Goodra|Curse|p2b: Goodra\n|-unboost|p2b: Goodra|spe|1\n|-boost|p2b: Goodra|atk|1\n|-boost|p2b: Goodra|def|1\n|move|p1a: Ursaluna|Earth Power|p2b: Goodra\n|-supereffective|p2b: Goodra\n|-damage|p2b: Goodra|20\/100\n|move|p1b: Cresselia|Skill Swap|p2b: Goodra\n|-activate|p1b: Cresselia|move: Skill Swap|Sap Sipper|Intimidate|[of] p2b: Goodra\n|-ability|p2b: Goodra|Intimidate|boost\n|-unboost|p1a: Ursaluna|atk|1\n|-unboost|p1b: Cresselia|atk|1\n|\n|-heal|p2b: Goodra|26\/100|[from] item: Leftovers\n|-damage|p1b: Cresselia|78\/100 brn|[from] brn\n|upkeep\n|turn|5\n|\n|t:|1698097118\n|move|p2a: Sinistcha|Rage Powder|p2a: Sinistcha\n|-singleturn|p2a: Sinistcha|move: Rage Powder\n|move|p2b: Goodra|Heavy Slam|p1a: Ursaluna\n|-damage|p1a: Ursaluna|69\/100\n|move|p1a: Ursaluna|Blood Moon|p2a: Sinistcha\n|-damage|p2a: Sinistcha|35\/100\n|move|p1b: Cresselia|Skill Swap|p2a: Sinistcha\n|-activate|p1b: Cresselia|move: Skill Swap|Hospitality|Sap Sipper|[of] p2a: Sinistcha\n|-heal|p1a: Ursaluna|94\/100|[from] ability: Hospitality|[of] p1b: Cresselia\n|\n|-heal|p2b: Goodra|32\/100|[from] item: Leftovers\n|-damage|p1b: Cresselia|72\/100 brn|[from] brn\n|-fieldend|move: Trick Room\n|upkeep\n|turn|6\n|\n|t:|1698097141\n|move|p2a: Sinistcha|Life Dew|p2a: Sinistcha|[spread] p2a,p2b\n|-heal|p2a: Sinistcha|60\/100\n|-heal|p2b: Goodra|57\/100\n|move|p1a: Ursaluna|Earth Power|p2b: Goodra\n|-supereffective|p2b: Goodra\n|-damage|p2b: Goodra|9\/100\n|move|p2b: Goodra|Curse|p2b: Goodra\n|-unboost|p2b: Goodra|spe|1\n|-boost|p2b: Goodra|atk|1\n|-boost|p2b: Goodra|def|1\n|move|p1b: Cresselia|Trick Room|p1b: Cresselia\n|-fieldstart|move: Trick Room|[of] p1b: Cresselia\n|\n|-heal|p2b: Goodra|15\/100|[from] item: Leftovers\n|-damage|p1b: Cresselia|66\/100 brn|[from] brn\n|upkeep\n|turn|7\n|\n|t:|1698097159\n|switch|p2a: Arcanine|Arcanine, F|100\/100\n|-ability|p2a: Arcanine|Intimidate|boost\n|-unboost|p1a: Ursaluna|atk|1\n|-unboost|p1b: Cresselia|atk|1\n|move|p2b: Goodra|Protect|p2b: Goodra\n|-singleturn|p2b: Goodra|Protect\n|move|p1a: Ursaluna|Calm Mind|p1a: Ursaluna\n|-boost|p1a: Ursaluna|spa|1\n|-boost|p1a: Ursaluna|spd|1\n|move|p1b: Cresselia|Moonlight|p1b: Cresselia\n|-heal|p1b: Cresselia|100\/100 brn\n|\n|-heal|p2b: Goodra|22\/100|[from] item: Leftovers\n|-damage|p1b: Cresselia|94\/100 brn|[from] brn\n|upkeep\n|turn|8\n|\n|t:|1698097179\n|move|p1b: Cresselia|Helping Hand|p1a: Ursaluna\n|-singleturn|p1a: Ursaluna|Helping Hand|[of] p1b: Cresselia\n|move|p2b: Goodra|Heavy Slam|p1a: Ursaluna\n|-damage|p1a: Ursaluna|73\/100\n|move|p1a: Ursaluna|Blood Moon|p2a: Arcanine\n|-crit|p2a: Arcanine\n|-damage|p2a: Arcanine|0 fnt\n|faint|p2a: Arcanine\n|\n|-heal|p2b: Goodra|28\/100|[from] item: Leftovers\n|-damage|p1b: Cresselia|88\/100 brn|[from] brn\n|upkeep\n|\n|t:|1698097190\n|switch|p2a: Sinistcha|Sinistcha|60\/100\n|-heal|p2b: Goodra|53\/100|[from] ability: Hospitality|[of] p2a: Sinistcha\n|turn|9\n|\n|t:|1698097198\n|switch|p2a: Garganacl|Garganacl, M|100\/100\n|move|p2b: Goodra|Heavy Slam|p1a: Ursaluna\n|-damage|p1a: Ursaluna|54\/100\n|move|p1a: Ursaluna|Earth Power|p2b: Goodra\n|-supereffective|p2b: Goodra\n|-damage|p2b: Goodra|0 fnt\n|faint|p2b: Goodra\n|move|p1b: Cresselia|Skill Swap|p2a: Garganacl\n|-activate|p1b: Cresselia|move: Skill Swap|Purifying Salt|Hospitality|[of] p2a: Garganacl\n|\n|-damage|p1b: Cresselia|82\/100 brn|[from] brn\n|upkeep\n|\n|t:|1698097220\n|switch|p2b: Manaphy|Manaphy|100\/100\n|turn|10\n|\n|t:|1698097225\n|move|p1b: Cresselia|Helping Hand|p1a: Ursaluna\n|-singleturn|p1a: Ursaluna|Helping Hand|[of] p1b: Cresselia\n|move|p2a: Garganacl|Salt Cure|p1a: Ursaluna\n|-damage|p1a: Ursaluna|45\/100\n|-start|p1a: Ursaluna|Salt Cure\n|move|p1a: Ursaluna|Blood Moon|p2b: Manaphy\n|-damage|p2b: Manaphy|0 fnt\n|faint|p2b: Manaphy\n|\n|-damage|p1b: Cresselia|76\/100 brn|[from] brn\n|-damage|p1a: Ursaluna|33\/100|[from] Salt Cure\n|-fieldend|move: Trick Room\n|upkeep\n|\n|t:|1698097236\n|switch|p2b: Iron Hands|Iron Hands|100\/100\n|-enditem|p2b: Iron Hands|Booster Energy\n|-activate|p2b: Iron Hands|ability: Quark Drive|[fromitem]\n|-start|p2b: Iron Hands|quarkdriveatk\n|turn|11\n|\n|t:|1698097257\n|switch|p1a: Amoonguss|Amoonguss, M|100\/100\n|move|p1b: Cresselia|Skill Swap||[still]\n|-fail|p1b: Cresselia\n|move|p2b: Iron Hands|Wild Charge|p1a: Amoonguss\n|-resisted|p1a: Amoonguss\n|-damage|p1a: Amoonguss|64\/100\n|-damage|p2b: Iron Hands|92\/100|[from] Recoil\n|move|p2a: Garganacl|Iron Defense|p2a: Garganacl\n|-boost|p2a: Garganacl|def|2\n|\n|-damage|p1b: Cresselia|70\/100 brn|[from] brn\n|upkeep\n|turn|12\n|\n|t:|1698097287\n|switch|p1b: Tornadus|Tornadus, M, shiny|100\/100\n|move|p2b: Iron Hands|Wild Charge|p1b: Tornadus\n|-supereffective|p1b: Tornadus\n|-damage|p1b: Tornadus|0 fnt\n|faint|p1b: Tornadus\n|-damage|p2b: Iron Hands|77\/100|[from] Recoil\n|move|p2a: Garganacl|Salt Cure|p1a: Amoonguss\n|-damage|p1a: Amoonguss|50\/100\n|-start|p1a: Amoonguss|Salt Cure\n|move|p1a: Amoonguss|Spore|p2a: Garganacl\n|-status|p2a: Garganacl|slp|[from] move: Spore\n|\n|-damage|p1a: Amoonguss|38\/100|[from] Salt Cure\n|upkeep\n|\n|t:|1698097290\n|switch|p1b: Shiftry|Shiftry, M, shiny|100\/100\n|turn|13\n|\n|t:|1698097312\n|move|p1b: Shiftry|Knock Off|p2a: Garganacl\n|-damage|p2a: Garganacl|82\/100 slp\n|-damage|p1b: Shiftry|84\/100|[from] item: Rocky Helmet|[of] p2a: Garganacl\n|-enditem|p2a: Garganacl|Rocky Helmet|[from] move: Knock Off|[of] p1b: Shiftry\n|-damage|p1b: Shiftry|74\/100|[from] item: Life Orb\n|move|p2b: Iron Hands|Drain Punch|p1b: Shiftry\n|-supereffective|p1b: Shiftry\n|-damage|p1b: Shiftry|0 fnt\n|-heal|p2b: Iron Hands|100\/100|[from] drain|[of] p1b: Shiftry\n|faint|p1b: Shiftry\n|cant|p2a: Garganacl|slp\n|move|p1a: Amoonguss|Spore|p2b: Iron Hands\n|-status|p2b: Iron Hands|slp|[from] move: Spore\n|\n|-damage|p1a: Amoonguss|26\/100|[from] Salt Cure\n|upkeep\n|\n|t:|1698097322\n|switch|p1b: Ursaluna|Ursaluna-Bloodmoon, M, tera:Poison|33\/100\n|turn|14\n|\n|t:|1698097331\n|move|p1b: Ursaluna|Earth Power|p2b: Iron Hands\n|-supereffective|p2b: Iron Hands\n|-damage|p2b: Iron Hands|31\/100 slp\n|cant|p2b: Iron Hands|slp\n|-curestatus|p2a: Garganacl|slp|[msg]\n|move|p2a: Garganacl|Salt Cure|p1b: Ursaluna\n|-damage|p1b: Ursaluna|26\/100\n|-start|p1b: Ursaluna|Salt Cure\n|move|p1a: Amoonguss|Pollen Puff|p1b: Ursaluna\n|-heal|p1b: Ursaluna|76\/100\n|\n|-damage|p1b: Ursaluna|63\/100|[from] Salt Cure\n|-damage|p1a: Amoonguss|13\/100|[from] Salt Cure\n|upkeep\n|turn|15\n|\n|t:|1698097350\n|cant|p2b: Iron Hands|slp\n|move|p1b: Ursaluna|Earth Power|p2b: Iron Hands\n|-supereffective|p2b: Iron Hands\n|-crit|p2b: Iron Hands\n|-damage|p2b: Iron Hands|0 fnt\n|faint|p2b: Iron Hands\n|-end|p2b: Iron Hands|Quark Drive|[silent]\n|move|p2a: Garganacl|Salt Cure|p1a: Amoonguss\n|-crit|p1a: Amoonguss\n|-damage|p1a: Amoonguss|0 fnt\n|faint|p1a: Amoonguss\n|\n|-damage|p1b: Ursaluna|51\/100|[from] Salt Cure\n|upkeep\n|\n|t:|1698097361\n|switch|p2b: Sinistcha|Sinistcha|60\/100\n|switch|p1a: Cresselia|Cresselia, F, shiny|70\/100 brn\n|-heal|p2a: Garganacl|100\/100|[from] ability: Hospitality|[of] p2b: Sinistcha\n|turn|16\n|\n|t:|1698097375\n|move|p1a: Cresselia|Skill Swap|p2b: Sinistcha\n|-activate|p1a: Cresselia|move: Skill Swap|Hospitality|Levitate|[of] p2b: Sinistcha\n|-heal|p1b: Ursaluna|76\/100|[from] ability: Hospitality|[of] p1a: Cresselia\n|move|p2b: Sinistcha|Matcha Gotcha|p1b: Ursaluna|[spread] p1a,p1b\n|-resisted|p1b: Ursaluna\n|-damage|p1a: Cresselia|59\/100 brn\n|-heal|p2b: Sinistcha|71\/100|[from] drain|[of] p1a: Cresselia\n|-damage|p1b: Ursaluna|64\/100\n|-heal|p2b: Sinistcha|82\/100|[from] drain|[of] p1b: Ursaluna\n|move|p1b: Ursaluna|Blood Moon|p2b: Sinistcha\n|-damage|p2b: Sinistcha|16\/100\n|move|p2a: Garganacl|Salt Cure|p1a: Cresselia\n|-damage|p1a: Cresselia|50\/100 brn\n|-start|p1a: Cresselia|Salt Cure\n|\n|-damage|p1a: Cresselia|44\/100 brn|[from] brn\n|-damage|p1a: Cresselia|32\/100 brn|[from] Salt Cure\n|-damage|p1b: Ursaluna|51\/100|[from] Salt Cure\n|upkeep\n|turn|17\n|\n|t:|1698097399\n|move|p1a: Cresselia|Moonlight|p1a: Cresselia\n|-heal|p1a: Cresselia|82\/100 brn\n|move|p2b: Sinistcha|Strength Sap|p1b: Ursaluna\n|-unboost|p1b: Ursaluna|atk|1\n|-heal|p2b: Sinistcha|73\/100\n|move|p1b: Ursaluna|Moonlight|p1b: Ursaluna\n|-heal|p1b: Ursaluna|100\/100\n|move|p2a: Garganacl|Salt Cure|p1b: Ursaluna\n|-damage|p1b: Ursaluna|93\/100\n|\n|-damage|p1a: Cresselia|75\/100 brn|[from] brn\n|-damage|p1a: Cresselia|63\/100 brn|[from] Salt Cure\n|-damage|p1b: Ursaluna|81\/100|[from] Salt Cure\n|upkeep\n|turn|18\n|\n|t:|1698097415\n|move|p1a: Cresselia|Helping Hand|p1b: Ursaluna\n|-singleturn|p1b: Ursaluna|Helping Hand|[of] p1a: Cresselia\n|move|p2b: Sinistcha|Matcha Gotcha|p1a: Cresselia|[spread] p1a,p1b\n|-resisted|p1b: Ursaluna\n|-damage|p1a: Cresselia|51\/100 brn\n|-heal|p2b: Sinistcha|84\/100|[from] drain|[of] p1a: Cresselia\n|-damage|p1b: Ursaluna|68\/100\n|-heal|p2b: Sinistcha|96\/100|[from] drain|[of] p1b: Ursaluna\n|move|p1b: Ursaluna|Blood Moon|p2b: Sinistcha\n|-crit|p2b: Sinistcha\n|-damage|p2b: Sinistcha|0 fnt\n|faint|p2b: Sinistcha\n|move|p2a: Garganacl|Salt Cure|p1a: Cresselia\n|-damage|p1a: Cresselia|41\/100 brn\n|\n|-damage|p1a: Cresselia|35\/100 brn|[from] brn\n|-damage|p1a: Cresselia|22\/100 brn|[from] Salt Cure\n|-damage|p1b: Ursaluna|56\/100|[from] Salt Cure\n|upkeep\n|turn|19\n|\n|t:|1698097431\n|move|p1a: Cresselia|Helping Hand|p1b: Ursaluna\n|-singleturn|p1b: Ursaluna|Helping Hand|[of] p1a: Cresselia\n|move|p1b: Ursaluna|Earth Power|p2a: Garganacl\n|-supereffective|p2a: Garganacl\n|-crit|p2a: Garganacl\n|-damage|p2a: Garganacl|0 fnt\n|faint|p2a: Garganacl\n|\n|win|johnyg13nb\n|raw|johnyg13nb's rating: 1324 &rarr; <strong>1344<\/strong><br \/>(+20 for winning)\n|raw|hank7601's rating: 1330 &rarr; <strong>1310<\/strong><br \/>(-20 for losing)\n|c|\u2606johnyg13nb|ggwp\n|l|\u2606hank7601\n","uploadtime":1698097440,"views":14,"p1id":"johnyg13nb","p2id":"hank7601","formatid":"gen9doublesou","rating":1310,"private":0,"password":""}