{"id":"gen9doublesou-1983081850","p1":"sleepcooling","p2":"UY QUE RICO PAPI","format":"[Gen 9] Doubles OU","log":"|j|\u2606sleepcooling\n|j|\u2606UY QUE RICO PAPI\n|t:|1699081805\n|gametype|doubles\n|player|p1|sleepcooling|gloria|1430\n|player|p2|UY QUE RICO PAPI|169|1357\n|teamsize|p1|6\n|teamsize|p2|6\n|gen|9\n|tier|[Gen 9] Doubles OU\n|rated|\n|rule|Species Clause: Limit one of each Pok\u00e9mon\n|rule|OHKO Clause: OHKO moves are banned\n|rule|Evasion Moves Clause: Evasion moves are banned\n|rule|Gravity Sleep Clause: The combination of sleep-inducing moves with imperfect accuracy and Gravity or Gigantamax Orbeetle are banned\n|rule|Endless Battle Clause: Forcing endless battles is banned\n|rule|HP Percentage Mod: HP is shown in percentages\n|clearpoke\n|poke|p1|Ogerpon-Hearthflame, F|\n|poke|p1|Chi-Yu|\n|poke|p1|Ninetales, F|\n|poke|p1|Walking Wake|\n|poke|p1|Flutter Mane|\n|poke|p1|Coalossal, F|\n|poke|p2|Trevenant, F|\n|poke|p2|Grimmsnarl, M|\n|poke|p2|Garganacl, F|\n|poke|p2|Ting-Lu|\n|poke|p2|Cresselia, F|\n|poke|p2|Glimmora, F|\n|teampreview\n|inactive|Battle timer is ON: inactive players will automatically lose when time's up. (requested by UY QUE RICO PAPI)\n|\n|t:|1699081825\n|start\n|switch|p1a: Ninetales|Ninetales, F|100\/100\n|switch|p1b: Ogerpon|Ogerpon-Hearthflame, F|100\/100\n|switch|p2a: Grimmsnarl|Grimmsnarl, M|100\/100\n|switch|p2b: Ting-Lu|Ting-Lu|100\/100\n|-ability|p1b: Ogerpon|Mold Breaker\n|-weather|SunnyDay|[from] ability: Drought|[of] p1a: Ninetales\n|-ability|p2b: Ting-Lu|Vessel of Ruin\n|turn|1\n|inactive|sleepcooling has 120 seconds left.\n|\n|t:|1699081858\n|move|p2b: Ting-Lu|Protect|p2b: Ting-Lu\n|-singleturn|p2b: Ting-Lu|Protect\n|move|p2a: Grimmsnarl|Reflect|p2a: Grimmsnarl\n|-sidestart|p2: UY QUE RICO PAPI|Reflect\n|move|p1b: Ogerpon|Wood Hammer|p2b: Ting-Lu\n|-activate|p2b: Ting-Lu|move: Protect\n|move|p1a: Ninetales|Heat Wave|p2b: Ting-Lu|[spread] p2a\n|-activate|p2b: Ting-Lu|move: Protect\n|-damage|p2a: Grimmsnarl|68\/100\n|\n|-weather|SunnyDay|[upkeep]\n|upkeep\n|turn|2\n|\n|t:|1699081870\n|switch|p2b: Glimmora|Glimmora, F|100\/100\n|move|p2a: Grimmsnarl|Light Screen|p2a: Grimmsnarl\n|-sidestart|p2: UY QUE RICO PAPI|move: Light Screen\n|move|p1b: Ogerpon|Wood Hammer|p2b: Glimmora\n|-damage|p2b: Glimmora|68\/100\n|-activate|p2b: Glimmora|ability: Toxic Debris\n|-sidestart|p1: sleepcooling|move: Toxic Spikes\n|-damage|p1b: Ogerpon|88\/100|[from] Recoil\n|move|p1a: Ninetales|Overheat|p2b: Glimmora\n|-resisted|p2b: Glimmora\n|-damage|p2b: Glimmora|43\/100\n|-unboost|p1a: Ninetales|spa|2\n|\n|-weather|SunnyDay|[upkeep]\n|-heal|p2b: Glimmora|49\/100|[from] item: Leftovers\n|upkeep\n|turn|3\n|\n|t:|1699081889\n|move|p1a: Ninetales|Helping Hand|p1b: Ogerpon\n|-singleturn|p1b: Ogerpon|Helping Hand|[of] p1a: Ninetales\n|move|p2a: Grimmsnarl|Parting Shot|p1b: Ogerpon\n|-unboost|p1b: Ogerpon|atk|1\n|-unboost|p1b: Ogerpon|spa|1\n|\n|t:|1699081896\n|switch|p2a: Ting-Lu|Ting-Lu|100\/100|[from] Parting Shot\n|-ability|p2a: Ting-Lu|Vessel of Ruin\n|move|p1b: Ogerpon|Wood Hammer|p2b: Glimmora\n|-damage|p2b: Glimmora|17\/100\n|-activate|p2b: Glimmora|ability: Toxic Debris\n|-sidestart|p1: sleepcooling|move: Toxic Spikes\n|-damage|p1b: Ogerpon|74\/100|[from] Recoil\n|move|p2b: Glimmora|Stealth Rock|p1b: Ogerpon\n|-sidestart|p1: sleepcooling|move: Stealth Rock\n|\n|-weather|SunnyDay|[upkeep]\n|-heal|p2b: Glimmora|23\/100|[from] item: Leftovers\n|upkeep\n|turn|4\n|\n|t:|1699081920\n|move|p2b: Glimmora|Spiky Shield|p2b: Glimmora\n|-singleturn|p2b: Glimmora|move: Protect\n|move|p2a: Ting-Lu|Protect|p2a: Ting-Lu\n|-singleturn|p2a: Ting-Lu|Protect\n|move|p1b: Ogerpon|Wood Hammer|p2a: Ting-Lu\n|-activate|p2a: Ting-Lu|move: Protect\n|move|p1a: Ninetales|Heat Wave|p2a: Ting-Lu|[spread] \n|-activate|p2a: Ting-Lu|move: Protect\n|-activate|p2b: Glimmora|move: Protect\n|\n|-weather|SunnyDay|[upkeep]\n|-heal|p2b: Glimmora|29\/100|[from] item: Leftovers\n|upkeep\n|turn|5\n|\n|t:|1699081940\n|switch|p2b: Garganacl|Garganacl, F|100\/100\n|switch|p2a: Cresselia|Cresselia, F|100\/100\n|move|p1b: Ogerpon|Wood Hammer|p2b: Garganacl\n|-supereffective|p2b: Garganacl\n|-damage|p2b: Garganacl|66\/100\n|-damage|p1b: Ogerpon|59\/100|[from] Recoil\n|move|p1a: Ninetales|Overheat|p2b: Garganacl\n|-resisted|p2b: Garganacl\n|-damage|p2b: Garganacl|55\/100\n|-unboost|p1a: Ninetales|spa|2\n|\n|-weather|none\n|-heal|p2b: Garganacl|62\/100|[from] item: Leftovers\n|upkeep\n|turn|6\n|inactive|sleepcooling has 120 seconds left.\n|\n|t:|1699081983\n|switch|p1b: Coalossal|Coalossal, F|100\/100\n|-status|p1b: Coalossal|tox\n|-damage|p1b: Coalossal|76\/100 tox|[from] Stealth Rock\n|switch|p1a: Walking Wake|Walking Wake|100\/100\n|-status|p1a: Walking Wake|tox\n|-damage|p1a: Walking Wake|88\/100 tox|[from] Stealth Rock\n|move|p2a: Cresselia|Lunar Blessing|p2a: Cresselia|[spread] p2a,p2b\n|-heal|p2b: Garganacl|87\/100\n|move|p2b: Garganacl|Salt Cure|p1b: Coalossal\n|-supereffective|p1b: Coalossal\n|-damage|p1b: Coalossal|53\/100 tox\n|-start|p1b: Coalossal|Salt Cure\n|-enditem|p1b: Coalossal|Weakness Policy\n|-boost|p1b: Coalossal|atk|2|[from] item: Weakness Policy\n|-boost|p1b: Coalossal|spa|2|[from] item: Weakness Policy\n|\n|-heal|p2b: Garganacl|93\/100|[from] item: Leftovers\n|-damage|p1a: Walking Wake|82\/100 tox|[from] psn\n|-damage|p1b: Coalossal|47\/100 tox|[from] psn\n|-damage|p1b: Coalossal|35\/100 tox|[from] Salt Cure\n|upkeep\n|turn|7\n|inactive|sleepcooling has 120 seconds left.\n|inactive|sleepcooling has 90 seconds left.\n|\n|t:|1699082032\n|-end|p1a: Walking Wake|Protosynthesis|[silent]\n|switch|p1a: Ninetales|Ninetales, F|100\/100\n|-status|p1a: Ninetales|tox\n|-damage|p1a: Ninetales|76\/100 tox|[from] Stealth Rock\n|-weather|SunnyDay|[from] ability: Drought|[of] p1a: Ninetales\n|switch|p2a: Ting-Lu|Ting-Lu|100\/100\n|-ability|p2a: Ting-Lu|Vessel of Ruin\n|-terastallize|p2b: Garganacl|Ghost\n|move|p1b: Coalossal|Heat Wave|p2b: Garganacl|[spread] p2a,p2b\n|-damage|p2a: Ting-Lu|65\/100\n|-damage|p2b: Garganacl|50\/100\n|move|p2b: Garganacl|Salt Cure|p1a: Ninetales\n|-supereffective|p1a: Ninetales\n|-damage|p1a: Ninetales|37\/100 tox\n|-start|p1a: Ninetales|Salt Cure\n|\n|-weather|SunnyDay|[upkeep]\n|-heal|p2a: Ting-Lu|72\/100|[from] item: Leftovers\n|-heal|p2b: Garganacl|57\/100|[from] item: Leftovers\n|-damage|p1a: Ninetales|32\/100 tox|[from] psn\n|-damage|p1b: Coalossal|23\/100 tox|[from] psn\n|-damage|p1a: Ninetales|19\/100 tox|[from] Salt Cure\n|-damage|p1b: Coalossal|10\/100 tox|[from] Salt Cure\n|upkeep\n|turn|8\n|\n|t:|1699082055\n|move|p2b: Garganacl|Protect|p2b: Garganacl\n|-singleturn|p2b: Garganacl|Protect\n|move|p1a: Ninetales|Heat Wave|p2a: Ting-Lu|[spread] p2a\n|-activate|p2b: Garganacl|move: Protect\n|-damage|p2a: Ting-Lu|55\/100\n|move|p1b: Coalossal|Heat Wave|p2b: Garganacl|[spread] \n|-activate|p2b: Garganacl|move: Protect\n|-miss|p1b: Coalossal|p2a: Ting-Lu\n|move|p2a: Ting-Lu|Spikes|p1a: Ninetales\n|-sidestart|p1: sleepcooling|Spikes\n|\n|-weather|SunnyDay|[upkeep]\n|-heal|p2a: Ting-Lu|61\/100|[from] item: Leftovers\n|-heal|p2b: Garganacl|63\/100|[from] item: Leftovers\n|-damage|p1a: Ninetales|7\/100 tox|[from] psn\n|-damage|p1b: Coalossal|0 fnt|[from] psn\n|faint|p1b: Coalossal\n|-damage|p1a: Ninetales|0 fnt|[from] Salt Cure\n|faint|p1a: Ninetales\n|-sideend|p2: UY QUE RICO PAPI|Reflect\n|upkeep\n|inactive|sleepcooling has 90 seconds left.\n|\n|t:|1699082072\n|switch|p1a: Flutter Mane|Flutter Mane|100\/100\n|switch|p1b: Chi-Yu|Chi-Yu|100\/100\n|-status|p1b: Chi-Yu|tox\n|-damage|p1b: Chi-Yu|76\/100 tox|[from] Stealth Rock\n|-damage|p1b: Chi-Yu|63\/100 tox|[from] Spikes\n|-ability|p1b: Chi-Yu|Beads of Ruin\n|-status|p1a: Flutter Mane|tox\n|-damage|p1a: Flutter Mane|88\/100 tox|[from] Stealth Rock\n|-damage|p1a: Flutter Mane|76\/100 tox|[from] Spikes\n|-activate|p1a: Flutter Mane|ability: Protosynthesis\n|-start|p1a: Flutter Mane|protosynthesisspe\n|turn|9\n|inactive|UY QUE RICO PAPI has 120 seconds left.\n|\n|t:|1699082107\n|switch|p2b: Glimmora|Glimmora, F|29\/100\n|-terastallize|p1b: Chi-Yu|Fire\n|move|p2a: Ting-Lu|Protect|p2a: Ting-Lu\n|-singleturn|p2a: Ting-Lu|Protect\n|move|p1a: Flutter Mane|Dazzling Gleam|p2a: Ting-Lu|[spread] p2b\n|-activate|p2a: Ting-Lu|move: Protect\n|-resisted|p2b: Glimmora\n|-damage|p2b: Glimmora|12\/100\n|move|p1b: Chi-Yu|Heat Wave|p2b: Glimmora|[spread] p2b\n|-activate|p2a: Ting-Lu|move: Protect\n|-resisted|p2b: Glimmora\n|-damage|p2b: Glimmora|0 fnt\n|faint|p2b: Glimmora\n|\n|-weather|SunnyDay|[upkeep]\n|-heal|p2a: Ting-Lu|68\/100|[from] item: Leftovers\n|-damage|p1a: Flutter Mane|70\/100 tox|[from] psn\n|-damage|p1b: Chi-Yu|57\/100 tox|[from] psn\n|-sideend|p2: UY QUE RICO PAPI|move: Light Screen\n|upkeep\n|\n|t:|1699082125\n|switch|p2b: Grimmsnarl|Grimmsnarl, M|68\/100\n|turn|10\n|\n|t:|1699082132\n|switch|p2a: Cresselia|Cresselia, F|100\/100\n|move|p2b: Grimmsnarl|Light Screen|p2b: Grimmsnarl\n|-sidestart|p2: UY QUE RICO PAPI|move: Light Screen\n|move|p1a: Flutter Mane|Dazzling Gleam|p2b: Grimmsnarl|[spread] p2a,p2b\n|-supereffective|p2b: Grimmsnarl\n|-damage|p2a: Cresselia|73\/100\n|-damage|p2b: Grimmsnarl|0 fnt\n|faint|p2b: Grimmsnarl\n|move|p1b: Chi-Yu|Heat Wave|p2a: Cresselia\n|-damage|p2a: Cresselia|5\/100\n|\n|-weather|SunnyDay|[upkeep]\n|-damage|p1a: Flutter Mane|58\/100 tox|[from] psn\n|-damage|p1b: Chi-Yu|46\/100 tox|[from] psn\n|upkeep\n|inactive|UY QUE RICO PAPI has 120 seconds left.\n|\n|t:|1699082157\n|switch|p2b: Trevenant|Trevenant, F|100\/100\n|turn|11\n|\n|t:|1699082163\n|switch|p1b: Ogerpon|Ogerpon-Hearthflame, F|59\/100\n|-status|p1b: Ogerpon|tox\n|-damage|p1b: Ogerpon|34\/100 tox|[from] Stealth Rock\n|-damage|p1b: Ogerpon|22\/100 tox|[from] Spikes\n|-ability|p1b: Ogerpon|Mold Breaker\n|move|p2b: Trevenant|Protect|p2b: Trevenant\n|-singleturn|p2b: Trevenant|Protect\n|move|p1a: Flutter Mane|Dazzling Gleam|p2b: Trevenant|[spread] p2a\n|-activate|p2b: Trevenant|move: Protect\n|-damage|p2a: Cresselia|0 fnt\n|faint|p2a: Cresselia\n|\n|-weather|none\n|-end|p1a: Flutter Mane|Protosynthesis\n|-damage|p1a: Flutter Mane|40\/100 tox|[from] psn\n|-damage|p1b: Ogerpon|16\/100 tox|[from] psn\n|upkeep\n|inactive|UY QUE RICO PAPI has 120 seconds left.\n|\n|t:|1699082180\n|switch|p2a: Garganacl|Garganacl, F, tera:Ghost|63\/100\n|turn|12\n|\n|t:|1699082195\n|switch|p2b: Ting-Lu|Ting-Lu|68\/100\n|-ability|p2b: Ting-Lu|Vessel of Ruin\n|move|p2a: Garganacl|Protect|p2a: Garganacl\n|-singleturn|p2a: Garganacl|Protect\n|move|p1a: Flutter Mane|Dazzling Gleam|p2b: Ting-Lu|[spread] p2b\n|-activate|p2a: Garganacl|move: Protect\n|-supereffective|p2b: Ting-Lu\n|-damage|p2b: Ting-Lu|30\/100\n|move|p1b: Ogerpon|Ivy Cudgel|p2b: Ting-Lu\n|-damage|p2b: Ting-Lu|5\/100\n|\n|-heal|p2b: Ting-Lu|12\/100|[from] item: Leftovers\n|-heal|p2a: Garganacl|69\/100|[from] item: Leftovers\n|-damage|p1a: Flutter Mane|16\/100 tox|[from] psn\n|-damage|p1b: Ogerpon|4\/100 tox|[from] psn\n|upkeep\n|turn|13\n|\n|t:|1699082212\n|move|p2b: Ting-Lu|Protect|p2b: Ting-Lu\n|-singleturn|p2b: Ting-Lu|Protect\n|move|p1a: Flutter Mane|Dazzling Gleam|p2b: Ting-Lu|[spread] p2a\n|-activate|p2b: Ting-Lu|move: Protect\n|-damage|p2a: Garganacl|46\/100\n|move|p1b: Ogerpon|Wood Hammer|p2a: Garganacl\n|-damage|p2a: Garganacl|6\/100\n|-damage|p1b: Ogerpon|0 fnt|[from] Recoil\n|faint|p1b: Ogerpon\n|move|p2a: Garganacl|Recover|p2a: Garganacl\n|-heal|p2a: Garganacl|56\/100\n|\n|-heal|p2b: Ting-Lu|18\/100|[from] item: Leftovers\n|-heal|p2a: Garganacl|63\/100|[from] item: Leftovers\n|-damage|p1a: Flutter Mane|0 fnt|[from] psn\n|faint|p1a: Flutter Mane\n|-end|p1a: Flutter Mane|Protosynthesis|[silent]\n|upkeep\n|\n|t:|1699082223\n|switch|p1a: Chi-Yu|Chi-Yu, tera:Fire|46\/100 tox\n|switch|p1b: Walking Wake|Walking Wake|82\/100 tox\n|-damage|p1a: Chi-Yu|21\/100 tox|[from] Stealth Rock\n|-damage|p1a: Chi-Yu|8\/100 tox|[from] Spikes\n|-ability|p1a: Chi-Yu|Beads of Ruin\n|-damage|p1b: Walking Wake|70\/100 tox|[from] Stealth Rock\n|-damage|p1b: Walking Wake|58\/100 tox|[from] Spikes\n|turn|14\n|\n|t:|1699082249\n|move|p2b: Ting-Lu|Protect||[still]\n|-fail|p2b: Ting-Lu\n|move|p2a: Garganacl|Protect|p2a: Garganacl\n|-singleturn|p2a: Garganacl|Protect\n|move|p1a: Chi-Yu|Heat Wave|p2b: Ting-Lu|[spread] p2b\n|-activate|p2a: Garganacl|move: Protect\n|-damage|p2b: Ting-Lu|0 fnt\n|faint|p2b: Ting-Lu\n|move|p1b: Walking Wake|Hydro Steam|p2a: Garganacl\n|-activate|p2a: Garganacl|move: Protect\n|\n|-heal|p2a: Garganacl|69\/100|[from] item: Leftovers\n|-damage|p1a: Chi-Yu|2\/100 tox|[from] psn\n|-damage|p1b: Walking Wake|51\/100 tox|[from] psn\n|upkeep\n|inactive|UY QUE RICO PAPI has 120 seconds left.\n|\n|t:|1699082266\n|switch|p2b: Trevenant|Trevenant, F|100\/100\n|turn|15\n|\n|t:|1699082273\n|move|p2b: Trevenant|Protect|p2b: Trevenant\n|-singleturn|p2b: Trevenant|Protect\n|move|p1a: Chi-Yu|Heat Wave|p2a: Garganacl|[spread] p2a\n|-activate|p2b: Trevenant|move: Protect\n|-damage|p2a: Garganacl|24\/100\n|move|p1b: Walking Wake|Hydro Steam|p2a: Garganacl\n|-damage|p2a: Garganacl|0 fnt\n|faint|p2a: Garganacl\n|\n|-damage|p1a: Chi-Yu|0 fnt|[from] psn\n|faint|p1a: Chi-Yu\n|-damage|p1b: Walking Wake|39\/100 tox|[from] psn\n|upkeep\n|turn|16\n|\n|t:|1699082290\n|move|p1b: Walking Wake|Hydro Steam|p2b: Trevenant\n|-resisted|p2b: Trevenant\n|-damage|p2b: Trevenant|85\/100\n|move|p2b: Trevenant|Leech Seed|p1b: Walking Wake\n|-start|p1b: Walking Wake|move: Leech Seed\n|\n|-damage|p1b: Walking Wake|27\/100 tox|[from] Leech Seed|[of] p2b: Trevenant\n|-heal|p2b: Trevenant|96\/100|[silent]\n|-damage|p1b: Walking Wake|8\/100 tox|[from] psn\n|upkeep\n|turn|17\n|c|\u2606UY QUE RICO PAPI|a bunch of braindead pokemon\n|c|\u2606UY QUE RICO PAPI|NOTHING SPECIAL\n|\n|t:|1699082307\n|move|p2b: Trevenant|Protect|p2b: Trevenant\n|-singleturn|p2b: Trevenant|Protect\n|move|p1b: Walking Wake|Draco Meteor|p2b: Trevenant\n|-activate|p2b: Trevenant|move: Protect\n|\n|-damage|p1b: Walking Wake|0 fnt|[from] Leech Seed|[of] p2b: Trevenant\n|-heal|p2b: Trevenant|100\/100|[silent]\n|faint|p1b: Walking Wake\n|-end|p1b: Walking Wake|Protosynthesis|[silent]\n|\n|win|UY QUE RICO PAPI\n|upkeep\n|raw|sleepcooling's rating: 1430 &rarr; <strong>1406<\/strong><br \/>(-24 for losing)\n|raw|UY QUE RICO PAPI's rating: 1357 &rarr; <strong>1381<\/strong><br \/>(+24 for winning)\n|c|\u2606UY QUE RICO PAPI|RIP KID\n|c|\u2606UY QUE RICO PAPI|:')\n|c|\u2606sleepcooling|\uff1f\n|c|\u2606UY QUE RICO PAPI|when pure skills own tierhoring\n|c|\u2606UY QUE RICO PAPI|SAD\n|c|\u2606UY QUE RICO PAPI|:')\n|c|\u2606sleepcooling|oh\n|c|\u2606sleepcooling|just like yourself\n|c|\u2606UY QUE RICO PAPI|nah\n|c|\u2606UY QUE RICO PAPI|i use legit teams\n|c|\u2606UY QUE RICO PAPI|not spamming stupidly damaging attacks\n|c|\u2606UY QUE RICO PAPI|no brain use\n|c|\u2606UY QUE RICO PAPI|LMAO\n|c|\u2606sleepcooling|yes\n|l|\u2606sleepcooling\n|c|\u2606UY QUE RICO PAPI|its sad u still lose spamming\n|c|\u2606UY QUE RICO PAPI|heat wave and crap\n|c|\u2606UY QUE RICO PAPI|LMAO\n|c|\u2606UY QUE RICO PAPI|flutter mane crap dazz spam\n|c|\u2606UY QUE RICO PAPI|FAIL\n|c|\u2606UY QUE RICO PAPI|chiyu crap heat wave spamming under sun\n|c|\u2606UY QUE RICO PAPI|FAIL\n|c|\u2606UY QUE RICO PAPI|LMAO ure so bad kid\n|c|\u2606UY QUE RICO PAPI|waking wake crap\n|c|\u2606UY QUE RICO PAPI|spamming crap under sun\n|c|\u2606UY QUE RICO PAPI|BIG FAIL\n|c|\u2606UY QUE RICO PAPI|:')\n","uploadtime":1699082329,"views":21,"p1id":"sleepcooling","p2id":"uyquericopapi","formatid":"gen9doublesou","rating":1381,"private":0,"password":""}