{"id":"gen9doublesou-1975995018","p1":"shanepokemon78","p2":"Liam Doria Vinck","format":"[Gen 9] Doubles OU","log":"|j|\u2606shanepokemon78\n|j|\u2606Liam Doria Vinck\n|t:|1698255105\n|gametype|doubles\n|player|p1|shanepokemon78|gentleman-gen4dp|1327\n|player|p2|Liam Doria Vinck|volkner|1220\n|teamsize|p1|6\n|teamsize|p2|6\n|gen|9\n|tier|[Gen 9] Doubles OU\n|rated|\n|rule|Species Clause: Limit one of each Pok\u00e9mon\n|rule|OHKO Clause: OHKO moves are banned\n|rule|Evasion Moves Clause: Evasion moves are banned\n|rule|Gravity Sleep Clause: The combination of sleep-inducing moves with imperfect accuracy and Gravity or Gigantamax Orbeetle are banned\n|rule|Endless Battle Clause: Forcing endless battles is banned\n|rule|HP Percentage Mod: HP is shown in percentages\n|clearpoke\n|poke|p1|Goodra, F|\n|poke|p1|Cinderace, F|\n|poke|p1|Manaphy|\n|poke|p1|Bronzong|\n|poke|p1|Diancie|\n|poke|p1|Sinistcha|\n|poke|p2|Pikachu, F|\n|poke|p2|Pachirisu, M|\n|poke|p2|Pincurchin, F|\n|poke|p2|Kilowattrel, M|\n|poke|p2|Regieleki|\n|poke|p2|Thundurus-Therian, M|\n|teampreview\n|\n|t:|1698255122\n|start\n|switch|p1a: Bronzong|Bronzong|100\/100\n|switch|p1b: Diancie|Diancie|100\/100\n|switch|p2a: Pincurchin|Pincurchin, F|100\/100\n|switch|p2b: Thundurus|Thundurus-Therian, M|100\/100\n|-fieldstart|move: Electric Terrain|[from] ability: Electric Surge|[of] p2a: Pincurchin\n|-enditem|p2b: Thundurus|Electric Seed\n|-boost|p2b: Thundurus|def|1|[from] item: Electric Seed\n|turn|1\n|\n|t:|1698255140\n|-terastallize|p2b: Thundurus|Electric\n|move|p2b: Thundurus|Charge|p2b: Thundurus\n|-boost|p2b: Thundurus|spd|1\n|-start|p2b: Thundurus|Charge\n|move|p1b: Diancie|Diamond Storm|p2b: Thundurus|[spread] p2a,p2b\n|-damage|p2a: Pincurchin|61\/100\n|-damage|p2b: Thundurus|65\/100\n|move|p1a: Bronzong|Calm Mind|p1a: Bronzong\n|-boost|p1a: Bronzong|spa|1\n|-boost|p1a: Bronzong|spd|1\n|move|p2a: Pincurchin|Discharge|p1a: Bronzong|[spread] p1a,p1b\n|-heal|p2b: Thundurus|90\/100|[from] ability: Volt Absorb|[of] p2a: Pincurchin\n|-damage|p1a: Bronzong|81\/100\n|-damage|p1b: Diancie|72\/100\n|-status|p1b: Diancie|par\n|\n|upkeep\n|turn|2\n|\n|t:|1698255169\n|move|p2b: Thundurus|Wildbolt Storm|p1b: Diancie|[spread] p1a,p1b\n|-damage|p1a: Bronzong|6\/100\n|-damage|p1b: Diancie|0 fnt\n|faint|p1b: Diancie\n|-end|p2b: Thundurus|Charge|[silent]\n|move|p1a: Bronzong|Psychic|p2a: Pincurchin\n|-damage|p2a: Pincurchin|0 fnt\n|faint|p2a: Pincurchin\n|\n|upkeep\n|\n|t:|1698255181\n|switch|p1b: Goodra|Goodra, F|100\/100\n|switch|p2a: Kilowattrel|Kilowattrel, M|100\/100\n|turn|3\n|\n|t:|1698255193\n|move|p2a: Kilowattrel|Tailwind|p2a: Kilowattrel\n|-sidestart|p2: Liam Doria Vinck|move: Tailwind\n|-start|p2a: Kilowattrel|Charge|Tailwind|[from] ability: Wind Power\n|move|p2b: Thundurus|Wildbolt Storm|p1b: Goodra|[spread] p1b\n|-miss|p2b: Thundurus|p1a: Bronzong\n|-resisted|p1b: Goodra\n|-damage|p1b: Goodra|86\/100\n|move|p1b: Goodra|Muddy Water|p2b: Thundurus|[spread] p2a,p2b\n|-damage|p2a: Kilowattrel|58\/100\n|-damage|p2b: Thundurus|70\/100\n|move|p1a: Bronzong|Psychic|p2a: Kilowattrel\n|-damage|p2a: Kilowattrel|0 fnt\n|faint|p2a: Kilowattrel\n|\n|upkeep\n|\n|t:|1698255212\n|switch|p2a: Regieleki|Regieleki|100\/100\n|turn|4\n|\n|t:|1698255223\n|move|p2a: Regieleki|Electroweb|p1a: Bronzong|[spread] p1a,p1b\n|-resisted|p1b: Goodra\n|-damage|p1a: Bronzong|0 fnt\n|-damage|p1b: Goodra|79\/100\n|-unboost|p1b: Goodra|spe|1\n|faint|p1a: Bronzong\n|move|p2b: Thundurus|Charge|p2b: Thundurus\n|-boost|p2b: Thundurus|spd|1\n|-start|p2b: Thundurus|Charge\n|move|p1b: Goodra|Muddy Water|p2b: Thundurus|[spread] p2a,p2b\n|-damage|p2a: Regieleki|59\/100\n|-damage|p2b: Thundurus|54\/100\n|-unboost|p2b: Thundurus|accuracy|1\n|\n|upkeep\n|\n|t:|1698255236\n|switch|p1a: Manaphy|Manaphy|100\/100\n|turn|5\n|\n|t:|1698255259\n|-terastallize|p1a: Manaphy|Ghost\n|move|p2a: Regieleki|Electroweb|p1a: Manaphy|[spread] p1a,p1b\n|-resisted|p1b: Goodra\n|-damage|p1a: Manaphy|60\/100\n|-damage|p1b: Goodra|71\/100\n|-unboost|p1a: Manaphy|spe|1\n|-unboost|p1b: Goodra|spe|1\n|move|p2b: Thundurus|Bulk Up|p2b: Thundurus\n|-boost|p2b: Thundurus|atk|1\n|-boost|p2b: Thundurus|def|1\n|move|p1a: Manaphy|Heart Swap|p2b: Thundurus\n|-swapboost|p1a: Manaphy|p2b: Thundurus|[from] move: Heart Swap\n|move|p1b: Goodra|Muddy Water|p2a: Regieleki|[spread] \n|-miss|p1b: Goodra|p2a: Regieleki\n|-miss|p1b: Goodra|p2b: Thundurus\n|\n|upkeep\n|turn|6\n|\n|t:|1698255292\n|switch|p2b: Pachirisu|Pachirisu, M|100\/100\n|move|p2a: Regieleki|Thunder Cage|p1a: Manaphy|[miss]\n|-miss|p2a: Regieleki|p1a: Manaphy\n|move|p1a: Manaphy|Skill Swap|p2b: Pachirisu\n|-activate|p1a: Manaphy|move: Skill Swap|Volt Absorb|Hydration|[of] p2b: Pachirisu\n|move|p1b: Goodra|Dragon Pulse|p2a: Regieleki\n|-crit|p2a: Regieleki\n|-damage|p2a: Regieleki|0 fnt\n|faint|p2a: Regieleki\n|\n|-sideend|p2: Liam Doria Vinck|move: Tailwind\n|upkeep\n|c|\u2606shanepokemon78|mine\n|c|\u2606shanepokemon78|mine again\n|c|\u2606Liam Doria Vinck|yes :v\n|c|\u2606shanepokemon78|lol\n|c|\u2606shanepokemon78|sorry\n|\n|t:|1698255322\n|switch|p2a: Pikachu|Pikachu, F|100\/100\n|turn|7\n|\n|t:|1698255344\n|move|p1a: Manaphy|Dazzling Gleam|p2b: Pachirisu|[spread] p2a,p2b\n|-damage|p2a: Pikachu|47\/100\n|-damage|p2b: Pachirisu|81\/100\n|move|p2b: Pachirisu|Discharge|p1b: Goodra|[spread] p1b\n|-ability|p2a: Pikachu|Lightning Rod|boost\n|-boost|p2a: Pikachu|spa|1\n|-heal|p1a: Manaphy|85\/100|[from] ability: Volt Absorb|[of] p2b: Pachirisu\n|-resisted|p1b: Goodra\n|-damage|p1b: Goodra|68\/100\n|move|p2a: Pikachu|Substitute|p2a: Pikachu\n|-start|p2a: Pikachu|Substitute\n|-damage|p2a: Pikachu|23\/100\n|move|p1b: Goodra|Muddy Water|p2a: Pikachu|[spread] p2a,p2b\n|-end|p2a: Pikachu|Substitute\n|-damage|p2b: Pachirisu|54\/100\n|-unboost|p2b: Pachirisu|accuracy|1\n|\n|upkeep\n|turn|8\n|c|\u2606Liam Doria Vinck|gg wp\n|-message|Liam Doria Vinck forfeited.\n|\n|win|shanepokemon78\n|raw|shanepokemon78's rating: 1327 &rarr; <strong>1341<\/strong><br \/>(+14 for winning)\n|raw|Liam Doria Vinck's rating: 1220 &rarr; <strong>1202<\/strong><br \/>(-18 for losing)\n|l|\u2606Liam Doria Vinck\n","uploadtime":1698255375,"views":18,"p1id":"shanepokemon78","p2id":"liamdoriavinck","formatid":"gen9doublesou","rating":1202,"private":0,"password":""}