{"id":"gen9doublesou-1983564103","p1":"SaturnFr3ak","p2":"Lord Bromosalino","format":"[Gen 9] Doubles OU","log":"|j|\u2606SaturnFr3ak\n|j|\u2606Lord Bromosalino\n|t:|1699143892\n|gametype|doubles\n|player|p1|SaturnFr3ak|mina|1327\n|player|p2|Lord Bromosalino|veteran|1292\n|teamsize|p1|6\n|teamsize|p2|6\n|gen|9\n|tier|[Gen 9] Doubles OU\n|rated|\n|rule|Species Clause: Limit one of each Pok\u00e9mon\n|rule|OHKO Clause: OHKO moves are banned\n|rule|Evasion Moves Clause: Evasion moves are banned\n|rule|Gravity Sleep Clause: The combination of sleep-inducing moves with imperfect accuracy and Gravity or Gigantamax Orbeetle are banned\n|rule|Endless Battle Clause: Forcing endless battles is banned\n|rule|HP Percentage Mod: HP is shown in percentages\n|clearpoke\n|poke|p1|Stonjourner, F|\n|poke|p1|Chi-Yu|\n|poke|p1|Passimian, M|\n|poke|p1|Flutter Mane|\n|poke|p1|Muk-Alola, M|\n|poke|p1|Sinistcha-Masterpiece|\n|poke|p2|Dragapult, F|\n|poke|p2|Sylveon, F|\n|poke|p2|Kleavor, M|\n|poke|p2|Decidueye-Hisui, F|\n|poke|p2|Gyarados, M|\n|poke|p2|Arcanine, M|\n|teampreview\n|inactive|Battle timer is ON: inactive players will automatically lose when time's up. (requested by Lord Bromosalino)\n|\n|t:|1699143913\n|start\n|switch|p1a: Roxie|Stonjourner, F, shiny|100\/100\n|switch|p1b: OJ|Passimian, M, shiny|100\/100\n|switch|p2a: Sylveon|Sylveon, F|100\/100\n|switch|p2b: Kleavor|Kleavor, M|100\/100\n|turn|1\n|\n|t:|1699143923\n|move|p1b: OJ|Iron Head|p2a: Sylveon\n|-supereffective|p2a: Sylveon\n|-damage|p2a: Sylveon|10\/100\n|move|p2b: Kleavor|Stone Axe|p1b: OJ\n|-resisted|p1b: OJ\n|-damage|p1b: OJ|73\/100\n|-sidestart|p1: SaturnFr3ak|move: Stealth Rock\n|move|p1a: Roxie|Sunny Day|p1a: Roxie\n|-weather|SunnyDay\n|cant|p2a: Sylveon|flinch\n|\n|-weather|SunnyDay|[upkeep]\n|upkeep\n|turn|2\n|\n|t:|1699143944\n|move|p1b: OJ|Iron Head|p2b: Kleavor\n|-supereffective|p2b: Kleavor\n|-damage|p2b: Kleavor|12\/100\n|cant|p2b: Kleavor|flinch\n|move|p1a: Roxie|Heat Crash|p2a: Sylveon\n|-damage|p2a: Sylveon|0 fnt\n|faint|p2a: Sylveon\n|\n|-weather|SunnyDay|[upkeep]\n|upkeep\n|c|\u2606SaturnFr3ak|Can't handle The Juice\n|inactive|Lord Bromosalino has 120 seconds left.\n|\n|t:|1699143990\n|switch|p2a: Decidueye|Decidueye-Hisui, F|100\/100\n|turn|3\n|\n|t:|1699144000\n|move|p1b: OJ|Iron Head|p2b: Kleavor\n|-supereffective|p2b: Kleavor\n|-damage|p2b: Kleavor|0 fnt\n|faint|p2b: Kleavor\n|move|p1a: Roxie|Heat Crash|p2a: Decidueye\n|-supereffective|p2a: Decidueye\n|-damage|p2a: Decidueye|0 fnt\n|faint|p2a: Decidueye\n|\n|-weather|SunnyDay|[upkeep]\n|upkeep\n|inactive|Lord Bromosalino has 120 seconds left.\n|\n|t:|1699144013\n|switch|p2b: Arcanine|Arcanine, M|100\/100\n|switch|p2a: Gyarados|Gyarados, M, shiny|100\/100\n|-ability|p2b: Arcanine|Intimidate|boost\n|-unboost|p1a: Roxie|atk|1\n|-unboost|p1b: OJ|atk|1\n|turn|4\n|\n|t:|1699144032\n|switch|p1b: Envy|Muk-Alola, M, shiny|100\/100\n|-damage|p1b: Envy|88\/100|[from] Stealth Rock\n|move|p2a: Gyarados|Iron Head|p1a: Roxie\n|-supereffective|p1a: Roxie\n|-damage|p1a: Roxie|67\/100\n|move|p2b: Arcanine|Solar Beam||[still]\n|-prepare|p2b: Arcanine|Solar Beam\n|-anim|p2b: Arcanine|Solar Beam|p1a: Roxie\n|-supereffective|p1a: Roxie\n|-damage|p1a: Roxie|0 fnt\n|faint|p1a: Roxie\n|-ability|p1b: Envy|Power Spot|[from] ability: Power of Alchemy|[of] p1a: Roxie\n|\n|-weather|SunnyDay|[upkeep]\n|upkeep\n|inactive|SaturnFr3ak has 120 seconds left.\n|\n|t:|1699144065\n|switch|p1a: Nemo|Chi-Yu|100\/100\n|-damage|p1a: Nemo|76\/100|[from] Stealth Rock\n|-ability|p1a: Nemo|Beads of Ruin\n|turn|5\n|inactive|SaturnFr3ak has 120 seconds left.\n|\n|t:|1699144089\n|-terastallize|p1a: Nemo|Water\n|move|p1a: Nemo|Dark Pulse|p2b: Arcanine\n|-damage|p2b: Arcanine|15\/100\n|-enditem|p2b: Arcanine|Aguav Berry|[eat]\n|-heal|p2b: Arcanine|48\/100|[from] item: Aguav Berry\n|move|p2a: Gyarados|Aqua Tail|p1a: Nemo\n|-resisted|p1a: Nemo\n|-damage|p1a: Nemo|54\/100\n|cant|p2b: Arcanine|flinch\n|move|p1b: Envy|Knock Off|p2a: Gyarados\n|-damage|p2a: Gyarados|40\/100\n|-enditem|p2a: Gyarados|Aguav Berry|[from] move: Knock Off|[of] p1b: Envy\n|\n|-weather|SunnyDay|[upkeep]\n|upkeep\n|turn|6\n|inactive|SaturnFr3ak has 120 seconds left.\n|\n|t:|1699144115\n|move|p1a: Nemo|Dark Pulse|p2b: Arcanine\n|-damage|p2b: Arcanine|0 fnt\n|faint|p2b: Arcanine\n|move|p2a: Gyarados|Crunch|p1a: Nemo\n|-damage|p1a: Nemo|7\/100\n|move|p1b: Envy|Poison Jab|p2a: Gyarados\n|-damage|p2a: Gyarados|0 fnt\n|faint|p2a: Gyarados\n|\n|-weather|SunnyDay|[upkeep]\n|upkeep\n|-message|Lord Bromosalino forfeited.\n|\n|win|SaturnFr3ak\n|raw|SaturnFr3ak's rating: 1327 &rarr; <strong>1345<\/strong><br \/>(+18 for winning)\n|raw|Lord Bromosalino's rating: 1292 &rarr; <strong>1270<\/strong><br \/>(-22 for losing)\n|l|\u2606Lord Bromosalino\n","uploadtime":1699144128,"views":14,"p1id":"saturnfr3ak","p2id":"lordbromosalino","formatid":"gen9doublesou","rating":1270,"private":0,"password":""}