{"id":"gen9doublesou-1993408362","p1":"HarryPo'err","p2":"iluvtrickroom","format":"[Gen 9] Doubles OU","log":"|j|\u2606HarryPo'err\n|j|\u2606iluvtrickroom\n|t:|1700313840\n|gametype|doubles\n|player|p1|HarryPo'err|101|1062\n|player|p2|iluvtrickroom|hilda|1032\n|teamsize|p1|6\n|teamsize|p2|6\n|gen|9\n|tier|[Gen 9] Doubles OU\n|rated|\n|rule|Species Clause: Limit one of each Pok\u00e9mon\n|rule|OHKO Clause: OHKO moves are banned\n|rule|Evasion Moves Clause: Evasion moves are banned\n|rule|Gravity Sleep Clause: The combination of sleep-inducing moves with imperfect accuracy and Gravity or Gigantamax Orbeetle are banned\n|rule|Endless Battle Clause: Forcing endless battles is banned\n|rule|HP Percentage Mod: HP is shown in percentages\n|clearpoke\n|poke|p1|Ting-Lu|\n|poke|p1|Toxapex, M|\n|poke|p1|Cresselia, F|\n|poke|p1|Arcanine-Hisui, M|\n|poke|p1|Maushold|\n|poke|p1|Flutter Mane|\n|poke|p2|Espeon, F|\n|poke|p2|Masquerain, M|\n|poke|p2|Kingambit, F|\n|poke|p2|Empoleon, F|\n|poke|p2|Gardevoir, F|\n|poke|p2|Rotom-Heat|\n|teampreview\n|\n|t:|1700313857\n|start\n|switch|p1a: Arcanine|Arcanine-Hisui, M, shiny|100\/100\n|switch|p1b: Cresselia|Cresselia, F|100\/100\n|switch|p2a: everyone's idol|Espeon, F|100\/100\n|switch|p2b: he IS Intimidate|Masquerain, M|100\/100\n|-item|p1a: Arcanine|Air Balloon\n|-ability|p2b: he IS Intimidate|Intimidate|boost\n|-unboost|p1a: Arcanine|atk|1\n|-unboost|p1b: Cresselia|atk|1\n|turn|1\n|\n|t:|1700313897\n|-terastallize|p1b: Cresselia|Electric\n|move|p1a: Arcanine|Wild Charge|p2b: he IS Intimidate\n|-supereffective|p2b: he IS Intimidate\n|-damage|p2b: he IS Intimidate|64\/100\n|move|p1b: Cresselia|Moonblast|p2b: he IS Intimidate\n|-damage|p2b: he IS Intimidate|37\/100\n|move|p2a: everyone's idol|Skill Swap|p1b: Cresselia\n|-activate|p2a: everyone's idol|move: Skill Swap|Levitate|Magic Bounce|[of] p1b: Cresselia\n|move|p2b: he IS Intimidate|Sticky Web|p1b: Cresselia\n|move|p1b: Cresselia|Sticky Web|p2b: he IS Intimidate|[from]ability: Magic Bounce\n|-sidestart|p2: iluvtrickroom|move: Sticky Web\n|\n|upkeep\n|turn|2\n|\n|t:|1700313919\n|move|p1a: Arcanine|Head Smash|p2b: he IS Intimidate\n|-supereffective|p2b: he IS Intimidate\n|-damage|p2b: he IS Intimidate|0 fnt\n|faint|p2b: he IS Intimidate\n|move|p1b: Cresselia|Moonblast|p2a: everyone's idol\n|-damage|p2a: everyone's idol|83\/100\n|move|p2a: everyone's idol|Trick Room|p2a: everyone's idol\n|-fieldstart|move: Trick Room|[of] p2a: everyone's idol\n|\n|-heal|p2a: everyone's idol|89\/100|[from] item: Leftovers\n|upkeep\n|\n|t:|1700313932\n|switch|p2b: 4x to Salt Cure|Empoleon, F|100\/100\n|-activate|p2b: 4x to Salt Cure|move: Sticky Web\n|-unboost|p2b: 4x to Salt Cure|spe|1\n|-ability|p2b: 4x to Salt Cure|Competitive|boost\n|-boost|p2b: 4x to Salt Cure|spa|2\n|turn|3\n|\n|t:|1700313951\n|switch|p1a: Toxapex|Toxapex, M, shiny|100\/100\n|move|p2b: 4x to Salt Cure|Hydro Pump|p1a: Toxapex\n|-resisted|p1a: Toxapex\n|-damage|p1a: Toxapex|39\/100\n|-damage|p2b: 4x to Salt Cure|91\/100|[from] item: Life Orb\n|move|p2a: everyone's idol|Calm Mind|p2a: everyone's idol\n|-boost|p2a: everyone's idol|spa|1\n|-boost|p2a: everyone's idol|spd|1\n|move|p1b: Cresselia|Light Screen|p1b: Cresselia\n|-sidestart|p1: HarryPo'err|move: Light Screen\n|\n|-heal|p1a: Toxapex|45\/100|[from] item: Leftovers\n|-heal|p2a: everyone's idol|95\/100|[from] item: Leftovers\n|upkeep\n|turn|4\n|\n|t:|1700313972\n|move|p1a: Toxapex|Baneful Bunker|p1a: Toxapex\n|-singleturn|p1a: Toxapex|move: Protect\n|move|p2b: 4x to Salt Cure|Grass Knot|p1a: Toxapex\n|-activate|p1a: Toxapex|move: Protect\n|move|p2a: everyone's idol|Calm Mind|p2a: everyone's idol\n|-boost|p2a: everyone's idol|spa|1\n|-boost|p2a: everyone's idol|spd|1\n|move|p1b: Cresselia|Lunar Blessing|p1b: Cresselia|[spread] p1a,p1b\n|-heal|p1a: Toxapex|70\/100\n|\n|-heal|p1a: Toxapex|76\/100|[from] item: Leftovers\n|-heal|p2a: everyone's idol|100\/100|[from] item: Leftovers\n|upkeep\n|turn|5\n|inactive|Battle timer is ON: inactive players will automatically lose when time's up. (requested by iluvtrickroom)\n|\n|t:|1700314021\n|switch|p1a: Maushold|Maushold|100\/100\n|move|p2b: 4x to Salt Cure|Grass Knot|p1a: Maushold\n|-damage|p1a: Maushold|84\/100\n|-damage|p2b: 4x to Salt Cure|81\/100|[from] item: Life Orb\n|move|p2a: everyone's idol|Calm Mind|p2a: everyone's idol\n|-boost|p2a: everyone's idol|spa|1\n|-boost|p2a: everyone's idol|spd|1\n|move|p1b: Cresselia|Moonblast|p2b: 4x to Salt Cure\n|-resisted|p2b: 4x to Salt Cure\n|-damage|p2b: 4x to Salt Cure|71\/100\n|\n|upkeep\n|turn|6\n|\n|t:|1700314039\n|move|p1b: Cresselia|Helping Hand|p1a: Maushold\n|-singleturn|p1a: Maushold|Helping Hand|[of] p1b: Cresselia\n|move|p2b: 4x to Salt Cure|Hydro Pump|p1b: Cresselia\n|-damage|p1b: Cresselia|32\/100\n|-damage|p2b: 4x to Salt Cure|61\/100|[from] item: Life Orb\n|move|p2a: everyone's idol|Stored Power|p1a: Maushold\n|-damage|p1a: Maushold|0 fnt\n|faint|p1a: Maushold\n|\n|-heal|p1b: Cresselia|38\/100|[from] item: Leftovers\n|-fieldend|move: Trick Room\n|upkeep\n|\n|t:|1700314055\n|switch|p1a: Flutter Mane|Flutter Mane|100\/100\n|-enditem|p1a: Flutter Mane|Booster Energy\n|-activate|p1a: Flutter Mane|ability: Protosynthesis|[fromitem]\n|-start|p1a: Flutter Mane|protosynthesisspa\n|turn|7\n|\n|t:|1700314069\n|move|p1a: Flutter Mane|Dark Pulse|p2a: everyone's idol\n|-supereffective|p2a: everyone's idol\n|-damage|p2a: everyone's idol|81\/100\n|move|p1b: Cresselia|Lunar Blessing|p1b: Cresselia|[spread] p1a,p1b\n|-heal|p1b: Cresselia|63\/100\n|move|p2b: 4x to Salt Cure|Flash Cannon|p1a: Flutter Mane\n|-supereffective|p1a: Flutter Mane\n|-damage|p1a: Flutter Mane|0 fnt\n|faint|p1a: Flutter Mane\n|-end|p1a: Flutter Mane|Protosynthesis|[silent]\n|-damage|p2b: 4x to Salt Cure|51\/100|[from] item: Life Orb\n|cant|p2a: everyone's idol|flinch\n|\n|-heal|p1b: Cresselia|69\/100|[from] item: Leftovers\n|-heal|p2a: everyone's idol|87\/100|[from] item: Leftovers\n|-sideend|p1: HarryPo'err|move: Light Screen\n|upkeep\n|-message|HarryPo'err forfeited.\n|\n|win|iluvtrickroom\n|raw|HarryPo&apos;err's rating: 1062 &rarr; <strong>1041<\/strong><br \/>(-21 for losing)\n|raw|iluvtrickroom's rating: 1032 &rarr; <strong>1070<\/strong><br \/>(+38 for winning)\n|l|\u2606HarryPo'err\n","uploadtime":1700314087,"views":11,"p1id":"harrypoerr","p2id":"iluvtrickroom","formatid":"gen9doublesou","rating":1041,"private":0,"password":""}