{"id":"gen9doublesou-1994742344","p1":"OPieceOfHeroGhost","p2":"EVE09","format":"[Gen 9] Doubles OU","log":"|j|\u2606OPieceOfHeroGhost\n|j|\u2606EVE09\n|t:|1700488090\n|gametype|doubles\n|player|p1|OPieceOfHeroGhost|morty|1502\n|player|p2|EVE09|1|1589\n|teamsize|p1|6\n|teamsize|p2|6\n|gen|9\n|tier|[Gen 9] Doubles OU\n|rated|\n|rule|Species Clause: Limit one of each Pok\u00e9mon\n|rule|OHKO Clause: OHKO moves are banned\n|rule|Evasion Moves Clause: Evasion moves are banned\n|rule|Gravity Sleep Clause: The combination of sleep-inducing moves with imperfect accuracy and Gravity or Gigantamax Orbeetle are banned\n|rule|Endless Battle Clause: Forcing endless battles is banned\n|rule|HP Percentage Mod: HP is shown in percentages\n|clearpoke\n|poke|p1|Dusclops, F|\n|poke|p1|Ursaluna-Bloodmoon, M|\n|poke|p1|Sinistcha-Masterpiece|\n|poke|p1|Iron Hands|\n|poke|p1|Chien-Pao|\n|poke|p1|Arcanine-Hisui, M|\n|poke|p2|Sylveon, M|\n|poke|p2|Kingambit, M|\n|poke|p2|Ceruledge, F|\n|poke|p2|Ting-Lu|\n|poke|p2|Sinistcha|\n|poke|p2|Landorus-Therian, M|\n|teampreview\n|inactive|Battle timer is ON: inactive players will automatically lose when time's up. (requested by EVE09)\n|\n|t:|1700488112\n|start\n|switch|p1a: \u54c7\uff0c\u597d\u75db\u54e6|Dusclops, F|100\/100\n|switch|p1b: \u55ef\u54fc\u54fc\uff01|Ursaluna-Bloodmoon, M|100\/100\n|switch|p2a: Landorus|Landorus-Therian, M|100\/100\n|switch|p2b: Kingambit|Kingambit, M|100\/100\n|-ability|p2a: Landorus|Intimidate|boost\n|-unboost|p1a: \u54c7\uff0c\u597d\u75db\u54e6|atk|1\n|-unboost|p1b: \u55ef\u54fc\u54fc\uff01|atk|1\n|-item|p2a: Landorus|Assault Vest|[from] ability: Frisk|[of] p1a: \u54c7\uff0c\u597d\u75db\u54e6|[identify]\n|-item|p2b: Kingambit|Assault Vest|[from] ability: Frisk|[of] p1a: \u54c7\uff0c\u597d\u75db\u54e6|[identify]\n|turn|1\n|inactive|OPieceOfHeroGhost has 120 seconds left.\n|\n|t:|1700488149\n|move|p1b: \u55ef\u54fc\u54fc\uff01|Protect|p1b: \u55ef\u54fc\u54fc\uff01\n|-singleturn|p1b: \u55ef\u54fc\u54fc\uff01|Protect\n|move|p2a: Landorus|U-turn|p1a: \u54c7\uff0c\u597d\u75db\u54e6\n|-resisted|p1a: \u54c7\uff0c\u597d\u75db\u54e6\n|-damage|p1a: \u54c7\uff0c\u597d\u75db\u54e6|93\/100\n|\n|t:|1700488163\n|switch|p2a: Ceruledge|Ceruledge, F|100\/100|[from] U-turn\n|move|p2b: Kingambit|Low Kick|p1b: \u55ef\u54fc\u54fc\uff01\n|-activate|p1b: \u55ef\u54fc\u54fc\uff01|move: Protect\n|move|p1a: \u54c7\uff0c\u597d\u75db\u54e6|Trick Room|p1a: \u54c7\uff0c\u597d\u75db\u54e6\n|-fieldstart|move: Trick Room|[of] p1a: \u54c7\uff0c\u597d\u75db\u54e6\n|\n|upkeep\n|turn|2\n|inactive|EVE09 has 120 seconds left.\n|\n|t:|1700488198\n|-terastallize|p2b: Kingambit|Fire\n|move|p1a: \u54c7\uff0c\u597d\u75db\u54e6|Ice Punch|p1b: \u55ef\u54fc\u54fc\uff01\n|-supereffective|p1b: \u55ef\u54fc\u54fc\uff01\n|-damage|p1b: \u55ef\u54fc\u54fc\uff01|92\/100\n|-enditem|p1b: \u55ef\u54fc\u54fc\uff01|Weakness Policy\n|-boost|p1b: \u55ef\u54fc\u54fc\uff01|atk|2|[from] item: Weakness Policy\n|-boost|p1b: \u55ef\u54fc\u54fc\uff01|spa|2|[from] item: Weakness Policy\n|move|p1b: \u55ef\u54fc\u54fc\uff01|Earth Power|p2b: Kingambit\n|-supereffective|p2b: Kingambit\n|-damage|p2b: Kingambit|0 fnt\n|faint|p2b: Kingambit\n|move|p2a: Ceruledge|Destiny Bond|p2a: Ceruledge\n|-singlemove|p2a: Ceruledge|Destiny Bond\n|\n|upkeep\n|\n|t:|1700488219\n|switch|p2b: Sylveon|Sylveon, M|100\/100\n|turn|3\n|inactive|EVE09 has 120 seconds left.\n|\n|t:|1700488233\n|switch|p1a: \u4f60\u62cd\u4e03\uff0c\u6211\u62cd\u516b\uff0c\u51b0\u51bb\u62f3\u7ed9\u4f60\u5413\u4e00\u8df3|Iron Hands|100\/100\n|move|p1b: \u55ef\u54fc\u54fc\uff01|Protect|p1b: \u55ef\u54fc\u54fc\uff01\n|-singleturn|p1b: \u55ef\u54fc\u54fc\uff01|Protect\n|move|p2b: Sylveon|Hyper Voice|p1b: \u55ef\u54fc\u54fc\uff01|[spread] p1a\n|-activate|p1b: \u55ef\u54fc\u54fc\uff01|move: Protect\n|-supereffective|p1a: \u4f60\u62cd\u4e03\uff0c\u6211\u62cd\u516b\uff0c\u51b0\u51bb\u62f3\u7ed9\u4f60\u5413\u4e00\u8df3\n|-damage|p1a: \u4f60\u62cd\u4e03\uff0c\u6211\u62cd\u516b\uff0c\u51b0\u51bb\u62f3\u7ed9\u4f60\u5413\u4e00\u8df3|57\/100\n|move|p2a: Ceruledge|Poltergeist|p1a: \u4f60\u62cd\u4e03\uff0c\u6211\u62cd\u516b\uff0c\u51b0\u51bb\u62f3\u7ed9\u4f60\u5413\u4e00\u8df3\n|-activate|p1a: \u4f60\u62cd\u4e03\uff0c\u6211\u62cd\u516b\uff0c\u51b0\u51bb\u62f3\u7ed9\u4f60\u5413\u4e00\u8df3|move: Poltergeist|Assault Vest\n|-damage|p1a: \u4f60\u62cd\u4e03\uff0c\u6211\u62cd\u516b\uff0c\u51b0\u51bb\u62f3\u7ed9\u4f60\u5413\u4e00\u8df3|19\/100\n|\n|upkeep\n|turn|4\n|inactive|EVE09 has 120 seconds left.\n|inactive|OPieceOfHeroGhost has 120 seconds left.\n|\n|t:|1700488266\n|switch|p2a: Ting-Lu|Ting-Lu|100\/100\n|-ability|p2a: Ting-Lu|Vessel of Ruin\n|move|p1a: \u4f60\u62cd\u4e03\uff0c\u6211\u62cd\u516b\uff0c\u51b0\u51bb\u62f3\u7ed9\u4f60\u5413\u4e00\u8df3|Wild Charge|p2a: Ting-Lu\n|-immune|p2a: Ting-Lu\n|move|p1b: \u55ef\u54fc\u54fc\uff01|Blood Moon|p2b: Sylveon\n|-damage|p2b: Sylveon|40\/100\n|move|p2b: Sylveon|Hyper Voice|p1b: \u55ef\u54fc\u54fc\uff01|[spread] p1a,p1b\n|-supereffective|p1a: \u4f60\u62cd\u4e03\uff0c\u6211\u62cd\u516b\uff0c\u51b0\u51bb\u62f3\u7ed9\u4f60\u5413\u4e00\u8df3\n|-damage|p1a: \u4f60\u62cd\u4e03\uff0c\u6211\u62cd\u516b\uff0c\u51b0\u51bb\u62f3\u7ed9\u4f60\u5413\u4e00\u8df3|0 fnt\n|-damage|p1b: \u55ef\u54fc\u54fc\uff01|59\/100\n|faint|p1a: \u4f60\u62cd\u4e03\uff0c\u6211\u62cd\u516b\uff0c\u51b0\u51bb\u62f3\u7ed9\u4f60\u5413\u4e00\u8df3\n|-end|p1a: \u4f60\u62cd\u4e03\uff0c\u6211\u62cd\u516b\uff0c\u51b0\u51bb\u62f3\u7ed9\u4f60\u5413\u4e00\u8df3|Quark Drive|[silent]\n|\n|upkeep\n|inactive|OPieceOfHeroGhost has 120 seconds left.\n|\n|t:|1700488278\n|switch|p1a: \u5728\u8fd9\u8131\u51fa\u6765\u7684\u8bdd\u2026|Sinistcha-Masterpiece|100\/100\n|-heal|p1b: \u55ef\u54fc\u54fc\uff01|84\/100|[from] ability: Hospitality|[of] p1a: \u5728\u8fd9\u8131\u51fa\u6765\u7684\u8bdd\u2026\n|turn|5\n|\n|t:|1700488289\n|switch|p2a: Sinistcha|Sinistcha|100\/100\n|-heal|p2b: Sylveon|64\/100|[from] ability: Hospitality|[of] p2a: Sinistcha\n|move|p1b: \u55ef\u54fc\u54fc\uff01|Protect|p1b: \u55ef\u54fc\u54fc\uff01\n|-singleturn|p1b: \u55ef\u54fc\u54fc\uff01|Protect\n|move|p2b: Sylveon|Hyper Voice|p1a: \u5728\u8fd9\u8131\u51fa\u6765\u7684\u8bdd\u2026|[spread] p1a\n|-activate|p1b: \u55ef\u54fc\u54fc\uff01|move: Protect\n|-damage|p1a: \u5728\u8fd9\u8131\u51fa\u6765\u7684\u8bdd\u2026|62\/100\n|move|p1a: \u5728\u8fd9\u8131\u51fa\u6765\u7684\u8bdd\u2026|Strength Sap|p2a: Sinistcha\n|-unboost|p2a: Sinistcha|atk|1\n|-heal|p1a: \u5728\u8fd9\u8131\u51fa\u6765\u7684\u8bdd\u2026|95\/100\n|\n|-heal|p1a: \u5728\u8fd9\u8131\u51fa\u6765\u7684\u8bdd\u2026|100\/100|[from] item: Leftovers\n|-fieldend|move: Trick Room\n|upkeep\n|turn|6\n|\n|t:|1700488315\n|move|p1a: \u5728\u8fd9\u8131\u51fa\u6765\u7684\u8bdd\u2026|Calm Mind|p1a: \u5728\u8fd9\u8131\u51fa\u6765\u7684\u8bdd\u2026\n|-boost|p1a: \u5728\u8fd9\u8131\u51fa\u6765\u7684\u8bdd\u2026|spa|1\n|-boost|p1a: \u5728\u8fd9\u8131\u51fa\u6765\u7684\u8bdd\u2026|spd|1\n|move|p2a: Sinistcha|Matcha Gotcha|p1b: \u55ef\u54fc\u54fc\uff01|[spread] p1a\n|-miss|p2a: Sinistcha|p1b: \u55ef\u54fc\u54fc\uff01\n|-resisted|p1a: \u5728\u8fd9\u8131\u51fa\u6765\u7684\u8bdd\u2026\n|-damage|p1a: \u5728\u8fd9\u8131\u51fa\u6765\u7684\u8bdd\u2026|93\/100\n|move|p2b: Sylveon|Hyper Voice|p1a: \u5728\u8fd9\u8131\u51fa\u6765\u7684\u8bdd\u2026|[spread] p1a,p1b\n|-damage|p1a: \u5728\u8fd9\u8131\u51fa\u6765\u7684\u8bdd\u2026|68\/100\n|-damage|p1b: \u55ef\u54fc\u54fc\uff01|37\/100\n|move|p1b: \u55ef\u54fc\u54fc\uff01|Blood Moon|p2b: Sylveon\n|-damage|p2b: Sylveon|0 fnt\n|faint|p2b: Sylveon\n|\n|-heal|p1a: \u5728\u8fd9\u8131\u51fa\u6765\u7684\u8bdd\u2026|75\/100|[from] item: Leftovers\n|upkeep\n|\n|t:|1700488333\n|switch|p2b: Landorus|Landorus-Therian, M|100\/100\n|-ability|p2b: Landorus|Intimidate|boost\n|-unboost|p1a: \u5728\u8fd9\u8131\u51fa\u6765\u7684\u8bdd\u2026|atk|1\n|-unboost|p1b: \u55ef\u54fc\u54fc\uff01|atk|1\n|turn|7\n|\n|t:|1700488356\n|move|p2b: Landorus|U-turn|p1a: \u5728\u8fd9\u8131\u51fa\u6765\u7684\u8bdd\u2026\n|-damage|p1a: \u5728\u8fd9\u8131\u51fa\u6765\u7684\u8bdd\u2026|55\/100\n|\n|t:|1700488361\n|switch|p2b: Ting-Lu|Ting-Lu|100\/100|[from] U-turn\n|-ability|p2b: Ting-Lu|Vessel of Ruin\n|move|p1a: \u5728\u8fd9\u8131\u51fa\u6765\u7684\u8bdd\u2026|Calm Mind|p1a: \u5728\u8fd9\u8131\u51fa\u6765\u7684\u8bdd\u2026\n|-boost|p1a: \u5728\u8fd9\u8131\u51fa\u6765\u7684\u8bdd\u2026|spa|1\n|-boost|p1a: \u5728\u8fd9\u8131\u51fa\u6765\u7684\u8bdd\u2026|spd|1\n|move|p2a: Sinistcha|Shadow Ball|p1a: \u5728\u8fd9\u8131\u51fa\u6765\u7684\u8bdd\u2026\n|-supereffective|p1a: \u5728\u8fd9\u8131\u51fa\u6765\u7684\u8bdd\u2026\n|-damage|p1a: \u5728\u8fd9\u8131\u51fa\u6765\u7684\u8bdd\u2026|30\/100\n|move|p1b: \u55ef\u54fc\u54fc\uff01|Hyper Voice|p2b: Ting-Lu|[spread] p2a,p2b\n|-damage|p2a: Sinistcha|26\/100\n|-damage|p2b: Ting-Lu|68\/100\n|-enditem|p2a: Sinistcha|Sitrus Berry|[eat]\n|-heal|p2a: Sinistcha|50\/100|[from] item: Sitrus Berry\n|\n|-heal|p1a: \u5728\u8fd9\u8131\u51fa\u6765\u7684\u8bdd\u2026|36\/100|[from] item: Leftovers\n|upkeep\n|turn|8\n|inactive|EVE09 has 120 seconds left.\n|\n|t:|1700488392\n|switch|p2b: Ceruledge|Ceruledge, F|100\/100\n|move|p1a: \u5728\u8fd9\u8131\u51fa\u6765\u7684\u8bdd\u2026|Matcha Gotcha|p2b: Ceruledge|[spread] p2a,p2b\n|-resisted|p2a: Sinistcha\n|-resisted|p2b: Ceruledge\n|-damage|p2a: Sinistcha|24\/100\n|-heal|p1a: \u5728\u8fd9\u8131\u51fa\u6765\u7684\u8bdd\u2026|50\/100|[from] drain|[of] p2a: Sinistcha\n|-damage|p2b: Ceruledge|71\/100\n|-heal|p1a: \u5728\u8fd9\u8131\u51fa\u6765\u7684\u8bdd\u2026|63\/100|[from] drain|[of] p2b: Ceruledge\n|move|p2a: Sinistcha|Matcha Gotcha|p1b: \u55ef\u54fc\u54fc\uff01|[spread] p1a,p1b\n|-resisted|p1a: \u5728\u8fd9\u8131\u51fa\u6765\u7684\u8bdd\u2026\n|-supereffective|p1b: \u55ef\u54fc\u54fc\uff01\n|-damage|p1a: \u5728\u8fd9\u8131\u51fa\u6765\u7684\u8bdd\u2026|57\/100\n|-heal|p2a: Sinistcha|27\/100|[from] drain|[of] p1a: \u5728\u8fd9\u8131\u51fa\u6765\u7684\u8bdd\u2026\n|-damage|p1b: \u55ef\u54fc\u54fc\uff01|0 fnt\n|-heal|p2a: Sinistcha|49\/100|[from] drain|[of] p1b: \u55ef\u54fc\u54fc\uff01\n|faint|p1b: \u55ef\u54fc\u54fc\uff01\n|\n|-heal|p1a: \u5728\u8fd9\u8131\u51fa\u6765\u7684\u8bdd\u2026|64\/100|[from] item: Leftovers\n|upkeep\n|inactive|OPieceOfHeroGhost has 120 seconds left.\n|\n|t:|1700488416\n|switch|p1b: \u971c\u4e4b\u54c0\u4f24|Chien-Pao|100\/100\n|-ability|p1b: \u971c\u4e4b\u54c0\u4f24|Sword of Ruin\n|turn|9\n|\n|t:|1700488436\n|switch|p2a: Landorus|Landorus-Therian, M|100\/100\n|-ability|p2a: Landorus|Intimidate|boost\n|-unboost|p1a: \u5728\u8fd9\u8131\u51fa\u6765\u7684\u8bdd\u2026|atk|1\n|-unboost|p1b: \u971c\u4e4b\u54c0\u4f24|atk|1\n|move|p1b: \u971c\u4e4b\u54c0\u4f24|Icicle Crash|p2a: Landorus\n|-supereffective|p2a: Landorus\n|-damage|p2a: Landorus|0 fnt\n|faint|p2a: Landorus\n|move|p2b: Ceruledge|Destiny Bond|p2b: Ceruledge\n|-singlemove|p2b: Ceruledge|Destiny Bond\n|move|p1a: \u5728\u8fd9\u8131\u51fa\u6765\u7684\u8bdd\u2026|Calm Mind|p1a: \u5728\u8fd9\u8131\u51fa\u6765\u7684\u8bdd\u2026\n|-boost|p1a: \u5728\u8fd9\u8131\u51fa\u6765\u7684\u8bdd\u2026|spa|1\n|-boost|p1a: \u5728\u8fd9\u8131\u51fa\u6765\u7684\u8bdd\u2026|spd|1\n|\n|-heal|p1a: \u5728\u8fd9\u8131\u51fa\u6765\u7684\u8bdd\u2026|70\/100|[from] item: Leftovers\n|upkeep\n|\n|t:|1700488449\n|switch|p2a: Sinistcha|Sinistcha|49\/100\n|-heal|p2b: Ceruledge|96\/100|[from] ability: Hospitality|[of] p2a: Sinistcha\n|turn|10\n|\n|t:|1700488476\n|-terastallize|p1a: \u5728\u8fd9\u8131\u51fa\u6765\u7684\u8bdd\u2026|Fire\n|move|p1b: \u971c\u4e4b\u54c0\u4f24|Icicle Crash|p2a: Sinistcha\n|-supereffective|p2a: Sinistcha\n|-damage|p2a: Sinistcha|0 fnt\n|faint|p2a: Sinistcha\n|move|p2b: Ceruledge|Bitter Blade|p1a: \u5728\u8fd9\u8131\u51fa\u6765\u7684\u8bdd\u2026\n|-resisted|p1a: \u5728\u8fd9\u8131\u51fa\u6765\u7684\u8bdd\u2026\n|-damage|p1a: \u5728\u8fd9\u8131\u51fa\u6765\u7684\u8bdd\u2026|43\/100\n|-heal|p2b: Ceruledge|100\/100|[from] drain|[of] p1a: \u5728\u8fd9\u8131\u51fa\u6765\u7684\u8bdd\u2026\n|move|p1a: \u5728\u8fd9\u8131\u51fa\u6765\u7684\u8bdd\u2026|Strength Sap|p2b: Ceruledge\n|-unboost|p2b: Ceruledge|atk|1\n|-heal|p1a: \u5728\u8fd9\u8131\u51fa\u6765\u7684\u8bdd\u2026|100\/100\n|\n|upkeep\n|inactive|EVE09 has 120 seconds left.\n|-message|EVE09 forfeited.\n|\n|win|OPieceOfHeroGhost\n|raw|OPieceOfHeroGhost's rating: 1502 &rarr; <strong>1527<\/strong><br \/>(+25 for winning)\n|raw|EVE09's rating: 1589 &rarr; <strong>1564<\/strong><br \/>(-25 for losing)\n|l|\u2606EVE09\n","uploadtime":1700488496,"views":8,"p1id":"opieceofheroghost","p2id":"eve09","formatid":"gen9doublesou","rating":1527,"private":0,"password":""}