{"id":"gen9doublesou-1994286631","p1":"cotesmcgotes","p2":"pliemouth","format":"[Gen 9] Doubles OU","log":"|j|\u2606cotesmcgotes\n|j|\u2606pliemouth\n|t:|1700427198\n|gametype|doubles\n|player|p1|cotesmcgotes|flannery|1310\n|player|p2|pliemouth|shadowtriad|1157\n|teamsize|p1|6\n|teamsize|p2|6\n|gen|9\n|tier|[Gen 9] Doubles OU\n|rated|\n|rule|Species Clause: Limit one of each Pok\u00e9mon\n|rule|OHKO Clause: OHKO moves are banned\n|rule|Evasion Moves Clause: Evasion moves are banned\n|rule|Gravity Sleep Clause: The combination of sleep-inducing moves with imperfect accuracy and Gravity or Gigantamax Orbeetle are banned\n|rule|Endless Battle Clause: Forcing endless battles is banned\n|rule|HP Percentage Mod: HP is shown in percentages\n|clearpoke\n|poke|p1|Cresselia, F|\n|poke|p1|Overqwil, F|\n|poke|p1|Tornadus, M|\n|poke|p1|Palafin, F|\n|poke|p1|Amoonguss, M|\n|poke|p1|Diancie|\n|poke|p2|Chien-Pao|\n|poke|p2|Chi-Yu|\n|poke|p2|Grimmsnarl, M|\n|poke|p2|Meowscarada, M|\n|poke|p2|Moltres-Galar|\n|poke|p2|Lokix, M|\n|teampreview\n|inactive|Battle timer is ON: inactive players will automatically lose when time's up. (requested by pliemouth)\n|\n|t:|1700427219\n|start\n|switch|p1a: Tornadus|Tornadus, M, shiny|100\/100\n|switch|p1b: Palafin|Palafin, F|100\/100\n|switch|p2a: Grimmsnarl|Grimmsnarl, M, shiny|100\/100\n|switch|p2b: Lokix|Lokix, M, shiny|100\/100\n|turn|1\n|\n|t:|1700427243\n|move|p2a: Grimmsnarl|Fake Out|p1a: Tornadus\n|-damage|p1a: Tornadus|87\/100\n|move|p2b: Lokix|First Impression|p1b: Palafin\n|-damage|p1b: Palafin|31\/100\n|-damage|p2b: Lokix|91\/100|[from] item: Life Orb\n|cant|p1a: Tornadus|flinch\n|move|p1b: Palafin|Flip Turn|p2b: Lokix\n|-damage|p2b: Lokix|62\/100\n|inactive|cotesmcgotes has 120 seconds left.\n|\n|t:|1700427262\n|detailschange|p1b: Palafin|Palafin-Hero, F\n|switch|p1b: Diancie|Diancie, shiny|100\/100|[from] Flip Turn\n|\n|upkeep\n|turn|2\n|\n|t:|1700427280\n|move|p1a: Tornadus|Tailwind|p1a: Tornadus\n|-sidestart|p1: cotesmcgotes|move: Tailwind\n|move|p2a: Grimmsnarl|Light Screen|p2a: Grimmsnarl\n|-sidestart|p2: pliemouth|move: Light Screen\n|move|p2b: Lokix|Leech Life|p1a: Tornadus\n|-resisted|p1a: Tornadus\n|-damage|p1a: Tornadus|26\/100\n|-heal|p2b: Lokix|100\/100|[from] drain|[of] p1a: Tornadus\n|-damage|p2b: Lokix|91\/100|[from] item: Life Orb\n|move|p1b: Diancie|Diamond Storm|p2b: Lokix|[spread] p2a,p2b\n|-supereffective|p2b: Lokix\n|-damage|p2a: Grimmsnarl|58\/100\n|-damage|p2b: Lokix|0 fnt\n|faint|p2b: Lokix\n|\n|-heal|p2a: Grimmsnarl|64\/100|[from] item: Leftovers\n|upkeep\n|\n|t:|1700427290\n|switch|p2b: Meowscarada|Meowscarada, M|100\/100\n|turn|3\n|\n|t:|1700427313\n|switch|p1b: Amoonguss|Amoonguss, M, shiny|100\/100\n|move|p1a: Tornadus|Rain Dance|p1a: Tornadus\n|-weather|RainDance\n|move|p2a: Grimmsnarl|Reflect|p2a: Grimmsnarl\n|-sidestart|p2: pliemouth|Reflect\n|move|p2b: Meowscarada|Flower Trick|p1b: Amoonguss\n|-start|p2b: Meowscarada|typechange|Grass|[from] ability: Protean\n|-resisted|p1b: Amoonguss\n|-crit|p1b: Amoonguss\n|-damage|p1b: Amoonguss|89\/100\n|\n|-weather|RainDance|[upkeep]\n|-heal|p2a: Grimmsnarl|70\/100|[from] item: Leftovers\n|upkeep\n|turn|4\n|inactive|pliemouth has 120 seconds left.\n|\n|t:|1700427352\n|move|p2a: Grimmsnarl|Parting Shot|p1b: Amoonguss\n|-unboost|p1b: Amoonguss|atk|1\n|-unboost|p1b: Amoonguss|spa|1\n|\n|t:|1700427355\n|switch|p2a: Chien-Pao|Chien-Pao|100\/100|[from] Parting Shot\n|-ability|p2a: Chien-Pao|Sword of Ruin\n|move|p1a: Tornadus|Bleakwind Storm|p2b: Meowscarada|[spread] p2a,p2b\n|-supereffective|p2b: Meowscarada\n|-crit|p2b: Meowscarada\n|-damage|p2a: Chien-Pao|66\/100\n|-enditem|p2b: Meowscarada|Focus Sash\n|-damage|p2b: Meowscarada|1\/100\n|move|p2b: Meowscarada|Knock Off|p1b: Amoonguss\n|-damage|p1b: Amoonguss|45\/100\n|-enditem|p1b: Amoonguss|Big Root|[from] move: Knock Off|[of] p2b: Meowscarada\n|move|p1b: Amoonguss|Spore|p2a: Chien-Pao\n|-status|p2a: Chien-Pao|slp|[from] move: Spore\n|\n|-weather|RainDance|[upkeep]\n|upkeep\n|turn|5\n|inactive|cotesmcgotes has 120 seconds left.\n|\n|t:|1700427400\n|move|p2b: Meowscarada|Sucker Punch|p1a: Tornadus\n|-damage|p1a: Tornadus|0 fnt\n|faint|p1a: Tornadus\n|cant|p2a: Chien-Pao|slp\n|move|p1b: Amoonguss|Pollen Puff|p2a: Chien-Pao\n|-supereffective|p2a: Chien-Pao\n|-damage|p2a: Chien-Pao|29\/100 slp\n|\n|-weather|RainDance|[upkeep]\n|-sideend|p1: cotesmcgotes|move: Tailwind\n|upkeep\n|inactive|cotesmcgotes has 90 seconds left.\n|\n|t:|1700427430\n|switch|p1a: Palafin|Palafin-Hero, F|31\/100\n|-activate|p1a: Palafin|ability: Zero to Hero\n|turn|6\n|\n|t:|1700427452\n|switch|p1b: Overqwil|Overqwil, F|100\/100\n|move|p2b: Meowscarada|Sucker Punch|p1a: Palafin\n|-damage|p1a: Palafin|0 fnt\n|faint|p1a: Palafin\n|cant|p2a: Chien-Pao|slp\n|\n|-weather|RainDance|[upkeep]\n|-sideend|p2: pliemouth|move: Light Screen\n|upkeep\n|inactive|cotesmcgotes has 90 seconds left.\n|\n|t:|1700427477\n|switch|p1a: Amoonguss|Amoonguss, M, shiny|78\/100\n|turn|7\n|\n|t:|1700427486\n|move|p1b: Overqwil|Barb Barrage|p2b: Meowscarada\n|-supereffective|p2b: Meowscarada\n|-damage|p2b: Meowscarada|0 fnt\n|faint|p2b: Meowscarada\n|-curestatus|p2a: Chien-Pao|slp|[msg]\n|move|p2a: Chien-Pao|Ice Spinner|p1a: Amoonguss\n|-supereffective|p1a: Amoonguss\n|-damage|p1a: Amoonguss|0 fnt\n|faint|p1a: Amoonguss\n|\n|-weather|RainDance|[upkeep]\n|-sideend|p2: pliemouth|Reflect\n|upkeep\n|\n|t:|1700427494\n|switch|p2b: Grimmsnarl|Grimmsnarl, M, shiny|70\/100\n|switch|p1a: Cresselia|Cresselia, F, shiny|100\/100\n|turn|8\n|\n|t:|1700427501\n|-terastallize|p1a: Cresselia|Electric\n|move|p2b: Grimmsnarl|Fake Out|p1b: Overqwil\n|-crit|p1b: Overqwil\n|-damage|p1b: Overqwil|75\/100\n|cant|p1b: Overqwil|flinch\n|move|p2a: Chien-Pao|Lash Out|p1a: Cresselia\n|-damage|p1a: Cresselia|66\/100\n|move|p1a: Cresselia|Calm Mind|p1a: Cresselia\n|-boost|p1a: Cresselia|spa|1\n|-boost|p1a: Cresselia|spd|1\n|\n|-weather|RainDance|[upkeep]\n|-heal|p1b: Overqwil|82\/100|[from] item: Black Sludge\n|-heal|p1a: Cresselia|72\/100|[from] item: Leftovers\n|-heal|p2b: Grimmsnarl|76\/100|[from] item: Leftovers\n|upkeep\n|turn|9\n|\n|t:|1700427512\n|move|p2b: Grimmsnarl|Parting Shot|p1a: Cresselia\n|-unboost|p1a: Cresselia|atk|1\n|-unboost|p1a: Cresselia|spa|1\n|\n|t:|1700427516\n|switch|p2b: Moltres|Moltres-Galar|100\/100|[from] Parting Shot\n|move|p1b: Overqwil|Acupressure|p1a: Cresselia\n|-boost|p1a: Cresselia|accuracy|2\n|move|p2a: Chien-Pao|Sacred Sword|p1b: Overqwil\n|-damage|p1b: Overqwil|39\/100\n|move|p1a: Cresselia|Calm Mind|p1a: Cresselia\n|-boost|p1a: Cresselia|spa|1\n|-boost|p1a: Cresselia|spd|1\n|\n|-weather|RainDance|[upkeep]\n|-heal|p1b: Overqwil|46\/100|[from] item: Black Sludge\n|-heal|p1a: Cresselia|78\/100|[from] item: Leftovers\n|upkeep\n|turn|10\n|\n|t:|1700427530\n|move|p1b: Overqwil|Acupressure|p1a: Cresselia\n|-boost|p1a: Cresselia|spe|2\n|move|p1a: Cresselia|Moonblast|p2a: Chien-Pao\n|-supereffective|p2a: Chien-Pao\n|-damage|p2a: Chien-Pao|0 fnt\n|faint|p2a: Chien-Pao\n|move|p2b: Moltres|Taunt|p1a: Cresselia\n|-start|p1a: Cresselia|move: Taunt\n|\n|-weather|none\n|-heal|p1b: Overqwil|52\/100|[from] item: Black Sludge\n|-heal|p1a: Cresselia|84\/100|[from] item: Leftovers\n|upkeep\n|\n|t:|1700427534\n|switch|p2a: Grimmsnarl|Grimmsnarl, M, shiny|76\/100\n|turn|11\n|\n|t:|1700427553\n|move|p2a: Grimmsnarl|Fake Out|p1a: Cresselia\n|-damage|p1a: Cresselia|76\/100\n|cant|p1a: Cresselia|flinch\n|move|p2b: Moltres|Taunt|p1b: Overqwil\n|-start|p1b: Overqwil|move: Taunt\n|move|p1b: Overqwil|Barb Barrage|p2a: Grimmsnarl\n|-supereffective|p2a: Grimmsnarl\n|-damage|p2a: Grimmsnarl|1\/100\n|\n|-heal|p1a: Cresselia|82\/100|[from] item: Leftovers\n|-heal|p1b: Overqwil|58\/100|[from] item: Black Sludge\n|-heal|p2a: Grimmsnarl|7\/100|[from] item: Leftovers\n|upkeep\n|turn|12\n|\n|t:|1700427575\n|move|p2a: Grimmsnarl|Reflect|p2a: Grimmsnarl\n|-sidestart|p2: pliemouth|Reflect\n|move|p1a: Cresselia|Moonblast|p2b: Moltres\n|-supereffective|p2b: Moltres\n|-damage|p2b: Moltres|38\/100\n|-ability|p2b: Moltres|Berserk|boost\n|-boost|p2b: Moltres|spa|1\n|move|p2b: Moltres|Tailwind|p2b: Moltres\n|-sidestart|p2: pliemouth|move: Tailwind\n|move|p1b: Overqwil|Barb Barrage|p2a: Grimmsnarl\n|-supereffective|p2a: Grimmsnarl\n|-damage|p2a: Grimmsnarl|0 fnt\n|faint|p2a: Grimmsnarl\n|\n|-heal|p1a: Cresselia|88\/100|[from] item: Leftovers\n|-heal|p1b: Overqwil|64\/100|[from] item: Black Sludge\n|upkeep\n|\n|t:|1700427577\n|switch|p2a: Chi-Yu|Chi-Yu|100\/100\n|-ability|p2a: Chi-Yu|Beads of Ruin\n|turn|13\n|\n|t:|1700427595\n|move|p2a: Chi-Yu|Heat Wave|p1b: Overqwil|[spread] p1a,p1b\n|-crit|p1b: Overqwil\n|-damage|p1a: Cresselia|72\/100\n|-damage|p1b: Overqwil|0 fnt\n|faint|p1b: Overqwil\n|move|p2b: Moltres|Fiery Wrath|p1a: Cresselia\n|-damage|p1a: Cresselia|44\/100\n|move|p1a: Cresselia|Moonblast|p2b: Moltres\n|-supereffective|p2b: Moltres\n|-damage|p2b: Moltres|0 fnt\n|faint|p2b: Moltres\n|\n|-heal|p1a: Cresselia|50\/100|[from] item: Leftovers\n|-end|p1a: Cresselia|move: Taunt\n|upkeep\n|\n|t:|1700427602\n|switch|p1b: Diancie|Diancie, shiny|100\/100\n|turn|14\n|\n|t:|1700427615\n|-terastallize|p2a: Chi-Yu|Water\n|move|p2a: Chi-Yu|Tera Blast|p1b: Diancie|[anim] Tera Blast Water\n|-supereffective|p1b: Diancie\n|-damage|p1b: Diancie|11\/100\n|move|p1a: Cresselia|Lunar Blessing|p1a: Cresselia|[spread] p1a,p1b\n|-heal|p1a: Cresselia|75\/100\n|-heal|p1b: Diancie|36\/100\n|move|p1b: Diancie|Diamond Storm|p2a: Chi-Yu\n|-damage|p2a: Chi-Yu|50\/100\n|-boost|p1b: Diancie|def|2\n|\n|-heal|p1a: Cresselia|81\/100|[from] item: Leftovers\n|upkeep\n|turn|15\n|\n|t:|1700427638\n|move|p2a: Chi-Yu|Tera Blast|p1b: Diancie|[anim] Tera Blast Water\n|-supereffective|p1b: Diancie\n|-damage|p1b: Diancie|0 fnt\n|faint|p1b: Diancie\n|move|p1a: Cresselia|Stored Power|p2a: Chi-Yu\n|-damage|p2a: Chi-Yu|0 fnt\n|faint|p2a: Chi-Yu\n|\n|win|cotesmcgotes\n|raw|cotesmcgotes's rating: 1310 &rarr; <strong>1322<\/strong><br \/>(+12 for winning)\n|raw|pliemouth's rating: 1157 &rarr; <strong>1142<\/strong><br \/>(-15 for losing)\n","uploadtime":1700427646,"views":4,"p1id":"cotesmcgotes","p2id":"pliemouth","formatid":"gen9doublesou","rating":1142,"private":0,"password":""}