{"id":"gen9doublesou-1993587719","p1":"lianzinbr","p2":"ZingiestImp","format":"[Gen 9] Doubles OU","log":"|j|\u2606lianzinbr\n|j|\u2606ZingiestImp\n|t:|1700334784\n|gametype|doubles\n|player|p1|lianzinbr|dancer|1099\n|player|p2|ZingiestImp|pokekid|1149\n|teamsize|p1|6\n|teamsize|p2|6\n|gen|9\n|tier|[Gen 9] Doubles OU\n|rated|\n|rule|Species Clause: Limit one of each Pok\u00e9mon\n|rule|OHKO Clause: OHKO moves are banned\n|rule|Evasion Moves Clause: Evasion moves are banned\n|rule|Gravity Sleep Clause: The combination of sleep-inducing moves with imperfect accuracy and Gravity or Gigantamax Orbeetle are banned\n|rule|Endless Battle Clause: Forcing endless battles is banned\n|rule|HP Percentage Mod: HP is shown in percentages\n|clearpoke\n|poke|p1|Palafin, F|\n|poke|p1|Dugtrio, M|\n|poke|p1|Clefable, F|\n|poke|p1|Mimikyu, F|\n|poke|p1|Chien-Pao|\n|poke|p1|Kommo-o, F|\n|poke|p2|Skeledirge, F|\n|poke|p2|Meowscarada, M|\n|poke|p2|Diancie|\n|poke|p2|Rillaboom, F|\n|poke|p2|Walking Wake|\n|poke|p2|Empoleon, M|\n|teampreview\n|\n|t:|1700334800\n|start\n|switch|p1a: Clefable|Clefable, F, shiny|100\/100\n|switch|p1b: Chien-Pao|Chien-Pao|100\/100\n|switch|p2a: Skeledirge|Skeledirge, F, shiny|100\/100\n|switch|p2b: Meowscarada|Meowscarada, M|100\/100\n|-ability|p1b: Chien-Pao|Sword of Ruin\n|turn|1\n|\n|t:|1700334821\n|move|p1a: Clefable|Follow Me|p1a: Clefable\n|-singleturn|p1a: Clefable|move: Follow Me\n|move|p1b: Chien-Pao|Swords Dance|p1b: Chien-Pao\n|-boost|p1b: Chien-Pao|atk|2\n|move|p2b: Meowscarada|Grass Pledge|p1a: Clefable\n|-waiting|p2b: Meowscarada|p2a: Skeledirge\n|move|p2a: Skeledirge|Fire Pledge|p1a: Clefable|[from]move: Grass Pledge\n|-combine\n|-damage|p1a: Clefable|14\/100\n|-sidestart|p1: lianzinbr|Fire Pledge\n|\n|-damage|p1b: Chien-Pao|88\/100|[from] Fire Pledge\n|upkeep\n|turn|2\n|\n|t:|1700334848\n|move|p1a: Clefable|Protect|p1a: Clefable\n|-singleturn|p1a: Clefable|Protect\n|move|p1b: Chien-Pao|Icicle Crash|p2b: Meowscarada\n|-supereffective|p2b: Meowscarada\n|-enditem|p2b: Meowscarada|Focus Sash\n|-damage|p2b: Meowscarada|1\/100\n|cant|p2b: Meowscarada|flinch\n|move|p2a: Skeledirge|Torch Song|p1b: Chien-Pao\n|-supereffective|p1b: Chien-Pao\n|-damage|p1b: Chien-Pao|0 fnt\n|-boost|p2a: Skeledirge|spa|1\n|faint|p1b: Chien-Pao\n|\n|upkeep\n|\n|t:|1700334866\n|switch|p1b: Kommo-o|Kommo-o, F|100\/100\n|turn|3\n|\n|t:|1700334887\n|move|p1a: Clefable|Follow Me|p1a: Clefable\n|-singleturn|p1a: Clefable|move: Follow Me\n|move|p2b: Meowscarada|Flower Trick|p1a: Clefable\n|-crit|p1a: Clefable\n|-damage|p1a: Clefable|0 fnt\n|faint|p1a: Clefable\n|move|p1b: Kommo-o|Iron Defense|p1b: Kommo-o\n|-boost|p1b: Kommo-o|def|2\n|move|p2a: Skeledirge|Shadow Ball|p1b: Kommo-o\n|-damage|p1b: Kommo-o|40\/100\n|\n|-damage|p1b: Kommo-o|27\/100|[from] Fire Pledge\n|upkeep\n|\n|t:|1700334898\n|switch|p1a: Mimikyu|Mimikyu, F|100\/100\n|turn|4\n|\n|t:|1700334917\n|move|p2a: Skeledirge|Protect|p2a: Skeledirge\n|-singleturn|p2a: Skeledirge|Protect\n|move|p2b: Meowscarada|Flower Trick|p1b: Kommo-o\n|-resisted|p1b: Kommo-o\n|-crit|p1b: Kommo-o\n|-damage|p1b: Kommo-o|4\/100\n|move|p1a: Mimikyu|Shadow Claw|p2a: Skeledirge\n|-activate|p2a: Skeledirge|move: Protect\n|move|p1b: Kommo-o|Body Press|p2b: Meowscarada\n|-supereffective|p2b: Meowscarada\n|-damage|p2b: Meowscarada|0 fnt\n|faint|p2b: Meowscarada\n|\n|-damage|p1a: Mimikyu|88\/100|[from] Fire Pledge\n|-damage|p1b: Kommo-o|0 fnt|[from] Fire Pledge\n|faint|p1b: Kommo-o\n|-sideend|p1: lianzinbr|Fire Pledge\n|upkeep\n|\n|t:|1700334939\n|switch|p2b: Rillaboom|Rillaboom, F|100\/100\n|switch|p1b: Palafin|Palafin, F, shiny|100\/100\n|-fieldstart|move: Grassy Terrain|[from] ability: Grassy Surge|[of] p2b: Rillaboom\n|turn|5\n|\n|t:|1700334954\n|-terastallize|p2a: Skeledirge|Water\n|move|p2b: Rillaboom|Grassy Glide|p1a: Mimikyu\n|-activate|p1a: Mimikyu|ability: Disguise\n|-damage|p1a: Mimikyu|88\/100\n|detailschange|p1a: Mimikyu|Mimikyu-Busted, F\n|-damage|p1a: Mimikyu|76\/100|[from] pokemon: Mimikyu-Busted\n|move|p1b: Palafin|Ice Punch|p2b: Rillaboom\n|-supereffective|p2b: Rillaboom\n|-damage|p2b: Rillaboom|64\/100\n|move|p1a: Mimikyu|Shadow Claw|p2a: Skeledirge\n|-damage|p2a: Skeledirge|80\/100\n|move|p2a: Skeledirge|Shadow Ball|p1a: Mimikyu\n|-supereffective|p1a: Mimikyu\n|-damage|p1a: Mimikyu|0 fnt\n|faint|p1a: Mimikyu\n|\n|-heal|p2b: Rillaboom|70\/100|[from] Grassy Terrain\n|-heal|p2b: Rillaboom|76\/100|[from] item: Leftovers\n|-heal|p2a: Skeledirge|86\/100|[from] Grassy Terrain\n|-heal|p2a: Skeledirge|92\/100|[from] item: Leftovers\n|upkeep\n|-message|lianzinbr forfeited.\n|\n|win|ZingiestImp\n|raw|lianzinbr's rating: 1099 &rarr; <strong>1078<\/strong><br \/>(-21 for losing)\n|raw|ZingiestImp's rating: 1149 &rarr; <strong>1170<\/strong><br \/>(+21 for winning)\n|l|\u2606lianzinbr\n","uploadtime":1700334982,"views":12,"p1id":"lianzinbr","p2id":"zingiestimp","formatid":"gen9doublesou","rating":1078,"private":0,"password":""}