{"id":"gen9doublesou-1993876064","p1":"anormalgen1er","p2":"tacogaming07","format":"[Gen 9] Doubles OU","log":"|j|\u2606anormalgen1er\n|j|\u2606tacogaming07\n|t:|1700368684\n|gametype|doubles\n|player|p1|anormalgen1er|boarder|1103\n|player|p2|tacogaming07|cynthia|1000\n|teamsize|p1|6\n|teamsize|p2|6\n|gen|9\n|tier|[Gen 9] Doubles OU\n|rated|\n|rule|Species Clause: Limit one of each Pok\u00e9mon\n|rule|OHKO Clause: OHKO moves are banned\n|rule|Evasion Moves Clause: Evasion moves are banned\n|rule|Gravity Sleep Clause: The combination of sleep-inducing moves with imperfect accuracy and Gravity or Gigantamax Orbeetle are banned\n|rule|Endless Battle Clause: Forcing endless battles is banned\n|rule|HP Percentage Mod: HP is shown in percentages\n|clearpoke\n|poke|p1|Ogerpon-Hearthflame, F|\n|poke|p1|Ting-Lu|\n|poke|p1|Flutter Mane|\n|poke|p1|Palafin, M|\n|poke|p1|Tornadus, M|\n|poke|p1|Sinistcha|\n|poke|p2|Chi-Yu|\n|poke|p2|Torkoal, F|\n|poke|p2|Iron Bundle|\n|poke|p2|Farigiraf, F|\n|poke|p2|Dragonite, F|\n|poke|p2|Brute Bonnet|\n|teampreview\n|\n|t:|1700368698\n|start\n|switch|p1a: I\u00b4ll be back|Palafin, M|100\/100\n|switch|p1b: Nuh uh|Tornadus, M|100\/100\n|switch|p2a: Farigiraf|Farigiraf, F|100\/100\n|switch|p2b: Brute Bonnet|Brute Bonnet|100\/100\n|turn|1\n|inactive|Battle timer is ON: inactive players will automatically lose when time's up. (requested by anormalgen1er)\n|\n|t:|1700368720\n|move|p1b: Nuh uh|Tailwind|p1b: Nuh uh\n|-sidestart|p1: anormalgen1er|move: Tailwind\n|move|p1a: I\u00b4ll be back|Flip Turn|p2a: Farigiraf\n|-damage|p2a: Farigiraf|75\/100\n|\n|t:|1700368728\n|detailschange|p1a: I\u00b4ll be back|Palafin-Hero, M\n|switch|p1a: Inmortal deer|Ting-Lu|100\/100|[from] Flip Turn\n|-ability|p1a: Inmortal deer|Vessel of Ruin\n|move|p2b: Brute Bonnet|Spore|p1b: Nuh uh\n|-status|p1b: Nuh uh|slp|[from] move: Spore\n|move|p2a: Farigiraf|Trick Room|p2a: Farigiraf\n|-fieldstart|move: Trick Room|[of] p2a: Farigiraf\n|\n|upkeep\n|turn|2\n|inactive|tacogaming07 has 120 seconds left.\n|\n|t:|1700368763\n|move|p2a: Farigiraf|Protect|p2a: Farigiraf\n|-singleturn|p2a: Farigiraf|Protect\n|move|p2b: Brute Bonnet|Seed Bomb|p1a: Inmortal deer\n|-supereffective|p1a: Inmortal deer\n|-damage|p1a: Inmortal deer|49\/100\n|-damage|p2b: Brute Bonnet|91\/100|[from] item: Life Orb\n|move|p1a: Inmortal deer|Taunt|p2b: Brute Bonnet\n|-start|p2b: Brute Bonnet|move: Taunt\n|cant|p1b: Nuh uh|slp\n|\n|-heal|p1a: Inmortal deer|55\/100|[from] item: Leftovers\n|upkeep\n|turn|3\n|\n|t:|1700368784\n|move|p1a: Inmortal deer|Protect|p1a: Inmortal deer\n|-singleturn|p1a: Inmortal deer|Protect\n|move|p2b: Brute Bonnet|Seed Bomb|p1a: Inmortal deer\n|-activate|p1a: Inmortal deer|move: Protect\n|move|p2a: Farigiraf|Hyper Voice|p1a: Inmortal deer|[spread] p1b\n|-activate|p1a: Inmortal deer|move: Protect\n|-damage|p1b: Nuh uh|85\/100 slp\n|cant|p1b: Nuh uh|slp\n|\n|-heal|p1a: Inmortal deer|61\/100|[from] item: Leftovers\n|-heal|p1b: Nuh uh|91\/100 slp|[from] item: Leftovers\n|upkeep\n|turn|4\n|\n|t:|1700368801\n|switch|p1a: Want some tea?|Sinistcha|100\/100\n|-heal|p1b: Nuh uh|100\/100 slp|[from] ability: Hospitality|[of] p1a: Want some tea?\n|move|p2b: Brute Bonnet|Seed Bomb|p1a: Want some tea?\n|-resisted|p1a: Want some tea?\n|-damage|p1a: Want some tea?|81\/100\n|-damage|p2b: Brute Bonnet|81\/100|[from] item: Life Orb\n|move|p2a: Farigiraf|Hyper Voice|p1a: Want some tea?|[spread] p1b\n|-immune|p1a: Want some tea?\n|-damage|p1b: Nuh uh|79\/100 slp\n|cant|p1b: Nuh uh|slp\n|\n|-heal|p1a: Want some tea?|87\/100|[from] item: Leftovers\n|-heal|p1b: Nuh uh|85\/100 slp|[from] item: Leftovers\n|-sideend|p1: anormalgen1er|move: Tailwind\n|upkeep\n|turn|5\n|inactive|tacogaming07 has 120 seconds left.\n|\n|t:|1700368844\n|move|p2b: Brute Bonnet|Sucker Punch||[still]\n|-fail|p2b: Brute Bonnet\n|-curestatus|p1b: Nuh uh|slp|[msg]\n|move|p1b: Nuh uh|Tailwind|p1b: Nuh uh\n|-sidestart|p1: anormalgen1er|move: Tailwind\n|move|p2a: Farigiraf|Psyshock|p1a: Want some tea?\n|-damage|p1a: Want some tea?|63\/100\n|move|p1a: Want some tea?|Strength Sap|p2b: Brute Bonnet\n|-unboost|p2b: Brute Bonnet|atk|1\n|-heal|p1a: Want some tea?|100\/100\n|\n|-heal|p1b: Nuh uh|91\/100|[from] item: Leftovers\n|-end|p2b: Brute Bonnet|move: Taunt\n|-fieldend|move: Trick Room\n|upkeep\n|turn|6\n|inactive|tacogaming07 has 120 seconds left.\n|\n|t:|1700368867\n|move|p1b: Nuh uh|Knock Off|p2a: Farigiraf\n|-supereffective|p2a: Farigiraf\n|-damage|p2a: Farigiraf|32\/100\n|-enditem|p2a: Farigiraf|Safety Goggles|[from] move: Knock Off|[of] p1b: Nuh uh\n|move|p1a: Want some tea?|Matcha Gotcha|p2b: Brute Bonnet|[spread] p2a,p2b\n|-resisted|p2b: Brute Bonnet\n|-crit|p2b: Brute Bonnet\n|-damage|p2a: Farigiraf|10\/100\n|-damage|p2b: Brute Bonnet|67\/100\n|move|p2b: Brute Bonnet|Spore|p1b: Nuh uh\n|-status|p1b: Nuh uh|slp|[from] move: Spore\n|move|p2a: Farigiraf|Trick Room|p2a: Farigiraf\n|-fieldstart|move: Trick Room|[of] p2a: Farigiraf\n|\n|-heal|p1b: Nuh uh|97\/100 slp|[from] item: Leftovers\n|upkeep\n|turn|7\n|inactive|tacogaming07 has 120 seconds left.\n|\n|t:|1700368905\n|move|p2b: Brute Bonnet|Sucker Punch|p1a: Want some tea?\n|-supereffective|p1a: Want some tea?\n|-damage|p1a: Want some tea?|57\/100\n|-damage|p2b: Brute Bonnet|57\/100|[from] item: Life Orb\n|move|p2a: Farigiraf|Psyshock|p1a: Want some tea?\n|-damage|p1a: Want some tea?|31\/100\n|move|p1a: Want some tea?|Matcha Gotcha|p2b: Brute Bonnet|[spread] p2a,p2b\n|-resisted|p2b: Brute Bonnet\n|-damage|p2a: Farigiraf|0 fnt\n|-heal|p1a: Want some tea?|38\/100|[from] drain|[of] p2a: Farigiraf\n|-damage|p2b: Brute Bonnet|47\/100\n|-heal|p1a: Want some tea?|44\/100|[from] drain|[of] p2b: Brute Bonnet\n|faint|p2a: Farigiraf\n|cant|p1b: Nuh uh|slp\n|\n|-heal|p1a: Want some tea?|50\/100|[from] item: Leftovers\n|-heal|p1b: Nuh uh|100\/100 slp|[from] item: Leftovers\n|upkeep\n|\n|t:|1700368921\n|switch|p2a: Torkoal|Torkoal, F|100\/100\n|-weather|SunnyDay|[from] ability: Drought|[of] p2a: Torkoal\n|-activate|p2b: Brute Bonnet|ability: Protosynthesis\n|-start|p2b: Brute Bonnet|protosynthesisatk\n|turn|8\n|\n|t:|1700368941\n|move|p1a: Want some tea?|Protect|p1a: Want some tea?\n|-singleturn|p1a: Want some tea?|Protect\n|move|p2b: Brute Bonnet|Sucker Punch||[still]\n|-fail|p2b: Brute Bonnet\n|move|p2a: Torkoal|Eruption|p1a: Want some tea?|[spread] p1b\n|-activate|p1a: Want some tea?|move: Protect\n|-damage|p1b: Nuh uh|36\/100 slp\n|cant|p1b: Nuh uh|slp\n|\n|-weather|SunnyDay|[upkeep]\n|-heal|p1a: Want some tea?|56\/100|[from] item: Leftovers\n|-heal|p1b: Nuh uh|42\/100 slp|[from] item: Leftovers\n|-sideend|p1: anormalgen1er|move: Tailwind\n|upkeep\n|turn|9\n|inactive|tacogaming07 has 120 seconds left.\n|\n|t:|1700368965\n|switch|p1a: Inmortal deer|Ting-Lu|61\/100\n|-ability|p1a: Inmortal deer|Vessel of Ruin\n|move|p2a: Torkoal|Eruption|p1a: Inmortal deer|[spread] p1a,p1b\n|-damage|p1a: Inmortal deer|9\/100\n|-damage|p1b: Nuh uh|0 fnt\n|faint|p1b: Nuh uh\n|move|p2b: Brute Bonnet|Seed Bomb|p1a: Inmortal deer\n|-supereffective|p1a: Inmortal deer\n|-damage|p1a: Inmortal deer|0 fnt\n|faint|p1a: Inmortal deer\n|-damage|p2b: Brute Bonnet|37\/100|[from] item: Life Orb\n|\n|-weather|SunnyDay|[upkeep]\n|upkeep\n|inactive|anormalgen1er has 120 seconds left.\n|\n|t:|1700368986\n|switch|p1a: Uga-Buga|Ogerpon-Hearthflame, F|100\/100\n|switch|p1b: Want some tea?|Sinistcha|56\/100\n|-ability|p1a: Uga-Buga|Mold Breaker\n|turn|10\n|inactive|tacogaming07 has 120 seconds left.\n|\n|t:|1700369016\n|move|p1b: Want some tea?|Protect|p1b: Want some tea?\n|-singleturn|p1b: Want some tea?|Protect\n|move|p2a: Torkoal|Eruption|p1a: Uga-Buga|[spread] p1a\n|-activate|p1b: Want some tea?|move: Protect\n|-damage|p1a: Uga-Buga|2\/100\n|move|p2b: Brute Bonnet|Close Combat|p1a: Uga-Buga\n|-damage|p1a: Uga-Buga|0 fnt\n|-unboost|p2b: Brute Bonnet|def|1\n|-unboost|p2b: Brute Bonnet|spd|1\n|faint|p1a: Uga-Buga\n|-damage|p2b: Brute Bonnet|28\/100|[from] item: Life Orb\n|\n|-weather|SunnyDay|[upkeep]\n|-heal|p1b: Want some tea?|62\/100|[from] item: Leftovers\n|-fieldend|move: Trick Room\n|upkeep\n|\n|t:|1700369026\n|switch|p1a: Flutter away|Flutter Mane|100\/100\n|-activate|p1a: Flutter away|ability: Protosynthesis\n|-start|p1a: Flutter away|protosynthesisspe\n|turn|11\n|inactive|tacogaming07 has 120 seconds left.\n|\n|t:|1700369052\n|move|p1a: Flutter away|Shadow Ball|p2a: Torkoal\n|-damage|p2a: Torkoal|42\/100\n|move|p1b: Want some tea?|Strength Sap|p2b: Brute Bonnet\n|-unboost|p2b: Brute Bonnet|atk|1\n|-heal|p1b: Want some tea?|100\/100\n|move|p2b: Brute Bonnet|Spore|p1a: Flutter away\n|-status|p1a: Flutter away|slp|[from] move: Spore\n|move|p2a: Torkoal|Eruption|p1b: Want some tea?|[spread] p1a,p1b\n|-supereffective|p1b: Want some tea?\n|-damage|p1a: Flutter away|65\/100 slp\n|-damage|p1b: Want some tea?|13\/100\n|\n|-weather|SunnyDay|[upkeep]\n|-heal|p1b: Want some tea?|19\/100|[from] item: Leftovers\n|upkeep\n|turn|12\n|\n|t:|1700369072\n|cant|p1a: Flutter away|slp\n|move|p1b: Want some tea?|Matcha Gotcha|p2b: Brute Bonnet|[spread] p2a,p2b\n|-resisted|p2a: Torkoal\n|-resisted|p2b: Brute Bonnet\n|-damage|p2a: Torkoal|25\/100\n|-heal|p1b: Want some tea?|28\/100|[from] drain|[of] p2a: Torkoal\n|-damage|p2b: Brute Bonnet|13\/100\n|-heal|p1b: Want some tea?|37\/100|[from] drain|[of] p2b: Brute Bonnet\n|-status|p2b: Brute Bonnet|brn\n|move|p2b: Brute Bonnet|Seed Bomb|p1a: Flutter away\n|-damage|p1a: Flutter away|25\/100 slp\n|-damage|p2b: Brute Bonnet|3\/100 brn|[from] item: Life Orb\n|move|p2a: Torkoal|Heat Wave|p1b: Want some tea?|[spread] p1a,p1b\n|-crit|p1a: Flutter away\n|-supereffective|p1b: Want some tea?\n|-damage|p1a: Flutter away|0 fnt\n|-damage|p1b: Want some tea?|0 fnt\n|faint|p1a: Flutter away\n|-end|p1a: Flutter away|Protosynthesis|[silent]\n|faint|p1b: Want some tea?\n|\n|-weather|none\n|-end|p2b: Brute Bonnet|Protosynthesis\n|-damage|p2b: Brute Bonnet|0 fnt|[from] brn\n|faint|p2b: Brute Bonnet\n|-end|p2b: Brute Bonnet|Protosynthesis|[silent]\n|upkeep\n|\n|t:|1700369101\n|switch|p1a: I\u00b4ll be back|Palafin-Hero, M|100\/100\n|switch|p2b: Iron Bundle|Iron Bundle|100\/100\n|-activate|p1a: I\u00b4ll be back|ability: Zero to Hero\n|-enditem|p2b: Iron Bundle|Booster Energy\n|-activate|p2b: Iron Bundle|ability: Quark Drive|[fromitem]\n|-start|p2b: Iron Bundle|quarkdrivespe\n|turn|13\n|\n|t:|1700369121\n|switch|p2a: Dragonite|Dragonite, F|100\/100\n|-terastallize|p2b: Iron Bundle|Ice\n|-terastallize|p1a: I\u00b4ll be back|Fighting\n|move|p2b: Iron Bundle|Freeze-Dry|p1a: I\u00b4ll be back\n|-damage|p1a: I\u00b4ll be back|43\/100\n|move|p1a: I\u00b4ll be back|Close Combat|p2b: Iron Bundle\n|-supereffective|p2b: Iron Bundle\n|-damage|p2b: Iron Bundle|0 fnt\n|-unboost|p1a: I\u00b4ll be back|def|1\n|-unboost|p1a: I\u00b4ll be back|spd|1\n|faint|p2b: Iron Bundle\n|-end|p2b: Iron Bundle|Quark Drive|[silent]\n|\n|upkeep\n|inactive|tacogaming07 has 120 seconds left.\n|\n|t:|1700369138\n|switch|p2b: Chi-Yu|Chi-Yu|100\/100\n|-ability|p2b: Chi-Yu|Beads of Ruin\n|turn|14\n|\n|t:|1700369162\n|move|p2a: Dragonite|Extreme Speed|p1a: I\u00b4ll be back\n|-damage|p1a: I\u00b4ll be back|0 fnt\n|faint|p1a: I\u00b4ll be back\n|\n|win|tacogaming07\n|raw|anormalgen1er's rating: 1103 &rarr; <strong>1071<\/strong><br \/>(-32 for losing)\n|raw|tacogaming07's rating: 1000 &rarr; <strong>1052<\/strong><br \/>(+52 for winning)\n|l|\u2606anormalgen1er\n","uploadtime":1700369168,"views":15,"p1id":"anormalgen1er","p2id":"tacogaming07","formatid":"gen9doublesou","rating":1052,"private":0,"password":""}