{"id":"gen9doublesou-1999928161","p1":"Brawler206","p2":"PresidentWeez","format":"[Gen 9] Doubles OU","log":"|j|\u2606Brawler206\n|j|\u2606PresidentWeez\n|t:|1701131107\n|gametype|doubles\n|player|p1|Brawler206|dancer|1216\n|player|p2|PresidentWeez|unknown|1356\n|teamsize|p1|6\n|teamsize|p2|6\n|gen|9\n|tier|[Gen 9] Doubles OU\n|rated|\n|rule|Species Clause: Limit one of each Pok\u00e9mon\n|rule|OHKO Clause: OHKO moves are banned\n|rule|Evasion Moves Clause: Evasion moves are banned\n|rule|Gravity Sleep Clause: The combination of sleep-inducing moves with imperfect accuracy and Gravity or Gigantamax Orbeetle are banned\n|rule|Endless Battle Clause: Forcing endless battles is banned\n|rule|HP Percentage Mod: HP is shown in percentages\n|clearpoke\n|poke|p1|Tornadus, M|\n|poke|p1|Weavile, M|\n|poke|p1|Gengar, F|\n|poke|p1|Iron Treads|\n|poke|p1|Scream Tail|\n|poke|p1|Ceruledge, M|\n|poke|p2|Dragonite, F|\n|poke|p2|Baxcalibur, F|\n|poke|p2|Sinistcha|\n|poke|p2|Heatran, F|\n|poke|p2|Vikavolt, M|\n|poke|p2|Greninja-*, M|\n|teampreview\n|\n|t:|1701131148\n|start\n|switch|p1a: Weavile|Weavile, M|100\/100\n|switch|p1b: Gengar|Gengar, F|100\/100\n|switch|p2a: Baxcalibur|Baxcalibur, F|100\/100\n|switch|p2b: Sinistcha|Sinistcha|100\/100\n|-ability|p1a: Weavile|Pressure\n|turn|1\n|\n|t:|1701131179\n|-terastallize|p2b: Sinistcha|Water\n|move|p1a: Weavile|Fake Out|p2a: Baxcalibur\n|-damage|p2a: Baxcalibur|89\/100\n|move|p1b: Gengar|Taunt|p2b: Sinistcha\n|-start|p2b: Sinistcha|move: Taunt\n|cant|p2a: Baxcalibur|flinch\n|cant|p2b: Sinistcha|move: Taunt|Strength Sap\n|\n|upkeep\n|turn|2\n|\n|t:|1701131205\n|move|p1a: Weavile|Knock Off|p2a: Baxcalibur\n|-damage|p2a: Baxcalibur|50\/100\n|-enditem|p2a: Baxcalibur|Loaded Dice|[from] move: Knock Off|[of] p1a: Weavile\n|move|p1b: Gengar|Taunt|p2a: Baxcalibur\n|-start|p2a: Baxcalibur|move: Taunt\n|move|p2a: Baxcalibur|Scale Shot|p1b: Gengar\n|-damage|p1b: Gengar|73\/100\n|-start|p2a: Baxcalibur|Disable|Scale Shot|[from] ability: Cursed Body|[of] p1b: Gengar\n|-crit|p1b: Gengar\n|-damage|p1b: Gengar|38\/100\n|-damage|p1b: Gengar|15\/100\n|-hitcount|p1b: Gengar|3\n|-unboost|p2a: Baxcalibur|def|1\n|-boost|p2a: Baxcalibur|spe|1\n|move|p2b: Sinistcha|Matcha Gotcha|p1a: Weavile|[spread] p1a,p1b\n|-resisted|p1b: Gengar\n|-damage|p1a: Weavile|65\/100\n|-damage|p1b: Gengar|0 fnt\n|-start|p2b: Sinistcha|Disable|Matcha Gotcha|[from] ability: Cursed Body|[of] p1b: Gengar\n|faint|p1b: Gengar\n|\n|upkeep\n|\n|t:|1701131225\n|switch|p1b: Scream Tail|Scream Tail|100\/100\n|-enditem|p1b: Scream Tail|Booster Energy\n|-activate|p1b: Scream Tail|ability: Protosynthesis|[fromitem]\n|-start|p1b: Scream Tail|protosynthesisspe\n|turn|3\n|\n|t:|1701131243\n|switch|p2b: Heatran|Heatran, F|100\/100\n|move|p1b: Scream Tail|Encore|p2a: Baxcalibur\n|-start|p2a: Baxcalibur|Encore\n|move|p1a: Weavile|Knock Off|p2b: Heatran\n|-damage|p2b: Heatran|61\/100\n|-enditem|p2b: Heatran|Leftovers|[from] move: Knock Off|[of] p1a: Weavile\n|cant|p2a: Baxcalibur|Disable|Scale Shot\n|\n|upkeep\n|turn|4\n|\n|t:|1701131262\n|switch|p1a: Ceruledge|Ceruledge, M|100\/100\n|switch|p2a: Sinistcha|Sinistcha, tera:Water|100\/100\n|-heal|p2b: Heatran|86\/100|[from] ability: Hospitality|[of] p2a: Sinistcha\n|move|p1b: Scream Tail|Howl|p1b: Scream Tail|[spread] p1a,p1b\n|-boost|p1a: Ceruledge|atk|1\n|-boost|p1b: Scream Tail|atk|1\n|move|p2b: Heatran|Heat Wave|p1a: Ceruledge|[spread] p1b\n|-start|p1a: Ceruledge|ability: Flash Fire\n|-damage|p1b: Scream Tail|75\/100\n|\n|upkeep\n|turn|5\n|\n|t:|1701131284\n|move|p1a: Ceruledge|Protect|p1a: Ceruledge\n|-singleturn|p1a: Ceruledge|Protect\n|move|p2a: Sinistcha|Rage Powder|p2a: Sinistcha\n|-singleturn|p2a: Sinistcha|move: Rage Powder\n|move|p1b: Scream Tail|Encore|p2a: Sinistcha\n|-start|p2a: Sinistcha|Encore\n|move|p2b: Heatran|Earth Power|p1a: Ceruledge\n|-activate|p1a: Ceruledge|move: Protect\n|\n|upkeep\n|turn|6\n|\n|t:|1701131297\n|-end|p1a: Ceruledge|ability: Flash Fire|[silent]\n|switch|p1a: Tornadus|Tornadus, M|100\/100\n|move|p2a: Sinistcha|Rage Powder|p2a: Sinistcha\n|-singleturn|p2a: Sinistcha|move: Rage Powder\n|move|p1b: Scream Tail|Misty Terrain|p1b: Scream Tail\n|-fieldstart|move: Misty Terrain\n|move|p2b: Heatran|Heat Wave|p1a: Tornadus|[spread] p1a,p1b\n|-damage|p1a: Tornadus|55\/100\n|-damage|p1b: Scream Tail|47\/100\n|\n|upkeep\n|turn|7\n|\n|t:|1701131312\n|move|p2a: Sinistcha|Rage Powder|p2a: Sinistcha\n|-singleturn|p2a: Sinistcha|move: Rage Powder\n|move|p1a: Tornadus|Taunt|p2a: Sinistcha\n|-start|p2a: Sinistcha|move: Taunt\n|move|p1b: Scream Tail|Encore||[still]\n|-fail|p1b: Scream Tail\n|move|p2b: Heatran|Heat Wave|p1a: Tornadus|[spread] p1a,p1b\n|-damage|p1a: Tornadus|12\/100\n|-damage|p1b: Scream Tail|20\/100\n|\n|upkeep\n|turn|8\n|\n|t:|1701131330\n|-end|p1b: Scream Tail|Protosynthesis|[silent]\n|switch|p1b: Ceruledge|Ceruledge, M|100\/100\n|switch|p2a: Baxcalibur|Baxcalibur, F|50\/100\n|move|p1a: Tornadus|Smack Down|p1b: Ceruledge\n|-supereffective|p1b: Ceruledge\n|-damage|p1b: Ceruledge|71\/100\n|-enditem|p1b: Ceruledge|Weakness Policy\n|-boost|p1b: Ceruledge|atk|2|[from] item: Weakness Policy\n|-boost|p1b: Ceruledge|spa|2|[from] item: Weakness Policy\n|move|p2b: Heatran|Heat Wave|p1b: Ceruledge|[spread] p1a\n|-start|p1b: Ceruledge|ability: Flash Fire\n|-damage|p1a: Tornadus|0 fnt\n|faint|p1a: Tornadus\n|\n|upkeep\n|\n|t:|1701131344\n|switch|p1a: Weavile|Weavile, M|65\/100\n|-ability|p1a: Weavile|Pressure\n|turn|9\n|\n|t:|1701131361\n|move|p2a: Baxcalibur|Protect|p2a: Baxcalibur\n|-singleturn|p2a: Baxcalibur|Protect\n|move|p1a: Weavile|Fake Out|p2b: Heatran\n|-resisted|p2b: Heatran\n|-damage|p2b: Heatran|80\/100\n|move|p1b: Ceruledge|Bitter Blade|p2a: Baxcalibur\n|-activate|p2a: Baxcalibur|move: Protect\n|cant|p2b: Heatran|flinch\n|\n|upkeep\n|turn|10\n|\n|t:|1701131390\n|switch|p2a: Dragonite|Dragonite, F|100\/100\n|move|p1a: Weavile|Knock Off|p2a: Dragonite\n|-damage|p2a: Dragonite|53\/100\n|-enditem|p2a: Dragonite|Sitrus Berry|[from] move: Knock Off|[of] p1a: Weavile\n|move|p1b: Ceruledge|Phantom Force||[still]\n|-prepare|p1b: Ceruledge|Phantom Force\n|move|p2b: Heatran|Earth Power|p1b: Ceruledge|[miss]\n|-miss|p2b: Heatran|p1b: Ceruledge\n|\n|-fieldend|Misty Terrain\n|upkeep\n|turn|11\n|\n|t:|1701131426\n|move|p2a: Dragonite|Extreme Speed|p1a: Weavile\n|-damage|p1a: Weavile|11\/100\n|move|p1a: Weavile|Ice Spinner|p2a: Dragonite\n|-supereffective|p2a: Dragonite\n|-damage|p2a: Dragonite|0 fnt\n|faint|p2a: Dragonite\n|move|p1b: Ceruledge|Phantom Force|p2b: Heatran|[from]lockedmove\n|-damage|p2b: Heatran|1\/100\n|move|p2b: Heatran|Earth Power|p1b: Ceruledge\n|-supereffective|p1b: Ceruledge\n|-damage|p1b: Ceruledge|0 fnt\n|faint|p1b: Ceruledge\n|\n|upkeep\n|c|\u2606Brawler206|fuck me 1 hp\n|-message|Brawler206 forfeited.\n|\n|win|PresidentWeez\n|raw|Brawler206's rating: 1216 &rarr; <strong>1201<\/strong><br \/>(-15 for losing)\n|raw|PresidentWeez's rating: 1356 &rarr; <strong>1368<\/strong><br \/>(+12 for winning)\n","uploadtime":1701131446,"views":6,"p1id":"brawler206","p2id":"presidentweez","formatid":"gen9doublesou","rating":1201,"private":0,"password":""}