{"id":"gen9doublesou-1989063977","p1":"tom-bomb117","p2":"Critian Caceorte","format":"[Gen 9] Doubles OU","log":"|j|\u2606tom-bomb117\n|j|\u2606Critian Caceorte\n|t:|1699808203\n|gametype|doubles\n|player|p1|tom-bomb117|1|1002\n|player|p2|Critian Caceorte|hilda|1092\n|teamsize|p1|6\n|teamsize|p2|6\n|gen|9\n|tier|[Gen 9] Doubles OU\n|rated|\n|rule|Species Clause: Limit one of each Pok\u00e9mon\n|rule|OHKO Clause: OHKO moves are banned\n|rule|Evasion Moves Clause: Evasion moves are banned\n|rule|Gravity Sleep Clause: The combination of sleep-inducing moves with imperfect accuracy and Gravity or Gigantamax Orbeetle are banned\n|rule|Endless Battle Clause: Forcing endless battles is banned\n|rule|HP Percentage Mod: HP is shown in percentages\n|clearpoke\n|poke|p1|Cinderace, F|\n|poke|p1|Ceruledge, M|\n|poke|p1|Arcanine-Hisui, M|\n|poke|p1|Salazzle, F|\n|poke|p1|Torkoal, F|\n|poke|p1|Rotom-Heat|\n|poke|p2|Torkoal, F|\n|poke|p2|Ninetales, F|\n|poke|p2|Scovillain, M|\n|poke|p2|Lilligant-Hisui, F|\n|poke|p2|Dachsbun, F|\n|poke|p2|Walking Wake|\n|teampreview\n|\n|t:|1699808226\n|start\n|switch|p1a: Ceruledge|Ceruledge, M|100\/100\n|switch|p1b: Rotom|Rotom-Heat|100\/100\n|switch|p2a: Torkoal|Torkoal, F|100\/100\n|switch|p2b: Dachsbun|Dachsbun, F|100\/100\n|-weather|SunnyDay|[from] ability: Drought|[of] p2a: Torkoal\n|turn|1\n|\n|t:|1699808259\n|move|p1b: Rotom|Dark Pulse|p2a: Torkoal\n|-damage|p2a: Torkoal|77\/100\n|move|p1a: Ceruledge|Swords Dance|p1a: Ceruledge\n|-boost|p1a: Ceruledge|atk|2\n|-enditem|p2b: Dachsbun|Mirror Herb\n|-boost|p2b: Dachsbun|atk|2|[from] item: Mirror Herb\n|move|p2b: Dachsbun|Agility|p2b: Dachsbun\n|-boost|p2b: Dachsbun|spe|2\n|move|p2a: Torkoal|Lava Plume|p1b: Rotom|[spread] p1a,p1b\n|-ability|p2b: Dachsbun|Well-Baked Body|boost\n|-boost|p2b: Dachsbun|def|2\n|-resisted|p1a: Ceruledge\n|-resisted|p1b: Rotom\n|-damage|p1a: Ceruledge|68\/100\n|-damage|p1b: Rotom|69\/100\n|\n|-weather|SunnyDay|[upkeep]\n|upkeep\n|turn|2\n|\n|t:|1699808291\n|move|p2b: Dachsbun|Work Up|p2b: Dachsbun\n|-boost|p2b: Dachsbun|atk|1\n|-boost|p2b: Dachsbun|spa|1\n|move|p1b: Rotom|Dark Pulse|p2a: Torkoal\n|-damage|p2a: Torkoal|55\/100\n|move|p1a: Ceruledge|Close Combat|p2b: Dachsbun\n|-resisted|p2b: Dachsbun\n|-damage|p2b: Dachsbun|79\/100\n|-unboost|p1a: Ceruledge|def|1\n|-unboost|p1a: Ceruledge|spd|1\n|move|p2a: Torkoal|Lava Plume|p1b: Rotom|[spread] p1a,p1b\n|-ability|p2b: Dachsbun|Well-Baked Body|boost\n|-boost|p2b: Dachsbun|def|2\n|-resisted|p1a: Ceruledge\n|-resisted|p1b: Rotom\n|-damage|p1a: Ceruledge|24\/100\n|-damage|p1b: Rotom|39\/100\n|\n|-weather|SunnyDay|[upkeep]\n|upkeep\n|turn|3\n|\n|t:|1699808316\n|move|p2b: Dachsbun|Baton Pass|p2b: Dachsbun\n|\n|t:|1699808318\n|switch|p2b: Walking Wake|Walking Wake|100\/100|[from] Baton Pass\n|-activate|p2b: Walking Wake|ability: Protosynthesis\n|-start|p2b: Walking Wake|protosynthesisdef\n|move|p1b: Rotom|Dark Pulse|p2a: Torkoal\n|-damage|p2a: Torkoal|32\/100\n|move|p1a: Ceruledge|Bitter Blade|p2a: Torkoal\n|-resisted|p2a: Torkoal\n|-damage|p2a: Torkoal|0 fnt\n|-heal|p1a: Ceruledge|39\/100|[from] drain|[of] p2a: Torkoal\n|faint|p2a: Torkoal\n|\n|-weather|SunnyDay|[upkeep]\n|upkeep\n|\n|t:|1699808335\n|switch|p2a: Lilligant|Lilligant-Hisui, F|100\/100\n|turn|4\n|inactive|Battle timer is ON: inactive players will automatically lose when time's up. (requested by Critian Caceorte)\n|\n|t:|1699808393\n|move|p1a: Ceruledge|Shadow Sneak|p2b: Walking Wake\n|-damage|p2b: Walking Wake|88\/100\n|move|p2b: Walking Wake|Hydro Steam|p1a: Ceruledge\n|-supereffective|p1a: Ceruledge\n|-damage|p1a: Ceruledge|0 fnt\n|faint|p1a: Ceruledge\n|move|p2a: Lilligant|Axe Kick|p1b: Rotom\n|-damage|p1b: Rotom|0 fnt\n|faint|p1b: Rotom\n|\n|-weather|SunnyDay|[upkeep]\n|upkeep\n|\n|t:|1699808411\n|switch|p1b: Torkoal|Torkoal, F|100\/100\n|switch|p1a: Salazzle|Salazzle, F|100\/100\n|turn|5\n|\n|t:|1699808430\n|-terastallize|p1a: Salazzle|Dark\n|move|p2b: Walking Wake|Hydro Steam|p1b: Torkoal\n|-supereffective|p1b: Torkoal\n|-damage|p1b: Torkoal|0 fnt\n|faint|p1b: Torkoal\n|move|p2a: Lilligant|Sleep Powder|p1a: Salazzle|[miss]\n|-miss|p2a: Lilligant|p1a: Salazzle\n|move|p1a: Salazzle|Dragon Pulse|p2b: Walking Wake\n|-supereffective|p2b: Walking Wake\n|-damage|p2b: Walking Wake|44\/100\n|\n|-weather|none\n|-end|p2b: Walking Wake|Protosynthesis\n|upkeep\n|inactive|tom-bomb117 has 120 seconds left.\n|\n|t:|1699808455\n|switch|p1b: Cinderace|Cinderace, F|100\/100\n|turn|6\n|inactive|tom-bomb117 has 120 seconds left.\n|\n|t:|1699808485\n|move|p2b: Walking Wake|Hydro Steam|p1b: Cinderace\n|-supereffective|p1b: Cinderace\n|-damage|p1b: Cinderace|0 fnt\n|faint|p1b: Cinderace\n|move|p1a: Salazzle|Dragon Pulse|p2b: Walking Wake\n|-supereffective|p2b: Walking Wake\n|-damage|p2b: Walking Wake|2\/100\n|move|p2a: Lilligant|Axe Kick|p1a: Salazzle\n|-supereffective|p1a: Salazzle\n|-damage|p1a: Salazzle|0 fnt\n|faint|p1a: Salazzle\n|\n|upkeep\n|\n|t:|1699808496\n|switch|p1b: Arcanine|Arcanine-Hisui, M|100\/100\n|turn|7\n|\n|t:|1699808504\n|move|p1b: Arcanine|Extreme Speed|p2b: Walking Wake\n|-damage|p2b: Walking Wake|0 fnt\n|faint|p2b: Walking Wake\n|-end|p2b: Walking Wake|Protosynthesis|[silent]\n|move|p2a: Lilligant|Axe Kick|p1b: Arcanine\n|-supereffective|p1b: Arcanine\n|-damage|p1b: Arcanine|0 fnt\n|faint|p1b: Arcanine\n|\n|win|Critian Caceorte\n|raw|tom-bomb117's rating: 1002 &rarr; <strong>1000<\/strong><br \/>(-2 for losing)\n|raw|Critian Caceorte's rating: 1092 &rarr; <strong>1112<\/strong><br \/>(+20 for winning)\n|c|\u2606Critian Caceorte|gg\n","uploadtime":1699808514,"views":4,"p1id":"tombomb117","p2id":"critiancaceorte","formatid":"gen9doublesou","rating":1000,"private":0,"password":""}