{"id":"gen9doublesou-1986858657","p1":"Zadom123","p2":"Jman4769","format":"[Gen 9] Doubles OU","log":"|j|\u203dZadom123\n|j|\u2606Jman4769\n|t:|1699534914\n|gametype|doubles\n|player|p1|Zadom123|benga|1170\n|player|p2|Jman4769|swimmerf-gen4dp|1192\n|teamsize|p1|6\n|teamsize|p2|6\n|gen|9\n|tier|[Gen 9] Doubles OU\n|rated|\n|rule|Species Clause: Limit one of each Pok\u00e9mon\n|rule|OHKO Clause: OHKO moves are banned\n|rule|Evasion Moves Clause: Evasion moves are banned\n|rule|Gravity Sleep Clause: The combination of sleep-inducing moves with imperfect accuracy and Gravity or Gigantamax Orbeetle are banned\n|rule|Endless Battle Clause: Forcing endless battles is banned\n|rule|HP Percentage Mod: HP is shown in percentages\n|clearpoke\n|poke|p1|Glimmora, M|\n|poke|p1|Wo-Chien|\n|poke|p1|Arcanine-Hisui, M|\n|poke|p1|Sinistcha-Masterpiece|\n|poke|p1|Flutter Mane|\n|poke|p1|Palafin, F|\n|poke|p2|Conkeldurr, M|\n|poke|p2|Toxapex, M|\n|poke|p2|Gholdengo|\n|poke|p2|Chi-Yu|\n|poke|p2|Grimmsnarl, M|\n|poke|p2|Sinistcha|\n|teampreview\n|inactive|Battle timer is ON: inactive players will automatically lose when time's up. (requested by Jman4769)\n|inactive|Zadom123 also wants the timer to be on.\n|\n|t:|1699534925\n|start\n|switch|p1a: Wo-Chien|Wo-Chien|100\/100\n|switch|p1b: Palafin|Palafin, F|100\/100\n|switch|p2a: Grimmsnarl|Grimmsnarl, M|100\/100\n|switch|p2b: Conkeldurr|Conkeldurr, M|100\/100\n|-ability|p1a: Wo-Chien|Tablets of Ruin\n|turn|1\n|\n|t:|1699534944\n|move|p2a: Grimmsnarl|Light Screen|p2a: Grimmsnarl\n|-sidestart|p2: Jman4769|move: Light Screen\n|move|p1b: Palafin|Flip Turn|p2b: Conkeldurr\n|-damage|p2b: Conkeldurr|84\/100\n|\n|t:|1699534950\n|detailschange|p1b: Palafin|Palafin-Hero, F\n|switch|p1b: Arcanine|Arcanine-Hisui, M|100\/100|[from] Flip Turn\n|-ability|p1b: Arcanine|Intimidate|boost\n|-unboost|p2a: Grimmsnarl|atk|1\n|-unboost|p2b: Conkeldurr|atk|1\n|move|p1a: Wo-Chien|Taunt|p2a: Grimmsnarl\n|-start|p2a: Grimmsnarl|move: Taunt\n|move|p2b: Conkeldurr|Bulk Up|p2b: Conkeldurr\n|-boost|p2b: Conkeldurr|atk|1\n|-boost|p2b: Conkeldurr|def|1\n|\n|-status|p2b: Conkeldurr|brn|[from] item: Flame Orb\n|upkeep\n|turn|2\n|\n|t:|1699534976\n|move|p2b: Conkeldurr|Mach Punch|p1b: Arcanine\n|-supereffective|p1b: Arcanine\n|-damage|p1b: Arcanine|51\/100\n|move|p1a: Wo-Chien|Giga Drain|p2b: Conkeldurr\n|-damage|p2b: Conkeldurr|65\/100 brn\n|move|p2a: Grimmsnarl|Spirit Break|p1a: Wo-Chien\n|-supereffective|p1a: Wo-Chien\n|-damage|p1a: Wo-Chien|79\/100\n|-unboost|p1a: Wo-Chien|spa|1\n|move|p1b: Arcanine|Roar|p2b: Conkeldurr\n|drag|p2b: Sinistcha|Sinistcha|100\/100\n|\n|upkeep\n|turn|3\n|inactive|Jman4769 has 120 seconds left.\n|\n|t:|1699535008\n|move|p1b: Arcanine|Flare Blitz|p2b: Sinistcha\n|-supereffective|p2b: Sinistcha\n|-damage|p2b: Sinistcha|53\/100\n|-status|p2b: Sinistcha|brn\n|-damage|p1b: Arcanine|35\/100|[from] Recoil\n|-enditem|p1b: Arcanine|Sitrus Berry|[eat]\n|-heal|p1b: Arcanine|60\/100|[from] item: Sitrus Berry\n|move|p2b: Sinistcha|Matcha Gotcha|p1b: Arcanine|[spread] p1a\n|-miss|p2b: Sinistcha|p1b: Arcanine\n|-resisted|p1a: Wo-Chien\n|-damage|p1a: Wo-Chien|70\/100\n|-heal|p2b: Sinistcha|58\/100 brn|[from] drain|[of] p1a: Wo-Chien\n|move|p1a: Wo-Chien|Leech Seed|p2a: Grimmsnarl\n|-start|p2a: Grimmsnarl|move: Leech Seed\n|move|p2a: Grimmsnarl|Spirit Break|p1a: Wo-Chien\n|-supereffective|p1a: Wo-Chien\n|-damage|p1a: Wo-Chien|52\/100\n|-unboost|p1a: Wo-Chien|spa|1\n|\n|-damage|p2a: Grimmsnarl|88\/100|[from] Leech Seed|[of] p1a: Wo-Chien\n|-heal|p1a: Wo-Chien|69\/100|[silent]\n|-damage|p2b: Sinistcha|52\/100 brn|[from] brn\n|upkeep\n|turn|4\n|inactive|Jman4769 has 120 seconds left.\n|\n|t:|1699535038\n|switch|p1b: Sinistcha|Sinistcha-Masterpiece|100\/100\n|-heal|p1a: Wo-Chien|94\/100|[from] ability: Hospitality|[of] p1b: Sinistcha\n|switch|p2a: Toxapex|Toxapex, M|100\/100\n|move|p2b: Sinistcha|Protect|p2b: Sinistcha\n|-singleturn|p2b: Sinistcha|Protect\n|move|p1a: Wo-Chien|Pollen Puff|p2b: Sinistcha\n|-activate|p2b: Sinistcha|move: Protect\n|\n|-damage|p2b: Sinistcha|46\/100 brn|[from] brn\n|upkeep\n|turn|5\n|\n|t:|1699535060\n|move|p1a: Wo-Chien|Leech Seed|p2a: Toxapex\n|-start|p2a: Toxapex|move: Leech Seed\n|move|p1b: Sinistcha|Matcha Gotcha|p2a: Toxapex|[spread] p2a,p2b\n|-resisted|p2b: Sinistcha\n|-damage|p2a: Toxapex|91\/100\n|-damage|p2b: Sinistcha|36\/100 brn\n|move|p2b: Sinistcha|Matcha Gotcha|p1b: Sinistcha|[spread] p1a,p1b\n|-resisted|p1a: Wo-Chien\n|-resisted|p1b: Sinistcha\n|-damage|p1a: Wo-Chien|85\/100\n|-heal|p2b: Sinistcha|41\/100 brn|[from] drain|[of] p1a: Wo-Chien\n|-damage|p1b: Sinistcha|89\/100\n|-heal|p2b: Sinistcha|46\/100 brn|[from] drain|[of] p1b: Sinistcha\n|-status|p1b: Sinistcha|brn\n|move|p2a: Toxapex|Toxic|p1a: Wo-Chien\n|-status|p1a: Wo-Chien|tox\n|\n|-heal|p1b: Sinistcha|95\/100 brn|[from] item: Leftovers\n|-heal|p2a: Toxapex|97\/100|[from] item: Black Sludge\n|-damage|p2a: Toxapex|84\/100|[from] Leech Seed|[of] p1a: Wo-Chien\n|-heal|p1a: Wo-Chien|98\/100 tox|[silent]\n|-damage|p1a: Wo-Chien|92\/100 tox|[from] psn\n|-damage|p1b: Sinistcha|89\/100 brn|[from] brn\n|-damage|p2b: Sinistcha|40\/100 brn|[from] brn\n|-sideend|p2: Jman4769|move: Light Screen\n|upkeep\n|turn|6\n|\n|t:|1699535089\n|move|p2a: Toxapex|Baneful Bunker|p2a: Toxapex\n|-singleturn|p2a: Toxapex|move: Protect\n|move|p2b: Sinistcha|Hex|p1b: Sinistcha\n|-supereffective|p1b: Sinistcha\n|-damage|p1b: Sinistcha|0 fnt\n|faint|p1b: Sinistcha\n|move|p1a: Wo-Chien|Pollen Puff|p2b: Sinistcha\n|-damage|p2b: Sinistcha|29\/100 brn\n|\n|-heal|p2a: Toxapex|91\/100|[from] item: Black Sludge\n|-damage|p2a: Toxapex|78\/100|[from] Leech Seed|[of] p1a: Wo-Chien\n|-heal|p1a: Wo-Chien|100\/100 tox|[silent]\n|-damage|p1a: Wo-Chien|88\/100 tox|[from] psn\n|-damage|p2b: Sinistcha|23\/100 brn|[from] brn\n|upkeep\n|inactive|Zadom123 has 120 seconds left.\n|\n|t:|1699535104\n|switch|p1b: Flutter Mane|Flutter Mane|100\/100\n|-enditem|p1b: Flutter Mane|Booster Energy\n|-activate|p1b: Flutter Mane|ability: Protosynthesis|[fromitem]\n|-start|p1b: Flutter Mane|protosynthesisspa\n|turn|7\n|\n|t:|1699535117\n|switch|p2b: Gholdengo|Gholdengo|100\/100\n|move|p1b: Flutter Mane|Dazzling Gleam|p2b: Gholdengo|[spread] p2a,p2b\n|-resisted|p2a: Toxapex\n|-crit|p2a: Toxapex\n|-resisted|p2b: Gholdengo\n|-damage|p2a: Toxapex|55\/100\n|-damage|p2b: Gholdengo|74\/100\n|move|p1a: Wo-Chien|Giga Drain|p2a: Toxapex\n|-damage|p2a: Toxapex|48\/100\n|-heal|p1a: Wo-Chien|92\/100 tox|[from] drain|[of] p2a: Toxapex\n|move|p2a: Toxapex|Toxic|p1b: Flutter Mane\n|-status|p1b: Flutter Mane|tox\n|\n|-heal|p2a: Toxapex|54\/100|[from] item: Black Sludge\n|-damage|p2a: Toxapex|41\/100|[from] Leech Seed|[of] p1a: Wo-Chien\n|-heal|p1a: Wo-Chien|100\/100 tox|[silent]\n|-damage|p1b: Flutter Mane|95\/100 tox|[from] psn\n|-damage|p1a: Wo-Chien|82\/100 tox|[from] psn\n|upkeep\n|turn|8\n|\n|t:|1699535138\n|-end|p1b: Flutter Mane|Protosynthesis|[silent]\n|switch|p1b: Arcanine|Arcanine-Hisui, M|60\/100\n|-ability|p1b: Arcanine|Intimidate|boost\n|-unboost|p2a: Toxapex|atk|1\n|-unboost|p2b: Gholdengo|atk|1\n|move|p2b: Gholdengo|Make It Rain|p1a: Wo-Chien|[spread] p1a,p1b\n|-damage|p1a: Wo-Chien|35\/100 tox\n|-damage|p1b: Arcanine|0 fnt\n|-unboost|p2b: Gholdengo|spa|1\n|faint|p1b: Arcanine\n|-damage|p2b: Gholdengo|64\/100|[from] item: Life Orb\n|move|p1a: Wo-Chien|Leech Seed|p2b: Gholdengo\n|-immune|p2b: Gholdengo|[from] ability: Good as Gold\n|move|p2a: Toxapex|Recover|p2a: Toxapex\n|-heal|p2a: Toxapex|91\/100\n|\n|-heal|p2a: Toxapex|98\/100|[from] item: Black Sludge\n|-damage|p2a: Toxapex|85\/100|[from] Leech Seed|[of] p1a: Wo-Chien\n|-heal|p1a: Wo-Chien|48\/100 tox|[silent]\n|-damage|p1a: Wo-Chien|24\/100 tox|[from] psn\n|upkeep\n|inactive|Zadom123 has 120 seconds left.\n|\n|t:|1699535159\n|switch|p1b: Palafin|Palafin-Hero, F|100\/100\n|-activate|p1b: Palafin|ability: Zero to Hero\n|turn|9\n|\n|t:|1699535167\n|switch|p1a: Glimmora|Glimmora, M|100\/100\n|move|p1b: Palafin|Wave Crash|p2b: Gholdengo\n|-damage|p2b: Gholdengo|0 fnt\n|faint|p2b: Gholdengo\n|-damage|p1b: Palafin|81\/100|[from] Recoil\n|move|p2a: Toxapex|Toxic|p1b: Palafin\n|-status|p1b: Palafin|tox\n|\n|-heal|p2a: Toxapex|91\/100|[from] item: Black Sludge\n|-damage|p2a: Toxapex|79\/100|[from] Leech Seed|[of] p1a: Glimmora\n|-damage|p1b: Palafin|75\/100 tox|[from] psn\n|upkeep\n|\n|t:|1699535177\n|switch|p2b: Sinistcha|Sinistcha|23\/100 brn\n|-heal|p2a: Toxapex|100\/100|[from] ability: Hospitality|[of] p2b: Sinistcha\n|turn|10\n|\n|t:|1699535187\n|switch|p1b: Wo-Chien|Wo-Chien|24\/100 tox\n|-ability|p1b: Wo-Chien|Tablets of Ruin\n|-terastallize|p1a: Glimmora|Steel\n|move|p2a: Toxapex|Baneful Bunker|p2a: Toxapex\n|-singleturn|p2a: Toxapex|move: Protect\n|move|p1a: Glimmora|Dazzling Gleam|p2a: Toxapex|[spread] p2b\n|-activate|p2a: Toxapex|move: Protect\n|-damage|p2b: Sinistcha|2\/100 brn\n|move|p2b: Sinistcha|Hex|p1b: Wo-Chien\n|-resisted|p1b: Wo-Chien\n|-damage|p1b: Wo-Chien|6\/100 tox\n|\n|-damage|p2a: Toxapex|88\/100|[from] Leech Seed|[of] p1a: Glimmora\n|-damage|p1b: Wo-Chien|0 fnt|[from] psn\n|faint|p1b: Wo-Chien\n|-damage|p2b: Sinistcha|0 fnt|[from] brn\n|faint|p2b: Sinistcha\n|upkeep\n|\n|t:|1699535211\n|switch|p2b: Grimmsnarl|Grimmsnarl, M|88\/100\n|switch|p1b: Palafin|Palafin-Hero, F|75\/100 tox\n|turn|11\n|\n|t:|1699535229\n|move|p2b: Grimmsnarl|Parting Shot|p1b: Palafin\n|-unboost|p1b: Palafin|atk|1\n|-unboost|p1b: Palafin|spa|1\n|\n|t:|1699535232\n|switch|p2b: Conkeldurr|Conkeldurr, M|65\/100 brn|[from] Parting Shot\n|move|p1b: Palafin|Wave Crash|p2b: Conkeldurr\n|-damage|p2b: Conkeldurr|5\/100 brn\n|-damage|p1b: Palafin|51\/100 tox|[from] Recoil\n|move|p1a: Glimmora|Dazzling Gleam|p2a: Toxapex|[spread] p2a,p2b\n|-resisted|p2a: Toxapex\n|-crit|p2a: Toxapex\n|-supereffective|p2b: Conkeldurr\n|-damage|p2a: Toxapex|79\/100\n|-damage|p2b: Conkeldurr|0 fnt\n|faint|p2b: Conkeldurr\n|move|p2a: Toxapex|Iron Defense|p2a: Toxapex\n|-boost|p2a: Toxapex|def|2\n|\n|-heal|p2a: Toxapex|85\/100|[from] item: Black Sludge\n|-damage|p2a: Toxapex|73\/100|[from] Leech Seed|[of] p1a: Glimmora\n|-damage|p1b: Palafin|45\/100 tox|[from] psn\n|upkeep\n|\n|t:|1699535243\n|switch|p2b: Grimmsnarl|Grimmsnarl, M|88\/100\n|turn|12\n|\n|t:|1699535254\n|move|p2a: Toxapex|Baneful Bunker|p2a: Toxapex\n|-singleturn|p2a: Toxapex|move: Protect\n|move|p2b: Grimmsnarl|Parting Shot|p1b: Palafin\n|-unboost|p1b: Palafin|atk|1\n|-unboost|p1b: Palafin|spa|1\n|\n|t:|1699535266\n|switch|p2b: Chi-Yu|Chi-Yu|100\/100|[from] Parting Shot\n|-ability|p2b: Chi-Yu|Beads of Ruin\n|move|p1b: Palafin|Wave Crash|p2b: Chi-Yu\n|-supereffective|p2b: Chi-Yu\n|-damage|p2b: Chi-Yu|0 fnt\n|faint|p2b: Chi-Yu\n|-damage|p1b: Palafin|21\/100 tox|[from] Recoil\n|move|p1a: Glimmora|Mortal Spin|p2a: Toxapex\n|-activate|p2a: Toxapex|move: Protect\n|\n|-heal|p2a: Toxapex|79\/100|[from] item: Black Sludge\n|-damage|p2a: Toxapex|67\/100|[from] Leech Seed|[of] p1a: Glimmora\n|-damage|p1b: Palafin|8\/100 tox|[from] psn\n|upkeep\n|\n|t:|1699535276\n|switch|p2b: Grimmsnarl|Grimmsnarl, M|88\/100\n|turn|13\n|\n|t:|1699535285\n|move|p2b: Grimmsnarl|Light Screen|p2b: Grimmsnarl\n|-sidestart|p2: Jman4769|move: Light Screen\n|move|p1b: Palafin|Wave Crash|p2b: Grimmsnarl\n|-damage|p2b: Grimmsnarl|24\/100\n|-damage|p1b: Palafin|0 fnt|[from] Recoil\n|faint|p1b: Palafin\n|move|p1a: Glimmora|Mortal Spin|p2a: Toxapex|[spread] p2a,p2b\n|-resisted|p2a: Toxapex\n|-supereffective|p2b: Grimmsnarl\n|-damage|p2a: Toxapex|66\/100\n|-damage|p2b: Grimmsnarl|13\/100\n|move|p2a: Toxapex|Iron Defense|p2a: Toxapex\n|-boost|p2a: Toxapex|def|2\n|\n|-heal|p2a: Toxapex|72\/100|[from] item: Black Sludge\n|-damage|p2a: Toxapex|60\/100|[from] Leech Seed|[of] p1a: Glimmora\n|upkeep\n|\n|t:|1699535308\n|switch|p1b: Flutter Mane|Flutter Mane|95\/100 tox\n|turn|14\n|\n|t:|1699535322\n|move|p2a: Toxapex|Baneful Bunker|p2a: Toxapex\n|-singleturn|p2a: Toxapex|move: Protect\n|move|p2b: Grimmsnarl|Parting Shot|p1a: Glimmora\n|-unboost|p1a: Glimmora|atk|1\n|-unboost|p1a: Glimmora|spa|1\n|move|p1b: Flutter Mane|Dazzling Gleam|p2b: Grimmsnarl|[spread] p2b\n|-activate|p2a: Toxapex|move: Protect\n|-supereffective|p2b: Grimmsnarl\n|-damage|p2b: Grimmsnarl|0 fnt\n|faint|p2b: Grimmsnarl\n|move|p1a: Glimmora|Dazzling Gleam|p2a: Toxapex\n|-activate|p2a: Toxapex|move: Protect\n|\n|-heal|p2a: Toxapex|66\/100|[from] item: Black Sludge\n|-damage|p2a: Toxapex|53\/100|[from] Leech Seed|[of] p1a: Glimmora\n|-damage|p1b: Flutter Mane|89\/100 tox|[from] psn\n|upkeep\n|turn|15\n|\n|t:|1699535343\n|move|p1b: Flutter Mane|Dazzling Gleam|p2a: Toxapex\n|-resisted|p2a: Toxapex\n|-damage|p2a: Toxapex|43\/100\n|move|p1a: Glimmora|Dazzling Gleam|p2a: Toxapex\n|-resisted|p2a: Toxapex\n|-damage|p2a: Toxapex|40\/100\n|move|p2a: Toxapex|Recover|p2a: Toxapex\n|-heal|p2a: Toxapex|90\/100\n|\n|-heal|p2a: Toxapex|97\/100|[from] item: Black Sludge\n|-damage|p2a: Toxapex|84\/100|[from] Leech Seed|[of] p1a: Glimmora\n|-damage|p1b: Flutter Mane|77\/100 tox|[from] psn\n|upkeep\n|turn|16\n|\n|t:|1699535364\n|move|p2a: Toxapex|Baneful Bunker|p2a: Toxapex\n|-singleturn|p2a: Toxapex|move: Protect\n|move|p1b: Flutter Mane|Shadow Ball|p2a: Toxapex\n|-activate|p2a: Toxapex|move: Protect\n|move|p1a: Glimmora|Dazzling Gleam|p2a: Toxapex\n|-activate|p2a: Toxapex|move: Protect\n|\n|-heal|p2a: Toxapex|90\/100|[from] item: Black Sludge\n|-damage|p2a: Toxapex|78\/100|[from] Leech Seed|[of] p1a: Glimmora\n|-damage|p1b: Flutter Mane|59\/100 tox|[from] psn\n|upkeep\n|turn|17\n|inactive|Zadom123 has 120 seconds left.\n|\n|t:|1699535402\n|move|p1b: Flutter Mane|Shadow Ball|p2a: Toxapex\n|-damage|p2a: Toxapex|59\/100\n|move|p1a: Glimmora|Dazzling Gleam|p2a: Toxapex\n|-resisted|p2a: Toxapex\n|-damage|p2a: Toxapex|55\/100\n|move|p2a: Toxapex|Iron Defense|p2a: Toxapex\n|-boost|p2a: Toxapex|def|2\n|\n|-heal|p2a: Toxapex|61\/100|[from] item: Black Sludge\n|-damage|p2a: Toxapex|49\/100|[from] Leech Seed|[of] p1a: Glimmora\n|-damage|p1b: Flutter Mane|35\/100 tox|[from] psn\n|-sideend|p2: Jman4769|move: Light Screen\n|upkeep\n|turn|18\n|\n|t:|1699535418\n|move|p2a: Toxapex|Baneful Bunker|p2a: Toxapex\n|-singleturn|p2a: Toxapex|move: Protect\n|move|p1b: Flutter Mane|Dazzling Gleam|p2a: Toxapex\n|-activate|p2a: Toxapex|move: Protect\n|move|p1a: Glimmora|Dazzling Gleam|p2a: Toxapex\n|-activate|p2a: Toxapex|move: Protect\n|\n|-heal|p2a: Toxapex|55\/100|[from] item: Black Sludge\n|-damage|p2a: Toxapex|43\/100|[from] Leech Seed|[of] p1a: Glimmora\n|-damage|p1b: Flutter Mane|5\/100 tox|[from] psn\n|upkeep\n|turn|19\n|\n|t:|1699535433\n|move|p1b: Flutter Mane|Pain Split|p2a: Toxapex\n|-sethp|p2a: Toxapex|24\/100|[from] move: Pain Split|[silent]\n|-sethp|p1b: Flutter Mane|28\/100 tox|[from] move: Pain Split\n|move|p1a: Glimmora|Dazzling Gleam|p2a: Toxapex\n|-resisted|p2a: Toxapex\n|-crit|p2a: Toxapex\n|-damage|p2a: Toxapex|12\/100\n|move|p2a: Toxapex|Recover|p2a: Toxapex\n|-heal|p2a: Toxapex|62\/100\n|\n|-heal|p2a: Toxapex|68\/100|[from] item: Black Sludge\n|-damage|p2a: Toxapex|55\/100|[from] Leech Seed|[of] p1a: Glimmora\n|-damage|p1b: Flutter Mane|0 fnt|[from] psn\n|faint|p1b: Flutter Mane\n|-end|p1b: Flutter Mane|Protosynthesis|[silent]\n|upkeep\n|turn|20\n|\n|t:|1699535458\n|move|p1a: Glimmora|Dazzling Gleam|p2a: Toxapex\n|-resisted|p2a: Toxapex\n|-damage|p2a: Toxapex|51\/100\n|move|p2a: Toxapex|Recover|p2a: Toxapex\n|-heal|p2a: Toxapex|100\/100\n|\n|-damage|p2a: Toxapex|88\/100|[from] Leech Seed|[of] p1a: Glimmora\n|upkeep\n|turn|21\n|\n|t:|1699535471\n|move|p2a: Toxapex|Baneful Bunker|p2a: Toxapex\n|-singleturn|p2a: Toxapex|move: Protect\n|move|p1a: Glimmora|Dazzling Gleam|p2a: Toxapex\n|-activate|p2a: Toxapex|move: Protect\n|\n|-heal|p2a: Toxapex|94\/100|[from] item: Black Sludge\n|-damage|p2a: Toxapex|82\/100|[from] Leech Seed|[of] p1a: Glimmora\n|upkeep\n|turn|22\n|\n|t:|1699535481\n|move|p1a: Glimmora|Dazzling Gleam|p2a: Toxapex\n|-resisted|p2a: Toxapex\n|-damage|p2a: Toxapex|77\/100\n|move|p2a: Toxapex|Toxic|p1a: Glimmora\n|-immune|p1a: Glimmora\n|\n|-heal|p2a: Toxapex|83\/100|[from] item: Black Sludge\n|-damage|p2a: Toxapex|71\/100|[from] Leech Seed|[of] p1a: Glimmora\n|upkeep\n|turn|23\n|inactive|Zadom123 has 120 seconds left.\n|\n|t:|1699535516\n|move|p2a: Toxapex|Baneful Bunker|p2a: Toxapex\n|-singleturn|p2a: Toxapex|move: Protect\n|move|p1a: Glimmora|Dazzling Gleam|p2a: Toxapex\n|-activate|p2a: Toxapex|move: Protect\n|\n|-heal|p2a: Toxapex|77\/100|[from] item: Black Sludge\n|-damage|p2a: Toxapex|64\/100|[from] Leech Seed|[of] p1a: Glimmora\n|upkeep\n|turn|24\n|\n|t:|1699535530\n|move|p1a: Glimmora|Dazzling Gleam|p2a: Toxapex\n|-resisted|p2a: Toxapex\n|-damage|p2a: Toxapex|59\/100\n|move|p2a: Toxapex|Iron Defense|p2a: Toxapex\n|-boost|p2a: Toxapex|def|0\n|\n|-heal|p2a: Toxapex|66\/100|[from] item: Black Sludge\n|-damage|p2a: Toxapex|53\/100|[from] Leech Seed|[of] p1a: Glimmora\n|upkeep\n|turn|25\n|inactive|Zadom123 has 120 seconds left.\n|\n|t:|1699535572\n|move|p1a: Glimmora|Dazzling Gleam|p2a: Toxapex\n|-resisted|p2a: Toxapex\n|-damage|p2a: Toxapex|48\/100\n|move|p2a: Toxapex|Recover|p2a: Toxapex\n|-heal|p2a: Toxapex|98\/100\n|\n|-heal|p2a: Toxapex|100\/100|[from] item: Black Sludge\n|-damage|p2a: Toxapex|88\/100|[from] Leech Seed|[of] p1a: Glimmora\n|upkeep\n|turn|26\n|inactive|Zadom123 has 120 seconds left.\n|\n|t:|1699535596\n|move|p1a: Glimmora|Dazzling Gleam|p2a: Toxapex\n|-resisted|p2a: Toxapex\n|-damage|p2a: Toxapex|83\/100\n|move|p2a: Toxapex|Toxic|p1a: Glimmora\n|-immune|p1a: Glimmora\n|\n|-heal|p2a: Toxapex|90\/100|[from] item: Black Sludge\n|-damage|p2a: Toxapex|77\/100|[from] Leech Seed|[of] p1a: Glimmora\n|upkeep\n|turn|27\n|\n|t:|1699535606\n|move|p1a: Glimmora|Dazzling Gleam|p2a: Toxapex\n|-resisted|p2a: Toxapex\n|-damage|p2a: Toxapex|73\/100\n|move|p2a: Toxapex|Toxic|p1a: Glimmora\n|-immune|p1a: Glimmora\n|\n|-heal|p2a: Toxapex|79\/100|[from] item: Black Sludge\n|-damage|p2a: Toxapex|66\/100|[from] Leech Seed|[of] p1a: Glimmora\n|upkeep\n|turn|28\n|\n|t:|1699535629\n|move|p1a: Glimmora|Spiky Shield|p1a: Glimmora\n|-singleturn|p1a: Glimmora|move: Protect\n|move|p2a: Toxapex|Baneful Bunker||[still]\n|-fail|p2a: Toxapex\n|\n|-heal|p2a: Toxapex|73\/100|[from] item: Black Sludge\n|-damage|p2a: Toxapex|60\/100|[from] Leech Seed|[of] p1a: Glimmora\n|upkeep\n|turn|29\n|\n|t:|1699535638\n|move|p1a: Glimmora|Mortal Spin|p2a: Toxapex\n|-resisted|p2a: Toxapex\n|-damage|p2a: Toxapex|60\/100\n|move|p2a: Toxapex|Iron Defense|p2a: Toxapex\n|-boost|p2a: Toxapex|def|0\n|\n|-heal|p2a: Toxapex|66\/100|[from] item: Black Sludge\n|-damage|p2a: Toxapex|53\/100|[from] Leech Seed|[of] p1a: Glimmora\n|upkeep\n|turn|30\n|\n|t:|1699535652\n|move|p1a: Glimmora|Spiky Shield|p1a: Glimmora\n|-singleturn|p1a: Glimmora|move: Protect\n|move|p2a: Toxapex|Iron Defense|p2a: Toxapex\n|-boost|p2a: Toxapex|def|0\n|\n|-heal|p2a: Toxapex|60\/100|[from] item: Black Sludge\n|-damage|p2a: Toxapex|47\/100|[from] Leech Seed|[of] p1a: Glimmora\n|upkeep\n|turn|31\n|\n|t:|1699535671\n|move|p1a: Glimmora|Mortal Spin|p2a: Toxapex\n|-resisted|p2a: Toxapex\n|-damage|p2a: Toxapex|47\/100\n|move|p2a: Toxapex|Recover|p2a: Toxapex\n|-heal|p2a: Toxapex|97\/100\n|\n|-heal|p2a: Toxapex|100\/100|[from] item: Black Sludge\n|-damage|p2a: Toxapex|88\/100|[from] Leech Seed|[of] p1a: Glimmora\n|upkeep\n|turn|32\n|\n|t:|1699535683\n|move|p1a: Glimmora|Mortal Spin|p2a: Toxapex\n|-resisted|p2a: Toxapex\n|-damage|p2a: Toxapex|88\/100\n|move|p2a: Toxapex|Toxic|p1a: Glimmora\n|-immune|p1a: Glimmora\n|\n|-heal|p2a: Toxapex|94\/100|[from] item: Black Sludge\n|-damage|p2a: Toxapex|81\/100|[from] Leech Seed|[of] p1a: Glimmora\n|upkeep\n|turn|33\n|\n|t:|1699535692\n|move|p1a: Glimmora|Spiky Shield|p1a: Glimmora\n|-singleturn|p1a: Glimmora|move: Protect\n|move|p2a: Toxapex|Iron Defense|p2a: Toxapex\n|-boost|p2a: Toxapex|def|0\n|\n|-heal|p2a: Toxapex|88\/100|[from] item: Black Sludge\n|-damage|p2a: Toxapex|75\/100|[from] Leech Seed|[of] p1a: Glimmora\n|upkeep\n|turn|34\n|\n|t:|1699535704\n|move|p1a: Glimmora|Mortal Spin|p2a: Toxapex\n|-resisted|p2a: Toxapex\n|-damage|p2a: Toxapex|75\/100\n|move|p2a: Toxapex|Toxic|p1a: Glimmora\n|-immune|p1a: Glimmora\n|\n|-heal|p2a: Toxapex|81\/100|[from] item: Black Sludge\n|-damage|p2a: Toxapex|69\/100|[from] Leech Seed|[of] p1a: Glimmora\n|upkeep\n|turn|35\n|\n|t:|1699535716\n|move|p1a: Glimmora|Spiky Shield|p1a: Glimmora\n|-singleturn|p1a: Glimmora|move: Protect\n|move|p2a: Toxapex|Toxic|p1a: Glimmora\n|-activate|p1a: Glimmora|move: Protect\n|\n|-heal|p2a: Toxapex|75\/100|[from] item: Black Sludge\n|-damage|p2a: Toxapex|62\/100|[from] Leech Seed|[of] p1a: Glimmora\n|upkeep\n|turn|36\n|\n|t:|1699535730\n|move|p1a: Glimmora|Mortal Spin|p2a: Toxapex\n|-resisted|p2a: Toxapex\n|-damage|p2a: Toxapex|62\/100\n|move|p2a: Toxapex|Iron Defense|p2a: Toxapex\n|-boost|p2a: Toxapex|def|0\n|\n|-heal|p2a: Toxapex|68\/100|[from] item: Black Sludge\n|-damage|p2a: Toxapex|56\/100|[from] Leech Seed|[of] p1a: Glimmora\n|upkeep\n|turn|37\n|\n|t:|1699535743\n|move|p1a: Glimmora|Mortal Spin|p2a: Toxapex\n|-resisted|p2a: Toxapex\n|-damage|p2a: Toxapex|55\/100\n|move|p2a: Toxapex|Iron Defense|p2a: Toxapex\n|-boost|p2a: Toxapex|def|0\n|\n|-heal|p2a: Toxapex|62\/100|[from] item: Black Sludge\n|-damage|p2a: Toxapex|49\/100|[from] Leech Seed|[of] p1a: Glimmora\n|upkeep\n|turn|38\n|\n|t:|1699535752\n|move|p1a: Glimmora|Spiky Shield|p1a: Glimmora\n|-singleturn|p1a: Glimmora|move: Protect\n|move|p2a: Toxapex|Recover|p2a: Toxapex\n|-heal|p2a: Toxapex|99\/100\n|\n|-heal|p2a: Toxapex|100\/100|[from] item: Black Sludge\n|-damage|p2a: Toxapex|88\/100|[from] Leech Seed|[of] p1a: Glimmora\n|upkeep\n|turn|39\n|\n|t:|1699535771\n|move|p1a: Glimmora|Spikes|p2a: Toxapex\n|-sidestart|p2: Jman4769|Spikes\n|move|p2a: Toxapex|Toxic|p1a: Glimmora\n|-immune|p1a: Glimmora\n|\n|-heal|p2a: Toxapex|94\/100|[from] item: Black Sludge\n|-damage|p2a: Toxapex|82\/100|[from] Leech Seed|[of] p1a: Glimmora\n|upkeep\n|turn|40\n|\n|t:|1699535786\n|move|p1a: Glimmora|Mortal Spin|p2a: Toxapex\n|-resisted|p2a: Toxapex\n|-damage|p2a: Toxapex|81\/100\n|move|p2a: Toxapex|Iron Defense|p2a: Toxapex\n|-boost|p2a: Toxapex|def|0\n|\n|-heal|p2a: Toxapex|88\/100|[from] item: Black Sludge\n|-damage|p2a: Toxapex|75\/100|[from] Leech Seed|[of] p1a: Glimmora\n|upkeep\n|turn|41\n|\n|t:|1699535804\n|move|p1a: Glimmora|Spiky Shield|p1a: Glimmora\n|-singleturn|p1a: Glimmora|move: Protect\n|move|p2a: Toxapex|Iron Defense|p2a: Toxapex\n|-boost|p2a: Toxapex|def|0\n|\n|-heal|p2a: Toxapex|81\/100|[from] item: Black Sludge\n|-damage|p2a: Toxapex|69\/100|[from] Leech Seed|[of] p1a: Glimmora\n|upkeep\n|turn|42\n|\n|t:|1699535812\n|move|p1a: Glimmora|Mortal Spin|p2a: Toxapex\n|-resisted|p2a: Toxapex\n|-damage|p2a: Toxapex|69\/100\n|move|p2a: Toxapex|Iron Defense|p2a: Toxapex\n|-boost|p2a: Toxapex|def|0\n|\n|-heal|p2a: Toxapex|75\/100|[from] item: Black Sludge\n|-damage|p2a: Toxapex|62\/100|[from] Leech Seed|[of] p1a: Glimmora\n|upkeep\n|turn|43\n|\n|t:|1699535826\n|move|p1a: Glimmora|Spiky Shield|p1a: Glimmora\n|-singleturn|p1a: Glimmora|move: Protect\n|move|p2a: Toxapex|Toxic|p1a: Glimmora\n|-activate|p1a: Glimmora|move: Protect\n|\n|-heal|p2a: Toxapex|69\/100|[from] item: Black Sludge\n|-damage|p2a: Toxapex|56\/100|[from] Leech Seed|[of] p1a: Glimmora\n|upkeep\n|turn|44\n|\n|t:|1699535835\n|move|p1a: Glimmora|Mortal Spin|p2a: Toxapex\n|-resisted|p2a: Toxapex\n|-damage|p2a: Toxapex|56\/100\n|move|p2a: Toxapex|Toxic|p1a: Glimmora\n|-immune|p1a: Glimmora\n|\n|-heal|p2a: Toxapex|62\/100|[from] item: Black Sludge\n|-damage|p2a: Toxapex|50\/100|[from] Leech Seed|[of] p1a: Glimmora\n|upkeep\n|turn|45\n|\n|t:|1699535843\n|move|p1a: Glimmora|Spiky Shield|p1a: Glimmora\n|-singleturn|p1a: Glimmora|move: Protect\n|move|p2a: Toxapex|Baneful Bunker||[still]\n|-fail|p2a: Toxapex\n|\n|-heal|p2a: Toxapex|56\/100|[from] item: Black Sludge\n|-damage|p2a: Toxapex|43\/100|[from] Leech Seed|[of] p1a: Glimmora\n|upkeep\n|turn|46\n|\n|t:|1699535869\n|move|p1a: Glimmora|Mortal Spin|p2a: Toxapex\n|-resisted|p2a: Toxapex\n|-damage|p2a: Toxapex|43\/100\n|move|p2a: Toxapex|Iron Defense|p2a: Toxapex\n|-boost|p2a: Toxapex|def|0\n|\n|-heal|p2a: Toxapex|49\/100|[from] item: Black Sludge\n|-damage|p2a: Toxapex|37\/100|[from] Leech Seed|[of] p1a: Glimmora\n|upkeep\n|turn|47\n|\n|t:|1699535879\n|move|p1a: Glimmora|Spiky Shield|p1a: Glimmora\n|-singleturn|p1a: Glimmora|move: Protect\n|move|p2a: Toxapex|Recover|p2a: Toxapex\n|-heal|p2a: Toxapex|87\/100\n|\n|-heal|p2a: Toxapex|93\/100|[from] item: Black Sludge\n|-damage|p2a: Toxapex|80\/100|[from] Leech Seed|[of] p1a: Glimmora\n|upkeep\n|turn|48\n|\n|t:|1699535888\n|move|p1a: Glimmora|Mortal Spin|p2a: Toxapex\n|-resisted|p2a: Toxapex\n|-damage|p2a: Toxapex|80\/100\n|move|p2a: Toxapex|Toxic|p1a: Glimmora\n|-immune|p1a: Glimmora\n|\n|-heal|p2a: Toxapex|86\/100|[from] item: Black Sludge\n|-damage|p2a: Toxapex|74\/100|[from] Leech Seed|[of] p1a: Glimmora\n|upkeep\n|turn|49\n|inactive|Jman4769 has 120 seconds left.\n|\n|t:|1699535919\n|move|p1a: Glimmora|Spiky Shield|p1a: Glimmora\n|-singleturn|p1a: Glimmora|move: Protect\n|move|p2a: Toxapex|Iron Defense|p2a: Toxapex\n|-boost|p2a: Toxapex|def|0\n|\n|-heal|p2a: Toxapex|80\/100|[from] item: Black Sludge\n|-damage|p2a: Toxapex|68\/100|[from] Leech Seed|[of] p1a: Glimmora\n|upkeep\n|turn|50\n|\n|t:|1699535928\n|move|p1a: Glimmora|Mortal Spin|p2a: Toxapex\n|-resisted|p2a: Toxapex\n|-damage|p2a: Toxapex|67\/100\n|move|p2a: Toxapex|Iron Defense|p2a: Toxapex\n|-boost|p2a: Toxapex|def|0\n|\n|-heal|p2a: Toxapex|74\/100|[from] item: Black Sludge\n|-damage|p2a: Toxapex|61\/100|[from] Leech Seed|[of] p1a: Glimmora\n|upkeep\n|turn|51\n|\n|t:|1699535942\n|move|p1a: Glimmora|Spiky Shield|p1a: Glimmora\n|-singleturn|p1a: Glimmora|move: Protect\n|move|p2a: Toxapex|Toxic|p1a: Glimmora\n|-activate|p1a: Glimmora|move: Protect\n|\n|-heal|p2a: Toxapex|67\/100|[from] item: Black Sludge\n|-damage|p2a: Toxapex|55\/100|[from] Leech Seed|[of] p1a: Glimmora\n|upkeep\n|turn|52\n|\n|t:|1699535955\n|move|p2a: Toxapex|Baneful Bunker|p2a: Toxapex\n|-singleturn|p2a: Toxapex|move: Protect\n|move|p1a: Glimmora|Mortal Spin|p2a: Toxapex\n|-activate|p2a: Toxapex|move: Protect\n|\n|-heal|p2a: Toxapex|61\/100|[from] item: Black Sludge\n|-damage|p2a: Toxapex|49\/100|[from] Leech Seed|[of] p1a: Glimmora\n|upkeep\n|turn|53\n|\n|t:|1699535972\n|move|p1a: Glimmora|Spiky Shield|p1a: Glimmora\n|-singleturn|p1a: Glimmora|move: Protect\n|move|p2a: Toxapex|Toxic|p1a: Glimmora\n|-activate|p1a: Glimmora|move: Protect\n|\n|-heal|p2a: Toxapex|55\/100|[from] item: Black Sludge\n|-damage|p2a: Toxapex|42\/100|[from] Leech Seed|[of] p1a: Glimmora\n|upkeep\n|turn|54\n|\n|t:|1699535980\n|move|p1a: Glimmora|Mortal Spin|p2a: Toxapex\n|-resisted|p2a: Toxapex\n|-damage|p2a: Toxapex|42\/100\n|move|p2a: Toxapex|Toxic|p1a: Glimmora\n|-immune|p1a: Glimmora\n|\n|-heal|p2a: Toxapex|48\/100|[from] item: Black Sludge\n|-damage|p2a: Toxapex|36\/100|[from] Leech Seed|[of] p1a: Glimmora\n|upkeep\n|turn|55\n|l|\u2606Jman4769\n|inactive|Jman4769 disconnected and has a minute to reconnect!\n|player|p2|\n|\n|t:|1699535993\n|move|p1a: Glimmora|Spiky Shield|p1a: Glimmora\n|-singleturn|p1a: Glimmora|move: Protect\n|move|p2a: Toxapex|Iron Defense|p2a: Toxapex\n|-boost|p2a: Toxapex|def|0\n|\n|-heal|p2a: Toxapex|42\/100|[from] item: Black Sludge\n|-damage|p2a: Toxapex|29\/100|[from] Leech Seed|[of] p1a: Glimmora\n|upkeep\n|turn|56\n|inactive|Jman4769 has 30 seconds to reconnect!\n|inactive|Jman4769 has 20 seconds to reconnect!\n|inactive|Jman4769 has 15 seconds to reconnect!\n|inactive|Jman4769 has 10 seconds to reconnect!\n|inactive|Jman4769 has 5 seconds to reconnect!\n|-message|Jman4769 lost due to inactivity.\n|\n|win|Zadom123\n|raw|Zadom123's rating: 1170 &rarr; <strong>1197<\/strong><br \/>(+27 for winning)\n|raw|Jman4769's rating: 1192 &rarr; <strong>1165<\/strong><br \/>(-27 for losing)\n","uploadtime":1699536060,"views":36,"p1id":"zadom123","p2id":"jman4769","formatid":"gen9doublesou","rating":1165,"private":0,"password":""}