{"id":"gen9doublesou-1992862638","p1":"NightShadeTanooki","p2":"bigbranonbampus","format":"[Gen 9] Doubles OU","log":"|j|\u2606NightShadeTanooki\n|j|\u2606bigbranonbampus\n|t:|1700241919\n|gametype|doubles\n|player|p1|NightShadeTanooki|guitarist|1202\n|player|p2|bigbranonbampus|hiker|1153\n|teamsize|p1|6\n|teamsize|p2|6\n|gen|9\n|tier|[Gen 9] Doubles OU\n|rated|\n|rule|Species Clause: Limit one of each Pok\u00e9mon\n|rule|OHKO Clause: OHKO moves are banned\n|rule|Evasion Moves Clause: Evasion moves are banned\n|rule|Gravity Sleep Clause: The combination of sleep-inducing moves with imperfect accuracy and Gravity or Gigantamax Orbeetle are banned\n|rule|Endless Battle Clause: Forcing endless battles is banned\n|rule|HP Percentage Mod: HP is shown in percentages\n|clearpoke\n|poke|p1|Tinkaton, F|\n|poke|p1|Milotic, M|\n|poke|p1|Dragapult, F|\n|poke|p1|Tyranitar, M|\n|poke|p1|Farigiraf, F|\n|poke|p1|Corviknight, F|\n|poke|p2|Sneasler, F|\n|poke|p2|Scream Tail|\n|poke|p2|Ninetales, F|\n|poke|p2|Baxcalibur, F|\n|poke|p2|Ogerpon-Cornerstone, F|\n|poke|p2|Ceruledge, M|\n|teampreview\n|inactive|Battle timer is ON: inactive players will automatically lose when time's up. (requested by bigbranonbampus)\n|inactive|NightShadeTanooki has 120 seconds left.\n|inactive|bigbranonbampus has 120 seconds left.\n|\n|t:|1700241959\n|start\n|switch|p1a: Tinkaton|Tinkaton, F|100\/100\n|switch|p1b: Milotic|Milotic, M, shiny|100\/100\n|switch|p2a: Sneasler|Sneasler, F|100\/100\n|switch|p2b: Ogerpon|Ogerpon-Cornerstone, F|100\/100\n|turn|1\n|\n|t:|1700241987\n|switch|p1b: Corviknight|Corviknight, F, shiny|100\/100\n|move|p2a: Sneasler|Fake Out|p1a: Tinkaton\n|-resisted|p1a: Tinkaton\n|-damage|p1a: Tinkaton|92\/100\n|move|p2b: Ogerpon|Trailblaze|p1b: Corviknight\n|-resisted|p1b: Corviknight\n|-damage|p1b: Corviknight|94\/100\n|-boost|p2b: Ogerpon|spe|1\n|cant|p1a: Tinkaton|flinch\n|\n|upkeep\n|turn|2\n|inactive|bigbranonbampus has 120 seconds left.\n|\n|t:|1700242020\n|move|p2b: Ogerpon|Ivy Cudgel|p1b: Corviknight|[anim] Ivy Cudgel Rock\n|-damage|p1b: Corviknight|45\/100\n|move|p2a: Sneasler|Close Combat|p1b: Corviknight\n|-damage|p1b: Corviknight|0 fnt\n|-unboost|p2a: Sneasler|def|1\n|-unboost|p2a: Sneasler|spd|1\n|faint|p1b: Corviknight\n|move|p1a: Tinkaton|Gigaton Hammer|p2b: Ogerpon\n|-supereffective|p2b: Ogerpon\n|-ability|p2b: Ogerpon|Sturdy\n|-damage|p2b: Ogerpon|1\/100\n|\n|upkeep\n|inactive|NightShadeTanooki has 120 seconds left.\n|\n|t:|1700242038\n|switch|p1b: Farigiraf|Farigiraf, F, shiny|100\/100\n|turn|3\n|inactive|NightShadeTanooki has 120 seconds left.\n|\n|t:|1700242060\n|move|p2b: Ogerpon|Ivy Cudgel|p1b: Farigiraf|[anim] Ivy Cudgel Rock\n|-damage|p1b: Farigiraf|42\/100\n|move|p2a: Sneasler|Night Slash|p1b: Farigiraf\n|-supereffective|p1b: Farigiraf\n|-damage|p1b: Farigiraf|0 fnt\n|faint|p1b: Farigiraf\n|move|p1a: Tinkaton|Brick Break|p2b: Ogerpon\n|-supereffective|p2b: Ogerpon\n|-damage|p2b: Ogerpon|0 fnt\n|faint|p2b: Ogerpon\n|\n|upkeep\n|\n|t:|1700242073\n|switch|p2b: Scream Tail|Scream Tail|100\/100\n|switch|p1b: Dragapult|Dragapult, F, shiny|100\/100\n|turn|4\n|\n|t:|1700242090\n|switch|p2a: Ninetales|Ninetales, F|100\/100\n|-weather|SunnyDay|[from] ability: Drought|[of] p2a: Ninetales\n|-activate|p2b: Scream Tail|ability: Protosynthesis\n|-start|p2b: Scream Tail|protosynthesisspe\n|move|p2b: Scream Tail|Protect|p2b: Scream Tail\n|-singleturn|p2b: Scream Tail|Protect\n|move|p1b: Dragapult|Dragon Pulse|p2a: Ninetales\n|-damage|p2a: Ninetales|59\/100\n|move|p1a: Tinkaton|Gigaton Hammer|p2b: Scream Tail\n|-activate|p2b: Scream Tail|move: Protect\n|\n|-weather|SunnyDay|[upkeep]\n|upkeep\n|turn|5\n|\n|t:|1700242114\n|-end|p2b: Scream Tail|Protosynthesis|[silent]\n|switch|p2b: Ceruledge|Ceruledge, M|100\/100\n|switch|p1a: Tyranitar|Tyranitar, M|100\/100\n|-weather|Sandstorm|[from] ability: Sand Stream|[of] p1a: Tyranitar\n|move|p1b: Dragapult|Shadow Ball|p2b: Ceruledge\n|-supereffective|p2b: Ceruledge\n|-damage|p2b: Ceruledge|5\/100\n|move|p2a: Ninetales|Overheat|p1a: Tyranitar\n|-resisted|p1a: Tyranitar\n|-damage|p1a: Tyranitar|91\/100\n|-unboost|p2a: Ninetales|spa|2\n|\n|-weather|Sandstorm|[upkeep]\n|-damage|p1b: Dragapult|95\/100|[from] Sandstorm\n|-damage|p2a: Ninetales|53\/100|[from] Sandstorm\n|-damage|p2b: Ceruledge|0 fnt|[from] Sandstorm\n|faint|p2b: Ceruledge\n|upkeep\n|inactive|bigbranonbampus has 120 seconds left.\n|\n|t:|1700242132\n|switch|p2b: Baxcalibur|Baxcalibur, F|100\/100\n|turn|6\n|\n|t:|1700242144\n|move|p2a: Ninetales|Protect|p2a: Ninetales\n|-singleturn|p2a: Ninetales|Protect\n|move|p2b: Baxcalibur|Ice Shard|p1b: Dragapult\n|-supereffective|p1b: Dragapult\n|-damage|p1b: Dragapult|28\/100\n|move|p1b: Dragapult|Dragon Pulse|p2b: Baxcalibur\n|-supereffective|p2b: Baxcalibur\n|-damage|p2b: Baxcalibur|3\/100\n|move|p1a: Tyranitar|Rock Slide|p2a: Ninetales|[spread] p2b\n|-activate|p2a: Ninetales|move: Protect\n|-supereffective|p2b: Baxcalibur\n|-damage|p2b: Baxcalibur|0 fnt\n|faint|p2b: Baxcalibur\n|\n|-weather|Sandstorm|[upkeep]\n|-damage|p1b: Dragapult|23\/100|[from] Sandstorm\n|-damage|p2a: Ninetales|47\/100|[from] Sandstorm\n|upkeep\n|\n|t:|1700242152\n|switch|p2b: Sneasler|Sneasler, F|100\/100\n|turn|7\n|\n|t:|1700242171\n|switch|p2a: Scream Tail|Scream Tail|100\/100\n|move|p1b: Dragapult|Shadow Ball|p2b: Sneasler\n|-damage|p2b: Sneasler|47\/100\n|move|p2b: Sneasler|Close Combat|p1a: Tyranitar\n|-supereffective|p1a: Tyranitar\n|-damage|p1a: Tyranitar|0 fnt\n|-unboost|p2b: Sneasler|def|1\n|-unboost|p2b: Sneasler|spd|1\n|faint|p1a: Tyranitar\n|\n|-weather|Sandstorm|[upkeep]\n|-damage|p1b: Dragapult|17\/100|[from] Sandstorm\n|-damage|p2b: Sneasler|41\/100|[from] Sandstorm\n|-damage|p2a: Scream Tail|94\/100|[from] Sandstorm\n|-heal|p2a: Scream Tail|100\/100|[from] item: Leftovers\n|upkeep\n|inactive|NightShadeTanooki has 120 seconds left.\n|\n|t:|1700242202\n|switch|p1a: Tinkaton|Tinkaton, F|92\/100\n|turn|8\n|\n|t:|1700242219\n|switch|p2b: Ninetales|Ninetales, F|47\/100\n|-weather|SunnyDay|[from] ability: Drought|[of] p2b: Ninetales\n|-activate|p2a: Scream Tail|ability: Protosynthesis\n|-start|p2a: Scream Tail|protosynthesisspe\n|move|p2a: Scream Tail|Dazzling Gleam|p1a: Tinkaton|[spread] p1a,p1b\n|-resisted|p1a: Tinkaton\n|-supereffective|p1b: Dragapult\n|-damage|p1a: Tinkaton|86\/100\n|-damage|p1b: Dragapult|0 fnt\n|faint|p1b: Dragapult\n|move|p1a: Tinkaton|Play Rough|p2b: Ninetales\n|-resisted|p2b: Ninetales\n|-damage|p2b: Ninetales|24\/100\n|\n|-weather|SunnyDay|[upkeep]\n|upkeep\n|\n|t:|1700242234\n|switch|p1b: Milotic|Milotic, M, shiny|100\/100\n|turn|9\n|\n|t:|1700242245\n|move|p2a: Scream Tail|Wish|p2a: Scream Tail\n|move|p2b: Ninetales|Overheat|p1a: Tinkaton\n|-supereffective|p1a: Tinkaton\n|-damage|p1a: Tinkaton|0 fnt\n|-unboost|p2b: Ninetales|spa|2\n|faint|p1a: Tinkaton\n|move|p1b: Milotic|Scald|p2b: Ninetales\n|-supereffective|p2b: Ninetales\n|-damage|p2b: Ninetales|0 fnt\n|faint|p2b: Ninetales\n|\n|-weather|SunnyDay|[upkeep]\n|upkeep\n|\n|t:|1700242254\n|switch|p2b: Sneasler|Sneasler, F|41\/100\n|turn|10\n|\n|t:|1700242273\n|move|p2b: Sneasler|Fake Out|p1b: Milotic\n|-damage|p1b: Milotic|85\/100\n|-status|p1b: Milotic|psn|[from] ability: Poison Touch|[of] p2b: Sneasler\n|move|p2a: Scream Tail|Howl|p2a: Scream Tail|[spread] p2a,p2b\n|-boost|p2a: Scream Tail|atk|1\n|-boost|p2b: Sneasler|atk|1\n|cant|p1b: Milotic|flinch\n|\n|-weather|SunnyDay|[upkeep]\n|-damage|p1b: Milotic|73\/100 psn|[from] psn\n|upkeep\n|turn|11\n|\n|t:|1700242287\n|-terastallize|p1b: Milotic|Dragon\n|move|p2a: Scream Tail|Howl|p2a: Scream Tail|[spread] p2a,p2b\n|-boost|p2a: Scream Tail|atk|1\n|-boost|p2b: Sneasler|atk|1\n|move|p2b: Sneasler|Close Combat|p1b: Milotic\n|-damage|p1b: Milotic|0 fnt\n|-unboost|p2b: Sneasler|def|1\n|-unboost|p2b: Sneasler|spd|1\n|faint|p1b: Milotic\n|\n|win|bigbranonbampus\n|raw|NightShadeTanooki's rating: 1202 &rarr; <strong>1173<\/strong><br \/>(-29 for losing)\n|raw|bigbranonbampus's rating: 1153 &rarr; <strong>1182<\/strong><br \/>(+29 for winning)\n|c|\u2606NightShadeTanooki|Gg\n|c|\u2606bigbranonbampus|Gg\n|l|\u2606NightShadeTanooki\n","uploadtime":1700242308,"views":32,"p1id":"nightshadetanooki","p2id":"bigbranonbampus","formatid":"gen9doublesou","rating":1173,"private":0,"password":""}