{"id":"gen9doublesou-1998662092","p1":"LikeTheDish","p2":"HI6385","format":"[Gen 9] Doubles OU","log":"|j|\u2606LikeTheDish\n|j|\u2606HI6385\n|t:|1700969154\n|gametype|doubles\n|player|p1|LikeTheDish|102|1000\n|player|p2|HI6385|lucas|1048\n|teamsize|p1|6\n|teamsize|p2|6\n|gen|9\n|tier|[Gen 9] Doubles OU\n|rated|\n|rule|Species Clause: Limit one of each Pok\u00e9mon\n|rule|OHKO Clause: OHKO moves are banned\n|rule|Evasion Moves Clause: Evasion moves are banned\n|rule|Gravity Sleep Clause: The combination of sleep-inducing moves with imperfect accuracy and Gravity or Gigantamax Orbeetle are banned\n|rule|Endless Battle Clause: Forcing endless battles is banned\n|rule|HP Percentage Mod: HP is shown in percentages\n|clearpoke\n|poke|p1|Arboliva, M|\n|poke|p1|Dudunsparce-*, M|\n|poke|p1|Lucario, M|\n|poke|p1|Ursaluna-Bloodmoon, M|\n|poke|p1|Arcanine-Hisui, M|\n|poke|p1|Iron Thorns|\n|poke|p2|Amoonguss, F|\n|poke|p2|Baxcalibur, M|\n|poke|p2|Iron Hands|\n|poke|p2|Armarouge, M|\n|poke|p2|Flutter Mane|\n|poke|p2|Torkoal, M|\n|teampreview\n|\n|t:|1700969169\n|start\n|switch|p1a: Arboliva|Arboliva, M|100\/100\n|switch|p1b: Lucario|Lucario, M|100\/100\n|switch|p2a: Amoonguss|Amoonguss, F|100\/100\n|switch|p2b: Flutter Mane|Flutter Mane|100\/100\n|turn|1\n|\n|t:|1700969182\n|move|p2b: Flutter Mane|Dazzling Gleam|p1b: Lucario|[spread] p1a,p1b\n|-damage|p1a: Arboliva|73\/100\n|-damage|p1b: Lucario|50\/100\n|move|p1b: Lucario|Meteor Mash|p2b: Flutter Mane|[miss]\n|-miss|p1b: Lucario|p2b: Flutter Mane\n|move|p2a: Amoonguss|Spore|p1a: Arboliva\n|-immune|p1a: Arboliva\n|move|p1a: Arboliva|Fling|p1b: Lucario\n|-resisted|p1b: Lucario\n|-damage|p1b: Lucario|49\/100\n|-boost|p1b: Lucario|spe|1|[from] item: Salac Berry\n|-ability|p1b: Lucario|Justified|boost\n|-boost|p1b: Lucario|atk|1\n|-enditem|p1a: Arboliva|Salac Berry|[from] move: Fling\n|\n|-item|p1a: Arboliva|Salac Berry|[from] ability: Harvest\n|upkeep\n|turn|2\n|\n|t:|1700969206\n|switch|p2a: Armarouge|Armarouge, M|100\/100\n|move|p1b: Lucario|Meteor Mash|p2b: Flutter Mane\n|-supereffective|p2b: Flutter Mane\n|-damage|p2b: Flutter Mane|0 fnt\n|-boost|p1b: Lucario|atk|1\n|-damage|p1b: Lucario|33\/100|[from] item: Rocky Helmet|[of] p2b: Flutter Mane\n|faint|p2b: Flutter Mane\n|-end|p2b: Flutter Mane|Protosynthesis|[silent]\n|-damage|p1b: Lucario|23\/100|[from] item: Life Orb\n|move|p1a: Arboliva|Pollen Puff|p1b: Lucario\n|-heal|p1b: Lucario|72\/100\n|\n|upkeep\n|\n|t:|1700969222\n|switch|p2b: Torkoal|Torkoal, M|100\/100\n|-weather|SunnyDay|[from] ability: Drought|[of] p2b: Torkoal\n|turn|3\n|\n|t:|1700969252\n|switch|p1a: Arcanine|Arcanine-Hisui, M|100\/100\n|-ability|p1a: Arcanine|Intimidate|boost\n|-unboost|p2a: Armarouge|atk|1\n|-unboost|p2b: Torkoal|atk|1\n|move|p2b: Torkoal|Protect|p2b: Torkoal\n|-singleturn|p2b: Torkoal|Protect\n|move|p1b: Lucario|Extreme Speed|p2a: Armarouge\n|-damage|p2a: Armarouge|45\/100\n|-damage|p1b: Lucario|62\/100|[from] item: Life Orb\n|move|p2a: Armarouge|Trick Room|p2a: Armarouge\n|-fieldstart|move: Trick Room|[of] p2a: Armarouge\n|\n|-weather|SunnyDay|[upkeep]\n|upkeep\n|turn|4\n|\n|t:|1700969281\n|move|p1b: Lucario|Protect|p1b: Lucario\n|-singleturn|p1b: Lucario|Protect\n|move|p1a: Arcanine|Extreme Speed|p2a: Armarouge\n|-damage|p2a: Armarouge|21\/100\n|-enditem|p2a: Armarouge|Aguav Berry|[eat]\n|-heal|p2a: Armarouge|55\/100|[from] item: Aguav Berry\n|move|p2b: Torkoal|Eruption|p1b: Lucario|[spread] p1a\n|-activate|p1b: Lucario|move: Protect\n|-resisted|p1a: Arcanine\n|-damage|p1a: Arcanine|86\/100\n|move|p2a: Armarouge|Disable|p1b: Lucario\n|-activate|p1b: Lucario|move: Protect\n|\n|-weather|SunnyDay|[upkeep]\n|upkeep\n|turn|5\n|\n|t:|1700969310\n|move|p1b: Lucario|Extreme Speed|p2a: Armarouge\n|-damage|p2a: Armarouge|0 fnt\n|faint|p2a: Armarouge\n|-damage|p1b: Lucario|52\/100|[from] item: Life Orb\n|move|p2b: Torkoal|Eruption|p1b: Lucario|[spread] p1a,p1b\n|-resisted|p1a: Arcanine\n|-supereffective|p1b: Lucario\n|-damage|p1a: Arcanine|71\/100\n|-damage|p1b: Lucario|0 fnt\n|faint|p1b: Lucario\n|move|p1a: Arcanine|Howl|p1a: Arcanine\n|-boost|p1a: Arcanine|atk|1\n|\n|-weather|SunnyDay|[upkeep]\n|upkeep\n|\n|t:|1700969330\n|switch|p2a: Iron Hands|Iron Hands|100\/100\n|switch|p1b: Dudunsparce|Dudunsparce, M|100\/100\n|turn|6\n|\n|t:|1700969342\n|move|p2b: Torkoal|Eruption|p1a: Arcanine|[spread] p1a,p1b\n|-resisted|p1a: Arcanine\n|-damage|p1a: Arcanine|56\/100\n|-damage|p1b: Dudunsparce|43\/100\n|move|p2a: Iron Hands|Thunder Punch|p1a: Arcanine\n|-damage|p1a: Arcanine|10\/100\n|move|p1b: Dudunsparce|Coil|p1b: Dudunsparce\n|-boost|p1b: Dudunsparce|atk|1\n|-boost|p1b: Dudunsparce|def|1\n|-boost|p1b: Dudunsparce|accuracy|1\n|move|p1a: Arcanine|Rock Slide|p2b: Torkoal|[spread] p2a,p2b\n|-resisted|p2a: Iron Hands\n|-supereffective|p2b: Torkoal\n|-damage|p2a: Iron Hands|91\/100\n|-damage|p2b: Torkoal|57\/100\n|\n|-weather|SunnyDay|[upkeep]\n|upkeep\n|turn|7\n|\n|t:|1700969369\n|switch|p1a: Ursaluna|Ursaluna-Bloodmoon, M|100\/100\n|move|p1b: Dudunsparce|Protect|p1b: Dudunsparce\n|-singleturn|p1b: Dudunsparce|Protect\n|move|p2b: Torkoal|Eruption|p1a: Ursaluna|[spread] p1a\n|-activate|p1b: Dudunsparce|move: Protect\n|-damage|p1a: Ursaluna|67\/100\n|move|p2a: Iron Hands|Thunder Punch|p1a: Ursaluna\n|-immune|p1a: Ursaluna\n|\n|-weather|none\n|-fieldend|move: Trick Room\n|upkeep\n|turn|8\n|\n|t:|1700969392\n|-terastallize|p1b: Dudunsparce|Rock\n|move|p1b: Dudunsparce|Rock Slide|p2a: Iron Hands|[spread] p2a,p2b\n|-resisted|p2a: Iron Hands\n|-supereffective|p2b: Torkoal\n|-damage|p2a: Iron Hands|82\/100\n|-damage|p2b: Torkoal|14\/100\n|-heal|p1b: Dudunsparce|49\/100|[from] item: Shell Bell|[of] p2b: Torkoal\n|move|p1a: Ursaluna|Calm Mind|p1a: Ursaluna\n|-boost|p1a: Ursaluna|spa|1\n|-boost|p1a: Ursaluna|spd|1\n|cant|p2a: Iron Hands|flinch\n|move|p2b: Torkoal|Stealth Rock|p1a: Ursaluna\n|-sidestart|p1: LikeTheDish|move: Stealth Rock\n|\n|upkeep\n|turn|9\n|\n|t:|1700969416\n|move|p2a: Iron Hands|Detect|p2a: Iron Hands\n|-singleturn|p2a: Iron Hands|Protect\n|move|p1b: Dudunsparce|Rock Slide|p2a: Iron Hands|[spread] p2b\n|-activate|p2a: Iron Hands|move: Protect\n|-supereffective|p2b: Torkoal\n|-damage|p2b: Torkoal|0 fnt\n|faint|p2b: Torkoal\n|-heal|p1b: Dudunsparce|50\/100|[from] item: Shell Bell|[of] p2: Torkoal\n|move|p1a: Ursaluna|Hyper Voice|p2a: Iron Hands\n|-activate|p2a: Iron Hands|move: Protect\n|\n|upkeep\n|\n|t:|1700969432\n|switch|p2b: Amoonguss|Amoonguss, F|100\/100\n|turn|10\n|\n|t:|1700969450\n|move|p2b: Amoonguss|Protect|p2b: Amoonguss\n|-singleturn|p2b: Amoonguss|Protect\n|move|p1b: Dudunsparce|Rock Slide|p2a: Iron Hands|[spread] p2a\n|-activate|p2b: Amoonguss|move: Protect\n|-resisted|p2a: Iron Hands\n|-damage|p2a: Iron Hands|73\/100\n|-heal|p1b: Dudunsparce|52\/100|[from] item: Shell Bell|[of] p2b: Amoonguss\n|move|p1a: Ursaluna|Hyper Voice|p2b: Amoonguss|[spread] p2a\n|-activate|p2b: Amoonguss|move: Protect\n|-damage|p2a: Iron Hands|17\/100\n|cant|p2a: Iron Hands|flinch\n|\n|upkeep\n|turn|11\n|\n|t:|1700969472\n|move|p1b: Dudunsparce|Rock Slide|p2a: Iron Hands|[spread] p2a,p2b\n|-resisted|p2a: Iron Hands\n|-damage|p2a: Iron Hands|7\/100\n|-damage|p2b: Amoonguss|58\/100\n|-heal|p1b: Dudunsparce|59\/100|[from] item: Shell Bell|[of] p2b: Amoonguss\n|move|p1a: Ursaluna|Hyper Voice|p2b: Amoonguss|[spread] p2a,p2b\n|-damage|p2a: Iron Hands|0 fnt\n|-damage|p2b: Amoonguss|16\/100\n|-enditem|p2b: Amoonguss|Aguav Berry|[eat]\n|-heal|p2b: Amoonguss|49\/100|[from] item: Aguav Berry\n|faint|p2a: Iron Hands\n|-end|p2a: Iron Hands|Quark Drive|[silent]\n|cant|p2b: Amoonguss|flinch\n|\n|upkeep\n|\n|t:|1700969488\n|switch|p2a: Baxcalibur|Baxcalibur, M|100\/100\n|turn|12\n|\n|t:|1700969504\n|move|p2b: Amoonguss|Protect|p2b: Amoonguss\n|-singleturn|p2b: Amoonguss|Protect\n|move|p2a: Baxcalibur|Swords Dance|p2a: Baxcalibur\n|-boost|p2a: Baxcalibur|atk|2\n|move|p1b: Dudunsparce|Body Slam|p2a: Baxcalibur\n|-damage|p2a: Baxcalibur|38\/100\n|-status|p2a: Baxcalibur|par\n|-heal|p1b: Dudunsparce|66\/100|[from] item: Shell Bell|[of] p2a: Baxcalibur\n|move|p1a: Ursaluna|Hyper Voice|p2b: Amoonguss|[spread] p2a\n|-activate|p2b: Amoonguss|move: Protect\n|-damage|p2a: Baxcalibur|0 fnt\n|faint|p2a: Baxcalibur\n|\n|upkeep\n|turn|13\n|\n|t:|1700969519\n|-terastallize|p2b: Amoonguss|Grass\n|move|p1b: Dudunsparce|Rock Slide|p2b: Amoonguss\n|-damage|p2b: Amoonguss|0 fnt\n|faint|p2b: Amoonguss\n|-heal|p1b: Dudunsparce|73\/100|[from] item: Shell Bell|[of] p2: Amoonguss\n|\n|win|LikeTheDish\n|raw|LikeTheDish's rating: 1000 &rarr; <strong>1045<\/strong><br \/>(+45 for winning)\n|raw|HI6385's rating: 1048 &rarr; <strong>1028<\/strong><br \/>(-20 for losing)\n","uploadtime":1700969524,"views":5,"p1id":"likethedish","p2id":"hi6385","formatid":"gen9doublesou","rating":1028,"private":0,"password":""}