{"id":"gen9doublesou-1985048388","p1":"Quaay","p2":"FlaringFox64","format":"[Gen 9] Doubles OU","log":"|j|\u2606Quaay\n|j|\u2606FlaringFox64\n|t:|1699324549\n|gametype|doubles\n|player|p1|Quaay|blue|1114\n|player|p2|FlaringFox64|169|1000\n|teamsize|p1|6\n|teamsize|p2|6\n|gen|9\n|tier|[Gen 9] Doubles OU\n|rated|\n|rule|Species Clause: Limit one of each Pok\u00e9mon\n|rule|OHKO Clause: OHKO moves are banned\n|rule|Evasion Moves Clause: Evasion moves are banned\n|rule|Gravity Sleep Clause: The combination of sleep-inducing moves with imperfect accuracy and Gravity or Gigantamax Orbeetle are banned\n|rule|Endless Battle Clause: Forcing endless battles is banned\n|rule|HP Percentage Mod: HP is shown in percentages\n|clearpoke\n|poke|p1|Volcarona, F|\n|poke|p1|Oricorio-Pom-Pom, M|\n|poke|p1|Torkoal, M|\n|poke|p1|Kommo-o, F|\n|poke|p1|Amoonguss, F|\n|poke|p1|Landorus-Therian, M|\n|poke|p2|Greninja-*, M|\n|poke|p2|Dudunsparce-*, M|\n|poke|p2|Typhlosion-Hisui, F|\n|poke|p2|Chansey, F|\n|poke|p2|Blissey, F|\n|poke|p2|Abomasnow, F|\n|teampreview\n|\n|t:|1699324557\n|start\n|switch|p1a: Volcarona|Volcarona, F, shiny|100\/100\n|switch|p1b: Oricorio|Oricorio-Pom-Pom, M, shiny|100\/100\n|switch|p2a: Greninja|Greninja, M|100\/100\n|switch|p2b: Typhlosion|Typhlosion-Hisui, F|100\/100\n|-item|p1a: Volcarona|Heavy-Duty Boots|[from] ability: Frisk|[of] p2b: Typhlosion|[identify]\n|-item|p1b: Oricorio|Leftovers|[from] ability: Frisk|[of] p2b: Typhlosion|[identify]\n|turn|1\n|\n|t:|1699324574\n|move|p2a: Greninja|Water Pledge|p1a: Volcarona\n|-waiting|p2a: Greninja|p2b: Typhlosion\n|move|p2b: Typhlosion|Fire Pledge|p1a: Volcarona|[from]move: Water Pledge\n|-combine\n|-supereffective|p1a: Volcarona\n|-damage|p1a: Volcarona|0 fnt\n|-sidestart|p2: FlaringFox64|Water Pledge\n|faint|p1a: Volcarona\n|move|p1b: Oricorio|Quiver Dance|p1b: Oricorio\n|-boost|p1b: Oricorio|spa|1\n|-boost|p1b: Oricorio|spd|1\n|-boost|p1b: Oricorio|spe|1\n|\n|upkeep\n|\n|t:|1699324584\n|switch|p1a: Landorus|Landorus-Therian, M, shiny|100\/100\n|-ability|p1a: Landorus|Intimidate|boost\n|-unboost|p2a: Greninja|atk|1\n|-unboost|p2b: Typhlosion|atk|1\n|turn|2\n|\n|t:|1699324595\n|move|p1b: Oricorio|Revelation Dance|p2a: Greninja\n|-supereffective|p2a: Greninja\n|-damage|p2a: Greninja|0 fnt\n|faint|p2a: Greninja\n|move|p2b: Typhlosion|Fire Pledge|p1a: Landorus\n|-damage|p1a: Landorus|71\/100\n|move|p1a: Landorus|Earthquake|p2b: Typhlosion|[spread] p2b\n|-immune|p1b: Oricorio\n|-supereffective|p2b: Typhlosion\n|-damage|p2b: Typhlosion|0 fnt\n|faint|p2b: Typhlosion\n|\n|upkeep\n|\n|t:|1699324611\n|switch|p2a: Abomasnow|Abomasnow, F|100\/100\n|switch|p2b: Blissey|Blissey, F, shiny|100\/100\n|-weather|Snow|[from] ability: Snow Warning|[of] p2a: Abomasnow\n|turn|3\n|\n|t:|1699324629\n|move|p1b: Oricorio|Quiver Dance|p1b: Oricorio\n|-boost|p1b: Oricorio|spa|1\n|-boost|p1b: Oricorio|spd|1\n|-boost|p1b: Oricorio|spe|1\n|move|p1a: Landorus|Stomping Tantrum|p2b: Blissey\n|-damage|p2b: Blissey|66\/100\n|move|p2a: Abomasnow|Aurora Veil|p2a: Abomasnow\n|-sidestart|p2: FlaringFox64|move: Aurora Veil\n|move|p2b: Blissey|Blizzard|p1a: Landorus|[spread] p1a,p1b\n|-supereffective|p1a: Landorus\n|-supereffective|p1b: Oricorio\n|-damage|p1a: Landorus|33\/100\n|-damage|p1b: Oricorio|80\/100\n|-status|p1a: Landorus|frz\n|-status|p1b: Oricorio|frz\n|\n|-weather|Snow|[upkeep]\n|-heal|p1b: Oricorio|86\/100 frz|[from] item: Leftovers\n|upkeep\n|turn|4\n|\n|t:|1699324647\n|-curestatus|p1b: Oricorio|frz|[msg]\n|move|p1b: Oricorio|Hurricane|p2a: Abomasnow\n|-supereffective|p2a: Abomasnow\n|-damage|p2a: Abomasnow|0 fnt\n|faint|p2a: Abomasnow\n|cant|p1a: Landorus|frz\n|move|p2b: Blissey|Blizzard|p1a: Landorus|[spread] p1a,p1b\n|-supereffective|p1a: Landorus\n|-supereffective|p1b: Oricorio\n|-damage|p1a: Landorus|0 fnt\n|-damage|p1b: Oricorio|65\/100\n|faint|p1a: Landorus\n|\n|-weather|Snow|[upkeep]\n|-heal|p1b: Oricorio|72\/100|[from] item: Leftovers\n|-sideend|p2: FlaringFox64|Water Pledge\n|upkeep\n|\n|t:|1699324675\n|switch|p1a: Kommo-o|Kommo-o, F, shiny|100\/100\n|switch|p2a: Dudunsparce|Dudunsparce-Three-Segment, M|100\/100\n|turn|5\n|\n|t:|1699324714\n|move|p1b: Oricorio|Hurricane|p2b: Blissey\n|-damage|p2b: Blissey|47\/100\n|move|p1a: Kommo-o|Clangorous Soul|p1a: Kommo-o\n|-boost|p1a: Kommo-o|atk|1\n|-boost|p1a: Kommo-o|def|1\n|-boost|p1a: Kommo-o|spa|1\n|-boost|p1a: Kommo-o|spd|1\n|-boost|p1a: Kommo-o|spe|1\n|-damage|p1a: Kommo-o|68\/100\n|-enditem|p1a: Kommo-o|Throat Spray\n|-boost|p1a: Kommo-o|spa|1|[from] item: Throat Spray\n|-activate|p1b: Oricorio|ability: Dancer\n|move|p1b: Oricorio|Clangorous Soul|p1b: Oricorio|[from]ability: Dancer\n|-boost|p1b: Oricorio|atk|1\n|-boost|p1b: Oricorio|def|1\n|-boost|p1b: Oricorio|spa|1\n|-boost|p1b: Oricorio|spd|1\n|-boost|p1b: Oricorio|spe|1\n|-damage|p1b: Oricorio|39\/100\n|move|p2a: Dudunsparce|Blizzard|p1a: Kommo-o|[spread] p1a,p1b\n|-supereffective|p1a: Kommo-o\n|-supereffective|p1b: Oricorio\n|-damage|p1a: Kommo-o|32\/100\n|-damage|p1b: Oricorio|13\/100\n|-status|p1a: Kommo-o|frz\n|move|p2b: Blissey|Blizzard|p1b: Oricorio|[spread] p1a,p1b\n|-supereffective|p1a: Kommo-o\n|-supereffective|p1b: Oricorio\n|-damage|p1a: Kommo-o|11\/100 frz\n|-damage|p1b: Oricorio|0 fnt\n|faint|p1b: Oricorio\n|\n|-weather|Snow|[upkeep]\n|upkeep\n|\n|t:|1699324744\n|switch|p1b: Torkoal|Torkoal, M, shiny|100\/100\n|-weather|SunnyDay|[from] ability: Drought|[of] p1b: Torkoal\n|turn|6\n|\n|t:|1699324762\n|-terastallize|p1b: Torkoal|Fire\n|cant|p1a: Kommo-o|frz\n|move|p2a: Dudunsparce|Blizzard|p1b: Torkoal|[spread] p1b\n|-miss|p2a: Dudunsparce|p1a: Kommo-o\n|-resisted|p1b: Torkoal\n|-damage|p1b: Torkoal|85\/100\n|move|p2b: Blissey|Blizzard|p1b: Torkoal|[spread] p1a,p1b\n|-supereffective|p1a: Kommo-o\n|-resisted|p1b: Torkoal\n|-damage|p1a: Kommo-o|0 fnt\n|-damage|p1b: Torkoal|75\/100\n|faint|p1a: Kommo-o\n|move|p1b: Torkoal|Eruption|p2a: Dudunsparce|[spread] p2a,p2b\n|-damage|p2a: Dudunsparce|48\/100\n|-damage|p2b: Blissey|28\/100\n|\n|-weather|SunnyDay|[upkeep]\n|upkeep\n|\n|t:|1699324783\n|switch|p1a: Amoonguss|Amoonguss, F, shiny|100\/100\n|turn|7\n|\n|t:|1699324804\n|move|p1a: Amoonguss|Protect|p1a: Amoonguss\n|-singleturn|p1a: Amoonguss|Protect\n|move|p2a: Dudunsparce|Blizzard|p1a: Amoonguss|[spread] \n|-activate|p1a: Amoonguss|move: Protect\n|-miss|p2a: Dudunsparce|p1b: Torkoal\n|move|p2b: Blissey|Life Dew|p2b: Blissey|[spread] p2a,p2b\n|-heal|p2a: Dudunsparce|73\/100\n|-heal|p2b: Blissey|53\/100\n|move|p1b: Torkoal|Heat Wave|p2b: Blissey|[spread] p2a,p2b\n|-damage|p2a: Dudunsparce|27\/100\n|-damage|p2b: Blissey|38\/100\n|\n|-weather|SunnyDay|[upkeep]\n|-sideend|p2: FlaringFox64|move: Aurora Veil\n|upkeep\n|turn|8\n|\n|t:|1699324826\n|move|p1b: Torkoal|Protect|p1b: Torkoal\n|-singleturn|p1b: Torkoal|Protect\n|move|p2a: Dudunsparce|Boomburst|p1b: Torkoal|[spread] p2b,p1a\n|-activate|p1b: Torkoal|move: Protect\n|-damage|p2b: Blissey|21\/100\n|-damage|p1a: Amoonguss|63\/100\n|move|p2b: Blissey|Life Dew|p2b: Blissey|[spread] p2a,p2b\n|-heal|p2a: Dudunsparce|52\/100\n|-heal|p2b: Blissey|46\/100\n|move|p1a: Amoonguss|Spore|p2a: Dudunsparce\n|-status|p2a: Dudunsparce|slp|[from] move: Spore\n|\n|-weather|SunnyDay|[upkeep]\n|upkeep\n|turn|9\n|\n|t:|1699324844\n|move|p1a: Amoonguss|Protect|p1a: Amoonguss\n|-singleturn|p1a: Amoonguss|Protect\n|cant|p2a: Dudunsparce|slp\n|move|p2b: Blissey|Life Dew|p2b: Blissey|[spread] p2a,p2b\n|-heal|p2a: Dudunsparce|77\/100 slp\n|-heal|p2b: Blissey|71\/100\n|move|p1b: Torkoal|Heat Wave|p2a: Dudunsparce|[spread] p2a,p2b\n|-damage|p2a: Dudunsparce|6\/100 slp\n|-damage|p2b: Blissey|46\/100\n|\n|-weather|SunnyDay|[upkeep]\n|upkeep\n|turn|10\n|\n|t:|1699324863\n|move|p1a: Amoonguss|Rage Powder|p1a: Amoonguss\n|-singleturn|p1a: Amoonguss|move: Rage Powder\n|-curestatus|p2a: Dudunsparce|slp|[msg]\n|move|p2a: Dudunsparce|Blizzard|p1b: Torkoal|[spread] p1a,p1b\n|-supereffective|p1a: Amoonguss\n|-resisted|p1b: Torkoal\n|-damage|p1a: Amoonguss|26\/100\n|-damage|p1b: Torkoal|61\/100\n|-enditem|p1a: Amoonguss|Sitrus Berry|[eat]\n|-heal|p1a: Amoonguss|51\/100|[from] item: Sitrus Berry\n|move|p2b: Blissey|Life Dew|p2b: Blissey|[spread] p2a,p2b\n|-heal|p2a: Dudunsparce|31\/100\n|-heal|p2b: Blissey|71\/100\n|move|p1b: Torkoal|Heat Wave|p2a: Dudunsparce|[spread] p2a,p2b\n|-damage|p2a: Dudunsparce|0 fnt\n|-damage|p2b: Blissey|46\/100\n|faint|p2a: Dudunsparce\n|\n|-weather|none\n|upkeep\n|\n|t:|1699324881\n|switch|p2a: Chansey|Chansey, F|100\/100\n|turn|11\n|\n|t:|1699324900\n|move|p2a: Chansey|Chilling Water|p1b: Torkoal\n|-supereffective|p1b: Torkoal\n|-damage|p1b: Torkoal|38\/100\n|-unboost|p1b: Torkoal|atk|1\n|move|p2b: Blissey|Blizzard|p1b: Torkoal|[spread] p1a\n|-miss|p2b: Blissey|p1b: Torkoal\n|-supereffective|p1a: Amoonguss\n|-damage|p1a: Amoonguss|25\/100\n|move|p1a: Amoonguss|Spore|p2a: Chansey\n|-status|p2a: Chansey|slp|[from] move: Spore\n|move|p1b: Torkoal|Heat Wave|p2b: Blissey|[spread] p2a,p2b\n|-damage|p2a: Chansey|79\/100 slp\n|-damage|p2b: Blissey|30\/100\n|\n|upkeep\n|turn|12\n|\n|t:|1699324919\n|cant|p2a: Chansey|slp\n|move|p2b: Blissey|Life Dew|p2b: Blissey|[spread] p2a,p2b\n|-heal|p2a: Chansey|100\/100 slp\n|-heal|p2b: Blissey|56\/100\n|move|p1a: Amoonguss|Spore|p2b: Blissey\n|-status|p2b: Blissey|slp|[from] move: Spore\n|move|p1b: Torkoal|Solar Beam||[still]\n|-prepare|p1b: Torkoal|Solar Beam\n|\n|upkeep\n|turn|13\n|\n|t:|1699324934\n|move|p1a: Amoonguss|Protect|p1a: Amoonguss\n|-singleturn|p1a: Amoonguss|Protect\n|-curestatus|p2a: Chansey|slp|[msg]\n|move|p2a: Chansey|Chilling Water|p1b: Torkoal\n|-supereffective|p1b: Torkoal\n|-damage|p1b: Torkoal|15\/100\n|-unboost|p1b: Torkoal|atk|1\n|cant|p2b: Blissey|slp\n|move|p1b: Torkoal|Solar Beam|p2b: Blissey|[from]lockedmove\n|-damage|p2b: Blissey|43\/100 slp\n|\n|upkeep\n|turn|14\n|\n|t:|1699324950\n|move|p1a: Amoonguss|Protect||[still]\n|-fail|p1a: Amoonguss\n|move|p1b: Torkoal|Protect|p1b: Torkoal\n|-singleturn|p1b: Torkoal|Protect\n|move|p2a: Chansey|Life Dew||[still]|[spread] p2a,p2b\n|-fail|p2a: Chansey|heal\n|-heal|p2b: Blissey|68\/100 slp\n|cant|p2b: Blissey|slp\n|\n|upkeep\n|turn|15\n|\n|t:|1699324968\n|move|p1b: Torkoal|Protect||[still]\n|-fail|p1b: Torkoal\n|move|p2a: Chansey|Blizzard|p1b: Torkoal|[spread] p1a,p1b\n|-supereffective|p1a: Amoonguss\n|-resisted|p1b: Torkoal\n|-damage|p1a: Amoonguss|3\/100\n|-damage|p1b: Torkoal|7\/100\n|-status|p1b: Torkoal|frz\n|-curestatus|p2b: Blissey|slp|[msg]\n|move|p2b: Blissey|Blizzard|p1b: Torkoal|[spread] p1a,p1b\n|-supereffective|p1a: Amoonguss\n|-resisted|p1b: Torkoal\n|-damage|p1a: Amoonguss|0 fnt\n|-damage|p1b: Torkoal|0 fnt\n|faint|p1a: Amoonguss\n|faint|p1b: Torkoal\n|\n|win|FlaringFox64\n|raw|Quaay's rating: 1114 &rarr; <strong>1081<\/strong><br \/>(-33 for losing)\n|raw|FlaringFox64's rating: 1000 &rarr; <strong>1053<\/strong><br \/>(+53 for winning)\n|l|\u2606Quaay\n","uploadtime":1699324986,"views":11,"p1id":"quaay","p2id":"flaringfox64","formatid":"gen9doublesou","rating":1053,"private":0,"password":""}