{"id":"gen9doublesou-1995995451","p1":"mercyon","p2":"Swisky Dhar","format":"[Gen 9] Doubles OU","log":"|j|\u2606mercyon\n|j|\u2606Swisky Dhar\n|t:|1700626826\n|gametype|doubles\n|player|p1|mercyon|pokefanf-gen4|1183\n|player|p2|Swisky Dhar|2|1252\n|teamsize|p1|6\n|teamsize|p2|6\n|gen|9\n|tier|[Gen 9] Doubles OU\n|rated|\n|rule|Species Clause: Limit one of each Pok\u00e9mon\n|rule|OHKO Clause: OHKO moves are banned\n|rule|Evasion Moves Clause: Evasion moves are banned\n|rule|Gravity Sleep Clause: The combination of sleep-inducing moves with imperfect accuracy and Gravity or Gigantamax Orbeetle are banned\n|rule|Endless Battle Clause: Forcing endless battles is banned\n|rule|HP Percentage Mod: HP is shown in percentages\n|clearpoke\n|poke|p1|Chien-Pao|\n|poke|p1|Iron Bundle|\n|poke|p1|Ninetales-Alola, F|\n|poke|p1|Abomasnow, F|\n|poke|p1|Baxcalibur, F|\n|poke|p1|Poliwrath, F|\n|poke|p2|Muk-Alola, M|\n|poke|p2|Kingambit, F|\n|poke|p2|Sinistcha|\n|poke|p2|Ninetales-Alola, M|\n|poke|p2|Gardevoir, M|\n|poke|p2|Politoed, M|\n|teampreview\n|c|\u2606Swisky Dhar|That's a very blue team you have there\n|inactive|Battle timer is ON: inactive players will automatically lose when time's up. (requested by mercyon)\n|c|\u2606mercyon|thank you\n|c|\u2606mercyon|thats a green team you got\n|\n|t:|1700626862\n|start\n|switch|p1a: Baxcalibur|Baxcalibur, F|100\/100\n|switch|p1b: Abomasnow|Abomasnow, F|100\/100\n|switch|p2a: :)|Ninetales-Alola, M|100\/100\n|switch|p2b: Mukkington III|Muk-Alola, M|100\/100\n|-weather|Snow|[from] ability: Snow Warning|[of] p2a: :)\n|turn|1\n|c|\u2606Swisky Dhar|thank you\n|\n|t:|1700626884\n|move|p2a: :)|Moonblast|p1a: Baxcalibur\n|-supereffective|p1a: Baxcalibur\n|-damage|p1a: Baxcalibur|16\/100\n|move|p1a: Baxcalibur|Dragon Dance|p1a: Baxcalibur\n|-boost|p1a: Baxcalibur|atk|1\n|-boost|p1a: Baxcalibur|spe|1\n|move|p1b: Abomasnow|Aurora Veil|p1b: Abomasnow\n|-sidestart|p1: mercyon|move: Aurora Veil\n|move|p2b: Mukkington III|Drain Punch|p1a: Baxcalibur\n|-supereffective|p1a: Baxcalibur\n|-damage|p1a: Baxcalibur|0 fnt\n|faint|p1a: Baxcalibur\n|\n|-weather|Snow|[upkeep]\n|upkeep\n|\n|t:|1700626898\n|switch|p1a: Iron Bundle|Iron Bundle|100\/100\n|turn|2\n|\n|t:|1700626914\n|-terastallize|p1a: Iron Bundle|Ice\n|move|p1a: Iron Bundle|Blizzard|p2a: :)|[spread] p2a,p2b\n|-resisted|p2a: :)\n|-damage|p2a: :)|47\/100\n|-damage|p2b: Mukkington III|13\/100\n|-enditem|p2b: Mukkington III|Aguav Berry|[eat]\n|-heal|p2b: Mukkington III|46\/100|[from] item: Aguav Berry\n|move|p2a: :)|Aurora Veil|p2a: :)\n|-sidestart|p2: Swisky Dhar|move: Aurora Veil\n|move|p1b: Abomasnow|Earth Power|p2b: Mukkington III\n|-supereffective|p2b: Mukkington III\n|-damage|p2b: Mukkington III|10\/100\n|move|p2b: Mukkington III|Drain Punch|p1a: Iron Bundle\n|-supereffective|p1a: Iron Bundle\n|-damage|p1a: Iron Bundle|74\/100\n|-heal|p2b: Mukkington III|20\/100|[from] drain|[of] p1a: Iron Bundle\n|\n|-weather|Snow|[upkeep]\n|upkeep\n|turn|3\n|inactive|Swisky Dhar has 120 seconds left.\n|\n|t:|1700626969\n|switch|p2a: Musashi|Kingambit, F|100\/100\n|move|p1a: Iron Bundle|Blizzard|p2a: Musashi|[spread] p2a,p2b\n|-resisted|p2a: Musashi\n|-damage|p2a: Musashi|75\/100\n|-damage|p2b: Mukkington III|0 fnt\n|-status|p2a: Musashi|frz\n|faint|p2b: Mukkington III\n|move|p1b: Abomasnow|Blizzard|p2a: Musashi\n|-resisted|p2a: Musashi\n|-damage|p2a: Musashi|60\/100 frz\n|\n|-weather|Snow|[upkeep]\n|upkeep\n|inactive|Swisky Dhar has 90 seconds left.\n|\n|t:|1700626984\n|switch|p2b: White Glint|Gardevoir, M, shiny|100\/100\n|turn|4\n|inactive|mercyon has 120 seconds left.\n|\n|t:|1700627021\n|-terastallize|p2b: White Glint|Steel\n|move|p1a: Iron Bundle|Blizzard|p2a: Musashi|[spread] p2a,p2b\n|-resisted|p2a: Musashi\n|-resisted|p2b: White Glint\n|-damage|p2a: Musashi|37\/100 frz\n|-damage|p2b: White Glint|73\/100\n|move|p2b: White Glint|Heal Pulse|p2a: Musashi\n|-heal|p2a: Musashi|87\/100 frz\n|move|p1b: Abomasnow|Earth Power|p2a: Musashi\n|-supereffective|p2a: Musashi\n|-damage|p2a: Musashi|56\/100 frz\n|cant|p2a: Musashi|frz\n|\n|-weather|Snow|[upkeep]\n|-heal|p2b: White Glint|79\/100|[from] item: Leftovers\n|upkeep\n|turn|5\n|inactive|Swisky Dhar has 120 seconds left.\n|\n|t:|1700627041\n|-curestatus|p2a: Musashi|frz|[msg]\n|move|p2a: Musashi|Protect|p2a: Musashi\n|-singleturn|p2a: Musashi|Protect\n|move|p1a: Iron Bundle|Blizzard|p2b: White Glint|[spread] p2b\n|-activate|p2a: Musashi|move: Protect\n|-resisted|p2b: White Glint\n|-damage|p2b: White Glint|49\/100\n|move|p2b: White Glint|Mystical Fire|p1b: Abomasnow\n|-supereffective|p1b: Abomasnow\n|-damage|p1b: Abomasnow|36\/100\n|-unboost|p1b: Abomasnow|spa|1\n|move|p1b: Abomasnow|Earth Power|p2b: White Glint\n|-supereffective|p2b: White Glint\n|-damage|p2b: White Glint|25\/100\n|\n|-weather|none\n|-heal|p2b: White Glint|31\/100|[from] item: Leftovers\n|-sideend|p1: mercyon|move: Aurora Veil\n|upkeep\n|turn|6\n|inactive|Swisky Dhar has 120 seconds left.\n|\n|t:|1700627065\n|switch|p1b: Ninetales|Ninetales-Alola, F|100\/100\n|-weather|Snow|[from] ability: Snow Warning|[of] p1b: Ninetales\n|move|p2a: Musashi|Sucker Punch|p1a: Iron Bundle\n|-damage|p1a: Iron Bundle|33\/100\n|move|p1a: Iron Bundle|Blizzard|p2a: Musashi|[spread] p2a,p2b\n|-resisted|p2a: Musashi\n|-resisted|p2b: White Glint\n|-damage|p2a: Musashi|30\/100\n|-damage|p2b: White Glint|3\/100\n|-status|p2b: White Glint|frz\n|cant|p2b: White Glint|frz\n|\n|-weather|Snow|[upkeep]\n|-heal|p2b: White Glint|9\/100 frz|[from] item: Leftovers\n|-sideend|p2: Swisky Dhar|move: Aurora Veil\n|upkeep\n|turn|7\n|inactive|Swisky Dhar has 120 seconds left.\n|\n|t:|1700627088\n|-end|p1a: Iron Bundle|Quark Drive|[silent]\n|switch|p1a: Poliwrath|Poliwrath, F|100\/100\n|move|p2a: Musashi|Sucker Punch||[still]\n|-fail|p2a: Musashi\n|move|p1b: Ninetales|Aurora Veil|p1b: Ninetales\n|-sidestart|p1: mercyon|move: Aurora Veil\n|-curestatus|p2b: White Glint|frz|[msg]\n|move|p2b: White Glint|Heal Pulse|p2a: Musashi\n|-heal|p2a: Musashi|81\/100\n|\n|-weather|Snow|[upkeep]\n|-heal|p2b: White Glint|15\/100|[from] item: Leftovers\n|upkeep\n|turn|8\n|inactive|Swisky Dhar has 120 seconds left.\n|\n|t:|1700627111\n|switch|p2b: SHE TOOK THE KIDS|Sinistcha|100\/100\n|-heal|p2a: Musashi|100\/100|[from] ability: Hospitality|[of] p2b: SHE TOOK THE KIDS\n|move|p2a: Musashi|Protect|p2a: Musashi\n|-singleturn|p2a: Musashi|Protect\n|move|p1b: Ninetales|Blizzard|p2a: Musashi|[spread] p2b\n|-activate|p2a: Musashi|move: Protect\n|-supereffective|p2b: SHE TOOK THE KIDS\n|-crit|p2b: SHE TOOK THE KIDS\n|-damage|p2b: SHE TOOK THE KIDS|0 fnt\n|faint|p2b: SHE TOOK THE KIDS\n|move|p1a: Poliwrath|Close Combat|p2a: Musashi\n|-activate|p2a: Musashi|move: Protect\n|\n|-weather|Snow|[upkeep]\n|upkeep\n|inactive|Swisky Dhar has 120 seconds left.\n|\n|t:|1700627126\n|switch|p2b: :)|Ninetales-Alola, M|47\/100\n|turn|9\n|\n|t:|1700627134\n|switch|p2a: Politoed|Politoed, M|100\/100\n|move|p1b: Ninetales|Blizzard|p2b: :)|[spread] p2a,p2b\n|-resisted|p2a: Politoed\n|-resisted|p2b: :)\n|-damage|p2a: Politoed|89\/100\n|-damage|p2b: :)|28\/100\n|move|p2b: :)|Moonblast|p1a: Poliwrath\n|-supereffective|p1a: Poliwrath\n|-damage|p1a: Poliwrath|36\/100\n|move|p1a: Poliwrath|Close Combat|p2a: Politoed\n|-damage|p2a: Politoed|0 fnt\n|-unboost|p1a: Poliwrath|def|1\n|-unboost|p1a: Poliwrath|spd|1\n|faint|p2a: Politoed\n|\n|-weather|Snow|[upkeep]\n|upkeep\n|inactive|Swisky Dhar has 120 seconds left.\n|\n|t:|1700627152\n|switch|p2a: White Glint|Gardevoir, M, shiny, tera:Steel|15\/100\n|turn|10\n|c|\u2606Swisky Dhar|Poliwrath kind of goes crazy\n|\n|t:|1700627172\n|switch|p1a: Abomasnow|Abomasnow, F|36\/100\n|move|p1b: Ninetales|Blizzard|p2b: :)|[spread] p2a,p2b\n|-resisted|p2a: White Glint\n|-resisted|p2b: :)\n|-damage|p2a: White Glint|0 fnt\n|-damage|p2b: :)|10\/100\n|faint|p2a: White Glint\n|move|p2b: :)|Moonblast|p1a: Abomasnow\n|-damage|p1a: Abomasnow|7\/100\n|-unboost|p1a: Abomasnow|spa|1\n|\n|-weather|Snow|[upkeep]\n|upkeep\n|inactive|Swisky Dhar has 120 seconds left.\n|\n|t:|1700627183\n|switch|p2a: Musashi|Kingambit, F|100\/100\n|turn|11\n|c|\u2606mercyon|i know right\n|c|\u2606mercyon|tera ice\n|c|\u2606mercyon|has dope def\n|inactive|Swisky Dhar has 120 seconds left.\n|c|\u2606mercyon|i love politoed though\n|\n|t:|1700627231\n|move|p1b: Ninetales|Blizzard|p2b: :)|[spread] p2a,p2b\n|-resisted|p2a: Musashi\n|-resisted|p2b: :)\n|-damage|p2a: Musashi|87\/100\n|-damage|p2b: :)|0 fnt\n|faint|p2b: :)\n|move|p1a: Abomasnow|Blizzard|p2a: Musashi\n|-resisted|p2a: Musashi\n|-damage|p2a: Musashi|73\/100\n|-status|p2a: Musashi|frz\n|cant|p2a: Musashi|frz\n|\n|-weather|Snow|[upkeep]\n|-sideend|p1: mercyon|move: Aurora Veil\n|upkeep\n|turn|12\n|c|\u2606mercyon|i wonder how the game would have gone withpout freeze\n|inactive|Swisky Dhar has 120 seconds left.\n|c|\u2606mercyon|i got crazt lucky\n|c|\u2606Swisky Dhar|just a bit\n|c|\u2606Swisky Dhar|but that's a part of the game\n|inactive|Swisky Dhar has 90 seconds left.\n|c|\u2606Swisky Dhar|Poliwrath is probably one of the cooler gen 1 mons\n|inactive|mercyon has 120 seconds left.\n|c|\u2606mercyon|true!\n|inactive|mercyon has 90 seconds left.\n|c|\u2606mercyon|i prob did billzard 10 times\n|c|\u2606mercyon|and its 10 percent freeze\n|c|\u2606mercyon|so at some point it was guateed i think\n|c|\u2606mercyon|math lol\n|\n|t:|1700627322\n|switch|p1b: Poliwrath|Poliwrath, F|36\/100\n|cant|p2a: Musashi|frz\n|move|p1a: Abomasnow|Earth Power|p2a: Musashi\n|-supereffective|p2a: Musashi\n|-damage|p2a: Musashi|37\/100 frz\n|\n|-weather|Snow|[upkeep]\n|upkeep\n|turn|13\n|inactive|mercyon has 90 seconds left.\n|inactive|Swisky Dhar has 90 seconds left.\n|c|\u2606mercyon|gg\n|c|\u2606Swisky Dhar|gg\n|c|\u2606Swisky Dhar|sry I'm like AFKing on mC\n|\n|t:|1700627346\n|move|p1b: Poliwrath|Close Combat|p2a: Musashi\n|-supereffective|p2a: Musashi\n|-damage|p2a: Musashi|0 fnt\n|-unboost|p1b: Poliwrath|def|1\n|-unboost|p1b: Poliwrath|spd|1\n|faint|p2a: Musashi\n|\n|win|mercyon\n|raw|mercyon's rating: 1183 &rarr; <strong>1213<\/strong><br \/>(+30 for winning)\n|raw|Swisky Dhar's rating: 1252 &rarr; <strong>1222<\/strong><br \/>(-30 for losing)\n|c|\u2606mercyon|lol no worries\n|c|\u2606Swisky Dhar|cool team bro\n|c|\u2606mercyon|have a good day\n|c|\u2606Swisky Dhar|thanks you too\n|c|\u2606mercyon|thanks bro you too\n","uploadtime":1700627366,"views":8,"p1id":"mercyon","p2id":"swiskydhar","formatid":"gen9doublesou","rating":1213,"private":0,"password":""}