{"id":"gen9doublesou-1978167058","p1":"eternaplus","p2":"cotesmcgotes","format":"[Gen 9] Doubles OU","log":"|j|\u2606eternaplus\n|j|\u2606cotesmcgotes\n|t:|1698507331\n|gametype|doubles\n|player|p1|eternaplus|101|1375\n|player|p2|cotesmcgotes|flannery|1415\n|teamsize|p1|6\n|teamsize|p2|6\n|gen|9\n|tier|[Gen 9] Doubles OU\n|rated|\n|rule|Species Clause: Limit one of each Pok\u00e9mon\n|rule|OHKO Clause: OHKO moves are banned\n|rule|Evasion Moves Clause: Evasion moves are banned\n|rule|Gravity Sleep Clause: The combination of sleep-inducing moves with imperfect accuracy and Gravity or Gigantamax Orbeetle are banned\n|rule|Endless Battle Clause: Forcing endless battles is banned\n|rule|HP Percentage Mod: HP is shown in percentages\n|clearpoke\n|poke|p1|Iron Hands|\n|poke|p1|Grimmsnarl, M|\n|poke|p1|Skeledirge, M|\n|poke|p1|Amoonguss, F|\n|poke|p1|Okidogi, M|\n|poke|p1|Tornadus, M|\n|poke|p2|Cresselia, F|\n|poke|p2|Enamorus-Therian, F|\n|poke|p2|Ogerpon-Hearthflame, F|\n|poke|p2|Roaring Moon|\n|poke|p2|Great Tusk|\n|poke|p2|Manaphy|\n|teampreview\n|inactive|Battle timer is ON: inactive players will automatically lose when time's up. (requested by cotesmcgotes)\n|\n|t:|1698507379\n|start\n|switch|p1a: Tornadus|Tornadus, M|100\/100\n|switch|p1b: Okidogi|Okidogi, M|100\/100\n|switch|p2a: Enamorus|Enamorus-Therian, F|100\/100\n|switch|p2b: Great Tusk|Great Tusk|100\/100\n|turn|1\n|inactive|cotesmcgotes has 120 seconds left.\n|\n|t:|1698507416\n|move|p1a: Tornadus|Tailwind|p1a: Tornadus\n|-sidestart|p1: eternaplus|move: Tailwind\n|move|p1b: Okidogi|Close Combat|p2b: Great Tusk\n|-crit|p2b: Great Tusk\n|-damage|p2b: Great Tusk|7\/100\n|-unboost|p1b: Okidogi|def|1\n|-unboost|p1b: Okidogi|spd|1\n|move|p2b: Great Tusk|Ice Spinner|p1a: Tornadus\n|-supereffective|p1a: Tornadus\n|-damage|p1a: Tornadus|2\/100\n|move|p2a: Enamorus|Tailwind|p2a: Enamorus\n|-sidestart|p2: cotesmcgotes|move: Tailwind\n|\n|upkeep\n|turn|2\n|inactive|cotesmcgotes has 120 seconds left.\n|\n|t:|1698507450\n|switch|p1b: Iron Hands|Iron Hands|100\/100\n|move|p1a: Tornadus|Icy Wind|p2a: Enamorus|[spread] p2a,p2b\n|-supereffective|p2a: Enamorus\n|-supereffective|p2b: Great Tusk\n|-damage|p2a: Enamorus|68\/100\n|-damage|p2b: Great Tusk|0 fnt\n|-unboost|p2a: Enamorus|spe|1\n|faint|p2b: Great Tusk\n|-end|p2b: Great Tusk|Protosynthesis|[silent]\n|-damage|p1a: Tornadus|0 fnt|[from] item: Life Orb\n|faint|p1a: Tornadus\n|move|p2a: Enamorus|Psychic|p1b: Iron Hands\n|-supereffective|p1b: Iron Hands\n|-damage|p1b: Iron Hands|46\/100\n|\n|-heal|p1b: Iron Hands|52\/100|[from] item: Leftovers\n|upkeep\n|inactive|cotesmcgotes has 120 seconds left.\n|\n|t:|1698507481\n|switch|p1a: Okidogi|Okidogi, M|100\/100\n|switch|p2b: Cresselia|Cresselia, F|100\/100\n|turn|3\n|inactive|cotesmcgotes has 120 seconds left.\n|\n|t:|1698507492\n|move|p1b: Iron Hands|Fake Out|p2a: Enamorus\n|-damage|p2a: Enamorus|54\/100\n|move|p2b: Cresselia|Lunar Blessing|p2b: Cresselia|[spread] p2a,p2b\n|-heal|p2a: Enamorus|79\/100\n|move|p1a: Okidogi|Crunch|p2b: Cresselia\n|-supereffective|p2b: Cresselia\n|-damage|p2b: Cresselia|37\/100\n|cant|p2a: Enamorus|flinch\n|\n|-heal|p1b: Iron Hands|58\/100|[from] item: Leftovers\n|upkeep\n|turn|4\n|\n|t:|1698507512\n|-terastallize|p1b: Iron Hands|Grass\n|move|p2b: Cresselia|Thunder Wave|p1a: Okidogi\n|-status|p1a: Okidogi|par\n|cant|p1a: Okidogi|par\n|move|p1b: Iron Hands|Wild Charge|p2a: Enamorus\n|-supereffective|p2a: Enamorus\n|-damage|p2a: Enamorus|0 fnt\n|faint|p2a: Enamorus\n|-damage|p1b: Iron Hands|43\/100|[from] Recoil\n|\n|-heal|p1b: Iron Hands|49\/100|[from] item: Leftovers\n|-sideend|p1: eternaplus|move: Tailwind\n|-sideend|p2: cotesmcgotes|move: Tailwind\n|upkeep\n|inactive|cotesmcgotes has 120 seconds left.\n|\n|t:|1698507531\n|switch|p2a: Ogerpon|Ogerpon-Hearthflame, F|100\/100\n|-ability|p2a: Ogerpon|Mold Breaker\n|turn|5\n|inactive|cotesmcgotes has 120 seconds left.\n|\n|t:|1698507556\n|move|p1b: Iron Hands|Detect|p1b: Iron Hands\n|-singleturn|p1b: Iron Hands|Protect\n|move|p2a: Ogerpon|Ivy Cudgel|p1b: Iron Hands\n|-activate|p1b: Iron Hands|move: Protect\n|move|p2b: Cresselia|Icy Wind|p1a: Okidogi|[spread] p1a\n|-activate|p1b: Iron Hands|move: Protect\n|-damage|p1a: Okidogi|93\/100 par\n|-unboost|p1a: Okidogi|spe|1\n|move|p1a: Okidogi|Crunch|p2b: Cresselia\n|-supereffective|p2b: Cresselia\n|-damage|p2b: Cresselia|0 fnt\n|faint|p2b: Cresselia\n|\n|-heal|p1b: Iron Hands|55\/100|[from] item: Leftovers\n|upkeep\n|inactive|cotesmcgotes has 120 seconds left.\n|\n|t:|1698507585\n|switch|p2b: Roaring Moon|Roaring Moon|100\/100\n|-enditem|p2b: Roaring Moon|Booster Energy\n|-activate|p2b: Roaring Moon|ability: Protosynthesis|[fromitem]\n|-start|p2b: Roaring Moon|protosynthesisatk\n|turn|6\n|inactive|cotesmcgotes has 120 seconds left.\n|\n|t:|1698507605\n|move|p2a: Ogerpon|Spiky Shield|p2a: Ogerpon\n|-singleturn|p2a: Ogerpon|move: Protect\n|move|p2b: Roaring Moon|Acrobatics|p1b: Iron Hands\n|-supereffective|p1b: Iron Hands\n|-damage|p1b: Iron Hands|0 fnt\n|faint|p1b: Iron Hands\n|-end|p1b: Iron Hands|Quark Drive|[silent]\n|move|p1a: Okidogi|Crunch|p2a: Ogerpon\n|-activate|p2a: Ogerpon|move: Protect\n|-damage|p1a: Okidogi|81\/100 par|[from] Spiky Shield|[of] p2a: Ogerpon\n|\n|upkeep\n|\n|t:|1698507617\n|switch|p1b: Grimmsnarl|Grimmsnarl, M|100\/100\n|turn|7\n|inactive|cotesmcgotes has 120 seconds left.\n|inactive|cotesmcgotes has 90 seconds left.\n|\n|t:|1698507685\n|move|p1b: Grimmsnarl|Reflect|p1b: Grimmsnarl\n|-sidestart|p1: eternaplus|Reflect\n|move|p2a: Ogerpon|Ivy Cudgel|p1a: Okidogi\n|-damage|p1a: Okidogi|44\/100 par\n|move|p2b: Roaring Moon|Iron Head|p1b: Grimmsnarl\n|-supereffective|p1b: Grimmsnarl\n|-damage|p1b: Grimmsnarl|29\/100\n|move|p1a: Okidogi|Crunch|p2a: Ogerpon\n|-damage|p2a: Ogerpon|51\/100\n|-unboost|p2a: Ogerpon|def|1\n|\n|upkeep\n|turn|8\n|inactive|cotesmcgotes has 90 seconds left.\n|inactive|cotesmcgotes has 60 seconds left.\n|\n|t:|1698507725\n|move|p1b: Grimmsnarl|Thunder Wave|p2b: Roaring Moon\n|-hint|Since gen 7, Dark is immune to Prankster moves.\n|-immune|p2b: Roaring Moon\n|move|p2a: Ogerpon|Horn Leech|p1b: Grimmsnarl\n|-damage|p1b: Grimmsnarl|0 fnt\n|-heal|p2a: Ogerpon|68\/100|[from] drain|[of] p1b: Grimmsnarl\n|faint|p1b: Grimmsnarl\n|move|p2b: Roaring Moon|Acrobatics|p1a: Okidogi\n|-supereffective|p1a: Okidogi\n|-damage|p1a: Okidogi|0 fnt\n|faint|p1a: Okidogi\n|\n|upkeep\n|\n|t:|1698507738\n|switch|p1a: Skeledirge|Skeledirge, M, shiny|100\/100\n|switch|p1b: Amoonguss|Amoonguss, F|100\/100\n|turn|9\n|inactive|cotesmcgotes has 60 seconds left.\n|inactive|eternaplus has 120 seconds left.\n|\n|t:|1698507773\n|-terastallize|p2a: Ogerpon|Fire\n|detailschange|p2a: Ogerpon|Ogerpon-Hearthflame-Tera, F, tera:Fire\n|-ability|p2a: Ogerpon|Embody Aspect (Hearthflame)|boost\n|-boost|p2a: Ogerpon|atk|1\n|move|p2a: Ogerpon|Ivy Cudgel|p1b: Amoonguss\n|-supereffective|p1b: Amoonguss\n|-damage|p1b: Amoonguss|0 fnt\n|faint|p1b: Amoonguss\n|move|p2b: Roaring Moon|Crunch|p1a: Skeledirge\n|-supereffective|p1a: Skeledirge\n|-damage|p1a: Skeledirge|35\/100\n|move|p1a: Skeledirge|Torch Song|p2a: Ogerpon\n|-resisted|p2a: Ogerpon\n|-damage|p2a: Ogerpon|48\/100\n|-boost|p1a: Skeledirge|spa|1\n|\n|upkeep\n|turn|10\n|\n|t:|1698507792\n|move|p2a: Ogerpon|Ivy Cudgel|p1a: Skeledirge\n|-resisted|p1a: Skeledirge\n|-damage|p1a: Skeledirge|13\/100\n|-enditem|p1a: Skeledirge|Aguav Berry|[eat]\n|-heal|p1a: Skeledirge|46\/100|[from] item: Aguav Berry\n|move|p2b: Roaring Moon|Crunch|p1a: Skeledirge\n|-supereffective|p1a: Skeledirge\n|-damage|p1a: Skeledirge|0 fnt\n|faint|p1a: Skeledirge\n|\n|win|cotesmcgotes\n|raw|eternaplus's rating: 1375 &rarr; <strong>1357<\/strong><br \/>(-18 for losing)\n|raw|cotesmcgotes's rating: 1415 &rarr; <strong>1433<\/strong><br \/>(+18 for winning)\n","uploadtime":1698507803,"views":12,"p1id":"eternaplus","p2id":"cotesmcgotes","formatid":"gen9doublesou","rating":1357,"private":0,"password":""}