{"id":"gen9doublesou-1998051217","p1":"Shelmett","p2":"greninja1","format":"[Gen 9] Doubles OU","log":"|j|\u2606Shelmett\n|j|\u2606greninja1\n|t:|1700883947\n|gametype|doubles\n|player|p1|Shelmett|roxie|1048\n|player|p2|greninja1|265|1163\n|teamsize|p1|6\n|teamsize|p2|6\n|gen|9\n|tier|[Gen 9] Doubles OU\n|rated|\n|rule|Species Clause: Limit one of each Pok\u00e9mon\n|rule|OHKO Clause: OHKO moves are banned\n|rule|Evasion Moves Clause: Evasion moves are banned\n|rule|Gravity Sleep Clause: The combination of sleep-inducing moves with imperfect accuracy and Gravity or Gigantamax Orbeetle are banned\n|rule|Endless Battle Clause: Forcing endless battles is banned\n|rule|HP Percentage Mod: HP is shown in percentages\n|clearpoke\n|poke|p1|Skuntank, M|\n|poke|p1|Delibird, M|\n|poke|p1|Cresselia, F|\n|poke|p1|Tornadus, M|\n|poke|p1|Flutter Mane|\n|poke|p1|Shroodle, F|\n|poke|p2|Oranguru, F|\n|poke|p2|Flutter Mane|\n|poke|p2|Dragonite, F|\n|poke|p2|Kingambit, F|\n|poke|p2|Ursaluna-Bloodmoon, M|\n|poke|p2|Weezing, M|\n|teampreview\n|\n|t:|1700883966\n|start\n|switch|p1a: Tornadus|Tornadus, M|100\/100\n|switch|p1b: Delibird|Delibird, M|100\/100\n|switch|p2a: Weezing|Weezing, M|100\/100\n|switch|p2b: Dragonite|Dragonite, F|100\/100\n|-ability|p2a: Weezing|Neutralizing Gas\n|turn|1\n|inactive|Battle timer is ON: inactive players will automatically lose when time's up. (requested by greninja1)\n|\n|t:|1700883983\n|switch|p2b: Flutter Mane|Flutter Mane|100\/100\n|-enditem|p2b: Flutter Mane|Booster Energy\n|-activate|p2b: Flutter Mane|ability: Protosynthesis|[fromitem]\n|-start|p2b: Flutter Mane|protosynthesisspe\n|-terastallize|p1a: Tornadus|Flying\n|move|p1b: Delibird|Ice Shard|p1a: Tornadus\n|-supereffective|p1a: Tornadus\n|-damage|p1a: Tornadus|60\/100\n|-enditem|p1a: Tornadus|Weakness Policy\n|-boost|p1a: Tornadus|atk|2|[from] item: Weakness Policy\n|-boost|p1a: Tornadus|spa|2|[from] item: Weakness Policy\n|move|p1a: Tornadus|Bleakwind Storm|p2b: Flutter Mane|[spread] p2a,p2b\n|-damage|p2a: Weezing|3\/100\n|-damage|p2b: Flutter Mane|0 fnt\n|-unboost|p2a: Weezing|spe|1\n|-enditem|p2a: Weezing|Sitrus Berry|[eat]\n|-heal|p2a: Weezing|28\/100|[from] item: Sitrus Berry\n|faint|p2b: Flutter Mane\n|-end|p2b: Flutter Mane|Protosynthesis|[silent]\n|move|p2a: Weezing|Sludge Bomb|p1b: Delibird\n|-damage|p1b: Delibird|20\/100\n|\n|upkeep\n|\n|t:|1700884012\n|switch|p2b: Dragonite|Dragonite, F|100\/100\n|turn|2\n|\n|t:|1700884021\n|-terastallize|p2b: Dragonite|Normal\n|move|p2b: Dragonite|Extreme Speed|p1a: Tornadus\n|-damage|p1a: Tornadus|0 fnt\n|faint|p1a: Tornadus\n|move|p1b: Delibird|Ice Shard|p2b: Dragonite\n|-damage|p2b: Dragonite|86\/100\n|move|p2a: Weezing|Destiny Bond|p2a: Weezing\n|-singlemove|p2a: Weezing|Destiny Bond\n|\n|upkeep\n|\n|t:|1700884034\n|switch|p1a: Flutter Mane|Flutter Mane|100\/100\n|turn|3\n|\n|t:|1700884047\n|move|p1b: Delibird|Helping Hand|p1a: Flutter Mane\n|-singleturn|p1a: Flutter Mane|Helping Hand|[of] p1b: Delibird\n|move|p2b: Dragonite|Extreme Speed|p1b: Delibird\n|-damage|p1b: Delibird|0 fnt\n|faint|p1b: Delibird\n|move|p1a: Flutter Mane|Dazzling Gleam|p2b: Dragonite|[spread] p2a,p2b\n|-resisted|p2a: Weezing\n|-damage|p2a: Weezing|6\/100\n|-damage|p2b: Dragonite|36\/100\n|move|p2a: Weezing|Sludge Bomb|p1a: Flutter Mane\n|-damage|p1a: Flutter Mane|74\/100\n|\n|upkeep\n|\n|t:|1700884060\n|switch|p1b: Shroodle|Shroodle, F|100\/100\n|turn|4\n|\n|t:|1700884076\n|move|p2a: Weezing|Protect|p2a: Weezing\n|-singleturn|p2a: Weezing|Protect\n|move|p2b: Dragonite|Extreme Speed|p1b: Shroodle\n|-enditem|p1b: Shroodle|Focus Sash\n|-damage|p1b: Shroodle|1\/100\n|move|p1a: Flutter Mane|Dazzling Gleam|p2a: Weezing|[spread] p2b\n|-activate|p2a: Weezing|move: Protect\n|-damage|p2b: Dragonite|5\/100\n|move|p1b: Shroodle|Copycat|p1b: Shroodle\n|move|p1b: Shroodle|Dazzling Gleam|p2b: Dragonite|[from]move: Copycat|[spread] p2b\n|-activate|p2a: Weezing|move: Protect\n|-damage|p2b: Dragonite|0 fnt\n|faint|p2b: Dragonite\n|\n|upkeep\n|\n|t:|1700884095\n|switch|p2b: Kingambit|Kingambit, F|100\/100\n|turn|5\n|inactive|Shelmett has 120 seconds left.\n|\n|t:|1700884126\n|move|p1a: Flutter Mane|Mystical Fire|p2b: Kingambit\n|-supereffective|p2b: Kingambit\n|-damage|p2b: Kingambit|39\/100\n|move|p1b: Shroodle|Foul Play|p2a: Weezing\n|-damage|p2a: Weezing|0 fnt\n|faint|p2a: Weezing\n|-end|p2a: Weezing|ability: Neutralizing Gas\n|move|p2b: Kingambit|Iron Head|p1a: Flutter Mane\n|-supereffective|p1a: Flutter Mane\n|-damage|p1a: Flutter Mane|0 fnt\n|faint|p1a: Flutter Mane\n|-end|p1a: Flutter Mane|Protosynthesis|[silent]\n|\n|upkeep\n|\n|t:|1700884143\n|switch|p1a: Cresselia|Cresselia, F|100\/100\n|switch|p2a: Oranguru|Oranguru, F|100\/100\n|turn|6\n|\n|t:|1700884164\n|move|p2b: Kingambit|Protect|p2b: Kingambit\n|-singleturn|p2b: Kingambit|Protect\n|move|p1b: Shroodle|Taunt|p2a: Oranguru\n|-start|p2a: Oranguru|move: Taunt\n|move|p1a: Cresselia|Thunderbolt|p2b: Kingambit\n|-activate|p2b: Kingambit|move: Protect\n|cant|p2a: Oranguru|move: Taunt|Trick Room\n|\n|upkeep\n|turn|7\n|\n|t:|1700884185\n|switch|p2b: Ursaluna|Ursaluna-Bloodmoon, M|100\/100\n|move|p1b: Shroodle|Foul Play|p2a: Oranguru\n|-supereffective|p2a: Oranguru\n|-crit|p2a: Oranguru\n|-damage|p2a: Oranguru|66\/100\n|move|p1a: Cresselia|Thunderbolt|p2b: Ursaluna\n|-immune|p2b: Ursaluna\n|move|p2a: Oranguru|Psychic|p1b: Shroodle\n|-supereffective|p1b: Shroodle\n|-damage|p1b: Shroodle|0 fnt\n|faint|p1b: Shroodle\n|-damage|p2a: Oranguru|56\/100|[from] item: Life Orb\n|\n|upkeep\n|\n|t:|1700884192\n|switch|p1b: Skuntank|Skuntank, M|100\/100\n|turn|8\n|inactive|Shelmett has 120 seconds left.\n|\n|t:|1700884223\n|switch|p2a: Kingambit|Kingambit, F|39\/100\n|move|p1b: Skuntank|Knock Off|p2b: Ursaluna\n|-damage|p2b: Ursaluna|75\/100\n|-enditem|p2b: Ursaluna|Leftovers|[from] move: Knock Off|[of] p1b: Skuntank\n|move|p1a: Cresselia|Ice Beam|p2b: Ursaluna\n|-supereffective|p2b: Ursaluna\n|-damage|p2b: Ursaluna|24\/100\n|move|p2b: Ursaluna|Calm Mind|p2b: Ursaluna\n|-boost|p2b: Ursaluna|spa|1\n|-boost|p2b: Ursaluna|spd|1\n|\n|upkeep\n|turn|9\n|\n|t:|1700884246\n|move|p2a: Kingambit|Sucker Punch|p1a: Cresselia\n|-supereffective|p1a: Cresselia\n|-damage|p1a: Cresselia|45\/100\n|move|p1b: Skuntank|Knock Off|p2b: Ursaluna\n|-damage|p2b: Ursaluna|7\/100\n|move|p1a: Cresselia|Ice Beam|p2b: Ursaluna\n|-supereffective|p2b: Ursaluna\n|-damage|p2b: Ursaluna|0 fnt\n|faint|p2b: Ursaluna\n|\n|-heal|p1a: Cresselia|51\/100|[from] item: Leftovers\n|upkeep\n|\n|t:|1700884250\n|switch|p2b: Oranguru|Oranguru, F|56\/100\n|turn|10\n|\n|t:|1700884261\n|move|p2a: Kingambit|Sucker Punch||[still]\n|-fail|p2a: Kingambit\n|move|p1b: Skuntank|Taunt|p2b: Oranguru\n|-start|p2b: Oranguru|move: Taunt\n|move|p1a: Cresselia|Moonlight|p1a: Cresselia\n|-heal|p1a: Cresselia|100\/100\n|cant|p2b: Oranguru|move: Taunt|Trick Room\n|\n|upkeep\n|turn|11\n|\n|t:|1700884277\n|move|p1b: Skuntank|Knock Off|p2b: Oranguru\n|-supereffective|p2b: Oranguru\n|-damage|p2b: Oranguru|0 fnt\n|-enditem|p2b: Oranguru|Life Orb|[from] move: Knock Off|[of] p1b: Skuntank\n|faint|p2b: Oranguru\n|move|p1a: Cresselia|Calm Mind|p1a: Cresselia\n|-boost|p1a: Cresselia|spa|1\n|-boost|p1a: Cresselia|spd|1\n|move|p2a: Kingambit|Iron Head|p1b: Skuntank\n|-damage|p1b: Skuntank|35\/100\n|\n|upkeep\n|turn|12\n|\n|t:|1700884292\n|move|p2a: Kingambit|Sucker Punch|p1b: Skuntank\n|-resisted|p1b: Skuntank\n|-damage|p1b: Skuntank|7\/100\n|move|p1b: Skuntank|Knock Off|p2a: Kingambit\n|-resisted|p2a: Kingambit\n|-crit|p2a: Kingambit\n|-damage|p2a: Kingambit|18\/100\n|-enditem|p2a: Kingambit|Covert Cloak|[from] move: Knock Off|[of] p1b: Skuntank\n|move|p1a: Cresselia|Thunderbolt|p2a: Kingambit\n|-damage|p2a: Kingambit|0 fnt\n|faint|p2a: Kingambit\n|\n|win|Shelmett\n|raw|Shelmett's rating: 1048 &rarr; <strong>1091<\/strong><br \/>(+43 for winning)\n|raw|greninja1's rating: 1163 &rarr; <strong>1130<\/strong><br \/>(-33 for losing)\n|l|\u2606greninja1\n|c|\u2606Shelmett|gg\n","uploadtime":1700884303,"views":11,"p1id":"shelmett","p2id":"greninja1","formatid":"gen9doublesou","rating":1091,"private":0,"password":""}