{"id":"gen9doublesou-1984769329","p1":"pegasusilios119","p2":"alotalot","format":"[Gen 9] Doubles OU","log":"|j|\u2606pegasusilios119\n|j|\u2606alotalot\n|t:|1699297532\n|gametype|doubles\n|player|p1|pegasusilios119|1|1110\n|player|p2|alotalot|265|1059\n|teamsize|p1|6\n|teamsize|p2|6\n|gen|9\n|tier|[Gen 9] Doubles OU\n|rated|\n|rule|Species Clause: Limit one of each Pok\u00e9mon\n|rule|OHKO Clause: OHKO moves are banned\n|rule|Evasion Moves Clause: Evasion moves are banned\n|rule|Gravity Sleep Clause: The combination of sleep-inducing moves with imperfect accuracy and Gravity or Gigantamax Orbeetle are banned\n|rule|Endless Battle Clause: Forcing endless battles is banned\n|rule|HP Percentage Mod: HP is shown in percentages\n|clearpoke\n|poke|p1|Iron Jugulis|\n|poke|p1|Farigiraf, F|\n|poke|p1|Orthworm, F|\n|poke|p1|Ting-Lu|\n|poke|p1|Maushold|\n|poke|p1|Gholdengo|\n|poke|p2|Luxray, F|\n|poke|p2|Slaking, M|\n|poke|p2|Snorlax, F|\n|poke|p2|Sinistcha|\n|poke|p2|Weezing, F|\n|poke|p2|Spiritomb, M|\n|teampreview\n|c|\u2606pegasusilios119|glhf\n|inactive|Battle timer is ON: inactive players will automatically lose when time's up. (requested by pegasusilios119)\n|\n|t:|1699297556\n|start\n|switch|p1a: Iron Jugulis|Iron Jugulis|100\/100\n|switch|p1b: Maushold|Maushold|100\/100\n|switch|p2a: Weezing|Weezing, F|100\/100\n|switch|p2b: Slaking|Slaking, M|100\/100\n|-ability|p2a: Weezing|Neutralizing Gas\n|turn|1\n|\n|t:|1699297581\n|move|p1b: Maushold|Population Bomb|p2b: Slaking\n|-damage|p2b: Slaking|96\/100\n|-damage|p2b: Slaking|92\/100\n|-damage|p2b: Slaking|88\/100\n|-damage|p2b: Slaking|83\/100\n|-damage|p2b: Slaking|79\/100\n|-damage|p2b: Slaking|74\/100\n|-damage|p2b: Slaking|70\/100\n|-damage|p2b: Slaking|66\/100\n|-damage|p2b: Slaking|61\/100\n|-damage|p2b: Slaking|57\/100\n|-hitcount|p2b: Slaking|10\n|move|p1a: Iron Jugulis|Taunt|p2a: Weezing\n|-start|p2a: Weezing|move: Taunt\n|move|p2b: Slaking|Drain Punch|p1b: Maushold\n|-supereffective|p1b: Maushold\n|-damage|p1b: Maushold|20\/100\n|-heal|p2b: Slaking|89\/100|[from] drain|[of] p1b: Maushold\n|cant|p2a: Weezing|move: Taunt|Will-O-Wisp\n|\n|upkeep\n|turn|2\n|\n|t:|1699297610\n|move|p1b: Maushold|Super Fang|p2b: Slaking\n|-damage|p2b: Slaking|45\/100\n|move|p1a: Iron Jugulis|Dark Pulse|p2b: Slaking\n|-damage|p2b: Slaking|0 fnt\n|faint|p2b: Slaking\n|-damage|p1a: Iron Jugulis|91\/100|[from] item: Life Orb\n|move|p2a: Weezing|Gyro Ball|p1a: Iron Jugulis\n|-damage|p1a: Iron Jugulis|72\/100\n|\n|upkeep\n|inactive|alotalot has 120 seconds left.\n|\n|t:|1699297621\n|switch|p2b: Spiritomb|Spiritomb, M|100\/100\n|turn|3\n|\n|t:|1699297632\n|-end|p2a: Weezing|ability: Neutralizing Gas\n|switch|p2a: Snorlax|Snorlax, F|100\/100\n|move|p1b: Maushold|Population Bomb|p2a: Snorlax\n|-damage|p2a: Snorlax|95\/100\n|-damage|p2a: Snorlax|89\/100\n|-damage|p2a: Snorlax|83\/100\n|-damage|p2a: Snorlax|76\/100\n|-damage|p2a: Snorlax|71\/100\n|-damage|p2a: Snorlax|65\/100\n|-damage|p2a: Snorlax|59\/100\n|-damage|p2a: Snorlax|52\/100\n|-damage|p2a: Snorlax|46\/100\n|-enditem|p2a: Snorlax|Aguav Berry|[eat]\n|-heal|p2a: Snorlax|80\/100|[from] item: Aguav Berry\n|-hitcount|p2a: Snorlax|9\n|move|p1a: Iron Jugulis|Taunt|p2b: Spiritomb\n|-start|p2b: Spiritomb|move: Taunt\n|cant|p2b: Spiritomb|move: Taunt|Trick Room\n|\n|upkeep\n|turn|4\n|\n|t:|1699297660\n|move|p1b: Maushold|Population Bomb|p2a: Snorlax\n|-damage|p2a: Snorlax|73\/100\n|-damage|p2a: Snorlax|67\/100\n|-damage|p2a: Snorlax|60\/100\n|-damage|p2a: Snorlax|54\/100\n|-damage|p2a: Snorlax|48\/100\n|-damage|p2a: Snorlax|42\/100\n|-damage|p2a: Snorlax|36\/100\n|-damage|p2a: Snorlax|29\/100\n|-damage|p2a: Snorlax|23\/100\n|-damage|p2a: Snorlax|17\/100\n|-hitcount|p2a: Snorlax|10\n|move|p1a: Iron Jugulis|Dark Pulse|p2a: Snorlax\n|-damage|p2a: Snorlax|0 fnt\n|faint|p2a: Snorlax\n|-damage|p1a: Iron Jugulis|63\/100|[from] item: Life Orb\n|move|p2b: Spiritomb|Shadow Ball|p1a: Iron Jugulis\n|-resisted|p1a: Iron Jugulis\n|-damage|p1a: Iron Jugulis|45\/100\n|\n|upkeep\n|inactive|alotalot has 120 seconds left.\n|\n|t:|1699297680\n|switch|p2a: Sinistcha|Sinistcha|100\/100\n|turn|5\n|\n|t:|1699297690\n|move|p1b: Maushold|Taunt|p2a: Sinistcha\n|-start|p2a: Sinistcha|move: Taunt\n|move|p1a: Iron Jugulis|Hurricane|p2a: Sinistcha\n|-supereffective|p2a: Sinistcha\n|-damage|p2a: Sinistcha|0 fnt\n|faint|p2a: Sinistcha\n|-damage|p1a: Iron Jugulis|35\/100|[from] item: Life Orb\n|move|p2b: Spiritomb|Shadow Ball|p1a: Iron Jugulis\n|-resisted|p1a: Iron Jugulis\n|-damage|p1a: Iron Jugulis|21\/100\n|\n|-end|p2b: Spiritomb|move: Taunt\n|upkeep\n|\n|t:|1699297702\n|switch|p2a: Luxray|Luxray, F|100\/100\n|-ability|p2a: Luxray|Intimidate|boost\n|-unboost|p1a: Iron Jugulis|atk|1\n|-unboost|p1b: Maushold|atk|1\n|-item|p2a: Luxray|Air Balloon\n|turn|6\n|\n|t:|1699297715\n|switch|p1b: Ting-Lu|Ting-Lu|100\/100\n|-ability|p1b: Ting-Lu|Vessel of Ruin\n|-end|p1a: Iron Jugulis|Quark Drive|[silent]\n|switch|p1a: Orthworm|Orthworm, F|100\/100\n|move|p2a: Luxray|Volt Switch|p1a: Orthworm\n|-damage|p1a: Orthworm|78\/100\n|\n|t:|1699297724\n|switch|p2a: Weezing|Weezing, F|100\/100|[from] Volt Switch\n|-ability|p2a: Weezing|Neutralizing Gas\n|move|p2b: Spiritomb|Shadow Ball|p1b: Ting-Lu\n|-resisted|p1b: Ting-Lu\n|-damage|p1b: Ting-Lu|90\/100\n|\n|-heal|p1a: Orthworm|85\/100|[from] item: Leftovers\n|upkeep\n|turn|7\n|\n|t:|1699297742\n|move|p1a: Orthworm|Iron Defense|p1a: Orthworm\n|-boost|p1a: Orthworm|def|2\n|move|p1b: Ting-Lu|Earthquake|p2a: Weezing|[spread] p1a,p2a,p2b\n|-supereffective|p1a: Orthworm\n|-supereffective|p2a: Weezing\n|-damage|p1a: Orthworm|44\/100\n|-damage|p2a: Weezing|0 fnt\n|-damage|p2b: Spiritomb|41\/100\n|faint|p2a: Weezing\n|-end|p2a: Weezing|ability: Neutralizing Gas\n|-ability|p1b: Ting-Lu|Vessel of Ruin\n|move|p2b: Spiritomb|Skill Swap|p1b: Ting-Lu\n|-activate|p2b: Spiritomb|move: Skill Swap|Vessel of Ruin|Infiltrator|[of] p1b: Ting-Lu\n|-ability|p2b: Spiritomb|Vessel of Ruin\n|\n|-heal|p1a: Orthworm|50\/100|[from] item: Leftovers\n|upkeep\n|\n|t:|1699297756\n|switch|p2a: Luxray|Luxray, F|100\/100\n|-ability|p2a: Luxray|Intimidate|boost\n|-unboost|p1a: Orthworm|atk|1\n|-unboost|p1b: Ting-Lu|atk|1\n|-item|p2a: Luxray|Air Balloon\n|turn|8\n|\n|t:|1699297768\n|move|p1a: Orthworm|Body Press|p2a: Luxray\n|-damage|p2a: Luxray|49\/100\n|-enditem|p2a: Luxray|Air Balloon\n|move|p2a: Luxray|Volt Switch|p1a: Orthworm\n|-damage|p1a: Orthworm|29\/100\n|move|p1b: Ting-Lu|Earthquake|p2a: Luxray|[spread] p2a,p2b\n|-heal|p1a: Orthworm|54\/100|[from] ability: Earth Eater|[of] p1b: Ting-Lu\n|-supereffective|p2a: Luxray\n|-damage|p2a: Luxray|0 fnt\n|-damage|p2b: Spiritomb|0 fnt\n|faint|p2a: Luxray\n|faint|p2b: Spiritomb\n|\n|win|pegasusilios119\n|raw|pegasusilios119's rating: 1110 &rarr; <strong>1131<\/strong><br \/>(+21 for winning)\n|raw|alotalot's rating: 1059 &rarr; <strong>1043<\/strong><br \/>(-16 for losing)\n|c|\u2606pegasusilios119|ggs\n|c|\u2606pegasusilios119|6-0\n","uploadtime":1699297785,"views":10,"p1id":"pegasusilios119","p2id":"alotalot","formatid":"gen9doublesou","rating":1043,"private":0,"password":""}