{"id":"gen9doublesou-1972240440","p1":"Black_Kamui9","p2":"king888","format":"[Gen 9] Doubles OU","log":"|j|\u2606Black_Kamui9\n|j|\u2606king888\n|t:|1697824237\n|gametype|doubles\n|player|p1|Black_Kamui9|ingo|1223\n|player|p2|king888|cynthia|1131\n|teamsize|p1|6\n|teamsize|p2|6\n|gen|9\n|tier|[Gen 9] Doubles OU\n|rated|\n|rule|Species Clause: Limit one of each Pok\u00e9mon\n|rule|OHKO Clause: OHKO moves are banned\n|rule|Evasion Moves Clause: Evasion moves are banned\n|rule|Gravity Sleep Clause: The combination of sleep-inducing moves with imperfect accuracy and Gravity or Gigantamax Orbeetle are banned\n|rule|Endless Battle Clause: Forcing endless battles is banned\n|rule|HP Percentage Mod: HP is shown in percentages\n|clearpoke\n|poke|p1|Kommo-o, M|\n|poke|p1|Oricorio-Sensu, F|\n|poke|p1|Iron Moth|\n|poke|p1|Flamigo, M|\n|poke|p1|Volcarona, F|\n|poke|p1|Dragonite, M|\n|poke|p2|Amoonguss, M|\n|poke|p2|Dudunsparce-*, M|\n|poke|p2|Sneasler, F|\n|poke|p2|Gliscor, M|\n|poke|p2|Garchomp, M|\n|poke|p2|Zapdos|\n|teampreview\n|\n|t:|1697824246\n|start\n|switch|p1a: Volcarona|Volcarona, F|100\/100\n|switch|p1b: Oricorio|Oricorio-Sensu, F|100\/100\n|switch|p2a: Amoonguss|Amoonguss, M|100\/100\n|switch|p2b: Dudunsparce|Dudunsparce-Three-Segment, M|100\/100\n|turn|1\n|\n|t:|1697824262\n|move|p1b: Oricorio|Protect|p1b: Oricorio\n|-singleturn|p1b: Oricorio|Protect\n|move|p1a: Volcarona|Quiver Dance|p1a: Volcarona\n|-boost|p1a: Volcarona|spa|1\n|-boost|p1a: Volcarona|spd|1\n|-boost|p1a: Volcarona|spe|1\n|-activate|p1b: Oricorio|ability: Dancer\n|move|p1b: Oricorio|Quiver Dance|p1b: Oricorio|[from]ability: Dancer\n|-boost|p1b: Oricorio|spa|1\n|-boost|p1b: Oricorio|spd|1\n|-boost|p1b: Oricorio|spe|1\n|move|p2b: Dudunsparce|Coil|p2b: Dudunsparce\n|-boost|p2b: Dudunsparce|atk|1\n|-boost|p2b: Dudunsparce|def|1\n|-boost|p2b: Dudunsparce|accuracy|1\n|move|p2a: Amoonguss|Spore|p1a: Volcarona\n|-status|p1a: Volcarona|slp|[from] move: Spore\n|\n|upkeep\n|turn|2\n|\n|t:|1697824297\n|switch|p1a: Iron Moth|Iron Moth|100\/100\n|-terastallize|p1b: Oricorio|Flying\n|move|p1b: Oricorio|Tera Blast|p2a: Amoonguss|[anim] Tera Blast Flying\n|-supereffective|p2a: Amoonguss\n|-damage|p2a: Amoonguss|0 fnt\n|faint|p2a: Amoonguss\n|move|p2b: Dudunsparce|Coil|p2b: Dudunsparce\n|-boost|p2b: Dudunsparce|atk|1\n|-boost|p2b: Dudunsparce|def|1\n|-boost|p2b: Dudunsparce|accuracy|1\n|\n|upkeep\n|\n|t:|1697824313\n|switch|p2a: Zapdos|Zapdos|100\/100\n|turn|3\n|\n|t:|1697824323\n|move|p1b: Oricorio|Protect|p1b: Oricorio\n|-singleturn|p1b: Oricorio|Protect\n|move|p1a: Iron Moth|Fiery Dance|p2a: Zapdos\n|-damage|p2a: Zapdos|44\/100\n|-boost|p1a: Iron Moth|spa|1\n|-activate|p1b: Oricorio|ability: Dancer\n|move|p1b: Oricorio|Fiery Dance|p2a: Zapdos|[from]ability: Dancer\n|-damage|p2a: Zapdos|7\/100\n|-boost|p1b: Oricorio|spa|1\n|move|p2a: Zapdos|Thunderbolt|p1b: Oricorio\n|-activate|p1b: Oricorio|move: Protect\n|move|p2b: Dudunsparce|Baton Pass|p2b: Dudunsparce\n|\n|t:|1697824347\n|switch|p2b: Gliscor|Gliscor, M|100\/100|[from] Baton Pass\n|\n|-status|p2b: Gliscor|tox|[from] item: Toxic Orb\n|upkeep\n|turn|4\n|\n|t:|1697824366\n|move|p1b: Oricorio|Substitute|p1b: Oricorio\n|-start|p1b: Oricorio|Substitute\n|-damage|p1b: Oricorio|76\/100\n|move|p1a: Iron Moth|Fiery Dance|p2b: Gliscor\n|-damage|p2b: Gliscor|0 fnt\n|-boost|p1a: Iron Moth|spa|1\n|faint|p2b: Gliscor\n|-activate|p1b: Oricorio|ability: Dancer\n|move|p1b: Oricorio|Fiery Dance|p2a: Zapdos|[from]ability: Dancer\n|-damage|p2a: Zapdos|0 fnt\n|-boost|p1b: Oricorio|spa|1\n|faint|p2a: Zapdos\n|\n|-heal|p1b: Oricorio|82\/100|[from] item: Leftovers\n|upkeep\n|c|\u2606Black_Kamui9|gg\n|inactive|Battle timer is ON: inactive players will automatically lose when time's up. (requested by Black_Kamui9)\n|\n|t:|1697824393\n|switch|p2a: Dudunsparce|Dudunsparce-Three-Segment, M|100\/100\n|switch|p2b: Garchomp|Garchomp, M|100\/100\n|turn|5\n|\n|t:|1697824411\n|move|p1b: Oricorio|Revelation Dance|p2b: Garchomp\n|-damage|p2b: Garchomp|0 fnt\n|faint|p2b: Garchomp\n|move|p1a: Iron Moth|Fiery Dance|p2a: Dudunsparce\n|-damage|p2a: Dudunsparce|20\/100\n|-activate|p1b: Oricorio|ability: Dancer\n|move|p1b: Oricorio|Fiery Dance|p2a: Dudunsparce|[from]ability: Dancer\n|-damage|p2a: Dudunsparce|0 fnt\n|faint|p2a: Dudunsparce\n|\n|-heal|p1b: Oricorio|88\/100|[from] item: Leftovers\n|upkeep\n|c|\u2606king888|gg\n|inactive|king888 has 120 seconds left.\n|\n|t:|1697824441\n|switch|p2b: Sneasler|Sneasler, F|100\/100\n|-item|p2b: Sneasler|Air Balloon\n|turn|6\n|\n|t:|1697824447\n|move|p1b: Oricorio|Protect|p1b: Oricorio\n|-singleturn|p1b: Oricorio|Protect\n|move|p2b: Sneasler|Dire Claw|p1a: Iron Moth\n|-resisted|p1a: Iron Moth\n|-damage|p1a: Iron Moth|67\/100\n|move|p1a: Iron Moth|Fiery Dance|p2b: Sneasler\n|-damage|p2b: Sneasler|0 fnt\n|-enditem|p2b: Sneasler|Air Balloon\n|faint|p2b: Sneasler\n|-activate|p1b: Oricorio|ability: Dancer\n|move|p1b: Oricorio|Fiery Dance|p2: Dudunsparce|[from]ability: Dancer|[notarget]\n|-fail|p1b: Oricorio\n|\n|win|Black_Kamui9\n|raw|Black_Kamui9's rating: 1223 &rarr; <strong>1242<\/strong><br \/>(+19 for winning)\n|raw|king888's rating: 1131 &rarr; <strong>1112<\/strong><br \/>(-19 for losing)\n","uploadtime":1697824471,"views":22,"p1id":"blackkamui9","p2id":"king888","formatid":"gen9doublesou","rating":1112,"private":0,"password":""}