{"id":"gen9doublesou-1988563823","p1":"mikeyuwu","p2":"TitsMcG","format":"[Gen 9] Doubles OU","log":"|j|\u2606mikeyuwu\n|j|\u2606TitsMcG\n|t:|1699736553\n|gametype|doubles\n|player|p1|mikeyuwu|psychic-gen4|1208\n|player|p2|TitsMcG|pokefan-gen4|1380\n|teamsize|p1|6\n|teamsize|p2|6\n|gen|9\n|tier|[Gen 9] Doubles OU\n|rated|\n|rule|Species Clause: Limit one of each Pok\u00e9mon\n|rule|OHKO Clause: OHKO moves are banned\n|rule|Evasion Moves Clause: Evasion moves are banned\n|rule|Gravity Sleep Clause: The combination of sleep-inducing moves with imperfect accuracy and Gravity or Gigantamax Orbeetle are banned\n|rule|Endless Battle Clause: Forcing endless battles is banned\n|rule|HP Percentage Mod: HP is shown in percentages\n|clearpoke\n|poke|p1|Garchomp, M|\n|poke|p1|Tyranitar, F|\n|poke|p1|Vaporeon, F|\n|poke|p1|Toxicroak, M|\n|poke|p1|Pelipper, F|\n|poke|p1|Abomasnow, M|\n|poke|p2|Ogerpon-Wellspring, F|\n|poke|p2|Tornadus, M|\n|poke|p2|Flutter Mane|\n|poke|p2|Landorus-Therian, M|\n|poke|p2|Iron Hands|\n|poke|p2|Arcanine-Hisui, F|\n|teampreview\n|inactive|Battle timer is ON: inactive players will automatically lose when time's up. (requested by TitsMcG)\n|\n|t:|1699736576\n|start\n|switch|p1a: OTLHPM|Toxicroak, M|100\/100\n|switch|p1b: Harmacy|Vaporeon, F|100\/100\n|switch|p2a: Landorus|Landorus-Therian, M|100\/100\n|switch|p2b: Flutter Mane|Flutter Mane|100\/100\n|-ability|p2a: Landorus|Intimidate|boost\n|-unboost|p1a: OTLHPM|atk|1\n|-unboost|p1b: Harmacy|atk|1\n|turn|1\n|\n|t:|1699736597\n|-end|p2b: Flutter Mane|Protosynthesis|[silent]\n|switch|p2b: Iron Hands|Iron Hands|100\/100\n|move|p2a: Landorus|Sandsear Storm|p1a: OTLHPM|[spread] p1a,p1b\n|-supereffective|p1a: OTLHPM\n|-damage|p1a: OTLHPM|22\/100\n|-damage|p1b: Harmacy|74\/100\n|move|p1a: OTLHPM|Poison Jab|p2b: Iron Hands\n|-damage|p2b: Iron Hands|85\/100\n|move|p1b: Harmacy|Icy Wind|p2b: Iron Hands|[spread] p2a,p2b\n|-supereffective|p2a: Landorus\n|-damage|p2a: Landorus|40\/100\n|-damage|p2b: Iron Hands|78\/100\n|-unboost|p2a: Landorus|spe|1\n|-unboost|p2b: Iron Hands|spe|1\n|\n|-heal|p1a: OTLHPM|28\/100|[from] item: Black Sludge\n|-heal|p1b: Harmacy|80\/100|[from] item: Leftovers\n|upkeep\n|turn|2\n|\n|t:|1699736612\n|switch|p1a: Weather War|Pelipper, F|100\/100\n|-weather|RainDance|[from] ability: Drizzle|[of] p1a: Weather War\n|switch|p1b: Extra Spicy|Garchomp, M|100\/100\n|move|p2b: Iron Hands|Fake Out|p1b: Extra Spicy\n|-damage|p1b: Extra Spicy|91\/100\n|-damage|p2b: Iron Hands|66\/100|[from] ability: Rough Skin|[of] p1b: Extra Spicy\n|-damage|p2b: Iron Hands|49\/100|[from] item: Rocky Helmet|[of] p1b: Extra Spicy\n|move|p2a: Landorus|Sandsear Storm|p1b: Extra Spicy|[spread] p1b\n|-immune|p1a: Weather War\n|-damage|p1b: Extra Spicy|59\/100\n|-status|p1b: Extra Spicy|brn\n|\n|-weather|RainDance|[upkeep]\n|-damage|p1b: Extra Spicy|53\/100 brn|[from] brn\n|upkeep\n|turn|3\n|\n|t:|1699736634\n|switch|p2a: Ogerpon|Ogerpon-Wellspring, F|100\/100\n|move|p1b: Extra Spicy|Earthquake|p2a: Ogerpon|[spread] p2a,p2b\n|-immune|p1a: Weather War\n|-resisted|p2a: Ogerpon\n|-supereffective|p2b: Iron Hands\n|-damage|p2a: Ogerpon|91\/100\n|-damage|p2b: Iron Hands|29\/100\n|move|p1a: Weather War|Blizzard|p2a: Ogerpon|[spread] p2a\n|-miss|p1a: Weather War|p2b: Iron Hands\n|-damage|p2a: Ogerpon|68\/100\n|move|p2b: Iron Hands|Wild Charge|p1a: Weather War\n|-supereffective|p1a: Weather War\n|-damage|p1a: Weather War|0 fnt\n|faint|p1a: Weather War\n|-damage|p2b: Iron Hands|14\/100|[from] Recoil\n|\n|-weather|RainDance|[upkeep]\n|-damage|p1b: Extra Spicy|47\/100 brn|[from] brn\n|upkeep\n|inactive|mikeyuwu has 120 seconds left.\n|\n|t:|1699736649\n|switch|p1a: Cold Shoulder|Abomasnow, M, shiny|100\/100\n|-weather|Snow|[from] ability: Snow Warning|[of] p1a: Cold Shoulder\n|turn|4\n|\n|t:|1699736658\n|move|p2a: Ogerpon|Ivy Cudgel|p1b: Extra Spicy\n|-damage|p1b: Extra Spicy|13\/100 brn\n|move|p1b: Extra Spicy|Poison Jab|p2a: Ogerpon\n|-supereffective|p2a: Ogerpon\n|-damage|p2a: Ogerpon|37\/100\n|move|p1a: Cold Shoulder|Blizzard|p2b: Iron Hands|[spread] p2a,p2b\n|-damage|p2a: Ogerpon|2\/100\n|-damage|p2b: Iron Hands|0 fnt\n|faint|p2b: Iron Hands\n|-end|p2b: Iron Hands|Quark Drive|[silent]\n|\n|-weather|Snow|[upkeep]\n|-damage|p1b: Extra Spicy|7\/100 brn|[from] brn\n|upkeep\n|\n|t:|1699736672\n|switch|p2b: Landorus|Landorus-Therian, M|40\/100\n|-ability|p2b: Landorus|Intimidate|boost\n|-unboost|p1a: Cold Shoulder|atk|1\n|-unboost|p1b: Extra Spicy|atk|1\n|turn|5\n|\n|t:|1699736681\n|-terastallize|p2b: Landorus|Fire\n|move|p2b: Landorus|Tera Blast|p1a: Cold Shoulder|[anim] Tera Blast Fire\n|-supereffective|p1a: Cold Shoulder\n|-damage|p1a: Cold Shoulder|17\/100\n|move|p2a: Ogerpon|Ivy Cudgel|p1b: Extra Spicy\n|-crit|p1b: Extra Spicy\n|-damage|p1b: Extra Spicy|0 fnt\n|faint|p1b: Extra Spicy\n|move|p1a: Cold Shoulder|Blizzard|p2b: Landorus|[spread] p2a,p2b\n|-resisted|p2b: Landorus\n|-damage|p2a: Ogerpon|0 fnt\n|-damage|p2b: Landorus|20\/100\n|faint|p2a: Ogerpon\n|\n|-weather|Snow|[upkeep]\n|upkeep\n|\n|t:|1699736692\n|switch|p2a: Tornadus|Tornadus, M|100\/100\n|switch|p1b: Harmacy|Vaporeon, F|80\/100\n|turn|6\n|\n|t:|1699736705\n|switch|p1a: ThcrThnSnkr|Tyranitar, F|100\/100\n|-weather|Sandstorm|[from] ability: Sand Stream|[of] p1a: ThcrThnSnkr\n|move|p2a: Tornadus|Tailwind|p2a: Tornadus\n|-sidestart|p2: TitsMcG|move: Tailwind\n|move|p2b: Landorus|Tera Blast|p1a: ThcrThnSnkr|[anim] Tera Blast Fire\n|-resisted|p1a: ThcrThnSnkr\n|-damage|p1a: ThcrThnSnkr|84\/100\n|move|p1b: Harmacy|Weather Ball|p2b: Landorus\n|-supereffective|p2b: Landorus\n|-damage|p2b: Landorus|0 fnt\n|faint|p2b: Landorus\n|\n|-weather|Sandstorm|[upkeep]\n|-damage|p2a: Tornadus|94\/100|[from] Sandstorm\n|-damage|p1b: Harmacy|74\/100|[from] Sandstorm\n|-heal|p1b: Harmacy|80\/100|[from] item: Leftovers\n|upkeep\n|\n|t:|1699736724\n|switch|p2b: Arcanine|Arcanine-Hisui, F|100\/100\n|-ability|p2b: Arcanine|Intimidate|boost\n|-unboost|p1a: ThcrThnSnkr|atk|1\n|-unboost|p1b: Harmacy|atk|1\n|turn|7\n|\n|t:|1699736734\n|switch|p1a: OTLHPM|Toxicroak, M|28\/100\n|move|p2a: Tornadus|Rain Dance|p2a: Tornadus\n|-weather|RainDance\n|move|p2b: Arcanine|Will-O-Wisp|p1a: OTLHPM\n|-status|p1a: OTLHPM|brn\n|move|p1b: Harmacy|Icy Wind|p2b: Arcanine|[spread] p2a,p2b\n|-supereffective|p2a: Tornadus\n|-resisted|p2b: Arcanine\n|-damage|p2a: Tornadus|77\/100\n|-damage|p2b: Arcanine|97\/100\n|-unboost|p2a: Tornadus|spe|1\n|-unboost|p2b: Arcanine|spe|1\n|\n|-weather|RainDance|[upkeep]\n|-heal|p1a: OTLHPM|40\/100 brn|[from] ability: Dry Skin\n|-heal|p2b: Arcanine|100\/100|[from] item: Leftovers\n|-heal|p1a: OTLHPM|46\/100 brn|[from] item: Black Sludge\n|-heal|p1b: Harmacy|86\/100|[from] item: Leftovers\n|-damage|p1a: OTLHPM|40\/100 brn|[from] brn\n|upkeep\n|turn|8\n|\n|t:|1699736753\n|move|p2a: Tornadus|Bleakwind Storm|p1b: Harmacy|[spread] p1a,p1b\n|-supereffective|p1a: OTLHPM\n|-damage|p1a: OTLHPM|0 fnt\n|-damage|p1b: Harmacy|60\/100\n|-unboost|p1b: Harmacy|spe|1\n|faint|p1a: OTLHPM\n|move|p2b: Arcanine|Flare Blitz|p1b: Harmacy\n|-resisted|p1b: Harmacy\n|-damage|p1b: Harmacy|52\/100\n|-damage|p2b: Arcanine|97\/100|[from] Recoil\n|move|p1b: Harmacy|Weather Ball|p2b: Arcanine\n|-supereffective|p2b: Arcanine\n|-damage|p2b: Arcanine|0 fnt\n|faint|p2b: Arcanine\n|\n|-weather|RainDance|[upkeep]\n|-heal|p1b: Harmacy|58\/100|[from] item: Leftovers\n|upkeep\n|\n|t:|1699736767\n|switch|p2b: Flutter Mane|Flutter Mane|100\/100\n|switch|p1a: ThcrThnSnkr|Tyranitar, F|84\/100\n|-weather|Sandstorm|[from] ability: Sand Stream|[of] p1a: ThcrThnSnkr\n|turn|9\n|\n|t:|1699736779\n|-terastallize|p1a: ThcrThnSnkr|Rock\n|move|p2b: Flutter Mane|Moonblast|p1a: ThcrThnSnkr\n|-damage|p1a: ThcrThnSnkr|62\/100\n|-unboost|p1a: ThcrThnSnkr|spa|1\n|move|p2a: Tornadus|Bleakwind Storm|p1b: Harmacy|[spread] p1a,p1b\n|-resisted|p1a: ThcrThnSnkr\n|-damage|p1a: ThcrThnSnkr|58\/100\n|-damage|p1b: Harmacy|36\/100\n|move|p1a: ThcrThnSnkr|Heavy Slam|p2b: Flutter Mane\n|-supereffective|p2b: Flutter Mane\n|-damage|p2b: Flutter Mane|0 fnt\n|faint|p2b: Flutter Mane\n|-end|p2b: Flutter Mane|Protosynthesis|[silent]\n|move|p1b: Harmacy|Weather Ball|p2a: Tornadus\n|-supereffective|p2a: Tornadus\n|-damage|p2a: Tornadus|38\/100\n|\n|-weather|Sandstorm|[upkeep]\n|-damage|p2a: Tornadus|31\/100|[from] Sandstorm\n|-damage|p1b: Harmacy|30\/100|[from] Sandstorm\n|-heal|p1b: Harmacy|36\/100|[from] item: Leftovers\n|-sideend|p2: TitsMcG|move: Tailwind\n|upkeep\n|turn|10\n|-message|TitsMcG forfeited.\n|\n|win|mikeyuwu\n|raw|mikeyuwu's rating: 1208 &rarr; <strong>1244<\/strong><br \/>(+36 for winning)\n|raw|TitsMcG's rating: 1380 &rarr; <strong>1351<\/strong><br \/>(-29 for losing)\n|l|\u2606TitsMcG\n","uploadtime":1699736814,"views":12,"p1id":"mikeyuwu","p2id":"titsmcg","formatid":"gen9doublesou","rating":1244,"private":0,"password":""}