{"id":"gen9doublesou-1987783147","p1":"Phasmosix","p2":"Mahlungus","format":"[Gen 9] Doubles OU","log":"|j|\u2606Phasmosix\n|j|\u2606Mahlungus\n|t:|1699636481\n|gametype|doubles\n|player|p1|Phasmosix|n-masters|1121\n|player|p2|Mahlungus|swimmer|1082\n|teamsize|p1|6\n|teamsize|p2|6\n|gen|9\n|tier|[Gen 9] Doubles OU\n|rated|\n|rule|Species Clause: Limit one of each Pok\u00e9mon\n|rule|OHKO Clause: OHKO moves are banned\n|rule|Evasion Moves Clause: Evasion moves are banned\n|rule|Gravity Sleep Clause: The combination of sleep-inducing moves with imperfect accuracy and Gravity or Gigantamax Orbeetle are banned\n|rule|Endless Battle Clause: Forcing endless battles is banned\n|rule|HP Percentage Mod: HP is shown in percentages\n|clearpoke\n|poke|p1|Maushold-Four|\n|poke|p1|Armarouge, M|\n|poke|p1|Indeedee-F, F|\n|poke|p1|Scream Tail|\n|poke|p1|Regieleki|\n|poke|p1|Flutter Mane|\n|poke|p2|Amoonguss, M|\n|poke|p2|Grimmsnarl, M|\n|poke|p2|Torkoal, M|\n|poke|p2|Sinistcha-Masterpiece|\n|poke|p2|Heatran, F|\n|poke|p2|Cresselia, F|\n|teampreview\n|c|\u2606Mahlungus|gl hf!!!\n|\n|t:|1699636491\n|start\n|switch|p1a: Flutter Mane|Flutter Mane|100\/100\n|switch|p1b: Scream Tail|Scream Tail|100\/100\n|switch|p2a: Sinistcha|Sinistcha-Masterpiece|100\/100\n|switch|p2b: Grimmsnarl|Grimmsnarl, M|100\/100\n|turn|1\n|\n|t:|1699636505\n|-terastallize|p1b: Scream Tail|Normal\n|move|p2b: Grimmsnarl|Light Screen|p2b: Grimmsnarl\n|-sidestart|p2: Mahlungus|move: Light Screen\n|move|p1a: Flutter Mane|Shadow Ball|p2a: Sinistcha\n|-supereffective|p2a: Sinistcha\n|-damage|p2a: Sinistcha|34\/100\n|move|p1b: Scream Tail|Boomburst|p2b: Grimmsnarl|[spread] p2b\n|-immune|p1a: Flutter Mane\n|-immune|p2a: Sinistcha\n|-damage|p2b: Grimmsnarl|74\/100\n|move|p2a: Sinistcha|Trick Room|p2a: Sinistcha\n|-fieldstart|move: Trick Room|[of] p2a: Sinistcha\n|\n|-heal|p2b: Grimmsnarl|80\/100|[from] item: Leftovers\n|upkeep\n|turn|2\n|\n|t:|1699636540\n|move|p2b: Grimmsnarl|Parting Shot|p1a: Flutter Mane\n|-unboost|p1a: Flutter Mane|atk|1\n|-unboost|p1a: Flutter Mane|spa|1\n|\n|t:|1699636572\n|switch|p2b: Cresselia|Cresselia, F|100\/100|[from] Parting Shot\n|move|p2a: Sinistcha|Matcha Gotcha|p1a: Flutter Mane|[spread] p1a,p1b\n|-damage|p1a: Flutter Mane|63\/100\n|-heal|p2a: Sinistcha|48\/100|[from] drain|[of] p1a: Flutter Mane\n|-damage|p1b: Scream Tail|75\/100\n|-heal|p2a: Sinistcha|62\/100|[from] drain|[of] p1b: Scream Tail\n|move|p1b: Scream Tail|Boomburst|p2b: Cresselia|[spread] p2b\n|-immune|p1a: Flutter Mane\n|-immune|p2a: Sinistcha\n|-damage|p2b: Cresselia|81\/100\n|move|p1a: Flutter Mane|Shadow Ball|p2a: Sinistcha\n|-supereffective|p2a: Sinistcha\n|-damage|p2a: Sinistcha|20\/100\n|-unboost|p2a: Sinistcha|spd|1\n|-enditem|p2a: Sinistcha|Aguav Berry|[eat]\n|-heal|p2a: Sinistcha|53\/100|[from] item: Aguav Berry\n|\n|-heal|p2b: Cresselia|87\/100|[from] item: Leftovers\n|upkeep\n|turn|3\n|\n|t:|1699636626\n|switch|p2a: Amoonguss|Amoonguss, M|100\/100\n|-end|p1a: Flutter Mane|Protosynthesis|[silent]\n|switch|p1a: Maushold|Maushold-Four|100\/100\n|move|p2b: Cresselia|Dazzling Gleam|p1b: Scream Tail|[spread] p1a,p1b\n|-damage|p1a: Maushold|84\/100\n|-damage|p1b: Scream Tail|68\/100\n|move|p1b: Scream Tail|Boomburst|p2a: Amoonguss|[spread] p1a,p2a,p2b\n|-damage|p1a: Maushold|0 fnt\n|-damage|p2a: Amoonguss|69\/100\n|-damage|p2b: Cresselia|69\/100\n|faint|p1a: Maushold\n|\n|-heal|p2b: Cresselia|75\/100|[from] item: Leftovers\n|upkeep\n|\n|t:|1699636637\n|switch|p1a: Flutter Mane|Flutter Mane|63\/100\n|turn|4\n|\n|t:|1699636667\n|-end|p1b: Scream Tail|Protosynthesis|[silent]\n|switch|p1b: Regieleki|Regieleki|100\/100\n|-end|p1a: Flutter Mane|Protosynthesis|[silent]\n|switch|p1a: Indeedee|Indeedee-F, F|100\/100\n|-fieldstart|move: Psychic Terrain|[from] ability: Psychic Surge|[of] p1a: Indeedee\n|move|p2b: Cresselia|Helping Hand|p2a: Amoonguss\n|-singleturn|p2a: Amoonguss|Helping Hand|[of] p2b: Cresselia\n|move|p2a: Amoonguss|Clear Smog|p1a: Indeedee\n|-damage|p1a: Indeedee|76\/100\n|-clearboost|p1a: Indeedee\n|\n|-heal|p2b: Cresselia|81\/100|[from] item: Leftovers\n|upkeep\n|turn|5\n|\n|t:|1699636694\n|switch|p2b: Torkoal|Torkoal, M|100\/100\n|-weather|SunnyDay|[from] ability: Drought|[of] p2b: Torkoal\n|move|p2a: Amoonguss|Spore|p1b: Regieleki\n|-status|p1b: Regieleki|slp|[from] move: Spore\n|move|p1a: Indeedee|Hyper Voice|p2b: Torkoal|[spread] p2a,p2b\n|-damage|p2a: Amoonguss|52\/100\n|-damage|p2b: Torkoal|76\/100\n|cant|p1b: Regieleki|slp\n|\n|-weather|SunnyDay|[upkeep]\n|-heal|p2b: Torkoal|82\/100|[from] item: Leftovers\n|-sideend|p2: Mahlungus|move: Light Screen\n|-fieldend|move: Trick Room\n|upkeep\n|turn|6\n|\n|t:|1699636721\n|switch|p1b: Flutter Mane|Flutter Mane|63\/100\n|-activate|p1b: Flutter Mane|ability: Protosynthesis\n|-start|p1b: Flutter Mane|protosynthesisspe\n|switch|p1a: Scream Tail|Scream Tail, tera:Normal|68\/100\n|-activate|p1a: Scream Tail|ability: Protosynthesis\n|-start|p1a: Scream Tail|protosynthesisspd\n|move|p2a: Amoonguss|Giga Drain|p1b: Flutter Mane\n|-damage|p1b: Flutter Mane|40\/100\n|-heal|p2a: Amoonguss|58\/100|[from] drain|[of] p1b: Flutter Mane\n|move|p2b: Torkoal|Stealth Rock|p1a: Scream Tail\n|-sidestart|p1: Phasmosix|move: Stealth Rock\n|\n|-weather|SunnyDay|[upkeep]\n|-heal|p2b: Torkoal|88\/100|[from] item: Leftovers\n|upkeep\n|turn|7\n|\n|t:|1699636756\n|switch|p2a: Heatran|Heatran, F|100\/100\n|move|p2b: Torkoal|Protect|p2b: Torkoal\n|-singleturn|p2b: Torkoal|Protect\n|move|p1b: Flutter Mane|Psyshock|p2a: Heatran\n|-resisted|p2a: Heatran\n|-damage|p2a: Heatran|84\/100\n|move|p1a: Scream Tail|Boomburst|p2b: Torkoal|[spread] p2a\n|-activate|p2b: Torkoal|move: Protect\n|-immune|p1b: Flutter Mane\n|-resisted|p2a: Heatran\n|-damage|p2a: Heatran|59\/100\n|\n|-weather|SunnyDay|[upkeep]\n|-heal|p2b: Torkoal|94\/100|[from] item: Leftovers\n|upkeep\n|turn|8\n|\n|t:|1699636784\n|move|p1b: Flutter Mane|Shadow Ball|p2a: Heatran\n|-damage|p2a: Heatran|21\/100\n|-unboost|p2a: Heatran|spd|1\n|move|p1a: Scream Tail|Boomburst|p2a: Heatran|[spread] p2a,p2b\n|-immune|p1b: Flutter Mane\n|-resisted|p2a: Heatran\n|-damage|p2a: Heatran|0 fnt\n|-damage|p2b: Torkoal|17\/100\n|faint|p2a: Heatran\n|move|p2b: Torkoal|Eruption|p1b: Flutter Mane|[spread] p1a,p1b\n|-damage|p1a: Scream Tail|61\/100\n|-damage|p1b: Flutter Mane|27\/100\n|\n|-weather|SunnyDay|[upkeep]\n|-heal|p2b: Torkoal|23\/100|[from] item: Leftovers\n|-fieldend|move: Psychic Terrain\n|upkeep\n|\n|t:|1699636802\n|switch|p2a: Sinistcha|Sinistcha-Masterpiece|53\/100\n|-heal|p2b: Torkoal|48\/100|[from] ability: Hospitality|[of] p2a: Sinistcha\n|turn|9\n|\n|t:|1699636809\n|move|p1b: Flutter Mane|Shadow Ball|p2a: Sinistcha\n|-supereffective|p2a: Sinistcha\n|-damage|p2a: Sinistcha|0 fnt\n|faint|p2a: Sinistcha\n|move|p1a: Scream Tail|Boomburst|p2b: Torkoal|[spread] p2b\n|-immune|p1b: Flutter Mane\n|-damage|p2b: Torkoal|0 fnt\n|faint|p2b: Torkoal\n|\n|-weather|none\n|-end|p1b: Flutter Mane|Protosynthesis\n|-end|p1a: Scream Tail|Protosynthesis\n|upkeep\n|\n|t:|1699636819\n|switch|p2a: Amoonguss|Amoonguss, M|92\/100\n|switch|p2b: Grimmsnarl|Grimmsnarl, M|80\/100\n|turn|10\n|\n|t:|1699636838\n|move|p2a: Amoonguss|Rage Powder|p2a: Amoonguss\n|-singleturn|p2a: Amoonguss|move: Rage Powder\n|move|p2b: Grimmsnarl|Light Screen|p2b: Grimmsnarl\n|-sidestart|p2: Mahlungus|move: Light Screen\n|move|p1b: Flutter Mane|Psyshock|p2a: Amoonguss\n|-supereffective|p2a: Amoonguss\n|-damage|p2a: Amoonguss|62\/100\n|move|p1a: Scream Tail|Boomburst|p2a: Amoonguss|[spread] p2a,p2b\n|-immune|p1b: Flutter Mane\n|-damage|p2a: Amoonguss|30\/100\n|-damage|p2b: Grimmsnarl|52\/100\n|\n|-heal|p2b: Grimmsnarl|58\/100|[from] item: Leftovers\n|upkeep\n|turn|11\n|\n|t:|1699636867\n|move|p1b: Flutter Mane|Power Gem|p2b: Grimmsnarl\n|-crit|p2b: Grimmsnarl\n|-damage|p2b: Grimmsnarl|27\/100\n|move|p1a: Scream Tail|Boomburst|p2b: Grimmsnarl|[spread] p2a,p2b\n|-immune|p1b: Flutter Mane\n|-damage|p2a: Amoonguss|0 fnt\n|-damage|p2b: Grimmsnarl|0 fnt\n|faint|p2a: Amoonguss\n|faint|p2b: Grimmsnarl\n|\n|upkeep\n|-message|Mahlungus forfeited.\n|\n|win|Phasmosix\n|raw|Phasmosix's rating: 1121 &rarr; <strong>1143<\/strong><br \/>(+22 for winning)\n|raw|Mahlungus's rating: 1082 &rarr; <strong>1062<\/strong><br \/>(-20 for losing)\n|l|\u2606Mahlungus\n","uploadtime":1699637145,"views":12,"p1id":"phasmosix","p2id":"mahlungus","formatid":"gen9doublesou","rating":1062,"private":0,"password":""}