{"id":"gen9doublesou-1985220791","p1":"1103c","p2":"triexiemortel","format":"[Gen 9] Doubles OU","log":"|j|\u26061103c\n|j|\u2606triexiemortel\n|t:|1699350938\n|gametype|doubles\n|player|p1|1103c|169|1191\n|player|p2|triexiemortel|169|1202\n|teamsize|p1|6\n|teamsize|p2|6\n|gen|9\n|tier|[Gen 9] Doubles OU\n|rated|\n|rule|Species Clause: Limit one of each Pok\u00e9mon\n|rule|OHKO Clause: OHKO moves are banned\n|rule|Evasion Moves Clause: Evasion moves are banned\n|rule|Gravity Sleep Clause: The combination of sleep-inducing moves with imperfect accuracy and Gravity or Gigantamax Orbeetle are banned\n|rule|Endless Battle Clause: Forcing endless battles is banned\n|rule|HP Percentage Mod: HP is shown in percentages\n|clearpoke\n|poke|p1|Torkoal, M|\n|poke|p1|Pincurchin, M|\n|poke|p1|Iron Valiant|\n|poke|p1|Walking Wake|\n|poke|p1|Sandy Shocks|\n|poke|p1|Iron Jugulis|\n|poke|p2|Trevenant, F|\n|poke|p2|Armarouge, M|\n|poke|p2|Torkoal, F|\n|poke|p2|Diancie|\n|poke|p2|Vikavolt, F|\n|poke|p2|Eiscue, M|\n|teampreview\n|l|\u2606triexiemortel\n|player|p2|\n|j|\u2606triexiemortel\n|player|p2|triexiemortel|169\n|\n|t:|1699351043\n|start\n|switch|p1a: Torkoal|Torkoal, M, shiny|100\/100\n|switch|p1b: Pincurchin|Pincurchin, M, shiny|100\/100\n|switch|p2a: Vikavolt|Vikavolt, F, shiny|100\/100\n|switch|p2b: Trevenant|Trevenant, F, shiny|100\/100\n|-weather|SunnyDay|[from] ability: Drought|[of] p1a: Torkoal\n|-fieldstart|move: Electric Terrain|[from] ability: Electric Surge|[of] p1b: Pincurchin\n|turn|1\n|\n|t:|1699351087\n|move|p2b: Trevenant|Poltergeist|p1a: Torkoal\n|-activate|p1a: Torkoal|move: Poltergeist|Heat Rock\n|-crit|p1a: Torkoal\n|-damage|p1a: Torkoal|52\/100\n|move|p2a: Vikavolt|Volt Switch|p1a: Torkoal\n|-damage|p1a: Torkoal|11\/100\n|\n|t:|1699351108\n|switch|p2a: Armarouge|Armarouge, M|100\/100|[from] Volt Switch\n|move|p1a: Torkoal|Stealth Rock|p2a: Armarouge\n|-sidestart|p2: triexiemortel|move: Stealth Rock\n|move|p1b: Pincurchin|Spikes|p2a: Armarouge\n|-sidestart|p2: triexiemortel|Spikes\n|\n|-weather|SunnyDay|[upkeep]\n|upkeep\n|turn|2\n|inactive|Battle timer is ON: inactive players will automatically lose when time's up. (requested by triexiemortel)\n|\n|t:|1699351183\n|switch|p1a: Walking Wake|Walking Wake|100\/100\n|-activate|p1a: Walking Wake|ability: Protosynthesis\n|-start|p1a: Walking Wake|protosynthesisspe\n|move|p2a: Armarouge|Weather Ball|p1b: Pincurchin\n|-damage|p1b: Pincurchin|7\/100\n|move|p2b: Trevenant|Poltergeist|p1a: Walking Wake\n|-activate|p1a: Walking Wake|move: Poltergeist|Life Orb\n|-damage|p1a: Walking Wake|59\/100\n|move|p1b: Pincurchin|Spikes|p2b: Trevenant\n|-sidestart|p2: triexiemortel|Spikes\n|\n|-weather|SunnyDay|[upkeep]\n|upkeep\n|turn|3\n|\n|t:|1699351210\n|switch|p1b: Iron Jugulis|Iron Jugulis|100\/100\n|-activate|p1b: Iron Jugulis|ability: Quark Drive\n|-start|p1b: Iron Jugulis|quarkdrivespe\n|move|p1a: Walking Wake|Hydro Steam|p2a: Armarouge\n|-supereffective|p2a: Armarouge\n|-crit|p2a: Armarouge\n|-enditem|p2a: Armarouge|Focus Sash\n|-damage|p2a: Armarouge|1\/100\n|-damage|p1a: Walking Wake|50\/100|[from] item: Life Orb\n|move|p2a: Armarouge|Energy Ball|p1a: Walking Wake\n|-damage|p1a: Walking Wake|11\/100\n|move|p2b: Trevenant|Poltergeist|p1a: Walking Wake\n|-activate|p1a: Walking Wake|move: Poltergeist|Life Orb\n|-damage|p1a: Walking Wake|0 fnt\n|faint|p1a: Walking Wake\n|-end|p1a: Walking Wake|Protosynthesis|[silent]\n|\n|-weather|SunnyDay|[upkeep]\n|upkeep\n|inactive|1103c has 120 seconds left.\n|\n|t:|1699351237\n|switch|p1a: Sandy Shocks|Sandy Shocks|100\/100\n|-activate|p1a: Sandy Shocks|ability: Protosynthesis\n|-start|p1a: Sandy Shocks|protosynthesisspe\n|turn|4\n|inactive|1103c has 120 seconds left.\n|\n|t:|1699351250\n|move|p1b: Iron Jugulis|Flamethrower|p2b: Trevenant\n|-supereffective|p2b: Trevenant\n|-damage|p2b: Trevenant|11\/100\n|-enditem|p2b: Trevenant|Sitrus Berry|[eat]\n|-heal|p2b: Trevenant|36\/100|[from] item: Sitrus Berry\n|-damage|p1b: Iron Jugulis|91\/100|[from] item: Life Orb\n|move|p1a: Sandy Shocks|Earth Power|p2a: Armarouge\n|-supereffective|p2a: Armarouge\n|-damage|p2a: Armarouge|0 fnt\n|faint|p2a: Armarouge\n|-damage|p1a: Sandy Shocks|91\/100|[from] item: Life Orb\n|move|p2b: Trevenant|Horn Leech|p1a: Sandy Shocks\n|-supereffective|p1a: Sandy Shocks\n|-damage|p1a: Sandy Shocks|27\/100\n|-heal|p2b: Trevenant|63\/100|[from] drain|[of] p1a: Sandy Shocks\n|\n|-weather|SunnyDay|[upkeep]\n|-item|p2b: Trevenant|Sitrus Berry|[from] ability: Harvest\n|upkeep\n|\n|t:|1699351272\n|switch|p2a: Vikavolt|Vikavolt, F, shiny|100\/100\n|turn|5\n|\n|t:|1699351290\n|-terastallize|p2b: Trevenant|Ghost\n|move|p1b: Iron Jugulis|Flamethrower|p2b: Trevenant\n|-damage|p2b: Trevenant|22\/100\n|-enditem|p2b: Trevenant|Sitrus Berry|[eat]\n|-heal|p2b: Trevenant|47\/100|[from] item: Sitrus Berry\n|-damage|p1b: Iron Jugulis|81\/100|[from] item: Life Orb\n|move|p1a: Sandy Shocks|Power Gem|p2a: Vikavolt\n|-supereffective|p2a: Vikavolt\n|-damage|p2a: Vikavolt|19\/100\n|-damage|p1a: Sandy Shocks|17\/100|[from] item: Life Orb\n|move|p2b: Trevenant|Poltergeist|p1a: Sandy Shocks\n|-activate|p1a: Sandy Shocks|move: Poltergeist|Life Orb\n|-crit|p1a: Sandy Shocks\n|-damage|p1a: Sandy Shocks|0 fnt\n|faint|p1a: Sandy Shocks\n|-end|p1a: Sandy Shocks|Protosynthesis|[silent]\n|move|p2a: Vikavolt|Volt Switch|p1b: Iron Jugulis\n|-supereffective|p1b: Iron Jugulis\n|-damage|p1b: Iron Jugulis|0 fnt\n|faint|p1b: Iron Jugulis\n|-end|p1b: Iron Jugulis|Quark Drive|[silent]\n|\n|t:|1699351311\n|switch|p2a: Eiscue|Eiscue, M|100\/100|[from] Volt Switch\n|-damage|p2a: Eiscue|76\/100|[from] Stealth Rock\n|-damage|p2a: Eiscue|59\/100|[from] Spikes\n|\n|-weather|SunnyDay|[upkeep]\n|-item|p2b: Trevenant|Sitrus Berry|[from] ability: Harvest\n|upkeep\n|-enditem|p2b: Trevenant|Sitrus Berry|[eat]\n|-heal|p2b: Trevenant|72\/100|[from] item: Sitrus Berry\n|\n|t:|1699351334\n|switch|p1b: Pincurchin|Pincurchin, M, shiny|7\/100\n|switch|p1a: Iron Valiant|Iron Valiant|100\/100\n|-activate|p1a: Iron Valiant|ability: Quark Drive\n|-start|p1a: Iron Valiant|quarkdrivespe\n|turn|6\n|inactive|1103c has 120 seconds left.\n|\n|t:|1699351379\n|-terastallize|p1a: Iron Valiant|Fairy\n|move|p1a: Iron Valiant|Moonblast|p2b: Trevenant\n|-damage|p2b: Trevenant|19\/100\n|-damage|p1a: Iron Valiant|91\/100|[from] item: Life Orb\n|move|p2b: Trevenant|Horn Leech|p1a: Iron Valiant\n|-damage|p1a: Iron Valiant|58\/100\n|-heal|p2b: Trevenant|32\/100|[from] drain|[of] p1a: Iron Valiant\n|move|p2a: Eiscue|Iron Head|p1a: Iron Valiant\n|-supereffective|p1a: Iron Valiant\n|-damage|p1a: Iron Valiant|0 fnt\n|faint|p1a: Iron Valiant\n|-end|p1a: Iron Valiant|Quark Drive|[silent]\n|move|p1b: Pincurchin|Recover|p1b: Pincurchin\n|-heal|p1b: Pincurchin|57\/100\n|\n|-weather|SunnyDay|[upkeep]\n|-item|p2b: Trevenant|Sitrus Berry|[from] ability: Harvest\n|upkeep\n|-enditem|p2b: Trevenant|Sitrus Berry|[eat]\n|-heal|p2b: Trevenant|56\/100|[from] item: Sitrus Berry\n|\n|t:|1699351400\n|switch|p1a: Torkoal|Torkoal, M, shiny|11\/100\n|turn|7\n|\n|t:|1699351419\n|move|p2b: Trevenant|Poltergeist|p1b: Pincurchin\n|-activate|p1b: Pincurchin|move: Poltergeist|Terrain Extender\n|-damage|p1b: Pincurchin|0 fnt\n|faint|p1b: Pincurchin\n|move|p2a: Eiscue|Iron Head|p1a: Torkoal\n|-resisted|p1a: Torkoal\n|-damage|p1a: Torkoal|3\/100\n|move|p1a: Torkoal|Solar Beam||[still]\n|-prepare|p1a: Torkoal|Solar Beam\n|-anim|p1a: Torkoal|Solar Beam|p2b: Trevenant\n|-damage|p2b: Trevenant|40\/100\n|\n|-weather|SunnyDay|[upkeep]\n|-item|p2b: Trevenant|Sitrus Berry|[from] ability: Harvest\n|upkeep\n|-enditem|p2b: Trevenant|Sitrus Berry|[eat]\n|-heal|p2b: Trevenant|64\/100|[from] item: Sitrus Berry\n|turn|8\n|inactive|1103c has 120 seconds left.\n|\n|t:|1699351439\n|move|p2b: Trevenant|Ally Switch|p2b: Trevenant\n|swap|p2b: Trevenant|0|[from] move: Ally Switch\n|move|p2b: Eiscue|Belly Drum|p2b: Eiscue\n|-damage|p2b: Eiscue|9\/100\n|-setboost|p2b: Eiscue|atk|6|[from] move: Belly Drum\n|-enditem|p2b: Eiscue|Sitrus Berry|[eat]\n|-heal|p2b: Eiscue|34\/100|[from] item: Sitrus Berry\n|move|p1a: Torkoal|Solar Beam||[still]\n|-prepare|p1a: Torkoal|Solar Beam\n|-anim|p1a: Torkoal|Solar Beam|p2b: Eiscue\n|-damage|p2b: Eiscue|6\/100\n|\n|-weather|none\n|-fieldend|move: Electric Terrain\n|upkeep\n|turn|9\n|inactive|triexiemortel has 120 seconds left.\n|inactive|triexiemortel has 90 seconds left.\n|\n|t:|1699351528\n|move|p2a: Trevenant|Poltergeist|p1a: Torkoal\n|-activate|p1a: Torkoal|move: Poltergeist|Heat Rock\n|-damage|p1a: Torkoal|0 fnt\n|faint|p1a: Torkoal\n|\n|win|triexiemortel\n|raw|1103c's rating: 1191 &rarr; <strong>1167<\/strong><br \/>(-24 for losing)\n|raw|triexiemortel's rating: 1202 &rarr; <strong>1226<\/strong><br \/>(+24 for winning)\n|l|\u2606triexiemortel\n","uploadtime":1699351538,"views":17,"p1id":"1103c","p2id":"triexiemortel","formatid":"gen9doublesou","rating":1167,"private":0,"password":""}