{"id":"gen9doublesou-1970062135","p1":"BriefMarigold4","p2":"Tranquilskink","format":"[Gen 9] Doubles OU","log":"|j|\u2606BriefMarigold4\n|j|\u2606Tranquilskink\n|t:|1697590248\n|gametype|doubles\n|player|p1|BriefMarigold4|101|1319\n|player|p2|Tranquilskink|2|1476\n|teamsize|p1|6\n|teamsize|p2|6\n|gen|9\n|tier|[Gen 9] Doubles OU\n|rated|\n|rule|Species Clause: Limit one of each Pok\u00e9mon\n|rule|OHKO Clause: OHKO moves are banned\n|rule|Evasion Moves Clause: Evasion moves are banned\n|rule|Gravity Sleep Clause: The combination of sleep-inducing moves with imperfect accuracy and Gravity or Gigantamax Orbeetle are banned\n|rule|Endless Battle Clause: Forcing endless battles is banned\n|rule|HP Percentage Mod: HP is shown in percentages\n|clearpoke\n|poke|p1|Cresselia, F|\n|poke|p1|Volcanion|\n|poke|p1|Landorus-Therian, M|\n|poke|p1|Amoonguss, M|\n|poke|p1|Rillaboom, M|\n|poke|p1|Snorlax, M|\n|poke|p2|Ceruledge, F|\n|poke|p2|Iron Valiant|\n|poke|p2|Grimmsnarl, M|\n|poke|p2|Amoonguss, F|\n|poke|p2|Iron Hands|\n|poke|p2|Roaring Moon|\n|teampreview\n|\n|t:|1697590265\n|start\n|switch|p1a: 30%|Volcanion|100\/100\n|switch|p1b: demomanlaugh.wav|Rillaboom, M|100\/100\n|switch|p2a: Amoonguss|Amoonguss, F|100\/100\n|switch|p2b: Grimmsnarl|Grimmsnarl, M|100\/100\n|-fieldstart|move: Grassy Terrain|[from] ability: Grassy Surge|[of] p1b: demomanlaugh.wav\n|turn|1\n|\n|t:|1697590288\n|move|p2a: Amoonguss|Protect|p2a: Amoonguss\n|-singleturn|p2a: Amoonguss|Protect\n|move|p1b: demomanlaugh.wav|Fake Out|p2b: Grimmsnarl\n|-damage|p2b: Grimmsnarl|85\/100\n|cant|p2b: Grimmsnarl|flinch\n|move|p1a: 30%|Substitute|p1a: 30%\n|-start|p1a: 30%|Substitute\n|-damage|p1a: 30%|76\/100\n|\n|-heal|p1a: 30%|82\/100|[from] Grassy Terrain\n|-heal|p1a: 30%|88\/100|[from] item: Leftovers\n|-heal|p2b: Grimmsnarl|91\/100|[from] Grassy Terrain\n|upkeep\n|turn|2\n|\n|t:|1697590317\n|switch|p1b: *boom vine effect*|Landorus-Therian, M|100\/100\n|-ability|p1b: *boom vine effect*|Intimidate|boost\n|-unboost|p2a: Amoonguss|atk|1\n|-unboost|p2b: Grimmsnarl|atk|1\n|switch|p2a: Ceruledge|Ceruledge, F|100\/100\n|move|p2b: Grimmsnarl|Light Screen|p2b: Grimmsnarl\n|-sidestart|p2: Tranquilskink|move: Light Screen\n|move|p1a: 30%|Steam Eruption|p2b: Grimmsnarl\n|-crit|p2b: Grimmsnarl\n|-damage|p2b: Grimmsnarl|9\/100\n|\n|-heal|p1a: 30%|94\/100|[from] Grassy Terrain\n|-heal|p1a: 30%|99\/100|[from] item: Leftovers\n|-heal|p2b: Grimmsnarl|15\/100|[from] Grassy Terrain\n|upkeep\n|turn|3\n|c|\u2606BriefMarigold4|sorry for the crit\n|\n|t:|1697590342\n|-terastallize|p2a: Ceruledge|Dragon\n|move|p2b: Grimmsnarl|Reflect|p2b: Grimmsnarl\n|-sidestart|p2: Tranquilskink|Reflect\n|move|p1b: *boom vine effect*|Brick Break|p2b: Grimmsnarl\n|-sideend|p2: Tranquilskink|Reflect\n|-sideend|p2: Tranquilskink|move: Light Screen\n|-damage|p2b: Grimmsnarl|0 fnt\n|faint|p2b: Grimmsnarl\n|move|p2a: Ceruledge|Bulk Up|p2a: Ceruledge\n|-boost|p2a: Ceruledge|atk|1\n|-boost|p2a: Ceruledge|def|1\n|move|p1a: 30%|Steam Eruption|p2a: Ceruledge\n|-resisted|p2a: Ceruledge\n|-crit|p2a: Ceruledge\n|-damage|p2a: Ceruledge|55\/100\n|\n|-heal|p2a: Ceruledge|61\/100|[from] Grassy Terrain\n|-heal|p1a: 30%|100\/100|[from] Grassy Terrain\n|upkeep\n|c|\u2606BriefMarigold4|oh\n|c|\u2606BriefMarigold4|i'm\n|c|\u2606BriefMarigold4|so sorry\n|c|\u2606BriefMarigold4|genuinelly\n|\n|t:|1697590370\n|switch|p2b: Iron Hands|Iron Hands|100\/100\n|turn|4\n|\n|t:|1697590391\n|switch|p1b: Absolute Fatass|Snorlax, M|100\/100\n|move|p2b: Iron Hands|Fake Out|p1b: Absolute Fatass\n|-damage|p1b: Absolute Fatass|88\/100\n|move|p2a: Ceruledge|Bulk Up|p2a: Ceruledge\n|-boost|p2a: Ceruledge|atk|1\n|-boost|p2a: Ceruledge|def|1\n|move|p1a: 30%|Steam Eruption|p2a: Ceruledge\n|-resisted|p2a: Ceruledge\n|-damage|p2a: Ceruledge|26\/100\n|\n|-heal|p2a: Ceruledge|32\/100|[from] Grassy Terrain\n|-heal|p1b: Absolute Fatass|94\/100|[from] Grassy Terrain\n|-heal|p1b: Absolute Fatass|99\/100|[from] item: Leftovers\n|upkeep\n|turn|5\n|\n|t:|1697590416\n|-end|p2b: Iron Hands|Quark Drive|[silent]\n|switch|p2b: Amoonguss|Amoonguss, F|100\/100\n|move|p2a: Ceruledge|Protect|p2a: Ceruledge\n|-singleturn|p2a: Ceruledge|Protect\n|move|p1b: Absolute Fatass|Protect|p1b: Absolute Fatass\n|-singleturn|p1b: Absolute Fatass|Protect\n|move|p1a: 30%|Steam Eruption|p2a: Ceruledge\n|-activate|p2a: Ceruledge|move: Protect\n|\n|-heal|p2a: Ceruledge|38\/100|[from] Grassy Terrain\n|-heal|p1b: Absolute Fatass|100\/100|[from] Grassy Terrain\n|-fieldend|move: Grassy Terrain\n|upkeep\n|turn|6\n|\n|t:|1697590439\n|switch|p1b: *boom vine effect*|Landorus-Therian, M|100\/100\n|-ability|p1b: *boom vine effect*|Intimidate|boost\n|-fail|p2a: Ceruledge|unboost|[from] item: Clear Amulet|[of] p2a: Ceruledge\n|-unboost|p2b: Amoonguss|atk|1\n|move|p2b: Amoonguss|Rage Powder|p2b: Amoonguss\n|-singleturn|p2b: Amoonguss|move: Rage Powder\n|move|p2a: Ceruledge|Bitter Blade|p1b: *boom vine effect*\n|-damage|p1b: *boom vine effect*|4\/100\n|-heal|p2a: Ceruledge|87\/100|[from] drain|[of] p1b: *boom vine effect*\n|move|p1a: 30%|Steam Eruption|p2b: Amoonguss\n|-resisted|p2b: Amoonguss\n|-damage|p2b: Amoonguss|71\/100\n|\n|-heal|p2b: Amoonguss|77\/100|[from] item: Black Sludge\n|upkeep\n|turn|7\n|\n|t:|1697590467\n|move|p2a: Ceruledge|Protect|p2a: Ceruledge\n|-singleturn|p2a: Ceruledge|Protect\n|move|p1b: *boom vine effect*|Stomping Tantrum|p2a: Ceruledge\n|-activate|p2a: Ceruledge|move: Protect\n|move|p1a: 30%|Heat Wave|p2a: Ceruledge|[spread] p2b\n|-activate|p2a: Ceruledge|move: Protect\n|-supereffective|p2b: Amoonguss\n|-crit|p2b: Amoonguss\n|-damage|p2b: Amoonguss|0 fnt\n|faint|p2b: Amoonguss\n|\n|upkeep\n|\n|t:|1697590485\n|switch|p2b: Iron Valiant|Iron Valiant|100\/100\n|-enditem|p2b: Iron Valiant|Booster Energy\n|-activate|p2b: Iron Valiant|ability: Quark Drive|[fromitem]\n|-start|p2b: Iron Valiant|quarkdrivespe\n|turn|8\n|l|\u2606BriefMarigold4\n|player|p1|\n|\n|t:|1697590518\n|move|p2a: Ceruledge|Shadow Sneak|p1a: 30%\n|-end|p1a: 30%|Substitute\n|move|p2b: Iron Valiant|Dazzling Gleam|p1a: 30%|[spread] p1a,p1b\n|-resisted|p1a: 30%\n|-damage|p1a: 30%|85\/100\n|-damage|p1b: *boom vine effect*|0 fnt\n|faint|p1b: *boom vine effect*\n|move|p1a: 30%|Steam Eruption|p2a: Ceruledge\n|-resisted|p2a: Ceruledge\n|-damage|p2a: Ceruledge|54\/100\n|\n|-heal|p1a: 30%|91\/100|[from] item: Leftovers\n|upkeep\n|inactive|Battle timer is ON: inactive players will automatically lose when time's up. (requested by Tranquilskink)\n|j|\u2606BriefMarigold4\n|inactive|BriefMarigold4 reconnected and has 125 seconds left.\n|player|p1|BriefMarigold4|101\n|inactive|BriefMarigold4 has 120 seconds left.\n|\n|t:|1697590577\n|switch|p1b: demomanlaugh.wav|Rillaboom, M|100\/100\n|-fieldstart|move: Grassy Terrain|[from] ability: Grassy Surge|[of] p1b: demomanlaugh.wav\n|turn|9\n|\n|t:|1697590601\n|-end|p2b: Iron Valiant|Quark Drive|[silent]\n|switch|p2b: Iron Hands|Iron Hands|100\/100\n|move|p2a: Ceruledge|Protect|p2a: Ceruledge\n|-singleturn|p2a: Ceruledge|Protect\n|move|p1b: demomanlaugh.wav|Fake Out|p2a: Ceruledge\n|-activate|p2a: Ceruledge|move: Protect\n|move|p1a: 30%|Substitute|p1a: 30%\n|-start|p1a: 30%|Substitute\n|-damage|p1a: 30%|66\/100\n|\n|-heal|p2a: Ceruledge|60\/100|[from] Grassy Terrain\n|-heal|p1a: 30%|72\/100|[from] Grassy Terrain\n|-heal|p1a: 30%|78\/100|[from] item: Leftovers\n|upkeep\n|turn|10\n|\n|t:|1697590631\n|switch|p1b: Meet the Medic|Cresselia, F|100\/100\n|move|p2b: Iron Hands|Fake Out|p1b: Meet the Medic\n|-damage|p1b: Meet the Medic|90\/100\n|move|p2a: Ceruledge|Bitter Blade|p1b: Meet the Medic\n|-damage|p1b: Meet the Medic|36\/100\n|-heal|p2a: Ceruledge|97\/100|[from] drain|[of] p1b: Meet the Medic\n|move|p1a: 30%|Steam Eruption|p2a: Ceruledge\n|-resisted|p2a: Ceruledge\n|-damage|p2a: Ceruledge|62\/100\n|-status|p2a: Ceruledge|brn\n|\n|-heal|p2a: Ceruledge|68\/100 brn|[from] Grassy Terrain\n|-heal|p1a: 30%|84\/100|[from] Grassy Terrain\n|-heal|p1a: 30%|90\/100|[from] item: Leftovers\n|-damage|p2a: Ceruledge|62\/100 brn|[from] brn\n|upkeep\n|turn|11\n|c|\u2606BriefMarigold4|yay\n|inactive|BriefMarigold4 has 120 seconds left.\n|inactive|Tranquilskink has 120 seconds left.\n|\n|t:|1697590664\n|move|p1b: Meet the Medic|Ally Switch|p1b: Meet the Medic\n|swap|p1b: Meet the Medic|0|[from] move: Ally Switch\n|move|p2a: Ceruledge|Bitter Blade|p1b: 30%\n|-resisted|p1b: 30%\n|-activate|p1b: 30%|move: Substitute|[damage]\n|-heal|p2a: Ceruledge|67\/100 brn|[from] drain|[of] p1b: 30%\n|move|p1b: 30%|Steam Eruption|p2b: Iron Hands\n|-damage|p2b: Iron Hands|60\/100\n|-status|p2b: Iron Hands|brn\n|move|p2b: Iron Hands|Heavy Slam|p1b: 30%\n|-resisted|p1b: 30%\n|-activate|p1b: 30%|move: Substitute|[damage]\n|\n|-heal|p2a: Ceruledge|73\/100 brn|[from] Grassy Terrain\n|-heal|p1b: 30%|96\/100|[from] Grassy Terrain\n|-heal|p1b: 30%|100\/100|[from] item: Leftovers\n|-heal|p2b: Iron Hands|67\/100 brn|[from] Grassy Terrain\n|-damage|p2a: Ceruledge|67\/100 brn|[from] brn\n|-damage|p2b: Iron Hands|60\/100 brn|[from] brn\n|upkeep\n|turn|12\n|l|\u2606BriefMarigold4\n|inactive|BriefMarigold4 disconnected and has a minute to reconnect!\n|player|p1|\n|inactive|Tranquilskink has 120 seconds left.\n|inactive|BriefMarigold4 has 30 seconds to reconnect!\n|inactive|BriefMarigold4 has 20 seconds to reconnect!\n|inactive|BriefMarigold4 has 15 seconds to reconnect!\n|inactive|BriefMarigold4 has 10 seconds to reconnect!\n|inactive|BriefMarigold4 has 5 seconds to reconnect!\n|-message|BriefMarigold4 lost due to inactivity.\n|\n|win|Tranquilskink\n|raw|BriefMarigold4's rating: 1319 &rarr; <strong>1307<\/strong><br \/>(-12 for losing)\n|raw|Tranquilskink's rating: 1476 &rarr; <strong>1488<\/strong><br \/>(+12 for winning)\n|c|\u2606Tranquilskink|y\n|l|\u2606Tranquilskink\n|j|\u2606BriefMarigold4\n|player|p1|BriefMarigold4|101\n","uploadtime":1697590761,"views":16,"p1id":"briefmarigold4","p2id":"tranquilskink","formatid":"gen9doublesou","rating":1307,"private":0,"password":""}