{"id":"gen9doublesou-1994312443","p1":"Ryan5777","p2":"bigbranonbampus","format":"[Gen 9] Doubles OU","log":"|j|\u2606Ryan5777\n|j|\u2606bigbranonbampus\n|t:|1700429914\n|gametype|doubles\n|player|p1|Ryan5777|265|1227\n|player|p2|bigbranonbampus|hiker|1343\n|teamsize|p1|6\n|teamsize|p2|6\n|gen|9\n|tier|[Gen 9] Doubles OU\n|rated|\n|rule|Species Clause: Limit one of each Pok\u00e9mon\n|rule|OHKO Clause: OHKO moves are banned\n|rule|Evasion Moves Clause: Evasion moves are banned\n|rule|Gravity Sleep Clause: The combination of sleep-inducing moves with imperfect accuracy and Gravity or Gigantamax Orbeetle are banned\n|rule|Endless Battle Clause: Forcing endless battles is banned\n|rule|HP Percentage Mod: HP is shown in percentages\n|clearpoke\n|poke|p1|Golem-Alola, M|\n|poke|p1|Rabsca, F|\n|poke|p1|Dondozo, F|\n|poke|p1|Iron Hands|\n|poke|p1|Chien-Pao|\n|poke|p1|Dragonite, F|\n|poke|p2|Sneasler, M|\n|poke|p2|Scream Tail|\n|poke|p2|Ninetales, M|\n|poke|p2|Baxcalibur, F|\n|poke|p2|Ceruledge, M|\n|poke|p2|Glimmora, M|\n|teampreview\n|inactive|Battle timer is ON: inactive players will automatically lose when time's up. (requested by bigbranonbampus)\n|\n|t:|1700429925\n|start\n|switch|p1a: Rockenhimer|Golem-Alola, M|100\/100\n|switch|p1b: Goldy|Rabsca, F, shiny|100\/100\n|switch|p2a: Sneasler|Sneasler, M|100\/100\n|switch|p2b: Glimmora|Glimmora, M|100\/100\n|turn|1\n|\n|t:|1700429941\n|-terastallize|p2a: Sneasler|Dark\n|move|p1a: Rockenhimer|Protect|p1a: Rockenhimer\n|-singleturn|p1a: Rockenhimer|Protect\n|move|p2a: Sneasler|Fake Out|p1a: Rockenhimer\n|-activate|p1a: Rockenhimer|move: Protect\n|move|p2b: Glimmora|Stealth Rock|p1b: Goldy\n|-sidestart|p1: Ryan5777|move: Stealth Rock\n|move|p1b: Goldy|Trick Room|p1b: Goldy\n|-fieldstart|move: Trick Room|[of] p1b: Goldy\n|\n|upkeep\n|turn|2\n|\n|t:|1700429964\n|move|p1a: Rockenhimer|Explosion|p2b: Glimmora|[spread] p2a,p2b\n|-activate|p1b: Goldy|ability: Telepathy\n|-enditem|p2a: Sneasler|Focus Sash\n|-damage|p2a: Sneasler|1\/100\n|-enditem|p2b: Glimmora|Focus Sash\n|-damage|p2b: Glimmora|1\/100\n|-activate|p2b: Glimmora|ability: Toxic Debris\n|-sidestart|p1: Ryan5777|move: Toxic Spikes\n|faint|p1a: Rockenhimer\n|move|p1b: Goldy|Revival Blessing|p1b: Goldy\n|-enditem|p1b: Goldy|Leppa Berry|[eat]\n|-activate|p1b: Goldy|item: Leppa Berry|Revival Blessing|[consumed]\n|\n|t:|1700429978\n|-heal|p1: Rockenhimer|50\/100|[from] move: Revival Blessing\n|switch|p1a: Rockenhimer|Golem-Alola, M|50\/100\n|-damage|p1a: Rockenhimer|38\/100|[from] Stealth Rock\n|-status|p1a: Rockenhimer|psn\n|move|p2b: Glimmora|Power Gem|p1b: Goldy\n|-supereffective|p1b: Goldy\n|-damage|p1b: Goldy|19\/100\n|move|p2a: Sneasler|Close Combat|p1a: Rockenhimer\n|-supereffective|p1a: Rockenhimer\n|-damage|p1a: Rockenhimer|0 fnt\n|-unboost|p2a: Sneasler|def|1\n|-unboost|p2a: Sneasler|spd|1\n|faint|p1a: Rockenhimer\n|\n|upkeep\n|inactive|Ryan5777 has 120 seconds left.\n|\n|t:|1700430007\n|switch|p1a: BigDaddyDozo|Dondozo, F|100\/100\n|-damage|p1a: BigDaddyDozo|88\/100|[from] Stealth Rock\n|-status|p1a: BigDaddyDozo|psn\n|turn|3\n|inactive|Ryan5777 has 120 seconds left.\n|\n|t:|1700430027\n|switch|p2a: Ninetales|Ninetales, M|100\/100\n|-weather|SunnyDay|[from] ability: Drought|[of] p2a: Ninetales\n|move|p1a: BigDaddyDozo|Wave Crash|p2b: Glimmora\n|-supereffective|p2b: Glimmora\n|-damage|p2b: Glimmora|0 fnt\n|-activate|p2b: Glimmora|ability: Toxic Debris\n|-sidestart|p1: Ryan5777|move: Toxic Spikes\n|faint|p2b: Glimmora\n|-damage|p1a: BigDaddyDozo|88\/100 psn|[from] Recoil\n|move|p1b: Goldy|Dazzling Gleam|p2a: Ninetales\n|-resisted|p2a: Ninetales\n|-damage|p2a: Ninetales|91\/100\n|\n|-weather|SunnyDay|[upkeep]\n|-heal|p1a: BigDaddyDozo|94\/100 psn|[from] item: Leftovers\n|-damage|p1a: BigDaddyDozo|81\/100 psn|[from] psn\n|upkeep\n|\n|t:|1700430050\n|switch|p2b: Baxcalibur|Baxcalibur, F|100\/100\n|turn|4\n|\n|t:|1700430064\n|move|p2b: Baxcalibur|Ice Shard|p1b: Goldy\n|-damage|p1b: Goldy|0 fnt\n|faint|p1b: Goldy\n|move|p1a: BigDaddyDozo|Wave Crash|p2a: Ninetales\n|-supereffective|p2a: Ninetales\n|-damage|p2a: Ninetales|44\/100\n|-damage|p1a: BigDaddyDozo|71\/100 psn|[from] Recoil\n|move|p2a: Ninetales|Foul Play|p1a: BigDaddyDozo\n|-damage|p1a: BigDaddyDozo|58\/100 psn\n|\n|-weather|SunnyDay|[upkeep]\n|-heal|p1a: BigDaddyDozo|64\/100 psn|[from] item: Leftovers\n|-damage|p1a: BigDaddyDozo|52\/100 psn|[from] psn\n|upkeep\n|\n|t:|1700430081\n|switch|p1b: Baymax|Iron Hands|100\/100\n|-damage|p1b: Baymax|94\/100|[from] Stealth Rock\n|-status|p1b: Baymax|tox\n|turn|5\n|\n|t:|1700430097\n|switch|p2b: Ceruledge|Ceruledge, M|100\/100\n|move|p2a: Ninetales|Protect|p2a: Ninetales\n|-singleturn|p2a: Ninetales|Protect\n|move|p1a: BigDaddyDozo|Wave Crash|p2a: Ninetales\n|-activate|p2a: Ninetales|move: Protect\n|move|p1b: Baymax|Drain Punch|p2b: Ceruledge\n|-immune|p2b: Ceruledge\n|\n|-weather|SunnyDay|[upkeep]\n|-heal|p1a: BigDaddyDozo|58\/100 psn|[from] item: Leftovers\n|-damage|p1a: BigDaddyDozo|45\/100 psn|[from] psn\n|-damage|p1b: Baymax|88\/100 tox|[from] psn\n|-fieldend|move: Trick Room\n|upkeep\n|turn|6\n|\n|t:|1700430127\n|move|p2a: Ninetales|Overheat|p1b: Baymax\n|-damage|p1b: Baymax|51\/100 tox\n|-unboost|p2a: Ninetales|spa|2\n|move|p2b: Ceruledge|Bitter Blade|p1b: Baymax\n|-damage|p1b: Baymax|9\/100 tox\n|-enditem|p1b: Baymax|Sitrus Berry|[eat]\n|-heal|p1b: Baymax|34\/100 tox|[from] item: Sitrus Berry\n|move|p1b: Baymax|Drain Punch|p2a: Ninetales\n|-damage|p2a: Ninetales|0 fnt\n|-heal|p1b: Baymax|51\/100 tox|[from] drain|[of] p2a: Ninetales\n|faint|p2a: Ninetales\n|move|p1a: BigDaddyDozo|Wave Crash|p2b: Ceruledge\n|-supereffective|p2b: Ceruledge\n|-damage|p2b: Ceruledge|45\/100\n|-damage|p1a: BigDaddyDozo|35\/100 psn|[from] Recoil\n|\n|-weather|SunnyDay|[upkeep]\n|-heal|p1a: BigDaddyDozo|41\/100 psn|[from] item: Leftovers\n|-damage|p1b: Baymax|38\/100 tox|[from] psn\n|-damage|p1a: BigDaddyDozo|28\/100 psn|[from] psn\n|upkeep\n|inactive|bigbranonbampus has 120 seconds left.\n|\n|t:|1700430145\n|switch|p2a: Scream Tail|Scream Tail|100\/100\n|-activate|p2a: Scream Tail|ability: Protosynthesis\n|-start|p2a: Scream Tail|protosynthesisspe\n|turn|7\n|\n|t:|1700430159\n|move|p2a: Scream Tail|Howl|p2a: Scream Tail|[spread] p2a,p2b\n|-boost|p2a: Scream Tail|atk|1\n|-boost|p2b: Ceruledge|atk|1\n|move|p2b: Ceruledge|Poltergeist|p1a: BigDaddyDozo\n|-activate|p1a: BigDaddyDozo|move: Poltergeist|Leftovers\n|-damage|p1a: BigDaddyDozo|0 fnt\n|faint|p1a: BigDaddyDozo\n|move|p1b: Baymax|Wild Charge|p2b: Ceruledge\n|-damage|p2b: Ceruledge|0 fnt\n|faint|p2b: Ceruledge\n|-damage|p1b: Baymax|31\/100 tox|[from] Recoil\n|\n|-weather|none\n|-end|p2a: Scream Tail|Protosynthesis\n|-damage|p1b: Baymax|13\/100 tox|[from] psn\n|upkeep\n|\n|t:|1700430180\n|switch|p2b: Baxcalibur|Baxcalibur, F|100\/100\n|switch|p1a: Dragonite|Dragonite, F, shiny|100\/100\n|-damage|p1a: Dragonite|76\/100|[from] Stealth Rock\n|turn|8\n|\n|t:|1700430204\n|-terastallize|p1a: Dragonite|Normal\n|move|p1a: Dragonite|Extreme Speed|p2b: Baxcalibur\n|-damage|p2b: Baxcalibur|33\/100\n|move|p2b: Baxcalibur|Ice Shard|p1a: Dragonite\n|-damage|p1a: Dragonite|48\/100\n|move|p2a: Scream Tail|Howl|p2a: Scream Tail|[spread] p2a,p2b\n|-boost|p2a: Scream Tail|atk|1\n|-boost|p2b: Baxcalibur|atk|1\n|move|p1b: Baymax|Drain Punch|p2b: Baxcalibur\n|-supereffective|p2b: Baxcalibur\n|-damage|p2b: Baxcalibur|0 fnt\n|-heal|p1b: Baymax|26\/100 tox|[from] drain|[of] p2b: Baxcalibur\n|faint|p2b: Baxcalibur\n|\n|-damage|p1b: Baymax|1\/100 tox|[from] psn\n|upkeep\n|\n|t:|1700430212\n|switch|p2b: Sneasler|Sneasler, M, tera:Dark|1\/100\n|turn|9\n|\n|t:|1700430235\n|move|p2b: Sneasler|Fake Out|p1a: Dragonite\n|-damage|p1a: Dragonite|32\/100\n|cant|p1a: Dragonite|flinch\n|move|p2a: Scream Tail|Wish|p2a: Scream Tail\n|move|p1b: Baymax|Wild Charge|p2a: Scream Tail\n|-damage|p2a: Scream Tail|68\/100\n|-damage|p1b: Baymax|0 fnt|[from] Recoil\n|faint|p1b: Baymax\n|-end|p1b: Baymax|Quark Drive|[silent]\n|\n|-heal|p2a: Scream Tail|74\/100|[from] item: Leftovers\n|upkeep\n|\n|t:|1700430249\n|switch|p1b: Chien-Pao|Chien-Pao|100\/100\n|-damage|p1b: Chien-Pao|76\/100|[from] Stealth Rock\n|-status|p1b: Chien-Pao|tox\n|-ability|p1b: Chien-Pao|Sword of Ruin\n|turn|10\n|inactive|Ryan5777 has 120 seconds left.\n|\n|t:|1700430283\n|move|p1a: Dragonite|Extreme Speed|p2b: Sneasler\n|-damage|p2b: Sneasler|0 fnt\n|faint|p2b: Sneasler\n|move|p1b: Chien-Pao|Crunch|p2a: Scream Tail\n|-damage|p2a: Scream Tail|34\/100\n|move|p2a: Scream Tail|Psychic Fangs|p1a: Dragonite\n|-damage|p1a: Dragonite|0 fnt\n|faint|p1a: Dragonite\n|\n|-heal|p2a: Scream Tail|84\/100|[from] move: Wish|[wisher] Scream Tail\n|-heal|p2a: Scream Tail|90\/100|[from] item: Leftovers\n|-damage|p1b: Chien-Pao|70\/100 tox|[from] psn\n|upkeep\n|turn|11\n|\n|t:|1700430306\n|move|p1b: Chien-Pao|Crunch|p2a: Scream Tail\n|-damage|p2a: Scream Tail|50\/100\n|-unboost|p2a: Scream Tail|def|1\n|move|p2a: Scream Tail|Wish|p2a: Scream Tail\n|\n|-heal|p2a: Scream Tail|57\/100|[from] item: Leftovers\n|-damage|p1b: Chien-Pao|58\/100 tox|[from] psn\n|upkeep\n|turn|12\n|\n|t:|1700430317\n|move|p2a: Scream Tail|Protect|p2a: Scream Tail\n|-singleturn|p2a: Scream Tail|Protect\n|move|p1b: Chien-Pao|Crunch|p2a: Scream Tail\n|-activate|p2a: Scream Tail|move: Protect\n|\n|-heal|p2a: Scream Tail|100\/100|[from] move: Wish|[wisher] Scream Tail\n|-damage|p1b: Chien-Pao|40\/100 tox|[from] psn\n|upkeep\n|turn|13\n|\n|t:|1700430329\n|move|p1b: Chien-Pao|Crunch|p2a: Scream Tail\n|-damage|p2a: Scream Tail|33\/100\n|-unboost|p2a: Scream Tail|def|1\n|move|p2a: Scream Tail|Wish|p2a: Scream Tail\n|\n|-heal|p2a: Scream Tail|40\/100|[from] item: Leftovers\n|-damage|p1b: Chien-Pao|16\/100 tox|[from] psn\n|upkeep\n|turn|14\n|\n|t:|1700430340\n|move|p2a: Scream Tail|Protect|p2a: Scream Tail\n|-singleturn|p2a: Scream Tail|Protect\n|move|p1b: Chien-Pao|Acrobatics|p2a: Scream Tail\n|-activate|p2a: Scream Tail|move: Protect\n|\n|-heal|p2a: Scream Tail|90\/100|[from] move: Wish|[wisher] Scream Tail\n|-heal|p2a: Scream Tail|96\/100|[from] item: Leftovers\n|-damage|p1b: Chien-Pao|0 fnt|[from] psn\n|faint|p1b: Chien-Pao\n|\n|win|bigbranonbampus\n|upkeep\n|raw|Ryan5777's rating: 1227 &rarr; <strong>1210<\/strong><br \/>(-17 for losing)\n|raw|bigbranonbampus's rating: 1343 &rarr; <strong>1357<\/strong><br \/>(+14 for winning)\n|c|\u2606bigbranonbampus|Gg\n|l|\u2606Ryan5777\n","uploadtime":1700430361,"views":33,"p1id":"ryan5777","p2id":"bigbranonbampus","formatid":"gen9doublesou","rating":1210,"private":0,"password":""}