{"id":"gen9doublesou-1992924434","p1":"hoenntb","p2":"Moldycheezi","format":"[Gen 9] Doubles OU","log":"|j|\u2606hoenntb\n|j|\u2606Moldycheezi\n|t:|1700247281\n|gametype|doubles\n|player|p1|hoenntb|guitarist|1340\n|player|p2|Moldycheezi|alder|1398\n|teamsize|p1|6\n|teamsize|p2|6\n|gen|9\n|tier|[Gen 9] Doubles OU\n|rated|\n|rule|Species Clause: Limit one of each Pok\u00e9mon\n|rule|OHKO Clause: OHKO moves are banned\n|rule|Evasion Moves Clause: Evasion moves are banned\n|rule|Gravity Sleep Clause: The combination of sleep-inducing moves with imperfect accuracy and Gravity or Gigantamax Orbeetle are banned\n|rule|Endless Battle Clause: Forcing endless battles is banned\n|rule|HP Percentage Mod: HP is shown in percentages\n|clearpoke\n|poke|p1|Glimmora, F|\n|poke|p1|Heatran, M|\n|poke|p1|Ogerpon-Hearthflame, F|\n|poke|p1|Palafin, F|\n|poke|p1|Flutter Mane|\n|poke|p1|Sinistcha|\n|poke|p2|Chien-Pao|\n|poke|p2|Goodra-Hisui, M|\n|poke|p2|Empoleon, F|\n|poke|p2|Flutter Mane|\n|poke|p2|Breloom, F|\n|poke|p2|Iron Moth|\n|teampreview\n|inactive|Battle timer is ON: inactive players will automatically lose when time's up. (requested by hoenntb)\n|\n|t:|1700247295\n|start\n|switch|p1a: Glimmora|Glimmora, F|100\/100\n|switch|p1b: Disgusting thing|Flutter Mane|100\/100\n|switch|p2a: Espec\u00edfico|Empoleon, F|100\/100\n|switch|p2b: Gogeta|Breloom, F, shiny|100\/100\n|-enditem|p1b: Disgusting thing|Booster Energy\n|-activate|p1b: Disgusting thing|ability: Protosynthesis|[fromitem]\n|-start|p1b: Disgusting thing|protosynthesisspe\n|turn|1\n|\n|t:|1700247324\n|move|p1b: Disgusting thing|Dazzling Gleam|p2b: Gogeta|[spread] p2a,p2b\n|-resisted|p2a: Espec\u00edfico\n|-supereffective|p2b: Gogeta\n|-damage|p2a: Espec\u00edfico|83\/100\n|-damage|p2b: Gogeta|0 fnt\n|faint|p2b: Gogeta\n|move|p1a: Glimmora|Stealth Rock|p2a: Espec\u00edfico\n|-sidestart|p2: Moldycheezi|move: Stealth Rock\n|move|p2a: Espec\u00edfico|Surf|p1a: Glimmora|[spread] p1a,p1b\n|-supereffective|p1a: Glimmora\n|-damage|p1a: Glimmora|1\/100\n|-damage|p1b: Disgusting thing|66\/100\n|\n|-heal|p2a: Espec\u00edfico|89\/100|[from] item: Leftovers\n|upkeep\n|inactive|Moldycheezi has 120 seconds left.\n|\n|t:|1700247339\n|switch|p2b: Berlin|Goodra-Hisui, M|100\/100\n|-damage|p2b: Berlin|94\/100|[from] Stealth Rock\n|turn|2\n|\n|t:|1700247351\n|move|p1b: Disgusting thing|Shadow Ball|p2b: Berlin\n|-damage|p2b: Berlin|65\/100\n|move|p1a: Glimmora|Earth Power|p2a: Espec\u00edfico\n|-supereffective|p2a: Espec\u00edfico\n|-damage|p2a: Espec\u00edfico|22\/100\n|move|p2a: Espec\u00edfico|Surf|p1b: Disgusting thing|[spread] p2b,p1a,p1b\n|-resisted|p2b: Berlin\n|-supereffective|p1a: Glimmora\n|-crit|p1a: Glimmora\n|-damage|p2b: Berlin|55\/100\n|-damage|p1a: Glimmora|0 fnt\n|-damage|p1b: Disgusting thing|31\/100\n|faint|p1a: Glimmora\n|move|p2b: Berlin|Heavy Slam|p1b: Disgusting thing\n|-supereffective|p1b: Disgusting thing\n|-damage|p1b: Disgusting thing|0 fnt\n|faint|p1b: Disgusting thing\n|-end|p1b: Disgusting thing|Protosynthesis|[silent]\n|\n|-heal|p2b: Berlin|61\/100|[from] item: Leftovers\n|-heal|p2a: Espec\u00edfico|28\/100|[from] item: Leftovers\n|upkeep\n|\n|t:|1700247371\n|switch|p1b: Bonk!|Ogerpon-Hearthflame, F|100\/100\n|switch|p1a: All might|Palafin, F|100\/100\n|-ability|p1b: Bonk!|Mold Breaker\n|turn|3\n|\n|t:|1700247394\n|move|p2b: Berlin|Protect|p2b: Berlin\n|-singleturn|p2b: Berlin|Protect\n|move|p1b: Bonk!|Ivy Cudgel|p2b: Berlin|[anim] Ivy Cudgel Fire\n|-activate|p2b: Berlin|move: Protect\n|move|p1a: All might|Flip Turn|p2a: Espec\u00edfico\n|-resisted|p2a: Espec\u00edfico\n|-damage|p2a: Espec\u00edfico|13\/100\n|\n|t:|1700247402\n|detailschange|p1a: All might|Palafin-Hero, F\n|switch|p1a: Gotcha!|Sinistcha|100\/100|[from] Flip Turn\n|move|p2a: Espec\u00edfico|Flash Cannon|p1b: Bonk!\n|-resisted|p1b: Bonk!\n|-damage|p1b: Bonk!|80\/100\n|-unboost|p1b: Bonk!|spd|1\n|\n|-heal|p2a: Espec\u00edfico|19\/100|[from] item: Leftovers\n|-heal|p2b: Berlin|67\/100|[from] item: Leftovers\n|upkeep\n|turn|4\n|\n|t:|1700247425\n|-terastallize|p1b: Bonk!|Fire\n|detailschange|p1b: Bonk!|Ogerpon-Hearthflame-Tera, F, tera:Fire\n|-ability|p1b: Bonk!|Embody Aspect (Hearthflame)|boost\n|-boost|p1b: Bonk!|atk|1\n|-terastallize|p2b: Berlin|Water\n|move|p1b: Bonk!|Ivy Cudgel|p2b: Berlin|[anim] Ivy Cudgel Fire\n|-resisted|p2b: Berlin\n|-damage|p2b: Berlin|30\/100\n|move|p1a: Gotcha!|Matcha Gotcha|p2a: Espec\u00edfico|[spread] p2a\n|-ability|p2b: Berlin|Sap Sipper|boost\n|-boost|p2b: Berlin|atk|1\n|-damage|p2a: Espec\u00edfico|0 fnt\n|faint|p2a: Espec\u00edfico\n|move|p2b: Berlin|Shelter|p2b: Berlin\n|-boost|p2b: Berlin|def|2\n|\n|-heal|p2b: Berlin|36\/100|[from] item: Leftovers\n|upkeep\n|inactive|Moldycheezi has 120 seconds left.\n|\n|t:|1700247450\n|switch|p2a: Flash|Iron Moth|100\/100\n|turn|5\n|\n|t:|1700247465\n|move|p2b: Berlin|Protect|p2b: Berlin\n|-singleturn|p2b: Berlin|Protect\n|move|p1b: Bonk!|Knock Off|p2b: Berlin\n|-activate|p2b: Berlin|move: Protect\n|move|p2a: Flash|Acid Spray|p1b: Bonk!\n|-damage|p1b: Bonk!|38\/100\n|-unboost|p1b: Bonk!|spd|2\n|move|p1a: Gotcha!|Scald|p2a: Flash\n|-supereffective|p2a: Flash\n|-damage|p2a: Flash|57\/100\n|\n|-heal|p2b: Berlin|42\/100|[from] item: Leftovers\n|upkeep\n|turn|6\n|inactive|Moldycheezi has 120 seconds left.\n|\n|t:|1700247503\n|move|p2a: Flash|Acid Spray|p1b: Bonk!\n|-crit|p1b: Bonk!\n|-damage|p1b: Bonk!|0 fnt\n|faint|p1b: Bonk!\n|move|p1a: Gotcha!|Scald|p2a: Flash\n|-supereffective|p2a: Flash\n|-damage|p2a: Flash|11\/100\n|move|p2b: Berlin|Shelter|p2b: Berlin\n|-boost|p2b: Berlin|def|2\n|\n|-heal|p2b: Berlin|48\/100|[from] item: Leftovers\n|upkeep\n|\n|t:|1700247510\n|switch|p1b: Mr. Heat|Heatran, M|100\/100\n|turn|7\n|inactive|Moldycheezi has 120 seconds left.\n|\n|t:|1700247543\n|move|p2a: Flash|Dazzling Gleam|p1a: Gotcha!|[spread] p1a,p1b\n|-resisted|p1b: Mr. Heat\n|-damage|p1a: Gotcha!|74\/100\n|-damage|p1b: Mr. Heat|95\/100\n|move|p1b: Mr. Heat|Will-O-Wisp|p2b: Berlin\n|-status|p2b: Berlin|brn\n|move|p1a: Gotcha!|Scald|p2a: Flash\n|-supereffective|p2a: Flash\n|-damage|p2a: Flash|0 fnt\n|faint|p2a: Flash\n|-end|p2a: Flash|Quark Drive|[silent]\n|move|p2b: Berlin|Body Press|p1b: Mr. Heat\n|-supereffective|p1b: Mr. Heat\n|-damage|p1b: Mr. Heat|19\/100\n|\n|-heal|p1b: Mr. Heat|26\/100|[from] item: Leftovers\n|-heal|p1a: Gotcha!|80\/100|[from] item: Leftovers\n|-heal|p2b: Berlin|54\/100 brn|[from] item: Leftovers\n|-damage|p2b: Berlin|48\/100 brn|[from] brn\n|upkeep\n|\n|t:|1700247564\n|switch|p2a: Tarot|Flutter Mane|100\/100\n|-damage|p2a: Tarot|88\/100|[from] Stealth Rock\n|-enditem|p2a: Tarot|Booster Energy\n|-activate|p2a: Tarot|ability: Protosynthesis|[fromitem]\n|-start|p2a: Tarot|protosynthesisspe\n|turn|8\n|inactive|Moldycheezi has 120 seconds left.\n|\n|t:|1700247581\n|move|p2a: Tarot|Shadow Ball|p1a: Gotcha!\n|-supereffective|p1a: Gotcha!\n|-damage|p1a: Gotcha!|0 fnt\n|faint|p1a: Gotcha!\n|move|p1b: Mr. Heat|Magma Storm|p2b: Berlin\n|-resisted|p2b: Berlin\n|-damage|p2b: Berlin|32\/100 brn\n|-activate|p2b: Berlin|move: Magma Storm|[of] p1b: Mr. Heat\n|move|p2b: Berlin|Body Press|p1b: Mr. Heat\n|-supereffective|p1b: Mr. Heat\n|-damage|p1b: Mr. Heat|0 fnt\n|faint|p1b: Mr. Heat\n|\n|-heal|p2b: Berlin|38\/100 brn|[from] item: Leftovers\n|-damage|p2b: Berlin|32\/100 brn|[from] brn\n|-end|p2b: Berlin|Magma Storm|[partiallytrapped]|[silent]\n|upkeep\n|\n|t:|1700247591\n|switch|p1a: All might|Palafin-Hero, F|100\/100\n|-activate|p1a: All might|ability: Zero to Hero\n|turn|9\n|inactive|Moldycheezi has 120 seconds left.\n|\n|t:|1700247613\n|move|p1a: All might|Jet Punch|p2a: Tarot\n|-damage|p2a: Tarot|0 fnt\n|faint|p2a: Tarot\n|-end|p2a: Tarot|Protosynthesis|[silent]\n|move|p2b: Berlin|Body Press|p1a: All might\n|-damage|p1a: All might|61\/100\n|\n|-heal|p2b: Berlin|38\/100 brn|[from] item: Leftovers\n|-damage|p2b: Berlin|32\/100 brn|[from] brn\n|upkeep\n|inactive|Moldycheezi has 120 seconds left.\n|\n|t:|1700247624\n|switch|p2a: Wolverine|Chien-Pao|100\/100\n|-damage|p2a: Wolverine|76\/100|[from] Stealth Rock\n|-ability|p2a: Wolverine|Sword of Ruin\n|turn|10\n|\n|t:|1700247633\n|move|p2a: Wolverine|Sucker Punch|p1a: All might\n|-damage|p1a: All might|13\/100\n|move|p1a: All might|Jet Punch|p2a: Wolverine\n|-damage|p2a: Wolverine|0 fnt\n|faint|p2a: Wolverine\n|move|p2b: Berlin|Body Press|p1a: All might\n|-damage|p1a: All might|0 fnt\n|faint|p1a: All might\n|\n|win|Moldycheezi\n|raw|hoenntb's rating: 1340 &rarr; <strong>1323<\/strong><br \/>(-17 for losing)\n|raw|Moldycheezi's rating: 1398 &rarr; <strong>1415<\/strong><br \/>(+17 for winning)\n|l|\u2606hoenntb\n","uploadtime":1700247673,"views":9,"p1id":"hoenntb","p2id":"moldycheezi","formatid":"gen9doublesou","rating":1323,"private":0,"password":""}