{"id":"gen9doublesou-1997282981","p1":"mibby69","p2":"MageDream\/UHE","format":"[Gen 9] Doubles OU","log":"|j|\u2606mibby69\n|j|\u2606MageDream\/UHE\n|t:|1700784363\n|gametype|doubles\n|player|p1|mibby69|tuber|1215\n|player|p2|MageDream\/UHE|chuck|1402\n|teamsize|p1|6\n|teamsize|p2|6\n|gen|9\n|tier|[Gen 9] Doubles OU\n|rated|\n|rule|Species Clause: Limit one of each Pok\u00e9mon\n|rule|OHKO Clause: OHKO moves are banned\n|rule|Evasion Moves Clause: Evasion moves are banned\n|rule|Gravity Sleep Clause: The combination of sleep-inducing moves with imperfect accuracy and Gravity or Gigantamax Orbeetle are banned\n|rule|Endless Battle Clause: Forcing endless battles is banned\n|rule|HP Percentage Mod: HP is shown in percentages\n|clearpoke\n|poke|p1|Pelipper, M|\n|poke|p1|Amoonguss, F|\n|poke|p1|Basculegion-F, F|\n|poke|p1|Manaphy|\n|poke|p1|Scizor, M|\n|poke|p1|Landorus-Therian, M|\n|poke|p2|Arcanine, F|\n|poke|p2|Rillaboom, F|\n|poke|p2|Walking Wake|\n|poke|p2|Sableye, F|\n|poke|p2|Lilligant-Hisui, F|\n|poke|p2|Ninetales, F|\n|teampreview\n|j| VapidVagrant\n|\n|t:|1700784391\n|start\n|switch|p1a: Landorus|Landorus-Therian, M|100\/100\n|switch|p1b: Scizor|Scizor, M|100\/100\n|switch|p2a: Sableye|Sableye, F|100\/100\n|switch|p2b: Lilligant|Lilligant-Hisui, F|100\/100\n|-ability|p1a: Landorus|Intimidate|boost\n|-unboost|p2a: Sableye|atk|1\n|-unboost|p2b: Lilligant|atk|1\n|turn|1\n|\n|t:|1700784416\n|move|p2a: Sableye|Sunny Day|p2a: Sableye\n|-weather|SunnyDay\n|move|p2b: Lilligant|Ice Spinner|p1a: Landorus\n|-supereffective|p1a: Landorus\n|-damage|p1a: Landorus|22\/100\n|move|p1a: Landorus|U-turn|p2b: Lilligant\n|-damage|p2b: Lilligant|57\/100\n|\n|t:|1700784432\n|switch|p1a: Pelipper|Pelipper, M|100\/100|[from] U-turn\n|-weather|RainDance|[from] ability: Drizzle|[of] p1a: Pelipper\n|move|p1b: Scizor|U-turn|p2b: Lilligant\n|-damage|p2b: Lilligant|0 fnt\n|faint|p2b: Lilligant\n|\n|t:|1700784444\n|switch|p1b: Landorus|Landorus-Therian, M|22\/100|[from] U-turn\n|-ability|p1b: Landorus|Intimidate|boost\n|-unboost|p2a: Sableye|atk|1\n|\n|-weather|RainDance|[upkeep]\n|upkeep\n|\n|t:|1700784450\n|switch|p2b: Ninetales|Ninetales, F, shiny|100\/100\n|-weather|SunnyDay|[from] ability: Drought|[of] p2b: Ninetales\n|turn|2\n|l| VapidVagrant\n|\n|t:|1700784465\n|switch|p2b: Rillaboom|Rillaboom, F|100\/100\n|-fieldstart|move: Grassy Terrain|[from] ability: Grassy Surge|[of] p2b: Rillaboom\n|switch|p1a: Amoonguss|Amoonguss, F|100\/100\n|move|p2a: Sableye|Light Screen|p2a: Sableye\n|-sidestart|p2: MageDream\/UHE|move: Light Screen\n|move|p1b: Landorus|U-turn|p2a: Sableye\n|-damage|p2a: Sableye|69\/100\n|\n|t:|1700784473\n|switch|p1b: Pelipper|Pelipper, M|100\/100|[from] U-turn\n|-weather|RainDance|[from] ability: Drizzle|[of] p1b: Pelipper\n|\n|-weather|RainDance|[upkeep]\n|-heal|p2a: Sableye|75\/100|[from] Grassy Terrain\n|upkeep\n|turn|3\n|\n|t:|1700784491\n|move|p2a: Sableye|Sunny Day|p2a: Sableye\n|-weather|SunnyDay\n|move|p2b: Rillaboom|Wood Hammer|p1b: Pelipper\n|-damage|p1b: Pelipper|0 fnt\n|faint|p1b: Pelipper\n|-damage|p2b: Rillaboom|69\/100|[from] Recoil\n|move|p1a: Amoonguss|Spore|p2a: Sableye\n|-status|p2a: Sableye|slp|[from] move: Spore\n|\n|-weather|SunnyDay|[upkeep]\n|-heal|p2b: Rillaboom|75\/100|[from] Grassy Terrain\n|-heal|p2a: Sableye|81\/100 slp|[from] Grassy Terrain\n|upkeep\n|\n|t:|1700784499\n|switch|p1b: Landorus|Landorus-Therian, M|22\/100\n|-ability|p1b: Landorus|Intimidate|boost\n|-unboost|p2a: Sableye|atk|1\n|-unboost|p2b: Rillaboom|atk|1\n|turn|4\n|\n|t:|1700784534\n|switch|p2b: Walking Wake|Walking Wake|100\/100\n|-activate|p2b: Walking Wake|ability: Protosynthesis\n|-start|p2b: Walking Wake|protosynthesisspa\n|switch|p2a: Arcanine|Arcanine, F, shiny|100\/100\n|-ability|p2a: Arcanine|Intimidate|boost\n|-unboost|p1a: Amoonguss|atk|1\n|-unboost|p1b: Landorus|atk|1\n|move|p1b: Landorus|U-turn|p2b: Walking Wake\n|-damage|p2b: Walking Wake|80\/100\n|\n|t:|1700784548\n|switch|p1b: Manaphy|Manaphy|100\/100|[from] U-turn\n|move|p1a: Amoonguss|Pollen Puff|p2b: Walking Wake\n|-damage|p2b: Walking Wake|68\/100\n|\n|-weather|SunnyDay|[upkeep]\n|-heal|p2b: Walking Wake|75\/100|[from] Grassy Terrain\n|upkeep\n|turn|5\n|\n|t:|1700784576\n|switch|p1a: Landorus|Landorus-Therian, M|22\/100\n|-ability|p1a: Landorus|Intimidate|boost\n|-unboost|p2a: Arcanine|atk|1\n|-unboost|p2b: Walking Wake|atk|1\n|move|p2b: Walking Wake|Weather Ball|p1a: Landorus\n|-damage|p1a: Landorus|0 fnt\n|faint|p1a: Landorus\n|move|p2a: Arcanine|Snarl|p1b: Manaphy\n|-damage|p1b: Manaphy|89\/100\n|-unboost|p1b: Manaphy|spa|1\n|move|p1b: Manaphy|Tail Glow|p1b: Manaphy\n|-boost|p1b: Manaphy|spa|3\n|-enditem|p2a: Arcanine|Mirror Herb\n|-boost|p2a: Arcanine|spa|3|[from] item: Mirror Herb\n|\n|-weather|SunnyDay|[upkeep]\n|-heal|p2b: Walking Wake|81\/100|[from] Grassy Terrain\n|-heal|p1b: Manaphy|95\/100|[from] Grassy Terrain\n|-heal|p1b: Manaphy|100\/100|[from] item: Leftovers\n|upkeep\n|\n|t:|1700784590\n|switch|p1a: Basculegion|Basculegion-F, F|100\/100\n|turn|6\n|\n|t:|1700784625\n|-terastallize|p2a: Arcanine|Steel\n|move|p2b: Walking Wake|Draco Meteor|p1b: Manaphy|[miss]\n|-miss|p2b: Walking Wake|p1b: Manaphy\n|move|p2a: Arcanine|Overheat|p1a: Basculegion\n|-resisted|p1a: Basculegion\n|-damage|p1a: Basculegion|0 fnt\n|-unboost|p2a: Arcanine|spa|2\n|faint|p1a: Basculegion\n|move|p1b: Manaphy|Scald|p2a: Arcanine\n|-damage|p2a: Arcanine|66\/100\n|\n|-weather|SunnyDay|[upkeep]\n|-heal|p2b: Walking Wake|87\/100|[from] Grassy Terrain\n|-heal|p2a: Arcanine|72\/100|[from] Grassy Terrain\n|-sideend|p2: MageDream\/UHE|move: Light Screen\n|-fieldend|move: Grassy Terrain\n|upkeep\n|\n|t:|1700784638\n|switch|p1a: Amoonguss|Amoonguss, F|100\/100\n|turn|7\n|\n|t:|1700784652\n|move|p2b: Walking Wake|Draco Meteor|p1b: Manaphy\n|-damage|p1b: Manaphy|33\/100\n|-unboost|p2b: Walking Wake|spa|2\n|move|p2a: Arcanine|Overheat|p1a: Amoonguss\n|-supereffective|p1a: Amoonguss\n|-damage|p1a: Amoonguss|0 fnt\n|-unboost|p2a: Arcanine|spa|2\n|faint|p1a: Amoonguss\n|move|p1b: Manaphy|Stored Power|p2b: Walking Wake\n|-damage|p2b: Walking Wake|59\/100\n|\n|-weather|none\n|-end|p2b: Walking Wake|Protosynthesis\n|-heal|p1b: Manaphy|40\/100|[from] item: Leftovers\n|upkeep\n|\n|t:|1700784660\n|switch|p1a: Scizor|Scizor, M|100\/100\n|turn|8\n|inactive|Battle timer is ON: inactive players will automatically lose when time's up. (requested by mibby69)\n|\n|t:|1700784703\n|switch|p2a: Ninetales|Ninetales, F, shiny|100\/100\n|-weather|SunnyDay|[from] ability: Drought|[of] p2a: Ninetales\n|-activate|p2b: Walking Wake|ability: Protosynthesis\n|-start|p2b: Walking Wake|protosynthesisspe\n|-terastallize|p1a: Scizor|Ground\n|move|p2b: Walking Wake|Flamethrower|p1a: Scizor\n|-damage|p1a: Scizor|71\/100\n|move|p1b: Manaphy|Stored Power|p2b: Walking Wake\n|-damage|p2b: Walking Wake|27\/100\n|move|p1a: Scizor|Swords Dance|p1a: Scizor\n|-boost|p1a: Scizor|atk|2\n|\n|-weather|SunnyDay|[upkeep]\n|-heal|p1b: Manaphy|46\/100|[from] item: Leftovers\n|-heal|p1a: Scizor|77\/100|[from] item: Leftovers\n|upkeep\n|turn|9\n|inactive|mibby69 has 120 seconds left.\n|\n|t:|1700784736\n|-end|p2b: Walking Wake|Protosynthesis|[silent]\n|switch|p2b: Arcanine|Arcanine, F, shiny, tera:Steel|72\/100\n|-ability|p2b: Arcanine|Intimidate|boost\n|-unboost|p1a: Scizor|atk|1\n|-unboost|p1b: Manaphy|atk|1\n|move|p1a: Scizor|Bullet Punch|p2b: Arcanine\n|-resisted|p2b: Arcanine\n|-damage|p2b: Arcanine|42\/100\n|move|p2a: Ninetales|Solar Beam||[still]\n|-prepare|p2a: Ninetales|Solar Beam\n|-anim|p2a: Ninetales|Solar Beam|p1a: Scizor\n|-supereffective|p1a: Scizor\n|-damage|p1a: Scizor|0 fnt\n|faint|p1a: Scizor\n|move|p1b: Manaphy|Stored Power|p2a: Ninetales\n|-damage|p2a: Ninetales|56\/100\n|\n|-weather|SunnyDay|[upkeep]\n|-heal|p1b: Manaphy|52\/100|[from] item: Leftovers\n|upkeep\n|turn|10\n|c|\u2606mibby69|gg\n|\n|t:|1700784760\n|move|p2a: Ninetales|Solar Beam||[still]\n|-prepare|p2a: Ninetales|Solar Beam\n|-anim|p2a: Ninetales|Solar Beam|p1b: Manaphy\n|-supereffective|p1b: Manaphy\n|-damage|p1b: Manaphy|0 fnt\n|faint|p1b: Manaphy\n|\n|win|MageDream\/UHE\n|raw|mibby69's rating: 1215 &rarr; <strong>1202<\/strong><br \/>(-13 for losing)\n|raw|MageDream&#x2f;UHE's rating: 1402 &rarr; <strong>1412<\/strong><br \/>(+10 for winning)\n|l|\u2606mibby69\n|c|\u2606MageDream\/UHE|ty\n","uploadtime":1700784934,"views":7,"p1id":"mibby69","p2id":"magedreamuhe","formatid":"gen9doublesou","rating":1202,"private":0,"password":""}