{"id":"gen9doublesou-1970072102","p1":"Mongoose556","p2":"Coopaa","format":"[Gen 9] Doubles OU","log":"|j|\u2606Mongoose556\n|j|\u2606Coopaa\n|t:|1697591284\n|gametype|doubles\n|player|p1|Mongoose556|may|1130\n|player|p2|Coopaa|102|1336\n|teamsize|p1|6\n|teamsize|p2|6\n|gen|9\n|tier|[Gen 9] Doubles OU\n|rated|\n|rule|Species Clause: Limit one of each Pok\u00e9mon\n|rule|OHKO Clause: OHKO moves are banned\n|rule|Evasion Moves Clause: Evasion moves are banned\n|rule|Gravity Sleep Clause: The combination of sleep-inducing moves with imperfect accuracy and Gravity or Gigantamax Orbeetle are banned\n|rule|Endless Battle Clause: Forcing endless battles is banned\n|rule|HP Percentage Mod: HP is shown in percentages\n|clearpoke\n|poke|p1|Ogerpon-Cornerstone, F|\n|poke|p1|Kleavor, M|\n|poke|p1|Golem-Alola, M|\n|poke|p1|Drednaw, M|\n|poke|p1|Lycanroc-Midnight, M|\n|poke|p1|Sudowoodo, F|\n|poke|p2|Tornadus, M|\n|poke|p2|Regidrago|\n|poke|p2|Heatran, M|\n|poke|p2|Flutter Mane|\n|poke|p2|Palafin, M|\n|poke|p2|Dragonite, F|\n|teampreview\n|inactive|Battle timer is ON: inactive players will automatically lose when time's up. (requested by Mongoose556)\n|\n|t:|1697591310\n|start\n|switch|p1a: Sudowoodo|Sudowoodo, F|100\/100\n|switch|p1b: Kleavor|Kleavor, M, shiny|100\/100\n|switch|p2a: Tornadus|Tornadus, M|100\/100\n|switch|p2b: Palafin|Palafin, M|100\/100\n|turn|1\n|\n|t:|1697591336\n|move|p1a: Sudowoodo|Protect|p1a: Sudowoodo\n|-singleturn|p1a: Sudowoodo|Protect\n|move|p2a: Tornadus|Taunt|p1b: Kleavor\n|-start|p1b: Kleavor|move: Taunt\n|move|p2b: Palafin|Flip Turn|p1b: Kleavor\n|-supereffective|p1b: Kleavor\n|-damage|p1b: Kleavor|42\/100\n|\n|t:|1697591350\n|detailschange|p2b: Palafin|Palafin-Hero, M\n|switch|p2b: Regidrago|Regidrago|100\/100|[from] Flip Turn\n|move|p1b: Kleavor|Stone Axe|p2a: Tornadus\n|-supereffective|p2a: Tornadus\n|-crit|p2a: Tornadus\n|-damage|p2a: Tornadus|0 fnt\n|-sidestart|p2: Coopaa|move: Stealth Rock\n|faint|p2a: Tornadus\n|\n|upkeep\n|inactive|Coopaa has 120 seconds left.\n|\n|t:|1697591361\n|switch|p2a: Heatran|Heatran, M|100\/100\n|-damage|p2a: Heatran|88\/100|[from] Stealth Rock\n|turn|2\n|\n|t:|1697591374\n|-terastallize|p2a: Heatran|Grass\n|move|p2b: Regidrago|Protect|p2b: Regidrago\n|-singleturn|p2b: Regidrago|Protect\n|move|p2a: Heatran|Tera Blast|p1a: Sudowoodo|[anim] Tera Blast Grass\n|-supereffective|p1a: Sudowoodo\n|-damage|p1a: Sudowoodo|0 fnt\n|faint|p1a: Sudowoodo\n|move|p1b: Kleavor|Close Combat|p2a: Heatran\n|-damage|p2a: Heatran|51\/100\n|-unboost|p1b: Kleavor|def|1\n|-unboost|p1b: Kleavor|spd|1\n|-enditem|p1b: Kleavor|White Herb\n|-clearnegativeboost|p1b: Kleavor|[silent]\n|\n|upkeep\n|\n|t:|1697591383\n|switch|p1a: Lycanroc|Lycanroc-Midnight, M, shiny|100\/100\n|turn|3\n|\n|t:|1697591410\n|-terastallize|p1a: Lycanroc|Rock\n|move|p1a: Lycanroc|Stone Edge|p2a: Heatran\n|-crit|p2a: Heatran\n|-damage|p2a: Heatran|0 fnt\n|faint|p2a: Heatran\n|move|p1b: Kleavor|Stone Axe|p2b: Regidrago\n|-damage|p2b: Regidrago|44\/100\n|move|p2b: Regidrago|Dragon Energy|p1a: Lycanroc|[spread] p1a,p1b\n|-damage|p1a: Lycanroc|47\/100\n|-damage|p1b: Kleavor|0 fnt\n|faint|p1b: Kleavor\n|\n|upkeep\n|\n|t:|1697591430\n|switch|p1b: Ogerpon|Ogerpon-Cornerstone, F|100\/100\n|switch|p2a: Flutter Mane|Flutter Mane|100\/100\n|-damage|p2a: Flutter Mane|88\/100|[from] Stealth Rock\n|turn|4\n|\n|t:|1697591442\n|move|p2b: Regidrago|Protect|p2b: Regidrago\n|-singleturn|p2b: Regidrago|Protect\n|move|p1a: Lycanroc|Stone Edge|p2a: Flutter Mane\n|-damage|p2a: Flutter Mane|0 fnt\n|faint|p2a: Flutter Mane\n|-end|p2a: Flutter Mane|Protosynthesis|[silent]\n|move|p1b: Ogerpon|Ivy Cudgel|p2b: Regidrago\n|-activate|p2b: Regidrago|move: Protect\n|\n|upkeep\n|\n|t:|1697591455\n|switch|p2a: Dragonite|Dragonite, F|100\/100\n|-damage|p2a: Dragonite|75\/100|[from] Stealth Rock\n|turn|5\n|\n|t:|1697591470\n|move|p1a: Lycanroc|Stone Edge|p2a: Dragonite\n|-supereffective|p2a: Dragonite\n|-damage|p2a: Dragonite|0 fnt\n|faint|p2a: Dragonite\n|move|p1b: Ogerpon|Ivy Cudgel|p2b: Regidrago\n|-damage|p2b: Regidrago|0 fnt\n|faint|p2b: Regidrago\n|\n|upkeep\n|\n|t:|1697591480\n|switch|p2b: Palafin|Palafin-Hero, M|100\/100\n|-damage|p2b: Palafin|88\/100|[from] Stealth Rock\n|-activate|p2b: Palafin|ability: Zero to Hero\n|turn|6\n|\n|t:|1697591502\n|move|p1a: Lycanroc|Stone Edge|p2b: Palafin\n|-damage|p2b: Palafin|28\/100\n|move|p1b: Ogerpon|Horn Leech|p2b: Palafin\n|-supereffective|p2b: Palafin\n|-damage|p2b: Palafin|0 fnt\n|faint|p2b: Palafin\n|\n|win|Mongoose556\n|raw|Mongoose556's rating: 1130 &rarr; <strong>1168<\/strong><br \/>(+38 for winning)\n|raw|Coopaa's rating: 1336 &rarr; <strong>1305<\/strong><br \/>(-31 for losing)\n","uploadtime":1697591507,"views":24,"p1id":"mongoose556","p2id":"coopaa","formatid":"gen9doublesou","rating":1168,"private":0,"password":""}