{"id":"gen9doublesou-1978764228","p1":"noelleee","p2":"Penter","format":"[Gen 9] Doubles OU","log":"|j|\u2606noelleee\n|j|\u2606Penter\n|inactive|Battle timer is ON: inactive players will automatically lose when time's up.\n|t:|1698592343\n|gametype|doubles\n|player|p1|noelleee|grusha|\n|player|p2|Penter|n|\n|teamsize|p1|6\n|teamsize|p2|6\n|gen|9\n|tier|[Gen 9] Doubles OU\n|rated|Tournament battle\n|rule|Species Clause: Limit one of each Pok\u00e9mon\n|rule|OHKO Clause: OHKO moves are banned\n|rule|Evasion Moves Clause: Evasion moves are banned\n|rule|Gravity Sleep Clause: The combination of sleep-inducing moves with imperfect accuracy and Gravity or Gigantamax Orbeetle are banned\n|rule|Endless Battle Clause: Forcing endless battles is banned\n|rule|HP Percentage Mod: HP is shown in percentages\n|clearpoke\n|poke|p1|Diancie|\n|poke|p1|Flutter Mane|\n|poke|p1|Landorus-Therian, M|\n|poke|p1|Volcanion|\n|poke|p1|Rillaboom, F|\n|poke|p1|Kingambit, M|\n|poke|p2|Landorus-Therian, M|\n|poke|p2|Weezing-Galar, M|\n|poke|p2|Roaring Moon|\n|poke|p2|Samurott-Hisui, M|\n|poke|p2|Iron Hands|\n|poke|p2|Sinistcha|\n|teampreview\n|inactive|noelleee also wants the timer to be on.\n|j| PumpK Stump.\n|\n|t:|1698592370\n|start\n|switch|p1a: Landorus|Landorus-Therian, M|100\/100\n|switch|p1b: Flutter Mane|Flutter Mane|100\/100\n|switch|p2a: Landorus|Landorus-Therian, M|100\/100\n|switch|p2b: Weezing|Weezing-Galar, M|100\/100\n|-ability|p2b: Weezing|Neutralizing Gas\n|-block|p2a: Landorus|item: Ability Shield\n|-ability|p2a: Landorus|Intimidate|boost\n|-unboost|p1a: Landorus|atk|1\n|-unboost|p1b: Flutter Mane|atk|1\n|turn|1\n|inactive|Penter has 120 seconds left.\n|c| PumpK Stump.|Are the teams in this tournament supposed to be basic as possible or are are all of yall just using whatevers strongest\n|\n|t:|1698592420\n|-end|p1b: Flutter Mane|Protosynthesis|[silent]\n|switch|p1b: Kingambit|Kingambit, M|100\/100\n|move|p1a: Landorus|U-turn|p2a: Landorus\n|-resisted|p2a: Landorus\n|-damage|p2a: Landorus|91\/100\n|j| ButWhyThough_2\n|inactive|noelleee has 120 seconds left.\n|c|\u2606Penter|im using whack shit\n|c|\u2606noelleee|we're playing because we actually want to improve as players?\n|c|\u2606noelleee|thats the point of tournaments\n|c| PumpK Stump.|Ok cool\n|c| ButWhyThough_2|we all use our own teams\n|c| PumpK Stump.|Ill just stick to ma goofy strats a guess\n|c| ButWhyThough_2|that we made at random\n|c|\u2606noelleee|if you want to use random stuff and play casually thats fine and i love that for you\n|inactive|noelleee has 90 seconds left.\n|c|\u2606noelleee|but dont shit on comp players because you personally do not find it fun\n|inactive|noelleee has 60 seconds left.\n|\n|t:|1698592490\n|switch|p1a: Volcanion|Volcanion|100\/100|[from] U-turn\n|move|p2a: Landorus|Stealth Rock|p1a: Volcanion\n|-sidestart|p1: noelleee|move: Stealth Rock\n|move|p2b: Weezing|Will-O-Wisp|p1a: Volcanion\n|-immune|p1a: Volcanion\n|\n|upkeep\n|turn|2\n|inactive|Penter has 120 seconds left.\n|inactive|noelleee has 60 seconds left.\n|c| PumpK Stump.|Am not sayin its shi m just saying kinda borin seeing the same shi everywhere\n|\n|t:|1698592523\n|move|p2a: Landorus|Taunt|p1b: Kingambit\n|-start|p1b: Kingambit|move: Taunt\n|move|p2b: Weezing|Will-O-Wisp|p1b: Kingambit\n|-status|p1b: Kingambit|brn\n|move|p1a: Volcanion|Steam Eruption|p2a: Landorus\n|-supereffective|p2a: Landorus\n|-damage|p2a: Landorus|0 fnt\n|faint|p2a: Landorus\n|cant|p1b: Kingambit|move: Taunt|Swords Dance\n|\n|-damage|p1b: Kingambit|94\/100 brn|[from] brn\n|upkeep\n|c| ButWhyThough_2|look man, i never seen these teams before\n|inactive|Penter has 90 seconds left.\n|c| PumpK Stump.|Fr\n|inactive|Penter has 60 seconds left.\n|c|\u2606Penter|just cuz ppl use the same pokemon doesnt mean there isn't depth\n|inactive|Penter has 30 seconds left.\n|\n|t:|1698592605\n|switch|p2a: Samurott|Samurott-Hisui, M|100\/100\n|turn|3\n|c| PumpK Stump.|Why do yall even turn the timer on aint it better to have some time to think\n|c|\u2606noelleee|not to mention our teams literally have one pokemon in common\n|c|\u2606noelleee|everything else is different?\n|inactive|noelleee has 60 seconds left.\n|c| ButWhyThough_2|timer because we dont want to drag out the game\n|\n|t:|1698592651\n|switch|p1b: Landorus|Landorus-Therian, M|100\/100\n|-damage|p1b: Landorus|88\/100|[from] Stealth Rock\n|move|p2a: Samurott|Ceaseless Edge|p1a: Volcanion\n|-damage|p1a: Volcanion|76\/100\n|-sidestart|p1: noelleee|Spikes\n|move|p2b: Weezing|Sludge Bomb|p1a: Volcanion\n|-damage|p1a: Volcanion|56\/100\n|-status|p1a: Volcanion|psn\n|move|p1a: Volcanion|Earth Power|p2b: Weezing\n|-supereffective|p2b: Weezing\n|-damage|p2b: Weezing|26\/100\n|-unboost|p2b: Weezing|spd|1\n|\n|-heal|p2b: Weezing|32\/100|[from] item: Leftovers\n|-damage|p1a: Volcanion|44\/100 psn|[from] psn\n|upkeep\n|turn|4\n|c| PumpK Stump.|Oh k\n|c|\u2606Penter|yeah im just sayin even if i that wasnt the case\n|inactive|noelleee has 60 seconds left.\n|inactive|Penter has 60 seconds left.\n|\n|t:|1698592681\n|move|p2b: Weezing|Protect|p2b: Weezing\n|-singleturn|p2b: Weezing|Protect\n|move|p2a: Samurott|Ceaseless Edge|p1b: Landorus\n|-damage|p1b: Landorus|55\/100\n|-sidestart|p1: noelleee|Spikes\n|move|p1b: Landorus|U-turn|p2a: Samurott\n|-supereffective|p2a: Samurott\n|-damage|p2a: Samurott|24\/100\n|\n|t:|1698592687\n|switch|p1b: Flutter Mane|Flutter Mane|100\/100|[from] U-turn\n|-damage|p1b: Flutter Mane|88\/100|[from] Stealth Rock\n|-damage|p1b: Flutter Mane|71\/100|[from] Spikes\n|move|p1a: Volcanion|Earth Power|p2b: Weezing\n|-activate|p2b: Weezing|move: Protect\n|\n|-heal|p2b: Weezing|38\/100|[from] item: Leftovers\n|-damage|p1a: Volcanion|32\/100 psn|[from] psn\n|upkeep\n|turn|5\n|inactive|noelleee has 60 seconds left.\n|inactive|noelleee has 30 seconds left.\n|\n|t:|1698592730\n|-end|p2b: Weezing|ability: Neutralizing Gas\n|switch|p2b: Sinistcha|Sinistcha|100\/100\n|-terastallize|p1b: Flutter Mane|Fairy\n|move|p2a: Samurott|Ceaseless Edge|p1b: Flutter Mane\n|-resisted|p1b: Flutter Mane\n|-damage|p1b: Flutter Mane|39\/100\n|-sidestart|p1: noelleee|Spikes\n|move|p1b: Flutter Mane|Dazzling Gleam|p2b: Sinistcha|[spread] p2a,p2b\n|-supereffective|p2a: Samurott\n|-damage|p2a: Samurott|0 fnt\n|-damage|p2b: Sinistcha|40\/100\n|-enditem|p2b: Sinistcha|Sitrus Berry|[eat]\n|-heal|p2b: Sinistcha|65\/100|[from] item: Sitrus Berry\n|faint|p2a: Samurott\n|move|p1a: Volcanion|Heat Wave|p2b: Sinistcha\n|-supereffective|p2b: Sinistcha\n|-damage|p2b: Sinistcha|11\/100\n|\n|-damage|p1a: Volcanion|19\/100 psn|[from] psn\n|upkeep\n|inactive|noelleee has 30 seconds left this turn.\n|inactive|Penter has 60 seconds left.\n|c| PumpK Stump.|Nice terra\n|\n|t:|1698592765\n|switch|p2a: Roaring Moon|Roaring Moon|100\/100\n|-enditem|p2a: Roaring Moon|Booster Energy\n|-activate|p2a: Roaring Moon|ability: Protosynthesis|[fromitem]\n|-start|p2a: Roaring Moon|protosynthesisspe\n|turn|6\n|c| ButWhyThough_2|it would seem roaring moon outspeeds\n|inactive|Penter has 30 seconds left.\n|c| PumpK Stump.|Did he use terra\n|inactive|Penter has 20 seconds left.\n|\n|t:|1698592806\n|move|p2a: Roaring Moon|Protect|p2a: Roaring Moon\n|-singleturn|p2a: Roaring Moon|Protect\n|move|p1b: Flutter Mane|Dazzling Gleam|p2b: Sinistcha|[spread] p2b\n|-activate|p2a: Roaring Moon|move: Protect\n|-damage|p2b: Sinistcha|0 fnt\n|faint|p2b: Sinistcha\n|move|p1a: Volcanion|Heat Wave|p2a: Roaring Moon\n|-activate|p2a: Roaring Moon|move: Protect\n|\n|-damage|p1a: Volcanion|7\/100 psn|[from] psn\n|upkeep\n|inactive|Penter has 25 seconds left this turn.\n|inactive|Penter has 20 seconds left.\n|\n|t:|1698592813\n|switch|p2b: Iron Hands|Iron Hands|100\/100\n|turn|7\n|c| ButWhyThough_2|look, it's brian hands\n|inactive|Penter has 30 seconds left.\n|\n|t:|1698592828\n|move|p2b: Iron Hands|Fake Out|p1b: Flutter Mane\n|-damage|p1b: Flutter Mane|16\/100\n|move|p2a: Roaring Moon|Tailwind|p2a: Roaring Moon\n|-sidestart|p2: Penter|move: Tailwind\n|cant|p1b: Flutter Mane|flinch\n|move|p1a: Volcanion|Earth Power|p2b: Iron Hands\n|-supereffective|p2b: Iron Hands\n|-damage|p2b: Iron Hands|64\/100\n|\n|-damage|p1a: Volcanion|0 fnt|[from] psn\n|faint|p1a: Volcanion\n|upkeep\n|c| PumpK Stump.|Heheh\n|\n|t:|1698592839\n|switch|p1a: Rillaboom|Rillaboom, F|100\/100\n|-damage|p1a: Rillaboom|88\/100|[from] Stealth Rock\n|-damage|p1a: Rillaboom|63\/100|[from] Spikes\n|-fieldstart|move: Grassy Terrain|[from] ability: Grassy Surge|[of] p1a: Rillaboom\n|turn|8\n|inactive|Penter has 30 seconds left.\n|\n|t:|1698592873\n|-end|p2b: Iron Hands|Quark Drive|[silent]\n|switch|p2b: Weezing|Weezing-Galar, M|38\/100\n|-ability|p2b: Weezing|Neutralizing Gas\n|-terastallize|p2a: Roaring Moon|Poison\n|move|p1a: Rillaboom|Fake Out|p2a: Roaring Moon\n|-damage|p2a: Roaring Moon|85\/100\n|cant|p2a: Roaring Moon|flinch\n|move|p1b: Flutter Mane|Dazzling Gleam|p2a: Roaring Moon|[spread] p2a,p2b\n|-resisted|p2a: Roaring Moon\n|-resisted|p2b: Weezing\n|-damage|p2a: Roaring Moon|58\/100\n|-damage|p2b: Weezing|11\/100\n|\n|-heal|p2a: Roaring Moon|65\/100|[from] Grassy Terrain\n|-heal|p2b: Weezing|17\/100|[from] Grassy Terrain\n|-heal|p2b: Weezing|23\/100|[from] item: Leftovers\n|-heal|p1b: Flutter Mane|23\/100|[from] Grassy Terrain\n|-heal|p1a: Rillaboom|69\/100|[from] Grassy Terrain\n|upkeep\n|turn|9\n|inactive|noelleee has 120 seconds left.\n|inactive|Penter has 30 seconds left.\n|\n|t:|1698592903\n|switch|p1a: Kingambit|Kingambit, M|94\/100 brn\n|-damage|p1a: Kingambit|88\/100 brn|[from] Stealth Rock\n|-damage|p1a: Kingambit|63\/100 brn|[from] Spikes\n|move|p2a: Roaring Moon|Knock Off|p1b: Flutter Mane\n|-resisted|p1b: Flutter Mane\n|-damage|p1b: Flutter Mane|0 fnt\n|-enditem|p1b: Flutter Mane|Choice Specs|[from] move: Knock Off|[of] p2a: Roaring Moon\n|faint|p1b: Flutter Mane\n|-end|p1b: Flutter Mane|Protosynthesis|[silent]\n|move|p2b: Weezing|Will-O-Wisp|p1a: Kingambit\n|-fail|p1a: Kingambit|brn\n|\n|-heal|p2a: Roaring Moon|71\/100|[from] Grassy Terrain\n|-heal|p2b: Weezing|29\/100|[from] Grassy Terrain\n|-heal|p2b: Weezing|35\/100|[from] item: Leftovers\n|-heal|p1a: Kingambit|69\/100 brn|[from] Grassy Terrain\n|-damage|p1a: Kingambit|63\/100 brn|[from] brn\n|upkeep\n|inactive|Penter has 30 seconds left this turn.\n|\n|t:|1698592920\n|switch|p1b: Diancie|Diancie|100\/100\n|-damage|p1b: Diancie|88\/100|[from] Stealth Rock\n|-damage|p1b: Diancie|63\/100|[from] Spikes\n|turn|10\n|inactive|Penter has 30 seconds left.\n|\n|t:|1698592950\n|switch|p1a: Landorus|Landorus-Therian, M|55\/100\n|-damage|p1a: Landorus|43\/100|[from] Stealth Rock\n|move|p2a: Roaring Moon|Knock Off|p1b: Diancie\n|-resisted|p1b: Diancie\n|-damage|p1b: Diancie|42\/100\n|-enditem|p1b: Diancie|Weakness Policy|[from] move: Knock Off|[of] p2a: Roaring Moon\n|move|p2b: Weezing|Sludge Bomb|p1b: Diancie\n|-damage|p1b: Diancie|22\/100\n|move|p1b: Diancie|Trick Room|p1b: Diancie\n|-fieldstart|move: Trick Room|[of] p1b: Diancie\n|\n|-heal|p1b: Diancie|28\/100|[from] Grassy Terrain\n|-heal|p2b: Weezing|41\/100|[from] Grassy Terrain\n|-heal|p2b: Weezing|47\/100|[from] item: Leftovers\n|-heal|p2a: Roaring Moon|77\/100|[from] Grassy Terrain\n|-sideend|p2: Penter|move: Tailwind\n|upkeep\n|turn|11\n|inactive|noelleee has 120 seconds left.\n|\n|t:|1698592968\n|move|p2b: Weezing|Protect|p2b: Weezing\n|-singleturn|p2b: Weezing|Protect\n|move|p1b: Diancie|Diamond Storm|p2a: Roaring Moon|[spread] p2a\n|-activate|p2b: Weezing|move: Protect\n|-damage|p2a: Roaring Moon|43\/100\n|-boost|p1b: Diancie|def|2\n|move|p1a: Landorus|Stomping Tantrum|p2a: Roaring Moon\n|-supereffective|p2a: Roaring Moon\n|-damage|p2a: Roaring Moon|0 fnt\n|faint|p2a: Roaring Moon\n|-end|p2a: Roaring Moon|Protosynthesis|[silent]\n|\n|-heal|p1b: Diancie|34\/100|[from] Grassy Terrain\n|-heal|p2b: Weezing|53\/100|[from] Grassy Terrain\n|-heal|p2b: Weezing|59\/100|[from] item: Leftovers\n|upkeep\n|\n|t:|1698592976\n|switch|p2a: Iron Hands|Iron Hands|64\/100\n|turn|12\n|inactive|Penter has 60 seconds left.\n|\n|t:|1698593001\n|switch|p1a: Rillaboom|Rillaboom, F|69\/100\n|-damage|p1a: Rillaboom|57\/100|[from] Stealth Rock\n|-damage|p1a: Rillaboom|32\/100|[from] Spikes\n|move|p1b: Diancie|Protect|p1b: Diancie\n|-singleturn|p1b: Diancie|Protect\n|move|p2a: Iron Hands|Ice Punch|p1a: Rillaboom\n|-supereffective|p1a: Rillaboom\n|-damage|p1a: Rillaboom|0 fnt\n|faint|p1a: Rillaboom\n|move|p2b: Weezing|Will-O-Wisp|p1b: Diancie\n|-activate|p1b: Diancie|move: Protect\n|\n|-heal|p1b: Diancie|41\/100|[from] Grassy Terrain\n|-heal|p2a: Iron Hands|71\/100|[from] Grassy Terrain\n|-heal|p2b: Weezing|65\/100|[from] Grassy Terrain\n|-heal|p2b: Weezing|71\/100|[from] item: Leftovers\n|-fieldend|move: Grassy Terrain\n|upkeep\n|\n|t:|1698593014\n|switch|p1a: Kingambit|Kingambit, M|63\/100 brn\n|-damage|p1a: Kingambit|57\/100 brn|[from] Stealth Rock\n|-damage|p1a: Kingambit|32\/100 brn|[from] Spikes\n|turn|13\n|inactive|Penter has 60 seconds left.\n|\n|t:|1698593030\n|move|p1a: Kingambit|Sucker Punch|p2a: Iron Hands\n|-resisted|p2a: Iron Hands\n|-damage|p2a: Iron Hands|63\/100\n|move|p1b: Diancie|Body Press|p2a: Iron Hands\n|-damage|p2a: Iron Hands|24\/100\n|move|p2a: Iron Hands|Close Combat|p1a: Kingambit\n|-supereffective|p1a: Kingambit\n|-damage|p1a: Kingambit|0 fnt\n|-unboost|p2a: Iron Hands|def|1\n|-unboost|p2a: Iron Hands|spd|1\n|faint|p1a: Kingambit\n|move|p2b: Weezing|Will-O-Wisp|p1b: Diancie\n|-status|p1b: Diancie|brn\n|\n|-heal|p2b: Weezing|77\/100|[from] item: Leftovers\n|-damage|p1b: Diancie|34\/100 brn|[from] brn\n|upkeep\n|\n|t:|1698593041\n|switch|p1a: Landorus|Landorus-Therian, M|43\/100\n|-damage|p1a: Landorus|30\/100|[from] Stealth Rock\n|turn|14\n|\n|t:|1698593054\n|move|p1b: Diancie|Body Press|p2a: Iron Hands\n|-damage|p2a: Iron Hands|0 fnt\n|faint|p2a: Iron Hands\n|-end|p2a: Iron Hands|Quark Drive|[silent]\n|move|p2b: Weezing|Strange Steam|p1b: Diancie\n|-damage|p1b: Diancie|16\/100 brn\n|move|p1a: Landorus|Stomping Tantrum|p2b: Weezing\n|-supereffective|p2b: Weezing\n|-damage|p2b: Weezing|0 fnt\n|faint|p2b: Weezing\n|-end|p2b: Weezing|ability: Neutralizing Gas\n|\n|win|noelleee\n|n|\u2606noelleee|noelleee\n|n|\u2606Penter|penter\n|n| PumpK Stump.|pumpkstump\n|n| ButWhyThough_2|butwhythough2\n","uploadtime":1698593055,"views":31,"p1id":"noelleee","p2id":"penter","formatid":"gen9doublesou","rating":0,"private":0,"password":""}