{"id":"gen9doublesou-1998977326","p1":"Lenoxum","p2":"julethal","format":"[Gen 9] Doubles OU","log":"|j|\u2606Lenoxum\n|j|\u2606julethal\n|inactive|Battle timer is ON: inactive players will automatically lose when time's up.\n|t:|1701019952\n|gametype|doubles\n|player|p1|Lenoxum|turo-ai|\n|player|p2|julethal|170|\n|teamsize|p1|6\n|teamsize|p2|6\n|gen|9\n|tier|[Gen 9] Doubles OU\n|rated|Tournament battle\n|rule|Species Clause: Limit one of each Pok\u00e9mon\n|rule|OHKO Clause: OHKO moves are banned\n|rule|Evasion Moves Clause: Evasion moves are banned\n|rule|Gravity Sleep Clause: The combination of sleep-inducing moves with imperfect accuracy and Gravity or Gigantamax Orbeetle are banned\n|rule|Endless Battle Clause: Forcing endless battles is banned\n|rule|HP Percentage Mod: HP is shown in percentages\n|clearpoke\n|poke|p1|Cloyster, F|\n|poke|p1|Abomasnow, M|\n|poke|p1|Salamence, F|\n|poke|p1|Steenee, F|\n|poke|p1|Weavile, F|\n|poke|p1|Dragonite, M|\n|poke|p2|Amoonguss, M|\n|poke|p2|Sylveon, F|\n|poke|p2|Politoed, F|\n|poke|p2|Hippowdon, M|\n|poke|p2|Dachsbun, F|\n|poke|p2|Palafin, F|\n|teampreview\n|j|*Lady Monita \u2746\n|c|\u2606julethal|gl :)\n|c|\u2606Lenoxum|hf\n|c|\u2606Lenoxum|gl\n|inactive|Lenoxum has 120 seconds left.\n|\n|t:|1701019986\n|start\n|switch|p1a: Abomasnow|Abomasnow, M, shiny|100\/100\n|switch|p1b: Cloyster|Cloyster, F, shiny|100\/100\n|switch|p2a: Palafin|Palafin, F|100\/100\n|switch|p2b: Dachsbun|Dachsbun, F|100\/100\n|-weather|Snow|[from] ability: Snow Warning|[of] p1a: Abomasnow\n|turn|1\n|j| PikaMelon3\n|\n|t:|1701020007\n|detailschange|p2a: Palafin|Palafin-Hero, F\n|switch|p2a: Politoed|Politoed, F|100\/100\n|move|p2b: Dachsbun|Yawn|p1b: Cloyster\n|-start|p1b: Cloyster|move: Yawn|[of] p2b: Dachsbun\n|move|p1b: Cloyster|Shell Smash|p1b: Cloyster\n|-unboost|p1b: Cloyster|def|1\n|-unboost|p1b: Cloyster|spd|1\n|-boost|p1b: Cloyster|atk|2\n|-boost|p1b: Cloyster|spa|2\n|-boost|p1b: Cloyster|spe|2\n|-enditem|p1b: Cloyster|White Herb\n|-clearnegativeboost|p1b: Cloyster|[silent]\n|move|p1a: Abomasnow|Aurora Veil|p1a: Abomasnow\n|-sidestart|p1: Lenoxum|move: Aurora Veil\n|\n|-weather|Snow|[upkeep]\n|upkeep\n|turn|2\n|inactive|Lenoxum has 120 seconds left.\n|inactive|julethal has 120 seconds left.\n|\n|t:|1701020042\n|move|p2a: Politoed|Protect|p2a: Politoed\n|-singleturn|p2a: Politoed|Protect\n|move|p1b: Cloyster|Icicle Spear|p2b: Dachsbun\n|-damage|p2b: Dachsbun|83\/100\n|-damage|p2b: Dachsbun|65\/100\n|-damage|p2b: Dachsbun|47\/100\n|-damage|p2b: Dachsbun|29\/100\n|-damage|p2b: Dachsbun|11\/100\n|-hitcount|p2b: Dachsbun|5\n|move|p2b: Dachsbun|Wish|p2b: Dachsbun\n|move|p1a: Abomasnow|Energy Ball|p2a: Politoed\n|-activate|p2a: Politoed|move: Protect\n|\n|-weather|Snow|[upkeep]\n|-end|p1b: Cloyster|move: Yawn|[silent]\n|-status|p1b: Cloyster|slp\n|upkeep\n|turn|3\n|\n|t:|1701020067\n|switch|p2a: Amoonguss|Amoonguss, M|100\/100\n|move|p2b: Dachsbun|Protect|p2b: Dachsbun\n|-singleturn|p2b: Dachsbun|Protect\n|cant|p1b: Cloyster|slp\n|move|p1a: Abomasnow|Blizzard|p2b: Dachsbun|[spread] p2a\n|-activate|p2b: Dachsbun|move: Protect\n|-supereffective|p2a: Amoonguss\n|-damage|p2a: Amoonguss|51\/100\n|\n|-weather|Snow|[upkeep]\n|-heal|p2b: Dachsbun|61\/100|[from] move: Wish|[wisher] Dachsbun\n|-heal|p2a: Amoonguss|58\/100|[from] item: Black Sludge\n|upkeep\n|turn|4\n|\n|t:|1701020092\n|-terastallize|p2a: Amoonguss|Water\n|cant|p1b: Cloyster|slp\n|move|p2b: Dachsbun|Body Press|p1a: Abomasnow\n|-supereffective|p1a: Abomasnow\n|-damage|p1a: Abomasnow|73\/100\n|move|p1a: Abomasnow|Blizzard|p2b: Dachsbun|[spread] p2a,p2b\n|-resisted|p2a: Amoonguss\n|-damage|p2a: Amoonguss|46\/100\n|-damage|p2b: Dachsbun|18\/100\n|move|p2a: Amoonguss|Giga Drain|p1b: Cloyster\n|-supereffective|p1b: Cloyster\n|-damage|p1b: Cloyster|16\/100 slp\n|-heal|p2a: Amoonguss|69\/100|[from] drain|[of] p1b: Cloyster\n|\n|-weather|Snow|[upkeep]\n|-damage|p2a: Amoonguss|57\/100|[from] item: Black Sludge\n|upkeep\n|turn|5\n|j| Oscarx90\n|\n|t:|1701020117\n|switch|p2a: Politoed|Politoed, F|100\/100\n|-curestatus|p1b: Cloyster|slp|[msg]\n|move|p1b: Cloyster|Rock Blast|p2a: Politoed\n|-damage|p2a: Politoed|84\/100\n|-damage|p2a: Politoed|66\/100\n|-damage|p2a: Politoed|50\/100\n|-damage|p2a: Politoed|32\/100\n|-damage|p2a: Politoed|15\/100\n|-hitcount|p2a: Politoed|5\n|move|p2b: Dachsbun|Body Press|p1b: Cloyster\n|-supereffective|p1b: Cloyster\n|-damage|p1b: Cloyster|0 fnt\n|faint|p1b: Cloyster\n|move|p1a: Abomasnow|Blizzard|p2b: Dachsbun|[spread] p2a,p2b\n|-resisted|p2a: Politoed\n|-damage|p2a: Politoed|0 fnt\n|-damage|p2b: Dachsbun|0 fnt\n|faint|p2a: Politoed\n|faint|p2b: Dachsbun\n|\n|-weather|none\n|upkeep\n|l| Oscarx90\n|inactive|Lenoxum has 120 seconds left.\n|\n|t:|1701020151\n|switch|p2a: Sylveon|Sylveon, F|100\/100\n|switch|p2b: Amoonguss|Amoonguss, M, tera:Water|90\/100\n|switch|p1b: Dragonite|Dragonite, M, shiny|100\/100\n|turn|6\n|inactive|Lenoxum has 120 seconds left.\n|\n|t:|1701020178\n|switch|p1a: Steenee|Steenee, F, shiny|100\/100\n|move|p1b: Dragonite|Iron Head|p2a: Sylveon\n|-supereffective|p2a: Sylveon\n|-damage|p2a: Sylveon|34\/100\n|move|p2a: Sylveon|Substitute|p2a: Sylveon\n|-start|p2a: Sylveon|Substitute\n|-damage|p2a: Sylveon|9\/100\n|move|p2b: Amoonguss|Spore|p1b: Dragonite\n|-block|p1b: Dragonite|ability: Sweet Veil|[of] p1a: Steenee\n|\n|-damage|p2b: Amoonguss|78\/100|[from] item: Black Sludge\n|upkeep\n|turn|7\n|inactive|Lenoxum has 120 seconds left.\n|\n|t:|1701020207\n|move|p1b: Dragonite|Iron Head|p2a: Sylveon\n|-supereffective|p2a: Sylveon\n|-end|p2a: Sylveon|Substitute\n|move|p1a: Steenee|Seed Bomb|p2b: Amoonguss\n|-supereffective|p2b: Amoonguss\n|-damage|p2b: Amoonguss|32\/100\n|move|p2a: Sylveon|Hyper Voice|p1a: Steenee|[spread] p1a,p1b\n|-supereffective|p1b: Dragonite\n|-damage|p1a: Steenee|41\/100\n|-damage|p1b: Dragonite|75\/100\n|-enditem|p1b: Dragonite|Weakness Policy\n|-boost|p1b: Dragonite|atk|2|[from] item: Weakness Policy\n|-boost|p1b: Dragonite|spa|2|[from] item: Weakness Policy\n|-enditem|p2a: Sylveon|Throat Spray\n|-boost|p2a: Sylveon|spa|1|[from] item: Throat Spray\n|move|p2b: Amoonguss|Giga Drain|p1a: Steenee\n|-resisted|p1a: Steenee\n|-crit|p1a: Steenee\n|-damage|p1a: Steenee|3\/100\n|-heal|p2b: Amoonguss|43\/100|[from] drain|[of] p1a: Steenee\n|\n|-damage|p2b: Amoonguss|30\/100|[from] item: Black Sludge\n|upkeep\n|turn|8\n|\n|t:|1701020231\n|switch|p2b: Hippowdon|Hippowdon, M|100\/100\n|-weather|Sandstorm|[from] ability: Sand Stream|[of] p2b: Hippowdon\n|move|p2a: Sylveon|Protect|p2a: Sylveon\n|-singleturn|p2a: Sylveon|Protect\n|move|p1b: Dragonite|Extreme Speed|p2a: Sylveon\n|-activate|p2a: Sylveon|move: Protect\n|move|p1a: Steenee|Seed Bomb|p2b: Hippowdon\n|-supereffective|p2b: Hippowdon\n|-damage|p2b: Hippowdon|68\/100\n|\n|-weather|Sandstorm|[upkeep]\n|-damage|p1b: Dragonite|69\/100|[from] Sandstorm\n|-damage|p1a: Steenee|0 fnt|[from] Sandstorm\n|-damage|p2a: Sylveon|3\/100|[from] Sandstorm\n|faint|p1a: Steenee\n|-heal|p2b: Hippowdon|74\/100|[from] item: Leftovers\n|-sideend|p1: Lenoxum|move: Aurora Veil\n|upkeep\n|c|\u2606Lenoxum|gg\n|inactive|Lenoxum has 120 seconds left.\n|\n|t:|1701020249\n|switch|p1a: Abomasnow|Abomasnow, M, shiny|73\/100\n|-weather|Snow|[from] ability: Snow Warning|[of] p1a: Abomasnow\n|turn|9\n|\n|t:|1701020267\n|move|p1b: Dragonite|Iron Head|p2a: Sylveon\n|-supereffective|p2a: Sylveon\n|-damage|p2a: Sylveon|0 fnt\n|faint|p2a: Sylveon\n|move|p1a: Abomasnow|Blizzard|p2b: Hippowdon\n|-supereffective|p2b: Hippowdon\n|-damage|p2b: Hippowdon|0 fnt\n|faint|p2b: Hippowdon\n|\n|-weather|Snow|[upkeep]\n|upkeep\n|\n|t:|1701020275\n|switch|p2a: Amoonguss|Amoonguss, M, tera:Water|63\/100\n|switch|p2b: Palafin|Palafin-Hero, F|100\/100\n|-activate|p2b: Palafin|ability: Zero to Hero\n|turn|10\n|\n|t:|1701020293\n|move|p2b: Palafin|Close Combat|p1a: Abomasnow\n|-supereffective|p1a: Abomasnow\n|-damage|p1a: Abomasnow|0 fnt\n|-unboost|p2b: Palafin|def|1\n|-unboost|p2b: Palafin|spd|1\n|faint|p1a: Abomasnow\n|move|p1b: Dragonite|Outrage|p2b: Palafin\n|-damage|p2b: Palafin|0 fnt\n|faint|p2b: Palafin\n|move|p2a: Amoonguss|Spore|p1b: Dragonite\n|-status|p1b: Dragonite|slp|[from] move: Spore\n|\n|-weather|Snow|[upkeep]\n|-damage|p2a: Amoonguss|51\/100|[from] item: Black Sludge\n|upkeep\n|\n|t:|1701020304\n|switch|p1a: Weavile|Weavile, F, shiny|100\/100\n|turn|11\n|c|\u2606julethal|gg\n|j| Shadow22131\n|c|\u2606Lenoxum|gg\n|\n|t:|1701020317\n|move|p1a: Weavile|Fake Out|p2a: Amoonguss\n|-damage|p2a: Amoonguss|36\/100\n|cant|p1b: Dragonite|slp\n|cant|p2a: Amoonguss|flinch\n|\n|-weather|Snow|[upkeep]\n|-damage|p2a: Amoonguss|24\/100|[from] item: Black Sludge\n|upkeep\n|turn|12\n|\n|t:|1701020328\n|move|p1a: Weavile|Knock Off|p2a: Amoonguss\n|-damage|p2a: Amoonguss|0 fnt\n|-enditem|p2a: Amoonguss|Black Sludge|[from] move: Knock Off|[of] p1a: Weavile\n|faint|p2a: Amoonguss\n|\n|win|Lenoxum\n|n|\u2606Lenoxum|lenoxum\n|n|\u2606julethal|julethal\n|n|*Lady Monita \u2746|ladymonita\n|n| PikaMelon3|pikamelon3\n|n| Shadow22131|shadow22131\n","uploadtime":1701020329,"views":7,"p1id":"lenoxum","p2id":"julethal","formatid":"gen9doublesou","rating":0,"private":0,"password":""}