{"id":"gen9doublesou-1980042119","p1":"cgtuh.ocgoj\u201dfyxtg9","p2":"C4RR1LLO","format":"[Gen 9] Doubles OU","log":"|j|\u2606cgtuh.ocgoj\u201dfyxtg9\n|j|\u2606C4RR1LLO\n|t:|1698750634\n|gametype|doubles\n|player|p1|cgtuh.ocgoj\u201dfyxtg9|169|1208\n|player|p2|C4RR1LLO|101|1142\n|teamsize|p1|6\n|teamsize|p2|6\n|gen|9\n|tier|[Gen 9] Doubles OU\n|rated|\n|rule|Species Clause: Limit one of each Pok\u00e9mon\n|rule|OHKO Clause: OHKO moves are banned\n|rule|Evasion Moves Clause: Evasion moves are banned\n|rule|Gravity Sleep Clause: The combination of sleep-inducing moves with imperfect accuracy and Gravity or Gigantamax Orbeetle are banned\n|rule|Endless Battle Clause: Forcing endless battles is banned\n|rule|HP Percentage Mod: HP is shown in percentages\n|clearpoke\n|poke|p1|Talonflame, F|\n|poke|p1|Meowscarada, M|\n|poke|p1|Shiftry, F|\n|poke|p1|Dragonite, M|\n|poke|p1|Ribombee, M|\n|poke|p1|Brambleghast, F|\n|poke|p2|Dusclops, F|\n|poke|p2|Sudowoodo, M|\n|poke|p2|Sunflora, F|\n|poke|p2|Glastrier|\n|poke|p2|Enamorus-Therian, F|\n|poke|p2|Spiritomb, M|\n|teampreview\n|inactive|Battle timer is ON: inactive players will automatically lose when time's up. (requested by C4RR1LLO)\n|c|\u2606cgtuh.ocgoj\u201dfyxtg9|glhf\n|\n|t:|1698750649\n|start\n|switch|p1a: Talonflame|Talonflame, F|100\/100\n|switch|p1b: Shiftry|Shiftry, F|100\/100\n|switch|p2a: Dusclops|Dusclops, F|100\/100\n|switch|p2b: Sunflora|Sunflora, F|100\/100\n|-item|p1a: Talonflame|Heavy-Duty Boots|[from] ability: Frisk|[of] p2a: Dusclops|[identify]\n|-item|p1b: Shiftry|Expert Belt|[from] ability: Frisk|[of] p2a: Dusclops|[identify]\n|turn|1\n|\n|t:|1698750668\n|move|p2b: Sunflora|Protect|p2b: Sunflora\n|-singleturn|p2b: Sunflora|Protect\n|move|p1a: Talonflame|Tailwind|p1a: Talonflame\n|-sidestart|p1: cgtuh.ocgoj\u201dfyxtg9|move: Tailwind\n|-ability|p1b: Shiftry|Wind Rider|boost\n|-boost|p1b: Shiftry|atk|1\n|move|p1b: Shiftry|Knock Off|p2a: Dusclops\n|-supereffective|p2a: Dusclops\n|-damage|p2a: Dusclops|18\/100\n|-enditem|p2a: Dusclops|Eviolite|[from] move: Knock Off|[of] p1b: Shiftry\n|move|p2a: Dusclops|Trick Room|p2a: Dusclops\n|-fieldstart|move: Trick Room|[of] p2a: Dusclops\n|\n|upkeep\n|turn|2\n|inactive|C4RR1LLO has 120 seconds left.\n|\n|t:|1698750707\n|move|p1a: Talonflame|Air Slash|p2a: Dusclops\n|-damage|p2a: Dusclops|3\/100\n|move|p2a: Dusclops|Pain Split|p1a: Talonflame\n|-sethp|p1a: Talonflame|51\/100|[from] move: Pain Split|[silent]\n|-sethp|p2a: Dusclops|65\/100|[from] move: Pain Split\n|move|p2b: Sunflora|Hyper Beam|p1b: Shiftry\n|-damage|p1b: Shiftry|15\/100\n|-mustrecharge|p2b: Sunflora\n|move|p1b: Shiftry|Knock Off|p2a: Dusclops\n|-supereffective|p2a: Dusclops\n|-damage|p2a: Dusclops|0 fnt\n|faint|p2a: Dusclops\n|\n|upkeep\n|\n|t:|1698750721\n|switch|p2a: Enamorus|Enamorus-Therian, F|100\/100\n|turn|3\n|\n|t:|1698750736\n|cant|p2b: Sunflora|recharge\n|move|p2a: Enamorus|Dazzling Gleam|p1b: Shiftry|[spread] p1a,p1b\n|-resisted|p1a: Talonflame\n|-supereffective|p1b: Shiftry\n|-damage|p1a: Talonflame|28\/100\n|-damage|p1b: Shiftry|0 fnt\n|faint|p1b: Shiftry\n|move|p1a: Talonflame|Roost|p1a: Talonflame\n|-heal|p1a: Talonflame|78\/100\n|-singleturn|p1a: Talonflame|move: Roost\n|\n|upkeep\n|inactive|cgtuh.ocgoj\u201dfyxtg9 has 120 seconds left.\n|\n|t:|1698750773\n|switch|p1b: Dragonite|Dragonite, M|100\/100\n|turn|4\n|inactive|cgtuh.ocgoj\u201dfyxtg9 has 120 seconds left.\n|\n|t:|1698750791\n|-terastallize|p1b: Dragonite|Normal\n|move|p2b: Sunflora|Hyper Beam|p1a: Talonflame\n|-damage|p1a: Talonflame|12\/100\n|-mustrecharge|p2b: Sunflora\n|move|p2a: Enamorus|Dazzling Gleam|p1a: Talonflame|[spread] p1a,p1b\n|-resisted|p1a: Talonflame\n|-damage|p1a: Talonflame|0 fnt\n|-damage|p1b: Dragonite|83\/100\n|faint|p1a: Talonflame\n|move|p1b: Dragonite|Dragon Dance|p1b: Dragonite\n|-boost|p1b: Dragonite|atk|1\n|-boost|p1b: Dragonite|spe|1\n|\n|-heal|p1b: Dragonite|90\/100|[from] item: Leftovers\n|-sideend|p1: cgtuh.ocgoj\u201dfyxtg9|move: Tailwind\n|upkeep\n|inactive|cgtuh.ocgoj\u201dfyxtg9 has 120 seconds left.\n|\n|t:|1698750799\n|switch|p1a: Ribombee|Ribombee, M|100\/100\n|turn|5\n|inactive|cgtuh.ocgoj\u201dfyxtg9 has 120 seconds left.\n|\n|t:|1698750826\n|move|p1b: Dragonite|Extreme Speed|p2a: Enamorus\n|-damage|p2a: Enamorus|36\/100\n|cant|p2b: Sunflora|recharge\n|move|p2a: Enamorus|Mystical Fire|p1a: Ribombee\n|-supereffective|p1a: Ribombee\n|-damage|p1a: Ribombee|13\/100\n|-unboost|p1a: Ribombee|spa|1\n|move|p1a: Ribombee|Pollen Puff|p2b: Sunflora\n|-supereffective|p2b: Sunflora\n|-damage|p2b: Sunflora|58\/100\n|\n|-heal|p1b: Dragonite|96\/100|[from] item: Leftovers\n|-fieldend|move: Trick Room\n|upkeep\n|turn|6\n|inactive|cgtuh.ocgoj\u201dfyxtg9 has 120 seconds left.\n|\n|t:|1698750856\n|move|p2b: Sunflora|Protect|p2b: Sunflora\n|-singleturn|p2b: Sunflora|Protect\n|move|p1b: Dragonite|Ice Spinner|p2b: Sunflora\n|-activate|p2b: Sunflora|move: Protect\n|move|p1a: Ribombee|Tailwind|p1a: Ribombee\n|-sidestart|p1: cgtuh.ocgoj\u201dfyxtg9|move: Tailwind\n|move|p2a: Enamorus|Dazzling Gleam|p1a: Ribombee|[spread] p1a,p1b\n|-damage|p1a: Ribombee|0 fnt\n|-damage|p1b: Dragonite|57\/100\n|faint|p1a: Ribombee\n|\n|-heal|p1b: Dragonite|63\/100|[from] item: Leftovers\n|upkeep\n|inactive|cgtuh.ocgoj\u201dfyxtg9 has 120 seconds left.\n|\n|t:|1698750870\n|switch|p1a: Brambleghast|Brambleghast, F|100\/100\n|-ability|p1a: Brambleghast|Wind Rider|boost\n|-boost|p1a: Brambleghast|atk|1\n|turn|7\n|inactive|cgtuh.ocgoj\u201dfyxtg9 has 120 seconds left.\n|\n|t:|1698750902\n|move|p1b: Dragonite|Extreme Speed|p2a: Enamorus\n|-damage|p2a: Enamorus|0 fnt\n|faint|p2a: Enamorus\n|move|p1a: Brambleghast|Poltergeist|p2b: Sunflora|[miss]\n|-miss|p1a: Brambleghast|p2b: Sunflora\n|move|p2b: Sunflora|Solar Beam||[still]\n|-prepare|p2b: Sunflora|Solar Beam\n|-enditem|p2b: Sunflora|Power Herb\n|-anim|p2b: Sunflora|Solar Beam|p2: Enamorus|[notarget]\n|-fail|p2b: Sunflora\n|\n|-heal|p1b: Dragonite|69\/100|[from] item: Leftovers\n|upkeep\n|\n|t:|1698750917\n|switch|p2a: Spiritomb|Spiritomb, M|100\/100\n|-ability|p2a: Spiritomb|Pressure\n|turn|8\n|c|\u2606cgtuh.ocgoj\u201dfyxtg9|???\n|\n|t:|1698750928\n|move|p2b: Sunflora|Protect|p2b: Sunflora\n|-singleturn|p2b: Sunflora|Protect\n|move|p1b: Dragonite|Iron Head|p2a: Spiritomb\n|-damage|p2a: Spiritomb|49\/100\n|move|p1a: Brambleghast|Poltergeist|p2a: Spiritomb\n|-activate|p2a: Spiritomb|move: Poltergeist|Mental Herb\n|-damage|p2a: Spiritomb|0 fnt\n|faint|p2a: Spiritomb\n|\n|-heal|p1b: Dragonite|75\/100|[from] item: Leftovers\n|upkeep\n|\n|t:|1698750942\n|switch|p2a: Jaume pel\u00f3n|Sudowoodo, M|100\/100\n|turn|9\n|j| Hauss Nellessen\n|\n|t:|1698750959\n|move|p1b: Dragonite|Extreme Speed|p2b: Sunflora\n|-damage|p2b: Sunflora|0 fnt\n|faint|p2b: Sunflora\n|move|p1a: Brambleghast|Power Whip|p2a: Jaume pel\u00f3n\n|-supereffective|p2a: Jaume pel\u00f3n\n|-damage|p2a: Jaume pel\u00f3n|0 fnt\n|faint|p2a: Jaume pel\u00f3n\n|\n|-heal|p1b: Dragonite|81\/100|[from] item: Leftovers\n|-sideend|p1: cgtuh.ocgoj\u201dfyxtg9|move: Tailwind\n|upkeep\n|\n|t:|1698750972\n|switch|p2a: Glastrier|Glastrier|100\/100\n|turn|10\n|\n|t:|1698750984\n|move|p1b: Dragonite|Extreme Speed|p2a: Glastrier\n|-damage|p2a: Glastrier|52\/100\n|move|p1a: Brambleghast|Poltergeist|p2a: Glastrier\n|-activate|p2a: Glastrier|move: Poltergeist|Life Orb\n|-damage|p2a: Glastrier|0 fnt\n|faint|p2a: Glastrier\n|\n|win|cgtuh.ocgoj\u201dfyxtg9\n|raw|cgtuh.ocgoj\u201dfyxtg9's rating: 1208 &rarr; <strong>1228<\/strong><br \/>(+20 for winning)\n|raw|C4RR1LLO's rating: 1142 &rarr; <strong>1122<\/strong><br \/>(-20 for losing)\n|l|\u2606C4RR1LLO\n|c|\u2606cgtuh.ocgoj\u201dfyxtg9|gg\n|l|\u2606cgtuh.ocgoj\u201dfyxtg9\n|l| Hauss Nellessen\n|j|\u2606cgtuh.ocgoj\u201dfyxtg9\n|player|p1|cgtuh.ocgoj\u201dfyxtg9|169\n","uploadtime":1698751002,"views":12,"p1id":"cgtuhocgojfyxtg9","p2id":"c4rr1llo","formatid":"gen9doublesou","rating":1122,"private":0,"password":""}