{"id":"gen9doublesou-1971251203","p1":"Rexluser","p2":"Msmssmsmmsm","format":"[Gen 9] Doubles OU","log":"|j|\u2606Rexluser\n|j|\u2606Msmssmsmmsm\n|t:|1697723758\n|gametype|doubles\n|player|p1|Rexluser|102|1045\n|player|p2|Msmssmsmmsm|101|1000\n|teamsize|p1|6\n|teamsize|p2|6\n|gen|9\n|tier|[Gen 9] Doubles OU\n|rated|\n|rule|Species Clause: Limit one of each Pok\u00e9mon\n|rule|OHKO Clause: OHKO moves are banned\n|rule|Evasion Moves Clause: Evasion moves are banned\n|rule|Gravity Sleep Clause: The combination of sleep-inducing moves with imperfect accuracy and Gravity or Gigantamax Orbeetle are banned\n|rule|Endless Battle Clause: Forcing endless battles is banned\n|rule|HP Percentage Mod: HP is shown in percentages\n|clearpoke\n|poke|p1|Chien-Pao|\n|poke|p1|Basculegion-F, F|\n|poke|p1|Goodra-Hisui, M|\n|poke|p1|Iron Hands|\n|poke|p1|Ogerpon-Hearthflame, F|\n|poke|p1|Tornadus, M|\n|poke|p2|Amoonguss, F|\n|poke|p2|Garganacl, F|\n|poke|p2|Kingambit, M|\n|poke|p2|Murkrow, F|\n|poke|p2|Great Tusk|\n|poke|p2|Maushold-Four|\n|teampreview\n|inactive|Battle timer is ON: inactive players will automatically lose when time's up. (requested by Rexluser)\n|\n|t:|1697723782\n|start\n|switch|p1a: Tornadus|Tornadus, M|100\/100\n|switch|p1b: Chien-Pao|Chien-Pao|100\/100\n|switch|p2a: Garganacl|Garganacl, F, shiny|100\/100\n|switch|p2b: Murkrow|Murkrow, F|100\/100\n|-ability|p1b: Chien-Pao|Sword of Ruin\n|turn|1\n|inactive|Msmssmsmmsm has 120 seconds left.\n|\n|t:|1697723814\n|move|p1b: Chien-Pao|Ice Spinner|p2b: Murkrow\n|-supereffective|p2b: Murkrow\n|-damage|p2b: Murkrow|0 fnt\n|faint|p2b: Murkrow\n|move|p1a: Tornadus|Chilling Water|p2a: Garganacl\n|-supereffective|p2a: Garganacl\n|-damage|p2a: Garganacl|79\/100\n|-unboost|p2a: Garganacl|atk|1\n|move|p2a: Garganacl|Thunder Punch|p1a: Tornadus\n|-supereffective|p1a: Tornadus\n|-damage|p1a: Tornadus|57\/100\n|\n|upkeep\n|inactive|Msmssmsmmsm has 120 seconds left.\n|\n|t:|1697723827\n|switch|p2b: Maushold|Maushold-Four|100\/100\n|turn|2\n|\n|t:|1697723843\n|move|p1a: Tornadus|Tailwind|p1a: Tornadus\n|-sidestart|p1: Rexluser|move: Tailwind\n|move|p1b: Chien-Pao|Ice Spinner|p2b: Maushold\n|-damage|p2b: Maushold|0 fnt\n|faint|p2b: Maushold\n|move|p2a: Garganacl|Ice Punch|p1a: Tornadus\n|-supereffective|p1a: Tornadus\n|-damage|p1a: Tornadus|5\/100\n|\n|upkeep\n|\n|t:|1697723852\n|switch|p2b: Kingambit|Kingambit, M, shiny|100\/100\n|-activate|p2b: Kingambit|ability: Supreme Overlord\n|-start|p2b: Kingambit|fallen2|[silent]\n|turn|3\n|\n|t:|1697723872\n|switch|p1b: Iron Hands|Iron Hands|100\/100\n|-terastallize|p2b: Kingambit|Ghost\n|move|p1a: Tornadus|Chilling Water|p2b: Kingambit\n|-damage|p2b: Kingambit|90\/100\n|-unboost|p2b: Kingambit|atk|1\n|move|p2b: Kingambit|X-Scissor|p1b: Iron Hands\n|-resisted|p1b: Iron Hands\n|-damage|p1b: Iron Hands|95\/100\n|move|p2a: Garganacl|Explosion|p1a: Tornadus|[spread] p1a,p1b\n|-immune|p2b: Kingambit\n|-damage|p1a: Tornadus|0 fnt\n|-damage|p1b: Iron Hands|78\/100\n|faint|p2a: Garganacl\n|faint|p1a: Tornadus\n|\n|upkeep\n|\n|t:|1697723892\n|switch|p1a: Chien-Pao|Chien-Pao|100\/100\n|switch|p2a: Great Tusk|Great Tusk, shiny|100\/100\n|-ability|p1a: Chien-Pao|Sword of Ruin\n|turn|4\n|\n|t:|1697723903\n|move|p1b: Iron Hands|Fake Out|p2a: Great Tusk\n|-damage|p2a: Great Tusk|89\/100\n|move|p1a: Chien-Pao|Lash Out|p2b: Kingambit\n|-supereffective|p2b: Kingambit\n|-damage|p2b: Kingambit|0 fnt\n|faint|p2b: Kingambit\n|-end|p2b: Kingambit|fallen2|[silent]\n|cant|p2a: Great Tusk|flinch\n|\n|upkeep\n|\n|t:|1697723913\n|switch|p2b: Amoonguss|Amoonguss, F, shiny|100\/100\n|turn|5\n|-message|Msmssmsmmsm forfeited.\n|\n|win|Rexluser\n|raw|Rexluser's rating: 1045 &rarr; <strong>1074<\/strong><br \/>(+29 for winning)\n|raw|Msmssmsmmsm's rating: 1000 &rarr; <strong>1000<\/strong><br \/>(+0 for losing)\n|l|\u2606Msmssmsmmsm\n","uploadtime":1697723929,"views":17,"p1id":"rexluser","p2id":"msmssmsmmsm","formatid":"gen9doublesou","rating":1000,"private":0,"password":""}