{"id":"gen9doublesou-1980638789","p1":"Yasuzzo","p2":"Jourvicious","format":"[Gen 9] Doubles OU","log":"|j|\u2606Yasuzzo\n|j|\u2606Jourvicious\n|t:|1698806322\n|gametype|doubles\n|player|p1|Yasuzzo|elesa|1247\n|player|p2|Jourvicious|guitarist|1334\n|teamsize|p1|6\n|teamsize|p2|6\n|gen|9\n|tier|[Gen 9] Doubles OU\n|rated|\n|rule|Species Clause: Limit one of each Pok\u00e9mon\n|rule|OHKO Clause: OHKO moves are banned\n|rule|Evasion Moves Clause: Evasion moves are banned\n|rule|Gravity Sleep Clause: The combination of sleep-inducing moves with imperfect accuracy and Gravity or Gigantamax Orbeetle are banned\n|rule|Endless Battle Clause: Forcing endless battles is banned\n|rule|HP Percentage Mod: HP is shown in percentages\n|clearpoke\n|poke|p1|Iron Hands|\n|poke|p1|Thundurus, M|\n|poke|p1|Iron Thorns|\n|poke|p1|Pincurchin, M|\n|poke|p1|Eelektross, M|\n|poke|p1|Rotom-Wash|\n|poke|p2|Kommo-o, M|\n|poke|p2|Shiftry, F|\n|poke|p2|Tornadus, M|\n|poke|p2|Arcanine-Hisui, F|\n|poke|p2|Sinistcha-Masterpiece|\n|poke|p2|Ninetales-Alola, M|\n|teampreview\n|inactive|Battle timer is ON: inactive players will automatically lose when time's up. (requested by Jourvicious)\n|inactive|Yasuzzo also wants the timer to be on.\n|c|\u2606Jourvicious|mono electric sick\n|c|\u2606Jourvicious|glhf\n|inactive|Jourvicious has 120 seconds left.\n|\n|t:|1698806357\n|start\n|switch|p1a: Pincurchin|Pincurchin, M|100\/100\n|switch|p1b: Rotom|Rotom-Wash|100\/100\n|switch|p2a: Shiftry|Shiftry, F, shiny|100\/100\n|switch|p2b: Ninetales|Ninetales-Alola, M|100\/100\n|-weather|Snow|[from] ability: Snow Warning|[of] p2b: Ninetales\n|-fieldstart|move: Electric Terrain|[from] ability: Electric Surge|[of] p1a: Pincurchin\n|turn|1\n|c|\u2606Yasuzzo|Haha thanks\n|c|\u2606Yasuzzo|Glhf\n|c|\u2606Yasuzzo|Im just trying new things\n|c|\u2606Jourvicious|fun\n|inactive|Yasuzzo has 120 seconds left.\n|\n|t:|1698806409\n|-terastallize|p1b: Rotom|Electric\n|move|p2a: Shiftry|Fake Out|p1b: Rotom\n|-damage|p1b: Rotom|90\/100\n|move|p2b: Ninetales|Aurora Veil|p2b: Ninetales\n|-sidestart|p2: Jourvicious|move: Aurora Veil\n|cant|p1b: Rotom|flinch\n|move|p1a: Pincurchin|Toxic Spikes|p2a: Shiftry\n|-sidestart|p2: Jourvicious|move: Toxic Spikes\n|\n|-weather|Snow|[upkeep]\n|-heal|p1b: Rotom|96\/100|[from] item: Leftovers\n|upkeep\n|turn|2\n|inactive|Yasuzzo has 120 seconds left.\n|\n|t:|1698806438\n|move|p2a: Shiftry|Sucker Punch|p1b: Rotom\n|-damage|p1b: Rotom|65\/100\n|move|p2b: Ninetales|Moonblast|p1b: Rotom\n|-damage|p1b: Rotom|21\/100\n|move|p1b: Rotom|Hyper Voice|p2b: Ninetales|[spread] p2a,p2b\n|-crit|p2b: Ninetales\n|-damage|p2a: Shiftry|81\/100\n|-damage|p2b: Ninetales|70\/100\n|move|p1a: Pincurchin|Recover||[still]\n|-fail|p1a: Pincurchin|heal\n|\n|-weather|Snow|[upkeep]\n|-heal|p1b: Rotom|27\/100|[from] item: Leftovers\n|upkeep\n|turn|3\n|inactive|Yasuzzo has 120 seconds left.\n|\n|t:|1698806458\n|move|p1b: Rotom|Protect|p1b: Rotom\n|-singleturn|p1b: Rotom|Protect\n|move|p2a: Shiftry|Sucker Punch||[still]\n|-fail|p2a: Shiftry\n|move|p2b: Ninetales|Encore|p1a: Pincurchin\n|-start|p1a: Pincurchin|Encore\n|move|p1a: Pincurchin|Recover||[still]\n|-fail|p1a: Pincurchin|heal\n|\n|-weather|Snow|[upkeep]\n|-heal|p1b: Rotom|33\/100|[from] item: Leftovers\n|upkeep\n|turn|4\n|inactive|Yasuzzo has 120 seconds left.\n|\n|t:|1698806478\n|switch|p1b: Iron Thorns|Iron Thorns, shiny|100\/100\n|-activate|p1b: Iron Thorns|ability: Quark Drive\n|-start|p1b: Iron Thorns|quarkdriveatk\n|switch|p2a: Kommo-o|Kommo-o, M|100\/100\n|-status|p2a: Kommo-o|psn\n|move|p2b: Ninetales|Encore||[still]\n|-fail|p2b: Ninetales\n|move|p1a: Pincurchin|Recover||[still]\n|-fail|p1a: Pincurchin|heal\n|\n|-weather|Snow|[upkeep]\n|-damage|p2a: Kommo-o|88\/100 psn|[from] psn\n|upkeep\n|turn|5\n|inactive|Yasuzzo has 120 seconds left.\n|\n|t:|1698806506\n|switch|p2b: Arcanine|Arcanine-Hisui, F|100\/100\n|-status|p2b: Arcanine|psn\n|-ability|p2b: Arcanine|Intimidate|boost\n|-unboost|p1a: Pincurchin|atk|1\n|-unboost|p1b: Iron Thorns|atk|1\n|switch|p1a: Iron Hands|Iron Hands|100\/100\n|-activate|p1a: Iron Hands|ability: Quark Drive\n|-start|p1a: Iron Hands|quarkdriveatk\n|move|p1b: Iron Thorns|Ice Punch|p2a: Kommo-o\n|-supereffective|p2a: Kommo-o\n|-damage|p2a: Kommo-o|68\/100 psn\n|move|p2a: Kommo-o|Clangorous Soul|p2a: Kommo-o\n|-boost|p2a: Kommo-o|atk|1\n|-boost|p2a: Kommo-o|def|1\n|-boost|p2a: Kommo-o|spa|1\n|-boost|p2a: Kommo-o|spd|1\n|-boost|p2a: Kommo-o|spe|1\n|-damage|p2a: Kommo-o|35\/100 psn\n|\n|-weather|none\n|-damage|p2a: Kommo-o|23\/100 psn|[from] psn\n|-damage|p2b: Arcanine|88\/100 psn|[from] psn\n|-fieldend|move: Electric Terrain\n|-end|p1b: Iron Thorns|Quark Drive\n|-end|p1a: Iron Hands|Quark Drive\n|upkeep\n|turn|6\n|inactive|Yasuzzo has 120 seconds left.\n|\n|t:|1698806531\n|switch|p2b: Sinistcha|Sinistcha-Masterpiece|100\/100\n|-status|p2b: Sinistcha|psn\n|-heal|p2a: Kommo-o|48\/100 psn|[from] ability: Hospitality|[of] p2b: Sinistcha\n|move|p2a: Kommo-o|Protect|p2a: Kommo-o\n|-singleturn|p2a: Kommo-o|Protect\n|move|p1b: Iron Thorns|Protect|p1b: Iron Thorns\n|-singleturn|p1b: Iron Thorns|Protect\n|move|p1a: Iron Hands|Protect||[still]\n|-fail|p1a: Iron Hands\n|\n|-damage|p2a: Kommo-o|35\/100 psn|[from] psn\n|-damage|p2b: Sinistcha|88\/100 psn|[from] psn\n|upkeep\n|turn|7\n|inactive|Yasuzzo has 120 seconds left.\n|\n|t:|1698806565\n|move|p2a: Kommo-o|Drain Punch|p1b: Iron Thorns\n|-supereffective|p1b: Iron Thorns\n|-damage|p1b: Iron Thorns|26\/100\n|-heal|p2a: Kommo-o|74\/100 psn|[from] drain|[of] p1b: Iron Thorns\n|move|p1b: Iron Thorns|Wild Charge|p2a: Kommo-o\n|-resisted|p2a: Kommo-o\n|-damage|p2a: Kommo-o|69\/100 psn\n|-damage|p1b: Iron Thorns|25\/100|[from] Recoil\n|move|p1a: Iron Hands|Drain Punch|p2a: Kommo-o\n|-damage|p2a: Kommo-o|54\/100 psn\n|move|p2b: Sinistcha|Calm Mind|p2b: Sinistcha\n|-boost|p2b: Sinistcha|spa|1\n|-boost|p2b: Sinistcha|spd|1\n|\n|-damage|p2a: Kommo-o|41\/100 psn|[from] psn\n|-damage|p2b: Sinistcha|75\/100 psn|[from] psn\n|upkeep\n|turn|8\n|inactive|Yasuzzo has 120 seconds left.\n|\n|t:|1698806592\n|move|p1b: Iron Thorns|Protect|p1b: Iron Thorns\n|-singleturn|p1b: Iron Thorns|Protect\n|move|p2a: Kommo-o|Drain Punch|p1a: Iron Hands\n|-damage|p1a: Iron Hands|68\/100\n|-heal|p2a: Kommo-o|63\/100 psn|[from] drain|[of] p1a: Iron Hands\n|move|p1a: Iron Hands|Earthquake|p2a: Kommo-o|[spread] p2a,p2b\n|-activate|p1b: Iron Thorns|move: Protect\n|-resisted|p2b: Sinistcha\n|-damage|p2a: Kommo-o|53\/100 psn\n|-damage|p2b: Sinistcha|68\/100 psn\n|move|p2b: Sinistcha|Matcha Gotcha|p1b: Iron Thorns|[spread] p1a\n|-activate|p1b: Iron Thorns|move: Protect\n|-damage|p1a: Iron Hands|37\/100\n|-heal|p2b: Sinistcha|89\/100 psn|[from] drain|[of] p1a: Iron Hands\n|\n|-heal|p1a: Iron Hands|43\/100|[from] item: Leftovers\n|-damage|p2a: Kommo-o|41\/100 psn|[from] psn\n|-damage|p2b: Sinistcha|76\/100 psn|[from] psn\n|-sideend|p2: Jourvicious|move: Aurora Veil\n|upkeep\n|turn|9\n|inactive|Yasuzzo has 120 seconds left.\n|\n|t:|1698806628\n|move|p2a: Kommo-o|Drain Punch|p1a: Iron Hands\n|-damage|p1a: Iron Hands|11\/100\n|-heal|p2a: Kommo-o|62\/100 psn|[from] drain|[of] p1a: Iron Hands\n|move|p1b: Iron Thorns|Ice Punch|p2b: Sinistcha\n|-supereffective|p2b: Sinistcha\n|-damage|p2b: Sinistcha|52\/100 psn\n|move|p1a: Iron Hands|Drain Punch|p2a: Kommo-o\n|-damage|p2a: Kommo-o|43\/100 psn\n|-heal|p1a: Iron Hands|18\/100|[from] drain|[of] p2a: Kommo-o\n|move|p2b: Sinistcha|Matcha Gotcha|p1a: Iron Hands|[spread] p1b\n|-miss|p2b: Sinistcha|p1a: Iron Hands\n|-supereffective|p1b: Iron Thorns\n|-crit|p1b: Iron Thorns\n|-damage|p1b: Iron Thorns|0 fnt\n|-heal|p2b: Sinistcha|65\/100 psn|[from] drain|[of] p1b: Iron Thorns\n|faint|p1b: Iron Thorns\n|-end|p1b: Iron Thorns|Quark Drive|[silent]\n|\n|-heal|p1a: Iron Hands|24\/100|[from] item: Leftovers\n|-damage|p2a: Kommo-o|30\/100 psn|[from] psn\n|-damage|p2b: Sinistcha|53\/100 psn|[from] psn\n|upkeep\n|inactive|Yasuzzo has 90 seconds left.\n|\n|t:|1698806670\n|switch|p1b: Rotom|Rotom-Wash, tera:Electric|33\/100\n|turn|10\n|inactive|Yasuzzo has 90 seconds left.\n|\n|t:|1698806680\n|move|p2a: Kommo-o|Drain Punch|p1b: Rotom\n|-damage|p1b: Rotom|0 fnt\n|-heal|p2a: Kommo-o|43\/100 psn|[from] drain|[of] p1b: Rotom\n|faint|p1b: Rotom\n|move|p2b: Sinistcha|Matcha Gotcha|p1a: Iron Hands\n|-damage|p1a: Iron Hands|0 fnt\n|-heal|p2b: Sinistcha|69\/100 psn|[from] drain|[of] p1a: Iron Hands\n|faint|p1a: Iron Hands\n|-end|p1a: Iron Hands|Quark Drive|[silent]\n|\n|-damage|p2a: Kommo-o|30\/100 psn|[from] psn\n|-damage|p2b: Sinistcha|56\/100 psn|[from] psn\n|upkeep\n|inactive|Yasuzzo has 90 seconds left.\n|\n|t:|1698806700\n|switch|p1b: Thundurus|Thundurus, M|100\/100\n|switch|p1a: Pincurchin|Pincurchin, M|100\/100\n|-fieldstart|move: Electric Terrain|[from] ability: Electric Surge|[of] p1a: Pincurchin\n|turn|11\n|inactive|Yasuzzo has 90 seconds left.\n|\n|t:|1698806719\n|move|p1a: Pincurchin|Protect|p1a: Pincurchin\n|-singleturn|p1a: Pincurchin|Protect\n|move|p2a: Kommo-o|Iron Head|p1b: Thundurus\n|-resisted|p1b: Thundurus\n|-damage|p1b: Thundurus|78\/100\n|cant|p1b: Thundurus|flinch\n|move|p2b: Sinistcha|Matcha Gotcha|p1a: Pincurchin|[spread] p1b\n|-activate|p1a: Pincurchin|move: Protect\n|-resisted|p1b: Thundurus\n|-damage|p1b: Thundurus|56\/100\n|-heal|p2b: Sinistcha|66\/100 psn|[from] drain|[of] p1b: Thundurus\n|\n|-damage|p2a: Kommo-o|18\/100 psn|[from] psn\n|-damage|p2b: Sinistcha|54\/100 psn|[from] psn\n|upkeep\n|turn|12\n|inactive|Yasuzzo has 90 seconds left.\n|\n|t:|1698806742\n|move|p1b: Thundurus|Protect|p1b: Thundurus\n|-singleturn|p1b: Thundurus|Protect\n|move|p2a: Kommo-o|Iron Head|p1b: Thundurus\n|-activate|p1b: Thundurus|move: Protect\n|move|p2b: Sinistcha|Matcha Gotcha|p1a: Pincurchin|[spread] \n|-activate|p1b: Thundurus|move: Protect\n|-miss|p2b: Sinistcha|p1a: Pincurchin\n|move|p1a: Pincurchin|Liquidation|p2a: Kommo-o\n|-resisted|p2a: Kommo-o\n|-damage|p2a: Kommo-o|12\/100 psn\n|\n|-damage|p2a: Kommo-o|0 fnt|[from] psn\n|faint|p2a: Kommo-o\n|-damage|p2b: Sinistcha|41\/100 psn|[from] psn\n|upkeep\n|-enditem|p2b: Sinistcha|Sitrus Berry|[eat]\n|-heal|p2b: Sinistcha|66\/100 psn|[from] item: Sitrus Berry\n|\n|t:|1698806764\n|switch|p2a: Ninetales|Ninetales-Alola, M|70\/100\n|-status|p2a: Ninetales|psn\n|-weather|Snow|[from] ability: Snow Warning|[of] p2a: Ninetales\n|turn|13\n|\n|t:|1698806778\n|move|p2a: Ninetales|Aurora Veil|p2a: Ninetales\n|-sidestart|p2: Jourvicious|move: Aurora Veil\n|move|p1b: Thundurus|Smart Strike|p2a: Ninetales\n|-supereffective|p2a: Ninetales\n|-damage|p2a: Ninetales|27\/100 psn\n|move|p2b: Sinistcha|Matcha Gotcha|p1a: Pincurchin|[spread] p1a,p1b\n|-resisted|p1b: Thundurus\n|-damage|p1a: Pincurchin|53\/100\n|-heal|p2b: Sinistcha|85\/100 psn|[from] drain|[of] p1a: Pincurchin\n|-damage|p1b: Thundurus|34\/100\n|-heal|p2b: Sinistcha|95\/100 psn|[from] drain|[of] p1b: Thundurus\n|move|p1a: Pincurchin|Liquidation|p2a: Ninetales\n|-damage|p2a: Ninetales|13\/100 psn\n|\n|-weather|Snow|[upkeep]\n|-heal|p1a: Pincurchin|60\/100|[from] item: Leftovers\n|-damage|p2a: Ninetales|1\/100 psn|[from] psn\n|-damage|p2b: Sinistcha|83\/100 psn|[from] psn\n|upkeep\n|turn|14\n|\n|t:|1698806794\n|move|p1b: Thundurus|Protect|p1b: Thundurus\n|-singleturn|p1b: Thundurus|Protect\n|move|p1a: Pincurchin|Protect|p1a: Pincurchin\n|-singleturn|p1a: Pincurchin|Protect\n|move|p2a: Ninetales|Blizzard|p1b: Thundurus|[spread] \n|-activate|p1a: Pincurchin|move: Protect\n|-activate|p1b: Thundurus|move: Protect\n|move|p2b: Sinistcha|Matcha Gotcha|p1a: Pincurchin|[spread] \n|-activate|p1a: Pincurchin|move: Protect\n|-activate|p1b: Thundurus|move: Protect\n|\n|-weather|Snow|[upkeep]\n|-heal|p1a: Pincurchin|66\/100|[from] item: Leftovers\n|-damage|p2a: Ninetales|0 fnt|[from] psn\n|faint|p2a: Ninetales\n|-damage|p2b: Sinistcha|70\/100 psn|[from] psn\n|upkeep\n|\n|t:|1698806804\n|switch|p2a: Tornadus|Tornadus, M|100\/100\n|turn|15\n|\n|t:|1698806833\n|move|p2a: Tornadus|Tailwind|p2a: Tornadus\n|-sidestart|p2: Jourvicious|move: Tailwind\n|move|p2b: Sinistcha|Matcha Gotcha|p1a: Pincurchin|[spread] p1a,p1b\n|-resisted|p1b: Thundurus\n|-damage|p1a: Pincurchin|22\/100\n|-heal|p2b: Sinistcha|88\/100 psn|[from] drain|[of] p1a: Pincurchin\n|-damage|p1b: Thundurus|13\/100\n|-heal|p2b: Sinistcha|98\/100 psn|[from] drain|[of] p1b: Thundurus\n|-status|p1a: Pincurchin|brn\n|move|p1b: Thundurus|Wildbolt Storm|p2b: Sinistcha|[spread] p2a,p2b\n|-supereffective|p2a: Tornadus\n|-resisted|p2b: Sinistcha\n|-damage|p2a: Tornadus|59\/100\n|-damage|p2b: Sinistcha|89\/100 psn\n|move|p1a: Pincurchin|Liquidation|p2b: Sinistcha\n|-resisted|p2b: Sinistcha\n|-damage|p2b: Sinistcha|86\/100 psn\n|\n|-weather|Snow|[upkeep]\n|-heal|p1a: Pincurchin|28\/100 brn|[from] item: Leftovers\n|-damage|p2b: Sinistcha|74\/100 psn|[from] psn\n|-damage|p1a: Pincurchin|22\/100 brn|[from] brn\n|-fieldend|move: Electric Terrain\n|upkeep\n|turn|16\n|\n|t:|1698806862\n|move|p1a: Pincurchin|Protect|p1a: Pincurchin\n|-singleturn|p1a: Pincurchin|Protect\n|move|p1b: Thundurus|Thunder Wave|p2a: Tornadus\n|-status|p2a: Tornadus|par\n|move|p2b: Sinistcha|Matcha Gotcha|p1a: Pincurchin|[spread] p1b\n|-activate|p1a: Pincurchin|move: Protect\n|-resisted|p1b: Thundurus\n|-damage|p1b: Thundurus|0 fnt\n|-heal|p2b: Sinistcha|80\/100 psn|[from] drain|[of] p1b: Thundurus\n|faint|p1b: Thundurus\n|move|p2a: Tornadus|Bleakwind Storm|p1a: Pincurchin\n|-activate|p1a: Pincurchin|move: Protect\n|\n|-weather|Snow|[upkeep]\n|-heal|p1a: Pincurchin|28\/100 brn|[from] item: Leftovers\n|-damage|p2b: Sinistcha|67\/100 psn|[from] psn\n|-damage|p1a: Pincurchin|22\/100 brn|[from] brn\n|upkeep\n|inactive|Yasuzzo has 120 seconds left.\n|\n|t:|1698806883\n|switch|p1b: Eelektross|Eelektross, M|100\/100\n|turn|17\n|\n|t:|1698806893\n|move|p2b: Sinistcha|Matcha Gotcha|p1a: Pincurchin|[spread] p1a,p1b\n|-damage|p1a: Pincurchin|0 fnt\n|-heal|p2b: Sinistcha|75\/100 psn|[from] drain|[of] p1a: Pincurchin\n|-damage|p1b: Eelektross|59\/100\n|-heal|p2b: Sinistcha|96\/100 psn|[from] drain|[of] p1b: Eelektross\n|faint|p1a: Pincurchin\n|move|p2a: Tornadus|Fling|p1b: Eelektross\n|-damage|p1b: Eelektross|52\/100\n|-enditem|p2a: Tornadus|King's Rock|[from] move: Fling\n|cant|p1b: Eelektross|flinch\n|\n|-weather|none\n|-heal|p1b: Eelektross|58\/100|[from] item: Leftovers\n|-damage|p2b: Sinistcha|84\/100 psn|[from] psn\n|upkeep\n|turn|18\n|\n|t:|1698806910\n|move|p2b: Sinistcha|Matcha Gotcha|p1b: Eelektross\n|-damage|p1b: Eelektross|7\/100\n|-heal|p2b: Sinistcha|100\/100 psn|[from] drain|[of] p1b: Eelektross\n|-status|p1b: Eelektross|brn\n|move|p2a: Tornadus|Bleakwind Storm|p1b: Eelektross\n|-resisted|p1b: Eelektross\n|-damage|p1b: Eelektross|0 fnt\n|faint|p1b: Eelektross\n|\n|win|Jourvicious\n|raw|Yasuzzo's rating: 1247 &rarr; <strong>1228<\/strong><br \/>(-19 for losing)\n|raw|Jourvicious's rating: 1334 &rarr; <strong>1349<\/strong><br \/>(+15 for winning)\n|c|\u2606Jourvicious|ggs\n|c|\u2606Yasuzzo|Awn\n|l|\u2606Yasuzzo\n","uploadtime":1698806927,"views":17,"p1id":"yasuzzo","p2id":"jourvicious","formatid":"gen9doublesou","rating":1228,"private":0,"password":""}