{"id":"gen9doublesou-1983484303","p1":"Trees3Lions6","p2":"cotesmcgotes","format":"[Gen 9] Doubles OU","log":"|j|\u2606Trees3Lions6\n|j|\u2606cotesmcgotes\n|t:|1699135087\n|gametype|doubles\n|player|p1|Trees3Lions6|hiker-gen4|1168\n|player|p2|cotesmcgotes|flannery|1268\n|teamsize|p1|6\n|teamsize|p2|6\n|gen|9\n|tier|[Gen 9] Doubles OU\n|rated|\n|rule|Species Clause: Limit one of each Pok\u00e9mon\n|rule|OHKO Clause: OHKO moves are banned\n|rule|Evasion Moves Clause: Evasion moves are banned\n|rule|Gravity Sleep Clause: The combination of sleep-inducing moves with imperfect accuracy and Gravity or Gigantamax Orbeetle are banned\n|rule|Endless Battle Clause: Forcing endless battles is banned\n|rule|HP Percentage Mod: HP is shown in percentages\n|clearpoke\n|poke|p1|Slaking, M|\n|poke|p1|Grafaiai, M|\n|poke|p1|Garganacl, M|\n|poke|p1|Maushold-Four|\n|poke|p1|Zoroark-Hisui, M|\n|poke|p1|Masquerain, F|\n|poke|p2|Sinistcha|\n|poke|p2|Grimmsnarl, M|\n|poke|p2|Glimmora, F|\n|poke|p2|Chien-Pao|\n|poke|p2|Landorus-Therian, M|\n|poke|p2|Manaphy|\n|teampreview\n|\n|t:|1699135125\n|start\n|switch|p1a: Maushold|Maushold-Four|100\/100\n|switch|p1b: Masquerain|Masquerain, F|100\/100\n|switch|p2a: Sinistcha|Sinistcha|100\/100\n|switch|p2b: Manaphy|Manaphy|100\/100\n|-ability|p1b: Masquerain|Intimidate|boost\n|-unboost|p2a: Sinistcha|atk|1\n|-unboost|p2b: Manaphy|atk|1\n|turn|1\n|inactive|Battle timer is ON: inactive players will automatically lose when time's up. (requested by cotesmcgotes)\n|inactive|Trees3Lions6 has 120 seconds left.\n|\n|t:|1699135159\n|move|p2a: Sinistcha|Rage Powder|p2a: Sinistcha\n|-singleturn|p2a: Sinistcha|move: Rage Powder\n|move|p1a: Maushold|Bitter Malice|p2a: Sinistcha\n|-supereffective|p2a: Sinistcha\n|-crit|p2a: Sinistcha\n|-damage|p2a: Sinistcha|0 fnt\n|faint|p2a: Sinistcha\n|move|p2b: Manaphy|Tail Glow|p2b: Manaphy\n|-boost|p2b: Manaphy|spa|3\n|move|p1b: Masquerain|Struggle Bug|p2b: Manaphy\n|-damage|p2b: Manaphy|79\/100\n|-unboost|p2b: Manaphy|spa|1\n|\n|upkeep\n|\n|t:|1699135175\n|switch|p2a: Chien-Pao|Chien-Pao|100\/100\n|-ability|p2a: Chien-Pao|Sword of Ruin\n|turn|2\n|\n|t:|1699135200\n|switch|p1a: Garganacl|Garganacl, M|100\/100\n|move|p2a: Chien-Pao|Crunch|p1a: Garganacl\n|-damage|p1a: Garganacl|75\/100\n|move|p2b: Manaphy|Scald|p1b: Masquerain\n|-enditem|p1b: Masquerain|Focus Sash\n|-damage|p1b: Masquerain|1\/100\n|move|p1b: Masquerain|Chilling Water|p2a: Chien-Pao\n|-damage|p2a: Chien-Pao|83\/100\n|-unboost|p2a: Chien-Pao|atk|1\n|\n|upkeep\n|turn|3\n|\n|t:|1699135224\n|move|p2a: Chien-Pao|Crunch|p1b: Masquerain\n|-damage|p1b: Masquerain|0 fnt\n|faint|p1b: Masquerain\n|move|p2b: Manaphy|Scald|p1a: Garganacl\n|-supereffective|p1a: Garganacl\n|-damage|p1a: Garganacl|0 fnt\n|faint|p1a: Garganacl\n|\n|upkeep\n|\n|t:|1699135235\n|switch|p1b: Grafaiai|Grafaiai, M|100\/100\n|switch|p1a: Maushold|Maushold-Four|100\/100\n|turn|4\n|\n|t:|1699135253\n|move|p1b: Grafaiai|Parting Shot|p2b: Manaphy\n|-unboost|p2b: Manaphy|atk|1\n|-unboost|p2b: Manaphy|spa|1\n|\n|t:|1699135260\n|switch|p1b: Maushold|Maushold-Four|100\/100|[from] Parting Shot\n|move|p2a: Chien-Pao|Psychic Fangs|p1b: Maushold\n|-damage|p1b: Maushold|68\/100\n|move|p1a: Maushold|Focus Blast|p2a: Chien-Pao\n|-supereffective|p2a: Chien-Pao\n|-damage|p2a: Chien-Pao|0 fnt\n|faint|p2a: Chien-Pao\n|move|p2b: Manaphy|Scald|p1a: Maushold\n|-damage|p1a: Maushold|30\/100\n|-status|p1a: Maushold|brn\n|replace|p1a: Sike!|Zoroark-Hisui, M\n|-end|p1a: Sike!|Illusion\n|\n|-damage|p1a: Sike!|24\/100 brn|[from] brn\n|upkeep\n|\n|t:|1699135283\n|switch|p2a: Landorus|Landorus-Therian, M|100\/100\n|-ability|p2a: Landorus|Intimidate|boost\n|-unboost|p1a: Sike!|atk|1\n|-unboost|p1b: Maushold|atk|1\n|turn|5\n|\n|t:|1699135312\n|move|p1b: Maushold|Population Bomb|p2a: Landorus\n|-damage|p2a: Landorus|94\/100\n|-damage|p2a: Landorus|87\/100\n|-damage|p2a: Landorus|81\/100\n|-damage|p2a: Landorus|75\/100\n|-damage|p2a: Landorus|69\/100\n|-damage|p2a: Landorus|63\/100\n|-damage|p2a: Landorus|56\/100\n|-damage|p2a: Landorus|49\/100\n|-damage|p2a: Landorus|43\/100\n|-damage|p2a: Landorus|36\/100\n|-hitcount|p2a: Landorus|10\n|move|p1a: Sike!|Hyper Voice|p2a: Landorus|[spread] p2a,p2b\n|-damage|p2a: Landorus|0 fnt\n|-damage|p2b: Manaphy|47\/100\n|faint|p2a: Landorus\n|move|p2b: Manaphy|Scald|p1a: Sike!\n|-damage|p1a: Sike!|0 fnt\n|faint|p1a: Sike!\n|\n|upkeep\n|\n|t:|1699135333\n|switch|p1a: Grafaiai|Grafaiai, M|100\/100\n|switch|p2a: Grimmsnarl|Grimmsnarl, M|100\/100\n|turn|6\n|inactive|cotesmcgotes has 120 seconds left.\n|\n|t:|1699135371\n|move|p1b: Maushold|Protect|p1b: Maushold\n|-singleturn|p1b: Maushold|Protect\n|move|p1a: Grafaiai|Parting Shot|p2b: Manaphy\n|-unboost|p2b: Manaphy|atk|1\n|-unboost|p2b: Manaphy|spa|1\n|\n|t:|1699135376\n|switch|p1a: Slaking|Slaking, M|100\/100|[from] Parting Shot\n|move|p2a: Grimmsnarl|Taunt|p1a: Slaking\n|-start|p1a: Slaking|move: Taunt\n|move|p2b: Manaphy|Scald|p1b: Maushold\n|-activate|p1b: Maushold|move: Protect\n|\n|upkeep\n|turn|7\n|inactive|cotesmcgotes has 120 seconds left.\n|\n|t:|1699135413\n|switch|p2b: Glimmora|Glimmora, F|100\/100\n|move|p2a: Grimmsnarl|Thunder Wave|p1b: Maushold\n|-status|p1b: Maushold|par\n|move|p1a: Slaking|Drain Punch|p2a: Grimmsnarl\n|-damage|p2a: Grimmsnarl|58\/100\n|cant|p1b: Maushold|par\n|\n|upkeep\n|turn|8\n|inactive|cotesmcgotes has 120 seconds left.\n|inactive|Trees3Lions6 has 120 seconds left.\n|\n|t:|1699135449\n|switch|p1a: Grafaiai|Grafaiai, M|100\/100\n|move|p2a: Grimmsnarl|Thunder Wave|p1a: Grafaiai\n|-status|p1a: Grafaiai|par\n|move|p2b: Glimmora|Sludge Bomb|p1b: Maushold\n|-damage|p1b: Maushold|6\/100 par\n|move|p1b: Maushold|Population Bomb|p2a: Grimmsnarl\n|-damage|p2a: Grimmsnarl|51\/100\n|-damage|p2a: Grimmsnarl|44\/100\n|-damage|p2a: Grimmsnarl|37\/100\n|-damage|p2a: Grimmsnarl|30\/100\n|-hitcount|p2a: Grimmsnarl|4\n|\n|upkeep\n|turn|9\n|inactive|Trees3Lions6 has 120 seconds left.\n|inactive|cotesmcgotes has 120 seconds left.\n|\n|t:|1699135478\n|move|p1b: Maushold|Protect|p1b: Maushold\n|-singleturn|p1b: Maushold|Protect\n|move|p2a: Grimmsnarl|Taunt|p1a: Grafaiai\n|-start|p1a: Grafaiai|move: Taunt\n|cant|p1a: Grafaiai|move: Taunt|Parting Shot\n|move|p2b: Glimmora|Sludge Bomb|p1b: Maushold\n|-activate|p1b: Maushold|move: Protect\n|\n|upkeep\n|turn|10\n|inactive|Trees3Lions6 has 120 seconds left.\n|\n|t:|1699135503\n|switch|p1a: Slaking|Slaking, M|100\/100\n|move|p2a: Grimmsnarl|Parting Shot|p1a: Slaking\n|-unboost|p1a: Slaking|atk|1\n|-unboost|p1a: Slaking|spa|1\n|\n|t:|1699135508\n|switch|p2a: Manaphy|Manaphy|47\/100|[from] Parting Shot\n|move|p2b: Glimmora|Sludge Bomb|p1b: Maushold\n|-damage|p1b: Maushold|0 fnt\n|faint|p1b: Maushold\n|\n|upkeep\n|\n|t:|1699135515\n|switch|p1b: Grafaiai|Grafaiai, M|100\/100 par\n|turn|11\n|inactive|cotesmcgotes has 120 seconds left.\n|\n|t:|1699135561\n|move|p1b: Grafaiai|Doodle|p2a: Manaphy\n|-endability|p1a: Slaking|Truant|[from] move: Doodle\n|-ability|p1a: Slaking|Hydration|[from] move: Doodle\n|-block|p1b: Grafaiai|item: Ability Shield\n|move|p2a: Manaphy|Scald|p1a: Slaking\n|-damage|p1a: Slaking|65\/100\n|move|p2b: Glimmora|Sludge Bomb|p1a: Slaking\n|-damage|p1a: Slaking|22\/100\n|move|p1a: Slaking|Bulk Up|p1a: Slaking\n|-boost|p1a: Slaking|atk|1\n|-boost|p1a: Slaking|def|1\n|\n|upkeep\n|turn|12\n|inactive|cotesmcgotes has 120 seconds left.\n|inactive|Trees3Lions6 has 120 seconds left.\n|\n|t:|1699135608\n|move|p1b: Grafaiai|Helping Hand|p1a: Slaking\n|-singleturn|p1a: Slaking|Helping Hand|[of] p1b: Grafaiai\n|move|p2a: Manaphy|Scald|p1a: Slaking\n|-damage|p1a: Slaking|0 fnt\n|faint|p1a: Slaking\n|move|p2b: Glimmora|Power Gem|p1b: Grafaiai\n|-damage|p1b: Grafaiai|62\/100 par\n|\n|upkeep\n|turn|13\n|inactive|Trees3Lions6 has 120 seconds left.\n|\n|t:|1699135622\n|move|p2a: Manaphy|Tail Glow|p2a: Manaphy\n|-boost|p2a: Manaphy|spa|3\n|move|p2b: Glimmora|Power Gem|p1b: Grafaiai\n|-damage|p1b: Grafaiai|27\/100 par\n|move|p1b: Grafaiai|Gunk Shot|p2a: Manaphy|[miss]\n|-miss|p1b: Grafaiai|p2a: Manaphy\n|\n|upkeep\n|turn|14\n|-message|Trees3Lions6 forfeited.\n|\n|win|cotesmcgotes\n|raw|Trees3Lions6's rating: 1168 &rarr; <strong>1150<\/strong><br \/>(-18 for losing)\n|raw|cotesmcgotes's rating: 1268 &rarr; <strong>1286<\/strong><br \/>(+18 for winning)\n|l|\u2606Trees3Lions6\n","uploadtime":1699135637,"views":24,"p1id":"trees3lions6","p2id":"cotesmcgotes","formatid":"gen9doublesou","rating":1150,"private":0,"password":""}