{"id":"gen9doublesou-1996441608","p1":"kompoppy","p2":"WallaceTortuga","format":"[Gen 9] Doubles OU","log":"|j|\u2606kompoppy\n|j|\u2606WallaceTortuga\n|t:|1700682343\n|gametype|doubles\n|player|p1|kompoppy|gentleman|1080\n|player|p2|WallaceTortuga|2|1091\n|teamsize|p1|6\n|teamsize|p2|6\n|gen|9\n|tier|[Gen 9] Doubles OU\n|rated|\n|rule|Species Clause: Limit one of each Pok\u00e9mon\n|rule|OHKO Clause: OHKO moves are banned\n|rule|Evasion Moves Clause: Evasion moves are banned\n|rule|Gravity Sleep Clause: The combination of sleep-inducing moves with imperfect accuracy and Gravity or Gigantamax Orbeetle are banned\n|rule|Endless Battle Clause: Forcing endless battles is banned\n|rule|HP Percentage Mod: HP is shown in percentages\n|clearpoke\n|poke|p1|Heatran, M|\n|poke|p1|Landorus-Therian, M|\n|poke|p1|Diancie|\n|poke|p1|Pelipper, F|\n|poke|p1|Tornadus, M|\n|poke|p1|Chien-Pao|\n|poke|p2|Dusclops, M|\n|poke|p2|Slaking, M|\n|poke|p2|Pincurchin, M|\n|poke|p2|Iron Hands|\n|poke|p2|Iron Bundle|\n|poke|p2|Amoonguss, M|\n|teampreview\n|inactive|Battle timer is ON: inactive players will automatically lose when time's up. (requested by WallaceTortuga)\n|\n|t:|1700682381\n|start\n|switch|p1a: Landorus|Landorus-Therian, M|100\/100\n|switch|p1b: Heatran|Heatran, M|100\/100\n|switch|p2a: Dusclops|Dusclops, M|100\/100\n|switch|p2b: Pincurchin|Pincurchin, M|100\/100\n|-ability|p1a: Landorus|Intimidate|boost\n|-unboost|p2a: Dusclops|atk|1\n|-unboost|p2b: Pincurchin|atk|1\n|-item|p1b: Heatran|Air Balloon\n|-item|p1a: Landorus|Life Orb|[from] ability: Frisk|[of] p2a: Dusclops|[identify]\n|-item|p1b: Heatran|Air Balloon|[from] ability: Frisk|[of] p2a: Dusclops|[identify]\n|-fieldstart|move: Electric Terrain|[from] ability: Electric Surge|[of] p2b: Pincurchin\n|turn|1\n|inactive|WallaceTortuga has 120 seconds left.\n|\n|t:|1700682414\n|switch|p2b: Slaking|Slaking, M|100\/100\n|move|p1a: Landorus|Earthquake|p2b: Slaking|[spread] p2a,p2b\n|-immune|p1b: Heatran\n|-damage|p2a: Dusclops|66\/100\n|-damage|p2b: Slaking|62\/100\n|-damage|p1a: Landorus|90\/100|[from] item: Life Orb\n|move|p1b: Heatran|Dark Pulse|p2a: Dusclops\n|-supereffective|p2a: Dusclops\n|-damage|p2a: Dusclops|43\/100\n|move|p2a: Dusclops|Trick Room|p2a: Dusclops\n|-fieldstart|move: Trick Room|[of] p2a: Dusclops\n|\n|upkeep\n|turn|2\n|inactive|kompoppy has 120 seconds left.\n|\n|t:|1700682460\n|move|p2a: Dusclops|Skill Swap|p2b: Slaking\n|-activate|p2a: Dusclops|move: Skill Swap|||[of] p2b: Slaking\n|-item|p1a: Landorus|Life Orb|[from] ability: Frisk|[of] p2b: Slaking|[identify]\n|-item|p1b: Heatran|Air Balloon|[from] ability: Frisk|[of] p2b: Slaking|[identify]\n|move|p2b: Slaking|Outrage|p1a: Landorus\n|-damage|p1a: Landorus|0 fnt\n|faint|p1a: Landorus\n|move|p1b: Heatran|Heat Wave|p2a: Dusclops|[spread] p2a,p2b\n|-damage|p2a: Dusclops|28\/100\n|-damage|p2b: Slaking|34\/100\n|\n|upkeep\n|\n|t:|1700682478\n|switch|p1a: Diancie|Diancie|100\/100\n|turn|3\n|\n|t:|1700682490\n|switch|p2a: Iron Hands|Iron Hands|100\/100\n|-activate|p2a: Iron Hands|ability: Quark Drive\n|-start|p2a: Iron Hands|quarkdriveatk\n|-item|p2a: Iron Hands|Air Balloon\n|move|p1a: Diancie|Protect|p1a: Diancie\n|-singleturn|p1a: Diancie|Protect\n|move|p2b: Slaking|Outrage|p1a: Diancie|[from]lockedmove\n|-activate|p1a: Diancie|move: Protect\n|-start|p2b: Slaking|confusion|[fatigue]\n|move|p1b: Heatran|Heat Wave|p2a: Iron Hands|[spread] p2a,p2b\n|-damage|p2a: Iron Hands|74\/100\n|-damage|p2b: Slaking|3\/100\n|-enditem|p2a: Iron Hands|Air Balloon\n|\n|upkeep\n|turn|4\n|inactive|kompoppy has 120 seconds left.\n|\n|t:|1700682512\n|move|p2a: Iron Hands|Fake Out|p1b: Heatran\n|-resisted|p1b: Heatran\n|-damage|p1b: Heatran|93\/100\n|-enditem|p1b: Heatran|Air Balloon\n|move|p1a: Diancie|Psyshock|p2a: Iron Hands\n|-supereffective|p2a: Iron Hands\n|-damage|p2a: Iron Hands|46\/100\n|-activate|p2b: Slaking|confusion\n|-damage|p2b: Slaking|0 fnt|[from] confusion\n|faint|p2b: Slaking\n|cant|p1b: Heatran|flinch\n|\n|upkeep\n|inactive|WallaceTortuga has 120 seconds left.\n|\n|t:|1700682530\n|switch|p2b: Iron Bundle|Iron Bundle|100\/100\n|-activate|p2b: Iron Bundle|ability: Quark Drive\n|-start|p2b: Iron Bundle|quarkdrivespa\n|turn|5\n|\n|t:|1700682544\n|move|p2a: Iron Hands|Close Combat|p1b: Heatran\n|-supereffective|p1b: Heatran\n|-damage|p1b: Heatran|0 fnt\n|-unboost|p2a: Iron Hands|def|1\n|-unboost|p2a: Iron Hands|spd|1\n|faint|p1b: Heatran\n|move|p1a: Diancie|Psyshock|p2a: Iron Hands\n|-supereffective|p2a: Iron Hands\n|-damage|p2a: Iron Hands|1\/100\n|move|p2b: Iron Bundle|Hydro Pump|p1a: Diancie|[miss]\n|-miss|p2b: Iron Bundle|p1a: Diancie\n|\n|-fieldend|move: Trick Room\n|upkeep\n|inactive|kompoppy has 120 seconds left.\n|\n|t:|1700682576\n|switch|p1b: Pelipper|Pelipper, F|100\/100\n|-weather|RainDance|[from] ability: Drizzle|[of] p1b: Pelipper\n|turn|6\n|inactive|kompoppy has 120 seconds left.\n|\n|t:|1700682596\n|move|p2b: Iron Bundle|Hydro Pump|p1a: Diancie\n|-supereffective|p1a: Diancie\n|-damage|p1a: Diancie|0 fnt\n|faint|p1a: Diancie\n|move|p1b: Pelipper|Hurricane|p2b: Iron Bundle\n|-damage|p2b: Iron Bundle|48\/100\n|move|p2a: Iron Hands|Ice Punch|p1b: Pelipper\n|-damage|p1b: Pelipper|61\/100\n|\n|-weather|RainDance|[upkeep]\n|upkeep\n|inactive|kompoppy has 120 seconds left.\n|\n|t:|1700682609\n|switch|p1a: Tornadus|Tornadus, M|100\/100\n|turn|7\n|\n|t:|1700682628\n|move|p1a: Tornadus|Bleakwind Storm|p2b: Iron Bundle|[spread] p2a,p2b\n|-damage|p2a: Iron Hands|0 fnt\n|-damage|p2b: Iron Bundle|16\/100\n|faint|p2a: Iron Hands\n|-end|p2a: Iron Hands|Quark Drive|[silent]\n|move|p2b: Iron Bundle|Ice Beam|p1a: Tornadus\n|-supereffective|p1a: Tornadus\n|-damage|p1a: Tornadus|0 fnt\n|faint|p1a: Tornadus\n|move|p1b: Pelipper|Roost|p1b: Pelipper\n|-heal|p1b: Pelipper|100\/100\n|-singleturn|p1b: Pelipper|move: Roost\n|\n|-weather|RainDance|[upkeep]\n|upkeep\n|\n|t:|1700682644\n|switch|p1a: Chien-Pao|Chien-Pao|100\/100\n|switch|p2a: Amoonguss|Amoonguss, M|100\/100\n|-ability|p1a: Chien-Pao|Sword of Ruin\n|turn|8\n|\n|t:|1700682666\n|move|p2a: Amoonguss|Rage Powder|p2a: Amoonguss\n|-singleturn|p2a: Amoonguss|move: Rage Powder\n|move|p1a: Chien-Pao|Brick Break|p2a: Amoonguss\n|-resisted|p2a: Amoonguss\n|-damage|p2a: Amoonguss|86\/100\n|move|p2b: Iron Bundle|Freeze-Dry|p1b: Pelipper\n|-supereffective|p1b: Pelipper\n|-damage|p1b: Pelipper|0 fnt\n|faint|p1b: Pelipper\n|\n|-weather|RainDance|[upkeep]\n|-fieldend|move: Electric Terrain\n|-end|p2b: Iron Bundle|Quark Drive\n|upkeep\n|turn|9\n|\n|t:|1700682691\n|move|p2a: Amoonguss|Rage Powder|p2a: Amoonguss\n|-singleturn|p2a: Amoonguss|move: Rage Powder\n|move|p1a: Chien-Pao|Ice Spinner|p2a: Amoonguss\n|-supereffective|p2a: Amoonguss\n|-damage|p2a: Amoonguss|0 fnt\n|faint|p2a: Amoonguss\n|move|p2b: Iron Bundle|Hydro Pump|p1a: Chien-Pao\n|-damage|p1a: Chien-Pao|0 fnt\n|faint|p1a: Chien-Pao\n|\n|win|WallaceTortuga\n|raw|kompoppy's rating: 1080 &rarr; <strong>1059<\/strong><br \/>(-21 for losing)\n|raw|WallaceTortuga's rating: 1091 &rarr; <strong>1117<\/strong><br \/>(+26 for winning)\n|c|\u2606WallaceTortuga|gg\n|l|\u2606kompoppy\n","uploadtime":1700682707,"views":3,"p1id":"kompoppy","p2id":"wallacetortuga","formatid":"gen9doublesou","rating":1059,"private":0,"password":""}