{"id":"gen9doublesou-1986723573","p1":"Theonlykev1","p2":"Cuty flam","format":"[Gen 9] Doubles OU","log":"|j|\u2606Theonlykev1\n|j|\u2606Cuty flam\n|t:|1699514459\n|gametype|doubles\n|player|p1|Theonlykev1|ltsurge|1088\n|player|p2|Cuty flam|linebacker|1040\n|teamsize|p1|6\n|teamsize|p2|6\n|gen|9\n|tier|[Gen 9] Doubles OU\n|rated|\n|rule|Species Clause: Limit one of each Pok\u00e9mon\n|rule|OHKO Clause: OHKO moves are banned\n|rule|Evasion Moves Clause: Evasion moves are banned\n|rule|Gravity Sleep Clause: The combination of sleep-inducing moves with imperfect accuracy and Gravity or Gigantamax Orbeetle are banned\n|rule|Endless Battle Clause: Forcing endless battles is banned\n|rule|HP Percentage Mod: HP is shown in percentages\n|clearpoke\n|poke|p1|Farigiraf, M|\n|poke|p1|Thundurus, M|\n|poke|p1|Slaking, F|\n|poke|p1|Weezing, M|\n|poke|p1|Walking Wake|\n|poke|p1|Ogerpon-Hearthflame, F|\n|poke|p2|Clefairy, M|\n|poke|p2|Iron Bundle|\n|poke|p2|Ludicolo, F|\n|poke|p2|Flutter Mane|\n|poke|p2|Iron Hands|\n|poke|p2|Azumarill, M|\n|teampreview\n|\n|t:|1699514467\n|start\n|switch|p1a: Weezing|Weezing, M|100\/100\n|switch|p1b: Slaking|Slaking, F|100\/100\n|switch|p2a: Clefairy|Clefairy, M|100\/100\n|switch|p2b: Azumarill|Azumarill, M|100\/100\n|-ability|p1a: Weezing|Neutralizing Gas\n|turn|1\n|inactive|Battle timer is ON: inactive players will automatically lose when time's up. (requested by Cuty flam)\n|\n|t:|1699514492\n|move|p2a: Clefairy|Follow Me|p2a: Clefairy\n|-singleturn|p2a: Clefairy|move: Follow Me\n|move|p1b: Slaking|High Horsepower|p2a: Clefairy\n|-damage|p2a: Clefairy|48\/100\n|move|p1a: Weezing|Sludge Bomb|p2a: Clefairy\n|-supereffective|p2a: Clefairy\n|-damage|p2a: Clefairy|6\/100\n|move|p2b: Azumarill|Belly Drum|p2b: Azumarill\n|-damage|p2b: Azumarill|50\/100\n|-setboost|p2b: Azumarill|atk|6|[from] move: Belly Drum\n|\n|upkeep\n|turn|2\n|\n|t:|1699514513\n|move|p2b: Azumarill|Protect|p2b: Azumarill\n|-singleturn|p2b: Azumarill|Protect\n|move|p1b: Slaking|Rock Slide|p2b: Azumarill|[spread] p2a\n|-activate|p2b: Azumarill|move: Protect\n|-damage|p2a: Clefairy|0 fnt\n|faint|p2a: Clefairy\n|move|p1a: Weezing|Thunderbolt|p2b: Azumarill\n|-activate|p2b: Azumarill|move: Protect\n|\n|upkeep\n|\n|t:|1699514525\n|switch|p2a: Iron Hands|Iron Hands|100\/100\n|turn|3\n|\n|t:|1699514544\n|move|p2a: Iron Hands|Fake Out|p1b: Slaking\n|-damage|p1b: Slaking|89\/100\n|cant|p1b: Slaking|flinch\n|move|p1a: Weezing|Explosion|p2a: Iron Hands|[spread] p1b,p2a,p2b\n|-damage|p1b: Slaking|66\/100\n|-damage|p2a: Iron Hands|77\/100\n|-damage|p2b: Azumarill|16\/100\n|-enditem|p2b: Azumarill|Aguav Berry|[eat]\n|-heal|p2b: Azumarill|50\/100|[from] item: Aguav Berry\n|faint|p1a: Weezing\n|-end|p1a: Weezing|ability: Neutralizing Gas\n|move|p2b: Azumarill|Aqua Ring|p2b: Azumarill\n|-start|p2b: Azumarill|Aqua Ring\n|\n|-heal|p1b: Slaking|72\/100|[from] item: Leftovers\n|-heal|p2b: Azumarill|56\/100|[from] Aqua Ring\n|upkeep\n|\n|t:|1699514563\n|switch|p1a: Thundurus|Thundurus, M|100\/100\n|turn|4\n|\n|t:|1699514577\n|move|p2b: Azumarill|Protect|p2b: Azumarill\n|-singleturn|p2b: Azumarill|Protect\n|move|p1a: Thundurus|Thunder Wave|p2b: Azumarill\n|-activate|p2b: Azumarill|move: Protect\n|cant|p1b: Slaking|ability: Truant\n|move|p2a: Iron Hands|Drain Punch|p1b: Slaking\n|-supereffective|p1b: Slaking\n|-damage|p1b: Slaking|6\/100\n|-heal|p2a: Iron Hands|100\/100|[from] drain|[of] p1b: Slaking\n|\n|-heal|p1b: Slaking|13\/100|[from] item: Leftovers\n|-heal|p2b: Azumarill|62\/100|[from] Aqua Ring\n|upkeep\n|turn|5\n|\n|t:|1699514596\n|move|p1a: Thundurus|Thunder Wave|p2b: Azumarill\n|-status|p2b: Azumarill|par\n|move|p2b: Azumarill|Aqua Jet|p1b: Slaking\n|-damage|p1b: Slaking|0 fnt\n|faint|p1b: Slaking\n|move|p2a: Iron Hands|Ice Punch|p1a: Thundurus\n|-supereffective|p1a: Thundurus\n|-damage|p1a: Thundurus|10\/100\n|\n|-heal|p2b: Azumarill|68\/100 par|[from] Aqua Ring\n|upkeep\n|\n|t:|1699514609\n|switch|p1b: Farigiraf|Farigiraf, M|100\/100\n|turn|6\n|\n|t:|1699514619\n|move|p2b: Azumarill|Aqua Jet||[still]\n|cant|p1b: Farigiraf|ability: Armor Tail|Aqua Jet|[of] p2b: Azumarill\n|move|p1a: Thundurus|Wildbolt Storm|p2a: Iron Hands|[spread] p2a,p2b\n|-resisted|p2a: Iron Hands\n|-supereffective|p2b: Azumarill\n|-damage|p2a: Iron Hands|87\/100\n|-damage|p2b: Azumarill|13\/100 par\n|move|p1b: Farigiraf|Psychic|p2a: Iron Hands\n|-supereffective|p2a: Iron Hands\n|-damage|p2a: Iron Hands|36\/100\n|move|p2a: Iron Hands|Drain Punch|p1b: Farigiraf\n|-damage|p1b: Farigiraf|53\/100\n|-heal|p2a: Iron Hands|56\/100|[from] drain|[of] p1b: Farigiraf\n|\n|-heal|p2b: Azumarill|19\/100 par|[from] Aqua Ring\n|upkeep\n|turn|7\n|\n|t:|1699514643\n|move|p2b: Azumarill|Protect|p2b: Azumarill\n|-singleturn|p2b: Azumarill|Protect\n|move|p1a: Thundurus|Wildbolt Storm|p2a: Iron Hands|[spread] p2a\n|-activate|p2b: Azumarill|move: Protect\n|-resisted|p2a: Iron Hands\n|-damage|p2a: Iron Hands|44\/100\n|move|p1b: Farigiraf|Hyper Voice|p2a: Iron Hands|[spread] p2a\n|-activate|p2b: Azumarill|move: Protect\n|-damage|p2a: Iron Hands|24\/100\n|move|p2a: Iron Hands|Ice Punch|p1a: Thundurus\n|-supereffective|p1a: Thundurus\n|-damage|p1a: Thundurus|0 fnt\n|faint|p1a: Thundurus\n|\n|-heal|p2b: Azumarill|25\/100 par|[from] Aqua Ring\n|upkeep\n|inactive|Theonlykev1 has 120 seconds left.\n|\n|t:|1699514662\n|switch|p1a: Ogerpon|Ogerpon-Hearthflame, F|100\/100\n|-ability|p1a: Ogerpon|Mold Breaker\n|turn|8\n|\n|t:|1699514682\n|-terastallize|p1a: Ogerpon|Fire\n|detailschange|p1a: Ogerpon|Ogerpon-Hearthflame-Tera, F, tera:Fire\n|-ability|p1a: Ogerpon|Embody Aspect (Hearthflame)|boost\n|-boost|p1a: Ogerpon|atk|1\n|move|p2b: Azumarill|Protect|p2b: Azumarill\n|-singleturn|p2b: Azumarill|Protect\n|move|p1a: Ogerpon|Horn Leech|p2b: Azumarill\n|-activate|p2b: Azumarill|move: Protect\n|move|p1b: Farigiraf|Psychic|p2a: Iron Hands\n|-supereffective|p2a: Iron Hands\n|-damage|p2a: Iron Hands|0 fnt\n|faint|p2a: Iron Hands\n|-end|p2a: Iron Hands|Quark Drive|[silent]\n|\n|-heal|p2b: Azumarill|32\/100 par|[from] Aqua Ring\n|upkeep\n|\n|t:|1699514700\n|switch|p2a: Iron Bundle|Iron Bundle|100\/100\n|-enditem|p2a: Iron Bundle|Booster Energy\n|-activate|p2a: Iron Bundle|ability: Quark Drive|[fromitem]\n|-start|p2a: Iron Bundle|quarkdrivespe\n|turn|9\n|\n|t:|1699514726\n|move|p2b: Azumarill|Protect||[still]\n|-fail|p2b: Azumarill\n|move|p2a: Iron Bundle|Hydro Pump|p1b: Farigiraf|[miss]\n|-miss|p2a: Iron Bundle|p1b: Farigiraf\n|move|p1a: Ogerpon|Ivy Cudgel|p2a: Iron Bundle\n|-damage|p2a: Iron Bundle|0 fnt\n|faint|p2a: Iron Bundle\n|-end|p2a: Iron Bundle|Quark Drive|[silent]\n|move|p1b: Farigiraf|Psychic|p2b: Azumarill\n|-damage|p2b: Azumarill|3\/100 par\n|\n|-heal|p2b: Azumarill|10\/100 par|[from] Aqua Ring\n|upkeep\n|\n|t:|1699514740\n|switch|p2a: Flutter Mane|Flutter Mane|100\/100\n|turn|10\n|\n|t:|1699514751\n|cant|p2b: Azumarill|par\n|move|p2a: Flutter Mane|Moonblast|p1b: Farigiraf\n|-damage|p1b: Farigiraf|1\/100\n|move|p1a: Ogerpon|Ivy Cudgel|p2a: Flutter Mane\n|-damage|p2a: Flutter Mane|0 fnt\n|faint|p2a: Flutter Mane\n|-end|p2a: Flutter Mane|Protosynthesis|[silent]\n|move|p1b: Farigiraf|Dazzling Gleam|p2b: Azumarill\n|-damage|p2b: Azumarill|0 fnt\n|faint|p2b: Azumarill\n|\n|upkeep\n|\n|t:|1699514759\n|switch|p2b: Ludicolo|Ludicolo, F|100\/100\n|turn|11\n|\n|t:|1699514771\n|move|p1a: Ogerpon|Horn Leech|p2b: Ludicolo\n|-damage|p2b: Ludicolo|14\/100\n|move|p2b: Ludicolo|Fire Punch|p1b: Farigiraf\n|-damage|p1b: Farigiraf|0 fnt\n|faint|p1b: Farigiraf\n|\n|-heal|p2b: Ludicolo|20\/100|[from] item: Leftovers\n|upkeep\n|c|\u2606Theonlykev1|Gg\n|\n|t:|1699514781\n|switch|p1b: Walking Wake|Walking Wake|100\/100\n|turn|12\n|\n|t:|1699514788\n|move|p1a: Ogerpon|Horn Leech|p2b: Ludicolo\n|-damage|p2b: Ludicolo|0 fnt\n|faint|p2b: Ludicolo\n|\n|win|Theonlykev1\n|raw|Theonlykev1's rating: 1088 &rarr; <strong>1111<\/strong><br \/>(+23 for winning)\n|raw|Cuty flam's rating: 1040 &rarr; <strong>1026<\/strong><br \/>(-14 for losing)\n","uploadtime":1699515037,"views":16,"p1id":"theonlykev1","p2id":"cutyflam","formatid":"gen9doublesou","rating":1026,"private":0,"password":""}