{"id":"gen9doublesou-1992245449","p1":"mekemouse","p2":"Mr.X&Y97","format":"[Gen 9] Doubles OU","log":"|j|\u2606mekemouse\n|j|\u2606Mr.X&Y97\n|t:|1700167260\n|gametype|doubles\n|player|p1|mekemouse|hilbert-wonderlauncher|1481\n|player|p2|Mr.X&Y97|blue|1620\n|teamsize|p1|6\n|teamsize|p2|6\n|gen|9\n|tier|[Gen 9] Doubles OU\n|rated|\n|rule|Species Clause: Limit one of each Pok\u00e9mon\n|rule|OHKO Clause: OHKO moves are banned\n|rule|Evasion Moves Clause: Evasion moves are banned\n|rule|Gravity Sleep Clause: The combination of sleep-inducing moves with imperfect accuracy and Gravity or Gigantamax Orbeetle are banned\n|rule|Endless Battle Clause: Forcing endless battles is banned\n|rule|HP Percentage Mod: HP is shown in percentages\n|clearpoke\n|poke|p1|Murkrow, M|\n|poke|p1|Great Tusk|\n|poke|p1|Cresselia, F|\n|poke|p1|Charizard, M|\n|poke|p1|Torkoal, F|\n|poke|p1|Kingambit, M|\n|poke|p2|Armarouge, M|\n|poke|p2|Indeedee-F, F|\n|poke|p2|Stonjourner, F|\n|poke|p2|Kingambit, M|\n|poke|p2|Abomasnow, M|\n|poke|p2|Chien-Pao|\n|teampreview\n|inactive|Battle timer is ON: inactive players will automatically lose when time's up. (requested by mekemouse)\n|inactive|Mr.X&Y97 also wants the timer to be on.\n|\n|t:|1700167279\n|start\n|switch|p1a: Murkrow|Murkrow, M|100\/100\n|switch|p1b: Charizard|Charizard, M|100\/100\n|switch|p2a: Amelia Bedelia|Indeedee-F, F|100\/100\n|switch|p2b: Mega Man X|Armarouge, M|100\/100\n|-fieldstart|move: Psychic Terrain|[from] ability: Psychic Surge|[of] p2a: Amelia Bedelia\n|turn|1\n|\n|t:|1700167290\n|move|p2a: Amelia Bedelia|Follow Me|p2a: Amelia Bedelia\n|-singleturn|p2a: Amelia Bedelia|move: Follow Me\n|move|p1a: Murkrow|Sunny Day|p1a: Murkrow\n|-weather|SunnyDay\n|move|p1b: Charizard|Ancient Power|p2a: Amelia Bedelia\n|-damage|p2a: Amelia Bedelia|60\/100\n|move|p2b: Mega Man X|Trick Room|p2b: Mega Man X\n|-fieldstart|move: Trick Room|[of] p2b: Mega Man X\n|\n|-weather|SunnyDay|[upkeep]\n|-damage|p1b: Charizard|88\/100|[from] ability: Solar Power|[of] p1b: Charizard\n|upkeep\n|turn|2\n|\n|t:|1700167308\n|switch|p1a: Cresselia|Cresselia, F|100\/100\n|move|p2a: Amelia Bedelia|Follow Me|p2a: Amelia Bedelia\n|-singleturn|p2a: Amelia Bedelia|move: Follow Me\n|move|p2b: Mega Man X|Expanding Force|p1a: Cresselia|[spread] p1a,p1b\n|-resisted|p1a: Cresselia\n|-crit|p1b: Charizard\n|-damage|p1a: Cresselia|80\/100\n|-damage|p1b: Charizard|0 fnt\n|faint|p1b: Charizard\n|-damage|p2b: Mega Man X|91\/100|[from] item: Life Orb\n|\n|-weather|SunnyDay|[upkeep]\n|upkeep\n|\n|t:|1700167311\n|switch|p1b: Kingambit|Kingambit, M|100\/100\n|-activate|p1b: Kingambit|ability: Supreme Overlord\n|-start|p1b: Kingambit|fallen1|[silent]\n|turn|3\n|\n|t:|1700167322\n|-terastallize|p1b: Kingambit|Fire\n|-terastallize|p2a: Amelia Bedelia|Fighting\n|move|p1b: Kingambit|Kowtow Cleave|p2a: Amelia Bedelia\n|-resisted|p2a: Amelia Bedelia\n|-damage|p2a: Amelia Bedelia|33\/100\n|move|p2b: Mega Man X|Heat Wave|p1b: Kingambit|[spread] p1b\n|-miss|p2b: Mega Man X|p1a: Cresselia\n|-resisted|p1b: Kingambit\n|-damage|p1b: Kingambit|65\/100\n|-damage|p2b: Mega Man X|81\/100|[from] item: Life Orb\n|move|p2a: Amelia Bedelia|Tera Blast|p1b: Kingambit|[anim] Tera Blast Fighting\n|-damage|p1b: Kingambit|41\/100\n|move|p1a: Cresselia|Lunar Blessing|p1a: Cresselia|[spread] p1a,p1b\n|-heal|p1a: Cresselia|100\/100\n|-heal|p1b: Kingambit|66\/100\n|\n|-weather|SunnyDay|[upkeep]\n|-heal|p1b: Kingambit|72\/100|[from] item: Leftovers\n|upkeep\n|turn|4\n|\n|t:|1700167334\n|move|p1a: Cresselia|Helping Hand|p1b: Kingambit\n|-singleturn|p1b: Kingambit|Helping Hand|[of] p1a: Cresselia\n|move|p2a: Amelia Bedelia|Follow Me|p2a: Amelia Bedelia\n|-singleturn|p2a: Amelia Bedelia|move: Follow Me\n|move|p1b: Kingambit|Kowtow Cleave|p2a: Amelia Bedelia\n|-resisted|p2a: Amelia Bedelia\n|-damage|p2a: Amelia Bedelia|0 fnt\n|faint|p2a: Amelia Bedelia\n|move|p2b: Mega Man X|Expanding Force|p1a: Cresselia|[spread] p1a,p1b\n|-resisted|p1a: Cresselia\n|-damage|p1a: Cresselia|78\/100\n|-damage|p1b: Kingambit|0 fnt\n|faint|p1b: Kingambit\n|-end|p1b: Kingambit|fallen1|[silent]\n|-damage|p2b: Mega Man X|71\/100|[from] item: Life Orb\n|\n|-weather|SunnyDay|[upkeep]\n|upkeep\n|\n|t:|1700167352\n|switch|p1b: Torkoal|Torkoal, F|100\/100\n|switch|p2a: Stoney J.|Stonjourner, F|100\/100\n|turn|5\n|\n|t:|1700167363\n|move|p1a: Cresselia|Helping Hand|p1b: Torkoal\n|-singleturn|p1b: Torkoal|Helping Hand|[of] p1a: Cresselia\n|move|p2a: Stoney J.|Wide Guard|p2a: Stoney J.\n|-singleturn|p2a: Stoney J.|Wide Guard\n|move|p1b: Torkoal|Eruption|p2a: Stoney J.|[spread] \n|-activate|p2a: Stoney J.|move: Wide Guard\n|-activate|p2b: Mega Man X|move: Wide Guard\n|move|p2b: Mega Man X|Expanding Force|p1b: Torkoal|[spread] p1a,p1b\n|-resisted|p1a: Cresselia\n|-damage|p1a: Cresselia|54\/100\n|-damage|p1b: Torkoal|0 fnt\n|faint|p1b: Torkoal\n|-damage|p2b: Mega Man X|61\/100|[from] item: Life Orb\n|\n|-weather|none\n|-fieldend|move: Trick Room\n|-fieldend|move: Psychic Terrain\n|upkeep\n|\n|t:|1700167368\n|switch|p1b: Great Tusk|Great Tusk|100\/100\n|turn|6\n|\n|t:|1700167396\n|switch|p1a: Murkrow|Murkrow, M|100\/100\n|move|p1b: Great Tusk|Headlong Rush|p2b: Mega Man X\n|-supereffective|p2b: Mega Man X\n|-damage|p2b: Mega Man X|0 fnt\n|-unboost|p1b: Great Tusk|def|1\n|-unboost|p1b: Great Tusk|spd|1\n|faint|p2b: Mega Man X\n|move|p2a: Stoney J.|Rock Slide|p1b: Great Tusk|[spread] p1a,p1b\n|-supereffective|p1a: Murkrow\n|-crit|p1a: Murkrow\n|-resisted|p1b: Great Tusk\n|-damage|p1a: Murkrow|0 fnt\n|-damage|p1b: Great Tusk|93\/100\n|faint|p1a: Murkrow\n|\n|upkeep\n|\n|t:|1700167407\n|switch|p1a: Cresselia|Cresselia, F|54\/100\n|switch|p2b: Weasel|Chien-Pao|100\/100\n|-ability|p2b: Weasel|Sword of Ruin\n|turn|7\n|-message|mekemouse forfeited.\n|\n|win|Mr.X&Y97\n|raw|mekemouse's rating: 1481 &rarr; <strong>1469<\/strong><br \/>(-12 for losing)\n|raw|Mr.X&amp;Y97's rating: 1620 &rarr; <strong>1632<\/strong><br \/>(+12 for winning)\n|l|\u2606mekemouse\n","uploadtime":1700167421,"views":9,"p1id":"mekemouse","p2id":"mrxy97","formatid":"gen9doublesou","rating":1469,"private":0,"password":""}