{"id":"gen9doublesou-1983992946","p1":"CDGames27","p2":"Zor_Fen","format":"[Gen 9] Doubles OU","log":"|j|\u2606CDGames27\n|j|\u2606Zor_Fen\n|t:|1699207721\n|gametype|doubles\n|player|p1|CDGames27|blue|1126\n|player|p2|Zor_Fen|zinnia|1026\n|teamsize|p1|6\n|teamsize|p2|6\n|gen|9\n|tier|[Gen 9] Doubles OU\n|rated|\n|rule|Species Clause: Limit one of each Pok\u00e9mon\n|rule|OHKO Clause: OHKO moves are banned\n|rule|Evasion Moves Clause: Evasion moves are banned\n|rule|Gravity Sleep Clause: The combination of sleep-inducing moves with imperfect accuracy and Gravity or Gigantamax Orbeetle are banned\n|rule|Endless Battle Clause: Forcing endless battles is banned\n|rule|HP Percentage Mod: HP is shown in percentages\n|clearpoke\n|poke|p1|Ceruledge, M|\n|poke|p1|Gardevoir, F|\n|poke|p1|Palafin, M|\n|poke|p1|Garchomp, M|\n|poke|p1|Umbreon, F|\n|poke|p1|Pawmot, F|\n|poke|p2|Kricketune, F|\n|poke|p2|Chien-Pao|\n|poke|p2|Iron Bundle|\n|poke|p2|Iron Hands|\n|poke|p2|Indeedee-F, F|\n|poke|p2|Flutter Mane|\n|teampreview\n|inactive|Battle timer is ON: inactive players will automatically lose when time's up. (requested by Zor_Fen)\n|\n|t:|1699207732\n|start\n|switch|p1a: Palafin|Palafin, M|100\/100\n|switch|p1b: Umbreon|Umbreon, F|100\/100\n|switch|p2a: Kricketune|Kricketune, F|100\/100\n|switch|p2b: Indeedee|Indeedee-F, F|100\/100\n|-fieldstart|move: Psychic Terrain|[from] ability: Psychic Surge|[of] p2b: Indeedee\n|turn|1\n|c|\u2606Zor_Fen|glhf\n|\n|t:|1699207756\n|move|p1a: Palafin|Flip Turn|p2b: Indeedee\n|-damage|p2b: Indeedee|67\/100\n|\n|t:|1699207766\n|detailschange|p1a: Palafin|Palafin-Hero, M\n|switch|p1a: Ceruledge|Ceruledge, M, shiny|100\/100|[from] Flip Turn\n|move|p1b: Umbreon|Yawn|p2b: Indeedee\n|-start|p2b: Indeedee|move: Yawn|[of] p1b: Umbreon\n|move|p2a: Kricketune|Swords Dance|p2a: Kricketune\n|-boost|p2a: Kricketune|atk|2\n|move|p2b: Indeedee|Trick Room|p2b: Indeedee\n|-fieldstart|move: Trick Room|[of] p2b: Indeedee\n|\n|upkeep\n|turn|2\n|\n|t:|1699207785\n|move|p2b: Indeedee|Follow Me|p2b: Indeedee\n|-singleturn|p2b: Indeedee|move: Follow Me\n|move|p2a: Kricketune|Fell Stinger|p1b: Umbreon\n|-supereffective|p1b: Umbreon\n|-damage|p1b: Umbreon|3\/100\n|move|p1b: Umbreon|Yawn||[still]\n|-fail|p1b: Umbreon\n|move|p1a: Ceruledge|Bitter Blade|p2b: Indeedee\n|-damage|p2b: Indeedee|14\/100\n|\n|-heal|p1b: Umbreon|9\/100|[from] item: Leftovers\n|-end|p2b: Indeedee|move: Yawn|[silent]\n|-status|p2b: Indeedee|slp\n|upkeep\n|turn|3\n|\n|t:|1699207808\n|switch|p2b: Iron Bundle|Iron Bundle|100\/100\n|-enditem|p2b: Iron Bundle|Booster Energy\n|-activate|p2b: Iron Bundle|ability: Quark Drive|[fromitem]\n|-start|p2b: Iron Bundle|quarkdrivespe\n|move|p1b: Umbreon|Protect|p1b: Umbreon\n|-singleturn|p1b: Umbreon|Protect\n|move|p2a: Kricketune|Fell Stinger|p1b: Umbreon\n|-activate|p1b: Umbreon|move: Protect\n|move|p1a: Ceruledge|Bitter Blade|p2a: Kricketune\n|-supereffective|p2a: Kricketune\n|-enditem|p2a: Kricketune|Focus Sash\n|-damage|p2a: Kricketune|1\/100\n|\n|-heal|p1b: Umbreon|15\/100|[from] item: Leftovers\n|upkeep\n|turn|4\n|inactive|CDGames27 has 120 seconds left.\n|\n|t:|1699207849\n|move|p1b: Umbreon|Protect||[still]\n|-fail|p1b: Umbreon\n|move|p2a: Kricketune|Fell Stinger|p1b: Umbreon\n|-supereffective|p1b: Umbreon\n|-damage|p1b: Umbreon|0 fnt\n|faint|p1b: Umbreon\n|-boost|p2a: Kricketune|atk|3\n|move|p1a: Ceruledge|Close Combat|p2b: Iron Bundle\n|-supereffective|p2b: Iron Bundle\n|-damage|p2b: Iron Bundle|0 fnt\n|-unboost|p1a: Ceruledge|def|1\n|-unboost|p1a: Ceruledge|spd|1\n|faint|p2b: Iron Bundle\n|-end|p2b: Iron Bundle|Quark Drive|[silent]\n|\n|upkeep\n|inactive|CDGames27 has 120 seconds left.\n|\n|t:|1699207873\n|switch|p1b: Pawmot|Pawmot, F|100\/100\n|switch|p2b: Iron Hands|Iron Hands|100\/100\n|turn|5\n|inactive|CDGames27 has 120 seconds left.\n|\n|t:|1699207899\n|move|p2b: Iron Hands|Wild Charge|p1a: Ceruledge\n|-damage|p1a: Ceruledge|0 fnt\n|faint|p1a: Ceruledge\n|-damage|p2b: Iron Hands|84\/100|[from] Recoil\n|move|p2a: Kricketune|Aerial Ace|p1b: Pawmot\n|-damage|p1b: Pawmot|0 fnt\n|faint|p1b: Pawmot\n|\n|-fieldend|move: Trick Room\n|-fieldend|move: Psychic Terrain\n|upkeep\n|\n|t:|1699207912\n|switch|p1b: Palafin|Palafin-Hero, M|100\/100\n|switch|p1a: Gardevoir|Gardevoir, F, shiny|100\/100\n|-activate|p1b: Palafin|ability: Zero to Hero\n|turn|6\n|inactive|CDGames27 has 120 seconds left.\n|\n|t:|1699207931\n|switch|p2a: Indeedee|Indeedee-F, F|14\/100 slp\n|-fieldstart|move: Psychic Terrain|[from] ability: Psychic Surge|[of] p2a: Indeedee\n|move|p1b: Palafin|Wave Crash|p2a: Indeedee\n|-damage|p2a: Indeedee|0 fnt\n|faint|p2a: Indeedee\n|-damage|p1b: Palafin|96\/100|[from] Recoil\n|move|p1a: Gardevoir|Moonblast|p2b: Iron Hands\n|-supereffective|p2b: Iron Hands\n|-damage|p2b: Iron Hands|33\/100\n|move|p2b: Iron Hands|Wild Charge|p1b: Palafin\n|-supereffective|p1b: Palafin\n|-damage|p1b: Palafin|0 fnt\n|faint|p1b: Palafin\n|-damage|p2b: Iron Hands|15\/100|[from] Recoil\n|\n|upkeep\n|inactive|Zor_Fen has 120 seconds left.\n|\n|t:|1699207961\n|switch|p1b: Garchomp|Garchomp, M|100\/100\n|switch|p2a: Flutter Mane|Flutter Mane|100\/100\n|-enditem|p2a: Flutter Mane|Booster Energy\n|-activate|p2a: Flutter Mane|ability: Protosynthesis|[fromitem]\n|-start|p2a: Flutter Mane|protosynthesisspe\n|turn|7\n|\n|t:|1699207976\n|move|p2a: Flutter Mane|Moonblast|p1b: Garchomp\n|-supereffective|p1b: Garchomp\n|-damage|p1b: Garchomp|6\/100\n|move|p1b: Garchomp|Dragon Claw|p2b: Iron Hands\n|-damage|p2b: Iron Hands|0 fnt\n|faint|p2b: Iron Hands\n|-end|p2b: Iron Hands|Quark Drive|[silent]\n|move|p1a: Gardevoir|Shadow Ball|p2a: Flutter Mane\n|-supereffective|p2a: Flutter Mane\n|-damage|p2a: Flutter Mane|54\/100\n|-unboost|p2a: Flutter Mane|spd|1\n|\n|upkeep\n|inactive|Zor_Fen has 120 seconds left.\n|\n|t:|1699207996\n|switch|p2b: Kricketune|Kricketune, F|1\/100\n|turn|8\n|\n|t:|1699208006\n|move|p2a: Flutter Mane|Moonblast|p1b: Garchomp\n|-supereffective|p1b: Garchomp\n|-damage|p1b: Garchomp|0 fnt\n|faint|p1b: Garchomp\n|move|p1a: Gardevoir|Moonblast|p2b: Kricketune\n|-damage|p2b: Kricketune|0 fnt\n|faint|p2b: Kricketune\n|\n|upkeep\n|\n|t:|1699208010\n|switch|p2b: Chien-Pao|Chien-Pao|100\/100\n|-ability|p2b: Chien-Pao|Sword of Ruin\n|turn|9\n|\n|t:|1699208025\n|move|p2a: Flutter Mane|Shadow Ball|p1a: Gardevoir\n|-supereffective|p1a: Gardevoir\n|-damage|p1a: Gardevoir|24\/100\n|-unboost|p1a: Gardevoir|spd|1\n|move|p2b: Chien-Pao|Ice Spinner|p1a: Gardevoir\n|-damage|p1a: Gardevoir|0 fnt\n|-fieldend|move: Psychic Terrain\n|faint|p1a: Gardevoir\n|-damage|p2b: Chien-Pao|91\/100|[from] item: Life Orb\n|\n|win|Zor_Fen\n|raw|CDGames27's rating: 1126 &rarr; <strong>1094<\/strong><br \/>(-32 for losing)\n|raw|Zor_Fen's rating: 1026 &rarr; <strong>1072<\/strong><br \/>(+46 for winning)\n|c|\u2606Zor_Fen|gg\n|l|\u2606CDGames27\n","uploadtime":1699208067,"views":9,"p1id":"cdgames27","p2id":"zorfen","formatid":"gen9doublesou","rating":1072,"private":0,"password":""}