{"id":"gen9doublesou-1969543214","p1":"Gvggbg","p2":"alfred_einstein","format":"[Gen 9] Doubles OU","log":"|j|\u2606Gvggbg\n|j|\u2606alfred_einstein\n|t:|1697545438\n|gametype|doubles\n|player|p1|Gvggbg|clown|1133\n|player|p2|alfred_einstein|hilbert|1218\n|teamsize|p1|6\n|teamsize|p2|6\n|gen|9\n|tier|[Gen 9] Doubles OU\n|rated|\n|rule|Species Clause: Limit one of each Pok\u00e9mon\n|rule|OHKO Clause: OHKO moves are banned\n|rule|Evasion Moves Clause: Evasion moves are banned\n|rule|Gravity Sleep Clause: The combination of sleep-inducing moves with imperfect accuracy and Gravity or Gigantamax Orbeetle are banned\n|rule|Endless Battle Clause: Forcing endless battles is banned\n|rule|HP Percentage Mod: HP is shown in percentages\n|clearpoke\n|poke|p1|Rillaboom, M|\n|poke|p1|Landorus-Therian, M|\n|poke|p1|Iron Hands|\n|poke|p1|Cresselia, F|\n|poke|p1|Ogerpon-Wellspring, F|\n|poke|p1|Arcanine-Hisui, M|\n|poke|p2|Sableye, M|\n|poke|p2|Amoonguss, F|\n|poke|p2|Flutter Mane|\n|poke|p2|Chi-Yu|\n|poke|p2|Great Tusk|\n|poke|p2|Palafin, F|\n|teampreview\n|j| skonk\n|inactive|Battle timer is ON: inactive players will automatically lose when time's up. (requested by Gvggbg)\n|c| skonk|hello there chaps\n|c| skonk|lets all have fun\n|\n|t:|1697545464\n|start\n|switch|p1a: Rillaboom|Rillaboom, M|100\/100\n|switch|p1b: Landorus|Landorus-Therian, M|100\/100\n|switch|p2a: Sableye|Sableye, M|100\/100\n|switch|p2b: Amoonguss|Amoonguss, F|100\/100\n|-ability|p1b: Landorus|Intimidate|boost\n|-unboost|p2a: Sableye|atk|1\n|-unboost|p2b: Amoonguss|atk|1\n|-fieldstart|move: Grassy Terrain|[from] ability: Grassy Surge|[of] p1a: Rillaboom\n|turn|1\n|c|\u2606Gvggbg|Aight glhf\n|\n|t:|1697545491\n|move|p2a: Sableye|Will-O-Wisp|p1a: Rillaboom\n|-status|p1a: Rillaboom|brn\n|move|p1b: Landorus|Rock Slide|p2a: Sableye|[spread] p2a\n|-miss|p1b: Landorus|p2b: Amoonguss\n|-damage|p2a: Sableye|68\/100\n|move|p1a: Rillaboom|Knock Off|p2a: Sableye\n|-damage|p2a: Sableye|39\/100\n|-enditem|p2a: Sableye|Focus Sash|[from] move: Knock Off|[of] p1a: Rillaboom\n|-damage|p1a: Rillaboom|91\/100 brn|[from] item: Life Orb\n|move|p2b: Amoonguss|Substitute|p2b: Amoonguss\n|-start|p2b: Amoonguss|Substitute\n|-damage|p2b: Amoonguss|76\/100\n|\n|-heal|p1a: Rillaboom|97\/100 brn|[from] Grassy Terrain\n|-heal|p2a: Sableye|45\/100|[from] Grassy Terrain\n|-heal|p2b: Amoonguss|82\/100|[from] Grassy Terrain\n|-damage|p1a: Rillaboom|91\/100 brn|[from] brn\n|upkeep\n|turn|2\n|inactive|Gvggbg has 120 seconds left.\n|\n|t:|1697545523\n|move|p2a: Sableye|Skill Swap|p2b: Amoonguss\n|-activate|p2a: Sableye|move: Skill Swap|||[of] p2b: Amoonguss\n|move|p2b: Amoonguss|Spore|p1b: Landorus\n|-status|p1b: Landorus|slp|[from] move: Spore\n|cant|p1b: Landorus|slp\n|move|p1a: Rillaboom|Knock Off|p2b: Amoonguss\n|-activate|p2b: Amoonguss|move: Substitute|[damage]\n|-damage|p1a: Rillaboom|81\/100 brn|[from] item: Life Orb\n|\n|-heal|p1a: Rillaboom|87\/100 brn|[from] Grassy Terrain\n|-heal|p2a: Sableye|51\/100|[from] Grassy Terrain\n|-heal|p2b: Amoonguss|88\/100|[from] Grassy Terrain\n|-damage|p1a: Rillaboom|81\/100 brn|[from] brn\n|upkeep\n|turn|3\n|inactive|alfred_einstein has 120 seconds left.\n|c| skonk|gosh, this is a fascinating strategy\n|\n|t:|1697545559\n|switch|p2a: Chi-Yu|Chi-Yu|100\/100\n|-ability|p2a: Chi-Yu|Beads of Ruin\n|move|p2b: Amoonguss|Protect|p2b: Amoonguss\n|-singleturn|p2b: Amoonguss|Protect\n|move|p1a: Rillaboom|Grassy Glide|p2a: Chi-Yu\n|-resisted|p2a: Chi-Yu\n|-damage|p2a: Chi-Yu|84\/100\n|-damage|p1a: Rillaboom|71\/100 brn|[from] item: Life Orb\n|cant|p1b: Landorus|slp\n|\n|-heal|p2a: Chi-Yu|90\/100|[from] Grassy Terrain\n|-heal|p1a: Rillaboom|77\/100 brn|[from] Grassy Terrain\n|-heal|p2b: Amoonguss|94\/100|[from] Grassy Terrain\n|-damage|p1a: Rillaboom|71\/100 brn|[from] brn\n|upkeep\n|turn|4\n|c|\u2606alfred_einstein|thanks\n|inactive|alfred_einstein has 120 seconds left.\n|\n|t:|1697545582\n|move|p2a: Chi-Yu|Protect|p2a: Chi-Yu\n|-singleturn|p2a: Chi-Yu|Protect\n|move|p2b: Amoonguss|Spore|p1b: Landorus\n|-fail|p1b: Landorus|slp\n|-curestatus|p1b: Landorus|slp|[msg]\n|move|p1b: Landorus|Hammer Arm|p2a: Chi-Yu\n|-activate|p2a: Chi-Yu|move: Protect\n|move|p1a: Rillaboom|Drain Punch|p2a: Chi-Yu\n|-activate|p2a: Chi-Yu|move: Protect\n|\n|-heal|p2a: Chi-Yu|96\/100|[from] Grassy Terrain\n|-heal|p1a: Rillaboom|77\/100 brn|[from] Grassy Terrain\n|-heal|p2b: Amoonguss|99\/100|[from] Grassy Terrain\n|-damage|p1a: Rillaboom|71\/100 brn|[from] brn\n|upkeep\n|turn|5\n|inactive|alfred_einstein has 120 seconds left.\n|\n|t:|1697545628\n|move|p2b: Amoonguss|Spore|p1b: Landorus\n|-status|p1b: Landorus|slp|[from] move: Spore\n|cant|p1b: Landorus|slp\n|move|p2a: Chi-Yu|Heat Wave|p1b: Landorus|[spread] p1a,p1b\n|-supereffective|p1a: Rillaboom\n|-damage|p1a: Rillaboom|0 fnt\n|-damage|p1b: Landorus|52\/100 slp\n|faint|p1a: Rillaboom\n|\n|-heal|p2a: Chi-Yu|100\/100|[from] Grassy Terrain\n|-heal|p2b: Amoonguss|100\/100|[from] Grassy Terrain\n|-fieldend|move: Grassy Terrain\n|upkeep\n|\n|t:|1697545640\n|switch|p1a: Ogerpon|Ogerpon-Wellspring, F|100\/100\n|turn|6\n|inactive|alfred_einstein has 120 seconds left.\n|\n|t:|1697545664\n|switch|p2a: Sableye|Sableye, M|84\/100\n|move|p2b: Amoonguss|Protect|p2b: Amoonguss\n|-singleturn|p2b: Amoonguss|Protect\n|move|p1a: Ogerpon|Ivy Cudgel|p2a: Sableye\n|-damage|p2a: Sableye|0 fnt\n|faint|p2a: Sableye\n|cant|p1b: Landorus|slp\n|\n|upkeep\n|inactive|alfred_einstein has 90 seconds left.\n|\n|t:|1697545695\n|switch|p2a: Flutter Mane|Flutter Mane|100\/100\n|-enditem|p2a: Flutter Mane|Booster Energy\n|-activate|p2a: Flutter Mane|ability: Protosynthesis|[fromitem]\n|-start|p2a: Flutter Mane|protosynthesisspa\n|turn|7\n|inactive|alfred_einstein has 90 seconds left.\n|inactive|alfred_einstein has 60 seconds left.\n|\n|t:|1697545753\n|move|p2a: Flutter Mane|Protect|p2a: Flutter Mane\n|-singleturn|p2a: Flutter Mane|Protect\n|move|p1a: Ogerpon|Spiky Shield|p1a: Ogerpon\n|-singleturn|p1a: Ogerpon|move: Protect\n|move|p2b: Amoonguss|Substitute|p2b: Amoonguss\n|-fail|p2b: Amoonguss|move: Substitute\n|cant|p1b: Landorus|slp\n|\n|upkeep\n|turn|8\n|inactive|alfred_einstein has 60 seconds left.\n|\n|t:|1697545779\n|-terastallize|p2a: Flutter Mane|Fairy\n|move|p2b: Amoonguss|Protect|p2b: Amoonguss\n|-singleturn|p2b: Amoonguss|Protect\n|move|p2a: Flutter Mane|Dazzling Gleam|p1b: Landorus|[spread] p1a,p1b\n|-damage|p1a: Ogerpon|27\/100\n|-damage|p1b: Landorus|0 fnt\n|faint|p1b: Landorus\n|move|p1a: Ogerpon|Ivy Cudgel|p2b: Amoonguss\n|-activate|p2b: Amoonguss|move: Protect\n|\n|upkeep\n|\n|t:|1697545788\n|switch|p1b: Arcanine|Arcanine-Hisui, M|100\/100\n|turn|9\n|\n|t:|1697545808\n|move|p2b: Amoonguss|Spore|p1b: Arcanine\n|-status|p1b: Arcanine|slp|[from] move: Spore\n|move|p2a: Flutter Mane|Dazzling Gleam|p1a: Ogerpon|[spread] p1a,p1b\n|-resisted|p1b: Arcanine\n|-damage|p1a: Ogerpon|0 fnt\n|-damage|p1b: Arcanine|66\/100 slp\n|faint|p1a: Ogerpon\n|cant|p1b: Arcanine|slp\n|\n|upkeep\n|\n|t:|1697545815\n|switch|p1a: Iron Hands|Iron Hands|100\/100\n|-enditem|p1a: Iron Hands|Booster Energy\n|-activate|p1a: Iron Hands|ability: Quark Drive|[fromitem]\n|-start|p1a: Iron Hands|quarkdriveatk\n|turn|10\n|\n|t:|1697545823\n|-terastallize|p1a: Iron Hands|Ice\n|move|p1a: Iron Hands|Fake Out|p2a: Flutter Mane\n|-damage|p2a: Flutter Mane|60\/100\n|move|p2b: Amoonguss|Spore|p1a: Iron Hands\n|-status|p1a: Iron Hands|slp|[from] move: Spore\n|cant|p2a: Flutter Mane|flinch\n|-curestatus|p1b: Arcanine|slp|[msg]\n|move|p1b: Arcanine|Head Smash|p2a: Flutter Mane|[miss]\n|-miss|p1b: Arcanine|p2a: Flutter Mane\n|\n|upkeep\n|turn|11\n|inactive|alfred_einstein has 120 seconds left.\n|\n|t:|1697545847\n|move|p1b: Arcanine|Extreme Speed|p2a: Flutter Mane\n|-damage|p2a: Flutter Mane|11\/100\n|move|p2b: Amoonguss|Spore|p1b: Arcanine\n|-status|p1b: Arcanine|slp|[from] move: Spore\n|move|p2a: Flutter Mane|Hex|p1b: Arcanine\n|-damage|p1b: Arcanine|0 fnt\n|faint|p1b: Arcanine\n|cant|p1a: Iron Hands|slp\n|\n|upkeep\n|\n|t:|1697545857\n|switch|p1b: Cresselia|Cresselia, F|100\/100\n|turn|12\n|inactive|alfred_einstein has 120 seconds left.\n|\n|t:|1697545880\n|move|p2b: Amoonguss|Spore|p1b: Cresselia\n|-status|p1b: Cresselia|slp|[from] move: Spore\n|move|p2a: Flutter Mane|Hex|p1b: Cresselia\n|-supereffective|p1b: Cresselia\n|-damage|p1b: Cresselia|0 fnt\n|faint|p1b: Cresselia\n|-curestatus|p1a: Iron Hands|slp|[msg]\n|move|p1a: Iron Hands|Ice Punch|p2b: Amoonguss\n|-supereffective|p2b: Amoonguss\n|-end|p2b: Amoonguss|Substitute\n|\n|upkeep\n|turn|13\n|\n|t:|1697545895\n|move|p2b: Amoonguss|Spore|p1a: Iron Hands\n|-status|p1a: Iron Hands|slp|[from] move: Spore\n|move|p2a: Flutter Mane|Mystical Fire|p1a: Iron Hands\n|-supereffective|p1a: Iron Hands\n|-damage|p1a: Iron Hands|29\/100 slp\n|-unboost|p1a: Iron Hands|spa|1\n|cant|p1a: Iron Hands|slp\n|\n|upkeep\n|turn|14\n|c| skonk|gg\n|c|\u2606alfred_einstein|:D\n|c| skonk|i loved that\n|c|\u2606alfred_einstein|ty\n|\n|t:|1697545912\n|move|p2b: Amoonguss|Substitute|p2b: Amoonguss\n|-start|p2b: Amoonguss|Substitute\n|-damage|p2b: Amoonguss|76\/100\n|move|p2a: Flutter Mane|Mystical Fire|p1a: Iron Hands\n|-supereffective|p1a: Iron Hands\n|-damage|p1a: Iron Hands|0 fnt\n|faint|p1a: Iron Hands\n|-end|p1a: Iron Hands|Quark Drive|[silent]\n|\n|win|alfred_einstein\n|raw|Gvggbg's rating: 1133 &rarr; <strong>1114<\/strong><br \/>(-19 for losing)\n|raw|alfred_einstein's rating: 1218 &rarr; <strong>1237<\/strong><br \/>(+19 for winning)\n|l|\u2606Gvggbg\n|c| skonk|whats amooguss last move?\n","uploadtime":1697545921,"views":13,"p1id":"gvggbg","p2id":"alfredeinstein","formatid":"gen9doublesou","rating":1114,"private":0,"password":""}