{"id":"gen9doublesou-1982157546","p1":"LC Council","p2":"papelu","format":"[Gen 9] Doubles OU","log":"|j|\u2606LC Council\n|j|\u2606papelu\n|t:|1698973808\n|gametype|doubles\n|player|p1|LC Council|volkner|1327\n|player|p2|papelu|silver|1309\n|teamsize|p1|6\n|teamsize|p2|6\n|gen|9\n|tier|[Gen 9] Doubles OU\n|rated|\n|rule|Species Clause: Limit one of each Pok\u00e9mon\n|rule|OHKO Clause: OHKO moves are banned\n|rule|Evasion Moves Clause: Evasion moves are banned\n|rule|Gravity Sleep Clause: The combination of sleep-inducing moves with imperfect accuracy and Gravity or Gigantamax Orbeetle are banned\n|rule|Endless Battle Clause: Forcing endless battles is banned\n|rule|HP Percentage Mod: HP is shown in percentages\n|clearpoke\n|poke|p1|Sinistcha|\n|poke|p1|Rillaboom, F|\n|poke|p1|Arboliva, M|\n|poke|p1|Torkoal, F|\n|poke|p1|Shaymin-Sky|\n|poke|p1|Lilligant-Hisui, F|\n|poke|p2|Polteageist|\n|poke|p2|Landorus, M|\n|poke|p2|Thundurus, M|\n|poke|p2|Enamorus, F|\n|poke|p2|Tornadus, M|\n|poke|p2|Tinkaton, F|\n|teampreview\n|inactive|Battle timer is ON: inactive players will automatically lose when time's up. (requested by LC Council)\n|inactive|papelu has 120 seconds left.\n|\n|t:|1698973857\n|start\n|switch|p1a: Torkoal|Torkoal, F|100\/100\n|switch|p1b: Rillaboom|Rillaboom, F|100\/100\n|switch|p2a: Polteageist|Polteageist|100\/100\n|switch|p2b: Landorus|Landorus, M|100\/100\n|-fieldstart|move: Grassy Terrain|[from] ability: Grassy Surge|[of] p1b: Rillaboom\n|-weather|SunnyDay|[from] ability: Drought|[of] p1a: Torkoal\n|turn|1\n|\n|t:|1698973875\n|move|p1b: Rillaboom|Fake Out|p2b: Landorus\n|-damage|p2b: Landorus|85\/100\n|cant|p2b: Landorus|flinch\n|move|p2a: Polteageist|Sweet Scent|p1b: Rillaboom|[spread] p1a,p1b\n|-unboost|p1a: Torkoal|evasion|2\n|-unboost|p1b: Rillaboom|evasion|2\n|move|p1a: Torkoal|Eruption|p2b: Landorus|[spread] p2a,p2b\n|-damage|p2a: Polteageist|30\/100\n|-damage|p2b: Landorus|0 fnt\n|faint|p2b: Landorus\n|\n|-weather|SunnyDay|[upkeep]\n|-heal|p2a: Polteageist|36\/100|[from] Grassy Terrain\n|upkeep\n|c|\u2606LC Council|??????\n|c|\u2606LC Council|i can just switch\n|inactive|papelu has 120 seconds left.\n|\n|t:|1698973912\n|switch|p2b: Enamorus|Enamorus, F|100\/100\n|turn|2\n|inactive|papelu has 120 seconds left.\n|\n|t:|1698973930\n|move|p1b: Rillaboom|Grassy Glide|p2a: Polteageist\n|-damage|p2a: Polteageist|0 fnt\n|faint|p2a: Polteageist\n|move|p2b: Enamorus|Superpower|p1a: Torkoal\n|-damage|p1a: Torkoal|77\/100\n|-boost|p2b: Enamorus|atk|1\n|-boost|p2b: Enamorus|def|1\n|move|p1a: Torkoal|Eruption|p2b: Enamorus\n|-damage|p2b: Enamorus|29\/100\n|\n|-weather|SunnyDay|[upkeep]\n|-heal|p1a: Torkoal|84\/100|[from] Grassy Terrain\n|upkeep\n|\n|t:|1698973940\n|switch|p2a: Thundurus|Thundurus, M|100\/100\n|turn|3\n|\n|t:|1698973952\n|switch|p1b: Sinistcha|Sinistcha|100\/100\n|-heal|p1a: Torkoal|100\/100|[from] ability: Hospitality|[of] p1b: Sinistcha\n|move|p1a: Torkoal|Protect|p1a: Torkoal\n|-singleturn|p1a: Torkoal|Protect\n|move|p2b: Enamorus|Earth Power|p1a: Torkoal\n|-activate|p1a: Torkoal|move: Protect\n|move|p2a: Thundurus|Wildbolt Storm|p1b: Sinistcha|[spread] p1b\n|-activate|p1a: Torkoal|move: Protect\n|-resisted|p1b: Sinistcha\n|-damage|p1b: Sinistcha|74\/100\n|\n|-weather|SunnyDay|[upkeep]\n|-heal|p1b: Sinistcha|81\/100|[from] Grassy Terrain\n|upkeep\n|turn|4\n|\n|t:|1698973968\n|switch|p1a: Arboliva|Arboliva, M|100\/100\n|move|p2a: Thundurus|Eerie Impulse|p2b: Enamorus\n|-boost|p2b: Enamorus|spa|2\n|move|p2b: Enamorus|Dazzling Gleam|p1b: Sinistcha|[spread] p1a,p1b\n|-damage|p1a: Arboliva|39\/100\n|-damage|p1b: Sinistcha|5\/100\n|-enditem|p1a: Arboliva|Sitrus Berry|[eat]\n|-heal|p1a: Arboliva|64\/100|[from] item: Sitrus Berry\n|move|p1b: Sinistcha|Trick Room|p1b: Sinistcha\n|-fieldstart|move: Trick Room|[of] p1b: Sinistcha\n|\n|-weather|SunnyDay|[upkeep]\n|-heal|p1a: Arboliva|70\/100|[from] Grassy Terrain\n|-heal|p1b: Sinistcha|11\/100|[from] Grassy Terrain\n|-item|p1a: Arboliva|Sitrus Berry|[from] ability: Harvest\n|upkeep\n|turn|5\n|inactive|LC Council has 120 seconds left.\n|inactive|LC Council has 90 seconds left.\n|\n|t:|1698974041\n|move|p2a: Thundurus|Eerie Impulse|p1a: Arboliva\n|-unboost|p1a: Arboliva|spa|2\n|move|p1a: Arboliva|Hyper Voice|p2b: Enamorus|[spread] p2a,p2b\n|-damage|p2a: Thundurus|80\/100\n|-damage|p2b: Enamorus|13\/100\n|move|p1b: Sinistcha|Matcha Gotcha|p2b: Enamorus|[spread] p2a\n|-miss|p1b: Sinistcha|p2b: Enamorus\n|-resisted|p2a: Thundurus\n|-damage|p2a: Thundurus|59\/100\n|-heal|p1b: Sinistcha|22\/100|[from] drain|[of] p2a: Thundurus\n|move|p2b: Enamorus|Dazzling Gleam|p1a: Arboliva|[spread] p1a,p1b\n|-damage|p1a: Arboliva|18\/100\n|-damage|p1b: Sinistcha|0 fnt\n|-enditem|p1a: Arboliva|Sitrus Berry|[eat]\n|-heal|p1a: Arboliva|43\/100|[from] item: Sitrus Berry\n|faint|p1b: Sinistcha\n|\n|-weather|SunnyDay|[upkeep]\n|-heal|p1a: Arboliva|49\/100|[from] Grassy Terrain\n|-fieldend|move: Grassy Terrain\n|-item|p1a: Arboliva|Sitrus Berry|[from] ability: Harvest\n|upkeep\n|-enditem|p1a: Arboliva|Sitrus Berry|[eat]\n|-heal|p1a: Arboliva|74\/100|[from] item: Sitrus Berry\n|inactive|LC Council has 60 seconds left.\n|\n|t:|1698974089\n|switch|p1b: Rillaboom|Rillaboom, F|100\/100\n|-fieldstart|move: Grassy Terrain|[from] ability: Grassy Surge|[of] p1b: Rillaboom\n|turn|6\n|inactive|LC Council has 60 seconds left.\n|inactive|papelu has 120 seconds left.\n|\n|t:|1698974123\n|move|p1b: Rillaboom|Fake Out|p2b: Enamorus\n|-damage|p2b: Enamorus|0 fnt\n|faint|p2b: Enamorus\n|move|p2a: Thundurus|Rain Dance|p2a: Thundurus\n|-weather|RainDance\n|move|p1a: Arboliva|Solar Beam||[still]\n|-prepare|p1a: Arboliva|Solar Beam\n|\n|-weather|RainDance|[upkeep]\n|-heal|p1a: Arboliva|80\/100|[from] Grassy Terrain\n|upkeep\n|inactive|papelu has 120 seconds left.\n|\n|t:|1698974132\n|switch|p2b: Tornadus|Tornadus, M|100\/100\n|turn|7\n|\n|t:|1698974155\n|switch|p1b: Torkoal|Torkoal, F|100\/100\n|-weather|SunnyDay|[from] ability: Drought|[of] p1b: Torkoal\n|move|p2a: Thundurus|Rain Dance|p2a: Thundurus\n|-weather|RainDance\n|move|p2b: Tornadus|Nasty Plot|p2b: Tornadus\n|-boost|p2b: Tornadus|spa|2\n|move|p1a: Arboliva|Solar Beam|p2a: Thundurus|[from]lockedmove\n|-resisted|p2a: Thundurus\n|-damage|p2a: Thundurus|47\/100\n|-enditem|p2a: Thundurus|Sitrus Berry|[eat]\n|-heal|p2a: Thundurus|72\/100|[from] item: Sitrus Berry\n|\n|-weather|RainDance|[upkeep]\n|-heal|p1a: Arboliva|86\/100|[from] Grassy Terrain\n|upkeep\n|turn|8\n|inactive|LC Council has 90 seconds left.\n|\n|t:|1698974180\n|switch|p1a: Rillaboom|Rillaboom, F|100\/100\n|switch|p1b: Lilligant|Lilligant-Hisui, F|100\/100\n|move|p2b: Tornadus|Tailwind|p2b: Tornadus\n|-sidestart|p2: papelu|move: Tailwind\n|move|p2a: Thundurus|Wildbolt Storm|p1a: Rillaboom|[spread] p1a,p1b\n|-resisted|p1a: Rillaboom\n|-resisted|p1b: Lilligant\n|-damage|p1a: Rillaboom|83\/100\n|-damage|p1b: Lilligant|71\/100\n|\n|-weather|RainDance|[upkeep]\n|-heal|p1a: Rillaboom|89\/100|[from] Grassy Terrain\n|-heal|p1b: Lilligant|77\/100|[from] Grassy Terrain\n|-fieldend|move: Trick Room\n|upkeep\n|turn|9\n|\n|t:|1698974198\n|switch|p1b: Torkoal|Torkoal, F|100\/100\n|-weather|SunnyDay|[from] ability: Drought|[of] p1b: Torkoal\n|move|p1a: Rillaboom|Fake Out|p2a: Thundurus\n|-damage|p2a: Thundurus|55\/100\n|cant|p2a: Thundurus|flinch\n|move|p2b: Tornadus|Hurricane|p1b: Torkoal|[miss]\n|-miss|p2b: Tornadus|p1b: Torkoal\n|\n|-weather|SunnyDay|[upkeep]\n|-heal|p1a: Rillaboom|95\/100|[from] Grassy Terrain\n|upkeep\n|turn|10\n|inactive|LC Council has 120 seconds left.\n|\n|t:|1698974217\n|switch|p1a: Arboliva|Arboliva, M|86\/100\n|switch|p1b: Shaymin|Shaymin-Sky|100\/100\n|move|p2a: Thundurus|Rain Dance|p2a: Thundurus\n|-weather|RainDance\n|move|p2b: Tornadus|Hurricane|p1b: Shaymin\n|-supereffective|p1b: Shaymin\n|-damage|p1b: Shaymin|0 fnt\n|faint|p1b: Shaymin\n|-damage|p2b: Tornadus|91\/100|[from] item: Life Orb\n|\n|-weather|RainDance|[upkeep]\n|-heal|p1a: Arboliva|92\/100|[from] Grassy Terrain\n|-fieldend|move: Grassy Terrain\n|upkeep\n|\n|t:|1698974219\n|switch|p1b: Torkoal|Torkoal, F|100\/100\n|-weather|SunnyDay|[from] ability: Drought|[of] p1b: Torkoal\n|turn|11\n|\n|t:|1698974238\n|move|p2a: Thundurus|Rain Dance|p2a: Thundurus\n|-weather|RainDance\n|move|p2b: Tornadus|Hurricane|p1b: Torkoal\n|-damage|p1b: Torkoal|0 fnt\n|faint|p1b: Torkoal\n|-damage|p2b: Tornadus|81\/100|[from] item: Life Orb\n|move|p1a: Arboliva|Hyper Voice|p2a: Thundurus|[spread] p2a,p2b\n|-damage|p2a: Thundurus|15\/100\n|-damage|p2b: Tornadus|31\/100\n|\n|-weather|RainDance|[upkeep]\n|-sideend|p2: papelu|move: Tailwind\n|-item|p1a: Arboliva|Sitrus Berry|[from] ability: Harvest\n|upkeep\n|\n|t:|1698974244\n|switch|p1b: Rillaboom|Rillaboom, F|95\/100\n|-fieldstart|move: Grassy Terrain|[from] ability: Grassy Surge|[of] p1b: Rillaboom\n|turn|12\n|inactive|papelu has 120 seconds left.\n|\n|t:|1698974277\n|switch|p2b: Tinkaton|Tinkaton, F|100\/100\n|-ability|p2b: Tinkaton|Mold Breaker\n|move|p1b: Rillaboom|Fake Out|p2b: Tinkaton\n|-resisted|p2b: Tinkaton\n|-damage|p2b: Tinkaton|93\/100\n|move|p2a: Thundurus|Eerie Impulse|p1a: Arboliva\n|-unboost|p1a: Arboliva|spa|2\n|move|p1a: Arboliva|Hyper Voice|p2b: Tinkaton|[spread] p2a,p2b\n|-resisted|p2b: Tinkaton\n|-damage|p2a: Thundurus|0 fnt\n|-damage|p2b: Tinkaton|87\/100\n|faint|p2a: Thundurus\n|\n|-weather|RainDance|[upkeep]\n|-heal|p1b: Rillaboom|100\/100|[from] Grassy Terrain\n|-heal|p2b: Tinkaton|93\/100|[from] Grassy Terrain\n|-heal|p1a: Arboliva|99\/100|[from] Grassy Terrain\n|upkeep\n|inactive|papelu has 120 seconds left.\n|\n|t:|1698974289\n|switch|p2a: Tornadus|Tornadus, M|31\/100\n|turn|13\n|\n|t:|1698974301\n|switch|p1a: Lilligant|Lilligant-Hisui, F|77\/100\n|move|p2b: Tinkaton|Fake Out|p1b: Rillaboom\n|-damage|p1b: Rillaboom|92\/100\n|move|p2a: Tornadus|Hurricane|p1b: Rillaboom\n|-supereffective|p1b: Rillaboom\n|-damage|p1b: Rillaboom|0 fnt\n|faint|p1b: Rillaboom\n|-damage|p2a: Tornadus|21\/100|[from] item: Life Orb\n|\n|-weather|RainDance|[upkeep]\n|-heal|p1a: Lilligant|83\/100|[from] Grassy Terrain\n|-heal|p2b: Tinkaton|99\/100|[from] Grassy Terrain\n|upkeep\n|\n|t:|1698974308\n|switch|p1b: Arboliva|Arboliva, M|99\/100\n|turn|14\n|\n|t:|1698974322\n|move|p2a: Tornadus|Hurricane|p1a: Lilligant\n|-supereffective|p1a: Lilligant\n|-damage|p1a: Lilligant|0 fnt\n|faint|p1a: Lilligant\n|-damage|p2a: Tornadus|11\/100|[from] item: Life Orb\n|move|p2b: Tinkaton|Gigaton Hammer|p1b: Arboliva\n|-damage|p1b: Arboliva|44\/100\n|-enditem|p1b: Arboliva|Sitrus Berry|[eat]\n|-heal|p1b: Arboliva|69\/100|[from] item: Sitrus Berry\n|move|p1b: Arboliva|Earth Power|p2b: Tinkaton\n|-supereffective|p2b: Tinkaton\n|-damage|p2b: Tinkaton|57\/100\n|\n|-weather|RainDance|[upkeep]\n|-heal|p2b: Tinkaton|63\/100|[from] Grassy Terrain\n|-heal|p1b: Arboliva|75\/100|[from] Grassy Terrain\n|-item|p1b: Arboliva|Sitrus Berry|[from] ability: Harvest\n|upkeep\n|turn|15\n|\n|t:|1698974341\n|move|p2a: Tornadus|Hurricane|p1b: Arboliva\n|-supereffective|p1b: Arboliva\n|-damage|p1b: Arboliva|0 fnt\n|faint|p1b: Arboliva\n|-damage|p2a: Tornadus|2\/100|[from] item: Life Orb\n|\n|win|papelu\n|raw|LC Council's rating: 1327 &rarr; <strong>1306<\/strong><br \/>(-21 for losing)\n|raw|papelu's rating: 1309 &rarr; <strong>1330<\/strong><br \/>(+21 for winning)\n|l|\u2606LC Council\n","uploadtime":1698974354,"views":19,"p1id":"lccouncil","p2id":"papelu","formatid":"gen9doublesou","rating":1306,"private":0,"password":""}