{"id":"gen9doublesou-1994250777","p1":"DripDrop1","p2":"Hacker Reporter 2","format":"[Gen 9] Doubles OU","log":"|j|\u2606DripDrop1\n|j|\u2606Hacker Reporter 2\n|t:|1700423511\n|gametype|doubles\n|player|p1|DripDrop1|idol|1111\n|player|p2|Hacker Reporter 2|101|1041\n|teamsize|p1|6\n|teamsize|p2|6\n|gen|9\n|tier|[Gen 9] Doubles OU\n|rated|\n|rule|Species Clause: Limit one of each Pok\u00e9mon\n|rule|OHKO Clause: OHKO moves are banned\n|rule|Evasion Moves Clause: Evasion moves are banned\n|rule|Gravity Sleep Clause: The combination of sleep-inducing moves with imperfect accuracy and Gravity or Gigantamax Orbeetle are banned\n|rule|Endless Battle Clause: Forcing endless battles is banned\n|rule|HP Percentage Mod: HP is shown in percentages\n|clearpoke\n|poke|p1|Garchomp, F|\n|poke|p1|Staraptor, F|\n|poke|p1|Lucario, M|\n|poke|p1|Luxray, M|\n|poke|p1|Infernape, F|\n|poke|p1|Greninja-*, M|\n|poke|p2|Orthworm, M|\n|poke|p2|Ursaluna-Bloodmoon, M|\n|poke|p2|Sandaconda, F|\n|poke|p2|Torterra, M|\n|poke|p2|Hippowdon, M|\n|poke|p2|Clodsire, M|\n|teampreview\n|inactive|Battle timer is ON: inactive players will automatically lose when time's up. (requested by Hacker Reporter 2)\n|\n|t:|1700423525\n|start\n|switch|p1a: Staraptor|Staraptor, F|100\/100\n|switch|p1b: Luxray|Luxray, M|100\/100\n|switch|p2a: Hippowdon|Hippowdon, M|100\/100\n|switch|p2b: Clodsire|Clodsire, M|100\/100\n|-ability|p1a: Staraptor|Intimidate|boost\n|-unboost|p2a: Hippowdon|atk|1\n|-unboost|p2b: Clodsire|atk|1\n|-ability|p1b: Luxray|Intimidate|boost\n|-unboost|p2a: Hippowdon|atk|1\n|-unboost|p2b: Clodsire|atk|1\n|turn|1\n|\n|t:|1700423545\n|move|p1a: Staraptor|Tailwind|p1a: Staraptor\n|-sidestart|p1: DripDrop1|move: Tailwind\n|move|p1b: Luxray|Agility|p1b: Luxray\n|-boost|p1b: Luxray|spe|2\n|move|p2a: Hippowdon|Rock Slide|p1a: Staraptor|[spread] p1a,p1b\n|-supereffective|p1a: Staraptor\n|-damage|p1a: Staraptor|70\/100\n|-damage|p1b: Luxray|87\/100\n|move|p2b: Clodsire|Toxic Spikes|p1b: Luxray\n|-sidestart|p1: DripDrop1|move: Toxic Spikes\n|\n|-heal|p1b: Luxray|93\/100|[from] item: Leftovers\n|upkeep\n|turn|2\n|inactive|DripDrop1 has 120 seconds left.\n|\n|t:|1700423577\n|move|p1a: Staraptor|Protect|p1a: Staraptor\n|-singleturn|p1a: Staraptor|Protect\n|move|p1b: Luxray|Trailblaze|p2a: Hippowdon\n|-supereffective|p2a: Hippowdon\n|-damage|p2a: Hippowdon|73\/100\n|-boost|p1b: Luxray|spe|1\n|move|p2b: Clodsire|Stealth Rock|p1b: Luxray\n|-sidestart|p1: DripDrop1|move: Stealth Rock\n|move|p2a: Hippowdon|Whirlwind|p1b: Luxray\n|drag|p1b: Infernape|Infernape, F|100\/100\n|-status|p1b: Infernape|psn\n|-damage|p1b: Infernape|88\/100 psn|[from] Stealth Rock\n|\n|-heal|p2a: Hippowdon|79\/100|[from] item: Leftovers\n|-damage|p1b: Infernape|76\/100 psn|[from] psn\n|upkeep\n|turn|3\n|inactive|DripDrop1 has 120 seconds left.\n|\n|t:|1700423603\n|switch|p2a: Sandaconda|Sandaconda, F|100\/100\n|move|p1b: Infernape|Raging Fury|p2b: Clodsire\n|-damage|p2b: Clodsire|45\/100\n|move|p1a: Staraptor|U-turn|p2a: Sandaconda\n|-damage|p2a: Sandaconda|82\/100\n|-weather|Sandstorm|[from] ability: Sand Spit|[of] p2a: Sandaconda\n|inactive|DripDrop1 has 120 seconds left.\n|\n|t:|1700423614\n|switch|p1a: Greninja|Greninja, M|100\/100|[from] U-turn\n|-status|p1a: Greninja|psn\n|-damage|p1a: Greninja|88\/100 psn|[from] Stealth Rock\n|move|p2b: Clodsire|Toxic||[still]\n|-fail|p2b: Clodsire\n|\n|-weather|Sandstorm|[upkeep]\n|-damage|p1b: Infernape|70\/100 psn|[from] Sandstorm\n|-damage|p1a: Greninja|82\/100 psn|[from] Sandstorm\n|-heal|p2a: Sandaconda|88\/100|[from] item: Leftovers\n|-heal|p2b: Clodsire|51\/100|[from] item: Black Sludge\n|-damage|p1b: Infernape|57\/100 psn|[from] psn\n|-damage|p1a: Greninja|70\/100 psn|[from] psn\n|upkeep\n|turn|4\n|\n|t:|1700423635\n|-terastallize|p1a: Greninja|Water\n|move|p1a: Greninja|Water Shuriken|p2a: Sandaconda\n|-supereffective|p2a: Sandaconda\n|-damage|p2a: Sandaconda|53\/100\n|-supereffective|p2a: Sandaconda\n|-damage|p2a: Sandaconda|15\/100\n|-hitcount|p2a: Sandaconda|2\n|move|p1b: Infernape|Raging Fury|p2a: Sandaconda|[from]lockedmove\n|-damage|p2a: Sandaconda|0 fnt\n|faint|p2a: Sandaconda\n|-start|p1b: Infernape|confusion|[fatigue]\n|move|p2b: Clodsire|Spikes|p1b: Infernape\n|-sidestart|p1: DripDrop1|Spikes\n|\n|-weather|Sandstorm|[upkeep]\n|-damage|p1b: Infernape|51\/100 psn|[from] Sandstorm\n|-damage|p1a: Greninja|64\/100 psn|[from] Sandstorm\n|-heal|p2b: Clodsire|57\/100|[from] item: Black Sludge\n|-damage|p1b: Infernape|39\/100 psn|[from] psn\n|-damage|p1a: Greninja|52\/100 psn|[from] psn\n|-sideend|p1: DripDrop1|move: Tailwind\n|upkeep\n|inactive|Hacker Reporter 2 has 120 seconds left.\n|\n|t:|1700423652\n|switch|p2a: Torterra|Torterra, M|100\/100\n|turn|5\n|\n|t:|1700423678\n|move|p1a: Greninja|Water Shuriken|p2a: Torterra\n|-damage|p2a: Torterra|87\/100\n|-damage|p2a: Torterra|73\/100\n|-hitcount|p2a: Torterra|2\n|-activate|p1b: Infernape|confusion\n|-damage|p1b: Infernape|20\/100 psn|[from] confusion\n|move|p2a: Torterra|Stockpile|p2a: Torterra\n|-start|p2a: Torterra|stockpile1\n|-boost|p2a: Torterra|def|1\n|-boost|p2a: Torterra|spd|1\n|move|p2b: Clodsire|Toxic Spikes|p1b: Infernape\n|-sidestart|p1: DripDrop1|move: Toxic Spikes\n|\n|-weather|Sandstorm|[upkeep]\n|-damage|p1b: Infernape|14\/100 psn|[from] Sandstorm\n|-damage|p1a: Greninja|46\/100 psn|[from] Sandstorm\n|-heal|p2b: Clodsire|63\/100|[from] item: Black Sludge\n|-damage|p1b: Infernape|2\/100 psn|[from] psn\n|-damage|p1a: Greninja|33\/100 psn|[from] psn\n|upkeep\n|turn|6\n|\n|t:|1700423696\n|move|p1a: Greninja|Water Shuriken|p2a: Torterra\n|-crit|p2a: Torterra\n|-damage|p2a: Torterra|54\/100\n|-damage|p2a: Torterra|45\/100\n|-hitcount|p2a: Torterra|2\n|-end|p1b: Infernape|confusion\n|move|p1b: Infernape|Raging Fury|p2b: Clodsire\n|-damage|p2b: Clodsire|3\/100\n|move|p2a: Torterra|Stockpile|p2a: Torterra\n|-start|p2a: Torterra|stockpile2\n|-boost|p2a: Torterra|def|1\n|-boost|p2a: Torterra|spd|1\n|move|p2b: Clodsire|Toxic Spikes||[still]\n|-fail|p2b: Clodsire\n|\n|-weather|Sandstorm|[upkeep]\n|-damage|p1b: Infernape|0 fnt|[from] Sandstorm\n|-damage|p1a: Greninja|28\/100 psn|[from] Sandstorm\n|faint|p1b: Infernape\n|-heal|p2b: Clodsire|9\/100|[from] item: Black Sludge\n|-damage|p1a: Greninja|15\/100 psn|[from] psn\n|upkeep\n|\n|t:|1700423714\n|switch|p1b: Garchomp|Garchomp, F|100\/100\n|-status|p1b: Garchomp|tox\n|-damage|p1b: Garchomp|94\/100 tox|[from] Stealth Rock\n|-damage|p1b: Garchomp|82\/100 tox|[from] Spikes\n|turn|7\n|\n|t:|1700423726\n|switch|p2b: Hippowdon|Hippowdon, M|79\/100\n|move|p1a: Greninja|Water Shuriken|p2a: Torterra\n|-damage|p2a: Torterra|38\/100\n|-damage|p2a: Torterra|31\/100\n|-damage|p2a: Torterra|23\/100\n|-hitcount|p2a: Torterra|3\n|move|p1b: Garchomp|Swords Dance|p1b: Garchomp\n|-boost|p1b: Garchomp|atk|2\n|move|p2a: Torterra|Leech Seed|p1b: Garchomp\n|-start|p1b: Garchomp|move: Leech Seed\n|\n|-weather|none\n|-heal|p2b: Hippowdon|85\/100|[from] item: Leftovers\n|-damage|p1b: Garchomp|70\/100 tox|[from] Leech Seed|[of] p2a: Torterra\n|-heal|p2a: Torterra|38\/100|[silent]\n|-damage|p1a: Greninja|3\/100 psn|[from] psn\n|-damage|p1b: Garchomp|64\/100 tox|[from] psn\n|upkeep\n|turn|8\n|\n|t:|1700423752\n|move|p1a: Greninja|Water Shuriken|p2b: Hippowdon\n|-supereffective|p2b: Hippowdon\n|-damage|p2b: Hippowdon|56\/100\n|-supereffective|p2b: Hippowdon\n|-damage|p2b: Hippowdon|28\/100\n|-supereffective|p2b: Hippowdon\n|-damage|p2b: Hippowdon|0 fnt\n|faint|p2b: Hippowdon\n|-ability|p1a: Greninja|Battle Bond|boost\n|-boost|p1a: Greninja|atk|1\n|-boost|p1a: Greninja|spa|1\n|-boost|p1a: Greninja|spe|1\n|-activate|p1a: Greninja|ability: Battle Bond\n|-hitcount|p2: Hippowdon|3\n|move|p1b: Garchomp|Earthquake|p2a: Torterra|[spread] p1a,p2a\n|-resisted|p2a: Torterra\n|-damage|p1a: Greninja|0 fnt\n|-damage|p2a: Torterra|27\/100\n|faint|p1a: Greninja\n|move|p2a: Torterra|Leech Seed||[still]\n|-fail|p2a: Torterra\n|\n|-damage|p1b: Garchomp|51\/100 tox|[from] Leech Seed|[of] p2a: Torterra\n|-heal|p2a: Torterra|41\/100|[silent]\n|-damage|p1b: Garchomp|39\/100 tox|[from] psn\n|upkeep\n|inactive|DripDrop1 has 120 seconds left.\n|\n|t:|1700423794\n|switch|p1a: Luxray|Luxray, M|93\/100\n|switch|p2b: Clodsire|Clodsire, M|9\/100\n|-status|p1a: Luxray|tox\n|-damage|p1a: Luxray|81\/100 tox|[from] Stealth Rock\n|-damage|p1a: Luxray|68\/100 tox|[from] Spikes\n|-ability|p1a: Luxray|Intimidate|boost\n|-unboost|p2a: Torterra|atk|1\n|-unboost|p2b: Clodsire|atk|1\n|turn|9\n|\n|t:|1700423806\n|move|p1b: Garchomp|Poison Jab|p2a: Torterra\n|-damage|p2a: Torterra|25\/100\n|move|p1a: Luxray|Trailblaze|p2b: Clodsire\n|-damage|p2b: Clodsire|0 fnt\n|-boost|p1a: Luxray|spe|1\n|faint|p2b: Clodsire\n|move|p2a: Torterra|Leech Seed|p1a: Luxray\n|-start|p1a: Luxray|move: Leech Seed\n|\n|-heal|p1a: Luxray|74\/100 tox|[from] item: Leftovers\n|-damage|p1a: Luxray|62\/100 tox|[from] Leech Seed|[of] p2a: Torterra\n|-heal|p2a: Torterra|37\/100|[silent]\n|-damage|p1b: Garchomp|27\/100 tox|[from] Leech Seed|[of] p2a: Torterra\n|-heal|p2a: Torterra|52\/100|[silent]\n|-damage|p1a: Luxray|56\/100 tox|[from] psn\n|-damage|p1b: Garchomp|8\/100 tox|[from] psn\n|upkeep\n|\n|t:|1700423836\n|switch|p2b: Ursaluna|Ursaluna-Bloodmoon, M|100\/100\n|turn|10\n|\n|t:|1700423850\n|move|p1a: Luxray|Thunder Wave|p2b: Ursaluna\n|-immune|p2b: Ursaluna\n|move|p1b: Garchomp|Liquidation|p2b: Ursaluna\n|-supereffective|p2b: Ursaluna\n|-damage|p2b: Ursaluna|19\/100\n|-unboost|p2b: Ursaluna|def|1\n|move|p2a: Torterra|Substitute|p2a: Torterra\n|-start|p2a: Torterra|Substitute\n|-damage|p2a: Torterra|27\/100\n|move|p2b: Ursaluna|Roar|p1a: Luxray\n|drag|p1a: Lucario|Lucario, M|100\/100\n|-damage|p1a: Lucario|98\/100|[from] Stealth Rock\n|-damage|p1a: Lucario|85\/100|[from] Spikes\n|\n|-heal|p2b: Ursaluna|25\/100|[from] item: Leftovers\n|-damage|p1b: Garchomp|0 fnt|[from] Leech Seed|[of] p2a: Torterra\n|-heal|p2a: Torterra|36\/100|[silent]\n|faint|p1b: Garchomp\n|upkeep\n|\n|t:|1700423868\n|switch|p1b: Luxray|Luxray, M|56\/100 tox\n|-damage|p1b: Luxray|44\/100 tox|[from] Stealth Rock\n|-damage|p1b: Luxray|31\/100 tox|[from] Spikes\n|-ability|p1b: Luxray|Intimidate|boost\n|-immune|p2a: Torterra\n|-unboost|p2b: Ursaluna|atk|1\n|turn|11\n|inactive|Hacker Reporter 2 has 120 seconds left.\n|\n|t:|1700423902\n|move|p1a: Lucario|Ice Punch|p2a: Torterra\n|-supereffective|p2a: Torterra\n|-crit|p2a: Torterra\n|-end|p2a: Torterra|Substitute\n|move|p1b: Luxray|Trailblaze|p2b: Ursaluna\n|-supereffective|p2b: Ursaluna\n|-damage|p2b: Ursaluna|0 fnt\n|-boost|p1b: Luxray|spe|1\n|faint|p2b: Ursaluna\n|move|p2a: Torterra|Leech Seed|p1a: Lucario\n|-start|p1a: Lucario|move: Leech Seed\n|\n|-heal|p1b: Luxray|37\/100 tox|[from] item: Leftovers\n|-damage|p1a: Lucario|73\/100|[from] Leech Seed|[of] p2a: Torterra\n|-heal|p2a: Torterra|47\/100|[silent]\n|-damage|p1b: Luxray|31\/100 tox|[from] psn\n|upkeep\n|inactive|Hacker Reporter 2 has 120 seconds left.\n|\n|t:|1700423910\n|switch|p2b: Orthworm|Orthworm, M|100\/100\n|turn|12\n|\n|t:|1700423930\n|move|p1b: Luxray|Thunder Wave|p2b: Orthworm\n|-status|p2b: Orthworm|par\n|move|p1a: Lucario|Ice Punch|p2a: Torterra\n|-supereffective|p2a: Torterra\n|-damage|p2a: Torterra|20\/100\n|-status|p2a: Torterra|frz\n|cant|p2a: Torterra|frz\n|cant|p2b: Orthworm|par\n|\n|-heal|p1b: Luxray|37\/100 tox|[from] item: Leftovers\n|-damage|p1a: Lucario|60\/100|[from] Leech Seed|[of] p2a: Torterra\n|-heal|p2a: Torterra|31\/100 frz|[silent]\n|-damage|p1b: Luxray|25\/100 tox|[from] psn\n|upkeep\n|turn|13\n|\n|t:|1700423956\n|move|p1b: Luxray|Trailblaze|p2a: Torterra\n|-damage|p2a: Torterra|25\/100 frz\n|-boost|p1b: Luxray|spe|1\n|move|p1a: Lucario|Ice Punch|p2a: Torterra\n|-supereffective|p2a: Torterra\n|-damage|p2a: Torterra|0 fnt\n|faint|p2a: Torterra\n|move|p2b: Orthworm|Iron Defense|p2b: Orthworm\n|-boost|p2b: Orthworm|def|2\n|\n|-heal|p1b: Luxray|31\/100 tox|[from] item: Leftovers\n|-damage|p1b: Luxray|13\/100 tox|[from] psn\n|upkeep\n|turn|14\n|\n|t:|1700423977\n|move|p1b: Luxray|Wild Charge|p2b: Orthworm\n|-damage|p2b: Orthworm|82\/100 par\n|-damage|p1b: Luxray|8\/100 tox|[from] Recoil\n|move|p1a: Lucario|Close Combat|p2b: Orthworm\n|-supereffective|p2b: Orthworm\n|-damage|p2b: Orthworm|40\/100 par\n|-unboost|p1a: Lucario|def|1\n|-unboost|p1a: Lucario|spd|1\n|move|p2b: Orthworm|Body Press|p1a: Lucario\n|-supereffective|p1a: Lucario\n|-damage|p1a: Lucario|0 fnt\n|faint|p1a: Lucario\n|\n|-heal|p1b: Luxray|14\/100 tox|[from] item: Leftovers\n|-damage|p1b: Luxray|0 fnt|[from] psn\n|faint|p1b: Luxray\n|upkeep\n|inactive|DripDrop1 has 120 seconds left.\n|\n|t:|1700423994\n|switch|p1b: Staraptor|Staraptor, F|70\/100\n|-damage|p1b: Staraptor|46\/100|[from] Stealth Rock\n|-ability|p1b: Staraptor|Intimidate|boost\n|-unboost|p2b: Orthworm|atk|1\n|turn|15\n|\n|t:|1700424009\n|move|p1b: Staraptor|Protect|p1b: Staraptor\n|-singleturn|p1b: Staraptor|Protect\n|cant|p2b: Orthworm|par\n|\n|upkeep\n|turn|16\n|\n|t:|1700424016\n|move|p1b: Staraptor|Facade|p2b: Orthworm\n|-resisted|p2b: Orthworm\n|-damage|p2b: Orthworm|33\/100 par\n|cant|p2b: Orthworm|par\n|\n|upkeep\n|turn|17\n|\n|t:|1700424025\n|move|p1b: Staraptor|Facade|p2b: Orthworm\n|-resisted|p2b: Orthworm\n|-damage|p2b: Orthworm|27\/100 par\n|move|p2b: Orthworm|Smack Down|p1b: Staraptor\n|-supereffective|p1b: Staraptor\n|-damage|p1b: Staraptor|27\/100\n|-start|p1b: Staraptor|Smack Down\n|\n|upkeep\n|turn|18\n|\n|t:|1700424042\n|move|p1b: Staraptor|Facade|p2b: Orthworm\n|-resisted|p2b: Orthworm\n|-damage|p2b: Orthworm|21\/100 par\n|-enditem|p2b: Orthworm|Aguav Berry|[eat]\n|-heal|p2b: Orthworm|54\/100 par|[from] item: Aguav Berry\n|cant|p2b: Orthworm|par\n|\n|upkeep\n|turn|19\n|\n|t:|1700424059\n|move|p1b: Staraptor|Facade|p2b: Orthworm\n|-resisted|p2b: Orthworm\n|-damage|p2b: Orthworm|47\/100 par\n|cant|p2b: Orthworm|par\n|\n|upkeep\n|turn|20\n|\n|t:|1700424067\n|move|p1b: Staraptor|Facade|p2b: Orthworm\n|-resisted|p2b: Orthworm\n|-damage|p2b: Orthworm|41\/100 par\n|cant|p2b: Orthworm|par\n|\n|upkeep\n|turn|21\n|c|\u2606Hacker Reporter 2|dude  you fucking hacker\n|\n|t:|1700424089\n|move|p1b: Staraptor|Facade|p2b: Orthworm\n|-resisted|p2b: Orthworm\n|-damage|p2b: Orthworm|35\/100 par\n|cant|p2b: Orthworm|par\n|\n|upkeep\n|turn|22\n|c|\u2606DripDrop1|wdym\n|c|\u2606Hacker Reporter 2|ok your reported\n|c|\u2606Hacker Reporter 2|4 times in a fucking row\n|c|\u2606DripDrop1|why\n|c|\u2606DripDrop1|its just ur bad luck im sorry\n|inactive|DripDrop1 has 120 seconds left.\n|c|\u2606Hacker Reporter 2|paralyzed 4 times in a row\n|c|\u2606Hacker Reporter 2|so obvious you hacker\n|c|\u2606DripDrop1|my friend gets it worse\n|c|\u2606DripDrop1|IM NOT\n|\n|t:|1700424131\n|move|p1b: Staraptor|Facade|p2b: Orthworm\n|-resisted|p2b: Orthworm\n|-damage|p2b: Orthworm|30\/100 par\n|cant|p2b: Orthworm|par\n|\n|upkeep\n|turn|23\n|c|\u2606Hacker Reporter 2|5\n|c|\u2606Hacker Reporter 2|5\n|c|\u2606Hacker Reporter 2|times\n|c|\u2606Hacker Reporter 2|dude\n|inactive|DripDrop1 has 120 seconds left.\n|c|\u2606DripDrop1|ik its unlucky im sorry for u\n|\n|t:|1700424150\n|move|p1b: Staraptor|Facade|p2b: Orthworm\n|-resisted|p2b: Orthworm\n|-damage|p2b: Orthworm|24\/100 par\n|move|p2b: Orthworm|Body Press|p1b: Staraptor\n|-damage|p1b: Staraptor|0 fnt\n|faint|p1b: Staraptor\n|\n|win|Hacker Reporter 2\n|raw|DripDrop1's rating: 1111 &rarr; <strong>1081<\/strong><br \/>(-30 for losing)\n|raw|Hacker Reporter 2's rating: 1041 &rarr; <strong>1082<\/strong><br \/>(+41 for winning)\n","uploadtime":1700424081,"views":3,"p1id":"dripdrop1","p2id":"hackerreporter2","formatid":"gen9doublesou","rating":1081,"private":0,"password":""}