{"id":"gen9doublesou-1980778382","p1":"keykiko","p2":"Goatfaceleafbrain","format":"[Gen 9] Doubles OU","log":"|j|\u2606keykiko\n|j|\u2606Goatfaceleafbrain\n|t:|1698831406\n|gametype|doubles\n|player|p1|keykiko|lillie|1148\n|player|p2|Goatfaceleafbrain|alder|1213\n|teamsize|p1|6\n|teamsize|p2|6\n|gen|9\n|tier|[Gen 9] Doubles OU\n|rated|\n|rule|Species Clause: Limit one of each Pok\u00e9mon\n|rule|OHKO Clause: OHKO moves are banned\n|rule|Evasion Moves Clause: Evasion moves are banned\n|rule|Gravity Sleep Clause: The combination of sleep-inducing moves with imperfect accuracy and Gravity or Gigantamax Orbeetle are banned\n|rule|Endless Battle Clause: Forcing endless battles is banned\n|rule|HP Percentage Mod: HP is shown in percentages\n|clearpoke\n|poke|p1|Volcanion|\n|poke|p1|Ninetales, F|\n|poke|p1|Torkoal, F|\n|poke|p1|Walking Wake|\n|poke|p1|Chi-Yu|\n|poke|p1|Flutter Mane|\n|poke|p2|Baxcalibur, F|\n|poke|p2|Gliscor, M|\n|poke|p2|Rillaboom, F|\n|poke|p2|Volcarona, M|\n|poke|p2|Copperajah, M|\n|poke|p2|Grimmsnarl, M|\n|teampreview\n|l|\u2606Goatfaceleafbrain\n|player|p2|\n|j|\u2606Goatfaceleafbrain\n|player|p2|Goatfaceleafbrain|alder\n|\n|t:|1698831433\n|start\n|switch|p1a: Walking Wake|Walking Wake|100\/100\n|switch|p1b: Ninetales|Ninetales, F|100\/100\n|switch|p2a: Baxcalibur|Baxcalibur, F|100\/100\n|switch|p2b: Grimmsnarl|Grimmsnarl, M|100\/100\n|-weather|SunnyDay|[from] ability: Drought|[of] p1b: Ninetales\n|-activate|p1a: Walking Wake|ability: Protosynthesis\n|-start|p1a: Walking Wake|protosynthesisspe\n|turn|1\n|\n|t:|1698831449\n|move|p1b: Ninetales|Helping Hand|p1a: Walking Wake\n|-singleturn|p1a: Walking Wake|Helping Hand|[of] p1b: Ninetales\n|move|p2a: Baxcalibur|Protect|p2a: Baxcalibur\n|-singleturn|p2a: Baxcalibur|Protect\n|move|p1a: Walking Wake|Dragon Pulse|p2a: Baxcalibur\n|-activate|p2a: Baxcalibur|move: Protect\n|move|p2b: Grimmsnarl|Spirit Break|p1a: Walking Wake\n|-supereffective|p1a: Walking Wake\n|-damage|p1a: Walking Wake|33\/100\n|-unboost|p1a: Walking Wake|spa|1\n|\n|-weather|SunnyDay|[upkeep]\n|upkeep\n|turn|2\n|\n|t:|1698831476\n|switch|p2a: Copperajah|Copperajah, M|100\/100\n|move|p1a: Walking Wake|Protect|p1a: Walking Wake\n|-singleturn|p1a: Walking Wake|Protect\n|move|p1b: Ninetales|Encore||[still]\n|-fail|p1b: Ninetales\n|move|p2b: Grimmsnarl|Spirit Break|p1a: Walking Wake\n|-activate|p1a: Walking Wake|move: Protect\n|\n|-weather|SunnyDay|[upkeep]\n|upkeep\n|turn|3\n|\n|t:|1698831524\n|move|p1a: Walking Wake|Hydro Steam|p2a: Copperajah\n|-crit|p2a: Copperajah\n|-damage|p2a: Copperajah|22\/100\n|move|p1b: Ninetales|Heat Wave|p2b: Grimmsnarl|[spread] p2a,p2b\n|-supereffective|p2a: Copperajah\n|-damage|p2a: Copperajah|0 fnt\n|-damage|p2b: Grimmsnarl|63\/100\n|faint|p2a: Copperajah\n|move|p2b: Grimmsnarl|Spirit Break|p1a: Walking Wake\n|-supereffective|p1a: Walking Wake\n|-damage|p1a: Walking Wake|0 fnt\n|faint|p1a: Walking Wake\n|-end|p1a: Walking Wake|Protosynthesis|[silent]\n|\n|-weather|SunnyDay|[upkeep]\n|upkeep\n|\n|t:|1698831541\n|switch|p1a: Chi-Yu|Chi-Yu|100\/100\n|switch|p2a: Baxcalibur|Baxcalibur, F|100\/100\n|-ability|p1a: Chi-Yu|Beads of Ruin\n|turn|4\n|\n|t:|1698831554\n|-terastallize|p2a: Baxcalibur|Dragon\n|move|p1a: Chi-Yu|Heat Wave|p2a: Baxcalibur|[spread] p2a,p2b\n|-resisted|p2a: Baxcalibur\n|-damage|p2a: Baxcalibur|59\/100\n|-damage|p2b: Grimmsnarl|0 fnt\n|-ability|p2a: Baxcalibur|Thermal Exchange|boost\n|-boost|p2a: Baxcalibur|atk|1\n|faint|p2b: Grimmsnarl\n|move|p2a: Baxcalibur|Scale Shot|p1b: Ninetales\n|-damage|p1b: Ninetales|76\/100\n|-damage|p1b: Ninetales|53\/100\n|-damage|p1b: Ninetales|28\/100\n|-damage|p1b: Ninetales|4\/100\n|-damage|p1b: Ninetales|0 fnt\n|faint|p1b: Ninetales\n|-hitcount|p1: Ninetales|5\n|-unboost|p2a: Baxcalibur|def|1\n|-boost|p2a: Baxcalibur|spe|1\n|\n|-weather|SunnyDay|[upkeep]\n|upkeep\n|\n|t:|1698831570\n|switch|p1b: Flutter Mane|Flutter Mane|100\/100\n|switch|p2b: Rillaboom|Rillaboom, F|100\/100\n|-activate|p1b: Flutter Mane|ability: Protosynthesis\n|-start|p1b: Flutter Mane|protosynthesisspe\n|-fieldstart|move: Grassy Terrain|[from] ability: Grassy Surge|[of] p2b: Rillaboom\n|turn|5\n|\n|t:|1698831593\n|-terastallize|p1b: Flutter Mane|Fairy\n|move|p2a: Baxcalibur|Protect|p2a: Baxcalibur\n|-singleturn|p2a: Baxcalibur|Protect\n|move|p2b: Rillaboom|Fake Out|p1a: Chi-Yu\n|-damage|p1a: Chi-Yu|76\/100\n|move|p1b: Flutter Mane|Dazzling Gleam|p2a: Baxcalibur|[spread] p2b\n|-activate|p2a: Baxcalibur|move: Protect\n|-damage|p2b: Rillaboom|45\/100\n|cant|p1a: Chi-Yu|flinch\n|\n|-weather|none\n|-end|p1b: Flutter Mane|Protosynthesis\n|-heal|p1a: Chi-Yu|82\/100|[from] Grassy Terrain\n|-heal|p2a: Baxcalibur|65\/100|[from] Grassy Terrain\n|-heal|p2b: Rillaboom|52\/100|[from] Grassy Terrain\n|upkeep\n|turn|6\n|inactive|Battle timer is ON: inactive players will automatically lose when time's up. (requested by keykiko)\n|\n|t:|1698831616\n|switch|p1a: Torkoal|Torkoal, F|100\/100\n|-weather|SunnyDay|[from] ability: Drought|[of] p1a: Torkoal\n|-activate|p1b: Flutter Mane|ability: Protosynthesis\n|-start|p1b: Flutter Mane|protosynthesisspe\n|move|p2a: Baxcalibur|Ice Shard|p1b: Flutter Mane\n|-damage|p1b: Flutter Mane|39\/100\n|move|p2b: Rillaboom|Grassy Glide|p1b: Flutter Mane\n|-damage|p1b: Flutter Mane|0 fnt\n|faint|p1b: Flutter Mane\n|-end|p1b: Flutter Mane|Protosynthesis|[silent]\n|\n|-weather|SunnyDay|[upkeep]\n|-heal|p2a: Baxcalibur|71\/100|[from] Grassy Terrain\n|-heal|p2b: Rillaboom|58\/100|[from] Grassy Terrain\n|upkeep\n|\n|t:|1698831631\n|switch|p1b: Volcanion|Volcanion|100\/100\n|turn|7\n|inactive|keykiko has 120 seconds left.\n|\n|t:|1698831666\n|switch|p2b: Gliscor|Gliscor, M|100\/100\n|move|p2a: Baxcalibur|Protect|p2a: Baxcalibur\n|-singleturn|p2a: Baxcalibur|Protect\n|move|p1b: Volcanion|Earth Power|p2a: Baxcalibur\n|-activate|p2a: Baxcalibur|move: Protect\n|move|p1a: Torkoal|Eruption|p2a: Baxcalibur|[spread] p2b\n|-activate|p2a: Baxcalibur|move: Protect\n|-damage|p2b: Gliscor|34\/100\n|\n|-weather|SunnyDay|[upkeep]\n|-heal|p2a: Baxcalibur|78\/100|[from] Grassy Terrain\n|-status|p2b: Gliscor|tox|[from] item: Toxic Orb\n|upkeep\n|turn|8\n|inactive|keykiko has 120 seconds left.\n|\n|t:|1698831694\n|move|p1b: Volcanion|Protect|p1b: Volcanion\n|-singleturn|p1b: Volcanion|Protect\n|move|p2a: Baxcalibur|Scale Shot|p1a: Torkoal\n|-damage|p1a: Torkoal|83\/100\n|-damage|p1a: Torkoal|66\/100\n|-damage|p1a: Torkoal|50\/100\n|-damage|p1a: Torkoal|34\/100\n|-damage|p1a: Torkoal|18\/100\n|-hitcount|p1a: Torkoal|5\n|-unboost|p2a: Baxcalibur|def|1\n|-boost|p2a: Baxcalibur|spe|1\n|move|p2b: Gliscor|Knock Off|p1b: Volcanion\n|-activate|p1b: Volcanion|move: Protect\n|move|p1a: Torkoal|Yawn|p2a: Baxcalibur\n|-start|p2a: Baxcalibur|move: Yawn|[of] p1a: Torkoal\n|\n|-weather|SunnyDay|[upkeep]\n|-heal|p2a: Baxcalibur|84\/100|[from] Grassy Terrain\n|-heal|p1a: Torkoal|24\/100|[from] Grassy Terrain\n|-heal|p2b: Gliscor|47\/100 tox|[from] ability: Poison Heal\n|upkeep\n|turn|9\n|\n|t:|1698831724\n|switch|p2a: Volcarona|Volcarona, M|100\/100\n|move|p2b: Gliscor|Protect|p2b: Gliscor\n|-singleturn|p2b: Gliscor|Protect\n|move|p1a: Torkoal|Protect|p1a: Torkoal\n|-singleturn|p1a: Torkoal|Protect\n|move|p1b: Volcanion|Heat Wave|p2a: Volcarona|[spread] p2a\n|-activate|p2b: Gliscor|move: Protect\n|-damage|p2a: Volcarona|37\/100\n|\n|-weather|SunnyDay|[upkeep]\n|-heal|p2a: Volcarona|43\/100|[from] Grassy Terrain\n|-heal|p1a: Torkoal|30\/100|[from] Grassy Terrain\n|-heal|p2b: Gliscor|59\/100 tox|[from] ability: Poison Heal\n|-fieldend|move: Grassy Terrain\n|upkeep\n|turn|10\n|\n|t:|1698831748\n|switch|p1a: Chi-Yu|Chi-Yu|82\/100\n|-ability|p1a: Chi-Yu|Beads of Ruin\n|move|p2a: Volcarona|Heat Wave|p1b: Volcanion|[spread] p1a,p1b\n|-resisted|p1a: Chi-Yu\n|-resisted|p1b: Volcanion\n|-damage|p1a: Chi-Yu|36\/100\n|-damage|p1b: Volcanion|70\/100\n|-damage|p2a: Volcarona|33\/100|[from] item: Life Orb\n|move|p1b: Volcanion|Heat Wave|p2a: Volcarona|[spread] p2a\n|-miss|p1b: Volcanion|p2b: Gliscor\n|-damage|p2a: Volcarona|0 fnt\n|faint|p2a: Volcarona\n|move|p2b: Gliscor|Knock Off|p1b: Volcanion\n|-damage|p1b: Volcanion|40\/100\n|-enditem|p1b: Volcanion|Shuca Berry|[from] move: Knock Off|[of] p2b: Gliscor\n|\n|-weather|none\n|-heal|p2b: Gliscor|71\/100 tox|[from] ability: Poison Heal\n|upkeep\n|inactive|Goatfaceleafbrain has 120 seconds left.\n|\n|t:|1698831768\n|switch|p2a: Rillaboom|Rillaboom, F|58\/100\n|-fieldstart|move: Grassy Terrain|[from] ability: Grassy Surge|[of] p2a: Rillaboom\n|turn|11\n|\n|t:|1698831779\n|move|p1b: Volcanion|Protect|p1b: Volcanion\n|-singleturn|p1b: Volcanion|Protect\n|move|p2a: Rillaboom|Fake Out|p1b: Volcanion\n|-activate|p1b: Volcanion|move: Protect\n|move|p1a: Chi-Yu|Heat Wave|p2b: Gliscor|[spread] p2a,p2b\n|-supereffective|p2a: Rillaboom\n|-damage|p2a: Rillaboom|0 fnt\n|-damage|p2b: Gliscor|19\/100 tox\n|faint|p2a: Rillaboom\n|move|p2b: Gliscor|Tailwind|p2b: Gliscor\n|-sidestart|p2: Goatfaceleafbrain|move: Tailwind\n|\n|-heal|p1a: Chi-Yu|42\/100|[from] Grassy Terrain\n|-heal|p1b: Volcanion|46\/100|[from] Grassy Terrain\n|-heal|p2b: Gliscor|32\/100 tox|[from] ability: Poison Heal\n|upkeep\n|inactive|Goatfaceleafbrain has 120 seconds left.\n|\n|t:|1698831795\n|switch|p2a: Baxcalibur|Baxcalibur, F, tera:Dragon|84\/100\n|turn|12\n|\n|t:|1698831808\n|switch|p1a: Torkoal|Torkoal, F|30\/100\n|-weather|SunnyDay|[from] ability: Drought|[of] p1a: Torkoal\n|move|p2a: Baxcalibur|Scale Shot|p1a: Torkoal\n|-damage|p1a: Torkoal|18\/100\n|-damage|p1a: Torkoal|6\/100\n|-damage|p1a: Torkoal|0 fnt\n|faint|p1a: Torkoal\n|-hitcount|p1: Torkoal|3\n|-unboost|p2a: Baxcalibur|def|1\n|-boost|p2a: Baxcalibur|spe|1\n|move|p2b: Gliscor|Knock Off|p1b: Volcanion\n|-damage|p1b: Volcanion|29\/100\n|move|p1b: Volcanion|Steam Eruption|p2a: Baxcalibur\n|-resisted|p2a: Baxcalibur\n|-damage|p2a: Baxcalibur|69\/100\n|\n|-weather|SunnyDay|[upkeep]\n|-heal|p2a: Baxcalibur|75\/100|[from] Grassy Terrain\n|-heal|p1b: Volcanion|35\/100|[from] Grassy Terrain\n|-heal|p2b: Gliscor|44\/100 tox|[from] ability: Poison Heal\n|upkeep\n|\n|t:|1698831828\n|switch|p1a: Chi-Yu|Chi-Yu|42\/100\n|-ability|p1a: Chi-Yu|Beads of Ruin\n|turn|13\n|\n|t:|1698831845\n|move|p1b: Volcanion|Protect|p1b: Volcanion\n|-singleturn|p1b: Volcanion|Protect\n|move|p2a: Baxcalibur|Scale Shot|p1b: Volcanion\n|-activate|p1b: Volcanion|move: Protect\n|move|p1a: Chi-Yu|Heat Wave|p2b: Gliscor|[spread] p2a,p2b\n|-resisted|p2a: Baxcalibur\n|-crit|p2a: Baxcalibur\n|-damage|p2a: Baxcalibur|12\/100\n|-damage|p2b: Gliscor|0 fnt\n|-ability|p2a: Baxcalibur|Thermal Exchange|boost\n|-boost|p2a: Baxcalibur|atk|1\n|faint|p2b: Gliscor\n|\n|-weather|SunnyDay|[upkeep]\n|-heal|p2a: Baxcalibur|19\/100|[from] Grassy Terrain\n|-heal|p1a: Chi-Yu|48\/100|[from] Grassy Terrain\n|-heal|p1b: Volcanion|41\/100|[from] Grassy Terrain\n|upkeep\n|turn|14\n|\n|t:|1698831863\n|move|p2a: Baxcalibur|Protect|p2a: Baxcalibur\n|-singleturn|p2a: Baxcalibur|Protect\n|move|p1a: Chi-Yu|Heat Wave|p2a: Baxcalibur\n|-activate|p2a: Baxcalibur|move: Protect\n|move|p1b: Volcanion|Earth Power|p2a: Baxcalibur\n|-activate|p2a: Baxcalibur|move: Protect\n|\n|-weather|SunnyDay|[upkeep]\n|-heal|p2a: Baxcalibur|25\/100|[from] Grassy Terrain\n|-heal|p1a: Chi-Yu|54\/100|[from] Grassy Terrain\n|-heal|p1b: Volcanion|47\/100|[from] Grassy Terrain\n|-sideend|p2: Goatfaceleafbrain|move: Tailwind\n|upkeep\n|turn|15\n|\n|t:|1698831882\n|move|p1a: Chi-Yu|Heat Wave|p2a: Baxcalibur\n|-resisted|p2a: Baxcalibur\n|-damage|p2a: Baxcalibur|0 fnt\n|faint|p2a: Baxcalibur\n|\n|win|keykiko\n|raw|keykiko's rating: 1163 &rarr; <strong>1192<\/strong><br \/>(+29 for winning)\n|raw|Goatfaceleafbrain's rating: 1213 &rarr; <strong>1184<\/strong><br \/>(-29 for losing)\n|l|\u2606Goatfaceleafbrain\n","uploadtime":1698831892,"views":26,"p1id":"keykiko","p2id":"goatfaceleafbrain","formatid":"gen9doublesou","rating":1184,"private":0,"password":""}