{"id":"gen9doublesou-1996861588","p1":"sryimtoxic","p2":"Venus_zx","format":"[Gen 9] Doubles OU","log":"|j|\u2606sryimtoxic\n|j|\u2606Venus_zx\n|t:|1700736892\n|gametype|doubles\n|player|p1|sryimtoxic|cynthia-gen4|1153\n|player|p2|Venus_zx|shadowtriad|1189\n|teamsize|p1|6\n|teamsize|p2|6\n|gen|9\n|tier|[Gen 9] Doubles OU\n|rated|\n|rule|Species Clause: Limit one of each Pok\u00e9mon\n|rule|OHKO Clause: OHKO moves are banned\n|rule|Evasion Moves Clause: Evasion moves are banned\n|rule|Gravity Sleep Clause: The combination of sleep-inducing moves with imperfect accuracy and Gravity or Gigantamax Orbeetle are banned\n|rule|Endless Battle Clause: Forcing endless battles is banned\n|rule|HP Percentage Mod: HP is shown in percentages\n|clearpoke\n|poke|p1|Sinistcha-Masterpiece|\n|poke|p1|Landorus-Therian, M|\n|poke|p1|Kommo-o, F|\n|poke|p1|Cresselia, F|\n|poke|p1|Volcanion|\n|poke|p1|Iron Hands|\n|poke|p2|Glimmora, F|\n|poke|p2|Garganacl, F|\n|poke|p2|Gholdengo|\n|poke|p2|Dragonite, F|\n|poke|p2|Ursaluna, F|\n|poke|p2|Blissey, F|\n|teampreview\n|inactive|Battle timer is ON: inactive players will automatically lose when time's up. (requested by sryimtoxic)\n|inactive|Venus_zx also wants the timer to be on.\n|inactive|Venus_zx has 120 seconds left.\n|\n|t:|1700736930\n|start\n|switch|p1a: Landorus|Landorus-Therian, M, shiny|100\/100\n|switch|p1b: Iron Hands|Iron Hands|100\/100\n|switch|p2a: Dragonite|Dragonite, F|100\/100\n|switch|p2b: Glimmora|Glimmora, F, shiny|100\/100\n|-ability|p1a: Landorus|Intimidate|boost\n|-unboost|p2a: Dragonite|atk|1\n|-unboost|p2b: Glimmora|atk|1\n|turn|1\n|\n|t:|1700736956\n|move|p2b: Glimmora|Spiky Shield|p2b: Glimmora\n|-singleturn|p2b: Glimmora|move: Protect\n|move|p2a: Dragonite|Protect|p2a: Dragonite\n|-singleturn|p2a: Dragonite|Protect\n|move|p1b: Iron Hands|Fake Out|p2a: Dragonite\n|-activate|p2a: Dragonite|move: Protect\n|move|p1a: Landorus|Stomping Tantrum|p2b: Glimmora\n|-activate|p2b: Glimmora|move: Protect\n|-damage|p1a: Landorus|88\/100|[from] Spiky Shield|[of] p2b: Glimmora\n|\n|upkeep\n|turn|2\n|\n|t:|1700736977\n|-terastallize|p2b: Glimmora|Ghost\n|move|p1a: Landorus|Stomping Tantrum|p2b: Glimmora\n|-damage|p2b: Glimmora|57\/100\n|move|p2b: Glimmora|Mortal Spin|p1b: Iron Hands|[spread] p1a,p1b\n|-resisted|p1a: Landorus\n|-damage|p1a: Landorus|86\/100\n|-damage|p1b: Iron Hands|98\/100\n|-status|p1a: Landorus|psn\n|-status|p1b: Iron Hands|psn\n|move|p2a: Dragonite|Ice Spinner|p1a: Landorus\n|-supereffective|p1a: Landorus\n|-damage|p1a: Landorus|5\/100 psn\n|move|p1b: Iron Hands|Volt Switch|p2a: Dragonite\n|-damage|p2a: Dragonite|95\/100\n|\n|t:|1700736990\n|-end|p1b: Iron Hands|Quark Drive|[silent]\n|switch|p1b: Sinistcha|Sinistcha-Masterpiece, shiny|100\/100|[from] Volt Switch\n|-heal|p1a: Landorus|30\/100 psn|[from] ability: Hospitality|[of] p1b: Sinistcha\n|\n|-heal|p2b: Glimmora|63\/100|[from] item: Leftovers\n|-heal|p2a: Dragonite|100\/100|[from] item: Leftovers\n|-damage|p1a: Landorus|17\/100 psn|[from] psn\n|upkeep\n|turn|3\n|\n|t:|1700737014\n|switch|p1a: Volcanion|Volcanion|100\/100\n|move|p2a: Dragonite|Protect|p2a: Dragonite\n|-singleturn|p2a: Dragonite|Protect\n|move|p2b: Glimmora|Mortal Spin|p1a: Volcanion|[spread] p1a,p1b\n|-damage|p1a: Volcanion|99\/100\n|-damage|p1b: Sinistcha|98\/100\n|-status|p1a: Volcanion|psn\n|-status|p1b: Sinistcha|psn\n|move|p1b: Sinistcha|Shadow Ball|p2b: Glimmora\n|-supereffective|p2b: Glimmora\n|-damage|p2b: Glimmora|0 fnt\n|faint|p2b: Glimmora\n|\n|-damage|p1b: Sinistcha|85\/100 psn|[from] psn\n|-damage|p1a: Volcanion|86\/100 psn|[from] psn\n|upkeep\n|inactive|Venus_zx has 120 seconds left.\n|\n|t:|1700737045\n|switch|p2b: Blissey|Blissey, F|100\/100\n|turn|4\n|\n|t:|1700737055\n|switch|p1b: Cresselia|Cresselia, F, shiny|100\/100\n|switch|p1a: Iron Hands|Iron Hands|98\/100 psn\n|move|p2b: Blissey|Helping Hand|p2a: Dragonite\n|-singleturn|p2a: Dragonite|Helping Hand|[of] p2b: Blissey\n|move|p2a: Dragonite|Outrage|p1a: Iron Hands\n|-damage|p1a: Iron Hands|54\/100 psn\n|\n|-damage|p1a: Iron Hands|42\/100 psn|[from] psn\n|upkeep\n|turn|5\n|\n|t:|1700737073\n|move|p2b: Blissey|Helping Hand|p2a: Dragonite\n|-singleturn|p2a: Dragonite|Helping Hand|[of] p2b: Blissey\n|move|p1a: Iron Hands|Fake Out|p2b: Blissey\n|-damage|p2b: Blissey|84\/100\n|move|p2a: Dragonite|Outrage|p1a: Iron Hands|[from]lockedmove\n|-damage|p1a: Iron Hands|1\/100 psn\n|move|p1b: Cresselia|Lunar Blessing|p1b: Cresselia|[spread] p1a,p1b\n|-heal|p1a: Iron Hands|26\/100 psn\n|-curestatus|p1a: Iron Hands|psn|[msg]\n|\n|-heal|p2b: Blissey|90\/100|[from] item: Leftovers\n|upkeep\n|turn|6\n|\n|t:|1700737093\n|switch|p1b: Sinistcha|Sinistcha-Masterpiece, shiny|85\/100 psn\n|-heal|p1a: Iron Hands|51\/100|[from] ability: Hospitality|[of] p1b: Sinistcha\n|move|p2b: Blissey|Helping Hand|p2a: Dragonite\n|-singleturn|p2a: Dragonite|Helping Hand|[of] p2b: Blissey\n|move|p2a: Dragonite|Outrage|p1a: Iron Hands|[from]lockedmove\n|-damage|p1a: Iron Hands|9\/100\n|-start|p2a: Dragonite|confusion|[fatigue]\n|move|p1a: Iron Hands|Drain Punch|p2b: Blissey\n|-supereffective|p2b: Blissey\n|-damage|p2b: Blissey|9\/100\n|-heal|p1a: Iron Hands|69\/100|[from] drain|[of] p2b: Blissey\n|\n|-heal|p2b: Blissey|15\/100|[from] item: Leftovers\n|-damage|p1b: Sinistcha|73\/100 psn|[from] psn\n|upkeep\n|turn|7\n|\n|t:|1700737116\n|move|p1b: Sinistcha|Protect|p1b: Sinistcha\n|-singleturn|p1b: Sinistcha|Protect\n|move|p2b: Blissey|Protect|p2b: Blissey\n|-singleturn|p2b: Blissey|Protect\n|-activate|p2a: Dragonite|confusion\n|move|p2a: Dragonite|Ice Spinner|p1b: Sinistcha\n|-activate|p1b: Sinistcha|move: Protect\n|move|p1a: Iron Hands|Volt Switch|p2b: Blissey\n|-activate|p2b: Blissey|move: Protect\n|\n|-heal|p2b: Blissey|21\/100|[from] item: Leftovers\n|-damage|p1b: Sinistcha|61\/100 psn|[from] psn\n|upkeep\n|turn|8\n|\n|t:|1700737138\n|switch|p1b: Cresselia|Cresselia, F, shiny|100\/100\n|-end|p2a: Dragonite|confusion\n|move|p2a: Dragonite|Ice Spinner|p1b: Cresselia\n|-damage|p1b: Cresselia|90\/100\n|move|p2b: Blissey|Life Dew||[still]|[spread] p2a,p2b\n|-fail|p2a: Dragonite|heal\n|-heal|p2b: Blissey|46\/100\n|move|p1a: Iron Hands|Drain Punch|p2b: Blissey\n|-supereffective|p2b: Blissey\n|-damage|p2b: Blissey|0 fnt\n|-heal|p1a: Iron Hands|100\/100|[from] drain|[of] p2b: Blissey\n|faint|p2b: Blissey\n|\n|upkeep\n|inactive|Venus_zx has 120 seconds left.\n|\n|t:|1700737157\n|switch|p2b: Ursaluna|Ursaluna, F|100\/100\n|turn|9\n|\n|t:|1700737170\n|move|p2a: Dragonite|Outrage|p1b: Cresselia\n|-damage|p1b: Cresselia|66\/100\n|move|p1b: Cresselia|Icy Wind|p2a: Dragonite|[spread] p2a,p2b\n|-supereffective|p2a: Dragonite\n|-supereffective|p2b: Ursaluna\n|-damage|p2a: Dragonite|87\/100\n|-damage|p2b: Ursaluna|87\/100\n|-unboost|p2a: Dragonite|spe|1\n|-unboost|p2b: Ursaluna|spe|1\n|move|p1a: Iron Hands|Drain Punch|p2b: Ursaluna\n|-supereffective|p2b: Ursaluna\n|-damage|p2b: Ursaluna|28\/100\n|move|p2b: Ursaluna|High Horsepower|p1a: Iron Hands\n|-supereffective|p1a: Iron Hands\n|-damage|p1a: Iron Hands|32\/100\n|\n|-heal|p2a: Dragonite|93\/100|[from] item: Leftovers\n|-status|p2b: Ursaluna|brn|[from] item: Flame Orb\n|upkeep\n|turn|10\n|-message|Venus_zx forfeited.\n|\n|win|sryimtoxic\n|raw|sryimtoxic's rating: 1153 &rarr; <strong>1181<\/strong><br \/>(+28 for winning)\n|raw|Venus_zx's rating: 1189 &rarr; <strong>1161<\/strong><br \/>(-28 for losing)\n|l|\u2606Venus_zx\n","uploadtime":1700737191,"views":10,"p1id":"sryimtoxic","p2id":"venuszx","formatid":"gen9doublesou","rating":1161,"private":0,"password":""}