{"id":"gen9doublesou-1985055558","p1":"SeraphineChaos","p2":"FireFrostDragon","format":"[Gen 9] Doubles OU","log":"|j|\u2606SeraphineChaos\n|j|\u2606FireFrostDragon\n|inactive|Battle timer is ON: inactive players will automatically lose when time's up.\n|t:|1699325349\n|gametype|doubles\n|player|p1|SeraphineChaos|fantina|\n|player|p2|FireFrostDragon|acetrainerf|\n|teamsize|p1|6\n|teamsize|p2|6\n|gen|9\n|tier|[Gen 9] Doubles OU\n|rated|Tournament battle\n|rule|Species Clause: Limit one of each Pok\u00e9mon\n|rule|OHKO Clause: OHKO moves are banned\n|rule|Evasion Moves Clause: Evasion moves are banned\n|rule|Gravity Sleep Clause: The combination of sleep-inducing moves with imperfect accuracy and Gravity or Gigantamax Orbeetle are banned\n|rule|Endless Battle Clause: Forcing endless battles is banned\n|rule|HP Percentage Mod: HP is shown in percentages\n|clearpoke\n|poke|p1|Dudunsparce-*, M|\n|poke|p1|Samurott-Hisui, F|\n|poke|p1|Tyranitar, F|\n|poke|p1|Dragalge, M|\n|poke|p1|Inteleon, M|\n|poke|p1|Arbok, F|\n|poke|p2|Wyrdeer, M|\n|poke|p2|Slowking-Galar, M|\n|poke|p2|Lumineon, M|\n|poke|p2|Gumshoos, F|\n|poke|p2|Kingambit, F|\n|poke|p2|Garchomp, M|\n|teampreview\n|j|*Lady Monita \u263d\n|j| ThatBeedrill444\n|j|^HEAVY-DUTY B0OTY\n|c|\u2606SeraphineChaos|oooh, nice team\n|c|\u2606SeraphineChaos|glhf\n|c|\u2606FireFrostDragon|you too\n|c|\u2606FireFrostDragon|also a nice team\n|\n|t:|1699325374\n|start\n|switch|p1a: Inteleon|Inteleon, M|100\/100\n|switch|p1b: Samurott|Samurott-Hisui, F|100\/100\n|switch|p2a: Garchomp|Garchomp, M|100\/100\n|switch|p2b: Wyrdeer|Wyrdeer, M|100\/100\n|-ability|p2b: Wyrdeer|Intimidate|boost\n|-unboost|p1a: Inteleon|atk|1\n|-unboost|p1b: Samurott|atk|1\n|turn|1\n|\n|t:|1699325388\n|move|p1a: Inteleon|Reflect|p1a: Inteleon\n|-sidestart|p1: SeraphineChaos|Reflect\n|move|p2a: Garchomp|Stealth Rock|p1b: Samurott\n|-sidestart|p1: SeraphineChaos|move: Stealth Rock\n|move|p1b: Samurott|Ceaseless Edge|p2b: Wyrdeer\n|-supereffective|p2b: Wyrdeer\n|-damage|p2b: Wyrdeer|22\/100\n|-sidestart|p2: FireFrostDragon|Spikes\n|-damage|p1b: Samurott|91\/100|[from] item: Life Orb\n|move|p2b: Wyrdeer|Megahorn|p1b: Samurott|[miss]\n|-miss|p2b: Wyrdeer|p1b: Samurott\n|\n|upkeep\n|turn|2\n|\n|t:|1699325405\n|move|p1a: Inteleon|Snipe Shot|p2a: Garchomp\n|-damage|p2a: Garchomp|59\/100\n|move|p2a: Garchomp|Outrage|p1a: Inteleon\n|-damage|p1a: Inteleon|28\/100\n|move|p1b: Samurott|Ceaseless Edge|p2b: Wyrdeer\n|-supereffective|p2b: Wyrdeer\n|-damage|p2b: Wyrdeer|0 fnt\n|-sidestart|p2: FireFrostDragon|Spikes\n|faint|p2b: Wyrdeer\n|-damage|p1b: Samurott|81\/100|[from] item: Life Orb\n|\n|upkeep\n|j| BigSilverBilver\n|\n|t:|1699325424\n|switch|p2b: Lumineon|Lumineon, M|100\/100\n|-damage|p2b: Lumineon|84\/100|[from] Spikes\n|turn|3\n|\n|t:|1699325435\n|move|p1a: Inteleon|Air Slash|p2a: Garchomp\n|-damage|p2a: Garchomp|32\/100\n|move|p2a: Garchomp|Outrage|p1b: Samurott|[from]lockedmove\n|-damage|p1b: Samurott|31\/100\n|move|p1b: Samurott|Ceaseless Edge|p2b: Lumineon\n|-damage|p2b: Lumineon|34\/100\n|-sidestart|p2: FireFrostDragon|Spikes\n|-damage|p1b: Samurott|21\/100|[from] item: Life Orb\n|move|p2b: Lumineon|Dazzling Gleam|p1b: Samurott|[spread] p1a,p1b\n|-supereffective|p1b: Samurott\n|-damage|p1a: Inteleon|0 fnt\n|-damage|p1b: Samurott|0 fnt\n|faint|p1a: Inteleon\n|faint|p1b: Samurott\n|\n|upkeep\n|\n|t:|1699325452\n|switch|p1a: Dudunsparce|Dudunsparce-Three-Segment, M|100\/100\n|switch|p1b: Dragalge|Dragalge, M|100\/100\n|-damage|p1a: Dudunsparce|88\/100|[from] Stealth Rock\n|-damage|p1b: Dragalge|88\/100|[from] Stealth Rock\n|turn|4\n|-activate|p1a: Dudunsparce|item: Quick Claw\n|\n|t:|1699325464\n|-terastallize|p1b: Dragalge|Water\n|move|p1a: Dudunsparce|Coil|p1a: Dudunsparce\n|-boost|p1a: Dudunsparce|atk|1\n|-boost|p1a: Dudunsparce|def|1\n|-boost|p1a: Dudunsparce|accuracy|1\n|move|p2a: Garchomp|Outrage|p1a: Dudunsparce|[from]lockedmove\n|-damage|p1a: Dudunsparce|63\/100\n|-start|p2a: Garchomp|confusion|[fatigue]\n|move|p2b: Lumineon|Dazzling Gleam|p1a: Dudunsparce|[spread] p1a,p1b\n|-damage|p1a: Dudunsparce|41\/100\n|-damage|p1b: Dragalge|69\/100\n|move|p1b: Dragalge|Dragon Pulse|p2a: Garchomp\n|-supereffective|p2a: Garchomp\n|-damage|p2a: Garchomp|0 fnt\n|faint|p2a: Garchomp\n|\n|upkeep\n|\n|t:|1699325487\n|switch|p2a: Gumshoos|Gumshoos, F|100\/100\n|-damage|p2a: Gumshoos|75\/100|[from] Spikes\n|turn|5\n|-activate|p1a: Dudunsparce|item: Quick Claw\n|\n|t:|1699325498\n|move|p1a: Dudunsparce|Ancient Power|p2a: Gumshoos\n|-damage|p2a: Gumshoos|59\/100\n|-boost|p1a: Dudunsparce|atk|1\n|-boost|p1a: Dudunsparce|def|1\n|-boost|p1a: Dudunsparce|spa|1\n|-boost|p1a: Dudunsparce|spd|1\n|-boost|p1a: Dudunsparce|spe|1\n|move|p2b: Lumineon|Dazzling Gleam|p1b: Dragalge|[spread] p1a,p1b\n|-damage|p1a: Dudunsparce|27\/100\n|-damage|p1b: Dragalge|51\/100\n|move|p2a: Gumshoos|Yawn|p1a: Dudunsparce\n|-start|p1a: Dudunsparce|move: Yawn|[of] p2a: Gumshoos\n|move|p1b: Dragalge|Dragon Pulse|p2b: Lumineon\n|-damage|p2b: Lumineon|0 fnt\n|faint|p2b: Lumineon\n|\n|upkeep\n|c|^HEAVY-DUTY B0OTY|omg\n|c| BigSilverBilver|Oooh\n|c| ThatBeedrill444|that's actually crazy\n|c|\u2606FireFrostDragon|I'm so sad\n|\n|t:|1699325519\n|switch|p2b: Slowking|Slowking-Galar, M|100\/100\n|-damage|p2b: Slowking|76\/100|[from] Spikes\n|turn|6\n|c|\u2606SeraphineChaos|serene grace goes hard\n|j| SharpedoSoup\n|c|^HEAVY-DUTY B0OTY|20% tho\n|c|\u2606SeraphineChaos|yeah and 20% on the quick claw\n|c|\u2606FireFrostDragon|twice in a row\n|inactive|SeraphineChaos has 120 seconds left.\n|c|^HEAVY-DUTY B0OTY|Does Serene apply to that\n|l| BigSilverBilver\n|c|\u2606SeraphineChaos|fun fact, i haven't gotten a single para w\/ body slam yet tho\n|c|\u2606FireFrostDragon|let's keep it that way\n|\n|t:|1699325562\n|move|p2a: Gumshoos|Protect|p2a: Gumshoos\n|-singleturn|p2a: Gumshoos|Protect\n|move|p1a: Dudunsparce|Rock Slide|p2b: Slowking|[spread] p2b\n|-activate|p2a: Gumshoos|move: Protect\n|-damage|p2b: Slowking|39\/100\n|move|p1b: Dragalge|Dragon Pulse|p2a: Gumshoos\n|-activate|p2a: Gumshoos|move: Protect\n|move|p2b: Slowking|Sludge Bomb|p1b: Dragalge\n|-crit|p1b: Dragalge\n|-damage|p1b: Dragalge|9\/100\n|-status|p1b: Dragalge|psn\n|\n|-heal|p2b: Slowking|45\/100|[from] item: Leftovers\n|-damage|p1b: Dragalge|0 fnt|[from] psn\n|faint|p1b: Dragalge\n|-end|p1a: Dudunsparce|move: Yawn|[silent]\n|-status|p1a: Dudunsparce|slp\n|upkeep\n|c|\u2606FireFrostDragon|HUGE\n|\n|t:|1699325582\n|switch|p1b: Tyranitar|Tyranitar, F|100\/100\n|-damage|p1b: Tyranitar|88\/100|[from] Stealth Rock\n|-weather|Sandstorm|[from] ability: Sand Stream|[of] p1b: Tyranitar\n|turn|7\n|inactive|SeraphineChaos has 120 seconds left.\n|c|^HEAVY-DUTY B0OTY|in\n|j| SoulSilverRetFan\n|\n|t:|1699325596\n|move|p1b: Tyranitar|Dragon Dance|p1b: Tyranitar\n|-boost|p1b: Tyranitar|atk|1\n|-boost|p1b: Tyranitar|spe|1\n|cant|p1a: Dudunsparce|slp\n|move|p2a: Gumshoos|Yawn|p1b: Tyranitar\n|-start|p1b: Tyranitar|move: Yawn|[of] p2a: Gumshoos\n|move|p2b: Slowking|Sludge Bomb|p1a: Dudunsparce\n|-damage|p1a: Dudunsparce|5\/100 slp\n|\n|-weather|Sandstorm|[upkeep]\n|-damage|p1a: Dudunsparce|0 fnt|[from] Sandstorm\n|-damage|p2a: Gumshoos|53\/100|[from] Sandstorm\n|-damage|p2b: Slowking|39\/100|[from] Sandstorm\n|faint|p1a: Dudunsparce\n|-heal|p1b: Tyranitar|94\/100|[from] item: Leftovers\n|-heal|p2b: Slowking|45\/100|[from] item: Leftovers\n|upkeep\n|inactive|SeraphineChaos has 120 seconds left.\n|\n|t:|1699325610\n|switch|p1a: Arbok|Arbok, F|100\/100\n|-damage|p1a: Arbok|88\/100|[from] Stealth Rock\n|-ability|p1a: Arbok|Intimidate|boost\n|-unboost|p2a: Gumshoos|atk|1\n|-unboost|p2b: Slowking|atk|1\n|turn|8\n|inactive|SeraphineChaos has 120 seconds left.\n|\n|t:|1699325631\n|move|p2a: Gumshoos|Protect|p2a: Gumshoos\n|-singleturn|p2a: Gumshoos|Protect\n|move|p1b: Tyranitar|Knock Off|p2a: Gumshoos\n|-activate|p2a: Gumshoos|move: Protect\n|move|p1a: Arbok|Knock Off|p2b: Slowking\n|-supereffective|p2b: Slowking\n|-damage|p2b: Slowking|0 fnt\n|-enditem|p2b: Slowking|Leftovers|[from] move: Knock Off|[of] p1a: Arbok\n|faint|p2b: Slowking\n|\n|-weather|Sandstorm|[upkeep]\n|-damage|p1a: Arbok|82\/100|[from] Sandstorm\n|-damage|p2a: Gumshoos|47\/100|[from] Sandstorm\n|-heal|p1b: Tyranitar|100\/100|[from] item: Leftovers\n|-heal|p1a: Arbok|88\/100|[from] item: Black Sludge\n|-end|p1b: Tyranitar|move: Yawn|[silent]\n|-status|p1b: Tyranitar|slp\n|-sideend|p1: SeraphineChaos|Reflect\n|upkeep\n|\n|t:|1699325638\n|switch|p2b: Kingambit|Kingambit, F|100\/100\n|-damage|p2b: Kingambit|75\/100|[from] Spikes\n|-activate|p2b: Kingambit|ability: Supreme Overlord\n|-start|p2b: Kingambit|fallen4|[silent]\n|turn|9\n|j| mommy_shynx\n|\n|t:|1699325659\n|cant|p1b: Tyranitar|slp\n|move|p1a: Arbok|Knock Off|p2a: Gumshoos\n|-damage|p2a: Gumshoos|9\/100\n|-enditem|p2a: Gumshoos|Focus Sash|[from] move: Knock Off|[of] p1a: Arbok\n|move|p2b: Kingambit|Iron Head|p1b: Tyranitar\n|-supereffective|p1b: Tyranitar\n|-damage|p1b: Tyranitar|0 fnt\n|faint|p1b: Tyranitar\n|move|p2a: Gumshoos|Last Resort|p1a: Arbok\n|-damage|p1a: Arbok|0 fnt\n|faint|p1a: Arbok\n|\n|win|FireFrostDragon\n|n|\u2606SeraphineChaos|seraphinechaos\n|n|\u2606FireFrostDragon|firefrostdragon\n|n|*Lady Monita \u263d|ladymonita\n|n| ThatBeedrill444|thatbeedrill444\n|n| HEAVY-DUTY B0OTY|heavydutyb0oty\n|n| SharpedoSoup|sharpedosoup\n|n| SoulSilverRetFan|soulsilverretfan\n|n| mommy_shynx|mommyshynx\n","uploadtime":1699325660,"views":8,"p1id":"seraphinechaos","p2id":"firefrostdragon","formatid":"gen9doublesou","rating":0,"private":0,"password":""}