{"id":"gen9doublesou-1977786190","p1":"plane water","p2":"mikeyuwu","format":"[Gen 9] Doubles OU","log":"|j|\u2606plane water\n|j|\u2606mikeyuwu\n|t:|1698449423\n|gametype|doubles\n|player|p1|plane water|169|1168\n|player|p2|mikeyuwu|psychic-gen4|1243\n|teamsize|p1|6\n|teamsize|p2|6\n|gen|9\n|tier|[Gen 9] Doubles OU\n|rated|\n|rule|Species Clause: Limit one of each Pok\u00e9mon\n|rule|OHKO Clause: OHKO moves are banned\n|rule|Evasion Moves Clause: Evasion moves are banned\n|rule|Gravity Sleep Clause: The combination of sleep-inducing moves with imperfect accuracy and Gravity or Gigantamax Orbeetle are banned\n|rule|Endless Battle Clause: Forcing endless battles is banned\n|rule|HP Percentage Mod: HP is shown in percentages\n|clearpoke\n|poke|p1|Glimmora, M|\n|poke|p1|Grimmsnarl, M|\n|poke|p1|Ninetales-Alola, F|\n|poke|p1|Sinistcha-Masterpiece|\n|poke|p1|Gliscor, M|\n|poke|p1|Dragonite, M|\n|poke|p2|Garchomp, M|\n|poke|p2|Tyranitar, F|\n|poke|p2|Vaporeon, F|\n|poke|p2|Toxicroak, M|\n|poke|p2|Pelipper, F|\n|poke|p2|Abomasnow, M|\n|teampreview\n|\n|t:|1698449436\n|start\n|switch|p1a: Glimmora|Glimmora, M|100\/100\n|switch|p1b: Grimmsnarl|Grimmsnarl, M, shiny|100\/100\n|switch|p2a: OTLHPM|Toxicroak, M|100\/100\n|switch|p2b: Harmacy|Vaporeon, F|100\/100\n|turn|1\n|\n|t:|1698449455\n|move|p1b: Grimmsnarl|Light Screen|p1b: Grimmsnarl\n|-sidestart|p1: plane water|move: Light Screen\n|move|p1a: Glimmora|Stealth Rock|p2b: Harmacy\n|-sidestart|p2: mikeyuwu|move: Stealth Rock\n|move|p2a: OTLHPM|Poison Jab|p1b: Grimmsnarl\n|-supereffective|p1b: Grimmsnarl\n|-damage|p1b: Grimmsnarl|22\/100\n|move|p2b: Harmacy|Icy Wind|p1a: Glimmora|[spread] p1a,p1b\n|-damage|p1a: Glimmora|93\/100\n|-damage|p1b: Grimmsnarl|16\/100\n|-unboost|p1a: Glimmora|spe|1\n|-unboost|p1b: Grimmsnarl|spe|1\n|\n|-heal|p1a: Glimmora|99\/100|[from] item: Black Sludge\n|upkeep\n|turn|2\n|\n|t:|1698449471\n|move|p1b: Grimmsnarl|Reflect|p1b: Grimmsnarl\n|-sidestart|p1: plane water|Reflect\n|move|p2a: OTLHPM|Earthquake|p1b: Grimmsnarl|[spread] p2b,p1a,p1b\n|-supereffective|p1a: Glimmora\n|-crit|p1a: Glimmora\n|-damage|p2b: Harmacy|82\/100\n|-damage|p1a: Glimmora|0 fnt\n|-damage|p1b: Grimmsnarl|0 fnt\n|-activate|p1a: Glimmora|ability: Toxic Debris\n|-sidestart|p2: mikeyuwu|move: Toxic Spikes\n|faint|p1a: Glimmora\n|faint|p1b: Grimmsnarl\n|move|p2b: Harmacy|Icy Wind|p1: Glimmora|[notarget]\n|-fail|p2b: Harmacy\n|\n|-heal|p2b: Harmacy|88\/100|[from] item: Leftovers\n|upkeep\n|\n|t:|1698449492\n|switch|p1a: Ninetales|Ninetales-Alola, F, shiny|100\/100\n|switch|p1b: Gliscor|Gliscor, M, shiny|100\/100\n|-weather|Snow|[from] ability: Snow Warning|[of] p1a: Ninetales\n|turn|3\n|\n|t:|1698449502\n|switch|p2a: ThcrThnSnkr|Tyranitar, F|100\/100\n|-damage|p2a: ThcrThnSnkr|88\/100|[from] Stealth Rock\n|-status|p2a: ThcrThnSnkr|psn\n|-weather|Sandstorm|[from] ability: Sand Stream|[of] p2a: ThcrThnSnkr\n|move|p1b: Gliscor|Protect|p1b: Gliscor\n|-singleturn|p1b: Gliscor|Protect\n|move|p1a: Ninetales|Aurora Veil||[still]\n|-fail|p1a: Ninetales\n|move|p2b: Harmacy|Icy Wind|p1b: Gliscor|[spread] p1a\n|-activate|p1b: Gliscor|move: Protect\n|-resisted|p1a: Ninetales\n|-damage|p1a: Ninetales|97\/100\n|-unboost|p1a: Ninetales|spe|1\n|\n|-weather|Sandstorm|[upkeep]\n|-damage|p1a: Ninetales|91\/100|[from] Sandstorm\n|-damage|p2b: Harmacy|82\/100|[from] Sandstorm\n|-heal|p2b: Harmacy|88\/100|[from] item: Leftovers\n|-damage|p2a: ThcrThnSnkr|76\/100 psn|[from] psn\n|-status|p1b: Gliscor|tox|[from] item: Toxic Orb\n|upkeep\n|turn|4\n|inactive|Battle timer is ON: inactive players will automatically lose when time's up. (requested by plane water)\n|\n|t:|1698449569\n|switch|p1a: Sinistcha|Sinistcha-Masterpiece|100\/100\n|move|p1b: Gliscor|Earthquake|p2b: Harmacy|[spread] p1a,p2a,p2b\n|-resisted|p1a: Sinistcha\n|-supereffective|p2a: ThcrThnSnkr\n|-damage|p1a: Sinistcha|90\/100\n|-damage|p2a: ThcrThnSnkr|13\/100 psn\n|-damage|p2b: Harmacy|66\/100\n|move|p2a: ThcrThnSnkr|Heavy Slam|p1a: Sinistcha\n|-damage|p1a: Sinistcha|66\/100\n|move|p2b: Harmacy|Icy Wind|p1a: Sinistcha|[spread] p1a,p1b\n|-supereffective|p1a: Sinistcha\n|-supereffective|p1b: Gliscor\n|-damage|p1a: Sinistcha|49\/100\n|-damage|p1b: Gliscor|58\/100 tox\n|-unboost|p1a: Sinistcha|spe|1\n|-unboost|p1b: Gliscor|spe|1\n|\n|-weather|Sandstorm|[upkeep]\n|-damage|p1a: Sinistcha|42\/100|[from] Sandstorm\n|-damage|p2b: Harmacy|60\/100|[from] Sandstorm\n|-heal|p1a: Sinistcha|49\/100|[from] item: Leftovers\n|-heal|p2b: Harmacy|66\/100|[from] item: Leftovers\n|-heal|p1b: Gliscor|71\/100 tox|[from] ability: Poison Heal\n|-damage|p2a: ThcrThnSnkr|1\/100 psn|[from] psn\n|upkeep\n|turn|5\n|\n|t:|1698449584\n|move|p1b: Gliscor|Fling|p2b: Harmacy\n|-damage|p2b: Harmacy|60\/100\n|-status|p2b: Harmacy|tox\n|-enditem|p1b: Gliscor|Toxic Orb|[from] move: Fling\n|move|p1a: Sinistcha|Matcha Gotcha|p2a: ThcrThnSnkr|[spread] p2a,p2b\n|-supereffective|p2a: ThcrThnSnkr\n|-supereffective|p2b: Harmacy\n|-damage|p2a: ThcrThnSnkr|0 fnt\n|-heal|p1a: Sinistcha|49\/100|[from] drain|[of] p2a: ThcrThnSnkr\n|-damage|p2b: Harmacy|14\/100 tox\n|-heal|p1a: Sinistcha|84\/100|[from] drain|[of] p2b: Harmacy\n|faint|p2a: ThcrThnSnkr\n|move|p2b: Harmacy|Icy Wind|p1a: Sinistcha|[spread] p1a,p1b\n|-supereffective|p1a: Sinistcha\n|-crit|p1a: Sinistcha\n|-supereffective|p1b: Gliscor\n|-damage|p1a: Sinistcha|41\/100\n|-damage|p1b: Gliscor|33\/100 tox\n|-unboost|p1a: Sinistcha|spe|1\n|-unboost|p1b: Gliscor|spe|1\n|\n|-weather|Sandstorm|[upkeep]\n|-damage|p2b: Harmacy|8\/100 tox|[from] Sandstorm\n|-damage|p1a: Sinistcha|35\/100|[from] Sandstorm\n|-heal|p2b: Harmacy|14\/100 tox|[from] item: Leftovers\n|-heal|p1a: Sinistcha|41\/100|[from] item: Leftovers\n|-damage|p2b: Harmacy|8\/100 tox|[from] psn\n|-heal|p1b: Gliscor|46\/100 tox|[from] ability: Poison Heal\n|upkeep\n|\n|t:|1698449603\n|switch|p2a: Extra Spicy|Garchomp, M|100\/100\n|-damage|p2a: Extra Spicy|94\/100|[from] Stealth Rock\n|-status|p2a: Extra Spicy|psn\n|turn|6\n|\n|t:|1698449623\n|move|p1a: Sinistcha|Rage Powder|p1a: Sinistcha\n|-singleturn|p1a: Sinistcha|move: Rage Powder\n|move|p2a: Extra Spicy|Brick Break|p1a: Sinistcha\n|-immune|p1a: Sinistcha\n|move|p2b: Harmacy|Wish|p2b: Harmacy\n|move|p1b: Gliscor|Acrobatics|p2a: Extra Spicy\n|-damage|p2a: Extra Spicy|66\/100 psn\n|-damage|p1b: Gliscor|33\/100 tox|[from] ability: Rough Skin|[of] p2a: Extra Spicy\n|-damage|p1b: Gliscor|17\/100 tox|[from] item: Rocky Helmet|[of] p2a: Extra Spicy\n|\n|-weather|Sandstorm|[upkeep]\n|-damage|p2b: Harmacy|2\/100 tox|[from] Sandstorm\n|-damage|p1a: Sinistcha|35\/100|[from] Sandstorm\n|-heal|p2b: Harmacy|8\/100 tox|[from] item: Leftovers\n|-heal|p1a: Sinistcha|41\/100|[from] item: Leftovers\n|-damage|p2a: Extra Spicy|54\/100 psn|[from] psn\n|-damage|p2b: Harmacy|0 fnt|[from] psn\n|faint|p2b: Harmacy\n|-heal|p1b: Gliscor|29\/100 tox|[from] ability: Poison Heal\n|upkeep\n|\n|t:|1698449629\n|switch|p2b: Cold Shoulder|Abomasnow, M, shiny|100\/100\n|-damage|p2b: Cold Shoulder|76\/100|[from] Stealth Rock\n|-status|p2b: Cold Shoulder|psn\n|-weather|Snow|[from] ability: Snow Warning|[of] p2b: Cold Shoulder\n|turn|7\n|\n|t:|1698449640\n|move|p1b: Gliscor|Protect|p1b: Gliscor\n|-singleturn|p1b: Gliscor|Protect\n|move|p2a: Extra Spicy|Poison Jab|p1b: Gliscor\n|-activate|p1b: Gliscor|move: Protect\n|move|p2b: Cold Shoulder|Blizzard|p1b: Gliscor|[spread] p1a\n|-activate|p1b: Gliscor|move: Protect\n|-supereffective|p1a: Sinistcha\n|-damage|p1a: Sinistcha|0 fnt\n|faint|p1a: Sinistcha\n|\n|-weather|Snow|[upkeep]\n|-heal|p2b: Cold Shoulder|100\/100 psn|[from] move: Wish|[wisher] Harmacy\n|-damage|p2a: Extra Spicy|42\/100 psn|[from] psn\n|-damage|p2b: Cold Shoulder|88\/100 psn|[from] psn\n|-heal|p1b: Gliscor|41\/100 tox|[from] ability: Poison Heal\n|upkeep\n|\n|t:|1698449650\n|switch|p1a: Ninetales|Ninetales-Alola, F, shiny|91\/100\n|turn|8\n|\n|t:|1698449656\n|-terastallize|p2a: Extra Spicy|Steel\n|move|p1a: Ninetales|Aurora Veil|p1a: Ninetales\n|-sidestart|p1: plane water|move: Aurora Veil\n|move|p2a: Extra Spicy|Brick Break|p1a: Ninetales\n|-sideend|p1: plane water|Reflect\n|-sideend|p1: plane water|move: Light Screen\n|-sideend|p1: plane water|move: Aurora Veil\n|-damage|p1a: Ninetales|69\/100\n|move|p2b: Cold Shoulder|Blizzard|p1a: Ninetales|[spread] p1a,p1b\n|-resisted|p1a: Ninetales\n|-supereffective|p1b: Gliscor\n|-damage|p1a: Ninetales|51\/100\n|-damage|p1b: Gliscor|0 fnt\n|faint|p1b: Gliscor\n|\n|-weather|Snow|[upkeep]\n|-damage|p2a: Extra Spicy|29\/100 psn|[from] psn\n|-damage|p2b: Cold Shoulder|76\/100 psn|[from] psn\n|upkeep\n|\n|t:|1698449661\n|switch|p1b: Dragonite|Dragonite, M|100\/100\n|turn|9\n|\n|t:|1698449669\n|-terastallize|p1b: Dragonite|Water\n|move|p1a: Ninetales|Blizzard|p2b: Cold Shoulder|[spread] p2a,p2b\n|-resisted|p2a: Extra Spicy\n|-damage|p2a: Extra Spicy|14\/100 psn\n|-damage|p2b: Cold Shoulder|38\/100 psn\n|move|p1b: Dragonite|Dragon Dance|p1b: Dragonite\n|-boost|p1b: Dragonite|atk|1\n|-boost|p1b: Dragonite|spe|1\n|move|p2a: Extra Spicy|Poison Jab|p1a: Ninetales\n|-supereffective|p1a: Ninetales\n|-damage|p1a: Ninetales|6\/100\n|-status|p1a: Ninetales|psn\n|move|p2b: Cold Shoulder|Blizzard|p1b: Dragonite|[spread] p1a,p1b\n|-resisted|p1a: Ninetales\n|-resisted|p1b: Dragonite\n|-damage|p1a: Ninetales|0 fnt\n|-damage|p1b: Dragonite|93\/100\n|faint|p1a: Ninetales\n|\n|-weather|Snow|[upkeep]\n|-damage|p2a: Extra Spicy|1\/100 psn|[from] psn\n|-damage|p2b: Cold Shoulder|26\/100 psn|[from] psn\n|upkeep\n|turn|10\n|\n|t:|1698449685\n|move|p1b: Dragonite|Earthquake|p2a: Extra Spicy|[spread] p2a,p2b\n|-supereffective|p2a: Extra Spicy\n|-resisted|p2b: Cold Shoulder\n|-damage|p2a: Extra Spicy|0 fnt\n|-damage|p2b: Cold Shoulder|9\/100 psn\n|faint|p2a: Extra Spicy\n|-damage|p1b: Dragonite|83\/100|[from] item: Life Orb\n|move|p2b: Cold Shoulder|Giga Drain|p1b: Dragonite\n|-supereffective|p1b: Dragonite\n|-damage|p1b: Dragonite|25\/100\n|-heal|p2b: Cold Shoulder|36\/100 psn|[from] drain|[of] p1b: Dragonite\n|\n|-weather|Snow|[upkeep]\n|-damage|p2b: Cold Shoulder|24\/100 psn|[from] psn\n|upkeep\n|\n|t:|1698449701\n|switch|p2a: Weather War|Pelipper, F|100\/100\n|-weather|RainDance|[from] ability: Drizzle|[of] p2a: Weather War\n|turn|11\n|\n|t:|1698449710\n|move|p1b: Dragonite|Waterfall|p2b: Cold Shoulder\n|-resisted|p2b: Cold Shoulder\n|-damage|p2b: Cold Shoulder|0 fnt\n|faint|p2b: Cold Shoulder\n|-damage|p1b: Dragonite|15\/100|[from] item: Life Orb\n|move|p2a: Weather War|Hurricane|p1b: Dragonite\n|-damage|p1b: Dragonite|0 fnt\n|faint|p1b: Dragonite\n|\n|win|mikeyuwu\n|raw|plane water's rating: 1168 &rarr; <strong>1148<\/strong><br \/>(-20 for losing)\n|raw|mikeyuwu's rating: 1243 &rarr; <strong>1263<\/strong><br \/>(+20 for winning)\n|l|\u2606plane water\n","uploadtime":1698449728,"views":24,"p1id":"planewater","p2id":"mikeyuwu","formatid":"gen9doublesou","rating":1148,"private":0,"password":""}