{"id":"gen9doublesou-1987194912","p1":"Sushihoarder","p2":"Elite.4.Challenger","format":"[Gen 9] Doubles OU","log":"|j|\u2606Sushihoarder\n|j|\u2606Elite.4.Challenger\n|t:|1699564156\n|gametype|doubles\n|player|p1|Sushihoarder|265|1168\n|player|p2|Elite.4.Challenger|koga|1299\n|teamsize|p1|6\n|teamsize|p2|6\n|gen|9\n|tier|[Gen 9] Doubles OU\n|rated|\n|rule|Species Clause: Limit one of each Pok\u00e9mon\n|rule|OHKO Clause: OHKO moves are banned\n|rule|Evasion Moves Clause: Evasion moves are banned\n|rule|Gravity Sleep Clause: The combination of sleep-inducing moves with imperfect accuracy and Gravity or Gigantamax Orbeetle are banned\n|rule|Endless Battle Clause: Forcing endless battles is banned\n|rule|HP Percentage Mod: HP is shown in percentages\n|clearpoke\n|poke|p1|Rillaboom, M|\n|poke|p1|Okidogi, M|\n|poke|p1|Gholdengo|\n|poke|p1|Roaring Moon|\n|poke|p1|Gyarados, F|\n|poke|p1|Chien-Pao|\n|poke|p2|Zapdos|\n|poke|p2|Grimmsnarl, M|\n|poke|p2|Basculegion-F, F|\n|poke|p2|Goodra-Hisui, M|\n|poke|p2|Politoed, F|\n|poke|p2|Toxicroak, F|\n|teampreview\n|\n|t:|1699564181\n|start\n|switch|p1a: Monke|Rillaboom, M, shiny|100\/100\n|switch|p1b: What da dog doin|Okidogi, M|100\/100\n|switch|p2a: Gollum|Grimmsnarl, M|100\/100\n|switch|p2b: Zapdos|Zapdos|100\/100\n|-fieldstart|move: Grassy Terrain|[from] ability: Grassy Surge|[of] p1a: Monke\n|turn|1\n|\n|t:|1699564207\n|move|p1a: Monke|Fake Out|p2b: Zapdos\n|-damage|p2b: Zapdos|82\/100\n|move|p2a: Gollum|Fake Out|p1b: What da dog doin\n|-damage|p1b: What da dog doin|89\/100\n|cant|p2b: Zapdos|flinch\n|cant|p1b: What da dog doin|flinch\n|\n|-heal|p1b: What da dog doin|95\/100|[from] Grassy Terrain\n|-heal|p1b: What da dog doin|100\/100|[from] item: Leftovers\n|upkeep\n|turn|2\n|\n|t:|1699564255\n|move|p2a: Gollum|Reflect|p2a: Gollum\n|-sidestart|p2: Elite.4.Challenger|Reflect\n|move|p2b: Zapdos|Tailwind|p2b: Zapdos\n|-sidestart|p2: Elite.4.Challenger|move: Tailwind\n|move|p1a: Monke|Wood Hammer|p2b: Zapdos\n|-resisted|p2b: Zapdos\n|-damage|p2b: Zapdos|50\/100\n|-damage|p1a: Monke|92\/100|[from] Recoil\n|move|p1b: What da dog doin|Poison Jab|p2a: Gollum\n|-supereffective|p2a: Gollum\n|-damage|p2a: Gollum|29\/100\n|-status|p2a: Gollum|psn\n|\n|-heal|p2a: Gollum|35\/100 psn|[from] Grassy Terrain\n|-heal|p1a: Monke|98\/100|[from] Grassy Terrain\n|-damage|p2a: Gollum|23\/100 psn|[from] psn\n|upkeep\n|turn|3\n|\n|t:|1699564281\n|move|p2a: Gollum|Parting Shot|p1b: What da dog doin\n|-unboost|p1b: What da dog doin|atk|1\n|-unboost|p1b: What da dog doin|spa|1\n|\n|t:|1699564284\n|switch|p2a: Politoed|Politoed, F|100\/100|[from] Parting Shot\n|-weather|RainDance|[from] ability: Drizzle|[of] p2a: Politoed\n|move|p2b: Zapdos|Hurricane|p1a: Monke\n|-supereffective|p1a: Monke\n|-damage|p1a: Monke|15\/100\n|-start|p1a: Monke|confusion\n|-activate|p1a: Monke|confusion\n|move|p1a: Monke|Wood Hammer|p2b: Zapdos\n|-resisted|p2b: Zapdos\n|-damage|p2b: Zapdos|18\/100\n|-status|p1a: Monke|par|[from] ability: Static|[of] p2b: Zapdos\n|-damage|p1a: Monke|6\/100 par|[from] Recoil\n|move|p1b: What da dog doin|Poison Jab|p2a: Politoed\n|-damage|p2a: Politoed|81\/100\n|-enditem|p2a: Politoed|Eject Button\n|inactive|Battle timer is ON: inactive players will automatically lose when time's up. (requested by Sushihoarder)\n|\n|t:|1699564344\n|switch|p2a: Toxicroak|Toxicroak, F|100\/100\n|\n|-weather|RainDance|[upkeep]\n|-heal|p1a: Monke|12\/100 par|[from] Grassy Terrain\n|upkeep\n|turn|4\n|\n|t:|1699564365\n|switch|p1b: Croissant|Roaring Moon|100\/100\n|-enditem|p1b: Croissant|Booster Energy\n|-activate|p1b: Croissant|ability: Protosynthesis|[fromitem]\n|-start|p1b: Croissant|protosynthesisspe\n|move|p2a: Toxicroak|Fake Out|p1a: Monke\n|-damage|p1a: Monke|0 fnt\n|faint|p1a: Monke\n|-damage|p2a: Toxicroak|91\/100|[from] item: Life Orb\n|move|p2b: Zapdos|Hurricane|p1b: Croissant\n|-damage|p1b: Croissant|42\/100\n|\n|-weather|RainDance|[upkeep]\n|-heal|p2a: Toxicroak|100\/100|[from] ability: Dry Skin\n|-heal|p1b: Croissant|48\/100|[from] Grassy Terrain\n|upkeep\n|inactive|Sushihoarder has 120 seconds left.\n|\n|t:|1699564387\n|switch|p1a: String Cheese|Gholdengo, shiny|100\/100\n|turn|5\n|inactive|Sushihoarder has 120 seconds left.\n|\n|t:|1699564415\n|move|p2a: Toxicroak|Sucker Punch|p1a: String Cheese\n|-supereffective|p1a: String Cheese\n|-damage|p1a: String Cheese|36\/100\n|-damage|p2a: Toxicroak|91\/100|[from] item: Life Orb\n|move|p2b: Zapdos|Hurricane|p1b: Croissant\n|-damage|p1b: Croissant|0 fnt\n|faint|p1b: Croissant\n|-end|p1b: Croissant|Protosynthesis|[silent]\n|move|p1a: String Cheese|Make It Rain|p2b: Zapdos|[spread] p2a,p2b\n|-resisted|p2b: Zapdos\n|-damage|p2a: Toxicroak|0 fnt\n|-damage|p2b: Zapdos|0 fnt\n|-unboost|p1a: String Cheese|spa|1\n|faint|p2a: Toxicroak\n|faint|p2b: Zapdos\n|\n|-weather|RainDance|[upkeep]\n|-heal|p1a: String Cheese|42\/100|[from] Grassy Terrain\n|-sideend|p2: Elite.4.Challenger|move: Tailwind\n|-fieldend|move: Grassy Terrain\n|upkeep\n|inactive|Sushihoarder has 120 seconds left.\n|\n|t:|1699564447\n|switch|p1b: What da dog doin|Okidogi, M|100\/100\n|switch|p2b: Politoed|Politoed, F|81\/100\n|switch|p2a: Basculegion|Basculegion-F, F|100\/100\n|turn|6\n|inactive|Sushihoarder has 120 seconds left.\n|\n|t:|1699564468\n|move|p2b: Politoed|Helping Hand|p2a: Basculegion\n|-singleturn|p2a: Basculegion|Helping Hand|[of] p2b: Politoed\n|move|p2a: Basculegion|Surf|p1b: What da dog doin|[spread] p2b,p1a,p1b\n|-resisted|p2b: Politoed\n|-damage|p2b: Politoed|45\/100\n|-damage|p1a: String Cheese|0 fnt\n|-damage|p1b: What da dog doin|0 fnt\n|faint|p1a: String Cheese\n|faint|p1b: What da dog doin\n|\n|-weather|RainDance|[upkeep]\n|upkeep\n|inactive|Sushihoarder has 120 seconds left.\n|\n|t:|1699564477\n|switch|p1a: Cottonmouth|Gyarados, F|100\/100\n|switch|p1b: Cool Cat|Chien-Pao|100\/100\n|-ability|p1b: Cool Cat|Sword of Ruin\n|-ability|p1a: Cottonmouth|Intimidate|boost\n|-unboost|p2a: Basculegion|atk|1\n|-unboost|p2b: Politoed|atk|1\n|turn|7\n|inactive|Elite.4.Challenger has 120 seconds left.\n|\n|t:|1699564510\n|switch|p2a: Goodra|Goodra-Hisui, M|100\/100\n|move|p1b: Cool Cat|Lash Out|p2a: Goodra\n|-damage|p2a: Goodra|70\/100\n|move|p1a: Cottonmouth|Thunder Wave|p2b: Politoed\n|-status|p2b: Politoed|par\n|move|p2b: Politoed|Icy Wind|p1b: Cool Cat|[spread] p1a,p1b\n|-resisted|p1b: Cool Cat\n|-damage|p1a: Cottonmouth|94\/100\n|-damage|p1b: Cool Cat|93\/100\n|-unboost|p1a: Cottonmouth|spe|1\n|-unboost|p1b: Cool Cat|spe|1\n|\n|-weather|none\n|upkeep\n|turn|8\n|inactive|Elite.4.Challenger has 120 seconds left.\n|inactive|Sushihoarder has 120 seconds left.\n|\n|t:|1699564552\n|move|p1b: Cool Cat|Sacred Sword|p2b: Politoed\n|-damage|p2b: Politoed|18\/100 par\n|move|p2a: Goodra|Flash Cannon|p1b: Cool Cat\n|-supereffective|p1b: Cool Cat\n|-damage|p1b: Cool Cat|0 fnt\n|faint|p1b: Cool Cat\n|move|p1a: Cottonmouth|Outrage|p2a: Goodra\n|-damage|p2a: Goodra|47\/100\n|move|p2b: Politoed|Icy Wind|p1a: Cottonmouth\n|-damage|p1a: Cottonmouth|83\/100\n|-unboost|p1a: Cottonmouth|spe|1\n|\n|upkeep\n|turn|9\n|inactive|Elite.4.Challenger has 120 seconds left.\n|\n|t:|1699564571\n|move|p2a: Goodra|Acid Spray|p1a: Cottonmouth\n|-damage|p1a: Cottonmouth|75\/100\n|-unboost|p1a: Cottonmouth|spd|2\n|move|p1a: Cottonmouth|Outrage|p2b: Politoed|[from]lockedmove\n|-damage|p2b: Politoed|0 fnt\n|faint|p2b: Politoed\n|-start|p1a: Cottonmouth|confusion|[fatigue]\n|\n|-sideend|p2: Elite.4.Challenger|Reflect\n|upkeep\n|\n|t:|1699564582\n|switch|p2b: Basculegion|Basculegion-F, F|100\/100\n|turn|10\n|c|\u2606Elite.4.Challenger|gg\n|\n|t:|1699564596\n|-terastallize|p2b: Basculegion|Ice\n|move|p2b: Basculegion|Ice Beam|p1a: Cottonmouth\n|-damage|p1a: Cottonmouth|0 fnt\n|faint|p1a: Cottonmouth\n|\n|win|Elite.4.Challenger\n|raw|Sushihoarder's rating: 1168 &rarr; <strong>1152<\/strong><br \/>(-16 for losing)\n|raw|Elite.4.Challenger's rating: 1299 &rarr; <strong>1315<\/strong><br \/>(+16 for winning)\n","uploadtime":1699564760,"views":21,"p1id":"sushihoarder","p2id":"elite4challenger","formatid":"gen9doublesou","rating":1152,"private":0,"password":""}