{"id":"gen9doublesou-1981880787","p1":"Zadom123","p2":"nijfndceniudiuev","format":"[Gen 9] Doubles OU","log":"|j|\u203dZadom123\n|j|\u2606nijfndceniudiuev\n|t:|1698948669\n|gametype|doubles\n|player|p1|Zadom123|benga|1113\n|player|p2|nijfndceniudiuev|102|1000\n|teamsize|p1|6\n|teamsize|p2|6\n|gen|9\n|tier|[Gen 9] Doubles OU\n|rated|\n|rule|Species Clause: Limit one of each Pok\u00e9mon\n|rule|OHKO Clause: OHKO moves are banned\n|rule|Evasion Moves Clause: Evasion moves are banned\n|rule|Gravity Sleep Clause: The combination of sleep-inducing moves with imperfect accuracy and Gravity or Gigantamax Orbeetle are banned\n|rule|Endless Battle Clause: Forcing endless battles is banned\n|rule|HP Percentage Mod: HP is shown in percentages\n|clearpoke\n|poke|p1|Glimmora, M|\n|poke|p1|Wo-Chien|\n|poke|p1|Arcanine-Hisui, F|\n|poke|p1|Sinistcha-Masterpiece|\n|poke|p1|Flutter Mane|\n|poke|p1|Palafin, F|\n|poke|p2|Cresselia, F|\n|poke|p2|Heatran, F|\n|poke|p2|Ursaluna, M|\n|poke|p2|Armarouge, M|\n|poke|p2|Indeedee-F, F|\n|poke|p2|Grimmsnarl, M|\n|teampreview\n|inactive|Battle timer is ON: inactive players will automatically lose when time's up. (requested by Zadom123)\n|\n|t:|1698948688\n|start\n|switch|p1a: Sinistcha|Sinistcha-Masterpiece|100\/100\n|switch|p1b: Glimmora|Glimmora, M|100\/100\n|switch|p2a: Grimmsnarl|Grimmsnarl, M|100\/100\n|switch|p2b: Indeedee|Indeedee-F, F|100\/100\n|-fieldstart|move: Psychic Terrain|[from] ability: Psychic Surge|[of] p2b: Indeedee\n|-enditem|p2b: Indeedee|Psychic Seed\n|-boost|p2b: Indeedee|spd|1|[from] item: Psychic Seed\n|turn|1\n|\n|t:|1698948702\n|move|p2b: Indeedee|Follow Me|p2b: Indeedee\n|-singleturn|p2b: Indeedee|move: Follow Me\n|move|p2a: Grimmsnarl|Light Screen|p2a: Grimmsnarl\n|-sidestart|p2: nijfndceniudiuev|move: Light Screen\n|move|p1b: Glimmora|Spikes|p2b: Indeedee\n|-sidestart|p2: nijfndceniudiuev|Spikes\n|move|p1a: Sinistcha|Matcha Gotcha|p2a: Grimmsnarl|[spread] p2b\n|-miss|p1a: Sinistcha|p2a: Grimmsnarl\n|-damage|p2b: Indeedee|93\/100\n|\n|upkeep\n|turn|2\n|\n|t:|1698948724\n|move|p2a: Grimmsnarl|Reflect|p2a: Grimmsnarl\n|-sidestart|p2: nijfndceniudiuev|Reflect\n|move|p1b: Glimmora|Spikes|p2a: Grimmsnarl\n|-sidestart|p2: nijfndceniudiuev|Spikes\n|move|p2b: Indeedee|Shadow Ball|p1a: Sinistcha\n|-supereffective|p1a: Sinistcha\n|-damage|p1a: Sinistcha|64\/100\n|move|p1a: Sinistcha|Matcha Gotcha|p2b: Indeedee|[spread] p2a\n|-miss|p1a: Sinistcha|p2b: Indeedee\n|-damage|p2a: Grimmsnarl|87\/100\n|-heal|p1a: Sinistcha|73\/100|[from] drain|[of] p2a: Grimmsnarl\n|\n|-heal|p1a: Sinistcha|79\/100|[from] item: Leftovers\n|upkeep\n|turn|3\n|\n|t:|1698948746\n|move|p2a: Grimmsnarl|Parting Shot|p1a: Sinistcha\n|-activate|p1a: Sinistcha|move: Psychic Terrain\n|move|p1b: Glimmora|Spikes|p2b: Indeedee\n|-sidestart|p2: nijfndceniudiuev|Spikes\n|move|p2b: Indeedee|Shadow Ball|p1a: Sinistcha\n|-supereffective|p1a: Sinistcha\n|-damage|p1a: Sinistcha|46\/100\n|-unboost|p1a: Sinistcha|spd|1\n|move|p1a: Sinistcha|Matcha Gotcha|p2b: Indeedee|[spread] p2a,p2b\n|-damage|p2a: Grimmsnarl|74\/100\n|-heal|p1a: Sinistcha|55\/100|[from] drain|[of] p2a: Grimmsnarl\n|-damage|p2b: Indeedee|85\/100\n|-heal|p1a: Sinistcha|60\/100|[from] drain|[of] p2b: Indeedee\n|-status|p2a: Grimmsnarl|brn\n|\n|-heal|p1a: Sinistcha|66\/100|[from] item: Leftovers\n|-damage|p2a: Grimmsnarl|68\/100 brn|[from] brn\n|upkeep\n|turn|4\n|\n|t:|1698948773\n|switch|p2a: Armarouge|Armarouge, M|100\/100\n|-damage|p2a: Armarouge|76\/100|[from] Spikes\n|move|p2b: Indeedee|Follow Me|p2b: Indeedee\n|-singleturn|p2b: Indeedee|move: Follow Me\n|move|p1b: Glimmora|Mortal Spin|p2b: Indeedee|[spread] p2a,p2b\n|-damage|p2a: Armarouge|73\/100\n|-damage|p2b: Indeedee|81\/100\n|-status|p2a: Armarouge|psn\n|-status|p2b: Indeedee|psn\n|move|p1a: Sinistcha|Matcha Gotcha|p2a: Armarouge|[spread] p2a,p2b\n|-resisted|p2a: Armarouge\n|-damage|p2a: Armarouge|65\/100 psn\n|-heal|p1a: Sinistcha|71\/100|[from] drain|[of] p2a: Armarouge\n|-damage|p2b: Indeedee|74\/100 psn\n|-heal|p1a: Sinistcha|75\/100|[from] drain|[of] p2b: Indeedee\n|\n|-heal|p1a: Sinistcha|81\/100|[from] item: Leftovers\n|-heal|p2a: Armarouge|71\/100 psn|[from] item: Leftovers\n|-damage|p2b: Indeedee|61\/100 psn|[from] psn\n|-damage|p2a: Armarouge|59\/100 psn|[from] psn\n|upkeep\n|turn|5\n|\n|t:|1698948800\n|move|p1b: Glimmora|Dazzling Gleam|p2b: Indeedee|[spread] p2a,p2b\n|-resisted|p2a: Armarouge\n|-damage|p2a: Armarouge|52\/100 psn\n|-damage|p2b: Indeedee|56\/100 psn\n|move|p2b: Indeedee|Shadow Ball|p1a: Sinistcha\n|-supereffective|p1a: Sinistcha\n|-damage|p1a: Sinistcha|27\/100\n|move|p1a: Sinistcha|Scald|p2a: Armarouge\n|-supereffective|p2a: Armarouge\n|-damage|p2a: Armarouge|21\/100 psn\n|move|p2a: Armarouge|Expanding Force|p1b: Glimmora|[spread] p1a,p1b\n|-supereffective|p1b: Glimmora\n|-damage|p1a: Sinistcha|0 fnt\n|-damage|p1b: Glimmora|0 fnt\n|faint|p1a: Sinistcha\n|faint|p1b: Glimmora\n|\n|-heal|p2a: Armarouge|27\/100 psn|[from] item: Leftovers\n|-damage|p2b: Indeedee|43\/100 psn|[from] psn\n|-damage|p2a: Armarouge|15\/100 psn|[from] psn\n|-fieldend|move: Psychic Terrain\n|upkeep\n|inactive|Zadom123 has 120 seconds left.\n|\n|t:|1698948828\n|switch|p1b: Wo-Chien|Wo-Chien|100\/100\n|switch|p1a: Palafin|Palafin, F|100\/100\n|-ability|p1b: Wo-Chien|Tablets of Ruin\n|turn|6\n|\n|t:|1698948840\n|move|p1a: Palafin|Flip Turn|p2a: Armarouge\n|-supereffective|p2a: Armarouge\n|-damage|p2a: Armarouge|0 fnt\n|faint|p2a: Armarouge\n|\n|t:|1698948846\n|detailschange|p1a: Palafin|Palafin-Hero, F\n|switch|p1a: Arcanine|Arcanine-Hisui, F|100\/100|[from] Flip Turn\n|-ability|p1a: Arcanine|Intimidate|boost\n|-unboost|p2b: Indeedee|atk|1\n|move|p2b: Indeedee|Energy Ball|p1a: Arcanine\n|-damage|p1a: Arcanine|82\/100\n|move|p1b: Wo-Chien|Taunt|p2b: Indeedee\n|-start|p2b: Indeedee|move: Taunt\n|\n|-damage|p2b: Indeedee|31\/100 psn|[from] psn\n|upkeep\n|\n|t:|1698948851\n|switch|p2a: Cresselia|Cresselia, F|100\/100\n|turn|7\n|\n|t:|1698948872\n|switch|p1a: Flutter Mane|Flutter Mane|100\/100\n|-enditem|p1a: Flutter Mane|Booster Energy\n|-activate|p1a: Flutter Mane|ability: Protosynthesis|[fromitem]\n|-start|p1a: Flutter Mane|protosynthesisspa\n|move|p2b: Indeedee|Shadow Ball|p1a: Flutter Mane\n|-supereffective|p1a: Flutter Mane\n|-crit|p1a: Flutter Mane\n|-damage|p1a: Flutter Mane|44\/100\n|move|p1b: Wo-Chien|Leech Seed|p2a: Cresselia|[miss]\n|-miss|p1b: Wo-Chien|p2a: Cresselia\n|move|p2a: Cresselia|Trick Room|p2a: Cresselia\n|-fieldstart|move: Trick Room|[of] p2a: Cresselia\n|\n|-damage|p2b: Indeedee|18\/100 psn|[from] psn\n|upkeep\n|turn|8\n|inactive|nijfndceniudiuev has 120 seconds left.\n|\n|t:|1698948902\n|switch|p2b: Ursaluna|Ursaluna, M|100\/100\n|-damage|p2b: Ursaluna|75\/100|[from] Spikes\n|-end|p1a: Flutter Mane|Protosynthesis|[silent]\n|switch|p1a: Arcanine|Arcanine-Hisui, F|82\/100\n|-ability|p1a: Arcanine|Intimidate|boost\n|-unboost|p2a: Cresselia|atk|1\n|-unboost|p2b: Ursaluna|atk|1\n|move|p1b: Wo-Chien|Leech Seed|p2a: Cresselia\n|-start|p2a: Cresselia|move: Leech Seed\n|move|p2a: Cresselia|Psychic|p1a: Arcanine\n|-damage|p1a: Arcanine|58\/100\n|\n|-damage|p2a: Cresselia|88\/100|[from] Leech Seed|[of] p1b: Wo-Chien\n|-sideend|p2: nijfndceniudiuev|move: Light Screen\n|-status|p2b: Ursaluna|brn|[from] item: Flame Orb\n|upkeep\n|turn|9\n|\n|t:|1698948929\n|move|p2a: Cresselia|Helping Hand|p2b: Ursaluna\n|-singleturn|p2b: Ursaluna|Helping Hand|[of] p2a: Cresselia\n|move|p1a: Arcanine|Extreme Speed|p2b: Ursaluna\n|-damage|p2b: Ursaluna|69\/100 brn\n|move|p2b: Ursaluna|Facade|p1b: Wo-Chien\n|-damage|p1b: Wo-Chien|37\/100\n|move|p1b: Wo-Chien|Giga Drain|p2b: Ursaluna\n|-supereffective|p2b: Ursaluna\n|-damage|p2b: Ursaluna|31\/100 brn\n|-heal|p1b: Wo-Chien|68\/100|[from] drain|[of] p2b: Ursaluna\n|\n|-damage|p2a: Cresselia|76\/100|[from] Leech Seed|[of] p1b: Wo-Chien\n|-heal|p1b: Wo-Chien|87\/100|[silent]\n|-damage|p2b: Ursaluna|25\/100 brn|[from] brn\n|-sideend|p2: nijfndceniudiuev|Reflect\n|upkeep\n|turn|10\n|inactive|nijfndceniudiuev has 120 seconds left.\n|inactive|nijfndceniudiuev has 90 seconds left.\n|inactive|nijfndceniudiuev has 60 seconds left.\n|inactive|nijfndceniudiuev has 30 seconds left.\n|inactive|nijfndceniudiuev has 20 seconds left.\n|inactive|nijfndceniudiuev has 15 seconds left.\n|inactive|nijfndceniudiuev has 10 seconds left.\n|inactive|nijfndceniudiuev has 5 seconds left.\n|-message|nijfndceniudiuev lost due to inactivity.\n|\n|win|Zadom123\n|raw|Zadom123's rating: 1113 &rarr; <strong>1130<\/strong><br \/>(+17 for winning)\n|raw|nijfndceniudiuev's rating: 1000 &rarr; <strong>1000<\/strong><br \/>(+0 for losing)\n|l|\u203dZadom123\n|j|\u203dZadom123\n|player|p1|Zadom123|benga\n","uploadtime":1698949114,"views":21,"p1id":"zadom123","p2id":"nijfndceniudiuev","formatid":"gen9doublesou","rating":1000,"private":0,"password":""}