{"id":"gen9doublesou-1971047845","p1":"dubs 4 life","p2":"dmon1199","format":"[Gen 9] Doubles OU","log":"|j|\u2606dubs 4 life\n|j|\u2606dmon1199\n|t:|1697698273\n|gametype|doubles\n|player|p1|dubs 4 life|clown|1357\n|player|p2|dmon1199|pokemaniac|1331\n|teamsize|p1|6\n|teamsize|p2|6\n|gen|9\n|tier|[Gen 9] Doubles OU\n|rated|\n|rule|Species Clause: Limit one of each Pok\u00e9mon\n|rule|OHKO Clause: OHKO moves are banned\n|rule|Evasion Moves Clause: Evasion moves are banned\n|rule|Gravity Sleep Clause: The combination of sleep-inducing moves with imperfect accuracy and Gravity or Gigantamax Orbeetle are banned\n|rule|Endless Battle Clause: Forcing endless battles is banned\n|rule|HP Percentage Mod: HP is shown in percentages\n|clearpoke\n|poke|p1|Basculegion, M|\n|poke|p1|Ogerpon-Hearthflame, F|\n|poke|p1|Tornadus, M|\n|poke|p1|Breloom, F|\n|poke|p1|Chien-Pao|\n|poke|p1|Ursaluna-Bloodmoon, M|\n|poke|p2|Kommo-o, M|\n|poke|p2|Fezandipiti, M|\n|poke|p2|Chien-Pao|\n|poke|p2|Tornadus, M|\n|poke|p2|Scizor, M|\n|poke|p2|Ogerpon-Cornerstone, F|\n|teampreview\n|inactive|Battle timer is ON: inactive players will automatically lose when time's up. (requested by dubs 4 life)\n|inactive|dubs 4 life has 120 seconds left.\n|\n|t:|1697698310\n|start\n|switch|p1a: buff man|Tornadus, M|100\/100\n|switch|p1b: GYATT|Ogerpon-Hearthflame, F|100\/100\n|switch|p2a: Tornadus|Tornadus, M, shiny|100\/100\n|switch|p2b: Ogerpon|Ogerpon-Cornerstone, F|100\/100\n|-ability|p1b: GYATT|Mold Breaker\n|turn|1\n|inactive|dubs 4 life has 120 seconds left.\n|\n|t:|1697698345\n|move|p1a: buff man|Tailwind|p1a: buff man\n|-sidestart|p1: dubs 4 life|move: Tailwind\n|move|p2a: Tornadus|Taunt|p1a: buff man\n|-start|p1a: buff man|move: Taunt\n|-enditem|p1a: buff man|Mental Herb\n|-end|p1a: buff man|move: Taunt\n|move|p1b: GYATT|Ivy Cudgel|p2b: Ogerpon\n|-damage|p2b: Ogerpon|20\/100\n|move|p2b: Ogerpon|Ivy Cudgel|p1b: GYATT\n|-supereffective|p1b: GYATT\n|-crit|p1b: GYATT\n|-damage|p1b: GYATT|0 fnt\n|faint|p1b: GYATT\n|\n|upkeep\n|\n|t:|1697698374\n|switch|p1b: Foxy??|Chien-Pao|100\/100\n|-ability|p1b: Foxy??|Sword of Ruin\n|turn|2\n|\n|t:|1697698393\n|move|p2b: Ogerpon|Spiky Shield|p2b: Ogerpon\n|-singleturn|p2b: Ogerpon|move: Protect\n|move|p2a: Tornadus|Tailwind|p2a: Tornadus\n|-sidestart|p2: dmon1199|move: Tailwind\n|move|p1b: Foxy??|Ice Spinner|p2a: Tornadus\n|-supereffective|p2a: Tornadus\n|-damage|p2a: Tornadus|0 fnt\n|faint|p2a: Tornadus\n|move|p1a: buff man|Bleakwind Storm|p2b: Ogerpon\n|-activate|p2b: Ogerpon|move: Protect\n|\n|upkeep\n|\n|t:|1697698411\n|switch|p2a: Scizor|Scizor, M, shiny|100\/100\n|turn|3\n|inactive|dubs 4 life has 120 seconds left.\n|\n|t:|1697698427\n|move|p2a: Scizor|Bullet Punch|p1b: Foxy??\n|-supereffective|p1b: Foxy??\n|-damage|p1b: Foxy??|0 fnt\n|faint|p1b: Foxy??\n|move|p1a: buff man|Bleakwind Storm|p2b: Ogerpon|[spread] p2a,p2b\n|-damage|p2a: Scizor|61\/100\n|-damage|p2b: Ogerpon|0 fnt\n|-unboost|p2a: Scizor|spe|1\n|faint|p2b: Ogerpon\n|\n|upkeep\n|\n|t:|1697698439\n|switch|p1b: FREDDY|Ursaluna-Bloodmoon, M|100\/100\n|switch|p2b: Chien-Pao|Chien-Pao|100\/100\n|-ability|p2b: Chien-Pao|Sword of Ruin\n|turn|4\n|\n|t:|1697698449\n|-terastallize|p1b: FREDDY|Ghost\n|move|p1a: buff man|Protect|p1a: buff man\n|-singleturn|p1a: buff man|Protect\n|move|p2a: Scizor|Bullet Punch|p1b: FREDDY\n|-damage|p1b: FREDDY|49\/100\n|move|p2b: Chien-Pao|Icicle Crash|p1a: buff man\n|-activate|p1a: buff man|move: Protect\n|move|p1b: FREDDY|Moonblast|p2b: Chien-Pao\n|-supereffective|p2b: Chien-Pao\n|-damage|p2b: Chien-Pao|25\/100\n|-unboost|p2b: Chien-Pao|spa|1\n|\n|-sideend|p1: dubs 4 life|move: Tailwind\n|upkeep\n|turn|5\n|\n|t:|1697698464\n|move|p1a: buff man|Tailwind|p1a: buff man\n|-sidestart|p1: dubs 4 life|move: Tailwind\n|move|p2a: Scizor|Bullet Punch|p1b: FREDDY\n|-damage|p1b: FREDDY|0 fnt\n|faint|p1b: FREDDY\n|move|p2b: Chien-Pao|Icicle Crash|p1a: buff man\n|-supereffective|p1a: buff man\n|-damage|p1a: buff man|0 fnt\n|faint|p1a: buff man\n|\n|-sideend|p2: dmon1199|move: Tailwind\n|upkeep\n|\n|t:|1697698473\n|switch|p1a: Rizzler|Breloom, F|100\/100\n|switch|p1b: fishy :)|Basculegion, M|100\/100\n|turn|6\n|\n|t:|1697698481\n|move|p1a: Rizzler|Mach Punch|p2b: Chien-Pao\n|-supereffective|p2b: Chien-Pao\n|-damage|p2b: Chien-Pao|0 fnt\n|faint|p2b: Chien-Pao\n|move|p2a: Scizor|Bullet Punch|p1a: Rizzler\n|-damage|p1a: Rizzler|20\/100\n|move|p1b: fishy :)|Last Respects|p2a: Scizor\n|-damage|p2a: Scizor|0 fnt\n|faint|p2a: Scizor\n|\n|upkeep\n|\n|t:|1697698485\n|switch|p2b: Fezandipiti|Fezandipiti, M|100\/100\n|switch|p2a: Kommo-o|Kommo-o, M, shiny|100\/100\n|turn|7\n|\n|t:|1697698513\n|-terastallize|p2a: Kommo-o|Steel\n|move|p1b: fishy :)|Last Respects|p2b: Fezandipiti\n|-damage|p2b: Fezandipiti|0 fnt\n|faint|p2b: Fezandipiti\n|move|p1a: Rizzler|Bullet Seed|p2a: Kommo-o\n|-immune|p2a: Kommo-o|[from] ability: Bulletproof\n|move|p2a: Kommo-o|Clangorous Soul|p2a: Kommo-o\n|-boost|p2a: Kommo-o|atk|1\n|-boost|p2a: Kommo-o|def|1\n|-boost|p2a: Kommo-o|spa|1\n|-boost|p2a: Kommo-o|spd|1\n|-boost|p2a: Kommo-o|spe|1\n|-damage|p2a: Kommo-o|68\/100\n|-enditem|p2a: Kommo-o|Throat Spray\n|-boost|p2a: Kommo-o|spa|1|[from] item: Throat Spray\n|\n|upkeep\n|turn|8\n|\n|t:|1697698525\n|move|p1a: Rizzler|Mach Punch|p2a: Kommo-o\n|-supereffective|p2a: Kommo-o\n|-crit|p2a: Kommo-o\n|-damage|p2a: Kommo-o|0 fnt\n|faint|p2a: Kommo-o\n|\n|win|dubs 4 life\n|raw|dubs 4 life's rating: 1357 &rarr; <strong>1376<\/strong><br \/>(+19 for winning)\n|raw|dmon1199's rating: 1331 &rarr; <strong>1312<\/strong><br \/>(-19 for losing)\n|l|\u2606dmon1199\n","uploadtime":1697698541,"views":21,"p1id":"dubs4life","p2id":"dmon1199","formatid":"gen9doublesou","rating":1312,"private":0,"password":""}