{"id":"gen9doublesou-1995309476","p1":"Blue Kaiser dragon","p2":"balloongrapes","format":"[Gen 9] Doubles OU","log":"|j|\u2606Blue Kaiser dragon\n|j|\u2606balloongrapes\n|t:|1700551216\n|gametype|doubles\n|player|p1|Blue Kaiser dragon|volkner|1080\n|player|p2|balloongrapes|170|1144\n|teamsize|p1|6\n|teamsize|p2|6\n|gen|9\n|tier|[Gen 9] Doubles OU\n|rated|\n|rule|Species Clause: Limit one of each Pok\u00e9mon\n|rule|OHKO Clause: OHKO moves are banned\n|rule|Evasion Moves Clause: Evasion moves are banned\n|rule|Gravity Sleep Clause: The combination of sleep-inducing moves with imperfect accuracy and Gravity or Gigantamax Orbeetle are banned\n|rule|Endless Battle Clause: Forcing endless battles is banned\n|rule|HP Percentage Mod: HP is shown in percentages\n|clearpoke\n|poke|p1|Snorlax, M|\n|poke|p1|Sinistcha-Masterpiece|\n|poke|p1|Kommo-o, M|\n|poke|p1|Landorus-Therian, M|\n|poke|p1|Ogerpon-Wellspring, F|\n|poke|p1|Volcarona, F|\n|poke|p2|Klefki, F|\n|poke|p2|Maushold-Four|\n|poke|p2|Ceruledge, M|\n|poke|p2|Talonflame, M|\n|poke|p2|Roaring Moon|\n|poke|p2|Rabsca, M|\n|teampreview\n|inactive|Battle timer is ON: inactive players will automatically lose when time's up. (requested by balloongrapes)\n|inactive|balloongrapes has 120 seconds left.\n|\n|t:|1700551258\n|start\n|switch|p1a: Snorlax|Snorlax, M|100\/100\n|switch|p1b: Landorus|Landorus-Therian, M|100\/100\n|switch|p2a: Talonflame|Talonflame, M|100\/100\n|switch|p2b: Ceruledge|Ceruledge, M|100\/100\n|-ability|p1b: Landorus|Intimidate|boost\n|-unboost|p2a: Talonflame|atk|1\n|-unboost|p2b: Ceruledge|atk|1\n|turn|1\n|inactive|Blue Kaiser dragon has 120 seconds left.\n|inactive|Blue Kaiser dragon has 90 seconds left.\n|\n|t:|1700551342\n|-terastallize|p2b: Ceruledge|Ground\n|move|p2a: Talonflame|Will-O-Wisp|p1a: Snorlax\n|-status|p1a: Snorlax|brn\n|move|p1b: Landorus|Substitute|p1b: Landorus\n|-start|p1b: Landorus|Substitute\n|-damage|p1b: Landorus|76\/100\n|move|p2b: Ceruledge|Flame Charge|p1a: Snorlax\n|-damage|p1a: Snorlax|94\/100 brn\n|-boost|p2b: Ceruledge|spe|1\n|move|p1a: Snorlax|Belly Drum|p1a: Snorlax\n|-damage|p1a: Snorlax|45\/100 brn\n|-setboost|p1a: Snorlax|atk|6|[from] move: Belly Drum\n|-enditem|p1a: Snorlax|Sitrus Berry|[eat]\n|-heal|p1a: Snorlax|69\/100 brn|[from] item: Sitrus Berry\n|\n|-damage|p1a: Snorlax|63\/100 brn|[from] brn\n|upkeep\n|turn|2\n|inactive|Blue Kaiser dragon has 90 seconds left.\n|inactive|balloongrapes has 120 seconds left.\n|inactive|Blue Kaiser dragon has 60 seconds left.\n|\n|t:|1700551395\n|switch|p2a: Maushold|Maushold-Four|100\/100\n|move|p2b: Ceruledge|Swords Dance|p2b: Ceruledge\n|-boost|p2b: Ceruledge|atk|2\n|move|p1b: Landorus|Swords Dance|p1b: Landorus\n|-boost|p1b: Landorus|atk|2\n|move|p1a: Snorlax|Facade|p2b: Ceruledge\n|-damage|p2b: Ceruledge|0 fnt\n|faint|p2b: Ceruledge\n|\n|-damage|p1a: Snorlax|57\/100 brn|[from] brn\n|upkeep\n|inactive|balloongrapes has 90 seconds left.\n|\n|t:|1700551412\n|switch|p2b: Klefki|Klefki, F|100\/100\n|turn|3\n|\n|t:|1700551433\n|move|p2b: Klefki|Reflect|p2b: Klefki\n|-sidestart|p2: balloongrapes|Reflect\n|move|p2a: Maushold|Super Fang|p1b: Landorus\n|-end|p1b: Landorus|Substitute\n|move|p1b: Landorus|Sandsear Storm|p2b: Klefki|[spread] \n|-miss|p1b: Landorus|p2a: Maushold\n|-miss|p1b: Landorus|p2b: Klefki\n|move|p1a: Snorlax|Earthquake|p2b: Klefki|[spread] p2a,p2b\n|-immune|p1b: Landorus\n|-supereffective|p2b: Klefki\n|-damage|p2a: Maushold|69\/100\n|-damage|p2b: Klefki|56\/100\n|\n|-damage|p1a: Snorlax|51\/100 brn|[from] brn\n|upkeep\n|turn|4\n|inactive|Blue Kaiser dragon has 90 seconds left.\n|inactive|balloongrapes has 120 seconds left.\n|\n|t:|1700551464\n|move|p2b: Klefki|Sunny Day|p2b: Klefki\n|-weather|SunnyDay\n|move|p2a: Maushold|Super Fang|p1b: Landorus\n|-damage|p1b: Landorus|38\/100\n|move|p1b: Landorus|Sandsear Storm|p2a: Maushold|[spread] p2a,p2b\n|-crit|p2a: Maushold\n|-supereffective|p2b: Klefki\n|-damage|p2a: Maushold|2\/100\n|-damage|p2b: Klefki|15\/100\n|-damage|p1b: Landorus|28\/100|[from] item: Life Orb\n|move|p1a: Snorlax|Facade|p2a: Maushold\n|-damage|p2a: Maushold|0 fnt\n|faint|p2a: Maushold\n|\n|-weather|SunnyDay|[upkeep]\n|-damage|p1a: Snorlax|45\/100 brn|[from] brn\n|upkeep\n|inactive|balloongrapes has 90 seconds left.\n|\n|t:|1700551481\n|switch|p2a: Rabsca|Rabsca, M|100\/100\n|turn|5\n|inactive|Blue Kaiser dragon has 90 seconds left.\n|\n|t:|1700551501\n|move|p2b: Klefki|Light Screen|p2b: Klefki\n|-sidestart|p2: balloongrapes|move: Light Screen\n|move|p1b: Landorus|U-turn|p2b: Klefki\n|-resisted|p2b: Klefki\n|-damage|p2b: Klefki|0 fnt\n|faint|p2b: Klefki\n|-damage|p1b: Landorus|19\/100|[from] item: Life Orb\n|inactive|Blue Kaiser dragon has 90 seconds left.\n|\n|t:|1700551509\n|switch|p1b: Sinistcha|Sinistcha-Masterpiece|100\/100|[from] U-turn\n|-heal|p1a: Snorlax|70\/100 brn|[from] ability: Hospitality|[of] p1b: Sinistcha\n|move|p1a: Snorlax|Facade|p2a: Rabsca\n|-damage|p2a: Rabsca|0 fnt\n|faint|p2a: Rabsca\n|\n|-weather|SunnyDay|[upkeep]\n|-damage|p1a: Snorlax|64\/100 brn|[from] brn\n|upkeep\n|\n|t:|1700551521\n|switch|p2b: Roaring Moon|Roaring Moon|100\/100\n|switch|p2a: Talonflame|Talonflame, M|100\/100\n|-activate|p2b: Roaring Moon|ability: Protosynthesis\n|-start|p2b: Roaring Moon|protosynthesisatk\n|turn|6\n|\n|t:|1700551545\n|switch|p1b: Fire \ud83d\udd25 flower|Volcarona, F|100\/100\n|move|p2a: Talonflame|Tailwind|p2a: Talonflame\n|-sidestart|p2: balloongrapes|move: Tailwind\n|move|p2b: Roaring Moon|Rock Slide|p1a: Snorlax|[spread] p1a,p1b\n|-supereffective|p1b: Fire \ud83d\udd25 flower\n|-damage|p1a: Snorlax|44\/100 brn\n|-enditem|p1b: Fire \ud83d\udd25 flower|Focus Sash\n|-damage|p1b: Fire \ud83d\udd25 flower|1\/100\n|cant|p1a: Snorlax|flinch\n|\n|-weather|SunnyDay|[upkeep]\n|-damage|p1a: Snorlax|38\/100 brn|[from] brn\n|upkeep\n|turn|7\n|inactive|Blue Kaiser dragon has 120 seconds left.\n|inactive|balloongrapes has 120 seconds left.\n|inactive|Blue Kaiser dragon has 90 seconds left.\n|\n|t:|1700551602\n|switch|p1b: Landorus|Landorus-Therian, M|19\/100\n|-ability|p1b: Landorus|Intimidate|boost\n|-unboost|p2a: Talonflame|atk|1\n|-unboost|p2b: Roaring Moon|atk|1\n|move|p2a: Talonflame|Quick Guard|p2a: Talonflame\n|-singleturn|p2a: Talonflame|Quick Guard\n|move|p2b: Roaring Moon|Rock Slide|p1a: Snorlax|[spread] p1a,p1b\n|-crit|p1a: Snorlax\n|-damage|p1a: Snorlax|6\/100 brn\n|-damage|p1b: Landorus|0 fnt\n|faint|p1b: Landorus\n|move|p1a: Snorlax|Facade|p2b: Roaring Moon\n|-damage|p2b: Roaring Moon|0 fnt\n|faint|p2b: Roaring Moon\n|-end|p2b: Roaring Moon|Protosynthesis|[silent]\n|\n|-weather|SunnyDay|[upkeep]\n|-damage|p1a: Snorlax|0 fnt|[from] brn\n|faint|p1a: Snorlax\n|upkeep\n|inactive|Blue Kaiser dragon has 60 seconds left.\n|\n|t:|1700551625\n|switch|p1b: Sinistcha|Sinistcha-Masterpiece|100\/100\n|switch|p1a: Fire \ud83d\udd25 flower|Volcarona, F|1\/100\n|-heal|p1a: Fire \ud83d\udd25 flower|26\/100|[from] ability: Hospitality|[of] p1b: Sinistcha\n|turn|8\n|-message|balloongrapes forfeited.\n|\n|win|Blue Kaiser dragon\n|raw|Blue Kaiser dragon's rating: 1102 &rarr; <strong>1130<\/strong><br \/>(+28 for winning)\n|raw|balloongrapes's rating: 1144 &rarr; <strong>1116<\/strong><br \/>(-28 for losing)\n|l|\u2606balloongrapes\n","uploadtime":1700551658,"views":1,"p1id":"bluekaiserdragon","p2id":"balloongrapes","formatid":"gen9doublesou","rating":1116,"private":0,"password":""}