{"id":"gen9doublesou-1977056595","p1":"bleahey","p2":"DaniPhantom25","format":"[Gen 9] Doubles OU","log":"|j|\u2606bleahey\n|j|\u2606DaniPhantom25\n|inactive|Battle timer is ON: inactive players will automatically lose when time's up.\n|t:|1698366654\n|gametype|doubles\n|player|p1|bleahey|brendan|\n|player|p2|DaniPhantom25|colress|\n|teamsize|p1|6\n|teamsize|p2|6\n|gen|9\n|tier|[Gen 9] Doubles OU\n|rated|Tournament battle\n|rule|Species Clause: Limit one of each Pok\u00e9mon\n|rule|OHKO Clause: OHKO moves are banned\n|rule|Evasion Moves Clause: Evasion moves are banned\n|rule|Gravity Sleep Clause: The combination of sleep-inducing moves with imperfect accuracy and Gravity or Gigantamax Orbeetle are banned\n|rule|Endless Battle Clause: Forcing endless battles is banned\n|rule|HP Percentage Mod: HP is shown in percentages\n|clearpoke\n|poke|p1|Meowth, M|\n|poke|p1|Naclstack, M|\n|poke|p1|Makuhita, F|\n|poke|p1|Feebas, F|\n|poke|p1|Litleo, F|\n|poke|p1|Pineco, M|\n|poke|p2|Croagunk, M|\n|poke|p2|Crocalor, F|\n|poke|p2|Chewtle, F|\n|poke|p2|Maschiff, M|\n|poke|p2|Quaxwell, F|\n|poke|p2|Toedscool, F|\n|teampreview\n|j|*Lady Monita \u263d\n|inactive|bleahey also wants the timer to be on.\n|c|\u2606bleahey|glhf\n|c|\u2606DaniPhantom25|glhf\n|inactive|DaniPhantom25 has 120 seconds left.\n|\n|t:|1698366685\n|start\n|switch|p1a: Meowth|Meowth, M|100\/100\n|switch|p1b: Pineco|Pineco, M|100\/100\n|switch|p2a: Chewtle|Chewtle, F|100\/100\n|switch|p2b: Croagunk|Croagunk, M|100\/100\n|turn|1\n|\n|t:|1698366699\n|move|p1a: Meowth|Fake Out|p2b: Croagunk\n|-damage|p2b: Croagunk|74\/100\n|cant|p2b: Croagunk|flinch\n|move|p2a: Chewtle|Shell Smash|p2a: Chewtle\n|-unboost|p2a: Chewtle|def|1\n|-unboost|p2a: Chewtle|spd|1\n|-boost|p2a: Chewtle|atk|2\n|-boost|p2a: Chewtle|spa|2\n|-boost|p2a: Chewtle|spe|2\n|move|p1b: Pineco|Stealth Rock|p2b: Croagunk\n|-sidestart|p2: DaniPhantom25|move: Stealth Rock\n|\n|upkeep\n|turn|2\n|inactive|DaniPhantom25 has 120 seconds left.\n|\n|t:|1698366731\n|move|p1a: Meowth|Protect|p1a: Meowth\n|-singleturn|p1a: Meowth|Protect\n|move|p2a: Chewtle|Liquidation|p1b: Pineco\n|-damage|p1b: Pineco|49\/100\n|move|p2b: Croagunk|Drain Punch|p1a: Meowth\n|-activate|p1a: Meowth|move: Protect\n|move|p1b: Pineco|Explosion|p2b: Croagunk|[spread] p2a,p2b\n|-activate|p1a: Meowth|move: Protect\n|-damage|p2a: Chewtle|0 fnt\n|-damage|p2b: Croagunk|4\/100\n|faint|p1b: Pineco\n|faint|p2a: Chewtle\n|\n|upkeep\n|\n|t:|1698366755\n|switch|p2a: Quaxwell|Quaxwell, F|100\/100\n|switch|p1b: Makuhita|Makuhita, F|100\/100\n|-damage|p2a: Quaxwell|88\/100|[from] Stealth Rock\n|turn|3\n|inactive|bleahey has 120 seconds left.\n|\n|t:|1698366789\n|-terastallize|p2a: Quaxwell|Water\n|move|p1b: Makuhita|Fake Out|p2a: Quaxwell\n|-damage|p2a: Quaxwell|71\/100\n|move|p1a: Meowth|Feint|p2b: Croagunk\n|-damage|p2b: Croagunk|0 fnt\n|faint|p2b: Croagunk\n|cant|p2a: Quaxwell|flinch\n|\n|upkeep\n|inactive|DaniPhantom25 has 120 seconds left.\n|\n|t:|1698366801\n|switch|p2b: Crocalor|Crocalor, F|100\/100\n|-damage|p2b: Crocalor|76\/100|[from] Stealth Rock\n|turn|4\n|\n|t:|1698366813\n|move|p2b: Crocalor|Helping Hand|p2a: Quaxwell\n|-singleturn|p2a: Quaxwell|Helping Hand|[of] p2b: Crocalor\n|move|p2a: Quaxwell|Liquidation|p1b: Makuhita\n|-damage|p1b: Makuhita|0 fnt\n|faint|p1b: Makuhita\n|-ability|p2a: Quaxwell|Moxie|boost\n|-boost|p2a: Quaxwell|atk|1\n|move|p1a: Meowth|Knock Off|p2b: Crocalor\n|-damage|p2b: Crocalor|61\/100\n|-enditem|p2b: Crocalor|Eviolite|[from] move: Knock Off|[of] p1a: Meowth\n|\n|upkeep\n|\n|t:|1698366825\n|switch|p1b: Feebas|Feebas, F|100\/100\n|turn|5\n|\n|t:|1698366838\n|move|p2a: Quaxwell|Liquidation|p1a: Meowth\n|-enditem|p1a: Meowth|Focus Sash\n|-damage|p1a: Meowth|1\/100\n|move|p1a: Meowth|Knock Off|p2a: Quaxwell\n|-damage|p2a: Quaxwell|39\/100\n|-enditem|p2a: Quaxwell|Choice Scarf|[from] move: Knock Off|[of] p1a: Meowth\n|move|p1b: Feebas|Haze|p1b: Feebas\n|-clearallboost\n|move|p2b: Crocalor|Hyper Voice|p1b: Feebas|[spread] p1a,p1b\n|-damage|p1a: Meowth|0 fnt\n|-damage|p1b: Feebas|74\/100\n|faint|p1a: Meowth\n|\n|upkeep\n|\n|t:|1698366855\n|switch|p1a: Naclstack|Naclstack, M|100\/100\n|turn|6\n|inactive|DaniPhantom25 has 120 seconds left.\n|\n|t:|1698366886\n|-terastallize|p1a: Naclstack|Ghost\n|move|p1b: Feebas|Icy Wind|p2b: Crocalor|[spread] p2a,p2b\n|-resisted|p2a: Quaxwell\n|-resisted|p2b: Crocalor\n|-damage|p2a: Quaxwell|37\/100\n|-damage|p2b: Crocalor|60\/100\n|-unboost|p2a: Quaxwell|spe|1\n|-unboost|p2b: Crocalor|spe|1\n|move|p2a: Quaxwell|Liquidation|p1a: Naclstack\n|-damage|p1a: Naclstack|67\/100\n|move|p1a: Naclstack|Iron Defense|p1a: Naclstack\n|-boost|p1a: Naclstack|def|2\n|move|p2b: Crocalor|Hyper Voice|p1a: Naclstack|[spread] p1b\n|-immune|p1a: Naclstack\n|-damage|p1b: Feebas|48\/100\n|\n|upkeep\n|turn|7\n|\n|t:|1698366909\n|move|p1b: Feebas|Light Screen|p1b: Feebas\n|-sidestart|p1: bleahey|move: Light Screen\n|move|p2a: Quaxwell|Brave Bird|p1b: Feebas\n|-damage|p1b: Feebas|0 fnt\n|faint|p1b: Feebas\n|-ability|p2a: Quaxwell|Moxie|boost\n|-boost|p2a: Quaxwell|atk|1\n|-damage|p2a: Quaxwell|24\/100|[from] Recoil\n|move|p1a: Naclstack|Recover|p1a: Naclstack\n|-heal|p1a: Naclstack|100\/100\n|move|p2b: Crocalor|Will-O-Wisp|p1a: Naclstack\n|-immune|p1a: Naclstack|[from] ability: Purifying Salt\n|\n|upkeep\n|\n|t:|1698366915\n|switch|p1b: Litleo|Litleo, F|100\/100\n|turn|8\n|\n|t:|1698366929\n|move|p1b: Litleo|Protect|p1b: Litleo\n|-singleturn|p1b: Litleo|Protect\n|move|p2a: Quaxwell|Aqua Jet|p1b: Litleo\n|-activate|p1b: Litleo|move: Protect\n|move|p1a: Naclstack|Body Press|p2a: Quaxwell\n|-damage|p2a: Quaxwell|0 fnt\n|faint|p2a: Quaxwell\n|move|p2b: Crocalor|Fire Blast|p1a: Naclstack\n|-damage|p1a: Naclstack|81\/100\n|\n|upkeep\n|\n|t:|1698366934\n|switch|p2a: Maschiff|Maschiff, M|100\/100\n|-damage|p2a: Maschiff|88\/100|[from] Stealth Rock\n|-ability|p2a: Maschiff|Intimidate|boost\n|-unboost|p1a: Naclstack|atk|1\n|-unboost|p1b: Litleo|atk|1\n|turn|9\n|\n|t:|1698366959\n|move|p2b: Crocalor|Helping Hand|p2a: Maschiff\n|-singleturn|p2a: Maschiff|Helping Hand|[of] p2b: Crocalor\n|move|p1b: Litleo|Will-O-Wisp|p2a: Maschiff\n|-status|p2a: Maschiff|brn\n|move|p2a: Maschiff|Crunch|p1a: Naclstack\n|-supereffective|p1a: Naclstack\n|-damage|p1a: Naclstack|64\/100\n|move|p1a: Naclstack|Iron Defense|p1a: Naclstack\n|-boost|p1a: Naclstack|def|2\n|\n|-damage|p2a: Maschiff|82\/100 brn|[from] brn\n|upkeep\n|turn|10\n|\n|t:|1698366980\n|move|p1b: Litleo|Flame Charge|p2a: Maschiff\n|-damage|p2a: Maschiff|75\/100 brn\n|-boost|p1b: Litleo|spe|1\n|move|p2a: Maschiff|Body Slam|p1b: Litleo\n|-damage|p1b: Litleo|89\/100\n|move|p1a: Naclstack|Recover|p1a: Naclstack\n|-heal|p1a: Naclstack|100\/100\n|move|p2b: Crocalor|Fire Blast|p1a: Naclstack|[miss]\n|-miss|p2b: Crocalor|p1a: Naclstack\n|\n|-damage|p2a: Maschiff|69\/100 brn|[from] brn\n|upkeep\n|turn|11\n|inactive|bleahey has 120 seconds left.\n|\n|t:|1698367036\n|switch|p2b: Toedscool|Toedscool, F|100\/100\n|-damage|p2b: Toedscool|95\/100|[from] Stealth Rock\n|move|p1b: Litleo|Body Slam|p2a: Maschiff\n|-damage|p2a: Maschiff|58\/100 brn\n|move|p2a: Maschiff|Body Slam|p1b: Litleo\n|-damage|p1b: Litleo|77\/100\n|-status|p1b: Litleo|par\n|move|p1a: Naclstack|Salt Cure|p2b: Toedscool\n|-resisted|p2b: Toedscool\n|-damage|p2b: Toedscool|89\/100\n|-start|p2b: Toedscool|Salt Cure\n|\n|-damage|p2a: Maschiff|51\/100 brn|[from] brn\n|-damage|p2b: Toedscool|77\/100|[from] Salt Cure\n|-sideend|p1: bleahey|move: Light Screen\n|upkeep\n|turn|12\n|inactive|DaniPhantom25 has 120 seconds left.\n|\n|t:|1698367072\n|move|p2b: Toedscool|Earth Power|p1b: Litleo\n|-supereffective|p1b: Litleo\n|-damage|p1b: Litleo|49\/100 par\n|-unboost|p1b: Litleo|spd|1\n|move|p2a: Maschiff|Crunch|p1a: Naclstack\n|-supereffective|p1a: Naclstack\n|-damage|p1a: Naclstack|93\/100\n|-unboost|p1a: Naclstack|def|1\n|cant|p1b: Litleo|par\n|move|p1a: Naclstack|Salt Cure|p2b: Toedscool\n|-resisted|p2b: Toedscool\n|-damage|p2b: Toedscool|72\/100\n|\n|-damage|p2a: Maschiff|45\/100 brn|[from] brn\n|-damage|p2b: Toedscool|59\/100|[from] Salt Cure\n|upkeep\n|turn|13\n|inactive|bleahey has 120 seconds left.\n|j| Mekl\n|inactive|DaniPhantom25 has 120 seconds left.\n|inactive|bleahey has 90 seconds left.\n|j| ThatBoyBobby\n|inactive|DaniPhantom25 has 90 seconds left.\n|inactive|bleahey has 60 seconds left.\n|\n|t:|1698367144\n|move|p2b: Toedscool|Earth Power|p1b: Litleo\n|-supereffective|p1b: Litleo\n|-damage|p1b: Litleo|8\/100 par\n|-unboost|p1b: Litleo|spd|1\n|move|p2a: Maschiff|Crunch|p1a: Naclstack\n|-supereffective|p1a: Naclstack\n|-damage|p1a: Naclstack|84\/100\n|-unboost|p1a: Naclstack|def|1\n|move|p1b: Litleo|Flame Charge|p2b: Toedscool\n|-supereffective|p2b: Toedscool\n|-damage|p2b: Toedscool|34\/100\n|-boost|p1b: Litleo|spe|1\n|move|p1a: Naclstack|Iron Defense|p1a: Naclstack\n|-boost|p1a: Naclstack|def|2\n|\n|-damage|p2a: Maschiff|39\/100 brn|[from] brn\n|-damage|p2b: Toedscool|22\/100|[from] Salt Cure\n|upkeep\n|turn|14\n|inactive|DaniPhantom25 has 90 seconds left.\n|j| monopolyfan123\n|\n|t:|1698367179\n|move|p1b: Litleo|Flame Charge|p2b: Toedscool\n|-supereffective|p2b: Toedscool\n|-damage|p2b: Toedscool|0 fnt\n|-boost|p1b: Litleo|spe|1\n|faint|p2b: Toedscool\n|-ability|p1b: Litleo|Moxie|boost\n|-boost|p1b: Litleo|atk|1\n|move|p2a: Maschiff|Crunch|p1b: Litleo\n|-damage|p1b: Litleo|0 fnt\n|faint|p1b: Litleo\n|move|p1a: Naclstack|Iron Defense|p1a: Naclstack\n|-boost|p1a: Naclstack|def|2\n|\n|-damage|p2a: Maschiff|33\/100 brn|[from] brn\n|upkeep\n|\n|t:|1698367188\n|switch|p2b: Crocalor|Crocalor, F|60\/100\n|-damage|p2b: Crocalor|35\/100|[from] Stealth Rock\n|turn|15\n|inactive|bleahey has 90 seconds left.\n|\n|t:|1698367235\n|move|p2a: Maschiff|Fire Fang|p1a: Naclstack\n|-damage|p1a: Naclstack|82\/100\n|move|p2b: Crocalor|Fire Blast|p1a: Naclstack\n|-damage|p1a: Naclstack|50\/100\n|move|p1a: Naclstack|Salt Cure|p2b: Crocalor\n|-supereffective|p2b: Crocalor\n|-damage|p2b: Crocalor|13\/100\n|-start|p2b: Crocalor|Salt Cure\n|\n|-damage|p2a: Maschiff|27\/100 brn|[from] brn\n|-damage|p2b: Crocalor|1\/100|[from] Salt Cure\n|upkeep\n|turn|16\n|inactive|DaniPhantom25 has 90 seconds left.\n|\n|t:|1698367257\n|move|p2a: Maschiff|Crunch|p1a: Naclstack\n|-supereffective|p1a: Naclstack\n|-damage|p1a: Naclstack|44\/100\n|move|p2b: Crocalor|Fire Blast|p1a: Naclstack\n|-damage|p1a: Naclstack|16\/100\n|move|p1a: Naclstack|Recover|p1a: Naclstack\n|-heal|p1a: Naclstack|66\/100\n|\n|-damage|p2a: Maschiff|21\/100 brn|[from] brn\n|-damage|p2b: Crocalor|0 fnt|[from] Salt Cure\n|faint|p2b: Crocalor\n|upkeep\n|turn|17\n|inactive|DaniPhantom25 has 90 seconds left.\n|c| ThatBoyBobby|bleahey will win\n|inactive|bleahey has 90 seconds left.\n|c| Mekl|WE BELIEVE IN THE CRIT CHANCE\n|inactive|bleahey has 60 seconds left.\n|c| ThatBoyBobby|crit won't do anything\n|\n|t:|1698367316\n|move|p2a: Maschiff|Crunch|p1a: Naclstack\n|-supereffective|p1a: Naclstack\n|-damage|p1a: Naclstack|60\/100\n|move|p1a: Naclstack|Salt Cure|p2a: Maschiff\n|-damage|p2a: Maschiff|14\/100 brn\n|-start|p2a: Maschiff|Salt Cure\n|\n|-damage|p2a: Maschiff|8\/100 brn|[from] brn\n|-damage|p2a: Maschiff|0 fnt|[from] Salt Cure\n|faint|p2a: Maschiff\n|\n|win|bleahey\n|upkeep\n|n|\u2606bleahey|bleahey\n|n|\u2606DaniPhantom25|daniphantom25\n|n|*Lady Monita \u263d|ladymonita\n|n| Mekl|mekl\n|n| ThatBoyBobby|thatboybobby\n|n| monopolyfan123|monopolyfan123\n","uploadtime":1698367317,"views":12,"p1id":"bleahey","p2id":"daniphantom25","formatid":"gen9doublesou","rating":0,"private":0,"password":""}