{"id":"gen9doublesou-1983556907","p1":"YuriKnifuWaifu","p2":"Shrimpking","format":"[Gen 9] Doubles OU","log":"|j|\u2606YuriKnifuWaifu\n|j|\u2606Shrimpking\n|t:|1699143094\n|gametype|doubles\n|player|p1|YuriKnifuWaifu|dragontamer|\n|player|p2|Shrimpking|bellelba|\n|teamsize|p1|6\n|teamsize|p2|6\n|gen|9\n|tier|[Gen 9] Doubles OU\n|rule|Species Clause: Limit one of each Pok\u00e9mon\n|rule|OHKO Clause: OHKO moves are banned\n|rule|Evasion Moves Clause: Evasion moves are banned\n|rule|Gravity Sleep Clause: The combination of sleep-inducing moves with imperfect accuracy and Gravity or Gigantamax Orbeetle are banned\n|rule|Endless Battle Clause: Forcing endless battles is banned\n|rule|HP Percentage Mod: HP is shown in percentages\n|clearpoke\n|poke|p1|Wugtrio, F|\n|poke|p1|Magnezone|\n|poke|p1|Skeledirge, F|\n|poke|p1|Rabsca, F|\n|poke|p1|Drifblim, F|\n|poke|p1|Carbink|\n|poke|p2|Raichu-Alola, F|\n|poke|p2|Gastrodon-East, F|\n|poke|p2|Tauros, M|\n|poke|p2|Morgrem, M|\n|poke|p2|Bronzong|\n|poke|p2|Hawlucha, M|\n|teampreview\n|\n|t:|1699143129\n|start\n|switch|p1a: One|Wugtrio, F, shiny|100\/100\n|switch|p1b: You_Trash|Carbink, shiny|100\/100\n|switch|p2a: Lemon Lime|Tauros, M, shiny|100\/100\n|switch|p2b: Gassy|Gastrodon-East, F, shiny|100\/100\n|turn|1\n|\n|t:|1699143175\n|move|p2a: Lemon Lime|Body Slam|p1a: One\n|-damage|p1a: One|0 fnt\n|-ability|p1a: One|Gooey\n|-unboost|p2a: Lemon Lime|spe|1\n|faint|p1a: One\n|move|p1b: You_Trash|Reflect|p1b: You_Trash\n|-sidestart|p1: YuriKnifuWaifu|Reflect\n|move|p2b: Gassy|Muddy Water|p1b: You_Trash\n|-supereffective|p1b: You_Trash\n|-damage|p1b: You_Trash|31\/100\n|\n|-heal|p1b: You_Trash|37\/100|[from] item: Leftovers\n|upkeep\n|\n|t:|1699143191\n|switch|p1a: Shoe|Drifblim, F, shiny|100\/100\n|turn|2\n|\n|t:|1699143210\n|switch|p1b: My|Rabsca, F, shiny|100\/100\n|move|p1a: Shoe|Shadow Ball|p2b: Gassy\n|-damage|p2b: Gassy|71\/100\n|move|p2a: Lemon Lime|Body Slam|p1b: My\n|-damage|p1b: My|39\/100\n|move|p2b: Gassy|Muddy Water|p1b: My|[spread] p1a\n|-miss|p2b: Gassy|p1b: My\n|-damage|p1a: Shoe|68\/100\n|\n|-heal|p2b: Gassy|77\/100|[from] item: Leftovers\n|-status|p1a: Shoe|brn|[from] item: Flame Orb\n|upkeep\n|turn|3\n|\n|t:|1699143241\n|switch|p1a: Buckle|Skeledirge, F, shiny|100\/100\n|move|p2a: Lemon Lime|Body Slam|p1a: Buckle\n|-immune|p1a: Buckle\n|move|p1b: My|Revival Blessing|p1b: My\n|\n|t:|1699143247\n|-heal|p1: One|50\/100|[from] move: Revival Blessing\n|move|p2b: Gassy|Ice Beam|p1b: My\n|-damage|p1b: My|13\/100\n|\n|-heal|p2b: Gassy|84\/100|[from] item: Leftovers\n|upkeep\n|turn|4\n|\n|t:|1699143272\n|switch|p1b: Shoe|Drifblim, F, shiny|68\/100 brn\n|move|p2a: Lemon Lime|Body Slam|p1b: Shoe\n|-immune|p1b: Shoe\n|move|p1a: Buckle|Heat Wave|p2b: Gassy|[spread] p2a,p2b\n|-resisted|p2b: Gassy\n|-damage|p2a: Lemon Lime|47\/100\n|-damage|p2b: Gassy|67\/100\n|move|p2b: Gassy|Muddy Water|p1b: Shoe|[spread] p1a,p1b\n|-supereffective|p1a: Buckle\n|-damage|p1a: Buckle|34\/100\n|-damage|p1b: Shoe|31\/100 brn\n|\n|-heal|p2b: Gassy|73\/100|[from] item: Leftovers\n|-damage|p1b: Shoe|25\/100 brn|[from] brn\n|upkeep\n|turn|5\n|\n|t:|1699143316\n|switch|p2a: Bing Bong|Bronzong, shiny|100\/100\n|switch|p1a: Two|Magnezone, shiny|100\/100\n|move|p1b: Shoe|Strength Sap|p2a: Bing Bong\n|-unboost|p2a: Bing Bong|atk|1\n|-heal|p1b: Shoe|69\/100 brn\n|move|p2b: Gassy|Ice Beam|p1b: Shoe\n|-supereffective|p1b: Shoe\n|-damage|p1b: Shoe|14\/100 brn\n|\n|-heal|p2b: Gassy|79\/100|[from] item: Leftovers\n|-damage|p1b: Shoe|8\/100 brn|[from] brn\n|-sideend|p1: YuriKnifuWaifu|Reflect\n|upkeep\n|turn|6\n|\n|t:|1699143345\n|switch|p1b: One|Wugtrio, F, shiny|50\/100\n|move|p1a: Two|Volt Switch|p2b: Gassy\n|-immune|p2b: Gassy\n|move|p2b: Gassy|Muddy Water|p1a: Two|[spread] p1a,p1b\n|-resisted|p1b: One\n|-damage|p1a: Two|67\/100\n|-damage|p1b: One|23\/100\n|-unboost|p1b: One|accuracy|1\n|move|p2a: Bing Bong|Iron Defense|p2a: Bing Bong\n|-boost|p2a: Bing Bong|def|2\n|\n|-heal|p1a: Two|73\/100|[from] item: Leftovers\n|-heal|p2b: Gassy|85\/100|[from] item: Leftovers\n|upkeep\n|turn|7\n|\n|t:|1699143379\n|move|p1b: One|Sucker Punch|p2b: Gassy|[miss]\n|-miss|p1b: One|p2b: Gassy\n|move|p1a: Two|Volt Switch|p2a: Bing Bong\n|-damage|p2a: Bing Bong|67\/100\n|\n|t:|1699143387\n|switch|p1a: You_Trash|Carbink, shiny|37\/100|[from] Volt Switch\n|move|p2b: Gassy|Muddy Water|p1a: You_Trash|[spread] p1a,p1b\n|-supereffective|p1a: You_Trash\n|-resisted|p1b: One\n|-damage|p1a: You_Trash|0 fnt\n|-damage|p1b: One|0 fnt\n|faint|p1a: You_Trash\n|faint|p1b: One\n|move|p2a: Bing Bong|Iron Defense|p2a: Bing Bong\n|-boost|p2a: Bing Bong|def|2\n|\n|-heal|p2b: Gassy|92\/100|[from] item: Leftovers\n|-heal|p2a: Bing Bong|73\/100|[from] item: Leftovers\n|upkeep\n|\n|t:|1699143400\n|switch|p1b: My|Rabsca, F, shiny|13\/100\n|switch|p1a: Buckle|Skeledirge, F, shiny|34\/100\n|turn|8\n|\n|t:|1699143412\n|-terastallize|p2b: Gassy|Water\n|move|p2a: Bing Bong|Protect|p2a: Bing Bong\n|-singleturn|p2a: Bing Bong|Protect\n|move|p1b: My|Dazzling Gleam|p2b: Gassy|[spread] p2b\n|-activate|p2a: Bing Bong|move: Protect\n|-damage|p2b: Gassy|75\/100\n|move|p1a: Buckle|Heat Wave|p2b: Gassy|[spread] p2b\n|-activate|p2a: Bing Bong|move: Protect\n|-resisted|p2b: Gassy\n|-damage|p2b: Gassy|58\/100\n|move|p2b: Gassy|Recover|p2b: Gassy\n|-heal|p2b: Gassy|100\/100\n|\n|-heal|p2a: Bing Bong|79\/100|[from] item: Leftovers\n|upkeep\n|turn|9\n|\n|t:|1699143443\n|switch|p1b: Two|Magnezone, shiny|73\/100\n|move|p1a: Buckle|Shadow Ball|p2b: Gassy\n|-damage|p2b: Gassy|65\/100\n|-unboost|p2b: Gassy|spd|1\n|move|p2b: Gassy|Ice Beam|p1a: Buckle\n|-resisted|p1a: Buckle\n|-damage|p1a: Buckle|20\/100\n|move|p2a: Bing Bong|Calm Mind|p2a: Bing Bong\n|-boost|p2a: Bing Bong|spa|1\n|-boost|p2a: Bing Bong|spd|1\n|\n|-heal|p1b: Two|79\/100|[from] item: Leftovers\n|-heal|p2b: Gassy|71\/100|[from] item: Leftovers\n|-heal|p2a: Bing Bong|85\/100|[from] item: Leftovers\n|upkeep\n|turn|10\n|\n|t:|1699143473\n|switch|p2b: Lemon Lime|Tauros, M, shiny|47\/100\n|move|p1a: Buckle|Torch Song|p2a: Bing Bong\n|-supereffective|p2a: Bing Bong\n|-damage|p2a: Bing Bong|13\/100\n|-boost|p1a: Buckle|spa|1\n|-enditem|p1a: Buckle|Throat Spray\n|-boost|p1a: Buckle|spa|1|[from] item: Throat Spray\n|move|p1b: Two|Tri Attack|p2b: Lemon Lime\n|-damage|p2b: Lemon Lime|2\/100\n|move|p2a: Bing Bong|Calm Mind|p2a: Bing Bong\n|-boost|p2a: Bing Bong|spa|1\n|-boost|p2a: Bing Bong|spd|1\n|\n|-heal|p1b: Two|85\/100|[from] item: Leftovers\n|-heal|p2a: Bing Bong|19\/100|[from] item: Leftovers\n|upkeep\n|turn|11\n|\n|t:|1699143498\n|move|p2a: Bing Bong|Protect|p2a: Bing Bong\n|-singleturn|p2a: Bing Bong|Protect\n|move|p2b: Lemon Lime|Iron Head|p1b: Two\n|-resisted|p1b: Two\n|-damage|p1b: Two|75\/100\n|move|p1a: Buckle|Torch Song|p2a: Bing Bong\n|-activate|p2a: Bing Bong|move: Protect\n|move|p1b: Two|Electroweb|p2b: Lemon Lime|[spread] p2b\n|-activate|p2a: Bing Bong|move: Protect\n|-damage|p2b: Lemon Lime|0 fnt\n|faint|p2b: Lemon Lime\n|\n|-heal|p1b: Two|81\/100|[from] item: Leftovers\n|-heal|p2a: Bing Bong|25\/100|[from] item: Leftovers\n|upkeep\n|\n|t:|1699143522\n|switch|p2b: Evil Nacholibre|Hawlucha, M, shiny|100\/100\n|turn|12\n|\n|t:|1699143530\n|move|p2b: Evil Nacholibre|Swords Dance|p2b: Evil Nacholibre\n|-boost|p2b: Evil Nacholibre|atk|2\n|move|p1a: Buckle|Heat Wave|p2a: Bing Bong|[spread] p2a,p2b\n|-supereffective|p2a: Bing Bong\n|-damage|p2a: Bing Bong|0 fnt\n|-enditem|p2b: Evil Nacholibre|Focus Sash\n|-damage|p2b: Evil Nacholibre|1\/100\n|faint|p2a: Bing Bong\n|move|p1b: Two|Electroweb|p2b: Evil Nacholibre\n|-supereffective|p2b: Evil Nacholibre\n|-damage|p2b: Evil Nacholibre|0 fnt\n|faint|p2b: Evil Nacholibre\n|\n|-heal|p1b: Two|87\/100|[from] item: Leftovers\n|upkeep\n|\n|t:|1699143546\n|switch|p2b: Pancake|Raichu-Alola, F, shiny|100\/100\n|switch|p2a: Johnny Sins|Morgrem, M, shiny|100\/100\n|turn|13\n|\n|t:|1699143573\n|-terastallize|p1a: Buckle|Fire\n|move|p2a: Johnny Sins|Fake Out|p1b: Two\n|-resisted|p1b: Two\n|-damage|p1b: Two|84\/100\n|move|p2b: Pancake|Surf|p1a: Buckle|[spread] p2a,p1a,p1b\n|-supereffective|p1a: Buckle\n|-damage|p2a: Johnny Sins|75\/100\n|-damage|p1a: Buckle|0 fnt\n|-damage|p1b: Two|49\/100\n|faint|p1a: Buckle\n|cant|p1b: Two|flinch\n|\n|-heal|p1b: Two|55\/100|[from] item: Leftovers\n|upkeep\n|\n|t:|1699143584\n|switch|p1a: Shoe|Drifblim, F, shiny|8\/100 brn\n|turn|14\n|\n|t:|1699143592\n|switch|p2b: Gassy|Gastrodon-East, F, shiny, tera:Water|71\/100\n|move|p2a: Johnny Sins|Light Screen|p2a: Johnny Sins\n|-sidestart|p2: Shrimpking|move: Light Screen\n|move|p1a: Shoe|Strength Sap|p2a: Johnny Sins\n|-unboost|p2a: Johnny Sins|atk|1\n|-heal|p1a: Shoe|39\/100 brn\n|move|p1b: Two|Electroweb|p2a: Johnny Sins|[spread] p2a,p2b\n|-supereffective|p2b: Gassy\n|-damage|p2a: Johnny Sins|56\/100\n|-damage|p2b: Gassy|31\/100\n|-unboost|p2a: Johnny Sins|spe|1\n|-unboost|p2b: Gassy|spe|1\n|\n|-heal|p1b: Two|61\/100|[from] item: Leftovers\n|-heal|p2b: Gassy|37\/100|[from] item: Leftovers\n|-damage|p1a: Shoe|32\/100 brn|[from] brn\n|upkeep\n|turn|15\n|\n|t:|1699143621\n|move|p2a: Johnny Sins|Reflect|p2a: Johnny Sins\n|-sidestart|p2: Shrimpking|Reflect\n|move|p1a: Shoe|Shadow Ball|p2b: Gassy\n|-damage|p2b: Gassy|4\/100\n|move|p1b: Two|Electroweb|p2b: Gassy|[spread] p2a,p2b\n|-supereffective|p2b: Gassy\n|-damage|p2a: Johnny Sins|41\/100\n|-damage|p2b: Gassy|0 fnt\n|-unboost|p2a: Johnny Sins|spe|1\n|faint|p2b: Gassy\n|\n|-heal|p1b: Two|67\/100|[from] item: Leftovers\n|-damage|p1a: Shoe|26\/100 brn|[from] brn\n|upkeep\n|\n|t:|1699143633\n|switch|p2b: Pancake|Raichu-Alola, F, shiny|100\/100\n|turn|16\n|\n|t:|1699143656\n|move|p2a: Johnny Sins|Fake Out||[still]\n|-hint|Fake Out only works on your first turn out.\n|-fail|p2a: Johnny Sins\n|move|p2b: Pancake|Surf|p1b: Two|[spread] p2a,p1a,p1b\n|-damage|p2a: Johnny Sins|25\/100\n|-damage|p1a: Shoe|0 fnt\n|-damage|p1b: Two|34\/100\n|faint|p1a: Shoe\n|move|p1b: Two|Electroweb|p2a: Johnny Sins|[spread] p2a,p2b\n|-resisted|p2b: Pancake\n|-damage|p2a: Johnny Sins|7\/100\n|-damage|p2b: Pancake|84\/100\n|-unboost|p2a: Johnny Sins|spe|1\n|-unboost|p2b: Pancake|spe|1\n|\n|-heal|p1b: Two|40\/100|[from] item: Leftovers\n|upkeep\n|\n|t:|1699143668\n|switch|p1a: My|Rabsca, F, shiny|13\/100\n|turn|17\n|\n|t:|1699143676\n|move|p2a: Johnny Sins|Fake Out||[still]\n|-hint|Fake Out only works on your first turn out.\n|-fail|p2a: Johnny Sins\n|move|p2b: Pancake|Surf|p1a: My|[spread] p2a,p1a,p1b\n|-damage|p2a: Johnny Sins|0 fnt\n|-damage|p1a: My|0 fnt\n|-damage|p1b: Two|5\/100\n|faint|p2a: Johnny Sins\n|faint|p1a: My\n|move|p1b: Two|Electroweb|p2b: Pancake\n|-resisted|p2b: Pancake\n|-damage|p2b: Pancake|63\/100\n|-unboost|p2b: Pancake|spe|1\n|\n|-heal|p1b: Two|11\/100|[from] item: Leftovers\n|upkeep\n|turn|18\n|c|\u2606YuriKnifuWaifu|GG\n|\n|t:|1699143712\n|move|p2b: Pancake|Surf|p1b: Two\n|-damage|p1b: Two|0 fnt\n|faint|p1b: Two\n|\n|win|Shrimpking\n|l|\u2606YuriKnifuWaifu\n","uploadtime":1699143764,"views":23,"p1id":"yuriknifuwaifu","p2id":"shrimpking","formatid":"gen9doublesou","rating":0,"private":0,"password":""}