{"id":"gen9doublesou-1990545655","p1":"faertrw","p2":"OPieceOfHeroGhost","format":"[Gen 9] Doubles OU","log":"|j|\u2606faertrw\n|j|\u2606OPieceOfHeroGhost\n|t:|1699980294\n|gametype|doubles\n|player|p1|faertrw|rood|1493\n|player|p2|OPieceOfHeroGhost|morty|1476\n|teamsize|p1|6\n|teamsize|p2|6\n|gen|9\n|tier|[Gen 9] Doubles OU\n|rated|\n|rule|Species Clause: Limit one of each Pok\u00e9mon\n|rule|OHKO Clause: OHKO moves are banned\n|rule|Evasion Moves Clause: Evasion moves are banned\n|rule|Gravity Sleep Clause: The combination of sleep-inducing moves with imperfect accuracy and Gravity or Gigantamax Orbeetle are banned\n|rule|Endless Battle Clause: Forcing endless battles is banned\n|rule|HP Percentage Mod: HP is shown in percentages\n|clearpoke\n|poke|p1|Dusclops, F|\n|poke|p1|Gastrodon, M|\n|poke|p1|Vikavolt, M|\n|poke|p1|Ursaluna, M|\n|poke|p1|Hatterene, F|\n|poke|p1|Torkoal, L99, F|\n|poke|p2|Flutter Mane|\n|poke|p2|Amoonguss, F|\n|poke|p2|Chien-Pao|\n|poke|p2|Iron Hands|\n|poke|p2|Landorus-Therian, M|\n|poke|p2|Heatran, M|\n|teampreview\n|\n|t:|1699980311\n|start\n|switch|p1a: Dusclops|Dusclops, F|100\/100\n|switch|p1b: Hatterene|Hatterene, F|100\/100\n|switch|p2a: \u6211\u4e49\u7236|Amoonguss, F|100\/100\n|switch|p2b: \u5927\u866b|Landorus-Therian, M|100\/100\n|-ability|p2b: \u5927\u866b|Intimidate|boost\n|-unboost|p1a: Dusclops|atk|1\n|-unboost|p1b: Hatterene|atk|1\n|-item|p2a: \u6211\u4e49\u7236|Sitrus Berry|[from] ability: Frisk|[of] p1a: Dusclops|[identify]\n|-item|p2b: \u5927\u866b|Choice Scarf|[from] ability: Frisk|[of] p1a: Dusclops|[identify]\n|turn|1\n|\n|t:|1699980332\n|move|p2b: \u5927\u866b|U-turn|p1b: Hatterene\n|-damage|p1b: Hatterene|73\/100\n|\n|t:|1699980344\n|switch|p2b: \u8bf4\u7684\u9053\u8389\uff5e\uff5e\uff5e\uff5e|Iron Hands|100\/100|[from] U-turn\n|move|p2a: \u6211\u4e49\u7236|Spore|p1a: Dusclops\n|-status|p1a: Dusclops|slp|[from] move: Spore\n|cant|p1a: Dusclops|slp\n|move|p1b: Hatterene|Trick Room|p1b: Hatterene\n|-fieldstart|move: Trick Room|[of] p1b: Hatterene\n|\n|-heal|p1b: Hatterene|78\/100|[from] item: Leftovers\n|upkeep\n|turn|2\n|\n|t:|1699980359\n|move|p1b: Hatterene|Protect|p1b: Hatterene\n|-singleturn|p1b: Hatterene|Protect\n|move|p2b: \u8bf4\u7684\u9053\u8389\uff5e\uff5e\uff5e\uff5e|Fake Out|p1b: Hatterene\n|-activate|p1b: Hatterene|move: Protect\n|cant|p1a: Dusclops|slp\n|move|p2a: \u6211\u4e49\u7236|Sludge Bomb|p1b: Hatterene\n|-activate|p1b: Hatterene|move: Protect\n|\n|-heal|p1b: Hatterene|84\/100|[from] item: Leftovers\n|upkeep\n|turn|3\n|\n|t:|1699980377\n|cant|p1a: Dusclops|slp\n|move|p2a: \u6211\u4e49\u7236|Sludge Bomb|p1b: Hatterene\n|-supereffective|p1b: Hatterene\n|-damage|p1b: Hatterene|20\/100\n|move|p1b: Hatterene|Psychic|p2a: \u6211\u4e49\u7236\n|-supereffective|p2a: \u6211\u4e49\u7236\n|-damage|p2a: \u6211\u4e49\u7236|7\/100\n|-enditem|p2a: \u6211\u4e49\u7236|Sitrus Berry|[eat]\n|-heal|p2a: \u6211\u4e49\u7236|32\/100|[from] item: Sitrus Berry\n|move|p2b: \u8bf4\u7684\u9053\u8389\uff5e\uff5e\uff5e\uff5e|Heavy Slam|p1b: Hatterene\n|-supereffective|p1b: Hatterene\n|-damage|p1b: Hatterene|0 fnt\n|faint|p1b: Hatterene\n|\n|upkeep\n|\n|t:|1699980386\n|switch|p1b: Torkoal|Torkoal, L99, F|100\/100\n|turn|4\n|\n|t:|1699980400\n|switch|p2a: \u523a\u86c7\u4e0d\u5982\u87d1\u8782|Heatran, M|100\/100\n|move|p1b: Torkoal|Yawn|p2a: \u523a\u86c7\u4e0d\u5982\u87d1\u8782\n|-start|p2a: \u523a\u86c7\u4e0d\u5982\u87d1\u8782|move: Yawn|[of] p1b: Torkoal\n|-curestatus|p1a: Dusclops|slp|[msg]\n|move|p1a: Dusclops|Will-O-Wisp|p2b: \u8bf4\u7684\u9053\u8389\uff5e\uff5e\uff5e\uff5e\n|-status|p2b: \u8bf4\u7684\u9053\u8389\uff5e\uff5e\uff5e\uff5e|brn\n|move|p2b: \u8bf4\u7684\u9053\u8389\uff5e\uff5e\uff5e\uff5e|Drain Punch|p1b: Torkoal\n|-damage|p1b: Torkoal|84\/100\n|\n|-damage|p2b: \u8bf4\u7684\u9053\u8389\uff5e\uff5e\uff5e\uff5e|94\/100 brn|[from] brn\n|upkeep\n|turn|5\n|\n|t:|1699980424\n|switch|p2a: \u6211\u4e49\u7236|Amoonguss, F|66\/100\n|move|p1b: Torkoal|Stealth Rock|p2b: \u8bf4\u7684\u9053\u8389\uff5e\uff5e\uff5e\uff5e\n|-sidestart|p2: OPieceOfHeroGhost|move: Stealth Rock\n|move|p1a: Dusclops|Pain Split|p2b: \u8bf4\u7684\u9053\u8389\uff5e\uff5e\uff5e\uff5e\n|-sethp|p2b: \u8bf4\u7684\u9053\u8389\uff5e\uff5e\uff5e\uff5e|76\/100 brn|[from] move: Pain Split|[silent]\n|-sethp|p1a: Dusclops|100\/100|[from] move: Pain Split\n|move|p2b: \u8bf4\u7684\u9053\u8389\uff5e\uff5e\uff5e\uff5e|Drain Punch|p1b: Torkoal\n|-damage|p1b: Torkoal|67\/100\n|-heal|p2b: \u8bf4\u7684\u9053\u8389\uff5e\uff5e\uff5e\uff5e|82\/100 brn|[from] drain|[of] p1b: Torkoal\n|\n|-damage|p2b: \u8bf4\u7684\u9053\u8389\uff5e\uff5e\uff5e\uff5e|76\/100 brn|[from] brn\n|-fieldend|move: Trick Room\n|upkeep\n|turn|6\n|\n|t:|1699980442\n|move|p2b: \u8bf4\u7684\u9053\u8389\uff5e\uff5e\uff5e\uff5e|Drain Punch|p1b: Torkoal\n|-damage|p1b: Torkoal|51\/100\n|-heal|p2b: \u8bf4\u7684\u9053\u8389\uff5e\uff5e\uff5e\uff5e|81\/100 brn|[from] drain|[of] p1b: Torkoal\n|move|p2a: \u6211\u4e49\u7236|Spore|p1a: Dusclops\n|-status|p1a: Dusclops|slp|[from] move: Spore\n|move|p1b: Torkoal|Heat Wave|p2a: \u6211\u4e49\u7236|[spread] p2a,p2b\n|-supereffective|p2a: \u6211\u4e49\u7236\n|-damage|p2a: \u6211\u4e49\u7236|11\/100\n|-damage|p2b: \u8bf4\u7684\u9053\u8389\uff5e\uff5e\uff5e\uff5e|66\/100 brn\n|cant|p1a: Dusclops|slp\n|\n|-damage|p2b: \u8bf4\u7684\u9053\u8389\uff5e\uff5e\uff5e\uff5e|60\/100 brn|[from] brn\n|upkeep\n|turn|7\n|\n|t:|1699980459\n|switch|p2a: \u523a\u86c7\u4e0d\u5982\u87d1\u8782|Heatran, M|100\/100\n|-damage|p2a: \u523a\u86c7\u4e0d\u5982\u87d1\u8782|88\/100|[from] Stealth Rock\n|move|p2b: \u8bf4\u7684\u9053\u8389\uff5e\uff5e\uff5e\uff5e|Drain Punch|p1b: Torkoal\n|-damage|p1b: Torkoal|34\/100\n|-heal|p2b: \u8bf4\u7684\u9053\u8389\uff5e\uff5e\uff5e\uff5e|66\/100 brn|[from] drain|[of] p1b: Torkoal\n|move|p1b: Torkoal|Heat Wave|p2a: \u523a\u86c7\u4e0d\u5982\u87d1\u8782|[spread] p2b\n|-start|p2a: \u523a\u86c7\u4e0d\u5982\u87d1\u8782|ability: Flash Fire\n|-damage|p2b: \u8bf4\u7684\u9053\u8389\uff5e\uff5e\uff5e\uff5e|53\/100 brn\n|-curestatus|p1a: Dusclops|slp|[msg]\n|move|p1a: Dusclops|Trick Room|p1a: Dusclops\n|-fieldstart|move: Trick Room|[of] p1a: Dusclops\n|\n|-heal|p2a: \u523a\u86c7\u4e0d\u5982\u87d1\u8782|94\/100|[from] item: Leftovers\n|-damage|p2b: \u8bf4\u7684\u9053\u8389\uff5e\uff5e\uff5e\uff5e|47\/100 brn|[from] brn\n|upkeep\n|turn|8\n|\n|t:|1699980483\n|move|p2a: \u523a\u86c7\u4e0d\u5982\u87d1\u8782|Protect|p2a: \u523a\u86c7\u4e0d\u5982\u87d1\u8782\n|-singleturn|p2a: \u523a\u86c7\u4e0d\u5982\u87d1\u8782|Protect\n|move|p1b: Torkoal|Yawn|p2a: \u523a\u86c7\u4e0d\u5982\u87d1\u8782\n|-activate|p2a: \u523a\u86c7\u4e0d\u5982\u87d1\u8782|move: Protect\n|move|p1a: Dusclops|Night Shade|p2a: \u523a\u86c7\u4e0d\u5982\u87d1\u8782\n|-activate|p2a: \u523a\u86c7\u4e0d\u5982\u87d1\u8782|move: Protect\n|move|p2b: \u8bf4\u7684\u9053\u8389\uff5e\uff5e\uff5e\uff5e|Drain Punch|p1b: Torkoal\n|-damage|p1b: Torkoal|17\/100\n|-heal|p2b: \u8bf4\u7684\u9053\u8389\uff5e\uff5e\uff5e\uff5e|53\/100 brn|[from] drain|[of] p1b: Torkoal\n|\n|-heal|p2a: \u523a\u86c7\u4e0d\u5982\u87d1\u8782|100\/100|[from] item: Leftovers\n|-damage|p2b: \u8bf4\u7684\u9053\u8389\uff5e\uff5e\uff5e\uff5e|47\/100 brn|[from] brn\n|upkeep\n|turn|9\n|\n|t:|1699980504\n|move|p1b: Torkoal|Yawn|p2a: \u523a\u86c7\u4e0d\u5982\u87d1\u8782\n|-start|p2a: \u523a\u86c7\u4e0d\u5982\u87d1\u8782|move: Yawn|[of] p1b: Torkoal\n|move|p1a: Dusclops|Night Shade|p2a: \u523a\u86c7\u4e0d\u5982\u87d1\u8782\n|-damage|p2a: \u523a\u86c7\u4e0d\u5982\u87d1\u8782|74\/100\n|move|p2b: \u8bf4\u7684\u9053\u8389\uff5e\uff5e\uff5e\uff5e|Drain Punch|p1b: Torkoal\n|-damage|p1b: Torkoal|1\/100\n|-heal|p2b: \u8bf4\u7684\u9053\u8389\uff5e\uff5e\uff5e\uff5e|53\/100 brn|[from] drain|[of] p1b: Torkoal\n|move|p2a: \u523a\u86c7\u4e0d\u5982\u87d1\u8782|Earth Power|p1b: Torkoal\n|-supereffective|p1b: Torkoal\n|-damage|p1b: Torkoal|0 fnt\n|faint|p1b: Torkoal\n|\n|-heal|p2a: \u523a\u86c7\u4e0d\u5982\u87d1\u8782|81\/100|[from] item: Leftovers\n|-damage|p2b: \u8bf4\u7684\u9053\u8389\uff5e\uff5e\uff5e\uff5e|47\/100 brn|[from] brn\n|upkeep\n|\n|t:|1699980511\n|switch|p1b: Gastrodon|Gastrodon, M|100\/100\n|turn|10\n|\n|t:|1699980544\n|-end|p2a: \u523a\u86c7\u4e0d\u5982\u87d1\u8782|ability: Flash Fire|[silent]\n|switch|p2a: \u6211\u4e49\u7236|Amoonguss, F|44\/100\n|-damage|p2a: \u6211\u4e49\u7236|32\/100|[from] Stealth Rock\n|move|p1a: Dusclops|Night Shade|p2a: \u6211\u4e49\u7236\n|-damage|p2a: \u6211\u4e49\u7236|9\/100\n|move|p1b: Gastrodon|Earth Power|p2b: \u8bf4\u7684\u9053\u8389\uff5e\uff5e\uff5e\uff5e\n|-supereffective|p2b: \u8bf4\u7684\u9053\u8389\uff5e\uff5e\uff5e\uff5e\n|-damage|p2b: \u8bf4\u7684\u9053\u8389\uff5e\uff5e\uff5e\uff5e|10\/100 brn\n|move|p2b: \u8bf4\u7684\u9053\u8389\uff5e\uff5e\uff5e\uff5e|Heavy Slam|p1b: Gastrodon\n|-resisted|p1b: Gastrodon\n|-damage|p1b: Gastrodon|88\/100\n|\n|-damage|p2b: \u8bf4\u7684\u9053\u8389\uff5e\uff5e\uff5e\uff5e|4\/100 brn|[from] brn\n|upkeep\n|turn|11\n|\n|t:|1699980566\n|switch|p2a: \u523a\u86c7\u4e0d\u5982\u87d1\u8782|Heatran, M|81\/100\n|-damage|p2a: \u523a\u86c7\u4e0d\u5982\u87d1\u8782|68\/100|[from] Stealth Rock\n|move|p1a: Dusclops|Will-O-Wisp|p2a: \u523a\u86c7\u4e0d\u5982\u87d1\u8782\n|-start|p2a: \u523a\u86c7\u4e0d\u5982\u87d1\u8782|ability: Flash Fire\n|move|p1b: Gastrodon|Muddy Water|p2b: \u8bf4\u7684\u9053\u8389\uff5e\uff5e\uff5e\uff5e|[spread] p2a,p2b\n|-supereffective|p2a: \u523a\u86c7\u4e0d\u5982\u87d1\u8782\n|-damage|p2a: \u523a\u86c7\u4e0d\u5982\u87d1\u8782|15\/100\n|-damage|p2b: \u8bf4\u7684\u9053\u8389\uff5e\uff5e\uff5e\uff5e|0 fnt\n|-unboost|p2a: \u523a\u86c7\u4e0d\u5982\u87d1\u8782|accuracy|1\n|faint|p2b: \u8bf4\u7684\u9053\u8389\uff5e\uff5e\uff5e\uff5e\n|-end|p2b: \u8bf4\u7684\u9053\u8389\uff5e\uff5e\uff5e\uff5e|Quark Drive|[silent]\n|\n|-heal|p2a: \u523a\u86c7\u4e0d\u5982\u87d1\u8782|21\/100|[from] item: Leftovers\n|-fieldend|move: Trick Room\n|upkeep\n|\n|t:|1699980583\n|switch|p2b: \u6211\u63a8\u7684\u632f\u7ffc\u53d1|Flutter Mane|100\/100\n|-damage|p2b: \u6211\u63a8\u7684\u632f\u7ffc\u53d1|88\/100|[from] Stealth Rock\n|turn|12\n|\n|t:|1699980591\n|-terastallize|p1a: Dusclops|Dark\n|move|p2b: \u6211\u63a8\u7684\u632f\u7ffc\u53d1|Shadow Ball|p1a: Dusclops\n|-resisted|p1a: Dusclops\n|-damage|p1a: Dusclops|84\/100\n|move|p2a: \u523a\u86c7\u4e0d\u5982\u87d1\u8782|Heat Wave|p1b: Gastrodon|[spread] p1a,p1b\n|-resisted|p1b: Gastrodon\n|-damage|p1a: Dusclops|54\/100\n|-damage|p1b: Gastrodon|68\/100\n|move|p1b: Gastrodon|Muddy Water|p2a: \u523a\u86c7\u4e0d\u5982\u87d1\u8782|[spread] p2a,p2b\n|-supereffective|p2a: \u523a\u86c7\u4e0d\u5982\u87d1\u8782\n|-crit|p2b: \u6211\u63a8\u7684\u632f\u7ffc\u53d1\n|-damage|p2a: \u523a\u86c7\u4e0d\u5982\u87d1\u8782|0 fnt\n|-damage|p2b: \u6211\u63a8\u7684\u632f\u7ffc\u53d1|50\/100\n|faint|p2a: \u523a\u86c7\u4e0d\u5982\u87d1\u8782\n|move|p1a: Dusclops|Trick Room|p1a: Dusclops\n|-fieldstart|move: Trick Room|[of] p1a: Dusclops\n|\n|upkeep\n|\n|t:|1699980607\n|switch|p2a: \u6211\u4e49\u7236|Amoonguss, F|42\/100\n|-damage|p2a: \u6211\u4e49\u7236|30\/100|[from] Stealth Rock\n|turn|13\n|\n|t:|1699980624\n|-end|p2b: \u6211\u63a8\u7684\u632f\u7ffc\u53d1|Protosynthesis|[silent]\n|switch|p2b: \u5927\u866b|Landorus-Therian, M|100\/100\n|-damage|p2b: \u5927\u866b|88\/100|[from] Stealth Rock\n|-ability|p2b: \u5927\u866b|Intimidate|boost\n|-unboost|p1a: Dusclops|atk|1\n|-unboost|p1b: Gastrodon|atk|1\n|move|p1a: Dusclops|Night Shade|p2b: \u5927\u866b\n|-damage|p2b: \u5927\u866b|62\/100\n|move|p2a: \u6211\u4e49\u7236|Spore|p1b: Gastrodon\n|-status|p1b: Gastrodon|slp|[from] move: Spore\n|cant|p1b: Gastrodon|slp\n|\n|upkeep\n|turn|14\n|\n|t:|1699980651\n|-terastallize|p2b: \u5927\u866b|Flying\n|move|p1a: Dusclops|Will-O-Wisp|p2b: \u5927\u866b\n|-status|p2b: \u5927\u866b|brn\n|move|p2a: \u6211\u4e49\u7236|Pollen Puff|p2b: \u5927\u866b\n|-heal|p2b: \u5927\u866b|100\/100 brn\n|cant|p1b: Gastrodon|slp\n|move|p2b: \u5927\u866b|Tera Blast|p1a: Dusclops|[anim] Tera Blast Flying\n|-damage|p1a: Dusclops|38\/100\n|\n|-damage|p2b: \u5927\u866b|94\/100 brn|[from] brn\n|upkeep\n|turn|15\n|\n|t:|1699980671\n|move|p1a: Dusclops|Pain Split|p2b: \u5927\u866b\n|-sethp|p2b: \u5927\u866b|61\/100 brn|[from] move: Pain Split|[silent]\n|-sethp|p1a: Dusclops|84\/100|[from] move: Pain Split\n|move|p2a: \u6211\u4e49\u7236|Spore|p1a: Dusclops\n|-status|p1a: Dusclops|slp|[from] move: Spore\n|-curestatus|p1b: Gastrodon|slp|[msg]\n|move|p1b: Gastrodon|Ice Beam|p2a: \u6211\u4e49\u7236\n|-supereffective|p2a: \u6211\u4e49\u7236\n|-damage|p2a: \u6211\u4e49\u7236|0 fnt\n|faint|p2a: \u6211\u4e49\u7236\n|move|p2b: \u5927\u866b|Tera Blast|p1a: Dusclops|[anim] Tera Blast Flying\n|-damage|p1a: Dusclops|66\/100 slp\n|\n|-damage|p2b: \u5927\u866b|55\/100 brn|[from] brn\n|upkeep\n|\n|t:|1699980689\n|switch|p2a: \u6211\u63a8\u7684\u632f\u7ffc\u53d1|Flutter Mane|50\/100\n|-damage|p2a: \u6211\u63a8\u7684\u632f\u7ffc\u53d1|37\/100|[from] Stealth Rock\n|turn|16\n|\n|t:|1699980698\n|move|p1b: Gastrodon|Earth Power|p2a: \u6211\u63a8\u7684\u632f\u7ffc\u53d1\n|-damage|p2a: \u6211\u63a8\u7684\u632f\u7ffc\u53d1|3\/100\n|move|p2a: \u6211\u63a8\u7684\u632f\u7ffc\u53d1|Dazzling Gleam|p1b: Gastrodon|[spread] p1a,p1b\n|-supereffective|p1a: Dusclops\n|-damage|p1a: Dusclops|13\/100 slp\n|-damage|p1b: Gastrodon|39\/100\n|move|p2b: \u5927\u866b|Tera Blast|p1b: Gastrodon|[anim] Tera Blast Flying\n|-damage|p1b: Gastrodon|10\/100\n|cant|p1a: Dusclops|slp\n|\n|-damage|p2b: \u5927\u866b|49\/100 brn|[from] brn\n|-fieldend|move: Trick Room\n|upkeep\n|turn|17\n|\n|t:|1699980717\n|switch|p2b: \u4e00\uff01\u4e94\uff01|Chien-Pao|100\/100\n|-damage|p2b: \u4e00\uff01\u4e94\uff01|76\/100|[from] Stealth Rock\n|-ability|p2b: \u4e00\uff01\u4e94\uff01|Sword of Ruin\n|move|p2a: \u6211\u63a8\u7684\u632f\u7ffc\u53d1|Dazzling Gleam|p1b: Gastrodon|[spread] p1a,p1b\n|-supereffective|p1a: Dusclops\n|-damage|p1a: Dusclops|0 fnt\n|-damage|p1b: Gastrodon|0 fnt\n|faint|p1a: Dusclops\n|faint|p1b: Gastrodon\n|\n|upkeep\n|\n|t:|1699980722\n|switch|p1b: Ursaluna|Ursaluna, M|100\/100\n|switch|p1a: Vikavolt|Vikavolt, M|100\/100\n|turn|18\n|\n|t:|1699980742\n|move|p1b: Ursaluna|Protect|p1b: Ursaluna\n|-singleturn|p1b: Ursaluna|Protect\n|move|p2b: \u4e00\uff01\u4e94\uff01|Icicle Crash|p1a: Vikavolt\n|-damage|p1a: Vikavolt|38\/100\n|move|p2a: \u6211\u63a8\u7684\u632f\u7ffc\u53d1|Dazzling Gleam|p1b: Ursaluna|[spread] p1a\n|-activate|p1b: Ursaluna|move: Protect\n|-damage|p1a: Vikavolt|0 fnt\n|faint|p1a: Vikavolt\n|\n|-status|p1b: Ursaluna|brn|[from] item: Flame Orb\n|upkeep\n|turn|19\n|\n|t:|1699980757\n|move|p2b: \u4e00\uff01\u4e94\uff01|Sacred Sword|p1b: Ursaluna\n|-supereffective|p1b: Ursaluna\n|-damage|p1b: Ursaluna|43\/100 brn\n|move|p2a: \u6211\u63a8\u7684\u632f\u7ffc\u53d1|Dazzling Gleam|p1b: Ursaluna\n|-crit|p1b: Ursaluna\n|-damage|p1b: Ursaluna|0 fnt\n|faint|p1b: Ursaluna\n|\n|win|OPieceOfHeroGhost\n|raw|faertrw's rating: 1493 &rarr; <strong>1472<\/strong><br \/>(-21 for losing)\n|raw|OPieceOfHeroGhost's rating: 1476 &rarr; <strong>1497<\/strong><br \/>(+21 for winning)\n|l|\u2606faertrw\n","uploadtime":1699980767,"views":5,"p1id":"faertrw","p2id":"opieceofheroghost","formatid":"gen9doublesou","rating":1472,"private":0,"password":""}