{"id":"gen9doublesou-1985385727","p1":"Im bad on purpose","p2":"Esonu","format":"[Gen 9] Doubles OU","log":"|j|\u2606Im bad on purpose\n|j|\u2606Esonu\n|t:|1699370294\n|gametype|doubles\n|player|p1|Im bad on purpose|101|\n|player|p2|Esonu|1|\n|teamsize|p1|6\n|teamsize|p2|6\n|gen|9\n|tier|[Gen 9] Doubles OU\n|rule|Species Clause: Limit one of each Pok\u00e9mon\n|rule|OHKO Clause: OHKO moves are banned\n|rule|Evasion Moves Clause: Evasion moves are banned\n|rule|Gravity Sleep Clause: The combination of sleep-inducing moves with imperfect accuracy and Gravity or Gigantamax Orbeetle are banned\n|rule|Endless Battle Clause: Forcing endless battles is banned\n|rule|HP Percentage Mod: HP is shown in percentages\n|clearpoke\n|poke|p1|Gastrodon-East, M|\n|poke|p1|Farigiraf, M|\n|poke|p1|Dragapult, M|\n|poke|p1|Pelipper, F|\n|poke|p1|Murkrow, M|\n|poke|p1|Pachirisu, M|\n|poke|p2|Torkoal, F|\n|poke|p2|Leafeon, F|\n|poke|p2|Flutter Mane|\n|poke|p2|Walking Wake|\n|poke|p2|Talonflame, F|\n|poke|p2|Cinderace, F|\n|teampreview\n|\n|t:|1699370328\n|start\n|switch|p1a: WHY is this good|Pachirisu, M|100\/100\n|switch|p1b: Why is this good|Murkrow, M, shiny|100\/100\n|switch|p2a: Flutter Mane|Flutter Mane|100\/100\n|switch|p2b: Talonflame|Talonflame, F|100\/100\n|-enditem|p2a: Flutter Mane|Booster Energy\n|-activate|p2a: Flutter Mane|ability: Protosynthesis|[fromitem]\n|-start|p2a: Flutter Mane|protosynthesisspe\n|turn|1\n|\n|t:|1699370350\n|move|p1b: Why is this good|Tailwind|p1b: Why is this good\n|-sidestart|p1: Im bad on purpose|move: Tailwind\n|move|p1a: WHY is this good|Nuzzle|p2a: Flutter Mane\n|-damage|p2a: Flutter Mane|92\/100\n|-status|p2a: Flutter Mane|par\n|move|p2b: Talonflame|Flame Charge|p1a: WHY is this good\n|-damage|p1a: WHY is this good|63\/100\n|-boost|p2b: Talonflame|spe|1\n|move|p2a: Flutter Mane|Moonblast|p1b: Why is this good\n|-supereffective|p1b: Why is this good\n|-damage|p1b: Why is this good|11\/100\n|\n|upkeep\n|turn|2\n|\n|t:|1699370444\n|move|p1a: WHY is this good|Nuzzle|p2b: Talonflame\n|-supereffective|p2b: Talonflame\n|-damage|p2b: Talonflame|90\/100\n|-status|p2b: Talonflame|par\n|move|p1b: Why is this good|Foul Play|p2b: Talonflame\n|-damage|p2b: Talonflame|35\/100 par\n|-enditem|p2b: Talonflame|Sitrus Berry|[eat]\n|-heal|p2b: Talonflame|60\/100 par|[from] item: Sitrus Berry\n|move|p2a: Flutter Mane|Moonblast|p1b: Why is this good\n|-supereffective|p1b: Why is this good\n|-damage|p1b: Why is this good|0 fnt\n|faint|p1b: Why is this good\n|move|p2b: Talonflame|Flame Charge|p1a: WHY is this good\n|-damage|p1a: WHY is this good|29\/100\n|-boost|p2b: Talonflame|spe|1\n|\n|upkeep\n|\n|t:|1699370480\n|switch|p1b: Pelipper|Pelipper, F|100\/100\n|-weather|RainDance|[from] ability: Drizzle|[of] p1b: Pelipper\n|turn|3\n|\n|t:|1699370504\n|move|p1a: WHY is this good|Discharge|p2a: Flutter Mane|[spread] p1b,p2a,p2b\n|-supereffective|p1b: Pelipper\n|-supereffective|p2b: Talonflame\n|-damage|p1b: Pelipper|8\/100\n|-damage|p2a: Flutter Mane|76\/100 par\n|-damage|p2b: Talonflame|5\/100 par\n|move|p2b: Talonflame|Acrobatics|p1a: WHY is this good\n|-resisted|p1a: WHY is this good\n|-damage|p1a: WHY is this good|0 fnt\n|faint|p1a: WHY is this good\n|move|p1b: Pelipper|Hurricane|p2a: Flutter Mane\n|-damage|p2a: Flutter Mane|27\/100 par\n|cant|p2a: Flutter Mane|par\n|\n|-weather|RainDance|[upkeep]\n|upkeep\n|\n|t:|1699370649\n|switch|p1a: Dragapult|Dragapult, M|100\/100\n|turn|4\n|\n|t:|1699370733\n|move|p1a: Dragapult|Psychic Fangs|p2b: Talonflame\n|-damage|p2b: Talonflame|0 fnt\n|faint|p2b: Talonflame\n|move|p1b: Pelipper|Ice Beam|p2a: Flutter Mane\n|-damage|p2a: Flutter Mane|0 fnt\n|faint|p2a: Flutter Mane\n|-end|p2a: Flutter Mane|Protosynthesis|[silent]\n|\n|-weather|RainDance|[upkeep]\n|-sideend|p1: Im bad on purpose|move: Tailwind\n|upkeep\n|\n|t:|1699370738\n|switch|p2a: Torkoal|Torkoal, F|100\/100\n|switch|p2b: Leafeon|Leafeon, F|100\/100\n|-weather|SunnyDay|[from] ability: Drought|[of] p2a: Torkoal\n|turn|5\n|\n|t:|1699370777\n|move|p1a: Dragapult|Sucker Punch||[still]\n|-fail|p1a: Dragapult\n|move|p2b: Leafeon|Leech Seed|p1a: Dragapult\n|-start|p1a: Dragapult|move: Leech Seed\n|move|p1b: Pelipper|Hydro Pump|p2b: Leafeon\n|-resisted|p2b: Leafeon\n|-damage|p2b: Leafeon|76\/100\n|move|p2a: Torkoal|Heat Wave|p1b: Pelipper|[spread] p1a,p1b\n|-resisted|p1a: Dragapult\n|-resisted|p1b: Pelipper\n|-damage|p1a: Dragapult|69\/100\n|-damage|p1b: Pelipper|0 fnt\n|faint|p1b: Pelipper\n|\n|-weather|SunnyDay|[upkeep]\n|-heal|p1a: Dragapult|75\/100|[from] item: Leftovers\n|-damage|p1a: Dragapult|63\/100|[from] Leech Seed|[of] p2b: Leafeon\n|-heal|p2b: Leafeon|90\/100|[silent]\n|upkeep\n|\n|t:|1699370787\n|switch|p1b: Farigiraf|Farigiraf, M|100\/100\n|turn|6\n|\n|t:|1699370799\n|switch|p1a: Gastrodon|Gastrodon-East, M, shiny|100\/100\n|move|p2b: Leafeon|Trailblaze|p1b: Farigiraf\n|-ability|p1b: Farigiraf|Sap Sipper|boost\n|-boost|p1b: Farigiraf|atk|1\n|move|p1b: Farigiraf|Skill Swap|p1a: Gastrodon\n|-activate|p1b: Farigiraf|move: Skill Swap|||[of] p1a: Gastrodon\n|move|p2a: Torkoal|Heat Wave|p1a: Gastrodon|[spread] p1a,p1b\n|-resisted|p1a: Gastrodon\n|-damage|p1a: Gastrodon|79\/100\n|-damage|p1b: Farigiraf|51\/100\n|\n|-weather|SunnyDay|[upkeep]\n|-heal|p1a: Gastrodon|85\/100|[from] item: Leftovers\n|upkeep\n|turn|7\n|\n|t:|1699370829\n|move|p2b: Leafeon|Leaf Blade|p1b: Farigiraf\n|-damage|p1b: Farigiraf|3\/100\n|move|p1b: Farigiraf|Hyper Voice|p2a: Torkoal|[spread] p2a,p2b\n|-crit|p2a: Torkoal\n|-damage|p2a: Torkoal|20\/100\n|-damage|p2b: Leafeon|26\/100\n|-enditem|p2b: Leafeon|Sitrus Berry|[eat]\n|-heal|p2b: Leafeon|50\/100|[from] item: Sitrus Berry\n|move|p1a: Gastrodon|Rock Slide|p2a: Torkoal|[spread] p2a,p2b\n|-supereffective|p2a: Torkoal\n|-damage|p2a: Torkoal|0 fnt\n|-damage|p2b: Leafeon|35\/100\n|faint|p2a: Torkoal\n|\n|-weather|SunnyDay|[upkeep]\n|-heal|p1a: Gastrodon|92\/100|[from] item: Leftovers\n|upkeep\n|\n|t:|1699370840\n|switch|p2a: Walking Wake|Walking Wake|100\/100\n|-activate|p2a: Walking Wake|ability: Protosynthesis\n|-start|p2a: Walking Wake|protosynthesisspa\n|turn|8\n|\n|t:|1699370862\n|move|p2b: Leafeon|Leech Seed|p1a: Gastrodon\n|-ability|p1a: Gastrodon|Sap Sipper|boost\n|-boost|p1a: Gastrodon|atk|1\n|move|p2a: Walking Wake|Hydro Steam|p1b: Farigiraf\n|-activate|p1b: Farigiraf|ability: Storm Drain\n|-ability|p1b: Farigiraf|Storm Drain|boost\n|-boost|p1b: Farigiraf|spa|1\n|move|p1b: Farigiraf|Energy Ball|p2a: Walking Wake\n|-damage|p2a: Walking Wake|47\/100\n|move|p1a: Gastrodon|Earthquake|p2b: Leafeon|[spread] p1b,p2a,p2b\n|-resisted|p2b: Leafeon\n|-damage|p1b: Farigiraf|0 fnt\n|-damage|p2a: Walking Wake|0 fnt\n|-damage|p2b: Leafeon|13\/100\n|faint|p1b: Farigiraf\n|faint|p2a: Walking Wake\n|-end|p2a: Walking Wake|Protosynthesis|[silent]\n|\n|-weather|SunnyDay|[upkeep]\n|-heal|p1a: Gastrodon|98\/100|[from] item: Leftovers\n|upkeep\n|\n|t:|1699370880\n|switch|p2a: Cinderace|Cinderace, F|100\/100\n|switch|p1b: Dragapult|Dragapult, M|63\/100\n|turn|9\n|\n|t:|1699370901\n|-terastallize|p2b: Leafeon|Fire\n|-terastallize|p1b: Dragapult|Dragon\n|move|p2b: Leafeon|Tera Blast|p1a: Gastrodon|[anim] Tera Blast Fire\n|-resisted|p1a: Gastrodon\n|-damage|p1a: Gastrodon|67\/100\n|move|p1b: Dragapult|Dragon Dance|p1b: Dragapult\n|-boost|p1b: Dragapult|atk|1\n|-boost|p1b: Dragapult|spe|1\n|move|p2a: Cinderace|Pyro Ball|p1b: Dragapult\n|-resisted|p1b: Dragapult\n|-damage|p1b: Dragapult|0 fnt\n|faint|p1b: Dragapult\n|move|p1a: Gastrodon|Liquidation|p2a: Cinderace\n|-supereffective|p2a: Cinderace\n|-damage|p2a: Cinderace|23\/100\n|\n|-weather|SunnyDay|[upkeep]\n|-heal|p1a: Gastrodon|73\/100|[from] item: Leftovers\n|upkeep\n|turn|10\n|\n|t:|1699370916\n|move|p2a: Cinderace|Sucker Punch|p1a: Gastrodon\n|-start|p2a: Cinderace|typechange|Dark|[from] ability: Libero\n|-damage|p1a: Gastrodon|38\/100\n|move|p2b: Leafeon|Tera Blast|p1a: Gastrodon|[anim] Tera Blast Fire\n|-resisted|p1a: Gastrodon\n|-damage|p1a: Gastrodon|4\/100\n|move|p1a: Gastrodon|Earthquake|p2b: Leafeon|[spread] p2a,p2b\n|-supereffective|p2b: Leafeon\n|-damage|p2a: Cinderace|0 fnt\n|-damage|p2b: Leafeon|0 fnt\n|faint|p2a: Cinderace\n|faint|p2b: Leafeon\n|\n|win|Im bad on purpose\n","uploadtime":1699370939,"views":8,"p1id":"imbadonpurpose","p2id":"esonu","formatid":"gen9doublesou","rating":0,"private":0,"password":""}