{"id":"gen9doublesou-1993164793","p1":"Kiky14","p2":"AlmostTruenoglaca","format":"[Gen 9] Doubles OU","log":"|j|\u2606Kiky14\n|j|\u2606AlmostTruenoglaca\n|t:|1700272656\n|gametype|doubles\n|player|p1|Kiky14|hilda-wonderlauncher|1465\n|player|p2|AlmostTruenoglaca|170|1523\n|teamsize|p1|6\n|teamsize|p2|6\n|gen|9\n|tier|[Gen 9] Doubles OU\n|rated|\n|rule|Species Clause: Limit one of each Pok\u00e9mon\n|rule|OHKO Clause: OHKO moves are banned\n|rule|Evasion Moves Clause: Evasion moves are banned\n|rule|Gravity Sleep Clause: The combination of sleep-inducing moves with imperfect accuracy and Gravity or Gigantamax Orbeetle are banned\n|rule|Endless Battle Clause: Forcing endless battles is banned\n|rule|HP Percentage Mod: HP is shown in percentages\n|clearpoke\n|poke|p1|Sinistcha|\n|poke|p1|Moltres-Galar|\n|poke|p1|Arcanine-Hisui, M|\n|poke|p1|Ogerpon-Wellspring, F|\n|poke|p1|Klefki, M|\n|poke|p1|Landorus-Therian, M|\n|poke|p2|Sylveon, M|\n|poke|p2|Cinderace, M|\n|poke|p2|Corviknight, F|\n|poke|p2|Walking Wake|\n|poke|p2|Sandy Shocks|\n|poke|p2|Ogerpon, F|\n|teampreview\n|l|\u2606Kiky14\n|player|p1|\n|j|\u2606Kiky14\n|player|p1|Kiky14|hilda-wonderlauncher\n|\n|t:|1700272741\n|start\n|switch|p1a: Ogerpon|Ogerpon-Wellspring, F|100\/100\n|switch|p1b: Klefki|Klefki, M|100\/100\n|switch|p2a: Sandy Shocks|Sandy Shocks|100\/100\n|switch|p2b: Corviknight|Corviknight, F|100\/100\n|-enditem|p2a: Sandy Shocks|Booster Energy\n|-activate|p2a: Sandy Shocks|ability: Protosynthesis|[fromitem]\n|-start|p2a: Sandy Shocks|protosynthesisspe\n|turn|1\n|\n|t:|1700272759\n|switch|p1a: Landorus|Landorus-Therian, M|100\/100\n|-ability|p1a: Landorus|Intimidate|boost\n|-unboost|p2a: Sandy Shocks|atk|1\n|-ability|p2b: Corviknight|Mirror Armor\n|-unboost|p1a: Landorus|atk|1\n|move|p2a: Sandy Shocks|Protect|p2a: Sandy Shocks\n|-singleturn|p2a: Sandy Shocks|Protect\n|move|p1b: Klefki|Light Screen|p1b: Klefki\n|-sidestart|p1: Kiky14|move: Light Screen\n|move|p2b: Corviknight|Tailwind|p2b: Corviknight\n|-sidestart|p2: AlmostTruenoglaca|move: Tailwind\n|\n|upkeep\n|turn|2\n|\n|t:|1700272805\n|switch|p1a: Moltres|Moltres-Galar|100\/100\n|switch|p2b: Ogerpon|Ogerpon, F|100\/100\n|move|p1b: Klefki|Reflect|p1b: Klefki\n|-sidestart|p1: Kiky14|Reflect\n|move|p2a: Sandy Shocks|Earth Power|p1b: Klefki\n|-supereffective|p1b: Klefki\n|-damage|p1b: Klefki|41\/100\n|\n|upkeep\n|turn|3\n|\n|t:|1700272824\n|move|p1b: Klefki|Thunder Wave|p2b: Ogerpon\n|-status|p2b: Ogerpon|par\n|move|p2a: Sandy Shocks|Thunderbolt|p1a: Moltres\n|-supereffective|p1a: Moltres\n|-damage|p1a: Moltres|64\/100\n|-enditem|p1a: Moltres|Weakness Policy\n|-boost|p1a: Moltres|atk|2|[from] item: Weakness Policy\n|-boost|p1a: Moltres|spa|2|[from] item: Weakness Policy\n|move|p2b: Ogerpon|Brick Break|p1b: Klefki\n|-sideend|p1: Kiky14|Reflect\n|-sideend|p1: Kiky14|move: Light Screen\n|-damage|p1b: Klefki|19\/100\n|move|p1a: Moltres|Agility|p1a: Moltres\n|-boost|p1a: Moltres|spe|2\n|\n|upkeep\n|turn|4\n|\n|t:|1700272849\n|move|p1b: Klefki|Light Screen|p1b: Klefki\n|-sidestart|p1: Kiky14|move: Light Screen\n|move|p2a: Sandy Shocks|Thunderbolt|p1a: Moltres\n|-supereffective|p1a: Moltres\n|-damage|p1a: Moltres|27\/100\n|-ability|p1a: Moltres|Berserk|boost\n|-boost|p1a: Moltres|spa|1\n|move|p1a: Moltres|Fiery Wrath|p2b: Ogerpon|[spread] p2a,p2b\n|-damage|p2a: Sandy Shocks|17\/100\n|-damage|p2b: Ogerpon|24\/100 par\n|cant|p2b: Ogerpon|par\n|\n|-heal|p2b: Ogerpon|30\/100 par|[from] item: Leftovers\n|-sideend|p2: AlmostTruenoglaca|move: Tailwind\n|upkeep\n|turn|5\n|\n|t:|1700272874\n|switch|p1b: Sinistcha|Sinistcha|100\/100\n|-heal|p1a: Moltres|52\/100|[from] ability: Hospitality|[of] p1b: Sinistcha\n|cant|p2b: Ogerpon|par\n|move|p2a: Sandy Shocks|Thunderbolt|p1a: Moltres\n|-supereffective|p1a: Moltres\n|-damage|p1a: Moltres|14\/100\n|-status|p1a: Moltres|par\n|-ability|p1a: Moltres|Berserk|boost\n|-boost|p1a: Moltres|spa|1\n|move|p1a: Moltres|Fiery Wrath|p2a: Sandy Shocks|[spread] p2a,p2b\n|-damage|p2a: Sandy Shocks|0 fnt\n|-damage|p2b: Ogerpon|0 fnt\n|faint|p2a: Sandy Shocks\n|-end|p2a: Sandy Shocks|Protosynthesis|[silent]\n|faint|p2b: Ogerpon\n|\n|upkeep\n|\n|t:|1700272893\n|switch|p2b: Cinderace|Cinderace, M|100\/100\n|switch|p2a: Sylveon|Sylveon, M|100\/100\n|turn|6\n|\n|t:|1700272906\n|switch|p1b: Arcanine|Arcanine-Hisui, M|100\/100\n|-ability|p1b: Arcanine|Intimidate|boost\n|-unboost|p2a: Sylveon|atk|1\n|-unboost|p2b: Cinderace|atk|1\n|move|p1a: Moltres|Protect|p1a: Moltres\n|-singleturn|p1a: Moltres|Protect\n|move|p2b: Cinderace|Pyro Ball|p1a: Moltres\n|-activate|p1a: Moltres|move: Protect\n|move|p2a: Sylveon|Hyper Voice|p1b: Arcanine|[spread] p1b\n|-activate|p1a: Moltres|move: Protect\n|-resisted|p1b: Arcanine\n|-damage|p1b: Arcanine|88\/100\n|-enditem|p2a: Sylveon|Throat Spray\n|-boost|p2a: Sylveon|spa|1|[from] item: Throat Spray\n|\n|upkeep\n|turn|7\n|\n|t:|1700272934\n|move|p2b: Cinderace|U-turn|p1a: Moltres\n|-start|p2b: Cinderace|typechange|Bug|[from] ability: Libero\n|-damage|p1a: Moltres|0 fnt\n|faint|p1a: Moltres\n|\n|t:|1700272939\n|switch|p2b: Walking Wake|Walking Wake|100\/100|[from] U-turn\n|move|p1b: Arcanine|Rock Slide|p2a: Sylveon|[spread] p2a\n|-miss|p1b: Arcanine|p2b: Walking Wake\n|-damage|p2a: Sylveon|71\/100\n|move|p2a: Sylveon|Hyper Voice|p1b: Arcanine\n|-resisted|p1b: Arcanine\n|-damage|p1b: Arcanine|63\/100\n|\n|upkeep\n|\n|t:|1700272952\n|switch|p1a: Sinistcha|Sinistcha|100\/100\n|-heal|p1b: Arcanine|88\/100|[from] ability: Hospitality|[of] p1a: Sinistcha\n|turn|8\n|\n|t:|1700272963\n|switch|p1b: Ogerpon|Ogerpon-Wellspring, F|100\/100\n|move|p2b: Walking Wake|Protect|p2b: Walking Wake\n|-singleturn|p2b: Walking Wake|Protect\n|move|p1a: Sinistcha|Matcha Gotcha|p2b: Walking Wake|[spread] p2a\n|-activate|p2b: Walking Wake|move: Protect\n|-damage|p2a: Sylveon|53\/100\n|move|p2a: Sylveon|Calm Mind|p2a: Sylveon\n|-boost|p2a: Sylveon|spa|1\n|-boost|p2a: Sylveon|spd|1\n|\n|upkeep\n|turn|9\n|\n|t:|1700272992\n|move|p2b: Walking Wake|Hurricane|p1b: Ogerpon\n|-supereffective|p1b: Ogerpon\n|-damage|p1b: Ogerpon|41\/100\n|-damage|p2b: Walking Wake|90\/100|[from] item: Life Orb\n|move|p1b: Ogerpon|Ivy Cudgel|p2a: Sylveon|[anim] Ivy Cudgel Water\n|-damage|p2a: Sylveon|0 fnt\n|faint|p2a: Sylveon\n|move|p1a: Sinistcha|Matcha Gotcha|p2b: Walking Wake\n|-damage|p2b: Walking Wake|55\/100\n|-status|p2b: Walking Wake|brn\n|\n|-damage|p2b: Walking Wake|49\/100 brn|[from] brn\n|upkeep\n|\n|t:|1700273007\n|switch|p2a: Corviknight|Corviknight, F|100\/100\n|turn|10\n|\n|t:|1700273019\n|switch|p1a: Klefki|Klefki, M|19\/100\n|move|p2b: Walking Wake|Protect|p2b: Walking Wake\n|-singleturn|p2b: Walking Wake|Protect\n|move|p1b: Ogerpon|Spiky Shield|p1b: Ogerpon\n|-singleturn|p1b: Ogerpon|move: Protect\n|move|p2a: Corviknight|Tailwind|p2a: Corviknight\n|-sidestart|p2: AlmostTruenoglaca|move: Tailwind\n|\n|-damage|p2b: Walking Wake|43\/100 brn|[from] brn\n|upkeep\n|turn|11\n|\n|t:|1700273044\n|-terastallize|p1b: Ogerpon|Water\n|detailschange|p1b: Ogerpon|Ogerpon-Wellspring-Tera, F, tera:Water\n|-ability|p1b: Ogerpon|Embody Aspect (Wellspring)|boost\n|-boost|p1b: Ogerpon|spd|1\n|move|p1a: Klefki|Thunder Wave|p2a: Corviknight\n|-status|p2a: Corviknight|par\n|move|p2b: Walking Wake|Hurricane|p1b: Ogerpon\n|-damage|p1b: Ogerpon|21\/100\n|-damage|p2b: Walking Wake|33\/100 brn|[from] item: Life Orb\n|move|p1b: Ogerpon|Leech Seed|p2b: Walking Wake\n|-start|p2b: Walking Wake|move: Leech Seed\n|move|p2a: Corviknight|Iron Head|p1a: Klefki\n|-damage|p1a: Klefki|0 fnt\n|faint|p1a: Klefki\n|\n|-damage|p2b: Walking Wake|21\/100 brn|[from] Leech Seed|[of] p1b: Ogerpon\n|-heal|p1b: Ogerpon|36\/100|[silent]\n|-damage|p2b: Walking Wake|15\/100 brn|[from] brn\n|-sideend|p1: Kiky14|move: Light Screen\n|upkeep\n|\n|t:|1700273063\n|switch|p1a: Sinistcha|Sinistcha|100\/100\n|-heal|p1b: Ogerpon|61\/100|[from] ability: Hospitality|[of] p1a: Sinistcha\n|turn|12\n|\n|t:|1700273075\n|move|p1a: Sinistcha|Rage Powder|p1a: Sinistcha\n|-singleturn|p1a: Sinistcha|move: Rage Powder\n|move|p2b: Walking Wake|Flamethrower|p1a: Sinistcha\n|-supereffective|p1a: Sinistcha\n|-damage|p1a: Sinistcha|25\/100\n|-damage|p2b: Walking Wake|5\/100 brn|[from] item: Life Orb\n|move|p1b: Ogerpon|Ivy Cudgel|p2a: Corviknight|[anim] Ivy Cudgel Water\n|-damage|p2a: Corviknight|41\/100 par\n|move|p2a: Corviknight|Brave Bird|p1a: Sinistcha\n|-supereffective|p1a: Sinistcha\n|-damage|p1a: Sinistcha|0 fnt\n|faint|p1a: Sinistcha\n|-damage|p2a: Corviknight|33\/100 par|[from] Recoil\n|\n|-damage|p2b: Walking Wake|0 fnt|[from] Leech Seed|[of] p1b: Ogerpon\n|-heal|p1b: Ogerpon|66\/100|[silent]\n|faint|p2b: Walking Wake\n|-end|p2b: Walking Wake|Protosynthesis|[silent]\n|upkeep\n|\n|t:|1700273094\n|switch|p2b: Cinderace|Cinderace, M|100\/100\n|switch|p1a: Landorus|Landorus-Therian, M|100\/100\n|-ability|p1a: Landorus|Intimidate|boost\n|-ability|p2a: Corviknight|Mirror Armor\n|-unboost|p1a: Landorus|atk|1\n|-unboost|p2b: Cinderace|atk|1\n|turn|13\n|\n|t:|1700273109\n|move|p1b: Ogerpon|Spiky Shield|p1b: Ogerpon\n|-singleturn|p1b: Ogerpon|move: Protect\n|move|p2b: Cinderace|Pyro Ball|p1a: Landorus\n|-damage|p1a: Landorus|52\/100\n|move|p1a: Landorus|U-turn|p2b: Cinderace\n|-resisted|p2b: Cinderace\n|-damage|p2b: Cinderace|89\/100\n|\n|t:|1700273118\n|switch|p1a: Arcanine|Arcanine-Hisui, M|88\/100|[from] U-turn\n|-ability|p1a: Arcanine|Intimidate|boost\n|-ability|p2a: Corviknight|Mirror Armor\n|-unboost|p1a: Arcanine|atk|1\n|-unboost|p2b: Cinderace|atk|1\n|cant|p2a: Corviknight|par\n|\n|-sideend|p2: AlmostTruenoglaca|move: Tailwind\n|upkeep\n|turn|14\n|\n|t:|1700273131\n|move|p2b: Cinderace|Gunk Shot|p1b: Ogerpon\n|-start|p2b: Cinderace|typechange|Poison|[from] ability: Libero\n|-damage|p1b: Ogerpon|32\/100\n|move|p1a: Arcanine|Rock Slide|p2b: Cinderace|[spread] p2a,p2b\n|-damage|p2a: Corviknight|21\/100 par\n|-damage|p2b: Cinderace|68\/100\n|move|p1b: Ogerpon|Ivy Cudgel|p2a: Corviknight|[anim] Ivy Cudgel Water\n|-damage|p2a: Corviknight|0 fnt\n|faint|p2a: Corviknight\n|\n|upkeep\n|turn|15\n|\n|t:|1700273146\n|switch|p1a: Landorus|Landorus-Therian, M|52\/100\n|-ability|p1a: Landorus|Intimidate|boost\n|-unboost|p2b: Cinderace|atk|1\n|move|p1b: Ogerpon|Spiky Shield|p1b: Ogerpon\n|-singleturn|p1b: Ogerpon|move: Protect\n|move|p2b: Cinderace|Gunk Shot|p1b: Ogerpon\n|-activate|p1b: Ogerpon|move: Protect\n|\n|upkeep\n|turn|16\n|\n|t:|1700273157\n|move|p1a: Landorus|Earthquake|p2b: Cinderace|[spread] p1b,p2b\n|-supereffective|p2b: Cinderace\n|-damage|p1b: Ogerpon|0 fnt\n|-damage|p2b: Cinderace|0 fnt\n|faint|p1b: Ogerpon\n|faint|p2b: Cinderace\n|\n|win|Kiky14\n|raw|Kiky14's rating: 1465 &rarr; <strong>1488<\/strong><br \/>(+23 for winning)\n|raw|AlmostTruenoglaca's rating: 1523 &rarr; <strong>1500<\/strong><br \/>(-23 for losing)\n|l|\u2606AlmostTruenoglaca\n","uploadtime":1700273199,"views":10,"p1id":"kiky14","p2id":"almosttruenoglaca","formatid":"gen9doublesou","rating":1488,"private":0,"password":""}