{"id":"gen9doublesou-1973227172","p1":"Samirsin\u2605","p2":"Docter_Peng99","format":"[Gen 9] Doubles OU","log":"|j|\u2606Samirsin\u2605\n|j|\u2606Docter_Peng99\n|t:|1697941698\n|gametype|doubles\n|player|p1|Samirsin\u2605|theroyal|\n|player|p2|Docter_Peng99|larry|\n|teamsize|p1|6\n|teamsize|p2|6\n|gen|9\n|tier|[Gen 9] Doubles OU\n|rated|Tournament battle\n|rule|Species Clause: Limit one of each Pok\u00e9mon\n|rule|OHKO Clause: OHKO moves are banned\n|rule|Evasion Moves Clause: Evasion moves are banned\n|rule|Gravity Sleep Clause: The combination of sleep-inducing moves with imperfect accuracy and Gravity or Gigantamax Orbeetle are banned\n|rule|Endless Battle Clause: Forcing endless battles is banned\n|rule|HP Percentage Mod: HP is shown in percentages\n|clearpoke\n|poke|p1|Aurumoth, M|\n|poke|p1|Slowking-Galar, M|\n|poke|p1|Masquerain, M|\n|poke|p1|Saharaja, M|\n|poke|p1|Scattervein, F|\n|poke|p1|Jumbao, M|\n|poke|p2|Venomicon|\n|poke|p2|Iron Moth|\n|poke|p2|Iron Valiant|\n|poke|p2|Cawmodore, M|\n|poke|p2|Pajantom, M|\n|poke|p2|Kingambit, M|\n|teampreview\n|j|+boomp11\n|\n|t:|1697941713\n|start\n|switch|p1a: Aurumoth|Aurumoth, M|100\/100\n|switch|p1b: Masquerain|Masquerain, M|100\/100\n|switch|p2a: Venomicon|Venomicon|100\/100\n|switch|p2b: Iron Moth|Iron Moth|100\/100\n|-ability|p1b: Masquerain|Intimidate|boost\n|-unboost|p2a: Venomicon|atk|1\n|-unboost|p2b: Iron Moth|atk|1\n|turn|1\n|\n|t:|1697941719\n|move|p1a: Aurumoth|Final Gambit|p2a: Venomicon\n|-damage|p2a: Venomicon|0 fnt\n|faint|p1a: Aurumoth\n|faint|p2a: Venomicon\n|move|p2b: Iron Moth|Fiery Dance|p1b: Masquerain\n|-supereffective|p1b: Masquerain\n|-enditem|p1b: Masquerain|Focus Sash\n|-damage|p1b: Masquerain|1\/100\n|move|p1b: Masquerain|Sticky Web|p2b: Iron Moth\n|-sidestart|p2: Docter_Peng99|move: Sticky Web\n|\n|upkeep\n|\n|t:|1697941728\n|switch|p1a: Saharaja|Saharaja, M, shiny|100\/100\n|switch|p2a: Iron Valiant|Iron Valiant|100\/100\n|-activate|p2a: Iron Valiant|move: Sticky Web\n|-unboost|p2a: Iron Valiant|spe|1\n|-enditem|p2a: Iron Valiant|Booster Energy\n|-activate|p2a: Iron Valiant|ability: Quark Drive|[fromitem]\n|-start|p2a: Iron Valiant|quarkdrivespa\n|turn|2\n|\n|t:|1697941747\n|move|p2b: Iron Moth|Fiery Dance|p1b: Masquerain\n|-supereffective|p1b: Masquerain\n|-damage|p1b: Masquerain|0 fnt\n|-boost|p2b: Iron Moth|spa|1\n|faint|p1b: Masquerain\n|move|p2a: Iron Valiant|Moonblast|p1a: Saharaja\n|-damage|p1a: Saharaja|49\/100\n|move|p1a: Saharaja|Diamond Storm|p2a: Iron Valiant|[spread] p2a,p2b\n|-resisted|p2a: Iron Valiant\n|-supereffective|p2b: Iron Moth\n|-damage|p2a: Iron Valiant|85\/100\n|-damage|p2b: Iron Moth|14\/100\n|\n|-heal|p1a: Saharaja|55\/100|[from] item: Leftovers\n|upkeep\n|\n|t:|1697941750\n|switch|p1b: Slowking|Slowking-Galar, M|100\/100\n|turn|3\n|\n|t:|1697941755\n|move|p2b: Iron Moth|Fiery Dance|p1a: Saharaja\n|-damage|p1a: Saharaja|0 fnt\n|faint|p1a: Saharaja\n|move|p2a: Iron Valiant|Destiny Bond|p2a: Iron Valiant\n|-singlemove|p2a: Iron Valiant|Destiny Bond\n|move|p1b: Slowking|Psychic|p2a: Iron Valiant\n|-supereffective|p2a: Iron Valiant\n|-damage|p2a: Iron Valiant|0 fnt\n|faint|p2a: Iron Valiant\n|-activate|p2a: Iron Valiant|move: Destiny Bond\n|-end|p2a: Iron Valiant|Quark Drive|[silent]\n|faint|p1b: Slowking\n|\n|upkeep\n|\n|t:|1697941766\n|switch|p2a: Cawmodore|Cawmodore, M, shiny|100\/100\n|switch|p1a: Scattervein|Scattervein, F|100\/100\n|switch|p1b: Jumbao|Jumbao, M|100\/100\n|-weather|SunnyDay|[from] ability: Drought|[of] p1b: Jumbao\n|turn|4\n|\n|t:|1697941774\n|move|p1a: Scattervein|Extreme Speed|p2b: Iron Moth\n|-resisted|p2b: Iron Moth\n|-damage|p2b: Iron Moth|0 fnt\n|faint|p2b: Iron Moth\n|-end|p2b: Iron Moth|Quark Drive|[silent]\n|move|p2a: Cawmodore|Belly Drum|p2a: Cawmodore\n|-damage|p2a: Cawmodore|50\/100\n|-setboost|p2a: Cawmodore|atk|6|[from] move: Belly Drum\n|-enditem|p2a: Cawmodore|Sitrus Berry|[eat]\n|-heal|p2a: Cawmodore|75\/100|[from] item: Sitrus Berry\n|move|p1b: Jumbao|Dazzling Gleam|p2a: Cawmodore\n|-resisted|p2a: Cawmodore\n|-damage|p2a: Cawmodore|30\/100\n|-damage|p1b: Jumbao|91\/100|[from] item: Life Orb\n|\n|-weather|SunnyDay|[upkeep]\n|upkeep\n|\n|t:|1697941777\n|switch|p2b: Pajantom|Pajantom, M|100\/100\n|-activate|p2b: Pajantom|move: Sticky Web\n|-unboost|p2b: Pajantom|spe|1\n|-ability|p2b: Pajantom|Comatose\n|turn|5\n|\n|t:|1697941802\n|move|p1a: Scattervein|Extreme Speed|p2b: Pajantom\n|-supereffective|p2b: Pajantom\n|-damage|p2b: Pajantom|0 fnt\n|faint|p2b: Pajantom\n|move|p2a: Cawmodore|Acrobatics|p1b: Jumbao\n|-supereffective|p1b: Jumbao\n|-damage|p1b: Jumbao|0 fnt\n|faint|p1b: Jumbao\n|\n|-weather|SunnyDay|[upkeep]\n|upkeep\n|\n|t:|1697941807\n|switch|p2b: Checkmate|Kingambit, M, shiny|100\/100\n|-activate|p2b: Checkmate|move: Sticky Web\n|-unboost|p2b: Checkmate|spe|1\n|-activate|p2b: Checkmate|ability: Supreme Overlord\n|-start|p2b: Checkmate|fallen4|[silent]\n|turn|6\n|\n|t:|1697941818\n|-terastallize|p1a: Scattervein|Water\n|move|p2a: Cawmodore|Bullet Punch|p1a: Scattervein\n|-resisted|p1a: Scattervein\n|-damage|p1a: Scattervein|76\/100\n|move|p1a: Scattervein|Bulk Up|p1a: Scattervein\n|-boost|p1a: Scattervein|atk|1\n|-boost|p1a: Scattervein|def|1\n|move|p2b: Checkmate|Iron Head|p1a: Scattervein\n|-resisted|p1a: Scattervein\n|-damage|p1a: Scattervein|57\/100\n|\n|-weather|SunnyDay|[upkeep]\n|upkeep\n|turn|7\n|\n|t:|1697941823\n|move|p1a: Scattervein|Extreme Speed|p2a: Cawmodore\n|-resisted|p2a: Cawmodore\n|-damage|p2a: Cawmodore|0 fnt\n|faint|p2a: Cawmodore\n|move|p2b: Checkmate|Sucker Punch||[still]\n|-fail|p2b: Checkmate\n|\n|-weather|SunnyDay|[upkeep]\n|upkeep\n|turn|8\n|\n|t:|1697941828\n|move|p1a: Scattervein|Moonlight|p1a: Scattervein\n|-heal|p1a: Scattervein|100\/100\n|move|p2b: Checkmate|Kowtow Cleave|p1a: Scattervein\n|-damage|p1a: Scattervein|65\/100\n|\n|-weather|none\n|upkeep\n|turn|9\n|\n|t:|1697941831\n|move|p1a: Scattervein|Extreme Speed|p2b: Checkmate\n|-damage|p2b: Checkmate|57\/100\n|move|p2b: Checkmate|Kowtow Cleave|p1a: Scattervein\n|-damage|p1a: Scattervein|27\/100\n|\n|-heal|p2b: Checkmate|63\/100|[from] item: Leftovers\n|upkeep\n|turn|10\n|\n|t:|1697941835\n|move|p1a: Scattervein|Moonlight|p1a: Scattervein\n|-heal|p1a: Scattervein|77\/100\n|move|p2b: Checkmate|Kowtow Cleave|p1a: Scattervein\n|-damage|p1a: Scattervein|39\/100\n|\n|-heal|p2b: Checkmate|69\/100|[from] item: Leftovers\n|upkeep\n|turn|11\n|\n|t:|1697941838\n|move|p1a: Scattervein|Moonlight|p1a: Scattervein\n|-heal|p1a: Scattervein|89\/100\n|move|p2b: Checkmate|Kowtow Cleave|p1a: Scattervein\n|-crit|p1a: Scattervein\n|-damage|p1a: Scattervein|10\/100\n|\n|-heal|p2b: Checkmate|75\/100|[from] item: Leftovers\n|upkeep\n|turn|12\n|\n|t:|1697941840\n|move|p1a: Scattervein|Moonlight|p1a: Scattervein\n|-heal|p1a: Scattervein|60\/100\n|move|p2b: Checkmate|Kowtow Cleave|p1a: Scattervein\n|-damage|p1a: Scattervein|24\/100\n|\n|-heal|p2b: Checkmate|82\/100|[from] item: Leftovers\n|upkeep\n|turn|13\n|j| Concept Everything\n|\n|t:|1697941847\n|move|p1a: Scattervein|Moonlight|p1a: Scattervein\n|-heal|p1a: Scattervein|74\/100\n|move|p2b: Checkmate|Kowtow Cleave|p1a: Scattervein\n|-damage|p1a: Scattervein|35\/100\n|\n|-heal|p2b: Checkmate|88\/100|[from] item: Leftovers\n|upkeep\n|turn|14\n|\n|t:|1697941850\n|move|p1a: Scattervein|Moonlight|p1a: Scattervein\n|-heal|p1a: Scattervein|85\/100\n|move|p2b: Checkmate|Kowtow Cleave|p1a: Scattervein\n|-damage|p1a: Scattervein|50\/100\n|\n|-heal|p2b: Checkmate|94\/100|[from] item: Leftovers\n|upkeep\n|turn|15\n|\n|t:|1697941854\n|move|p1a: Scattervein|Bulk Up|p1a: Scattervein\n|-boost|p1a: Scattervein|atk|1\n|-boost|p1a: Scattervein|def|1\n|move|p2b: Checkmate|Kowtow Cleave|p1a: Scattervein\n|-damage|p1a: Scattervein|23\/100\n|\n|-heal|p2b: Checkmate|100\/100|[from] item: Leftovers\n|upkeep\n|turn|16\n|\n|t:|1697941857\n|move|p1a: Scattervein|Moonlight|p1a: Scattervein\n|-heal|p1a: Scattervein|73\/100\n|move|p2b: Checkmate|Kowtow Cleave|p1a: Scattervein\n|-damage|p1a: Scattervein|43\/100\n|\n|upkeep\n|turn|17\n|\n|t:|1697941859\n|move|p1a: Scattervein|Moonlight|p1a: Scattervein\n|-heal|p1a: Scattervein|93\/100\n|move|p2b: Checkmate|Kowtow Cleave|p1a: Scattervein\n|-damage|p1a: Scattervein|63\/100\n|\n|upkeep\n|turn|18\n|\n|t:|1697941862\n|move|p1a: Scattervein|Bulk Up|p1a: Scattervein\n|-boost|p1a: Scattervein|atk|1\n|-boost|p1a: Scattervein|def|1\n|move|p2b: Checkmate|Kowtow Cleave|p1a: Scattervein\n|-damage|p1a: Scattervein|42\/100\n|\n|upkeep\n|turn|19\n|\n|t:|1697941865\n|move|p1a: Scattervein|Tera Blast|p2b: Checkmate|[anim] Tera Blast Water\n|-damage|p2b: Checkmate|40\/100\n|move|p2b: Checkmate|Swords Dance|p2b: Checkmate\n|-boost|p2b: Checkmate|atk|2\n|\n|-heal|p2b: Checkmate|46\/100|[from] item: Leftovers\n|upkeep\n|turn|20\n|\n|t:|1697941871\n|-terastallize|p2b: Checkmate|Fairy\n|move|p2b: Checkmate|Sucker Punch|p1a: Scattervein\n|-damage|p1a: Scattervein|6\/100\n|move|p1a: Scattervein|Tera Blast|p2b: Checkmate|[anim] Tera Blast Water\n|-damage|p2b: Checkmate|0 fnt\n|faint|p2b: Checkmate\n|-end|p2b: Checkmate|fallen4|[silent]\n|\n|win|Samirsin\u2605\n|n|\u2606Samirsin\u2605|samirsin\n|n|\u2606Docter_Peng99|docterpeng99\n|n| boomp11|boomp11\n|n| Concept Everything|concepteverything\n|c|\u2606Samirsin\u2605|Omg\n|c|\u2606Samirsin\u2605|Scattervein\n|c|\u2606Docter_Peng99|So close\n|c|\u2606Docter_Peng99|gg\n|c|\u2606Samirsin\u2605|gg!\n|l|\u2606Samirsin\u2605\n|l|\u2606Docter_Peng99\n|l| boomp11\n|j| Waldinjy\n|l| Waldinjy\n","uploadtime":1697942386,"views":20,"p1id":"samirsin","p2id":"docterpeng99","formatid":"gen9doublesou","rating":0,"private":0,"password":""}