{"id":"gen9doublesou-1987793785","p1":"Bahg3012","p2":"Happy1912owl","format":"[Gen 9] Doubles OU","log":"|j|\u2606Bahg3012\n|j|\u2606Happy1912owl\n|t:|1699637443\n|gametype|doubles\n|player|p1|Bahg3012|marlon|\n|player|p2|Happy1912owl|steven|\n|teamsize|p1|6\n|teamsize|p2|6\n|gen|9\n|tier|[Gen 9] Doubles OU\n|rule|Species Clause: Limit one of each Pok\u00e9mon\n|rule|OHKO Clause: OHKO moves are banned\n|rule|Evasion Moves Clause: Evasion moves are banned\n|rule|Gravity Sleep Clause: The combination of sleep-inducing moves with imperfect accuracy and Gravity or Gigantamax Orbeetle are banned\n|rule|Endless Battle Clause: Forcing endless battles is banned\n|rule|HP Percentage Mod: HP is shown in percentages\n|clearpoke\n|poke|p1|Ogerpon-Hearthflame, F|\n|poke|p1|Tornadus, M|\n|poke|p1|Perrserker, F|\n|poke|p1|Gastrodon, M|\n|poke|p1|Arcanine-Hisui, M|\n|poke|p1|Lilligant-Hisui, F|\n|poke|p2|Dipplin, F|\n|poke|p2|Scovillain, M|\n|poke|p2|Tropius, M|\n|poke|p2|Scream Tail|\n|poke|p2|Farigiraf, M|\n|poke|p2|Azumarill, F|\n|teampreview\n|c|\u2606Bahg3012|Glhf!\n|\n|t:|1699637461\n|start\n|switch|p1a: Tornadus|Tornadus, M|100\/100\n|switch|p1b: Ogerpon|Ogerpon-Hearthflame, F|100\/100\n|switch|p2a: Flying mower|Tropius, M, shiny|100\/100\n|switch|p2b: Zombie Happy|Scream Tail, shiny|100\/100\n|-ability|p1b: Ogerpon|Mold Breaker\n|turn|1\n|\n|t:|1699637484\n|move|p1a: Tornadus|Taunt|p2a: Flying mower\n|-start|p2a: Flying mower|move: Taunt\n|move|p1b: Ogerpon|Ivy Cudgel|p2a: Flying mower\n|-supereffective|p2a: Flying mower\n|-damage|p2a: Flying mower|0 fnt\n|faint|p2a: Flying mower\n|move|p2b: Zombie Happy|Psychic Fangs|p1b: Ogerpon\n|-damage|p1b: Ogerpon|63\/100\n|\n|upkeep\n|\n|t:|1699637497\n|switch|p2a: Safari Guardians|Farigiraf, M, shiny|100\/100\n|turn|2\n|\n|t:|1699637526\n|move|p1a: Tornadus|Bleakwind Storm|p2b: Zombie Happy|[spread] p2a,p2b\n|-damage|p2a: Safari Guardians|60\/100\n|-damage|p2b: Zombie Happy|77\/100\n|move|p1b: Ogerpon|Horn Leech|p2a: Safari Guardians\n|-damage|p2a: Safari Guardians|19\/100\n|-heal|p1b: Ogerpon|94\/100|[from] drain|[of] p2a: Safari Guardians\n|move|p2b: Zombie Happy|Psychic Fangs|p1a: Tornadus\n|-damage|p1a: Tornadus|62\/100\n|move|p2a: Safari Guardians|Psychic|p1b: Ogerpon\n|-damage|p1b: Ogerpon|42\/100\n|\n|upkeep\n|turn|3\n|\n|t:|1699637549\n|move|p1a: Tornadus|Bleakwind Storm|p2b: Zombie Happy|[spread] p2a,p2b\n|-damage|p2a: Safari Guardians|0 fnt\n|-damage|p2b: Zombie Happy|53\/100\n|faint|p2a: Safari Guardians\n|move|p1b: Ogerpon|Horn Leech|p2b: Zombie Happy\n|-damage|p2b: Zombie Happy|20\/100\n|-heal|p1b: Ogerpon|66\/100|[from] drain|[of] p2b: Zombie Happy\n|move|p2b: Zombie Happy|Thunder Punch|p1b: Ogerpon\n|-resisted|p1b: Ogerpon\n|-damage|p1b: Ogerpon|56\/100\n|\n|upkeep\n|\n|t:|1699637562\n|switch|p2a: Belly rubs please|Azumarill, F, shiny|100\/100\n|turn|4\n|\n|t:|1699637576\n|move|p2a: Belly rubs please|Aqua Jet|p1b: Ogerpon\n|-damage|p1b: Ogerpon|22\/100\n|move|p1a: Tornadus|Bleakwind Storm|p2a: Belly rubs please|[spread] p2a\n|-miss|p1a: Tornadus|p2b: Zombie Happy\n|-damage|p2a: Belly rubs please|61\/100\n|move|p1b: Ogerpon|Horn Leech|p2a: Belly rubs please\n|-supereffective|p2a: Belly rubs please\n|-damage|p2a: Belly rubs please|0 fnt\n|-heal|p1b: Ogerpon|58\/100|[from] drain|[of] p2a: Belly rubs please\n|faint|p2a: Belly rubs please\n|move|p2b: Zombie Happy|Psychic Fangs|p1a: Tornadus\n|-damage|p1a: Tornadus|24\/100\n|\n|upkeep\n|\n|t:|1699637591\n|switch|p2a: Carolina Reaper|Scovillain, M, shiny|100\/100\n|turn|5\n|\n|t:|1699637611\n|-terastallize|p1b: Ogerpon|Fire\n|detailschange|p1b: Ogerpon|Ogerpon-Hearthflame-Tera, F, tera:Fire\n|-ability|p1b: Ogerpon|Embody Aspect (Hearthflame)|boost\n|-boost|p1b: Ogerpon|atk|1\n|move|p1a: Tornadus|Bleakwind Storm|p2a: Carolina Reaper|[spread] p2a,p2b\n|-supereffective|p2a: Carolina Reaper\n|-enditem|p2a: Carolina Reaper|Focus Sash\n|-damage|p2a: Carolina Reaper|1\/100\n|-damage|p2b: Zombie Happy|0 fnt\n|-unboost|p2a: Carolina Reaper|spe|1\n|faint|p2b: Zombie Happy\n|-end|p2b: Zombie Happy|Protosynthesis|[silent]\n|move|p1b: Ogerpon|Ivy Cudgel|p2a: Carolina Reaper\n|-damage|p2a: Carolina Reaper|0 fnt\n|faint|p2a: Carolina Reaper\n|\n|upkeep\n|\n|t:|1699637638\n|switch|p2b: Happy\u2019s revenge|Dipplin, F, shiny|100\/100\n|-ability|p2b: Happy\u2019s revenge|Supersweet Syrup\n|-ability|p2b: Happy\u2019s revenge|Supersweet Syrup|boost\n|-unboost|p1a: Tornadus|evasion|1\n|-unboost|p1b: Ogerpon|evasion|1\n|turn|6\n|\n|t:|1699637650\n|move|p1a: Tornadus|Bleakwind Storm|p2b: Happy\u2019s revenge\n|-supereffective|p2b: Happy\u2019s revenge\n|-damage|p2b: Happy\u2019s revenge|0 fnt\n|faint|p2b: Happy\u2019s revenge\n|\n|win|Bahg3012\n","uploadtime":1699637659,"views":13,"p1id":"bahg3012","p2id":"happy1912owl","formatid":"gen9doublesou","rating":0,"private":0,"password":""}