{"id":"gen9doublesou-1993157294","p1":"Kiky14","p2":"DaniMac","format":"[Gen 9] Doubles OU","log":"|j|\u2606Kiky14\n|j|\u2606DaniMac\n|t:|1700271712\n|gametype|doubles\n|player|p1|Kiky14|hilda-wonderlauncher|1436\n|player|p2|DaniMac|veteran|1604\n|teamsize|p1|6\n|teamsize|p2|6\n|gen|9\n|tier|[Gen 9] Doubles OU\n|rated|\n|rule|Species Clause: Limit one of each Pok\u00e9mon\n|rule|OHKO Clause: OHKO moves are banned\n|rule|Evasion Moves Clause: Evasion moves are banned\n|rule|Gravity Sleep Clause: The combination of sleep-inducing moves with imperfect accuracy and Gravity or Gigantamax Orbeetle are banned\n|rule|Endless Battle Clause: Forcing endless battles is banned\n|rule|HP Percentage Mod: HP is shown in percentages\n|clearpoke\n|poke|p1|Sinistcha|\n|poke|p1|Moltres-Galar|\n|poke|p1|Arcanine-Hisui, M|\n|poke|p1|Ogerpon-Wellspring, F|\n|poke|p1|Klefki, F|\n|poke|p1|Landorus-Therian, M|\n|poke|p2|Torkoal, M|\n|poke|p2|Walking Wake|\n|poke|p2|Ceruledge, M|\n|poke|p2|Charizard, M|\n|poke|p2|Great Tusk|\n|poke|p2|Roaring Moon|\n|teampreview\n|\n|t:|1700271741\n|start\n|switch|p1a: Landorus|Landorus-Therian, M|100\/100\n|switch|p1b: Klefki|Klefki, F|100\/100\n|switch|p2a: Twerkle|Torkoal, M|100\/100\n|switch|p2b: Velocity|Walking Wake|100\/100\n|-ability|p1a: Landorus|Intimidate|boost\n|-unboost|p2a: Twerkle|atk|1\n|-unboost|p2b: Velocity|atk|1\n|-weather|SunnyDay|[from] ability: Drought|[of] p2a: Twerkle\n|-activate|p2b: Velocity|ability: Protosynthesis\n|-start|p2b: Velocity|protosynthesisspe\n|turn|1\n|\n|t:|1700271767\n|switch|p1a: Ogerpon|Ogerpon-Wellspring, F|100\/100\n|move|p1b: Klefki|Light Screen|p1b: Klefki\n|-sidestart|p1: Kiky14|move: Light Screen\n|move|p2b: Velocity|Hydro Steam|p1a: Ogerpon\n|-immune|p1a: Ogerpon|[from] ability: Water Absorb\n|move|p2a: Twerkle|Lava Plume|p1b: Klefki|[spread] p2b,p1a,p1b\n|-resisted|p2b: Velocity\n|-supereffective|p1b: Klefki\n|-damage|p2b: Velocity|93\/100\n|-damage|p1a: Ogerpon|85\/100\n|-damage|p1b: Klefki|59\/100\n|\n|-weather|SunnyDay|[upkeep]\n|upkeep\n|turn|2\n|\n|t:|1700271793\n|move|p1b: Klefki|Thunder Wave|p2b: Velocity\n|-status|p2b: Velocity|par\n|move|p1a: Ogerpon|Leech Seed|p2a: Twerkle\n|-start|p2a: Twerkle|move: Leech Seed\n|move|p2b: Velocity|Flamethrower|p1b: Klefki\n|-supereffective|p1b: Klefki\n|-damage|p1b: Klefki|0 fnt\n|faint|p1b: Klefki\n|move|p2a: Twerkle|Lava Plume|p1a: Ogerpon|[spread] p2b,p1a\n|-resisted|p2b: Velocity\n|-damage|p2b: Velocity|85\/100 par\n|-damage|p1a: Ogerpon|70\/100\n|\n|-weather|SunnyDay|[upkeep]\n|-damage|p2a: Twerkle|88\/100|[from] Leech Seed|[of] p1a: Ogerpon\n|-heal|p1a: Ogerpon|84\/100|[silent]\n|upkeep\n|\n|t:|1700271816\n|switch|p1b: Landorus|Landorus-Therian, M|100\/100\n|-ability|p1b: Landorus|Intimidate|boost\n|-unboost|p2a: Twerkle|atk|1\n|-unboost|p2b: Velocity|atk|1\n|turn|3\n|\n|t:|1700271829\n|move|p1a: Ogerpon|Spiky Shield|p1a: Ogerpon\n|-singleturn|p1a: Ogerpon|move: Protect\n|move|p1b: Landorus|Earthquake|p2b: Velocity|[spread] p2a,p2b\n|-activate|p1a: Ogerpon|move: Protect\n|-supereffective|p2a: Twerkle\n|-damage|p2a: Twerkle|39\/100\n|-damage|p2b: Velocity|42\/100 par\n|move|p2b: Velocity|Hydro Steam|p1b: Landorus\n|-supereffective|p1b: Landorus\n|-damage|p1b: Landorus|0 fnt\n|faint|p1b: Landorus\n|move|p2a: Twerkle|Lava Plume|p1a: Ogerpon|[spread] p2b\n|-activate|p1a: Ogerpon|move: Protect\n|-resisted|p2b: Velocity\n|-damage|p2b: Velocity|34\/100 par\n|\n|-weather|SunnyDay|[upkeep]\n|-damage|p2a: Twerkle|26\/100|[from] Leech Seed|[of] p1a: Ogerpon\n|-heal|p1a: Ogerpon|98\/100|[silent]\n|upkeep\n|\n|t:|1700271845\n|switch|p1b: Moltres|Moltres-Galar|100\/100\n|turn|4\n|\n|t:|1700271854\n|move|p1a: Ogerpon|Ivy Cudgel|p2a: Twerkle|[anim] Ivy Cudgel Water\n|-supereffective|p2a: Twerkle\n|-damage|p2a: Twerkle|1\/100\n|cant|p2b: Velocity|par\n|move|p1b: Moltres|Agility|p1b: Moltres\n|-boost|p1b: Moltres|spe|2\n|move|p2a: Twerkle|Lava Plume|p1a: Ogerpon|[spread] p2b,p1a,p1b\n|-resisted|p2b: Velocity\n|-damage|p2b: Velocity|26\/100 par\n|-damage|p1a: Ogerpon|83\/100\n|-damage|p1b: Moltres|89\/100\n|\n|-weather|SunnyDay|[upkeep]\n|-damage|p2a: Twerkle|0 fnt|[from] Leech Seed|[of] p1a: Ogerpon\n|-heal|p1a: Ogerpon|84\/100|[silent]\n|faint|p2a: Twerkle\n|upkeep\n|\n|t:|1700271874\n|switch|p2a: Redwing|Charizard, M, shiny|100\/100\n|turn|5\n|j| Le_Baddie\n|\n|t:|1700271895\n|switch|p1a: Sinistcha|Sinistcha|100\/100\n|-heal|p1b: Moltres|100\/100|[from] ability: Hospitality|[of] p1a: Sinistcha\n|-terastallize|p1b: Moltres|Dark\n|move|p1b: Moltres|Fiery Wrath|p2a: Redwing|[spread] p2a,p2b\n|-damage|p2a: Redwing|57\/100\n|-damage|p2b: Velocity|0 fnt\n|faint|p2b: Velocity\n|-end|p2b: Velocity|Protosynthesis|[silent]\n|move|p2a: Redwing|Flamethrower|p1a: Sinistcha\n|-supereffective|p1a: Sinistcha\n|-crit|p1a: Sinistcha\n|-damage|p1a: Sinistcha|0 fnt\n|faint|p1a: Sinistcha\n|\n|-weather|SunnyDay|[upkeep]\n|-damage|p2a: Redwing|44\/100|[from] ability: Solar Power|[of] p2a: Redwing\n|upkeep\n|\n|t:|1700271914\n|switch|p2b: Terrence|Great Tusk|100\/100\n|switch|p1a: Arcanine|Arcanine-Hisui, M|100\/100\n|-ability|p1a: Arcanine|Intimidate|boost\n|-unboost|p2a: Redwing|atk|1\n|-unboost|p2b: Terrence|atk|1\n|-activate|p2b: Terrence|ability: Protosynthesis\n|-start|p2b: Terrence|protosynthesisdef\n|turn|6\n|\n|t:|1700271934\n|move|p1b: Moltres|Fiery Wrath|p2b: Terrence|[spread] p2a,p2b\n|-resisted|p2b: Terrence\n|-damage|p2a: Redwing|1\/100\n|-damage|p2b: Terrence|78\/100\n|move|p1a: Arcanine|Rock Slide|p2a: Redwing|[spread] p2a,p2b\n|-supereffective|p2a: Redwing\n|-resisted|p2b: Terrence\n|-damage|p2a: Redwing|0 fnt\n|-damage|p2b: Terrence|76\/100\n|faint|p2a: Redwing\n|cant|p2b: Terrence|flinch\n|\n|-weather|SunnyDay|[upkeep]\n|-heal|p2b: Terrence|83\/100|[from] item: Leftovers\n|upkeep\n|\n|t:|1700271948\n|switch|p2a: Razer|Ceruledge, M|100\/100\n|turn|7\n|\n|t:|1700271956\n|move|p1b: Moltres|Fiery Wrath|p2b: Terrence|[spread] p2a,p2b\n|-supereffective|p2a: Razer\n|-resisted|p2b: Terrence\n|-damage|p2a: Razer|21\/100\n|-damage|p2b: Terrence|59\/100\n|move|p1a: Arcanine|Rock Slide|p2b: Terrence|[spread] p2a,p2b\n|-supereffective|p2a: Razer\n|-resisted|p2b: Terrence\n|-damage|p2a: Razer|0 fnt\n|-damage|p2b: Terrence|56\/100\n|faint|p2a: Razer\n|move|p2b: Terrence|Earthquake|p1b: Moltres|[spread] p1a,p1b\n|-supereffective|p1a: Arcanine\n|-damage|p1a: Arcanine|0 fnt\n|-damage|p1b: Moltres|83\/100\n|faint|p1a: Arcanine\n|\n|-weather|SunnyDay|[upkeep]\n|-heal|p2b: Terrence|63\/100|[from] item: Leftovers\n|upkeep\n|\n|t:|1700271971\n|switch|p1a: Ogerpon|Ogerpon-Wellspring, F|84\/100\n|switch|p2a: Iroh|Roaring Moon|100\/100\n|-activate|p2a: Iroh|ability: Protosynthesis\n|-start|p2a: Iroh|protosynthesisspe\n|turn|8\n|\n|t:|1700271982\n|move|p1b: Moltres|Protect|p1b: Moltres\n|-singleturn|p1b: Moltres|Protect\n|move|p1a: Ogerpon|Spiky Shield|p1a: Ogerpon\n|-singleturn|p1a: Ogerpon|move: Protect\n|move|p2a: Iroh|Crunch|p1a: Ogerpon\n|-activate|p1a: Ogerpon|move: Protect\n|-damage|p2a: Iroh|88\/100|[from] Spiky Shield|[of] p1a: Ogerpon\n|move|p2b: Terrence|Body Press|p1b: Moltres\n|-activate|p1b: Moltres|move: Protect\n|\n|-weather|none\n|-end|p2a: Iroh|Protosynthesis\n|-end|p2b: Terrence|Protosynthesis\n|-heal|p2b: Terrence|69\/100|[from] item: Leftovers\n|-sideend|p1: Kiky14|move: Light Screen\n|upkeep\n|turn|9\n|\n|t:|1700272002\n|move|p1b: Moltres|Fiery Wrath|p2b: Terrence|[spread] p2a,p2b\n|-resisted|p2a: Iroh\n|-resisted|p2b: Terrence\n|-damage|p2a: Iroh|73\/100\n|-damage|p2b: Terrence|47\/100\n|move|p2a: Iroh|Crunch|p1a: Ogerpon\n|-damage|p1a: Ogerpon|11\/100\n|move|p1a: Ogerpon|Ivy Cudgel|p2b: Terrence|[anim] Ivy Cudgel Water\n|-supereffective|p2b: Terrence\n|-damage|p2b: Terrence|1\/100\n|move|p2b: Terrence|Body Press|p1b: Moltres\n|-supereffective|p1b: Moltres\n|-damage|p1b: Moltres|4\/100\n|-enditem|p1b: Moltres|Weakness Policy\n|-boost|p1b: Moltres|atk|2|[from] item: Weakness Policy\n|-boost|p1b: Moltres|spa|2|[from] item: Weakness Policy\n|-ability|p1b: Moltres|Berserk|boost\n|-boost|p1b: Moltres|spa|1\n|\n|-heal|p2b: Terrence|8\/100|[from] item: Leftovers\n|upkeep\n|turn|10\n|\n|t:|1700272030\n|move|p1a: Ogerpon|Spiky Shield|p1a: Ogerpon\n|-singleturn|p1a: Ogerpon|move: Protect\n|move|p1b: Moltres|Fiery Wrath|p2b: Terrence|[spread] p2a,p2b\n|-resisted|p2a: Iroh\n|-resisted|p2b: Terrence\n|-crit|p2b: Terrence\n|-damage|p2a: Iroh|32\/100\n|-damage|p2b: Terrence|0 fnt\n|faint|p2b: Terrence\n|-end|p2b: Terrence|Protosynthesis|[silent]\n|move|p2a: Iroh|Crunch|p1a: Ogerpon\n|-activate|p1a: Ogerpon|move: Protect\n|-damage|p2a: Iroh|19\/100|[from] Spiky Shield|[of] p1a: Ogerpon\n|\n|upkeep\n|turn|11\n|\n|t:|1700272044\n|move|p1b: Moltres|Fiery Wrath|p2a: Iroh\n|-resisted|p2a: Iroh\n|-damage|p2a: Iroh|0 fnt\n|faint|p2a: Iroh\n|-end|p2a: Iroh|Protosynthesis|[silent]\n|\n|win|Kiky14\n|raw|Kiky14's rating: 1436 &rarr; <strong>1465<\/strong><br \/>(+29 for winning)\n|raw|DaniMac's rating: 1604 &rarr; <strong>1575<\/strong><br \/>(-29 for losing)\n|l|\u2606DaniMac\n","uploadtime":1700272052,"views":10,"p1id":"kiky14","p2id":"danimac","formatid":"gen9doublesou","rating":1465,"private":0,"password":""}