{"id":"gen9doublesou-1989063878","p1":"LeonidasRans17","p2":"VikrThe","format":"[Gen 9] Doubles OU","log":"|j|\u2606LeonidasRans17\n|j|\u2606VikrThe\n|t:|1699808193\n|gametype|doubles\n|player|p1|LeonidasRans17|lucas|1113\n|player|p2|VikrThe|2|1197\n|teamsize|p1|6\n|teamsize|p2|6\n|gen|9\n|tier|[Gen 9] Doubles OU\n|rated|\n|rule|Species Clause: Limit one of each Pok\u00e9mon\n|rule|OHKO Clause: OHKO moves are banned\n|rule|Evasion Moves Clause: Evasion moves are banned\n|rule|Gravity Sleep Clause: The combination of sleep-inducing moves with imperfect accuracy and Gravity or Gigantamax Orbeetle are banned\n|rule|Endless Battle Clause: Forcing endless battles is banned\n|rule|HP Percentage Mod: HP is shown in percentages\n|clearpoke\n|poke|p1|Lilligant, F|\n|poke|p1|Ninetales, F|\n|poke|p1|Mismagius, F|\n|poke|p1|Sylveon, F|\n|poke|p1|Dragonite, M|\n|poke|p1|Slowking, M|\n|poke|p2|Lurantis, M|\n|poke|p2|Sinistcha|\n|poke|p2|Indeedee-F, F|\n|poke|p2|Ursaluna-Bloodmoon, M|\n|poke|p2|Chandelure, M|\n|poke|p2|Conkeldurr, F|\n|teampreview\n|inactive|Battle timer is ON: inactive players will automatically lose when time's up. (requested by LeonidasRans17)\n|\n|t:|1699808217\n|start\n|switch|p1a: Lilligant|Lilligant, F|100\/100\n|switch|p1b: Ninetales|Ninetales, F|100\/100\n|switch|p2a: Lurantis|Lurantis, M|100\/100\n|switch|p2b: Chandelure|Chandelure, M|100\/100\n|-weather|SunnyDay|[from] ability: Drought|[of] p1b: Ninetales\n|turn|1\n|\n|t:|1699808234\n|move|p1a: Lilligant|Quiver Dance|p1a: Lilligant\n|-boost|p1a: Lilligant|spa|1\n|-boost|p1a: Lilligant|spd|1\n|-boost|p1a: Lilligant|spe|1\n|move|p1b: Ninetales|Nasty Plot|p1b: Ninetales\n|-boost|p1b: Ninetales|spa|2\n|move|p2a: Lurantis|Superpower|p1b: Ninetales\n|-damage|p1b: Ninetales|43\/100\n|-boost|p2a: Lurantis|atk|1\n|-boost|p2a: Lurantis|def|1\n|move|p2b: Chandelure|Trick Room|p2b: Chandelure\n|-fieldstart|move: Trick Room|[of] p2b: Chandelure\n|-enditem|p2b: Chandelure|Room Service\n|-unboost|p2b: Chandelure|spe|1|[from] item: Room Service\n|\n|-weather|SunnyDay|[upkeep]\n|upkeep\n|turn|2\n|\n|t:|1699808257\n|-terastallize|p2a: Lurantis|Fighting\n|move|p2a: Lurantis|Superpower|p1a: Lilligant\n|-crit|p1a: Lilligant\n|-enditem|p1a: Lilligant|Focus Sash\n|-damage|p1a: Lilligant|1\/100\n|-boost|p2a: Lurantis|atk|1\n|-boost|p2a: Lurantis|def|1\n|move|p2b: Chandelure|Shadow Ball|p1b: Ninetales\n|-damage|p1b: Ninetales|0 fnt\n|faint|p1b: Ninetales\n|move|p1a: Lilligant|Weather Ball|p2a: Lurantis\n|-damage|p2a: Lurantis|50\/100\n|\n|-weather|SunnyDay|[upkeep]\n|upkeep\n|\n|t:|1699808272\n|switch|p1b: Sylveon|Sylveon, F|100\/100\n|turn|3\n|\n|t:|1699808289\n|-terastallize|p1b: Sylveon|Fairy\n|move|p2a: Lurantis|Poison Jab|p1b: Sylveon\n|-supereffective|p1b: Sylveon\n|-damage|p1b: Sylveon|0 fnt\n|faint|p1b: Sylveon\n|move|p2b: Chandelure|Heat Wave|p1a: Lilligant|[miss]\n|-miss|p2b: Chandelure|p1a: Lilligant\n|move|p1a: Lilligant|Sleep Powder|p2b: Chandelure\n|-status|p2b: Chandelure|slp|[from] move: Sleep Powder\n|\n|-weather|SunnyDay|[upkeep]\n|upkeep\n|\n|t:|1699808302\n|switch|p1b: Slowking|Slowking, M|100\/100\n|turn|4\n|l|\u2606VikrThe\n|inactive|VikrThe disconnected and has a minute to reconnect!\n|player|p2|\n|j|\u2606VikrThe\n|inactive|VikrThe reconnected and has 125 seconds left.\n|player|p2|VikrThe|2\n|inactive|VikrThe has 120 seconds left.\n|\n|t:|1699808345\n|move|p2a: Lurantis|Leech Life|p1b: Slowking\n|-supereffective|p1b: Slowking\n|-damage|p1b: Slowking|0 fnt\n|-heal|p2a: Lurantis|100\/100|[from] drain|[of] p1b: Slowking\n|faint|p1b: Slowking\n|cant|p2b: Chandelure|slp\n|move|p1a: Lilligant|Giga Drain|p2a: Lurantis\n|-damage|p2a: Lurantis|62\/100\n|-heal|p1a: Lilligant|25\/100|[from] drain|[of] p2a: Lurantis\n|\n|-weather|SunnyDay|[upkeep]\n|upkeep\n|\n|t:|1699808357\n|switch|p1b: Dragonite|Dragonite, M|100\/100\n|turn|5\n|l|\u2606VikrThe\n|inactive|VikrThe disconnected and has a minute to reconnect!\n|player|p2|\n|inactive|VikrThe has 30 seconds to reconnect!\n|inactive|VikrThe has 20 seconds to reconnect!\n|inactive|VikrThe has 15 seconds to reconnect!\n|j|\u2606VikrThe\n|inactive|VikrThe reconnected and has 80 seconds left.\n|player|p2|VikrThe|2\n|\n|t:|1699808445\n|move|p1b: Dragonite|Extreme Speed|p2a: Lurantis\n|-damage|p2a: Lurantis|44\/100\n|move|p2a: Lurantis|Superpower|p1a: Lilligant\n|-damage|p1a: Lilligant|0 fnt\n|-boost|p2a: Lurantis|atk|1\n|-boost|p2a: Lurantis|def|1\n|faint|p1a: Lilligant\n|cant|p2b: Chandelure|slp\n|\n|-weather|none\n|-fieldend|move: Trick Room\n|upkeep\n|\n|t:|1699808455\n|switch|p1a: Mismagius|Mismagius, F|100\/100\n|turn|6\n|inactive|VikrThe has 90 seconds left.\n|\n|t:|1699808465\n|move|p1a: Mismagius|Nasty Plot|p1a: Mismagius\n|-boost|p1a: Mismagius|spa|2\n|move|p1b: Dragonite|Earthquake|p2a: Lurantis|[spread] p2a,p2b\n|-immune|p1a: Mismagius|[from] ability: Levitate\n|-supereffective|p2b: Chandelure\n|-damage|p2a: Lurantis|32\/100\n|-damage|p2b: Chandelure|34\/100 slp\n|move|p2a: Lurantis|Leech Life|p1a: Mismagius\n|-resisted|p1a: Mismagius\n|-damage|p1a: Mismagius|38\/100\n|-heal|p2a: Lurantis|55\/100|[from] drain|[of] p1a: Mismagius\n|-curestatus|p2b: Chandelure|slp|[msg]\n|move|p2b: Chandelure|Trick Room|p2b: Chandelure\n|-fieldstart|move: Trick Room|[of] p2b: Chandelure\n|\n|upkeep\n|turn|7\n|inactive|VikrThe has 90 seconds left.\n|\n|t:|1699808501\n|move|p1b: Dragonite|Extreme Speed|p2a: Lurantis\n|-damage|p2a: Lurantis|42\/100\n|move|p2a: Lurantis|Poison Jab|p1b: Dragonite\n|-damage|p1b: Dragonite|24\/100\n|move|p2b: Chandelure|Shadow Ball|p1a: Mismagius\n|-supereffective|p1a: Mismagius\n|-damage|p1a: Mismagius|0 fnt\n|faint|p1a: Mismagius\n|\n|upkeep\n|turn|8\n|\n|t:|1699808512\n|move|p1b: Dragonite|Extreme Speed|p2a: Lurantis\n|-damage|p2a: Lurantis|29\/100\n|move|p2a: Lurantis|Superpower|p1b: Dragonite\n|-resisted|p1b: Dragonite\n|-damage|p1b: Dragonite|0 fnt\n|-boost|p2a: Lurantis|atk|1\n|-boost|p2a: Lurantis|def|1\n|faint|p1b: Dragonite\n|\n|win|VikrThe\n|raw|LeonidasRans17's rating: 1113 &rarr; <strong>1094<\/strong><br \/>(-19 for losing)\n|raw|VikrThe's rating: 1197 &rarr; <strong>1216<\/strong><br \/>(+19 for winning)\n","uploadtime":1699808517,"views":7,"p1id":"leonidasrans17","p2id":"vikrthe","formatid":"gen9doublesou","rating":1094,"private":0,"password":""}