{"id":"gen9doublesou-1974676901","p1":"herc20066","p2":"pkmn battle lab","format":"[Gen 9] Doubles OU","log":"|j|\u2606herc20066\n|j|\u2606pkmn battle lab\n|t:|1698109454\n|gametype|doubles\n|player|p1|herc20066|camper|1108\n|player|p2|pkmn battle lab|cynthia|1086\n|teamsize|p1|6\n|teamsize|p2|6\n|gen|9\n|tier|[Gen 9] Doubles OU\n|rated|\n|rule|Species Clause: Limit one of each Pok\u00e9mon\n|rule|OHKO Clause: OHKO moves are banned\n|rule|Evasion Moves Clause: Evasion moves are banned\n|rule|Gravity Sleep Clause: The combination of sleep-inducing moves with imperfect accuracy and Gravity or Gigantamax Orbeetle are banned\n|rule|Endless Battle Clause: Forcing endless battles is banned\n|rule|HP Percentage Mod: HP is shown in percentages\n|clearpoke\n|poke|p1|Chesnaught, M|\n|poke|p1|Trevenant, M|\n|poke|p1|Clefable, F|\n|poke|p1|Torkoal, M|\n|poke|p1|Rillaboom, M|\n|poke|p1|Okidogi, M|\n|poke|p2|Toxapex, F|\n|poke|p2|Milotic, F|\n|poke|p2|Goodra-Hisui, M|\n|poke|p2|Garganacl, M|\n|poke|p2|Salazzle, F|\n|poke|p2|Oranguru, F|\n|teampreview\n|inactive|Battle timer is ON: inactive players will automatically lose when time's up. (requested by herc20066)\n|c|\u2606herc20066|Good Luck, Have Fun!\n|\n|t:|1698109490\n|start\n|switch|p1a: Chesnaught|Chesnaught, M, shiny|100\/100\n|switch|p1b: Trevenant|Trevenant, M, shiny|100\/100\n|switch|p2a: Salazzle|Salazzle, F|100\/100\n|switch|p2b: Insecure|Toxapex, F|100\/100\n|turn|1\n|\n|t:|1698109512\n|-terastallize|p1a: Chesnaught|Rock\n|move|p2a: Salazzle|Toxic|p1b: Trevenant\n|-status|p1b: Trevenant|tox\n|move|p1a: Chesnaught|Belly Drum|p1a: Chesnaught\n|-damage|p1a: Chesnaught|50\/100\n|-setboost|p1a: Chesnaught|atk|6|[from] move: Belly Drum\n|move|p1b: Trevenant|Skill Swap|p1a: Chesnaught\n|-activate|p1b: Trevenant|move: Skill Swap|||[of] p1a: Chesnaught\n|move|p2b: Insecure|Stockpile|p2b: Insecure\n|-start|p2b: Insecure|stockpile1\n|-boost|p2b: Insecure|def|1\n|-boost|p2b: Insecure|spd|1\n|\n|-damage|p1b: Trevenant|94\/100 tox|[from] psn\n|upkeep\n|turn|2\n|c|\u2606pkmn battle lab|uh oh, some science coming!\n|inactive|herc20066 has 120 seconds left.\n|inactive|pkmn battle lab has 120 seconds left.\n|c|\u2606herc20066|I LOVE SCIENCE\n|\n|t:|1698109556\n|move|p1b: Trevenant|Ally Switch|p1b: Trevenant\n|swap|p1b: Trevenant|0|[from] move: Ally Switch\n|move|p2a: Salazzle|Substitute|p2a: Salazzle\n|-start|p2a: Salazzle|Substitute\n|-damage|p2a: Salazzle|75\/100\n|move|p1b: Chesnaught|Rock Slide|p2b: Insecure|[spread] p2a,p2b\n|-supereffective|p2a: Salazzle\n|-end|p2a: Salazzle|Substitute\n|-damage|p2b: Insecure|41\/100\n|cant|p2b: Insecure|flinch\n|\n|-damage|p1a: Trevenant|82\/100 tox|[from] psn\n|upkeep\n|turn|3\n|\n|t:|1698109572\n|move|p2a: Salazzle|Substitute|p2a: Salazzle\n|-start|p2a: Salazzle|Substitute\n|-damage|p2a: Salazzle|50\/100\n|move|p1b: Chesnaught|Rock Slide|p2a: Salazzle|[spread] p2a,p2b\n|-supereffective|p2a: Salazzle\n|-end|p2a: Salazzle|Substitute\n|-damage|p2b: Insecure|0 fnt\n|faint|p2b: Insecure\n|move|p1a: Trevenant|Sunny Day|p1a: Trevenant\n|-weather|SunnyDay\n|\n|-weather|SunnyDay|[upkeep]\n|-damage|p1a: Trevenant|64\/100 tox|[from] psn\n|upkeep\n|inactive|pkmn battle lab has 120 seconds left.\n|\n|t:|1698109586\n|switch|p2b: Shio-San|Garganacl, M, shiny|100\/100\n|turn|4\n|\n|t:|1698109597\n|move|p1b: Chesnaught|Endure|p1b: Chesnaught\n|-singleturn|p1b: Chesnaught|move: Endure\n|move|p2b: Shio-San|Wide Guard|p2b: Shio-San\n|-singleturn|p2b: Shio-San|Wide Guard\n|move|p1a: Trevenant|Ally Switch|p1a: Trevenant\n|swap|p1a: Trevenant|1|[from] move: Ally Switch\n|move|p2a: Salazzle|Toxic|p1a: Chesnaught\n|-status|p1a: Chesnaught|tox\n|\n|-weather|SunnyDay|[upkeep]\n|-damage|p1a: Chesnaught|44\/100 tox|[from] psn\n|-damage|p1b: Trevenant|39\/100 tox|[from] psn\n|upkeep\n|turn|5\n|\n|t:|1698109613\n|switch|p1b: Clefable|Clefable, F|100\/100\n|-terastallize|p2b: Shio-San|Ghost\n|move|p2b: Shio-San|Wide Guard|p2b: Shio-San\n|-singleturn|p2b: Shio-San|Wide Guard\n|move|p2a: Salazzle|Substitute|p2a: Salazzle\n|-start|p2a: Salazzle|Substitute\n|-damage|p2a: Salazzle|25\/100\n|-enditem|p2a: Salazzle|Aguav Berry|[eat]\n|-heal|p2a: Salazzle|59\/100|[from] item: Aguav Berry\n|move|p1a: Chesnaught|Rock Slide|p2a: Salazzle|[spread] \n|-activate|p2a: Salazzle|move: Wide Guard\n|-activate|p2b: Shio-San|move: Wide Guard\n|\n|-weather|SunnyDay|[upkeep]\n|-damage|p1a: Chesnaught|32\/100 tox|[from] psn\n|upkeep\n|turn|6\n|c|\u2606herc20066|damn u got me\n|inactive|pkmn battle lab has 120 seconds left.\n|\n|t:|1698109645\n|move|p2a: Salazzle|Toxic|p1b: Clefable\n|-status|p1b: Clefable|tox\n|move|p1a: Chesnaught|Reversal|p2a: Salazzle\n|-resisted|p2a: Salazzle\n|-end|p2a: Salazzle|Substitute\n|move|p1b: Clefable|Moonblast|p2b: Shio-San\n|-damage|p2b: Shio-San|80\/100\n|move|p2b: Shio-San|Salt Cure|p1a: Chesnaught\n|-damage|p1a: Chesnaught|21\/100 tox\n|-start|p1a: Chesnaught|Salt Cure\n|\n|-weather|SunnyDay|[upkeep]\n|-heal|p2b: Shio-San|86\/100|[from] item: Leftovers\n|-damage|p1a: Chesnaught|3\/100 tox|[from] psn\n|-damage|p1b: Clefable|94\/100 tox|[from] psn\n|-damage|p1a: Chesnaught|0 fnt|[from] Salt Cure\n|faint|p1a: Chesnaught\n|upkeep\n|inactive|herc20066 has 120 seconds left.\n|\n|t:|1698109668\n|switch|p1a: Okidogi|Okidogi, M|100\/100\n|turn|7\n|\n|t:|1698109684\n|move|p1b: Clefable|Follow Me|p1b: Clefable\n|-singleturn|p1b: Clefable|move: Follow Me\n|move|p2a: Salazzle|Substitute|p2a: Salazzle\n|-start|p2a: Salazzle|Substitute\n|-damage|p2a: Salazzle|34\/100\n|move|p1a: Okidogi|Bulk Up|p1a: Okidogi\n|-boost|p1a: Okidogi|atk|1\n|-boost|p1a: Okidogi|def|1\n|move|p2b: Shio-San|Salt Cure|p1b: Clefable\n|-damage|p1b: Clefable|79\/100 tox\n|-start|p1b: Clefable|Salt Cure\n|\n|-weather|none\n|-heal|p1b: Clefable|85\/100 tox|[from] item: Leftovers\n|-heal|p2b: Shio-San|92\/100|[from] item: Leftovers\n|-damage|p1b: Clefable|73\/100 tox|[from] psn\n|-damage|p1b: Clefable|60\/100 tox|[from] Salt Cure\n|upkeep\n|turn|8\n|\n|t:|1698109710\n|move|p2a: Salazzle|Endeavor|p1a: Okidogi\n|-damage|p1a: Okidogi|30\/100\n|move|p1a: Okidogi|Drain Punch|p2a: Salazzle\n|-resisted|p2a: Salazzle\n|-end|p2a: Salazzle|Substitute\n|-heal|p1a: Okidogi|42\/100|[from] drain|[of] p2a: Salazzle\n|move|p1b: Clefable|Moonblast|p2b: Shio-San\n|-damage|p2b: Shio-San|73\/100\n|move|p2b: Shio-San|Salt Cure|p1a: Okidogi\n|-resisted|p1a: Okidogi\n|-damage|p1a: Okidogi|38\/100\n|-start|p1a: Okidogi|Salt Cure\n|\n|-heal|p1a: Okidogi|44\/100|[from] item: Black Sludge\n|-heal|p1b: Clefable|66\/100 tox|[from] item: Leftovers\n|-heal|p2b: Shio-San|79\/100|[from] item: Leftovers\n|-damage|p1b: Clefable|48\/100 tox|[from] psn\n|-damage|p1a: Okidogi|32\/100|[from] Salt Cure\n|-damage|p1b: Clefable|36\/100 tox|[from] Salt Cure\n|upkeep\n|turn|9\n|\n|t:|1698109735\n|move|p2a: Salazzle|Substitute|p2a: Salazzle\n|-start|p2a: Salazzle|Substitute\n|-damage|p2a: Salazzle|9\/100\n|move|p1a: Okidogi|Drain Punch|p2a: Salazzle\n|-resisted|p2a: Salazzle\n|-end|p2a: Salazzle|Substitute\n|-heal|p1a: Okidogi|43\/100|[from] drain|[of] p2a: Salazzle\n|move|p1b: Clefable|Life Dew|p1b: Clefable|[spread] p1a,p1b\n|-heal|p1a: Okidogi|68\/100\n|-heal|p1b: Clefable|61\/100 tox\n|move|p2b: Shio-San|Salt Cure|p1a: Okidogi\n|-resisted|p1a: Okidogi\n|-damage|p1a: Okidogi|64\/100\n|\n|-heal|p1a: Okidogi|70\/100|[from] item: Black Sludge\n|-heal|p1b: Clefable|67\/100 tox|[from] item: Leftovers\n|-heal|p2b: Shio-San|85\/100|[from] item: Leftovers\n|-damage|p1b: Clefable|43\/100 tox|[from] psn\n|-damage|p1a: Okidogi|58\/100|[from] Salt Cure\n|-damage|p1b: Clefable|30\/100 tox|[from] Salt Cure\n|upkeep\n|turn|10\n|inactive|pkmn battle lab has 120 seconds left.\n|\n|t:|1698109771\n|move|p2a: Salazzle|Endeavor|p1a: Okidogi\n|-damage|p1a: Okidogi|8\/100\n|move|p1a: Okidogi|Drain Punch|p2a: Salazzle\n|-resisted|p2a: Salazzle\n|-damage|p2a: Salazzle|0 fnt\n|-heal|p1a: Okidogi|12\/100|[from] drain|[of] p2a: Salazzle\n|faint|p2a: Salazzle\n|move|p1b: Clefable|Moonblast|p2b: Shio-San\n|-damage|p2b: Shio-San|65\/100\n|move|p2b: Shio-San|Stealth Rock|p1a: Okidogi\n|-sidestart|p1: herc20066|move: Stealth Rock\n|\n|-heal|p1a: Okidogi|18\/100|[from] item: Black Sludge\n|-heal|p1b: Clefable|36\/100 tox|[from] item: Leftovers\n|-heal|p2b: Shio-San|72\/100|[from] item: Leftovers\n|-damage|p1b: Clefable|6\/100 tox|[from] psn\n|-damage|p1a: Okidogi|5\/100|[from] Salt Cure\n|-damage|p1b: Clefable|0 fnt|[from] Salt Cure\n|faint|p1b: Clefable\n|upkeep\n|inactive|pkmn battle lab has 120 seconds left.\n|\n|t:|1698109812\n|switch|p2a: Otis|Milotic, F|100\/100\n|switch|p1b: Rillaboom|Rillaboom, M|100\/100\n|-damage|p1b: Rillaboom|88\/100|[from] Stealth Rock\n|-fieldstart|move: Grassy Terrain|[from] ability: Grassy Surge|[of] p1b: Rillaboom\n|turn|11\n|inactive|pkmn battle lab has 120 seconds left.\n|\n|t:|1698109833\n|move|p1b: Rillaboom|Fake Out|p2b: Shio-San\n|-immune|p2b: Shio-San\n|move|p2a: Otis|Ice Beam|p1b: Rillaboom\n|-supereffective|p1b: Rillaboom\n|-damage|p1b: Rillaboom|49\/100\n|move|p1a: Okidogi|Knock Off|p2a: Otis\n|-damage|p2a: Otis|57\/100\n|-enditem|p2a: Otis|Flame Orb|[from] move: Knock Off|[of] p1a: Okidogi\n|move|p2b: Shio-San|Salt Cure|p1b: Rillaboom\n|-damage|p1b: Rillaboom|35\/100\n|-start|p1b: Rillaboom|Salt Cure\n|\n|-heal|p1b: Rillaboom|41\/100|[from] Grassy Terrain\n|-heal|p2a: Otis|63\/100|[from] Grassy Terrain\n|-heal|p1a: Okidogi|11\/100|[from] Grassy Terrain\n|-heal|p1a: Okidogi|17\/100|[from] item: Black Sludge\n|-heal|p2b: Shio-San|78\/100|[from] Grassy Terrain\n|-heal|p2b: Shio-San|84\/100|[from] item: Leftovers\n|-damage|p1b: Rillaboom|29\/100|[from] Salt Cure\n|-damage|p1a: Okidogi|5\/100|[from] Salt Cure\n|upkeep\n|turn|12\n|inactive|pkmn battle lab has 120 seconds left.\n|\n|t:|1698109865\n|switch|p2a: Goodra|Goodra-Hisui, M, shiny|100\/100\n|move|p1b: Rillaboom|Wood Hammer|p2a: Goodra\n|-ability|p2a: Goodra|Sap Sipper|boost\n|-boost|p2a: Goodra|atk|1\n|move|p1a: Okidogi|Poison Jab|p2b: Shio-San\n|-resisted|p2b: Shio-San\n|-damage|p2b: Shio-San|62\/100\n|move|p2b: Shio-San|Salt Cure|p1b: Rillaboom\n|-damage|p1b: Rillaboom|14\/100\n|\n|-heal|p1b: Rillaboom|20\/100|[from] Grassy Terrain\n|-heal|p1a: Okidogi|11\/100|[from] Grassy Terrain\n|-heal|p1a: Okidogi|17\/100|[from] item: Black Sludge\n|-heal|p2b: Shio-San|68\/100|[from] Grassy Terrain\n|-heal|p2b: Shio-San|74\/100|[from] item: Leftovers\n|-damage|p1b: Rillaboom|8\/100|[from] Salt Cure\n|-damage|p1a: Okidogi|5\/100|[from] Salt Cure\n|upkeep\n|turn|13\n|-message|herc20066 forfeited.\n|\n|win|pkmn battle lab\n|raw|herc20066's rating: 1108 &rarr; <strong>1081<\/strong><br \/>(-27 for losing)\n|raw|pkmn battle lab's rating: 1086 &rarr; <strong>1115<\/strong><br \/>(+29 for winning)\n|l|\u2606herc20066\n|c|\u2606pkmn battle lab|ayye\n","uploadtime":1698109894,"views":23,"p1id":"herc20066","p2id":"pkmnbattlelab","formatid":"gen9doublesou","rating":1081,"private":0,"password":""}