{"id":"gen9doublesou-1970881169","p1":"LC Council","p2":"Dante vail","format":"[Gen 9] Doubles OU","log":"|j|\u2606LC Council\n|j|\u2606Dante vail\n|t:|1697676789\n|gametype|doubles\n|player|p1|LC Council|volkner|1361\n|player|p2|Dante vail|266|1349\n|teamsize|p1|6\n|teamsize|p2|6\n|gen|9\n|tier|[Gen 9] Doubles OU\n|rated|\n|rule|Species Clause: Limit one of each Pok\u00e9mon\n|rule|OHKO Clause: OHKO moves are banned\n|rule|Evasion Moves Clause: Evasion moves are banned\n|rule|Gravity Sleep Clause: The combination of sleep-inducing moves with imperfect accuracy and Gravity or Gigantamax Orbeetle are banned\n|rule|Endless Battle Clause: Forcing endless battles is banned\n|rule|HP Percentage Mod: HP is shown in percentages\n|clearpoke\n|poke|p1|Zoroark-Hisui, F|\n|poke|p1|Ursaluna-Bloodmoon, M|\n|poke|p1|Chien-Pao|\n|poke|p1|Roaring Moon|\n|poke|p1|Ogerpon, F|\n|poke|p1|Hatterene, F|\n|poke|p2|Ursaluna-Bloodmoon, M|\n|poke|p2|Cresselia, F|\n|poke|p2|Amoonguss, M|\n|poke|p2|Sinistcha-Masterpiece|\n|poke|p2|Iron Hands|\n|poke|p2|Fezandipiti, M|\n|teampreview\n|inactive|Battle timer is ON: inactive players will automatically lose when time's up. (requested by LC Council)\n|\n|t:|1697676820\n|start\n|switch|p1a: Chien-Pao|Chien-Pao|100\/100\n|switch|p1b: Ogerpon|Ogerpon, F|100\/100\n|switch|p2a: Cresselia|Cresselia, F|100\/100\n|switch|p2b: Amoonguss|Amoonguss, M|100\/100\n|-ability|p1a: Chien-Pao|Sword of Ruin\n|turn|1\n|\n|t:|1697676837\n|move|p2b: Amoonguss|Rage Powder|p2b: Amoonguss\n|-singleturn|p2b: Amoonguss|move: Rage Powder\n|move|p1a: Chien-Pao|Ice Spinner|p2b: Amoonguss\n|-supereffective|p2b: Amoonguss\n|-damage|p2b: Amoonguss|16\/100\n|-damage|p1a: Chien-Pao|84\/100|[from] item: Rocky Helmet|[of] p2b: Amoonguss\n|move|p1b: Ogerpon|Knock Off|p2a: Cresselia\n|-supereffective|p2a: Cresselia\n|-damage|p2a: Cresselia|49\/100\n|-enditem|p2a: Cresselia|Leftovers|[from] move: Knock Off|[of] p1b: Ogerpon\n|move|p2a: Cresselia|Trick Room|p2a: Cresselia\n|-fieldstart|move: Trick Room|[of] p2a: Cresselia\n|\n|upkeep\n|turn|2\n|inactive|LC Council has 120 seconds left.\n|inactive|Dante vail has 120 seconds left.\n|\n|t:|1697676897\n|switch|p2b: Fezandipiti|Fezandipiti, M|100\/100\n|move|p2a: Cresselia|Protect|p2a: Cresselia\n|-singleturn|p2a: Cresselia|Protect\n|move|p1a: Chien-Pao|Protect|p1a: Chien-Pao\n|-singleturn|p1a: Chien-Pao|Protect\n|move|p1b: Ogerpon|Follow Me|p1b: Ogerpon\n|-singleturn|p1b: Ogerpon|move: Follow Me\n|\n|upkeep\n|turn|3\n|inactive|Dante vail has 120 seconds left.\n|inactive|LC Council has 90 seconds left.\n|\n|t:|1697676942\n|switch|p1b: Roaring Moon|Roaring Moon|100\/100\n|-enditem|p1b: Roaring Moon|Booster Energy\n|-activate|p1b: Roaring Moon|ability: Protosynthesis|[fromitem]\n|-start|p1b: Roaring Moon|protosynthesisspe\n|move|p2a: Cresselia|Psychic|p1b: Roaring Moon\n|-immune|p1b: Roaring Moon\n|move|p2b: Fezandipiti|Dazzling Gleam|p1b: Roaring Moon|[spread] p1a,p1b\n|-supereffective|p1a: Chien-Pao\n|-supereffective|p1b: Roaring Moon\n|-damage|p1a: Chien-Pao|34\/100\n|-damage|p1b: Roaring Moon|44\/100\n|-status|p1b: Roaring Moon|tox|[from] ability: Toxic Chain|[of] p2b: Fezandipiti\n|move|p1a: Chien-Pao|Crunch|p2a: Cresselia\n|-supereffective|p2a: Cresselia\n|-damage|p2a: Cresselia|0 fnt\n|faint|p2a: Cresselia\n|\n|-damage|p1b: Roaring Moon|38\/100 tox|[from] psn\n|upkeep\n|inactive|Dante vail has 120 seconds left.\n|c|\u2606Dante vail|we are thinking out of our minds rn\n|c|\u2606LC Council|sorry bro\n|c|\u2606LC Council|im also at work too\n|c|\u2606Dante vail|its cool\n|\n|t:|1697676965\n|switch|p2a: Ursaluna|Ursaluna-Bloodmoon, M|100\/100\n|turn|4\n|inactive|LC Council has 90 seconds left.\n|c|\u2606Dante vail|I like your team hyper offensive with good support in hatterene\n|inactive|LC Council has 60 seconds left.\n|inactive|LC Council has 30 seconds left.\n|\n|t:|1697677048\n|move|p1a: Chien-Pao|Protect|p1a: Chien-Pao\n|-singleturn|p1a: Chien-Pao|Protect\n|move|p2a: Ursaluna|Hyper Voice|p1b: Roaring Moon|[spread] p1b\n|-activate|p1a: Chien-Pao|move: Protect\n|-damage|p1b: Roaring Moon|0 fnt\n|faint|p1b: Roaring Moon\n|-end|p1b: Roaring Moon|Protosynthesis|[silent]\n|-enditem|p2a: Ursaluna|Throat Spray\n|-boost|p2a: Ursaluna|spa|1|[from] item: Throat Spray\n|move|p2b: Fezandipiti|Dazzling Gleam|p1a: Chien-Pao\n|-activate|p1a: Chien-Pao|move: Protect\n|\n|upkeep\n|inactive|LC Council has 30 seconds left.\n|\n|t:|1697677055\n|switch|p1b: Hatterene|Hatterene, F|100\/100\n|turn|5\n|\n|t:|1697677065\n|move|p1b: Hatterene|Heal Pulse|p1a: Chien-Pao\n|-heal|p1a: Chien-Pao|84\/100\n|move|p2a: Ursaluna|Blood Moon|p1b: Hatterene\n|-damage|p1b: Hatterene|0 fnt\n|faint|p1b: Hatterene\n|move|p2b: Fezandipiti|Dazzling Gleam|p1a: Chien-Pao\n|-supereffective|p1a: Chien-Pao\n|-damage|p1a: Chien-Pao|22\/100\n|move|p1a: Chien-Pao|Sacred Sword|p2a: Ursaluna\n|-supereffective|p2a: Ursaluna\n|-damage|p2a: Ursaluna|50\/100\n|\n|-fieldend|move: Trick Room\n|upkeep\n|\n|t:|1697677084\n|switch|p1b: Ogerpon|Ogerpon, F|100\/100\n|turn|6\n|inactive|LC Council has 60 seconds left.\n|inactive|LC Council has 30 seconds left.\n|inactive|LC Council has 20 seconds left.\n|\n|t:|1697677130\n|switch|p1a: Chien-Pao|Chien-Pao|100\/100\n|move|p1b: Ogerpon|Wood Hammer|p2a: Ursaluna\n|-supereffective|p2a: Ursaluna\n|-damage|p2a: Ursaluna|0 fnt\n|faint|p2a: Ursaluna\n|-damage|p1b: Ogerpon|77\/100|[from] Recoil\n|move|p2b: Fezandipiti|Dazzling Gleam|p1a: Chien-Pao|[spread] p1a,p1b\n|-damage|p1a: Chien-Pao|71\/100\n|-damage|p1b: Ogerpon|60\/100\n|replace|p1a: Zoroark|Zoroark-Hisui, F\n|-end|p1a: Zoroark|Illusion\n|\n|upkeep\n|inactive|LC Council has 25 seconds left this turn.\n|\n|t:|1697677152\n|switch|p2a: Sinistcha|Sinistcha-Masterpiece|100\/100\n|turn|7\n|\n|t:|1697677161\n|-terastallize|p2a: Sinistcha|Steel\n|move|p1a: Zoroark|Icy Wind|p2a: Sinistcha|[spread] p2a,p2b\n|-resisted|p2a: Sinistcha\n|-damage|p2a: Sinistcha|91\/100\n|-damage|p2b: Fezandipiti|89\/100\n|-unboost|p2a: Sinistcha|spe|1\n|-unboost|p2b: Fezandipiti|spe|1\n|move|p1b: Ogerpon|Knock Off|p2a: Sinistcha\n|-crit|p2a: Sinistcha\n|-damage|p2a: Sinistcha|45\/100\n|-enditem|p2a: Sinistcha|Big Root|[from] move: Knock Off|[of] p1b: Ogerpon\n|move|p2b: Fezandipiti|Dazzling Gleam|p1a: Zoroark|[spread] p1a,p1b\n|-damage|p1a: Zoroark|39\/100\n|-damage|p1b: Ogerpon|43\/100\n|move|p2a: Sinistcha|Strength Sap|p1b: Ogerpon\n|-unboost|p1b: Ogerpon|atk|1\n|-ability|p1b: Ogerpon|Defiant|boost\n|-boost|p1b: Ogerpon|atk|2\n|-heal|p2a: Sinistcha|100\/100\n|\n|upkeep\n|turn|8\n|inactive|LC Council has 60 seconds left.\n|\n|t:|1697677186\n|-terastallize|p1b: Ogerpon|Grass\n|detailschange|p1b: Ogerpon|Ogerpon-Teal-Tera, F, tera:Grass\n|-ability|p1b: Ogerpon|Embody Aspect (Teal)|boost\n|-boost|p1b: Ogerpon|spe|1\n|move|p1b: Ogerpon|Wood Hammer|p2b: Fezandipiti\n|-resisted|p2b: Fezandipiti\n|-damage|p2b: Fezandipiti|46\/100\n|-enditem|p2b: Fezandipiti|Sitrus Berry|[eat]\n|-heal|p2b: Fezandipiti|71\/100|[from] item: Sitrus Berry\n|-damage|p1b: Ogerpon|25\/100|[from] Recoil\n|move|p1a: Zoroark|Icy Wind|p2a: Sinistcha|[spread] p2a,p2b\n|-resisted|p2a: Sinistcha\n|-damage|p2a: Sinistcha|91\/100\n|-damage|p2b: Fezandipiti|59\/100\n|-unboost|p2a: Sinistcha|spe|1\n|-unboost|p2b: Fezandipiti|spe|1\n|move|p2b: Fezandipiti|Dazzling Gleam|p1a: Zoroark|[spread] p1a,p1b\n|-damage|p1a: Zoroark|8\/100\n|-damage|p1b: Ogerpon|9\/100\n|move|p2a: Sinistcha|Matcha Gotcha|p1a: Zoroark|[spread] p1b\n|-miss|p2a: Sinistcha|p1a: Zoroark\n|-resisted|p1b: Ogerpon\n|-damage|p1b: Ogerpon|0 fnt\n|-heal|p2a: Sinistcha|95\/100|[from] drain|[of] p1b: Ogerpon\n|faint|p1b: Ogerpon\n|\n|upkeep\n|inactive|LC Council has 60 seconds left.\n|\n|t:|1697677201\n|switch|p1b: Ursaluna|Ursaluna-Bloodmoon, M|100\/100\n|turn|9\n|\n|t:|1697677217\n|switch|p2a: Amoonguss|Amoonguss, M|49\/100\n|move|p1a: Zoroark|Icy Wind|p2b: Fezandipiti|[spread] p2a,p2b\n|-supereffective|p2a: Amoonguss\n|-damage|p2a: Amoonguss|24\/100\n|-damage|p2b: Fezandipiti|49\/100\n|-unboost|p2a: Amoonguss|spe|1\n|-unboost|p2b: Fezandipiti|spe|1\n|move|p1b: Ursaluna|Calm Mind|p1b: Ursaluna\n|-boost|p1b: Ursaluna|spa|1\n|-boost|p1b: Ursaluna|spd|1\n|move|p2b: Fezandipiti|Dazzling Gleam|p1b: Ursaluna|[spread] p1a,p1b\n|-crit|p1a: Zoroark\n|-damage|p1a: Zoroark|0 fnt\n|-damage|p1b: Ursaluna|89\/100\n|faint|p1a: Zoroark\n|\n|-heal|p1b: Ursaluna|95\/100|[from] item: Leftovers\n|upkeep\n|\n|t:|1697677224\n|switch|p1a: Chien-Pao|Chien-Pao|22\/100\n|-ability|p1a: Chien-Pao|Sword of Ruin\n|turn|10\n|\n|t:|1697677249\n|move|p2b: Fezandipiti|Protect|p2b: Fezandipiti\n|-singleturn|p2b: Fezandipiti|Protect\n|move|p1a: Chien-Pao|Ice Spinner|p2b: Fezandipiti\n|-activate|p2b: Fezandipiti|move: Protect\n|move|p1b: Ursaluna|Hyper Voice|p2b: Fezandipiti|[spread] p2a\n|-activate|p2b: Fezandipiti|move: Protect\n|-damage|p2a: Amoonguss|0 fnt\n|faint|p2a: Amoonguss\n|\n|-heal|p1b: Ursaluna|100\/100|[from] item: Leftovers\n|upkeep\n|inactive|Dante vail has 120 seconds left.\n|\n|t:|1697677260\n|switch|p2a: Iron Hands|Iron Hands|100\/100\n|turn|11\n|inactive|LC Council has 120 seconds left.\n|\n|t:|1697677287\n|move|p1a: Chien-Pao|Protect|p1a: Chien-Pao\n|-singleturn|p1a: Chien-Pao|Protect\n|move|p1b: Ursaluna|Protect|p1b: Ursaluna\n|-singleturn|p1b: Ursaluna|Protect\n|move|p2a: Iron Hands|Fake Out|p1b: Ursaluna\n|-activate|p1b: Ursaluna|move: Protect\n|move|p2b: Fezandipiti|Dazzling Gleam|p1b: Ursaluna|[spread] \n|-activate|p1a: Chien-Pao|move: Protect\n|-activate|p1b: Ursaluna|move: Protect\n|\n|upkeep\n|turn|12\n|inactive|LC Council has 120 seconds left.\n|inactive|LC Council has 90 seconds left.\n|\n|t:|1697677332\n|move|p1a: Chien-Pao|Ice Spinner|p2b: Fezandipiti\n|-crit|p2b: Fezandipiti\n|-damage|p2b: Fezandipiti|0 fnt\n|faint|p2b: Fezandipiti\n|move|p2a: Iron Hands|Drain Punch|p1b: Ursaluna\n|-supereffective|p1b: Ursaluna\n|-damage|p1b: Ursaluna|11\/100\n|move|p1b: Ursaluna|Hyper Voice|p2a: Iron Hands\n|-damage|p2a: Iron Hands|28\/100\n|\n|-heal|p1b: Ursaluna|17\/100|[from] item: Leftovers\n|upkeep\n|inactive|Dante vail has 120 seconds left.\n|\n|t:|1697677343\n|switch|p2b: Sinistcha|Sinistcha-Masterpiece, tera:Steel|95\/100\n|-heal|p2a: Iron Hands|53\/100|[from] ability: Hospitality|[of] p2b: Sinistcha\n|turn|13\n|\n|t:|1697677365\n|move|p1b: Ursaluna|Protect|p1b: Ursaluna\n|-singleturn|p1b: Ursaluna|Protect\n|move|p1a: Chien-Pao|Sacred Sword|p2b: Sinistcha\n|-supereffective|p2b: Sinistcha\n|-damage|p2b: Sinistcha|18\/100\n|move|p2b: Sinistcha|Matcha Gotcha|p1a: Chien-Pao|[spread] p1a\n|-activate|p1b: Ursaluna|move: Protect\n|-damage|p1a: Chien-Pao|0 fnt\n|-heal|p2b: Sinistcha|28\/100|[from] drain|[of] p1a: Chien-Pao\n|faint|p1a: Chien-Pao\n|move|p2a: Iron Hands|Drain Punch|p1b: Ursaluna\n|-activate|p1b: Ursaluna|move: Protect\n|\n|-heal|p1b: Ursaluna|23\/100|[from] item: Leftovers\n|upkeep\n|turn|14\n|\n|t:|1697677382\n|move|p2b: Sinistcha|Matcha Gotcha|p1b: Ursaluna\n|-supereffective|p1b: Ursaluna\n|-damage|p1b: Ursaluna|0 fnt\n|-heal|p2b: Sinistcha|42\/100|[from] drain|[of] p1b: Ursaluna\n|faint|p1b: Ursaluna\n|\n|win|Dante vail\n|raw|LC Council's rating: 1361 &rarr; <strong>1340<\/strong><br \/>(-21 for losing)\n|raw|Dante vail's rating: 1349 &rarr; <strong>1370<\/strong><br \/>(+21 for winning)\n|c|\u2606Dante vail|gg\n|c|\u2606LC Council|gg\n|l|\u2606LC Council\n","uploadtime":1697677440,"views":11,"p1id":"lccouncil","p2id":"dantevail","formatid":"gen9doublesou","rating":1340,"private":0,"password":""}