{"id":"gen9doublesou-1989178945","p1":"Lilac2","p2":"Tippiiii","format":"[Gen 9] Doubles OU","log":"|j|\u2606Lilac2\n|j|\u2606Tippiiii\n|inactive|Battle timer is ON: inactive players will automatically lose when time's up.\n|t:|1699820540\n|gametype|doubles\n|player|p1|Lilac2|anabel|\n|player|p2|Tippiiii|emma|\n|teamsize|p1|6\n|teamsize|p2|6\n|gen|9\n|tier|[Gen 9] Doubles OU\n|rated|Tournament battle\n|rule|Species Clause: Limit one of each Pok\u00e9mon\n|rule|OHKO Clause: OHKO moves are banned\n|rule|Evasion Moves Clause: Evasion moves are banned\n|rule|Gravity Sleep Clause: The combination of sleep-inducing moves with imperfect accuracy and Gravity or Gigantamax Orbeetle are banned\n|rule|Endless Battle Clause: Forcing endless battles is banned\n|rule|HP Percentage Mod: HP is shown in percentages\n|clearpoke\n|poke|p1|Kingambit, F|\n|poke|p1|Scizor, M|\n|poke|p1|Ribombee, M|\n|poke|p1|Great Tusk|\n|poke|p1|Typhlosion-Hisui, F|\n|poke|p1|Azumarill, M|\n|poke|p2|Cresselia, F|\n|poke|p2|Volcanion|\n|poke|p2|Rillaboom, M|\n|poke|p2|Flutter Mane|\n|poke|p2|Ursaluna, F|\n|poke|p2|Kleavor, F|\n|teampreview\n|j|*Lady Monita \u2746\n|inactive|Lilac2 also wants the timer to be on.\n|c|\u2606Lilac2|Glhf\n|c|\u2606Tippiiii|you too\n|j| sasukeonichan\n|inactive|Tippiiii has 120 seconds left.\n|\n|t:|1699820575\n|start\n|switch|p1a: Ribombee|Ribombee, M, shiny|100\/100\n|switch|p1b: Scizor|Scizor, M, shiny|100\/100\n|switch|p2a: Kleavor|Kleavor, F|100\/100\n|switch|p2b: Cresselia|Cresselia, F|100\/100\n|turn|1\n|\n|t:|1699820589\n|move|p2b: Cresselia|Ally Switch|p2b: Cresselia\n|swap|p2b: Cresselia|0|[from] move: Ally Switch\n|move|p2b: Kleavor|Stone Axe|p1a: Ribombee\n|-supereffective|p1a: Ribombee\n|-damage|p1a: Ribombee|0 fnt\n|-sidestart|p1: Lilac2|move: Stealth Rock\n|faint|p1a: Ribombee\n|move|p1b: Scizor|Swords Dance|p1b: Scizor\n|-boost|p1b: Scizor|atk|2\n|\n|upkeep\n|\n|t:|1699820606\n|switch|p1a: Great Tusk|Great Tusk|100\/100\n|-damage|p1a: Great Tusk|98\/100|[from] Stealth Rock\n|-enditem|p1a: Great Tusk|Booster Energy\n|-activate|p1a: Great Tusk|ability: Protosynthesis|[fromitem]\n|-start|p1a: Great Tusk|protosynthesisdef\n|turn|2\n|inactive|Lilac2 has 120 seconds left.\n|inactive|Tippiiii has 120 seconds left.\n|\n|t:|1699820644\n|move|p2b: Kleavor|Stone Axe|p1b: Scizor\n|-damage|p1b: Scizor|39\/100\n|move|p1b: Scizor|Lunge|p2b: Kleavor\n|-damage|p2b: Kleavor|19\/100\n|-unboost|p2b: Kleavor|atk|1\n|move|p1a: Great Tusk|High Horsepower|p2a: Cresselia\n|-immune|p2a: Cresselia|[from] ability: Levitate\n|move|p2a: Cresselia|Thunder Wave|p1b: Scizor\n|-status|p1b: Scizor|par\n|\n|upkeep\n|turn|3\n|\n|t:|1699820660\n|move|p1b: Scizor|Bullet Punch|p2b: Kleavor\n|-supereffective|p2b: Kleavor\n|-damage|p2b: Kleavor|0 fnt\n|faint|p2b: Kleavor\n|move|p1a: Great Tusk|Head Smash|p2a: Cresselia\n|-damage|p2a: Cresselia|73\/100\n|-damage|p1a: Great Tusk|81\/100|[from] Recoil\n|move|p2a: Cresselia|Psychic|p1a: Great Tusk\n|-supereffective|p1a: Great Tusk\n|-damage|p1a: Great Tusk|26\/100\n|\n|upkeep\n|inactive|Tippiiii has 120 seconds left.\n|\n|t:|1699820677\n|switch|p2b: Ursaluna|Ursaluna, F|100\/100\n|turn|4\n|\n|t:|1699820687\n|move|p1a: Great Tusk|Body Press|p2b: Ursaluna\n|-supereffective|p2b: Ursaluna\n|-damage|p2b: Ursaluna|35\/100\n|move|p2a: Cresselia|Psychic|p1a: Great Tusk\n|-supereffective|p1a: Great Tusk\n|-damage|p1a: Great Tusk|0 fnt\n|faint|p1a: Great Tusk\n|-end|p1a: Great Tusk|Protosynthesis|[silent]\n|move|p1b: Scizor|Lunge|p2a: Cresselia\n|-supereffective|p2a: Cresselia\n|-damage|p2a: Cresselia|0 fnt\n|faint|p2a: Cresselia\n|move|p2b: Ursaluna|Headlong Rush|p1b: Scizor\n|-damage|p1b: Scizor|0 fnt\n|-unboost|p2b: Ursaluna|def|1\n|-unboost|p2b: Ursaluna|spd|1\n|faint|p1b: Scizor\n|\n|-status|p2b: Ursaluna|brn|[from] item: Flame Orb\n|upkeep\n|\n|t:|1699820713\n|switch|p1b: Azumarill|Azumarill, M|100\/100\n|switch|p1a: Typhlosion|Typhlosion-Hisui, F|100\/100\n|switch|p2a: Rillaboom|Rillaboom, M|100\/100\n|-damage|p1a: Typhlosion|75\/100|[from] Stealth Rock\n|-item|p2a: Rillaboom|Assault Vest|[from] ability: Frisk|[of] p1a: Typhlosion|[identify]\n|-item|p2b: Ursaluna|Flame Orb|[from] ability: Frisk|[of] p1a: Typhlosion|[identify]\n|-fieldstart|move: Grassy Terrain|[from] ability: Grassy Surge|[of] p2a: Rillaboom\n|-damage|p1b: Azumarill|88\/100|[from] Stealth Rock\n|turn|5\n|\n|t:|1699820738\n|-terastallize|p2a: Rillaboom|Fire\n|move|p1a: Typhlosion|Eruption|p2a: Rillaboom|[spread] p2a,p2b\n|-resisted|p2a: Rillaboom\n|-damage|p2a: Rillaboom|76\/100\n|-damage|p2b: Ursaluna|0 fnt\n|faint|p2b: Ursaluna\n|move|p2a: Rillaboom|Wood Hammer|p1b: Azumarill\n|-ability|p1b: Azumarill|Sap Sipper|boost\n|-boost|p1b: Azumarill|atk|1\n|move|p1b: Azumarill|Belly Drum|p1b: Azumarill\n|-damage|p1b: Azumarill|38\/100\n|-setboost|p1b: Azumarill|atk|6|[from] move: Belly Drum\n|\n|-heal|p1a: Typhlosion|82\/100|[from] Grassy Terrain\n|-heal|p2a: Rillaboom|82\/100|[from] Grassy Terrain\n|-heal|p1b: Azumarill|44\/100|[from] Grassy Terrain\n|-heal|p1b: Azumarill|51\/100|[from] item: Leftovers\n|upkeep\n|inactive|Tippiiii has 120 seconds left.\n|\n|t:|1699820756\n|switch|p2b: Volcanion|Volcanion|100\/100\n|turn|6\n|\n|t:|1699820770\n|move|p1a: Typhlosion|Eruption|p2b: Volcanion|[spread] p2a,p2b\n|-resisted|p2a: Rillaboom\n|-resisted|p2b: Volcanion\n|-damage|p2a: Rillaboom|56\/100\n|-damage|p2b: Volcanion|89\/100\n|move|p2a: Rillaboom|Wood Hammer|p1a: Typhlosion\n|-resisted|p1a: Typhlosion\n|-damage|p1a: Typhlosion|13\/100\n|-damage|p2a: Rillaboom|40\/100|[from] Recoil\n|move|p1b: Azumarill|Aqua Tail|p2a: Rillaboom\n|-supereffective|p2a: Rillaboom\n|-damage|p2a: Rillaboom|0 fnt\n|faint|p2a: Rillaboom\n|move|p2b: Volcanion|Sludge Bomb|p1b: Azumarill\n|-supereffective|p1b: Azumarill\n|-damage|p1b: Azumarill|0 fnt\n|faint|p1b: Azumarill\n|\n|-heal|p1a: Typhlosion|20\/100|[from] Grassy Terrain\n|-heal|p2b: Volcanion|96\/100|[from] Grassy Terrain\n|upkeep\n|\n|t:|1699820788\n|switch|p2a: Flutter Mane|Flutter Mane|100\/100\n|switch|p1b: Kingambit|Kingambit, F, shiny|100\/100\n|-damage|p1b: Kingambit|94\/100|[from] Stealth Rock\n|-activate|p1b: Kingambit|ability: Supreme Overlord\n|-start|p1b: Kingambit|fallen4|[silent]\n|turn|7\n|\n|t:|1699820805\n|-terastallize|p1b: Kingambit|Dark\n|move|p2a: Flutter Mane|Moonblast|p1b: Kingambit\n|-supereffective|p1b: Kingambit\n|-damage|p1b: Kingambit|0 fnt\n|faint|p1b: Kingambit\n|-end|p1b: Kingambit|fallen4|[silent]\n|move|p1a: Typhlosion|Eruption|p2a: Flutter Mane|[spread] p2a,p2b\n|-resisted|p2b: Volcanion\n|-damage|p2a: Flutter Mane|89\/100\n|-damage|p2b: Volcanion|93\/100\n|move|p2b: Volcanion|Earth Power|p1a: Typhlosion\n|-supereffective|p1a: Typhlosion\n|-damage|p1a: Typhlosion|0 fnt\n|faint|p1a: Typhlosion\n|\n|win|Tippiiii\n|n|\u2606Lilac2|lilac2\n|n|\u2606Tippiiii|tippiiii\n|n|*Lady Monita \u2746|ladymonita\n|n| sasukeonichan|sasukeonichan\n","uploadtime":1699820807,"views":9,"p1id":"lilac2","p2id":"tippiiii","formatid":"gen9doublesou","rating":0,"private":0,"password":""}