{"id":"gen9doublesou-1978758031","p1":"Friden","p2":"LucasKyUno","format":"[Gen 9] Doubles OU","log":"|j|\u2606Friden\n|j|\u2606LucasKyUno\n|t:|1698591602\n|gametype|doubles\n|player|p1|Friden|ingo|\n|player|p2|LucasKyUno|emmet|\n|teamsize|p1|6\n|teamsize|p2|6\n|gen|9\n|tier|[Gen 9] Doubles OU\n|rule|Species Clause: Limit one of each Pok\u00e9mon\n|rule|OHKO Clause: OHKO moves are banned\n|rule|Evasion Moves Clause: Evasion moves are banned\n|rule|Gravity Sleep Clause: The combination of sleep-inducing moves with imperfect accuracy and Gravity or Gigantamax Orbeetle are banned\n|rule|Endless Battle Clause: Forcing endless battles is banned\n|rule|HP Percentage Mod: HP is shown in percentages\n|clearpoke\n|poke|p1|Walking Wake|\n|poke|p1|Landorus-Therian, M|\n|poke|p1|Ninetales-Alola, F|\n|poke|p1|Torkoal, F|\n|poke|p1|Ribombee, F|\n|poke|p1|Ceruledge, M|\n|poke|p2|Quaquaval, M|\n|poke|p2|Oricorio-Pom-Pom, F|\n|poke|p2|Kommo-o, M|\n|poke|p2|Volcarona, F|\n|poke|p2|Clodsire, M|\n|poke|p2|Arboliva, F|\n|teampreview\n|inactive|Battle timer is ON: inactive players will automatically lose when time's up. (requested by LucasKyUno)\n|\n|t:|1698591621\n|start\n|switch|p1a: Landorus|Landorus-Therian, M, shiny|100\/100\n|switch|p1b: Ribombee|Ribombee, F|100\/100\n|switch|p2a: Kommo-o|Kommo-o, M|100\/100\n|switch|p2b: Oricorio|Oricorio-Pom-Pom, F, shiny|100\/100\n|-ability|p1a: Landorus|Intimidate|boost\n|-unboost|p2a: Kommo-o|atk|1\n|-unboost|p2b: Oricorio|atk|1\n|turn|1\n|\n|t:|1698591649\n|-terastallize|p2a: Kommo-o|Steel\n|move|p1b: Ribombee|Dazzling Gleam|p2a: Kommo-o|[spread] p2a,p2b\n|-resisted|p2a: Kommo-o\n|-crit|p2a: Kommo-o\n|-damage|p2a: Kommo-o|84\/100\n|-damage|p2b: Oricorio|69\/100\n|move|p2b: Oricorio|Tailwind|p2b: Oricorio\n|-sidestart|p2: LucasKyUno|move: Tailwind\n|move|p2a: Kommo-o|Clangorous Soul|p2a: Kommo-o\n|-boost|p2a: Kommo-o|atk|1\n|-boost|p2a: Kommo-o|def|1\n|-boost|p2a: Kommo-o|spa|1\n|-boost|p2a: Kommo-o|spd|1\n|-boost|p2a: Kommo-o|spe|1\n|-damage|p2a: Kommo-o|51\/100\n|-enditem|p2a: Kommo-o|Throat Spray\n|-boost|p2a: Kommo-o|spa|1|[from] item: Throat Spray\n|-activate|p2b: Oricorio|ability: Dancer\n|move|p2b: Oricorio|Clangorous Soul|p2b: Oricorio|[from]ability: Dancer\n|-boost|p2b: Oricorio|atk|1\n|-boost|p2b: Oricorio|def|1\n|-boost|p2b: Oricorio|spa|1\n|-boost|p2b: Oricorio|spd|1\n|-boost|p2b: Oricorio|spe|1\n|-damage|p2b: Oricorio|36\/100\n|move|p1a: Landorus|Rock Slide|p2b: Oricorio|[spread] p2a\n|-miss|p1a: Landorus|p2b: Oricorio\n|-resisted|p2a: Kommo-o\n|-damage|p2a: Kommo-o|42\/100\n|-damage|p1a: Landorus|91\/100|[from] item: Life Orb\n|\n|-heal|p2b: Oricorio|42\/100|[from] item: Leftovers\n|upkeep\n|turn|2\n|inactive|Friden has 270 seconds left.\n|inactive|LucasKyUno has 270 seconds left.\n|\n|t:|1698591686\n|move|p2b: Oricorio|Icy Wind|p1a: Landorus|[spread] p1a,p1b\n|-supereffective|p1a: Landorus\n|-damage|p1a: Landorus|7\/100\n|-damage|p1b: Ribombee|76\/100\n|-unboost|p1a: Landorus|spe|1\n|move|p2a: Kommo-o|Clanging Scales|p1b: Ribombee|[spread] p1a\n|-immune|p1b: Ribombee\n|-damage|p1a: Landorus|0 fnt\n|faint|p1a: Landorus\n|-unboost|p2a: Kommo-o|def|1\n|move|p1b: Ribombee|Tailwind|p1b: Ribombee\n|-sidestart|p1: Friden|move: Tailwind\n|\n|-heal|p2b: Oricorio|48\/100|[from] item: Leftovers\n|upkeep\n|\n|t:|1698591706\n|switch|p1a: Ceruledge|Ceruledge, M|100\/100\n|turn|3\n|inactive|Friden has 270 seconds left.\n|inactive|LucasKyUno has 270 seconds left.\n|\n|t:|1698591754\n|move|p1b: Ribombee|Protect|p1b: Ribombee\n|-singleturn|p1b: Ribombee|Protect\n|move|p2b: Oricorio|Revelation Dance|p1b: Ribombee\n|-activate|p1b: Ribombee|move: Protect\n|move|p2a: Kommo-o|Clanging Scales|p1a: Ceruledge|[spread] p1a\n|-activate|p1b: Ribombee|move: Protect\n|-damage|p1a: Ceruledge|21\/100\n|-unboost|p2a: Kommo-o|def|1\n|move|p1a: Ceruledge|Bitter Blade|p2a: Kommo-o\n|-supereffective|p2a: Kommo-o\n|-damage|p2a: Kommo-o|0 fnt\n|-heal|p1a: Ceruledge|42\/100|[from] drain|[of] p2a: Kommo-o\n|faint|p2a: Kommo-o\n|\n|-heal|p2b: Oricorio|54\/100|[from] item: Leftovers\n|upkeep\n|inactive|LucasKyUno has 240 seconds left.\n|\n|t:|1698591770\n|switch|p2a: Quaquaval|Quaquaval, M|100\/100\n|turn|4\n|inactive|Friden has 270 seconds left.\n|\n|t:|1698591781\n|move|p2b: Oricorio|Revelation Dance|p1b: Ribombee\n|-crit|p1b: Ribombee\n|-damage|p1b: Ribombee|0 fnt\n|faint|p1b: Ribombee\n|move|p2a: Quaquaval|Aqua Step|p1a: Ceruledge\n|-supereffective|p1a: Ceruledge\n|-damage|p1a: Ceruledge|0 fnt\n|-boost|p2a: Quaquaval|spe|1\n|faint|p1a: Ceruledge\n|-ability|p2a: Quaquaval|Moxie|boost\n|-boost|p2a: Quaquaval|atk|1\n|-activate|p2b: Oricorio|ability: Dancer\n|move|p2b: Oricorio|Aqua Step|p1: Ceruledge|[from]ability: Dancer|[notarget]\n|-fail|p2b: Oricorio\n|\n|-heal|p2b: Oricorio|60\/100|[from] item: Leftovers\n|-sideend|p2: LucasKyUno|move: Tailwind\n|upkeep\n|inactive|Friden has 270 seconds left.\n|\n|t:|1698591799\n|switch|p1b: Walking Wake|Walking Wake|100\/100\n|switch|p1a: Torkoal|Torkoal, F, shiny|100\/100\n|-weather|SunnyDay|[from] ability: Drought|[of] p1a: Torkoal\n|-activate|p1b: Walking Wake|ability: Protosynthesis\n|-start|p1b: Walking Wake|protosynthesisspa\n|turn|5\n|inactive|Friden has 270 seconds left.\n|inactive|LucasKyUno has 270 seconds left.\n|inactive|Friden has 240 seconds left.\n|\n|t:|1698591846\n|-terastallize|p1b: Walking Wake|Electric\n|move|p1a: Torkoal|Protect|p1a: Torkoal\n|-singleturn|p1a: Torkoal|Protect\n|move|p1b: Walking Wake|Hydro Steam|p2b: Oricorio\n|-damage|p2b: Oricorio|0 fnt\n|faint|p2b: Oricorio\n|-damage|p1b: Walking Wake|91\/100|[from] item: Life Orb\n|move|p2a: Quaquaval|Feather Dance|p1a: Torkoal\n|-activate|p1a: Torkoal|move: Protect\n|\n|-weather|SunnyDay|[upkeep]\n|-sideend|p1: Friden|move: Tailwind\n|upkeep\n|inactive|LucasKyUno has 240 seconds left.\n|\n|t:|1698591877\n|switch|p2b: Clodger|Clodsire, M|100\/100\n|turn|6\n|\n|t:|1698591907\n|move|p2a: Quaquaval|Brave Bird|p1b: Walking Wake\n|-resisted|p1b: Walking Wake\n|-damage|p1b: Walking Wake|58\/100\n|-damage|p2a: Quaquaval|89\/100|[from] Recoil\n|move|p1b: Walking Wake|Tera Blast|p2a: Quaquaval|[anim] Tera Blast Electric\n|-supereffective|p2a: Quaquaval\n|-damage|p2a: Quaquaval|0 fnt\n|faint|p2a: Quaquaval\n|-damage|p1b: Walking Wake|48\/100|[from] item: Life Orb\n|move|p1a: Torkoal|Solar Beam||[still]\n|-prepare|p1a: Torkoal|Solar Beam\n|-anim|p1a: Torkoal|Solar Beam|p2b: Clodger\n|-damage|p2b: Clodger|73\/100\n|move|p2b: Clodger|Stomping Tantrum|p1a: Torkoal\n|-supereffective|p1a: Torkoal\n|-damage|p1a: Torkoal|60\/100\n|\n|-weather|SunnyDay|[upkeep]\n|upkeep\n|\n|t:|1698591923\n|switch|p2a: Arboliva|Arboliva, F|100\/100\n|turn|7\n|inactive|Friden has 270 seconds left.\n|\n|t:|1698591941\n|move|p1a: Torkoal|Protect|p1a: Torkoal\n|-singleturn|p1a: Torkoal|Protect\n|move|p1b: Walking Wake|Hydro Steam|p2b: Clodger\n|-heal|p2b: Clodger|98\/100|[from] ability: Water Absorb|[of] p1b: Walking Wake\n|move|p2a: Arboliva|Dazzling Gleam|p1a: Torkoal|[spread] p1b\n|-activate|p1a: Torkoal|move: Protect\n|-damage|p1b: Walking Wake|24\/100\n|move|p2b: Clodger|Stomping Tantrum|p1a: Torkoal\n|-activate|p1a: Torkoal|move: Protect\n|\n|-weather|SunnyDay|[upkeep]\n|upkeep\n|turn|8\n|inactive|LucasKyUno has 270 seconds left.\n|inactive|Friden has 270 seconds left.\n|\n|t:|1698591963\n|move|p1b: Walking Wake|Flamethrower|p2a: Arboliva\n|-supereffective|p2a: Arboliva\n|-damage|p2a: Arboliva|0 fnt\n|-fieldstart|move: Grassy Terrain|[from] ability: Seed Sower|[of] p2a: Arboliva\n|faint|p2a: Arboliva\n|-damage|p1b: Walking Wake|14\/100|[from] item: Life Orb\n|move|p2b: Clodger|Stomping Tantrum|p1a: Torkoal\n|-supereffective|p1a: Torkoal\n|-damage|p1a: Torkoal|15\/100\n|move|p1a: Torkoal|Solar Beam||[still]\n|-prepare|p1a: Torkoal|Solar Beam\n|-anim|p1a: Torkoal|Solar Beam|p2b: Clodger\n|-damage|p2b: Clodger|65\/100\n|\n|-weather|SunnyDay|[upkeep]\n|-heal|p1b: Walking Wake|20\/100|[from] Grassy Terrain\n|-heal|p1a: Torkoal|21\/100|[from] Grassy Terrain\n|-heal|p2b: Clodger|71\/100|[from] Grassy Terrain\n|upkeep\n|\n|t:|1698591975\n|switch|p2a: Volcarona|Volcarona, F|100\/100\n|turn|9\n|inactive|LucasKyUno has 270 seconds left.\n|\n|t:|1698591992\n|move|p1a: Torkoal|Protect|p1a: Torkoal\n|-singleturn|p1a: Torkoal|Protect\n|move|p1b: Walking Wake|Hydro Steam|p2a: Volcarona\n|-supereffective|p2a: Volcarona\n|-damage|p2a: Volcarona|0 fnt\n|faint|p2a: Volcarona\n|-damage|p1b: Walking Wake|10\/100|[from] item: Life Orb\n|move|p2b: Clodger|Poison Jab|p1b: Walking Wake\n|-damage|p1b: Walking Wake|0 fnt\n|faint|p1b: Walking Wake\n|-end|p1b: Walking Wake|Protosynthesis|[silent]\n|\n|-weather|none\n|-heal|p2b: Clodger|77\/100|[from] Grassy Terrain\n|-heal|p1a: Torkoal|28\/100|[from] Grassy Terrain\n|upkeep\n|\n|t:|1698592006\n|switch|p1b: Ninetales|Ninetales-Alola, F, shiny|100\/100\n|-weather|Snow|[from] ability: Snow Warning|[of] p1b: Ninetales\n|turn|10\n|\n|t:|1698592021\n|move|p1b: Ninetales|Ice Beam|p2b: Clodger\n|-supereffective|p2b: Clodger\n|-damage|p2b: Clodger|24\/100\n|move|p1a: Torkoal|Overheat|p2b: Clodger\n|-damage|p2b: Clodger|0 fnt\n|-unboost|p1a: Torkoal|spa|2\n|faint|p2b: Clodger\n|\n|win|Friden\n","uploadtime":1698592037,"views":25,"p1id":"friden","p2id":"lucaskyuno","formatid":"gen9doublesou","rating":0,"private":0,"password":""}