{"id":"gen9doublesou-1969345227","p1":"Reddypuller","p2":"wingwingy55","format":"[Gen 9] Doubles OU","log":"|j|\u2606Reddypuller\n|j|\u2606wingwingy55\n|t:|1697517024\n|gametype|doubles\n|player|p1|Reddypuller|1|1127\n|player|p2|wingwingy55|preschooler|1189\n|teamsize|p1|6\n|teamsize|p2|6\n|gen|9\n|tier|[Gen 9] Doubles OU\n|rated|\n|rule|Species Clause: Limit one of each Pok\u00e9mon\n|rule|OHKO Clause: OHKO moves are banned\n|rule|Evasion Moves Clause: Evasion moves are banned\n|rule|Gravity Sleep Clause: The combination of sleep-inducing moves with imperfect accuracy and Gravity or Gigantamax Orbeetle are banned\n|rule|Endless Battle Clause: Forcing endless battles is banned\n|rule|HP Percentage Mod: HP is shown in percentages\n|clearpoke\n|poke|p1|Zangoose, F|\n|poke|p1|Goodra-Hisui, M|\n|poke|p1|Enamorus, F|\n|poke|p1|Overqwil, M|\n|poke|p1|Brute Bonnet|\n|poke|p1|Gliscor, F|\n|poke|p2|Dragapult, M|\n|poke|p2|Enamorus, F|\n|poke|p2|Ogerpon, F|\n|poke|p2|Dipplin, F|\n|poke|p2|Maushold|\n|poke|p2|Basculegion-F, F|\n|teampreview\n|inactive|Battle timer is ON: inactive players will automatically lose when time's up. (requested by Reddypuller)\n|\n|t:|1697517040\n|start\n|switch|p1a: Overqwil|Overqwil, M|100\/100\n|switch|p1b: Gliscor|Gliscor, F|100\/100\n|switch|p2a: Love genie|Enamorus, F|100\/100\n|switch|p2b: Sadness|Basculegion-F, F|100\/100\n|-ability|p1a: Overqwil|Intimidate|boost\n|-boost|p2a: Love genie|atk|1\n|-unboost|p2b: Sadness|atk|1\n|turn|1\n|\n|t:|1697517057\n|move|p1b: Gliscor|Protect|p1b: Gliscor\n|-singleturn|p1b: Gliscor|Protect\n|move|p2b: Sadness|Ice Beam|p1b: Gliscor\n|-activate|p1b: Gliscor|move: Protect\n|move|p2a: Love genie|Earth Power|p1a: Overqwil\n|-supereffective|p1a: Overqwil\n|-damage|p1a: Overqwil|0 fnt\n|faint|p1a: Overqwil\n|\n|-status|p1b: Gliscor|tox|[from] item: Toxic Orb\n|upkeep\n|\n|t:|1697517068\n|switch|p1a: Enamorus|Enamorus, F|100\/100\n|turn|2\n|\n|t:|1697517081\n|switch|p2a: Weak apple|Dipplin, F|100\/100\n|-ability|p2a: Weak apple|Supersweet Syrup\n|-ability|p2a: Weak apple|Supersweet Syrup|boost\n|-boost|p1a: Enamorus|evasion|1\n|-unboost|p1b: Gliscor|evasion|1\n|-terastallize|p1b: Gliscor|Fairy\n|move|p2b: Sadness|Ice Beam|p1b: Gliscor\n|-damage|p1b: Gliscor|72\/100 tox\n|move|p1b: Gliscor|Fling|p2b: Sadness\n|-supereffective|p2b: Sadness\n|-damage|p2b: Sadness|84\/100\n|-status|p2b: Sadness|tox\n|-enditem|p1b: Gliscor|Toxic Orb|[from] move: Fling\n|move|p1a: Enamorus|Superpower|p2a: Weak apple\n|-damage|p2a: Weak apple|84\/100\n|-boost|p1a: Enamorus|atk|1\n|-boost|p1a: Enamorus|def|1\n|\n|-damage|p2b: Sadness|78\/100 tox|[from] psn\n|-heal|p1b: Gliscor|85\/100 tox|[from] ability: Poison Heal\n|upkeep\n|turn|3\n|\n|t:|1697517104\n|move|p2b: Sadness|Ice Beam|p1a: Enamorus\n|-supereffective|p1a: Enamorus\n|-damage|p1a: Enamorus|53\/100\n|move|p1b: Gliscor|High Horsepower|p2b: Sadness\n|-damage|p2b: Sadness|41\/100 tox\n|move|p1a: Enamorus|Superpower|p2a: Weak apple\n|-damage|p2a: Weak apple|62\/100\n|-boost|p1a: Enamorus|atk|1\n|-boost|p1a: Enamorus|def|1\n|move|p2a: Weak apple|Pollen Puff|p2b: Sadness\n|-heal|p2b: Sadness|91\/100 tox\n|\n|-damage|p2b: Sadness|79\/100 tox|[from] psn\n|-heal|p1b: Gliscor|97\/100 tox|[from] ability: Poison Heal\n|upkeep\n|turn|4\n|\n|t:|1697517132\n|move|p2b: Sadness|Ice Beam|p1a: Enamorus\n|-supereffective|p1a: Enamorus\n|-damage|p1a: Enamorus|1\/100\n|-enditem|p1a: Enamorus|Aguav Berry|[eat]\n|-heal|p1a: Enamorus|34\/100|[from] item: Aguav Berry\n|move|p1b: Gliscor|High Horsepower|p2b: Sadness\n|-damage|p2b: Sadness|41\/100 tox\n|move|p1a: Enamorus|Tailwind|p1a: Enamorus\n|-sidestart|p1: Reddypuller|move: Tailwind\n|move|p2a: Weak apple|Pollen Puff|p2b: Sadness\n|-heal|p2b: Sadness|91\/100 tox\n|\n|-heal|p1b: Gliscor|100\/100 tox|[from] ability: Poison Heal\n|-damage|p2b: Sadness|73\/100 tox|[from] psn\n|upkeep\n|turn|5\n|\n|t:|1697517147\n|move|p1b: Gliscor|High Horsepower|p2b: Sadness\n|-damage|p2b: Sadness|32\/100 tox\n|move|p1a: Enamorus|Springtide Storm|p2a: Weak apple|[spread] p2a,p2b\n|-supereffective|p2a: Weak apple\n|-damage|p2a: Weak apple|19\/100\n|-damage|p2b: Sadness|0 fnt\n|faint|p2b: Sadness\n|move|p2a: Weak apple|Pollen Puff|p2: Sadness|[notarget]\n|-fail|p2a: Weak apple\n|\n|upkeep\n|\n|t:|1697517157\n|switch|p2b: Love genie|Enamorus, F|100\/100\n|turn|6\n|\n|t:|1697517167\n|move|p1b: Gliscor|Facade|p2b: Love genie\n|-damage|p2b: Love genie|54\/100\n|move|p1a: Enamorus|Superpower|p2b: Love genie\n|-resisted|p2b: Love genie\n|-damage|p2b: Love genie|35\/100\n|-boost|p1a: Enamorus|atk|1\n|-boost|p1a: Enamorus|def|1\n|move|p2b: Love genie|Sludge Bomb|p1a: Enamorus\n|-supereffective|p1a: Enamorus\n|-damage|p1a: Enamorus|0 fnt\n|faint|p1a: Enamorus\n|move|p2a: Weak apple|Syrup Bomb|p1b: Gliscor\n|-damage|p1b: Gliscor|78\/100 tox\n|-start|p1b: Gliscor|Syrup Bomb\n|\n|-heal|p1b: Gliscor|90\/100 tox|[from] ability: Poison Heal\n|-unboost|p1b: Gliscor|spe|1\n|upkeep\n|\n|t:|1697517178\n|switch|p1a: Goodra|Goodra-Hisui, M|100\/100\n|turn|7\n|\n|t:|1697517194\n|move|p1b: Gliscor|Facade|p2a: Weak apple\n|-damage|p2a: Weak apple|0 fnt\n|faint|p2a: Weak apple\n|move|p2b: Love genie|Sludge Bomb|p1b: Gliscor\n|-supereffective|p1b: Gliscor\n|-damage|p1b: Gliscor|0 fnt\n|faint|p1b: Gliscor\n|move|p1a: Goodra|Acid Armor|p1a: Goodra\n|-boost|p1a: Goodra|def|2\n|\n|-sideend|p1: Reddypuller|move: Tailwind\n|upkeep\n|inactive|Reddypuller has 120 seconds left.\n|inactive|Reddypuller has 90 seconds left.\n|\n|t:|1697517258\n|switch|p1b: Brute Bonnet|Brute Bonnet|100\/100\n|switch|p2a: Cheerleaders|Maushold|100\/100\n|-enditem|p1b: Brute Bonnet|Booster Energy\n|-activate|p1b: Brute Bonnet|ability: Protosynthesis|[fromitem]\n|-start|p1b: Brute Bonnet|protosynthesisspd\n|turn|8\n|\n|t:|1697517278\n|move|p2a: Cheerleaders|Follow Me|p2a: Cheerleaders\n|-singleturn|p2a: Cheerleaders|move: Follow Me\n|move|p1b: Brute Bonnet|Rage Powder|p1b: Brute Bonnet\n|-singleturn|p1b: Brute Bonnet|move: Rage Powder\n|move|p2b: Love genie|Sludge Bomb|p1b: Brute Bonnet\n|-supereffective|p1b: Brute Bonnet\n|-damage|p1b: Brute Bonnet|54\/100\n|move|p1a: Goodra|Acid Armor|p1a: Goodra\n|-boost|p1a: Goodra|def|2\n|\n|upkeep\n|turn|9\n|\n|t:|1697517305\n|move|p1b: Brute Bonnet|Rage Powder|p1b: Brute Bonnet\n|-singleturn|p1b: Brute Bonnet|move: Rage Powder\n|move|p2b: Love genie|Sludge Bomb|p1b: Brute Bonnet\n|-supereffective|p1b: Brute Bonnet\n|-damage|p1b: Brute Bonnet|10\/100\n|move|p2a: Cheerleaders|Super Fang|p1b: Brute Bonnet\n|-damage|p1b: Brute Bonnet|5\/100\n|move|p1a: Goodra|Body Press|p2a: Cheerleaders\n|-supereffective|p2a: Cheerleaders\n|-damage|p2a: Cheerleaders|0 fnt\n|faint|p2a: Cheerleaders\n|\n|upkeep\n|\n|t:|1697517310\n|switch|p2a: Ogerpon|Ogerpon, F|100\/100\n|turn|10\n|inactive|Reddypuller has 120 seconds left.\n|\n|t:|1697517346\n|switch|p2b: Dragapult|Dragapult, M, shiny|100\/100\n|move|p1b: Brute Bonnet|Rage Powder|p1b: Brute Bonnet\n|-singleturn|p1b: Brute Bonnet|move: Rage Powder\n|move|p2a: Ogerpon|U-turn|p1b: Brute Bonnet\n|-supereffective|p1b: Brute Bonnet\n|-damage|p1b: Brute Bonnet|0 fnt\n|faint|p1b: Brute Bonnet\n|-end|p1b: Brute Bonnet|Protosynthesis|[silent]\n|\n|t:|1697517349\n|switch|p2a: Love genie|Enamorus, F|35\/100|[from] U-turn\n|move|p1a: Goodra|Body Press|p2b: Dragapult\n|-immune|p2b: Dragapult\n|\n|upkeep\n|inactive|Reddypuller has 120 seconds left.\n|\n|t:|1697517360\n|switch|p1b: Zangoose|Zangoose, F|100\/100\n|turn|11\n|inactive|Reddypuller has 120 seconds left.\n|\n|t:|1697517390\n|-terastallize|p2a: Love genie|Ground\n|move|p2b: Dragapult|Dragon Darts|p1b: Zangoose\n|-damage|p1b: Zangoose|64\/100\n|-anim|p2b: Dragapult|Dragon Darts|p1a: Goodra\n|-damage|p1a: Goodra|93\/100\n|move|p2a: Love genie|Earth Power|p1a: Goodra\n|-supereffective|p1a: Goodra\n|-damage|p1a: Goodra|0 fnt\n|faint|p1a: Goodra\n|move|p1b: Zangoose|Shadow Claw|p2b: Dragapult\n|-supereffective|p2b: Dragapult\n|-damage|p2b: Dragapult|53\/100\n|\n|-heal|p1b: Zangoose|70\/100|[from] item: Leftovers\n|upkeep\n|turn|12\n|inactive|Reddypuller has 120 seconds left.\n|\n|t:|1697517410\n|move|p2b: Dragapult|Dragon Darts|p1b: Zangoose\n|-damage|p1b: Zangoose|35\/100\n|-anim|p2b: Dragapult|Dragon Darts|p1b: Zangoose\n|-damage|p1b: Zangoose|0 fnt\n|faint|p1b: Zangoose\n|\n|win|wingwingy55\n|raw|Reddypuller's rating: 1127 &rarr; <strong>1106<\/strong><br \/>(-21 for losing)\n|raw|wingwingy55's rating: 1189 &rarr; <strong>1210<\/strong><br \/>(+21 for winning)\n|l|\u2606Reddypuller\n","uploadtime":1697517429,"views":20,"p1id":"reddypuller","p2id":"wingwingy55","formatid":"gen9doublesou","rating":1106,"private":0,"password":""}