{"id":"gen9doublesou-1979021445","p1":"Fire410","p2":"Joecheve13","format":"[Gen 9] Doubles OU","log":"|j|\u2606Fire410\n|j|\u2606Joecheve13\n|t:|1698622167\n|gametype|doubles\n|player|p1|Fire410|koga|1271\n|player|p2|Joecheve13|psychic-gen4|1413\n|teamsize|p1|6\n|teamsize|p2|6\n|gen|9\n|tier|[Gen 9] Doubles OU\n|rated|\n|rule|Species Clause: Limit one of each Pok\u00e9mon\n|rule|OHKO Clause: OHKO moves are banned\n|rule|Evasion Moves Clause: Evasion moves are banned\n|rule|Gravity Sleep Clause: The combination of sleep-inducing moves with imperfect accuracy and Gravity or Gigantamax Orbeetle are banned\n|rule|Endless Battle Clause: Forcing endless battles is banned\n|rule|HP Percentage Mod: HP is shown in percentages\n|clearpoke\n|poke|p1|Iron Hands|\n|poke|p1|Landorus-Therian, M|\n|poke|p1|Ogerpon-Wellspring, F|\n|poke|p1|Tornadus, M|\n|poke|p1|Sinistcha-Masterpiece|\n|poke|p1|Iron Bundle|\n|poke|p2|Sableye, M|\n|poke|p2|Pelipper, M|\n|poke|p2|Iron Bundle|\n|poke|p2|Goodra-Hisui, M|\n|poke|p2|Jirachi|\n|poke|p2|Azumarill, F|\n|teampreview\n|\n|t:|1698622189\n|start\n|switch|p1a: Tornadus|Tornadus, M|100\/100\n|switch|p1b: Ogerpon|Ogerpon-Wellspring, F|100\/100\n|switch|p2a: Sableye|Sableye, M, shiny|100\/100\n|switch|p2b: Iron Bundle|Iron Bundle|100\/100\n|-enditem|p2b: Iron Bundle|Booster Energy\n|-activate|p2b: Iron Bundle|ability: Quark Drive|[fromitem]\n|-start|p2b: Iron Bundle|quarkdrivespa\n|turn|1\n|\n|t:|1698622205\n|move|p1b: Ogerpon|Spiky Shield|p1b: Ogerpon\n|-singleturn|p1b: Ogerpon|move: Protect\n|move|p1a: Tornadus|Rain Dance|p1a: Tornadus\n|-weather|RainDance\n|move|p2a: Sableye|Gravity|p2a: Sableye\n|-fieldstart|move: Gravity\n|move|p2b: Iron Bundle|Blizzard|p1b: Ogerpon|[spread] p1a\n|-activate|p1b: Ogerpon|move: Protect\n|-supereffective|p1a: Tornadus\n|-enditem|p1a: Tornadus|Focus Sash\n|-damage|p1a: Tornadus|1\/100\n|-status|p1a: Tornadus|frz\n|\n|-weather|RainDance|[upkeep]\n|upkeep\n|turn|2\n|\n|t:|1698622226\n|-terastallize|p1b: Ogerpon|Water\n|detailschange|p1b: Ogerpon|Ogerpon-Wellspring-Tera, F, tera:Water\n|-ability|p1b: Ogerpon|Embody Aspect (Wellspring)|boost\n|-boost|p1b: Ogerpon|spd|1\n|cant|p1a: Tornadus|frz\n|move|p2b: Iron Bundle|Freeze-Dry|p1b: Ogerpon\n|-supereffective|p1b: Ogerpon\n|-damage|p1b: Ogerpon|20\/100\n|move|p1b: Ogerpon|Ivy Cudgel|p2b: Iron Bundle\n|-resisted|p2b: Iron Bundle\n|-damage|p2b: Iron Bundle|30\/100\n|move|p2a: Sableye|Snarl|p1b: Ogerpon|[spread] p1a,p1b\n|-damage|p1a: Tornadus|0 fnt\n|-damage|p1b: Ogerpon|13\/100\n|-unboost|p1b: Ogerpon|spa|1\n|faint|p1a: Tornadus\n|\n|-weather|RainDance|[upkeep]\n|upkeep\n|\n|t:|1698622241\n|switch|p1a: Iron Hands|Iron Hands|100\/100\n|turn|3\n|\n|t:|1698622250\n|move|p1a: Iron Hands|Fake Out|p2b: Iron Bundle\n|-crit|p2b: Iron Bundle\n|-damage|p2b: Iron Bundle|0 fnt\n|faint|p2b: Iron Bundle\n|-end|p2b: Iron Bundle|Quark Drive|[silent]\n|move|p2a: Sableye|Will-O-Wisp|p1a: Iron Hands\n|-status|p1a: Iron Hands|brn\n|move|p1b: Ogerpon|Horn Leech|p2a: Sableye\n|-damage|p2a: Sableye|35\/100\n|-heal|p1b: Ogerpon|46\/100|[from] drain|[of] p2a: Sableye\n|-enditem|p2a: Sableye|Eject Button\n|\n|t:|1698622267\n|switch|p2a: Jirachi|Jirachi, shiny|100\/100\n|\n|-weather|RainDance|[upkeep]\n|-damage|p1a: Iron Hands|94\/100 brn|[from] brn\n|upkeep\n|\n|t:|1698622275\n|switch|p2b: Sableye|Sableye, M, shiny|35\/100\n|turn|4\n|\n|t:|1698622284\n|move|p1b: Ogerpon|Spiky Shield|p1b: Ogerpon\n|-singleturn|p1b: Ogerpon|move: Protect\n|move|p2b: Sableye|Fake Out|p1b: Ogerpon\n|-activate|p1b: Ogerpon|move: Protect\n|-damage|p2b: Sableye|23\/100|[from] Spiky Shield|[of] p1b: Ogerpon\n|move|p2a: Jirachi|Zen Headbutt|p1a: Iron Hands\n|-supereffective|p1a: Iron Hands\n|-damage|p1a: Iron Hands|48\/100 brn\n|move|p1a: Iron Hands|Ice Punch|p2b: Sableye\n|-damage|p2b: Sableye|3\/100\n|\n|-weather|RainDance|[upkeep]\n|-heal|p1a: Iron Hands|54\/100 brn|[from] item: Leftovers\n|-damage|p1a: Iron Hands|48\/100 brn|[from] brn\n|upkeep\n|turn|5\n|\n|t:|1698622303\n|-end|p1a: Iron Hands|Quark Drive|[silent]\n|switch|p1a: Sinistcha|Sinistcha-Masterpiece|100\/100\n|-heal|p1b: Ogerpon|71\/100|[from] ability: Hospitality|[of] p1a: Sinistcha\n|move|p2b: Sableye|Will-O-Wisp|p1b: Ogerpon\n|-status|p1b: Ogerpon|brn\n|move|p1b: Ogerpon|Ivy Cudgel|p2a: Jirachi\n|-damage|p2a: Jirachi|43\/100\n|move|p2a: Jirachi|Zen Headbutt|p1a: Sinistcha\n|-damage|p1a: Sinistcha|72\/100\n|-damage|p2a: Jirachi|26\/100|[from] item: Rocky Helmet|[of] p1a: Sinistcha\n|\n|-weather|none\n|-damage|p1b: Ogerpon|65\/100 brn|[from] brn\n|-fieldend|move: Gravity\n|upkeep\n|turn|6\n|\n|t:|1698622331\n|switch|p1b: Landorus|Landorus-Therian, M|100\/100\n|-ability|p1b: Landorus|Intimidate|boost\n|-fail|p2a: Jirachi|unboost|[from] item: Clear Amulet|[of] p2a: Jirachi\n|-unboost|p2b: Sableye|atk|1\n|move|p2b: Sableye|Gravity|p2b: Sableye\n|-fieldstart|move: Gravity\n|move|p2a: Jirachi|Stealth Rock|p1a: Sinistcha\n|-sidestart|p1: Fire410|move: Stealth Rock\n|move|p1a: Sinistcha|Life Dew||[still]|[spread] p1a,p1b\n|-heal|p1a: Sinistcha|98\/100\n|-fail|p1b: Landorus|heal\n|\n|upkeep\n|turn|7\n|\n|t:|1698622355\n|move|p2b: Sableye|Will-O-Wisp|p1b: Landorus\n|-status|p1b: Landorus|brn\n|move|p1b: Landorus|U-turn|p2a: Jirachi\n|-damage|p2a: Jirachi|14\/100\n|\n|t:|1698622361\n|switch|p1b: Iron Hands|Iron Hands|48\/100 brn|[from] U-turn\n|-damage|p1b: Iron Hands|42\/100 brn|[from] Stealth Rock\n|move|p2a: Jirachi|Zen Headbutt|p1b: Iron Hands\n|-supereffective|p1b: Iron Hands\n|-damage|p1b: Iron Hands|0 fnt\n|faint|p1b: Iron Hands\n|-end|p1b: Iron Hands|Quark Drive|[silent]\n|move|p1a: Sinistcha|Matcha Gotcha|p2a: Jirachi|[spread] p2a,p2b\n|-resisted|p2a: Jirachi\n|-damage|p2a: Jirachi|0 fnt\n|-heal|p1a: Sinistcha|100\/100|[from] drain|[of] p2a: Jirachi\n|-damage|p2b: Sableye|0 fnt\n|faint|p2a: Jirachi\n|faint|p2b: Sableye\n|\n|upkeep\n|\n|t:|1698622390\n|switch|p2a: Goodra|Goodra-Hisui, M|100\/100\n|switch|p2b: Pelipper|Pelipper, M|100\/100\n|switch|p1b: Iron Bundle|Iron Bundle|100\/100\n|-damage|p1b: Iron Bundle|76\/100|[from] Stealth Rock\n|-weather|RainDance|[from] ability: Drizzle|[of] p2b: Pelipper\n|-enditem|p1b: Iron Bundle|Booster Energy\n|-activate|p1b: Iron Bundle|ability: Quark Drive|[fromitem]\n|-start|p1b: Iron Bundle|quarkdrivespe\n|turn|8\n|\n|t:|1698622407\n|move|p1b: Iron Bundle|Freeze-Dry|p2b: Pelipper\n|-supereffective|p2b: Pelipper\n|-damage|p2b: Pelipper|0 fnt\n|faint|p2b: Pelipper\n|move|p1a: Sinistcha|Matcha Gotcha|p2a: Goodra\n|-ability|p2a: Goodra|Sap Sipper|boost\n|-boost|p2a: Goodra|atk|1\n|move|p2a: Goodra|Curse|p2a: Goodra\n|-unboost|p2a: Goodra|spe|1\n|-boost|p2a: Goodra|atk|1\n|-boost|p2a: Goodra|def|1\n|\n|-weather|RainDance|[upkeep]\n|upkeep\n|\n|t:|1698622418\n|switch|p2b: Azumarill|Azumarill, F|100\/100\n|turn|9\n|\n|t:|1698622439\n|move|p1a: Sinistcha|Rage Powder|p1a: Sinistcha\n|-singleturn|p1a: Sinistcha|move: Rage Powder\n|move|p1b: Iron Bundle|Freeze-Dry|p2b: Azumarill\n|-supereffective|p2b: Azumarill\n|-crit|p2b: Azumarill\n|-damage|p2b: Azumarill|25\/100\n|move|p2b: Azumarill|Knock Off|p1a: Sinistcha\n|-supereffective|p1a: Sinistcha\n|-damage|p1a: Sinistcha|33\/100\n|-damage|p2b: Azumarill|8\/100|[from] item: Rocky Helmet|[of] p1a: Sinistcha\n|-enditem|p1a: Sinistcha|Rocky Helmet|[from] move: Knock Off|[of] p2b: Azumarill\n|move|p2a: Goodra|Dragon Tail|p1a: Sinistcha\n|-damage|p1a: Sinistcha|0 fnt\n|faint|p1a: Sinistcha\n|\n|-weather|RainDance|[upkeep]\n|upkeep\n|\n|t:|1698622451\n|switch|p1a: Landorus|Landorus-Therian, M|100\/100 brn\n|-damage|p1a: Landorus|88\/100 brn|[from] Stealth Rock\n|-ability|p1a: Landorus|Intimidate|boost\n|-unboost|p2a: Goodra|atk|1\n|-unboost|p2b: Azumarill|atk|1\n|turn|10\n|\n|t:|1698622463\n|move|p2b: Azumarill|Aqua Jet|p1a: Landorus\n|-supereffective|p1a: Landorus\n|-damage|p1a: Landorus|26\/100 brn\n|move|p1b: Iron Bundle|Freeze-Dry|p2b: Azumarill\n|-supereffective|p2b: Azumarill\n|-damage|p2b: Azumarill|0 fnt\n|faint|p2b: Azumarill\n|move|p1a: Landorus|Stomping Tantrum|p2a: Goodra\n|-supereffective|p2a: Goodra\n|-damage|p2a: Goodra|75\/100\n|move|p2a: Goodra|Dragon Tail|p1b: Iron Bundle\n|-damage|p1b: Iron Bundle|41\/100\n|-end|p1b: Iron Bundle|Quark Drive|[silent]\n|drag|p1b: Ogerpon|Ogerpon-Wellspring-Tera, F, tera:Water|65\/100 brn\n|-damage|p1b: Ogerpon|53\/100 brn|[from] Stealth Rock\n|-ability|p1b: Ogerpon|Embody Aspect (Wellspring)|boost\n|-boost|p1b: Ogerpon|spd|1\n|\n|-weather|RainDance|[upkeep]\n|-heal|p2a: Goodra|82\/100|[from] item: Leftovers\n|-damage|p1a: Landorus|20\/100 brn|[from] brn\n|-damage|p1b: Ogerpon|47\/100 brn|[from] brn\n|-fieldend|move: Gravity\n|upkeep\n|turn|11\n|\n|t:|1698622490\n|move|p1b: Ogerpon|Spiky Shield|p1b: Ogerpon\n|-singleturn|p1b: Ogerpon|move: Protect\n|move|p1a: Landorus|Stomping Tantrum|p2a: Goodra\n|-supereffective|p2a: Goodra\n|-damage|p2a: Goodra|60\/100\n|move|p2a: Goodra|Dragon Tail|p1b: Ogerpon\n|-activate|p1b: Ogerpon|move: Protect\n|-damage|p2a: Goodra|47\/100|[from] Spiky Shield|[of] p1b: Ogerpon\n|\n|-weather|RainDance|[upkeep]\n|-heal|p2a: Goodra|54\/100|[from] item: Leftovers\n|-damage|p1a: Landorus|14\/100 brn|[from] brn\n|-damage|p1b: Ogerpon|41\/100 brn|[from] brn\n|upkeep\n|turn|12\n|\n|t:|1698622505\n|move|p2a: Goodra|Protect|p2a: Goodra\n|-singleturn|p2a: Goodra|Protect\n|move|p1a: Landorus|Stomping Tantrum|p2a: Goodra\n|-activate|p2a: Goodra|move: Protect\n|move|p1b: Ogerpon|Ivy Cudgel|p2a: Goodra\n|-activate|p2a: Goodra|move: Protect\n|\n|-weather|RainDance|[upkeep]\n|-heal|p2a: Goodra|60\/100|[from] item: Leftovers\n|-damage|p1a: Landorus|8\/100 brn|[from] brn\n|-damage|p1b: Ogerpon|35\/100 brn|[from] brn\n|upkeep\n|turn|13\n|\n|t:|1698622516\n|move|p1a: Landorus|Stomping Tantrum|p2a: Goodra\n|-supereffective|p2a: Goodra\n|-damage|p2a: Goodra|35\/100\n|move|p1b: Ogerpon|Ivy Cudgel|p2a: Goodra\n|-resisted|p2a: Goodra\n|-damage|p2a: Goodra|17\/100\n|move|p2a: Goodra|Curse|p2a: Goodra\n|-unboost|p2a: Goodra|spe|1\n|-boost|p2a: Goodra|atk|1\n|-boost|p2a: Goodra|def|1\n|\n|-weather|RainDance|[upkeep]\n|-heal|p2a: Goodra|23\/100|[from] item: Leftovers\n|-damage|p1a: Landorus|2\/100 brn|[from] brn\n|-damage|p1b: Ogerpon|29\/100 brn|[from] brn\n|upkeep\n|turn|14\n|\n|t:|1698622532\n|move|p2a: Goodra|Protect|p2a: Goodra\n|-singleturn|p2a: Goodra|Protect\n|move|p1a: Landorus|Stomping Tantrum|p2a: Goodra\n|-activate|p2a: Goodra|move: Protect\n|move|p1b: Ogerpon|Ivy Cudgel|p2a: Goodra\n|-activate|p2a: Goodra|move: Protect\n|\n|-weather|RainDance|[upkeep]\n|-heal|p2a: Goodra|29\/100|[from] item: Leftovers\n|-damage|p1a: Landorus|0 fnt|[from] brn\n|faint|p1a: Landorus\n|-damage|p1b: Ogerpon|23\/100 brn|[from] brn\n|upkeep\n|\n|t:|1698622543\n|switch|p1a: Iron Bundle|Iron Bundle|41\/100\n|-damage|p1a: Iron Bundle|16\/100|[from] Stealth Rock\n|turn|15\n|\n|t:|1698622554\n|move|p1a: Iron Bundle|Ice Beam|p2a: Goodra\n|-damage|p2a: Goodra|0 fnt\n|faint|p2a: Goodra\n|\n|win|Fire410\n|raw|Fire410's rating: 1271 &rarr; <strong>1306<\/strong><br \/>(+35 for winning)\n|raw|Joecheve13's rating: 1413 &rarr; <strong>1385<\/strong><br \/>(-28 for losing)\n|l|\u2606Joecheve13\n","uploadtime":1698622563,"views":17,"p1id":"fire410","p2id":"joecheve13","formatid":"gen9doublesou","rating":1306,"private":0,"password":""}