{"id":"gen9doublesou-1987357621","p1":"cotesmcgotes","p2":"LeotoBrilloVT","format":"[Gen 9] Doubles OU","log":"|j|\u2606cotesmcgotes\n|j|\u2606LeotoBrilloVT\n|t:|1699581365\n|gametype|doubles\n|player|p1|cotesmcgotes|flannery|1297\n|player|p2|LeotoBrilloVT|1|1367\n|teamsize|p1|6\n|teamsize|p2|6\n|gen|9\n|tier|[Gen 9] Doubles OU\n|rated|\n|rule|Species Clause: Limit one of each Pok\u00e9mon\n|rule|OHKO Clause: OHKO moves are banned\n|rule|Evasion Moves Clause: Evasion moves are banned\n|rule|Gravity Sleep Clause: The combination of sleep-inducing moves with imperfect accuracy and Gravity or Gigantamax Orbeetle are banned\n|rule|Endless Battle Clause: Forcing endless battles is banned\n|rule|HP Percentage Mod: HP is shown in percentages\n|clearpoke\n|poke|p1|Cresselia, F|\n|poke|p1|Overqwil, M|\n|poke|p1|Tornadus, M|\n|poke|p1|Palafin, F|\n|poke|p1|Flutter Mane|\n|poke|p1|Amoonguss, M|\n|poke|p2|Kommo-o, F|\n|poke|p2|Landorus-Therian, M|\n|poke|p2|Iron Hands|\n|poke|p2|Sinistcha|\n|poke|p2|Clefairy, F|\n|poke|p2|Greninja-*, M|\n|teampreview\n|inactive|Battle timer is ON: inactive players will automatically lose when time's up. (requested by LeotoBrilloVT)\n|\n|t:|1699581382\n|start\n|switch|p1a: Tornadus|Tornadus, M, shiny|100\/100\n|switch|p1b: Palafin|Palafin, F|100\/100\n|switch|p2a: Greninja|Greninja, M|100\/100\n|switch|p2b: Clefairy|Clefairy, F|100\/100\n|turn|1\n|\n|t:|1699581398\n|move|p2b: Clefairy|Helping Hand|p2a: Greninja\n|-singleturn|p2a: Greninja|Helping Hand|[of] p2b: Clefairy\n|move|p1a: Tornadus|Taunt|p2b: Clefairy\n|-start|p2b: Clefairy|move: Taunt\n|move|p2a: Greninja|Ice Beam|p1a: Tornadus\n|-supereffective|p1a: Tornadus\n|-damage|p1a: Tornadus|22\/100\n|-damage|p2a: Greninja|91\/100|[from] item: Life Orb\n|move|p1b: Palafin|Flip Turn|p2a: Greninja\n|-resisted|p2a: Greninja\n|-damage|p2a: Greninja|78\/100\n|\n|t:|1699581416\n|detailschange|p1b: Palafin|Palafin-Hero, F\n|switch|p1b: Flutter Mane|Flutter Mane|100\/100|[from] Flip Turn\n|\n|upkeep\n|turn|2\n|\n|t:|1699581437\n|switch|p2b: Iron Hands|Iron Hands|100\/100\n|move|p1a: Tornadus|Rain Dance|p1a: Tornadus\n|-weather|RainDance\n|move|p1b: Flutter Mane|Thunder|p2a: Greninja\n|-supereffective|p2a: Greninja\n|-damage|p2a: Greninja|0 fnt\n|faint|p2a: Greninja\n|\n|-weather|RainDance|[upkeep]\n|upkeep\n|\n|t:|1699581439\n|switch|p2a: Kommo-o|Kommo-o, F|100\/100\n|turn|3\n|\n|t:|1699581456\n|-terastallize|p2a: Kommo-o|Steel\n|move|p2b: Iron Hands|Fake Out|p1a: Tornadus\n|-damage|p1a: Tornadus|4\/100\n|move|p1b: Flutter Mane|Dazzling Gleam|p2b: Iron Hands|[spread] p2a,p2b\n|-resisted|p2a: Kommo-o\n|-supereffective|p2b: Iron Hands\n|-damage|p2a: Kommo-o|85\/100\n|-damage|p2b: Iron Hands|68\/100\n|move|p2a: Kommo-o|Flash Cannon|p1b: Flutter Mane\n|-supereffective|p1b: Flutter Mane\n|-damage|p1b: Flutter Mane|53\/100\n|cant|p1a: Tornadus|flinch\n|\n|-weather|RainDance|[upkeep]\n|upkeep\n|turn|4\n|\n|t:|1699581472\n|move|p1a: Tornadus|Tailwind|p1a: Tornadus\n|-sidestart|p1: cotesmcgotes|move: Tailwind\n|move|p1b: Flutter Mane|Mystical Fire|p2a: Kommo-o\n|-supereffective|p2a: Kommo-o\n|-damage|p2a: Kommo-o|55\/100\n|-unboost|p2a: Kommo-o|spa|1\n|move|p2a: Kommo-o|Flash Cannon|p1b: Flutter Mane\n|-supereffective|p1b: Flutter Mane\n|-damage|p1b: Flutter Mane|19\/100\n|-unboost|p1b: Flutter Mane|spd|1\n|move|p2b: Iron Hands|Wild Charge|p1a: Tornadus\n|-supereffective|p1a: Tornadus\n|-damage|p1a: Tornadus|0 fnt\n|faint|p1a: Tornadus\n|-damage|p2b: Iron Hands|67\/100|[from] Recoil\n|\n|-weather|RainDance|[upkeep]\n|upkeep\n|inactive|cotesmcgotes has 120 seconds left.\n|\n|t:|1699581498\n|switch|p1a: Overqwil|Overqwil, M|100\/100\n|turn|5\n|\n|t:|1699581507\n|-end|p2b: Iron Hands|Quark Drive|[silent]\n|switch|p2b: Sinistcha|Sinistcha|100\/100\n|-heal|p2a: Kommo-o|80\/100|[from] ability: Hospitality|[of] p2b: Sinistcha\n|move|p1a: Overqwil|Toxic Spikes|p2a: Kommo-o\n|-sidestart|p2: LeotoBrilloVT|move: Toxic Spikes\n|move|p1b: Flutter Mane|Mystical Fire|p2a: Kommo-o\n|-supereffective|p2a: Kommo-o\n|-damage|p2a: Kommo-o|54\/100\n|-unboost|p2a: Kommo-o|spa|1\n|move|p2a: Kommo-o|Flash Cannon|p1b: Flutter Mane\n|-supereffective|p1b: Flutter Mane\n|-damage|p1b: Flutter Mane|0 fnt\n|faint|p1b: Flutter Mane\n|-end|p1b: Flutter Mane|Protosynthesis|[silent]\n|\n|-weather|RainDance|[upkeep]\n|upkeep\n|\n|t:|1699581518\n|switch|p1b: Cresselia|Cresselia, F, shiny|100\/100\n|turn|6\n|\n|t:|1699581534\n|switch|p2a: Clefairy|Clefairy, F|100\/100\n|-status|p2a: Clefairy|psn\n|-terastallize|p1b: Cresselia|Electric\n|move|p1a: Overqwil|Acupressure|p1b: Cresselia\n|-boost|p1b: Cresselia|spa|2\n|move|p1b: Cresselia|Calm Mind|p1b: Cresselia\n|-boost|p1b: Cresselia|spa|1\n|-boost|p1b: Cresselia|spd|1\n|move|p2b: Sinistcha|Calm Mind|p2b: Sinistcha\n|-boost|p2b: Sinistcha|spa|1\n|-boost|p2b: Sinistcha|spd|1\n|\n|-weather|RainDance|[upkeep]\n|-damage|p2a: Clefairy|88\/100 psn|[from] psn\n|upkeep\n|turn|7\n|\n|t:|1699581551\n|switch|p2a: Kommo-o|Kommo-o, F, tera:Steel|54\/100\n|move|p1a: Overqwil|Barb Barrage|p2a: Kommo-o\n|-immune|p2a: Kommo-o\n|move|p1b: Cresselia|Stored Power|p2b: Sinistcha\n|-damage|p2b: Sinistcha|37\/100\n|move|p2b: Sinistcha|Calm Mind|p2b: Sinistcha\n|-boost|p2b: Sinistcha|spa|1\n|-boost|p2b: Sinistcha|spd|1\n|\n|-weather|RainDance|[upkeep]\n|-sideend|p1: cotesmcgotes|move: Tailwind\n|upkeep\n|turn|8\n|\n|t:|1699581567\n|move|p1a: Overqwil|Acupressure|p1b: Cresselia\n|-boost|p1b: Cresselia|spa|2\n|move|p2a: Kommo-o|Clangorous Soul|p2a: Kommo-o\n|-boost|p2a: Kommo-o|atk|1\n|-boost|p2a: Kommo-o|def|1\n|-boost|p2a: Kommo-o|spa|1\n|-boost|p2a: Kommo-o|spd|1\n|-boost|p2a: Kommo-o|spe|1\n|-damage|p2a: Kommo-o|22\/100\n|-enditem|p2a: Kommo-o|Throat Spray\n|-boost|p2a: Kommo-o|spa|1|[from] item: Throat Spray\n|move|p1b: Cresselia|Stored Power|p2b: Sinistcha\n|-damage|p2b: Sinistcha|0 fnt\n|faint|p2b: Sinistcha\n|\n|-weather|RainDance|[upkeep]\n|upkeep\n|\n|t:|1699581579\n|switch|p2b: Clefairy|Clefairy, F|88\/100 psn\n|turn|9\n|\n|t:|1699581589\n|move|p2b: Clefairy|Helping Hand|p2a: Kommo-o\n|-singleturn|p2a: Kommo-o|Helping Hand|[of] p2b: Clefairy\n|move|p1a: Overqwil|Barb Barrage|p2b: Clefairy\n|-supereffective|p2b: Clefairy\n|-damage|p2b: Clefairy|0 fnt\n|faint|p2b: Clefairy\n|move|p2a: Kommo-o|Clanging Scales|p1b: Cresselia|[spread] p1a,p1b\n|-damage|p1a: Overqwil|0 fnt\n|-damage|p1b: Cresselia|55\/100\n|faint|p1a: Overqwil\n|-unboost|p2a: Kommo-o|def|1\n|move|p1b: Cresselia|Stored Power|p2a: Kommo-o\n|-resisted|p2a: Kommo-o\n|-damage|p2a: Kommo-o|0 fnt\n|faint|p2a: Kommo-o\n|\n|-weather|none\n|-heal|p1b: Cresselia|61\/100|[from] item: Leftovers\n|upkeep\n|\n|t:|1699581603\n|switch|p1a: Amoonguss|Amoonguss, M, shiny|100\/100\n|switch|p2a: Landorus|Landorus-Therian, M|100\/100\n|switch|p2b: Iron Hands|Iron Hands|67\/100\n|-ability|p2a: Landorus|Intimidate|boost\n|-unboost|p1a: Amoonguss|atk|1\n|-unboost|p1b: Cresselia|atk|1\n|-status|p2b: Iron Hands|psn\n|turn|10\n|\n|t:|1699581621\n|move|p2b: Iron Hands|Fake Out|p1a: Amoonguss\n|-damage|p1a: Amoonguss|86\/100\n|move|p2a: Landorus|Stomping Tantrum|p1b: Cresselia\n|-immune|p1b: Cresselia|[from] ability: Levitate\n|move|p1b: Cresselia|Stored Power|p2b: Iron Hands\n|-supereffective|p2b: Iron Hands\n|-damage|p2b: Iron Hands|0 fnt\n|faint|p2b: Iron Hands\n|-end|p2b: Iron Hands|Quark Drive|[silent]\n|cant|p1a: Amoonguss|flinch\n|\n|-heal|p1b: Cresselia|67\/100|[from] item: Leftovers\n|upkeep\n|turn|11\n|-message|LeotoBrilloVT forfeited.\n|\n|win|cotesmcgotes\n|raw|cotesmcgotes's rating: 1297 &rarr; <strong>1327<\/strong><br \/>(+30 for winning)\n|raw|LeotoBrilloVT's rating: 1367 &rarr; <strong>1343<\/strong><br \/>(-24 for losing)\n|l|\u2606LeotoBrilloVT\n","uploadtime":1699581633,"views":6,"p1id":"cotesmcgotes","p2id":"leotobrillovt","formatid":"gen9doublesou","rating":1327,"private":0,"password":""}