{"id":"gen9doublesou-1980798951","p1":"JohnTheFort","p2":"Use Guard Specs","format":"[Gen 9] Doubles OU","log":"|j|\u2606JohnTheFort\n|j|\u2606Use Guard Specs\n|inactive|Battle timer is ON: inactive players will automatically lose when time's up.\n|t:|1698835074\n|gametype|doubles\n|player|p1|JohnTheFort|169|\n|player|p2|Use Guard Specs|scientist-gen4dp|\n|teamsize|p1|6\n|teamsize|p2|6\n|gen|9\n|tier|[Gen 9] Doubles OU\n|rated|Tournament battle\n|rule|Species Clause: Limit one of each Pok\u00e9mon\n|rule|OHKO Clause: OHKO moves are banned\n|rule|Evasion Moves Clause: Evasion moves are banned\n|rule|Gravity Sleep Clause: The combination of sleep-inducing moves with imperfect accuracy and Gravity or Gigantamax Orbeetle are banned\n|rule|Endless Battle Clause: Forcing endless battles is banned\n|rule|HP Percentage Mod: HP is shown in percentages\n|clearpoke\n|poke|p1|Cinderace, F|\n|poke|p1|Magneton|\n|poke|p1|Shellos, F|\n|poke|p1|Munchlax, M|\n|poke|p1|Spinarak, F|\n|poke|p1|Sneasel-Hisui, M|\n|poke|p2|Vullaby, F|\n|poke|p2|Dugtrio, M|\n|poke|p2|Foongus, M|\n|poke|p2|Dragalge, M|\n|poke|p2|Sandshrew, F|\n|poke|p2|Axew, M|\n|teampreview\n|j|*Lady Monita \u263d\n|inactive|JohnTheFort also wants the timer to be on.\n|\n|t:|1698835103\n|start\n|switch|p1a: Spinarak|Spinarak, F|100\/100\n|switch|p1b: Shellos|Shellos, F|100\/100\n|switch|p2a: Sandshrew|Sandshrew, F|100\/100\n|switch|p2b: Foongus|Foongus, M|100\/100\n|turn|1\n|\n|t:|1698835115\n|move|p2a: Sandshrew|Stealth Rock|p1b: Shellos\n|-sidestart|p1: JohnTheFort|move: Stealth Rock\n|move|p1b: Shellos|Icy Wind|p2b: Foongus|[spread] p2a,p2b\n|-supereffective|p2a: Sandshrew\n|-supereffective|p2b: Foongus\n|-damage|p2a: Sandshrew|57\/100\n|-damage|p2b: Foongus|86\/100\n|-unboost|p2a: Sandshrew|spe|1\n|-unboost|p2b: Foongus|spe|1\n|move|p1a: Spinarak|Toxic Spikes|p2b: Foongus\n|-sidestart|p2: Use Guard Specs|move: Toxic Spikes\n|move|p2b: Foongus|Spore|p1b: Shellos\n|-status|p1b: Shellos|slp|[from] move: Spore\n|\n|upkeep\n|turn|2\n|\n|t:|1698835138\n|move|p2a: Sandshrew|Knock Off|p1a: Spinarak\n|-damage|p1a: Spinarak|61\/100\n|-enditem|p1a: Spinarak|Eviolite|[from] move: Knock Off|[of] p2a: Sandshrew\n|cant|p1b: Shellos|slp\n|move|p1a: Spinarak|Toxic Spikes|p2b: Foongus\n|-sidestart|p2: Use Guard Specs|move: Toxic Spikes\n|move|p2b: Foongus|Sludge Bomb|p1b: Shellos\n|-damage|p1b: Shellos|81\/100 slp\n|\n|upkeep\n|turn|3\n|\n|t:|1698835157\n|move|p2a: Sandshrew|Knock Off|p1b: Shellos\n|-damage|p1b: Shellos|51\/100 slp\n|-enditem|p1b: Shellos|Eviolite|[from] move: Knock Off|[of] p2a: Sandshrew\n|-curestatus|p1b: Shellos|slp|[msg]\n|move|p1b: Shellos|Icy Wind|p2a: Sandshrew|[spread] p2a,p2b\n|-supereffective|p2a: Sandshrew\n|-supereffective|p2b: Foongus\n|-damage|p2a: Sandshrew|15\/100\n|-damage|p2b: Foongus|74\/100\n|-unboost|p2a: Sandshrew|spe|1\n|-unboost|p2b: Foongus|spe|1\n|move|p1a: Spinarak|Infestation|p2b: Foongus\n|-damage|p2b: Foongus|71\/100\n|-activate|p2b: Foongus|move: Infestation|[of] p1a: Spinarak\n|move|p2b: Foongus|Sludge Bomb|p1a: Spinarak\n|-resisted|p1a: Spinarak\n|-damage|p1a: Spinarak|47\/100\n|\n|-damage|p2b: Foongus|59\/100|[from] move: Infestation|[partiallytrapped]\n|upkeep\n|turn|4\n|\n|t:|1698835178\n|move|p1a: Spinarak|Shadow Sneak|p2b: Foongus\n|-damage|p2b: Foongus|51\/100\n|move|p1b: Shellos|Icy Wind|p2b: Foongus|[spread] p2a,p2b\n|-supereffective|p2a: Sandshrew\n|-supereffective|p2b: Foongus\n|-damage|p2a: Sandshrew|0 fnt\n|-damage|p2b: Foongus|37\/100\n|-unboost|p2b: Foongus|spe|1\n|faint|p2a: Sandshrew\n|move|p2b: Foongus|Spore|p1b: Shellos\n|-status|p1b: Shellos|slp|[from] move: Spore\n|\n|-damage|p2b: Foongus|24\/100|[from] move: Infestation|[partiallytrapped]\n|upkeep\n|\n|t:|1698835184\n|switch|p2a: Dragalge|Dragalge, M|100\/100\n|-sideend|p2: Use Guard Specs|move: Toxic Spikes|[of] p2a: Dragalge\n|turn|5\n|\n|t:|1698835199\n|move|p2b: Foongus|Rage Powder|p2b: Foongus\n|-singleturn|p2b: Foongus|move: Rage Powder\n|move|p2a: Dragalge|Thunderbolt|p1b: Shellos\n|-supereffective|p1b: Shellos\n|-damage|p1b: Shellos|0 fnt\n|faint|p1b: Shellos\n|move|p1a: Spinarak|Toxic Spikes|p2a: Dragalge\n|-sidestart|p2: Use Guard Specs|move: Toxic Spikes\n|\n|-damage|p2b: Foongus|12\/100|[from] move: Infestation|[partiallytrapped]\n|upkeep\n|\n|t:|1698835211\n|switch|p1b: Munchlax|Munchlax, M|100\/100\n|-damage|p1b: Munchlax|88\/100|[from] Stealth Rock\n|turn|6\n|\n|t:|1698835225\n|move|p2a: Dragalge|Draco Meteor|p1b: Munchlax\n|-damage|p1b: Munchlax|42\/100\n|-unboost|p2a: Dragalge|spa|2\n|move|p1a: Spinarak|Infestation|p2a: Dragalge\n|-resisted|p2a: Dragalge\n|-damage|p2a: Dragalge|99\/100\n|-activate|p2a: Dragalge|move: Infestation|[of] p1a: Spinarak\n|move|p1b: Munchlax|Ice Punch|p2a: Dragalge\n|-supereffective|p2a: Dragalge\n|-damage|p2a: Dragalge|51\/100\n|move|p2b: Foongus|Spore|p1b: Munchlax\n|-status|p1b: Munchlax|slp|[from] move: Spore\n|\n|-damage|p2a: Dragalge|39\/100|[from] move: Infestation|[partiallytrapped]\n|-damage|p2b: Foongus|0 fnt|[from] move: Infestation|[partiallytrapped]\n|faint|p2b: Foongus\n|upkeep\n|\n|t:|1698835234\n|switch|p2b: Vullaby|Vullaby, F|100\/100\n|turn|7\n|\n|t:|1698835247\n|move|p2b: Vullaby|Knock Off|p1b: Munchlax\n|-damage|p1b: Munchlax|21\/100 slp\n|-enditem|p1b: Munchlax|Eviolite|[from] move: Knock Off|[of] p2b: Vullaby\n|move|p2a: Dragalge|Thunderbolt|p1a: Spinarak\n|-damage|p1a: Spinarak|24\/100\n|move|p1a: Spinarak|Toxic Spikes|p2a: Dragalge\n|-sidestart|p2: Use Guard Specs|move: Toxic Spikes\n|cant|p1b: Munchlax|slp\n|\n|-damage|p2a: Dragalge|27\/100|[from] move: Infestation|[partiallytrapped]\n|upkeep\n|turn|8\n|\n|t:|1698835271\n|move|p1a: Spinarak|Shadow Sneak|p2a: Dragalge\n|-damage|p2a: Dragalge|19\/100\n|move|p2b: Vullaby|Foul Play|p1a: Spinarak\n|-damage|p1a: Spinarak|0 fnt\n|faint|p1a: Spinarak\n|move|p2a: Dragalge|Draco Meteor|p1b: Munchlax\n|-damage|p1b: Munchlax|0 fnt\n|-unboost|p2a: Dragalge|spa|2\n|faint|p1b: Munchlax\n|\n|-end|p2a: Dragalge|Infestation|[partiallytrapped]|[silent]\n|upkeep\n|\n|t:|1698835286\n|switch|p1a: Cinderace|Cinderace, F|100\/100\n|switch|p1b: Magneton|Magneton|100\/100\n|-damage|p1a: Cinderace|76\/100|[from] Stealth Rock\n|-damage|p1b: Magneton|95\/100|[from] Stealth Rock\n|turn|9\n|\n|t:|1698835315\n|switch|p2a: Axew|Axew, M|100\/100\n|-status|p2a: Axew|tox\n|-ability|p2a: Axew|Mold Breaker\n|-terastallize|p2b: Vullaby|Dark\n|move|p1a: Cinderace|Pyro Ball|p2b: Vullaby|[miss]\n|-miss|p1a: Cinderace|p2b: Vullaby\n|move|p1b: Magneton|Flash Cannon|p2a: Axew\n|-damage|p2a: Axew|16\/100 tox\n|move|p2b: Vullaby|Knock Off|p1a: Cinderace\n|-damage|p1a: Cinderace|34\/100\n|-enditem|p1a: Cinderace|Life Orb|[from] move: Knock Off|[of] p2b: Vullaby\n|\n|-damage|p2a: Axew|10\/100 tox|[from] psn\n|upkeep\n|turn|10\n|j| Firing_J\n|inactive|JohnTheFort has 120 seconds left.\n|\n|t:|1698835370\n|move|p2a: Axew|First Impression|p1a: Cinderace\n|-resisted|p1a: Cinderace\n|-damage|p1a: Cinderace|16\/100\n|move|p1a: Cinderace|High Jump Kick|p2b: Vullaby\n|-start|p1a: Cinderace|typechange|Fighting|[from] ability: Libero\n|-supereffective|p2b: Vullaby\n|-damage|p2b: Vullaby|31\/100\n|move|p1b: Magneton|Light Screen|p1b: Magneton\n|-sidestart|p1: JohnTheFort|move: Light Screen\n|move|p2b: Vullaby|Knock Off|p1b: Magneton\n|-damage|p1b: Magneton|73\/100\n|-enditem|p1b: Magneton|Eviolite|[from] move: Knock Off|[of] p2b: Vullaby\n|\n|-damage|p2a: Axew|0 fnt|[from] psn\n|faint|p2a: Axew\n|upkeep\n|\n|t:|1698835384\n|switch|p2a: Dugtrio|Dugtrio, M|100\/100\n|-status|p2a: Dugtrio|tox\n|turn|11\n|inactive|JohnTheFort has 120 seconds left.\n|\n|t:|1698835399\n|move|p2a: Dugtrio|Earthquake|p1b: Magneton|[spread] p2b,p1a,p1b\n|-supereffective|p1b: Magneton\n|-damage|p2b: Vullaby|12\/100\n|-damage|p1a: Cinderace|0 fnt\n|-damage|p1b: Magneton|0 fnt\n|faint|p1a: Cinderace\n|faint|p1b: Magneton\n|move|p2b: Vullaby|Knock Off|p1: Cinderace|[notarget]\n|-fail|p2b: Vullaby\n|\n|-damage|p2a: Dugtrio|94\/100 tox|[from] psn\n|upkeep\n|\n|t:|1698835423\n|switch|p1b: Sneasel|Sneasel-Hisui, M|100\/100\n|-damage|p1b: Sneasel|95\/100|[from] Stealth Rock\n|turn|12\n|inactive|JohnTheFort has 120 seconds left.\n|-message|JohnTheFort forfeited.\n|\n|win|Use Guard Specs\n|n|\u2606JohnTheFort|johnthefort\n|n|\u2606Use Guard Specs|useguardspecs\n|n|*Lady Monita \u263d|ladymonita\n|n| Firing_J|firingj\n","uploadtime":1698835434,"views":22,"p1id":"johnthefort","p2id":"useguardspecs","formatid":"gen9doublesou","rating":0,"private":0,"password":""}