{"id":"gen9doublesou-1985732606","p1":"Bugcatcher1045","p2":"Mr PotatoSheep","format":"[Gen 9] Doubles OU","log":"|j|\u2606Bugcatcher1045\n|j|\u2606Mr PotatoSheep\n|t:|1699400397\n|gametype|doubles\n|player|p1|Bugcatcher1045|rocket-gen1rb|1482\n|player|p2|Mr PotatoSheep|battlegirl-gen4|1487\n|teamsize|p1|6\n|teamsize|p2|6\n|gen|9\n|tier|[Gen 9] Doubles OU\n|rated|\n|rule|Species Clause: Limit one of each Pok\u00e9mon\n|rule|OHKO Clause: OHKO moves are banned\n|rule|Evasion Moves Clause: Evasion moves are banned\n|rule|Gravity Sleep Clause: The combination of sleep-inducing moves with imperfect accuracy and Gravity or Gigantamax Orbeetle are banned\n|rule|Endless Battle Clause: Forcing endless battles is banned\n|rule|HP Percentage Mod: HP is shown in percentages\n|clearpoke\n|poke|p1|Florges, F|\n|poke|p1|Meowscarada, F|\n|poke|p1|Goodra-Hisui, M|\n|poke|p1|Golduck, F|\n|poke|p1|Sinistcha|\n|poke|p1|Kommo-o, F|\n|poke|p2|Glimmora, F|\n|poke|p2|Sneasler, F|\n|poke|p2|Flutter Mane|\n|poke|p2|Iron Moth|\n|poke|p2|Ursaluna, F|\n|poke|p2|Farigiraf, F|\n|teampreview\n|\n|t:|1699400423\n|start\n|switch|p1a: Meowscarada|Meowscarada, F|100\/100\n|switch|p1b: Goodra|Goodra-Hisui, M|100\/100\n|switch|p2a: Glimmora|Glimmora, F|100\/100\n|switch|p2b: Sneasler|Sneasler, F|100\/100\n|turn|1\n|\n|t:|1699400435\n|move|p2b: Sneasler|Fake Out|p1b: Goodra\n|-enditem|p2b: Sneasler|Normal Gem|[from] gem\n|-resisted|p1b: Goodra\n|-damage|p1b: Goodra|90\/100\n|move|p1a: Meowscarada|Petal Blizzard|p2a: Glimmora|[spread] p2a,p2b\n|-ability|p1b: Goodra|Sap Sipper|boost\n|-boost|p1b: Goodra|atk|1\n|-resisted|p2b: Sneasler\n|-damage|p2a: Glimmora|59\/100\n|-damage|p2b: Sneasler|74\/100\n|-activate|p2a: Glimmora|ability: Toxic Debris\n|-sidestart|p1: Bugcatcher1045|move: Toxic Spikes\n|move|p2a: Glimmora|Toxic Spikes|p1b: Goodra\n|-sidestart|p1: Bugcatcher1045|move: Toxic Spikes\n|cant|p1b: Goodra|flinch\n|\n|upkeep\n|turn|2\n|\n|t:|1699400473\n|-terastallize|p1b: Goodra|Flying\n|move|p2a: Glimmora|Spiky Shield|p2a: Glimmora\n|-singleturn|p2a: Glimmora|move: Protect\n|move|p2b: Sneasler|Close Combat|p1b: Goodra\n|-resisted|p1b: Goodra\n|-damage|p1b: Goodra|56\/100\n|-unboost|p2b: Sneasler|def|1\n|-unboost|p2b: Sneasler|spd|1\n|move|p1a: Meowscarada|Petal Blizzard|p2b: Sneasler|[spread] p2b\n|-activate|p2a: Glimmora|move: Protect\n|-ability|p1b: Goodra|Sap Sipper|boost\n|-boost|p1b: Goodra|atk|1\n|-resisted|p2b: Sneasler\n|-damage|p2b: Sneasler|37\/100\n|move|p1b: Goodra|Dragon Tail|p2b: Sneasler\n|-damage|p2b: Sneasler|0 fnt\n|faint|p2b: Sneasler\n|-damage|p1b: Goodra|46\/100|[from] item: Life Orb\n|\n|upkeep\n|j| Powerman103\n|\n|t:|1699400504\n|switch|p2b: Flutter Mane|Flutter Mane|100\/100\n|-enditem|p2b: Flutter Mane|Booster Energy\n|-activate|p2b: Flutter Mane|ability: Protosynthesis|[fromitem]\n|-start|p2b: Flutter Mane|protosynthesisspe\n|turn|3\n|\n|t:|1699400538\n|-terastallize|p2b: Flutter Mane|Fairy\n|move|p1a: Meowscarada|Sucker Punch|p2b: Flutter Mane\n|-resisted|p2b: Flutter Mane\n|-damage|p2b: Flutter Mane|65\/100\n|move|p2b: Flutter Mane|Dazzling Gleam|p1a: Meowscarada|[spread] p1a,p1b\n|-supereffective|p1a: Meowscarada\n|-enditem|p1a: Meowscarada|Focus Sash\n|-damage|p1a: Meowscarada|1\/100\n|-damage|p1b: Goodra|18\/100\n|move|p2a: Glimmora|Power Gem|p1b: Goodra\n|-supereffective|p1b: Goodra\n|-damage|p1b: Goodra|0 fnt\n|faint|p1b: Goodra\n|\n|upkeep\n|\n|t:|1699400554\n|switch|p1b: Florges|Florges, F|100\/100\n|-status|p1b: Florges|tox\n|turn|4\n|\n|t:|1699400574\n|move|p2b: Flutter Mane|Protect|p2b: Flutter Mane\n|-singleturn|p2b: Flutter Mane|Protect\n|move|p2a: Glimmora|Spiky Shield|p2a: Glimmora\n|-singleturn|p2a: Glimmora|move: Protect\n|move|p1a: Meowscarada|Sucker Punch||[still]\n|-fail|p1a: Meowscarada\n|move|p1b: Florges|Moonblast|p2b: Flutter Mane\n|-activate|p2b: Flutter Mane|move: Protect\n|\n|-damage|p1b: Florges|94\/100 tox|[from] psn\n|upkeep\n|turn|5\n|inactive|Battle timer is ON: inactive players will automatically lose when time's up. (requested by Bugcatcher1045)\n|\n|t:|1699400595\n|-end|p2b: Flutter Mane|Protosynthesis|[silent]\n|switch|p2b: Farigiraf|Farigiraf, F|100\/100\n|move|p1a: Meowscarada|Sucker Punch||[still]\n|cant|p2b: Farigiraf|ability: Armor Tail|Sucker Punch|[of] p1a: Meowscarada\n|move|p2a: Glimmora|Power Gem|p1a: Meowscarada\n|-damage|p1a: Meowscarada|0 fnt\n|faint|p1a: Meowscarada\n|move|p1b: Florges|Pollen Puff|p1: Meowscarada|[notarget]\n|-fail|p1b: Florges\n|\n|-damage|p1b: Florges|82\/100 tox|[from] psn\n|upkeep\n|\n|t:|1699400603\n|switch|p1a: Kommo-o|Kommo-o, F|100\/100\n|-status|p1a: Kommo-o|tox\n|turn|6\n|\n|t:|1699400627\n|move|p2a: Glimmora|Power Gem|p1b: Florges\n|-damage|p1b: Florges|54\/100 tox\n|move|p1a: Kommo-o|Clangorous Soul|p1a: Kommo-o\n|-boost|p1a: Kommo-o|atk|1\n|-boost|p1a: Kommo-o|def|1\n|-boost|p1a: Kommo-o|spa|1\n|-boost|p1a: Kommo-o|spd|1\n|-boost|p1a: Kommo-o|spe|1\n|-damage|p1a: Kommo-o|68\/100 tox\n|-enditem|p1a: Kommo-o|Throat Spray\n|-boost|p1a: Kommo-o|spa|1|[from] item: Throat Spray\n|move|p1b: Florges|Pollen Puff|p1a: Kommo-o\n|-heal|p1a: Kommo-o|100\/100 tox\n|move|p2b: Farigiraf|Psychic|p1a: Kommo-o\n|-supereffective|p1a: Kommo-o\n|-damage|p1a: Kommo-o|59\/100 tox\n|\n|-damage|p1a: Kommo-o|53\/100 tox|[from] psn\n|-damage|p1b: Florges|35\/100 tox|[from] psn\n|upkeep\n|turn|7\n|inactive|Bugcatcher1045 has 120 seconds left.\n|\n|t:|1699400667\n|move|p2a: Glimmora|Spiky Shield|p2a: Glimmora\n|-singleturn|p2a: Glimmora|move: Protect\n|move|p1a: Kommo-o|Clanging Scales|p2b: Farigiraf|[spread] p2b\n|-activate|p2a: Glimmora|move: Protect\n|-damage|p2b: Farigiraf|62\/100\n|-unboost|p1a: Kommo-o|def|1\n|move|p1b: Florges|Pollen Puff|p1a: Kommo-o\n|-heal|p1a: Kommo-o|100\/100 tox\n|move|p2b: Farigiraf|Light Screen|p2b: Farigiraf\n|-sidestart|p2: Mr PotatoSheep|move: Light Screen\n|\n|-damage|p1a: Kommo-o|88\/100 tox|[from] psn\n|-damage|p1b: Florges|11\/100 tox|[from] psn\n|upkeep\n|turn|8\n|\n|t:|1699400695\n|move|p2b: Farigiraf|Protect|p2b: Farigiraf\n|-singleturn|p2b: Farigiraf|Protect\n|move|p1a: Kommo-o|Clangorous Soul|p1a: Kommo-o\n|-boost|p1a: Kommo-o|atk|1\n|-boost|p1a: Kommo-o|def|1\n|-boost|p1a: Kommo-o|spa|1\n|-boost|p1a: Kommo-o|spd|1\n|-boost|p1a: Kommo-o|spe|1\n|-damage|p1a: Kommo-o|55\/100 tox\n|move|p2a: Glimmora|Power Gem|p1a: Kommo-o\n|-resisted|p1a: Kommo-o\n|-damage|p1a: Kommo-o|45\/100 tox\n|move|p1b: Florges|Pollen Puff|p1a: Kommo-o\n|-heal|p1a: Kommo-o|95\/100 tox\n|\n|-damage|p1a: Kommo-o|76\/100 tox|[from] psn\n|-damage|p1b: Florges|0 fnt|[from] psn\n|faint|p1b: Florges\n|upkeep\n|inactive|Bugcatcher1045 has 120 seconds left.\n|\n|t:|1699400718\n|switch|p1b: Golduck|Golduck, F|100\/100\n|-status|p1b: Golduck|tox\n|-ability|p1b: Golduck|Cloud Nine\n|turn|9\n|\n|t:|1699400729\n|move|p2a: Glimmora|Spiky Shield|p2a: Glimmora\n|-singleturn|p2a: Glimmora|move: Protect\n|move|p1a: Kommo-o|Clanging Scales|p2a: Glimmora|[spread] p2b\n|-activate|p2a: Glimmora|move: Protect\n|-damage|p2b: Farigiraf|28\/100\n|-unboost|p1a: Kommo-o|def|1\n|move|p1b: Golduck|Psych Up|p1a: Kommo-o\n|-copyboost|p1b: Golduck|p1a: Kommo-o|[from] move: Psych Up\n|move|p2b: Farigiraf|Psychic|p1a: Kommo-o\n|-supereffective|p1a: Kommo-o\n|-damage|p1a: Kommo-o|43\/100 tox\n|\n|-damage|p1a: Kommo-o|19\/100 tox|[from] psn\n|-damage|p1b: Golduck|94\/100 tox|[from] psn\n|upkeep\n|turn|10\n|\n|t:|1699400747\n|move|p2b: Farigiraf|Protect|p2b: Farigiraf\n|-singleturn|p2b: Farigiraf|Protect\n|move|p1a: Kommo-o|Clanging Scales|p2b: Farigiraf|[spread] p2a\n|-activate|p2b: Farigiraf|move: Protect\n|-crit|p2a: Glimmora\n|-damage|p2a: Glimmora|0 fnt\n|faint|p2a: Glimmora\n|-unboost|p1a: Kommo-o|def|1\n|move|p1b: Golduck|Psychic|p2b: Farigiraf\n|-activate|p2b: Farigiraf|move: Protect\n|\n|-heal|p1b: Golduck|100\/100 tox|[from] item: Leftovers\n|-damage|p1a: Kommo-o|0 fnt|[from] psn\n|faint|p1a: Kommo-o\n|-damage|p1b: Golduck|88\/100 tox|[from] psn\n|upkeep\n|inactive|Mr PotatoSheep has 120 seconds left.\n|\n|t:|1699400781\n|switch|p2a: Ursaluna|Ursaluna, F|100\/100\n|switch|p1a: Sinistcha|Sinistcha|100\/100\n|-heal|p1b: Golduck|100\/100 tox|[from] ability: Hospitality|[of] p1a: Sinistcha\n|turn|11\n|\n|t:|1699400798\n|switch|p2b: Iron Moth|Iron Moth|100\/100\n|-enditem|p2b: Iron Moth|Booster Energy\n|-activate|p2b: Iron Moth|ability: Quark Drive|[fromitem]\n|-start|p2b: Iron Moth|quarkdrivespa\n|move|p2a: Ursaluna|Protect|p2a: Ursaluna\n|-singleturn|p2a: Ursaluna|Protect\n|move|p1b: Golduck|Ice Beam|p2b: Iron Moth\n|-resisted|p2b: Iron Moth\n|-damage|p2b: Iron Moth|82\/100\n|move|p1a: Sinistcha|Matcha Gotcha|p2b: Iron Moth|[spread] \n|-activate|p2a: Ursaluna|move: Protect\n|-miss|p1a: Sinistcha|p2b: Iron Moth\n|\n|-damage|p1b: Golduck|82\/100 tox|[from] psn\n|-status|p2a: Ursaluna|brn|[from] item: Flame Orb\n|upkeep\n|turn|12\n|\n|t:|1699400826\n|move|p1b: Golduck|Hydro Pump|p2a: Ursaluna\n|-supereffective|p2a: Ursaluna\n|-damage|p2a: Ursaluna|0 fnt\n|faint|p2a: Ursaluna\n|move|p2b: Iron Moth|Energy Ball|p1b: Golduck\n|-supereffective|p1b: Golduck\n|-damage|p1b: Golduck|29\/100 tox\n|move|p1a: Sinistcha|Matcha Gotcha|p2b: Iron Moth\n|-resisted|p2b: Iron Moth\n|-damage|p2b: Iron Moth|75\/100\n|\n|-heal|p1b: Golduck|35\/100 tox|[from] item: Leftovers\n|-damage|p1b: Golduck|11\/100 tox|[from] psn\n|upkeep\n|inactive|Mr PotatoSheep has 120 seconds left.\n|\n|t:|1699400845\n|switch|p2a: Farigiraf|Farigiraf, F|28\/100\n|turn|13\n|inactive|Mr PotatoSheep has 120 seconds left.\n|\n|t:|1699400870\n|move|p2b: Iron Moth|Protect|p2b: Iron Moth\n|-singleturn|p2b: Iron Moth|Protect\n|move|p2a: Farigiraf|Protect|p2a: Farigiraf\n|-singleturn|p2a: Farigiraf|Protect\n|move|p1b: Golduck|Hydro Pump|p2b: Iron Moth\n|-activate|p2b: Iron Moth|move: Protect\n|move|p1a: Sinistcha|Imprison|p1a: Sinistcha\n|-start|p1a: Sinistcha|move: Imprison\n|\n|-heal|p1b: Golduck|17\/100 tox|[from] item: Leftovers\n|-damage|p1b: Golduck|0 fnt|[from] psn\n|faint|p1b: Golduck\n|upkeep\n|turn|14\n|inactive|Mr PotatoSheep has 120 seconds left.\n|\n|t:|1699400893\n|move|p2b: Iron Moth|Fiery Dance|p1a: Sinistcha\n|-supereffective|p1a: Sinistcha\n|-damage|p1a: Sinistcha|0 fnt\n|faint|p1a: Sinistcha\n|\n|win|Mr PotatoSheep\n|raw|Bugcatcher1045's rating: 1458 &rarr; <strong>1440<\/strong><br \/>(-18 for losing)\n|raw|Mr PotatoSheep's rating: 1487 &rarr; <strong>1505<\/strong><br \/>(+18 for winning)\n|l|\u2606Bugcatcher1045\n","uploadtime":1699400903,"views":8,"p1id":"bugcatcher1045","p2id":"mrpotatosheep","formatid":"gen9doublesou","rating":1440,"private":0,"password":""}