{"id":"gen9doublesou-1980812565","p1":"coolguyslim21","p2":"RocketsViability","format":"[Gen 9] Doubles OU","log":"|j|\u2606coolguyslim21\n|j|\u2606RocketsViability\n|t:|1698837275\n|gametype|doubles\n|player|p1|coolguyslim21|jasmine-masters2|1067\n|player|p2|RocketsViability|1|1134\n|teamsize|p1|6\n|teamsize|p2|6\n|gen|9\n|tier|[Gen 9] Doubles OU\n|rated|\n|rule|Species Clause: Limit one of each Pok\u00e9mon\n|rule|OHKO Clause: OHKO moves are banned\n|rule|Evasion Moves Clause: Evasion moves are banned\n|rule|Gravity Sleep Clause: The combination of sleep-inducing moves with imperfect accuracy and Gravity or Gigantamax Orbeetle are banned\n|rule|Endless Battle Clause: Forcing endless battles is banned\n|rule|HP Percentage Mod: HP is shown in percentages\n|clearpoke\n|poke|p1|Flutter Mane|\n|poke|p1|Glimmora, M|\n|poke|p1|Amoonguss, M|\n|poke|p1|Ogerpon-Wellspring, F|\n|poke|p1|Landorus-Therian, M|\n|poke|p1|Iron Hands|\n|poke|p2|Ninetales-Alola, F|\n|poke|p2|Trevenant, F|\n|poke|p2|Goodra-Hisui, M|\n|poke|p2|Sandslash-Alola, M|\n|poke|p2|Torterra, M|\n|poke|p2|Empoleon, F|\n|teampreview\n|inactive|Battle timer is ON: inactive players will automatically lose when time's up. (requested by coolguyslim21)\n|\n|t:|1698837285\n|start\n|switch|p1a: Bellossom and|Amoonguss, M, shiny|100\/100\n|switch|p1b: Glimmora|Glimmora, M|100\/100\n|switch|p2a: Trevenant|Trevenant, F|100\/100\n|switch|p2b: Torterra|Torterra, M|100\/100\n|turn|1\n|\n|t:|1698837304\n|move|p1a: Bellossom and|Rage Powder|p1a: Bellossom and\n|-singleturn|p1a: Bellossom and|move: Rage Powder\n|move|p1b: Glimmora|Spikes|p2b: Torterra\n|-sidestart|p2: RocketsViability|Spikes\n|move|p2b: Torterra|Shell Smash|p2b: Torterra\n|-unboost|p2b: Torterra|def|1\n|-unboost|p2b: Torterra|spd|1\n|-boost|p2b: Torterra|atk|2\n|-boost|p2b: Torterra|spa|2\n|-boost|p2b: Torterra|spe|2\n|move|p2a: Trevenant|Disable|p1b: Glimmora\n|-start|p1b: Glimmora|Disable|Spikes\n|\n|upkeep\n|turn|2\n|\n|t:|1698837333\n|move|p1b: Glimmora|Spiky Shield|p1b: Glimmora\n|-singleturn|p1b: Glimmora|move: Protect\n|move|p2a: Trevenant|Ally Switch|p2a: Trevenant\n|swap|p2a: Trevenant|1|[from] move: Ally Switch\n|move|p2a: Torterra|Rock Blast|p1a: Bellossom and\n|-damage|p1a: Bellossom and|85\/100\n|-damage|p1a: Bellossom and|72\/100\n|-damage|p1a: Bellossom and|59\/100\n|-damage|p1a: Bellossom and|45\/100\n|-damage|p1a: Bellossom and|30\/100\n|-hitcount|p1a: Bellossom and|5\n|move|p1a: Bellossom and|Clear Smog|p2b: Trevenant\n|-damage|p2b: Trevenant|88\/100\n|-clearboost|p2b: Trevenant\n|\n|upkeep\n|turn|3\n|c|\u2606coolguyslim21|nice switch\\\n|\n|t:|1698837355\n|move|p1a: Bellossom and|Protect|p1a: Bellossom and\n|-singleturn|p1a: Bellossom and|Protect\n|move|p2a: Torterra|Rock Blast|p1a: Bellossom and\n|-activate|p1a: Bellossom and|move: Protect\n|move|p1b: Glimmora|Mortal Spin|p2a: Torterra|[spread] p2a,p2b\n|-damage|p2a: Torterra|94\/100\n|-damage|p2b: Trevenant|83\/100\n|-status|p2a: Torterra|psn\n|-status|p2b: Trevenant|psn\n|move|p2b: Trevenant|Disable|p1a: Bellossom and\n|-activate|p1a: Bellossom and|move: Protect\n|\n|-damage|p2a: Torterra|81\/100 psn|[from] psn\n|-damage|p2b: Trevenant|71\/100 psn|[from] psn\n|upkeep\n|turn|4\n|\n|t:|1698837391\n|move|p1b: Glimmora|Spiky Shield|p1b: Glimmora\n|-singleturn|p1b: Glimmora|move: Protect\n|move|p2a: Torterra|Rock Blast|p1a: Bellossom and\n|-damage|p1a: Bellossom and|16\/100\n|-damage|p1a: Bellossom and|3\/100\n|-damage|p1a: Bellossom and|0 fnt\n|faint|p1a: Bellossom and\n|-hitcount|p1: Bellossom and|3\n|move|p2b: Trevenant|Horn Leech|p1b: Glimmora\n|-activate|p1b: Glimmora|move: Protect\n|-damage|p2b: Trevenant|59\/100 psn|[from] Spiky Shield|[of] p1b: Glimmora\n|\n|-damage|p2a: Torterra|69\/100 psn|[from] psn\n|-damage|p2b: Trevenant|46\/100 psn|[from] psn\n|upkeep\n|-enditem|p2b: Trevenant|Sitrus Berry|[eat]\n|-heal|p2b: Trevenant|71\/100 psn|[from] item: Sitrus Berry\n|inactive|coolguyslim21 has 120 seconds left.\n|\n|t:|1698837418\n|switch|p1a: Iron Fellow|Iron Hands|100\/100\n|turn|5\n|inactive|coolguyslim21 has 120 seconds left.\n|\n|t:|1698837437\n|move|p2a: Torterra|Bullet Seed|p1a: Iron Fellow\n|-damage|p1a: Iron Fellow|82\/100\n|-damage|p1a: Iron Fellow|66\/100\n|-damage|p1a: Iron Fellow|48\/100\n|-damage|p1a: Iron Fellow|31\/100\n|-damage|p1a: Iron Fellow|14\/100\n|-hitcount|p1a: Iron Fellow|5\n|move|p1b: Glimmora|Power Gem|p2b: Trevenant\n|-damage|p2b: Trevenant|47\/100 psn\n|move|p2b: Trevenant|Toxic|p1a: Iron Fellow\n|-status|p1a: Iron Fellow|tox\n|move|p1a: Iron Fellow|Ice Punch|p2a: Torterra\n|-supereffective|p2a: Torterra\n|-damage|p2a: Torterra|0 fnt\n|faint|p2a: Torterra\n|\n|-damage|p2b: Trevenant|35\/100 psn|[from] psn\n|-damage|p1a: Iron Fellow|7\/100 tox|[from] psn\n|-end|p1b: Glimmora|Disable\n|-item|p2b: Trevenant|Sitrus Berry|[from] ability: Harvest\n|upkeep\n|-enditem|p2b: Trevenant|Sitrus Berry|[eat]\n|-heal|p2b: Trevenant|60\/100 psn|[from] item: Sitrus Berry\n|\n|t:|1698837456\n|switch|p2a: Ninetales|Ninetales-Alola, F|100\/100\n|-damage|p2a: Ninetales|88\/100|[from] Spikes\n|-weather|Snow|[from] ability: Snow Warning|[of] p2a: Ninetales\n|turn|6\n|\n|t:|1698837467\n|move|p2a: Ninetales|Aurora Veil|p2a: Ninetales\n|-sidestart|p2: RocketsViability|move: Aurora Veil\n|move|p1b: Glimmora|Mortal Spin|p2a: Ninetales|[spread] p2a,p2b\n|-supereffective|p2a: Ninetales\n|-damage|p2a: Ninetales|83\/100\n|-damage|p2b: Trevenant|56\/100 psn\n|-status|p2a: Ninetales|psn\n|move|p2b: Trevenant|Disable|p1b: Glimmora\n|-start|p1b: Glimmora|Disable|Mortal Spin\n|move|p1a: Iron Fellow|Ice Punch|p2b: Trevenant\n|-supereffective|p2b: Trevenant\n|-damage|p2b: Trevenant|8\/100 psn\n|\n|-weather|Snow|[upkeep]\n|-damage|p2a: Ninetales|71\/100 psn|[from] psn\n|-damage|p2b: Trevenant|0 fnt|[from] psn\n|faint|p2b: Trevenant\n|-damage|p1a: Iron Fellow|0 fnt|[from] psn\n|faint|p1a: Iron Fellow\n|-end|p1a: Iron Fellow|Quark Drive|[silent]\n|upkeep\n|\n|t:|1698837486\n|switch|p2b: Empoleon|Empoleon, F|100\/100\n|switch|p1a: RIP TAKEOFF|Flutter Mane|100\/100\n|-damage|p2b: Empoleon|88\/100|[from] Spikes\n|-enditem|p1a: RIP TAKEOFF|Booster Energy\n|-activate|p1a: RIP TAKEOFF|ability: Protosynthesis|[fromitem]\n|-start|p1a: RIP TAKEOFF|protosynthesisspe\n|turn|7\n|\n|t:|1698837502\n|move|p1b: Glimmora|Spiky Shield|p1b: Glimmora\n|-singleturn|p1b: Glimmora|move: Protect\n|move|p1a: RIP TAKEOFF|Dazzling Gleam|p2b: Empoleon|[spread] p2a,p2b\n|-resisted|p2b: Empoleon\n|-damage|p2a: Ninetales|49\/100 psn\n|-damage|p2b: Empoleon|80\/100\n|move|p2a: Ninetales|Blizzard|p1a: RIP TAKEOFF|[spread] p1a\n|-activate|p1b: Glimmora|move: Protect\n|-damage|p1a: RIP TAKEOFF|75\/100\n|-status|p1a: RIP TAKEOFF|frz\n|move|p2b: Empoleon|Blizzard|p1a: RIP TAKEOFF|[spread] p1a\n|-activate|p1b: Glimmora|move: Protect\n|-damage|p1a: RIP TAKEOFF|49\/100 frz\n|-heal|p2b: Empoleon|83\/100|[from] item: Shell Bell|[of] p1b: Glimmora\n|\n|-weather|Snow|[upkeep]\n|-damage|p2a: Ninetales|36\/100 psn|[from] psn\n|upkeep\n|turn|8\n|\n|t:|1698837530\n|-curestatus|p1a: RIP TAKEOFF|frz|[msg]\n|move|p1a: RIP TAKEOFF|Protect|p1a: RIP TAKEOFF\n|-singleturn|p1a: RIP TAKEOFF|Protect\n|move|p2a: Ninetales|Blizzard|p1a: RIP TAKEOFF|[spread] p1b\n|-activate|p1a: RIP TAKEOFF|move: Protect\n|-damage|p1b: Glimmora|68\/100\n|move|p1b: Glimmora|Spikes|p2a: Ninetales\n|-sidestart|p2: RocketsViability|Spikes\n|move|p2b: Empoleon|Blizzard|p1a: RIP TAKEOFF|[spread] p1b\n|-activate|p1a: RIP TAKEOFF|move: Protect\n|-damage|p1b: Glimmora|34\/100\n|-heal|p2b: Empoleon|87\/100|[from] item: Shell Bell|[of] p1b: Glimmora\n|\n|-weather|Snow|[upkeep]\n|-damage|p2a: Ninetales|24\/100 psn|[from] psn\n|upkeep\n|turn|9\n|\n|t:|1698837550\n|move|p1a: RIP TAKEOFF|Dazzling Gleam|p2b: Empoleon|[spread] p2a,p2b\n|-resisted|p2b: Empoleon\n|-damage|p2a: Ninetales|3\/100 psn\n|-damage|p2b: Empoleon|79\/100\n|move|p2a: Ninetales|Blizzard|p1a: RIP TAKEOFF|[spread] p1a,p1b\n|-damage|p1a: RIP TAKEOFF|22\/100\n|-damage|p1b: Glimmora|0 fnt\n|faint|p1b: Glimmora\n|move|p2b: Empoleon|Blizzard|p1a: RIP TAKEOFF\n|-damage|p1a: RIP TAKEOFF|0 fnt\n|faint|p1a: RIP TAKEOFF\n|-end|p1a: RIP TAKEOFF|Protosynthesis|[silent]\n|-heal|p2b: Empoleon|81\/100|[from] item: Shell Bell|[of] p1: RIP TAKEOFF\n|\n|-weather|Snow|[upkeep]\n|-damage|p2a: Ninetales|0 fnt|[from] psn\n|faint|p2a: Ninetales\n|upkeep\n|\n|t:|1698837565\n|switch|p1a: My Daughter|Ogerpon-Wellspring, F|100\/100\n|switch|p2a: Goodra|Goodra-Hisui, M|100\/100\n|switch|p1b: Landorus-Theremin|Landorus-Therian, M|100\/100\n|-ability|p1b: Landorus-Theremin|Intimidate|boost\n|-unboost|p2a: Goodra|atk|1\n|-unboost|p2b: Empoleon|atk|1\n|-ability|p2b: Empoleon|Competitive|boost\n|-boost|p2b: Empoleon|spa|2\n|-damage|p2a: Goodra|84\/100|[from] Spikes\n|turn|10\n|\n|t:|1698837581\n|move|p2b: Empoleon|Protect|p2b: Empoleon\n|-singleturn|p2b: Empoleon|Protect\n|move|p1a: My Daughter|Swords Dance|p1a: My Daughter\n|-boost|p1a: My Daughter|atk|2\n|move|p1b: Landorus-Theremin|Stealth Rock|p2a: Goodra\n|-sidestart|p2: RocketsViability|move: Stealth Rock\n|move|p2a: Goodra|Blizzard|p1a: My Daughter|[spread] p1a,p1b\n|-supereffective|p1b: Landorus-Theremin\n|-damage|p1a: My Daughter|66\/100\n|-damage|p1b: Landorus-Theremin|0 fnt\n|faint|p1b: Landorus-Theremin\n|\n|-weather|Snow|[upkeep]\n|-sideend|p2: RocketsViability|move: Aurora Veil\n|upkeep\n|turn|11\n|\n|t:|1698837602\n|-terastallize|p2b: Empoleon|Water\n|move|p1a: My Daughter|Trailblaze|p2b: Empoleon\n|-supereffective|p2b: Empoleon\n|-damage|p2b: Empoleon|0 fnt\n|-boost|p1a: My Daughter|spe|1\n|faint|p2b: Empoleon\n|move|p2a: Goodra|Blizzard|p1a: My Daughter\n|-damage|p1a: My Daughter|24\/100\n|\n|-weather|Snow|[upkeep]\n|upkeep\n|\n|t:|1698837612\n|switch|p2b: Sandslash|Sandslash-Alola, M|100\/100\n|-damage|p2b: Sandslash|84\/100|[from] Spikes\n|-damage|p2b: Sandslash|71\/100|[from] Stealth Rock\n|turn|12\n|\n|t:|1698837624\n|move|p2b: Sandslash|Ice Shard|p1a: My Daughter\n|-damage|p1a: My Daughter|0 fnt\n|faint|p1a: My Daughter\n|\n|win|RocketsViability\n|raw|coolguyslim21's rating: 1067 &rarr; <strong>1051<\/strong><br \/>(-16 for losing)\n|raw|RocketsViability's rating: 1134 &rarr; <strong>1154<\/strong><br \/>(+20 for winning)\n|c|\u2606coolguyslim21|gg\n|c|\u2606RocketsViability|gg\n","uploadtime":1698837632,"views":16,"p1id":"coolguyslim21","p2id":"rocketsviability","formatid":"gen9doublesou","rating":1051,"private":0,"password":""}