{"id":"gen9doublesou-1971011724","p1":"stestatsuki","p2":"Schister","format":"[Gen 9] Doubles OU","log":"|j|\u2606stestatsuki\n|j|\u2606Schister\n|t:|1697692296\n|gametype|doubles\n|player|p1|stestatsuki|iono|1568\n|player|p2|Schister|clair|1579\n|teamsize|p1|6\n|teamsize|p2|6\n|gen|9\n|tier|[Gen 9] Doubles OU\n|rated|\n|rule|Species Clause: Limit one of each Pok\u00e9mon\n|rule|OHKO Clause: OHKO moves are banned\n|rule|Evasion Moves Clause: Evasion moves are banned\n|rule|Gravity Sleep Clause: The combination of sleep-inducing moves with imperfect accuracy and Gravity or Gigantamax Orbeetle are banned\n|rule|Endless Battle Clause: Forcing endless battles is banned\n|rule|HP Percentage Mod: HP is shown in percentages\n|clearpoke\n|poke|p1|Volcanion|\n|poke|p1|Heatran, F|\n|poke|p1|Iron Hands|\n|poke|p1|Ogerpon-Wellspring, F|\n|poke|p1|Rillaboom, M|\n|poke|p1|Landorus-Therian, M|\n|poke|p2|Weezing-Galar, F|\n|poke|p2|Ogerpon-Hearthflame, F|\n|poke|p2|Landorus-Therian, M|\n|poke|p2|Iron Hands|\n|poke|p2|Flutter Mane|\n|poke|p2|Roaring Moon|\n|teampreview\n|inactive|Battle timer is ON: inactive players will automatically lose when time's up. (requested by Schister)\n|\n|t:|1697692309\n|start\n|switch|p1a: Landorus|Landorus-Therian, M|100\/100\n|switch|p1b: Volcanion|Volcanion|100\/100\n|switch|p2a: Ogerpon|Ogerpon-Hearthflame, F|100\/100\n|switch|p2b: Weezing|Weezing-Galar, F|100\/100\n|-ability|p2b: Weezing|Neutralizing Gas\n|turn|1\n|j| Barxxn\n|\n|t:|1697692338\n|move|p1a: Landorus|Stone Edge|p2a: Ogerpon\n|-supereffective|p2a: Ogerpon\n|-damage|p2a: Ogerpon|15\/100\n|move|p2a: Ogerpon|Stomping Tantrum|p1b: Volcanion\n|-supereffective|p1b: Volcanion\n|-damage|p1b: Volcanion|54\/100\n|move|p1b: Volcanion|Sludge Bomb|p2a: Ogerpon\n|-supereffective|p2a: Ogerpon\n|-damage|p2a: Ogerpon|0 fnt\n|faint|p2a: Ogerpon\n|move|p2b: Weezing|Gunk Shot|p1b: Volcanion\n|-damage|p1b: Volcanion|22\/100\n|\n|upkeep\n|inactive|Schister has 120 seconds left.\n|\n|t:|1697692355\n|switch|p2a: Flutter Mane|Flutter Mane|100\/100\n|-enditem|p2a: Flutter Mane|Booster Energy\n|-activate|p2a: Flutter Mane|ability: Protosynthesis|[fromitem]\n|-start|p2a: Flutter Mane|protosynthesisspa\n|turn|2\n|\n|t:|1697692368\n|switch|p1a: Heatran|Heatran, F|100\/100\n|-end|p2b: Weezing|ability: Neutralizing Gas\n|switch|p2b: Landorus|Landorus-Therian, M|100\/100\n|-ability|p2b: Landorus|Intimidate|boost\n|-unboost|p1a: Heatran|atk|1\n|-unboost|p1b: Volcanion|atk|1\n|-terastallize|p2a: Flutter Mane|Fairy\n|move|p2a: Flutter Mane|Dazzling Gleam|p1b: Volcanion|[spread] p1a,p1b\n|-resisted|p1a: Heatran\n|-resisted|p1b: Volcanion\n|-damage|p1a: Heatran|93\/100\n|-damage|p1b: Volcanion|3\/100\n|move|p1b: Volcanion|Heat Wave|p2a: Flutter Mane|[spread] p2a\n|-miss|p1b: Volcanion|p2b: Landorus\n|-damage|p2a: Flutter Mane|64\/100\n|\n|upkeep\n|turn|3\n|\n|t:|1697692391\n|-terastallize|p1a: Heatran|Grass\n|move|p2a: Flutter Mane|Protect|p2a: Flutter Mane\n|-singleturn|p2a: Flutter Mane|Protect\n|move|p2b: Landorus|U-turn|p1a: Heatran\n|-supereffective|p1a: Heatran\n|-damage|p1a: Heatran|53\/100\n|\n|t:|1697692397\n|switch|p2b: Roaring Moon|Roaring Moon|100\/100|[from] U-turn\n|move|p1a: Heatran|Flash Cannon|p2a: Flutter Mane\n|-activate|p2a: Flutter Mane|move: Protect\n|move|p1b: Volcanion|Steam Eruption|p2b: Roaring Moon\n|-resisted|p2b: Roaring Moon\n|-damage|p2b: Roaring Moon|72\/100\n|\n|upkeep\n|turn|4\n|\n|t:|1697692410\n|switch|p1a: Landorus|Landorus-Therian, M|100\/100\n|-ability|p1a: Landorus|Intimidate|boost\n|-unboost|p2a: Flutter Mane|atk|1\n|-unboost|p2b: Roaring Moon|atk|1\n|move|p2a: Flutter Mane|Dazzling Gleam|p1a: Landorus|[spread] p1a,p1b\n|-resisted|p1b: Volcanion\n|-damage|p1a: Landorus|36\/100\n|-damage|p1b: Volcanion|0 fnt\n|faint|p1b: Volcanion\n|move|p2b: Roaring Moon|Knock Off|p1a: Landorus\n|-damage|p1a: Landorus|0 fnt\n|-enditem|p1a: Landorus|Choice Scarf|[from] move: Knock Off|[of] p2b: Roaring Moon\n|faint|p1a: Landorus\n|\n|upkeep\n|\n|t:|1697692427\n|switch|p1a: Rillaboom|Rillaboom, M|100\/100\n|switch|p1b: Heatran|Heatran, F, tera:Grass|53\/100\n|-fieldstart|move: Grassy Terrain|[from] ability: Grassy Surge|[of] p1a: Rillaboom\n|turn|5\n|\n|t:|1697692437\n|move|p2a: Flutter Mane|Protect|p2a: Flutter Mane\n|-singleturn|p2a: Flutter Mane|Protect\n|move|p1a: Rillaboom|Grassy Glide|p2a: Flutter Mane\n|-activate|p2a: Flutter Mane|move: Protect\n|move|p2b: Roaring Moon|U-turn|p1a: Rillaboom\n|-supereffective|p1a: Rillaboom\n|-damage|p1a: Rillaboom|70\/100\n|\n|t:|1697692445\n|-end|p2b: Roaring Moon|Protosynthesis|[silent]\n|switch|p2b: Landorus|Landorus-Therian, M|100\/100|[from] U-turn\n|-ability|p2b: Landorus|Intimidate|boost\n|-unboost|p1a: Rillaboom|atk|1\n|-unboost|p1b: Heatran|atk|1\n|move|p1b: Heatran|Flash Cannon|p2b: Landorus\n|-damage|p2b: Landorus|64\/100\n|\n|-heal|p2a: Flutter Mane|70\/100|[from] Grassy Terrain\n|-heal|p1a: Rillaboom|76\/100|[from] Grassy Terrain\n|-heal|p1b: Heatran|60\/100|[from] Grassy Terrain\n|upkeep\n|turn|6\n|\n|t:|1697692459\n|move|p1a: Rillaboom|Grassy Glide|p2a: Flutter Mane\n|-damage|p2a: Flutter Mane|29\/100\n|move|p2a: Flutter Mane|Moonblast|p1b: Heatran\n|-damage|p1b: Heatran|8\/100\n|move|p2b: Landorus|U-turn|p1b: Heatran\n|-supereffective|p1b: Heatran\n|-damage|p1b: Heatran|0 fnt\n|faint|p1b: Heatran\n|\n|t:|1697692468\n|switch|p2b: Iron Hands|Iron Hands|100\/100|[from] U-turn\n|\n|-heal|p2a: Flutter Mane|35\/100|[from] Grassy Terrain\n|-heal|p1a: Rillaboom|82\/100|[from] Grassy Terrain\n|upkeep\n|\n|t:|1697692471\n|switch|p1b: Ogerpon|Ogerpon-Wellspring, F|100\/100\n|turn|7\n|\n|t:|1697692489\n|-end|p2a: Flutter Mane|Protosynthesis|[silent]\n|switch|p2a: Landorus|Landorus-Therian, M|64\/100\n|-ability|p2a: Landorus|Intimidate|boost\n|-unboost|p1a: Rillaboom|atk|1\n|-unboost|p1b: Ogerpon|atk|1\n|move|p1b: Ogerpon|Ivy Cudgel|p2b: Iron Hands\n|-crit|p2b: Iron Hands\n|-damage|p2b: Iron Hands|35\/100\n|move|p1a: Rillaboom|Wood Hammer|p2b: Iron Hands\n|-damage|p2b: Iron Hands|11\/100\n|-damage|p1a: Rillaboom|73\/100|[from] Recoil\n|move|p2b: Iron Hands|Wild Charge|p1b: Ogerpon\n|-damage|p1b: Ogerpon|38\/100\n|-damage|p2b: Iron Hands|0 fnt|[from] Recoil\n|faint|p2b: Iron Hands\n|-end|p2b: Iron Hands|Quark Drive|[silent]\n|\n|-heal|p1b: Ogerpon|44\/100|[from] Grassy Terrain\n|-heal|p1a: Rillaboom|79\/100|[from] Grassy Terrain\n|upkeep\n|\n|t:|1697692506\n|switch|p2b: Roaring Moon|Roaring Moon|72\/100\n|turn|8\n|\n|t:|1697692511\n|move|p2b: Roaring Moon|U-turn|p1b: Ogerpon\n|-supereffective|p1b: Ogerpon\n|-damage|p1b: Ogerpon|0 fnt\n|faint|p1b: Ogerpon\n|\n|t:|1697692515\n|-end|p2b: Roaring Moon|Protosynthesis|[silent]\n|switch|p2b: Weezing|Weezing-Galar, F|100\/100|[from] U-turn\n|-ability|p2b: Weezing|Neutralizing Gas\n|move|p2a: Landorus|U-turn|p1a: Rillaboom\n|-supereffective|p1a: Rillaboom\n|-damage|p1a: Rillaboom|38\/100\n|\n|t:|1697692522\n|switch|p2a: Roaring Moon|Roaring Moon|72\/100|[from] U-turn\n|move|p1a: Rillaboom|U-turn|p2b: Weezing\n|-resisted|p2b: Weezing\n|-damage|p2b: Weezing|98\/100\n|\n|t:|1697692525\n|switch|p1a: Iron Hands|Iron Hands|100\/100|[from] U-turn\n|\n|-heal|p2a: Roaring Moon|78\/100|[from] Grassy Terrain\n|-heal|p2b: Weezing|100\/100|[from] Grassy Terrain\n|upkeep\n|\n|t:|1697692527\n|switch|p1b: Rillaboom|Rillaboom, M|38\/100\n|turn|9\n|\n|t:|1697692532\n|move|p1a: Iron Hands|Fake Out|p2a: Roaring Moon\n|-damage|p2a: Roaring Moon|59\/100\n|move|p2a: Roaring Moon|U-turn|p1b: Rillaboom\n|-supereffective|p1b: Rillaboom\n|-damage|p1b: Rillaboom|0 fnt\n|faint|p1b: Rillaboom\n|-message|stestatsuki forfeited.\n|\n|win|Schister\n|raw|stestatsuki's rating: 1568 &rarr; <strong>1549<\/strong><br \/>(-19 for losing)\n|raw|Schister's rating: 1579 &rarr; <strong>1598<\/strong><br \/>(+19 for winning)\n|l|\u2606stestatsuki\n","uploadtime":1697692540,"views":20,"p1id":"stestatsuki","p2id":"schister","formatid":"gen9doublesou","rating":1549,"private":0,"password":""}