{"id":"gen9doublesou-1976098205","p1":"GoDDanteX","p2":"kagrin","format":"[Gen 9] Doubles OU","log":"|j|\u2606GoDDanteX\n|j|\u2606kagrin\n|t:|1698263503\n|gametype|doubles\n|player|p1|GoDDanteX|riley|\n|player|p2|kagrin|hiker-gen4|\n|teamsize|p1|6\n|teamsize|p2|6\n|gen|9\n|tier|[Gen 9] Doubles OU\n|rule|Species Clause: Limit one of each Pok\u00e9mon\n|rule|OHKO Clause: OHKO moves are banned\n|rule|Evasion Moves Clause: Evasion moves are banned\n|rule|Gravity Sleep Clause: The combination of sleep-inducing moves with imperfect accuracy and Gravity or Gigantamax Orbeetle are banned\n|rule|Endless Battle Clause: Forcing endless battles is banned\n|rule|HP Percentage Mod: HP is shown in percentages\n|clearpoke\n|poke|p1|Pawmot, M|\n|poke|p1|Arcanine, M|\n|poke|p1|Dragapult, M|\n|poke|p1|Iron Valiant|\n|poke|p1|Umbreon, M|\n|poke|p1|Espeon, F|\n|poke|p2|Flutter Mane|\n|poke|p2|Garganacl, M|\n|poke|p2|Mew|\n|poke|p2|Breloom, M|\n|poke|p2|Grimmsnarl, M|\n|poke|p2|Volcanion|\n|teampreview\n|\n|t:|1698263518\n|start\n|switch|p1a: Ali|Pawmot, M, shiny|100\/100\n|switch|p1b: Spike|Arcanine, M, shiny|100\/100\n|switch|p2a: Grimmsnarl|Grimmsnarl, M, shiny|100\/100\n|switch|p2b: Flutter Mane|Flutter Mane|100\/100\n|-ability|p1b: Spike|Intimidate|boost\n|-unboost|p2a: Grimmsnarl|atk|1\n|-unboost|p2b: Flutter Mane|atk|1\n|-enditem|p2b: Flutter Mane|Booster Energy\n|-activate|p2b: Flutter Mane|ability: Protosynthesis|[fromitem]\n|-start|p2b: Flutter Mane|protosynthesisspe\n|turn|1\n|j| riastylis\n|\n|t:|1698263539\n|move|p2a: Grimmsnarl|Reflect|p2a: Grimmsnarl\n|-sidestart|p2: kagrin|Reflect\n|move|p2b: Flutter Mane|Moonblast|p1a: Ali\n|-supereffective|p1a: Ali\n|-damage|p1a: Ali|0 fnt\n|faint|p1a: Ali\n|move|p1b: Spike|Iron Head|p2b: Flutter Mane\n|-supereffective|p2b: Flutter Mane\n|-damage|p2b: Flutter Mane|39\/100\n|-damage|p1b: Spike|91\/100|[from] item: Life Orb\n|\n|upkeep\n|j| Redzone92\n|\n|t:|1698263546\n|switch|p1a: XJ9|Iron Valiant, shiny|100\/100\n|-enditem|p1a: XJ9|Booster Energy\n|-activate|p1a: XJ9|ability: Quark Drive|[fromitem]\n|-start|p1a: XJ9|quarkdriveatk\n|turn|2\n|\n|t:|1698263569\n|-terastallize|p1a: XJ9|Steel\n|move|p2a: Grimmsnarl|Thunder Wave|p1a: XJ9\n|-status|p1a: XJ9|par\n|move|p2b: Flutter Mane|Moonblast|p1a: XJ9\n|-resisted|p1a: XJ9\n|-damage|p1a: XJ9|62\/100 par\n|move|p1b: Spike|Iron Head|p2b: Flutter Mane\n|-supereffective|p2b: Flutter Mane\n|-damage|p2b: Flutter Mane|0 fnt\n|faint|p2b: Flutter Mane\n|-end|p2b: Flutter Mane|Protosynthesis|[silent]\n|-damage|p1b: Spike|81\/100|[from] item: Life Orb\n|cant|p1a: XJ9|par\n|\n|upkeep\n|\n|t:|1698263582\n|switch|p2b: Volcanion|Volcanion|100\/100\n|turn|3\n|\n|t:|1698263606\n|move|p2a: Grimmsnarl|Thunder Wave|p1b: Spike\n|-status|p1b: Spike|par\n|move|p1a: XJ9|Thunder Punch|p2b: Volcanion\n|-supereffective|p2b: Volcanion\n|-damage|p2b: Volcanion|62\/100\n|move|p2b: Volcanion|Flamethrower|p1a: XJ9\n|-supereffective|p1a: XJ9\n|-damage|p1a: XJ9|0 fnt\n|faint|p1a: XJ9\n|-end|p1a: XJ9|Quark Drive|[silent]\n|move|p1b: Spike|Howl|p1b: Spike\n|-boost|p1b: Spike|atk|1\n|\n|upkeep\n|\n|t:|1698263616\n|switch|p1a: Danny|Dragapult, M, shiny|100\/100\n|turn|4\n|\n|t:|1698263637\n|move|p1a: Danny|Thunderbolt|p2b: Volcanion\n|-supereffective|p2b: Volcanion\n|-damage|p2b: Volcanion|0 fnt\n|faint|p2b: Volcanion\n|move|p1b: Spike|Iron Head|p2a: Grimmsnarl\n|-supereffective|p2a: Grimmsnarl\n|-crit|p2a: Grimmsnarl\n|-damage|p2a: Grimmsnarl|0 fnt\n|faint|p2a: Grimmsnarl\n|-damage|p1b: Spike|71\/100 par|[from] item: Life Orb\n|\n|upkeep\n|\n|t:|1698263649\n|switch|p2b: Breloom|Breloom, M, shiny|100\/100\n|switch|p2a: Garganacl|Garganacl, M, shiny|100\/100\n|turn|5\n|\n|t:|1698263666\n|move|p1a: Danny|Flamethrower|p2b: Breloom\n|-supereffective|p2b: Breloom\n|-damage|p2b: Breloom|12\/100\n|move|p2b: Breloom|Toxic|p1a: Danny\n|-status|p1a: Danny|tox\n|move|p1b: Spike|Iron Head|p2a: Garganacl\n|-supereffective|p2a: Garganacl\n|-damage|p2a: Garganacl|67\/100\n|-damage|p1b: Spike|61\/100 par|[from] item: Life Orb\n|move|p2a: Garganacl|Iron Defense|p2a: Garganacl\n|-boost|p2a: Garganacl|def|2\n|\n|-heal|p2a: Garganacl|74\/100|[from] item: Leftovers\n|-damage|p1a: Danny|95\/100 tox|[from] psn\n|upkeep\n|turn|6\n|\n|t:|1698263692\n|move|p2b: Breloom|Mach Punch|p1b: Spike\n|-damage|p1b: Spike|20\/100 par\n|move|p1a: Danny|Draco Meteor|p2a: Garganacl\n|-damage|p2a: Garganacl|21\/100\n|-unboost|p1a: Danny|spa|2\n|move|p1b: Spike|Flare Blitz|p2b: Breloom\n|-supereffective|p2b: Breloom\n|-damage|p2b: Breloom|0 fnt\n|faint|p2b: Breloom\n|-damage|p1b: Spike|16\/100 par|[from] Recoil\n|-damage|p1b: Spike|6\/100 par|[from] item: Life Orb\n|move|p2a: Garganacl|Salt Cure|p1a: Danny\n|-damage|p1a: Danny|76\/100 tox\n|-start|p1a: Danny|Salt Cure\n|\n|-heal|p2a: Garganacl|27\/100|[from] item: Leftovers\n|-damage|p1a: Danny|64\/100 tox|[from] psn\n|-damage|p1a: Danny|51\/100 tox|[from] Salt Cure\n|upkeep\n|\n|t:|1698263710\n|switch|p2b: Mew|Mew, shiny|100\/100\n|turn|7\n|\n|t:|1698263725\n|move|p1a: Danny|Draco Meteor|p2a: Garganacl\n|-damage|p2a: Garganacl|0 fnt\n|-unboost|p1a: Danny|spa|2\n|faint|p2a: Garganacl\n|move|p2b: Mew|Draining Kiss|p1a: Danny\n|-supereffective|p1a: Danny\n|-damage|p1a: Danny|24\/100 tox\n|move|p1b: Spike|Crunch|p2b: Mew\n|-supereffective|p2b: Mew\n|-damage|p2b: Mew|37\/100\n|-damage|p1b: Spike|0 fnt|[from] item: Life Orb\n|faint|p1b: Spike\n|\n|-damage|p1a: Danny|6\/100 tox|[from] psn\n|-damage|p1a: Danny|0 fnt|[from] Salt Cure\n|faint|p1a: Danny\n|upkeep\n|\n|t:|1698263735\n|switch|p1a: Minerva|Espeon, F, shiny|100\/100\n|switch|p1b: Minx|Umbreon, M, shiny|100\/100\n|turn|8\n|\n|t:|1698263747\n|-terastallize|p2b: Mew|Bug\n|move|p2b: Mew|Draining Kiss|p1b: Minx\n|-supereffective|p1b: Minx\n|-damage|p1b: Minx|84\/100\n|-heal|p2b: Mew|52\/100|[from] drain|[of] p1b: Minx\n|move|p1a: Minerva|Shadow Ball|p2b: Mew\n|-damage|p2b: Mew|5\/100\n|move|p1b: Minx|Foul Play|p2b: Mew\n|-damage|p2b: Mew|0 fnt\n|faint|p2b: Mew\n|\n|win|GoDDanteX\n","uploadtime":1698263759,"views":27,"p1id":"goddantex","p2id":"kagrin","formatid":"gen9doublesou","rating":0,"private":0,"password":""}