{"id":"gen9doublesou-1967817695","p1":"Ambrsilly","p2":"StarFallColors","format":"[Gen 9] Doubles OU","log":"|html|<div class=\"broadcast-blue\"><strong>[Gen 9] Doubles OU is currently suspecting Basculegion & Flutter Mane! For information on how to participate check out the <a href=\"https:\/\/www.smogon.com\/forums\/threads\/np-sv-dou-stage-8-double-trouble.3729153\/\">suspect thread<\/a>.<\/strong><\/div>\n|j|\u2606Ambrsilly\n|j|\u2606StarFallColors\n|t:|1697342171\n|gametype|doubles\n|player|p1|Ambrsilly|2|1116\n|player|p2|StarFallColors|kieran|1061\n|teamsize|p1|6\n|teamsize|p2|6\n|gen|9\n|tier|[Gen 9] Doubles OU\n|rated|\n|rule|Species Clause: Limit one of each Pok\u00e9mon\n|rule|OHKO Clause: OHKO moves are banned\n|rule|Evasion Moves Clause: Evasion moves are banned\n|rule|Gravity Sleep Clause: The combination of sleep-inducing moves with imperfect accuracy and Gravity or Gigantamax Orbeetle are banned\n|rule|Endless Battle Clause: Forcing endless battles is banned\n|rule|HP Percentage Mod: HP is shown in percentages\n|clearpoke\n|poke|p1|Abomasnow, M|\n|poke|p1|Cresselia, F|\n|poke|p1|Glaceon, M|\n|poke|p1|Walking Wake|\n|poke|p1|Hatterene, F|\n|poke|p1|Garganacl, M|\n|poke|p2|Dipplin, M|\n|poke|p2|Empoleon, M|\n|poke|p2|Scovillain, M|\n|poke|p2|Infernape, F|\n|poke|p2|Furret, F|\n|poke|p2|Mandibuzz, F|\n|teampreview\n|c|\u2606StarFallColors|glhf\n|\n|t:|1697342192\n|start\n|switch|p1a: Abomasnow|Abomasnow, M|100\/100\n|switch|p1b: Walking Wake|Walking Wake|100\/100\n|switch|p2a: Furret|Furret, F, shiny|100\/100\n|switch|p2b: Mandibuzz|Mandibuzz, F|100\/100\n|-item|p1a: Abomasnow|Leftovers|[from] ability: Frisk|[of] p2a: Furret|[identify]\n|-item|p1b: Walking Wake|Booster Energy|[from] ability: Frisk|[of] p2a: Furret|[identify]\n|-weather|Snow|[from] ability: Snow Warning|[of] p1a: Abomasnow\n|-enditem|p1b: Walking Wake|Booster Energy\n|-activate|p1b: Walking Wake|ability: Protosynthesis|[fromitem]\n|-start|p1b: Walking Wake|protosynthesisspa\n|turn|1\n|\n|t:|1697342223\n|move|p1b: Walking Wake|Dragon Pulse|p2a: Furret\n|-damage|p2a: Furret|17\/100\n|move|p2a: Furret|Tidy Up|p2a: Furret\n|-boost|p2a: Furret|atk|1\n|-boost|p2a: Furret|spe|1\n|move|p2b: Mandibuzz|Toxic|p1b: Walking Wake\n|-status|p1b: Walking Wake|tox\n|move|p1a: Abomasnow|Aurora Veil|p1a: Abomasnow\n|-sidestart|p1: Ambrsilly|move: Aurora Veil\n|\n|-weather|Snow|[upkeep]\n|-heal|p2a: Furret|23\/100|[from] item: Leftovers\n|-damage|p1b: Walking Wake|94\/100 tox|[from] psn\n|upkeep\n|turn|2\n|\n|t:|1697342252\n|move|p2a: Furret|Play Rough|p1b: Walking Wake\n|-supereffective|p1b: Walking Wake\n|-damage|p1b: Walking Wake|58\/100 tox\n|move|p1b: Walking Wake|Dragon Pulse|p2a: Furret\n|-damage|p2a: Furret|0 fnt\n|faint|p2a: Furret\n|move|p2b: Mandibuzz|Defog|p1a: Abomasnow\n|-unboost|p1a: Abomasnow|evasion|1\n|-sideend|p1: Ambrsilly|move: Aurora Veil\n|move|p1a: Abomasnow|Blizzard|p2b: Mandibuzz\n|-supereffective|p2b: Mandibuzz\n|-damage|p2b: Mandibuzz|45\/100\n|\n|-weather|Snow|[upkeep]\n|-damage|p1b: Walking Wake|45\/100 tox|[from] psn\n|upkeep\n|\n|t:|1697342264\n|switch|p2a: Scovillain|Scovillain, M, shiny|100\/100\n|turn|3\n|c|\u2606StarFallColors|I got the wrong team\n|c|\u2606StarFallColors|damnit\n|c|\u2606Ambrsilly|:'(\n|\n|t:|1697342290\n|move|p1b: Walking Wake|Dragon Pulse|p2a: Scovillain\n|-damage|p2a: Scovillain|40\/100\n|move|p2b: Mandibuzz|Roost|p2b: Mandibuzz\n|-heal|p2b: Mandibuzz|95\/100\n|-singleturn|p2b: Mandibuzz|move: Roost\n|move|p2a: Scovillain|Flamethrower|p1a: Abomasnow\n|-supereffective|p1a: Abomasnow\n|-damage|p1a: Abomasnow|9\/100\n|move|p1a: Abomasnow|Blizzard|p2b: Mandibuzz|[spread] p2a,p2b\n|-damage|p2a: Scovillain|17\/100\n|-damage|p2b: Mandibuzz|75\/100\n|\n|-weather|Snow|[upkeep]\n|-heal|p1a: Abomasnow|15\/100|[from] item: Leftovers\n|-damage|p1b: Walking Wake|27\/100 tox|[from] psn\n|-ability|p2a: Scovillain|Moody|boost\n|-boost|p2a: Scovillain|spd|2\n|-unboost|p2a: Scovillain|def|1\n|upkeep\n|-enditem|p2a: Scovillain|White Herb\n|-clearnegativeboost|p2a: Scovillain|[silent]\n|turn|4\n|c|\u2606StarFallColors|I won't leave though\n|\n|t:|1697342321\n|switch|p1a: Garganacl|Garganacl, M|100\/100\n|move|p1b: Walking Wake|Dragon Pulse|p2a: Scovillain\n|-damage|p2a: Scovillain|0 fnt\n|faint|p2a: Scovillain\n|move|p2b: Mandibuzz|Knock Off|p1b: Walking Wake\n|-damage|p1b: Walking Wake|10\/100 tox\n|\n|-weather|Snow|[upkeep]\n|-damage|p1b: Walking Wake|0 fnt|[from] psn\n|faint|p1b: Walking Wake\n|-end|p1b: Walking Wake|Protosynthesis|[silent]\n|upkeep\n|\n|t:|1697342333\n|switch|p1b: Glaceon|Glaceon, M|100\/100\n|switch|p2a: Dipplin|Dipplin, M, shiny|100\/100\n|turn|5\n|\n|t:|1697342353\n|-terastallize|p2a: Dipplin|Steel\n|move|p2b: Mandibuzz|Knock Off|p1a: Garganacl\n|-damage|p1a: Garganacl|86\/100\n|-enditem|p1a: Garganacl|Leftovers|[from] move: Knock Off|[of] p2b: Mandibuzz\n|move|p1b: Glaceon|Blizzard|p2a: Dipplin|[spread] p2a,p2b\n|-resisted|p2a: Dipplin\n|-supereffective|p2b: Mandibuzz\n|-damage|p2a: Dipplin|69\/100\n|-damage|p2b: Mandibuzz|0 fnt\n|faint|p2b: Mandibuzz\n|move|p2a: Dipplin|Syrup Bomb|p1a: Garganacl\n|-supereffective|p1a: Garganacl\n|-damage|p1a: Garganacl|50\/100\n|-start|p1a: Garganacl|Syrup Bomb\n|move|p1a: Garganacl|Substitute|p1a: Garganacl\n|-start|p1a: Garganacl|Substitute\n|-damage|p1a: Garganacl|25\/100\n|\n|-weather|none\n|-unboost|p1a: Garganacl|spe|1\n|upkeep\n|\n|t:|1697342365\n|switch|p2b: Infernape|Infernape, F, shiny|100\/100\n|turn|6\n|\n|t:|1697342380\n|switch|p1b: Cresselia|Cresselia, F|100\/100\n|move|p2b: Infernape|Bulk Up|p2b: Infernape\n|-boost|p2b: Infernape|atk|1\n|-boost|p2b: Infernape|def|1\n|move|p2a: Dipplin|Syrup Bomb|p1b: Cresselia\n|-damage|p1b: Cresselia|85\/100\n|-start|p1b: Cresselia|Syrup Bomb\n|move|p1a: Garganacl|Recover|p1a: Garganacl\n|-heal|p1a: Garganacl|75\/100\n|\n|-unboost|p1b: Cresselia|spe|1\n|-unboost|p1a: Garganacl|spe|1\n|upkeep\n|turn|7\n|c|\u2606Ambrsilly|infernape might be a problem\n|c|\u2606StarFallColors|Prolly not\n|c|\u2606StarFallColors|I got the wrong team so I can't support it\n|\n|t:|1697342436\n|move|p2b: Infernape|Drain Punch|p1a: Garganacl\n|-supereffective|p1a: Garganacl\n|-end|p1a: Garganacl|Substitute\n|move|p1b: Cresselia|Moonblast|p2b: Infernape\n|-damage|p2b: Infernape|64\/100\n|-unboost|p2b: Infernape|spa|1\n|move|p2a: Dipplin|Syrup Bomb|p1a: Garganacl\n|-supereffective|p1a: Garganacl\n|-damage|p1a: Garganacl|41\/100\n|move|p1a: Garganacl|Heavy Slam|p2a: Dipplin\n|-resisted|p2a: Dipplin\n|-damage|p2a: Dipplin|58\/100\n|\n|-unboost|p1b: Cresselia|spe|1\n|-end|p1a: Garganacl|Syrup Bomb\n|upkeep\n|turn|8\n|c|\u2606Ambrsilly|i just dont have anything to deal with it\n|c|\u2606StarFallColors|No tera ghost?\n|\n|t:|1697342475\n|move|p2b: Infernape|Drain Punch|p1a: Garganacl\n|-supereffective|p1a: Garganacl\n|-damage|p1a: Garganacl|0 fnt\n|-heal|p2b: Infernape|92\/100|[from] drain|[of] p1a: Garganacl\n|faint|p1a: Garganacl\n|move|p1b: Cresselia|Moonblast|p2b: Infernape\n|-damage|p2b: Infernape|55\/100\n|move|p2a: Dipplin|Pollen Puff|p1b: Cresselia\n|-supereffective|p1b: Cresselia\n|-damage|p1b: Cresselia|52\/100\n|\n|-end|p1b: Cresselia|Syrup Bomb\n|upkeep\n|c|\u2606Ambrsilly|nope\n|\n|t:|1697342490\n|switch|p1a: Hatterene|Hatterene, F|100\/100\n|turn|9\n|\n|t:|1697342507\n|move|p2b: Infernape|Bulk Up|p2b: Infernape\n|-boost|p2b: Infernape|atk|1\n|-boost|p2b: Infernape|def|1\n|move|p1b: Cresselia|Psychic|p2a: Dipplin\n|-resisted|p2a: Dipplin\n|-damage|p2a: Dipplin|38\/100\n|-enditem|p2a: Dipplin|Sitrus Berry|[eat]\n|-heal|p2a: Dipplin|63\/100|[from] item: Sitrus Berry\n|move|p2a: Dipplin|Pollen Puff|p2b: Infernape\n|-heal|p2b: Infernape|100\/100\n|move|p1a: Hatterene|Trick|p2b: Infernape\n|-activate|p1a: Hatterene|move: Trick|[of] p2b: Infernape\n|-item|p2b: Infernape|Flame Orb|[from] move: Trick\n|-item|p1a: Hatterene|Punching Glove|[from] move: Trick\n|\n|upkeep\n|turn|10\n|c|\u2606StarFallColors|Unfortunate but it's fine\n|\n|t:|1697342550\n|move|p2b: Infernape|Fire Punch|p1a: Hatterene\n|-damage|p1a: Hatterene|4\/100\n|move|p1b: Cresselia|Psychic|p2b: Infernape\n|-supereffective|p2b: Infernape\n|-damage|p2b: Infernape|0 fnt\n|faint|p2b: Infernape\n|move|p2a: Dipplin|Pollen Puff|p1b: Cresselia\n|-supereffective|p1b: Cresselia\n|-damage|p1b: Cresselia|22\/100\n|move|p1a: Hatterene|Heal Pulse|p1b: Cresselia\n|-heal|p1b: Cresselia|72\/100\n|\n|upkeep\n|\n|t:|1697342555\n|switch|p2b: Empoleon|Empoleon, M, shiny|100\/100\n|turn|11\n|c|\u2606Ambrsilly|forgot ab0ut that psychic\n|\n|t:|1697342592\n|switch|p1a: Abomasnow|Abomasnow, M|15\/100\n|-weather|Snow|[from] ability: Snow Warning|[of] p1a: Abomasnow\n|move|p2a: Dipplin|Protect|p2a: Dipplin\n|-singleturn|p2a: Dipplin|Protect\n|move|p1b: Cresselia|Lunar Blessing|p1b: Cresselia|[spread] p1a,p1b\n|-heal|p1a: Abomasnow|40\/100\n|-heal|p1b: Cresselia|97\/100\n|move|p2b: Empoleon|Surf|p1b: Cresselia|[spread] p1a,p1b\n|-activate|p2a: Dipplin|move: Protect\n|-resisted|p1a: Abomasnow\n|-damage|p1a: Abomasnow|30\/100\n|-damage|p1b: Cresselia|77\/100\n|\n|-weather|Snow|[upkeep]\n|-heal|p1a: Abomasnow|36\/100|[from] item: Leftovers\n|upkeep\n|turn|12\n|\n|t:|1697342623\n|move|p1b: Cresselia|Psychic|p2a: Dipplin\n|-resisted|p2a: Dipplin\n|-damage|p2a: Dipplin|45\/100\n|-unboost|p2a: Dipplin|spd|1\n|move|p2b: Empoleon|Flash Cannon|p1a: Abomasnow\n|-supereffective|p1a: Abomasnow\n|-damage|p1a: Abomasnow|0 fnt\n|faint|p1a: Abomasnow\n|move|p2a: Dipplin|Pollen Puff|p1b: Cresselia\n|-supereffective|p1b: Cresselia\n|-damage|p1b: Cresselia|44\/100\n|\n|-weather|Snow|[upkeep]\n|upkeep\n|\n|t:|1697342635\n|switch|p1a: Glaceon|Glaceon, M|100\/100\n|turn|13\n|\n|t:|1697342643\n|move|p1a: Glaceon|Freeze-Dry|p2b: Empoleon\n|-damage|p2b: Empoleon|71\/100\n|move|p1b: Cresselia|Lunar Blessing|p1b: Cresselia|[spread] p1a,p1b\n|-heal|p1b: Cresselia|69\/100\n|move|p2b: Empoleon|Flash Cannon|p1a: Glaceon\n|-supereffective|p1a: Glaceon\n|-damage|p1a: Glaceon|35\/100\n|move|p2a: Dipplin|Recover|p2a: Dipplin\n|-heal|p2a: Dipplin|95\/100\n|\n|-weather|Snow|[upkeep]\n|-heal|p1a: Glaceon|41\/100|[from] ability: Ice Body\n|upkeep\n|turn|14\n|\n|t:|1697342661\n|move|p1a: Glaceon|Icy Wind|p2b: Empoleon|[spread] p2a,p2b\n|-resisted|p2a: Dipplin\n|-resisted|p2b: Empoleon\n|-damage|p2a: Dipplin|73\/100\n|-damage|p2b: Empoleon|66\/100\n|-unboost|p2a: Dipplin|spe|1\n|-unboost|p2b: Empoleon|spe|1\n|-ability|p2b: Empoleon|Competitive|boost\n|-boost|p2b: Empoleon|spa|2\n|-enditem|p2b: Empoleon|White Herb\n|-clearnegativeboost|p2b: Empoleon|[silent]\n|move|p1b: Cresselia|Lunar Blessing|p1b: Cresselia|[spread] p1a,p1b\n|-heal|p1a: Glaceon|66\/100\n|-heal|p1b: Cresselia|94\/100\n|move|p2b: Empoleon|Ice Spinner|p1b: Cresselia\n|-damage|p1b: Cresselia|80\/100\n|move|p2a: Dipplin|Pollen Puff|p1b: Cresselia\n|-supereffective|p1b: Cresselia\n|-damage|p1b: Cresselia|47\/100\n|\n|-weather|Snow|[upkeep]\n|-heal|p1a: Glaceon|72\/100|[from] ability: Ice Body\n|upkeep\n|turn|15\n|\n|t:|1697342689\n|move|p1a: Glaceon|Blizzard|p2b: Empoleon|[spread] p2a,p2b\n|-resisted|p2a: Dipplin\n|-resisted|p2b: Empoleon\n|-damage|p2a: Dipplin|28\/100\n|-damage|p2b: Empoleon|57\/100\n|move|p1b: Cresselia|Lunar Blessing|p1b: Cresselia|[spread] p1a,p1b\n|-heal|p1a: Glaceon|97\/100\n|-heal|p1b: Cresselia|72\/100\n|move|p2b: Empoleon|Flash Cannon|p1a: Glaceon\n|-supereffective|p1a: Glaceon\n|-damage|p1a: Glaceon|0 fnt\n|faint|p1a: Glaceon\n|move|p2a: Dipplin|Pollen Puff|p2b: Empoleon\n|-heal|p2b: Empoleon|100\/100\n|\n|-weather|none\n|upkeep\n|\n|t:|1697342706\n|switch|p1a: Hatterene|Hatterene, F|4\/100\n|turn|16\n|\n|t:|1697342725\n|move|p2a: Dipplin|Protect|p2a: Dipplin\n|-singleturn|p2a: Dipplin|Protect\n|move|p1b: Cresselia|Lunar Blessing|p1b: Cresselia|[spread] p1a,p1b\n|-heal|p1a: Hatterene|29\/100\n|-heal|p1b: Cresselia|97\/100\n|move|p2b: Empoleon|Surf|p1a: Hatterene|[spread] p1a,p1b\n|-activate|p2a: Dipplin|move: Protect\n|-damage|p1a: Hatterene|0 fnt\n|-damage|p1b: Cresselia|58\/100\n|faint|p1a: Hatterene\n|\n|upkeep\n|turn|17\n|\n|t:|1697342746\n|move|p1b: Cresselia|Psychic|p2a: Dipplin\n|-resisted|p2a: Dipplin\n|-damage|p2a: Dipplin|3\/100\n|move|p2b: Empoleon|Flash Cannon|p1b: Cresselia\n|-damage|p1b: Cresselia|13\/100\n|move|p2a: Dipplin|Pollen Puff|p1b: Cresselia\n|-supereffective|p1b: Cresselia\n|-damage|p1b: Cresselia|0 fnt\n|faint|p1b: Cresselia\n|\n|win|StarFallColors\n|raw|Ambrsilly's rating: 1116 &rarr; <strong>1087<\/strong><br \/>(-29 for losing)\n|raw|StarFallColors's rating: 1061 &rarr; <strong>1097<\/strong><br \/>(+36 for winning)\n|c|\u2606StarFallColors|gg\n|c|\u2606Ambrsilly|good game\n|c|\u2606StarFallColors|Well played\n|c|\u2606Ambrsilly|i tried\n|l|\u2606Ambrsilly\n","uploadtime":1697342770,"views":8,"p1id":"ambrsilly","p2id":"starfallcolors","formatid":"gen9doublesou","rating":1087,"private":0,"password":""}