{"id":"gen9doublesou-1988676075","p1":"kingkasper","p2":"Mr.X&Y97","format":"[Gen 9] Doubles OU","log":"|j|\u2606kingkasper\n|j|\u2606Mr.X&Y97\n|t:|1699749314\n|gametype|doubles\n|player|p1|kingkasper|266|1501\n|player|p2|Mr.X&Y97|blue|1646\n|teamsize|p1|6\n|teamsize|p2|6\n|gen|9\n|tier|[Gen 9] Doubles OU\n|rated|\n|rule|Species Clause: Limit one of each Pok\u00e9mon\n|rule|OHKO Clause: OHKO moves are banned\n|rule|Evasion Moves Clause: Evasion moves are banned\n|rule|Gravity Sleep Clause: The combination of sleep-inducing moves with imperfect accuracy and Gravity or Gigantamax Orbeetle are banned\n|rule|Endless Battle Clause: Forcing endless battles is banned\n|rule|HP Percentage Mod: HP is shown in percentages\n|clearpoke\n|poke|p1|Gholdengo|\n|poke|p1|Arcanine-Hisui, F|\n|poke|p1|Ogerpon-Wellspring, F|\n|poke|p1|Kingambit, F|\n|poke|p1|Ursaluna-Bloodmoon, M|\n|poke|p1|Grimmsnarl, M|\n|poke|p2|Armarouge, M|\n|poke|p2|Indeedee-F, F|\n|poke|p2|Stonjourner, F|\n|poke|p2|Kingambit, M|\n|poke|p2|Abomasnow, M|\n|poke|p2|Chien-Pao|\n|teampreview\n|inactive|Battle timer is ON: inactive players will automatically lose when time's up. (requested by Mr.X&Y97)\n|\n|t:|1699749331\n|start\n|switch|p1a: Gholdengo|Gholdengo|100\/100\n|switch|p1b: Arcanine|Arcanine-Hisui, F|100\/100\n|switch|p2a: Amelia Bedelia|Indeedee-F, F|100\/100\n|switch|p2b: Mega Man X|Armarouge, M|100\/100\n|-fieldstart|move: Psychic Terrain|[from] ability: Psychic Surge|[of] p2a: Amelia Bedelia\n|turn|1\n|\n|t:|1699749359\n|switch|p1a: Grimmsnarl|Grimmsnarl, M|100\/100\n|-terastallize|p2b: Mega Man X|Grass\n|move|p2a: Amelia Bedelia|Follow Me|p2a: Amelia Bedelia\n|-singleturn|p2a: Amelia Bedelia|move: Follow Me\n|move|p1b: Arcanine|Head Smash|p2a: Amelia Bedelia\n|-crit|p2a: Amelia Bedelia\n|-damage|p2a: Amelia Bedelia|0 fnt\n|faint|p2a: Amelia Bedelia\n|move|p2b: Mega Man X|Trick Room|p2b: Mega Man X\n|-fieldstart|move: Trick Room|[of] p2b: Mega Man X\n|\n|upkeep\n|\n|t:|1699749379\n|switch|p2a: Stoney J.|Stonjourner, F|100\/100\n|turn|2\n|\n|t:|1699749407\n|move|p1a: Grimmsnarl|Light Screen|p1a: Grimmsnarl\n|-sidestart|p1: kingkasper|move: Light Screen\n|move|p2b: Mega Man X|Expanding Force|p1b: Arcanine|[spread] p1b\n|-immune|p1a: Grimmsnarl\n|-damage|p1b: Arcanine|10\/100\n|-damage|p2b: Mega Man X|91\/100|[from] item: Life Orb\n|move|p2a: Stoney J.|Rock Slide|p1a: Grimmsnarl|[spread] p1a,p1b\n|-supereffective|p1b: Arcanine\n|-damage|p1a: Grimmsnarl|71\/100\n|-damage|p1b: Arcanine|0 fnt\n|faint|p1b: Arcanine\n|\n|upkeep\n|inactive|kingkasper has 120 seconds left.\n|\n|t:|1699749427\n|switch|p1b: Gholdengo|Gholdengo|100\/100\n|turn|3\n|\n|t:|1699749442\n|move|p2b: Mega Man X|Heat Wave|p1a: Grimmsnarl|[spread] p1a,p1b\n|-supereffective|p1b: Gholdengo\n|-damage|p1a: Grimmsnarl|30\/100\n|-damage|p1b: Gholdengo|9\/100\n|-damage|p2b: Mega Man X|81\/100|[from] item: Life Orb\n|move|p1a: Grimmsnarl|Chilling Water|p2a: Stoney J.\n|-supereffective|p2a: Stoney J.\n|-damage|p2a: Stoney J.|39\/100\n|-unboost|p2a: Stoney J.|atk|1\n|move|p2a: Stoney J.|High Horsepower|p1b: Gholdengo\n|-supereffective|p1b: Gholdengo\n|-damage|p1b: Gholdengo|0 fnt\n|faint|p1b: Gholdengo\n|\n|upkeep\n|inactive|kingkasper has 120 seconds left.\n|\n|t:|1699749454\n|switch|p1b: Kingambit|Kingambit, F|100\/100\n|-activate|p1b: Kingambit|ability: Supreme Overlord\n|-start|p1b: Kingambit|fallen2|[silent]\n|turn|4\n|\n|t:|1699749462\n|move|p1b: Kingambit|Kowtow Cleave|p2b: Mega Man X\n|-damage|p2b: Mega Man X|11\/100\n|-damage|p1b: Kingambit|91\/100|[from] item: Life Orb\n|move|p2b: Mega Man X|Heat Wave|p1a: Grimmsnarl|[spread] p1a\n|-miss|p2b: Mega Man X|p1b: Kingambit\n|-damage|p1a: Grimmsnarl|0 fnt\n|faint|p1a: Grimmsnarl\n|-damage|p2b: Mega Man X|1\/100|[from] item: Life Orb\n|move|p2a: Stoney J.|Low Kick|p1b: Kingambit\n|-supereffective|p1b: Kingambit\n|-damage|p1b: Kingambit|16\/100\n|\n|upkeep\n|\n|t:|1699749476\n|switch|p1a: Ursaluna|Ursaluna-Bloodmoon, M|100\/100\n|turn|5\n|\n|t:|1699749496\n|move|p1b: Kingambit|Sucker Punch|p2b: Mega Man X\n|-activate|p2b: Mega Man X|move: Psychic Terrain\n|move|p2b: Mega Man X|Heat Wave|p1a: Ursaluna|[spread] p1a,p1b\n|-supereffective|p1b: Kingambit\n|-damage|p1a: Ursaluna|46\/100\n|-damage|p1b: Kingambit|0 fnt\n|faint|p1b: Kingambit\n|-end|p1b: Kingambit|fallen2|[silent]\n|-damage|p2b: Mega Man X|0 fnt|[from] item: Life Orb\n|faint|p2b: Mega Man X\n|move|p1a: Ursaluna|Calm Mind|p1a: Ursaluna\n|-boost|p1a: Ursaluna|spa|1\n|-boost|p1a: Ursaluna|spd|1\n|move|p2a: Stoney J.|Rock Slide|p1a: Ursaluna\n|-resisted|p1a: Ursaluna\n|-damage|p1a: Ursaluna|37\/100\n|\n|-heal|p1a: Ursaluna|43\/100|[from] item: Leftovers\n|-fieldend|move: Trick Room\n|-fieldend|move: Psychic Terrain\n|upkeep\n|\n|t:|1699749513\n|switch|p2b: Weasel|Chien-Pao|100\/100\n|switch|p1b: Ogerpon|Ogerpon-Wellspring, F|100\/100\n|-ability|p2b: Weasel|Sword of Ruin\n|turn|6\n|\n|t:|1699749530\n|-terastallize|p1a: Ursaluna|Ghost\n|move|p2b: Weasel|Protect|p2b: Weasel\n|-singleturn|p2b: Weasel|Protect\n|move|p1b: Ogerpon|Play Rough|p2b: Weasel\n|-activate|p2b: Weasel|move: Protect\n|move|p1a: Ursaluna|Blood Moon|p2b: Weasel\n|-activate|p2b: Weasel|move: Protect\n|move|p2a: Stoney J.|Rock Slide|p1b: Ogerpon|[spread] p1a,p1b\n|-damage|p1a: Ursaluna|26\/100\n|-damage|p1b: Ogerpon|61\/100\n|\n|-heal|p1a: Ursaluna|32\/100|[from] item: Leftovers\n|upkeep\n|turn|7\n|\n|t:|1699749547\n|move|p2b: Weasel|Ice Spinner|p1b: Ogerpon\n|-damage|p1b: Ogerpon|0 fnt\n|faint|p1b: Ogerpon\n|move|p2a: Stoney J.|Rock Slide|p1a: Ursaluna\n|-damage|p1a: Ursaluna|8\/100\n|move|p1a: Ursaluna|Earth Power|p2a: Stoney J.\n|-supereffective|p2a: Stoney J.\n|-damage|p2a: Stoney J.|0 fnt\n|faint|p2a: Stoney J.\n|\n|-heal|p1a: Ursaluna|14\/100|[from] item: Leftovers\n|upkeep\n|\n|t:|1699749554\n|switch|p2a: Lord Kanbei|Kingambit, M|100\/100\n|turn|8\n|l|\u2606kingkasper\n|inactive|kingkasper disconnected and has a minute to reconnect!\n|player|p1|\n|inactive|kingkasper has 30 seconds to reconnect!\n|inactive|kingkasper has 20 seconds to reconnect!\n|inactive|kingkasper has 15 seconds to reconnect!\n|inactive|kingkasper has 10 seconds to reconnect!\n|inactive|kingkasper has 5 seconds to reconnect!\n|-message|kingkasper lost due to inactivity.\n|\n|win|Mr.X&Y97\n|raw|kingkasper's rating: 1501 &rarr; <strong>1489<\/strong><br \/>(-12 for losing)\n|raw|Mr.X&amp;Y97's rating: 1646 &rarr; <strong>1658<\/strong><br \/>(+12 for winning)\n","uploadtime":1699749629,"views":4,"p1id":"kingkasper","p2id":"mrxy97","formatid":"gen9doublesou","rating":1489,"private":0,"password":""}