{"id":"gen9doublesou-1998258311","p1":"teedu_111","p2":"OPieceOfHeroGhost","format":"[Gen 9] Doubles OU","log":"|j|\u2606teedu_111\n|j|\u2606OPieceOfHeroGhost\n|t:|1700921025\n|gametype|doubles\n|player|p1|teedu_111|skyla|1373\n|player|p2|OPieceOfHeroGhost|morty|1452\n|teamsize|p1|6\n|teamsize|p2|6\n|gen|9\n|tier|[Gen 9] Doubles OU\n|rated|\n|rule|Species Clause: Limit one of each Pok\u00e9mon\n|rule|OHKO Clause: OHKO moves are banned\n|rule|Evasion Moves Clause: Evasion moves are banned\n|rule|Gravity Sleep Clause: The combination of sleep-inducing moves with imperfect accuracy and Gravity or Gigantamax Orbeetle are banned\n|rule|Endless Battle Clause: Forcing endless battles is banned\n|rule|HP Percentage Mod: HP is shown in percentages\n|clearpoke\n|poke|p1|Cresselia, F|\n|poke|p1|Basculegion-F, F|\n|poke|p1|Ursaluna, L99, M|\n|poke|p1|Heatran, M|\n|poke|p1|Flutter Mane|\n|poke|p1|Amoonguss, L99, M|\n|poke|p2|Heatran, F|\n|poke|p2|Rillaboom, M|\n|poke|p2|Flutter Mane|\n|poke|p2|Chien-Pao|\n|poke|p2|Iron Hands|\n|poke|p2|Landorus-Therian, M|\n|teampreview\n|inactive|Battle timer is ON: inactive players will automatically lose when time's up. (requested by teedu_111)\n|inactive|teedu_111 has 120 seconds left.\n|c|\u2606teedu_111|bro really went on\n|c|\u2606teedu_111|https:\/\/www.smogon.com\/forums\/threads\/sv-doubles-ou-viability-rankings.3710905\/\n|c|\u2606teedu_111|and chose 6 pokemon from tier 1 and2\n|inactive|teedu_111 has 90 seconds left.\n|\n|t:|1700921106\n|start\n|switch|p1a: Flutter Mane|Flutter Mane, shiny|100\/100\n|switch|p1b: Cresselia|Cresselia, F, shiny|100\/100\n|switch|p2a: \u62cd\u6253\u7329|Rillaboom, M|100\/100\n|switch|p2b: \u989d\u554a\uff01\u8150\u8680\u80c6\u6c41\uff01|Heatran, F|100\/100\n|-fieldstart|move: Grassy Terrain|[from] ability: Grassy Surge|[of] p2a: \u62cd\u6253\u7329\n|turn|1\n|\n|t:|1700921127\n|move|p1a: Flutter Mane|Moonblast|p2a: \u62cd\u6253\u7329\n|-damage|p2a: \u62cd\u6253\u7329|33\/100\n|move|p2a: \u62cd\u6253\u7329|U-turn|p1b: Cresselia\n|-supereffective|p1b: Cresselia\n|-damage|p1b: Cresselia|71\/100\n|\n|t:|1700921139\n|switch|p2a: \u4f60\u53d1\u59d0\u6c38\u8fdc\u662f\u4f60\u53d1\u59d0|Flutter Mane|100\/100|[from] U-turn\n|move|p2b: \u989d\u554a\uff01\u8150\u8680\u80c6\u6c41\uff01|Heat Wave|p1a: Flutter Mane|[spread] p1a,p1b\n|-damage|p1a: Flutter Mane|69\/100\n|-damage|p1b: Cresselia|49\/100\n|move|p1b: Cresselia|Trick Room|p1b: Cresselia\n|-fieldstart|move: Trick Room|[of] p1b: Cresselia\n|\n|-heal|p1a: Flutter Mane|75\/100|[from] Grassy Terrain\n|upkeep\n|turn|2\n|\n|t:|1700921165\n|switch|p1b: Ursaluna|Ursaluna, L99, M, shiny|100\/100\n|-terastallize|p2a: \u4f60\u53d1\u59d0\u6c38\u8fdc\u662f\u4f60\u53d1\u59d0|Fairy\n|move|p2b: \u989d\u554a\uff01\u8150\u8680\u80c6\u6c41\uff01|Heat Wave|p1a: Flutter Mane|[spread] p1a,p1b\n|-damage|p1a: Flutter Mane|44\/100\n|-damage|p1b: Ursaluna|66\/100\n|-status|p1b: Ursaluna|brn\n|move|p2a: \u4f60\u53d1\u59d0\u6c38\u8fdc\u662f\u4f60\u53d1\u59d0|Dazzling Gleam|p1a: Flutter Mane|[spread] p1a,p1b\n|-damage|p1a: Flutter Mane|0 fnt\n|-damage|p1b: Ursaluna|4\/100 brn\n|faint|p1a: Flutter Mane\n|-end|p1a: Flutter Mane|Protosynthesis|[silent]\n|\n|-heal|p1b: Ursaluna|10\/100 brn|[from] Grassy Terrain\n|-damage|p1b: Ursaluna|4\/100 brn|[from] brn\n|upkeep\n|inactive|teedu_111 has 120 seconds left.\n|\n|t:|1700921182\n|switch|p1a: Amoonguss|Amoonguss, L99, M, shiny|100\/100\n|turn|3\n|inactive|OPieceOfHeroGhost has 120 seconds left.\n|\n|t:|1700921213\n|-end|p2a: \u4f60\u53d1\u59d0\u6c38\u8fdc\u662f\u4f60\u53d1\u59d0|Protosynthesis|[silent]\n|switch|p2a: \u62cd\u6253\u7329|Rillaboom, M|33\/100\n|move|p2b: \u989d\u554a\uff01\u8150\u8680\u80c6\u6c41\uff01|Protect|p2b: \u989d\u554a\uff01\u8150\u8680\u80c6\u6c41\uff01\n|-singleturn|p2b: \u989d\u554a\uff01\u8150\u8680\u80c6\u6c41\uff01|Protect\n|move|p1a: Amoonguss|Pollen Puff|p1b: Ursaluna\n|-heal|p1b: Ursaluna|54\/100 brn\n|move|p1b: Ursaluna|Facade|p2a: \u62cd\u6253\u7329\n|-damage|p2a: \u62cd\u6253\u7329|0 fnt\n|faint|p2a: \u62cd\u6253\u7329\n|\n|-heal|p1b: Ursaluna|60\/100 brn|[from] Grassy Terrain\n|-damage|p1b: Ursaluna|54\/100 brn|[from] brn\n|upkeep\n|inactive|OPieceOfHeroGhost has 120 seconds left.\n|\n|t:|1700921225\n|switch|p2a: \u4f60\u62cd\u4e94\uff0c\u6211\u62cd\u516d\uff0c\u51fb\u638c\u5947\u88ad\u754f\u4e2a\u7f29|Iron Hands|100\/100\n|turn|4\n|\n|t:|1700921236\n|move|p1a: Amoonguss|Rage Powder|p1a: Amoonguss\n|-singleturn|p1a: Amoonguss|move: Rage Powder\n|move|p1b: Ursaluna|Swords Dance|p1b: Ursaluna\n|-boost|p1b: Ursaluna|atk|2\n|move|p2a: \u4f60\u62cd\u4e94\uff0c\u6211\u62cd\u516d\uff0c\u51fb\u638c\u5947\u88ad\u754f\u4e2a\u7f29|Heavy Slam|p1a: Amoonguss\n|-damage|p1a: Amoonguss|66\/100\n|-damage|p2a: \u4f60\u62cd\u4e94\uff0c\u6211\u62cd\u516d\uff0c\u51fb\u638c\u5947\u88ad\u754f\u4e2a\u7f29|84\/100|[from] item: Rocky Helmet|[of] p1a: Amoonguss\n|move|p2b: \u989d\u554a\uff01\u8150\u8680\u80c6\u6c41\uff01|Heat Wave|p1a: Amoonguss|[spread] p1a,p1b\n|-supereffective|p1a: Amoonguss\n|-damage|p1a: Amoonguss|0 fnt\n|-damage|p1b: Ursaluna|19\/100 brn\n|faint|p1a: Amoonguss\n|\n|-heal|p1b: Ursaluna|25\/100 brn|[from] Grassy Terrain\n|-heal|p2a: \u4f60\u62cd\u4e94\uff0c\u6211\u62cd\u516d\uff0c\u51fb\u638c\u5947\u88ad\u754f\u4e2a\u7f29|90\/100|[from] Grassy Terrain\n|-damage|p1b: Ursaluna|19\/100 brn|[from] brn\n|upkeep\n|\n|t:|1700921248\n|switch|p1a: Heatran|Heatran, M, shiny|100\/100\n|turn|5\n|\n|t:|1700921266\n|move|p2b: \u989d\u554a\uff01\u8150\u8680\u80c6\u6c41\uff01|Protect|p2b: \u989d\u554a\uff01\u8150\u8680\u80c6\u6c41\uff01\n|-singleturn|p2b: \u989d\u554a\uff01\u8150\u8680\u80c6\u6c41\uff01|Protect\n|move|p1b: Ursaluna|Headlong Rush|p2a: \u4f60\u62cd\u4e94\uff0c\u6211\u62cd\u516d\uff0c\u51fb\u638c\u5947\u88ad\u754f\u4e2a\u7f29\n|-supereffective|p2a: \u4f60\u62cd\u4e94\uff0c\u6211\u62cd\u516d\uff0c\u51fb\u638c\u5947\u88ad\u754f\u4e2a\u7f29\n|-damage|p2a: \u4f60\u62cd\u4e94\uff0c\u6211\u62cd\u516d\uff0c\u51fb\u638c\u5947\u88ad\u754f\u4e2a\u7f29|0 fnt\n|-unboost|p1b: Ursaluna|def|1\n|-unboost|p1b: Ursaluna|spd|1\n|faint|p2a: \u4f60\u62cd\u4e94\uff0c\u6211\u62cd\u516d\uff0c\u51fb\u638c\u5947\u88ad\u754f\u4e2a\u7f29\n|-end|p2a: \u4f60\u62cd\u4e94\uff0c\u6211\u62cd\u516d\uff0c\u51fb\u638c\u5947\u88ad\u754f\u4e2a\u7f29|Quark Drive|[silent]\n|move|p1a: Heatran|Earth Power|p2b: \u989d\u554a\uff01\u8150\u8680\u80c6\u6c41\uff01\n|-activate|p2b: \u989d\u554a\uff01\u8150\u8680\u80c6\u6c41\uff01|move: Protect\n|\n|-heal|p1b: Ursaluna|25\/100 brn|[from] Grassy Terrain\n|-damage|p1b: Ursaluna|19\/100 brn|[from] brn\n|-fieldend|move: Trick Room\n|-fieldend|move: Grassy Terrain\n|upkeep\n|\n|t:|1700921280\n|switch|p2a: \u571f\u732b\u8e29\u6211|Landorus-Therian, M|100\/100\n|-ability|p2a: \u571f\u732b\u8e29\u6211|Intimidate|boost\n|-unboost|p1a: Heatran|atk|1\n|-unboost|p1b: Ursaluna|atk|1\n|turn|6\n|\n|t:|1700921291\n|move|p2a: \u571f\u732b\u8e29\u6211|Stomping Tantrum|p1a: Heatran\n|-supereffective|p1a: Heatran\n|-damage|p1a: Heatran|0 fnt\n|faint|p1a: Heatran\n|move|p2b: \u989d\u554a\uff01\u8150\u8680\u80c6\u6c41\uff01|Heat Wave|p1b: Ursaluna\n|-damage|p1b: Ursaluna|0 fnt\n|faint|p1b: Ursaluna\n|\n|upkeep\n|\n|t:|1700921298\n|switch|p1a: Basculegion|Basculegion-F, F|100\/100\n|switch|p1b: Cresselia|Cresselia, F, shiny|49\/100\n|turn|7\n|\n|t:|1700921305\n|move|p2b: \u989d\u554a\uff01\u8150\u8680\u80c6\u6c41\uff01|Protect|p2b: \u989d\u554a\uff01\u8150\u8680\u80c6\u6c41\uff01\n|-singleturn|p2b: \u989d\u554a\uff01\u8150\u8680\u80c6\u6c41\uff01|Protect\n|move|p1b: Cresselia|Ally Switch|p1b: Cresselia\n|swap|p1b: Cresselia|0|[from] move: Ally Switch\n|move|p2a: \u571f\u732b\u8e29\u6211|Stomping Tantrum|p1a: Cresselia\n|-immune|p1a: Cresselia|[from] ability: Levitate\n|move|p1b: Basculegion|Last Respects|p2b: \u989d\u554a\uff01\u8150\u8680\u80c6\u6c41\uff01\n|-activate|p2b: \u989d\u554a\uff01\u8150\u8680\u80c6\u6c41\uff01|move: Protect\n|\n|upkeep\n|turn|8\n|inactive|OPieceOfHeroGhost has 120 seconds left.\n|\n|t:|1700921338\n|switch|p2a: \u4f60\u53d1\u59d0\u6c38\u8fdc\u662f\u4f60\u53d1\u59d0|Flutter Mane, tera:Fairy|100\/100\n|move|p2b: \u989d\u554a\uff01\u8150\u8680\u80c6\u6c41\uff01|Heat Wave|p1a: Cresselia|[spread] p1a,p1b\n|-resisted|p1b: Basculegion\n|-damage|p1a: Cresselia|26\/100\n|-damage|p1b: Basculegion|90\/100\n|move|p1b: Basculegion|Last Respects|p2b: \u989d\u554a\uff01\u8150\u8680\u80c6\u6c41\uff01\n|-damage|p2b: \u989d\u554a\uff01\u8150\u8680\u80c6\u6c41\uff01|0 fnt\n|faint|p2b: \u989d\u554a\uff01\u8150\u8680\u80c6\u6c41\uff01\n|move|p1a: Cresselia|Trick Room|p1a: Cresselia\n|-fieldstart|move: Trick Room|[of] p1a: Cresselia\n|\n|upkeep\n|inactive|OPieceOfHeroGhost has 120 seconds left.\n|\n|t:|1700921351\n|switch|p2b: ku\ud83d\udcb0\u70ae|Chien-Pao|100\/100\n|-ability|p2b: ku\ud83d\udcb0\u70ae|Sword of Ruin\n|turn|9\n|inactive|OPieceOfHeroGhost has 120 seconds left.\n|\n|t:|1700921374\n|-terastallize|p1b: Basculegion|Ghost\n|move|p1a: Cresselia|Ally Switch|p1a: Cresselia\n|swap|p1a: Cresselia|1|[from] move: Ally Switch\n|move|p2b: ku\ud83d\udcb0\u70ae|Sucker Punch|p1a: Basculegion\n|-supereffective|p1a: Basculegion\n|-damage|p1a: Basculegion|0 fnt\n|faint|p1a: Basculegion\n|move|p2a: \u4f60\u53d1\u59d0\u6c38\u8fdc\u662f\u4f60\u53d1\u59d0|Shadow Ball|p1b: Cresselia\n|-supereffective|p1b: Cresselia\n|-damage|p1b: Cresselia|0 fnt\n|faint|p1b: Cresselia\n|\n|win|OPieceOfHeroGhost\n|raw|teedu_111's rating: 1373 &rarr; <strong>1357<\/strong><br \/>(-16 for losing)\n|raw|OPieceOfHeroGhost's rating: 1452 &rarr; <strong>1468<\/strong><br \/>(+16 for winning)\n","uploadtime":1700921382,"views":0,"p1id":"teedu111","p2id":"opieceofheroghost","formatid":"gen9doublesou","rating":1357,"private":0,"password":""}