{"id":"gen9doublesou-1994952023","p1":"Maric28","p2":"TugfaprroxDxD","format":"[Gen 9] Doubles OU","log":"|j|\u2606Maric28\n|j|\u2606TugfaprroxDxD\n|t:|1700507561\n|gametype|doubles\n|player|p1|Maric28|102|1157\n|player|p2|TugfaprroxDxD|2|1108\n|teamsize|p1|6\n|teamsize|p2|6\n|gen|9\n|tier|[Gen 9] Doubles OU\n|rated|\n|rule|Species Clause: Limit one of each Pok\u00e9mon\n|rule|OHKO Clause: OHKO moves are banned\n|rule|Evasion Moves Clause: Evasion moves are banned\n|rule|Gravity Sleep Clause: The combination of sleep-inducing moves with imperfect accuracy and Gravity or Gigantamax Orbeetle are banned\n|rule|Endless Battle Clause: Forcing endless battles is banned\n|rule|HP Percentage Mod: HP is shown in percentages\n|clearpoke\n|poke|p1|Decidueye, F|\n|poke|p1|Empoleon, F|\n|poke|p1|Typhlosion-Hisui, F|\n|poke|p1|Mienshao, F|\n|poke|p1|Ogerpon-Cornerstone, F|\n|poke|p1|Tornadus, M|\n|poke|p2|Klefki, F|\n|poke|p2|Skeledirge, F|\n|poke|p2|Inteleon, F|\n|poke|p2|Talonflame, M|\n|poke|p2|Enamorus, F|\n|poke|p2|Clodsire, M|\n|teampreview\n|inactive|Battle timer is ON: inactive players will automatically lose when time's up. (requested by Maric28)\n|\n|t:|1700507572\n|start\n|switch|p1a: Decidueye|Decidueye, F|100\/100\n|switch|p1b: Empoleon|Empoleon, F|100\/100\n|switch|p2a: Clodsire|Clodsire, M|100\/100\n|switch|p2b: Enamorus|Enamorus, F|100\/100\n|turn|1\n|\n|t:|1700507583\n|move|p2b: Enamorus|Earth Power|p1b: Empoleon\n|-supereffective|p1b: Empoleon\n|-damage|p1b: Empoleon|39\/100\n|move|p1a: Decidueye|Grass Pledge|p2a: Clodsire\n|-waiting|p1a: Decidueye|p1b: Empoleon\n|move|p1b: Empoleon|Water Pledge|p2a: Clodsire|[from]move: Grass Pledge\n|-combine\n|-damage|p2a: Clodsire|32\/100\n|-sidestart|p2: TugfaprroxDxD|Grass Pledge\n|-damage|p1b: Empoleon|29\/100|[from] item: Life Orb\n|move|p2a: Clodsire|Toxic Spikes|p1b: Empoleon\n|-sidestart|p1: Maric28|move: Toxic Spikes\n|\n|-heal|p2a: Clodsire|39\/100|[from] item: Black Sludge\n|upkeep\n|turn|2\n|\n|t:|1700507607\n|move|p1a: Decidueye|Shadow Ball|p2a: Clodsire\n|-damage|p2a: Clodsire|10\/100\n|move|p1b: Empoleon|Ice Beam|p2b: Enamorus\n|-supereffective|p2b: Enamorus\n|-damage|p2b: Enamorus|0 fnt\n|faint|p2b: Enamorus\n|-damage|p1b: Empoleon|19\/100|[from] item: Life Orb\n|move|p2a: Clodsire|Toxic Spikes|p1a: Decidueye\n|-sidestart|p1: Maric28|move: Toxic Spikes\n|\n|-heal|p2a: Clodsire|16\/100|[from] item: Black Sludge\n|upkeep\n|\n|t:|1700507618\n|switch|p2b: Inteleon|Inteleon, F|100\/100\n|turn|3\n|\n|t:|1700507626\n|move|p1a: Decidueye|Grass Pledge|p2b: Inteleon\n|-supereffective|p2b: Inteleon\n|-enditem|p2b: Inteleon|Focus Sash\n|-damage|p2b: Inteleon|1\/100\n|move|p1b: Empoleon|Roost|p1b: Empoleon\n|-heal|p1b: Empoleon|69\/100\n|-singleturn|p1b: Empoleon|move: Roost\n|move|p2b: Inteleon|Surf|p1a: Decidueye|[spread] p1a,p1b\n|-heal|p2a: Clodsire|41\/100|[from] ability: Water Absorb|[of] p2b: Inteleon\n|-resisted|p1a: Decidueye\n|-resisted|p1b: Empoleon\n|-damage|p1a: Decidueye|84\/100\n|-damage|p1b: Empoleon|55\/100\n|move|p2a: Clodsire|Stealth Rock|p1b: Empoleon\n|-sidestart|p1: Maric28|move: Stealth Rock\n|\n|-heal|p2a: Clodsire|48\/100|[from] item: Black Sludge\n|upkeep\n|turn|4\n|\n|t:|1700507650\n|-terastallize|p1b: Empoleon|Water\n|move|p1a: Decidueye|Grass Pledge|p2b: Inteleon\n|-supereffective|p2b: Inteleon\n|-damage|p2b: Inteleon|0 fnt\n|faint|p2b: Inteleon\n|move|p1b: Empoleon|Roost|p1b: Empoleon\n|-heal|p1b: Empoleon|100\/100\n|move|p2a: Clodsire|Stomping Tantrum|p1b: Empoleon\n|-damage|p1b: Empoleon|71\/100\n|\n|-heal|p2a: Clodsire|54\/100|[from] item: Black Sludge\n|-sideend|p2: TugfaprroxDxD|Grass Pledge\n|upkeep\n|inactive|TugfaprroxDxD has 120 seconds left.\n|\n|t:|1700507670\n|switch|p2b: Klefki|Klefki, F|100\/100\n|turn|5\n|\n|t:|1700507698\n|move|p2b: Klefki|Calm Mind|p2b: Klefki\n|-boost|p2b: Klefki|spa|1\n|-boost|p2b: Klefki|spd|1\n|move|p1a: Decidueye|Grass Pledge|p2a: Clodsire\n|-waiting|p1a: Decidueye|p1b: Empoleon\n|move|p1b: Empoleon|Water Pledge|p2a: Clodsire|[from]move: Grass Pledge\n|-combine\n|-damage|p2a: Clodsire|0 fnt\n|-sidestart|p2: TugfaprroxDxD|Grass Pledge\n|faint|p2a: Clodsire\n|-damage|p1b: Empoleon|61\/100|[from] item: Life Orb\n|\n|upkeep\n|\n|t:|1700507709\n|switch|p2a: Talonflame|Talonflame, M|100\/100\n|turn|6\n|\n|t:|1700507719\n|switch|p1a: Typhlosion|Typhlosion-Hisui, F|100\/100\n|-status|p1a: Typhlosion|tox\n|-damage|p1a: Typhlosion|76\/100 tox|[from] Stealth Rock\n|move|p2a: Talonflame|Protect|p2a: Talonflame\n|-singleturn|p2a: Talonflame|Protect\n|move|p2b: Klefki|Thunder Wave|p1b: Empoleon\n|-status|p1b: Empoleon|par\n|move|p1b: Empoleon|Water Pledge|p2a: Talonflame\n|-activate|p2a: Talonflame|move: Protect\n|\n|-damage|p1a: Typhlosion|70\/100 tox|[from] psn\n|upkeep\n|turn|7\n|\n|t:|1700507739\n|move|p2a: Talonflame|Brave Bird|p1a: Typhlosion\n|-damage|p1a: Typhlosion|0 fnt\n|faint|p1a: Typhlosion\n|-damage|p2a: Talonflame|78\/100|[from] Recoil\n|move|p1b: Empoleon|Ice Beam|p2a: Talonflame\n|-damage|p2a: Talonflame|15\/100\n|-damage|p1b: Empoleon|51\/100 par|[from] item: Life Orb\n|move|p2b: Klefki|Draining Kiss|p1b: Empoleon\n|-damage|p1b: Empoleon|20\/100 par\n|\n|-heal|p2a: Talonflame|21\/100|[from] item: Leftovers\n|upkeep\n|inactive|Maric28 has 120 seconds left.\n|\n|t:|1700507759\n|switch|p1a: Decidueye|Decidueye, F|84\/100\n|-status|p1a: Decidueye|tox\n|-damage|p1a: Decidueye|72\/100 tox|[from] Stealth Rock\n|turn|8\n|\n|t:|1700507773\n|move|p1a: Decidueye|Shadow Ball|p2a: Talonflame\n|-damage|p2a: Talonflame|0 fnt\n|faint|p2a: Talonflame\n|cant|p1b: Empoleon|par\n|move|p2b: Klefki|Draining Kiss|p1b: Empoleon\n|-damage|p1b: Empoleon|0 fnt\n|faint|p1b: Empoleon\n|\n|-damage|p1a: Decidueye|66\/100 tox|[from] psn\n|-sideend|p2: TugfaprroxDxD|Grass Pledge\n|upkeep\n|inactive|Maric28 has 120 seconds left.\n|\n|t:|1700507808\n|switch|p2a: Skeleeer|Skeledirge, F|100\/100\n|switch|p1b: Ogerpon|Ogerpon-Cornerstone, F|100\/100\n|-status|p1b: Ogerpon|tox\n|-damage|p1b: Ogerpon|88\/100 tox|[from] Stealth Rock\n|turn|9\n|\n|t:|1700507832\n|move|p1b: Ogerpon|Swords Dance|p1b: Ogerpon\n|-boost|p1b: Ogerpon|atk|2\n|move|p2b: Klefki|Draining Kiss|p1a: Decidueye\n|-damage|p1a: Decidueye|35\/100 tox\n|move|p1a: Decidueye|Shadow Ball|p2a: Skeleeer\n|-supereffective|p2a: Skeleeer\n|-damage|p2a: Skeleeer|22\/100\n|move|p2a: Skeleeer|Torch Song|p1b: Ogerpon\n|-damage|p1b: Ogerpon|42\/100 tox\n|-boost|p2a: Skeleeer|spa|1\n|\n|-heal|p2a: Skeleeer|28\/100|[from] item: Leftovers\n|-damage|p1b: Ogerpon|36\/100 tox|[from] psn\n|-damage|p1a: Decidueye|23\/100 tox|[from] psn\n|upkeep\n|-enditem|p1a: Decidueye|Iapapa Berry|[eat]\n|-heal|p1a: Decidueye|56\/100 tox|[from] item: Iapapa Berry\n|turn|10\n|\n|t:|1700507862\n|move|p1b: Ogerpon|Ivy Cudgel|p2b: Klefki|[anim] Ivy Cudgel Rock\n|-resisted|p2b: Klefki\n|-damage|p2b: Klefki|30\/100\n|move|p2b: Klefki|Draining Kiss|p1b: Ogerpon\n|-damage|p1b: Ogerpon|0 fnt\n|-heal|p2b: Klefki|55\/100|[from] drain|[of] p1b: Ogerpon\n|faint|p1b: Ogerpon\n|move|p1a: Decidueye|Shadow Ball|p2a: Skeleeer\n|-supereffective|p2a: Skeleeer\n|-damage|p2a: Skeleeer|0 fnt\n|faint|p2a: Skeleeer\n|\n|-heal|p2b: Klefki|61\/100|[from] item: Leftovers\n|-damage|p1a: Decidueye|37\/100 tox|[from] psn\n|upkeep\n|inactive|Maric28 has 120 seconds left.\n|\n|t:|1700507901\n|switch|p1b: Mienshao|Mienshao, F|100\/100\n|-status|p1b: Mienshao|tox\n|-damage|p1b: Mienshao|95\/100 tox|[from] Stealth Rock\n|turn|11\n|\n|t:|1700507909\n|move|p1b: Mienshao|Fake Out|p2b: Klefki\n|-resisted|p2b: Klefki\n|-damage|p2b: Klefki|53\/100\n|cant|p2b: Klefki|flinch\n|move|p1a: Decidueye|Shadow Ball|p2b: Klefki\n|-damage|p2b: Klefki|23\/100\n|\n|-heal|p2b: Klefki|29\/100|[from] item: Leftovers\n|-damage|p1b: Mienshao|89\/100 tox|[from] psn\n|-damage|p1a: Decidueye|13\/100 tox|[from] psn\n|upkeep\n|turn|12\n|\n|t:|1700507922\n|move|p1b: Mienshao|Knock Off|p2b: Klefki\n|-resisted|p2b: Klefki\n|-damage|p2b: Klefki|9\/100\n|-enditem|p2b: Klefki|Leftovers|[from] move: Knock Off|[of] p1b: Mienshao\n|move|p2b: Klefki|Draining Kiss|p1b: Mienshao\n|-supereffective|p1b: Mienshao\n|-damage|p1b: Mienshao|7\/100 tox\n|-heal|p2b: Klefki|62\/100|[from] drain|[of] p1b: Mienshao\n|move|p1a: Decidueye|Shadow Ball|p2b: Klefki\n|-damage|p2b: Klefki|31\/100\n|\n|-damage|p1b: Mienshao|0 fnt|[from] psn\n|faint|p1b: Mienshao\n|-damage|p1a: Decidueye|0 fnt|[from] psn\n|faint|p1a: Decidueye\n|upkeep\n|inactive|Maric28 has 120 seconds left.\n|\n|t:|1700507937\n|switch|p1a: Tornadus|Tornadus, M|100\/100\n|-damage|p1a: Tornadus|76\/100|[from] Stealth Rock\n|turn|13\n|\n|t:|1700507953\n|move|p2b: Klefki|Thunder Wave|p1a: Tornadus|[miss]\n|-miss|p2b: Klefki|p1a: Tornadus\n|move|p1a: Tornadus|Brick Break|p2b: Klefki\n|-damage|p2b: Klefki|2\/100\n|\n|upkeep\n|turn|14\n|c|\u2606TugfaprroxDxD|._. xD\n|\n|t:|1700507962\n|move|p2b: Klefki|Thunder Wave|p1a: Tornadus\n|-status|p1a: Tornadus|par\n|cant|p1a: Tornadus|par\n|\n|upkeep\n|turn|15\n|\n|t:|1700507972\n|move|p2b: Klefki|Draining Kiss|p1a: Tornadus\n|-damage|p1a: Tornadus|33\/100 par\n|-heal|p2b: Klefki|33\/100|[from] drain|[of] p1a: Tornadus\n|move|p1a: Tornadus|Brick Break|p2b: Klefki\n|-damage|p2b: Klefki|2\/100\n|\n|upkeep\n|turn|16\n|\n|t:|1700507981\n|move|p2b: Klefki|Draining Kiss|p1a: Tornadus\n|-damage|p1a: Tornadus|0 fnt\n|-heal|p2b: Klefki|25\/100|[from] drain|[of] p1a: Tornadus\n|faint|p1a: Tornadus\n|\n|win|TugfaprroxDxD\n|raw|Maric28's rating: 1157 &rarr; <strong>1128<\/strong><br \/>(-29 for losing)\n|raw|TugfaprroxDxD's rating: 1108 &rarr; <strong>1137<\/strong><br \/>(+29 for winning)\n|l|\u2606Maric28\n","uploadtime":1700507994,"views":5,"p1id":"maric28","p2id":"tugfaprroxdxd","formatid":"gen9doublesou","rating":1128,"private":0,"password":""}