{"id":"gen9doublesou-1976352069","p1":"ankleosuaryus","p2":"SXD2002","format":"[Gen 9] Doubles OU","log":"|j|\u2606ankleosuaryus\n|j|\u2606SXD2002\n|t:|1698290048\n|gametype|doubles\n|player|p1|ankleosuaryus|102|1011\n|player|p2|SXD2002|silver-masters|1111\n|teamsize|p1|6\n|teamsize|p2|6\n|gen|9\n|tier|[Gen 9] Doubles OU\n|rated|\n|rule|Species Clause: Limit one of each Pok\u00e9mon\n|rule|OHKO Clause: OHKO moves are banned\n|rule|Evasion Moves Clause: Evasion moves are banned\n|rule|Gravity Sleep Clause: The combination of sleep-inducing moves with imperfect accuracy and Gravity or Gigantamax Orbeetle are banned\n|rule|Endless Battle Clause: Forcing endless battles is banned\n|rule|HP Percentage Mod: HP is shown in percentages\n|clearpoke\n|poke|p1|Clefairy, F|\n|poke|p1|Palafin, F|\n|poke|p1|Infernape, M|\n|poke|p1|Sinistcha|\n|poke|p1|Ninetales, M|\n|poke|p1|Slowbro-Galar, M|\n|poke|p2|Lurantis, F|\n|poke|p2|Murkrow, F|\n|poke|p2|Grimmsnarl, M|\n|poke|p2|Clefairy, F|\n|poke|p2|Talonflame, M|\n|poke|p2|Espeon, M|\n|teampreview\n|inactive|Battle timer is ON: inactive players will automatically lose when time's up. (requested by SXD2002)\n|inactive|ankleosuaryus has 120 seconds left.\n|\n|t:|1698290100\n|start\n|switch|p1a: Infernape|Infernape, M|100\/100\n|switch|p1b: Palafin|Palafin, F|100\/100\n|switch|p2a: Murkrow|Murkrow, F|100\/100\n|switch|p2b: Lurantis|Lurantis, F|100\/100\n|turn|1\n|inactive|SXD2002 has 120 seconds left.\n|\n|t:|1698290136\n|move|p2b: Lurantis|Protect|p2b: Lurantis\n|-singleturn|p2b: Lurantis|Protect\n|move|p2a: Murkrow|Feather Dance|p1a: Infernape\n|-unboost|p1a: Infernape|atk|2\n|move|p1a: Infernape|Aura Sphere|p2a: Murkrow\n|-damage|p2a: Murkrow|50\/100\n|move|p1b: Palafin|Haze|p1b: Palafin\n|-clearallboost\n|\n|upkeep\n|turn|2\n|inactive|SXD2002 has 120 seconds left.\n|inactive|ankleosuaryus has 120 seconds left.\n|\n|t:|1698290173\n|move|p2a: Murkrow|Thunder Wave|p1a: Infernape\n|-status|p1a: Infernape|par\n|move|p1b: Palafin|Wave Crash|p2b: Lurantis\n|-resisted|p2b: Lurantis\n|-damage|p2b: Lurantis|73\/100\n|-damage|p1b: Palafin|91\/100|[from] Recoil\n|move|p1a: Infernape|Aura Sphere|p2b: Lurantis\n|-damage|p2b: Lurantis|31\/100\n|move|p2b: Lurantis|Leaf Storm|p1b: Palafin\n|-supereffective|p1b: Palafin\n|-damage|p1b: Palafin|0 fnt\n|-boost|p2b: Lurantis|spa|2\n|faint|p1b: Palafin\n|\n|-heal|p2b: Lurantis|37\/100|[from] item: Leftovers\n|upkeep\n|\n|t:|1698290193\n|switch|p1b: Clefairy|Clefairy, F|100\/100\n|turn|3\n|inactive|ankleosuaryus has 120 seconds left.\n|\n|t:|1698290204\n|move|p2b: Lurantis|Protect|p2b: Lurantis\n|-singleturn|p2b: Lurantis|Protect\n|move|p2a: Murkrow|Snarl|p1a: Infernape|[spread] p1a,p1b\n|-resisted|p1a: Infernape\n|-crit|p1a: Infernape\n|-resisted|p1b: Clefairy\n|-damage|p1a: Infernape|90\/100 par\n|-damage|p1b: Clefairy|96\/100\n|-unboost|p1a: Infernape|spa|1\n|-unboost|p1b: Clefairy|spa|1\n|move|p1a: Infernape|Aura Sphere|p2b: Lurantis\n|-activate|p2b: Lurantis|move: Protect\n|move|p1b: Clefairy|Moonblast|p2a: Murkrow\n|-supereffective|p2a: Murkrow\n|-damage|p2a: Murkrow|21\/100\n|-unboost|p2a: Murkrow|spa|1\n|\n|-heal|p2b: Lurantis|43\/100|[from] item: Leftovers\n|upkeep\n|turn|4\n|\n|t:|1698290232\n|move|p2a: Murkrow|Feather Dance|p2b: Lurantis\n|-boost|p2b: Lurantis|atk|2\n|move|p1a: Infernape|Aura Sphere|p2a: Murkrow\n|-damage|p2a: Murkrow|0 fnt\n|faint|p2a: Murkrow\n|move|p2b: Lurantis|Superpower|p1a: Infernape\n|-damage|p1a: Infernape|20\/100 par\n|-boost|p2b: Lurantis|atk|1\n|-boost|p2b: Lurantis|def|1\n|move|p1b: Clefairy|Life Dew|p1b: Clefairy|[spread] p1a,p1b\n|-heal|p1a: Infernape|45\/100 par\n|-heal|p1b: Clefairy|100\/100\n|\n|-heal|p2b: Lurantis|49\/100|[from] item: Leftovers\n|upkeep\n|inactive|SXD2002 has 120 seconds left.\n|\n|t:|1698290245\n|switch|p2a: Grimmsnarl|Grimmsnarl, M|100\/100\n|turn|5\n|\n|t:|1698290267\n|move|p2a: Grimmsnarl|Fake Tears|p2b: Lurantis\n|-boost|p2b: Lurantis|spd|2\n|move|p1a: Infernape|Aura Sphere|p2a: Grimmsnarl\n|-damage|p2a: Grimmsnarl|69\/100\n|move|p2b: Lurantis|Superpower|p1a: Infernape\n|-damage|p1a: Infernape|0 fnt\n|-boost|p2b: Lurantis|atk|1\n|-boost|p2b: Lurantis|def|1\n|faint|p1a: Infernape\n|move|p1b: Clefairy|Knock Off|p2b: Lurantis\n|-damage|p2b: Lurantis|42\/100\n|-enditem|p2b: Lurantis|Leftovers|[from] move: Knock Off|[of] p1b: Clefairy\n|\n|-heal|p2a: Grimmsnarl|75\/100|[from] item: Leftovers\n|upkeep\n|inactive|ankleosuaryus has 120 seconds left.\n|\n|t:|1698290289\n|switch|p1a: Slowbro|Slowbro-Galar, M|100\/100\n|turn|6\n|-activate|p1a: Slowbro|ability: Quick Draw\n|\n|t:|1698290298\n|-terastallize|p2b: Lurantis|Steel\n|move|p1b: Clefairy|Helping Hand|p1a: Slowbro\n|-singleturn|p1a: Slowbro|Helping Hand|[of] p1b: Clefairy\n|move|p2a: Grimmsnarl|Fake Tears|p2b: Lurantis\n|-boost|p2b: Lurantis|spd|2\n|move|p1a: Slowbro|Shell Side Arm|p2b: Lurantis|[anim] Shell Side Arm Physical\n|-immune|p2b: Lurantis\n|move|p2b: Lurantis|Leech Life|p1a: Slowbro\n|-damage|p1a: Slowbro|63\/100\n|-heal|p2b: Lurantis|61\/100|[from] drain|[of] p1a: Slowbro\n|\n|-heal|p2a: Grimmsnarl|81\/100|[from] item: Leftovers\n|upkeep\n|turn|7\n|\n|t:|1698290321\n|move|p1b: Clefairy|Helping Hand|p1a: Slowbro\n|-singleturn|p1a: Slowbro|Helping Hand|[of] p1b: Clefairy\n|move|p2a: Grimmsnarl|Fake Tears|p2b: Lurantis\n|-boost|p2b: Lurantis|spd|2\n|move|p2b: Lurantis|Leech Life|p1a: Slowbro\n|-damage|p1a: Slowbro|25\/100\n|-heal|p2b: Lurantis|81\/100|[from] drain|[of] p1a: Slowbro\n|move|p1a: Slowbro|Body Press|p2b: Lurantis\n|-supereffective|p2b: Lurantis\n|-damage|p2b: Lurantis|50\/100\n|\n|-heal|p2a: Grimmsnarl|88\/100|[from] item: Leftovers\n|upkeep\n|turn|8\n|-activate|p1a: Slowbro|ability: Quick Draw\n|\n|t:|1698290343\n|move|p1b: Clefairy|Helping Hand|p1a: Slowbro\n|-singleturn|p1a: Slowbro|Helping Hand|[of] p1b: Clefairy\n|move|p2a: Grimmsnarl|Scary Face|p2b: Lurantis\n|-boost|p2b: Lurantis|spe|2\n|move|p1a: Slowbro|Body Press|p2b: Lurantis\n|-supereffective|p2b: Lurantis\n|-damage|p2b: Lurantis|15\/100\n|move|p2b: Lurantis|Leech Life|p1a: Slowbro\n|-damage|p1a: Slowbro|0 fnt\n|-heal|p2b: Lurantis|28\/100|[from] drain|[of] p1a: Slowbro\n|faint|p1a: Slowbro\n|\n|-heal|p2a: Grimmsnarl|94\/100|[from] item: Leftovers\n|upkeep\n|\n|t:|1698290359\n|switch|p1a: Ninetales|Ninetales, M|100\/100\n|-weather|SunnyDay|[from] ability: Drought|[of] p1a: Ninetales\n|turn|9\n|\n|t:|1698290379\n|move|p2b: Lurantis|Protect|p2b: Lurantis\n|-singleturn|p2b: Lurantis|Protect\n|move|p2a: Grimmsnarl|Parting Shot|p1a: Ninetales\n|-unboost|p1a: Ninetales|atk|1\n|-unboost|p1a: Ninetales|spa|1\n|\n|t:|1698290385\n|switch|p2a: Clefairy|Clefairy, F|100\/100|[from] Parting Shot\n|move|p1a: Ninetales|Flamethrower|p2b: Lurantis\n|-activate|p2b: Lurantis|move: Protect\n|move|p1b: Clefairy|Moonblast|p2a: Clefairy\n|-damage|p2a: Clefairy|89\/100\n|\n|-weather|SunnyDay|[upkeep]\n|upkeep\n|turn|10\n|\n|t:|1698290405\n|move|p2a: Clefairy|Follow Me|p2a: Clefairy\n|-singleturn|p2a: Clefairy|move: Follow Me\n|move|p1a: Ninetales|Flamethrower|p2a: Clefairy\n|-damage|p2a: Clefairy|69\/100\n|move|p2b: Lurantis|Superpower|p1a: Ninetales\n|-damage|p1a: Ninetales|30\/100\n|-boost|p2b: Lurantis|atk|1\n|-boost|p2b: Lurantis|def|1\n|move|p1b: Clefairy|Life Dew||[still]|[spread] p1a,p1b\n|-heal|p1a: Ninetales|55\/100\n|-fail|p1b: Clefairy|heal\n|\n|-weather|SunnyDay|[upkeep]\n|upkeep\n|turn|11\n|\n|t:|1698290431\n|switch|p1a: Sinistcha|Sinistcha|100\/100\n|move|p2a: Clefairy|Follow Me|p2a: Clefairy\n|-singleturn|p2a: Clefairy|move: Follow Me\n|move|p2b: Lurantis|Superpower|p1a: Sinistcha\n|-immune|p1a: Sinistcha\n|move|p1b: Clefairy|Knock Off|p2a: Clefairy\n|-resisted|p2a: Clefairy\n|-damage|p2a: Clefairy|61\/100\n|-enditem|p2a: Clefairy|Eviolite|[from] move: Knock Off|[of] p1b: Clefairy\n|\n|-weather|SunnyDay|[upkeep]\n|upkeep\n|turn|12\n|\n|t:|1698290453\n|move|p2b: Lurantis|Protect|p2b: Lurantis\n|-singleturn|p2b: Lurantis|Protect\n|move|p1a: Sinistcha|Shadow Ball|p2b: Lurantis\n|-activate|p2b: Lurantis|move: Protect\n|move|p1b: Clefairy|Moonblast|p2a: Clefairy\n|-damage|p2a: Clefairy|45\/100\n|-unboost|p2a: Clefairy|spa|1\n|move|p2a: Clefairy|Life Dew|p2a: Clefairy|[spread] p2a,p2b\n|-heal|p2a: Clefairy|70\/100\n|-heal|p2b: Lurantis|53\/100\n|\n|-weather|SunnyDay|[upkeep]\n|upkeep\n|turn|13\n|\n|t:|1698290471\n|move|p2a: Clefairy|Helping Hand|p2b: Lurantis\n|-singleturn|p2b: Lurantis|Helping Hand|[of] p2a: Clefairy\n|move|p2b: Lurantis|Leech Life|p1a: Sinistcha\n|-damage|p1a: Sinistcha|28\/100\n|-heal|p2b: Lurantis|85\/100|[from] drain|[of] p1a: Sinistcha\n|move|p1a: Sinistcha|Matcha Gotcha|p2b: Lurantis|[spread] p2a,p2b\n|-resisted|p2b: Lurantis\n|-damage|p2a: Clefairy|40\/100\n|-heal|p1a: Sinistcha|45\/100|[from] drain|[of] p2a: Clefairy\n|-damage|p2b: Lurantis|82\/100\n|-heal|p1a: Sinistcha|47\/100|[from] drain|[of] p2b: Lurantis\n|move|p1b: Clefairy|Moonblast|p2a: Clefairy\n|-damage|p2a: Clefairy|24\/100\n|\n|-weather|SunnyDay|[upkeep]\n|upkeep\n|turn|14\n|\n|t:|1698290493\n|move|p1b: Clefairy|Helping Hand|p1a: Sinistcha\n|-singleturn|p1a: Sinistcha|Helping Hand|[of] p1b: Clefairy\n|move|p2a: Clefairy|Helping Hand|p2b: Lurantis\n|-singleturn|p2b: Lurantis|Helping Hand|[of] p2a: Clefairy\n|move|p2b: Lurantis|Leech Life|p1a: Sinistcha\n|-damage|p1a: Sinistcha|0 fnt\n|-heal|p2b: Lurantis|100\/100|[from] drain|[of] p1a: Sinistcha\n|faint|p1a: Sinistcha\n|\n|-weather|SunnyDay|[upkeep]\n|upkeep\n|\n|t:|1698290506\n|switch|p1a: Ninetales|Ninetales, M|55\/100\n|turn|15\n|\n|t:|1698290513\n|move|p2a: Clefairy|Follow Me|p2a: Clefairy\n|-singleturn|p2a: Clefairy|move: Follow Me\n|move|p1a: Ninetales|Flamethrower|p2a: Clefairy\n|-damage|p2a: Clefairy|0 fnt\n|faint|p2a: Clefairy\n|move|p2b: Lurantis|Superpower|p1a: Ninetales\n|-damage|p1a: Ninetales|0 fnt\n|-boost|p2b: Lurantis|atk|1\n|-boost|p2b: Lurantis|def|1\n|faint|p1a: Ninetales\n|move|p1b: Clefairy|Life Dew||[still]\n|-fail|p1b: Clefairy|heal\n|\n|-weather|SunnyDay|[upkeep]\n|upkeep\n|-message|ankleosuaryus forfeited.\n|\n|win|SXD2002\n|raw|ankleosuaryus's rating: 1011 &rarr; <strong>1003<\/strong><br \/>(-8 for losing)\n|raw|SXD2002's rating: 1111 &rarr; <strong>1129<\/strong><br \/>(+18 for winning)\n|l|\u2606ankleosuaryus\n","uploadtime":1698290528,"views":17,"p1id":"ankleosuaryus","p2id":"sxd2002","formatid":"gen9doublesou","rating":1003,"private":0,"password":""}