{"id":"gen9doublesou-1969372394","p1":"squallo","p2":"Connman361","format":"[Gen 9] Doubles OU","log":"|j|\u203dsquallo\n|j|\u2606Connman361\n|t:|1697521263\n|gametype|doubles\n|player|p1|squallo|bugcatcher-gen4dp|1282\n|player|p2|Connman361|hoopster|1458\n|teamsize|p1|6\n|teamsize|p2|6\n|gen|9\n|tier|[Gen 9] Doubles OU\n|rated|\n|rule|Species Clause: Limit one of each Pok\u00e9mon\n|rule|OHKO Clause: OHKO moves are banned\n|rule|Evasion Moves Clause: Evasion moves are banned\n|rule|Gravity Sleep Clause: The combination of sleep-inducing moves with imperfect accuracy and Gravity or Gigantamax Orbeetle are banned\n|rule|Endless Battle Clause: Forcing endless battles is banned\n|rule|HP Percentage Mod: HP is shown in percentages\n|clearpoke\n|poke|p1|Sableye, M|\n|poke|p1|Milotic, F|\n|poke|p1|Garchomp, M|\n|poke|p1|Moltres|\n|poke|p1|Ditto|\n|poke|p1|Sudowoodo, M|\n|poke|p2|Fezandipiti, M|\n|poke|p2|Kingambit, M|\n|poke|p2|Okidogi, M|\n|poke|p2|Rillaboom, F|\n|poke|p2|Landorus-Therian, M|\n|poke|p2|Iron Bundle|\n|teampreview\n|inactive|Battle timer is ON: inactive players will automatically lose when time's up. (requested by squallo)\n|\n|t:|1697521281\n|start\n|switch|p1a: Ditto|Ditto, shiny|100\/100\n|switch|p1b: Milotic|Milotic, F, shiny|100\/100\n|switch|p2a: Fezandipiti|Fezandipiti, M|100\/100\n|switch|p2b: Rillaboom|Rillaboom, F|100\/100\n|-transform|p1a: Ditto|p2b: Rillaboom|[from] ability: Imposter\n|-fieldstart|move: Grassy Terrain|[from] ability: Grassy Surge|[of] p1a: Ditto\n|turn|1\n|\n|t:|1697521294\n|switch|p1b: Sableye|Sableye, M, shiny|100\/100\n|move|p1a: Ditto|Fake Out|p2a: Fezandipiti\n|-damage|p2a: Fezandipiti|86\/100\n|cant|p2a: Fezandipiti|flinch\n|move|p2b: Rillaboom|Wood Hammer|p1b: Sableye\n|-damage|p1b: Sableye|24\/100\n|-damage|p2b: Rillaboom|81\/100|[from] Recoil\n|\n|-heal|p2a: Fezandipiti|92\/100|[from] Grassy Terrain\n|-heal|p2a: Fezandipiti|98\/100|[from] item: Black Sludge\n|-heal|p2b: Rillaboom|88\/100|[from] Grassy Terrain\n|-heal|p1b: Sableye|30\/100|[from] Grassy Terrain\n|upkeep\n|turn|2\n|\n|t:|1697521319\n|switch|p1a: Garchomp|Garchomp, M, shiny|100\/100\n|switch|p2b: Landorus|Landorus-Therian, M|100\/100\n|-ability|p2b: Landorus|Intimidate|boost\n|-unboost|p1a: Garchomp|atk|1\n|-unboost|p1b: Sableye|atk|1\n|-terastallize|p1b: Sableye|Steel\n|move|p1b: Sableye|Reflect|p1b: Sableye\n|-sidestart|p1: squallo|Reflect\n|move|p2a: Fezandipiti|Icy Wind|p1a: Garchomp|[spread] p1a,p1b\n|-supereffective|p1a: Garchomp\n|-resisted|p1b: Sableye\n|-damage|p1a: Garchomp|69\/100\n|-damage|p1b: Sableye|25\/100\n|-unboost|p1a: Garchomp|spe|1\n|-unboost|p1b: Sableye|spe|1\n|\n|-heal|p2a: Fezandipiti|100\/100|[from] Grassy Terrain\n|-heal|p1a: Garchomp|75\/100|[from] Grassy Terrain\n|-heal|p1b: Sableye|31\/100|[from] Grassy Terrain\n|upkeep\n|turn|3\n|\n|t:|1697521340\n|switch|p1a: Milotic|Milotic, F, shiny|100\/100\n|move|p1b: Sableye|Will-O-Wisp|p2b: Landorus\n|-status|p2b: Landorus|brn\n|move|p2a: Fezandipiti|Icy Wind|p1a: Milotic|[spread] p1a,p1b\n|-resisted|p1a: Milotic\n|-resisted|p1b: Sableye\n|-damage|p1a: Milotic|98\/100\n|-damage|p1b: Sableye|26\/100\n|-unboost|p1a: Milotic|spe|1\n|-ability|p1a: Milotic|Competitive|boost\n|-boost|p1a: Milotic|spa|2\n|-unboost|p1b: Sableye|spe|1\n|-status|p1a: Milotic|tox|[from] ability: Toxic Chain|[of] p2a: Fezandipiti\n|move|p2b: Landorus|Stealth Rock|p1a: Milotic\n|-sidestart|p1: squallo|move: Stealth Rock\n|\n|-heal|p1a: Milotic|100\/100 tox|[from] Grassy Terrain\n|-heal|p1b: Sableye|32\/100|[from] Grassy Terrain\n|-damage|p1a: Milotic|94\/100 tox|[from] psn\n|-damage|p2b: Landorus|94\/100 brn|[from] brn\n|upkeep\n|turn|4\n|\n|t:|1697521365\n|switch|p2b: Okidogi|Okidogi, M|100\/100\n|move|p1b: Sableye|Light Screen|p1b: Sableye\n|-sidestart|p1: squallo|move: Light Screen\n|move|p2a: Fezandipiti|Taunt|p1a: Milotic\n|-start|p1a: Milotic|move: Taunt\n|move|p1a: Milotic|Icy Wind|p2a: Fezandipiti|[spread] p2a,p2b\n|-damage|p2a: Fezandipiti|85\/100\n|-damage|p2b: Okidogi|90\/100\n|-unboost|p2a: Fezandipiti|spe|1\n|-unboost|p2b: Okidogi|spe|1\n|\n|-heal|p2a: Fezandipiti|92\/100|[from] Grassy Terrain\n|-heal|p2a: Fezandipiti|98\/100|[from] item: Black Sludge\n|-heal|p1a: Milotic|100\/100 tox|[from] Grassy Terrain\n|-heal|p2b: Okidogi|96\/100|[from] Grassy Terrain\n|-heal|p1b: Sableye|38\/100|[from] Grassy Terrain\n|-damage|p1a: Milotic|88\/100 tox|[from] psn\n|upkeep\n|turn|5\n|\n|t:|1697521387\n|switch|p2b: Landorus|Landorus-Therian, M|94\/100 brn\n|-ability|p2b: Landorus|Intimidate|boost\n|-unboost|p1a: Milotic|atk|1\n|-ability|p1a: Milotic|Competitive|boost\n|-boost|p1a: Milotic|spa|2\n|-unboost|p1b: Sableye|atk|1\n|move|p1b: Sableye|Will-O-Wisp|p2b: Landorus\n|-fail|p2b: Landorus|brn\n|move|p2a: Fezandipiti|Taunt|p1b: Sableye\n|-start|p1b: Sableye|move: Taunt\n|move|p1a: Milotic|Icy Wind|p2b: Landorus|[spread] p2a,p2b\n|-supereffective|p2b: Landorus\n|-damage|p2a: Fezandipiti|78\/100\n|-damage|p2b: Landorus|0 fnt\n|-unboost|p2a: Fezandipiti|spe|1\n|faint|p2b: Landorus\n|\n|-heal|p2a: Fezandipiti|84\/100|[from] Grassy Terrain\n|-heal|p2a: Fezandipiti|90\/100|[from] item: Black Sludge\n|-heal|p1a: Milotic|94\/100 tox|[from] Grassy Terrain\n|-heal|p1a: Milotic|100\/100 tox|[from] item: Leftovers\n|-heal|p1b: Sableye|44\/100|[from] Grassy Terrain\n|-damage|p1a: Milotic|82\/100 tox|[from] psn\n|-fieldend|move: Grassy Terrain\n|upkeep\n|\n|t:|1697521402\n|switch|p2b: Rillaboom|Rillaboom, F|88\/100\n|-fieldstart|move: Grassy Terrain|[from] ability: Grassy Surge|[of] p2b: Rillaboom\n|turn|6\n|\n|t:|1697521411\n|switch|p1b: Ditto|Ditto, shiny|100\/100\n|-damage|p1b: Ditto|88\/100|[from] Stealth Rock\n|-transform|p1b: Ditto|p2a: Fezandipiti|[from] ability: Imposter\n|move|p2b: Rillaboom|Brick Break|p1b: Ditto\n|-sideend|p1: squallo|Reflect\n|-sideend|p1: squallo|move: Light Screen\n|-resisted|p1b: Ditto\n|-damage|p1b: Ditto|80\/100\n|move|p2a: Fezandipiti|Dazzling Gleam|p1b: Ditto|[spread] p1a,p1b\n|-resisted|p1b: Ditto\n|-damage|p1a: Milotic|72\/100 tox\n|-damage|p1b: Ditto|72\/100\n|move|p1a: Milotic|Icy Wind|p2b: Rillaboom|[spread] p2a,p2b\n|-supereffective|p2b: Rillaboom\n|-damage|p2a: Fezandipiti|70\/100\n|-damage|p2b: Rillaboom|49\/100\n|-unboost|p2a: Fezandipiti|spe|1\n|-unboost|p2b: Rillaboom|spe|1\n|\n|-heal|p1b: Ditto|78\/100|[from] Grassy Terrain\n|-heal|p2b: Rillaboom|55\/100|[from] Grassy Terrain\n|-heal|p1a: Milotic|78\/100 tox|[from] Grassy Terrain\n|-heal|p1a: Milotic|84\/100 tox|[from] item: Leftovers\n|-heal|p2a: Fezandipiti|76\/100|[from] Grassy Terrain\n|-heal|p2a: Fezandipiti|82\/100|[from] item: Black Sludge\n|-damage|p1a: Milotic|60\/100 tox|[from] psn\n|-end|p1a: Milotic|move: Taunt\n|upkeep\n|turn|7\n|\n|t:|1697521439\n|switch|p2a: Kingambit|Kingambit, M|100\/100\n|move|p1b: Ditto|Icy Wind|p2a: Kingambit|[spread] p2a,p2b\n|-resisted|p2a: Kingambit\n|-supereffective|p2b: Rillaboom\n|-damage|p2a: Kingambit|97\/100\n|-damage|p2b: Rillaboom|45\/100\n|-unboost|p2a: Kingambit|spe|1\n|-ability|p2a: Kingambit|Defiant|boost\n|-boost|p2a: Kingambit|atk|2\n|-unboost|p2b: Rillaboom|spe|1\n|move|p1a: Milotic|Icy Wind|p2b: Rillaboom|[spread] p2a,p2b\n|-resisted|p2a: Kingambit\n|-supereffective|p2b: Rillaboom\n|-damage|p2a: Kingambit|82\/100\n|-damage|p2b: Rillaboom|9\/100\n|-unboost|p2a: Kingambit|spe|1\n|-ability|p2a: Kingambit|Defiant|boost\n|-boost|p2a: Kingambit|atk|2\n|-unboost|p2b: Rillaboom|spe|1\n|move|p2b: Rillaboom|Wood Hammer|p1a: Milotic\n|-supereffective|p1a: Milotic\n|-damage|p1a: Milotic|0 fnt\n|faint|p1a: Milotic\n|-damage|p2b: Rillaboom|0 fnt|[from] Recoil\n|faint|p2b: Rillaboom\n|\n|-heal|p1b: Ditto|84\/100|[from] Grassy Terrain\n|-heal|p2a: Kingambit|89\/100|[from] Grassy Terrain\n|upkeep\n|inactive|Connman361 has 120 seconds left.\n|\n|t:|1697521469\n|switch|p2b: Fezandipiti|Fezandipiti, M|82\/100\n|switch|p1a: Garchomp|Garchomp, M, shiny|75\/100\n|-damage|p1a: Garchomp|69\/100|[from] Stealth Rock\n|turn|8\n|\n|t:|1697521490\n|switch|p1b: Sableye|Sableye, M, shiny, tera:Steel|44\/100\n|-damage|p1b: Sableye|38\/100|[from] Stealth Rock\n|move|p2a: Kingambit|Sucker Punch|p1a: Garchomp\n|-crit|p1a: Garchomp\n|-damage|p1a: Garchomp|0 fnt\n|-damage|p2a: Kingambit|76\/100|[from] ability: Rough Skin|[of] p1a: Garchomp\n|-damage|p2a: Kingambit|60\/100|[from] item: Rocky Helmet|[of] p1a: Garchomp\n|faint|p1a: Garchomp\n|move|p2b: Fezandipiti|Icy Wind|p1b: Sableye\n|-resisted|p1b: Sableye\n|-crit|p1b: Sableye\n|-damage|p1b: Sableye|28\/100\n|-unboost|p1b: Sableye|spe|1\n|\n|-heal|p2b: Fezandipiti|88\/100|[from] Grassy Terrain\n|-heal|p2b: Fezandipiti|94\/100|[from] item: Black Sludge\n|-heal|p1b: Sableye|34\/100|[from] Grassy Terrain\n|-heal|p2a: Kingambit|66\/100|[from] Grassy Terrain\n|upkeep\n|\n|t:|1697521506\n|switch|p1a: Sudowoodo|Sudowoodo, M|100\/100\n|-damage|p1a: Sudowoodo|88\/100|[from] Stealth Rock\n|turn|9\n|\n|t:|1697521518\n|switch|p1a: Moltres|Moltres|100\/100\n|switch|p1b: Ditto|Ditto, shiny|84\/100\n|-damage|p1b: Ditto|72\/100|[from] Stealth Rock\n|-transform|p1b: Ditto|p2a: Kingambit|[from] ability: Imposter\n|move|p2a: Kingambit|Sucker Punch||[still]\n|-fail|p2a: Kingambit\n|move|p2b: Fezandipiti|Taunt|p1b: Ditto\n|-start|p1b: Ditto|move: Taunt\n|\n|-heal|p2b: Fezandipiti|100\/100|[from] Grassy Terrain\n|-heal|p1b: Ditto|78\/100|[from] Grassy Terrain\n|-heal|p2a: Kingambit|72\/100|[from] Grassy Terrain\n|upkeep\n|turn|10\n|inactive|squallo has 120 seconds left.\n|inactive|Connman361 has 120 seconds left.\n|\n|t:|1697521563\n|-terastallize|p2a: Kingambit|Dark\n|move|p2a: Kingambit|Sucker Punch||[still]\n|-fail|p2a: Kingambit\n|move|p2b: Fezandipiti|Dazzling Gleam|p1b: Ditto|[spread] p1a,p1b\n|-resisted|p1a: Moltres\n|-damage|p1a: Moltres|91\/100\n|-damage|p1b: Ditto|58\/100\n|move|p1a: Moltres|Tailwind|p1a: Moltres\n|-sidestart|p1: squallo|move: Tailwind\n|move|p1b: Ditto|Kowtow Cleave|p2a: Kingambit\n|-resisted|p2a: Kingambit\n|-damage|p2a: Kingambit|19\/100\n|\n|-heal|p1b: Ditto|64\/100|[from] Grassy Terrain\n|-heal|p2a: Kingambit|25\/100|[from] Grassy Terrain\n|-fieldend|move: Grassy Terrain\n|upkeep\n|turn|11\n|inactive|Connman361 has 120 seconds left.\n|\n|t:|1697521584\n|move|p2a: Kingambit|Sucker Punch|p1b: Ditto\n|-resisted|p1b: Ditto\n|-damage|p1b: Ditto|0 fnt\n|faint|p1b: Ditto\n|move|p1a: Moltres|Sunny Day|p1a: Moltres\n|-weather|SunnyDay\n|move|p2b: Fezandipiti|Icy Wind|p1a: Moltres\n|-damage|p1a: Moltres|79\/100\n|-unboost|p1a: Moltres|spe|1\n|\n|-weather|SunnyDay|[upkeep]\n|upkeep\n|inactive|squallo has 120 seconds left.\n|\n|t:|1697521594\n|switch|p1b: Sableye|Sableye, M, shiny, tera:Steel|34\/100\n|-damage|p1b: Sableye|28\/100|[from] Stealth Rock\n|turn|12\n|\n|t:|1697521602\n|move|p1b: Sableye|Reflect|p1b: Sableye\n|-sidestart|p1: squallo|Reflect\n|move|p2a: Kingambit|Sucker Punch|p1a: Moltres\n|-damage|p1a: Moltres|0 fnt\n|-status|p2a: Kingambit|brn|[from] ability: Flame Body|[of] p1a: Moltres\n|faint|p1a: Moltres\n|move|p2b: Fezandipiti|Taunt|p1b: Sableye\n|-start|p1b: Sableye|move: Taunt\n|\n|-weather|SunnyDay|[upkeep]\n|-damage|p2a: Kingambit|19\/100 brn|[from] brn\n|upkeep\n|\n|t:|1697521608\n|switch|p1a: Sudowoodo|Sudowoodo, M|88\/100\n|-damage|p1a: Sudowoodo|76\/100|[from] Stealth Rock\n|turn|13\n|-message|squallo forfeited.\n|\n|win|Connman361\n|raw|squallo's rating: 1282 &rarr; <strong>1269<\/strong><br \/>(-13 for losing)\n|raw|Connman361's rating: 1458 &rarr; <strong>1469<\/strong><br \/>(+11 for winning)\n|l|\u203dsquallo\n","uploadtime":1697521635,"views":22,"p1id":"squallo","p2id":"connman361","formatid":"gen9doublesou","rating":1269,"private":0,"password":""}