{"id":"gen9doublesou-1994651478","p1":"Kondroid","p2":"OhNoSulphur","format":"[Gen 9] Doubles OU","log":"|j|\u2606Kondroid\n|j|\u2606OhNoSulphur\n|t:|1700475694\n|gametype|doubles\n|player|p1|Kondroid|hilbert-wonderlauncher|1162\n|player|p2|OhNoSulphur|schoolkid-gen4|1207\n|teamsize|p1|6\n|teamsize|p2|6\n|gen|9\n|tier|[Gen 9] Doubles OU\n|rated|\n|rule|Species Clause: Limit one of each Pok\u00e9mon\n|rule|OHKO Clause: OHKO moves are banned\n|rule|Evasion Moves Clause: Evasion moves are banned\n|rule|Gravity Sleep Clause: The combination of sleep-inducing moves with imperfect accuracy and Gravity or Gigantamax Orbeetle are banned\n|rule|Endless Battle Clause: Forcing endless battles is banned\n|rule|HP Percentage Mod: HP is shown in percentages\n|clearpoke\n|poke|p1|Kommo-o, M|\n|poke|p1|Sinistcha|\n|poke|p1|Politoed, M|\n|poke|p1|Poliwrath, M|\n|poke|p1|Zapdos|\n|poke|p1|Salamence, F|\n|poke|p2|Flutter Mane|\n|poke|p2|Salamence, M|\n|poke|p2|Great Tusk|\n|poke|p2|Azumarill, M|\n|poke|p2|Chi-Yu|\n|poke|p2|Illumise, F|\n|teampreview\n|inactive|Battle timer is ON: inactive players will automatically lose when time's up. (requested by OhNoSulphur)\n|inactive|Kondroid also wants the timer to be on.\n|c|\u2606OhNoSulphur|Glhf\n|\n|t:|1700475711\n|start\n|switch|p1a: Luigi Mario|Politoed, M|100\/100\n|switch|p1b: Mario Mario|Poliwrath, M|100\/100\n|switch|p2a: W R A T H|Flutter Mane|100\/100\n|switch|p2b: Show Host|Illumise, F, shiny|100\/100\n|-weather|RainDance|[from] ability: Drizzle|[of] p1a: Luigi Mario\n|-enditem|p2a: W R A T H|Booster Energy\n|-activate|p2a: W R A T H|ability: Protosynthesis|[fromitem]\n|-start|p2a: W R A T H|protosynthesisspe\n|turn|1\n|\n|t:|1700475726\n|-terastallize|p2a: W R A T H|Fairy\n|move|p2b: Show Host|Thunder Wave|p1a: Luigi Mario\n|-status|p1a: Luigi Mario|par\n|move|p2a: W R A T H|Dazzling Gleam|p1b: Mario Mario|[spread] p1a,p1b\n|-supereffective|p1b: Mario Mario\n|-damage|p1a: Luigi Mario|66\/100 par\n|-damage|p1b: Mario Mario|32\/100\n|move|p1b: Mario Mario|Knock Off|p2a: W R A T H\n|-resisted|p2a: W R A T H\n|-damage|p2a: W R A T H|80\/100\n|move|p1a: Luigi Mario|Icy Wind|p2a: W R A T H|[spread] p2a,p2b\n|-damage|p2a: W R A T H|68\/100\n|-damage|p2b: Show Host|88\/100\n|-unboost|p2a: W R A T H|spe|1\n|-unboost|p2b: Show Host|spe|1\n|\n|-weather|RainDance|[upkeep]\n|upkeep\n|turn|2\n|\n|t:|1700475747\n|move|p2b: Show Host|Thunder Wave|p1b: Mario Mario\n|-status|p1b: Mario Mario|par\n|move|p2a: W R A T H|Dazzling Gleam|p1a: Luigi Mario|[spread] p1a,p1b\n|-supereffective|p1b: Mario Mario\n|-damage|p1a: Luigi Mario|26\/100 par\n|-damage|p1b: Mario Mario|0 fnt\n|faint|p1b: Mario Mario\n|move|p1a: Luigi Mario|Icy Wind|p2a: W R A T H|[spread] p2a,p2b\n|-damage|p2a: W R A T H|56\/100\n|-damage|p2b: Show Host|77\/100\n|-unboost|p2a: W R A T H|spe|1\n|-unboost|p2b: Show Host|spe|1\n|\n|-weather|RainDance|[upkeep]\n|upkeep\n|\n|t:|1700475757\n|switch|p1b: sodpaZ|Zapdos|100\/100\n|turn|3\n|\n|t:|1700475777\n|-end|p2a: W R A T H|Protosynthesis|[silent]\n|switch|p2a: Horton Heard|Great Tusk|100\/100\n|move|p1b: sodpaZ|Tailwind|p1b: sodpaZ\n|-sidestart|p1: Kondroid|move: Tailwind\n|move|p1a: Luigi Mario|Icy Wind|p2b: Show Host|[spread] p2a,p2b\n|-supereffective|p2a: Horton Heard\n|-damage|p2a: Horton Heard|65\/100\n|-damage|p2b: Show Host|64\/100\n|-unboost|p2a: Horton Heard|spe|1\n|-unboost|p2b: Show Host|spe|1\n|move|p2b: Show Host|U-turn|p1a: Luigi Mario\n|-damage|p1a: Luigi Mario|12\/100 par\n|\n|t:|1700475783\n|switch|p2b: Me First Dollar|Azumarill, M, shiny|100\/100|[from] U-turn\n|\n|-weather|RainDance|[upkeep]\n|-heal|p2a: Horton Heard|71\/100|[from] item: Leftovers\n|upkeep\n|turn|4\n|\n|t:|1700475795\n|move|p2b: Me First Dollar|Aqua Jet|p1a: Luigi Mario\n|-resisted|p1a: Luigi Mario\n|-damage|p1a: Luigi Mario|0 fnt\n|faint|p1a: Luigi Mario\n|move|p1b: sodpaZ|Hurricane|p2a: Horton Heard\n|-supereffective|p2a: Horton Heard\n|-damage|p2a: Horton Heard|0 fnt\n|faint|p2a: Horton Heard\n|-end|p2a: Horton Heard|Protosynthesis|[silent]\n|\n|-weather|RainDance|[upkeep]\n|upkeep\n|\n|t:|1700475811\n|switch|p2a: C R A Y O N|Chi-Yu|100\/100\n|switch|p1a: BURN!|Sinistcha|100\/100\n|-ability|p2a: C R A Y O N|Beads of Ruin\n|turn|5\n|\n|t:|1700475824\n|move|p2b: Me First Dollar|Aqua Jet|p1b: sodpaZ\n|-damage|p1b: sodpaZ|58\/100\n|-status|p2b: Me First Dollar|par|[from] ability: Static|[of] p1b: sodpaZ\n|move|p1b: sodpaZ|Thunder|p2b: Me First Dollar\n|-supereffective|p2b: Me First Dollar\n|-damage|p2b: Me First Dollar|0 fnt\n|faint|p2b: Me First Dollar\n|move|p1a: BURN!|Scald|p2a: C R A Y O N\n|-supereffective|p2a: C R A Y O N\n|-damage|p2a: C R A Y O N|0 fnt\n|faint|p2a: C R A Y O N\n|\n|-weather|RainDance|[upkeep]\n|upkeep\n|\n|t:|1700475841\n|switch|p2a: W R A T H|Flutter Mane, tera:Fairy|56\/100\n|switch|p2b: Show Host|Illumise, F, shiny|64\/100\n|turn|6\n|\n|t:|1700475854\n|move|p2b: Show Host|Thunder Wave|p1a: BURN!\n|-status|p1a: BURN!|par\n|move|p1b: sodpaZ|Hurricane|p2b: Show Host\n|-supereffective|p2b: Show Host\n|-damage|p2b: Show Host|0 fnt\n|faint|p2b: Show Host\n|move|p2a: W R A T H|Moonblast|p1b: sodpaZ\n|-damage|p1b: sodpaZ|0 fnt\n|faint|p1b: sodpaZ\n|move|p1a: BURN!|Shadow Ball|p2a: W R A T H\n|-damage|p2a: W R A T H|10\/100\n|\n|-weather|RainDance|[upkeep]\n|-sideend|p1: Kondroid|move: Tailwind\n|upkeep\n|\n|t:|1700475868\n|switch|p1b: KommUh-oh|Kommo-o, M|100\/100\n|switch|p2b: Air Glider|Salamence, M|100\/100\n|-ability|p2b: Air Glider|Intimidate|boost\n|-unboost|p1a: BURN!|atk|1\n|-unboost|p1b: KommUh-oh|atk|1\n|turn|7\n|\n|t:|1700475889\n|-terastallize|p1b: KommUh-oh|Steel\n|move|p2a: W R A T H|Dazzling Gleam|p1b: KommUh-oh|[spread] p1a,p1b\n|-resisted|p1b: KommUh-oh\n|-damage|p1a: BURN!|51\/100 par\n|-damage|p1b: KommUh-oh|77\/100\n|move|p1b: KommUh-oh|Clangorous Soul|p1b: KommUh-oh\n|-boost|p1b: KommUh-oh|atk|1\n|-boost|p1b: KommUh-oh|def|1\n|-boost|p1b: KommUh-oh|spa|1\n|-boost|p1b: KommUh-oh|spd|1\n|-boost|p1b: KommUh-oh|spe|1\n|-damage|p1b: KommUh-oh|44\/100\n|-enditem|p1b: KommUh-oh|Throat Spray\n|-boost|p1b: KommUh-oh|spa|1|[from] item: Throat Spray\n|move|p2b: Air Glider|Air Slash|p1a: BURN!\n|-supereffective|p1a: BURN!\n|-damage|p1a: BURN!|0 fnt\n|faint|p1a: BURN!\n|\n|-weather|RainDance|[upkeep]\n|upkeep\n|inactive|Kondroid has 120 seconds left.\n|\n|t:|1700475907\n|switch|p1a: Sally|Salamence, F|100\/100\n|-ability|p1a: Sally|Intimidate|boost\n|-unboost|p2a: W R A T H|atk|1\n|-unboost|p2b: Air Glider|atk|1\n|turn|8\n|\n|t:|1700475920\n|move|p1b: KommUh-oh|Flash Cannon|p2a: W R A T H\n|-supereffective|p2a: W R A T H\n|-damage|p2a: W R A T H|0 fnt\n|faint|p2a: W R A T H\n|-end|p2a: W R A T H|Protosynthesis|[silent]\n|move|p1a: Sally|Dragon Claw|p2b: Air Glider\n|-supereffective|p2b: Air Glider\n|-damage|p2b: Air Glider|0 fnt\n|faint|p2b: Air Glider\n|\n|win|Kondroid\n|raw|Kondroid's rating: 1162 &rarr; <strong>1190<\/strong><br \/>(+28 for winning)\n|raw|OhNoSulphur's rating: 1207 &rarr; <strong>1179<\/strong><br \/>(-28 for losing)\n|l|\u2606OhNoSulphur\n","uploadtime":1700475933,"views":12,"p1id":"kondroid","p2id":"ohnosulphur","formatid":"gen9doublesou","rating":1179,"private":0,"password":""}