{"id":"gen9doublesou-1977140475","p1":"MasterMineZ82","p2":"blckbox","format":"[Gen 9] Doubles OU","log":"|j|\u2606MasterMineZ82\n|j|\u2606blckbox\n|t:|1698376328\n|gametype|doubles\n|player|p1|MasterMineZ82|102|1319\n|player|p2|blckbox|cynthia|1459\n|teamsize|p1|6\n|teamsize|p2|6\n|gen|9\n|tier|[Gen 9] Doubles OU\n|rated|\n|rule|Species Clause: Limit one of each Pok\u00e9mon\n|rule|OHKO Clause: OHKO moves are banned\n|rule|Evasion Moves Clause: Evasion moves are banned\n|rule|Gravity Sleep Clause: The combination of sleep-inducing moves with imperfect accuracy and Gravity or Gigantamax Orbeetle are banned\n|rule|Endless Battle Clause: Forcing endless battles is banned\n|rule|HP Percentage Mod: HP is shown in percentages\n|clearpoke\n|poke|p1|Bisharp, M|\n|poke|p1|Articuno-Galar|\n|poke|p1|Okidogi, M|\n|poke|p1|Brute Bonnet|\n|poke|p1|Sinistcha|\n|poke|p1|Walking Wake|\n|poke|p2|Ogerpon-Wellspring, F|\n|poke|p2|Chi-Yu|\n|poke|p2|Landorus-Therian, M|\n|poke|p2|Kingambit, M|\n|poke|p2|Flutter Mane|\n|poke|p2|Chien-Pao|\n|teampreview\n|inactive|Battle timer is ON: inactive players will automatically lose when time's up. (requested by blckbox)\n|\n|t:|1698376341\n|start\n|switch|p1a: Brute Bonnet|Brute Bonnet|100\/100\n|switch|p1b: Articuno|Articuno-Galar|100\/100\n|switch|p2a: Ogerpon|Ogerpon-Wellspring, F|100\/100\n|switch|p2b: Chi-Yu|Chi-Yu|100\/100\n|-ability|p2b: Chi-Yu|Beads of Ruin\n|turn|1\n|\n|t:|1698376355\n|move|p2a: Ogerpon|Follow Me|p2a: Ogerpon\n|-singleturn|p2a: Ogerpon|move: Follow Me\n|move|p1b: Articuno|Light Screen|p1b: Articuno\n|-sidestart|p1: MasterMineZ82|move: Light Screen\n|move|p2b: Chi-Yu|Heat Wave|p1a: Brute Bonnet|[spread] p1a,p1b\n|-supereffective|p1a: Brute Bonnet\n|-damage|p1a: Brute Bonnet|23\/100\n|-damage|p1b: Articuno|37\/100\n|move|p1a: Brute Bonnet|Spore|p2a: Ogerpon\n|-immune|p2a: Ogerpon\n|\n|upkeep\n|turn|2\n|\n|t:|1698376367\n|move|p2a: Ogerpon|Follow Me|p2a: Ogerpon\n|-singleturn|p2a: Ogerpon|move: Follow Me\n|move|p1b: Articuno|Reflect|p1b: Articuno\n|-sidestart|p1: MasterMineZ82|Reflect\n|move|p2b: Chi-Yu|Heat Wave|p1a: Brute Bonnet|[spread] p1a\n|-miss|p2b: Chi-Yu|p1b: Articuno\n|-supereffective|p1a: Brute Bonnet\n|-damage|p1a: Brute Bonnet|0 fnt\n|faint|p1a: Brute Bonnet\n|-end|p1a: Brute Bonnet|Protosynthesis|[silent]\n|\n|upkeep\n|\n|t:|1698376379\n|switch|p1a: Walking Wake|Walking Wake|100\/100\n|turn|3\n|\n|t:|1698376390\n|switch|p2b: Flutter Mane|Flutter Mane|100\/100\n|move|p2a: Ogerpon|Follow Me|p2a: Ogerpon\n|-singleturn|p2a: Ogerpon|move: Follow Me\n|move|p1a: Walking Wake|Draco Meteor|p2a: Ogerpon\n|-damage|p2a: Ogerpon|27\/100\n|-unboost|p1a: Walking Wake|spa|2\n|move|p1b: Articuno|Hurricane|p2a: Ogerpon|[miss]\n|-miss|p1b: Articuno|p2a: Ogerpon\n|\n|upkeep\n|turn|4\n|\n|t:|1698376403\n|-end|p1a: Walking Wake|Protosynthesis|[silent]\n|switch|p1a: Bisharp|Bisharp, M|100\/100\n|move|p2a: Ogerpon|Spiky Shield|p2a: Ogerpon\n|-singleturn|p2a: Ogerpon|move: Protect\n|move|p2b: Flutter Mane|Dazzling Gleam|p1b: Articuno|[spread] p1a,p1b\n|-crit|p1b: Articuno\n|-damage|p1a: Bisharp|72\/100\n|-damage|p1b: Articuno|0 fnt\n|faint|p1b: Articuno\n|-damage|p2b: Flutter Mane|91\/100|[from] item: Life Orb\n|\n|upkeep\n|\n|t:|1698376414\n|switch|p1b: Okidogi|Okidogi, M|100\/100\n|turn|5\n|\n|t:|1698376434\n|-end|p2b: Flutter Mane|Protosynthesis|[silent]\n|switch|p2b: Landorus|Landorus-Therian, M|100\/100\n|-ability|p2b: Landorus|Intimidate|boost\n|-unboost|p1a: Bisharp|atk|1\n|-ability|p1a: Bisharp|Defiant|boost\n|-boost|p1a: Bisharp|atk|2\n|-ability|p1b: Okidogi|Guard Dog|boost\n|-boost|p1b: Okidogi|atk|1\n|move|p2a: Ogerpon|Follow Me|p2a: Ogerpon\n|-singleturn|p2a: Ogerpon|move: Follow Me\n|move|p1b: Okidogi|Poison Jab|p2a: Ogerpon\n|-supereffective|p2a: Ogerpon\n|-crit|p2a: Ogerpon\n|-damage|p2a: Ogerpon|0 fnt\n|faint|p2a: Ogerpon\n|move|p1a: Bisharp|Swords Dance|p1a: Bisharp\n|-boost|p1a: Bisharp|atk|2\n|\n|upkeep\n|\n|t:|1698376451\n|switch|p2a: Chi-Yu|Chi-Yu|100\/100\n|-ability|p2a: Chi-Yu|Beads of Ruin\n|turn|6\n|\n|t:|1698376465\n|-terastallize|p2a: Chi-Yu|Flying\n|-terastallize|p1b: Okidogi|Dark\n|move|p1a: Bisharp|Sucker Punch|p2a: Chi-Yu\n|-damage|p2a: Chi-Yu|0 fnt\n|faint|p2a: Chi-Yu\n|move|p2b: Landorus|Earthquake|p1a: Bisharp|[spread] p1a,p1b\n|-supereffective|p1a: Bisharp\n|-damage|p1a: Bisharp|33\/100\n|-damage|p1b: Okidogi|74\/100\n|move|p1b: Okidogi|Knock Off|p2b: Landorus\n|-damage|p2b: Landorus|7\/100\n|-enditem|p2b: Landorus|Choice Scarf|[from] move: Knock Off|[of] p1b: Okidogi\n|\n|upkeep\n|\n|t:|1698376490\n|switch|p2a: Chien-Pao|Chien-Pao|100\/100\n|-ability|p2a: Chien-Pao|Sword of Ruin\n|turn|7\n|\n|t:|1698376505\n|move|p1a: Bisharp|Sucker Punch|p2b: Landorus\n|-damage|p2b: Landorus|0 fnt\n|faint|p2b: Landorus\n|move|p2a: Chien-Pao|Sacred Sword|p1b: Okidogi\n|-supereffective|p1b: Okidogi\n|-damage|p1b: Okidogi|31\/100\n|move|p1b: Okidogi|Drain Punch|p2a: Chien-Pao\n|-supereffective|p2a: Chien-Pao\n|-enditem|p2a: Chien-Pao|Focus Sash\n|-damage|p2a: Chien-Pao|1\/100\n|-heal|p1b: Okidogi|70\/100|[from] drain|[of] p2a: Chien-Pao\n|\n|upkeep\n|\n|t:|1698376518\n|switch|p2b: Flutter Mane|Flutter Mane|91\/100\n|turn|8\n|\n|t:|1698376545\n|move|p2b: Flutter Mane|Protect|p2b: Flutter Mane\n|-singleturn|p2b: Flutter Mane|Protect\n|move|p1a: Bisharp|Sucker Punch|p2a: Chien-Pao\n|-resisted|p2a: Chien-Pao\n|-damage|p2a: Chien-Pao|0 fnt\n|faint|p2a: Chien-Pao\n|move|p1b: Okidogi|Poison Jab|p2b: Flutter Mane\n|-activate|p2b: Flutter Mane|move: Protect\n|\n|-sideend|p1: MasterMineZ82|move: Light Screen\n|upkeep\n|\n|t:|1698376552\n|switch|p2a: Kingambit|Kingambit, M|100\/100\n|-activate|p2a: Kingambit|ability: Supreme Overlord\n|-start|p2a: Kingambit|fallen4|[silent]\n|turn|9\n|\n|t:|1698376566\n|move|p1a: Bisharp|Sucker Punch|p2b: Flutter Mane\n|-damage|p2b: Flutter Mane|0 fnt\n|faint|p2b: Flutter Mane\n|-end|p2b: Flutter Mane|Protosynthesis|[silent]\n|move|p2a: Kingambit|Sucker Punch||[still]\n|-fail|p2a: Kingambit\n|move|p1b: Okidogi|Drain Punch|p2a: Kingambit\n|-supereffective|p2a: Kingambit\n|-damage|p2a: Kingambit|0 fnt\n|-heal|p1b: Okidogi|100\/100|[from] drain|[of] p2a: Kingambit\n|faint|p2a: Kingambit\n|-end|p2a: Kingambit|fallen4|[silent]\n|\n|win|MasterMineZ82\n|raw|MasterMineZ82's rating: 1319 &rarr; <strong>1347<\/strong><br \/>(+28 for winning)\n|raw|blckbox's rating: 1459 &rarr; <strong>1431<\/strong><br \/>(-28 for losing)\n|l|\u2606blckbox\n","uploadtime":1698376579,"views":14,"p1id":"masterminez82","p2id":"blckbox","formatid":"gen9doublesou","rating":1347,"private":0,"password":""}