{"id":"gen9doublesou-1993972391","p1":"mateocano95","p2":"emo-reject","format":"[Gen 9] Doubles OU","log":"|j|\u2606mateocano95\n|j|\u2606emo-reject\n|t:|1700385811\n|gametype|doubles\n|player|p1|mateocano95|ethan|1147\n|player|p2|emo-reject|guitarist|1053\n|teamsize|p1|6\n|teamsize|p2|6\n|gen|9\n|tier|[Gen 9] Doubles OU\n|rated|\n|rule|Species Clause: Limit one of each Pok\u00e9mon\n|rule|OHKO Clause: OHKO moves are banned\n|rule|Evasion Moves Clause: Evasion moves are banned\n|rule|Gravity Sleep Clause: The combination of sleep-inducing moves with imperfect accuracy and Gravity or Gigantamax Orbeetle are banned\n|rule|Endless Battle Clause: Forcing endless battles is banned\n|rule|HP Percentage Mod: HP is shown in percentages\n|clearpoke\n|poke|p1|Armarouge, F|\n|poke|p1|Amoonguss, F|\n|poke|p1|Indeedee-F, F|\n|poke|p1|Kleavor, M|\n|poke|p1|Flutter Mane|\n|poke|p1|Azumarill, M|\n|poke|p2|Baxcalibur, M|\n|poke|p2|Golduck, M|\n|poke|p2|Sinistcha|\n|poke|p2|Electrode|\n|poke|p2|Chi-Yu|\n|poke|p2|Glimmora, F|\n|teampreview\n|\n|t:|1700385835\n|start\n|switch|p1a: Armarouge|Armarouge, F|100\/100\n|switch|p1b: Indeedee|Indeedee-F, F|100\/100\n|switch|p2a: Electrode|Electrode, shiny|100\/100\n|switch|p2b: Golduck|Golduck, M|100\/100\n|-fieldstart|move: Psychic Terrain|[from] ability: Psychic Surge|[of] p1b: Indeedee\n|turn|1\n|\n|t:|1700385855\n|move|p1b: Indeedee|Follow Me|p1b: Indeedee\n|-singleturn|p1b: Indeedee|move: Follow Me\n|move|p2a: Electrode|Taunt|p1b: Indeedee\n|-start|p1b: Indeedee|move: Taunt\n|move|p2b: Golduck|Rain Dance|p2b: Golduck\n|-weather|RainDance\n|move|p1a: Armarouge|Expanding Force|p2b: Golduck|[spread] p2a,p2b\n|-damage|p2a: Electrode|25\/100\n|-damage|p2b: Golduck|15\/100\n|\n|-weather|RainDance|[upkeep]\n|upkeep\n|turn|2\n|\n|t:|1700385910\n|switch|p1b: Amoonguss|Amoonguss, F|100\/100\n|switch|p1a: Azumarill|Azumarill, M|100\/100\n|move|p2b: Golduck|Surf|p1b: Amoonguss|[spread] p2a,p1a,p1b\n|-crit|p2a: Electrode\n|-resisted|p1a: Azumarill\n|-resisted|p1b: Amoonguss\n|-damage|p2a: Electrode|0 fnt\n|-damage|p1a: Azumarill|65\/100\n|-damage|p1b: Amoonguss|70\/100\n|faint|p2a: Electrode\n|-damage|p2b: Golduck|5\/100|[from] item: Life Orb\n|\n|-weather|RainDance|[upkeep]\n|upkeep\n|\n|t:|1700385929\n|switch|p2a: Sinistcha|Sinistcha|100\/100\n|turn|3\n|\n|t:|1700385954\n|move|p1a: Azumarill|Aqua Jet|p2b: Golduck\n|-activate|p2b: Golduck|move: Psychic Terrain\n|move|p2b: Golduck|Ice Beam|p1b: Amoonguss\n|-supereffective|p1b: Amoonguss\n|-damage|p1b: Amoonguss|0 fnt\n|faint|p1b: Amoonguss\n|-damage|p2b: Golduck|0 fnt|[from] item: Life Orb\n|faint|p2b: Golduck\n|move|p2a: Sinistcha|Calm Mind|p2a: Sinistcha\n|-boost|p2a: Sinistcha|spa|1\n|-boost|p2a: Sinistcha|spd|1\n|\n|-weather|RainDance|[upkeep]\n|upkeep\n|\n|t:|1700385974\n|switch|p2b: Baxcalibur|Baxcalibur, M|100\/100\n|switch|p1b: Kleavor|Kleavor, M|100\/100\n|turn|4\n|inactive|Battle timer is ON: inactive players will automatically lose when time's up. (requested by mateocano95)\n|inactive|emo-reject has 120 seconds left.\n|inactive|emo-reject has 90 seconds left.\n|\n|t:|1700386057\n|-terastallize|p2a: Sinistcha|Steel\n|move|p1b: Kleavor|X-Scissor|p2a: Sinistcha\n|-resisted|p2a: Sinistcha\n|-damage|p2a: Sinistcha|73\/100\n|move|p2b: Baxcalibur|Glaive Rush|p1b: Kleavor\n|-damage|p1b: Kleavor|4\/100\n|-singlemove|p2b: Baxcalibur|Glaive Rush|[silent]\n|move|p1a: Azumarill|Belly Drum|p1a: Azumarill\n|-damage|p1a: Azumarill|15\/100\n|-setboost|p1a: Azumarill|atk|6|[from] move: Belly Drum\n|-enditem|p1a: Azumarill|Salac Berry|[eat]\n|-boost|p1a: Azumarill|spe|1|[from] item: Salac Berry\n|move|p2a: Sinistcha|Matcha Gotcha|p1a: Azumarill|[spread] p1a\n|-miss|p2a: Sinistcha|p1b: Kleavor\n|-supereffective|p1a: Azumarill\n|-damage|p1a: Azumarill|0 fnt\n|-heal|p2a: Sinistcha|80\/100|[from] drain|[of] p1a: Azumarill\n|faint|p1a: Azumarill\n|\n|-weather|RainDance|[upkeep]\n|-heal|p2a: Sinistcha|86\/100|[from] item: Leftovers\n|upkeep\n|inactive|mateocano95 has 120 seconds left.\n|inactive|mateocano95 has 90 seconds left.\n|l|\u2606mateocano95\n|inactive|mateocano95 disconnected and has a minute to reconnect!\n|player|p1|\n|j|\u2606mateocano95\n|inactive|mateocano95 reconnected and has 70 seconds left.\n|player|p1|mateocano95|ethan\n|\n|t:|1700386145\n|switch|p1a: Flutter Mane|Flutter Mane|100\/100\n|-enditem|p1a: Flutter Mane|Booster Energy\n|-activate|p1a: Flutter Mane|ability: Protosynthesis|[fromitem]\n|-start|p1a: Flutter Mane|protosynthesisspe\n|turn|5\n|inactive|emo-reject has 120 seconds left.\n|inactive|emo-reject has 90 seconds left.\n|\n|t:|1700386208\n|move|p1a: Flutter Mane|Draining Kiss|p2b: Baxcalibur\n|-supereffective|p2b: Baxcalibur\n|-damage|p2b: Baxcalibur|0 fnt\n|faint|p2b: Baxcalibur\n|move|p1b: Kleavor|X-Scissor|p2a: Sinistcha\n|-resisted|p2a: Sinistcha\n|-damage|p2a: Sinistcha|59\/100\n|move|p2a: Sinistcha|Matcha Gotcha|p1a: Flutter Mane|[spread] p1a,p1b\n|-damage|p1a: Flutter Mane|63\/100\n|-heal|p2a: Sinistcha|73\/100|[from] drain|[of] p1a: Flutter Mane\n|-damage|p1b: Kleavor|0 fnt\n|-heal|p2a: Sinistcha|75\/100|[from] drain|[of] p1b: Kleavor\n|faint|p1b: Kleavor\n|\n|-weather|none\n|-heal|p2a: Sinistcha|81\/100|[from] item: Leftovers\n|-fieldend|move: Psychic Terrain\n|upkeep\n|inactive|mateocano95 has 90 seconds left.\n|\n|t:|1700386229\n|switch|p2b: Glimmora|Glimmora, F|100\/100\n|switch|p1b: Indeedee|Indeedee-F, F|100\/100\n|-fieldstart|move: Psychic Terrain|[from] ability: Psychic Surge|[of] p1b: Indeedee\n|turn|6\n|\n|t:|1700386256\n|move|p1b: Indeedee|Helping Hand|p1a: Flutter Mane\n|-singleturn|p1a: Flutter Mane|Helping Hand|[of] p1b: Indeedee\n|move|p1a: Flutter Mane|Shadow Ball|p2b: Glimmora\n|-damage|p2b: Glimmora|10\/100\n|move|p2b: Glimmora|Mortal Spin|p1b: Indeedee|[spread] p1a,p1b\n|-crit|p1a: Flutter Mane\n|-damage|p1a: Flutter Mane|48\/100\n|-damage|p1b: Indeedee|94\/100\n|-status|p1a: Flutter Mane|psn\n|-status|p1b: Indeedee|psn\n|move|p2a: Sinistcha|Shadow Ball|p1a: Flutter Mane\n|-supereffective|p1a: Flutter Mane\n|-damage|p1a: Flutter Mane|0 fnt\n|faint|p1a: Flutter Mane\n|-end|p1a: Flutter Mane|Protosynthesis|[silent]\n|\n|-heal|p1b: Indeedee|100\/100 psn|[from] item: Leftovers\n|-heal|p2a: Sinistcha|87\/100|[from] item: Leftovers\n|-damage|p1b: Indeedee|88\/100 psn|[from] psn\n|upkeep\n|inactive|mateocano95 has 90 seconds left.\n|\n|t:|1700386270\n|switch|p1a: Armarouge|Armarouge, F|100\/100\n|turn|7\n|inactive|emo-reject has 120 seconds left.\n|\n|t:|1700386300\n|switch|p2a: Chi-Yu|Chi-Yu|100\/100\n|-ability|p2a: Chi-Yu|Beads of Ruin\n|move|p2b: Glimmora|Power Gem|p1a: Armarouge\n|-supereffective|p1a: Armarouge\n|-damage|p1a: Armarouge|0 fnt\n|faint|p1a: Armarouge\n|move|p1b: Indeedee|Psychic|p2b: Glimmora\n|-supereffective|p2b: Glimmora\n|-damage|p2b: Glimmora|0 fnt\n|faint|p2b: Glimmora\n|\n|-heal|p1b: Indeedee|94\/100 psn|[from] item: Leftovers\n|-damage|p1b: Indeedee|82\/100 psn|[from] psn\n|upkeep\n|inactive|emo-reject has 90 seconds left.\n|-message|mateocano95 forfeited.\n|\n|win|emo-reject\n|raw|mateocano95's rating: 1147 &rarr; <strong>1115<\/strong><br \/>(-32 for losing)\n|raw|emo-reject's rating: 1053 &rarr; <strong>1094<\/strong><br \/>(+41 for winning)\n|l|\u2606mateocano95\n|c|\u2606emo-reject|gg\n","uploadtime":1700386319,"views":7,"p1id":"mateocano95","p2id":"emoreject","formatid":"gen9doublesou","rating":1094,"private":0,"password":""}