{"id":"gen9doublesou-1972956645","p1":"tentacle81","p2":"Akikirai","format":"[Gen 9] Doubles OU","log":"|j|\u2606tentacle81\n|j|\u2606Akikirai\n|t:|1697912652\n|gametype|doubles\n|player|p1|tentacle81|erika|1282\n|player|p2|Akikirai|dawn|1319\n|teamsize|p1|6\n|teamsize|p2|6\n|gen|9\n|tier|[Gen 9] Doubles OU\n|rated|\n|rule|Species Clause: Limit one of each Pok\u00e9mon\n|rule|OHKO Clause: OHKO moves are banned\n|rule|Evasion Moves Clause: Evasion moves are banned\n|rule|Gravity Sleep Clause: The combination of sleep-inducing moves with imperfect accuracy and Gravity or Gigantamax Orbeetle are banned\n|rule|Endless Battle Clause: Forcing endless battles is banned\n|rule|HP Percentage Mod: HP is shown in percentages\n|clearpoke\n|poke|p1|Grimmsnarl, M|\n|poke|p1|Flutter Mane|\n|poke|p1|Amoonguss, M|\n|poke|p1|Ogerpon-Hearthflame, F|\n|poke|p1|Torkoal, F|\n|poke|p1|Chien-Pao|\n|poke|p2|Mienshao, F|\n|poke|p2|Brambleghast, M|\n|poke|p2|Tornadus, M|\n|poke|p2|Flutter Mane|\n|poke|p2|Roaring Moon|\n|poke|p2|Chi-Yu|\n|teampreview\n|\n|t:|1697912664\n|start\n|switch|p1a: Grimmsnarl|Grimmsnarl, M|100\/100\n|switch|p1b: Chien-Pao|Chien-Pao|100\/100\n|switch|p2a: Mienshao|Mienshao, F, shiny|100\/100\n|switch|p2b: Roaring Moon|Roaring Moon, shiny|100\/100\n|-ability|p1b: Chien-Pao|Sword of Ruin\n|-enditem|p2b: Roaring Moon|Booster Energy\n|-activate|p2b: Roaring Moon|ability: Protosynthesis|[fromitem]\n|-start|p2b: Roaring Moon|protosynthesisatk\n|turn|1\n|\n|t:|1697912684\n|move|p2a: Mienshao|Fake Out|p1b: Chien-Pao\n|-crit|p1b: Chien-Pao\n|-damage|p1b: Chien-Pao|74\/100\n|move|p1a: Grimmsnarl|Fake Out|p2a: Mienshao\n|-damage|p2a: Mienshao|74\/100\n|cant|p1b: Chien-Pao|flinch\n|move|p2b: Roaring Moon|Iron Head|p1a: Grimmsnarl\n|-supereffective|p1a: Grimmsnarl\n|-damage|p1a: Grimmsnarl|0 fnt\n|faint|p1a: Grimmsnarl\n|\n|upkeep\n|\n|t:|1697912696\n|switch|p1a: Amoonguss|Amoonguss, M|100\/100\n|turn|2\n|\n|t:|1697912709\n|move|p1a: Amoonguss|Rage Powder|p1a: Amoonguss\n|-singleturn|p1a: Amoonguss|move: Rage Powder\n|move|p1b: Chien-Pao|Ice Spinner|p2b: Roaring Moon\n|-supereffective|p2b: Roaring Moon\n|-damage|p2b: Roaring Moon|1\/100\n|move|p2a: Mienshao|Close Combat|p1a: Amoonguss\n|-resisted|p1a: Amoonguss\n|-damage|p1a: Amoonguss|74\/100\n|-unboost|p2a: Mienshao|def|1\n|-unboost|p2a: Mienshao|spd|1\n|-enditem|p2a: Mienshao|Eject Pack\n|-damage|p2a: Mienshao|57\/100|[from] item: Rocky Helmet|[of] p1a: Amoonguss\n|\n|t:|1697912722\n|switch|p2a: Chi-Yu|Chi-Yu|100\/100\n|-ability|p2a: Chi-Yu|Beads of Ruin\n|move|p2b: Roaring Moon|Iron Head|p1a: Amoonguss\n|-damage|p1a: Amoonguss|38\/100\n|-damage|p2b: Roaring Moon|0 fnt|[from] item: Rocky Helmet|[of] p1a: Amoonguss\n|faint|p2b: Roaring Moon\n|-end|p2b: Roaring Moon|Protosynthesis|[silent]\n|\n|upkeep\n|\n|t:|1697912743\n|switch|p2b: Mienshao|Mienshao, F, shiny|57\/100\n|turn|3\n|\n|t:|1697912754\n|move|p1b: Chien-Pao|Protect|p1b: Chien-Pao\n|-singleturn|p1b: Chien-Pao|Protect\n|move|p1a: Amoonguss|Protect|p1a: Amoonguss\n|-singleturn|p1a: Amoonguss|Protect\n|move|p2b: Mienshao|Fake Out|p1b: Chien-Pao\n|-activate|p1b: Chien-Pao|move: Protect\n|move|p2a: Chi-Yu|Heat Wave|p1b: Chien-Pao|[spread] \n|-activate|p1a: Amoonguss|move: Protect\n|-activate|p1b: Chien-Pao|move: Protect\n|\n|upkeep\n|turn|4\n|\n|t:|1697912787\n|switch|p1a: Torkoal|Torkoal, F|100\/100\n|-weather|SunnyDay|[from] ability: Drought|[of] p1a: Torkoal\n|move|p2a: Chi-Yu|Heat Wave|p1a: Torkoal|[spread] p1a,p1b\n|-resisted|p1a: Torkoal\n|-supereffective|p1b: Chien-Pao\n|-damage|p1a: Torkoal|48\/100\n|-damage|p1b: Chien-Pao|0 fnt\n|faint|p1b: Chien-Pao\n|move|p2b: Mienshao|Tera Blast|p1a: Torkoal\n|-damage|p1a: Torkoal|21\/100\n|\n|-weather|SunnyDay|[upkeep]\n|upkeep\n|\n|t:|1697912800\n|switch|p1b: Flutter Mane|Flutter Mane|100\/100\n|-activate|p1b: Flutter Mane|ability: Protosynthesis\n|-start|p1b: Flutter Mane|protosynthesisspe\n|turn|5\n|\n|t:|1697912815\n|move|p1a: Torkoal|Helping Hand|p1b: Flutter Mane\n|-singleturn|p1b: Flutter Mane|Helping Hand|[of] p1a: Torkoal\n|move|p2b: Mienshao|Wide Guard|p2b: Mienshao\n|-singleturn|p2b: Mienshao|Wide Guard\n|move|p1b: Flutter Mane|Dazzling Gleam|p2a: Chi-Yu|[spread] \n|-activate|p2a: Chi-Yu|move: Wide Guard\n|-activate|p2b: Mienshao|move: Wide Guard\n|move|p2a: Chi-Yu|Heat Wave|p1a: Torkoal|[spread] p1a,p1b\n|-resisted|p1a: Torkoal\n|-crit|p1a: Torkoal\n|-damage|p1a: Torkoal|0 fnt\n|-damage|p1b: Flutter Mane|25\/100\n|faint|p1a: Torkoal\n|\n|-weather|SunnyDay|[upkeep]\n|upkeep\n|\n|t:|1697912832\n|switch|p1a: Ogerpon|Ogerpon-Hearthflame, F|100\/100\n|-ability|p1a: Ogerpon|Mold Breaker\n|turn|6\n|\n|t:|1697912847\n|-terastallize|p1a: Ogerpon|Fire\n|detailschange|p1a: Ogerpon|Ogerpon-Hearthflame-Tera, F, tera:Fire\n|-ability|p1a: Ogerpon|Embody Aspect (Hearthflame)|boost\n|-boost|p1a: Ogerpon|atk|1\n|move|p1b: Flutter Mane|Dazzling Gleam|p2b: Mienshao|[spread] p2a,p2b\n|-supereffective|p2b: Mienshao\n|-damage|p2a: Chi-Yu|41\/100\n|-damage|p2b: Mienshao|0 fnt\n|faint|p2b: Mienshao\n|move|p2a: Chi-Yu|Heat Wave|p1a: Ogerpon|[spread] p1a\n|-miss|p2a: Chi-Yu|p1b: Flutter Mane\n|-resisted|p1a: Ogerpon\n|-damage|p1a: Ogerpon|61\/100\n|move|p1a: Ogerpon|Ivy Cudgel|p2a: Chi-Yu\n|-resisted|p2a: Chi-Yu\n|-crit|p2a: Chi-Yu\n|-damage|p2a: Chi-Yu|0 fnt\n|faint|p2a: Chi-Yu\n|\n|-weather|SunnyDay|[upkeep]\n|upkeep\n|\n|t:|1697912874\n|switch|p2b: Brambleghast|Brambleghast, M, shiny|100\/100\n|switch|p2a: Flutter Mane|Flutter Mane, shiny|100\/100\n|-activate|p2a: Flutter Mane|ability: Protosynthesis\n|-start|p2a: Flutter Mane|protosynthesisspa\n|turn|7\n|\n|t:|1697912903\n|-terastallize|p2a: Flutter Mane|Steel\n|move|p1a: Ogerpon|Protect|p1a: Ogerpon\n|-singleturn|p1a: Ogerpon|Protect\n|move|p1b: Flutter Mane|Dazzling Gleam|p2a: Flutter Mane|[spread] p2a,p2b\n|-resisted|p2a: Flutter Mane\n|-damage|p2a: Flutter Mane|78\/100\n|-damage|p2b: Brambleghast|11\/100\n|move|p2a: Flutter Mane|Tera Blast|p1b: Flutter Mane|[anim] Tera Blast Steel\n|-supereffective|p1b: Flutter Mane\n|-crit|p1b: Flutter Mane\n|-damage|p1b: Flutter Mane|0 fnt\n|faint|p1b: Flutter Mane\n|-end|p1b: Flutter Mane|Protosynthesis|[silent]\n|move|p2b: Brambleghast|Poltergeist|p1a: Ogerpon\n|-activate|p1a: Ogerpon|move: Protect\n|\n|-weather|SunnyDay|[upkeep]\n|upkeep\n|\n|t:|1697912920\n|switch|p1b: Amoonguss|Amoonguss, M|71\/100\n|turn|8\n|\n|t:|1697912930\n|move|p1b: Amoonguss|Rage Powder|p1b: Amoonguss\n|-singleturn|p1b: Amoonguss|move: Rage Powder\n|move|p2a: Flutter Mane|Tera Blast|p1b: Amoonguss|[anim] Tera Blast Steel\n|-damage|p1b: Amoonguss|0 fnt\n|faint|p1b: Amoonguss\n|move|p1a: Ogerpon|Ivy Cudgel|p2a: Flutter Mane\n|-supereffective|p2a: Flutter Mane\n|-damage|p2a: Flutter Mane|0 fnt\n|faint|p2a: Flutter Mane\n|-end|p2a: Flutter Mane|Protosynthesis|[silent]\n|move|p2b: Brambleghast|Poltergeist|p1a: Ogerpon\n|-activate|p1a: Ogerpon|move: Poltergeist|Hearthflame Mask\n|-damage|p1a: Ogerpon|0 fnt\n|faint|p1a: Ogerpon\n|\n|win|Akikirai\n|raw|tentacle81's rating: 1282 &rarr; <strong>1260<\/strong><br \/>(-22 for losing)\n|raw|Akikirai's rating: 1319 &rarr; <strong>1337<\/strong><br \/>(+18 for winning)\n","uploadtime":1697912947,"views":16,"p1id":"tentacle81","p2id":"akikirai","formatid":"gen9doublesou","rating":1260,"private":0,"password":""}