{"id":"gen9doublesou-1967859662","p1":"wingwingy55","p2":"Megatoxicroak101","format":"[Gen 9] Doubles OU","log":"|html|<div class=\"broadcast-blue\"><strong>[Gen 9] Doubles OU is currently suspecting Basculegion & Flutter Mane! For information on how to participate check out the <a href=\"https:\/\/www.smogon.com\/forums\/threads\/np-sv-dou-stage-8-double-trouble.3729153\/\">suspect thread<\/a>.<\/strong><\/div>\n|j|\u2606wingwingy55\n|j|\u2606Megatoxicroak101\n|t:|1697348007\n|gametype|doubles\n|player|p1|wingwingy55|preschooler|1053\n|player|p2|Megatoxicroak101|shadowtriad|1227\n|teamsize|p1|6\n|teamsize|p2|6\n|gen|9\n|tier|[Gen 9] Doubles OU\n|rated|\n|rule|Species Clause: Limit one of each Pok\u00e9mon\n|rule|OHKO Clause: OHKO moves are banned\n|rule|Evasion Moves Clause: Evasion moves are banned\n|rule|Gravity Sleep Clause: The combination of sleep-inducing moves with imperfect accuracy and Gravity or Gigantamax Orbeetle are banned\n|rule|Endless Battle Clause: Forcing endless battles is banned\n|rule|HP Percentage Mod: HP is shown in percentages\n|clearpoke\n|poke|p1|Dragapult, M|\n|poke|p1|Chi-Yu|\n|poke|p1|Ogerpon, F|\n|poke|p1|Dipplin, F|\n|poke|p1|Maushold|\n|poke|p1|Braviary-Hisui, M|\n|poke|p2|Roaring Moon|\n|poke|p2|Toxicroak, M|\n|poke|p2|Lucario, M|\n|poke|p2|Zoroark, F|\n|poke|p2|Infernape, F|\n|poke|p2|Haunter, F|\n|teampreview\n|inactive|Battle timer is ON: inactive players will automatically lose when time's up. (requested by Megatoxicroak101)\n|\n|t:|1697348035\n|start\n|switch|p1a: Dipplin|Dipplin, F|100\/100\n|switch|p1b: Maushold|Maushold|100\/100\n|switch|p2a: Roaring Moon|Roaring Moon|100\/100\n|switch|p2b: Toxicroak|Toxicroak, M|100\/100\n|-ability|p1a: Dipplin|Supersweet Syrup\n|-ability|p1a: Dipplin|Supersweet Syrup|boost\n|-unboost|p2a: Roaring Moon|evasion|1\n|-unboost|p2b: Toxicroak|evasion|1\n|-enditem|p2a: Roaring Moon|Booster Energy\n|-activate|p2a: Roaring Moon|ability: Protosynthesis|[fromitem]\n|-start|p2a: Roaring Moon|protosynthesisatk\n|turn|1\n|\n|t:|1697348048\n|move|p2b: Toxicroak|Fake Out|p1b: Maushold\n|-damage|p1b: Maushold|84\/100\n|-damage|p2b: Toxicroak|91\/100|[from] item: Life Orb\n|move|p2a: Roaring Moon|Tailwind|p2a: Roaring Moon\n|-sidestart|p2: Megatoxicroak101|move: Tailwind\n|cant|p1b: Maushold|flinch\n|move|p1a: Dipplin|Syrup Bomb|p2a: Roaring Moon\n|-resisted|p2a: Roaring Moon\n|-damage|p2a: Roaring Moon|91\/100\n|-start|p2a: Roaring Moon|Syrup Bomb\n|\n|-unboost|p2a: Roaring Moon|spe|1\n|upkeep\n|turn|2\n|inactive|wingwingy55 has 120 seconds left.\n|\n|t:|1697348095\n|move|p2b: Toxicroak|Brick Break|p1b: Maushold\n|-supereffective|p1b: Maushold\n|-damage|p1b: Maushold|0 fnt\n|faint|p1b: Maushold\n|-damage|p2b: Toxicroak|81\/100|[from] item: Life Orb\n|move|p2a: Roaring Moon|Acrobatics|p1a: Dipplin\n|-supereffective|p1a: Dipplin\n|-damage|p1a: Dipplin|45\/100\n|move|p1a: Dipplin|Syrup Bomb|p2b: Toxicroak\n|-resisted|p2b: Toxicroak\n|-damage|p2b: Toxicroak|66\/100\n|-start|p2b: Toxicroak|Syrup Bomb\n|\n|-unboost|p2b: Toxicroak|spe|1\n|-unboost|p2a: Roaring Moon|spe|1\n|upkeep\n|\n|t:|1697348107\n|switch|p1b: Braviary|Braviary-Hisui, M|100\/100\n|turn|3\n|\n|t:|1697348116\n|-terastallize|p2b: Toxicroak|Dark\n|move|p1a: Dipplin|Protect|p1a: Dipplin\n|-singleturn|p1a: Dipplin|Protect\n|move|p2b: Toxicroak|Sucker Punch|p1b: Braviary\n|-supereffective|p1b: Braviary\n|-damage|p1b: Braviary|9\/100\n|-damage|p2b: Toxicroak|57\/100|[from] item: Life Orb\n|move|p2a: Roaring Moon|Acrobatics|p1a: Dipplin\n|-activate|p1a: Dipplin|move: Protect\n|move|p1b: Braviary|Dazzling Gleam|p2b: Toxicroak|[spread] p2a,p2b\n|-supereffective|p2a: Roaring Moon\n|-supereffective|p2b: Toxicroak\n|-damage|p2a: Roaring Moon|30\/100\n|-damage|p2b: Toxicroak|6\/100\n|\n|-unboost|p2b: Toxicroak|spe|1\n|-end|p2a: Roaring Moon|Syrup Bomb\n|upkeep\n|turn|4\n|inactive|wingwingy55 has 120 seconds left.\n|\n|t:|1697348173\n|move|p2b: Toxicroak|Sucker Punch|p1b: Braviary\n|-supereffective|p1b: Braviary\n|-damage|p1b: Braviary|0 fnt\n|faint|p1b: Braviary\n|-damage|p2b: Toxicroak|0 fnt|[from] item: Life Orb\n|faint|p2b: Toxicroak\n|move|p2a: Roaring Moon|Acrobatics|p1a: Dipplin\n|-supereffective|p1a: Dipplin\n|-damage|p1a: Dipplin|0 fnt\n|faint|p1a: Dipplin\n|\n|-sideend|p2: Megatoxicroak101|move: Tailwind\n|upkeep\n|\n|t:|1697348197\n|switch|p2b: Haunter|Haunter, F|100\/100\n|switch|p1b: Dragapult|Dragapult, M, shiny|100\/100\n|switch|p1a: Chi-Yu|Chi-Yu|100\/100\n|-ability|p1a: Chi-Yu|Beads of Ruin\n|turn|5\n|inactive|wingwingy55 has 120 seconds left.\n|\n|t:|1697348221\n|move|p1b: Dragapult|U-turn|p2a: Roaring Moon\n|-supereffective|p2a: Roaring Moon\n|-damage|p2a: Roaring Moon|0 fnt\n|faint|p2a: Roaring Moon\n|-end|p2a: Roaring Moon|Protosynthesis|[silent]\n|\n|t:|1697348223\n|switch|p1b: Ogerpon|Ogerpon, F|100\/100|[from] U-turn\n|move|p2b: Haunter|Snarl|p1b: Ogerpon|[spread] p1a,p1b\n|-resisted|p1a: Chi-Yu\n|-damage|p1a: Chi-Yu|94\/100\n|-damage|p1b: Ogerpon|70\/100\n|-unboost|p1a: Chi-Yu|spa|1\n|-unboost|p1b: Ogerpon|spa|1\n|-ability|p1b: Ogerpon|Defiant|boost\n|-boost|p1b: Ogerpon|atk|2\n|-enditem|p2b: Haunter|Throat Spray\n|-boost|p2b: Haunter|spa|1|[from] item: Throat Spray\n|move|p1a: Chi-Yu|Overheat|p2b: Haunter\n|-damage|p2b: Haunter|0 fnt\n|-unboost|p1a: Chi-Yu|spa|2\n|replace|p2b: Zoroark|Zoroark, F, shiny\n|-end|p2b: Zoroark|Illusion\n|faint|p2b: Zoroark\n|\n|-heal|p1b: Ogerpon|76\/100|[from] item: Leftovers\n|upkeep\n|\n|t:|1697348245\n|switch|p2a: Infernape|Infernape, F|100\/100\n|switch|p2b: Haunter|Haunter, F|100\/100\n|turn|6\n|inactive|wingwingy55 has 120 seconds left.\n|\n|t:|1697348276\n|-terastallize|p1b: Ogerpon|Grass\n|detailschange|p1b: Ogerpon|Ogerpon-Teal-Tera, F, tera:Grass\n|-ability|p1b: Ogerpon|Embody Aspect (Teal)|boost\n|-boost|p1b: Ogerpon|spe|1\n|move|p1b: Ogerpon|Stomping Tantrum|p2a: Infernape\n|-supereffective|p2a: Infernape\n|-damage|p2a: Infernape|0 fnt\n|faint|p2a: Infernape\n|move|p2b: Haunter|Sludge Bomb|p1b: Ogerpon\n|-supereffective|p1b: Ogerpon\n|-damage|p1b: Ogerpon|0 fnt\n|faint|p1b: Ogerpon\n|move|p1a: Chi-Yu|Overheat|p2b: Haunter\n|-damage|p2b: Haunter|15\/100\n|-unboost|p1a: Chi-Yu|spa|2\n|\n|upkeep\n|\n|t:|1697348287\n|switch|p2a: Lucario|Lucario, M|100\/100\n|switch|p1b: Dragapult|Dragapult, M, shiny|100\/100\n|turn|7\n|\n|t:|1697348302\n|move|p2b: Haunter|Sludge Bomb|p1b: Dragapult\n|-resisted|p1b: Dragapult\n|-damage|p1b: Dragapult|64\/100\n|-status|p1b: Dragapult|psn\n|move|p1b: Dragapult|Dragon Darts|p2b: Haunter\n|-damage|p2b: Haunter|0 fnt\n|-anim|p1b: Dragapult|Dragon Darts|p2a: Lucario\n|-resisted|p2a: Lucario\n|-damage|p2a: Lucario|81\/100\n|faint|p2b: Haunter\n|move|p1a: Chi-Yu|Overheat|p2a: Lucario\n|-supereffective|p2a: Lucario\n|-damage|p2a: Lucario|5\/100\n|-unboost|p1a: Chi-Yu|spa|1\n|move|p2a: Lucario|Aura Sphere|p1a: Chi-Yu\n|-supereffective|p1a: Chi-Yu\n|-damage|p1a: Chi-Yu|39\/100\n|\n|-damage|p1b: Dragapult|51\/100 psn|[from] psn\n|upkeep\n|turn|8\n|\n|t:|1697348327\n|move|p2a: Lucario|Vacuum Wave|p1a: Chi-Yu\n|-supereffective|p1a: Chi-Yu\n|-damage|p1a: Chi-Yu|12\/100\n|move|p1b: Dragapult|Dragon Darts|p2a: Lucario\n|-resisted|p2a: Lucario\n|-damage|p2a: Lucario|0 fnt\n|faint|p2a: Lucario\n|\n|win|wingwingy55\n|raw|wingwingy55's rating: 1053 &rarr; <strong>1100<\/strong><br \/>(+47 for winning)\n|raw|Megatoxicroak101's rating: 1227 &rarr; <strong>1190<\/strong><br \/>(-37 for losing)\n|l|\u2606Megatoxicroak101\n","uploadtime":1697348333,"views":23,"p1id":"wingwingy55","p2id":"megatoxicroak101","formatid":"gen9doublesou","rating":1100,"private":0,"password":""}