{"id":"gen9doublesou-1988127931","p1":"baotranle","p2":"killair","format":"[Gen 9] Doubles OU","log":"|j|\u2606baotranle\n|j|\u2606killair\n|t:|1699673024\n|gametype|doubles\n|player|p1|baotranle|265|1346\n|player|p2|killair|265|1364\n|teamsize|p1|6\n|teamsize|p2|6\n|gen|9\n|tier|[Gen 9] Doubles OU\n|rated|\n|rule|Species Clause: Limit one of each Pok\u00e9mon\n|rule|OHKO Clause: OHKO moves are banned\n|rule|Evasion Moves Clause: Evasion moves are banned\n|rule|Gravity Sleep Clause: The combination of sleep-inducing moves with imperfect accuracy and Gravity or Gigantamax Orbeetle are banned\n|rule|Endless Battle Clause: Forcing endless battles is banned\n|rule|HP Percentage Mod: HP is shown in percentages\n|clearpoke\n|poke|p1|Alomomola, M|\n|poke|p1|Toxapex, F|\n|poke|p1|Garganacl, F|\n|poke|p1|Clodsire, F|\n|poke|p1|Blissey, F|\n|poke|p1|Heatran, F|\n|poke|p2|Pelipper, M|\n|poke|p2|Regieleki|\n|poke|p2|Ludicolo, M|\n|poke|p2|Thundurus, M|\n|poke|p2|Breloom, M|\n|poke|p2|Politoed, F|\n|teampreview\n|inactive|Battle timer is ON: inactive players will automatically lose when time's up. (requested by baotranle)\n|\n|t:|1699673036\n|start\n|switch|p1a: Alomomola|Alomomola, M|100\/100\n|switch|p1b: Garganacl|Garganacl, F|100\/100\n|switch|p2a: Pelipper|Pelipper, M|100\/100\n|switch|p2b: Ludicolo|Ludicolo, M|100\/100\n|-weather|RainDance|[from] ability: Drizzle|[of] p2a: Pelipper\n|turn|1\n|\n|t:|1699673060\n|-terastallize|p1b: Garganacl|Ghost\n|move|p2b: Ludicolo|Fake Out|p1a: Alomomola\n|-damage|p1a: Alomomola|96\/100\n|-damage|p2b: Ludicolo|91\/100|[from] item: Life Orb\n|move|p2a: Pelipper|Hydro Pump|p1b: Garganacl\n|-damage|p1b: Garganacl|6\/100\n|-damage|p2a: Pelipper|91\/100|[from] item: Life Orb\n|cant|p1a: Alomomola|flinch\n|move|p1b: Garganacl|Salt Cure|p2a: Pelipper\n|-supereffective|p2a: Pelipper\n|-damage|p2a: Pelipper|53\/100\n|-start|p2a: Pelipper|Salt Cure\n|\n|-weather|RainDance|[upkeep]\n|-damage|p2a: Pelipper|28\/100|[from] Salt Cure\n|upkeep\n|turn|2\n|\n|t:|1699673088\n|move|p1b: Garganacl|Protect|p1b: Garganacl\n|-singleturn|p1b: Garganacl|Protect\n|move|p2b: Ludicolo|Ice Beam|p1b: Garganacl\n|-activate|p1b: Garganacl|move: Protect\n|move|p2a: Pelipper|Hurricane|p1a: Alomomola\n|-damage|p1a: Alomomola|10\/100\n|-damage|p2a: Pelipper|18\/100|[from] item: Life Orb\n|move|p1a: Alomomola|Whirlpool|p2a: Pelipper\n|-resisted|p2a: Pelipper\n|-crit|p2a: Pelipper\n|-damage|p2a: Pelipper|6\/100\n|-activate|p2a: Pelipper|move: Whirlpool|[of] p1a: Alomomola\n|\n|-weather|RainDance|[upkeep]\n|-damage|p2a: Pelipper|0 fnt|[from] Salt Cure\n|faint|p2a: Pelipper\n|upkeep\n|inactive|killair has 120 seconds left.\n|\n|t:|1699673108\n|switch|p2a: Regieleki|Regieleki|100\/100\n|turn|3\n|\n|t:|1699673119\n|switch|p1a: Clodsire|Clodsire, F|100\/100\n|switch|p1b: Blissey|Blissey, F|100\/100\n|move|p2a: Regieleki|Electro Ball|p1a: Clodsire\n|-immune|p1a: Clodsire\n|move|p2b: Ludicolo|Ice Beam|p1b: Blissey\n|-damage|p1b: Blissey|90\/100\n|-damage|p2b: Ludicolo|81\/100|[from] item: Life Orb\n|\n|-weather|RainDance|[upkeep]\n|upkeep\n|turn|4\n|inactive|baotranle has 120 seconds left.\n|\n|t:|1699673152\n|switch|p2a: Thundurus|Thundurus, M|100\/100\n|move|p1a: Clodsire|Protect|p1a: Clodsire\n|-singleturn|p1a: Clodsire|Protect\n|move|p2b: Ludicolo|Hydro Pump|p1a: Clodsire\n|-activate|p1a: Clodsire|move: Protect\n|move|p1b: Blissey|Seismic Toss|p2a: Thundurus\n|-damage|p2a: Thundurus|67\/100\n|\n|-weather|RainDance|[upkeep]\n|upkeep\n|turn|5\n|\n|t:|1699673176\n|switch|p2a: Breloom|Breloom, M|100\/100\n|switch|p1a: Toxapex|Toxapex, F|100\/100\n|move|p2b: Ludicolo|Hydro Pump|p1a: Toxapex\n|-resisted|p1a: Toxapex\n|-damage|p1a: Toxapex|72\/100\n|-damage|p2b: Ludicolo|71\/100|[from] item: Life Orb\n|move|p1b: Blissey|Seismic Toss|p2a: Breloom\n|-damage|p2a: Breloom|62\/100\n|-status|p1b: Blissey|par|[from] ability: Effect Spore|[of] p2a: Breloom\n|\n|-weather|none\n|-heal|p1a: Toxapex|78\/100|[from] item: Leftovers\n|upkeep\n|turn|6\n|inactive|killair has 120 seconds left.\n|\n|t:|1699673215\n|switch|p2b: Thundurus|Thundurus, M|67\/100\n|-curestatus|p1b: Blissey|par|[from] ability: Natural Cure\n|switch|p1b: Clodsire|Clodsire, F|100\/100\n|move|p2a: Breloom|Spore|p1a: Toxapex\n|-status|p1a: Toxapex|slp|[from] move: Spore\n|cant|p1a: Toxapex|slp\n|\n|-heal|p1a: Toxapex|85\/100 slp|[from] item: Leftovers\n|upkeep\n|turn|7\n|\n|t:|1699673243\n|move|p2b: Thundurus|Rain Dance|p2b: Thundurus\n|-weather|RainDance\n|move|p2a: Breloom|Spore|p1b: Clodsire\n|-status|p1b: Clodsire|slp|[from] move: Spore\n|cant|p1a: Toxapex|slp\n|cant|p1b: Clodsire|slp\n|\n|-weather|RainDance|[upkeep]\n|-heal|p1a: Toxapex|91\/100 slp|[from] item: Leftovers\n|upkeep\n|turn|8\n|\n|t:|1699673261\n|switch|p2a: Ludicolo|Ludicolo, M|71\/100\n|switch|p1a: Blissey|Blissey, F|90\/100\n|move|p2b: Thundurus|Thunder|p1a: Blissey\n|-damage|p1a: Blissey|71\/100\n|-damage|p2b: Thundurus|57\/100|[from] item: Life Orb\n|cant|p1b: Clodsire|slp\n|\n|-weather|RainDance|[upkeep]\n|upkeep\n|turn|9\n|\n|t:|1699673283\n|move|p2b: Thundurus|Taunt|p1a: Blissey\n|-start|p1a: Blissey|move: Taunt\n|move|p2a: Ludicolo|Hydro Pump|p1b: Clodsire\n|-supereffective|p1b: Clodsire\n|-damage|p1b: Clodsire|0 fnt\n|faint|p1b: Clodsire\n|-damage|p2a: Ludicolo|61\/100|[from] item: Life Orb\n|move|p1a: Blissey|Seismic Toss|p2a: Ludicolo\n|-damage|p2a: Ludicolo|28\/100\n|\n|-weather|RainDance|[upkeep]\n|upkeep\n|inactive|baotranle has 120 seconds left.\n|\n|t:|1699673299\n|switch|p1b: Toxapex|Toxapex, F|100\/100 slp\n|turn|10\n|\n|t:|1699673312\n|switch|p2a: Politoed|Politoed, F|100\/100\n|switch|p1b: Heatran|Heatran, F|100\/100\n|-item|p1b: Heatran|Air Balloon\n|move|p2b: Thundurus|Thunder|p1b: Heatran\n|-damage|p1b: Heatran|34\/100\n|-enditem|p1b: Heatran|Air Balloon\n|-damage|p2b: Thundurus|47\/100|[from] item: Life Orb\n|move|p1a: Blissey|Seismic Toss|p2a: Politoed\n|-damage|p2a: Politoed|69\/100\n|\n|-weather|RainDance|[upkeep]\n|upkeep\n|turn|11\n|\n|t:|1699673339\n|move|p1b: Heatran|Protect|p1b: Heatran\n|-singleturn|p1b: Heatran|Protect\n|move|p2b: Thundurus|Thunder|p1b: Heatran\n|-activate|p1b: Heatran|move: Protect\n|move|p2a: Politoed|Hydro Pump|p1b: Heatran\n|-activate|p1b: Heatran|move: Protect\n|move|p1a: Blissey|Seismic Toss|p2b: Thundurus\n|-damage|p2b: Thundurus|14\/100\n|\n|-weather|none\n|-end|p1a: Blissey|move: Taunt\n|upkeep\n|turn|12\n|inactive|baotranle has 120 seconds left.\n|\n|t:|1699673369\n|move|p2b: Thundurus|Rain Dance|p2b: Thundurus\n|-weather|RainDance\n|move|p2a: Politoed|Hydro Pump|p1b: Heatran|[miss]\n|-miss|p2a: Politoed|p1b: Heatran\n|move|p1b: Heatran|Flash Cannon|p2a: Politoed\n|-resisted|p2a: Politoed\n|-damage|p2a: Politoed|46\/100\n|move|p1a: Blissey|Seismic Toss|p2b: Thundurus\n|-damage|p2b: Thundurus|0 fnt\n|faint|p2b: Thundurus\n|\n|-weather|RainDance|[upkeep]\n|upkeep\n|inactive|killair has 120 seconds left.\n|\n|t:|1699673396\n|switch|p2b: Ludicolo|Ludicolo, M|28\/100\n|turn|13\n|\n|t:|1699673406\n|move|p1b: Heatran|Protect|p1b: Heatran\n|-singleturn|p1b: Heatran|Protect\n|move|p2b: Ludicolo|Fake Out|p1a: Blissey\n|-damage|p1a: Blissey|55\/100\n|-damage|p2b: Ludicolo|18\/100|[from] item: Life Orb\n|move|p2a: Politoed|Hydro Pump|p1b: Heatran\n|-activate|p1b: Heatran|move: Protect\n|cant|p1a: Blissey|flinch\n|\n|-weather|RainDance|[upkeep]\n|upkeep\n|turn|14\n|\n|t:|1699673423\n|switch|p2b: Regieleki|Regieleki|100\/100\n|switch|p1b: Toxapex|Toxapex, F|100\/100 slp\n|move|p2a: Politoed|Hydro Pump|p1b: Toxapex\n|-resisted|p1b: Toxapex\n|-damage|p1b: Toxapex|72\/100 slp\n|-damage|p2a: Politoed|36\/100|[from] item: Life Orb\n|move|p1a: Blissey|Life Dew|p1a: Blissey|[spread] p1a,p1b\n|-heal|p1a: Blissey|80\/100\n|-heal|p1b: Toxapex|97\/100 slp\n|\n|-weather|RainDance|[upkeep]\n|-heal|p1b: Toxapex|100\/100 slp|[from] item: Leftovers\n|upkeep\n|turn|15\n|\n|t:|1699673450\n|cant|p1b: Toxapex|slp\n|move|p2b: Regieleki|Thunder|p1b: Toxapex\n|-supereffective|p1b: Toxapex\n|-damage|p1b: Toxapex|0 fnt\n|faint|p1b: Toxapex\n|-damage|p2b: Regieleki|91\/100|[from] item: Life Orb\n|move|p2a: Politoed|Encore|p1a: Blissey\n|-start|p1a: Blissey|Encore\n|move|p1a: Blissey|Life Dew|p1a: Blissey\n|-heal|p1a: Blissey|100\/100\n|\n|-weather|RainDance|[upkeep]\n|upkeep\n|inactive|baotranle has 120 seconds left.\n|\n|t:|1699673464\n|switch|p1b: Alomomola|Alomomola, M|44\/100\n|turn|16\n|\n|t:|1699673476\n|switch|p2a: Breloom|Breloom, M|62\/100\n|move|p1b: Alomomola|Protect|p1b: Alomomola\n|-singleturn|p1b: Alomomola|Protect\n|move|p2b: Regieleki|Thunder|p1b: Alomomola\n|-activate|p1b: Alomomola|move: Protect\n|move|p1a: Blissey|Life Dew||[still]|[spread] p1a,p1b\n|-fail|p1a: Blissey|heal\n|-heal|p1b: Alomomola|69\/100\n|\n|-weather|none\n|upkeep\n|turn|17\n|\n|t:|1699673496\n|switch|p2a: Politoed|Politoed, F|36\/100\n|-weather|RainDance|[from] ability: Drizzle|[of] p2a: Politoed\n|switch|p1b: Heatran|Heatran, F|34\/100\n|move|p2b: Regieleki|Thunder|p1b: Heatran\n|-damage|p1b: Heatran|0 fnt\n|faint|p1b: Heatran\n|-damage|p2b: Regieleki|81\/100|[from] item: Life Orb\n|move|p1a: Blissey|Life Dew||[still]\n|-fail|p1a: Blissey|heal\n|\n|-weather|RainDance|[upkeep]\n|-end|p1a: Blissey|Encore\n|upkeep\n|\n|t:|1699673514\n|switch|p1b: Garganacl|Garganacl, F, tera:Ghost|6\/100\n|turn|18\n|\n|t:|1699673528\n|move|p1b: Garganacl|Protect|p1b: Garganacl\n|-singleturn|p1b: Garganacl|Protect\n|move|p2b: Regieleki|Thunder|p1b: Garganacl\n|-activate|p1b: Garganacl|move: Protect\n|move|p2a: Politoed|Encore|p1a: Blissey\n|-start|p1a: Blissey|Encore\n|move|p1a: Blissey|Life Dew||[still]|[spread] p1a,p1b\n|-fail|p1a: Blissey|heal\n|-heal|p1b: Garganacl|31\/100\n|\n|-weather|RainDance|[upkeep]\n|upkeep\n|turn|19\n|\n|t:|1699673549\n|switch|p2a: Breloom|Breloom, M|62\/100\n|move|p1b: Garganacl|Protect|p1b: Garganacl\n|-singleturn|p1b: Garganacl|Protect\n|move|p2b: Regieleki|Thunder|p1b: Garganacl\n|-activate|p1b: Garganacl|move: Protect\n|move|p1a: Blissey|Life Dew||[still]|[spread] p1a,p1b\n|-fail|p1a: Blissey|heal\n|-heal|p1b: Garganacl|56\/100\n|\n|-weather|RainDance|[upkeep]\n|upkeep\n|turn|20\n|\n|t:|1699673571\n|-terastallize|p2b: Regieleki|Electric\n|move|p2b: Regieleki|Thunder|p1b: Garganacl\n|-damage|p1b: Garganacl|0 fnt\n|faint|p1b: Garganacl\n|-damage|p2b: Regieleki|71\/100|[from] item: Life Orb\n|move|p2a: Breloom|Toxic|p1a: Blissey\n|-status|p1a: Blissey|tox\n|move|p1a: Blissey|Life Dew||[still]\n|-fail|p1a: Blissey|heal\n|\n|-weather|RainDance|[upkeep]\n|-damage|p1a: Blissey|94\/100 tox|[from] psn\n|-end|p1a: Blissey|Encore\n|upkeep\n|-message|baotranle forfeited.\n|\n|win|killair\n|raw|baotranle's rating: 1346 &rarr; <strong>1327<\/strong><br \/>(-19 for losing)\n|raw|killair's rating: 1364 &rarr; <strong>1383<\/strong><br \/>(+19 for winning)\n|l|\u2606baotranle\n|l|\u2606killair\n|j|\u2606killair\n|player|p2|killair|265\n","uploadtime":1699673633,"views":7,"p1id":"baotranle","p2id":"killair","formatid":"gen9doublesou","rating":1327,"private":0,"password":""}