{"id":"gen9doublesou-1993468353","p1":"ladelcolo","p2":"mikeyuwu","format":"[Gen 9] Doubles OU","log":"|j|\u2606ladelcolo\n|j|\u2606mikeyuwu\n|t:|1700321589\n|gametype|doubles\n|player|p1|ladelcolo|101|1159\n|player|p2|mikeyuwu|psychic-gen4|1211\n|teamsize|p1|6\n|teamsize|p2|6\n|gen|9\n|tier|[Gen 9] Doubles OU\n|rated|\n|rule|Species Clause: Limit one of each Pok\u00e9mon\n|rule|OHKO Clause: OHKO moves are banned\n|rule|Evasion Moves Clause: Evasion moves are banned\n|rule|Gravity Sleep Clause: The combination of sleep-inducing moves with imperfect accuracy and Gravity or Gigantamax Orbeetle are banned\n|rule|Endless Battle Clause: Forcing endless battles is banned\n|rule|HP Percentage Mod: HP is shown in percentages\n|clearpoke\n|poke|p1|Diancie|\n|poke|p1|Heatran, M|\n|poke|p1|Palafin, F|\n|poke|p1|Dragonite, M|\n|poke|p1|Oricorio-Pa'u, M|\n|poke|p1|Haxorus, M|\n|poke|p2|Garchomp, M|\n|poke|p2|Tyranitar, F|\n|poke|p2|Vaporeon, F|\n|poke|p2|Toxicroak, M|\n|poke|p2|Pelipper, F|\n|poke|p2|Abomasnow, M|\n|teampreview\n|\n|t:|1700321597\n|start\n|switch|p1a: Palafin|Palafin, F|100\/100\n|switch|p1b: Dragonite|Dragonite, M|100\/100\n|switch|p2a: OTLHPM|Toxicroak, M|100\/100\n|switch|p2b: Harmacy|Vaporeon, F|100\/100\n|turn|1\n|\n|t:|1700321612\n|detailschange|p1a: Palafin|Palafin-Hero, F\n|switch|p1a: Oricorio|Oricorio-Pa'u, M|100\/100\n|move|p1b: Dragonite|Dragon Dance|p1b: Dragonite\n|-boost|p1b: Dragonite|atk|1\n|-boost|p1b: Dragonite|spe|1\n|-activate|p1a: Oricorio|ability: Dancer\n|move|p1a: Oricorio|Dragon Dance|p1a: Oricorio|[from]ability: Dancer\n|-boost|p1a: Oricorio|atk|1\n|-boost|p1a: Oricorio|spe|1\n|move|p2a: OTLHPM|Poison Jab|p1b: Dragonite\n|-damage|p1b: Dragonite|58\/100\n|move|p2b: Harmacy|Icy Wind|p1a: Oricorio|[spread] p1a,p1b\n|-supereffective|p1a: Oricorio\n|-supereffective|p1b: Dragonite\n|-damage|p1a: Oricorio|65\/100\n|-damage|p1b: Dragonite|17\/100\n|-unboost|p1a: Oricorio|spe|1\n|-unboost|p1b: Dragonite|spe|1\n|\n|upkeep\n|turn|2\n|\n|t:|1700321625\n|switch|p2a: ThcrThnSnkr|Tyranitar, F|100\/100\n|-weather|Sandstorm|[from] ability: Sand Stream|[of] p2a: ThcrThnSnkr\n|move|p1a: Oricorio|Revelation Dance|p2a: ThcrThnSnkr\n|-immune|p2a: ThcrThnSnkr\n|move|p1b: Dragonite|Thunder Punch|p2b: Harmacy\n|-supereffective|p2b: Harmacy\n|-damage|p2b: Harmacy|41\/100\n|move|p2b: Harmacy|Icy Wind|p1b: Dragonite|[spread] p1b\n|-miss|p2b: Harmacy|p1a: Oricorio\n|-supereffective|p1b: Dragonite\n|-damage|p1b: Dragonite|0 fnt\n|faint|p1b: Dragonite\n|\n|-weather|Sandstorm|[upkeep]\n|-damage|p1a: Oricorio|59\/100|[from] Sandstorm\n|-damage|p2b: Harmacy|35\/100|[from] Sandstorm\n|-heal|p2b: Harmacy|41\/100|[from] item: Leftovers\n|upkeep\n|\n|t:|1700321641\n|switch|p1b: Palafin|Palafin-Hero, F|100\/100\n|-activate|p1b: Palafin|ability: Zero to Hero\n|turn|3\n|\n|t:|1700321656\n|switch|p2a: OTLHPM|Toxicroak, M|100\/100\n|move|p1b: Palafin|Waterfall|p2a: OTLHPM\n|-immune|p2a: OTLHPM|[from] ability: Dry Skin\n|move|p1a: Oricorio|Swords Dance|p1a: Oricorio\n|-boost|p1a: Oricorio|atk|2\n|move|p2b: Harmacy|Weather Ball|p1a: Oricorio\n|-supereffective|p1a: Oricorio\n|-damage|p1a: Oricorio|0 fnt\n|faint|p1a: Oricorio\n|\n|-weather|Sandstorm|[upkeep]\n|-damage|p1b: Palafin|94\/100|[from] Sandstorm\n|-damage|p2a: OTLHPM|94\/100|[from] Sandstorm\n|-damage|p2b: Harmacy|35\/100|[from] Sandstorm\n|-heal|p1b: Palafin|100\/100|[from] item: Leftovers\n|-heal|p2a: OTLHPM|100\/100|[from] item: Black Sludge\n|-heal|p2b: Harmacy|41\/100|[from] item: Leftovers\n|upkeep\n|\n|t:|1700321664\n|switch|p1a: Diancie|Diancie|100\/100\n|turn|4\n|\n|t:|1700321673\n|switch|p2a: Weather War|Pelipper, F|100\/100\n|-weather|RainDance|[from] ability: Drizzle|[of] p2a: Weather War\n|move|p1b: Palafin|Iron Head|p2b: Harmacy\n|-resisted|p2b: Harmacy\n|-damage|p2b: Harmacy|29\/100\n|move|p2b: Harmacy|Weather Ball|p1a: Diancie\n|-supereffective|p1a: Diancie\n|-damage|p1a: Diancie|9\/100\n|move|p1a: Diancie|Diamond Storm|p2b: Harmacy|[spread] p2a,p2b\n|-supereffective|p2a: Weather War\n|-damage|p2a: Weather War|46\/100\n|-damage|p2b: Harmacy|5\/100\n|-boost|p1a: Diancie|def|2\n|\n|-weather|RainDance|[upkeep]\n|-heal|p2b: Harmacy|11\/100|[from] item: Leftovers\n|upkeep\n|turn|5\n|\n|t:|1700321704\n|switch|p2b: Extra Spicy|Garchomp, M|100\/100\n|move|p1b: Palafin|Iron Head|p2b: Extra Spicy\n|-damage|p2b: Extra Spicy|80\/100\n|-damage|p1b: Palafin|88\/100|[from] ability: Rough Skin|[of] p2b: Extra Spicy\n|-damage|p1b: Palafin|72\/100|[from] item: Rocky Helmet|[of] p2b: Extra Spicy\n|move|p2a: Weather War|Chilling Water|p1a: Diancie\n|-supereffective|p1a: Diancie\n|-damage|p1a: Diancie|0 fnt\n|faint|p1a: Diancie\n|\n|-weather|RainDance|[upkeep]\n|-heal|p1b: Palafin|78\/100|[from] item: Leftovers\n|upkeep\n|\n|t:|1700321713\n|switch|p1a: Haxorus|Haxorus, M|100\/100\n|-ability|p1a: Haxorus|Unnerve\n|turn|6\n|\n|t:|1700321719\n|switch|p2b: Cold Shoulder|Abomasnow, M, shiny|100\/100\n|-weather|Snow|[from] ability: Snow Warning|[of] p2b: Cold Shoulder\n|move|p1b: Palafin|Waterfall|p2a: Weather War\n|-resisted|p2a: Weather War\n|-damage|p2a: Weather War|28\/100\n|move|p1a: Haxorus|Dragon Claw|p2b: Cold Shoulder\n|-damage|p2b: Cold Shoulder|71\/100\n|move|p2a: Weather War|Chilling Water|p1a: Haxorus\n|-resisted|p1a: Haxorus\n|-damage|p1a: Haxorus|87\/100\n|-unboost|p1a: Haxorus|atk|1\n|\n|-weather|Snow|[upkeep]\n|-heal|p1b: Palafin|84\/100|[from] item: Leftovers\n|upkeep\n|turn|7\n|\n|t:|1700321736\n|switch|p2a: Extra Spicy|Garchomp, M|80\/100\n|move|p1b: Palafin|Flip Turn|p2a: Extra Spicy\n|-crit|p2a: Extra Spicy\n|-damage|p2a: Extra Spicy|49\/100\n|-damage|p1b: Palafin|72\/100|[from] ability: Rough Skin|[of] p2a: Extra Spicy\n|-damage|p1b: Palafin|55\/100|[from] item: Rocky Helmet|[of] p2a: Extra Spicy\n|\n|t:|1700321742\n|switch|p1b: Heatran|Heatran, M|100\/100|[from] Flip Turn\n|move|p1a: Haxorus|Brick Break|p2b: Cold Shoulder\n|-supereffective|p2b: Cold Shoulder\n|-damage|p2b: Cold Shoulder|50\/100\n|move|p2b: Cold Shoulder|Giga Drain|p1b: Heatran\n|-resisted|p1b: Heatran\n|-damage|p1b: Heatran|95\/100\n|-heal|p2b: Cold Shoulder|53\/100|[from] drain|[of] p1b: Heatran\n|\n|-weather|Snow|[upkeep]\n|upkeep\n|turn|8\n|\n|t:|1700321751\n|switch|p2a: Weather War|Pelipper, F|28\/100\n|-weather|RainDance|[from] ability: Drizzle|[of] p2a: Weather War\n|-terastallize|p2b: Cold Shoulder|Water\n|move|p1a: Haxorus|Dragon Claw|p2a: Weather War\n|-damage|p2a: Weather War|4\/100\n|move|p1b: Heatran|Flamethrower|p2b: Cold Shoulder\n|-resisted|p2b: Cold Shoulder\n|-damage|p2b: Cold Shoulder|38\/100\n|move|p2b: Cold Shoulder|Weather Ball|p1b: Heatran\n|-supereffective|p1b: Heatran\n|-damage|p1b: Heatran|0 fnt\n|faint|p1b: Heatran\n|\n|-weather|RainDance|[upkeep]\n|upkeep\n|\n|t:|1700321769\n|switch|p1b: Palafin|Palafin-Hero, F|55\/100\n|turn|9\n|-activate|p1a: Haxorus|item: Quick Claw\n|\n|t:|1700321776\n|move|p1a: Haxorus|Dragon Claw|p2b: Cold Shoulder\n|-damage|p2b: Cold Shoulder|12\/100\n|move|p1b: Palafin|Drain Punch|p2a: Weather War\n|-resisted|p2a: Weather War\n|-damage|p2a: Weather War|0 fnt\n|-heal|p1b: Palafin|57\/100|[from] drain|[of] p2a: Weather War\n|faint|p2a: Weather War\n|move|p2b: Cold Shoulder|Giga Drain|p1b: Palafin\n|-supereffective|p1b: Palafin\n|-crit|p1b: Palafin\n|-damage|p1b: Palafin|0 fnt\n|-heal|p2b: Cold Shoulder|39\/100|[from] drain|[of] p1b: Palafin\n|faint|p1b: Palafin\n|\n|-weather|RainDance|[upkeep]\n|upkeep\n|\n|t:|1700321785\n|switch|p2a: Harmacy|Vaporeon, F|11\/100\n|turn|10\n|l|\u2606ladelcolo\n|player|p1|\n|inactive|Battle timer is ON: inactive players will automatically lose when time's up. (requested by mikeyuwu)\n|inactive|ladelcolo has 30 seconds to reconnect!\n|inactive|ladelcolo has 20 seconds to reconnect!\n|inactive|ladelcolo has 15 seconds to reconnect!\n|inactive|ladelcolo has 10 seconds to reconnect!\n|inactive|ladelcolo has 5 seconds to reconnect!\n|-message|ladelcolo lost due to inactivity.\n|\n|win|mikeyuwu\n|raw|ladelcolo's rating: 1159 &rarr; <strong>1138<\/strong><br \/>(-21 for losing)\n|raw|mikeyuwu's rating: 1211 &rarr; <strong>1232<\/strong><br \/>(+21 for winning)\n","uploadtime":1700321902,"views":6,"p1id":"ladelcolo","p2id":"mikeyuwu","formatid":"gen9doublesou","rating":1138,"private":0,"password":""}