{"id":"gen9doublesou-1980543461","p1":"UY QUE RICO PAPI","p2":"Fue Fue Cocoa","format":"[Gen 9] Doubles OU","log":"|j|\u2606UY QUE RICO PAPI\n|j|\u2606Fue Fue Cocoa\n|t:|1698795519\n|gametype|doubles\n|player|p1|UY QUE RICO PAPI|1|1247\n|player|p2|Fue Fue Cocoa|pokemonranger-gen4|1176\n|teamsize|p1|6\n|teamsize|p2|6\n|gen|9\n|tier|[Gen 9] Doubles OU\n|rated|\n|rule|Species Clause: Limit one of each Pok\u00e9mon\n|rule|OHKO Clause: OHKO moves are banned\n|rule|Evasion Moves Clause: Evasion moves are banned\n|rule|Gravity Sleep Clause: The combination of sleep-inducing moves with imperfect accuracy and Gravity or Gigantamax Orbeetle are banned\n|rule|Endless Battle Clause: Forcing endless battles is banned\n|rule|HP Percentage Mod: HP is shown in percentages\n|clearpoke\n|poke|p1|Bronzong|\n|poke|p1|Weavile, F|\n|poke|p1|Hatterene, F|\n|poke|p1|Ursaluna, F|\n|poke|p1|Trevenant, M|\n|poke|p1|Orthworm, M|\n|poke|p2|Fezandipiti, M|\n|poke|p2|Okidogi, M|\n|poke|p2|Munkidori, M|\n|poke|p2|Ursaluna-Bloodmoon, M|\n|poke|p2|Sinistcha-Masterpiece|\n|poke|p2|Ogerpon-Hearthflame, F|\n|teampreview\n|inactive|Battle timer is ON: inactive players will automatically lose when time's up. (requested by Fue Fue Cocoa)\n|\n|t:|1698795525\n|start\n|switch|p1a: Bronzong|Bronzong|100\/100\n|switch|p1b: Weavile|Weavile, F|100\/100\n|switch|p2a: Scovillian 2.0|Ogerpon-Hearthflame, F|100\/100\n|switch|p2b: Tastea|Sinistcha-Masterpiece|100\/100\n|-ability|p2a: Scovillian 2.0|Mold Breaker\n|turn|1\n|\n|t:|1698795540\n|move|p1b: Weavile|Fake Out|p2a: Scovillian 2.0\n|-damage|p2a: Scovillian 2.0|82\/100\n|move|p2b: Tastea|Rage Powder|p2b: Tastea\n|-singleturn|p2b: Tastea|move: Rage Powder\n|cant|p2a: Scovillian 2.0|flinch\n|move|p1a: Bronzong|Trick Room|p1a: Bronzong\n|-fieldstart|move: Trick Room|[of] p1a: Bronzong\n|\n|upkeep\n|turn|2\n|\n|t:|1698795559\n|move|p2b: Tastea|Rage Powder|p2b: Tastea\n|-singleturn|p2b: Tastea|move: Rage Powder\n|move|p1a: Bronzong|Stealth Rock|p2b: Tastea\n|-sidestart|p2: Fue Fue Cocoa|move: Stealth Rock\n|move|p2a: Scovillian 2.0|Swords Dance|p2a: Scovillian 2.0\n|-boost|p2a: Scovillian 2.0|atk|2\n|move|p1b: Weavile|Taunt|p2b: Tastea\n|-start|p2b: Tastea|move: Taunt\n|\n|upkeep\n|turn|3\n|\n|t:|1698795577\n|move|p2a: Scovillian 2.0|Spiky Shield|p2a: Scovillian 2.0\n|-singleturn|p2a: Scovillian 2.0|move: Protect\n|move|p1b: Weavile|Ice Shard|p2b: Tastea\n|-supereffective|p2b: Tastea\n|-damage|p2b: Tastea|74\/100\n|move|p1a: Bronzong|Steel Beam|p2b: Tastea\n|-damage|p2b: Tastea|3\/100\n|-damage|p1a: Bronzong|50\/100|[from] steelbeam\n|move|p2b: Tastea|Hex|p1a: Bronzong\n|-supereffective|p1a: Bronzong\n|-damage|p1a: Bronzong|6\/100\n|\n|-heal|p2b: Tastea|9\/100|[from] item: Leftovers\n|upkeep\n|turn|4\n|inactive|Fue Fue Cocoa has 120 seconds left.\n|\n|t:|1698795614\n|-terastallize|p2a: Scovillian 2.0|Fire\n|detailschange|p2a: Scovillian 2.0|Ogerpon-Hearthflame-Tera, F, tera:Fire\n|-ability|p2a: Scovillian 2.0|Embody Aspect (Hearthflame)|boost\n|-boost|p2a: Scovillian 2.0|atk|1\n|move|p1b: Weavile|Ice Shard|p2a: Scovillian 2.0\n|-resisted|p2a: Scovillian 2.0\n|-damage|p2a: Scovillian 2.0|69\/100\n|move|p1a: Bronzong|Steel Beam|p2a: Scovillian 2.0\n|-resisted|p2a: Scovillian 2.0\n|-damage|p2a: Scovillian 2.0|38\/100\n|-damage|p1a: Bronzong|0 fnt|[from] steelbeam\n|faint|p1a: Bronzong\n|move|p2b: Tastea|Matcha Gotcha|p1b: Weavile\n|-damage|p1b: Weavile|59\/100\n|-heal|p2b: Tastea|26\/100|[from] drain|[of] p1b: Weavile\n|move|p2a: Scovillian 2.0|Ivy Cudgel|p1b: Weavile\n|-supereffective|p1b: Weavile\n|-damage|p1b: Weavile|0 fnt\n|faint|p1b: Weavile\n|\n|-heal|p2b: Tastea|32\/100|[from] item: Leftovers\n|upkeep\n|inactive|UY QUE RICO PAPI has 120 seconds left.\n|\n|t:|1698795636\n|switch|p1a: Orthworm|Orthworm, M|100\/100\n|switch|p1b: Ursaluna|Ursaluna, F|100\/100\n|turn|5\n|\n|t:|1698795650\n|switch|p2b: Birb|Fezandipiti, M|100\/100\n|-damage|p2b: Birb|88\/100|[from] Stealth Rock\n|-terastallize|p1b: Ursaluna|Ground\n|move|p1b: Ursaluna|Earthquake|p2a: Scovillian 2.0|[spread] p2a,p2b\n|-immune|p1a: Orthworm|[from] ability: Earth Eater\n|-supereffective|p2a: Scovillian 2.0\n|-supereffective|p2b: Birb\n|-damage|p2a: Scovillian 2.0|0 fnt\n|-damage|p2b: Birb|0 fnt\n|faint|p2a: Scovillian 2.0\n|faint|p2b: Birb\n|move|p1a: Orthworm|Shed Tail|p1a: Orthworm\n|-start|p1a: Orthworm|Substitute|[from] move: Shed Tail\n|-damage|p1a: Orthworm|50\/100\n|-enditem|p1a: Orthworm|Sitrus Berry|[eat]\n|-heal|p1a: Orthworm|75\/100|[from] item: Sitrus Berry\n|\n|t:|1698795667\n|switch|p1a: Trevenant|Trevenant, M|100\/100|[from] Shed Tail\n|\n|-fieldend|move: Trick Room\n|-status|p1b: Ursaluna|brn|[from] item: Flame Orb\n|upkeep\n|\n|t:|1698795677\n|switch|p2a: Tastea|Sinistcha-Masterpiece|32\/100\n|switch|p2b: Guru Monke|Munkidori, M|100\/100\n|-damage|p2b: Guru Monke|88\/100|[from] Stealth Rock\n|-damage|p2a: Tastea|20\/100|[from] Stealth Rock\n|-heal|p2b: Guru Monke|100\/100|[from] ability: Hospitality|[of] p2a: Tastea\n|turn|6\n|\n|t:|1698795689\n|move|p1b: Ursaluna|Protect|p1b: Ursaluna\n|-singleturn|p1b: Ursaluna|Protect\n|move|p2b: Guru Monke|Future Sight|p1a: Trevenant\n|-start|p2b: Guru Monke|move: Future Sight\n|move|p2a: Tastea|Matcha Gotcha|p1a: Trevenant|[spread] p1a\n|-activate|p1b: Ursaluna|move: Protect\n|-resisted|p1a: Trevenant\n|-activate|p1a: Trevenant|move: Substitute|[damage]\n|-heal|p2a: Tastea|25\/100|[from] drain|[of] p1a: Trevenant\n|move|p1a: Trevenant|Trick Room|p1a: Trevenant\n|-fieldstart|move: Trick Room|[of] p1a: Trevenant\n|\n|-heal|p2a: Tastea|31\/100|[from] item: Leftovers\n|-damage|p1b: Ursaluna|94\/100 brn|[from] brn\n|upkeep\n|turn|7\n|inactive|UY QUE RICO PAPI has 120 seconds left.\n|\n|t:|1698795742\n|move|p2b: Guru Monke|Protect|p2b: Guru Monke\n|-singleturn|p2b: Guru Monke|Protect\n|move|p1b: Ursaluna|Earthquake|p2a: Tastea|[spread] p1a,p2a\n|-activate|p2b: Guru Monke|move: Protect\n|-resisted|p1a: Trevenant\n|-end|p1a: Trevenant|Substitute\n|-resisted|p2a: Tastea\n|-damage|p2a: Tastea|2\/100\n|move|p1a: Trevenant|Disable|p2a: Tastea\n|-start|p2a: Tastea|Disable|Matcha Gotcha\n|cant|p2a: Tastea|Disable|Matcha Gotcha\n|\n|-heal|p2a: Tastea|8\/100|[from] item: Leftovers\n|-damage|p1b: Ursaluna|88\/100 brn|[from] brn\n|upkeep\n|turn|8\n|inactive|UY QUE RICO PAPI has 120 seconds left.\n|l|\u2606UY QUE RICO PAPI\n|inactive|UY QUE RICO PAPI disconnected and has a minute to reconnect!\n|player|p1|\n|j|\u2606UY QUE RICO PAPI\n|inactive|UY QUE RICO PAPI reconnected and has 80 seconds left.\n|player|p1|UY QUE RICO PAPI|1\n|\n|t:|1698795792\n|switch|p1a: Orthworm|Orthworm, M|75\/100\n|move|p1b: Ursaluna|Earthquake|p2a: Tastea|[spread] p2a,p2b\n|-heal|p1a: Orthworm|100\/100|[from] ability: Earth Eater|[of] p1b: Ursaluna\n|-resisted|p2a: Tastea\n|-supereffective|p2b: Guru Monke\n|-damage|p2a: Tastea|0 fnt\n|-damage|p2b: Guru Monke|0 fnt\n|faint|p2a: Tastea\n|faint|p2b: Guru Monke\n|\n|-end|p1a: Orthworm|move: Future Sight\n|-resisted|p1a: Orthworm\n|-damage|p1a: Orthworm|71\/100\n|-damage|p1b: Ursaluna|82\/100 brn|[from] brn\n|upkeep\n|\n|t:|1698795807\n|switch|p2a: Not Psychic Type|Ursaluna-Bloodmoon, M|100\/100\n|switch|p2b: Woof|Okidogi, M|100\/100\n|-damage|p2a: Not Psychic Type|94\/100|[from] Stealth Rock\n|-damage|p2b: Woof|95\/100|[from] Stealth Rock\n|turn|9\n|\n|t:|1698795818\n|move|p1b: Ursaluna|Earthquake|p2b: Woof|[spread] p2a,p2b\n|-heal|p1a: Orthworm|96\/100|[from] ability: Earth Eater|[of] p1b: Ursaluna\n|-supereffective|p2b: Woof\n|-damage|p2a: Not Psychic Type|34\/100\n|-damage|p2b: Woof|0 fnt\n|-enditem|p2a: Not Psychic Type|Sitrus Berry|[eat]\n|-heal|p2a: Not Psychic Type|59\/100|[from] item: Sitrus Berry\n|faint|p2b: Woof\n|move|p1a: Orthworm|Shed Tail|p1a: Orthworm\n|-start|p1a: Orthworm|Substitute|[from] move: Shed Tail\n|-damage|p1a: Orthworm|46\/100\n|\n|t:|1698795829\n|switch|p1a: Trevenant|Trevenant, M|100\/100|[from] Shed Tail\n|move|p2a: Not Psychic Type|Calm Mind|p2a: Not Psychic Type\n|-boost|p2a: Not Psychic Type|spa|1\n|-boost|p2a: Not Psychic Type|spd|1\n|\n|-damage|p1b: Ursaluna|75\/100 brn|[from] brn\n|upkeep\n|turn|10\n|\n|t:|1698795855\n|move|p1b: Ursaluna|Facade|p2a: Not Psychic Type\n|-damage|p2a: Not Psychic Type|0 fnt\n|faint|p2a: Not Psychic Type\n|\n|win|UY QUE RICO PAPI\n|raw|UY QUE RICO PAPI's rating: 1247 &rarr; <strong>1267<\/strong><br \/>(+20 for winning)\n|raw|Fue Fue Cocoa's rating: 1176 &rarr; <strong>1156<\/strong><br \/>(-20 for losing)\n|l|\u2606Fue Fue Cocoa\n","uploadtime":1698795864,"views":27,"p1id":"uyquericopapi","p2id":"fuefuecocoa","formatid":"gen9doublesou","rating":1156,"private":0,"password":""}