{"id":"gen9doublesou-1986543235","p1":"Jamesthethinker","p2":"ProbablyJamesLive","format":"[Gen 9] Doubles OU","log":"|j|\u2606Jamesthethinker\n|j|\u2606ProbablyJamesLive\n|t:|1699490114\n|gametype|doubles\n|player|p1|Jamesthethinker|169|\n|player|p2|ProbablyJamesLive|biker-gen4|\n|teamsize|p1|6\n|teamsize|p2|6\n|gen|9\n|tier|[Gen 9] Doubles OU\n|rule|Species Clause: Limit one of each Pok\u00e9mon\n|rule|OHKO Clause: OHKO moves are banned\n|rule|Evasion Moves Clause: Evasion moves are banned\n|rule|Gravity Sleep Clause: The combination of sleep-inducing moves with imperfect accuracy and Gravity or Gigantamax Orbeetle are banned\n|rule|Endless Battle Clause: Forcing endless battles is banned\n|rule|HP Percentage Mod: HP is shown in percentages\n|clearpoke\n|poke|p1|Farigiraf, M|\n|poke|p1|Empoleon, M|\n|poke|p1|Oricorio, F|\n|poke|p1|Jolteon, F|\n|poke|p1|Ursaring, F|\n|poke|p1|Jirachi|\n|poke|p2|Palafin, F|\n|poke|p2|Ribombee, F|\n|poke|p2|Great Tusk|\n|poke|p2|Heatran, M|\n|poke|p2|Zarude|\n|poke|p2|Spectrier|\n|teampreview\n|\n|t:|1699490158\n|start\n|switch|p1a: Oricorio|Oricorio, F|100\/100\n|switch|p1b: Empoleon|Empoleon, M|100\/100\n|switch|p2a: Palafin|Palafin, F|100\/100\n|switch|p2b: Ribombee|Ribombee, F|100\/100\n|turn|1\n|\n|t:|1699490186\n|move|p2b: Ribombee|Sticky Web|p1a: Oricorio\n|-sidestart|p1: Jamesthethinker|move: Sticky Web\n|move|p2a: Palafin|Flip Turn|p1a: Oricorio\n|-supereffective|p1a: Oricorio\n|-damage|p1a: Oricorio|45\/100\n|\n|t:|1699490199\n|detailschange|p2a: Palafin|Palafin-Hero, F\n|switch|p2a: Zarude|Zarude|100\/100|[from] Flip Turn\n|move|p1a: Oricorio|Fly||[still]\n|-prepare|p1a: Oricorio|Fly\n|move|p1b: Empoleon|Flip Turn|p2b: Ribombee\n|-damage|p2b: Ribombee|76\/100\n|\n|t:|1699490209\n|switch|p1b: Jolteon|Jolteon, F|100\/100|[from] Flip Turn\n|-activate|p1b: Jolteon|move: Sticky Web\n|-unboost|p1b: Jolteon|spe|1\n|\n|upkeep\n|turn|2\n|\n|t:|1699490226\n|switch|p2a: Great Tusk|Great Tusk|100\/100\n|move|p2b: Ribombee|Reflect|p2b: Ribombee\n|-sidestart|p2: ProbablyJamesLive|Reflect\n|move|p1a: Oricorio|Fly|p2a: Great Tusk|[from]lockedmove\n|-supereffective|p2a: Great Tusk\n|-damage|p2a: Great Tusk|77\/100\n|move|p1b: Jolteon|Yawn|p2a: Great Tusk\n|-start|p2a: Great Tusk|move: Yawn|[of] p1b: Jolteon\n|\n|upkeep\n|turn|3\n|\n|t:|1699490249\n|-end|p2a: Great Tusk|Protosynthesis|[silent]\n|switch|p2a: Tera|Spectrier|100\/100\n|move|p2b: Ribombee|Light Screen|p2b: Ribombee\n|-sidestart|p2: ProbablyJamesLive|move: Light Screen\n|move|p1a: Oricorio|Tailwind|p1a: Oricorio\n|-sidestart|p1: Jamesthethinker|move: Tailwind\n|move|p1b: Jolteon|Double Kick|p2b: Ribombee\n|-resisted|p2b: Ribombee\n|-damage|p2b: Ribombee|75\/100\n|-resisted|p2b: Ribombee\n|-damage|p2b: Ribombee|74\/100\n|-hitcount|p2b: Ribombee|2\n|\n|upkeep\n|turn|4\n|\n|t:|1699490307\n|switch|p2b: Palafin|Palafin-Hero, F|100\/100\n|-activate|p2b: Palafin|ability: Zero to Hero\n|move|p1a: Oricorio|Quiver Dance|p1a: Oricorio\n|-boost|p1a: Oricorio|spa|1\n|-boost|p1a: Oricorio|spd|1\n|-boost|p1a: Oricorio|spe|1\n|move|p1b: Jolteon|Volt Switch|p2b: Palafin\n|-supereffective|p2b: Palafin\n|-enditem|p2b: Palafin|Wacan Berry|[eat]\n|-enditem|p2b: Palafin|Wacan Berry|[weaken]\n|-damage|p2b: Palafin|83\/100\n|\n|t:|1699490330\n|switch|p1b: Jirachi|Jirachi|100\/100|[from] Volt Switch\n|-activate|p1b: Jirachi|move: Sticky Web\n|-unboost|p1b: Jirachi|spe|1\n|move|p2a: Tera|Nasty Plot|p2a: Tera\n|-boost|p2a: Tera|spa|2\n|\n|upkeep\n|turn|5\n|\n|t:|1699490348\n|move|p2b: Palafin|Jet Punch|p1a: Oricorio\n|-supereffective|p1a: Oricorio\n|-damage|p1a: Oricorio|0 fnt\n|faint|p1a: Oricorio\n|move|p1b: Jirachi|Zen Headbutt|p2b: Palafin\n|-damage|p2b: Palafin|63\/100\n|move|p2a: Tera|Shadow Ball|p1b: Jirachi\n|-supereffective|p1b: Jirachi\n|-damage|p1b: Jirachi|0 fnt\n|faint|p1b: Jirachi\n|-ability|p2a: Tera|Grim Neigh|boost\n|-boost|p2a: Tera|spa|1\n|\n|upkeep\n|\n|t:|1699490362\n|switch|p1b: Ursaring|Ursaring, F|100\/100\n|switch|p1a: Jolteon|Jolteon, F|100\/100\n|-activate|p1a: Jolteon|move: Sticky Web\n|-unboost|p1a: Jolteon|spe|1\n|-activate|p1b: Ursaring|move: Sticky Web\n|-unboost|p1b: Ursaring|spe|1\n|turn|6\n|\n|t:|1699490378\n|move|p1a: Jolteon|Yawn|p2b: Palafin\n|-start|p2b: Palafin|move: Yawn|[of] p1a: Jolteon\n|move|p2a: Tera|Shadow Ball|p1a: Jolteon\n|-damage|p1a: Jolteon|0 fnt\n|faint|p1a: Jolteon\n|-ability|p2a: Tera|Grim Neigh|boost\n|-boost|p2a: Tera|spa|1\n|move|p2b: Palafin|Close Combat|p1b: Ursaring\n|-supereffective|p1b: Ursaring\n|-damage|p1b: Ursaring|0 fnt\n|-unboost|p2b: Palafin|def|1\n|-unboost|p2b: Palafin|spd|1\n|faint|p1b: Ursaring\n|\n|-sideend|p1: Jamesthethinker|move: Tailwind\n|upkeep\n|\n|t:|1699490392\n|switch|p1a: Farigiraf|Farigiraf, M|100\/100\n|switch|p1b: Empoleon|Empoleon, M|100\/100\n|-activate|p1a: Farigiraf|move: Sticky Web\n|-unboost|p1a: Farigiraf|spe|1\n|turn|7\n|\n|t:|1699490405\n|-terastallize|p2a: Tera|Dark\n|move|p2a: Tera|Dark Pulse|p1a: Farigiraf\n|-supereffective|p1a: Farigiraf\n|-damage|p1a: Farigiraf|0 fnt\n|faint|p1a: Farigiraf\n|-ability|p2a: Tera|Grim Neigh|boost\n|-boost|p2a: Tera|spa|1\n|move|p2b: Palafin|Flip Turn|p1b: Empoleon\n|-resisted|p1b: Empoleon\n|-damage|p1b: Empoleon|81\/100\n|\n|t:|1699490419\n|switch|p2b: Zarude|Zarude|100\/100|[from] Flip Turn\n|move|p1b: Empoleon|Surf|p2a: Tera|[spread] p2a,p2b\n|-resisted|p2b: Zarude\n|-damage|p2a: Tera|82\/100\n|-damage|p2b: Zarude|93\/100\n|\n|upkeep\n|turn|8\n|\n|t:|1699490434\n|-terastallize|p1b: Empoleon|Water\n|move|p2a: Tera|Shadow Ball|p1b: Empoleon\n|-crit|p1b: Empoleon\n|-damage|p1b: Empoleon|0 fnt\n|faint|p1b: Empoleon\n|\n|win|ProbablyJamesLive\n","uploadtime":1699490444,"views":25,"p1id":"jamesthethinker","p2id":"probablyjameslive","formatid":"gen9doublesou","rating":0,"private":0,"password":""}