{"id":"gen9doublesou-1988765055","p1":"EddieJay","p2":"bananaszn","format":"[Gen 9] Doubles OU","log":"|j|\u2606EddieJay\n|j|\u2606bananaszn\n|t:|1699760222\n|gametype|doubles\n|player|p1|EddieJay|bruno|1449\n|player|p2|bananaszn|brycen|1456\n|teamsize|p1|6\n|teamsize|p2|6\n|gen|9\n|tier|[Gen 9] Doubles OU\n|rated|\n|rule|Species Clause: Limit one of each Pok\u00e9mon\n|rule|OHKO Clause: OHKO moves are banned\n|rule|Evasion Moves Clause: Evasion moves are banned\n|rule|Gravity Sleep Clause: The combination of sleep-inducing moves with imperfect accuracy and Gravity or Gigantamax Orbeetle are banned\n|rule|Endless Battle Clause: Forcing endless battles is banned\n|rule|HP Percentage Mod: HP is shown in percentages\n|clearpoke\n|poke|p1|Ogerpon-Hearthflame, F|\n|poke|p1|Iron Hands|\n|poke|p1|Landorus-Therian, M|\n|poke|p1|Sinistcha-Masterpiece|\n|poke|p1|Flutter Mane|\n|poke|p1|Gholdengo|\n|poke|p2|Poliwrath, M|\n|poke|p2|Pelipper, M|\n|poke|p2|Basculegion-F, F|\n|poke|p2|Zapdos|\n|poke|p2|Landorus-Therian, M|\n|poke|p2|Tsareena, F|\n|teampreview\n|inactive|Battle timer is ON: inactive players will automatically lose when time's up. (requested by EddieJay)\n|\n|t:|1699760241\n|start\n|switch|p1a: Flutter Mane|Flutter Mane, shiny|100\/100\n|switch|p1b: Sinistcha|Sinistcha-Masterpiece|100\/100\n|switch|p2a: Pelipper|Pelipper, M|100\/100\n|switch|p2b: Poliwrath|Poliwrath, M|100\/100\n|-weather|RainDance|[from] ability: Drizzle|[of] p2a: Pelipper\n|turn|1\n|\n|t:|1699760248\n|switch|p2a: Zapdos|Zapdos|100\/100\n|move|p2b: Poliwrath|Liquidation|p1a: Flutter Mane\n|-enditem|p1a: Flutter Mane|Focus Sash\n|-damage|p1a: Flutter Mane|1\/100\n|move|p1a: Flutter Mane|Thunderbolt|p2a: Zapdos\n|-damage|p2a: Zapdos|68\/100\n|move|p1b: Sinistcha|Matcha Gotcha|p2b: Poliwrath|[spread] p2a,p2b\n|-resisted|p2a: Zapdos\n|-supereffective|p2b: Poliwrath\n|-damage|p2a: Zapdos|53\/100\n|-damage|p2b: Poliwrath|22\/100\n|\n|-weather|RainDance|[upkeep]\n|upkeep\n|turn|2\n|inactive|EddieJay has 120 seconds left.\n|\n|t:|1699760280\n|move|p2b: Poliwrath|Liquidation|p1a: Flutter Mane\n|-damage|p1a: Flutter Mane|0 fnt\n|faint|p1a: Flutter Mane\n|-end|p1a: Flutter Mane|Protosynthesis|[silent]\n|move|p2a: Zapdos|Hurricane|p1b: Sinistcha\n|-supereffective|p1b: Sinistcha\n|-damage|p1b: Sinistcha|0 fnt\n|faint|p1b: Sinistcha\n|\n|-weather|RainDance|[upkeep]\n|upkeep\n|inactive|EddieJay has 120 seconds left.\n|\n|t:|1699760290\n|switch|p1a: Iron Hands|Iron Hands|100\/100\n|switch|p1b: Landorus|Landorus-Therian, M|100\/100\n|-ability|p1b: Landorus|Intimidate|boost\n|-unboost|p2a: Zapdos|atk|1\n|-unboost|p2b: Poliwrath|atk|1\n|-enditem|p1a: Iron Hands|Booster Energy\n|-activate|p1a: Iron Hands|ability: Quark Drive|[fromitem]\n|-start|p1a: Iron Hands|quarkdriveatk\n|turn|3\n|\n|t:|1699760301\n|switch|p2a: Landorus|Landorus-Therian, M|100\/100\n|-ability|p2a: Landorus|Intimidate|boost\n|-unboost|p1a: Iron Hands|atk|1\n|-unboost|p1b: Landorus|atk|1\n|move|p1a: Iron Hands|Fake Out|p2a: Landorus\n|-damage|p2a: Landorus|83\/100\n|move|p2b: Poliwrath|Liquidation|p1b: Landorus\n|-supereffective|p1b: Landorus\n|-damage|p1b: Landorus|0 fnt\n|faint|p1b: Landorus\n|\n|-weather|RainDance|[upkeep]\n|upkeep\n|\n|t:|1699760311\n|switch|p1b: Gholdengo|Gholdengo|100\/100\n|turn|4\n|\n|t:|1699760320\n|switch|p2b: Zapdos|Zapdos|53\/100\n|-terastallize|p1b: Gholdengo|Steel\n|move|p1b: Gholdengo|Make It Rain|p2b: Zapdos|[spread] p2a,p2b\n|-resisted|p2b: Zapdos\n|-damage|p2a: Landorus|4\/100\n|-damage|p2b: Zapdos|22\/100\n|-unboost|p1b: Gholdengo|spa|1\n|move|p2a: Landorus|Earthquake|p1b: Gholdengo|[spread] p1a,p1b\n|-immune|p2b: Zapdos\n|-supereffective|p1a: Iron Hands\n|-supereffective|p1b: Gholdengo\n|-damage|p1a: Iron Hands|43\/100\n|-damage|p1b: Gholdengo|0 fnt\n|faint|p1b: Gholdengo\n|move|p1a: Iron Hands|Ice Punch|p2a: Landorus\n|-supereffective|p2a: Landorus\n|-damage|p2a: Landorus|0 fnt\n|faint|p2a: Landorus\n|\n|-weather|RainDance|[upkeep]\n|upkeep\n|\n|t:|1699760336\n|switch|p1b: Ogerpon|Ogerpon-Hearthflame, F|100\/100\n|switch|p2a: Poliwrath|Poliwrath, M|22\/100\n|-ability|p1b: Ogerpon|Mold Breaker\n|turn|5\n|\n|t:|1699760344\n|-terastallize|p2a: Poliwrath|Water\n|move|p1b: Ogerpon|Spiky Shield|p1b: Ogerpon\n|-singleturn|p1b: Ogerpon|move: Protect\n|move|p2a: Poliwrath|Liquidation|p1a: Iron Hands\n|-damage|p1a: Iron Hands|0 fnt\n|faint|p1a: Iron Hands\n|-end|p1a: Iron Hands|Quark Drive|[silent]\n|move|p2b: Zapdos|Hurricane|p1b: Ogerpon\n|-activate|p1b: Ogerpon|move: Protect\n|\n|-weather|RainDance|[upkeep]\n|upkeep\n|turn|6\n|\n|t:|1699760352\n|move|p2a: Poliwrath|Liquidation|p1b: Ogerpon\n|-damage|p1b: Ogerpon|0 fnt\n|faint|p1b: Ogerpon\n|\n|win|bananaszn\n|raw|EddieJay's rating: 1449 &rarr; <strong>1429<\/strong><br \/>(-20 for losing)\n|raw|bananaszn's rating: 1456 &rarr; <strong>1476<\/strong><br \/>(+20 for winning)\n|j| I like Glaceon yay\n|l|\u2606EddieJay\n","uploadtime":1699760357,"views":27,"p1id":"eddiejay","p2id":"bananaszn","formatid":"gen9doublesou","rating":1429,"private":0,"password":""}