{"id":"gen9doublesou-1993644144","p1":"RaveDorn'sDong123","p2":"ravedorn","format":"[Gen 9] Doubles OU","log":"|j|\u2606RaveDorn'sDong123\n|j|\u2606ravedorn\n|t:|1700340889\n|gametype|doubles\n|player|p1|RaveDorn'sDong123|170|\n|player|p2|ravedorn|1|\n|teamsize|p1|6\n|teamsize|p2|6\n|gen|9\n|tier|[Gen 9] Doubles OU\n|rule|Species Clause: Limit one of each Pok\u00e9mon\n|rule|OHKO Clause: OHKO moves are banned\n|rule|Evasion Moves Clause: Evasion moves are banned\n|rule|Gravity Sleep Clause: The combination of sleep-inducing moves with imperfect accuracy and Gravity or Gigantamax Orbeetle are banned\n|rule|Endless Battle Clause: Forcing endless battles is banned\n|rule|HP Percentage Mod: HP is shown in percentages\n|clearpoke\n|poke|p1|Slowbro, M|\n|poke|p1|Cinderace, F|\n|poke|p1|Meowscarada, F|\n|poke|p1|Grimmsnarl, M|\n|poke|p1|Dragonite, M|\n|poke|p1|Arcanine-Hisui, M|\n|poke|p2|Amoonguss, F|\n|poke|p2|Pelipper, M|\n|poke|p2|Gyarados, F|\n|poke|p2|Goodra-Hisui, F|\n|poke|p2|Iron Bundle|\n|poke|p2|Landorus, M|\n|teampreview\n|\n|t:|1700340906\n|start\n|switch|p1a: Grimmsnarl|Grimmsnarl, M|100\/100\n|switch|p1b: Arcanine|Arcanine-Hisui, M|100\/100\n|switch|p2a: Amoonguss|Amoonguss, F|100\/100\n|switch|p2b: Pelipper|Pelipper, M|100\/100\n|-ability|p1b: Arcanine|Intimidate|boost\n|-unboost|p2a: Amoonguss|atk|1\n|-unboost|p2b: Pelipper|atk|1\n|-weather|RainDance|[from] ability: Drizzle|[of] p2b: Pelipper\n|turn|1\n|\n|t:|1700340939\n|switch|p1b: Slowbro|Slowbro, M|100\/100\n|switch|p2b: Goodra|Goodra-Hisui, F|100\/100\n|move|p1a: Grimmsnarl|Reflect|p1a: Grimmsnarl\n|-sidestart|p1: RaveDorn'sDong123|Reflect\n|move|p2a: Amoonguss|Foul Play|p1b: Slowbro\n|-supereffective|p1b: Slowbro\n|-enditem|p1b: Slowbro|Colbur Berry|[eat]\n|-enditem|p1b: Slowbro|Colbur Berry|[weaken]\n|-damage|p1b: Slowbro|95\/100\n|\n|-weather|RainDance|[upkeep]\n|upkeep\n|turn|2\n|c|\u2606ravedorn|wild\n|c|\u2606ravedorn|5%\n|c|\u2606ravedorn|colbur berry proct\n|c|\u2606RaveDorn'sDong123|true\n|c|\u2606RaveDorn'sDong123|fuck it we ball\n|\n|t:|1700340986\n|switch|p2a: Landorus|Landorus, M|100\/100\n|-terastallize|p1b: Slowbro|Water\n|move|p1a: Grimmsnarl|Taunt|p2a: Landorus\n|-start|p2a: Landorus|move: Taunt\n|move|p2b: Goodra|Earthquake|p1a: Grimmsnarl|[spread] p1a,p1b\n|-immune|p2a: Landorus\n|-damage|p1a: Grimmsnarl|84\/100\n|-damage|p1b: Slowbro|88\/100\n|move|p1b: Slowbro|Thunder Wave|p2b: Goodra\n|-status|p2b: Goodra|par\n|\n|-weather|RainDance|[upkeep]\n|upkeep\n|turn|3\n|\n|t:|1700341009\n|switch|p2b: Gyarados|Gyarados, F|100\/100\n|-ability|p2b: Gyarados|Intimidate|boost\n|-unboost|p1a: Grimmsnarl|atk|1\n|-unboost|p1b: Slowbro|atk|1\n|move|p1a: Grimmsnarl|Reflect||[still]\n|-fail|p1a: Grimmsnarl\n|move|p2a: Landorus|Sandsear Storm|p1a: Grimmsnarl|[spread] p1a,p1b\n|-damage|p1a: Grimmsnarl|15\/100\n|-damage|p1b: Slowbro|19\/100\n|move|p1b: Slowbro|Scald|p2a: Landorus\n|-supereffective|p2a: Landorus\n|-damage|p2a: Landorus|0 fnt\n|faint|p2a: Landorus\n|\n|-weather|RainDance|[upkeep]\n|upkeep\n|c|\u2606ravedorn|woah\n|c|\u2606RaveDorn'sDong123|okay i need to pay attention more\n|c|\u2606RaveDorn'sDong123|lmao\n|\n|t:|1700341028\n|switch|p2a: Amoonguss|Amoonguss, F|100\/100\n|turn|4\n|\n|t:|1700341063\n|move|p2a: Amoonguss|Rage Powder|p2a: Amoonguss\n|-singleturn|p2a: Amoonguss|move: Rage Powder\n|move|p1a: Grimmsnarl|Taunt|p2a: Amoonguss\n|-start|p2a: Amoonguss|move: Taunt\n|move|p2b: Gyarados|Dragon Dance|p2b: Gyarados\n|-boost|p2b: Gyarados|atk|1\n|-boost|p2b: Gyarados|spe|1\n|move|p1b: Slowbro|Slack Off|p1b: Slowbro\n|-heal|p1b: Slowbro|69\/100\n|\n|-weather|RainDance|[upkeep]\n|upkeep\n|turn|5\n|c|\u2606RaveDorn'sDong123|no fair\n|\n|t:|1700341102\n|switch|p1a: Arcanine|Arcanine-Hisui, M|100\/100\n|-ability|p1a: Arcanine|Intimidate|boost\n|-unboost|p2a: Amoonguss|atk|1\n|-fail|p2b: Gyarados|unboost|[from] item: Clear Amulet|[of] p2b: Gyarados\n|switch|p2a: Goodra|Goodra-Hisui, F|100\/100 par\n|move|p2b: Gyarados|Dragon Dance|p2b: Gyarados\n|-boost|p2b: Gyarados|atk|1\n|-boost|p2b: Gyarados|spe|1\n|move|p1b: Slowbro|Thunder Wave|p2b: Gyarados\n|-status|p2b: Gyarados|par\n|\n|-weather|RainDance|[upkeep]\n|upkeep\n|turn|6\n|c|\u2606RaveDorn'sDong123|wait you read me\n|c|\u2606RaveDorn'sDong123|dafuq is that clear amulet tho unfair\n|\n|t:|1700341157\n|-terastallize|p2b: Gyarados|Ground\n|move|p1a: Arcanine|Head Smash|p2b: Gyarados|[miss]\n|-miss|p1a: Arcanine|p2b: Gyarados\n|cant|p2b: Gyarados|par\n|move|p2a: Goodra|Thunderbolt|p1b: Slowbro\n|-supereffective|p1b: Slowbro\n|-damage|p1b: Slowbro|5\/100\n|move|p1b: Slowbro|Future Sight|p2b: Gyarados\n|-start|p1b: Slowbro|move: Future Sight\n|\n|-weather|RainDance|[upkeep]\n|upkeep\n|turn|7\n|c|\u2606ravedorn|man\n|c|\u2606ravedorn|LOL\n|c|\u2606RaveDorn'sDong123|bruh\n|c|\u2606ravedorn|you missed and i got para'd\n|\n|t:|1700341225\n|switch|p1a: Meowscarada|Meowscarada, F|100\/100\n|switch|p1b: Dragonite|Dragonite, M|100\/100\n|move|p2b: Gyarados|Protect|p2b: Gyarados\n|-singleturn|p2b: Gyarados|Protect\n|move|p2a: Goodra|Heavy Slam|p1a: Meowscarada\n|-damage|p1a: Meowscarada|59\/100\n|\n|-weather|RainDance|[upkeep]\n|upkeep\n|turn|8\n|\n|t:|1700341274\n|switch|p2b: Amoonguss|Amoonguss, F|100\/100\n|move|p1a: Meowscarada|Flower Trick|p2b: Amoonguss\n|-start|p1a: Meowscarada|typechange|Grass|[from] ability: Protean\n|-resisted|p2b: Amoonguss\n|-crit|p2b: Amoonguss\n|-damage|p2b: Amoonguss|87\/100\n|move|p1b: Dragonite|Outrage|p2a: Goodra\n|-damage|p2a: Goodra|6\/100 par\n|move|p2a: Goodra|Ice Beam|p1b: Dragonite\n|-supereffective|p1b: Dragonite\n|-damage|p1b: Dragonite|31\/100\n|-status|p1b: Dragonite|frz\n|\n|-weather|none\n|-end|p2b: Amoonguss|move: Future Sight\n|-supereffective|p2b: Amoonguss\n|-damage|p2b: Amoonguss|31\/100\n|-sideend|p1: RaveDorn'sDong123|Reflect\n|upkeep\n|turn|9\n|c|\u2606ravedorn|LMAO\n|c|\u2606RaveDorn'sDong123|brr\n|c|\u2606RaveDorn'sDong123|i believe tho\n|\n|t:|1700341307\n|move|p1a: Meowscarada|Flower Trick|p2a: Goodra\n|-ability|p2a: Goodra|Sap Sipper|boost\n|-boost|p2a: Goodra|atk|1\n|-curestatus|p1b: Dragonite|frz|[msg]\n|move|p1b: Dragonite|Outrage|p2b: Amoonguss|[from]lockedmove\n|-damage|p2b: Amoonguss|0 fnt\n|-damage|p1b: Dragonite|14\/100|[from] item: Rocky Helmet|[of] p2b: Amoonguss\n|faint|p2b: Amoonguss\n|-start|p1b: Dragonite|confusion|[fatigue]\n|cant|p2a: Goodra|par\n|\n|upkeep\n|c|\u2606RaveDorn'sDong123|PIKACHU DODGE THE freeze\n|c|\u2606ravedorn|erm\n|c|\u2606RaveDorn'sDong123|o\n|c|\u2606ravedorn|wtf\n|c|\u2606ravedorn|bro\n|c|\u2606RaveDorn'sDong123|double O\n|\n|t:|1700341322\n|switch|p2b: Iron Bundle|Iron Bundle|100\/100\n|-enditem|p2b: Iron Bundle|Booster Energy\n|-activate|p2b: Iron Bundle|ability: Quark Drive|[fromitem]\n|-start|p2b: Iron Bundle|quarkdrivespe\n|turn|10\n|\n|t:|1700341342\n|switch|p1a: Arcanine|Arcanine-Hisui, M|100\/100\n|-ability|p1a: Arcanine|Intimidate|boost\n|-unboost|p2a: Goodra|atk|1\n|-unboost|p2b: Iron Bundle|atk|1\n|switch|p1b: Slowbro|Slowbro, M, tera:Water|38\/100\n|switch|p2a: Pelipper|Pelipper, M|100\/100\n|-weather|RainDance|[from] ability: Drizzle|[of] p2a: Pelipper\n|move|p2b: Iron Bundle|Icy Wind|p1a: Arcanine|[spread] p1a,p1b\n|-resisted|p1a: Arcanine\n|-resisted|p1b: Slowbro\n|-damage|p1a: Arcanine|88\/100\n|-damage|p1b: Slowbro|28\/100\n|-unboost|p1a: Arcanine|spe|1\n|-unboost|p1b: Slowbro|spe|1\n|\n|-weather|RainDance|[upkeep]\n|upkeep\n|turn|11\n|\n|t:|1700341421\n|move|p2b: Iron Bundle|Hydro Pump|p1a: Arcanine|[miss]\n|-miss|p2b: Iron Bundle|p1a: Arcanine\n|move|p1a: Arcanine|Head Smash|p2a: Pelipper\n|-supereffective|p2a: Pelipper\n|-crit|p2a: Pelipper\n|-damage|p2a: Pelipper|0 fnt\n|faint|p2a: Pelipper\n|-damage|p1a: Arcanine|39\/100|[from] Recoil\n|move|p1b: Slowbro|Scald|p2b: Iron Bundle\n|-resisted|p2b: Iron Bundle\n|-damage|p2b: Iron Bundle|44\/100\n|\n|-weather|RainDance|[upkeep]\n|upkeep\n|c|\u2606RaveDorn'sDong123|blessed by hesus\n|c|\u2606ravedorn|ikr\n|c|\u2606ravedorn|where did all my luck go :skull:\n|\n|t:|1700341453\n|switch|p2a: Gyarados|Gyarados, F, tera:Ground|100\/100 par\n|-ability|p2a: Gyarados|Intimidate|boost\n|-unboost|p1a: Arcanine|atk|1\n|-unboost|p1b: Slowbro|atk|1\n|turn|12\n|c|\u2606ravedorn|WAIT\n|c|\u2606ravedorn|I KILLED 0\n|c|\u2606ravedorn|LOL\n|c|\u2606RaveDorn'sDong123|they're all 0 hp lolo\n|\n|t:|1700341479\n|switch|p1b: Cinderace|Cinderace, F|100\/100\n|move|p1a: Arcanine|Extreme Speed|p2b: Iron Bundle\n|-damage|p2b: Iron Bundle|24\/100\n|move|p2b: Iron Bundle|Hydro Pump|p1a: Arcanine\n|-supereffective|p1a: Arcanine\n|-damage|p1a: Arcanine|0 fnt\n|faint|p1a: Arcanine\n|move|p2a: Gyarados|Waterfall|p1b: Cinderace\n|-supereffective|p1b: Cinderace\n|-damage|p1b: Cinderace|0 fnt\n|faint|p1b: Cinderace\n|\n|-weather|RainDance|[upkeep]\n|upkeep\n|c|\u2606ravedorn|o\n|\n|t:|1700341497\n|switch|p1b: Slowbro|Slowbro, M, tera:Water|61\/100\n|switch|p1a: Grimmsnarl|Grimmsnarl, M|15\/100\n|turn|13\n|\n|t:|1700341515\n|move|p1a: Grimmsnarl|Reflect|p1a: Grimmsnarl\n|-sidestart|p1: RaveDorn'sDong123|Reflect\n|move|p2b: Iron Bundle|Freeze-Dry|p1b: Slowbro\n|-supereffective|p1b: Slowbro\n|-damage|p1b: Slowbro|0 fnt\n|faint|p1b: Slowbro\n|move|p2a: Gyarados|Waterfall|p1a: Grimmsnarl\n|-damage|p1a: Grimmsnarl|0 fnt\n|faint|p1a: Grimmsnarl\n|\n|-weather|RainDance|[upkeep]\n|upkeep\n|c|\u2606RaveDorn'sDong123|ouch\n|c|\u2606ravedorn|erm\n|\n|t:|1700341525\n|switch|p1a: Meowscarada|Meowscarada, F|59\/100\n|switch|p1b: Dragonite|Dragonite, M|14\/100\n|turn|14\n|\n|t:|1700341536\n|move|p2b: Iron Bundle|Protect|p2b: Iron Bundle\n|-singleturn|p2b: Iron Bundle|Protect\n|move|p1b: Dragonite|Extreme Speed|p2b: Iron Bundle\n|-activate|p2b: Iron Bundle|move: Protect\n|move|p1a: Meowscarada|Flower Trick|p2a: Gyarados\n|-start|p1a: Meowscarada|typechange|Grass|[from] ability: Protean\n|-supereffective|p2a: Gyarados\n|-crit|p2a: Gyarados\n|-damage|p2a: Gyarados|0 fnt\n|faint|p2a: Gyarados\n|\n|-weather|RainDance|[upkeep]\n|upkeep\n|c|\u2606ravedorn|sadge\n|\n|t:|1700341547\n|switch|p2a: Goodra|Goodra-Hisui, F|6\/100 par\n|turn|15\n|c|\u2606ravedorn|ggs\n|c|\u2606RaveDorn'sDong123|what's goodra's ability\n|c|\u2606ravedorn|sap sip\n|c|\u2606ravedorn|wait\n|c|\u2606ravedorn|why did i tell u\n|c|\u2606ravedorn|LMFAO\n|c|\u2606RaveDorn'sDong123|cause u already activated ity\n|c|\u2606ravedorn|ic\n|c|\u2606ravedorn|so\n|c|\u2606ravedorn|litearlly\n|c|\u2606ravedorn|50\/50\n|\n|t:|1700341609\n|move|p1b: Dragonite|Extreme Speed|p2a: Goodra\n|-resisted|p2a: Goodra\n|-damage|p2a: Goodra|0 fnt\n|faint|p2a: Goodra\n|move|p2b: Iron Bundle|Icy Wind|p1a: Meowscarada|[spread] p1a,p1b\n|-supereffective|p1a: Meowscarada\n|-supereffective|p1b: Dragonite\n|-damage|p1a: Meowscarada|0 fnt\n|-damage|p1b: Dragonite|0 fnt\n|faint|p1a: Meowscarada\n|faint|p1b: Dragonite\n|\n|win|ravedorn\n|c|\u2606ravedorn|wait\n|c|\u2606ravedorn|you shouldve prayed on paralysis\n|c|\u2606ravedorn|rip\n|c|\u2606RaveDorn'sDong123|i believe in the double protect agle\n|c|\u2606ravedorn|true\n|c|\u2606ravedorn|i was thinkiung about it\n|c|\u2606ravedorn|but\n|c|\u2606ravedorn|you reminded me of sap sip\n|c|\u2606RaveDorn'sDong123|ill be honest i felt dumb and just clicked\n|c|\u2606ravedorn|nah you wouldve made the right play\n|c|\u2606ravedorn|if u didnt remind me\n|c|\u2606ravedorn|LOL\n|l|\u2606RaveDorn'sDong123\n","uploadtime":1700342115,"views":15,"p1id":"ravedornsdong123","p2id":"ravedorn","formatid":"gen9doublesou","rating":0,"private":0,"password":""}