{"id":"gen9doublesou-1979804018","p1":"fivetheaxolotl","p2":"Critian Caceorte","format":"[Gen 9] Doubles OU","log":"|j|\u2606fivetheaxolotl\n|j|\u2606Critian Caceorte\n|t:|1698714930\n|gametype|doubles\n|player|p1|fivetheaxolotl|266|1044\n|player|p2|Critian Caceorte|hilda|1027\n|teamsize|p1|6\n|teamsize|p2|6\n|gen|9\n|tier|[Gen 9] Doubles OU\n|rated|\n|rule|Species Clause: Limit one of each Pok\u00e9mon\n|rule|OHKO Clause: OHKO moves are banned\n|rule|Evasion Moves Clause: Evasion moves are banned\n|rule|Gravity Sleep Clause: The combination of sleep-inducing moves with imperfect accuracy and Gravity or Gigantamax Orbeetle are banned\n|rule|Endless Battle Clause: Forcing endless battles is banned\n|rule|HP Percentage Mod: HP is shown in percentages\n|clearpoke\n|poke|p1|Lycanroc-Midnight, M|\n|poke|p1|Glastrier|\n|poke|p1|Hatterene, F|\n|poke|p1|Mismagius, M|\n|poke|p1|Froslass, F|\n|poke|p1|Chien-Pao|\n|poke|p2|Farigiraf, F|\n|poke|p2|Ursaluna-Bloodmoon, M|\n|poke|p2|Maushold-Four|\n|poke|p2|Ambipom, M|\n|poke|p2|Oranguru, M|\n|poke|p2|Slaking, F|\n|teampreview\n|\n|t:|1698714943\n|start\n|switch|p1a: Carlton|Froslass, F|100\/100\n|switch|p1b: Doublade Chomper|Chien-Pao|100\/100\n|switch|p2a: Oranguru|Oranguru, M|100\/100\n|switch|p2b: Slaking|Slaking, F|100\/100\n|-ability|p1b: Doublade Chomper|Sword of Ruin\n|turn|1\n|c|\u2606fivetheaxolotl|halloween team v monkey team\n|c|\u2606Critian Caceorte|kinda sorta?\n|c|\u2606fivetheaxolotl|:shrug:\n|\n|t:|1698714971\n|move|p1b: Doublade Chomper|Snowscape|p1b: Doublade Chomper\n|-weather|Snow\n|move|p1a: Carlton|Blizzard|p2b: Slaking|[spread] p2a,p2b\n|-damage|p2a: Oranguru|83\/100\n|-damage|p2b: Slaking|70\/100\n|move|p2b: Slaking|Drain Punch|p1b: Doublade Chomper\n|-supereffective|p1b: Doublade Chomper\n|-damage|p1b: Doublade Chomper|0 fnt\n|-heal|p2b: Slaking|99\/100|[from] drain|[of] p1b: Doublade Chomper\n|faint|p1b: Doublade Chomper\n|move|p2a: Oranguru|Skill Swap|p2b: Slaking\n|-activate|p2a: Oranguru|move: Skill Swap|||[of] p2b: Slaking\n|\n|-weather|Snow|[upkeep]\n|-heal|p2b: Slaking|100\/100|[from] item: Leftovers\n|upkeep\n|\n|t:|1698714984\n|switch|p1b: Bagel|Glastrier|100\/100\n|turn|2\n|\n|t:|1698714997\n|move|p1a: Carlton|Blizzard|p2a: Oranguru|[spread] p2a,p2b\n|-crit|p2b: Slaking\n|-damage|p2a: Oranguru|63\/100\n|-damage|p2b: Slaking|57\/100\n|move|p2b: Slaking|Drain Punch|p1b: Bagel\n|-supereffective|p1b: Bagel\n|-damage|p1b: Bagel|72\/100\n|-heal|p2b: Slaking|69\/100|[from] drain|[of] p1b: Bagel\n|cant|p2a: Oranguru|ability: Truant\n|move|p1b: Bagel|Blizzard|p2a: Oranguru|[spread] p2a,p2b\n|-damage|p2a: Oranguru|51\/100\n|-damage|p2b: Slaking|50\/100\n|\n|-weather|Snow|[upkeep]\n|-heal|p2b: Slaking|57\/100|[from] item: Leftovers\n|upkeep\n|turn|3\n|\n|t:|1698715020\n|move|p1a: Carlton|Aurora Veil|p1a: Carlton\n|-sidestart|p1: fivetheaxolotl|move: Aurora Veil\n|move|p2b: Slaking|Rock Slide|p1b: Bagel|[spread] p1a,p1b\n|-supereffective|p1a: Carlton\n|-supereffective|p1b: Bagel\n|-damage|p1a: Carlton|69\/100\n|-damage|p1b: Bagel|58\/100\n|move|p2a: Oranguru|Instruct|p2b: Slaking\n|-singleturn|p2b: Slaking|move: Instruct|[of] p2a: Oranguru\n|move|p2b: Slaking|Rock Slide|p1a: Carlton|[spread] p1b\n|-miss|p2b: Slaking|p1a: Carlton\n|-supereffective|p1b: Bagel\n|-damage|p1b: Bagel|44\/100\n|cant|p1b: Bagel|flinch\n|\n|-weather|Snow|[upkeep]\n|-heal|p2b: Slaking|63\/100|[from] item: Leftovers\n|upkeep\n|turn|4\n|\n|t:|1698715039\n|move|p1a: Carlton|Blizzard|p2b: Slaking|[spread] p2a,p2b\n|-damage|p2a: Oranguru|33\/100\n|-damage|p2b: Slaking|34\/100\n|move|p2b: Slaking|Rock Slide|p1a: Carlton|[spread] p1a,p1b\n|-supereffective|p1a: Carlton\n|-supereffective|p1b: Bagel\n|-damage|p1a: Carlton|36\/100\n|-damage|p1b: Bagel|31\/100\n|cant|p2a: Oranguru|ability: Truant\n|move|p1b: Bagel|Close Combat|p2b: Slaking\n|-supereffective|p2b: Slaking\n|-damage|p2b: Slaking|0 fnt\n|-unboost|p1b: Bagel|def|1\n|-unboost|p1b: Bagel|spd|1\n|faint|p2b: Slaking\n|-ability|p1b: Bagel|Chilling Neigh|boost\n|-boost|p1b: Bagel|atk|1\n|\n|-weather|Snow|[upkeep]\n|upkeep\n|\n|t:|1698715056\n|switch|p2b: Ambipom|Ambipom, M|100\/100\n|turn|5\n|\n|t:|1698715069\n|move|p1a: Carlton|Protect|p1a: Carlton\n|-singleturn|p1a: Carlton|Protect\n|move|p2b: Ambipom|Fake Out|p1b: Bagel\n|-damage|p1b: Bagel|22\/100\n|move|p2a: Oranguru|Skill Swap|p1b: Bagel\n|-activate|p2a: Oranguru|move: Skill Swap|Chilling Neigh|Truant|[of] p1b: Bagel\n|cant|p1b: Bagel|flinch\n|\n|-weather|none\n|upkeep\n|turn|6\n|\n|t:|1698715117\n|switch|p1a: Taylor|Lycanroc-Midnight, M|100\/100\n|move|p2b: Ambipom|Fury Swipes|p1b: Bagel\n|-damage|p1b: Bagel|16\/100\n|-damage|p1b: Bagel|11\/100\n|-damage|p1b: Bagel|6\/100\n|-damage|p1b: Bagel|0 fnt\n|faint|p1b: Bagel\n|-hitcount|p1: Bagel|4\n|move|p2a: Oranguru|Psyshock|p1a: Taylor\n|-damage|p1a: Taylor|75\/100\n|\n|upkeep\n|\n|t:|1698715134\n|switch|p1b: Hatterene|Hatterene, F, shiny|100\/100\n|turn|7\n|\n|t:|1698715160\n|move|p2b: Ambipom|Low Kick|p1a: Taylor\n|-supereffective|p1a: Taylor\n|-damage|p1a: Taylor|45\/100\n|move|p1a: Taylor|Play Rough|p2a: Oranguru\n|-crit|p2a: Oranguru\n|-damage|p2a: Oranguru|0 fnt\n|faint|p2a: Oranguru\n|move|p1b: Hatterene|Dazzling Gleam|p2b: Ambipom\n|-damage|p2b: Ambipom|18\/100\n|\n|-sideend|p1: fivetheaxolotl|move: Aurora Veil\n|upkeep\n|\n|t:|1698715175\n|switch|p2a: Ursaluna|Ursaluna-Bloodmoon, M|100\/100\n|turn|8\n|\n|t:|1698715188\n|move|p2b: Ambipom|U-turn|p1b: Hatterene\n|-damage|p1b: Hatterene|76\/100\n|\n|t:|1698715193\n|switch|p2b: Farigiraf|Farigiraf, F|100\/100|[from] U-turn\n|move|p1a: Taylor|Foul Play|p2a: Ursaluna\n|-damage|p2a: Ursaluna|92\/100\n|move|p2a: Ursaluna|Earth Power|p1a: Taylor\n|-supereffective|p1a: Taylor\n|-damage|p1a: Taylor|0 fnt\n|faint|p1a: Taylor\n|-damage|p2a: Ursaluna|82\/100|[from] item: Life Orb\n|move|p1b: Hatterene|Dazzling Gleam|p2b: Farigiraf|[spread] p2a,p2b\n|-crit|p2a: Ursaluna\n|-damage|p2a: Ursaluna|19\/100\n|-damage|p2b: Farigiraf|64\/100\n|\n|upkeep\n|\n|t:|1698715207\n|switch|p1a: Luna|Mismagius, M|100\/100\n|turn|9\n|c|\u2606fivetheaxolotl|theyre all normal and my team is like all ghost nooo\n|\n|t:|1698715234\n|move|p1a: Luna|Thunder|p2b: Farigiraf|[miss]\n|-miss|p1a: Luna|p2b: Farigiraf\n|move|p2b: Farigiraf|Thunder Wave|p1a: Luna\n|-status|p1a: Luna|par\n|move|p2a: Ursaluna|Blood Moon|p1a: Luna\n|-damage|p1a: Luna|0 fnt\n|faint|p1a: Luna\n|-damage|p2a: Ursaluna|9\/100|[from] item: Life Orb\n|move|p1b: Hatterene|Calm Mind|p1b: Hatterene\n|-boost|p1b: Hatterene|spa|1\n|-boost|p1b: Hatterene|spd|1\n|\n|upkeep\n|\n|t:|1698715246\n|switch|p1a: Carlton|Froslass, F|36\/100\n|turn|10\n|\n|t:|1698715267\n|move|p1a: Carlton|Protect|p1a: Carlton\n|-singleturn|p1a: Carlton|Protect\n|move|p2b: Farigiraf|Ally Switch|p2b: Farigiraf\n|swap|p2b: Farigiraf|0|[from] move: Ally Switch\n|move|p2b: Ursaluna|Moonlight|p2b: Ursaluna\n|-heal|p2b: Ursaluna|59\/100\n|move|p1b: Hatterene|Dazzling Gleam|p2b: Ursaluna|[spread] p2a,p2b\n|-damage|p2a: Farigiraf|14\/100\n|-damage|p2b: Ursaluna|0 fnt\n|faint|p2b: Ursaluna\n|\n|upkeep\n|\n|t:|1698715277\n|switch|p2b: Ambipom|Ambipom, M|18\/100\n|turn|11\n|\n|t:|1698715299\n|move|p2b: Ambipom|Fake Out|p1b: Hatterene\n|-damage|p1b: Hatterene|56\/100\n|move|p1a: Carlton|Blizzard|p2b: Ambipom|[spread] p2b\n|-miss|p1a: Carlton|p2a: Farigiraf\n|-damage|p2b: Ambipom|0 fnt\n|faint|p2b: Ambipom\n|move|p2a: Farigiraf|Thunder Wave|p1a: Carlton\n|-status|p1a: Carlton|par\n|cant|p1b: Hatterene|flinch\n|\n|upkeep\n|\n|t:|1698715309\n|switch|p2b: Maushold|Maushold-Four|100\/100\n|turn|12\n|\n|t:|1698715323\n|cant|p1a: Carlton|par\n|move|p2b: Maushold|Population Bomb|p1b: Hatterene\n|-damage|p1b: Hatterene|41\/100\n|-damage|p1b: Hatterene|27\/100\n|-damage|p1b: Hatterene|15\/100\n|-damage|p1b: Hatterene|1\/100\n|-damage|p1b: Hatterene|0 fnt\n|faint|p1b: Hatterene\n|-hitcount|p1: Hatterene|5\n|move|p2a: Farigiraf|Dazzling Gleam|p1a: Carlton\n|-damage|p1a: Carlton|0 fnt\n|faint|p1a: Carlton\n|\n|win|Critian Caceorte\n|raw|fivetheaxolotl's rating: 1044 &rarr; <strong>1027<\/strong><br \/>(-17 for losing)\n|raw|Critian Caceorte's rating: 1027 &rarr; <strong>1065<\/strong><br \/>(+38 for winning)\n|c|\u2606fivetheaxolotl|gg\n|c|\u2606Critian Caceorte|gg\n|c|\u2606Critian Caceorte|And yeah, it's mono normal\n","uploadtime":1698715351,"views":19,"p1id":"fivetheaxolotl","p2id":"critiancaceorte","formatid":"gen9doublesou","rating":1027,"private":0,"password":""}