{"id":"gen9doublesou-1993918733","p1":"LaskoB0x_Fm","p2":"VikrThe","format":"[Gen 9] Doubles OU","log":"|j|\u2606LaskoB0x_Fm\n|j|\u2606VikrThe\n|t:|1700375335\n|gametype|doubles\n|player|p1|LaskoB0x_Fm|sabrina|1350\n|player|p2|VikrThe|102|1348\n|teamsize|p1|6\n|teamsize|p2|6\n|gen|9\n|tier|[Gen 9] Doubles OU\n|rated|\n|rule|Species Clause: Limit one of each Pok\u00e9mon\n|rule|OHKO Clause: OHKO moves are banned\n|rule|Evasion Moves Clause: Evasion moves are banned\n|rule|Gravity Sleep Clause: The combination of sleep-inducing moves with imperfect accuracy and Gravity or Gigantamax Orbeetle are banned\n|rule|Endless Battle Clause: Forcing endless battles is banned\n|rule|HP Percentage Mod: HP is shown in percentages\n|clearpoke\n|poke|p1|Sinistcha|\n|poke|p1|Kommo-o, M|\n|poke|p1|Iron Hands|\n|poke|p1|Clefairy, F|\n|poke|p1|Ursaluna, F|\n|poke|p1|Heatran, F|\n|poke|p2|Iron Hands|\n|poke|p2|Sinistcha|\n|poke|p2|Kommo-o, F|\n|poke|p2|Flutter Mane|\n|poke|p2|Cresselia, F|\n|poke|p2|Ogerpon-Hearthflame, F|\n|teampreview\n|\n|t:|1700375354\n|start\n|switch|p1a: Iron Hands|Iron Hands|100\/100\n|switch|p1b: Ursaluna|Ursaluna, F|100\/100\n|switch|p2a: Kommo-o|Kommo-o, F|100\/100\n|switch|p2b: Iron Hands|Iron Hands|100\/100\n|turn|1\n|\n|t:|1700375375\n|move|p1a: Iron Hands|Fake Out|p2b: Iron Hands\n|-damage|p2b: Iron Hands|90\/100\n|cant|p2b: Iron Hands|flinch\n|move|p2a: Kommo-o|Iron Defense|p2a: Kommo-o\n|-boost|p2a: Kommo-o|def|2\n|move|p1b: Ursaluna|Stomping Tantrum|p2a: Kommo-o\n|-damage|p2a: Kommo-o|83\/100\n|\n|-heal|p2a: Kommo-o|89\/100|[from] item: Leftovers\n|-status|p1b: Ursaluna|brn|[from] item: Flame Orb\n|upkeep\n|turn|2\n|\n|t:|1700375404\n|switch|p1b: Clefairy|Clefairy, F|100\/100\n|move|p2a: Kommo-o|Iron Defense|p2a: Kommo-o\n|-boost|p2a: Kommo-o|def|2\n|move|p1a: Iron Hands|Drain Punch|p2a: Kommo-o\n|-damage|p2a: Kommo-o|78\/100\n|move|p2b: Iron Hands|Drain Punch|p1b: Clefairy\n|-resisted|p1b: Clefairy\n|-damage|p1b: Clefairy|76\/100\n|-heal|p2b: Iron Hands|98\/100|[from] drain|[of] p1b: Clefairy\n|\n|-heal|p2a: Kommo-o|85\/100|[from] item: Leftovers\n|upkeep\n|turn|3\n|\n|t:|1700375425\n|-end|p1a: Iron Hands|Quark Drive|[silent]\n|switch|p1a: Kommo-o|Kommo-o, M|100\/100\n|move|p1b: Clefairy|Follow Me|p1b: Clefairy\n|-singleturn|p1b: Clefairy|move: Follow Me\n|move|p2a: Kommo-o|Body Press|p1b: Clefairy\n|-resisted|p1b: Clefairy\n|-damage|p1b: Clefairy|27\/100\n|move|p2b: Iron Hands|Heavy Slam|p1b: Clefairy\n|-supereffective|p1b: Clefairy\n|-damage|p1b: Clefairy|0 fnt\n|faint|p1b: Clefairy\n|\n|-heal|p2a: Kommo-o|91\/100|[from] item: Leftovers\n|upkeep\n|\n|t:|1700375434\n|switch|p1b: Iron Hands|Iron Hands|100\/100\n|turn|4\n|\n|t:|1700375446\n|move|p1b: Iron Hands|Fake Out|p2a: Kommo-o\n|-damage|p2a: Kommo-o|87\/100\n|move|p1a: Kommo-o|Clangorous Soul|p1a: Kommo-o\n|-boost|p1a: Kommo-o|atk|1\n|-boost|p1a: Kommo-o|def|1\n|-boost|p1a: Kommo-o|spa|1\n|-boost|p1a: Kommo-o|spd|1\n|-boost|p1a: Kommo-o|spe|1\n|-damage|p1a: Kommo-o|68\/100\n|-enditem|p1a: Kommo-o|Throat Spray\n|-boost|p1a: Kommo-o|spa|1|[from] item: Throat Spray\n|cant|p2a: Kommo-o|flinch\n|move|p2b: Iron Hands|Drain Punch|p1a: Kommo-o\n|-damage|p1a: Kommo-o|40\/100\n|-heal|p2b: Iron Hands|100\/100|[from] drain|[of] p1a: Kommo-o\n|\n|-heal|p2a: Kommo-o|93\/100|[from] item: Leftovers\n|upkeep\n|turn|5\n|\n|t:|1700375485\n|-terastallize|p2a: Kommo-o|Steel\n|move|p1a: Kommo-o|Clanging Scales|p2a: Kommo-o|[spread] p2a,p2b\n|-resisted|p2a: Kommo-o\n|-damage|p2a: Kommo-o|71\/100\n|-damage|p2b: Iron Hands|65\/100\n|-unboost|p1a: Kommo-o|def|1\n|move|p2a: Kommo-o|Body Press|p1a: Kommo-o\n|-damage|p1a: Kommo-o|0 fnt\n|faint|p1a: Kommo-o\n|move|p1b: Iron Hands|Drain Punch|p2b: Iron Hands\n|-damage|p2b: Iron Hands|36\/100\n|move|p2b: Iron Hands|Wild Charge|p1b: Iron Hands\n|-resisted|p1b: Iron Hands\n|-damage|p1b: Iron Hands|83\/100\n|-damage|p2b: Iron Hands|32\/100|[from] Recoil\n|\n|-heal|p2a: Kommo-o|77\/100|[from] item: Leftovers\n|upkeep\n|\n|t:|1700375499\n|switch|p1a: Heatran|Heatran, F|100\/100\n|turn|6\n|\n|t:|1700375522\n|move|p2a: Kommo-o|Protect|p2a: Kommo-o\n|-singleturn|p2a: Kommo-o|Protect\n|move|p1a: Heatran|Earth Power|p2a: Kommo-o\n|-activate|p2a: Kommo-o|move: Protect\n|move|p2b: Iron Hands|Drain Punch|p1a: Heatran\n|-supereffective|p1a: Heatran\n|-damage|p1a: Heatran|9\/100\n|-heal|p2b: Iron Hands|65\/100|[from] drain|[of] p1a: Heatran\n|move|p1b: Iron Hands|Heavy Slam|p2a: Kommo-o\n|-activate|p2a: Kommo-o|move: Protect\n|\n|-heal|p2a: Kommo-o|83\/100|[from] item: Leftovers\n|-heal|p1a: Heatran|15\/100|[from] item: Leftovers\n|upkeep\n|turn|7\n|\n|t:|1700375549\n|-end|p1b: Iron Hands|Quark Drive|[silent]\n|switch|p1b: Sinistcha|Sinistcha|100\/100\n|-heal|p1a: Heatran|40\/100|[from] ability: Hospitality|[of] p1b: Sinistcha\n|move|p1a: Heatran|Protect|p1a: Heatran\n|-singleturn|p1a: Heatran|Protect\n|move|p2a: Kommo-o|Body Press|p1b: Sinistcha\n|-immune|p1b: Sinistcha\n|move|p2b: Iron Hands|Drain Punch|p1a: Heatran\n|-activate|p1a: Heatran|move: Protect\n|\n|-heal|p2a: Kommo-o|89\/100|[from] item: Leftovers\n|-heal|p1a: Heatran|46\/100|[from] item: Leftovers\n|upkeep\n|turn|8\n|\n|t:|1700375572\n|-end|p2b: Iron Hands|Quark Drive|[silent]\n|switch|p2b: Flutter Mane|Flutter Mane|100\/100\n|move|p1b: Sinistcha|Rage Powder|p1b: Sinistcha\n|-singleturn|p1b: Sinistcha|move: Rage Powder\n|move|p2a: Kommo-o|Body Press|p1b: Sinistcha\n|-immune|p1b: Sinistcha\n|move|p1a: Heatran|Earth Power|p2a: Kommo-o\n|-supereffective|p2a: Kommo-o\n|-damage|p2a: Kommo-o|48\/100\n|-unboost|p2a: Kommo-o|spd|1\n|\n|-heal|p2a: Kommo-o|54\/100|[from] item: Leftovers\n|-heal|p1a: Heatran|52\/100|[from] item: Leftovers\n|upkeep\n|turn|9\n|\n|t:|1700375592\n|move|p2a: Kommo-o|Protect|p2a: Kommo-o\n|-singleturn|p2a: Kommo-o|Protect\n|move|p1b: Sinistcha|Rage Powder|p1b: Sinistcha\n|-singleturn|p1b: Sinistcha|move: Rage Powder\n|move|p2b: Flutter Mane|Shadow Ball|p1b: Sinistcha\n|-supereffective|p1b: Sinistcha\n|-damage|p1b: Sinistcha|0 fnt\n|faint|p1b: Sinistcha\n|move|p1a: Heatran|Flash Cannon|p2b: Flutter Mane\n|-supereffective|p2b: Flutter Mane\n|-damage|p2b: Flutter Mane|11\/100\n|\n|-heal|p2a: Kommo-o|60\/100|[from] item: Leftovers\n|-heal|p1a: Heatran|58\/100|[from] item: Leftovers\n|upkeep\n|\n|t:|1700375599\n|switch|p1b: Ursaluna|Ursaluna, F|100\/100 brn\n|turn|10\n|\n|t:|1700375614\n|-end|p2b: Flutter Mane|Protosynthesis|[silent]\n|switch|p2b: Sinistcha|Sinistcha|100\/100\n|-heal|p2a: Kommo-o|85\/100|[from] ability: Hospitality|[of] p2b: Sinistcha\n|move|p2a: Kommo-o|Body Press|p1a: Heatran\n|-supereffective|p1a: Heatran\n|-damage|p1a: Heatran|0 fnt\n|faint|p1a: Heatran\n|move|p1b: Ursaluna|Stomping Tantrum|p2a: Kommo-o\n|-supereffective|p2a: Kommo-o\n|-damage|p2a: Kommo-o|46\/100\n|\n|-heal|p2a: Kommo-o|52\/100|[from] item: Leftovers\n|-damage|p1b: Ursaluna|94\/100 brn|[from] brn\n|upkeep\n|\n|t:|1700375620\n|switch|p1a: Iron Hands|Iron Hands|83\/100\n|turn|11\n|\n|t:|1700375634\n|move|p2a: Kommo-o|Protect|p2a: Kommo-o\n|-singleturn|p2a: Kommo-o|Protect\n|move|p1a: Iron Hands|Fake Out|p2a: Kommo-o\n|-activate|p2a: Kommo-o|move: Protect\n|move|p2b: Sinistcha|Strength Sap|p1b: Ursaluna\n|-unboost|p1b: Ursaluna|atk|1\n|move|p1b: Ursaluna|Crunch|p2b: Sinistcha\n|-supereffective|p2b: Sinistcha\n|-damage|p2b: Sinistcha|55\/100\n|-unboost|p2b: Sinistcha|def|1\n|\n|-heal|p2a: Kommo-o|58\/100|[from] item: Leftovers\n|-damage|p1b: Ursaluna|88\/100 brn|[from] brn\n|upkeep\n|turn|12\n|\n|t:|1700375652\n|move|p2a: Kommo-o|Body Press|p1b: Ursaluna\n|-supereffective|p1b: Ursaluna\n|-crit|p1b: Ursaluna\n|-damage|p1b: Ursaluna|0 fnt\n|faint|p1b: Ursaluna\n|move|p2b: Sinistcha|Life Dew|p2b: Sinistcha|[spread] p2a,p2b\n|-heal|p2a: Kommo-o|84\/100\n|-heal|p2b: Sinistcha|80\/100\n|move|p1a: Iron Hands|Drain Punch|p2a: Kommo-o\n|-supereffective|p2a: Kommo-o\n|-damage|p2a: Kommo-o|60\/100\n|-heal|p1a: Iron Hands|92\/100|[from] drain|[of] p2a: Kommo-o\n|\n|-heal|p2a: Kommo-o|66\/100|[from] item: Leftovers\n|upkeep\n|turn|13\n|\n|t:|1700375666\n|move|p2a: Kommo-o|Body Press|p1a: Iron Hands\n|-damage|p1a: Iron Hands|35\/100\n|move|p2b: Sinistcha|Matcha Gotcha|p1a: Iron Hands\n|-damage|p1a: Iron Hands|19\/100\n|-heal|p2b: Sinistcha|91\/100|[from] drain|[of] p1a: Iron Hands\n|move|p1a: Iron Hands|Heavy Slam|p2b: Sinistcha\n|-damage|p2b: Sinistcha|49\/100\n|-enditem|p2b: Sinistcha|Sitrus Berry|[eat]\n|-heal|p2b: Sinistcha|74\/100|[from] item: Sitrus Berry\n|\n|-heal|p2a: Kommo-o|72\/100|[from] item: Leftovers\n|upkeep\n|turn|14\n|\n|t:|1700375674\n|-terastallize|p1a: Iron Hands|Grass\n|move|p2a: Kommo-o|Body Press|p1a: Iron Hands\n|-crit|p1a: Iron Hands\n|-damage|p1a: Iron Hands|0 fnt\n|faint|p1a: Iron Hands\n|-end|p1a: Iron Hands|Quark Drive|[silent]\n|\n|win|VikrThe\n|raw|LaskoB0x_Fm's rating: 1350 &rarr; <strong>1330<\/strong><br \/>(-20 for losing)\n|raw|VikrThe's rating: 1348 &rarr; <strong>1368<\/strong><br \/>(+20 for winning)\n|l|\u2606LaskoB0x_Fm\n","uploadtime":1700375683,"views":18,"p1id":"laskob0xfm","p2id":"vikrthe","formatid":"gen9doublesou","rating":1330,"private":0,"password":""}