{"id":"gen9doublesou-1993207697","p1":"Hezril","p2":"glasses15","format":"[Gen 9] Doubles OU","log":"|j|\u2606Hezril\n|j|\u2606glasses15\n|t:|1700278143\n|gametype|doubles\n|player|p1|Hezril|veteran|1186\n|player|p2|glasses15|scientistf|1280\n|teamsize|p1|6\n|teamsize|p2|6\n|gen|9\n|tier|[Gen 9] Doubles OU\n|rated|\n|rule|Species Clause: Limit one of each Pok\u00e9mon\n|rule|OHKO Clause: OHKO moves are banned\n|rule|Evasion Moves Clause: Evasion moves are banned\n|rule|Gravity Sleep Clause: The combination of sleep-inducing moves with imperfect accuracy and Gravity or Gigantamax Orbeetle are banned\n|rule|Endless Battle Clause: Forcing endless battles is banned\n|rule|HP Percentage Mod: HP is shown in percentages\n|clearpoke\n|poke|p1|Empoleon, M|\n|poke|p1|Landorus-Therian, M|\n|poke|p1|Clefairy, F|\n|poke|p1|Gholdengo|\n|poke|p1|Roaring Moon|\n|poke|p1|Rillaboom, F|\n|poke|p2|Sableye, M|\n|poke|p2|Flapple, F|\n|poke|p2|Maushold|\n|poke|p2|Lycanroc-Dusk, M|\n|poke|p2|Farigiraf, M|\n|poke|p2|Heracross, F|\n|teampreview\n|inactive|Battle timer is ON: inactive players will automatically lose when time's up. (requested by glasses15)\n|c|\u2606glasses15|glhf\n|\n|t:|1700278160\n|start\n|switch|p1a: Gholdengo|Gholdengo|100\/100\n|switch|p1b: Landorus|Landorus-Therian, M|100\/100\n|switch|p2a: Sableye|Sableye, M|100\/100\n|switch|p2b: Maushold|Maushold|100\/100\n|-ability|p1b: Landorus|Intimidate|boost\n|-unboost|p2a: Sableye|atk|1\n|-unboost|p2b: Maushold|atk|1\n|turn|1\n|\n|t:|1700278172\n|move|p2a: Sableye|Gravity|p2a: Sableye\n|-fieldstart|move: Gravity\n|move|p1a: Gholdengo|Make It Rain|p2a: Sableye|[spread] p2a,p2b\n|-damage|p2a: Sableye|21\/100\n|-damage|p2b: Maushold|33\/100\n|-unboost|p1a: Gholdengo|spa|1\n|move|p2b: Maushold|Population Bomb|p1b: Landorus\n|-damage|p1b: Landorus|92\/100\n|-damage|p1b: Landorus|83\/100\n|-damage|p1b: Landorus|73\/100\n|-damage|p1b: Landorus|63\/100\n|-damage|p1b: Landorus|53\/100\n|-damage|p1b: Landorus|44\/100\n|-damage|p1b: Landorus|36\/100\n|-damage|p1b: Landorus|26\/100\n|-damage|p1b: Landorus|18\/100\n|-damage|p1b: Landorus|8\/100\n|-hitcount|p1b: Landorus|10\n|move|p1b: Landorus|Rock Slide|p2b: Maushold|[spread] p2a,p2b\n|-damage|p2a: Sableye|0 fnt\n|-damage|p2b: Maushold|0 fnt\n|faint|p2a: Sableye\n|faint|p2b: Maushold\n|\n|upkeep\n|\n|t:|1700278198\n|switch|p2b: Lycanroc|Lycanroc-Dusk, M|100\/100\n|switch|p2a: Flapple|Flapple, F|100\/100\n|turn|2\n|\n|t:|1700278212\n|move|p2b: Lycanroc|Protect|p2b: Lycanroc\n|-singleturn|p2b: Lycanroc|Protect\n|move|p1a: Gholdengo|Make It Rain|p2b: Lycanroc|[spread] p2a\n|-activate|p2b: Lycanroc|move: Protect\n|-damage|p2a: Flapple|47\/100\n|-unboost|p1a: Gholdengo|spa|1\n|move|p2a: Flapple|Dragon Rush|p1a: Gholdengo\n|-resisted|p1a: Gholdengo\n|-damage|p1a: Gholdengo|59\/100\n|move|p1b: Landorus|Rock Slide|p2b: Lycanroc|[spread] p2a\n|-activate|p2b: Lycanroc|move: Protect\n|-damage|p2a: Flapple|2\/100\n|\n|upkeep\n|turn|3\n|\n|t:|1700278230\n|move|p1a: Gholdengo|Make It Rain|p2b: Lycanroc|[spread] p2a,p2b\n|-crit|p2a: Flapple\n|-supereffective|p2b: Lycanroc\n|-damage|p2a: Flapple|0 fnt\n|-damage|p2b: Lycanroc|24\/100\n|-unboost|p1a: Gholdengo|spa|1\n|faint|p2a: Flapple\n|move|p2b: Lycanroc|Stone Edge|p1a: Gholdengo\n|-resisted|p1a: Gholdengo\n|-damage|p1a: Gholdengo|30\/100\n|move|p1b: Landorus|Rock Slide|p2b: Lycanroc\n|-damage|p2b: Lycanroc|0 fnt\n|faint|p2b: Lycanroc\n|\n|upkeep\n|\n|t:|1700278250\n|switch|p2b: Heracross|Heracross, F|100\/100\n|switch|p2a: Farigiraf|Farigiraf, M|100\/100\n|turn|4\n|\n|t:|1700278262\n|switch|p1a: Clefairy|Clefairy, F|100\/100\n|move|p2b: Heracross|Megahorn|p1b: Landorus\n|-resisted|p1b: Landorus\n|-damage|p1b: Landorus|0 fnt\n|faint|p1b: Landorus\n|move|p2a: Farigiraf|Psychic|p1a: Clefairy\n|-damage|p1a: Clefairy|66\/100\n|\n|-status|p2b: Heracross|brn|[from] item: Flame Orb\n|upkeep\n|\n|t:|1700278276\n|switch|p1b: Rillaboom|Rillaboom, F|100\/100\n|-fieldstart|move: Grassy Terrain|[from] ability: Grassy Surge|[of] p1b: Rillaboom\n|-enditem|p1b: Rillaboom|Grassy Seed\n|-boost|p1b: Rillaboom|def|1|[from] item: Grassy Seed\n|turn|5\n|\n|t:|1700278306\n|move|p1a: Clefairy|Follow Me|p1a: Clefairy\n|-singleturn|p1a: Clefairy|move: Follow Me\n|move|p1b: Rillaboom|Acrobatics|p2b: Heracross\n|-supereffective|p2b: Heracross\n|-damage|p2b: Heracross|0 fnt\n|faint|p2b: Heracross\n|move|p2a: Farigiraf|Psychic|p1a: Clefairy\n|-damage|p1a: Clefairy|35\/100\n|\n|-heal|p1a: Clefairy|42\/100|[from] Grassy Terrain\n|-fieldend|move: Gravity\n|upkeep\n|turn|6\n|-message|glasses15 forfeited.\n|\n|win|Hezril\n|raw|Hezril's rating: 1186 &rarr; <strong>1218<\/strong><br \/>(+32 for winning)\n|raw|glasses15's rating: 1280 &rarr; <strong>1248<\/strong><br \/>(-32 for losing)\n","uploadtime":1700278314,"views":26,"p1id":"hezril","p2id":"glasses15","formatid":"gen9doublesou","rating":1218,"private":0,"password":""}