{"id":"gen9doublesou-1987247282","p1":"Kevin Dickey12","p2":"riastylis","format":"[Gen 9] Doubles OU","log":"|j|\u2606Kevin Dickey12\n|j|\u2606riastylis\n|t:|1699569152\n|gametype|doubles\n|player|p1|Kevin Dickey12|rosa|\n|player|p2|riastylis|veteran|\n|teamsize|p1|6\n|teamsize|p2|6\n|gen|9\n|tier|[Gen 9] Doubles OU\n|rule|Species Clause: Limit one of each Pok\u00e9mon\n|rule|OHKO Clause: OHKO moves are banned\n|rule|Evasion Moves Clause: Evasion moves are banned\n|rule|Gravity Sleep Clause: The combination of sleep-inducing moves with imperfect accuracy and Gravity or Gigantamax Orbeetle are banned\n|rule|Endless Battle Clause: Forcing endless battles is banned\n|rule|HP Percentage Mod: HP is shown in percentages\n|clearpoke\n|poke|p1|Walking Wake|\n|poke|p1|Maushold-Four|\n|poke|p1|Hippowdon, F|\n|poke|p1|Bronzong|\n|poke|p1|Ninetales, M|\n|poke|p1|Enamorus, F|\n|poke|p2|Iron Leaves|\n|poke|p2|Quaquaval, M|\n|poke|p2|Garchomp, F|\n|poke|p2|Volcarona, M|\n|poke|p2|Gholdengo|\n|poke|p2|Regieleki|\n|teampreview\n|j| Redzone92\n|\n|t:|1699569229\n|start\n|switch|p1a: Taco Bell \ud83d\udd14 \ud83c\udf2e \ud83c\udf2f|Bronzong, shiny|100\/100\n|switch|p1b: MotoMotoLikesYou|Hippowdon, F, shiny|100\/100\n|switch|p2a: Gear4BounceMan|Regieleki, shiny|100\/100\n|switch|p2b: Chopper|Iron Leaves|100\/100\n|-enditem|p2b: Chopper|Booster Energy\n|-activate|p2b: Chopper|ability: Quark Drive|[fromitem]\n|-start|p2b: Chopper|quarkdrivespe\n|turn|1\n|j| kagrin\n|\n|t:|1699569277\n|move|p2b: Chopper|Taunt|p1a: Taco Bell \ud83d\udd14 \ud83c\udf2e \ud83c\udf2f\n|-start|p1a: Taco Bell \ud83d\udd14 \ud83c\udf2e \ud83c\udf2f|move: Taunt\n|move|p2a: Gear4BounceMan|Reflect|p2a: Gear4BounceMan\n|-sidestart|p2: riastylis|Reflect\n|move|p1b: MotoMotoLikesYou|Curse|p1b: MotoMotoLikesYou\n|-unboost|p1b: MotoMotoLikesYou|spe|1\n|-boost|p1b: MotoMotoLikesYou|atk|1\n|-boost|p1b: MotoMotoLikesYou|def|1\n|cant|p1a: Taco Bell \ud83d\udd14 \ud83c\udf2e \ud83c\udf2f|move: Taunt|Reflect\n|\n|upkeep\n|turn|2\n|\n|t:|1699569318\n|move|p2b: Chopper|Leaf Blade|p1b: MotoMotoLikesYou\n|-supereffective|p1b: MotoMotoLikesYou\n|-damage|p1b: MotoMotoLikesYou|60\/100\n|move|p2a: Gear4BounceMan|Light Screen|p2a: Gear4BounceMan\n|-sidestart|p2: riastylis|move: Light Screen\n|move|p1a: Taco Bell \ud83d\udd14 \ud83c\udf2e \ud83c\udf2f|Psychic|p2a: Gear4BounceMan\n|-damage|p2a: Gear4BounceMan|65\/100\n|move|p1b: MotoMotoLikesYou|Earthquake|p2b: Chopper|[spread] p2a,p2b\n|-immune|p1a: Taco Bell \ud83d\udd14 \ud83c\udf2e \ud83c\udf2f|[from] ability: Levitate\n|-supereffective|p2a: Gear4BounceMan\n|-resisted|p2b: Chopper\n|-damage|p2a: Gear4BounceMan|0 fnt\n|-damage|p2b: Chopper|81\/100\n|faint|p2a: Gear4BounceMan\n|\n|upkeep\n|\n|t:|1699569334\n|switch|p2a: Bon Clay|Quaquaval, M|100\/100\n|turn|3\n|\n|t:|1699569398\n|-terastallize|p2a: Bon Clay|Normal\n|move|p2b: Chopper|Leaf Blade|p1b: MotoMotoLikesYou\n|-supereffective|p1b: MotoMotoLikesYou\n|-damage|p1b: MotoMotoLikesYou|26\/100\n|move|p2a: Bon Clay|Aqua Step|p1b: MotoMotoLikesYou\n|-supereffective|p1b: MotoMotoLikesYou\n|-damage|p1b: MotoMotoLikesYou|0 fnt\n|-boost|p2a: Bon Clay|spe|1\n|faint|p1b: MotoMotoLikesYou\n|-ability|p2a: Bon Clay|Moxie|boost\n|-boost|p2a: Bon Clay|atk|1\n|move|p1a: Taco Bell \ud83d\udd14 \ud83c\udf2e \ud83c\udf2f|Psychic|p2a: Bon Clay\n|-damage|p2a: Bon Clay|75\/100\n|\n|-end|p1a: Taco Bell \ud83d\udd14 \ud83c\udf2e \ud83c\udf2f|move: Taunt\n|upkeep\n|\n|t:|1699569436\n|switch|p1b: Suicune Who?|Walking Wake|100\/100\n|turn|4\n|\n|t:|1699569477\n|switch|p1a: HereComesTheSun \ud83c\udf1e|Ninetales, M, shiny|100\/100\n|-weather|SunnyDay|[from] ability: Drought|[of] p1a: HereComesTheSun \ud83c\udf1e\n|-activate|p1b: Suicune Who?|ability: Protosynthesis\n|-start|p1b: Suicune Who?|protosynthesisspe\n|move|p1b: Suicune Who?|Hydro Steam|p2a: Bon Clay\n|-damage|p2a: Bon Clay|16\/100\n|move|p2b: Chopper|Taunt|p1a: HereComesTheSun \ud83c\udf1e\n|-start|p1a: HereComesTheSun \ud83c\udf1e|move: Taunt\n|move|p2a: Bon Clay|Aqua Step|p1a: HereComesTheSun \ud83c\udf1e\n|-supereffective|p1a: HereComesTheSun \ud83c\udf1e\n|-damage|p1a: HereComesTheSun \ud83c\udf1e|0 fnt\n|-boost|p2a: Bon Clay|spe|1\n|faint|p1a: HereComesTheSun \ud83c\udf1e\n|-ability|p2a: Bon Clay|Moxie|boost\n|-boost|p2a: Bon Clay|atk|1\n|\n|-weather|SunnyDay|[upkeep]\n|upkeep\n|j| StephenStone1130\n|\n|t:|1699569498\n|switch|p1a: CHEEEEESE \ud83e\uddc0\ud83e\uddc0\ud83e\uddc0|Maushold-Four, shiny|100\/100\n|turn|5\n|j| GoDDanteX\n|\n|t:|1699569518\n|move|p1a: CHEEEEESE \ud83e\uddc0\ud83e\uddc0\ud83e\uddc0|Follow Me|p1a: CHEEEEESE \ud83e\uddc0\ud83e\uddc0\ud83e\uddc0\n|-singleturn|p1a: CHEEEEESE \ud83e\uddc0\ud83e\uddc0\ud83e\uddc0|move: Follow Me\n|move|p2a: Bon Clay|Aqua Step|p1a: CHEEEEESE \ud83e\uddc0\ud83e\uddc0\ud83e\uddc0\n|-damage|p1a: CHEEEEESE \ud83e\uddc0\ud83e\uddc0\ud83e\uddc0|24\/100\n|-boost|p2a: Bon Clay|spe|1\n|-enditem|p1a: CHEEEEESE \ud83e\uddc0\ud83e\uddc0\ud83e\uddc0|Sitrus Berry|[eat]\n|-heal|p1a: CHEEEEESE \ud83e\uddc0\ud83e\uddc0\ud83e\uddc0|49\/100|[from] item: Sitrus Berry\n|move|p1b: Suicune Who?|Hydro Steam|p2a: Bon Clay\n|-damage|p2a: Bon Clay|0 fnt\n|faint|p2a: Bon Clay\n|move|p2b: Chopper|Wild Charge|p1a: CHEEEEESE \ud83e\uddc0\ud83e\uddc0\ud83e\uddc0\n|-damage|p1a: CHEEEEESE \ud83e\uddc0\ud83e\uddc0\ud83e\uddc0|7\/100\n|-damage|p2b: Chopper|70\/100|[from] Recoil\n|\n|-weather|SunnyDay|[upkeep]\n|upkeep\n|\n|t:|1699569547\n|switch|p2a: Mothra|Volcarona, M|100\/100\n|-item|p2a: Mothra|Air Balloon\n|turn|6\n|\n|t:|1699569613\n|move|p1a: CHEEEEESE \ud83e\uddc0\ud83e\uddc0\ud83e\uddc0|Follow Me|p1a: CHEEEEESE \ud83e\uddc0\ud83e\uddc0\ud83e\uddc0\n|-singleturn|p1a: CHEEEEESE \ud83e\uddc0\ud83e\uddc0\ud83e\uddc0|move: Follow Me\n|move|p1b: Suicune Who?|Flamethrower|p2b: Chopper\n|-supereffective|p2b: Chopper\n|-damage|p2b: Chopper|14\/100\n|move|p2b: Chopper|Leaf Blade|p1a: CHEEEEESE \ud83e\uddc0\ud83e\uddc0\ud83e\uddc0\n|-damage|p1a: CHEEEEESE \ud83e\uddc0\ud83e\uddc0\ud83e\uddc0|0 fnt\n|faint|p1a: CHEEEEESE \ud83e\uddc0\ud83e\uddc0\ud83e\uddc0\n|move|p2a: Mothra|Quiver Dance|p2a: Mothra\n|-boost|p2a: Mothra|spa|1\n|-boost|p2a: Mothra|spd|1\n|-boost|p2a: Mothra|spe|1\n|\n|-weather|SunnyDay|[upkeep]\n|upkeep\n|\n|t:|1699569634\n|switch|p1a: PinkGenieThing|Enamorus, F, shiny|100\/100\n|turn|7\n|\n|t:|1699569666\n|-terastallize|p1a: PinkGenieThing|Fairy\n|move|p1b: Suicune Who?|Flamethrower|p2b: Chopper\n|-supereffective|p2b: Chopper\n|-damage|p2b: Chopper|0 fnt\n|faint|p2b: Chopper\n|-end|p2b: Chopper|Quark Drive|[silent]\n|move|p2a: Mothra|Fiery Dance|p1a: PinkGenieThing\n|-damage|p1a: PinkGenieThing|0 fnt\n|-boost|p2a: Mothra|spa|1\n|faint|p1a: PinkGenieThing\n|\n|-weather|SunnyDay|[upkeep]\n|upkeep\n|\n|t:|1699569687\n|switch|p1a: Taco Bell \ud83d\udd14 \ud83c\udf2e \ud83c\udf2f|Bronzong, shiny|100\/100\n|switch|p2b: Gild Tesoro|Gholdengo|100\/100\n|turn|8\n|\n|t:|1699569701\n|move|p1b: Suicune Who?|Hydro Steam|p2a: Mothra\n|-supereffective|p2a: Mothra\n|-damage|p2a: Mothra|55\/100\n|-enditem|p2a: Mothra|Air Balloon\n|move|p2a: Mothra|Fiery Dance|p1a: Taco Bell \ud83d\udd14 \ud83c\udf2e \ud83c\udf2f\n|-supereffective|p1a: Taco Bell \ud83d\udd14 \ud83c\udf2e \ud83c\udf2f\n|-damage|p1a: Taco Bell \ud83d\udd14 \ud83c\udf2e \ud83c\udf2f|0 fnt\n|-boost|p2a: Mothra|spa|1\n|faint|p1a: Taco Bell \ud83d\udd14 \ud83c\udf2e \ud83c\udf2f\n|move|p2b: Gild Tesoro|Nasty Plot|p2b: Gild Tesoro\n|-boost|p2b: Gild Tesoro|spa|2\n|\n|-weather|none\n|-end|p1b: Suicune Who?|Protosynthesis\n|-sideend|p2: riastylis|Reflect\n|upkeep\n|turn|9\n|\n|t:|1699569725\n|move|p2a: Mothra|Fiery Dance|p1b: Suicune Who?\n|-resisted|p1b: Suicune Who?\n|-crit|p1b: Suicune Who?\n|-damage|p1b: Suicune Who?|69\/100\n|-boost|p2a: Mothra|spa|1\n|move|p1b: Suicune Who?|Hydro Steam|p2a: Mothra\n|-supereffective|p2a: Mothra\n|-damage|p2a: Mothra|26\/100\n|move|p2b: Gild Tesoro|Shadow Ball|p1b: Suicune Who?\n|-crit|p1b: Suicune Who?\n|-damage|p1b: Suicune Who?|0 fnt\n|faint|p1b: Suicune Who?\n|-end|p1b: Suicune Who?|Protosynthesis|[silent]\n|\n|win|riastylis\n|l| GoDDanteX\n","uploadtime":1699569744,"views":23,"p1id":"kevindickey12","p2id":"riastylis","formatid":"gen9doublesou","rating":0,"private":0,"password":""}