{"id":"gen9doublesou-1968503898","p1":"Toadeight","p2":"seanyproductions","format":"[Gen 9] Doubles OU","log":"|j|\u2606Toadeight\n|j|\u2606seanyproductions\n|t:|1697425808\n|gametype|doubles\n|player|p1|Toadeight|psychicf-gen4|\n|player|p2|seanyproductions|artist|\n|teamsize|p1|6\n|teamsize|p2|6\n|gen|9\n|tier|[Gen 9] Doubles OU\n|rule|Species Clause: Limit one of each Pok\u00e9mon\n|rule|OHKO Clause: OHKO moves are banned\n|rule|Evasion Moves Clause: Evasion moves are banned\n|rule|Gravity Sleep Clause: The combination of sleep-inducing moves with imperfect accuracy and Gravity or Gigantamax Orbeetle are banned\n|rule|Endless Battle Clause: Forcing endless battles is banned\n|rule|HP Percentage Mod: HP is shown in percentages\n|clearpoke\n|poke|p1|Hatterene, F|\n|poke|p1|Meloetta|\n|poke|p1|Jirachi|\n|poke|p1|Slaking, M|\n|poke|p1|Polteageist|\n|poke|p1|Azumarill, F|\n|poke|p2|Ambipom, M|\n|poke|p2|Ursaluna, F|\n|poke|p2|Swalot, M|\n|poke|p2|Delphox, M|\n|poke|p2|Uxie|\n|poke|p2|Tornadus, M|\n|teampreview\n|j| Ahmedto!\n|\n|t:|1697425838\n|start\n|switch|p1a: Slaking|Slaking, M|100\/100\n|switch|p1b: Jirachi|Jirachi|100\/100\n|switch|p2a: ClapYoHands|Ambipom, M|100\/100\n|switch|p2b: furry TWO!!!|Delphox, M|100\/100\n|turn|1\n|\n|t:|1697425855\n|move|p2a: ClapYoHands|Metronome|p2a: ClapYoHands\n|move|p2a: ClapYoHands|Vacuum Wave|p1b: Jirachi|[from]move: Metronome\n|-damage|p1b: Jirachi|94\/100\n|move|p2b: furry TWO!!!|Metronome|p2b: furry TWO!!!\n|move|p2b: furry TWO!!!|Horn Drill|p1b: Jirachi|[from]move: Metronome|[miss]\n|-miss|p2b: furry TWO!!!|p1b: Jirachi\n|move|p1a: Slaking|Metronome|p1a: Slaking\n|move|p1a: Slaking|Frenzy Plant|p2a: ClapYoHands|[from]move: Metronome\n|-damage|p2a: ClapYoHands|65\/100\n|-mustrecharge|p1a: Slaking\n|move|p1b: Jirachi|Metronome|p1b: Jirachi\n|move|p1b: Jirachi|Super Fang|p2a: ClapYoHands|[from]move: Metronome\n|-damage|p2a: ClapYoHands|33\/100\n|\n|upkeep\n|turn|2\n|\n|t:|1697425882\n|move|p2a: ClapYoHands|Metronome|p2a: ClapYoHands\n|move|p2a: ClapYoHands|Dragon Claw|p1a: Slaking|[from]move: Metronome\n|-damage|p1a: Slaking|89\/100\n|move|p2b: furry TWO!!!|Metronome|p2b: furry TWO!!!\n|move|p2b: furry TWO!!!|Weather Ball|p1b: Jirachi|[from]move: Metronome\n|-resisted|p1b: Jirachi\n|-damage|p1b: Jirachi|89\/100\n|move|p1b: Jirachi|Metronome|p1b: Jirachi\n|move|p1b: Jirachi|Boomburst|p2a: ClapYoHands|[from]move: Metronome|[spread] p1a,p2a,p2b\n|-damage|p1a: Slaking|71\/100\n|-damage|p2a: ClapYoHands|5\/100\n|-damage|p2b: furry TWO!!!|79\/100\n|cant|p1a: Slaking|recharge\n|\n|upkeep\n|turn|3\n|\n|t:|1697425897\n|move|p2a: ClapYoHands|Metronome|p2a: ClapYoHands\n|move|p2a: ClapYoHands|Hydro Steam|p1b: Jirachi|[from]move: Metronome\n|-damage|p1b: Jirachi|81\/100\n|move|p2b: furry TWO!!!|Metronome|p2b: furry TWO!!!\n|move|p2b: furry TWO!!!|Seed Flare|p1a: Slaking|[from]move: Metronome\n|-damage|p1a: Slaking|47\/100\n|move|p1a: Slaking|Metronome|p1a: Slaking\n|move|p1a: Slaking|Guillotine|p2b: furry TWO!!!|[from]move: Metronome|[miss]\n|-miss|p1a: Slaking|p2b: furry TWO!!!\n|move|p1b: Jirachi|Metronome|p1b: Jirachi\n|move|p1b: Jirachi|Head Smash|p2b: furry TWO!!!|[from]move: Metronome\n|-supereffective|p2b: furry TWO!!!\n|-damage|p2b: furry TWO!!!|9\/100\n|-damage|p1b: Jirachi|52\/100|[from] Recoil\n|\n|upkeep\n|turn|4\n|\n|t:|1697425921\n|move|p2a: ClapYoHands|Metronome|p2a: ClapYoHands\n|move|p2a: ClapYoHands|Rock Polish|p2a: ClapYoHands|[from]move: Metronome\n|-boost|p2a: ClapYoHands|spe|2\n|move|p2b: furry TWO!!!|Metronome|p2b: furry TWO!!!\n|move|p2b: furry TWO!!!|Eerie Impulse|p1a: Slaking|[from]move: Metronome\n|-unboost|p1a: Slaking|spa|2\n|move|p1b: Jirachi|Metronome|p1b: Jirachi\n|move|p1b: Jirachi|Fissure|p2b: furry TWO!!!|[from]move: Metronome|[miss]\n|-miss|p1b: Jirachi|p2b: furry TWO!!!\n|cant|p1a: Slaking|ability: Truant\n|\n|upkeep\n|turn|5\n|\n|t:|1697425941\n|move|p2a: ClapYoHands|Metronome|p2a: ClapYoHands\n|move|p2a: ClapYoHands|Aqua Jet|p1a: Slaking|[from]move: Metronome\n|-damage|p1a: Slaking|38\/100\n|move|p2b: furry TWO!!!|Metronome|p2b: furry TWO!!!\n|move|p2b: furry TWO!!!|Aromatic Mist|p2a: ClapYoHands|[from]move: Metronome\n|-boost|p2a: ClapYoHands|spd|1\n|move|p1b: Jirachi|Metronome|p1b: Jirachi\n|move|p1b: Jirachi|Gunk Shot|p2a: ClapYoHands|[from]move: Metronome\n|-damage|p2a: ClapYoHands|0 fnt\n|faint|p2a: ClapYoHands\n|move|p1a: Slaking|Metronome|p1a: Slaking\n|move|p1a: Slaking|High Horsepower|p2b: furry TWO!!!|[from]move: Metronome\n|-supereffective|p2b: furry TWO!!!\n|-crit|p2b: furry TWO!!!\n|-damage|p2b: furry TWO!!!|0 fnt\n|faint|p2b: furry TWO!!!\n|\n|upkeep\n|\n|t:|1697425974\n|switch|p2a: Sir Swall-A-Lot|Swalot, M|100\/100\n|switch|p2b: NoShoesGenie|Tornadus, M|100\/100\n|turn|6\n|\n|t:|1697425983\n|move|p2b: NoShoesGenie|Metronome|p2b: NoShoesGenie\n|move|p2b: NoShoesGenie|Mach Punch|p1a: Slaking|[from]move: Metronome\n|-supereffective|p1a: Slaking\n|-damage|p1a: Slaking|27\/100\n|move|p1b: Jirachi|Metronome|p1b: Jirachi\n|move|p1b: Jirachi|Stomp|p2b: NoShoesGenie|[from]move: Metronome\n|-damage|p2b: NoShoesGenie|86\/100\n|cant|p1a: Slaking|ability: Truant\n|move|p2a: Sir Swall-A-Lot|Metronome|p2a: Sir Swall-A-Lot\n|move|p2a: Sir Swall-A-Lot|Trop Kick|p1b: Jirachi|[from]move: Metronome\n|-resisted|p1b: Jirachi\n|-damage|p1b: Jirachi|47\/100\n|-unboost|p1b: Jirachi|atk|1\n|\n|upkeep\n|turn|7\n|\n|t:|1697425999\n|move|p2b: NoShoesGenie|Metronome|p2b: NoShoesGenie\n|move|p2b: NoShoesGenie|Aqua Cutter|p1b: Jirachi|[from]move: Metronome\n|-damage|p1b: Jirachi|35\/100\n|move|p1a: Slaking|Metronome|p1a: Slaking\n|move|p1a: Slaking|Boomburst|p2b: NoShoesGenie|[from]move: Metronome|[spread] p1b,p2a,p2b\n|-resisted|p1b: Jirachi\n|-damage|p1b: Jirachi|29\/100\n|-damage|p2a: Sir Swall-A-Lot|88\/100\n|-damage|p2b: NoShoesGenie|70\/100\n|move|p1b: Jirachi|Metronome|p1b: Jirachi\n|move|p1b: Jirachi|Cross Chop|p2b: NoShoesGenie|[from]move: Metronome\n|-resisted|p2b: NoShoesGenie\n|-crit|p2b: NoShoesGenie\n|-damage|p2b: NoShoesGenie|55\/100\n|move|p2a: Sir Swall-A-Lot|Metronome|p2a: Sir Swall-A-Lot\n|move|p2a: Sir Swall-A-Lot|Heal Bell||[from]move: Metronome|[still]\n|-activate|p2a: Sir Swall-A-Lot|move: Heal Bell\n|-fail|p2a: Sir Swall-A-Lot\n|\n|upkeep\n|turn|8\n|\n|t:|1697426019\n|move|p2b: NoShoesGenie|Metronome|p2b: NoShoesGenie\n|move|p2b: NoShoesGenie|Flower Trick|p1a: Slaking|[from]move: Metronome\n|-crit|p1a: Slaking\n|-damage|p1a: Slaking|13\/100\n|cant|p1a: Slaking|ability: Truant\n|move|p1b: Jirachi|Metronome|p1b: Jirachi\n|move|p1b: Jirachi|Eerie Impulse|p2b: NoShoesGenie|[from]move: Metronome\n|-unboost|p2b: NoShoesGenie|spa|2\n|move|p2a: Sir Swall-A-Lot|Metronome|p2a: Sir Swall-A-Lot\n|move|p2a: Sir Swall-A-Lot|Terrain Pulse|p1a: Slaking|[from]move: Metronome\n|-damage|p1a: Slaking|6\/100\n|\n|upkeep\n|turn|9\n|\n|t:|1697426033\n|move|p2b: NoShoesGenie|Metronome|p2b: NoShoesGenie\n|move|p2b: NoShoesGenie|Power Trick|p2b: NoShoesGenie|[from]move: Metronome\n|-start|p2b: NoShoesGenie|Power Trick\n|move|p1b: Jirachi|Metronome|p1b: Jirachi\n|move|p1b: Jirachi|Slam|p2a: Sir Swall-A-Lot|[from]move: Metronome\n|-damage|p2a: Sir Swall-A-Lot|78\/100\n|move|p1a: Slaking|Metronome|p1a: Slaking\n|move|p1a: Slaking|Play Nice|p2a: Sir Swall-A-Lot|[from]move: Metronome\n|-unboost|p2a: Sir Swall-A-Lot|atk|1\n|move|p2a: Sir Swall-A-Lot|Metronome|p2a: Sir Swall-A-Lot\n|move|p2a: Sir Swall-A-Lot|Rain Dance|p2a: Sir Swall-A-Lot|[from]move: Metronome\n|-weather|RainDance\n|\n|-weather|RainDance|[upkeep]\n|upkeep\n|turn|10\n|\n|t:|1697426059\n|move|p2b: NoShoesGenie|Metronome|p2b: NoShoesGenie\n|move|p2b: NoShoesGenie|Judgment|p1a: Slaking|[from]move: Metronome\n|-damage|p1a: Slaking|0 fnt\n|faint|p1a: Slaking\n|move|p1b: Jirachi|Metronome|p1b: Jirachi\n|move|p1b: Jirachi|Leech Life|p2b: NoShoesGenie|[from]move: Metronome\n|-resisted|p2b: NoShoesGenie\n|-damage|p2b: NoShoesGenie|49\/100\n|-heal|p1b: Jirachi|32\/100|[from] drain|[of] p2b: NoShoesGenie\n|move|p2a: Sir Swall-A-Lot|Metronome|p2a: Sir Swall-A-Lot\n|move|p2a: Sir Swall-A-Lot|Air Cutter|p1b: Jirachi|[from]move: Metronome\n|-resisted|p1b: Jirachi\n|-damage|p1b: Jirachi|29\/100\n|\n|-weather|RainDance|[upkeep]\n|upkeep\n|\n|t:|1697426076\n|switch|p1a: Meloetta|Meloetta|100\/100\n|turn|11\n|\n|t:|1697426086\n|move|p2b: NoShoesGenie|Metronome|p2b: NoShoesGenie\n|move|p2b: NoShoesGenie|Psychic|p1b: Jirachi|[from]move: Metronome\n|-resisted|p1b: Jirachi\n|-damage|p1b: Jirachi|27\/100\n|move|p1b: Jirachi|Metronome|p1b: Jirachi\n|move|p1b: Jirachi|Scale Shot|p2b: NoShoesGenie|[from]move: Metronome\n|-damage|p2b: NoShoesGenie|44\/100\n|-damage|p2b: NoShoesGenie|40\/100\n|-hitcount|p2b: NoShoesGenie|2\n|-unboost|p1b: Jirachi|def|1\n|-boost|p1b: Jirachi|spe|1\n|move|p1a: Meloetta|Metronome|p1a: Meloetta\n|move|p1a: Meloetta|Misty Explosion|p2b: NoShoesGenie|[from]move: Metronome|[spread] p1b,p2a,p2b\n|-resisted|p1b: Jirachi\n|-resisted|p2a: Sir Swall-A-Lot\n|-damage|p1b: Jirachi|19\/100\n|-damage|p2a: Sir Swall-A-Lot|68\/100\n|-damage|p2b: NoShoesGenie|18\/100\n|faint|p1a: Meloetta\n|move|p2a: Sir Swall-A-Lot|Metronome|p2a: Sir Swall-A-Lot\n|move|p2a: Sir Swall-A-Lot|Recover|p2a: Sir Swall-A-Lot|[from]move: Metronome\n|-heal|p2a: Sir Swall-A-Lot|100\/100\n|\n|-weather|RainDance|[upkeep]\n|upkeep\n|\n|t:|1697426115\n|switch|p1a: Polteageist|Polteageist|100\/100\n|turn|12\n|\n|t:|1697426127\n|move|p2b: NoShoesGenie|Metronome|p2b: NoShoesGenie\n|move|p2b: NoShoesGenie|Sand Attack|p1b: Jirachi|[from]move: Metronome\n|-unboost|p1b: Jirachi|accuracy|1\n|move|p1b: Jirachi|Metronome|p1b: Jirachi\n|move|p1b: Jirachi|Pollen Puff|p2a: Sir Swall-A-Lot|[from]move: Metronome\n|-resisted|p2a: Sir Swall-A-Lot\n|-damage|p2a: Sir Swall-A-Lot|91\/100\n|move|p1a: Polteageist|Metronome|p1a: Polteageist\n|move|p1a: Polteageist|High Jump Kick|p2b: NoShoesGenie|[from]move: Metronome\n|-resisted|p2b: NoShoesGenie\n|-damage|p2b: NoShoesGenie|7\/100\n|move|p2a: Sir Swall-A-Lot|Metronome|p2a: Sir Swall-A-Lot\n|move|p2a: Sir Swall-A-Lot|Absorb|p1b: Jirachi|[from]move: Metronome\n|-resisted|p1b: Jirachi\n|-damage|p1b: Jirachi|17\/100\n|-heal|p2a: Sir Swall-A-Lot|92\/100|[from] drain|[of] p1b: Jirachi\n|\n|-weather|RainDance|[upkeep]\n|upkeep\n|turn|13\n|\n|t:|1697426145\n|move|p2b: NoShoesGenie|Metronome|p2b: NoShoesGenie\n|move|p2b: NoShoesGenie|Air Slash|p1b: Jirachi|[from]move: Metronome\n|-resisted|p1b: Jirachi\n|-damage|p1b: Jirachi|11\/100\n|move|p1b: Jirachi|Metronome|p1b: Jirachi\n|move|p1b: Jirachi|Entrainment|p2b: NoShoesGenie|[from]move: Metronome\n|-endability|p2b: NoShoesGenie|Prankster|[from] move: Entrainment\n|-ability|p2b: NoShoesGenie|Serene Grace|[from] move: Entrainment\n|move|p1a: Polteageist|Metronome|p1a: Polteageist\n|move|p1a: Polteageist|Fly||[from]move: Metronome|[still]\n|-prepare|p1a: Polteageist|Fly\n|move|p2a: Sir Swall-A-Lot|Metronome|p2a: Sir Swall-A-Lot\n|move|p2a: Sir Swall-A-Lot|Chloroblast|p1b: Jirachi|[from]move: Metronome\n|-resisted|p1b: Jirachi\n|-crit|p1b: Jirachi\n|-damage|p1b: Jirachi|0 fnt\n|faint|p1b: Jirachi\n|-damage|p2a: Sir Swall-A-Lot|42\/100|[from] Recoil\n|\n|-weather|none\n|upkeep\n|\n|t:|1697426174\n|switch|p1b: Azumarill|Azumarill, F|100\/100\n|turn|14\n|\n|t:|1697426188\n|move|p2b: NoShoesGenie|Metronome|p2b: NoShoesGenie\n|move|p2b: NoShoesGenie|Take Down|p1a: Polteageist|[from]move: Metronome|[miss]\n|-miss|p2b: NoShoesGenie|p1a: Polteageist\n|move|p1a: Polteageist|Fly|p2b: NoShoesGenie|[from]lockedmove\n|-damage|p2b: NoShoesGenie|0 fnt\n|faint|p2b: NoShoesGenie\n|move|p2a: Sir Swall-A-Lot|Metronome|p2a: Sir Swall-A-Lot\n|move|p2a: Sir Swall-A-Lot|Mountain Gale|p1a: Polteageist|[from]move: Metronome\n|-damage|p1a: Polteageist|86\/100\n|move|p1b: Azumarill|Metronome|p1b: Azumarill\n|move|p1b: Azumarill|Incinerate|p2a: Sir Swall-A-Lot|[from]move: Metronome\n|-damage|p2a: Sir Swall-A-Lot|34\/100\n|-enditem|p2a: Sir Swall-A-Lot|Leppa Berry|[from] move: Incinerate\n|\n|upkeep\n|\n|t:|1697426210\n|switch|p2b: UtzPotatoChips|Uxie|100\/100\n|turn|15\n|\n|t:|1697426230\n|move|p2b: UtzPotatoChips|Metronome|p2b: UtzPotatoChips\n|move|p2b: UtzPotatoChips|Rock Blast|p1b: Azumarill|[from]move: Metronome\n|-damage|p1b: Azumarill|96\/100\n|-damage|p1b: Azumarill|91\/100\n|-hitcount|p1b: Azumarill|2\n|move|p1a: Polteageist|Metronome|p1a: Polteageist\n|move|p1a: Polteageist|Ember|p2b: UtzPotatoChips|[from]move: Metronome\n|-damage|p2b: UtzPotatoChips|92\/100\n|move|p2a: Sir Swall-A-Lot|Metronome|p2a: Sir Swall-A-Lot\n|move|p2a: Sir Swall-A-Lot|Torment|p1a: Polteageist|[from]move: Metronome\n|-start|p1a: Polteageist|Torment\n|move|p1b: Azumarill|Metronome|p1b: Azumarill\n|move|p1b: Azumarill|Headbutt|p2a: Sir Swall-A-Lot|[from]move: Metronome\n|-damage|p2a: Sir Swall-A-Lot|20\/100\n|\n|upkeep\n|turn|16\n|\n|t:|1697426246\n|move|p2b: UtzPotatoChips|Metronome|p2b: UtzPotatoChips\n|move|p2b: UtzPotatoChips|Clear Smog|p1a: Polteageist|[from]move: Metronome\n|-resisted|p1a: Polteageist\n|-damage|p1a: Polteageist|82\/100\n|-clearboost|p1a: Polteageist\n|-activate|p1a: Polteageist|move: Struggle\n|move|p1a: Polteageist|Struggle|p2b: UtzPotatoChips\n|-damage|p2b: UtzPotatoChips|86\/100\n|-damage|p1a: Polteageist|57\/100|[from] recoil\n|move|p2a: Sir Swall-A-Lot|Metronome|p2a: Sir Swall-A-Lot\n|move|p2a: Sir Swall-A-Lot|Hyper Beam|p1a: Polteageist|[from]move: Metronome\n|-immune|p1a: Polteageist\n|move|p1b: Azumarill|Metronome|p1b: Azumarill\n|move|p1b: Azumarill|Frenzy Plant|p2a: Sir Swall-A-Lot|[from]move: Metronome\n|-resisted|p2a: Sir Swall-A-Lot\n|-damage|p2a: Sir Swall-A-Lot|10\/100\n|-mustrecharge|p1b: Azumarill\n|\n|upkeep\n|turn|17\n|\n|t:|1697426264\n|move|p2b: UtzPotatoChips|Metronome|p2b: UtzPotatoChips\n|move|p2b: UtzPotatoChips|Sludge|p1b: Azumarill|[from]move: Metronome\n|-supereffective|p1b: Azumarill\n|-crit|p1b: Azumarill\n|-damage|p1b: Azumarill|66\/100\n|move|p1a: Polteageist|Metronome|p1a: Polteageist\n|move|p1a: Polteageist|Aerial Ace|p2b: UtzPotatoChips|[from]move: Metronome\n|-damage|p2b: UtzPotatoChips|80\/100\n|move|p2a: Sir Swall-A-Lot|Metronome|p2a: Sir Swall-A-Lot\n|move|p2a: Sir Swall-A-Lot|Absorb|p1a: Polteageist|[from]move: Metronome\n|-damage|p1a: Polteageist|53\/100\n|-heal|p2a: Sir Swall-A-Lot|12\/100|[from] drain|[of] p1a: Polteageist\n|cant|p1b: Azumarill|recharge\n|\n|upkeep\n|turn|18\n|\n|t:|1697426290\n|move|p2b: UtzPotatoChips|Metronome|p2b: UtzPotatoChips\n|move|p2b: UtzPotatoChips|Hydro Pump|p1a: Polteageist|[from]move: Metronome\n|-damage|p1a: Polteageist|34\/100\n|-activate|p1a: Polteageist|move: Struggle\n|move|p1a: Polteageist|Struggle|p2a: Sir Swall-A-Lot\n|-damage|p2a: Sir Swall-A-Lot|6\/100\n|-damage|p1a: Polteageist|9\/100|[from] recoil\n|move|p2a: Sir Swall-A-Lot|Metronome|p2a: Sir Swall-A-Lot\n|move|p2a: Sir Swall-A-Lot|Pin Missile|p1b: Azumarill|[from]move: Metronome\n|-resisted|p1b: Azumarill\n|-damage|p1b: Azumarill|65\/100\n|-resisted|p1b: Azumarill\n|-damage|p1b: Azumarill|64\/100\n|-resisted|p1b: Azumarill\n|-damage|p1b: Azumarill|62\/100\n|-hitcount|p1b: Azumarill|3\n|move|p1b: Azumarill|Metronome|p1b: Azumarill\n|move|p1b: Azumarill|Chloroblast|p2b: UtzPotatoChips|[from]move: Metronome\n|-damage|p2b: UtzPotatoChips|62\/100\n|-damage|p1b: Azumarill|12\/100|[from] Recoil\n|\n|upkeep\n|turn|19\n|\n|t:|1697426314\n|move|p2b: UtzPotatoChips|Metronome|p2b: UtzPotatoChips\n|move|p2b: UtzPotatoChips|Fake Tears|p1a: Polteageist|[from]move: Metronome\n|-unboost|p1a: Polteageist|spd|2\n|move|p1a: Polteageist|Metronome|p1a: Polteageist\n|move|p1a: Polteageist|Shadow Ball|p2b: UtzPotatoChips|[from]move: Metronome\n|-supereffective|p2b: UtzPotatoChips\n|-damage|p2b: UtzPotatoChips|12\/100\n|move|p2a: Sir Swall-A-Lot|Metronome|p2a: Sir Swall-A-Lot\n|move|p2a: Sir Swall-A-Lot|Poison Gas|p1a: Polteageist|[from]move: Metronome|[spread] p1a,p1b\n|-status|p1a: Polteageist|psn\n|-status|p1b: Azumarill|psn\n|move|p1b: Azumarill|Metronome|p1b: Azumarill\n|move|p1b: Azumarill|Fire Pledge|p2b: UtzPotatoChips|[from]move: Metronome\n|-damage|p2b: UtzPotatoChips|2\/100\n|\n|-damage|p1a: Polteageist|0 fnt|[from] psn\n|faint|p1a: Polteageist\n|-damage|p1b: Azumarill|0 fnt|[from] psn\n|faint|p1b: Azumarill\n|upkeep\n|\n|t:|1697426333\n|switch|p1b: Hatterene|Hatterene, F|100\/100\n|turn|20\n|\n|t:|1697426341\n|move|p2b: UtzPotatoChips|Metronome|p2b: UtzPotatoChips\n|move|p2b: UtzPotatoChips|Triple Axel|p1b: Hatterene|[from]move: Metronome|[miss]\n|-miss|p2b: UtzPotatoChips|p1b: Hatterene\n|move|p2a: Sir Swall-A-Lot|Metronome|p2a: Sir Swall-A-Lot\n|move|p2a: Sir Swall-A-Lot|Smart Strike|p1b: Hatterene|[from]move: Metronome\n|-supereffective|p1b: Hatterene\n|-damage|p1b: Hatterene|83\/100\n|move|p1b: Hatterene|Metronome|p1b: Hatterene\n|move|p1b: Hatterene|U-turn|p2a: Sir Swall-A-Lot|[from]move: Metronome\n|-resisted|p2a: Sir Swall-A-Lot\n|-damage|p2a: Sir Swall-A-Lot|0 fnt\n|faint|p2a: Sir Swall-A-Lot\n|\n|upkeep\n|\n|t:|1697426365\n|switch|p2a: BearWithMe|Ursaluna, F|100\/100\n|turn|21\n|\n|t:|1697426370\n|move|p2b: UtzPotatoChips|Metronome|p2b: UtzPotatoChips\n|move|p2b: UtzPotatoChips|Mystical Fire|p1b: Hatterene|[from]move: Metronome\n|-damage|p1b: Hatterene|70\/100\n|-unboost|p1b: Hatterene|spa|1\n|move|p2a: BearWithMe|Metronome|p2a: BearWithMe\n|move|p2a: BearWithMe|Incinerate|p1b: Hatterene|[from]move: Metronome\n|-damage|p1b: Hatterene|63\/100\n|-enditem|p1b: Hatterene|Leppa Berry|[from] move: Incinerate\n|move|p1b: Hatterene|Metronome|p1b: Hatterene\n|move|p1b: Hatterene|Razor Shell|p2b: UtzPotatoChips|[from]move: Metronome\n|-damage|p2b: UtzPotatoChips|0 fnt\n|faint|p2b: UtzPotatoChips\n|\n|upkeep\n|turn|22\n|\n|t:|1697426385\n|move|p2a: BearWithMe|Metronome|p2a: BearWithMe\n|move|p2a: BearWithMe|Pin Missile|p1b: Hatterene|[from]move: Metronome\n|-damage|p1b: Hatterene|55\/100\n|-damage|p1b: Hatterene|47\/100\n|-damage|p1b: Hatterene|39\/100\n|-damage|p1b: Hatterene|31\/100\n|-hitcount|p1b: Hatterene|4\n|move|p1b: Hatterene|Metronome|p1b: Hatterene\n|move|p1b: Hatterene|Bite|p2a: BearWithMe|[from]move: Metronome\n|-damage|p2a: BearWithMe|93\/100\n|\n|upkeep\n|turn|23\n|\n|t:|1697426399\n|move|p2a: BearWithMe|Metronome|p2a: BearWithMe\n|move|p2a: BearWithMe|First Impression||[from]move: Metronome|[still]\n|-hint|First Impression only works on your first turn out.\n|-fail|p2a: BearWithMe\n|move|p1b: Hatterene|Metronome|p1b: Hatterene\n|move|p1b: Hatterene|Wing Attack|p2a: BearWithMe|[from]move: Metronome\n|-damage|p2a: BearWithMe|84\/100\n|\n|upkeep\n|turn|24\n|\n|t:|1697426408\n|move|p2a: BearWithMe|Metronome|p2a: BearWithMe\n|move|p2a: BearWithMe|Psych Up|p1b: Hatterene|[from]move: Metronome\n|-copyboost|p2a: BearWithMe|p1b: Hatterene|[from] move: Psych Up\n|move|p1b: Hatterene|Metronome|p1b: Hatterene\n|move|p1b: Hatterene|Charge Beam|p2a: BearWithMe|[from]move: Metronome\n|-immune|p2a: BearWithMe\n|\n|upkeep\n|turn|25\n|\n|t:|1697426415\n|move|p2a: BearWithMe|Metronome|p2a: BearWithMe\n|move|p2a: BearWithMe|Mist|p2a: BearWithMe|[from]move: Metronome\n|-sidestart|p2: seanyproductions|Mist\n|move|p1b: Hatterene|Metronome|p1b: Hatterene\n|move|p1b: Hatterene|Imprison|p1b: Hatterene|[from]move: Metronome\n|-start|p1b: Hatterene|move: Imprison\n|\n|upkeep\n|turn|26\n|c|\u2606seanyproductions|!data Imprison\n|raw|<ul class=\"utilichart\"><li class=\"result\"><span class=\"col movenamecol\"><a href=\"https:\/\/dex.pokemonshowdown.com\/moves\/imprison\">Imprison<\/a><\/span> <span class=\"col typecol\"><img src=\"\/\/play.pokemonshowdown.com\/sprites\/types\/Psychic.png\" alt=\"Psychic\" width=\"32\" height=\"14\"><img src=\"\/\/play.pokemonshowdown.com\/sprites\/categories\/Status.png\" alt=\"Status\" width=\"32\" height=\"14\"><\/span> <span class=\"col widelabelcol\"><em>Accuracy<\/em><br>\u2014<\/span> <span class=\"col pplabelcol\"><em>PP<\/em><br>16<\/span> <span class=\"col movedesccol\">No foe can use any move known by the user.<\/span> <\/li><li style=\"clear:both\"><\/li><\/ul>\n\n|\n|t:|1697426463\n|-activate|p2a: BearWithMe|move: Struggle\n|move|p2a: BearWithMe|Struggle|p1b: Hatterene\n|-damage|p1b: Hatterene|17\/100\n|-damage|p2a: BearWithMe|59\/100|[from] recoil\n|move|p1b: Hatterene|Metronome|p1b: Hatterene\n|move|p1b: Hatterene|Petal Blizzard|p2a: BearWithMe|[from]move: Metronome\n|-supereffective|p2a: BearWithMe\n|-damage|p2a: BearWithMe|34\/100\n|\n|upkeep\n|turn|27\n|\n|t:|1697426474\n|-activate|p2a: BearWithMe|move: Struggle\n|move|p2a: BearWithMe|Struggle|p1b: Hatterene\n|-damage|p1b: Hatterene|1\/100\n|-damage|p2a: BearWithMe|9\/100|[from] recoil\n|move|p1b: Hatterene|Metronome|p1b: Hatterene\n|move|p1b: Hatterene|Tearful Look|p2a: BearWithMe|[from]move: Metronome\n|-activate|p2a: BearWithMe|move: Mist\n|\n|upkeep\n|turn|28\n|\n|t:|1697426494\n|-activate|p2a: BearWithMe|move: Struggle\n|move|p2a: BearWithMe|Struggle|p1b: Hatterene\n|-damage|p1b: Hatterene|0 fnt\n|faint|p1b: Hatterene\n|-damage|p2a: BearWithMe|0 fnt|[from] recoil\n|faint|p2a: BearWithMe\n|\n|win|seanyproductions\n","uploadtime":1697426505,"views":8,"p1id":"toadeight","p2id":"seanyproductions","formatid":"gen9doublesou","rating":0,"private":0,"password":""}