{"id":"gen9doublesou-1992595489","p1":"XFlameozineX","p2":"Blaze1911","format":"[Gen 9] Doubles OU","log":"|j|\u2606XFlameozineX\n|j|\u2606Blaze1911\n|t:|1700211895\n|gametype|doubles\n|player|p1|XFlameozineX|ghetsis-gen5bw|1129\n|player|p2|Blaze1911|1|1049\n|teamsize|p1|6\n|teamsize|p2|6\n|gen|9\n|tier|[Gen 9] Doubles OU\n|rated|\n|rule|Species Clause: Limit one of each Pok\u00e9mon\n|rule|OHKO Clause: OHKO moves are banned\n|rule|Evasion Moves Clause: Evasion moves are banned\n|rule|Gravity Sleep Clause: The combination of sleep-inducing moves with imperfect accuracy and Gravity or Gigantamax Orbeetle are banned\n|rule|Endless Battle Clause: Forcing endless battles is banned\n|rule|HP Percentage Mod: HP is shown in percentages\n|clearpoke\n|poke|p1|Oricorio, F|\n|poke|p1|Volcarona, F|\n|poke|p1|Tornadus, M|\n|poke|p1|Hoopa-Unbound|\n|poke|p1|Armarouge, M|\n|poke|p1|Indeedee-F, F|\n|poke|p2|Dragonite, M|\n|poke|p2|Grimmsnarl, M|\n|poke|p2|Rillaboom, M|\n|poke|p2|Poliwrath, M|\n|poke|p2|Ceruledge, F|\n|poke|p2|Great Tusk|\n|teampreview\n|inactive|Battle timer is ON: inactive players will automatically lose when time's up. (requested by XFlameozineX)\n|\n|t:|1700211901\n|start\n|switch|p1a: Oricorio|Oricorio, F|100\/100\n|switch|p1b: Volcarona|Volcarona, F, shiny|100\/100\n|switch|p2a: Grimmsnarl|Grimmsnarl, M, shiny|100\/100\n|switch|p2b: Poliwrath|Poliwrath, M, shiny|100\/100\n|turn|1\n|\n|t:|1700211913\n|-terastallize|p2b: Poliwrath|Ground\n|move|p2a: Grimmsnarl|Light Screen|p2a: Grimmsnarl\n|-sidestart|p2: Blaze1911|move: Light Screen\n|move|p1a: Oricorio|Substitute|p1a: Oricorio\n|-start|p1a: Oricorio|Substitute\n|-damage|p1a: Oricorio|75\/100\n|move|p1b: Volcarona|Quiver Dance|p1b: Volcarona\n|-boost|p1b: Volcarona|spa|1\n|-boost|p1b: Volcarona|spd|1\n|-boost|p1b: Volcarona|spe|1\n|-activate|p1a: Oricorio|ability: Dancer\n|move|p1a: Oricorio|Quiver Dance|p1a: Oricorio|[from]ability: Dancer\n|-boost|p1a: Oricorio|spa|1\n|-boost|p1a: Oricorio|spd|1\n|-boost|p1a: Oricorio|spe|1\n|move|p2b: Poliwrath|Belly Drum|p2b: Poliwrath\n|-damage|p2b: Poliwrath|50\/100\n|-setboost|p2b: Poliwrath|atk|6|[from] move: Belly Drum\n|-enditem|p2b: Poliwrath|Sitrus Berry|[eat]\n|-heal|p2b: Poliwrath|75\/100|[from] item: Sitrus Berry\n|\n|upkeep\n|turn|2\n|\n|t:|1700211935\n|move|p1a: Oricorio|Revelation Dance|p2a: Grimmsnarl\n|-damage|p2a: Grimmsnarl|72\/100\n|move|p1b: Volcarona|Quiver Dance|p1b: Volcarona\n|-boost|p1b: Volcarona|spa|1\n|-boost|p1b: Volcarona|spd|1\n|-boost|p1b: Volcarona|spe|1\n|-activate|p1a: Oricorio|ability: Dancer\n|move|p1a: Oricorio|Quiver Dance|p1a: Oricorio|[from]ability: Dancer\n|-boost|p1a: Oricorio|spa|1\n|-boost|p1a: Oricorio|spd|1\n|-boost|p1a: Oricorio|spe|1\n|move|p2b: Poliwrath|Baton Pass|p2b: Poliwrath\n|\n|t:|1700211954\n|switch|p2b: Dragonite|Dragonite, M, shiny|100\/100|[from] Baton Pass\n|move|p2a: Grimmsnarl|Spirit Break|p1a: Oricorio\n|-resisted|p1a: Oricorio\n|-activate|p1a: Oricorio|move: Substitute|[damage]\n|\n|upkeep\n|turn|3\n|\n|t:|1700211971\n|switch|p1b: Indeedee|Indeedee-F, F, shiny|100\/100\n|-fieldstart|move: Psychic Terrain|[from] ability: Psychic Surge|[of] p1b: Indeedee\n|-enditem|p1b: Indeedee|Psychic Seed\n|-boost|p1b: Indeedee|spd|1|[from] item: Psychic Seed\n|switch|p2a: Poliwrath|Poliwrath, M, shiny, tera:Ground|75\/100\n|move|p2b: Dragonite|Aqua Jet|p1b: Indeedee\n|-activate|p1b: Indeedee|move: Psychic Terrain\n|move|p1a: Oricorio|Baton Pass|p1a: Oricorio\n|\n|t:|1700211983\n|switch|p1a: Armarouge|Armarouge, M, shiny|100\/100|[from] Baton Pass\n|\n|upkeep\n|turn|4\n|\n|t:|1700212019\n|switch|p2a: Grimmsnarl|Grimmsnarl, M, shiny|72\/100\n|-terastallize|p1a: Armarouge|Psychic\n|move|p1b: Indeedee|Helping Hand|p1a: Armarouge\n|-singleturn|p1a: Armarouge|Helping Hand|[of] p1b: Indeedee\n|move|p1a: Armarouge|Expanding Force|p2a: Grimmsnarl|[spread] p2b\n|-immune|p2a: Grimmsnarl\n|-damage|p2b: Dragonite|0 fnt\n|faint|p2b: Dragonite\n|-damage|p1a: Armarouge|91\/100|[from] item: Life Orb\n|\n|upkeep\n|inactive|Blaze1911 has 120 seconds left.\n|inactive|Blaze1911 has 90 seconds left.\n|\n|t:|1700212062\n|switch|p2b: Great Tusk|Great Tusk, shiny|100\/100\n|-enditem|p2b: Great Tusk|Booster Energy\n|-activate|p2b: Great Tusk|ability: Protosynthesis|[fromitem]\n|-start|p2b: Great Tusk|protosynthesisspe\n|turn|5\n|\n|t:|1700212074\n|move|p1b: Indeedee|Helping Hand|p1a: Armarouge\n|-singleturn|p1a: Armarouge|Helping Hand|[of] p1b: Indeedee\n|move|p2a: Grimmsnarl|Reflect|p2a: Grimmsnarl\n|-sidestart|p2: Blaze1911|Reflect\n|move|p1a: Armarouge|Expanding Force|p2b: Great Tusk|[spread] p2b\n|-immune|p2a: Grimmsnarl\n|-supereffective|p2b: Great Tusk\n|-damage|p2b: Great Tusk|0 fnt\n|faint|p2b: Great Tusk\n|-end|p2b: Great Tusk|Protosynthesis|[silent]\n|-damage|p1a: Armarouge|81\/100|[from] item: Life Orb\n|\n|upkeep\n|\n|t:|1700212083\n|switch|p2b: Ceruledge|Ceruledge, F, shiny|100\/100\n|turn|6\n|\n|t:|1700212096\n|switch|p1b: Hoopa|Hoopa-Unbound|100\/100\n|move|p1a: Armarouge|Armor Cannon|p2a: Grimmsnarl\n|-damage|p2a: Grimmsnarl|0 fnt\n|-unboost|p1a: Armarouge|def|1\n|-unboost|p1a: Armarouge|spd|1\n|faint|p2a: Grimmsnarl\n|-damage|p1a: Armarouge|71\/100|[from] item: Life Orb\n|move|p2b: Ceruledge|Bitter Blade|p1b: Hoopa\n|-damage|p1b: Hoopa|19\/100\n|\n|upkeep\n|inactive|Blaze1911 has 120 seconds left.\n|\n|t:|1700212108\n|switch|p2a: Rillaboom|Rillaboom, M, shiny|100\/100\n|-fieldstart|move: Grassy Terrain|[from] ability: Grassy Surge|[of] p2a: Rillaboom\n|turn|7\n|\n|t:|1700212120\n|switch|p2a: Poliwrath|Poliwrath, M, shiny, tera:Ground|75\/100\n|move|p2b: Ceruledge|Shadow Sneak|p1a: Armarouge\n|-supereffective|p1a: Armarouge\n|-crit|p1a: Armarouge\n|-end|p1a: Armarouge|Substitute\n|move|p1a: Armarouge|Armor Cannon|p2a: Poliwrath\n|-damage|p2a: Poliwrath|0 fnt\n|-unboost|p1a: Armarouge|def|1\n|-unboost|p1a: Armarouge|spd|1\n|faint|p2a: Poliwrath\n|-damage|p1a: Armarouge|61\/100|[from] item: Life Orb\n|move|p1b: Hoopa|Dark Pulse|p2b: Ceruledge\n|-supereffective|p2b: Ceruledge\n|-damage|p2b: Ceruledge|35\/100\n|\n|-heal|p1a: Armarouge|67\/100|[from] Grassy Terrain\n|-heal|p1b: Hoopa|25\/100|[from] Grassy Terrain\n|-heal|p2b: Ceruledge|41\/100|[from] Grassy Terrain\n|upkeep\n|\n|t:|1700212125\n|switch|p2a: Rillaboom|Rillaboom, M, shiny|100\/100\n|turn|8\n|\n|t:|1700212146\n|move|p2a: Rillaboom|Fake Out|p1a: Armarouge\n|-damage|p1a: Armarouge|37\/100\n|cant|p1a: Armarouge|flinch\n|move|p1b: Hoopa|Dark Pulse|p2b: Ceruledge\n|-supereffective|p2b: Ceruledge\n|-damage|p2b: Ceruledge|0 fnt\n|faint|p2b: Ceruledge\n|\n|-heal|p1a: Armarouge|43\/100|[from] Grassy Terrain\n|-heal|p1b: Hoopa|31\/100|[from] Grassy Terrain\n|-sideend|p2: Blaze1911|move: Light Screen\n|upkeep\n|turn|9\n|c|\u2606XFlameozineX|ggs\n|\n|t:|1700212162\n|move|p2a: Rillaboom|Grassy Glide|p1a: Armarouge\n|-damage|p1a: Armarouge|0 fnt\n|faint|p1a: Armarouge\n|move|p1b: Hoopa|Dark Pulse|p2a: Rillaboom\n|-crit|p2a: Rillaboom\n|-damage|p2a: Rillaboom|19\/100\n|\n|-heal|p1b: Hoopa|37\/100|[from] Grassy Terrain\n|-heal|p2a: Rillaboom|25\/100|[from] Grassy Terrain\n|upkeep\n|\n|t:|1700212172\n|switch|p1a: Oricorio|Oricorio, F|75\/100\n|turn|10\n|inactive|Blaze1911 has 120 seconds left.\n|inactive|Blaze1911 has 90 seconds left.\n|inactive|Blaze1911 has 60 seconds left.\n|inactive|Blaze1911 has 30 seconds left.\n|inactive|Blaze1911 has 20 seconds left.\n|inactive|Blaze1911 has 15 seconds left.\n|inactive|Blaze1911 has 10 seconds left.\n|inactive|Blaze1911 has 5 seconds left.\n|-message|Blaze1911 lost due to inactivity.\n|\n|win|XFlameozineX\n|raw|XFlameozineX's rating: 1158 &rarr; <strong>1175<\/strong><br \/>(+17 for winning)\n|raw|Blaze1911's rating: 1049 &rarr; <strong>1037<\/strong><br \/>(-12 for losing)\n|c|\u2606XFlameozineX|lol\n","uploadtime":1700212334,"views":11,"p1id":"xflameozinex","p2id":"blaze1911","formatid":"gen9doublesou","rating":1037,"private":0,"password":""}