{"id":"gen9doublesou-1972925009","p1":"Yendks","p2":"JojoPlatinium96","format":"[Gen 9] Doubles OU","log":"|j|\u2606Yendks\n|j|\u2606JojoPlatinium96\n|t:|1697909460\n|gametype|doubles\n|player|p1|Yendks|red|1185\n|player|p2|JojoPlatinium96|hugh|1128\n|teamsize|p1|6\n|teamsize|p2|6\n|gen|9\n|tier|[Gen 9] Doubles OU\n|rated|\n|rule|Species Clause: Limit one of each Pok\u00e9mon\n|rule|OHKO Clause: OHKO moves are banned\n|rule|Evasion Moves Clause: Evasion moves are banned\n|rule|Gravity Sleep Clause: The combination of sleep-inducing moves with imperfect accuracy and Gravity or Gigantamax Orbeetle are banned\n|rule|Endless Battle Clause: Forcing endless battles is banned\n|rule|HP Percentage Mod: HP is shown in percentages\n|clearpoke\n|poke|p1|Cresselia, F|\n|poke|p1|Indeedee-F, F|\n|poke|p1|Ursaluna, M|\n|poke|p1|Armarouge, M|\n|poke|p1|Amoonguss, M|\n|poke|p1|Kingambit, M|\n|poke|p2|Okidogi, M|\n|poke|p2|Diancie|\n|poke|p2|Meowscarada, F|\n|poke|p2|Oricorio-Sensu, F|\n|poke|p2|Quaquaval, F|\n|poke|p2|Chien-Pao|\n|teampreview\n|inactive|Battle timer is ON: inactive players will automatically lose when time's up. (requested by Yendks)\n|\n|t:|1697909468\n|start\n|switch|p1a: Indeedee|Indeedee-F, F, shiny|100\/100\n|switch|p1b: Armarouge|Armarouge, M, shiny|100\/100\n|switch|p2a: Oricorio|Oricorio-Sensu, F|100\/100\n|switch|p2b: Meowscarada|Meowscarada, F|100\/100\n|-fieldstart|move: Psychic Terrain|[from] ability: Psychic Surge|[of] p1a: Indeedee\n|turn|1\n|\n|t:|1697909480\n|move|p1a: Indeedee|Follow Me|p1a: Indeedee\n|-singleturn|p1a: Indeedee|move: Follow Me\n|move|p2b: Meowscarada|Skill Swap|p1a: Indeedee\n|-start|p2b: Meowscarada|typechange|Psychic|[from] ability: Protean\n|-activate|p2b: Meowscarada|move: Skill Swap|Psychic Surge|Protean|[of] p1a: Indeedee\n|move|p2a: Oricorio|Swords Dance|p2a: Oricorio\n|-boost|p2a: Oricorio|atk|2\n|move|p1b: Armarouge|Armor Cannon|p2b: Meowscarada\n|-damage|p2b: Meowscarada|0 fnt\n|-unboost|p1b: Armarouge|def|1\n|-unboost|p1b: Armarouge|spd|1\n|faint|p2b: Meowscarada\n|-damage|p1b: Armarouge|91\/100|[from] item: Life Orb\n|\n|upkeep\n|\n|t:|1697909486\n|switch|p2b: Diancie|Diancie|100\/100\n|turn|2\n|\n|t:|1697909501\n|move|p2a: Oricorio|Quiver Dance|p2a: Oricorio\n|-boost|p2a: Oricorio|spa|1\n|-boost|p2a: Oricorio|spd|1\n|-boost|p2a: Oricorio|spe|1\n|move|p1b: Armarouge|Expanding Force|p2a: Oricorio|[spread] p2a,p2b\n|-damage|p2a: Oricorio|5\/100\n|-damage|p2b: Diancie|35\/100\n|-enditem|p2a: Oricorio|Aguav Berry|[eat]\n|-heal|p2a: Oricorio|38\/100|[from] item: Aguav Berry\n|-damage|p1b: Armarouge|81\/100|[from] item: Life Orb\n|move|p2b: Diancie|Calm Mind|p2b: Diancie\n|-boost|p2b: Diancie|spa|1\n|-boost|p2b: Diancie|spd|1\n|move|p1a: Indeedee|Trick Room|p1a: Indeedee\n|-start|p1a: Indeedee|typechange|Psychic|[from] ability: Protean\n|-fieldstart|move: Trick Room|[of] p1a: Indeedee\n|\n|-heal|p2b: Diancie|41\/100|[from] item: Leftovers\n|upkeep\n|turn|3\n|\n|t:|1697909517\n|switch|p2b: Quaquaval|Quaquaval, F|100\/100\n|move|p1a: Indeedee|Helping Hand|p1b: Armarouge\n|-singleturn|p1b: Armarouge|Helping Hand|[of] p1a: Indeedee\n|move|p1b: Armarouge|Expanding Force|p2a: Oricorio|[spread] p2a,p2b\n|-supereffective|p2b: Quaquaval\n|-damage|p2a: Oricorio|0 fnt\n|-damage|p2b: Quaquaval|0 fnt\n|faint|p2a: Oricorio\n|faint|p2b: Quaquaval\n|-damage|p1b: Armarouge|71\/100|[from] item: Life Orb\n|\n|upkeep\n|\n|t:|1697909533\n|switch|p2a: Diancie|Diancie|41\/100\n|switch|p2b: Okidogi|Okidogi, M|100\/100\n|turn|4\n|\n|t:|1697909554\n|move|p1a: Indeedee|Follow Me|p1a: Indeedee\n|-singleturn|p1a: Indeedee|move: Follow Me\n|move|p2a: Diancie|Moonblast|p1a: Indeedee\n|-crit|p1a: Indeedee\n|-damage|p1a: Indeedee|38\/100\n|move|p1b: Armarouge|Expanding Force|p2a: Diancie|[spread] p2a,p2b\n|-supereffective|p2b: Okidogi\n|-damage|p2a: Diancie|0 fnt\n|-damage|p2b: Okidogi|0 fnt\n|faint|p2a: Diancie\n|faint|p2b: Okidogi\n|-damage|p1b: Armarouge|61\/100|[from] item: Life Orb\n|\n|upkeep\n|\n|t:|1697909558\n|switch|p2b: Chien-Pao|Chien-Pao|100\/100\n|-ability|p2b: Chien-Pao|Sword of Ruin\n|turn|5\n|\n|t:|1697909564\n|move|p1a: Indeedee|Follow Me|p1a: Indeedee\n|-singleturn|p1a: Indeedee|move: Follow Me\n|move|p2b: Chien-Pao|Sucker Punch||[still]\n|-fail|p2b: Chien-Pao\n|move|p1b: Armarouge|Armor Cannon|p2b: Chien-Pao\n|-supereffective|p2b: Chien-Pao\n|-damage|p2b: Chien-Pao|0 fnt\n|-unboost|p1b: Armarouge|def|1\n|-unboost|p1b: Armarouge|spd|1\n|faint|p2b: Chien-Pao\n|-damage|p1b: Armarouge|51\/100|[from] item: Life Orb\n|\n|win|Yendks\n|raw|Yendks's rating: 1185 &rarr; <strong>1206<\/strong><br \/>(+21 for winning)\n|raw|JojoPlatinium96's rating: 1128 &rarr; <strong>1107<\/strong><br \/>(-21 for losing)\n|l|\u2606JojoPlatinium96\n","uploadtime":1697909571,"views":9,"p1id":"yendks","p2id":"jojoplatinium96","formatid":"gen9doublesou","rating":1107,"private":0,"password":""}