{"id":"gen9doublesou-1993740950","p1":"Elite.4.Challenger","p2":"AlendMain","format":"[Gen 9] Doubles OU","log":"|j|\u2606Elite.4.Challenger\n|j|\u2606AlendMain\n|t:|1700351695\n|gametype|doubles\n|player|p1|Elite.4.Challenger|rocker-gen3|1492\n|player|p2|AlendMain|169|1540\n|teamsize|p1|6\n|teamsize|p2|6\n|gen|9\n|tier|[Gen 9] Doubles OU\n|rated|\n|rule|Species Clause: Limit one of each Pok\u00e9mon\n|rule|OHKO Clause: OHKO moves are banned\n|rule|Evasion Moves Clause: Evasion moves are banned\n|rule|Gravity Sleep Clause: The combination of sleep-inducing moves with imperfect accuracy and Gravity or Gigantamax Orbeetle are banned\n|rule|Endless Battle Clause: Forcing endless battles is banned\n|rule|HP Percentage Mod: HP is shown in percentages\n|clearpoke\n|poke|p1|Tornadus, M|\n|poke|p1|Regieleki|\n|poke|p1|Goodra-Hisui, M|\n|poke|p1|Basculegion-F, F|\n|poke|p1|Politoed, M|\n|poke|p1|Toxicroak, F|\n|poke|p2|Gastrodon, M|\n|poke|p2|Glimmora, F|\n|poke|p2|Samurott-Hisui, F|\n|poke|p2|Cresselia, F|\n|poke|p2|Goodra-Hisui, M|\n|poke|p2|Flutter Mane|\n|teampreview\n|inactive|Battle timer is ON: inactive players will automatically lose when time's up. (requested by AlendMain)\n|\n|t:|1700351707\n|start\n|switch|p1a: Regieleki|Regieleki|100\/100\n|switch|p1b: Michael Phelps|Basculegion-F, F|100\/100\n|switch|p2a: Glimmora|Glimmora, F|100\/100\n|switch|p2b: Samurott|Samurott-Hisui, F|100\/100\n|-item|p2a: Glimmora|Air Balloon\n|turn|1\n|\n|t:|1700351725\n|switch|p1a: Kermit the Frog|Politoed, M|100\/100\n|-weather|RainDance|[from] ability: Drizzle|[of] p1a: Kermit the Frog\n|switch|p2b: Gastrodon|Gastrodon, M|100\/100\n|move|p1b: Michael Phelps|Surf|p2a: Glimmora|[spread] p1a,p2a\n|-ability|p2b: Gastrodon|Storm Drain|boost\n|-boost|p2b: Gastrodon|spa|1\n|-resisted|p1a: Kermit the Frog\n|-supereffective|p2a: Glimmora\n|-damage|p1a: Kermit the Frog|78\/100\n|-damage|p2a: Glimmora|0 fnt\n|-enditem|p2a: Glimmora|Air Balloon\n|faint|p2a: Glimmora\n|-enditem|p1a: Kermit the Frog|Eject Button\n|\n|t:|1700351740\n|switch|p1a: Kermit the Dawg|Toxicroak, F, shiny|100\/100\n|\n|-weather|RainDance|[upkeep]\n|upkeep\n|\n|t:|1700351754\n|switch|p2a: Samurott|Samurott-Hisui, F|100\/100\n|turn|2\n|\n|t:|1700351765\n|switch|p1b: Goodra|Goodra-Hisui, M|100\/100\n|move|p2a: Samurott|Ceaseless Edge|p1b: Goodra\n|-damage|p1b: Goodra|61\/100\n|-sidestart|p1: Elite.4.Challenger|Spikes\n|move|p1a: Kermit the Dawg|Close Combat|p2b: Gastrodon\n|-damage|p2b: Gastrodon|39\/100\n|-unboost|p1a: Kermit the Dawg|def|1\n|-unboost|p1a: Kermit the Dawg|spd|1\n|-enditem|p2b: Gastrodon|Sitrus Berry|[eat]\n|-heal|p2b: Gastrodon|64\/100|[from] item: Sitrus Berry\n|-damage|p1a: Kermit the Dawg|91\/100|[from] item: Life Orb\n|move|p2b: Gastrodon|Stockpile|p2b: Gastrodon\n|-start|p2b: Gastrodon|stockpile1\n|-boost|p2b: Gastrodon|def|1\n|-boost|p2b: Gastrodon|spd|1\n|\n|-weather|RainDance|[upkeep]\n|-heal|p1a: Kermit the Dawg|100\/100|[from] ability: Dry Skin\n|upkeep\n|turn|3\n|inactive|Elite.4.Challenger has 120 seconds left.\n|\n|t:|1700351795\n|move|p2b: Gastrodon|Protect|p2b: Gastrodon\n|-singleturn|p2b: Gastrodon|Protect\n|move|p2a: Samurott|Ceaseless Edge|p1a: Kermit the Dawg|[miss]\n|-miss|p2a: Samurott|p1a: Kermit the Dawg\n|move|p1a: Kermit the Dawg|Close Combat|p2a: Samurott\n|-supereffective|p2a: Samurott\n|-damage|p2a: Samurott|0 fnt\n|-unboost|p1a: Kermit the Dawg|def|1\n|-unboost|p1a: Kermit the Dawg|spd|1\n|faint|p2a: Samurott\n|-damage|p1a: Kermit the Dawg|91\/100|[from] item: Life Orb\n|move|p1b: Goodra|Dragon Tail|p2b: Gastrodon\n|-activate|p2b: Gastrodon|move: Protect\n|\n|-weather|RainDance|[upkeep]\n|-heal|p1a: Kermit the Dawg|100\/100|[from] ability: Dry Skin\n|upkeep\n|\n|t:|1700351804\n|switch|p2a: Cresselia|Cresselia, F|100\/100\n|turn|4\n|\n|t:|1700351816\n|move|p1a: Kermit the Dawg|Sucker Punch|p2a: Cresselia\n|-supereffective|p2a: Cresselia\n|-damage|p2a: Cresselia|71\/100\n|-damage|p1a: Kermit the Dawg|91\/100|[from] item: Life Orb\n|move|p2a: Cresselia|Psychic|p1a: Kermit the Dawg\n|-supereffective|p1a: Kermit the Dawg\n|-damage|p1a: Kermit the Dawg|0 fnt\n|faint|p1a: Kermit the Dawg\n|move|p2b: Gastrodon|Recover|p2b: Gastrodon\n|-heal|p2b: Gastrodon|100\/100\n|move|p1b: Goodra|Dragon Tail|p2b: Gastrodon\n|-damage|p2b: Gastrodon|90\/100\n|drag|p2b: Goodra|Goodra-Hisui, M|100\/100\n|\n|-weather|RainDance|[upkeep]\n|-heal|p2a: Cresselia|77\/100|[from] item: Leftovers\n|upkeep\n|\n|t:|1700351830\n|switch|p1a: Tornadus|Tornadus, M|100\/100\n|turn|5\n|j| bananaszn\n|c| bananaszn|sheesh\n|c| bananaszn|1492\n|\n|t:|1700351844\n|-terastallize|p2a: Cresselia|Electric\n|move|p1a: Tornadus|Tailwind|p1a: Tornadus\n|-sidestart|p1: Elite.4.Challenger|move: Tailwind\n|move|p1b: Goodra|Acid Armor|p1b: Goodra\n|-boost|p1b: Goodra|def|2\n|move|p2a: Cresselia|Calm Mind|p2a: Cresselia\n|-boost|p2a: Cresselia|spa|1\n|-boost|p2a: Cresselia|spd|1\n|move|p2b: Goodra|Muddy Water|p1a: Tornadus|[spread] p1a,p1b\n|-resisted|p1b: Goodra\n|-damage|p1a: Tornadus|67\/100\n|-damage|p1b: Goodra|53\/100\n|\n|-weather|none\n|-heal|p2a: Cresselia|83\/100|[from] item: Leftovers\n|upkeep\n|turn|6\n|c|\u2606Elite.4.Challenger|yessir\n|c|\u2606Elite.4.Challenger|moving up in the ladder\n|c| bananaszn|jajaj real\n|inactive|Elite.4.Challenger has 120 seconds left.\n|c| bananaszn|i been working on a team so i havent played much\n|c|\u2606AlendMain|this is my team when I want to essentially give out free wins\n|c|\u2606Elite.4.Challenger|i was at 1532 a couple games ago\n|c|\u2606AlendMain|lmfao\n|c| bananaszn|w\n|c| bananaszn|also :skull:\n|inactive|Elite.4.Challenger has 90 seconds left.\n|c|\u2606Elite.4.Challenger|lol\n|c|\u2606Elite.4.Challenger|its still good ngl\n|c|\u2606AlendMain|start playing\n|c|\u2606AlendMain|and talking less\n|c|\u2606Elite.4.Challenger|my bad\n|inactive|Elite.4.Challenger has 60 seconds left.\n|\n|t:|1700351937\n|move|p1a: Tornadus|Bleakwind Storm|p2a: Cresselia|[spread] p2b\n|-miss|p1a: Tornadus|p2a: Cresselia\n|-resisted|p2b: Goodra\n|-damage|p2b: Goodra|89\/100\n|-unboost|p2b: Goodra|spe|1\n|move|p1b: Goodra|Body Press|p2b: Goodra\n|-supereffective|p2b: Goodra\n|-damage|p2b: Goodra|0 fnt\n|faint|p2b: Goodra\n|move|p2a: Cresselia|Ice Beam|p1a: Tornadus\n|-supereffective|p1a: Tornadus\n|-damage|p1a: Tornadus|1\/100\n|\n|-heal|p2a: Cresselia|89\/100|[from] item: Leftovers\n|upkeep\n|\n|t:|1700351951\n|switch|p2b: Gastrodon|Gastrodon, M|90\/100\n|turn|7\n|\n|t:|1700351958\n|move|p1a: Tornadus|Bleakwind Storm|p2a: Cresselia|[spread] p2a\n|-miss|p1a: Tornadus|p2b: Gastrodon\n|-resisted|p2a: Cresselia\n|-damage|p2a: Cresselia|80\/100\n|-unboost|p2a: Cresselia|spe|1\n|move|p1b: Goodra|Body Press|p2b: Gastrodon\n|-damage|p2b: Gastrodon|50\/100\n|move|p2a: Cresselia|Calm Mind|p2a: Cresselia\n|-boost|p2a: Cresselia|spa|1\n|-boost|p2a: Cresselia|spd|1\n|move|p2b: Gastrodon|Muddy Water|p1b: Goodra|[spread] p1a,p1b\n|-resisted|p1b: Goodra\n|-damage|p1a: Tornadus|0 fnt\n|-damage|p1b: Goodra|46\/100\n|faint|p1a: Tornadus\n|\n|-heal|p2a: Cresselia|87\/100|[from] item: Leftovers\n|upkeep\n|c| bananaszn|fraud ass bleakwind storm\n|inactive|Elite.4.Challenger has 60 seconds left.\n|\n|t:|1700351991\n|switch|p1a: Michael Phelps|Basculegion-F, F|100\/100\n|-damage|p1a: Michael Phelps|88\/100|[from] Spikes\n|turn|8\n|c| bananaszn|also id try to take cress rn bc ur basc is special\n|\n|t:|1700352003\n|switch|p1a: Kermit the Frog|Politoed, M|78\/100\n|-damage|p1a: Kermit the Frog|65\/100|[from] Spikes\n|-weather|RainDance|[from] ability: Drizzle|[of] p1a: Kermit the Frog\n|move|p2b: Gastrodon|Protect|p2b: Gastrodon\n|-singleturn|p2b: Gastrodon|Protect\n|move|p2a: Cresselia|Lunar Blessing|p2a: Cresselia|[spread] p2a,p2b\n|-heal|p2a: Cresselia|100\/100\n|-heal|p2b: Gastrodon|75\/100\n|move|p1b: Goodra|Dragon Tail|p2a: Cresselia\n|-damage|p2a: Cresselia|90\/100\n|drag|p2a: Flutter Mane|Flutter Mane|100\/100\n|\n|-weather|RainDance|[upkeep]\n|-sideend|p1: Elite.4.Challenger|move: Tailwind\n|upkeep\n|turn|9\n|inactive|Elite.4.Challenger has 90 seconds left.\n|\n|t:|1700352027\n|move|p2a: Flutter Mane|Shadow Ball|p1b: Goodra\n|-damage|p1b: Goodra|12\/100\n|-enditem|p1b: Goodra|Iapapa Berry|[eat]\n|-heal|p1b: Goodra|45\/100|[from] item: Iapapa Berry\n|move|p1a: Kermit the Frog|Icy Wind|p2a: Flutter Mane|[spread] p2a,p2b\n|-damage|p2a: Flutter Mane|93\/100\n|-damage|p2b: Gastrodon|67\/100\n|-unboost|p2a: Flutter Mane|spe|1\n|-unboost|p2b: Gastrodon|spe|1\n|move|p1b: Goodra|Flash Cannon|p2a: Flutter Mane\n|-supereffective|p2a: Flutter Mane\n|-damage|p2a: Flutter Mane|43\/100\n|move|p2b: Gastrodon|Stockpile|p2b: Gastrodon\n|-start|p2b: Gastrodon|stockpile1\n|-boost|p2b: Gastrodon|def|1\n|-boost|p2b: Gastrodon|spd|1\n|\n|-weather|RainDance|[upkeep]\n|upkeep\n|turn|10\n|inactive|Elite.4.Challenger has 90 seconds left.\n|\n|t:|1700352047\n|move|p2a: Flutter Mane|Shadow Ball|p1b: Goodra\n|-damage|p1b: Goodra|15\/100\n|move|p1a: Kermit the Frog|Icy Wind|p2a: Flutter Mane|[spread] p2a,p2b\n|-damage|p2a: Flutter Mane|35\/100\n|-damage|p2b: Gastrodon|62\/100\n|-unboost|p2a: Flutter Mane|spe|1\n|-unboost|p2b: Gastrodon|spe|1\n|move|p1b: Goodra|Flash Cannon|p2a: Flutter Mane\n|-supereffective|p2a: Flutter Mane\n|-damage|p2a: Flutter Mane|0 fnt\n|faint|p2a: Flutter Mane\n|-end|p2a: Flutter Mane|Protosynthesis|[silent]\n|move|p2b: Gastrodon|Muddy Water|p1a: Kermit the Frog|[spread] p1a,p1b\n|-resisted|p1a: Kermit the Frog\n|-resisted|p1b: Goodra\n|-damage|p1a: Kermit the Frog|55\/100\n|-damage|p1b: Goodra|4\/100\n|\n|-weather|RainDance|[upkeep]\n|upkeep\n|\n|t:|1700352051\n|switch|p2a: Cresselia|Cresselia, F, tera:Electric|90\/100\n|turn|11\n|c| bananaszn|goodra with the one million special defense\n|\n|t:|1700352070\n|move|p2a: Cresselia|Calm Mind|p2a: Cresselia\n|-boost|p2a: Cresselia|spa|1\n|-boost|p2a: Cresselia|spd|1\n|move|p1a: Kermit the Frog|Icy Wind|p2a: Cresselia|[spread] p2a,p2b\n|-damage|p2a: Cresselia|86\/100\n|-damage|p2b: Gastrodon|57\/100\n|-unboost|p2a: Cresselia|spe|1\n|-unboost|p2b: Gastrodon|spe|1\n|move|p1b: Goodra|Body Press|p2b: Gastrodon\n|-damage|p2b: Gastrodon|29\/100\n|move|p2b: Gastrodon|Muddy Water|p1a: Kermit the Frog|[spread] p1a,p1b\n|-resisted|p1a: Kermit the Frog\n|-resisted|p1b: Goodra\n|-damage|p1a: Kermit the Frog|45\/100\n|-damage|p1b: Goodra|0 fnt\n|faint|p1b: Goodra\n|\n|-weather|RainDance|[upkeep]\n|-heal|p2a: Cresselia|92\/100|[from] item: Leftovers\n|upkeep\n|c|\u2606Elite.4.Challenger|honestly\n|\n|t:|1700352085\n|switch|p1b: Regieleki|Regieleki|100\/100\n|-damage|p1b: Regieleki|88\/100|[from] Spikes\n|turn|12\n|\n|t:|1700352103\n|move|p1a: Kermit the Frog|Helping Hand|p1b: Regieleki\n|-singleturn|p1b: Regieleki|Helping Hand|[of] p1a: Kermit the Frog\n|move|p2b: Gastrodon|Protect|p2b: Gastrodon\n|-singleturn|p2b: Gastrodon|Protect\n|move|p1b: Regieleki|Electro Ball|p2a: Cresselia\n|-resisted|p2a: Cresselia\n|-damage|p2a: Cresselia|55\/100\n|move|p2a: Cresselia|Psychic|p1b: Regieleki\n|-damage|p1b: Regieleki|15\/100\n|\n|-weather|none\n|-heal|p2a: Cresselia|62\/100|[from] item: Leftovers\n|upkeep\n|turn|13\n|inactive|Elite.4.Challenger has 120 seconds left.\n|\n|t:|1700352117\n|move|p1a: Kermit the Frog|Helping Hand|p1b: Regieleki\n|-singleturn|p1b: Regieleki|Helping Hand|[of] p1a: Kermit the Frog\n|move|p1b: Regieleki|Electro Ball|p2a: Cresselia\n|-resisted|p2a: Cresselia\n|-damage|p2a: Cresselia|26\/100\n|move|p2a: Cresselia|Lunar Blessing|p2a: Cresselia|[spread] p2a,p2b\n|-heal|p2a: Cresselia|51\/100\n|-heal|p2b: Gastrodon|54\/100\n|move|p2b: Gastrodon|Muddy Water|p1a: Kermit the Frog|[spread] p1a,p1b\n|-resisted|p1a: Kermit the Frog\n|-damage|p1a: Kermit the Frog|37\/100\n|-damage|p1b: Regieleki|0 fnt\n|faint|p1b: Regieleki\n|\n|-heal|p2a: Cresselia|57\/100|[from] item: Leftovers\n|upkeep\n|inactive|Elite.4.Challenger has 120 seconds left.\n|\n|t:|1700352122\n|switch|p1b: Michael Phelps|Basculegion-F, F|88\/100\n|-damage|p1b: Michael Phelps|76\/100|[from] Spikes\n|turn|14\n|\n|t:|1700352133\n|move|p1a: Kermit the Frog|Helping Hand|p1b: Michael Phelps\n|-singleturn|p1b: Michael Phelps|Helping Hand|[of] p1a: Kermit the Frog\n|move|p1b: Michael Phelps|Last Respects|p2a: Cresselia\n|-damage|p2a: Cresselia|0 fnt\n|faint|p2a: Cresselia\n|move|p2b: Gastrodon|Muddy Water|p1b: Michael Phelps|[spread] p1a,p1b\n|-resisted|p1a: Kermit the Frog\n|-resisted|p1b: Michael Phelps\n|-damage|p1a: Kermit the Frog|29\/100\n|-damage|p1b: Michael Phelps|63\/100\n|-unboost|p1b: Michael Phelps|accuracy|1\n|\n|upkeep\n|turn|15\n|c| bananaszn|HE DID IT\n|\n|t:|1700352143\n|move|p1a: Kermit the Frog|Helping Hand|p1b: Michael Phelps\n|-singleturn|p1b: Michael Phelps|Helping Hand|[of] p1a: Kermit the Frog\n|move|p2b: Gastrodon|Protect|p2b: Gastrodon\n|-singleturn|p2b: Gastrodon|Protect\n|move|p1b: Michael Phelps|Last Respects|p2b: Gastrodon\n|-activate|p2b: Gastrodon|move: Protect\n|\n|upkeep\n|turn|16\n|c| bananaszn|finally\n|c|\u2606Elite.4.Challenger|i finally caved\n|c|\u2606Elite.4.Challenger|its too good of a move\n|c| bananaszn|fr\n|\n|t:|1700352156\n|move|p1a: Kermit the Frog|Helping Hand|p1b: Michael Phelps\n|-singleturn|p1b: Michael Phelps|Helping Hand|[of] p1a: Kermit the Frog\n|move|p1b: Michael Phelps|Last Respects|p2b: Gastrodon|[miss]\n|-miss|p1b: Michael Phelps|p2b: Gastrodon\n|move|p2b: Gastrodon|Muddy Water|p1a: Kermit the Frog|[spread] p1a,p1b\n|-resisted|p1a: Kermit the Frog\n|-resisted|p1b: Michael Phelps\n|-damage|p1a: Kermit the Frog|22\/100\n|-damage|p1b: Michael Phelps|51\/100\n|\n|upkeep\n|turn|17\n|c| bananaszn|its way better on the band side\n|\n|t:|1700352166\n|move|p1a: Kermit the Frog|Helping Hand|p1b: Michael Phelps\n|-singleturn|p1b: Michael Phelps|Helping Hand|[of] p1a: Kermit the Frog\n|move|p2b: Gastrodon|Protect|p2b: Gastrodon\n|-singleturn|p2b: Gastrodon|Protect\n|move|p1b: Michael Phelps|Last Respects|p2b: Gastrodon\n|-activate|p2b: Gastrodon|move: Protect\n|\n|upkeep\n|turn|18\n|\n|t:|1700352176\n|move|p1a: Kermit the Frog|Helping Hand|p1b: Michael Phelps\n|-singleturn|p1b: Michael Phelps|Helping Hand|[of] p1a: Kermit the Frog\n|move|p1b: Michael Phelps|Last Respects|p2b: Gastrodon|[miss]\n|-miss|p1b: Michael Phelps|p2b: Gastrodon\n|move|p2b: Gastrodon|Muddy Water|p1b: Michael Phelps|[spread] p1a,p1b\n|-resisted|p1a: Kermit the Frog\n|-resisted|p1b: Michael Phelps\n|-damage|p1a: Kermit the Frog|14\/100\n|-damage|p1b: Michael Phelps|39\/100\n|-unboost|p1a: Kermit the Frog|accuracy|1\n|-unboost|p1b: Michael Phelps|accuracy|1\n|\n|upkeep\n|turn|19\n|c|\u2606Elite.4.Challenger|true\n|c| bananaszn|no shot he pp stalls on misses alone\n|c|\u2606Elite.4.Challenger|lol i might\n|c|\u2606AlendMain|I am going to be honest\n|c|\u2606AlendMain|This team never wins\n|inactive|Elite.4.Challenger has 120 seconds left.\n|c|\u2606AlendMain|If you want to play competitvely you gotta do something different\n|c|\u2606Elite.4.Challenger|accuracy might make it the first\n|c|\u2606Elite.4.Challenger|dont worry i dont\n|\n|t:|1700352229\n|move|p1a: Kermit the Frog|Helping Hand|p1b: Michael Phelps\n|-singleturn|p1b: Michael Phelps|Helping Hand|[of] p1a: Kermit the Frog\n|move|p2b: Gastrodon|Protect|p2b: Gastrodon\n|-singleturn|p2b: Gastrodon|Protect\n|move|p1b: Michael Phelps|Last Respects|p2b: Gastrodon\n|-activate|p2b: Gastrodon|move: Protect\n|\n|upkeep\n|turn|20\n|inactive|Elite.4.Challenger has 120 seconds left.\n|\n|t:|1700352236\n|move|p1a: Kermit the Frog|Helping Hand|p1b: Michael Phelps\n|-singleturn|p1b: Michael Phelps|Helping Hand|[of] p1a: Kermit the Frog\n|move|p1b: Michael Phelps|Last Respects|p2b: Gastrodon\n|-damage|p2b: Gastrodon|0 fnt\n|faint|p2b: Gastrodon\n|\n|win|Elite.4.Challenger\n|raw|Elite.4.Challenger's rating: 1492 &rarr; <strong>1515<\/strong><br \/>(+23 for winning)\n|raw|AlendMain's rating: 1540 &rarr; <strong>1517<\/strong><br \/>(-23 for losing)\n|c|\u2606Elite.4.Challenger|gg\n|c| bananaszn|sheesh\n|l|\u2606AlendMain\n|c|\u2606Elite.4.Challenger|bro really giving me advice when he loses\n|c| bananaszn|:skull:\n|c|\u2606Elite.4.Challenger|hows the sandstorm team working\n|c| bananaszn|i might try to play dpl next year lowk\n|c| bananaszn|eh its going\n|c|\u2606Elite.4.Challenger|dpl?\n|c| bananaszn|doubles premier league\n|c| bananaszn|ill try to sign up for stuff b4 it\n|c|\u2606Elite.4.Challenger|word\n|c| bananaszn|and get magically 100x better at the game\n|c|\u2606Elite.4.Challenger|when is it\n|c| bananaszn|think some time arnd summer they last like a few months\n|c| bananaszn|ill have to check\n|c|\u2606Elite.4.Challenger|yeah you have plenty of time to get better\n|c| bananaszn|ya\n|c|\u2606Elite.4.Challenger|honestly just work on team building\n|c|\u2606Elite.4.Challenger|skill comes with it\n|c| bananaszn|ya thats what i really like abt this tbh\n|c|\u2606Elite.4.Challenger|you become more knowledgable about random pokemon things\n|c| bananaszn|ya\n|c| bananaszn|nothing better than making smth and seeing it work\n|c|\u2606Elite.4.Challenger|fr\n|c|\u2606Elite.4.Challenger|thats how i feel about this team\n|c|\u2606Elite.4.Challenger|1500 is crazy for a team i made myself\n|c| bananaszn|same here\n|c| bananaszn|my rain team did the same but we tanked\n|c|\u2606Elite.4.Challenger|rip\n|c| bananaszn|thats kinda what made me interested in teambuilding\n|c| bananaszn|see how to make stuff better'\n|c|\u2606Elite.4.Challenger|back to what you were saying earlier basc doesnt really need band for last respects\n|c| bananaszn|true\n|c|\u2606Elite.4.Challenger|i would only use is for when hes the last pokemon\n|c|\u2606Elite.4.Challenger|and its 250 so its like a controlled explosion move\n|c| bananaszn|reasonable\n|c| bananaszn|also true\n|c|\u2606Elite.4.Challenger|you gonna run ladder?\n|c| bananaszn|ya\n|c|\u2606Elite.4.Challenger|i wanna take a break so ill spectate\n|c| bananaszn|made a team\n|c| bananaszn|theres 2 versions\n|c|\u2606Elite.4.Challenger|ayo?\n|c| bananaszn|wav and mp3\n|c|\u2606Elite.4.Challenger|send the pastes\n|c| bananaszn|alr\n|c| bananaszn|its a one mon difference buts its big\n|c|\u2606Elite.4.Challenger|love the names for the teams\n|c| bananaszn|https:\/\/pokepast.es\/7eabe30bd599db8d\n|c| bananaszn|https:\/\/pokepast.es\/db9af9119bc54c1f\n|c| bananaszn|theyre made for chien pao hence silly kitty but the 2 steel titans r the early game show\n|c|\u2606Elite.4.Challenger|makes sense\n|c|\u2606Elite.4.Challenger|so no more weather?\n|c| bananaszn|def not\n|c|\u2606Elite.4.Challenger|lol\n|c| bananaszn|js made smth diff this time\n|c|\u2606Elite.4.Challenger|understandable\n|c| bananaszn|ya\n|c|\u2606Elite.4.Challenger|choosing ou pokemon definitely makes a huge difference XD\n|c| bananaszn|very true\n|c| bananaszn|its a ladder team tbh\n|c| bananaszn|the fun comes in w the strange picks\n|c|\u2606Elite.4.Challenger|more iron hands maybe do volt switch instead of ice punch. i see that a lot on av iron hands\n|c|\u2606Elite.4.Challenger|for*\n|c|\u2606Elite.4.Challenger|helps for switches since hes slow\n|c| bananaszn|true\n|c| bananaszn|and on the wav team it works for blenders\n|c| bananaszn|with scizor\n|c|\u2606Elite.4.Challenger|blenders?\n|c|\u2606Elite.4.Challenger|whats that\n|c| bananaszn|like repeated u\/flip turns and\/or volt switches\n|c| bananaszn|thats wha i call them\n|c|\u2606Elite.4.Challenger|oo thats actually smart\n|c|\u2606Elite.4.Challenger|makes it hard to 2x pokemon\n|c|\u2606Elite.4.Challenger|especially since theyre fast\n|c| bananaszn|ya\n|c|\u2606Elite.4.Challenger|ok brb\n|c| bananaszn|alr\n|c| bananaszn|ima b running games so spectate when u come back\n","uploadtime":1700353964,"views":6,"p1id":"elite4challenger","p2id":"alendmain","formatid":"gen9doublesou","rating":1515,"private":0,"password":""}