{"id":"gen9doublesou-1991113767","p1":"InsrtNameHere","p2":"faertrw","format":"[Gen 9] Doubles OU","log":"|j|\u2606InsrtNameHere\n|j|\u2606faertrw\n|t:|1700045028\n|gametype|doubles\n|player|p1|InsrtNameHere|burglar|1538\n|player|p2|faertrw|rood|1595\n|teamsize|p1|6\n|teamsize|p2|6\n|gen|9\n|tier|[Gen 9] Doubles OU\n|rated|\n|rule|Species Clause: Limit one of each Pok\u00e9mon\n|rule|OHKO Clause: OHKO moves are banned\n|rule|Evasion Moves Clause: Evasion moves are banned\n|rule|Gravity Sleep Clause: The combination of sleep-inducing moves with imperfect accuracy and Gravity or Gigantamax Orbeetle are banned\n|rule|Endless Battle Clause: Forcing endless battles is banned\n|rule|HP Percentage Mod: HP is shown in percentages\n|clearpoke\n|poke|p1|Baxcalibur, M|\n|poke|p1|Torkoal, M|\n|poke|p1|Walking Wake|\n|poke|p1|Amoonguss, M|\n|poke|p1|Rillaboom, F|\n|poke|p1|Heatran, F|\n|poke|p2|Dusclops, F|\n|poke|p2|Gastrodon, M|\n|poke|p2|Vikavolt, M|\n|poke|p2|Ursaluna, F|\n|poke|p2|Hatterene, F|\n|poke|p2|Torkoal, L99, M|\n|teampreview\n|\n|t:|1700045063\n|start\n|switch|p1a: Curious George|Rillaboom, F|100\/100\n|switch|p1b: Big Bad Bax|Baxcalibur, M|100\/100\n|switch|p2a: Torkoal|Torkoal, L99, M|100\/100\n|switch|p2b: Ursaluna|Ursaluna, F|100\/100\n|-fieldstart|move: Grassy Terrain|[from] ability: Grassy Surge|[of] p1a: Curious George\n|turn|1\n|\n|t:|1700045093\n|move|p2b: Ursaluna|Protect|p2b: Ursaluna\n|-singleturn|p2b: Ursaluna|Protect\n|move|p1b: Big Bad Bax|Dragon Dance|p1b: Big Bad Bax\n|-boost|p1b: Big Bad Bax|atk|1\n|-boost|p1b: Big Bad Bax|spe|1\n|move|p1a: Curious George|Knock Off|p2a: Torkoal\n|-damage|p2a: Torkoal|73\/100\n|-enditem|p2a: Torkoal|Heavy-Duty Boots|[from] move: Knock Off|[of] p1a: Curious George\n|move|p2a: Torkoal|Stealth Rock|p1a: Curious George\n|-sidestart|p1: InsrtNameHere|move: Stealth Rock\n|\n|-heal|p2a: Torkoal|79\/100|[from] Grassy Terrain\n|-status|p2b: Ursaluna|brn|[from] item: Flame Orb\n|upkeep\n|turn|2\n|\n|t:|1700045113\n|switch|p2b: Dusclops|Dusclops, F|100\/100\n|-item|p1a: Curious George|Assault Vest|[from] ability: Frisk|[of] p2b: Dusclops|[identify]\n|-item|p1b: Big Bad Bax|Loaded Dice|[from] ability: Frisk|[of] p2b: Dusclops|[identify]\n|move|p1a: Curious George|Grassy Glide|p2b: Dusclops\n|-damage|p2b: Dusclops|76\/100\n|move|p1b: Big Bad Bax|Icicle Spear|p2b: Dusclops\n|-damage|p2b: Dusclops|63\/100\n|-damage|p2b: Dusclops|51\/100\n|-damage|p2b: Dusclops|38\/100\n|-damage|p2b: Dusclops|25\/100\n|-damage|p2b: Dusclops|13\/100\n|-hitcount|p2b: Dusclops|5\n|move|p2a: Torkoal|Yawn|p1b: Big Bad Bax\n|-start|p1b: Big Bad Bax|move: Yawn|[of] p2a: Torkoal\n|\n|-heal|p2b: Dusclops|19\/100|[from] Grassy Terrain\n|-heal|p2a: Torkoal|85\/100|[from] Grassy Terrain\n|upkeep\n|turn|3\n|\n|t:|1700045144\n|switch|p1b: Fun Guy|Amoonguss, M|100\/100\n|-damage|p1b: Fun Guy|88\/100|[from] Stealth Rock\n|move|p1a: Curious George|Knock Off|p2b: Dusclops\n|-supereffective|p2b: Dusclops\n|-damage|p2b: Dusclops|0 fnt\n|-enditem|p2b: Dusclops|Eviolite|[from] move: Knock Off|[of] p1a: Curious George\n|faint|p2b: Dusclops\n|move|p2a: Torkoal|Heat Wave|p1b: Fun Guy|[spread] p1a,p1b\n|-supereffective|p1a: Curious George\n|-supereffective|p1b: Fun Guy\n|-damage|p1a: Curious George|53\/100\n|-damage|p1b: Fun Guy|51\/100\n|\n|-heal|p1a: Curious George|59\/100|[from] Grassy Terrain\n|-heal|p1b: Fun Guy|57\/100|[from] Grassy Terrain\n|-heal|p2a: Torkoal|91\/100|[from] Grassy Terrain\n|upkeep\n|\n|t:|1700045150\n|switch|p2b: Hatterene|Hatterene, F|100\/100\n|turn|4\n|\n|t:|1700045177\n|move|p1a: Curious George|Knock Off|p2b: Hatterene\n|-damage|p2b: Hatterene|57\/100\n|-enditem|p2b: Hatterene|Leftovers|[from] move: Knock Off|[of] p1a: Curious George\n|move|p1b: Fun Guy|Spore|p2a: Torkoal\n|-status|p2a: Torkoal|slp|[from] move: Spore\n|cant|p2a: Torkoal|slp\n|move|p2b: Hatterene|Trick Room|p2b: Hatterene\n|-fieldstart|move: Trick Room|[of] p2b: Hatterene\n|\n|-heal|p2a: Torkoal|98\/100 slp|[from] Grassy Terrain\n|-heal|p2b: Hatterene|63\/100|[from] Grassy Terrain\n|-heal|p1b: Fun Guy|63\/100|[from] Grassy Terrain\n|-heal|p1a: Curious George|65\/100|[from] Grassy Terrain\n|upkeep\n|turn|5\n|\n|t:|1700045204\n|switch|p1b: Love Fever|Heatran, F|100\/100\n|-damage|p1b: Love Fever|88\/100|[from] Stealth Rock\n|cant|p2a: Torkoal|slp\n|move|p2b: Hatterene|Psychic|p1b: Love Fever\n|-resisted|p1b: Love Fever\n|-damage|p1b: Love Fever|67\/100\n|move|p1a: Curious George|U-turn|p2b: Hatterene\n|-damage|p2b: Hatterene|32\/100\n|\n|t:|1700045216\n|switch|p1a: Phranklin|Torkoal, M|100\/100|[from] U-turn\n|-damage|p1a: Phranklin|76\/100|[from] Stealth Rock\n|-weather|SunnyDay|[from] ability: Drought|[of] p1a: Phranklin\n|\n|-weather|SunnyDay|[upkeep]\n|-heal|p2a: Torkoal|100\/100 slp|[from] Grassy Terrain\n|-heal|p1a: Phranklin|82\/100|[from] Grassy Terrain\n|-heal|p2b: Hatterene|38\/100|[from] Grassy Terrain\n|-heal|p1b: Love Fever|73\/100|[from] Grassy Terrain\n|-fieldend|move: Grassy Terrain\n|upkeep\n|turn|6\n|\n|t:|1700045255\n|switch|p2b: Gastrodon|Gastrodon, M|100\/100\n|cant|p2a: Torkoal|slp\n|move|p1a: Phranklin|Lava Plume|p2a: Torkoal|[spread] p2a,p2b\n|-start|p1b: Love Fever|ability: Flash Fire\n|-resisted|p2a: Torkoal\n|-resisted|p2b: Gastrodon\n|-damage|p2a: Torkoal|83\/100 slp\n|-damage|p2b: Gastrodon|91\/100\n|-status|p2b: Gastrodon|brn\n|move|p1b: Love Fever|Flash Cannon|p2b: Gastrodon\n|-resisted|p2b: Gastrodon\n|-damage|p2b: Gastrodon|77\/100 brn\n|\n|-weather|SunnyDay|[upkeep]\n|-damage|p2b: Gastrodon|71\/100 brn|[from] brn\n|upkeep\n|turn|7\n|inactive|Battle timer is ON: inactive players will automatically lose when time's up. (requested by faertrw)\n|\n|t:|1700045303\n|switch|p1a: Fun Guy|Amoonguss, M|96\/100\n|-damage|p1a: Fun Guy|84\/100|[from] Stealth Rock\n|move|p1b: Love Fever|Protect|p1b: Love Fever\n|-singleturn|p1b: Love Fever|Protect\n|-curestatus|p2a: Torkoal|slp|[msg]\n|move|p2a: Torkoal|Yawn|p1b: Love Fever\n|-activate|p1b: Love Fever|move: Protect\n|move|p2b: Gastrodon|Earth Power|p1a: Fun Guy\n|-damage|p1a: Fun Guy|56\/100\n|-unboost|p1a: Fun Guy|spd|1\n|\n|-weather|SunnyDay|[upkeep]\n|-damage|p2b: Gastrodon|65\/100 brn|[from] brn\n|upkeep\n|turn|8\n|inactive|InsrtNameHere has 120 seconds left.\n|\n|t:|1700045335\n|move|p1a: Fun Guy|Protect|p1a: Fun Guy\n|-singleturn|p1a: Fun Guy|Protect\n|move|p2a: Torkoal|Heat Wave|p1b: Love Fever|[spread] \n|-activate|p1a: Fun Guy|move: Protect\n|-immune|p1b: Love Fever|[from] ability: Flash Fire\n|move|p2b: Gastrodon|Earth Power|p1b: Love Fever\n|-supereffective|p1b: Love Fever\n|-enditem|p1b: Love Fever|Shuca Berry|[eat]\n|-enditem|p1b: Love Fever|Shuca Berry|[weaken]\n|-damage|p1b: Love Fever|7\/100\n|move|p1b: Love Fever|Stealth Rock|p2a: Torkoal\n|-sidestart|p2: faertrw|move: Stealth Rock\n|\n|-weather|SunnyDay|[upkeep]\n|-damage|p2b: Gastrodon|59\/100 brn|[from] brn\n|-fieldend|move: Trick Room\n|upkeep\n|turn|9\n|inactive|InsrtNameHere has 120 seconds left.\n|\n|t:|1700045362\n|move|p1b: Love Fever|Flash Cannon|p2b: Gastrodon\n|-resisted|p2b: Gastrodon\n|-damage|p2b: Gastrodon|46\/100 brn\n|move|p1a: Fun Guy|Spore|p2a: Torkoal\n|-status|p2a: Torkoal|slp|[from] move: Spore\n|move|p2b: Gastrodon|Muddy Water|p1a: Fun Guy|[spread] p1a,p1b\n|-resisted|p1a: Fun Guy\n|-supereffective|p1b: Love Fever\n|-damage|p1a: Fun Guy|48\/100\n|-damage|p1b: Love Fever|0 fnt\n|faint|p1b: Love Fever\n|cant|p2a: Torkoal|slp\n|\n|-weather|SunnyDay|[upkeep]\n|-damage|p2b: Gastrodon|39\/100 brn|[from] brn\n|upkeep\n|inactive|InsrtNameHere has 120 seconds left.\n|\n|t:|1700045377\n|switch|p1b: Curious George|Rillaboom, F|65\/100\n|-damage|p1b: Curious George|53\/100|[from] Stealth Rock\n|-fieldstart|move: Grassy Terrain|[from] ability: Grassy Surge|[of] p1b: Curious George\n|turn|10\n|\n|t:|1700045391\n|switch|p1a: Wake and Bake|Walking Wake|100\/100\n|-damage|p1a: Wake and Bake|88\/100|[from] Stealth Rock\n|-activate|p1a: Wake and Bake|ability: Protosynthesis\n|-start|p1a: Wake and Bake|protosynthesisspe\n|-terastallize|p2b: Gastrodon|Fire\n|move|p1b: Curious George|Grassy Glide|p2b: Gastrodon\n|-resisted|p2b: Gastrodon\n|-damage|p2b: Gastrodon|18\/100 brn\n|move|p2b: Gastrodon|Ice Beam|p1a: Wake and Bake\n|-damage|p1a: Wake and Bake|58\/100\n|-curestatus|p2a: Torkoal|slp|[msg]\n|move|p2a: Torkoal|Heat Wave|p1b: Curious George|[spread] p1a,p1b\n|-resisted|p1a: Wake and Bake\n|-supereffective|p1b: Curious George\n|-damage|p1a: Wake and Bake|44\/100\n|-damage|p1b: Curious George|0 fnt\n|faint|p1b: Curious George\n|\n|-weather|SunnyDay|[upkeep]\n|-heal|p1a: Wake and Bake|50\/100|[from] Grassy Terrain\n|-heal|p2b: Gastrodon|24\/100 brn|[from] Grassy Terrain\n|-heal|p2a: Torkoal|89\/100|[from] Grassy Terrain\n|-damage|p2b: Gastrodon|18\/100 brn|[from] brn\n|upkeep\n|inactive|InsrtNameHere has 120 seconds left.\n|\n|t:|1700045419\n|switch|p1b: Big Bad Bax|Baxcalibur, M|100\/100\n|-damage|p1b: Big Bad Bax|76\/100|[from] Stealth Rock\n|turn|11\n|inactive|InsrtNameHere has 120 seconds left.\n|\n|t:|1700045456\n|move|p1b: Big Bad Bax|Protect|p1b: Big Bad Bax\n|-singleturn|p1b: Big Bad Bax|Protect\n|move|p1a: Wake and Bake|Dragon Pulse|p2a: Torkoal\n|-damage|p2a: Torkoal|0 fnt\n|faint|p2a: Torkoal\n|move|p2b: Gastrodon|Sludge Bomb|p1a: Wake and Bake\n|-damage|p1a: Wake and Bake|20\/100\n|\n|-weather|SunnyDay|[upkeep]\n|-heal|p1a: Wake and Bake|26\/100|[from] Grassy Terrain\n|-heal|p1b: Big Bad Bax|82\/100|[from] Grassy Terrain\n|-heal|p2b: Gastrodon|24\/100 brn|[from] Grassy Terrain\n|-damage|p2b: Gastrodon|18\/100 brn|[from] brn\n|upkeep\n|\n|t:|1700045468\n|switch|p2a: Hatterene|Hatterene, F|38\/100\n|-damage|p2a: Hatterene|26\/100|[from] Stealth Rock\n|turn|12\n|inactive|InsrtNameHere has 120 seconds left.\n|\n|t:|1700045477\n|move|p2a: Hatterene|Protect|p2a: Hatterene\n|-singleturn|p2a: Hatterene|Protect\n|move|p1a: Wake and Bake|Dragon Pulse|p2b: Gastrodon\n|-damage|p2b: Gastrodon|0 fnt\n|faint|p2b: Gastrodon\n|move|p1b: Big Bad Bax|Icicle Spear|p2a: Hatterene\n|-activate|p2a: Hatterene|move: Protect\n|\n|-weather|none\n|-end|p1a: Wake and Bake|Protosynthesis\n|-heal|p1a: Wake and Bake|32\/100|[from] Grassy Terrain\n|-heal|p1b: Big Bad Bax|88\/100|[from] Grassy Terrain\n|-heal|p2a: Hatterene|32\/100|[from] Grassy Terrain\n|upkeep\n|\n|t:|1700045482\n|switch|p2b: Vikavolt|Vikavolt, M|100\/100\n|-damage|p2b: Vikavolt|76\/100|[from] Stealth Rock\n|turn|13\n|\n|t:|1700045502\n|move|p1a: Wake and Bake|Dragon Pulse|p2b: Vikavolt\n|-damage|p2b: Vikavolt|0 fnt\n|faint|p2b: Vikavolt\n|move|p1b: Big Bad Bax|Icicle Spear|p2a: Hatterene\n|-damage|p2a: Hatterene|16\/100\n|-damage|p2a: Hatterene|0 fnt\n|faint|p2a: Hatterene\n|-hitcount|p2: Hatterene|2\n|\n|-heal|p1a: Wake and Bake|39\/100|[from] Grassy Terrain\n|-heal|p1b: Big Bad Bax|94\/100|[from] Grassy Terrain\n|upkeep\n|-message|faertrw forfeited.\n|\n|win|InsrtNameHere\n|raw|InsrtNameHere's rating: 1538 &rarr; <strong>1561<\/strong><br \/>(+23 for winning)\n|raw|faertrw's rating: 1595 &rarr; <strong>1572<\/strong><br \/>(-23 for losing)\n|l|\u2606faertrw\n|c|\u2606InsrtNameHere|GG\n","uploadtime":1700045528,"views":18,"p1id":"insrtnamehere","p2id":"faertrw","formatid":"gen9doublesou","rating":1561,"private":0,"password":""}