{"id":"gen9doublesou-1999287394","p1":"klaylton","p2":"Zulneily","format":"[Gen 9] Doubles OU","log":"|j|\u2606klaylton\n|j|\u2606Zulneily\n|t:|1701055355\n|gametype|doubles\n|player|p1|klaylton|aaron|1270\n|player|p2|Zulneily|hilda-wonderlauncher|1292\n|teamsize|p1|3\n|teamsize|p2|6\n|gen|9\n|tier|[Gen 9] Doubles OU\n|rated|\n|rule|Species Clause: Limit one of each Pok\u00e9mon\n|rule|OHKO Clause: OHKO moves are banned\n|rule|Evasion Moves Clause: Evasion moves are banned\n|rule|Gravity Sleep Clause: The combination of sleep-inducing moves with imperfect accuracy and Gravity or Gigantamax Orbeetle are banned\n|rule|Endless Battle Clause: Forcing endless battles is banned\n|rule|HP Percentage Mod: HP is shown in percentages\n|clearpoke\n|poke|p1|Chien-Pao|\n|poke|p1|Kingambit, F|\n|poke|p1|Grimmsnarl, M|\n|poke|p2|Cinderace, M|\n|poke|p2|Chien-Pao|\n|poke|p2|Indeedee-F, F|\n|poke|p2|Amoonguss, M|\n|poke|p2|Flutter Mane|\n|poke|p2|Palafin, M|\n|teampreview\n|\n|t:|1701055367\n|start\n|switch|p1a: Grimmsnarl|Grimmsnarl, M|100\/100\n|switch|p1b: Kingambit|Kingambit, F|100\/100\n|switch|p2a: Indeedee|Indeedee-F, F|100\/100\n|switch|p2b: Flutter Mane|Flutter Mane|100\/100\n|-fieldstart|move: Psychic Terrain|[from] ability: Psychic Surge|[of] p2a: Indeedee\n|-enditem|p2b: Flutter Mane|Booster Energy\n|-activate|p2b: Flutter Mane|ability: Protosynthesis|[fromitem]\n|-start|p2b: Flutter Mane|protosynthesisspe\n|turn|1\n|\n|t:|1701055379\n|move|p2a: Indeedee|Helping Hand|p2b: Flutter Mane\n|-singleturn|p2b: Flutter Mane|Helping Hand|[of] p2a: Indeedee\n|move|p1a: Grimmsnarl|Misty Terrain|p1a: Grimmsnarl\n|-fieldstart|move: Misty Terrain\n|move|p2b: Flutter Mane|Dazzling Gleam|p1b: Kingambit|[spread] p1a,p1b\n|-supereffective|p1a: Grimmsnarl\n|-damage|p1a: Grimmsnarl|0 fnt\n|-damage|p1b: Kingambit|46\/100\n|faint|p1a: Grimmsnarl\n|move|p1b: Kingambit|Swords Dance|p1b: Kingambit\n|-boost|p1b: Kingambit|atk|2\n|\n|upkeep\n|\n|t:|1701055388\n|switch|p1a: Chien-Pao|Chien-Pao|100\/100\n|-ability|p1a: Chien-Pao|Sword of Ruin\n|turn|2\n|\n|t:|1701055396\n|switch|p2a: Palafin|Palafin, M|100\/100\n|move|p2b: Flutter Mane|Protect|p2b: Flutter Mane\n|-singleturn|p2b: Flutter Mane|Protect\n|move|p1b: Kingambit|Sucker Punch||[still]\n|-fail|p1b: Kingambit\n|move|p1a: Chien-Pao|Sacred Sword|p2a: Palafin\n|-damage|p2a: Palafin|45\/100\n|\n|upkeep\n|turn|3\n|\n|t:|1701055414\n|detailschange|p2a: Palafin|Palafin-Hero, M\n|switch|p2a: Indeedee|Indeedee-F, F|100\/100\n|-fieldstart|move: Psychic Terrain|[from] ability: Psychic Surge|[of] p2a: Indeedee\n|move|p1b: Kingambit|Sucker Punch|p2b: Flutter Mane\n|-activate|p2b: Flutter Mane|move: Psychic Terrain\n|move|p2b: Flutter Mane|Dazzling Gleam|p1a: Chien-Pao|[spread] p1a,p1b\n|-supereffective|p1a: Chien-Pao\n|-enditem|p1a: Chien-Pao|Focus Sash\n|-damage|p1a: Chien-Pao|1\/100\n|-damage|p1b: Kingambit|10\/100\n|move|p1a: Chien-Pao|Ice Spinner|p2a: Indeedee\n|-damage|p2a: Indeedee|30\/100\n|-fieldend|move: Psychic Terrain\n|\n|upkeep\n|turn|4\n|\n|t:|1701055436\n|switch|p2a: Palafin|Palafin-Hero, M|45\/100\n|-activate|p2a: Palafin|ability: Zero to Hero\n|move|p2b: Flutter Mane|Protect|p2b: Flutter Mane\n|-singleturn|p2b: Flutter Mane|Protect\n|move|p1b: Kingambit|Sucker Punch||[still]\n|-fail|p1b: Kingambit\n|move|p1a: Chien-Pao|Sacred Sword|p2a: Palafin\n|-damage|p2a: Palafin|2\/100\n|\n|upkeep\n|turn|5\n|\n|t:|1701055450\n|switch|p2a: Indeedee|Indeedee-F, F|30\/100\n|-fieldstart|move: Psychic Terrain|[from] ability: Psychic Surge|[of] p2a: Indeedee\n|move|p1a: Chien-Pao|Sucker Punch||[still]\n|-fail|p1a: Chien-Pao\n|move|p1b: Kingambit|Sucker Punch|p2b: Flutter Mane\n|-activate|p2b: Flutter Mane|move: Psychic Terrain\n|move|p2b: Flutter Mane|Dazzling Gleam|p1b: Kingambit|[spread] p1a,p1b\n|-supereffective|p1a: Chien-Pao\n|-damage|p1a: Chien-Pao|0 fnt\n|-damage|p1b: Kingambit|0 fnt\n|faint|p1a: Chien-Pao\n|faint|p1b: Kingambit\n|\n|win|Zulneily\n|raw|klaylton's rating: 1270 &rarr; <strong>1247<\/strong><br \/>(-23 for losing)\n|raw|Zulneily's rating: 1292 &rarr; <strong>1315<\/strong><br \/>(+23 for winning)\n|l|\u2606klaylton\n","uploadtime":1701055469,"views":6,"p1id":"klaylton","p2id":"zulneily","formatid":"gen9doublesou","rating":1247,"private":0,"password":""}