{"id":"gen9doublesou-1989175094","p1":"Toxigen","p2":"KeanuVGC","format":"[Gen 9] Doubles OU","log":"|j|\u2606Toxigen\n|j|\u2606KeanuVGC\n|t:|1699820140\n|gametype|doubles\n|player|p1|Toxigen|#dpl9spectralthieves|\n|player|p2|KeanuVGC|serena-anime|\n|teamsize|p1|6\n|teamsize|p2|6\n|gen|9\n|tier|[Gen 9] Doubles OU\n|rule|Species Clause: Limit one of each Pok\u00e9mon\n|rule|OHKO Clause: OHKO moves are banned\n|rule|Evasion Moves Clause: Evasion moves are banned\n|rule|Gravity Sleep Clause: The combination of sleep-inducing moves with imperfect accuracy and Gravity or Gigantamax Orbeetle are banned\n|rule|Endless Battle Clause: Forcing endless battles is banned\n|rule|HP Percentage Mod: HP is shown in percentages\n|clearpoke\n|poke|p1|Gholdengo|\n|poke|p1|Ogerpon-Wellspring, F|\n|poke|p1|Flutter Mane|\n|poke|p1|Roaring Moon|\n|poke|p1|Iron Hands|\n|poke|p1|Landorus-Therian, M|\n|poke|p2|Pawmot, F|\n|poke|p2|Basculegion-F, F|\n|poke|p2|Cresselia, F|\n|poke|p2|Staraptor, F|\n|poke|p2|Ursaluna, M|\n|poke|p2|Kingambit, M|\n|teampreview\n|inactive|Battle timer is ON: inactive players will automatically lose when time's up. (requested by Toxigen)\n|c|\u2606Toxigen|hf\n|c|\u2606KeanuVGC|u2\n|inactive|Toxigen has 270 seconds left.\n|inactive|KeanuVGC has 270 seconds left.\n|j| Papiloco\n|j| Entrocefalo\n|c|\u2606KeanuVGC|we do a lil bit of trolling\n|j| R4ye\n|j| SEROO@!\n|j| luisin\n|inactive|Toxigen has 240 seconds left.\n|j| goodbyehope\n|j| Waffle2O23\n|j| ratpacker\n|j| MADARAAAA\n|inactive|Toxigen has 210 seconds left.\n|\n|t:|1699820237\n|start\n|switch|p1a: Flutter Mane|Flutter Mane|100\/100\n|switch|p1b: Iron Hands|Iron Hands|100\/100\n|switch|p2a: Staraptor|Staraptor, F|100\/100\n|switch|p2b: Cresselia|Cresselia, F|100\/100\n|-ability|p2a: Staraptor|Intimidate|boost\n|-unboost|p1a: Flutter Mane|atk|1\n|-unboost|p1b: Iron Hands|atk|1\n|turn|1\n|j|+ryo yamada2001\n|l| luisin\n|j| IwantKEANU2sitonme\n|j| F3rrari450\n|inactive|Toxigen has 270 seconds left.\n|\n|t:|1699820262\n|move|p1b: Iron Hands|Fake Out|p2a: Staraptor\n|-damage|p2a: Staraptor|88\/100\n|cant|p2a: Staraptor|flinch\n|move|p1a: Flutter Mane|Dazzling Gleam|p2a: Staraptor|[spread] p2a,p2b\n|-damage|p2a: Staraptor|25\/100\n|-damage|p2b: Cresselia|70\/100\n|move|p2b: Cresselia|Trick Room|p2b: Cresselia\n|-fieldstart|move: Trick Room|[of] p2b: Cresselia\n|\n|upkeep\n|turn|2\n|\n|t:|1699820276\n|move|p1b: Iron Hands|Swords Dance|p1b: Iron Hands\n|-boost|p1b: Iron Hands|atk|2\n|move|p2b: Cresselia|Lunar Blessing|p2b: Cresselia|[spread] p2a,p2b\n|-heal|p2a: Staraptor|50\/100\n|-heal|p2b: Cresselia|95\/100\n|move|p1a: Flutter Mane|Dazzling Gleam|p2a: Staraptor|[spread] p2a,p2b\n|-damage|p2a: Staraptor|0 fnt\n|-damage|p2b: Cresselia|68\/100\n|faint|p2a: Staraptor\n|\n|upkeep\n|\n|t:|1699820285\n|switch|p2a: Ursaluna|Ursaluna, M|100\/100\n|turn|3\n|j| theyummybagel\n|c|\u2606KeanuVGC|alr then\n|c|\u2606KeanuVGC|lets have some fun\n|inactive|Toxigen has 270 seconds left.\n|l| IwantKEANU2sitonme\n|j| Grandmas Cookin\n|\n|t:|1699820320\n|-end|p1a: Flutter Mane|Protosynthesis|[silent]\n|switch|p1a: Landorus|Landorus-Therian, M|100\/100\n|-ability|p1a: Landorus|Intimidate|boost\n|-unboost|p2a: Ursaluna|atk|1\n|-unboost|p2b: Cresselia|atk|1\n|-terastallize|p2a: Ursaluna|Poison\n|move|p2a: Ursaluna|Swords Dance|p2a: Ursaluna\n|-boost|p2a: Ursaluna|atk|2\n|move|p1b: Iron Hands|Fire Punch|p2a: Ursaluna\n|-damage|p2a: Ursaluna|72\/100\n|move|p2b: Cresselia|Lunar Blessing|p2b: Cresselia|[spread] p2a,p2b\n|-heal|p2a: Ursaluna|97\/100\n|-heal|p2b: Cresselia|93\/100\n|\n|-status|p2a: Ursaluna|brn|[from] item: Flame Orb\n|upkeep\n|turn|4\n|l| theyummybagel\n|inactive|Toxigen has 270 seconds left.\n|inactive|KeanuVGC has 270 seconds left.\n|c|\u2606KeanuVGC|\/log KeanuVGC made this room public.\n|inactive|Toxigen has 240 seconds left.\n|inactive|KeanuVGC has 240 seconds left.\n|\n|t:|1699820397\n|move|p2a: Ursaluna|Facade|p1b: Iron Hands\n|-damage|p1b: Iron Hands|0 fnt\n|faint|p1b: Iron Hands\n|-end|p1b: Iron Hands|Quark Drive|[silent]\n|move|p2b: Cresselia|Ice Beam|p1a: Landorus\n|-supereffective|p1a: Landorus\n|-damage|p1a: Landorus|37\/100\n|-enditem|p1a: Landorus|Sitrus Berry|[eat]\n|-heal|p1a: Landorus|61\/100|[from] item: Sitrus Berry\n|move|p1a: Landorus|Sandsear Storm|p2a: Ursaluna|[spread] p2a\n|-immune|p2b: Cresselia|[from] ability: Levitate\n|-supereffective|p2a: Ursaluna\n|-damage|p2a: Ursaluna|52\/100 brn\n|\n|-damage|p2a: Ursaluna|46\/100 brn|[from] brn\n|upkeep\n|j| Enzonana\n|l| ratpacker\n|inactive|Toxigen has 210 seconds left.\n|\n|t:|1699820452\n|switch|p1b: Ogerpon|Ogerpon-Wellspring, F|100\/100\n|turn|5\n|j| Amaranth\n|inactive|KeanuVGC has 240 seconds left.\n|\n|t:|1699820484\n|switch|p1a: Flutter Mane|Flutter Mane|100\/100\n|switch|p1b: Gholdengo|Gholdengo|100\/100\n|move|p2a: Ursaluna|Facade|p1a: Flutter Mane\n|-immune|p1a: Flutter Mane\n|move|p2b: Cresselia|Lunar Blessing|p2b: Cresselia|[spread] p2a,p2b\n|-heal|p2a: Ursaluna|71\/100 brn\n|-curestatus|p2a: Ursaluna|brn|[msg]\n|-heal|p2b: Cresselia|100\/100\n|\n|-fieldend|move: Trick Room\n|-status|p2a: Ursaluna|brn|[from] item: Flame Orb\n|upkeep\n|turn|6\n|inactive|Toxigen has 180 seconds left.\n|\n|t:|1699820534\n|-end|p1a: Flutter Mane|Protosynthesis|[silent]\n|switch|p1a: Ogerpon|Ogerpon-Wellspring, F|100\/100\n|move|p1b: Gholdengo|Nasty Plot|p1b: Gholdengo\n|-boost|p1b: Gholdengo|spa|2\n|move|p2a: Ursaluna|Earthquake|p1a: Ogerpon|[spread] p1a,p1b\n|-immune|p2b: Cresselia|[from] ability: Levitate\n|-resisted|p1a: Ogerpon\n|-supereffective|p1b: Gholdengo\n|-damage|p1a: Ogerpon|50\/100\n|-damage|p1b: Gholdengo|0 fnt\n|faint|p1b: Gholdengo\n|move|p2b: Cresselia|Trick Room|p2b: Cresselia\n|-fieldstart|move: Trick Room|[of] p2b: Cresselia\n|\n|-damage|p2a: Ursaluna|64\/100 brn|[from] brn\n|upkeep\n|\n|t:|1699820549\n|switch|p1b: Flutter Mane|Flutter Mane|100\/100\n|turn|7\n|inactive|KeanuVGC has 270 seconds left.\n|\n|t:|1699820595\n|move|p1a: Ogerpon|Follow Me|p1a: Ogerpon\n|-singleturn|p1a: Ogerpon|move: Follow Me\n|move|p2a: Ursaluna|Swords Dance|p2a: Ursaluna\n|-boost|p2a: Ursaluna|atk|2\n|move|p2b: Cresselia|Lunar Blessing|p2b: Cresselia|[spread] p2a,p2b\n|-heal|p2a: Ursaluna|89\/100 brn\n|-curestatus|p2a: Ursaluna|brn|[msg]\n|move|p1b: Flutter Mane|Shadow Ball|p2a: Ursaluna\n|-damage|p2a: Ursaluna|40\/100\n|-unboost|p2a: Ursaluna|spd|1\n|\n|-status|p2a: Ursaluna|brn|[from] item: Flame Orb\n|upkeep\n|turn|8\n|inactive|Toxigen has 180 seconds left.\n|\n|t:|1699820610\n|switch|p1a: Landorus|Landorus-Therian, M|61\/100\n|-ability|p1a: Landorus|Intimidate|boost\n|-unboost|p2a: Ursaluna|atk|1\n|-unboost|p2b: Cresselia|atk|1\n|move|p2a: Ursaluna|Earthquake|p1a: Landorus|[spread] p1b\n|-immune|p2b: Cresselia|[from] ability: Levitate\n|-immune|p1a: Landorus\n|-damage|p1b: Flutter Mane|0 fnt\n|faint|p1b: Flutter Mane\n|-end|p1b: Flutter Mane|Protosynthesis|[silent]\n|move|p2b: Cresselia|Ice Beam|p1a: Landorus\n|-supereffective|p1a: Landorus\n|-damage|p1a: Landorus|0 fnt\n|faint|p1a: Landorus\n|\n|-damage|p2a: Ursaluna|33\/100 brn|[from] brn\n|upkeep\n|-message|Toxigen forfeited.\n|\n|win|KeanuVGC\n|l|\u2606Toxigen\n|c|\u2606KeanuVGC|gg\n|l| SEROO\n|l| F3rrari450\n|l| Enzonana\n|l| Papiloco\n|l| Waffle2O23\n","uploadtime":1699820656,"views":160,"p1id":"toxigen","p2id":"keanuvgc","formatid":"gen9doublesou","rating":0,"private":0,"password":""}