{"id":"gen9doublesou-1974414989","p1":"mikeyuwu","p2":"Lugiakyroke54","format":"[Gen 9] Doubles OU","log":"|j|\u2606mikeyuwu\n|j|\u2606Lugiakyroke54\n|t:|1698085128\n|gametype|doubles\n|player|p1|mikeyuwu|psychic-gen4|1278\n|player|p2|Lugiakyroke54|skyla|1282\n|teamsize|p1|6\n|teamsize|p2|6\n|gen|9\n|tier|[Gen 9] Doubles OU\n|rated|\n|rule|Species Clause: Limit one of each Pok\u00e9mon\n|rule|OHKO Clause: OHKO moves are banned\n|rule|Evasion Moves Clause: Evasion moves are banned\n|rule|Gravity Sleep Clause: The combination of sleep-inducing moves with imperfect accuracy and Gravity or Gigantamax Orbeetle are banned\n|rule|Endless Battle Clause: Forcing endless battles is banned\n|rule|HP Percentage Mod: HP is shown in percentages\n|clearpoke\n|poke|p1|Garchomp, M|\n|poke|p1|Tyranitar, F|\n|poke|p1|Vaporeon, F|\n|poke|p1|Toxicroak, M|\n|poke|p1|Pelipper, F|\n|poke|p1|Abomasnow, M|\n|poke|p2|Ursaluna, F|\n|poke|p2|Farigiraf, F|\n|poke|p2|Ninetales-Alola, F|\n|poke|p2|Rillaboom, F|\n|poke|p2|Heatran, M|\n|poke|p2|Milotic, F|\n|teampreview\n|\n|t:|1698085135\n|start\n|switch|p1a: OTLHPM|Toxicroak, M|100\/100\n|switch|p1b: Harmacy|Vaporeon, F|100\/100\n|switch|p2a: Ninetales|Ninetales-Alola, F|100\/100\n|switch|p2b: Farigiraf|Farigiraf, F|100\/100\n|-weather|Snow|[from] ability: Snow Warning|[of] p2a: Ninetales\n|turn|1\n|\n|t:|1698085155\n|switch|p1a: ThcrThnSnkr|Tyranitar, F|100\/100\n|-weather|Sandstorm|[from] ability: Sand Stream|[of] p1a: ThcrThnSnkr\n|move|p2a: Ninetales|Aurora Veil||[still]\n|-fail|p2a: Ninetales\n|move|p1b: Harmacy|Weather Ball|p2a: Ninetales\n|-supereffective|p2a: Ninetales\n|-damage|p2a: Ninetales|45\/100\n|move|p2b: Farigiraf|Dazzling Gleam|p1b: Harmacy|[spread] p1a,p1b\n|-supereffective|p1a: ThcrThnSnkr\n|-damage|p1a: ThcrThnSnkr|91\/100\n|-damage|p1b: Harmacy|89\/100\n|\n|-weather|Sandstorm|[upkeep]\n|-damage|p2a: Ninetales|40\/100|[from] Sandstorm\n|-damage|p1b: Harmacy|83\/100|[from] Sandstorm\n|-damage|p2b: Farigiraf|94\/100|[from] Sandstorm\n|-heal|p1b: Harmacy|89\/100|[from] item: Leftovers\n|upkeep\n|turn|2\n|\n|t:|1698085180\n|switch|p2a: Ursaluna|Ursaluna, F|100\/100\n|move|p1a: ThcrThnSnkr|Knock Off|p2b: Farigiraf\n|-supereffective|p2b: Farigiraf\n|-damage|p2b: Farigiraf|2\/100\n|-enditem|p2b: Farigiraf|Mental Herb|[from] move: Knock Off|[of] p1a: ThcrThnSnkr\n|move|p1b: Harmacy|Icy Wind|p2b: Farigiraf|[spread] p2a,p2b\n|-supereffective|p2a: Ursaluna\n|-damage|p2a: Ursaluna|81\/100\n|-damage|p2b: Farigiraf|0 fnt\n|-unboost|p2a: Ursaluna|spe|1\n|faint|p2b: Farigiraf\n|\n|-weather|Sandstorm|[upkeep]\n|-damage|p1b: Harmacy|83\/100|[from] Sandstorm\n|-heal|p1b: Harmacy|89\/100|[from] item: Leftovers\n|-status|p2a: Ursaluna|brn|[from] item: Flame Orb\n|upkeep\n|\n|t:|1698085188\n|switch|p2b: Ninetales|Ninetales-Alola, F|40\/100\n|-weather|Snow|[from] ability: Snow Warning|[of] p2b: Ninetales\n|turn|3\n|\n|t:|1698085195\n|switch|p1a: Weather War|Pelipper, F|100\/100\n|-weather|RainDance|[from] ability: Drizzle|[of] p1a: Weather War\n|move|p2b: Ninetales|Aurora Veil||[still]\n|-fail|p2b: Ninetales\n|move|p1b: Harmacy|Weather Ball|p2a: Ursaluna\n|-supereffective|p2a: Ursaluna\n|-damage|p2a: Ursaluna|0 fnt\n|faint|p2a: Ursaluna\n|\n|-weather|RainDance|[upkeep]\n|-heal|p1b: Harmacy|95\/100|[from] item: Leftovers\n|upkeep\n|\n|t:|1698085210\n|switch|p2a: Rillaboom|Rillaboom, F|100\/100\n|-fieldstart|move: Grassy Terrain|[from] ability: Grassy Surge|[of] p2a: Rillaboom\n|turn|4\n|\n|t:|1698085231\n|-terastallize|p2a: Rillaboom|Grass\n|move|p2b: Ninetales|Ice Shard|p1a: Weather War\n|-damage|p1a: Weather War|94\/100\n|move|p2a: Rillaboom|Grassy Glide|p1b: Harmacy\n|-supereffective|p1b: Harmacy\n|-damage|p1b: Harmacy|0 fnt\n|faint|p1b: Harmacy\n|move|p1a: Weather War|Hurricane|p2a: Rillaboom\n|-supereffective|p2a: Rillaboom\n|-damage|p2a: Rillaboom|11\/100\n|-start|p2a: Rillaboom|confusion\n|\n|-weather|RainDance|[upkeep]\n|-heal|p2b: Ninetales|45\/100|[from] Grassy Terrain\n|-heal|p2a: Rillaboom|17\/100|[from] Grassy Terrain\n|upkeep\n|\n|t:|1698085239\n|switch|p1b: OTLHPM|Toxicroak, M|100\/100\n|turn|5\n|\n|t:|1698085249\n|-activate|p2a: Rillaboom|confusion\n|-damage|p2a: Rillaboom|0 fnt|[from] confusion\n|faint|p2a: Rillaboom\n|move|p2b: Ninetales|Moonblast|p1b: OTLHPM\n|-damage|p1b: OTLHPM|55\/100\n|move|p1b: OTLHPM|Poison Jab|p2b: Ninetales\n|-supereffective|p2b: Ninetales\n|-damage|p2b: Ninetales|0 fnt\n|faint|p2b: Ninetales\n|move|p1a: Weather War|Hurricane|p2: Rillaboom|[notarget]\n|-fail|p1a: Weather War\n|\n|-weather|RainDance|[upkeep]\n|-heal|p1b: OTLHPM|67\/100|[from] ability: Dry Skin\n|-heal|p1b: OTLHPM|73\/100|[from] Grassy Terrain\n|-heal|p1b: OTLHPM|80\/100|[from] item: Black Sludge\n|upkeep\n|\n|t:|1698085254\n|switch|p2b: Milotic|Milotic, F|100\/100\n|switch|p2a: Heatran|Heatran, M|100\/100\n|turn|6\n|c|\u2606mikeyuwu|Gg\n|\n|t:|1698085287\n|move|p1b: OTLHPM|Earthquake|p2a: Heatran|[spread] p2a,p2b\n|-immune|p1a: Weather War\n|-supereffective|p2a: Heatran\n|-damage|p2a: Heatran|62\/100\n|-damage|p2b: Milotic|87\/100\n|move|p2b: Milotic|Scald|p1b: OTLHPM\n|-heal|p1b: OTLHPM|100\/100|[from] ability: Dry Skin|[of] p2b: Milotic\n|move|p2a: Heatran|Earth Power|p1b: OTLHPM\n|-supereffective|p1b: OTLHPM\n|-damage|p1b: OTLHPM|19\/100\n|move|p1a: Weather War|Hurricane|p2b: Milotic\n|-damage|p2b: Milotic|66\/100\n|\n|-weather|RainDance|[upkeep]\n|-heal|p1b: OTLHPM|32\/100|[from] ability: Dry Skin\n|-heal|p1b: OTLHPM|38\/100|[from] Grassy Terrain\n|-heal|p1b: OTLHPM|44\/100|[from] item: Black Sludge\n|-heal|p2b: Milotic|72\/100|[from] Grassy Terrain\n|-heal|p2a: Heatran|68\/100|[from] Grassy Terrain\n|-status|p2b: Milotic|brn|[from] item: Flame Orb\n|upkeep\n|turn|7\n|\n|t:|1698085302\n|move|p1b: OTLHPM|Drain Punch|p2a: Heatran\n|-supereffective|p2a: Heatran\n|-damage|p2a: Heatran|9\/100\n|-heal|p1b: OTLHPM|78\/100|[from] drain|[of] p2a: Heatran\n|move|p2a: Heatran|Flash Cannon|p1a: Weather War\n|-resisted|p1a: Weather War\n|-damage|p1a: Weather War|60\/100\n|move|p1a: Weather War|Hurricane|p2b: Milotic\n|-damage|p2b: Milotic|52\/100 brn\n|-start|p2b: Milotic|confusion\n|-activate|p2b: Milotic|confusion\n|move|p2b: Milotic|Mirror Coat|p1a: Weather War\n|-damage|p1a: Weather War|10\/100\n|\n|-weather|none\n|-heal|p1b: OTLHPM|84\/100|[from] Grassy Terrain\n|-heal|p1b: OTLHPM|91\/100|[from] item: Black Sludge\n|-heal|p2b: Milotic|58\/100 brn|[from] Grassy Terrain\n|-heal|p2a: Heatran|15\/100|[from] Grassy Terrain\n|-damage|p2b: Milotic|52\/100 brn|[from] brn\n|upkeep\n|turn|8\n|-message|Lugiakyroke54 forfeited.\n|\n|win|mikeyuwu\n|raw|mikeyuwu's rating: 1278 &rarr; <strong>1303<\/strong><br \/>(+25 for winning)\n|raw|Lugiakyroke54's rating: 1282 &rarr; <strong>1257<\/strong><br \/>(-25 for losing)\n|l|\u2606Lugiakyroke54\n","uploadtime":1698085323,"views":12,"p1id":"mikeyuwu","p2id":"lugiakyroke54","formatid":"gen9doublesou","rating":1257,"private":0,"password":""}