{"id":"gen9doublesou-1969022278","p1":"golfo24","p2":"Dabistopro","format":"[Gen 9] Doubles OU","log":"|j|\u2606golfo24\n|j|\u2606Dabistopro\n|t:|1697483511\n|gametype|doubles\n|player|p1|golfo24|170|\n|player|p2|Dabistopro|hilbert|\n|teamsize|p1|6\n|teamsize|p2|6\n|gen|9\n|tier|[Gen 9] Doubles OU\n|rule|Species Clause: Limit one of each Pok\u00e9mon\n|rule|OHKO Clause: OHKO moves are banned\n|rule|Evasion Moves Clause: Evasion moves are banned\n|rule|Gravity Sleep Clause: The combination of sleep-inducing moves with imperfect accuracy and Gravity or Gigantamax Orbeetle are banned\n|rule|Endless Battle Clause: Forcing endless battles is banned\n|rule|HP Percentage Mod: HP is shown in percentages\n|clearpoke\n|poke|p1|Torkoal, M|\n|poke|p1|Amoonguss, F|\n|poke|p1|Garganacl, M|\n|poke|p1|Chien-Pao|\n|poke|p1|Flutter Mane|\n|poke|p1|Gastrodon-East, M|\n|poke|p2|Ogerpon-Wellspring, F|\n|poke|p2|Iron Hands|\n|poke|p2|Gyarados, M|\n|poke|p2|Chi-Yu|\n|poke|p2|Sinistcha|\n|poke|p2|Tornadus, M|\n|teampreview\n|inactive|Battle timer is ON: inactive players will automatically lose when time's up. (requested by Dabistopro)\n|inactiveoff|Battle timer is now OFF.\n|\n|t:|1697483762\n|start\n|switch|p1a: Torkoal|Torkoal, M|100\/100\n|switch|p1b: Chien-Pao|Chien-Pao|100\/100\n|switch|p2a: Gyarados|Gyarados, M, shiny|100\/100\n|switch|p2b: JARIYAMADELFUTURO|Iron Hands|100\/100\n|-ability|p1b: Chien-Pao|Sword of Ruin\n|-ability|p2a: Gyarados|Intimidate|boost\n|-unboost|p1a: Torkoal|atk|1\n|-unboost|p1b: Chien-Pao|atk|1\n|-weather|SunnyDay|[from] ability: Drought|[of] p1a: Torkoal\n|turn|1\n|\n|t:|1697483841\n|switch|p2a: Tornadus|Tornadus, M|100\/100\n|move|p1a: Torkoal|Protect|p1a: Torkoal\n|-singleturn|p1a: Torkoal|Protect\n|move|p2b: JARIYAMADELFUTURO|Fake Out|p1a: Torkoal\n|-activate|p1a: Torkoal|move: Protect\n|move|p1b: Chien-Pao|Ice Spinner|p2a: Tornadus\n|-supereffective|p2a: Tornadus\n|-damage|p2a: Tornadus|29\/100\n|\n|-weather|SunnyDay|[upkeep]\n|upkeep\n|turn|2\n|\n|t:|1697483888\n|-end|p2b: JARIYAMADELFUTURO|Quark Drive|[silent]\n|switch|p2b: Gyarados|Gyarados, M, shiny|100\/100\n|-ability|p2b: Gyarados|Intimidate|boost\n|-unboost|p1a: Torkoal|atk|1\n|-unboost|p1b: Chien-Pao|atk|1\n|move|p2a: Tornadus|Protect|p2a: Tornadus\n|-singleturn|p2a: Tornadus|Protect\n|move|p1b: Chien-Pao|Ice Spinner|p2a: Tornadus\n|-activate|p2a: Tornadus|move: Protect\n|move|p1a: Torkoal|Solar Beam||[still]\n|-prepare|p1a: Torkoal|Solar Beam\n|-anim|p1a: Torkoal|Solar Beam|p2b: Gyarados\n|-damage|p2b: Gyarados|81\/100\n|\n|-weather|SunnyDay|[upkeep]\n|upkeep\n|turn|3\n|\n|t:|1697483986\n|switch|p2a: Chi-Yu|Chi-Yu|100\/100\n|-ability|p2a: Chi-Yu|Beads of Ruin\n|move|p1b: Chien-Pao|Ice Spinner|p2b: Gyarados\n|-damage|p2b: Gyarados|59\/100\n|move|p2b: Gyarados|Thunder Wave|p1a: Torkoal\n|-status|p1a: Torkoal|par\n|move|p1a: Torkoal|Heat Wave|p2a: Chi-Yu|[spread] p2a,p2b\n|-resisted|p2a: Chi-Yu\n|-resisted|p2b: Gyarados\n|-damage|p2a: Chi-Yu|79\/100\n|-damage|p2b: Gyarados|40\/100\n|-enditem|p2b: Gyarados|Sitrus Berry|[eat]\n|-heal|p2b: Gyarados|64\/100|[from] item: Sitrus Berry\n|\n|-weather|SunnyDay|[upkeep]\n|upkeep\n|turn|4\n|\n|t:|1697484118\n|-terastallize|p1a: Torkoal|Grass\n|move|p1b: Chien-Pao|Protect|p1b: Chien-Pao\n|-singleturn|p1b: Chien-Pao|Protect\n|move|p2a: Chi-Yu|Heat Wave|p1a: Torkoal|[spread] p1a\n|-activate|p1b: Chien-Pao|move: Protect\n|-supereffective|p1a: Torkoal\n|-damage|p1a: Torkoal|0 fnt\n|faint|p1a: Torkoal\n|-damage|p2a: Chi-Yu|70\/100|[from] item: Life Orb\n|move|p2b: Gyarados|Waterfall|p1b: Chien-Pao\n|-activate|p1b: Chien-Pao|move: Protect\n|\n|-weather|SunnyDay|[upkeep]\n|upkeep\n|\n|t:|1697484141\n|switch|p1a: Gastrodon|Gastrodon-East, M, shiny|100\/100\n|turn|5\n|\n|t:|1697484193\n|switch|p2b: Sinistcha|Sinistcha|100\/100\n|-heal|p2a: Chi-Yu|95\/100|[from] ability: Hospitality|[of] p2b: Sinistcha\n|move|p1b: Chien-Pao|Ice Spinner|p2b: Sinistcha\n|-supereffective|p2b: Sinistcha\n|-damage|p2b: Sinistcha|64\/100\n|-damage|p1b: Chien-Pao|84\/100|[from] item: Rocky Helmet|[of] p2b: Sinistcha\n|move|p2a: Chi-Yu|Heat Wave|p1b: Chien-Pao|[spread] p1a,p1b\n|-resisted|p1a: Gastrodon\n|-supereffective|p1b: Chien-Pao\n|-damage|p1a: Gastrodon|59\/100\n|-damage|p1b: Chien-Pao|0 fnt\n|faint|p1b: Chien-Pao\n|-damage|p2a: Chi-Yu|85\/100|[from] item: Life Orb\n|move|p1a: Gastrodon|Earth Power|p2a: Chi-Yu\n|-supereffective|p2a: Chi-Yu\n|-damage|p2a: Chi-Yu|8\/100\n|\n|-weather|SunnyDay|[upkeep]\n|upkeep\n|\n|t:|1697484221\n|switch|p1b: Flutter Mane|Flutter Mane|100\/100\n|-activate|p1b: Flutter Mane|ability: Protosynthesis\n|-start|p1b: Flutter Mane|protosynthesisspe\n|turn|6\n|\n|t:|1697484234\n|-terastallize|p2b: Sinistcha|Fire\n|move|p2a: Chi-Yu|Protect|p2a: Chi-Yu\n|-singleturn|p2a: Chi-Yu|Protect\n|move|p1b: Flutter Mane|Shadow Ball|p2b: Sinistcha\n|-damage|p2b: Sinistcha|0 fnt\n|faint|p2b: Sinistcha\n|move|p1a: Gastrodon|Muddy Water|p2a: Chi-Yu\n|-activate|p2a: Chi-Yu|move: Protect\n|\n|-weather|SunnyDay|[upkeep]\n|upkeep\n|\n|t:|1697484245\n|switch|p2b: Tornadus|Tornadus, M|29\/100\n|turn|7\n|\n|t:|1697484270\n|move|p2b: Tornadus|Tailwind|p2b: Tornadus\n|-sidestart|p2: Dabistopro|move: Tailwind\n|move|p2a: Chi-Yu|Heat Wave|p1a: Gastrodon|[spread] p1a\n|-miss|p2a: Chi-Yu|p1b: Flutter Mane\n|-resisted|p1a: Gastrodon\n|-damage|p1a: Gastrodon|17\/100\n|-damage|p2a: Chi-Yu|0 fnt|[from] item: Life Orb\n|faint|p2a: Chi-Yu\n|move|p1b: Flutter Mane|Shadow Ball|p2b: Tornadus\n|-damage|p2b: Tornadus|0 fnt\n|faint|p2b: Tornadus\n|move|p1a: Gastrodon|Muddy Water|p2: Chi-Yu|[notarget]\n|-fail|p1a: Gastrodon\n|\n|-weather|SunnyDay|[upkeep]\n|upkeep\n|\n|t:|1697484313\n|switch|p2a: JARIYAMADELFUTURO|Iron Hands|100\/100\n|switch|p2b: Ogerpon|Ogerpon-Wellspring, F|100\/100\n|turn|8\n|\n|t:|1697484413\n|move|p1a: Gastrodon|Protect|p1a: Gastrodon\n|-singleturn|p1a: Gastrodon|Protect\n|move|p1b: Flutter Mane|Shadow Ball|p2a: JARIYAMADELFUTURO\n|-damage|p2a: JARIYAMADELFUTURO|66\/100\n|move|p2b: Ogerpon|Swords Dance|p2b: Ogerpon\n|-boost|p2b: Ogerpon|atk|2\n|move|p2a: JARIYAMADELFUTURO|Drain Punch|p1a: Gastrodon\n|-activate|p1a: Gastrodon|move: Protect\n|\n|-weather|none\n|-end|p1b: Flutter Mane|Protosynthesis\n|upkeep\n|turn|9\n|\n|t:|1697484454\n|switch|p1a: Amoonguss|Amoonguss, F, shiny|100\/100\n|move|p2b: Ogerpon|Horn Leech|p1a: Amoonguss\n|-resisted|p1a: Amoonguss\n|-damage|p1a: Amoonguss|83\/100\n|-damage|p2b: Ogerpon|84\/100|[from] item: Rocky Helmet|[of] p1a: Amoonguss\n|move|p1b: Flutter Mane|Shadow Ball|p2a: JARIYAMADELFUTURO\n|-damage|p2a: JARIYAMADELFUTURO|34\/100\n|move|p2a: JARIYAMADELFUTURO|Heavy Slam|p1b: Flutter Mane\n|-supereffective|p1b: Flutter Mane\n|-damage|p1b: Flutter Mane|0 fnt\n|faint|p1b: Flutter Mane\n|-end|p1b: Flutter Mane|Protosynthesis|[silent]\n|\n|upkeep\n|\n|t:|1697484470\n|switch|p1b: Garganacl|Garganacl, M|100\/100\n|turn|10\n|\n|t:|1697484513\n|move|p1a: Amoonguss|Rage Powder|p1a: Amoonguss\n|-singleturn|p1a: Amoonguss|move: Rage Powder\n|move|p2b: Ogerpon|Horn Leech|p1b: Garganacl\n|-supereffective|p1b: Garganacl\n|-damage|p1b: Garganacl|0 fnt\n|-heal|p2b: Ogerpon|100\/100|[from] drain|[of] p1b: Garganacl\n|faint|p1b: Garganacl\n|move|p2a: JARIYAMADELFUTURO|Heavy Slam|p1a: Amoonguss\n|-damage|p1a: Amoonguss|50\/100\n|-damage|p2a: JARIYAMADELFUTURO|17\/100|[from] item: Rocky Helmet|[of] p1a: Amoonguss\n|\n|-sideend|p2: Dabistopro|move: Tailwind\n|upkeep\n|\n|t:|1697484527\n|switch|p1b: Gastrodon|Gastrodon-East, M, shiny|17\/100\n|turn|11\n|\n|t:|1697484558\n|-end|p2a: JARIYAMADELFUTURO|Quark Drive|[silent]\n|switch|p2a: Gyarados|Gyarados, M, shiny|64\/100\n|-ability|p2a: Gyarados|Intimidate|boost\n|-unboost|p1a: Amoonguss|atk|1\n|-unboost|p1b: Gastrodon|atk|1\n|move|p2b: Ogerpon|Horn Leech|p1b: Gastrodon\n|-supereffective|p1b: Gastrodon\n|-enditem|p1b: Gastrodon|Rindo Berry|[eat]\n|-enditem|p1b: Gastrodon|Rindo Berry|[weaken]\n|-damage|p1b: Gastrodon|0 fnt\n|faint|p1b: Gastrodon\n|move|p1a: Amoonguss|Spore|p2b: Ogerpon\n|-immune|p2b: Ogerpon\n|\n|upkeep\n|turn|12\n|\n|t:|1697484576\n|move|p2b: Ogerpon|Ivy Cudgel|p1a: Amoonguss\n|-resisted|p1a: Amoonguss\n|-damage|p1a: Amoonguss|0 fnt\n|faint|p1a: Amoonguss\n|\n|win|Dabistopro\n","uploadtime":1697484586,"views":24,"p1id":"golfo24","p2id":"dabistopro","formatid":"gen9doublesou","rating":0,"private":0,"password":""}