{"id":"gen9doublesou-1990205079","p1":"monkey_lover865","p2":"trentonbee","format":"[Gen 9] Doubles OU","log":"|j|\u2606monkey_lover865\n|j|\u2606trentonbee\n|t:|1699937097\n|gametype|doubles\n|player|p1|monkey_lover865|2|1000\n|player|p2|trentonbee|1|1094\n|teamsize|p1|6\n|teamsize|p2|6\n|gen|9\n|tier|[Gen 9] Doubles OU\n|rated|\n|rule|Species Clause: Limit one of each Pok\u00e9mon\n|rule|OHKO Clause: OHKO moves are banned\n|rule|Evasion Moves Clause: Evasion moves are banned\n|rule|Gravity Sleep Clause: The combination of sleep-inducing moves with imperfect accuracy and Gravity or Gigantamax Orbeetle are banned\n|rule|Endless Battle Clause: Forcing endless battles is banned\n|rule|HP Percentage Mod: HP is shown in percentages\n|clearpoke\n|poke|p1|Ambipom, F|\n|poke|p1|Primeape, M|\n|poke|p1|Infernape, F|\n|poke|p1|Rillaboom, F|\n|poke|p1|Oranguru, M|\n|poke|p1|Grafaiai, M|\n|poke|p2|Muk-Alola, F|\n|poke|p2|Scovillain, F|\n|poke|p2|Sinistcha-Masterpiece|\n|poke|p2|Flamigo, F|\n|poke|p2|Garganacl, M|\n|poke|p2|Grimmsnarl, M|\n|teampreview\n|\n|t:|1699937123\n|start\n|switch|p1a: Rillaboom|Rillaboom, F|100\/100\n|switch|p1b: Oranguru|Oranguru, M|100\/100\n|switch|p2a: greenbeancasserole|Scovillain, F|100\/100\n|switch|p2b: cranberry sauce|Muk-Alola, F, shiny|100\/100\n|-fieldstart|move: Grassy Terrain|[from] ability: Grassy Surge|[of] p1a: Rillaboom\n|-enditem|p1a: Rillaboom|Grassy Seed\n|-boost|p1a: Rillaboom|def|1|[from] item: Grassy Seed\n|-activate|p1b: Oranguru|ability: Symbiosis|Leftovers|[of] p1a: Rillaboom\n|turn|1\n|\n|t:|1699937143\n|move|p1a: Rillaboom|Fake Out|p2b: cranberry sauce\n|-damage|p2b: cranberry sauce|87\/100\n|move|p2a: greenbeancasserole|Overheat|p1a: Rillaboom\n|-supereffective|p1a: Rillaboom\n|-damage|p1a: Rillaboom|0 fnt\n|-unboost|p2a: greenbeancasserole|spa|2\n|faint|p1a: Rillaboom\n|move|p1b: Oranguru|Reflect|p1b: Oranguru\n|-sidestart|p1: monkey_lover865|Reflect\n|cant|p2b: cranberry sauce|flinch\n|\n|-heal|p2b: cranberry sauce|93\/100|[from] Grassy Terrain\n|-heal|p2b: cranberry sauce|99\/100|[from] item: Black Sludge\n|-ability|p2a: greenbeancasserole|Moody|boost\n|-boost|p2a: greenbeancasserole|spe|2\n|-unboost|p2a: greenbeancasserole|spa|1\n|upkeep\n|\n|t:|1699937153\n|switch|p1a: Grafaiai|Grafaiai, M|100\/100\n|turn|2\n|c|\u2606trentonbee|its thanks giving time\n|\n|t:|1699937187\n|move|p1a: Grafaiai|Switcheroo|p2a: greenbeancasserole\n|-activate|p1a: Grafaiai|move: Trick|[of] p2a: greenbeancasserole\n|-item|p2a: greenbeancasserole|Choice Band|[from] move: Switcheroo\n|-item|p1a: Grafaiai|Bright Powder|[from] move: Switcheroo\n|move|p2a: greenbeancasserole|Overheat|p1a: Grafaiai\n|-damage|p1a: Grafaiai|82\/100\n|-unboost|p2a: greenbeancasserole|spa|2\n|move|p1b: Oranguru|Light Screen|p1b: Oranguru\n|-sidestart|p1: monkey_lover865|move: Light Screen\n|move|p2b: cranberry sauce|Drain Punch|p1a: Grafaiai\n|-damage|p1a: Grafaiai|64\/100\n|-heal|p2b: cranberry sauce|100\/100|[from] drain|[of] p1a: Grafaiai\n|\n|-heal|p1a: Grafaiai|70\/100|[from] Grassy Terrain\n|-ability|p2a: greenbeancasserole|Moody|boost\n|-boost|p2a: greenbeancasserole|spa|2\n|-unboost|p2a: greenbeancasserole|atk|1\n|upkeep\n|turn|3\n|\n|t:|1699937212\n|move|p1a: Grafaiai|Parting Shot|p2a: greenbeancasserole\n|-unboost|p2a: greenbeancasserole|atk|1\n|-unboost|p2a: greenbeancasserole|spa|1\n|\n|t:|1699937220\n|switch|p1a: Infernape|Infernape, F|100\/100|[from] Parting Shot\n|move|p2a: greenbeancasserole|Overheat|p1a: Infernape\n|-resisted|p1a: Infernape\n|-damage|p1a: Infernape|92\/100\n|-unboost|p2a: greenbeancasserole|spa|2\n|move|p1b: Oranguru|Psychic|p2a: greenbeancasserole\n|-crit|p2a: greenbeancasserole\n|-damage|p2a: greenbeancasserole|34\/100\n|move|p2b: cranberry sauce|Knock Off|p1b: Oranguru\n|-supereffective|p1b: Oranguru\n|-damage|p1b: Oranguru|64\/100\n|\n|-heal|p2a: greenbeancasserole|40\/100|[from] Grassy Terrain\n|-heal|p1a: Infernape|98\/100|[from] Grassy Terrain\n|-heal|p1b: Oranguru|70\/100|[from] Grassy Terrain\n|-ability|p2a: greenbeancasserole|Moody|boost\n|-boost|p2a: greenbeancasserole|spa|2\n|-unboost|p2a: greenbeancasserole|atk|1\n|upkeep\n|turn|4\n|c|\u2606trentonbee|im seeing a lot of bizarre teams round this time\n|\n|t:|1699937249\n|move|p2a: greenbeancasserole|Overheat|p1b: Oranguru\n|-damage|p1b: Oranguru|64\/100\n|-unboost|p2a: greenbeancasserole|spa|2\n|move|p1a: Infernape|Aura Sphere|p2b: cranberry sauce\n|-damage|p2b: cranberry sauce|79\/100\n|move|p1b: Oranguru|Psychic|p2a: greenbeancasserole\n|-damage|p2a: greenbeancasserole|0 fnt\n|faint|p2a: greenbeancasserole\n|-ability|p2b: cranberry sauce|Moody|[from] ability: Power of Alchemy|[of] p2a: greenbeancasserole\n|move|p2b: cranberry sauce|Knock Off|p1b: Oranguru\n|-supereffective|p1b: Oranguru\n|-damage|p1b: Oranguru|32\/100\n|\n|-heal|p1a: Infernape|100\/100|[from] Grassy Terrain\n|-heal|p1b: Oranguru|39\/100|[from] Grassy Terrain\n|-heal|p2b: cranberry sauce|85\/100|[from] Grassy Terrain\n|-heal|p2b: cranberry sauce|91\/100|[from] item: Black Sludge\n|-ability|p2b: cranberry sauce|Moody|boost\n|-boost|p2b: cranberry sauce|spd|2\n|-unboost|p2b: cranberry sauce|def|1\n|upkeep\n|\n|t:|1699937273\n|switch|p2a: Grimmsnarl|Grimmsnarl, M|100\/100\n|turn|5\n|\n|t:|1699937287\n|-terastallize|p1a: Infernape|Fairy\n|move|p2b: cranberry sauce|Protect|p2b: cranberry sauce\n|-singleturn|p2b: cranberry sauce|Protect\n|move|p2a: Grimmsnarl|Light Screen|p2a: Grimmsnarl\n|-sidestart|p2: trentonbee|move: Light Screen\n|move|p1a: Infernape|Aura Sphere|p2a: Grimmsnarl\n|-damage|p2a: Grimmsnarl|83\/100\n|move|p1b: Oranguru|Instruct|p1a: Infernape\n|-singleturn|p1a: Infernape|move: Instruct|[of] p1b: Oranguru\n|move|p1a: Infernape|Aura Sphere|p2a: Grimmsnarl\n|-damage|p2a: Grimmsnarl|65\/100\n|\n|-heal|p1b: Oranguru|45\/100|[from] Grassy Terrain\n|-heal|p2a: Grimmsnarl|71\/100|[from] Grassy Terrain\n|-heal|p2b: cranberry sauce|97\/100|[from] Grassy Terrain\n|-heal|p2b: cranberry sauce|100\/100|[from] item: Black Sludge\n|-sideend|p1: monkey_lover865|Reflect\n|-fieldend|move: Grassy Terrain\n|-ability|p2b: cranberry sauce|Moody|boost\n|-boost|p2b: cranberry sauce|atk|2\n|-unboost|p2b: cranberry sauce|spa|1\n|upkeep\n|turn|6\n|\n|t:|1699937321\n|move|p2a: Grimmsnarl|Thunder Wave|p1a: Infernape\n|-status|p1a: Infernape|par\n|cant|p1a: Infernape|par\n|move|p1b: Oranguru|Reflect|p1b: Oranguru\n|-sidestart|p1: monkey_lover865|Reflect\n|move|p2b: cranberry sauce|Knock Off|p1b: Oranguru\n|-supereffective|p1b: Oranguru\n|-damage|p1b: Oranguru|0 fnt\n|faint|p1b: Oranguru\n|\n|-sideend|p1: monkey_lover865|move: Light Screen\n|-ability|p2b: cranberry sauce|Moody|boost\n|-boost|p2b: cranberry sauce|spd|2\n|-unboost|p2b: cranberry sauce|spa|1\n|upkeep\n|\n|t:|1699937326\n|switch|p1b: Grafaiai|Grafaiai, M|70\/100\n|turn|7\n|\n|t:|1699937345\n|move|p1b: Grafaiai|Parting Shot|p2b: cranberry sauce\n|-hint|Since gen 7, Dark is immune to Prankster moves.\n|-immune|p2b: cranberry sauce\n|move|p2a: Grimmsnarl|Reflect|p2a: Grimmsnarl\n|-sidestart|p2: trentonbee|Reflect\n|move|p1a: Infernape|Aura Sphere|p2a: Grimmsnarl\n|-damage|p2a: Grimmsnarl|52\/100\n|move|p2b: cranberry sauce|Drain Punch|p1b: Grafaiai|[miss]\n|-miss|p2b: cranberry sauce|p1b: Grafaiai\n|\n|-ability|p2b: cranberry sauce|Moody|boost\n|-boost|p2b: cranberry sauce|spd|2\n|-unboost|p2b: cranberry sauce|spa|1\n|upkeep\n|turn|8\n|\n|t:|1699937370\n|switch|p2a: apple cider|Sinistcha-Masterpiece|100\/100\n|move|p1b: Grafaiai|Toxic|p2a: apple cider\n|-status|p2a: apple cider|tox\n|cant|p1a: Infernape|par\n|move|p2b: cranberry sauce|Knock Off|p1a: Infernape\n|-resisted|p1a: Infernape\n|-damage|p1a: Infernape|66\/100 par\n|-enditem|p1a: Infernape|Choice Scarf|[from] move: Knock Off|[of] p2b: cranberry sauce\n|\n|-damage|p2a: apple cider|94\/100 tox|[from] psn\n|-ability|p2b: cranberry sauce|Moody|boost\n|-boost|p2b: cranberry sauce|spe|2\n|-unboost|p2b: cranberry sauce|spd|1\n|upkeep\n|turn|9\n|\n|t:|1699937400\n|move|p1b: Grafaiai|Parting Shot|p2a: apple cider\n|-unboost|p2a: apple cider|atk|1\n|-unboost|p2a: apple cider|spa|1\n|\n|t:|1699937404\n|switch|p1b: Ambipom|Ambipom, F|100\/100|[from] Parting Shot\n|move|p2b: cranberry sauce|Knock Off|p1a: Infernape\n|-resisted|p1a: Infernape\n|-damage|p1a: Infernape|42\/100 par\n|move|p1a: Infernape|Fire Blast|p2a: apple cider\n|-supereffective|p2a: apple cider\n|-damage|p2a: apple cider|10\/100 tox\n|move|p2a: apple cider|Trick Room|p2a: apple cider\n|-fieldstart|move: Trick Room|[of] p2a: apple cider\n|\n|-heal|p2a: apple cider|16\/100 tox|[from] item: Leftovers\n|-damage|p2a: apple cider|4\/100 tox|[from] psn\n|-sideend|p2: trentonbee|move: Light Screen\n|-ability|p2b: cranberry sauce|Moody|boost\n|-boost|p2b: cranberry sauce|spe|2\n|-unboost|p2b: cranberry sauce|spa|1\n|upkeep\n|turn|10\n|\n|t:|1699937427\n|move|p1b: Ambipom|Fake Out|p2b: cranberry sauce\n|-damage|p2b: cranberry sauce|64\/100\n|-damage|p1b: Ambipom|91\/100|[from] item: Life Orb\n|move|p2a: apple cider|Strength Sap|p1a: Infernape\n|-unboost|p1a: Infernape|atk|1\n|-heal|p2a: apple cider|59\/100 tox\n|move|p1a: Infernape|Tera Blast|p2a: apple cider|[anim] Tera Blast Fairy\n|-damage|p2a: apple cider|20\/100 tox\n|cant|p2b: cranberry sauce|flinch\n|\n|-heal|p2a: apple cider|26\/100 tox|[from] item: Leftovers\n|-heal|p2b: cranberry sauce|70\/100|[from] item: Black Sludge\n|-damage|p2a: apple cider|8\/100 tox|[from] psn\n|-sideend|p1: monkey_lover865|Reflect\n|-ability|p2b: cranberry sauce|Moody|boost\n|-boost|p2b: cranberry sauce|atk|2\n|-unboost|p2b: cranberry sauce|spd|1\n|upkeep\n|turn|11\n|\n|t:|1699937451\n|move|p2a: apple cider|Matcha Gotcha|p1b: Ambipom|[spread] p1a,p1b\n|-damage|p1a: Infernape|16\/100 par\n|-heal|p2a: apple cider|19\/100 tox|[from] drain|[of] p1a: Infernape\n|-damage|p1b: Ambipom|66\/100\n|-heal|p2a: apple cider|29\/100 tox|[from] drain|[of] p1b: Ambipom\n|-status|p1b: Ambipom|brn\n|move|p1a: Infernape|Fire Blast|p2a: apple cider\n|-supereffective|p2a: apple cider\n|-damage|p2a: apple cider|0 fnt\n|faint|p2a: apple cider\n|move|p1b: Ambipom|Covet|p2b: cranberry sauce\n|-damage|p2b: cranberry sauce|43\/100\n|-damage|p1b: Ambipom|57\/100 brn|[from] item: Life Orb\n|move|p2b: cranberry sauce|Drain Punch|p1b: Ambipom\n|-supereffective|p1b: Ambipom\n|-damage|p1b: Ambipom|0 fnt\n|-heal|p2b: cranberry sauce|63\/100|[from] drain|[of] p1b: Ambipom\n|faint|p1b: Ambipom\n|\n|-heal|p2b: cranberry sauce|69\/100|[from] item: Black Sludge\n|-sideend|p2: trentonbee|Reflect\n|-ability|p2b: cranberry sauce|Moody|boost\n|-boost|p2b: cranberry sauce|spe|2\n|-unboost|p2b: cranberry sauce|atk|1\n|upkeep\n|\n|t:|1699937476\n|switch|p2a: Grimmsnarl|Grimmsnarl, M|52\/100\n|switch|p1b: Grafaiai|Grafaiai, M|70\/100\n|turn|12\n|\n|t:|1699937490\n|move|p2a: Grimmsnarl|Fake Out|p1a: Infernape\n|-damage|p1a: Infernape|0 fnt\n|faint|p1a: Infernape\n|move|p1b: Grafaiai|Poison Jab|p2a: Grimmsnarl\n|-supereffective|p2a: Grimmsnarl\n|-damage|p2a: Grimmsnarl|0 fnt\n|faint|p2a: Grimmsnarl\n|move|p2b: cranberry sauce|Drain Punch|p1b: Grafaiai\n|-damage|p1b: Grafaiai|6\/100\n|-heal|p2b: cranberry sauce|94\/100|[from] drain|[of] p1b: Grafaiai\n|\n|-heal|p2b: cranberry sauce|100\/100|[from] item: Black Sludge\n|-ability|p2b: cranberry sauce|Moody|boost\n|-boost|p2b: cranberry sauce|spd|2\n|-unboost|p2b: cranberry sauce|def|1\n|upkeep\n|\n|t:|1699937504\n|switch|p2a: mutated turkey?!|Flamigo, F|100\/100\n|switch|p1a: Primeape|Primeape, M|100\/100\n|-copyboost|p2a: mutated turkey?!|p2b: cranberry sauce|[from] ability: Costar\n|turn|13\n|\n|t:|1699937522\n|move|p1b: Grafaiai|Toxic|p2a: mutated turkey?!\n|-status|p2a: mutated turkey?!|tox\n|move|p1a: Primeape|Stone Edge|p2a: mutated turkey?!\n|-crit|p2a: mutated turkey?!\n|-damage|p2a: mutated turkey?!|0 fnt\n|faint|p2a: mutated turkey?!\n|move|p2b: cranberry sauce|Drain Punch|p1b: Grafaiai|[miss]\n|-miss|p2b: cranberry sauce|p1b: Grafaiai\n|\n|-fieldend|move: Trick Room\n|-ability|p2b: cranberry sauce|Moody|boost\n|-boost|p2b: cranberry sauce|atk|2\n|-unboost|p2b: cranberry sauce|spe|1\n|upkeep\n|\n|t:|1699937534\n|switch|p2a: stuffing|Garganacl, M|100\/100\n|turn|14\n|\n|t:|1699937541\n|move|p2b: cranberry sauce|Protect|p2b: cranberry sauce\n|-singleturn|p2b: cranberry sauce|Protect\n|move|p1b: Grafaiai|Toxic|p2a: stuffing\n|-immune|p2a: stuffing|[from] ability: Purifying Salt\n|move|p1a: Primeape|Cross Chop|p2a: stuffing\n|-supereffective|p2a: stuffing\n|-damage|p2a: stuffing|51\/100\n|move|p2a: stuffing|Salt Cure|p1a: Primeape\n|-resisted|p1a: Primeape\n|-damage|p1a: Primeape|87\/100\n|-start|p1a: Primeape|Salt Cure\n|\n|-heal|p2a: stuffing|58\/100|[from] item: Leftovers\n|-damage|p1a: Primeape|75\/100|[from] Salt Cure\n|-ability|p2b: cranberry sauce|Moody|boost\n|-boost|p2b: cranberry sauce|atk|1\n|-unboost|p2b: cranberry sauce|spd|1\n|upkeep\n|turn|15\n|\n|t:|1699937565\n|-terastallize|p2a: stuffing|Ghost\n|move|p1b: Grafaiai|Switcheroo|p2a: stuffing\n|-activate|p1b: Grafaiai|move: Trick|[of] p2a: stuffing\n|-item|p2a: stuffing|Bright Powder|[from] move: Switcheroo\n|-item|p1b: Grafaiai|Leftovers|[from] move: Switcheroo\n|move|p2b: cranberry sauce|Drain Punch|p1a: Primeape\n|-damage|p1a: Primeape|0 fnt\n|faint|p1a: Primeape\n|move|p2a: stuffing|Salt Cure|p1b: Grafaiai\n|-damage|p1b: Grafaiai|0 fnt\n|faint|p1b: Grafaiai\n|\n|win|trentonbee\n|raw|monkey_lover865's rating: 1000 &rarr; <strong>1000<\/strong><br \/>(+0 for losing)\n|raw|trentonbee's rating: 1094 &rarr; <strong>1113<\/strong><br \/>(+19 for winning)\n|l|\u2606monkey_lover865\n","uploadtime":1699937578,"views":7,"p1id":"monkeylover865","p2id":"trentonbee","formatid":"gen9doublesou","rating":1000,"private":0,"password":""}