{"id":"gen9doublesou-1993611011","p1":"Vixen 4 Life","p2":"tzk 394","format":"[Gen 9] Doubles OU","log":"|j|\u2606Vixen 4 Life\n|j|\u2606tzk 394\n|t:|1700337294\n|gametype|doubles\n|player|p1|Vixen 4 Life|penny|1396\n|player|p2|tzk 394|1|1457\n|teamsize|p1|6\n|teamsize|p2|6\n|gen|9\n|tier|[Gen 9] Doubles OU\n|rated|\n|rule|Species Clause: Limit one of each Pok\u00e9mon\n|rule|OHKO Clause: OHKO moves are banned\n|rule|Evasion Moves Clause: Evasion moves are banned\n|rule|Gravity Sleep Clause: The combination of sleep-inducing moves with imperfect accuracy and Gravity or Gigantamax Orbeetle are banned\n|rule|Endless Battle Clause: Forcing endless battles is banned\n|rule|HP Percentage Mod: HP is shown in percentages\n|clearpoke\n|poke|p1|Houndstone, F|\n|poke|p1|Eelektross, F|\n|poke|p1|Kingambit, M|\n|poke|p1|Iron Moth|\n|poke|p1|Ursaluna-Bloodmoon, M|\n|poke|p1|Wo-Chien|\n|poke|p2|Golem-Alola, M|\n|poke|p2|Oranguru, F|\n|poke|p2|Hoopa-Unbound|\n|poke|p2|Moltres-Galar|\n|poke|p2|Scream Tail|\n|poke|p2|Iron Bundle|\n|teampreview\n|inactive|Battle timer is ON: inactive players will automatically lose when time's up. (requested by Vixen 4 Life)\n|\n|t:|1700337352\n|start\n|switch|p1a: Pyro's Favorite|Iron Moth|100\/100\n|switch|p1b: King of Wits|Kingambit, M|100\/100\n|switch|p2a: Scream Tail|Scream Tail|100\/100\n|switch|p2b: Hoopa|Hoopa-Unbound|100\/100\n|-enditem|p1a: Pyro's Favorite|Booster Energy\n|-activate|p1a: Pyro's Favorite|ability: Quark Drive|[fromitem]\n|-start|p1a: Pyro's Favorite|quarkdrivespa\n|turn|1\n|inactive|tzk 394 has 120 seconds left.\n|c|\u2606Vixen 4 Life|Good thing timer is on.\n|inactive|tzk 394 has 90 seconds left.\n|\n|t:|1700337414\n|-end|p2a: Scream Tail|Protosynthesis|[silent]\n|switch|p2a: Golem|Golem-Alola, M|100\/100\n|move|p1b: King of Wits|Sucker Punch|p2b: Hoopa\n|-damage|p2b: Hoopa|45\/100\n|move|p1a: Pyro's Favorite|Sludge Wave|p2a: Golem|[spread] p2a,p2b\n|-immune|p1b: King of Wits\n|-resisted|p2a: Golem\n|-crit|p2a: Golem\n|-damage|p2a: Golem|49\/100\n|-damage|p2b: Hoopa|8\/100\n|move|p2b: Hoopa|Psychic|p1a: Pyro's Favorite\n|-supereffective|p1a: Pyro's Favorite\n|-damage|p1a: Pyro's Favorite|0 fnt\n|faint|p1a: Pyro's Favorite\n|-end|p1a: Pyro's Favorite|Quark Drive|[silent]\n|-damage|p2b: Hoopa|0 fnt|[from] item: Life Orb\n|faint|p2b: Hoopa\n|\n|upkeep\n|inactive|tzk 394 has 90 seconds left.\n|\n|t:|1700337449\n|switch|p1a: Wo-Chien Reaction|Wo-Chien|100\/100\n|switch|p2b: Iron Bundle|Iron Bundle|100\/100\n|-ability|p1a: Wo-Chien Reaction|Tablets of Ruin\n|turn|2\n|\n|t:|1700337460\n|move|p2b: Iron Bundle|Protect|p2b: Iron Bundle\n|-singleturn|p2b: Iron Bundle|Protect\n|move|p1a: Wo-Chien Reaction|Protect|p1a: Wo-Chien Reaction\n|-singleturn|p1a: Wo-Chien Reaction|Protect\n|move|p1b: King of Wits|Low Kick|p2a: Golem\n|-supereffective|p2a: Golem\n|-crit|p2a: Golem\n|-damage|p2a: Golem|0 fnt\n|faint|p2a: Golem\n|\n|upkeep\n|\n|t:|1700337474\n|switch|p2a: Oranguru|Oranguru, F|100\/100\n|turn|3\n|inactive|tzk 394 has 90 seconds left.\n|\n|t:|1700337528\n|move|p2b: Iron Bundle|Hydro Pump|p1b: King of Wits\n|-crit|p1b: King of Wits\n|-damage|p1b: King of Wits|34\/100\n|-damage|p2b: Iron Bundle|91\/100|[from] item: Life Orb\n|move|p1a: Wo-Chien Reaction|Leech Seed|p2b: Iron Bundle\n|-start|p2b: Iron Bundle|move: Leech Seed\n|move|p1b: King of Wits|Kowtow Cleave|p2a: Oranguru\n|-supereffective|p2a: Oranguru\n|-damage|p2a: Oranguru|42\/100\n|move|p2a: Oranguru|Encore|p1b: King of Wits\n|-start|p1b: King of Wits|Encore\n|\n|-damage|p2b: Iron Bundle|78\/100|[from] Leech Seed|[of] p1a: Wo-Chien Reaction\n|upkeep\n|turn|4\n|inactive|tzk 394 has 90 seconds left.\n|inactive|Vixen 4 Life has 120 seconds left.\n|\n|t:|1700337564\n|switch|p2a: Moltres|Moltres-Galar|100\/100\n|move|p2b: Iron Bundle|Hydro Pump|p1b: King of Wits\n|-damage|p1b: King of Wits|0 fnt\n|faint|p1b: King of Wits\n|-end|p1b: King of Wits|fallenundefined|[silent]\n|-damage|p2b: Iron Bundle|68\/100|[from] item: Life Orb\n|move|p1a: Wo-Chien Reaction|Giga Drain|p2b: Iron Bundle\n|-supereffective|p2b: Iron Bundle\n|-damage|p2b: Iron Bundle|0 fnt\n|faint|p2b: Iron Bundle\n|-end|p2b: Iron Bundle|Quark Drive|[silent]\n|\n|upkeep\n|inactive|tzk 394 has 90 seconds left.\n|\n|t:|1700337584\n|switch|p2b: Scream Tail|Scream Tail|100\/100\n|switch|p1b: Spade|Eelektross, F|100\/100\n|turn|5\n|inactive|Vixen 4 Life has 120 seconds left.\n|\n|t:|1700337634\n|switch|p1a: Ursaluna|Ursaluna-Bloodmoon, M|100\/100\n|-terastallize|p2a: Moltres|Grass\n|move|p2b: Scream Tail|Helping Hand|p2a: Moltres\n|-singleturn|p2a: Moltres|Helping Hand|[of] p2b: Scream Tail\n|move|p2a: Moltres|Hurricane|p1a: Ursaluna\n|-damage|p1a: Ursaluna|26\/100\n|-damage|p2a: Moltres|91\/100|[from] item: Life Orb\n|move|p1b: Spade|Discharge|p2a: Moltres|[spread] p2a,p2b\n|-immune|p1a: Ursaluna\n|-resisted|p2a: Moltres\n|-damage|p2a: Moltres|74\/100\n|-damage|p2b: Scream Tail|75\/100\n|-status|p2a: Moltres|par\n|-status|p2b: Scream Tail|par\n|\n|upkeep\n|turn|6\n|inactive|Vixen 4 Life has 120 seconds left.\n|inactive|tzk 394 has 120 seconds left.\n|\n|t:|1700337652\n|move|p2a: Moltres|Protect|p2a: Moltres\n|-singleturn|p2a: Moltres|Protect\n|move|p1a: Ursaluna|Hyper Voice|p2b: Scream Tail|[spread] p2b\n|-activate|p2a: Moltres|move: Protect\n|-damage|p2b: Scream Tail|49\/100 par\n|move|p1b: Spade|Discharge|p2a: Moltres|[spread] p2b\n|-activate|p2a: Moltres|move: Protect\n|-immune|p1a: Ursaluna\n|-damage|p2b: Scream Tail|21\/100 par\n|move|p2b: Scream Tail|Trick Room|p2b: Scream Tail\n|-fieldstart|move: Trick Room|[of] p2b: Scream Tail\n|\n|upkeep\n|turn|7\n|inactive|Vixen 4 Life has 120 seconds left.\n|inactive|tzk 394 has 120 seconds left.\n|c|\u2606Vixen 4 Life|Arent i slower?\n|\n|t:|1700337679\n|move|p2b: Scream Tail|Helping Hand|p2a: Moltres\n|-singleturn|p2a: Moltres|Helping Hand|[of] p2b: Scream Tail\n|move|p2a: Moltres|Fiery Wrath|p1a: Ursaluna|[spread] p1a,p1b\n|-damage|p1a: Ursaluna|0 fnt\n|-damage|p1b: Spade|31\/100\n|faint|p1a: Ursaluna\n|-damage|p2a: Moltres|65\/100 par|[from] item: Life Orb\n|move|p1b: Spade|Discharge|p2b: Scream Tail|[spread] p2a,p2b\n|-resisted|p2a: Moltres\n|-crit|p2b: Scream Tail\n|-damage|p2a: Moltres|47\/100 par\n|-damage|p2b: Scream Tail|0 fnt\n|faint|p2b: Scream Tail\n|-end|p2b: Scream Tail|Protosynthesis|[silent]\n|-ability|p2a: Moltres|Berserk|boost\n|-boost|p2a: Moltres|spa|1\n|\n|upkeep\n|inactive|tzk 394 has 120 seconds left.\n|\n|t:|1700337695\n|switch|p1a: Hound Town|Houndstone, F|100\/100\n|switch|p2b: Oranguru|Oranguru, F|42\/100\n|turn|8\n|\n|t:|1700337708\n|switch|p1b: Wo-Chien Reaction|Wo-Chien|100\/100\n|-ability|p1b: Wo-Chien Reaction|Tablets of Ruin\n|-terastallize|p1a: Hound Town|Fighting\n|move|p2a: Moltres|Fiery Wrath|p1b: Wo-Chien Reaction|[spread] p1a,p1b\n|-resisted|p1a: Hound Town\n|-resisted|p1b: Wo-Chien Reaction\n|-damage|p1a: Hound Town|71\/100\n|-damage|p1b: Wo-Chien Reaction|82\/100\n|-damage|p2a: Moltres|37\/100 par|[from] item: Life Orb\n|move|p2b: Oranguru|Instruct|p2a: Moltres\n|-singleturn|p2a: Moltres|move: Instruct|[of] p2b: Oranguru\n|move|p2a: Moltres|Fiery Wrath|p1a: Hound Town|[spread] p1a,p1b\n|-resisted|p1a: Hound Town\n|-resisted|p1b: Wo-Chien Reaction\n|-damage|p1a: Hound Town|41\/100\n|-damage|p1b: Wo-Chien Reaction|66\/100\n|-damage|p2a: Moltres|27\/100 par|[from] item: Life Orb\n|move|p1a: Hound Town|Body Press|p2a: Moltres\n|-damage|p2a: Moltres|0 fnt\n|faint|p2a: Moltres\n|\n|-heal|p1b: Wo-Chien Reaction|72\/100|[from] item: Leftovers\n|-heal|p1a: Hound Town|47\/100|[from] item: Leftovers\n|upkeep\n|turn|9\n|-message|tzk 394 forfeited.\n|\n|win|Vixen 4 Life\n|raw|Vixen 4 Life's rating: 1396 &rarr; <strong>1419<\/strong><br \/>(+23 for winning)\n|raw|tzk 394's rating: 1457 &rarr; <strong>1434<\/strong><br \/>(-23 for losing)\n|l|\u2606tzk 394\n","uploadtime":1700337744,"views":6,"p1id":"vixen4life","p2id":"tzk394","formatid":"gen9doublesou","rating":1419,"private":0,"password":""}