{"id":"gen9doublesou-1979638541","p1":"plantshrine","p2":"ZippleZapple","format":"[Gen 9] Doubles OU","log":"|j|\u2606plantshrine\n|j|\u2606ZippleZapple\n|t:|1698698879\n|gametype|doubles\n|player|p1|plantshrine|gardenia|1290\n|player|p2|ZippleZapple|1|1316\n|teamsize|p1|6\n|teamsize|p2|6\n|gen|9\n|tier|[Gen 9] Doubles OU\n|rated|\n|rule|Species Clause: Limit one of each Pok\u00e9mon\n|rule|OHKO Clause: OHKO moves are banned\n|rule|Evasion Moves Clause: Evasion moves are banned\n|rule|Gravity Sleep Clause: The combination of sleep-inducing moves with imperfect accuracy and Gravity or Gigantamax Orbeetle are banned\n|rule|Endless Battle Clause: Forcing endless battles is banned\n|rule|HP Percentage Mod: HP is shown in percentages\n|clearpoke\n|poke|p1|Poliwrath, M|\n|poke|p1|Grimmsnarl, M|\n|poke|p1|Sinistcha-Masterpiece|\n|poke|p1|Murkrow, M|\n|poke|p1|Chien-Pao|\n|poke|p1|Farigiraf, F|\n|poke|p2|Grimmsnarl, M|\n|poke|p2|Pelipper, M|\n|poke|p2|Bruxish, F|\n|poke|p2|Samurott-Hisui, F|\n|poke|p2|Vikavolt, F|\n|poke|p2|Kleavor, F|\n|teampreview\n|\n|t:|1698698899\n|start\n|switch|p1a: Murkrow|Murkrow, M|100\/100\n|switch|p1b: Grimmsnarl|Grimmsnarl, M, shiny|100\/100\n|switch|p2a: Grimmsnarl|Grimmsnarl, M|100\/100\n|switch|p2b: Kleavor|Kleavor, F|100\/100\n|turn|1\n|\n|t:|1698698920\n|move|p1a: Murkrow|Thunder Wave|p2b: Kleavor\n|-status|p2b: Kleavor|par\n|move|p1b: Grimmsnarl|Reflect|p1b: Grimmsnarl\n|-sidestart|p1: plantshrine|Reflect\n|move|p2b: Kleavor|Stone Axe|p1a: Murkrow\n|-supereffective|p1a: Murkrow\n|-damage|p1a: Murkrow|20\/100\n|-sidestart|p1: plantshrine|move: Stealth Rock\n|move|p2a: Grimmsnarl|Spirit Break|p1b: Grimmsnarl\n|-supereffective|p1b: Grimmsnarl\n|-damage|p1b: Grimmsnarl|56\/100\n|-unboost|p1b: Grimmsnarl|spa|1\n|\n|upkeep\n|turn|2\n|\n|t:|1698698952\n|move|p1a: Murkrow|Feather Dance|p2b: Kleavor\n|-unboost|p2b: Kleavor|atk|2\n|move|p1b: Grimmsnarl|Light Screen|p1b: Grimmsnarl\n|-sidestart|p1: plantshrine|move: Light Screen\n|move|p2b: Kleavor|Stone Axe|p1a: Murkrow\n|-supereffective|p1a: Murkrow\n|-damage|p1a: Murkrow|0 fnt\n|faint|p1a: Murkrow\n|move|p2a: Grimmsnarl|Spirit Break|p1b: Grimmsnarl\n|-supereffective|p1b: Grimmsnarl\n|-damage|p1b: Grimmsnarl|18\/100\n|-unboost|p1b: Grimmsnarl|spa|1\n|\n|upkeep\n|\n|t:|1698698967\n|switch|p1a: Poliwrath|Poliwrath, M, shiny|100\/100\n|-damage|p1a: Poliwrath|94\/100|[from] Stealth Rock\n|turn|3\n|\n|t:|1698699008\n|-terastallize|p1a: Poliwrath|Electric\n|move|p2a: Grimmsnarl|Parting Shot|p1a: Poliwrath\n|-unboost|p1a: Poliwrath|atk|1\n|-unboost|p1a: Poliwrath|spa|1\n|\n|t:|1698699014\n|switch|p2a: Vikavolt|Vikavolt, F|100\/100|[from] Parting Shot\n|move|p1b: Grimmsnarl|Parting Shot|p2b: Kleavor\n|-unboost|p2b: Kleavor|atk|1\n|-unboost|p2b: Kleavor|spa|1\n|\n|t:|1698699024\n|switch|p1b: Farigiraf|Farigiraf, F|100\/100|[from] Parting Shot\n|-damage|p1b: Farigiraf|88\/100|[from] Stealth Rock\n|move|p2b: Kleavor|Stone Axe|p1b: Farigiraf\n|-damage|p1b: Farigiraf|75\/100\n|move|p1a: Poliwrath|Belly Drum|p1a: Poliwrath\n|-damage|p1a: Poliwrath|44\/100\n|-setboost|p1a: Poliwrath|atk|6|[from] move: Belly Drum\n|-enditem|p1a: Poliwrath|Sitrus Berry|[eat]\n|-heal|p1a: Poliwrath|69\/100|[from] item: Sitrus Berry\n|\n|upkeep\n|turn|4\n|\n|t:|1698699047\n|move|p1b: Farigiraf|Ally Switch|p1b: Farigiraf\n|swap|p1b: Farigiraf|0|[from] move: Ally Switch\n|move|p2b: Kleavor|Stone Axe|p1a: Farigiraf\n|-damage|p1a: Farigiraf|61\/100\n|move|p1b: Poliwrath|Drain Punch|p2a: Vikavolt\n|-resisted|p2a: Vikavolt\n|-damage|p2a: Vikavolt|35\/100\n|-heal|p1b: Poliwrath|100\/100|[from] drain|[of] p2a: Vikavolt\n|move|p2a: Vikavolt|Bug Buzz|p1b: Poliwrath\n|-damage|p1b: Poliwrath|63\/100\n|\n|upkeep\n|turn|5\n|\n|t:|1698699068\n|move|p2b: Kleavor|Stone Axe|p1a: Farigiraf\n|-damage|p1a: Farigiraf|48\/100\n|move|p1b: Poliwrath|Drain Punch|p2a: Vikavolt\n|-resisted|p2a: Vikavolt\n|-damage|p2a: Vikavolt|0 fnt\n|-heal|p1b: Poliwrath|82\/100|[from] drain|[of] p2a: Vikavolt\n|faint|p2a: Vikavolt\n|move|p1a: Farigiraf|Calm Mind|p1a: Farigiraf\n|-boost|p1a: Farigiraf|spa|1\n|-boost|p1a: Farigiraf|spd|1\n|\n|upkeep\n|\n|t:|1698699076\n|switch|p2a: Bruxish|Bruxish, F|100\/100\n|turn|6\n|inactive|Battle timer is ON: inactive players will automatically lose when time's up. (requested by plantshrine)\n|inactive|plantshrine has 120 seconds left.\n|\n|t:|1698699119\n|switch|p2b: Grimmsnarl|Grimmsnarl, M|100\/100\n|move|p2a: Bruxish|Protect|p2a: Bruxish\n|-singleturn|p2a: Bruxish|Protect\n|move|p1b: Poliwrath|Drain Punch|p2b: Grimmsnarl\n|-damage|p2b: Grimmsnarl|0 fnt\n|-heal|p1b: Poliwrath|100\/100|[from] drain|[of] p2b: Grimmsnarl\n|faint|p2b: Grimmsnarl\n|move|p1a: Farigiraf|Hyper Voice|p2a: Bruxish\n|-activate|p2a: Bruxish|move: Protect\n|\n|upkeep\n|\n|t:|1698699139\n|switch|p2b: Samurott|Samurott-Hisui, F|100\/100\n|turn|7\n|\n|t:|1698699154\n|switch|p1a: Chien-Pao|Chien-Pao|100\/100\n|-damage|p1a: Chien-Pao|76\/100|[from] Stealth Rock\n|-ability|p1a: Chien-Pao|Sword of Ruin\n|move|p2a: Bruxish|Psychic Fangs|p1b: Poliwrath\n|-sideend|p1: plantshrine|Reflect\n|-sideend|p1: plantshrine|move: Light Screen\n|-damage|p1b: Poliwrath|0 fnt\n|faint|p1b: Poliwrath\n|-damage|p2a: Bruxish|91\/100|[from] item: Life Orb\n|move|p2b: Samurott|Ceaseless Edge|p1a: Chien-Pao\n|-resisted|p1a: Chien-Pao\n|-damage|p1a: Chien-Pao|45\/100\n|-sidestart|p1: plantshrine|Spikes\n|\n|upkeep\n|\n|t:|1698699173\n|switch|p1b: Grimmsnarl|Grimmsnarl, M, shiny|18\/100\n|-damage|p1b: Grimmsnarl|6\/100|[from] Stealth Rock\n|-damage|p1b: Grimmsnarl|0 fnt|[from] Spikes\n|faint|p1b: Grimmsnarl\n|\n|t:|1698699182\n|switch|p1b: Farigiraf|Farigiraf, F|48\/100\n|-damage|p1b: Farigiraf|35\/100|[from] Stealth Rock\n|-damage|p1b: Farigiraf|23\/100|[from] Spikes\n|-enditem|p1b: Farigiraf|Aguav Berry|[eat]\n|-heal|p1b: Farigiraf|56\/100|[from] item: Aguav Berry\n|turn|8\n|\n|t:|1698699199\n|move|p2a: Bruxish|Protect|p2a: Bruxish\n|-singleturn|p2a: Bruxish|Protect\n|move|p1a: Chien-Pao|Crunch|p2b: Samurott\n|-resisted|p2b: Samurott\n|-damage|p2b: Samurott|58\/100\n|-unboost|p2b: Samurott|def|1\n|-damage|p1a: Chien-Pao|35\/100|[from] item: Life Orb\n|move|p2b: Samurott|Sacred Sword|p1a: Chien-Pao\n|-supereffective|p1a: Chien-Pao\n|-crit|p1a: Chien-Pao\n|-damage|p1a: Chien-Pao|0 fnt\n|faint|p1a: Chien-Pao\n|move|p1b: Farigiraf|Dazzling Gleam|p2b: Samurott|[spread] p2b\n|-activate|p2a: Bruxish|move: Protect\n|-supereffective|p2b: Samurott\n|-damage|p2b: Samurott|26\/100\n|\n|upkeep\n|\n|t:|1698699216\n|switch|p1a: Sinistcha|Sinistcha-Masterpiece, shiny|100\/100\n|-damage|p1a: Sinistcha|88\/100|[from] Stealth Rock\n|-damage|p1a: Sinistcha|76\/100|[from] Spikes\n|-heal|p1b: Farigiraf|81\/100|[from] ability: Hospitality|[of] p1a: Sinistcha\n|turn|9\n|\n|t:|1698699231\n|-terastallize|p2a: Bruxish|Dark\n|move|p1b: Farigiraf|Ally Switch|p1b: Farigiraf\n|swap|p1b: Farigiraf|0|[from] move: Ally Switch\n|move|p2a: Bruxish|Crunch|p1a: Farigiraf\n|-supereffective|p1a: Farigiraf\n|-damage|p1a: Farigiraf|0 fnt\n|faint|p1a: Farigiraf\n|-damage|p2a: Bruxish|81\/100|[from] item: Life Orb\n|move|p2b: Samurott|Ceaseless Edge|p1b: Sinistcha\n|-supereffective|p1b: Sinistcha\n|-damage|p1b: Sinistcha|0 fnt\n|-sidestart|p1: plantshrine|Spikes\n|faint|p1b: Sinistcha\n|\n|win|ZippleZapple\n|raw|plantshrine's rating: 1290 &rarr; <strong>1267<\/strong><br \/>(-23 for losing)\n|raw|ZippleZapple's rating: 1316 &rarr; <strong>1335<\/strong><br \/>(+19 for winning)\n|l|\u2606plantshrine\n","uploadtime":1698699250,"views":12,"p1id":"plantshrine","p2id":"zipplezapple","formatid":"gen9doublesou","rating":1267,"private":0,"password":""}