{"id":"gen9doublesou-1972258391","p1":"ChildishMamba","p2":"louisbmay","format":"[Gen 9] Doubles OU","log":"|j|\u2606ChildishMamba\n|j|\u2606louisbmay\n|t:|1697825732\n|gametype|doubles\n|player|p1|ChildishMamba|170|1110\n|player|p2|louisbmay|crasherwake|1156\n|teamsize|p1|6\n|teamsize|p2|6\n|gen|9\n|tier|[Gen 9] Doubles OU\n|rated|\n|rule|Species Clause: Limit one of each Pok\u00e9mon\n|rule|OHKO Clause: OHKO moves are banned\n|rule|Evasion Moves Clause: Evasion moves are banned\n|rule|Gravity Sleep Clause: The combination of sleep-inducing moves with imperfect accuracy and Gravity or Gigantamax Orbeetle are banned\n|rule|Endless Battle Clause: Forcing endless battles is banned\n|rule|HP Percentage Mod: HP is shown in percentages\n|clearpoke\n|poke|p1|Milotic, F|\n|poke|p1|Ninetales-Alola, F|\n|poke|p1|Chi-Yu|\n|poke|p1|Arcanine-Hisui, F|\n|poke|p1|Sinistcha|\n|poke|p1|Iron Hands|\n|poke|p2|Grimmsnarl, M|\n|poke|p2|Dragonite, M|\n|poke|p2|Clodsire, M|\n|poke|p2|Iron Hands|\n|poke|p2|Cresselia, F|\n|poke|p2|Gholdengo|\n|teampreview\n|\n|t:|1697825754\n|start\n|switch|p1a: Milotic|Milotic, F, shiny|100\/100\n|switch|p1b: Ninetales|Ninetales-Alola, F, shiny|100\/100\n|switch|p2a: Iron Hands|Iron Hands|100\/100\n|switch|p2b: Cresselia|Cresselia, F|100\/100\n|-weather|Snow|[from] ability: Snow Warning|[of] p1b: Ninetales\n|turn|1\n|\n|t:|1697825785\n|move|p2a: Iron Hands|Fake Out|p1b: Ninetales\n|-damage|p1b: Ninetales|88\/100\n|cant|p1b: Ninetales|flinch\n|move|p1a: Milotic|Scald|p2a: Iron Hands\n|-damage|p2a: Iron Hands|86\/100\n|move|p2b: Cresselia|Trick Room|p2b: Cresselia\n|-fieldstart|move: Trick Room|[of] p2b: Cresselia\n|\n|-weather|Snow|[upkeep]\n|upkeep\n|turn|2\n|\n|t:|1697825818\n|switch|p1a: Sinistcha|Sinistcha, shiny|100\/100\n|-heal|p1b: Ninetales|100\/100|[from] ability: Hospitality|[of] p1a: Sinistcha\n|move|p2a: Iron Hands|Close Combat|p1b: Ninetales\n|-damage|p1b: Ninetales|43\/100\n|-unboost|p2a: Iron Hands|def|1\n|-unboost|p2a: Iron Hands|spd|1\n|move|p2b: Cresselia|Psychic|p1b: Ninetales\n|-damage|p1b: Ninetales|20\/100\n|move|p1b: Ninetales|Aurora Veil|p1b: Ninetales\n|-sidestart|p1: ChildishMamba|move: Aurora Veil\n|\n|-weather|Snow|[upkeep]\n|upkeep\n|turn|3\n|\n|t:|1697825856\n|move|p1b: Ninetales|Helping Hand|p1a: Sinistcha\n|-singleturn|p1a: Sinistcha|Helping Hand|[of] p1b: Ninetales\n|move|p2a: Iron Hands|Ice Punch|p1a: Sinistcha\n|-supereffective|p1a: Sinistcha\n|-damage|p1a: Sinistcha|74\/100\n|move|p1a: Sinistcha|Matcha Gotcha|p2a: Iron Hands|[spread] p2a\n|-miss|p1a: Sinistcha|p2b: Cresselia\n|-crit|p2a: Iron Hands\n|-damage|p2a: Iron Hands|48\/100\n|-heal|p1a: Sinistcha|99\/100|[from] drain|[of] p2a: Iron Hands\n|move|p2b: Cresselia|Psychic|p1b: Ninetales\n|-damage|p1b: Ninetales|5\/100\n|\n|-weather|Snow|[upkeep]\n|upkeep\n|turn|4\n|\n|t:|1697825897\n|move|p1a: Sinistcha|Rage Powder|p1a: Sinistcha\n|-singleturn|p1a: Sinistcha|move: Rage Powder\n|move|p2a: Iron Hands|Ice Punch|p1a: Sinistcha\n|-supereffective|p1a: Sinistcha\n|-damage|p1a: Sinistcha|69\/100\n|move|p2b: Cresselia|Psychic|p1b: Ninetales\n|-damage|p1b: Ninetales|0 fnt\n|faint|p1b: Ninetales\n|\n|-weather|Snow|[upkeep]\n|upkeep\n|\n|t:|1697825910\n|switch|p1b: Chi-Yu|Chi-Yu|100\/100\n|-ability|p1b: Chi-Yu|Beads of Ruin\n|turn|5\n|\n|t:|1697825929\n|switch|p2b: Clodsire|Clodsire, M|100\/100\n|-terastallize|p1b: Chi-Yu|Ghost\n|move|p2a: Iron Hands|Close Combat|p1b: Chi-Yu\n|-immune|p1b: Chi-Yu\n|move|p1a: Sinistcha|Matcha Gotcha|p2b: Clodsire|[spread] p2a,p2b\n|-crit|p2b: Clodsire\n|-damage|p2a: Iron Hands|23\/100\n|-heal|p1a: Sinistcha|85\/100|[from] drain|[of] p2a: Iron Hands\n|-damage|p2b: Clodsire|74\/100\n|-heal|p1a: Sinistcha|100\/100|[from] drain|[of] p2b: Clodsire\n|move|p1b: Chi-Yu|Snarl|p2b: Clodsire|[spread] p2a,p2b\n|-resisted|p2a: Iron Hands\n|-damage|p2a: Iron Hands|8\/100\n|-damage|p2b: Clodsire|55\/100\n|-unboost|p2a: Iron Hands|spa|1\n|-unboost|p2b: Clodsire|spa|1\n|-damage|p1b: Chi-Yu|91\/100|[from] item: Life Orb\n|\n|-weather|none\n|-heal|p2b: Clodsire|61\/100|[from] item: Leftovers\n|-fieldend|move: Trick Room\n|upkeep\n|turn|6\n|\n|t:|1697825960\n|move|p1b: Chi-Yu|Heat Wave|p2b: Clodsire|[spread] p2a,p2b\n|-damage|p2a: Iron Hands|0 fnt\n|-damage|p2b: Clodsire|27\/100\n|-status|p2b: Clodsire|brn\n|faint|p2a: Iron Hands\n|-end|p2a: Iron Hands|Quark Drive|[silent]\n|-damage|p1b: Chi-Yu|81\/100|[from] item: Life Orb\n|move|p1a: Sinistcha|Strength Sap|p2b: Clodsire\n|-unboost|p2b: Clodsire|atk|1\n|move|p2b: Clodsire|Toxic|p1b: Chi-Yu\n|-status|p1b: Chi-Yu|tox\n|\n|-heal|p2b: Clodsire|33\/100 brn|[from] item: Leftovers\n|-damage|p1b: Chi-Yu|75\/100 tox|[from] psn\n|-damage|p2b: Clodsire|27\/100 brn|[from] brn\n|upkeep\n|\n|t:|1697825975\n|switch|p2a: Grimmsnarl|Grimmsnarl, M|100\/100\n|turn|7\n|\n|t:|1697825995\n|move|p2b: Clodsire|Protect|p2b: Clodsire\n|-singleturn|p2b: Clodsire|Protect\n|move|p2a: Grimmsnarl|Light Screen|p2a: Grimmsnarl\n|-sidestart|p2: louisbmay|move: Light Screen\n|move|p1b: Chi-Yu|Heat Wave|p2a: Grimmsnarl|[spread] p2a\n|-activate|p2b: Clodsire|move: Protect\n|-damage|p2a: Grimmsnarl|63\/100\n|-damage|p1b: Chi-Yu|65\/100 tox|[from] item: Life Orb\n|move|p1a: Sinistcha|Matcha Gotcha|p2b: Clodsire|[spread] p2a\n|-activate|p2b: Clodsire|move: Protect\n|-damage|p2a: Grimmsnarl|43\/100\n|\n|-heal|p2b: Clodsire|33\/100 brn|[from] item: Leftovers\n|-damage|p1b: Chi-Yu|53\/100 tox|[from] psn\n|-damage|p2b: Clodsire|27\/100 brn|[from] brn\n|upkeep\n|turn|8\n|\n|t:|1697826024\n|move|p2a: Grimmsnarl|Reflect|p2a: Grimmsnarl\n|-sidestart|p2: louisbmay|Reflect\n|move|p1b: Chi-Yu|Heat Wave|p2b: Clodsire|[spread] p2a,p2b\n|-damage|p2a: Grimmsnarl|4\/100\n|-damage|p2b: Clodsire|5\/100 brn\n|-damage|p1b: Chi-Yu|43\/100 tox|[from] item: Life Orb\n|move|p1a: Sinistcha|Matcha Gotcha|p2b: Clodsire|[spread] p2a,p2b\n|-damage|p2a: Grimmsnarl|0 fnt\n|-damage|p2b: Clodsire|0 fnt\n|faint|p2a: Grimmsnarl\n|faint|p2b: Clodsire\n|\n|-damage|p1b: Chi-Yu|25\/100 tox|[from] psn\n|upkeep\n|\n|t:|1697826040\n|switch|p2a: Gholdengo|Gholdengo|100\/100\n|switch|p2b: Dragonite|Dragonite, M|100\/100\n|turn|9\n|\n|t:|1697826053\n|-terastallize|p2a: Gholdengo|Steel\n|move|p1b: Chi-Yu|Protect|p1b: Chi-Yu\n|-singleturn|p1b: Chi-Yu|Protect\n|move|p2b: Dragonite|Fire Punch|p1a: Sinistcha\n|-supereffective|p1a: Sinistcha\n|-damage|p1a: Sinistcha|57\/100\n|move|p2a: Gholdengo|Nasty Plot|p2a: Gholdengo\n|-boost|p2a: Gholdengo|spa|2\n|move|p1a: Sinistcha|Strength Sap|p2b: Dragonite\n|-unboost|p2b: Dragonite|atk|1\n|-heal|p1a: Sinistcha|100\/100\n|\n|-damage|p1b: Chi-Yu|1\/100 tox|[from] psn\n|-sideend|p1: ChildishMamba|move: Aurora Veil\n|upkeep\n|turn|10\n|\n|t:|1697826080\n|move|p1b: Chi-Yu|Heat Wave|p2a: Gholdengo|[spread] p2b\n|-miss|p1b: Chi-Yu|p2a: Gholdengo\n|-resisted|p2b: Dragonite\n|-damage|p2b: Dragonite|83\/100\n|-damage|p1b: Chi-Yu|0 fnt|[from] item: Life Orb\n|faint|p1b: Chi-Yu\n|move|p2b: Dragonite|Fire Punch|p1a: Sinistcha\n|-supereffective|p1a: Sinistcha\n|-damage|p1a: Sinistcha|62\/100\n|move|p2a: Gholdengo|Make It Rain|p1a: Sinistcha\n|-damage|p1a: Sinistcha|0 fnt\n|-unboost|p2a: Gholdengo|spa|1\n|faint|p1a: Sinistcha\n|-damage|p2a: Gholdengo|91\/100|[from] item: Life Orb\n|\n|upkeep\n|\n|t:|1697826107\n|switch|p1b: Milotic|Milotic, F, shiny|100\/100\n|switch|p1a: Iron Hands|Iron Hands, shiny|100\/100\n|turn|11\n|\n|t:|1697826127\n|switch|p2b: Cresselia|Cresselia, F|100\/100\n|move|p2a: Gholdengo|Protect|p2a: Gholdengo\n|-singleturn|p2a: Gholdengo|Protect\n|move|p1a: Iron Hands|Fake Out|p2a: Gholdengo\n|-activate|p2a: Gholdengo|move: Protect\n|move|p1b: Milotic|Icy Wind|p2a: Gholdengo|[spread] p2b\n|-activate|p2a: Gholdengo|move: Protect\n|-damage|p2b: Cresselia|97\/100\n|-unboost|p2b: Cresselia|spe|1\n|\n|upkeep\n|turn|12\n|\n|t:|1697826161\n|move|p2b: Cresselia|Ally Switch|p2b: Cresselia\n|swap|p2b: Cresselia|0|[from] move: Ally Switch\n|move|p2b: Gholdengo|Make It Rain|p1a: Iron Hands|[spread] p1a,p1b\n|-resisted|p1a: Iron Hands\n|-resisted|p1b: Milotic\n|-damage|p1a: Iron Hands|62\/100\n|-damage|p1b: Milotic|53\/100\n|-unboost|p2b: Gholdengo|spa|1\n|-damage|p2b: Gholdengo|81\/100|[from] item: Life Orb\n|move|p1b: Milotic|Ice Beam|p2b: Gholdengo\n|-resisted|p2b: Gholdengo\n|-damage|p2b: Gholdengo|73\/100\n|move|p1a: Iron Hands|Drain Punch|p2a: Cresselia\n|-resisted|p2a: Cresselia\n|-crit|p2a: Cresselia\n|-damage|p2a: Cresselia|76\/100\n|-heal|p1a: Iron Hands|71\/100|[from] drain|[of] p2a: Cresselia\n|\n|upkeep\n|turn|13\n|\n|t:|1697826196\n|switch|p2b: Dragonite|Dragonite, M|83\/100\n|move|p1b: Milotic|Icy Wind|p2b: Dragonite|[spread] p2a,p2b\n|-supereffective|p2b: Dragonite\n|-damage|p2a: Cresselia|72\/100\n|-damage|p2b: Dragonite|60\/100\n|-unboost|p2a: Cresselia|spe|1\n|-unboost|p2b: Dragonite|spe|1\n|move|p1a: Iron Hands|Volt Switch|p2a: Cresselia\n|-damage|p2a: Cresselia|67\/100\n|\n|t:|1697826206\n|-end|p1a: Iron Hands|Quark Drive|[silent]\n|switch|p1a: Arcanine|Arcanine-Hisui, F|100\/100|[from] Volt Switch\n|move|p2a: Cresselia|Trick Room|p2a: Cresselia\n|-fieldstart|move: Trick Room|[of] p2a: Cresselia\n|\n|upkeep\n|turn|14\n|\n|t:|1697826240\n|move|p2a: Cresselia|Lunar Blessing|p2a: Cresselia|[spread] p2a,p2b\n|-heal|p2a: Cresselia|92\/100\n|-heal|p2b: Dragonite|85\/100\n|move|p2b: Dragonite|Dragon Claw|p1a: Arcanine\n|-damage|p1a: Arcanine|8\/100\n|move|p1b: Milotic|Ice Beam|p2b: Dragonite\n|-supereffective|p2b: Dragonite\n|-damage|p2b: Dragonite|34\/100\n|move|p1a: Arcanine|Will-O-Wisp|p2b: Dragonite\n|-status|p2b: Dragonite|brn\n|\n|-damage|p2b: Dragonite|27\/100 brn|[from] brn\n|-sideend|p2: louisbmay|move: Light Screen\n|upkeep\n|turn|15\n|\n|t:|1697826275\n|move|p2a: Cresselia|Ally Switch|p2a: Cresselia\n|swap|p2a: Cresselia|1|[from] move: Ally Switch\n|move|p1a: Arcanine|Extreme Speed|p2b: Cresselia\n|-damage|p2b: Cresselia|82\/100\n|move|p2a: Dragonite|Dragon Claw|p1a: Arcanine\n|-damage|p1a: Arcanine|0 fnt\n|faint|p1a: Arcanine\n|move|p1b: Milotic|Ice Beam|p2b: Cresselia\n|-damage|p2b: Cresselia|71\/100\n|\n|-damage|p2a: Dragonite|21\/100 brn|[from] brn\n|-sideend|p2: louisbmay|Reflect\n|upkeep\n|\n|t:|1697826289\n|switch|p1a: Iron Hands|Iron Hands, shiny|71\/100\n|turn|16\n|\n|t:|1697826297\n|move|p1a: Iron Hands|Fake Out|p2b: Cresselia\n|-damage|p2b: Cresselia|60\/100\n|cant|p2b: Cresselia|flinch\n|move|p2a: Dragonite|Dragon Claw|p1b: Milotic\n|-damage|p1b: Milotic|26\/100\n|move|p1b: Milotic|Icy Wind|p2a: Dragonite|[spread] p2a,p2b\n|-supereffective|p2a: Dragonite\n|-damage|p2a: Dragonite|0 fnt\n|-damage|p2b: Cresselia|54\/100\n|-unboost|p2b: Cresselia|spe|1\n|faint|p2a: Dragonite\n|\n|upkeep\n|\n|t:|1697826308\n|switch|p2a: Gholdengo|Gholdengo, tera:Steel|73\/100\n|turn|17\n|\n|t:|1697826321\n|move|p2b: Cresselia|Ally Switch|p2b: Cresselia\n|swap|p2b: Cresselia|0|[from] move: Ally Switch\n|move|p1a: Iron Hands|Drain Punch|p2b: Gholdengo\n|-supereffective|p2b: Gholdengo\n|-damage|p2b: Gholdengo|0 fnt\n|-heal|p1a: Iron Hands|93\/100|[from] drain|[of] p2b: Gholdengo\n|faint|p2b: Gholdengo\n|move|p1b: Milotic|Recover|p1b: Milotic\n|-heal|p1b: Milotic|76\/100\n|\n|-fieldend|move: Trick Room\n|upkeep\n|turn|18\n|c|\u2606louisbmay|ggs\n|c|\u2606louisbmay|big predictionm\n|\n|t:|1697826348\n|move|p1b: Milotic|Scald|p2a: Cresselia\n|-damage|p2a: Cresselia|39\/100\n|move|p1a: Iron Hands|Thunder Punch|p2a: Cresselia\n|-damage|p2a: Cresselia|7\/100\n|move|p2a: Cresselia|Trick Room|p2a: Cresselia\n|-fieldstart|move: Trick Room|[of] p2a: Cresselia\n|\n|upkeep\n|turn|19\n|inactive|Battle timer is ON: inactive players will automatically lose when time's up. (requested by louisbmay)\n|\n|t:|1697826362\n|move|p2a: Cresselia|Psychic|p1a: Iron Hands\n|-supereffective|p1a: Iron Hands\n|-damage|p1a: Iron Hands|64\/100\n|move|p1a: Iron Hands|Thunder Punch|p2a: Cresselia\n|-damage|p2a: Cresselia|0 fnt\n|faint|p2a: Cresselia\n|\n|win|ChildishMamba\n|raw|ChildishMamba's rating: 1110 &rarr; <strong>1138<\/strong><br \/>(+28 for winning)\n|raw|louisbmay's rating: 1156 &rarr; <strong>1128<\/strong><br \/>(-28 for losing)\n|l|\u2606louisbmay\n|c|\u2606ChildishMamba|Gg man that was tough\n","uploadtime":1697826415,"views":14,"p1id":"childishmamba","p2id":"louisbmay","formatid":"gen9doublesou","rating":1128,"private":0,"password":""}