{"id":"gen9doublesou-1983290552","p1":"garbonzo5285","p2":"cotesmcgotes","format":"[Gen 9] Doubles OU","log":"|j|\u2606garbonzo5285\n|j|\u2606cotesmcgotes\n|t:|1699114733\n|gametype|doubles\n|player|p1|garbonzo5285|wallace|1094\n|player|p2|cotesmcgotes|flannery|1198\n|teamsize|p1|6\n|teamsize|p2|6\n|gen|9\n|tier|[Gen 9] Doubles OU\n|rated|\n|rule|Species Clause: Limit one of each Pok\u00e9mon\n|rule|OHKO Clause: OHKO moves are banned\n|rule|Evasion Moves Clause: Evasion moves are banned\n|rule|Gravity Sleep Clause: The combination of sleep-inducing moves with imperfect accuracy and Gravity or Gigantamax Orbeetle are banned\n|rule|Endless Battle Clause: Forcing endless battles is banned\n|rule|HP Percentage Mod: HP is shown in percentages\n|clearpoke\n|poke|p1|Illumise, F|\n|poke|p1|Gyarados, F|\n|poke|p1|Flamigo, F|\n|poke|p1|Pawmot, M|\n|poke|p1|Snorlax, M|\n|poke|p1|Kingambit, F|\n|poke|p2|Tornadus, M|\n|poke|p2|Pelipper, F|\n|poke|p2|Manaphy|\n|poke|p2|Landorus-Therian, M|\n|poke|p2|Brute Bonnet|\n|poke|p2|Diancie|\n|teampreview\n|\n|t:|1699114741\n|start\n|switch|p1a: anger snek|Gyarados, F, shiny|100\/100\n|switch|p1b: ice spice|Illumise, F|100\/100\n|switch|p2a: Pelipper|Pelipper, F|100\/100\n|switch|p2b: Landorus|Landorus-Therian, M|100\/100\n|-ability|p2b: Landorus|Intimidate|boost\n|-unboost|p1a: anger snek|atk|1\n|-unboost|p1b: ice spice|atk|1\n|-weather|RainDance|[from] ability: Drizzle|[of] p2a: Pelipper\n|turn|1\n|inactive|Battle timer is ON: inactive players will automatically lose when time's up. (requested by cotesmcgotes)\n|\n|t:|1699114763\n|switch|p1b: gyat|Snorlax, M|100\/100\n|switch|p1a: pikapikapikapika|Pawmot, M|100\/100\n|move|p2b: Landorus|U-turn|p1b: gyat\n|-damage|p1b: gyat|79\/100\n|\n|t:|1699114777\n|switch|p2b: Diancie|Diancie|100\/100|[from] U-turn\n|move|p2a: Pelipper|Tailwind|p2a: Pelipper\n|-sidestart|p2: cotesmcgotes|move: Tailwind\n|\n|-weather|RainDance|[upkeep]\n|-heal|p1b: gyat|85\/100|[from] item: Leftovers\n|upkeep\n|turn|2\n|inactive|garbonzo5285 has 120 seconds left.\n|\n|t:|1699114832\n|switch|p2a: Brute Bonnet|Brute Bonnet|100\/100\n|move|p2b: Diancie|Play Rough|p1a: pikapikapikapika\n|-supereffective|p1a: pikapikapikapika\n|-enditem|p1a: pikapikapikapika|Focus Sash\n|-damage|p1a: pikapikapikapika|1\/100\n|move|p1a: pikapikapikapika|Double Shock|p2a: Brute Bonnet\n|-resisted|p2a: Brute Bonnet\n|-damage|p2a: Brute Bonnet|74\/100\n|-start|p1a: pikapikapikapika|typechange|???\/Fighting|[from] move: Double Shock\n|move|p1b: gyat|Rock Slide|p2b: Diancie|[spread] p2a,p2b\n|-damage|p2a: Brute Bonnet|58\/100\n|-damage|p2b: Diancie|80\/100\n|\n|-weather|RainDance|[upkeep]\n|-heal|p2a: Brute Bonnet|64\/100|[from] item: Leftovers\n|-heal|p1b: gyat|91\/100|[from] item: Leftovers\n|upkeep\n|turn|3\n|inactive|cotesmcgotes has 120 seconds left.\n|\n|t:|1699114887\n|move|p2b: Diancie|Diamond Storm|p1b: gyat|[spread] p1a,p1b\n|-resisted|p1a: pikapikapikapika\n|-damage|p1a: pikapikapikapika|0 fnt\n|-damage|p1b: gyat|59\/100\n|faint|p1a: pikapikapikapika\n|move|p2a: Brute Bonnet|Spore|p1b: gyat\n|-status|p1b: gyat|slp|[from] move: Spore\n|cant|p1b: gyat|slp\n|\n|-weather|RainDance|[upkeep]\n|-heal|p2a: Brute Bonnet|70\/100|[from] item: Leftovers\n|-heal|p1b: gyat|65\/100 slp|[from] item: Leftovers\n|upkeep\n|\n|t:|1699114898\n|switch|p1a: ice spice|Illumise, F|100\/100\n|turn|4\n|inactive|cotesmcgotes has 120 seconds left.\n|\n|t:|1699114916\n|-end|p2a: Brute Bonnet|Protosynthesis|[silent]\n|switch|p2a: Tornadus|Tornadus, M, shiny|100\/100\n|switch|p1b: anger snek|Gyarados, F, shiny|100\/100\n|move|p1a: ice spice|Tailwind|p1a: ice spice\n|-sidestart|p1: garbonzo5285|move: Tailwind\n|move|p2b: Diancie|Diamond Storm|p1b: anger snek|[spread] p1a,p1b\n|-supereffective|p1a: ice spice\n|-supereffective|p1b: anger snek\n|-crit|p1b: anger snek\n|-damage|p1a: ice spice|0 fnt\n|-damage|p1b: anger snek|0 fnt\n|-boost|p2b: Diancie|def|2\n|faint|p1a: ice spice\n|faint|p1b: anger snek\n|\n|-weather|RainDance|[upkeep]\n|-sideend|p2: cotesmcgotes|move: Tailwind\n|upkeep\n|inactive|garbonzo5285 has 120 seconds left.\n|\n|t:|1699114941\n|switch|p1a: emo|Kingambit, F|100\/100\n|switch|p1b: naruto?|Flamigo, F|100\/100\n|-copyboost|p1b: naruto?|p1a: emo|[from] ability: Costar\n|-activate|p1a: emo|ability: Supreme Overlord\n|-start|p1a: emo|fallen3|[silent]\n|turn|5\n|inactive|garbonzo5285 has 120 seconds left.\n|inactive|cotesmcgotes has 120 seconds left.\n|\n|t:|1699114989\n|move|p2a: Tornadus|Tailwind|p2a: Tornadus\n|-sidestart|p2: cotesmcgotes|move: Tailwind\n|move|p1b: naruto?|Brave Bird|p2a: Tornadus\n|-damage|p2a: Tornadus|3\/100\n|-damage|p1b: naruto?|69\/100|[from] Recoil\n|move|p1a: emo|Iron Head|p2b: Diancie\n|-supereffective|p2b: Diancie\n|-damage|p2b: Diancie|0 fnt\n|faint|p2b: Diancie\n|\n|-weather|RainDance|[upkeep]\n|upkeep\n|inactive|cotesmcgotes has 90 seconds left.\n|\n|t:|1699115006\n|switch|p2b: Landorus|Landorus-Therian, M|100\/100\n|-ability|p2b: Landorus|Intimidate|boost\n|-unboost|p1a: emo|atk|1\n|-unboost|p1b: naruto?|atk|1\n|turn|6\n|\n|t:|1699115019\n|move|p2a: Tornadus|Bleakwind Storm|p1b: naruto?|[spread] p1a,p1b\n|-resisted|p1a: emo\n|-supereffective|p1b: naruto?\n|-damage|p1a: emo|87\/100\n|-damage|p1b: naruto?|0 fnt\n|faint|p1b: naruto?\n|move|p2b: Landorus|Brick Break|p1a: emo\n|-supereffective|p1a: emo\n|-crit|p1a: emo\n|-damage|p1a: emo|0 fnt\n|faint|p1a: emo\n|-end|p1a: emo|fallen3|[silent]\n|\n|-weather|RainDance|[upkeep]\n|upkeep\n|\n|t:|1699115029\n|switch|p1b: gyat|Snorlax, M|65\/100 slp\n|turn|7\n|inactive|cotesmcgotes has 120 seconds left.\n|\n|t:|1699115044\n|move|p2a: Tornadus|Taunt|p1b: gyat\n|-start|p1b: gyat|move: Taunt\n|move|p2b: Landorus|Brick Break|p1b: gyat\n|-supereffective|p1b: gyat\n|-damage|p1b: gyat|17\/100 slp\n|cant|p1b: gyat|slp\n|\n|-weather|RainDance|[upkeep]\n|-heal|p1b: gyat|23\/100 slp|[from] item: Leftovers\n|-sideend|p1: garbonzo5285|move: Tailwind\n|upkeep\n|turn|8\n|inactive|garbonzo5285 has 120 seconds left.\n|\n|t:|1699115091\n|-terastallize|p1b: gyat|Flying\n|move|p2a: Tornadus|Weather Ball|p1b: gyat\n|-damage|p1b: gyat|0 fnt\n|faint|p1b: gyat\n|\n|win|cotesmcgotes\n|raw|garbonzo5285's rating: 1094 &rarr; <strong>1077<\/strong><br \/>(-17 for losing)\n|raw|cotesmcgotes's rating: 1198 &rarr; <strong>1216<\/strong><br \/>(+18 for winning)\n|l|\u2606garbonzo5285\n","uploadtime":1699115112,"views":10,"p1id":"garbonzo5285","p2id":"cotesmcgotes","formatid":"gen9doublesou","rating":1077,"private":0,"password":""}