{"id":"gen9doublesou-1975368496","p1":"bydy2","p2":"Xoticc_Gaming","format":"[Gen 9] Doubles OU","log":"|j|\u2606bydy2\n|j|\u2606Xoticc_Gaming\n|inactive|Battle timer is ON: inactive players will automatically lose when time's up.\n|j|*Lady Monita \u263d\n|t:|1698183977\n|gametype|doubles\n|player|p1|bydy2|barry|\n|player|p2|Xoticc_Gaming|102|\n|teamsize|p1|6\n|teamsize|p2|6\n|gen|9\n|tier|[Gen 9] Doubles OU\n|rated|Tournament battle\n|rule|Species Clause: Limit one of each Pok\u00e9mon\n|rule|OHKO Clause: OHKO moves are banned\n|rule|Evasion Moves Clause: Evasion moves are banned\n|rule|Gravity Sleep Clause: The combination of sleep-inducing moves with imperfect accuracy and Gravity or Gigantamax Orbeetle are banned\n|rule|Endless Battle Clause: Forcing endless battles is banned\n|rule|HP Percentage Mod: HP is shown in percentages\n|clearpoke\n|poke|p1|Corvisquire, F|\n|poke|p1|Scizor, M|\n|poke|p1|Milotic, M|\n|poke|p1|Murkrow, F|\n|poke|p1|Arcanine, F|\n|poke|p1|Raichu, M|\n|poke|p2|Gastly, M|\n|poke|p2|Toxtricity, F|\n|poke|p2|Wooper-Paldea, M|\n|poke|p2|Clefable, M|\n|poke|p2|Lucario, M|\n|poke|p2|Crawdaunt, F|\n|teampreview\n|\n|t:|1698183995\n|start\n|switch|p1a: Murkrow|Murkrow, F|100\/100\n|switch|p1b: Raichu|Raichu, M|100\/100\n|switch|p2a: Gastly|Gastly, M|100\/100\n|switch|p2b: Toxtricity|Toxtricity, F|100\/100\n|turn|1\n|\n|t:|1698184003\n|move|p1b: Raichu|Fake Out|p2b: Toxtricity\n|-damage|p2b: Toxtricity|91\/100\n|move|p1a: Murkrow|Tailwind|p1a: Murkrow\n|-sidestart|p1: bydy2|move: Tailwind\n|move|p2a: Gastly|Icy Wind|p1b: Raichu|[spread] p1a,p1b\n|-supereffective|p1a: Murkrow\n|-damage|p1a: Murkrow|80\/100\n|-damage|p1b: Raichu|83\/100\n|-unboost|p1a: Murkrow|spe|1\n|-unboost|p1b: Raichu|spe|1\n|cant|p2b: Toxtricity|flinch\n|\n|upkeep\n|turn|2\n|inactive|bydy2 has 120 seconds left.\n|\n|t:|1698184050\n|move|p1b: Raichu|Volt Switch|p2b: Toxtricity\n|-resisted|p2b: Toxtricity\n|-damage|p2b: Toxtricity|77\/100\n|\n|t:|1698184055\n|switch|p1b: Arcanine|Arcanine, F|100\/100|[from] Volt Switch\n|-ability|p1b: Arcanine|Intimidate|boost\n|-unboost|p2a: Gastly|atk|1\n|-unboost|p2b: Toxtricity|atk|1\n|move|p1a: Murkrow|Foul Play|p2a: Gastly\n|-supereffective|p2a: Gastly\n|-damage|p2a: Gastly|11\/100\n|move|p2a: Gastly|Destiny Bond|p2a: Gastly\n|-singlemove|p2a: Gastly|Destiny Bond\n|move|p2b: Toxtricity|Boomburst|p1b: Arcanine|[spread] p1a,p1b\n|-immune|p2a: Gastly\n|-crit|p1a: Murkrow\n|-damage|p1a: Murkrow|25\/100\n|-damage|p1b: Arcanine|64\/100\n|\n|upkeep\n|turn|3\n|j| DragonPhoenix333\n|inactive|bydy2 has 120 seconds left.\n|\n|t:|1698184084\n|switch|p2b: Wooper|Wooper-Paldea, M|100\/100\n|move|p1b: Arcanine|Flare Blitz|p2b: Wooper\n|-damage|p2b: Wooper|63\/100\n|-damage|p1b: Arcanine|54\/100|[from] Recoil\n|move|p1a: Murkrow|Foul Play|p2a: Gastly\n|-supereffective|p2a: Gastly\n|-damage|p2a: Gastly|0 fnt\n|faint|p2a: Gastly\n|-activate|p2a: Gastly|move: Destiny Bond\n|faint|p1a: Murkrow\n|\n|upkeep\n|\n|t:|1698184095\n|switch|p2a: Crawdaunt|Crawdaunt, F|100\/100\n|switch|p1a: Scizor|Scizor, M|100\/100\n|turn|4\n|\n|t:|1698184126\n|switch|p1b: Milotic|Milotic, M|100\/100\n|move|p1a: Scizor|Close Combat|p2a: Crawdaunt\n|-supereffective|p2a: Crawdaunt\n|-damage|p2a: Crawdaunt|0 fnt\n|-unboost|p1a: Scizor|def|1\n|-unboost|p1a: Scizor|spd|1\n|faint|p2a: Crawdaunt\n|move|p2b: Wooper|Recover|p2b: Wooper\n|-heal|p2b: Wooper|100\/100\n|\n|-sideend|p1: bydy2|move: Tailwind\n|upkeep\n|inactive|Xoticc_Gaming has 120 seconds left.\n|l| DragonPhoenix333\n|\n|t:|1698184155\n|switch|p2a: Lucario|Lucario, M|100\/100\n|turn|5\n|\n|t:|1698184165\n|switch|p1a: Arcanine|Arcanine, F|54\/100\n|-ability|p1a: Arcanine|Intimidate|boost\n|-unboost|p2a: Lucario|atk|1\n|-unboost|p2b: Wooper|atk|1\n|move|p2a: Lucario|Close Combat|p1a: Arcanine\n|-damage|p1a: Arcanine|4\/100\n|-unboost|p2a: Lucario|def|1\n|-unboost|p2a: Lucario|spd|1\n|-enditem|p1a: Arcanine|Sitrus Berry|[eat]\n|-heal|p1a: Arcanine|29\/100|[from] item: Sitrus Berry\n|-damage|p2a: Lucario|91\/100|[from] item: Life Orb\n|move|p1b: Milotic|Scald|p2a: Lucario\n|-damage|p2a: Lucario|25\/100\n|move|p2b: Wooper|Toxic|p1b: Milotic\n|-status|p1b: Milotic|tox\n|\n|-damage|p1b: Milotic|94\/100 tox|[from] psn\n|upkeep\n|turn|6\n|inactive|Xoticc_Gaming has 120 seconds left.\n|\n|t:|1698184205\n|switch|p2a: Clefable|Clefable, M|100\/100\n|move|p1a: Arcanine|Extreme Speed|p2a: Clefable\n|-damage|p2a: Clefable|84\/100\n|move|p1b: Milotic|Scald|p2b: Wooper\n|-supereffective|p2b: Wooper\n|-damage|p2b: Wooper|0 fnt\n|faint|p2b: Wooper\n|\n|-heal|p1b: Milotic|100\/100 tox|[from] item: Leftovers\n|-damage|p1b: Milotic|88\/100 tox|[from] psn\n|upkeep\n|\n|t:|1698184217\n|switch|p2b: Toxtricity|Toxtricity, F|77\/100\n|turn|7\n|\n|t:|1698184229\n|switch|p1b: Raichu|Raichu, M|83\/100\n|move|p1a: Arcanine|Flare Blitz|p2a: Clefable\n|-damage|p2a: Clefable|48\/100\n|-damage|p1a: Arcanine|17\/100|[from] Recoil\n|move|p2b: Toxtricity|Overdrive|p1b: Raichu|[spread] p1a\n|-ability|p1b: Raichu|Lightning Rod|boost\n|-boost|p1b: Raichu|spa|1\n|-damage|p1a: Arcanine|0 fnt\n|faint|p1a: Arcanine\n|move|p2a: Clefable|Moonblast|p1b: Raichu\n|-damage|p1b: Raichu|13\/100\n|\n|upkeep\n|\n|t:|1698184243\n|switch|p1a: Corvisquire|Corvisquire, F|100\/100\n|-ability|p1a: Corvisquire|Unnerve\n|turn|8\n|\n|t:|1698184271\n|move|p1b: Raichu|Volt Switch|p2a: Clefable\n|-damage|p2a: Clefable|5\/100\n|\n|t:|1698184274\n|switch|p1b: Scizor|Scizor, M|100\/100|[from] Volt Switch\n|move|p1a: Corvisquire|Tailwind|p1a: Corvisquire\n|-sidestart|p1: bydy2|move: Tailwind\n|move|p2b: Toxtricity|Sludge Bomb|p1b: Scizor\n|-immune|p1b: Scizor\n|move|p2a: Clefable|Wish|p2a: Clefable\n|\n|upkeep\n|turn|9\n|\n|t:|1698184302\n|move|p2a: Clefable|Protect|p2a: Clefable\n|-singleturn|p2a: Clefable|Protect\n|move|p1a: Corvisquire|Drill Peck|p2a: Clefable\n|-activate|p2a: Clefable|move: Protect\n|move|p1b: Scizor|U-turn|p2b: Toxtricity\n|-resisted|p2b: Toxtricity\n|-damage|p2b: Toxtricity|42\/100\n|\n|t:|1698184309\n|switch|p1b: Raichu|Raichu, M|13\/100|[from] U-turn\n|move|p2b: Toxtricity|Boomburst|p1b: Raichu|[spread] p1a,p1b\n|-activate|p2a: Clefable|move: Protect\n|-damage|p1a: Corvisquire|4\/100\n|-damage|p1b: Raichu|0 fnt\n|faint|p1b: Raichu\n|\n|-heal|p2a: Clefable|55\/100|[from] move: Wish|[wisher] Clefable\n|upkeep\n|\n|t:|1698184317\n|switch|p1b: Scizor|Scizor, M|100\/100\n|turn|10\n|inactive|bydy2 has 120 seconds left.\n|\n|t:|1698184369\n|-terastallize|p1b: Scizor|Steel\n|-terastallize|p2b: Toxtricity|Flying\n|move|p1b: Scizor|Bullet Punch|p2b: Toxtricity\n|-damage|p2b: Toxtricity|0 fnt\n|faint|p2b: Toxtricity\n|move|p1a: Corvisquire|Taunt|p2a: Clefable\n|-start|p2a: Clefable|move: Taunt\n|move|p2a: Clefable|Moonblast|p1a: Corvisquire\n|-damage|p1a: Corvisquire|0 fnt\n|faint|p1a: Corvisquire\n|\n|upkeep\n|inactive|bydy2 has 120 seconds left.\n|\n|t:|1698184394\n|switch|p1a: Milotic|Milotic, M|88\/100 tox\n|switch|p2b: Lucario|Lucario, M|25\/100\n|turn|11\n|\n|t:|1698184403\n|move|p1b: Scizor|Bullet Punch|p2a: Clefable\n|-supereffective|p2a: Clefable\n|-damage|p2a: Clefable|0 fnt\n|faint|p2a: Clefable\n|move|p1a: Milotic|Scald|p2b: Lucario\n|-damage|p2b: Lucario|0 fnt\n|faint|p2b: Lucario\n|\n|win|bydy2\n|n|\u2606bydy2|bydy2\n|n|\u2606Xoticc_Gaming|xoticcgaming\n|n|*Lady Monita \u263d|ladymonita\n|l|*Lady Monita \u263d\n","uploadtime":1698184412,"views":24,"p1id":"bydy2","p2id":"xoticcgaming","formatid":"gen9doublesou","rating":0,"private":0,"password":""}