{"id":"gen9doublesou-1984771108","p1":"Meerli","p2":"FrostArcanine19","format":"[Gen 9] Doubles OU","log":"|j|\u2606Meerli\n|j|\u2606FrostArcanine19\n|inactive|Battle timer is ON: inactive players will automatically lose when time's up.\n|t:|1699297672\n|gametype|doubles\n|player|p1|Meerli|janitor|\n|player|p2|FrostArcanine19|bellelba|\n|teamsize|p1|6\n|teamsize|p2|6\n|gen|9\n|tier|[Gen 9] Doubles OU\n|rated|Tournament battle\n|rule|Species Clause: Limit one of each Pok\u00e9mon\n|rule|OHKO Clause: OHKO moves are banned\n|rule|Evasion Moves Clause: Evasion moves are banned\n|rule|Gravity Sleep Clause: The combination of sleep-inducing moves with imperfect accuracy and Gravity or Gigantamax Orbeetle are banned\n|rule|Endless Battle Clause: Forcing endless battles is banned\n|rule|HP Percentage Mod: HP is shown in percentages\n|clearpoke\n|poke|p1|Thwackey, M|\n|poke|p1|Skrelp, F|\n|poke|p1|Nacli, F|\n|poke|p1|Silicobra, M|\n|poke|p1|Shellos, F|\n|poke|p1|Espathra, F|\n|poke|p2|Steenee, F|\n|poke|p2|Gogoat, M|\n|poke|p2|Fidough, M|\n|poke|p2|Hatenna, F|\n|poke|p2|Cleffa, F|\n|poke|p2|Impidimp, M|\n|teampreview\n|j|*Lady Monita \u263d\n|inactive|Meerli also wants the timer to be on.\n|c|\u2606FrostArcanine19|glhf\n|j| Zwellish\n|inactive|Meerli has 120 seconds left.\n|inactive|Meerli has 90 seconds left.\n|inactive|Meerli has 60 seconds left.\n|j| SighofEnd\n|c| SighofEnd|hljf\n|c| SighofEnd|glhf*\n|\n|t:|1699297780\n|start\n|switch|p1a: Thwackey|Thwackey, M|100\/100\n|switch|p1b: Nacli|Nacli, F|100\/100\n|switch|p2a: Hatenna|Hatenna, F, shiny|100\/100\n|switch|p2b: Fidough|Fidough, M, shiny|100\/100\n|-fieldstart|move: Grassy Terrain|[from] ability: Grassy Surge|[of] p1a: Thwackey\n|turn|1\n|inactive|Meerli has 120 seconds left.\n|j|^HEAVY-DUTY B0OTY\n|inactive|FrostArcanine19 has 120 seconds left.\n|\n|t:|1699297832\n|move|p1a: Thwackey|U-turn|p2a: Hatenna\n|-supereffective|p2a: Hatenna\n|-damage|p2a: Hatenna|14\/100\n|\n|t:|1699297846\n|switch|p1a: Skrelp|Skrelp, F|100\/100|[from] U-turn\n|move|p2b: Fidough|Yawn|p1b: Nacli\n|-immune|p1b: Nacli|[from] ability: Purifying Salt\n|move|p2a: Hatenna|Nuzzle|p1a: Skrelp\n|-supereffective|p1a: Skrelp\n|-damage|p1a: Skrelp|96\/100\n|-status|p1a: Skrelp|par\n|move|p1b: Nacli|Rock Slide|p2a: Hatenna|[spread] p2b\n|-miss|p1b: Nacli|p2a: Hatenna\n|-damage|p2b: Fidough|87\/100\n|\n|-heal|p2b: Fidough|93\/100|[from] Grassy Terrain\n|-heal|p2a: Hatenna|20\/100|[from] Grassy Terrain\n|-heal|p1a: Skrelp|100\/100 par|[from] Grassy Terrain\n|upkeep\n|turn|2\n|j| Voltage fis\n|inactive|FrostArcanine19 has 120 seconds left.\n|l| Voltage fis\n|\n|t:|1699297863\n|move|p2b: Fidough|Protect|p2b: Fidough\n|-singleturn|p2b: Fidough|Protect\n|move|p2a: Hatenna|Psychic|p1a: Skrelp\n|-supereffective|p1a: Skrelp\n|-damage|p1a: Skrelp|43\/100 par\n|move|p1b: Nacli|Rock Slide|p2a: Hatenna|[spread] p2a\n|-activate|p2b: Fidough|move: Protect\n|-damage|p2a: Hatenna|5\/100\n|cant|p1a: Skrelp|par\n|\n|-heal|p2b: Fidough|99\/100|[from] Grassy Terrain\n|-heal|p2a: Hatenna|12\/100|[from] Grassy Terrain\n|-heal|p1a: Skrelp|50\/100 par|[from] Grassy Terrain\n|upkeep\n|turn|3\n|\n|t:|1699297880\n|move|p2b: Fidough|Play Rough|p1a: Skrelp\n|-resisted|p1a: Skrelp\n|-damage|p1a: Skrelp|36\/100 par\n|move|p2a: Hatenna|Psychic|p1a: Skrelp\n|-supereffective|p1a: Skrelp\n|-damage|p1a: Skrelp|0 fnt\n|faint|p1a: Skrelp\n|move|p1b: Nacli|Rock Slide|p2b: Fidough|[spread] p2a,p2b\n|-damage|p2a: Hatenna|0 fnt\n|-damage|p2b: Fidough|83\/100\n|faint|p2a: Hatenna\n|\n|-heal|p2b: Fidough|89\/100|[from] Grassy Terrain\n|upkeep\n|l| SighofEnd\n|inactive|Meerli has 120 seconds left.\n|\n|t:|1699297911\n|switch|p2a: Steenee|Steenee, F, shiny|100\/100\n|switch|p1a: Espathra|Espathra, F|100\/100\n|turn|4\n|\n|t:|1699297932\n|move|p1b: Nacli|Helping Hand|p1a: Espathra\n|-singleturn|p1a: Espathra|Helping Hand|[of] p1b: Nacli\n|move|p2a: Steenee|Grassy Glide|p1b: Nacli\n|-supereffective|p1b: Nacli\n|-damage|p1b: Nacli|81\/100\n|move|p1a: Espathra|Dazzling Gleam|p2b: Fidough|[spread] p2a,p2b\n|-damage|p2a: Steenee|58\/100\n|-damage|p2b: Fidough|45\/100\n|-damage|p1a: Espathra|91\/100|[from] item: Life Orb\n|move|p2b: Fidough|Yawn|p1a: Espathra\n|-start|p1a: Espathra|move: Yawn|[of] p2b: Fidough\n|\n|-heal|p1a: Espathra|97\/100|[from] Grassy Terrain\n|-heal|p2b: Fidough|51\/100|[from] Grassy Terrain\n|-heal|p2a: Steenee|64\/100|[from] Grassy Terrain\n|-heal|p1b: Nacli|87\/100|[from] Grassy Terrain\n|-ability|p1a: Espathra|Speed Boost|boost\n|-boost|p1a: Espathra|spe|1\n|upkeep\n|turn|5\n|\n|t:|1699297957\n|switch|p1a: Silicobra|Silicobra, M|100\/100\n|move|p2b: Fidough|Wish|p2b: Fidough\n|move|p2a: Steenee|Synthesis|p2a: Steenee\n|-heal|p2a: Steenee|100\/100\n|move|p1b: Nacli|Stealth Rock|p2b: Fidough\n|-sidestart|p2: FrostArcanine19|move: Stealth Rock\n|\n|-heal|p2b: Fidough|57\/100|[from] Grassy Terrain\n|-heal|p1b: Nacli|93\/100|[from] Grassy Terrain\n|-fieldend|move: Grassy Terrain\n|upkeep\n|turn|6\n|\n|t:|1699297978\n|move|p2b: Fidough|Yawn|p1a: Silicobra\n|-start|p1a: Silicobra|move: Yawn|[of] p2b: Fidough\n|move|p2a: Steenee|Acupressure|p2b: Fidough\n|-boost|p2b: Fidough|atk|2\n|move|p1a: Silicobra|Drill Run|p2b: Fidough|[miss]\n|-miss|p1a: Silicobra|p2b: Fidough\n|move|p1b: Nacli|Rock Slide|p2b: Fidough|[spread] p2a,p2b\n|-damage|p2a: Steenee|87\/100\n|-damage|p2b: Fidough|42\/100\n|\n|-heal|p2b: Fidough|92\/100|[from] move: Wish|[wisher] Fidough\n|upkeep\n|turn|7\n|inactive|Meerli has 120 seconds left.\n|j| SighofEnd\n|\n|t:|1699298014\n|move|p2b: Fidough|Wish|p2b: Fidough\n|move|p2a: Steenee|Acupressure|p2b: Fidough\n|-boost|p2b: Fidough|evasion|2\n|move|p1a: Silicobra|Glare|p2b: Fidough|[miss]\n|-miss|p1a: Silicobra|p2b: Fidough\n|move|p1b: Nacli|Rock Slide|p2b: Fidough|[spread] p2a,p2b\n|-damage|p2a: Steenee|74\/100\n|-damage|p2b: Fidough|78\/100\n|\n|-end|p1a: Silicobra|move: Yawn|[silent]\n|-status|p1a: Silicobra|slp\n|upkeep\n|turn|8\n|c|^HEAVY-DUTY B0OTY|oh boy\n|c| SighofEnd|this is gonna end so well\n|inactive|Meerli has 120 seconds left.\n|\n|t:|1699298047\n|switch|p1a: Thwackey|Thwackey, M|100\/100\n|-fieldstart|move: Grassy Terrain|[from] ability: Grassy Surge|[of] p1a: Thwackey\n|move|p2b: Fidough|Play Rough|p1a: Thwackey\n|-damage|p1a: Thwackey|7\/100\n|-unboost|p1a: Thwackey|atk|1\n|move|p2a: Steenee|Acupressure|p2b: Fidough\n|-boost|p2b: Fidough|evasion|2\n|move|p1b: Nacli|Rock Slide|p2a: Steenee|[spread] p2a\n|-miss|p1b: Nacli|p2b: Fidough\n|-damage|p2a: Steenee|59\/100\n|\n|-heal|p2b: Fidough|100\/100|[from] move: Wish|[wisher] Fidough\n|-heal|p1a: Thwackey|13\/100|[from] Grassy Terrain\n|-heal|p2a: Steenee|65\/100|[from] Grassy Terrain\n|-heal|p1b: Nacli|99\/100|[from] Grassy Terrain\n|upkeep\n|turn|9\n|c| SighofEnd|if only something had stored pwer\n|c| SighofEnd|uhh\n|c|^HEAVY-DUTY B0OTY|oh\n|c|^HEAVY-DUTY B0OTY|boy\n|inactive|FrostArcanine19 has 120 seconds left.\n|\n|t:|1699298078\n|move|p1b: Nacli|Helping Hand|p1a: Thwackey\n|-singleturn|p1a: Thwackey|Helping Hand|[of] p1b: Nacli\n|move|p2b: Fidough|Protect|p2b: Fidough\n|-singleturn|p2b: Fidough|Protect\n|move|p1a: Thwackey|Grassy Glide|p2b: Fidough\n|-activate|p2b: Fidough|move: Protect\n|move|p2a: Steenee|Grassy Glide|p1a: Thwackey\n|-resisted|p1a: Thwackey\n|-damage|p1a: Thwackey|0 fnt\n|faint|p1a: Thwackey\n|\n|-heal|p2a: Steenee|72\/100|[from] Grassy Terrain\n|-heal|p1b: Nacli|100\/100|[from] Grassy Terrain\n|upkeep\n|c|\u2606FrostArcanine19|lol\n|inactive|Meerli has 120 seconds left.\n|c| Zwellish|That's just rough\n|l| SighofEnd\n|inactive|Meerli has 90 seconds left.\n|\n|t:|1699298121\n|switch|p1a: Espathra|Espathra, F|97\/100\n|turn|10\n|\n|t:|1699298131\n|move|p1b: Nacli|Helping Hand|p1a: Espathra\n|-singleturn|p1a: Espathra|Helping Hand|[of] p1b: Nacli\n|move|p1a: Espathra|Lumina Crash|p2b: Fidough|[miss]\n|-miss|p1a: Espathra|p2b: Fidough\n|move|p2b: Fidough|Wish|p2b: Fidough\n|move|p2a: Steenee|Acupressure|p2b: Fidough\n|-boost|p2b: Fidough|evasion|2\n|\n|-heal|p1a: Espathra|100\/100|[from] Grassy Terrain\n|-heal|p2a: Steenee|78\/100|[from] Grassy Terrain\n|-ability|p1a: Espathra|Speed Boost|boost\n|-boost|p1a: Espathra|spe|1\n|upkeep\n|turn|11\n|c|^HEAVY-DUTY B0OTY|lol\n|j| SighofEnd\n|inactive|Meerli has 120 seconds left.\n|j| DreamyFleur\n|c| SighofEnd|bruh\n|c|\u2606Meerli|what the hell is this acupressure luck\n|c| SighofEnd|what did I miss\n|\n|t:|1699298164\n|move|p1b: Nacli|Helping Hand|p1a: Espathra\n|-singleturn|p1a: Espathra|Helping Hand|[of] p1b: Nacli\n|move|p1a: Espathra|Lumina Crash|p2b: Fidough\n|-damage|p2b: Fidough|0 fnt\n|faint|p2b: Fidough\n|-damage|p1a: Espathra|91\/100|[from] item: Life Orb\n|move|p2a: Steenee|Acupressure|p2: Fidough|[notarget]\n|-fail|p2a: Steenee\n|\n|-heal|p1a: Espathra|97\/100|[from] Grassy Terrain\n|-heal|p2a: Steenee|84\/100|[from] Grassy Terrain\n|-ability|p1a: Espathra|Speed Boost|boost\n|-boost|p1a: Espathra|spe|1\n|upkeep\n|c|^HEAVY-DUTY B0OTY|WAIT\n|c|\u2606FrostArcanine19|crap\n|inactive|FrostArcanine19 has 120 seconds left.\n|\n|t:|1699298181\n|switch|p2b: Gogoat|Gogoat, M, shiny|100\/100\n|-damage|p2b: Gogoat|88\/100|[from] Stealth Rock\n|-enditem|p2b: Gogoat|Grassy Seed\n|-boost|p2b: Gogoat|def|1|[from] item: Grassy Seed\n|turn|12\n|c| SighofEnd|uh\n|c| SighofEnd|the G.O.A.T\n|\n|t:|1699298195\n|move|p1b: Nacli|Helping Hand|p1a: Espathra\n|-singleturn|p1a: Espathra|Helping Hand|[of] p1b: Nacli\n|move|p2b: Gogoat|Grassy Glide|p1a: Espathra\n|-damage|p1a: Espathra|45\/100\n|move|p2a: Steenee|Grassy Glide|p1a: Espathra\n|-damage|p1a: Espathra|25\/100\n|move|p1a: Espathra|Lumina Crash|p2b: Gogoat\n|-damage|p2b: Gogoat|9\/100\n|-unboost|p2b: Gogoat|spd|2\n|-damage|p1a: Espathra|15\/100|[from] item: Life Orb\n|\n|-heal|p1a: Espathra|21\/100|[from] Grassy Terrain\n|-heal|p2b: Gogoat|15\/100|[from] Grassy Terrain\n|-heal|p2a: Steenee|90\/100|[from] Grassy Terrain\n|-fieldend|move: Grassy Terrain\n|-ability|p1a: Espathra|Speed Boost|boost\n|-boost|p1a: Espathra|spe|1\n|upkeep\n|turn|13\n|\n|t:|1699298212\n|switch|p2b: Impidimp|Impidimp, M|100\/100\n|-damage|p2b: Impidimp|88\/100|[from] Stealth Rock\n|move|p1b: Nacli|Helping Hand|p1a: Espathra\n|-singleturn|p1a: Espathra|Helping Hand|[of] p1b: Nacli\n|move|p1a: Espathra|Dazzling Gleam|p2a: Steenee|[spread] p2a,p2b\n|-supereffective|p2b: Impidimp\n|-damage|p2a: Steenee|49\/100\n|-damage|p2b: Impidimp|0 fnt\n|faint|p2b: Impidimp\n|-damage|p1a: Espathra|11\/100|[from] item: Life Orb\n|move|p2a: Steenee|Grassy Terrain|p2a: Steenee\n|-fieldstart|move: Grassy Terrain\n|\n|-heal|p1a: Espathra|17\/100|[from] Grassy Terrain\n|-heal|p2a: Steenee|56\/100|[from] Grassy Terrain\n|-ability|p1a: Espathra|Speed Boost|boost\n|-boost|p1a: Espathra|spe|1\n|upkeep\n|\n|t:|1699298215\n|switch|p2b: Gogoat|Gogoat, M, shiny|15\/100\n|-damage|p2b: Gogoat|3\/100|[from] Stealth Rock\n|turn|14\n|c| SighofEnd|literally\n|\n|t:|1699298236\n|move|p2a: Steenee|Grassy Glide|p1a: Espathra\n|-damage|p1a: Espathra|0 fnt\n|faint|p1a: Espathra\n|move|p2b: Gogoat|Milk Drink|p2b: Gogoat\n|-heal|p2b: Gogoat|53\/100\n|move|p1b: Nacli|Rock Slide|p2a: Steenee|[spread] p2a,p2b\n|-damage|p2a: Steenee|42\/100\n|-damage|p2b: Gogoat|45\/100\n|\n|-heal|p2b: Gogoat|51\/100|[from] Grassy Terrain\n|-heal|p2a: Steenee|48\/100|[from] Grassy Terrain\n|upkeep\n|\n|t:|1699298246\n|switch|p1a: Shellos|Shellos, F|100\/100\n|turn|15\n|\n|t:|1699298254\n|move|p1b: Nacli|Helping Hand|p1a: Shellos\n|-singleturn|p1a: Shellos|Helping Hand|[of] p1b: Nacli\n|move|p2b: Gogoat|Grassy Glide|p1a: Shellos\n|-supereffective|p1a: Shellos\n|-damage|p1a: Shellos|25\/100\n|move|p2a: Steenee|Acupressure|p2b: Gogoat\n|-boost|p2b: Gogoat|spa|2\n|move|p1a: Shellos|Icy Wind|p2a: Steenee|[spread] p2b\n|-miss|p1a: Shellos|p2a: Steenee\n|-supereffective|p2b: Gogoat\n|-crit|p2b: Gogoat\n|-damage|p2b: Gogoat|22\/100\n|-unboost|p2b: Gogoat|spe|1\n|\n|-heal|p2a: Steenee|54\/100|[from] Grassy Terrain\n|-heal|p2b: Gogoat|28\/100|[from] Grassy Terrain\n|-heal|p1a: Shellos|31\/100|[from] Grassy Terrain\n|upkeep\n|turn|16\n|\n|t:|1699298272\n|move|p1b: Nacli|Helping Hand|p1a: Shellos\n|-singleturn|p1a: Shellos|Helping Hand|[of] p1b: Nacli\n|move|p2b: Gogoat|Grassy Glide|p1a: Shellos\n|-supereffective|p1a: Shellos\n|-damage|p1a: Shellos|0 fnt\n|faint|p1a: Shellos\n|move|p2a: Steenee|Acupressure|p2b: Gogoat\n|-boost|p2b: Gogoat|spd|2\n|\n|-heal|p2a: Steenee|60\/100|[from] Grassy Terrain\n|-heal|p2b: Gogoat|34\/100|[from] Grassy Terrain\n|upkeep\n|\n|t:|1699298279\n|switch|p1a: Silicobra|Silicobra, M|100\/100 slp\n|turn|17\n|c|^HEAVY-DUTY B0OTY|they be glidin\n|j| Keqinamu\n|\n|t:|1699298290\n|move|p2a: Steenee|Synthesis|p2a: Steenee\n|-heal|p2a: Steenee|100\/100\n|cant|p1a: Silicobra|slp\n|move|p2b: Gogoat|Milk Drink|p2b: Gogoat\n|-heal|p2b: Gogoat|84\/100\n|move|p1b: Nacli|Rock Slide|p2b: Gogoat|[spread] p2a,p2b\n|-damage|p2a: Steenee|88\/100\n|-damage|p2b: Gogoat|76\/100\n|\n|-heal|p2a: Steenee|94\/100|[from] Grassy Terrain\n|-heal|p2b: Gogoat|83\/100|[from] Grassy Terrain\n|-fieldend|move: Grassy Terrain\n|upkeep\n|turn|18\n|\n|t:|1699298316\n|switch|p2b: Cleffa|Cleffa, F, shiny|100\/100\n|-damage|p2b: Cleffa|88\/100|[from] Stealth Rock\n|move|p2a: Steenee|Acupressure|p2a: Steenee\n|-boost|p2a: Steenee|evasion|2\n|cant|p1a: Silicobra|slp\n|move|p1b: Nacli|Rock Slide|p2a: Steenee|[spread] p2b\n|-miss|p1b: Nacli|p2a: Steenee\n|-damage|p2b: Cleffa|72\/100\n|\n|upkeep\n|turn|19\n|l| DreamyFleur\n|inactive|Meerli has 120 seconds left.\n|c| SighofEnd|prob sand spit\n|\n|t:|1699298372\n|move|p2a: Steenee|Acupressure|p2a: Steenee\n|-boost|p2a: Steenee|spa|2\n|cant|p1a: Silicobra|slp\n|move|p1b: Nacli|Rock Slide|p2b: Cleffa|[spread] p2b\n|-miss|p1b: Nacli|p2a: Steenee\n|-damage|p2b: Cleffa|57\/100\n|move|p2b: Cleffa|Icy Wind|p1a: Silicobra|[spread] p1a,p1b\n|-supereffective|p1a: Silicobra\n|-damage|p1a: Silicobra|88\/100 slp\n|-damage|p1b: Nacli|92\/100\n|-unboost|p1a: Silicobra|spe|1\n|-unboost|p1b: Nacli|spe|1\n|-weather|Sandstorm|[from] ability: Sand Spit|[of] p1a: Silicobra\n|\n|-weather|Sandstorm|[upkeep]\n|-damage|p2a: Steenee|88\/100|[from] Sandstorm\n|-damage|p2b: Cleffa|50\/100|[from] Sandstorm\n|upkeep\n|turn|20\n|c| SighofEnd|what are these evasion boosts\n|c| SighofEnd|knew it\n|c| SighofEnd|:\/\n|\n|t:|1699298391\n|move|p2a: Steenee|Acupressure|p2a: Steenee\n|-boost|p2a: Steenee|def|2\n|-curestatus|p1a: Silicobra|slp|[msg]\n|move|p1a: Silicobra|Coil|p1a: Silicobra\n|-boost|p1a: Silicobra|atk|1\n|-boost|p1a: Silicobra|def|1\n|-boost|p1a: Silicobra|accuracy|1\n|move|p2b: Cleffa|Draining Kiss|p1b: Nacli\n|-crit|p1b: Nacli\n|-damage|p1b: Nacli|76\/100\n|-heal|p2b: Cleffa|66\/100|[from] drain|[of] p1b: Nacli\n|move|p1b: Nacli|Rock Slide|p2a: Steenee|[spread] p2a,p2b\n|-damage|p2a: Steenee|83\/100\n|-damage|p2b: Cleffa|50\/100\n|\n|-weather|Sandstorm|[upkeep]\n|-damage|p2a: Steenee|77\/100|[from] Sandstorm\n|-damage|p2b: Cleffa|44\/100|[from] Sandstorm\n|upkeep\n|turn|21\n|inactive|Meerli has 120 seconds left.\n|\n|t:|1699298412\n|switch|p2b: Gogoat|Gogoat, M, shiny|83\/100\n|-damage|p2b: Gogoat|70\/100|[from] Stealth Rock\n|move|p2a: Steenee|Grassy Terrain|p2a: Steenee\n|-fieldstart|move: Grassy Terrain\n|move|p1a: Silicobra|Glare|p2a: Steenee|[miss]\n|-miss|p1a: Silicobra|p2a: Steenee\n|move|p1b: Nacli|Rock Slide|p2a: Steenee|[spread] p2a,p2b\n|-damage|p2a: Steenee|70\/100\n|-damage|p2b: Gogoat|63\/100\n|\n|-weather|Sandstorm|[upkeep]\n|-damage|p2b: Gogoat|57\/100|[from] Sandstorm\n|-damage|p2a: Steenee|64\/100|[from] Sandstorm\n|-heal|p2b: Gogoat|63\/100|[from] Grassy Terrain\n|-heal|p2a: Steenee|70\/100|[from] Grassy Terrain\n|-heal|p1a: Silicobra|94\/100|[from] Grassy Terrain\n|-heal|p1b: Nacli|82\/100|[from] Grassy Terrain\n|upkeep\n|turn|22\n|\n|t:|1699298432\n|move|p1b: Nacli|Helping Hand|p1a: Silicobra\n|-singleturn|p1a: Silicobra|Helping Hand|[of] p1b: Nacli\n|move|p2b: Gogoat|Bulk Up|p2b: Gogoat\n|-boost|p2b: Gogoat|atk|1\n|-boost|p2b: Gogoat|def|1\n|move|p2a: Steenee|Acupressure|p2b: Gogoat\n|-boost|p2b: Gogoat|def|2\n|move|p1a: Silicobra|Rock Slide|p2b: Gogoat|[spread] p2b\n|-miss|p1a: Silicobra|p2a: Steenee\n|-damage|p2b: Gogoat|58\/100\n|\n|-weather|Sandstorm|[upkeep]\n|-damage|p2b: Gogoat|52\/100|[from] Sandstorm\n|-damage|p2a: Steenee|64\/100|[from] Sandstorm\n|-heal|p2b: Gogoat|58\/100|[from] Grassy Terrain\n|-heal|p2a: Steenee|70\/100|[from] Grassy Terrain\n|-heal|p1a: Silicobra|99\/100|[from] Grassy Terrain\n|-heal|p1b: Nacli|88\/100|[from] Grassy Terrain\n|upkeep\n|turn|23\n|c|^HEAVY-DUTY B0OTY|that's wild\n|\n|t:|1699298447\n|move|p1b: Nacli|Helping Hand|p1a: Silicobra\n|-singleturn|p1a: Silicobra|Helping Hand|[of] p1b: Nacli\n|move|p2b: Gogoat|Bulk Up|p2b: Gogoat\n|-boost|p2b: Gogoat|atk|1\n|-boost|p2b: Gogoat|def|1\n|move|p2a: Steenee|Acupressure|p2b: Gogoat\n|-boost|p2b: Gogoat|spe|2\n|move|p1a: Silicobra|Rock Slide|p2b: Gogoat|[spread] p2b\n|-miss|p1a: Silicobra|p2a: Steenee\n|-damage|p2b: Gogoat|55\/100\n|\n|-weather|none\n|-heal|p2b: Gogoat|61\/100|[from] Grassy Terrain\n|-heal|p2a: Steenee|76\/100|[from] Grassy Terrain\n|-heal|p1a: Silicobra|100\/100|[from] Grassy Terrain\n|-heal|p1b: Nacli|94\/100|[from] Grassy Terrain\n|upkeep\n|turn|24\n|j| L1rycal\n|\n|t:|1699298461\n|move|p1b: Nacli|Helping Hand|p1a: Silicobra\n|-singleturn|p1a: Silicobra|Helping Hand|[of] p1b: Nacli\n|move|p2b: Gogoat|Bulk Up|p2b: Gogoat\n|-boost|p2b: Gogoat|atk|1\n|-boost|p2b: Gogoat|def|1\n|move|p2a: Steenee|Acupressure|p2b: Gogoat\n|-boost|p2b: Gogoat|spd|2\n|move|p1a: Silicobra|Rock Slide|p2a: Steenee|[spread] p2a,p2b\n|-damage|p2a: Steenee|66\/100\n|-damage|p2b: Gogoat|57\/100\n|\n|-heal|p2b: Gogoat|63\/100|[from] Grassy Terrain\n|-heal|p2a: Steenee|72\/100|[from] Grassy Terrain\n|-heal|p1b: Nacli|99\/100|[from] Grassy Terrain\n|upkeep\n|turn|25\n|\n|t:|1699298475\n|move|p1b: Nacli|Helping Hand|p1a: Silicobra\n|-singleturn|p1a: Silicobra|Helping Hand|[of] p1b: Nacli\n|move|p2b: Gogoat|Bulk Up|p2b: Gogoat\n|-boost|p2b: Gogoat|atk|1\n|-boost|p2b: Gogoat|def|1\n|move|p2a: Steenee|Acupressure|p2b: Gogoat\n|-boost|p2b: Gogoat|accuracy|2\n|move|p1a: Silicobra|Rock Slide|p2b: Gogoat|[spread] p2a,p2b\n|-damage|p2a: Steenee|62\/100\n|-damage|p2b: Gogoat|60\/100\n|\n|-heal|p2b: Gogoat|67\/100|[from] Grassy Terrain\n|-heal|p2a: Steenee|68\/100|[from] Grassy Terrain\n|-heal|p1b: Nacli|100\/100|[from] Grassy Terrain\n|-fieldend|move: Grassy Terrain\n|upkeep\n|turn|26\n|\n|t:|1699298488\n|move|p2b: Gogoat|Bulk Up|p2b: Gogoat\n|-boost|p2b: Gogoat|atk|1\n|-boost|p2b: Gogoat|def|0\n|move|p2a: Steenee|Grassy Terrain|p2a: Steenee\n|-fieldstart|move: Grassy Terrain\n|move|p1a: Silicobra|Rock Slide|p2b: Gogoat|[spread] p2b\n|-miss|p1a: Silicobra|p2a: Steenee\n|-damage|p2b: Gogoat|64\/100\n|move|p1b: Nacli|Rock Slide|p2b: Gogoat|[spread] p2a,p2b\n|-damage|p2a: Steenee|60\/100\n|-damage|p2b: Gogoat|62\/100\n|\n|-heal|p2b: Gogoat|69\/100|[from] Grassy Terrain\n|-heal|p2a: Steenee|67\/100|[from] Grassy Terrain\n|upkeep\n|turn|27\n|c| L1rycal|just end it\n|\n|t:|1699298504\n|-terastallize|p1b: Nacli|Rock\n|move|p2b: Gogoat|Grassy Glide|p1a: Silicobra\n|-supereffective|p1a: Silicobra\n|-crit|p1a: Silicobra\n|-damage|p1a: Silicobra|0 fnt\n|-weather|Sandstorm|[from] ability: Sand Spit|[of] p1a: Silicobra\n|faint|p1a: Silicobra\n|move|p2a: Steenee|Grassy Glide|p1b: Nacli\n|-supereffective|p1b: Nacli\n|-crit|p1b: Nacli\n|-damage|p1b: Nacli|72\/100\n|move|p1b: Nacli|Rock Slide|p2b: Gogoat|[spread] p2a,p2b\n|-damage|p2a: Steenee|58\/100\n|-damage|p2b: Gogoat|66\/100\n|\n|-weather|Sandstorm|[upkeep]\n|-damage|p2b: Gogoat|60\/100|[from] Sandstorm\n|-damage|p2a: Steenee|52\/100|[from] Sandstorm\n|-heal|p2b: Gogoat|66\/100|[from] Grassy Terrain\n|-heal|p2a: Steenee|58\/100|[from] Grassy Terrain\n|-heal|p1b: Nacli|78\/100|[from] Grassy Terrain\n|upkeep\n|turn|28\n|c| SighofEnd|what are these hyper stall strats\n|c| SighofEnd|gg\n|c|\u2606Meerli|gg\n|\n|t:|1699298521\n|-terastallize|p2b: Gogoat|Rock\n|move|p2a: Steenee|Grassy Glide|p1b: Nacli\n|-supereffective|p1b: Nacli\n|-damage|p1b: Nacli|57\/100\n|move|p2b: Gogoat|Rock Slide|p1b: Nacli\n|-damage|p1b: Nacli|0 fnt\n|faint|p1b: Nacli\n|\n|win|FrostArcanine19\n|n|\u2606Meerli|meerli\n|n|\u2606FrostArcanine19|frostarcanine19\n|n|*Lady Monita \u263d|ladymonita\n|n| Zwellish|zwellish\n|n| HEAVY-DUTY B0OTY|heavydutyb0oty\n|n| SighofEnd|sighofend\n|n| Keqinamu|keqinamu\n|n| L1rycal|l1rycal\n","uploadtime":1699298522,"views":9,"p1id":"meerli","p2id":"frostarcanine19","formatid":"gen9doublesou","rating":0,"private":0,"password":""}