{"id":"gen9doublesou-1988345720","p1":"Balloonas","p2":"mikeyuwu","format":"[Gen 9] Doubles OU","log":"|j|\u2606Balloonas\n|j|\u2606mikeyuwu\n|t:|1699711788\n|gametype|doubles\n|player|p1|Balloonas|palmer|1149\n|player|p2|mikeyuwu|psychic-gen4|1203\n|teamsize|p1|6\n|teamsize|p2|6\n|gen|9\n|tier|[Gen 9] Doubles OU\n|rated|\n|rule|Species Clause: Limit one of each Pok\u00e9mon\n|rule|OHKO Clause: OHKO moves are banned\n|rule|Evasion Moves Clause: Evasion moves are banned\n|rule|Gravity Sleep Clause: The combination of sleep-inducing moves with imperfect accuracy and Gravity or Gigantamax Orbeetle are banned\n|rule|Endless Battle Clause: Forcing endless battles is banned\n|rule|HP Percentage Mod: HP is shown in percentages\n|clearpoke\n|poke|p1|Oricorio-Sensu, M|\n|poke|p1|Ribombee, M|\n|poke|p1|Flamigo, M|\n|poke|p1|Grimmsnarl, M|\n|poke|p1|Volcarona, F|\n|poke|p1|Dragonite, F|\n|poke|p2|Garchomp, M|\n|poke|p2|Tyranitar, F|\n|poke|p2|Vaporeon, F|\n|poke|p2|Toxicroak, M|\n|poke|p2|Pelipper, F|\n|poke|p2|Abomasnow, M|\n|teampreview\n|\n|t:|1699711803\n|start\n|switch|p1a: Oricorio|Oricorio-Sensu, M|100\/100\n|switch|p1b: Ribombee|Ribombee, M|100\/100\n|switch|p2a: OTLHPM|Toxicroak, M|100\/100\n|switch|p2b: Harmacy|Vaporeon, F|100\/100\n|turn|1\n|\n|t:|1699711841\n|move|p1b: Ribombee|Quiver Dance|p1b: Ribombee\n|-boost|p1b: Ribombee|spa|1\n|-boost|p1b: Ribombee|spd|1\n|-boost|p1b: Ribombee|spe|1\n|-activate|p1a: Oricorio|ability: Dancer\n|move|p1a: Oricorio|Quiver Dance|p1a: Oricorio|[from]ability: Dancer\n|-boost|p1a: Oricorio|spa|1\n|-boost|p1a: Oricorio|spd|1\n|-boost|p1a: Oricorio|spe|1\n|move|p1a: Oricorio|Quiver Dance|p1a: Oricorio\n|-boost|p1a: Oricorio|spa|1\n|-boost|p1a: Oricorio|spd|1\n|-boost|p1a: Oricorio|spe|1\n|move|p2a: OTLHPM|Poison Jab|p1b: Ribombee\n|-supereffective|p1b: Ribombee\n|-enditem|p1b: Ribombee|Focus Sash\n|-damage|p1b: Ribombee|1\/100\n|move|p2b: Harmacy|Icy Wind|p1a: Oricorio|[spread] p1a,p1b\n|-supereffective|p1a: Oricorio\n|-damage|p1a: Oricorio|87\/100\n|-damage|p1b: Ribombee|0 fnt\n|-unboost|p1a: Oricorio|spe|1\n|faint|p1b: Ribombee\n|\n|upkeep\n|\n|t:|1699711870\n|switch|p1b: Flamigo|Flamigo, M|100\/100\n|-copyboost|p1b: Flamigo|p1a: Oricorio|[from] ability: Costar\n|turn|2\n|\n|t:|1699711887\n|switch|p2a: Extra Spicy|Garchomp, M|100\/100\n|move|p1a: Oricorio|Revelation Dance|p2b: Harmacy\n|-damage|p2b: Harmacy|37\/100\n|-damage|p1a: Oricorio|77\/100|[from] item: Life Orb\n|move|p1b: Flamigo|Hurricane|p2a: Extra Spicy\n|-damage|p2a: Extra Spicy|49\/100\n|-start|p2a: Extra Spicy|confusion\n|move|p2b: Harmacy|Icy Wind|p1b: Flamigo|[spread] p1a,p1b\n|-supereffective|p1a: Oricorio\n|-supereffective|p1b: Flamigo\n|-damage|p1a: Oricorio|64\/100\n|-damage|p1b: Flamigo|88\/100\n|-unboost|p1a: Oricorio|spe|1\n|-unboost|p1b: Flamigo|spe|1\n|\n|-heal|p2b: Harmacy|43\/100|[from] item: Leftovers\n|upkeep\n|turn|3\n|\n|t:|1699711916\n|move|p1a: Oricorio|Revelation Dance|p2b: Harmacy\n|-damage|p2b: Harmacy|0 fnt\n|faint|p2b: Harmacy\n|-damage|p1a: Oricorio|54\/100|[from] item: Life Orb\n|move|p1b: Flamigo|Close Combat|p2a: Extra Spicy\n|-damage|p2a: Extra Spicy|20\/100\n|-unboost|p1b: Flamigo|def|1\n|-unboost|p1b: Flamigo|spd|1\n|-damage|p1b: Flamigo|75\/100|[from] ability: Rough Skin|[of] p2a: Extra Spicy\n|-damage|p1b: Flamigo|59\/100|[from] item: Rocky Helmet|[of] p2a: Extra Spicy\n|-activate|p2a: Extra Spicy|confusion\n|move|p2a: Extra Spicy|Poison Jab|p1b: Flamigo\n|-damage|p1b: Flamigo|20\/100\n|-status|p1b: Flamigo|psn\n|\n|-damage|p1b: Flamigo|7\/100 psn|[from] psn\n|upkeep\n|\n|t:|1699711922\n|switch|p2b: Weather War|Pelipper, F|100\/100\n|-weather|RainDance|[from] ability: Drizzle|[of] p2b: Weather War\n|turn|4\n|\n|t:|1699711951\n|move|p1a: Oricorio|Air Cutter|p2a: Extra Spicy|[spread] p2a,p2b\n|-damage|p2a: Extra Spicy|0 fnt\n|-damage|p2b: Weather War|39\/100\n|faint|p2a: Extra Spicy\n|-damage|p1a: Oricorio|44\/100|[from] item: Life Orb\n|move|p1b: Flamigo|Hurricane|p2b: Weather War\n|-damage|p2b: Weather War|0 fnt\n|faint|p2b: Weather War\n|\n|-weather|RainDance|[upkeep]\n|-damage|p1b: Flamigo|0 fnt|[from] psn\n|faint|p1b: Flamigo\n|upkeep\n|\n|t:|1699711965\n|switch|p1b: Volcarona|Volcarona, F|100\/100\n|switch|p2a: ThcrThnSnkr|Tyranitar, F|100\/100\n|switch|p2b: OTLHPM|Toxicroak, M|100\/100\n|-weather|Sandstorm|[from] ability: Sand Stream|[of] p2a: ThcrThnSnkr\n|turn|5\n|\n|t:|1699712024\n|move|p1a: Oricorio|Protect|p1a: Oricorio\n|-singleturn|p1a: Oricorio|Protect\n|move|p1b: Volcarona|Fiery Dance|p2b: OTLHPM\n|-damage|p2b: OTLHPM|50\/100\n|-boost|p1b: Volcarona|spa|1\n|-activate|p1a: Oricorio|ability: Dancer\n|move|p1a: Oricorio|Fiery Dance|p2b: OTLHPM|[from]ability: Dancer\n|-damage|p2b: OTLHPM|0 fnt\n|faint|p2b: OTLHPM\n|-damage|p1a: Oricorio|34\/100|[from] item: Life Orb\n|move|p2a: ThcrThnSnkr|Rock Slide|p1a: Oricorio|[spread] p1b\n|-activate|p1a: Oricorio|move: Protect\n|-supereffective|p1b: Volcarona\n|-damage|p1b: Volcarona|0 fnt\n|faint|p1b: Volcarona\n|\n|-weather|Sandstorm|[upkeep]\n|-damage|p1a: Oricorio|28\/100|[from] Sandstorm\n|upkeep\n|inactive|Battle timer is ON: inactive players will automatically lose when time's up. (requested by mikeyuwu)\n|\n|t:|1699712075\n|switch|p1b: Grimmsnarl|Grimmsnarl, M|100\/100\n|switch|p2b: Cold Shoulder|Abomasnow, M, shiny|100\/100\n|-weather|Snow|[from] ability: Snow Warning|[of] p2b: Cold Shoulder\n|turn|6\n|\n|t:|1699712099\n|-terastallize|p1a: Oricorio|Fighting\n|-terastallize|p2b: Cold Shoulder|Water\n|move|p1b: Grimmsnarl|Thunder Wave|p2b: Cold Shoulder\n|-status|p2b: Cold Shoulder|par\n|move|p1a: Oricorio|Revelation Dance|p2a: ThcrThnSnkr\n|-supereffective|p2a: ThcrThnSnkr\n|-damage|p2a: ThcrThnSnkr|0 fnt\n|faint|p2a: ThcrThnSnkr\n|-damage|p1a: Oricorio|18\/100|[from] item: Life Orb\n|move|p2b: Cold Shoulder|Blizzard|p1a: Oricorio|[spread] p1a,p1b\n|-crit|p1b: Grimmsnarl\n|-damage|p1a: Oricorio|0 fnt\n|-damage|p1b: Grimmsnarl|50\/100\n|faint|p1a: Oricorio\n|\n|-weather|Snow|[upkeep]\n|upkeep\n|inactive|Balloonas has 120 seconds left.\n|\n|t:|1699712133\n|switch|p1a: Dragonite|Dragonite, F|100\/100\n|turn|7\n|inactive|Balloonas has 120 seconds left.\n|\n|t:|1699712164\n|move|p1a: Dragonite|Facade|p2b: Cold Shoulder\n|-damage|p2b: Cold Shoulder|80\/100 par\n|move|p1b: Grimmsnarl|Spirit Break|p2b: Cold Shoulder\n|-damage|p2b: Cold Shoulder|54\/100 par\n|-unboost|p2b: Cold Shoulder|spa|1\n|move|p2b: Cold Shoulder|Blizzard|p1b: Grimmsnarl|[spread] p1a,p1b\n|-supereffective|p1a: Dragonite\n|-damage|p1a: Dragonite|66\/100\n|-damage|p1b: Grimmsnarl|29\/100\n|-status|p1b: Grimmsnarl|frz\n|\n|-weather|Snow|[upkeep]\n|upkeep\n|turn|8\n|inactive|Balloonas has 120 seconds left.\n|\n|t:|1699712203\n|cant|p1b: Grimmsnarl|frz\n|move|p1a: Dragonite|Facade|p2b: Cold Shoulder\n|-damage|p2b: Cold Shoulder|32\/100 par\n|move|p2b: Cold Shoulder|Blizzard|p1a: Dragonite|[spread] p1a,p1b\n|-supereffective|p1a: Dragonite\n|-damage|p1a: Dragonite|0 fnt\n|-damage|p1b: Grimmsnarl|8\/100 frz\n|faint|p1a: Dragonite\n|\n|-weather|Snow|[upkeep]\n|upkeep\n|turn|9\n|\n|t:|1699712218\n|cant|p1b: Grimmsnarl|frz\n|move|p2b: Cold Shoulder|Leech Seed|p1b: Grimmsnarl\n|-start|p1b: Grimmsnarl|move: Leech Seed\n|\n|-weather|Snow|[upkeep]\n|-damage|p1b: Grimmsnarl|0 fnt|[from] Leech Seed|[of] p2b: Cold Shoulder\n|-heal|p2b: Cold Shoulder|40\/100 par|[silent]\n|faint|p1b: Grimmsnarl\n|\n|win|mikeyuwu\n|upkeep\n|raw|Balloonas's rating: 1149 &rarr; <strong>1128<\/strong><br \/>(-21 for losing)\n|raw|mikeyuwu's rating: 1203 &rarr; <strong>1224<\/strong><br \/>(+21 for winning)\n","uploadtime":1699712226,"views":19,"p1id":"balloonas","p2id":"mikeyuwu","formatid":"gen9doublesou","rating":1128,"private":0,"password":""}