{"id":"gen9doublesou-1967857013","p1":"Sargenbob","p2":"Darkdezel","format":"[Gen 9] Doubles OU","log":"|html|<div class=\"broadcast-blue\"><strong>[Gen 9] Doubles OU is currently suspecting Basculegion & Flutter Mane! For information on how to participate check out the <a href=\"https:\/\/www.smogon.com\/forums\/threads\/np-sv-dou-stage-8-double-trouble.3729153\/\">suspect thread<\/a>.<\/strong><\/div>\n|j|\u2606Sargenbob\n|j|\u2606Darkdezel\n|t:|1697347599\n|gametype|doubles\n|player|p1|Sargenbob|red|1073\n|player|p2|Darkdezel|wallace|1075\n|teamsize|p1|6\n|teamsize|p2|6\n|gen|9\n|tier|[Gen 9] Doubles OU\n|rated|\n|rule|Species Clause: Limit one of each Pok\u00e9mon\n|rule|OHKO Clause: OHKO moves are banned\n|rule|Evasion Moves Clause: Evasion moves are banned\n|rule|Gravity Sleep Clause: The combination of sleep-inducing moves with imperfect accuracy and Gravity or Gigantamax Orbeetle are banned\n|rule|Endless Battle Clause: Forcing endless battles is banned\n|rule|HP Percentage Mod: HP is shown in percentages\n|clearpoke\n|poke|p1|Ursaluna-Bloodmoon, M|\n|poke|p1|Murkrow, F|\n|poke|p1|Kilowattrel, M|\n|poke|p1|Brambleghast, F|\n|poke|p1|Tinkaton, F|\n|poke|p1|Chi-Yu|\n|poke|p2|Cresselia, F|\n|poke|p2|Electrode|\n|poke|p2|Slaking, F|\n|poke|p2|Farigiraf, F|\n|poke|p2|Ariados, M|\n|poke|p2|Okidogi, M|\n|teampreview\n|inactive|Battle timer is ON: inactive players will automatically lose when time's up. (requested by Darkdezel)\n|\n|t:|1697347608\n|start\n|switch|p1a: \u6232\u78bc\u70ba\u81ea\u5df1|Murkrow, F, shiny|100\/100\n|switch|p1b: Perigrin|Kilowattrel, M|100\/100\n|switch|p2a: Farigiraf|Farigiraf, F|100\/100\n|switch|p2b: Okidogi|Okidogi, M|100\/100\n|-item|p2b: Okidogi|Air Balloon\n|turn|1\n|\n|t:|1697347618\n|move|p1a: \u6232\u78bc\u70ba\u81ea\u5df1|Tailwind|p1a: \u6232\u78bc\u70ba\u81ea\u5df1\n|-sidestart|p1: Sargenbob|move: Tailwind\n|-start|p1b: Perigrin|Charge|Tailwind|[from] ability: Wind Power\n|move|p1b: Perigrin|Air Slash|p2b: Okidogi\n|-supereffective|p2b: Okidogi\n|-damage|p2b: Okidogi|0 fnt\n|-enditem|p2b: Okidogi|Air Balloon\n|faint|p2b: Okidogi\n|-damage|p1b: Perigrin|91\/100|[from] item: Life Orb\n|move|p2a: Farigiraf|Dazzling Gleam|p1a: \u6232\u78bc\u70ba\u81ea\u5df1|[spread] p1a,p1b\n|-supereffective|p1a: \u6232\u78bc\u70ba\u81ea\u5df1\n|-damage|p1a: \u6232\u78bc\u70ba\u81ea\u5df1|57\/100\n|-damage|p1b: Perigrin|52\/100\n|\n|upkeep\n|\n|t:|1697347629\n|switch|p2b: Electrode|Electrode|100\/100\n|turn|2\n|\n|t:|1697347638\n|-terastallize|p1b: Perigrin|Ground\n|move|p1a: \u6232\u78bc\u70ba\u81ea\u5df1|Protect|p1a: \u6232\u78bc\u70ba\u81ea\u5df1\n|-singleturn|p1a: \u6232\u78bc\u70ba\u81ea\u5df1|Protect\n|move|p1b: Perigrin|Tera Blast|p2b: Electrode|[anim] Tera Blast Ground\n|-supereffective|p2b: Electrode\n|-damage|p2b: Electrode|0 fnt\n|faint|p2b: Electrode\n|-damage|p1b: Perigrin|42\/100|[from] item: Life Orb\n|move|p2a: Farigiraf|Dazzling Gleam|p1b: Perigrin|[spread] p1b\n|-activate|p1a: \u6232\u78bc\u70ba\u81ea\u5df1|move: Protect\n|-damage|p1b: Perigrin|2\/100\n|\n|upkeep\n|\n|t:|1697347644\n|switch|p2b: Ariados|Ariados, M|100\/100\n|turn|3\n|\n|t:|1697347655\n|switch|p1a: Kirby|Tinkaton, F|100\/100\n|-ability|p1a: Kirby|Mold Breaker\n|move|p1b: Perigrin|Air Slash|p2b: Ariados\n|-supereffective|p2b: Ariados\n|-damage|p2b: Ariados|0 fnt\n|faint|p2b: Ariados\n|-damage|p1b: Perigrin|0 fnt|[from] item: Life Orb\n|faint|p1b: Perigrin\n|move|p2a: Farigiraf|Dazzling Gleam|p1a: Kirby\n|-resisted|p1a: Kirby\n|-damage|p1a: Kirby|87\/100\n|\n|upkeep\n|\n|t:|1697347669\n|switch|p1b: Keanu|Brambleghast, F|100\/100\n|switch|p2b: Cresselia|Cresselia, F|100\/100\n|-ability|p1b: Keanu|Wind Rider|boost\n|-boost|p1b: Keanu|atk|1\n|turn|4\n|\n|t:|1697347689\n|move|p2b: Cresselia|Ally Switch|p2b: Cresselia\n|swap|p2b: Cresselia|0|[from] move: Ally Switch\n|move|p1a: Kirby|Knock Off|p2a: Cresselia\n|-supereffective|p2a: Cresselia\n|-damage|p2a: Cresselia|63\/100\n|-enditem|p2a: Cresselia|Safety Goggles|[from] move: Knock Off|[of] p1a: Kirby\n|move|p1b: Keanu|Phantom Force||[still]\n|-prepare|p1b: Keanu|Phantom Force\n|-enditem|p1b: Keanu|Power Herb\n|-anim|p1b: Keanu|Phantom Force|p2b: Farigiraf\n|-immune|p2b: Farigiraf\n|move|p2b: Farigiraf|Agility|p2b: Farigiraf\n|-boost|p2b: Farigiraf|spe|2\n|\n|-sideend|p1: Sargenbob|move: Tailwind\n|upkeep\n|turn|5\n|\n|t:|1697347713\n|move|p2b: Farigiraf|Calm Mind|p2b: Farigiraf\n|-boost|p2b: Farigiraf|spa|1\n|-boost|p2b: Farigiraf|spd|1\n|move|p1a: Kirby|Knock Off|p2b: Farigiraf\n|-supereffective|p2b: Farigiraf\n|-damage|p2b: Farigiraf|26\/100\n|-enditem|p2b: Farigiraf|Focus Sash|[from] move: Knock Off|[of] p1a: Kirby\n|move|p1b: Keanu|Phantom Force||[still]\n|-prepare|p1b: Keanu|Phantom Force\n|move|p2a: Cresselia|Moonblast|p1b: Keanu|[miss]\n|-miss|p2a: Cresselia|p1b: Keanu\n|\n|upkeep\n|turn|6\n|\n|t:|1697347729\n|move|p2b: Farigiraf|Hyper Voice|p1b: Keanu|[spread] p1a\n|-miss|p2b: Farigiraf|p1b: Keanu\n|-resisted|p1a: Kirby\n|-damage|p1a: Kirby|61\/100\n|move|p1a: Kirby|Knock Off|p2b: Farigiraf\n|-supereffective|p2b: Farigiraf\n|-damage|p2b: Farigiraf|0 fnt\n|faint|p2b: Farigiraf\n|move|p1b: Keanu|Phantom Force|p2a: Cresselia|[from]lockedmove\n|-supereffective|p2a: Cresselia\n|-damage|p2a: Cresselia|0 fnt\n|faint|p2a: Cresselia\n|\n|upkeep\n|\n|t:|1697347742\n|switch|p2b: Slaking|Slaking, F|100\/100\n|turn|7\n|c|\u2606Darkdezel|ggs\n|\n|t:|1697347749\n|move|p1a: Kirby|Knock Off|p2b: Slaking\n|-damage|p2b: Slaking|81\/100\n|-enditem|p2b: Slaking|Leftovers|[from] move: Knock Off|[of] p1a: Kirby\n|move|p1b: Keanu|Power Whip|p2b: Slaking|[miss]\n|-miss|p1b: Keanu|p2b: Slaking\n|move|p2b: Slaking|Ice Punch|p1b: Keanu\n|-supereffective|p1b: Keanu\n|-damage|p1b: Keanu|0 fnt\n|faint|p1b: Keanu\n|\n|upkeep\n|\n|t:|1697347758\n|switch|p1b: Moon Knight|Ursaluna-Bloodmoon, M|100\/100\n|turn|8\n|c|\u2606Sargenbob|gg\n|\n|t:|1697347768\n|-terastallize|p2b: Slaking|Normal\n|move|p1a: Kirby|Gigaton Hammer|p2b: Slaking\n|-damage|p2b: Slaking|36\/100\n|cant|p2b: Slaking|ability: Truant\n|move|p1b: Moon Knight|Blood Moon|p2b: Slaking\n|-damage|p2b: Slaking|0 fnt\n|faint|p2b: Slaking\n|\n|win|Sargenbob\n|raw|Sargenbob's rating: 1073 &rarr; <strong>1102<\/strong><br \/>(+29 for winning)\n|raw|Darkdezel's rating: 1075 &rarr; <strong>1054<\/strong><br \/>(-21 for losing)\n|l|\u2606Darkdezel\n","uploadtime":1697347778,"views":18,"p1id":"sargenbob","p2id":"darkdezel","formatid":"gen9doublesou","rating":1054,"private":0,"password":""}