{"id":"gen9doublesou-1989676925","p1":"FlaringFox64","p2":"Pedhj318","format":"[Gen 9] Doubles OU","log":"|j|\u2606FlaringFox64\n|j|\u2606Pedhj318\n|t:|1699885921\n|gametype|doubles\n|player|p1|FlaringFox64|2|1040\n|player|p2|Pedhj318|waiter-gen4dp|1000\n|teamsize|p1|6\n|teamsize|p2|6\n|gen|9\n|tier|[Gen 9] Doubles OU\n|rated|\n|rule|Species Clause: Limit one of each Pok\u00e9mon\n|rule|OHKO Clause: OHKO moves are banned\n|rule|Evasion Moves Clause: Evasion moves are banned\n|rule|Gravity Sleep Clause: The combination of sleep-inducing moves with imperfect accuracy and Gravity or Gigantamax Orbeetle are banned\n|rule|Endless Battle Clause: Forcing endless battles is banned\n|rule|HP Percentage Mod: HP is shown in percentages\n|clearpoke\n|poke|p1|Rillaboom, F|\n|poke|p1|Oranguru, M|\n|poke|p1|Slaking, M|\n|poke|p1|Zarude-Dada|\n|poke|p1|Infernape, M|\n|poke|p1|Ambipom, M|\n|poke|p2|Vivillon, F|\n|poke|p2|Garganacl, M|\n|poke|p2|Cinderace, F|\n|poke|p2|Rotom-Wash|\n|poke|p2|Grafaiai, F|\n|poke|p2|Primeape, F|\n|teampreview\n|\n|t:|1699885945\n|start\n|switch|p1a: Zarude|Zarude-Dada|100\/100\n|switch|p1b: Ambipom|Ambipom, M|100\/100\n|switch|p2a: Garganacl|Garganacl, M|100\/100\n|switch|p2b: Grafaiai|Grafaiai, F|100\/100\n|turn|1\n|c|\u2606FlaringFox64|oo oo ah ah\n|\n|t:|1699885965\n|move|p1b: Ambipom|Low Kick|p2a: Garganacl\n|-supereffective|p2a: Garganacl\n|-damage|p2a: Garganacl|42\/100\n|-damage|p1b: Ambipom|91\/100|[from] item: Life Orb\n|move|p1a: Zarude|Sunny Day|p1a: Zarude\n|-weather|SunnyDay\n|move|p2b: Grafaiai|Toxic|p1a: Zarude\n|-immune|p1a: Zarude|[from] ability: Leaf Guard\n|move|p2a: Garganacl|Avalanche|p1a: Zarude\n|-supereffective|p1a: Zarude\n|-damage|p1a: Zarude|74\/100\n|\n|-weather|SunnyDay|[upkeep]\n|upkeep\n|turn|2\n|\n|t:|1699885988\n|move|p1b: Ambipom|Fling|p2a: Garganacl\n|-damage|p2a: Garganacl|29\/100\n|-enditem|p1b: Ambipom|Life Orb|[from] move: Fling\n|move|p1a: Zarude|Power Whip|p2b: Grafaiai\n|-resisted|p2b: Grafaiai\n|-damage|p2b: Grafaiai|59\/100\n|move|p2b: Grafaiai|Toxic|p1b: Ambipom\n|-status|p1b: Ambipom|tox\n|move|p2a: Garganacl|Salt Cure|p1b: Ambipom\n|-damage|p1b: Ambipom|68\/100 tox\n|-start|p1b: Ambipom|Salt Cure\n|\n|-weather|SunnyDay|[upkeep]\n|-damage|p1b: Ambipom|61\/100 tox|[from] psn\n|-damage|p1b: Ambipom|49\/100 tox|[from] Salt Cure\n|upkeep\n|turn|3\n|\n|t:|1699886010\n|move|p1b: Ambipom|Covet|p2b: Grafaiai\n|-damage|p2b: Grafaiai|0 fnt\n|-item|p1b: Ambipom|Heavy-Duty Boots|[from] move: Covet|[of] p2b: Grafaiai\n|faint|p2b: Grafaiai\n|move|p1a: Zarude|Power Whip|p2a: Garganacl\n|-supereffective|p2a: Garganacl\n|-damage|p2a: Garganacl|0 fnt\n|faint|p2a: Garganacl\n|\n|-weather|SunnyDay|[upkeep]\n|-damage|p1b: Ambipom|37\/100 tox|[from] psn\n|-damage|p1b: Ambipom|24\/100 tox|[from] Salt Cure\n|upkeep\n|\n|t:|1699886027\n|switch|p2b: Rotom|Rotom-Wash|100\/100\n|switch|p2a: Cinderace|Cinderace, F|100\/100\n|turn|4\n|\n|t:|1699886043\n|-terastallize|p2a: Cinderace|Fire\n|move|p1b: Ambipom|Fling|p2a: Cinderace\n|-damage|p2a: Cinderace|74\/100\n|-enditem|p1b: Ambipom|Heavy-Duty Boots|[from] move: Fling\n|move|p1a: Zarude|U-turn|p2a: Cinderace\n|-resisted|p2a: Cinderace\n|-damage|p2a: Cinderace|58\/100\n|\n|t:|1699886051\n|switch|p1a: Infernape|Infernape, M|100\/100|[from] U-turn\n|move|p2a: Cinderace|Pyro Ball|p1a: Infernape|[miss]\n|-miss|p2a: Cinderace|p1a: Infernape\n|move|p2b: Rotom|Facade|p1b: Ambipom\n|-damage|p1b: Ambipom|5\/100 tox\n|\n|-weather|SunnyDay|[upkeep]\n|-damage|p1b: Ambipom|0 fnt|[from] psn\n|faint|p1b: Ambipom\n|upkeep\n|\n|t:|1699886065\n|switch|p1b: Zarude|Zarude-Dada|74\/100\n|turn|5\n|\n|t:|1699886081\n|move|p1a: Infernape|Drain Punch|p2b: Rotom\n|-damage|p2b: Rotom|56\/100\n|move|p1b: Zarude|Jungle Healing|p1b: Zarude|[spread] p1a,p1b\n|-heal|p1b: Zarude|99\/100\n|move|p2a: Cinderace|Pyro Ball|p1b: Zarude\n|-supereffective|p1b: Zarude\n|-damage|p1b: Zarude|0 fnt\n|faint|p1b: Zarude\n|move|p2b: Rotom|Hydro Pump|p1a: Infernape\n|-supereffective|p1a: Infernape\n|-damage|p1a: Infernape|34\/100\n|\n|-weather|none\n|-heal|p2b: Rotom|62\/100|[from] item: Leftovers\n|upkeep\n|\n|t:|1699886102\n|switch|p1b: Oranguru|Oranguru, M|100\/100\n|turn|6\n|\n|t:|1699886114\n|move|p1a: Infernape|Drain Punch|p2a: Cinderace\n|-crit|p2a: Cinderace\n|-damage|p2a: Cinderace|0 fnt\n|-heal|p1a: Infernape|66\/100|[from] drain|[of] p2a: Cinderace\n|faint|p2a: Cinderace\n|move|p2b: Rotom|Dark Pulse|p1b: Oranguru\n|-supereffective|p1b: Oranguru\n|-enditem|p1b: Oranguru|Colbur Berry|[eat]\n|-enditem|p1b: Oranguru|Colbur Berry|[weaken]\n|-damage|p1b: Oranguru|82\/100\n|move|p1b: Oranguru|Focus Blast|p2b: Rotom|[miss]\n|-miss|p1b: Oranguru|p2b: Rotom\n|\n|-heal|p2b: Rotom|68\/100|[from] item: Leftovers\n|upkeep\n|c|\u2606FlaringFox64|:(\n|\n|t:|1699886131\n|switch|p2a: Primeape|Primeape, F|100\/100\n|turn|7\n|\n|t:|1699886148\n|move|p1a: Infernape|Drain Punch|p2a: Primeape\n|-damage|p2a: Primeape|40\/100\n|-heal|p1a: Infernape|99\/100|[from] drain|[of] p2a: Primeape\n|move|p2a: Primeape|Earthquake|p1a: Infernape|[spread] p1a,p1b\n|-immune|p2b: Rotom|[from] ability: Levitate\n|-supereffective|p1a: Infernape\n|-crit|p1a: Infernape\n|-damage|p1a: Infernape|6\/100\n|-damage|p1b: Oranguru|61\/100\n|move|p2b: Rotom|Hydro Pump|p1a: Infernape\n|-supereffective|p1a: Infernape\n|-damage|p1a: Infernape|0 fnt\n|faint|p1a: Infernape\n|move|p1b: Oranguru|Nasty Plot|p1b: Oranguru\n|-boost|p1b: Oranguru|spa|2\n|\n|-heal|p2b: Rotom|74\/100|[from] item: Leftovers\n|upkeep\n|\n|t:|1699886164\n|switch|p1a: Slaking|Slaking, M|100\/100\n|turn|8\n|\n|t:|1699886178\n|move|p2a: Primeape|Close Combat|p1a: Slaking\n|-supereffective|p1a: Slaking\n|-damage|p1a: Slaking|30\/100\n|-unboost|p2a: Primeape|def|1\n|-unboost|p2a: Primeape|spd|1\n|move|p1a: Slaking|Blizzard|p2b: Rotom|[spread] p2a\n|-miss|p1a: Slaking|p2b: Rotom\n|-damage|p2a: Primeape|4\/100\n|-enditem|p2a: Primeape|Salac Berry|[eat]\n|-boost|p2a: Primeape|spe|1|[from] item: Salac Berry\n|move|p2b: Rotom|Hydro Pump|p1b: Oranguru\n|-damage|p1b: Oranguru|24\/100\n|move|p1b: Oranguru|Trick Room|p1b: Oranguru\n|-fieldstart|move: Trick Room|[of] p1b: Oranguru\n|\n|-heal|p2b: Rotom|80\/100|[from] item: Leftovers\n|-heal|p1a: Slaking|36\/100|[from] item: Leftovers\n|upkeep\n|turn|9\n|\n|t:|1699886216\n|move|p1b: Oranguru|Focus Blast|p2b: Rotom\n|-damage|p2b: Rotom|0 fnt\n|faint|p2b: Rotom\n|cant|p1a: Slaking|ability: Truant\n|move|p2a: Primeape|Close Combat|p1a: Slaking\n|-supereffective|p1a: Slaking\n|-damage|p1a: Slaking|0 fnt\n|-unboost|p2a: Primeape|def|1\n|-unboost|p2a: Primeape|spd|1\n|faint|p1a: Slaking\n|\n|upkeep\n|\n|t:|1699886230\n|switch|p2b: Vivillon|Vivillon, F|100\/100\n|switch|p1a: Rillaboom|Rillaboom, F|100\/100\n|-fieldstart|move: Grassy Terrain|[from] ability: Grassy Surge|[of] p1a: Rillaboom\n|turn|10\n|c|\u2606FlaringFox64|ooh ooh ah ah\n|inactive|Battle timer is ON: inactive players will automatically lose when time's up. (requested by Pedhj318)\n|\n|t:|1699886248\n|move|p1b: Oranguru|Focus Blast|p2b: Vivillon\n|-resisted|p2b: Vivillon\n|-damage|p2b: Vivillon|72\/100\n|move|p2b: Vivillon|Sleep Powder|p1a: Rillaboom\n|-immune|p1a: Rillaboom\n|move|p1a: Rillaboom|Leech Seed|p2a: Primeape|[miss]\n|-miss|p1a: Rillaboom|p2a: Primeape\n|move|p2a: Primeape|Earthquake|p1a: Rillaboom|[spread] p1a,p1b\n|-immune|p2b: Vivillon\n|-resisted|p1a: Rillaboom\n|-damage|p1a: Rillaboom|95\/100\n|-damage|p1b: Oranguru|14\/100\n|\n|-heal|p1b: Oranguru|20\/100|[from] Grassy Terrain\n|-heal|p1a: Rillaboom|100\/100|[from] Grassy Terrain\n|-heal|p2a: Primeape|10\/100|[from] Grassy Terrain\n|upkeep\n|turn|11\n|\n|t:|1699886271\n|move|p1b: Oranguru|Psychic|p2a: Primeape\n|-supereffective|p2a: Primeape\n|-damage|p2a: Primeape|0 fnt\n|faint|p2a: Primeape\n|move|p2b: Vivillon|Hurricane|p1a: Rillaboom\n|-supereffective|p1a: Rillaboom\n|-damage|p1a: Rillaboom|0 fnt\n|faint|p1a: Rillaboom\n|-damage|p2b: Vivillon|62\/100|[from] item: Life Orb\n|\n|-heal|p1b: Oranguru|26\/100|[from] Grassy Terrain\n|upkeep\n|turn|12\n|\n|t:|1699886286\n|move|p1b: Oranguru|Psychic|p2b: Vivillon\n|-damage|p2b: Vivillon|0 fnt\n|faint|p2b: Vivillon\n|\n|win|FlaringFox64\n|raw|FlaringFox64's rating: 1040 &rarr; <strong>1070<\/strong><br \/>(+30 for winning)\n|raw|Pedhj318's rating: 1000 &rarr; <strong>1000<\/strong><br \/>(+0 for losing)\n","uploadtime":1699886293,"views":17,"p1id":"flaringfox64","p2id":"pedhj318","formatid":"gen9doublesou","rating":1000,"private":0,"password":""}