{"id":"gen9doublesou-1996351794","p1":"MarteAmpies","p2":"AerBlaziken","format":"[Gen 9] Doubles OU","log":"|j|\u2606MarteAmpies\n|j|\u2606AerBlaziken\n|t:|1700673820\n|gametype|doubles\n|player|p1|MarteAmpies|steven|1214\n|player|p2|AerBlaziken|hexmaniac-gen6|1262\n|teamsize|p1|6\n|teamsize|p2|6\n|gen|9\n|tier|[Gen 9] Doubles OU\n|rated|\n|rule|Species Clause: Limit one of each Pok\u00e9mon\n|rule|OHKO Clause: OHKO moves are banned\n|rule|Evasion Moves Clause: Evasion moves are banned\n|rule|Gravity Sleep Clause: The combination of sleep-inducing moves with imperfect accuracy and Gravity or Gigantamax Orbeetle are banned\n|rule|Endless Battle Clause: Forcing endless battles is banned\n|rule|HP Percentage Mod: HP is shown in percentages\n|clearpoke\n|poke|p1|Farigiraf, F|\n|poke|p1|Sinistcha|\n|poke|p1|Iron Hands|\n|poke|p1|Ursaluna-Bloodmoon, M|\n|poke|p1|Ceruledge, M|\n|poke|p1|Indeedee-F, F|\n|poke|p2|Bronzong|\n|poke|p2|Coalossal, F|\n|poke|p2|Goodra, F|\n|poke|p2|Weavile, F|\n|poke|p2|Chandelure, F|\n|poke|p2|Mamoswine, M|\n|teampreview\n|inactive|Battle timer is ON: inactive players will automatically lose when time's up. (requested by MarteAmpies)\n|\n|t:|1700673845\n|start\n|switch|p1a: Indeedee|Indeedee-F, F|100\/100\n|switch|p1b: Ursaluna|Ursaluna-Bloodmoon, M|100\/100\n|switch|p2a: No Fighting|Weavile, F|100\/100\n|switch|p2b: ForWhomBellTolls|Bronzong, shiny|100\/100\n|-ability|p2a: No Fighting|Pressure\n|-fieldstart|move: Psychic Terrain|[from] ability: Psychic Surge|[of] p1a: Indeedee\n|turn|1\n|\n|t:|1700673865\n|move|p2a: No Fighting|Knock Off|p1a: Indeedee\n|-supereffective|p1a: Indeedee\n|-damage|p1a: Indeedee|0 fnt\n|-enditem|p1a: Indeedee|Safety Goggles|[from] move: Knock Off|[of] p2a: No Fighting\n|faint|p1a: Indeedee\n|-damage|p2a: No Fighting|91\/100|[from] item: Life Orb\n|move|p1b: Ursaluna|Moonblast|p2a: No Fighting\n|-supereffective|p2a: No Fighting\n|-damage|p2a: No Fighting|0 fnt\n|faint|p2a: No Fighting\n|move|p2b: ForWhomBellTolls|Hypnosis|p1b: Ursaluna|[miss]\n|-miss|p2b: ForWhomBellTolls|p1b: Ursaluna\n|\n|upkeep\n|\n|t:|1700673884\n|switch|p2a: Kyodai Koopa|Coalossal, F|100\/100\n|switch|p1a: Farigiraf|Farigiraf, F|100\/100\n|turn|2\n|\n|t:|1700673898\n|move|p1b: Ursaluna|Earth Power|p2a: Kyodai Koopa\n|-supereffective|p2a: Kyodai Koopa\n|-damage|p2a: Kyodai Koopa|0 fnt\n|faint|p2a: Kyodai Koopa\n|move|p2b: ForWhomBellTolls|Stealth Rock|p1a: Farigiraf\n|-sidestart|p1: MarteAmpies|move: Stealth Rock\n|move|p1a: Farigiraf|Trick Room|p1a: Farigiraf\n|-fieldstart|move: Trick Room|[of] p1a: Farigiraf\n|\n|upkeep\n|\n|t:|1700673909\n|switch|p2a: Kaida|Goodra, F|100\/100\n|turn|3\n|\n|t:|1700673926\n|switch|p1a: Iron Hands|Iron Hands|100\/100\n|-damage|p1a: Iron Hands|94\/100|[from] Stealth Rock\n|move|p2b: ForWhomBellTolls|Body Press|p1b: Ursaluna\n|-supereffective|p1b: Ursaluna\n|-damage|p1b: Ursaluna|68\/100\n|move|p1b: Ursaluna|Blood Moon|p2a: Kaida\n|-damage|p2a: Kaida|61\/100\n|move|p2a: Kaida|Draco Meteor|p1a: Iron Hands\n|-damage|p1a: Iron Hands|48\/100\n|-unboost|p2a: Kaida|spa|2\n|-enditem|p1a: Iron Hands|Sitrus Berry|[eat]\n|-heal|p1a: Iron Hands|73\/100|[from] item: Sitrus Berry\n|\n|upkeep\n|turn|4\n|\n|t:|1700673945\n|switch|p2a: Lumi|Chandelure, F, shiny|100\/100\n|move|p2b: ForWhomBellTolls|Hypnosis|p1b: Ursaluna|[miss]\n|-miss|p2b: ForWhomBellTolls|p1b: Ursaluna\n|move|p1a: Iron Hands|Swords Dance|p1a: Iron Hands\n|-boost|p1a: Iron Hands|atk|2\n|move|p1b: Ursaluna|Earth Power|p2b: ForWhomBellTolls\n|-supereffective|p2b: ForWhomBellTolls\n|-damage|p2b: ForWhomBellTolls|26\/100\n|\n|-heal|p2b: ForWhomBellTolls|32\/100|[from] item: Leftovers\n|upkeep\n|turn|5\n|\n|t:|1700673957\n|move|p2a: Lumi|Protect|p2a: Lumi\n|-singleturn|p2a: Lumi|Protect\n|move|p2b: ForWhomBellTolls|Hypnosis|p1b: Ursaluna\n|-status|p1b: Ursaluna|slp|[from] move: Hypnosis\n|move|p1a: Iron Hands|Drain Punch|p2b: ForWhomBellTolls\n|-damage|p2b: ForWhomBellTolls|0 fnt\n|-heal|p1a: Iron Hands|85\/100|[from] drain|[of] p2b: ForWhomBellTolls\n|faint|p2b: ForWhomBellTolls\n|cant|p1b: Ursaluna|slp\n|\n|-fieldend|move: Psychic Terrain\n|upkeep\n|\n|t:|1700673972\n|switch|p2b: Kaida|Goodra, F|61\/100\n|turn|6\n|\n|t:|1700673983\n|move|p1a: Iron Hands|Drain Punch|p2b: Kaida\n|-damage|p2b: Kaida|0 fnt\n|-heal|p1a: Iron Hands|100\/100|[from] drain|[of] p2b: Kaida\n|faint|p2b: Kaida\n|cant|p1b: Ursaluna|slp\n|move|p2a: Lumi|Energy Ball|p1b: Ursaluna\n|-supereffective|p1b: Ursaluna\n|-damage|p1b: Ursaluna|14\/100 slp\n|\n|-fieldend|move: Trick Room\n|upkeep\n|\n|t:|1700673993\n|switch|p2b: MammothGraveyard|Mamoswine, M, shiny|100\/100\n|turn|7\n|inactive|MarteAmpies has 120 seconds left.\n|\n|t:|1700674037\n|move|p2a: Lumi|Heat Wave|p1b: Ursaluna|[spread] p1a,p1b\n|-damage|p1a: Iron Hands|70\/100\n|-damage|p1b: Ursaluna|0 fnt\n|faint|p1b: Ursaluna\n|move|p2b: MammothGraveyard|Icicle Crash|p1a: Iron Hands\n|-damage|p1a: Iron Hands|38\/100\n|cant|p1a: Iron Hands|flinch\n|\n|upkeep\n|\n|t:|1700674044\n|switch|p1b: Farigiraf|Farigiraf, F|100\/100\n|-damage|p1b: Farigiraf|88\/100|[from] Stealth Rock\n|turn|8\n|\n|t:|1700674066\n|-terastallize|p2a: Lumi|Grass\n|move|p1a: Iron Hands|Protect|p1a: Iron Hands\n|-singleturn|p1a: Iron Hands|Protect\n|move|p2a: Lumi|Heat Wave|p1b: Farigiraf|[spread] p1b\n|-activate|p1a: Iron Hands|move: Protect\n|-damage|p1b: Farigiraf|44\/100\n|move|p2b: MammothGraveyard|Earthquake|p1a: Iron Hands|[spread] p2a,p1b\n|-activate|p1a: Iron Hands|move: Protect\n|-resisted|p2a: Lumi\n|-damage|p2a: Lumi|76\/100\n|-damage|p1b: Farigiraf|0 fnt\n|faint|p1b: Farigiraf\n|\n|-heal|p2a: Lumi|82\/100|[from] item: Leftovers\n|upkeep\n|inactive|MarteAmpies has 120 seconds left.\n|\n|t:|1700674094\n|switch|p1b: Sinistcha|Sinistcha|100\/100\n|-damage|p1b: Sinistcha|88\/100|[from] Stealth Rock\n|-heal|p1a: Iron Hands|63\/100|[from] ability: Hospitality|[of] p1b: Sinistcha\n|turn|9\n|\n|t:|1700674101\n|-terastallize|p1a: Iron Hands|Grass\n|move|p2a: Lumi|Heat Wave|p1b: Sinistcha|[spread] p1a,p1b\n|-supereffective|p1a: Iron Hands\n|-supereffective|p1b: Sinistcha\n|-damage|p1a: Iron Hands|0 fnt\n|-damage|p1b: Sinistcha|0 fnt\n|faint|p1a: Iron Hands\n|-end|p1a: Iron Hands|Quark Drive|[silent]\n|faint|p1b: Sinistcha\n|move|p2b: MammothGraveyard|Earthquake|p2a: Lumi\n|-resisted|p2a: Lumi\n|-damage|p2a: Lumi|48\/100\n|\n|-heal|p2a: Lumi|54\/100|[from] item: Leftovers\n|upkeep\n|-message|MarteAmpies forfeited.\n|\n|win|AerBlaziken\n|raw|MarteAmpies's rating: 1214 &rarr; <strong>1192<\/strong><br \/>(-22 for losing)\n|raw|AerBlaziken's rating: 1262 &rarr; <strong>1284<\/strong><br \/>(+22 for winning)\n|l|\u2606MarteAmpies\n","uploadtime":1700674112,"views":12,"p1id":"marteampies","p2id":"aerblaziken","formatid":"gen9doublesou","rating":1192,"private":0,"password":""}