{"id":"gen9doublesou-1971703633","p1":"Dougtrio_0","p2":"Champion's Melody","format":"[Gen 9] Doubles OU","log":"|j|\u2606Dougtrio_0\n|j|\u2606Champion's Melody\n|t:|1697762930\n|gametype|doubles\n|player|p1|Dougtrio_0|265|1025\n|player|p2|Champion's Melody|cynthia|1037\n|teamsize|p1|6\n|teamsize|p2|6\n|gen|9\n|tier|[Gen 9] Doubles OU\n|rated|\n|rule|Species Clause: Limit one of each Pok\u00e9mon\n|rule|OHKO Clause: OHKO moves are banned\n|rule|Evasion Moves Clause: Evasion moves are banned\n|rule|Gravity Sleep Clause: The combination of sleep-inducing moves with imperfect accuracy and Gravity or Gigantamax Orbeetle are banned\n|rule|Endless Battle Clause: Forcing endless battles is banned\n|rule|HP Percentage Mod: HP is shown in percentages\n|clearpoke\n|poke|p1|Slowking-Galar, M|\n|poke|p1|Hatterene, F|\n|poke|p1|Ting-Lu|\n|poke|p1|Corviknight, M|\n|poke|p1|Glimmora, F|\n|poke|p1|Dondozo, F|\n|poke|p2|Lurantis, M|\n|poke|p2|Clefable, F|\n|poke|p2|Weezing-Galar, F|\n|poke|p2|Kommo-o, F|\n|poke|p2|Chien-Pao|\n|poke|p2|Slaking, M|\n|teampreview\n|inactive|Battle timer is ON: inactive players will automatically lose when time's up. (requested by Champion's Melody)\n|\n|t:|1697762948\n|start\n|switch|p1a: Slowking|Slowking-Galar, M|100\/100\n|switch|p1b: Ting-Lu|Ting-Lu|100\/100\n|switch|p2a: Weezing|Weezing-Galar, F|100\/100\n|switch|p2b: Slaking|Slaking, M|100\/100\n|-ability|p2a: Weezing|Neutralizing Gas\n|turn|1\n|\n|t:|1697762968\n|move|p2b: Slaking|Earthquake|p1a: Slowking|[spread] p2a,p1a,p1b\n|-supereffective|p2a: Weezing\n|-supereffective|p1a: Slowking\n|-damage|p2a: Weezing|50\/100\n|-damage|p1a: Slowking|22\/100\n|-damage|p1b: Ting-Lu|85\/100\n|move|p2a: Weezing|Curse|p2a: Weezing\n|-unboost|p2a: Weezing|spe|1\n|-boost|p2a: Weezing|atk|1\n|-boost|p2a: Weezing|def|1\n|move|p1b: Ting-Lu|Spikes|p2b: Slaking\n|-sidestart|p2: Champion's Melody|Spikes\n|move|p1a: Slowking|Trick Room|p1a: Slowking\n|-fieldstart|move: Trick Room|[of] p1a: Slowking\n|\n|-heal|p1a: Slowking|28\/100|[from] item: Leftovers\n|upkeep\n|turn|2\n|\n|t:|1697762992\n|move|p1a: Slowking|Eerie Spell|p2a: Weezing\n|-supereffective|p2a: Weezing\n|-damage|p2a: Weezing|0 fnt\n|faint|p2a: Weezing\n|-end|p2a: Weezing|ability: Neutralizing Gas\n|-ability|p1b: Ting-Lu|Vessel of Ruin\n|move|p1b: Ting-Lu|Earthquake|p2b: Slaking|[spread] p1a,p2b\n|-supereffective|p1a: Slowking\n|-damage|p1a: Slowking|0 fnt\n|-damage|p2b: Slaking|71\/100\n|faint|p1a: Slowking\n|move|p2b: Slaking|Earthquake|p1b: Ting-Lu\n|-damage|p1b: Ting-Lu|65\/100\n|\n|upkeep\n|\n|t:|1697763013\n|switch|p1a: Glimmora|Glimmora, F|100\/100\n|switch|p2a: Lurantis|Lurantis, M|100\/100\n|-damage|p2a: Lurantis|88\/100|[from] Spikes\n|turn|3\n|\n|t:|1697763037\n|move|p1b: Ting-Lu|Lash Out|p2b: Slaking\n|-damage|p2b: Slaking|45\/100\n|move|p2a: Lurantis|Superpower|p1b: Ting-Lu\n|-supereffective|p1b: Ting-Lu\n|-damage|p1b: Ting-Lu|17\/100\n|-boost|p2a: Lurantis|atk|1\n|-boost|p2a: Lurantis|def|1\n|move|p1a: Glimmora|Spikes|p2b: Slaking\n|-sidestart|p2: Champion's Melody|Spikes\n|cant|p2b: Slaking|ability: Truant\n|\n|upkeep\n|turn|4\n|\n|t:|1697763056\n|move|p1b: Ting-Lu|Rest|p1b: Ting-Lu\n|-status|p1b: Ting-Lu|slp|[from] move: Rest\n|-heal|p1b: Ting-Lu|100\/100 slp|[silent]\n|-enditem|p1b: Ting-Lu|Chesto Berry|[eat]\n|-curestatus|p1b: Ting-Lu|slp|[msg]\n|move|p2a: Lurantis|Superpower|p1b: Ting-Lu\n|-supereffective|p1b: Ting-Lu\n|-damage|p1b: Ting-Lu|29\/100\n|-boost|p2a: Lurantis|atk|1\n|-boost|p2a: Lurantis|def|1\n|move|p1a: Glimmora|Power Gem|p2b: Slaking\n|-damage|p2b: Slaking|10\/100\n|move|p2b: Slaking|Earthquake|p1a: Glimmora|[spread] p2a,p1a,p1b\n|-resisted|p2a: Lurantis\n|-supereffective|p1a: Glimmora\n|-damage|p2a: Lurantis|80\/100\n|-enditem|p1a: Glimmora|Focus Sash\n|-damage|p1a: Glimmora|1\/100\n|-damage|p1b: Ting-Lu|14\/100\n|\n|upkeep\n|turn|5\n|inactive|Dougtrio_0 has 120 seconds left.\n|\n|t:|1697763097\n|move|p1a: Glimmora|Spiky Shield|p1a: Glimmora\n|-singleturn|p1a: Glimmora|move: Protect\n|move|p2a: Lurantis|Ingrain|p2a: Lurantis\n|-start|p2a: Lurantis|move: Ingrain\n|move|p1b: Ting-Lu|Earthquake|p2a: Lurantis|[spread] p2a,p2b\n|-activate|p1a: Glimmora|move: Protect\n|-resisted|p2a: Lurantis\n|-damage|p2a: Lurantis|69\/100\n|-damage|p2b: Slaking|0 fnt\n|faint|p2b: Slaking\n|\n|-heal|p2a: Lurantis|75\/100|[from] Ingrain\n|-fieldend|move: Trick Room\n|upkeep\n|inactive|Champion's Melody has 120 seconds left.\n|\n|t:|1697763116\n|switch|p2b: Chien-Pao|Chien-Pao|100\/100\n|-damage|p2b: Chien-Pao|84\/100|[from] Spikes\n|-ability|p2b: Chien-Pao|Sword of Ruin\n|turn|6\n|\n|t:|1697763135\n|move|p2b: Chien-Pao|Ice Spinner|p1a: Glimmora\n|-damage|p1a: Glimmora|0 fnt\n|faint|p1a: Glimmora\n|move|p1b: Ting-Lu|Rest|p1b: Ting-Lu\n|-status|p1b: Ting-Lu|slp|[from] move: Rest\n|-heal|p1b: Ting-Lu|100\/100 slp|[silent]\n|move|p2a: Lurantis|Leech Life|p1b: Ting-Lu\n|-supereffective|p1b: Ting-Lu\n|-damage|p1b: Ting-Lu|28\/100 slp\n|-heal|p2a: Lurantis|100\/100|[from] drain|[of] p1b: Ting-Lu\n|\n|upkeep\n|\n|t:|1697763149\n|switch|p1a: Hatterene|Hatterene, F|100\/100\n|turn|7\n|\n|t:|1697763157\n|move|p2b: Chien-Pao|Ice Spinner|p1b: Ting-Lu\n|-supereffective|p1b: Ting-Lu\n|-damage|p1b: Ting-Lu|0 fnt\n|faint|p1b: Ting-Lu\n|move|p2a: Lurantis|Leech Life|p1a: Hatterene\n|-damage|p1a: Hatterene|18\/100\n|move|p1a: Hatterene|Trick Room|p1a: Hatterene\n|-fieldstart|move: Trick Room|[of] p1a: Hatterene\n|\n|upkeep\n|\n|t:|1697763175\n|switch|p1b: Dondozo|Dondozo, F|100\/100\n|turn|8\n|\n|t:|1697763196\n|move|p1a: Hatterene|Mystical Fire|p2b: Chien-Pao\n|-supereffective|p2b: Chien-Pao\n|-damage|p2b: Chien-Pao|0 fnt\n|faint|p2b: Chien-Pao\n|move|p1b: Dondozo|Ice Fang|p2a: Lurantis\n|-supereffective|p2a: Lurantis\n|-damage|p2a: Lurantis|46\/100\n|move|p2a: Lurantis|Leaf Storm|p1b: Dondozo\n|-supereffective|p1b: Dondozo\n|-damage|p1b: Dondozo|9\/100\n|-boost|p2a: Lurantis|spa|2\n|\n|-heal|p2a: Lurantis|52\/100|[from] Ingrain\n|upkeep\n|\n|t:|1697763209\n|switch|p2b: Clefable|Clefable, F|100\/100\n|turn|9\n|\n|t:|1697763227\n|move|p2b: Clefable|Follow Me|p2b: Clefable\n|-singleturn|p2b: Clefable|move: Follow Me\n|move|p1a: Hatterene|Dazzling Gleam|p2a: Lurantis|[spread] p2a,p2b\n|-damage|p2a: Lurantis|18\/100\n|-damage|p2b: Clefable|79\/100\n|move|p1b: Dondozo|Rest|p1b: Dondozo\n|-status|p1b: Dondozo|slp|[from] move: Rest\n|-heal|p1b: Dondozo|100\/100 slp|[silent]\n|move|p2a: Lurantis|Leech Life|p1a: Hatterene\n|-damage|p1a: Hatterene|0 fnt\n|-heal|p2a: Lurantis|25\/100|[from] drain|[of] p1a: Hatterene\n|faint|p1a: Hatterene\n|\n|-heal|p2b: Clefable|85\/100|[from] item: Leftovers\n|-heal|p2a: Lurantis|31\/100|[from] Ingrain\n|upkeep\n|\n|t:|1697763245\n|switch|p1a: Corviknight|Corviknight, M|100\/100\n|turn|10\n|\n|t:|1697763254\n|move|p2b: Clefable|Follow Me|p2b: Clefable\n|-singleturn|p2b: Clefable|move: Follow Me\n|cant|p1b: Dondozo|slp\n|move|p1b: Dondozo|Sleep Talk|p1b: Dondozo\n|move|p1b: Dondozo|Ice Fang|p2b: Clefable|[from]move: Sleep Talk\n|-damage|p2b: Clefable|58\/100\n|move|p2a: Lurantis|Leech Life|p1b: Dondozo\n|-damage|p1b: Dondozo|86\/100 slp\n|-heal|p2a: Lurantis|40\/100|[from] drain|[of] p1b: Dondozo\n|move|p1a: Corviknight|Hurricane|p2b: Clefable\n|-damage|p2b: Clefable|42\/100\n|\n|-heal|p2b: Clefable|48\/100|[from] item: Leftovers\n|-heal|p2a: Lurantis|46\/100|[from] Ingrain\n|upkeep\n|turn|11\n|\n|t:|1697763277\n|cant|p1b: Dondozo|slp\n|move|p1b: Dondozo|Sleep Talk|p1b: Dondozo\n|move|p1b: Dondozo|Rest||[from]move: Sleep Talk|[still]\n|-fail|p1b: Dondozo\n|move|p2a: Lurantis|Leaf Storm|p1b: Dondozo\n|-supereffective|p1b: Dondozo\n|-damage|p1b: Dondozo|0 fnt\n|-boost|p2a: Lurantis|spa|2\n|faint|p1b: Dondozo\n|move|p2b: Clefable|Cosmic Power|p2b: Clefable\n|-boost|p2b: Clefable|def|1\n|-boost|p2b: Clefable|spd|1\n|move|p1a: Corviknight|Iron Defense|p1a: Corviknight\n|-boost|p1a: Corviknight|def|2\n|\n|-heal|p2b: Clefable|55\/100|[from] item: Leftovers\n|-heal|p2a: Lurantis|52\/100|[from] Ingrain\n|-fieldend|move: Trick Room\n|upkeep\n|turn|12\n|\n|t:|1697763300\n|move|p2b: Clefable|Follow Me|p2b: Clefable\n|-singleturn|p2b: Clefable|move: Follow Me\n|move|p1a: Corviknight|Hurricane|p2b: Clefable\n|-damage|p2b: Clefable|44\/100\n|-start|p2b: Clefable|confusion\n|move|p2a: Lurantis|Leaf Storm|p1a: Corviknight\n|-resisted|p1a: Corviknight\n|-damage|p1a: Corviknight|77\/100\n|-boost|p2a: Lurantis|spa|2\n|\n|-heal|p2b: Clefable|50\/100|[from] item: Leftovers\n|-heal|p2a: Lurantis|58\/100|[from] Ingrain\n|upkeep\n|turn|13\n|\n|t:|1697763319\n|-terastallize|p1a: Corviknight|Flying\n|-activate|p2b: Clefable|confusion\n|move|p2b: Clefable|Follow Me|p2b: Clefable\n|-singleturn|p2b: Clefable|move: Follow Me\n|move|p1a: Corviknight|Hurricane|p2b: Clefable|[miss]\n|-miss|p1a: Corviknight|p2b: Clefable\n|move|p2a: Lurantis|Superpower|p1a: Corviknight\n|-resisted|p1a: Corviknight\n|-damage|p1a: Corviknight|63\/100\n|-boost|p2a: Lurantis|atk|1\n|-boost|p2a: Lurantis|def|1\n|\n|-heal|p2b: Clefable|56\/100|[from] item: Leftovers\n|-heal|p2a: Lurantis|64\/100|[from] Ingrain\n|upkeep\n|turn|14\n|\n|t:|1697763335\n|-activate|p2b: Clefable|confusion\n|move|p2b: Clefable|Follow Me|p2b: Clefable\n|-singleturn|p2b: Clefable|move: Follow Me\n|move|p1a: Corviknight|Hurricane|p2b: Clefable\n|-damage|p2b: Clefable|43\/100\n|move|p2a: Lurantis|Leaf Storm|p1a: Corviknight\n|-resisted|p1a: Corviknight\n|-damage|p1a: Corviknight|0 fnt\n|faint|p1a: Corviknight\n|\n|win|Champion's Melody\n|raw|Dougtrio_0's rating: 1025 &rarr; <strong>1012<\/strong><br \/>(-13 for losing)\n|raw|Champion&apos;s Melody's rating: 1037 &rarr; <strong>1070<\/strong><br \/>(+33 for winning)\n","uploadtime":1697763346,"views":14,"p1id":"dougtrio0","p2id":"championsmelody","formatid":"gen9doublesou","rating":1012,"private":0,"password":""}