{"id":"gen9doublesou-1985769695","p1":"Denarer","p2":"homuraisbestgirl","format":"[Gen 9] Doubles OU","log":"|j|\u2606Denarer\n|j|\u2606homuraisbestgirl\n|t:|1699404283\n|gametype|doubles\n|player|p1|Denarer|proton|1041\n|player|p2|homuraisbestgirl|sabrina|1089\n|teamsize|p1|6\n|teamsize|p2|6\n|gen|9\n|tier|[Gen 9] Doubles OU\n|rated|\n|rule|Species Clause: Limit one of each Pok\u00e9mon\n|rule|OHKO Clause: OHKO moves are banned\n|rule|Evasion Moves Clause: Evasion moves are banned\n|rule|Gravity Sleep Clause: The combination of sleep-inducing moves with imperfect accuracy and Gravity or Gigantamax Orbeetle are banned\n|rule|Endless Battle Clause: Forcing endless battles is banned\n|rule|HP Percentage Mod: HP is shown in percentages\n|clearpoke\n|poke|p1|Amoonguss, F|\n|poke|p1|Grimmsnarl, M|\n|poke|p1|Gholdengo|\n|poke|p1|Meowscarada, F|\n|poke|p1|Tauros-Paldea-Blaze, M|\n|poke|p1|Flutter Mane|\n|poke|p2|Oricorio-Pom-Pom, F|\n|poke|p2|Volcarona, F|\n|poke|p2|Kommo-o, M|\n|poke|p2|Clefable, F|\n|poke|p2|Amoonguss, F|\n|poke|p2|Flutter Mane|\n|teampreview\n|inactive|Battle timer is ON: inactive players will automatically lose when time's up. (requested by Denarer)\n|\n|t:|1699404295\n|start\n|switch|p1a: Grimmsnarl|Grimmsnarl, M|100\/100\n|switch|p1b: Flutter Mane|Flutter Mane|100\/100\n|switch|p2a: DANCE MOMS|Oricorio-Pom-Pom, F|100\/100\n|switch|p2b: Volcarona|Volcarona, F|100\/100\n|turn|1\n|\n|t:|1699404316\n|move|p1a: Grimmsnarl|Light Screen|p1a: Grimmsnarl\n|-sidestart|p1: Denarer|move: Light Screen\n|move|p1b: Flutter Mane|Moonblast|p2b: Volcarona\n|-resisted|p2b: Volcarona\n|-damage|p2b: Volcarona|59\/100\n|-unboost|p2b: Volcarona|spa|1\n|move|p2b: Volcarona|Quiver Dance|p2b: Volcarona\n|-boost|p2b: Volcarona|spa|1\n|-boost|p2b: Volcarona|spd|1\n|-boost|p2b: Volcarona|spe|1\n|-activate|p2a: DANCE MOMS|ability: Dancer\n|move|p2a: DANCE MOMS|Quiver Dance|p2a: DANCE MOMS|[from]ability: Dancer\n|-boost|p2a: DANCE MOMS|spa|1\n|-boost|p2a: DANCE MOMS|spd|1\n|-boost|p2a: DANCE MOMS|spe|1\n|move|p2a: DANCE MOMS|Quiver Dance|p2a: DANCE MOMS\n|-boost|p2a: DANCE MOMS|spa|1\n|-boost|p2a: DANCE MOMS|spd|1\n|-boost|p2a: DANCE MOMS|spe|1\n|\n|upkeep\n|turn|2\n|\n|t:|1699404338\n|move|p1a: Grimmsnarl|Reflect|p1a: Grimmsnarl\n|-sidestart|p1: Denarer|Reflect\n|move|p2a: DANCE MOMS|Air Cutter|p1a: Grimmsnarl|[spread] p1a,p1b\n|-damage|p1a: Grimmsnarl|78\/100\n|-damage|p1b: Flutter Mane|77\/100\n|move|p2b: Volcarona|Fiery Dance|p1b: Flutter Mane\n|-damage|p1b: Flutter Mane|51\/100\n|-boost|p2b: Volcarona|spa|1\n|-activate|p2a: DANCE MOMS|ability: Dancer\n|move|p2a: DANCE MOMS|Fiery Dance|p1b: Flutter Mane|[from]ability: Dancer\n|-damage|p1b: Flutter Mane|21\/100\n|-boost|p2a: DANCE MOMS|spa|1\n|move|p1b: Flutter Mane|Moonblast|p2a: DANCE MOMS\n|-damage|p2a: DANCE MOMS|43\/100\n|-unboost|p2a: DANCE MOMS|spa|1\n|\n|-heal|p2a: DANCE MOMS|49\/100|[from] item: Leftovers\n|upkeep\n|turn|3\n|\n|t:|1699404361\n|move|p2a: DANCE MOMS|Air Cutter|p1b: Flutter Mane|[spread] p1a,p1b\n|-crit|p1b: Flutter Mane\n|-damage|p1a: Grimmsnarl|54\/100\n|-damage|p1b: Flutter Mane|0 fnt\n|faint|p1b: Flutter Mane\n|-end|p1b: Flutter Mane|Protosynthesis|[silent]\n|move|p2b: Volcarona|Fiery Dance|p1a: Grimmsnarl\n|-damage|p1a: Grimmsnarl|15\/100\n|-boost|p2b: Volcarona|spa|1\n|-activate|p2a: DANCE MOMS|ability: Dancer\n|move|p2a: DANCE MOMS|Fiery Dance|p1a: Grimmsnarl|[from]ability: Dancer\n|-damage|p1a: Grimmsnarl|0 fnt\n|faint|p1a: Grimmsnarl\n|\n|-heal|p2a: DANCE MOMS|55\/100|[from] item: Leftovers\n|upkeep\n|\n|t:|1699404369\n|switch|p1b: Tauros|Tauros-Paldea-Blaze, M|100\/100\n|switch|p1a: Meowscarada|Meowscarada, F|100\/100\n|turn|4\n|\n|t:|1699404380\n|move|p2a: DANCE MOMS|Air Cutter|p1b: Tauros|[spread] p1b\n|-miss|p2a: DANCE MOMS|p1a: Meowscarada\n|-supereffective|p1b: Tauros\n|-damage|p1b: Tauros|28\/100\n|move|p2b: Volcarona|Fiery Dance|p1a: Meowscarada\n|-supereffective|p1a: Meowscarada\n|-damage|p1a: Meowscarada|0 fnt\n|-boost|p2b: Volcarona|spa|1\n|faint|p1a: Meowscarada\n|-activate|p2a: DANCE MOMS|ability: Dancer\n|move|p2a: DANCE MOMS|Fiery Dance|p1b: Tauros|[from]ability: Dancer\n|-resisted|p1b: Tauros\n|-damage|p1b: Tauros|4\/100\n|-enditem|p1b: Tauros|Aguav Berry|[eat]\n|-heal|p1b: Tauros|37\/100|[from] item: Aguav Berry\n|move|p1b: Tauros|Flare Blitz|p2b: Volcarona\n|-damage|p2b: Volcarona|0 fnt\n|faint|p2b: Volcarona\n|-damage|p1b: Tauros|14\/100|[from] Recoil\n|\n|-heal|p2a: DANCE MOMS|61\/100|[from] item: Leftovers\n|upkeep\n|\n|t:|1699404397\n|switch|p1a: Amoonguss|Amoonguss, F|100\/100\n|switch|p2b: Amoonguss|Amoonguss, F|100\/100\n|turn|5\n|\n|t:|1699404407\n|move|p2b: Amoonguss|Rage Powder|p2b: Amoonguss\n|-singleturn|p2b: Amoonguss|move: Rage Powder\n|move|p2a: DANCE MOMS|Air Cutter|p1a: Amoonguss|[spread] p1a,p1b\n|-supereffective|p1a: Amoonguss\n|-crit|p1a: Amoonguss\n|-supereffective|p1b: Tauros\n|-damage|p1a: Amoonguss|8\/100\n|-damage|p1b: Tauros|0 fnt\n|faint|p1b: Tauros\n|move|p1a: Amoonguss|Pollen Puff|p1: Tauros|[notarget]\n|-fail|p1a: Amoonguss\n|\n|-heal|p2a: DANCE MOMS|67\/100|[from] item: Leftovers\n|-heal|p1a: Amoonguss|14\/100|[from] item: Black Sludge\n|upkeep\n|\n|t:|1699404412\n|switch|p1b: Gholdengo|Gholdengo|100\/100\n|turn|6\n|\n|t:|1699404426\n|move|p2b: Amoonguss|Rage Powder|p2b: Amoonguss\n|-singleturn|p2b: Amoonguss|move: Rage Powder\n|move|p2a: DANCE MOMS|Air Cutter|p1a: Amoonguss|[spread] p1a,p1b\n|-supereffective|p1a: Amoonguss\n|-resisted|p1b: Gholdengo\n|-damage|p1a: Amoonguss|0 fnt\n|-damage|p1b: Gholdengo|87\/100\n|faint|p1a: Amoonguss\n|move|p1b: Gholdengo|Make It Rain|p2a: DANCE MOMS|[spread] p2a,p2b\n|-resisted|p2a: DANCE MOMS\n|-damage|p2a: DANCE MOMS|50\/100\n|-damage|p2b: Amoonguss|58\/100\n|-unboost|p1b: Gholdengo|spa|1\n|\n|-heal|p2a: DANCE MOMS|56\/100|[from] item: Leftovers\n|upkeep\n|turn|7\n|-message|Denarer forfeited.\n|\n|win|homuraisbestgirl\n|raw|Denarer's rating: 1041 &rarr; <strong>1027<\/strong><br \/>(-14 for losing)\n|raw|homuraisbestgirl's rating: 1089 &rarr; <strong>1112<\/strong><br \/>(+23 for winning)\n|l|\u2606Denarer\n","uploadtime":1699404444,"views":9,"p1id":"denarer","p2id":"homuraisbestgirl","formatid":"gen9doublesou","rating":1027,"private":0,"password":""}