{"id":"gen9doublesou-1983295801","p1":"Nephtyrix","p2":"tyo","format":"[Gen 9] Doubles OU","log":"|j|\u2606Nephtyrix\n|j|\u2606tyo\n|t:|1699115283\n|gametype|doubles\n|player|p1|Nephtyrix|chase|\n|player|p2|tyo|#vgcpliiizoruas|\n|teamsize|p1|6\n|teamsize|p2|6\n|gen|9\n|tier|[Gen 9] Doubles OU\n|rule|Species Clause: Limit one of each Pok\u00e9mon\n|rule|OHKO Clause: OHKO moves are banned\n|rule|Evasion Moves Clause: Evasion moves are banned\n|rule|Gravity Sleep Clause: The combination of sleep-inducing moves with imperfect accuracy and Gravity or Gigantamax Orbeetle are banned\n|rule|Endless Battle Clause: Forcing endless battles is banned\n|rule|HP Percentage Mod: HP is shown in percentages\n|clearpoke\n|poke|p1|Heatran, F|\n|poke|p1|Chien-Pao|\n|poke|p1|Rillaboom, F|\n|poke|p1|Ogerpon-Wellspring, F|\n|poke|p1|Iron Hands|\n|poke|p1|Landorus-Therian, M|\n|poke|p2|Flutter Mane|\n|poke|p2|Iron Hands|\n|poke|p2|Ogerpon-Wellspring, F|\n|poke|p2|Landorus-Therian, M|\n|poke|p2|Amoonguss, F|\n|poke|p2|Chien-Pao|\n|teampreview\n|c|\u2606tyo|glhf!\n|inactive|Battle timer is ON: inactive players will automatically lose when time's up. (requested by tyo)\n|j| AIRedzone\n|inactive|Nephtyrix has 270 seconds left.\n|inactive|tyo has 270 seconds left.\n|j| vgcltesid\n|j| xHys\n|j| Toxinalpaca\n|j| LC Enjoyer Fan\n|j| nddcd aron\n|j| Red Mollux\n|c| AIRedzone|go capn\n|j| juega persona\n|j| mishimono\n|c|\u2606Nephtyrix|gl hf !\n|inactive|Nephtyrix has 240 seconds left.\n|l| juega persona\n|j| elagic\n|j| bakchodi\n|j| Eragon11145\n|j| John1240\n|j| juega persona\n|j| Acura RL\n|j| Akaru Kokuyo\u3075\u308f\n|j| MADARAAAA\n|l| bakchodi\n|inactive|Nephtyrix has 210 seconds left.\n|\n|t:|1699115379\n|start\n|switch|p1a: Ash Blossom|Landorus-Therian, M|100\/100\n|switch|p1b: Pot of Greed|Rillaboom, F|100\/100\n|switch|p2a: Iron Hands|Iron Hands|100\/100\n|switch|p2b: Landorus|Landorus-Therian, M|100\/100\n|-ability|p2b: Landorus|Intimidate|boost\n|-unboost|p1a: Ash Blossom|atk|1\n|-unboost|p1b: Pot of Greed|atk|1\n|-ability|p1a: Ash Blossom|Intimidate|boost\n|-unboost|p2a: Iron Hands|atk|1\n|-unboost|p2b: Landorus|atk|1\n|-fieldstart|move: Grassy Terrain|[from] ability: Grassy Surge|[of] p1b: Pot of Greed\n|turn|1\n|l| LC Enjoyer Fan\n|l| Red Mollux\n|j| Heerv\n|j|+sundays.n_sundaes\n|l| Toxinalpaca\n|j| theyummybagel\n|inactive|Nephtyrix has 270 seconds left.\n|\n|t:|1699115407\n|-end|p2a: Iron Hands|Quark Drive|[silent]\n|switch|p2a: Amoonguss|Amoonguss, F|100\/100\n|move|p1b: Pot of Greed|Fake Out|p2a: Amoonguss\n|-damage|p2a: Amoonguss|94\/100\n|move|p2b: Landorus|U-turn|p1b: Pot of Greed\n|-supereffective|p1b: Pot of Greed\n|-damage|p1b: Pot of Greed|70\/100\n|j| Faaagamer@!\n|\n|t:|1699115415\n|switch|p2b: Chien-Pao|Chien-Pao|100\/100|[from] U-turn\n|-ability|p2b: Chien-Pao|Sword of Ruin\n|move|p1a: Ash Blossom|Stealth Rock|p2a: Amoonguss\n|-sidestart|p2: tyo|move: Stealth Rock\n|\n|-heal|p1b: Pot of Greed|76\/100|[from] Grassy Terrain\n|-heal|p2a: Amoonguss|99\/100|[from] Grassy Terrain\n|upkeep\n|turn|2\n|j| Givrix\n|j| Aurora (oz)\u2726\n|inactive|Nephtyrix has 270 seconds left.\n|\n|t:|1699115445\n|switch|p1b: Lightning Golem|Iron Hands|100\/100\n|-terastallize|p1a: Ash Blossom|Water\n|move|p2b: Chien-Pao|Icicle Crash|p1b: Lightning Golem\n|-damage|p1b: Lightning Golem|63\/100\n|move|p1a: Ash Blossom|Taunt|p2a: Amoonguss\n|-start|p2a: Amoonguss|move: Taunt\n|cant|p2a: Amoonguss|move: Taunt|Spore\n|\n|-heal|p1b: Lightning Golem|69\/100|[from] Grassy Terrain\n|-heal|p2a: Amoonguss|100\/100|[from] Grassy Terrain\n|upkeep\n|turn|3\n|j| Xrn\n|l| Xrn\n|inactive|Nephtyrix has 270 seconds left.\n|\n|t:|1699115483\n|switch|p2b: Landorus|Landorus-Therian, M|100\/100\n|-damage|p2b: Landorus|88\/100|[from] Stealth Rock\n|-ability|p2b: Landorus|Intimidate|boost\n|-unboost|p1a: Ash Blossom|atk|1\n|-unboost|p1b: Lightning Golem|atk|1\n|switch|p2a: Iron Hands|Iron Hands|100\/100\n|-damage|p2a: Iron Hands|94\/100|[from] Stealth Rock\n|move|p1a: Ash Blossom|U-turn|p2a: Iron Hands\n|-resisted|p2a: Iron Hands\n|-damage|p2a: Iron Hands|90\/100\n|j| AmoghOp(\n|\n|t:|1699115500\n|switch|p1a: Rescue Cat|Chien-Pao|100\/100|[from] U-turn\n|-ability|p1a: Rescue Cat|Sword of Ruin\n|move|p1b: Lightning Golem|Play Rough|p2b: Landorus\n|-damage|p2b: Landorus|59\/100\n|\n|-heal|p1b: Lightning Golem|75\/100|[from] Grassy Terrain\n|-heal|p2a: Iron Hands|96\/100|[from] Grassy Terrain\n|upkeep\n|turn|4\n|inactive|Nephtyrix has 270 seconds left.\n|\n|t:|1699115528\n|-end|p1b: Lightning Golem|Quark Drive|[silent]\n|switch|p1b: Ash Blossom|Landorus-Therian, M, tera:Water|100\/100\n|-ability|p1b: Ash Blossom|Intimidate|boost\n|-unboost|p2a: Iron Hands|atk|1\n|-unboost|p2b: Landorus|atk|1\n|move|p1a: Rescue Cat|Protect|p1a: Rescue Cat\n|-singleturn|p1a: Rescue Cat|Protect\n|move|p2b: Landorus|U-turn|p1b: Ash Blossom\n|-damage|p1b: Ash Blossom|79\/100\n|j| WhoDatMan\n|j|@Arsenal\n|\n|t:|1699115538\n|switch|p2b: Ogerpon|Ogerpon-Wellspring, F|100\/100|[from] U-turn\n|-damage|p2b: Ogerpon|88\/100|[from] Stealth Rock\n|move|p2a: Iron Hands|Volt Switch|p1b: Ash Blossom\n|-supereffective|p1b: Ash Blossom\n|-damage|p1b: Ash Blossom|48\/100\n|-enditem|p1b: Ash Blossom|Sitrus Berry|[eat]\n|-heal|p1b: Ash Blossom|73\/100|[from] item: Sitrus Berry\n|\n|t:|1699115545\n|-end|p2a: Iron Hands|Quark Drive|[silent]\n|switch|p2a: Landorus|Landorus-Therian, M|59\/100|[from] Volt Switch\n|-damage|p2a: Landorus|47\/100|[from] Stealth Rock\n|-ability|p2a: Landorus|Intimidate|boost\n|-unboost|p1a: Rescue Cat|atk|1\n|-unboost|p1b: Ash Blossom|atk|1\n|\n|-heal|p2b: Ogerpon|94\/100|[from] Grassy Terrain\n|-heal|p1b: Ash Blossom|79\/100|[from] Grassy Terrain\n|upkeep\n|turn|5\n|j| Mcthelegit\n|inactive|Nephtyrix has 270 seconds left.\n|j| A HeLpFuL RayQuazA\n|j|+ryo yamada2001\n|j| Trickroomiscringe\n|inactive|Nephtyrix has 240 seconds left.\n|j| kunal2\n|inactive|tyo has 270 seconds left.\n|inactive|Nephtyrix has 210 seconds left.\n|j| CyndaKill-IGT\n|l|+sundays.n_sundaes\n|\n|t:|1699115628\n|switch|p1a: Lightning Golem|Iron Hands|75\/100\n|move|p2a: Landorus|U-turn|p1a: Lightning Golem\n|-resisted|p1a: Lightning Golem\n|-damage|p1a: Lightning Golem|67\/100\n|\n|t:|1699115632\n|switch|p2a: Amoonguss|Amoonguss, F|100\/100|[from] U-turn\n|-damage|p2a: Amoonguss|88\/100|[from] Stealth Rock\n|move|p2b: Ogerpon|Ivy Cudgel|p1b: Ash Blossom\n|-resisted|p1b: Ash Blossom\n|-damage|p1b: Ash Blossom|51\/100\n|move|p1b: Ash Blossom|U-turn|p2b: Ogerpon\n|-supereffective|p2b: Ogerpon\n|-damage|p2b: Ogerpon|63\/100\n|inactive|Nephtyrix has 210 seconds left.\n|c| CyndaKill-IGT|ALLAIENT LA FRONSSE\n|\n|t:|1699115648\n|switch|p1b: Rescue Cat|Chien-Pao|100\/100|[from] U-turn\n|-ability|p1b: Rescue Cat|Sword of Ruin\n|\n|-heal|p2b: Ogerpon|69\/100|[from] Grassy Terrain\n|-heal|p1a: Lightning Golem|73\/100|[from] Grassy Terrain\n|-heal|p2a: Amoonguss|94\/100|[from] Grassy Terrain\n|-fieldend|move: Grassy Terrain\n|upkeep\n|turn|6\n|j|+sundays.n_sundaes\n|\n|t:|1699115665\n|switch|p2b: Landorus|Landorus-Therian, M|47\/100\n|-damage|p2b: Landorus|34\/100|[from] Stealth Rock\n|-ability|p2b: Landorus|Intimidate|boost\n|-unboost|p1a: Lightning Golem|atk|1\n|-unboost|p1b: Rescue Cat|atk|1\n|move|p1a: Lightning Golem|Fake Out|p2b: Landorus\n|-damage|p2b: Landorus|21\/100\n|move|p1b: Rescue Cat|Ice Spinner|p2a: Amoonguss\n|-supereffective|p2a: Amoonguss\n|-damage|p2a: Amoonguss|14\/100\n|-enditem|p2a: Amoonguss|Sitrus Berry|[eat]\n|-heal|p2a: Amoonguss|39\/100|[from] item: Sitrus Berry\n|-damage|p1b: Rescue Cat|91\/100|[from] item: Life Orb\n|move|p2a: Amoonguss|Pollen Puff|p2b: Landorus\n|-heal|p2b: Landorus|71\/100\n|\n|upkeep\n|turn|7\n|l|+sundays.n_sundaes\n|inactive|Nephtyrix has 210 seconds left.\n|inactive|tyo has 270 seconds left.\n|j|+sundays.n_sundaes\n|inactive|Nephtyrix has 180 seconds left.\n|\n|t:|1699115742\n|-end|p1a: Lightning Golem|Quark Drive|[silent]\n|switch|p1a: Ash Blossom|Landorus-Therian, M, tera:Water|51\/100\n|-ability|p1a: Ash Blossom|Intimidate|boost\n|-unboost|p2a: Amoonguss|atk|1\n|-unboost|p2b: Landorus|atk|1\n|switch|p2a: Iron Hands|Iron Hands|96\/100\n|-damage|p2a: Iron Hands|90\/100|[from] Stealth Rock\n|move|p2b: Landorus|U-turn|p1b: Rescue Cat\n|-supereffective|p1b: Rescue Cat\n|-damage|p1b: Rescue Cat|48\/100\n|inactive|tyo has 270 seconds left.\n|\n|t:|1699115752\n|switch|p2b: Ogerpon|Ogerpon-Wellspring, F|69\/100|[from] U-turn\n|-damage|p2b: Ogerpon|57\/100|[from] Stealth Rock\n|move|p1b: Rescue Cat|Ice Spinner|p2a: Iron Hands\n|-damage|p2a: Iron Hands|56\/100\n|-damage|p1b: Rescue Cat|38\/100|[from] item: Life Orb\n|\n|upkeep\n|turn|8\n|inactive|Nephtyrix has 180 seconds left.\n|\n|t:|1699115768\n|switch|p1a: Pot of Greed|Rillaboom, F|76\/100\n|-fieldstart|move: Grassy Terrain|[from] ability: Grassy Surge|[of] p1a: Pot of Greed\n|move|p1b: Rescue Cat|Protect|p1b: Rescue Cat\n|-singleturn|p1b: Rescue Cat|Protect\n|move|p2b: Ogerpon|Horn Leech|p1a: Pot of Greed\n|-resisted|p1a: Pot of Greed\n|-damage|p1a: Pot of Greed|47\/100\n|-heal|p2b: Ogerpon|73\/100|[from] drain|[of] p1a: Pot of Greed\n|move|p2a: Iron Hands|Drain Punch|p1b: Rescue Cat\n|-activate|p1b: Rescue Cat|move: Protect\n|\n|-heal|p1b: Rescue Cat|44\/100|[from] Grassy Terrain\n|-heal|p2b: Ogerpon|79\/100|[from] Grassy Terrain\n|-heal|p1a: Pot of Greed|53\/100|[from] Grassy Terrain\n|-heal|p2a: Iron Hands|63\/100|[from] Grassy Terrain\n|upkeep\n|turn|9\n|\n|t:|1699115786\n|-terastallize|p2a: Iron Hands|Fire\n|move|p1b: Rescue Cat|Ice Spinner|p2a: Iron Hands\n|-resisted|p2a: Iron Hands\n|-damage|p2a: Iron Hands|47\/100\n|-fieldend|move: Grassy Terrain\n|-damage|p1b: Rescue Cat|34\/100|[from] item: Life Orb\n|move|p2b: Ogerpon|Horn Leech|p1b: Rescue Cat\n|-damage|p1b: Rescue Cat|0 fnt\n|-heal|p2b: Ogerpon|93\/100|[from] drain|[of] p1b: Rescue Cat\n|faint|p1b: Rescue Cat\n|move|p1a: Pot of Greed|Wood Hammer|p2a: Iron Hands\n|-resisted|p2a: Iron Hands\n|-damage|p2a: Iron Hands|29\/100\n|-damage|p1a: Pot of Greed|46\/100|[from] Recoil\n|move|p2a: Iron Hands|Drain Punch|p1a: Pot of Greed\n|-damage|p1a: Pot of Greed|8\/100\n|-heal|p2a: Iron Hands|45\/100|[from] drain|[of] p1a: Pot of Greed\n|\n|upkeep\n|\n|t:|1699115795\n|switch|p1b: Ash Blossom|Landorus-Therian, M, tera:Water|51\/100\n|-ability|p1b: Ash Blossom|Intimidate|boost\n|-unboost|p2a: Iron Hands|atk|1\n|-unboost|p2b: Ogerpon|atk|1\n|turn|10\n|inactive|Nephtyrix has 210 seconds left.\n|j| Jello1231\n|\n|t:|1699115829\n|switch|p1b: Lightning Golem|Iron Hands|73\/100\n|-end|p2a: Iron Hands|Quark Drive|[silent]\n|switch|p2a: Landorus|Landorus-Therian, M|71\/100\n|-damage|p2a: Landorus|59\/100|[from] Stealth Rock\n|-ability|p2a: Landorus|Intimidate|boost\n|-unboost|p1a: Pot of Greed|atk|1\n|-unboost|p1b: Lightning Golem|atk|1\n|move|p2b: Ogerpon|Spiky Shield|p2b: Ogerpon\n|-singleturn|p2b: Ogerpon|move: Protect\n|move|p1a: Pot of Greed|U-turn|p2b: Ogerpon\n|-activate|p2b: Ogerpon|move: Protect\n|-damage|p1a: Pot of Greed|0 fnt|[from] Spiky Shield|[of] p2b: Ogerpon\n|faint|p1a: Pot of Greed\n|\n|upkeep\n|inactive|Nephtyrix has 180 seconds left.\n|\n|t:|1699115841\n|switch|p1a: Ash Blossom|Landorus-Therian, M, tera:Water|51\/100\n|-ability|p1a: Ash Blossom|Intimidate|boost\n|-unboost|p2a: Landorus|atk|1\n|-unboost|p2b: Ogerpon|atk|1\n|turn|11\n|l| Trickroomiscringe\n|inactive|Nephtyrix has 180 seconds left.\n|\n|t:|1699115875\n|switch|p2b: Amoonguss|Amoonguss, F|72\/100\n|-damage|p2b: Amoonguss|60\/100|[from] Stealth Rock\n|move|p2a: Landorus|U-turn|p1a: Ash Blossom\n|-damage|p1a: Ash Blossom|35\/100\n|\n|t:|1699115881\n|switch|p2a: Ogerpon|Ogerpon-Wellspring, F|93\/100|[from] U-turn\n|-damage|p2a: Ogerpon|80\/100|[from] Stealth Rock\n|move|p1a: Ash Blossom|U-turn|p2b: Amoonguss\n|-damage|p2b: Amoonguss|41\/100\n|j| Trickroomiscringe\n|inactive|Nephtyrix has 180 seconds left.\n|\n|t:|1699115888\n|switch|p1a: Aromage - Rosemary|Ogerpon-Wellspring, F|100\/100|[from] U-turn\n|move|p1b: Lightning Golem|Wild Charge|p2b: Amoonguss\n|-resisted|p2b: Amoonguss\n|-damage|p2b: Amoonguss|29\/100\n|-damage|p1b: Lightning Golem|70\/100|[from] Recoil\n|\n|upkeep\n|turn|12\n|inactive|Nephtyrix has 180 seconds left.\n|j| i \u2764\ufe0f gangu\n|l| i \u2764\ufe0f gangu\n|\n|t:|1699115932\n|switch|p2b: Landorus|Landorus-Therian, M|59\/100\n|-damage|p2b: Landorus|46\/100|[from] Stealth Rock\n|-ability|p2b: Landorus|Intimidate|boost\n|-unboost|p1a: Aromage - Rosemary|atk|1\n|-unboost|p1b: Lightning Golem|atk|1\n|move|p1a: Aromage - Rosemary|Ivy Cudgel|p2b: Landorus\n|-supereffective|p2b: Landorus\n|-damage|p2b: Landorus|0 fnt\n|faint|p2b: Landorus\n|move|p2a: Ogerpon|Focus Energy|p2a: Ogerpon\n|-start|p2a: Ogerpon|move: Focus Energy\n|move|p1b: Lightning Golem|Wild Charge|p2a: Ogerpon\n|-damage|p2a: Ogerpon|57\/100\n|-damage|p1b: Lightning Golem|66\/100|[from] Recoil\n|\n|upkeep\n|l| Aurora (oz)\u2726\n|\n|t:|1699115944\n|switch|p2b: Amoonguss|Amoonguss, F|62\/100\n|-damage|p2b: Amoonguss|50\/100|[from] Stealth Rock\n|turn|13\n|\n|t:|1699115958\n|move|p1a: Aromage - Rosemary|Wood Hammer|p2a: Ogerpon\n|-damage|p2a: Ogerpon|7\/100\n|-damage|p1a: Aromage - Rosemary|82\/100|[from] Recoil\n|move|p2a: Ogerpon|Horn Leech|p1a: Aromage - Rosemary\n|-damage|p1a: Aromage - Rosemary|29\/100\n|-heal|p2a: Ogerpon|30\/100|[from] drain|[of] p1a: Aromage - Rosemary\n|move|p1b: Lightning Golem|Wild Charge|p2a: Ogerpon\n|-damage|p2a: Ogerpon|5\/100\n|-damage|p1b: Lightning Golem|61\/100|[from] Recoil\n|move|p2b: Amoonguss|Spore|p1b: Lightning Golem\n|-status|p1b: Lightning Golem|slp|[from] move: Spore\n|\n|upkeep\n|turn|14\n|inactive|Nephtyrix has 180 seconds left.\n|\n|t:|1699116012\n|-end|p1b: Lightning Golem|Quark Drive|[silent]\n|switch|p1b: Ash Blossom|Landorus-Therian, M, tera:Water|35\/100\n|-ability|p1b: Ash Blossom|Intimidate|boost\n|-unboost|p2a: Ogerpon|atk|1\n|-unboost|p2b: Amoonguss|atk|1\n|move|p1a: Aromage - Rosemary|Spiky Shield|p1a: Aromage - Rosemary\n|-singleturn|p1a: Aromage - Rosemary|move: Protect\n|move|p2a: Ogerpon|Spiky Shield|p2a: Ogerpon\n|-singleturn|p2a: Ogerpon|move: Protect\n|move|p2b: Amoonguss|Pollen Puff|p1a: Aromage - Rosemary\n|-activate|p1a: Aromage - Rosemary|move: Protect\n|\n|upkeep\n|turn|15\n|inactive|Nephtyrix has 180 seconds left.\n|\n|t:|1699116038\n|move|p1a: Aromage - Rosemary|U-turn|p2a: Ogerpon\n|-supereffective|p2a: Ogerpon\n|-damage|p2a: Ogerpon|0 fnt\n|faint|p2a: Ogerpon\n|j| ratpacker\n|\n|t:|1699116042\n|switch|p1a: Lava Golem|Heatran, F|100\/100|[from] U-turn\n|move|p1b: Ash Blossom|U-turn|p2b: Amoonguss\n|-damage|p2b: Amoonguss|31\/100\n|\n|t:|1699116051\n|switch|p1b: Lightning Golem|Iron Hands|61\/100 slp|[from] U-turn\n|move|p2b: Amoonguss|Pollen Puff|p1a: Lava Golem\n|-resisted|p1a: Lava Golem\n|-damage|p1a: Lava Golem|96\/100\n|\n|-heal|p1a: Lava Golem|100\/100|[from] item: Leftovers\n|upkeep\n|\n|t:|1699116054\n|switch|p2a: Iron Hands|Iron Hands, tera:Fire|45\/100\n|-damage|p2a: Iron Hands|20\/100|[from] Stealth Rock\n|turn|16\n|inactive|Nephtyrix has 180 seconds left.\n|\n|t:|1699116090\n|move|p1a: Lava Golem|Protect|p1a: Lava Golem\n|-singleturn|p1a: Lava Golem|Protect\n|move|p2a: Iron Hands|Fake Out|p1a: Lava Golem\n|-activate|p1a: Lava Golem|move: Protect\n|cant|p1b: Lightning Golem|slp\n|move|p2b: Amoonguss|Pollen Puff|p2a: Iron Hands\n|-heal|p2a: Iron Hands|70\/100\n|\n|upkeep\n|turn|17\n|inactive|Nephtyrix has 180 seconds left.\n|j| Ad.... 067 \u30c4\n|\n|t:|1699116123\n|switch|p1a: Ash Blossom|Landorus-Therian, M, tera:Water|35\/100\n|-ability|p1a: Ash Blossom|Intimidate|boost\n|-unboost|p2a: Iron Hands|atk|1\n|-unboost|p2b: Amoonguss|atk|1\n|cant|p1b: Lightning Golem|slp\n|move|p2a: Iron Hands|Drain Punch|p1a: Ash Blossom\n|-crit|p1a: Ash Blossom\n|-damage|p1a: Ash Blossom|0 fnt\n|-heal|p2a: Iron Hands|84\/100|[from] drain|[of] p1a: Ash Blossom\n|faint|p1a: Ash Blossom\n|move|p2b: Amoonguss|Spore|p1b: Lightning Golem\n|-fail|p1b: Lightning Golem|slp\n|\n|upkeep\n|inactive|Nephtyrix has 150 seconds left.\n|\n|t:|1699116134\n|switch|p1a: Aromage - Rosemary|Ogerpon-Wellspring, F|29\/100\n|turn|18\n|\n|t:|1699116147\n|move|p1a: Aromage - Rosemary|Spiky Shield|p1a: Aromage - Rosemary\n|-singleturn|p1a: Aromage - Rosemary|move: Protect\n|-curestatus|p1b: Lightning Golem|slp|[msg]\n|move|p1b: Lightning Golem|Close Combat|p2b: Amoonguss\n|-resisted|p2b: Amoonguss\n|-damage|p2b: Amoonguss|5\/100\n|-unboost|p1b: Lightning Golem|def|1\n|-unboost|p1b: Lightning Golem|spd|1\n|move|p2a: Iron Hands|Drain Punch|p1a: Aromage - Rosemary\n|-activate|p1a: Aromage - Rosemary|move: Protect\n|-damage|p2a: Iron Hands|72\/100|[from] Spiky Shield|[of] p1a: Aromage - Rosemary\n|move|p2b: Amoonguss|Pollen Puff|p2a: Iron Hands\n|-heal|p2a: Iron Hands|100\/100\n|\n|upkeep\n|turn|19\n|\n|t:|1699116162\n|move|p1a: Aromage - Rosemary|Ivy Cudgel|p2a: Iron Hands\n|-supereffective|p2a: Iron Hands\n|-damage|p2a: Iron Hands|20\/100\n|move|p1b: Lightning Golem|Close Combat|p2b: Amoonguss\n|-resisted|p2b: Amoonguss\n|-crit|p2b: Amoonguss\n|-damage|p2b: Amoonguss|0 fnt\n|-unboost|p1b: Lightning Golem|def|1\n|-unboost|p1b: Lightning Golem|spd|1\n|faint|p2b: Amoonguss\n|move|p2a: Iron Hands|Drain Punch|p1a: Aromage - Rosemary\n|-damage|p1a: Aromage - Rosemary|0 fnt\n|-heal|p2a: Iron Hands|30\/100|[from] drain|[of] p1a: Aromage - Rosemary\n|faint|p1a: Aromage - Rosemary\n|\n|upkeep\n|\n|t:|1699116167\n|switch|p1a: Lava Golem|Heatran, F|100\/100\n|switch|p2b: Flutter Mane|Flutter Mane|100\/100\n|-damage|p2b: Flutter Mane|88\/100|[from] Stealth Rock\n|-enditem|p2b: Flutter Mane|Booster Energy\n|-activate|p2b: Flutter Mane|ability: Protosynthesis|[fromitem]\n|-start|p2b: Flutter Mane|protosynthesisspe\n|turn|20\n|\n|t:|1699116186\n|move|p1b: Lightning Golem|Fake Out||[still]\n|-hint|Fake Out only works on your first turn out.\n|-fail|p1b: Lightning Golem\n|move|p2b: Flutter Mane|Moonblast|p1b: Lightning Golem\n|-supereffective|p1b: Lightning Golem\n|-damage|p1b: Lightning Golem|0 fnt\n|faint|p1b: Lightning Golem\n|-end|p1b: Lightning Golem|Quark Drive|[silent]\n|move|p1a: Lava Golem|Heat Wave|p2b: Flutter Mane|[spread] p2a,p2b\n|-resisted|p2a: Iron Hands\n|-crit|p2a: Iron Hands\n|-damage|p2a: Iron Hands|14\/100\n|-damage|p2b: Flutter Mane|51\/100\n|move|p2a: Iron Hands|Drain Punch|p1a: Lava Golem\n|-supereffective|p1a: Lava Golem\n|-damage|p1a: Lava Golem|43\/100\n|-heal|p2a: Iron Hands|36\/100|[from] drain|[of] p1a: Lava Golem\n|\n|-heal|p1a: Lava Golem|49\/100|[from] item: Leftovers\n|upkeep\n|turn|21\n|inactive|Nephtyrix has 240 seconds left.\n|\n|t:|1699116200\n|move|p2b: Flutter Mane|Shadow Ball|p1a: Lava Golem\n|-damage|p1a: Lava Golem|15\/100\n|move|p1a: Lava Golem|Earth Power|p2a: Iron Hands\n|-supereffective|p2a: Iron Hands\n|-damage|p2a: Iron Hands|1\/100\n|move|p2a: Iron Hands|Drain Punch|p1a: Lava Golem\n|-supereffective|p1a: Lava Golem\n|-damage|p1a: Lava Golem|0 fnt\n|-heal|p2a: Iron Hands|6\/100|[from] drain|[of] p1a: Lava Golem\n|faint|p1a: Lava Golem\n|\n|win|tyo\n|l| theyummybagel\n|c|\u2606Nephtyrix|Sry la team\n|c|\u2606tyo|gg\n|c|+sundays.n_sundaes|O captain, my captain\n|c|\u2606Nephtyrix|Perdu dans mes pens\u00e9es\n|c|\u2606Nephtyrix|gg\n|l| Ad.... 067 \u30c4\n|l| Akaru Kokuyo\u3075\u308f\n|l| nddcd aron\n|l| Heerv\n|l| A HeLpFuL RayQuazA\n|l|+sundays.n_sundaes\n|j| F3rrari450\n|l|\u2606Nephtyrix\n|l| xHys\n|l| MADARAAAA\n|l|\u2606tyo\n|j| SingleThunder\n|l| juega persona\n|l| AIRedzone\n|l| John1240\n|l| WhoDatMan\n|l| Trickroomiscringe\n|l| Mcthelegit\n|j|\u2606tyo\n|player|p2|tyo|#vgcpliiizoruas\n|l|\u2606tyo\n|player|p2|\n|l|@Arsenal\n|l| CyndaKill-IGT\n|l| ratpacker\n|j|+sundays.n_sundaes\n|l|+ryo yamada2001\n|l| AmoghOp(\n|j| sanjaydas\n|j| SMB\n|j| AmoghOp(\n|l| AmoghOp(\n|l|+sundays.n_sundaes\n|j|\u2606Nephtyrix\n|player|p1|Nephtyrix|chase\n|j| THEAsianFaLiUrE\n|l| SMB\n|l| THEAsianFaLiUrE\n","uploadtime":1699116208,"views":141,"p1id":"nephtyrix","p2id":"tyo","formatid":"gen9doublesou","rating":0,"private":0,"password":""}