{"id":"gen9doublesou-1990248442","p1":"ihaveamuckbackward","p2":"Elite.4.Challenger","format":"[Gen 9] Doubles OU","log":"|j|\u2606ihaveamuckbackward\n|j|\u2606Elite.4.Challenger\n|t:|1699944247\n|gametype|doubles\n|player|p1|ihaveamuckbackward|steven|1406\n|player|p2|Elite.4.Challenger|koga|1398\n|teamsize|p1|6\n|teamsize|p2|6\n|gen|9\n|tier|[Gen 9] Doubles OU\n|rated|\n|rule|Species Clause: Limit one of each Pok\u00e9mon\n|rule|OHKO Clause: OHKO moves are banned\n|rule|Evasion Moves Clause: Evasion moves are banned\n|rule|Gravity Sleep Clause: The combination of sleep-inducing moves with imperfect accuracy and Gravity or Gigantamax Orbeetle are banned\n|rule|Endless Battle Clause: Forcing endless battles is banned\n|rule|HP Percentage Mod: HP is shown in percentages\n|clearpoke\n|poke|p1|Oranguru, M|\n|poke|p1|Ursaluna-Bloodmoon, M|\n|poke|p1|Iron Hands|\n|poke|p1|Diancie|\n|poke|p1|Sinistcha|\n|poke|p1|Cresselia, F|\n|poke|p2|Zapdos|\n|poke|p2|Grimmsnarl, M|\n|poke|p2|Basculegion-F, F|\n|poke|p2|Goodra-Hisui, F|\n|poke|p2|Politoed, M|\n|poke|p2|Toxicroak, M|\n|teampreview\n|inactive|Battle timer is ON: inactive players will automatically lose when time's up. (requested by ihaveamuckbackward)\n|\n|t:|1699944278\n|start\n|switch|p1a: my goat <3|Ursaluna-Bloodmoon, M|100\/100\n|switch|p1b: kelvi ?|Oranguru, M, shiny|100\/100\n|switch|p2a: Michael Phelps|Basculegion-F, F|100\/100\n|switch|p2b: Gollum|Grimmsnarl, M|100\/100\n|turn|1\n|inactive|ihaveamuckbackward has 120 seconds left.\n|\n|t:|1699944316\n|-terastallize|p1b: kelvi ?|Dark\n|move|p1a: my goat <3|Protect|p1a: my goat <3\n|-singleturn|p1a: my goat <3|Protect\n|move|p2b: Gollum|Fake Out|p1b: kelvi ?\n|-damage|p1b: kelvi ?|86\/100\n|move|p2a: Michael Phelps|Surf|p1b: kelvi ?|[spread] p2b,p1b\n|-activate|p1a: my goat <3|move: Protect\n|-damage|p2b: Gollum|49\/100\n|-damage|p1b: kelvi ?|58\/100\n|cant|p1b: kelvi ?|flinch\n|\n|upkeep\n|turn|2\n|inactive|Elite.4.Challenger has 120 seconds left.\n|\n|t:|1699944351\n|switch|p2b: Kermit the Frog|Politoed, M|100\/100\n|-weather|RainDance|[from] ability: Drizzle|[of] p2b: Kermit the Frog\n|move|p2a: Michael Phelps|Surf|p1a: my goat <3|[spread] p2b,p1a,p1b\n|-resisted|p2b: Kermit the Frog\n|-crit|p2b: Kermit the Frog\n|-supereffective|p1a: my goat <3\n|-damage|p2b: Kermit the Frog|63\/100\n|-damage|p1a: my goat <3|0 fnt\n|-damage|p1b: kelvi ?|17\/100\n|faint|p1a: my goat <3\n|-enditem|p2b: Kermit the Frog|Eject Button\n|\n|t:|1699944363\n|switch|p2b: Kermit the Dawg|Toxicroak, M|100\/100\n|move|p1b: kelvi ?|Trick Room|p1b: kelvi ?\n|-fieldstart|move: Trick Room|[of] p1b: kelvi ?\n|\n|-weather|RainDance|[upkeep]\n|upkeep\n|\n|t:|1699944380\n|switch|p1a: like graaa|Diancie|100\/100\n|turn|3\n|\n|t:|1699944398\n|move|p2b: Kermit the Dawg|Fake Out|p1a: like graaa\n|-resisted|p1a: like graaa\n|-damage|p1a: like graaa|94\/100\n|-damage|p2b: Kermit the Dawg|91\/100|[from] item: Life Orb\n|cant|p1a: like graaa|flinch\n|move|p1b: kelvi ?|Instruct||[still]\n|-fail|p1b: kelvi ?\n|move|p2a: Michael Phelps|Surf|p1b: kelvi ?|[spread] p1a,p1b\n|-heal|p2b: Kermit the Dawg|100\/100|[from] ability: Dry Skin|[of] p2a: Michael Phelps\n|-supereffective|p1a: like graaa\n|-damage|p1a: like graaa|3\/100\n|-damage|p1b: kelvi ?|0 fnt\n|-enditem|p1a: like graaa|Weakness Policy\n|-boost|p1a: like graaa|atk|2|[from] item: Weakness Policy\n|-boost|p1a: like graaa|spa|2|[from] item: Weakness Policy\n|faint|p1b: kelvi ?\n|\n|-weather|RainDance|[upkeep]\n|upkeep\n|\n|t:|1699944414\n|switch|p1b: green coom ?|Sinistcha|100\/100\n|-heal|p1a: like graaa|28\/100|[from] ability: Hospitality|[of] p1b: green coom ?\n|turn|4\n|\n|t:|1699944443\n|switch|p2a: James Murray|Goodra-Hisui, F|100\/100\n|move|p1b: green coom ?|Rage Powder|p1b: green coom ?\n|-singleturn|p1b: green coom ?|move: Rage Powder\n|move|p1a: like graaa|Baton Pass|p1a: like graaa\n|\n|t:|1699944450\n|switch|p1a: hands|Iron Hands, shiny|100\/100|[from] Baton Pass\n|move|p2b: Kermit the Dawg|Poison Jab|p1b: green coom ?\n|-damage|p1b: green coom ?|58\/100\n|-damage|p2b: Kermit the Dawg|91\/100|[from] item: Life Orb\n|\n|-weather|RainDance|[upkeep]\n|-heal|p2b: Kermit the Dawg|100\/100|[from] ability: Dry Skin\n|-heal|p1b: green coom ?|64\/100|[from] item: Leftovers\n|upkeep\n|turn|5\n|\n|t:|1699944472\n|switch|p2b: Gollum|Grimmsnarl, M|49\/100\n|-terastallize|p2a: James Murray|Flying\n|move|p1a: hands|Earthquake|p2a: James Murray|[spread] p1b,p2b\n|-immune|p2a: James Murray\n|-resisted|p1b: green coom ?\n|-damage|p1b: green coom ?|39\/100\n|-damage|p2b: Gollum|0 fnt\n|faint|p2b: Gollum\n|move|p1b: green coom ?|Matcha Gotcha|p2a: James Murray\n|-ability|p2a: James Murray|Sap Sipper|boost\n|-boost|p2a: James Murray|atk|1\n|move|p2a: James Murray|Dragon Tail|p1a: hands\n|-damage|p1a: hands|80\/100\n|-end|p1a: hands|Quark Drive|[silent]\n|drag|p1a: like graaa|Diancie|28\/100\n|\n|-weather|RainDance|[upkeep]\n|-heal|p1b: green coom ?|45\/100|[from] item: Leftovers\n|upkeep\n|inactive|Elite.4.Challenger has 120 seconds left.\n|\n|t:|1699944496\n|switch|p2b: Kermit the Dawg|Toxicroak, M|100\/100\n|turn|6\n|inactive|Elite.4.Challenger has 120 seconds left.\n|\n|t:|1699944525\n|move|p2b: Kermit the Dawg|Sucker Punch|p1b: green coom ?\n|-supereffective|p1b: green coom ?\n|-damage|p1b: green coom ?|0 fnt\n|faint|p1b: green coom ?\n|-damage|p2b: Kermit the Dawg|91\/100|[from] item: Life Orb\n|move|p1a: like graaa|Diamond Storm|p2a: James Murray|[spread] p2a,p2b\n|-supereffective|p2a: James Murray\n|-resisted|p2b: Kermit the Dawg\n|-damage|p2a: James Murray|56\/100\n|-damage|p2b: Kermit the Dawg|71\/100\n|-boost|p1a: like graaa|def|2\n|move|p2a: James Murray|Flash Cannon|p1a: like graaa\n|-supereffective|p1a: like graaa\n|-damage|p1a: like graaa|0 fnt\n|faint|p1a: like graaa\n|\n|-weather|none\n|-fieldend|move: Trick Room\n|upkeep\n|\n|t:|1699944536\n|switch|p1b: hands|Iron Hands, shiny|80\/100\n|switch|p1a: bruhhhhh|Cresselia, F|100\/100\n|turn|7\n|inactive|Elite.4.Challenger has 120 seconds left.\n|\n|t:|1699944562\n|switch|p2b: Kermit the Frog|Politoed, M|63\/100\n|-weather|RainDance|[from] ability: Drizzle|[of] p2b: Kermit the Frog\n|move|p1a: bruhhhhh|Ally Switch|p1a: bruhhhhh\n|swap|p1a: bruhhhhh|1|[from] move: Ally Switch\n|move|p2a: James Murray|Acid Spray|p1b: bruhhhhh\n|-crit|p1b: bruhhhhh\n|-damage|p1b: bruhhhhh|91\/100\n|-unboost|p1b: bruhhhhh|spd|2\n|move|p1a: hands|Earthquake|p2a: James Murray|[spread] p2b\n|-immune|p1b: bruhhhhh|[from] ability: Levitate\n|-immune|p2a: James Murray\n|-damage|p2b: Kermit the Frog|29\/100\n|\n|-weather|RainDance|[upkeep]\n|upkeep\n|turn|8\n|\n|t:|1699944588\n|move|p2b: Kermit the Frog|Icy Wind|p1b: bruhhhhh|[spread] p1a,p1b\n|-damage|p1a: hands|75\/100\n|-damage|p1b: bruhhhhh|79\/100\n|-unboost|p1a: hands|spe|1\n|-unboost|p1b: bruhhhhh|spe|1\n|move|p2a: James Murray|Acid Spray|p1a: hands\n|-damage|p1a: hands|69\/100\n|-unboost|p1a: hands|spd|2\n|move|p1a: hands|Wild Charge|p2a: James Murray\n|-supereffective|p2a: James Murray\n|-damage|p2a: James Murray|0 fnt\n|faint|p2a: James Murray\n|-damage|p1a: hands|58\/100|[from] Recoil\n|move|p1b: bruhhhhh|Trick Room|p1b: bruhhhhh\n|-fieldstart|move: Trick Room|[of] p1b: bruhhhhh\n|\n|-weather|RainDance|[upkeep]\n|upkeep\n|inactive|Elite.4.Challenger has 120 seconds left.\n|\n|t:|1699944615\n|switch|p2a: Kermit the Dawg|Toxicroak, M|71\/100\n|turn|9\n|\n|t:|1699944624\n|move|p2a: Kermit the Dawg|Fake Out|p1a: hands\n|-crit|p1a: hands\n|-damage|p1a: hands|38\/100\n|-damage|p2a: Kermit the Dawg|61\/100|[from] item: Life Orb\n|cant|p1a: hands|flinch\n|move|p1b: bruhhhhh|Lunar Blessing|p1b: bruhhhhh|[spread] p1a,p1b\n|-heal|p1a: hands|63\/100\n|-heal|p1b: bruhhhhh|100\/100\n|move|p2b: Kermit the Frog|Surf|p1b: bruhhhhh|[spread] p1a,p1b\n|-heal|p2a: Kermit the Dawg|86\/100|[from] ability: Dry Skin|[of] p2b: Kermit the Frog\n|-damage|p1a: hands|32\/100\n|-damage|p1b: bruhhhhh|64\/100\n|\n|-weather|RainDance|[upkeep]\n|-heal|p2a: Kermit the Dawg|99\/100|[from] ability: Dry Skin\n|upkeep\n|turn|10\n|\n|t:|1699944646\n|move|p2b: Kermit the Frog|Protect|p2b: Kermit the Frog\n|-singleturn|p2b: Kermit the Frog|Protect\n|move|p2a: Kermit the Dawg|Sucker Punch|p1a: hands\n|-resisted|p1a: hands\n|-damage|p1a: hands|21\/100\n|-damage|p2a: Kermit the Dawg|89\/100|[from] item: Life Orb\n|move|p1a: hands|Earthquake|p2a: Kermit the Dawg|[spread] p2a\n|-activate|p2b: Kermit the Frog|move: Protect\n|-immune|p1b: bruhhhhh|[from] ability: Levitate\n|-supereffective|p2a: Kermit the Dawg\n|-damage|p2a: Kermit the Dawg|0 fnt\n|faint|p2a: Kermit the Dawg\n|move|p1b: bruhhhhh|Lunar Blessing|p1b: bruhhhhh|[spread] p1a,p1b\n|-heal|p1a: hands|46\/100\n|-heal|p1b: bruhhhhh|89\/100\n|\n|-weather|RainDance|[upkeep]\n|upkeep\n|inactive|Elite.4.Challenger has 120 seconds left.\n|\n|t:|1699944662\n|switch|p2a: Big Bird|Zapdos|100\/100\n|turn|11\n|\n|t:|1699944691\n|move|p2b: Kermit the Frog|Protect|p2b: Kermit the Frog\n|-singleturn|p2b: Kermit the Frog|Protect\n|move|p1a: hands|Ice Punch|p2a: Big Bird\n|-supereffective|p2a: Big Bird\n|-damage|p2a: Big Bird|28\/100\n|move|p1b: bruhhhhh|Psychic|p2a: Big Bird\n|-damage|p2a: Big Bird|0 fnt\n|faint|p2a: Big Bird\n|\n|-weather|none\n|upkeep\n|\n|t:|1699944701\n|switch|p2a: Michael Phelps|Basculegion-F, F|100\/100\n|turn|12\n|\n|t:|1699944711\n|move|p2b: Kermit the Frog|Helping Hand|p2a: Michael Phelps\n|-singleturn|p2a: Michael Phelps|Helping Hand|[of] p2b: Kermit the Frog\n|move|p1a: hands|Earthquake|p2a: Michael Phelps|[spread] p2a,p2b\n|-immune|p1b: bruhhhhh|[from] ability: Levitate\n|-crit|p2b: Kermit the Frog\n|-damage|p2a: Michael Phelps|64\/100\n|-damage|p2b: Kermit the Frog|0 fnt\n|faint|p2b: Kermit the Frog\n|move|p1b: bruhhhhh|Lunar Blessing|p1b: bruhhhhh|[spread] p1a,p1b\n|-heal|p1a: hands|71\/100\n|-heal|p1b: bruhhhhh|100\/100\n|move|p2a: Michael Phelps|Surf|p1b: bruhhhhh|[spread] p1a,p1b\n|-crit|p1a: hands\n|-damage|p1a: hands|0 fnt\n|-damage|p1b: bruhhhhh|5\/100\n|faint|p1a: hands\n|-end|p1a: hands|Quark Drive|[silent]\n|\n|-fieldend|move: Trick Room\n|upkeep\n|turn|13\n|\n|t:|1699944726\n|move|p2a: Michael Phelps|Surf|p1b: bruhhhhh\n|-damage|p1b: bruhhhhh|0 fnt\n|faint|p1b: bruhhhhh\n|\n|win|Elite.4.Challenger\n|raw|ihaveamuckbackward's rating: 1406 &rarr; <strong>1386<\/strong><br \/>(-20 for losing)\n|raw|Elite.4.Challenger's rating: 1398 &rarr; <strong>1418<\/strong><br \/>(+20 for winning)\n|c|\u2606ihaveamuckbackward|ggs\n|c|\u2606Elite.4.Challenger|gg\n|l|\u2606ihaveamuckbackward\n","uploadtime":1699944932,"views":7,"p1id":"ihaveamuckbackward","p2id":"elite4challenger","formatid":"gen9doublesou","rating":1386,"private":0,"password":""}