{"id":"gen9doublesou-1989873372","p1":"WaffleMan80","p2":"the key stoner","format":"[Gen 9] Doubles OU","log":"|j|\u2606WaffleMan80\n|j|\u2606the key stoner\n|t:|1699902858\n|gametype|doubles\n|player|p1|WaffleMan80|ghetsis|1074\n|player|p2|the key stoner|ghetsis|1083\n|teamsize|p1|6\n|teamsize|p2|6\n|gen|9\n|tier|[Gen 9] Doubles OU\n|rated|\n|rule|Species Clause: Limit one of each Pok\u00e9mon\n|rule|OHKO Clause: OHKO moves are banned\n|rule|Evasion Moves Clause: Evasion moves are banned\n|rule|Gravity Sleep Clause: The combination of sleep-inducing moves with imperfect accuracy and Gravity or Gigantamax Orbeetle are banned\n|rule|Endless Battle Clause: Forcing endless battles is banned\n|rule|HP Percentage Mod: HP is shown in percentages\n|clearpoke\n|poke|p1|Arboliva, M|\n|poke|p1|Sinistcha|\n|poke|p1|Dusclops, M|\n|poke|p1|Ursaluna-Bloodmoon, M|\n|poke|p1|Ogerpon-Wellspring, F|\n|poke|p1|Iron Hands|\n|poke|p2|Decidueye, F|\n|poke|p2|Inteleon, F|\n|poke|p2|Typhlosion-Hisui, M|\n|poke|p2|Grafaiai, F|\n|poke|p2|Sandaconda, F|\n|poke|p2|Hippowdon, M|\n|teampreview\n|inactive|Battle timer is ON: inactive players will automatically lose when time's up. (requested by the key stoner)\n|c|\u2606WaffleMan80|nice team\n|c|\u2606WaffleMan80|love typhlo hisui\n|\n|t:|1699902885\n|start\n|switch|p1a: Ogerpon|Ogerpon-Wellspring, F|100\/100\n|switch|p1b: Iron Hands|Iron Hands, shiny|100\/100\n|switch|p2a: Decidueye|Decidueye, F, shiny|100\/100\n|switch|p2b: Inteleon|Inteleon, F, shiny|100\/100\n|-enditem|p1b: Iron Hands|Booster Energy\n|-activate|p1b: Iron Hands|ability: Quark Drive|[fromitem]\n|-start|p1b: Iron Hands|quarkdriveatk\n|turn|1\n|inactive|WaffleMan80 has 120 seconds left.\n|\n|t:|1699902915\n|switch|p1a: Arboliva|Arboliva, M, shiny|100\/100\n|move|p2b: Inteleon|Water Pledge|p1b: Iron Hands\n|-waiting|p2b: Inteleon|p2a: Decidueye\n|move|p2a: Decidueye|Grass Pledge|p1b: Iron Hands|[from]move: Water Pledge\n|-combine\n|-damage|p1b: Iron Hands|32\/100\n|-sidestart|p1: WaffleMan80|Grass Pledge\n|move|p1b: Iron Hands|Wild Charge|p2b: Inteleon\n|-supereffective|p2b: Inteleon\n|-damage|p2b: Inteleon|0 fnt\n|faint|p2b: Inteleon\n|-damage|p1b: Iron Hands|18\/100|[from] Recoil\n|\n|upkeep\n|inactive|the key stoner has 120 seconds left.\n|\n|t:|1699902927\n|switch|p2b: Typhlosion|Typhlosion-Hisui, M, shiny|100\/100\n|-item|p1a: Arboliva|Throat Spray|[from] ability: Frisk|[of] p2b: Typhlosion|[identify]\n|-item|p2b: Typhlosion|Air Balloon\n|turn|2\n|\n|t:|1699902941\n|move|p2b: Typhlosion|Fire Pledge|p1a: Arboliva\n|-waiting|p2b: Typhlosion|p2a: Decidueye\n|move|p2a: Decidueye|Grass Pledge|p1b: Iron Hands|[from]move: Fire Pledge\n|-combine\n|-damage|p1b: Iron Hands|0 fnt\n|-sidestart|p1: WaffleMan80|Fire Pledge\n|faint|p1b: Iron Hands\n|-end|p1b: Iron Hands|Quark Drive|[silent]\n|move|p1a: Arboliva|Pollen Puff|p1: Iron Hands|[notarget]\n|-fail|p1a: Arboliva\n|\n|-damage|p1a: Arboliva|88\/100|[from] Fire Pledge\n|upkeep\n|\n|t:|1699902955\n|switch|p1b: Dusclops|Dusclops, M, shiny|100\/100\n|-item|p2a: Decidueye|Leftovers|[from] ability: Frisk|[of] p1b: Dusclops|[identify]\n|-item|p2b: Typhlosion|Air Balloon|[from] ability: Frisk|[of] p1b: Dusclops|[identify]\n|turn|3\n|\n|t:|1699902971\n|move|p2b: Typhlosion|Fire Pledge|p1a: Arboliva\n|-supereffective|p1a: Arboliva\n|-damage|p1a: Arboliva|16\/100\n|-fieldstart|move: Grassy Terrain|[from] ability: Seed Sower|[of] p1a: Arboliva\n|move|p2a: Decidueye|Shadow Ball|p1b: Dusclops\n|-supereffective|p1b: Dusclops\n|-damage|p1b: Dusclops|62\/100\n|move|p1a: Arboliva|Pollen Puff|p2a: Decidueye\n|-damage|p2a: Decidueye|59\/100\n|move|p1b: Dusclops|Night Shade|p2a: Decidueye\n|-damage|p2a: Decidueye|25\/100\n|\n|-heal|p2a: Decidueye|31\/100|[from] Grassy Terrain\n|-heal|p2a: Decidueye|37\/100|[from] item: Leftovers\n|-damage|p1a: Arboliva|3\/100|[from] Fire Pledge\n|-heal|p1a: Arboliva|9\/100|[from] Grassy Terrain\n|-damage|p1b: Dusclops|50\/100|[from] Fire Pledge\n|-heal|p1b: Dusclops|56\/100|[from] Grassy Terrain\n|upkeep\n|turn|4\n|inactive|WaffleMan80 has 120 seconds left.\n|\n|t:|1699903004\n|move|p2b: Typhlosion|Fire Pledge|p1b: Dusclops\n|-waiting|p2b: Typhlosion|p2a: Decidueye\n|move|p2a: Decidueye|Grass Pledge|p1b: Dusclops|[from]move: Fire Pledge\n|-combine\n|-damage|p1b: Dusclops|21\/100\n|move|p1a: Arboliva|Pollen Puff|p2a: Decidueye\n|-damage|p2a: Decidueye|0 fnt\n|faint|p2a: Decidueye\n|move|p1b: Dusclops|Night Shade|p2b: Typhlosion\n|-damage|p2b: Typhlosion|66\/100\n|-enditem|p2b: Typhlosion|Air Balloon\n|\n|-heal|p2b: Typhlosion|72\/100|[from] Grassy Terrain\n|-damage|p1a: Arboliva|0 fnt|[from] Fire Pledge\n|faint|p1a: Arboliva\n|-damage|p1b: Dusclops|9\/100|[from] Fire Pledge\n|-heal|p1b: Dusclops|15\/100|[from] Grassy Terrain\n|-sideend|p1: WaffleMan80|Grass Pledge\n|upkeep\n|\n|t:|1699903023\n|switch|p2a: Grafaiai|Grafaiai, F, shiny|100\/100\n|switch|p1a: Ursaluna|Ursaluna-Bloodmoon, M|100\/100\n|-enditem|p1a: Ursaluna|Grassy Seed\n|-boost|p1a: Ursaluna|def|1|[from] item: Grassy Seed\n|turn|5\n|inactive|the key stoner has 120 seconds left.\n|\n|t:|1699903056\n|move|p2b: Typhlosion|Extrasensory|p1a: Ursaluna\n|-damage|p1a: Ursaluna|71\/100\n|move|p2a: Grafaiai|Foul Play|p1a: Ursaluna\n|-damage|p1a: Ursaluna|64\/100\n|cant|p1a: Ursaluna|flinch\n|move|p1b: Dusclops|Pain Split|p2b: Typhlosion\n|-sethp|p2b: Typhlosion|43\/100|[from] move: Pain Split|[silent]\n|-sethp|p1b: Dusclops|43\/100|[from] move: Pain Split\n|\n|-heal|p2b: Typhlosion|49\/100|[from] Grassy Terrain\n|-damage|p1a: Ursaluna|51\/100|[from] Fire Pledge\n|-heal|p1a: Ursaluna|57\/100|[from] Grassy Terrain\n|-damage|p1b: Dusclops|31\/100|[from] Fire Pledge\n|-heal|p1b: Dusclops|37\/100|[from] Grassy Terrain\n|-sideend|p1: WaffleMan80|Fire Pledge\n|upkeep\n|turn|6\n|\n|t:|1699903077\n|move|p2a: Grafaiai|Parting Shot|p1a: Ursaluna\n|-unboost|p1a: Ursaluna|atk|1\n|-unboost|p1a: Ursaluna|spa|1\n|\n|t:|1699903080\n|switch|p2a: Sandaconda|Sandaconda, F, shiny|100\/100|[from] Parting Shot\n|move|p2b: Typhlosion|Infernal Parade|p1b: Dusclops\n|-supereffective|p1b: Dusclops\n|-damage|p1b: Dusclops|5\/100\n|-status|p1b: Dusclops|brn\n|move|p1a: Ursaluna|Blood Moon|p2a: Sandaconda\n|-damage|p2a: Sandaconda|24\/100\n|-weather|Sandstorm|[from] ability: Sand Spit|[of] p2a: Sandaconda\n|move|p1b: Dusclops|Pain Split|p2b: Typhlosion\n|-sethp|p2b: Typhlosion|27\/100|[from] move: Pain Split|[silent]\n|-sethp|p1b: Dusclops|27\/100 brn|[from] move: Pain Split\n|\n|-weather|Sandstorm|[upkeep]\n|-damage|p2b: Typhlosion|21\/100|[from] Sandstorm\n|-damage|p1b: Dusclops|21\/100 brn|[from] Sandstorm\n|-heal|p2b: Typhlosion|27\/100|[from] Grassy Terrain\n|-heal|p2a: Sandaconda|30\/100|[from] Grassy Terrain\n|-heal|p1a: Ursaluna|63\/100|[from] Grassy Terrain\n|-heal|p1b: Dusclops|27\/100 brn|[from] Grassy Terrain\n|-damage|p1b: Dusclops|21\/100 brn|[from] brn\n|upkeep\n|turn|7\n|\n|t:|1699903110\n|move|p2b: Typhlosion|Extrasensory|p1a: Ursaluna\n|-damage|p1a: Ursaluna|35\/100\n|move|p2a: Sandaconda|Glare|p1a: Ursaluna\n|-status|p1a: Ursaluna|par\n|move|p1b: Dusclops|Haze|p1b: Dusclops\n|-clearallboost\n|cant|p1a: Ursaluna|par\n|\n|-weather|Sandstorm|[upkeep]\n|-damage|p2b: Typhlosion|21\/100|[from] Sandstorm\n|-damage|p1b: Dusclops|15\/100 brn|[from] Sandstorm\n|-heal|p2b: Typhlosion|27\/100|[from] Grassy Terrain\n|-heal|p2a: Sandaconda|36\/100|[from] Grassy Terrain\n|-heal|p1b: Dusclops|21\/100 brn|[from] Grassy Terrain\n|-heal|p1a: Ursaluna|41\/100 par|[from] Grassy Terrain\n|-damage|p1b: Dusclops|15\/100 brn|[from] brn\n|-fieldend|move: Grassy Terrain\n|upkeep\n|turn|8\n|\n|t:|1699903135\n|move|p2b: Typhlosion|Infernal Parade|p1b: Dusclops\n|-supereffective|p1b: Dusclops\n|-damage|p1b: Dusclops|0 fnt\n|faint|p1b: Dusclops\n|move|p2a: Sandaconda|Earthquake|p1a: Ursaluna|[spread] p2b,p1a\n|-supereffective|p2b: Typhlosion\n|-damage|p2b: Typhlosion|0 fnt\n|-damage|p1a: Ursaluna|16\/100 par\n|faint|p2b: Typhlosion\n|move|p1a: Ursaluna|Avalanche|p2a: Sandaconda\n|-supereffective|p2a: Sandaconda\n|-damage|p2a: Sandaconda|1\/100\n|\n|-weather|Sandstorm|[upkeep]\n|upkeep\n|\n|t:|1699903155\n|switch|p2b: Grafaiai|Grafaiai, F, shiny|100\/100\n|switch|p1b: Ogerpon|Ogerpon-Wellspring, F|100\/100\n|turn|9\n|\n|t:|1699903181\n|move|p1b: Ogerpon|Ivy Cudgel|p2b: Grafaiai\n|-damage|p2b: Grafaiai|15\/100\n|move|p2b: Grafaiai|Foul Play|p1a: Ursaluna\n|-damage|p1a: Ursaluna|5\/100 par\n|move|p2a: Sandaconda|Earthquake|p1a: Ursaluna|[spread] p2b,p1a,p1b\n|-supereffective|p2b: Grafaiai\n|-resisted|p1b: Ogerpon\n|-damage|p2b: Grafaiai|0 fnt\n|-damage|p1a: Ursaluna|0 fnt\n|-damage|p1b: Ogerpon|77\/100\n|faint|p2b: Grafaiai\n|faint|p1a: Ursaluna\n|\n|-weather|Sandstorm|[upkeep]\n|-damage|p1b: Ogerpon|71\/100|[from] Sandstorm\n|upkeep\n|c|\u2606WaffleMan80|bro stop killing your pokemon\n|\n|t:|1699903201\n|switch|p2b: Hippowdon|Hippowdon, M, shiny|100\/100\n|switch|p1a: Sinistcha|Sinistcha, shiny|100\/100\n|turn|10\n|c|\u2606the key stoner|never\n|\n|t:|1699903215\n|-terastallize|p2b: Hippowdon|Ground\n|move|p1b: Ogerpon|Ivy Cudgel|p2b: Hippowdon\n|-supereffective|p2b: Hippowdon\n|-damage|p2b: Hippowdon|24\/100\n|move|p2a: Sandaconda|Rock Slide|p1b: Ogerpon|[spread] p1a,p1b\n|-damage|p1a: Sinistcha|87\/100\n|-damage|p1b: Ogerpon|45\/100\n|move|p1a: Sinistcha|Matcha Gotcha|p2a: Sandaconda|[spread] p2a,p2b\n|-supereffective|p2a: Sandaconda\n|-supereffective|p2b: Hippowdon\n|-damage|p2a: Sandaconda|0 fnt\n|-heal|p1a: Sinistcha|87\/100|[from] drain|[of] p2a: Sandaconda\n|-damage|p2b: Hippowdon|0 fnt\n|-heal|p1a: Sinistcha|100\/100|[from] drain|[of] p2b: Hippowdon\n|faint|p2a: Sandaconda\n|faint|p2b: Hippowdon\n|\n|win|WaffleMan80\n|raw|WaffleMan80's rating: 1074 &rarr; <strong>1104<\/strong><br \/>(+30 for winning)\n|raw|the key stoner's rating: 1083 &rarr; <strong>1060<\/strong><br \/>(-23 for losing)\n|c|\u2606WaffleMan80|blood for the blood god\n|c|\u2606the key stoner|gg\n|c|\u2606WaffleMan80|gg\n|l|\u2606the key stoner\n","uploadtime":1699903236,"views":12,"p1id":"waffleman80","p2id":"thekeystoner","formatid":"gen9doublesou","rating":1060,"private":0,"password":""}