{"id":"gen9doublesou-1993345347","p1":"CoreSolis","p2":"james bigc oxs","format":"[Gen 9] Doubles OU","log":"|j|\u2606CoreSolis\n|j|\u2606james bigc oxs\n|t:|1700302823\n|gametype|doubles\n|player|p1|CoreSolis|pokemonrangerf|1107\n|player|p2|james bigc oxs|266|1146\n|teamsize|p1|6\n|teamsize|p2|6\n|gen|9\n|tier|[Gen 9] Doubles OU\n|rated|\n|rule|Species Clause: Limit one of each Pok\u00e9mon\n|rule|OHKO Clause: OHKO moves are banned\n|rule|Evasion Moves Clause: Evasion moves are banned\n|rule|Gravity Sleep Clause: The combination of sleep-inducing moves with imperfect accuracy and Gravity or Gigantamax Orbeetle are banned\n|rule|Endless Battle Clause: Forcing endless battles is banned\n|rule|HP Percentage Mod: HP is shown in percentages\n|clearpoke\n|poke|p1|Zoroark-Hisui, F|\n|poke|p1|Sinistcha-Masterpiece|\n|poke|p1|Enamorus, F|\n|poke|p1|Tornadus, M|\n|poke|p1|Volcarona, F|\n|poke|p1|Ogerpon-Hearthflame, F|\n|poke|p2|Torterra, F|\n|poke|p2|Clefable, M|\n|poke|p2|Rillaboom, F|\n|poke|p2|Hawlucha, F|\n|poke|p2|Orthworm, M|\n|poke|p2|Clodsire, F|\n|teampreview\n|c|\u2606CoreSolis|glhf\n|c|\u2606james bigc oxs|thx\n|\n|t:|1700302845\n|start\n|switch|p1a: Tornadus|Tornadus, M|100\/100\n|switch|p1b: Ogerpon|Ogerpon-Hearthflame, F|100\/100\n|switch|p2a: Rillaboom|Rillaboom, F|100\/100\n|switch|p2b: Clodsire|Clodsire, F|100\/100\n|-fieldstart|move: Grassy Terrain|[from] ability: Grassy Surge|[of] p2a: Rillaboom\n|-enditem|p2a: Rillaboom|Grassy Seed\n|-boost|p2a: Rillaboom|def|1|[from] item: Grassy Seed\n|turn|1\n|\n|t:|1700302876\n|move|p1a: Tornadus|Tailwind|p1a: Tornadus\n|-sidestart|p1: CoreSolis|move: Tailwind\n|move|p1b: Ogerpon|U-turn|p2a: Rillaboom\n|-supereffective|p2a: Rillaboom\n|-damage|p2a: Rillaboom|81\/100\n|\n|t:|1700302883\n|switch|p1b: Volcarona|Volcarona, F|100\/100|[from] U-turn\n|move|p2a: Rillaboom|Acrobatics|p1b: Volcarona\n|-supereffective|p1b: Volcarona\n|-damage|p1b: Volcarona|0 fnt\n|-status|p2a: Rillaboom|brn|[from] ability: Flame Body|[of] p1b: Volcarona\n|faint|p1b: Volcarona\n|move|p2b: Clodsire|Toxic Spikes|p1a: Tornadus\n|-sidestart|p1: CoreSolis|move: Toxic Spikes\n|\n|-heal|p2a: Rillaboom|87\/100 brn|[from] Grassy Terrain\n|-damage|p2a: Rillaboom|81\/100 brn|[from] brn\n|upkeep\n|\n|t:|1700302903\n|switch|p1b: Enamorus|Enamorus, F|100\/100\n|turn|2\n|\n|t:|1700302929\n|move|p1a: Tornadus|Taunt|p2b: Clodsire\n|-start|p2b: Clodsire|move: Taunt\n|move|p1b: Enamorus|Superpower|p2a: Rillaboom\n|-damage|p2a: Rillaboom|54\/100 brn\n|-boost|p1b: Enamorus|atk|1\n|-boost|p1b: Enamorus|def|1\n|move|p2a: Rillaboom|Acrobatics|p1a: Tornadus\n|-damage|p1a: Tornadus|72\/100\n|move|p2b: Clodsire|Sludge Bomb|p1b: Enamorus\n|-supereffective|p1b: Enamorus\n|-damage|p1b: Enamorus|67\/100\n|\n|-heal|p2a: Rillaboom|60\/100 brn|[from] Grassy Terrain\n|-damage|p2a: Rillaboom|54\/100 brn|[from] brn\n|upkeep\n|turn|3\n|\n|t:|1700302951\n|move|p1a: Tornadus|Bleakwind Storm|p2b: Clodsire|[spread] p2a,p2b\n|-supereffective|p2a: Rillaboom\n|-damage|p2a: Rillaboom|0 fnt\n|-damage|p2b: Clodsire|80\/100\n|faint|p2a: Rillaboom\n|move|p1b: Enamorus|Superpower|p2b: Clodsire\n|-resisted|p2b: Clodsire\n|-damage|p2b: Clodsire|58\/100\n|-boost|p1b: Enamorus|atk|1\n|-boost|p1b: Enamorus|def|1\n|move|p2b: Clodsire|Sludge Bomb|p1b: Enamorus\n|-supereffective|p1b: Enamorus\n|-damage|p1b: Enamorus|35\/100\n|-status|p1b: Enamorus|psn\n|\n|-heal|p2b: Clodsire|64\/100|[from] Grassy Terrain\n|-heal|p2b: Clodsire|70\/100|[from] item: Leftovers\n|-damage|p1b: Enamorus|22\/100 psn|[from] psn\n|upkeep\n|\n|t:|1700302979\n|switch|p2a: Orthworm|Orthworm, M|100\/100\n|turn|4\n|\n|t:|1700302987\n|move|p1a: Tornadus|Protect|p1a: Tornadus\n|-singleturn|p1a: Tornadus|Protect\n|move|p1b: Enamorus|Superpower|p2a: Orthworm\n|-supereffective|p2a: Orthworm\n|-damage|p2a: Orthworm|0 fnt\n|-boost|p1b: Enamorus|atk|1\n|-boost|p1b: Enamorus|def|1\n|faint|p2a: Orthworm\n|move|p2b: Clodsire|Sludge Bomb|p1a: Tornadus\n|-activate|p1a: Tornadus|move: Protect\n|\n|-heal|p2b: Clodsire|76\/100|[from] Grassy Terrain\n|-heal|p2b: Clodsire|83\/100|[from] item: Leftovers\n|-damage|p1b: Enamorus|10\/100 psn|[from] psn\n|-end|p2b: Clodsire|move: Taunt\n|-sideend|p1: CoreSolis|move: Tailwind\n|upkeep\n|\n|t:|1700303002\n|switch|p2a: Hawlucha|Hawlucha, F|100\/100\n|-enditem|p2a: Hawlucha|Grassy Seed\n|-boost|p2a: Hawlucha|def|1|[from] item: Grassy Seed\n|turn|5\n|\n|t:|1700303039\n|-terastallize|p2a: Hawlucha|Poison\n|move|p1a: Tornadus|Tailwind|p1a: Tornadus\n|-sidestart|p1: CoreSolis|move: Tailwind\n|move|p1b: Enamorus|Play Rough|p2a: Hawlucha\n|-resisted|p2a: Hawlucha\n|-damage|p2a: Hawlucha|47\/100\n|move|p2a: Hawlucha|Poison Jab|p1a: Tornadus\n|-damage|p1a: Tornadus|12\/100\n|move|p2b: Clodsire|Toxic Spikes|p1b: Enamorus\n|-sidestart|p1: CoreSolis|move: Toxic Spikes\n|\n|-heal|p2a: Hawlucha|53\/100|[from] Grassy Terrain\n|-heal|p2b: Clodsire|89\/100|[from] Grassy Terrain\n|-heal|p2b: Clodsire|95\/100|[from] item: Leftovers\n|-damage|p1b: Enamorus|0 fnt|[from] psn\n|faint|p1b: Enamorus\n|-fieldend|move: Grassy Terrain\n|upkeep\n|\n|t:|1700303049\n|switch|p1b: Ogerpon|Ogerpon-Hearthflame, F|100\/100\n|-status|p1b: Ogerpon|tox\n|turn|6\n|inactive|Battle timer is ON: inactive players will automatically lose when time's up. (requested by james bigc oxs)\n|\n|t:|1700303092\n|move|p1a: Tornadus|Bleakwind Storm|p2a: Hawlucha|[spread] p2a\n|-miss|p1a: Tornadus|p2b: Clodsire\n|-damage|p2a: Hawlucha|0 fnt\n|faint|p2a: Hawlucha\n|move|p1b: Ogerpon|Hyper Voice|p2b: Clodsire\n|-damage|p2b: Clodsire|71\/100\n|move|p2b: Clodsire|Sludge Bomb|p1a: Tornadus\n|-damage|p1a: Tornadus|0 fnt\n|faint|p1a: Tornadus\n|\n|-heal|p2b: Clodsire|77\/100|[from] item: Leftovers\n|-damage|p1b: Ogerpon|95\/100 tox|[from] psn\n|upkeep\n|inactive|james bigc oxs has 120 seconds left.\n|\n|t:|1700303132\n|switch|p1a: Ogerpon|Ogerpon-Hearthflame, F|100\/100\n|switch|p2a: Clefable|Clefable, M|100\/100\n|-status|p1a: Ogerpon|tox\n|-ability|p1a: Ogerpon|Mold Breaker\n|turn|7\n|inactive|james bigc oxs has 120 seconds left.\n|inactive|CoreSolis has 120 seconds left.\n|\n|t:|1700303179\n|-terastallize|p1a: Ogerpon|Fire\n|detailschange|p1a: Ogerpon|Ogerpon-Hearthflame-Tera, F, tera:Fire\n|-ability|p1a: Ogerpon|Embody Aspect (Hearthflame)|boost\n|-boost|p1a: Ogerpon|atk|1\n|move|p1b: Ogerpon|Hyper Voice|p2a: Clefable|[spread] p2a,p2b\n|-damage|p2a: Clefable|78\/100\n|-damage|p2b: Clodsire|59\/100\n|move|p1a: Ogerpon|Ivy Cudgel|p2a: Clefable|[anim] Ivy Cudgel Fire\n|-damage|p2a: Clefable|0 fnt\n|faint|p2a: Clefable\n|move|p2b: Clodsire|Sludge Bomb|p1a: Ogerpon\n|-damage|p1a: Ogerpon|81\/100 tox\n|\n|-heal|p2b: Clodsire|65\/100|[from] item: Leftovers\n|-damage|p1b: Ogerpon|83\/100 tox|[from] psn\n|-damage|p1a: Ogerpon|75\/100 tox|[from] psn\n|upkeep\n|inactive|james bigc oxs has 90 seconds left.\n|\n|t:|1700303195\n|switch|p2a: Torterra|Torterra, F|100\/100\n|turn|8\n|inactive|CoreSolis has 120 seconds left.\n|\n|t:|1700303230\n|move|p1b: Ogerpon|Shadow Ball|p2b: Clodsire\n|-damage|p2b: Clodsire|43\/100\n|move|p1a: Ogerpon|Ivy Cudgel|p2a: Torterra|[anim] Ivy Cudgel Fire\n|-supereffective|p2a: Torterra\n|-damage|p2a: Torterra|0 fnt\n|faint|p2a: Torterra\n|move|p2b: Clodsire|Recover|p2b: Clodsire\n|-heal|p2b: Clodsire|93\/100\n|\n|-heal|p2b: Clodsire|99\/100|[from] item: Leftovers\n|-damage|p1b: Ogerpon|65\/100 tox|[from] psn\n|-damage|p1a: Ogerpon|63\/100 tox|[from] psn\n|-sideend|p1: CoreSolis|move: Tailwind\n|upkeep\n|turn|9\n|inactive|james bigc oxs has 120 seconds left.\n|-message|james bigc oxs forfeited.\n|\n|win|CoreSolis\n|raw|CoreSolis's rating: 1107 &rarr; <strong>1135<\/strong><br \/>(+28 for winning)\n|raw|james bigc oxs's rating: 1146 &rarr; <strong>1118<\/strong><br \/>(-28 for losing)\n|l|\u2606james bigc oxs\n|c|\u2606CoreSolis|gg\n","uploadtime":1700303269,"views":14,"p1id":"coresolis","p2id":"jamesbigcoxs","formatid":"gen9doublesou","rating":1118,"private":0,"password":""}