{"id":"gen9doublesou-1983513120","p1":"Nyxlemon","p2":"kapkoelie","format":"[Gen 9] Doubles OU","log":"|j|\u2606Nyxlemon\n|j|\u2606kapkoelie\n|t:|1699138257\n|gametype|doubles\n|player|p1|Nyxlemon|skierf|1124\n|player|p2|kapkoelie|170|1102\n|teamsize|p1|6\n|teamsize|p2|6\n|gen|9\n|tier|[Gen 9] Doubles OU\n|rated|\n|rule|Species Clause: Limit one of each Pok\u00e9mon\n|rule|OHKO Clause: OHKO moves are banned\n|rule|Evasion Moves Clause: Evasion moves are banned\n|rule|Gravity Sleep Clause: The combination of sleep-inducing moves with imperfect accuracy and Gravity or Gigantamax Orbeetle are banned\n|rule|Endless Battle Clause: Forcing endless battles is banned\n|rule|HP Percentage Mod: HP is shown in percentages\n|clearpoke\n|poke|p1|Garchomp, F|\n|poke|p1|Oricorio-Pom-Pom, F|\n|poke|p1|Florges-Orange, F|\n|poke|p1|Meowscarada, F|\n|poke|p1|Toxapex, F|\n|poke|p1|Ninetales-Alola, F|\n|poke|p2|Gastrodon, M|\n|poke|p2|Arcanine-Hisui, M|\n|poke|p2|Landorus-Therian, M|\n|poke|p2|Iron Valiant|\n|poke|p2|Chien-Pao|\n|poke|p2|Dragapult, F|\n|teampreview\n|inactive|Battle timer is ON: inactive players will automatically lose when time's up. (requested by kapkoelie)\n|\n|t:|1699138275\n|start\n|switch|p1a: Garchomp|Garchomp, F|100\/100\n|switch|p1b: Oricorio|Oricorio-Pom-Pom, F|100\/100\n|switch|p2a: Gastrodon|Gastrodon, M, shiny|100\/100\n|switch|p2b: Arcanine|Arcanine-Hisui, M, shiny|100\/100\n|turn|1\n|\n|t:|1699138287\n|move|p1a: Garchomp|Earthquake|p2a: Gastrodon|[spread] p2a,p2b\n|-immune|p1b: Oricorio\n|-supereffective|p2b: Arcanine\n|-damage|p2a: Gastrodon|50\/100\n|-damage|p2b: Arcanine|0 fnt\n|faint|p2b: Arcanine\n|-damage|p1a: Garchomp|91\/100|[from] item: Life Orb\n|move|p1b: Oricorio|Tailwind|p1b: Oricorio\n|-sidestart|p1: Nyxlemon|move: Tailwind\n|move|p2a: Gastrodon|Icy Wind|p1b: Oricorio|[spread] p1a,p1b\n|-supereffective|p1a: Garchomp\n|-supereffective|p1b: Oricorio\n|-damage|p1a: Garchomp|47\/100\n|-damage|p1b: Oricorio|63\/100\n|-unboost|p1a: Garchomp|spe|1\n|-unboost|p1b: Oricorio|spe|1\n|\n|upkeep\n|\n|t:|1699138305\n|switch|p2b: Chien-Pao|Chien-Pao|100\/100\n|-ability|p2b: Chien-Pao|Sword of Ruin\n|turn|2\n|\n|t:|1699138324\n|move|p2b: Chien-Pao|Icicle Crash|p1b: Oricorio\n|-supereffective|p1b: Oricorio\n|-damage|p1b: Oricorio|0 fnt\n|faint|p1b: Oricorio\n|move|p1a: Garchomp|Stone Edge|p2b: Chien-Pao\n|-supereffective|p2b: Chien-Pao\n|-damage|p2b: Chien-Pao|0 fnt\n|faint|p2b: Chien-Pao\n|-damage|p1a: Garchomp|37\/100|[from] item: Life Orb\n|move|p2a: Gastrodon|Icy Wind|p1a: Garchomp\n|-supereffective|p1a: Garchomp\n|-damage|p1a: Garchomp|0 fnt\n|faint|p1a: Garchomp\n|\n|upkeep\n|\n|t:|1699138339\n|switch|p1a: Meowscarada|Meowscarada, F|100\/100\n|switch|p1b: Florges|Florges-Orange, F|100\/100\n|switch|p2b: Landorus|Landorus-Therian, M, shiny|100\/100\n|-ability|p2b: Landorus|Intimidate|boost\n|-block|p1a: Meowscarada|ability: Flower Veil|[of] p1b: Florges\n|-unboost|p1b: Florges|atk|1\n|turn|3\n|inactive|kapkoelie has 120 seconds left.\n|\n|t:|1699138372\n|move|p1a: Meowscarada|Flower Trick|p2a: Gastrodon\n|-start|p1a: Meowscarada|typechange|Grass|[from] ability: Protean\n|-supereffective|p2a: Gastrodon\n|-crit|p2a: Gastrodon\n|-damage|p2a: Gastrodon|0 fnt\n|faint|p2a: Gastrodon\n|move|p1b: Florges|Moonblast|p2b: Landorus\n|-damage|p2b: Landorus|65\/100\n|-unboost|p2b: Landorus|spa|1\n|move|p2b: Landorus|U-turn|p1a: Meowscarada\n|-supereffective|p1a: Meowscarada\n|-damage|p1a: Meowscarada|13\/100\n|-damage|p2b: Landorus|55\/100|[from] item: Life Orb\n|inactive|kapkoelie has 120 seconds left.\n|\n|t:|1699138388\n|switch|p2b: Iron Valiant|Iron Valiant, shiny|100\/100|[from] U-turn\n|-enditem|p2b: Iron Valiant|Booster Energy\n|-activate|p2b: Iron Valiant|ability: Quark Drive|[fromitem]\n|-start|p2b: Iron Valiant|quarkdrivespe\n|\n|upkeep\n|\n|t:|1699138394\n|switch|p2a: Landorus|Landorus-Therian, M, shiny|55\/100\n|-ability|p2a: Landorus|Intimidate|boost\n|-block|p1a: Meowscarada|ability: Flower Veil|[of] p1b: Florges\n|-unboost|p1b: Florges|atk|1\n|turn|4\n|\n|t:|1699138408\n|switch|p1a: Toxapex|Toxapex, F|100\/100\n|move|p2b: Iron Valiant|Dazzling Gleam|p1b: Florges|[spread] p1a,p1b\n|-resisted|p1a: Toxapex\n|-damage|p1a: Toxapex|94\/100\n|-damage|p1b: Florges|85\/100\n|move|p1b: Florges|Moonblast|p2a: Landorus\n|-damage|p2a: Landorus|20\/100\n|move|p2a: Landorus|Rock Slide|p1a: Toxapex|[spread] p1b\n|-miss|p2a: Landorus|p1a: Toxapex\n|-damage|p1b: Florges|67\/100\n|-damage|p2a: Landorus|10\/100|[from] item: Life Orb\n|\n|-heal|p1b: Florges|73\/100|[from] item: Leftovers\n|-sideend|p1: Nyxlemon|move: Tailwind\n|upkeep\n|turn|5\n|\n|t:|1699138428\n|move|p2b: Iron Valiant|Psycho Cut|p1a: Toxapex\n|-supereffective|p1a: Toxapex\n|-damage|p1a: Toxapex|59\/100\n|move|p2a: Landorus|Stomping Tantrum|p1a: Toxapex\n|-supereffective|p1a: Toxapex\n|-damage|p1a: Toxapex|0 fnt\n|faint|p1a: Toxapex\n|-damage|p2a: Landorus|0 fnt|[from] item: Life Orb\n|faint|p2a: Landorus\n|move|p1b: Florges|Moonblast|p2b: Iron Valiant\n|-supereffective|p2b: Iron Valiant\n|-damage|p2b: Iron Valiant|0 fnt\n|faint|p2b: Iron Valiant\n|-end|p2b: Iron Valiant|Quark Drive|[silent]\n|\n|-heal|p1b: Florges|79\/100|[from] item: Leftovers\n|upkeep\n|\n|t:|1699138446\n|switch|p2a: Dragapult|Dragapult, F, shiny|100\/100\n|switch|p1a: Ninetales|Ninetales-Alola, F|100\/100\n|-weather|Snow|[from] ability: Snow Warning|[of] p1a: Ninetales\n|turn|6\n|\n|t:|1699138459\n|move|p1a: Ninetales|Moonblast|p2a: Dragapult\n|-supereffective|p2a: Dragapult\n|-damage|p2a: Dragapult|44\/100\n|-enditem|p2a: Dragapult|Weakness Policy\n|-boost|p2a: Dragapult|atk|2|[from] item: Weakness Policy\n|-boost|p2a: Dragapult|spa|2|[from] item: Weakness Policy\n|move|p2a: Dragapult|U-turn|p1b: Florges\n|-resisted|p1b: Florges\n|-damage|p1b: Florges|62\/100\n|move|p1b: Florges|Moonblast|p2a: Dragapult\n|-supereffective|p2a: Dragapult\n|-damage|p2a: Dragapult|0 fnt\n|faint|p2a: Dragapult\n|\n|win|Nyxlemon\n|raw|Nyxlemon's rating: 1124 &rarr; <strong>1147<\/strong><br \/>(+23 for winning)\n|raw|kapkoelie's rating: 1102 &rarr; <strong>1079<\/strong><br \/>(-23 for losing)\n|l|\u2606kapkoelie\n","uploadtime":1699138481,"views":13,"p1id":"nyxlemon","p2id":"kapkoelie","formatid":"gen9doublesou","rating":1079,"private":0,"password":""}