{"id":"gen9doublesou-1996850869","p1":"Akpaxel","p2":"SuburanLegend","format":"[Gen 9] Doubles OU","log":"|j|\u2606Akpaxel\n|j|\u2606SuburanLegend\n|t:|1700735320\n|gametype|doubles\n|player|p1|Akpaxel|266|1101\n|player|p2|SuburanLegend|swimmer-gen4|1119\n|teamsize|p1|6\n|teamsize|p2|6\n|gen|9\n|tier|[Gen 9] Doubles OU\n|rated|\n|rule|Species Clause: Limit one of each Pok\u00e9mon\n|rule|OHKO Clause: OHKO moves are banned\n|rule|Evasion Moves Clause: Evasion moves are banned\n|rule|Gravity Sleep Clause: The combination of sleep-inducing moves with imperfect accuracy and Gravity or Gigantamax Orbeetle are banned\n|rule|Endless Battle Clause: Forcing endless battles is banned\n|rule|HP Percentage Mod: HP is shown in percentages\n|clearpoke\n|poke|p1|Goodra-Hisui, M|\n|poke|p1|Sinistcha-Masterpiece|\n|poke|p1|Tinkaton, F|\n|poke|p1|Infernape, M|\n|poke|p1|Tornadus, M|\n|poke|p1|Arcanine-Hisui, F|\n|poke|p2|Hatterene, F|\n|poke|p2|Iron Hands|\n|poke|p2|Dusclops, F|\n|poke|p2|Amoonguss, M|\n|poke|p2|Lurantis, F|\n|poke|p2|Torkoal, F|\n|teampreview\n|inactive|Battle timer is ON: inactive players will automatically lose when time's up. (requested by SuburanLegend)\n|c|\u2606SuburanLegend|glhf\n|\n|t:|1700735356\n|start\n|switch|p1a: Goodra|Goodra-Hisui, M|100\/100\n|switch|p1b: Infernape|Infernape, M|100\/100\n|switch|p2a: False God|Hatterene, F|100\/100\n|switch|p2b: Endgame|Iron Hands|100\/100\n|-enditem|p2b: Endgame|Booster Energy\n|-activate|p2b: Endgame|ability: Quark Drive|[fromitem]\n|-start|p2b: Endgame|quarkdriveatk\n|turn|1\n|\n|t:|1700735377\n|move|p1b: Infernape|Fake Out|p2a: False God\n|-damage|p2a: False God|81\/100\n|-damage|p1b: Infernape|91\/100|[from] item: Life Orb\n|move|p2b: Endgame|Fake Out|p1b: Infernape\n|-damage|p1b: Infernape|56\/100\n|move|p1a: Goodra|Muddy Water|p2b: Endgame|[spread] p2a\n|-miss|p1a: Goodra|p2b: Endgame\n|-damage|p2a: False God|58\/100\n|cant|p2a: False God|flinch\n|\n|upkeep\n|turn|2\n|inactive|SuburanLegend has 120 seconds left.\n|\n|t:|1700735408\n|move|p1b: Infernape|Flare Blitz|p2a: False God\n|-damage|p2a: False God|0 fnt\n|faint|p2a: False God\n|-damage|p1b: Infernape|36\/100|[from] Recoil\n|-damage|p1b: Infernape|26\/100|[from] item: Life Orb\n|move|p1a: Goodra|Muddy Water|p2b: Endgame\n|-damage|p2b: Endgame|73\/100\n|move|p2b: Endgame|Close Combat|p1a: Goodra\n|-supereffective|p1a: Goodra\n|-damage|p1a: Goodra|0 fnt\n|-unboost|p2b: Endgame|def|1\n|-unboost|p2b: Endgame|spd|1\n|-ability|p1a: Goodra|Gooey\n|-unboost|p2b: Endgame|spe|1\n|faint|p1a: Goodra\n|\n|upkeep\n|c|\u2606SuburanLegend|you dirty bitch >:(\n|\n|t:|1700735429\n|switch|p1a: Sinistcha|Sinistcha-Masterpiece|100\/100\n|switch|p2a: Dusclops|Dusclops, F|100\/100\n|-heal|p1b: Infernape|51\/100|[from] ability: Hospitality|[of] p1a: Sinistcha\n|-item|p1a: Sinistcha|Aguav Berry|[from] ability: Frisk|[of] p2a: Dusclops|[identify]\n|-item|p1b: Infernape|Life Orb|[from] ability: Frisk|[of] p2a: Dusclops|[identify]\n|turn|3\n|\n|t:|1700735450\n|move|p1b: Infernape|Flare Blitz|p2b: Endgame\n|-damage|p2b: Endgame|5\/100\n|-damage|p1b: Infernape|12\/100|[from] Recoil\n|-damage|p1b: Infernape|2\/100|[from] item: Life Orb\n|move|p1a: Sinistcha|Matcha Gotcha|p2b: Endgame|[spread] p2a,p2b\n|-damage|p2a: Dusclops|89\/100\n|-damage|p2b: Endgame|0 fnt\n|faint|p2b: Endgame\n|-end|p2b: Endgame|Quark Drive|[silent]\n|move|p2a: Dusclops|Trick Room|p2a: Dusclops\n|-fieldstart|move: Trick Room|[of] p2a: Dusclops\n|\n|upkeep\n|inactive|SuburanLegend has 120 seconds left.\n|\n|t:|1700735486\n|switch|p2b: Bad Blood|Lurantis, F|100\/100\n|turn|4\n|inactive|SuburanLegend has 120 seconds left.\n|\n|t:|1700735500\n|-terastallize|p1a: Sinistcha|Fire\n|move|p2a: Dusclops|Hex|p1b: Infernape\n|-damage|p1b: Infernape|0 fnt\n|faint|p1b: Infernape\n|move|p2b: Bad Blood|Poison Jab|p1a: Sinistcha\n|-damage|p1a: Sinistcha|81\/100\n|move|p1a: Sinistcha|Tera Blast|p2b: Bad Blood|[anim] Tera Blast Fire\n|-supereffective|p2b: Bad Blood\n|-damage|p2b: Bad Blood|51\/100\n|\n|upkeep\n|\n|t:|1700735513\n|switch|p1b: Tinkaton|Tinkaton, F|100\/100\n|-ability|p1b: Tinkaton|Mold Breaker\n|turn|5\n|\n|t:|1700735534\n|move|p1b: Tinkaton|Fake Out|p2b: Bad Blood\n|-damage|p2b: Bad Blood|41\/100\n|move|p2a: Dusclops|Hex|p1a: Sinistcha\n|-damage|p1a: Sinistcha|64\/100\n|cant|p2b: Bad Blood|flinch\n|move|p1a: Sinistcha|Tera Blast|p2b: Bad Blood|[anim] Tera Blast Fire\n|-supereffective|p2b: Bad Blood\n|-damage|p2b: Bad Blood|0 fnt\n|faint|p2b: Bad Blood\n|\n|upkeep\n|inactive|SuburanLegend has 120 seconds left.\n|\n|t:|1700735557\n|switch|p2b: Maroon|Torkoal, F|100\/100\n|-weather|SunnyDay|[from] ability: Drought|[of] p2b: Maroon\n|turn|6\n|\n|t:|1700735572\n|switch|p1b: Arcanine|Arcanine-Hisui, F|100\/100\n|-ability|p1b: Arcanine|Intimidate|boost\n|-unboost|p2a: Dusclops|atk|1\n|-unboost|p2b: Maroon|atk|1\n|move|p2a: Dusclops|Helping Hand|p2b: Maroon\n|-singleturn|p2b: Maroon|Helping Hand|[of] p2a: Dusclops\n|move|p1a: Sinistcha|Protect|p1a: Sinistcha\n|-singleturn|p1a: Sinistcha|Protect\n|move|p2b: Maroon|Eruption|p1a: Sinistcha|[spread] p1b\n|-activate|p1a: Sinistcha|move: Protect\n|-resisted|p1b: Arcanine\n|-damage|p1b: Arcanine|62\/100\n|\n|-weather|SunnyDay|[upkeep]\n|upkeep\n|turn|7\n|\n|t:|1700735598\n|move|p2a: Dusclops|Helping Hand|p2b: Maroon\n|-singleturn|p2b: Maroon|Helping Hand|[of] p2a: Dusclops\n|move|p1a: Sinistcha|Protect||[still]\n|-fail|p1a: Sinistcha\n|move|p2b: Maroon|Eruption|p1b: Arcanine|[spread] p1a,p1b\n|-resisted|p1a: Sinistcha\n|-resisted|p1b: Arcanine\n|-damage|p1a: Sinistcha|0 fnt\n|-damage|p1b: Arcanine|20\/100\n|-enditem|p1b: Arcanine|Figy Berry|[eat]\n|-heal|p1b: Arcanine|54\/100|[from] item: Figy Berry\n|faint|p1a: Sinistcha\n|move|p1b: Arcanine|Rock Slide|p2a: Dusclops|[spread] p2a,p2b\n|-supereffective|p2b: Maroon\n|-damage|p2a: Dusclops|72\/100\n|-damage|p2b: Maroon|62\/100\n|\n|-weather|SunnyDay|[upkeep]\n|-fieldend|move: Trick Room\n|upkeep\n|inactive|Akpaxel has 120 seconds left.\n|\n|t:|1700735618\n|switch|p1a: Tinkaton|Tinkaton, F|100\/100\n|-ability|p1a: Tinkaton|Mold Breaker\n|turn|8\n|\n|t:|1700735631\n|move|p1b: Arcanine|Rock Slide|p2b: Maroon|[spread] p2a,p2b\n|-supereffective|p2b: Maroon\n|-damage|p2a: Dusclops|53\/100\n|-damage|p2b: Maroon|25\/100\n|move|p1a: Tinkaton|Gigaton Hammer|p2a: Dusclops\n|-damage|p2a: Dusclops|19\/100\n|move|p2b: Maroon|Eruption|p1b: Arcanine|[spread] p1a,p1b\n|-supereffective|p1a: Tinkaton\n|-resisted|p1b: Arcanine\n|-damage|p1a: Tinkaton|66\/100\n|-damage|p1b: Arcanine|47\/100\n|move|p2a: Dusclops|Trick Room|p2a: Dusclops\n|-fieldstart|move: Trick Room|[of] p2a: Dusclops\n|\n|-weather|SunnyDay|[upkeep]\n|-heal|p1a: Tinkaton|72\/100|[from] item: Leftovers\n|upkeep\n|turn|9\n|\n|t:|1700735647\n|move|p2a: Dusclops|Helping Hand|p2b: Maroon\n|-singleturn|p2b: Maroon|Helping Hand|[of] p2a: Dusclops\n|move|p1a: Tinkaton|Protect|p1a: Tinkaton\n|-singleturn|p1a: Tinkaton|Protect\n|move|p2b: Maroon|Eruption|p1a: Tinkaton|[spread] p1b\n|-activate|p1a: Tinkaton|move: Protect\n|-resisted|p1b: Arcanine\n|-damage|p1b: Arcanine|38\/100\n|move|p1b: Arcanine|Rock Slide|p2a: Dusclops|[spread] p2a,p2b\n|-crit|p2a: Dusclops\n|-supereffective|p2b: Maroon\n|-damage|p2a: Dusclops|0 fnt\n|-damage|p2b: Maroon|0 fnt\n|faint|p2a: Dusclops\n|faint|p2b: Maroon\n|\n|-weather|SunnyDay|[upkeep]\n|-heal|p1a: Tinkaton|78\/100|[from] item: Leftovers\n|upkeep\n|-message|SuburanLegend forfeited.\n|\n|win|Akpaxel\n|raw|Akpaxel's rating: 1101 &rarr; <strong>1127<\/strong><br \/>(+26 for winning)\n|raw|SuburanLegend's rating: 1119 &rarr; <strong>1093<\/strong><br \/>(-26 for losing)\n","uploadtime":1700735427,"views":4,"p1id":"akpaxel","p2id":"suburanlegend","formatid":"gen9doublesou","rating":1093,"private":0,"password":""}