{"id":"gen9doublesou-1970907116","p1":"Cyronyx","p2":"SpumoniZ","format":"[Gen 9] Doubles OU","log":"|j|\u2606Cyronyx\n|j|\u2606SpumoniZ\n|t:|1697679498\n|gametype|doubles\n|player|p1|Cyronyx|hilbert|1185\n|player|p2|SpumoniZ|1|1378\n|teamsize|p1|6\n|teamsize|p2|6\n|gen|9\n|tier|[Gen 9] Doubles OU\n|rated|\n|rule|Species Clause: Limit one of each Pok\u00e9mon\n|rule|OHKO Clause: OHKO moves are banned\n|rule|Evasion Moves Clause: Evasion moves are banned\n|rule|Gravity Sleep Clause: The combination of sleep-inducing moves with imperfect accuracy and Gravity or Gigantamax Orbeetle are banned\n|rule|Endless Battle Clause: Forcing endless battles is banned\n|rule|HP Percentage Mod: HP is shown in percentages\n|clearpoke\n|poke|p1|Alomomola, F|\n|poke|p1|Amoonguss, M|\n|poke|p1|Chandelure, F|\n|poke|p1|Kingambit, M|\n|poke|p1|Tornadus, M|\n|poke|p1|Landorus-Therian, M|\n|poke|p2|Tornadus, M|\n|poke|p2|Palafin, F|\n|poke|p2|Gholdengo|\n|poke|p2|Heatran, F|\n|poke|p2|Zapdos|\n|poke|p2|Landorus-Therian, M|\n|teampreview\n|inactive|Battle timer is ON: inactive players will automatically lose when time's up. (requested by SpumoniZ)\n|\n|t:|1697679516\n|start\n|switch|p1a: Tornadus|Tornadus, M|100\/100\n|switch|p1b: Amoonguss|Amoonguss, M, shiny|100\/100\n|switch|p2a: Tornadus|Tornadus, M|100\/100\n|switch|p2b: Landorus|Landorus-Therian, M|100\/100\n|-ability|p2b: Landorus|Intimidate|boost\n|-unboost|p1a: Tornadus|atk|1\n|-unboost|p1b: Amoonguss|atk|1\n|turn|1\n|\n|t:|1697679542\n|move|p2a: Tornadus|Taunt|p1a: Tornadus\n|-start|p1a: Tornadus|move: Taunt\n|cant|p1a: Tornadus|move: Taunt|Tailwind\n|move|p2b: Landorus|Taunt|p1b: Amoonguss\n|-start|p1b: Amoonguss|move: Taunt\n|cant|p1b: Amoonguss|move: Taunt|Spore\n|\n|upkeep\n|turn|2\n|\n|t:|1697679564\n|switch|p1a: Alomomola|Alomomola, F, shiny|100\/100\n|switch|p1b: Landorus|Landorus-Therian, M|100\/100\n|-ability|p1b: Landorus|Intimidate|boost\n|-unboost|p2a: Tornadus|atk|1\n|-unboost|p2b: Landorus|atk|1\n|move|p2a: Tornadus|Tailwind|p2a: Tornadus\n|-sidestart|p2: SpumoniZ|move: Tailwind\n|move|p2b: Landorus|Stealth Rock|p1a: Alomomola\n|-sidestart|p1: Cyronyx|move: Stealth Rock\n|\n|upkeep\n|turn|3\n|inactive|SpumoniZ has 120 seconds left.\n|\n|t:|1697679600\n|move|p2a: Tornadus|Taunt|p1a: Alomomola\n|-start|p1a: Alomomola|move: Taunt\n|move|p2b: Landorus|Taunt|p1b: Landorus\n|-start|p1b: Landorus|move: Taunt\n|cant|p1b: Landorus|move: Taunt|Stealth Rock\n|cant|p1a: Alomomola|move: Taunt|Wish\n|\n|upkeep\n|turn|4\n|c|\u2606Cyronyx|Fucking bitch\n|n|\u203dCyronyx|cyronyx\n|c|&|\/log Cyronyx was locked from talking by Artemis. (\u2606Cyronyx: Fucking bitch)\n|c|&|\/raw <small>This action was done automatically. Want to learn more about the AI? <a href=\"https:\/\/www.smogon.com\/forums\/threads\/3570628\/#post-9056769\">Visit the information thread<\/a>.<\/small>\n|inactive|SpumoniZ has 120 seconds left.\n|c|\u2606SpumoniZ|hahahahhaha\n|\n|t:|1697679640\n|switch|p2a: Zapdos|Zapdos|100\/100\n|move|p2b: Landorus|U-turn|p1b: Landorus\n|-resisted|p1b: Landorus\n|-damage|p1b: Landorus|94\/100\n|\n|t:|1697679652\n|switch|p2b: Palafin|Palafin, F|100\/100|[from] U-turn\n|move|p1b: Landorus|Smack Down|p2a: Zapdos\n|-supereffective|p2a: Zapdos\n|-damage|p2a: Zapdos|72\/100\n|-start|p2a: Zapdos|Smack Down\n|move|p1a: Alomomola|Flip Turn|p2b: Palafin\n|-resisted|p2b: Palafin\n|-damage|p2b: Palafin|91\/100\n|\n|t:|1697679662\n|switch|p1a: Tornadus|Tornadus, M|100\/100|[from] Flip Turn\n|-damage|p1a: Tornadus|76\/100|[from] Stealth Rock\n|\n|-heal|p1b: Landorus|99\/100|[from] item: Leftovers\n|upkeep\n|turn|5\n|inactive|SpumoniZ has 120 seconds left.\n|\n|t:|1697679685\n|move|p1a: Tornadus|Tailwind|p1a: Tornadus\n|-sidestart|p1: Cyronyx|move: Tailwind\n|move|p2b: Palafin|Ice Punch|p1b: Landorus\n|-supereffective|p1b: Landorus\n|-damage|p1b: Landorus|39\/100\n|-status|p1b: Landorus|frz\n|move|p2a: Zapdos|Thunderbolt|p1a: Tornadus\n|-supereffective|p1a: Tornadus\n|-damage|p1a: Tornadus|0 fnt\n|faint|p1a: Tornadus\n|cant|p1b: Landorus|frz\n|\n|-heal|p1b: Landorus|45\/100 frz|[from] item: Leftovers\n|-end|p1b: Landorus|move: Taunt\n|-sideend|p2: SpumoniZ|move: Tailwind\n|upkeep\n|\n|t:|1697679700\n|switch|p1a: Amoonguss|Amoonguss, M, shiny|100\/100\n|-damage|p1a: Amoonguss|88\/100|[from] Stealth Rock\n|turn|6\n|c|\u2606SpumoniZ|sry\n|\n|t:|1697679714\n|detailschange|p2b: Palafin|Palafin-Hero, F\n|switch|p2b: Gholdengo|Gholdengo|100\/100\n|-curestatus|p1b: Landorus|frz|[msg]\n|move|p1b: Landorus|Earthquake|p2a: Zapdos|[spread] p1a,p2a,p2b\n|-supereffective|p2a: Zapdos\n|-supereffective|p2b: Gholdengo\n|-damage|p1a: Amoonguss|62\/100\n|-damage|p2a: Zapdos|11\/100\n|-damage|p2b: Gholdengo|30\/100\n|move|p2a: Zapdos|Tailwind|p2a: Zapdos\n|-sidestart|p2: SpumoniZ|move: Tailwind\n|move|p1a: Amoonguss|Spore|p2b: Gholdengo\n|-immune|p2b: Gholdengo|[from] ability: Good as Gold\n|\n|-heal|p1b: Landorus|51\/100|[from] item: Leftovers\n|-heal|p2b: Gholdengo|36\/100|[from] item: Leftovers\n|-heal|p1a: Amoonguss|68\/100|[from] item: Leftovers\n|upkeep\n|turn|7\n|inactive|SpumoniZ has 120 seconds left.\n|\n|t:|1697679771\n|switch|p2a: Landorus|Landorus-Therian, M|100\/100\n|-ability|p2a: Landorus|Intimidate|boost\n|-unboost|p1a: Amoonguss|atk|1\n|-unboost|p1b: Landorus|atk|1\n|switch|p1a: Alomomola|Alomomola, F, shiny|100\/100\n|-damage|p1a: Alomomola|88\/100|[from] Stealth Rock\n|move|p2b: Gholdengo|Protect|p2b: Gholdengo\n|-singleturn|p2b: Gholdengo|Protect\n|move|p1b: Landorus|Earthquake|p2a: Landorus|[spread] p1a\n|-activate|p2b: Gholdengo|move: Protect\n|-immune|p2a: Landorus\n|-damage|p1a: Alomomola|71\/100\n|-enditem|p1a: Alomomola|Red Card|[of] p1b: Landorus\n|drag|p1b: Amoonguss|Amoonguss, M, shiny|100\/100\n|-damage|p1b: Amoonguss|88\/100|[from] Stealth Rock\n|\n|-heal|p2b: Gholdengo|42\/100|[from] item: Leftovers\n|-heal|p1b: Amoonguss|94\/100|[from] item: Leftovers\n|upkeep\n|turn|8\n|inactive|SpumoniZ has 90 seconds left.\n|\n|t:|1697679812\n|move|p2a: Landorus|Taunt|p1a: Alomomola\n|-start|p1a: Alomomola|move: Taunt\n|move|p2b: Gholdengo|Nasty Plot|p2b: Gholdengo\n|-boost|p2b: Gholdengo|spa|2\n|cant|p1a: Alomomola|move: Taunt|Wish\n|move|p1b: Amoonguss|Spore|p2a: Landorus\n|-status|p2a: Landorus|slp|[from] move: Spore\n|\n|-heal|p2b: Gholdengo|48\/100|[from] item: Leftovers\n|-heal|p1b: Amoonguss|100\/100|[from] item: Leftovers\n|-sideend|p1: Cyronyx|move: Tailwind\n|upkeep\n|turn|9\n|inactive|SpumoniZ has 90 seconds left.\n|\n|t:|1697679845\n|switch|p2a: Tornadus|Tornadus, M|100\/100\n|move|p2b: Gholdengo|Nasty Plot|p2b: Gholdengo\n|-boost|p2b: Gholdengo|spa|2\n|move|p1a: Alomomola|Flip Turn|p2b: Gholdengo\n|-damage|p2b: Gholdengo|34\/100\n|\n|t:|1697679861\n|switch|p1a: Landorus|Landorus-Therian, M|51\/100|[from] Flip Turn\n|-damage|p1a: Landorus|39\/100|[from] Stealth Rock\n|-ability|p1a: Landorus|Intimidate|boost\n|-unboost|p2a: Tornadus|atk|1\n|-unboost|p2b: Gholdengo|atk|1\n|move|p1b: Amoonguss|Giga Drain|p2b: Gholdengo\n|-resisted|p2b: Gholdengo\n|-damage|p2b: Gholdengo|25\/100\n|\n|-heal|p2b: Gholdengo|32\/100|[from] item: Leftovers\n|-heal|p1a: Landorus|45\/100|[from] item: Leftovers\n|-sideend|p2: SpumoniZ|move: Tailwind\n|upkeep\n|turn|10\n|inactive|SpumoniZ has 90 seconds left.\n|\n|t:|1697679899\n|move|p2a: Tornadus|Tailwind|p2a: Tornadus\n|-sidestart|p2: SpumoniZ|move: Tailwind\n|move|p2b: Gholdengo|Make It Rain|p1a: Landorus|[spread] p1a,p1b\n|-damage|p1a: Landorus|0 fnt\n|-damage|p1b: Amoonguss|0 fnt\n|-unboost|p2b: Gholdengo|spa|1\n|faint|p1a: Landorus\n|faint|p1b: Amoonguss\n|\n|-heal|p2b: Gholdengo|38\/100|[from] item: Leftovers\n|upkeep\n|\n|t:|1697679911\n|switch|p1a: Kingambit|Kingambit, M, shiny|100\/100\n|switch|p1b: Alomomola|Alomomola, F, shiny|100\/100\n|-damage|p1a: Kingambit|94\/100|[from] Stealth Rock\n|-activate|p1a: Kingambit|ability: Supreme Overlord\n|-start|p1a: Kingambit|fallen3|[silent]\n|-damage|p1b: Alomomola|88\/100|[from] Stealth Rock\n|turn|11\n|inactive|SpumoniZ has 90 seconds left.\n|\n|t:|1697679945\n|switch|p2a: Palafin|Palafin-Hero, F|91\/100\n|-activate|p2a: Palafin|ability: Zero to Hero\n|move|p1a: Kingambit|Sucker Punch||[still]\n|-fail|p1a: Kingambit\n|move|p2b: Gholdengo|Nasty Plot|p2b: Gholdengo\n|-boost|p2b: Gholdengo|spa|2\n|move|p1b: Alomomola|Flip Turn|p2a: Palafin\n|-resisted|p2a: Palafin\n|-damage|p2a: Palafin|85\/100\n|\n|t:|1697679957\n|switch|p1b: Chandelure|Chandelure, F, shiny|100\/100|[from] Flip Turn\n|-damage|p1b: Chandelure|76\/100|[from] Stealth Rock\n|\n|-heal|p2b: Gholdengo|44\/100|[from] item: Leftovers\n|-heal|p1a: Kingambit|100\/100|[from] item: Leftovers\n|upkeep\n|turn|12\n|inactive|SpumoniZ has 90 seconds left.\n|\n|t:|1697679987\n|switch|p1b: Alomomola|Alomomola, F, shiny|100\/100\n|-damage|p1b: Alomomola|88\/100|[from] Stealth Rock\n|move|p2b: Gholdengo|Protect|p2b: Gholdengo\n|-singleturn|p2b: Gholdengo|Protect\n|move|p2a: Palafin|Jet Punch|p1b: Alomomola\n|-resisted|p1b: Alomomola\n|-damage|p1b: Alomomola|71\/100\n|move|p1a: Kingambit|Sucker Punch||[still]\n|-fail|p1a: Kingambit\n|\n|-heal|p2b: Gholdengo|50\/100|[from] item: Leftovers\n|upkeep\n|turn|13\n|inactive|SpumoniZ has 90 seconds left.\n|\n|t:|1697680012\n|switch|p2a: Zapdos|Zapdos|11\/100\n|switch|p2b: Heatran|Heatran, F|100\/100\n|move|p1a: Kingambit|Sucker Punch||[still]\n|-fail|p1a: Kingambit\n|move|p1b: Alomomola|Wish|p1b: Alomomola\n|\n|-sideend|p2: SpumoniZ|move: Tailwind\n|upkeep\n|turn|14\n|inactive|SpumoniZ has 90 seconds left.\n|\n|t:|1697680034\n|-terastallize|p2b: Heatran|Grass\n|-terastallize|p1a: Kingambit|Ghost\n|move|p2a: Zapdos|Tailwind|p2a: Zapdos\n|-sidestart|p2: SpumoniZ|move: Tailwind\n|move|p2b: Heatran|Tera Blast|p1b: Alomomola|[anim] Tera Blast Grass\n|-supereffective|p1b: Alomomola\n|-damage|p1b: Alomomola|0 fnt\n|faint|p1b: Alomomola\n|move|p1a: Kingambit|Swords Dance|p1a: Kingambit\n|-boost|p1a: Kingambit|atk|2\n|\n|upkeep\n|\n|t:|1697680045\n|switch|p1b: Chandelure|Chandelure, F, shiny|76\/100\n|-damage|p1b: Chandelure|51\/100|[from] Stealth Rock\n|turn|15\n|inactive|SpumoniZ has 90 seconds left.\n|\n|t:|1697680066\n|move|p1a: Kingambit|Sucker Punch|p2b: Heatran\n|-crit|p2b: Heatran\n|-damage|p2b: Heatran|0 fnt\n|faint|p2b: Heatran\n|move|p2a: Zapdos|Thunderbolt|p1a: Kingambit\n|-damage|p1a: Kingambit|57\/100\n|move|p1b: Chandelure|Shadow Ball|p2a: Zapdos\n|-damage|p2a: Zapdos|0 fnt\n|faint|p2a: Zapdos\n|\n|-heal|p1a: Kingambit|64\/100|[from] item: Leftovers\n|upkeep\n|inactive|SpumoniZ has 90 seconds left.\n|\n|t:|1697680088\n|switch|p2a: Palafin|Palafin-Hero, F|85\/100\n|switch|p2b: Gholdengo|Gholdengo|50\/100\n|turn|16\n|inactive|SpumoniZ has 90 seconds left.\n|\n|t:|1697680106\n|move|p2b: Gholdengo|Protect|p2b: Gholdengo\n|-singleturn|p2b: Gholdengo|Protect\n|move|p2a: Palafin|Jet Punch|p1b: Chandelure\n|-supereffective|p1b: Chandelure\n|-damage|p1b: Chandelure|0 fnt\n|faint|p1b: Chandelure\n|move|p1a: Kingambit|Sucker Punch||[still]\n|-fail|p1a: Kingambit\n|\n|-heal|p2b: Gholdengo|56\/100|[from] item: Leftovers\n|-heal|p1a: Kingambit|70\/100|[from] item: Leftovers\n|upkeep\n|turn|17\n|\n|t:|1697680119\n|move|p2a: Palafin|Jet Punch|p1a: Kingambit\n|-damage|p1a: Kingambit|30\/100\n|move|p2b: Gholdengo|Nasty Plot|p2b: Gholdengo\n|-boost|p2b: Gholdengo|spa|2\n|move|p1a: Kingambit|Kowtow Cleave|p2a: Palafin\n|-damage|p2a: Palafin|0 fnt\n|faint|p2a: Palafin\n|\n|-heal|p2b: Gholdengo|62\/100|[from] item: Leftovers\n|-heal|p1a: Kingambit|36\/100|[from] item: Leftovers\n|-sideend|p2: SpumoniZ|move: Tailwind\n|upkeep\n|\n|t:|1697680131\n|switch|p2a: Landorus|Landorus-Therian, M|100\/100 slp\n|-ability|p2a: Landorus|Intimidate|boost\n|-unboost|p1a: Kingambit|atk|1\n|turn|18\n|inactive|SpumoniZ has 120 seconds left.\n|\n|t:|1697680143\n|move|p1a: Kingambit|Sucker Punch|p2b: Gholdengo\n|-supereffective|p2b: Gholdengo\n|-damage|p2b: Gholdengo|0 fnt\n|faint|p2b: Gholdengo\n|cant|p2a: Landorus|slp\n|\n|-heal|p1a: Kingambit|43\/100|[from] item: Leftovers\n|upkeep\n|\n|t:|1697680150\n|switch|p2b: Tornadus|Tornadus, M|100\/100\n|turn|19\n|\n|t:|1697680165\n|move|p1a: Kingambit|Sucker Punch|p2a: Landorus\n|-damage|p2a: Landorus|26\/100 slp\n|-enditem|p2a: Landorus|Sitrus Berry|[eat]\n|-heal|p2a: Landorus|51\/100 slp|[from] item: Sitrus Berry\n|move|p2b: Tornadus|Bleakwind Storm|p1a: Kingambit\n|-damage|p1a: Kingambit|0 fnt\n|faint|p1a: Kingambit\n|-end|p1a: Kingambit|fallen3|[silent]\n|\n|win|SpumoniZ\n|raw|Cyronyx's rating: 1185 &rarr; <strong>1173<\/strong><br \/>(-12 for losing)\n|raw|SpumoniZ's rating: 1378 &rarr; <strong>1388<\/strong><br \/>(+10 for winning)\n","uploadtime":1697679625,"views":5,"p1id":"cyronyx","p2id":"spumoniz","formatid":"gen9doublesou","rating":1173,"private":0,"password":""}