{"id":"gen9doublesou-1989464048","p1":"shwika","p2":"superSTANK_69","format":"[Gen 9] Doubles OU","log":"|j|\u2606shwika\n|j|\u2606superSTANK_69\n|t:|1699854548\n|gametype|doubles\n|player|p1|shwika|maid|1571\n|player|p2|superSTANK_69|zinzolin|1287\n|teamsize|p1|6\n|teamsize|p2|6\n|gen|9\n|tier|[Gen 9] Doubles OU\n|rated|\n|rule|Species Clause: Limit one of each Pok\u00e9mon\n|rule|OHKO Clause: OHKO moves are banned\n|rule|Evasion Moves Clause: Evasion moves are banned\n|rule|Gravity Sleep Clause: The combination of sleep-inducing moves with imperfect accuracy and Gravity or Gigantamax Orbeetle are banned\n|rule|Endless Battle Clause: Forcing endless battles is banned\n|rule|HP Percentage Mod: HP is shown in percentages\n|clearpoke\n|poke|p1|Milotic, F|\n|poke|p1|Dragonite, M|\n|poke|p1|Flutter Mane|\n|poke|p1|Glimmora, F|\n|poke|p1|Tornadus, M|\n|poke|p1|Kingambit, M|\n|poke|p2|Walking Wake|\n|poke|p2|Cresselia, F|\n|poke|p2|Tornadus, M|\n|poke|p2|Iron Hands|\n|poke|p2|Volcanion|\n|poke|p2|Rillaboom, F|\n|teampreview\n|inactive|Battle timer is ON: inactive players will automatically lose when time's up. (requested by superSTANK_69)\n|\n|t:|1699854558\n|start\n|switch|p1a: Tornadus|Tornadus, M|100\/100\n|switch|p1b: Venus|Milotic, F|100\/100\n|switch|p2a: Tornadus|Tornadus, M|100\/100\n|switch|p2b: Volcanion|Volcanion|100\/100\n|turn|1\n|\n|t:|1699854570\n|move|p2a: Tornadus|Tailwind|p2a: Tornadus\n|-sidestart|p2: superSTANK_69|move: Tailwind\n|move|p1a: Tornadus|Taunt|p2a: Tornadus\n|-start|p2a: Tornadus|move: Taunt\n|move|p2b: Volcanion|Sludge Bomb|p1b: Venus\n|-damage|p1b: Venus|74\/100\n|move|p1b: Venus|Ice Beam|p2a: Tornadus\n|-supereffective|p2a: Tornadus\n|-damage|p2a: Tornadus|53\/100\n|\n|-status|p1b: Venus|brn|[from] item: Flame Orb\n|upkeep\n|turn|2\n|\n|t:|1699854588\n|move|p1a: Tornadus|Tailwind|p1a: Tornadus\n|-sidestart|p1: shwika|move: Tailwind\n|move|p2a: Tornadus|Bleakwind Storm|p1a: Tornadus|[spread] p1a\n|-miss|p2a: Tornadus|p1b: Venus\n|-damage|p1a: Tornadus|77\/100\n|move|p1b: Venus|Ice Beam|p2a: Tornadus\n|-supereffective|p2a: Tornadus\n|-damage|p2a: Tornadus|3\/100\n|move|p2b: Volcanion|Steam Eruption|p1a: Tornadus|[miss]\n|-miss|p2b: Volcanion|p1a: Tornadus\n|\n|-damage|p1b: Venus|68\/100 brn|[from] brn\n|upkeep\n|turn|3\n|\n|t:|1699854601\n|move|p2a: Tornadus|Bleakwind Storm|p1a: Tornadus|[spread] p1a,p1b\n|-damage|p1a: Tornadus|54\/100\n|-damage|p1b: Venus|45\/100 brn\n|-unboost|p1a: Tornadus|spe|1\n|move|p1b: Venus|Recover|p1b: Venus\n|-heal|p1b: Venus|95\/100 brn\n|move|p2b: Volcanion|Steam Eruption|p1a: Tornadus\n|-damage|p1a: Tornadus|5\/100\n|move|p1a: Tornadus|Bleakwind Storm|p2a: Tornadus|[spread] p2a\n|-miss|p1a: Tornadus|p2b: Volcanion\n|-damage|p2a: Tornadus|0 fnt\n|faint|p2a: Tornadus\n|\n|-damage|p1b: Venus|89\/100 brn|[from] brn\n|upkeep\n|\n|t:|1699854619\n|switch|p2a: Rillaboom|Rillaboom, F|100\/100\n|-fieldstart|move: Grassy Terrain|[from] ability: Grassy Surge|[of] p2a: Rillaboom\n|turn|4\n|\n|t:|1699854634\n|switch|p1a: Glimmora|Glimmora, F|100\/100\n|-item|p1a: Glimmora|Air Balloon\n|-terastallize|p1b: Venus|Steel\n|move|p2a: Rillaboom|Fake Out|p1b: Venus\n|-resisted|p1b: Venus\n|-damage|p1b: Venus|85\/100 brn\n|cant|p1b: Venus|flinch\n|move|p2b: Volcanion|Heat Wave|p1b: Venus|[spread] p1a,p1b\n|-resisted|p1a: Glimmora\n|-supereffective|p1b: Venus\n|-damage|p1a: Glimmora|80\/100\n|-damage|p1b: Venus|24\/100 brn\n|-enditem|p1a: Glimmora|Air Balloon\n|\n|-heal|p1a: Glimmora|86\/100|[from] Grassy Terrain\n|-heal|p1b: Venus|30\/100 brn|[from] Grassy Terrain\n|-damage|p1b: Venus|24\/100 brn|[from] brn\n|-sideend|p2: superSTANK_69|move: Tailwind\n|upkeep\n|turn|5\n|\n|t:|1699854654\n|switch|p2a: Cresselia|Cresselia, F|100\/100\n|move|p1a: Glimmora|Power Gem|p2b: Volcanion\n|-supereffective|p2b: Volcanion\n|-damage|p2b: Volcanion|51\/100\n|move|p1b: Venus|Recover|p1b: Venus\n|-heal|p1b: Venus|74\/100 brn\n|move|p2b: Volcanion|Heat Wave|p1a: Glimmora|[spread] p1a,p1b\n|-resisted|p1a: Glimmora\n|-supereffective|p1b: Venus\n|-crit|p1b: Venus\n|-damage|p1a: Glimmora|65\/100\n|-damage|p1b: Venus|0 fnt\n|-status|p1a: Glimmora|brn\n|faint|p1b: Venus\n|\n|-heal|p1a: Glimmora|72\/100 brn|[from] Grassy Terrain\n|-heal|p2b: Volcanion|57\/100|[from] Grassy Terrain\n|-damage|p1a: Glimmora|65\/100 brn|[from] brn\n|-sideend|p1: shwika|move: Tailwind\n|upkeep\n|\n|t:|1699854667\n|switch|p1b: Tornadus|Tornadus, M|5\/100\n|turn|6\n|\n|t:|1699854676\n|move|p1b: Tornadus|Taunt|p2a: Cresselia\n|-start|p2a: Cresselia|move: Taunt\n|-enditem|p2a: Cresselia|Mental Herb\n|-end|p2a: Cresselia|move: Taunt\n|move|p1a: Glimmora|Power Gem|p2b: Volcanion\n|-supereffective|p2b: Volcanion\n|-damage|p2b: Volcanion|6\/100\n|move|p2b: Volcanion|Steam Eruption|p1a: Glimmora\n|-supereffective|p1a: Glimmora\n|-damage|p1a: Glimmora|0 fnt\n|faint|p1a: Glimmora\n|move|p2a: Cresselia|Trick Room|p2a: Cresselia\n|-fieldstart|move: Trick Room|[of] p2a: Cresselia\n|\n|-heal|p2b: Volcanion|12\/100|[from] Grassy Terrain\n|upkeep\n|\n|t:|1699854689\n|switch|p1a: Dragonite|Dragonite, M|100\/100\n|turn|7\n|\n|t:|1699854713\n|move|p2a: Cresselia|Ally Switch|p2a: Cresselia\n|swap|p2a: Cresselia|1|[from] move: Ally Switch\n|move|p1a: Dragonite|Extreme Speed|p2b: Cresselia\n|-damage|p2b: Cresselia|81\/100\n|move|p1b: Tornadus|Taunt|p2a: Volcanion\n|-start|p2a: Volcanion|move: Taunt\n|move|p2a: Volcanion|Steam Eruption|p1a: Dragonite\n|-resisted|p1a: Dragonite\n|-damage|p1a: Dragonite|85\/100\n|-status|p1a: Dragonite|brn\n|\n|-heal|p2a: Volcanion|18\/100|[from] Grassy Terrain\n|-damage|p1a: Dragonite|79\/100 brn|[from] brn\n|upkeep\n|turn|8\n|\n|t:|1699854738\n|switch|p2b: Rillaboom|Rillaboom, F|100\/100\n|move|p1a: Dragonite|Extreme Speed|p2a: Volcanion\n|-damage|p2a: Volcanion|5\/100\n|move|p1b: Tornadus|Taunt|p2b: Rillaboom\n|-start|p2b: Rillaboom|move: Taunt\n|move|p2a: Volcanion|Heat Wave|p1a: Dragonite|[spread] p1a,p1b\n|-resisted|p1a: Dragonite\n|-damage|p1a: Dragonite|59\/100 brn\n|-damage|p1b: Tornadus|0 fnt\n|faint|p1b: Tornadus\n|\n|-heal|p2a: Volcanion|12\/100|[from] Grassy Terrain\n|-damage|p1a: Dragonite|53\/100 brn|[from] brn\n|-fieldend|move: Grassy Terrain\n|upkeep\n|\n|t:|1699854754\n|switch|p1b: Kingambit|Kingambit, M|100\/100\n|turn|9\n|\n|t:|1699854770\n|move|p1a: Dragonite|Protect|p1a: Dragonite\n|-singleturn|p1a: Dragonite|Protect\n|move|p1b: Kingambit|Sucker Punch|p2a: Volcanion\n|-crit|p2a: Volcanion\n|-damage|p2a: Volcanion|0 fnt\n|faint|p2a: Volcanion\n|move|p2b: Rillaboom|Drain Punch|p1b: Kingambit\n|-supereffective|p1b: Kingambit\n|-damage|p1b: Kingambit|9\/100\n|\n|-damage|p1a: Dragonite|47\/100 brn|[from] brn\n|upkeep\n|\n|t:|1699854783\n|switch|p2a: Cresselia|Cresselia, F|81\/100\n|turn|10\n|\n|t:|1699854804\n|switch|p1b: Flutter Mane|Flutter Mane|100\/100\n|switch|p2b: Iron Hands|Iron Hands|100\/100\n|move|p2a: Cresselia|Moonblast|p1b: Flutter Mane\n|-damage|p1b: Flutter Mane|77\/100\n|move|p1a: Dragonite|Dragon Dance|p1a: Dragonite\n|-boost|p1a: Dragonite|atk|1\n|-boost|p1a: Dragonite|spe|1\n|\n|-damage|p1a: Dragonite|40\/100 brn|[from] brn\n|-fieldend|move: Trick Room\n|upkeep\n|turn|11\n|\n|t:|1699854826\n|move|p1a: Dragonite|Dragon Dance|p1a: Dragonite\n|-boost|p1a: Dragonite|atk|1\n|-boost|p1a: Dragonite|spe|1\n|move|p1b: Flutter Mane|Moonblast|p2b: Iron Hands\n|-supereffective|p2b: Iron Hands\n|-damage|p2b: Iron Hands|28\/100\n|-unboost|p2b: Iron Hands|spa|1\n|-enditem|p2b: Iron Hands|Sitrus Berry|[eat]\n|-heal|p2b: Iron Hands|53\/100|[from] item: Sitrus Berry\n|move|p2b: Iron Hands|Belly Drum|p2b: Iron Hands\n|-damage|p2b: Iron Hands|3\/100\n|-setboost|p2b: Iron Hands|atk|6|[from] move: Belly Drum\n|move|p2a: Cresselia|Trick Room|p2a: Cresselia\n|-fieldstart|move: Trick Room|[of] p2a: Cresselia\n|\n|-damage|p1a: Dragonite|34\/100 brn|[from] brn\n|upkeep\n|turn|12\n|\n|t:|1699854846\n|move|p1b: Flutter Mane|Protect|p1b: Flutter Mane\n|-singleturn|p1b: Flutter Mane|Protect\n|move|p2a: Cresselia|Ally Switch|p2a: Cresselia\n|swap|p2a: Cresselia|1|[from] move: Ally Switch\n|move|p1a: Dragonite|Extreme Speed|p2b: Cresselia\n|-damage|p2b: Cresselia|59\/100\n|move|p2a: Iron Hands|Ice Punch|p1b: Flutter Mane\n|-activate|p1b: Flutter Mane|move: Protect\n|\n|-damage|p1a: Dragonite|28\/100 brn|[from] brn\n|upkeep\n|turn|13\n|\n|t:|1699854871\n|move|p2a: Iron Hands|Protect|p2a: Iron Hands\n|-singleturn|p2a: Iron Hands|Protect\n|move|p1a: Dragonite|Extreme Speed|p2a: Iron Hands\n|-activate|p2a: Iron Hands|move: Protect\n|move|p2b: Cresselia|Lunar Blessing|p2b: Cresselia|[spread] p2a,p2b\n|-heal|p2a: Iron Hands|28\/100\n|-heal|p2b: Cresselia|84\/100\n|move|p1b: Flutter Mane|Moonblast|p2b: Cresselia\n|-damage|p2b: Cresselia|46\/100\n|\n|-damage|p1a: Dragonite|22\/100 brn|[from] brn\n|upkeep\n|turn|14\n|\n|t:|1699854887\n|move|p1b: Flutter Mane|Protect|p1b: Flutter Mane\n|-singleturn|p1b: Flutter Mane|Protect\n|move|p2a: Iron Hands|Ice Punch|p1a: Dragonite\n|-supereffective|p1a: Dragonite\n|-damage|p1a: Dragonite|0 fnt\n|faint|p1a: Dragonite\n|move|p2b: Cresselia|Lunar Blessing|p2b: Cresselia|[spread] p2a,p2b\n|-heal|p2a: Iron Hands|53\/100\n|-heal|p2b: Cresselia|71\/100\n|\n|upkeep\n|\n|t:|1699854893\n|switch|p1a: Kingambit|Kingambit, M|9\/100\n|turn|15\n|\n|t:|1699854903\n|move|p2b: Cresselia|Ally Switch|p2b: Cresselia\n|swap|p2b: Cresselia|0|[from] move: Ally Switch\n|move|p1a: Kingambit|Iron Head|p2b: Iron Hands\n|-resisted|p2b: Iron Hands\n|-damage|p2b: Iron Hands|38\/100\n|move|p2b: Iron Hands|Ice Punch|p1b: Flutter Mane\n|-damage|p1b: Flutter Mane|0 fnt\n|faint|p1b: Flutter Mane\n|-end|p1b: Flutter Mane|Protosynthesis|[silent]\n|\n|-fieldend|move: Trick Room\n|upkeep\n|turn|16\n|\n|t:|1699854915\n|move|p2a: Cresselia|Moonblast|p1a: Kingambit\n|-damage|p1a: Kingambit|0 fnt\n|faint|p1a: Kingambit\n|\n|win|superSTANK_69\n|raw|shwika's rating: 1571 &rarr; <strong>1538<\/strong><br \/>(-33 for losing)\n|raw|superSTANK_69's rating: 1287 &rarr; <strong>1329<\/strong><br \/>(+42 for winning)\n|l|\u2606shwika\n|c|\u2606superSTANK_69|gg\n","uploadtime":1699854928,"views":6,"p1id":"shwika","p2id":"superstank69","formatid":"gen9doublesou","rating":1329,"private":0,"password":""}