{"id":"gen9doublesou-1969418481","p1":"Buzzpeep","p2":"daniel.verdon","format":"[Gen 9] Doubles OU","log":"|j|\u2606Buzzpeep\n|j|\u2606daniel.verdon\n|inactive|Battle timer is ON: inactive players will automatically lose when time's up.\n|t:|1697528640\n|gametype|doubles\n|player|p1|Buzzpeep|proton|\n|player|p2|daniel.verdon|170|\n|teamsize|p1|6\n|teamsize|p2|6\n|gen|9\n|tier|[Gen 9] Doubles OU\n|rated|Tournament battle\n|rule|Species Clause: Limit one of each Pok\u00e9mon\n|rule|OHKO Clause: OHKO moves are banned\n|rule|Evasion Moves Clause: Evasion moves are banned\n|rule|Gravity Sleep Clause: The combination of sleep-inducing moves with imperfect accuracy and Gravity or Gigantamax Orbeetle are banned\n|rule|Endless Battle Clause: Forcing endless battles is banned\n|rule|HP Percentage Mod: HP is shown in percentages\n|clearpoke\n|poke|p1|Mamoswine, M|\n|poke|p1|Kleavor, M|\n|poke|p1|Gastrodon-East, F|\n|poke|p1|Salazzle, F|\n|poke|p1|Palafin, M|\n|poke|p1|Gliscor, F|\n|poke|p2|Hariyama, M|\n|poke|p2|Braviary, M|\n|poke|p2|Glimmora, M|\n|poke|p2|Copperajah, F|\n|poke|p2|Torterra, M|\n|poke|p2|Samurott-Hisui, M|\n|teampreview\n|j|*Lady Monita \u263d\n|\n|t:|1697528660\n|start\n|switch|p1a: Kleavor|Kleavor, M|100\/100\n|switch|p1b: Palafin|Palafin, M|100\/100\n|switch|p2a: Glimmora|Glimmora, M|100\/100\n|switch|p2b: Braviary|Braviary, M|100\/100\n|turn|1\n|\n|t:|1697528669\n|move|p1a: Kleavor|Stone Axe|p2a: Glimmora\n|-damage|p2a: Glimmora|32\/100\n|-activate|p2a: Glimmora|ability: Toxic Debris\n|-sidestart|p1: Buzzpeep|move: Toxic Spikes\n|-sidestart|p2: daniel.verdon|move: Stealth Rock\n|move|p1b: Palafin|Flip Turn|p2a: Glimmora\n|-supereffective|p2a: Glimmora\n|-damage|p2a: Glimmora|0 fnt\n|-activate|p2a: Glimmora|ability: Toxic Debris\n|-sidestart|p1: Buzzpeep|move: Toxic Spikes\n|faint|p2a: Glimmora\n|\n|t:|1697528678\n|detailschange|p1b: Palafin|Palafin-Hero, M\n|switch|p1b: Salazzle|Salazzle, F|100\/100|[from] Flip Turn\n|-sideend|p1: Buzzpeep|move: Toxic Spikes|[of] p1b: Salazzle\n|move|p2b: Braviary|Brave Bird|p1a: Kleavor\n|-crit|p1a: Kleavor\n|-damage|p1a: Kleavor|0 fnt\n|faint|p1a: Kleavor\n|-damage|p2b: Braviary|73\/100|[from] Recoil\n|\n|-heal|p2b: Braviary|79\/100|[from] item: Leftovers\n|upkeep\n|\n|t:|1697528689\n|switch|p2a: Samurott|Samurott-Hisui, M|100\/100\n|switch|p1a: Palafin|Palafin-Hero, M|100\/100\n|-activate|p1a: Palafin|ability: Zero to Hero\n|-damage|p2a: Samurott|88\/100|[from] Stealth Rock\n|turn|2\n|\n|t:|1697528701\n|move|p1b: Salazzle|Hyper Voice|p2b: Braviary|[spread] p2a,p2b\n|-damage|p2a: Samurott|38\/100\n|-damage|p2b: Braviary|42\/100\n|move|p1a: Palafin|Ice Punch|p2b: Braviary\n|-supereffective|p2b: Braviary\n|-damage|p2b: Braviary|0 fnt\n|faint|p2b: Braviary\n|move|p2a: Samurott|Razor Shell|p1b: Salazzle\n|-supereffective|p1b: Salazzle\n|-damage|p1b: Salazzle|0 fnt\n|faint|p1b: Salazzle\n|\n|upkeep\n|\n|t:|1697528718\n|switch|p1b: Gliscor|Gliscor, F|100\/100\n|switch|p2b: Torterra|Torterra, M|100\/100\n|-damage|p2b: Torterra|94\/100|[from] Stealth Rock\n|turn|3\n|\n|t:|1697528735\n|-terastallize|p2b: Torterra|Rock\n|move|p1b: Gliscor|Protect|p1b: Gliscor\n|-singleturn|p1b: Gliscor|Protect\n|move|p1a: Palafin|Ice Punch|p2b: Torterra\n|-damage|p2b: Torterra|65\/100\n|move|p2a: Samurott|Razor Shell|p1b: Gliscor\n|-activate|p1b: Gliscor|move: Protect\n|move|p2b: Torterra|Bullet Seed|p1a: Palafin\n|-supereffective|p1a: Palafin\n|-damage|p1a: Palafin|74\/100\n|-supereffective|p1a: Palafin\n|-damage|p1a: Palafin|47\/100\n|-supereffective|p1a: Palafin\n|-damage|p1a: Palafin|22\/100\n|-supereffective|p1a: Palafin\n|-crit|p1a: Palafin\n|-damage|p1a: Palafin|0 fnt\n|faint|p1a: Palafin\n|-hitcount|p1: Palafin|4\n|\n|-status|p1b: Gliscor|tox|[from] item: Toxic Orb\n|upkeep\n|\n|t:|1697528741\n|switch|p1a: Mamoswine|Mamoswine, M|100\/100\n|turn|4\n|\n|t:|1697528759\n|-terastallize|p1a: Mamoswine|Grass\n|move|p2a: Samurott|Razor Shell|p1b: Gliscor\n|-supereffective|p1b: Gliscor\n|-damage|p1b: Gliscor|22\/100 tox\n|-unboost|p1b: Gliscor|def|1\n|move|p1b: Gliscor|Swords Dance|p1b: Gliscor\n|-boost|p1b: Gliscor|atk|2\n|move|p2b: Torterra|Rock Blast|p1a: Mamoswine\n|-damage|p1a: Mamoswine|88\/100\n|-damage|p1a: Mamoswine|76\/100\n|-damage|p1a: Mamoswine|64\/100\n|-damage|p1a: Mamoswine|52\/100\n|-hitcount|p1a: Mamoswine|4\n|move|p1a: Mamoswine|Trailblaze|p2a: Samurott\n|-supereffective|p2a: Samurott\n|-damage|p2a: Samurott|0 fnt\n|-boost|p1a: Mamoswine|spe|1\n|faint|p2a: Samurott\n|\n|-heal|p1b: Gliscor|34\/100 tox|[from] ability: Poison Heal\n|upkeep\n|\n|t:|1697528774\n|switch|p2a: Hariyama|Hariyama, M|100\/100\n|-damage|p2a: Hariyama|94\/100|[from] Stealth Rock\n|turn|5\n|\n|t:|1697528794\n|move|p1b: Gliscor|Protect|p1b: Gliscor\n|-singleturn|p1b: Gliscor|Protect\n|move|p2a: Hariyama|Bullet Punch|p1b: Gliscor\n|-activate|p1b: Gliscor|move: Protect\n|move|p1a: Mamoswine|Earthquake|p2b: Torterra|[spread] p2a,p2b\n|-activate|p1b: Gliscor|move: Protect\n|-supereffective|p2b: Torterra\n|-damage|p2a: Hariyama|41\/100\n|-damage|p2b: Torterra|0 fnt\n|faint|p2b: Torterra\n|\n|-heal|p1b: Gliscor|47\/100 tox|[from] ability: Poison Heal\n|-status|p2a: Hariyama|brn|[from] item: Flame Orb\n|upkeep\n|\n|t:|1697528797\n|switch|p2b: Copperajah|Copperajah, F|100\/100\n|-damage|p2b: Copperajah|94\/100|[from] Stealth Rock\n|turn|6\n|\n|t:|1697528807\n|move|p1a: Mamoswine|Earthquake|p2a: Hariyama|[spread] p2a,p2b\n|-immune|p1b: Gliscor\n|-supereffective|p2b: Copperajah\n|-damage|p2a: Hariyama|0 fnt\n|-damage|p2b: Copperajah|5\/100\n|faint|p2a: Hariyama\n|move|p1b: Gliscor|Earthquake|p2b: Copperajah|[spread] p1a,p2b\n|-resisted|p1a: Mamoswine\n|-crit|p1a: Mamoswine\n|-supereffective|p2b: Copperajah\n|-damage|p1a: Mamoswine|11\/100\n|-damage|p2b: Copperajah|0 fnt\n|faint|p2b: Copperajah\n|\n|win|Buzzpeep\n|n|\u2606Buzzpeep|buzzpeep\n|n|\u2606daniel.verdon|danielverdon\n|n|*Lady Monita \u263d|ladymonita\n","uploadtime":1697528808,"views":19,"p1id":"buzzpeep","p2id":"danielverdon","formatid":"gen9doublesou","rating":0,"private":0,"password":""}