{"id":"gen9doublesou-1974463139","p1":"Mochatose","p2":"ChimeBliss","format":"[Gen 9] Doubles OU","log":"|j|\u2606Mochatose\n|j|\u2606ChimeBliss\n|t:|1698089046\n|gametype|doubles\n|player|p1|Mochatose|caitlin|1225\n|player|p2|ChimeBliss|dawn-gen4pt|1271\n|teamsize|p1|6\n|teamsize|p2|6\n|gen|9\n|tier|[Gen 9] Doubles OU\n|rated|\n|rule|Species Clause: Limit one of each Pok\u00e9mon\n|rule|OHKO Clause: OHKO moves are banned\n|rule|Evasion Moves Clause: Evasion moves are banned\n|rule|Gravity Sleep Clause: The combination of sleep-inducing moves with imperfect accuracy and Gravity or Gigantamax Orbeetle are banned\n|rule|Endless Battle Clause: Forcing endless battles is banned\n|rule|HP Percentage Mod: HP is shown in percentages\n|clearpoke\n|poke|p1|Medicham, F|\n|poke|p1|Arbok, M|\n|poke|p1|Golem-Alola, F|\n|poke|p1|Torterra, F|\n|poke|p1|Sinistcha-Masterpiece|\n|poke|p1|Chandelure, F|\n|poke|p2|Chien-Pao|\n|poke|p2|Tornadus, M|\n|poke|p2|Dragonite, M|\n|poke|p2|Chi-Yu|\n|poke|p2|Flutter Mane|\n|poke|p2|Landorus, M|\n|teampreview\n|inactive|Battle timer is ON: inactive players will automatically lose when time's up. (requested by ChimeBliss)\n|\n|t:|1698089056\n|start\n|switch|p1a: Medicham|Medicham, F|100\/100\n|switch|p1b: Golem|Golem-Alola, F|100\/100\n|switch|p2a: Chi-Yu|Chi-Yu|100\/100\n|switch|p2b: Flutter Mane|Flutter Mane|100\/100\n|-ability|p2a: Chi-Yu|Beads of Ruin\n|turn|1\n|\n|t:|1698089069\n|-terastallize|p2a: Chi-Yu|Ghost\n|move|p1a: Medicham|Fake Out|p2a: Chi-Yu\n|-immune|p2a: Chi-Yu\n|move|p2a: Chi-Yu|Dark Pulse|p1b: Golem\n|-damage|p1b: Golem|21\/100\n|move|p2b: Flutter Mane|Dazzling Gleam|p1b: Golem|[spread] p1a,p1b\n|-supereffective|p1a: Medicham\n|-damage|p1a: Medicham|0 fnt\n|-damage|p1b: Golem|0 fnt\n|faint|p1a: Medicham\n|faint|p1b: Golem\n|\n|upkeep\n|\n|t:|1698089091\n|switch|p1a: Torterra|Torterra, F|100\/100\n|switch|p1b: Chandelure|Chandelure, F|100\/100\n|turn|2\n|\n|t:|1698089103\n|move|p2a: Chi-Yu|Dark Pulse|p1a: Torterra\n|-damage|p1a: Torterra|54\/100\n|move|p2b: Flutter Mane|Dazzling Gleam|p1a: Torterra|[spread] p1a,p1b\n|-resisted|p1b: Chandelure\n|-damage|p1a: Torterra|5\/100\n|-damage|p1b: Chandelure|65\/100\n|move|p1b: Chandelure|Shadow Ball|p2a: Chi-Yu\n|-supereffective|p2a: Chi-Yu\n|-damage|p2a: Chi-Yu|5\/100\n|cant|p1a: Torterra|flinch\n|\n|upkeep\n|turn|3\n|\n|t:|1698089119\n|move|p2a: Chi-Yu|Dark Pulse|p1b: Chandelure\n|-supereffective|p1b: Chandelure\n|-damage|p1b: Chandelure|0 fnt\n|faint|p1b: Chandelure\n|move|p2b: Flutter Mane|Dazzling Gleam|p1a: Torterra\n|-damage|p1a: Torterra|0 fnt\n|faint|p1a: Torterra\n|\n|upkeep\n|\n|t:|1698089121\n|switch|p1b: Arbok|Arbok, M|100\/100\n|switch|p1a: Sinistcha|Sinistcha-Masterpiece|100\/100\n|-ability|p1b: Arbok|Intimidate|boost\n|-unboost|p2a: Chi-Yu|atk|1\n|-unboost|p2b: Flutter Mane|atk|1\n|turn|4\n|\n|t:|1698089130\n|move|p2a: Chi-Yu|Dark Pulse|p1a: Sinistcha\n|-supereffective|p1a: Sinistcha\n|-damage|p1a: Sinistcha|2\/100\n|-enditem|p1a: Sinistcha|Aguav Berry|[eat]\n|-heal|p1a: Sinistcha|35\/100|[from] item: Aguav Berry\n|move|p2b: Flutter Mane|Dazzling Gleam|p1b: Arbok|[spread] p1a,p1b\n|-resisted|p1b: Arbok\n|-damage|p1a: Sinistcha|0 fnt\n|-damage|p1b: Arbok|66\/100\n|faint|p1a: Sinistcha\n|move|p1b: Arbok|Poison Jab|p2a: Chi-Yu\n|-resisted|p2a: Chi-Yu\n|-damage|p2a: Chi-Yu|0 fnt\n|faint|p2a: Chi-Yu\n|\n|-heal|p1b: Arbok|72\/100|[from] item: Black Sludge\n|upkeep\n|\n|t:|1698089134\n|switch|p2a: Landorus|Landorus, M|100\/100\n|turn|5\n|\n|t:|1698089150\n|-end|p2b: Flutter Mane|Protosynthesis|[silent]\n|switch|p2b: Tornadus|Tornadus, M|100\/100\n|move|p2a: Landorus|Earth Power|p1b: Arbok\n|-supereffective|p1b: Arbok\n|-damage|p1b: Arbok|0 fnt\n|faint|p1b: Arbok\n|\n|win|ChimeBliss\n|raw|Mochatose's rating: 1192 &rarr; <strong>1173<\/strong><br \/>(-19 for losing)\n|raw|ChimeBliss's rating: 1271 &rarr; <strong>1290<\/strong><br \/>(+19 for winning)\n|l|\u2606Mochatose\n","uploadtime":1698089154,"views":12,"p1id":"mochatose","p2id":"chimebliss","formatid":"gen9doublesou","rating":1173,"private":0,"password":""}