{"id":"gen9doublesou-1979306821","p1":"Semi101","p2":"aayushfs01","format":"[Gen 9] Doubles OU","log":"|j|\u203dSemi101\n|j|\u2606aayushfs01\n|t:|1698669267\n|gametype|doubles\n|player|p1|Semi101|bellelba|1053\n|player|p2|aayushfs01|101|1000\n|teamsize|p1|6\n|teamsize|p2|6\n|gen|9\n|tier|[Gen 9] Doubles OU\n|rated|\n|rule|Species Clause: Limit one of each Pok\u00e9mon\n|rule|OHKO Clause: OHKO moves are banned\n|rule|Evasion Moves Clause: Evasion moves are banned\n|rule|Gravity Sleep Clause: The combination of sleep-inducing moves with imperfect accuracy and Gravity or Gigantamax Orbeetle are banned\n|rule|Endless Battle Clause: Forcing endless battles is banned\n|rule|HP Percentage Mod: HP is shown in percentages\n|clearpoke\n|poke|p1|Glimmora, F|\n|poke|p1|Goodra-Hisui, M|\n|poke|p1|Sinistcha|\n|poke|p1|Basculegion-F, F|\n|poke|p1|Ogerpon-Hearthflame, F|\n|poke|p1|Farigiraf, M|\n|poke|p2|Torkoal, F|\n|poke|p2|Clefairy, F|\n|poke|p2|Sinistcha|\n|poke|p2|Landorus-Therian, M|\n|poke|p2|Kommo-o, F|\n|poke|p2|Milotic, F|\n|teampreview\n|inactive|Battle timer is ON: inactive players will automatically lose when time's up. (requested by Semi101)\n|\n|t:|1698669280\n|start\n|switch|p1a: Farigiraf|Farigiraf, M|100\/100\n|switch|p1b: Glimmora|Glimmora, F|100\/100\n|switch|p2a: Torkoal|Torkoal, F|100\/100\n|switch|p2b: Clefairy|Clefairy, F|100\/100\n|-item|p1b: Glimmora|Air Balloon\n|-weather|SunnyDay|[from] ability: Drought|[of] p2a: Torkoal\n|turn|1\n|\n|t:|1698669295\n|move|p1a: Farigiraf|Helping Hand|p1b: Glimmora\n|-singleturn|p1b: Glimmora|Helping Hand|[of] p1a: Farigiraf\n|move|p2b: Clefairy|Follow Me|p2b: Clefairy\n|-singleturn|p2b: Clefairy|move: Follow Me\n|move|p1b: Glimmora|Power Gem|p2b: Clefairy\n|-damage|p2b: Clefairy|46\/100\n|move|p2a: Torkoal|Eruption|p1a: Farigiraf|[spread] p1a,p1b\n|-resisted|p1b: Glimmora\n|-damage|p1a: Farigiraf|50\/100\n|-damage|p1b: Glimmora|52\/100\n|-enditem|p1b: Glimmora|Air Balloon\n|\n|-weather|SunnyDay|[upkeep]\n|-heal|p1a: Farigiraf|56\/100|[from] item: Leftovers\n|upkeep\n|turn|2\n|inactive|aayushfs01 has 120 seconds left.\n|\n|t:|1698669338\n|switch|p2b: Landorus|Landorus-Therian, M|100\/100\n|-ability|p2b: Landorus|Intimidate|boost\n|-unboost|p1a: Farigiraf|atk|1\n|-unboost|p1b: Glimmora|atk|1\n|move|p1b: Glimmora|Mortal Spin|p2a: Torkoal|[spread] p2a,p2b\n|-resisted|p2b: Landorus\n|-damage|p2a: Torkoal|97\/100\n|-damage|p2b: Landorus|99\/100\n|-status|p2a: Torkoal|psn\n|-status|p2b: Landorus|psn\n|move|p1a: Farigiraf|Thunder Wave||[still]\n|-fail|p1a: Farigiraf\n|move|p2a: Torkoal|Solar Beam||[still]\n|-prepare|p2a: Torkoal|Solar Beam\n|-anim|p2a: Torkoal|Solar Beam|p1b: Glimmora\n|-damage|p1b: Glimmora|2\/100\n|\n|-weather|SunnyDay|[upkeep]\n|-heal|p2b: Landorus|100\/100 psn|[from] item: Leftovers\n|-heal|p1a: Farigiraf|62\/100|[from] item: Leftovers\n|-damage|p2b: Landorus|88\/100 psn|[from] psn\n|-damage|p2a: Torkoal|85\/100 psn|[from] psn\n|upkeep\n|turn|3\n|inactive|aayushfs01 has 120 seconds left.\n|\n|t:|1698669362\n|switch|p1b: Sinistcha|Sinistcha|100\/100\n|-heal|p1a: Farigiraf|87\/100|[from] ability: Hospitality|[of] p1b: Sinistcha\n|move|p2a: Torkoal|Protect|p2a: Torkoal\n|-singleturn|p2a: Torkoal|Protect\n|move|p2b: Landorus|U-turn|p1b: Sinistcha\n|-damage|p1b: Sinistcha|85\/100\n|\n|t:|1698669373\n|switch|p2b: Clefairy|Clefairy, F|46\/100|[from] U-turn\n|move|p1a: Farigiraf|Psychic|p2a: Torkoal\n|-activate|p2a: Torkoal|move: Protect\n|\n|-weather|SunnyDay|[upkeep]\n|-heal|p1b: Sinistcha|91\/100|[from] item: Leftovers\n|-heal|p1a: Farigiraf|93\/100|[from] item: Leftovers\n|-damage|p2a: Torkoal|72\/100 psn|[from] psn\n|upkeep\n|turn|4\n|inactive|aayushfs01 has 120 seconds left.\n|\n|t:|1698669397\n|move|p1b: Sinistcha|Scald|p2a: Torkoal\n|-supereffective|p2a: Torkoal\n|-damage|p2a: Torkoal|53\/100 psn\n|move|p1a: Farigiraf|Psychic|p2a: Torkoal\n|-damage|p2a: Torkoal|24\/100 psn\n|-enditem|p2a: Torkoal|Sitrus Berry|[eat]\n|-heal|p2a: Torkoal|49\/100 psn|[from] item: Sitrus Berry\n|move|p2b: Clefairy|Heal Pulse|p2a: Torkoal\n|-heal|p2a: Torkoal|99\/100 psn\n|move|p2a: Torkoal|Heat Wave|p1a: Farigiraf|[spread] p1b\n|-miss|p2a: Torkoal|p1a: Farigiraf\n|-supereffective|p1b: Sinistcha\n|-damage|p1b: Sinistcha|0 fnt\n|faint|p1b: Sinistcha\n|\n|-weather|SunnyDay|[upkeep]\n|-heal|p1a: Farigiraf|99\/100|[from] item: Leftovers\n|-damage|p2a: Torkoal|87\/100 psn|[from] psn\n|upkeep\n|\n|t:|1698669421\n|switch|p1b: Basculegion|Basculegion-F, F|100\/100\n|turn|5\n|\n|t:|1698669436\n|move|p1a: Farigiraf|Helping Hand|p1b: Basculegion\n|-singleturn|p1b: Basculegion|Helping Hand|[of] p1a: Farigiraf\n|move|p2b: Clefairy|Follow Me|p2b: Clefairy\n|-singleturn|p2b: Clefairy|move: Follow Me\n|move|p1b: Basculegion|Surf|p2a: Torkoal|[spread] p1a,p2a,p2b\n|-supereffective|p2a: Torkoal\n|-damage|p1a: Farigiraf|80\/100\n|-damage|p2a: Torkoal|31\/100 psn\n|-damage|p2b: Clefairy|22\/100\n|move|p2a: Torkoal|Solar Beam||[still]\n|-prepare|p2a: Torkoal|Solar Beam\n|-anim|p2a: Torkoal|Solar Beam|p1b: Basculegion\n|-supereffective|p1b: Basculegion\n|-damage|p1b: Basculegion|23\/100\n|\n|-weather|none\n|-heal|p1a: Farigiraf|86\/100|[from] item: Leftovers\n|-damage|p2a: Torkoal|19\/100 psn|[from] psn\n|upkeep\n|turn|6\n|\n|t:|1698669461\n|switch|p1a: Goodra|Goodra-Hisui, M|100\/100\n|switch|p2a: Sinistcha|Sinistcha|100\/100\n|-heal|p2b: Clefairy|47\/100|[from] ability: Hospitality|[of] p2a: Sinistcha\n|move|p1b: Basculegion|Surf|p2a: Sinistcha|[spread] p1a,p2a,p2b\n|-resisted|p1a: Goodra\n|-resisted|p2a: Sinistcha\n|-damage|p1a: Goodra|90\/100\n|-damage|p2a: Sinistcha|86\/100\n|-damage|p2b: Clefairy|13\/100\n|move|p2b: Clefairy|Dazzling Gleam|p1b: Basculegion|[spread] p1a,p1b\n|-damage|p1a: Goodra|83\/100\n|-damage|p1b: Basculegion|7\/100\n|\n|-heal|p1a: Goodra|89\/100|[from] item: Leftovers\n|upkeep\n|turn|7\n|\n|t:|1698669481\n|move|p1b: Basculegion|Surf|p2a: Sinistcha|[spread] p1a,p2a,p2b\n|-resisted|p1a: Goodra\n|-resisted|p2a: Sinistcha\n|-damage|p1a: Goodra|80\/100\n|-damage|p2a: Sinistcha|72\/100\n|-damage|p2b: Clefairy|0 fnt\n|faint|p2b: Clefairy\n|move|p2a: Sinistcha|Strength Sap|p1a: Goodra\n|-unboost|p1a: Goodra|atk|1\n|-heal|p2a: Sinistcha|100\/100\n|move|p1a: Goodra|Life Dew|p1a: Goodra|[spread] p1a,p1b\n|-heal|p1a: Goodra|100\/100\n|-heal|p1b: Basculegion|32\/100\n|\n|upkeep\n|\n|t:|1698669497\n|switch|p2b: Torkoal|Torkoal, F|19\/100 psn\n|-weather|SunnyDay|[from] ability: Drought|[of] p2b: Torkoal\n|turn|8\n|\n|t:|1698669501\n|move|p2a: Sinistcha|Rage Powder|p2a: Sinistcha\n|-singleturn|p2a: Sinistcha|move: Rage Powder\n|move|p1b: Basculegion|Surf|p2b: Torkoal|[spread] p1a,p2a,p2b\n|-resisted|p1a: Goodra\n|-resisted|p2a: Sinistcha\n|-supereffective|p2b: Torkoal\n|-damage|p1a: Goodra|96\/100\n|-damage|p2a: Sinistcha|91\/100\n|-damage|p2b: Torkoal|0 fnt\n|faint|p2b: Torkoal\n|move|p1a: Goodra|Life Dew|p1a: Goodra|[spread] p1a,p1b\n|-heal|p1a: Goodra|100\/100\n|-heal|p1b: Basculegion|57\/100\n|\n|-weather|SunnyDay|[upkeep]\n|upkeep\n|\n|t:|1698669514\n|switch|p2b: Landorus|Landorus-Therian, M|88\/100 psn\n|-ability|p2b: Landorus|Intimidate|boost\n|-unboost|p1a: Goodra|atk|1\n|-unboost|p1b: Basculegion|atk|1\n|turn|9\n|\n|t:|1698669526\n|switch|p1b: Glimmora|Glimmora, F|2\/100\n|move|p2b: Landorus|Stealth Rock|p1a: Goodra\n|-sidestart|p1: Semi101|move: Stealth Rock\n|move|p2a: Sinistcha|Matcha Gotcha|p1b: Glimmora|[spread] p1a,p1b\n|-resisted|p1a: Goodra\n|-crit|p1b: Glimmora\n|-damage|p1a: Goodra|98\/100\n|-heal|p2a: Sinistcha|93\/100|[from] drain|[of] p1a: Goodra\n|-damage|p1b: Glimmora|0 fnt\n|-heal|p2a: Sinistcha|94\/100|[from] drain|[of] p1b: Glimmora\n|faint|p1b: Glimmora\n|move|p1a: Goodra|Life Dew|p1a: Goodra\n|-heal|p1a: Goodra|100\/100\n|\n|-weather|SunnyDay|[upkeep]\n|-heal|p2b: Landorus|94\/100 psn|[from] item: Leftovers\n|-damage|p2b: Landorus|82\/100 psn|[from] psn\n|upkeep\n|\n|t:|1698669545\n|switch|p1b: Farigiraf|Farigiraf, M|86\/100\n|-damage|p1b: Farigiraf|74\/100|[from] Stealth Rock\n|turn|10\n|\n|t:|1698669564\n|move|p1b: Farigiraf|Helping Hand|p1a: Goodra\n|-singleturn|p1a: Goodra|Helping Hand|[of] p1b: Farigiraf\n|move|p2a: Sinistcha|Protect|p2a: Sinistcha\n|-singleturn|p2a: Sinistcha|Protect\n|move|p2b: Landorus|Earthquake|p1a: Goodra|[spread] p1a,p1b\n|-activate|p2a: Sinistcha|move: Protect\n|-supereffective|p1a: Goodra\n|-damage|p1a: Goodra|31\/100\n|-damage|p1b: Farigiraf|35\/100\n|move|p1a: Goodra|Dragon Pulse|p2b: Landorus\n|-damage|p2b: Landorus|37\/100 psn\n|\n|-weather|SunnyDay|[upkeep]\n|-heal|p2b: Landorus|43\/100 psn|[from] item: Leftovers\n|-heal|p1a: Goodra|37\/100|[from] item: Leftovers\n|-heal|p1b: Farigiraf|41\/100|[from] item: Leftovers\n|-damage|p2b: Landorus|31\/100 psn|[from] psn\n|upkeep\n|turn|11\n|\n|t:|1698669583\n|switch|p2a: Milotic|Milotic, F|100\/100\n|move|p1b: Farigiraf|Protect|p1b: Farigiraf\n|-singleturn|p1b: Farigiraf|Protect\n|move|p2b: Landorus|U-turn|p1b: Farigiraf\n|-activate|p1b: Farigiraf|move: Protect\n|move|p1a: Goodra|Life Dew|p1a: Goodra|[spread] p1a,p1b\n|-heal|p1a: Goodra|62\/100\n|-heal|p1b: Farigiraf|66\/100\n|\n|-weather|SunnyDay|[upkeep]\n|-heal|p2b: Landorus|37\/100 psn|[from] item: Leftovers\n|-heal|p1b: Farigiraf|72\/100|[from] item: Leftovers\n|-heal|p1a: Goodra|68\/100|[from] item: Leftovers\n|-damage|p2b: Landorus|25\/100 psn|[from] psn\n|upkeep\n|turn|12\n|\n|t:|1698669605\n|move|p2a: Milotic|Protect|p2a: Milotic\n|-singleturn|p2a: Milotic|Protect\n|move|p2b: Landorus|Earthquake|p1a: Goodra|[spread] p1a,p1b\n|-activate|p2a: Milotic|move: Protect\n|-supereffective|p1a: Goodra\n|-damage|p1a: Goodra|2\/100\n|-damage|p1b: Farigiraf|36\/100\n|move|p1a: Goodra|Life Dew|p1a: Goodra|[spread] p1a,p1b\n|-heal|p1a: Goodra|27\/100\n|-heal|p1b: Farigiraf|61\/100\n|move|p1b: Farigiraf|Psychic|p2b: Landorus\n|-damage|p2b: Landorus|0 fnt\n|faint|p2b: Landorus\n|\n|-weather|none\n|-heal|p1a: Goodra|33\/100|[from] item: Leftovers\n|-heal|p1b: Farigiraf|67\/100|[from] item: Leftovers\n|upkeep\n|inactive|aayushfs01 has 120 seconds left.\n|\n|t:|1698669627\n|switch|p2b: Sinistcha|Sinistcha|94\/100\n|turn|13\n|\n|t:|1698669643\n|move|p2b: Sinistcha|Protect|p2b: Sinistcha\n|-singleturn|p2b: Sinistcha|Protect\n|move|p2a: Milotic|Ice Beam|p1a: Goodra\n|-damage|p1a: Goodra|19\/100\n|move|p1b: Farigiraf|Thunder Wave|p2b: Sinistcha\n|-activate|p2b: Sinistcha|move: Protect\n|move|p1a: Goodra|Life Dew|p1a: Goodra|[spread] p1a,p1b\n|-heal|p1a: Goodra|44\/100\n|-heal|p1b: Farigiraf|92\/100\n|\n|-heal|p1b: Farigiraf|98\/100|[from] item: Leftovers\n|-heal|p1a: Goodra|50\/100|[from] item: Leftovers\n|upkeep\n|turn|14\n|\n|t:|1698669671\n|move|p2b: Sinistcha|Rage Powder|p2b: Sinistcha\n|-singleturn|p2b: Sinistcha|move: Rage Powder\n|move|p2a: Milotic|Rain Dance|p2a: Milotic\n|-weather|RainDance\n|move|p1a: Goodra|Life Dew|p1a: Goodra|[spread] p1a,p1b\n|-heal|p1a: Goodra|75\/100\n|-heal|p1b: Farigiraf|100\/100\n|move|p1b: Farigiraf|Thunder Wave|p2b: Sinistcha\n|-status|p2b: Sinistcha|par\n|\n|-weather|RainDance|[upkeep]\n|-heal|p1a: Goodra|81\/100|[from] item: Leftovers\n|upkeep\n|turn|15\n|\n|t:|1698669686\n|move|p2b: Sinistcha|Protect|p2b: Sinistcha\n|-singleturn|p2b: Sinistcha|Protect\n|move|p2a: Milotic|Surf|p1a: Goodra|[spread] p1a,p1b\n|-activate|p2b: Sinistcha|move: Protect\n|-resisted|p1a: Goodra\n|-damage|p1a: Goodra|70\/100\n|-damage|p1b: Farigiraf|69\/100\n|move|p1a: Goodra|Dragon Pulse|p2a: Milotic\n|-damage|p2a: Milotic|74\/100\n|move|p1b: Farigiraf|Thunder Wave|p2a: Milotic\n|-status|p2a: Milotic|par\n|\n|-weather|RainDance|[upkeep]\n|-heal|p1a: Goodra|76\/100|[from] item: Leftovers\n|-heal|p1b: Farigiraf|75\/100|[from] item: Leftovers\n|upkeep\n|turn|16\n|\n|t:|1698669709\n|switch|p1b: Basculegion|Basculegion-F, F|57\/100\n|-damage|p1b: Basculegion|45\/100|[from] Stealth Rock\n|move|p1a: Goodra|Life Dew|p1a: Goodra|[spread] p1a,p1b\n|-heal|p1a: Goodra|100\/100\n|-heal|p1b: Basculegion|70\/100\n|move|p2a: Milotic|Surf|p1b: Basculegion|[spread] p2b,p1a,p1b\n|-resisted|p2b: Sinistcha\n|-resisted|p1a: Goodra\n|-resisted|p1b: Basculegion\n|-damage|p2b: Sinistcha|72\/100 par\n|-damage|p1a: Goodra|89\/100\n|-damage|p1b: Basculegion|45\/100\n|move|p2b: Sinistcha|Matcha Gotcha|p1b: Basculegion|[spread] p1a,p1b\n|-resisted|p1a: Goodra\n|-supereffective|p1b: Basculegion\n|-damage|p1a: Goodra|86\/100\n|-heal|p2b: Sinistcha|73\/100 par|[from] drain|[of] p1a: Goodra\n|-damage|p1b: Basculegion|0 fnt\n|-heal|p2b: Sinistcha|100\/100 par|[from] drain|[of] p1b: Basculegion\n|-status|p1a: Goodra|brn\n|faint|p1b: Basculegion\n|\n|-weather|RainDance|[upkeep]\n|-heal|p1a: Goodra|92\/100 brn|[from] item: Leftovers\n|-damage|p1a: Goodra|86\/100 brn|[from] brn\n|upkeep\n|\n|t:|1698669716\n|switch|p1b: Farigiraf|Farigiraf, M|75\/100\n|-damage|p1b: Farigiraf|62\/100|[from] Stealth Rock\n|turn|17\n|\n|t:|1698669739\n|-terastallize|p1a: Goodra|Steel\n|move|p1b: Farigiraf|Helping Hand|p1a: Goodra\n|-singleturn|p1a: Goodra|Helping Hand|[of] p1b: Farigiraf\n|move|p2b: Sinistcha|Protect|p2b: Sinistcha\n|-singleturn|p2b: Sinistcha|Protect\n|move|p1a: Goodra|Flash Cannon|p2b: Sinistcha\n|-activate|p2b: Sinistcha|move: Protect\n|move|p2a: Milotic|Surf|p1a: Goodra|[spread] p1a,p1b\n|-activate|p2b: Sinistcha|move: Protect\n|-damage|p1a: Goodra|65\/100 brn\n|-damage|p1b: Farigiraf|33\/100\n|\n|-weather|RainDance|[upkeep]\n|-heal|p1b: Farigiraf|39\/100|[from] item: Leftovers\n|-heal|p1a: Goodra|71\/100 brn|[from] item: Leftovers\n|-damage|p1a: Goodra|65\/100 brn|[from] brn\n|upkeep\n|turn|18\n|\n|t:|1698669767\n|move|p1a: Goodra|Life Dew|p1a: Goodra|[spread] p1a,p1b\n|-heal|p1a: Goodra|90\/100 brn\n|-heal|p1b: Farigiraf|64\/100\n|move|p1b: Farigiraf|Psychic|p2a: Milotic\n|-damage|p2a: Milotic|48\/100 par\n|move|p2a: Milotic|Surf|p1a: Goodra|[spread] p2b,p1a,p1b\n|-resisted|p2b: Sinistcha\n|-damage|p2b: Sinistcha|80\/100 par\n|-damage|p1a: Goodra|67\/100 brn\n|-damage|p1b: Farigiraf|34\/100\n|cant|p2b: Sinistcha|par\n|\n|-weather|none\n|-heal|p1a: Goodra|73\/100 brn|[from] item: Leftovers\n|-heal|p1b: Farigiraf|40\/100|[from] item: Leftovers\n|-damage|p1a: Goodra|67\/100 brn|[from] brn\n|upkeep\n|turn|19\n|\n|t:|1698669786\n|move|p1b: Farigiraf|Helping Hand|p1a: Goodra\n|-singleturn|p1a: Goodra|Helping Hand|[of] p1b: Farigiraf\n|move|p2b: Sinistcha|Protect|p2b: Sinistcha\n|-singleturn|p2b: Sinistcha|Protect\n|move|p1a: Goodra|Flash Cannon|p2b: Sinistcha\n|-activate|p2b: Sinistcha|move: Protect\n|cant|p2a: Milotic|par\n|\n|-heal|p1a: Goodra|73\/100 brn|[from] item: Leftovers\n|-heal|p1b: Farigiraf|46\/100|[from] item: Leftovers\n|-damage|p1a: Goodra|67\/100 brn|[from] brn\n|upkeep\n|turn|20\n|\n|t:|1698669804\n|move|p1b: Farigiraf|Helping Hand|p1a: Goodra\n|-singleturn|p1a: Goodra|Helping Hand|[of] p1b: Farigiraf\n|move|p1a: Goodra|Flash Cannon|p2b: Sinistcha\n|-damage|p2b: Sinistcha|18\/100 par\n|move|p2a: Milotic|Surf|p1a: Goodra|[spread] p2b,p1a,p1b\n|-resisted|p2b: Sinistcha\n|-damage|p2b: Sinistcha|4\/100 par\n|-damage|p1a: Goodra|52\/100 brn\n|-damage|p1b: Farigiraf|27\/100\n|move|p2b: Sinistcha|Matcha Gotcha|p1a: Goodra|[spread] p1a,p1b\n|-resisted|p1a: Goodra\n|-damage|p1a: Goodra|47\/100 brn\n|-heal|p2b: Sinistcha|8\/100 par|[from] drain|[of] p1a: Goodra\n|-damage|p1b: Farigiraf|11\/100\n|-heal|p2b: Sinistcha|20\/100 par|[from] drain|[of] p1b: Farigiraf\n|\n|-heal|p1b: Farigiraf|17\/100|[from] item: Leftovers\n|-heal|p1a: Goodra|53\/100 brn|[from] item: Leftovers\n|-damage|p1a: Goodra|47\/100 brn|[from] brn\n|upkeep\n|turn|21\n|inactive|aayushfs01 has 120 seconds left.\n|\n|t:|1698669852\n|move|p1b: Farigiraf|Protect|p1b: Farigiraf\n|-singleturn|p1b: Farigiraf|Protect\n|move|p2b: Sinistcha|Protect|p2b: Sinistcha\n|-singleturn|p2b: Sinistcha|Protect\n|move|p1a: Goodra|Life Dew|p1a: Goodra|[spread] p1a,p1b\n|-heal|p1a: Goodra|72\/100 brn\n|-heal|p1b: Farigiraf|42\/100\n|cant|p2a: Milotic|par\n|\n|-heal|p1b: Farigiraf|48\/100|[from] item: Leftovers\n|-heal|p1a: Goodra|78\/100 brn|[from] item: Leftovers\n|-damage|p1a: Goodra|72\/100 brn|[from] brn\n|upkeep\n|turn|22\n|inactive|aayushfs01 has 120 seconds left.\n|\n|t:|1698669872\n|switch|p2b: Kommo-o|Kommo-o, F|100\/100\n|move|p1b: Farigiraf|Helping Hand|p1a: Goodra\n|-singleturn|p1a: Goodra|Helping Hand|[of] p1b: Farigiraf\n|move|p1a: Goodra|Flash Cannon|p2b: Kommo-o\n|-damage|p2b: Kommo-o|33\/100\n|-unboost|p2b: Kommo-o|spd|1\n|move|p2a: Milotic|Rain Dance|p2a: Milotic\n|-weather|RainDance\n|\n|-weather|RainDance|[upkeep]\n|-heal|p1a: Goodra|78\/100 brn|[from] item: Leftovers\n|-heal|p1b: Farigiraf|54\/100|[from] item: Leftovers\n|-damage|p1a: Goodra|72\/100 brn|[from] brn\n|upkeep\n|turn|23\n|inactive|aayushfs01 has 120 seconds left.\n|\n|t:|1698669897\n|switch|p2a: Sinistcha|Sinistcha|20\/100 par\n|-heal|p2b: Kommo-o|58\/100|[from] ability: Hospitality|[of] p2a: Sinistcha\n|-terastallize|p2b: Kommo-o|Steel\n|move|p1a: Goodra|Protect|p1a: Goodra\n|-singleturn|p1a: Goodra|Protect\n|move|p2b: Kommo-o|Clangorous Soul|p2b: Kommo-o\n|-boost|p2b: Kommo-o|atk|1\n|-boost|p2b: Kommo-o|def|1\n|-boost|p2b: Kommo-o|spa|1\n|-boost|p2b: Kommo-o|spd|1\n|-boost|p2b: Kommo-o|spe|1\n|-damage|p2b: Kommo-o|25\/100\n|-enditem|p2b: Kommo-o|Throat Spray\n|-boost|p2b: Kommo-o|spa|1|[from] item: Throat Spray\n|move|p1b: Farigiraf|Psychic|p2b: Kommo-o\n|-resisted|p2b: Kommo-o\n|-damage|p2b: Kommo-o|7\/100\n|\n|-weather|RainDance|[upkeep]\n|-heal|p1b: Farigiraf|60\/100|[from] item: Leftovers\n|-heal|p1a: Goodra|78\/100 brn|[from] item: Leftovers\n|-damage|p1a: Goodra|72\/100 brn|[from] brn\n|upkeep\n|turn|24\n|inactive|aayushfs01 has 120 seconds left.\n|\n|t:|1698669926\n|switch|p2a: Milotic|Milotic, F|48\/100 par\n|move|p2b: Kommo-o|Clanging Scales|p1a: Goodra|[spread] p1a,p1b\n|-resisted|p1a: Goodra\n|-damage|p1a: Goodra|50\/100 brn\n|-damage|p1b: Farigiraf|5\/100\n|-unboost|p2b: Kommo-o|def|1\n|move|p1b: Farigiraf|Psychic|p2b: Kommo-o\n|-resisted|p2b: Kommo-o\n|-damage|p2b: Kommo-o|0 fnt\n|faint|p2b: Kommo-o\n|move|p1a: Goodra|Dragon Pulse|p2a: Milotic\n|-damage|p2a: Milotic|21\/100 par\n|\n|-weather|RainDance|[upkeep]\n|-heal|p1b: Farigiraf|11\/100|[from] item: Leftovers\n|-heal|p1a: Goodra|57\/100 brn|[from] item: Leftovers\n|-damage|p1a: Goodra|50\/100 brn|[from] brn\n|upkeep\n|inactive|aayushfs01 has 120 seconds left.\n|\n|t:|1698669939\n|switch|p2b: Sinistcha|Sinistcha|20\/100 par\n|-heal|p2a: Milotic|46\/100 par|[from] ability: Hospitality|[of] p2b: Sinistcha\n|turn|25\n|\n|t:|1698669952\n|move|p1b: Farigiraf|Protect|p1b: Farigiraf\n|-singleturn|p1b: Farigiraf|Protect\n|move|p1a: Goodra|Life Dew|p1a: Goodra|[spread] p1a,p1b\n|-heal|p1a: Goodra|75\/100 brn\n|-heal|p1b: Farigiraf|36\/100\n|move|p2a: Milotic|Surf|p1a: Goodra|[spread] p2b,p1a\n|-activate|p1b: Farigiraf|move: Protect\n|-resisted|p2b: Sinistcha\n|-damage|p2b: Sinistcha|0 fnt\n|-damage|p1a: Goodra|52\/100 brn\n|faint|p2b: Sinistcha\n|\n|-weather|RainDance|[upkeep]\n|-heal|p1a: Goodra|58\/100 brn|[from] item: Leftovers\n|-heal|p1b: Farigiraf|42\/100|[from] item: Leftovers\n|-damage|p1a: Goodra|52\/100 brn|[from] brn\n|upkeep\n|turn|26\n|-message|aayushfs01 forfeited.\n|\n|win|Semi101\n|raw|Semi101's rating: 1053 &rarr; <strong>1080<\/strong><br \/>(+27 for winning)\n|raw|aayushfs01's rating: 1000 &rarr; <strong>1000<\/strong><br \/>(+0 for losing)\n|l|\u2606aayushfs01\n","uploadtime":1698669971,"views":26,"p1id":"semi101","p2id":"aayushfs01","formatid":"gen9doublesou","rating":1000,"private":0,"password":""}