{"id":"gen9doublesou-1985797702","p1":"smexydevvi","p2":"f2fnegcqc","format":"[Gen 9] Doubles OU","log":"|j|\u2606smexydevvi\n|j|\u2606f2fnegcqc\n|t:|1699407230\n|gametype|doubles\n|player|p1|smexydevvi|cynthia-gen4|1129\n|player|p2|f2fnegcqc|lance|1264\n|teamsize|p1|6\n|teamsize|p2|6\n|gen|9\n|tier|[Gen 9] Doubles OU\n|rated|\n|rule|Species Clause: Limit one of each Pok\u00e9mon\n|rule|OHKO Clause: OHKO moves are banned\n|rule|Evasion Moves Clause: Evasion moves are banned\n|rule|Gravity Sleep Clause: The combination of sleep-inducing moves with imperfect accuracy and Gravity or Gigantamax Orbeetle are banned\n|rule|Endless Battle Clause: Forcing endless battles is banned\n|rule|HP Percentage Mod: HP is shown in percentages\n|clearpoke\n|poke|p1|Arboliva, M|\n|poke|p1|Torkoal, M|\n|poke|p1|Vaporeon, M|\n|poke|p1|Overqwil, F|\n|poke|p1|Hatterene, F|\n|poke|p1|Scream Tail|\n|poke|p2|Tornadus, M|\n|poke|p2|Ogerpon-Hearthflame, F|\n|poke|p2|Iron Hands|\n|poke|p2|Sinistcha|\n|poke|p2|Ursaluna, F|\n|poke|p2|Flutter Mane|\n|teampreview\n|inactive|Battle timer is ON: inactive players will automatically lose when time's up. (requested by f2fnegcqc)\n|\n|t:|1699407237\n|start\n|switch|p1a: Overqwil|Overqwil, F|100\/100\n|switch|p1b: Scream Tail|Scream Tail|100\/100\n|switch|p2a: Tornadus|Tornadus, M|100\/100\n|switch|p2b: Ogerpon|Ogerpon-Hearthflame, F|100\/100\n|-ability|p2b: Ogerpon|Mold Breaker\n|-ability|p1a: Overqwil|Intimidate|boost\n|-unboost|p2a: Tornadus|atk|1\n|-unboost|p2b: Ogerpon|atk|1\n|turn|1\n|\n|t:|1699407255\n|move|p2a: Tornadus|Taunt|p1b: Scream Tail\n|-start|p1b: Scream Tail|move: Taunt\n|cant|p1b: Scream Tail|move: Taunt|Thunder Wave\n|move|p2b: Ogerpon|Swords Dance|p2b: Ogerpon\n|-boost|p2b: Ogerpon|atk|2\n|move|p1a: Overqwil|Toxic|p2b: Ogerpon\n|-status|p2b: Ogerpon|tox\n|\n|-damage|p2b: Ogerpon|95\/100 tox|[from] psn\n|upkeep\n|turn|2\n|\n|t:|1699407282\n|-end|p1b: Scream Tail|Protosynthesis|[silent]\n|switch|p1b: Vaporeon|Vaporeon, M|100\/100\n|move|p2a: Tornadus|Taunt|p1a: Overqwil\n|-hint|Since gen 7, Dark is immune to Prankster moves.\n|-immune|p1a: Overqwil\n|move|p2b: Ogerpon|Ivy Cudgel|p1b: Vaporeon\n|-resisted|p1b: Vaporeon\n|-damage|p1b: Vaporeon|54\/100\n|move|p1a: Overqwil|Barb Barrage|p2b: Ogerpon\n|-supereffective|p2b: Ogerpon\n|-damage|p2b: Ogerpon|0 fnt\n|faint|p2b: Ogerpon\n|\n|-heal|p1b: Vaporeon|60\/100|[from] item: Leftovers\n|upkeep\n|inactive|f2fnegcqc has 120 seconds left.\n|\n|t:|1699407296\n|switch|p2b: Iron Hands|Iron Hands|100\/100\n|turn|3\n|\n|t:|1699407314\n|switch|p1b: Hatterene|Hatterene, F|100\/100\n|move|p2b: Iron Hands|Fake Out|p1a: Overqwil\n|-damage|p1a: Overqwil|82\/100\n|move|p2a: Tornadus|Taunt|p1b: Hatterene\n|move|p1b: Hatterene|Taunt|p2a: Tornadus|[from]ability: Magic Bounce\n|-start|p2a: Tornadus|move: Taunt\n|-enditem|p2a: Tornadus|Mental Herb\n|-end|p2a: Tornadus|move: Taunt\n|cant|p1a: Overqwil|flinch\n|\n|-heal|p1a: Overqwil|88\/100|[from] item: Leftovers\n|upkeep\n|turn|4\n|inactive|smexydevvi has 120 seconds left.\n|\n|t:|1699407346\n|move|p2a: Tornadus|Tailwind|p2a: Tornadus\n|-sidestart|p2: f2fnegcqc|move: Tailwind\n|move|p1a: Overqwil|Taunt|p2a: Tornadus\n|-start|p2a: Tornadus|move: Taunt\n|move|p2b: Iron Hands|Drain Punch|p1a: Overqwil\n|-damage|p1a: Overqwil|40\/100\n|move|p1b: Hatterene|Psychic|p2b: Iron Hands\n|-supereffective|p2b: Iron Hands\n|-damage|p2b: Iron Hands|42\/100\n|\n|-heal|p1a: Overqwil|46\/100|[from] item: Leftovers\n|upkeep\n|turn|5\n|\n|t:|1699407370\n|switch|p1a: Scream Tail|Scream Tail|100\/100\n|-end|p2b: Iron Hands|Quark Drive|[silent]\n|switch|p2b: Ursaluna|Ursaluna, F|100\/100\n|move|p2a: Tornadus|Bleakwind Storm|p1a: Scream Tail|[spread] p1a\n|-miss|p2a: Tornadus|p1b: Hatterene\n|-damage|p1a: Scream Tail|78\/100\n|move|p1b: Hatterene|Psychic|p2b: Ursaluna\n|-damage|p2b: Ursaluna|56\/100\n|\n|-heal|p1a: Scream Tail|84\/100|[from] item: Leftovers\n|-status|p2b: Ursaluna|brn|[from] item: Flame Orb\n|upkeep\n|turn|6\n|\n|t:|1699407392\n|switch|p2a: Sinistcha|Sinistcha|100\/100\n|-heal|p2b: Ursaluna|81\/100 brn|[from] ability: Hospitality|[of] p2a: Sinistcha\n|-end|p1a: Scream Tail|Protosynthesis|[silent]\n|switch|p1a: Overqwil|Overqwil, F|46\/100\n|-ability|p1a: Overqwil|Intimidate|boost\n|-unboost|p2a: Sinistcha|atk|1\n|-unboost|p2b: Ursaluna|atk|1\n|move|p2b: Ursaluna|Facade|p1a: Overqwil\n|-damage|p1a: Overqwil|0 fnt\n|faint|p1a: Overqwil\n|move|p1b: Hatterene|Giga Drain|p2b: Ursaluna\n|-supereffective|p2b: Ursaluna\n|-damage|p2b: Ursaluna|33\/100 brn\n|\n|-damage|p2b: Ursaluna|27\/100 brn|[from] brn\n|upkeep\n|\n|t:|1699407411\n|switch|p1a: Vaporeon|Vaporeon, M|60\/100\n|turn|7\n|\n|t:|1699407421\n|move|p2a: Sinistcha|Rage Powder|p2a: Sinistcha\n|-singleturn|p2a: Sinistcha|move: Rage Powder\n|move|p2b: Ursaluna|Facade|p1b: Hatterene\n|-damage|p1b: Hatterene|14\/100\n|move|p1a: Vaporeon|Calm Mind|p1a: Vaporeon\n|-boost|p1a: Vaporeon|spa|1\n|-boost|p1a: Vaporeon|spd|1\n|move|p1b: Hatterene|Giga Drain|p2a: Sinistcha\n|-resisted|p2a: Sinistcha\n|-damage|p2a: Sinistcha|89\/100\n|-heal|p1b: Hatterene|21\/100|[from] drain|[of] p2a: Sinistcha\n|\n|-heal|p2a: Sinistcha|95\/100|[from] item: Leftovers\n|-heal|p1a: Vaporeon|66\/100|[from] item: Leftovers\n|-damage|p2b: Ursaluna|21\/100 brn|[from] brn\n|-sideend|p2: f2fnegcqc|move: Tailwind\n|upkeep\n|turn|8\n|\n|t:|1699407440\n|move|p2b: Ursaluna|Protect|p2b: Ursaluna\n|-singleturn|p2b: Ursaluna|Protect\n|move|p1a: Vaporeon|Muddy Water|p2a: Sinistcha|[spread] p2a\n|-activate|p2b: Ursaluna|move: Protect\n|-resisted|p2a: Sinistcha\n|-damage|p2a: Sinistcha|73\/100\n|-unboost|p2a: Sinistcha|accuracy|1\n|move|p1b: Hatterene|Giga Drain|p2b: Ursaluna\n|-activate|p2b: Ursaluna|move: Protect\n|move|p2a: Sinistcha|Trick Room|p2a: Sinistcha\n|-fieldstart|move: Trick Room|[of] p2a: Sinistcha\n|\n|-heal|p2a: Sinistcha|79\/100|[from] item: Leftovers\n|-heal|p1a: Vaporeon|72\/100|[from] item: Leftovers\n|-damage|p2b: Ursaluna|15\/100 brn|[from] brn\n|upkeep\n|turn|9\n|\n|t:|1699407470\n|move|p2a: Sinistcha|Rage Powder|p2a: Sinistcha\n|-singleturn|p2a: Sinistcha|move: Rage Powder\n|move|p1b: Hatterene|Giga Drain|p2a: Sinistcha\n|-resisted|p2a: Sinistcha\n|-damage|p2a: Sinistcha|68\/100\n|-heal|p1b: Hatterene|28\/100|[from] drain|[of] p2a: Sinistcha\n|move|p2b: Ursaluna|Facade|p1a: Vaporeon\n|-damage|p1a: Vaporeon|0 fnt\n|faint|p1a: Vaporeon\n|\n|-heal|p2a: Sinistcha|74\/100|[from] item: Leftovers\n|-damage|p2b: Ursaluna|8\/100 brn|[from] brn\n|upkeep\n|inactive|smexydevvi has 120 seconds left.\n|\n|t:|1699407484\n|switch|p1a: Torkoal|Torkoal, M|100\/100\n|-weather|SunnyDay|[from] ability: Drought|[of] p1a: Torkoal\n|turn|10\n|inactive|f2fnegcqc has 120 seconds left.\n|\n|t:|1699407516\n|switch|p2b: Flutter Mane|Flutter Mane|100\/100\n|-activate|p2b: Flutter Mane|ability: Protosynthesis\n|-start|p2b: Flutter Mane|protosynthesisspa\n|switch|p2a: Iron Hands|Iron Hands|42\/100\n|move|p1a: Torkoal|Iron Defense|p1a: Torkoal\n|-boost|p1a: Torkoal|def|2\n|move|p1b: Hatterene|Mystical Fire|p2b: Flutter Mane\n|-damage|p2b: Flutter Mane|56\/100\n|-unboost|p2b: Flutter Mane|spa|1\n|\n|-weather|SunnyDay|[upkeep]\n|upkeep\n|turn|11\n|\n|t:|1699407537\n|move|p2a: Iron Hands|Fake Out|p1a: Torkoal\n|-damage|p1a: Torkoal|94\/100\n|cant|p1a: Torkoal|flinch\n|move|p1b: Hatterene|Mystical Fire|p2b: Flutter Mane\n|-damage|p2b: Flutter Mane|15\/100\n|-unboost|p2b: Flutter Mane|spa|1\n|move|p2b: Flutter Mane|Shadow Ball|p1a: Torkoal\n|-damage|p1a: Torkoal|65\/100\n|\n|-weather|SunnyDay|[upkeep]\n|upkeep\n|turn|12\n|\n|t:|1699407553\n|-end|p2a: Iron Hands|Quark Drive|[silent]\n|switch|p2a: Sinistcha|Sinistcha|74\/100\n|-heal|p2b: Flutter Mane|40\/100|[from] ability: Hospitality|[of] p2a: Sinistcha\n|move|p2b: Flutter Mane|Protect|p2b: Flutter Mane\n|-singleturn|p2b: Flutter Mane|Protect\n|move|p1a: Torkoal|Iron Defense|p1a: Torkoal\n|-boost|p1a: Torkoal|def|2\n|move|p1b: Hatterene|Mystical Fire|p2b: Flutter Mane\n|-activate|p2b: Flutter Mane|move: Protect\n|\n|-weather|SunnyDay|[upkeep]\n|-heal|p2a: Sinistcha|80\/100|[from] item: Leftovers\n|-fieldend|move: Trick Room\n|upkeep\n|turn|13\n|inactive|f2fnegcqc has 120 seconds left.\n|\n|t:|1699407590\n|-end|p2b: Flutter Mane|Protosynthesis|[silent]\n|switch|p2b: Ursaluna|Ursaluna, F|8\/100 brn\n|move|p2a: Sinistcha|Rage Powder|p2a: Sinistcha\n|-singleturn|p2a: Sinistcha|move: Rage Powder\n|move|p1b: Hatterene|Mystical Fire|p2a: Sinistcha\n|-supereffective|p2a: Sinistcha\n|-damage|p2a: Sinistcha|9\/100\n|-unboost|p2a: Sinistcha|spa|1\n|move|p1a: Torkoal|Iron Defense|p1a: Torkoal\n|-boost|p1a: Torkoal|def|2\n|\n|-weather|SunnyDay|[upkeep]\n|-heal|p2a: Sinistcha|15\/100|[from] item: Leftovers\n|-damage|p2b: Ursaluna|2\/100 brn|[from] brn\n|upkeep\n|turn|14\n|\n|t:|1699407616\n|move|p2a: Sinistcha|Strength Sap|p1a: Torkoal\n|-unboost|p1a: Torkoal|atk|1\n|-heal|p2a: Sinistcha|60\/100\n|move|p1b: Hatterene|Mystical Fire|p2b: Ursaluna\n|-damage|p2b: Ursaluna|0 fnt\n|faint|p2b: Ursaluna\n|move|p1a: Torkoal|Clear Smog|p2a: Sinistcha\n|-crit|p2a: Sinistcha\n|-damage|p2a: Sinistcha|45\/100\n|-clearboost|p2a: Sinistcha\n|\n|-weather|SunnyDay|[upkeep]\n|-heal|p2a: Sinistcha|51\/100|[from] item: Leftovers\n|upkeep\n|inactive|f2fnegcqc has 120 seconds left.\n|\n|t:|1699407641\n|switch|p2b: Flutter Mane|Flutter Mane|40\/100\n|-activate|p2b: Flutter Mane|ability: Protosynthesis\n|-start|p2b: Flutter Mane|protosynthesisspa\n|turn|15\n|\n|t:|1699407655\n|move|p2a: Sinistcha|Rage Powder|p2a: Sinistcha\n|-singleturn|p2a: Sinistcha|move: Rage Powder\n|move|p2b: Flutter Mane|Shadow Ball|p1b: Hatterene\n|-supereffective|p1b: Hatterene\n|-damage|p1b: Hatterene|0 fnt\n|faint|p1b: Hatterene\n|move|p1a: Torkoal|Clear Smog|p2a: Sinistcha\n|-damage|p2a: Sinistcha|43\/100\n|-clearboost|p2a: Sinistcha\n|\n|-weather|SunnyDay|[upkeep]\n|-heal|p2a: Sinistcha|49\/100|[from] item: Leftovers\n|upkeep\n|\n|t:|1699407671\n|switch|p1b: Scream Tail|Scream Tail|84\/100\n|-activate|p1b: Scream Tail|ability: Protosynthesis\n|-start|p1b: Scream Tail|protosynthesisspe\n|turn|16\n|\n|t:|1699407693\n|move|p2a: Sinistcha|Rage Powder|p2a: Sinistcha\n|-singleturn|p2a: Sinistcha|move: Rage Powder\n|move|p1b: Scream Tail|Thunder Wave|p2a: Sinistcha\n|-status|p2a: Sinistcha|par\n|move|p2b: Flutter Mane|Shadow Ball|p1a: Torkoal\n|-damage|p1a: Torkoal|13\/100\n|move|p1a: Torkoal|Clear Smog|p2a: Sinistcha\n|-damage|p2a: Sinistcha|40\/100 par\n|-clearboost|p2a: Sinistcha\n|\n|-weather|SunnyDay|[upkeep]\n|-heal|p1b: Scream Tail|90\/100|[from] item: Leftovers\n|-heal|p2a: Sinistcha|46\/100 par|[from] item: Leftovers\n|upkeep\n|turn|17\n|inactive|smexydevvi has 120 seconds left.\n|\n|t:|1699407731\n|switch|p1a: Arboliva|Arboliva, M|100\/100\n|move|p2a: Sinistcha|Rage Powder|p2a: Sinistcha\n|-singleturn|p2a: Sinistcha|move: Rage Powder\n|move|p1b: Scream Tail|Encore|p2a: Sinistcha\n|-start|p2a: Sinistcha|Encore\n|move|p2b: Flutter Mane|Dazzling Gleam|p1a: Arboliva|[spread] p1a,p1b\n|-damage|p1a: Arboliva|71\/100\n|-damage|p1b: Scream Tail|56\/100\n|\n|-weather|none\n|-end|p1b: Scream Tail|Protosynthesis\n|-end|p2b: Flutter Mane|Protosynthesis\n|-heal|p1b: Scream Tail|62\/100|[from] item: Leftovers\n|-heal|p2a: Sinistcha|52\/100 par|[from] item: Leftovers\n|upkeep\n|-enditem|p2b: Flutter Mane|Booster Energy\n|-activate|p2b: Flutter Mane|ability: Protosynthesis|[fromitem]\n|-start|p2b: Flutter Mane|protosynthesisspa\n|turn|18\n|inactive|smexydevvi has 120 seconds left.\n|\n|t:|1699407763\n|move|p2a: Sinistcha|Rage Powder|p2a: Sinistcha\n|-singleturn|p2a: Sinistcha|move: Rage Powder\n|move|p2b: Flutter Mane|Shadow Ball|p1b: Scream Tail\n|-supereffective|p1b: Scream Tail\n|-damage|p1b: Scream Tail|0 fnt\n|faint|p1b: Scream Tail\n|-end|p1b: Scream Tail|Protosynthesis|[silent]\n|move|p1a: Arboliva|Giga Drain|p2b: Flutter Mane\n|-damage|p2b: Flutter Mane|7\/100\n|-heal|p1a: Arboliva|83\/100|[from] drain|[of] p2b: Flutter Mane\n|\n|-heal|p2a: Sinistcha|58\/100 par|[from] item: Leftovers\n|upkeep\n|\n|t:|1699407773\n|switch|p1b: Torkoal|Torkoal, M|13\/100\n|-weather|SunnyDay|[from] ability: Drought|[of] p1b: Torkoal\n|turn|19\n|inactive|smexydevvi has 120 seconds left.\n|\n|t:|1699407789\n|cant|p2a: Sinistcha|par\n|move|p2b: Flutter Mane|Moonblast|p1a: Arboliva\n|-damage|p1a: Arboliva|33\/100\n|-enditem|p1a: Arboliva|Sitrus Berry|[eat]\n|-heal|p1a: Arboliva|57\/100|[from] item: Sitrus Berry\n|move|p1a: Arboliva|Giga Drain|p2b: Flutter Mane\n|-damage|p2b: Flutter Mane|0 fnt\n|-heal|p1a: Arboliva|60\/100|[from] drain|[of] p2b: Flutter Mane\n|faint|p2b: Flutter Mane\n|-end|p2b: Flutter Mane|Protosynthesis|[silent]\n|move|p1b: Torkoal|Clear Smog|p2a: Sinistcha\n|-damage|p2a: Sinistcha|49\/100 par\n|-clearboost|p2a: Sinistcha\n|\n|-weather|SunnyDay|[upkeep]\n|-heal|p2a: Sinistcha|55\/100 par|[from] item: Leftovers\n|-item|p1a: Arboliva|Sitrus Berry|[from] ability: Harvest\n|upkeep\n|\n|t:|1699407804\n|switch|p2b: Iron Hands|Iron Hands|42\/100\n|turn|20\n|\n|t:|1699407820\n|switch|p2a: Tornadus|Tornadus, M|100\/100\n|move|p1a: Arboliva|Protect|p1a: Arboliva\n|-singleturn|p1a: Arboliva|Protect\n|move|p2b: Iron Hands|Fake Out|p1a: Arboliva\n|-activate|p1a: Arboliva|move: Protect\n|move|p1b: Torkoal|Body Press|p2b: Iron Hands\n|-damage|p2b: Iron Hands|26\/100\n|\n|-weather|SunnyDay|[upkeep]\n|upkeep\n|turn|21\n|\n|t:|1699407844\n|-terastallize|p1a: Arboliva|Ghost\n|move|p2a: Tornadus|Bleakwind Storm|p1b: Torkoal|[spread] p1a,p1b\n|-crit|p1b: Torkoal\n|-damage|p1a: Arboliva|40\/100\n|-damage|p1b: Torkoal|0 fnt\n|-enditem|p1a: Arboliva|Sitrus Berry|[eat]\n|-heal|p1a: Arboliva|65\/100|[from] item: Sitrus Berry\n|faint|p1b: Torkoal\n|move|p1a: Arboliva|Growth|p1a: Arboliva\n|-boost|p1a: Arboliva|atk|2\n|-boost|p1a: Arboliva|spa|2\n|move|p2b: Iron Hands|Drain Punch|p1a: Arboliva\n|-immune|p1a: Arboliva\n|\n|-weather|SunnyDay|[upkeep]\n|-item|p1a: Arboliva|Sitrus Berry|[from] ability: Harvest\n|upkeep\n|turn|22\n|\n|t:|1699407861\n|move|p2a: Tornadus|Taunt|p1a: Arboliva\n|-start|p1a: Arboliva|move: Taunt\n|move|p1a: Arboliva|Giga Drain|p2b: Iron Hands\n|-damage|p2b: Iron Hands|0 fnt\n|-heal|p1a: Arboliva|83\/100|[from] drain|[of] p2b: Iron Hands\n|faint|p2b: Iron Hands\n|-end|p2b: Iron Hands|Quark Drive|[silent]\n|\n|-weather|SunnyDay|[upkeep]\n|upkeep\n|\n|t:|1699407868\n|switch|p2b: Sinistcha|Sinistcha|55\/100 par\n|turn|23\n|\n|t:|1699407878\n|move|p2a: Tornadus|Bleakwind Storm|p1a: Arboliva|[miss]\n|-miss|p2a: Tornadus|p1a: Arboliva\n|move|p1a: Arboliva|Giga Drain|p2a: Tornadus\n|-resisted|p2a: Tornadus\n|-damage|p2a: Tornadus|76\/100\n|-heal|p1a: Arboliva|95\/100|[from] drain|[of] p2a: Tornadus\n|move|p2b: Sinistcha|Strength Sap|p1a: Arboliva\n|-unboost|p1a: Arboliva|atk|1\n|-heal|p2b: Sinistcha|100\/100 par\n|\n|-weather|SunnyDay|[upkeep]\n|upkeep\n|turn|24\n|\n|t:|1699407895\n|move|p2a: Tornadus|Bleakwind Storm|p1a: Arboliva\n|-damage|p1a: Arboliva|70\/100\n|move|p1a: Arboliva|Giga Drain|p2a: Tornadus\n|-resisted|p2a: Tornadus\n|-damage|p2a: Tornadus|54\/100\n|-heal|p1a: Arboliva|82\/100|[from] drain|[of] p2a: Tornadus\n|move|p2b: Sinistcha|Matcha Gotcha|p1a: Arboliva\n|-damage|p1a: Arboliva|59\/100\n|-status|p1a: Arboliva|brn\n|\n|-weather|SunnyDay|[upkeep]\n|-damage|p1a: Arboliva|53\/100 brn|[from] brn\n|-end|p1a: Arboliva|move: Taunt\n|upkeep\n|turn|25\n|\n|t:|1699407910\n|move|p2a: Tornadus|Protect|p2a: Tornadus\n|-singleturn|p2a: Tornadus|Protect\n|move|p1a: Arboliva|Growth|p1a: Arboliva\n|-boost|p1a: Arboliva|atk|2\n|-boost|p1a: Arboliva|spa|2\n|move|p2b: Sinistcha|Matcha Gotcha|p1a: Arboliva\n|-damage|p1a: Arboliva|33\/100 brn\n|-enditem|p1a: Arboliva|Sitrus Berry|[eat]\n|-heal|p1a: Arboliva|58\/100 brn|[from] item: Sitrus Berry\n|\n|-weather|SunnyDay|[upkeep]\n|-damage|p1a: Arboliva|51\/100 brn|[from] brn\n|-item|p1a: Arboliva|Sitrus Berry|[from] ability: Harvest\n|upkeep\n|turn|26\n|\n|t:|1699407926\n|move|p2a: Tornadus|Taunt|p1a: Arboliva\n|-start|p1a: Arboliva|move: Taunt\n|move|p1a: Arboliva|Giga Drain|p2a: Tornadus\n|-resisted|p2a: Tornadus\n|-damage|p2a: Tornadus|17\/100\n|-heal|p1a: Arboliva|70\/100 brn|[from] drain|[of] p2a: Tornadus\n|move|p2b: Sinistcha|Matcha Gotcha|p1a: Arboliva\n|-damage|p1a: Arboliva|49\/100 brn\n|-enditem|p1a: Arboliva|Sitrus Berry|[eat]\n|-heal|p1a: Arboliva|73\/100 brn|[from] item: Sitrus Berry\n|\n|-weather|none\n|-damage|p1a: Arboliva|67\/100 brn|[from] brn\n|-item|p1a: Arboliva|Sitrus Berry|[from] ability: Harvest\n|upkeep\n|turn|27\n|\n|t:|1699407952\n|move|p2b: Sinistcha|Rage Powder|p2b: Sinistcha\n|-singleturn|p2b: Sinistcha|move: Rage Powder\n|move|p2a: Tornadus|Bleakwind Storm|p1a: Arboliva\n|-damage|p1a: Arboliva|41\/100 brn\n|-unboost|p1a: Arboliva|spe|1\n|-enditem|p1a: Arboliva|Sitrus Berry|[eat]\n|-heal|p1a: Arboliva|66\/100 brn|[from] item: Sitrus Berry\n|move|p1a: Arboliva|Giga Drain|p2b: Sinistcha\n|-resisted|p2b: Sinistcha\n|-damage|p2b: Sinistcha|55\/100 par\n|-heal|p1a: Arboliva|88\/100 brn|[from] drain|[of] p2b: Sinistcha\n|\n|-heal|p2b: Sinistcha|61\/100 par|[from] item: Leftovers\n|-damage|p1a: Arboliva|82\/100 brn|[from] brn\n|upkeep\n|turn|28\n|\n|t:|1699407969\n|move|p2b: Sinistcha|Rage Powder|p2b: Sinistcha\n|-singleturn|p2b: Sinistcha|move: Rage Powder\n|move|p2a: Tornadus|Bleakwind Storm|p1a: Arboliva\n|-damage|p1a: Arboliva|54\/100 brn\n|-unboost|p1a: Arboliva|spe|1\n|move|p1a: Arboliva|Giga Drain|p2b: Sinistcha\n|-resisted|p2b: Sinistcha\n|-damage|p2b: Sinistcha|18\/100 par\n|-heal|p1a: Arboliva|75\/100 brn|[from] drain|[of] p2b: Sinistcha\n|\n|-heal|p2b: Sinistcha|24\/100 par|[from] item: Leftovers\n|-damage|p1a: Arboliva|69\/100 brn|[from] brn\n|-end|p1a: Arboliva|move: Taunt\n|upkeep\n|turn|29\n|inactive|f2fnegcqc has 120 seconds left.\n|\n|t:|1699408012\n|move|p2a: Tornadus|Protect|p2a: Tornadus\n|-singleturn|p2a: Tornadus|Protect\n|move|p2b: Sinistcha|Strength Sap|p1a: Arboliva\n|-unboost|p1a: Arboliva|atk|1\n|-heal|p2b: Sinistcha|100\/100 par\n|move|p1a: Arboliva|Giga Drain|p2a: Tornadus\n|-activate|p2a: Tornadus|move: Protect\n|\n|-damage|p1a: Arboliva|63\/100 brn|[from] brn\n|-item|p1a: Arboliva|Sitrus Berry|[from] ability: Harvest\n|upkeep\n|turn|30\n|\n|t:|1699408026\n|move|p2b: Sinistcha|Rage Powder|p2b: Sinistcha\n|-singleturn|p2b: Sinistcha|move: Rage Powder\n|move|p2a: Tornadus|Bleakwind Storm|p1a: Arboliva|[miss]\n|-miss|p2a: Tornadus|p1a: Arboliva\n|move|p1a: Arboliva|Giga Drain|p2b: Sinistcha\n|-resisted|p2b: Sinistcha\n|-damage|p2b: Sinistcha|57\/100 par\n|-heal|p1a: Arboliva|84\/100 brn|[from] drain|[of] p2b: Sinistcha\n|\n|-heal|p2b: Sinistcha|63\/100 par|[from] item: Leftovers\n|-damage|p1a: Arboliva|78\/100 brn|[from] brn\n|upkeep\n|turn|31\n|\n|t:|1699408046\n|move|p2b: Sinistcha|Rage Powder|p2b: Sinistcha\n|-singleturn|p2b: Sinistcha|move: Rage Powder\n|move|p2a: Tornadus|Bleakwind Storm|p1a: Arboliva\n|-damage|p1a: Arboliva|51\/100 brn\n|move|p1a: Arboliva|Leech Seed|p2b: Sinistcha\n|-immune|p2b: Sinistcha\n|\n|-heal|p2b: Sinistcha|69\/100 par|[from] item: Leftovers\n|-damage|p1a: Arboliva|45\/100 brn|[from] brn\n|upkeep\n|-enditem|p1a: Arboliva|Sitrus Berry|[eat]\n|-heal|p1a: Arboliva|69\/100 brn|[from] item: Sitrus Berry\n|turn|32\n|\n|t:|1699408063\n|move|p2b: Sinistcha|Rage Powder|p2b: Sinistcha\n|-singleturn|p2b: Sinistcha|move: Rage Powder\n|move|p2a: Tornadus|Bleakwind Storm|p1a: Arboliva\n|-damage|p1a: Arboliva|42\/100 brn\n|move|p1a: Arboliva|Growth|p1a: Arboliva\n|-boost|p1a: Arboliva|atk|1\n|-boost|p1a: Arboliva|spa|1\n|\n|-heal|p2b: Sinistcha|75\/100 par|[from] item: Leftovers\n|-damage|p1a: Arboliva|36\/100 brn|[from] brn\n|-item|p1a: Arboliva|Sitrus Berry|[from] ability: Harvest\n|upkeep\n|-enditem|p1a: Arboliva|Sitrus Berry|[eat]\n|-heal|p1a: Arboliva|60\/100 brn|[from] item: Sitrus Berry\n|turn|33\n|\n|t:|1699408080\n|move|p2b: Sinistcha|Rage Powder|p2b: Sinistcha\n|-singleturn|p2b: Sinistcha|move: Rage Powder\n|move|p2a: Tornadus|Bleakwind Storm|p1a: Arboliva\n|-damage|p1a: Arboliva|33\/100 brn\n|-unboost|p1a: Arboliva|spe|1\n|move|p1a: Arboliva|Giga Drain|p2b: Sinistcha\n|-resisted|p2b: Sinistcha\n|-damage|p2b: Sinistcha|27\/100 par\n|-heal|p1a: Arboliva|56\/100 brn|[from] drain|[of] p2b: Sinistcha\n|\n|-heal|p2b: Sinistcha|33\/100 par|[from] item: Leftovers\n|-damage|p1a: Arboliva|50\/100 brn|[from] brn\n|upkeep\n|turn|34\n|\n|t:|1699408097\n|move|p2a: Tornadus|Protect|p2a: Tornadus\n|-singleturn|p2a: Tornadus|Protect\n|move|p2b: Sinistcha|Strength Sap|p1a: Arboliva\n|-unboost|p1a: Arboliva|atk|1\n|-heal|p2b: Sinistcha|100\/100 par\n|move|p1a: Arboliva|Giga Drain|p2b: Sinistcha\n|-resisted|p2b: Sinistcha\n|-damage|p2b: Sinistcha|49\/100 par\n|-heal|p1a: Arboliva|75\/100 brn|[from] drain|[of] p2b: Sinistcha\n|\n|-heal|p2b: Sinistcha|55\/100 par|[from] item: Leftovers\n|-damage|p1a: Arboliva|69\/100 brn|[from] brn\n|-item|p1a: Arboliva|Sitrus Berry|[from] ability: Harvest\n|upkeep\n|turn|35\n|\n|t:|1699408123\n|move|p2b: Sinistcha|Rage Powder|p2b: Sinistcha\n|-singleturn|p2b: Sinistcha|move: Rage Powder\n|move|p2a: Tornadus|Bleakwind Storm|p1a: Arboliva\n|-damage|p1a: Arboliva|41\/100 brn\n|-enditem|p1a: Arboliva|Sitrus Berry|[eat]\n|-heal|p1a: Arboliva|66\/100 brn|[from] item: Sitrus Berry\n|move|p1a: Arboliva|Growth|p1a: Arboliva\n|-boost|p1a: Arboliva|atk|1\n|-boost|p1a: Arboliva|spa|1\n|\n|-heal|p2b: Sinistcha|61\/100 par|[from] item: Leftovers\n|-damage|p1a: Arboliva|60\/100 brn|[from] brn\n|-item|p1a: Arboliva|Sitrus Berry|[from] ability: Harvest\n|upkeep\n|turn|36\n|\n|t:|1699408139\n|move|p2a: Tornadus|Bleakwind Storm|p1a: Arboliva|[miss]\n|-miss|p2a: Tornadus|p1a: Arboliva\n|move|p2b: Sinistcha|Matcha Gotcha|p1a: Arboliva\n|-damage|p1a: Arboliva|37\/100 brn\n|-heal|p2b: Sinistcha|73\/100 par|[from] drain|[of] p1a: Arboliva\n|-enditem|p1a: Arboliva|Sitrus Berry|[eat]\n|-heal|p1a: Arboliva|62\/100 brn|[from] item: Sitrus Berry\n|move|p1a: Arboliva|Giga Drain|p2b: Sinistcha\n|-resisted|p2b: Sinistcha\n|-damage|p2b: Sinistcha|14\/100 par\n|-heal|p1a: Arboliva|90\/100 brn|[from] drain|[of] p2b: Sinistcha\n|\n|-heal|p2b: Sinistcha|20\/100 par|[from] item: Leftovers\n|-damage|p1a: Arboliva|84\/100 brn|[from] brn\n|upkeep\n|turn|37\n|\n|t:|1699408156\n|move|p2a: Tornadus|Bleakwind Storm|p1a: Arboliva|[miss]\n|-miss|p2a: Tornadus|p1a: Arboliva\n|move|p2b: Sinistcha|Matcha Gotcha|p1a: Arboliva\n|-damage|p1a: Arboliva|62\/100 brn\n|-heal|p2b: Sinistcha|32\/100 par|[from] drain|[of] p1a: Arboliva\n|move|p1a: Arboliva|Giga Drain|p2b: Sinistcha\n|-resisted|p2b: Sinistcha\n|-damage|p2b: Sinistcha|0 fnt\n|-heal|p1a: Arboliva|77\/100 brn|[from] drain|[of] p2b: Sinistcha\n|faint|p2b: Sinistcha\n|\n|-damage|p1a: Arboliva|71\/100 brn|[from] brn\n|upkeep\n|turn|38\n|-message|f2fnegcqc forfeited.\n|\n|win|smexydevvi\n|raw|smexydevvi's rating: 1129 &rarr; <strong>1163<\/strong><br \/>(+34 for winning)\n|raw|f2fnegcqc's rating: 1264 &rarr; <strong>1230<\/strong><br \/>(-34 for losing)\n|l|\u2606f2fnegcqc\n","uploadtime":1699408186,"views":9,"p1id":"smexydevvi","p2id":"f2fnegcqc","formatid":"gen9doublesou","rating":1163,"private":0,"password":""}