{"id":"gen9doublesou-1995080917","p1":"darkwuz","p2":"C0SuMa","format":"[Gen 9] Doubles OU","log":"|j|\u2606darkwuz\n|j|\u2606C0SuMa\n|t:|1700520441\n|gametype|doubles\n|player|p1|darkwuz|benga|1419\n|player|p2|C0SuMa|caitlin|1459\n|teamsize|p1|6\n|teamsize|p2|6\n|gen|9\n|tier|[Gen 9] Doubles OU\n|rated|\n|rule|Species Clause: Limit one of each Pok\u00e9mon\n|rule|OHKO Clause: OHKO moves are banned\n|rule|Evasion Moves Clause: Evasion moves are banned\n|rule|Gravity Sleep Clause: The combination of sleep-inducing moves with imperfect accuracy and Gravity or Gigantamax Orbeetle are banned\n|rule|Endless Battle Clause: Forcing endless battles is banned\n|rule|HP Percentage Mod: HP is shown in percentages\n|clearpoke\n|poke|p1|Grimmsnarl, M|\n|poke|p1|Landorus-Therian, M|\n|poke|p1|Cresselia, F|\n|poke|p1|Gyarados, F|\n|poke|p1|Murkrow, M|\n|poke|p1|Hydreigon, M|\n|poke|p2|Ninetales-Alola, F|\n|poke|p2|Flutter Mane|\n|poke|p2|Iron Bundle|\n|poke|p2|Ogerpon-Hearthflame, F|\n|poke|p2|Iron Hands|\n|poke|p2|Cresselia, F|\n|teampreview\n|inactive|Battle timer is ON: inactive players will automatically lose when time's up. (requested by darkwuz)\n|\n|t:|1700520454\n|start\n|switch|p1a: Landorus|Landorus-Therian, M|100\/100\n|switch|p1b: Gyarados|Gyarados, F|100\/100\n|switch|p2a: Iron Bundle|Iron Bundle|100\/100\n|switch|p2b: Flutter Mane|Flutter Mane|100\/100\n|-ability|p1a: Landorus|Intimidate|boost\n|-unboost|p2a: Iron Bundle|atk|1\n|-unboost|p2b: Flutter Mane|atk|1\n|turn|1\n|\n|t:|1700520469\n|-end|p2b: Flutter Mane|Protosynthesis|[silent]\n|switch|p2b: Ninetales|Ninetales-Alola, F|100\/100\n|-weather|Snow|[from] ability: Snow Warning|[of] p2b: Ninetales\n|move|p1a: Landorus|Rock Slide|p2b: Ninetales|[spread] p2b\n|-miss|p1a: Landorus|p2a: Iron Bundle\n|-supereffective|p2b: Ninetales\n|-damage|p2b: Ninetales|64\/100\n|move|p2a: Iron Bundle|Aurora Veil|p2a: Iron Bundle\n|-sidestart|p2: C0SuMa|move: Aurora Veil\n|move|p1b: Gyarados|Dragon Dance|p1b: Gyarados\n|-boost|p1b: Gyarados|atk|1\n|-boost|p1b: Gyarados|spe|1\n|\n|-weather|Snow|[upkeep]\n|upkeep\n|turn|2\n|\n|t:|1700520491\n|move|p1a: Landorus|Rock Slide|p2a: Iron Bundle|[spread] p2a,p2b\n|-supereffective|p2a: Iron Bundle\n|-supereffective|p2b: Ninetales\n|-damage|p2a: Iron Bundle|77\/100\n|-damage|p2b: Ninetales|37\/100\n|move|p2a: Iron Bundle|Blizzard|p1a: Landorus|[spread] p1a,p1b\n|-supereffective|p1a: Landorus\n|-damage|p1a: Landorus|0 fnt\n|-damage|p1b: Gyarados|59\/100\n|faint|p1a: Landorus\n|move|p1b: Gyarados|Earthquake|p2b: Ninetales|[spread] p2a,p2b\n|-damage|p2a: Iron Bundle|57\/100\n|-damage|p2b: Ninetales|14\/100\n|move|p2b: Ninetales|Blizzard|p1b: Gyarados\n|-damage|p1b: Gyarados|23\/100\n|\n|-weather|Snow|[upkeep]\n|-heal|p1b: Gyarados|29\/100|[from] item: Leftovers\n|upkeep\n|\n|t:|1700520506\n|switch|p1a: Murkrow|Murkrow, M|100\/100\n|turn|3\n|inactive|darkwuz has 120 seconds left.\n|\n|t:|1700520553\n|move|p2b: Ninetales|Protect|p2b: Ninetales\n|-singleturn|p2b: Ninetales|Protect\n|move|p1a: Murkrow|Tailwind|p1a: Murkrow\n|-sidestart|p1: darkwuz|move: Tailwind\n|move|p1b: Gyarados|Earthquake|p2b: Ninetales|[spread] p2a\n|-activate|p2b: Ninetales|move: Protect\n|-immune|p1a: Murkrow\n|-damage|p2a: Iron Bundle|36\/100\n|move|p2a: Iron Bundle|Blizzard|p1b: Gyarados|[spread] p1a,p1b\n|-supereffective|p1a: Murkrow\n|-enditem|p1a: Murkrow|Focus Sash\n|-damage|p1a: Murkrow|1\/100\n|-damage|p1b: Gyarados|0 fnt\n|faint|p1b: Gyarados\n|\n|-weather|Snow|[upkeep]\n|upkeep\n|\n|t:|1700520563\n|switch|p1b: Hydreigon|Hydreigon, M|100\/100\n|turn|4\n|\n|t:|1700520574\n|move|p1b: Hydreigon|Heat Wave|p2a: Iron Bundle|[spread] p2a,p2b\n|-supereffective|p2b: Ninetales\n|-damage|p2a: Iron Bundle|4\/100\n|-damage|p2b: Ninetales|0 fnt\n|faint|p2b: Ninetales\n|move|p1a: Murkrow|U-turn|p2a: Iron Bundle\n|-damage|p2a: Iron Bundle|0 fnt\n|faint|p2a: Iron Bundle\n|-end|p2a: Iron Bundle|Quark Drive|[silent]\n|inactive|darkwuz has 120 seconds left.\n|\n|t:|1700520595\n|switch|p1a: Grimmsnarl|Grimmsnarl, M|100\/100|[from] U-turn\n|\n|-weather|Snow|[upkeep]\n|upkeep\n|\n|t:|1700520600\n|switch|p2a: Flutter Mane|Flutter Mane|100\/100\n|switch|p2b: Iron Hands|Iron Hands|100\/100\n|turn|5\n|\n|t:|1700520630\n|-terastallize|p1b: Hydreigon|Poison\n|move|p2b: Iron Hands|Fake Out|p1a: Grimmsnarl\n|-damage|p1a: Grimmsnarl|87\/100\n|cant|p1a: Grimmsnarl|flinch\n|move|p1b: Hydreigon|Earth Power|p2b: Iron Hands\n|-supereffective|p2b: Iron Hands\n|-damage|p2b: Iron Hands|68\/100\n|move|p2a: Flutter Mane|Calm Mind|p2a: Flutter Mane\n|-boost|p2a: Flutter Mane|spa|1\n|-boost|p2a: Flutter Mane|spd|1\n|\n|-weather|Snow|[upkeep]\n|upkeep\n|turn|6\n|\n|t:|1700520659\n|move|p1a: Grimmsnarl|Thunder Wave|p2a: Flutter Mane\n|-status|p2a: Flutter Mane|par\n|move|p1b: Hydreigon|Earth Power|p2b: Iron Hands\n|-supereffective|p2b: Iron Hands\n|-damage|p2b: Iron Hands|36\/100\n|-enditem|p2b: Iron Hands|Sitrus Berry|[eat]\n|-heal|p2b: Iron Hands|61\/100|[from] item: Sitrus Berry\n|move|p2a: Flutter Mane|Calm Mind|p2a: Flutter Mane\n|-boost|p2a: Flutter Mane|spa|1\n|-boost|p2a: Flutter Mane|spd|1\n|move|p2b: Iron Hands|Swords Dance|p2b: Iron Hands\n|-boost|p2b: Iron Hands|atk|2\n|\n|-weather|Snow|[upkeep]\n|-sideend|p1: darkwuz|move: Tailwind\n|upkeep\n|turn|7\n|\n|t:|1700520685\n|-end|p2b: Iron Hands|Quark Drive|[silent]\n|switch|p2b: Cresselia|Cresselia, F|100\/100\n|move|p2a: Flutter Mane|Protect|p2a: Flutter Mane\n|-singleturn|p2a: Flutter Mane|Protect\n|move|p1a: Grimmsnarl|Reflect|p1a: Grimmsnarl\n|-sidestart|p1: darkwuz|Reflect\n|move|p1b: Hydreigon|Earth Power|p2b: Cresselia\n|-immune|p2b: Cresselia|[from] ability: Levitate\n|\n|-weather|Snow|[upkeep]\n|upkeep\n|turn|8\n|\n|t:|1700520702\n|move|p1a: Grimmsnarl|Light Screen|p1a: Grimmsnarl\n|-sidestart|p1: darkwuz|move: Light Screen\n|move|p1b: Hydreigon|Dark Pulse|p2a: Flutter Mane\n|-damage|p2a: Flutter Mane|86\/100 par\n|move|p2b: Cresselia|Lunar Blessing|p2b: Cresselia|[spread] p2a,p2b\n|-heal|p2a: Flutter Mane|100\/100 par\n|-curestatus|p2a: Flutter Mane|par|[msg]\n|move|p2a: Flutter Mane|Shadow Ball|p1b: Hydreigon\n|-damage|p1b: Hydreigon|10\/100\n|-damage|p2a: Flutter Mane|91\/100|[from] item: Life Orb\n|\n|-weather|none\n|-sideend|p2: C0SuMa|move: Aurora Veil\n|upkeep\n|turn|9\n|inactive|C0SuMa has 120 seconds left.\n|\n|t:|1700520741\n|move|p2b: Cresselia|Ally Switch|p2b: Cresselia\n|swap|p2b: Cresselia|0|[from] move: Ally Switch\n|move|p1a: Grimmsnarl|Parting Shot|p2a: Cresselia\n|-unboost|p2a: Cresselia|atk|1\n|-unboost|p2a: Cresselia|spa|1\n|\n|t:|1700520745\n|switch|p1a: Cresselia|Cresselia, F|100\/100|[from] Parting Shot\n|move|p2b: Flutter Mane|Dazzling Gleam|p1a: Cresselia|[spread] p1a,p1b\n|-resisted|p1b: Hydreigon\n|-damage|p1a: Cresselia|68\/100\n|-damage|p1b: Hydreigon|0 fnt\n|faint|p1b: Hydreigon\n|-damage|p2b: Flutter Mane|81\/100|[from] item: Life Orb\n|\n|-heal|p1a: Cresselia|74\/100|[from] item: Leftovers\n|upkeep\n|\n|t:|1700520748\n|switch|p1b: Murkrow|Murkrow, M|1\/100\n|turn|10\n|\n|t:|1700520765\n|move|p1b: Murkrow|Haze|p1b: Murkrow\n|-clearallboost\n|move|p2b: Flutter Mane|Shadow Ball|p1a: Cresselia\n|-supereffective|p1a: Cresselia\n|-damage|p1a: Cresselia|25\/100\n|-damage|p2b: Flutter Mane|71\/100|[from] item: Life Orb\n|move|p1a: Cresselia|Calm Mind|p1a: Cresselia\n|-boost|p1a: Cresselia|spa|1\n|-boost|p1a: Cresselia|spd|1\n|move|p2a: Cresselia|Icy Wind|p1a: Cresselia|[spread] p1a,p1b\n|-supereffective|p1b: Murkrow\n|-damage|p1a: Cresselia|23\/100\n|-damage|p1b: Murkrow|0 fnt\n|-unboost|p1a: Cresselia|spe|1\n|faint|p1b: Murkrow\n|\n|-heal|p1a: Cresselia|29\/100|[from] item: Leftovers\n|upkeep\n|\n|t:|1700520771\n|switch|p1b: Grimmsnarl|Grimmsnarl, M|87\/100\n|turn|11\n|inactive|C0SuMa has 120 seconds left.\n|\n|t:|1700520803\n|move|p1b: Grimmsnarl|Thunder Wave|p2b: Flutter Mane\n|-status|p2b: Flutter Mane|par\n|move|p2a: Cresselia|Lunar Blessing|p2a: Cresselia|[spread] p2a,p2b\n|-heal|p2b: Flutter Mane|96\/100 par\n|-curestatus|p2b: Flutter Mane|par|[msg]\n|move|p2b: Flutter Mane|Shadow Ball|p1a: Cresselia\n|-supereffective|p1a: Cresselia\n|-damage|p1a: Cresselia|0 fnt\n|faint|p1a: Cresselia\n|-damage|p2b: Flutter Mane|86\/100|[from] item: Life Orb\n|\n|upkeep\n|turn|12\n|c|\u2606C0SuMa|gg\n|-message|darkwuz forfeited.\n|\n|win|C0SuMa\n|raw|darkwuz's rating: 1419 &rarr; <strong>1401<\/strong><br \/>(-18 for losing)\n|raw|C0SuMa's rating: 1459 &rarr; <strong>1477<\/strong><br \/>(+18 for winning)\n|l|\u2606darkwuz\n","uploadtime":1700520828,"views":2,"p1id":"darkwuz","p2id":"c0suma","formatid":"gen9doublesou","rating":1401,"private":0,"password":""}