{"id":"gen9doublesou-1991820727","p1":"LootGoblin22","p2":"Cryscuspie","format":"[Gen 9] Doubles OU","log":"|j|\u2606LootGoblin22\n|j|\u2606Cryscuspie\n|t:|1700123312\n|gametype|doubles\n|player|p1|LootGoblin22|1|1101\n|player|p2|Cryscuspie|lusamine-nihilego|1014\n|teamsize|p1|6\n|teamsize|p2|6\n|gen|9\n|tier|[Gen 9] Doubles OU\n|rated|\n|rule|Species Clause: Limit one of each Pok\u00e9mon\n|rule|OHKO Clause: OHKO moves are banned\n|rule|Evasion Moves Clause: Evasion moves are banned\n|rule|Gravity Sleep Clause: The combination of sleep-inducing moves with imperfect accuracy and Gravity or Gigantamax Orbeetle are banned\n|rule|Endless Battle Clause: Forcing endless battles is banned\n|rule|HP Percentage Mod: HP is shown in percentages\n|clearpoke\n|poke|p1|Tyranitar, M|\n|poke|p1|Hippowdon, F|\n|poke|p1|Heatran, M|\n|poke|p1|Jirachi|\n|poke|p1|Magnezone|\n|poke|p1|Gliscor, M|\n|poke|p2|Murkrow, F|\n|poke|p2|Sylveon, M|\n|poke|p2|Dusclops, M|\n|poke|p2|Kommo-o, M|\n|poke|p2|Dipplin, M|\n|poke|p2|Dragonite, M|\n|teampreview\n|inactive|Battle timer is ON: inactive players will automatically lose when time's up. (requested by Cryscuspie)\n|\n|t:|1700123324\n|start\n|switch|p1a: Hippowdon|Hippowdon, F, shiny|100\/100\n|switch|p1b: Gliscor|Gliscor, M|100\/100\n|switch|p2a: Dusclops|Dusclops, M|100\/100\n|switch|p2b: Murkrow|Murkrow, F|100\/100\n|-weather|Sandstorm|[from] ability: Sand Stream|[of] p1a: Hippowdon\n|-item|p1a: Hippowdon|Leftovers|[from] ability: Frisk|[of] p2a: Dusclops|[identify]\n|-item|p1b: Gliscor|Leftovers|[from] ability: Frisk|[of] p2a: Dusclops|[identify]\n|turn|1\n|\n|t:|1700123348\n|move|p2b: Murkrow|Taunt|p1a: Hippowdon\n|-start|p1a: Hippowdon|move: Taunt\n|move|p1b: Gliscor|Toxic|p2a: Dusclops\n|-status|p2a: Dusclops|tox\n|cant|p1a: Hippowdon|move: Taunt|Stealth Rock\n|move|p2a: Dusclops|Confuse Ray|p1b: Gliscor\n|-start|p1b: Gliscor|confusion\n|\n|-weather|Sandstorm|[upkeep]\n|-damage|p2b: Murkrow|94\/100|[from] Sandstorm\n|-damage|p2a: Dusclops|95\/100 tox|[from] Sandstorm\n|-damage|p2a: Dusclops|89\/100 tox|[from] psn\n|upkeep\n|turn|2\n|inactive|Cryscuspie has 120 seconds left.\n|inactive|Cryscuspie has 90 seconds left.\n|\n|t:|1700123430\n|switch|p1b: Jirachi|Jirachi, shiny|100\/100\n|switch|p1a: Magnezone|Magnezone, shiny|100\/100\n|move|p2b: Murkrow|Tailwind|p2b: Murkrow\n|-sidestart|p2: Cryscuspie|move: Tailwind\n|move|p2a: Dusclops|Phantom Force||[still]\n|-prepare|p2a: Dusclops|Phantom Force\n|\n|-weather|Sandstorm|[upkeep]\n|-damage|p2b: Murkrow|88\/100|[from] Sandstorm\n|-damage|p2a: Dusclops|83\/100 tox|[from] Sandstorm\n|-damage|p2a: Dusclops|71\/100 tox|[from] psn\n|upkeep\n|turn|3\n|inactive|Cryscuspie has 90 seconds left.\n|\n|t:|1700123452\n|move|p1b: Jirachi|Protect|p1b: Jirachi\n|-singleturn|p1b: Jirachi|Protect\n|move|p1a: Magnezone|Protect|p1a: Magnezone\n|-singleturn|p1a: Magnezone|Protect\n|move|p2b: Murkrow|Thunder Wave|p1b: Jirachi\n|-activate|p1b: Jirachi|move: Protect\n|move|p2a: Dusclops|Phantom Force|p1b: Jirachi|[from]lockedmove\n|-activate|p1b: Jirachi|move: Phantom Force|[broken]\n|-supereffective|p1b: Jirachi\n|-damage|p1b: Jirachi|63\/100\n|\n|-weather|Sandstorm|[upkeep]\n|-damage|p2b: Murkrow|82\/100|[from] Sandstorm\n|-damage|p2a: Dusclops|65\/100 tox|[from] Sandstorm\n|-heal|p1b: Jirachi|69\/100|[from] item: Leftovers\n|-damage|p2a: Dusclops|47\/100 tox|[from] psn\n|upkeep\n|turn|4\n|inactive|Cryscuspie has 90 seconds left.\n|\n|t:|1700123475\n|move|p2b: Murkrow|Taunt|p1b: Jirachi\n|-start|p1b: Jirachi|move: Taunt\n|cant|p1b: Jirachi|move: Taunt|Wish\n|move|p2a: Dusclops|Pain Split|p1a: Magnezone\n|-sethp|p1a: Magnezone|70\/100|[from] move: Pain Split|[silent]\n|-sethp|p2a: Dusclops|84\/100 tox|[from] move: Pain Split\n|move|p1a: Magnezone|Electroweb|p2a: Dusclops|[spread] p2a,p2b\n|-supereffective|p2b: Murkrow\n|-damage|p2a: Dusclops|72\/100 tox\n|-damage|p2b: Murkrow|20\/100\n|-unboost|p2a: Dusclops|spe|1\n|-unboost|p2b: Murkrow|spe|1\n|\n|-weather|Sandstorm|[upkeep]\n|-damage|p2b: Murkrow|14\/100|[from] Sandstorm\n|-damage|p2a: Dusclops|66\/100 tox|[from] Sandstorm\n|-heal|p1b: Jirachi|75\/100|[from] item: Leftovers\n|-heal|p1a: Magnezone|76\/100|[from] item: Leftovers\n|-damage|p2a: Dusclops|42\/100 tox|[from] psn\n|upkeep\n|turn|5\n|inactive|Cryscuspie has 90 seconds left.\n|\n|t:|1700123503\n|move|p2b: Murkrow|Thunder Wave|p1b: Jirachi\n|-status|p1b: Jirachi|par\n|move|p1a: Magnezone|Electroweb|p2b: Murkrow|[spread] p2a,p2b\n|-supereffective|p2b: Murkrow\n|-damage|p2a: Dusclops|30\/100 tox\n|-damage|p2b: Murkrow|0 fnt\n|-unboost|p2a: Dusclops|spe|1\n|faint|p2b: Murkrow\n|cant|p1b: Jirachi|par\n|move|p2a: Dusclops|Pain Split|p1a: Magnezone\n|-sethp|p1a: Magnezone|50\/100|[from] move: Pain Split|[silent]\n|-sethp|p2a: Dusclops|61\/100 tox|[from] move: Pain Split\n|\n|-weather|none\n|-heal|p1a: Magnezone|56\/100|[from] item: Leftovers\n|-heal|p1b: Jirachi|81\/100 par|[from] item: Leftovers\n|-damage|p2a: Dusclops|31\/100 tox|[from] psn\n|-sideend|p2: Cryscuspie|move: Tailwind\n|upkeep\n|\n|t:|1700123528\n|switch|p2b: Dipplin|Dipplin, M|100\/100\n|turn|6\n|\n|t:|1700123539\n|switch|p1b: Hippowdon|Hippowdon, F, shiny|100\/100\n|-weather|Sandstorm|[from] ability: Sand Stream|[of] p1b: Hippowdon\n|move|p1a: Magnezone|Electroweb|p2b: Dipplin|[spread] p2b\n|-miss|p1a: Magnezone|p2a: Dusclops\n|-resisted|p2b: Dipplin\n|-damage|p2b: Dipplin|97\/100\n|-unboost|p2b: Dipplin|spe|1\n|move|p2b: Dipplin|Syrup Bomb|p1a: Magnezone\n|-resisted|p1a: Magnezone\n|-damage|p1a: Magnezone|45\/100\n|-start|p1a: Magnezone|Syrup Bomb\n|move|p2a: Dusclops|Phantom Force||[still]\n|-prepare|p2a: Dusclops|Phantom Force\n|\n|-weather|Sandstorm|[upkeep]\n|-damage|p2b: Dipplin|91\/100|[from] Sandstorm\n|-damage|p2a: Dusclops|25\/100 tox|[from] Sandstorm\n|-heal|p1a: Magnezone|51\/100|[from] item: Leftovers\n|-damage|p2a: Dusclops|0 fnt|[from] psn\n|faint|p2a: Dusclops\n|-unboost|p1a: Magnezone|spe|1\n|upkeep\n|\n|t:|1700123562\n|switch|p2a: Sylveon|Sylveon, M|100\/100\n|turn|7\n|\n|t:|1700123589\n|move|p2b: Dipplin|Protect|p2b: Dipplin\n|-singleturn|p2b: Dipplin|Protect\n|move|p2a: Sylveon|Hyper Voice|p1a: Magnezone|[spread] p1a,p1b\n|-resisted|p1a: Magnezone\n|-damage|p1a: Magnezone|30\/100\n|-damage|p1b: Hippowdon|60\/100\n|-enditem|p2a: Sylveon|Throat Spray\n|-boost|p2a: Sylveon|spa|1|[from] item: Throat Spray\n|move|p1b: Hippowdon|Stealth Rock|p2b: Dipplin\n|-sidestart|p2: Cryscuspie|move: Stealth Rock\n|move|p1a: Magnezone|Electroweb|p2b: Dipplin|[spread] p2a\n|-activate|p2b: Dipplin|move: Protect\n|-damage|p2a: Sylveon|84\/100\n|-unboost|p2a: Sylveon|spe|1\n|\n|-weather|Sandstorm|[upkeep]\n|-damage|p2a: Sylveon|78\/100|[from] Sandstorm\n|-damage|p2b: Dipplin|85\/100|[from] Sandstorm\n|-heal|p1b: Hippowdon|66\/100|[from] item: Leftovers\n|-heal|p1a: Magnezone|36\/100|[from] item: Leftovers\n|-unboost|p1a: Magnezone|spe|1\n|upkeep\n|turn|8\n|inactive|Cryscuspie has 90 seconds left.\n|\n|t:|1700123616\n|move|p2a: Sylveon|Protect|p2a: Sylveon\n|-singleturn|p2a: Sylveon|Protect\n|move|p1b: Hippowdon|Slack Off|p1b: Hippowdon\n|-heal|p1b: Hippowdon|100\/100\n|move|p1a: Magnezone|Electroweb|p2a: Sylveon|[spread] p2b\n|-activate|p2a: Sylveon|move: Protect\n|-resisted|p2b: Dipplin\n|-damage|p2b: Dipplin|82\/100\n|-unboost|p2b: Dipplin|spe|1\n|move|p2b: Dipplin|Syrup Bomb|p1b: Hippowdon\n|-supereffective|p1b: Hippowdon\n|-damage|p1b: Hippowdon|56\/100\n|-start|p1b: Hippowdon|Syrup Bomb\n|\n|-weather|Sandstorm|[upkeep]\n|-damage|p2a: Sylveon|72\/100|[from] Sandstorm\n|-damage|p2b: Dipplin|76\/100|[from] Sandstorm\n|-heal|p1b: Hippowdon|62\/100|[from] item: Leftovers\n|-heal|p1a: Magnezone|42\/100|[from] item: Leftovers\n|-unboost|p1b: Hippowdon|spe|1\n|-unboost|p1a: Magnezone|spe|1\n|upkeep\n|turn|9\n|inactive|Cryscuspie has 90 seconds left.\n|\n|t:|1700123645\n|switch|p1b: Heatran|Heatran, M, shiny|100\/100\n|move|p2a: Sylveon|Shadow Ball|p1a: Magnezone\n|-damage|p1a: Magnezone|0 fnt\n|faint|p1a: Magnezone\n|move|p2b: Dipplin|Syrup Bomb|p1b: Heatran\n|-resisted|p1b: Heatran\n|-damage|p1b: Heatran|96\/100\n|-start|p1b: Heatran|Syrup Bomb\n|\n|-weather|Sandstorm|[upkeep]\n|-damage|p2a: Sylveon|66\/100|[from] Sandstorm\n|-damage|p2b: Dipplin|70\/100|[from] Sandstorm\n|-heal|p1b: Heatran|100\/100|[from] item: Leftovers\n|-unboost|p1b: Heatran|spe|1\n|upkeep\n|inactive|LootGoblin22 has 120 seconds left.\n|\n|t:|1700123661\n|switch|p1a: Gliscor|Gliscor, M|100\/100\n|turn|10\n|\n|t:|1700123672\n|move|p1a: Gliscor|Toxic|p2a: Sylveon\n|-status|p2a: Sylveon|tox\n|move|p1b: Heatran|Magma Storm|p2b: Dipplin|[miss]\n|-miss|p1b: Heatran|p2b: Dipplin\n|move|p2a: Sylveon|Draining Kiss|p1a: Gliscor\n|-damage|p1a: Gliscor|51\/100\n|-heal|p2a: Sylveon|99\/100 tox|[from] drain|[of] p1a: Gliscor\n|move|p2b: Dipplin|Draco Meteor|p1a: Gliscor|[miss]\n|-miss|p2b: Dipplin|p1a: Gliscor\n|\n|-weather|none\n|-heal|p1a: Gliscor|58\/100|[from] item: Leftovers\n|-damage|p2a: Sylveon|93\/100 tox|[from] psn\n|-unboost|p1b: Heatran|spe|1\n|upkeep\n|turn|11\n|inactive|Cryscuspie has 120 seconds left.\n|\n|t:|1700123700\n|switch|p1b: Tyranitar|Tyranitar, M, shiny|100\/100\n|-weather|Sandstorm|[from] ability: Sand Stream|[of] p1b: Tyranitar\n|move|p1a: Gliscor|Toxic|p2b: Dipplin\n|-status|p2b: Dipplin|tox\n|move|p2a: Sylveon|Draining Kiss|p1a: Gliscor\n|-damage|p1a: Gliscor|14\/100\n|-heal|p2a: Sylveon|100\/100 tox|[from] drain|[of] p1a: Gliscor\n|move|p2b: Dipplin|Syrup Bomb|p1a: Gliscor\n|-damage|p1a: Gliscor|0 fnt\n|faint|p1a: Gliscor\n|\n|-weather|Sandstorm|[upkeep]\n|-damage|p2a: Sylveon|94\/100 tox|[from] Sandstorm\n|-damage|p2b: Dipplin|64\/100 tox|[from] Sandstorm\n|-damage|p2a: Sylveon|82\/100 tox|[from] psn\n|-damage|p2b: Dipplin|58\/100 tox|[from] psn\n|upkeep\n|inactive|LootGoblin22 has 120 seconds left.\n|\n|t:|1700123720\n|switch|p1a: Heatran|Heatran, M, shiny|100\/100\n|turn|12\n|\n|t:|1700123729\n|move|p1a: Heatran|Substitute|p1a: Heatran\n|-start|p1a: Heatran|Substitute\n|-damage|p1a: Heatran|76\/100\n|move|p1b: Tyranitar|Crunch|p2a: Sylveon\n|-resisted|p2a: Sylveon\n|-damage|p2a: Sylveon|47\/100 tox\n|-unboost|p2a: Sylveon|def|1\n|-damage|p1b: Tyranitar|91\/100|[from] item: Life Orb\n|move|p2a: Sylveon|Shadow Ball|p1a: Heatran\n|-end|p1a: Heatran|Substitute\n|move|p2b: Dipplin|Syrup Bomb|p1b: Tyranitar|[miss]\n|-miss|p2b: Dipplin|p1b: Tyranitar\n|\n|-weather|Sandstorm|[upkeep]\n|-damage|p2a: Sylveon|41\/100 tox|[from] Sandstorm\n|-damage|p2b: Dipplin|52\/100 tox|[from] Sandstorm\n|-heal|p1a: Heatran|82\/100|[from] item: Leftovers\n|-damage|p2a: Sylveon|22\/100 tox|[from] psn\n|-damage|p2b: Dipplin|40\/100 tox|[from] psn\n|upkeep\n|turn|13\n|inactive|Cryscuspie has 120 seconds left.\n|\n|t:|1700123761\n|move|p2a: Sylveon|Protect|p2a: Sylveon\n|-singleturn|p2a: Sylveon|Protect\n|move|p1a: Heatran|Substitute|p1a: Heatran\n|-start|p1a: Heatran|Substitute\n|-damage|p1a: Heatran|57\/100\n|move|p1b: Tyranitar|Stone Edge|p2a: Sylveon\n|-activate|p2a: Sylveon|move: Protect\n|move|p2b: Dipplin|Syrup Bomb|p1b: Tyranitar|[miss]\n|-miss|p2b: Dipplin|p1b: Tyranitar\n|\n|-weather|Sandstorm|[upkeep]\n|-damage|p2a: Sylveon|16\/100 tox|[from] Sandstorm\n|-damage|p2b: Dipplin|34\/100 tox|[from] Sandstorm\n|-heal|p1a: Heatran|63\/100|[from] item: Leftovers\n|-damage|p2a: Sylveon|0 fnt|[from] psn\n|faint|p2a: Sylveon\n|-damage|p2b: Dipplin|16\/100 tox|[from] psn\n|upkeep\n|inactive|Cryscuspie has 120 seconds left.\n|\n|t:|1700123779\n|switch|p2a: Dragonite|Dragonite, M, shiny|100\/100\n|-damage|p2a: Dragonite|76\/100|[from] Stealth Rock\n|turn|14\n|\n|t:|1700123789\n|move|p2a: Dragonite|Extreme Speed|p1b: Tyranitar\n|-resisted|p1b: Tyranitar\n|-damage|p1b: Tyranitar|79\/100\n|move|p1a: Heatran|Magma Storm|p2a: Dragonite\n|-resisted|p2a: Dragonite\n|-damage|p2a: Dragonite|56\/100\n|-activate|p2a: Dragonite|move: Magma Storm|[of] p1a: Heatran\n|move|p1b: Tyranitar|Ice Punch|p2a: Dragonite\n|-supereffective|p2a: Dragonite\n|-damage|p2a: Dragonite|0 fnt\n|faint|p2a: Dragonite\n|-damage|p1b: Tyranitar|69\/100|[from] item: Life Orb\n|move|p2b: Dipplin|Syrup Bomb|p1b: Tyranitar|[miss]\n|-miss|p2b: Dipplin|p1b: Tyranitar\n|\n|-weather|Sandstorm|[upkeep]\n|-damage|p2b: Dipplin|10\/100 tox|[from] Sandstorm\n|-heal|p1a: Heatran|70\/100|[from] item: Leftovers\n|-damage|p2b: Dipplin|0 fnt|[from] psn\n|faint|p2b: Dipplin\n|upkeep\n|c|\u2606Cryscuspie|Nice\n|inactive|Cryscuspie has 120 seconds left.\n|c|\u2606Cryscuspie|Good miss\n|c|\u2606Cryscuspie|Super gooe miss\n|\n|t:|1700123814\n|switch|p2a: Kommo-o|Kommo-o, M|100\/100\n|turn|15\n|c|\u2606Cryscuspie|Super good miss\n|\n|t:|1700123826\n|-terastallize|p2a: Kommo-o|Steel\n|move|p2a: Kommo-o|Clangorous Soul|p2a: Kommo-o\n|-boost|p2a: Kommo-o|atk|1\n|-boost|p2a: Kommo-o|def|1\n|-boost|p2a: Kommo-o|spa|1\n|-boost|p2a: Kommo-o|spd|1\n|-boost|p2a: Kommo-o|spe|1\n|-damage|p2a: Kommo-o|68\/100\n|move|p1a: Heatran|Will-O-Wisp|p2a: Kommo-o\n|-status|p2a: Kommo-o|brn\n|move|p1b: Tyranitar|Ice Punch|p2a: Kommo-o\n|-resisted|p2a: Kommo-o\n|-damage|p2a: Kommo-o|55\/100 brn\n|-damage|p1b: Tyranitar|59\/100|[from] item: Life Orb\n|\n|-weather|none\n|-heal|p1a: Heatran|76\/100|[from] item: Leftovers\n|-damage|p2a: Kommo-o|49\/100 brn|[from] brn\n|upkeep\n|turn|16\n|c|\u2606Cryscuspie|Stupid shit\n|\n|t:|1700123851\n|move|p2a: Kommo-o|Aura Sphere|p1b: Tyranitar\n|-supereffective|p1b: Tyranitar\n|-damage|p1b: Tyranitar|0 fnt\n|faint|p1b: Tyranitar\n|move|p1a: Heatran|Magma Storm|p2a: Kommo-o\n|-supereffective|p2a: Kommo-o\n|-damage|p2a: Kommo-o|0 fnt\n|faint|p2a: Kommo-o\n|\n|win|LootGoblin22\n|raw|LootGoblin22's rating: 1101 &rarr; <strong>1120<\/strong><br \/>(+19 for winning)\n|raw|Cryscuspie's rating: 1014 &rarr; <strong>1005<\/strong><br \/>(-9 for losing)\n","uploadtime":1700123846,"views":14,"p1id":"lootgoblin22","p2id":"cryscuspie","formatid":"gen9doublesou","rating":1005,"private":0,"password":""}