{"id":"gen9doublesou-1983704892","p1":"temke","p2":"Gen1victoryroad","format":"[Gen 9] Doubles OU","log":"|j|\u2606temke\n|j|\u2606Gen1victoryroad\n|t:|1699164050\n|gametype|doubles\n|player|p1|temke|pokemaniac|1068\n|player|p2|Gen1victoryroad|169|1204\n|teamsize|p1|6\n|teamsize|p2|6\n|gen|9\n|tier|[Gen 9] Doubles OU\n|rated|\n|rule|Species Clause: Limit one of each Pok\u00e9mon\n|rule|OHKO Clause: OHKO moves are banned\n|rule|Evasion Moves Clause: Evasion moves are banned\n|rule|Gravity Sleep Clause: The combination of sleep-inducing moves with imperfect accuracy and Gravity or Gigantamax Orbeetle are banned\n|rule|Endless Battle Clause: Forcing endless battles is banned\n|rule|HP Percentage Mod: HP is shown in percentages\n|clearpoke\n|poke|p1|Talonflame, M|\n|poke|p1|Landorus-Therian, M|\n|poke|p1|Amoonguss, F|\n|poke|p1|Gholdengo|\n|poke|p1|Rotom-Wash|\n|poke|p1|Clefable, F|\n|poke|p2|Baxcalibur, F|\n|poke|p2|Torkoal, M|\n|poke|p2|Walking Wake|\n|poke|p2|Gholdengo|\n|poke|p2|Amoonguss, F|\n|poke|p2|Rillaboom, M|\n|teampreview\n|\n|t:|1699164060\n|start\n|switch|p1a: Landorus|Landorus-Therian, M|100\/100\n|switch|p1b: Rotom|Rotom-Wash|100\/100\n|switch|p2a: Baxcalibur|Baxcalibur, F|100\/100\n|switch|p2b: Rillaboom|Rillaboom, M|100\/100\n|-ability|p1a: Landorus|Intimidate|boost\n|-unboost|p2a: Baxcalibur|atk|1\n|-unboost|p2b: Rillaboom|atk|1\n|-fieldstart|move: Grassy Terrain|[from] ability: Grassy Surge|[of] p2b: Rillaboom\n|turn|1\n|\n|t:|1699164083\n|-terastallize|p1a: Landorus|Flying\n|move|p2b: Rillaboom|Fake Out|p1b: Rotom\n|-damage|p1b: Rotom|88\/100\n|move|p1a: Landorus|Tera Blast|p2b: Rillaboom|[anim] Tera Blast Flying\n|-supereffective|p2b: Rillaboom\n|-damage|p2b: Rillaboom|0 fnt\n|faint|p2b: Rillaboom\n|move|p2a: Baxcalibur|Icicle Spear|p1a: Landorus\n|-supereffective|p1a: Landorus\n|-damage|p1a: Landorus|78\/100\n|-supereffective|p1a: Landorus\n|-damage|p1a: Landorus|53\/100\n|-supereffective|p1a: Landorus\n|-damage|p1a: Landorus|30\/100\n|-supereffective|p1a: Landorus\n|-damage|p1a: Landorus|6\/100\n|-hitcount|p1a: Landorus|4\n|cant|p1b: Rotom|flinch\n|\n|-heal|p1b: Rotom|94\/100|[from] item: Leftovers\n|upkeep\n|\n|t:|1699164104\n|switch|p2b: Torkoal|Torkoal, M|100\/100\n|-weather|SunnyDay|[from] ability: Drought|[of] p2b: Torkoal\n|turn|2\n|\n|t:|1699164124\n|switch|p1a: Clefable|Clefable, F|100\/100\n|move|p2a: Baxcalibur|Protect|p2a: Baxcalibur\n|-singleturn|p2a: Baxcalibur|Protect\n|move|p1b: Rotom|Discharge|p2a: Baxcalibur|[spread] p1a,p2b\n|-activate|p2a: Baxcalibur|move: Protect\n|-damage|p1a: Clefable|79\/100\n|-damage|p2b: Torkoal|73\/100\n|move|p2b: Torkoal|Lava Plume|p1a: Clefable|[spread] p1a,p1b\n|-activate|p2a: Baxcalibur|move: Protect\n|-resisted|p1b: Rotom\n|-damage|p1a: Clefable|52\/100\n|-damage|p1b: Rotom|79\/100\n|-status|p1a: Clefable|brn\n|\n|-weather|SunnyDay|[upkeep]\n|-heal|p1b: Rotom|85\/100|[from] item: Leftovers\n|-heal|p1a: Clefable|58\/100 brn|[from] Grassy Terrain\n|-heal|p1a: Clefable|64\/100 brn|[from] item: Leftovers\n|-heal|p2b: Torkoal|79\/100|[from] Grassy Terrain\n|upkeep\n|turn|3\n|\n|t:|1699164151\n|switch|p2a: Amoonguss|Amoonguss, F|100\/100\n|move|p1b: Rotom|Reflect|p1b: Rotom\n|-sidestart|p1: temke|Reflect\n|move|p1a: Clefable|Calm Mind|p1a: Clefable\n|-boost|p1a: Clefable|spa|1\n|-boost|p1a: Clefable|spd|1\n|move|p2b: Torkoal|Yawn|p1b: Rotom\n|-start|p1b: Rotom|move: Yawn|[of] p2b: Torkoal\n|\n|-weather|SunnyDay|[upkeep]\n|-heal|p1b: Rotom|91\/100|[from] item: Leftovers\n|-heal|p1a: Clefable|71\/100 brn|[from] Grassy Terrain\n|-heal|p1a: Clefable|77\/100 brn|[from] item: Leftovers\n|-heal|p2b: Torkoal|85\/100|[from] Grassy Terrain\n|upkeep\n|turn|4\n|\n|t:|1699164171\n|switch|p2b: Walking Wake|Walking Wake|100\/100\n|-activate|p2b: Walking Wake|ability: Protosynthesis\n|-start|p2b: Walking Wake|protosynthesisspe\n|move|p1b: Rotom|Hydro Pump|p2b: Walking Wake\n|-resisted|p2b: Walking Wake\n|-damage|p2b: Walking Wake|95\/100\n|move|p1a: Clefable|Moonblast|p2a: Amoonguss\n|-resisted|p2a: Amoonguss\n|-damage|p2a: Amoonguss|78\/100\n|-unboost|p2a: Amoonguss|spa|1\n|move|p2a: Amoonguss|Clear Smog|p1a: Clefable\n|-supereffective|p1a: Clefable\n|-damage|p1a: Clefable|63\/100 brn\n|-clearboost|p1a: Clefable\n|\n|-weather|SunnyDay|[upkeep]\n|-heal|p2b: Walking Wake|100\/100|[from] Grassy Terrain\n|-heal|p1b: Rotom|98\/100|[from] item: Leftovers\n|-heal|p1a: Clefable|69\/100 brn|[from] Grassy Terrain\n|-heal|p1a: Clefable|75\/100 brn|[from] item: Leftovers\n|-heal|p2a: Amoonguss|84\/100|[from] Grassy Terrain\n|-end|p1b: Rotom|move: Yawn|[silent]\n|-status|p1b: Rotom|slp\n|upkeep\n|turn|5\n|\n|t:|1699164204\n|switch|p1b: Amoonguss|Amoonguss, F|100\/100\n|move|p2a: Amoonguss|Rage Powder|p2a: Amoonguss\n|-singleturn|p2a: Amoonguss|move: Rage Powder\n|move|p2b: Walking Wake|Hydro Steam|p1a: Clefable\n|-damage|p1a: Clefable|0 fnt\n|faint|p1a: Clefable\n|\n|-weather|SunnyDay|[upkeep]\n|-heal|p2a: Amoonguss|90\/100|[from] Grassy Terrain\n|-fieldend|move: Grassy Terrain\n|upkeep\n|\n|t:|1699164218\n|switch|p1a: Gholdengo|Gholdengo|100\/100\n|turn|6\n|\n|t:|1699164231\n|-terastallize|p2b: Walking Wake|Fairy\n|move|p2a: Amoonguss|Protect|p2a: Amoonguss\n|-singleturn|p2a: Amoonguss|Protect\n|move|p2b: Walking Wake|Hydro Steam|p1a: Gholdengo\n|-damage|p1a: Gholdengo|2\/100\n|move|p1a: Gholdengo|Trick|p2b: Walking Wake\n|-activate|p1a: Gholdengo|move: Trick|[of] p2b: Walking Wake\n|-item|p2b: Walking Wake|Sticky Barb|[from] move: Trick\n|-item|p1a: Gholdengo|Choice Specs|[from] move: Trick\n|move|p1b: Amoonguss|Spore|p2b: Walking Wake\n|-status|p2b: Walking Wake|slp|[from] move: Spore\n|\n|-weather|SunnyDay|[upkeep]\n|-damage|p2b: Walking Wake|88\/100 slp|[from] item: Sticky Barb\n|upkeep\n|turn|7\n|\n|t:|1699164258\n|move|p2a: Amoonguss|Protect||[still]\n|-fail|p2a: Amoonguss\n|cant|p2b: Walking Wake|slp\n|move|p1a: Gholdengo|Make It Rain|p2a: Amoonguss|[spread] p2a,p2b\n|-supereffective|p2b: Walking Wake\n|-damage|p2a: Amoonguss|41\/100\n|-damage|p2b: Walking Wake|0 fnt\n|-unboost|p1a: Gholdengo|spa|1\n|faint|p2b: Walking Wake\n|-end|p2b: Walking Wake|Protosynthesis|[silent]\n|move|p1b: Amoonguss|Pollen Puff|p1a: Gholdengo\n|-heal|p1a: Gholdengo|52\/100\n|\n|-weather|SunnyDay|[upkeep]\n|-sideend|p1: temke|Reflect\n|upkeep\n|\n|t:|1699164275\n|switch|p2b: Gholdengo|Gholdengo|100\/100\n|turn|8\n|\n|t:|1699164296\n|switch|p1a: Landorus|Landorus-Therian, M, tera:Flying|6\/100\n|-ability|p1a: Landorus|Intimidate|boost\n|-unboost|p2a: Amoonguss|atk|1\n|-unboost|p2b: Gholdengo|atk|1\n|move|p2a: Amoonguss|Rage Powder|p2a: Amoonguss\n|-singleturn|p2a: Amoonguss|move: Rage Powder\n|move|p2b: Gholdengo|Shadow Ball|p1a: Landorus\n|-damage|p1a: Landorus|0 fnt\n|faint|p1a: Landorus\n|move|p1b: Amoonguss|Spore|p2b: Gholdengo\n|-immune|p2b: Gholdengo|[from] ability: Good as Gold\n|\n|-weather|SunnyDay|[upkeep]\n|upkeep\n|\n|t:|1699164310\n|switch|p1a: Talonflame|Talonflame, M|100\/100\n|turn|9\n|\n|t:|1699164322\n|move|p1b: Amoonguss|Rage Powder|p1b: Amoonguss\n|-singleturn|p1b: Amoonguss|move: Rage Powder\n|move|p2a: Amoonguss|Rage Powder|p2a: Amoonguss\n|-singleturn|p2a: Amoonguss|move: Rage Powder\n|move|p1a: Talonflame|Overheat|p2a: Amoonguss\n|-supereffective|p2a: Amoonguss\n|-damage|p2a: Amoonguss|0 fnt\n|-unboost|p1a: Talonflame|spa|2\n|faint|p2a: Amoonguss\n|move|p2b: Gholdengo|Thunderbolt|p1b: Amoonguss\n|-resisted|p1b: Amoonguss\n|-damage|p1b: Amoonguss|86\/100\n|\n|-weather|none\n|upkeep\n|\n|t:|1699164336\n|switch|p2a: Torkoal|Torkoal, M|85\/100\n|-weather|SunnyDay|[from] ability: Drought|[of] p2a: Torkoal\n|turn|10\n|\n|t:|1699164354\n|switch|p1a: Rotom|Rotom-Wash|98\/100 slp\n|move|p2b: Gholdengo|Make It Rain|p1a: Rotom|[spread] p1a,p1b\n|-resisted|p1a: Rotom\n|-damage|p1a: Rotom|82\/100 slp\n|-damage|p1b: Amoonguss|45\/100\n|-unboost|p2b: Gholdengo|spa|1\n|move|p1b: Amoonguss|Pollen Puff|p2b: Gholdengo\n|-resisted|p2b: Gholdengo\n|-damage|p2b: Gholdengo|96\/100\n|move|p2a: Torkoal|Yawn||[still]\n|-fail|p2a: Torkoal\n|\n|-weather|SunnyDay|[upkeep]\n|-heal|p1a: Rotom|88\/100 slp|[from] item: Leftovers\n|-heal|p2b: Gholdengo|100\/100|[from] item: Leftovers\n|upkeep\n|turn|11\n|\n|t:|1699164384\n|cant|p1a: Rotom|slp\n|move|p2b: Gholdengo|Thunderbolt|p1a: Rotom\n|-damage|p1a: Rotom|59\/100 slp\n|move|p1b: Amoonguss|Spore|p2a: Torkoal\n|-status|p2a: Torkoal|slp|[from] move: Spore\n|cant|p2a: Torkoal|slp\n|\n|-weather|SunnyDay|[upkeep]\n|-heal|p1a: Rotom|65\/100 slp|[from] item: Leftovers\n|upkeep\n|turn|12\n|\n|t:|1699164405\n|switch|p2a: Baxcalibur|Baxcalibur, F|100\/100\n|cant|p1a: Rotom|slp\n|move|p2b: Gholdengo|Shadow Ball|p1a: Rotom\n|-damage|p1a: Rotom|27\/100 slp\n|move|p1b: Amoonguss|Pollen Puff|p1a: Rotom\n|-heal|p1a: Rotom|77\/100 slp\n|\n|-weather|SunnyDay|[upkeep]\n|-heal|p1a: Rotom|83\/100 slp|[from] item: Leftovers\n|upkeep\n|turn|13\n|\n|t:|1699164427\n|move|p2a: Baxcalibur|Icicle Spear|p1b: Amoonguss\n|-supereffective|p1b: Amoonguss\n|-damage|p1b: Amoonguss|21\/100\n|-supereffective|p1b: Amoonguss\n|-damage|p1b: Amoonguss|0 fnt\n|faint|p1b: Amoonguss\n|-hitcount|p1: Amoonguss|2\n|-curestatus|p1a: Rotom|slp|[msg]\n|move|p1a: Rotom|Discharge|p2a: Baxcalibur|[spread] p2a,p2b\n|-resisted|p2a: Baxcalibur\n|-damage|p2a: Baxcalibur|89\/100\n|-damage|p2b: Gholdengo|78\/100\n|move|p2b: Gholdengo|Shadow Ball|p1a: Rotom\n|-damage|p1a: Rotom|48\/100\n|\n|-weather|SunnyDay|[upkeep]\n|-heal|p1a: Rotom|54\/100|[from] item: Leftovers\n|-heal|p2b: Gholdengo|84\/100|[from] item: Leftovers\n|upkeep\n|\n|t:|1699164439\n|switch|p1b: Talonflame|Talonflame, M|100\/100\n|turn|14\n|\n|t:|1699164456\n|move|p2a: Baxcalibur|Protect|p2a: Baxcalibur\n|-singleturn|p2a: Baxcalibur|Protect\n|move|p1b: Talonflame|Overheat|p2a: Baxcalibur\n|-activate|p2a: Baxcalibur|move: Protect\n|move|p1a: Rotom|Hydro Pump|p2b: Gholdengo\n|-damage|p2b: Gholdengo|65\/100\n|move|p2b: Gholdengo|Thunderbolt|p1b: Talonflame\n|-supereffective|p1b: Talonflame\n|-damage|p1b: Talonflame|30\/100\n|-status|p1b: Talonflame|par\n|\n|-weather|SunnyDay|[upkeep]\n|-heal|p1a: Rotom|61\/100|[from] item: Leftovers\n|-heal|p2b: Gholdengo|71\/100|[from] item: Leftovers\n|upkeep\n|turn|15\n|\n|t:|1699164477\n|move|p2a: Baxcalibur|Glaive Rush|p1a: Rotom\n|-damage|p1a: Rotom|0 fnt\n|-singlemove|p2a: Baxcalibur|Glaive Rush|[silent]\n|faint|p1a: Rotom\n|move|p2b: Gholdengo|Thunderbolt|p1b: Talonflame\n|-supereffective|p1b: Talonflame\n|-damage|p1b: Talonflame|0 fnt\n|faint|p1b: Talonflame\n|\n|-weather|SunnyDay|[upkeep]\n|-heal|p2b: Gholdengo|77\/100|[from] item: Leftovers\n|upkeep\n|\n|t:|1699164487\n|switch|p1b: Gholdengo|Gholdengo|52\/100\n|turn|16\n|\n|t:|1699164499\n|move|p2a: Baxcalibur|Glaive Rush|p1b: Gholdengo\n|-resisted|p1b: Gholdengo\n|-damage|p1b: Gholdengo|11\/100\n|-singlemove|p2a: Baxcalibur|Glaive Rush|[silent]\n|move|p1b: Gholdengo|Nasty Plot|p1b: Gholdengo\n|-boost|p1b: Gholdengo|spa|2\n|move|p2b: Gholdengo|Shadow Ball|p1b: Gholdengo\n|-supereffective|p1b: Gholdengo\n|-damage|p1b: Gholdengo|0 fnt\n|faint|p1b: Gholdengo\n|\n|win|Gen1victoryroad\n|raw|temke's rating: 1068 &rarr; <strong>1055<\/strong><br \/>(-13 for losing)\n|raw|Gen1victoryroad's rating: 1204 &rarr; <strong>1220<\/strong><br \/>(+16 for winning)\n|l|\u2606temke\n","uploadtime":1699164510,"views":21,"p1id":"temke","p2id":"gen1victoryroad","formatid":"gen9doublesou","rating":1055,"private":0,"password":""}