{"id":"gen9doublesou-1996404659","p1":"F5SPEAR","p2":"Butter_Dawg0279","format":"[Gen 9] Doubles OU","log":"|j|\u2606F5SPEAR\n|j|\u2606Butter_Dawg0279\n|t:|1700678829\n|gametype|doubles\n|player|p1|F5SPEAR|doubleteam|1218\n|player|p2|Butter_Dawg0279|preschooler|1230\n|teamsize|p1|6\n|teamsize|p2|6\n|gen|9\n|tier|[Gen 9] Doubles OU\n|rated|\n|rule|Species Clause: Limit one of each Pok\u00e9mon\n|rule|OHKO Clause: OHKO moves are banned\n|rule|Evasion Moves Clause: Evasion moves are banned\n|rule|Gravity Sleep Clause: The combination of sleep-inducing moves with imperfect accuracy and Gravity or Gigantamax Orbeetle are banned\n|rule|Endless Battle Clause: Forcing endless battles is banned\n|rule|HP Percentage Mod: HP is shown in percentages\n|clearpoke\n|poke|p1|Chi-Yu|\n|poke|p1|Oricorio, M|\n|poke|p1|Meloetta|\n|poke|p1|Masquerain, M|\n|poke|p1|Amoonguss, M|\n|poke|p1|Flutter Mane|\n|poke|p2|Flutter Mane|\n|poke|p2|Slaking, F|\n|poke|p2|Thundurus-Therian, M|\n|poke|p2|Indeedee-F, F|\n|poke|p2|Gholdengo|\n|poke|p2|Amoonguss, M|\n|teampreview\n|inactive|Battle timer is ON: inactive players will automatically lose when time's up. (requested by F5SPEAR)\n|inactive|Butter_Dawg0279 has 120 seconds left.\n|\n|t:|1700678867\n|start\n|switch|p1a: Chi-Yu|Chi-Yu|100\/100\n|switch|p1b: Flutter Mane|Flutter Mane|100\/100\n|switch|p2a: Slaking|Slaking, F, shiny|100\/100\n|switch|p2b: Indeedee|Indeedee-F, F|100\/100\n|-ability|p1a: Chi-Yu|Beads of Ruin\n|-enditem|p1b: Flutter Mane|Booster Energy\n|-activate|p1b: Flutter Mane|ability: Protosynthesis|[fromitem]\n|-start|p1b: Flutter Mane|protosynthesisspe\n|turn|1\n|\n|t:|1700678888\n|move|p2b: Indeedee|Protect|p2b: Indeedee\n|-singleturn|p2b: Indeedee|Protect\n|move|p1b: Flutter Mane|Dazzling Gleam|p2b: Indeedee|[spread] p2a\n|-activate|p2b: Indeedee|move: Protect\n|-damage|p2a: Slaking|54\/100\n|move|p1a: Chi-Yu|Heat Wave|p2a: Slaking|[spread] p2a\n|-activate|p2b: Indeedee|move: Protect\n|-damage|p2a: Slaking|0 fnt\n|faint|p2a: Slaking\n|\n|upkeep\n|inactive|Butter_Dawg0279 has 120 seconds left.\n|c|\u2606Butter_Dawg0279|Really hoping your team isn't like mine\n|c|\u2606F5SPEAR|y\n|\n|t:|1700678932\n|switch|p2a: Flutter Mane|Flutter Mane|100\/100\n|turn|2\n|inactive|Butter_Dawg0279 has 120 seconds left.\n|\n|t:|1700678949\n|move|p2b: Indeedee|Helping Hand|p2a: Flutter Mane\n|-singleturn|p2a: Flutter Mane|Helping Hand|[of] p2b: Indeedee\n|move|p1b: Flutter Mane|Dazzling Gleam|p2b: Indeedee|[spread] p2a,p2b\n|-damage|p2a: Flutter Mane|55\/100\n|-damage|p2b: Indeedee|69\/100\n|move|p2a: Flutter Mane|Dazzling Gleam|p1b: Flutter Mane|[spread] p1a,p1b\n|-damage|p1a: Chi-Yu|23\/100\n|-damage|p1b: Flutter Mane|6\/100\n|move|p1a: Chi-Yu|Heat Wave|p2a: Flutter Mane|[spread] p2b\n|-miss|p1a: Chi-Yu|p2a: Flutter Mane\n|-crit|p2b: Indeedee\n|-damage|p2b: Indeedee|0 fnt\n|faint|p2b: Indeedee\n|\n|upkeep\n|c|\u2606F5SPEAR|wow\n|\n|t:|1700678970\n|switch|p2b: Gholdengo|Gholdengo|100\/100\n|turn|3\n|c|\u2606F5SPEAR|it miss\n|\n|t:|1700678993\n|switch|p2b: Amoonguss|Amoonguss, M, shiny|100\/100\n|move|p1b: Flutter Mane|Psyshock|p2a: Flutter Mane\n|-damage|p2a: Flutter Mane|0 fnt\n|faint|p2a: Flutter Mane\n|-end|p2a: Flutter Mane|Protosynthesis|[silent]\n|move|p1a: Chi-Yu|Heat Wave|p2b: Amoonguss\n|-supereffective|p2b: Amoonguss\n|-damage|p2b: Amoonguss|0 fnt\n|faint|p2b: Amoonguss\n|\n|upkeep\n|c|\u2606Butter_Dawg0279|Welp\n|\n|t:|1700679005\n|switch|p2a: Thundurus|Thundurus-Therian, M, shiny|100\/100\n|switch|p2b: Gholdengo|Gholdengo|100\/100\n|turn|4\n|c|\u2606F5SPEAR|welp\n|inactive|Butter_Dawg0279 has 90 seconds left.\n|\n|t:|1700679052\n|move|p1b: Flutter Mane|Dazzling Gleam|p2b: Gholdengo|[spread] p2a,p2b\n|-resisted|p2b: Gholdengo\n|-damage|p2a: Thundurus|44\/100\n|-damage|p2b: Gholdengo|77\/100\n|move|p2b: Gholdengo|Psychic|p1b: Flutter Mane\n|-damage|p1b: Flutter Mane|0 fnt\n|faint|p1b: Flutter Mane\n|-end|p1b: Flutter Mane|Protosynthesis|[silent]\n|move|p2a: Thundurus|Wildbolt Storm|p1a: Chi-Yu\n|-damage|p1a: Chi-Yu|0 fnt\n|faint|p1a: Chi-Yu\n|\n|upkeep\n|c|\u2606F5SPEAR|i dead\n|c|\u2606Butter_Dawg0279|Finally\n|\n|t:|1700679066\n|switch|p1b: Masquerain|Masquerain, M|100\/100\n|switch|p1a: Amoonguss|Amoonguss, M|100\/100\n|-ability|p1b: Masquerain|Intimidate|boost\n|-unboost|p2a: Thundurus|atk|1\n|-unboost|p2b: Gholdengo|atk|1\n|turn|5\n|inactive|Butter_Dawg0279 has 90 seconds left.\n|\n|t:|1700679098\n|-terastallize|p2a: Thundurus|Steel\n|move|p1a: Amoonguss|Rage Powder|p1a: Amoonguss\n|-singleturn|p1a: Amoonguss|move: Rage Powder\n|move|p2b: Gholdengo|Psychic|p1a: Amoonguss\n|-supereffective|p1a: Amoonguss\n|-crit|p1a: Amoonguss\n|-damage|p1a: Amoonguss|9\/100\n|-unboost|p1a: Amoonguss|spd|1\n|move|p2a: Thundurus|Wildbolt Storm|p1b: Masquerain|[spread] p1a,p1b\n|-resisted|p1a: Amoonguss\n|-supereffective|p1b: Masquerain\n|-damage|p1a: Amoonguss|0 fnt\n|-damage|p1b: Masquerain|0 fnt\n|faint|p1a: Amoonguss\n|faint|p1b: Masquerain\n|\n|upkeep\n|c|\u2606F5SPEAR|i have a question\n|c|\u2606Butter_Dawg0279|Yeah?\n|inactive|F5SPEAR has 120 seconds left.\n|c|\u2606F5SPEAR|u had rage powder?\n|\n|t:|1700679123\n|switch|p1b: Oricorio|Oricorio, M|100\/100\n|switch|p1a: Meloetta|Meloetta|100\/100\n|turn|6\n|c|\u2606Butter_Dawg0279|Ofc\n|c|\u2606Butter_Dawg0279|Rage powder, protect, spore and toxic\n|inactive|F5SPEAR has 120 seconds left.\n|\n|t:|1700679144\n|-terastallize|p1b: Oricorio|Fire\n|move|p2b: Gholdengo|Psychic|p1a: Meloetta\n|-resisted|p1a: Meloetta\n|-damage|p1a: Meloetta|87\/100\n|move|p2a: Thundurus|Wildbolt Storm|p1a: Meloetta|[spread] p1a,p1b\n|-damage|p1a: Meloetta|34\/100\n|-damage|p1b: Oricorio|11\/100\n|move|p1a: Meloetta|Role Play|p1b: Oricorio\n|-endability|p1a: Meloetta|Serene Grace|[from] move: Role Play\n|-ability|p1a: Meloetta|Dancer|[from] move: Role Play|[of] p1b: Oricorio\n|move|p1b: Oricorio|Quiver Dance|p1b: Oricorio\n|-boost|p1b: Oricorio|spa|1\n|-boost|p1b: Oricorio|spd|1\n|-boost|p1b: Oricorio|spe|1\n|-activate|p1a: Meloetta|ability: Dancer\n|move|p1a: Meloetta|Quiver Dance|p1a: Meloetta|[from]ability: Dancer\n|-boost|p1a: Meloetta|spa|1\n|-boost|p1a: Meloetta|spd|1\n|-boost|p1a: Meloetta|spe|1\n|\n|-heal|p1a: Meloetta|40\/100|[from] item: Leftovers\n|-heal|p1b: Oricorio|17\/100|[from] item: Leftovers\n|upkeep\n|turn|7\n|c|\u2606Butter_Dawg0279|bro\n|c|\u2606Butter_Dawg0279|why\n|inactive|F5SPEAR has 120 seconds left.\n|c|\u2606F5SPEAR|?\n|c|\u2606Butter_Dawg0279|Well that's hardly a fair strat\n|\n|t:|1700679199\n|move|p1a: Meloetta|Relic Song|p2b: Gholdengo|[spread] p2a\n|-immune|p2b: Gholdengo\n|-resisted|p2a: Thundurus\n|-damage|p2a: Thundurus|14\/100\n|-formechange|p1a: Meloetta|Meloetta-Pirouette|[msg]\n|move|p2b: Gholdengo|Psychic|p1b: Oricorio\n|-damage|p1b: Oricorio|0 fnt\n|faint|p1b: Oricorio\n|move|p2a: Thundurus|Wildbolt Storm|p1a: Meloetta\n|-damage|p1a: Meloetta|0 fnt\n|faint|p1a: Meloetta\n|\n|win|Butter_Dawg0279\n|raw|F5SPEAR's rating: 1218 &rarr; <strong>1194<\/strong><br \/>(-24 for losing)\n|raw|Butter_Dawg0279's rating: 1230 &rarr; <strong>1254<\/strong><br \/>(+24 for winning)\n|c|\u2606Butter_Dawg0279|ah\n|c|\u2606Butter_Dawg0279|gg\n|c|\u2606F5SPEAR|still lose\n|c|\u2606Butter_Dawg0279|wp\n|c|\u2606F5SPEAR|gg\n|c|\u2606Butter_Dawg0279|Close, though\n|l|\u2606F5SPEAR\n","uploadtime":1700679222,"views":8,"p1id":"f5spear","p2id":"butterdawg0279","formatid":"gen9doublesou","rating":1194,"private":0,"password":""}