{"id":"gen9doublesou-1976125962","p1":"Manatake Toskaya","p2":"TheTruegear","format":"[Gen 9] Doubles OU","log":"|j|\u2606Manatake Toskaya\n|j|\u2606TheTruegear\n|t:|1698265897\n|gametype|doubles\n|player|p1|Manatake Toskaya|265|\n|player|p2|TheTruegear|pokemonranger-gen4|\n|teamsize|p1|6\n|teamsize|p2|6\n|gen|9\n|tier|[Gen 9] Doubles OU\n|rule|Species Clause: Limit one of each Pok\u00e9mon\n|rule|OHKO Clause: OHKO moves are banned\n|rule|Evasion Moves Clause: Evasion moves are banned\n|rule|Gravity Sleep Clause: The combination of sleep-inducing moves with imperfect accuracy and Gravity or Gigantamax Orbeetle are banned\n|rule|Endless Battle Clause: Forcing endless battles is banned\n|rule|HP Percentage Mod: HP is shown in percentages\n|clearpoke\n|poke|p1|Rillaboom, M|\n|poke|p1|Torkoal, F|\n|poke|p1|Lilligant, F|\n|poke|p1|Iron Leaves|\n|poke|p1|Walking Wake|\n|poke|p1|Ceruledge, M|\n|poke|p2|Flutter Mane|\n|poke|p2|Armarouge, F|\n|poke|p2|Torkoal, M|\n|poke|p2|Chi-Yu|\n|poke|p2|Heatran, F|\n|poke|p2|Lilligant-Hisui, F|\n|teampreview\n|\n|t:|1698265909\n|start\n|switch|p1a: Rillaboom|Rillaboom, M|100\/100\n|switch|p1b: Torkoal|Torkoal, F|100\/100\n|switch|p2a: Torkoal|Torkoal, M|100\/100\n|switch|p2b: Chi-Yu|Chi-Yu|100\/100\n|-ability|p2b: Chi-Yu|Beads of Ruin\n|-fieldstart|move: Grassy Terrain|[from] ability: Grassy Surge|[of] p1a: Rillaboom\n|-weather|SunnyDay|[from] ability: Drought|[of] p1b: Torkoal\n|turn|1\n|\n|t:|1698265928\n|move|p1a: Rillaboom|Fake Out|p2b: Chi-Yu\n|-damage|p2b: Chi-Yu|77\/100\n|cant|p2b: Chi-Yu|flinch\n|move|p1b: Torkoal|Earth Power|p2b: Chi-Yu\n|-supereffective|p2b: Chi-Yu\n|-damage|p2b: Chi-Yu|38\/100\n|move|p2a: Torkoal|Stealth Rock|p1b: Torkoal\n|-sidestart|p1: Manatake Toskaya|move: Stealth Rock\n|\n|-weather|SunnyDay|[upkeep]\n|-heal|p2b: Chi-Yu|44\/100|[from] Grassy Terrain\n|upkeep\n|turn|2\n|\n|t:|1698265960\n|switch|p1a: Walking Wake|Walking Wake|100\/100\n|-damage|p1a: Walking Wake|88\/100|[from] Stealth Rock\n|-activate|p1a: Walking Wake|ability: Protosynthesis\n|-start|p1a: Walking Wake|protosynthesisspa\n|move|p2b: Chi-Yu|Overheat|p1a: Walking Wake\n|-resisted|p1a: Walking Wake\n|-damage|p1a: Walking Wake|36\/100\n|-unboost|p2b: Chi-Yu|spa|2\n|-damage|p2b: Chi-Yu|34\/100|[from] item: Life Orb\n|move|p1b: Torkoal|Earth Power|p2b: Chi-Yu\n|-supereffective|p2b: Chi-Yu\n|-damage|p2b: Chi-Yu|0 fnt\n|faint|p2b: Chi-Yu\n|move|p2a: Torkoal|Lava Plume|p1b: Torkoal|[spread] p1a,p1b\n|-resisted|p1a: Walking Wake\n|-resisted|p1b: Torkoal\n|-damage|p1a: Walking Wake|28\/100\n|-damage|p1b: Torkoal|88\/100\n|-status|p1a: Walking Wake|brn\n|\n|-weather|SunnyDay|[upkeep]\n|-heal|p1a: Walking Wake|34\/100 brn|[from] Grassy Terrain\n|-heal|p1a: Walking Wake|40\/100 brn|[from] item: Leftovers\n|-heal|p1b: Torkoal|94\/100|[from] Grassy Terrain\n|-damage|p1a: Walking Wake|34\/100 brn|[from] brn\n|upkeep\n|\n|t:|1698265988\n|switch|p2b: Flutter Mane|Flutter Mane|100\/100\n|-activate|p2b: Flutter Mane|ability: Protosynthesis\n|-start|p2b: Flutter Mane|protosynthesisspe\n|turn|3\n|\n|t:|1698266004\n|move|p1a: Walking Wake|Protect|p1a: Walking Wake\n|-singleturn|p1a: Walking Wake|Protect\n|move|p2b: Flutter Mane|Dazzling Gleam|p1b: Torkoal|[spread] p1b\n|-activate|p1a: Walking Wake|move: Protect\n|-resisted|p1b: Torkoal\n|-damage|p1b: Torkoal|71\/100\n|move|p1b: Torkoal|Yawn|p2b: Flutter Mane\n|-start|p2b: Flutter Mane|move: Yawn|[of] p1b: Torkoal\n|move|p2a: Torkoal|Yawn|p1b: Torkoal\n|-start|p1b: Torkoal|move: Yawn|[of] p2a: Torkoal\n|\n|-weather|SunnyDay|[upkeep]\n|-heal|p1a: Walking Wake|40\/100 brn|[from] Grassy Terrain\n|-heal|p1a: Walking Wake|47\/100 brn|[from] item: Leftovers\n|-heal|p1b: Torkoal|77\/100|[from] Grassy Terrain\n|-damage|p1a: Walking Wake|40\/100 brn|[from] brn\n|upkeep\n|turn|4\n|\n|t:|1698266031\n|switch|p1b: Lilligant|Lilligant, F|100\/100\n|-damage|p1b: Lilligant|88\/100|[from] Stealth Rock\n|switch|p2a: Heatran|Heatran, F|100\/100\n|-item|p2a: Heatran|Air Balloon\n|move|p2b: Flutter Mane|Dazzling Gleam|p1b: Lilligant|[spread] p1a,p1b\n|-supereffective|p1a: Walking Wake\n|-damage|p1a: Walking Wake|0 fnt\n|-damage|p1b: Lilligant|30\/100\n|faint|p1a: Walking Wake\n|-end|p1a: Walking Wake|Protosynthesis|[silent]\n|\n|-weather|SunnyDay|[upkeep]\n|-heal|p1b: Lilligant|37\/100|[from] Grassy Terrain\n|-end|p2b: Flutter Mane|move: Yawn|[silent]\n|-status|p2b: Flutter Mane|slp\n|upkeep\n|\n|t:|1698266065\n|switch|p1a: Iron Leaves|Iron Leaves|100\/100\n|-damage|p1a: Iron Leaves|88\/100|[from] Stealth Rock\n|-enditem|p1a: Iron Leaves|Booster Energy\n|-activate|p1a: Iron Leaves|ability: Quark Drive|[fromitem]\n|-start|p1a: Iron Leaves|quarkdriveatk\n|turn|5\n|\n|t:|1698266102\n|cant|p2b: Flutter Mane|slp\n|move|p1b: Lilligant|After You|p1a: Iron Leaves\n|-activate|p1a: Iron Leaves|move: After You\n|move|p1a: Iron Leaves|Solar Blade||[still]\n|-prepare|p1a: Iron Leaves|Solar Blade\n|-anim|p1a: Iron Leaves|Solar Blade|p2b: Flutter Mane\n|-damage|p2b: Flutter Mane|0 fnt\n|faint|p2b: Flutter Mane\n|-end|p2b: Flutter Mane|Protosynthesis|[silent]\n|move|p2a: Heatran|Flash Cannon|p1a: Iron Leaves\n|-damage|p1a: Iron Leaves|47\/100\n|\n|-weather|SunnyDay|[upkeep]\n|-heal|p1b: Lilligant|43\/100|[from] Grassy Terrain\n|-heal|p1a: Iron Leaves|54\/100|[from] Grassy Terrain\n|upkeep\n|\n|t:|1698266116\n|switch|p2b: Armarouge|Armarouge, F|100\/100\n|turn|6\n|\n|t:|1698266134\n|move|p1b: Lilligant|After You|p1a: Iron Leaves\n|-activate|p1a: Iron Leaves|move: After You\n|move|p1a: Iron Leaves|Close Combat|p2a: Heatran\n|-supereffective|p2a: Heatran\n|-damage|p2a: Heatran|2\/100\n|-unboost|p1a: Iron Leaves|def|1\n|-unboost|p1a: Iron Leaves|spd|1\n|-enditem|p2a: Heatran|Air Balloon\n|move|p2b: Armarouge|Armor Cannon|p1a: Iron Leaves\n|-supereffective|p1a: Iron Leaves\n|-damage|p1a: Iron Leaves|0 fnt\n|-unboost|p2b: Armarouge|def|1\n|-unboost|p2b: Armarouge|spd|1\n|faint|p1a: Iron Leaves\n|-end|p1a: Iron Leaves|Quark Drive|[silent]\n|-damage|p2b: Armarouge|91\/100|[from] item: Life Orb\n|move|p2a: Heatran|Flash Cannon|p1b: Lilligant\n|-damage|p1b: Lilligant|0 fnt\n|faint|p1b: Lilligant\n|\n|-weather|SunnyDay|[upkeep]\n|-heal|p2b: Armarouge|97\/100|[from] Grassy Terrain\n|-heal|p2a: Heatran|8\/100|[from] Grassy Terrain\n|upkeep\n|\n|t:|1698266157\n|switch|p1a: Ceruledge|Ceruledge, M|100\/100\n|switch|p1b: Rillaboom|Rillaboom, M|100\/100\n|-damage|p1a: Ceruledge|76\/100|[from] Stealth Rock\n|-damage|p1b: Rillaboom|88\/100|[from] Stealth Rock\n|turn|7\n|\n|t:|1698266189\n|move|p1b: Rillaboom|Fake Out|p2b: Armarouge\n|-damage|p2b: Armarouge|75\/100\n|cant|p2b: Armarouge|flinch\n|move|p1a: Ceruledge|Solar Blade||[still]\n|-prepare|p1a: Ceruledge|Solar Blade\n|-anim|p1a: Ceruledge|Solar Blade|p2a: Heatran\n|-resisted|p2a: Heatran\n|-damage|p2a: Heatran|0 fnt\n|faint|p2a: Heatran\n|\n|-weather|SunnyDay|[upkeep]\n|-heal|p2b: Armarouge|81\/100|[from] Grassy Terrain\n|-heal|p1b: Rillaboom|94\/100|[from] Grassy Terrain\n|-heal|p1a: Ceruledge|82\/100|[from] Grassy Terrain\n|upkeep\n|\n|t:|1698266209\n|switch|p2a: Torkoal|Torkoal, M|100\/100\n|turn|8\n|\n|t:|1698266228\n|switch|p1b: Torkoal|Torkoal, F|77\/100\n|-damage|p1b: Torkoal|52\/100|[from] Stealth Rock\n|move|p2b: Armarouge|Armor Cannon|p1b: Torkoal\n|-resisted|p1b: Torkoal\n|-damage|p1b: Torkoal|0 fnt\n|-unboost|p2b: Armarouge|def|1\n|-unboost|p2b: Armarouge|spd|1\n|faint|p1b: Torkoal\n|-damage|p2b: Armarouge|71\/100|[from] item: Life Orb\n|move|p1a: Ceruledge|Bulk Up|p1a: Ceruledge\n|-boost|p1a: Ceruledge|atk|1\n|-boost|p1a: Ceruledge|def|1\n|move|p2a: Torkoal|Yawn|p1a: Ceruledge\n|-start|p1a: Ceruledge|move: Yawn|[of] p2a: Torkoal\n|\n|-weather|none\n|-heal|p2b: Armarouge|77\/100|[from] Grassy Terrain\n|-heal|p1a: Ceruledge|88\/100|[from] Grassy Terrain\n|-fieldend|move: Grassy Terrain\n|upkeep\n|\n|t:|1698266246\n|switch|p1b: Rillaboom|Rillaboom, M|94\/100\n|-damage|p1b: Rillaboom|82\/100|[from] Stealth Rock\n|-fieldstart|move: Grassy Terrain|[from] ability: Grassy Surge|[of] p1b: Rillaboom\n|turn|9\n|\n|t:|1698266264\n|move|p1b: Rillaboom|Fake Out|p2b: Armarouge\n|-crit|p2b: Armarouge\n|-damage|p2b: Armarouge|32\/100\n|cant|p2b: Armarouge|flinch\n|move|p1a: Ceruledge|Bitter Blade|p2a: Torkoal\n|-resisted|p2a: Torkoal\n|-damage|p2a: Torkoal|70\/100\n|-heal|p1a: Ceruledge|99\/100|[from] drain|[of] p2a: Torkoal\n|move|p2a: Torkoal|Clear Smog|p1a: Ceruledge\n|-resisted|p1a: Ceruledge\n|-damage|p1a: Ceruledge|95\/100\n|-clearboost|p1a: Ceruledge\n|\n|-heal|p2b: Armarouge|38\/100|[from] Grassy Terrain\n|-heal|p1a: Ceruledge|100\/100|[from] Grassy Terrain\n|-heal|p1b: Rillaboom|88\/100|[from] Grassy Terrain\n|-heal|p2a: Torkoal|76\/100|[from] Grassy Terrain\n|-end|p1a: Ceruledge|move: Yawn|[silent]\n|-status|p1a: Ceruledge|slp\n|upkeep\n|turn|10\n|\n|t:|1698266296\n|move|p2b: Armarouge|Armor Cannon|p1b: Rillaboom\n|-supereffective|p1b: Rillaboom\n|-damage|p1b: Rillaboom|0 fnt\n|-unboost|p2b: Armarouge|def|1\n|-unboost|p2b: Armarouge|spd|1\n|faint|p1b: Rillaboom\n|-damage|p2b: Armarouge|28\/100|[from] item: Life Orb\n|cant|p1a: Ceruledge|slp\n|move|p2a: Torkoal|Lava Plume|p1a: Ceruledge|[spread] \n|-start|p2b: Armarouge|ability: Flash Fire\n|-start|p1a: Ceruledge|ability: Flash Fire\n|\n|-heal|p2b: Armarouge|35\/100|[from] Grassy Terrain\n|-heal|p2a: Torkoal|82\/100|[from] Grassy Terrain\n|upkeep\n|turn|11\n|\n|t:|1698266338\n|move|p2b: Armarouge|Psychic|p1a: Ceruledge\n|-damage|p1a: Ceruledge|38\/100 slp\n|-damage|p2b: Armarouge|25\/100|[from] item: Life Orb\n|cant|p1a: Ceruledge|slp\n|move|p2a: Torkoal|Clear Smog|p1a: Ceruledge\n|-resisted|p1a: Ceruledge\n|-damage|p1a: Ceruledge|33\/100 slp\n|-clearboost|p1a: Ceruledge\n|\n|-heal|p2b: Armarouge|31\/100|[from] Grassy Terrain\n|-heal|p1a: Ceruledge|39\/100 slp|[from] Grassy Terrain\n|-heal|p2a: Torkoal|88\/100|[from] Grassy Terrain\n|upkeep\n|turn|12\n|\n|t:|1698266355\n|cant|p1a: Ceruledge|slp\n|move|p2b: Armarouge|Psychic|p1a: Ceruledge\n|-damage|p1a: Ceruledge|0 fnt\n|faint|p1a: Ceruledge\n|-damage|p2b: Armarouge|21\/100|[from] item: Life Orb\n|\n|win|TheTruegear\n","uploadtime":1698266366,"views":24,"p1id":"manataketoskaya","p2id":"thetruegear","formatid":"gen9doublesou","rating":0,"private":0,"password":""}