{"id":"gen9doublesou-1969221884","p1":"Leblades123","p2":"idkjusttestin","format":"[Gen 9] Doubles OU","log":"|j|\u2606Leblades123\n|j|\u2606idkjusttestin\n|t:|1697501934\n|gametype|doubles\n|player|p1|Leblades123|scientist-gen4|1054\n|player|p2|idkjusttestin|roxie|1159\n|teamsize|p1|6\n|teamsize|p2|6\n|gen|9\n|tier|[Gen 9] Doubles OU\n|rated|\n|rule|Species Clause: Limit one of each Pok\u00e9mon\n|rule|OHKO Clause: OHKO moves are banned\n|rule|Evasion Moves Clause: Evasion moves are banned\n|rule|Gravity Sleep Clause: The combination of sleep-inducing moves with imperfect accuracy and Gravity or Gigantamax Orbeetle are banned\n|rule|Endless Battle Clause: Forcing endless battles is banned\n|rule|HP Percentage Mod: HP is shown in percentages\n|clearpoke\n|poke|p1|Snorlax, M|\n|poke|p1|Clefairy, M|\n|poke|p1|Empoleon, F|\n|poke|p1|Sneasler, F|\n|poke|p1|Mamoswine, M|\n|poke|p1|Moltres-Galar|\n|poke|p2|Goodra-Hisui, F|\n|poke|p2|Dipplin, M|\n|poke|p2|Arcanine, F|\n|poke|p2|Weezing-Galar, F|\n|poke|p2|Cresselia, F|\n|poke|p2|Gliscor, M|\n|teampreview\n|\n|t:|1697501957\n|start\n|switch|p1a: Empoleon|Empoleon, F|100\/100\n|switch|p1b: Mamoswine|Mamoswine, M|100\/100\n|switch|p2a: Weezing|Weezing-Galar, F|100\/100\n|switch|p2b: Goodra|Goodra-Hisui, F|100\/100\n|-fieldstart|move: Misty Terrain|[from] ability: Misty Surge|[of] p2a: Weezing\n|turn|1\n|inactive|Battle timer is ON: inactive players will automatically lose when time's up. (requested by idkjusttestin)\n|\n|t:|1697501973\n|switch|p2a: Cresselia|Cresselia, F|100\/100\n|-terastallize|p2b: Goodra|Water\n|move|p1b: Mamoswine|Trailblaze|p2a: Cresselia\n|-damage|p2a: Cresselia|89\/100\n|-boost|p1b: Mamoswine|spe|1\n|move|p1a: Empoleon|Flash Cannon|p2a: Cresselia\n|-damage|p2a: Cresselia|62\/100\n|move|p2b: Goodra|Muddy Water|p1a: Empoleon|[spread] p1a,p1b\n|-resisted|p1a: Empoleon\n|-supereffective|p1b: Mamoswine\n|-damage|p1a: Empoleon|90\/100\n|-damage|p1b: Mamoswine|16\/100\n|\n|upkeep\n|turn|2\n|inactive|idkjusttestin has 120 seconds left.\n|\n|t:|1697502004\n|switch|p2a: Dipplin|Dipplin, M|100\/100\n|move|p1b: Mamoswine|Icicle Spear|p2a: Dipplin\n|-supereffective|p2a: Dipplin\n|-crit|p2a: Dipplin\n|-damage|p2a: Dipplin|54\/100\n|-supereffective|p2a: Dipplin\n|-damage|p2a: Dipplin|21\/100\n|-supereffective|p2a: Dipplin\n|-damage|p2a: Dipplin|0 fnt\n|faint|p2a: Dipplin\n|-hitcount|p2: Dipplin|3\n|move|p1a: Empoleon|Blizzard|p2b: Goodra\n|-resisted|p2b: Goodra\n|-damage|p2b: Goodra|87\/100\n|move|p2b: Goodra|Muddy Water|p1a: Empoleon|[spread] p1a,p1b\n|-resisted|p1a: Empoleon\n|-supereffective|p1b: Mamoswine\n|-damage|p1a: Empoleon|80\/100\n|-damage|p1b: Mamoswine|0 fnt\n|faint|p1b: Mamoswine\n|\n|upkeep\n|\n|t:|1697502017\n|switch|p1b: Moltres|Moltres-Galar|100\/100\n|switch|p2a: Gliscor|Gliscor, M|100\/100\n|turn|3\n|\n|t:|1697502034\n|move|p2a: Gliscor|High Horsepower|p1a: Empoleon\n|-supereffective|p1a: Empoleon\n|-damage|p1a: Empoleon|15\/100\n|move|p1b: Moltres|Fiery Wrath|p2a: Gliscor|[spread] p2a,p2b\n|-crit|p2b: Goodra\n|-damage|p2a: Gliscor|70\/100\n|-damage|p2b: Goodra|48\/100\n|move|p1a: Empoleon|Blizzard|p2b: Goodra|[spread] p2a,p2b\n|-supereffective|p2a: Gliscor\n|-resisted|p2b: Goodra\n|-damage|p2a: Gliscor|0 fnt\n|-damage|p2b: Goodra|39\/100\n|faint|p2a: Gliscor\n|move|p2b: Goodra|Draco Meteor|p1b: Moltres\n|-crit|p1b: Moltres\n|-damage|p1b: Moltres|27\/100\n|-unboost|p2b: Goodra|spa|2\n|-ability|p1b: Moltres|Berserk|boost\n|-boost|p1b: Moltres|spa|1\n|\n|upkeep\n|\n|t:|1697502050\n|switch|p2a: Weezing|Weezing-Galar, F|100\/100\n|turn|4\n|\n|t:|1697502062\n|switch|p1b: Sneasler|Sneasler, F|100\/100\n|move|p1a: Empoleon|Flash Cannon|p2a: Weezing\n|-supereffective|p2a: Weezing\n|-damage|p2a: Weezing|21\/100\n|-enditem|p2a: Weezing|Aguav Berry|[eat]\n|-heal|p2a: Weezing|54\/100|[from] item: Aguav Berry\n|move|p2a: Weezing|Haze|p2a: Weezing\n|-clearallboost\n|move|p2b: Goodra|Life Dew|p2b: Goodra|[spread] p2a,p2b\n|-heal|p2a: Weezing|79\/100\n|-heal|p2b: Goodra|64\/100\n|\n|upkeep\n|turn|5\n|\n|t:|1697502081\n|move|p1b: Sneasler|Swords Dance|p1b: Sneasler\n|-boost|p1b: Sneasler|atk|2\n|move|p1a: Empoleon|Flash Cannon|p2a: Weezing\n|-supereffective|p2a: Weezing\n|-damage|p2a: Weezing|2\/100\n|move|p2a: Weezing|Toxic Spikes|p1a: Empoleon\n|-sidestart|p1: Leblades123|move: Toxic Spikes\n|move|p2b: Goodra|Muddy Water|p1b: Sneasler|[spread] p1a,p1b\n|-resisted|p1a: Empoleon\n|-damage|p1a: Empoleon|4\/100\n|-damage|p1b: Sneasler|51\/100\n|\n|-fieldend|Misty Terrain\n|upkeep\n|turn|6\n|\n|t:|1697502096\n|switch|p2a: Arcanine|Arcanine, F|100\/100\n|-ability|p2a: Arcanine|Intimidate|boost\n|-unboost|p1a: Empoleon|atk|1\n|-ability|p1a: Empoleon|Competitive|boost\n|-boost|p1a: Empoleon|spa|2\n|-unboost|p1b: Sneasler|atk|1\n|move|p1b: Sneasler|Close Combat|p2a: Arcanine\n|-damage|p2a: Arcanine|9\/100\n|-unboost|p1b: Sneasler|def|1\n|-unboost|p1b: Sneasler|spd|1\n|-enditem|p1b: Sneasler|White Herb\n|-clearnegativeboost|p1b: Sneasler|[silent]\n|move|p1a: Empoleon|Flash Cannon|p2a: Arcanine\n|-resisted|p2a: Arcanine\n|-damage|p2a: Arcanine|0 fnt\n|faint|p2a: Arcanine\n|move|p2b: Goodra|Muddy Water|p1b: Sneasler|[spread] p1a,p1b\n|-resisted|p1a: Empoleon\n|-damage|p1a: Empoleon|0 fnt\n|-damage|p1b: Sneasler|5\/100\n|faint|p1a: Empoleon\n|\n|upkeep\n|\n|t:|1697502115\n|switch|p2a: Cresselia|Cresselia, F|62\/100\n|switch|p1a: Snorlax|Snorlax, M|100\/100\n|-status|p1a: Snorlax|psn\n|turn|7\n|\n|t:|1697502138\n|move|p1b: Sneasler|Dire Claw|p2a: Cresselia\n|-damage|p2a: Cresselia|19\/100\n|-status|p2a: Cresselia|par\n|move|p2b: Goodra|Muddy Water|p1a: Snorlax|[spread] p1a,p1b\n|-damage|p1a: Snorlax|79\/100 psn\n|-damage|p1b: Sneasler|0 fnt\n|-unboost|p1a: Snorlax|accuracy|1\n|faint|p1b: Sneasler\n|move|p1a: Snorlax|Curse|p1a: Snorlax\n|-unboost|p1a: Snorlax|spe|1\n|-boost|p1a: Snorlax|atk|1\n|-boost|p1a: Snorlax|def|1\n|cant|p2a: Cresselia|par\n|\n|-damage|p1a: Snorlax|67\/100 psn|[from] psn\n|upkeep\n|\n|t:|1697502145\n|switch|p1b: Moltres|Moltres-Galar|27\/100\n|turn|8\n|\n|t:|1697502158\n|move|p1b: Moltres|Fiery Wrath|p2a: Cresselia|[spread] p2a,p2b\n|-supereffective|p2a: Cresselia\n|-damage|p2a: Cresselia|0 fnt\n|-damage|p2b: Goodra|37\/100\n|faint|p2a: Cresselia\n|move|p2b: Goodra|Muddy Water|p1b: Moltres|[spread] p1a,p1b\n|-damage|p1a: Snorlax|46\/100 psn\n|-damage|p1b: Moltres|2\/100\n|-unboost|p1b: Moltres|accuracy|1\n|-enditem|p1a: Snorlax|Aguav Berry|[eat]\n|-heal|p1a: Snorlax|79\/100 psn|[from] item: Aguav Berry\n|move|p1a: Snorlax|Body Slam|p2b: Goodra\n|-damage|p2b: Goodra|0 fnt\n|faint|p2b: Goodra\n|\n|-damage|p1a: Snorlax|66\/100 psn|[from] psn\n|upkeep\n|c|\u2606idkjusttestin|gg\n|inactive|idkjusttestin has 120 seconds left.\n|c|\u2606idkjusttestin|of all the times to get paralyzed... was using lunar blessing\n|-message|idkjusttestin forfeited.\n|\n|win|Leblades123\n|raw|Leblades123's rating: 1054 &rarr; <strong>1095<\/strong><br \/>(+41 for winning)\n|raw|idkjusttestin's rating: 1159 &rarr; <strong>1127<\/strong><br \/>(-32 for losing)\n|l|\u2606idkjusttestin\n","uploadtime":1697502205,"views":16,"p1id":"leblades123","p2id":"idkjusttestin","formatid":"gen9doublesou","rating":1095,"private":0,"password":""}