{"id":"gen9doublesou-1991618126","p1":"Jourvicious","p2":"kitsu-aria","format":"[Gen 9] Doubles OU","log":"|j|\u2606Jourvicious\n|j|\u2606kitsu-aria\n|t:|1700094821\n|gametype|doubles\n|player|p1|Jourvicious|lisia-masters|1624\n|player|p2|kitsu-aria|roxie|1609\n|teamsize|p1|6\n|teamsize|p2|6\n|gen|9\n|tier|[Gen 9] Doubles OU\n|rated|\n|rule|Species Clause: Limit one of each Pok\u00e9mon\n|rule|OHKO Clause: OHKO moves are banned\n|rule|Evasion Moves Clause: Evasion moves are banned\n|rule|Gravity Sleep Clause: The combination of sleep-inducing moves with imperfect accuracy and Gravity or Gigantamax Orbeetle are banned\n|rule|Endless Battle Clause: Forcing endless battles is banned\n|rule|HP Percentage Mod: HP is shown in percentages\n|clearpoke\n|poke|p1|Kommo-o, M|\n|poke|p1|Shiftry, F|\n|poke|p1|Tornadus, M|\n|poke|p1|Arcanine-Hisui, F|\n|poke|p1|Sinistcha-Masterpiece|\n|poke|p1|Ninetales-Alola, F|\n|poke|p2|Dondozo, M|\n|poke|p2|Cresselia, F|\n|poke|p2|Ursaluna-Bloodmoon, M|\n|poke|p2|Armarouge, M|\n|poke|p2|Kingambit, F|\n|poke|p2|Breloom, F|\n|teampreview\n|inactive|Battle timer is ON: inactive players will automatically lose when time's up. (requested by Jourvicious)\n|\n|t:|1700094844\n|start\n|switch|p1a: TheShiftDREAM|Shiftry, F, shiny|100\/100\n|switch|p1b: Arcanine|Arcanine-Hisui, F|100\/100\n|switch|p2a: Kingambit|Kingambit, F|100\/100\n|switch|p2b: Cresselia|Cresselia, F|100\/100\n|-ability|p1b: Arcanine|Intimidate|boost\n|-unboost|p2a: Kingambit|atk|1\n|-ability|p2a: Kingambit|Defiant|boost\n|-boost|p2a: Kingambit|atk|2\n|-unboost|p2b: Cresselia|atk|1\n|turn|1\n|\n|t:|1700094861\n|move|p2a: Kingambit|Protect|p2a: Kingambit\n|-singleturn|p2a: Kingambit|Protect\n|move|p1b: Arcanine|Flare Blitz|p2b: Cresselia\n|-crit|p2b: Cresselia\n|-damage|p2b: Cresselia|2\/100\n|-damage|p1b: Arcanine|59\/100|[from] Recoil\n|move|p1a: TheShiftDREAM|Low Kick|p2a: Kingambit\n|-activate|p2a: Kingambit|move: Protect\n|move|p2b: Cresselia|Trick Room|p2b: Cresselia\n|-fieldstart|move: Trick Room|[of] p2b: Cresselia\n|\n|upkeep\n|turn|2\n|\n|t:|1700094887\n|switch|p1b: Tornadus|Tornadus, M|100\/100\n|move|p2b: Cresselia|Ally Switch|p2b: Cresselia\n|swap|p2b: Cresselia|0|[from] move: Ally Switch\n|move|p2b: Kingambit|Iron Head|p1b: Tornadus\n|-damage|p1b: Tornadus|15\/100\n|move|p1a: TheShiftDREAM|Low Kick|p2a: Cresselia\n|-resisted|p2a: Cresselia\n|-damage|p2a: Cresselia|0 fnt\n|faint|p2a: Cresselia\n|\n|upkeep\n|\n|t:|1700094897\n|switch|p2a: Armarouge|Armarouge, M|100\/100\n|turn|3\n|\n|t:|1700094918\n|move|p1b: Tornadus|Tailwind|p1b: Tornadus\n|-sidestart|p1: Jourvicious|move: Tailwind\n|-ability|p1a: TheShiftDREAM|Wind Rider|boost\n|-boost|p1a: TheShiftDREAM|atk|1\n|move|p2b: Kingambit|Iron Head|p1a: TheShiftDREAM\n|-damage|p1a: TheShiftDREAM|10\/100\n|move|p2a: Armarouge|Armor Cannon|p1a: TheShiftDREAM\n|-supereffective|p1a: TheShiftDREAM\n|-damage|p1a: TheShiftDREAM|0 fnt\n|-unboost|p2a: Armarouge|def|1\n|-unboost|p2a: Armarouge|spd|1\n|faint|p1a: TheShiftDREAM\n|-damage|p2a: Armarouge|91\/100|[from] item: Life Orb\n|\n|upkeep\n|\n|t:|1700094932\n|switch|p1a: Kommo-o|Kommo-o, M|100\/100\n|turn|4\n|\n|t:|1700094950\n|move|p1a: Kommo-o|Protect|p1a: Kommo-o\n|-singleturn|p1a: Kommo-o|Protect\n|move|p1b: Tornadus|Taunt|p2a: Armarouge\n|-start|p2a: Armarouge|move: Taunt\n|move|p2b: Kingambit|Iron Head|p1b: Tornadus\n|-damage|p1b: Tornadus|0 fnt\n|faint|p1b: Tornadus\n|move|p2a: Armarouge|Expanding Force|p1a: Kommo-o\n|-activate|p1a: Kommo-o|move: Protect\n|\n|upkeep\n|\n|t:|1700094968\n|switch|p1b: Ninetales|Ninetales-Alola, F|100\/100\n|-weather|Snow|[from] ability: Snow Warning|[of] p1b: Ninetales\n|turn|5\n|\n|t:|1700094983\n|-terastallize|p1b: Ninetales|Water\n|move|p2b: Kingambit|Iron Head|p1b: Ninetales\n|-resisted|p1b: Ninetales\n|-damage|p1b: Ninetales|49\/100\n|move|p2a: Armarouge|Expanding Force|p1a: Kommo-o\n|-supereffective|p1a: Kommo-o\n|-damage|p1a: Kommo-o|0 fnt\n|faint|p1a: Kommo-o\n|-damage|p2a: Armarouge|81\/100|[from] item: Life Orb\n|move|p1b: Ninetales|Aurora Veil|p1b: Ninetales\n|-sidestart|p1: Jourvicious|move: Aurora Veil\n|\n|-weather|Snow|[upkeep]\n|-fieldend|move: Trick Room\n|upkeep\n|\n|t:|1700095000\n|switch|p1a: Arcanine|Arcanine-Hisui, F|59\/100\n|-ability|p1a: Arcanine|Intimidate|boost\n|-unboost|p2a: Armarouge|atk|1\n|-unboost|p2b: Kingambit|atk|1\n|-ability|p2b: Kingambit|Defiant|boost\n|-boost|p2b: Kingambit|atk|2\n|turn|6\n|inactive|kitsu-aria has 120 seconds left.\n|\n|t:|1700095046\n|switch|p1b: Sinistcha|Sinistcha-Masterpiece|100\/100\n|-heal|p1a: Arcanine|84\/100|[from] ability: Hospitality|[of] p1b: Sinistcha\n|move|p2b: Kingambit|Protect|p2b: Kingambit\n|-singleturn|p2b: Kingambit|Protect\n|move|p1a: Arcanine|Flare Blitz|p2b: Kingambit\n|-activate|p2b: Kingambit|move: Protect\n|move|p2a: Armarouge|Energy Ball|p1b: Sinistcha\n|-resisted|p1b: Sinistcha\n|-damage|p1b: Sinistcha|88\/100\n|-damage|p2a: Armarouge|71\/100|[from] item: Life Orb\n|\n|-weather|Snow|[upkeep]\n|-end|p2a: Armarouge|move: Taunt\n|-sideend|p1: Jourvicious|move: Tailwind\n|upkeep\n|turn|7\n|inactive|kitsu-aria has 120 seconds left.\n|\n|t:|1700095060\n|move|p2b: Kingambit|Sucker Punch|p1a: Arcanine\n|-damage|p1a: Arcanine|12\/100\n|move|p1a: Arcanine|Flare Blitz|p2b: Kingambit\n|-supereffective|p2b: Kingambit\n|-damage|p2b: Kingambit|0 fnt\n|faint|p2b: Kingambit\n|-damage|p1a: Arcanine|0 fnt|[from] Recoil\n|faint|p1a: Arcanine\n|move|p1b: Sinistcha|Calm Mind|p1b: Sinistcha\n|-boost|p1b: Sinistcha|spa|1\n|-boost|p1b: Sinistcha|spd|1\n|move|p2a: Armarouge|Armor Cannon|p1b: Sinistcha\n|-supereffective|p1b: Sinistcha\n|-damage|p1b: Sinistcha|12\/100\n|-unboost|p2a: Armarouge|def|1\n|-unboost|p2a: Armarouge|spd|1\n|-enditem|p1b: Sinistcha|Sitrus Berry|[eat]\n|-heal|p1b: Sinistcha|37\/100|[from] item: Sitrus Berry\n|-damage|p2a: Armarouge|61\/100|[from] item: Life Orb\n|\n|-weather|Snow|[upkeep]\n|upkeep\n|inactive|kitsu-aria has 120 seconds left.\n|inactive|kitsu-aria has 90 seconds left.\n|inactive|kitsu-aria has 60 seconds left.\n|\n|t:|1700095164\n|switch|p1a: Ninetales|Ninetales-Alola, F, tera:Water|49\/100\n|switch|p2b: Ursaluna|Ursaluna-Bloodmoon, M|100\/100\n|turn|8\n|\n|t:|1700095174\n|move|p1a: Ninetales|Blizzard|p2b: Ursaluna|[spread] p2a,p2b\n|-resisted|p2a: Armarouge\n|-supereffective|p2b: Ursaluna\n|-damage|p2a: Armarouge|25\/100\n|-damage|p2b: Ursaluna|29\/100\n|move|p1b: Sinistcha|Matcha Gotcha|p2b: Ursaluna|[spread] p2a\n|-miss|p1b: Sinistcha|p2b: Ursaluna\n|-resisted|p2a: Armarouge\n|-damage|p2a: Armarouge|0 fnt\n|-heal|p1b: Sinistcha|50\/100|[from] drain|[of] p2a: Armarouge\n|faint|p2a: Armarouge\n|move|p2b: Ursaluna|Blood Moon|p1a: Ninetales\n|-damage|p1a: Ninetales|0 fnt\n|faint|p1a: Ninetales\n|\n|-weather|Snow|[upkeep]\n|upkeep\n|inactive|kitsu-aria has 60 seconds left.\n|\n|t:|1700095185\n|switch|p2a: Breloom|Breloom, F|100\/100\n|turn|9\n|\n|t:|1700095189\n|move|p2b: Ursaluna|Protect|p2b: Ursaluna\n|-singleturn|p2b: Ursaluna|Protect\n|move|p1b: Sinistcha|Matcha Gotcha|p2a: Breloom|[spread] p2a\n|-activate|p2b: Ursaluna|move: Protect\n|-resisted|p2a: Breloom\n|-damage|p2a: Breloom|74\/100\n|-heal|p1b: Sinistcha|63\/100|[from] drain|[of] p2a: Breloom\n|-status|p2a: Breloom|brn\n|move|p2a: Breloom|Bullet Seed|p1b: Sinistcha\n|-resisted|p1b: Sinistcha\n|-damage|p1b: Sinistcha|59\/100\n|-resisted|p1b: Sinistcha\n|-damage|p1b: Sinistcha|55\/100\n|-hitcount|p1b: Sinistcha|2\n|-damage|p2a: Breloom|64\/100 brn|[from] item: Life Orb\n|\n|-weather|none\n|-damage|p2a: Breloom|58\/100 brn|[from] brn\n|upkeep\n|turn|10\n|\n|t:|1700095202\n|move|p1b: Sinistcha|Matcha Gotcha|p2a: Breloom|[spread] p2a,p2b\n|-resisted|p2a: Breloom\n|-supereffective|p2b: Ursaluna\n|-damage|p2a: Breloom|30\/100 brn\n|-heal|p1b: Sinistcha|69\/100|[from] drain|[of] p2a: Breloom\n|-damage|p2b: Ursaluna|0 fnt\n|-heal|p1b: Sinistcha|86\/100|[from] drain|[of] p2b: Ursaluna\n|faint|p2b: Ursaluna\n|move|p2a: Breloom|Bullet Seed|p1b: Sinistcha\n|-resisted|p1b: Sinistcha\n|-damage|p1b: Sinistcha|82\/100\n|-resisted|p1b: Sinistcha\n|-damage|p1b: Sinistcha|79\/100\n|-hitcount|p1b: Sinistcha|2\n|-damage|p2a: Breloom|20\/100 brn|[from] item: Life Orb\n|\n|-damage|p2a: Breloom|13\/100 brn|[from] brn\n|upkeep\n|\n|t:|1700095210\n|switch|p2b: The Don|Dondozo, M|100\/100\n|turn|11\n|\n|t:|1700095214\n|-terastallize|p2b: The Don|Dragon\n|move|p1b: Sinistcha|Matcha Gotcha|p2b: The Don|[spread] \n|-miss|p1b: Sinistcha|p2a: Breloom\n|-miss|p1b: Sinistcha|p2b: The Don\n|move|p2a: Breloom|Bullet Seed|p1b: Sinistcha\n|-resisted|p1b: Sinistcha\n|-damage|p1b: Sinistcha|75\/100\n|-resisted|p1b: Sinistcha\n|-damage|p1b: Sinistcha|71\/100\n|-resisted|p1b: Sinistcha\n|-damage|p1b: Sinistcha|68\/100\n|-hitcount|p1b: Sinistcha|3\n|-damage|p2a: Breloom|4\/100 brn|[from] item: Life Orb\n|move|p2b: The Don|Curse|p2b: The Don\n|-unboost|p2b: The Don|spe|1\n|-boost|p2b: The Don|atk|1\n|-boost|p2b: The Don|def|1\n|\n|-damage|p2a: Breloom|0 fnt|[from] brn\n|faint|p2a: Breloom\n|upkeep\n|turn|12\n|\n|t:|1700095228\n|move|p1b: Sinistcha|Calm Mind|p1b: Sinistcha\n|-boost|p1b: Sinistcha|spa|1\n|-boost|p1b: Sinistcha|spd|1\n|move|p2b: The Don|Curse|p2b: The Don\n|-unboost|p2b: The Don|spe|1\n|-boost|p2b: The Don|atk|1\n|-boost|p2b: The Don|def|1\n|\n|-sideend|p1: Jourvicious|move: Aurora Veil\n|upkeep\n|turn|13\n|\n|t:|1700095233\n|move|p1b: Sinistcha|Matcha Gotcha|p2b: The Don\n|-resisted|p2b: The Don\n|-damage|p2b: The Don|84\/100\n|-heal|p1b: Sinistcha|80\/100|[from] drain|[of] p2b: The Don\n|-status|p2b: The Don|brn\n|move|p2b: The Don|Liquidation|p1b: Sinistcha\n|-resisted|p1b: Sinistcha\n|-damage|p1b: Sinistcha|69\/100\n|\n|-heal|p2b: The Don|91\/100 brn|[from] item: Leftovers\n|-damage|p2b: The Don|84\/100 brn|[from] brn\n|upkeep\n|turn|14\n|\n|t:|1700095243\n|move|p1b: Sinistcha|Calm Mind|p1b: Sinistcha\n|-boost|p1b: Sinistcha|spa|1\n|-boost|p1b: Sinistcha|spd|1\n|move|p2b: The Don|Liquidation|p1b: Sinistcha\n|-resisted|p1b: Sinistcha\n|-damage|p1b: Sinistcha|57\/100\n|-unboost|p1b: Sinistcha|def|1\n|\n|-heal|p2b: The Don|91\/100 brn|[from] item: Leftovers\n|-damage|p2b: The Don|84\/100 brn|[from] brn\n|upkeep\n|turn|15\n|\n|t:|1700095252\n|move|p1b: Sinistcha|Matcha Gotcha|p2b: The Don|[miss]\n|-miss|p1b: Sinistcha|p2b: The Don\n|move|p2b: The Don|Liquidation|p1b: Sinistcha\n|-resisted|p1b: Sinistcha\n|-damage|p1b: Sinistcha|45\/100\n|\n|-heal|p2b: The Don|91\/100 brn|[from] item: Leftovers\n|-damage|p2b: The Don|84\/100 brn|[from] brn\n|upkeep\n|turn|16\n|\n|t:|1700095259\n|move|p1b: Sinistcha|Matcha Gotcha|p2b: The Don\n|-resisted|p2b: The Don\n|-damage|p2b: The Don|69\/100 brn\n|-heal|p1b: Sinistcha|56\/100|[from] drain|[of] p2b: The Don\n|move|p2b: The Don|Liquidation|p1b: Sinistcha\n|-resisted|p1b: Sinistcha\n|-damage|p1b: Sinistcha|45\/100\n|\n|-heal|p2b: The Don|75\/100 brn|[from] item: Leftovers\n|-damage|p2b: The Don|69\/100 brn|[from] brn\n|upkeep\n|turn|17\n|\n|t:|1700095270\n|move|p1b: Sinistcha|Matcha Gotcha|p2b: The Don\n|-resisted|p2b: The Don\n|-damage|p2b: The Don|53\/100 brn\n|-heal|p1b: Sinistcha|57\/100|[from] drain|[of] p2b: The Don\n|move|p2b: The Don|Curse|p2b: The Don\n|-unboost|p2b: The Don|spe|1\n|-boost|p2b: The Don|atk|1\n|-boost|p2b: The Don|def|1\n|\n|-heal|p2b: The Don|59\/100 brn|[from] item: Leftovers\n|-damage|p2b: The Don|53\/100 brn|[from] brn\n|upkeep\n|turn|18\n|\n|t:|1700095278\n|move|p2b: The Don|Protect|p2b: The Don\n|-singleturn|p2b: The Don|Protect\n|move|p1b: Sinistcha|Matcha Gotcha|p2b: The Don\n|-activate|p2b: The Don|move: Protect\n|\n|-heal|p2b: The Don|59\/100 brn|[from] item: Leftovers\n|-damage|p2b: The Don|53\/100 brn|[from] brn\n|upkeep\n|turn|19\n|\n|t:|1700095290\n|move|p1b: Sinistcha|Matcha Gotcha|p2b: The Don|[miss]\n|-miss|p1b: Sinistcha|p2b: The Don\n|move|p2b: The Don|Liquidation|p1b: Sinistcha\n|-resisted|p1b: Sinistcha\n|-damage|p1b: Sinistcha|41\/100\n|\n|-heal|p2b: The Don|59\/100 brn|[from] item: Leftovers\n|-damage|p2b: The Don|53\/100 brn|[from] brn\n|upkeep\n|turn|20\n|\n|t:|1700095296\n|move|p1b: Sinistcha|Matcha Gotcha|p2b: The Don\n|-resisted|p2b: The Don\n|-damage|p2b: The Don|37\/100 brn\n|-heal|p1b: Sinistcha|53\/100|[from] drain|[of] p2b: The Don\n|move|p2b: The Don|Liquidation|p1b: Sinistcha\n|-resisted|p1b: Sinistcha\n|-damage|p1b: Sinistcha|38\/100\n|\n|-heal|p2b: The Don|44\/100 brn|[from] item: Leftovers\n|-damage|p2b: The Don|37\/100 brn|[from] brn\n|upkeep\n|turn|21\n|\n|t:|1700095304\n|move|p2b: The Don|Protect|p2b: The Don\n|-singleturn|p2b: The Don|Protect\n|move|p1b: Sinistcha|Matcha Gotcha|p2b: The Don\n|-activate|p2b: The Don|move: Protect\n|\n|-heal|p2b: The Don|44\/100 brn|[from] item: Leftovers\n|-damage|p2b: The Don|37\/100 brn|[from] brn\n|upkeep\n|turn|22\n|\n|t:|1700095322\n|move|p2b: The Don|Protect||[still]\n|-fail|p2b: The Don\n|move|p1b: Sinistcha|Matcha Gotcha|p2b: The Don\n|-resisted|p2b: The Don\n|-damage|p2b: The Don|22\/100 brn\n|-heal|p1b: Sinistcha|49\/100|[from] drain|[of] p2b: The Don\n|\n|-heal|p2b: The Don|28\/100 brn|[from] item: Leftovers\n|-damage|p2b: The Don|22\/100 brn|[from] brn\n|upkeep\n|turn|23\n|\n|t:|1700095330\n|move|p2b: The Don|Protect|p2b: The Don\n|-singleturn|p2b: The Don|Protect\n|move|p1b: Sinistcha|Matcha Gotcha|p2b: The Don\n|-activate|p2b: The Don|move: Protect\n|\n|-heal|p2b: The Don|28\/100 brn|[from] item: Leftovers\n|-damage|p2b: The Don|22\/100 brn|[from] brn\n|upkeep\n|turn|24\n|\n|t:|1700095333\n|move|p1b: Sinistcha|Matcha Gotcha|p2b: The Don\n|-resisted|p2b: The Don\n|-damage|p2b: The Don|6\/100 brn\n|-heal|p1b: Sinistcha|61\/100|[from] drain|[of] p2b: The Don\n|move|p2b: The Don|Liquidation|p1b: Sinistcha\n|-resisted|p1b: Sinistcha\n|-damage|p1b: Sinistcha|46\/100\n|\n|-heal|p2b: The Don|12\/100 brn|[from] item: Leftovers\n|-damage|p2b: The Don|6\/100 brn|[from] brn\n|upkeep\n|turn|25\n|-message|kitsu-aria forfeited.\n|\n|win|Jourvicious\n|raw|Jourvicious's rating: 1624 &rarr; <strong>1644<\/strong><br \/>(+20 for winning)\n|raw|kitsu-aria's rating: 1624 &rarr; <strong>1604<\/strong><br \/>(-20 for losing)\n|l|\u2606kitsu-aria\n","uploadtime":1700095349,"views":13,"p1id":"jourvicious","p2id":"kitsuaria","formatid":"gen9doublesou","rating":1604,"private":0,"password":""}