{"id":"gen9doublesou-1996482693","p1":"NighthawkL06","p2":"Wontolla2008","format":"[Gen 9] Doubles OU","log":"|j|\u2606NighthawkL06\n|j|\u2606Wontolla2008\n|t:|1700686338\n|gametype|doubles\n|player|p1|NighthawkL06|2|1000\n|player|p2|Wontolla2008|pokemaniac|1014\n|teamsize|p1|4\n|teamsize|p2|6\n|gen|9\n|tier|[Gen 9] Doubles OU\n|rated|\n|rule|Species Clause: Limit one of each Pok\u00e9mon\n|rule|OHKO Clause: OHKO moves are banned\n|rule|Evasion Moves Clause: Evasion moves are banned\n|rule|Gravity Sleep Clause: The combination of sleep-inducing moves with imperfect accuracy and Gravity or Gigantamax Orbeetle are banned\n|rule|Endless Battle Clause: Forcing endless battles is banned\n|rule|HP Percentage Mod: HP is shown in percentages\n|clearpoke\n|poke|p1|Enamorus, F|\n|poke|p1|Grimmsnarl, M|\n|poke|p1|Thundurus, M|\n|poke|p1|Sinistcha-Masterpiece|\n|poke|p2|Amoonguss, F|\n|poke|p2|Grimmsnarl, M|\n|poke|p2|Kingambit, M|\n|poke|p2|Baxcalibur, M|\n|poke|p2|Talonflame, M|\n|poke|p2|Eelektross, F|\n|teampreview\n|inactive|Battle timer is ON: inactive players will automatically lose when time's up. (requested by NighthawkL06)\n|inactive|Wontolla2008 has 120 seconds left.\n|\n|t:|1700686414\n|start\n|switch|p1a: Enamorus|Enamorus, F|100\/100\n|switch|p1b: Grimmsnarl|Grimmsnarl, M|100\/100\n|switch|p2a: Talonflame|Talonflame, M|100\/100\n|switch|p2b: Eelektross|Eelektross, F|100\/100\n|turn|1\n|\n|t:|1700686434\n|-terastallize|p1a: Enamorus|Steel\n|move|p2a: Talonflame|Air Cutter|p1a: Enamorus|[spread] p1a,p1b\n|-resisted|p1a: Enamorus\n|-crit|p1b: Grimmsnarl\n|-damage|p1a: Enamorus|92\/100\n|-damage|p1b: Grimmsnarl|84\/100\n|move|p1b: Grimmsnarl|Reflect|p1b: Grimmsnarl\n|-sidestart|p1: NighthawkL06|Reflect\n|move|p1a: Enamorus|Superpower|p2b: Eelektross\n|-crit|p2b: Eelektross\n|-damage|p2b: Eelektross|43\/100\n|-boost|p1a: Enamorus|atk|1\n|-boost|p1a: Enamorus|def|1\n|move|p2b: Eelektross|Thunder Punch|p1a: Enamorus\n|-damage|p1a: Enamorus|78\/100\n|\n|-heal|p1a: Enamorus|84\/100|[from] item: Leftovers\n|upkeep\n|turn|2\n|inactive|Wontolla2008 has 120 seconds left.\n|\n|t:|1700686466\n|move|p1a: Enamorus|Protect|p1a: Enamorus\n|-singleturn|p1a: Enamorus|Protect\n|move|p1b: Grimmsnarl|Light Screen|p1b: Grimmsnarl\n|-sidestart|p1: NighthawkL06|move: Light Screen\n|move|p2a: Talonflame|Flame Charge|p1b: Grimmsnarl\n|-damage|p1b: Grimmsnarl|68\/100\n|-boost|p2a: Talonflame|spe|1\n|move|p2b: Eelektross|Close Combat|p1b: Grimmsnarl\n|-damage|p1b: Grimmsnarl|37\/100\n|-unboost|p2b: Eelektross|def|1\n|-unboost|p2b: Eelektross|spd|1\n|\n|-heal|p1a: Enamorus|90\/100|[from] item: Leftovers\n|upkeep\n|turn|3\n|inactive|Wontolla2008 has 120 seconds left.\n|\n|t:|1700686492\n|move|p1b: Grimmsnarl|Fake Tears|p1a: Enamorus\n|-boost|p1a: Enamorus|spd|2\n|move|p2a: Talonflame|Flame Charge|p1b: Grimmsnarl\n|-damage|p1b: Grimmsnarl|23\/100\n|-boost|p2a: Talonflame|spe|1\n|move|p1a: Enamorus|Superpower|p2b: Eelektross\n|-damage|p2b: Eelektross|0 fnt\n|-boost|p1a: Enamorus|atk|1\n|-boost|p1a: Enamorus|def|1\n|faint|p2b: Eelektross\n|\n|-heal|p1a: Enamorus|97\/100|[from] item: Leftovers\n|upkeep\n|inactive|Wontolla2008 has 120 seconds left.\n|\n|t:|1700686511\n|switch|p2b: Amoonguss|Amoonguss, F|100\/100\n|turn|4\n|\n|t:|1700686523\n|move|p2a: Talonflame|Air Slash|p1b: Grimmsnarl\n|-crit|p1b: Grimmsnarl\n|-damage|p1b: Grimmsnarl|0 fnt\n|faint|p1b: Grimmsnarl\n|move|p1a: Enamorus|Superpower|p2b: Amoonguss\n|-resisted|p2b: Amoonguss\n|-damage|p2b: Amoonguss|60\/100\n|-boost|p1a: Enamorus|atk|1\n|-boost|p1a: Enamorus|def|1\n|-status|p1a: Enamorus|par|[from] ability: Effect Spore|[of] p2b: Amoonguss\n|move|p2b: Amoonguss|Clear Smog|p1a: Enamorus\n|-immune|p1a: Enamorus\n|\n|-heal|p1a: Enamorus|100\/100 par|[from] item: Leftovers\n|-heal|p2b: Amoonguss|66\/100|[from] item: Leftovers\n|upkeep\n|\n|t:|1700686539\n|switch|p1b: Thundurus|Thundurus, M|100\/100\n|turn|5\n|\n|t:|1700686566\n|move|p1b: Thundurus|Taunt|p2b: Amoonguss\n|-start|p2b: Amoonguss|move: Taunt\n|move|p2a: Talonflame|Flame Charge|p1a: Enamorus\n|-supereffective|p1a: Enamorus\n|-damage|p1a: Enamorus|91\/100 par\n|-boost|p2a: Talonflame|spe|1\n|move|p1a: Enamorus|Superpower|p2b: Amoonguss\n|-resisted|p2b: Amoonguss\n|-damage|p2b: Amoonguss|16\/100\n|-boost|p1a: Enamorus|atk|1\n|-boost|p1a: Enamorus|def|1\n|cant|p2b: Amoonguss|move: Taunt|Spore\n|\n|-heal|p1a: Enamorus|98\/100 par|[from] item: Leftovers\n|-heal|p2b: Amoonguss|22\/100|[from] item: Leftovers\n|upkeep\n|turn|6\n|inactive|Wontolla2008 has 120 seconds left.\n|\n|t:|1700686612\n|move|p1b: Thundurus|Thunder Wave|p2a: Talonflame\n|-status|p2a: Talonflame|par\n|move|p2a: Talonflame|Flame Charge|p1a: Enamorus\n|-supereffective|p1a: Enamorus\n|-damage|p1a: Enamorus|91\/100 par\n|-boost|p2a: Talonflame|spe|1\n|move|p1a: Enamorus|Superpower|p2b: Amoonguss\n|-resisted|p2b: Amoonguss\n|-damage|p2b: Amoonguss|0 fnt\n|-boost|p1a: Enamorus|atk|1\n|-boost|p1a: Enamorus|def|1\n|faint|p2b: Amoonguss\n|\n|-heal|p1a: Enamorus|97\/100 par|[from] item: Leftovers\n|upkeep\n|inactive|Wontolla2008 has 90 seconds left.\n|\n|t:|1700686634\n|switch|p2b: Grimmsnarl|Grimmsnarl, M|100\/100\n|turn|7\n|inactive|Wontolla2008 has 90 seconds left.\n|\n|t:|1700686660\n|cant|p2a: Talonflame|par\n|move|p1b: Thundurus|Eerie Impulse|p1a: Enamorus\n|-boost|p1a: Enamorus|spa|2\n|move|p2b: Grimmsnarl|Chilling Water|p1a: Enamorus\n|-damage|p1a: Enamorus|91\/100 par\n|-boost|p1a: Enamorus|atk|1\n|move|p1a: Enamorus|Superpower|p2b: Grimmsnarl\n|-damage|p2b: Grimmsnarl|0 fnt\n|-boost|p1a: Enamorus|def|1\n|faint|p2b: Grimmsnarl\n|\n|-heal|p1a: Enamorus|97\/100 par|[from] item: Leftovers\n|upkeep\n|inactive|Wontolla2008 has 90 seconds left.\n|\n|t:|1700686677\n|switch|p2b: Baxcalibur|Baxcalibur, M|100\/100\n|turn|8\n|\n|t:|1700686692\n|-terastallize|p2b: Baxcalibur|Grass\n|move|p1b: Thundurus|Thunder Wave|p2b: Baxcalibur\n|-status|p2b: Baxcalibur|par\n|move|p2a: Talonflame|Flame Charge|p1a: Enamorus\n|-supereffective|p1a: Enamorus\n|-damage|p1a: Enamorus|92\/100 par\n|-boost|p2a: Talonflame|spe|1\n|move|p2b: Baxcalibur|Earthquake|p1b: Thundurus|[spread] p1a\n|-immune|p2a: Talonflame\n|-immune|p1b: Thundurus\n|-supereffective|p1a: Enamorus\n|-crit|p1a: Enamorus\n|-damage|p1a: Enamorus|31\/100 par\n|move|p1a: Enamorus|Draining Kiss|p2b: Baxcalibur\n|-damage|p2b: Baxcalibur|54\/100 par\n|-heal|p1a: Enamorus|68\/100 par|[from] drain|[of] p2b: Baxcalibur\n|-damage|p1a: Enamorus|51\/100 par|[from] item: Rocky Helmet|[of] p2b: Baxcalibur\n|\n|-heal|p1a: Enamorus|58\/100 par|[from] item: Leftovers\n|-sideend|p1: NighthawkL06|Reflect\n|upkeep\n|turn|9\n|\n|t:|1700686718\n|cant|p1a: Enamorus|par\n|move|p2a: Talonflame|Hurricane|p1a: Enamorus\n|-resisted|p1a: Enamorus\n|-damage|p1a: Enamorus|50\/100 par\n|move|p1b: Thundurus|Volt Switch|p2a: Talonflame\n|-supereffective|p2a: Talonflame\n|-damage|p2a: Talonflame|46\/100 par\n|\n|t:|1700686726\n|switch|p1b: Sinistcha|Sinistcha-Masterpiece|100\/100|[from] Volt Switch\n|-heal|p1a: Enamorus|75\/100 par|[from] ability: Hospitality|[of] p1b: Sinistcha\n|move|p2b: Baxcalibur|Earthquake|p1b: Sinistcha|[spread] p1a,p1b\n|-immune|p2a: Talonflame\n|-supereffective|p1a: Enamorus\n|-resisted|p1b: Sinistcha\n|-damage|p1a: Enamorus|64\/100 par\n|-damage|p1b: Sinistcha|93\/100\n|\n|-heal|p1b: Sinistcha|99\/100|[from] item: Leftovers\n|-heal|p1a: Enamorus|70\/100 par|[from] item: Leftovers\n|-sideend|p1: NighthawkL06|move: Light Screen\n|upkeep\n|turn|10\n|inactive|Wontolla2008 has 120 seconds left.\n|\n|t:|1700686750\n|switch|p1b: Thundurus|Thundurus, M|100\/100\n|move|p1a: Enamorus|Protect|p1a: Enamorus\n|-singleturn|p1a: Enamorus|Protect\n|move|p2a: Talonflame|Flame Charge|p1b: Thundurus\n|-damage|p1b: Thundurus|80\/100\n|-boost|p2a: Talonflame|spe|1\n|cant|p2b: Baxcalibur|par\n|\n|-heal|p1a: Enamorus|76\/100 par|[from] item: Leftovers\n|upkeep\n|turn|11\n|inactive|Wontolla2008 has 120 seconds left.\n|\n|t:|1700686770\n|move|p2a: Talonflame|Hurricane|p1b: Thundurus\n|-resisted|p1b: Thundurus\n|-damage|p1b: Thundurus|59\/100\n|move|p1b: Thundurus|Volt Switch|p2a: Talonflame\n|-supereffective|p2a: Talonflame\n|-damage|p2a: Talonflame|0 fnt\n|faint|p2a: Talonflame\n|\n|t:|1700686777\n|switch|p1b: Sinistcha|Sinistcha-Masterpiece|99\/100|[from] Volt Switch\n|-heal|p1a: Enamorus|100\/100 par|[from] ability: Hospitality|[of] p1b: Sinistcha\n|move|p1a: Enamorus|Draining Kiss|p2b: Baxcalibur\n|-damage|p2b: Baxcalibur|8\/100 par\n|-damage|p1a: Enamorus|84\/100 par|[from] item: Rocky Helmet|[of] p2b: Baxcalibur\n|move|p2b: Baxcalibur|Dragon Tail|p1a: Enamorus\n|-resisted|p1a: Enamorus\n|-damage|p1a: Enamorus|81\/100 par\n|drag|p1a: Thundurus|Thundurus, M|59\/100\n|\n|-heal|p1b: Sinistcha|100\/100|[from] item: Leftovers\n|upkeep\n|inactive|Wontolla2008 has 120 seconds left.\n|\n|t:|1700686791\n|switch|p2a: Kingambit|Kingambit, M|100\/100\n|-activate|p2a: Kingambit|ability: Supreme Overlord\n|-start|p2a: Kingambit|fallen4|[silent]\n|turn|12\n|\n|t:|1700686812\n|move|p1a: Thundurus|Volt Switch|p2b: Baxcalibur\n|-resisted|p2b: Baxcalibur\n|-damage|p2b: Baxcalibur|0 fnt\n|faint|p2b: Baxcalibur\n|\n|t:|1700686815\n|switch|p1a: Enamorus|Enamorus, F, tera:Steel|81\/100 par|[from] Volt Switch\n|move|p1b: Sinistcha|Memento|p2a: Kingambit\n|-unboost|p2a: Kingambit|atk|2\n|-unboost|p2a: Kingambit|spa|2\n|faint|p1b: Sinistcha\n|move|p2a: Kingambit|Swords Dance|p2a: Kingambit\n|-boost|p2a: Kingambit|atk|2\n|\n|-heal|p1a: Enamorus|87\/100 par|[from] item: Leftovers\n|upkeep\n|\n|t:|1700686817\n|switch|p1b: Thundurus|Thundurus, M|59\/100\n|turn|13\n|inactive|Wontolla2008 has 120 seconds left.\n|\n|t:|1700686850\n|move|p1b: Thundurus|Volt Switch|p2a: Kingambit\n|-damage|p2a: Kingambit|76\/100\n|move|p2a: Kingambit|Kowtow Cleave|p1b: Thundurus\n|-damage|p1b: Thundurus|0 fnt\n|faint|p1b: Thundurus\n|-heal|p2a: Kingambit|83\/100|[from] item: Shell Bell|[of] p1: Thundurus\n|move|p1a: Enamorus|Superpower|p2a: Kingambit\n|-supereffective|p2a: Kingambit\n|-damage|p2a: Kingambit|0 fnt\n|-boost|p1a: Enamorus|atk|1\n|-boost|p1a: Enamorus|def|1\n|faint|p2a: Kingambit\n|-end|p2a: Kingambit|fallen4|[silent]\n|\n|win|NighthawkL06\n|raw|NighthawkL06's rating: 1000 &rarr; <strong>1042<\/strong><br \/>(+42 for winning)\n|raw|Wontolla2008's rating: 1014 &rarr; <strong>1001<\/strong><br \/>(-13 for losing)\n","uploadtime":1700686859,"views":3,"p1id":"nighthawkl06","p2id":"wontolla2008","formatid":"gen9doublesou","rating":1001,"private":0,"password":""}