{"id":"gen9doublesou-1996598544","p1":"Kuzwa","p2":"Kittyredheart","format":"[Gen 9] Doubles OU","log":"|j|\u2606Kuzwa\n|j|\u2606Kittyredheart\n|t:|1700698880\n|gametype|doubles\n|player|p1|Kuzwa|kieran-festival|1348\n|player|p2|Kittyredheart|elesa|1570\n|teamsize|p1|6\n|teamsize|p2|6\n|gen|9\n|tier|[Gen 9] Doubles OU\n|rated|\n|rule|Species Clause: Limit one of each Pok\u00e9mon\n|rule|OHKO Clause: OHKO moves are banned\n|rule|Evasion Moves Clause: Evasion moves are banned\n|rule|Gravity Sleep Clause: The combination of sleep-inducing moves with imperfect accuracy and Gravity or Gigantamax Orbeetle are banned\n|rule|Endless Battle Clause: Forcing endless battles is banned\n|rule|HP Percentage Mod: HP is shown in percentages\n|clearpoke\n|poke|p1|Chi-Yu|\n|poke|p1|Torkoal, M|\n|poke|p1|Glimmora, M|\n|poke|p1|Gallade, M|\n|poke|p1|Cinderace, M|\n|poke|p1|Gardevoir, F|\n|poke|p2|Chien-Pao|\n|poke|p2|Milotic, M|\n|poke|p2|Grimmsnarl, M|\n|poke|p2|Jirachi|\n|poke|p2|Landorus-Therian, M|\n|poke|p2|Ninetales-Alola, M|\n|teampreview\n|inactive|Battle timer is ON: inactive players will automatically lose when time's up. (requested by Kuzwa)\n|\n|t:|1700698892\n|start\n|switch|p1a: Strega|Glimmora, M|100\/100\n|switch|p1b: Nyx|Gardevoir, F, shiny|100\/100\n|switch|p2a: Chicky Wicky|Grimmsnarl, M, shiny|100\/100\n|switch|p2b: Iron Fangs|Chien-Pao|100\/100\n|-ability|p2b: Iron Fangs|Sword of Ruin\n|-item|p1a: Strega|Air Balloon\n|turn|1\n|\n|t:|1700698904\n|switch|p2b: Iron Wish|Jirachi|100\/100\n|move|p2a: Chicky Wicky|Thunder Wave|p1b: Nyx\n|-status|p1b: Nyx|par\n|move|p1a: Strega|Sludge Wave|p2b: Iron Wish|[spread] p2a\n|-activate|p1b: Nyx|ability: Telepathy\n|-immune|p2b: Iron Wish\n|-supereffective|p2a: Chicky Wicky\n|-damage|p2a: Chicky Wicky|37\/100\n|-status|p2a: Chicky Wicky|psn\n|move|p1b: Nyx|Trick Room|p1b: Nyx\n|-fieldstart|move: Trick Room|[of] p1b: Nyx\n|\n|-damage|p2a: Chicky Wicky|24\/100 psn|[from] psn\n|upkeep\n|turn|2\n|\n|t:|1700698923\n|move|p2a: Chicky Wicky|Light Screen|p2a: Chicky Wicky\n|-sidestart|p2: Kittyredheart|move: Light Screen\n|cant|p1b: Nyx|par\n|move|p2b: Iron Wish|Cosmic Power|p2b: Iron Wish\n|-boost|p2b: Iron Wish|def|1\n|-boost|p2b: Iron Wish|spd|1\n|move|p1a: Strega|Earth Power|p2b: Iron Wish\n|-supereffective|p2b: Iron Wish\n|-damage|p2b: Iron Wish|82\/100\n|\n|-heal|p2b: Iron Wish|88\/100|[from] item: Leftovers\n|-damage|p2a: Chicky Wicky|12\/100 psn|[from] psn\n|upkeep\n|turn|3\n|\n|t:|1700698937\n|move|p2a: Chicky Wicky|Parting Shot|p1a: Strega\n|-unboost|p1a: Strega|atk|1\n|-unboost|p1a: Strega|spa|1\n|\n|t:|1700698941\n|switch|p2a: Cloud Terra|Landorus-Therian, M|100\/100|[from] Parting Shot\n|-ability|p2a: Cloud Terra|Intimidate|boost\n|-unboost|p1a: Strega|atk|1\n|-unboost|p1b: Nyx|atk|1\n|move|p1b: Nyx|Dazzling Gleam|p2b: Iron Wish|[spread] p2a,p2b\n|-resisted|p2b: Iron Wish\n|-damage|p2a: Cloud Terra|79\/100\n|-damage|p2b: Iron Wish|83\/100\n|-enditem|p2a: Cloud Terra|Eject Button\n|\n|t:|1700698949\n|switch|p2a: Chicky Wicky|Grimmsnarl, M, shiny|12\/100 psn\n|move|p2b: Iron Wish|Cosmic Power|p2b: Iron Wish\n|-boost|p2b: Iron Wish|def|1\n|-boost|p2b: Iron Wish|spd|1\n|move|p1a: Strega|Earth Power|p2b: Iron Wish\n|-supereffective|p2b: Iron Wish\n|-damage|p2b: Iron Wish|72\/100\n|\n|-heal|p2b: Iron Wish|79\/100|[from] item: Leftovers\n|-damage|p2a: Chicky Wicky|0 fnt|[from] psn\n|faint|p2a: Chicky Wicky\n|upkeep\n|\n|t:|1700698965\n|switch|p2a: Aqua Marine|Milotic, M|100\/100\n|turn|4\n|\n|t:|1700698976\n|switch|p1a: Mortissed|Cinderace, M|100\/100\n|move|p1b: Nyx|Taunt|p2a: Aqua Marine\n|-start|p2a: Aqua Marine|move: Taunt\n|cant|p2a: Aqua Marine|move: Taunt|Coil\n|move|p2b: Iron Wish|Cosmic Power|p2b: Iron Wish\n|-boost|p2b: Iron Wish|def|1\n|-boost|p2b: Iron Wish|spd|1\n|\n|-heal|p2b: Iron Wish|85\/100|[from] item: Leftovers\n|upkeep\n|turn|5\n|\n|t:|1700698994\n|switch|p1b: Strega|Glimmora, M|100\/100\n|-item|p1b: Strega|Air Balloon\n|switch|p2a: Cloud Terra|Landorus-Therian, M|79\/100\n|-ability|p2a: Cloud Terra|Intimidate|boost\n|-unboost|p1a: Mortissed|atk|1\n|-unboost|p1b: Strega|atk|1\n|move|p2b: Iron Wish|Wish|p2b: Iron Wish\n|move|p1a: Mortissed|Trailblaze|p2a: Cloud Terra\n|-damage|p2a: Cloud Terra|66\/100\n|-boost|p1a: Mortissed|spe|1\n|\n|-heal|p2b: Iron Wish|91\/100|[from] item: Leftovers\n|-fieldend|move: Trick Room\n|upkeep\n|turn|6\n|\n|t:|1700699017\n|move|p1a: Mortissed|Pyro Ball|p2b: Iron Wish\n|-supereffective|p2b: Iron Wish\n|-crit|p2b: Iron Wish\n|-damage|p2b: Iron Wish|0 fnt\n|faint|p2b: Iron Wish\n|move|p1b: Strega|Earth Power|p2a: Cloud Terra\n|-immune|p2a: Cloud Terra\n|move|p2a: Cloud Terra|Stealth Rock|p1a: Mortissed\n|-sidestart|p1: Kuzwa|move: Stealth Rock\n|\n|-sideend|p2: Kittyredheart|move: Light Screen\n|upkeep\n|\n|t:|1700699027\n|switch|p2b: Aqua Marine|Milotic, M|100\/100\n|turn|7\n|\n|t:|1700699044\n|switch|p2a: Iron North|Ninetales-Alola, M|100\/100\n|-weather|Snow|[from] ability: Snow Warning|[of] p2a: Iron North\n|move|p1a: Mortissed|Trailblaze|p2b: Aqua Marine\n|-supereffective|p2b: Aqua Marine\n|-damage|p2b: Aqua Marine|80\/100\n|-boost|p1a: Mortissed|spe|1\n|move|p1b: Strega|Mortal Spin|p2b: Aqua Marine|[spread] p2a,p2b\n|-supereffective|p2a: Iron North\n|-damage|p2a: Iron North|96\/100\n|-damage|p2b: Aqua Marine|77\/100\n|-status|p2a: Iron North|psn\n|-status|p2b: Aqua Marine|psn\n|-sideend|p1: Kuzwa|Stealth Rock|[from] move: Mortal Spin|[of] p1b: Strega\n|move|p2b: Aqua Marine|Coil|p2b: Aqua Marine\n|-boost|p2b: Aqua Marine|atk|1\n|-boost|p2b: Aqua Marine|def|1\n|-boost|p2b: Aqua Marine|accuracy|1\n|\n|-weather|Snow|[upkeep]\n|-damage|p2a: Iron North|83\/100 psn|[from] psn\n|-damage|p2b: Aqua Marine|65\/100 psn|[from] psn\n|upkeep\n|turn|8\n|\n|t:|1700699066\n|switch|p2a: Cloud Terra|Landorus-Therian, M|66\/100\n|-ability|p2a: Cloud Terra|Intimidate|boost\n|-unboost|p1a: Mortissed|atk|1\n|-unboost|p1b: Strega|atk|1\n|move|p1a: Mortissed|Pyro Ball|p2a: Cloud Terra\n|-damage|p2a: Cloud Terra|34\/100\n|move|p1b: Strega|Sludge Wave|p2a: Cloud Terra|[spread] p1a,p2a,p2b\n|-resisted|p2a: Cloud Terra\n|-damage|p1a: Mortissed|43\/100\n|-damage|p2a: Cloud Terra|17\/100\n|-damage|p2b: Aqua Marine|41\/100 psn\n|move|p2b: Aqua Marine|Coil|p2b: Aqua Marine\n|-boost|p2b: Aqua Marine|atk|1\n|-boost|p2b: Aqua Marine|def|1\n|-boost|p2b: Aqua Marine|accuracy|1\n|\n|-weather|Snow|[upkeep]\n|-damage|p2b: Aqua Marine|29\/100 psn|[from] psn\n|upkeep\n|turn|9\n|\n|t:|1700699081\n|switch|p2a: Iron Fangs|Chien-Pao|100\/100\n|-ability|p2a: Iron Fangs|Sword of Ruin\n|move|p1a: Mortissed|Trailblaze|p2b: Aqua Marine\n|-supereffective|p2b: Aqua Marine\n|-damage|p2b: Aqua Marine|19\/100 psn\n|-boost|p1a: Mortissed|spe|1\n|move|p1b: Strega|Power Gem|p2a: Iron Fangs\n|-supereffective|p2a: Iron Fangs\n|-damage|p2a: Iron Fangs|0 fnt\n|faint|p2a: Iron Fangs\n|move|p2b: Aqua Marine|Rest|p2b: Aqua Marine\n|-status|p2b: Aqua Marine|slp|[from] move: Rest\n|-heal|p2b: Aqua Marine|100\/100 slp|[silent]\n|-enditem|p2b: Aqua Marine|Chesto Berry|[eat]\n|-curestatus|p2b: Aqua Marine|slp|[msg]\n|\n|-weather|Snow|[upkeep]\n|upkeep\n|\n|t:|1700699091\n|switch|p2a: Cloud Terra|Landorus-Therian, M|17\/100\n|-ability|p2a: Cloud Terra|Intimidate|boost\n|-unboost|p1a: Mortissed|atk|1\n|-unboost|p1b: Strega|atk|1\n|turn|10\n|\n|t:|1700699102\n|switch|p1a: Nyx|Gardevoir, F, shiny|100\/100 par\n|switch|p2a: Iron North|Ninetales-Alola, M|83\/100 psn\n|move|p1b: Strega|Sludge Wave|p2b: Aqua Marine|[spread] p2a,p2b\n|-activate|p1a: Nyx|ability: Telepathy\n|-supereffective|p2a: Iron North\n|-damage|p2a: Iron North|0 fnt\n|-damage|p2b: Aqua Marine|75\/100\n|faint|p2a: Iron North\n|move|p2b: Aqua Marine|Hypnosis||[still]\n|-fail|p2b: Aqua Marine\n|\n|-weather|Snow|[upkeep]\n|upkeep\n|\n|t:|1700699105\n|switch|p2a: Cloud Terra|Landorus-Therian, M|17\/100\n|-ability|p2a: Cloud Terra|Intimidate|boost\n|-unboost|p1a: Nyx|atk|1\n|-unboost|p1b: Strega|atk|1\n|turn|11\n|\n|t:|1700699113\n|move|p1b: Strega|Mortal Spin|p2a: Cloud Terra|[spread] p2a,p2b\n|-resisted|p2a: Cloud Terra\n|-damage|p2a: Cloud Terra|16\/100\n|-damage|p2b: Aqua Marine|74\/100\n|-status|p2a: Cloud Terra|psn\n|-status|p2b: Aqua Marine|psn\n|move|p2a: Cloud Terra|Stomping Tantrum|p1b: Strega\n|-immune|p1b: Strega\n|move|p2b: Aqua Marine|Scald|p1b: Strega\n|-supereffective|p1b: Strega\n|-damage|p1b: Strega|26\/100\n|-enditem|p1b: Strega|Air Balloon\n|move|p1a: Nyx|Dazzling Gleam|p2b: Aqua Marine|[spread] p2a,p2b\n|-damage|p2a: Cloud Terra|0 fnt\n|-damage|p2b: Aqua Marine|54\/100 psn\n|faint|p2a: Cloud Terra\n|\n|-weather|none\n|-damage|p2b: Aqua Marine|41\/100 psn|[from] psn\n|upkeep\n|turn|12\n|\n|t:|1700699140\n|move|p1b: Strega|Power Gem|p2b: Aqua Marine\n|-damage|p2b: Aqua Marine|13\/100 psn\n|move|p2b: Aqua Marine|Scald|p1b: Strega\n|-supereffective|p1b: Strega\n|-damage|p1b: Strega|0 fnt\n|faint|p1b: Strega\n|move|p1a: Nyx|Dazzling Gleam|p2b: Aqua Marine\n|-damage|p2b: Aqua Marine|0 fnt\n|faint|p2b: Aqua Marine\n|\n|win|Kuzwa\n|raw|Kuzwa's rating: 1348 &rarr; <strong>1379<\/strong><br \/>(+31 for winning)\n|raw|Kittyredheart's rating: 1570 &rarr; <strong>1539<\/strong><br \/>(-31 for losing)\n|l|\u2606Kittyredheart\n","uploadtime":1700699151,"views":9,"p1id":"kuzwa","p2id":"kittyredheart","formatid":"gen9doublesou","rating":1379,"private":0,"password":""}