{"id":"gen9doublesou-1971955427","p1":"Mel_is_a_sage","p2":"Dakri","format":"[Gen 9] Doubles OU","log":"|j|\u2606Mel_is_a_sage\n|j|\u2606Dakri\n|t:|1697797368\n|gametype|doubles\n|player|p1|Mel_is_a_sage|pilot|1058\n|player|p2|Dakri|roughneck|1110\n|teamsize|p1|6\n|teamsize|p2|6\n|gen|9\n|tier|[Gen 9] Doubles OU\n|rated|\n|rule|Species Clause: Limit one of each Pok\u00e9mon\n|rule|OHKO Clause: OHKO moves are banned\n|rule|Evasion Moves Clause: Evasion moves are banned\n|rule|Gravity Sleep Clause: The combination of sleep-inducing moves with imperfect accuracy and Gravity or Gigantamax Orbeetle are banned\n|rule|Endless Battle Clause: Forcing endless battles is banned\n|rule|HP Percentage Mod: HP is shown in percentages\n|clearpoke\n|poke|p1|Mightyena, F|\n|poke|p1|Poliwrath, M|\n|poke|p1|Victreebel, M|\n|poke|p1|Charizard, F|\n|poke|p1|Arcanine-Hisui, M|\n|poke|p1|Infernape, M|\n|poke|p2|Golduck, M|\n|poke|p2|Kommo-o, M|\n|poke|p2|Sableye, M|\n|poke|p2|Zoroark, M|\n|poke|p2|Shiftry, M|\n|poke|p2|Gliscor, M|\n|teampreview\n|inactive|Battle timer is ON: inactive players will automatically lose when time's up. (requested by Dakri)\n|\n|t:|1697797377\n|start\n|switch|p1a: Arcanine|Arcanine-Hisui, M|100\/100\n|switch|p1b: Victreebel|Victreebel, M|100\/100\n|switch|p2a: Shiftry|Shiftry, M|100\/100\n|switch|p2b: Sableye|Sableye, M, shiny|100\/100\n|-ability|p1a: Arcanine|Intimidate|boost\n|-unboost|p2a: Shiftry|atk|1\n|-unboost|p2b: Sableye|atk|1\n|turn|1\n|\n|t:|1697797405\n|move|p2b: Sableye|Reflect|p2b: Sableye\n|-sidestart|p2: Dakri|Reflect\n|move|p2a: Shiftry|Tailwind|p2a: Shiftry\n|-sidestart|p2: Dakri|move: Tailwind\n|-ability|p2a: Shiftry|Wind Rider|boost\n|-boost|p2a: Shiftry|atk|1\n|move|p1a: Arcanine|Head Smash|p2b: Sableye\n|-damage|p2b: Sableye|35\/100\n|-damage|p1a: Arcanine|75\/100|[from] Recoil\n|move|p1b: Victreebel|Sludge Bomb|p2a: Shiftry\n|-supereffective|p2a: Shiftry\n|-enditem|p2a: Shiftry|Focus Sash\n|-damage|p2a: Shiftry|1\/100\n|-status|p2a: Shiftry|psn\n|\n|-damage|p2a: Shiftry|0 fnt|[from] psn\n|faint|p2a: Shiftry\n|upkeep\n|\n|t:|1697797420\n|switch|p2a: Golduck|Golduck, M, shiny|100\/100\n|-ability|p2a: Golduck|Cloud Nine\n|turn|2\n|inactive|Mel_is_a_sage has 120 seconds left.\n|\n|t:|1697797455\n|switch|p2b: Kommo-o|Kommo-o, M|100\/100\n|switch|p1a: Poliwrath|Poliwrath, M|100\/100\n|move|p2a: Golduck|Simple Beam|p2b: Kommo-o\n|-endability|p2b: Kommo-o|Bulletproof|[from] move: Simple Beam\n|-ability|p2b: Kommo-o|Simple|[from] move: Simple Beam\n|move|p1b: Victreebel|Leaf Blade|p2a: Golduck\n|-supereffective|p2a: Golduck\n|-damage|p2a: Golduck|50\/100\n|\n|upkeep\n|turn|3\n|inactive|Mel_is_a_sage has 120 seconds left.\n|\n|t:|1697797475\n|move|p2a: Golduck|Ice Beam|p1b: Victreebel\n|-supereffective|p1b: Victreebel\n|-damage|p1b: Victreebel|67\/100\n|move|p2b: Kommo-o|Clangorous Soul|p2b: Kommo-o\n|-boost|p2b: Kommo-o|atk|2\n|-boost|p2b: Kommo-o|def|2\n|-boost|p2b: Kommo-o|spa|2\n|-boost|p2b: Kommo-o|spd|2\n|-boost|p2b: Kommo-o|spe|2\n|-damage|p2b: Kommo-o|68\/100\n|move|p1b: Victreebel|Substitute|p1b: Victreebel\n|-start|p1b: Victreebel|Substitute\n|-damage|p1b: Victreebel|42\/100\n|-enditem|p1b: Victreebel|Mago Berry|[eat]\n|-heal|p1b: Victreebel|75\/100|[from] item: Mago Berry\n|move|p1a: Poliwrath|Circle Throw|p2b: Kommo-o|[miss]\n|-miss|p1a: Poliwrath|p2b: Kommo-o\n|\n|-heal|p2b: Kommo-o|74\/100|[from] item: Leftovers\n|upkeep\n|turn|4\n|inactive|Mel_is_a_sage has 120 seconds left.\n|\n|t:|1697797501\n|move|p2b: Kommo-o|Drain Punch|p1a: Poliwrath\n|-damage|p1a: Poliwrath|32\/100\n|-heal|p2b: Kommo-o|100\/100|[from] drain|[of] p1a: Poliwrath\n|move|p2a: Golduck|Psych Up|p2b: Kommo-o\n|-copyboost|p2a: Golduck|p2b: Kommo-o|[from] move: Psych Up\n|move|p1b: Victreebel|Leaf Blade|p2a: Golduck\n|-supereffective|p2a: Golduck\n|-damage|p2a: Golduck|24\/100\n|move|p1a: Poliwrath|Circle Throw|p2b: Kommo-o\n|-damage|p2b: Kommo-o|95\/100\n|drag|p2b: Sableye|Sableye, M, shiny|35\/100\n|\n|-sideend|p2: Dakri|move: Tailwind\n|upkeep\n|turn|5\n|inactive|Mel_is_a_sage has 120 seconds left.\n|inactive|Dakri has 120 seconds left.\n|\n|t:|1697797535\n|switch|p1a: Arcanine|Arcanine-Hisui, M|75\/100\n|-ability|p1a: Arcanine|Intimidate|boost\n|-unboost|p2a: Golduck|atk|1\n|-unboost|p2b: Sableye|atk|1\n|move|p2b: Sableye|Will-O-Wisp|p1a: Arcanine\n|-immune|p1a: Arcanine\n|move|p2a: Golduck|Ice Beam|p1b: Victreebel\n|-supereffective|p1b: Victreebel\n|-end|p1b: Victreebel|Substitute\n|move|p1b: Victreebel|Sludge Bomb|p2b: Sableye\n|-resisted|p2b: Sableye\n|-damage|p2b: Sableye|20\/100\n|\n|upkeep\n|turn|6\n|\n|t:|1697797558\n|move|p1a: Arcanine|Extreme Speed|p2a: Golduck\n|-damage|p2a: Golduck|15\/100\n|move|p2b: Sableye|Light Screen|p2b: Sableye\n|-sidestart|p2: Dakri|move: Light Screen\n|move|p2a: Golduck|Hydro Pump|p1a: Arcanine\n|-supereffective|p1a: Arcanine\n|-damage|p1a: Arcanine|0 fnt\n|faint|p1a: Arcanine\n|move|p1b: Victreebel|Leaf Blade|p2a: Golduck\n|-supereffective|p2a: Golduck\n|-damage|p2a: Golduck|0 fnt\n|faint|p2a: Golduck\n|\n|upkeep\n|\n|t:|1697797576\n|switch|p2a: Kommo-o|Kommo-o, M|95\/100\n|switch|p1a: Charizard|Charizard, F|100\/100\n|turn|7\n|\n|t:|1697797596\n|move|p2b: Sableye|Encore|p1b: Victreebel\n|-start|p1b: Victreebel|Encore\n|move|p1a: Charizard|Inferno|p2a: Kommo-o\n|-resisted|p2a: Kommo-o\n|-crit|p2a: Kommo-o\n|-damage|p2a: Kommo-o|65\/100\n|-status|p2a: Kommo-o|brn\n|move|p2a: Kommo-o|Clangorous Soul|p2a: Kommo-o\n|-boost|p2a: Kommo-o|atk|1\n|-boost|p2a: Kommo-o|def|1\n|-boost|p2a: Kommo-o|spa|1\n|-boost|p2a: Kommo-o|spd|1\n|-boost|p2a: Kommo-o|spe|1\n|-damage|p2a: Kommo-o|33\/100 brn\n|move|p1b: Victreebel|Leaf Blade|p2a: Kommo-o\n|-resisted|p2a: Kommo-o\n|-damage|p2a: Kommo-o|27\/100 brn\n|\n|-heal|p2a: Kommo-o|34\/100 brn|[from] item: Leftovers\n|-damage|p2a: Kommo-o|27\/100 brn|[from] brn\n|upkeep\n|turn|8\n|inactive|Mel_is_a_sage has 120 seconds left.\n|\n|t:|1697797635\n|switch|p2b: Gliscor|Gliscor, M, shiny|100\/100\n|move|p2a: Kommo-o|Drain Punch|p1b: Victreebel\n|-resisted|p1b: Victreebel\n|-damage|p1b: Victreebel|54\/100\n|-heal|p2a: Kommo-o|39\/100 brn|[from] drain|[of] p1b: Victreebel\n|move|p1a: Charizard|Fly||[still]\n|-prepare|p1a: Charizard|Fly\n|move|p1b: Victreebel|Leaf Blade|p2a: Kommo-o\n|-resisted|p2a: Kommo-o\n|-damage|p2a: Kommo-o|32\/100 brn\n|\n|-heal|p2a: Kommo-o|39\/100 brn|[from] item: Leftovers\n|-damage|p2a: Kommo-o|32\/100 brn|[from] brn\n|-sideend|p2: Dakri|Reflect\n|-status|p2b: Gliscor|tox|[from] item: Toxic Orb\n|upkeep\n|turn|9\n|inactive|Mel_is_a_sage has 120 seconds left.\n|\n|t:|1697797656\n|move|p2a: Kommo-o|Dragon Claw|p1a: Charizard|[miss]\n|-miss|p2a: Kommo-o|p1a: Charizard\n|move|p1a: Charizard|Fly|p2a: Kommo-o|[from]lockedmove\n|-supereffective|p2a: Kommo-o\n|-damage|p2a: Kommo-o|1\/100 brn\n|move|p2b: Gliscor|Crabhammer|p1a: Charizard\n|-supereffective|p1a: Charizard\n|-damage|p1a: Charizard|38\/100\n|move|p1b: Victreebel|Leaf Blade|p2b: Gliscor\n|-damage|p2b: Gliscor|81\/100 tox\n|\n|-heal|p2a: Kommo-o|8\/100 brn|[from] item: Leftovers\n|-heal|p2b: Gliscor|93\/100 tox|[from] ability: Poison Heal\n|-damage|p2a: Kommo-o|1\/100 brn|[from] brn\n|-end|p1b: Victreebel|Encore\n|upkeep\n|turn|10\n|inactive|Mel_is_a_sage has 120 seconds left.\n|\n|t:|1697797692\n|move|p2a: Kommo-o|Drain Punch|p1b: Victreebel\n|-resisted|p1b: Victreebel\n|-damage|p1b: Victreebel|33\/100\n|-heal|p2a: Kommo-o|12\/100 brn|[from] drain|[of] p1b: Victreebel\n|move|p1a: Charizard|Air Cutter|p2b: Gliscor|[spread] p2a,p2b\n|-supereffective|p2a: Kommo-o\n|-damage|p2a: Kommo-o|0 fnt\n|-damage|p2b: Gliscor|78\/100 tox\n|faint|p2a: Kommo-o\n|move|p2b: Gliscor|Crabhammer|p1a: Charizard\n|-supereffective|p1a: Charizard\n|-damage|p1a: Charizard|0 fnt\n|faint|p1a: Charizard\n|move|p1b: Victreebel|Sludge Bomb|p2b: Gliscor\n|-resisted|p2b: Gliscor\n|-damage|p2b: Gliscor|64\/100 tox\n|\n|-heal|p2b: Gliscor|77\/100 tox|[from] ability: Poison Heal\n|upkeep\n|inactive|Mel_is_a_sage has 120 seconds left.\n|\n|t:|1697797712\n|switch|p1a: Mightyena|Mightyena, F|100\/100\n|switch|p2a: Sableye|Sableye, M, shiny|20\/100\n|-ability|p1a: Mightyena|Intimidate|boost\n|-unboost|p2a: Sableye|atk|1\n|-unboost|p2b: Gliscor|atk|1\n|turn|11\n|\n|t:|1697797724\n|switch|p2b: Gliscor|Gliscor, M, shiny|100\/100\n|switch|p1a: Poliwrath|Poliwrath, M|32\/100\n|move|p2a: Sableye|Reflect|p2a: Sableye\n|-sidestart|p2: Dakri|Reflect\n|move|p1b: Victreebel|Substitute|p1b: Victreebel\n|-start|p1b: Victreebel|Substitute\n|-damage|p1b: Victreebel|8\/100\n|\n|upkeep\n|turn|12\n|\n|t:|1697797752\n|-singleturn|p1a: Poliwrath|move: Focus Punch\n|move|p1b: Victreebel|Sucker Punch|p2b: Gliscor\n|-resisted|p2b: Gliscor\n|-damage|p2b: Gliscor|89\/100\n|replace|p2b: Zoroark|Zoroark, M, shiny\n|-end|p2b: Zoroark|Illusion\n|move|p2a: Sableye|Will-O-Wisp|p1a: Poliwrath\n|-status|p1a: Poliwrath|brn\n|move|p2b: Zoroark|Sludge Bomb|p1a: Poliwrath\n|-damage|p1a: Poliwrath|2\/100 brn\n|cant|p1a: Poliwrath|Focus Punch|Focus Punch\n|\n|-damage|p1a: Poliwrath|0 fnt|[from] brn\n|faint|p1a: Poliwrath\n|upkeep\n|inactive|Mel_is_a_sage has 120 seconds left.\n|\n|t:|1697797777\n|switch|p1a: Infernape|Infernape, M|100\/100\n|turn|13\n|inactive|Mel_is_a_sage has 120 seconds left.\n|inactive|Dakri has 120 seconds left.\n|\n|t:|1697797820\n|switch|p2b: Gliscor|Gliscor, M, shiny|77\/100 tox\n|move|p1a: Infernape|Mach Punch|p2b: Gliscor\n|-resisted|p2b: Gliscor\n|-crit|p2b: Gliscor\n|-damage|p2b: Gliscor|65\/100 tox\n|move|p2a: Sableye|Encore|p1b: Victreebel\n|-start|p1b: Victreebel|Encore\n|move|p1b: Victreebel|Sucker Punch||[still]\n|-fail|p1b: Victreebel\n|\n|-heal|p2b: Gliscor|77\/100 tox|[from] ability: Poison Heal\n|-sideend|p2: Dakri|move: Light Screen\n|upkeep\n|turn|14\n|inactive|Dakri has 120 seconds left.\n|\n|t:|1697797844\n|switch|p1b: Mightyena|Mightyena, F|100\/100\n|-ability|p1b: Mightyena|Intimidate|boost\n|-unboost|p2a: Sableye|atk|1\n|-unboost|p2b: Gliscor|atk|1\n|move|p2a: Sableye|Light Screen|p2a: Sableye\n|-sidestart|p2: Dakri|move: Light Screen\n|move|p1a: Infernape|Zen Headbutt|p2b: Gliscor\n|-damage|p2b: Gliscor|66\/100 tox\n|move|p2b: Gliscor|Earthquake|p1b: Mightyena|[spread] p2a,p1a,p1b\n|-supereffective|p1a: Infernape\n|-crit|p1a: Infernape\n|-damage|p2a: Sableye|2\/100\n|-damage|p1a: Infernape|11\/100\n|-damage|p1b: Mightyena|77\/100\n|\n|-heal|p2b: Gliscor|79\/100 tox|[from] ability: Poison Heal\n|upkeep\n|turn|15\n|inactive|Mel_is_a_sage has 120 seconds left.\n|inactive|Dakri has 120 seconds left.\n|\n|t:|1697797878\n|switch|p2b: Gliscor|Gliscor, M, shiny|89\/100\n|switch|p1b: Victreebel|Victreebel, M|8\/100\n|move|p2a: Sableye|Will-O-Wisp|p1b: Victreebel\n|-status|p1b: Victreebel|brn\n|move|p1a: Infernape|Fire Punch|p2b: Gliscor\n|-damage|p2b: Gliscor|25\/100\n|replace|p2b: Zoroark|Zoroark, M, shiny\n|-end|p2b: Zoroark|Illusion\n|\n|-damage|p1b: Victreebel|2\/100 brn|[from] brn\n|upkeep\n|turn|16\n|inactive|Mel_is_a_sage has 120 seconds left.\n|\n|t:|1697797902\n|move|p1a: Infernape|Mach Punch|p2b: Zoroark\n|-supereffective|p2b: Zoroark\n|-damage|p2b: Zoroark|0 fnt\n|faint|p2b: Zoroark\n|move|p2a: Sableye|Encore|p1a: Infernape\n|-start|p1a: Infernape|Encore\n|move|p1b: Victreebel|Sludge Bomb|p2a: Sableye\n|-resisted|p2a: Sableye\n|-damage|p2a: Sableye|0 fnt\n|faint|p2a: Sableye\n|\n|-damage|p1b: Victreebel|0 fnt|[from] brn\n|faint|p1b: Victreebel\n|upkeep\n|inactive|Mel_is_a_sage has 120 seconds left.\n|\n|t:|1697797918\n|switch|p2b: Gliscor|Gliscor, M, shiny|79\/100 tox\n|switch|p1b: Mightyena|Mightyena, F|77\/100\n|-ability|p1b: Mightyena|Intimidate|boost\n|-unboost|p2b: Gliscor|atk|1\n|turn|17\n|inactive|Mel_is_a_sage has 120 seconds left.\n|\n|t:|1697797938\n|move|p2b: Gliscor|Protect|p2b: Gliscor\n|-singleturn|p2b: Gliscor|Protect\n|move|p1a: Infernape|Mach Punch|p2b: Gliscor\n|-activate|p2b: Gliscor|move: Protect\n|move|p1b: Mightyena|Crunch|p2b: Gliscor\n|-activate|p2b: Gliscor|move: Protect\n|\n|-heal|p2b: Gliscor|91\/100 tox|[from] ability: Poison Heal\n|upkeep\n|turn|18\n|\n|t:|1697797954\n|move|p1a: Infernape|Mach Punch|p2b: Gliscor\n|-resisted|p2b: Gliscor\n|-damage|p2b: Gliscor|86\/100 tox\n|move|p2b: Gliscor|Earthquake|p1b: Mightyena|[spread] p1a,p1b\n|-supereffective|p1a: Infernape\n|-damage|p1a: Infernape|0 fnt\n|-damage|p1b: Mightyena|54\/100\n|faint|p1a: Infernape\n|move|p1b: Mightyena|Crunch|p2b: Gliscor\n|-damage|p2b: Gliscor|66\/100 tox\n|\n|-heal|p2b: Gliscor|78\/100 tox|[from] ability: Poison Heal\n|-sideend|p2: Dakri|Reflect\n|upkeep\n|turn|19\n|\n|t:|1697797974\n|move|p2b: Gliscor|Protect|p2b: Gliscor\n|-singleturn|p2b: Gliscor|Protect\n|move|p1b: Mightyena|Crunch|p2b: Gliscor\n|-activate|p2b: Gliscor|move: Protect\n|\n|-heal|p2b: Gliscor|91\/100 tox|[from] ability: Poison Heal\n|upkeep\n|turn|20\n|\n|t:|1697797990\n|-terastallize|p2b: Gliscor|Water\n|move|p2b: Gliscor|Crabhammer|p1b: Mightyena\n|-damage|p1b: Mightyena|24\/100\n|move|p1b: Mightyena|Crunch|p2b: Gliscor\n|-damage|p2b: Gliscor|60\/100 tox\n|\n|-heal|p2b: Gliscor|72\/100 tox|[from] ability: Poison Heal\n|upkeep\n|turn|21\n|\n|t:|1697798004\n|-terastallize|p1b: Mightyena|Fairy\n|move|p2b: Gliscor|Crabhammer|p1b: Mightyena\n|-damage|p1b: Mightyena|0 fnt\n|faint|p1b: Mightyena\n|\n|win|Dakri\n|raw|Mel_is_a_sage's rating: 1058 &rarr; <strong>1042<\/strong><br \/>(-16 for losing)\n|raw|Dakri's rating: 1110 &rarr; <strong>1131<\/strong><br \/>(+21 for winning)\n","uploadtime":1697798012,"views":15,"p1id":"melisasage","p2id":"dakri","formatid":"gen9doublesou","rating":1042,"private":0,"password":""}