{"id":"gen9doublesou-1969958805","p1":"lord weeny","p2":"saucy_099","format":"[Gen 9] Doubles OU","log":"|j|\u2606lord weeny\n|j|\u2606saucy_099\n|t:|1697579586\n|gametype|doubles\n|player|p1|lord weeny|crasherwake|1200\n|player|p2|saucy_099|elesa-masters2|1403\n|teamsize|p1|6\n|teamsize|p2|6\n|gen|9\n|tier|[Gen 9] Doubles OU\n|rated|\n|rule|Species Clause: Limit one of each Pok\u00e9mon\n|rule|OHKO Clause: OHKO moves are banned\n|rule|Evasion Moves Clause: Evasion moves are banned\n|rule|Gravity Sleep Clause: The combination of sleep-inducing moves with imperfect accuracy and Gravity or Gigantamax Orbeetle are banned\n|rule|Endless Battle Clause: Forcing endless battles is banned\n|rule|HP Percentage Mod: HP is shown in percentages\n|clearpoke\n|poke|p1|Chesnaught, F|\n|poke|p1|Armarouge, M|\n|poke|p1|Indeedee-F, F|\n|poke|p1|Arcanine, F|\n|poke|p1|Hawlucha, F|\n|poke|p1|Palafin, M|\n|poke|p2|Cresselia, F|\n|poke|p2|Baxcalibur, M|\n|poke|p2|Chi-Yu|\n|poke|p2|Sinistcha|\n|poke|p2|Grimmsnarl, M|\n|poke|p2|Diancie|\n|teampreview\n|inactive|Battle timer is ON: inactive players will automatically lose when time's up. (requested by saucy_099)\n|inactive|saucy_099 has 120 seconds left.\n|\n|t:|1697579639\n|start\n|switch|p1a: mega man|Armarouge, M, shiny|100\/100\n|switch|p1b: Phin|Palafin, M, shiny|100\/100\n|switch|p2a: Grimmsnarl|Grimmsnarl, M|100\/100\n|switch|p2b: Chi-Yu|Chi-Yu|100\/100\n|-ability|p2b: Chi-Yu|Beads of Ruin\n|turn|1\n|\n|t:|1697579660\n|-terastallize|p1b: Phin|Water\n|move|p1a: mega man|Protect|p1a: mega man\n|-singleturn|p1a: mega man|Protect\n|move|p2a: Grimmsnarl|Fake Out|p1b: Phin\n|-damage|p1b: Phin|86\/100\n|cant|p1b: Phin|flinch\n|move|p2b: Chi-Yu|Dark Pulse|p1a: mega man\n|-activate|p1a: mega man|move: Protect\n|\n|upkeep\n|turn|2\n|inactive|saucy_099 has 120 seconds left.\n|\n|t:|1697579706\n|move|p2a: Grimmsnarl|Reflect|p2a: Grimmsnarl\n|-sidestart|p2: saucy_099|Reflect\n|move|p1b: Phin|Wave Crash|p2b: Chi-Yu\n|-supereffective|p2b: Chi-Yu\n|-damage|p2b: Chi-Yu|0 fnt\n|faint|p2b: Chi-Yu\n|-damage|p1b: Phin|62\/100|[from] Recoil\n|move|p1a: mega man|Heat Wave|p2a: Grimmsnarl\n|-damage|p2a: Grimmsnarl|50\/100\n|-status|p2a: Grimmsnarl|brn\n|-enditem|p2a: Grimmsnarl|Sitrus Berry|[eat]\n|-heal|p2a: Grimmsnarl|75\/100 brn|[from] item: Sitrus Berry\n|\n|-damage|p2a: Grimmsnarl|69\/100 brn|[from] brn\n|upkeep\n|inactive|saucy_099 has 90 seconds left.\n|\n|t:|1697579737\n|switch|p2b: Sinistcha|Sinistcha|100\/100\n|-heal|p2a: Grimmsnarl|94\/100 brn|[from] ability: Hospitality|[of] p2b: Sinistcha\n|turn|3\n|inactive|saucy_099 has 90 seconds left.\n|\n|t:|1697579766\n|detailschange|p1b: Phin|Palafin-Hero, M, shiny, tera:Water\n|switch|p1b: Indeed indeed|Indeedee-F, F, shiny|100\/100\n|-fieldstart|move: Psychic Terrain|[from] ability: Psychic Surge|[of] p1b: Indeed indeed\n|-enditem|p1b: Indeed indeed|Psychic Seed\n|-boost|p1b: Indeed indeed|spd|1|[from] item: Psychic Seed\n|move|p2a: Grimmsnarl|Parting Shot|p1a: mega man\n|-activate|p1a: mega man|move: Psychic Terrain\n|move|p1a: mega man|Heat Wave|p2a: Grimmsnarl|[spread] p2a,p2b\n|-supereffective|p2b: Sinistcha\n|-damage|p2a: Grimmsnarl|60\/100 brn\n|-damage|p2b: Sinistcha|21\/100\n|move|p2b: Sinistcha|Matcha Gotcha|p1a: mega man|[spread] p1a,p1b\n|-resisted|p1a: mega man\n|-damage|p1a: mega man|80\/100\n|-heal|p2b: Sinistcha|31\/100|[from] drain|[of] p1a: mega man\n|-damage|p1b: Indeed indeed|87\/100\n|-heal|p2b: Sinistcha|37\/100|[from] drain|[of] p1b: Indeed indeed\n|\n|-heal|p2b: Sinistcha|44\/100|[from] item: Leftovers\n|-damage|p2a: Grimmsnarl|54\/100 brn|[from] brn\n|upkeep\n|turn|4\n|inactive|saucy_099 has 90 seconds left.\n|\n|t:|1697579792\n|switch|p2a: Baxcalibur|Baxcalibur, M|100\/100\n|move|p2b: Sinistcha|Protect|p2b: Sinistcha\n|-singleturn|p2b: Sinistcha|Protect\n|move|p1b: Indeed indeed|Follow Me|p1b: Indeed indeed\n|-singleturn|p1b: Indeed indeed|move: Follow Me\n|move|p1a: mega man|Heat Wave|p2a: Baxcalibur|[spread] p2a\n|-activate|p2b: Sinistcha|move: Protect\n|-damage|p2a: Baxcalibur|68\/100\n|-ability|p2a: Baxcalibur|Thermal Exchange|boost\n|-boost|p2a: Baxcalibur|atk|1\n|\n|-heal|p2b: Sinistcha|50\/100|[from] item: Leftovers\n|upkeep\n|turn|5\n|inactive|saucy_099 has 90 seconds left.\n|\n|t:|1697579832\n|switch|p2b: Diancie|Diancie|100\/100\n|move|p1b: Indeed indeed|Follow Me|p1b: Indeed indeed\n|-singleturn|p1b: Indeed indeed|move: Follow Me\n|move|p2a: Baxcalibur|High Horsepower|p1b: Indeed indeed\n|-damage|p1b: Indeed indeed|18\/100\n|move|p1a: mega man|Expanding Force|p2b: Diancie|[spread] p2a,p2b\n|-damage|p2a: Baxcalibur|9\/100\n|-damage|p2b: Diancie|51\/100\n|\n|upkeep\n|turn|6\n|inactive|saucy_099 has 90 seconds left.\n|\n|t:|1697579856\n|switch|p2a: Sinistcha|Sinistcha|50\/100\n|-heal|p2b: Diancie|76\/100|[from] ability: Hospitality|[of] p2a: Sinistcha\n|move|p1b: Indeed indeed|Follow Me|p1b: Indeed indeed\n|-singleturn|p1b: Indeed indeed|move: Follow Me\n|move|p1a: mega man|Expanding Force|p2a: Sinistcha|[spread] p2a,p2b\n|-damage|p2a: Sinistcha|0 fnt\n|-damage|p2b: Diancie|29\/100\n|faint|p2a: Sinistcha\n|move|p2b: Diancie|Diamond Storm|p1b: Indeed indeed|[spread] p1a,p1b\n|-supereffective|p1a: mega man\n|-damage|p1a: mega man|4\/100\n|-damage|p1b: Indeed indeed|0 fnt\n|-ability|p1a: mega man|Weak Armor|boost\n|-unboost|p1a: mega man|def|1\n|-boost|p1a: mega man|spe|2\n|-enditem|p1a: mega man|Weakness Policy\n|-boost|p1a: mega man|atk|2|[from] item: Weakness Policy\n|-boost|p1a: mega man|spa|2|[from] item: Weakness Policy\n|faint|p1b: Indeed indeed\n|\n|-sideend|p2: saucy_099|Reflect\n|upkeep\n|inactive|saucy_099 has 90 seconds left.\n|\n|t:|1697579894\n|switch|p1b: Phin|Palafin-Hero, M, shiny, tera:Water|62\/100\n|switch|p2a: Grimmsnarl|Grimmsnarl, M|54\/100 brn\n|-activate|p1b: Phin|ability: Zero to Hero\n|turn|7\n|inactive|saucy_099 has 90 seconds left.\n|\n|t:|1697579924\n|move|p2b: Diancie|Protect|p2b: Diancie\n|-singleturn|p2b: Diancie|Protect\n|move|p2a: Grimmsnarl|Fake Out|p1a: mega man\n|-activate|p1a: mega man|move: Psychic Terrain\n|move|p1a: mega man|Heat Wave|p2a: Grimmsnarl|[spread] p2a\n|-activate|p2b: Diancie|move: Protect\n|-damage|p2a: Grimmsnarl|0 fnt\n|faint|p2a: Grimmsnarl\n|move|p1b: Phin|Flip Turn|p2b: Diancie\n|-activate|p2b: Diancie|move: Protect\n|\n|-fieldend|move: Psychic Terrain\n|upkeep\n|inactive|saucy_099 has 60 seconds left.\n|\n|t:|1697579962\n|switch|p2a: Cresselia|Cresselia, F|100\/100\n|turn|8\n|\n|t:|1697579978\n|move|p2b: Diancie|Protect||[still]\n|-fail|p2b: Diancie\n|move|p1a: mega man|Heat Wave|p2a: Cresselia|[spread] p2a,p2b\n|-resisted|p2b: Diancie\n|-damage|p2a: Cresselia|59\/100\n|-damage|p2b: Diancie|0 fnt\n|faint|p2b: Diancie\n|move|p1b: Phin|Flip Turn|p2a: Cresselia\n|-damage|p2a: Cresselia|27\/100\n|-damage|p1b: Phin|46\/100|[from] item: Rocky Helmet|[of] p2a: Cresselia\n|\n|t:|1697579992\n|switch|p1b: Doge|Arcanine, F, shiny|100\/100|[from] Flip Turn\n|-ability|p1b: Doge|Intimidate|boost\n|-unboost|p2a: Cresselia|atk|1\n|move|p2a: Cresselia|Trick Room|p2a: Cresselia\n|-fieldstart|move: Trick Room|[of] p2a: Cresselia\n|\n|-status|p1b: Doge|tox|[from] item: Toxic Orb\n|upkeep\n|\n|t:|1697579999\n|switch|p2b: Baxcalibur|Baxcalibur, M|9\/100\n|turn|9\n|inactive|saucy_099 has 60 seconds left.\n|\n|t:|1697580019\n|move|p1a: mega man|Protect|p1a: mega man\n|-singleturn|p1a: mega man|Protect\n|move|p1b: Doge|Extreme Speed|p2b: Baxcalibur\n|-damage|p2b: Baxcalibur|0 fnt\n|faint|p2b: Baxcalibur\n|move|p2a: Cresselia|Moonblast|p1a: mega man\n|-activate|p1a: mega man|move: Protect\n|\n|-damage|p1b: Doge|94\/100 tox|[from] psn\n|upkeep\n|turn|10\n|-message|saucy_099 forfeited.\n|\n|win|lord weeny\n|raw|lord weeny's rating: 1200 &rarr; <strong>1238<\/strong><br \/>(+38 for winning)\n|raw|saucy_099's rating: 1403 &rarr; <strong>1372<\/strong><br \/>(-31 for losing)\n|l|\u2606saucy_099\n","uploadtime":1697580040,"views":15,"p1id":"lordweeny","p2id":"saucy099","formatid":"gen9doublesou","rating":1238,"private":0,"password":""}