{"id":"gen9doublesou-1971182457","p1":"YuroKun","p2":"Pohja","format":"[Gen 9] Doubles OU","log":"|j|\u2606YuroKun\n|j|\u2606Pohja\n|t:|1697717196\n|gametype|doubles\n|player|p1|YuroKun|cynthia|1127\n|player|p2|Pohja|liza|1041\n|teamsize|p1|6\n|teamsize|p2|6\n|gen|9\n|tier|[Gen 9] Doubles OU\n|rated|\n|rule|Species Clause: Limit one of each Pok\u00e9mon\n|rule|OHKO Clause: OHKO moves are banned\n|rule|Evasion Moves Clause: Evasion moves are banned\n|rule|Gravity Sleep Clause: The combination of sleep-inducing moves with imperfect accuracy and Gravity or Gigantamax Orbeetle are banned\n|rule|Endless Battle Clause: Forcing endless battles is banned\n|rule|HP Percentage Mod: HP is shown in percentages\n|clearpoke\n|poke|p1|Chien-Pao|\n|poke|p1|Sinistcha-Masterpiece|\n|poke|p1|Tornadus, M|\n|poke|p1|Garchomp, F|\n|poke|p1|Samurott-Hisui, M|\n|poke|p1|Cresselia, F|\n|poke|p2|Greavard, F|\n|poke|p2|Greedent, F|\n|poke|p2|Sylveon, M|\n|poke|p2|Uxie|\n|poke|p2|Maushold|\n|poke|p2|Oranguru, M|\n|teampreview\n|inactive|Battle timer is ON: inactive players will automatically lose when time's up. (requested by Pohja)\n|\n|t:|1697717209\n|start\n|switch|p1a: Tornadus|Tornadus, M|100\/100\n|switch|p1b: Samurott|Samurott-Hisui, M|100\/100\n|switch|p2a: Greavard|Greavard, F|100\/100\n|switch|p2b: Greedent|Greedent, F|100\/100\n|turn|1\n|\n|t:|1697717218\n|move|p1a: Tornadus|Tailwind|p1a: Tornadus\n|-sidestart|p1: YuroKun|move: Tailwind\n|move|p1b: Samurott|Ceaseless Edge|p2a: Greavard\n|-supereffective|p2a: Greavard\n|-damage|p2a: Greavard|0 fnt\n|-sidestart|p2: Pohja|Spikes\n|faint|p2a: Greavard\n|move|p2b: Greedent|Stuff Cheeks|p2b: Greedent\n|-boost|p2b: Greedent|def|2\n|-enditem|p2b: Greedent|Starf Berry|[eat]\n|-boost|p2b: Greedent|atk|2|[from] item: Starf Berry\n|\n|upkeep\n|\n|t:|1697717233\n|switch|p2a: Sylveon|Sylveon, M|100\/100\n|-damage|p2a: Sylveon|88\/100|[from] Spikes\n|turn|2\n|\n|t:|1697717240\n|move|p1a: Tornadus|Heat Wave|p2a: Sylveon|[spread] p2a,p2b\n|-damage|p2a: Sylveon|68\/100\n|-damage|p2b: Greedent|80\/100\n|-status|p2a: Sylveon|brn\n|move|p1b: Samurott|Ceaseless Edge|p2b: Greedent\n|-damage|p2b: Greedent|57\/100\n|-sidestart|p2: Pohja|Spikes\n|move|p2a: Sylveon|Psych Up|p2b: Greedent\n|-copyboost|p2a: Sylveon|p2b: Greedent|[from] move: Psych Up\n|move|p2b: Greedent|Stockpile|p2b: Greedent\n|-start|p2b: Greedent|stockpile1\n|-boost|p2b: Greedent|def|1\n|-boost|p2b: Greedent|spd|1\n|\n|-heal|p2a: Sylveon|75\/100 brn|[from] item: Leftovers\n|-damage|p2a: Sylveon|68\/100 brn|[from] brn\n|upkeep\n|turn|3\n|\n|t:|1697717270\n|switch|p1b: Sinistcha|Sinistcha-Masterpiece|100\/100\n|move|p1a: Tornadus|Sludge Bomb|p2a: Sylveon\n|-supereffective|p2a: Sylveon\n|-damage|p2a: Sylveon|16\/100 brn\n|move|p2a: Sylveon|Hyper Voice|p1b: Sinistcha|[spread] p1a,p1b\n|-damage|p1a: Tornadus|47\/100\n|-damage|p1b: Sinistcha|52\/100\n|move|p2b: Greedent|Stockpile|p2b: Greedent\n|-start|p2b: Greedent|stockpile2\n|-boost|p2b: Greedent|def|1\n|-boost|p2b: Greedent|spd|1\n|\n|-heal|p1a: Tornadus|53\/100|[from] item: Leftovers\n|-heal|p1b: Sinistcha|58\/100|[from] item: Leftovers\n|-heal|p2a: Sylveon|22\/100 brn|[from] item: Leftovers\n|-damage|p2a: Sylveon|16\/100 brn|[from] brn\n|upkeep\n|turn|4\n|\n|t:|1697717295\n|move|p1a: Tornadus|Bleakwind Storm|p2a: Sylveon|[spread] p2a\n|-miss|p1a: Tornadus|p2b: Greedent\n|-damage|p2a: Sylveon|0 fnt\n|faint|p2a: Sylveon\n|move|p1b: Sinistcha|Scald|p2b: Greedent\n|-damage|p2b: Greedent|45\/100\n|move|p2b: Greedent|Stockpile|p2b: Greedent\n|-start|p2b: Greedent|stockpile3\n|-boost|p2b: Greedent|def|1\n|-boost|p2b: Greedent|spd|1\n|\n|-heal|p1a: Tornadus|59\/100|[from] item: Leftovers\n|-heal|p1b: Sinistcha|64\/100|[from] item: Leftovers\n|-sideend|p1: YuroKun|move: Tailwind\n|upkeep\n|\n|t:|1697717301\n|switch|p2a: Oranguru|Oranguru, M|100\/100\n|-damage|p2a: Oranguru|84\/100|[from] Spikes\n|turn|5\n|\n|t:|1697717323\n|move|p1a: Tornadus|Tailwind|p1a: Tornadus\n|-sidestart|p1: YuroKun|move: Tailwind\n|move|p1b: Sinistcha|Scald|p2b: Greedent\n|-damage|p2b: Greedent|37\/100\n|-status|p2b: Greedent|brn\n|move|p2a: Oranguru|Instruct|p2b: Greedent\n|-singleturn|p2b: Greedent|move: Instruct|[of] p2a: Oranguru\n|move|p2b: Greedent|Stockpile||[still]\n|-fail|p2b: Greedent\n|move|p2b: Greedent|Stomping Tantrum|p1b: Sinistcha\n|-resisted|p1b: Sinistcha\n|-damage|p1b: Sinistcha|57\/100\n|\n|-heal|p1a: Tornadus|65\/100|[from] item: Leftovers\n|-heal|p1b: Sinistcha|63\/100|[from] item: Leftovers\n|-heal|p2a: Oranguru|90\/100|[from] item: Leftovers\n|-damage|p2b: Greedent|31\/100 brn|[from] brn\n|upkeep\n|turn|6\n|\n|t:|1697717349\n|move|p1a: Tornadus|Bleakwind Storm|p2b: Greedent|[spread] p2a,p2b\n|-damage|p2a: Oranguru|60\/100\n|-damage|p2b: Greedent|18\/100 brn\n|move|p1b: Sinistcha|Matcha Gotcha|p2a: Oranguru|[spread] p2a,p2b\n|-damage|p2a: Oranguru|36\/100\n|-heal|p1b: Sinistcha|77\/100|[from] drain|[of] p2a: Oranguru\n|-damage|p2b: Greedent|8\/100 brn\n|-heal|p1b: Sinistcha|82\/100|[from] drain|[of] p2b: Greedent\n|-status|p2a: Oranguru|brn\n|move|p2a: Oranguru|Instruct|p2b: Greedent\n|-singleturn|p2b: Greedent|move: Instruct|[of] p2a: Oranguru\n|move|p2b: Greedent|Stomping Tantrum|p1b: Sinistcha\n|-resisted|p1b: Sinistcha\n|-damage|p1b: Sinistcha|74\/100\n|move|p2b: Greedent|Stomping Tantrum|p1b: Sinistcha\n|-resisted|p1b: Sinistcha\n|-damage|p1b: Sinistcha|66\/100\n|\n|-heal|p1a: Tornadus|71\/100|[from] item: Leftovers\n|-heal|p1b: Sinistcha|72\/100|[from] item: Leftovers\n|-heal|p2a: Oranguru|42\/100 brn|[from] item: Leftovers\n|-damage|p2a: Oranguru|36\/100 brn|[from] brn\n|-damage|p2b: Greedent|2\/100 brn|[from] brn\n|upkeep\n|turn|7\n|-message|Pohja forfeited.\n|\n|win|YuroKun\n|raw|YuroKun's rating: 1127 &rarr; <strong>1146<\/strong><br \/>(+19 for winning)\n|raw|Pohja's rating: 1041 &rarr; <strong>1029<\/strong><br \/>(-12 for losing)\n","uploadtime":1697717374,"views":15,"p1id":"yurokun","p2id":"pohja","formatid":"gen9doublesou","rating":1029,"private":0,"password":""}