{"id":"gen9doublesou-1999767193","p1":"nfjcjjdndnfnkd","p2":"Actuarily","format":"[Gen 9] Doubles OU","log":"|j|\u2606nfjcjjdndnfnkd\n|j|\u2606Actuarily\n|inactive|Battle timer is ON: inactive players will automatically lose when time's up.\n|t:|1701114842\n|gametype|doubles\n|player|p1|nfjcjjdndnfnkd|cheryl|\n|player|p2|Actuarily|roughneck-gen4|\n|teamsize|p1|6\n|teamsize|p2|6\n|gen|9\n|tier|[Gen 9] Doubles OU\n|rated|Tournament battle\n|rule|Species Clause: Limit one of each Pok\u00e9mon\n|rule|OHKO Clause: OHKO moves are banned\n|rule|Evasion Moves Clause: Evasion moves are banned\n|rule|Gravity Sleep Clause: The combination of sleep-inducing moves with imperfect accuracy and Gravity or Gigantamax Orbeetle are banned\n|rule|Endless Battle Clause: Forcing endless battles is banned\n|rule|HP Percentage Mod: HP is shown in percentages\n|clearpoke\n|poke|p1|Conkeldurr, M|\n|poke|p1|Sableye, M|\n|poke|p1|Sinistcha-Masterpiece|\n|poke|p1|Landorus-Therian, M|\n|poke|p1|Cresselia, F|\n|poke|p1|Diancie|\n|poke|p2|Grimmsnarl, M|\n|poke|p2|Chi-Yu|\n|poke|p2|Ogerpon-Wellspring, F|\n|poke|p2|Iron Hands|\n|poke|p2|Landorus-Therian, M|\n|poke|p2|Gholdengo|\n|teampreview\n|c|\u2606Actuarily|Gl\n|c|\u2606nfjcjjdndnfnkd|hf\n|\n|t:|1701114863\n|start\n|switch|p1a: Conkeldurr|Conkeldurr, M, shiny|100\/100\n|switch|p1b: Sableye|Sableye, M|100\/100\n|switch|p2a: Gholdengo|Gholdengo|100\/100\n|switch|p2b: Ogerpon|Ogerpon-Wellspring, F|100\/100\n|turn|1\n|\n|t:|1701114872\n|switch|p2b: Landorus|Landorus-Therian, M|100\/100\n|-ability|p2b: Landorus|Intimidate|boost\n|-fail|p1a: Conkeldurr|unboost|[from] item: Clear Amulet|[of] p1a: Conkeldurr\n|-unboost|p1b: Sableye|atk|1\n|move|p1b: Sableye|Light Screen|p1b: Sableye\n|-sidestart|p1: nfjcjjdndnfnkd|move: Light Screen\n|move|p2a: Gholdengo|Nasty Plot|p2a: Gholdengo\n|-boost|p2a: Gholdengo|spa|2\n|move|p1a: Conkeldurr|Bulk Up|p1a: Conkeldurr\n|-boost|p1a: Conkeldurr|atk|1\n|-boost|p1a: Conkeldurr|def|1\n|\n|upkeep\n|turn|2\n|\n|t:|1701114892\n|move|p1b: Sableye|Will-O-Wisp|p1a: Conkeldurr\n|-status|p1a: Conkeldurr|brn\n|move|p2b: Landorus|Taunt|p1a: Conkeldurr\n|-start|p1a: Conkeldurr|move: Taunt\n|move|p2a: Gholdengo|Shadow Ball|p1a: Conkeldurr\n|-damage|p1a: Conkeldurr|50\/100 brn\n|move|p1a: Conkeldurr|Knock Off|p2a: Gholdengo\n|-supereffective|p2a: Gholdengo\n|-damage|p2a: Gholdengo|0 fnt\n|-enditem|p2a: Gholdengo|Sitrus Berry|[from] move: Knock Off|[of] p1a: Conkeldurr\n|faint|p2a: Gholdengo\n|\n|-damage|p1a: Conkeldurr|43\/100 brn|[from] brn\n|upkeep\n|j| Grandpas Eatin\n|\n|t:|1701114912\n|switch|p2a: Chi-Yu|Chi-Yu|100\/100\n|-ability|p2a: Chi-Yu|Beads of Ruin\n|turn|3\n|\n|t:|1701114921\n|switch|p1b: Sinistcha|Sinistcha-Masterpiece, shiny|100\/100\n|-heal|p1a: Conkeldurr|68\/100 brn|[from] ability: Hospitality|[of] p1b: Sinistcha\n|-terastallize|p2a: Chi-Yu|Ghost\n|move|p2a: Chi-Yu|Heat Wave|p1a: Conkeldurr|[spread] p1a\n|-miss|p2a: Chi-Yu|p1b: Sinistcha\n|-damage|p1a: Conkeldurr|38\/100 brn\n|move|p2b: Landorus|Sandsear Storm|p1a: Conkeldurr|[spread] p1a,p1b\n|-resisted|p1b: Sinistcha\n|-damage|p1a: Conkeldurr|14\/100 brn\n|-damage|p1b: Sinistcha|85\/100\n|-status|p1b: Sinistcha|brn\n|move|p1a: Conkeldurr|Knock Off|p2a: Chi-Yu\n|-supereffective|p2a: Chi-Yu\n|-damage|p2a: Chi-Yu|0 fnt\n|-enditem|p2a: Chi-Yu|Choice Scarf|[from] move: Knock Off|[of] p1a: Conkeldurr\n|faint|p2a: Chi-Yu\n|\n|-damage|p1b: Sinistcha|79\/100 brn|[from] brn\n|-damage|p1a: Conkeldurr|8\/100 brn|[from] brn\n|upkeep\n|c|\u2606Actuarily|Well then\n|inactive|Actuarily has 120 seconds left.\n|\n|t:|1701114956\n|switch|p2a: Grimmsnarl|Grimmsnarl, M|100\/100\n|turn|4\n|\n|t:|1701114968\n|move|p1b: Sinistcha|Rage Powder|p1b: Sinistcha\n|-singleturn|p1b: Sinistcha|move: Rage Powder\n|move|p2a: Grimmsnarl|Reflect|p2a: Grimmsnarl\n|-sidestart|p2: Actuarily|Reflect\n|move|p2b: Landorus|Sandsear Storm|p1b: Sinistcha|[spread] p1a\n|-miss|p2b: Landorus|p1b: Sinistcha\n|-damage|p1a: Conkeldurr|0 fnt\n|faint|p1a: Conkeldurr\n|\n|-damage|p1b: Sinistcha|73\/100 brn|[from] brn\n|upkeep\n|c|\u2606nfjcjjdndnfnkd|ah rip\n|inactive|nfjcjjdndnfnkd has 120 seconds left.\n|\n|t:|1701114994\n|switch|p1a: Diancie|Diancie|100\/100\n|turn|5\n|\n|t:|1701115009\n|switch|p1b: Landorus|Landorus-Therian, M|100\/100\n|-ability|p1b: Landorus|Intimidate|boost\n|-unboost|p2a: Grimmsnarl|atk|1\n|-unboost|p2b: Landorus|atk|1\n|move|p2a: Grimmsnarl|Parting Shot|p1b: Landorus\n|-unboost|p1b: Landorus|atk|1\n|-unboost|p1b: Landorus|spa|1\n|j| Waiting on U\n|\n|t:|1701115015\n|switch|p2a: Ogerpon|Ogerpon-Wellspring, F|100\/100|[from] Parting Shot\n|move|p2b: Landorus|Taunt|p1a: Diancie\n|-start|p1a: Diancie|move: Taunt\n|move|p1a: Diancie|Diamond Storm|p2b: Landorus|[spread] p2a,p2b\n|-damage|p2a: Ogerpon|77\/100\n|-damage|p2b: Landorus|79\/100\n|-boost|p1a: Diancie|def|2\n|\n|upkeep\n|turn|6\n|l| Waiting on U\n|\n|t:|1701115025\n|-terastallize|p1a: Diancie|Grass\n|move|p1b: Landorus|U-turn|p2a: Ogerpon\n|-supereffective|p2a: Ogerpon\n|-damage|p2a: Ogerpon|50\/100\n|\n|t:|1701115033\n|switch|p1b: Sableye|Sableye, M|100\/100|[from] U-turn\n|move|p2a: Ogerpon|Ivy Cudgel|p1a: Diancie|[anim] Ivy Cudgel Water\n|-resisted|p1a: Diancie\n|-damage|p1a: Diancie|87\/100\n|move|p2b: Landorus|Sandsear Storm|p1a: Diancie|[spread] p1a,p1b\n|-resisted|p1a: Diancie\n|-damage|p1a: Diancie|79\/100\n|-damage|p1b: Sableye|74\/100\n|-status|p1b: Sableye|brn\n|move|p1a: Diancie|Diamond Storm|p2a: Ogerpon|[spread] p2a,p2b\n|-damage|p2a: Ogerpon|24\/100\n|-damage|p2b: Landorus|58\/100\n|-boost|p1a: Diancie|def|2\n|\n|-damage|p1b: Sableye|67\/100 brn|[from] brn\n|upkeep\n|turn|7\n|\n|t:|1701115057\n|move|p1b: Sableye|Reflect|p1b: Sableye\n|-sidestart|p1: nfjcjjdndnfnkd|Reflect\n|move|p2a: Ogerpon|Ivy Cudgel|p1b: Sableye|[anim] Ivy Cudgel Water\n|-crit|p1b: Sableye\n|-damage|p1b: Sableye|0 fnt\n|faint|p1b: Sableye\n|move|p2b: Landorus|Sandsear Storm|p1a: Diancie\n|-resisted|p1a: Diancie\n|-damage|p1a: Diancie|68\/100\n|move|p1a: Diancie|Diamond Storm|p2b: Landorus|[spread] p2a,p2b\n|-damage|p2a: Ogerpon|0 fnt\n|-damage|p2b: Landorus|35\/100\n|-boost|p1a: Diancie|def|2\n|-enditem|p2b: Landorus|Sitrus Berry|[eat]\n|-heal|p2b: Landorus|60\/100|[from] item: Sitrus Berry\n|faint|p2a: Ogerpon\n|\n|-end|p1a: Diancie|move: Taunt\n|upkeep\n|j|+AIRedzone\n|c|\u2606Actuarily|Gg\n|j| Alexia B.\n|c|\u2606nfjcjjdndnfnkd|gg\n|-message|Actuarily forfeited.\n|\n|win|nfjcjjdndnfnkd\n|n|\u2606nfjcjjdndnfnkd|nfjcjjdndnfnkd\n|n|\u2606Actuarily|actuarily\n|n| Grandpas Eatin|grandpaseatin\n|n| AIRedzone|airedzone\n|n| Alexia B.|alexiab\n|l|\u2606Actuarily\n","uploadtime":1701115081,"views":29,"p1id":"nfjcjjdndnfnkd","p2id":"actuarily","formatid":"gen9doublesou","rating":0,"private":0,"password":""}