{"id":"gen9doublesou-1994323995","p1":"Lunn00","p2":"RudiHoshino","format":"[Gen 9] Doubles OU","log":"|j|\u2606Lunn00\n|j|\u2606RudiHoshino\n|t:|1700431139\n|gametype|doubles\n|player|p1|Lunn00|265|1331\n|player|p2|RudiHoshino|dawn|1393\n|teamsize|p1|6\n|teamsize|p2|6\n|gen|9\n|tier|[Gen 9] Doubles OU\n|rated|\n|rule|Species Clause: Limit one of each Pok\u00e9mon\n|rule|OHKO Clause: OHKO moves are banned\n|rule|Evasion Moves Clause: Evasion moves are banned\n|rule|Gravity Sleep Clause: The combination of sleep-inducing moves with imperfect accuracy and Gravity or Gigantamax Orbeetle are banned\n|rule|Endless Battle Clause: Forcing endless battles is banned\n|rule|HP Percentage Mod: HP is shown in percentages\n|clearpoke\n|poke|p1|Houndstone, M|\n|poke|p1|Tyranitar, F|\n|poke|p1|Ogerpon-Wellspring, F|\n|poke|p1|Sinistcha|\n|poke|p1|Maushold|\n|poke|p1|Volcarona, M|\n|poke|p2|Kommo-o, M|\n|poke|p2|Sinistcha-Masterpiece|\n|poke|p2|Clefairy, F|\n|poke|p2|Chi-Yu|\n|poke|p2|Rillaboom, F|\n|poke|p2|Flutter Mane|\n|teampreview\n|\n|t:|1700431157\n|start\n|switch|p1a: Tyranitar|Tyranitar, F|100\/100\n|switch|p1b: Houndstone|Houndstone, M|100\/100\n|switch|p2a: Kommo-o|Kommo-o, M|100\/100\n|switch|p2b: Clefairy|Clefairy, F|100\/100\n|-weather|Sandstorm|[from] ability: Sand Stream|[of] p1a: Tyranitar\n|turn|1\n|\n|t:|1700431168\n|-terastallize|p1a: Tyranitar|Fairy\n|move|p2b: Clefairy|Follow Me|p2b: Clefairy\n|-singleturn|p2b: Clefairy|move: Follow Me\n|move|p1b: Houndstone|Howl|p1b: Houndstone|[spread] p1a,p1b\n|-boost|p1a: Tyranitar|atk|1\n|-boost|p1b: Houndstone|atk|1\n|move|p2a: Kommo-o|Clangorous Soul|p2a: Kommo-o\n|-boost|p2a: Kommo-o|atk|1\n|-boost|p2a: Kommo-o|def|1\n|-boost|p2a: Kommo-o|spa|1\n|-boost|p2a: Kommo-o|spd|1\n|-boost|p2a: Kommo-o|spe|1\n|-damage|p2a: Kommo-o|68\/100\n|-enditem|p2a: Kommo-o|Throat Spray\n|-boost|p2a: Kommo-o|spa|1|[from] item: Throat Spray\n|move|p1a: Tyranitar|Rock Slide|p2b: Clefairy|[spread] p2a,p2b\n|-resisted|p2a: Kommo-o\n|-crit|p2b: Clefairy\n|-damage|p2a: Kommo-o|57\/100\n|-damage|p2b: Clefairy|14\/100\n|\n|-weather|Sandstorm|[upkeep]\n|-damage|p2a: Kommo-o|51\/100|[from] Sandstorm\n|-damage|p1a: Tyranitar|94\/100|[from] Sandstorm\n|-damage|p2b: Clefairy|7\/100|[from] Sandstorm\n|upkeep\n|turn|2\n|\n|t:|1700431191\n|switch|p2b: Sinistcha|Sinistcha-Masterpiece|100\/100\n|-heal|p2a: Kommo-o|76\/100|[from] ability: Hospitality|[of] p2b: Sinistcha\n|move|p1b: Houndstone|Snarl|p2a: Kommo-o|[spread] p2a,p2b\n|-resisted|p2a: Kommo-o\n|-supereffective|p2b: Sinistcha\n|-damage|p2a: Kommo-o|75\/100\n|-damage|p2b: Sinistcha|90\/100\n|-unboost|p2a: Kommo-o|spa|1\n|-unboost|p2b: Sinistcha|spa|1\n|move|p2a: Kommo-o|Flash Cannon|p1a: Tyranitar\n|-supereffective|p1a: Tyranitar\n|-damage|p1a: Tyranitar|52\/100\n|move|p1a: Tyranitar|Tera Blast|p2a: Kommo-o|[anim] Tera Blast Fairy\n|-supereffective|p2a: Kommo-o\n|-damage|p2a: Kommo-o|0 fnt\n|faint|p2a: Kommo-o\n|\n|-weather|Sandstorm|[upkeep]\n|-damage|p2b: Sinistcha|84\/100|[from] Sandstorm\n|-damage|p1a: Tyranitar|46\/100|[from] Sandstorm\n|-heal|p2b: Sinistcha|90\/100|[from] item: Leftovers\n|upkeep\n|\n|t:|1700431217\n|switch|p2a: Rillaboom|Rillaboom, F|100\/100\n|-fieldstart|move: Grassy Terrain|[from] ability: Grassy Surge|[of] p2a: Rillaboom\n|turn|3\n|\n|t:|1700431231\n|-terastallize|p2a: Rillaboom|Grass\n|move|p2b: Sinistcha|Protect|p2b: Sinistcha\n|-singleturn|p2b: Sinistcha|Protect\n|move|p2a: Rillaboom|Grassy Glide|p1a: Tyranitar\n|-damage|p1a: Tyranitar|0 fnt\n|faint|p1a: Tyranitar\n|-damage|p2a: Rillaboom|91\/100|[from] item: Life Orb\n|move|p1b: Houndstone|Will-O-Wisp|p2a: Rillaboom\n|-status|p2a: Rillaboom|brn\n|\n|-weather|Sandstorm|[upkeep]\n|-damage|p2a: Rillaboom|84\/100 brn|[from] Sandstorm\n|-damage|p2b: Sinistcha|84\/100|[from] Sandstorm\n|-heal|p2a: Rillaboom|91\/100 brn|[from] Grassy Terrain\n|-heal|p2b: Sinistcha|90\/100|[from] Grassy Terrain\n|-heal|p2b: Sinistcha|96\/100|[from] item: Leftovers\n|-damage|p2a: Rillaboom|84\/100 brn|[from] brn\n|upkeep\n|\n|t:|1700431244\n|switch|p1a: Volcarona|Volcarona, M|100\/100\n|turn|4\n|\n|t:|1700431252\n|switch|p1b: Maushold|Maushold|100\/100\n|move|p2a: Rillaboom|Grassy Glide|p1b: Maushold\n|-damage|p1b: Maushold|45\/100\n|-damage|p2a: Rillaboom|74\/100 brn|[from] item: Life Orb\n|move|p1a: Volcarona|Tailwind|p1a: Volcarona\n|-sidestart|p1: Lunn00|move: Tailwind\n|move|p2b: Sinistcha|Poltergeist|p1a: Volcarona\n|-activate|p1a: Volcarona|move: Poltergeist|Leftovers\n|-damage|p1a: Volcarona|74\/100\n|\n|-weather|Sandstorm|[upkeep]\n|-damage|p1b: Maushold|39\/100|[from] Sandstorm\n|-damage|p1a: Volcarona|68\/100|[from] Sandstorm\n|-damage|p2a: Rillaboom|68\/100 brn|[from] Sandstorm\n|-damage|p2b: Sinistcha|90\/100|[from] Sandstorm\n|-heal|p1b: Maushold|45\/100|[from] Grassy Terrain\n|-heal|p1a: Volcarona|74\/100|[from] Grassy Terrain\n|-heal|p1a: Volcarona|81\/100|[from] item: Leftovers\n|-heal|p2a: Rillaboom|74\/100 brn|[from] Grassy Terrain\n|-heal|p2b: Sinistcha|96\/100|[from] Grassy Terrain\n|-heal|p2b: Sinistcha|100\/100|[from] item: Leftovers\n|-damage|p2a: Rillaboom|68\/100 brn|[from] brn\n|upkeep\n|turn|5\n|\n|t:|1700431274\n|switch|p1a: Houndstone|Houndstone, M|100\/100\n|move|p2b: Sinistcha|Protect|p2b: Sinistcha\n|-singleturn|p2b: Sinistcha|Protect\n|move|p2a: Rillaboom|Grassy Glide|p1b: Maushold\n|-damage|p1b: Maushold|0 fnt\n|faint|p1b: Maushold\n|-damage|p2a: Rillaboom|58\/100 brn|[from] item: Life Orb\n|\n|-weather|none\n|-heal|p2a: Rillaboom|64\/100 brn|[from] Grassy Terrain\n|-damage|p2a: Rillaboom|58\/100 brn|[from] brn\n|upkeep\n|-message|Lunn00 forfeited.\n|\n|win|RudiHoshino\n|raw|Lunn00's rating: 1331 &rarr; <strong>1316<\/strong><br \/>(-15 for losing)\n|raw|RudiHoshino's rating: 1414 &rarr; <strong>1429<\/strong><br \/>(+15 for winning)\n|l|\u2606Lunn00\n","uploadtime":1700431287,"views":3,"p1id":"lunn00","p2id":"rudihoshino","formatid":"gen9doublesou","rating":1316,"private":0,"password":""}