{"id":"gen9doublesou-1990918871","p1":"SaturnFr3ak","p2":"Carso","format":"[Gen 9] Doubles OU","log":"|j|\u2606SaturnFr3ak\n|j|\u2606Carso\n|t:|1700015085\n|gametype|doubles\n|player|p1|SaturnFr3ak|mina|1411\n|player|p2|Carso|266|1431\n|teamsize|p1|6\n|teamsize|p2|6\n|gen|9\n|tier|[Gen 9] Doubles OU\n|rated|\n|rule|Species Clause: Limit one of each Pok\u00e9mon\n|rule|OHKO Clause: OHKO moves are banned\n|rule|Evasion Moves Clause: Evasion moves are banned\n|rule|Gravity Sleep Clause: The combination of sleep-inducing moves with imperfect accuracy and Gravity or Gigantamax Orbeetle are banned\n|rule|Endless Battle Clause: Forcing endless battles is banned\n|rule|HP Percentage Mod: HP is shown in percentages\n|clearpoke\n|poke|p1|Stonjourner, F|\n|poke|p1|Chi-Yu|\n|poke|p1|Passimian, M|\n|poke|p1|Flutter Mane|\n|poke|p1|Muk-Alola, M|\n|poke|p1|Sinistcha-Masterpiece|\n|poke|p2|Ogerpon-Hearthflame, F|\n|poke|p2|Fezandipiti, M|\n|poke|p2|Amoonguss, M|\n|poke|p2|Ursaluna, F|\n|poke|p2|Barraskewda, F|\n|poke|p2|Chien-Pao|\n|teampreview\n|inactive|Battle timer is ON: inactive players will automatically lose when time's up. (requested by Carso)\n|\n|t:|1700015099\n|start\n|switch|p1a: OJ|Passimian, M, shiny|100\/100\n|switch|p1b: Roxie|Stonjourner, F, shiny|100\/100\n|switch|p2a: Ogerpon|Ogerpon-Hearthflame, F|100\/100\n|switch|p2b: Barraskewda|Barraskewda, F|100\/100\n|-ability|p2a: Ogerpon|Mold Breaker\n|turn|1\n|inactive|SaturnFr3ak has 120 seconds left.\n|inactive|SaturnFr3ak has 90 seconds left.\n|inactive|SaturnFr3ak has 60 seconds left.\n|inactive|SaturnFr3ak has 30 seconds left.\n|\n|t:|1700015223\n|-terastallize|p2a: Ogerpon|Fire\n|detailschange|p2a: Ogerpon|Ogerpon-Hearthflame-Tera, F, tera:Fire\n|-ability|p2a: Ogerpon|Embody Aspect (Hearthflame)|boost\n|-boost|p2a: Ogerpon|atk|1\n|move|p1a: OJ|Close Combat|p2b: Barraskewda\n|-damage|p2b: Barraskewda|0 fnt\n|-unboost|p1a: OJ|def|1\n|-unboost|p1a: OJ|spd|1\n|faint|p2b: Barraskewda\n|move|p2a: Ogerpon|Horn Leech|p1b: Roxie\n|-supereffective|p1b: Roxie\n|-damage|p1b: Roxie|26\/100\n|move|p1b: Roxie|Sunny Day|p1b: Roxie\n|-weather|SunnyDay\n|\n|-weather|SunnyDay|[upkeep]\n|upkeep\n|\n|t:|1700015245\n|switch|p2b: Fezandipiti|Fezandipiti, M|100\/100\n|turn|2\n|\n|t:|1700015262\n|move|p2a: Ogerpon|Spiky Shield|p2a: Ogerpon\n|-singleturn|p2a: Ogerpon|move: Protect\n|move|p1a: OJ|Close Combat|p2a: Ogerpon\n|-activate|p2a: Ogerpon|move: Protect\n|-damage|p1a: OJ|88\/100|[from] Spiky Shield|[of] p2a: Ogerpon\n|move|p2b: Fezandipiti|Icy Wind|p1a: OJ|[spread] p1a,p1b\n|-damage|p1a: OJ|72\/100\n|-damage|p1b: Roxie|14\/100\n|-unboost|p1a: OJ|spe|1\n|-unboost|p1b: Roxie|spe|1\n|move|p1b: Roxie|Heat Crash|p2b: Fezandipiti\n|-damage|p2b: Fezandipiti|45\/100\n|\n|-weather|SunnyDay|[upkeep]\n|upkeep\n|turn|3\n|inactive|SaturnFr3ak has 60 seconds left.\n|\n|t:|1700015283\n|switch|p1a: Greed|Muk-Alola, M, shiny|100\/100\n|move|p2a: Ogerpon|Ivy Cudgel|p1a: Greed|[anim] Ivy Cudgel Fire\n|-damage|p1a: Greed|0 fnt\n|faint|p1a: Greed\n|move|p2b: Fezandipiti|Roost|p2b: Fezandipiti\n|-heal|p2b: Fezandipiti|95\/100\n|-singleturn|p2b: Fezandipiti|move: Roost\n|move|p1b: Roxie|Heat Crash|p2b: Fezandipiti\n|-damage|p2b: Fezandipiti|43\/100\n|\n|-weather|SunnyDay|[upkeep]\n|upkeep\n|\n|t:|1700015291\n|switch|p1a: OJ|Passimian, M, shiny|72\/100\n|turn|4\n|inactive|Carso has 120 seconds left.\n|\n|t:|1700015326\n|move|p1a: OJ|Close Combat|p2a: Ogerpon\n|-damage|p2a: Ogerpon|0 fnt\n|-unboost|p1a: OJ|def|1\n|-unboost|p1a: OJ|spd|1\n|faint|p2a: Ogerpon\n|move|p2b: Fezandipiti|Roost|p2b: Fezandipiti\n|-heal|p2b: Fezandipiti|93\/100\n|-singleturn|p2b: Fezandipiti|move: Roost\n|move|p1b: Roxie|Heat Crash|p2b: Fezandipiti\n|-crit|p2b: Fezandipiti\n|-damage|p2b: Fezandipiti|10\/100\n|\n|-weather|SunnyDay|[upkeep]\n|upkeep\n|inactive|Carso has 120 seconds left.\n|\n|t:|1700015335\n|switch|p2a: Chien-Pao|Chien-Pao|100\/100\n|-ability|p2a: Chien-Pao|Sword of Ruin\n|turn|5\n|inactive|SaturnFr3ak has 90 seconds left.\n|\n|t:|1700015369\n|move|p2a: Chien-Pao|Sucker Punch|p1b: Roxie\n|-damage|p1b: Roxie|0 fnt\n|faint|p1b: Roxie\n|-ability|p1a: OJ|Power Spot|[from] ability: Receiver|[of] p1b: Roxie\n|move|p1a: OJ|Close Combat|p2a: Chien-Pao\n|-supereffective|p2a: Chien-Pao\n|-enditem|p2a: Chien-Pao|Focus Sash\n|-damage|p2a: Chien-Pao|1\/100\n|-unboost|p1a: OJ|def|1\n|-unboost|p1a: OJ|spd|1\n|move|p2b: Fezandipiti|Tailwind|p2b: Fezandipiti\n|-sidestart|p2: Carso|move: Tailwind\n|\n|-weather|SunnyDay|[upkeep]\n|upkeep\n|inactive|SaturnFr3ak has 60 seconds left.\n|\n|t:|1700015387\n|switch|p1b: Missy|Flutter Mane|100\/100\n|-activate|p1b: Missy|ability: Protosynthesis\n|-start|p1b: Missy|protosynthesisspe\n|turn|6\n|\n|t:|1700015399\n|-terastallize|p1b: Missy|Fairy\n|move|p2a: Chien-Pao|Ice Spinner|p1b: Missy\n|-damage|p1b: Missy|0 fnt\n|faint|p1b: Missy\n|-end|p1b: Missy|Protosynthesis|[silent]\n|move|p2b: Fezandipiti|Icy Wind|p1a: OJ\n|-damage|p1a: OJ|44\/100\n|-unboost|p1a: OJ|spe|1\n|-status|p1a: OJ|tox|[from] ability: Toxic Chain|[of] p2b: Fezandipiti\n|move|p1a: OJ|Close Combat|p2b: Fezandipiti\n|-resisted|p2b: Fezandipiti\n|-damage|p2b: Fezandipiti|0 fnt\n|-unboost|p1a: OJ|def|1\n|-unboost|p1a: OJ|spd|1\n|faint|p2b: Fezandipiti\n|\n|-weather|SunnyDay|[upkeep]\n|-damage|p1a: OJ|38\/100 tox|[from] psn\n|upkeep\n|inactive|SaturnFr3ak has 90 seconds left.\n|\n|t:|1700015415\n|switch|p1b: Nemo|Chi-Yu|100\/100\n|switch|p2b: Ursaluna|Ursaluna, F|100\/100\n|-ability|p1b: Nemo|Beads of Ruin\n|turn|7\n|\n|t:|1700015423\n|move|p2a: Chien-Pao|Protect|p2a: Chien-Pao\n|-singleturn|p2a: Chien-Pao|Protect\n|move|p2b: Ursaluna|Protect|p2b: Ursaluna\n|-singleturn|p2b: Ursaluna|Protect\n|move|p1b: Nemo|Heat Wave|p2a: Chien-Pao|[spread] \n|-activate|p2a: Chien-Pao|move: Protect\n|-activate|p2b: Ursaluna|move: Protect\n|move|p1a: OJ|Close Combat|p2b: Ursaluna\n|-activate|p2b: Ursaluna|move: Protect\n|\n|-weather|SunnyDay|[upkeep]\n|-damage|p1a: OJ|26\/100 tox|[from] psn\n|-status|p2b: Ursaluna|brn|[from] item: Flame Orb\n|upkeep\n|turn|8\n|inactive|SaturnFr3ak has 120 seconds left.\n|\n|t:|1700015452\n|switch|p1b: Soba|Sinistcha-Masterpiece|100\/100\n|-heal|p1a: OJ|51\/100 tox|[from] ability: Hospitality|[of] p1b: Soba\n|move|p2a: Chien-Pao|Sucker Punch|p1a: OJ\n|-resisted|p1a: OJ\n|-damage|p1a: OJ|0 fnt\n|faint|p1a: OJ\n|move|p2b: Ursaluna|Drain Punch|p1b: Soba\n|-immune|p1b: Soba\n|\n|-weather|none\n|-damage|p2b: Ursaluna|94\/100 brn|[from] brn\n|-sideend|p2: Carso|move: Tailwind\n|upkeep\n|\n|t:|1700015463\n|switch|p1a: Nemo|Chi-Yu|100\/100\n|-ability|p1a: Nemo|Beads of Ruin\n|turn|9\n|inactive|SaturnFr3ak has 120 seconds left.\n|\n|t:|1700015484\n|move|p1b: Soba|Rage Powder|p1b: Soba\n|-singleturn|p1b: Soba|move: Rage Powder\n|move|p2a: Chien-Pao|Crunch|p1b: Soba\n|-supereffective|p1b: Soba\n|-damage|p1b: Soba|31\/100\n|move|p1a: Nemo|Heat Wave|p2b: Ursaluna|[spread] p2a,p2b\n|-supereffective|p2a: Chien-Pao\n|-damage|p2a: Chien-Pao|0 fnt\n|-damage|p2b: Ursaluna|23\/100 brn\n|faint|p2a: Chien-Pao\n|move|p2b: Ursaluna|Headlong Rush|p1b: Soba\n|-resisted|p1b: Soba\n|-damage|p1b: Soba|0 fnt\n|-unboost|p2b: Ursaluna|def|1\n|-unboost|p2b: Ursaluna|spd|1\n|faint|p1b: Soba\n|\n|-damage|p2b: Ursaluna|17\/100 brn|[from] brn\n|upkeep\n|\n|t:|1700015488\n|switch|p2a: Amoonguss|Amoonguss, M|100\/100\n|turn|10\n|\n|t:|1700015496\n|move|p2b: Ursaluna|Protect|p2b: Ursaluna\n|-singleturn|p2b: Ursaluna|Protect\n|move|p1a: Nemo|Heat Wave|p2a: Amoonguss|[spread] p2a\n|-activate|p2b: Ursaluna|move: Protect\n|-supereffective|p2a: Amoonguss\n|-damage|p2a: Amoonguss|0 fnt\n|faint|p2a: Amoonguss\n|\n|-damage|p2b: Ursaluna|11\/100 brn|[from] brn\n|upkeep\n|turn|11\n|\n|t:|1700015499\n|move|p1a: Nemo|Heat Wave|p2b: Ursaluna\n|-damage|p2b: Ursaluna|0 fnt\n|faint|p2b: Ursaluna\n|\n|win|SaturnFr3ak\n|raw|SaturnFr3ak's rating: 1411 &rarr; <strong>1431<\/strong><br \/>(+20 for winning)\n|raw|Carso's rating: 1404 &rarr; <strong>1384<\/strong><br \/>(-20 for losing)\n|l|\u2606Carso\n","uploadtime":1700015506,"views":13,"p1id":"saturnfr3ak","p2id":"carso","formatid":"gen9doublesou","rating":1384,"private":0,"password":""}