{"id":"gen9doublesou-1973644797","p1":"Rexluser","p2":"Isegrim","format":"[Gen 9] Doubles OU","log":"|j|\u2606Rexluser\n|j|\u2606Isegrim\n|t:|1697999274\n|gametype|doubles\n|player|p1|Rexluser|266|1333\n|player|p2|Isegrim|gambler|1308\n|teamsize|p1|6\n|teamsize|p2|6\n|gen|9\n|tier|[Gen 9] Doubles OU\n|rated|\n|rule|Species Clause: Limit one of each Pok\u00e9mon\n|rule|OHKO Clause: OHKO moves are banned\n|rule|Evasion Moves Clause: Evasion moves are banned\n|rule|Gravity Sleep Clause: The combination of sleep-inducing moves with imperfect accuracy and Gravity or Gigantamax Orbeetle are banned\n|rule|Endless Battle Clause: Forcing endless battles is banned\n|rule|HP Percentage Mod: HP is shown in percentages\n|clearpoke\n|poke|p1|Chien-Pao|\n|poke|p1|Basculegion-F, F|\n|poke|p1|Goodra-Hisui, F|\n|poke|p1|Iron Hands|\n|poke|p1|Ogerpon-Hearthflame, F|\n|poke|p1|Tornadus, M|\n|poke|p2|Sinistcha-Masterpiece|\n|poke|p2|Clefairy, F|\n|poke|p2|Arcanine, M|\n|poke|p2|Farigiraf, M|\n|poke|p2|Kommo-o, M|\n|poke|p2|Fezandipiti, M|\n|teampreview\n|inactive|Battle timer is ON: inactive players will automatically lose when time's up. (requested by Rexluser)\n|\n|t:|1697999280\n|start\n|switch|p1a: Tornadus|Tornadus, M|100\/100\n|switch|p1b: Chien-Pao|Chien-Pao|100\/100\n|switch|p2a: Fezandipiti|Fezandipiti, M|100\/100\n|switch|p2b: Sinistcha|Sinistcha-Masterpiece, shiny|100\/100\n|-ability|p1b: Chien-Pao|Sword of Ruin\n|turn|1\n|\n|t:|1697999294\n|move|p1a: Tornadus|Tailwind|p1a: Tornadus\n|-sidestart|p1: Rexluser|move: Tailwind\n|move|p1b: Chien-Pao|Ice Spinner|p2b: Sinistcha\n|-supereffective|p2b: Sinistcha\n|-damage|p2b: Sinistcha|0 fnt\n|faint|p2b: Sinistcha\n|move|p2a: Fezandipiti|Tailwind|p2a: Fezandipiti\n|-sidestart|p2: Isegrim|move: Tailwind\n|\n|upkeep\n|\n|t:|1697999305\n|switch|p2b: Kommo-o|Kommo-o, M|100\/100\n|turn|2\n|\n|t:|1697999312\n|-terastallize|p2b: Kommo-o|Steel\n|move|p1b: Chien-Pao|Ice Spinner|p2b: Kommo-o\n|-resisted|p2b: Kommo-o\n|-damage|p2b: Kommo-o|62\/100\n|move|p1a: Tornadus|Bleakwind Storm|p2a: Fezandipiti|[spread] p2a,p2b\n|-resisted|p2b: Kommo-o\n|-damage|p2a: Fezandipiti|72\/100\n|-damage|p2b: Kommo-o|42\/100\n|move|p2a: Fezandipiti|Icy Wind|p1a: Tornadus|[spread] p1a,p1b\n|-supereffective|p1a: Tornadus\n|-resisted|p1b: Chien-Pao\n|-damage|p1a: Tornadus|80\/100\n|-damage|p1b: Chien-Pao|95\/100\n|-unboost|p1a: Tornadus|spe|1\n|-unboost|p1b: Chien-Pao|spe|1\n|-status|p1b: Chien-Pao|tox|[from] ability: Toxic Chain|[of] p2a: Fezandipiti\n|move|p2b: Kommo-o|Clangorous Soul|p2b: Kommo-o\n|-boost|p2b: Kommo-o|atk|1\n|-boost|p2b: Kommo-o|def|1\n|-boost|p2b: Kommo-o|spa|1\n|-boost|p2b: Kommo-o|spd|1\n|-boost|p2b: Kommo-o|spe|1\n|-damage|p2b: Kommo-o|9\/100\n|-enditem|p2b: Kommo-o|Throat Spray\n|-boost|p2b: Kommo-o|spa|1|[from] item: Throat Spray\n|\n|-damage|p1b: Chien-Pao|89\/100 tox|[from] psn\n|upkeep\n|turn|3\n|\n|t:|1697999323\n|move|p2b: Kommo-o|Clanging Scales|p1a: Tornadus|[spread] p1a,p1b\n|-damage|p1a: Tornadus|0 fnt\n|-damage|p1b: Chien-Pao|0 fnt\n|faint|p1a: Tornadus\n|faint|p1b: Chien-Pao\n|-unboost|p2b: Kommo-o|def|1\n|move|p2a: Fezandipiti|Icy Wind|p1: Tornadus|[notarget]\n|-fail|p2a: Fezandipiti\n|\n|upkeep\n|\n|t:|1697999342\n|switch|p1b: Goodra|Goodra-Hisui, F|100\/100\n|switch|p1a: Basculegion|Basculegion-F, F|100\/100\n|-ability|p1a: Basculegion|Mold Breaker\n|turn|4\n|\n|t:|1697999352\n|move|p2b: Kommo-o|Protect|p2b: Kommo-o\n|-singleturn|p2b: Kommo-o|Protect\n|move|p1a: Basculegion|Aqua Jet|p2b: Kommo-o\n|-activate|p2b: Kommo-o|move: Protect\n|move|p2a: Fezandipiti|Icy Wind|p1a: Basculegion|[spread] p1a,p1b\n|-resisted|p1a: Basculegion\n|-damage|p1a: Basculegion|97\/100\n|-damage|p1b: Goodra|96\/100\n|-unboost|p1a: Basculegion|spe|1\n|-unboost|p1b: Goodra|spe|1\n|move|p1b: Goodra|Flash Cannon|p2a: Fezandipiti\n|-supereffective|p2a: Fezandipiti\n|-damage|p2a: Fezandipiti|27\/100\n|\n|-heal|p1b: Goodra|100\/100|[from] item: Leftovers\n|-sideend|p1: Rexluser|move: Tailwind\n|-sideend|p2: Isegrim|move: Tailwind\n|upkeep\n|turn|5\n|\n|t:|1697999367\n|move|p1a: Basculegion|Aqua Jet|p2b: Kommo-o\n|-damage|p2b: Kommo-o|0 fnt\n|faint|p2b: Kommo-o\n|move|p2a: Fezandipiti|Tailwind|p2a: Fezandipiti\n|-sidestart|p2: Isegrim|move: Tailwind\n|move|p1b: Goodra|Flash Cannon|p2a: Fezandipiti\n|-supereffective|p2a: Fezandipiti\n|-damage|p2a: Fezandipiti|0 fnt\n|faint|p2a: Fezandipiti\n|\n|upkeep\n|\n|t:|1697999371\n|switch|p2a: Farigiraf|Farigiraf, M, shiny|100\/100\n|switch|p2b: Arcanine|Arcanine, M, shiny|100\/100\n|turn|6\n|\n|t:|1697999391\n|switch|p1a: Iron Hands|Iron Hands|100\/100\n|move|p2b: Arcanine|Play Rough|p1a: Iron Hands\n|-supereffective|p1a: Iron Hands\n|-damage|p1a: Iron Hands|71\/100\n|move|p2a: Farigiraf|Beat Up|p2b: Arcanine\n|-damage|p2b: Arcanine|97\/100\n|-ability|p2b: Arcanine|Justified|boost\n|-boost|p2b: Arcanine|atk|1\n|-damage|p2b: Arcanine|94\/100\n|-ability|p2b: Arcanine|Justified|boost\n|-boost|p2b: Arcanine|atk|1\n|-damage|p2b: Arcanine|92\/100\n|-ability|p2b: Arcanine|Justified|boost\n|-boost|p2b: Arcanine|atk|1\n|-hitcount|p2b: Arcanine|3\n|move|p1b: Goodra|Flash Cannon|p2a: Farigiraf\n|-damage|p2a: Farigiraf|74\/100\n|\n|upkeep\n|turn|7\n|\n|t:|1697999418\n|move|p2b: Arcanine|Psychic Fangs|p1a: Iron Hands\n|-supereffective|p1a: Iron Hands\n|-damage|p1a: Iron Hands|0 fnt\n|faint|p1a: Iron Hands\n|-end|p1a: Iron Hands|Quark Drive|[silent]\n|move|p2a: Farigiraf|Hyper Voice|p1b: Goodra\n|-resisted|p1b: Goodra\n|-damage|p1b: Goodra|91\/100\n|move|p1b: Goodra|Flash Cannon|p2a: Farigiraf\n|-damage|p2a: Farigiraf|46\/100\n|\n|-heal|p1b: Goodra|97\/100|[from] item: Leftovers\n|upkeep\n|inactive|Rexluser has 120 seconds left.\n|\n|t:|1697999431\n|switch|p1a: Basculegion|Basculegion-F, F|97\/100\n|-ability|p1a: Basculegion|Mold Breaker\n|turn|8\n|\n|t:|1697999441\n|-terastallize|p1a: Basculegion|Water\n|move|p2b: Arcanine|Psychic Fangs|p1a: Basculegion\n|-damage|p1a: Basculegion|17\/100\n|move|p2a: Farigiraf|Beat Up|p2b: Arcanine\n|-damage|p2b: Arcanine|88\/100\n|-ability|p2b: Arcanine|Justified|boost\n|-boost|p2b: Arcanine|atk|1\n|-damage|p2b: Arcanine|85\/100\n|-ability|p2b: Arcanine|Justified|boost\n|-boost|p2b: Arcanine|atk|1\n|-damage|p2b: Arcanine|83\/100\n|-ability|p2b: Arcanine|Justified|boost\n|-boost|p2b: Arcanine|atk|1\n|-hitcount|p2b: Arcanine|3\n|move|p1a: Basculegion|Liquidation|p2b: Arcanine\n|-supereffective|p2b: Arcanine\n|-damage|p2b: Arcanine|0 fnt\n|faint|p2b: Arcanine\n|move|p1b: Goodra|Flash Cannon|p2a: Farigiraf\n|-damage|p2a: Farigiraf|20\/100\n|\n|-heal|p1b: Goodra|100\/100|[from] item: Leftovers\n|-sideend|p2: Isegrim|move: Tailwind\n|upkeep\n|\n|t:|1697999444\n|switch|p2b: Clefairy|Clefairy, F, shiny|100\/100\n|turn|9\n|\n|t:|1697999464\n|move|p1a: Basculegion|Liquidation|p2a: Farigiraf\n|-damage|p2a: Farigiraf|0 fnt\n|-damage|p1a: Basculegion|1\/100|[from] item: Rocky Helmet|[of] p2a: Farigiraf\n|faint|p2a: Farigiraf\n|move|p2b: Clefairy|Dazzling Gleam|p1a: Basculegion|[spread] p1a,p1b\n|-damage|p1a: Basculegion|0 fnt\n|-damage|p1b: Goodra|93\/100\n|faint|p1a: Basculegion\n|move|p1b: Goodra|Flash Cannon|p2b: Clefairy\n|-supereffective|p2b: Clefairy\n|-damage|p2b: Clefairy|48\/100\n|\n|-heal|p1b: Goodra|99\/100|[from] item: Leftovers\n|upkeep\n|\n|t:|1697999474\n|switch|p1a: Ogerpon|Ogerpon-Hearthflame, F|100\/100\n|-ability|p1a: Ogerpon|Mold Breaker\n|turn|10\n|\n|t:|1697999478\n|move|p1a: Ogerpon|Ivy Cudgel|p2b: Clefairy\n|-crit|p2b: Clefairy\n|-damage|p2b: Clefairy|0 fnt\n|faint|p2b: Clefairy\n|\n|win|Rexluser\n|raw|Rexluser's rating: 1333 &rarr; <strong>1352<\/strong><br \/>(+19 for winning)\n|raw|Isegrim's rating: 1308 &rarr; <strong>1289<\/strong><br \/>(-19 for losing)\n|c|\u2606Rexluser|gg\n|l|\u2606Isegrim\n","uploadtime":1697999484,"views":11,"p1id":"rexluser","p2id":"isegrim","formatid":"gen9doublesou","rating":1289,"private":0,"password":""}