{"id":"gen9doublesou-1989421329","p1":"ReiKoonce","p2":"Caecenno","format":"[Gen 9] Doubles OU","log":"|j|\u2606ReiKoonce\n|j|\u2606Caecenno\n|t:|1699848108\n|gametype|doubles\n|player|p1|ReiKoonce|harlequin|1126\n|player|p2|Caecenno|brock|1054\n|teamsize|p1|6\n|teamsize|p2|6\n|gen|9\n|tier|[Gen 9] Doubles OU\n|rated|\n|rule|Species Clause: Limit one of each Pok\u00e9mon\n|rule|OHKO Clause: OHKO moves are banned\n|rule|Evasion Moves Clause: Evasion moves are banned\n|rule|Gravity Sleep Clause: The combination of sleep-inducing moves with imperfect accuracy and Gravity or Gigantamax Orbeetle are banned\n|rule|Endless Battle Clause: Forcing endless battles is banned\n|rule|HP Percentage Mod: HP is shown in percentages\n|clearpoke\n|poke|p1|Fezandipiti, M|\n|poke|p1|Cresselia, F|\n|poke|p1|Sinistcha-Masterpiece|\n|poke|p1|Gholdengo|\n|poke|p1|Ogerpon-Wellspring, F|\n|poke|p1|Arcanine-Hisui, M|\n|poke|p2|Palossand, M|\n|poke|p2|Tyranitar, M|\n|poke|p2|Glimmora, M|\n|poke|p2|Sinistcha-Masterpiece|\n|poke|p2|Iron Hands|\n|poke|p2|Scream Tail|\n|teampreview\n|\n|t:|1699848115\n|start\n|switch|p1a: Fezandipiti|Fezandipiti, M|100\/100\n|switch|p1b: Cresselia|Cresselia, F|100\/100\n|switch|p2a: Palossand|Palossand, M|100\/100\n|switch|p2b: Tyranitar|Tyranitar, M|100\/100\n|-weather|Sandstorm|[from] ability: Sand Stream|[of] p2b: Tyranitar\n|turn|1\n|\n|t:|1699848139\n|-terastallize|p1a: Fezandipiti|Flying\n|move|p1a: Fezandipiti|Icy Wind|p2a: Palossand|[spread] p2a,p2b\n|-supereffective|p2a: Palossand\n|-damage|p2a: Palossand|85\/100\n|-damage|p2b: Tyranitar|97\/100\n|-unboost|p2a: Palossand|spe|1\n|-unboost|p2b: Tyranitar|spe|1\n|-status|p2b: Tyranitar|tox|[from] ability: Toxic Chain|[of] p1a: Fezandipiti\n|move|p1b: Cresselia|Confuse Ray|p2a: Palossand\n|-start|p2a: Palossand|confusion\n|move|p2b: Tyranitar|Surf|p1b: Cresselia|[spread] p2a,p1a,p1b\n|-supereffective|p2a: Palossand\n|-damage|p2a: Palossand|53\/100\n|-damage|p1a: Fezandipiti|90\/100\n|-damage|p1b: Cresselia|91\/100\n|-ability|p2a: Palossand|Water Compaction|boost\n|-boost|p2a: Palossand|def|2\n|-activate|p2a: Palossand|confusion\n|-damage|p2a: Palossand|52\/100|[from] confusion\n|\n|-weather|Sandstorm|[upkeep]\n|-damage|p1a: Fezandipiti|84\/100|[from] Sandstorm\n|-damage|p1b: Cresselia|85\/100|[from] Sandstorm\n|-heal|p2a: Palossand|58\/100|[from] item: Leftovers\n|-damage|p2b: Tyranitar|90\/100 tox|[from] psn\n|upkeep\n|turn|2\n|\n|t:|1699848163\n|move|p1a: Fezandipiti|Toxic|p2a: Palossand|[miss]\n|-miss|p1a: Fezandipiti|p2a: Palossand\n|move|p1b: Cresselia|Confuse Ray|p2b: Tyranitar\n|-start|p2b: Tyranitar|confusion\n|-activate|p2b: Tyranitar|confusion\n|-damage|p2b: Tyranitar|78\/100 tox|[from] confusion\n|-end|p2a: Palossand|confusion\n|move|p2a: Palossand|Shore Up|p2a: Palossand\n|-heal|p2a: Palossand|100\/100\n|\n|-weather|Sandstorm|[upkeep]\n|-damage|p1a: Fezandipiti|78\/100|[from] Sandstorm\n|-damage|p1b: Cresselia|79\/100|[from] Sandstorm\n|-damage|p2b: Tyranitar|65\/100 tox|[from] psn\n|upkeep\n|turn|3\n|\n|t:|1699848181\n|move|p1a: Fezandipiti|Toxic|p2a: Palossand\n|-status|p2a: Palossand|tox\n|move|p1b: Cresselia|Confuse Ray|p2a: Palossand\n|-start|p2a: Palossand|confusion\n|-activate|p2b: Tyranitar|confusion\n|move|p2b: Tyranitar|Knock Off|p1b: Cresselia\n|-supereffective|p1b: Cresselia\n|-damage|p1b: Cresselia|12\/100\n|-enditem|p1b: Cresselia|Blunder Policy|[from] move: Knock Off|[of] p2b: Tyranitar\n|-activate|p2a: Palossand|confusion\n|move|p2a: Palossand|Shadow Ball|p1b: Cresselia\n|-supereffective|p1b: Cresselia\n|-damage|p1b: Cresselia|0 fnt\n|faint|p1b: Cresselia\n|\n|-weather|Sandstorm|[upkeep]\n|-damage|p1a: Fezandipiti|72\/100|[from] Sandstorm\n|-damage|p2b: Tyranitar|47\/100 tox|[from] psn\n|-damage|p2a: Palossand|94\/100 tox|[from] psn\n|upkeep\n|inactive|Battle timer is ON: inactive players will automatically lose when time's up. (requested by Caecenno)\n|\n|t:|1699848211\n|switch|p1b: Ogerpon|Ogerpon-Wellspring, F|100\/100\n|turn|4\n|\n|t:|1699848222\n|switch|p2a: Sinistcha|Sinistcha-Masterpiece|100\/100\n|-heal|p2b: Tyranitar|72\/100 tox|[from] ability: Hospitality|[of] p2a: Sinistcha\n|move|p1a: Fezandipiti|Protect|p1a: Fezandipiti\n|-singleturn|p1a: Fezandipiti|Protect\n|move|p1b: Ogerpon|Horn Leech|p2a: Sinistcha\n|-resisted|p2a: Sinistcha\n|-damage|p2a: Sinistcha|79\/100\n|-activate|p2b: Tyranitar|confusion\n|move|p2b: Tyranitar|Dragon Tail|p1a: Fezandipiti\n|-activate|p1a: Fezandipiti|move: Protect\n|\n|-weather|Sandstorm|[upkeep]\n|-damage|p1b: Ogerpon|95\/100|[from] Sandstorm\n|-damage|p1a: Fezandipiti|66\/100|[from] Sandstorm\n|-damage|p2a: Sinistcha|73\/100|[from] Sandstorm\n|-heal|p2a: Sinistcha|79\/100|[from] item: Leftovers\n|-damage|p2b: Tyranitar|47\/100 tox|[from] psn\n|upkeep\n|turn|5\n|\n|t:|1699848240\n|switch|p2b: Glimmora|Glimmora, M|100\/100\n|move|p1b: Ogerpon|Spiky Shield|p1b: Ogerpon\n|-singleturn|p1b: Ogerpon|move: Protect\n|move|p1a: Fezandipiti|Toxic|p2a: Sinistcha\n|-status|p2a: Sinistcha|tox\n|move|p2a: Sinistcha|Matcha Gotcha|p1b: Ogerpon|[spread] p1a\n|-activate|p1b: Ogerpon|move: Protect\n|-resisted|p1a: Fezandipiti\n|-damage|p1a: Fezandipiti|55\/100\n|-heal|p2a: Sinistcha|84\/100 tox|[from] drain|[of] p1a: Fezandipiti\n|\n|-weather|Sandstorm|[upkeep]\n|-damage|p1b: Ogerpon|89\/100|[from] Sandstorm\n|-damage|p1a: Fezandipiti|49\/100|[from] Sandstorm\n|-damage|p2a: Sinistcha|78\/100 tox|[from] Sandstorm\n|-enditem|p1a: Fezandipiti|Sitrus Berry|[eat]\n|-heal|p1a: Fezandipiti|74\/100|[from] item: Sitrus Berry\n|-heal|p2a: Sinistcha|84\/100 tox|[from] item: Leftovers\n|-damage|p2a: Sinistcha|78\/100 tox|[from] psn\n|upkeep\n|turn|6\n|\n|t:|1699848260\n|move|p1a: Fezandipiti|Protect|p1a: Fezandipiti\n|-singleturn|p1a: Fezandipiti|Protect\n|move|p1b: Ogerpon|Ivy Cudgel|p2b: Glimmora\n|-supereffective|p2b: Glimmora\n|-damage|p2b: Glimmora|0 fnt\n|-activate|p2b: Glimmora|ability: Toxic Debris\n|-sidestart|p1: ReiKoonce|move: Toxic Spikes\n|faint|p2b: Glimmora\n|move|p2a: Sinistcha|Matcha Gotcha|p1b: Ogerpon|[spread] p1b\n|-activate|p1a: Fezandipiti|move: Protect\n|-damage|p1b: Ogerpon|53\/100\n|-heal|p2a: Sinistcha|94\/100 tox|[from] drain|[of] p1b: Ogerpon\n|\n|-weather|Sandstorm|[upkeep]\n|-damage|p1b: Ogerpon|47\/100|[from] Sandstorm\n|-damage|p1a: Fezandipiti|68\/100|[from] Sandstorm\n|-damage|p2a: Sinistcha|87\/100 tox|[from] Sandstorm\n|-heal|p2a: Sinistcha|94\/100 tox|[from] item: Leftovers\n|-damage|p2a: Sinistcha|81\/100 tox|[from] psn\n|upkeep\n|inactive|Caecenno has 120 seconds left.\n|inactive|Caecenno has 90 seconds left.\n|inactive|Caecenno has 60 seconds left.\n|\n|t:|1699848366\n|switch|p2b: Scream Tail|Scream Tail|100\/100\n|turn|7\n|\n|t:|1699848380\n|switch|p2a: Palossand|Palossand, M|94\/100 tox\n|move|p1b: Ogerpon|U-turn|p2a: Palossand\n|-resisted|p2a: Palossand\n|-damage|p2a: Palossand|86\/100 tox\n|\n|t:|1699848385\n|switch|p1b: Sinistcha|Sinistcha-Masterpiece|100\/100|[from] U-turn\n|-status|p1b: Sinistcha|psn\n|-heal|p1a: Fezandipiti|93\/100|[from] ability: Hospitality|[of] p1b: Sinistcha\n|move|p2b: Scream Tail|Boomburst|p1a: Fezandipiti|[spread] p1a\n|-immune|p2a: Palossand\n|-immune|p1b: Sinistcha\n|-damage|p1a: Fezandipiti|74\/100\n|move|p1a: Fezandipiti|Toxic|p2b: Scream Tail\n|-status|p2b: Scream Tail|tox\n|\n|-weather|Sandstorm|[upkeep]\n|-damage|p2b: Scream Tail|94\/100 tox|[from] Sandstorm\n|-damage|p1a: Fezandipiti|68\/100|[from] Sandstorm\n|-damage|p1b: Sinistcha|95\/100 psn|[from] Sandstorm\n|-heal|p2b: Scream Tail|100\/100 tox|[from] item: Leftovers\n|-heal|p1b: Sinistcha|100\/100 psn|[from] item: Leftovers\n|-heal|p2a: Palossand|92\/100 tox|[from] item: Leftovers\n|-damage|p2b: Scream Tail|94\/100 tox|[from] psn\n|-damage|p1b: Sinistcha|88\/100 psn|[from] psn\n|-damage|p2a: Palossand|86\/100 tox|[from] psn\n|upkeep\n|turn|8\n|inactive|Caecenno has 90 seconds left.\n|\n|t:|1699848410\n|move|p1a: Fezandipiti|Protect|p1a: Fezandipiti\n|-singleturn|p1a: Fezandipiti|Protect\n|move|p2b: Scream Tail|Dazzling Gleam|p1b: Sinistcha|[spread] p1b\n|-activate|p1a: Fezandipiti|move: Protect\n|-damage|p1b: Sinistcha|65\/100 psn\n|move|p1b: Sinistcha|Shadow Ball|p2a: Palossand\n|-supereffective|p2a: Palossand\n|-damage|p2a: Palossand|14\/100 tox\n|move|p2a: Palossand|Shadow Ball|p1b: Sinistcha\n|-supereffective|p1b: Sinistcha\n|-damage|p1b: Sinistcha|9\/100 psn\n|\n|-weather|none\n|-heal|p2b: Scream Tail|100\/100 tox|[from] item: Leftovers\n|-heal|p1b: Sinistcha|15\/100 psn|[from] item: Leftovers\n|-heal|p2a: Palossand|21\/100 tox|[from] item: Leftovers\n|-damage|p2b: Scream Tail|88\/100 tox|[from] psn\n|-damage|p1b: Sinistcha|3\/100 psn|[from] psn\n|-damage|p2a: Palossand|8\/100 tox|[from] psn\n|upkeep\n|turn|9\n|\n|t:|1699848434\n|-end|p2b: Scream Tail|Protosynthesis|[silent]\n|switch|p2b: Sinistcha|Sinistcha-Masterpiece|81\/100 tox\n|-heal|p2a: Palossand|33\/100 tox|[from] ability: Hospitality|[of] p2b: Sinistcha\n|switch|p2a: Tyranitar|Tyranitar, M|47\/100 tox\n|-weather|Sandstorm|[from] ability: Sand Stream|[of] p2a: Tyranitar\n|move|p1a: Fezandipiti|Icy Wind|p2b: Sinistcha|[spread] p2a,p2b\n|-supereffective|p2b: Sinistcha\n|-damage|p2a: Tyranitar|43\/100 tox\n|-damage|p2b: Sinistcha|65\/100 tox\n|-unboost|p2a: Tyranitar|spe|1\n|-unboost|p2b: Sinistcha|spe|1\n|move|p1b: Sinistcha|Matcha Gotcha|p2b: Sinistcha|[spread] p2a,p2b\n|-supereffective|p2a: Tyranitar\n|-resisted|p2b: Sinistcha\n|-damage|p2a: Tyranitar|16\/100 tox\n|-heal|p1b: Sinistcha|22\/100 psn|[from] drain|[of] p2a: Tyranitar\n|-damage|p2b: Sinistcha|50\/100 tox\n|-heal|p1b: Sinistcha|32\/100 psn|[from] drain|[of] p2b: Sinistcha\n|\n|-weather|Sandstorm|[upkeep]\n|-damage|p1a: Fezandipiti|62\/100|[from] Sandstorm\n|-damage|p1b: Sinistcha|26\/100 psn|[from] Sandstorm\n|-damage|p2b: Sinistcha|44\/100 tox|[from] Sandstorm\n|-heal|p1b: Sinistcha|32\/100 psn|[from] item: Leftovers\n|-heal|p2b: Sinistcha|50\/100 tox|[from] item: Leftovers\n|-damage|p1b: Sinistcha|20\/100 psn|[from] psn\n|-damage|p2b: Sinistcha|44\/100 tox|[from] psn\n|-damage|p2a: Tyranitar|9\/100 tox|[from] psn\n|upkeep\n|turn|10\n|inactive|Caecenno has 90 seconds left.\n|\n|t:|1699848467\n|switch|p2b: Scream Tail|Scream Tail|88\/100 tox\n|switch|p2a: Palossand|Palossand, M|33\/100 tox\n|move|p1a: Fezandipiti|Protect|p1a: Fezandipiti\n|-singleturn|p1a: Fezandipiti|Protect\n|move|p1b: Sinistcha|Matcha Gotcha|p2a: Palossand|[spread] p2a,p2b\n|-supereffective|p2a: Palossand\n|-damage|p2a: Palossand|0 fnt\n|-heal|p1b: Sinistcha|41\/100 psn|[from] drain|[of] p2a: Palossand\n|-damage|p2b: Scream Tail|70\/100 tox\n|-heal|p1b: Sinistcha|55\/100 psn|[from] drain|[of] p2b: Scream Tail\n|faint|p2a: Palossand\n|\n|-weather|Sandstorm|[upkeep]\n|-damage|p2b: Scream Tail|64\/100 tox|[from] Sandstorm\n|-damage|p1a: Fezandipiti|56\/100|[from] Sandstorm\n|-damage|p1b: Sinistcha|49\/100 psn|[from] Sandstorm\n|-heal|p2b: Scream Tail|70\/100 tox|[from] item: Leftovers\n|-heal|p1b: Sinistcha|55\/100 psn|[from] item: Leftovers\n|-damage|p2b: Scream Tail|64\/100 tox|[from] psn\n|-damage|p1b: Sinistcha|43\/100 psn|[from] psn\n|upkeep\n|inactive|Caecenno has 90 seconds left.\n|\n|t:|1699848473\n|switch|p2a: Iron Hands|Iron Hands|100\/100\n|turn|11\n|\n|t:|1699848489\n|move|p2b: Scream Tail|Dazzling Gleam|p1b: Sinistcha|[spread] p1a,p1b\n|-damage|p1a: Fezandipiti|39\/100\n|-damage|p1b: Sinistcha|22\/100 psn\n|move|p1a: Fezandipiti|Toxic|p2a: Iron Hands\n|-status|p2a: Iron Hands|tox\n|move|p1b: Sinistcha|Matcha Gotcha|p2a: Iron Hands|[spread] p2a,p2b\n|-damage|p2a: Iron Hands|78\/100 tox\n|-heal|p1b: Sinistcha|42\/100 psn|[from] drain|[of] p2a: Iron Hands\n|-damage|p2b: Scream Tail|48\/100 tox\n|-heal|p1b: Sinistcha|54\/100 psn|[from] drain|[of] p2b: Scream Tail\n|move|p2a: Iron Hands|Play Rough|p1a: Fezandipiti\n|-crit|p1a: Fezandipiti\n|-damage|p1a: Fezandipiti|0 fnt\n|faint|p1a: Fezandipiti\n|\n|-weather|Sandstorm|[upkeep]\n|-damage|p2b: Scream Tail|42\/100 tox|[from] Sandstorm\n|-damage|p1b: Sinistcha|48\/100 psn|[from] Sandstorm\n|-damage|p2a: Iron Hands|72\/100 tox|[from] Sandstorm\n|-heal|p2b: Scream Tail|48\/100 tox|[from] item: Leftovers\n|-heal|p1b: Sinistcha|54\/100 psn|[from] item: Leftovers\n|-damage|p2b: Scream Tail|35\/100 tox|[from] psn\n|-damage|p1b: Sinistcha|42\/100 psn|[from] psn\n|-damage|p2a: Iron Hands|66\/100 tox|[from] psn\n|upkeep\n|inactive|ReiKoonce has 120 seconds left.\n|\n|t:|1699848511\n|switch|p1a: Ogerpon|Ogerpon-Wellspring, F|47\/100\n|-status|p1a: Ogerpon|psn\n|turn|12\n|\n|t:|1699848519\n|move|p1a: Ogerpon|Spiky Shield|p1a: Ogerpon\n|-singleturn|p1a: Ogerpon|move: Protect\n|move|p2b: Scream Tail|Dazzling Gleam|p1a: Ogerpon|[spread] p1b\n|-activate|p1a: Ogerpon|move: Protect\n|-damage|p1b: Sinistcha|21\/100 psn\n|move|p1b: Sinistcha|Matcha Gotcha|p2a: Iron Hands|[spread] p2a,p2b\n|-damage|p2a: Iron Hands|45\/100 tox\n|-heal|p1b: Sinistcha|39\/100 psn|[from] drain|[of] p2a: Iron Hands\n|-damage|p2b: Scream Tail|17\/100 tox\n|-heal|p1b: Sinistcha|53\/100 psn|[from] drain|[of] p2b: Scream Tail\n|move|p2a: Iron Hands|Play Rough|p1a: Ogerpon\n|-activate|p1a: Ogerpon|move: Protect\n|-damage|p2a: Iron Hands|33\/100 tox|[from] Spiky Shield|[of] p1a: Ogerpon\n|\n|-weather|Sandstorm|[upkeep]\n|-damage|p1a: Ogerpon|41\/100 psn|[from] Sandstorm\n|-damage|p2b: Scream Tail|11\/100 tox|[from] Sandstorm\n|-damage|p1b: Sinistcha|47\/100 psn|[from] Sandstorm\n|-damage|p2a: Iron Hands|27\/100 tox|[from] Sandstorm\n|-heal|p2b: Scream Tail|17\/100 tox|[from] item: Leftovers\n|-heal|p1b: Sinistcha|53\/100 psn|[from] item: Leftovers\n|-damage|p1a: Ogerpon|28\/100 psn|[from] psn\n|-damage|p2b: Scream Tail|0 fnt|[from] psn\n|faint|p2b: Scream Tail\n|-end|p2b: Scream Tail|Protosynthesis|[silent]\n|-damage|p1b: Sinistcha|41\/100 psn|[from] psn\n|-damage|p2a: Iron Hands|15\/100 tox|[from] psn\n|upkeep\n|\n|t:|1699848522\n|switch|p2b: Sinistcha|Sinistcha-Masterpiece|44\/100 tox\n|-heal|p2a: Iron Hands|39\/100 tox|[from] ability: Hospitality|[of] p2b: Sinistcha\n|turn|13\n|\n|t:|1699848550\n|move|p1a: Ogerpon|Horn Leech|p2a: Iron Hands\n|-damage|p2a: Iron Hands|10\/100 tox\n|-heal|p1a: Ogerpon|53\/100 psn|[from] drain|[of] p2a: Iron Hands\n|move|p1b: Sinistcha|Matcha Gotcha|p2a: Iron Hands|[spread] p2a,p2b\n|-resisted|p2b: Sinistcha\n|-damage|p2a: Iron Hands|0 fnt\n|-heal|p1b: Sinistcha|50\/100 psn|[from] drain|[of] p2a: Iron Hands\n|-damage|p2b: Sinistcha|30\/100 tox\n|-heal|p1b: Sinistcha|58\/100 psn|[from] drain|[of] p2b: Sinistcha\n|faint|p2a: Iron Hands\n|-end|p2a: Iron Hands|Quark Drive|[silent]\n|move|p2b: Sinistcha|Shadow Ball|p1b: Sinistcha\n|-supereffective|p1b: Sinistcha\n|-damage|p1b: Sinistcha|0 fnt\n|faint|p1b: Sinistcha\n|\n|-weather|Sandstorm|[upkeep]\n|-damage|p1a: Ogerpon|47\/100 psn|[from] Sandstorm\n|-damage|p2b: Sinistcha|24\/100 tox|[from] Sandstorm\n|-heal|p2b: Sinistcha|30\/100 tox|[from] item: Leftovers\n|-damage|p1a: Ogerpon|35\/100 psn|[from] psn\n|-damage|p2b: Sinistcha|24\/100 tox|[from] psn\n|upkeep\n|\n|t:|1699848570\n|switch|p1b: Gholdengo|Gholdengo|100\/100\n|switch|p2a: Tyranitar|Tyranitar, M|9\/100 tox\n|turn|14\n|\n|t:|1699848581\n|move|p1a: Ogerpon|Horn Leech|p2a: Tyranitar\n|-supereffective|p2a: Tyranitar\n|-damage|p2a: Tyranitar|0 fnt\n|-heal|p1a: Ogerpon|41\/100 psn|[from] drain|[of] p2a: Tyranitar\n|faint|p2a: Tyranitar\n|move|p1b: Gholdengo|Shadow Ball|p2b: Sinistcha\n|-supereffective|p2b: Sinistcha\n|-damage|p2b: Sinistcha|0 fnt\n|faint|p2b: Sinistcha\n|\n|win|ReiKoonce\n|raw|ReiKoonce's rating: 1126 &rarr; <strong>1146<\/strong><br \/>(+20 for winning)\n|raw|Caecenno's rating: 1054 &rarr; <strong>1040<\/strong><br \/>(-14 for losing)\n|l|\u2606Caecenno\n","uploadtime":1699848614,"views":36,"p1id":"reikoonce","p2id":"caecenno","formatid":"gen9doublesou","rating":1040,"private":0,"password":""}