{"id":"gen9doublesou-1976842783","p1":"Btucks6203","p2":"God_of_STANK!","format":"[Gen 9] Doubles OU","log":"|j|\u2606Btucks6203\n|j|\u203dGod_of_STANK!\n|t:|1698345785\n|gametype|doubles\n|player|p1|Btucks6203|colress|1400\n|player|p2|God_of_STANK!|caitlin|1286\n|teamsize|p1|6\n|teamsize|p2|6\n|gen|9\n|tier|[Gen 9] Doubles OU\n|rated|\n|rule|Species Clause: Limit one of each Pok\u00e9mon\n|rule|OHKO Clause: OHKO moves are banned\n|rule|Evasion Moves Clause: Evasion moves are banned\n|rule|Gravity Sleep Clause: The combination of sleep-inducing moves with imperfect accuracy and Gravity or Gigantamax Orbeetle are banned\n|rule|Endless Battle Clause: Forcing endless battles is banned\n|rule|HP Percentage Mod: HP is shown in percentages\n|clearpoke\n|poke|p1|Maushold|\n|poke|p1|Dudunsparce-*, M|\n|poke|p1|Flamigo, F|\n|poke|p1|Lucario, M|\n|poke|p1|Dragonite, M|\n|poke|p1|Ursaluna, F|\n|poke|p2|Grimmsnarl, M|\n|poke|p2|Landorus-Therian, M|\n|poke|p2|Cresselia, F|\n|poke|p2|Iron Hands|\n|poke|p2|Tornadus, M|\n|poke|p2|Walking Wake|\n|teampreview\n|inactive|Battle timer is ON: inactive players will automatically lose when time's up. (requested by God_of_STANK!)\n|inactive|Btucks6203 also wants the timer to be on.\n|\n|t:|1698345794\n|start\n|switch|p1a: Hi how are ya|Dudunsparce-Three-Segment, M|100\/100\n|switch|p1b: Rat King|Maushold|100\/100\n|switch|p2a: Iron Hands|Iron Hands|100\/100\n|switch|p2b: Grimmsnarl|Grimmsnarl, M|100\/100\n|turn|1\n|\n|t:|1698345803\n|-terastallize|p1a: Hi how are ya|Psychic\n|move|p2b: Grimmsnarl|Fake Out|p1a: Hi how are ya\n|-damage|p1a: Hi how are ya|95\/100\n|move|p1b: Rat King|Beat Up|p1a: Hi how are ya\n|-supereffective|p1a: Hi how are ya\n|-damage|p1a: Hi how are ya|92\/100\n|-ability|p1a: Hi how are ya|Rattled|boost\n|-boost|p1a: Hi how are ya|spe|1\n|-enditem|p1a: Hi how are ya|Weakness Policy\n|-boost|p1a: Hi how are ya|atk|2|[from] item: Weakness Policy\n|-boost|p1a: Hi how are ya|spa|2|[from] item: Weakness Policy\n|-supereffective|p1a: Hi how are ya\n|-crit|p1a: Hi how are ya\n|-damage|p1a: Hi how are ya|89\/100\n|-ability|p1a: Hi how are ya|Rattled|boost\n|-boost|p1a: Hi how are ya|spe|1\n|-supereffective|p1a: Hi how are ya\n|-damage|p1a: Hi how are ya|86\/100\n|-ability|p1a: Hi how are ya|Rattled|boost\n|-boost|p1a: Hi how are ya|spe|1\n|-supereffective|p1a: Hi how are ya\n|-damage|p1a: Hi how are ya|82\/100\n|-ability|p1a: Hi how are ya|Rattled|boost\n|-boost|p1a: Hi how are ya|spe|1\n|-supereffective|p1a: Hi how are ya\n|-damage|p1a: Hi how are ya|79\/100\n|-ability|p1a: Hi how are ya|Rattled|boost\n|-boost|p1a: Hi how are ya|spe|1\n|-supereffective|p1a: Hi how are ya\n|-damage|p1a: Hi how are ya|75\/100\n|-ability|p1a: Hi how are ya|Rattled|boost\n|-boost|p1a: Hi how are ya|spe|1\n|-hitcount|p1a: Hi how are ya|6\n|cant|p1a: Hi how are ya|flinch\n|move|p2a: Iron Hands|Belly Drum|p2a: Iron Hands\n|-damage|p2a: Iron Hands|51\/100\n|-setboost|p2a: Iron Hands|atk|6|[from] move: Belly Drum\n|\n|upkeep\n|turn|2\n|\n|t:|1698345817\n|move|p2a: Iron Hands|Protect|p2a: Iron Hands\n|-singleturn|p2a: Iron Hands|Protect\n|move|p1b: Rat King|Follow Me|p1b: Rat King\n|-singleturn|p1b: Rat King|move: Follow Me\n|move|p2b: Grimmsnarl|Light Screen|p2b: Grimmsnarl\n|-sidestart|p2: God_of_STANK!|move: Light Screen\n|move|p1a: Hi how are ya|Coil|p1a: Hi how are ya\n|-boost|p1a: Hi how are ya|atk|1\n|-boost|p1a: Hi how are ya|def|1\n|-boost|p1a: Hi how are ya|accuracy|1\n|\n|upkeep\n|turn|3\n|\n|t:|1698345827\n|move|p1b: Rat King|Follow Me|p1b: Rat King\n|-singleturn|p1b: Rat King|move: Follow Me\n|move|p2b: Grimmsnarl|Parting Shot|p1b: Rat King\n|-unboost|p1b: Rat King|atk|1\n|-unboost|p1b: Rat King|spa|1\n|\n|t:|1698345832\n|switch|p2b: Landorus|Landorus-Therian, M|100\/100|[from] Parting Shot\n|-ability|p2b: Landorus|Intimidate|boost\n|-unboost|p1a: Hi how are ya|atk|1\n|-unboost|p1b: Rat King|atk|1\n|move|p1a: Hi how are ya|Coil|p1a: Hi how are ya\n|-boost|p1a: Hi how are ya|atk|1\n|-boost|p1a: Hi how are ya|def|1\n|-boost|p1a: Hi how are ya|accuracy|1\n|move|p2a: Iron Hands|Drain Punch|p1b: Rat King\n|-supereffective|p1b: Rat King\n|-damage|p1b: Rat King|0 fnt\n|-heal|p2a: Iron Hands|89\/100|[from] drain|[of] p1b: Rat King\n|faint|p1b: Rat King\n|\n|upkeep\n|\n|t:|1698345839\n|switch|p1b: Reality check|Flamigo, F|100\/100\n|-copyboost|p1b: Reality check|p1a: Hi how are ya|[from] ability: Costar\n|turn|4\n|\n|t:|1698345851\n|move|p2a: Iron Hands|Protect|p2a: Iron Hands\n|-singleturn|p2a: Iron Hands|Protect\n|move|p1b: Reality check|Acrobatics|p2a: Iron Hands\n|-activate|p2a: Iron Hands|move: Protect\n|move|p1a: Hi how are ya|Stored Power|p2a: Iron Hands\n|-activate|p2a: Iron Hands|move: Protect\n|move|p2b: Landorus|U-turn|p1a: Hi how are ya\n|-supereffective|p1a: Hi how are ya\n|-damage|p1a: Hi how are ya|56\/100\n|\n|t:|1698345860\n|switch|p2b: Cresselia|Cresselia, F|100\/100|[from] U-turn\n|\n|upkeep\n|turn|5\n|\n|t:|1698345866\n|move|p2b: Cresselia|Ally Switch|p2b: Cresselia\n|swap|p2b: Cresselia|0|[from] move: Ally Switch\n|move|p1b: Reality check|Liquidation|p2b: Iron Hands\n|-damage|p2b: Iron Hands|48\/100\n|move|p1a: Hi how are ya|Stored Power|p2a: Cresselia\n|-resisted|p2a: Cresselia\n|-damage|p2a: Cresselia|56\/100\n|move|p2b: Iron Hands|Iron Head|p1a: Hi how are ya\n|-damage|p1a: Hi how are ya|20\/100\n|\n|upkeep\n|turn|6\n|\n|t:|1698345882\n|move|p2b: Iron Hands|Protect|p2b: Iron Hands\n|-singleturn|p2b: Iron Hands|Protect\n|move|p1b: Reality check|Liquidation|p2b: Iron Hands\n|-activate|p2b: Iron Hands|move: Protect\n|move|p1a: Hi how are ya|Baton Pass|p1a: Hi how are ya\n|\n|t:|1698345884\n|switch|p1a: Red moon|Ursaluna, F, shiny|100\/100|[from] Baton Pass\n|move|p2a: Cresselia|Trick Room|p2a: Cresselia\n|-fieldstart|move: Trick Room|[of] p2a: Cresselia\n|-enditem|p2b: Iron Hands|Room Service\n|-unboost|p2b: Iron Hands|spe|1|[from] item: Room Service\n|\n|-sideend|p2: God_of_STANK!|move: Light Screen\n|-status|p1a: Red moon|brn|[from] item: Flame Orb\n|upkeep\n|turn|7\n|\n|t:|1698345902\n|move|p2a: Cresselia|Ally Switch|p2a: Cresselia\n|swap|p2a: Cresselia|1|[from] move: Ally Switch\n|move|p2a: Iron Hands|Drain Punch|p1a: Red moon\n|-supereffective|p1a: Red moon\n|-damage|p1a: Red moon|0 fnt\n|-heal|p2a: Iron Hands|98\/100|[from] drain|[of] p1a: Red moon\n|faint|p1a: Red moon\n|move|p1b: Reality check|Acrobatics|p2b: Cresselia\n|-damage|p2b: Cresselia|9\/100\n|\n|upkeep\n|\n|t:|1698345910\n|switch|p1a: Anubis|Lucario, M, shiny|100\/100\n|turn|8\n|\n|t:|1698345914\n|move|p1a: Anubis|Extreme Speed|p2b: Cresselia\n|-damage|p2b: Cresselia|0 fnt\n|faint|p2b: Cresselia\n|move|p2a: Iron Hands|Drain Punch|p1a: Anubis\n|-supereffective|p1a: Anubis\n|-enditem|p1a: Anubis|Focus Sash\n|-damage|p1a: Anubis|1\/100\n|-heal|p2a: Iron Hands|100\/100|[from] drain|[of] p1a: Anubis\n|move|p1b: Reality check|Acrobatics|p2a: Iron Hands\n|-damage|p2a: Iron Hands|59\/100\n|\n|upkeep\n|\n|t:|1698345921\n|switch|p2b: Landorus|Landorus-Therian, M|100\/100\n|-ability|p2b: Landorus|Intimidate|boost\n|-unboost|p1a: Anubis|atk|1\n|-unboost|p1b: Reality check|atk|1\n|turn|9\n|\n|t:|1698345930\n|move|p1a: Anubis|Extreme Speed|p2a: Iron Hands\n|-damage|p2a: Iron Hands|50\/100\n|move|p2a: Iron Hands|Drain Punch|p1b: Reality check\n|-resisted|p1b: Reality check\n|-damage|p1b: Reality check|46\/100\n|-heal|p2a: Iron Hands|68\/100|[from] drain|[of] p1b: Reality check\n|move|p2b: Landorus|U-turn|p1a: Anubis\n|-resisted|p1a: Anubis\n|-damage|p1a: Anubis|0 fnt\n|faint|p1a: Anubis\n|\n|t:|1698345941\n|switch|p2b: Grimmsnarl|Grimmsnarl, M|100\/100|[from] U-turn\n|move|p1b: Reality check|Liquidation|p2b: Grimmsnarl\n|-damage|p2b: Grimmsnarl|53\/100\n|\n|upkeep\n|\n|t:|1698345947\n|switch|p1a: Yishu|Dragonite, M, shiny|100\/100\n|turn|10\n|\n|t:|1698345959\n|move|p2b: Grimmsnarl|Fake Out|p1a: Yishu\n|-damage|p1a: Yishu|95\/100\n|move|p2a: Iron Hands|Drain Punch|p1b: Reality check\n|-resisted|p1b: Reality check\n|-damage|p1b: Reality check|0 fnt\n|-heal|p2a: Iron Hands|83\/100|[from] drain|[of] p1b: Reality check\n|faint|p1b: Reality check\n|cant|p1a: Yishu|flinch\n|\n|-fieldend|move: Trick Room\n|upkeep\n|-message|Btucks6203 forfeited.\n|\n|win|God_of_STANK!\n|raw|Btucks6203's rating: 1400 &rarr; <strong>1374<\/strong><br \/>(-26 for losing)\n|raw|God_of_STANK!'s rating: 1286 &rarr; <strong>1319<\/strong><br \/>(+33 for winning)\n|l|\u2606Btucks6203\n","uploadtime":1698345991,"views":14,"p1id":"btucks6203","p2id":"godofstank","formatid":"gen9doublesou","rating":1319,"private":0,"password":""}