{"id":"gen9doublesou-1974096063","p1":"GadhaKhiladi27","p2":"Na5ty","format":"[Gen 9] Doubles OU","log":"|j|\u2606GadhaKhiladi27\n|j|\u2606Na5ty\n|t:|1698055174\n|gametype|doubles\n|player|p1|GadhaKhiladi27|benga|1207\n|player|p2|Na5ty|102|1295\n|teamsize|p1|6\n|teamsize|p2|6\n|gen|9\n|tier|[Gen 9] Doubles OU\n|rated|\n|rule|Species Clause: Limit one of each Pok\u00e9mon\n|rule|OHKO Clause: OHKO moves are banned\n|rule|Evasion Moves Clause: Evasion moves are banned\n|rule|Gravity Sleep Clause: The combination of sleep-inducing moves with imperfect accuracy and Gravity or Gigantamax Orbeetle are banned\n|rule|Endless Battle Clause: Forcing endless battles is banned\n|rule|HP Percentage Mod: HP is shown in percentages\n|clearpoke\n|poke|p1|Manaphy|\n|poke|p1|Ursaluna-Bloodmoon, M|\n|poke|p1|Heatran, M|\n|poke|p1|Ogerpon-Hearthflame, F|\n|poke|p1|Chien-Pao|\n|poke|p1|Ninetales-Alola, M|\n|poke|p2|Gastrodon-East, F|\n|poke|p2|Heatran, F|\n|poke|p2|Gholdengo|\n|poke|p2|Landorus-Therian, M|\n|poke|p2|Tyranitar, M|\n|poke|p2|Diancie|\n|teampreview\n|inactive|Battle timer is ON: inactive players will automatically lose when time's up. (requested by Na5ty)\n|\n|t:|1698055189\n|start\n|switch|p1a: Ninetales|Ninetales-Alola, M|100\/100\n|switch|p1b: Manaphy|Manaphy|100\/100\n|switch|p2a: Tyranitar|Tyranitar, M|100\/100\n|switch|p2b: Gholdengo|Gholdengo|100\/100\n|-weather|Snow|[from] ability: Snow Warning|[of] p1a: Ninetales\n|-weather|Sandstorm|[from] ability: Sand Stream|[of] p2a: Tyranitar\n|turn|1\n|inactive|GadhaKhiladi27 has 120 seconds left.\n|\n|t:|1698055220\n|switch|p1a: Heatran|Heatran, M|100\/100\n|move|p1b: Manaphy|Tail Glow|p1b: Manaphy\n|-boost|p1b: Manaphy|spa|3\n|move|p2a: Tyranitar|Brick Break|p1b: Manaphy\n|-damage|p1b: Manaphy|69\/100\n|move|p2b: Gholdengo|Make It Rain|p1b: Manaphy|[spread] p1a,p1b\n|-resisted|p1a: Heatran\n|-resisted|p1b: Manaphy\n|-damage|p1a: Heatran|93\/100\n|-damage|p1b: Manaphy|42\/100\n|-unboost|p2b: Gholdengo|spa|1\n|\n|-weather|Sandstorm|[upkeep]\n|-damage|p1b: Manaphy|36\/100|[from] Sandstorm\n|upkeep\n|turn|2\n|inactive|GadhaKhiladi27 has 120 seconds left.\n|inactive|Na5ty has 120 seconds left.\n|\n|t:|1698055251\n|switch|p2a: Heatran|Heatran, F|100\/100\n|switch|p2b: Gastrodon|Gastrodon-East, F|100\/100\n|move|p1b: Manaphy|Heart Swap|p1a: Heatran\n|-swapboost|p1b: Manaphy|p1a: Heatran|[from] move: Heart Swap\n|move|p1a: Heatran|Heat Wave|p2b: Gastrodon|[spread] p2b\n|-start|p2a: Heatran|ability: Flash Fire\n|-resisted|p2b: Gastrodon\n|-damage|p2b: Gastrodon|51\/100\n|\n|-weather|Sandstorm|[upkeep]\n|-damage|p1b: Manaphy|30\/100|[from] Sandstorm\n|-heal|p2b: Gastrodon|57\/100|[from] item: Leftovers\n|upkeep\n|turn|3\n|inactive|Na5ty has 120 seconds left.\n|inactive|GadhaKhiladi27 has 120 seconds left.\n|\n|t:|1698055296\n|switch|p1b: Ogerpon|Ogerpon-Hearthflame, F|100\/100\n|-ability|p1b: Ogerpon|Mold Breaker\n|-terastallize|p1a: Heatran|Grass\n|move|p1a: Heatran|Tera Blast|p2b: Gastrodon|[anim] Tera Blast Grass\n|-supereffective|p2b: Gastrodon\n|-damage|p2b: Gastrodon|0 fnt\n|faint|p2b: Gastrodon\n|move|p2a: Heatran|Ancient Power|p1b: Ogerpon\n|-supereffective|p1b: Ogerpon\n|-damage|p1b: Ogerpon|25\/100\n|\n|-weather|Sandstorm|[upkeep]\n|-damage|p1b: Ogerpon|19\/100|[from] Sandstorm\n|-damage|p1a: Heatran|87\/100|[from] Sandstorm\n|upkeep\n|\n|t:|1698055316\n|switch|p2b: Landorus|Landorus-Therian, M|100\/100\n|-ability|p2b: Landorus|Intimidate|boost\n|-unboost|p1a: Heatran|atk|1\n|-unboost|p1b: Ogerpon|atk|1\n|turn|4\n|\n|t:|1698055333\n|switch|p2b: Gholdengo|Gholdengo|100\/100\n|move|p1b: Ogerpon|Ivy Cudgel|p2a: Heatran\n|-damage|p2a: Heatran|64\/100\n|move|p1a: Heatran|Flash Cannon|p2b: Gholdengo\n|-resisted|p2b: Gholdengo\n|-damage|p2b: Gholdengo|44\/100\n|move|p2a: Heatran|Ancient Power|p1b: Ogerpon\n|-supereffective|p1b: Ogerpon\n|-damage|p1b: Ogerpon|0 fnt\n|faint|p1b: Ogerpon\n|\n|-weather|Sandstorm|[upkeep]\n|-damage|p1a: Heatran|80\/100|[from] Sandstorm\n|-heal|p2b: Gholdengo|50\/100|[from] item: Leftovers\n|upkeep\n|\n|t:|1698055343\n|switch|p1b: Ninetales|Ninetales-Alola, M|100\/100\n|-weather|Snow|[from] ability: Snow Warning|[of] p1b: Ninetales\n|turn|5\n|\n|t:|1698055356\n|move|p1b: Ninetales|Aurora Veil|p1b: Ninetales\n|-sidestart|p1: GadhaKhiladi27|move: Aurora Veil\n|move|p2b: Gholdengo|Make It Rain|p1b: Ninetales|[spread] p1a,p1b\n|-supereffective|p1b: Ninetales\n|-crit|p1b: Ninetales\n|-damage|p1a: Heatran|62\/100\n|-damage|p1b: Ninetales|0 fnt\n|-unboost|p2b: Gholdengo|spa|1\n|faint|p1b: Ninetales\n|move|p1a: Heatran|Earth Power|p2a: Heatran\n|-supereffective|p2a: Heatran\n|-damage|p2a: Heatran|0 fnt\n|faint|p2a: Heatran\n|\n|-weather|Snow|[upkeep]\n|-heal|p2b: Gholdengo|56\/100|[from] item: Leftovers\n|upkeep\n|\n|t:|1698055374\n|switch|p1b: Manaphy|Manaphy|30\/100\n|switch|p2a: Landorus|Landorus-Therian, M|100\/100\n|-ability|p2a: Landorus|Intimidate|boost\n|-unboost|p1a: Heatran|atk|1\n|-unboost|p1b: Manaphy|atk|1\n|turn|6\n|\n|t:|1698055396\n|switch|p2b: Diancie|Diancie|100\/100\n|move|p1b: Manaphy|Blizzard|p2a: Landorus|[spread] p2a,p2b\n|-supereffective|p2a: Landorus\n|-damage|p2a: Landorus|0 fnt\n|-damage|p2b: Diancie|84\/100\n|faint|p2a: Landorus\n|move|p1a: Heatran|Heat Wave|p2b: Diancie\n|-resisted|p2b: Diancie\n|-damage|p2b: Diancie|36\/100\n|\n|-weather|Snow|[upkeep]\n|-heal|p2b: Diancie|43\/100|[from] item: Leftovers\n|upkeep\n|\n|t:|1698055408\n|switch|p2a: Tyranitar|Tyranitar, M|100\/100\n|-weather|Sandstorm|[from] ability: Sand Stream|[of] p2a: Tyranitar\n|turn|7\n|\n|t:|1698055436\n|move|p1b: Manaphy|Scald|p2a: Tyranitar\n|-supereffective|p2a: Tyranitar\n|-crit|p2a: Tyranitar\n|-damage|p2a: Tyranitar|56\/100\n|-status|p2a: Tyranitar|brn\n|move|p2a: Tyranitar|Ice Punch|p1a: Heatran\n|-supereffective|p1a: Heatran\n|-damage|p1a: Heatran|47\/100\n|move|p1a: Heatran|Heat Wave|p2a: Tyranitar|[spread] p2a,p2b\n|-resisted|p2a: Tyranitar\n|-resisted|p2b: Diancie\n|-damage|p2a: Tyranitar|33\/100 brn\n|-damage|p2b: Diancie|17\/100\n|move|p2b: Diancie|Diamond Storm|p1b: Manaphy|[spread] p1a,p1b\n|-damage|p1a: Heatran|32\/100\n|-damage|p1b: Manaphy|12\/100\n|-boost|p2b: Diancie|def|2\n|\n|-weather|Sandstorm|[upkeep]\n|-damage|p1b: Manaphy|5\/100|[from] Sandstorm\n|-damage|p1a: Heatran|25\/100|[from] Sandstorm\n|-heal|p2b: Diancie|23\/100|[from] item: Leftovers\n|-damage|p2a: Tyranitar|27\/100 brn|[from] brn\n|upkeep\n|turn|8\n|\n|t:|1698055464\n|move|p1b: Manaphy|Scald|p2a: Tyranitar\n|-supereffective|p2a: Tyranitar\n|-damage|p2a: Tyranitar|0 fnt\n|faint|p2a: Tyranitar\n|move|p1a: Heatran|Earth Power|p2b: Diancie\n|-supereffective|p2b: Diancie\n|-damage|p2b: Diancie|0 fnt\n|faint|p2b: Diancie\n|\n|-weather|Sandstorm|[upkeep]\n|-damage|p1b: Manaphy|0 fnt|[from] Sandstorm\n|-damage|p1a: Heatran|19\/100|[from] Sandstorm\n|faint|p1b: Manaphy\n|upkeep\n|-message|Na5ty forfeited.\n|\n|win|GadhaKhiladi27\n|raw|GadhaKhiladi27's rating: 1207 &rarr; <strong>1238<\/strong><br \/>(+31 for winning)\n|raw|Na5ty's rating: 1295 &rarr; <strong>1264<\/strong><br \/>(-31 for losing)\n|l|\u2606Na5ty\n|c|\u2606GadhaKhiladi27|Gg\n","uploadtime":1698055489,"views":12,"p1id":"gadhakhiladi27","p2id":"na5ty","formatid":"gen9doublesou","rating":1238,"private":0,"password":""}