{"id":"gen9doublesou-1968079348","p1":"doufb howfalcons","p2":"5a678","format":"[Gen 9] Doubles OU","log":"|html|<div class=\"broadcast-blue\"><strong>[Gen 9] Doubles OU is currently suspecting Basculegion & Flutter Mane! For information on how to participate check out the <a href=\"https:\/\/www.smogon.com\/forums\/threads\/np-sv-dou-stage-8-double-trouble.3729153\/\">suspect thread<\/a>.<\/strong><\/div>\n|j|\u2606doufb howfalcons\n|j|\u26065a678\n|t:|1697382148\n|gametype|doubles\n|player|p1|doufb howfalcons|clown|1567\n|player|p2|5a678|steven|1739\n|teamsize|p1|6\n|teamsize|p2|6\n|gen|9\n|tier|[Gen 9] Doubles OU\n|rated|\n|rule|Species Clause: Limit one of each Pok\u00e9mon\n|rule|OHKO Clause: OHKO moves are banned\n|rule|Evasion Moves Clause: Evasion moves are banned\n|rule|Gravity Sleep Clause: The combination of sleep-inducing moves with imperfect accuracy and Gravity or Gigantamax Orbeetle are banned\n|rule|Endless Battle Clause: Forcing endless battles is banned\n|rule|HP Percentage Mod: HP is shown in percentages\n|clearpoke\n|poke|p1|Grimmsnarl, M|\n|poke|p1|Palafin, M|\n|poke|p1|Iron Hands|\n|poke|p1|Cresselia, F|\n|poke|p1|Rillaboom, M|\n|poke|p1|Heatran, M|\n|poke|p2|Flutter Mane|\n|poke|p2|Chi-Yu|\n|poke|p2|Chien-Pao|\n|poke|p2|Amoonguss, F|\n|poke|p2|Rillaboom, F|\n|poke|p2|Basculegion, M|\n|teampreview\n|inactive|Battle timer is ON: inactive players will automatically lose when time's up. (requested by 5a678)\n|inactive|5a678 has 120 seconds left.\n|inactive|5a678 has 90 seconds left.\n|inactive|5a678 has 60 seconds left.\n|\n|t:|1697382264\n|start\n|switch|p1a: Billygoats Gruff|Grimmsnarl, M, shiny|100\/100\n|switch|p1b: Dolph Lundgren|Palafin, M|100\/100\n|switch|p2a: Chi-Yu|Chi-Yu|100\/100\n|switch|p2b: Basculegion|Basculegion, M|100\/100\n|-ability|p2a: Chi-Yu|Beads of Ruin\n|turn|1\n|inactive|doufb howfalcons has 120 seconds left.\n|inactive|5a678 has 90 seconds left.\n|\n|t:|1697382307\n|detailschange|p1b: Dolph Lundgren|Palafin-Hero, M\n|switch|p1b: Froggetabout it|Heatran, M|100\/100\n|move|p1a: Billygoats Gruff|Reflect|p1a: Billygoats Gruff\n|-sidestart|p1: doufb howfalcons|Reflect\n|move|p2b: Basculegion|Wave Crash|p1a: Billygoats Gruff\n|-damage|p1a: Billygoats Gruff|49\/100\n|-damage|p2b: Basculegion|83\/100|[from] Recoil\n|move|p2a: Chi-Yu|Dark Pulse|p1b: Froggetabout it\n|-damage|p1b: Froggetabout it|29\/100\n|\n|upkeep\n|turn|2\n|inactive|5a678 has 90 seconds left.\n|inactive|doufb howfalcons has 120 seconds left.\n|\n|t:|1697382348\n|switch|p2a: Rillaboom|Rillaboom, F|100\/100\n|-fieldstart|move: Grassy Terrain|[from] ability: Grassy Surge|[of] p2a: Rillaboom\n|move|p1a: Billygoats Gruff|Light Screen|p1a: Billygoats Gruff\n|-sidestart|p1: doufb howfalcons|move: Light Screen\n|move|p2b: Basculegion|Wave Crash|p1a: Billygoats Gruff\n|-damage|p1a: Billygoats Gruff|0 fnt\n|faint|p1a: Billygoats Gruff\n|-damage|p2b: Basculegion|66\/100|[from] Recoil\n|move|p1b: Froggetabout it|Stealth Rock|p2b: Basculegion\n|-sidestart|p2: 5a678|move: Stealth Rock\n|\n|-heal|p2b: Basculegion|72\/100|[from] Grassy Terrain\n|-heal|p1b: Froggetabout it|35\/100|[from] Grassy Terrain\n|upkeep\n|\n|t:|1697382361\n|switch|p1a: Duck and Cover|Cresselia, F|100\/100\n|turn|3\n|inactive|doufb howfalcons has 120 seconds left.\n|inactive|5a678 has 90 seconds left.\n|\n|t:|1697382396\n|switch|p2b: Chi-Yu|Chi-Yu|100\/100\n|-damage|p2b: Chi-Yu|76\/100|[from] Stealth Rock\n|-ability|p2b: Chi-Yu|Beads of Ruin\n|move|p2a: Rillaboom|Brick Break|p1b: Froggetabout it\n|-sideend|p1: doufb howfalcons|Reflect\n|-sideend|p1: doufb howfalcons|move: Light Screen\n|-supereffective|p1b: Froggetabout it\n|-damage|p1b: Froggetabout it|0 fnt\n|faint|p1b: Froggetabout it\n|move|p1a: Duck and Cover|Trick Room|p1a: Duck and Cover\n|-fieldstart|move: Trick Room|[of] p1a: Duck and Cover\n|\n|-heal|p2b: Chi-Yu|82\/100|[from] Grassy Terrain\n|upkeep\n|\n|t:|1697382411\n|switch|p1b: Sweet Science|Iron Hands|100\/100\n|turn|4\n|\n|t:|1697382422\n|switch|p2b: Amoonguss|Amoonguss, F|100\/100\n|-damage|p2b: Amoonguss|88\/100|[from] Stealth Rock\n|move|p1b: Sweet Science|Swords Dance|p1b: Sweet Science\n|-boost|p1b: Sweet Science|atk|2\n|move|p1a: Duck and Cover|Calm Mind|p1a: Duck and Cover\n|-boost|p1a: Duck and Cover|spa|1\n|-boost|p1a: Duck and Cover|spd|1\n|move|p2a: Rillaboom|Wood Hammer|p1b: Sweet Science\n|-damage|p1b: Sweet Science|35\/100\n|-damage|p2a: Rillaboom|76\/100|[from] Recoil\n|\n|-heal|p2b: Amoonguss|94\/100|[from] Grassy Terrain\n|-heal|p1b: Sweet Science|41\/100|[from] Grassy Terrain\n|-heal|p1b: Sweet Science|47\/100|[from] item: Leftovers\n|-heal|p2a: Rillaboom|83\/100|[from] Grassy Terrain\n|upkeep\n|turn|5\n|inactive|doufb howfalcons has 120 seconds left.\n|inactive|5a678 has 120 seconds left.\n|\n|t:|1697382437\n|-terastallize|p1b: Sweet Science|Grass\n|move|p2b: Amoonguss|Spore|p1b: Sweet Science\n|-immune|p1b: Sweet Science\n|move|p1b: Sweet Science|Drain Punch|p2a: Rillaboom\n|-damage|p2a: Rillaboom|1\/100\n|-heal|p1b: Sweet Science|84\/100|[from] drain|[of] p2a: Rillaboom\n|move|p1a: Duck and Cover|Psychic|p2b: Amoonguss\n|-supereffective|p2b: Amoonguss\n|-damage|p2b: Amoonguss|30\/100\n|-enditem|p2b: Amoonguss|Sitrus Berry|[eat]\n|-heal|p2b: Amoonguss|54\/100|[from] item: Sitrus Berry\n|move|p2a: Rillaboom|Wood Hammer|p1a: Duck and Cover\n|-damage|p1a: Duck and Cover|49\/100\n|-damage|p2a: Rillaboom|0 fnt|[from] Recoil\n|faint|p2a: Rillaboom\n|\n|-heal|p2b: Amoonguss|60\/100|[from] Grassy Terrain\n|-heal|p1b: Sweet Science|90\/100|[from] Grassy Terrain\n|-heal|p1b: Sweet Science|96\/100|[from] item: Leftovers\n|upkeep\n|inactive|5a678 has 120 seconds left.\n|\n|t:|1697382466\n|switch|p2a: Chi-Yu|Chi-Yu|82\/100\n|-damage|p2a: Chi-Yu|57\/100|[from] Stealth Rock\n|-ability|p2a: Chi-Yu|Beads of Ruin\n|turn|6\n|inactive|5a678 has 120 seconds left.\n|\n|t:|1697382475\n|-terastallize|p2a: Chi-Yu|Fire\n|move|p2b: Amoonguss|Rage Powder|p2b: Amoonguss\n|-singleturn|p2b: Amoonguss|move: Rage Powder\n|move|p1b: Sweet Science|Thunder Punch|p2a: Chi-Yu\n|-damage|p2a: Chi-Yu|0 fnt\n|faint|p2a: Chi-Yu\n|move|p1a: Duck and Cover|Psychic|p2b: Amoonguss\n|-supereffective|p2b: Amoonguss\n|-damage|p2b: Amoonguss|0 fnt\n|faint|p2b: Amoonguss\n|\n|-heal|p1b: Sweet Science|100\/100|[from] Grassy Terrain\n|-fieldend|move: Grassy Terrain\n|upkeep\n|inactive|5a678 has 120 seconds left.\n|c|\u26065a678|what\n|c|\u26065a678|how\n|\n|t:|1697382498\n|switch|p2b: Flutter Mane|Flutter Mane|100\/100\n|switch|p2a: Chien-Pao|Chien-Pao|100\/100\n|-damage|p2b: Flutter Mane|88\/100|[from] Stealth Rock\n|-damage|p2a: Chien-Pao|76\/100|[from] Stealth Rock\n|-ability|p2a: Chien-Pao|Sword of Ruin\n|-enditem|p2b: Flutter Mane|Booster Energy\n|-activate|p2b: Flutter Mane|ability: Protosynthesis|[fromitem]\n|-start|p2b: Flutter Mane|protosynthesisspa\n|turn|7\n|\n|t:|1697382523\n|move|p2b: Flutter Mane|Protect|p2b: Flutter Mane\n|-singleturn|p2b: Flutter Mane|Protect\n|move|p2a: Chien-Pao|Protect|p2a: Chien-Pao\n|-singleturn|p2a: Chien-Pao|Protect\n|move|p1b: Sweet Science|Drain Punch|p2a: Chien-Pao\n|-activate|p2a: Chien-Pao|move: Protect\n|move|p1a: Duck and Cover|Lunar Blessing|p1a: Duck and Cover|[spread] p1a,p1b\n|-heal|p1a: Duck and Cover|74\/100\n|\n|-fieldend|move: Trick Room\n|upkeep\n|turn|8\n|\n|t:|1697382548\n|move|p1b: Sweet Science|Protect|p1b: Sweet Science\n|-singleturn|p1b: Sweet Science|Protect\n|move|p2a: Chien-Pao|Icicle Crash|p1b: Sweet Science\n|-activate|p1b: Sweet Science|move: Protect\n|move|p2b: Flutter Mane|Moonblast|p1b: Sweet Science\n|-activate|p1b: Sweet Science|move: Protect\n|move|p1a: Duck and Cover|Trick Room|p1a: Duck and Cover\n|-fieldstart|move: Trick Room|[of] p1a: Duck and Cover\n|\n|upkeep\n|turn|9\n|-message|5a678 forfeited.\n|\n|win|doufb howfalcons\n|raw|doufb howfalcons's rating: 1567 &rarr; <strong>1596<\/strong><br \/>(+29 for winning)\n|raw|5a678's rating: 1739 &rarr; <strong>1710<\/strong><br \/>(-29 for losing)\n|l|\u26065a678\n|j|\u26065a678\n|player|p2|5a678|steven\n|l|\u2606doufb howfalcons\n","uploadtime":1697382897,"views":18,"p1id":"doufbhowfalcons","p2id":"5a678","formatid":"gen9doublesou","rating":1596,"private":0,"password":""}