{"id":"gen9doublesou-1968951261","p1":"skittymiaou","p2":"A rainbow person","format":"[Gen 9] Doubles OU","log":"|j|\u2606skittymiaou\n|j|\u2606A rainbow person\n|t:|1697477941\n|gametype|doubles\n|player|p1|skittymiaou|beni-ninja|1098\n|player|p2|A rainbow person|266|1046\n|teamsize|p1|6\n|teamsize|p2|6\n|gen|9\n|tier|[Gen 9] Doubles OU\n|rated|\n|rule|Species Clause: Limit one of each Pok\u00e9mon\n|rule|OHKO Clause: OHKO moves are banned\n|rule|Evasion Moves Clause: Evasion moves are banned\n|rule|Gravity Sleep Clause: The combination of sleep-inducing moves with imperfect accuracy and Gravity or Gigantamax Orbeetle are banned\n|rule|Endless Battle Clause: Forcing endless battles is banned\n|rule|HP Percentage Mod: HP is shown in percentages\n|clearpoke\n|poke|p1|Glimmora, M|\n|poke|p1|Kommo-o, M|\n|poke|p1|Ninetales-Alola, F|\n|poke|p1|Ogerpon-Hearthflame, F|\n|poke|p1|Rillaboom, F|\n|poke|p1|Chien-Pao|\n|poke|p2|Volcarona, M|\n|poke|p2|Corviknight, F|\n|poke|p2|Clefable, F|\n|poke|p2|Regieleki|\n|poke|p2|Gliscor, M|\n|poke|p2|Pelipper, F|\n|teampreview\n|inactive|Battle timer is ON: inactive players will automatically lose when time's up. (requested by skittymiaou)\n|\n|t:|1697477961\n|start\n|switch|p1a: Ogerpon|Ogerpon-Hearthflame, F|100\/100\n|switch|p1b: Rillaboom|Rillaboom, F, shiny|100\/100\n|switch|p2a: Regieleki|Regieleki|100\/100\n|switch|p2b: Pelipper|Pelipper, F|100\/100\n|-ability|p1a: Ogerpon|Mold Breaker\n|-fieldstart|move: Grassy Terrain|[from] ability: Grassy Surge|[of] p1b: Rillaboom\n|-weather|RainDance|[from] ability: Drizzle|[of] p2b: Pelipper\n|turn|1\n|inactive|A rainbow person has 120 seconds left.\n|\n|t:|1697477991\n|move|p1a: Ogerpon|Spiky Shield|p1a: Ogerpon\n|-singleturn|p1a: Ogerpon|move: Protect\n|move|p1b: Rillaboom|Fake Out|p2a: Regieleki\n|-damage|p2a: Regieleki|73\/100\n|cant|p2a: Regieleki|flinch\n|move|p2b: Pelipper|Ice Beam|p1b: Rillaboom\n|-supereffective|p1b: Rillaboom\n|-damage|p1b: Rillaboom|75\/100\n|\n|-weather|RainDance|[upkeep]\n|-heal|p2a: Regieleki|79\/100|[from] Grassy Terrain\n|-heal|p1b: Rillaboom|81\/100|[from] Grassy Terrain\n|upkeep\n|turn|2\n|inactive|A rainbow person has 120 seconds left.\n|\n|t:|1697478021\n|move|p2a: Regieleki|Thunder Wave|p1a: Ogerpon\n|-status|p1a: Ogerpon|par\n|move|p1b: Rillaboom|Brick Break|p2a: Regieleki\n|-damage|p2a: Regieleki|33\/100\n|cant|p1a: Ogerpon|par\n|move|p2b: Pelipper|Hurricane|p1b: Rillaboom\n|-supereffective|p1b: Rillaboom\n|-damage|p1b: Rillaboom|30\/100\n|-start|p1b: Rillaboom|confusion\n|\n|-weather|RainDance|[upkeep]\n|-heal|p2a: Regieleki|39\/100|[from] Grassy Terrain\n|-heal|p1b: Rillaboom|36\/100|[from] Grassy Terrain\n|upkeep\n|turn|3\n|inactive|A rainbow person has 120 seconds left.\n|\n|t:|1697478056\n|switch|p2a: Gliscor|Gliscor, M|100\/100\n|move|p1a: Ogerpon|Grassy Glide|p2a: Gliscor\n|-damage|p2a: Gliscor|62\/100\n|-activate|p1b: Rillaboom|confusion\n|move|p1b: Rillaboom|U-turn|p2b: Pelipper\n|-resisted|p2b: Pelipper\n|-damage|p2b: Pelipper|91\/100\n|\n|t:|1697478067\n|switch|p1b: Glimmora|Glimmora, M, shiny|100\/100|[from] U-turn\n|move|p2b: Pelipper|Hurricane|p1a: Ogerpon\n|-supereffective|p1a: Ogerpon\n|-damage|p1a: Ogerpon|13\/100 par\n|-start|p1a: Ogerpon|confusion\n|\n|-weather|RainDance|[upkeep]\n|-heal|p1a: Ogerpon|19\/100 par|[from] Grassy Terrain\n|-status|p2a: Gliscor|tox|[from] item: Toxic Orb\n|upkeep\n|turn|4\n|inactive|A rainbow person has 120 seconds left.\n|\n|t:|1697478099\n|-activate|p1a: Ogerpon|confusion\n|move|p1a: Ogerpon|Follow Me|p1a: Ogerpon\n|-singleturn|p1a: Ogerpon|move: Follow Me\n|move|p1b: Glimmora|Stealth Rock|p2b: Pelipper\n|-sidestart|p2: A rainbow person|move: Stealth Rock\n|move|p2a: Gliscor|Tailwind|p2a: Gliscor\n|-sidestart|p2: A rainbow person|move: Tailwind\n|move|p2b: Pelipper|Ice Beam|p1a: Ogerpon\n|-damage|p1a: Ogerpon|0 fnt\n|faint|p1a: Ogerpon\n|\n|-weather|RainDance|[upkeep]\n|-heal|p2a: Gliscor|74\/100 tox|[from] ability: Poison Heal\n|upkeep\n|\n|t:|1697478111\n|switch|p1a: Rillaboom|Rillaboom, F, shiny|36\/100\n|turn|5\n|\n|t:|1697478120\n|move|p1a: Rillaboom|Fake Out|p2a: Gliscor\n|-damage|p2a: Gliscor|62\/100 tox\n|cant|p2a: Gliscor|flinch\n|move|p2b: Pelipper|Ice Beam|p1a: Rillaboom\n|-supereffective|p1a: Rillaboom\n|-damage|p1a: Rillaboom|10\/100\n|move|p1b: Glimmora|Dazzling Gleam|p2a: Gliscor|[spread] p2a,p2b\n|-damage|p2a: Gliscor|35\/100 tox\n|-damage|p2b: Pelipper|60\/100\n|\n|-weather|RainDance|[upkeep]\n|-heal|p1a: Rillaboom|17\/100|[from] Grassy Terrain\n|-heal|p2a: Gliscor|47\/100 tox|[from] ability: Poison Heal\n|-fieldend|move: Grassy Terrain\n|upkeep\n|turn|6\n|inactive|A rainbow person has 120 seconds left.\n|\n|t:|1697478154\n|switch|p2a: Clefable|Clefable, F|100\/100\n|move|p1b: Glimmora|Spiky Shield|p1b: Glimmora\n|-singleturn|p1b: Glimmora|move: Protect\n|move|p2b: Pelipper|Substitute|p2b: Pelipper\n|-start|p2b: Pelipper|Substitute\n|-damage|p2b: Pelipper|35\/100\n|move|p1a: Rillaboom|Wood Hammer|p2a: Clefable\n|-damage|p2a: Clefable|40\/100\n|-damage|p1a: Rillaboom|0 fnt|[from] Recoil\n|faint|p1a: Rillaboom\n|\n|-weather|RainDance|[upkeep]\n|upkeep\n|\n|t:|1697478168\n|switch|p1a: Kommo-o|Kommo-o, M|100\/100\n|turn|7\n|\n|t:|1697478180\n|-terastallize|p1a: Kommo-o|Steel\n|move|p2a: Clefable|Dazzling Gleam|p1a: Kommo-o|[spread] p1a,p1b\n|-resisted|p1a: Kommo-o\n|-resisted|p1b: Glimmora\n|-damage|p1a: Kommo-o|95\/100\n|-damage|p1b: Glimmora|87\/100\n|move|p2b: Pelipper|Roost|p2b: Pelipper\n|-heal|p2b: Pelipper|85\/100\n|-singleturn|p2b: Pelipper|move: Roost\n|move|p1b: Glimmora|Sludge Wave|p2b: Pelipper|[spread] p2a,p2b\n|-immune|p1a: Kommo-o\n|-end|p2b: Pelipper|Substitute\n|-supereffective|p2a: Clefable\n|-damage|p2a: Clefable|0 fnt\n|faint|p2a: Clefable\n|move|p1a: Kommo-o|Iron Defense|p1a: Kommo-o\n|-boost|p1a: Kommo-o|def|2\n|\n|-weather|RainDance|[upkeep]\n|-heal|p1a: Kommo-o|100\/100|[from] item: Leftovers\n|-sideend|p2: A rainbow person|move: Tailwind\n|upkeep\n|\n|t:|1697478189\n|switch|p2a: Volcarona|Volcarona, M, shiny|100\/100\n|-damage|p2a: Volcarona|50\/100|[from] Stealth Rock\n|turn|8\n|\n|t:|1697478216\n|move|p2a: Volcarona|U-turn|p1a: Kommo-o\n|-resisted|p1a: Kommo-o\n|-damage|p1a: Kommo-o|97\/100\n|\n|t:|1697478223\n|switch|p2a: Corviknight|Corviknight, F, shiny|100\/100|[from] U-turn\n|-damage|p2a: Corviknight|88\/100|[from] Stealth Rock\n|move|p1b: Glimmora|Sludge Wave|p2b: Pelipper|[spread] p2b\n|-immune|p1a: Kommo-o\n|-immune|p2a: Corviknight\n|-damage|p2b: Pelipper|34\/100\n|move|p1a: Kommo-o|Body Press|p2a: Corviknight\n|-damage|p2a: Corviknight|48\/100\n|move|p2b: Pelipper|Hurricane|p1a: Kommo-o\n|-resisted|p1a: Kommo-o\n|-damage|p1a: Kommo-o|86\/100\n|\n|-weather|none\n|-heal|p1a: Kommo-o|92\/100|[from] item: Leftovers\n|-heal|p2a: Corviknight|54\/100|[from] item: Leftovers\n|upkeep\n|turn|9\n|inactive|A rainbow person has 120 seconds left.\n|\n|t:|1697478254\n|-terastallize|p2a: Corviknight|Steel\n|move|p1b: Glimmora|Sludge Wave|p2b: Pelipper|[spread] p2b\n|-immune|p1a: Kommo-o\n|-immune|p2a: Corviknight\n|-damage|p2b: Pelipper|0 fnt\n|faint|p2b: Pelipper\n|move|p1a: Kommo-o|Iron Defense|p1a: Kommo-o\n|-boost|p1a: Kommo-o|def|2\n|move|p2a: Corviknight|Bulk Up|p2a: Corviknight\n|-boost|p2a: Corviknight|atk|1\n|-boost|p2a: Corviknight|def|1\n|\n|-heal|p1a: Kommo-o|98\/100|[from] item: Leftovers\n|-heal|p2a: Corviknight|61\/100|[from] item: Leftovers\n|upkeep\n|inactive|A rainbow person has 120 seconds left.\n|\n|t:|1697478271\n|switch|p2b: Volcarona|Volcarona, M, shiny|50\/100\n|-damage|p2b: Volcarona|0 fnt|[from] Stealth Rock\n|faint|p2b: Volcarona\n|\n|t:|1697478275\n|switch|p2b: Regieleki|Regieleki|39\/100\n|-damage|p2b: Regieleki|26\/100|[from] Stealth Rock\n|turn|10\n|\n|t:|1697478293\n|move|p2b: Regieleki|Thunder Wave|p1a: Kommo-o\n|-status|p1a: Kommo-o|par\n|move|p1b: Glimmora|Sludge Wave|p2a: Corviknight|[spread] p2b\n|-immune|p1a: Kommo-o\n|-immune|p2a: Corviknight\n|-damage|p2b: Regieleki|0 fnt\n|faint|p2b: Regieleki\n|move|p2a: Corviknight|Bulk Up|p2a: Corviknight\n|-boost|p2a: Corviknight|atk|1\n|-boost|p2a: Corviknight|def|1\n|move|p1a: Kommo-o|Body Press|p2a: Corviknight\n|-supereffective|p2a: Corviknight\n|-damage|p2a: Corviknight|2\/100\n|\n|-heal|p2a: Corviknight|8\/100|[from] item: Leftovers\n|-heal|p1a: Kommo-o|100\/100 par|[from] item: Leftovers\n|upkeep\n|inactive|A rainbow person has 120 seconds left.\n|\n|t:|1697478311\n|switch|p2b: Gliscor|Gliscor, M|47\/100 tox\n|-damage|p2b: Gliscor|35\/100 tox|[from] Stealth Rock\n|turn|11\n|\n|t:|1697478328\n|move|p1a: Kommo-o|Protect|p1a: Kommo-o\n|-singleturn|p1a: Kommo-o|Protect\n|move|p1b: Glimmora|Dazzling Gleam|p2b: Gliscor|[spread] p2a,p2b\n|-resisted|p2a: Corviknight\n|-damage|p2a: Corviknight|0 fnt\n|-damage|p2b: Gliscor|7\/100 tox\n|faint|p2a: Corviknight\n|move|p2b: Gliscor|Facade|p1a: Kommo-o\n|-activate|p1a: Kommo-o|move: Protect\n|\n|-heal|p2b: Gliscor|19\/100 tox|[from] ability: Poison Heal\n|upkeep\n|turn|12\n|\n|t:|1697478345\n|move|p1b: Glimmora|Sludge Wave|p2b: Gliscor|[spread] p2b\n|-immune|p1a: Kommo-o\n|-resisted|p2b: Gliscor\n|-damage|p2b: Gliscor|0 fnt\n|faint|p2b: Gliscor\n|\n|win|skittymiaou\n|raw|skittymiaou's rating: 1098 &rarr; <strong>1120<\/strong><br \/>(+22 for winning)\n|raw|A rainbow person's rating: 1046 &rarr; <strong>1032<\/strong><br \/>(-14 for losing)\n","uploadtime":1697478352,"views":24,"p1id":"skittymiaou","p2id":"arainbowperson","formatid":"gen9doublesou","rating":1032,"private":0,"password":""}