{"id":"gen9doublesou-1976203718","p1":"KaWulf","p2":"Stinkkkkkkkk","format":"[Gen 9] Doubles OU","log":"|j|\u2606KaWulf\n|j|\u203dStinkkkkkkkk\n|t:|1698273424\n|gametype|doubles\n|player|p1|KaWulf|ninjaboy|1109\n|player|p2|Stinkkkkkkkk|psychic|1000\n|teamsize|p1|6\n|teamsize|p2|6\n|gen|9\n|tier|[Gen 9] Doubles OU\n|rated|\n|rule|Species Clause: Limit one of each Pok\u00e9mon\n|rule|OHKO Clause: OHKO moves are banned\n|rule|Evasion Moves Clause: Evasion moves are banned\n|rule|Gravity Sleep Clause: The combination of sleep-inducing moves with imperfect accuracy and Gravity or Gigantamax Orbeetle are banned\n|rule|Endless Battle Clause: Forcing endless battles is banned\n|rule|HP Percentage Mod: HP is shown in percentages\n|clearpoke\n|poke|p1|Sneasler, F|\n|poke|p1|Jirachi|\n|poke|p1|Iron Bundle|\n|poke|p1|Gliscor, F|\n|poke|p1|Sinistcha-Masterpiece|\n|poke|p1|Cresselia, F|\n|poke|p2|Grimmsnarl, M|\n|poke|p2|Sinistcha-Masterpiece|\n|poke|p2|Cresselia, F|\n|poke|p2|Iron Hands|\n|poke|p2|Tornadus, M|\n|poke|p2|Walking Wake|\n|teampreview\n|inactive|Battle timer is ON: inactive players will automatically lose when time's up. (requested by Stinkkkkkkkk)\n|inactive|KaWulf also wants the timer to be on.\n|\n|t:|1698273440\n|start\n|switch|p1a: Sneasler|Sneasler, F|100\/100\n|switch|p1b: Jirachi|Jirachi|100\/100\n|switch|p2a: Grimmsnarl|Grimmsnarl, M|100\/100\n|switch|p2b: Iron Hands|Iron Hands|100\/100\n|-item|p1b: Jirachi|Air Balloon\n|turn|1\n|inactive|KaWulf has 120 seconds left.\n|\n|t:|1698273481\n|move|p1a: Sneasler|Fake Out|p2b: Iron Hands\n|-damage|p2b: Iron Hands|91\/100\n|move|p2a: Grimmsnarl|Fake Out|p1b: Jirachi\n|-resisted|p1b: Jirachi\n|-damage|p1b: Jirachi|95\/100\n|-enditem|p1b: Jirachi|Air Balloon\n|cant|p1b: Jirachi|flinch\n|cant|p2b: Iron Hands|flinch\n|\n|upkeep\n|turn|2\n|inactive|KaWulf has 120 seconds left.\n|\n|t:|1698273506\n|move|p2b: Iron Hands|Protect|p2b: Iron Hands\n|-singleturn|p2b: Iron Hands|Protect\n|move|p2a: Grimmsnarl|Parting Shot|p1a: Sneasler\n|-unboost|p1a: Sneasler|atk|1\n|-unboost|p1a: Sneasler|spa|1\n|\n|t:|1698273511\n|switch|p2a: Cresselia|Cresselia, F|100\/100|[from] Parting Shot\n|move|p1a: Sneasler|Dire Claw|p2a: Cresselia\n|-damage|p2a: Cresselia|82\/100\n|-status|p2a: Cresselia|psn\n|move|p1b: Jirachi|Skill Swap|p1a: Sneasler\n|-activate|p1b: Jirachi|move: Skill Swap|||[of] p1a: Sneasler\n|\n|-damage|p2a: Cresselia|70\/100 psn|[from] psn\n|upkeep\n|turn|3\n|\n|t:|1698273531\n|move|p1a: Sneasler|Dire Claw|p2b: Iron Hands\n|-damage|p2b: Iron Hands|74\/100\n|move|p1b: Jirachi|Iron Head|p2a: Cresselia\n|-damage|p2a: Cresselia|45\/100 psn\n|move|p2b: Iron Hands|Belly Drum|p2b: Iron Hands\n|-damage|p2b: Iron Hands|24\/100\n|-setboost|p2b: Iron Hands|atk|6|[from] move: Belly Drum\n|-enditem|p2b: Iron Hands|Sitrus Berry|[eat]\n|-heal|p2b: Iron Hands|49\/100|[from] item: Sitrus Berry\n|move|p2a: Cresselia|Trick Room|p2a: Cresselia\n|-fieldstart|move: Trick Room|[of] p2a: Cresselia\n|\n|-damage|p2a: Cresselia|32\/100 psn|[from] psn\n|upkeep\n|turn|4\n|inactive|KaWulf has 120 seconds left.\n|\n|t:|1698273564\n|move|p2b: Iron Hands|Drain Punch|p1b: Jirachi\n|-damage|p1b: Jirachi|0 fnt\n|-heal|p2b: Iron Hands|84\/100|[from] drain|[of] p1b: Jirachi\n|faint|p1b: Jirachi\n|move|p2a: Cresselia|Lunar Blessing|p2a: Cresselia|[spread] p2a,p2b\n|-heal|p2a: Cresselia|57\/100 psn\n|-curestatus|p2a: Cresselia|psn|[msg]\n|-heal|p2b: Iron Hands|100\/100\n|move|p1a: Sneasler|Dire Claw|p2a: Cresselia\n|-damage|p2a: Cresselia|39\/100\n|-status|p2a: Cresselia|slp\n|\n|upkeep\n|inactive|KaWulf has 120 seconds left.\n|\n|t:|1698273593\n|switch|p1b: Iron Bundle|Iron Bundle|100\/100\n|-enditem|p1b: Iron Bundle|Booster Energy\n|-activate|p1b: Iron Bundle|ability: Quark Drive|[fromitem]\n|-start|p1b: Iron Bundle|quarkdrivespe\n|turn|5\n|inactive|KaWulf has 120 seconds left.\n|\n|t:|1698273615\n|move|p1b: Iron Bundle|Protect|p1b: Iron Bundle\n|-singleturn|p1b: Iron Bundle|Protect\n|move|p2b: Iron Hands|Drain Punch|p1a: Sneasler\n|-resisted|p1a: Sneasler\n|-crit|p1a: Sneasler\n|-enditem|p1a: Sneasler|Focus Sash\n|-damage|p1a: Sneasler|1\/100\n|cant|p2a: Cresselia|slp\n|move|p1a: Sneasler|Dire Claw|p2a: Cresselia\n|-damage|p2a: Cresselia|19\/100 slp\n|\n|upkeep\n|turn|6\n|inactive|KaWulf has 120 seconds left.\n|\n|t:|1698273637\n|-end|p1b: Iron Bundle|Quark Drive|[silent]\n|switch|p1b: Sinistcha|Sinistcha-Masterpiece|100\/100\n|-heal|p1a: Sneasler|26\/100|[from] ability: Hospitality|[of] p1b: Sinistcha\n|move|p1a: Sneasler|Protect|p1a: Sneasler\n|-singleturn|p1a: Sneasler|Protect\n|move|p2b: Iron Hands|Drain Punch|p1b: Sinistcha\n|-immune|p1b: Sinistcha\n|-curestatus|p2a: Cresselia|slp|[msg]\n|move|p2a: Cresselia|Lunar Blessing|p2a: Cresselia|[spread] p2a,p2b\n|-heal|p2a: Cresselia|44\/100\n|\n|upkeep\n|turn|7\n|inactive|KaWulf has 120 seconds left.\n|\n|t:|1698273661\n|move|p1b: Sinistcha|Rage Powder|p1b: Sinistcha\n|-singleturn|p1b: Sinistcha|move: Rage Powder\n|move|p2b: Iron Hands|Drain Punch|p1b: Sinistcha\n|-immune|p1b: Sinistcha\n|move|p2a: Cresselia|Lunar Blessing|p2a: Cresselia|[spread] p2a,p2b\n|-heal|p2a: Cresselia|69\/100\n|move|p1a: Sneasler|Dire Claw|p2a: Cresselia\n|-damage|p2a: Cresselia|50\/100\n|-status|p2a: Cresselia|slp\n|\n|-fieldend|move: Trick Room\n|upkeep\n|turn|8\n|inactive|KaWulf has 120 seconds left.\n|\n|t:|1698273685\n|move|p1a: Sneasler|Protect|p1a: Sneasler\n|-singleturn|p1a: Sneasler|Protect\n|cant|p2a: Cresselia|slp\n|move|p1b: Sinistcha|Matcha Gotcha|p2a: Cresselia|[spread] p2a,p2b\n|-damage|p2a: Cresselia|30\/100 slp\n|-damage|p2b: Iron Hands|81\/100\n|move|p2b: Iron Hands|Iron Head|p1a: Sneasler\n|-activate|p1a: Sneasler|move: Protect\n|\n|upkeep\n|turn|9\n|\n|t:|1698273700\n|move|p1a: Sneasler|Dire Claw|p2b: Iron Hands\n|-damage|p2b: Iron Hands|63\/100\n|-status|p2b: Iron Hands|slp\n|move|p1b: Sinistcha|Shadow Ball|p2a: Cresselia\n|-supereffective|p2a: Cresselia\n|-damage|p2a: Cresselia|0 fnt\n|faint|p2a: Cresselia\n|cant|p2b: Iron Hands|slp\n|\n|upkeep\n|\n|t:|1698273705\n|switch|p2a: Grimmsnarl|Grimmsnarl, M|100\/100\n|turn|10\n|\n|t:|1698273719\n|move|p2a: Grimmsnarl|Fake Out|p1a: Sneasler\n|-damage|p1a: Sneasler|8\/100\n|cant|p1a: Sneasler|flinch\n|move|p1b: Sinistcha|Shadow Ball|p2b: Iron Hands\n|-damage|p2b: Iron Hands|37\/100 slp\n|-unboost|p2b: Iron Hands|spd|1\n|cant|p2b: Iron Hands|slp\n|\n|upkeep\n|turn|11\n|\n|t:|1698273731\n|move|p2a: Grimmsnarl|Light Screen|p2a: Grimmsnarl\n|-sidestart|p2: Stinkkkkkkkk|move: Light Screen\n|move|p1a: Sneasler|Dire Claw|p2a: Grimmsnarl\n|-supereffective|p2a: Grimmsnarl\n|-damage|p2a: Grimmsnarl|44\/100\n|move|p1b: Sinistcha|Shadow Ball|p2b: Iron Hands\n|-damage|p2b: Iron Hands|10\/100 slp\n|cant|p2b: Iron Hands|slp\n|\n|upkeep\n|turn|12\n|\n|t:|1698273747\n|move|p1a: Sneasler|Protect|p1a: Sneasler\n|-singleturn|p1a: Sneasler|Protect\n|-curestatus|p2b: Iron Hands|slp|[msg]\n|move|p2b: Iron Hands|Protect|p2b: Iron Hands\n|-singleturn|p2b: Iron Hands|Protect\n|move|p2a: Grimmsnarl|Parting Shot|p1b: Sinistcha\n|-unboost|p1b: Sinistcha|atk|1\n|-unboost|p1b: Sinistcha|spa|1\n|\n|t:|1698273755\n|switch|p2a: Sinistcha|Sinistcha-Masterpiece|100\/100|[from] Parting Shot\n|-heal|p2b: Iron Hands|35\/100|[from] ability: Hospitality|[of] p2a: Sinistcha\n|move|p1b: Sinistcha|Shadow Ball|p2b: Iron Hands\n|-activate|p2b: Iron Hands|move: Protect\n|\n|upkeep\n|turn|13\n|inactive|KaWulf has 120 seconds left.\n|\n|t:|1698273806\n|switch|p1a: Gliscor|Gliscor, F|100\/100\n|switch|p2a: Grimmsnarl|Grimmsnarl, M|44\/100\n|move|p1b: Sinistcha|Shadow Ball|p2b: Iron Hands\n|-damage|p2b: Iron Hands|15\/100\n|move|p2b: Iron Hands|Iron Head|p1b: Sinistcha\n|-damage|p1b: Sinistcha|0 fnt\n|faint|p1b: Sinistcha\n|\n|-status|p1a: Gliscor|tox|[from] item: Toxic Orb\n|upkeep\n|\n|t:|1698273821\n|switch|p1b: Sneasler|Sneasler, F|8\/100\n|turn|14\n|inactive|KaWulf has 120 seconds left.\n|\n|t:|1698273840\n|move|p1b: Sneasler|Protect|p1b: Sneasler\n|-singleturn|p1b: Sneasler|Protect\n|move|p2b: Iron Hands|Protect|p2b: Iron Hands\n|-singleturn|p2b: Iron Hands|Protect\n|move|p2a: Grimmsnarl|Fake Out|p1b: Sneasler\n|-activate|p1b: Sneasler|move: Protect\n|move|p1a: Gliscor|Earthquake|p2a: Grimmsnarl|[spread] p2a\n|-activate|p1b: Sneasler|move: Protect\n|-activate|p2b: Iron Hands|move: Protect\n|-damage|p2a: Grimmsnarl|22\/100\n|\n|upkeep\n|turn|15\n|\n|t:|1698273865\n|switch|p1b: Cresselia|Cresselia, F|100\/100\n|move|p2a: Grimmsnarl|Parting Shot|p1a: Gliscor\n|-unboost|p1a: Gliscor|atk|1\n|-unboost|p1a: Gliscor|spa|1\n|\n|t:|1698273870\n|switch|p2a: Sinistcha|Sinistcha-Masterpiece|100\/100|[from] Parting Shot\n|-heal|p2b: Iron Hands|40\/100|[from] ability: Hospitality|[of] p2a: Sinistcha\n|move|p1a: Gliscor|Earthquake|p2a: Sinistcha|[spread] p2a,p2b\n|-immune|p1b: Cresselia|[from] ability: Levitate\n|-resisted|p2a: Sinistcha\n|-supereffective|p2b: Iron Hands\n|-damage|p2a: Sinistcha|93\/100\n|-damage|p2b: Iron Hands|22\/100\n|move|p2b: Iron Hands|Drain Punch|p1b: Cresselia\n|-resisted|p1b: Cresselia\n|-damage|p1b: Cresselia|49\/100\n|-heal|p2b: Iron Hands|46\/100|[from] drain|[of] p1b: Cresselia\n|\n|-sideend|p2: Stinkkkkkkkk|move: Light Screen\n|upkeep\n|turn|16\n|inactive|KaWulf has 120 seconds left.\n|\n|t:|1698273903\n|switch|p2a: Grimmsnarl|Grimmsnarl, M|22\/100\n|-terastallize|p2b: Iron Hands|Grass\n|move|p1a: Gliscor|Knock Off|p2a: Grimmsnarl\n|-resisted|p2a: Grimmsnarl\n|-damage|p2a: Grimmsnarl|19\/100\n|-enditem|p2a: Grimmsnarl|Covert Cloak|[from] move: Knock Off|[of] p1a: Gliscor\n|move|p1b: Cresselia|Psychic|p2b: Iron Hands\n|-damage|p2b: Iron Hands|19\/100\n|move|p2b: Iron Hands|Drain Punch|p1a: Gliscor\n|-resisted|p1a: Gliscor\n|-damage|p1a: Gliscor|55\/100 tox\n|-heal|p2b: Iron Hands|37\/100|[from] drain|[of] p1a: Gliscor\n|\n|-heal|p1a: Gliscor|68\/100 tox|[from] ability: Poison Heal\n|upkeep\n|turn|17\n|\n|t:|1698273921\n|move|p2a: Grimmsnarl|Fake Out|p1a: Gliscor\n|-damage|p1a: Gliscor|62\/100 tox\n|cant|p1a: Gliscor|flinch\n|move|p1b: Cresselia|Psychic|p2b: Iron Hands\n|-damage|p2b: Iron Hands|11\/100\n|move|p2b: Iron Hands|Drain Punch|p1b: Cresselia\n|-resisted|p1b: Cresselia\n|-damage|p1b: Cresselia|0 fnt\n|-heal|p2b: Iron Hands|34\/100|[from] drain|[of] p1b: Cresselia\n|faint|p1b: Cresselia\n|\n|-heal|p1a: Gliscor|74\/100 tox|[from] ability: Poison Heal\n|upkeep\n|\n|t:|1698273926\n|switch|p1b: Sneasler|Sneasler, F|8\/100\n|turn|18\n|\n|t:|1698273953\n|move|p1b: Sneasler|Protect|p1b: Sneasler\n|-singleturn|p1b: Sneasler|Protect\n|move|p2a: Grimmsnarl|Light Screen|p2a: Grimmsnarl\n|-sidestart|p2: Stinkkkkkkkk|move: Light Screen\n|move|p1a: Gliscor|Earthquake|p2b: Iron Hands|[spread] p2a,p2b\n|-activate|p1b: Sneasler|move: Protect\n|-resisted|p2b: Iron Hands\n|-damage|p2a: Grimmsnarl|3\/100\n|-damage|p2b: Iron Hands|29\/100\n|move|p2b: Iron Hands|Iron Head|p1a: Gliscor\n|-damage|p1a: Gliscor|16\/100 tox\n|\n|-heal|p1a: Gliscor|29\/100 tox|[from] ability: Poison Heal\n|upkeep\n|turn|19\n|\n|t:|1698273981\n|move|p2a: Grimmsnarl|Parting Shot|p1b: Sneasler\n|-unboost|p1b: Sneasler|atk|1\n|-unboost|p1b: Sneasler|spa|1\n|inactive|Stinkkkkkkkk has 120 seconds left.\n|\n|t:|1698274008\n|switch|p2a: Sinistcha|Sinistcha-Masterpiece|93\/100|[from] Parting Shot\n|-heal|p2b: Iron Hands|54\/100|[from] ability: Hospitality|[of] p2a: Sinistcha\n|move|p1b: Sneasler|Dire Claw|p2b: Iron Hands\n|-supereffective|p2b: Iron Hands\n|-damage|p2b: Iron Hands|23\/100\n|-status|p2b: Iron Hands|psn\n|move|p1a: Gliscor|Knock Off|p2b: Iron Hands\n|-damage|p2b: Iron Hands|17\/100 psn\n|move|p2b: Iron Hands|Iron Head|p1a: Gliscor\n|-damage|p1a: Gliscor|0 fnt\n|faint|p1a: Gliscor\n|\n|-damage|p2b: Iron Hands|4\/100 psn|[from] psn\n|upkeep\n|inactive|KaWulf has 120 seconds left.\n|\n|t:|1698274027\n|switch|p1a: Iron Bundle|Iron Bundle|100\/100\n|turn|20\n|\n|t:|1698274037\n|move|p1a: Iron Bundle|Icy Wind|p2a: Sinistcha|[spread] p2b\n|-miss|p1a: Iron Bundle|p2a: Sinistcha\n|-supereffective|p2b: Iron Hands\n|-damage|p2b: Iron Hands|0 fnt\n|faint|p2b: Iron Hands\n|-end|p2b: Iron Hands|Quark Drive|[silent]\n|move|p1b: Sneasler|Dire Claw|p2a: Sinistcha\n|-damage|p2a: Sinistcha|68\/100\n|-status|p2a: Sinistcha|psn\n|-damage|p1b: Sneasler|0 fnt|[from] item: Rocky Helmet|[of] p2a: Sinistcha\n|faint|p1b: Sneasler\n|move|p2a: Sinistcha|Trick Room|p2a: Sinistcha\n|-fieldstart|move: Trick Room|[of] p2a: Sinistcha\n|\n|-damage|p2a: Sinistcha|56\/100 psn|[from] psn\n|upkeep\n|\n|t:|1698274040\n|switch|p2b: Grimmsnarl|Grimmsnarl, M|3\/100\n|turn|21\n|\n|t:|1698274057\n|move|p2b: Grimmsnarl|Fake Out|p1a: Iron Bundle\n|-damage|p1a: Iron Bundle|87\/100\n|move|p2a: Sinistcha|Matcha Gotcha|p1a: Iron Bundle\n|-supereffective|p1a: Iron Bundle\n|-crit|p1a: Iron Bundle\n|-damage|p1a: Iron Bundle|0 fnt\n|-heal|p2a: Sinistcha|92\/100 psn|[from] drain|[of] p1a: Iron Bundle\n|faint|p1a: Iron Bundle\n|-end|p1a: Iron Bundle|Quark Drive|[silent]\n|\n|win|Stinkkkkkkkk\n|raw|KaWulf's rating: 1109 &rarr; <strong>1076<\/strong><br \/>(-33 for losing)\n|raw|Stinkkkkkkkk's rating: 1000 &rarr; <strong>1052<\/strong><br \/>(+52 for winning)\n|l|\u2606KaWulf\n","uploadtime":1698274067,"views":22,"p1id":"kawulf","p2id":"stinkkkkkkkk","formatid":"gen9doublesou","rating":1052,"private":0,"password":""}