{"id":"gen9doublesou-1987191426","p1":"Tisor","p2":"Dunkyn G.","format":"[Gen 9] Doubles OU","log":"|j|\u2606Tisor\n|j|\u2606Dunkyn G.\n|t:|1699563846\n|gametype|doubles\n|player|p1|Tisor|ethan|1452\n|player|p2|Dunkyn G.|2|1458\n|teamsize|p1|6\n|teamsize|p2|6\n|gen|9\n|tier|[Gen 9] Doubles OU\n|rated|\n|rule|Species Clause: Limit one of each Pok\u00e9mon\n|rule|OHKO Clause: OHKO moves are banned\n|rule|Evasion Moves Clause: Evasion moves are banned\n|rule|Gravity Sleep Clause: The combination of sleep-inducing moves with imperfect accuracy and Gravity or Gigantamax Orbeetle are banned\n|rule|Endless Battle Clause: Forcing endless battles is banned\n|rule|HP Percentage Mod: HP is shown in percentages\n|clearpoke\n|poke|p1|Chi-Yu|\n|poke|p1|Amoonguss, M|\n|poke|p1|Ninetales-Alola, F|\n|poke|p1|Torkoal, M|\n|poke|p1|Landorus-Therian, M|\n|poke|p1|Palafin, F|\n|poke|p2|Ogerpon-Wellspring, F|\n|poke|p2|Pelipper, F|\n|poke|p2|Palafin, F|\n|poke|p2|Tornadus, M|\n|poke|p2|Thundurus-Therian, M|\n|poke|p2|Kingambit, F|\n|teampreview\n|inactive|Battle timer is ON: inactive players will automatically lose when time's up. (requested by Dunkyn G.)\n|\n|t:|1699563858\n|start\n|switch|p1a: Palafin|Palafin, F|100\/100\n|switch|p1b: Torkoal|Torkoal, M|100\/100\n|switch|p2a: Pelipper|Pelipper, F|100\/100\n|switch|p2b: Tornadus|Tornadus, M|100\/100\n|-weather|RainDance|[from] ability: Drizzle|[of] p2a: Pelipper\n|-weather|SunnyDay|[from] ability: Drought|[of] p1b: Torkoal\n|turn|1\n|inactive|Tisor has 120 seconds left.\n|\n|t:|1699563890\n|switch|p1b: Amoonguss|Amoonguss, M|100\/100\n|move|p2b: Tornadus|Rain Dance|p2b: Tornadus\n|-weather|RainDance\n|move|p1a: Palafin|Flip Turn|p2b: Tornadus\n|-damage|p2b: Tornadus|36\/100\n|-damage|p1a: Palafin|91\/100|[from] item: Life Orb\n|inactive|Tisor has 120 seconds left.\n|\n|t:|1699563897\n|detailschange|p1a: Palafin|Palafin-Hero, F\n|switch|p1a: Torkoal|Torkoal, M|100\/100|[from] Flip Turn\n|-weather|SunnyDay|[from] ability: Drought|[of] p1a: Torkoal\n|move|p2a: Pelipper|Hydro Pump|p1b: Amoonguss\n|-resisted|p1b: Amoonguss\n|-damage|p1b: Amoonguss|93\/100\n|\n|-weather|SunnyDay|[upkeep]\n|-heal|p1b: Amoonguss|99\/100|[from] item: Black Sludge\n|upkeep\n|turn|2\n|\n|t:|1699563913\n|move|p1b: Amoonguss|Rage Powder|p1b: Amoonguss\n|-singleturn|p1b: Amoonguss|move: Rage Powder\n|move|p2b: Tornadus|Rain Dance|p2b: Tornadus\n|-weather|RainDance\n|move|p2a: Pelipper|Hurricane|p1b: Amoonguss\n|-supereffective|p1b: Amoonguss\n|-damage|p1b: Amoonguss|39\/100\n|move|p1a: Torkoal|Eruption|p2a: Pelipper|[spread] p2a,p2b\n|-resisted|p2a: Pelipper\n|-damage|p2a: Pelipper|88\/100\n|-damage|p2b: Tornadus|14\/100\n|\n|-weather|RainDance|[upkeep]\n|-heal|p1b: Amoonguss|45\/100|[from] item: Black Sludge\n|upkeep\n|turn|3\n|\n|t:|1699563929\n|switch|p1b: Ninetales|Ninetales-Alola, F|100\/100\n|-weather|Snow|[from] ability: Snow Warning|[of] p1b: Ninetales\n|move|p2b: Tornadus|Tailwind|p2b: Tornadus\n|-sidestart|p2: Dunkyn G.|move: Tailwind\n|move|p2a: Pelipper|Hurricane|p1b: Ninetales|[miss]\n|-miss|p2a: Pelipper|p1b: Ninetales\n|move|p1a: Torkoal|Eruption|p2a: Pelipper|[spread] p2a,p2b\n|-resisted|p2a: Pelipper\n|-damage|p2a: Pelipper|66\/100\n|-damage|p2b: Tornadus|0 fnt\n|faint|p2b: Tornadus\n|\n|-weather|Snow|[upkeep]\n|upkeep\n|\n|t:|1699563949\n|switch|p2b: Ogerpon|Ogerpon-Wellspring, F|100\/100\n|turn|4\n|\n|t:|1699563966\n|switch|p2a: Palafin|Palafin, F|100\/100\n|switch|p1a: Landorus|Landorus-Therian, M|100\/100\n|-ability|p1a: Landorus|Intimidate|boost\n|-unboost|p2a: Palafin|atk|1\n|-unboost|p2b: Ogerpon|atk|1\n|move|p2b: Ogerpon|Ivy Cudgel|p1a: Landorus\n|-supereffective|p1a: Landorus\n|-damage|p1a: Landorus|11\/100\n|move|p1b: Ninetales|Aurora Veil|p1b: Ninetales\n|-sidestart|p1: Tisor|move: Aurora Veil\n|\n|-weather|Snow|[upkeep]\n|upkeep\n|turn|5\n|\n|t:|1699563986\n|move|p2a: Palafin|Jet Punch|p1a: Landorus\n|-supereffective|p1a: Landorus\n|-damage|p1a: Landorus|0 fnt\n|faint|p1a: Landorus\n|-damage|p2a: Palafin|91\/100|[from] item: Life Orb\n|move|p2b: Ogerpon|Ivy Cudgel|p1b: Ninetales\n|-damage|p1b: Ninetales|75\/100\n|move|p1b: Ninetales|Weather Ball|p2b: Ogerpon\n|-crit|p2b: Ogerpon\n|-damage|p2b: Ogerpon|45\/100\n|\n|-weather|Snow|[upkeep]\n|upkeep\n|\n|t:|1699563995\n|switch|p1a: Amoonguss|Amoonguss, M|79\/100\n|turn|6\n|\n|t:|1699564004\n|move|p2b: Ogerpon|Follow Me|p2b: Ogerpon\n|-singleturn|p2b: Ogerpon|move: Follow Me\n|move|p2a: Palafin|Flip Turn|p1a: Amoonguss\n|-resisted|p1a: Amoonguss\n|-damage|p1a: Amoonguss|74\/100\n|-damage|p2a: Palafin|81\/100|[from] item: Life Orb\n|\n|t:|1699564012\n|detailschange|p2a: Palafin|Palafin-Hero, F\n|switch|p2a: Kingambit|Kingambit, F|100\/100|[from] Flip Turn\n|move|p1b: Ninetales|Weather Ball|p2b: Ogerpon\n|-damage|p2b: Ogerpon|9\/100\n|move|p1a: Amoonguss|Spore|p2b: Ogerpon\n|-immune|p2b: Ogerpon\n|\n|-weather|Snow|[upkeep]\n|-heal|p1a: Amoonguss|81\/100|[from] item: Black Sludge\n|-sideend|p2: Dunkyn G.|move: Tailwind\n|upkeep\n|turn|7\n|\n|t:|1699564028\n|move|p2b: Ogerpon|Spiky Shield|p2b: Ogerpon\n|-singleturn|p2b: Ogerpon|move: Protect\n|move|p1a: Amoonguss|Rage Powder|p1a: Amoonguss\n|-singleturn|p1a: Amoonguss|move: Rage Powder\n|move|p1b: Ninetales|Draining Kiss|p2a: Kingambit\n|-crit|p2a: Kingambit\n|-damage|p2a: Kingambit|72\/100\n|-heal|p1b: Ninetales|100\/100|[from] drain|[of] p2a: Kingambit\n|move|p2a: Kingambit|Iron Head|p1a: Amoonguss\n|-damage|p1a: Amoonguss|57\/100\n|\n|-weather|none\n|-heal|p1a: Amoonguss|63\/100|[from] item: Black Sludge\n|upkeep\n|turn|8\n|inactive|Dunkyn G. has 120 seconds left.\n|\n|t:|1699564060\n|switch|p2b: Palafin|Palafin-Hero, F|81\/100\n|-activate|p2b: Palafin|ability: Zero to Hero\n|switch|p1a: Torkoal|Torkoal, M|100\/100\n|-weather|SunnyDay|[from] ability: Drought|[of] p1a: Torkoal\n|move|p1b: Ninetales|Weather Ball|p2a: Kingambit\n|-supereffective|p2a: Kingambit\n|-damage|p2a: Kingambit|0 fnt\n|faint|p2a: Kingambit\n|\n|-weather|SunnyDay|[upkeep]\n|upkeep\n|inactive|Dunkyn G. has 120 seconds left.\n|\n|t:|1699564075\n|switch|p2a: Pelipper|Pelipper, F|66\/100\n|-weather|RainDance|[from] ability: Drizzle|[of] p2a: Pelipper\n|turn|9\n|inactive|Tisor has 120 seconds left.\n|\n|t:|1699564118\n|switch|p1a: Amoonguss|Amoonguss, M|96\/100\n|-terastallize|p2b: Palafin|Water\n|move|p2b: Palafin|Jet Punch|p1a: Amoonguss\n|-resisted|p1a: Amoonguss\n|-damage|p1a: Amoonguss|71\/100\n|-damage|p2b: Palafin|71\/100|[from] item: Life Orb\n|move|p1b: Ninetales|Draining Kiss|p2a: Pelipper\n|-damage|p2a: Pelipper|37\/100\n|move|p2a: Pelipper|Tailwind|p2a: Pelipper\n|-sidestart|p2: Dunkyn G.|move: Tailwind\n|\n|-weather|RainDance|[upkeep]\n|-heal|p1a: Amoonguss|77\/100|[from] item: Black Sludge\n|upkeep\n|turn|10\n|inactive|Tisor has 120 seconds left.\n|\n|t:|1699564139\n|switch|p2a: Thundurus|Thundurus-Therian, M|100\/100\n|switch|p1b: Torkoal|Torkoal, M|100\/100\n|-weather|SunnyDay|[from] ability: Drought|[of] p1b: Torkoal\n|move|p2b: Palafin|Ice Punch|p1a: Amoonguss\n|-supereffective|p1a: Amoonguss\n|-damage|p1a: Amoonguss|34\/100\n|-damage|p2b: Palafin|61\/100|[from] item: Life Orb\n|move|p1a: Amoonguss|Spore|p2b: Palafin\n|-status|p2b: Palafin|slp|[from] move: Spore\n|\n|-weather|SunnyDay|[upkeep]\n|-heal|p1a: Amoonguss|40\/100|[from] item: Black Sludge\n|upkeep\n|turn|11\n|inactive|Tisor has 120 seconds left.\n|\n|t:|1699564170\n|switch|p2b: Pelipper|Pelipper, F|37\/100\n|-weather|RainDance|[from] ability: Drizzle|[of] p2b: Pelipper\n|switch|p1a: Ninetales|Ninetales-Alola, F|100\/100\n|-weather|Snow|[from] ability: Snow Warning|[of] p1a: Ninetales\n|move|p2a: Thundurus|Wildbolt Storm|p1a: Ninetales|[spread] p1b\n|-miss|p2a: Thundurus|p1a: Ninetales\n|-damage|p1b: Torkoal|84\/100\n|-status|p1b: Torkoal|par\n|cant|p1b: Torkoal|par\n|\n|-weather|Snow|[upkeep]\n|-sideend|p1: Tisor|move: Aurora Veil\n|upkeep\n|turn|12\n|inactive|Tisor has 120 seconds left.\n|n|!Dunkyn G.|dunkyng\n|inactive|Dunkyn G. has 120 seconds left.\n|\n|t:|1699564210\n|switch|p2b: Palafin|Palafin-Hero, F, tera:Water|61\/100 slp\n|move|p2a: Thundurus|Protect|p2a: Thundurus\n|-singleturn|p2a: Thundurus|Protect\n|move|p1a: Ninetales|Aurora Veil|p1a: Ninetales\n|-sidestart|p1: Tisor|move: Aurora Veil\n|move|p1b: Torkoal|Eruption|p2a: Thundurus|[spread] p2b\n|-activate|p2a: Thundurus|move: Protect\n|-resisted|p2b: Palafin\n|-damage|p2b: Palafin|46\/100 slp\n|\n|-weather|Snow|[upkeep]\n|-sideend|p2: Dunkyn G.|move: Tailwind\n|upkeep\n|turn|13\n|\n|t:|1699564227\n|cant|p2b: Palafin|slp\n|move|p2a: Thundurus|Wildbolt Storm|p1b: Torkoal|[spread] p1a,p1b\n|-damage|p1a: Ninetales|65\/100\n|-damage|p1b: Torkoal|65\/100 par\n|-status|p1a: Ninetales|par\n|move|p1a: Ninetales|Weather Ball|p2a: Thundurus\n|-supereffective|p2a: Thundurus\n|-damage|p2a: Thundurus|0 fnt\n|faint|p2a: Thundurus\n|move|p1b: Torkoal|Body Press|p2b: Palafin\n|-crit|p2b: Palafin\n|-damage|p2b: Palafin|7\/100 slp\n|\n|-weather|Snow|[upkeep]\n|upkeep\n|inactive|Dunkyn G. has 120 seconds left.\n|\n|t:|1699564242\n|switch|p2a: Ogerpon|Ogerpon-Wellspring, F|9\/100\n|turn|14\n|\n|t:|1699564256\n|switch|p1a: Amoonguss|Amoonguss, M|74\/100\n|cant|p2b: Palafin|slp\n|move|p2a: Ogerpon|Ivy Cudgel|p1a: Amoonguss\n|-resisted|p1a: Amoonguss\n|-damage|p1a: Amoonguss|58\/100\n|cant|p1b: Torkoal|par\n|\n|-weather|Snow|[upkeep]\n|-heal|p1a: Amoonguss|64\/100|[from] item: Black Sludge\n|upkeep\n|turn|15\n|\n|t:|1699564275\n|cant|p2b: Palafin|slp\n|move|p2a: Ogerpon|Ivy Cudgel|p1b: Torkoal\n|-supereffective|p1b: Torkoal\n|-damage|p1b: Torkoal|10\/100 par\n|move|p1a: Amoonguss|Pollen Puff|p1b: Torkoal\n|-heal|p1b: Torkoal|60\/100 par\n|move|p1b: Torkoal|Eruption|p2b: Palafin|[spread] p2a,p2b\n|-resisted|p2b: Palafin\n|-damage|p2a: Ogerpon|0 fnt\n|-damage|p2b: Palafin|0 fnt\n|faint|p2a: Ogerpon\n|faint|p2b: Palafin\n|\n|-weather|none\n|-heal|p1a: Amoonguss|70\/100|[from] item: Black Sludge\n|upkeep\n|-message|Dunkyn G. forfeited.\n|\n|win|Tisor\n|raw|Tisor's rating: 1452 &rarr; <strong>1472<\/strong><br \/>(+20 for winning)\n|raw|Dunkyn G.'s rating: 1458 &rarr; <strong>1438<\/strong><br \/>(-20 for losing)\n|l|!Dunkyn G.\n","uploadtime":1699564202,"views":13,"p1id":"tisor","p2id":"dunkyng","formatid":"gen9doublesou","rating":1438,"private":0,"password":""}