{"id":"gen9doublesou-1993862272","p1":"lishuaoya","p2":"OPieceOfHeroGhost","format":"[Gen 9] Doubles OU","log":"|j|\u2606lishuaoya\n|j|\u2606OPieceOfHeroGhost\n|t:|1700366737\n|gametype|doubles\n|player|p1|lishuaoya|cynthia|1498\n|player|p2|OPieceOfHeroGhost|morty|1441\n|teamsize|p1|6\n|teamsize|p2|6\n|gen|9\n|tier|[Gen 9] Doubles OU\n|rated|\n|rule|Species Clause: Limit one of each Pok\u00e9mon\n|rule|OHKO Clause: OHKO moves are banned\n|rule|Evasion Moves Clause: Evasion moves are banned\n|rule|Gravity Sleep Clause: The combination of sleep-inducing moves with imperfect accuracy and Gravity or Gigantamax Orbeetle are banned\n|rule|Endless Battle Clause: Forcing endless battles is banned\n|rule|HP Percentage Mod: HP is shown in percentages\n|clearpoke\n|poke|p1|Indeedee-F, F|\n|poke|p1|Iron Hands|\n|poke|p1|Flutter Mane|\n|poke|p1|Armarouge, F|\n|poke|p1|Dusclops, F|\n|poke|p1|Ursaluna-Bloodmoon, M|\n|poke|p2|Ting-Lu|\n|poke|p2|Cresselia, F|\n|poke|p2|Landorus-Therian, M|\n|poke|p2|Flutter Mane|\n|poke|p2|Iron Hands|\n|poke|p2|Sinistcha-Masterpiece|\n|teampreview\n|inactive|Battle timer is ON: inactive players will automatically lose when time's up. (requested by lishuaoya)\n|inactive|lishuaoya has 120 seconds left.\n|\n|t:|1700366786\n|start\n|switch|p1a: Flutter Mane|Flutter Mane|100\/100\n|switch|p1b: Ursaluna|Ursaluna-Bloodmoon, M|100\/100\n|switch|p2a: \u5de7\u514b\u529b\u9762\u5305|Ting-Lu|100\/100\n|switch|p2b: \u53d1\u59d0\u5929\u4e0b\u65e0\u654c|Flutter Mane|100\/100\n|-ability|p2a: \u5de7\u514b\u529b\u9762\u5305|Vessel of Ruin\n|-enditem|p2b: \u53d1\u59d0\u5929\u4e0b\u65e0\u654c|Booster Energy\n|-activate|p2b: \u53d1\u59d0\u5929\u4e0b\u65e0\u654c|ability: Protosynthesis|[fromitem]\n|-start|p2b: \u53d1\u59d0\u5929\u4e0b\u65e0\u654c|protosynthesisspe\n|turn|1\n|\n|t:|1700366809\n|-terastallize|p1a: Flutter Mane|Fairy\n|move|p2b: \u53d1\u59d0\u5929\u4e0b\u65e0\u654c|Protect|p2b: \u53d1\u59d0\u5929\u4e0b\u65e0\u654c\n|-singleturn|p2b: \u53d1\u59d0\u5929\u4e0b\u65e0\u654c|Protect\n|move|p1a: Flutter Mane|Shadow Ball|p2b: \u53d1\u59d0\u5929\u4e0b\u65e0\u654c\n|-activate|p2b: \u53d1\u59d0\u5929\u4e0b\u65e0\u654c|move: Protect\n|move|p2a: \u5de7\u514b\u529b\u9762\u5305|Payback|p1a: Flutter Mane\n|-resisted|p1a: Flutter Mane\n|-damage|p1a: Flutter Mane|24\/100\n|move|p1b: Ursaluna|Hyper Voice|p2b: \u53d1\u59d0\u5929\u4e0b\u65e0\u654c|[spread] p2a\n|-activate|p2b: \u53d1\u59d0\u5929\u4e0b\u65e0\u654c|move: Protect\n|-damage|p2a: \u5de7\u514b\u529b\u9762\u5305|80\/100\n|\n|upkeep\n|turn|2\n|\n|t:|1700366834\n|-end|p1a: Flutter Mane|Protosynthesis|[silent]\n|switch|p1a: Indeedee|Indeedee-F, F, shiny|100\/100\n|-fieldstart|move: Psychic Terrain|[from] ability: Psychic Surge|[of] p1a: Indeedee\n|switch|p2a: \u4f60\u62cd\u4e00\uff0c\u6211\u62cd\u4e8c\uff0c\u5438\u53d6\u62f3\u6765\u4e92\u76f8\u5438|Iron Hands|100\/100\n|move|p2b: \u53d1\u59d0\u5929\u4e0b\u65e0\u654c|Dazzling Gleam|p1b: Ursaluna|[spread] p1a,p1b\n|-damage|p1a: Indeedee|75\/100\n|-damage|p1b: Ursaluna|68\/100\n|move|p1b: Ursaluna|Blood Moon|p2b: \u53d1\u59d0\u5929\u4e0b\u65e0\u654c\n|-damage|p2b: \u53d1\u59d0\u5929\u4e0b\u65e0\u654c|26\/100\n|\n|upkeep\n|turn|3\n|\n|t:|1700366862\n|move|p2b: \u53d1\u59d0\u5929\u4e0b\u65e0\u654c|Protect|p2b: \u53d1\u59d0\u5929\u4e0b\u65e0\u654c\n|-singleturn|p2b: \u53d1\u59d0\u5929\u4e0b\u65e0\u654c|Protect\n|move|p1a: Indeedee|Follow Me|p1a: Indeedee\n|-singleturn|p1a: Indeedee|move: Follow Me\n|move|p2a: \u4f60\u62cd\u4e00\uff0c\u6211\u62cd\u4e8c\uff0c\u5438\u53d6\u62f3\u6765\u4e92\u76f8\u5438|Drain Punch|p1a: Indeedee\n|-damage|p1a: Indeedee|28\/100\n|-damage|p2a: \u4f60\u62cd\u4e00\uff0c\u6211\u62cd\u4e8c\uff0c\u5438\u53d6\u62f3\u6765\u4e92\u76f8\u5438|84\/100|[from] item: Rocky Helmet|[of] p1a: Indeedee\n|move|p1b: Ursaluna|Hyper Voice|p2b: \u53d1\u59d0\u5929\u4e0b\u65e0\u654c|[spread] p2a\n|-activate|p2b: \u53d1\u59d0\u5929\u4e0b\u65e0\u654c|move: Protect\n|-damage|p2a: \u4f60\u62cd\u4e00\uff0c\u6211\u62cd\u4e8c\uff0c\u5438\u53d6\u62f3\u6765\u4e92\u76f8\u5438|65\/100\n|\n|upkeep\n|turn|4\n|\n|t:|1700366882\n|move|p1a: Indeedee|Follow Me|p1a: Indeedee\n|-singleturn|p1a: Indeedee|move: Follow Me\n|move|p2b: \u53d1\u59d0\u5929\u4e0b\u65e0\u654c|Dazzling Gleam|p1b: Ursaluna|[spread] p1a,p1b\n|-damage|p1a: Indeedee|3\/100\n|-damage|p1b: Ursaluna|36\/100\n|move|p2a: \u4f60\u62cd\u4e00\uff0c\u6211\u62cd\u4e8c\uff0c\u5438\u53d6\u62f3\u6765\u4e92\u76f8\u5438|Volt Switch|p1a: Indeedee\n|-damage|p1a: Indeedee|0 fnt\n|faint|p1a: Indeedee\n|inactive|OPieceOfHeroGhost has 120 seconds left.\n|\n|t:|1700366899\n|-end|p2a: \u4f60\u62cd\u4e00\uff0c\u6211\u62cd\u4e8c\uff0c\u5438\u53d6\u62f3\u6765\u4e92\u76f8\u5438|Quark Drive|[silent]\n|switch|p2a: \u5a01\u5413No.2|Landorus-Therian, M|100\/100|[from] Volt Switch\n|-ability|p2a: \u5a01\u5413No.2|Intimidate|boost\n|-unboost|p1b: Ursaluna|atk|1\n|move|p1b: Ursaluna|Hyper Voice|p2a: \u5a01\u5413No.2|[spread] p2a,p2b\n|-damage|p2a: \u5a01\u5413No.2|52\/100\n|-damage|p2b: \u53d1\u59d0\u5929\u4e0b\u65e0\u654c|0 fnt\n|faint|p2b: \u53d1\u59d0\u5929\u4e0b\u65e0\u654c\n|-end|p2b: \u53d1\u59d0\u5929\u4e0b\u65e0\u654c|Protosynthesis|[silent]\n|\n|upkeep\n|\n|t:|1700366910\n|switch|p2b: \u5de7\u514b\u529b\u9762\u5305|Ting-Lu|80\/100\n|switch|p1a: Dusclops|Dusclops, F, shiny|100\/100\n|-ability|p2b: \u5de7\u514b\u529b\u9762\u5305|Vessel of Ruin\n|-item|p2a: \u5a01\u5413No.2|Choice Scarf|[from] ability: Frisk|[of] p1a: Dusclops|[identify]\n|-item|p2b: \u5de7\u514b\u529b\u9762\u5305|Choice Band|[from] ability: Frisk|[of] p1a: Dusclops|[identify]\n|turn|5\n|\n|t:|1700366930\n|move|p1b: Ursaluna|Protect|p1b: Ursaluna\n|-singleturn|p1b: Ursaluna|Protect\n|move|p2a: \u5a01\u5413No.2|Stomping Tantrum|p1b: Ursaluna\n|-activate|p1b: Ursaluna|move: Protect\n|move|p2b: \u5de7\u514b\u529b\u9762\u5305|Stomping Tantrum|p1a: Dusclops\n|-damage|p1a: Dusclops|65\/100\n|move|p1a: Dusclops|Trick Room|p1a: Dusclops\n|-fieldstart|move: Trick Room|[of] p1a: Dusclops\n|\n|upkeep\n|turn|6\n|\n|t:|1700366952\n|switch|p2a: \u5df2\u5931\u4e00\u523b\uff0c\u4e00\u523b\u4e00\u523b\u4e00\u523b\uff01|Sinistcha-Masterpiece|100\/100\n|-heal|p2b: \u5de7\u514b\u529b\u9762\u5305|100\/100|[from] ability: Hospitality|[of] p2a: \u5df2\u5931\u4e00\u523b\uff0c\u4e00\u523b\u4e00\u523b\u4e00\u523b\uff01\n|move|p1a: Dusclops|Will-O-Wisp|p2a: \u5df2\u5931\u4e00\u523b\uff0c\u4e00\u523b\u4e00\u523b\u4e00\u523b\uff01\n|-status|p2a: \u5df2\u5931\u4e00\u523b\uff0c\u4e00\u523b\u4e00\u523b\u4e00\u523b\uff01|brn\n|move|p1b: Ursaluna|Hyper Voice|p2b: \u5de7\u514b\u529b\u9762\u5305|[spread] p2a,p2b\n|-damage|p2a: \u5df2\u5931\u4e00\u523b\uff0c\u4e00\u523b\u4e00\u523b\u4e00\u523b\uff01|68\/100 brn\n|-damage|p2b: \u5de7\u514b\u529b\u9762\u5305|80\/100\n|move|p2b: \u5de7\u514b\u529b\u9762\u5305|Stomping Tantrum|p1b: Ursaluna\n|-damage|p1b: Ursaluna|0 fnt\n|faint|p1b: Ursaluna\n|\n|-heal|p2a: \u5df2\u5931\u4e00\u523b\uff0c\u4e00\u523b\u4e00\u523b\u4e00\u523b\uff01|74\/100 brn|[from] item: Leftovers\n|-damage|p2a: \u5df2\u5931\u4e00\u523b\uff0c\u4e00\u523b\u4e00\u523b\u4e00\u523b\uff01|68\/100 brn|[from] brn\n|-fieldend|move: Psychic Terrain\n|upkeep\n|\n|t:|1700366965\n|switch|p1b: Iron Hands|Iron Hands, shiny|100\/100\n|turn|7\n|\n|t:|1700366978\n|switch|p2b: \u514b\u96f7\u80fd\u5426\u4e0e\u6211\u4e8e\u6625\u68a6\u4e00\u6e38\uff1f|Cresselia, F|100\/100\n|move|p1a: Dusclops|Will-O-Wisp|p2b: \u514b\u96f7\u80fd\u5426\u4e0e\u6211\u4e8e\u6625\u68a6\u4e00\u6e38\uff1f\n|-status|p2b: \u514b\u96f7\u80fd\u5426\u4e0e\u6211\u4e8e\u6625\u68a6\u4e00\u6e38\uff1f|brn\n|move|p1b: Iron Hands|Drain Punch|p2b: \u514b\u96f7\u80fd\u5426\u4e0e\u6211\u4e8e\u6625\u68a6\u4e00\u6e38\uff1f\n|-resisted|p2b: \u514b\u96f7\u80fd\u5426\u4e0e\u6211\u4e8e\u6625\u68a6\u4e00\u6e38\uff1f\n|-damage|p2b: \u514b\u96f7\u80fd\u5426\u4e0e\u6211\u4e8e\u6625\u68a6\u4e00\u6e38\uff1f|86\/100 brn\n|-damage|p1b: Iron Hands|84\/100|[from] item: Rocky Helmet|[of] p2b: \u514b\u96f7\u80fd\u5426\u4e0e\u6211\u4e8e\u6625\u68a6\u4e00\u6e38\uff1f\n|move|p2a: \u5df2\u5931\u4e00\u523b\uff0c\u4e00\u523b\u4e00\u523b\u4e00\u523b\uff01|Nasty Plot|p2a: \u5df2\u5931\u4e00\u523b\uff0c\u4e00\u523b\u4e00\u523b\u4e00\u523b\uff01\n|-boost|p2a: \u5df2\u5931\u4e00\u523b\uff0c\u4e00\u523b\u4e00\u523b\u4e00\u523b\uff01|spa|2\n|\n|-heal|p2a: \u5df2\u5931\u4e00\u523b\uff0c\u4e00\u523b\u4e00\u523b\u4e00\u523b\uff01|74\/100 brn|[from] item: Leftovers\n|-damage|p2a: \u5df2\u5931\u4e00\u523b\uff0c\u4e00\u523b\u4e00\u523b\u4e00\u523b\uff01|68\/100 brn|[from] brn\n|-damage|p2b: \u514b\u96f7\u80fd\u5426\u4e0e\u6211\u4e8e\u6625\u68a6\u4e00\u6e38\uff1f|80\/100 brn|[from] brn\n|upkeep\n|turn|8\n|\n|t:|1700367004\n|move|p1a: Dusclops|Pain Split|p2a: \u5df2\u5931\u4e00\u523b\uff0c\u4e00\u523b\u4e00\u523b\u4e00\u523b\uff01\n|-sethp|p2a: \u5df2\u5931\u4e00\u523b\uff0c\u4e00\u523b\u4e00\u523b\u4e00\u523b\uff01|55\/100 brn|[from] move: Pain Split|[silent]\n|-sethp|p1a: Dusclops|85\/100|[from] move: Pain Split\n|move|p1b: Iron Hands|Ice Punch|p2a: \u5df2\u5931\u4e00\u523b\uff0c\u4e00\u523b\u4e00\u523b\u4e00\u523b\uff01\n|-supereffective|p2a: \u5df2\u5931\u4e00\u523b\uff0c\u4e00\u523b\u4e00\u523b\u4e00\u523b\uff01\n|-damage|p2a: \u5df2\u5931\u4e00\u523b\uff0c\u4e00\u523b\u4e00\u523b\u4e00\u523b\uff01|9\/100 brn\n|move|p2a: \u5df2\u5931\u4e00\u523b\uff0c\u4e00\u523b\u4e00\u523b\u4e00\u523b\uff01|Matcha Gotcha|p1a: Dusclops|[spread] p1a,p1b\n|-damage|p1a: Dusclops|54\/100\n|-heal|p2a: \u5df2\u5931\u4e00\u523b\uff0c\u4e00\u523b\u4e00\u523b\u4e00\u523b\uff01|19\/100 brn|[from] drain|[of] p1a: Dusclops\n|-damage|p1b: Iron Hands|51\/100\n|-heal|p2a: \u5df2\u5931\u4e00\u523b\uff0c\u4e00\u523b\u4e00\u523b\u4e00\u523b\uff01|43\/100 brn|[from] drain|[of] p1b: Iron Hands\n|move|p2b: \u514b\u96f7\u80fd\u5426\u4e0e\u6211\u4e8e\u6625\u68a6\u4e00\u6e38\uff1f|Lunar Blessing|p2b: \u514b\u96f7\u80fd\u5426\u4e0e\u6211\u4e8e\u6625\u68a6\u4e00\u6e38\uff1f|[spread] p2a,p2b\n|-heal|p2a: \u5df2\u5931\u4e00\u523b\uff0c\u4e00\u523b\u4e00\u523b\u4e00\u523b\uff01|68\/100 brn\n|-curestatus|p2a: \u5df2\u5931\u4e00\u523b\uff0c\u4e00\u523b\u4e00\u523b\u4e00\u523b\uff01|brn|[msg]\n|-heal|p2b: \u514b\u96f7\u80fd\u5426\u4e0e\u6211\u4e8e\u6625\u68a6\u4e00\u6e38\uff1f|100\/100 brn\n|-curestatus|p2b: \u514b\u96f7\u80fd\u5426\u4e0e\u6211\u4e8e\u6625\u68a6\u4e00\u6e38\uff1f|brn|[msg]\n|\n|-heal|p2a: \u5df2\u5931\u4e00\u523b\uff0c\u4e00\u523b\u4e00\u523b\u4e00\u523b\uff01|74\/100|[from] item: Leftovers\n|upkeep\n|turn|9\n|\n|t:|1700367031\n|move|p1a: Dusclops|Pain Split|p2a: \u5df2\u5931\u4e00\u523b\uff0c\u4e00\u523b\u4e00\u523b\u4e00\u523b\uff01\n|-sethp|p2a: \u5df2\u5931\u4e00\u523b\uff0c\u4e00\u523b\u4e00\u523b\u4e00\u523b\uff01|55\/100|[from] move: Pain Split|[silent]\n|-sethp|p1a: Dusclops|84\/100|[from] move: Pain Split\n|move|p1b: Iron Hands|Ice Punch|p2a: \u5df2\u5931\u4e00\u523b\uff0c\u4e00\u523b\u4e00\u523b\u4e00\u523b\uff01\n|-supereffective|p2a: \u5df2\u5931\u4e00\u523b\uff0c\u4e00\u523b\u4e00\u523b\u4e00\u523b\uff01\n|-damage|p2a: \u5df2\u5931\u4e00\u523b\uff0c\u4e00\u523b\u4e00\u523b\u4e00\u523b\uff01|10\/100\n|-status|p2a: \u5df2\u5931\u4e00\u523b\uff0c\u4e00\u523b\u4e00\u523b\u4e00\u523b\uff01|frz\n|-curestatus|p2a: \u5df2\u5931\u4e00\u523b\uff0c\u4e00\u523b\u4e00\u523b\u4e00\u523b\uff01|frz|[from] move: Matcha Gotcha\n|move|p2a: \u5df2\u5931\u4e00\u523b\uff0c\u4e00\u523b\u4e00\u523b\u4e00\u523b\uff01|Matcha Gotcha|p1b: Iron Hands|[spread] p1a,p1b\n|-damage|p1a: Dusclops|53\/100\n|-heal|p2a: \u5df2\u5931\u4e00\u523b\uff0c\u4e00\u523b\u4e00\u523b\u4e00\u523b\uff01|21\/100|[from] drain|[of] p1a: Dusclops\n|-damage|p1b: Iron Hands|18\/100\n|-heal|p2a: \u5df2\u5931\u4e00\u523b\uff0c\u4e00\u523b\u4e00\u523b\u4e00\u523b\uff01|45\/100|[from] drain|[of] p1b: Iron Hands\n|move|p2b: \u514b\u96f7\u80fd\u5426\u4e0e\u6211\u4e8e\u6625\u68a6\u4e00\u6e38\uff1f|Lunar Blessing|p2b: \u514b\u96f7\u80fd\u5426\u4e0e\u6211\u4e8e\u6625\u68a6\u4e00\u6e38\uff1f|[spread] p2a,p2b\n|-heal|p2a: \u5df2\u5931\u4e00\u523b\uff0c\u4e00\u523b\u4e00\u523b\u4e00\u523b\uff01|70\/100\n|\n|-heal|p2a: \u5df2\u5931\u4e00\u523b\uff0c\u4e00\u523b\u4e00\u523b\u4e00\u523b\uff01|76\/100|[from] item: Leftovers\n|-fieldend|move: Trick Room\n|upkeep\n|turn|10\n|\n|t:|1700367060\n|move|p2b: \u514b\u96f7\u80fd\u5426\u4e0e\u6211\u4e8e\u6625\u68a6\u4e00\u6e38\uff1f|Calm Mind|p2b: \u514b\u96f7\u80fd\u5426\u4e0e\u6211\u4e8e\u6625\u68a6\u4e00\u6e38\uff1f\n|-boost|p2b: \u514b\u96f7\u80fd\u5426\u4e0e\u6211\u4e8e\u6625\u68a6\u4e00\u6e38\uff1f|spa|1\n|-boost|p2b: \u514b\u96f7\u80fd\u5426\u4e0e\u6211\u4e8e\u6625\u68a6\u4e00\u6e38\uff1f|spd|1\n|move|p2a: \u5df2\u5931\u4e00\u523b\uff0c\u4e00\u523b\u4e00\u523b\u4e00\u523b\uff01|Matcha Gotcha|p1b: Iron Hands|[spread] p1a,p1b\n|-damage|p1a: Dusclops|17\/100\n|-heal|p2a: \u5df2\u5931\u4e00\u523b\uff0c\u4e00\u523b\u4e00\u523b\u4e00\u523b\uff01|88\/100|[from] drain|[of] p1a: Dusclops\n|-damage|p1b: Iron Hands|0 fnt\n|-heal|p2a: \u5df2\u5931\u4e00\u523b\uff0c\u4e00\u523b\u4e00\u523b\u4e00\u523b\uff01|100\/100|[from] drain|[of] p1b: Iron Hands\n|faint|p1b: Iron Hands\n|-end|p1b: Iron Hands|Quark Drive|[silent]\n|move|p1a: Dusclops|Pain Split|p2b: \u514b\u96f7\u80fd\u5426\u4e0e\u6211\u4e8e\u6625\u68a6\u4e00\u6e38\uff1f\n|-sethp|p2b: \u514b\u96f7\u80fd\u5426\u4e0e\u6211\u4e8e\u6625\u68a6\u4e00\u6e38\uff1f|55\/100|[from] move: Pain Split|[silent]\n|-sethp|p1a: Dusclops|100\/100|[from] move: Pain Split\n|\n|upkeep\n|\n|t:|1700367069\n|switch|p1b: Flutter Mane|Flutter Mane, tera:Fairy|24\/100\n|turn|11\n|\n|t:|1700367086\n|-terastallize|p2a: \u5df2\u5931\u4e00\u523b\uff0c\u4e00\u523b\u4e00\u523b\u4e00\u523b\uff01|Fire\n|move|p1b: Flutter Mane|Shadow Ball|p2a: \u5df2\u5931\u4e00\u523b\uff0c\u4e00\u523b\u4e00\u523b\u4e00\u523b\uff01\n|-damage|p2a: \u5df2\u5931\u4e00\u523b\uff0c\u4e00\u523b\u4e00\u523b\u4e00\u523b\uff01|18\/100\n|move|p2b: \u514b\u96f7\u80fd\u5426\u4e0e\u6211\u4e8e\u6625\u68a6\u4e00\u6e38\uff1f|Calm Mind|p2b: \u514b\u96f7\u80fd\u5426\u4e0e\u6211\u4e8e\u6625\u68a6\u4e00\u6e38\uff1f\n|-boost|p2b: \u514b\u96f7\u80fd\u5426\u4e0e\u6211\u4e8e\u6625\u68a6\u4e00\u6e38\uff1f|spa|1\n|-boost|p2b: \u514b\u96f7\u80fd\u5426\u4e0e\u6211\u4e8e\u6625\u68a6\u4e00\u6e38\uff1f|spd|1\n|move|p2a: \u5df2\u5931\u4e00\u523b\uff0c\u4e00\u523b\u4e00\u523b\u4e00\u523b\uff01|Matcha Gotcha|p1b: Flutter Mane|[spread] p1b\n|-miss|p2a: \u5df2\u5931\u4e00\u523b\uff0c\u4e00\u523b\u4e00\u523b\u4e00\u523b\uff01|p1a: Dusclops\n|-damage|p1b: Flutter Mane|0 fnt\n|-heal|p2a: \u5df2\u5931\u4e00\u523b\uff0c\u4e00\u523b\u4e00\u523b\u4e00\u523b\uff01|27\/100|[from] drain|[of] p1b: Flutter Mane\n|faint|p1b: Flutter Mane\n|-end|p1b: Flutter Mane|Protosynthesis|[silent]\n|move|p1a: Dusclops|Pain Split|p1: Flutter Mane|[notarget]\n|-fail|p1a: Dusclops\n|\n|-heal|p2a: \u5df2\u5931\u4e00\u523b\uff0c\u4e00\u523b\u4e00\u523b\u4e00\u523b\uff01|33\/100|[from] item: Leftovers\n|upkeep\n|-message|lishuaoya forfeited.\n|\n|win|OPieceOfHeroGhost\n|raw|lishuaoya's rating: 1498 &rarr; <strong>1475<\/strong><br \/>(-23 for losing)\n|raw|OPieceOfHeroGhost's rating: 1441 &rarr; <strong>1464<\/strong><br \/>(+23 for winning)\n|l|\u2606lishuaoya\n","uploadtime":1700367108,"views":5,"p1id":"lishuaoya","p2id":"opieceofheroghost","formatid":"gen9doublesou","rating":1464,"private":0,"password":""}