{"id":"gen9doublesou-1978764077","p1":"csgoAFK","p2":"bluecrushe","format":"[Gen 9] Doubles OU","log":"|j|\u2606csgoAFK\n|j|\u2606bluecrushe\n|inactive|Battle timer is ON: inactive players will automatically lose when time's up.\n|t:|1698592325\n|gametype|doubles\n|player|p1|csgoAFK|steven|\n|player|p2|bluecrushe|acerola|\n|teamsize|p1|6\n|teamsize|p2|6\n|gen|9\n|tier|[Gen 9] Doubles OU\n|rated|Tournament battle\n|rule|Species Clause: Limit one of each Pok\u00e9mon\n|rule|OHKO Clause: OHKO moves are banned\n|rule|Evasion Moves Clause: Evasion moves are banned\n|rule|Gravity Sleep Clause: The combination of sleep-inducing moves with imperfect accuracy and Gravity or Gigantamax Orbeetle are banned\n|rule|Endless Battle Clause: Forcing endless battles is banned\n|rule|HP Percentage Mod: HP is shown in percentages\n|clearpoke\n|poke|p1|Skuntank, M|\n|poke|p1|Gliscor, F|\n|poke|p1|Corvisquire, M|\n|poke|p1|Toxtricity, M|\n|poke|p1|Espathra, F|\n|poke|p1|Revavroom, F|\n|poke|p2|Lilligant-Hisui, F|\n|poke|p2|Charmeleon, F|\n|poke|p2|Baxcalibur, F|\n|poke|p2|Deerling, M|\n|poke|p2|Sneasler, M|\n|poke|p2|Tarountula, F|\n|teampreview\n|j|*Lady Monita \u263d\n|inactive|bluecrushe also wants the timer to be on.\n|c|\u2606bluecrushe|um what\n|inactive|csgoAFK has 120 seconds left.\n|c|\u2606csgoAFK|hf\n|c|\u2606bluecrushe|u2\n|c|\u2606csgoAFK|lmao\n|\n|t:|1698592383\n|start\n|switch|p1a: Toxtricity|Toxtricity, M|100\/100\n|switch|p1b: Gliscor|Gliscor, F|100\/100\n|switch|p2a: Charmeleon|Charmeleon, F|100\/100\n|switch|p2b: Lilligant|Lilligant-Hisui, F|100\/100\n|turn|1\n|\n|t:|1698592394\n|-terastallize|p1a: Toxtricity|Normal\n|move|p1b: Gliscor|Protect|p1b: Gliscor\n|-singleturn|p1b: Gliscor|Protect\n|move|p2b: Lilligant|Victory Dance|p2b: Lilligant\n|-boost|p2b: Lilligant|atk|1\n|-boost|p2b: Lilligant|def|1\n|-boost|p2b: Lilligant|spe|1\n|move|p2a: Charmeleon|Sunny Day|p2a: Charmeleon\n|-weather|SunnyDay\n|move|p1a: Toxtricity|Boomburst|p2a: Charmeleon|[spread] p2a,p2b\n|-activate|p1b: Gliscor|move: Protect\n|-enditem|p2a: Charmeleon|Focus Sash\n|-damage|p2a: Charmeleon|1\/100\n|-enditem|p2b: Lilligant|Focus Sash\n|-damage|p2b: Lilligant|1\/100\n|-enditem|p1a: Toxtricity|Throat Spray\n|-boost|p1a: Toxtricity|spa|1|[from] item: Throat Spray\n|\n|-weather|SunnyDay|[upkeep]\n|-damage|p2a: Charmeleon|0 fnt|[from] ability: Solar Power|[of] p2a: Charmeleon\n|faint|p2a: Charmeleon\n|-status|p1b: Gliscor|tox|[from] item: Toxic Orb\n|upkeep\n|c|\u2606bluecrushe|huh\n|c|\u2606bluecrushe|my showdowns glit jy\n|j| larssie262\n|c|\u2606bluecrushe|glitchy\n|inactive|bluecrushe has 120 seconds left.\n|\n|t:|1698592424\n|switch|p2a: Deerling|Deerling, M|100\/100\n|turn|2\n|inactive|bluecrushe has 120 seconds left.\n|inactive|csgoAFK has 120 seconds left.\n|\n|t:|1698592469\n|move|p1a: Toxtricity|Protect|p1a: Toxtricity\n|-singleturn|p1a: Toxtricity|Protect\n|move|p2b: Lilligant|Close Combat|p1a: Toxtricity\n|-activate|p1a: Toxtricity|move: Protect\n|move|p2a: Deerling|Play Rough|p1b: Gliscor\n|-damage|p1b: Gliscor|80\/100 tox\n|move|p1b: Gliscor|Earthquake|p2b: Lilligant|[spread] p2a,p2b\n|-activate|p1a: Toxtricity|move: Protect\n|-resisted|p2a: Deerling\n|-resisted|p2b: Lilligant\n|-damage|p2a: Deerling|66\/100\n|-damage|p2b: Lilligant|0 fnt\n|faint|p2b: Lilligant\n|\n|-weather|SunnyDay|[upkeep]\n|-heal|p1b: Gliscor|92\/100 tox|[from] ability: Poison Heal\n|upkeep\n|inactive|bluecrushe has 120 seconds left.\n|\n|t:|1698592482\n|switch|p2b: Sneasler|Sneasler, M|100\/100\n|turn|3\n|inactive|csgoAFK has 120 seconds left.\n|inactive|bluecrushe has 120 seconds left.\n|\n|t:|1698592503\n|move|p2a: Deerling|Zen Headbutt|p1a: Toxtricity\n|-damage|p1a: Toxtricity|75\/100\n|move|p2b: Sneasler|Close Combat|p1a: Toxtricity\n|-supereffective|p1a: Toxtricity\n|-damage|p1a: Toxtricity|0 fnt\n|-unboost|p2b: Sneasler|def|1\n|-unboost|p2b: Sneasler|spd|1\n|faint|p1a: Toxtricity\n|move|p1b: Gliscor|Earthquake|p2b: Sneasler|[spread] p2a,p2b\n|-resisted|p2a: Deerling\n|-supereffective|p2b: Sneasler\n|-crit|p2b: Sneasler\n|-damage|p2a: Deerling|31\/100\n|-enditem|p2b: Sneasler|Focus Sash\n|-damage|p2b: Sneasler|1\/100\n|\n|-weather|SunnyDay|[upkeep]\n|-heal|p1b: Gliscor|100\/100 tox|[from] ability: Poison Heal\n|upkeep\n|inactive|csgoAFK has 120 seconds left.\n|\n|t:|1698592514\n|switch|p1a: Corvisquire|Corvisquire, M|100\/100\n|turn|4\n|\n|t:|1698592523\n|move|p2b: Sneasler|Night Slash|p1b: Gliscor\n|-damage|p1b: Gliscor|74\/100 tox\n|move|p2a: Deerling|Wild Charge|p1a: Corvisquire\n|-supereffective|p1a: Corvisquire\n|-damage|p1a: Corvisquire|56\/100\n|-damage|p2a: Deerling|16\/100|[from] Recoil\n|move|p1b: Gliscor|Earthquake|p2a: Deerling|[spread] p2a,p2b\n|-immune|p1a: Corvisquire\n|-resisted|p2a: Deerling\n|-supereffective|p2b: Sneasler\n|-damage|p2a: Deerling|0 fnt\n|-damage|p2b: Sneasler|0 fnt\n|faint|p2a: Deerling\n|faint|p2b: Sneasler\n|move|p1a: Corvisquire|Tailwind|p1a: Corvisquire\n|-sidestart|p1: csgoAFK|move: Tailwind\n|\n|-weather|SunnyDay|[upkeep]\n|-heal|p1b: Gliscor|86\/100 tox|[from] ability: Poison Heal\n|upkeep\n|\n|t:|1698592531\n|switch|p2b: Tarountula|Tarountula, F|100\/100\n|switch|p2a: Baxcalibur|Baxcalibur, F|100\/100\n|turn|5\n|\n|t:|1698592556\n|move|p1b: Gliscor|Facade|p2a: Baxcalibur\n|-damage|p2a: Baxcalibur|68\/100\n|move|p1a: Corvisquire|Taunt|p2a: Baxcalibur\n|-start|p2a: Baxcalibur|move: Taunt\n|cant|p2a: Baxcalibur|move: Taunt|Dragon Dance\n|move|p2b: Tarountula|Sticky Web|p1a: Corvisquire\n|-sidestart|p1: csgoAFK|move: Sticky Web\n|\n|-weather|none\n|-heal|p1b: Gliscor|99\/100 tox|[from] ability: Poison Heal\n|upkeep\n|turn|6\n|inactive|bluecrushe has 120 seconds left.\n|\n|t:|1698592586\n|move|p1b: Gliscor|Facade|p2a: Baxcalibur\n|-damage|p2a: Baxcalibur|30\/100\n|move|p1a: Corvisquire|Brave Bird|p2b: Tarountula\n|-supereffective|p2b: Tarountula\n|-enditem|p2b: Tarountula|Focus Sash\n|-damage|p2b: Tarountula|1\/100\n|-damage|p1a: Corvisquire|36\/100|[from] Recoil\n|move|p2a: Baxcalibur|Icicle Spear|p1a: Corvisquire\n|-supereffective|p1a: Corvisquire\n|-damage|p1a: Corvisquire|6\/100\n|-supereffective|p1a: Corvisquire\n|-damage|p1a: Corvisquire|0 fnt\n|faint|p1a: Corvisquire\n|-hitcount|p1: Corvisquire|2\n|move|p2b: Tarountula|Spikes|p1b: Gliscor\n|-sidestart|p1: csgoAFK|Spikes\n|\n|-heal|p1b: Gliscor|100\/100 tox|[from] ability: Poison Heal\n|upkeep\n|\n|t:|1698592607\n|switch|p1a: Skuntank|Skuntank, M|100\/100\n|-activate|p1a: Skuntank|move: Sticky Web\n|-unboost|p1a: Skuntank|spe|1\n|-damage|p1a: Skuntank|88\/100|[from] Spikes\n|turn|7\n|\n|t:|1698592617\n|move|p1b: Gliscor|Protect|p1b: Gliscor\n|-singleturn|p1b: Gliscor|Protect\n|move|p1a: Skuntank|Explosion|p2a: Baxcalibur|[spread] p2a,p2b\n|-activate|p1b: Gliscor|move: Protect\n|-damage|p2a: Baxcalibur|0 fnt\n|-damage|p2b: Tarountula|0 fnt\n|faint|p1a: Skuntank\n|faint|p2a: Baxcalibur\n|faint|p2b: Tarountula\n|\n|win|csgoAFK\n|n|\u2606csgoAFK|csgoafk\n|n|\u2606bluecrushe|bluecrushe\n|n|*Lady Monita \u263d|ladymonita\n|n| larssie262|larssie262\n","uploadtime":1698592618,"views":23,"p1id":"csgoafk","p2id":"bluecrushe","formatid":"gen9doublesou","rating":0,"private":0,"password":""}