{"id":"gen9doublesou-1989107619","p1":"Supre333","p2":"Wookiemania","format":"[Gen 9] Doubles OU","log":"|j|\u2606Supre333\n|j|\u2606Wookiemania\n|t:|1699813007\n|gametype|doubles\n|player|p1|Supre333|hugh|1060\n|player|p2|Wookiemania|266|1098\n|teamsize|p1|6\n|teamsize|p2|6\n|gen|9\n|tier|[Gen 9] Doubles OU\n|rated|\n|rule|Species Clause: Limit one of each Pok\u00e9mon\n|rule|OHKO Clause: OHKO moves are banned\n|rule|Evasion Moves Clause: Evasion moves are banned\n|rule|Gravity Sleep Clause: The combination of sleep-inducing moves with imperfect accuracy and Gravity or Gigantamax Orbeetle are banned\n|rule|Endless Battle Clause: Forcing endless battles is banned\n|rule|HP Percentage Mod: HP is shown in percentages\n|clearpoke\n|poke|p1|Iron Hands|\n|poke|p1|Indeedee-F, F|\n|poke|p1|Armarouge, F|\n|poke|p1|Farigiraf, F|\n|poke|p1|Brute Bonnet|\n|poke|p1|Vikavolt, M|\n|poke|p2|Weezing, M|\n|poke|p2|Slaking, F|\n|poke|p2|Sinistcha-Masterpiece|\n|poke|p2|Baxcalibur, M|\n|poke|p2|Clefairy, M|\n|poke|p2|Bombirdier, M|\n|teampreview\n|\n|t:|1699813020\n|start\n|switch|p1a: Iron Hands|Iron Hands|100\/100\n|switch|p1b: Farigiraf|Farigiraf, F|100\/100\n|switch|p2a: Clefairy|Clefairy, M|100\/100\n|switch|p2b: Baxcalibur|Baxcalibur, M|100\/100\n|turn|1\n|\n|t:|1699813033\n|move|p1a: Iron Hands|Fake Out|p2b: Baxcalibur\n|-damage|p2b: Baxcalibur|84\/100\n|cant|p2b: Baxcalibur|flinch\n|move|p2a: Clefairy|Calm Mind|p2a: Clefairy\n|-boost|p2a: Clefairy|spa|1\n|-boost|p2a: Clefairy|spd|1\n|move|p1b: Farigiraf|Trick Room|p1b: Farigiraf\n|-fieldstart|move: Trick Room|[of] p1b: Farigiraf\n|\n|upkeep\n|turn|2\n|\n|t:|1699813050\n|move|p2a: Clefairy|Calm Mind|p2a: Clefairy\n|-boost|p2a: Clefairy|spa|1\n|-boost|p2a: Clefairy|spd|1\n|move|p1a: Iron Hands|Heavy Slam|p2a: Clefairy\n|-supereffective|p2a: Clefairy\n|-crit|p2a: Clefairy\n|-damage|p2a: Clefairy|0 fnt\n|faint|p2a: Clefairy\n|move|p1b: Farigiraf|Twin Beam|p2b: Baxcalibur\n|-damage|p2b: Baxcalibur|60\/100\n|-damage|p2b: Baxcalibur|35\/100\n|-hitcount|p2b: Baxcalibur|2\n|move|p2b: Baxcalibur|Snowscape|p2b: Baxcalibur\n|-weather|Snow\n|\n|-weather|Snow|[upkeep]\n|-heal|p2b: Baxcalibur|41\/100|[from] ability: Ice Body\n|upkeep\n|\n|t:|1699813073\n|switch|p2a: Sinistcha|Sinistcha-Masterpiece|100\/100\n|-heal|p2b: Baxcalibur|66\/100|[from] ability: Hospitality|[of] p2a: Sinistcha\n|turn|3\n|\n|t:|1699813087\n|-singleturn|p1a: Iron Hands|move: Focus Punch\n|move|p1b: Farigiraf|Twin Beam|p2a: Sinistcha\n|-damage|p2a: Sinistcha|76\/100\n|-damage|p2a: Sinistcha|50\/100\n|-hitcount|p2a: Sinistcha|2\n|move|p2a: Sinistcha|Reflect|p2a: Sinistcha\n|-sidestart|p2: Wookiemania|Reflect\n|move|p2b: Baxcalibur|Blizzard|p1b: Farigiraf|[spread] p1a,p1b\n|-crit|p1b: Farigiraf\n|-damage|p1a: Iron Hands|85\/100\n|-damage|p1b: Farigiraf|58\/100\n|-damage|p2b: Baxcalibur|56\/100|[from] item: Life Orb\n|cant|p1a: Iron Hands|Focus Punch|Focus Punch\n|\n|-weather|Snow|[upkeep]\n|-heal|p2b: Baxcalibur|62\/100|[from] ability: Ice Body\n|-heal|p2a: Sinistcha|56\/100|[from] item: Leftovers\n|upkeep\n|turn|4\n|\n|t:|1699813118\n|move|p1a: Iron Hands|Heavy Slam|p2b: Baxcalibur\n|-supereffective|p2b: Baxcalibur\n|-crit|p2b: Baxcalibur\n|-damage|p2b: Baxcalibur|32\/100\n|move|p1b: Farigiraf|Twin Beam|p2b: Baxcalibur\n|-damage|p2b: Baxcalibur|10\/100\n|-damage|p2b: Baxcalibur|0 fnt\n|faint|p2b: Baxcalibur\n|-hitcount|p2: Baxcalibur|2\n|move|p2a: Sinistcha|Matcha Gotcha|p1a: Iron Hands|[spread] p1b\n|-miss|p2a: Sinistcha|p1a: Iron Hands\n|-damage|p1b: Farigiraf|27\/100\n|-heal|p2a: Sinistcha|76\/100|[from] drain|[of] p1b: Farigiraf\n|-status|p1b: Farigiraf|brn\n|\n|-weather|Snow|[upkeep]\n|-heal|p2a: Sinistcha|82\/100|[from] item: Leftovers\n|-damage|p1b: Farigiraf|21\/100 brn|[from] brn\n|upkeep\n|\n|t:|1699813137\n|switch|p2b: Bombirdier|Bombirdier, M|100\/100\n|turn|5\n|\n|t:|1699813151\n|move|p1a: Iron Hands|Thunder Punch|p2b: Bombirdier\n|-supereffective|p2b: Bombirdier\n|-damage|p2b: Bombirdier|15\/100\n|-enditem|p2b: Bombirdier|Aguav Berry|[eat]\n|-heal|p2b: Bombirdier|48\/100|[from] item: Aguav Berry\n|move|p1b: Farigiraf|Thunderbolt|p2b: Bombirdier\n|-supereffective|p2b: Bombirdier\n|-damage|p2b: Bombirdier|0 fnt\n|faint|p2b: Bombirdier\n|move|p2a: Sinistcha|Matcha Gotcha|p1b: Farigiraf|[spread] p1a,p1b\n|-damage|p1a: Iron Hands|66\/100\n|-heal|p2a: Sinistcha|96\/100|[from] drain|[of] p1a: Iron Hands\n|-damage|p1b: Farigiraf|0 fnt\n|-heal|p2a: Sinistcha|100\/100|[from] drain|[of] p1b: Farigiraf\n|faint|p1b: Farigiraf\n|\n|-weather|Snow|[upkeep]\n|-fieldend|move: Trick Room\n|upkeep\n|\n|t:|1699813168\n|switch|p2b: Slaking|Slaking, F|100\/100\n|switch|p1b: Indeedee|Indeedee-F, F|100\/100\n|-fieldstart|move: Psychic Terrain|[from] ability: Psychic Surge|[of] p1b: Indeedee\n|-enditem|p1b: Indeedee|Psychic Seed\n|-boost|p1b: Indeedee|spd|1|[from] item: Psychic Seed\n|turn|6\n|\n|t:|1699813184\n|switch|p2a: Weezing|Weezing, M|100\/100\n|-ability|p2a: Weezing|Neutralizing Gas\n|-singleturn|p1a: Iron Hands|move: Focus Punch\n|move|p2b: Slaking|Bulldoze|p1b: Indeedee|[spread] p2a,p1a,p1b\n|-supereffective|p2a: Weezing\n|-supereffective|p1a: Iron Hands\n|-damage|p2a: Weezing|85\/100\n|-damage|p1a: Iron Hands|43\/100\n|-damage|p1b: Indeedee|73\/100\n|-unboost|p2a: Weezing|spe|1\n|-unboost|p1a: Iron Hands|spe|1\n|-unboost|p1b: Indeedee|spe|1\n|cant|p1a: Iron Hands|Focus Punch|Focus Punch\n|move|p1b: Indeedee|Trick Room|p1b: Indeedee\n|-fieldstart|move: Trick Room|[of] p1b: Indeedee\n|\n|-weather|none\n|upkeep\n|turn|7\n|\n|t:|1699813215\n|-singleturn|p1a: Iron Hands|move: Focus Punch\n|move|p1b: Indeedee|Follow Me|p1b: Indeedee\n|-singleturn|p1b: Indeedee|move: Follow Me\n|move|p2a: Weezing|Substitute|p2a: Weezing\n|-start|p2a: Weezing|Substitute\n|-damage|p2a: Weezing|60\/100\n|move|p2b: Slaking|Knock Off|p1b: Indeedee\n|-supereffective|p1b: Indeedee\n|-damage|p1b: Indeedee|0 fnt\n|faint|p1b: Indeedee\n|move|p1a: Iron Hands|Focus Punch|p2b: Slaking\n|-supereffective|p2b: Slaking\n|-damage|p2b: Slaking|1\/100\n|\n|-sideend|p2: Wookiemania|Reflect\n|upkeep\n|\n|t:|1699813228\n|switch|p1b: Armarouge|Armarouge, F|100\/100\n|turn|8\n|\n|t:|1699813252\n|move|p1a: Iron Hands|Heavy Slam|p2a: Weezing\n|-end|p2a: Weezing|Substitute\n|move|p2a: Weezing|Rest|p2a: Weezing\n|-status|p2a: Weezing|slp|[from] move: Rest\n|-enditem|p2a: Weezing|Lum Berry|[eat]\n|-curestatus|p2a: Weezing|slp|[msg]\n|-heal|p2a: Weezing|100\/100|[silent]\n|move|p1b: Armarouge|Expanding Force|p2b: Slaking|[spread] p2a,p2b\n|-supereffective|p2a: Weezing\n|-damage|p2a: Weezing|0 fnt\n|-damage|p2b: Slaking|0 fnt\n|faint|p2a: Weezing\n|-end|p2a: Weezing|ability: Neutralizing Gas\n|faint|p2b: Slaking\n|\n|upkeep\n|\n|t:|1699813267\n|switch|p2b: Sinistcha|Sinistcha-Masterpiece|100\/100\n|turn|9\n|\n|t:|1699813273\n|move|p1a: Iron Hands|Heavy Slam|p2b: Sinistcha\n|-damage|p2b: Sinistcha|58\/100\n|move|p1b: Armarouge|Expanding Force|p2b: Sinistcha\n|-damage|p2b: Sinistcha|0 fnt\n|faint|p2b: Sinistcha\n|\n|win|Supre333\n|raw|Supre333's rating: 1060 &rarr; <strong>1094<\/strong><br \/>(+34 for winning)\n|raw|Wookiemania's rating: 1098 &rarr; <strong>1071<\/strong><br \/>(-27 for losing)\n|c|\u2606Supre333|Ggs\n|l|\u2606Wookiemania\n","uploadtime":1699813283,"views":15,"p1id":"supre333","p2id":"wookiemania","formatid":"gen9doublesou","rating":1071,"private":0,"password":""}