{"id":"gen9doublesou-1969661504","p1":"STABKILL","p2":"ghostly spectrum","format":"[Gen 9] Doubles OU","log":"|j|\u2606STABKILL\n|j|\u2606ghostly spectrum\n|t:|1697555744\n|gametype|doubles\n|player|p1|STABKILL|102|1081\n|player|p2|ghostly spectrum|caitlin|1092\n|teamsize|p1|6\n|teamsize|p2|6\n|gen|9\n|tier|[Gen 9] Doubles OU\n|rated|\n|rule|Species Clause: Limit one of each Pok\u00e9mon\n|rule|OHKO Clause: OHKO moves are banned\n|rule|Evasion Moves Clause: Evasion moves are banned\n|rule|Gravity Sleep Clause: The combination of sleep-inducing moves with imperfect accuracy and Gravity or Gigantamax Orbeetle are banned\n|rule|Endless Battle Clause: Forcing endless battles is banned\n|rule|HP Percentage Mod: HP is shown in percentages\n|clearpoke\n|poke|p1|Kommo-o, M|\n|poke|p1|Flamigo, M|\n|poke|p1|Sableye, M|\n|poke|p1|Oricorio-Pom-Pom, F|\n|poke|p1|Dudunsparce-*, M|\n|poke|p1|Jolteon, M|\n|poke|p2|Politoed, F|\n|poke|p2|Basculegion, M|\n|poke|p2|Regieleki|\n|poke|p2|Zapdos|\n|poke|p2|Gastrodon, M|\n|poke|p2|Lurantis, M|\n|teampreview\n|inactive|Battle timer is ON: inactive players will automatically lose when time's up. (requested by ghostly spectrum)\n|\n|t:|1697555774\n|start\n|switch|p1a: Dudunsparce|Dudunsparce-Three-Segment, M|100\/100\n|switch|p1b: Jolteon|Jolteon, M|100\/100\n|switch|p2a: Politoed|Politoed, F|100\/100\n|switch|p2b: Regieleki|Regieleki|100\/100\n|-weather|RainDance|[from] ability: Drizzle|[of] p2a: Politoed\n|turn|1\n|\n|t:|1697555794\n|-terastallize|p1a: Dudunsparce|Psychic\n|move|p2a: Politoed|Protect|p2a: Politoed\n|-singleturn|p2a: Politoed|Protect\n|move|p2b: Regieleki|Volt Switch|p1a: Dudunsparce\n|-damage|p1a: Dudunsparce|60\/100\n|\n|t:|1697555804\n|switch|p2b: Gastrodon|Gastrodon, M|100\/100|[from] Volt Switch\n|move|p1b: Jolteon|Pin Missile|p1a: Dudunsparce\n|-supereffective|p1a: Dudunsparce\n|-damage|p1a: Dudunsparce|54\/100\n|-ability|p1a: Dudunsparce|Rattled|boost\n|-boost|p1a: Dudunsparce|spe|1\n|-enditem|p1a: Dudunsparce|Weakness Policy\n|-boost|p1a: Dudunsparce|atk|2|[from] item: Weakness Policy\n|-boost|p1a: Dudunsparce|spa|2|[from] item: Weakness Policy\n|-supereffective|p1a: Dudunsparce\n|-damage|p1a: Dudunsparce|48\/100\n|-ability|p1a: Dudunsparce|Rattled|boost\n|-boost|p1a: Dudunsparce|spe|1\n|-supereffective|p1a: Dudunsparce\n|-damage|p1a: Dudunsparce|43\/100\n|-ability|p1a: Dudunsparce|Rattled|boost\n|-boost|p1a: Dudunsparce|spe|1\n|-supereffective|p1a: Dudunsparce\n|-damage|p1a: Dudunsparce|36\/100\n|-ability|p1a: Dudunsparce|Rattled|boost\n|-boost|p1a: Dudunsparce|spe|1\n|-supereffective|p1a: Dudunsparce\n|-damage|p1a: Dudunsparce|31\/100\n|-ability|p1a: Dudunsparce|Rattled|boost\n|-boost|p1a: Dudunsparce|spe|1\n|-hitcount|p1a: Dudunsparce|5\n|move|p1a: Dudunsparce|Coil|p1a: Dudunsparce\n|-boost|p1a: Dudunsparce|atk|1\n|-boost|p1a: Dudunsparce|def|1\n|-boost|p1a: Dudunsparce|accuracy|1\n|\n|-weather|RainDance|[upkeep]\n|upkeep\n|turn|2\n|inactive|STABKILL has 120 seconds left.\n|\n|t:|1697555850\n|move|p1a: Dudunsparce|Stored Power|p2b: Gastrodon\n|-damage|p2b: Gastrodon|0 fnt\n|faint|p2b: Gastrodon\n|move|p1b: Jolteon|Volt Switch|p2a: Politoed\n|-supereffective|p2a: Politoed\n|-damage|p2a: Politoed|53\/100\n|\n|t:|1697555861\n|switch|p1b: Flamigo|Flamigo, M|100\/100|[from] Volt Switch\n|-copyboost|p1b: Flamigo|p1a: Dudunsparce|[from] ability: Costar\n|move|p2a: Politoed|Haze|p2a: Politoed\n|-clearallboost\n|\n|-weather|RainDance|[upkeep]\n|upkeep\n|\n|t:|1697555866\n|switch|p2b: Regieleki|Regieleki|100\/100\n|turn|3\n|inactive|STABKILL has 120 seconds left.\n|\n|t:|1697555881\n|move|p1b: Flamigo|Wide Guard|p1b: Flamigo\n|-singleturn|p1b: Flamigo|Wide Guard\n|move|p2b: Regieleki|Electroweb|p1a: Dudunsparce|[spread] \n|-activate|p1a: Dudunsparce|move: Wide Guard\n|-activate|p1b: Flamigo|move: Wide Guard\n|move|p2a: Politoed|Icy Wind|p1a: Dudunsparce|[spread] \n|-activate|p1a: Dudunsparce|move: Wide Guard\n|-activate|p1b: Flamigo|move: Wide Guard\n|move|p1a: Dudunsparce|Ancient Power|p2b: Regieleki\n|-damage|p2b: Regieleki|81\/100\n|\n|-weather|RainDance|[upkeep]\n|upkeep\n|turn|4\n|\n|t:|1697555907\n|move|p1b: Flamigo|Wide Guard|p1b: Flamigo\n|-singleturn|p1b: Flamigo|Wide Guard\n|move|p2b: Regieleki|Volt Switch|p1b: Flamigo\n|-supereffective|p1b: Flamigo\n|-damage|p1b: Flamigo|0 fnt\n|faint|p1b: Flamigo\n|\n|t:|1697555918\n|switch|p2b: Basculegion|Basculegion, M|100\/100|[from] Volt Switch\n|move|p2a: Politoed|Surf|p1a: Dudunsparce|[spread] p2b\n|-activate|p1a: Dudunsparce|move: Wide Guard\n|-resisted|p2b: Basculegion\n|-damage|p2b: Basculegion|82\/100\n|move|p1a: Dudunsparce|Ancient Power|p2b: Basculegion\n|-damage|p2b: Basculegion|69\/100\n|\n|-weather|RainDance|[upkeep]\n|upkeep\n|inactive|STABKILL has 120 seconds left.\n|\n|t:|1697555937\n|switch|p1b: Sableye|Sableye, M|100\/100\n|turn|5\n|inactive|STABKILL has 120 seconds left.\n|inactive|STABKILL has 90 seconds left.\n|\n|t:|1697556004\n|move|p1b: Sableye|Disable|p2a: Politoed\n|-start|p2a: Politoed|Disable|Surf\n|move|p2b: Basculegion|Wave Crash|p1b: Sableye\n|-damage|p1b: Sableye|0 fnt\n|faint|p1b: Sableye\n|-damage|p2b: Basculegion|43\/100|[from] Recoil\n|-damage|p2b: Basculegion|33\/100|[from] item: Life Orb\n|cant|p2a: Politoed|Disable|Surf\n|move|p1a: Dudunsparce|Coil|p1a: Dudunsparce\n|-boost|p1a: Dudunsparce|atk|1\n|-boost|p1a: Dudunsparce|def|1\n|-boost|p1a: Dudunsparce|accuracy|1\n|\n|-weather|RainDance|[upkeep]\n|upkeep\n|inactive|STABKILL has 60 seconds left.\n|inactive|STABKILL has 30 seconds left.\n|inactive|STABKILL has 20 seconds left.\n|inactive|STABKILL has 15 seconds left.\n|inactive|STABKILL has 10 seconds left.\n|inactive|STABKILL has 5 seconds left.\n|-message|STABKILL lost due to inactivity.\n|\n|win|ghostly spectrum\n|raw|STABKILL's rating: 1081 &rarr; <strong>1060<\/strong><br \/>(-21 for losing)\n|raw|ghostly spectrum's rating: 1092 &rarr; <strong>1117<\/strong><br \/>(+25 for winning)\n","uploadtime":1697556092,"views":17,"p1id":"stabkill","p2id":"ghostlyspectrum","formatid":"gen9doublesou","rating":1060,"private":0,"password":""}