{"id":"gen9doublesou-1996605717","p1":"Kuzwa","p2":"MauritsB7","format":"[Gen 9] Doubles OU","log":"|j|\u2606Kuzwa\n|j|\u2606MauritsB7\n|t:|1700699752\n|gametype|doubles\n|player|p1|Kuzwa|kieran-festival|1354\n|player|p2|MauritsB7|101|1362\n|teamsize|p1|6\n|teamsize|p2|6\n|gen|9\n|tier|[Gen 9] Doubles OU\n|rated|\n|rule|Species Clause: Limit one of each Pok\u00e9mon\n|rule|OHKO Clause: OHKO moves are banned\n|rule|Evasion Moves Clause: Evasion moves are banned\n|rule|Gravity Sleep Clause: The combination of sleep-inducing moves with imperfect accuracy and Gravity or Gigantamax Orbeetle are banned\n|rule|Endless Battle Clause: Forcing endless battles is banned\n|rule|HP Percentage Mod: HP is shown in percentages\n|clearpoke\n|poke|p1|Chi-Yu|\n|poke|p1|Torkoal, M|\n|poke|p1|Glimmora, M|\n|poke|p1|Gallade, M|\n|poke|p1|Cinderace, M|\n|poke|p1|Gardevoir, F|\n|poke|p2|Weezing, M|\n|poke|p2|Roaring Moon|\n|poke|p2|Toedscruel, F|\n|poke|p2|Heatran, F|\n|poke|p2|Iron Bundle|\n|poke|p2|Iron Hands|\n|teampreview\n|inactive|Battle timer is ON: inactive players will automatically lose when time's up. (requested by Kuzwa)\n|\n|t:|1700699781\n|start\n|switch|p1a: Strega|Glimmora, M|100\/100\n|switch|p1b: Nyx|Gardevoir, F, shiny|100\/100\n|switch|p2a: Iron Hands|Iron Hands|100\/100\n|switch|p2b: Iron Bundle|Iron Bundle|100\/100\n|-item|p1a: Strega|Air Balloon\n|turn|1\n|\n|t:|1700699799\n|move|p2a: Iron Hands|Fake Out|p1b: Nyx\n|-damage|p1b: Nyx|77\/100\n|move|p2b: Iron Bundle|Hydro Pump|p1a: Strega\n|-supereffective|p1a: Strega\n|-damage|p1a: Strega|0 fnt\n|-enditem|p1a: Strega|Air Balloon\n|faint|p1a: Strega\n|cant|p1b: Nyx|flinch\n|\n|upkeep\n|\n|t:|1700699803\n|switch|p1a: Makoto Yuki|Gallade, M|100\/100\n|turn|2\n|inactive|MauritsB7 has 120 seconds left.\n|\n|t:|1700699841\n|-end|p2a: Iron Hands|Quark Drive|[silent]\n|switch|p2a: Heatran|Heatran, F|100\/100\n|move|p2b: Iron Bundle|Hydro Pump|p1a: Makoto Yuki|[miss]\n|-miss|p2b: Iron Bundle|p1a: Makoto Yuki\n|move|p1b: Nyx|Dazzling Gleam|p2a: Heatran|[spread] p2a,p2b\n|-resisted|p2a: Heatran\n|-damage|p2a: Heatran|93\/100\n|-damage|p2b: Iron Bundle|28\/100\n|move|p1a: Makoto Yuki|Trick Room|p1a: Makoto Yuki\n|-fieldstart|move: Trick Room|[of] p1a: Makoto Yuki\n|\n|upkeep\n|turn|3\n|inactive|MauritsB7 has 120 seconds left.\n|\n|t:|1700699869\n|-end|p2b: Iron Bundle|Quark Drive|[silent]\n|switch|p2b: Iron Hands|Iron Hands|100\/100\n|-terastallize|p2a: Heatran|Flying\n|move|p1a: Makoto Yuki|Sacred Sword|p2a: Heatran\n|-resisted|p2a: Heatran\n|-damage|p2a: Heatran|60\/100\n|move|p1b: Nyx|Dazzling Gleam|p2b: Iron Hands|[spread] p2a,p2b\n|-supereffective|p2b: Iron Hands\n|-damage|p2a: Heatran|27\/100\n|-damage|p2b: Iron Hands|57\/100\n|move|p2a: Heatran|Tera Blast|p1a: Makoto Yuki|[anim] Tera Blast Flying\n|-supereffective|p1a: Makoto Yuki\n|-enditem|p1a: Makoto Yuki|Focus Sash\n|-damage|p1a: Makoto Yuki|1\/100\n|-damage|p2a: Heatran|17\/100|[from] item: Life Orb\n|\n|upkeep\n|turn|4\n|inactive|MauritsB7 has 120 seconds left.\n|\n|t:|1700699912\n|move|p2b: Iron Hands|Volt Switch|p1a: Makoto Yuki\n|-damage|p1a: Makoto Yuki|0 fnt\n|faint|p1a: Makoto Yuki\n|\n|t:|1700699920\n|-end|p2b: Iron Hands|Quark Drive|[silent]\n|switch|p2b: Weezing|Weezing, M|100\/100|[from] Volt Switch\n|-ability|p2b: Weezing|Neutralizing Gas\n|move|p1b: Nyx|Dazzling Gleam|p2b: Weezing|[spread] p2a,p2b\n|-resisted|p2b: Weezing\n|-damage|p2a: Heatran|0 fnt\n|-damage|p2b: Weezing|84\/100\n|faint|p2a: Heatran\n|\n|upkeep\n|inactive|MauritsB7 has 120 seconds left.\n|inactive|MauritsB7 has 90 seconds left.\n|\n|t:|1700699977\n|switch|p1a: Tortissed|Torkoal, M|100\/100\n|switch|p2a: Roaring Moon|Roaring Moon|100\/100\n|-enditem|p2a: Roaring Moon|Booster Energy\n|-activate|p2a: Roaring Moon|ability: Protosynthesis|[fromitem]\n|-start|p2a: Roaring Moon|protosynthesisatk\n|turn|5\n|inactive|MauritsB7 has 90 seconds left.\n|\n|t:|1700699987\n|move|p2a: Roaring Moon|Protect|p2a: Roaring Moon\n|-singleturn|p2a: Roaring Moon|Protect\n|move|p1a: Tortissed|Eruption|p2b: Weezing|[spread] p2b\n|-activate|p2a: Roaring Moon|move: Protect\n|-damage|p2b: Weezing|36\/100\n|-enditem|p2b: Weezing|Sitrus Berry|[eat]\n|-heal|p2b: Weezing|60\/100|[from] item: Sitrus Berry\n|move|p1b: Nyx|Dazzling Gleam|p2b: Weezing|[spread] p2b\n|-activate|p2a: Roaring Moon|move: Protect\n|-resisted|p2b: Weezing\n|-damage|p2b: Weezing|44\/100\n|move|p2b: Weezing|Sludge Bomb|p1b: Nyx\n|-supereffective|p1b: Nyx\n|-damage|p1b: Nyx|25\/100\n|-status|p1b: Nyx|psn\n|\n|-damage|p1b: Nyx|13\/100 psn|[from] psn\n|upkeep\n|turn|6\n|\n|t:|1700700012\n|-end|p2a: Roaring Moon|Protosynthesis|[silent]\n|switch|p2a: Toedscruel|Toedscruel, F|100\/100\n|move|p1a: Tortissed|Eruption|p2a: Toedscruel|[spread] p2a,p2b\n|-supereffective|p2a: Toedscruel\n|-damage|p2a: Toedscruel|20\/100\n|-damage|p2b: Weezing|0 fnt\n|faint|p2b: Weezing\n|-end|p2b: Weezing|ability: Neutralizing Gas\n|-weather|SunnyDay|[from] ability: Drought|[of] p1a: Tortissed\n|move|p1b: Nyx|Dazzling Gleam|p2a: Toedscruel\n|-damage|p2a: Toedscruel|0 fnt\n|faint|p2a: Toedscruel\n|\n|-weather|SunnyDay|[upkeep]\n|-damage|p1b: Nyx|0 fnt|[from] psn\n|faint|p1b: Nyx\n|-fieldend|move: Trick Room\n|upkeep\n|\n|t:|1700700042\n|switch|p2a: Roaring Moon|Roaring Moon|100\/100\n|switch|p2b: Iron Hands|Iron Hands|57\/100\n|switch|p1b: Mortissed|Cinderace, M|100\/100\n|-activate|p2a: Roaring Moon|ability: Protosynthesis\n|-start|p2a: Roaring Moon|protosynthesisatk\n|turn|7\n|\n|t:|1700700057\n|move|p2b: Iron Hands|Fake Out|p1a: Tortissed\n|-damage|p1a: Tortissed|89\/100\n|move|p2a: Roaring Moon|Knock Off|p1b: Mortissed\n|-enditem|p1b: Mortissed|Focus Sash\n|-damage|p1b: Mortissed|1\/100\n|move|p1b: Mortissed|Pyro Ball|p2a: Roaring Moon|[miss]\n|-miss|p1b: Mortissed|p2a: Roaring Moon\n|cant|p1a: Tortissed|flinch\n|\n|-weather|SunnyDay|[upkeep]\n|upkeep\n|turn|8\n|inactive|MauritsB7 has 120 seconds left.\n|\n|t:|1700700080\n|move|p1b: Mortissed|Pyro Ball|p2a: Roaring Moon\n|-resisted|p2a: Roaring Moon\n|-damage|p2a: Roaring Moon|13\/100\n|-status|p2a: Roaring Moon|brn\n|move|p2a: Roaring Moon|Knock Off|p1a: Tortissed\n|-damage|p1a: Tortissed|62\/100\n|-enditem|p1a: Tortissed|Heat Rock|[from] move: Knock Off|[of] p2a: Roaring Moon\n|move|p2b: Iron Hands|Volt Switch|p1b: Mortissed\n|-damage|p1b: Mortissed|0 fnt\n|faint|p1b: Mortissed\n|\n|t:|1700700091\n|-end|p2b: Iron Hands|Quark Drive|[silent]\n|switch|p2b: Iron Bundle|Iron Bundle|28\/100|[from] Volt Switch\n|move|p1a: Tortissed|Eruption|p2b: Iron Bundle|[spread] p2a,p2b\n|-resisted|p2a: Roaring Moon\n|-damage|p2a: Roaring Moon|0 fnt\n|-damage|p2b: Iron Bundle|0 fnt\n|faint|p2a: Roaring Moon\n|-end|p2a: Roaring Moon|Protosynthesis|[silent]\n|faint|p2b: Iron Bundle\n|-end|p2b: Iron Bundle|Quark Drive|[silent]\n|\n|-weather|SunnyDay|[upkeep]\n|upkeep\n|\n|t:|1700700098\n|switch|p2b: Iron Hands|Iron Hands|57\/100\n|switch|p1b: Ryoji Mochizuki|Chi-Yu|100\/100\n|-ability|p1b: Ryoji Mochizuki|Beads of Ruin\n|turn|9\n|\n|t:|1700700108\n|-terastallize|p1b: Ryoji Mochizuki|Water\n|move|p1b: Ryoji Mochizuki|Lava Plume|p2b: Iron Hands|[spread] p1a,p2b\n|-resisted|p1a: Tortissed\n|-damage|p1a: Tortissed|22\/100\n|-damage|p2b: Iron Hands|16\/100\n|move|p2b: Iron Hands|Drain Punch|p1b: Ryoji Mochizuki\n|-damage|p1b: Ryoji Mochizuki|30\/100\n|-heal|p2b: Iron Hands|34\/100|[from] drain|[of] p1b: Ryoji Mochizuki\n|move|p1a: Tortissed|Eruption|p2b: Iron Hands\n|-damage|p2b: Iron Hands|15\/100\n|\n|-weather|SunnyDay|[upkeep]\n|upkeep\n|turn|10\n|inactive|MauritsB7 has 120 seconds left.\n|\n|t:|1700700143\n|move|p1b: Ryoji Mochizuki|Lava Plume|p2b: Iron Hands|[spread] p1a,p2b\n|-resisted|p1a: Tortissed\n|-damage|p1a: Tortissed|0 fnt\n|-damage|p2b: Iron Hands|0 fnt\n|faint|p1a: Tortissed\n|faint|p2b: Iron Hands\n|-end|p2b: Iron Hands|Quark Drive|[silent]\n|\n|win|Kuzwa\n|raw|Kuzwa's rating: 1354 &rarr; <strong>1374<\/strong><br \/>(+20 for winning)\n|raw|MauritsB7's rating: 1362 &rarr; <strong>1342<\/strong><br \/>(-20 for losing)\n","uploadtime":1700700148,"views":13,"p1id":"kuzwa","p2id":"mauritsb7","formatid":"gen9doublesou","rating":1342,"private":0,"password":""}