{"id":"gen9doublesou-1968525365","p1":"Josephiroth4","p2":"KranosAJ","format":"[Gen 9] Doubles OU","log":"|j|\u2606Josephiroth4\n|j|\u2606KranosAJ\n|t:|1697428456\n|gametype|doubles\n|player|p1|Josephiroth4|265|1039\n|player|p2|KranosAJ|lance|1000\n|teamsize|p1|5\n|teamsize|p2|6\n|gen|9\n|tier|[Gen 9] Doubles OU\n|rated|\n|rule|Species Clause: Limit one of each Pok\u00e9mon\n|rule|OHKO Clause: OHKO moves are banned\n|rule|Evasion Moves Clause: Evasion moves are banned\n|rule|Gravity Sleep Clause: The combination of sleep-inducing moves with imperfect accuracy and Gravity or Gigantamax Orbeetle are banned\n|rule|Endless Battle Clause: Forcing endless battles is banned\n|rule|HP Percentage Mod: HP is shown in percentages\n|clearpoke\n|poke|p1|Tinkaton, F|\n|poke|p1|Talonflame, F|\n|poke|p1|Dewott, M|\n|poke|p1|Gardevoir, F|\n|poke|p1|Dragonite, M|\n|poke|p2|Amoonguss, M|\n|poke|p2|Armarouge, M|\n|poke|p2|Torkoal, F|\n|poke|p2|Chien-Pao|\n|poke|p2|Grimmsnarl, M|\n|poke|p2|Flutter Mane|\n|teampreview\n|\n|t:|1697428475\n|start\n|switch|p1a: Talonflame|Talonflame, F, shiny|100\/100\n|switch|p1b: Dragonite|Dragonite, M|100\/100\n|switch|p2a: Amoonguss|Amoonguss, M, shiny|100\/100\n|switch|p2b: Torkoal|Torkoal, F|100\/100\n|-weather|SunnyDay|[from] ability: Drought|[of] p2b: Torkoal\n|-item|p2b: Torkoal|Air Balloon\n|turn|1\n|\n|t:|1697428494\n|move|p1a: Talonflame|Tailwind|p1a: Talonflame\n|-sidestart|p1: Josephiroth4|move: Tailwind\n|move|p1b: Dragonite|Rain Dance|p1b: Dragonite\n|-weather|RainDance\n|move|p2a: Amoonguss|Toxic|p1b: Dragonite\n|-status|p1b: Dragonite|tox\n|move|p2b: Torkoal|Smokescreen|p1b: Dragonite\n|-unboost|p1b: Dragonite|accuracy|1\n|\n|-weather|RainDance|[upkeep]\n|-damage|p1b: Dragonite|94\/100 tox|[from] psn\n|upkeep\n|turn|2\n|\n|t:|1697428511\n|move|p2a: Amoonguss|Protect|p2a: Amoonguss\n|-singleturn|p2a: Amoonguss|Protect\n|move|p1a: Talonflame|Hurricane|p2a: Amoonguss\n|-activate|p2a: Amoonguss|move: Protect\n|move|p1b: Dragonite|Earthquake|p2a: Amoonguss|[spread] \n|-activate|p2a: Amoonguss|move: Protect\n|-immune|p1a: Talonflame\n|-immune|p2b: Torkoal\n|move|p2b: Torkoal|Smokescreen|p1b: Dragonite\n|-unboost|p1b: Dragonite|accuracy|1\n|\n|-weather|RainDance|[upkeep]\n|-damage|p1b: Dragonite|82\/100 tox|[from] psn\n|upkeep\n|turn|3\n|\n|t:|1697428542\n|move|p1a: Talonflame|Hurricane|p2a: Amoonguss\n|-supereffective|p2a: Amoonguss\n|-damage|p2a: Amoonguss|39\/100\n|-enditem|p2a: Amoonguss|Sitrus Berry|[eat]\n|-heal|p2a: Amoonguss|64\/100|[from] item: Sitrus Berry\n|move|p1b: Dragonite|Thunder|p2b: Torkoal\n|-damage|p2b: Torkoal|60\/100\n|-status|p2b: Torkoal|par\n|-enditem|p2b: Torkoal|Air Balloon\n|move|p2a: Amoonguss|Substitute|p2a: Amoonguss\n|-start|p2a: Amoonguss|Substitute\n|-damage|p2a: Amoonguss|39\/100\n|move|p2b: Torkoal|Smokescreen|p1b: Dragonite\n|-unboost|p1b: Dragonite|accuracy|1\n|\n|-weather|RainDance|[upkeep]\n|-damage|p1b: Dragonite|63\/100 tox|[from] psn\n|upkeep\n|turn|4\n|\n|t:|1697428570\n|move|p1a: Talonflame|Defog||[still]\n|-fail|p1a: Talonflame\n|move|p1b: Dragonite|Earthquake|p2a: Amoonguss|[spread] \n|-immune|p1a: Talonflame\n|-miss|p1b: Dragonite|p2a: Amoonguss\n|-miss|p1b: Dragonite|p2b: Torkoal\n|move|p2a: Amoonguss|Toxic|p1a: Talonflame\n|-status|p1a: Talonflame|tox\n|cant|p2b: Torkoal|par\n|\n|-weather|RainDance|[upkeep]\n|-damage|p1a: Talonflame|94\/100 tox|[from] psn\n|-damage|p1b: Dragonite|39\/100 tox|[from] psn\n|-sideend|p1: Josephiroth4|move: Tailwind\n|upkeep\n|turn|5\n|\n|t:|1697428594\n|move|p2a: Amoonguss|Protect|p2a: Amoonguss\n|-singleturn|p2a: Amoonguss|Protect\n|move|p1a: Talonflame|Hurricane|p2a: Amoonguss\n|-activate|p2a: Amoonguss|move: Protect\n|move|p1b: Dragonite|Thunder|p2b: Torkoal\n|-damage|p2b: Torkoal|13\/100 par\n|move|p2b: Torkoal|Shell Smash|p2b: Torkoal\n|-unboost|p2b: Torkoal|def|1\n|-unboost|p2b: Torkoal|spd|1\n|-boost|p2b: Torkoal|atk|2\n|-boost|p2b: Torkoal|spa|2\n|-boost|p2b: Torkoal|spe|2\n|\n|-weather|none\n|-damage|p1a: Talonflame|82\/100 tox|[from] psn\n|-damage|p1b: Dragonite|8\/100 tox|[from] psn\n|upkeep\n|turn|6\n|\n|t:|1697428633\n|move|p1a: Talonflame|Tailwind|p1a: Talonflame\n|-sidestart|p1: Josephiroth4|move: Tailwind\n|move|p1b: Dragonite|Rain Dance|p1b: Dragonite\n|-weather|RainDance\n|move|p2a: Amoonguss|Giga Drain|p1b: Dragonite\n|-resisted|p1b: Dragonite\n|-damage|p1b: Dragonite|1\/100 tox\n|-heal|p2a: Amoonguss|42\/100|[from] drain|[of] p1b: Dragonite\n|move|p2b: Torkoal|Heat Crash|p1a: Talonflame\n|-resisted|p1a: Talonflame\n|-damage|p1a: Talonflame|63\/100 tox\n|\n|-weather|RainDance|[upkeep]\n|-damage|p1a: Talonflame|45\/100 tox|[from] psn\n|-damage|p1b: Dragonite|0 fnt|[from] psn\n|faint|p1b: Dragonite\n|upkeep\n|\n|t:|1697428656\n|switch|p1b: Gardevoir|Gardevoir, F|100\/100\n|turn|7\n|c|\u2606KranosAJ|Your playing well\n|\n|t:|1697428672\n|move|p1a: Talonflame|Flamethrower|p2a: Amoonguss\n|-supereffective|p2a: Amoonguss\n|-activate|p2a: Amoonguss|move: Substitute|[damage]\n|move|p1b: Gardevoir|Heal Pulse|p2b: Torkoal\n|-heal|p2b: Torkoal|63\/100 par\n|move|p2a: Amoonguss|Toxic|p1b: Gardevoir\n|-status|p1b: Gardevoir|tox\n|-activate|p1b: Gardevoir|ability: Synchronize\n|-immune|p2a: Amoonguss\n|cant|p2b: Torkoal|par\n|\n|-weather|RainDance|[upkeep]\n|-damage|p1a: Talonflame|21\/100 tox|[from] psn\n|-damage|p1b: Gardevoir|94\/100 tox|[from] psn\n|upkeep\n|turn|8\n|\n|t:|1697428701\n|move|p2a: Amoonguss|Protect|p2a: Amoonguss\n|-singleturn|p2a: Amoonguss|Protect\n|move|p1a: Talonflame|Hurricane|p2b: Torkoal\n|-damage|p2b: Torkoal|0 fnt\n|faint|p2b: Torkoal\n|move|p1b: Gardevoir|Heal Pulse|p1a: Talonflame\n|-heal|p1a: Talonflame|71\/100 tox\n|\n|-weather|RainDance|[upkeep]\n|-damage|p1a: Talonflame|41\/100 tox|[from] psn\n|-damage|p1b: Gardevoir|82\/100 tox|[from] psn\n|upkeep\n|\n|t:|1697428723\n|switch|p2b: Flutter Mane|Flutter Mane|100\/100\n|turn|9\n|\n|t:|1697428737\n|move|p1a: Talonflame|Hurricane|p2a: Amoonguss\n|-supereffective|p2a: Amoonguss\n|-end|p2a: Amoonguss|Substitute\n|move|p1b: Gardevoir|Heal Pulse|p1a: Talonflame\n|-heal|p1a: Talonflame|91\/100 tox\n|move|p2b: Flutter Mane|Perish Song|p2b: Flutter Mane\n|-start|p1a: Talonflame|perish3|[silent]\n|-start|p1b: Gardevoir|perish3|[silent]\n|-start|p2a: Amoonguss|perish3|[silent]\n|-start|p2b: Flutter Mane|perish3|[silent]\n|-fieldactivate|move: Perish Song\n|move|p2a: Amoonguss|Giga Drain|p1b: Gardevoir\n|-damage|p1b: Gardevoir|56\/100 tox\n|-heal|p2a: Amoonguss|52\/100|[from] drain|[of] p1b: Gardevoir\n|-enditem|p1b: Gardevoir|Eject Button\n|\n|t:|1697428754\n|switch|p1b: Dewott|Dewott, M, shiny|100\/100\n|\n|-weather|RainDance|[upkeep]\n|-damage|p1a: Talonflame|55\/100 tox|[from] psn\n|-start|p1a: Talonflame|perish3\n|-start|p2b: Flutter Mane|perish3\n|-start|p2a: Amoonguss|perish3\n|-sideend|p1: Josephiroth4|move: Tailwind\n|upkeep\n|turn|10\n|\n|t:|1697428769\n|move|p2b: Flutter Mane|Helping Hand|p2a: Amoonguss\n|-singleturn|p2a: Amoonguss|Helping Hand|[of] p2b: Flutter Mane\n|move|p1a: Talonflame|Tailwind|p1a: Talonflame\n|-sidestart|p1: Josephiroth4|move: Tailwind\n|move|p1b: Dewott|Swords Dance|p1b: Dewott\n|-boost|p1b: Dewott|atk|2\n|move|p2a: Amoonguss|Giga Drain|p1b: Dewott\n|-supereffective|p1b: Dewott\n|-damage|p1b: Dewott|35\/100\n|-heal|p2a: Amoonguss|78\/100|[from] drain|[of] p1b: Dewott\n|\n|-weather|none\n|-damage|p1a: Talonflame|12\/100 tox|[from] psn\n|-start|p1a: Talonflame|perish2\n|-start|p2b: Flutter Mane|perish2\n|-start|p2a: Amoonguss|perish2\n|upkeep\n|turn|11\n|l|\u2606KranosAJ\n|player|p2|\n|j|\u2606KranosAJ\n|player|p2|KranosAJ|lance\n|\n|t:|1697428829\n|move|p1a: Talonflame|Flamethrower|p2a: Amoonguss\n|-supereffective|p2a: Amoonguss\n|-damage|p2a: Amoonguss|32\/100\n|move|p2b: Flutter Mane|Perish Song|p2b: Flutter Mane\n|-start|p1b: Dewott|perish3|[silent]\n|-fieldactivate|move: Perish Song\n|move|p1b: Dewott|Night Slash|p2b: Flutter Mane\n|-damage|p2b: Flutter Mane|28\/100\n|move|p2a: Amoonguss|Giga Drain|p1b: Dewott\n|-supereffective|p1b: Dewott\n|-damage|p1b: Dewott|0 fnt\n|-heal|p2a: Amoonguss|46\/100|[from] drain|[of] p1b: Dewott\n|faint|p1b: Dewott\n|\n|-damage|p1a: Talonflame|0 fnt|[from] psn\n|faint|p1a: Talonflame\n|-start|p2b: Flutter Mane|perish1\n|-start|p2a: Amoonguss|perish1\n|upkeep\n|\n|t:|1697428845\n|switch|p1a: Gardevoir|Gardevoir, F|56\/100 tox\n|switch|p1b: Tinkaton|Tinkaton, F|100\/100\n|turn|12\n|\n|t:|1697428866\n|move|p1b: Tinkaton|Ice Hammer|p2a: Amoonguss\n|-supereffective|p2a: Amoonguss\n|-damage|p2a: Amoonguss|2\/100\n|-unboost|p1b: Tinkaton|spe|1\n|move|p2b: Flutter Mane|Perish Song|p2b: Flutter Mane\n|-start|p1a: Gardevoir|perish3|[silent]\n|-start|p1b: Tinkaton|perish3|[silent]\n|-fieldactivate|move: Perish Song\n|move|p2a: Amoonguss|Substitute|p2a: Amoonguss\n|-fail|p2a: Amoonguss|move: Substitute|[weak]\n|move|p1a: Gardevoir|Trick Room|p1a: Gardevoir\n|-fieldstart|move: Trick Room|[of] p1a: Gardevoir\n|\n|-damage|p1a: Gardevoir|50\/100 tox|[from] psn\n|-start|p2a: Amoonguss|perish0\n|-start|p2b: Flutter Mane|perish0\n|-start|p1a: Gardevoir|perish3\n|faint|p2a: Amoonguss\n|faint|p2b: Flutter Mane\n|-end|p2b: Flutter Mane|Protosynthesis|[silent]\n|-start|p1b: Tinkaton|perish3\n|upkeep\n|\n|t:|1697428895\n|switch|p2a: Armarouge|Armarouge, M|100\/100\n|switch|p2b: Chien-Pao|Chien-Pao|100\/100\n|-ability|p2b: Chien-Pao|Sword of Ruin\n|turn|13\n|\n|t:|1697428946\n|move|p2a: Armarouge|Fling|p1a: Gardevoir\n|-damage|p1a: Gardevoir|6\/100 tox\n|-enditem|p2a: Armarouge|Iron Ball|[from] move: Fling\n|move|p2b: Chien-Pao|Sacred Sword|p1b: Tinkaton\n|-damage|p1b: Tinkaton|49\/100\n|move|p1a: Gardevoir|Hyper Beam|p2a: Armarouge\n|-damage|p2a: Armarouge|32\/100\n|-mustrecharge|p1a: Gardevoir\n|move|p1b: Tinkaton|Skill Swap|p2a: Armarouge\n|-activate|p1b: Tinkaton|move: Skill Swap|Weak Armor|Pickpocket|[of] p2a: Armarouge\n|\n|-damage|p1a: Gardevoir|0 fnt|[from] psn\n|faint|p1a: Gardevoir\n|-start|p1b: Tinkaton|perish2\n|-sideend|p1: Josephiroth4|move: Tailwind\n|upkeep\n|turn|14\n|\n|t:|1697428972\n|move|p2a: Armarouge|Armor Cannon|p1b: Tinkaton\n|-supereffective|p1b: Tinkaton\n|-damage|p1b: Tinkaton|0 fnt\n|-unboost|p2a: Armarouge|def|1\n|-unboost|p2a: Armarouge|spd|1\n|faint|p1b: Tinkaton\n|\n|win|KranosAJ\n|raw|Josephiroth4's rating: 1039 &rarr; <strong>1021<\/strong><br \/>(-18 for losing)\n|raw|KranosAJ's rating: 1000 &rarr; <strong>1044<\/strong><br \/>(+44 for winning)\n|l|\u2606KranosAJ\n|c|\u2606Josephiroth4|GG\n|j|\u2606KranosAJ\n|player|p2|KranosAJ|lance\n|c|\u2606KranosAJ|Gg\n|l|\u2606Josephiroth4\n","uploadtime":1697428999,"views":21,"p1id":"josephiroth4","p2id":"kranosaj","formatid":"gen9doublesou","rating":1021,"private":0,"password":""}