{"id":"gen9doublesou-1969592468","p1":"ChildishMamba","p2":"Whetered","format":"[Gen 9] Doubles OU","log":"|j|\u2606ChildishMamba\n|j|\u2606Whetered\n|t:|1697550198\n|gametype|doubles\n|player|p1|ChildishMamba|170|1000\n|player|p2|Whetered|bugcatcher-gen4dp|1000\n|teamsize|p1|6\n|teamsize|p2|6\n|gen|9\n|tier|[Gen 9] Doubles OU\n|rated|\n|rule|Species Clause: Limit one of each Pok\u00e9mon\n|rule|OHKO Clause: OHKO moves are banned\n|rule|Evasion Moves Clause: Evasion moves are banned\n|rule|Gravity Sleep Clause: The combination of sleep-inducing moves with imperfect accuracy and Gravity or Gigantamax Orbeetle are banned\n|rule|Endless Battle Clause: Forcing endless battles is banned\n|rule|HP Percentage Mod: HP is shown in percentages\n|clearpoke\n|poke|p1|Milotic, F|\n|poke|p1|Ninetales-Alola, F|\n|poke|p1|Chi-Yu|\n|poke|p1|Arcanine-Hisui, F|\n|poke|p1|Sinistcha|\n|poke|p1|Iron Hands|\n|poke|p2|Iron Hands|\n|poke|p2|Skeledirge, M|\n|poke|p2|Weezing-Galar, M|\n|poke|p2|Basculegion, M|\n|poke|p2|Gengar, M|\n|poke|p2|Probopass, M|\n|teampreview\n|\n|t:|1697550208\n|start\n|switch|p1a: Milotic|Milotic, F, shiny|100\/100\n|switch|p1b: Ninetales|Ninetales-Alola, F, shiny|100\/100\n|switch|p2a: Gengar|Gengar, M|100\/100\n|switch|p2b: Probopass|Probopass, M|100\/100\n|-weather|Snow|[from] ability: Snow Warning|[of] p1b: Ninetales\n|turn|1\n|\n|t:|1697550243\n|switch|p2a: Skeledirge|Skeledirge, M|100\/100\n|switch|p2b: Iron Hands|Iron Hands|100\/100\n|move|p1b: Ninetales|Encore||[still]\n|-fail|p1b: Ninetales\n|move|p1a: Milotic|Icy Wind|p2b: Iron Hands|[spread] p2a,p2b\n|-resisted|p2a: Skeledirge\n|-damage|p2a: Skeledirge|95\/100\n|-damage|p2b: Iron Hands|92\/100\n|-unboost|p2a: Skeledirge|spe|1\n|-enditem|p2a: Skeledirge|Eject Pack\n|-unboost|p2b: Iron Hands|spe|1\n|\n|t:|1697550266\n|switch|p2a: Gengar|Gengar, M|100\/100\n|\n|-weather|Snow|[upkeep]\n|upkeep\n|turn|2\n|\n|t:|1697550285\n|switch|p1b: Chi-Yu|Chi-Yu|100\/100\n|-ability|p1b: Chi-Yu|Beads of Ruin\n|move|p2b: Iron Hands|Fake Out|p1a: Milotic\n|-crit|p1a: Milotic\n|-damage|p1a: Milotic|79\/100\n|-damage|p2b: Iron Hands|82\/100|[from] item: Life Orb\n|move|p2a: Gengar|Disable|p1a: Milotic\n|-start|p1a: Milotic|Disable|Icy Wind\n|cant|p1a: Milotic|flinch\n|\n|-weather|Snow|[upkeep]\n|upkeep\n|turn|3\n|\n|t:|1697550309\n|move|p2b: Iron Hands|Fake Out||[still]\n|-hint|Fake Out only works on your first turn out.\n|-fail|p2b: Iron Hands\n|move|p2a: Gengar|Perish Song|p2a: Gengar\n|-start|p1a: Milotic|perish3|[silent]\n|-start|p1b: Chi-Yu|perish3|[silent]\n|-start|p2a: Gengar|perish3|[silent]\n|-start|p2b: Iron Hands|perish3|[silent]\n|-fieldactivate|move: Perish Song\n|move|p1b: Chi-Yu|Snarl|p2a: Gengar|[spread] p2a,p2b\n|-supereffective|p2a: Gengar\n|-resisted|p2b: Iron Hands\n|-damage|p2a: Gengar|0 fnt\n|-damage|p2b: Iron Hands|63\/100\n|-unboost|p2b: Iron Hands|spa|1\n|faint|p2a: Gengar\n|-damage|p1b: Chi-Yu|91\/100|[from] item: Life Orb\n|move|p1a: Milotic|Scald|p2b: Iron Hands\n|-damage|p2b: Iron Hands|32\/100\n|\n|-weather|Snow|[upkeep]\n|-start|p1b: Chi-Yu|perish3\n|-start|p1a: Milotic|perish3\n|-start|p2b: Iron Hands|perish3\n|upkeep\n|\n|t:|1697550332\n|switch|p2a: Probopass|Probopass, M|100\/100\n|turn|4\n|\n|t:|1697550345\n|move|p1b: Chi-Yu|Protect|p1b: Chi-Yu\n|-singleturn|p1b: Chi-Yu|Protect\n|move|p2b: Iron Hands|Fake Out||[still]\n|-hint|Fake Out only works on your first turn out.\n|-fail|p2b: Iron Hands\n|move|p1a: Milotic|Scald|p2b: Iron Hands\n|-damage|p2b: Iron Hands|0 fnt\n|faint|p2b: Iron Hands\n|-end|p2b: Iron Hands|Quark Drive|[silent]\n|move|p2a: Probopass|Block|p1a: Milotic\n|-activate|p1a: Milotic|trapped\n|\n|-weather|Snow|[upkeep]\n|-start|p1b: Chi-Yu|perish2\n|-start|p1a: Milotic|perish2\n|upkeep\n|\n|t:|1697550360\n|switch|p2b: Basculegion|Basculegion, M|100\/100\n|-ability|p2b: Basculegion|Mold Breaker\n|turn|5\n|\n|t:|1697550384\n|move|p1b: Chi-Yu|Dark Pulse|p2b: Basculegion\n|-supereffective|p2b: Basculegion\n|-damage|p2b: Basculegion|0 fnt\n|faint|p2b: Basculegion\n|-damage|p1b: Chi-Yu|81\/100|[from] item: Life Orb\n|move|p1a: Milotic|Scald|p2a: Probopass\n|-supereffective|p2a: Probopass\n|-damage|p2a: Probopass|49\/100\n|move|p2a: Probopass|Block|p1b: Chi-Yu\n|-activate|p1b: Chi-Yu|trapped\n|\n|-weather|none\n|-end|p1a: Milotic|Disable\n|-start|p1b: Chi-Yu|perish1\n|-start|p1a: Milotic|perish1\n|upkeep\n|\n|t:|1697550405\n|switch|p2b: Skeledirge|Skeledirge, M|95\/100\n|turn|6\n|\n|t:|1697550424\n|move|p1b: Chi-Yu|Snarl|p2b: Skeledirge|[spread] p2a,p2b\n|-supereffective|p2b: Skeledirge\n|-damage|p2a: Probopass|21\/100\n|-damage|p2b: Skeledirge|8\/100\n|-unboost|p2a: Probopass|spa|1\n|-unboost|p2b: Skeledirge|spa|1\n|-damage|p1b: Chi-Yu|71\/100|[from] item: Life Orb\n|move|p1a: Milotic|Scald|p2a: Probopass\n|-supereffective|p2a: Probopass\n|-damage|p2a: Probopass|0 fnt\n|faint|p2a: Probopass\n|move|p2b: Skeledirge|Overheat|p1a: Milotic\n|-resisted|p1a: Milotic\n|-damage|p1a: Milotic|58\/100\n|-unboost|p2b: Skeledirge|spa|2\n|\n|-start|p1b: Chi-Yu|perish0\n|-start|p1a: Milotic|perish0\n|upkeep\n|faint|p1b: Chi-Yu\n|faint|p1a: Milotic\n|\n|t:|1697550446\n|switch|p1b: Iron Hands|Iron Hands, shiny|100\/100\n|switch|p1a: Arcanine|Arcanine-Hisui, F|100\/100\n|switch|p2a: Weezing|Weezing-Galar, M|100\/100\n|turn|7\n|\n|t:|1697550465\n|move|p1b: Iron Hands|Fake Out|p2a: Weezing\n|-damage|p2a: Weezing|90\/100\n|move|p1a: Arcanine|Rock Slide|p2b: Skeledirge|[spread] p2a,p2b\n|-supereffective|p2b: Skeledirge\n|-damage|p2a: Weezing|74\/100\n|-damage|p2b: Skeledirge|0 fnt\n|faint|p2b: Skeledirge\n|cant|p2a: Weezing|flinch\n|\n|-heal|p2a: Weezing|80\/100|[from] item: Black Sludge\n|upkeep\n|turn|8\n|\n|t:|1697550486\n|move|p1a: Arcanine|Flare Blitz|p2a: Weezing\n|-damage|p2a: Weezing|45\/100\n|move|p2a: Weezing|Sludge Bomb|p1a: Arcanine\n|-resisted|p1a: Arcanine\n|-damage|p1a: Arcanine|85\/100\n|move|p1b: Iron Hands|Thunder Punch|p2a: Weezing\n|-damage|p2a: Weezing|18\/100\n|\n|-heal|p2a: Weezing|24\/100|[from] item: Black Sludge\n|upkeep\n|turn|9\n|-message|Whetered forfeited.\n|\n|win|ChildishMamba\n|raw|ChildishMamba's rating: 1000 &rarr; <strong>1040<\/strong><br \/>(+40 for winning)\n|raw|Whetered's rating: 1000 &rarr; <strong>1000<\/strong><br \/>(+0 for losing)\n|l|\u2606Whetered\n|c|\u2606ChildishMamba|GG man\n","uploadtime":1697550527,"views":20,"p1id":"childishmamba","p2id":"whetered","formatid":"gen9doublesou","rating":1000,"private":0,"password":""}