{"id":"gen9doublesou-1979139146","p1":"Trickroom4dumies","p2":"acctotestdumdum","format":"[Gen 9] Doubles OU","log":"|j|\u2606Trickroom4dumies\n|j|\u2606acctotestdumdum\n|t:|1698637651\n|gametype|doubles\n|player|p1|Trickroom4dumies|hexmaniac-gen3|1718\n|player|p2|acctotestdumdum|madame-gen4|1614\n|teamsize|p1|6\n|teamsize|p2|6\n|gen|9\n|tier|[Gen 9] Doubles OU\n|rated|\n|rule|Species Clause: Limit one of each Pok\u00e9mon\n|rule|OHKO Clause: OHKO moves are banned\n|rule|Evasion Moves Clause: Evasion moves are banned\n|rule|Gravity Sleep Clause: The combination of sleep-inducing moves with imperfect accuracy and Gravity or Gigantamax Orbeetle are banned\n|rule|Endless Battle Clause: Forcing endless battles is banned\n|rule|HP Percentage Mod: HP is shown in percentages\n|clearpoke\n|poke|p1|Ninetales-Alola, F|\n|poke|p1|Volcarona, M|\n|poke|p1|Goodra-Hisui, F|\n|poke|p1|Ogerpon-Wellspring, F|\n|poke|p1|Basculegion-F, F|\n|poke|p1|Iron Hands|\n|poke|p2|Torterra, F|\n|poke|p2|Cresselia, F|\n|poke|p2|Sinistcha|\n|poke|p2|Clefairy, F|\n|poke|p2|Indeedee-F, F|\n|poke|p2|Grimmsnarl, M|\n|teampreview\n|inactive|Battle timer is ON: inactive players will automatically lose when time's up. (requested by acctotestdumdum)\n|inactive|Trickroom4dumies has 120 seconds left.\n|\n|t:|1698637688\n|start\n|switch|p1a: Goodra|Goodra-Hisui, F, shiny|100\/100\n|switch|p1b: Iron Hands|Iron Hands|100\/100\n|switch|p2a: Torterra|Torterra, F|100\/100\n|switch|p2b: Grimmsnarl|Grimmsnarl, M|100\/100\n|turn|1\n|inactive|Trickroom4dumies has 120 seconds left.\n|\n|t:|1698637718\n|switch|p1a: Ninetales|Ninetales-Alola, F|100\/100\n|-weather|Snow|[from] ability: Snow Warning|[of] p1a: Ninetales\n|-terastallize|p2a: Torterra|Dragon\n|move|p1b: Iron Hands|Fake Out|p2a: Torterra\n|-damage|p2a: Torterra|89\/100\n|move|p2b: Grimmsnarl|Light Screen|p2b: Grimmsnarl\n|-sidestart|p2: acctotestdumdum|move: Light Screen\n|move|p2a: Torterra|Amnesia|p2a: Torterra\n|-boost|p2a: Torterra|spd|2\n|\n|-weather|Snow|[upkeep]\n|upkeep\n|turn|2\n|\n|t:|1698637739\n|move|p2b: Grimmsnarl|Parting Shot|p1a: Ninetales\n|-unboost|p1a: Ninetales|atk|1\n|-unboost|p1a: Ninetales|spa|1\n|\n|t:|1698637741\n|switch|p2b: Clefairy|Clefairy, F|100\/100|[from] Parting Shot\n|move|p1a: Ninetales|Encore|p2a: Torterra\n|-start|p2a: Torterra|Encore\n|move|p2a: Torterra|Amnesia|p2a: Torterra\n|-boost|p2a: Torterra|spd|2\n|move|p1b: Iron Hands|Drain Punch|p2a: Torterra\n|-damage|p2a: Torterra|64\/100\n|\n|-weather|Snow|[upkeep]\n|upkeep\n|turn|3\n|\n|t:|1698637764\n|move|p1a: Ninetales|Aurora Veil|p1a: Ninetales\n|-sidestart|p1: Trickroom4dumies|move: Aurora Veil\n|move|p2a: Torterra|Amnesia|p2a: Torterra\n|-boost|p2a: Torterra|spd|2\n|move|p1b: Iron Hands|Heavy Slam|p2b: Clefairy\n|-supereffective|p2b: Clefairy\n|-damage|p2b: Clefairy|21\/100\n|move|p2b: Clefairy|Thunder Wave|p1a: Ninetales\n|-status|p1a: Ninetales|par\n|\n|-weather|Snow|[upkeep]\n|upkeep\n|turn|4\n|\n|t:|1698637781\n|switch|p2b: Sinistcha|Sinistcha|100\/100\n|-heal|p2a: Torterra|89\/100|[from] ability: Hospitality|[of] p2b: Sinistcha\n|cant|p1a: Ninetales|par\n|move|p2a: Torterra|Amnesia|p2a: Torterra\n|-boost|p2a: Torterra|spd|0\n|move|p1b: Iron Hands|Drain Punch|p2a: Torterra\n|-damage|p2a: Torterra|58\/100\n|\n|-weather|Snow|[upkeep]\n|-end|p2a: Torterra|Encore\n|upkeep\n|turn|5\n|\n|t:|1698637810\n|-end|p1b: Iron Hands|Quark Drive|[silent]\n|switch|p1b: Goodra|Goodra-Hisui, F, shiny|100\/100\n|move|p2b: Sinistcha|Scald|p1b: Goodra\n|-resisted|p1b: Goodra\n|-damage|p1b: Goodra|96\/100\n|move|p1a: Ninetales|Encore|p2a: Torterra\n|-start|p2a: Torterra|Encore\n|move|p2a: Torterra|Amnesia|p2a: Torterra\n|-boost|p2a: Torterra|spd|0\n|\n|-weather|none\n|-heal|p1b: Goodra|100\/100|[from] item: Leftovers\n|upkeep\n|turn|6\n|inactive|Trickroom4dumies has 120 seconds left.\n|\n|t:|1698637849\n|switch|p2b: Clefairy|Clefairy, F|21\/100\n|move|p1a: Ninetales|Blizzard|p2b: Clefairy|[spread] p2b\n|-miss|p1a: Ninetales|p2a: Torterra\n|-damage|p2b: Clefairy|14\/100\n|-status|p2b: Clefairy|frz\n|move|p1b: Goodra|Acid Armor|p1b: Goodra\n|-boost|p1b: Goodra|def|2\n|move|p2a: Torterra|Amnesia|p2a: Torterra\n|-boost|p2a: Torterra|spd|0\n|\n|upkeep\n|turn|7\n|inactive|Trickroom4dumies has 120 seconds left.\n|\n|t:|1698637895\n|switch|p1a: Ogerpon|Ogerpon-Wellspring, F|100\/100\n|switch|p2b: Cresselia|Cresselia, F|100\/100\n|move|p1b: Goodra|Acid Armor|p1b: Goodra\n|-boost|p1b: Goodra|def|2\n|move|p2a: Torterra|Amnesia|p2a: Torterra\n|-boost|p2a: Torterra|spd|0\n|\n|-end|p2a: Torterra|Encore\n|upkeep\n|turn|8\n|inactive|Trickroom4dumies has 90 seconds left.\n|\n|t:|1698637926\n|switch|p1a: Ninetales|Ninetales-Alola, F|100\/100 par\n|-weather|Snow|[from] ability: Snow Warning|[of] p1a: Ninetales\n|move|p2b: Cresselia|Ally Switch|p2b: Cresselia\n|swap|p2b: Cresselia|0|[from] move: Ally Switch\n|move|p1b: Goodra|Acid Armor|p1b: Goodra\n|-boost|p1b: Goodra|def|2\n|move|p2b: Torterra|Iron Defense|p2b: Torterra\n|-boost|p2b: Torterra|def|2\n|\n|-weather|Snow|[upkeep]\n|-sideend|p2: acctotestdumdum|move: Light Screen\n|upkeep\n|turn|9\n|\n|t:|1698637947\n|cant|p1a: Ninetales|par\n|move|p1b: Goodra|Body Press|p2b: Torterra\n|-damage|p2b: Torterra|23\/100\n|move|p2a: Cresselia|Lunar Blessing|p2a: Cresselia|[spread] p2a,p2b\n|-heal|p2b: Torterra|48\/100\n|move|p2b: Torterra|Iron Defense|p2b: Torterra\n|-boost|p2b: Torterra|def|2\n|\n|-weather|Snow|[upkeep]\n|upkeep\n|turn|10\n|\n|t:|1698637973\n|move|p2a: Cresselia|Ally Switch|p2a: Cresselia\n|swap|p2a: Cresselia|1|[from] move: Ally Switch\n|move|p1a: Ninetales|Blizzard|p2a: Torterra|[spread] p2a,p2b\n|-supereffective|p2a: Torterra\n|-crit|p2b: Cresselia\n|-damage|p2a: Torterra|39\/100\n|-damage|p2b: Cresselia|83\/100\n|move|p1b: Goodra|Body Press|p2b: Cresselia\n|-resisted|p2b: Cresselia\n|-damage|p2b: Cresselia|57\/100\n|move|p2a: Torterra|Iron Defense|p2a: Torterra\n|-boost|p2a: Torterra|def|2\n|\n|-weather|Snow|[upkeep]\n|-sideend|p1: Trickroom4dumies|move: Aurora Veil\n|upkeep\n|turn|11\n|\n|t:|1698638003\n|move|p1a: Ninetales|Encore|p2a: Torterra\n|-start|p2a: Torterra|Encore\n|move|p1b: Goodra|Body Press|p2a: Torterra\n|-damage|p2a: Torterra|21\/100\n|move|p2b: Cresselia|Lunar Blessing|p2b: Cresselia|[spread] p2a,p2b\n|-heal|p2a: Torterra|46\/100\n|-heal|p2b: Cresselia|81\/100\n|move|p2a: Torterra|Iron Defense|p2a: Torterra\n|-boost|p2a: Torterra|def|0\n|\n|-weather|Snow|[upkeep]\n|upkeep\n|turn|12\n|inactive|Trickroom4dumies has 90 seconds left.\n|\n|t:|1698638043\n|switch|p1a: Ogerpon|Ogerpon-Wellspring, F|100\/100\n|switch|p2b: Grimmsnarl|Grimmsnarl, M|100\/100\n|move|p1b: Goodra|Body Press|p2b: Grimmsnarl\n|-damage|p2b: Grimmsnarl|17\/100\n|move|p2a: Torterra|Iron Defense|p2a: Torterra\n|-boost|p2a: Torterra|def|0\n|\n|-weather|none\n|upkeep\n|turn|13\n|inactive|Trickroom4dumies has 90 seconds left.\n|\n|t:|1698638071\n|move|p2b: Grimmsnarl|Reflect|p2b: Grimmsnarl\n|-sidestart|p2: acctotestdumdum|Reflect\n|move|p1a: Ogerpon|Ivy Cudgel|p2a: Torterra\n|-resisted|p2a: Torterra\n|-damage|p2a: Torterra|43\/100\n|move|p1b: Goodra|Body Press|p2a: Torterra\n|-damage|p2a: Torterra|31\/100\n|move|p2a: Torterra|Iron Defense|p2a: Torterra\n|-boost|p2a: Torterra|def|0\n|\n|-end|p2a: Torterra|Encore\n|upkeep\n|turn|14\n|inactive|Trickroom4dumies has 90 seconds left.\n|inactive|Trickroom4dumies has 60 seconds left.\n|l|\u2606Trickroom4dumies\n|inactive|Trickroom4dumies disconnected and has a minute to reconnect!\n|player|p1|\n|j|\u2606Trickroom4dumies\n|inactive|Trickroom4dumies reconnected and has 40 seconds left.\n|player|p1|Trickroom4dumies|hexmaniac-gen3\n|\n|t:|1698638146\n|move|p2b: Grimmsnarl|Parting Shot|p1a: Ogerpon\n|-unboost|p1a: Ogerpon|atk|1\n|-unboost|p1a: Ogerpon|spa|1\n|\n|t:|1698638149\n|switch|p2b: Sinistcha|Sinistcha|100\/100|[from] Parting Shot\n|-heal|p2a: Torterra|56\/100|[from] ability: Hospitality|[of] p2b: Sinistcha\n|move|p1a: Ogerpon|Ivy Cudgel|p2b: Sinistcha\n|-resisted|p2b: Sinistcha\n|-damage|p2b: Sinistcha|89\/100\n|move|p1b: Goodra|Heavy Slam|p2b: Sinistcha\n|-damage|p2b: Sinistcha|64\/100\n|move|p2a: Torterra|Body Press|p1b: Goodra\n|-supereffective|p1b: Goodra\n|-damage|p1b: Goodra|66\/100\n|\n|-heal|p1b: Goodra|72\/100|[from] item: Leftovers\n|upkeep\n|turn|15\n|inactive|Trickroom4dumies has 60 seconds left.\n|inactive|Trickroom4dumies has 30 seconds left.\n|inactive|Trickroom4dumies has 20 seconds left.\n|inactive|Trickroom4dumies has 15 seconds left.\n|\n|t:|1698638201\n|switch|p1a: Volcarona|Volcarona, M, shiny|100\/100\n|move|p2b: Sinistcha|Matcha Gotcha|p1a: Volcarona|[spread] p1a,p1b\n|-resisted|p1a: Volcarona\n|-resisted|p1b: Goodra\n|-damage|p1a: Volcarona|94\/100\n|-heal|p2b: Sinistcha|67\/100|[from] drain|[of] p1a: Volcarona\n|-damage|p1b: Goodra|68\/100\n|-heal|p2b: Sinistcha|69\/100|[from] drain|[of] p1b: Goodra\n|-status|p1b: Goodra|brn\n|move|p1b: Goodra|Body Press|p2a: Torterra\n|-damage|p2a: Torterra|51\/100\n|move|p2a: Torterra|Body Press|p1b: Goodra\n|-supereffective|p1b: Goodra\n|-damage|p1b: Goodra|31\/100 brn\n|\n|-heal|p1b: Goodra|38\/100 brn|[from] item: Leftovers\n|-damage|p1b: Goodra|31\/100 brn|[from] brn\n|upkeep\n|turn|16\n|inactive|Trickroom4dumies has 30 seconds left.\n|-message|Trickroom4dumies forfeited.\n|\n|win|acctotestdumdum\n|raw|Trickroom4dumies's rating: 1718 &rarr; <strong>1692<\/strong><br \/>(-26 for losing)\n|raw|acctotestdumdum's rating: 1614 &rarr; <strong>1640<\/strong><br \/>(+26 for winning)\n|l|\u2606Trickroom4dumies\n","uploadtime":1698638230,"views":28,"p1id":"trickroom4dumies","p2id":"acctotestdumdum","formatid":"gen9doublesou","rating":1640,"private":0,"password":""}