{"id":"gen9doublesou-1987021590","p1":"Zerozeroinfinity","p2":"megustaaf","format":"[Gen 9] Doubles OU","log":"|j|\u2606Zerozeroinfinity\n|j|\u2606megustaaf\n|t:|1699549688\n|gametype|doubles\n|player|p1|Zerozeroinfinity|170|1014\n|player|p2|megustaaf|102|1080\n|teamsize|p1|6\n|teamsize|p2|5\n|gen|9\n|tier|[Gen 9] Doubles OU\n|rated|\n|rule|Species Clause: Limit one of each Pok\u00e9mon\n|rule|OHKO Clause: OHKO moves are banned\n|rule|Evasion Moves Clause: Evasion moves are banned\n|rule|Gravity Sleep Clause: The combination of sleep-inducing moves with imperfect accuracy and Gravity or Gigantamax Orbeetle are banned\n|rule|Endless Battle Clause: Forcing endless battles is banned\n|rule|HP Percentage Mod: HP is shown in percentages\n|clearpoke\n|poke|p1|Raichu-Alola, M|\n|poke|p1|Iron Bundle|\n|poke|p1|Thundurus, M|\n|poke|p1|Chi-Yu|\n|poke|p1|Grimmsnarl, M|\n|poke|p1|Eelektross, M|\n|poke|p2|Kommo-o, M|\n|poke|p2|Flamigo, M|\n|poke|p2|Slowbro, M|\n|poke|p2|Furret, M|\n|poke|p2|Clefable, F|\n|teampreview\n|\n|t:|1699549700\n|start\n|switch|p1a: Grimmsnarl|Grimmsnarl, M|100\/100\n|switch|p1b: Thundurus|Thundurus, M|100\/100\n|switch|p2a: Kommo-o|Kommo-o, M|100\/100\n|switch|p2b: Clefable|Clefable, F|100\/100\n|turn|1\n|\n|t:|1699549718\n|move|p2b: Clefable|Follow Me|p2b: Clefable\n|-singleturn|p2b: Clefable|move: Follow Me\n|move|p1b: Thundurus|Thunder Wave|p2b: Clefable\n|-status|p2b: Clefable|par\n|move|p1a: Grimmsnarl|Light Screen|p1a: Grimmsnarl\n|-sidestart|p1: Zerozeroinfinity|move: Light Screen\n|move|p2a: Kommo-o|Clangorous Soul|p2a: Kommo-o\n|-boost|p2a: Kommo-o|atk|1\n|-boost|p2a: Kommo-o|def|1\n|-boost|p2a: Kommo-o|spa|1\n|-boost|p2a: Kommo-o|spd|1\n|-boost|p2a: Kommo-o|spe|1\n|-damage|p2a: Kommo-o|68\/100\n|\n|-status|p1b: Thundurus|tox|[from] item: Toxic Orb\n|upkeep\n|turn|2\n|\n|t:|1699549740\n|move|p2b: Clefable|Follow Me|p2b: Clefable\n|-singleturn|p2b: Clefable|move: Follow Me\n|move|p1a: Grimmsnarl|Reflect|p1a: Grimmsnarl\n|-sidestart|p1: Zerozeroinfinity|Reflect\n|move|p1b: Thundurus|Fling|p2b: Clefable\n|-resisted|p2b: Clefable\n|-damage|p2b: Clefable|95\/100 par\n|-enditem|p1b: Thundurus|Toxic Orb|[from] move: Fling\n|move|p2a: Kommo-o|Clangorous Soul|p2a: Kommo-o\n|-boost|p2a: Kommo-o|atk|1\n|-boost|p2a: Kommo-o|def|1\n|-boost|p2a: Kommo-o|spa|1\n|-boost|p2a: Kommo-o|spd|1\n|-boost|p2a: Kommo-o|spe|1\n|-damage|p2a: Kommo-o|35\/100\n|-enditem|p2a: Kommo-o|Sitrus Berry|[eat]\n|-heal|p2a: Kommo-o|60\/100|[from] item: Sitrus Berry\n|\n|-heal|p2b: Clefable|100\/100 par|[from] item: Leftovers\n|-damage|p1b: Thundurus|94\/100 tox|[from] psn\n|upkeep\n|turn|3\n|\n|t:|1699549779\n|move|p2b: Clefable|Follow Me|p2b: Clefable\n|-singleturn|p2b: Clefable|move: Follow Me\n|move|p1b: Thundurus|Electric Terrain|p1b: Thundurus\n|-fieldstart|move: Electric Terrain\n|move|p2a: Kommo-o|Clangorous Soul|p2a: Kommo-o\n|-boost|p2a: Kommo-o|atk|1\n|-boost|p2a: Kommo-o|def|1\n|-boost|p2a: Kommo-o|spa|1\n|-boost|p2a: Kommo-o|spd|1\n|-boost|p2a: Kommo-o|spe|1\n|-damage|p2a: Kommo-o|27\/100\n|move|p1a: Grimmsnarl|Spirit Break|p2b: Clefable\n|-damage|p2b: Clefable|66\/100 par\n|-unboost|p2b: Clefable|spa|1\n|\n|-heal|p2b: Clefable|73\/100 par|[from] item: Leftovers\n|-damage|p1b: Thundurus|82\/100 tox|[from] psn\n|upkeep\n|turn|4\n|\n|t:|1699549817\n|switch|p1b: Eelektross|Eelektross, M|100\/100\n|cant|p2b: Clefable|par\n|move|p2a: Kommo-o|Rest||[still]\n|-activate|p2a: Kommo-o|move: Electric Terrain\n|-fail|p2a: Kommo-o\n|move|p1a: Grimmsnarl|Spirit Break|p2b: Clefable\n|-damage|p2b: Clefable|37\/100 par\n|-unboost|p2b: Clefable|spa|1\n|\n|-heal|p2b: Clefable|43\/100 par|[from] item: Leftovers\n|upkeep\n|turn|5\n|\n|t:|1699549850\n|switch|p2b: Flamigo|Flamigo, M|100\/100\n|-copyboost|p2b: Flamigo|p2a: Kommo-o|[from] ability: Costar\n|move|p1a: Grimmsnarl|Spirit Break|p2a: Kommo-o\n|-supereffective|p2a: Kommo-o\n|-damage|p2a: Kommo-o|0 fnt\n|faint|p2a: Kommo-o\n|move|p1b: Eelektross|Acrobatics|p2b: Flamigo\n|-supereffective|p2b: Flamigo\n|-damage|p2b: Flamigo|83\/100\n|\n|-heal|p2b: Flamigo|89\/100|[from] item: Leftovers\n|upkeep\n|\n|t:|1699549865\n|switch|p2a: Slowbro|Slowbro, M|100\/100\n|turn|6\n|\n|t:|1699549877\n|move|p1a: Grimmsnarl|Thunder Wave|p2a: Slowbro\n|-status|p2a: Slowbro|par\n|move|p2b: Flamigo|Tailwind|p2b: Flamigo\n|-sidestart|p2: megustaaf|move: Tailwind\n|move|p1b: Eelektross|Thunder Punch|p2b: Flamigo\n|-supereffective|p2b: Flamigo\n|-damage|p2b: Flamigo|52\/100\n|move|p2a: Slowbro|Skill Swap|p2b: Flamigo\n|-activate|p2a: Slowbro|move: Skill Swap|||[of] p2b: Flamigo\n|-copyboost|p2a: Slowbro|p2b: Flamigo|[from] ability: Costar\n|\n|-heal|p2b: Flamigo|58\/100|[from] item: Leftovers\n|upkeep\n|turn|7\n|c|\u2606Zerozeroinfinity|This is a good team \ud83d\ude25\n|\n|t:|1699549925\n|move|p1a: Grimmsnarl|Thunder Wave|p2b: Flamigo\n|-status|p2b: Flamigo|par\n|move|p2b: Flamigo|Sky Attack||[still]\n|-prepare|p2b: Flamigo|Sky Attack\n|move|p2a: Slowbro|Stored Power|p1b: Eelektross\n|-damage|p1b: Eelektross|0 fnt\n|faint|p1b: Eelektross\n|\n|-heal|p2b: Flamigo|64\/100 par|[from] item: Leftovers\n|-fieldend|move: Electric Terrain\n|upkeep\n|\n|t:|1699549940\n|switch|p1b: Raichu|Raichu-Alola, M|100\/100\n|turn|8\n|\n|t:|1699549952\n|move|p1b: Raichu|Fake Out|p2a: Slowbro\n|-damage|p2a: Slowbro|98\/100 par\n|cant|p2b: Flamigo|par\n|cant|p2a: Slowbro|flinch\n|move|p1a: Grimmsnarl|Spirit Break|p2b: Flamigo\n|-supereffective|p2b: Flamigo\n|-damage|p2b: Flamigo|36\/100 par\n|-unboost|p2b: Flamigo|spa|1\n|\n|-heal|p2b: Flamigo|42\/100 par|[from] item: Leftovers\n|-sideend|p1: Zerozeroinfinity|move: Light Screen\n|upkeep\n|turn|9\n|\n|t:|1699549982\n|switch|p1b: Thundurus|Thundurus, M|82\/100 tox\n|move|p1a: Grimmsnarl|Light Screen|p1a: Grimmsnarl\n|-sidestart|p1: Zerozeroinfinity|move: Light Screen\n|move|p2b: Flamigo|Sky Attack||[still]\n|-prepare|p2b: Flamigo|Sky Attack\n|move|p2a: Slowbro|Stored Power|p1b: Thundurus\n|-damage|p1b: Thundurus|0 fnt\n|faint|p1b: Thundurus\n|\n|-heal|p2b: Flamigo|48\/100 par|[from] item: Leftovers\n|-sideend|p1: Zerozeroinfinity|Reflect\n|-sideend|p2: megustaaf|move: Tailwind\n|upkeep\n|\n|t:|1699549996\n|switch|p1b: Iron Bundle|Iron Bundle|100\/100\n|turn|10\n|\n|t:|1699550010\n|move|p1b: Iron Bundle|Protect|p1b: Iron Bundle\n|-singleturn|p1b: Iron Bundle|Protect\n|move|p1a: Grimmsnarl|Reflect|p1a: Grimmsnarl\n|-sidestart|p1: Zerozeroinfinity|Reflect\n|move|p2b: Flamigo|Sky Attack|p1a: Grimmsnarl|[from]lockedmove\n|-damage|p1a: Grimmsnarl|0 fnt\n|faint|p1a: Grimmsnarl\n|move|p2a: Slowbro|Stored Power|p1b: Iron Bundle\n|-activate|p1b: Iron Bundle|move: Protect\n|\n|-heal|p2b: Flamigo|54\/100 par|[from] item: Leftovers\n|upkeep\n|c|\u2606megustaaf|i like this team\n|\n|t:|1699550028\n|switch|p1a: Chi-Yu|Chi-Yu|100\/100\n|-ability|p1a: Chi-Yu|Beads of Ruin\n|turn|11\n|\n|t:|1699550042\n|move|p1b: Iron Bundle|Helping Hand|p1a: Chi-Yu\n|-singleturn|p1a: Chi-Yu|Helping Hand|[of] p1b: Iron Bundle\n|move|p1a: Chi-Yu|Hex|p2a: Slowbro\n|-supereffective|p2a: Slowbro\n|-damage|p2a: Slowbro|19\/100 par\n|cant|p2b: Flamigo|par\n|cant|p2a: Slowbro|par\n|\n|-heal|p2b: Flamigo|61\/100 par|[from] item: Leftovers\n|upkeep\n|turn|12\n|\n|t:|1699550057\n|move|p1a: Chi-Yu|Hex|p2a: Slowbro\n|-supereffective|p2a: Slowbro\n|-damage|p2a: Slowbro|0 fnt\n|faint|p2a: Slowbro\n|move|p1b: Iron Bundle|Ice Beam|p2b: Flamigo\n|-supereffective|p2b: Flamigo\n|-damage|p2b: Flamigo|0 fnt\n|faint|p2b: Flamigo\n|\n|upkeep\n|c|\u2606megustaaf|rip\n|\n|t:|1699550068\n|switch|p2b: Furret|Furret, M|100\/100\n|switch|p2a: Clefable|Clefable, F|43\/100 par\n|-item|p1a: Chi-Yu|Choice Scarf|[from] ability: Frisk|[of] p2b: Furret|[identify]\n|-item|p1b: Iron Bundle|Electric Seed|[from] ability: Frisk|[of] p2b: Furret|[identify]\n|turn|13\n|\n|t:|1699550083\n|move|p1a: Chi-Yu|Hex|p2a: Clefable\n|-damage|p2a: Clefable|0 fnt\n|faint|p2a: Clefable\n|move|p1b: Iron Bundle|Ice Beam|p2b: Furret\n|-damage|p2b: Furret|14\/100\n|move|p2b: Furret|Coil|p2b: Furret\n|-boost|p2b: Furret|atk|1\n|-boost|p2b: Furret|def|1\n|-boost|p2b: Furret|accuracy|1\n|\n|upkeep\n|turn|14\n|\n|t:|1699550100\n|switch|p1a: Raichu|Raichu-Alola, M|100\/100\n|move|p1b: Iron Bundle|Ice Beam|p2b: Furret\n|-damage|p2b: Furret|0 fnt\n|faint|p2b: Furret\n|\n|win|Zerozeroinfinity\n|raw|Zerozeroinfinity's rating: 1014 &rarr; <strong>1059<\/strong><br \/>(+45 for winning)\n|raw|megustaaf's rating: 1080 &rarr; <strong>1054<\/strong><br \/>(-26 for losing)\n|c|\u2606Zerozeroinfinity|Gg\n|l|\u2606megustaaf\n","uploadtime":1699550117,"views":8,"p1id":"zerozeroinfinity","p2id":"megustaaf","formatid":"gen9doublesou","rating":1054,"private":0,"password":""}