{"id":"gen9doublesou-1998049423","p1":"Shelmett","p2":"Onnierose","format":"[Gen 9] Doubles OU","log":"|j|\u2606Shelmett\n|j|\u2606Onnierose\n|t:|1700883701\n|gametype|doubles\n|player|p1|Shelmett|roxie|1000\n|player|p2|Onnierose|sabrina|1074\n|teamsize|p1|6\n|teamsize|p2|6\n|gen|9\n|tier|[Gen 9] Doubles OU\n|rated|\n|rule|Species Clause: Limit one of each Pok\u00e9mon\n|rule|OHKO Clause: OHKO moves are banned\n|rule|Evasion Moves Clause: Evasion moves are banned\n|rule|Gravity Sleep Clause: The combination of sleep-inducing moves with imperfect accuracy and Gravity or Gigantamax Orbeetle are banned\n|rule|Endless Battle Clause: Forcing endless battles is banned\n|rule|HP Percentage Mod: HP is shown in percentages\n|clearpoke\n|poke|p1|Skuntank, M|\n|poke|p1|Delibird, M|\n|poke|p1|Cresselia, F|\n|poke|p1|Tornadus, M|\n|poke|p1|Flutter Mane|\n|poke|p1|Shroodle, M|\n|poke|p2|Hatterene, F|\n|poke|p2|Dragonite, M|\n|poke|p2|Zapdos|\n|poke|p2|Slowking-Galar, F|\n|poke|p2|Iron Valiant|\n|poke|p2|Walking Wake|\n|teampreview\n|inactive|Battle timer is ON: inactive players will automatically lose when time's up. (requested by Onnierose)\n|c|\u2606Shelmett|idk what im doing\n|c|\u2606Shelmett|glhf\n|\n|t:|1700883727\n|start\n|switch|p1a: Delibird|Delibird, M|100\/100\n|switch|p1b: Shroodle|Shroodle, M|100\/100\n|switch|p2a: Iron Valiant|Iron Valiant, shiny|100\/100\n|switch|p2b: Hatterene|Hatterene, F, shiny|100\/100\n|turn|1\n|\n|t:|1700883752\n|move|p1a: Delibird|Fake Out|p2a: Iron Valiant\n|-damage|p2a: Iron Valiant|93\/100\n|move|p1b: Shroodle|Taunt|p2a: Iron Valiant\n|-start|p2a: Iron Valiant|move: Taunt\n|cant|p2a: Iron Valiant|flinch\n|move|p2b: Hatterene|Calm Mind|p2b: Hatterene\n|-boost|p2b: Hatterene|spa|1\n|-boost|p2b: Hatterene|spd|1\n|\n|-heal|p2a: Iron Valiant|99\/100|[from] item: Leftovers\n|upkeep\n|turn|2\n|\n|t:|1700883777\n|move|p1b: Shroodle|Parting Shot|p2a: Iron Valiant\n|-unboost|p2a: Iron Valiant|atk|1\n|-unboost|p2a: Iron Valiant|spa|1\n|inactive|Shelmett has 120 seconds left.\n|\n|t:|1700883788\n|switch|p1b: Flutter Mane|Flutter Mane|100\/100|[from] Parting Shot\n|move|p1a: Delibird|Brave Bird|p2a: Iron Valiant\n|-supereffective|p2a: Iron Valiant\n|-damage|p2a: Iron Valiant|36\/100\n|-damage|p1a: Delibird|69\/100|[from] Recoil\n|move|p2a: Iron Valiant|Dazzling Gleam|p1b: Flutter Mane|[spread] p1a,p1b\n|-damage|p1a: Delibird|22\/100\n|-damage|p1b: Flutter Mane|83\/100\n|move|p2b: Hatterene|Calm Mind|p2b: Hatterene\n|-boost|p2b: Hatterene|spa|1\n|-boost|p2b: Hatterene|spd|1\n|\n|-heal|p2a: Iron Valiant|42\/100|[from] item: Leftovers\n|upkeep\n|turn|3\n|\n|t:|1700883811\n|move|p1a: Delibird|Helping Hand|p1b: Flutter Mane\n|-singleturn|p1b: Flutter Mane|Helping Hand|[of] p1a: Delibird\n|move|p1b: Flutter Mane|Dazzling Gleam|p2a: Iron Valiant|[spread] p2a,p2b\n|-supereffective|p2a: Iron Valiant\n|-damage|p2a: Iron Valiant|0 fnt\n|-damage|p2b: Hatterene|74\/100\n|faint|p2a: Iron Valiant\n|-end|p2a: Iron Valiant|Quark Drive|[silent]\n|move|p2b: Hatterene|Dazzling Gleam|p1b: Flutter Mane|[spread] p1a,p1b\n|-damage|p1a: Delibird|0 fnt\n|-damage|p1b: Flutter Mane|29\/100\n|faint|p1a: Delibird\n|\n|-heal|p2b: Hatterene|80\/100|[from] item: Leftovers\n|upkeep\n|\n|t:|1700883832\n|switch|p1a: Cresselia|Cresselia, F|100\/100\n|switch|p2a: Dragonite|Dragonite, M, shiny|100\/100\n|turn|4\n|\n|t:|1700883852\n|move|p1b: Flutter Mane|Shadow Ball|p2b: Hatterene\n|-supereffective|p2b: Hatterene\n|-damage|p2b: Hatterene|23\/100\n|move|p1a: Cresselia|Calm Mind|p1a: Cresselia\n|-boost|p1a: Cresselia|spa|1\n|-boost|p1a: Cresselia|spd|1\n|move|p2a: Dragonite|Hurricane|p1b: Flutter Mane|[miss]\n|-miss|p2a: Dragonite|p1b: Flutter Mane\n|move|p2b: Hatterene|Dazzling Gleam|p1a: Cresselia|[spread] p1a,p1b\n|-crit|p1b: Flutter Mane\n|-damage|p1a: Cresselia|75\/100\n|-damage|p1b: Flutter Mane|0 fnt\n|faint|p1b: Flutter Mane\n|-end|p1b: Flutter Mane|Protosynthesis|[silent]\n|\n|-heal|p1a: Cresselia|81\/100|[from] item: Leftovers\n|-heal|p2b: Hatterene|29\/100|[from] item: Leftovers\n|upkeep\n|\n|t:|1700883875\n|switch|p1b: Skuntank|Skuntank, M|100\/100\n|turn|5\n|\n|t:|1700883893\n|-terastallize|p1a: Cresselia|Electric\n|move|p2b: Hatterene|Protect|p2b: Hatterene\n|-singleturn|p2b: Hatterene|Protect\n|move|p1b: Skuntank|Gunk Shot|p2b: Hatterene\n|-activate|p2b: Hatterene|move: Protect\n|move|p1a: Cresselia|Ice Beam|p2a: Dragonite\n|-supereffective|p2a: Dragonite\n|-damage|p2a: Dragonite|0 fnt\n|faint|p2a: Dragonite\n|\n|-heal|p1a: Cresselia|87\/100|[from] item: Leftovers\n|-heal|p2b: Hatterene|35\/100|[from] item: Leftovers\n|upkeep\n|\n|t:|1700883914\n|switch|p2a: Walking Wake|Walking Wake|100\/100\n|turn|6\n|-message|Onnierose forfeited.\n|\n|win|Shelmett\n|raw|Shelmett's rating: 1000 &rarr; <strong>1048<\/strong><br \/>(+48 for winning)\n|raw|Onnierose's rating: 1074 &rarr; <strong>1048<\/strong><br \/>(-26 for losing)\n|l|\u2606Onnierose\n","uploadtime":1700883937,"views":10,"p1id":"shelmett","p2id":"onnierose","formatid":"gen9doublesou","rating":1048,"private":0,"password":""}