{"id":"gen9doublesou-1988032551","p1":"loch03769","p2":"Bhopp","format":"[Gen 9] Doubles OU","log":"|j|\u2606loch03769\n|j|\u2606Bhopp\n|t:|1699661380\n|gametype|doubles\n|player|p1|loch03769|jogger|1338\n|player|p2|Bhopp|veteran|1293\n|teamsize|p1|6\n|teamsize|p2|6\n|gen|9\n|tier|[Gen 9] Doubles OU\n|rated|\n|rule|Species Clause: Limit one of each Pok\u00e9mon\n|rule|OHKO Clause: OHKO moves are banned\n|rule|Evasion Moves Clause: Evasion moves are banned\n|rule|Gravity Sleep Clause: The combination of sleep-inducing moves with imperfect accuracy and Gravity or Gigantamax Orbeetle are banned\n|rule|Endless Battle Clause: Forcing endless battles is banned\n|rule|HP Percentage Mod: HP is shown in percentages\n|clearpoke\n|poke|p1|Tyranitar, F|\n|poke|p1|Articuno-Galar|\n|poke|p1|Ribombee, F|\n|poke|p1|Walking Wake|\n|poke|p1|Sneasler, M|\n|poke|p1|Sinistcha|\n|poke|p2|Tyranitar, M|\n|poke|p2|Lycanroc, F|\n|poke|p2|Garchomp, M|\n|poke|p2|Gliscor, M|\n|poke|p2|Landorus, M|\n|poke|p2|Tornadus, M|\n|teampreview\n|inactive|Battle timer is ON: inactive players will automatically lose when time's up. (requested by Bhopp)\n|inactive|loch03769 has 120 seconds left.\n|\n|t:|1699661432\n|start\n|switch|p1a: Sneasler|Sneasler, M|100\/100\n|switch|p1b: Articuno|Articuno-Galar|100\/100\n|switch|p2a: Tornadus|Tornadus, M, shiny|100\/100\n|switch|p2b: Garchomp|Garchomp, M, shiny|100\/100\n|turn|1\n|inactive|loch03769 has 120 seconds left.\n|\n|t:|1699661480\n|move|p1a: Sneasler|Fake Out|p2a: Tornadus\n|-damage|p2a: Tornadus|72\/100\n|-damage|p1a: Sneasler|91\/100|[from] item: Life Orb\n|cant|p2a: Tornadus|flinch\n|move|p2b: Garchomp|Scale Shot|p1b: Articuno\n|-damage|p1b: Articuno|87\/100\n|-damage|p1b: Articuno|74\/100\n|-damage|p1b: Articuno|62\/100\n|-hitcount|p1b: Articuno|3\n|-unboost|p2b: Garchomp|def|1\n|-boost|p2b: Garchomp|spe|1\n|move|p1b: Articuno|Imprison|p1b: Articuno\n|-start|p1b: Articuno|move: Imprison\n|\n|upkeep\n|turn|2\n|inactive|loch03769 has 120 seconds left.\n|inactive|Bhopp has 120 seconds left.\n|\n|t:|1699661520\n|move|p2a: Tornadus|Sandstorm|p2a: Tornadus\n|-weather|Sandstorm\n|move|p2b: Garchomp|Earthquake|p1b: Articuno|[spread] p1a\n|-immune|p2a: Tornadus\n|-immune|p1b: Articuno\n|-supereffective|p1a: Sneasler\n|-damage|p1a: Sneasler|0 fnt\n|faint|p1a: Sneasler\n|move|p1b: Articuno|Tailwind|p1b: Articuno\n|-sidestart|p1: loch03769|move: Tailwind\n|\n|-weather|Sandstorm|[upkeep]\n|-damage|p1b: Articuno|56\/100|[from] Sandstorm\n|upkeep\n|inactive|loch03769 has 90 seconds left.\n|\n|t:|1699661537\n|switch|p1a: Walking Wake|Walking Wake|100\/100\n|-enditem|p1a: Walking Wake|Booster Energy\n|-activate|p1a: Walking Wake|ability: Protosynthesis|[fromitem]\n|-start|p1a: Walking Wake|protosynthesisspa\n|turn|3\n|inactive|loch03769 has 90 seconds left.\n|inactive|Bhopp has 120 seconds left.\n|\n|t:|1699661574\n|-terastallize|p1b: Articuno|Psychic\n|move|p2a: Tornadus|Taunt|p1b: Articuno\n|-start|p1b: Articuno|move: Taunt\n|move|p1a: Walking Wake|Draco Meteor|p2b: Garchomp|[miss]\n|-miss|p1a: Walking Wake|p2b: Garchomp\n|move|p1b: Articuno|Freezing Glare|p2a: Tornadus\n|-damage|p2a: Tornadus|0 fnt\n|faint|p2a: Tornadus\n|move|p2b: Garchomp|Dragon Claw|p1a: Walking Wake\n|-supereffective|p1a: Walking Wake\n|-damage|p1a: Walking Wake|10\/100\n|\n|-weather|Sandstorm|[upkeep]\n|-damage|p1a: Walking Wake|3\/100|[from] Sandstorm\n|-damage|p1b: Articuno|49\/100|[from] Sandstorm\n|upkeep\n|inactive|Bhopp has 120 seconds left.\n|c|\u2606loch03769|ah come on...\n|\n|t:|1699661595\n|switch|p2a: Lycanroc|Lycanroc, F, shiny|100\/100\n|turn|4\n|inactive|Bhopp has 120 seconds left.\n|inactive|loch03769 has 90 seconds left.\n|\n|t:|1699661628\n|switch|p1b: Sinistcha|Sinistcha|100\/100\n|-heal|p1a: Walking Wake|28\/100|[from] ability: Hospitality|[of] p1b: Sinistcha\n|move|p2a: Lycanroc|Accelerock|p1a: Walking Wake\n|-damage|p1a: Walking Wake|6\/100\n|move|p1a: Walking Wake|Draco Meteor|p2b: Garchomp\n|-supereffective|p2b: Garchomp\n|-damage|p2b: Garchomp|0 fnt\n|-unboost|p1a: Walking Wake|spa|2\n|faint|p2b: Garchomp\n|\n|-weather|Sandstorm|[upkeep]\n|-damage|p1a: Walking Wake|0 fnt|[from] Sandstorm\n|-damage|p1b: Sinistcha|94\/100|[from] Sandstorm\n|faint|p1a: Walking Wake\n|-end|p1a: Walking Wake|Protosynthesis|[silent]\n|upkeep\n|inactive|loch03769 has 90 seconds left.\n|\n|t:|1699661666\n|switch|p1a: Articuno|Articuno-Galar, tera:Psychic|49\/100\n|switch|p2b: Gliscor|Gliscor, M, shiny|100\/100\n|turn|5\n|\n|t:|1699661684\n|-terastallize|p2a: Lycanroc|Rock\n|move|p2b: Gliscor|Protect|p2b: Gliscor\n|-singleturn|p2b: Gliscor|Protect\n|move|p2a: Lycanroc|Accelerock|p1a: Articuno\n|-damage|p1a: Articuno|22\/100\n|move|p1a: Articuno|Freezing Glare|p2b: Gliscor\n|-activate|p2b: Gliscor|move: Protect\n|move|p1b: Sinistcha|Matcha Gotcha|p2a: Lycanroc|[spread] p2a\n|-activate|p2b: Gliscor|move: Protect\n|-supereffective|p2a: Lycanroc\n|-damage|p2a: Lycanroc|47\/100\n|-heal|p1b: Sinistcha|100\/100|[from] drain|[of] p2a: Lycanroc\n|\n|-weather|Sandstorm|[upkeep]\n|-damage|p1a: Articuno|16\/100|[from] Sandstorm\n|-damage|p1b: Sinistcha|94\/100|[from] Sandstorm\n|-sideend|p1: loch03769|move: Tailwind\n|upkeep\n|turn|6\n|inactive|loch03769 has 90 seconds left.\n|\n|t:|1699661714\n|move|p1b: Sinistcha|Rage Powder|p1b: Sinistcha\n|-singleturn|p1b: Sinistcha|move: Rage Powder\n|move|p2a: Lycanroc|Accelerock|p1b: Sinistcha\n|-damage|p1b: Sinistcha|69\/100\n|-damage|p2a: Lycanroc|30\/100|[from] item: Rocky Helmet|[of] p1b: Sinistcha\n|move|p1a: Articuno|Tailwind|p1a: Articuno\n|-sidestart|p1: loch03769|move: Tailwind\n|move|p2b: Gliscor|Swords Dance|p2b: Gliscor\n|-boost|p2b: Gliscor|atk|2\n|\n|-weather|none\n|upkeep\n|turn|7\n|inactive|loch03769 has 90 seconds left.\n|\n|t:|1699661737\n|move|p2b: Gliscor|Protect|p2b: Gliscor\n|-singleturn|p2b: Gliscor|Protect\n|move|p2a: Lycanroc|Accelerock|p1a: Articuno\n|-damage|p1a: Articuno|0 fnt\n|faint|p1a: Articuno\n|move|p1b: Sinistcha|Matcha Gotcha|p2a: Lycanroc|[spread] p2a\n|-activate|p2b: Gliscor|move: Protect\n|-supereffective|p2a: Lycanroc\n|-damage|p2a: Lycanroc|0 fnt\n|-heal|p1b: Sinistcha|82\/100|[from] drain|[of] p2a: Lycanroc\n|faint|p2a: Lycanroc\n|\n|upkeep\n|inactive|loch03769 has 90 seconds left.\n|\n|t:|1699661764\n|switch|p2a: Tyranitar|Tyranitar, M, shiny|100\/100\n|switch|p1a: Ribombee|Ribombee, F|100\/100\n|-weather|Sandstorm|[from] ability: Sand Stream|[of] p2a: Tyranitar\n|turn|8\n|inactive|loch03769 has 90 seconds left.\n|\n|t:|1699661797\n|move|p1a: Ribombee|Moonblast|p2b: Gliscor\n|-damage|p2b: Gliscor|51\/100\n|-unboost|p2b: Gliscor|spa|1\n|move|p1b: Sinistcha|Matcha Gotcha|p2a: Tyranitar|[spread] p2a,p2b\n|-supereffective|p2a: Tyranitar\n|-damage|p2a: Tyranitar|81\/100\n|-heal|p1b: Sinistcha|93\/100|[from] drain|[of] p2a: Tyranitar\n|-damage|p2b: Gliscor|14\/100\n|-heal|p1b: Sinistcha|100\/100|[from] drain|[of] p2b: Gliscor\n|move|p2b: Gliscor|Dual Wingbeat|p1a: Ribombee\n|-supereffective|p1a: Ribombee\n|-enditem|p1a: Ribombee|Focus Sash\n|-damage|p1a: Ribombee|1\/100\n|-supereffective|p1a: Ribombee\n|-damage|p1a: Ribombee|0 fnt\n|faint|p1a: Ribombee\n|-hitcount|p1: Ribombee|2\n|move|p2a: Tyranitar|Crunch|p1b: Sinistcha\n|-supereffective|p1b: Sinistcha\n|-damage|p1b: Sinistcha|17\/100\n|-damage|p2a: Tyranitar|64\/100|[from] item: Rocky Helmet|[of] p1b: Sinistcha\n|\n|-weather|Sandstorm|[upkeep]\n|-damage|p1b: Sinistcha|11\/100|[from] Sandstorm\n|upkeep\n|inactive|loch03769 has 60 seconds left.\n|\n|t:|1699661819\n|switch|p1a: Tyranitar|Tyranitar, F|100\/100\n|turn|9\n|\n|t:|1699661831\n|move|p1b: Sinistcha|Matcha Gotcha|p2a: Tyranitar|[spread] p2a\n|-miss|p1b: Sinistcha|p2b: Gliscor\n|-supereffective|p2a: Tyranitar\n|-damage|p2a: Tyranitar|46\/100\n|-heal|p1b: Sinistcha|21\/100|[from] drain|[of] p2a: Tyranitar\n|-status|p2a: Tyranitar|brn\n|move|p1a: Tyranitar|Thunder Wave||[still]\n|-fail|p1a: Tyranitar\n|move|p2b: Gliscor|Earthquake|p1a: Tyranitar|[spread] p2a,p1a,p1b\n|-supereffective|p2a: Tyranitar\n|-supereffective|p1a: Tyranitar\n|-resisted|p1b: Sinistcha\n|-damage|p2a: Tyranitar|0 fnt\n|-damage|p1a: Tyranitar|5\/100\n|-damage|p1b: Sinistcha|0 fnt\n|faint|p2a: Tyranitar\n|faint|p1b: Sinistcha\n|\n|-weather|Sandstorm|[upkeep]\n|-heal|p1a: Tyranitar|11\/100|[from] item: Leftovers\n|-sideend|p1: loch03769|move: Tailwind\n|upkeep\n|\n|t:|1699661849\n|switch|p2a: Landorus|Landorus, M, shiny|100\/100\n|turn|10\n|inactive|loch03769 has 90 seconds left.\n|l|\u2606Bhopp\n|inactive|Bhopp disconnected and has a minute to reconnect!\n|player|p2|\n|j|\u2606Bhopp\n|inactive|Bhopp reconnected.\n|player|p2|Bhopp|veteran\n|inactive|loch03769 has 60 seconds left.\n|inactive|loch03769 has 30 seconds left.\n|n|!loch03769|loch03769\n|-message|loch03769 forfeited.\n|\n|win|Bhopp\n|inactive|loch03769 has 30 seconds left this turn.\n|raw|loch03769's rating: 1338 &rarr; <strong>1315<\/strong><br \/>(-23 for losing)\n|raw|Bhopp's rating: 1293 &rarr; <strong>1321<\/strong><br \/>(+28 for winning)\n","uploadtime":1699661928,"views":8,"p1id":"loch03769","p2id":"bhopp","formatid":"gen9doublesou","rating":1315,"private":0,"password":""}