{"id":"gen9doublesou-1976990798","p1":"Savage_Catalyst","p2":"rookie dragon","format":"[Gen 9] Doubles OU","log":"|j|\u2606Savage_Catalyst\n|j|\u2606rookie dragon\n|t:|1698359418\n|gametype|doubles\n|player|p1|Savage_Catalyst|2|1336\n|player|p2|rookie dragon|preschooler|1342\n|teamsize|p1|6\n|teamsize|p2|6\n|gen|9\n|tier|[Gen 9] Doubles OU\n|rated|\n|rule|Species Clause: Limit one of each Pok\u00e9mon\n|rule|OHKO Clause: OHKO moves are banned\n|rule|Evasion Moves Clause: Evasion moves are banned\n|rule|Gravity Sleep Clause: The combination of sleep-inducing moves with imperfect accuracy and Gravity or Gigantamax Orbeetle are banned\n|rule|Endless Battle Clause: Forcing endless battles is banned\n|rule|HP Percentage Mod: HP is shown in percentages\n|clearpoke\n|poke|p1|Armarouge, M|\n|poke|p1|Ninetales-Alola, M|\n|poke|p1|Sinistcha-Masterpiece|\n|poke|p1|Iron Hands|\n|poke|p1|Ursaluna-Bloodmoon, M|\n|poke|p1|Ogerpon-Wellspring, F|\n|poke|p2|Inteleon, F|\n|poke|p2|Pelipper, M|\n|poke|p2|Floatzel, F|\n|poke|p2|Walking Wake|\n|poke|p2|Chien-Pao|\n|poke|p2|Dragapult, F|\n|teampreview\n|\n|t:|1698359441\n|start\n|switch|p1a: Iron Hands|Iron Hands, shiny|100\/100\n|switch|p1b: Ninetales|Ninetales-Alola, M|100\/100\n|switch|p2a: Dragapult|Dragapult, F|100\/100\n|switch|p2b: Inteleon|Inteleon, F|100\/100\n|-weather|Snow|[from] ability: Snow Warning|[of] p1b: Ninetales\n|turn|1\n|inactive|Battle timer is ON: inactive players will automatically lose when time's up. (requested by Savage_Catalyst)\n|inactive|rookie dragon has 120 seconds left.\n|inactive|rookie dragon has 90 seconds left.\n|inactive|rookie dragon has 60 seconds left.\n|\n|t:|1698359578\n|switch|p2b: Pelipper|Pelipper, M|100\/100\n|-weather|RainDance|[from] ability: Drizzle|[of] p2b: Pelipper\n|move|p1a: Iron Hands|Fake Out|p2b: Pelipper\n|-damage|p2b: Pelipper|85\/100\n|move|p2a: Dragapult|Fire Blast|p1b: Ninetales\n|-supereffective|p1b: Ninetales\n|-damage|p1b: Ninetales|59\/100\n|-damage|p2a: Dragapult|91\/100|[from] item: Life Orb\n|move|p1b: Ninetales|Blizzard|p2b: Pelipper|[spread] p2b\n|-miss|p1b: Ninetales|p2a: Dragapult\n|-damage|p2b: Pelipper|44\/100\n|\n|-weather|RainDance|[upkeep]\n|upkeep\n|turn|2\n|inactive|rookie dragon has 120 seconds left.\n|\n|t:|1698359626\n|switch|p2b: Walking Wake|Walking Wake|100\/100\n|move|p2a: Dragapult|Thunder|p1b: Ninetales\n|-damage|p1b: Ninetales|21\/100\n|-damage|p2a: Dragapult|81\/100|[from] item: Life Orb\n|move|p1b: Ninetales|Blizzard|p2a: Dragapult|[spread] p2b\n|-miss|p1b: Ninetales|p2a: Dragapult\n|-damage|p2b: Walking Wake|63\/100\n|move|p1a: Iron Hands|Wild Charge|p2b: Walking Wake\n|-damage|p2b: Walking Wake|4\/100\n|-damage|p1a: Iron Hands|89\/100|[from] Recoil\n|\n|-weather|RainDance|[upkeep]\n|upkeep\n|turn|3\n|inactive|rookie dragon has 120 seconds left.\n|inactive|Savage_Catalyst has 120 seconds left.\n|\n|t:|1698359679\n|move|p2a: Dragapult|Thunder|p1b: Ninetales\n|-damage|p1b: Ninetales|0 fnt\n|faint|p1b: Ninetales\n|-damage|p2a: Dragapult|71\/100|[from] item: Life Orb\n|move|p2b: Walking Wake|Draco Meteor|p1a: Iron Hands\n|-damage|p1a: Iron Hands|40\/100\n|-unboost|p2b: Walking Wake|spa|2\n|move|p1a: Iron Hands|Wild Charge|p2b: Walking Wake\n|-damage|p2b: Walking Wake|0 fnt\n|faint|p2b: Walking Wake\n|-end|p2b: Walking Wake|Protosynthesis|[silent]\n|-damage|p1a: Iron Hands|40\/100|[from] Recoil\n|\n|-weather|RainDance|[upkeep]\n|upkeep\n|inactive|Savage_Catalyst has 120 seconds left.\n|\n|t:|1698359696\n|switch|p2b: Inteleon|Inteleon, F|100\/100\n|switch|p1b: Sinistcha|Sinistcha-Masterpiece|100\/100\n|-heal|p1a: Iron Hands|65\/100|[from] ability: Hospitality|[of] p1b: Sinistcha\n|turn|4\n|inactive|Savage_Catalyst has 120 seconds left.\n|\n|t:|1698359713\n|-terastallize|p1b: Sinistcha|Fire\n|move|p2a: Dragapult|Phantom Force||[still]\n|-prepare|p2a: Dragapult|Phantom Force\n|move|p2b: Inteleon|Snipe Shot|p1a: Iron Hands\n|-damage|p1a: Iron Hands|18\/100\n|move|p1b: Sinistcha|Strength Sap|p2a: Dragapult|[miss]\n|-miss|p1b: Sinistcha|p2a: Dragapult\n|move|p1a: Iron Hands|Wild Charge|p2b: Inteleon\n|-supereffective|p2b: Inteleon\n|-damage|p2b: Inteleon|0 fnt\n|faint|p2b: Inteleon\n|-damage|p1a: Iron Hands|2\/100|[from] Recoil\n|\n|-weather|RainDance|[upkeep]\n|upkeep\n|\n|t:|1698359732\n|switch|p2b: Chien-Pao|Chien-Pao|100\/100\n|-ability|p2b: Chien-Pao|Sword of Ruin\n|turn|5\n|\n|t:|1698359742\n|switch|p1b: Ursaluna|Ursaluna-Bloodmoon, M|100\/100\n|move|p2b: Chien-Pao|Ice Shard|p1a: Iron Hands\n|-damage|p1a: Iron Hands|0 fnt\n|faint|p1a: Iron Hands\n|-end|p1a: Iron Hands|Quark Drive|[silent]\n|move|p2a: Dragapult|Phantom Force|p1b: Ursaluna|[from]lockedmove\n|-immune|p1b: Ursaluna\n|\n|-weather|RainDance|[upkeep]\n|upkeep\n|\n|t:|1698359757\n|switch|p1a: Sinistcha|Sinistcha-Masterpiece, tera:Fire|100\/100\n|turn|6\n|\n|t:|1698359771\n|move|p1b: Ursaluna|Protect|p1b: Ursaluna\n|-singleturn|p1b: Ursaluna|Protect\n|move|p2a: Dragapult|Dragon Darts|p1a: Sinistcha\n|-damage|p1a: Sinistcha|58\/100\n|-anim|p2a: Dragapult|Dragon Darts|p1a: Sinistcha\n|-damage|p1a: Sinistcha|20\/100\n|-enditem|p1a: Sinistcha|Sitrus Berry|[eat]\n|-heal|p1a: Sinistcha|45\/100|[from] item: Sitrus Berry\n|-damage|p2a: Dragapult|61\/100|[from] item: Life Orb\n|move|p2b: Chien-Pao|Ice Spinner|p1b: Ursaluna\n|-activate|p1b: Ursaluna|move: Protect\n|move|p1a: Sinistcha|Matcha Gotcha|p2a: Dragapult|[spread] p2a,p2b\n|-resisted|p2a: Dragapult\n|-damage|p2a: Dragapult|44\/100\n|-heal|p1a: Sinistcha|53\/100|[from] drain|[of] p2a: Dragapult\n|-damage|p2b: Chien-Pao|59\/100\n|-heal|p1a: Sinistcha|73\/100|[from] drain|[of] p2b: Chien-Pao\n|\n|-weather|RainDance|[upkeep]\n|upkeep\n|turn|7\n|inactive|Savage_Catalyst has 120 seconds left.\n|\n|t:|1698359807\n|switch|p1b: Armarouge|Armarouge, M|100\/100\n|move|p2a: Dragapult|Dragon Darts|p1a: Sinistcha\n|-damage|p1a: Sinistcha|32\/100\n|-anim|p2a: Dragapult|Dragon Darts|p1b: Armarouge\n|-damage|p1b: Armarouge|66\/100\n|-damage|p2a: Dragapult|35\/100|[from] item: Life Orb\n|move|p2b: Chien-Pao|Sacred Sword|p1a: Sinistcha\n|-crit|p1a: Sinistcha\n|-damage|p1a: Sinistcha|0 fnt\n|faint|p1a: Sinistcha\n|\n|-weather|RainDance|[upkeep]\n|-damage|p1b: Armarouge|53\/100|[from] item: Sticky Barb\n|upkeep\n|-message|Savage_Catalyst forfeited.\n|\n|win|rookie dragon\n|raw|Savage_Catalyst's rating: 1336 &rarr; <strong>1317<\/strong><br \/>(-19 for losing)\n|raw|rookie dragon's rating: 1356 &rarr; <strong>1375<\/strong><br \/>(+19 for winning)\n|l|\u2606Savage_Catalyst\n","uploadtime":1698359850,"views":21,"p1id":"savagecatalyst","p2id":"rookiedragon","formatid":"gen9doublesou","rating":1317,"private":0,"password":""}