{"id":"gen9doublesou-1968226691","p1":"pigvar","p2":"heaff","format":"[Gen 9] Doubles OU","log":"|html|<div class=\"broadcast-blue\"><strong>[Gen 9] Doubles OU is currently suspecting Basculegion & Flutter Mane! For information on how to participate check out the <a href=\"https:\/\/www.smogon.com\/forums\/threads\/np-sv-dou-stage-8-double-trouble.3729153\/\">suspect thread<\/a>.<\/strong><\/div>\n|j|\u2606pigvar\n|j|\u2606heaff\n|t:|1697396757\n|gametype|doubles\n|player|p1|pigvar|mira|\n|player|p2|heaff|1|\n|teamsize|p1|6\n|teamsize|p2|6\n|gen|9\n|tier|[Gen 9] Doubles OU\n|rule|Species Clause: Limit one of each Pok\u00e9mon\n|rule|OHKO Clause: OHKO moves are banned\n|rule|Evasion Moves Clause: Evasion moves are banned\n|rule|Gravity Sleep Clause: The combination of sleep-inducing moves with imperfect accuracy and Gravity or Gigantamax Orbeetle are banned\n|rule|Endless Battle Clause: Forcing endless battles is banned\n|rule|HP Percentage Mod: HP is shown in percentages\n|clearpoke\n|poke|p1|Pelipper, F|\n|poke|p1|Palafin, M|\n|poke|p1|Hatterene, F|\n|poke|p1|Thundurus-Therian, M|\n|poke|p1|Azelf|\n|poke|p1|Chien-Pao|\n|poke|p2|Roaring Moon|\n|poke|p2|Tinkaton, F|\n|poke|p2|Dragonite, M|\n|poke|p2|Mew|\n|poke|p2|Regieleki|\n|poke|p2|Great Tusk|\n|teampreview\n|c|\u2606heaff|thanks\n|c|\u2606pigvar|oh and this 1pm fucker told me \"there is no way they bring roaring moon\" and talked me out of my perfect roaring moon counter\n|c|\u2606heaff|lol\n|\n|t:|1697396804\n|start\n|switch|p1a: Chien-Pao|Chien-Pao|100\/100\n|switch|p1b: Hatterene|Hatterene, F|100\/100\n|switch|p2a: Roaring Moon|Roaring Moon|100\/100\n|switch|p2b: Tinkaton|Tinkaton, F|100\/100\n|-ability|p1a: Chien-Pao|Sword of Ruin\n|-enditem|p2a: Roaring Moon|Booster Energy\n|-activate|p2a: Roaring Moon|ability: Protosynthesis|[fromitem]\n|-start|p2a: Roaring Moon|protosynthesisspe\n|turn|1\n|c|\u2606pigvar|while u guys rlly think about this move imma grab some water\n|\n|t:|1697396960\n|switch|p1b: Pelipper|Pelipper, F|100\/100\n|-weather|RainDance|[from] ability: Drizzle|[of] p1b: Pelipper\n|move|p2a: Roaring Moon|Rock Slide|p1b: Pelipper|[spread] p1a,p1b\n|-supereffective|p1a: Chien-Pao\n|-supereffective|p1b: Pelipper\n|-damage|p1a: Chien-Pao|47\/100\n|-damage|p1b: Pelipper|61\/100\n|move|p1a: Chien-Pao|Sacred Sword|p2a: Roaring Moon\n|-supereffective|p2a: Roaring Moon\n|-damage|p2a: Roaring Moon|0 fnt\n|faint|p2a: Roaring Moon\n|-end|p2a: Roaring Moon|Protosynthesis|[silent]\n|move|p2b: Tinkaton|Gigaton Hammer|p1a: Chien-Pao\n|-supereffective|p1a: Chien-Pao\n|-damage|p1a: Chien-Pao|0 fnt\n|faint|p1a: Chien-Pao\n|\n|-weather|RainDance|[upkeep]\n|-heal|p1b: Pelipper|67\/100|[from] item: Leftovers\n|upkeep\n|\n|t:|1697396988\n|switch|p2a: Regieleki|Regieleki|100\/100\n|switch|p1a: Thundurus|Thundurus-Therian, M|100\/100\n|turn|2\n|inactive|Battle timer is ON: inactive players will automatically lose when time's up. (requested by pigvar)\n|c|\u2606pigvar|im back ;D\n|inactive|heaff has 270 seconds left.\n|inactive|heaff has 240 seconds left.\n|inactive|heaff has 210 seconds left.\n|c|\u2606pigvar|u guys here?\n|c|\u2606heaff|ye\n|\n|t:|1697397105\n|move|p2b: Tinkaton|Protect|p2b: Tinkaton\n|-singleturn|p2b: Tinkaton|Protect\n|move|p1b: Pelipper|Protect|p1b: Pelipper\n|-singleturn|p1b: Pelipper|Protect\n|move|p2a: Regieleki|Thunderbolt|p1b: Pelipper\n|-activate|p1b: Pelipper|move: Protect\n|move|p1a: Thundurus|Sludge Bomb|p2a: Regieleki\n|-enditem|p2a: Regieleki|Focus Sash\n|-damage|p2a: Regieleki|1\/100\n|\n|-weather|RainDance|[upkeep]\n|-heal|p1b: Pelipper|73\/100|[from] item: Leftovers\n|upkeep\n|turn|3\n|inactive|heaff has 270 seconds left.\n|inactive|pigvar has 270 seconds left.\n|inactive|heaff has 240 seconds left.\n|\n|t:|1697397152\n|switch|p1a: Palafin|Palafin, M|100\/100\n|switch|p2b: Mew|Mew|100\/100\n|switch|p1b: Hatterene|Hatterene, F|100\/100\n|move|p2a: Regieleki|Thunderbolt|p1b: Hatterene\n|-damage|p1b: Hatterene|38\/100\n|\n|-weather|RainDance|[upkeep]\n|-heal|p1b: Hatterene|44\/100|[from] item: Leftovers\n|upkeep\n|turn|4\n|inactive|heaff has 240 seconds left.\n|inactive|heaff has 210 seconds left.\n|\n|t:|1697397223\n|switch|p1b: Azelf|Azelf|100\/100\n|move|p2a: Regieleki|Protect|p2a: Regieleki\n|-singleturn|p2a: Regieleki|Protect\n|move|p1a: Palafin|Jet Punch|p2a: Regieleki\n|-activate|p2a: Regieleki|move: Protect\n|move|p2b: Mew|Iron Defense|p2b: Mew\n|-boost|p2b: Mew|def|2\n|\n|-weather|RainDance|[upkeep]\n|upkeep\n|turn|5\n|inactive|heaff has 180 seconds left.\n|\n|t:|1697397274\n|switch|p2a: Dragonite|Dragonite, M|100\/100\n|move|p1a: Palafin|Jet Punch|p2a: Dragonite\n|-resisted|p2a: Dragonite\n|-damage|p2a: Dragonite|93\/100\n|move|p1b: Azelf|Taunt|p2b: Mew\n|-start|p2b: Mew|move: Taunt\n|cant|p2b: Mew|move: Taunt|Calm Mind\n|\n|-weather|none\n|upkeep\n|turn|6\n|inactive|heaff has 180 seconds left.\n|inactive|heaff has 150 seconds left.\n|\n|t:|1697397327\n|detailschange|p1a: Palafin|Palafin-Hero, M\n|switch|p1a: Pelipper|Pelipper, F|73\/100\n|-weather|RainDance|[from] ability: Drizzle|[of] p1a: Pelipper\n|-terastallize|p2a: Dragonite|Normal\n|move|p2a: Dragonite|Extreme Speed|p1a: Pelipper\n|-damage|p1a: Pelipper|19\/100\n|move|p1b: Azelf|Dazzling Gleam|p2b: Mew|[spread] p2a,p2b\n|-damage|p2a: Dragonite|67\/100\n|-damage|p2b: Mew|79\/100\n|-damage|p1b: Azelf|91\/100|[from] item: Life Orb\n|move|p2b: Mew|Pollen Puff|p1b: Azelf\n|-supereffective|p1b: Azelf\n|-damage|p1b: Azelf|23\/100\n|\n|-weather|RainDance|[upkeep]\n|-heal|p2b: Mew|85\/100|[from] item: Leftovers\n|-heal|p1a: Pelipper|25\/100|[from] item: Leftovers\n|upkeep\n|turn|7\n|inactive|heaff has 150 seconds left.\n|\n|t:|1697397366\n|move|p2a: Dragonite|Extreme Speed|p1b: Azelf\n|-damage|p1b: Azelf|0 fnt\n|faint|p1b: Azelf\n|move|p2b: Mew|Pollen Puff|p2a: Dragonite\n|-heal|p2a: Dragonite|100\/100\n|move|p1a: Pelipper|Knock Off|p2b: Mew\n|-supereffective|p2b: Mew\n|-damage|p2b: Mew|76\/100\n|-enditem|p2b: Mew|Leftovers|[from] move: Knock Off|[of] p1a: Pelipper\n|\n|-weather|RainDance|[upkeep]\n|-heal|p1a: Pelipper|32\/100|[from] item: Leftovers\n|-end|p2b: Mew|move: Taunt\n|upkeep\n|\n|t:|1697397375\n|switch|p1b: Palafin|Palafin-Hero, M|100\/100\n|-activate|p1b: Palafin|ability: Zero to Hero\n|turn|8\n|inactive|heaff has 150 seconds left.\n|inactive|pigvar has 270 seconds left.\n|\n|t:|1697397418\n|-terastallize|p1b: Palafin|Fighting\n|move|p2a: Dragonite|Extreme Speed|p1b: Palafin\n|-damage|p1b: Palafin|22\/100\n|move|p2b: Mew|Pollen Puff|p2a: Dragonite\n|-immune|p2a: Dragonite\n|move|p1b: Palafin|Drain Punch|p2a: Dragonite\n|-supereffective|p2a: Dragonite\n|-damage|p2a: Dragonite|54\/100\n|-heal|p1b: Palafin|49\/100|[from] drain|[of] p2a: Dragonite\n|move|p1a: Pelipper|U-turn|p2b: Mew\n|-supereffective|p2b: Mew\n|-damage|p2b: Mew|71\/100\n|\n|t:|1697397434\n|switch|p1a: Thundurus|Thundurus-Therian, M|100\/100|[from] U-turn\n|\n|-weather|RainDance|[upkeep]\n|upkeep\n|turn|9\n|inactive|pigvar has 270 seconds left.\n|\n|t:|1697397463\n|move|p2a: Dragonite|Extreme Speed|p1b: Palafin\n|-damage|p1b: Palafin|0 fnt\n|faint|p1b: Palafin\n|move|p1a: Thundurus|Wildbolt Storm|p2b: Mew|[spread] p2a,p2b\n|-damage|p2a: Dragonite|0 fnt\n|-damage|p2b: Mew|23\/100\n|faint|p2a: Dragonite\n|move|p2b: Mew|Pollen Puff|p2: Dragonite|[notarget]\n|-fail|p2b: Mew\n|\n|-weather|RainDance|[upkeep]\n|upkeep\n|inactive|pigvar has 270 seconds left.\n|inactive|heaff has 180 seconds left.\n|\n|t:|1697397492\n|switch|p1b: Hatterene|Hatterene, F|44\/100\n|switch|p2a: Tinkaton|Tinkaton, F|100\/100\n|turn|10\n|inactive|heaff has 180 seconds left.\n|inactive|heaff has 150 seconds left.\n|\n|t:|1697397544\n|switch|p1b: Pelipper|Pelipper, F|32\/100\n|move|p2a: Tinkaton|Fake Out|p1a: Thundurus\n|-damage|p1a: Thundurus|88\/100\n|cant|p1a: Thundurus|flinch\n|move|p2b: Mew|Calm Mind|p2b: Mew\n|-boost|p2b: Mew|spa|1\n|-boost|p2b: Mew|spd|1\n|\n|-weather|none\n|-heal|p1b: Pelipper|38\/100|[from] item: Leftovers\n|upkeep\n|turn|11\n|inactive|heaff has 150 seconds left.\n|\n|t:|1697397584\n|move|p1a: Thundurus|Wildbolt Storm|p2a: Tinkaton|[spread] p2b\n|-miss|p1a: Thundurus|p2a: Tinkaton\n|-damage|p2b: Mew|0 fnt\n|faint|p2b: Mew\n|move|p2a: Tinkaton|Gigaton Hammer|p1a: Thundurus\n|-resisted|p1a: Thundurus\n|-damage|p1a: Thundurus|52\/100\n|move|p1b: Pelipper|U-turn|p2a: Tinkaton\n|-resisted|p2a: Tinkaton\n|-damage|p2a: Tinkaton|99\/100\n|\n|t:|1697397590\n|switch|p1b: Hatterene|Hatterene, F|44\/100|[from] U-turn\n|\n|-heal|p2a: Tinkaton|100\/100|[from] item: Leftovers\n|-heal|p1b: Hatterene|50\/100|[from] item: Leftovers\n|upkeep\n|\n|t:|1697397601\n|switch|p2b: Great Tusk|Great Tusk|100\/100\n|turn|12\n|inactive|heaff has 150 seconds left.\n|\n|t:|1697397637\n|move|p2a: Tinkaton|Protect|p2a: Tinkaton\n|-singleturn|p2a: Tinkaton|Protect\n|move|p1a: Thundurus|Wildbolt Storm|p2b: Great Tusk|[spread] \n|-activate|p2a: Tinkaton|move: Protect\n|-immune|p2b: Great Tusk\n|move|p2b: Great Tusk|Rock Slide|p1b: Hatterene|[spread] p1a,p1b\n|-supereffective|p1a: Thundurus\n|-damage|p1a: Thundurus|0 fnt\n|-damage|p1b: Hatterene|27\/100\n|faint|p1a: Thundurus\n|cant|p1b: Hatterene|flinch\n|\n|-heal|p1b: Hatterene|33\/100|[from] item: Leftovers\n|upkeep\n|inactive|pigvar has 270 seconds left.\n|\n|t:|1697397647\n|switch|p1a: Pelipper|Pelipper, F|38\/100\n|-weather|RainDance|[from] ability: Drizzle|[of] p1a: Pelipper\n|turn|13\n|c|\u2606pigvar|ggs\n|inactive|heaff has 150 seconds left.\n|\n|t:|1697397666\n|move|p2a: Tinkaton|Gigaton Hammer|p1b: Hatterene\n|-supereffective|p1b: Hatterene\n|-damage|p1b: Hatterene|0 fnt\n|faint|p1b: Hatterene\n|move|p2b: Great Tusk|Rock Slide|p1a: Pelipper\n|-supereffective|p1a: Pelipper\n|-damage|p1a: Pelipper|0 fnt\n|faint|p1a: Pelipper\n|\n|win|heaff\n","uploadtime":1697397674,"views":6,"p1id":"pigvar","p2id":"heaff","formatid":"gen9doublesou","rating":0,"private":0,"password":""}