{"id":"gen9doublesou-1998412654","p1":"BullishBandit","p2":"lord money shot","format":"[Gen 9] Doubles OU","log":"|j|\u2606BullishBandit\n|j|\u2606lord money shot\n|t:|1700939474\n|gametype|doubles\n|player|p1|BullishBandit|102|1158\n|player|p2|lord money shot|dawn|1068\n|teamsize|p1|6\n|teamsize|p2|5\n|gen|9\n|tier|[Gen 9] Doubles OU\n|rated|\n|rule|Species Clause: Limit one of each Pok\u00e9mon\n|rule|OHKO Clause: OHKO moves are banned\n|rule|Evasion Moves Clause: Evasion moves are banned\n|rule|Gravity Sleep Clause: The combination of sleep-inducing moves with imperfect accuracy and Gravity or Gigantamax Orbeetle are banned\n|rule|Endless Battle Clause: Forcing endless battles is banned\n|rule|HP Percentage Mod: HP is shown in percentages\n|clearpoke\n|poke|p1|Gholdengo|\n|poke|p1|Garganacl, F|\n|poke|p1|Maushold|\n|poke|p1|Toxapex, M|\n|poke|p1|Garchomp, F|\n|poke|p1|Tinkaton, F|\n|poke|p2|Dragapult, M|\n|poke|p2|Chien-Pao|\n|poke|p2|Heatran, F|\n|poke|p2|Tornadus, M|\n|poke|p2|Amoonguss, M|\n|teampreview\n|\n|t:|1700939479\n|start\n|switch|p1a: Tinkaton|Tinkaton, F|100\/100\n|switch|p1b: Garganacl|Garganacl, F, shiny|100\/100\n|switch|p2a: Dragapult|Dragapult, M, shiny|100\/100\n|switch|p2b: Chien-Pao|Chien-Pao|100\/100\n|-ability|p2b: Chien-Pao|Sword of Ruin\n|turn|1\n|\n|t:|1700939497\n|move|p1a: Tinkaton|Fake Out|p2b: Chien-Pao\n|-damage|p2b: Chien-Pao|86\/100\n|move|p2a: Dragapult|Phantom Force||[still]\n|-prepare|p2a: Dragapult|Phantom Force\n|cant|p2b: Chien-Pao|flinch\n|move|p1b: Garganacl|Salt Cure|p2a: Dragapult|[miss]\n|-miss|p1b: Garganacl|p2a: Dragapult\n|\n|upkeep\n|turn|2\n|\n|t:|1700939521\n|switch|p1a: Maushold|Maushold|100\/100\n|move|p1b: Garganacl|Protect|p1b: Garganacl\n|-singleturn|p1b: Garganacl|Protect\n|move|p2a: Dragapult|Phantom Force|p1a: Maushold|[from]lockedmove\n|-immune|p1a: Maushold\n|move|p2b: Chien-Pao|Sacred Sword|p1b: Garganacl\n|-activate|p1b: Garganacl|move: Protect\n|\n|upkeep\n|turn|3\n|\n|t:|1700939558\n|switch|p1b: Garchomp|Garchomp, F|100\/100\n|-terastallize|p2a: Dragapult|Steel\n|move|p2a: Dragapult|Tera Blast|p1b: Garchomp|[anim] Tera Blast Steel\n|-damage|p1b: Garchomp|65\/100\n|move|p2b: Chien-Pao|Sacred Sword|p1a: Maushold\n|-supereffective|p1a: Maushold\n|-damage|p1a: Maushold|0 fnt\n|faint|p1a: Maushold\n|\n|upkeep\n|\n|t:|1700939571\n|switch|p1a: Tinkaton|Tinkaton, F|100\/100\n|turn|4\n|\n|t:|1700939590\n|switch|p2b: Amoonguss|Amoonguss, M|100\/100\n|move|p2a: Dragapult|Dragon Darts|p1b: Garchomp\n|-supereffective|p1b: Garchomp\n|-damage|p1b: Garchomp|21\/100\n|-anim|p2a: Dragapult|Dragon Darts|p1b: Garchomp\n|-supereffective|p1b: Garchomp\n|-damage|p1b: Garchomp|0 fnt\n|faint|p1b: Garchomp\n|move|p1a: Tinkaton|Play Rough|p2b: Amoonguss\n|-resisted|p2b: Amoonguss\n|-damage|p2b: Amoonguss|84\/100\n|\n|upkeep\n|\n|t:|1700939603\n|switch|p1b: Garganacl|Garganacl, F, shiny|100\/100\n|turn|5\n|\n|t:|1700939613\n|move|p1a: Tinkaton|Protect|p1a: Tinkaton\n|-singleturn|p1a: Tinkaton|Protect\n|move|p2a: Dragapult|Tera Blast|p1a: Tinkaton|[anim] Tera Blast Steel\n|-activate|p1a: Tinkaton|move: Protect\n|move|p1b: Garganacl|Salt Cure|p2a: Dragapult\n|-resisted|p2a: Dragapult\n|-damage|p2a: Dragapult|90\/100\n|-start|p2a: Dragapult|Salt Cure\n|move|p2b: Amoonguss|Spore|p1a: Tinkaton\n|-activate|p1a: Tinkaton|move: Protect\n|\n|-heal|p2a: Dragapult|96\/100|[from] item: Leftovers\n|-damage|p2a: Dragapult|71\/100|[from] Salt Cure\n|upkeep\n|turn|6\n|\n|t:|1700939658\n|switch|p1a: Gholdengo|Gholdengo|100\/100\n|switch|p2b: Chien-Pao|Chien-Pao|86\/100\n|-ability|p2b: Chien-Pao|Sword of Ruin\n|move|p2a: Dragapult|Protect|p2a: Dragapult\n|-singleturn|p2a: Dragapult|Protect\n|move|p1b: Garganacl|Salt Cure|p2b: Chien-Pao\n|-supereffective|p2b: Chien-Pao\n|-damage|p2b: Chien-Pao|40\/100\n|-start|p2b: Chien-Pao|Salt Cure\n|\n|-heal|p2a: Dragapult|77\/100|[from] item: Leftovers\n|-damage|p2a: Dragapult|52\/100|[from] Salt Cure\n|-damage|p2b: Chien-Pao|28\/100|[from] Salt Cure\n|upkeep\n|turn|7\n|\n|t:|1700939689\n|switch|p1a: Toxapex|Toxapex, M|100\/100\n|move|p1b: Garganacl|Protect|p1b: Garganacl\n|-singleturn|p1b: Garganacl|Protect\n|move|p2b: Chien-Pao|Sucker Punch||[still]\n|-fail|p2b: Chien-Pao\n|move|p2a: Dragapult|Tera Blast|p1b: Garganacl|[anim] Tera Blast Steel\n|-activate|p1b: Garganacl|move: Protect\n|\n|-heal|p2a: Dragapult|58\/100|[from] item: Leftovers\n|-damage|p2a: Dragapult|33\/100|[from] Salt Cure\n|-damage|p2b: Chien-Pao|16\/100|[from] Salt Cure\n|upkeep\n|turn|8\n|\n|t:|1700939713\n|move|p1a: Toxapex|Baneful Bunker|p1a: Toxapex\n|-singleturn|p1a: Toxapex|move: Protect\n|move|p2a: Dragapult|Tera Blast|p1b: Garganacl|[anim] Tera Blast Steel\n|-supereffective|p1b: Garganacl\n|-damage|p1b: Garganacl|29\/100\n|move|p2b: Chien-Pao|Sacred Sword|p1b: Garganacl\n|-supereffective|p1b: Garganacl\n|-damage|p1b: Garganacl|0 fnt\n|faint|p1b: Garganacl\n|\n|-heal|p2a: Dragapult|39\/100|[from] item: Leftovers\n|-damage|p2a: Dragapult|14\/100|[from] Salt Cure\n|-damage|p2b: Chien-Pao|3\/100|[from] Salt Cure\n|upkeep\n|\n|t:|1700939726\n|switch|p1b: Gholdengo|Gholdengo|100\/100\n|turn|9\n|\n|t:|1700939735\n|move|p1b: Gholdengo|Protect|p1b: Gholdengo\n|-singleturn|p1b: Gholdengo|Protect\n|move|p2b: Chien-Pao|Sucker Punch||[still]\n|-fail|p2b: Chien-Pao\n|move|p2a: Dragapult|Phantom Force||[still]\n|-prepare|p2a: Dragapult|Phantom Force\n|move|p1a: Toxapex|Iron Defense|p1a: Toxapex\n|-boost|p1a: Toxapex|def|2\n|\n|-heal|p2a: Dragapult|20\/100|[from] item: Leftovers\n|-damage|p2a: Dragapult|0 fnt|[from] Salt Cure\n|faint|p2a: Dragapult\n|-damage|p2b: Chien-Pao|0 fnt|[from] Salt Cure\n|faint|p2b: Chien-Pao\n|upkeep\n|\n|t:|1700939749\n|switch|p2a: Heatran|Heatran, F, shiny|100\/100\n|switch|p2b: Tornadus|Tornadus, M, shiny|100\/100\n|-item|p2a: Heatran|Air Balloon\n|turn|10\n|\n|t:|1700939776\n|move|p1a: Toxapex|Baneful Bunker|p1a: Toxapex\n|-singleturn|p1a: Toxapex|move: Protect\n|move|p2b: Tornadus|Icy Wind|p1b: Gholdengo|[spread] p1b\n|-activate|p1a: Toxapex|move: Protect\n|-resisted|p1b: Gholdengo\n|-damage|p1b: Gholdengo|93\/100\n|-unboost|p1b: Gholdengo|spe|1\n|move|p2a: Heatran|Lava Plume|p1a: Toxapex|[spread] p2b,p1b\n|-activate|p1a: Toxapex|move: Protect\n|-supereffective|p1b: Gholdengo\n|-damage|p2b: Tornadus|67\/100\n|-damage|p1b: Gholdengo|33\/100\n|move|p1b: Gholdengo|Nasty Plot|p1b: Gholdengo\n|-boost|p1b: Gholdengo|spa|2\n|\n|upkeep\n|turn|11\n|\n|t:|1700939808\n|switch|p2b: Amoonguss|Amoonguss, M|100\/100\n|-terastallize|p1b: Gholdengo|Steel\n|move|p1a: Toxapex|Wide Guard|p1a: Toxapex\n|-singleturn|p1a: Toxapex|Wide Guard\n|move|p2a: Heatran|Lava Plume|p1b: Gholdengo|[spread] p2b\n|-activate|p1a: Toxapex|move: Wide Guard\n|-activate|p1b: Gholdengo|move: Wide Guard\n|-supereffective|p2b: Amoonguss\n|-damage|p2b: Amoonguss|43\/100\n|move|p1b: Gholdengo|Make It Rain|p2b: Amoonguss|[spread] p2a,p2b\n|-resisted|p2a: Heatran\n|-damage|p2a: Heatran|66\/100\n|-damage|p2b: Amoonguss|0 fnt\n|-unboost|p1b: Gholdengo|spa|1\n|-enditem|p2a: Heatran|Air Balloon\n|faint|p2b: Amoonguss\n|\n|upkeep\n|\n|t:|1700939831\n|switch|p2b: Tornadus|Tornadus, M, shiny|67\/100\n|turn|12\n|\n|t:|1700939847\n|move|p2a: Heatran|Protect|p2a: Heatran\n|-singleturn|p2a: Heatran|Protect\n|move|p1a: Toxapex|Wide Guard|p1a: Toxapex\n|-singleturn|p1a: Toxapex|Wide Guard\n|move|p2b: Tornadus|Tailwind|p2b: Tornadus\n|-sidestart|p2: lord money shot|move: Tailwind\n|move|p1b: Gholdengo|Shadow Ball|p2a: Heatran\n|-activate|p2a: Heatran|move: Protect\n|\n|upkeep\n|turn|13\n|\n|t:|1700939862\n|move|p1a: Toxapex|Wide Guard|p1a: Toxapex\n|-singleturn|p1a: Toxapex|Wide Guard\n|move|p2b: Tornadus|Air Slash|p1a: Toxapex\n|-damage|p1a: Toxapex|62\/100\n|move|p2a: Heatran|Power Gem|p1a: Toxapex\n|-damage|p1a: Toxapex|39\/100\n|move|p1b: Gholdengo|Shadow Ball|p2a: Heatran\n|-damage|p2a: Heatran|2\/100\n|-unboost|p2a: Heatran|spd|1\n|\n|upkeep\n|turn|14\n|\n|t:|1700939886\n|move|p1b: Gholdengo|Protect|p1b: Gholdengo\n|-singleturn|p1b: Gholdengo|Protect\n|move|p2b: Tornadus|Air Slash|p1a: Toxapex\n|-damage|p1a: Toxapex|4\/100\n|move|p2a: Heatran|Lava Plume|p1a: Toxapex|[spread] p2b,p1a\n|-activate|p1b: Gholdengo|move: Protect\n|-resisted|p1a: Toxapex\n|-damage|p2b: Tornadus|30\/100\n|-damage|p1a: Toxapex|0 fnt\n|-status|p2b: Tornadus|brn\n|faint|p1a: Toxapex\n|\n|-damage|p2b: Tornadus|24\/100 brn|[from] brn\n|upkeep\n|-enditem|p2b: Tornadus|Aguav Berry|[eat]\n|-heal|p2b: Tornadus|57\/100 brn|[from] item: Aguav Berry\n|\n|t:|1700939900\n|switch|p1a: Tinkaton|Tinkaton, F|100\/100\n|turn|15\n|\n|t:|1700939917\n|move|p2a: Heatran|Protect|p2a: Heatran\n|-singleturn|p2a: Heatran|Protect\n|move|p1a: Tinkaton|Fake Out|p2a: Heatran\n|-activate|p2a: Heatran|move: Protect\n|move|p2b: Tornadus|Icy Wind|p1b: Gholdengo|[spread] p1a,p1b\n|-resisted|p1a: Tinkaton\n|-resisted|p1b: Gholdengo\n|-damage|p1a: Tinkaton|94\/100\n|-damage|p1b: Gholdengo|26\/100\n|-unboost|p1a: Tinkaton|spe|1\n|-unboost|p1b: Gholdengo|spe|1\n|move|p1b: Gholdengo|Make It Rain|p2b: Tornadus|[spread] p2b\n|-activate|p2a: Heatran|move: Protect\n|-damage|p2b: Tornadus|0 fnt\n|-unboost|p1b: Gholdengo|spa|1\n|faint|p2b: Tornadus\n|\n|-sideend|p2: lord money shot|move: Tailwind\n|upkeep\n|turn|16\n|\n|t:|1700939940\n|move|p2a: Heatran|Lava Plume|p1a: Tinkaton|[spread] p1a,p1b\n|-supereffective|p1a: Tinkaton\n|-supereffective|p1b: Gholdengo\n|-damage|p1a: Tinkaton|30\/100\n|-damage|p1b: Gholdengo|0 fnt\n|faint|p1b: Gholdengo\n|move|p1a: Tinkaton|Play Rough|p2a: Heatran\n|-resisted|p2a: Heatran\n|-damage|p2a: Heatran|0 fnt\n|faint|p2a: Heatran\n|\n|win|BullishBandit\n|raw|BullishBandit's rating: 1175 &rarr; <strong>1193<\/strong><br \/>(+18 for winning)\n|raw|lord money shot's rating: 1068 &rarr; <strong>1054<\/strong><br \/>(-14 for losing)\n|c|\u2606BullishBandit|gg\n|l|\u2606lord money shot\n","uploadtime":1700939961,"views":6,"p1id":"bullishbandit","p2id":"lordmoneyshot","formatid":"gen9doublesou","rating":1054,"private":0,"password":""}