{"id":"gen9doublesou-1982024018","p1":"Henriquenorio","p2":"zdorg","format":"[Gen 9] Doubles OU","log":"|j|\u2606Henriquenorio\n|j|\u2606zdorg\n|t:|1698960563\n|gametype|doubles\n|player|p1|Henriquenorio|265|1537\n|player|p2|zdorg|drayden|1492\n|teamsize|p1|6\n|teamsize|p2|6\n|gen|9\n|tier|[Gen 9] Doubles OU\n|rated|\n|rule|Species Clause: Limit one of each Pok\u00e9mon\n|rule|OHKO Clause: OHKO moves are banned\n|rule|Evasion Moves Clause: Evasion moves are banned\n|rule|Gravity Sleep Clause: The combination of sleep-inducing moves with imperfect accuracy and Gravity or Gigantamax Orbeetle are banned\n|rule|Endless Battle Clause: Forcing endless battles is banned\n|rule|HP Percentage Mod: HP is shown in percentages\n|clearpoke\n|poke|p1|Dudunsparce-*, F|\n|poke|p1|Cresselia, F|\n|poke|p1|Indeedee-F, F|\n|poke|p1|Armarouge, M|\n|poke|p1|Diancie|\n|poke|p1|Wo-Chien|\n|poke|p2|Thundurus, M|\n|poke|p2|Mamoswine, F|\n|poke|p2|Heatran, F|\n|poke|p2|Cresselia, F|\n|poke|p2|Sneasler, F|\n|poke|p2|Dachsbun, M|\n|teampreview\n|inactive|Battle timer is ON: inactive players will automatically lose when time's up. (requested by Henriquenorio)\n|inactive|zdorg has 120 seconds left.\n|\n|t:|1698960628\n|start\n|switch|p1a: Indeedee|Indeedee-F, F|100\/100\n|switch|p1b: Armarouge|Armarouge, M|100\/100\n|switch|p2a: Heatran|Heatran, F|100\/100\n|switch|p2b: Thundurus|Thundurus, M|100\/100\n|-fieldstart|move: Psychic Terrain|[from] ability: Psychic Surge|[of] p1a: Indeedee\n|turn|1\n|\n|t:|1698960658\n|move|p2b: Thundurus|Wildbolt Storm|p1b: Armarouge|[spread] p1a,p1b\n|-damage|p1a: Indeedee|70\/100\n|-damage|p1b: Armarouge|63\/100\n|move|p2a: Heatran|Earth Power|p1b: Armarouge\n|-supereffective|p1b: Armarouge\n|-damage|p1b: Armarouge|0 fnt\n|faint|p1b: Armarouge\n|move|p1a: Indeedee|Trick Room|p1a: Indeedee\n|-fieldstart|move: Trick Room|[of] p1a: Indeedee\n|\n|upkeep\n|inactive|Henriquenorio has 120 seconds left.\n|\n|t:|1698960683\n|switch|p1b: Dudunsparce|Dudunsparce, F|100\/100\n|turn|2\n|inactive|Henriquenorio has 120 seconds left.\n|\n|t:|1698960700\n|switch|p2b: Dachsbun|Dachsbun, M|100\/100\n|move|p1b: Dudunsparce|Coil|p1b: Dudunsparce\n|-boost|p1b: Dudunsparce|atk|1\n|-boost|p1b: Dudunsparce|def|1\n|-boost|p1b: Dudunsparce|accuracy|1\n|move|p1a: Indeedee|Light Screen|p1a: Indeedee\n|-sidestart|p1: Henriquenorio|move: Light Screen\n|move|p2a: Heatran|Lava Plume|p1b: Dudunsparce|[spread] p1a,p1b\n|-ability|p2b: Dachsbun|Well-Baked Body|boost\n|-boost|p2b: Dachsbun|def|2\n|-damage|p1a: Indeedee|50\/100\n|-damage|p1b: Dudunsparce|88\/100\n|-status|p1a: Indeedee|brn\n|-status|p1b: Dudunsparce|brn\n|\n|-heal|p1b: Dudunsparce|94\/100 brn|[from] item: Leftovers\n|-damage|p1b: Dudunsparce|88\/100 brn|[from] brn\n|-damage|p1a: Indeedee|44\/100 brn|[from] brn\n|upkeep\n|turn|3\n|inactive|Henriquenorio has 120 seconds left.\n|\n|t:|1698960728\n|-terastallize|p2b: Dachsbun|Steel\n|move|p1b: Dudunsparce|Rock Slide|p2b: Dachsbun|[spread] p2a,p2b\n|-resisted|p2b: Dachsbun\n|-damage|p2a: Heatran|92\/100\n|-damage|p2b: Dachsbun|99\/100\n|move|p1a: Indeedee|Reflect|p1a: Indeedee\n|-sidestart|p1: Henriquenorio|Reflect\n|move|p2b: Dachsbun|Body Press|p1b: Dudunsparce\n|-supereffective|p1b: Dudunsparce\n|-damage|p1b: Dudunsparce|45\/100 brn\n|cant|p2a: Heatran|flinch\n|\n|-heal|p1b: Dudunsparce|52\/100 brn|[from] item: Leftovers\n|-damage|p1b: Dudunsparce|45\/100 brn|[from] brn\n|-damage|p1a: Indeedee|38\/100 brn|[from] brn\n|upkeep\n|turn|4\n|\n|t:|1698960748\n|switch|p1a: Cresselia|Cresselia, F|100\/100\n|move|p1b: Dudunsparce|Rock Slide|p2b: Dachsbun|[spread] p2a,p2b\n|-resisted|p2b: Dachsbun\n|-damage|p2a: Heatran|85\/100\n|-damage|p2b: Dachsbun|97\/100\n|cant|p2b: Dachsbun|flinch\n|cant|p2a: Heatran|flinch\n|\n|-heal|p1b: Dudunsparce|52\/100 brn|[from] item: Leftovers\n|-damage|p1b: Dudunsparce|45\/100 brn|[from] brn\n|upkeep\n|turn|5\n|\n|t:|1698960763\n|move|p1b: Dudunsparce|Rock Slide|p2a: Heatran|[spread] p2a,p2b\n|-resisted|p2b: Dachsbun\n|-damage|p2a: Heatran|77\/100\n|-damage|p2b: Dachsbun|96\/100\n|move|p1a: Cresselia|Lunar Blessing|p1a: Cresselia|[spread] p1a,p1b\n|-heal|p1b: Dudunsparce|70\/100 brn\n|-curestatus|p1b: Dudunsparce|brn|[msg]\n|cant|p2b: Dachsbun|flinch\n|cant|p2a: Heatran|flinch\n|\n|-heal|p1b: Dudunsparce|76\/100|[from] item: Leftovers\n|-fieldend|move: Trick Room\n|-fieldend|move: Psychic Terrain\n|upkeep\n|turn|6\n|c|\u2606zdorg|fucking disgusting\n|\n|t:|1698960785\n|move|p1b: Dudunsparce|Protect|p1b: Dudunsparce\n|-singleturn|p1b: Dudunsparce|Protect\n|move|p2a: Heatran|Lava Plume|p1b: Dudunsparce|[spread] p1a\n|-activate|p1b: Dudunsparce|move: Protect\n|-ability|p2b: Dachsbun|Well-Baked Body|boost\n|-boost|p2b: Dachsbun|def|2\n|-damage|p1a: Cresselia|88\/100\n|move|p2b: Dachsbun|Body Press|p1b: Dudunsparce\n|-activate|p1b: Dudunsparce|move: Protect\n|move|p1a: Cresselia|Trick Room|p1a: Cresselia\n|-fieldstart|move: Trick Room|[of] p1a: Cresselia\n|\n|-heal|p1b: Dudunsparce|83\/100|[from] item: Leftovers\n|-heal|p1a: Cresselia|94\/100|[from] item: Leftovers\n|upkeep\n|turn|7\n|\n|t:|1698960801\n|move|p1b: Dudunsparce|Coil|p1b: Dudunsparce\n|-boost|p1b: Dudunsparce|atk|1\n|-boost|p1b: Dudunsparce|def|1\n|-boost|p1b: Dudunsparce|accuracy|1\n|move|p1a: Cresselia|Calm Mind|p1a: Cresselia\n|-boost|p1a: Cresselia|spa|1\n|-boost|p1a: Cresselia|spd|1\n|move|p2b: Dachsbun|Body Press|p1b: Dudunsparce\n|-supereffective|p1b: Dudunsparce\n|-damage|p1b: Dudunsparce|33\/100\n|move|p2a: Heatran|Lava Plume|p1b: Dudunsparce|[spread] p1a,p1b\n|-ability|p2b: Dachsbun|Well-Baked Body|boost\n|-boost|p2b: Dachsbun|def|2\n|-damage|p1a: Cresselia|86\/100\n|-damage|p1b: Dudunsparce|21\/100\n|-status|p1b: Dudunsparce|brn\n|\n|-heal|p1b: Dudunsparce|27\/100 brn|[from] item: Leftovers\n|-heal|p1a: Cresselia|92\/100|[from] item: Leftovers\n|-damage|p1b: Dudunsparce|21\/100 brn|[from] brn\n|upkeep\n|turn|8\n|inactive|zdorg has 120 seconds left.\n|\n|t:|1698960838\n|switch|p2a: Mamoswine|Mamoswine, F|100\/100\n|move|p1b: Dudunsparce|Protect|p1b: Dudunsparce\n|-singleturn|p1b: Dudunsparce|Protect\n|move|p1a: Cresselia|Lunar Blessing|p1a: Cresselia|[spread] p1a,p1b\n|-heal|p1a: Cresselia|100\/100\n|-heal|p1b: Dudunsparce|46\/100 brn\n|-curestatus|p1b: Dudunsparce|brn|[msg]\n|move|p2b: Dachsbun|Body Press|p1b: Dudunsparce\n|-activate|p1b: Dudunsparce|move: Protect\n|\n|-heal|p1b: Dudunsparce|52\/100|[from] item: Leftovers\n|upkeep\n|turn|9\n|inactive|zdorg has 120 seconds left.\n|\n|t:|1698960860\n|move|p2a: Mamoswine|Ice Shard|p1b: Dudunsparce\n|-damage|p1b: Dudunsparce|43\/100\n|-damage|p2a: Mamoswine|91\/100|[from] item: Life Orb\n|move|p1b: Dudunsparce|Rock Slide|p2a: Mamoswine|[spread] p2a,p2b\n|-resisted|p2b: Dachsbun\n|-damage|p2a: Mamoswine|59\/100\n|-damage|p2b: Dachsbun|94\/100\n|move|p1a: Cresselia|Calm Mind|p1a: Cresselia\n|-boost|p1a: Cresselia|spa|1\n|-boost|p1a: Cresselia|spd|1\n|cant|p2b: Dachsbun|flinch\n|\n|-heal|p1b: Dudunsparce|49\/100|[from] item: Leftovers\n|-sideend|p1: Henriquenorio|move: Light Screen\n|upkeep\n|turn|10\n|inactive|zdorg has 120 seconds left.\n|\n|t:|1698960910\n|switch|p2a: Heatran|Heatran, F|77\/100\n|move|p1b: Dudunsparce|Rock Slide|p2b: Dachsbun|[spread] p2a,p2b\n|-resisted|p2b: Dachsbun\n|-damage|p2a: Heatran|57\/100\n|-damage|p2b: Dachsbun|91\/100\n|move|p1a: Cresselia|Lunar Blessing|p1a: Cresselia|[spread] p1a,p1b\n|-heal|p1b: Dudunsparce|74\/100\n|cant|p2b: Dachsbun|flinch\n|\n|-heal|p1b: Dudunsparce|80\/100|[from] item: Leftovers\n|-sideend|p1: Henriquenorio|Reflect\n|-fieldend|move: Trick Room\n|upkeep\n|turn|11\n|\n|t:|1698960928\n|move|p1b: Dudunsparce|Protect|p1b: Dudunsparce\n|-singleturn|p1b: Dudunsparce|Protect\n|move|p2a: Heatran|Flash Cannon|p1a: Cresselia\n|-damage|p1a: Cresselia|88\/100\n|move|p2b: Dachsbun|Body Press|p1a: Cresselia\n|-resisted|p1a: Cresselia\n|-damage|p1a: Cresselia|59\/100\n|move|p1a: Cresselia|Trick Room|p1a: Cresselia\n|-fieldstart|move: Trick Room|[of] p1a: Cresselia\n|\n|-heal|p1b: Dudunsparce|86\/100|[from] item: Leftovers\n|-heal|p1a: Cresselia|65\/100|[from] item: Leftovers\n|upkeep\n|turn|12\n|inactive|zdorg has 120 seconds left.\n|\n|t:|1698960947\n|move|p1b: Dudunsparce|Rock Slide|p2b: Dachsbun|[spread] p2a,p2b\n|-resisted|p2b: Dachsbun\n|-damage|p2a: Heatran|36\/100\n|-damage|p2b: Dachsbun|89\/100\n|move|p1a: Cresselia|Calm Mind|p1a: Cresselia\n|-boost|p1a: Cresselia|spa|1\n|-boost|p1a: Cresselia|spd|1\n|cant|p2b: Dachsbun|flinch\n|move|p2a: Heatran|Lava Plume|p1b: Dudunsparce|[spread] p1a,p1b\n|-immune|p2b: Dachsbun|[from] ability: Well-Baked Body\n|-damage|p1a: Cresselia|58\/100\n|-damage|p1b: Dudunsparce|68\/100\n|\n|-heal|p1b: Dudunsparce|74\/100|[from] item: Leftovers\n|-heal|p1a: Cresselia|64\/100|[from] item: Leftovers\n|upkeep\n|turn|13\n|\n|t:|1698960964\n|move|p1b: Dudunsparce|Rock Slide|p2b: Dachsbun|[spread] p2a,p2b\n|-resisted|p2b: Dachsbun\n|-damage|p2a: Heatran|15\/100\n|-damage|p2b: Dachsbun|87\/100\n|move|p1a: Cresselia|Calm Mind|p1a: Cresselia\n|-boost|p1a: Cresselia|spa|1\n|-boost|p1a: Cresselia|spd|1\n|cant|p2b: Dachsbun|flinch\n|move|p2a: Heatran|Lava Plume|p1b: Dudunsparce|[spread] p1a,p1b\n|-immune|p2b: Dachsbun|[from] ability: Well-Baked Body\n|-damage|p1a: Cresselia|58\/100\n|-damage|p1b: Dudunsparce|56\/100\n|\n|-heal|p1b: Dudunsparce|62\/100|[from] item: Leftovers\n|-heal|p1a: Cresselia|64\/100|[from] item: Leftovers\n|upkeep\n|turn|14\n|\n|t:|1698960987\n|-terastallize|p1b: Dudunsparce|Ghost\n|move|p1b: Dudunsparce|Rock Slide|p2b: Dachsbun|[spread] p2a,p2b\n|-resisted|p2b: Dachsbun\n|-damage|p2a: Heatran|0 fnt\n|-damage|p2b: Dachsbun|85\/100\n|faint|p2a: Heatran\n|move|p1a: Cresselia|Stored Power|p2b: Dachsbun\n|-resisted|p2b: Dachsbun\n|-damage|p2b: Dachsbun|0 fnt\n|faint|p2b: Dachsbun\n|\n|-heal|p1b: Dudunsparce|68\/100|[from] item: Leftovers\n|-heal|p1a: Cresselia|70\/100|[from] item: Leftovers\n|upkeep\n|\n|t:|1698961004\n|switch|p2b: Sneasler|Sneasler, F|100\/100\n|switch|p2a: Thundurus|Thundurus, M|100\/100\n|turn|15\n|\n|t:|1698961014\n|move|p2b: Sneasler|Protect|p2b: Sneasler\n|-singleturn|p2b: Sneasler|Protect\n|move|p2a: Thundurus|Thunder Wave|p1b: Dudunsparce\n|-status|p1b: Dudunsparce|par\n|move|p1b: Dudunsparce|Rock Slide|p2b: Sneasler|[spread] p2a\n|-activate|p2b: Sneasler|move: Protect\n|-supereffective|p2a: Thundurus\n|-damage|p2a: Thundurus|42\/100\n|move|p1a: Cresselia|Stored Power|p2b: Sneasler\n|-activate|p2b: Sneasler|move: Protect\n|\n|-heal|p1b: Dudunsparce|75\/100 par|[from] item: Leftovers\n|-heal|p1a: Cresselia|76\/100|[from] item: Leftovers\n|-fieldend|move: Trick Room\n|upkeep\n|turn|16\n|\n|t:|1698961037\n|move|p2a: Thundurus|Swagger|p1a: Cresselia\n|-boost|p1a: Cresselia|atk|2\n|-enditem|p2b: Sneasler|Mirror Herb\n|-boost|p2b: Sneasler|atk|2|[from] item: Mirror Herb\n|-start|p1a: Cresselia|confusion\n|move|p2b: Sneasler|Dire Claw|p1a: Cresselia\n|-damage|p1a: Cresselia|29\/100\n|-status|p1a: Cresselia|slp\n|move|p1b: Dudunsparce|Rock Slide|p2b: Sneasler|[spread] p2a,p2b\n|-supereffective|p2a: Thundurus\n|-resisted|p2b: Sneasler\n|-damage|p2a: Thundurus|0 fnt\n|-damage|p2b: Sneasler|80\/100\n|faint|p2a: Thundurus\n|cant|p1a: Cresselia|slp\n|\n|-heal|p1a: Cresselia|35\/100 slp|[from] item: Leftovers\n|-heal|p1b: Dudunsparce|81\/100 par|[from] item: Leftovers\n|upkeep\n|inactive|zdorg has 120 seconds left.\n|\n|t:|1698961059\n|switch|p2a: Mamoswine|Mamoswine, F|59\/100\n|turn|17\n|\n|t:|1698961069\n|move|p2b: Sneasler|Rock Slide|p1a: Cresselia|[spread] p1a,p1b\n|-damage|p1a: Cresselia|14\/100 slp\n|-damage|p1b: Dudunsparce|60\/100 par\n|move|p2a: Mamoswine|Icicle Crash|p1a: Cresselia\n|-damage|p1a: Cresselia|0 fnt\n|faint|p1a: Cresselia\n|-damage|p2a: Mamoswine|49\/100|[from] item: Life Orb\n|move|p1b: Dudunsparce|Hyper Drill|p2b: Sneasler\n|-damage|p2b: Sneasler|0 fnt\n|faint|p2b: Sneasler\n|\n|-heal|p1b: Dudunsparce|67\/100 par|[from] item: Leftovers\n|upkeep\n|\n|t:|1698961096\n|switch|p2b: Cresselia|Cresselia, F|100\/100\n|switch|p1a: Diancie|Diancie|100\/100\n|turn|18\n|\n|t:|1698961112\n|cant|p1b: Dudunsparce|par\n|move|p2a: Mamoswine|Earthquake|p1a: Diancie|[spread] p1a,p1b\n|-immune|p2b: Cresselia|[from] ability: Levitate\n|-supereffective|p1a: Diancie\n|-damage|p1a: Diancie|18\/100\n|-damage|p1b: Dudunsparce|43\/100 par\n|-enditem|p1a: Diancie|Weakness Policy\n|-boost|p1a: Diancie|atk|2|[from] item: Weakness Policy\n|-boost|p1a: Diancie|spa|2|[from] item: Weakness Policy\n|-damage|p2a: Mamoswine|39\/100|[from] item: Life Orb\n|move|p2b: Cresselia|Calm Mind|p2b: Cresselia\n|-boost|p2b: Cresselia|spa|1\n|-boost|p2b: Cresselia|spd|1\n|move|p1a: Diancie|Trick Room|p1a: Diancie\n|-fieldstart|move: Trick Room|[of] p1a: Diancie\n|\n|-heal|p1b: Dudunsparce|49\/100 par|[from] item: Leftovers\n|upkeep\n|turn|19\n|\n|t:|1698961137\n|move|p2a: Mamoswine|Ice Shard|p1a: Diancie\n|-damage|p1a: Diancie|0 fnt\n|faint|p1a: Diancie\n|-damage|p2a: Mamoswine|29\/100|[from] item: Life Orb\n|move|p1b: Dudunsparce|Rock Slide|p2b: Cresselia|[spread] p2a,p2b\n|-damage|p2a: Mamoswine|0 fnt\n|-damage|p2b: Cresselia|81\/100\n|faint|p2a: Mamoswine\n|move|p2b: Cresselia|Calm Mind|p2b: Cresselia\n|-boost|p2b: Cresselia|spa|1\n|-boost|p2b: Cresselia|spd|1\n|\n|-heal|p1b: Dudunsparce|55\/100 par|[from] item: Leftovers\n|-heal|p2b: Cresselia|87\/100|[from] item: Leftovers\n|upkeep\n|\n|t:|1698961148\n|switch|p1a: Wo-Chien|Wo-Chien|100\/100\n|-ability|p1a: Wo-Chien|Tablets of Ruin\n|turn|20\n|\n|t:|1698961158\n|cant|p1b: Dudunsparce|par\n|move|p1a: Wo-Chien|Leech Seed|p2b: Cresselia|[miss]\n|-miss|p1a: Wo-Chien|p2b: Cresselia\n|move|p2b: Cresselia|Stored Power|p1b: Dudunsparce\n|-damage|p1b: Dudunsparce|2\/100 par\n|\n|-heal|p1b: Dudunsparce|9\/100 par|[from] item: Leftovers\n|-heal|p2b: Cresselia|94\/100|[from] item: Leftovers\n|upkeep\n|turn|21\n|\n|t:|1698961169\n|move|p1b: Dudunsparce|Rock Slide|p2b: Cresselia\n|-damage|p2b: Cresselia|77\/100\n|move|p1a: Wo-Chien|Leech Seed|p2b: Cresselia\n|-start|p2b: Cresselia|move: Leech Seed\n|cant|p2b: Cresselia|flinch\n|\n|-heal|p1b: Dudunsparce|15\/100 par|[from] item: Leftovers\n|-heal|p2b: Cresselia|83\/100|[from] item: Leftovers\n|-damage|p2b: Cresselia|70\/100|[from] Leech Seed|[of] p1a: Wo-Chien\n|upkeep\n|turn|22\n|\n|t:|1698961181\n|move|p1b: Dudunsparce|Rock Slide|p2b: Cresselia\n|-damage|p2b: Cresselia|53\/100\n|move|p1a: Wo-Chien|Pollen Puff|p1b: Dudunsparce\n|-heal|p1b: Dudunsparce|65\/100 par\n|move|p2b: Cresselia|Charge Beam|p1b: Dudunsparce\n|-damage|p1b: Dudunsparce|48\/100 par\n|-boost|p2b: Cresselia|spa|1\n|\n|-heal|p1b: Dudunsparce|54\/100 par|[from] item: Leftovers\n|-heal|p2b: Cresselia|59\/100|[from] item: Leftovers\n|-damage|p2b: Cresselia|47\/100|[from] Leech Seed|[of] p1a: Wo-Chien\n|-fieldend|move: Trick Room\n|upkeep\n|turn|23\n|\n|t:|1698961196\n|move|p2b: Cresselia|Lunar Blessing|p2b: Cresselia\n|-heal|p2b: Cresselia|72\/100\n|move|p1a: Wo-Chien|Pollen Puff|p1b: Dudunsparce\n|-heal|p1b: Dudunsparce|100\/100 par\n|move|p1b: Dudunsparce|Hyper Drill|p2b: Cresselia\n|-damage|p2b: Cresselia|35\/100\n|\n|-heal|p2b: Cresselia|41\/100|[from] item: Leftovers\n|-damage|p2b: Cresselia|29\/100|[from] Leech Seed|[of] p1a: Wo-Chien\n|upkeep\n|turn|24\n|\n|t:|1698961209\n|switch|p1a: Indeedee|Indeedee-F, F|38\/100 brn\n|-fieldstart|move: Psychic Terrain|[from] ability: Psychic Surge|[of] p1a: Indeedee\n|move|p2b: Cresselia|Stored Power|p1b: Dudunsparce\n|-damage|p1b: Dudunsparce|21\/100 par\n|move|p1b: Dudunsparce|Hyper Drill|p2b: Cresselia\n|-damage|p2b: Cresselia|0 fnt\n|faint|p2b: Cresselia\n|\n|win|Henriquenorio\n|raw|Henriquenorio's rating: 1537 &rarr; <strong>1554<\/strong><br \/>(+17 for winning)\n|raw|zdorg's rating: 1492 &rarr; <strong>1475<\/strong><br \/>(-17 for losing)\n","uploadtime":1698960783,"views":12,"p1id":"henriquenorio","p2id":"zdorg","formatid":"gen9doublesou","rating":1475,"private":0,"password":""}