{"id":"gen9doublesou-1968158153","p1":"Philip19292","p2":"snitker","format":"[Gen 9] Doubles OU","log":"|html|<div class=\"broadcast-blue\"><strong>[Gen 9] Doubles OU is currently suspecting Basculegion & Flutter Mane! For information on how to participate check out the <a href=\"https:\/\/www.smogon.com\/forums\/threads\/np-sv-dou-stage-8-double-trouble.3729153\/\">suspect thread<\/a>.<\/strong><\/div>\n|j|\u2606Philip19292\n|j|\u2606snitker\n|t:|1697390090\n|gametype|doubles\n|player|p1|Philip19292|ghetsis-gen5bw|1275\n|player|p2|snitker|170|1343\n|teamsize|p1|6\n|teamsize|p2|6\n|gen|9\n|tier|[Gen 9] Doubles OU\n|rated|\n|rule|Species Clause: Limit one of each Pok\u00e9mon\n|rule|OHKO Clause: OHKO moves are banned\n|rule|Evasion Moves Clause: Evasion moves are banned\n|rule|Gravity Sleep Clause: The combination of sleep-inducing moves with imperfect accuracy and Gravity or Gigantamax Orbeetle are banned\n|rule|Endless Battle Clause: Forcing endless battles is banned\n|rule|HP Percentage Mod: HP is shown in percentages\n|clearpoke\n|poke|p1|Diancie|\n|poke|p1|Cresselia, F|\n|poke|p1|Ursaluna, F|\n|poke|p1|Hatterene, F|\n|poke|p1|Gholdengo|\n|poke|p1|Torkoal, M|\n|poke|p2|Torterra, M|\n|poke|p2|Indeedee-F, F|\n|poke|p2|Amoonguss, M|\n|poke|p2|Pelipper, F|\n|poke|p2|Armarouge, F|\n|poke|p2|Overqwil, M|\n|teampreview\n|inactive|Battle timer is ON: inactive players will automatically lose when time's up. (requested by snitker)\n|\n|t:|1697390104\n|start\n|switch|p1a: Ursaluna|Ursaluna, F, shiny|100\/100\n|switch|p1b: Hatterene|Hatterene, F|100\/100\n|switch|p2a: Torterra|Torterra, M|100\/100\n|switch|p2b: Amoonguss|Amoonguss, M|100\/100\n|turn|1\n|inactive|Philip19292 has 120 seconds left.\n|\n|t:|1697390134\n|-terastallize|p1a: Ursaluna|Normal\n|move|p1a: Ursaluna|Protect|p1a: Ursaluna\n|-singleturn|p1a: Ursaluna|Protect\n|move|p2b: Amoonguss|Rage Powder|p2b: Amoonguss\n|-singleturn|p2b: Amoonguss|move: Rage Powder\n|move|p2a: Torterra|Shell Smash|p2a: Torterra\n|-unboost|p2a: Torterra|def|1\n|-unboost|p2a: Torterra|spd|1\n|-boost|p2a: Torterra|atk|2\n|-boost|p2a: Torterra|spa|2\n|-boost|p2a: Torterra|spe|2\n|-enditem|p2a: Torterra|White Herb\n|-clearnegativeboost|p2a: Torterra|[silent]\n|move|p1b: Hatterene|Trick Room|p1b: Hatterene\n|-fieldstart|move: Trick Room|[of] p1b: Hatterene\n|\n|-status|p1a: Ursaluna|brn|[from] item: Flame Orb\n|upkeep\n|turn|2\n|inactive|Philip19292 has 120 seconds left.\n|\n|t:|1697390165\n|switch|p2b: Pelipper|Pelipper, F|100\/100\n|-weather|RainDance|[from] ability: Drizzle|[of] p2b: Pelipper\n|-terastallize|p2a: Torterra|Steel\n|move|p1b: Hatterene|Psychic|p2b: Pelipper\n|-damage|p2b: Pelipper|24\/100\n|-unboost|p2b: Pelipper|spd|1\n|move|p1a: Ursaluna|Facade|p2a: Torterra\n|-resisted|p2a: Torterra\n|-damage|p2a: Torterra|25\/100\n|move|p2a: Torterra|Earthquake|p1a: Ursaluna|[spread] p1a,p1b\n|-immune|p2b: Pelipper\n|-crit|p1a: Ursaluna\n|-damage|p1a: Ursaluna|30\/100 brn\n|-damage|p1b: Hatterene|20\/100\n|\n|-weather|RainDance|[upkeep]\n|-damage|p1a: Ursaluna|24\/100 brn|[from] brn\n|upkeep\n|turn|3\n|inactive|Philip19292 has 120 seconds left.\n|inactive|snitker has 120 seconds left.\n|\n|t:|1697390198\n|switch|p2b: Indeedee|Indeedee-F, F|100\/100\n|-fieldstart|move: Psychic Terrain|[from] ability: Psychic Surge|[of] p2b: Indeedee\n|move|p1b: Hatterene|Psychic|p2b: Indeedee\n|-resisted|p2b: Indeedee\n|-damage|p2b: Indeedee|69\/100\n|move|p1a: Ursaluna|Headlong Rush|p2a: Torterra\n|-supereffective|p2a: Torterra\n|-damage|p2a: Torterra|0 fnt\n|-unboost|p1a: Ursaluna|def|1\n|-unboost|p1a: Ursaluna|spd|1\n|faint|p2a: Torterra\n|\n|-weather|RainDance|[upkeep]\n|-damage|p1a: Ursaluna|17\/100 brn|[from] brn\n|upkeep\n|inactive|snitker has 120 seconds left.\n|\n|t:|1697390207\n|switch|p2a: Amoonguss|Amoonguss, M|100\/100\n|turn|4\n|inactive|Philip19292 has 120 seconds left.\n|\n|t:|1697390239\n|move|p1b: Hatterene|Psychic|p2a: Amoonguss\n|-supereffective|p2a: Amoonguss\n|-crit|p2a: Amoonguss\n|-damage|p2a: Amoonguss|0 fnt\n|faint|p2a: Amoonguss\n|move|p1a: Ursaluna|Facade|p2b: Indeedee\n|-damage|p2b: Indeedee|0 fnt\n|faint|p2b: Indeedee\n|\n|-weather|RainDance|[upkeep]\n|-damage|p1a: Ursaluna|11\/100 brn|[from] brn\n|upkeep\n|\n|t:|1697390256\n|switch|p2a: Armarouge|Armarouge, F|100\/100\n|switch|p2b: Overqwil|Overqwil, M|100\/100\n|turn|5\n|inactive|Philip19292 has 120 seconds left.\n|\n|t:|1697390277\n|move|p1b: Hatterene|Dazzling Gleam|p2b: Overqwil|[spread] p2a,p2b\n|-resisted|p2a: Armarouge\n|-damage|p2a: Armarouge|76\/100\n|-damage|p2b: Overqwil|47\/100\n|move|p1a: Ursaluna|Facade|p2a: Armarouge\n|-damage|p2a: Armarouge|0 fnt\n|faint|p2a: Armarouge\n|move|p2b: Overqwil|Fell Stinger|p1a: Ursaluna\n|-damage|p1a: Ursaluna|0 fnt\n|faint|p1a: Ursaluna\n|-boost|p2b: Overqwil|atk|3\n|\n|-weather|RainDance|[upkeep]\n|-fieldend|move: Trick Room\n|upkeep\n|\n|t:|1697390300\n|switch|p2a: Pelipper|Pelipper, F|24\/100\n|switch|p1a: Gholdengo|Gholdengo|100\/100\n|turn|6\n|\n|t:|1697390318\n|move|p2b: Overqwil|Crunch|p1a: Gholdengo\n|-supereffective|p1a: Gholdengo\n|-damage|p1a: Gholdengo|0 fnt\n|faint|p1a: Gholdengo\n|move|p2a: Pelipper|Hurricane|p1b: Hatterene\n|-crit|p1b: Hatterene\n|-damage|p1b: Hatterene|0 fnt\n|faint|p1b: Hatterene\n|\n|-weather|none\n|upkeep\n|\n|t:|1697390337\n|switch|p1a: Cresselia|Cresselia, F, shiny|100\/100\n|switch|p1b: Diancie|Diancie, shiny|100\/100\n|turn|7\n|\n|t:|1697390360\n|move|p1b: Diancie|Protect|p1b: Diancie\n|-singleturn|p1b: Diancie|Protect\n|move|p2a: Pelipper|Wide Guard|p2a: Pelipper\n|-singleturn|p2a: Pelipper|Wide Guard\n|move|p2b: Overqwil|Liquidation|p1b: Diancie\n|-activate|p1b: Diancie|move: Protect\n|move|p1a: Cresselia|Dazzling Gleam|p2a: Pelipper|[spread] \n|-activate|p2a: Pelipper|move: Wide Guard\n|-activate|p2b: Overqwil|move: Wide Guard\n|\n|upkeep\n|turn|8\n|\n|t:|1697390380\n|move|p2a: Pelipper|Wide Guard|p2a: Pelipper\n|-singleturn|p2a: Pelipper|Wide Guard\n|move|p2b: Overqwil|Liquidation|p1b: Diancie\n|-supereffective|p1b: Diancie\n|-damage|p1b: Diancie|0 fnt\n|faint|p1b: Diancie\n|move|p1a: Cresselia|Dazzling Gleam|p2a: Pelipper|[spread] \n|-activate|p2a: Pelipper|move: Wide Guard\n|-activate|p2b: Overqwil|move: Wide Guard\n|\n|upkeep\n|\n|t:|1697390391\n|switch|p1b: Torkoal|Torkoal, M|100\/100\n|-weather|SunnyDay|[from] ability: Drought|[of] p1b: Torkoal\n|turn|9\n|inactive|Philip19292 has 120 seconds left.\n|\n|t:|1697390442\n|move|p2a: Pelipper|Wide Guard|p2a: Pelipper\n|-singleturn|p2a: Pelipper|Wide Guard\n|move|p2b: Overqwil|Crunch|p1b: Torkoal\n|-damage|p1b: Torkoal|26\/100\n|move|p1a: Cresselia|Lunar Blessing|p1a: Cresselia|[spread] p1a,p1b\n|-heal|p1b: Torkoal|51\/100\n|move|p1b: Torkoal|Eruption|p2b: Overqwil|[spread] \n|-activate|p2a: Pelipper|move: Wide Guard\n|-activate|p2b: Overqwil|move: Wide Guard\n|\n|-weather|SunnyDay|[upkeep]\n|upkeep\n|turn|10\n|inactive|Philip19292 has 120 seconds left.\n|\n|t:|1697390469\n|move|p1b: Torkoal|Helping Hand|p1a: Cresselia\n|-singleturn|p1a: Cresselia|Helping Hand|[of] p1b: Torkoal\n|move|p2a: Pelipper|Wide Guard|p2a: Pelipper\n|-singleturn|p2a: Pelipper|Wide Guard\n|move|p2b: Overqwil|Crunch|p1b: Torkoal\n|-damage|p1b: Torkoal|0 fnt\n|faint|p1b: Torkoal\n|move|p1a: Cresselia|Ice Beam|p2b: Overqwil\n|-damage|p2b: Overqwil|7\/100\n|\n|-weather|SunnyDay|[upkeep]\n|-fieldend|move: Psychic Terrain\n|upkeep\n|turn|11\n|inactive|Philip19292 has 120 seconds left.\n|\n|t:|1697390493\n|move|p2b: Overqwil|Crunch|p1a: Cresselia\n|-supereffective|p1a: Cresselia\n|-damage|p1a: Cresselia|0 fnt\n|faint|p1a: Cresselia\n|\n|win|snitker\n|raw|Philip19292's rating: 1275 &rarr; <strong>1255<\/strong><br \/>(-20 for losing)\n|raw|snitker's rating: 1343 &rarr; <strong>1359<\/strong><br \/>(+16 for winning)\n|l|\u2606Philip19292\n","uploadtime":1697390507,"views":11,"p1id":"philip19292","p2id":"snitker","formatid":"gen9doublesou","rating":1255,"private":0,"password":""}