{"id":"gen9doublesou-1994649940","p1":"Inspector 47","p2":"Schister","format":"[Gen 9] Doubles OU","log":"|j|\u2606Inspector 47\n|j|\u2606Schister\n|t:|1700475453\n|gametype|doubles\n|player|p1|Inspector 47|lucas|1447\n|player|p2|Schister|clair|1704\n|teamsize|p1|6\n|teamsize|p2|6\n|gen|9\n|tier|[Gen 9] Doubles OU\n|rated|\n|rule|Species Clause: Limit one of each Pok\u00e9mon\n|rule|OHKO Clause: OHKO moves are banned\n|rule|Evasion Moves Clause: Evasion moves are banned\n|rule|Gravity Sleep Clause: The combination of sleep-inducing moves with imperfect accuracy and Gravity or Gigantamax Orbeetle are banned\n|rule|Endless Battle Clause: Forcing endless battles is banned\n|rule|HP Percentage Mod: HP is shown in percentages\n|clearpoke\n|poke|p1|Hatterene, F|\n|poke|p1|Bronzong|\n|poke|p1|Chien-Pao|\n|poke|p1|Gholdengo|\n|poke|p1|Iron Hands|\n|poke|p1|Glastrier|\n|poke|p2|Primeape, F|\n|poke|p2|Chansey, F|\n|poke|p2|Clefairy, F|\n|poke|p2|Sneasel-Hisui, M|\n|poke|p2|Qwilfish-Hisui, F|\n|poke|p2|Piloswine, M|\n|teampreview\n|inactive|Battle timer is ON: inactive players will automatically lose when time's up. (requested by Schister)\n|\n|t:|1700475481\n|start\n|switch|p1a: Chien-Pao|Chien-Pao|100\/100\n|switch|p1b: Glastrier|Glastrier|100\/100\n|switch|p2a: Primeape|Primeape, F|100\/100\n|switch|p2b: Sneasel|Sneasel-Hisui, M|100\/100\n|-ability|p1a: Chien-Pao|Sword of Ruin\n|turn|1\n|\n|t:|1700475505\n|-terastallize|p1b: Glastrier|Ground\n|move|p2b: Sneasel|Fake Out|p1a: Chien-Pao\n|-damage|p1a: Chien-Pao|85\/100\n|cant|p1a: Chien-Pao|flinch\n|move|p2a: Primeape|Bulk Up|p2a: Primeape\n|-boost|p2a: Primeape|atk|1\n|-boost|p2a: Primeape|def|1\n|move|p1b: Glastrier|High Horsepower|p2b: Sneasel\n|-supereffective|p2b: Sneasel\n|-enditem|p2b: Sneasel|Focus Sash\n|-damage|p2b: Sneasel|1\/100\n|\n|upkeep\n|turn|2\n|inactive|Inspector 47 has 120 seconds left.\n|\n|t:|1700475542\n|switch|p2b: Qwilfish|Qwilfish-Hisui, F|100\/100\n|-ability|p2b: Qwilfish|Intimidate|boost\n|-unboost|p1a: Chien-Pao|atk|1\n|-unboost|p1b: Glastrier|atk|1\n|move|p1a: Chien-Pao|Sacred Sword|p2a: Primeape\n|-damage|p2a: Primeape|71\/100\n|-damage|p1a: Chien-Pao|75\/100|[from] item: Life Orb\n|move|p2a: Primeape|Drain Punch|p1a: Chien-Pao\n|-supereffective|p1a: Chien-Pao\n|-damage|p1a: Chien-Pao|0 fnt\n|-heal|p2a: Primeape|100\/100|[from] drain|[of] p1a: Chien-Pao\n|faint|p1a: Chien-Pao\n|move|p1b: Glastrier|High Horsepower|p2a: Primeape\n|-damage|p2a: Primeape|78\/100\n|\n|upkeep\n|\n|t:|1700475560\n|switch|p1a: Bronzong|Bronzong|100\/100\n|turn|3\n|\n|t:|1700475566\n|switch|p1b: Iron Hands|Iron Hands|100\/100\n|move|p2a: Primeape|Rage Fist|p1a: Bronzong\n|-supereffective|p1a: Bronzong\n|-damage|p1a: Bronzong|5\/100\n|-damage|p2a: Primeape|61\/100|[from] item: Rocky Helmet|[of] p1a: Bronzong\n|move|p2b: Qwilfish|Toxic Spikes|p1a: Bronzong\n|-sidestart|p1: Inspector 47|move: Toxic Spikes\n|move|p1a: Bronzong|Trick Room|p1a: Bronzong\n|-fieldstart|move: Trick Room|[of] p1a: Bronzong\n|\n|upkeep\n|turn|4\n|\n|t:|1700475585\n|switch|p1a: Hatterene|Hatterene, F|100\/100\n|-status|p1a: Hatterene|psn\n|switch|p2b: Clefairy|Clefairy, F|100\/100\n|move|p2a: Primeape|Protect|p2a: Primeape\n|-singleturn|p2a: Primeape|Protect\n|move|p1b: Iron Hands|Wild Charge|p2b: Clefairy\n|-damage|p2b: Clefairy|58\/100\n|-damage|p1b: Iron Hands|92\/100|[from] Recoil\n|\n|-damage|p1a: Hatterene|88\/100 psn|[from] psn\n|upkeep\n|turn|5\n|\n|t:|1700475611\n|-terastallize|p2a: Primeape|Ghost\n|move|p1a: Hatterene|Dazzling Gleam|p2a: Primeape|[spread] p2a,p2b\n|-crit|p2b: Clefairy\n|-damage|p2a: Primeape|41\/100\n|-damage|p2b: Clefairy|21\/100\n|move|p1b: Iron Hands|Wild Charge|p2a: Primeape\n|-damage|p2a: Primeape|17\/100\n|-damage|p1b: Iron Hands|88\/100|[from] Recoil\n|move|p2b: Clefairy|Life Dew|p2b: Clefairy|[spread] p2a,p2b\n|-heal|p2a: Primeape|43\/100\n|-heal|p2b: Clefairy|46\/100\n|move|p2a: Primeape|Rage Fist|p1a: Hatterene\n|-supereffective|p1a: Hatterene\n|-damage|p1a: Hatterene|0 fnt\n|faint|p1a: Hatterene\n|\n|upkeep\n|inactive|Inspector 47 has 120 seconds left.\n|\n|t:|1700475630\n|switch|p1a: Gholdengo|Gholdengo|100\/100\n|turn|6\n|\n|t:|1700475646\n|move|p2a: Primeape|Protect|p2a: Primeape\n|-singleturn|p2a: Primeape|Protect\n|move|p1b: Iron Hands|Wild Charge|p2a: Primeape\n|-activate|p2a: Primeape|move: Protect\n|move|p2b: Clefairy|Life Dew|p2b: Clefairy|[spread] p2a,p2b\n|-heal|p2a: Primeape|68\/100\n|-heal|p2b: Clefairy|71\/100\n|move|p1a: Gholdengo|Make It Rain|p2a: Primeape|[spread] p2b\n|-activate|p2a: Primeape|move: Protect\n|-supereffective|p2b: Clefairy\n|-damage|p2b: Clefairy|0 fnt\n|-unboost|p1a: Gholdengo|spa|1\n|faint|p2b: Clefairy\n|\n|upkeep\n|\n|t:|1700475655\n|switch|p2b: Chansey|Chansey, F|100\/100\n|turn|7\n|\n|t:|1700475670\n|move|p1b: Iron Hands|Drain Punch|p2b: Chansey\n|-supereffective|p2b: Chansey\n|-damage|p2b: Chansey|46\/100\n|-heal|p1b: Iron Hands|100\/100|[from] drain|[of] p2b: Chansey\n|move|p2b: Chansey|Heal Pulse|p2a: Primeape\n|-heal|p2a: Primeape|100\/100\n|move|p1a: Gholdengo|Shadow Ball|p2a: Primeape\n|-supereffective|p2a: Primeape\n|-damage|p2a: Primeape|48\/100\n|move|p2a: Primeape|Rage Fist|p1a: Gholdengo\n|-supereffective|p1a: Gholdengo\n|-damage|p1a: Gholdengo|0 fnt\n|faint|p1a: Gholdengo\n|\n|-fieldend|move: Trick Room\n|upkeep\n|inactive|Inspector 47 has 120 seconds left.\n|\n|t:|1700475692\n|switch|p1a: Glastrier|Glastrier, tera:Ground|100\/100\n|-status|p1a: Glastrier|psn\n|turn|8\n|\n|t:|1700475708\n|move|p2a: Primeape|Rage Fist|p1a: Glastrier\n|-damage|p1a: Glastrier|0 fnt\n|faint|p1a: Glastrier\n|move|p2b: Chansey|Heal Pulse|p2a: Primeape\n|-heal|p2a: Primeape|98\/100\n|move|p1b: Iron Hands|Wild Charge|p2a: Primeape\n|-damage|p2a: Primeape|68\/100\n|-damage|p1b: Iron Hands|95\/100|[from] Recoil\n|\n|upkeep\n|\n|t:|1700475718\n|switch|p1a: Bronzong|Bronzong|5\/100\n|turn|9\n|\n|t:|1700475724\n|move|p2a: Primeape|Rage Fist|p1b: Iron Hands\n|-damage|p1b: Iron Hands|0 fnt\n|faint|p1b: Iron Hands\n|-end|p1b: Iron Hands|Quark Drive|[silent]\n|move|p2b: Chansey|Seismic Toss|p1a: Bronzong\n|-damage|p1a: Bronzong|0 fnt\n|-damage|p2b: Chansey|30\/100|[from] item: Rocky Helmet|[of] p1a: Bronzong\n|faint|p1a: Bronzong\n|\n|win|Schister\n|raw|Inspector 47's rating: 1447 &rarr; <strong>1440<\/strong><br \/>(-7 for losing)\n|raw|Schister's rating: 1704 &rarr; <strong>1711<\/strong><br \/>(+7 for winning)\n|l|\u2606Inspector 47\n","uploadtime":1700475731,"views":22,"p1id":"inspector47","p2id":"schister","formatid":"gen9doublesou","rating":1440,"private":0,"password":""}