{"id":"gen9doublesou-1971883700","p1":"Nesquik_M","p2":"pooplpoopl","format":"[Gen 9] Doubles OU","log":"|j|\u2606Nesquik_M\n|j|\u2606pooplpoopl\n|inactive|Battle timer is ON: inactive players will automatically lose when time's up.\n|t:|1697786636\n|gametype|doubles\n|player|p1|Nesquik_M|169|\n|player|p2|pooplpoopl|nate|\n|teamsize|p1|6\n|teamsize|p2|6\n|gen|9\n|tier|[Gen 9] Doubles OU\n|rated|Tournament battle\n|rule|Species Clause: Limit one of each Pok\u00e9mon\n|rule|OHKO Clause: OHKO moves are banned\n|rule|Evasion Moves Clause: Evasion moves are banned\n|rule|Gravity Sleep Clause: The combination of sleep-inducing moves with imperfect accuracy and Gravity or Gigantamax Orbeetle are banned\n|rule|Endless Battle Clause: Forcing endless battles is banned\n|rule|HP Percentage Mod: HP is shown in percentages\n|clearpoke\n|poke|p1|Flaaffy, F|\n|poke|p1|Morgrem, M|\n|poke|p1|Kleavor, F|\n|poke|p1|Probopass, F|\n|poke|p1|Revavroom, F|\n|poke|p1|Gothitelle, M|\n|poke|p2|Hippowdon, M|\n|poke|p2|Sandslash, F|\n|poke|p2|Floette, F|\n|poke|p2|Torterra, F|\n|poke|p2|Mandibuzz, F|\n|poke|p2|Hypno, F|\n|teampreview\n|j|*Lady Monita \u263d\n|\n|t:|1697786651\n|start\n|switch|p1a: Morgrem|Morgrem, M|100\/100\n|switch|p1b: Kleavor|Kleavor, F|100\/100\n|switch|p2a: Hypno|Hypno, F|100\/100\n|switch|p2b: Mandibuzz|Mandibuzz, F|100\/100\n|turn|1\n|j| ZacianBoi101\n|\n|t:|1697786668\n|switch|p2b: Hippowdon|Hippowdon, M|100\/100\n|-weather|Sandstorm|[from] ability: Sand Stream|[of] p2b: Hippowdon\n|move|p1a: Morgrem|Fake Out|p2b: Hippowdon\n|-damage|p2b: Hippowdon|96\/100\n|move|p1b: Kleavor|Night Slash|p2a: Hypno\n|-supereffective|p2a: Hypno\n|-damage|p2a: Hypno|22\/100\n|move|p2a: Hypno|Reflect|p2a: Hypno\n|-sidestart|p2: pooplpoopl|Reflect\n|\n|-weather|Sandstorm|[upkeep]\n|-damage|p1a: Morgrem|95\/100|[from] Sandstorm\n|-damage|p2a: Hypno|16\/100|[from] Sandstorm\n|-heal|p2b: Hippowdon|100\/100|[from] item: Leftovers\n|upkeep\n|turn|2\n|\n|t:|1697786685\n|move|p1a: Morgrem|Reflect|p1a: Morgrem\n|-sidestart|p1: Nesquik_M|Reflect\n|move|p1b: Kleavor|Swords Dance|p1b: Kleavor\n|-boost|p1b: Kleavor|atk|2\n|move|p2a: Hypno|Light Screen|p2a: Hypno\n|-sidestart|p2: pooplpoopl|move: Light Screen\n|move|p2b: Hippowdon|Earthquake|p1a: Morgrem|[spread] p2a,p1a,p1b\n|-damage|p2a: Hypno|0 fnt\n|-damage|p1a: Morgrem|61\/100\n|-damage|p1b: Kleavor|66\/100\n|faint|p2a: Hypno\n|\n|-weather|Sandstorm|[upkeep]\n|-damage|p1a: Morgrem|55\/100|[from] Sandstorm\n|upkeep\n|\n|t:|1697786693\n|switch|p2a: Sandslash|Sandslash, F|100\/100\n|turn|3\n|j| Sharkly9\n|c|\u2606pooplpoopl|!weakness kleavor\n|c| pooplpoopl|\/raw <div class=\"infobox\">Kleavor (ignoring abilities):<br \/><span class=\"message-effect-weak\">Weaknesses<\/span>: Rock, Steel, Water<br \/><span class=\"message-effect-resist\">Resistances<\/span>: Normal, Poison<br \/><span class=\"message-effect-immune\">Immunities<\/span>: Sandstorm damage<\/div>\n|\n|t:|1697786711\n|move|p2a: Sandslash|Rock Slide|p1a: Morgrem|[spread] p1a,p1b\n|-supereffective|p1b: Kleavor\n|-damage|p1a: Morgrem|35\/100\n|-damage|p1b: Kleavor|25\/100\n|-enditem|p1b: Kleavor|Iapapa Berry|[eat]\n|-heal|p1b: Kleavor|58\/100|[from] item: Iapapa Berry\n|-damage|p2a: Sandslash|91\/100|[from] item: Life Orb\n|move|p1b: Kleavor|Lunge|p2b: Hippowdon\n|-damage|p2b: Hippowdon|63\/100\n|-unboost|p2b: Hippowdon|atk|1\n|cant|p1a: Morgrem|flinch\n|move|p2b: Hippowdon|Crunch|p1b: Kleavor\n|-damage|p1b: Kleavor|42\/100\n|-unboost|p1b: Kleavor|def|1\n|\n|-weather|Sandstorm|[upkeep]\n|-damage|p1a: Morgrem|29\/100|[from] Sandstorm\n|-heal|p2b: Hippowdon|69\/100|[from] item: Leftovers\n|upkeep\n|turn|4\n|\n|t:|1697786743\n|switch|p2b: Floette|Floette, F|100\/100\n|move|p2a: Sandslash|Rock Slide|p1a: Morgrem|[spread] p1b\n|-miss|p2a: Sandslash|p1a: Morgrem\n|-supereffective|p1b: Kleavor\n|-damage|p1b: Kleavor|0 fnt\n|faint|p1b: Kleavor\n|-damage|p2a: Sandslash|81\/100|[from] item: Life Orb\n|move|p1a: Morgrem|Dazzling Gleam|p2a: Sandslash|[spread] p2a,p2b\n|-damage|p2a: Sandslash|49\/100\n|-damage|p2b: Floette|78\/100\n|\n|-weather|Sandstorm|[upkeep]\n|-damage|p2b: Floette|72\/100|[from] Sandstorm\n|-damage|p1a: Morgrem|23\/100|[from] Sandstorm\n|upkeep\n|inactive|Nesquik_M has 120 seconds left.\n|\n|t:|1697786761\n|switch|p1b: Revavroom|Revavroom, F|100\/100\n|turn|5\n|\n|t:|1697786773\n|move|p1a: Morgrem|Light Screen|p1a: Morgrem\n|-sidestart|p1: Nesquik_M|move: Light Screen\n|move|p2a: Sandslash|Earthquake|p1a: Morgrem|[spread] p2b,p1a,p1b\n|-supereffective|p1b: Revavroom\n|-damage|p2b: Floette|0 fnt\n|-damage|p1a: Morgrem|0 fnt\n|-damage|p1b: Revavroom|0 fnt\n|faint|p2b: Floette\n|faint|p1a: Morgrem\n|faint|p1b: Revavroom\n|-damage|p2a: Sandslash|39\/100|[from] item: Life Orb\n|\n|-weather|none\n|upkeep\n|c| Sharkly9|this is so cool :D\n|c| Sharkly9|OMG\n|\n|t:|1697786785\n|switch|p1b: Gothitelle|Gothitelle, M|100\/100\n|switch|p2b: Hippowdon|Hippowdon, M|69\/100\n|switch|p1a: Probopass|Probopass, F|100\/100\n|-weather|Sandstorm|[from] ability: Sand Stream|[of] p2b: Hippowdon\n|turn|6\n|\n|t:|1697786801\n|move|p2b: Hippowdon|Protect|p2b: Hippowdon\n|-singleturn|p2b: Hippowdon|Protect\n|move|p1a: Probopass|Protect|p1a: Probopass\n|-singleturn|p1a: Probopass|Protect\n|move|p2a: Sandslash|Earthquake|p1b: Gothitelle|[spread] p1b\n|-activate|p2b: Hippowdon|move: Protect\n|-activate|p1a: Probopass|move: Protect\n|-damage|p1b: Gothitelle|70\/100\n|-damage|p2a: Sandslash|29\/100|[from] item: Life Orb\n|move|p1b: Gothitelle|Calm Mind|p1b: Gothitelle\n|-boost|p1b: Gothitelle|spa|1\n|-boost|p1b: Gothitelle|spd|1\n|\n|-weather|Sandstorm|[upkeep]\n|-damage|p1b: Gothitelle|64\/100|[from] Sandstorm\n|-heal|p2b: Hippowdon|75\/100|[from] item: Leftovers\n|-sideend|p1: Nesquik_M|Reflect\n|upkeep\n|turn|7\n|\n|t:|1697786824\n|-terastallize|p1a: Probopass|Flying\n|move|p1a: Probopass|Helping Hand|p1b: Gothitelle\n|-singleturn|p1b: Gothitelle|Helping Hand|[of] p1a: Probopass\n|move|p2a: Sandslash|Earthquake|p1a: Probopass|[spread] p2b,p1b\n|-immune|p1a: Probopass\n|-damage|p2b: Hippowdon|55\/100\n|-damage|p1b: Gothitelle|16\/100\n|-damage|p2a: Sandslash|19\/100|[from] item: Life Orb\n|move|p1b: Gothitelle|Psychic|p2a: Sandslash\n|-damage|p2a: Sandslash|0 fnt\n|faint|p2a: Sandslash\n|move|p2b: Hippowdon|Crunch|p1b: Gothitelle\n|-supereffective|p1b: Gothitelle\n|-damage|p1b: Gothitelle|0 fnt\n|faint|p1b: Gothitelle\n|\n|-weather|Sandstorm|[upkeep]\n|-damage|p1a: Probopass|94\/100|[from] Sandstorm\n|-heal|p2b: Hippowdon|61\/100|[from] item: Leftovers\n|upkeep\n|j| FemboyShady\n|\n|t:|1697786841\n|switch|p2a: Torterra|Torterra, F|100\/100\n|switch|p1b: Flaaffy|Flaaffy, F|100\/100\n|turn|8\n|c| Sharkly9|nesquik is down 1 pkmn\n|\n|t:|1697786857\n|move|p2a: Torterra|Headlong Rush|p1b: Flaaffy\n|-supereffective|p1b: Flaaffy\n|-damage|p1b: Flaaffy|0 fnt\n|-unboost|p2a: Torterra|def|1\n|-unboost|p2a: Torterra|spd|1\n|faint|p1b: Flaaffy\n|move|p2b: Hippowdon|Ice Fang|p1a: Probopass|[miss]\n|-miss|p2b: Hippowdon|p1a: Probopass\n|move|p1a: Probopass|Body Press|p2b: Hippowdon\n|-damage|p2b: Hippowdon|49\/100\n|\n|-weather|Sandstorm|[upkeep]\n|-damage|p1a: Probopass|88\/100|[from] Sandstorm\n|-heal|p2b: Hippowdon|55\/100|[from] item: Leftovers\n|-sideend|p2: pooplpoopl|Reflect\n|upkeep\n|turn|9\n|c|\u2606Nesquik_M|gg\n|c|\u2606Nesquik_M|a\n|inactive|Nesquik_M has 120 seconds left.\n|c|\u2606pooplpoopl|unlucky\n|c|\u2606Nesquik_M|litteraly a meta sand team\n|c|\u2606pooplpoopl|:(\n|c| Sharkly9|omg\n|c|\u2606pooplpoopl|aw man\n|inactive|Nesquik_M has 90 seconds left.\n|-message|Nesquik_M forfeited.\n|\n|win|pooplpoopl\n|n|\u2606Nesquik_M|nesquikm\n|n|\u2606pooplpoopl|pooplpoopl\n|n|*Lady Monita \u263d|ladymonita\n|n| ZacianBoi101|zacianboi101\n|n| Sharkly9|sharkly9\n|n| FemboyShady|femboyshady\n","uploadtime":1697786919,"views":21,"p1id":"nesquikm","p2id":"pooplpoopl","formatid":"gen9doublesou","rating":0,"private":0,"password":""}