{"id":"gen9doublesou-1999200682","p1":"LukeTheDwarf336","p2":"fadi9","format":"[Gen 9] Doubles OU","log":"|j|\u2606LukeTheDwarf336\n|j|\u2606fadi9\n|t:|1701044651\n|gametype|doubles\n|player|p1|LukeTheDwarf336|1|1360\n|player|p2|fadi9|wattson|1483\n|teamsize|p1|6\n|teamsize|p2|6\n|gen|9\n|tier|[Gen 9] Doubles OU\n|rated|\n|rule|Species Clause: Limit one of each Pok\u00e9mon\n|rule|OHKO Clause: OHKO moves are banned\n|rule|Evasion Moves Clause: Evasion moves are banned\n|rule|Gravity Sleep Clause: The combination of sleep-inducing moves with imperfect accuracy and Gravity or Gigantamax Orbeetle are banned\n|rule|Endless Battle Clause: Forcing endless battles is banned\n|rule|HP Percentage Mod: HP is shown in percentages\n|clearpoke\n|poke|p1|Flutter Mane|\n|poke|p1|Tornadus, M|\n|poke|p1|Amoonguss, M|\n|poke|p1|Heatran, M|\n|poke|p1|Arcanine-Hisui, M|\n|poke|p1|Chien-Pao|\n|poke|p2|Tyranitar, M|\n|poke|p2|Roaring Moon|\n|poke|p2|Landorus-Therian, M|\n|poke|p2|Meowscarada, F|\n|poke|p2|Armarouge, M|\n|poke|p2|Indeedee-F, F|\n|teampreview\n|inactive|Battle timer is ON: inactive players will automatically lose when time's up. (requested by LukeTheDwarf336)\n|\n|t:|1701044677\n|start\n|switch|p1a: Arcanine|Arcanine-Hisui, M|100\/100\n|switch|p1b: Chien-Pao|Chien-Pao|100\/100\n|switch|p2a: Tyranitar|Tyranitar, M|100\/100\n|switch|p2b: Landorus|Landorus-Therian, M|100\/100\n|-ability|p1b: Chien-Pao|Sword of Ruin\n|-ability|p2b: Landorus|Intimidate|boost\n|-unboost|p1a: Arcanine|atk|1\n|-unboost|p1b: Chien-Pao|atk|1\n|-weather|Sandstorm|[from] ability: Sand Stream|[of] p2a: Tyranitar\n|turn|1\n|inactive|fadi9 has 120 seconds left.\n|\n|t:|1701044707\n|switch|p2b: Armarouge|Armarouge, M|100\/100\n|move|p1b: Chien-Pao|Ice Spinner|p2b: Armarouge\n|-resisted|p2b: Armarouge\n|-damage|p2b: Armarouge|83\/100\n|-damage|p1b: Chien-Pao|91\/100|[from] item: Life Orb\n|move|p1a: Arcanine|Head Smash|p2a: Tyranitar\n|-damage|p2a: Tyranitar|27\/100\n|move|p2a: Tyranitar|Earthquake|p1b: Chien-Pao|[spread] p2b,p1a,p1b\n|-supereffective|p2b: Armarouge\n|-supereffective|p1a: Arcanine\n|-damage|p2b: Armarouge|21\/100\n|-damage|p1a: Arcanine|0 fnt\n|-damage|p1b: Chien-Pao|47\/100\n|-enditem|p2b: Armarouge|Weakness Policy\n|-boost|p2b: Armarouge|atk|2|[from] item: Weakness Policy\n|-boost|p2b: Armarouge|spa|2|[from] item: Weakness Policy\n|faint|p1a: Arcanine\n|\n|-weather|Sandstorm|[upkeep]\n|-damage|p1b: Chien-Pao|41\/100|[from] Sandstorm\n|-damage|p2b: Armarouge|15\/100|[from] Sandstorm\n|upkeep\n|\n|t:|1701044725\n|switch|p1a: Amoonguss|Amoonguss, M|100\/100\n|turn|2\n|\n|t:|1701044754\n|move|p1a: Amoonguss|Rage Powder|p1a: Amoonguss\n|-singleturn|p1a: Amoonguss|move: Rage Powder\n|move|p1b: Chien-Pao|Sucker Punch|p2b: Armarouge\n|-supereffective|p2b: Armarouge\n|-damage|p2b: Armarouge|0 fnt\n|faint|p2b: Armarouge\n|-damage|p1b: Chien-Pao|31\/100|[from] item: Life Orb\n|move|p2a: Tyranitar|Rock Slide|p1b: Chien-Pao|[spread] p1a,p1b\n|-crit|p1a: Amoonguss\n|-supereffective|p1b: Chien-Pao\n|-damage|p1a: Amoonguss|46\/100\n|-damage|p1b: Chien-Pao|0 fnt\n|-enditem|p1a: Amoonguss|Sitrus Berry|[eat]\n|-heal|p1a: Amoonguss|71\/100|[from] item: Sitrus Berry\n|faint|p1b: Chien-Pao\n|\n|-weather|Sandstorm|[upkeep]\n|-damage|p1a: Amoonguss|65\/100|[from] Sandstorm\n|upkeep\n|\n|t:|1701044772\n|switch|p1b: Heatran|Heatran, M|100\/100\n|switch|p2b: Landorus|Landorus-Therian, M|100\/100\n|-ability|p2b: Landorus|Intimidate|boost\n|-unboost|p1a: Amoonguss|atk|1\n|-unboost|p1b: Heatran|atk|1\n|turn|3\n|\n|t:|1701044789\n|-terastallize|p1b: Heatran|Grass\n|-terastallize|p2a: Tyranitar|Flying\n|move|p2b: Landorus|Earthquake|p1b: Heatran|[spread] p1a,p1b\n|-immune|p2a: Tyranitar\n|-resisted|p1b: Heatran\n|-damage|p1a: Amoonguss|19\/100\n|-damage|p1b: Heatran|77\/100\n|-damage|p2b: Landorus|90\/100|[from] item: Life Orb\n|move|p1b: Heatran|Flash Cannon|p2a: Tyranitar\n|-damage|p2a: Tyranitar|2\/100\n|move|p2a: Tyranitar|Tera Blast|p1a: Amoonguss|[anim] Tera Blast Flying\n|-supereffective|p1a: Amoonguss\n|-damage|p1a: Amoonguss|0 fnt\n|faint|p1a: Amoonguss\n|\n|-weather|Sandstorm|[upkeep]\n|-damage|p1b: Heatran|71\/100|[from] Sandstorm\n|-damage|p2a: Tyranitar|0 fnt|[from] Sandstorm\n|faint|p2a: Tyranitar\n|upkeep\n|\n|t:|1701044818\n|switch|p2a: Roaring Moon|Roaring Moon|100\/100\n|switch|p1a: Tornadus|Tornadus, M|100\/100\n|-enditem|p2a: Roaring Moon|Booster Energy\n|-activate|p2a: Roaring Moon|ability: Protosynthesis|[fromitem]\n|-start|p2a: Roaring Moon|protosynthesisatk\n|turn|4\n|\n|t:|1701044839\n|move|p1a: Tornadus|Tailwind|p1a: Tornadus\n|-sidestart|p1: LukeTheDwarf336|move: Tailwind\n|move|p1b: Heatran|Heat Wave|p2a: Roaring Moon|[spread] p2a\n|-miss|p1b: Heatran|p2b: Landorus\n|-resisted|p2a: Roaring Moon\n|-damage|p2a: Roaring Moon|81\/100\n|move|p2a: Roaring Moon|Acrobatics|p1b: Heatran\n|-supereffective|p1b: Heatran\n|-damage|p1b: Heatran|0 fnt\n|faint|p1b: Heatran\n|move|p2b: Landorus|Rock Slide|p1a: Tornadus\n|-supereffective|p1a: Tornadus\n|-enditem|p1a: Tornadus|Focus Sash\n|-damage|p1a: Tornadus|1\/100\n|-damage|p2b: Landorus|80\/100|[from] item: Life Orb\n|\n|-weather|Sandstorm|[upkeep]\n|-damage|p1a: Tornadus|0 fnt|[from] Sandstorm\n|-damage|p2a: Roaring Moon|74\/100|[from] Sandstorm\n|faint|p1a: Tornadus\n|upkeep\n|inactive|LukeTheDwarf336 has 120 seconds left.\n|\n|t:|1701044871\n|switch|p1b: Flutter Mane|Flutter Mane|100\/100\n|turn|5\n|\n|t:|1701044884\n|-end|p2a: Roaring Moon|Protosynthesis|[silent]\n|switch|p2a: Indeedee|Indeedee-F, F, shiny|100\/100\n|-fieldstart|move: Psychic Terrain|[from] ability: Psychic Surge|[of] p2a: Indeedee\n|-enditem|p2a: Indeedee|Psychic Seed\n|-boost|p2a: Indeedee|spd|1|[from] item: Psychic Seed\n|move|p1b: Flutter Mane|Moonblast|p2a: Indeedee\n|-damage|p2a: Indeedee|76\/100\n|move|p2b: Landorus|Rock Slide|p1b: Flutter Mane\n|-damage|p1b: Flutter Mane|8\/100\n|-damage|p2b: Landorus|70\/100|[from] item: Life Orb\n|\n|-weather|none\n|upkeep\n|turn|6\n|\n|t:|1701044900\n|move|p2a: Indeedee|Follow Me|p2a: Indeedee\n|-singleturn|p2a: Indeedee|move: Follow Me\n|move|p1b: Flutter Mane|Shadow Ball|p2a: Indeedee\n|-immune|p2a: Indeedee\n|move|p2b: Landorus|Rock Slide|p1b: Flutter Mane\n|-damage|p1b: Flutter Mane|0 fnt\n|faint|p1b: Flutter Mane\n|-end|p1b: Flutter Mane|Protosynthesis|[silent]\n|-damage|p2b: Landorus|60\/100|[from] item: Life Orb\n|\n|win|fadi9\n|raw|LukeTheDwarf336's rating: 1360 &rarr; <strong>1347<\/strong><br \/>(-13 for losing)\n|raw|fadi9's rating: 1483 &rarr; <strong>1496<\/strong><br \/>(+13 for winning)\n|l|\u2606LukeTheDwarf336\n","uploadtime":1701044923,"views":5,"p1id":"lukethedwarf336","p2id":"fadi9","formatid":"gen9doublesou","rating":1347,"private":0,"password":""}