{"id":"gen9doublesou-1973157320","p1":"Pipiundkaka","p2":"Wickit","format":"[Gen 9] Doubles OU","log":"|j|\u2606Pipiundkaka\n|j|\u2606Wickit\n|t:|1697933999\n|gametype|doubles\n|player|p1|Pipiundkaka|buck|1036\n|player|p2|Wickit|iono|1029\n|teamsize|p1|6\n|teamsize|p2|6\n|gen|9\n|tier|[Gen 9] Doubles OU\n|rated|\n|rule|Species Clause: Limit one of each Pok\u00e9mon\n|rule|OHKO Clause: OHKO moves are banned\n|rule|Evasion Moves Clause: Evasion moves are banned\n|rule|Gravity Sleep Clause: The combination of sleep-inducing moves with imperfect accuracy and Gravity or Gigantamax Orbeetle are banned\n|rule|Endless Battle Clause: Forcing endless battles is banned\n|rule|HP Percentage Mod: HP is shown in percentages\n|clearpoke\n|poke|p1|Scovillain, F|\n|poke|p1|Ninetales, F|\n|poke|p1|Oricorio-Pa'u, F|\n|poke|p1|Zoroark-Hisui, M|\n|poke|p1|Gliscor, M|\n|poke|p1|Grafaiai, F|\n|poke|p2|Fezandipiti, M|\n|poke|p2|Sinistcha|\n|poke|p2|Clefairy, F|\n|poke|p2|Kommo-o, F|\n|poke|p2|Sylveon, F|\n|poke|p2|Iron Valiant|\n|teampreview\n|inactive|Battle timer is ON: inactive players will automatically lose when time's up. (requested by Pipiundkaka)\n|\n|t:|1697934028\n|start\n|switch|p1a: Scovillain|Scovillain, F|100\/100\n|switch|p1b: Ninetales|Ninetales, F|100\/100\n|switch|p2a: Femboy|Fezandipiti, M|100\/100\n|switch|p2b: boel|Sinistcha|100\/100\n|-weather|SunnyDay|[from] ability: Drought|[of] p1b: Ninetales\n|turn|1\n|\n|t:|1697934051\n|switch|p2b: gender.exe|Iron Valiant|100\/100\n|move|p1a: Scovillain|Protect|p1a: Scovillain\n|-singleturn|p1a: Scovillain|Protect\n|move|p1b: Ninetales|Weather Ball|p2b: gender.exe\n|-damage|p2b: gender.exe|0 fnt\n|faint|p2b: gender.exe\n|-end|p2b: gender.exe|Quark Drive|[silent]\n|move|p2a: Femboy|Swords Dance|p2a: Femboy\n|-boost|p2a: Femboy|atk|2\n|\n|-weather|SunnyDay|[upkeep]\n|-ability|p1a: Scovillain|Moody|boost\n|-boost|p1a: Scovillain|spd|2\n|-unboost|p1a: Scovillain|def|1\n|upkeep\n|inactive|Wickit has 120 seconds left.\n|\n|t:|1697934069\n|switch|p2b: fwend|Clefairy, F|100\/100\n|turn|2\n|\n|t:|1697934083\n|-terastallize|p2a: Femboy|Flying\n|-terastallize|p1a: Scovillain|Steel\n|move|p1b: Ninetales|Weather Ball|p2a: Femboy\n|-damage|p2a: Femboy|43\/100\n|move|p2a: Femboy|Dual Wingbeat|p1a: Scovillain\n|-resisted|p1a: Scovillain\n|-damage|p1a: Scovillain|48\/100\n|-resisted|p1a: Scovillain\n|-damage|p1a: Scovillain|0 fnt\n|faint|p1a: Scovillain\n|-hitcount|p1: Scovillain|2\n|move|p2b: fwend|Dazzling Gleam|p1b: Ninetales\n|-resisted|p1b: Ninetales\n|-damage|p1b: Ninetales|90\/100\n|\n|-weather|SunnyDay|[upkeep]\n|upkeep\n|\n|t:|1697934099\n|switch|p1a: Oricorio|Oricorio-Pa'u, F|100\/100\n|turn|3\n|\n|t:|1697934110\n|move|p1b: Ninetales|Weather Ball|p2a: Femboy\n|-damage|p2a: Femboy|0 fnt\n|faint|p2a: Femboy\n|move|p1a: Oricorio|Quiver Dance|p1a: Oricorio\n|-boost|p1a: Oricorio|spa|1\n|-boost|p1a: Oricorio|spd|1\n|-boost|p1a: Oricorio|spe|1\n|move|p2b: fwend|Heal Pulse|p2: Femboy|[notarget]\n|-fail|p2b: fwend\n|\n|-weather|SunnyDay|[upkeep]\n|upkeep\n|\n|t:|1697934120\n|switch|p2a: Dragon Ballz|Kommo-o, F, shiny|100\/100\n|turn|4\n|\n|t:|1697934133\n|move|p1a: Oricorio|Quiver Dance|p1a: Oricorio\n|-boost|p1a: Oricorio|spa|1\n|-boost|p1a: Oricorio|spd|1\n|-boost|p1a: Oricorio|spe|1\n|move|p1b: Ninetales|Weather Ball|p2a: Dragon Ballz\n|-resisted|p2a: Dragon Ballz\n|-damage|p2a: Dragon Ballz|69\/100\n|move|p2a: Dragon Ballz|Clangorous Soul|p2a: Dragon Ballz\n|-boost|p2a: Dragon Ballz|atk|1\n|-boost|p2a: Dragon Ballz|def|1\n|-boost|p2a: Dragon Ballz|spa|1\n|-boost|p2a: Dragon Ballz|spd|1\n|-boost|p2a: Dragon Ballz|spe|1\n|-damage|p2a: Dragon Ballz|36\/100\n|-enditem|p2a: Dragon Ballz|Throat Spray\n|-boost|p2a: Dragon Ballz|spa|1|[from] item: Throat Spray\n|-activate|p1a: Oricorio|ability: Dancer\n|move|p1a: Oricorio|Clangorous Soul|p1a: Oricorio|[from]ability: Dancer\n|-boost|p1a: Oricorio|atk|1\n|-boost|p1a: Oricorio|def|1\n|-boost|p1a: Oricorio|spa|1\n|-boost|p1a: Oricorio|spd|1\n|-boost|p1a: Oricorio|spe|1\n|-damage|p1a: Oricorio|68\/100\n|move|p2b: fwend|Heal Pulse|p2a: Dragon Ballz\n|-heal|p2a: Dragon Ballz|86\/100\n|\n|-weather|SunnyDay|[upkeep]\n|-heal|p1a: Oricorio|74\/100|[from] item: Leftovers\n|upkeep\n|turn|5\n|inactive|Pipiundkaka has 120 seconds left.\n|inactive|Wickit has 120 seconds left.\n|\n|t:|1697934174\n|switch|p2b: boel|Sinistcha|100\/100\n|-heal|p2a: Dragon Ballz|100\/100|[from] ability: Hospitality|[of] p2b: boel\n|move|p1a: Oricorio|Baton Pass|p1a: Oricorio\n|\n|t:|1697934180\n|switch|p1a: Gliscor|Gliscor, M|100\/100|[from] Baton Pass\n|move|p2a: Dragon Ballz|Boomburst|p1a: Gliscor|[spread] p1a,p1b\n|-immune|p2b: boel\n|-damage|p1a: Gliscor|70\/100\n|-damage|p1b: Ninetales|17\/100\n|move|p1b: Ninetales|Weather Ball|p2b: boel\n|-supereffective|p2b: boel\n|-damage|p2b: boel|0 fnt\n|faint|p2b: boel\n|\n|-weather|none\n|-status|p1a: Gliscor|tox|[from] item: Toxic Orb\n|upkeep\n|inactive|Wickit has 120 seconds left.\n|\n|t:|1697934194\n|switch|p2b: Frendy|Sylveon, F|100\/100\n|turn|6\n|inactive|Pipiundkaka has 120 seconds left.\n|\n|t:|1697934232\n|switch|p1b: Oricorio|Oricorio-Pa'u, F|74\/100\n|move|p1a: Gliscor|Earthquake|p2a: Dragon Ballz|[spread] p2a,p2b\n|-immune|p1b: Oricorio\n|-damage|p2a: Dragon Ballz|73\/100\n|-damage|p2b: Frendy|36\/100\n|-enditem|p2b: Frendy|Sitrus Berry|[eat]\n|-heal|p2b: Frendy|61\/100|[from] item: Sitrus Berry\n|move|p2a: Dragon Ballz|Boomburst|p1a: Gliscor|[spread] p2b,p1a,p1b\n|-damage|p2b: Frendy|24\/100\n|-damage|p1a: Gliscor|40\/100 tox\n|-damage|p1b: Oricorio|3\/100\n|move|p2b: Frendy|Skill Swap|p2a: Dragon Ballz\n|-activate|p2b: Frendy|move: Skill Swap|||[of] p2a: Dragon Ballz\n|\n|-heal|p1b: Oricorio|9\/100|[from] item: Leftovers\n|-heal|p1a: Gliscor|53\/100 tox|[from] ability: Poison Heal\n|upkeep\n|turn|7\n|inactive|Pipiundkaka has 120 seconds left.\n|inactive|Wickit has 120 seconds left.\n|\n|t:|1697934265\n|move|p1a: Gliscor|Earthquake|p2b: Frendy|[spread] p2a,p2b\n|-immune|p1b: Oricorio\n|-damage|p2a: Dragon Ballz|49\/100\n|-damage|p2b: Frendy|0 fnt\n|faint|p2b: Frendy\n|move|p2a: Dragon Ballz|Boomburst|p1a: Gliscor|[spread] p1a,p1b\n|-damage|p1a: Gliscor|20\/100 tox\n|-damage|p1b: Oricorio|0 fnt\n|faint|p1b: Oricorio\n|\n|-heal|p1a: Gliscor|32\/100 tox|[from] ability: Poison Heal\n|upkeep\n|inactive|Pipiundkaka has 120 seconds left.\n|\n|t:|1697934276\n|switch|p1b: Grafaiai|Grafaiai, F|100\/100\n|switch|p2b: fwend|Clefairy, F|100\/100\n|turn|8\n|inactive|Pipiundkaka has 120 seconds left.\n|\n|t:|1697934299\n|move|p1a: Gliscor|Gunk Shot|p2b: fwend\n|-supereffective|p2b: fwend\n|-damage|p2b: fwend|5\/100\n|-status|p2b: fwend|psn\n|move|p2a: Dragon Ballz|Boomburst|p1a: Gliscor|[spread] p2b,p1a,p1b\n|-damage|p2b: fwend|0 fnt\n|-damage|p1a: Gliscor|0 fnt\n|-damage|p1b: Grafaiai|7\/100\n|replace|p1b: Zoroark|Zoroark-Hisui, M\n|-end|p1b: Zoroark|Illusion\n|faint|p2b: fwend\n|faint|p1a: Gliscor\n|move|p1b: Zoroark|Psychic|p2a: Dragon Ballz\n|-supereffective|p2a: Dragon Ballz\n|-damage|p2a: Dragon Ballz|8\/100\n|\n|upkeep\n|inactive|Pipiundkaka has 120 seconds left.\n|\n|t:|1697934312\n|switch|p1a: Grafaiai|Grafaiai, F|100\/100\n|turn|9\n|\n|t:|1697934332\n|move|p2a: Dragon Ballz|Boomburst|p1b: Zoroark|[spread] p1a,p1b\n|-resisted|p1a: Grafaiai\n|-damage|p1a: Grafaiai|41\/100\n|-damage|p1b: Zoroark|0 fnt\n|faint|p1b: Zoroark\n|move|p1a: Grafaiai|Poison Jab|p2a: Dragon Ballz\n|-damage|p2a: Dragon Ballz|0 fnt\n|faint|p2a: Dragon Ballz\n|\n|win|Pipiundkaka\n|raw|Pipiundkaka's rating: 1036 &rarr; <strong>1070<\/strong><br \/>(+34 for winning)\n|raw|Wickit's rating: 1029 &rarr; <strong>1015<\/strong><br \/>(-14 for losing)\n|l|\u2606Wickit\n","uploadtime":1697934342,"views":9,"p1id":"pipiundkaka","p2id":"wickit","formatid":"gen9doublesou","rating":1015,"private":0,"password":""}