{"id":"gen9doublesou-1990038093","p1":"Satoru Gozou","p2":"nahte","format":"[Gen 9] Doubles OU","log":"|j|\u2606Satoru Gozou\n|j|\u2606nahte\n|t:|1699917896\n|gametype|doubles\n|player|p1|Satoru Gozou|drayden|1444\n|player|p2|nahte|steven|1383\n|teamsize|p1|6\n|teamsize|p2|6\n|gen|9\n|tier|[Gen 9] Doubles OU\n|rated|\n|rule|Species Clause: Limit one of each Pok\u00e9mon\n|rule|OHKO Clause: OHKO moves are banned\n|rule|Evasion Moves Clause: Evasion moves are banned\n|rule|Gravity Sleep Clause: The combination of sleep-inducing moves with imperfect accuracy and Gravity or Gigantamax Orbeetle are banned\n|rule|Endless Battle Clause: Forcing endless battles is banned\n|rule|HP Percentage Mod: HP is shown in percentages\n|clearpoke\n|poke|p1|Farigiraf, M|\n|poke|p1|Tornadus, M|\n|poke|p1|Rillaboom, F|\n|poke|p1|Ogerpon-Hearthflame, F|\n|poke|p1|Ursaluna-Bloodmoon, M|\n|poke|p1|Dragonite, F|\n|poke|p2|Wo-Chien|\n|poke|p2|Lucario, M|\n|poke|p2|Glimmora, M|\n|poke|p2|Empoleon, F|\n|poke|p2|Tyranitar, F|\n|poke|p2|Sinistcha-Masterpiece|\n|teampreview\n|c|\u2606nahte|Good luck\n|j| Negonheh\n|\n|t:|1699917917\n|start\n|switch|p1a: Nossa m\u00e3e|Dragonite, F|100\/100\n|switch|p1b: Mendigo da muie|Tornadus, M|100\/100\n|switch|p2a: Glimmora|Glimmora, M|100\/100\n|switch|p2b: Lucario|Lucario, M|100\/100\n|turn|1\n|inactive|Battle timer is ON: inactive players will automatically lose when time's up. (requested by Satoru Gozou)\n|c| Negonheh|Va te fuder gringo\n|\n|t:|1699917937\n|move|p1b: Mendigo da muie|Tailwind|p1b: Mendigo da muie\n|-sidestart|p1: Satoru Gozou|move: Tailwind\n|move|p1a: Nossa m\u00e3e|Earthquake|p2a: Glimmora|[spread] p2a,p2b\n|-immune|p1b: Mendigo da muie\n|-supereffective|p2a: Glimmora\n|-supereffective|p2b: Lucario\n|-enditem|p2a: Glimmora|Focus Sash\n|-damage|p2a: Glimmora|1\/100\n|-damage|p2b: Lucario|18\/100\n|-activate|p2a: Glimmora|ability: Toxic Debris\n|-sidestart|p1: Satoru Gozou|move: Toxic Spikes\n|-enditem|p2b: Lucario|Sitrus Berry|[eat]\n|-heal|p2b: Lucario|43\/100|[from] item: Sitrus Berry\n|move|p2a: Glimmora|Stealth Rock|p1b: Mendigo da muie\n|-sidestart|p1: Satoru Gozou|move: Stealth Rock\n|move|p2b: Lucario|Roar|p1a: Nossa m\u00e3e\n|drag|p1a: Garibaldo|Farigiraf, M|100\/100\n|-status|p1a: Garibaldo|psn\n|-damage|p1a: Garibaldo|88\/100 psn|[from] Stealth Rock\n|\n|-damage|p1a: Garibaldo|76\/100 psn|[from] psn\n|upkeep\n|turn|2\n|inactive|Satoru Gozou has 120 seconds left.\n|inactive|Satoru Gozou has 90 seconds left.\n|\n|t:|1699918023\n|move|p1b: Mendigo da muie|Air Slash|p2b: Lucario\n|-damage|p2b: Lucario|0 fnt\n|faint|p2b: Lucario\n|move|p1a: Garibaldo|Hyper Voice|p2a: Glimmora\n|-resisted|p2a: Glimmora\n|-damage|p2a: Glimmora|0 fnt\n|faint|p2a: Glimmora\n|-enditem|p1a: Garibaldo|Throat Spray\n|-boost|p1a: Garibaldo|spa|1|[from] item: Throat Spray\n|\n|-damage|p1a: Garibaldo|63\/100 psn|[from] psn\n|upkeep\n|inactive|nahte has 120 seconds left.\n|\n|t:|1699918034\n|switch|p2b: Empoleon|Empoleon, F|100\/100\n|switch|p2a: Tyranitar|Tyranitar, F|100\/100\n|-weather|Sandstorm|[from] ability: Sand Stream|[of] p2a: Tyranitar\n|turn|3\n|inactive|Satoru Gozou has 90 seconds left.\n|inactive|Satoru Gozou has 60 seconds left.\n|\n|t:|1699918077\n|switch|p1a: M'a kako|Rillaboom, F|100\/100\n|-status|p1a: M'a kako|psn\n|-damage|p1a: M'a kako|88\/100 psn|[from] Stealth Rock\n|-fieldstart|move: Grassy Terrain|[from] ability: Grassy Surge|[of] p1a: M'a kako\n|move|p1b: Mendigo da muie|Taunt|p2b: Empoleon\n|-start|p2b: Empoleon|move: Taunt\n|move|p2a: Tyranitar|Dragon Dance|p2a: Tyranitar\n|-boost|p2a: Tyranitar|atk|1\n|-boost|p2a: Tyranitar|spe|1\n|move|p2b: Empoleon|Water Pledge|p1a: M'a kako\n|-resisted|p1a: M'a kako\n|-damage|p1a: M'a kako|74\/100 psn\n|\n|-weather|Sandstorm|[upkeep]\n|-damage|p1b: Mendigo da muie|94\/100|[from] Sandstorm\n|-damage|p1a: M'a kako|68\/100 psn|[from] Sandstorm\n|-heal|p1a: M'a kako|74\/100 psn|[from] Grassy Terrain\n|-damage|p1a: M'a kako|61\/100 psn|[from] psn\n|upkeep\n|turn|4\n|\n|t:|1699918088\n|-terastallize|p2a: Tyranitar|Fire\n|move|p1b: Mendigo da muie|Taunt|p2a: Tyranitar\n|-start|p2a: Tyranitar|move: Taunt\n|move|p1a: M'a kako|Drain Punch|p2b: Empoleon\n|-supereffective|p2b: Empoleon\n|-damage|p2b: Empoleon|41\/100\n|-heal|p1a: M'a kako|89\/100 psn|[from] drain|[of] p2b: Empoleon\n|move|p2a: Tyranitar|Tera Blast|p1a: M'a kako|[anim] Tera Blast Fire\n|-supereffective|p1a: M'a kako\n|-damage|p1a: M'a kako|0 fnt\n|faint|p1a: M'a kako\n|move|p2b: Empoleon|Ice Beam|p1b: Mendigo da muie\n|-supereffective|p1b: Mendigo da muie\n|-damage|p1b: Mendigo da muie|16\/100\n|\n|-weather|Sandstorm|[upkeep]\n|-damage|p1b: Mendigo da muie|10\/100|[from] Sandstorm\n|-heal|p2b: Empoleon|47\/100|[from] Grassy Terrain\n|-sideend|p1: Satoru Gozou|move: Tailwind\n|upkeep\n|\n|t:|1699918104\n|switch|p1a: Nossa m\u00e3e|Dragonite, F|100\/100\n|-damage|p1a: Nossa m\u00e3e|76\/100|[from] Stealth Rock\n|turn|5\n|\n|t:|1699918119\n|move|p1b: Mendigo da muie|Tailwind|p1b: Mendigo da muie\n|-sidestart|p1: Satoru Gozou|move: Tailwind\n|move|p2b: Empoleon|Vacuum Wave|p1b: Mendigo da muie\n|-resisted|p1b: Mendigo da muie\n|-damage|p1b: Mendigo da muie|0 fnt\n|faint|p1b: Mendigo da muie\n|move|p1a: Nossa m\u00e3e|Earthquake|p2b: Empoleon|[spread] p2a,p2b\n|-supereffective|p2a: Tyranitar\n|-supereffective|p2b: Empoleon\n|-damage|p2a: Tyranitar|74\/100\n|-damage|p2b: Empoleon|14\/100\n|move|p2a: Tyranitar|Knock Off|p1a: Nossa m\u00e3e\n|-damage|p1a: Nossa m\u00e3e|0 fnt\n|-enditem|p1a: Nossa m\u00e3e|Weakness Policy|[from] move: Knock Off|[of] p2a: Tyranitar\n|faint|p1a: Nossa m\u00e3e\n|\n|-weather|Sandstorm|[upkeep]\n|-heal|p2a: Tyranitar|80\/100|[from] Grassy Terrain\n|-heal|p2b: Empoleon|20\/100|[from] Grassy Terrain\n|-end|p2b: Empoleon|move: Taunt\n|upkeep\n|c|\u2606Satoru Gozou|Dia mais feliz do Andr\u00e9\n|\n|t:|1699918135\n|switch|p1b: Roraima|Ogerpon-Hearthflame, F|100\/100\n|switch|p1a: Gozador mestre|Ursaluna-Bloodmoon, M|100\/100\n|-status|p1b: Roraima|psn\n|-damage|p1b: Roraima|76\/100 psn|[from] Stealth Rock\n|-ability|p1b: Roraima|Mold Breaker\n|-status|p1a: Gozador mestre|psn\n|-damage|p1a: Gozador mestre|94\/100 psn|[from] Stealth Rock\n|turn|6\n|inactive|Satoru Gozou has 90 seconds left.\n|c| Negonheh|Preciso de boa sorte do cara que me roubou nao\n|inactive|nahte has 120 seconds left.\n|\n|t:|1699918167\n|move|p2b: Empoleon|Vacuum Wave|p1a: Gozador mestre\n|-supereffective|p1a: Gozador mestre\n|-damage|p1a: Gozador mestre|62\/100 psn\n|move|p1b: Roraima|Horn Leech|p2b: Empoleon\n|-damage|p2b: Empoleon|0 fnt\n|-heal|p1b: Roraima|88\/100 psn|[from] drain|[of] p2b: Empoleon\n|faint|p2b: Empoleon\n|move|p2a: Tyranitar|Rock Slide|p1b: Roraima|[spread] p1a,p1b\n|-resisted|p1a: Gozador mestre\n|-supereffective|p1b: Roraima\n|-damage|p1a: Gozador mestre|47\/100 psn\n|-damage|p1b: Roraima|0 fnt\n|faint|p1b: Roraima\n|move|p1a: Gozador mestre|Earth Power|p2a: Tyranitar\n|-supereffective|p2a: Tyranitar\n|-damage|p2a: Tyranitar|0 fnt\n|faint|p2a: Tyranitar\n|\n|-weather|Sandstorm|[upkeep]\n|-heal|p1a: Gozador mestre|54\/100 psn|[from] Grassy Terrain\n|-damage|p1a: Gozador mestre|41\/100 psn|[from] psn\n|upkeep\n|inactive|Satoru Gozou has 90 seconds left.\n|\n|t:|1699918181\n|switch|p1b: Garibaldo|Farigiraf, M|63\/100 psn\n|switch|p2a: Sinistcha|Sinistcha-Masterpiece|100\/100\n|switch|p2b: Wo-Chien|Wo-Chien|100\/100\n|-damage|p1b: Garibaldo|51\/100 psn|[from] Stealth Rock\n|-ability|p2b: Wo-Chien|Tablets of Ruin\n|turn|7\n|\n|t:|1699918194\n|-terastallize|p1a: Gozador mestre|Ghost\n|move|p1b: Garibaldo|Helping Hand|p1a: Gozador mestre\n|-singleturn|p1a: Gozador mestre|Helping Hand|[of] p1b: Garibaldo\n|move|p2a: Sinistcha|Rage Powder|p2a: Sinistcha\n|-singleturn|p2a: Sinistcha|move: Rage Powder\n|move|p1a: Gozador mestre|Hyper Voice|p2b: Wo-Chien|[spread] p2a,p2b\n|-damage|p2a: Sinistcha|40\/100\n|-damage|p2b: Wo-Chien|71\/100\n|-enditem|p1a: Gozador mestre|Throat Spray\n|-boost|p1a: Gozador mestre|spa|1|[from] item: Throat Spray\n|move|p2b: Wo-Chien|Body Press|p1a: Gozador mestre\n|-immune|p1a: Gozador mestre\n|\n|-weather|none\n|-heal|p1b: Garibaldo|57\/100 psn|[from] Grassy Terrain\n|-heal|p1a: Gozador mestre|47\/100 psn|[from] Grassy Terrain\n|-heal|p2a: Sinistcha|46\/100|[from] Grassy Terrain\n|-heal|p2b: Wo-Chien|78\/100|[from] Grassy Terrain\n|-heal|p2b: Wo-Chien|84\/100|[from] item: Leftovers\n|-damage|p1b: Garibaldo|45\/100 psn|[from] psn\n|-damage|p1a: Gozador mestre|35\/100 psn|[from] psn\n|-fieldend|move: Grassy Terrain\n|upkeep\n|turn|8\n|c| Negonheh|Wo chien \u00e9 bonito\n|inactive|Satoru Gozou has 120 seconds left.\n|\n|t:|1699918218\n|move|p1b: Garibaldo|Helping Hand|p1a: Gozador mestre\n|-singleturn|p1a: Gozador mestre|Helping Hand|[of] p1b: Garibaldo\n|move|p2a: Sinistcha|Rage Powder|p2a: Sinistcha\n|-singleturn|p2a: Sinistcha|move: Rage Powder\n|move|p1a: Gozador mestre|Hyper Voice|p2a: Sinistcha|[spread] p2a,p2b\n|-damage|p2a: Sinistcha|0 fnt\n|-damage|p2b: Wo-Chien|40\/100\n|faint|p2a: Sinistcha\n|move|p2b: Wo-Chien|Foul Play|p1a: Gozador mestre\n|-supereffective|p1a: Gozador mestre\n|-damage|p1a: Gozador mestre|11\/100 psn\n|\n|-heal|p2b: Wo-Chien|46\/100|[from] item: Leftovers\n|-damage|p1b: Garibaldo|33\/100 psn|[from] psn\n|-damage|p1a: Gozador mestre|0 fnt|[from] psn\n|faint|p1a: Gozador mestre\n|-sideend|p1: Satoru Gozou|move: Tailwind\n|upkeep\n|turn|9\n|\n|t:|1699918228\n|move|p2b: Wo-Chien|Protect|p2b: Wo-Chien\n|-singleturn|p2b: Wo-Chien|Protect\n|move|p1b: Garibaldo|Hyper Voice|p2b: Wo-Chien\n|-activate|p2b: Wo-Chien|move: Protect\n|\n|-heal|p2b: Wo-Chien|52\/100|[from] item: Leftovers\n|-damage|p1b: Garibaldo|20\/100 psn|[from] psn\n|upkeep\n|turn|10\n|\n|t:|1699918235\n|move|p2b: Wo-Chien|Body Press|p1b: Garibaldo\n|-damage|p1b: Garibaldo|0 fnt\n|faint|p1b: Garibaldo\n|\n|win|nahte\n|raw|Satoru Gozou's rating: 1444 &rarr; <strong>1421<\/strong><br \/>(-23 for losing)\n|raw|nahte's rating: 1383 &rarr; <strong>1406<\/strong><br \/>(+23 for winning)\n","uploadtime":1699917923,"views":5,"p1id":"satorugozou","p2id":"nahte","formatid":"gen9doublesou","rating":1406,"private":0,"password":""}