{"id":"gen9doublesou-1985644978","p1":"quiewr","p2":"Bahg3012","format":"[Gen 9] Doubles OU","log":"|j|\u2606quiewr\n|j|\u2606Bahg3012\n|t:|1699391873\n|gametype|doubles\n|player|p1|quiewr|hilda|\n|player|p2|Bahg3012|marlon|\n|teamsize|p1|6\n|teamsize|p2|6\n|gen|9\n|tier|[Gen 9] Doubles OU\n|rule|Species Clause: Limit one of each Pok\u00e9mon\n|rule|OHKO Clause: OHKO moves are banned\n|rule|Evasion Moves Clause: Evasion moves are banned\n|rule|Gravity Sleep Clause: The combination of sleep-inducing moves with imperfect accuracy and Gravity or Gigantamax Orbeetle are banned\n|rule|Endless Battle Clause: Forcing endless battles is banned\n|rule|HP Percentage Mod: HP is shown in percentages\n|clearpoke\n|poke|p1|Hatterene, F|\n|poke|p1|Garchomp, F|\n|poke|p1|Rotom-Heat|\n|poke|p1|Spectrier|\n|poke|p1|Greninja-*, M|\n|poke|p1|Decidueye-Hisui, M|\n|poke|p2|Ogerpon-Hearthflame, F|\n|poke|p2|Tornadus, M|\n|poke|p2|Perrserker, F|\n|poke|p2|Gastrodon, M|\n|poke|p2|Arcanine-Hisui, M|\n|poke|p2|Lilligant-Hisui, F|\n|teampreview\n|c|\u2606quiewr|gl!!\n|\n|t:|1699391895\n|start\n|switch|p1a: Hatt|Hatterene, F|100\/100\n|switch|p1b: Decidueye|Decidueye-Hisui, M|100\/100\n|switch|p2a: Tornadus|Tornadus, M|100\/100\n|switch|p2b: Lilligant|Lilligant-Hisui, F|100\/100\n|turn|1\n|\n|t:|1699391935\n|switch|p2b: Ogerpon|Ogerpon-Hearthflame, F|100\/100\n|-ability|p2b: Ogerpon|Mold Breaker\n|move|p1b: Decidueye|Protect|p1b: Decidueye\n|-singleturn|p1b: Decidueye|Protect\n|move|p2a: Tornadus|Taunt|p1a: Hatt\n|move|p1a: Hatt|Taunt|p2a: Tornadus|[from]ability: Magic Bounce\n|-start|p2a: Tornadus|move: Taunt\n|move|p1a: Hatt|Light Screen|p1a: Hatt\n|-sidestart|p1: quiewr|move: Light Screen\n|\n|upkeep\n|turn|2\n|\n|t:|1699391968\n|switch|p2a: Arcanine|Arcanine-Hisui, M|100\/100\n|-ability|p2a: Arcanine|Intimidate|boost\n|-unboost|p1a: Hatt|atk|1\n|-fail|p1b: Decidueye|unboost|Attack|[from] ability: Scrappy|[of] p1b: Decidueye\n|move|p2b: Ogerpon|Ivy Cudgel|p1b: Decidueye\n|-supereffective|p1b: Decidueye\n|-damage|p1b: Decidueye|0 fnt\n|faint|p1b: Decidueye\n|move|p1a: Hatt|Psychic|p2b: Ogerpon\n|-damage|p2b: Ogerpon|50\/100\n|\n|upkeep\n|\n|t:|1699391979\n|switch|p1b: Greninja|Greninja, M|100\/100\n|turn|3\n|\n|t:|1699391997\n|switch|p2a: Gastrodon|Gastrodon, M|100\/100\n|move|p1b: Greninja|Surf|p2b: Ogerpon|[spread] p1a,p2b\n|-start|p1b: Greninja|typechange|Water|[from] ability: Protean\n|-ability|p2a: Gastrodon|Storm Drain|boost\n|-boost|p2a: Gastrodon|spa|1\n|-damage|p1a: Hatt|87\/100\n|-damage|p2b: Ogerpon|16\/100\n|move|p2b: Ogerpon|Horn Leech|p1b: Greninja\n|-supereffective|p1b: Greninja\n|-enditem|p1b: Greninja|Focus Sash\n|-damage|p1b: Greninja|1\/100\n|-heal|p2b: Ogerpon|63\/100|[from] drain|[of] p1b: Greninja\n|move|p1a: Hatt|Psychic|p2b: Ogerpon\n|-damage|p2b: Ogerpon|12\/100\n|\n|upkeep\n|turn|4\n|\n|t:|1699392033\n|move|p2b: Ogerpon|Spiky Shield|p2b: Ogerpon\n|-singleturn|p2b: Ogerpon|move: Protect\n|move|p1b: Greninja|Ice Beam|p2b: Ogerpon\n|-activate|p2b: Ogerpon|move: Protect\n|move|p2a: Gastrodon|Hydro Pump|p1a: Hatt|[miss]\n|-miss|p2a: Gastrodon|p1a: Hatt\n|move|p1a: Hatt|Psychic|p2a: Gastrodon\n|-damage|p2a: Gastrodon|62\/100\n|\n|-heal|p2a: Gastrodon|68\/100|[from] item: Leftovers\n|upkeep\n|turn|5\n|\n|t:|1699392063\n|switch|p2b: Perrserker|Perrserker, F|100\/100\n|move|p1b: Greninja|Ice Beam|p2b: Perrserker\n|-resisted|p2b: Perrserker\n|-damage|p2b: Perrserker|92\/100\n|move|p2a: Gastrodon|Hydro Pump|p1a: Hatt|[miss]\n|-miss|p2a: Gastrodon|p1a: Hatt\n|move|p1a: Hatt|Psychic|p2a: Gastrodon\n|-damage|p2a: Gastrodon|31\/100\n|\n|-heal|p2a: Gastrodon|37\/100|[from] item: Leftovers\n|upkeep\n|turn|6\n|\n|t:|1699392095\n|switch|p1a: Garchomp|Garchomp, F|100\/100\n|move|p2b: Perrserker|Fake Out|p1b: Greninja\n|-damage|p1b: Greninja|0 fnt\n|faint|p1b: Greninja\n|move|p2a: Gastrodon|Recover|p2a: Gastrodon\n|-heal|p2a: Gastrodon|87\/100\n|\n|-heal|p2a: Gastrodon|93\/100|[from] item: Leftovers\n|upkeep\n|\n|t:|1699392107\n|switch|p1b: Easy-Bake|Rotom-Heat|100\/100\n|turn|7\n|\n|t:|1699392141\n|switch|p2b: Arcanine|Arcanine-Hisui, M|100\/100\n|-ability|p2b: Arcanine|Intimidate|boost\n|-unboost|p1a: Garchomp|atk|1\n|-unboost|p1b: Easy-Bake|atk|1\n|move|p1b: Easy-Bake|Protect|p1b: Easy-Bake\n|-singleturn|p1b: Easy-Bake|Protect\n|move|p1a: Garchomp|Earthquake|p2b: Arcanine|[spread] p2a,p2b\n|-activate|p1b: Easy-Bake|move: Protect\n|-supereffective|p2b: Arcanine\n|-damage|p2a: Gastrodon|71\/100\n|-damage|p2b: Arcanine|0 fnt\n|faint|p2b: Arcanine\n|move|p2a: Gastrodon|Hydro Pump|p1a: Garchomp\n|-damage|p1a: Garchomp|68\/100\n|\n|-heal|p2a: Gastrodon|77\/100|[from] item: Leftovers\n|upkeep\n|\n|t:|1699392164\n|switch|p2b: Tornadus|Tornadus, M|100\/100\n|turn|8\n|\n|t:|1699392182\n|move|p2b: Tornadus|Tailwind|p2b: Tornadus\n|-sidestart|p2: Bahg3012|move: Tailwind\n|move|p1a: Garchomp|Earthquake|p2a: Gastrodon|[spread] p2a\n|-immune|p1b: Easy-Bake|[from] ability: Levitate\n|-immune|p2b: Tornadus\n|-damage|p2a: Gastrodon|57\/100\n|move|p1b: Easy-Bake|Thunderbolt|p2b: Tornadus\n|-supereffective|p2b: Tornadus\n|-damage|p2b: Tornadus|8\/100\n|move|p2a: Gastrodon|Yawn|p1a: Garchomp\n|-start|p1a: Garchomp|move: Yawn|[of] p2a: Gastrodon\n|\n|-heal|p2a: Gastrodon|63\/100|[from] item: Leftovers\n|-sideend|p1: quiewr|move: Light Screen\n|upkeep\n|turn|9\n|\n|t:|1699392226\n|switch|p1a: Spectrier|Spectrier|100\/100\n|move|p2b: Tornadus|Protect|p2b: Tornadus\n|-singleturn|p2b: Tornadus|Protect\n|move|p1b: Easy-Bake|Thunderbolt|p2b: Tornadus\n|-activate|p2b: Tornadus|move: Protect\n|move|p2a: Gastrodon|Hydro Pump|p1b: Easy-Bake\n|-supereffective|p1b: Easy-Bake\n|-damage|p1b: Easy-Bake|0 fnt\n|faint|p1b: Easy-Bake\n|\n|-heal|p2a: Gastrodon|69\/100|[from] item: Leftovers\n|upkeep\n|\n|t:|1699392240\n|switch|p1b: Garchomp|Garchomp, F|68\/100\n|turn|10\n|\n|t:|1699392255\n|-terastallize|p1b: Garchomp|Steel\n|move|p2b: Tornadus|Bleakwind Storm|p1b: Garchomp|[spread] p1a,p1b\n|-resisted|p1b: Garchomp\n|-damage|p1a: Spectrier|57\/100\n|-damage|p1b: Garchomp|50\/100\n|-unboost|p1a: Spectrier|spe|1\n|move|p1b: Garchomp|Iron Head|p2a: Gastrodon\n|-resisted|p2a: Gastrodon\n|-damage|p2a: Gastrodon|53\/100\n|move|p1a: Spectrier|Will-O-Wisp|p2a: Gastrodon\n|-status|p2a: Gastrodon|brn\n|move|p2a: Gastrodon|Earth Power|p1a: Spectrier\n|-damage|p1a: Spectrier|6\/100\n|\n|-heal|p2a: Gastrodon|59\/100 brn|[from] item: Leftovers\n|-damage|p2a: Gastrodon|53\/100 brn|[from] brn\n|upkeep\n|turn|11\n|\n|t:|1699392281\n|switch|p1b: Hatt|Hatterene, F|87\/100\n|move|p2b: Tornadus|Protect|p2b: Tornadus\n|-singleturn|p2b: Tornadus|Protect\n|move|p1a: Spectrier|Shadow Ball|p2b: Tornadus\n|-activate|p2b: Tornadus|move: Protect\n|move|p2a: Gastrodon|Earth Power|p1b: Hatt\n|-damage|p1b: Hatt|56\/100\n|\n|-heal|p2a: Gastrodon|59\/100 brn|[from] item: Leftovers\n|-damage|p2a: Gastrodon|53\/100 brn|[from] brn\n|-sideend|p2: Bahg3012|move: Tailwind\n|upkeep\n|turn|12\n|\n|t:|1699392314\n|move|p2b: Tornadus|Bleakwind Storm|p1b: Hatt|[spread] p1b\n|-miss|p2b: Tornadus|p1a: Spectrier\n|-damage|p1b: Hatt|28\/100\n|-unboost|p1b: Hatt|spe|1\n|move|p1a: Spectrier|Shadow Ball|p2b: Tornadus\n|-damage|p2b: Tornadus|0 fnt\n|faint|p2b: Tornadus\n|-ability|p1a: Spectrier|Grim Neigh|boost\n|-boost|p1a: Spectrier|spa|1\n|move|p2a: Gastrodon|Earth Power|p1b: Hatt\n|-damage|p1b: Hatt|0 fnt\n|faint|p1b: Hatt\n|\n|-heal|p2a: Gastrodon|59\/100 brn|[from] item: Leftovers\n|-damage|p2a: Gastrodon|53\/100 brn|[from] brn\n|upkeep\n|\n|t:|1699392334\n|switch|p2b: Perrserker|Perrserker, F|92\/100\n|switch|p1b: Garchomp|Garchomp, F, tera:Steel|50\/100\n|turn|13\n|\n|t:|1699392358\n|move|p2b: Perrserker|Fake Out|p1b: Garchomp\n|-resisted|p1b: Garchomp\n|-damage|p1b: Garchomp|44\/100\n|-damage|p2b: Perrserker|80\/100|[from] ability: Rough Skin|[of] p1b: Garchomp\n|cant|p1b: Garchomp|flinch\n|move|p1a: Spectrier|Shadow Ball|p2a: Gastrodon\n|-damage|p2a: Gastrodon|0 fnt\n|faint|p2a: Gastrodon\n|-ability|p1a: Spectrier|Grim Neigh|boost\n|-boost|p1a: Spectrier|spa|1\n|\n|upkeep\n|\n|t:|1699392382\n|switch|p2a: Lilligant|Lilligant-Hisui, F|100\/100\n|turn|14\n|\n|t:|1699392430\n|-terastallize|p2b: Perrserker|Ghost\n|move|p1b: Garchomp|Iron Head|p2a: Lilligant\n|-damage|p2a: Lilligant|26\/100\n|cant|p2a: Lilligant|flinch\n|move|p1a: Spectrier|Shadow Ball|p2a: Lilligant\n|-damage|p2a: Lilligant|0 fnt\n|faint|p2a: Lilligant\n|-ability|p1a: Spectrier|Grim Neigh|boost\n|-boost|p1a: Spectrier|spa|1\n|move|p2b: Perrserker|Knock Off|p1b: Garchomp\n|-damage|p1b: Garchomp|15\/100\n|-damage|p2b: Perrserker|67\/100|[from] ability: Rough Skin|[of] p1b: Garchomp\n|-enditem|p1b: Garchomp|Choice Scarf|[from] move: Knock Off|[of] p2b: Perrserker\n|\n|upkeep\n|\n|t:|1699392448\n|switch|p2a: Ogerpon|Ogerpon-Hearthflame, F|12\/100\n|-ability|p2a: Ogerpon|Mold Breaker\n|turn|15\n|\n|t:|1699392463\n|move|p2a: Ogerpon|Spiky Shield|p2a: Ogerpon\n|-singleturn|p2a: Ogerpon|move: Protect\n|move|p1b: Garchomp|Protect|p1b: Garchomp\n|-singleturn|p1b: Garchomp|Protect\n|move|p1a: Spectrier|Shadow Ball|p2b: Perrserker\n|-supereffective|p2b: Perrserker\n|-damage|p2b: Perrserker|0 fnt\n|faint|p2b: Perrserker\n|-ability|p1a: Spectrier|Grim Neigh|boost\n|-boost|p1a: Spectrier|spa|1\n|\n|upkeep\n|turn|16\n|\n|t:|1699392482\n|move|p2a: Ogerpon|Horn Leech|p1a: Spectrier\n|-damage|p1a: Spectrier|0 fnt\n|-heal|p2a: Ogerpon|15\/100|[from] drain|[of] p1a: Spectrier\n|faint|p1a: Spectrier\n|move|p1b: Garchomp|Iron Head|p2a: Ogerpon\n|-resisted|p2a: Ogerpon\n|-damage|p2a: Ogerpon|0 fnt\n|faint|p2a: Ogerpon\n|\n|win|quiewr\n|c|\u2606quiewr|ggs!\n","uploadtime":1699392498,"views":12,"p1id":"quiewr","p2id":"bahg3012","formatid":"gen9doublesou","rating":0,"private":0,"password":""}