{"id":"gen9doublesou-1986317026","p1":"Bobem","p2":"JaydenSpellmaster","format":"[Gen 9] Doubles OU","log":"|j|\u2606Bobem\n|j|\u2606JaydenSpellmaster\n|inactive|Battle timer is ON: inactive players will automatically lose when time's up.\n|t:|1699468743\n|gametype|doubles\n|player|p1|Bobem|steven|\n|player|p2|JaydenSpellmaster|atticus|\n|teamsize|p1|6\n|teamsize|p2|6\n|gen|9\n|tier|[Gen 9] Doubles OU\n|rated|Tournament battle\n|rule|Species Clause: Limit one of each Pok\u00e9mon\n|rule|OHKO Clause: OHKO moves are banned\n|rule|Evasion Moves Clause: Evasion moves are banned\n|rule|Gravity Sleep Clause: The combination of sleep-inducing moves with imperfect accuracy and Gravity or Gigantamax Orbeetle are banned\n|rule|Endless Battle Clause: Forcing endless battles is banned\n|rule|HP Percentage Mod: HP is shown in percentages\n|clearpoke\n|poke|p1|Qwilfish-Hisui, M|\n|poke|p1|Camerupt, M|\n|poke|p1|Dusclops, M|\n|poke|p1|Gholdengo|\n|poke|p1|Chandelure, F|\n|poke|p1|Golem-Alola, M|\n|poke|p2|Kingambit, M|\n|poke|p2|Toedscruel, M|\n|poke|p2|Crabominable, M|\n|poke|p2|Cloyster, M|\n|poke|p2|Hippowdon, M|\n|poke|p2|Palossand, F|\n|teampreview\n|j|*Lady Monita \u263d\n|inactive|JaydenSpellmaster also wants the timer to be on.\n|inactive|Bobem also wants the timer to be on.\n|c|\u2606JaydenSpellmaster|glhf\n|\n|t:|1699468756\n|start\n|switch|p1a: Jay|Dusclops, M|100\/100\n|switch|p1b: Potato|Golem-Alola, M|100\/100\n|switch|p2a: Hippowdon|Hippowdon, M|100\/100\n|switch|p2b: Palossand|Palossand, F|100\/100\n|-weather|Sandstorm|[from] ability: Sand Stream|[of] p2a: Hippowdon\n|-item|p2a: Hippowdon|Rocky Helmet|[from] ability: Frisk|[of] p1a: Jay|[identify]\n|-item|p2b: Palossand|Leftovers|[from] ability: Frisk|[of] p1a: Jay|[identify]\n|turn|1\n|\n|t:|1699468767\n|switch|p1b: Jimmy|Qwilfish-Hisui, M|100\/100\n|-ability|p1b: Jimmy|Intimidate|boost\n|-unboost|p2a: Hippowdon|atk|1\n|-unboost|p2b: Palossand|atk|1\n|move|p2a: Hippowdon|Stealth Rock|p1a: Jay\n|-sidestart|p1: Bobem|move: Stealth Rock\n|move|p2b: Palossand|Shadow Ball|p1a: Jay\n|-supereffective|p1a: Jay\n|-damage|p1a: Jay|74\/100\n|move|p1a: Jay|Trick Room|p1a: Jay\n|-fieldstart|move: Trick Room|[of] p1a: Jay\n|\n|-weather|Sandstorm|[upkeep]\n|-damage|p1a: Jay|68\/100|[from] Sandstorm\n|-damage|p1b: Jimmy|95\/100|[from] Sandstorm\n|upkeep\n|turn|2\n|j| WafflyWaff\n|l| WafflyWaff\n|\n|t:|1699468792\n|move|p2b: Palossand|Protect|p2b: Palossand\n|-singleturn|p2b: Palossand|Protect\n|move|p1a: Jay|Will-O-Wisp|p2a: Hippowdon\n|-status|p2a: Hippowdon|brn\n|move|p2a: Hippowdon|High Horsepower|p1b: Jimmy\n|-supereffective|p1b: Jimmy\n|-damage|p1b: Jimmy|77\/100\n|move|p1b: Jimmy|Swords Dance|p1b: Jimmy\n|-boost|p1b: Jimmy|atk|2\n|\n|-weather|Sandstorm|[upkeep]\n|-damage|p1a: Jay|62\/100|[from] Sandstorm\n|-damage|p1b: Jimmy|71\/100|[from] Sandstorm\n|-damage|p2a: Hippowdon|94\/100 brn|[from] brn\n|upkeep\n|turn|3\n|j| 41exe\n|\n|t:|1699468812\n|move|p1a: Jay|Pain Split|p2b: Palossand\n|-sethp|p2b: Palossand|74\/100|[from] move: Pain Split|[silent]\n|-sethp|p1a: Jay|97\/100|[from] move: Pain Split\n|move|p2b: Palossand|Earth Power|p1b: Jimmy\n|-supereffective|p1b: Jimmy\n|-damage|p1b: Jimmy|26\/100\n|move|p2a: Hippowdon|Yawn|p1b: Jimmy\n|-start|p1b: Jimmy|move: Yawn|[of] p2a: Hippowdon\n|move|p1b: Jimmy|Crunch|p2b: Palossand\n|-supereffective|p2b: Palossand\n|-damage|p2b: Palossand|11\/100\n|\n|-weather|Sandstorm|[upkeep]\n|-damage|p1a: Jay|91\/100|[from] Sandstorm\n|-damage|p1b: Jimmy|20\/100|[from] Sandstorm\n|-heal|p2b: Palossand|17\/100|[from] item: Leftovers\n|-damage|p2a: Hippowdon|88\/100 brn|[from] brn\n|upkeep\n|turn|4\n|j| Blonking\n|inactive|Bobem has 120 seconds left.\n|\n|t:|1699468851\n|move|p1a: Jay|Will-O-Wisp|p2b: Palossand\n|-status|p2b: Palossand|brn\n|move|p2b: Palossand|Shore Up|p2b: Palossand\n|-heal|p2b: Palossand|84\/100 brn\n|move|p2a: Hippowdon|Yawn|p1a: Jay\n|-start|p1a: Jay|move: Yawn|[of] p2a: Hippowdon\n|move|p1b: Jimmy|Liquidation|p2a: Hippowdon\n|-supereffective|p2a: Hippowdon\n|-damage|p2a: Hippowdon|49\/100 brn\n|-damage|p1b: Jimmy|3\/100|[from] item: Rocky Helmet|[of] p2a: Hippowdon\n|\n|-weather|Sandstorm|[upkeep]\n|-damage|p1a: Jay|85\/100|[from] Sandstorm\n|-damage|p1b: Jimmy|0 fnt|[from] Sandstorm\n|faint|p1b: Jimmy\n|-heal|p2b: Palossand|90\/100 brn|[from] item: Leftovers\n|-damage|p2b: Palossand|84\/100 brn|[from] brn\n|-damage|p2a: Hippowdon|42\/100 brn|[from] brn\n|upkeep\n|j| Jzurf\n|\n|t:|1699468875\n|switch|p1b: Johnathan|Chandelure, F|100\/100\n|-damage|p1b: Johnathan|76\/100|[from] Stealth Rock\n|turn|5\n|l| Jzurf\n|inactive|Bobem has 120 seconds left.\n|\n|t:|1699468895\n|switch|p1a: Jubilee|Gholdengo|100\/100\n|-damage|p1a: Jubilee|94\/100|[from] Stealth Rock\n|-terastallize|p1b: Johnathan|Water\n|move|p2b: Palossand|Shadow Ball|p1b: Johnathan\n|-damage|p1b: Johnathan|41\/100\n|move|p2a: Hippowdon|Yawn|p1b: Johnathan\n|-start|p1b: Johnathan|move: Yawn|[of] p2a: Hippowdon\n|move|p1b: Johnathan|Heat Wave|p2a: Hippowdon|[spread] p2b\n|-miss|p1b: Johnathan|p2a: Hippowdon\n|-damage|p2b: Palossand|30\/100 brn\n|\n|-weather|none\n|-heal|p2b: Palossand|37\/100 brn|[from] item: Leftovers\n|-damage|p2b: Palossand|30\/100 brn|[from] brn\n|-damage|p2a: Hippowdon|36\/100 brn|[from] brn\n|-fieldend|move: Trick Room\n|upkeep\n|turn|6\n|inactive|Bobem has 120 seconds left.\n|l| 41exe\n|inactive|Bobem has 90 seconds left.\n|\n|t:|1699468959\n|move|p2b: Palossand|Protect|p2b: Palossand\n|-singleturn|p2b: Palossand|Protect\n|move|p2a: Hippowdon|High Horsepower|p1a: Jubilee\n|-supereffective|p1a: Jubilee\n|-damage|p1a: Jubilee|70\/100\n|move|p1a: Jubilee|Make It Rain|p2a: Hippowdon|[spread] p2a\n|-activate|p2b: Palossand|move: Protect\n|-damage|p2a: Hippowdon|0 fnt\n|-unboost|p1a: Jubilee|spa|1\n|faint|p2a: Hippowdon\n|move|p1b: Johnathan|Trick Room|p1b: Johnathan\n|-fieldstart|move: Trick Room|[of] p1b: Johnathan\n|\n|-heal|p2b: Palossand|37\/100 brn|[from] item: Leftovers\n|-damage|p2b: Palossand|30\/100 brn|[from] brn\n|-end|p1b: Johnathan|move: Yawn|[silent]\n|-status|p1b: Johnathan|slp\n|upkeep\n|j| CocoTheDoge213\n|inactive|JaydenSpellmaster has 120 seconds left.\n|\n|t:|1699468981\n|switch|p2a: Crabominable|Crabominable, M|100\/100\n|turn|7\n|\n|t:|1699469000\n|switch|p1a: Potato|Golem-Alola, M|100\/100\n|-damage|p1a: Potato|88\/100|[from] Stealth Rock\n|move|p2a: Crabominable|Protect|p2a: Crabominable\n|-singleturn|p2a: Crabominable|Protect\n|move|p2b: Palossand|Shadow Ball|p1a: Potato\n|-damage|p1a: Potato|53\/100\n|-unboost|p1a: Potato|spd|1\n|cant|p1b: Johnathan|slp\n|\n|-heal|p2b: Palossand|37\/100 brn|[from] item: Leftovers\n|-damage|p2b: Palossand|30\/100 brn|[from] brn\n|upkeep\n|turn|8\n|\n|t:|1699469013\n|-singleturn|p2a: Crabominable|move: Focus Punch\n|move|p1a: Potato|Explosion|p2a: Crabominable|[spread] p1b,p2a\n|-immune|p2b: Palossand\n|-supereffective|p1b: Johnathan\n|-damage|p1b: Johnathan|0 fnt\n|-damage|p2a: Crabominable|0 fnt\n|faint|p1a: Potato\n|faint|p1b: Johnathan\n|faint|p2a: Crabominable\n|move|p2b: Palossand|Earth Power|p1: Potato|[notarget]\n|-fail|p2b: Palossand\n|\n|-heal|p2b: Palossand|37\/100 brn|[from] item: Leftovers\n|-damage|p2b: Palossand|30\/100 brn|[from] brn\n|upkeep\n|\n|t:|1699469028\n|switch|p1a: Joe|Camerupt, M|100\/100\n|switch|p2a: Toedscruel|Toedscruel, M|100\/100\n|switch|p1b: Jubilee|Gholdengo|70\/100\n|-damage|p1a: Joe|88\/100|[from] Stealth Rock\n|-damage|p1b: Jubilee|64\/100|[from] Stealth Rock\n|turn|9\n|\n|t:|1699469051\n|move|p1a: Joe|Eruption|p2a: Toedscruel|[spread] p2a,p2b\n|-supereffective|p2a: Toedscruel\n|-damage|p2a: Toedscruel|15\/100\n|-damage|p2b: Palossand|0 fnt\n|faint|p2b: Palossand\n|move|p1b: Jubilee|Make It Rain|p2a: Toedscruel\n|-damage|p2a: Toedscruel|0 fnt\n|-unboost|p1b: Jubilee|spa|1\n|faint|p2a: Toedscruel\n|\n|upkeep\n|\n|t:|1699469055\n|switch|p2b: Kingambit|Kingambit, M|100\/100\n|switch|p2a: Cloyster|Cloyster, M|100\/100\n|-activate|p2b: Kingambit|ability: Supreme Overlord\n|-start|p2b: Kingambit|fallen4|[silent]\n|turn|10\n|\n|t:|1699469064\n|move|p1a: Joe|Eruption|p2b: Kingambit|[spread] p2a,p2b\n|-supereffective|p2b: Kingambit\n|-enditem|p2a: Cloyster|Focus Sash\n|-damage|p2a: Cloyster|1\/100\n|-damage|p2b: Kingambit|0 fnt\n|faint|p2b: Kingambit\n|-end|p2b: Kingambit|fallen4|[silent]\n|move|p1b: Jubilee|Nasty Plot|p1b: Jubilee\n|-boost|p1b: Jubilee|spa|2\n|move|p2a: Cloyster|Shell Smash|p2a: Cloyster\n|-unboost|p2a: Cloyster|def|1\n|-unboost|p2a: Cloyster|spd|1\n|-boost|p2a: Cloyster|atk|2\n|-boost|p2a: Cloyster|spa|2\n|-boost|p2a: Cloyster|spe|2\n|\n|-fieldend|move: Trick Room\n|upkeep\n|turn|11\n|\n|t:|1699469073\n|move|p2a: Cloyster|Surf|p1b: Jubilee|[spread] p1a,p1b\n|-supereffective|p1a: Joe\n|-damage|p1a: Joe|0 fnt\n|-damage|p1b: Jubilee|23\/100\n|faint|p1a: Joe\n|move|p1b: Jubilee|Shadow Ball|p2a: Cloyster\n|-damage|p2a: Cloyster|0 fnt\n|faint|p2a: Cloyster\n|\n|win|Bobem\n|n|\u2606Bobem|bobem\n|n|\u2606JaydenSpellmaster|jaydenspellmaster\n|n|*Lady Monita \u263d|ladymonita\n|n| Blonking|blonking\n|n| CocoTheDoge213|cocothedoge213\n","uploadtime":1699469073,"views":14,"p1id":"bobem","p2id":"jaydenspellmaster","formatid":"gen9doublesou","rating":0,"private":0,"password":""}