{"id":"gen9doublesou-1997565414","p1":"flamigo_vgc","p2":"ngolocante","format":"[Gen 9] Doubles OU","log":"|j|\u2606flamigo_vgc\n|j|\u2606ngolocante\n|t:|1700826322\n|gametype|doubles\n|player|p1|flamigo_vgc|caitlin|1074\n|player|p2|ngolocante|265|1184\n|teamsize|p1|6\n|teamsize|p2|6\n|gen|9\n|tier|[Gen 9] Doubles OU\n|rated|\n|rule|Species Clause: Limit one of each Pok\u00e9mon\n|rule|OHKO Clause: OHKO moves are banned\n|rule|Evasion Moves Clause: Evasion moves are banned\n|rule|Gravity Sleep Clause: The combination of sleep-inducing moves with imperfect accuracy and Gravity or Gigantamax Orbeetle are banned\n|rule|Endless Battle Clause: Forcing endless battles is banned\n|rule|HP Percentage Mod: HP is shown in percentages\n|clearpoke\n|poke|p1|Iron Hands|\n|poke|p1|Samurott-Hisui, M|\n|poke|p1|Iron Bundle|\n|poke|p1|Gholdengo|\n|poke|p1|Espathra, F|\n|poke|p1|Tornadus, M|\n|poke|p2|Indeedee-F, F|\n|poke|p2|Sinistcha-Masterpiece|\n|poke|p2|Iron Hands|\n|poke|p2|Gholdengo|\n|poke|p2|Sneasler, F|\n|poke|p2|Gliscor, F|\n|teampreview\n|inactive|Battle timer is ON: inactive players will automatically lose when time's up. (requested by ngolocante)\n|\n|t:|1700826331\n|start\n|switch|p1a: Gholdengo|Gholdengo|100\/100\n|switch|p1b: Tornadus|Tornadus, M|100\/100\n|switch|p2a: Indeedee|Indeedee-F, F|100\/100\n|switch|p2b: Sneasler|Sneasler, F|100\/100\n|-fieldstart|move: Psychic Terrain|[from] ability: Psychic Surge|[of] p2a: Indeedee\n|-enditem|p2b: Sneasler|Psychic Seed\n|-boost|p2b: Sneasler|spd|1|[from] item: Psychic Seed\n|turn|1\n|inactive|ngolocante has 120 seconds left.\n|\n|t:|1700826361\n|switch|p2a: Iron Hands|Iron Hands|100\/100\n|move|p2b: Sneasler|Dire Claw|p1b: Tornadus\n|-damage|p1b: Tornadus|19\/100\n|-status|p1b: Tornadus|psn\n|-enditem|p1b: Tornadus|Sitrus Berry|[eat]\n|-heal|p1b: Tornadus|44\/100 psn|[from] item: Sitrus Berry\n|move|p1b: Tornadus|Bleakwind Storm|p2b: Sneasler|[spread] p2b\n|-miss|p1b: Tornadus|p2a: Iron Hands\n|-supereffective|p2b: Sneasler\n|-damage|p2b: Sneasler|36\/100\n|move|p1a: Gholdengo|Make It Rain|p2b: Sneasler|[spread] p2a,p2b\n|-resisted|p2a: Iron Hands\n|-damage|p2a: Iron Hands|76\/100\n|-damage|p2b: Sneasler|0 fnt\n|-unboost|p1a: Gholdengo|spa|1\n|faint|p2b: Sneasler\n|\n|-damage|p1b: Tornadus|32\/100 psn|[from] psn\n|upkeep\n|inactive|ngolocante has 120 seconds left.\n|\n|t:|1700826381\n|switch|p2b: Indeedee|Indeedee-F, F|100\/100\n|turn|2\n|\n|t:|1700826394\n|-terastallize|p1a: Gholdengo|Steel\n|move|p1b: Tornadus|Tailwind|p1b: Tornadus\n|-sidestart|p1: flamigo_vgc|move: Tailwind\n|move|p1a: Gholdengo|Make It Rain|p2a: Iron Hands|[spread] p2a,p2b\n|-resisted|p2a: Iron Hands\n|-damage|p2a: Iron Hands|53\/100\n|-damage|p2b: Indeedee|40\/100\n|-unboost|p1a: Gholdengo|spa|1\n|move|p2b: Indeedee|Dazzling Gleam|p1b: Tornadus|[spread] p1a,p1b\n|-resisted|p1a: Gholdengo\n|-damage|p1a: Gholdengo|91\/100\n|-damage|p1b: Tornadus|13\/100 psn\n|move|p2a: Iron Hands|Thunder Punch|p1b: Tornadus\n|-supereffective|p1b: Tornadus\n|-damage|p1b: Tornadus|0 fnt\n|faint|p1b: Tornadus\n|\n|-heal|p2b: Indeedee|46\/100|[from] item: Leftovers\n|upkeep\n|\n|t:|1700826407\n|switch|p1b: Espathra|Espathra, F, shiny|100\/100\n|turn|3\n|\n|t:|1700826415\n|-end|p2a: Iron Hands|Quark Drive|[silent]\n|switch|p2a: Sinistcha|Sinistcha-Masterpiece|100\/100\n|-heal|p2b: Indeedee|71\/100|[from] ability: Hospitality|[of] p2a: Sinistcha\n|move|p1b: Espathra|Ally Switch|p1b: Espathra\n|swap|p1b: Espathra|0|[from] move: Ally Switch\n|move|p1b: Gholdengo|Make It Rain|p2b: Indeedee|[spread] p2a,p2b\n|-damage|p2a: Sinistcha|61\/100\n|-damage|p2b: Indeedee|24\/100\n|-unboost|p1b: Gholdengo|spa|1\n|move|p2b: Indeedee|Trick Room|p2b: Indeedee\n|-fieldstart|move: Trick Room|[of] p2b: Indeedee\n|\n|-heal|p2b: Indeedee|30\/100|[from] item: Leftovers\n|-ability|p1a: Espathra|Speed Boost|boost\n|-boost|p1a: Espathra|spe|1\n|upkeep\n|turn|4\n|\n|t:|1700826439\n|switch|p2b: Iron Hands|Iron Hands|53\/100\n|move|p2a: Sinistcha|Life Dew|p2a: Sinistcha|[spread] p2a,p2b\n|-heal|p2a: Sinistcha|86\/100\n|-heal|p2b: Iron Hands|78\/100\n|move|p1b: Gholdengo|Make It Rain|p2a: Sinistcha|[spread] p2a,p2b\n|-resisted|p2b: Iron Hands\n|-damage|p2a: Sinistcha|51\/100\n|-damage|p2b: Iron Hands|64\/100\n|-unboost|p1b: Gholdengo|spa|1\n|move|p1a: Espathra|Dazzling Gleam|p2a: Sinistcha|[spread] p2a,p2b\n|-supereffective|p2b: Iron Hands\n|-damage|p2a: Sinistcha|35\/100\n|-damage|p2b: Iron Hands|37\/100\n|\n|-ability|p1a: Espathra|Speed Boost|boost\n|-boost|p1a: Espathra|spe|1\n|upkeep\n|turn|5\n|\n|t:|1700826466\n|move|p2b: Iron Hands|Thunder Punch|p1a: Espathra\n|-damage|p1a: Espathra|30\/100\n|-status|p1a: Espathra|par\n|move|p2a: Sinistcha|Life Dew|p2a: Sinistcha|[spread] p2a,p2b\n|-heal|p2a: Sinistcha|60\/100\n|-heal|p2b: Iron Hands|62\/100\n|move|p1b: Gholdengo|Make It Rain|p2b: Iron Hands|[spread] p2a,p2b\n|-resisted|p2b: Iron Hands\n|-damage|p2a: Sinistcha|31\/100\n|-damage|p2b: Iron Hands|50\/100\n|-unboost|p1b: Gholdengo|spa|1\n|move|p1a: Espathra|Dazzling Gleam|p2a: Sinistcha|[spread] p2a,p2b\n|-supereffective|p2b: Iron Hands\n|-damage|p2a: Sinistcha|13\/100\n|-damage|p2b: Iron Hands|24\/100\n|\n|-sideend|p1: flamigo_vgc|move: Tailwind\n|-fieldend|move: Psychic Terrain\n|-ability|p1a: Espathra|Speed Boost|boost\n|-boost|p1a: Espathra|spe|1\n|upkeep\n|turn|6\n|\n|t:|1700826491\n|cant|p1a: Espathra|par\n|move|p2b: Iron Hands|Thunder Punch|p1a: Espathra\n|-damage|p1a: Espathra|0 fnt\n|faint|p1a: Espathra\n|move|p2a: Sinistcha|Life Dew|p2a: Sinistcha|[spread] p2a,p2b\n|-heal|p2a: Sinistcha|38\/100\n|-heal|p2b: Iron Hands|49\/100\n|move|p1b: Gholdengo|Make It Rain|p2b: Iron Hands|[spread] p2a,p2b\n|-resisted|p2b: Iron Hands\n|-damage|p2a: Sinistcha|14\/100\n|-damage|p2b: Iron Hands|40\/100\n|-unboost|p1b: Gholdengo|spa|1\n|\n|upkeep\n|inactive|flamigo_vgc has 120 seconds left.\n|\n|t:|1700826508\n|switch|p1a: Samurott|Samurott-Hisui, M, shiny|100\/100\n|turn|7\n|\n|t:|1700826515\n|-end|p2b: Iron Hands|Quark Drive|[silent]\n|switch|p2b: Indeedee|Indeedee-F, F|30\/100\n|-fieldstart|move: Psychic Terrain|[from] ability: Psychic Surge|[of] p2b: Indeedee\n|move|p2a: Sinistcha|Strength Sap|p1a: Samurott\n|-unboost|p1a: Samurott|atk|1\n|-heal|p2a: Sinistcha|100\/100\n|move|p1b: Gholdengo|Make It Rain|p2a: Sinistcha|[spread] p2a,p2b\n|-damage|p2a: Sinistcha|79\/100\n|-damage|p2b: Indeedee|7\/100\n|move|p1a: Samurott|Drill Run|p2b: Indeedee\n|-damage|p2b: Indeedee|0 fnt\n|faint|p2b: Indeedee\n|\n|-fieldend|move: Trick Room\n|upkeep\n|\n|t:|1700826532\n|switch|p2b: Iron Hands|Iron Hands|40\/100\n|turn|8\n|\n|t:|1700826540\n|-end|p2b: Iron Hands|Quark Drive|[silent]\n|switch|p2b: Gliscor|Gliscor, F|100\/100\n|move|p1a: Samurott|Drill Run|p2b: Gliscor\n|-immune|p2b: Gliscor\n|move|p1b: Gholdengo|Make It Rain|p2b: Gliscor|[spread] p2a,p2b\n|-damage|p2a: Sinistcha|57\/100\n|-damage|p2b: Gliscor|75\/100\n|move|p2a: Sinistcha|Strength Sap|p1a: Samurott\n|-unboost|p1a: Samurott|atk|1\n|-heal|p2a: Sinistcha|100\/100\n|\n|-status|p2b: Gliscor|tox|[from] item: Toxic Orb\n|upkeep\n|turn|9\n|\n|t:|1700826562\n|switch|p1a: Iron Bundle|Iron Bundle, shiny|100\/100\n|-enditem|p1a: Iron Bundle|Booster Energy\n|-activate|p1a: Iron Bundle|ability: Quark Drive|[fromitem]\n|-start|p1a: Iron Bundle|quarkdrivespe\n|switch|p2b: Iron Hands|Iron Hands|40\/100\n|-activate|p1b: Gholdengo|move: Struggle\n|move|p1b: Gholdengo|Struggle|p2b: Iron Hands\n|-damage|p2b: Iron Hands|35\/100\n|-damage|p1b: Gholdengo|66\/100|[from] recoil\n|move|p2a: Sinistcha|Life Dew||[still]|[spread] p2a,p2b\n|-fail|p2a: Sinistcha|heal\n|-heal|p2b: Iron Hands|60\/100\n|\n|upkeep\n|turn|10\n|\n|t:|1700826582\n|switch|p1b: Iron Hands|Iron Hands|100\/100\n|-enditem|p1b: Iron Hands|Booster Energy\n|-activate|p1b: Iron Hands|ability: Quark Drive|[fromitem]\n|-start|p1b: Iron Hands|quarkdriveatk\n|move|p2a: Sinistcha|Rage Powder|p2a: Sinistcha\n|-singleturn|p2a: Sinistcha|move: Rage Powder\n|move|p1a: Iron Bundle|Icy Wind|p2a: Sinistcha|[spread] p2a,p2b\n|-supereffective|p2a: Sinistcha\n|-damage|p2a: Sinistcha|61\/100\n|-damage|p2b: Iron Hands|47\/100\n|-unboost|p2a: Sinistcha|spe|1\n|-unboost|p2b: Iron Hands|spe|1\n|move|p2b: Iron Hands|Drain Punch|p1a: Iron Bundle\n|-supereffective|p1a: Iron Bundle\n|-crit|p1a: Iron Bundle\n|-damage|p1a: Iron Bundle|0 fnt\n|-heal|p2b: Iron Hands|72\/100|[from] drain|[of] p1a: Iron Bundle\n|faint|p1a: Iron Bundle\n|-end|p1a: Iron Bundle|Quark Drive|[silent]\n|\n|upkeep\n|\n|t:|1700826596\n|switch|p1a: Gholdengo|Gholdengo, tera:Steel|66\/100\n|turn|11\n|\n|t:|1700826609\n|move|p2b: Iron Hands|Protect|p2b: Iron Hands\n|-singleturn|p2b: Iron Hands|Protect\n|move|p1b: Iron Hands|Fake Out|p2b: Iron Hands\n|-activate|p2b: Iron Hands|move: Psychic Terrain\n|move|p1a: Gholdengo|Poltergeist|p2a: Sinistcha\n|-activate|p2a: Sinistcha|move: Poltergeist|Rocky Helmet\n|-supereffective|p2a: Sinistcha\n|-damage|p2a: Sinistcha|17\/100\n|move|p2a: Sinistcha|Strength Sap|p1b: Iron Hands\n|-unboost|p1b: Iron Hands|atk|1\n|-heal|p2a: Sinistcha|100\/100\n|\n|-fieldend|move: Psychic Terrain\n|upkeep\n|turn|12\n|\n|t:|1700826630\n|switch|p2a: Gliscor|Gliscor, F|75\/100 tox\n|move|p1a: Gholdengo|Poltergeist|p2a: Gliscor\n|-activate|p2a: Gliscor|move: Poltergeist|Toxic Orb\n|-damage|p2a: Gliscor|56\/100 tox\n|move|p1b: Iron Hands|Volt Switch|p2a: Gliscor\n|-immune|p2a: Gliscor\n|move|p2b: Iron Hands|Drain Punch|p1a: Gholdengo\n|-supereffective|p1a: Gholdengo\n|-damage|p1a: Gholdengo|0 fnt\n|-heal|p2b: Iron Hands|92\/100|[from] drain|[of] p1a: Gholdengo\n|faint|p1a: Gholdengo\n|\n|-heal|p2a: Gliscor|69\/100 tox|[from] ability: Poison Heal\n|upkeep\n|\n|t:|1700826639\n|switch|p1a: Samurott|Samurott-Hisui, M, shiny|100\/100\n|turn|13\n|\n|t:|1700826654\n|move|p2a: Gliscor|Protect|p2a: Gliscor\n|-singleturn|p2a: Gliscor|Protect\n|move|p1a: Samurott|Aqua Cutter|p2a: Gliscor\n|-activate|p2a: Gliscor|move: Protect\n|move|p1b: Iron Hands|Close Combat|p2b: Iron Hands\n|-damage|p2b: Iron Hands|52\/100\n|-unboost|p1b: Iron Hands|def|1\n|-unboost|p1b: Iron Hands|spd|1\n|move|p2b: Iron Hands|Drain Punch|p1a: Samurott\n|-supereffective|p1a: Samurott\n|-damage|p1a: Samurott|0 fnt\n|-heal|p2b: Iron Hands|84\/100|[from] drain|[of] p1a: Samurott\n|faint|p1a: Samurott\n|\n|-heal|p2a: Gliscor|81\/100 tox|[from] ability: Poison Heal\n|upkeep\n|turn|14\n|-message|flamigo_vgc forfeited.\n|\n|win|ngolocante\n|raw|flamigo_vgc's rating: 1074 &rarr; <strong>1059<\/strong><br \/>(-15 for losing)\n|raw|ngolocante's rating: 1184 &rarr; <strong>1201<\/strong><br \/>(+17 for winning)\n|l|\u2606flamigo_vgc\n","uploadtime":1700826676,"views":5,"p1id":"flamigovgc","p2id":"ngolocante","formatid":"gen9doublesou","rating":1059,"private":0,"password":""}