{"id":"gen9doublesou-1979770514","p1":"Jourvicious","p2":"kenjer","format":"[Gen 9] Doubles OU","log":"|j|\u2606Jourvicious\n|j|\u2606kenjer\n|t:|1698711479\n|gametype|doubles\n|player|p1|Jourvicious|guitarist|1313\n|player|p2|kenjer|170|1279\n|teamsize|p1|6\n|teamsize|p2|6\n|gen|9\n|tier|[Gen 9] Doubles OU\n|rated|\n|rule|Species Clause: Limit one of each Pok\u00e9mon\n|rule|OHKO Clause: OHKO moves are banned\n|rule|Evasion Moves Clause: Evasion moves are banned\n|rule|Gravity Sleep Clause: The combination of sleep-inducing moves with imperfect accuracy and Gravity or Gigantamax Orbeetle are banned\n|rule|Endless Battle Clause: Forcing endless battles is banned\n|rule|HP Percentage Mod: HP is shown in percentages\n|clearpoke\n|poke|p1|Kommo-o, F|\n|poke|p1|Shiftry, F|\n|poke|p1|Tornadus, M|\n|poke|p1|Arcanine-Hisui, M|\n|poke|p1|Sinistcha-Masterpiece|\n|poke|p1|Ninetales-Alola, M|\n|poke|p2|Great Tusk|\n|poke|p2|Torkoal, M|\n|poke|p2|Walking Wake|\n|poke|p2|Zapdos|\n|poke|p2|Slither Wing|\n|poke|p2|Ogerpon-Wellspring, F|\n|teampreview\n|inactive|Battle timer is ON: inactive players will automatically lose when time's up. (requested by Jourvicious)\n|\n|t:|1698711510\n|start\n|switch|p1a: Tornadus|Tornadus, M|100\/100\n|switch|p1b: Ninetales|Ninetales-Alola, M|100\/100\n|switch|p2a: Zapdos|Zapdos|100\/100\n|switch|p2b: Ogerpon|Ogerpon-Wellspring, F|100\/100\n|-weather|Snow|[from] ability: Snow Warning|[of] p1b: Ninetales\n|turn|1\n|\n|t:|1698711530\n|switch|p2b: Torkoal|Torkoal, M|100\/100\n|-weather|SunnyDay|[from] ability: Drought|[of] p2b: Torkoal\n|move|p1a: Tornadus|Tailwind|p1a: Tornadus\n|-sidestart|p1: Jourvicious|move: Tailwind\n|move|p1b: Ninetales|Aurora Veil||[still]\n|-fail|p1b: Ninetales\n|move|p2a: Zapdos|Heat Wave|p1b: Ninetales|[spread] p1a,p1b\n|-supereffective|p1b: Ninetales\n|-damage|p1a: Tornadus|67\/100\n|-damage|p1b: Ninetales|7\/100\n|\n|-weather|SunnyDay|[upkeep]\n|upkeep\n|turn|2\n|\n|t:|1698711560\n|move|p1b: Ninetales|Blizzard|p2a: Zapdos|[spread] \n|-miss|p1b: Ninetales|p2a: Zapdos\n|-miss|p1b: Ninetales|p2b: Torkoal\n|move|p1a: Tornadus|Fling|p2b: Torkoal\n|-damage|p2b: Torkoal|96\/100\n|-enditem|p1a: Tornadus|King's Rock|[from] move: Fling\n|move|p2a: Zapdos|Volt Switch|p1a: Tornadus\n|-supereffective|p1a: Tornadus\n|-damage|p1a: Tornadus|4\/100\n|\n|t:|1698711571\n|switch|p2a: Great Tusk|Great Tusk|100\/100|[from] Volt Switch\n|-activate|p2a: Great Tusk|ability: Protosynthesis\n|-start|p2a: Great Tusk|protosynthesisspe\n|cant|p2b: Torkoal|flinch\n|\n|-weather|SunnyDay|[upkeep]\n|upkeep\n|turn|3\n|\n|t:|1698711593\n|move|p1b: Ninetales|Blizzard|p2b: Torkoal|[spread] p2a,p2b\n|-supereffective|p2a: Great Tusk\n|-resisted|p2b: Torkoal\n|-damage|p2a: Great Tusk|18\/100\n|-damage|p2b: Torkoal|74\/100\n|-enditem|p2a: Great Tusk|Weakness Policy\n|-boost|p2a: Great Tusk|atk|2|[from] item: Weakness Policy\n|-boost|p2a: Great Tusk|spa|2|[from] item: Weakness Policy\n|move|p1a: Tornadus|Bleakwind Storm|p2b: Torkoal|[spread] p2a\n|-miss|p1a: Tornadus|p2b: Torkoal\n|-supereffective|p2a: Great Tusk\n|-damage|p2a: Great Tusk|0 fnt\n|faint|p2a: Great Tusk\n|-end|p2a: Great Tusk|Protosynthesis|[silent]\n|move|p2b: Torkoal|Eruption|p1a: Tornadus|[spread] p1a,p1b\n|-supereffective|p1b: Ninetales\n|-damage|p1a: Tornadus|0 fnt\n|-damage|p1b: Ninetales|0 fnt\n|faint|p1a: Tornadus\n|faint|p1b: Ninetales\n|\n|-weather|SunnyDay|[upkeep]\n|upkeep\n|\n|t:|1698711612\n|switch|p1b: Kommo-o|Kommo-o, F|100\/100\n|switch|p2a: Slither Wing|Slither Wing|100\/100\n|switch|p1a: Arcanine|Arcanine-Hisui, M|100\/100\n|-ability|p1a: Arcanine|Intimidate|boost\n|-unboost|p2a: Slither Wing|atk|1\n|-unboost|p2b: Torkoal|atk|1\n|-activate|p2a: Slither Wing|ability: Protosynthesis\n|-start|p2a: Slither Wing|protosynthesisatk\n|turn|4\n|inactive|kenjer has 120 seconds left.\n|inactive|kenjer has 90 seconds left.\n|\n|t:|1698711691\n|move|p1a: Arcanine|Rock Slide|p2b: Torkoal|[spread] p2a,p2b\n|-supereffective|p2b: Torkoal\n|-damage|p2a: Slither Wing|54\/100\n|-damage|p2b: Torkoal|24\/100\n|move|p1b: Kommo-o|Clangorous Soul|p1b: Kommo-o\n|-boost|p1b: Kommo-o|atk|1\n|-boost|p1b: Kommo-o|def|1\n|-boost|p1b: Kommo-o|spa|1\n|-boost|p1b: Kommo-o|spd|1\n|-boost|p1b: Kommo-o|spe|1\n|-damage|p1b: Kommo-o|68\/100\n|cant|p2a: Slither Wing|flinch\n|move|p2b: Torkoal|Will-O-Wisp|p1b: Kommo-o\n|-status|p1b: Kommo-o|brn\n|\n|-weather|SunnyDay|[upkeep]\n|-damage|p1b: Kommo-o|62\/100 brn|[from] brn\n|-sideend|p1: Jourvicious|move: Tailwind\n|upkeep\n|turn|5\n|inactive|kenjer has 90 seconds left.\n|\n|t:|1698711723\n|switch|p2b: Ogerpon|Ogerpon-Wellspring, F|100\/100\n|move|p1b: Kommo-o|Drain Punch|p2a: Slither Wing\n|-resisted|p2a: Slither Wing\n|-damage|p2a: Slither Wing|40\/100\n|-heal|p1b: Kommo-o|69\/100 brn|[from] drain|[of] p2a: Slither Wing\n|move|p1a: Arcanine|Rock Slide|p2a: Slither Wing|[spread] p2a,p2b\n|-damage|p2a: Slither Wing|0 fnt\n|-damage|p2b: Ogerpon|54\/100\n|faint|p2a: Slither Wing\n|-end|p2a: Slither Wing|Protosynthesis|[silent]\n|\n|-weather|SunnyDay|[upkeep]\n|-damage|p1b: Kommo-o|63\/100 brn|[from] brn\n|upkeep\n|\n|t:|1698711734\n|switch|p2a: Walking Wake|Walking Wake|100\/100\n|-activate|p2a: Walking Wake|ability: Protosynthesis\n|-start|p2a: Walking Wake|protosynthesisspa\n|turn|6\n|\n|t:|1698711750\n|switch|p1a: Sinistcha|Sinistcha-Masterpiece|100\/100\n|-heal|p1b: Kommo-o|88\/100 brn|[from] ability: Hospitality|[of] p1a: Sinistcha\n|-terastallize|p1b: Kommo-o|Steel\n|move|p2b: Ogerpon|Spiky Shield|p2b: Ogerpon\n|-singleturn|p2b: Ogerpon|move: Protect\n|move|p1b: Kommo-o|Drain Punch|p2a: Walking Wake\n|-damage|p2a: Walking Wake|72\/100\n|-heal|p1b: Kommo-o|100\/100 brn|[from] drain|[of] p2a: Walking Wake\n|move|p2a: Walking Wake|Hydro Steam|p1a: Sinistcha\n|-resisted|p1a: Sinistcha\n|-damage|p1a: Sinistcha|41\/100\n|-enditem|p1a: Sinistcha|Sitrus Berry|[eat]\n|-heal|p1a: Sinistcha|66\/100|[from] item: Sitrus Berry\n|\n|-weather|SunnyDay|[upkeep]\n|-damage|p1b: Kommo-o|94\/100 brn|[from] brn\n|upkeep\n|turn|7\n|inactive|kenjer has 90 seconds left.\n|\n|t:|1698711779\n|-end|p2a: Walking Wake|Protosynthesis|[silent]\n|switch|p2a: Zapdos|Zapdos|100\/100\n|move|p1b: Kommo-o|Drain Punch|p2a: Zapdos\n|-resisted|p2a: Zapdos\n|-damage|p2a: Zapdos|85\/100\n|-heal|p1b: Kommo-o|100\/100 brn|[from] drain|[of] p2a: Zapdos\n|move|p2b: Ogerpon|U-turn|p1a: Sinistcha\n|-damage|p1a: Sinistcha|40\/100\n|\n|t:|1698711789\n|switch|p2b: Walking Wake|Walking Wake|72\/100|[from] U-turn\n|-activate|p2b: Walking Wake|ability: Protosynthesis\n|-start|p2b: Walking Wake|protosynthesisspa\n|move|p1a: Sinistcha|Matcha Gotcha|p2a: Zapdos|[spread] p2a\n|-miss|p1a: Sinistcha|p2b: Walking Wake\n|-resisted|p2a: Zapdos\n|-damage|p2a: Zapdos|75\/100\n|-heal|p1a: Sinistcha|45\/100|[from] drain|[of] p2a: Zapdos\n|\n|-weather|SunnyDay|[upkeep]\n|-damage|p1b: Kommo-o|94\/100 brn|[from] brn\n|upkeep\n|turn|8\n|inactive|kenjer has 90 seconds left.\n|\n|t:|1698711811\n|switch|p1a: Shiftry|Shiftry, F, shiny|100\/100\n|move|p1b: Kommo-o|Drain Punch|p2b: Walking Wake\n|-crit|p2b: Walking Wake\n|-damage|p2b: Walking Wake|35\/100\n|-heal|p1b: Kommo-o|100\/100 brn|[from] drain|[of] p2b: Walking Wake\n|move|p2a: Zapdos|Heat Wave|p1b: Kommo-o|[spread] p1b\n|-ability|p1a: Shiftry|Wind Rider|boost\n|-boost|p1a: Shiftry|atk|1\n|-supereffective|p1b: Kommo-o\n|-damage|p1b: Kommo-o|54\/100 brn\n|move|p2b: Walking Wake|Flamethrower|p1b: Kommo-o\n|-supereffective|p1b: Kommo-o\n|-damage|p1b: Kommo-o|0 fnt\n|faint|p1b: Kommo-o\n|\n|-weather|none\n|-end|p2b: Walking Wake|Protosynthesis\n|upkeep\n|\n|t:|1698711824\n|switch|p1b: Arcanine|Arcanine-Hisui, M|100\/100\n|-ability|p1b: Arcanine|Intimidate|boost\n|-unboost|p2a: Zapdos|atk|1\n|-unboost|p2b: Walking Wake|atk|1\n|turn|9\n|\n|t:|1698711849\n|switch|p2a: Torkoal|Torkoal, M|24\/100\n|-weather|SunnyDay|[from] ability: Drought|[of] p2a: Torkoal\n|-activate|p2b: Walking Wake|ability: Protosynthesis\n|-start|p2b: Walking Wake|protosynthesisspa\n|move|p1a: Shiftry|Fake Out|p2b: Walking Wake\n|-damage|p2b: Walking Wake|18\/100\n|cant|p2b: Walking Wake|flinch\n|move|p1b: Arcanine|Rock Slide|p2b: Walking Wake|[spread] p2a,p2b\n|-supereffective|p2a: Torkoal\n|-damage|p2a: Torkoal|0 fnt\n|-damage|p2b: Walking Wake|0 fnt\n|faint|p2a: Torkoal\n|faint|p2b: Walking Wake\n|-end|p2b: Walking Wake|Protosynthesis|[silent]\n|\n|-weather|SunnyDay|[upkeep]\n|upkeep\n|inactive|kenjer has 90 seconds left.\n|\n|t:|1698711859\n|switch|p2b: Zapdos|Zapdos|75\/100\n|switch|p2a: Ogerpon|Ogerpon-Wellspring, F|54\/100\n|turn|10\n|\n|t:|1698711872\n|-terastallize|p2b: Zapdos|Ground\n|move|p2b: Zapdos|Tera Blast|p1b: Arcanine|[anim] Tera Blast Ground\n|-supereffective|p1b: Arcanine\n|-damage|p1b: Arcanine|0 fnt\n|faint|p1b: Arcanine\n|move|p2a: Ogerpon|U-turn|p1a: Shiftry\n|-supereffective|p1a: Shiftry\n|-enditem|p1a: Shiftry|Focus Sash\n|-damage|p1a: Shiftry|1\/100\n|move|p1a: Shiftry|Leaf Storm|p2a: Ogerpon|[miss]\n|-miss|p1a: Shiftry|p2a: Ogerpon\n|\n|-weather|SunnyDay|[upkeep]\n|upkeep\n|\n|t:|1698711883\n|switch|p1b: Sinistcha|Sinistcha-Masterpiece|45\/100\n|-heal|p1a: Shiftry|26\/100|[from] ability: Hospitality|[of] p1b: Sinistcha\n|turn|11\n|c|\u2606Jourvicious|gg wp leafstorm missed\n|\n|t:|1698711905\n|move|p2b: Zapdos|Zap Cannon|p1b: Sinistcha\n|-resisted|p1b: Sinistcha\n|-damage|p1b: Sinistcha|16\/100\n|-status|p1b: Sinistcha|par\n|move|p2a: Ogerpon|U-turn|p1a: Shiftry\n|-supereffective|p1a: Shiftry\n|-damage|p1a: Shiftry|0 fnt\n|faint|p1a: Shiftry\n|move|p1b: Sinistcha|Matcha Gotcha|p2b: Zapdos|[spread] p2b\n|-miss|p1b: Sinistcha|p2a: Ogerpon\n|-supereffective|p2b: Zapdos\n|-damage|p2b: Zapdos|36\/100\n|-heal|p1b: Sinistcha|35\/100 par|[from] drain|[of] p2b: Zapdos\n|\n|-weather|SunnyDay|[upkeep]\n|upkeep\n|turn|12\n|\n|t:|1698711917\n|move|p2b: Zapdos|Heat Wave|p1b: Sinistcha\n|-supereffective|p1b: Sinistcha\n|-damage|p1b: Sinistcha|0 fnt\n|faint|p1b: Sinistcha\n|\n|win|kenjer\n|raw|Jourvicious's rating: 1313 &rarr; <strong>1291<\/strong><br \/>(-22 for losing)\n|raw|kenjer's rating: 1279 &rarr; <strong>1306<\/strong><br \/>(+27 for winning)\n|l|\u2606kenjer\n","uploadtime":1698711924,"views":19,"p1id":"jourvicious","p2id":"kenjer","formatid":"gen9doublesou","rating":1291,"private":0,"password":""}