{"id":"gen9doublesou-1976693425","p1":"ComeBufert","p2":"my3rdaccbruh","format":"[Gen 9] Doubles OU","log":"|j|\u2606ComeBufert\n|j|\u2606my3rdaccbruh\n|t:|1698333933\n|gametype|doubles\n|player|p1|ComeBufert|worker|1048\n|player|p2|my3rdaccbruh|marlon|1000\n|teamsize|p1|6\n|teamsize|p2|6\n|gen|9\n|tier|[Gen 9] Doubles OU\n|rated|\n|rule|Species Clause: Limit one of each Pok\u00e9mon\n|rule|OHKO Clause: OHKO moves are banned\n|rule|Evasion Moves Clause: Evasion moves are banned\n|rule|Gravity Sleep Clause: The combination of sleep-inducing moves with imperfect accuracy and Gravity or Gigantamax Orbeetle are banned\n|rule|Endless Battle Clause: Forcing endless battles is banned\n|rule|HP Percentage Mod: HP is shown in percentages\n|clearpoke\n|poke|p1|Maushold-Four|\n|poke|p1|Primeape, F|\n|poke|p1|Flamigo, M|\n|poke|p1|Gholdengo|\n|poke|p1|Torkoal, F|\n|poke|p1|Wugtrio, F|\n|poke|p2|Amoonguss, M|\n|poke|p2|Ogerpon-Hearthflame, F|\n|poke|p2|Flutter Mane|\n|poke|p2|Torkoal, F|\n|poke|p2|Dragonite, M|\n|poke|p2|Espathra, M|\n|teampreview\n|inactive|Battle timer is ON: inactive players will automatically lose when time's up. (requested by my3rdaccbruh)\n|\n|t:|1698333948\n|start\n|switch|p1a: Maushold|Maushold-Four|100\/100\n|switch|p1b: Primeape|Primeape, F|100\/100\n|switch|p2a: Ogerpon|Ogerpon-Hearthflame, F|100\/100\n|switch|p2b: Espathra|Espathra, M|100\/100\n|-ability|p2a: Ogerpon|Mold Breaker\n|turn|1\n|\n|t:|1698333971\n|move|p2a: Ogerpon|Spiky Shield|p2a: Ogerpon\n|-singleturn|p2a: Ogerpon|move: Protect\n|move|p1a: Maushold|Beat Up|p1b: Primeape\n|-resisted|p1b: Primeape\n|-damage|p1b: Primeape|99\/100\n|-resisted|p1b: Primeape\n|-damage|p1b: Primeape|99\/100\n|-resisted|p1b: Primeape\n|-damage|p1b: Primeape|97\/100\n|-resisted|p1b: Primeape\n|-damage|p1b: Primeape|96\/100\n|-resisted|p1b: Primeape\n|-damage|p1b: Primeape|95\/100\n|-resisted|p1b: Primeape\n|-damage|p1b: Primeape|94\/100\n|-hitcount|p1b: Primeape|6\n|move|p1b: Primeape|Body Slam|p2b: Espathra\n|-damage|p2b: Espathra|57\/100\n|move|p2b: Espathra|Calm Mind|p2b: Espathra\n|-boost|p2b: Espathra|spa|1\n|-boost|p2b: Espathra|spd|1\n|-enditem|p1a: Maushold|Mirror Herb\n|-boost|p1a: Maushold|spa|1|[from] item: Mirror Herb\n|-boost|p1a: Maushold|spd|1|[from] item: Mirror Herb\n|\n|-ability|p2b: Espathra|Speed Boost|boost\n|-boost|p2b: Espathra|spe|1\n|upkeep\n|turn|2\n|c|\u2606my3rdaccbruh|oh no\n|inactive|my3rdaccbruh has 120 seconds left.\n|\n|t:|1698334006\n|move|p2a: Ogerpon|Follow Me|p2a: Ogerpon\n|-singleturn|p2a: Ogerpon|move: Follow Me\n|move|p2b: Espathra|Calm Mind|p2b: Espathra\n|-boost|p2b: Espathra|spa|1\n|-boost|p2b: Espathra|spd|1\n|move|p1a: Maushold|Beat Up|p2a: Ogerpon\n|-crit|p2a: Ogerpon\n|-damage|p2a: Ogerpon|98\/100\n|-damage|p2a: Ogerpon|95\/100\n|-damage|p2a: Ogerpon|93\/100\n|-damage|p2a: Ogerpon|91\/100\n|-damage|p2a: Ogerpon|88\/100\n|-damage|p2a: Ogerpon|86\/100\n|-hitcount|p2a: Ogerpon|6\n|move|p1b: Primeape|Body Slam|p2a: Ogerpon\n|-damage|p2a: Ogerpon|63\/100\n|-status|p2a: Ogerpon|par\n|\n|-ability|p2b: Espathra|Speed Boost|boost\n|-boost|p2b: Espathra|spe|1\n|upkeep\n|turn|3\n|\n|t:|1698334034\n|move|p2a: Ogerpon|Follow Me|p2a: Ogerpon\n|-singleturn|p2a: Ogerpon|move: Follow Me\n|move|p2b: Espathra|Calm Mind|p2b: Espathra\n|-boost|p2b: Espathra|spa|1\n|-boost|p2b: Espathra|spd|1\n|move|p1a: Maushold|Population Bomb|p2a: Ogerpon|[miss]\n|-miss|p1a: Maushold|p2a: Ogerpon\n|move|p1b: Primeape|Rage Fist|p2a: Ogerpon\n|-damage|p2a: Ogerpon|0 fnt\n|faint|p2a: Ogerpon\n|\n|-ability|p2b: Espathra|Speed Boost|boost\n|-boost|p2b: Espathra|spe|1\n|upkeep\n|\n|t:|1698334048\n|switch|p2a: Amoonguss|Amoonguss, M|100\/100\n|turn|4\n|\n|t:|1698334065\n|move|p2b: Espathra|Protect|p2b: Espathra\n|-singleturn|p2b: Espathra|Protect\n|move|p1a: Maushold|Beat Up|p1b: Primeape\n|-resisted|p1b: Primeape\n|-damage|p1b: Primeape|93\/100\n|-resisted|p1b: Primeape\n|-damage|p1b: Primeape|92\/100\n|-resisted|p1b: Primeape\n|-damage|p1b: Primeape|91\/100\n|-resisted|p1b: Primeape\n|-damage|p1b: Primeape|90\/100\n|-resisted|p1b: Primeape\n|-damage|p1b: Primeape|89\/100\n|-resisted|p1b: Primeape\n|-damage|p1b: Primeape|88\/100\n|-hitcount|p1b: Primeape|6\n|move|p1b: Primeape|Rage Fist|p2b: Espathra\n|-activate|p2b: Espathra|move: Protect\n|move|p2a: Amoonguss|Pollen Puff|p2b: Espathra\n|-activate|p2b: Espathra|move: Protect\n|\n|-ability|p2b: Espathra|Speed Boost|boost\n|-boost|p2b: Espathra|spe|1\n|upkeep\n|turn|5\n|\n|t:|1698334092\n|move|p2b: Espathra|Stored Power|p1b: Primeape\n|-supereffective|p1b: Primeape\n|-damage|p1b: Primeape|0 fnt\n|faint|p1b: Primeape\n|move|p1a: Maushold|Beat Up|p1: Primeape|[notarget]\n|-fail|p1a: Maushold\n|move|p2a: Amoonguss|Pollen Puff|p2b: Espathra\n|-heal|p2b: Espathra|100\/100\n|\n|-ability|p2b: Espathra|Speed Boost|boost\n|-boost|p2b: Espathra|spe|1\n|upkeep\n|\n|t:|1698334101\n|switch|p1b: Flamigo|Flamigo, M|100\/100\n|-copyboost|p1b: Flamigo|p1a: Maushold|[from] ability: Costar\n|turn|6\n|\n|t:|1698334128\n|move|p2a: Amoonguss|Protect|p2a: Amoonguss\n|-singleturn|p2a: Amoonguss|Protect\n|move|p2b: Espathra|Stored Power|p1b: Flamigo\n|-supereffective|p1b: Flamigo\n|-damage|p1b: Flamigo|0 fnt\n|faint|p1b: Flamigo\n|move|p1a: Maushold|Population Bomb|p2b: Espathra\n|-damage|p2b: Espathra|92\/100\n|-damage|p2b: Espathra|85\/100\n|-damage|p2b: Espathra|77\/100\n|-damage|p2b: Espathra|69\/100\n|-damage|p2b: Espathra|62\/100\n|-crit|p2b: Espathra\n|-damage|p2b: Espathra|50\/100\n|-damage|p2b: Espathra|42\/100\n|-damage|p2b: Espathra|34\/100\n|-damage|p2b: Espathra|26\/100\n|-damage|p2b: Espathra|19\/100\n|-hitcount|p2b: Espathra|10\n|\n|-ability|p2b: Espathra|Speed Boost|boost\n|-boost|p2b: Espathra|spe|1\n|upkeep\n|c|\u2606my3rdaccbruh|if i survive i will be so happy\n|\n|t:|1698334150\n|switch|p1b: Torkoal|Torkoal, F|100\/100\n|-weather|SunnyDay|[from] ability: Drought|[of] p1b: Torkoal\n|turn|7\n|c|\u2606my3rdaccbruh|yooooo\n|\n|t:|1698334175\n|move|p2b: Espathra|Stored Power|p1a: Maushold\n|-damage|p1a: Maushold|0 fnt\n|faint|p1a: Maushold\n|move|p2a: Amoonguss|Spore|p1b: Torkoal\n|-status|p1b: Torkoal|slp|[from] move: Spore\n|cant|p1b: Torkoal|slp\n|\n|-weather|SunnyDay|[upkeep]\n|upkeep\n|\n|t:|1698334182\n|switch|p1a: Gholdengo|Gholdengo|100\/100\n|turn|8\n|\n|t:|1698334202\n|move|p2b: Espathra|Stored Power|p1a: Gholdengo\n|-resisted|p1a: Gholdengo\n|-damage|p1a: Gholdengo|0 fnt\n|faint|p1a: Gholdengo\n|move|p2a: Amoonguss|Pollen Puff|p2b: Espathra\n|-heal|p2b: Espathra|68\/100\n|cant|p1b: Torkoal|slp\n|\n|-weather|SunnyDay|[upkeep]\n|upkeep\n|\n|t:|1698334225\n|switch|p1a: Wugtrio|Wugtrio, F|100\/100\n|turn|9\n|\n|t:|1698334243\n|move|p2b: Espathra|Stored Power|p1a: Wugtrio\n|-damage|p1a: Wugtrio|0 fnt\n|faint|p1a: Wugtrio\n|move|p2a: Amoonguss|Pollen Puff|p2b: Espathra\n|-heal|p2b: Espathra|100\/100\n|-curestatus|p1b: Torkoal|slp|[msg]\n|move|p1b: Torkoal|Eruption|p2a: Amoonguss|[spread] p2a,p2b\n|-supereffective|p2a: Amoonguss\n|-damage|p2a: Amoonguss|0 fnt\n|-damage|p2b: Espathra|51\/100\n|faint|p2a: Amoonguss\n|\n|-weather|SunnyDay|[upkeep]\n|upkeep\n|\n|t:|1698334259\n|switch|p2a: Torkoal|Torkoal, F|100\/100\n|turn|10\n|c|\u2606ComeBufert|lets go?\n|c|\u2606ComeBufert|nvm\n|c|\u2606ComeBufert|gg\n|\n|t:|1698334270\n|move|p2b: Espathra|Stored Power|p1b: Torkoal\n|-damage|p1b: Torkoal|0 fnt\n|faint|p1b: Torkoal\n|\n|win|my3rdaccbruh\n|raw|ComeBufert's rating: 1048 &rarr; <strong>1028<\/strong><br \/>(-20 for losing)\n|raw|my3rdaccbruh's rating: 1000 &rarr; <strong>1045<\/strong><br \/>(+45 for winning)\n|c|\u2606my3rdaccbruh|gg\n|l|\u2606ComeBufert\n|c|\u2606my3rdaccbruh|good team execpt follow mee counters\n","uploadtime":1698334286,"views":19,"p1id":"comebufert","p2id":"my3rdaccbruh","formatid":"gen9doublesou","rating":1028,"private":0,"password":""}