{"id":"gen9doublesou-1984468821","p1":"2egms","p2":"squad5","format":"[Gen 9] Doubles OU","log":"|j|\u26062egms\n|j|\u2606squad5\n|t:|1699268653\n|gametype|doubles\n|player|p1|2egms|benga|1089\n|player|p2|squad5|fisherman-gen4|1143\n|teamsize|p1|6\n|teamsize|p2|6\n|gen|9\n|tier|[Gen 9] Doubles OU\n|rated|\n|rule|Species Clause: Limit one of each Pok\u00e9mon\n|rule|OHKO Clause: OHKO moves are banned\n|rule|Evasion Moves Clause: Evasion moves are banned\n|rule|Gravity Sleep Clause: The combination of sleep-inducing moves with imperfect accuracy and Gravity or Gigantamax Orbeetle are banned\n|rule|Endless Battle Clause: Forcing endless battles is banned\n|rule|HP Percentage Mod: HP is shown in percentages\n|clearpoke\n|poke|p1|Ceruledge, F|\n|poke|p1|Blissey, F|\n|poke|p1|Heatran, M|\n|poke|p1|Iron Valiant|\n|poke|p1|Kingambit, M|\n|poke|p1|Slowking-Galar, F|\n|poke|p2|Zapdos|\n|poke|p2|Garganacl, M|\n|poke|p2|Flutter Mane|\n|poke|p2|Walking Wake|\n|poke|p2|Munkidori, M|\n|poke|p2|Goodra, M|\n|teampreview\n|\n|t:|1699268665\n|start\n|switch|p1a: Marin|Slowking-Galar, F|100\/100\n|switch|p1b: Eve|Blissey, F|100\/100\n|switch|p2a: Garganacl|Garganacl, M|100\/100\n|switch|p2b: Walking Wake|Walking Wake|100\/100\n|turn|1\n|\n|t:|1699268689\n|-terastallize|p2b: Walking Wake|Water\n|move|p2b: Walking Wake|Hydro Steam|p1b: Eve\n|-damage|p1b: Eve|76\/100\n|-damage|p2b: Walking Wake|91\/100|[from] item: Life Orb\n|move|p1b: Eve|Thunder Wave|p2b: Walking Wake\n|-status|p2b: Walking Wake|par\n|move|p2a: Garganacl|Salt Cure|p1a: Marin\n|-damage|p1a: Marin|86\/100\n|-start|p1a: Marin|Salt Cure\n|move|p1a: Marin|Toxic Spikes|p2b: Walking Wake\n|-sidestart|p2: squad5|move: Toxic Spikes\n|\n|-heal|p1b: Eve|83\/100|[from] item: Leftovers\n|-damage|p1a: Marin|73\/100|[from] Salt Cure\n|upkeep\n|turn|2\n|\n|t:|1699268709\n|move|p2b: Walking Wake|Hydro Steam|p1b: Eve\n|-damage|p1b: Eve|56\/100\n|-damage|p2b: Walking Wake|81\/100 par|[from] item: Life Orb\n|move|p1b: Eve|Blizzard|p2a: Garganacl|[spread] p2a,p2b\n|-resisted|p2b: Walking Wake\n|-damage|p2a: Garganacl|91\/100\n|-damage|p2b: Walking Wake|72\/100 par\n|move|p2a: Garganacl|Salt Cure|p1b: Eve\n|-damage|p1b: Eve|45\/100\n|-start|p1b: Eve|Salt Cure\n|move|p1a: Marin|Toxic Spikes|p2b: Walking Wake\n|-sidestart|p2: squad5|move: Toxic Spikes\n|\n|-heal|p1b: Eve|51\/100|[from] item: Leftovers\n|-heal|p2a: Garganacl|97\/100|[from] item: Leftovers\n|-damage|p1b: Eve|39\/100|[from] Salt Cure\n|-damage|p1a: Marin|61\/100|[from] Salt Cure\n|upkeep\n|turn|3\n|\n|t:|1699268732\n|switch|p1b: 5\u00e8me Lame|Kingambit, M|100\/100\n|switch|p1a: Ast\u00e9rix|Iron Valiant|100\/100\n|move|p2b: Walking Wake|Hydro Steam|p1b: 5\u00e8me Lame\n|-damage|p1b: 5\u00e8me Lame|30\/100\n|-damage|p2b: Walking Wake|62\/100 par|[from] item: Life Orb\n|move|p2a: Garganacl|Salt Cure|p1a: Ast\u00e9rix\n|-resisted|p1a: Ast\u00e9rix\n|-damage|p1a: Ast\u00e9rix|92\/100\n|-start|p1a: Ast\u00e9rix|Salt Cure\n|\n|-heal|p1b: 5\u00e8me Lame|37\/100|[from] item: Leftovers\n|-heal|p2a: Garganacl|100\/100|[from] item: Leftovers\n|-damage|p1a: Ast\u00e9rix|80\/100|[from] Salt Cure\n|upkeep\n|turn|4\n|\n|t:|1699268754\n|move|p1a: Ast\u00e9rix|Leaf Blade|p2a: Garganacl\n|-supereffective|p2a: Garganacl\n|-crit|p2a: Garganacl\n|-damage|p2a: Garganacl|36\/100\n|move|p2b: Walking Wake|Flamethrower|p1a: Ast\u00e9rix\n|-damage|p1a: Ast\u00e9rix|25\/100\n|-damage|p2b: Walking Wake|53\/100 par|[from] item: Life Orb\n|move|p1b: 5\u00e8me Lame|Kowtow Cleave|p2b: Walking Wake\n|-damage|p2b: Walking Wake|0 fnt\n|faint|p2b: Walking Wake\n|-end|p2b: Walking Wake|Protosynthesis|[silent]\n|move|p2a: Garganacl|Salt Cure|p1b: 5\u00e8me Lame\n|-resisted|p1b: 5\u00e8me Lame\n|-damage|p1b: 5\u00e8me Lame|31\/100\n|-start|p1b: 5\u00e8me Lame|Salt Cure\n|\n|-heal|p1b: 5\u00e8me Lame|38\/100|[from] item: Leftovers\n|-heal|p2a: Garganacl|42\/100|[from] item: Leftovers\n|-damage|p1a: Ast\u00e9rix|12\/100|[from] Salt Cure\n|-damage|p1b: 5\u00e8me Lame|13\/100|[from] Salt Cure\n|upkeep\n|\n|t:|1699268775\n|switch|p2b: Munkidori|Munkidori, M|100\/100\n|-sideend|p2: squad5|move: Toxic Spikes|[of] p2b: Munkidori\n|turn|5\n|\n|t:|1699268785\n|move|p2b: Munkidori|Protect|p2b: Munkidori\n|-singleturn|p2b: Munkidori|Protect\n|move|p2a: Garganacl|Protect|p2a: Garganacl\n|-singleturn|p2a: Garganacl|Protect\n|move|p1a: Ast\u00e9rix|Leaf Blade|p2a: Garganacl\n|-activate|p2a: Garganacl|move: Protect\n|move|p1b: 5\u00e8me Lame|Kowtow Cleave|p2b: Munkidori\n|-activate|p2b: Munkidori|move: Protect\n|\n|-heal|p1b: 5\u00e8me Lame|19\/100|[from] item: Leftovers\n|-heal|p2a: Garganacl|49\/100|[from] item: Leftovers\n|-damage|p1a: Ast\u00e9rix|0 fnt|[from] Salt Cure\n|faint|p1a: Ast\u00e9rix\n|-end|p1a: Ast\u00e9rix|Quark Drive|[silent]\n|-damage|p1b: 5\u00e8me Lame|0 fnt|[from] Salt Cure\n|faint|p1b: 5\u00e8me Lame\n|upkeep\n|\n|t:|1699268799\n|switch|p1a: 3\u00e8me Vassal|Heatran, M|100\/100\n|switch|p1b: Eve|Blissey, F|39\/100\n|turn|6\n|\n|t:|1699268837\n|move|p2b: Munkidori|Sludge Bomb|p1b: Eve\n|-damage|p1b: Eve|23\/100\n|-status|p1b: Eve|psn\n|move|p1a: 3\u00e8me Vassal|Earth Power|p2a: Garganacl\n|-supereffective|p2a: Garganacl\n|-damage|p2a: Garganacl|12\/100\n|move|p1b: Eve|Soft-Boiled|p1b: Eve\n|-heal|p1b: Eve|73\/100 psn\n|move|p2a: Garganacl|Salt Cure|p1a: 3\u00e8me Vassal\n|-damage|p1a: 3\u00e8me Vassal|89\/100\n|-start|p1a: 3\u00e8me Vassal|Salt Cure\n|\n|-heal|p1b: Eve|79\/100 psn|[from] item: Leftovers\n|-heal|p2a: Garganacl|18\/100|[from] item: Leftovers\n|-damage|p1b: Eve|66\/100 psn|[from] psn\n|-damage|p1a: 3\u00e8me Vassal|64\/100|[from] Salt Cure\n|upkeep\n|turn|7\n|\n|t:|1699268863\n|-curestatus|p1b: Eve|psn|[from] ability: Natural Cure\n|switch|p1b: Marin|Slowking-Galar, F|94\/100\n|move|p2a: Garganacl|Protect|p2a: Garganacl\n|-singleturn|p2a: Garganacl|Protect\n|move|p2b: Munkidori|Psychic|p1b: Marin\n|-crit|p1b: Marin\n|-damage|p1b: Marin|38\/100\n|move|p1a: 3\u00e8me Vassal|Earth Power|p2a: Garganacl\n|-activate|p2a: Garganacl|move: Protect\n|\n|-heal|p2a: Garganacl|24\/100|[from] item: Leftovers\n|-damage|p1a: 3\u00e8me Vassal|40\/100|[from] Salt Cure\n|upkeep\n|turn|8\n|\n|t:|1699268882\n|switch|p2a: Zapdos|Zapdos, shiny|100\/100\n|switch|p1b: Eve|Blissey, F|66\/100\n|move|p2b: Munkidori|Psychic|p1b: Eve\n|-damage|p1b: Eve|49\/100\n|move|p1a: 3\u00e8me Vassal|Earth Power|p2a: Zapdos\n|-immune|p2a: Zapdos\n|\n|-heal|p1b: Eve|56\/100|[from] item: Leftovers\n|-damage|p1a: 3\u00e8me Vassal|15\/100|[from] Salt Cure\n|upkeep\n|turn|9\n|\n|t:|1699268915\n|move|p2b: Munkidori|Sludge Bomb|p1b: Eve\n|-damage|p1b: Eve|39\/100\n|-status|p1b: Eve|tox|[from] ability: Toxic Chain|[of] p2b: Munkidori\n|move|p2a: Zapdos|Tailwind|p2a: Zapdos\n|-sidestart|p2: squad5|move: Tailwind\n|move|p1a: 3\u00e8me Vassal|Magma Storm|p2b: Munkidori\n|-damage|p2b: Munkidori|53\/100\n|-activate|p2b: Munkidori|move: Magma Storm|[of] p1a: 3\u00e8me Vassal\n|move|p1b: Eve|Blizzard|p2a: Zapdos|[spread] p2a,p2b\n|-supereffective|p2a: Zapdos\n|-crit|p2a: Zapdos\n|-damage|p2a: Zapdos|60\/100\n|-damage|p2b: Munkidori|36\/100\n|\n|-heal|p1b: Eve|46\/100 tox|[from] item: Leftovers\n|-damage|p1b: Eve|39\/100 tox|[from] psn\n|-damage|p2b: Munkidori|24\/100|[from] move: Magma Storm|[partiallytrapped]\n|-damage|p1a: 3\u00e8me Vassal|0 fnt|[from] Salt Cure\n|faint|p1a: 3\u00e8me Vassal\n|upkeep\n|\n|t:|1699268933\n|switch|p1a: Marin|Slowking-Galar, F|71\/100\n|turn|10\n|\n|t:|1699268955\n|move|p2b: Munkidori|Sludge Bomb|p1b: Eve\n|-damage|p1b: Eve|21\/100 tox\n|move|p2a: Zapdos|Thunderbolt|p1a: Marin\n|-damage|p1a: Marin|35\/100\n|move|p1b: Eve|Blizzard|p2b: Munkidori|[spread] p2a,p2b\n|-supereffective|p2a: Zapdos\n|-crit|p2a: Zapdos\n|-damage|p2a: Zapdos|13\/100\n|-damage|p2b: Munkidori|7\/100\n|-enditem|p2a: Zapdos|Sitrus Berry|[eat]\n|-heal|p2a: Zapdos|38\/100|[from] item: Sitrus Berry\n|move|p1a: Marin|Blizzard|p2a: Zapdos|[spread] p2a,p2b\n|-supereffective|p2a: Zapdos\n|-crit|p2b: Munkidori\n|-damage|p2a: Zapdos|0 fnt\n|-damage|p2b: Munkidori|0 fnt\n|faint|p2a: Zapdos\n|faint|p2b: Munkidori\n|\n|-heal|p1b: Eve|27\/100 tox|[from] item: Leftovers\n|-damage|p1b: Eve|14\/100 tox|[from] psn\n|upkeep\n|\n|t:|1699268978\n|switch|p2b: Garganacl|Garganacl, M|24\/100\n|switch|p2a: Goodra|Goodra, M, shiny|100\/100\n|turn|11\n|\n|t:|1699268988\n|switch|p1a: Iris|Ceruledge, F|100\/100\n|move|p2a: Goodra|Life Dew||[still]|[spread] p2a,p2b\n|-fail|p2a: Goodra|heal\n|-heal|p2b: Garganacl|49\/100\n|move|p2b: Garganacl|Salt Cure|p1b: Eve\n|-damage|p1b: Eve|2\/100 tox\n|-start|p1b: Eve|Salt Cure\n|move|p1b: Eve|Soft-Boiled|p1b: Eve\n|-heal|p1b: Eve|52\/100 tox\n|\n|-heal|p2b: Garganacl|55\/100|[from] item: Leftovers\n|-heal|p1b: Eve|58\/100 tox|[from] item: Leftovers\n|-damage|p1b: Eve|40\/100 tox|[from] psn\n|-damage|p1b: Eve|27\/100 tox|[from] Salt Cure\n|upkeep\n|turn|12\n|\n|t:|1699269013\n|-curestatus|p1b: Eve|tox|[from] ability: Natural Cure\n|switch|p1b: Marin|Slowking-Galar, F|68\/100\n|move|p1a: Iris|Protect|p1a: Iris\n|-singleturn|p1a: Iris|Protect\n|move|p2b: Garganacl|Protect|p2b: Garganacl\n|-singleturn|p2b: Garganacl|Protect\n|move|p2a: Goodra|Earthquake|p1a: Iris|[spread] p1b\n|-activate|p2b: Garganacl|move: Protect\n|-activate|p1a: Iris|move: Protect\n|-supereffective|p1b: Marin\n|-damage|p1b: Marin|30\/100\n|\n|-heal|p2b: Garganacl|62\/100|[from] item: Leftovers\n|-sideend|p2: squad5|move: Tailwind\n|upkeep\n|turn|13\n|\n|t:|1699269036\n|move|p1a: Iris|Bitter Blade|p2b: Garganacl\n|-resisted|p2b: Garganacl\n|-damage|p2b: Garganacl|45\/100\n|move|p2a: Goodra|Power Whip|p1b: Marin\n|-resisted|p1b: Marin\n|-damage|p1b: Marin|14\/100\n|move|p2b: Garganacl|Salt Cure|p1a: Iris\n|-supereffective|p1a: Iris\n|-damage|p1a: Iris|59\/100\n|-start|p1a: Iris|Salt Cure\n|-ability|p1a: Iris|Weak Armor|boost\n|-unboost|p1a: Iris|def|1\n|-boost|p1a: Iris|spe|2\n|move|p1b: Marin|Blizzard|p2a: Goodra|[spread] p2a\n|-miss|p1b: Marin|p2b: Garganacl\n|-supereffective|p2a: Goodra\n|-damage|p2a: Goodra|62\/100\n|\n|-heal|p2b: Garganacl|51\/100|[from] item: Leftovers\n|-damage|p1a: Iris|47\/100|[from] Salt Cure\n|upkeep\n|turn|14\n|\n|t:|1699269061\n|switch|p1a: Eve|Blissey, F|27\/100\n|move|p2b: Garganacl|Protect|p2b: Garganacl\n|-singleturn|p2b: Garganacl|Protect\n|move|p2a: Goodra|Earthquake|p1b: Marin|[spread] p1a,p1b\n|-activate|p2b: Garganacl|move: Protect\n|-supereffective|p1b: Marin\n|-damage|p1a: Eve|10\/100\n|-damage|p1b: Marin|0 fnt\n|faint|p1b: Marin\n|\n|-heal|p1a: Eve|16\/100|[from] item: Leftovers\n|-heal|p2b: Garganacl|58\/100|[from] item: Leftovers\n|upkeep\n|\n|t:|1699269070\n|switch|p1b: Iris|Ceruledge, F|47\/100\n|turn|15\n|\n|t:|1699269082\n|-terastallize|p1b: Iris|Grass\n|move|p1b: Iris|Bitter Blade|p2a: Goodra\n|-resisted|p2a: Goodra\n|-damage|p2a: Goodra|42\/100\n|-heal|p1b: Iris|60\/100|[from] drain|[of] p2a: Goodra\n|-damage|p1b: Iris|44\/100|[from] item: Rocky Helmet|[of] p2a: Goodra\n|move|p2a: Goodra|Life Dew|p2a: Goodra|[spread] p2a,p2b\n|-heal|p2a: Goodra|67\/100\n|-heal|p2b: Garganacl|83\/100\n|move|p1a: Eve|Soft-Boiled|p1a: Eve\n|-heal|p1a: Eve|66\/100\n|move|p2b: Garganacl|Salt Cure|p1a: Eve\n|-damage|p1a: Eve|53\/100\n|-start|p1a: Eve|Salt Cure\n|\n|-heal|p1a: Eve|60\/100|[from] item: Leftovers\n|-heal|p2b: Garganacl|89\/100|[from] item: Leftovers\n|-damage|p1a: Eve|47\/100|[from] Salt Cure\n|upkeep\n|turn|16\n|\n|t:|1699269110\n|move|p1b: Iris|Clear Smog|p2b: Garganacl\n|-resisted|p2b: Garganacl\n|-damage|p2b: Garganacl|86\/100\n|-clearboost|p2b: Garganacl\n|move|p2a: Goodra|Power Whip|p1a: Eve\n|-damage|p1a: Eve|22\/100\n|move|p1a: Eve|Blizzard|p2a: Goodra|[spread] p2a,p2b\n|-supereffective|p2a: Goodra\n|-damage|p2a: Goodra|49\/100\n|-damage|p2b: Garganacl|76\/100\n|move|p2b: Garganacl|Salt Cure|p1b: Iris\n|-damage|p1b: Iris|23\/100\n|-start|p1b: Iris|Salt Cure\n|-ability|p1b: Iris|Weak Armor|boost\n|-unboost|p1b: Iris|def|1\n|-boost|p1b: Iris|spe|2\n|\n|-heal|p1a: Eve|28\/100|[from] item: Leftovers\n|-heal|p2b: Garganacl|82\/100|[from] item: Leftovers\n|-damage|p1b: Iris|11\/100|[from] Salt Cure\n|-damage|p1a: Eve|16\/100|[from] Salt Cure\n|upkeep\n|turn|17\n|c|\u26062egms|jeu de pute a spam salt cur\n|c|\u26062egms|9x \u00e7a a spam salt cure\n|c|\u26062egms|abus\u00e9\n|\n|t:|1699269143\n|move|p2b: Garganacl|Protect|p2b: Garganacl\n|-singleturn|p2b: Garganacl|Protect\n|move|p1b: Iris|Bitter Blade|p2b: Garganacl\n|-activate|p2b: Garganacl|move: Protect\n|move|p2a: Goodra|Earthquake|p1b: Iris|[spread] p1a,p1b\n|-activate|p2b: Garganacl|move: Protect\n|-resisted|p1b: Iris\n|-damage|p1a: Eve|0 fnt\n|-damage|p1b: Iris|0 fnt\n|faint|p1a: Eve\n|faint|p1b: Iris\n|\n|win|squad5\n|raw|2egms's rating: 1089 &rarr; <strong>1069<\/strong><br \/>(-20 for losing)\n|raw|squad5's rating: 1143 &rarr; <strong>1164<\/strong><br \/>(+21 for winning)\n|l|\u26062egms\n","uploadtime":1699269486,"views":10,"p1id":"2egms","p2id":"squad5","formatid":"gen9doublesou","rating":1069,"private":0,"password":""}