{"id":"gen9doublesou-1990898664","p1":"Ravvenn98","p2":"Time to hit hard","format":"[Gen 9] Doubles OU","log":"|j|\u2606Ravvenn98\n|j|\u2606Time to hit hard\n|t:|1700012808\n|gametype|doubles\n|player|p1|Ravvenn98|clair|1243\n|player|p2|Time to hit hard|101|1180\n|teamsize|p1|6\n|teamsize|p2|6\n|gen|9\n|tier|[Gen 9] Doubles OU\n|rated|\n|rule|Species Clause: Limit one of each Pok\u00e9mon\n|rule|OHKO Clause: OHKO moves are banned\n|rule|Evasion Moves Clause: Evasion moves are banned\n|rule|Gravity Sleep Clause: The combination of sleep-inducing moves with imperfect accuracy and Gravity or Gigantamax Orbeetle are banned\n|rule|Endless Battle Clause: Forcing endless battles is banned\n|rule|HP Percentage Mod: HP is shown in percentages\n|clearpoke\n|poke|p1|Houndstone, M|\n|poke|p1|Tyranitar, M|\n|poke|p1|Gholdengo|\n|poke|p1|Roaring Moon|\n|poke|p1|Tornadus, M|\n|poke|p1|Palafin, F|\n|poke|p2|Flutter Mane|\n|poke|p2|Torkoal, F|\n|poke|p2|Ninetales, F|\n|poke|p2|Lilligant-Hisui, F|\n|poke|p2|Infernape, M|\n|poke|p2|Arcanine-Hisui, M|\n|teampreview\n|inactive|Battle timer is ON: inactive players will automatically lose when time's up. (requested by Time to hit hard)\n|\n|t:|1700012821\n|start\n|switch|p1a: Tornadus|Tornadus, M, shiny|100\/100\n|switch|p1b: Palafin|Palafin, F, shiny|100\/100\n|switch|p2a: Infernape|Infernape, M|100\/100\n|switch|p2b: Arcanine|Arcanine-Hisui, M, shiny|100\/100\n|-ability|p2b: Arcanine|Intimidate|boost\n|-unboost|p1a: Tornadus|atk|1\n|-unboost|p1b: Palafin|atk|1\n|turn|1\n|\n|t:|1700012832\n|move|p2a: Infernape|Fake Out|p1b: Palafin\n|-damage|p1b: Palafin|81\/100\n|-damage|p2a: Infernape|91\/100|[from] item: Life Orb\n|move|p1a: Tornadus|Tailwind|p1a: Tornadus\n|-sidestart|p1: Ravvenn98|move: Tailwind\n|cant|p1b: Palafin|flinch\n|move|p2b: Arcanine|Rock Slide|p1b: Palafin|[spread] p1b\n|-miss|p2b: Arcanine|p1a: Tornadus\n|-damage|p1b: Palafin|51\/100\n|\n|upkeep\n|turn|2\n|inactive|Time to hit hard has 120 seconds left.\n|\n|t:|1700012869\n|switch|p2a: Ninetales|Ninetales, F|100\/100\n|-weather|SunnyDay|[from] ability: Drought|[of] p2a: Ninetales\n|move|p1a: Tornadus|Bleakwind Storm|p2a: Ninetales|[spread] p2b\n|-miss|p1a: Tornadus|p2a: Ninetales\n|-resisted|p2b: Arcanine\n|-crit|p2b: Arcanine\n|-damage|p2b: Arcanine|84\/100\n|-unboost|p2b: Arcanine|spe|1\n|move|p1b: Palafin|Flip Turn|p2b: Arcanine\n|-supereffective|p2b: Arcanine\n|-crit|p2b: Arcanine\n|-damage|p2b: Arcanine|21\/100\n|\n|t:|1700012882\n|detailschange|p1b: Palafin|Palafin-Hero, F, shiny\n|switch|p1b: Roaring Moon|Roaring Moon|100\/100|[from] Flip Turn\n|-activate|p1b: Roaring Moon|ability: Protosynthesis\n|-start|p1b: Roaring Moon|protosynthesisatk\n|move|p2b: Arcanine|Rock Slide|p1a: Tornadus|[spread] p1b\n|-miss|p2b: Arcanine|p1a: Tornadus\n|-damage|p1b: Roaring Moon|71\/100\n|\n|-weather|SunnyDay|[upkeep]\n|upkeep\n|turn|3\n|\n|t:|1700012905\n|move|p2b: Arcanine|Extreme Speed|p1b: Roaring Moon\n|-damage|p1b: Roaring Moon|42\/100\n|move|p1a: Tornadus|Rain Dance|p1a: Tornadus\n|-weather|RainDance\n|-end|p1b: Roaring Moon|Protosynthesis\n|-enditem|p1b: Roaring Moon|Booster Energy\n|-activate|p1b: Roaring Moon|ability: Protosynthesis|[fromitem]\n|-start|p1b: Roaring Moon|protosynthesisatk\n|move|p1b: Roaring Moon|Crunch|p2b: Arcanine\n|-damage|p2b: Arcanine|0 fnt\n|faint|p2b: Arcanine\n|move|p2a: Ninetales|Will-O-Wisp|p1b: Roaring Moon\n|-status|p1b: Roaring Moon|brn\n|\n|-weather|RainDance|[upkeep]\n|-damage|p1b: Roaring Moon|36\/100 brn|[from] brn\n|upkeep\n|inactive|Time to hit hard has 120 seconds left.\n|\n|t:|1700012917\n|switch|p2b: Torkoal|Torkoal, F|100\/100\n|-weather|SunnyDay|[from] ability: Drought|[of] p2b: Torkoal\n|turn|4\n|\n|t:|1700012935\n|switch|p2a: Infernape|Infernape, M|91\/100\n|move|p1a: Tornadus|Rain Dance|p1a: Tornadus\n|-weather|RainDance\n|move|p1b: Roaring Moon|Acrobatics|p2a: Infernape\n|-supereffective|p2a: Infernape\n|-damage|p2a: Infernape|0 fnt\n|faint|p2a: Infernape\n|move|p2b: Torkoal|Heat Wave|p1a: Tornadus|[spread] p1a\n|-miss|p2b: Torkoal|p1b: Roaring Moon\n|-damage|p1a: Tornadus|84\/100\n|\n|-weather|RainDance|[upkeep]\n|-damage|p1b: Roaring Moon|30\/100 brn|[from] brn\n|-sideend|p1: Ravvenn98|move: Tailwind\n|upkeep\n|\n|t:|1700012945\n|switch|p2a: Ninetales|Ninetales, F|100\/100\n|-weather|SunnyDay|[from] ability: Drought|[of] p2a: Ninetales\n|turn|5\n|\n|t:|1700012960\n|move|p1a: Tornadus|Rain Dance|p1a: Tornadus\n|-weather|RainDance\n|move|p1b: Roaring Moon|Acrobatics|p2a: Ninetales\n|-damage|p2a: Ninetales|60\/100\n|move|p2a: Ninetales|Flamethrower|p1b: Roaring Moon\n|-resisted|p1b: Roaring Moon\n|-damage|p1b: Roaring Moon|24\/100 brn\n|move|p2b: Torkoal|Eruption|p1a: Tornadus|[spread] p1a,p1b\n|-resisted|p1b: Roaring Moon\n|-damage|p1a: Tornadus|57\/100\n|-damage|p1b: Roaring Moon|13\/100 brn\n|\n|-weather|RainDance|[upkeep]\n|-damage|p1b: Roaring Moon|7\/100 brn|[from] brn\n|upkeep\n|turn|6\n|\n|t:|1700012980\n|switch|p2b: Lilligant|Lilligant-Hisui, F|100\/100\n|move|p1b: Roaring Moon|Acrobatics|p2b: Lilligant\n|-supereffective|p2b: Lilligant\n|-enditem|p2b: Lilligant|Focus Sash\n|-damage|p2b: Lilligant|1\/100\n|move|p1a: Tornadus|Bleakwind Storm|p2b: Lilligant|[spread] p2a,p2b\n|-supereffective|p2b: Lilligant\n|-damage|p2a: Ninetales|25\/100\n|-damage|p2b: Lilligant|0 fnt\n|-unboost|p2a: Ninetales|spe|1\n|-enditem|p2a: Ninetales|Sitrus Berry|[eat]\n|-heal|p2a: Ninetales|50\/100|[from] item: Sitrus Berry\n|faint|p2b: Lilligant\n|move|p2a: Ninetales|Flamethrower|p1b: Roaring Moon\n|-resisted|p1b: Roaring Moon\n|-damage|p1b: Roaring Moon|1\/100 brn\n|\n|-weather|RainDance|[upkeep]\n|-damage|p1b: Roaring Moon|0 fnt|[from] brn\n|faint|p1b: Roaring Moon\n|-end|p1b: Roaring Moon|Protosynthesis|[silent]\n|upkeep\n|\n|t:|1700012998\n|switch|p1b: Palafin|Palafin-Hero, F, shiny|51\/100\n|switch|p2b: Torkoal|Torkoal, F|100\/100\n|-activate|p1b: Palafin|ability: Zero to Hero\n|-weather|SunnyDay|[from] ability: Drought|[of] p2b: Torkoal\n|turn|7\n|\n|t:|1700013008\n|move|p1a: Tornadus|Rain Dance|p1a: Tornadus\n|-weather|RainDance\n|move|p1b: Palafin|Jet Punch|p2a: Ninetales\n|-supereffective|p2a: Ninetales\n|-crit|p2a: Ninetales\n|-damage|p2a: Ninetales|0 fnt\n|faint|p2a: Ninetales\n|move|p2b: Torkoal|Eruption|p1a: Tornadus|[spread] p1a,p1b\n|-resisted|p1b: Palafin\n|-damage|p1a: Tornadus|30\/100\n|-damage|p1b: Palafin|42\/100\n|\n|-weather|RainDance|[upkeep]\n|upkeep\n|\n|t:|1700013013\n|switch|p2a: Flutter Mane|Flutter Mane, shiny|100\/100\n|turn|8\n|\n|t:|1700013023\n|switch|p1a: Gholdengo|Gholdengo|100\/100\n|-terastallize|p2a: Flutter Mane|Fairy\n|move|p1b: Palafin|Jet Punch|p2b: Torkoal\n|-supereffective|p2b: Torkoal\n|-damage|p2b: Torkoal|16\/100\n|move|p2a: Flutter Mane|Dazzling Gleam|p1a: Gholdengo|[spread] p1a,p1b\n|-resisted|p1a: Gholdengo\n|-damage|p1a: Gholdengo|74\/100\n|-damage|p1b: Palafin|0 fnt\n|faint|p1b: Palafin\n|move|p2b: Torkoal|Earth Power|p1a: Gholdengo\n|-supereffective|p1a: Gholdengo\n|-damage|p1a: Gholdengo|35\/100\n|\n|-weather|RainDance|[upkeep]\n|upkeep\n|\n|t:|1700013032\n|switch|p1b: Tyranitar|Tyranitar, M, shiny|100\/100\n|-weather|Sandstorm|[from] ability: Sand Stream|[of] p1b: Tyranitar\n|turn|9\n|\n|t:|1700013042\n|move|p2a: Flutter Mane|Dazzling Gleam|p1b: Tyranitar|[spread] p1a,p1b\n|-resisted|p1a: Gholdengo\n|-supereffective|p1b: Tyranitar\n|-damage|p1a: Gholdengo|9\/100\n|-damage|p1b: Tyranitar|17\/100\n|move|p1a: Gholdengo|Flash Cannon|p2a: Flutter Mane\n|-supereffective|p2a: Flutter Mane\n|-damage|p2a: Flutter Mane|2\/100\n|move|p1b: Tyranitar|High Horsepower|p2b: Torkoal\n|-supereffective|p2b: Torkoal\n|-damage|p2b: Torkoal|0 fnt\n|faint|p2b: Torkoal\n|\n|-weather|Sandstorm|[upkeep]\n|-damage|p2a: Flutter Mane|0 fnt|[from] Sandstorm\n|faint|p2a: Flutter Mane\n|-end|p2a: Flutter Mane|Protosynthesis|[silent]\n|\n|win|Ravvenn98\n|upkeep\n|raw|Ravvenn98's rating: 1243 &rarr; <strong>1264<\/strong><br \/>(+21 for winning)\n|raw|Time to hit hard's rating: 1180 &rarr; <strong>1159<\/strong><br \/>(-21 for losing)\n","uploadtime":1700013058,"views":6,"p1id":"ravvenn98","p2id":"timetohithard","formatid":"gen9doublesou","rating":1159,"private":0,"password":""}