{"id":"gen9doublesou-1991918032","p1":"pigpig161","p2":"RedTheAve","format":"[Gen 9] Doubles OU","log":"|j|\u2606pigpig161\n|j|\u2606RedTheAve\n|t:|1700138014\n|gametype|doubles\n|player|p1|pigpig161|2|1462\n|player|p2|RedTheAve|roxie|1363\n|teamsize|p1|6\n|teamsize|p2|6\n|gen|9\n|tier|[Gen 9] Doubles OU\n|rated|\n|rule|Species Clause: Limit one of each Pok\u00e9mon\n|rule|OHKO Clause: OHKO moves are banned\n|rule|Evasion Moves Clause: Evasion moves are banned\n|rule|Gravity Sleep Clause: The combination of sleep-inducing moves with imperfect accuracy and Gravity or Gigantamax Orbeetle are banned\n|rule|Endless Battle Clause: Forcing endless battles is banned\n|rule|HP Percentage Mod: HP is shown in percentages\n|clearpoke\n|poke|p1|Iron Hands|\n|poke|p1|Landorus-Therian, M|\n|poke|p1|Flutter Mane|\n|poke|p1|Arcanine-Hisui, F|\n|poke|p1|Sinistcha-Masterpiece|\n|poke|p1|Dragonite, F|\n|poke|p2|Tornadus, M|\n|poke|p2|Flutter Mane|\n|poke|p2|Chien-Pao|\n|poke|p2|Iron Hands|\n|poke|p2|Kommo-o, F|\n|poke|p2|Sinistcha-Masterpiece|\n|teampreview\n|inactive|Battle timer is ON: inactive players will automatically lose when time's up. (requested by RedTheAve)\n|\n|t:|1700138038\n|start\n|switch|p1a: Arcanine|Arcanine-Hisui, F|100\/100\n|switch|p1b: Flutter Mane|Flutter Mane|100\/100\n|switch|p2a: Fly Guy|Tornadus, M|100\/100\n|switch|p2b: Banshee|Flutter Mane|100\/100\n|-ability|p1a: Arcanine|Intimidate|boost\n|-unboost|p2a: Fly Guy|atk|1\n|-unboost|p2b: Banshee|atk|1\n|-enditem|p1b: Flutter Mane|Booster Energy\n|-activate|p1b: Flutter Mane|ability: Protosynthesis|[fromitem]\n|-start|p1b: Flutter Mane|protosynthesisspa\n|turn|1\n|\n|t:|1700138057\n|move|p1b: Flutter Mane|Protect|p1b: Flutter Mane\n|-singleturn|p1b: Flutter Mane|Protect\n|move|p2a: Fly Guy|Tailwind|p2a: Fly Guy\n|-sidestart|p2: RedTheAve|move: Tailwind\n|move|p2b: Banshee|Shadow Ball|p1b: Flutter Mane\n|-activate|p1b: Flutter Mane|move: Protect\n|move|p1a: Arcanine|Snarl|p2b: Banshee|[spread] p2a,p2b\n|-damage|p2a: Fly Guy|89\/100\n|-damage|p2b: Banshee|92\/100\n|-unboost|p2b: Banshee|spa|1\n|\n|upkeep\n|turn|2\n|\n|t:|1700138079\n|-end|p1b: Flutter Mane|Protosynthesis|[silent]\n|switch|p1b: Iron Hands|Iron Hands|100\/100\n|move|p2b: Banshee|Shadow Ball|p1b: Iron Hands\n|-damage|p1b: Iron Hands|76\/100\n|move|p2a: Fly Guy|Bleakwind Storm|p1a: Arcanine|[spread] p1a,p1b\n|-resisted|p1a: Arcanine\n|-damage|p1a: Arcanine|80\/100\n|-damage|p1b: Iron Hands|58\/100\n|-unboost|p1b: Iron Hands|spe|1\n|move|p1a: Arcanine|Snarl|p2a: Fly Guy|[spread] p2a,p2b\n|-damage|p2a: Fly Guy|80\/100\n|-damage|p2b: Banshee|83\/100\n|-unboost|p2b: Banshee|spa|1\n|\n|upkeep\n|turn|3\n|inactive|RedTheAve has 120 seconds left.\n|\n|t:|1700138143\n|switch|p2a: BayBlade|Chien-Pao|100\/100\n|-ability|p2a: BayBlade|Sword of Ruin\n|switch|p1a: Flutter Mane|Flutter Mane|100\/100\n|move|p2b: Banshee|Shadow Ball|p1a: Flutter Mane\n|-supereffective|p1a: Flutter Mane\n|-crit|p1a: Flutter Mane\n|-damage|p1a: Flutter Mane|0 fnt\n|faint|p1a: Flutter Mane\n|-end|p1a: Flutter Mane|Protosynthesis|[silent]\n|move|p1b: Iron Hands|Wild Charge|p2a: BayBlade\n|-damage|p2a: BayBlade|32\/100\n|-damage|p1b: Iron Hands|47\/100|[from] Recoil\n|\n|upkeep\n|inactive|pigpig161 has 120 seconds left.\n|\n|t:|1700138157\n|switch|p1a: Landorus|Landorus-Therian, M|100\/100\n|-ability|p1a: Landorus|Intimidate|boost\n|-unboost|p2a: BayBlade|atk|1\n|-unboost|p2b: Banshee|atk|1\n|turn|4\n|inactive|RedTheAve has 120 seconds left.\n|\n|t:|1700138172\n|-terastallize|p1a: Landorus|Steel\n|move|p2b: Banshee|Shadow Ball|p1b: Iron Hands\n|-damage|p1b: Iron Hands|28\/100\n|-unboost|p1b: Iron Hands|spd|1\n|move|p2a: BayBlade|Ice Spinner|p1a: Landorus\n|-resisted|p1a: Landorus\n|-damage|p1a: Landorus|77\/100\n|move|p1a: Landorus|U-turn|p2a: BayBlade\n|-supereffective|p2a: BayBlade\n|-damage|p2a: BayBlade|0 fnt\n|faint|p2a: BayBlade\n|\n|t:|1700138185\n|switch|p1a: Sinistcha|Sinistcha-Masterpiece|100\/100|[from] U-turn\n|-heal|p1b: Iron Hands|53\/100|[from] ability: Hospitality|[of] p1a: Sinistcha\n|move|p1b: Iron Hands|Wild Charge|p2b: Banshee\n|-damage|p2b: Banshee|0 fnt\n|faint|p2b: Banshee\n|-end|p2b: Banshee|Protosynthesis|[silent]\n|-damage|p1b: Iron Hands|43\/100|[from] Recoil\n|\n|-sideend|p2: RedTheAve|move: Tailwind\n|upkeep\n|\n|t:|1700138202\n|switch|p2b: Sasha|Kommo-o, F|100\/100\n|switch|p2a: Fly Guy|Tornadus, M|80\/100\n|turn|5\n|inactive|RedTheAve has 120 seconds left.\n|\n|t:|1700138216\n|switch|p1a: Arcanine|Arcanine-Hisui, F|80\/100\n|-ability|p1a: Arcanine|Intimidate|boost\n|-unboost|p2a: Fly Guy|atk|1\n|-unboost|p2b: Sasha|atk|1\n|move|p2a: Fly Guy|Tailwind|p2a: Fly Guy\n|-sidestart|p2: RedTheAve|move: Tailwind\n|move|p2b: Sasha|Clangorous Soul|p2b: Sasha\n|-boost|p2b: Sasha|atk|1\n|-boost|p2b: Sasha|def|1\n|-boost|p2b: Sasha|spa|1\n|-boost|p2b: Sasha|spd|1\n|-boost|p2b: Sasha|spe|1\n|-damage|p2b: Sasha|68\/100\n|-enditem|p2b: Sasha|Throat Spray\n|-boost|p2b: Sasha|spa|1|[from] item: Throat Spray\n|move|p1b: Iron Hands|Ice Punch|p2b: Sasha\n|-supereffective|p2b: Sasha\n|-damage|p2b: Sasha|34\/100\n|\n|upkeep\n|turn|6\n|inactive|RedTheAve has 120 seconds left.\n|\n|t:|1700138242\n|switch|p2a: INeedHealing|Sinistcha-Masterpiece|100\/100\n|-heal|p2b: Sasha|59\/100|[from] ability: Hospitality|[of] p2a: INeedHealing\n|-terastallize|p2b: Sasha|Steel\n|move|p1a: Arcanine|Extreme Speed|p2b: Sasha\n|-resisted|p2b: Sasha\n|-damage|p2b: Sasha|48\/100\n|move|p2b: Sasha|Boomburst|p1a: Arcanine|[spread] p1a,p1b\n|-immune|p2a: INeedHealing\n|-resisted|p1a: Arcanine\n|-damage|p1a: Arcanine|40\/100\n|-damage|p1b: Iron Hands|0 fnt\n|faint|p1b: Iron Hands\n|-end|p1b: Iron Hands|Quark Drive|[silent]\n|\n|upkeep\n|\n|t:|1700138256\n|switch|p1b: Landorus|Landorus-Therian, M, tera:Steel|77\/100\n|-ability|p1b: Landorus|Intimidate|boost\n|-unboost|p2a: INeedHealing|atk|1\n|-unboost|p2b: Sasha|atk|1\n|turn|7\n|inactive|RedTheAve has 120 seconds left.\n|\n|t:|1700138287\n|switch|p1a: Sinistcha|Sinistcha-Masterpiece|100\/100\n|-heal|p1b: Landorus|100\/100|[from] ability: Hospitality|[of] p1a: Sinistcha\n|move|p2b: Sasha|Protect|p2b: Sasha\n|-singleturn|p2b: Sasha|Protect\n|move|p2a: INeedHealing|Strength Sap|p1b: Landorus\n|-unboost|p1b: Landorus|atk|1\n|move|p1b: Landorus|Earthquake|p2b: Sasha|[spread] p1a,p2a\n|-activate|p2b: Sasha|move: Protect\n|-resisted|p1a: Sinistcha\n|-resisted|p2a: INeedHealing\n|-damage|p1a: Sinistcha|85\/100\n|-damage|p2a: INeedHealing|86\/100\n|\n|-heal|p1a: Sinistcha|91\/100|[from] item: Leftovers\n|upkeep\n|turn|8\n|inactive|RedTheAve has 120 seconds left.\n|\n|t:|1700138314\n|move|p2b: Sasha|Flash Cannon|p1b: Landorus\n|-resisted|p1b: Landorus\n|-damage|p1b: Landorus|51\/100\n|move|p2a: INeedHealing|Matcha Gotcha|p1b: Landorus|[spread] p1a,p1b\n|-resisted|p1a: Sinistcha\n|-resisted|p1b: Landorus\n|-damage|p1a: Sinistcha|77\/100\n|-heal|p2a: INeedHealing|94\/100|[from] drain|[of] p1a: Sinistcha\n|-damage|p1b: Landorus|35\/100\n|-heal|p2a: INeedHealing|100\/100|[from] drain|[of] p1b: Landorus\n|move|p1b: Landorus|Earthquake|p2a: INeedHealing|[spread] p1a,p2a,p2b\n|-resisted|p1a: Sinistcha\n|-resisted|p2a: INeedHealing\n|-supereffective|p2b: Sasha\n|-damage|p1a: Sinistcha|64\/100\n|-damage|p2a: INeedHealing|86\/100\n|-damage|p2b: Sasha|11\/100\n|move|p1a: Sinistcha|Shadow Ball|p2a: INeedHealing\n|-supereffective|p2a: INeedHealing\n|-damage|p2a: INeedHealing|0 fnt\n|faint|p2a: INeedHealing\n|\n|-heal|p1a: Sinistcha|70\/100|[from] item: Leftovers\n|-sideend|p2: RedTheAve|move: Tailwind\n|upkeep\n|inactive|RedTheAve has 120 seconds left.\n|\n|t:|1700138335\n|switch|p2a: Fly Guy|Tornadus, M|80\/100\n|turn|9\n|inactive|RedTheAve has 120 seconds left.\n|\n|t:|1700138351\n|switch|p1b: Arcanine|Arcanine-Hisui, F|40\/100\n|-ability|p1b: Arcanine|Intimidate|boost\n|-unboost|p2a: Fly Guy|atk|1\n|-unboost|p2b: Sasha|atk|1\n|move|p2a: Fly Guy|Bleakwind Storm|p1a: Sinistcha|[spread] p1a,p1b\n|-supereffective|p1a: Sinistcha\n|-resisted|p1b: Arcanine\n|-damage|p1a: Sinistcha|2\/100\n|-damage|p1b: Arcanine|21\/100\n|-unboost|p1b: Arcanine|spe|1\n|move|p2b: Sasha|Flash Cannon|p1b: Arcanine\n|-damage|p1b: Arcanine|0 fnt\n|faint|p1b: Arcanine\n|move|p1a: Sinistcha|Shadow Ball|p2b: Sasha\n|-immune|p2b: Sasha|[from] ability: Bulletproof\n|\n|-heal|p1a: Sinistcha|8\/100|[from] item: Leftovers\n|upkeep\n|\n|t:|1700138370\n|switch|p1b: Landorus|Landorus-Therian, M, tera:Steel|35\/100\n|-ability|p1b: Landorus|Intimidate|boost\n|-unboost|p2a: Fly Guy|atk|1\n|-unboost|p2b: Sasha|atk|1\n|turn|10\n|\n|t:|1700138383\n|switch|p1a: Dragonite|Dragonite, F|100\/100\n|move|p2a: Fly Guy|Tailwind|p2a: Fly Guy\n|-sidestart|p2: RedTheAve|move: Tailwind\n|move|p2b: Sasha|Flash Cannon|p1b: Landorus\n|-resisted|p1b: Landorus\n|-damage|p1b: Landorus|0 fnt\n|faint|p1b: Landorus\n|\n|upkeep\n|\n|t:|1700138390\n|switch|p1b: Sinistcha|Sinistcha-Masterpiece|8\/100\n|turn|11\n|-message|pigpig161 forfeited.\n|\n|win|RedTheAve\n|raw|pigpig161's rating: 1462 &rarr; <strong>1436<\/strong><br \/>(-26 for losing)\n|raw|RedTheAve's rating: 1363 &rarr; <strong>1389<\/strong><br \/>(+26 for winning)\n|l|\u2606pigpig161\n","uploadtime":1700138416,"views":13,"p1id":"pigpig161","p2id":"redtheave","formatid":"gen9doublesou","rating":1389,"private":0,"password":""}