{"id":"gen9doublesou-1993337102","p1":"Scummy strats","p2":"Nesfalken_","format":"[Gen 9] Doubles OU","log":"|j|\u2606Scummy strats\n|j|\u2606Nesfalken_\n|t:|1700301112\n|gametype|doubles\n|player|p1|Scummy strats|n|1160\n|player|p2|Nesfalken_|burglar|1261\n|teamsize|p1|6\n|teamsize|p2|6\n|gen|9\n|tier|[Gen 9] Doubles OU\n|rated|\n|rule|Species Clause: Limit one of each Pok\u00e9mon\n|rule|OHKO Clause: OHKO moves are banned\n|rule|Evasion Moves Clause: Evasion moves are banned\n|rule|Gravity Sleep Clause: The combination of sleep-inducing moves with imperfect accuracy and Gravity or Gigantamax Orbeetle are banned\n|rule|Endless Battle Clause: Forcing endless battles is banned\n|rule|HP Percentage Mod: HP is shown in percentages\n|clearpoke\n|poke|p1|Masquerain, F|\n|poke|p1|Espeon, F|\n|poke|p1|Ogerpon, F|\n|poke|p1|Kingambit, M|\n|poke|p1|Articuno-Galar|\n|poke|p1|Lurantis, M|\n|poke|p2|Clefairy, M|\n|poke|p2|Sinistcha-Masterpiece|\n|poke|p2|Snorlax, F|\n|poke|p2|Kommo-o, F|\n|poke|p2|Landorus-Therian, M|\n|poke|p2|Iron Hands|\n|teampreview\n|c|\u2606Scummy strats|Glhf\n|inactive|Battle timer is ON: inactive players will automatically lose when time's up. (requested by Nesfalken_)\n|c|\u2606Scummy strats|Ive seen this team\n|c|\u2606Scummy strats|Wolfyvgc\n|\n|t:|1700301133\n|start\n|switch|p1a: Masquerain|Masquerain, F|100\/100\n|switch|p1b: Espeon|Espeon, F|100\/100\n|switch|p2a: Snorlax|Snorlax, F|100\/100\n|switch|p2b: Clefairy|Clefairy, M|100\/100\n|-ability|p1a: Masquerain|Intimidate|boost\n|-unboost|p2a: Snorlax|atk|1\n|-unboost|p2b: Clefairy|atk|1\n|turn|1\n|c|\u2606Scummy strats|Team\n|\n|t:|1700301147\n|move|p2b: Clefairy|Follow Me|p2b: Clefairy\n|-singleturn|p2b: Clefairy|move: Follow Me\n|move|p1b: Espeon|Skill Swap|p2b: Clefairy\n|-activate|p1b: Espeon|move: Skill Swap|Friend Guard|Magic Bounce|[of] p2b: Clefairy\n|move|p1a: Masquerain|Sticky Web|p2a: Snorlax\n|move|p2b: Clefairy|Sticky Web|p1a: Masquerain|[from]ability: Magic Bounce\n|-sidestart|p1: Scummy strats|move: Sticky Web\n|move|p2a: Snorlax|Belly Drum|p2a: Snorlax\n|-damage|p2a: Snorlax|50\/100\n|-setboost|p2a: Snorlax|atk|6|[from] move: Belly Drum\n|-enditem|p2a: Snorlax|Sitrus Berry|[eat]\n|-heal|p2a: Snorlax|75\/100|[from] item: Sitrus Berry\n|\n|upkeep\n|turn|2\n|c|\u2606Scummy strats|Yep\n|c|\u2606Scummy strats|Its the wolfyvgc team\n|c|\u2606Nesfalken_|real\n|\n|t:|1700301177\n|-terastallize|p2a: Snorlax|Water\n|move|p2b: Clefairy|Helping Hand|p2a: Snorlax\n|-singleturn|p2a: Snorlax|Helping Hand|[of] p2b: Clefairy\n|move|p1b: Espeon|Psych Up|p2a: Snorlax\n|-copyboost|p1b: Espeon|p2a: Snorlax|[from] move: Psych Up\n|move|p1a: Masquerain|Tailwind|p1a: Masquerain\n|-sidestart|p1: Scummy strats|move: Tailwind\n|move|p2a: Snorlax|Facade|p1b: Espeon\n|-enditem|p1b: Espeon|Focus Sash\n|-damage|p1b: Espeon|1\/100\n|\n|upkeep\n|turn|3\n|c|\u2606Nesfalken_|idk its just cool\n|c|\u2606Scummy strats|Fair enough\n|c|\u2606Nesfalken_|i like komoo\n|c|\u2606Scummy strats|Dobt blame u\n|c|\u2606Scummy strats|Dont\n|\n|t:|1700301198\n|move|p1b: Espeon|Stored Power|p2a: Snorlax\n|-damage|p2a: Snorlax|30\/100\n|move|p1a: Masquerain|Quiver Dance|p1a: Masquerain\n|-boost|p1a: Masquerain|spa|1\n|-boost|p1a: Masquerain|spd|1\n|-boost|p1a: Masquerain|spe|1\n|move|p2b: Clefairy|Heal Pulse|p2a: Snorlax\n|-heal|p2a: Snorlax|80\/100\n|move|p2a: Snorlax|Facade|p1a: Masquerain\n|-enditem|p1a: Masquerain|Focus Sash\n|-damage|p1a: Masquerain|1\/100\n|\n|upkeep\n|turn|4\n|\n|t:|1700301222\n|move|p2b: Clefairy|Follow Me|p2b: Clefairy\n|-singleturn|p2b: Clefairy|move: Follow Me\n|move|p1a: Masquerain|Baton Pass|p1a: Masquerain\n|\n|t:|1700301226\n|switch|p1a: Articuno|Articuno-Galar|100\/100|[from] Baton Pass\n|-activate|p1a: Articuno|move: Sticky Web\n|-unboost|p1a: Articuno|spe|1\n|-ability|p1a: Articuno|Competitive|boost\n|-boost|p1a: Articuno|spa|2\n|move|p1b: Espeon|Stored Power|p2b: Clefairy\n|-damage|p2b: Clefairy|53\/100\n|move|p2a: Snorlax|Facade|p1b: Espeon\n|-damage|p1b: Espeon|0 fnt\n|faint|p1b: Espeon\n|\n|upkeep\n|\n|t:|1700301239\n|switch|p1b: Lurantis|Lurantis, M, shiny|100\/100\n|-activate|p1b: Lurantis|move: Sticky Web\n|-boost|p1b: Lurantis|spe|1\n|turn|5\n|\n|t:|1700301267\n|switch|p2a: Landorus|Landorus-Therian, M|100\/100\n|-ability|p2a: Landorus|Intimidate|boost\n|-unboost|p1a: Articuno|atk|1\n|-ability|p1a: Articuno|Competitive|boost\n|-boost|p1a: Articuno|spa|2\n|-boost|p1b: Lurantis|atk|1\n|-terastallize|p1a: Articuno|Ghost\n|move|p2b: Clefairy|Follow Me|p2b: Clefairy\n|-singleturn|p2b: Clefairy|move: Follow Me\n|move|p1b: Lurantis|Superpower|p2b: Clefairy\n|-resisted|p2b: Clefairy\n|-damage|p2b: Clefairy|26\/100\n|-boost|p1b: Lurantis|atk|1\n|-boost|p1b: Lurantis|def|1\n|move|p1a: Articuno|Trick|p2b: Clefairy\n|-activate|p1a: Articuno|move: Trick|[of] p2b: Clefairy\n|-item|p2b: Clefairy|Iron Ball|[from] move: Trick\n|-item|p1a: Articuno|Eviolite|[from] move: Trick\n|\n|-sideend|p1: Scummy strats|move: Tailwind\n|upkeep\n|turn|6\n|\n|t:|1700301291\n|move|p2b: Clefairy|Protect|p2b: Clefairy\n|-singleturn|p2b: Clefairy|Protect\n|move|p2a: Landorus|U-turn|p1b: Lurantis\n|-supereffective|p1b: Lurantis\n|-damage|p1b: Lurantis|54\/100\n|\n|t:|1700301297\n|switch|p2a: Sinistcha|Sinistcha-Masterpiece|100\/100|[from] U-turn\n|-heal|p2b: Clefairy|50\/100|[from] ability: Hospitality|[of] p2a: Sinistcha\n|move|p1b: Lurantis|Leaf Storm|p2a: Sinistcha\n|-resisted|p2a: Sinistcha\n|-damage|p2a: Sinistcha|71\/100\n|-boost|p1b: Lurantis|spa|2\n|move|p1a: Articuno|Air Cutter|p2b: Clefairy|[spread] p2a\n|-activate|p2b: Clefairy|move: Protect\n|-supereffective|p2a: Sinistcha\n|-damage|p2a: Sinistcha|0 fnt\n|faint|p2a: Sinistcha\n|\n|upkeep\n|\n|t:|1700301308\n|switch|p2a: Iron Hands|Iron Hands|100\/100\n|turn|7\n|\n|t:|1700301321\n|move|p2a: Iron Hands|Fake Out|p1b: Lurantis\n|-damage|p1b: Lurantis|37\/100\n|move|p2b: Clefairy|Follow Me|p2b: Clefairy\n|-singleturn|p2b: Clefairy|move: Follow Me\n|cant|p1b: Lurantis|flinch\n|move|p1a: Articuno|Air Cutter|p2a: Iron Hands|[spread] p2a,p2b\n|-damage|p2a: Iron Hands|46\/100\n|-damage|p2b: Clefairy|0 fnt\n|faint|p2b: Clefairy\n|\n|upkeep\n|\n|t:|1700301332\n|switch|p2b: Landorus|Landorus-Therian, M|100\/100\n|-ability|p2b: Landorus|Intimidate|boost\n|-unboost|p1a: Articuno|atk|1\n|-ability|p1a: Articuno|Competitive|boost\n|-boost|p1a: Articuno|spa|1\n|-boost|p1b: Lurantis|atk|1\n|turn|8\n|\n|t:|1700301349\n|move|p2b: Landorus|Stomping Tantrum|p1a: Articuno\n|-damage|p1a: Articuno|61\/100\n|move|p1b: Lurantis|Leaf Storm|p2b: Landorus\n|-damage|p2b: Landorus|0 fnt\n|-boost|p1b: Lurantis|spa|2\n|faint|p2b: Landorus\n|move|p1a: Articuno|Freezing Glare|p2a: Iron Hands\n|-supereffective|p2a: Iron Hands\n|-damage|p2a: Iron Hands|0 fnt\n|faint|p2a: Iron Hands\n|-end|p2a: Iron Hands|Quark Drive|[silent]\n|\n|upkeep\n|c|\u2606Nesfalken_|bro is max spa\n|c|\u2606Scummy strats|Yep\n|\n|t:|1700301359\n|switch|p2b: Kommo-o|Kommo-o, F|100\/100\n|switch|p2a: Snorlax|Snorlax, F, tera:Water|80\/100\n|turn|9\n|c|\u2606Nesfalken_|ggs\n|c|\u2606Scummy strats|Thats the power of competetive\n|c|\u2606Scummy strats|Ggs\n|c|\u2606Scummy strats|Also\n|c|\u2606Scummy strats|Did u catch onto my gimmick\n|c|\u2606Scummy strats|?\n|c|\u2606Nesfalken_|ye\n|\n|t:|1700301386\n|move|p2a: Snorlax|Protect|p2a: Snorlax\n|-singleturn|p2a: Snorlax|Protect\n|move|p1b: Lurantis|Leaf Storm|p2a: Snorlax\n|-activate|p2a: Snorlax|move: Protect\n|move|p2b: Kommo-o|Clangorous Soul|p2b: Kommo-o\n|-boost|p2b: Kommo-o|atk|1\n|-boost|p2b: Kommo-o|def|1\n|-boost|p2b: Kommo-o|spa|1\n|-boost|p2b: Kommo-o|spd|1\n|-boost|p2b: Kommo-o|spe|1\n|-damage|p2b: Kommo-o|68\/100\n|-enditem|p2b: Kommo-o|Throat Spray\n|-boost|p2b: Kommo-o|spa|1|[from] item: Throat Spray\n|move|p1a: Articuno|Air Cutter|p2b: Kommo-o|[spread] p2b\n|-activate|p2a: Snorlax|move: Protect\n|-supereffective|p2b: Kommo-o\n|-damage|p2b: Kommo-o|0 fnt\n|faint|p2b: Kommo-o\n|\n|upkeep\n|turn|10\n|\n|t:|1700301410\n|move|p1b: Lurantis|Leaf Storm|p2a: Snorlax\n|-supereffective|p2a: Snorlax\n|-damage|p2a: Snorlax|0 fnt\n|-boost|p1b: Lurantis|spa|2\n|faint|p2a: Snorlax\n|\n|win|Scummy strats\n|raw|Scummy strats's rating: 1160 &rarr; <strong>1192<\/strong><br \/>(+32 for winning)\n|raw|Nesfalken_'s rating: 1261 &rarr; <strong>1229<\/strong><br \/>(-32 for losing)\n|c|\u2606Scummy strats|Ggs\n|c|\u2606Nesfalken_|ggs\n","uploadtime":1700301435,"views":6,"p1id":"scummystrats","p2id":"nesfalken","formatid":"gen9doublesou","rating":1192,"private":0,"password":""}