{"id":"gen9doublesou-1971219002","p1":"deadlydirt","p2":"wrenwrenwren","format":"[Gen 9] Doubles OU","log":"|j|\u2606deadlydirt\n|j|\u2606wrenwrenwren\n|t:|1697720920\n|gametype|doubles\n|player|p1|deadlydirt|harlequin|1109\n|player|p2|wrenwrenwren|marshal|1064\n|teamsize|p1|6\n|teamsize|p2|6\n|gen|9\n|tier|[Gen 9] Doubles OU\n|rated|\n|rule|Species Clause: Limit one of each Pok\u00e9mon\n|rule|OHKO Clause: OHKO moves are banned\n|rule|Evasion Moves Clause: Evasion moves are banned\n|rule|Gravity Sleep Clause: The combination of sleep-inducing moves with imperfect accuracy and Gravity or Gigantamax Orbeetle are banned\n|rule|Endless Battle Clause: Forcing endless battles is banned\n|rule|HP Percentage Mod: HP is shown in percentages\n|clearpoke\n|poke|p1|Floatzel, M|\n|poke|p1|Pelipper, M|\n|poke|p1|Gholdengo|\n|poke|p1|Dragonite, F|\n|poke|p1|Goodra-Hisui, M|\n|poke|p1|Kingambit, M|\n|poke|p2|Ambipom, M|\n|poke|p2|Trevenant, M|\n|poke|p2|Garganacl, M|\n|poke|p2|Dusknoir, M|\n|poke|p2|Politoed, F|\n|poke|p2|Furret, F|\n|teampreview\n|inactive|Battle timer is ON: inactive players will automatically lose when time's up. (requested by deadlydirt)\n|\n|t:|1697720962\n|start\n|switch|p1a: Pelipper|Pelipper, M, shiny|100\/100\n|switch|p1b: Kingambit|Kingambit, M, shiny|100\/100\n|switch|p2a: Ambipom|Ambipom, M|100\/100\n|switch|p2b: Garganacl|Garganacl, M|100\/100\n|-weather|RainDance|[from] ability: Drizzle|[of] p1a: Pelipper\n|-ability|p1b: Kingambit|Pressure\n|turn|1\n|inactiveoff|Battle timer is now OFF.\n|\n|t:|1697720994\n|move|p2a: Ambipom|Fake Out|p1a: Pelipper\n|-damage|p1a: Pelipper|71\/100\n|cant|p1a: Pelipper|flinch\n|move|p1b: Kingambit|Stealth Rock|p2b: Garganacl\n|-sidestart|p2: wrenwrenwren|move: Stealth Rock\n|move|p2b: Garganacl|Body Press|p1b: Kingambit\n|-supereffective|p1b: Kingambit\n|-damage|p1b: Kingambit|6\/100\n|\n|-weather|RainDance|[upkeep]\n|upkeep\n|turn|2\n|inactive|Battle timer is ON: inactive players will automatically lose when time's up. (requested by deadlydirt)\n|\n|t:|1697721031\n|move|p1b: Kingambit|Protect|p1b: Kingambit\n|-singleturn|p1b: Kingambit|Protect\n|move|p2a: Ambipom|Acrobatics|p1b: Kingambit\n|-activate|p1b: Kingambit|move: Protect\n|move|p1a: Pelipper|Tailwind|p1a: Pelipper\n|-sidestart|p1: deadlydirt|move: Tailwind\n|move|p2b: Garganacl|Salt Cure|p1a: Pelipper\n|-supereffective|p1a: Pelipper\n|-damage|p1a: Pelipper|45\/100\n|-start|p1a: Pelipper|Salt Cure\n|\n|-weather|RainDance|[upkeep]\n|-damage|p1a: Pelipper|20\/100|[from] Salt Cure\n|upkeep\n|turn|3\n|inactive|wrenwrenwren has 120 seconds left.\n|\n|t:|1697721077\n|move|p2a: Ambipom|Protect|p2a: Ambipom\n|-singleturn|p2a: Ambipom|Protect\n|move|p1a: Pelipper|Hydro Pump|p2b: Garganacl\n|-supereffective|p2b: Garganacl\n|-damage|p2b: Garganacl|16\/100\n|move|p1b: Kingambit|Kowtow Cleave|p2a: Ambipom\n|-activate|p2a: Ambipom|move: Protect\n|move|p2b: Garganacl|Body Press|p1b: Kingambit\n|-supereffective|p1b: Kingambit\n|-damage|p1b: Kingambit|0 fnt\n|faint|p1b: Kingambit\n|\n|-weather|RainDance|[upkeep]\n|-heal|p2b: Garganacl|22\/100|[from] item: Leftovers\n|-damage|p1a: Pelipper|0 fnt|[from] Salt Cure\n|faint|p1a: Pelipper\n|upkeep\n|inactive|deadlydirt has 120 seconds left.\n|\n|t:|1697721099\n|switch|p1a: Floatzel|Floatzel, M, shiny|100\/100\n|switch|p1b: Dragonite|Dragonite, F, shiny|100\/100\n|turn|4\n|inactive|wrenwrenwren has 120 seconds left.\n|inactive|wrenwrenwren has 90 seconds left.\n|\n|t:|1697721155\n|switch|p2a: Politoed|Politoed, F|100\/100\n|-damage|p2a: Politoed|88\/100|[from] Stealth Rock\n|move|p1a: Floatzel|Liquidation|p2b: Garganacl\n|-supereffective|p2b: Garganacl\n|-crit|p2b: Garganacl\n|-damage|p2b: Garganacl|0 fnt\n|faint|p2b: Garganacl\n|move|p1b: Dragonite|Dragon Dance|p1b: Dragonite\n|-boost|p1b: Dragonite|atk|1\n|-boost|p1b: Dragonite|spe|1\n|\n|-weather|RainDance|[upkeep]\n|-heal|p2a: Politoed|94\/100|[from] item: Leftovers\n|upkeep\n|\n|t:|1697721171\n|switch|p2b: Dusknoir|Dusknoir, M|100\/100\n|-damage|p2b: Dusknoir|88\/100|[from] Stealth Rock\n|-item|p1a: Floatzel|Choice Scarf|[from] ability: Frisk|[of] p2b: Dusknoir|[identify]\n|-item|p1b: Dragonite|Muscle Band|[from] ability: Frisk|[of] p2b: Dusknoir|[identify]\n|turn|5\n|inactive|wrenwrenwren has 90 seconds left.\n|\n|t:|1697721188\n|-terastallize|p1b: Dragonite|Normal\n|move|p1b: Dragonite|Extreme Speed|p2a: Politoed\n|-damage|p2a: Politoed|7\/100\n|move|p1a: Floatzel|Liquidation|p2b: Dusknoir\n|-damage|p2b: Dusknoir|37\/100\n|move|p2a: Politoed|Haze|p2a: Politoed\n|-clearallboost\n|move|p2b: Dusknoir|Will-O-Wisp|p1b: Dragonite\n|-status|p1b: Dragonite|brn\n|\n|-weather|none\n|-heal|p2a: Politoed|14\/100|[from] item: Leftovers\n|-damage|p1b: Dragonite|94\/100 brn|[from] brn\n|-sideend|p1: deadlydirt|move: Tailwind\n|upkeep\n|turn|6\n|inactive|wrenwrenwren has 90 seconds left.\n|inactive|wrenwrenwren has 60 seconds left.\n|\n|t:|1697721237\n|move|p1b: Dragonite|Extreme Speed|p2a: Politoed\n|-damage|p2a: Politoed|0 fnt\n|faint|p2a: Politoed\n|move|p1a: Floatzel|Liquidation|p2b: Dusknoir\n|-damage|p2b: Dusknoir|6\/100\n|move|p2b: Dusknoir|Will-O-Wisp|p1a: Floatzel|[miss]\n|-miss|p2b: Dusknoir|p1a: Floatzel\n|\n|-damage|p1b: Dragonite|88\/100 brn|[from] brn\n|upkeep\n|inactive|wrenwrenwren has 60 seconds left.\n|\n|t:|1697721249\n|switch|p2a: Furret|Furret, F|100\/100\n|-damage|p2a: Furret|88\/100|[from] Stealth Rock\n|-item|p1a: Floatzel|Choice Scarf|[from] ability: Frisk|[of] p2a: Furret|[identify]\n|-item|p1b: Dragonite|Muscle Band|[from] ability: Frisk|[of] p2a: Furret|[identify]\n|turn|7\n|inactive|wrenwrenwren has 60 seconds left.\n|inactive|wrenwrenwren has 30 seconds left.\n|inactive|wrenwrenwren has 20 seconds left.\n|\n|t:|1697721311\n|move|p1b: Dragonite|Extreme Speed|p2a: Furret\n|-damage|p2a: Furret|48\/100\n|move|p1a: Floatzel|Liquidation|p2b: Dusknoir\n|-damage|p2b: Dusknoir|0 fnt\n|faint|p2b: Dusknoir\n|move|p2a: Furret|Super Fang|p1b: Dragonite\n|-damage|p1b: Dragonite|44\/100 brn\n|\n|-damage|p1b: Dragonite|38\/100 brn|[from] brn\n|upkeep\n|inactive|wrenwrenwren has 25 seconds left this turn.\n|inactive|wrenwrenwren has 20 seconds left.\n|inactive|wrenwrenwren has 15 seconds left.\n|\n|t:|1697721326\n|switch|p2b: Trevenant|Trevenant, M|100\/100\n|-damage|p2b: Trevenant|88\/100|[from] Stealth Rock\n|turn|8\n|inactive|wrenwrenwren has 30 seconds left.\n|inactive|wrenwrenwren has 20 seconds left.\n|inactive|wrenwrenwren has 15 seconds left.\n|\n|t:|1697721355\n|move|p2a: Furret|Sucker Punch|p1b: Dragonite\n|-damage|p1b: Dragonite|21\/100 brn\n|move|p1a: Floatzel|Liquidation|p2a: Furret\n|-damage|p2a: Furret|0 fnt\n|faint|p2a: Furret\n|move|p1b: Dragonite|Outrage|p2b: Trevenant\n|-damage|p2b: Trevenant|46\/100\n|-enditem|p2b: Trevenant|Sitrus Berry|[eat]\n|-heal|p2b: Trevenant|71\/100|[from] item: Sitrus Berry\n|move|p2b: Trevenant|Horn Leech|p1a: Floatzel\n|-supereffective|p1a: Floatzel\n|-damage|p1a: Floatzel|0 fnt\n|-heal|p2b: Trevenant|100\/100|[from] drain|[of] p1a: Floatzel\n|faint|p1a: Floatzel\n|\n|-damage|p1b: Dragonite|15\/100 brn|[from] brn\n|upkeep\n|inactive|wrenwrenwren has 30 seconds left.\n|\n|t:|1697721380\n|switch|p1a: Goodra|Goodra-Hisui, M, shiny|100\/100\n|switch|p2a: Ambipom|Ambipom, M|100\/100\n|-damage|p2a: Ambipom|88\/100|[from] Stealth Rock\n|turn|9\n|inactive|wrenwrenwren has 30 seconds left.\n|inactive|wrenwrenwren has 20 seconds left.\n|inactive|wrenwrenwren has 15 seconds left.\n|inactive|wrenwrenwren has 10 seconds left.\n|inactive|wrenwrenwren has 5 seconds left.\n|c|\u2606deadlydirt|Floatzel is op\n|\n|t:|1697721429\n|-terastallize|p2b: Trevenant|Normal\n|move|p2a: Ambipom|Fake Out|p1b: Dragonite\n|-damage|p1b: Dragonite|0 fnt\n|faint|p1b: Dragonite\n|move|p2b: Trevenant|Knock Off|p1a: Goodra\n|-damage|p1a: Goodra|79\/100\n|-enditem|p1a: Goodra|Sitrus Berry|[from] move: Knock Off|[of] p2b: Trevenant\n|move|p1a: Goodra|Flamethrower|p2b: Trevenant\n|-damage|p2b: Trevenant|79\/100\n|\n|upkeep\n|inactive|wrenwrenwren has 10 seconds left this turn.\n|\n|t:|1697721441\n|switch|p1b: Gholdengo|Gholdengo, shiny|100\/100\n|turn|10\n|inactive|wrenwrenwren has 30 seconds left.\n|inactive|wrenwrenwren has 20 seconds left.\n|inactive|wrenwrenwren has 15 seconds left.\n|inactive|wrenwrenwren has 10 seconds left.\n|\n|t:|1697721469\n|move|p2a: Ambipom|Acrobatics|p1a: Goodra\n|-resisted|p1a: Goodra\n|-damage|p1a: Goodra|68\/100\n|move|p1b: Gholdengo|Make It Rain|p2b: Trevenant|[spread] p2a,p2b\n|-damage|p2a: Ambipom|0 fnt\n|-damage|p2b: Trevenant|2\/100\n|-unboost|p1b: Gholdengo|spa|1\n|faint|p2a: Ambipom\n|move|p2b: Trevenant|Knock Off|p1b: Gholdengo\n|-supereffective|p1b: Gholdengo\n|-damage|p1b: Gholdengo|45\/100\n|-enditem|p1b: Gholdengo|Choice Specs|[from] move: Knock Off|[of] p2b: Trevenant\n|move|p1a: Goodra|Dragon Pulse|p2b: Trevenant\n|-damage|p2b: Trevenant|0 fnt\n|faint|p2b: Trevenant\n|\n|win|deadlydirt\n|inactive|wrenwrenwren has 15 seconds left this turn.\n|raw|deadlydirt's rating: 1109 &rarr; <strong>1131<\/strong><br \/>(+22 for winning)\n|raw|wrenwrenwren's rating: 1064 &rarr; <strong>1047<\/strong><br \/>(-17 for losing)\n|l|\u2606wrenwrenwren\n","uploadtime":1697721486,"views":15,"p1id":"deadlydirt","p2id":"wrenwrenwren","formatid":"gen9doublesou","rating":1047,"private":0,"password":""}