{"id":"gen9doublesou-1978987213","p1":"Kevin Dickey12","p2":"sadboigaming","format":"[Gen 9] Doubles OU","log":"|j|\u2606Kevin Dickey12\n|j|\u2606sadboigaming\n|t:|1698617977\n|gametype|doubles\n|player|p1|Kevin Dickey12|nate|\n|player|p2|sadboigaming|unknown|\n|teamsize|p1|6\n|teamsize|p2|6\n|gen|9\n|tier|[Gen 9] Doubles OU\n|rule|Species Clause: Limit one of each Pok\u00e9mon\n|rule|OHKO Clause: OHKO moves are banned\n|rule|Evasion Moves Clause: Evasion moves are banned\n|rule|Gravity Sleep Clause: The combination of sleep-inducing moves with imperfect accuracy and Gravity or Gigantamax Orbeetle are banned\n|rule|Endless Battle Clause: Forcing endless battles is banned\n|rule|HP Percentage Mod: HP is shown in percentages\n|clearpoke\n|poke|p1|Walking Wake|\n|poke|p1|Maushold-Four|\n|poke|p1|Hippowdon, F|\n|poke|p1|Bronzong|\n|poke|p1|Ninetales, F|\n|poke|p1|Enamorus, F|\n|poke|p2|Regidrago|\n|poke|p2|Hoopa|\n|poke|p2|Torkoal, M|\n|poke|p2|Great Tusk|\n|poke|p2|Thundurus, M|\n|poke|p2|Enamorus-Therian, F|\n|teampreview\n|\n|t:|1698617990\n|start\n|switch|p1a: Taco Bell \ud83d\udd14 \ud83c\udf2e \ud83c\udf2f|Bronzong, shiny|100\/100\n|switch|p1b: MotoMotoLikesYou|Hippowdon, F|100\/100\n|switch|p2a: Thundurus|Thundurus, M, shiny|100\/100\n|switch|p2b: Hoopa|Hoopa|100\/100\n|turn|1\n|j| Redzone92\n|\n|t:|1698618021\n|move|p2b: Hoopa|Dark Pulse|p1a: Taco Bell \ud83d\udd14 \ud83c\udf2e \ud83c\udf2f\n|-supereffective|p1a: Taco Bell \ud83d\udd14 \ud83c\udf2e \ud83c\udf2f\n|-damage|p1a: Taco Bell \ud83d\udd14 \ud83c\udf2e \ud83c\udf2f|57\/100\n|move|p2a: Thundurus|Volt Switch|p1b: MotoMotoLikesYou\n|-immune|p1b: MotoMotoLikesYou\n|move|p1b: MotoMotoLikesYou|Curse|p1b: MotoMotoLikesYou\n|-unboost|p1b: MotoMotoLikesYou|spe|1\n|-boost|p1b: MotoMotoLikesYou|atk|1\n|-boost|p1b: MotoMotoLikesYou|def|1\n|move|p1a: Taco Bell \ud83d\udd14 \ud83c\udf2e \ud83c\udf2f|Light Screen|p1a: Taco Bell \ud83d\udd14 \ud83c\udf2e \ud83c\udf2f\n|-sidestart|p1: Kevin Dickey12|move: Light Screen\n|\n|upkeep\n|turn|2\n|\n|t:|1698618048\n|-terastallize|p2a: Thundurus|Ice\n|move|p2b: Hoopa|Dark Pulse|p1a: Taco Bell \ud83d\udd14 \ud83c\udf2e \ud83c\udf2f\n|-supereffective|p1a: Taco Bell \ud83d\udd14 \ud83c\udf2e \ud83c\udf2f\n|-damage|p1a: Taco Bell \ud83d\udd14 \ud83c\udf2e \ud83c\udf2f|26\/100\n|move|p2a: Thundurus|Thunderbolt|p1b: MotoMotoLikesYou\n|-immune|p1b: MotoMotoLikesYou\n|move|p1a: Taco Bell \ud83d\udd14 \ud83c\udf2e \ud83c\udf2f|Psychic|p2a: Thundurus\n|-damage|p2a: Thundurus|64\/100\n|move|p1b: MotoMotoLikesYou|Curse|p1b: MotoMotoLikesYou\n|-unboost|p1b: MotoMotoLikesYou|spe|1\n|-boost|p1b: MotoMotoLikesYou|atk|1\n|-boost|p1b: MotoMotoLikesYou|def|1\n|\n|upkeep\n|turn|3\n|\n|t:|1698618081\n|move|p2b: Hoopa|Dark Pulse|p1a: Taco Bell \ud83d\udd14 \ud83c\udf2e \ud83c\udf2f\n|-supereffective|p1a: Taco Bell \ud83d\udd14 \ud83c\udf2e \ud83c\udf2f\n|-damage|p1a: Taco Bell \ud83d\udd14 \ud83c\udf2e \ud83c\udf2f|0 fnt\n|faint|p1a: Taco Bell \ud83d\udd14 \ud83c\udf2e \ud83c\udf2f\n|move|p2a: Thundurus|Sludge Bomb|p1b: MotoMotoLikesYou\n|-resisted|p1b: MotoMotoLikesYou\n|-damage|p1b: MotoMotoLikesYou|92\/100\n|-enditem|p1b: MotoMotoLikesYou|Maranga Berry|[eat]\n|-boost|p1b: MotoMotoLikesYou|spd|1|[from] item: Maranga Berry\n|move|p1b: MotoMotoLikesYou|Rock Slide|p2b: Hoopa|[spread] p2a,p2b\n|-supereffective|p2a: Thundurus\n|-damage|p2a: Thundurus|0 fnt\n|-damage|p2b: Hoopa|53\/100\n|faint|p2a: Thundurus\n|\n|upkeep\n|\n|t:|1698618099\n|switch|p2a: Great Tusk|Great Tusk|100\/100\n|switch|p1a: CHEEEEESE \ud83e\uddc0\ud83e\uddc0\ud83e\uddc0|Maushold-Four, shiny|100\/100\n|turn|4\n|\n|t:|1698618139\n|switch|p2b: Torkoal|Torkoal, M, shiny|100\/100\n|-weather|SunnyDay|[from] ability: Drought|[of] p2b: Torkoal\n|-activate|p2a: Great Tusk|ability: Protosynthesis\n|-start|p2a: Great Tusk|protosynthesisatk\n|move|p1a: CHEEEEESE \ud83e\uddc0\ud83e\uddc0\ud83e\uddc0|Helping Hand|p1b: MotoMotoLikesYou\n|-singleturn|p1b: MotoMotoLikesYou|Helping Hand|[of] p1a: CHEEEEESE \ud83e\uddc0\ud83e\uddc0\ud83e\uddc0\n|move|p2a: Great Tusk|Close Combat|p1a: CHEEEEESE \ud83e\uddc0\ud83e\uddc0\ud83e\uddc0\n|-supereffective|p1a: CHEEEEESE \ud83e\uddc0\ud83e\uddc0\ud83e\uddc0\n|-damage|p1a: CHEEEEESE \ud83e\uddc0\ud83e\uddc0\ud83e\uddc0|0 fnt\n|-unboost|p2a: Great Tusk|def|1\n|-unboost|p2a: Great Tusk|spd|1\n|faint|p1a: CHEEEEESE \ud83e\uddc0\ud83e\uddc0\ud83e\uddc0\n|move|p1b: MotoMotoLikesYou|Earthquake|p2a: Great Tusk|[spread] p2a,p2b\n|-crit|p2a: Great Tusk\n|-supereffective|p2b: Torkoal\n|-damage|p2a: Great Tusk|0 fnt\n|-damage|p2b: Torkoal|0 fnt\n|faint|p2a: Great Tusk\n|-end|p2a: Great Tusk|Protosynthesis|[silent]\n|faint|p2b: Torkoal\n|\n|-weather|SunnyDay|[upkeep]\n|upkeep\n|\n|t:|1698618165\n|switch|p1a: Suicune Who?|Walking Wake|100\/100\n|switch|p2a: Hoopa|Hoopa|53\/100\n|switch|p2b: Enamorus|Enamorus-Therian, F|100\/100\n|-activate|p1a: Suicune Who?|ability: Protosynthesis\n|-start|p1a: Suicune Who?|protosynthesisspe\n|turn|5\n|\n|t:|1698618184\n|move|p1a: Suicune Who?|Hydro Steam|p2b: Enamorus\n|-damage|p2b: Enamorus|37\/100\n|move|p2a: Hoopa|Energy Ball|p1b: MotoMotoLikesYou\n|-supereffective|p1b: MotoMotoLikesYou\n|-damage|p1b: MotoMotoLikesYou|63\/100\n|move|p2b: Enamorus|Dazzling Gleam|p1b: MotoMotoLikesYou|[spread] p1a,p1b\n|-supereffective|p1a: Suicune Who?\n|-damage|p1a: Suicune Who?|63\/100\n|-damage|p1b: MotoMotoLikesYou|48\/100\n|move|p1b: MotoMotoLikesYou|Rock Slide|p2a: Hoopa|[spread] p2a,p2b\n|-supereffective|p2b: Enamorus\n|-damage|p2a: Hoopa|5\/100\n|-damage|p2b: Enamorus|0 fnt\n|faint|p2b: Enamorus\n|\n|-weather|SunnyDay|[upkeep]\n|upkeep\n|\n|t:|1698618198\n|switch|p2b: Regidrago|Regidrago, shiny|100\/100\n|turn|6\n|\n|t:|1698618206\n|-end|p1a: Suicune Who?|Protosynthesis|[silent]\n|switch|p1a: PinkGenieThing|Enamorus, F, shiny|100\/100\n|move|p2a: Hoopa|Energy Ball|p1b: MotoMotoLikesYou\n|-supereffective|p1b: MotoMotoLikesYou\n|-damage|p1b: MotoMotoLikesYou|21\/100\n|-unboost|p1b: MotoMotoLikesYou|spd|1\n|move|p2b: Regidrago|Dragon Energy|p1a: PinkGenieThing|[spread] p1b\n|-immune|p1a: PinkGenieThing\n|-damage|p1b: MotoMotoLikesYou|0 fnt\n|faint|p1b: MotoMotoLikesYou\n|\n|-weather|SunnyDay|[upkeep]\n|upkeep\n|\n|t:|1698618240\n|switch|p1b: Suicune Who?|Walking Wake|63\/100\n|-activate|p1b: Suicune Who?|ability: Protosynthesis\n|-start|p1b: Suicune Who?|protosynthesisspe\n|turn|7\n|\n|t:|1698618254\n|move|p2b: Regidrago|Protect|p2b: Regidrago\n|-singleturn|p2b: Regidrago|Protect\n|move|p1b: Suicune Who?|Dragon Pulse|p2b: Regidrago\n|-activate|p2b: Regidrago|move: Protect\n|move|p2a: Hoopa|Energy Ball|p1a: PinkGenieThing\n|-resisted|p1a: PinkGenieThing\n|-damage|p1a: PinkGenieThing|83\/100\n|move|p1a: PinkGenieThing|Dazzling Gleam|p2a: Hoopa|[spread] p2a\n|-activate|p2b: Regidrago|move: Protect\n|-damage|p2a: Hoopa|0 fnt\n|faint|p2a: Hoopa\n|\n|-weather|SunnyDay|[upkeep]\n|upkeep\n|turn|8\n|\n|t:|1698618276\n|move|p1b: Suicune Who?|Dragon Pulse|p2b: Regidrago\n|-supereffective|p2b: Regidrago\n|-damage|p2b: Regidrago|1\/100\n|move|p1a: PinkGenieThing|Dazzling Gleam|p2b: Regidrago\n|-supereffective|p2b: Regidrago\n|-damage|p2b: Regidrago|0 fnt\n|faint|p2b: Regidrago\n|\n|win|Kevin Dickey12\n|l|\u2606sadboigaming\n","uploadtime":1698618286,"views":32,"p1id":"kevindickey12","p2id":"sadboigaming","formatid":"gen9doublesou","rating":0,"private":0,"password":""}