{"id":"gen9doublesou-1971600958","p1":"Ravvenn98","p2":"w0xtt","format":"[Gen 9] Doubles OU","log":"|j|\u2606Ravvenn98\n|j|\u2606w0xtt\n|t:|1697752194\n|gametype|doubles\n|player|p1|Ravvenn98|steven|1200\n|player|p2|w0xtt|102|1313\n|teamsize|p1|6\n|teamsize|p2|6\n|gen|9\n|tier|[Gen 9] Doubles OU\n|rated|\n|rule|Species Clause: Limit one of each Pok\u00e9mon\n|rule|OHKO Clause: OHKO moves are banned\n|rule|Evasion Moves Clause: Evasion moves are banned\n|rule|Gravity Sleep Clause: The combination of sleep-inducing moves with imperfect accuracy and Gravity or Gigantamax Orbeetle are banned\n|rule|Endless Battle Clause: Forcing endless battles is banned\n|rule|HP Percentage Mod: HP is shown in percentages\n|clearpoke\n|poke|p1|Gholdengo|\n|poke|p1|Quagsire, F|\n|poke|p1|Dipplin, F|\n|poke|p1|Tornadus, M|\n|poke|p1|Chien-Pao|\n|poke|p1|Volcanion|\n|poke|p2|Ogerpon-Wellspring, F|\n|poke|p2|Sinistcha-Masterpiece|\n|poke|p2|Pelipper, F|\n|poke|p2|Iron Bundle|\n|poke|p2|Scizor, M|\n|poke|p2|Azumarill, F|\n|teampreview\n|\n|t:|1697752209\n|start\n|switch|p1a: Quagsire|Quagsire, F|100\/100\n|switch|p1b: Tornadus|Tornadus, M|100\/100\n|switch|p2a: Pelipper|Pelipper, F, shiny|100\/100\n|switch|p2b: Iron Bundle|Iron Bundle|100\/100\n|-weather|RainDance|[from] ability: Drizzle|[of] p2a: Pelipper\n|-enditem|p2b: Iron Bundle|Booster Energy\n|-activate|p2b: Iron Bundle|ability: Quark Drive|[fromitem]\n|-start|p2b: Iron Bundle|quarkdrivespe\n|turn|1\n|\n|t:|1697752228\n|-singleturn|p1a: Quagsire|move: Focus Punch\n|move|p1b: Tornadus|Swagger|p1a: Quagsire\n|-boost|p1a: Quagsire|atk|2\n|-start|p1a: Quagsire|confusion\n|-enditem|p1a: Quagsire|Lum Berry|[eat]\n|-end|p1a: Quagsire|confusion\n|move|p2b: Iron Bundle|Icy Wind|p1a: Quagsire|[spread] p1a,p1b\n|-supereffective|p1b: Tornadus\n|-damage|p1a: Quagsire|74\/100\n|-damage|p1b: Tornadus|62\/100\n|-unboost|p1a: Quagsire|spe|1\n|-unboost|p1b: Tornadus|spe|1\n|-enditem|p1b: Tornadus|Eject Button\n|\n|t:|1697752243\n|switch|p1b: Volcanion|Volcanion|100\/100\n|move|p2a: Pelipper|Tailwind|p2a: Pelipper\n|-sidestart|p2: w0xtt|move: Tailwind\n|cant|p1a: Quagsire|Focus Punch|Focus Punch\n|\n|-weather|RainDance|[upkeep]\n|upkeep\n|turn|2\n|\n|t:|1697752272\n|move|p2b: Iron Bundle|Freeze-Dry|p1a: Quagsire\n|-supereffective|p1a: Quagsire\n|-damage|p1a: Quagsire|0 fnt\n|faint|p1a: Quagsire\n|move|p2a: Pelipper|Hurricane|p1b: Volcanion\n|-damage|p1b: Volcanion|63\/100\n|move|p1b: Volcanion|Sludge Bomb|p2b: Iron Bundle\n|-crit|p2b: Iron Bundle\n|-damage|p2b: Iron Bundle|1\/100\n|\n|-weather|RainDance|[upkeep]\n|upkeep\n|\n|t:|1697752282\n|switch|p1a: Chien-Pao|Chien-Pao|100\/100\n|-ability|p1a: Chien-Pao|Sword of Ruin\n|turn|3\n|inactive|Battle timer is ON: inactive players will automatically lose when time's up. (requested by Ravvenn98)\n|\n|t:|1697752300\n|move|p1a: Chien-Pao|Sucker Punch|p2b: Iron Bundle\n|-damage|p2b: Iron Bundle|0 fnt\n|faint|p2b: Iron Bundle\n|-end|p2b: Iron Bundle|Quark Drive|[silent]\n|move|p2a: Pelipper|Hurricane|p1a: Chien-Pao\n|-damage|p1a: Chien-Pao|45\/100\n|-start|p1a: Chien-Pao|confusion\n|move|p1b: Volcanion|Sludge Bomb|p2a: Pelipper\n|-damage|p2a: Pelipper|53\/100\n|\n|-weather|RainDance|[upkeep]\n|upkeep\n|\n|t:|1697752313\n|switch|p2b: Scizor|Scizor, M|100\/100\n|turn|4\n|\n|t:|1697752322\n|move|p2b: Scizor|Protect|p2b: Scizor\n|-singleturn|p2b: Scizor|Protect\n|-activate|p1a: Chien-Pao|confusion\n|move|p1a: Chien-Pao|Crunch|p2a: Pelipper\n|-damage|p2a: Pelipper|14\/100\n|-unboost|p2a: Pelipper|def|1\n|move|p2a: Pelipper|Hurricane|p1b: Volcanion\n|-damage|p1b: Volcanion|26\/100\n|-start|p1b: Volcanion|confusion\n|-activate|p1b: Volcanion|confusion\n|move|p1b: Volcanion|Fire Blast|p2b: Scizor\n|-activate|p2b: Scizor|move: Protect\n|\n|-weather|RainDance|[upkeep]\n|-sideend|p2: w0xtt|move: Tailwind\n|upkeep\n|turn|5\n|\n|t:|1697752348\n|switch|p1a: Gholdengo|Gholdengo|100\/100\n|switch|p1b: Tornadus|Tornadus, M|62\/100\n|move|p2b: Scizor|Bullet Punch|p1a: Gholdengo\n|-resisted|p1a: Gholdengo\n|-damage|p1a: Gholdengo|76\/100\n|-damage|p2b: Scizor|91\/100|[from] item: Life Orb\n|move|p2a: Pelipper|Hurricane|p1b: Tornadus\n|-damage|p1b: Tornadus|22\/100\n|\n|-weather|RainDance|[upkeep]\n|-heal|p1a: Gholdengo|82\/100|[from] item: Leftovers\n|upkeep\n|turn|6\n|inactive|Ravvenn98 has 120 seconds left.\n|\n|t:|1697752394\n|move|p2b: Scizor|Bullet Punch|p1b: Tornadus\n|-damage|p1b: Tornadus|0 fnt\n|faint|p1b: Tornadus\n|-damage|p2b: Scizor|81\/100|[from] item: Life Orb\n|move|p1a: Gholdengo|Shadow Ball|p2b: Scizor\n|-damage|p2b: Scizor|28\/100\n|move|p2a: Pelipper|Tailwind|p2a: Pelipper\n|-sidestart|p2: w0xtt|move: Tailwind\n|\n|-weather|RainDance|[upkeep]\n|-heal|p1a: Gholdengo|88\/100|[from] item: Leftovers\n|upkeep\n|\n|t:|1697752404\n|switch|p1b: Chien-Pao|Chien-Pao|45\/100\n|-ability|p1b: Chien-Pao|Sword of Ruin\n|turn|7\n|inactive|Ravvenn98 has 120 seconds left.\n|\n|t:|1697752413\n|move|p1b: Chien-Pao|Sucker Punch|p2a: Pelipper\n|-damage|p2a: Pelipper|0 fnt\n|faint|p2a: Pelipper\n|move|p2b: Scizor|Bullet Punch|p1b: Chien-Pao\n|-supereffective|p1b: Chien-Pao\n|-damage|p1b: Chien-Pao|0 fnt\n|faint|p1b: Chien-Pao\n|-damage|p2b: Scizor|18\/100|[from] item: Life Orb\n|move|p1a: Gholdengo|Shadow Ball|p2b: Scizor\n|-damage|p2b: Scizor|0 fnt\n|faint|p2b: Scizor\n|\n|-weather|RainDance|[upkeep]\n|-heal|p1a: Gholdengo|94\/100|[from] item: Leftovers\n|upkeep\n|\n|t:|1697752432\n|switch|p1b: Dipplin|Dipplin, F|100\/100\n|switch|p2b: Azumarill|Azumarill, F, shiny|100\/100\n|switch|p2a: Ogerpon|Ogerpon-Wellspring, F|100\/100\n|-ability|p1b: Dipplin|Supersweet Syrup\n|-ability|p1b: Dipplin|Supersweet Syrup|boost\n|-unboost|p2a: Ogerpon|evasion|1\n|-unboost|p2b: Azumarill|evasion|1\n|turn|8\n|\n|t:|1697752454\n|-terastallize|p1b: Dipplin|Grass\n|move|p2a: Ogerpon|Spiky Shield|p2a: Ogerpon\n|-singleturn|p2a: Ogerpon|move: Protect\n|move|p1a: Gholdengo|Flash Cannon|p2b: Azumarill\n|-damage|p2b: Azumarill|60\/100\n|move|p2b: Azumarill|Play Rough|p1b: Dipplin\n|-damage|p1b: Dipplin|70\/100\n|move|p1b: Dipplin|Pollen Puff|p2a: Ogerpon\n|-activate|p2a: Ogerpon|move: Protect\n|\n|-weather|none\n|-heal|p1a: Gholdengo|99\/100|[from] item: Leftovers\n|upkeep\n|turn|9\n|\n|t:|1697752473\n|switch|p2a: Sinistcha|Sinistcha-Masterpiece, shiny|100\/100\n|-heal|p2b: Azumarill|85\/100|[from] ability: Hospitality|[of] p2a: Sinistcha\n|switch|p1a: Volcanion|Volcanion|26\/100\n|move|p2b: Azumarill|Belly Drum|p2b: Azumarill\n|-damage|p2b: Azumarill|35\/100\n|-setboost|p2b: Azumarill|atk|6|[from] move: Belly Drum\n|-enditem|p2b: Azumarill|Sitrus Berry|[eat]\n|-heal|p2b: Azumarill|60\/100|[from] item: Sitrus Berry\n|move|p1b: Dipplin|Giga Drain|p2b: Azumarill\n|-supereffective|p2b: Azumarill\n|-damage|p2b: Azumarill|0 fnt\n|-heal|p1b: Dipplin|100\/100|[from] drain|[of] p2b: Azumarill\n|faint|p2b: Azumarill\n|\n|-sideend|p2: w0xtt|move: Tailwind\n|upkeep\n|\n|t:|1697752489\n|switch|p2b: Ogerpon|Ogerpon-Wellspring, F|100\/100\n|turn|10\n|\n|t:|1697752500\n|-terastallize|p2b: Ogerpon|Water\n|detailschange|p2b: Ogerpon|Ogerpon-Wellspring-Tera, F, tera:Water\n|-ability|p2b: Ogerpon|Embody Aspect (Wellspring)|boost\n|-boost|p2b: Ogerpon|spd|1\n|move|p2b: Ogerpon|Ivy Cudgel|p1a: Volcanion\n|-heal|p1a: Volcanion|51\/100|[from] ability: Water Absorb|[of] p2b: Ogerpon\n|move|p2a: Sinistcha|Matcha Gotcha|p1a: Volcanion|[spread] p1a\n|-miss|p2a: Sinistcha|p1b: Dipplin\n|-damage|p1a: Volcanion|27\/100\n|move|p1a: Volcanion|Sludge Bomb|p2b: Ogerpon\n|-damage|p2b: Ogerpon|71\/100\n|-status|p2b: Ogerpon|psn\n|move|p1b: Dipplin|Pollen Puff|p1a: Volcanion\n|-heal|p1a: Volcanion|77\/100\n|\n|-damage|p2b: Ogerpon|59\/100 psn|[from] psn\n|upkeep\n|turn|11\n|\n|t:|1697752523\n|move|p2b: Ogerpon|Wood Hammer|p1a: Volcanion\n|-damage|p1a: Volcanion|21\/100\n|-enditem|p1a: Volcanion|Aguav Berry|[eat]\n|-heal|p1a: Volcanion|55\/100|[from] item: Aguav Berry\n|-damage|p2b: Ogerpon|37\/100 psn|[from] Recoil\n|move|p2a: Sinistcha|Matcha Gotcha|p1a: Volcanion|[spread] p1a,p1b\n|-resisted|p1b: Dipplin\n|-damage|p1a: Volcanion|27\/100\n|-damage|p1b: Dipplin|91\/100\n|move|p1a: Volcanion|Fire Blast|p2a: Sinistcha\n|-supereffective|p2a: Sinistcha\n|-damage|p2a: Sinistcha|0 fnt\n|faint|p2a: Sinistcha\n|move|p1b: Dipplin|Pollen Puff|p2b: Ogerpon\n|-damage|p2b: Ogerpon|15\/100 psn\n|\n|-damage|p2b: Ogerpon|3\/100 psn|[from] psn\n|upkeep\n|turn|12\n|\n|t:|1697752545\n|move|p1b: Dipplin|Protect|p1b: Dipplin\n|-singleturn|p1b: Dipplin|Protect\n|move|p2b: Ogerpon|Ivy Cudgel|p1b: Dipplin\n|-activate|p1b: Dipplin|move: Protect\n|move|p1a: Volcanion|Sludge Bomb|p2b: Ogerpon\n|-damage|p2b: Ogerpon|0 fnt\n|faint|p2b: Ogerpon\n|\n|win|Ravvenn98\n|raw|Ravvenn98's rating: 1200 &rarr; <strong>1233<\/strong><br \/>(+33 for winning)\n|raw|w0xtt's rating: 1313 &rarr; <strong>1287<\/strong><br \/>(-26 for losing)\n|c|\u2606Ravvenn98|gg\n","uploadtime":1697752562,"views":16,"p1id":"ravvenn98","p2id":"w0xtt","formatid":"gen9doublesou","rating":1233,"private":0,"password":""}