{"id":"gen9doublesou-1994713760","p1":"Kondroid","p2":"IceBlueCheenk","format":"[Gen 9] Doubles OU","log":"|j|\u2606Kondroid\n|j|\u2606IceBlueCheenk\n|t:|1700484684\n|gametype|doubles\n|player|p1|Kondroid|hilbert-wonderlauncher|1160\n|player|p2|IceBlueCheenk|benga|1180\n|teamsize|p1|6\n|teamsize|p2|6\n|gen|9\n|tier|[Gen 9] Doubles OU\n|rated|\n|rule|Species Clause: Limit one of each Pok\u00e9mon\n|rule|OHKO Clause: OHKO moves are banned\n|rule|Evasion Moves Clause: Evasion moves are banned\n|rule|Gravity Sleep Clause: The combination of sleep-inducing moves with imperfect accuracy and Gravity or Gigantamax Orbeetle are banned\n|rule|Endless Battle Clause: Forcing endless battles is banned\n|rule|HP Percentage Mod: HP is shown in percentages\n|clearpoke\n|poke|p1|Baxcalibur, M|\n|poke|p1|Ninetales-Alola, F|\n|poke|p1|Sinistcha|\n|poke|p1|Goodra-Hisui, M|\n|poke|p1|Zapdos|\n|poke|p1|Ogerpon-Hearthflame, F|\n|poke|p2|Flamigo, M|\n|poke|p2|Arcanine, F|\n|poke|p2|Maushold-Four|\n|poke|p2|Torkoal, M|\n|poke|p2|Kommo-o, F|\n|poke|p2|Gastrodon, F|\n|teampreview\n|inactive|Battle timer is ON: inactive players will automatically lose when time's up. (requested by Kondroid)\n|\n|t:|1700484707\n|start\n|switch|p1a: Ninetales|Ninetales-Alola, F|100\/100\n|switch|p1b: Baxcalibur|Baxcalibur, M|100\/100\n|switch|p2a: Maushold|Maushold-Four|100\/100\n|switch|p2b: Arcanine|Arcanine, F|100\/100\n|-weather|Snow|[from] ability: Snow Warning|[of] p1a: Ninetales\n|turn|1\n|\n|t:|1700484737\n|move|p2a: Maushold|Beat Up|p2b: Arcanine\n|-damage|p2b: Arcanine|98\/100\n|-ability|p2b: Arcanine|Justified|boost\n|-boost|p2b: Arcanine|atk|1\n|-damage|p2b: Arcanine|96\/100\n|-ability|p2b: Arcanine|Justified|boost\n|-boost|p2b: Arcanine|atk|1\n|-damage|p2b: Arcanine|93\/100\n|-ability|p2b: Arcanine|Justified|boost\n|-boost|p2b: Arcanine|atk|1\n|-damage|p2b: Arcanine|91\/100\n|-ability|p2b: Arcanine|Justified|boost\n|-boost|p2b: Arcanine|atk|1\n|-damage|p2b: Arcanine|88\/100\n|-ability|p2b: Arcanine|Justified|boost\n|-boost|p2b: Arcanine|atk|1\n|-damage|p2b: Arcanine|86\/100\n|-ability|p2b: Arcanine|Justified|boost\n|-boost|p2b: Arcanine|atk|1\n|-hitcount|p2b: Arcanine|6\n|move|p1a: Ninetales|Aurora Veil|p1a: Ninetales\n|-sidestart|p1: Kondroid|move: Aurora Veil\n|move|p2b: Arcanine|Flame Charge|p1a: Ninetales\n|-supereffective|p1a: Ninetales\n|-damage|p1a: Ninetales|0 fnt\n|-boost|p2b: Arcanine|spe|1\n|faint|p1a: Ninetales\n|move|p1b: Baxcalibur|Scale Shot|p2a: Maushold|[miss]\n|-miss|p1b: Baxcalibur|p2a: Maushold\n|\n|-weather|Snow|[upkeep]\n|upkeep\n|inactive|Kondroid has 120 seconds left.\n|\n|t:|1700484761\n|switch|p1a: Goodra|Goodra-Hisui, M|100\/100\n|turn|2\n|\n|t:|1700484784\n|move|p1b: Baxcalibur|Protect|p1b: Baxcalibur\n|-singleturn|p1b: Baxcalibur|Protect\n|move|p2b: Arcanine|Iron Head|p1b: Baxcalibur\n|-activate|p1b: Baxcalibur|move: Protect\n|move|p2a: Maushold|Thunder Wave|p1a: Goodra\n|-status|p1a: Goodra|par\n|cant|p1a: Goodra|par\n|\n|-weather|Snow|[upkeep]\n|upkeep\n|turn|3\n|\n|t:|1700484811\n|move|p2a: Maushold|Helping Hand|p2b: Arcanine\n|-singleturn|p2b: Arcanine|Helping Hand|[of] p2a: Maushold\n|move|p2b: Arcanine|Iron Head|p1b: Baxcalibur\n|-supereffective|p1b: Baxcalibur\n|-damage|p1b: Baxcalibur|0 fnt\n|faint|p1b: Baxcalibur\n|move|p1a: Goodra|Chilling Water|p2b: Arcanine\n|-supereffective|p2b: Arcanine\n|-damage|p2b: Arcanine|62\/100\n|-unboost|p2b: Arcanine|atk|1\n|\n|-weather|Snow|[upkeep]\n|upkeep\n|\n|t:|1700484830\n|switch|p1b: Zapdos|Zapdos|100\/100\n|turn|4\n|inactive|IceBlueCheenk has 120 seconds left.\n|\n|t:|1700484870\n|switch|p2a: Torkoal|Torkoal, M|100\/100\n|-weather|SunnyDay|[from] ability: Drought|[of] p2a: Torkoal\n|move|p2b: Arcanine|Flame Charge|p1b: Zapdos\n|-damage|p1b: Zapdos|5\/100\n|-boost|p2b: Arcanine|spe|1\n|-damage|p2b: Arcanine|46\/100|[from] item: Rocky Helmet|[of] p1b: Zapdos\n|move|p1b: Zapdos|Thunderbolt|p2b: Arcanine\n|-crit|p2b: Arcanine\n|-damage|p2b: Arcanine|0 fnt\n|faint|p2b: Arcanine\n|cant|p1a: Goodra|par\n|\n|-weather|SunnyDay|[upkeep]\n|upkeep\n|\n|t:|1700484886\n|switch|p2b: Maushold|Maushold-Four|100\/100\n|turn|5\n|inactive|IceBlueCheenk has 120 seconds left.\n|\n|t:|1700484899\n|switch|p2b: Gastrodon|Gastrodon, F|100\/100\n|move|p1b: Zapdos|Tailwind|p1b: Zapdos\n|-sidestart|p1: Kondroid|move: Tailwind\n|move|p1a: Goodra|Chilling Water|p2b: Gastrodon\n|-activate|p2b: Gastrodon|ability: Storm Drain\n|-ability|p2b: Gastrodon|Storm Drain|boost\n|-boost|p2b: Gastrodon|spa|1\n|move|p2a: Torkoal|Stealth Rock|p1a: Goodra\n|-sidestart|p1: Kondroid|move: Stealth Rock\n|\n|-weather|SunnyDay|[upkeep]\n|-sideend|p1: Kondroid|move: Aurora Veil\n|upkeep\n|turn|6\n|\n|t:|1700484920\n|switch|p1a: Sinistcha|Sinistcha|100\/100\n|-damage|p1a: Sinistcha|88\/100|[from] Stealth Rock\n|-heal|p1b: Zapdos|30\/100|[from] ability: Hospitality|[of] p1a: Sinistcha\n|move|p1b: Zapdos|Hurricane|p2b: Gastrodon\n|-damage|p2b: Gastrodon|49\/100\n|move|p2b: Gastrodon|Ice Beam|p1b: Zapdos\n|-supereffective|p1b: Zapdos\n|-damage|p1b: Zapdos|0 fnt\n|faint|p1b: Zapdos\n|move|p2a: Torkoal|Rapid Spin|p1a: Sinistcha\n|-immune|p1a: Sinistcha\n|\n|-weather|SunnyDay|[upkeep]\n|-heal|p1a: Sinistcha|94\/100|[from] item: Leftovers\n|-heal|p2b: Gastrodon|55\/100|[from] item: Leftovers\n|upkeep\n|\n|t:|1700484934\n|switch|p1b: Ogerpon|Ogerpon-Hearthflame, F|100\/100\n|-damage|p1b: Ogerpon|76\/100|[from] Stealth Rock\n|-ability|p1b: Ogerpon|Mold Breaker\n|turn|7\n|inactive|IceBlueCheenk has 120 seconds left.\n|\n|t:|1700484976\n|-terastallize|p1b: Ogerpon|Fire\n|detailschange|p1b: Ogerpon|Ogerpon-Hearthflame-Tera, F, tera:Fire\n|-ability|p1b: Ogerpon|Embody Aspect (Hearthflame)|boost\n|-boost|p1b: Ogerpon|atk|1\n|move|p1a: Sinistcha|Rage Powder|p1a: Sinistcha\n|-singleturn|p1a: Sinistcha|move: Rage Powder\n|move|p1b: Ogerpon|Ivy Cudgel|p2b: Gastrodon|[anim] Ivy Cudgel Fire\n|-resisted|p2b: Gastrodon\n|-crit|p2b: Gastrodon\n|-damage|p2b: Gastrodon|0 fnt\n|faint|p2b: Gastrodon\n|move|p2a: Torkoal|Rapid Spin|p1a: Sinistcha\n|-immune|p1a: Sinistcha\n|\n|-weather|SunnyDay|[upkeep]\n|-heal|p1a: Sinistcha|99\/100|[from] item: Leftovers\n|upkeep\n|inactive|IceBlueCheenk has 90 seconds left.\n|\n|t:|1700485003\n|switch|p2b: Maushold|Maushold-Four|100\/100\n|turn|8\n|\n|t:|1700485016\n|move|p1b: Ogerpon|Ivy Cudgel|p2b: Maushold|[anim] Ivy Cudgel Fire\n|-damage|p2b: Maushold|0 fnt\n|faint|p2b: Maushold\n|move|p1a: Sinistcha|Matcha Gotcha|p2a: Torkoal\n|-resisted|p2a: Torkoal\n|-damage|p2a: Torkoal|73\/100\n|-heal|p1a: Sinistcha|100\/100|[from] drain|[of] p2a: Torkoal\n|move|p2a: Torkoal|Yawn|p1b: Ogerpon\n|-start|p1b: Ogerpon|move: Yawn|[of] p2a: Torkoal\n|\n|-weather|SunnyDay|[upkeep]\n|-sideend|p1: Kondroid|move: Tailwind\n|upkeep\n|\n|t:|1700485028\n|switch|p2b: Kommo-o|Kommo-o, F|100\/100\n|turn|9\n|inactive|IceBlueCheenk has 120 seconds left.\n|\n|t:|1700485049\n|switch|p1b: Goodra|Goodra-Hisui, M|100\/100 par\n|-damage|p1b: Goodra|94\/100 par|[from] Stealth Rock\n|move|p2b: Kommo-o|Clangorous Soul|p2b: Kommo-o\n|-boost|p2b: Kommo-o|atk|1\n|-boost|p2b: Kommo-o|def|1\n|-boost|p2b: Kommo-o|spa|1\n|-boost|p2b: Kommo-o|spd|1\n|-boost|p2b: Kommo-o|spe|1\n|-damage|p2b: Kommo-o|68\/100\n|move|p1a: Sinistcha|Matcha Gotcha|p2b: Kommo-o|[spread] p2a,p2b\n|-resisted|p2a: Torkoal\n|-resisted|p2b: Kommo-o\n|-damage|p2a: Torkoal|52\/100\n|-damage|p2b: Kommo-o|55\/100\n|move|p2a: Torkoal|Rapid Spin|p1b: Goodra\n|-resisted|p1b: Goodra\n|-damage|p1b: Goodra|90\/100 par\n|-boost|p2a: Torkoal|spe|1\n|\n|-weather|SunnyDay|[upkeep]\n|-heal|p2b: Kommo-o|61\/100|[from] item: Leftovers\n|upkeep\n|turn|10\n|inactive|IceBlueCheenk has 120 seconds left.\n|inactive|Kondroid has 120 seconds left.\n|\n|t:|1700485081\n|move|p2b: Kommo-o|Drain Punch|p1b: Goodra\n|-supereffective|p1b: Goodra\n|-damage|p1b: Goodra|0 fnt\n|-heal|p2b: Kommo-o|100\/100|[from] drain|[of] p1b: Goodra\n|faint|p1b: Goodra\n|move|p1a: Sinistcha|Matcha Gotcha|p2b: Kommo-o|[spread] p2a,p2b\n|-resisted|p2a: Torkoal\n|-resisted|p2b: Kommo-o\n|-damage|p2a: Torkoal|31\/100\n|-damage|p2b: Kommo-o|89\/100\n|move|p2a: Torkoal|Rapid Spin|p1a: Sinistcha\n|-immune|p1a: Sinistcha\n|\n|-weather|SunnyDay|[upkeep]\n|-heal|p2b: Kommo-o|95\/100|[from] item: Leftovers\n|upkeep\n|\n|t:|1700485085\n|switch|p1b: Ogerpon|Ogerpon-Hearthflame-Tera, F, tera:Fire|76\/100\n|-damage|p1b: Ogerpon|51\/100|[from] Stealth Rock\n|-ability|p1b: Ogerpon|Embody Aspect (Hearthflame)|boost\n|-boost|p1b: Ogerpon|atk|1\n|turn|11\n|inactive|IceBlueCheenk has 120 seconds left.\n|\n|t:|1700485116\n|move|p1a: Sinistcha|Rage Powder|p1a: Sinistcha\n|-singleturn|p1a: Sinistcha|move: Rage Powder\n|move|p1b: Ogerpon|Ivy Cudgel|p2b: Kommo-o|[anim] Ivy Cudgel Fire\n|-resisted|p2b: Kommo-o\n|-crit|p2b: Kommo-o\n|-damage|p2b: Kommo-o|0 fnt\n|faint|p2b: Kommo-o\n|move|p2a: Torkoal|Rapid Spin|p1a: Sinistcha\n|-immune|p1a: Sinistcha\n|\n|-weather|none\n|upkeep\n|\n|t:|1700485124\n|switch|p2b: Flamigo|Flamigo, M|100\/100\n|-copyboost|p2b: Flamigo|p2a: Torkoal|[from] ability: Costar\n|turn|12\n|inactive|IceBlueCheenk has 120 seconds left.\n|\n|t:|1700485149\n|move|p1b: Ogerpon|Spiky Shield|p1b: Ogerpon\n|-singleturn|p1b: Ogerpon|move: Protect\n|move|p2b: Flamigo|Throat Chop|p1a: Sinistcha\n|-supereffective|p1a: Sinistcha\n|-damage|p1a: Sinistcha|53\/100\n|-start|p1a: Sinistcha|Throat Chop|[silent]\n|move|p1a: Sinistcha|Matcha Gotcha|p2a: Torkoal|[spread] p2a\n|-miss|p1a: Sinistcha|p2b: Flamigo\n|-resisted|p2a: Torkoal\n|-damage|p2a: Torkoal|8\/100\n|-heal|p1a: Sinistcha|65\/100|[from] drain|[of] p2a: Torkoal\n|move|p2a: Torkoal|Rapid Spin|p1b: Ogerpon\n|-activate|p1b: Ogerpon|move: Protect\n|-damage|p2a: Torkoal|0 fnt|[from] Spiky Shield|[of] p1b: Ogerpon\n|faint|p2a: Torkoal\n|\n|-heal|p1a: Sinistcha|71\/100|[from] item: Leftovers\n|upkeep\n|turn|13\n|inactive|IceBlueCheenk has 120 seconds left.\n|inactive|IceBlueCheenk has 90 seconds left.\n|\n|t:|1700485197\n|move|p1a: Sinistcha|Rage Powder|p1a: Sinistcha\n|-singleturn|p1a: Sinistcha|move: Rage Powder\n|move|p2b: Flamigo|Acrobatics|p1a: Sinistcha\n|-supereffective|p1a: Sinistcha\n|-damage|p1a: Sinistcha|25\/100\n|move|p1b: Ogerpon|Ivy Cudgel|p2b: Flamigo|[anim] Ivy Cudgel Fire\n|-damage|p2b: Flamigo|0 fnt\n|faint|p2b: Flamigo\n|\n|win|Kondroid\n|raw|Kondroid's rating: 1160 &rarr; <strong>1186<\/strong><br \/>(+26 for winning)\n|raw|IceBlueCheenk's rating: 1180 &rarr; <strong>1154<\/strong><br \/>(-26 for losing)\n|c|\u2606IceBlueCheenk|gg\n|l|\u2606IceBlueCheenk\n","uploadtime":1700485219,"views":11,"p1id":"kondroid","p2id":"icebluecheenk","formatid":"gen9doublesou","rating":1154,"private":0,"password":""}