{"id":"gen9doublesou-1999628600","p1":"mikeyuwu","p2":"rodimonabc1","format":"[Gen 9] Doubles OU","log":"|j|\u2606mikeyuwu\n|j|\u2606rodimonabc1\n|t:|1701102627\n|gametype|doubles\n|player|p1|mikeyuwu|psychic-gen4|1243\n|player|p2|rodimonabc1|266|1146\n|teamsize|p1|6\n|teamsize|p2|6\n|gen|9\n|tier|[Gen 9] Doubles OU\n|rated|\n|rule|Species Clause: Limit one of each Pok\u00e9mon\n|rule|OHKO Clause: OHKO moves are banned\n|rule|Evasion Moves Clause: Evasion moves are banned\n|rule|Gravity Sleep Clause: The combination of sleep-inducing moves with imperfect accuracy and Gravity or Gigantamax Orbeetle are banned\n|rule|Endless Battle Clause: Forcing endless battles is banned\n|rule|HP Percentage Mod: HP is shown in percentages\n|clearpoke\n|poke|p1|Garchomp, M|\n|poke|p1|Tyranitar, F|\n|poke|p1|Vaporeon, F|\n|poke|p1|Toxicroak, M|\n|poke|p1|Pelipper, F|\n|poke|p1|Abomasnow, M|\n|poke|p2|Mightyena, M|\n|poke|p2|Tornadus, M|\n|poke|p2|Chien-Pao|\n|poke|p2|Kingambit, F|\n|poke|p2|Tyranitar, F|\n|poke|p2|Garchomp, M|\n|teampreview\n|\n|t:|1701102645\n|start\n|switch|p1a: OTLHPM|Toxicroak, M|100\/100\n|switch|p1b: Harmacy|Vaporeon, F|100\/100\n|switch|p2a: Mightyena|Mightyena, M|100\/100\n|switch|p2b: Garchomp|Garchomp, M|100\/100\n|-ability|p2a: Mightyena|Intimidate|boost\n|-unboost|p1a: OTLHPM|atk|1\n|-unboost|p1b: Harmacy|atk|1\n|turn|1\n|inactive|Battle timer is ON: inactive players will automatically lose when time's up. (requested by mikeyuwu)\n|c|\u2606mikeyuwu|All good?\n|inactive|rodimonabc1 has 120 seconds left.\n|c|\u2606mikeyuwu|You picked leads and then afk'd?\n|\n|t:|1701102752\n|switch|p1a: Cold Shoulder|Abomasnow, M, shiny|100\/100\n|-weather|Snow|[from] ability: Snow Warning|[of] p1a: Cold Shoulder\n|move|p2b: Garchomp|Scale Shot|p1a: Cold Shoulder\n|-damage|p1a: Cold Shoulder|93\/100\n|-damage|p1a: Cold Shoulder|85\/100\n|-hitcount|p1a: Cold Shoulder|2\n|-unboost|p2b: Garchomp|def|1\n|-boost|p2b: Garchomp|spe|1\n|move|p1b: Harmacy|Icy Wind|p2b: Garchomp|[spread] p2a,p2b\n|-supereffective|p2b: Garchomp\n|-damage|p2a: Mightyena|85\/100\n|-damage|p2b: Garchomp|49\/100\n|-unboost|p2a: Mightyena|spe|1\n|-unboost|p2b: Garchomp|spe|1\n|-enditem|p2b: Garchomp|Sitrus Berry|[eat]\n|-heal|p2b: Garchomp|74\/100|[from] item: Sitrus Berry\n|move|p2a: Mightyena|Howl|p2a: Mightyena|[spread] p2a,p2b\n|-boost|p2a: Mightyena|atk|1\n|-boost|p2b: Garchomp|atk|1\n|\n|-weather|Snow|[upkeep]\n|upkeep\n|turn|2\n|\n|t:|1701102767\n|move|p2a: Mightyena|Helping Hand|p2b: Garchomp\n|-singleturn|p2b: Garchomp|Helping Hand|[of] p2a: Mightyena\n|move|p2b: Garchomp|Iron Head|p1a: Cold Shoulder\n|-supereffective|p1a: Cold Shoulder\n|-damage|p1a: Cold Shoulder|14\/100\n|move|p1a: Cold Shoulder|Blizzard|p2b: Garchomp|[spread] p2a,p2b\n|-supereffective|p2b: Garchomp\n|-damage|p2a: Mightyena|38\/100\n|-damage|p2b: Garchomp|0 fnt\n|faint|p2b: Garchomp\n|move|p1b: Harmacy|Copycat|p1b: Harmacy\n|move|p1b: Harmacy|Blizzard|p2a: Mightyena|[from]move: Copycat\n|-damage|p2a: Mightyena|0 fnt\n|faint|p2a: Mightyena\n|\n|-weather|Snow|[upkeep]\n|upkeep\n|\n|t:|1701102776\n|switch|p2b: Tornadus|Tornadus, M|100\/100\n|switch|p2a: Tyranitar|Tyranitar, F|100\/100\n|-weather|Sandstorm|[from] ability: Sand Stream|[of] p2a: Tyranitar\n|turn|3\n|\n|t:|1701102782\n|switch|p1a: Weather War|Pelipper, F|100\/100\n|-weather|RainDance|[from] ability: Drizzle|[of] p1a: Weather War\n|move|p2b: Tornadus|Tailwind|p2b: Tornadus\n|-sidestart|p2: rodimonabc1|move: Tailwind\n|move|p2a: Tyranitar|Iron Head|p1a: Weather War\n|-resisted|p1a: Weather War\n|-damage|p1a: Weather War|91\/100\n|move|p1b: Harmacy|Weather Ball|p2a: Tyranitar\n|-supereffective|p2a: Tyranitar\n|-damage|p2a: Tyranitar|57\/100\n|\n|-weather|RainDance|[upkeep]\n|upkeep\n|turn|4\n|\n|t:|1701102802\n|switch|p1a: Extra Spicy|Garchomp, M|100\/100\n|move|p2b: Tornadus|Fling|p1a: Extra Spicy\n|-damage|p1a: Extra Spicy|72\/100\n|-enditem|p2b: Tornadus|Iron Ball|[from] move: Fling\n|move|p2a: Tyranitar|Stone Edge|p1a: Extra Spicy\n|-resisted|p1a: Extra Spicy\n|-damage|p1a: Extra Spicy|60\/100\n|move|p1b: Harmacy|Weather Ball|p2a: Tyranitar\n|-supereffective|p2a: Tyranitar\n|-damage|p2a: Tyranitar|14\/100\n|\n|-weather|RainDance|[upkeep]\n|upkeep\n|turn|5\n|\n|t:|1701102816\n|move|p2b: Tornadus|Acrobatics|p1a: Extra Spicy\n|-damage|p1a: Extra Spicy|26\/100\n|-damage|p2b: Tornadus|88\/100|[from] ability: Rough Skin|[of] p1a: Extra Spicy\n|-damage|p2b: Tornadus|72\/100|[from] item: Rocky Helmet|[of] p1a: Extra Spicy\n|move|p2a: Tyranitar|Crunch|p1b: Harmacy\n|-damage|p1b: Harmacy|76\/100\n|-unboost|p1b: Harmacy|def|1\n|move|p1a: Extra Spicy|Poison Jab|p2a: Tyranitar\n|-resisted|p2a: Tyranitar\n|-damage|p2a: Tyranitar|5\/100\n|move|p1b: Harmacy|Weather Ball|p2b: Tornadus\n|-damage|p2b: Tornadus|0 fnt\n|faint|p2b: Tornadus\n|\n|-weather|RainDance|[upkeep]\n|-heal|p1b: Harmacy|82\/100|[from] item: Leftovers\n|upkeep\n|\n|t:|1701102829\n|switch|p2b: Chien-Pao|Chien-Pao|100\/100\n|-ability|p2b: Chien-Pao|Sword of Ruin\n|turn|6\n|\n|t:|1701102837\n|switch|p1a: Weather War|Pelipper, F|91\/100\n|move|p2b: Chien-Pao|Ice Spinner|p1a: Weather War\n|-damage|p1a: Weather War|52\/100\n|move|p2a: Tyranitar|Stone Edge|p1b: Harmacy\n|-damage|p1b: Harmacy|12\/100\n|move|p1b: Harmacy|Wish|p1b: Harmacy\n|\n|-weather|RainDance|[upkeep]\n|-heal|p1b: Harmacy|18\/100|[from] item: Leftovers\n|-sideend|p2: rodimonabc1|move: Tailwind\n|upkeep\n|turn|7\n|\n|t:|1701102855\n|switch|p1b: OTLHPM|Toxicroak, M|100\/100\n|move|p2b: Chien-Pao|Ice Spinner|p1a: Weather War\n|-damage|p1a: Weather War|9\/100\n|move|p1a: Weather War|Chilling Water|p2b: Chien-Pao\n|-damage|p2b: Chien-Pao|75\/100\n|-unboost|p2b: Chien-Pao|atk|1\n|move|p2a: Tyranitar|Crunch|p1a: Weather War\n|-damage|p1a: Weather War|0 fnt\n|faint|p1a: Weather War\n|\n|-weather|none\n|upkeep\n|\n|t:|1701102869\n|switch|p1a: Extra Spicy|Garchomp, M|26\/100\n|turn|8\n|\n|t:|1701102880\n|move|p2b: Chien-Pao|Ice Spinner|p1b: OTLHPM\n|-damage|p1b: OTLHPM|48\/100\n|move|p1a: Extra Spicy|Brick Break|p2b: Chien-Pao\n|-supereffective|p2b: Chien-Pao\n|-damage|p2b: Chien-Pao|0 fnt\n|faint|p2b: Chien-Pao\n|move|p1b: OTLHPM|Earthquake|p2a: Tyranitar|[spread] p1a,p2a\n|-supereffective|p2a: Tyranitar\n|-damage|p1a: Extra Spicy|12\/100\n|-damage|p2a: Tyranitar|0 fnt\n|faint|p2a: Tyranitar\n|\n|-heal|p1b: OTLHPM|54\/100|[from] item: Black Sludge\n|upkeep\n|\n|t:|1701102888\n|switch|p2b: Kingambit|Kingambit, F|100\/100\n|-activate|p2b: Kingambit|ability: Supreme Overlord\n|-start|p2b: Kingambit|fallen5|[silent]\n|turn|9\n|-message|rodimonabc1 forfeited.\n|\n|win|mikeyuwu\n|raw|mikeyuwu's rating: 1243 &rarr; <strong>1261<\/strong><br \/>(+18 for winning)\n|raw|rodimonabc1's rating: 1146 &rarr; <strong>1128<\/strong><br \/>(-18 for losing)\n|l|\u2606rodimonabc1\n","uploadtime":1701102921,"views":8,"p1id":"mikeyuwu","p2id":"rodimonabc1","formatid":"gen9doublesou","rating":1128,"private":0,"password":""}