{"id":"gen9doublesou-1971921940","p1":"djsxhnsksksjdjjdh","p2":"Jaiper_Showdown","format":"[Gen 9] Doubles OU","log":"|j|\u2606djsxhnsksksjdjjdh\n|j|\u2606Jaiper_Showdown\n|t:|1697792530\n|gametype|doubles\n|player|p1|djsxhnsksksjdjjdh|265|1391\n|player|p2|Jaiper_Showdown|nate|1679\n|teamsize|p1|6\n|teamsize|p2|6\n|gen|9\n|tier|[Gen 9] Doubles OU\n|rated|\n|rule|Species Clause: Limit one of each Pok\u00e9mon\n|rule|OHKO Clause: OHKO moves are banned\n|rule|Evasion Moves Clause: Evasion moves are banned\n|rule|Gravity Sleep Clause: The combination of sleep-inducing moves with imperfect accuracy and Gravity or Gigantamax Orbeetle are banned\n|rule|Endless Battle Clause: Forcing endless battles is banned\n|rule|HP Percentage Mod: HP is shown in percentages\n|clearpoke\n|poke|p1|Pincurchin, F|\n|poke|p1|Iron Valiant|\n|poke|p1|Diancie|\n|poke|p1|Tyranitar, M|\n|poke|p1|Ursaluna-Bloodmoon, M|\n|poke|p1|Chien-Pao|\n|poke|p2|Glastrier|\n|poke|p2|Gallade, M|\n|poke|p2|Ting-Lu|\n|poke|p2|Ninetales-Alola, M|\n|poke|p2|Ogerpon-Hearthflame, F|\n|poke|p2|Salamence, M|\n|teampreview\n|inactive|Battle timer is ON: inactive players will automatically lose when time's up. (requested by djsxhnsksksjdjjdh)\n|\n|t:|1697792550\n|start\n|switch|p1a: Pincurchin|Pincurchin, F|100\/100\n|switch|p1b: Iron Valiant|Iron Valiant|100\/100\n|switch|p2a: Gallade|Gallade, M|100\/100\n|switch|p2b: Ninetales|Ninetales-Alola, M|100\/100\n|-weather|Snow|[from] ability: Snow Warning|[of] p2b: Ninetales\n|-fieldstart|move: Electric Terrain|[from] ability: Electric Surge|[of] p1a: Pincurchin\n|-activate|p1b: Iron Valiant|ability: Quark Drive\n|-start|p1b: Iron Valiant|quarkdrivespa\n|turn|1\n|inactive|Jaiper_Showdown has 120 seconds left.\n|\n|t:|1697792590\n|-end|p1b: Iron Valiant|Quark Drive|[silent]\n|switch|p1b: Tyranitar|Tyranitar, M|100\/100\n|-weather|Sandstorm|[from] ability: Sand Stream|[of] p1b: Tyranitar\n|switch|p2b: Ogerpon|Ogerpon-Hearthflame, F|100\/100\n|-ability|p2b: Ogerpon|Mold Breaker\n|move|p2a: Gallade|Psycho Cut|p1b: Tyranitar\n|-immune|p1b: Tyranitar\n|move|p1a: Pincurchin|Toxic Spikes|p2b: Ogerpon\n|-sidestart|p2: Jaiper_Showdown|move: Toxic Spikes\n|\n|-weather|Sandstorm|[upkeep]\n|-damage|p2b: Ogerpon|95\/100|[from] Sandstorm\n|-damage|p2a: Gallade|94\/100|[from] Sandstorm\n|-damage|p1a: Pincurchin|94\/100|[from] Sandstorm\n|upkeep\n|turn|2\n|\n|t:|1697792618\n|move|p2b: Ogerpon|Spiky Shield|p2b: Ogerpon\n|-singleturn|p2b: Ogerpon|move: Protect\n|move|p2a: Gallade|Sacred Sword|p1b: Tyranitar\n|-supereffective|p1b: Tyranitar\n|-damage|p1b: Tyranitar|0 fnt\n|faint|p1b: Tyranitar\n|move|p1a: Pincurchin|Toxic Spikes|p2b: Ogerpon\n|-sidestart|p2: Jaiper_Showdown|move: Toxic Spikes\n|\n|-weather|Sandstorm|[upkeep]\n|-damage|p2b: Ogerpon|89\/100|[from] Sandstorm\n|-damage|p2a: Gallade|88\/100|[from] Sandstorm\n|-damage|p1a: Pincurchin|88\/100|[from] Sandstorm\n|upkeep\n|\n|t:|1697792626\n|switch|p1b: Chien-Pao|Chien-Pao|100\/100\n|-ability|p1b: Chien-Pao|Sword of Ruin\n|turn|3\n|\n|t:|1697792651\n|switch|p2a: Salamence|Salamence, M, shiny|100\/100\n|-ability|p2a: Salamence|Intimidate|boost\n|-unboost|p1a: Pincurchin|atk|1\n|-unboost|p1b: Chien-Pao|atk|1\n|switch|p1a: Diancie|Diancie|100\/100\n|-terastallize|p1b: Chien-Pao|Dark\n|move|p1b: Chien-Pao|Sucker Punch|p2b: Ogerpon\n|-damage|p2b: Ogerpon|5\/100\n|move|p2b: Ogerpon|Ivy Cudgel|p1b: Chien-Pao\n|-damage|p1b: Chien-Pao|20\/100\n|\n|-weather|Sandstorm|[upkeep]\n|-damage|p1b: Chien-Pao|14\/100|[from] Sandstorm\n|-damage|p2b: Ogerpon|0 fnt|[from] Sandstorm\n|faint|p2b: Ogerpon\n|upkeep\n|\n|t:|1697792674\n|switch|p2b: Ninetales|Ninetales-Alola, M|100\/100\n|-status|p2b: Ninetales|tox\n|-weather|Snow|[from] ability: Snow Warning|[of] p2b: Ninetales\n|turn|4\n|\n|t:|1697792688\n|switch|p1b: Ursaluna|Ursaluna-Bloodmoon, M|100\/100\n|-terastallize|p2a: Salamence|Steel\n|move|p2b: Ninetales|Aurora Veil|p2b: Ninetales\n|-sidestart|p2: Jaiper_Showdown|move: Aurora Veil\n|move|p2a: Salamence|Tera Blast|p1a: Diancie|[anim] Tera Blast Steel\n|-supereffective|p1a: Diancie\n|-damage|p1a: Diancie|0 fnt\n|faint|p1a: Diancie\n|\n|-weather|Snow|[upkeep]\n|-damage|p2b: Ninetales|94\/100 tox|[from] psn\n|upkeep\n|\n|t:|1697792710\n|switch|p1a: Chien-Pao|Chien-Pao, tera:Dark|14\/100\n|-ability|p1a: Chien-Pao|Sword of Ruin\n|turn|5\n|\n|t:|1697792728\n|move|p1a: Chien-Pao|Sucker Punch|p2a: Salamence\n|-damage|p2a: Salamence|21\/100\n|move|p2b: Ninetales|Moonblast|p1a: Chien-Pao\n|-supereffective|p1a: Chien-Pao\n|-damage|p1a: Chien-Pao|0 fnt\n|faint|p1a: Chien-Pao\n|move|p2a: Salamence|Draco Meteor|p1b: Ursaluna\n|-damage|p1b: Ursaluna|39\/100\n|-unboost|p2a: Salamence|spa|2\n|move|p1b: Ursaluna|Hyper Voice|p2b: Ninetales|[spread] p2a,p2b\n|-resisted|p2a: Salamence\n|-damage|p2a: Salamence|5\/100\n|-damage|p2b: Ninetales|66\/100 tox\n|-enditem|p1b: Ursaluna|Throat Spray\n|-boost|p1b: Ursaluna|spa|1|[from] item: Throat Spray\n|\n|-weather|Snow|[upkeep]\n|-damage|p2b: Ninetales|54\/100 tox|[from] psn\n|-fieldend|move: Electric Terrain\n|upkeep\n|\n|t:|1697792737\n|switch|p1a: Pincurchin|Pincurchin, F|88\/100\n|-fieldstart|move: Electric Terrain|[from] ability: Electric Surge|[of] p1a: Pincurchin\n|turn|6\n|\n|t:|1697792751\n|move|p1b: Ursaluna|Protect|p1b: Ursaluna\n|-singleturn|p1b: Ursaluna|Protect\n|move|p2b: Ninetales|Freeze-Dry|p1b: Ursaluna\n|-activate|p1b: Ursaluna|move: Protect\n|move|p2a: Salamence|Draco Meteor|p1b: Ursaluna\n|-activate|p1b: Ursaluna|move: Protect\n|move|p1a: Pincurchin|Scald|p2b: Ninetales\n|-damage|p2b: Ninetales|32\/100 tox\n|\n|-weather|Snow|[upkeep]\n|-damage|p2b: Ninetales|14\/100 tox|[from] psn\n|upkeep\n|turn|7\n|inactive|djsxhnsksksjdjjdh has 120 seconds left.\n|\n|t:|1697792786\n|move|p1b: Ursaluna|Protect|p1b: Ursaluna\n|-singleturn|p1b: Ursaluna|Protect\n|move|p2b: Ninetales|Freeze-Dry|p1b: Ursaluna\n|-activate|p1b: Ursaluna|move: Protect\n|move|p2a: Salamence|Tailwind|p2a: Salamence\n|-sidestart|p2: Jaiper_Showdown|move: Tailwind\n|move|p1a: Pincurchin|Scald|p2b: Ninetales\n|-damage|p2b: Ninetales|0 fnt\n|faint|p2b: Ninetales\n|\n|-weather|Snow|[upkeep]\n|upkeep\n|\n|t:|1697792792\n|switch|p2b: Glastrier|Glastrier|100\/100\n|-status|p2b: Glastrier|tox\n|turn|8\n|\n|t:|1697792805\n|switch|p2a: Ting-Lu|Ting-Lu|100\/100\n|-status|p2a: Ting-Lu|tox\n|-ability|p2a: Ting-Lu|Vessel of Ruin\n|move|p1b: Ursaluna|Vacuum Wave|p2a: Ting-Lu\n|-supereffective|p2a: Ting-Lu\n|-damage|p2a: Ting-Lu|86\/100 tox\n|move|p2b: Glastrier|Icicle Crash|p1b: Ursaluna\n|-supereffective|p1b: Ursaluna\n|-damage|p1b: Ursaluna|0 fnt\n|faint|p1b: Ursaluna\n|-ability|p2b: Glastrier|Chilling Neigh|boost\n|-boost|p2b: Glastrier|atk|1\n|move|p1a: Pincurchin|Scald|p2b: Glastrier\n|-damage|p2b: Glastrier|91\/100 tox\n|\n|-weather|none\n|-heal|p2a: Ting-Lu|92\/100 tox|[from] item: Leftovers\n|-damage|p2a: Ting-Lu|86\/100 tox|[from] psn\n|-damage|p2b: Glastrier|85\/100 tox|[from] psn\n|upkeep\n|\n|t:|1697792816\n|switch|p1b: Iron Valiant|Iron Valiant|100\/100\n|-activate|p1b: Iron Valiant|ability: Quark Drive\n|-start|p1b: Iron Valiant|quarkdrivespa\n|turn|9\n|\n|t:|1697792828\n|move|p1b: Iron Valiant|Dazzling Gleam|p2a: Ting-Lu|[spread] p2a,p2b\n|-supereffective|p2a: Ting-Lu\n|-damage|p2a: Ting-Lu|59\/100 tox\n|-damage|p2b: Glastrier|74\/100 tox\n|move|p2a: Ting-Lu|Earthquake|p1a: Pincurchin|[spread] p2b,p1a,p1b\n|-supereffective|p1a: Pincurchin\n|-damage|p2b: Glastrier|60\/100 tox\n|-damage|p1a: Pincurchin|22\/100\n|-damage|p1b: Iron Valiant|64\/100\n|move|p2b: Glastrier|Heavy Slam|p1b: Iron Valiant\n|-supereffective|p1b: Iron Valiant\n|-damage|p1b: Iron Valiant|0 fnt\n|faint|p1b: Iron Valiant\n|-end|p1b: Iron Valiant|Quark Drive|[silent]\n|-ability|p2b: Glastrier|Chilling Neigh|boost\n|-boost|p2b: Glastrier|atk|1\n|move|p1a: Pincurchin|Scald|p2a: Ting-Lu\n|-supereffective|p2a: Ting-Lu\n|-damage|p2a: Ting-Lu|36\/100 tox\n|\n|-heal|p2a: Ting-Lu|42\/100 tox|[from] item: Leftovers\n|-damage|p2a: Ting-Lu|29\/100 tox|[from] psn\n|-damage|p2b: Glastrier|48\/100 tox|[from] psn\n|upkeep\n|turn|10\n|\n|t:|1697792847\n|move|p2a: Ting-Lu|Throat Chop|p1a: Pincurchin\n|-damage|p1a: Pincurchin|0 fnt\n|faint|p1a: Pincurchin\n|\n|win|Jaiper_Showdown\n|raw|djsxhnsksksjdjjdh's rating: 1391 &rarr; <strong>1385<\/strong><br \/>(-6 for losing)\n|raw|Jaiper_Showdown's rating: 1679 &rarr; <strong>1685<\/strong><br \/>(+6 for winning)\n","uploadtime":1697792877,"views":14,"p1id":"djsxhnsksksjdjjdh","p2id":"jaipershowdown","formatid":"gen9doublesou","rating":1385,"private":0,"password":""}