{"id":"gen9doublesou-1994453049","p1":"MetaRafa","p2":"Onte bad","format":"[Gen 9] Doubles OU","log":"|j|\u2606MetaRafa\n|j|\u2606Onte bad\n|t:|1700445621\n|gametype|doubles\n|player|p1|MetaRafa|red|1191\n|player|p2|Onte bad|170|1246\n|teamsize|p1|6\n|teamsize|p2|6\n|gen|9\n|tier|[Gen 9] Doubles OU\n|rated|\n|rule|Species Clause: Limit one of each Pok\u00e9mon\n|rule|OHKO Clause: OHKO moves are banned\n|rule|Evasion Moves Clause: Evasion moves are banned\n|rule|Gravity Sleep Clause: The combination of sleep-inducing moves with imperfect accuracy and Gravity or Gigantamax Orbeetle are banned\n|rule|Endless Battle Clause: Forcing endless battles is banned\n|rule|HP Percentage Mod: HP is shown in percentages\n|clearpoke\n|poke|p1|Gholdengo|\n|poke|p1|Iron Bundle|\n|poke|p1|Iron Hands|\n|poke|p1|Amoonguss, M|\n|poke|p1|Arcanine, M|\n|poke|p1|Roaring Moon|\n|poke|p2|Landorus-Therian, M|\n|poke|p2|Gliscor, F|\n|poke|p2|Rillaboom, F|\n|poke|p2|Kingambit, M|\n|poke|p2|Iron Bundle|\n|poke|p2|Thundurus-Therian, M|\n|teampreview\n|\n|t:|1700445643\n|start\n|switch|p1a: Descongelaelpollo|Iron Bundle|100\/100\n|switch|p1b: Manospaja|Iron Hands|100\/100\n|switch|p2a: Gliscor|Gliscor, F|100\/100\n|switch|p2b: Landorus|Landorus-Therian, M|100\/100\n|-ability|p2b: Landorus|Intimidate|boost\n|-unboost|p1a: Descongelaelpollo|atk|1\n|-unboost|p1b: Manospaja|atk|1\n|turn|1\n|\n|t:|1700445660\n|move|p2b: Landorus|Protect|p2b: Landorus\n|-singleturn|p2b: Landorus|Protect\n|move|p1b: Manospaja|Fake Out|p2a: Gliscor\n|-damage|p2a: Gliscor|91\/100\n|move|p1a: Descongelaelpollo|Icy Wind|p2a: Gliscor|[spread] p2a\n|-activate|p2b: Landorus|move: Protect\n|-supereffective|p2a: Gliscor\n|-damage|p2a: Gliscor|0 fnt\n|faint|p2a: Gliscor\n|\n|upkeep\n|\n|t:|1700445666\n|switch|p2a: Iron Bundle|Iron Bundle|100\/100\n|turn|2\n|\n|t:|1700445680\n|switch|p2b: Thundurus|Thundurus-Therian, M|100\/100\n|move|p2a: Iron Bundle|Freeze-Dry|p1a: Descongelaelpollo\n|-damage|p1a: Descongelaelpollo|5\/100\n|-damage|p2a: Iron Bundle|91\/100|[from] item: Life Orb\n|move|p1a: Descongelaelpollo|Freeze-Dry|p2b: Thundurus\n|-supereffective|p2b: Thundurus\n|-damage|p2b: Thundurus|8\/100\n|move|p1b: Manospaja|Drain Punch|p2a: Iron Bundle\n|-supereffective|p2a: Iron Bundle\n|-damage|p2a: Iron Bundle|14\/100\n|\n|upkeep\n|turn|3\n|\n|t:|1700445719\n|-end|p1b: Manospaja|Quark Drive|[silent]\n|switch|p1b: Guau|Arcanine, M|100\/100\n|-ability|p1b: Guau|Intimidate|boost\n|-unboost|p2a: Iron Bundle|atk|1\n|-unboost|p2b: Thundurus|atk|1\n|move|p1a: Descongelaelpollo|Protect|p1a: Descongelaelpollo\n|-singleturn|p1a: Descongelaelpollo|Protect\n|move|p2a: Iron Bundle|Freeze-Dry|p1a: Descongelaelpollo\n|-activate|p1a: Descongelaelpollo|move: Protect\n|move|p2b: Thundurus|Psychic|p1b: Guau\n|-damage|p1b: Guau|46\/100\n|\n|upkeep\n|turn|4\n|\n|t:|1700445745\n|-end|p2a: Iron Bundle|Quark Drive|[silent]\n|switch|p2a: Rillaboom|Rillaboom, F|100\/100\n|-fieldstart|move: Grassy Terrain|[from] ability: Grassy Surge|[of] p2a: Rillaboom\n|-enditem|p2a: Rillaboom|Grassy Seed\n|-boost|p2a: Rillaboom|def|1|[from] item: Grassy Seed\n|switch|p2b: Kingambit|Kingambit, M|100\/100\n|move|p1a: Descongelaelpollo|Icy Wind|p2b: Kingambit|[spread] p2a,p2b\n|-supereffective|p2a: Rillaboom\n|-resisted|p2b: Kingambit\n|-damage|p2a: Rillaboom|40\/100\n|-damage|p2b: Kingambit|90\/100\n|-unboost|p2a: Rillaboom|spe|1\n|-unboost|p2b: Kingambit|spe|1\n|-ability|p2b: Kingambit|Defiant|boost\n|-boost|p2b: Kingambit|atk|2\n|move|p1b: Guau|Snarl|p2b: Kingambit|[spread] p2a,p2b\n|-resisted|p2b: Kingambit\n|-damage|p2a: Rillaboom|29\/100\n|-damage|p2b: Kingambit|86\/100\n|-unboost|p2a: Rillaboom|spa|1\n|-unboost|p2b: Kingambit|spa|1\n|-ability|p2b: Kingambit|Defiant|boost\n|-boost|p2b: Kingambit|atk|2\n|\n|-heal|p1a: Descongelaelpollo|11\/100|[from] Grassy Terrain\n|-heal|p1b: Guau|52\/100|[from] Grassy Terrain\n|-heal|p2a: Rillaboom|35\/100|[from] Grassy Terrain\n|-heal|p2b: Kingambit|92\/100|[from] Grassy Terrain\n|-heal|p2b: Kingambit|98\/100|[from] item: Leftovers\n|upkeep\n|turn|5\n|\n|t:|1700445773\n|move|p2a: Rillaboom|Grassy Glide|p1a: Descongelaelpollo\n|-supereffective|p1a: Descongelaelpollo\n|-damage|p1a: Descongelaelpollo|0 fnt\n|faint|p1a: Descongelaelpollo\n|-end|p1a: Descongelaelpollo|Quark Drive|[silent]\n|move|p2b: Kingambit|Sucker Punch|p1b: Guau\n|-damage|p1b: Guau|0 fnt\n|faint|p1b: Guau\n|\n|-heal|p2a: Rillaboom|42\/100|[from] Grassy Terrain\n|-heal|p2b: Kingambit|100\/100|[from] Grassy Terrain\n|upkeep\n|\n|t:|1700445789\n|switch|p1a: Manospaja|Iron Hands|100\/100\n|switch|p1b: Sus|Amoonguss, M|100\/100\n|turn|6\n|\n|t:|1700445813\n|move|p1b: Sus|Rage Powder|p1b: Sus\n|-singleturn|p1b: Sus|move: Rage Powder\n|move|p2a: Rillaboom|Grassy Glide|p1a: Manospaja\n|-damage|p1a: Manospaja|74\/100\n|move|p1a: Manospaja|Drain Punch|p2b: Kingambit\n|-supereffective|p2b: Kingambit\n|-damage|p2b: Kingambit|0 fnt\n|-heal|p1a: Manospaja|100\/100|[from] drain|[of] p2b: Kingambit\n|faint|p2b: Kingambit\n|\n|-heal|p2a: Rillaboom|48\/100|[from] Grassy Terrain\n|upkeep\n|inactive|Battle timer is ON: inactive players will automatically lose when time's up. (requested by MetaRafa)\n|\n|t:|1700445821\n|switch|p2b: Thundurus|Thundurus-Therian, M|8\/100\n|turn|7\n|\n|t:|1700445842\n|switch|p2a: Iron Bundle|Iron Bundle|14\/100\n|-end|p1a: Manospaja|Quark Drive|[silent]\n|switch|p1a: Hope|Roaring Moon|100\/100\n|-enditem|p1a: Hope|Booster Energy\n|-activate|p1a: Hope|ability: Protosynthesis|[fromitem]\n|-start|p1a: Hope|protosynthesisspe\n|move|p2b: Thundurus|Psychic|p1a: Hope\n|-immune|p1a: Hope\n|move|p1b: Sus|Clear Smog|p2a: Iron Bundle\n|-damage|p2a: Iron Bundle|0 fnt\n|-clearboost|p2a: Iron Bundle\n|faint|p2a: Iron Bundle\n|-end|p2a: Iron Bundle|Quark Drive|[silent]\n|\n|upkeep\n|\n|t:|1700445855\n|switch|p2a: Rillaboom|Rillaboom, F|48\/100\n|turn|8\n|\n|t:|1700445871\n|switch|p2b: Landorus|Landorus-Therian, M|100\/100\n|-ability|p2b: Landorus|Intimidate|boost\n|-unboost|p1a: Hope|atk|1\n|-unboost|p1b: Sus|atk|1\n|-terastallize|p1b: Sus|Water\n|move|p1b: Sus|Rage Powder|p1b: Sus\n|-singleturn|p1b: Sus|move: Rage Powder\n|move|p1a: Hope|Acrobatics|p2a: Rillaboom\n|-supereffective|p2a: Rillaboom\n|-damage|p2a: Rillaboom|0 fnt\n|faint|p2a: Rillaboom\n|\n|-fieldend|move: Grassy Terrain\n|upkeep\n|\n|t:|1700445879\n|switch|p2a: Thundurus|Thundurus-Therian, M|8\/100\n|turn|9\n|\n|t:|1700445905\n|move|p1a: Hope|Taunt|p2b: Landorus\n|-start|p2b: Landorus|move: Taunt\n|move|p2a: Thundurus|Thunderbolt|p1b: Sus\n|-supereffective|p1b: Sus\n|-damage|p1b: Sus|0 fnt\n|faint|p1b: Sus\n|cant|p2b: Landorus|move: Taunt|Swords Dance\n|\n|upkeep\n|\n|t:|1700445914\n|switch|p1b: Moneas|Gholdengo|100\/100\n|turn|10\n|\n|t:|1700445932\n|-terastallize|p2b: Landorus|Ground\n|move|p1a: Hope|Throat Chop|p2a: Thundurus\n|-damage|p2a: Thundurus|0 fnt\n|faint|p2a: Thundurus\n|move|p2b: Landorus|Earthquake|p1a: Hope|[spread] p1a,p1b\n|-supereffective|p1b: Moneas\n|-damage|p1a: Hope|26\/100\n|-damage|p1b: Moneas|0 fnt\n|faint|p1b: Moneas\n|\n|upkeep\n|\n|t:|1700445940\n|switch|p1b: Manospaja|Iron Hands|100\/100\n|turn|11\n|\n|t:|1700445947\n|move|p1b: Manospaja|Fake Out|p2b: Landorus\n|-damage|p2b: Landorus|81\/100\n|move|p1a: Hope|Acrobatics|p2b: Landorus\n|-damage|p2b: Landorus|52\/100\n|cant|p2b: Landorus|flinch\n|\n|-heal|p2b: Landorus|58\/100|[from] item: Leftovers\n|-end|p2b: Landorus|move: Taunt\n|upkeep\n|turn|12\n|\n|t:|1700445961\n|move|p2b: Landorus|Protect|p2b: Landorus\n|-singleturn|p2b: Landorus|Protect\n|move|p1a: Hope|Acrobatics|p2b: Landorus\n|-activate|p2b: Landorus|move: Protect\n|move|p1b: Manospaja|Drain Punch|p2b: Landorus\n|-activate|p2b: Landorus|move: Protect\n|\n|-heal|p2b: Landorus|64\/100|[from] item: Leftovers\n|upkeep\n|turn|13\n|\n|t:|1700445969\n|move|p1a: Hope|Acrobatics|p2b: Landorus\n|-damage|p2b: Landorus|33\/100\n|move|p2b: Landorus|Earthquake|p1a: Hope|[spread] p1a,p1b\n|-supereffective|p1b: Manospaja\n|-damage|p1a: Hope|0 fnt\n|-damage|p1b: Manospaja|14\/100\n|faint|p1a: Hope\n|-end|p1a: Hope|Protosynthesis|[silent]\n|move|p1b: Manospaja|Drain Punch|p2b: Landorus\n|-damage|p2b: Landorus|0 fnt\n|-heal|p1b: Manospaja|26\/100|[from] drain|[of] p2b: Landorus\n|faint|p2b: Landorus\n|\n|win|MetaRafa\n|raw|MetaRafa's rating: 1191 &rarr; <strong>1220<\/strong><br \/>(+29 for winning)\n|raw|Onte bad's rating: 1246 &rarr; <strong>1217<\/strong><br \/>(-29 for losing)\n|c|\u2606Onte bad|ggs\n","uploadtime":1700445979,"views":4,"p1id":"metarafa","p2id":"ontebad","formatid":"gen9doublesou","rating":1217,"private":0,"password":""}