{"id":"gen9doublesou-1986917995","p1":"Calamarimar","p2":"HEAVY-DUTY B0OTY","format":"[Gen 9] Doubles OU","log":"|j|\u2606Calamarimar\n|j|\u2606HEAVY-DUTY B0OTY\n|inactive|Battle timer is ON: inactive players will automatically lose when time's up.\n|t:|1699540892\n|gametype|doubles\n|player|p1|Calamarimar|sanqua|\n|player|p2|HEAVY-DUTY B0OTY|swimmerf-gen6|\n|teamsize|p1|6\n|teamsize|p2|6\n|gen|9\n|tier|[Gen 9] Doubles OU\n|rated|Tournament battle\n|rule|Species Clause: Limit one of each Pok\u00e9mon\n|rule|OHKO Clause: OHKO moves are banned\n|rule|Evasion Moves Clause: Evasion moves are banned\n|rule|Gravity Sleep Clause: The combination of sleep-inducing moves with imperfect accuracy and Gravity or Gigantamax Orbeetle are banned\n|rule|Endless Battle Clause: Forcing endless battles is banned\n|rule|HP Percentage Mod: HP is shown in percentages\n|clearpoke\n|poke|p1|Finneon, F|\n|poke|p1|Steenee, F|\n|poke|p1|Makuhita, F|\n|poke|p1|Hoppip, F|\n|poke|p1|Arrokuda, M|\n|poke|p1|Naclstack, F|\n|poke|p2|Mudbray, F|\n|poke|p2|Wooper, F|\n|poke|p2|Tinkatink, F|\n|poke|p2|Gholdengo|\n|poke|p2|Gliscor, M|\n|poke|p2|Flabe\u0301be\u0301, F|\n|teampreview\n|j|*Lady Monita \u263d\n|c|\u2606HEAVY-DUTY B0OTY|hf\n|c|\u2606Calamarimar|gl hf\n|inactive|HEAVY-DUTY B0OTY has 120 seconds left.\n|\n|t:|1699540927\n|start\n|switch|p1a: Finneon|Finneon, F, shiny|100\/100\n|switch|p1b: Naclstack|Naclstack, F|100\/100\n|switch|p2a: Mudbray|Mudbray, F|100\/100\n|switch|p2b: Tinkatink|Tinkatink, F|100\/100\n|-ability|p2b: Tinkatink|Mold Breaker\n|turn|1\n|\n|t:|1699540942\n|move|p2b: Tinkatink|Fake Out|p1a: Finneon\n|-damage|p1a: Finneon|92\/100\n|move|p2a: Mudbray|Stealth Rock|p1a: Finneon\n|-sidestart|p1: Calamarimar|move: Stealth Rock\n|cant|p1a: Finneon|flinch\n|move|p1b: Naclstack|Salt Cure|p2b: Tinkatink\n|-resisted|p2b: Tinkatink\n|-damage|p2b: Tinkatink|92\/100\n|-start|p2b: Tinkatink|Salt Cure\n|\n|-damage|p2b: Tinkatink|67\/100|[from] Salt Cure\n|upkeep\n|turn|2\n|inactive|HEAVY-DUTY B0OTY has 120 seconds left.\n|\n|t:|1699540973\n|switch|p2a: Wooper|Wooper, F|100\/100\n|move|p2b: Tinkatink|Knock Off|p1a: Finneon\n|-damage|p1a: Finneon|70\/100\n|-enditem|p1a: Finneon|Eviolite|[from] move: Knock Off|[of] p2b: Tinkatink\n|move|p1a: Finneon|Tailwind|p1a: Finneon\n|-sidestart|p1: Calamarimar|move: Tailwind\n|move|p1b: Naclstack|Stealth Rock|p2a: Wooper\n|-sidestart|p2: HEAVY-DUTY B0OTY|move: Stealth Rock\n|\n|-damage|p2b: Tinkatink|42\/100|[from] Salt Cure\n|upkeep\n|turn|3\n|inactive|HEAVY-DUTY B0OTY has 120 seconds left.\n|\n|t:|1699541008\n|move|p1a: Finneon|Icy Wind|p2b: Tinkatink|[spread] p2a,p2b\n|-resisted|p2b: Tinkatink\n|-damage|p2a: Wooper|87\/100\n|-damage|p2b: Tinkatink|36\/100\n|-unboost|p2a: Wooper|spe|1\n|-unboost|p2b: Tinkatink|spe|1\n|move|p1b: Naclstack|Salt Cure|p2a: Wooper\n|-resisted|p2a: Wooper\n|-damage|p2a: Wooper|82\/100\n|-start|p2a: Wooper|Salt Cure\n|move|p2b: Tinkatink|Encore|p1b: Naclstack\n|-start|p1b: Naclstack|Encore\n|move|p2a: Wooper|Earth Power|p1b: Naclstack\n|-supereffective|p1b: Naclstack\n|-damage|p1b: Naclstack|80\/100\n|\n|-damage|p2b: Tinkatink|11\/100|[from] Salt Cure\n|-damage|p2a: Wooper|57\/100|[from] Salt Cure\n|upkeep\n|turn|4\n|inactive|HEAVY-DUTY B0OTY has 120 seconds left.\n|\n|t:|1699541025\n|move|p1a: Finneon|Icy Wind|p2a: Wooper|[spread] p2a\n|-miss|p1a: Finneon|p2b: Tinkatink\n|-damage|p2a: Wooper|45\/100\n|-unboost|p2a: Wooper|spe|1\n|move|p1b: Naclstack|Salt Cure|p2b: Tinkatink\n|-resisted|p2b: Tinkatink\n|-damage|p2b: Tinkatink|3\/100\n|move|p2b: Tinkatink|Play Rough|p1a: Finneon|[miss]\n|-miss|p2b: Tinkatink|p1a: Finneon\n|move|p2a: Wooper|Recover|p2a: Wooper\n|-heal|p2a: Wooper|95\/100\n|\n|-damage|p2b: Tinkatink|0 fnt|[from] Salt Cure\n|faint|p2b: Tinkatink\n|-damage|p2a: Wooper|70\/100|[from] Salt Cure\n|upkeep\n|inactive|HEAVY-DUTY B0OTY has 120 seconds left.\n|\n|t:|1699541048\n|switch|p2b: Gholdengo|Gholdengo|100\/100\n|-damage|p2b: Gholdengo|94\/100|[from] Stealth Rock\n|turn|5\n|\n|t:|1699541052\n|move|p1a: Finneon|Icy Wind|p2a: Wooper|[spread] p2a,p2b\n|-resisted|p2b: Gholdengo\n|-damage|p2a: Wooper|58\/100\n|-damage|p2b: Gholdengo|89\/100\n|-unboost|p2a: Wooper|spe|1\n|-unboost|p2b: Gholdengo|spe|1\n|move|p1b: Naclstack|Salt Cure|p2b: Gholdengo\n|-resisted|p2b: Gholdengo\n|-damage|p2b: Gholdengo|84\/100\n|-start|p2b: Gholdengo|Salt Cure\n|move|p2b: Gholdengo|Make It Rain|p1b: Naclstack|[spread] p1a,p1b\n|-resisted|p1a: Finneon\n|-supereffective|p1b: Naclstack\n|-damage|p1a: Finneon|13\/100\n|-damage|p1b: Naclstack|0 fnt\n|-unboost|p2b: Gholdengo|spa|1\n|faint|p1b: Naclstack\n|move|p2a: Wooper|Recover|p2a: Wooper\n|-heal|p2a: Wooper|100\/100\n|\n|-damage|p2b: Gholdengo|59\/100|[from] Salt Cure\n|-damage|p2a: Wooper|76\/100|[from] Salt Cure\n|-sideend|p1: Calamarimar|move: Tailwind\n|upkeep\n|\n|t:|1699541070\n|switch|p1b: Hoppip|Hoppip, F, shiny|100\/100\n|-damage|p1b: Hoppip|76\/100|[from] Stealth Rock\n|turn|6\n|\n|t:|1699541079\n|switch|p2a: Flabe\u0301be\u0301|Flabe\u0301be\u0301, F|100\/100\n|-damage|p2a: Flabe\u0301be\u0301|88\/100|[from] Stealth Rock\n|move|p2b: Gholdengo|Make It Rain|p1a: Finneon|[spread] p1a,p1b\n|-resisted|p1a: Finneon\n|-damage|p1a: Finneon|0 fnt\n|-damage|p1b: Hoppip|33\/100\n|-unboost|p2b: Gholdengo|spa|1\n|faint|p1a: Finneon\n|move|p1b: Hoppip|Light Screen|p1b: Hoppip\n|-sidestart|p1: Calamarimar|move: Light Screen\n|\n|-damage|p2b: Gholdengo|34\/100|[from] Salt Cure\n|upkeep\n|\n|t:|1699541091\n|switch|p1a: Makuhita|Makuhita, F, shiny|100\/100\n|-damage|p1a: Makuhita|94\/100|[from] Stealth Rock\n|turn|7\n|j| Fiddlw\n|\n|t:|1699541108\n|switch|p2b: Wooper|Wooper, F|76\/100\n|-damage|p2b: Wooper|70\/100|[from] Stealth Rock\n|move|p1b: Hoppip|Leech Seed|p2a: Flabe\u0301be\u0301|[miss]\n|-miss|p1b: Hoppip|p2a: Flabe\u0301be\u0301\n|move|p2a: Flabe\u0301be\u0301|Dazzling Gleam|p1a: Makuhita|[spread] p1a,p1b\n|-supereffective|p1a: Makuhita\n|-damage|p1a: Makuhita|64\/100\n|-damage|p1b: Hoppip|24\/100\n|move|p1a: Makuhita|Fire Punch|p2b: Wooper\n|-resisted|p2b: Wooper\n|-damage|p2b: Wooper|58\/100\n|\n|upkeep\n|turn|8\n|c| Fiddlw|go heavy duty booty\n|c|\u2606HEAVY-DUTY B0OTY|<3\n|inactive|HEAVY-DUTY B0OTY has 120 seconds left.\n|\n|t:|1699541139\n|move|p1b: Hoppip|Leech Seed|p2b: Wooper\n|-start|p2b: Wooper|move: Leech Seed\n|move|p2a: Flabe\u0301be\u0301|Dazzling Gleam|p1b: Hoppip|[spread] p1a,p1b\n|-supereffective|p1a: Makuhita\n|-damage|p1a: Makuhita|32\/100\n|-damage|p1b: Hoppip|16\/100\n|move|p1a: Makuhita|Rock Slide|p2b: Wooper|[spread] p2a,p2b\n|-resisted|p2b: Wooper\n|-damage|p2a: Flabe\u0301be\u0301|72\/100\n|-damage|p2b: Wooper|49\/100\n|move|p2b: Wooper|Recover|p2b: Wooper\n|-heal|p2b: Wooper|99\/100\n|\n|-damage|p2b: Wooper|87\/100|[from] Leech Seed|[of] p1b: Hoppip\n|-heal|p1b: Hoppip|28\/100|[silent]\n|upkeep\n|turn|9\n|\n|t:|1699541156\n|switch|p2b: Mudbray|Mudbray, F|100\/100\n|-damage|p2b: Mudbray|94\/100|[from] Stealth Rock\n|move|p1a: Makuhita|Bullet Punch|p2a: Flabe\u0301be\u0301\n|-supereffective|p2a: Flabe\u0301be\u0301\n|-damage|p2a: Flabe\u0301be\u0301|55\/100\n|move|p1b: Hoppip|Pollen Puff|p1a: Makuhita\n|-heal|p1a: Makuhita|82\/100\n|move|p2a: Flabe\u0301be\u0301|Dazzling Gleam|p1b: Hoppip|[spread] p1a,p1b\n|-supereffective|p1a: Makuhita\n|-damage|p1a: Makuhita|55\/100\n|-damage|p1b: Hoppip|21\/100\n|\n|upkeep\n|turn|10\n|\n|t:|1699541170\n|move|p1a: Makuhita|Bullet Punch|p2a: Flabe\u0301be\u0301\n|-supereffective|p2a: Flabe\u0301be\u0301\n|-damage|p2a: Flabe\u0301be\u0301|37\/100\n|move|p2b: Mudbray|Rock Slide|p1b: Hoppip|[spread] p1a,p1b\n|-resisted|p1a: Makuhita\n|-supereffective|p1b: Hoppip\n|-damage|p1a: Makuhita|41\/100\n|-damage|p1b: Hoppip|0 fnt\n|faint|p1b: Hoppip\n|move|p2a: Flabe\u0301be\u0301|Synthesis|p2a: Flabe\u0301be\u0301\n|-heal|p2a: Flabe\u0301be\u0301|87\/100\n|\n|-sideend|p1: Calamarimar|move: Light Screen\n|upkeep\n|\n|t:|1699541180\n|switch|p1b: Steenee|Steenee, F, shiny|100\/100\n|-damage|p1b: Steenee|88\/100|[from] Stealth Rock\n|turn|11\n|l| Fiddlw\n|\n|t:|1699541202\n|move|p1a: Makuhita|Bullet Punch|p2a: Flabe\u0301be\u0301\n|-supereffective|p2a: Flabe\u0301be\u0301\n|-damage|p2a: Flabe\u0301be\u0301|70\/100\n|move|p1b: Steenee|Giga Drain|p2b: Mudbray\n|-supereffective|p2b: Mudbray\n|-damage|p2b: Mudbray|36\/100\n|-heal|p1b: Steenee|100\/100|[from] drain|[of] p2b: Mudbray\n|-ability|p2b: Mudbray|Stamina|boost\n|-boost|p2b: Mudbray|def|1\n|move|p2a: Flabe\u0301be\u0301|Dazzling Gleam|p1b: Steenee|[spread] p1a,p1b\n|-supereffective|p1a: Makuhita\n|-damage|p1a: Makuhita|0 fnt\n|-damage|p1b: Steenee|83\/100\n|faint|p1a: Makuhita\n|move|p2b: Mudbray|Roar|p1b: Steenee\n|drag|p1b: Arrokuda|Arrokuda, M, shiny|100\/100\n|-damage|p1b: Arrokuda|88\/100|[from] Stealth Rock\n|\n|upkeep\n|\n|t:|1699541215\n|switch|p1a: Steenee|Steenee, F, shiny|83\/100\n|-damage|p1a: Steenee|71\/100|[from] Stealth Rock\n|turn|12\n|\n|t:|1699541230\n|move|p1b: Arrokuda|Liquidation|p2a: Flabe\u0301be\u0301\n|-damage|p2a: Flabe\u0301be\u0301|23\/100\n|move|p2b: Mudbray|High Horsepower|p1b: Arrokuda\n|-damage|p1b: Arrokuda|0 fnt\n|faint|p1b: Arrokuda\n|move|p1a: Steenee|Giga Drain|p2b: Mudbray\n|-supereffective|p2b: Mudbray\n|-crit|p2b: Mudbray\n|-damage|p2b: Mudbray|0 fnt\n|-heal|p1a: Steenee|88\/100|[from] drain|[of] p2b: Mudbray\n|faint|p2b: Mudbray\n|move|p2a: Flabe\u0301be\u0301|Dazzling Gleam|p1a: Steenee\n|-damage|p1a: Steenee|61\/100\n|\n|upkeep\n|\n|t:|1699541236\n|switch|p2b: Gholdengo|Gholdengo|34\/100\n|-damage|p2b: Gholdengo|28\/100|[from] Stealth Rock\n|turn|13\n|\n|t:|1699541245\n|-terastallize|p2b: Gholdengo|Steel\n|-terastallize|p1a: Steenee|Dark\n|move|p2a: Flabe\u0301be\u0301|Helping Hand|p2b: Gholdengo\n|-immune|p2b: Gholdengo|[from] ability: Good as Gold\n|move|p2b: Gholdengo|Make It Rain|p1a: Steenee\n|-damage|p1a: Steenee|0 fnt\n|-unboost|p2b: Gholdengo|spa|1\n|faint|p1a: Steenee\n|\n|win|HEAVY-DUTY B0OTY\n|n|\u2606Calamarimar|calamarimar\n|n|\u2606HEAVY-DUTY B0OTY|heavydutyb0oty\n|n|*Lady Monita \u263d|ladymonita\n","uploadtime":1699541246,"views":16,"p1id":"calamarimar","p2id":"heavydutyb0oty","formatid":"gen9doublesou","rating":0,"private":0,"password":""}