{"id":"gen9doublesou-1997062148","p1":"kirigayaxr","p2":"OPieceOfHeroGhost","format":"[Gen 9] Doubles OU","log":"|j|\u2606kirigayaxr\n|j|\u2606OPieceOfHeroGhost\n|t:|1700760684\n|gametype|doubles\n|player|p1|kirigayaxr|marlon|1368\n|player|p2|OPieceOfHeroGhost|morty|1469\n|teamsize|p1|6\n|teamsize|p2|6\n|gen|9\n|tier|[Gen 9] Doubles OU\n|rated|\n|rule|Species Clause: Limit one of each Pok\u00e9mon\n|rule|OHKO Clause: OHKO moves are banned\n|rule|Evasion Moves Clause: Evasion moves are banned\n|rule|Gravity Sleep Clause: The combination of sleep-inducing moves with imperfect accuracy and Gravity or Gigantamax Orbeetle are banned\n|rule|Endless Battle Clause: Forcing endless battles is banned\n|rule|HP Percentage Mod: HP is shown in percentages\n|clearpoke\n|poke|p1|Kommo-o, M|\n|poke|p1|Indeedee-F, F|\n|poke|p1|Empoleon, F|\n|poke|p1|Landorus-Therian, M|\n|poke|p1|Sinistcha|\n|poke|p1|Iron Hands|\n|poke|p2|Tornadus, M|\n|poke|p2|Basculegion-F, F|\n|poke|p2|Ogerpon-Hearthflame, F|\n|poke|p2|Rillaboom, F|\n|poke|p2|Flutter Mane|\n|poke|p2|Chien-Pao|\n|teampreview\n|\n|t:|1700760694\n|start\n|switch|p1a: Landorus|Landorus-Therian, M|100\/100\n|switch|p1b: Iron Hands|Iron Hands|100\/100\n|switch|p2a: \u7ed9\u4f60\u6765\u4e2a\u5927\u6bd4\u6597|Rillaboom, F|100\/100\n|switch|p2b: \u6069\u91cc\u514b\u2022\u666e\u5947|Tornadus, M|100\/100\n|-ability|p1a: Landorus|Intimidate|boost\n|-unboost|p2a: \u7ed9\u4f60\u6765\u4e2a\u5927\u6bd4\u6597|atk|1\n|-unboost|p2b: \u6069\u91cc\u514b\u2022\u666e\u5947|atk|1\n|-fieldstart|move: Grassy Terrain|[from] ability: Grassy Surge|[of] p2a: \u7ed9\u4f60\u6765\u4e2a\u5927\u6bd4\u6597\n|turn|1\n|inactive|Battle timer is ON: inactive players will automatically lose when time's up. (requested by kirigayaxr)\n|\n|t:|1700760711\n|switch|p2b: \u68d2\u6253NTR|Ogerpon-Hearthflame, F|100\/100\n|-ability|p2b: \u68d2\u6253NTR|Mold Breaker\n|switch|p1a: Indeedee|Indeedee-F, F|100\/100\n|-fieldstart|move: Psychic Terrain|[from] ability: Psychic Surge|[of] p1a: Indeedee\n|move|p2a: \u7ed9\u4f60\u6765\u4e2a\u5927\u6bd4\u6597|Fake Out|p1a: Indeedee\n|-activate|p1a: Indeedee|move: Psychic Terrain\n|move|p1b: Iron Hands|Wild Charge|p2b: \u68d2\u6253NTR\n|-resisted|p2b: \u68d2\u6253NTR\n|-damage|p2b: \u68d2\u6253NTR|72\/100\n|-damage|p1b: Iron Hands|95\/100|[from] Recoil\n|\n|upkeep\n|turn|2\n|\n|t:|1700760731\n|move|p2b: \u68d2\u6253NTR|Spiky Shield|p2b: \u68d2\u6253NTR\n|-singleturn|p2b: \u68d2\u6253NTR|move: Protect\n|move|p1a: Indeedee|Psyshock|p2b: \u68d2\u6253NTR\n|-activate|p2b: \u68d2\u6253NTR|move: Protect\n|move|p2a: \u7ed9\u4f60\u6765\u4e2a\u5927\u6bd4\u6597|U-turn|p1a: Indeedee\n|-supereffective|p1a: Indeedee\n|-damage|p1a: Indeedee|68\/100\n|inactive|OPieceOfHeroGhost has 120 seconds left.\n|\n|t:|1700760752\n|switch|p2a: \u53d1\u59d0\u725b\u903c|Flutter Mane|100\/100|[from] U-turn\n|move|p1b: Iron Hands|Drain Punch|p2b: \u68d2\u6253NTR\n|-activate|p2b: \u68d2\u6253NTR|move: Protect\n|-damage|p1b: Iron Hands|83\/100|[from] Spiky Shield|[of] p2b: \u68d2\u6253NTR\n|\n|-heal|p1a: Indeedee|74\/100|[from] item: Leftovers\n|upkeep\n|turn|3\n|\n|t:|1700760768\n|-end|p2a: \u53d1\u59d0\u725b\u903c|Protosynthesis|[silent]\n|switch|p2a: \u9ed1\u9c7c\u62ac\u68fa|Basculegion-F, F|100\/100\n|move|p1a: Indeedee|Follow Me|p1a: Indeedee\n|-singleturn|p1a: Indeedee|move: Follow Me\n|move|p2b: \u68d2\u6253NTR|Ivy Cudgel|p1a: Indeedee|[anim] Ivy Cudgel Fire\n|-damage|p1a: Indeedee|9\/100\n|move|p1b: Iron Hands|Iron Head|p2a: \u9ed1\u9c7c\u62ac\u68fa\n|-resisted|p2a: \u9ed1\u9c7c\u62ac\u68fa\n|-damage|p2a: \u9ed1\u9c7c\u62ac\u68fa|80\/100\n|\n|-heal|p1a: Indeedee|15\/100|[from] item: Leftovers\n|upkeep\n|turn|4\n|\n|t:|1700760789\n|move|p1a: Indeedee|Follow Me|p1a: Indeedee\n|-singleturn|p1a: Indeedee|move: Follow Me\n|move|p2b: \u68d2\u6253NTR|Swords Dance|p2b: \u68d2\u6253NTR\n|-boost|p2b: \u68d2\u6253NTR|atk|2\n|move|p2a: \u9ed1\u9c7c\u62ac\u68fa|Waterfall|p1a: Indeedee\n|-damage|p1a: Indeedee|0 fnt\n|faint|p1a: Indeedee\n|move|p1b: Iron Hands|Wild Charge|p2a: \u9ed1\u9c7c\u62ac\u68fa\n|-supereffective|p2a: \u9ed1\u9c7c\u62ac\u68fa\n|-damage|p2a: \u9ed1\u9c7c\u62ac\u68fa|0 fnt\n|faint|p2a: \u9ed1\u9c7c\u62ac\u68fa\n|-damage|p1b: Iron Hands|65\/100|[from] Recoil\n|\n|upkeep\n|\n|t:|1700760801\n|switch|p2a: \u7ed9\u4f60\u6765\u4e2a\u5927\u6bd4\u6597|Rillaboom, F|100\/100\n|switch|p1a: Landorus|Landorus-Therian, M|100\/100\n|-ability|p1a: Landorus|Intimidate|boost\n|-unboost|p2a: \u7ed9\u4f60\u6765\u4e2a\u5927\u6bd4\u6597|atk|1\n|-unboost|p2b: \u68d2\u6253NTR|atk|1\n|-fieldstart|move: Grassy Terrain|[from] ability: Grassy Surge|[of] p2a: \u7ed9\u4f60\u6765\u4e2a\u5927\u6bd4\u6597\n|turn|5\n|\n|t:|1700760813\n|switch|p1a: Sinistcha|Sinistcha, shiny|100\/100\n|-heal|p1b: Iron Hands|90\/100|[from] ability: Hospitality|[of] p1a: Sinistcha\n|-terastallize|p2b: \u68d2\u6253NTR|Fire\n|detailschange|p2b: \u68d2\u6253NTR|Ogerpon-Hearthflame-Tera, F, tera:Fire\n|-ability|p2b: \u68d2\u6253NTR|Embody Aspect (Hearthflame)|boost\n|-boost|p2b: \u68d2\u6253NTR|atk|1\n|move|p2a: \u7ed9\u4f60\u6765\u4e2a\u5927\u6bd4\u6597|Fake Out|p1a: Sinistcha\n|-immune|p1a: Sinistcha\n|move|p2b: \u68d2\u6253NTR|Ivy Cudgel|p1b: Iron Hands|[anim] Ivy Cudgel Fire\n|-damage|p1b: Iron Hands|0 fnt\n|faint|p1b: Iron Hands\n|-end|p1b: Iron Hands|Quark Drive|[silent]\n|\n|-heal|p2b: \u68d2\u6253NTR|78\/100|[from] Grassy Terrain\n|upkeep\n|\n|t:|1700760827\n|switch|p1b: Landorus|Landorus-Therian, M|100\/100\n|-ability|p1b: Landorus|Intimidate|boost\n|-unboost|p2a: \u7ed9\u4f60\u6765\u4e2a\u5927\u6bd4\u6597|atk|1\n|-unboost|p2b: \u68d2\u6253NTR|atk|1\n|turn|6\n|\n|t:|1700760838\n|switch|p2a: \u6069\u91cc\u514b\u2022\u666e\u5947|Tornadus, M|100\/100\n|move|p2b: \u68d2\u6253NTR|Spiky Shield|p2b: \u68d2\u6253NTR\n|-singleturn|p2b: \u68d2\u6253NTR|move: Protect\n|move|p1b: Landorus|Earth Power|p2b: \u68d2\u6253NTR\n|-activate|p2b: \u68d2\u6253NTR|move: Protect\n|move|p1a: Sinistcha|Foul Play|p2b: \u68d2\u6253NTR\n|-activate|p2b: \u68d2\u6253NTR|move: Protect\n|-damage|p1a: Sinistcha|88\/100|[from] Spiky Shield|[of] p2b: \u68d2\u6253NTR\n|\n|-heal|p2b: \u68d2\u6253NTR|84\/100|[from] Grassy Terrain\n|-heal|p1a: Sinistcha|94\/100|[from] Grassy Terrain\n|-heal|p1a: Sinistcha|99\/100|[from] item: Leftovers\n|upkeep\n|turn|7\n|inactive|OPieceOfHeroGhost has 120 seconds left.\n|\n|t:|1700760868\n|move|p2b: \u68d2\u6253NTR|Ivy Cudgel|p1b: Landorus|[anim] Ivy Cudgel Fire\n|-damage|p1b: Landorus|0 fnt\n|faint|p1b: Landorus\n|move|p2a: \u6069\u91cc\u514b\u2022\u666e\u5947|Bleakwind Storm|p1a: Sinistcha\n|-supereffective|p1a: Sinistcha\n|-damage|p1a: Sinistcha|0 fnt\n|faint|p1a: Sinistcha\n|\n|-heal|p2b: \u68d2\u6253NTR|90\/100|[from] Grassy Terrain\n|upkeep\n|-message|kirigayaxr forfeited.\n|\n|win|OPieceOfHeroGhost\n|raw|kirigayaxr's rating: 1368 &rarr; <strong>1354<\/strong><br \/>(-14 for losing)\n|raw|OPieceOfHeroGhost's rating: 1469 &rarr; <strong>1483<\/strong><br \/>(+14 for winning)\n|l|\u2606kirigayaxr\n","uploadtime":1700760881,"views":10,"p1id":"kirigayaxr","p2id":"opieceofheroghost","formatid":"gen9doublesou","rating":1354,"private":0,"password":""}