{"id":"gen9doublesou-1987855194","p1":"Trainer Pyrus","p2":"Lord Bromosalino","format":"[Gen 9] Doubles OU","log":"|j|\u2606Trainer Pyrus\n|j|\u2606Lord Bromosalino\n|t:|1699643043\n|gametype|doubles\n|player|p1|Trainer Pyrus|n-masters|1347\n|player|p2|Lord Bromosalino|170|1406\n|teamsize|p1|6\n|teamsize|p2|6\n|gen|9\n|tier|[Gen 9] Doubles OU\n|rated|\n|rule|Species Clause: Limit one of each Pok\u00e9mon\n|rule|OHKO Clause: OHKO moves are banned\n|rule|Evasion Moves Clause: Evasion moves are banned\n|rule|Gravity Sleep Clause: The combination of sleep-inducing moves with imperfect accuracy and Gravity or Gigantamax Orbeetle are banned\n|rule|Endless Battle Clause: Forcing endless battles is banned\n|rule|HP Percentage Mod: HP is shown in percentages\n|clearpoke\n|poke|p1|Typhlosion-Hisui, F|\n|poke|p1|Arcanine-Hisui, F|\n|poke|p1|Infernape, F|\n|poke|p1|Torkoal, M|\n|poke|p1|Talonflame, M|\n|poke|p1|Volcarona, F|\n|poke|p2|Haxorus, M|\n|poke|p2|Sylveon, F|\n|poke|p2|Kleavor, M|\n|poke|p2|Chandelure, M|\n|poke|p2|Tauros-Paldea-Aqua, M|\n|poke|p2|Magnezone|\n|teampreview\n|inactive|Battle timer is ON: inactive players will automatically lose when time's up. (requested by Lord Bromosalino)\n|c|\u2606Trainer Pyrus|glhf\n|\n|t:|1699643055\n|start\n|switch|p1a: Wukong|Infernape, F|100\/100\n|switch|p1b: Forjort|Arcanine-Hisui, F|100\/100\n|switch|p2a: Kleavor|Kleavor, M|100\/100\n|switch|p2b: Tauros|Tauros-Paldea-Aqua, M|100\/100\n|-ability|p1b: Forjort|Intimidate|boost\n|-unboost|p2a: Kleavor|atk|1\n|-unboost|p2b: Tauros|atk|1\n|turn|1\n|\n|t:|1699643068\n|move|p1a: Wukong|Fake Out|p2b: Tauros\n|-damage|p2b: Tauros|86\/100\n|cant|p2b: Tauros|flinch\n|move|p2a: Kleavor|Stone Edge|p1a: Wukong\n|-damage|p1a: Wukong|45\/100\n|move|p1b: Forjort|Rock Slide|p2b: Tauros|[spread] p2a\n|-miss|p1b: Forjort|p2b: Tauros\n|-supereffective|p2a: Kleavor\n|-enditem|p2a: Kleavor|Focus Sash\n|-damage|p2a: Kleavor|1\/100\n|\n|-heal|p2b: Tauros|92\/100|[from] item: Leftovers\n|upkeep\n|turn|2\n|\n|t:|1699643081\n|move|p1a: Wukong|Mach Punch|p2a: Kleavor\n|-damage|p2a: Kleavor|0 fnt\n|faint|p2a: Kleavor\n|move|p2b: Tauros|Bulk Up|p2b: Tauros\n|-boost|p2b: Tauros|atk|1\n|-boost|p2b: Tauros|def|1\n|move|p1b: Forjort|Rock Slide|p2b: Tauros\n|-resisted|p2b: Tauros\n|-damage|p2b: Tauros|69\/100\n|\n|-heal|p2b: Tauros|75\/100|[from] item: Leftovers\n|upkeep\n|\n|t:|1699643095\n|switch|p2a: Chandelure|Chandelure, M|100\/100\n|turn|3\n|\n|t:|1699643106\n|switch|p1b: Fuji|Torkoal, M|100\/100\n|-weather|SunnyDay|[from] ability: Drought|[of] p1b: Fuji\n|move|p2b: Tauros|Bulk Up|p2b: Tauros\n|-boost|p2b: Tauros|atk|1\n|-boost|p2b: Tauros|def|1\n|move|p1a: Wukong|Knock Off|p2a: Chandelure\n|-supereffective|p2a: Chandelure\n|-damage|p2a: Chandelure|2\/100\n|-enditem|p2a: Chandelure|Choice Specs|[from] move: Knock Off|[of] p1a: Wukong\n|move|p2a: Chandelure|Heat Wave|p1b: Fuji|[spread] p1a,p1b\n|-resisted|p1a: Wukong\n|-resisted|p1b: Fuji\n|-damage|p1a: Wukong|2\/100\n|-damage|p1b: Fuji|59\/100\n|\n|-weather|SunnyDay|[upkeep]\n|-heal|p2b: Tauros|81\/100|[from] item: Leftovers\n|upkeep\n|turn|4\n|\n|t:|1699643119\n|move|p2b: Tauros|Aqua Jet|p1a: Wukong\n|-supereffective|p1a: Wukong\n|-damage|p1a: Wukong|0 fnt\n|faint|p1a: Wukong\n|move|p2a: Chandelure|Shadow Ball|p1b: Fuji\n|-damage|p1b: Fuji|0 fnt\n|faint|p1b: Fuji\n|\n|-weather|SunnyDay|[upkeep]\n|-heal|p2b: Tauros|87\/100|[from] item: Leftovers\n|upkeep\n|\n|t:|1699643127\n|switch|p1a: Parker|Talonflame, M|100\/100\n|switch|p1b: Enta|Typhlosion-Hisui, F|100\/100\n|-item|p2b: Tauros|Leftovers|[from] ability: Frisk|[of] p1b: Enta|[identify]\n|turn|5\n|\n|t:|1699643153\n|-terastallize|p1b: Enta|Grass\n|move|p1a: Parker|Tailwind|p1a: Parker\n|-sidestart|p1: Trainer Pyrus|move: Tailwind\n|move|p2b: Tauros|Aqua Jet|p1b: Enta\n|-resisted|p1b: Enta\n|-damage|p1b: Enta|91\/100\n|move|p1b: Enta|Eruption|p2a: Chandelure|[spread] p2a,p2b\n|-resisted|p2a: Chandelure\n|-resisted|p2b: Tauros\n|-damage|p2a: Chandelure|0 fnt\n|-damage|p2b: Tauros|5\/100\n|faint|p2a: Chandelure\n|\n|-weather|SunnyDay|[upkeep]\n|-heal|p2b: Tauros|11\/100|[from] item: Leftovers\n|upkeep\n|\n|t:|1699643173\n|switch|p2a: Sylveon|Sylveon, F|100\/100\n|turn|6\n|\n|t:|1699643180\n|move|p2b: Tauros|Aqua Jet|p1a: Parker\n|-supereffective|p1a: Parker\n|-damage|p1a: Parker|60\/100\n|move|p1a: Parker|Taunt|p2a: Sylveon\n|-start|p2a: Sylveon|move: Taunt\n|move|p1b: Enta|Eruption|p2b: Tauros|[spread] p2a,p2b\n|-resisted|p2b: Tauros\n|-damage|p2a: Sylveon|24\/100\n|-damage|p2b: Tauros|0 fnt\n|faint|p2b: Tauros\n|move|p2a: Sylveon|Hyper Voice|p1b: Enta|[spread] p1a,p1b\n|-resisted|p1a: Parker\n|-damage|p1a: Parker|28\/100\n|-damage|p1b: Enta|35\/100\n|-enditem|p2a: Sylveon|Throat Spray\n|-boost|p2a: Sylveon|spa|1|[from] item: Throat Spray\n|\n|-weather|SunnyDay|[upkeep]\n|upkeep\n|\n|t:|1699643190\n|switch|p2b: Haxorus|Haxorus, M|100\/100\n|-ability|p2b: Haxorus|Mold Breaker\n|turn|7\n|\n|t:|1699643195\n|switch|p1b: Forjort|Arcanine-Hisui, F|100\/100\n|-ability|p1b: Forjort|Intimidate|boost\n|-unboost|p2a: Sylveon|atk|1\n|-unboost|p2b: Haxorus|atk|1\n|move|p1a: Parker|Will-O-Wisp|p2b: Haxorus\n|-status|p2b: Haxorus|brn\n|move|p2b: Haxorus|Dragon Dance|p2b: Haxorus\n|-boost|p2b: Haxorus|atk|1\n|-boost|p2b: Haxorus|spe|1\n|move|p2a: Sylveon|Hyper Voice|p1a: Parker|[spread] p1a,p1b\n|-resisted|p1a: Parker\n|-resisted|p1b: Forjort\n|-damage|p1a: Parker|0 fnt\n|-damage|p1b: Forjort|67\/100\n|faint|p1a: Parker\n|\n|-weather|none\n|-damage|p2b: Haxorus|94\/100 brn|[from] brn\n|upkeep\n|\n|t:|1699643206\n|switch|p1a: Enta|Typhlosion-Hisui, F, tera:Grass|35\/100\n|-item|p2b: Haxorus|Life Orb|[from] ability: Frisk|[of] p1a: Enta|[identify]\n|turn|8\n|\n|t:|1699643234\n|-terastallize|p2b: Haxorus|Fire\n|move|p1b: Forjort|Extreme Speed|p2a: Sylveon\n|-damage|p2a: Sylveon|0 fnt\n|faint|p2a: Sylveon\n|move|p1a: Enta|Infernal Parade|p2b: Haxorus\n|-damage|p2b: Haxorus|0 fnt\n|faint|p2b: Haxorus\n|\n|-sideend|p1: Trainer Pyrus|move: Tailwind\n|upkeep\n|inactive|Lord Bromosalino has 120 seconds left.\n|-message|Lord Bromosalino forfeited.\n|\n|win|Trainer Pyrus\n|raw|Trainer Pyrus's rating: 1347 &rarr; <strong>1370<\/strong><br \/>(+23 for winning)\n|raw|Lord Bromosalino's rating: 1406 &rarr; <strong>1383<\/strong><br \/>(-23 for losing)\n|l|\u2606Lord Bromosalino\n","uploadtime":1699643251,"views":8,"p1id":"trainerpyrus","p2id":"lordbromosalino","formatid":"gen9doublesou","rating":1370,"private":0,"password":""}