{"id":"gen9doublesou-1974508828","p1":"jrenner","p2":"Devrick Mundle","format":"[Gen 9] Doubles OU","log":"|j|\u2606jrenner\n|j|\u2606Devrick Mundle\n|t:|1698092869\n|gametype|doubles\n|player|p1|jrenner|102|1178\n|player|p2|Devrick Mundle|266|1061\n|teamsize|p1|6\n|teamsize|p2|6\n|gen|9\n|tier|[Gen 9] Doubles OU\n|rated|\n|rule|Species Clause: Limit one of each Pok\u00e9mon\n|rule|OHKO Clause: OHKO moves are banned\n|rule|Evasion Moves Clause: Evasion moves are banned\n|rule|Gravity Sleep Clause: The combination of sleep-inducing moves with imperfect accuracy and Gravity or Gigantamax Orbeetle are banned\n|rule|Endless Battle Clause: Forcing endless battles is banned\n|rule|HP Percentage Mod: HP is shown in percentages\n|clearpoke\n|poke|p1|Heracross, F|\n|poke|p1|Shaymin-Sky|\n|poke|p1|Manaphy|\n|poke|p1|Raichu, M|\n|poke|p1|Persian-Alola, M|\n|poke|p1|Snorlax, M|\n|poke|p2|Charjabug, F|\n|poke|p2|Gholdengo|\n|poke|p2|Flutter Mane|\n|poke|p2|Iron Moth|\n|poke|p2|Kommo-o, F|\n|poke|p2|Indeedee-F, F|\n|teampreview\n|inactive|Battle timer is ON: inactive players will automatically lose when time's up. (requested by Devrick Mundle)\n|\n|t:|1698092902\n|start\n|switch|p1a: Raichu|Raichu, M|100\/100\n|switch|p1b: Persian|Persian-Alola, M|100\/100\n|switch|p2a: Kommo-o|Kommo-o, F|100\/100\n|switch|p2b: Indeedee|Indeedee-F, F|100\/100\n|-fieldstart|move: Psychic Terrain|[from] ability: Psychic Surge|[of] p2b: Indeedee\n|turn|1\n|\n|t:|1698092911\n|move|p2b: Indeedee|Follow Me|p2b: Indeedee\n|-singleturn|p2b: Indeedee|move: Follow Me\n|move|p1a: Raichu|Nuzzle|p2b: Indeedee\n|-damage|p2b: Indeedee|94\/100\n|-status|p2b: Indeedee|par\n|move|p1b: Persian|Parting Shot|p2b: Indeedee\n|-unboost|p2b: Indeedee|atk|1\n|-unboost|p2b: Indeedee|spa|1\n|\n|t:|1698092921\n|switch|p1b: Snorlax|Snorlax, M|100\/100|[from] Parting Shot\n|move|p2a: Kommo-o|Clangorous Soul|p2a: Kommo-o\n|-boost|p2a: Kommo-o|atk|1\n|-boost|p2a: Kommo-o|def|1\n|-boost|p2a: Kommo-o|spa|1\n|-boost|p2a: Kommo-o|spd|1\n|-boost|p2a: Kommo-o|spe|1\n|-damage|p2a: Kommo-o|68\/100\n|-enditem|p2a: Kommo-o|Throat Spray\n|-boost|p2a: Kommo-o|spa|1|[from] item: Throat Spray\n|\n|upkeep\n|turn|2\n|\n|t:|1698092942\n|move|p2b: Indeedee|Follow Me|p2b: Indeedee\n|-singleturn|p2b: Indeedee|move: Follow Me\n|move|p2a: Kommo-o|Clanging Scales|p1b: Snorlax|[spread] p1a,p1b\n|-damage|p1a: Raichu|32\/100\n|-damage|p1b: Snorlax|66\/100\n|-unboost|p2a: Kommo-o|def|1\n|move|p1a: Raichu|Volt Switch|p2b: Indeedee\n|-crit|p2b: Indeedee\n|-damage|p2b: Indeedee|69\/100 par\n|inactive|jrenner has 120 seconds left.\n|\n|t:|1698092958\n|switch|p1a: Manaphy|Manaphy|100\/100|[from] Volt Switch\n|move|p1b: Snorlax|Double-Edge|p2b: Indeedee\n|-damage|p2b: Indeedee|18\/100 par\n|-damage|p1b: Snorlax|55\/100|[from] Recoil\n|\n|upkeep\n|turn|3\n|\n|t:|1698092970\n|-terastallize|p1a: Manaphy|Fairy\n|move|p2b: Indeedee|Helping Hand|p2a: Kommo-o\n|-singleturn|p2a: Kommo-o|Helping Hand|[of] p2b: Indeedee\n|move|p2a: Kommo-o|Clanging Scales|p1b: Snorlax|[spread] p1b\n|-immune|p1a: Manaphy\n|-damage|p1b: Snorlax|0 fnt\n|faint|p1b: Snorlax\n|-unboost|p2a: Kommo-o|def|1\n|move|p1a: Manaphy|Tail Glow|p1a: Manaphy\n|-boost|p1a: Manaphy|spa|3\n|\n|upkeep\n|\n|t:|1698092993\n|switch|p1b: Heracross|Heracross, F|100\/100\n|turn|4\n|\n|t:|1698093014\n|move|p2b: Indeedee|Follow Me|p2b: Indeedee\n|-singleturn|p2b: Indeedee|move: Follow Me\n|move|p1b: Heracross|Rock Slide|p2b: Indeedee|[spread] p2a,p2b\n|-resisted|p2a: Kommo-o\n|-damage|p2a: Kommo-o|54\/100\n|-damage|p2b: Indeedee|0 fnt\n|faint|p2b: Indeedee\n|-ability|p1b: Heracross|Moxie|boost\n|-boost|p1b: Heracross|atk|1\n|move|p2a: Kommo-o|Flash Cannon|p1a: Manaphy\n|-supereffective|p1a: Manaphy\n|-damage|p1a: Manaphy|12\/100\n|-enditem|p1a: Manaphy|Sitrus Berry|[eat]\n|-heal|p1a: Manaphy|37\/100|[from] item: Sitrus Berry\n|move|p1a: Manaphy|Tail Glow|p1a: Manaphy\n|-boost|p1a: Manaphy|spa|3\n|\n|upkeep\n|\n|t:|1698093032\n|switch|p2b: Iron Moth|Iron Moth|100\/100\n|-enditem|p2b: Iron Moth|Booster Energy\n|-activate|p2b: Iron Moth|ability: Quark Drive|[fromitem]\n|-start|p2b: Iron Moth|quarkdrivespe\n|turn|5\n|\n|t:|1698093041\n|switch|p1b: Persian|Persian-Alola, M|100\/100\n|move|p1a: Manaphy|Protect|p1a: Manaphy\n|-singleturn|p1a: Manaphy|Protect\n|move|p2b: Iron Moth|Heat Wave|p1b: Persian|[spread] p1b\n|-activate|p1a: Manaphy|move: Protect\n|-damage|p1b: Persian|53\/100\n|move|p2a: Kommo-o|Hyper Voice|p1a: Manaphy|[spread] p1b\n|-activate|p1a: Manaphy|move: Protect\n|-damage|p1b: Persian|0 fnt\n|faint|p1b: Persian\n|\n|-fieldend|move: Psychic Terrain\n|upkeep\n|\n|t:|1698093050\n|switch|p1b: Raichu|Raichu, M|32\/100\n|turn|6\n|\n|t:|1698093060\n|move|p1b: Raichu|Fake Out|p2a: Kommo-o\n|-damage|p2a: Kommo-o|42\/100\n|move|p2b: Iron Moth|Heat Wave|p1a: Manaphy|[spread] p1a,p1b\n|-damage|p1a: Manaphy|8\/100\n|-damage|p1b: Raichu|0 fnt\n|faint|p1b: Raichu\n|cant|p2a: Kommo-o|flinch\n|move|p1a: Manaphy|Dazzling Gleam|p2b: Iron Moth|[spread] p2a,p2b\n|-supereffective|p2a: Kommo-o\n|-resisted|p2b: Iron Moth\n|-damage|p2a: Kommo-o|0 fnt\n|-damage|p2b: Iron Moth|83\/100\n|faint|p2a: Kommo-o\n|\n|upkeep\n|\n|t:|1698093075\n|switch|p1b: Shaymin|Shaymin-Sky|100\/100\n|switch|p2a: Gholdengo|Gholdengo|100\/100\n|turn|7\n|l|\u2606Devrick Mundle\n|inactive|Devrick Mundle disconnected and has a minute to reconnect!\n|player|p2|\n|inactive|Devrick Mundle has 30 seconds to reconnect!\n|inactive|Devrick Mundle has 20 seconds to reconnect!\n|inactive|Devrick Mundle has 15 seconds to reconnect!\n|inactive|Devrick Mundle has 10 seconds to reconnect!\n|inactive|Devrick Mundle has 5 seconds to reconnect!\n|-message|Devrick Mundle lost due to inactivity.\n|\n|win|jrenner\n|raw|jrenner's rating: 1178 &rarr; <strong>1195<\/strong><br \/>(+17 for winning)\n|raw|Devrick Mundle's rating: 1061 &rarr; <strong>1048<\/strong><br \/>(-13 for losing)\n|j|\u2606Devrick Mundle\n|player|p2|Devrick Mundle|266\n|l|\u2606Devrick Mundle\n|player|p2|\n","uploadtime":1698093576,"views":10,"p1id":"jrenner","p2id":"devrickmundle","formatid":"gen9doublesou","rating":1048,"private":0,"password":""}