{"id":"gen9doublesou-1973322233","p1":"testerkitchen","p2":"NickDynamo","format":"[Gen 9] Doubles OU","log":"|j|\u2606testerkitchen\n|j|\u2606NickDynamo\n|t:|1697954434\n|gametype|doubles\n|player|p1|testerkitchen|2|1288\n|player|p2|NickDynamo|grimsley|1168\n|teamsize|p1|6\n|teamsize|p2|6\n|gen|9\n|tier|[Gen 9] Doubles OU\n|rated|\n|rule|Species Clause: Limit one of each Pok\u00e9mon\n|rule|OHKO Clause: OHKO moves are banned\n|rule|Evasion Moves Clause: Evasion moves are banned\n|rule|Gravity Sleep Clause: The combination of sleep-inducing moves with imperfect accuracy and Gravity or Gigantamax Orbeetle are banned\n|rule|Endless Battle Clause: Forcing endless battles is banned\n|rule|HP Percentage Mod: HP is shown in percentages\n|clearpoke\n|poke|p1|Baxcalibur, F|\n|poke|p1|Torkoal, M|\n|poke|p1|Walking Wake|\n|poke|p1|Gholdengo|\n|poke|p1|Amoonguss, F|\n|poke|p1|Rillaboom, F|\n|poke|p2|Flutter Mane|\n|poke|p2|Roaring Moon|\n|poke|p2|Basculegion-F, F|\n|poke|p2|Iron Hands|\n|poke|p2|Rillaboom, M|\n|poke|p2|Amoonguss, M|\n|teampreview\n|inactive|Battle timer is ON: inactive players will automatically lose when time's up. (requested by NickDynamo)\n|\n|t:|1697954466\n|start\n|switch|p1a: Amoonguss|Amoonguss, F|100\/100\n|switch|p1b: Rillaboom|Rillaboom, F|100\/100\n|switch|p2a: SHIESTY|Rillaboom, M, shiny|100\/100\n|switch|p2b: kiwi|Iron Hands|100\/100\n|-fieldstart|move: Grassy Terrain|[from] ability: Grassy Surge|[of] p2a: SHIESTY\n|turn|1\n|inactive|NickDynamo has 120 seconds left.\n|\n|t:|1697954503\n|-terastallize|p2b: kiwi|Grass\n|move|p2a: SHIESTY|Fake Out|p1a: Amoonguss\n|-damage|p1a: Amoonguss|84\/100\n|move|p1b: Rillaboom|Fake Out|p2b: kiwi\n|-damage|p2b: kiwi|92\/100\n|cant|p2b: kiwi|flinch\n|cant|p1a: Amoonguss|flinch\n|\n|-heal|p2b: kiwi|98\/100|[from] Grassy Terrain\n|-heal|p1a: Amoonguss|90\/100|[from] Grassy Terrain\n|upkeep\n|turn|2\n|inactive|testerkitchen has 120 seconds left.\n|\n|t:|1697954534\n|switch|p1a: Torkoal|Torkoal, M|100\/100\n|-weather|SunnyDay|[from] ability: Drought|[of] p1a: Torkoal\n|move|p1b: Rillaboom|U-turn|p2a: SHIESTY\n|-supereffective|p2a: SHIESTY\n|-damage|p2a: SHIESTY|45\/100\n|inactive|testerkitchen has 120 seconds left.\n|\n|t:|1697954541\n|switch|p1b: Walking Wake|Walking Wake|100\/100|[from] U-turn\n|-activate|p1b: Walking Wake|ability: Protosynthesis\n|-start|p1b: Walking Wake|protosynthesisspe\n|move|p2a: SHIESTY|Knock Off|p1a: Torkoal\n|-damage|p1a: Torkoal|79\/100\n|-enditem|p1a: Torkoal|Heat Rock|[from] move: Knock Off|[of] p2a: SHIESTY\n|move|p2b: kiwi|Belly Drum|p2b: kiwi\n|-damage|p2b: kiwi|48\/100\n|-setboost|p2b: kiwi|atk|6|[from] move: Belly Drum\n|-enditem|p2b: kiwi|Sitrus Berry|[eat]\n|-heal|p2b: kiwi|73\/100|[from] item: Sitrus Berry\n|\n|-weather|SunnyDay|[upkeep]\n|-heal|p2a: SHIESTY|51\/100|[from] Grassy Terrain\n|-heal|p2b: kiwi|79\/100|[from] Grassy Terrain\n|-heal|p1a: Torkoal|85\/100|[from] Grassy Terrain\n|upkeep\n|turn|3\n|inactive|testerkitchen has 120 seconds left.\n|\n|t:|1697954572\n|move|p2a: SHIESTY|Grassy Glide|p1b: Walking Wake\n|-damage|p1b: Walking Wake|56\/100\n|move|p1b: Walking Wake|Flamethrower|p2b: kiwi\n|-supereffective|p2b: kiwi\n|-crit|p2b: kiwi\n|-damage|p2b: kiwi|0 fnt\n|faint|p2b: kiwi\n|-end|p2b: kiwi|Quark Drive|[silent]\n|move|p1a: Torkoal|Lava Plume|p2a: SHIESTY|[spread] p1b,p2a\n|-resisted|p1b: Walking Wake\n|-supereffective|p2a: SHIESTY\n|-damage|p1b: Walking Wake|49\/100\n|-damage|p2a: SHIESTY|12\/100\n|-status|p2a: SHIESTY|brn\n|\n|-weather|SunnyDay|[upkeep]\n|-heal|p1b: Walking Wake|55\/100|[from] Grassy Terrain\n|-heal|p2a: SHIESTY|18\/100 brn|[from] Grassy Terrain\n|-heal|p1a: Torkoal|91\/100|[from] Grassy Terrain\n|-damage|p2a: SHIESTY|12\/100 brn|[from] brn\n|upkeep\n|inactive|NickDynamo has 120 seconds left.\n|\n|t:|1697954593\n|switch|p2b: AMON RA|Roaring Moon, shiny|100\/100\n|-activate|p2b: AMON RA|ability: Protosynthesis\n|-start|p2b: AMON RA|protosynthesisatk\n|turn|4\n|\n|t:|1697954608\n|-end|p1b: Walking Wake|Protosynthesis|[silent]\n|switch|p1b: Rillaboom|Rillaboom, F|100\/100\n|move|p2b: AMON RA|Tailwind|p2b: AMON RA\n|-sidestart|p2: NickDynamo|move: Tailwind\n|move|p2a: SHIESTY|Drain Punch|p1b: Rillaboom\n|-damage|p1b: Rillaboom|87\/100\n|-heal|p2a: SHIESTY|20\/100 brn|[from] drain|[of] p1b: Rillaboom\n|move|p1a: Torkoal|Yawn|p2b: AMON RA\n|-start|p2b: AMON RA|move: Yawn|[of] p1a: Torkoal\n|\n|-weather|SunnyDay|[upkeep]\n|-heal|p2a: SHIESTY|26\/100 brn|[from] Grassy Terrain\n|-heal|p1b: Rillaboom|94\/100|[from] Grassy Terrain\n|-heal|p1a: Torkoal|98\/100|[from] Grassy Terrain\n|-damage|p2a: SHIESTY|20\/100 brn|[from] brn\n|upkeep\n|turn|5\n|\n|t:|1697954636\n|-end|p2b: AMON RA|Protosynthesis|[silent]\n|switch|p2b: neymar|Flutter Mane, shiny|100\/100\n|-activate|p2b: neymar|ability: Protosynthesis\n|-start|p2b: neymar|protosynthesisspe\n|switch|p1a: Baxcalibur|Baxcalibur, F|100\/100\n|move|p1b: Rillaboom|Fake Out|p2b: neymar\n|-immune|p2b: neymar\n|move|p2a: SHIESTY|Knock Off|p1b: Rillaboom\n|-crit|p1b: Rillaboom\n|-damage|p1b: Rillaboom|71\/100\n|-enditem|p1b: Rillaboom|Assault Vest|[from] move: Knock Off|[of] p2a: SHIESTY\n|\n|-weather|SunnyDay|[upkeep]\n|-heal|p2a: SHIESTY|26\/100 brn|[from] Grassy Terrain\n|-heal|p1b: Rillaboom|77\/100|[from] Grassy Terrain\n|-damage|p2a: SHIESTY|20\/100 brn|[from] brn\n|-fieldend|move: Grassy Terrain\n|upkeep\n|turn|6\n|inactive|NickDynamo has 120 seconds left.\n|\n|t:|1697954673\n|switch|p1b: Amoonguss|Amoonguss, F|100\/100\n|-terastallize|p1a: Baxcalibur|Steel\n|move|p2b: neymar|Shadow Ball|p1a: Baxcalibur\n|-damage|p1a: Baxcalibur|33\/100\n|move|p2a: SHIESTY|Drain Punch|p1a: Baxcalibur\n|-supereffective|p1a: Baxcalibur\n|-damage|p1a: Baxcalibur|6\/100\n|-heal|p2a: SHIESTY|35\/100 brn|[from] drain|[of] p1a: Baxcalibur\n|move|p1a: Baxcalibur|Dragon Dance|p1a: Baxcalibur\n|-boost|p1a: Baxcalibur|atk|1\n|-boost|p1a: Baxcalibur|spe|1\n|\n|-weather|SunnyDay|[upkeep]\n|-damage|p2a: SHIESTY|29\/100 brn|[from] brn\n|upkeep\n|turn|7\n|inactive|NickDynamo has 120 seconds left.\n|\n|t:|1697954700\n|move|p1a: Baxcalibur|Protect|p1a: Baxcalibur\n|-singleturn|p1a: Baxcalibur|Protect\n|move|p2b: neymar|Shadow Ball|p1a: Baxcalibur\n|-activate|p1a: Baxcalibur|move: Protect\n|move|p2a: SHIESTY|Knock Off|p1a: Baxcalibur\n|-activate|p1a: Baxcalibur|move: Protect\n|move|p1b: Amoonguss|Spore|p2b: neymar\n|-status|p2b: neymar|slp|[from] move: Spore\n|\n|-weather|SunnyDay|[upkeep]\n|-damage|p2a: SHIESTY|23\/100 brn|[from] brn\n|-sideend|p2: NickDynamo|move: Tailwind\n|upkeep\n|turn|8\n|\n|t:|1697954723\n|cant|p2b: neymar|slp\n|move|p1a: Baxcalibur|Icicle Spear|p2a: SHIESTY\n|-supereffective|p2a: SHIESTY\n|-damage|p2a: SHIESTY|0 fnt\n|faint|p2a: SHIESTY\n|-hitcount|p2: SHIESTY|1\n|move|p1b: Amoonguss|Clear Smog|p2b: neymar\n|-damage|p2b: neymar|84\/100 slp\n|-clearboost|p2b: neymar\n|\n|-weather|SunnyDay|[upkeep]\n|upkeep\n|\n|t:|1697954739\n|switch|p2a: AMON RA|Roaring Moon, shiny|100\/100\n|-activate|p2a: AMON RA|ability: Protosynthesis\n|-start|p2a: AMON RA|protosynthesisatk\n|turn|9\n|\n|t:|1697954752\n|move|p1b: Amoonguss|Rage Powder|p1b: Amoonguss\n|-singleturn|p1b: Amoonguss|move: Rage Powder\n|cant|p2b: neymar|slp\n|move|p1a: Baxcalibur|Icicle Spear|p2a: AMON RA\n|-supereffective|p2a: AMON RA\n|-damage|p2a: AMON RA|45\/100\n|-supereffective|p2a: AMON RA\n|-damage|p2a: AMON RA|0 fnt\n|faint|p2a: AMON RA\n|-end|p2a: AMON RA|Protosynthesis|[silent]\n|-hitcount|p2: AMON RA|2\n|\n|-weather|none\n|-end|p2b: neymar|Protosynthesis\n|upkeep\n|\n|t:|1697954769\n|switch|p2a: Booty Bandit|Amoonguss, M, shiny|100\/100\n|turn|10\n|\n|t:|1697954780\n|move|p1b: Amoonguss|Rage Powder|p1b: Amoonguss\n|-singleturn|p1b: Amoonguss|move: Rage Powder\n|move|p2a: Booty Bandit|Rage Powder|p2a: Booty Bandit\n|-singleturn|p2a: Booty Bandit|move: Rage Powder\n|move|p1a: Baxcalibur|Icicle Spear|p2a: Booty Bandit\n|-supereffective|p2a: Booty Bandit\n|-damage|p2a: Booty Bandit|57\/100\n|-supereffective|p2a: Booty Bandit\n|-damage|p2a: Booty Bandit|15\/100\n|-supereffective|p2a: Booty Bandit\n|-damage|p2a: Booty Bandit|0 fnt\n|faint|p2a: Booty Bandit\n|-hitcount|p2: Booty Bandit|3\n|cant|p2b: neymar|slp\n|\n|upkeep\n|\n|t:|1697954789\n|switch|p2a: GANG|Basculegion-F, F, shiny|100\/100\n|turn|11\n|\n|t:|1697954804\n|move|p1b: Amoonguss|Rage Powder|p1b: Amoonguss\n|-singleturn|p1b: Amoonguss|move: Rage Powder\n|move|p2a: GANG|Last Respects|p1b: Amoonguss\n|-damage|p1b: Amoonguss|0 fnt\n|faint|p1b: Amoonguss\n|move|p1a: Baxcalibur|Icicle Spear|p2b: neymar\n|-damage|p2b: neymar|34\/100 slp\n|-damage|p2b: neymar|0 fnt\n|faint|p2b: neymar\n|-end|p2b: neymar|Protosynthesis|[silent]\n|-hitcount|p2: neymar|2\n|\n|upkeep\n|\n|t:|1697954816\n|switch|p1b: Rillaboom|Rillaboom, F|77\/100\n|-fieldstart|move: Grassy Terrain|[from] ability: Grassy Surge|[of] p1b: Rillaboom\n|turn|12\n|\n|t:|1697954832\n|move|p1b: Rillaboom|Grassy Glide|p2a: GANG\n|-supereffective|p2a: GANG\n|-damage|p2a: GANG|1\/100\n|move|p2a: GANG|Last Respects|p1b: Rillaboom\n|-crit|p1b: Rillaboom\n|-damage|p1b: Rillaboom|0 fnt\n|faint|p1b: Rillaboom\n|move|p1a: Baxcalibur|Glaive Rush|p2a: GANG\n|-damage|p2a: GANG|0 fnt\n|-singlemove|p1a: Baxcalibur|Glaive Rush|[silent]\n|faint|p2a: GANG\n|\n|win|testerkitchen\n|raw|testerkitchen's rating: 1288 &rarr; <strong>1305<\/strong><br \/>(+17 for winning)\n|raw|NickDynamo's rating: 1168 &rarr; <strong>1151<\/strong><br \/>(-17 for losing)\n|l|\u2606NickDynamo\n","uploadtime":1697954858,"views":16,"p1id":"testerkitchen","p2id":"nickdynamo","formatid":"gen9doublesou","rating":1151,"private":0,"password":""}