{"id":"gen9doublesou-1983212268","p1":"bananabaum","p2":"how is that","format":"[Gen 9] Doubles OU","log":"|j|\u2606bananabaum\n|j|\u2606how is that\n|t:|1699105844\n|gametype|doubles\n|player|p1|bananabaum|102|1149\n|player|p2|how is that|steven|1149\n|teamsize|p1|6\n|teamsize|p2|6\n|gen|9\n|tier|[Gen 9] Doubles OU\n|rated|\n|rule|Species Clause: Limit one of each Pok\u00e9mon\n|rule|OHKO Clause: OHKO moves are banned\n|rule|Evasion Moves Clause: Evasion moves are banned\n|rule|Gravity Sleep Clause: The combination of sleep-inducing moves with imperfect accuracy and Gravity or Gigantamax Orbeetle are banned\n|rule|Endless Battle Clause: Forcing endless battles is banned\n|rule|HP Percentage Mod: HP is shown in percentages\n|clearpoke\n|poke|p1|Iron Hands|\n|poke|p1|Cresselia, F|\n|poke|p1|Kingambit, F|\n|poke|p1|Armarouge, F|\n|poke|p1|Indeedee-F, F|\n|poke|p1|Ursaluna, F|\n|poke|p2|Lilligant, F|\n|poke|p2|Oricorio-Sensu, M|\n|poke|p2|Hydreigon, F|\n|poke|p2|Maushold-Four|\n|poke|p2|Krookodile, F|\n|poke|p2|Muk-Alola, M|\n|teampreview\n|c|\u2606how is that|hi gl hf\n|\n|t:|1699105874\n|start\n|switch|p1a: Cresselia|Cresselia, F, shiny|100\/100\n|switch|p1b: Iron Hands|Iron Hands|100\/100\n|switch|p2a: Lilligant|Lilligant, F, shiny|100\/100\n|switch|p2b: Oricorio|Oricorio-Sensu, M, shiny|100\/100\n|turn|1\n|\n|t:|1699105886\n|move|p1b: Iron Hands|Fake Out|p2a: Lilligant\n|-damage|p2a: Lilligant|75\/100\n|move|p2b: Oricorio|Tailwind|p2b: Oricorio\n|-sidestart|p2: how is that|move: Tailwind\n|cant|p2a: Lilligant|flinch\n|move|p1a: Cresselia|Trick Room|p1a: Cresselia\n|-fieldstart|move: Trick Room|[of] p1a: Cresselia\n|\n|-heal|p2a: Lilligant|81\/100|[from] item: Leftovers\n|upkeep\n|turn|2\n|\n|t:|1699105908\n|switch|p2b: Krookodile|Krookodile, F, shiny|100\/100\n|move|p1b: Iron Hands|Wild Charge|p2b: Krookodile\n|-immune|p2b: Krookodile\n|move|p1a: Cresselia|Light Screen|p1a: Cresselia\n|-sidestart|p1: bananabaum|move: Light Screen\n|move|p2a: Lilligant|Sleep Powder|p1b: Iron Hands|[miss]\n|-miss|p2a: Lilligant|p1b: Iron Hands\n|\n|-heal|p2a: Lilligant|87\/100|[from] item: Leftovers\n|upkeep\n|turn|3\n|\n|t:|1699105931\n|move|p1b: Iron Hands|Drain Punch|p2b: Krookodile\n|-supereffective|p2b: Krookodile\n|-damage|p2b: Krookodile|0 fnt\n|faint|p2b: Krookodile\n|move|p1a: Cresselia|Reflect|p1a: Cresselia\n|-sidestart|p1: bananabaum|Reflect\n|move|p2a: Lilligant|Sleep Powder|p1b: Iron Hands|[miss]\n|-miss|p2a: Lilligant|p1b: Iron Hands\n|\n|-heal|p2a: Lilligant|93\/100|[from] item: Leftovers\n|upkeep\n|\n|t:|1699105949\n|switch|p2b: Hydreigon|Hydreigon, F, shiny|100\/100\n|turn|4\n|\n|t:|1699105960\n|switch|p2b: Oricorio|Oricorio-Sensu, M, shiny|100\/100\n|move|p1a: Cresselia|Ally Switch|p1a: Cresselia\n|swap|p1a: Cresselia|1|[from] move: Ally Switch\n|move|p1a: Iron Hands|Play Rough|p2b: Oricorio|[miss]\n|-miss|p1a: Iron Hands|p2b: Oricorio\n|move|p2a: Lilligant|Sleep Powder|p1b: Cresselia\n|-status|p1b: Cresselia|slp|[from] move: Sleep Powder\n|\n|-heal|p2a: Lilligant|99\/100|[from] item: Leftovers\n|-sideend|p2: how is that|move: Tailwind\n|upkeep\n|turn|5\n|\n|t:|1699105984\n|-end|p1a: Iron Hands|Quark Drive|[silent]\n|switch|p1a: Armarouge|Armarouge, F|100\/100\n|switch|p2b: Muk|Muk-Alola, M, shiny|100\/100\n|cant|p1b: Cresselia|slp\n|move|p2a: Lilligant|Sleep Powder|p1a: Armarouge\n|-status|p1a: Armarouge|slp|[from] move: Sleep Powder\n|\n|-heal|p2a: Lilligant|100\/100|[from] item: Leftovers\n|-fieldend|move: Trick Room\n|upkeep\n|turn|6\n|c|\u2606bananabaum|Behinderte nuttesohn\n|n|\u203dbananabaum|bananabaum\n|c|&|\/log bananabaum was locked from talking by Artemis. (\u2606bananabaum: Behinderte nuttesohn)\n|c|&|\/raw <small>This action was done automatically. Want to learn more about the AI? <a href=\"https:\/\/www.smogon.com\/forums\/threads\/3570628\/#post-9056769\">Visit the information thread<\/a>.<\/small>\n|inactive|Battle timer is ON: inactive players will automatically lose when time's up. (requested by how is that)\n|-message|how is that forfeited.\n|\n|win|bananabaum\n|raw|bananabaum's rating: 1159 &rarr; <strong>1183<\/strong><br \/>(+24 for winning)\n|raw|how is that's rating: 1149 &rarr; <strong>1125<\/strong><br \/>(-24 for losing)\n","uploadtime":1699106007,"views":9,"p1id":"bananabaum","p2id":"howisthat","formatid":"gen9doublesou","rating":1125,"private":0,"password":""}