{"id":"gen9doublesou-1981252328","p1":"GDMaster1045","p2":"Thehombre","format":"[Gen 9] Doubles OU","log":"|j|\u2606GDMaster1045\n|j|\u2606Thehombre\n|t:|1698876566\n|gametype|doubles\n|player|p1|GDMaster1045|lance|1179\n|player|p2|Thehombre|169|1099\n|teamsize|p1|6\n|teamsize|p2|5\n|gen|9\n|tier|[Gen 9] Doubles OU\n|rated|\n|rule|Species Clause: Limit one of each Pok\u00e9mon\n|rule|OHKO Clause: OHKO moves are banned\n|rule|Evasion Moves Clause: Evasion moves are banned\n|rule|Gravity Sleep Clause: The combination of sleep-inducing moves with imperfect accuracy and Gravity or Gigantamax Orbeetle are banned\n|rule|Endless Battle Clause: Forcing endless battles is banned\n|rule|HP Percentage Mod: HP is shown in percentages\n|clearpoke\n|poke|p1|Sinistcha-Masterpiece|\n|poke|p1|Flutter Mane|\n|poke|p1|Landorus-Therian, M|\n|poke|p1|Glimmora, M|\n|poke|p1|Palafin, M|\n|poke|p1|Kommo-o, M|\n|poke|p2|Copperajah, F|\n|poke|p2|Bronzong|\n|poke|p2|Armarouge, F|\n|poke|p2|Torkoal, M|\n|poke|p2|Dipplin, M|\n|teampreview\n|inactive|Battle timer is ON: inactive players will automatically lose when time's up. (requested by GDMaster1045)\n|\n|t:|1698876573\n|start\n|switch|p1a: Glimmora|Glimmora, M|100\/100\n|switch|p1b: Palafin|Palafin, M, shiny|100\/100\n|switch|p2a: Copperajah|Copperajah, F|100\/100\n|switch|p2b: Bronzong|Bronzong|100\/100\n|turn|1\n|\n|t:|1698876588\n|move|p1b: Palafin|Flip Turn|p2a: Copperajah\n|-damage|p2a: Copperajah|78\/100\n|\n|t:|1698876592\n|detailschange|p1b: Palafin|Palafin-Hero, M, shiny\n|switch|p1b: Landorus|Landorus-Therian, M, shiny|100\/100|[from] Flip Turn\n|-ability|p1b: Landorus|Intimidate|boost\n|-unboost|p2a: Copperajah|atk|1\n|-unboost|p2b: Bronzong|atk|1\n|move|p1a: Glimmora|Stealth Rock|p2b: Bronzong\n|-sidestart|p2: Thehombre|move: Stealth Rock\n|move|p2a: Copperajah|Heavy Slam|p1a: Glimmora\n|-supereffective|p1a: Glimmora\n|-enditem|p1a: Glimmora|Focus Sash\n|-damage|p1a: Glimmora|1\/100\n|-activate|p1a: Glimmora|ability: Toxic Debris\n|-sidestart|p2: Thehombre|move: Toxic Spikes\n|move|p2b: Bronzong|Iron Defense|p2b: Bronzong\n|-boost|p2b: Bronzong|def|2\n|\n|-heal|p2a: Copperajah|84\/100|[from] item: Leftovers\n|upkeep\n|turn|2\n|\n|t:|1698876613\n|move|p1a: Glimmora|Spiky Shield|p1a: Glimmora\n|-singleturn|p1a: Glimmora|move: Protect\n|move|p1b: Landorus|Earthquake|p2a: Copperajah|[spread] p2a\n|-activate|p1a: Glimmora|move: Protect\n|-immune|p2b: Bronzong|[from] ability: Levitate\n|-supereffective|p2a: Copperajah\n|-damage|p2a: Copperajah|4\/100\n|move|p2a: Copperajah|Curse|p2a: Copperajah\n|-unboost|p2a: Copperajah|spe|1\n|-boost|p2a: Copperajah|atk|1\n|-boost|p2a: Copperajah|def|1\n|move|p2b: Bronzong|Trick Room|p2b: Bronzong\n|-fieldstart|move: Trick Room|[of] p2b: Bronzong\n|\n|-heal|p2a: Copperajah|10\/100|[from] item: Leftovers\n|upkeep\n|turn|3\n|\n|t:|1698876640\n|move|p2b: Bronzong|Gyro Ball|p1a: Glimmora\n|-supereffective|p1a: Glimmora\n|-damage|p1a: Glimmora|0 fnt\n|-activate|p1a: Glimmora|ability: Toxic Debris\n|-sidestart|p2: Thehombre|move: Toxic Spikes\n|faint|p1a: Glimmora\n|move|p2a: Copperajah|Heavy Slam|p1b: Landorus\n|-damage|p1b: Landorus|16\/100\n|-damage|p2a: Copperajah|0 fnt|[from] item: Rocky Helmet|[of] p1b: Landorus\n|faint|p2a: Copperajah\n|move|p1b: Landorus|Earthquake|p2b: Bronzong\n|-immune|p2b: Bronzong|[from] ability: Levitate\n|\n|upkeep\n|\n|t:|1698876656\n|switch|p2a: Torkoal|Torkoal, M|100\/100\n|switch|p1a: Sinistcha|Sinistcha-Masterpiece|100\/100\n|-damage|p2a: Torkoal|76\/100|[from] Stealth Rock\n|-status|p2a: Torkoal|tox\n|-heal|p1b: Landorus|40\/100|[from] ability: Hospitality|[of] p1a: Sinistcha\n|turn|4\n|\n|t:|1698876673\n|move|p2b: Bronzong|Gyro Ball|p1b: Landorus\n|-damage|p1b: Landorus|10\/100\n|-damage|p2b: Bronzong|84\/100|[from] item: Rocky Helmet|[of] p1b: Landorus\n|move|p2a: Torkoal|Heat Crash|p1a: Sinistcha\n|-supereffective|p1a: Sinistcha\n|-damage|p1a: Sinistcha|0 fnt\n|faint|p1a: Sinistcha\n|move|p1b: Landorus|Earthquake|p2b: Bronzong|[spread] p2a\n|-immune|p2b: Bronzong|[from] ability: Levitate\n|-supereffective|p2a: Torkoal\n|-damage|p2a: Torkoal|12\/100 tox\n|\n|-heal|p2b: Bronzong|90\/100|[from] item: Leftovers\n|-heal|p2a: Torkoal|18\/100 tox|[from] item: Leftovers\n|-damage|p2a: Torkoal|12\/100 tox|[from] psn\n|upkeep\n|inactive|GDMaster1045 has 120 seconds left.\n|\n|t:|1698876695\n|switch|p1a: Kommo-o|Kommo-o, M|100\/100\n|turn|5\n|\n|t:|1698876707\n|move|p1b: Landorus|Protect|p1b: Landorus\n|-singleturn|p1b: Landorus|Protect\n|move|p2b: Bronzong|Iron Defense|p2b: Bronzong\n|-boost|p2b: Bronzong|def|2\n|move|p2a: Torkoal|Heat Crash|p1b: Landorus\n|-activate|p1b: Landorus|move: Protect\n|move|p1a: Kommo-o|Clangorous Soul|p1a: Kommo-o\n|-boost|p1a: Kommo-o|atk|1\n|-boost|p1a: Kommo-o|def|1\n|-boost|p1a: Kommo-o|spa|1\n|-boost|p1a: Kommo-o|spd|1\n|-boost|p1a: Kommo-o|spe|1\n|-damage|p1a: Kommo-o|68\/100\n|-enditem|p1a: Kommo-o|Throat Spray\n|-boost|p1a: Kommo-o|spa|1|[from] item: Throat Spray\n|\n|-heal|p2b: Bronzong|96\/100|[from] item: Leftovers\n|-heal|p2a: Torkoal|18\/100 tox|[from] item: Leftovers\n|-damage|p2a: Torkoal|6\/100 tox|[from] psn\n|upkeep\n|turn|6\n|\n|t:|1698876731\n|-terastallize|p1a: Kommo-o|Steel\n|move|p2b: Bronzong|Body Press|p1a: Kommo-o\n|-supereffective|p1a: Kommo-o\n|-damage|p1a: Kommo-o|0 fnt\n|faint|p1a: Kommo-o\n|move|p2a: Torkoal|Heat Crash|p1b: Landorus\n|-damage|p1b: Landorus|0 fnt\n|-damage|p2a: Torkoal|0 fnt|[from] item: Rocky Helmet|[of] p1b: Landorus\n|faint|p1b: Landorus\n|faint|p2a: Torkoal\n|\n|-heal|p2b: Bronzong|100\/100|[from] item: Leftovers\n|-fieldend|move: Trick Room\n|upkeep\n|\n|t:|1698876751\n|switch|p1b: Flutter Mane|Flutter Mane|100\/100\n|switch|p1a: Palafin|Palafin-Hero, M, shiny|100\/100\n|switch|p2a: Armarouge|Armarouge, F|100\/100\n|-activate|p1a: Palafin|ability: Zero to Hero\n|-damage|p2a: Armarouge|76\/100|[from] Stealth Rock\n|-status|p2a: Armarouge|tox\n|-enditem|p1b: Flutter Mane|Booster Energy\n|-activate|p1b: Flutter Mane|ability: Protosynthesis|[fromitem]\n|-start|p1b: Flutter Mane|protosynthesisspe\n|turn|7\n|\n|t:|1698876774\n|-terastallize|p2b: Bronzong|Steel\n|move|p1b: Flutter Mane|Shadow Ball|p2b: Bronzong\n|-damage|p2b: Bronzong|74\/100\n|move|p1a: Palafin|Aqua Tail|p2a: Armarouge\n|-supereffective|p2a: Armarouge\n|-damage|p2a: Armarouge|0 fnt\n|faint|p2a: Armarouge\n|move|p2b: Bronzong|Trick Room|p2b: Bronzong\n|-fieldstart|move: Trick Room|[of] p2b: Bronzong\n|\n|-heal|p2b: Bronzong|80\/100|[from] item: Leftovers\n|upkeep\n|\n|t:|1698876782\n|switch|p2a: Dipplin|Dipplin, M|100\/100\n|-damage|p2a: Dipplin|88\/100|[from] Stealth Rock\n|-status|p2a: Dipplin|tox\n|-ability|p2a: Dipplin|Supersweet Syrup\n|-ability|p2a: Dipplin|Supersweet Syrup|boost\n|-unboost|p1a: Palafin|evasion|1\n|-unboost|p1b: Flutter Mane|evasion|1\n|turn|8\n|\n|t:|1698876797\n|move|p2b: Bronzong|Body Press|p1a: Palafin\n|-damage|p1a: Palafin|31\/100\n|-damage|p2b: Bronzong|63\/100|[from] item: Rocky Helmet|[of] p1a: Palafin\n|move|p2a: Dipplin|Pollen Puff|p2b: Bronzong\n|-heal|p2b: Bronzong|100\/100\n|move|p1a: Palafin|Close Combat|p2b: Bronzong\n|-supereffective|p2b: Bronzong\n|-damage|p2b: Bronzong|74\/100\n|-unboost|p1a: Palafin|def|1\n|-unboost|p1a: Palafin|spd|1\n|move|p1b: Flutter Mane|Moonblast|p2a: Dipplin\n|-supereffective|p2a: Dipplin\n|-damage|p2a: Dipplin|0 fnt\n|faint|p2a: Dipplin\n|\n|-heal|p2b: Bronzong|80\/100|[from] item: Leftovers\n|upkeep\n|turn|9\n|\n|t:|1698876822\n|move|p2b: Bronzong|Gyro Ball|p1b: Flutter Mane\n|-supereffective|p1b: Flutter Mane\n|-damage|p1b: Flutter Mane|0 fnt\n|faint|p1b: Flutter Mane\n|-end|p1b: Flutter Mane|Protosynthesis|[silent]\n|move|p1a: Palafin|Aqua Tail|p2b: Bronzong\n|-damage|p2b: Bronzong|64\/100\n|\n|-heal|p2b: Bronzong|70\/100|[from] item: Leftovers\n|upkeep\n|turn|10\n|c|\u2606GDMaster1045|gg\n|\n|t:|1698876832\n|move|p2b: Bronzong|Body Press|p1a: Palafin\n|-damage|p1a: Palafin|0 fnt\n|-damage|p2b: Bronzong|53\/100|[from] item: Rocky Helmet|[of] p1a: Palafin\n|faint|p1a: Palafin\n|\n|win|Thehombre\n|raw|GDMaster1045's rating: 1179 &rarr; <strong>1148<\/strong><br \/>(-31 for losing)\n|raw|Thehombre's rating: 1099 &rarr; <strong>1130<\/strong><br \/>(+31 for winning)\n","uploadtime":1698876839,"views":16,"p1id":"gdmaster1045","p2id":"thehombre","formatid":"gen9doublesou","rating":1130,"private":0,"password":""}