{"id":"gen9doublesou-1988503744","p1":"Hiusi guy %\u25d5\u203f\u203f\u25d5%","p2":"Penter","format":"[Gen 9] Doubles OU","log":"|j|\u2606Hiusi guy %\u25d5\u203f\u203f\u25d5%\n|j|\u2606Penter\n|inactive|Battle timer is ON: inactive players will automatically lose when time's up.\n|t:|1699729963\n|gametype|doubles\n|player|p1|Hiusi guy %\u25d5\u203f\u203f\u25d5%|alec-anime|\n|player|p2|Penter|n|\n|teamsize|p1|6\n|teamsize|p2|6\n|gen|9\n|tier|[Gen 9] Doubles OU\n|rated|Tournament battle\n|rule|Species Clause: Limit one of each Pok\u00e9mon\n|rule|OHKO Clause: OHKO moves are banned\n|rule|Evasion Moves Clause: Evasion moves are banned\n|rule|Gravity Sleep Clause: The combination of sleep-inducing moves with imperfect accuracy and Gravity or Gigantamax Orbeetle are banned\n|rule|Endless Battle Clause: Forcing endless battles is banned\n|rule|HP Percentage Mod: HP is shown in percentages\n|rule|2 Ability Clause: Limit 2 of each ability\n|clearpoke\n|poke|p1|Hatterene, F|\n|poke|p1|Iron Hands|\n|poke|p1|Kingambit, M|\n|poke|p1|Torkoal, M|\n|poke|p1|Ursaluna-Bloodmoon, M|\n|poke|p1|Oranguru, M|\n|poke|p2|Iron Hands|\n|poke|p2|Rillaboom, M|\n|poke|p2|Sinistcha|\n|poke|p2|Mew|\n|poke|p2|Roaring Moon|\n|poke|p2|Flutter Mane|\n|teampreview\n|j|*Lady Monita \u263d\n|\n|t:|1699729990\n|start\n|switch|p1a: Hatterene|Hatterene, F|100\/100\n|switch|p1b: Iron Hands|Iron Hands|100\/100\n|switch|p2a: Rillaboom|Rillaboom, M|100\/100\n|switch|p2b: Flutter Mane|Flutter Mane|100\/100\n|-fieldstart|move: Grassy Terrain|[from] ability: Grassy Surge|[of] p2a: Rillaboom\n|turn|1\n|\n|t:|1699730019\n|move|p1b: Iron Hands|Fake Out|p2a: Rillaboom\n|-damage|p2a: Rillaboom|81\/100\n|move|p2b: Flutter Mane|Shadow Ball|p1a: Hatterene\n|-supereffective|p1a: Hatterene\n|-enditem|p1a: Hatterene|Focus Sash\n|-damage|p1a: Hatterene|1\/100\n|cant|p2a: Rillaboom|flinch\n|move|p1a: Hatterene|Trick Room|p1a: Hatterene\n|-fieldstart|move: Trick Room|[of] p1a: Hatterene\n|\n|-heal|p1a: Hatterene|7\/100|[from] Grassy Terrain\n|-heal|p2a: Rillaboom|87\/100|[from] Grassy Terrain\n|upkeep\n|turn|2\n|\n|t:|1699730035\n|switch|p2b: Sinistcha|Sinistcha|100\/100\n|move|p1a: Hatterene|Psychic|p2a: Rillaboom\n|-damage|p2a: Rillaboom|52\/100\n|move|p1b: Iron Hands|Wild Charge|p2b: Sinistcha\n|-resisted|p2b: Sinistcha\n|-damage|p2b: Sinistcha|72\/100\n|move|p2a: Rillaboom|Wood Hammer|p1b: Iron Hands\n|-damage|p1b: Iron Hands|50\/100\n|-damage|p2a: Rillaboom|29\/100|[from] Recoil\n|\n|-heal|p1a: Hatterene|13\/100|[from] Grassy Terrain\n|-heal|p1b: Iron Hands|56\/100|[from] Grassy Terrain\n|-heal|p2b: Sinistcha|79\/100|[from] Grassy Terrain\n|-heal|p2a: Rillaboom|35\/100|[from] Grassy Terrain\n|upkeep\n|turn|3\n|\n|t:|1699730047\n|switch|p2a: Iron Hands|Iron Hands|100\/100\n|move|p1a: Hatterene|Dazzling Gleam|p2a: Iron Hands|[spread] p2a,p2b\n|-supereffective|p2a: Iron Hands\n|-crit|p2a: Iron Hands\n|-damage|p2a: Iron Hands|24\/100\n|-damage|p2b: Sinistcha|37\/100\n|-enditem|p2a: Iron Hands|Sitrus Berry|[eat]\n|-heal|p2a: Iron Hands|49\/100|[from] item: Sitrus Berry\n|-enditem|p2b: Sinistcha|Sitrus Berry|[eat]\n|-heal|p2b: Sinistcha|62\/100|[from] item: Sitrus Berry\n|move|p1b: Iron Hands|Ice Punch|p2b: Sinistcha\n|-supereffective|p2b: Sinistcha\n|-damage|p2b: Sinistcha|5\/100\n|move|p2b: Sinistcha|Calm Mind|p2b: Sinistcha\n|-boost|p2b: Sinistcha|spa|1\n|-boost|p2b: Sinistcha|spd|1\n|\n|-heal|p1a: Hatterene|19\/100|[from] Grassy Terrain\n|-heal|p1b: Iron Hands|63\/100|[from] Grassy Terrain\n|-heal|p2a: Iron Hands|55\/100|[from] Grassy Terrain\n|-heal|p2b: Sinistcha|11\/100|[from] Grassy Terrain\n|upkeep\n|turn|4\n|\n|t:|1699730071\n|move|p2a: Iron Hands|Drain Punch||[still]\n|cant|p1a: Hatterene|ability: Armor Tail|Drain Punch|[of] p2a: Iron Hands\n|move|p1a: Hatterene|Dazzling Gleam|p2b: Sinistcha|[spread] p2a,p2b\n|-supereffective|p2a: Iron Hands\n|-damage|p2a: Iron Hands|0 fnt\n|-damage|p2b: Sinistcha|0 fnt\n|faint|p2a: Iron Hands\n|faint|p2b: Sinistcha\n|move|p1b: Iron Hands|Wild Charge|p2: Iron Hands|[notarget]\n|-fail|p1b: Iron Hands\n|\n|-heal|p1a: Hatterene|25\/100|[from] Grassy Terrain\n|-heal|p1b: Iron Hands|69\/100|[from] Grassy Terrain\n|upkeep\n|\n|t:|1699730089\n|switch|p2a: Mew|Mew|100\/100\n|switch|p2b: Roaring Moon|Roaring Moon|100\/100\n|-ability|p2b: Roaring Moon|Intimidate|boost\n|-unboost|p1a: Hatterene|atk|1\n|-unboost|p1b: Iron Hands|atk|1\n|turn|5\n|\n|t:|1699730106\n|-terastallize|p2b: Roaring Moon|Poison\n|move|p2a: Mew|Stealth Rock|p1a: Hatterene\n|-sidestart|p1: Hiusi guy %\u25d5\u203f\u203f\u25d5%|move: Stealth Rock\n|move|p1a: Hatterene|Dazzling Gleam|p2b: Roaring Moon|[spread] p2a,p2b\n|-resisted|p2b: Roaring Moon\n|-damage|p2a: Mew|69\/100\n|-damage|p2b: Roaring Moon|85\/100\n|move|p1b: Iron Hands|Wild Charge|p2a: Mew\n|-damage|p2a: Mew|26\/100\n|-enditem|p2a: Mew|Sitrus Berry|[eat]\n|-heal|p2a: Mew|51\/100|[from] item: Sitrus Berry\n|move|p2b: Roaring Moon|U-turn|p1a: Hatterene\n|-damage|p1a: Hatterene|0 fnt\n|faint|p1a: Hatterene\n|\n|t:|1699730118\n|switch|p2b: Flutter Mane|Flutter Mane|100\/100|[from] U-turn\n|\n|-heal|p1b: Iron Hands|75\/100|[from] Grassy Terrain\n|-heal|p2a: Mew|57\/100|[from] Grassy Terrain\n|-fieldend|move: Trick Room\n|-fieldend|move: Grassy Terrain\n|upkeep\n|\n|t:|1699730122\n|switch|p1a: Oranguru|Oranguru, M|100\/100\n|-damage|p1a: Oranguru|88\/100|[from] Stealth Rock\n|turn|6\n|\n|t:|1699730146\n|switch|p1b: Kingambit|Kingambit, M|100\/100\n|-damage|p1b: Kingambit|94\/100|[from] Stealth Rock\n|-ability|p1b: Kingambit|Sword of Ruin\n|move|p2b: Flutter Mane|Dazzling Gleam|p1b: Kingambit|[spread] p1a,p1b\n|-damage|p1a: Oranguru|42\/100\n|-damage|p1b: Kingambit|42\/100\n|move|p2a: Mew|Snarl|p1b: Kingambit|[spread] p1a,p1b\n|-supereffective|p1a: Oranguru\n|-resisted|p1b: Kingambit\n|-damage|p1a: Oranguru|27\/100\n|-damage|p1b: Kingambit|38\/100\n|-unboost|p1a: Oranguru|spa|1\n|move|p1a: Oranguru|Trick Room|p1a: Oranguru\n|-fieldstart|move: Trick Room|[of] p1a: Oranguru\n|\n|-heal|p1a: Oranguru|33\/100|[from] item: Leftovers\n|upkeep\n|turn|7\n|\n|t:|1699730172\n|switch|p2b: Roaring Moon|Roaring Moon, tera:Poison|85\/100\n|-ability|p2b: Roaring Moon|Intimidate|boost\n|-unboost|p1a: Oranguru|atk|1\n|-fail|p1b: Kingambit|unboost|[from] item: Clear Amulet|[of] p1b: Kingambit\n|move|p2a: Mew|Life Dew|p2a: Mew|[spread] p2a,p2b\n|-heal|p2a: Mew|82\/100\n|-heal|p2b: Roaring Moon|100\/100\n|move|p1b: Kingambit|Kowtow Cleave|p2b: Roaring Moon\n|-damage|p2b: Roaring Moon|14\/100\n|move|p1a: Oranguru|Instruct|p1b: Kingambit\n|-singleturn|p1b: Kingambit|move: Instruct|[of] p1a: Oranguru\n|move|p1b: Kingambit|Kowtow Cleave|p2b: Roaring Moon\n|-damage|p2b: Roaring Moon|0 fnt\n|faint|p2b: Roaring Moon\n|\n|-heal|p1a: Oranguru|39\/100|[from] item: Leftovers\n|upkeep\n|\n|t:|1699730177\n|switch|p2b: Rillaboom|Rillaboom, M|35\/100\n|-fieldstart|move: Grassy Terrain|[from] ability: Grassy Surge|[of] p2b: Rillaboom\n|turn|8\n|\n|t:|1699730189\n|move|p2b: Rillaboom|Fake Out||[still]\n|cant|p1a: Oranguru|ability: Armor Tail|Fake Out|[of] p2b: Rillaboom\n|move|p2a: Mew|Life Dew|p2a: Mew|[spread] p2a,p2b\n|-heal|p2a: Mew|100\/100\n|-heal|p2b: Rillaboom|60\/100\n|move|p1b: Kingambit|Kowtow Cleave|p2a: Mew\n|-supereffective|p2a: Mew\n|-damage|p2a: Mew|0 fnt\n|faint|p2a: Mew\n|move|p1a: Oranguru|Instruct|p1b: Kingambit\n|-singleturn|p1b: Kingambit|move: Instruct|[of] p1a: Oranguru\n|move|p1b: Kingambit|Kowtow Cleave|p2b: Rillaboom\n|-damage|p2b: Rillaboom|0 fnt\n|faint|p2b: Rillaboom\n|\n|-heal|p1b: Kingambit|44\/100|[from] Grassy Terrain\n|-heal|p1a: Oranguru|45\/100|[from] Grassy Terrain\n|-heal|p1a: Oranguru|51\/100|[from] item: Leftovers\n|upkeep\n|\n|t:|1699730196\n|switch|p2a: Flutter Mane|Flutter Mane|100\/100\n|turn|9\n|\n|t:|1699730202\n|move|p1b: Kingambit|Iron Head|p2a: Flutter Mane\n|-supereffective|p2a: Flutter Mane\n|-damage|p2a: Flutter Mane|0 fnt\n|faint|p2a: Flutter Mane\n|\n|win|Hiusi guy %\u25d5\u203f\u203f\u25d5%\n|n|\u2606Hiusi guy %\u25d5\u203f\u203f\u25d5%|hiusiguy\n|n|\u2606Penter|penter\n|n|*Lady Monita \u263d|ladymonita\n","uploadtime":1699730203,"views":46,"p1id":"hiusiguy","p2id":"penter","formatid":"gen9doublesou","rating":0,"private":0,"password":""}