{"id":"gen9doublesou-1992727157","p1":"bigbranonbampus","p2":"zeref203","format":"[Gen 9] Doubles OU","log":"|j|\u2606bigbranonbampus\n|j|\u2606zeref203\n|t:|1700229673\n|gametype|doubles\n|player|p1|bigbranonbampus|hiker|1190\n|player|p2|zeref203|266|1218\n|teamsize|p1|6\n|teamsize|p2|6\n|gen|9\n|tier|[Gen 9] Doubles OU\n|rated|\n|rule|Species Clause: Limit one of each Pok\u00e9mon\n|rule|OHKO Clause: OHKO moves are banned\n|rule|Evasion Moves Clause: Evasion moves are banned\n|rule|Gravity Sleep Clause: The combination of sleep-inducing moves with imperfect accuracy and Gravity or Gigantamax Orbeetle are banned\n|rule|Endless Battle Clause: Forcing endless battles is banned\n|rule|HP Percentage Mod: HP is shown in percentages\n|clearpoke\n|poke|p1|Sneasler, F|\n|poke|p1|Scream Tail|\n|poke|p1|Ninetales, F|\n|poke|p1|Baxcalibur, M|\n|poke|p1|Ogerpon-Cornerstone, F|\n|poke|p1|Ceruledge, F|\n|poke|p2|Great Tusk|\n|poke|p2|Ninetales, M|\n|poke|p2|Sableye, M|\n|poke|p2|Flutter Mane|\n|poke|p2|Goodra-Hisui, M|\n|poke|p2|Arboliva, F|\n|teampreview\n|inactive|Battle timer is ON: inactive players will automatically lose when time's up. (requested by zeref203)\n|inactive|bigbranonbampus also wants the timer to be on.\n|\n|t:|1700229681\n|start\n|switch|p1a: Ceruledge|Ceruledge, F|100\/100\n|switch|p1b: Sneasler|Sneasler, F|100\/100\n|switch|p2a: Benimaru|Ninetales, M|100\/100\n|switch|p2b: Milim|Flutter Mane|100\/100\n|-weather|SunnyDay|[from] ability: Drought|[of] p2a: Benimaru\n|-activate|p2b: Milim|ability: Protosynthesis\n|-start|p2b: Milim|protosynthesisspe\n|turn|1\n|inactive|bigbranonbampus has 120 seconds left.\n|\n|t:|1700229713\n|move|p2b: Milim|Dazzling Gleam|p1b: Sneasler|[spread] p1a,p1b\n|-resisted|p1a: Ceruledge\n|-damage|p1a: Ceruledge|78\/100\n|-damage|p1b: Sneasler|49\/100\n|move|p1b: Sneasler|Dire Claw|p2b: Milim\n|-damage|p2b: Milim|21\/100\n|-status|p2b: Milim|psn|[from] ability: Poison Touch|[of] p1b: Sneasler\n|move|p2a: Benimaru|Dark Pulse|p1a: Ceruledge\n|-supereffective|p1a: Ceruledge\n|-damage|p1a: Ceruledge|30\/100\n|move|p1a: Ceruledge|Bitter Blade|p2b: Milim\n|-damage|p2b: Milim|0 fnt\n|-heal|p1a: Ceruledge|40\/100|[from] drain|[of] p2b: Milim\n|faint|p2b: Milim\n|-end|p2b: Milim|Protosynthesis|[silent]\n|\n|-weather|SunnyDay|[upkeep]\n|upkeep\n|\n|t:|1700229728\n|switch|p2b: Geld|Great Tusk|100\/100\n|-activate|p2b: Geld|ability: Protosynthesis\n|-start|p2b: Geld|protosynthesisatk\n|turn|2\n|\n|t:|1700229743\n|switch|p1a: Scream Tail|Scream Tail|100\/100\n|-activate|p1a: Scream Tail|ability: Protosynthesis\n|-start|p1a: Scream Tail|protosynthesisspe\n|move|p1b: Sneasler|Dire Claw|p2b: Geld\n|-resisted|p2b: Geld\n|-damage|p2b: Geld|86\/100\n|-status|p2b: Geld|par\n|move|p2a: Benimaru|Dark Pulse|p1a: Scream Tail\n|-crit|p1a: Scream Tail\n|-damage|p1a: Scream Tail|78\/100\n|move|p2b: Geld|Headlong Rush|p1b: Sneasler\n|-supereffective|p1b: Sneasler\n|-damage|p1b: Sneasler|0 fnt\n|-unboost|p2b: Geld|def|1\n|-unboost|p2b: Geld|spd|1\n|-enditem|p2b: Geld|Eject Pack\n|faint|p1b: Sneasler\n|\n|t:|1700229763\n|-end|p2b: Geld|Protosynthesis|[silent]\n|switch|p2b: Diablo|Sableye, M, shiny|100\/100\n|\n|-weather|SunnyDay|[upkeep]\n|-heal|p1a: Scream Tail|84\/100|[from] item: Leftovers\n|upkeep\n|\n|t:|1700229776\n|switch|p1b: Ogerpon|Ogerpon-Cornerstone, F|100\/100\n|turn|3\n|\n|t:|1700229791\n|-terastallize|p1b: Ogerpon|Rock\n|detailschange|p1b: Ogerpon|Ogerpon-Cornerstone-Tera, F, tera:Rock\n|-ability|p1b: Ogerpon|Embody Aspect (Cornerstone)|boost\n|-boost|p1b: Ogerpon|def|1\n|move|p2b: Diablo|Taunt|p1a: Scream Tail\n|-start|p1a: Scream Tail|move: Taunt\n|cant|p1a: Scream Tail|move: Taunt|Howl\n|move|p1b: Ogerpon|Ivy Cudgel|p2a: Benimaru|[anim] Ivy Cudgel Rock\n|-supereffective|p2a: Benimaru\n|-damage|p2a: Benimaru|0 fnt\n|faint|p2a: Benimaru\n|\n|-weather|SunnyDay|[upkeep]\n|-heal|p1a: Scream Tail|91\/100|[from] item: Leftovers\n|upkeep\n|\n|t:|1700229805\n|switch|p2a: Geld|Great Tusk|86\/100 par\n|-activate|p2a: Geld|ability: Protosynthesis\n|-start|p2a: Geld|protosynthesisatk\n|turn|4\n|\n|t:|1700229814\n|move|p1b: Ogerpon|Spiky Shield|p1b: Ogerpon\n|-singleturn|p1b: Ogerpon|move: Protect\n|move|p2b: Diablo|Will-O-Wisp|p1b: Ogerpon\n|-activate|p1b: Ogerpon|move: Protect\n|move|p1a: Scream Tail|Dazzling Gleam|p2a: Geld|[spread] p2a,p2b\n|-supereffective|p2a: Geld\n|-supereffective|p2b: Diablo\n|-damage|p2a: Geld|50\/100 par\n|-damage|p2b: Diablo|71\/100\n|move|p2a: Geld|Close Combat|p1b: Ogerpon\n|-activate|p1b: Ogerpon|move: Protect\n|-damage|p2a: Geld|38\/100 par|[from] Spiky Shield|[of] p1b: Ogerpon\n|\n|-weather|SunnyDay|[upkeep]\n|-heal|p1a: Scream Tail|97\/100|[from] item: Leftovers\n|-heal|p2b: Diablo|77\/100|[from] item: Leftovers\n|upkeep\n|turn|5\n|\n|t:|1700229838\n|switch|p1b: Baxcalibur|Baxcalibur, M|100\/100\n|move|p2b: Diablo|Encore||[still]\n|-fail|p2b: Diablo\n|move|p1a: Scream Tail|Dazzling Gleam|p2a: Geld|[spread] p2a,p2b\n|-supereffective|p2a: Geld\n|-supereffective|p2b: Diablo\n|-damage|p2a: Geld|3\/100 par\n|-damage|p2b: Diablo|45\/100\n|move|p2a: Geld|Headlong Rush|p1a: Scream Tail\n|-damage|p1a: Scream Tail|35\/100\n|-unboost|p2a: Geld|def|1\n|-unboost|p2a: Geld|spd|1\n|\n|-weather|SunnyDay|[upkeep]\n|-heal|p1a: Scream Tail|41\/100|[from] item: Leftovers\n|-heal|p2b: Diablo|51\/100|[from] item: Leftovers\n|-end|p1a: Scream Tail|move: Taunt\n|upkeep\n|turn|6\n|\n|t:|1700229865\n|move|p1a: Scream Tail|Protect|p1a: Scream Tail\n|-singleturn|p1a: Scream Tail|Protect\n|move|p1b: Baxcalibur|Ice Shard|p2a: Geld\n|-supereffective|p2a: Geld\n|-damage|p2a: Geld|0 fnt\n|faint|p2a: Geld\n|-end|p2a: Geld|Protosynthesis|[silent]\n|move|p2b: Diablo|Will-O-Wisp|p1a: Scream Tail\n|-activate|p1a: Scream Tail|move: Protect\n|\n|-weather|SunnyDay|[upkeep]\n|-heal|p1a: Scream Tail|48\/100|[from] item: Leftovers\n|-heal|p2b: Diablo|57\/100|[from] item: Leftovers\n|upkeep\n|\n|t:|1700229869\n|switch|p2a: RIimiru|Goodra-Hisui, M|100\/100\n|turn|7\n|\n|t:|1700229886\n|-terastallize|p2a: RIimiru|Water\n|move|p2b: Diablo|Encore|p1a: Scream Tail\n|-start|p1a: Scream Tail|Encore\n|move|p1a: Scream Tail|Protect||[still]\n|-fail|p1a: Scream Tail\n|move|p1b: Baxcalibur|Dragon Dance|p1b: Baxcalibur\n|-boost|p1b: Baxcalibur|atk|1\n|-boost|p1b: Baxcalibur|spe|1\n|move|p2a: RIimiru|Iron Head|p1b: Baxcalibur\n|-supereffective|p1b: Baxcalibur\n|-damage|p1b: Baxcalibur|29\/100\n|\n|-weather|SunnyDay|[upkeep]\n|-heal|p1a: Scream Tail|54\/100|[from] item: Leftovers\n|-heal|p2b: Diablo|63\/100|[from] item: Leftovers\n|upkeep\n|turn|8\n|\n|t:|1700229909\n|-end|p1a: Scream Tail|Protosynthesis|[silent]\n|switch|p1a: Ceruledge|Ceruledge, F|40\/100\n|move|p1b: Baxcalibur|Ice Shard|p2b: Diablo\n|-damage|p2b: Diablo|12\/100\n|move|p2b: Diablo|Encore|p1b: Baxcalibur\n|-start|p1b: Baxcalibur|Encore\n|move|p2a: RIimiru|Iron Head|p1b: Baxcalibur\n|-supereffective|p1b: Baxcalibur\n|-damage|p1b: Baxcalibur|0 fnt\n|faint|p1b: Baxcalibur\n|\n|-weather|none\n|-heal|p2b: Diablo|18\/100|[from] item: Leftovers\n|upkeep\n|\n|t:|1700229919\n|switch|p1b: Ninetales|Ninetales, F|100\/100\n|-weather|SunnyDay|[from] ability: Drought|[of] p1b: Ninetales\n|turn|9\n|\n|t:|1700229933\n|move|p2b: Diablo|Taunt|p1b: Ninetales\n|-start|p1b: Ninetales|move: Taunt\n|cant|p1b: Ninetales|move: Taunt|Hypnosis\n|move|p1a: Ceruledge|Bitter Blade|p2b: Diablo\n|-damage|p2b: Diablo|0 fnt\n|-heal|p1a: Ceruledge|49\/100|[from] drain|[of] p2b: Diablo\n|faint|p2b: Diablo\n|move|p2a: RIimiru|Rock Slide|p1b: Ninetales|[spread] p1a,p1b\n|-supereffective|p1a: Ceruledge\n|-supereffective|p1b: Ninetales\n|-damage|p1a: Ceruledge|0 fnt\n|-damage|p1b: Ninetales|54\/100\n|faint|p1a: Ceruledge\n|\n|-weather|SunnyDay|[upkeep]\n|upkeep\n|\n|t:|1700229948\n|switch|p1a: Ogerpon|Ogerpon-Cornerstone-Tera, F, tera:Rock|100\/100\n|switch|p2b: Shion|Arboliva, F|100\/100\n|-ability|p1a: Ogerpon|Embody Aspect (Cornerstone)|boost\n|-boost|p1a: Ogerpon|def|1\n|turn|10\n|\n|t:|1700229960\n|move|p2b: Shion|Protect|p2b: Shion\n|-singleturn|p2b: Shion|Protect\n|move|p1a: Ogerpon|Trailblaze|p2a: RIimiru\n|-ability|p2a: RIimiru|Sap Sipper|boost\n|-boost|p2a: RIimiru|atk|1\n|move|p1b: Ninetales|Overheat|p2b: Shion\n|-activate|p2b: Shion|move: Protect\n|move|p2a: RIimiru|Iron Head|p1a: Ogerpon\n|-supereffective|p1a: Ogerpon\n|-damage|p1a: Ogerpon|0 fnt\n|faint|p1a: Ogerpon\n|\n|-weather|SunnyDay|[upkeep]\n|upkeep\n|\n|t:|1700229969\n|switch|p1a: Scream Tail|Scream Tail|54\/100\n|-activate|p1a: Scream Tail|ability: Protosynthesis\n|-start|p1a: Scream Tail|protosynthesisspe\n|turn|11\n|-message|bigbranonbampus forfeited.\n|\n|win|zeref203\n|raw|bigbranonbampus's rating: 1190 &rarr; <strong>1167<\/strong><br \/>(-23 for losing)\n|raw|zeref203's rating: 1218 &rarr; <strong>1241<\/strong><br \/>(+23 for winning)\n|l|\u2606bigbranonbampus\n","uploadtime":1700229982,"views":23,"p1id":"bigbranonbampus","p2id":"zeref203","formatid":"gen9doublesou","rating":1167,"private":0,"password":""}