{"id":"gen9doublesou-1972518239","p1":"RogueLax","p2":"Frolai","format":"[Gen 9] Doubles OU","log":"|j|\u2606RogueLax\n|j|\u2606Frolai\n|t:|1697852054\n|gametype|doubles\n|player|p1|RogueLax|266|1268\n|player|p2|Frolai|265|1169\n|teamsize|p1|6\n|teamsize|p2|6\n|gen|9\n|tier|[Gen 9] Doubles OU\n|rated|\n|rule|Species Clause: Limit one of each Pok\u00e9mon\n|rule|OHKO Clause: OHKO moves are banned\n|rule|Evasion Moves Clause: Evasion moves are banned\n|rule|Gravity Sleep Clause: The combination of sleep-inducing moves with imperfect accuracy and Gravity or Gigantamax Orbeetle are banned\n|rule|Endless Battle Clause: Forcing endless battles is banned\n|rule|HP Percentage Mod: HP is shown in percentages\n|clearpoke\n|poke|p1|Iron Hands|\n|poke|p1|Slowking-Galar, M|\n|poke|p1|Ogerpon-Wellspring, F|\n|poke|p1|Tornadus, M|\n|poke|p1|Gholdengo|\n|poke|p1|Braviary-Hisui, M|\n|poke|p2|Flutter Mane|\n|poke|p2|Palafin, M|\n|poke|p2|Ninetales-Alola, M|\n|poke|p2|Meowscarada, F|\n|poke|p2|Meloetta|\n|poke|p2|Skeledirge, M|\n|teampreview\n|\n|t:|1697852070\n|start\n|switch|p1a: Slowking|Slowking-Galar, M|100\/100\n|switch|p1b: Iron Hands|Iron Hands|100\/100\n|switch|p2a: Ninetales|Ninetales-Alola, M|100\/100\n|switch|p2b: Palafin|Palafin, M|100\/100\n|-weather|Snow|[from] ability: Snow Warning|[of] p2a: Ninetales\n|turn|1\n|inactive|Battle timer is ON: inactive players will automatically lose when time's up. (requested by RogueLax)\n|\n|t:|1697852095\n|detailschange|p2b: Palafin|Palafin-Hero, M\n|switch|p2b: Meowscarada|Meowscarada, F|100\/100\n|move|p1b: Iron Hands|Fake Out|p2a: Ninetales\n|-damage|p2a: Ninetales|83\/100\n|-damage|p1b: Iron Hands|90\/100|[from] item: Life Orb\n|cant|p2a: Ninetales|flinch\n|move|p1a: Slowking|Trick Room|p1a: Slowking\n|-fieldstart|move: Trick Room|[of] p1a: Slowking\n|\n|-weather|Snow|[upkeep]\n|upkeep\n|turn|2\n|\n|t:|1697852121\n|move|p1a: Slowking|Sludge Bomb|p2b: Meowscarada\n|-supereffective|p2b: Meowscarada\n|-damage|p2b: Meowscarada|0 fnt\n|faint|p2b: Meowscarada\n|move|p1b: Iron Hands|Wild Charge|p2a: Ninetales\n|-damage|p2a: Ninetales|27\/100\n|-damage|p1b: Iron Hands|80\/100|[from] Recoil\n|-damage|p1b: Iron Hands|70\/100|[from] item: Life Orb\n|move|p2a: Ninetales|Aurora Veil|p2a: Ninetales\n|-sidestart|p2: Frolai|move: Aurora Veil\n|\n|-weather|Snow|[upkeep]\n|upkeep\n|inactive|Frolai has 120 seconds left.\n|\n|t:|1697852133\n|switch|p2b: Skeledirge|Skeledirge, M|100\/100\n|turn|3\n|\n|t:|1697852145\n|switch|p2a: Meloetta|Meloetta|100\/100\n|move|p1a: Slowking|Sludge Bomb|p2a: Meloetta\n|-damage|p2a: Meloetta|80\/100\n|move|p1b: Iron Hands|Wild Charge|p2b: Skeledirge\n|-damage|p2b: Skeledirge|61\/100\n|-damage|p1b: Iron Hands|60\/100|[from] Recoil\n|-damage|p1b: Iron Hands|50\/100|[from] item: Life Orb\n|move|p2b: Skeledirge|Shadow Ball|p1a: Slowking\n|-supereffective|p1a: Slowking\n|-damage|p1a: Slowking|19\/100\n|\n|-weather|Snow|[upkeep]\n|-heal|p1a: Slowking|25\/100|[from] item: Leftovers\n|-heal|p2b: Skeledirge|67\/100|[from] item: Leftovers\n|upkeep\n|turn|4\n|\n|t:|1697852170\n|move|p1a: Slowking|Sludge Bomb|p2a: Meloetta\n|-damage|p2a: Meloetta|58\/100\n|move|p1b: Iron Hands|Wild Charge|p2b: Skeledirge\n|-damage|p2b: Skeledirge|29\/100\n|-damage|p1b: Iron Hands|42\/100|[from] Recoil\n|-damage|p1b: Iron Hands|32\/100|[from] item: Life Orb\n|move|p2b: Skeledirge|Will-O-Wisp|p1b: Iron Hands\n|-status|p1b: Iron Hands|brn\n|move|p2a: Meloetta|Relic Song|p1a: Slowking|[spread] p1a,p1b\n|-crit|p1b: Iron Hands\n|-damage|p1a: Slowking|0 fnt\n|-damage|p1b: Iron Hands|0 fnt\n|faint|p1a: Slowking\n|faint|p1b: Iron Hands\n|-end|p1b: Iron Hands|Quark Drive|[silent]\n|-formechange|p2a: Meloetta|Meloetta-Pirouette|[msg]\n|\n|-weather|Snow|[upkeep]\n|-heal|p2b: Skeledirge|35\/100|[from] item: Leftovers\n|upkeep\n|inactive|RogueLax has 120 seconds left.\n|\n|t:|1697852194\n|switch|p1a: Gholdengo|Gholdengo|100\/100\n|switch|p1b: Braviary|Braviary-Hisui, M|100\/100\n|turn|5\n|inactive|RogueLax has 120 seconds left.\n|\n|t:|1697852218\n|move|p1b: Braviary|Esper Wing|p2a: Meloetta\n|-supereffective|p2a: Meloetta\n|-crit|p2a: Meloetta\n|-damage|p2a: Meloetta|0 fnt\n|faint|p2a: Meloetta\n|move|p2b: Skeledirge|Torch Song|p1a: Gholdengo\n|-supereffective|p1a: Gholdengo\n|-damage|p1a: Gholdengo|19\/100\n|-boost|p2b: Skeledirge|spa|1\n|move|p1a: Gholdengo|Shadow Ball|p2b: Skeledirge\n|-supereffective|p2b: Skeledirge\n|-damage|p2b: Skeledirge|0 fnt\n|faint|p2b: Skeledirge\n|\n|-weather|none\n|-fieldend|move: Trick Room\n|upkeep\n|inactive|Frolai has 120 seconds left.\n|\n|t:|1697852238\n|switch|p2a: Ninetales|Ninetales-Alola, M|27\/100\n|switch|p2b: Palafin|Palafin-Hero, M|100\/100\n|-activate|p2b: Palafin|ability: Zero to Hero\n|-weather|Snow|[from] ability: Snow Warning|[of] p2a: Ninetales\n|turn|6\n|\n|t:|1697852256\n|move|p2b: Palafin|Ice Punch|p1b: Braviary\n|-supereffective|p1b: Braviary\n|-damage|p1b: Braviary|49\/100\n|-enditem|p1b: Braviary|Sitrus Berry|[eat]\n|-heal|p1b: Braviary|74\/100|[from] item: Sitrus Berry\n|move|p2a: Ninetales|Blizzard|p1b: Braviary|[spread] p1a,p1b\n|-resisted|p1a: Gholdengo\n|-supereffective|p1b: Braviary\n|-damage|p1a: Gholdengo|4\/100\n|-damage|p1b: Braviary|1\/100\n|-status|p1b: Braviary|frz\n|move|p1a: Gholdengo|Shadow Ball|p2b: Palafin\n|-damage|p2b: Palafin|49\/100\n|cant|p1b: Braviary|frz\n|\n|-weather|Snow|[upkeep]\n|-sideend|p2: Frolai|move: Aurora Veil\n|upkeep\n|turn|7\n|\n|t:|1697852285\n|move|p2b: Palafin|Ice Punch|p1a: Gholdengo\n|-resisted|p1a: Gholdengo\n|-damage|p1a: Gholdengo|0 fnt\n|faint|p1a: Gholdengo\n|move|p2a: Ninetales|Aurora Veil|p2a: Ninetales\n|-sidestart|p2: Frolai|move: Aurora Veil\n|cant|p1b: Braviary|frz\n|\n|-weather|Snow|[upkeep]\n|upkeep\n|\n|t:|1697852290\n|switch|p1a: Tornadus|Tornadus, M, shiny|100\/100\n|turn|8\n|\n|t:|1697852309\n|-terastallize|p1a: Tornadus|Electric\n|move|p1a: Tornadus|Tailwind|p1a: Tornadus\n|-sidestart|p1: RogueLax|move: Tailwind\n|move|p2b: Palafin|Ice Punch|p1a: Tornadus\n|-damage|p1a: Tornadus|66\/100\n|move|p2a: Ninetales|Blizzard|p1b: Braviary|[spread] p1a,p1b\n|-supereffective|p1b: Braviary\n|-crit|p1b: Braviary\n|-damage|p1a: Tornadus|29\/100\n|-damage|p1b: Braviary|0 fnt\n|faint|p1b: Braviary\n|\n|-weather|Snow|[upkeep]\n|upkeep\n|\n|t:|1697852318\n|switch|p1b: Ogerpon|Ogerpon-Wellspring, F|100\/100\n|turn|9\n|\n|t:|1697852334\n|move|p1a: Tornadus|Rain Dance|p1a: Tornadus\n|-weather|RainDance\n|move|p1b: Ogerpon|Ivy Cudgel|p2a: Ninetales\n|-crit|p2a: Ninetales\n|-damage|p2a: Ninetales|0 fnt\n|faint|p2a: Ninetales\n|move|p2b: Palafin|Ice Punch|p1a: Tornadus\n|-damage|p1a: Tornadus|0 fnt\n|faint|p1a: Tornadus\n|\n|-weather|RainDance|[upkeep]\n|upkeep\n|\n|t:|1697852345\n|switch|p2a: Flutter Mane|Flutter Mane|100\/100\n|-enditem|p2a: Flutter Mane|Booster Energy\n|-activate|p2a: Flutter Mane|ability: Protosynthesis|[fromitem]\n|-start|p2a: Flutter Mane|protosynthesisspa\n|turn|10\n|\n|t:|1697852367\n|move|p1b: Ogerpon|Horn Leech|p2b: Palafin\n|-supereffective|p2b: Palafin\n|-damage|p2b: Palafin|0 fnt\n|faint|p2b: Palafin\n|move|p2a: Flutter Mane|Shadow Ball|p1b: Ogerpon\n|-damage|p1b: Ogerpon|34\/100\n|\n|-weather|RainDance|[upkeep]\n|upkeep\n|turn|11\n|\n|t:|1697852382\n|move|p1b: Ogerpon|Ivy Cudgel|p2a: Flutter Mane\n|-damage|p2a: Flutter Mane|0 fnt\n|faint|p2a: Flutter Mane\n|-end|p2a: Flutter Mane|Protosynthesis|[silent]\n|\n|win|RogueLax\n|raw|RogueLax's rating: 1268 &rarr; <strong>1286<\/strong><br \/>(+18 for winning)\n|raw|Frolai's rating: 1169 &rarr; <strong>1151<\/strong><br \/>(-18 for losing)\n|l|\u2606Frolai\n","uploadtime":1697852395,"views":23,"p1id":"roguelax","p2id":"frolai","formatid":"gen9doublesou","rating":1151,"private":0,"password":""}