{"id":"gen9doublesou-1991193123","p1":"wingwingy55","p2":"HellaBackWoods909","format":"[Gen 9] Doubles OU","log":"|j|\u2606wingwingy55\n|j|\u2606HellaBackWoods909\n|t:|1700055672\n|gametype|doubles\n|player|p1|wingwingy55|preschooler|1353\n|player|p2|HellaBackWoods909|266|1510\n|teamsize|p1|6\n|teamsize|p2|6\n|gen|9\n|tier|[Gen 9] Doubles OU\n|rated|\n|rule|Species Clause: Limit one of each Pok\u00e9mon\n|rule|OHKO Clause: OHKO moves are banned\n|rule|Evasion Moves Clause: Evasion moves are banned\n|rule|Gravity Sleep Clause: The combination of sleep-inducing moves with imperfect accuracy and Gravity or Gigantamax Orbeetle are banned\n|rule|Endless Battle Clause: Forcing endless battles is banned\n|rule|HP Percentage Mod: HP is shown in percentages\n|clearpoke\n|poke|p1|Dragapult, M|\n|poke|p1|Chi-Yu|\n|poke|p1|Ogerpon, F|\n|poke|p1|Iron Hands|\n|poke|p1|Chien-Pao|\n|poke|p1|Flutter Mane|\n|poke|p2|Flutter Mane|\n|poke|p2|Kingambit, F|\n|poke|p2|Chien-Pao|\n|poke|p2|Ogerpon-Wellspring, F|\n|poke|p2|Grimmsnarl, M|\n|poke|p2|Chi-Yu|\n|teampreview\n|\n|t:|1700055697\n|start\n|switch|p1a: Tank Hands|Iron Hands|100\/100\n|switch|p1b: Mane and Flutter|Flutter Mane|100\/100\n|switch|p2a: Flutter Mane|Flutter Mane|100\/100\n|switch|p2b: Grimmsnarl|Grimmsnarl, M|100\/100\n|-enditem|p1b: Mane and Flutter|Booster Energy\n|-activate|p1b: Mane and Flutter|ability: Protosynthesis|[fromitem]\n|-start|p1b: Mane and Flutter|protosynthesisspe\n|turn|1\n|\n|t:|1700055724\n|move|p1a: Tank Hands|Fake Out|p2b: Grimmsnarl\n|-damage|p2b: Grimmsnarl|85\/100\n|cant|p2b: Grimmsnarl|flinch\n|move|p1b: Mane and Flutter|Shadow Ball|p2a: Flutter Mane\n|-supereffective|p2a: Flutter Mane\n|-damage|p2a: Flutter Mane|40\/100\n|move|p2a: Flutter Mane|Shadow Ball|p1b: Mane and Flutter\n|-supereffective|p1b: Mane and Flutter\n|-damage|p1b: Mane and Flutter|2\/100\n|\n|-heal|p2b: Grimmsnarl|91\/100|[from] item: Leftovers\n|upkeep\n|turn|2\n|\n|t:|1700055741\n|-end|p2a: Flutter Mane|Protosynthesis|[silent]\n|switch|p2a: Kingambit|Kingambit, F|100\/100\n|move|p2b: Grimmsnarl|Reflect|p2b: Grimmsnarl\n|-sidestart|p2: HellaBackWoods909|Reflect\n|move|p1b: Mane and Flutter|Shadow Ball|p2a: Kingambit\n|-resisted|p2a: Kingambit\n|-damage|p2a: Kingambit|87\/100\n|move|p1a: Tank Hands|Heavy Slam|p2b: Grimmsnarl\n|-supereffective|p2b: Grimmsnarl\n|-damage|p2b: Grimmsnarl|28\/100\n|\n|-heal|p2b: Grimmsnarl|34\/100|[from] item: Leftovers\n|upkeep\n|turn|3\n|\n|t:|1700055756\n|move|p1b: Mane and Flutter|Protect|p1b: Mane and Flutter\n|-singleturn|p1b: Mane and Flutter|Protect\n|move|p2b: Grimmsnarl|Light Screen|p2b: Grimmsnarl\n|-sidestart|p2: HellaBackWoods909|move: Light Screen\n|move|p2a: Kingambit|Sucker Punch||[still]\n|-fail|p2a: Kingambit\n|move|p1a: Tank Hands|Heavy Slam|p2b: Grimmsnarl\n|-supereffective|p2b: Grimmsnarl\n|-damage|p2b: Grimmsnarl|0 fnt\n|faint|p2b: Grimmsnarl\n|\n|upkeep\n|\n|t:|1700055767\n|switch|p2b: Chien-Pao|Chien-Pao|100\/100\n|-ability|p2b: Chien-Pao|Sword of Ruin\n|turn|4\n|\n|t:|1700055783\n|-end|p1b: Mane and Flutter|Protosynthesis|[silent]\n|switch|p1b: Chien-Pao|Chien-Pao|100\/100\n|-ability|p1b: Chien-Pao|Sword of Ruin\n|-end|p2a: Kingambit|fallenundefined|[silent]\n|switch|p2a: Flutter Mane|Flutter Mane|40\/100\n|move|p2b: Chien-Pao|Ice Shard|p1b: Chien-Pao\n|-resisted|p1b: Chien-Pao\n|-damage|p1b: Chien-Pao|87\/100\n|move|p1a: Tank Hands|Drain Punch|p2a: Flutter Mane\n|-immune|p2a: Flutter Mane\n|\n|upkeep\n|turn|5\n|\n|t:|1700055796\n|move|p2a: Flutter Mane|Dazzling Gleam|p1b: Chien-Pao|[spread] p1a,p1b\n|-supereffective|p1a: Tank Hands\n|-supereffective|p1b: Chien-Pao\n|-damage|p1a: Tank Hands|72\/100\n|-damage|p1b: Chien-Pao|0 fnt\n|faint|p1b: Chien-Pao\n|move|p2b: Chien-Pao|Sacred Sword|p1a: Tank Hands\n|-damage|p1a: Tank Hands|45\/100\n|move|p1a: Tank Hands|Drain Punch|p2b: Chien-Pao\n|-supereffective|p2b: Chien-Pao\n|-enditem|p2b: Chien-Pao|Focus Sash\n|-damage|p2b: Chien-Pao|1\/100\n|-heal|p1a: Tank Hands|75\/100|[from] drain|[of] p2b: Chien-Pao\n|\n|upkeep\n|\n|t:|1700055801\n|switch|p1b: Mane and Flutter|Flutter Mane|2\/100\n|turn|6\n|\n|t:|1700055810\n|move|p2a: Flutter Mane|Dazzling Gleam|p1a: Tank Hands|[spread] p1a,p1b\n|-supereffective|p1a: Tank Hands\n|-damage|p1a: Tank Hands|45\/100\n|-damage|p1b: Mane and Flutter|0 fnt\n|faint|p1b: Mane and Flutter\n|-end|p1b: Mane and Flutter|Protosynthesis|[silent]\n|move|p2b: Chien-Pao|Ice Spinner|p1a: Tank Hands\n|-damage|p1a: Tank Hands|13\/100\n|move|p1a: Tank Hands|Heavy Slam|p2b: Chien-Pao\n|-supereffective|p2b: Chien-Pao\n|-damage|p2b: Chien-Pao|0 fnt\n|faint|p2b: Chien-Pao\n|\n|-sideend|p2: HellaBackWoods909|Reflect\n|upkeep\n|\n|t:|1700055825\n|switch|p2b: Ogerpon|Ogerpon-Wellspring, F|100\/100\n|switch|p1b: Dragapult|Dragapult, M, shiny|100\/100\n|turn|7\n|\n|t:|1700055834\n|move|p1b: Dragapult|Phantom Force||[still]\n|-prepare|p1b: Dragapult|Phantom Force\n|move|p2a: Flutter Mane|Dazzling Gleam|p1b: Dragapult|[spread] p1a\n|-miss|p2a: Flutter Mane|p1b: Dragapult\n|-supereffective|p1a: Tank Hands\n|-damage|p1a: Tank Hands|0 fnt\n|faint|p1a: Tank Hands\n|-end|p1a: Tank Hands|Quark Drive|[silent]\n|move|p2b: Ogerpon|Knock Off|p1b: Dragapult|[miss]\n|-miss|p2b: Ogerpon|p1b: Dragapult\n|\n|-sideend|p2: HellaBackWoods909|move: Light Screen\n|upkeep\n|\n|t:|1700055844\n|switch|p1a: Ogerpon|Ogerpon, F|100\/100\n|turn|8\n|\n|t:|1700055854\n|-end|p2a: Flutter Mane|Protosynthesis|[silent]\n|switch|p2a: Kingambit|Kingambit, F|87\/100\n|-activate|p2a: Kingambit|ability: Supreme Overlord\n|-start|p2a: Kingambit|fallen2|[silent]\n|move|p1b: Dragapult|Phantom Force|p2a: Kingambit|[from]lockedmove\n|-resisted|p2a: Kingambit\n|-damage|p2a: Kingambit|69\/100\n|-damage|p1b: Dragapult|91\/100|[from] item: Life Orb\n|move|p2b: Ogerpon|Knock Off|p1b: Dragapult\n|-supereffective|p1b: Dragapult\n|-damage|p1b: Dragapult|0 fnt\n|-enditem|p1b: Dragapult|Life Orb|[from] move: Knock Off|[of] p2b: Ogerpon\n|faint|p1b: Dragapult\n|move|p1a: Ogerpon|Swords Dance|p1a: Ogerpon\n|-boost|p1a: Ogerpon|atk|2\n|\n|upkeep\n|\n|t:|1700055858\n|switch|p1b: Chi-Yu|Chi-Yu|100\/100\n|-ability|p1b: Chi-Yu|Beads of Ruin\n|turn|9\n|\n|t:|1700055889\n|-terastallize|p1a: Ogerpon|Grass\n|detailschange|p1a: Ogerpon|Ogerpon-Teal-Tera, F, tera:Grass\n|-ability|p1a: Ogerpon|Embody Aspect (Teal)|boost\n|-boost|p1a: Ogerpon|spe|1\n|move|p2a: Kingambit|Sucker Punch|p1a: Ogerpon\n|-crit|p1a: Ogerpon\n|-damage|p1a: Ogerpon|16\/100\n|move|p1a: Ogerpon|Ivy Cudgel|p2b: Ogerpon\n|-damage|p2b: Ogerpon|0 fnt\n|faint|p2b: Ogerpon\n|move|p1b: Chi-Yu|Overheat|p2a: Kingambit\n|-supereffective|p2a: Kingambit\n|-crit|p2a: Kingambit\n|-damage|p2a: Kingambit|0 fnt\n|-unboost|p1b: Chi-Yu|spa|2\n|faint|p2a: Kingambit\n|-end|p2a: Kingambit|fallen2|[silent]\n|\n|upkeep\n|\n|t:|1700055899\n|switch|p2b: Chi-Yu|Chi-Yu|100\/100\n|switch|p2a: Flutter Mane|Flutter Mane|40\/100\n|-ability|p2b: Chi-Yu|Beads of Ruin\n|turn|10\n|\n|t:|1700055913\n|-terastallize|p2a: Flutter Mane|Fire\n|move|p1a: Ogerpon|Ivy Cudgel|p2b: Chi-Yu\n|-resisted|p2b: Chi-Yu\n|-damage|p2b: Chi-Yu|0 fnt\n|faint|p2b: Chi-Yu\n|move|p2a: Flutter Mane|Dazzling Gleam|p1a: Ogerpon|[spread] p1a,p1b\n|-damage|p1a: Ogerpon|0 fnt\n|-damage|p1b: Chi-Yu|67\/100\n|faint|p1a: Ogerpon\n|move|p1b: Chi-Yu|Overheat|p2a: Flutter Mane\n|-resisted|p2a: Flutter Mane\n|-damage|p2a: Flutter Mane|16\/100\n|-unboost|p1b: Chi-Yu|spa|2\n|\n|upkeep\n|turn|11\n|\n|t:|1700055927\n|move|p2a: Flutter Mane|Dazzling Gleam|p1b: Chi-Yu\n|-damage|p1b: Chi-Yu|15\/100\n|move|p1b: Chi-Yu|Overheat|p2a: Flutter Mane\n|-resisted|p2a: Flutter Mane\n|-damage|p2a: Flutter Mane|0 fnt\n|-unboost|p1b: Chi-Yu|spa|2\n|faint|p2a: Flutter Mane\n|-end|p2a: Flutter Mane|Protosynthesis|[silent]\n|\n|win|wingwingy55\n|raw|wingwingy55's rating: 1353 &rarr; <strong>1381<\/strong><br \/>(+28 for winning)\n|raw|HellaBackWoods909's rating: 1510 &rarr; <strong>1482<\/strong><br \/>(-28 for losing)\n|c|\u2606HellaBackWoods909|gg\n|l|\u2606HellaBackWoods909\n","uploadtime":1700055937,"views":12,"p1id":"wingwingy55","p2id":"hellabackwoods909","formatid":"gen9doublesou","rating":1381,"private":0,"password":""}