{"id":"gen9doublesou-1978408881","p1":"JupitersJudgement1","p2":"BlubBlubJubJub","format":"[Gen 9] Doubles OU","log":"|j|\u2606JupitersJudgement1\n|j|\u2606BlubBlubJubJub\n|t:|1698535190\n|gametype|doubles\n|player|p1|JupitersJudgement1|byron|1063\n|player|p2|BlubBlubJubJub|lucas|1072\n|teamsize|p1|6\n|teamsize|p2|6\n|gen|9\n|tier|[Gen 9] Doubles OU\n|rated|\n|rule|Species Clause: Limit one of each Pok\u00e9mon\n|rule|OHKO Clause: OHKO moves are banned\n|rule|Evasion Moves Clause: Evasion moves are banned\n|rule|Gravity Sleep Clause: The combination of sleep-inducing moves with imperfect accuracy and Gravity or Gigantamax Orbeetle are banned\n|rule|Endless Battle Clause: Forcing endless battles is banned\n|rule|HP Percentage Mod: HP is shown in percentages\n|clearpoke\n|poke|p1|Kingambit, M|\n|poke|p1|Ursaluna, M|\n|poke|p1|Bronzong|\n|poke|p1|Chandelure, M|\n|poke|p1|Crabominable, M|\n|poke|p1|Slowbro-Galar, M|\n|poke|p2|Regieleki|\n|poke|p2|Quagsire, F|\n|poke|p2|Diancie|\n|poke|p2|Arcanine-Hisui, M|\n|poke|p2|Breloom, F|\n|poke|p2|Forretress, M|\n|teampreview\n|inactive|Battle timer is ON: inactive players will automatically lose when time's up. (requested by JupitersJudgement1)\n|\n|t:|1698535217\n|start\n|switch|p1a: Liberty|Bronzong|100\/100\n|switch|p1b: Tweedle Dum|Slowbro-Galar, M|100\/100\n|switch|p2a: bug?|Forretress, M|100\/100\n|switch|p2b: rock^2|Diancie|100\/100\n|turn|1\n|inactive|BlubBlubJubJub has 120 seconds left.\n|inactive|JupitersJudgement1 has 120 seconds left.\n|\n|t:|1698535255\n|move|p2b: rock^2|Earth Power|p1b: Tweedle Dum\n|-supereffective|p1b: Tweedle Dum\n|-damage|p1b: Tweedle Dum|38\/100\n|move|p2a: bug?|Body Press|p1a: Liberty\n|-damage|p1a: Liberty|70\/100\n|move|p1b: Tweedle Dum|Belly Drum||[still]\n|-fail|p1b: Tweedle Dum\n|move|p1a: Liberty|Trick Room|p1a: Liberty\n|-fieldstart|move: Trick Room|[of] p1a: Liberty\n|\n|upkeep\n|turn|2\n|inactive|BlubBlubJubJub has 120 seconds left.\n|inactive|JupitersJudgement1 has 120 seconds left.\n|\n|t:|1698535300\n|switch|p1b: Necro KingBlade|Kingambit, M|100\/100\n|-item|p1b: Necro KingBlade|Air Balloon\n|move|p1a: Liberty|Light Screen|p1a: Liberty\n|-sidestart|p1: JupitersJudgement1|move: Light Screen\n|move|p2a: bug?|Body Press|p1a: Liberty\n|-damage|p1a: Liberty|40\/100\n|move|p2b: rock^2|Earth Power|p1b: Necro KingBlade\n|-immune|p1b: Necro KingBlade\n|\n|upkeep\n|turn|3\n|inactive|BlubBlubJubJub has 120 seconds left.\n|inactive|JupitersJudgement1 has 120 seconds left.\n|\n|t:|1698535332\n|-end|p1b: Necro KingBlade|fallenundefined|[silent]\n|switch|p1b: Grizz|Ursaluna, M|100\/100\n|move|p1a: Liberty|Reflect|p1a: Liberty\n|-sidestart|p1: JupitersJudgement1|Reflect\n|move|p2a: bug?|Body Press|p1b: Grizz\n|-supereffective|p1b: Grizz\n|-damage|p1b: Grizz|67\/100\n|move|p2b: rock^2|Body Press|p1b: Grizz\n|-supereffective|p1b: Grizz\n|-damage|p1b: Grizz|42\/100\n|\n|-status|p1b: Grizz|brn|[from] item: Flame Orb\n|upkeep\n|turn|4\n|inactive|JupitersJudgement1 has 120 seconds left.\n|inactive|BlubBlubJubJub has 120 seconds left.\n|\n|t:|1698535352\n|-terastallize|p1b: Grizz|Fairy\n|move|p1a: Liberty|Future Sight|p2b: rock^2\n|-start|p1a: Liberty|move: Future Sight\n|move|p1b: Grizz|Earthquake|p2a: bug?|[spread] p2a,p2b\n|-immune|p1a: Liberty|[from] ability: Levitate\n|-supereffective|p2b: rock^2\n|-damage|p2a: bug?|65\/100\n|-damage|p2b: rock^2|0 fnt\n|faint|p2b: rock^2\n|-enditem|p2a: bug?|Red Card|[of] p1b: Grizz\n|drag|p1b: Tweedle Dum|Slowbro-Galar, M|71\/100\n|move|p2a: bug?|Body Press|p1a: Liberty\n|-damage|p1a: Liberty|20\/100\n|\n|upkeep\n|\n|t:|1698535366\n|switch|p2b: My Hero|Quagsire, F|100\/100\n|turn|5\n|inactive|BlubBlubJubJub has 120 seconds left.\n|\n|t:|1698535393\n|move|p2a: bug?|Helping Hand|p2b: My Hero\n|-singleturn|p2b: My Hero|Helping Hand|[of] p2a: bug?\n|move|p1b: Tweedle Dum|Belly Drum|p1b: Tweedle Dum\n|-damage|p1b: Tweedle Dum|21\/100\n|-setboost|p1b: Tweedle Dum|atk|6|[from] move: Belly Drum\n|-enditem|p1b: Tweedle Dum|Figy Berry|[eat]\n|-heal|p1b: Tweedle Dum|54\/100|[from] item: Figy Berry\n|move|p1a: Liberty|Future Sight||[still]\n|-fail|p1a: Liberty\n|move|p2b: My Hero|Earthquake|p1a: Liberty|[spread] p2a,p1b\n|-immune|p1a: Liberty|[from] ability: Levitate\n|-supereffective|p1b: Tweedle Dum\n|-damage|p2a: bug?|48\/100\n|-damage|p1b: Tweedle Dum|13\/100\n|\n|-fieldend|move: Trick Room\n|upkeep\n|turn|6\n|inactive|BlubBlubJubJub has 120 seconds left.\n|c|\u2606JupitersJudgement1|gg\n|\n|t:|1698535425\n|move|p2a: bug?|Body Press|p1a: Liberty\n|-damage|p1a: Liberty|0 fnt\n|faint|p1a: Liberty\n|move|p2b: My Hero|Earthquake|p1b: Tweedle Dum|[spread] p2a,p1b\n|-supereffective|p1b: Tweedle Dum\n|-damage|p2a: bug?|35\/100\n|-damage|p1b: Tweedle Dum|0 fnt\n|faint|p1b: Tweedle Dum\n|\n|-end|p2b: My Hero|move: Future Sight\n|-damage|p2b: My Hero|55\/100\n|-heal|p2b: My Hero|61\/100|[from] item: Leftovers\n|upkeep\n|inactive|JupitersJudgement1 has 120 seconds left.\n|c|\u2606BlubBlubJubJub|wdym\n|\n|t:|1698535447\n|switch|p1a: Grizz|Ursaluna, M, tera:Fairy|42\/100 brn\n|switch|p1b: Lumiere|Chandelure, M|100\/100\n|turn|7\n|inactive|BlubBlubJubJub has 120 seconds left.\n|c|\u2606JupitersJudgement1|Can't win now cause it won't let you run 2 trick room setters\n|\n|t:|1698535482\n|move|p1b: Lumiere|Flamethrower|p2a: bug?\n|-supereffective|p2a: bug?\n|-damage|p2a: bug?|0 fnt\n|faint|p2a: bug?\n|move|p2b: My Hero|Earthquake|p1a: Grizz|[spread] p1a,p1b\n|-supereffective|p1b: Lumiere\n|-damage|p1a: Grizz|31\/100 brn\n|-damage|p1b: Lumiere|68\/100\n|move|p1a: Grizz|Facade|p2b: My Hero\n|-damage|p2b: My Hero|0 fnt\n|faint|p2b: My Hero\n|\n|-damage|p1a: Grizz|25\/100 brn|[from] brn\n|upkeep\n|inactive|BlubBlubJubJub has 90 seconds left.\n|\n|t:|1698535497\n|switch|p2a: hot rock|Arcanine-Hisui, M|100\/100\n|switch|p2b: amoongus but|Breloom, F|100\/100\n|turn|8\n|inactive|BlubBlubJubJub has 90 seconds left.\n|\n|t:|1698535538\n|move|p2a: hot rock|Head Smash|p1b: Lumiere\n|-supereffective|p1b: Lumiere\n|-damage|p1b: Lumiere|0 fnt\n|faint|p1b: Lumiere\n|move|p2b: amoongus but|Giga Drain|p1a: Grizz\n|-damage|p1a: Grizz|15\/100 brn\n|move|p1a: Grizz|Body Slam|p2a: hot rock\n|-resisted|p2a: hot rock\n|-damage|p2a: hot rock|53\/100\n|\n|-damage|p1a: Grizz|8\/100 brn|[from] brn\n|-status|p2b: amoongus but|tox|[from] item: Toxic Orb\n|upkeep\n|\n|t:|1698535553\n|switch|p1b: Yeti|Crabominable, M|100\/100\n|turn|9\n|\n|t:|1698535564\n|move|p2a: hot rock|Close Combat|p1b: Yeti\n|-supereffective|p1b: Yeti\n|-damage|p1b: Yeti|47\/100\n|-unboost|p2a: hot rock|def|1\n|-unboost|p2a: hot rock|spd|1\n|move|p2b: amoongus but|Giga Drain|p1a: Grizz\n|-damage|p1a: Grizz|0 fnt\n|faint|p1a: Grizz\n|move|p1b: Yeti|Bulk Up|p1b: Yeti\n|-boost|p1b: Yeti|atk|1\n|-boost|p1b: Yeti|def|1\n|\n|-heal|p1b: Yeti|54\/100|[from] item: Leftovers\n|-sideend|p1: JupitersJudgement1|move: Light Screen\n|upkeep\n|\n|t:|1698535576\n|switch|p1a: Necro KingBlade|Kingambit, M|100\/100\n|-activate|p1a: Necro KingBlade|ability: Supreme Overlord\n|-start|p1a: Necro KingBlade|fallen4|[silent]\n|-item|p1a: Necro KingBlade|Air Balloon\n|turn|10\n|inactive|BlubBlubJubJub has 120 seconds left.\n|c|\u2606BlubBlubJubJub|wait why can't you run 2 trick room setters\n|\n|t:|1698535601\n|move|p1a: Necro KingBlade|Sucker Punch|p2a: hot rock\n|-damage|p2a: hot rock|0 fnt\n|faint|p2a: hot rock\n|move|p2b: amoongus but|Spore|p1a: Necro KingBlade\n|-status|p1a: Necro KingBlade|slp|[from] move: Spore\n|move|p1b: Yeti|Drain Punch|p2b: amoongus but\n|-damage|p2b: amoongus but|34\/100 tox\n|-heal|p1b: Yeti|80\/100|[from] drain|[of] p2b: amoongus but\n|\n|-heal|p1b: Yeti|86\/100|[from] item: Leftovers\n|-heal|p2b: amoongus but|47\/100 tox|[from] ability: Poison Heal\n|-sideend|p1: JupitersJudgement1|Reflect\n|upkeep\n|\n|t:|1698535604\n|switch|p2a: 548|Regieleki|100\/100\n|turn|11\n|c|\u2606JupitersJudgement1|I have no idea I've honestly tried and havent had it work haha\n|\n|t:|1698535631\n|move|p2a: 548|Thunderbolt|p1b: Yeti\n|-damage|p1b: Yeti|30\/100\n|move|p2b: amoongus but|Drain Punch|p1b: Yeti\n|-supereffective|p1b: Yeti\n|-damage|p1b: Yeti|0 fnt\n|-heal|p2b: amoongus but|65\/100 tox|[from] drain|[of] p1b: Yeti\n|faint|p1b: Yeti\n|cant|p1a: Necro KingBlade|slp\n|\n|-heal|p2b: amoongus but|77\/100 tox|[from] ability: Poison Heal\n|upkeep\n|turn|12\n|c|\u2606BlubBlubJubJub|huh\n|\n|t:|1698535644\n|move|p2a: 548|Thunderbolt|p1a: Necro KingBlade\n|-crit|p1a: Necro KingBlade\n|-damage|p1a: Necro KingBlade|30\/100 slp\n|-enditem|p1a: Necro KingBlade|Air Balloon\n|move|p2b: amoongus but|Drain Punch|p1a: Necro KingBlade\n|-supereffective|p1a: Necro KingBlade\n|-damage|p1a: Necro KingBlade|0 fnt\n|-heal|p2b: amoongus but|96\/100 tox|[from] drain|[of] p1a: Necro KingBlade\n|faint|p1a: Necro KingBlade\n|-end|p1a: Necro KingBlade|fallen4|[silent]\n|\n|win|BlubBlubJubJub\n|raw|JupitersJudgement1's rating: 1063 &rarr; <strong>1044<\/strong><br \/>(-19 for losing)\n|raw|BlubBlubJubJub's rating: 1072 &rarr; <strong>1100<\/strong><br \/>(+28 for winning)\n|c|\u2606BlubBlubJubJub|gg\n|c|\u2606JupitersJudgement1|like i have tried runningb them and haven't had it work but might try again\n|c|\u2606JupitersJudgement1|but gg\n|l|\u2606JupitersJudgement1\n","uploadtime":1698535677,"views":28,"p1id":"jupitersjudgement1","p2id":"blubblubjubjub","formatid":"gen9doublesou","rating":1044,"private":0,"password":""}