{"id":"gen9doublesou-1970553724","p1":"MythAst","p2":"Celeste7490","format":"[Gen 9] Doubles OU","log":"|j|\u2606MythAst\n|j|\u2606Celeste7490\n|t:|1697647881\n|gametype|doubles\n|player|p1|MythAst|cyrus-masters|\n|player|p2|Celeste7490|elesa|\n|teamsize|p1|6\n|teamsize|p2|6\n|gen|9\n|tier|[Gen 9] Doubles OU\n|rule|Species Clause: Limit one of each Pok\u00e9mon\n|rule|OHKO Clause: OHKO moves are banned\n|rule|Evasion Moves Clause: Evasion moves are banned\n|rule|Gravity Sleep Clause: The combination of sleep-inducing moves with imperfect accuracy and Gravity or Gigantamax Orbeetle are banned\n|rule|Endless Battle Clause: Forcing endless battles is banned\n|rule|HP Percentage Mod: HP is shown in percentages\n|clearpoke\n|poke|p1|Tornadus, M|\n|poke|p1|Iron Hands|\n|poke|p1|Rillaboom, F|\n|poke|p1|Flutter Mane|\n|poke|p1|Ogerpon-Hearthflame, F|\n|poke|p1|Heatran, F|\n|poke|p2|Ninetales-Alola, F|\n|poke|p2|Baxcalibur, F|\n|poke|p2|Amoonguss, M|\n|poke|p2|Ursaluna-Bloodmoon, M|\n|poke|p2|Iron Hands|\n|poke|p2|Farigiraf, F|\n|teampreview\n|inactive|Battle timer is ON: inactive players will automatically lose when time's up. (requested by MythAst)\n|c|\u2606Celeste7490|taking a hell of a risk here\n|\n|t:|1697647900\n|start\n|switch|p1a: Tornadus|Tornadus, M|100\/100\n|switch|p1b: Flutter Mane|Flutter Mane|100\/100\n|switch|p2a: Ninetales|Ninetales-Alola, F|100\/100\n|switch|p2b: Iron Hands|Iron Hands|100\/100\n|-weather|Snow|[from] ability: Snow Warning|[of] p2a: Ninetales\n|turn|1\n|inactive|Celeste7490 has 270 seconds left.\n|c|\u2606MythAst|Ik\n|\n|t:|1697647936\n|-end|p2b: Iron Hands|Quark Drive|[silent]\n|switch|p2b: Farigiraf|Farigiraf, F|100\/100\n|move|p1a: Tornadus|Sunny Day|p1a: Tornadus\n|-weather|SunnyDay\n|-activate|p1b: Flutter Mane|ability: Protosynthesis\n|-start|p1b: Flutter Mane|protosynthesisspa\n|move|p1b: Flutter Mane|Dazzling Gleam|p2a: Ninetales|[spread] p2a,p2b\n|-damage|p2a: Ninetales|40\/100\n|-damage|p2b: Farigiraf|33\/100\n|move|p2a: Ninetales|Aurora Veil||[still]\n|-fail|p2a: Ninetales\n|\n|-weather|SunnyDay|[upkeep]\n|upkeep\n|turn|2\n|c|\u2606Celeste7490|yup\n|inactive|Celeste7490 has 270 seconds left.\n|\n|t:|1697647964\n|move|p2a: Ninetales|Protect|p2a: Ninetales\n|-singleturn|p2a: Ninetales|Protect\n|move|p1a: Tornadus|Tailwind|p1a: Tornadus\n|-sidestart|p1: MythAst|move: Tailwind\n|move|p1b: Flutter Mane|Dazzling Gleam|p2b: Farigiraf|[spread] p2b\n|-activate|p2a: Ninetales|move: Protect\n|-damage|p2b: Farigiraf|0 fnt\n|faint|p2b: Farigiraf\n|\n|-weather|SunnyDay|[upkeep]\n|upkeep\n|inactive|Celeste7490 has 240 seconds left.\n|c|\u2606Celeste7490|I'm kinda fucked\n|\n|t:|1697648015\n|switch|p2b: Amoonguss|Amoonguss, M|100\/100\n|turn|3\n|c|\u2606MythAst|Yea\n|inactive|Celeste7490 has 240 seconds left.\n|c|\u2606MythAst|A bit too much\n|inactive|Celeste7490 has 210 seconds left.\n|c|\u2606MythAst|Mi lad\n|\n|t:|1697648064\n|-terastallize|p2b: Amoonguss|Water\n|move|p1a: Tornadus|Taunt|p2b: Amoonguss\n|-start|p2b: Amoonguss|move: Taunt\n|move|p1b: Flutter Mane|Dazzling Gleam|p2a: Ninetales|[spread] p2a,p2b\n|-damage|p2a: Ninetales|0 fnt\n|-damage|p2b: Amoonguss|46\/100\n|-enditem|p2b: Amoonguss|Sitrus Berry|[eat]\n|-heal|p2b: Amoonguss|71\/100|[from] item: Sitrus Berry\n|faint|p2a: Ninetales\n|cant|p2b: Amoonguss|move: Taunt|Spore\n|\n|-weather|SunnyDay|[upkeep]\n|upkeep\n|c|\u2606MythAst|u didnt have any other tr?\n|c|\u2606MythAst|Other than the giraffe\n|\n|t:|1697648084\n|switch|p2a: Ursaluna|Ursaluna-Bloodmoon, M|100\/100\n|turn|4\n|\n|t:|1697648109\n|move|p1b: Flutter Mane|Dazzling Gleam|p2a: Ursaluna|[spread] p2a,p2b\n|-damage|p2a: Ursaluna|36\/100\n|-damage|p2b: Amoonguss|17\/100\n|move|p1a: Tornadus|Bleakwind Storm|p2b: Amoonguss|[spread] p2a,p2b\n|-damage|p2a: Ursaluna|2\/100\n|-damage|p2b: Amoonguss|0 fnt\n|faint|p2b: Amoonguss\n|move|p2a: Ursaluna|Blood Moon|p1b: Flutter Mane\n|-damage|p1b: Flutter Mane|46\/100\n|\n|-weather|SunnyDay|[upkeep]\n|-heal|p2a: Ursaluna|8\/100|[from] item: Leftovers\n|upkeep\n|inactive|Celeste7490 has 180 seconds left.\n|c|\u2606MythAst|There goes ur hppe\n|c|\u2606MythAst|hope*\n|c|\u2606Celeste7490|i clicked the wrong team and said fuck it\n|inactive|Celeste7490 has 150 seconds left.\n|c|\u2606Celeste7490|meant to use the one i did in round 1\n|c|\u2606MythAst|Hmm\n|\n|t:|1697648179\n|switch|p2b: Iron Hands|Iron Hands|100\/100\n|turn|5\n|\n|t:|1697648193\n|move|p2a: Ursaluna|Protect|p2a: Ursaluna\n|-singleturn|p2a: Ursaluna|Protect\n|move|p1b: Flutter Mane|Dazzling Gleam|p2b: Iron Hands|[spread] p2b\n|-activate|p2a: Ursaluna|move: Protect\n|-supereffective|p2b: Iron Hands\n|-damage|p2b: Iron Hands|32\/100\n|move|p1a: Tornadus|Bleakwind Storm|p2a: Ursaluna|[spread] p2b\n|-activate|p2a: Ursaluna|move: Protect\n|-damage|p2b: Iron Hands|15\/100\n|move|p2b: Iron Hands|Wild Charge|p1b: Flutter Mane\n|-damage|p1b: Flutter Mane|0 fnt\n|faint|p1b: Flutter Mane\n|-end|p1b: Flutter Mane|Protosynthesis|[silent]\n|-damage|p2b: Iron Hands|8\/100|[from] Recoil\n|\n|-weather|none\n|-heal|p2a: Ursaluna|14\/100|[from] item: Leftovers\n|-sideend|p1: MythAst|move: Tailwind\n|upkeep\n|\n|t:|1697648207\n|switch|p1b: Rillaboom|Rillaboom, F|100\/100\n|-fieldstart|move: Grassy Terrain|[from] ability: Grassy Surge|[of] p1b: Rillaboom\n|turn|6\n|inactive|Celeste7490 has 150 seconds left.\n|\n|t:|1697648234\n|move|p1a: Tornadus|Sunny Day|p1a: Tornadus\n|-weather|SunnyDay\n|move|p1b: Rillaboom|Grassy Glide|p2a: Ursaluna\n|-supereffective|p2a: Ursaluna\n|-damage|p2a: Ursaluna|0 fnt\n|faint|p2a: Ursaluna\n|move|p2b: Iron Hands|Ice Punch|p1a: Tornadus\n|-supereffective|p1a: Tornadus\n|-damage|p1a: Tornadus|46\/100\n|\n|-weather|SunnyDay|[upkeep]\n|-heal|p2b: Iron Hands|14\/100|[from] Grassy Terrain\n|upkeep\n|inactive|Celeste7490 has 150 seconds left.\n|\n|t:|1697648246\n|switch|p2a: Baxcalibur|Baxcalibur, F|100\/100\n|turn|7\n|\n|t:|1697648258\n|switch|p1a: Ogerpon|Ogerpon-Hearthflame, F|100\/100\n|-ability|p1a: Ogerpon|Mold Breaker\n|move|p1b: Rillaboom|Grassy Glide|p2b: Iron Hands\n|-damage|p2b: Iron Hands|0 fnt\n|faint|p2b: Iron Hands\n|-end|p2b: Iron Hands|Quark Drive|[silent]\n|move|p2a: Baxcalibur|Dragon Dance|p2a: Baxcalibur\n|-boost|p2a: Baxcalibur|atk|1\n|-boost|p2a: Baxcalibur|spe|1\n|\n|-weather|SunnyDay|[upkeep]\n|upkeep\n|turn|8\n|inactive|Celeste7490 has 180 seconds left.\n|\n|t:|1697648272\n|-terastallize|p1a: Ogerpon|Fire\n|detailschange|p1a: Ogerpon|Ogerpon-Hearthflame-Tera, F, tera:Fire\n|-ability|p1a: Ogerpon|Embody Aspect (Hearthflame)|boost\n|-boost|p1a: Ogerpon|atk|1\n|move|p1b: Rillaboom|Grassy Glide|p2a: Baxcalibur\n|-resisted|p2a: Baxcalibur\n|-damage|p2a: Baxcalibur|81\/100\n|move|p2a: Baxcalibur|Icicle Crash|p1b: Rillaboom\n|-supereffective|p1b: Rillaboom\n|-damage|p1b: Rillaboom|0 fnt\n|faint|p1b: Rillaboom\n|move|p1a: Ogerpon|Ivy Cudgel|p2a: Baxcalibur\n|-damage|p2a: Baxcalibur|0 fnt\n|faint|p2a: Baxcalibur\n|\n|win|MythAst\n","uploadtime":1697648290,"views":22,"p1id":"mythast","p2id":"celeste7490","formatid":"gen9doublesou","rating":0,"private":0,"password":""}