{"id":"gen9doublesou-1987638792","p1":"Poopsbegley1998","p2":"RLisanidiot","format":"[Gen 9] Doubles OU","log":"|j|\u2606Poopsbegley1998\n|j|\u2606RLisanidiot\n|t:|1699622714\n|gametype|doubles\n|player|p1|Poopsbegley1998|clown|1199\n|player|p2|RLisanidiot|unknownf|1145\n|teamsize|p1|6\n|teamsize|p2|6\n|gen|9\n|tier|[Gen 9] Doubles OU\n|rated|\n|rule|Species Clause: Limit one of each Pok\u00e9mon\n|rule|OHKO Clause: OHKO moves are banned\n|rule|Evasion Moves Clause: Evasion moves are banned\n|rule|Gravity Sleep Clause: The combination of sleep-inducing moves with imperfect accuracy and Gravity or Gigantamax Orbeetle are banned\n|rule|Endless Battle Clause: Forcing endless battles is banned\n|rule|HP Percentage Mod: HP is shown in percentages\n|clearpoke\n|poke|p1|Arcanine-Hisui, F|\n|poke|p1|Roaring Moon|\n|poke|p1|Milotic, M|\n|poke|p1|Cyclizar, M|\n|poke|p1|Flutter Mane|\n|poke|p1|Scream Tail|\n|poke|p2|Ninetales-Alola, F|\n|poke|p2|Chien-Pao|\n|poke|p2|Flutter Mane|\n|poke|p2|Tornadus, M|\n|poke|p2|Pachirisu, M|\n|poke|p2|Rillaboom, M|\n|teampreview\n|inactive|Battle timer is ON: inactive players will automatically lose when time's up. (requested by RLisanidiot)\n|inactive|Poopsbegley1998 has 120 seconds left.\n|\n|t:|1699622761\n|start\n|switch|p1a: Cyclizar|Cyclizar, M|100\/100\n|switch|p1b: Arcanine|Arcanine-Hisui, F|100\/100\n|switch|p2a: Tornadus|Tornadus, M|100\/100\n|switch|p2b: Rillaboom|Rillaboom, M|100\/100\n|-ability|p1b: Arcanine|Intimidate|boost\n|-unboost|p2a: Tornadus|atk|1\n|-unboost|p2b: Rillaboom|atk|1\n|-item|p1b: Arcanine|Air Balloon\n|-fieldstart|move: Grassy Terrain|[from] ability: Grassy Surge|[of] p2b: Rillaboom\n|turn|1\n|\n|t:|1699622783\n|switch|p2b: Ninetales|Ninetales-Alola, F, shiny|100\/100\n|-weather|Snow|[from] ability: Snow Warning|[of] p2b: Ninetales\n|move|p2a: Tornadus|Taunt|p1a: Cyclizar\n|-start|p1a: Cyclizar|move: Taunt\n|cant|p1a: Cyclizar|move: Taunt|Shed Tail\n|move|p1b: Arcanine|Will-O-Wisp|p2b: Ninetales\n|-status|p2b: Ninetales|brn\n|\n|-weather|Snow|[upkeep]\n|-damage|p2b: Ninetales|94\/100 brn|[from] brn\n|upkeep\n|turn|2\n|inactive|Poopsbegley1998 has 120 seconds left.\n|\n|t:|1699622814\n|move|p1a: Cyclizar|U-turn|p2a: Tornadus\n|-resisted|p2a: Tornadus\n|-damage|p2a: Tornadus|92\/100\n|inactive|Poopsbegley1998 has 120 seconds left.\n|\n|t:|1699622827\n|switch|p1a: Scream Tail|Scream Tail|100\/100|[from] U-turn\n|move|p2b: Ninetales|Aurora Veil|p2b: Ninetales\n|-sidestart|p2: RLisanidiot|move: Aurora Veil\n|move|p1b: Arcanine|Rock Slide|p2a: Tornadus|[spread] p2a,p2b\n|-supereffective|p2a: Tornadus\n|-supereffective|p2b: Ninetales\n|-damage|p2a: Tornadus|59\/100\n|-damage|p2b: Ninetales|68\/100 brn\n|cant|p2a: Tornadus|flinch\n|\n|-weather|Snow|[upkeep]\n|-heal|p2b: Ninetales|74\/100 brn|[from] Grassy Terrain\n|-damage|p2b: Ninetales|68\/100 brn|[from] brn\n|upkeep\n|turn|3\n|inactive|Poopsbegley1998 has 120 seconds left.\n|\n|t:|1699622858\n|-end|p1a: Scream Tail|Protosynthesis|[silent]\n|switch|p1a: Flutter Mane|Flutter Mane|100\/100\n|move|p2a: Tornadus|Taunt|p1a: Flutter Mane\n|-start|p1a: Flutter Mane|move: Taunt\n|move|p2b: Ninetales|Icy Wind|p1b: Arcanine|[spread] p1a,p1b\n|-resisted|p1b: Arcanine\n|-damage|p1a: Flutter Mane|88\/100\n|-damage|p1b: Arcanine|94\/100\n|-unboost|p1a: Flutter Mane|spe|1\n|-unboost|p1b: Arcanine|spe|1\n|-enditem|p1b: Arcanine|Air Balloon\n|move|p1b: Arcanine|Rock Slide|p2a: Tornadus|[spread] p2a,p2b\n|-supereffective|p2a: Tornadus\n|-supereffective|p2b: Ninetales\n|-damage|p2a: Tornadus|26\/100\n|-damage|p2b: Ninetales|38\/100 brn\n|\n|-weather|Snow|[upkeep]\n|-heal|p2b: Ninetales|44\/100 brn|[from] Grassy Terrain\n|-heal|p1a: Flutter Mane|94\/100|[from] Grassy Terrain\n|-heal|p1b: Arcanine|99\/100|[from] Grassy Terrain\n|-damage|p2b: Ninetales|38\/100 brn|[from] brn\n|upkeep\n|turn|4\n|inactive|Poopsbegley1998 has 120 seconds left.\n|\n|t:|1699622887\n|move|p2a: Tornadus|Tailwind|p2a: Tornadus\n|-sidestart|p2: RLisanidiot|move: Tailwind\n|move|p2b: Ninetales|Confuse Ray|p1b: Arcanine\n|-start|p1b: Arcanine|confusion\n|move|p1a: Flutter Mane|Thunderbolt|p2a: Tornadus\n|-supereffective|p2a: Tornadus\n|-damage|p2a: Tornadus|0 fnt\n|faint|p2a: Tornadus\n|-damage|p1a: Flutter Mane|84\/100|[from] item: Life Orb\n|-activate|p1b: Arcanine|confusion\n|-damage|p1b: Arcanine|87\/100|[from] confusion\n|\n|-weather|Snow|[upkeep]\n|-heal|p2b: Ninetales|44\/100 brn|[from] Grassy Terrain\n|-heal|p1a: Flutter Mane|90\/100|[from] Grassy Terrain\n|-heal|p1b: Arcanine|93\/100|[from] Grassy Terrain\n|-damage|p2b: Ninetales|38\/100 brn|[from] brn\n|upkeep\n|\n|t:|1699622905\n|switch|p2a: Rillaboom|Rillaboom, M|100\/100\n|turn|5\n|inactive|Poopsbegley1998 has 120 seconds left.\n|\n|t:|1699622944\n|-end|p1a: Flutter Mane|Protosynthesis|[silent]\n|switch|p1a: Scream Tail|Scream Tail|100\/100\n|move|p2b: Ninetales|Helping Hand|p2a: Rillaboom\n|-singleturn|p2a: Rillaboom|Helping Hand|[of] p2b: Ninetales\n|move|p2a: Rillaboom|Wood Hammer|p1b: Arcanine\n|-damage|p1b: Arcanine|0 fnt\n|faint|p1b: Arcanine\n|-damage|p2a: Rillaboom|73\/100|[from] Recoil\n|\n|-weather|none\n|-heal|p2b: Ninetales|44\/100 brn|[from] Grassy Terrain\n|-heal|p2a: Rillaboom|79\/100|[from] Grassy Terrain\n|-damage|p2b: Ninetales|38\/100 brn|[from] brn\n|-fieldend|move: Grassy Terrain\n|upkeep\n|inactive|Poopsbegley1998 has 90 seconds left.\n|\n|t:|1699622965\n|switch|p1b: Cyclizar|Cyclizar, M|100\/100\n|turn|6\n|\n|t:|1699622973\n|-terastallize|p2a: Rillaboom|Grass\n|move|p2b: Ninetales|Helping Hand|p2a: Rillaboom\n|-singleturn|p2a: Rillaboom|Helping Hand|[of] p2b: Ninetales\n|move|p1b: Cyclizar|Shed Tail|p1b: Cyclizar\n|-start|p1b: Cyclizar|Substitute|[from] move: Shed Tail\n|-damage|p1b: Cyclizar|50\/100\n|\n|t:|1699622984\n|switch|p1b: Roaring Moon|Roaring Moon|100\/100|[from] Shed Tail\n|-enditem|p1b: Roaring Moon|Booster Energy\n|-activate|p1b: Roaring Moon|ability: Protosynthesis|[fromitem]\n|-start|p1b: Roaring Moon|protosynthesisspe\n|move|p2a: Rillaboom|Wood Hammer|p1a: Scream Tail\n|-damage|p1a: Scream Tail|0 fnt\n|faint|p1a: Scream Tail\n|-end|p1a: Scream Tail|Protosynthesis|[silent]\n|-damage|p2a: Rillaboom|43\/100|[from] Recoil\n|\n|-damage|p2b: Ninetales|32\/100 brn|[from] brn\n|upkeep\n|inactive|Poopsbegley1998 has 90 seconds left.\n|\n|t:|1699623006\n|switch|p1a: Cyclizar|Cyclizar, M|84\/100\n|turn|7\n|\n|t:|1699623017\n|move|p2b: Ninetales|Icy Wind|p1b: Roaring Moon|[spread] p1a,p1b\n|-supereffective|p1b: Roaring Moon\n|-end|p1b: Roaring Moon|Substitute\n|-supereffective|p1a: Cyclizar\n|-damage|p1a: Cyclizar|46\/100\n|-unboost|p1a: Cyclizar|spe|1\n|move|p1b: Roaring Moon|Dragon Dance|p1b: Roaring Moon\n|-boost|p1b: Roaring Moon|atk|1\n|-boost|p1b: Roaring Moon|spe|1\n|move|p2a: Rillaboom|Wood Hammer|p1a: Cyclizar\n|-resisted|p1a: Cyclizar\n|-crit|p1a: Cyclizar\n|-damage|p1a: Cyclizar|0 fnt\n|faint|p1a: Cyclizar\n|-damage|p2a: Rillaboom|30\/100|[from] Recoil\n|\n|-damage|p2b: Ninetales|26\/100 brn|[from] brn\n|-sideend|p2: RLisanidiot|move: Tailwind\n|upkeep\n|inactive|Poopsbegley1998 has 90 seconds left.\n|\n|t:|1699623042\n|switch|p1a: Flutter Mane|Flutter Mane|90\/100\n|turn|8\n|inactive|Poopsbegley1998 has 90 seconds left.\n|\n|t:|1699623080\n|switch|p2a: Flutter Mane|Flutter Mane|100\/100\n|move|p1b: Roaring Moon|Acrobatics|p2a: Flutter Mane\n|-damage|p2a: Flutter Mane|18\/100\n|move|p1a: Flutter Mane|Moonblast|p2b: Ninetales\n|-damage|p2b: Ninetales|0 fnt\n|faint|p2b: Ninetales\n|-damage|p1a: Flutter Mane|80\/100|[from] item: Life Orb\n|\n|upkeep\n|\n|t:|1699623090\n|switch|p2b: Chien-Pao|Chien-Pao|100\/100\n|-ability|p2b: Chien-Pao|Sword of Ruin\n|turn|9\n|inactive|Poopsbegley1998 has 90 seconds left.\n|\n|t:|1699623113\n|move|p1a: Flutter Mane|Protect|p1a: Flutter Mane\n|-singleturn|p1a: Flutter Mane|Protect\n|move|p2b: Chien-Pao|Sucker Punch||[still]\n|-fail|p2b: Chien-Pao\n|move|p1b: Roaring Moon|Acrobatics|p2a: Flutter Mane\n|-damage|p2a: Flutter Mane|0 fnt\n|faint|p2a: Flutter Mane\n|-end|p2a: Flutter Mane|Protosynthesis|[silent]\n|\n|-sideend|p2: RLisanidiot|move: Aurora Veil\n|upkeep\n|\n|t:|1699623123\n|switch|p2a: Pachirisu|Pachirisu, M|100\/100\n|turn|10\n|l|\u2606RLisanidiot\n|inactive|RLisanidiot disconnected and has a minute to reconnect!\n|player|p2|\n|inactive|Poopsbegley1998 has 90 seconds left.\n|j|\u2606RLisanidiot\n|inactive|RLisanidiot reconnected and has 110 seconds left.\n|player|p2|RLisanidiot|unknownf\n|\n|t:|1699623175\n|-end|p1a: Flutter Mane|Protosynthesis|[silent]\n|switch|p1a: Milotic|Milotic, M|100\/100\n|move|p2a: Pachirisu|Follow Me|p2a: Pachirisu\n|-singleturn|p2a: Pachirisu|move: Follow Me\n|move|p1b: Roaring Moon|Iron Head|p2a: Pachirisu\n|-resisted|p2a: Pachirisu\n|-damage|p2a: Pachirisu|71\/100\n|move|p2b: Chien-Pao|Ice Spinner|p1b: Roaring Moon\n|-supereffective|p1b: Roaring Moon\n|-damage|p1b: Roaring Moon|0 fnt\n|faint|p1b: Roaring Moon\n|-end|p1b: Roaring Moon|Protosynthesis|[silent]\n|\n|upkeep\n|inactive|Poopsbegley1998 has 90 seconds left.\n|\n|t:|1699623196\n|switch|p1b: Flutter Mane|Flutter Mane|80\/100\n|turn|11\n|inactive|Poopsbegley1998 has 90 seconds left.\n|\n|t:|1699623207\n|move|p1b: Flutter Mane|Moonblast|p2a: Pachirisu\n|-damage|p2a: Pachirisu|0 fnt\n|faint|p2a: Pachirisu\n|-damage|p1b: Flutter Mane|70\/100|[from] item: Life Orb\n|move|p2b: Chien-Pao|Sacred Sword|p1a: Milotic\n|-damage|p1a: Milotic|73\/100\n|move|p1a: Milotic|Coil|p1a: Milotic\n|-boost|p1a: Milotic|atk|1\n|-boost|p1a: Milotic|def|1\n|-boost|p1a: Milotic|accuracy|1\n|\n|-heal|p1a: Milotic|79\/100|[from] item: Leftovers\n|upkeep\n|inactive|RLisanidiot has 120 seconds left.\n|\n|t:|1699623223\n|switch|p2a: Rillaboom|Rillaboom, M, tera:Grass|30\/100\n|-fieldstart|move: Grassy Terrain|[from] ability: Grassy Surge|[of] p2a: Rillaboom\n|turn|12\n|inactive|Poopsbegley1998 has 90 seconds left.\n|\n|t:|1699623257\n|-terastallize|p1b: Flutter Mane|Fairy\n|move|p2a: Rillaboom|Grassy Glide|p1a: Milotic\n|-supereffective|p1a: Milotic\n|-damage|p1a: Milotic|0 fnt\n|faint|p1a: Milotic\n|move|p1b: Flutter Mane|Moonblast|p2a: Rillaboom\n|-damage|p2a: Rillaboom|0 fnt\n|faint|p2a: Rillaboom\n|-damage|p1b: Flutter Mane|60\/100|[from] item: Life Orb\n|move|p2b: Chien-Pao|Sacred Sword|p1b: Flutter Mane\n|-resisted|p1b: Flutter Mane\n|-damage|p1b: Flutter Mane|17\/100\n|\n|-heal|p1b: Flutter Mane|23\/100|[from] Grassy Terrain\n|upkeep\n|turn|13\n|\n|t:|1699623281\n|move|p2b: Chien-Pao|Sucker Punch|p1b: Flutter Mane\n|-resisted|p1b: Flutter Mane\n|-crit|p1b: Flutter Mane\n|-damage|p1b: Flutter Mane|0 fnt\n|faint|p1b: Flutter Mane\n|-end|p1b: Flutter Mane|Protosynthesis|[silent]\n|\n|win|RLisanidiot\n|raw|Poopsbegley1998's rating: 1199 &rarr; <strong>1170<\/strong><br \/>(-29 for losing)\n|raw|RLisanidiot's rating: 1145 &rarr; <strong>1174<\/strong><br \/>(+29 for winning)\n|l|\u2606Poopsbegley1998\n","uploadtime":1699623293,"views":28,"p1id":"poopsbegley1998","p2id":"rlisanidiot","formatid":"gen9doublesou","rating":1170,"private":0,"password":""}