{"id":"gen9doublesou-1979270791","p1":"Da1mon!","p2":"ACM 06","format":"[Gen 9] Doubles OU","log":"|j|\u2606Da1mon!\n|j|\u2606ACM 06\n|t:|1698664251\n|gametype|doubles\n|player|p1|Da1mon!|wallace|1234\n|player|p2|ACM 06|veteran|1261\n|teamsize|p1|6\n|teamsize|p2|6\n|gen|9\n|tier|[Gen 9] Doubles OU\n|rated|\n|rule|Species Clause: Limit one of each Pok\u00e9mon\n|rule|OHKO Clause: OHKO moves are banned\n|rule|Evasion Moves Clause: Evasion moves are banned\n|rule|Gravity Sleep Clause: The combination of sleep-inducing moves with imperfect accuracy and Gravity or Gigantamax Orbeetle are banned\n|rule|Endless Battle Clause: Forcing endless battles is banned\n|rule|HP Percentage Mod: HP is shown in percentages\n|clearpoke\n|poke|p1|Ursaluna-Bloodmoon, M|\n|poke|p1|Sinistcha-Masterpiece|\n|poke|p1|Goodra-Hisui, M|\n|poke|p1|Arcanine, M|\n|poke|p1|Iron Hands|\n|poke|p1|Chien-Pao|\n|poke|p2|Okidogi, M|\n|poke|p2|Roaring Moon|\n|poke|p2|Gyarados, F|\n|poke|p2|Gholdengo|\n|poke|p2|Rillaboom, F|\n|poke|p2|Chien-Pao|\n|teampreview\n|\n|t:|1698664268\n|start\n|switch|p1a: Ursaluna|Ursaluna-Bloodmoon, M|100\/100\n|switch|p1b: Iron Hands|Iron Hands|100\/100\n|switch|p2a: Okidogi|Okidogi, M|100\/100\n|switch|p2b: Roaring Moon|Roaring Moon|100\/100\n|-enditem|p2b: Roaring Moon|Booster Energy\n|-activate|p2b: Roaring Moon|ability: Protosynthesis|[fromitem]\n|-start|p2b: Roaring Moon|protosynthesisatk\n|turn|1\n|\n|t:|1698664291\n|-terastallize|p2a: Okidogi|Fairy\n|move|p1b: Iron Hands|Fake Out|p2a: Okidogi\n|-damage|p2a: Okidogi|88\/100\n|move|p2b: Roaring Moon|Tailwind|p2b: Roaring Moon\n|-sidestart|p2: ACM 06|move: Tailwind\n|cant|p2a: Okidogi|flinch\n|move|p1a: Ursaluna|Blood Moon|p2b: Roaring Moon\n|-damage|p2b: Roaring Moon|0 fnt\n|faint|p2b: Roaring Moon\n|-end|p2b: Roaring Moon|Protosynthesis|[silent]\n|-damage|p1a: Ursaluna|91\/100|[from] item: Life Orb\n|\n|-heal|p2a: Okidogi|94\/100|[from] item: Leftovers\n|upkeep\n|\n|t:|1698664299\n|switch|p2b: Rillaboom|Rillaboom, F|100\/100\n|-fieldstart|move: Grassy Terrain|[from] ability: Grassy Surge|[of] p2b: Rillaboom\n|turn|2\n|inactive|Battle timer is ON: inactive players will automatically lose when time's up. (requested by ACM 06)\n|inactive|Da1mon! has 120 seconds left.\n|\n|t:|1698664348\n|-end|p1b: Iron Hands|Quark Drive|[silent]\n|switch|p1b: Arcanine|Arcanine, M|100\/100\n|-ability|p1b: Arcanine|Intimidate|boost\n|-ability|p2a: Okidogi|Guard Dog|boost\n|-boost|p2a: Okidogi|atk|1\n|-unboost|p2b: Rillaboom|atk|1\n|move|p1a: Ursaluna|Protect|p1a: Ursaluna\n|-singleturn|p1a: Ursaluna|Protect\n|move|p2b: Rillaboom|Fake Out|p1b: Arcanine\n|-damage|p1b: Arcanine|92\/100\n|move|p2a: Okidogi|Bulk Up|p2a: Okidogi\n|-boost|p2a: Okidogi|atk|1\n|-boost|p2a: Okidogi|def|1\n|\n|-heal|p2a: Okidogi|99\/100|[from] Grassy Terrain\n|-heal|p2a: Okidogi|100\/100|[from] item: Leftovers\n|-heal|p1b: Arcanine|98\/100|[from] Grassy Terrain\n|-heal|p1a: Ursaluna|97\/100|[from] Grassy Terrain\n|upkeep\n|turn|3\n|\n|t:|1698664370\n|move|p2b: Rillaboom|Wood Hammer|p1a: Ursaluna\n|-supereffective|p1a: Ursaluna\n|-damage|p1a: Ursaluna|26\/100\n|-damage|p2b: Rillaboom|71\/100|[from] Recoil\n|move|p2a: Okidogi|Drain Punch|p1b: Arcanine\n|-damage|p1b: Arcanine|14\/100\n|-enditem|p1b: Arcanine|Sitrus Berry|[eat]\n|-heal|p1b: Arcanine|39\/100|[from] item: Sitrus Berry\n|move|p1b: Arcanine|Will-O-Wisp|p2a: Okidogi\n|-status|p2a: Okidogi|brn\n|move|p1a: Ursaluna|Blood Moon|p2a: Okidogi\n|-damage|p2a: Okidogi|1\/100 brn\n|-damage|p1a: Ursaluna|17\/100|[from] item: Life Orb\n|\n|-heal|p2b: Rillaboom|77\/100|[from] Grassy Terrain\n|-heal|p2a: Okidogi|7\/100 brn|[from] Grassy Terrain\n|-heal|p2a: Okidogi|13\/100 brn|[from] item: Leftovers\n|-heal|p1b: Arcanine|46\/100|[from] Grassy Terrain\n|-heal|p1a: Ursaluna|23\/100|[from] Grassy Terrain\n|-damage|p2a: Okidogi|7\/100 brn|[from] brn\n|upkeep\n|turn|4\n|inactive|Da1mon! has 120 seconds left.\n|\n|t:|1698664403\n|move|p1b: Arcanine|Protect|p1b: Arcanine\n|-singleturn|p1b: Arcanine|Protect\n|move|p2b: Rillaboom|Grassy Glide|p1a: Ursaluna\n|-supereffective|p1a: Ursaluna\n|-damage|p1a: Ursaluna|0 fnt\n|faint|p1a: Ursaluna\n|move|p2a: Okidogi|Drain Punch|p1b: Arcanine\n|-activate|p1b: Arcanine|move: Protect\n|\n|-heal|p2b: Rillaboom|83\/100|[from] Grassy Terrain\n|-heal|p2a: Okidogi|13\/100 brn|[from] Grassy Terrain\n|-heal|p2a: Okidogi|19\/100 brn|[from] item: Leftovers\n|-heal|p1b: Arcanine|52\/100|[from] Grassy Terrain\n|-damage|p2a: Okidogi|13\/100 brn|[from] brn\n|-sideend|p2: ACM 06|move: Tailwind\n|upkeep\n|inactive|Da1mon! has 120 seconds left.\n|\n|t:|1698664428\n|switch|p1a: Sinistcha|Sinistcha-Masterpiece|100\/100\n|-heal|p1b: Arcanine|77\/100|[from] ability: Hospitality|[of] p1a: Sinistcha\n|turn|5\n|inactive|Da1mon! has 120 seconds left.\n|\n|t:|1698664447\n|switch|p2b: Gyarados|Gyarados, F, shiny|100\/100\n|-ability|p2b: Gyarados|Intimidate|boost\n|-unboost|p1a: Sinistcha|atk|1\n|-unboost|p1b: Arcanine|atk|1\n|move|p1b: Arcanine|Flare Blitz|p2a: Okidogi\n|-damage|p2a: Okidogi|0 fnt\n|faint|p2a: Okidogi\n|-damage|p1b: Arcanine|73\/100|[from] Recoil\n|move|p1a: Sinistcha|Matcha Gotcha|p2b: Gyarados\n|-damage|p2b: Gyarados|73\/100\n|\n|-heal|p1b: Arcanine|79\/100|[from] Grassy Terrain\n|upkeep\n|\n|t:|1698664454\n|switch|p2a: Rillaboom|Rillaboom, F|83\/100\n|turn|6\n|\n|t:|1698664463\n|move|p2a: Rillaboom|Fake Out|p1b: Arcanine\n|-damage|p1b: Arcanine|65\/100\n|cant|p1b: Arcanine|flinch\n|move|p2b: Gyarados|Taunt|p1a: Sinistcha\n|-start|p1a: Sinistcha|move: Taunt\n|move|p1a: Sinistcha|Matcha Gotcha|p2b: Gyarados|[spread] p2a\n|-miss|p1a: Sinistcha|p2b: Gyarados\n|-resisted|p2a: Rillaboom\n|-damage|p2a: Rillaboom|70\/100\n|\n|-heal|p1b: Arcanine|71\/100|[from] Grassy Terrain\n|-heal|p2a: Rillaboom|76\/100|[from] Grassy Terrain\n|-fieldend|move: Grassy Terrain\n|upkeep\n|turn|7\n|\n|t:|1698664478\n|switch|p1b: Chien-Pao|Chien-Pao|100\/100\n|-ability|p1b: Chien-Pao|Sword of Ruin\n|switch|p1a: Iron Hands|Iron Hands|100\/100\n|move|p2a: Rillaboom|U-turn|p1a: Iron Hands\n|-resisted|p1a: Iron Hands\n|-damage|p1a: Iron Hands|90\/100\n|\n|t:|1698664486\n|switch|p2a: Gholdengo|Gholdengo|100\/100|[from] U-turn\n|move|p2b: Gyarados|Thunder Wave|p1b: Chien-Pao\n|-status|p1b: Chien-Pao|par\n|\n|upkeep\n|turn|8\n|\n|t:|1698664501\n|move|p2b: Gyarados|Protect|p2b: Gyarados\n|-singleturn|p2b: Gyarados|Protect\n|move|p1a: Iron Hands|Fake Out|p2b: Gyarados\n|-activate|p2b: Gyarados|move: Protect\n|move|p2a: Gholdengo|Trick|p1a: Iron Hands\n|-activate|p2a: Gholdengo|move: Trick|[of] p1a: Iron Hands\n|-item|p1a: Iron Hands|Choice Specs|[from] move: Trick\n|-item|p2a: Gholdengo|Assault Vest|[from] move: Trick\n|move|p1b: Chien-Pao|Ice Spinner|p2b: Gyarados\n|-activate|p2b: Gyarados|move: Protect\n|\n|upkeep\n|turn|9\n|\n|t:|1698664531\n|cant|p1b: Chien-Pao|par\n|move|p2a: Gholdengo|Make It Rain|p1b: Chien-Pao|[spread] p1a,p1b\n|-resisted|p1a: Iron Hands\n|-supereffective|p1b: Chien-Pao\n|-damage|p1a: Iron Hands|73\/100\n|-enditem|p1b: Chien-Pao|Focus Sash\n|-damage|p1b: Chien-Pao|1\/100 par\n|-unboost|p2a: Gholdengo|spa|1\n|move|p2b: Gyarados|Waterfall|p1b: Chien-Pao\n|-damage|p1b: Chien-Pao|0 fnt\n|faint|p1b: Chien-Pao\n|move|p1a: Iron Hands|Wild Charge|p2a: Gholdengo\n|-damage|p2a: Gholdengo|37\/100\n|-damage|p1a: Iron Hands|62\/100|[from] Recoil\n|\n|upkeep\n|\n|t:|1698664547\n|switch|p1b: Goodra|Goodra-Hisui, M|100\/100\n|turn|10\n|\n|t:|1698664562\n|move|p2a: Gholdengo|Shadow Ball|p1a: Iron Hands\n|-damage|p1a: Iron Hands|42\/100\n|move|p2b: Gyarados|Waterfall|p1b: Goodra\n|-resisted|p1b: Goodra\n|-damage|p1b: Goodra|88\/100\n|move|p1b: Goodra|Curse|p1b: Goodra\n|-unboost|p1b: Goodra|spe|1\n|-boost|p1b: Goodra|atk|1\n|-boost|p1b: Goodra|def|1\n|move|p1a: Iron Hands|Wild Charge|p2b: Gyarados\n|-supereffective|p2b: Gyarados\n|-damage|p2b: Gyarados|0 fnt\n|faint|p2b: Gyarados\n|-damage|p1a: Iron Hands|26\/100|[from] Recoil\n|\n|upkeep\n|\n|t:|1698664570\n|switch|p2b: Chien-Pao|Chien-Pao|100\/100\n|-ability|p2b: Chien-Pao|Sword of Ruin\n|turn|11\n|\n|t:|1698664583\n|move|p1b: Goodra|Protect|p1b: Goodra\n|-singleturn|p1b: Goodra|Protect\n|move|p2b: Chien-Pao|Icicle Crash|p1b: Goodra\n|-activate|p1b: Goodra|move: Protect\n|move|p2a: Gholdengo|Shadow Ball|p1a: Iron Hands\n|-damage|p1a: Iron Hands|4\/100\n|move|p1a: Iron Hands|Wild Charge|p2b: Chien-Pao\n|-damage|p2b: Chien-Pao|20\/100\n|-damage|p1a: Iron Hands|0 fnt|[from] Recoil\n|faint|p1a: Iron Hands\n|-end|p1a: Iron Hands|Quark Drive|[silent]\n|\n|upkeep\n|\n|t:|1698664590\n|switch|p1a: Arcanine|Arcanine, M|71\/100\n|-ability|p1a: Arcanine|Intimidate|boost\n|-unboost|p2a: Gholdengo|atk|1\n|-unboost|p2b: Chien-Pao|atk|1\n|turn|12\n|\n|t:|1698664606\n|-terastallize|p1b: Goodra|Fairy\n|move|p2b: Chien-Pao|Sucker Punch|p1a: Arcanine\n|-damage|p1a: Arcanine|40\/100\n|move|p1a: Arcanine|Flare Blitz|p2a: Gholdengo\n|-supereffective|p2a: Gholdengo\n|-damage|p2a: Gholdengo|0 fnt\n|faint|p2a: Gholdengo\n|-damage|p1a: Arcanine|30\/100|[from] Recoil\n|move|p1b: Goodra|Body Press|p2b: Chien-Pao\n|-supereffective|p2b: Chien-Pao\n|-damage|p2b: Chien-Pao|0 fnt\n|faint|p2b: Chien-Pao\n|\n|upkeep\n|\n|t:|1698664612\n|switch|p2b: Rillaboom|Rillaboom, F|76\/100\n|-fieldstart|move: Grassy Terrain|[from] ability: Grassy Surge|[of] p2b: Rillaboom\n|turn|13\n|-message|ACM 06 forfeited.\n|\n|win|Da1mon!\n|raw|Da1mon!'s rating: 1234 &rarr; <strong>1261<\/strong><br \/>(+27 for winning)\n|raw|ACM 06's rating: 1261 &rarr; <strong>1234<\/strong><br \/>(-27 for losing)\n|l|\u2606ACM 06\n","uploadtime":1698664661,"views":16,"p1id":"da1mon","p2id":"acm06","formatid":"gen9doublesou","rating":1234,"private":0,"password":""}