{"id":"gen9doublesou-1994078471","p1":"Profesor Turo","p2":"Vampirtulpe","format":"[Gen 9] Doubles OU","log":"|j|\u2606Profesor Turo\n|j|\u2606Vampirtulpe\n|t:|1700404048\n|gametype|doubles\n|player|p1|Profesor Turo|turo-ai|1289\n|player|p2|Vampirtulpe|grimsley|1381\n|teamsize|p1|6\n|teamsize|p2|6\n|gen|9\n|tier|[Gen 9] Doubles OU\n|rated|\n|rule|Species Clause: Limit one of each Pok\u00e9mon\n|rule|OHKO Clause: OHKO moves are banned\n|rule|Evasion Moves Clause: Evasion moves are banned\n|rule|Gravity Sleep Clause: The combination of sleep-inducing moves with imperfect accuracy and Gravity or Gigantamax Orbeetle are banned\n|rule|Endless Battle Clause: Forcing endless battles is banned\n|rule|HP Percentage Mod: HP is shown in percentages\n|clearpoke\n|poke|p1|Indeedee-F, F|\n|poke|p1|Slowpoke, M|\n|poke|p1|Iron Hands|\n|poke|p1|Armarouge, F|\n|poke|p1|Iron Thorns|\n|poke|p1|Ursaluna-Bloodmoon, M|\n|poke|p2|Leavanny, M|\n|poke|p2|Uxie|\n|poke|p2|Hatterene, F|\n|poke|p2|Torkoal, F|\n|poke|p2|Ogerpon-Hearthflame, F|\n|poke|p2|Flutter Mane|\n|teampreview\n|inactive|Battle timer is ON: inactive players will automatically lose when time's up. (requested by Profesor Turo)\n|\n|t:|1700404067\n|start\n|switch|p1a: Slowpoke|Slowpoke, M|100\/100\n|switch|p1b: Iron Hands|Iron Hands|100\/100\n|switch|p2a: Torkoal|Torkoal, F|100\/100\n|switch|p2b: Hatterene|Hatterene, F|100\/100\n|-weather|SunnyDay|[from] ability: Drought|[of] p2a: Torkoal\n|turn|1\n|\n|t:|1700404091\n|switch|p2b: Uxie|Uxie|100\/100\n|move|p2a: Torkoal|Protect|p2a: Torkoal\n|-singleturn|p2a: Torkoal|Protect\n|move|p1b: Iron Hands|Fake Out|p2a: Torkoal\n|-activate|p2a: Torkoal|move: Protect\n|move|p1a: Slowpoke|Bulldoze|p2b: Uxie|[spread] p1b\n|-activate|p2a: Torkoal|move: Protect\n|-immune|p2b: Uxie|[from] ability: Levitate\n|-supereffective|p1b: Iron Hands\n|-damage|p1b: Iron Hands|92\/100\n|-unboost|p1b: Iron Hands|spe|1\n|-enditem|p1b: Iron Hands|Weakness Policy\n|-boost|p1b: Iron Hands|atk|2|[from] item: Weakness Policy\n|-boost|p1b: Iron Hands|spa|2|[from] item: Weakness Policy\n|\n|-weather|SunnyDay|[upkeep]\n|upkeep\n|turn|2\n|\n|t:|1700404110\n|move|p2b: Uxie|Mystical Power|p1b: Iron Hands\n|-supereffective|p1b: Iron Hands\n|-damage|p1b: Iron Hands|48\/100\n|-boost|p2b: Uxie|spa|1\n|move|p2a: Torkoal|Heat Wave|p1a: Slowpoke|[spread] p1a\n|-miss|p2a: Torkoal|p1b: Iron Hands\n|-resisted|p1a: Slowpoke\n|-damage|p1a: Slowpoke|90\/100\n|move|p1b: Iron Hands|Electric Terrain|p1b: Iron Hands\n|-fieldstart|move: Electric Terrain\n|-activate|p1b: Iron Hands|ability: Quark Drive\n|-start|p1b: Iron Hands|quarkdriveatk\n|move|p1a: Slowpoke|Trick Room|p1a: Slowpoke\n|-fieldstart|move: Trick Room|[of] p1a: Slowpoke\n|\n|-weather|SunnyDay|[upkeep]\n|upkeep\n|turn|3\n|\n|t:|1700404133\n|-terastallize|p1b: Iron Hands|Grass\n|-terastallize|p2b: Uxie|Electric\n|move|p1a: Slowpoke|Heal Pulse|p1b: Iron Hands\n|-heal|p1b: Iron Hands|98\/100\n|move|p1b: Iron Hands|Thunder Punch|p2a: Torkoal\n|-damage|p2a: Torkoal|21\/100\n|move|p2a: Torkoal|Heat Wave|p1b: Iron Hands|[spread] p1a,p1b\n|-resisted|p1a: Slowpoke\n|-supereffective|p1b: Iron Hands\n|-damage|p1a: Slowpoke|78\/100\n|-damage|p1b: Iron Hands|45\/100\n|move|p2b: Uxie|Mystical Power|p1b: Iron Hands\n|-damage|p1b: Iron Hands|15\/100\n|-boost|p2b: Uxie|spa|1\n|\n|-weather|SunnyDay|[upkeep]\n|-heal|p2a: Torkoal|27\/100|[from] item: Leftovers\n|upkeep\n|turn|4\n|\n|t:|1700404161\n|move|p2a: Torkoal|Protect|p2a: Torkoal\n|-singleturn|p2a: Torkoal|Protect\n|move|p1a: Slowpoke|Heal Pulse|p1b: Iron Hands\n|-heal|p1b: Iron Hands|65\/100\n|move|p1b: Iron Hands|Drain Punch|p2b: Uxie\n|-damage|p2b: Uxie|5\/100\n|-heal|p1b: Iron Hands|100\/100|[from] drain|[of] p2b: Uxie\n|move|p2b: Uxie|Mystical Power|p1b: Iron Hands\n|-damage|p1b: Iron Hands|58\/100\n|-boost|p2b: Uxie|spa|1\n|\n|-weather|SunnyDay|[upkeep]\n|-heal|p2a: Torkoal|33\/100|[from] item: Leftovers\n|-heal|p2b: Uxie|12\/100|[from] item: Leftovers\n|upkeep\n|turn|5\n|\n|t:|1700404179\n|move|p2b: Uxie|Protect|p2b: Uxie\n|-singleturn|p2b: Uxie|Protect\n|move|p1a: Slowpoke|Heal Pulse|p1b: Iron Hands\n|-heal|p1b: Iron Hands|100\/100\n|move|p1b: Iron Hands|Drain Punch|p2a: Torkoal\n|-damage|p2a: Torkoal|0 fnt\n|faint|p2a: Torkoal\n|\n|-weather|none\n|-heal|p2b: Uxie|18\/100|[from] item: Leftovers\n|upkeep\n|\n|t:|1700404192\n|switch|p2a: Leavanny|Leavanny, M|100\/100\n|turn|6\n|inactive|Profesor Turo has 120 seconds left.\n|\n|t:|1700404229\n|switch|p2b: Hatterene|Hatterene, F|100\/100\n|move|p1a: Slowpoke|Heal Pulse|p2b: Hatterene\n|move|p2b: Hatterene|Heal Pulse|p1a: Slowpoke|[from]ability: Magic Bounce\n|-heal|p1a: Slowpoke|100\/100\n|move|p1b: Iron Hands|Drain Punch|p2b: Hatterene\n|-resisted|p2b: Hatterene\n|-damage|p2b: Hatterene|68\/100\n|move|p2a: Leavanny|Lunge|p1b: Iron Hands\n|-supereffective|p1b: Iron Hands\n|-damage|p1b: Iron Hands|40\/100\n|-unboost|p1b: Iron Hands|atk|1\n|\n|-heal|p2b: Hatterene|74\/100|[from] item: Leftovers\n|-fieldend|move: Trick Room\n|-fieldend|move: Electric Terrain\n|-end|p1b: Iron Hands|Quark Drive\n|upkeep\n|turn|7\n|\n|t:|1700404250\n|move|p2a: Leavanny|Lunge|p1b: Iron Hands\n|-supereffective|p1b: Iron Hands\n|-damage|p1b: Iron Hands|0 fnt\n|faint|p1b: Iron Hands\n|-end|p1b: Iron Hands|Quark Drive|[silent]\n|move|p2b: Hatterene|Nuzzle|p1a: Slowpoke\n|-supereffective|p1a: Slowpoke\n|-damage|p1a: Slowpoke|93\/100\n|-status|p1a: Slowpoke|par\n|cant|p1a: Slowpoke|par\n|\n|-heal|p2b: Hatterene|80\/100|[from] item: Leftovers\n|upkeep\n|\n|t:|1700404259\n|switch|p1b: Ursaluna|Ursaluna-Bloodmoon, M|100\/100\n|turn|8\n|\n|t:|1700404269\n|move|p2a: Leavanny|Leaf Blade|p1b: Ursaluna\n|-supereffective|p1b: Ursaluna\n|-damage|p1b: Ursaluna|36\/100\n|move|p1b: Ursaluna|Hyper Voice|p2b: Hatterene|[spread] p2a,p2b\n|-damage|p2a: Leavanny|42\/100\n|-damage|p2b: Hatterene|49\/100\n|-enditem|p1b: Ursaluna|Throat Spray\n|-boost|p1b: Ursaluna|spa|1|[from] item: Throat Spray\n|move|p2b: Hatterene|Dazzling Gleam|p1b: Ursaluna|[spread] p1a,p1b\n|-damage|p1a: Slowpoke|74\/100 par\n|-damage|p1b: Ursaluna|10\/100\n|move|p1a: Slowpoke|Trick Room|p1a: Slowpoke\n|-fieldstart|move: Trick Room|[of] p1a: Slowpoke\n|\n|-heal|p2b: Hatterene|55\/100|[from] item: Leftovers\n|upkeep\n|turn|9\n|\n|t:|1700404290\n|switch|p2b: Flutter Mane|Flutter Mane|100\/100\n|move|p1a: Slowpoke|Heal Pulse|p1b: Ursaluna\n|-heal|p1b: Ursaluna|60\/100\n|move|p1b: Ursaluna|Hyper Voice|p2b: Flutter Mane|[spread] p2a,p2b\n|-damage|p2a: Leavanny|0 fnt\n|-damage|p2b: Flutter Mane|35\/100\n|faint|p2a: Leavanny\n|\n|upkeep\n|\n|t:|1700404300\n|switch|p2a: Uxie|Uxie, tera:Electric|18\/100\n|turn|10\n|\n|t:|1700404306\n|move|p2a: Uxie|Protect|p2a: Uxie\n|-singleturn|p2a: Uxie|Protect\n|move|p2b: Flutter Mane|Protect|p2b: Flutter Mane\n|-singleturn|p2b: Flutter Mane|Protect\n|move|p1a: Slowpoke|Heal Pulse|p1b: Ursaluna\n|-heal|p1b: Ursaluna|100\/100\n|move|p1b: Ursaluna|Hyper Voice|p2a: Uxie|[spread] \n|-activate|p2a: Uxie|move: Protect\n|-activate|p2b: Flutter Mane|move: Protect\n|\n|-heal|p2a: Uxie|24\/100|[from] item: Leftovers\n|upkeep\n|turn|11\n|\n|t:|1700404323\n|move|p1a: Slowpoke|Slack Off|p1a: Slowpoke\n|-heal|p1a: Slowpoke|100\/100 par\n|move|p1b: Ursaluna|Hyper Voice|p2a: Uxie|[spread] p2a,p2b\n|-damage|p2a: Uxie|0 fnt\n|-damage|p2b: Flutter Mane|0 fnt\n|faint|p2a: Uxie\n|faint|p2b: Flutter Mane\n|-end|p2b: Flutter Mane|Protosynthesis|[silent]\n|\n|upkeep\n|\n|t:|1700404331\n|switch|p2a: Hatterene|Hatterene, F|55\/100\n|switch|p2b: Ogerpon|Ogerpon-Hearthflame, F|100\/100\n|-ability|p2b: Ogerpon|Mold Breaker\n|turn|12\n|\n|t:|1700404340\n|move|p2b: Ogerpon|Spiky Shield|p2b: Ogerpon\n|-singleturn|p2b: Ogerpon|move: Protect\n|move|p1a: Slowpoke|Bulldoze|p2a: Hatterene|[spread] p1b,p2a\n|-activate|p2b: Ogerpon|move: Protect\n|-damage|p1b: Ursaluna|96\/100\n|-damage|p2a: Hatterene|49\/100\n|-unboost|p1b: Ursaluna|spe|1\n|-unboost|p2a: Hatterene|spe|1\n|move|p2a: Hatterene|Life Dew||[still]|[spread] p2a,p2b\n|-heal|p2a: Hatterene|74\/100\n|-fail|p2b: Ogerpon|heal\n|move|p1b: Ursaluna|Blood Moon|p2b: Ogerpon\n|-activate|p2b: Ogerpon|move: Protect\n|\n|-heal|p2a: Hatterene|80\/100|[from] item: Leftovers\n|-fieldend|move: Trick Room\n|upkeep\n|turn|13\n|\n|t:|1700404359\n|move|p2b: Ogerpon|Horn Leech|p1b: Ursaluna\n|-supereffective|p1b: Ursaluna\n|-damage|p1b: Ursaluna|25\/100\n|move|p1b: Ursaluna|Hyper Voice|p2b: Ogerpon|[spread] p2a,p2b\n|-damage|p2a: Hatterene|35\/100\n|-damage|p2b: Ogerpon|34\/100\n|move|p2a: Hatterene|Dazzling Gleam|p1b: Ursaluna|[spread] p1a,p1b\n|-damage|p1a: Slowpoke|81\/100 par\n|-damage|p1b: Ursaluna|0 fnt\n|faint|p1b: Ursaluna\n|move|p1a: Slowpoke|Trick Room|p1a: Slowpoke\n|-fieldstart|move: Trick Room|[of] p1a: Slowpoke\n|\n|-heal|p2a: Hatterene|41\/100|[from] item: Leftovers\n|upkeep\n|\n|t:|1700404376\n|switch|p1b: Armarouge|Armarouge, F|100\/100\n|turn|14\n|\n|t:|1700404383\n|switch|p1a: Indeedee|Indeedee-F, F|100\/100\n|-fieldstart|move: Psychic Terrain|[from] ability: Psychic Surge|[of] p1a: Indeedee\n|-enditem|p1a: Indeedee|Psychic Seed\n|-boost|p1a: Indeedee|spd|1|[from] item: Psychic Seed\n|move|p2b: Ogerpon|Spiky Shield|p2b: Ogerpon\n|-singleturn|p2b: Ogerpon|move: Protect\n|move|p2a: Hatterene|Nuzzle|p1b: Armarouge\n|-damage|p1b: Armarouge|95\/100\n|-status|p1b: Armarouge|par\n|move|p1b: Armarouge|Expanding Force|p2a: Hatterene|[spread] p2a\n|-activate|p2b: Ogerpon|move: Protect\n|-resisted|p2a: Hatterene\n|-damage|p2a: Hatterene|17\/100\n|\n|-heal|p2a: Hatterene|23\/100|[from] item: Leftovers\n|upkeep\n|turn|15\n|\n|t:|1700404405\n|move|p1a: Indeedee|Follow Me|p1a: Indeedee\n|-singleturn|p1a: Indeedee|move: Follow Me\n|move|p2a: Hatterene|Life Dew|p2a: Hatterene|[spread] p2a,p2b\n|-heal|p2a: Hatterene|48\/100\n|-heal|p2b: Ogerpon|59\/100\n|move|p1b: Armarouge|Expanding Force|p2a: Hatterene|[spread] p2a,p2b\n|-resisted|p2a: Hatterene\n|-damage|p2a: Hatterene|23\/100\n|-damage|p2b: Ogerpon|0 fnt\n|faint|p2b: Ogerpon\n|\n|-heal|p2a: Hatterene|29\/100|[from] item: Leftovers\n|upkeep\n|turn|16\n|\n|t:|1700404417\n|move|p2a: Hatterene|Nuzzle|p1a: Indeedee\n|-damage|p1a: Indeedee|96\/100\n|-status|p1a: Indeedee|par\n|move|p1b: Armarouge|Armor Cannon|p2a: Hatterene\n|-damage|p2a: Hatterene|0 fnt\n|-unboost|p1b: Armarouge|def|1\n|-unboost|p1b: Armarouge|spd|1\n|faint|p2a: Hatterene\n|\n|win|Profesor Turo\n|raw|Profesor Turo's rating: 1289 &rarr; <strong>1320<\/strong><br \/>(+31 for winning)\n|raw|Vampirtulpe's rating: 1381 &rarr; <strong>1356<\/strong><br \/>(-25 for losing)\n|l|\u2606Vampirtulpe\n|c|\u2606Profesor Turo|ggs\n","uploadtime":1700404428,"views":11,"p1id":"profesorturo","p2id":"vampirtulpe","formatid":"gen9doublesou","rating":1320,"private":0,"password":""}