{"id":"gen9doublesou-1973338301","p1":"Thehombre","p2":"Crucifix9999","format":"[Gen 9] Doubles OU","log":"|j|\u2606Thehombre\n|j|\u2606Crucifix9999\n|t:|1697957243\n|gametype|doubles\n|player|p1|Thehombre|266|1080\n|player|p2|Crucifix9999|170|1068\n|teamsize|p1|6\n|teamsize|p2|6\n|gen|9\n|tier|[Gen 9] Doubles OU\n|rated|\n|rule|Species Clause: Limit one of each Pok\u00e9mon\n|rule|OHKO Clause: OHKO moves are banned\n|rule|Evasion Moves Clause: Evasion moves are banned\n|rule|Gravity Sleep Clause: The combination of sleep-inducing moves with imperfect accuracy and Gravity or Gigantamax Orbeetle are banned\n|rule|Endless Battle Clause: Forcing endless battles is banned\n|rule|HP Percentage Mod: HP is shown in percentages\n|clearpoke\n|poke|p1|Fezandipiti, M|\n|poke|p1|Overqwil, M|\n|poke|p1|Munkidori, M|\n|poke|p1|Landorus, M|\n|poke|p1|Corviknight, F|\n|poke|p1|Muk-Alola, F|\n|poke|p2|Chien-Pao|\n|poke|p2|Dragonite, M|\n|poke|p2|Tornadus, M|\n|poke|p2|Flutter Mane|\n|poke|p2|Empoleon, M|\n|poke|p2|Rillaboom, M|\n|teampreview\n|inactive|Battle timer is ON: inactive players will automatically lose when time's up. (requested by Thehombre)\n|\n|t:|1697957251\n|start\n|switch|p1a: Landorus|Landorus, M|100\/100\n|switch|p1b: Munkidori|Munkidori, M|100\/100\n|switch|p2a: Flutter Mane|Flutter Mane|100\/100\n|switch|p2b: Dragonite|Dragonite, M|100\/100\n|turn|1\n|\n|t:|1697957271\n|move|p2a: Flutter Mane|Dazzling Gleam|p1b: Munkidori|[spread] p1a,p1b\n|-resisted|p1b: Munkidori\n|-damage|p1a: Landorus|43\/100\n|-damage|p1b: Munkidori|72\/100\n|move|p1b: Munkidori|Nasty Plot|p1b: Munkidori\n|-boost|p1b: Munkidori|spa|2\n|move|p1a: Landorus|Earth Power|p2a: Flutter Mane\n|-damage|p2a: Flutter Mane|45\/100\n|move|p2b: Dragonite|Outrage|p1b: Munkidori\n|-damage|p1b: Munkidori|0 fnt\n|faint|p1b: Munkidori\n|\n|-heal|p1a: Landorus|49\/100|[from] item: Leftovers\n|upkeep\n|\n|t:|1697957276\n|switch|p1b: Fezandipiti|Fezandipiti, M|100\/100\n|turn|2\n|\n|t:|1697957291\n|-end|p2a: Flutter Mane|Protosynthesis|[silent]\n|switch|p2a: Rillaboom|Rillaboom, M|100\/100\n|-fieldstart|move: Grassy Terrain|[from] ability: Grassy Surge|[of] p2a: Rillaboom\n|switch|p1a: Muk|Muk-Alola, F|100\/100\n|move|p1b: Fezandipiti|Icy Wind|p2a: Rillaboom|[spread] p2a,p2b\n|-supereffective|p2a: Rillaboom\n|-supereffective|p2b: Dragonite\n|-damage|p2a: Rillaboom|73\/100\n|-damage|p2b: Dragonite|57\/100\n|-unboost|p2a: Rillaboom|spe|1\n|-unboost|p2b: Dragonite|spe|1\n|-status|p2a: Rillaboom|tox|[from] ability: Toxic Chain|[of] p1b: Fezandipiti\n|move|p2b: Dragonite|Outrage|p1a: Muk|[from]lockedmove\n|-damage|p1a: Muk|0 fnt\n|faint|p1a: Muk\n|-start|p2b: Dragonite|confusion|[fatigue]\n|\n|-heal|p2a: Rillaboom|79\/100 tox|[from] Grassy Terrain\n|-damage|p2a: Rillaboom|73\/100 tox|[from] psn\n|upkeep\n|\n|t:|1697957313\n|switch|p1a: Overqwil|Overqwil, M|100\/100\n|turn|3\n|\n|t:|1697957329\n|switch|p2b: Chien-Pao|Chien-Pao|100\/100\n|-ability|p2b: Chien-Pao|Sword of Ruin\n|move|p2a: Rillaboom|Grassy Glide|p1b: Fezandipiti\n|-resisted|p1b: Fezandipiti\n|-damage|p1b: Fezandipiti|57\/100\n|-damage|p2a: Rillaboom|63\/100 tox|[from] item: Life Orb\n|move|p1b: Fezandipiti|Icy Wind|p2a: Rillaboom|[spread] p2a,p2b\n|-supereffective|p2a: Rillaboom\n|-resisted|p2b: Chien-Pao\n|-damage|p2a: Rillaboom|35\/100 tox\n|-damage|p2b: Chien-Pao|93\/100\n|-unboost|p2a: Rillaboom|spe|1\n|-unboost|p2b: Chien-Pao|spe|1\n|move|p1a: Overqwil|Acupressure|p1b: Fezandipiti\n|-boost|p1b: Fezandipiti|def|2\n|\n|-heal|p1b: Fezandipiti|63\/100|[from] Grassy Terrain\n|-heal|p1b: Fezandipiti|69\/100|[from] item: Leftovers\n|-heal|p2b: Chien-Pao|99\/100|[from] Grassy Terrain\n|-heal|p2a: Rillaboom|42\/100 tox|[from] Grassy Terrain\n|-damage|p2a: Rillaboom|29\/100 tox|[from] psn\n|upkeep\n|turn|4\n|\n|t:|1697957356\n|switch|p2a: Tornadus|Tornadus, M|100\/100\n|move|p2b: Chien-Pao|Protect|p2b: Chien-Pao\n|-singleturn|p2b: Chien-Pao|Protect\n|move|p1b: Fezandipiti|Dazzling Gleam|p2a: Tornadus|[spread] p2a\n|-activate|p2b: Chien-Pao|move: Protect\n|-damage|p2a: Tornadus|86\/100\n|move|p1a: Overqwil|Acupressure|p1b: Fezandipiti\n|-boost|p1b: Fezandipiti|spd|2\n|\n|-heal|p1b: Fezandipiti|75\/100|[from] Grassy Terrain\n|-heal|p1b: Fezandipiti|81\/100|[from] item: Leftovers\n|-heal|p2b: Chien-Pao|100\/100|[from] Grassy Terrain\n|upkeep\n|turn|5\n|\n|t:|1697957380\n|move|p1b: Fezandipiti|Icy Wind|p2b: Chien-Pao|[spread] p2a,p2b\n|-supereffective|p2a: Tornadus\n|-resisted|p2b: Chien-Pao\n|-damage|p2a: Tornadus|71\/100\n|-damage|p2b: Chien-Pao|93\/100\n|-unboost|p2a: Tornadus|spe|1\n|-unboost|p2b: Chien-Pao|spe|1\n|move|p1a: Overqwil|Acupressure|p1b: Fezandipiti\n|-boost|p1b: Fezandipiti|evasion|2\n|move|p2b: Chien-Pao|Sacred Sword|p1b: Fezandipiti\n|-resisted|p1b: Fezandipiti\n|-damage|p1b: Fezandipiti|67\/100\n|move|p2a: Tornadus|Bleakwind Storm|p1b: Fezandipiti|[spread] p1b\n|-miss|p2a: Tornadus|p1a: Overqwil\n|-damage|p1b: Fezandipiti|54\/100\n|\n|-heal|p1b: Fezandipiti|60\/100|[from] Grassy Terrain\n|-heal|p1b: Fezandipiti|66\/100|[from] item: Leftovers\n|-heal|p2b: Chien-Pao|99\/100|[from] Grassy Terrain\n|upkeep\n|turn|6\n|inactive|Crucifix9999 has 120 seconds left.\n|\n|t:|1697957411\n|move|p2b: Chien-Pao|Protect|p2b: Chien-Pao\n|-singleturn|p2b: Chien-Pao|Protect\n|move|p2a: Tornadus|Tailwind|p2a: Tornadus\n|-sidestart|p2: Crucifix9999|move: Tailwind\n|move|p1b: Fezandipiti|Dazzling Gleam|p2a: Tornadus|[spread] p2a\n|-activate|p2b: Chien-Pao|move: Protect\n|-damage|p2a: Tornadus|56\/100\n|move|p1a: Overqwil|Acupressure|p1b: Fezandipiti\n|-boost|p1b: Fezandipiti|spa|2\n|\n|-heal|p2b: Chien-Pao|100\/100|[from] Grassy Terrain\n|-heal|p1b: Fezandipiti|72\/100|[from] Grassy Terrain\n|-heal|p1b: Fezandipiti|78\/100|[from] item: Leftovers\n|-fieldend|move: Grassy Terrain\n|upkeep\n|turn|7\n|\n|t:|1697957434\n|move|p2b: Chien-Pao|Sucker Punch|p1b: Fezandipiti\n|-resisted|p1b: Fezandipiti\n|-damage|p1b: Fezandipiti|61\/100\n|move|p2a: Tornadus|Tailwind||[still]\n|-fail|p2a: Tornadus\n|move|p1b: Fezandipiti|Heat Wave|p2a: Tornadus|[spread] p2a,p2b\n|-crit|p2a: Tornadus\n|-supereffective|p2b: Chien-Pao\n|-damage|p2a: Tornadus|18\/100\n|-enditem|p2b: Chien-Pao|Focus Sash\n|-damage|p2b: Chien-Pao|1\/100\n|-status|p2a: Tornadus|tox|[from] ability: Toxic Chain|[of] p1b: Fezandipiti\n|-status|p2b: Chien-Pao|tox|[from] ability: Toxic Chain|[of] p1b: Fezandipiti\n|move|p1a: Overqwil|Acupressure|p1b: Fezandipiti\n|-boost|p1b: Fezandipiti|spe|2\n|\n|-heal|p1b: Fezandipiti|67\/100|[from] item: Leftovers\n|-damage|p2b: Chien-Pao|0 fnt|[from] psn\n|faint|p2b: Chien-Pao\n|-damage|p2a: Tornadus|12\/100 tox|[from] psn\n|upkeep\n|inactive|Crucifix9999 has 120 seconds left.\n|\n|t:|1697957455\n|switch|p2b: Dragonite|Dragonite, M|57\/100\n|turn|8\n|inactive|Crucifix9999 has 120 seconds left.\n|\n|t:|1697957476\n|move|p2a: Tornadus|Taunt|p1b: Fezandipiti|[miss]\n|-miss|p2a: Tornadus|p1b: Fezandipiti\n|move|p1b: Fezandipiti|Icy Wind|p2b: Dragonite|[spread] p2a,p2b\n|-supereffective|p2a: Tornadus\n|-supereffective|p2b: Dragonite\n|-damage|p2a: Tornadus|0 fnt\n|-damage|p2b: Dragonite|0 fnt\n|faint|p2a: Tornadus\n|faint|p2b: Dragonite\n|move|p1a: Overqwil|Acupressure|p1b: Fezandipiti\n|-boost|p1b: Fezandipiti|evasion|2\n|\n|-heal|p1b: Fezandipiti|73\/100|[from] item: Leftovers\n|upkeep\n|inactive|Crucifix9999 has 120 seconds left.\n|\n|t:|1697957492\n|switch|p2b: Rillaboom|Rillaboom, M|29\/100 tox\n|switch|p2a: Empoleon|Empoleon, M|100\/100\n|-fieldstart|move: Grassy Terrain|[from] ability: Grassy Surge|[of] p2b: Rillaboom\n|turn|9\n|inactive|Crucifix9999 has 120 seconds left.\n|\n|t:|1697957510\n|move|p1b: Fezandipiti|Heat Wave|p2b: Rillaboom|[spread] p2a,p2b\n|-supereffective|p2b: Rillaboom\n|-damage|p2a: Empoleon|79\/100\n|-damage|p2b: Rillaboom|0 fnt\n|faint|p2b: Rillaboom\n|move|p2a: Empoleon|Flash Cannon|p1b: Fezandipiti|[miss]\n|-miss|p2a: Empoleon|p1b: Fezandipiti\n|move|p1a: Overqwil|Acupressure|p1b: Fezandipiti\n|-boost|p1b: Fezandipiti|evasion|2\n|\n|-heal|p1b: Fezandipiti|79\/100|[from] Grassy Terrain\n|-heal|p1b: Fezandipiti|85\/100|[from] item: Leftovers\n|-heal|p2a: Empoleon|85\/100|[from] Grassy Terrain\n|-sideend|p2: Crucifix9999|move: Tailwind\n|upkeep\n|inactive|Crucifix9999 has 120 seconds left.\n|\n|t:|1697957523\n|switch|p2b: Flutter Mane|Flutter Mane|45\/100\n|turn|10\n|\n|t:|1697957534\n|move|p1b: Fezandipiti|Dazzling Gleam|p2b: Flutter Mane|[spread] p2a,p2b\n|-resisted|p2a: Empoleon\n|-damage|p2a: Empoleon|73\/100\n|-damage|p2b: Flutter Mane|4\/100\n|move|p2b: Flutter Mane|Dazzling Gleam|p1b: Fezandipiti|[spread] p1a,p1b\n|-resisted|p1b: Fezandipiti\n|-damage|p1a: Overqwil|22\/100\n|-damage|p1b: Fezandipiti|75\/100\n|move|p1a: Overqwil|Acupressure|p1b: Fezandipiti\n|-boost|p1b: Fezandipiti|spe|2\n|move|p2a: Empoleon|Hydro Pump|p1b: Fezandipiti|[miss]\n|-miss|p2a: Empoleon|p1b: Fezandipiti\n|\n|-heal|p1b: Fezandipiti|81\/100|[from] Grassy Terrain\n|-heal|p1b: Fezandipiti|87\/100|[from] item: Leftovers\n|-heal|p2b: Flutter Mane|10\/100|[from] Grassy Terrain\n|-heal|p1a: Overqwil|28\/100|[from] Grassy Terrain\n|-heal|p2a: Empoleon|79\/100|[from] Grassy Terrain\n|upkeep\n|turn|11\n|\n|t:|1697957557\n|move|p1b: Fezandipiti|Dazzling Gleam|p2b: Flutter Mane|[spread] p2a,p2b\n|-resisted|p2a: Empoleon\n|-crit|p2a: Empoleon\n|-damage|p2a: Empoleon|60\/100\n|-damage|p2b: Flutter Mane|0 fnt\n|faint|p2b: Flutter Mane\n|-end|p2b: Flutter Mane|Protosynthesis|[silent]\n|move|p1a: Overqwil|Acupressure|p1b: Fezandipiti\n|-boost|p1b: Fezandipiti|spa|2\n|move|p2a: Empoleon|Icy Wind|p1a: Overqwil|[spread] p1a\n|-miss|p2a: Empoleon|p1b: Fezandipiti\n|-damage|p1a: Overqwil|7\/100\n|-unboost|p1a: Overqwil|spe|1\n|\n|-heal|p1b: Fezandipiti|93\/100|[from] Grassy Terrain\n|-heal|p1b: Fezandipiti|99\/100|[from] item: Leftovers\n|-heal|p1a: Overqwil|13\/100|[from] Grassy Terrain\n|-heal|p2a: Empoleon|66\/100|[from] Grassy Terrain\n|upkeep\n|turn|12\n|-message|Crucifix9999 forfeited.\n|\n|win|Thehombre\n|raw|Thehombre's rating: 1080 &rarr; <strong>1107<\/strong><br \/>(+27 for winning)\n|raw|Crucifix9999's rating: 1068 &rarr; <strong>1048<\/strong><br \/>(-20 for losing)\n|l|\u2606Crucifix9999\n","uploadtime":1697957576,"views":17,"p1id":"thehombre","p2id":"crucifix9999","formatid":"gen9doublesou","rating":1048,"private":0,"password":""}