{"id":"gen9doublesou-1974529064","p1":"SXD2002","p2":"summer high","format":"[Gen 9] Doubles OU","log":"|j|\u2606SXD2002\n|j|\u2606summer high\n|t:|1698094576\n|gametype|doubles\n|player|p1|SXD2002|silver-masters|1071\n|player|p2|summer high|101|1112\n|teamsize|p1|6\n|teamsize|p2|6\n|gen|9\n|tier|[Gen 9] Doubles OU\n|rated|\n|rule|Species Clause: Limit one of each Pok\u00e9mon\n|rule|OHKO Clause: OHKO moves are banned\n|rule|Evasion Moves Clause: Evasion moves are banned\n|rule|Gravity Sleep Clause: The combination of sleep-inducing moves with imperfect accuracy and Gravity or Gigantamax Orbeetle are banned\n|rule|Endless Battle Clause: Forcing endless battles is banned\n|rule|HP Percentage Mod: HP is shown in percentages\n|clearpoke\n|poke|p1|Lurantis, F|\n|poke|p1|Murkrow, F|\n|poke|p1|Grimmsnarl, M|\n|poke|p1|Clefairy, M|\n|poke|p1|Talonflame, F|\n|poke|p1|Espeon, M|\n|poke|p2|Ceruledge, F|\n|poke|p2|Chien-Pao|\n|poke|p2|Ogerpon-Wellspring, F|\n|poke|p2|Gholdengo|\n|poke|p2|Toxicroak, F|\n|poke|p2|Flutter Mane|\n|teampreview\n|inactive|Battle timer is ON: inactive players will automatically lose when time's up. (requested by summer high)\n|\n|t:|1698094596\n|start\n|switch|p1a: Grimmsnarl|Grimmsnarl, M|100\/100\n|switch|p1b: Lurantis|Lurantis, F|100\/100\n|switch|p2a: Toxicroak|Toxicroak, F|100\/100\n|switch|p2b: Chien-Pao|Chien-Pao|100\/100\n|-ability|p2b: Chien-Pao|Sword of Ruin\n|turn|1\n|\n|t:|1698094608\n|-terastallize|p1b: Lurantis|Steel\n|move|p2a: Toxicroak|Fake Out|p1a: Grimmsnarl\n|-damage|p1a: Grimmsnarl|79\/100\n|-status|p1a: Grimmsnarl|psn|[from] ability: Poison Touch|[of] p2a: Toxicroak\n|cant|p1a: Grimmsnarl|flinch\n|move|p2b: Chien-Pao|Sacred Sword|p1a: Grimmsnarl\n|-damage|p1a: Grimmsnarl|31\/100 psn\n|move|p1b: Lurantis|Superpower|p2b: Chien-Pao\n|-supereffective|p2b: Chien-Pao\n|-damage|p2b: Chien-Pao|0 fnt\n|-boost|p1b: Lurantis|atk|1\n|-boost|p1b: Lurantis|def|1\n|faint|p2b: Chien-Pao\n|\n|-heal|p1a: Grimmsnarl|38\/100 psn|[from] item: Leftovers\n|-damage|p1a: Grimmsnarl|25\/100 psn|[from] psn\n|upkeep\n|\n|t:|1698094626\n|switch|p2b: Flutter Mane|Flutter Mane|100\/100\n|turn|2\n|\n|t:|1698094656\n|switch|p2a: Gholdengo|Gholdengo|100\/100\n|move|p1a: Grimmsnarl|Fake Tears|p1b: Lurantis\n|-boost|p1b: Lurantis|spd|2\n|move|p2b: Flutter Mane|Dazzling Gleam|p1b: Lurantis|[spread] p1a,p1b\n|-supereffective|p1a: Grimmsnarl\n|-resisted|p1b: Lurantis\n|-damage|p1a: Grimmsnarl|0 fnt\n|-damage|p1b: Lurantis|95\/100\n|faint|p1a: Grimmsnarl\n|move|p1b: Lurantis|Leaf Storm|p2b: Flutter Mane\n|-damage|p2b: Flutter Mane|61\/100\n|-boost|p1b: Lurantis|spa|2\n|\n|-heal|p1b: Lurantis|100\/100|[from] item: Leftovers\n|upkeep\n|inactive|SXD2002 has 120 seconds left.\n|\n|t:|1698094696\n|switch|p1a: Murkrow|Murkrow, F|100\/100\n|turn|3\n|\n|t:|1698094706\n|move|p2b: Flutter Mane|Shadow Ball|p1a: Murkrow\n|-resisted|p1a: Murkrow\n|-damage|p1a: Murkrow|81\/100\n|move|p2a: Gholdengo|Thunderbolt|p1a: Murkrow\n|-supereffective|p1a: Murkrow\n|-damage|p1a: Murkrow|30\/100\n|move|p1a: Murkrow|Snarl|p2a: Gholdengo|[spread] p2a,p2b\n|-supereffective|p2a: Gholdengo\n|-damage|p2a: Gholdengo|81\/100\n|-damage|p2b: Flutter Mane|47\/100\n|-unboost|p2a: Gholdengo|spa|1\n|-unboost|p2b: Flutter Mane|spa|1\n|move|p1b: Lurantis|Leaf Storm|p2b: Flutter Mane|[miss]\n|-miss|p1b: Lurantis|p2b: Flutter Mane\n|\n|upkeep\n|turn|4\n|\n|t:|1698094726\n|move|p2b: Flutter Mane|Dazzling Gleam|p1a: Murkrow|[spread] p1a,p1b\n|-supereffective|p1a: Murkrow\n|-resisted|p1b: Lurantis\n|-damage|p1a: Murkrow|0 fnt\n|-damage|p1b: Lurantis|96\/100\n|faint|p1a: Murkrow\n|move|p2a: Gholdengo|Thunderbolt|p1b: Lurantis\n|-damage|p1b: Lurantis|87\/100\n|move|p1b: Lurantis|Leaf Storm|p2b: Flutter Mane\n|-damage|p2b: Flutter Mane|0 fnt\n|-boost|p1b: Lurantis|spa|2\n|faint|p2b: Flutter Mane\n|-end|p2b: Flutter Mane|Protosynthesis|[silent]\n|\n|-heal|p1b: Lurantis|93\/100|[from] item: Leftovers\n|upkeep\n|\n|t:|1698094743\n|switch|p2b: Toxicroak|Toxicroak, F|100\/100\n|switch|p1a: Talonflame|Talonflame, F|100\/100\n|turn|5\n|\n|t:|1698094754\n|move|p1b: Lurantis|Protect|p1b: Lurantis\n|-singleturn|p1b: Lurantis|Protect\n|move|p2b: Toxicroak|Fake Out|p1b: Lurantis\n|-activate|p1b: Lurantis|move: Protect\n|move|p1a: Talonflame|Will-O-Wisp|p2b: Toxicroak\n|-status|p2b: Toxicroak|brn\n|move|p2a: Gholdengo|Thunderbolt|p1a: Talonflame\n|-supereffective|p1a: Talonflame\n|-damage|p1a: Talonflame|49\/100\n|\n|-heal|p1b: Lurantis|99\/100|[from] item: Leftovers\n|-damage|p2b: Toxicroak|94\/100 brn|[from] brn\n|upkeep\n|turn|6\n|\n|t:|1698094772\n|move|p1a: Talonflame|Defog|p1b: Lurantis\n|-boost|p1b: Lurantis|evasion|1\n|move|p2b: Toxicroak|Drain Punch|p1b: Lurantis\n|-supereffective|p1b: Lurantis\n|-crit|p1b: Lurantis\n|-damage|p1b: Lurantis|38\/100\n|-heal|p2b: Toxicroak|100\/100 brn|[from] drain|[of] p1b: Lurantis\n|move|p2a: Gholdengo|Thunderbolt|p1a: Talonflame\n|-supereffective|p1a: Talonflame\n|-damage|p1a: Talonflame|0 fnt\n|faint|p1a: Talonflame\n|move|p1b: Lurantis|Superpower|p2b: Toxicroak\n|-resisted|p2b: Toxicroak\n|-damage|p2b: Toxicroak|69\/100 brn\n|-boost|p1b: Lurantis|atk|1\n|-boost|p1b: Lurantis|def|1\n|\n|-heal|p1b: Lurantis|44\/100|[from] item: Leftovers\n|-damage|p2b: Toxicroak|62\/100 brn|[from] brn\n|upkeep\n|\n|t:|1698094786\n|switch|p1a: Clefairy|Clefairy, M|100\/100\n|turn|7\n|\n|t:|1698094792\n|move|p1b: Lurantis|Protect|p1b: Lurantis\n|-singleturn|p1b: Lurantis|Protect\n|move|p2b: Toxicroak|Drain Punch|p1b: Lurantis\n|-activate|p1b: Lurantis|move: Protect\n|move|p2a: Gholdengo|Make It Rain|p1a: Clefairy|[spread] p1a\n|-activate|p1b: Lurantis|move: Protect\n|-supereffective|p1a: Clefairy\n|-crit|p1a: Clefairy\n|-damage|p1a: Clefairy|9\/100\n|-unboost|p2a: Gholdengo|spa|1\n|move|p1a: Clefairy|Life Dew|p1a: Clefairy|[spread] p1a,p1b\n|-heal|p1a: Clefairy|34\/100\n|-heal|p1b: Lurantis|69\/100\n|\n|-heal|p1b: Lurantis|75\/100|[from] item: Leftovers\n|-damage|p2b: Toxicroak|56\/100 brn|[from] brn\n|upkeep\n|turn|8\n|\n|t:|1698094811\n|move|p2b: Toxicroak|Drain Punch|p1b: Lurantis\n|-supereffective|p1b: Lurantis\n|-damage|p1b: Lurantis|59\/100\n|-heal|p2b: Toxicroak|66\/100 brn|[from] drain|[of] p1b: Lurantis\n|move|p2a: Gholdengo|Hex|p1b: Lurantis\n|-damage|p1b: Lurantis|53\/100\n|move|p1b: Lurantis|Superpower|p2b: Toxicroak\n|-resisted|p2b: Toxicroak\n|-damage|p2b: Toxicroak|24\/100 brn\n|-boost|p1b: Lurantis|atk|1\n|-boost|p1b: Lurantis|def|1\n|move|p1a: Clefairy|Life Dew|p1a: Clefairy|[spread] p1a,p1b\n|-heal|p1a: Clefairy|59\/100\n|-heal|p1b: Lurantis|78\/100\n|\n|-heal|p1b: Lurantis|84\/100|[from] item: Leftovers\n|-damage|p2b: Toxicroak|18\/100 brn|[from] brn\n|upkeep\n|turn|9\n|\n|t:|1698094828\n|switch|p2b: Ceruledge|Ceruledge, F, shiny|100\/100\n|switch|p2a: Ogerpon|Ogerpon-Wellspring, F|100\/100\n|move|p1b: Lurantis|Superpower|p2b: Ceruledge\n|-immune|p2b: Ceruledge\n|move|p1a: Clefairy|Life Dew|p1a: Clefairy|[spread] p1a,p1b\n|-heal|p1a: Clefairy|84\/100\n|-heal|p1b: Lurantis|100\/100\n|\n|upkeep\n|turn|10\n|\n|t:|1698094852\n|move|p1a: Clefairy|Helping Hand|p1b: Lurantis\n|-singleturn|p1b: Lurantis|Helping Hand|[of] p1a: Clefairy\n|move|p2a: Ogerpon|Spiky Shield|p2a: Ogerpon\n|-singleturn|p2a: Ogerpon|move: Protect\n|move|p2b: Ceruledge|Bitter Blade|p1b: Lurantis\n|-supereffective|p1b: Lurantis\n|-damage|p1b: Lurantis|73\/100\n|move|p1b: Lurantis|Leaf Storm|p2b: Ceruledge\n|-resisted|p2b: Ceruledge\n|-enditem|p2b: Ceruledge|Focus Sash\n|-damage|p2b: Ceruledge|1\/100\n|-boost|p1b: Lurantis|spa|2\n|\n|-heal|p1b: Lurantis|79\/100|[from] item: Leftovers\n|upkeep\n|turn|11\n|\n|t:|1698094880\n|move|p2a: Ogerpon|Knock Off|p1b: Lurantis\n|-damage|p1b: Lurantis|66\/100\n|-enditem|p1b: Lurantis|Leftovers|[from] move: Knock Off|[of] p2a: Ogerpon\n|move|p2b: Ceruledge|Phantom Force||[still]\n|-prepare|p2b: Ceruledge|Phantom Force\n|move|p1b: Lurantis|Leech Life|p2a: Ogerpon\n|-supereffective|p2a: Ogerpon\n|-damage|p2a: Ogerpon|0 fnt\n|-heal|p1b: Lurantis|100\/100|[from] drain|[of] p2a: Ogerpon\n|faint|p2a: Ogerpon\n|move|p1a: Clefairy|Life Dew||[still]|[spread] p1a,p1b\n|-heal|p1a: Clefairy|100\/100\n|-fail|p1b: Lurantis|heal\n|\n|upkeep\n|inactive|summer high has 120 seconds left.\n|\n|t:|1698094891\n|switch|p2a: Toxicroak|Toxicroak, F|18\/100 brn\n|turn|12\n|\n|t:|1698094900\n|move|p2a: Toxicroak|Fake Out|p1b: Lurantis|[miss]\n|-miss|p2a: Toxicroak|p1b: Lurantis\n|move|p1a: Clefairy|Follow Me|p1a: Clefairy\n|-singleturn|p1a: Clefairy|move: Follow Me\n|move|p2b: Ceruledge|Phantom Force|p1a: Clefairy|[from]lockedmove\n|-damage|p1a: Clefairy|44\/100\n|move|p1b: Lurantis|Superpower|p2a: Toxicroak\n|-resisted|p2a: Toxicroak\n|-damage|p2a: Toxicroak|0 fnt\n|-boost|p1b: Lurantis|atk|1\n|-boost|p1b: Lurantis|def|1\n|faint|p2a: Toxicroak\n|\n|upkeep\n|\n|t:|1698094912\n|switch|p2a: Gholdengo|Gholdengo|81\/100\n|turn|13\n|\n|t:|1698094920\n|move|p2b: Ceruledge|Bitter Blade|p1b: Lurantis\n|-supereffective|p1b: Lurantis\n|-damage|p1b: Lurantis|75\/100\n|-heal|p2b: Ceruledge|16\/100|[from] drain|[of] p1b: Lurantis\n|move|p2a: Gholdengo|Shadow Ball|p1b: Lurantis\n|-damage|p1b: Lurantis|63\/100\n|move|p1b: Lurantis|Leech Life|p2b: Ceruledge\n|-resisted|p2b: Ceruledge\n|-damage|p2b: Ceruledge|0 fnt\n|-heal|p1b: Lurantis|70\/100|[from] drain|[of] p2b: Ceruledge\n|faint|p2b: Ceruledge\n|move|p1a: Clefairy|Life Dew|p1a: Clefairy|[spread] p1a,p1b\n|-heal|p1a: Clefairy|69\/100\n|-heal|p1b: Lurantis|95\/100\n|\n|upkeep\n|turn|14\n|-message|summer high forfeited.\n|\n|win|SXD2002\n|raw|SXD2002's rating: 1071 &rarr; <strong>1104<\/strong><br \/>(+33 for winning)\n|raw|summer high's rating: 1112 &rarr; <strong>1084<\/strong><br \/>(-28 for losing)\n|l|\u2606summer high\n","uploadtime":1698094935,"views":7,"p1id":"sxd2002","p2id":"summerhigh","formatid":"gen9doublesou","rating":1084,"private":0,"password":""}