{"id":"gen9doublesou-1994140520","p1":"tzk 394","p2":"reposefulpallas","format":"[Gen 9] Doubles OU","log":"|j|\u2606tzk 394\n|j|\u2606reposefulpallas\n|t:|1700411641\n|gametype|doubles\n|player|p1|tzk 394|170|1423\n|player|p2|reposefulpallas|psychic-gen3|1435\n|teamsize|p1|6\n|teamsize|p2|6\n|gen|9\n|tier|[Gen 9] Doubles OU\n|rated|\n|rule|Species Clause: Limit one of each Pok\u00e9mon\n|rule|OHKO Clause: OHKO moves are banned\n|rule|Evasion Moves Clause: Evasion moves are banned\n|rule|Gravity Sleep Clause: The combination of sleep-inducing moves with imperfect accuracy and Gravity or Gigantamax Orbeetle are banned\n|rule|Endless Battle Clause: Forcing endless battles is banned\n|rule|HP Percentage Mod: HP is shown in percentages\n|clearpoke\n|poke|p1|Golem-Alola, M|\n|poke|p1|Oranguru, F|\n|poke|p1|Hoopa-Unbound|\n|poke|p1|Moltres-Galar|\n|poke|p1|Scream Tail|\n|poke|p1|Iron Bundle|\n|poke|p2|Kommo-o, M|\n|poke|p2|Arcanine-Hisui, M|\n|poke|p2|Sinistcha|\n|poke|p2|Illumise, F|\n|poke|p2|Oricorio-Pom-Pom, M|\n|poke|p2|Chi-Yu|\n|teampreview\n|\n|t:|1700411662\n|start\n|switch|p1a: Hoopa|Hoopa-Unbound|100\/100\n|switch|p1b: Scream Tail|Scream Tail|100\/100\n|switch|p2a: Trap Queen|Illumise, F|100\/100\n|switch|p2b: Le Fishe Au Magma|Chi-Yu|100\/100\n|-ability|p2b: Le Fishe Au Magma|Beads of Ruin\n|turn|1\n|inactive|Battle timer is ON: inactive players will automatically lose when time's up. (requested by tzk 394)\n|\n|t:|1700411677\n|move|p1a: Hoopa|Protect|p1a: Hoopa\n|-singleturn|p1a: Hoopa|Protect\n|move|p2a: Trap Queen|Tailwind|p2a: Trap Queen\n|-sidestart|p2: reposefulpallas|move: Tailwind\n|move|p2b: Le Fishe Au Magma|Dark Pulse|p1b: Scream Tail\n|-damage|p1b: Scream Tail|50\/100\n|cant|p1b: Scream Tail|flinch\n|\n|upkeep\n|turn|2\n|\n|t:|1700411694\n|-terastallize|p1a: Hoopa|Fire\n|move|p2b: Le Fishe Au Magma|Dark Pulse|p1b: Scream Tail\n|-damage|p1b: Scream Tail|0 fnt\n|faint|p1b: Scream Tail\n|-end|p1b: Scream Tail|Protosynthesis|[silent]\n|move|p2a: Trap Queen|Struggle Bug|p1a: Hoopa\n|-resisted|p1a: Hoopa\n|-damage|p1a: Hoopa|94\/100\n|-unboost|p1a: Hoopa|spa|1\n|move|p1a: Hoopa|Psychic|p2a: Trap Queen\n|-damage|p2a: Trap Queen|14\/100\n|-damage|p1a: Hoopa|84\/100|[from] item: Life Orb\n|\n|upkeep\n|\n|t:|1700411705\n|switch|p1b: Golem|Golem-Alola, M|100\/100\n|turn|3\n|\n|t:|1700411714\n|move|p1a: Hoopa|Protect|p1a: Hoopa\n|-singleturn|p1a: Hoopa|Protect\n|move|p2a: Trap Queen|Charm|p1b: Golem\n|-unboost|p1b: Golem|atk|2\n|move|p2b: Le Fishe Au Magma|Dark Pulse|p1b: Golem\n|-damage|p1b: Golem|0 fnt\n|faint|p1b: Golem\n|\n|upkeep\n|\n|t:|1700411725\n|switch|p1b: Oranguru|Oranguru, F|100\/100\n|turn|4\n|\n|t:|1700411733\n|move|p2b: Le Fishe Au Magma|Dark Pulse|p1b: Oranguru\n|-supereffective|p1b: Oranguru\n|-damage|p1b: Oranguru|0 fnt\n|faint|p1b: Oranguru\n|move|p2a: Trap Queen|Struggle Bug|p1a: Hoopa\n|-resisted|p1a: Hoopa\n|-damage|p1a: Hoopa|77\/100\n|-unboost|p1a: Hoopa|spa|1\n|move|p1a: Hoopa|Focus Blast|p2b: Le Fishe Au Magma|[miss]\n|-miss|p1a: Hoopa|p2b: Le Fishe Au Magma\n|\n|-sideend|p2: reposefulpallas|move: Tailwind\n|upkeep\n|\n|t:|1700411743\n|switch|p1b: Moltres|Moltres-Galar|100\/100\n|turn|5\n|\n|t:|1700411750\n|move|p2a: Trap Queen|Tailwind|p2a: Trap Queen\n|-sidestart|p2: reposefulpallas|move: Tailwind\n|move|p2b: Le Fishe Au Magma|Dark Pulse|p1a: Hoopa\n|-damage|p1a: Hoopa|17\/100\n|move|p1b: Moltres|Hurricane|p2b: Le Fishe Au Magma|[miss]\n|-miss|p1b: Moltres|p2b: Le Fishe Au Magma\n|cant|p1a: Hoopa|flinch\n|\n|upkeep\n|turn|6\n|-message|tzk 394 forfeited.\n|\n|win|reposefulpallas\n|raw|tzk 394's rating: 1423 &rarr; <strong>1404<\/strong><br \/>(-19 for losing)\n|raw|reposefulpallas's rating: 1435 &rarr; <strong>1454<\/strong><br \/>(+19 for winning)\n|l|\u2606tzk 394\n","uploadtime":1700411788,"views":9,"p1id":"tzk394","p2id":"reposefulpallas","formatid":"gen9doublesou","rating":1404,"private":0,"password":""}