{"id":"gen9doublesou-1986547577","p1":"BKDAFEARLESS1","p2":"KaiserKiller","format":"[Gen 9] Doubles OU","log":"|j|\u2606BKDAFEARLESS1\n|j|\u2606KaiserKiller\n|t:|1699490595\n|gametype|doubles\n|player|p1|BKDAFEARLESS1|hiker-gen4|1029\n|player|p2|KaiserKiller|1|1000\n|teamsize|p1|6\n|teamsize|p2|6\n|gen|9\n|tier|[Gen 9] Doubles OU\n|rated|\n|rule|Species Clause: Limit one of each Pok\u00e9mon\n|rule|OHKO Clause: OHKO moves are banned\n|rule|Evasion Moves Clause: Evasion moves are banned\n|rule|Gravity Sleep Clause: The combination of sleep-inducing moves with imperfect accuracy and Gravity or Gigantamax Orbeetle are banned\n|rule|Endless Battle Clause: Forcing endless battles is banned\n|rule|HP Percentage Mod: HP is shown in percentages\n|clearpoke\n|poke|p1|Slaking, M|\n|poke|p1|Grafaiai, F|\n|poke|p1|Infernape, F|\n|poke|p1|Munkidori, M|\n|poke|p1|Rillaboom, F|\n|poke|p1|Ambipom, F|\n|poke|p2|Rillaboom, M|\n|poke|p2|Sneasler, M|\n|poke|p2|Arcanine, F|\n|poke|p2|Oranguru, F|\n|poke|p2|Sinistcha|\n|poke|p2|Chien-Pao|\n|teampreview\n|inactive|Battle timer is ON: inactive players will automatically lose when time's up. (requested by BKDAFEARLESS1)\n|c|\u2606BKDAFEARLESS1|glhf\n|\n|t:|1699490607\n|start\n|switch|p1a: Ambipom|Ambipom, F|100\/100\n|switch|p1b: Infernape|Infernape, F|100\/100\n|switch|p2a: Rillaboom|Rillaboom, M|100\/100\n|switch|p2b: Sneasler|Sneasler, M, shiny|100\/100\n|-fieldstart|move: Grassy Terrain|[from] ability: Grassy Surge|[of] p2a: Rillaboom\n|-enditem|p2b: Sneasler|Grassy Seed\n|-boost|p2b: Sneasler|def|1|[from] item: Grassy Seed\n|turn|1\n|c|\u2606KaiserKiller|glhf\n|\n|t:|1699490629\n|move|p1a: Ambipom|Fake Out|p2b: Sneasler\n|-enditem|p1a: Ambipom|Normal Gem|[from] gem\n|-damage|p2b: Sneasler|76\/100\n|move|p2a: Rillaboom|Fake Out|p1b: Infernape\n|-damage|p1b: Infernape|75\/100\n|cant|p2b: Sneasler|flinch\n|cant|p1b: Infernape|flinch\n|\n|-heal|p2b: Sneasler|82\/100|[from] Grassy Terrain\n|-heal|p1b: Infernape|81\/100|[from] Grassy Terrain\n|upkeep\n|turn|2\n|\n|t:|1699490653\n|move|p2b: Sneasler|Acrobatics|p1b: Infernape\n|-supereffective|p1b: Infernape\n|-crit|p1b: Infernape\n|-damage|p1b: Infernape|0 fnt\n|faint|p1b: Infernape\n|move|p1a: Ambipom|Acrobatics|p2a: Rillaboom\n|-supereffective|p2a: Rillaboom\n|-damage|p2a: Rillaboom|42\/100\n|move|p2a: Rillaboom|High Horsepower|p1a: Ambipom\n|-damage|p1a: Ambipom|47\/100\n|\n|-heal|p2b: Sneasler|88\/100|[from] Grassy Terrain\n|-heal|p1a: Ambipom|53\/100|[from] Grassy Terrain\n|-heal|p2a: Rillaboom|48\/100|[from] Grassy Terrain\n|upkeep\n|\n|t:|1699490666\n|switch|p1b: Munkidori|Munkidori, M|100\/100\n|-item|p2a: Rillaboom|Assault Vest|[from] ability: Frisk|[of] p1b: Munkidori|[identify]\n|turn|3\n|\n|t:|1699490690\n|move|p2b: Sneasler|Acrobatics|p1a: Ambipom\n|-damage|p1a: Ambipom|0 fnt\n|faint|p1a: Ambipom\n|move|p1b: Munkidori|Future Sight|p2b: Sneasler\n|-start|p1b: Munkidori|move: Future Sight\n|move|p2a: Rillaboom|High Horsepower|p1b: Munkidori\n|-supereffective|p1b: Munkidori\n|-enditem|p1b: Munkidori|Focus Sash\n|-damage|p1b: Munkidori|1\/100\n|\n|-heal|p2b: Sneasler|94\/100|[from] Grassy Terrain\n|-heal|p1b: Munkidori|7\/100|[from] Grassy Terrain\n|-heal|p2a: Rillaboom|54\/100|[from] Grassy Terrain\n|upkeep\n|\n|t:|1699490703\n|switch|p1a: Grafaiai|Grafaiai, F|100\/100\n|turn|4\n|\n|t:|1699490715\n|move|p1a: Grafaiai|Parting Shot|p2b: Sneasler\n|-unboost|p2b: Sneasler|atk|1\n|-unboost|p2b: Sneasler|spa|1\n|\n|t:|1699490720\n|switch|p1a: Rillaboom|Rillaboom, F|100\/100|[from] Parting Shot\n|move|p2a: Rillaboom|Grassy Glide|p1b: Munkidori\n|-resisted|p1b: Munkidori\n|-damage|p1b: Munkidori|0 fnt\n|faint|p1b: Munkidori\n|move|p2b: Sneasler|Close Combat|p1a: Rillaboom\n|-damage|p1a: Rillaboom|57\/100\n|-unboost|p2b: Sneasler|def|1\n|-unboost|p2b: Sneasler|spd|1\n|\n|-heal|p2b: Sneasler|99\/100|[from] Grassy Terrain\n|-heal|p1a: Rillaboom|64\/100|[from] Grassy Terrain\n|-heal|p2a: Rillaboom|61\/100|[from] Grassy Terrain\n|upkeep\n|\n|t:|1699490735\n|switch|p1b: Grafaiai|Grafaiai, F|100\/100\n|turn|5\n|\n|t:|1699490763\n|switch|p1a: Slaking|Slaking, M|100\/100\n|switch|p2a: Chien-Pao|Chien-Pao|100\/100\n|-ability|p2a: Chien-Pao|Sword of Ruin\n|move|p1b: Grafaiai|Doodle|p2b: Sneasler\n|-endability|p1a: Slaking|Truant|[from] move: Doodle\n|-ability|p1a: Slaking|Unburden|[from] move: Doodle\n|-endability|p1b: Grafaiai|Prankster|[from] move: Doodle\n|-ability|p1b: Grafaiai|Unburden|[from] move: Doodle\n|move|p2b: Sneasler|Acrobatics|p1a: Slaking\n|-damage|p1a: Slaking|79\/100\n|\n|-end|p2b: Sneasler|move: Future Sight\n|-supereffective|p2b: Sneasler\n|-damage|p2b: Sneasler|0 fnt\n|faint|p2b: Sneasler\n|-heal|p1a: Slaking|85\/100|[from] Grassy Terrain\n|-heal|p1a: Slaking|91\/100|[from] item: Leftovers\n|-fieldend|move: Grassy Terrain\n|upkeep\n|inactive|KaiserKiller has 120 seconds left.\n|\n|t:|1699490784\n|switch|p2b: Oranguru|Oranguru, F|100\/100\n|turn|6\n|inactive|KaiserKiller has 120 seconds left.\n|\n|t:|1699490809\n|move|p2a: Chien-Pao|Dark Pulse|p1a: Slaking\n|-damage|p1a: Slaking|61\/100\n|-damage|p2a: Chien-Pao|91\/100|[from] item: Life Orb\n|move|p1b: Grafaiai|Knock Off|p2b: Oranguru\n|-supereffective|p2b: Oranguru\n|-damage|p2b: Oranguru|17\/100\n|-enditem|p2b: Oranguru|Leftovers|[from] move: Knock Off|[of] p1b: Grafaiai\n|move|p1a: Slaking|Drain Punch|p2a: Chien-Pao\n|-supereffective|p2a: Chien-Pao\n|-damage|p2a: Chien-Pao|0 fnt\n|-heal|p1a: Slaking|88\/100|[from] drain|[of] p2a: Chien-Pao\n|faint|p2a: Chien-Pao\n|move|p2b: Oranguru|Reflect|p2b: Oranguru\n|-sidestart|p2: KaiserKiller|Reflect\n|\n|-heal|p1a: Slaking|94\/100|[from] item: Leftovers\n|upkeep\n|\n|t:|1699490830\n|switch|p2a: Arcanine|Arcanine, F|100\/100\n|-ability|p2a: Arcanine|Intimidate|boost\n|-unboost|p1a: Slaking|atk|1\n|-unboost|p1b: Grafaiai|atk|1\n|turn|7\n|inactive|KaiserKiller has 120 seconds left.\n|\n|t:|1699490844\n|move|p1b: Grafaiai|Knock Off|p2b: Oranguru\n|-supereffective|p2b: Oranguru\n|-damage|p2b: Oranguru|0 fnt\n|faint|p2b: Oranguru\n|move|p1a: Slaking|High Horsepower|p2a: Arcanine\n|-supereffective|p2a: Arcanine\n|-damage|p2a: Arcanine|63\/100\n|move|p2a: Arcanine|Will-O-Wisp|p1a: Slaking|[miss]\n|-miss|p2a: Arcanine|p1a: Slaking\n|\n|-heal|p1a: Slaking|99\/100|[from] item: Leftovers\n|upkeep\n|\n|t:|1699490861\n|switch|p2b: Sinistcha|Sinistcha|100\/100\n|-heal|p2a: Arcanine|88\/100|[from] ability: Hospitality|[of] p2b: Sinistcha\n|turn|8\n|inactive|KaiserKiller has 120 seconds left.\n|\n|t:|1699490879\n|switch|p1a: Rillaboom|Rillaboom, F|64\/100\n|-fieldstart|move: Grassy Terrain|[from] ability: Grassy Surge|[of] p1a: Rillaboom\n|move|p1b: Grafaiai|Knock Off|p2b: Sinistcha\n|-supereffective|p2b: Sinistcha\n|-crit|p2b: Sinistcha\n|-damage|p2b: Sinistcha|51\/100\n|move|p2a: Arcanine|Will-O-Wisp|p1a: Rillaboom|[miss]\n|-miss|p2a: Arcanine|p1a: Rillaboom\n|move|p2b: Sinistcha|Stun Spore|p1b: Grafaiai\n|-status|p1b: Grafaiai|par\n|\n|-heal|p1a: Rillaboom|70\/100|[from] Grassy Terrain\n|-heal|p2a: Arcanine|94\/100|[from] Grassy Terrain\n|-heal|p2b: Sinistcha|57\/100|[from] Grassy Terrain\n|upkeep\n|turn|9\n|inactive|KaiserKiller has 120 seconds left.\n|\n|t:|1699490915\n|move|p1a: Rillaboom|High Horsepower|p2a: Arcanine\n|-supereffective|p2a: Arcanine\n|-damage|p2a: Arcanine|48\/100\n|move|p2a: Arcanine|Will-O-Wisp|p1a: Rillaboom\n|-status|p1a: Rillaboom|brn\n|move|p2b: Sinistcha|Matcha Gotcha|p1a: Rillaboom|[spread] p1a,p1b\n|-resisted|p1a: Rillaboom\n|-resisted|p1b: Grafaiai\n|-damage|p1a: Rillaboom|53\/100 brn\n|-heal|p2b: Sinistcha|65\/100|[from] drain|[of] p1a: Rillaboom\n|-damage|p1b: Grafaiai|66\/100 par\n|-heal|p2b: Sinistcha|79\/100|[from] drain|[of] p1b: Grafaiai\n|move|p1b: Grafaiai|Poison Jab|p2b: Sinistcha\n|-crit|p2b: Sinistcha\n|-damage|p2b: Sinistcha|33\/100\n|\n|-heal|p1a: Rillaboom|59\/100 brn|[from] Grassy Terrain\n|-heal|p2a: Arcanine|54\/100|[from] Grassy Terrain\n|-heal|p2b: Sinistcha|39\/100|[from] Grassy Terrain\n|-heal|p1b: Grafaiai|72\/100 par|[from] Grassy Terrain\n|-damage|p1a: Rillaboom|53\/100 brn|[from] brn\n|upkeep\n|turn|10\n|inactive|KaiserKiller has 120 seconds left.\n|inactive|BKDAFEARLESS1 has 120 seconds left.\n|inactive|KaiserKiller has 90 seconds left.\n|\n|t:|1699490957\n|move|p2a: Arcanine|Helping Hand|p2b: Sinistcha\n|-singleturn|p2b: Sinistcha|Helping Hand|[of] p2a: Arcanine\n|move|p1a: Rillaboom|High Horsepower|p2a: Arcanine\n|-supereffective|p2a: Arcanine\n|-damage|p2a: Arcanine|32\/100\n|move|p2b: Sinistcha|Hex|p1b: Grafaiai\n|-immune|p1b: Grafaiai\n|move|p1b: Grafaiai|Poison Jab|p2b: Sinistcha\n|-damage|p2b: Sinistcha|24\/100\n|\n|-heal|p1a: Rillaboom|59\/100 brn|[from] Grassy Terrain\n|-heal|p2a: Arcanine|38\/100|[from] Grassy Terrain\n|-heal|p2b: Sinistcha|30\/100|[from] Grassy Terrain\n|-heal|p1b: Grafaiai|78\/100 par|[from] Grassy Terrain\n|-damage|p1a: Rillaboom|53\/100 brn|[from] brn\n|-sideend|p2: KaiserKiller|Reflect\n|upkeep\n|turn|11\n|inactive|BKDAFEARLESS1 has 120 seconds left.\n|inactive|KaiserKiller has 90 seconds left.\n|\n|t:|1699490989\n|-terastallize|p1a: Rillaboom|Grass\n|-terastallize|p2b: Sinistcha|Grass\n|move|p2a: Arcanine|Helping Hand|p2b: Sinistcha\n|-singleturn|p2b: Sinistcha|Helping Hand|[of] p2a: Arcanine\n|move|p1a: Rillaboom|Wood Hammer|p2b: Sinistcha\n|-resisted|p2b: Sinistcha\n|-damage|p2b: Sinistcha|6\/100\n|-damage|p1a: Rillaboom|45\/100 brn|[from] Recoil\n|move|p2b: Sinistcha|Hex|p1a: Rillaboom\n|-damage|p1a: Rillaboom|0 fnt\n|faint|p1a: Rillaboom\n|move|p1b: Grafaiai|Knock Off|p2a: Arcanine\n|-damage|p2a: Arcanine|18\/100\n|-enditem|p2a: Arcanine|Mental Herb|[from] move: Knock Off|[of] p1b: Grafaiai\n|\n|-heal|p2a: Arcanine|24\/100|[from] Grassy Terrain\n|-heal|p2b: Sinistcha|12\/100|[from] Grassy Terrain\n|-heal|p1b: Grafaiai|84\/100 par|[from] Grassy Terrain\n|upkeep\n|\n|t:|1699491007\n|switch|p1a: Slaking|Slaking, M|99\/100\n|turn|12\n|inactive|BKDAFEARLESS1 has 120 seconds left.\n|\n|t:|1699491020\n|move|p2a: Arcanine|Protect|p2a: Arcanine\n|-singleturn|p2a: Arcanine|Protect\n|move|p1a: Slaking|Body Slam|p2b: Sinistcha\n|-damage|p2b: Sinistcha|0 fnt\n|faint|p2b: Sinistcha\n|move|p1b: Grafaiai|Doodle|p2a: Arcanine\n|-endability|p1a: Slaking|Truant|[from] move: Doodle\n|-ability|p1a: Slaking|Intimidate|boost\n|-unboost|p2a: Arcanine|atk|1\n|-ability|p1a: Slaking|Intimidate|[from] move: Doodle\n|-endability|p1b: Grafaiai|Unburden|[from] move: Doodle\n|-ability|p1b: Grafaiai|Intimidate|boost\n|-unboost|p2a: Arcanine|atk|1\n|-ability|p1b: Grafaiai|Intimidate|[from] move: Doodle\n|\n|-heal|p1a: Slaking|100\/100|[from] Grassy Terrain\n|-heal|p2a: Arcanine|30\/100|[from] Grassy Terrain\n|-heal|p1b: Grafaiai|90\/100 par|[from] Grassy Terrain\n|-fieldend|move: Grassy Terrain\n|upkeep\n|\n|t:|1699491035\n|switch|p2b: Rillaboom|Rillaboom, M|61\/100\n|-fieldstart|move: Grassy Terrain|[from] ability: Grassy Surge|[of] p2b: Rillaboom\n|turn|13\n|inactive|KaiserKiller has 120 seconds left.\n|inactive|BKDAFEARLESS1 has 120 seconds left.\n|\n|t:|1699491061\n|move|p2a: Arcanine|Helping Hand|p2b: Rillaboom\n|-singleturn|p2b: Rillaboom|Helping Hand|[of] p2a: Arcanine\n|move|p2b: Rillaboom|Fake Out|p1a: Slaking\n|-damage|p1a: Slaking|87\/100\n|cant|p1a: Slaking|flinch\n|move|p1b: Grafaiai|Knock Off|p2b: Rillaboom\n|-damage|p2b: Rillaboom|44\/100\n|-enditem|p2b: Rillaboom|Assault Vest|[from] move: Knock Off|[of] p1b: Grafaiai\n|\n|-heal|p1a: Slaking|93\/100|[from] Grassy Terrain\n|-heal|p1a: Slaking|99\/100|[from] item: Leftovers\n|-heal|p2a: Arcanine|36\/100|[from] Grassy Terrain\n|-heal|p2b: Rillaboom|50\/100|[from] Grassy Terrain\n|-heal|p1b: Grafaiai|96\/100 par|[from] Grassy Terrain\n|upkeep\n|turn|14\n|inactive|KaiserKiller has 120 seconds left.\n|inactive|BKDAFEARLESS1 has 120 seconds left.\n|\n|t:|1699491086\n|move|p1a: Slaking|Body Slam|p2b: Rillaboom\n|-damage|p2b: Rillaboom|2\/100\n|move|p2a: Arcanine|Will-O-Wisp|p1a: Slaking\n|-status|p1a: Slaking|brn\n|move|p2b: Rillaboom|High Horsepower|p1b: Grafaiai\n|-supereffective|p1b: Grafaiai\n|-damage|p1b: Grafaiai|0 fnt\n|faint|p1b: Grafaiai\n|\n|-heal|p1a: Slaking|100\/100 brn|[from] Grassy Terrain\n|-heal|p2a: Arcanine|42\/100|[from] Grassy Terrain\n|-heal|p2b: Rillaboom|8\/100|[from] Grassy Terrain\n|-damage|p1a: Slaking|94\/100 brn|[from] brn\n|upkeep\n|turn|15\n|inactive|KaiserKiller has 120 seconds left.\n|\n|t:|1699491108\n|move|p2a: Arcanine|Extreme Speed|p1a: Slaking\n|-damage|p1a: Slaking|87\/100 brn\n|move|p2b: Rillaboom|Grassy Glide|p1a: Slaking\n|-damage|p1a: Slaking|64\/100 brn\n|move|p1a: Slaking|Drain Punch|p2b: Rillaboom\n|-damage|p2b: Rillaboom|0 fnt\n|-heal|p1a: Slaking|67\/100 brn|[from] drain|[of] p2b: Rillaboom\n|faint|p2b: Rillaboom\n|\n|-heal|p1a: Slaking|74\/100 brn|[from] Grassy Terrain\n|-heal|p1a: Slaking|80\/100 brn|[from] item: Leftovers\n|-heal|p2a: Arcanine|48\/100|[from] Grassy Terrain\n|-damage|p1a: Slaking|74\/100 brn|[from] brn\n|upkeep\n|turn|16\n|\n|t:|1699491126\n|move|p2a: Arcanine|Protect|p2a: Arcanine\n|-singleturn|p2a: Arcanine|Protect\n|move|p1a: Slaking|Body Slam|p2a: Arcanine\n|-activate|p2a: Arcanine|move: Protect\n|\n|-heal|p1a: Slaking|80\/100 brn|[from] Grassy Terrain\n|-heal|p1a: Slaking|86\/100 brn|[from] item: Leftovers\n|-heal|p2a: Arcanine|54\/100|[from] Grassy Terrain\n|-damage|p1a: Slaking|80\/100 brn|[from] brn\n|upkeep\n|turn|17\n|inactive|KaiserKiller has 120 seconds left.\n|\n|t:|1699491158\n|move|p2a: Arcanine|Extreme Speed|p1a: Slaking\n|-damage|p1a: Slaking|73\/100 brn\n|move|p1a: Slaking|Body Slam|p2a: Arcanine\n|-damage|p2a: Arcanine|23\/100\n|\n|-heal|p1a: Slaking|79\/100 brn|[from] Grassy Terrain\n|-heal|p1a: Slaking|85\/100 brn|[from] item: Leftovers\n|-heal|p2a: Arcanine|29\/100|[from] Grassy Terrain\n|-damage|p1a: Slaking|79\/100 brn|[from] brn\n|-fieldend|move: Grassy Terrain\n|upkeep\n|turn|18\n|inactive|KaiserKiller has 120 seconds left.\n|\n|t:|1699491193\n|move|p2a: Arcanine|Extreme Speed|p1a: Slaking\n|-damage|p1a: Slaking|72\/100 brn\n|move|p1a: Slaking|High Horsepower|p2a: Arcanine\n|-supereffective|p2a: Arcanine\n|-damage|p2a: Arcanine|0 fnt\n|faint|p2a: Arcanine\n|\n|win|BKDAFEARLESS1\n|raw|BKDAFEARLESS1's rating: 1029 &rarr; <strong>1062<\/strong><br \/>(+33 for winning)\n|raw|KaiserKiller's rating: 1000 &rarr; <strong>1000<\/strong><br \/>(+0 for losing)\n|c|\u2606KaiserKiller|gg\n|c|\u2606BKDAFEARLESS1|gg\n|l|\u2606KaiserKiller\n","uploadtime":1699491208,"views":18,"p1id":"bkdafearless1","p2id":"kaiserkiller","formatid":"gen9doublesou","rating":1000,"private":0,"password":""}