{"id":"gen9doublesou-1990485378","p1":"Headbergs","p2":"EngineerPlaysMons","format":"[Gen 9] Doubles OU","log":"|j|\u2606Headbergs\n|j|\u2606EngineerPlaysMons\n|t:|1699975273\n|gametype|doubles\n|player|p1|Headbergs|nessa|1562\n|player|p2|EngineerPlaysMons|schoolkid-gen4|1647\n|teamsize|p1|6\n|teamsize|p2|6\n|gen|9\n|tier|[Gen 9] Doubles OU\n|rated|\n|rule|Species Clause: Limit one of each Pok\u00e9mon\n|rule|OHKO Clause: OHKO moves are banned\n|rule|Evasion Moves Clause: Evasion moves are banned\n|rule|Gravity Sleep Clause: The combination of sleep-inducing moves with imperfect accuracy and Gravity or Gigantamax Orbeetle are banned\n|rule|Endless Battle Clause: Forcing endless battles is banned\n|rule|HP Percentage Mod: HP is shown in percentages\n|clearpoke\n|poke|p1|Dragonite, M|\n|poke|p1|Grimmsnarl, M|\n|poke|p1|Ursaluna-Bloodmoon, M|\n|poke|p1|Farigiraf, F|\n|poke|p1|Conkeldurr, M|\n|poke|p1|Sinistcha-Masterpiece|\n|poke|p2|Rillaboom, M|\n|poke|p2|Ninetales-Alola, F|\n|poke|p2|Glimmora, M|\n|poke|p2|Sinistcha-Masterpiece|\n|poke|p2|Volcanion|\n|poke|p2|Chi-Yu|\n|teampreview\n|inactive|Battle timer is ON: inactive players will automatically lose when time's up. (requested by Headbergs)\n|\n|t:|1699975285\n|start\n|switch|p1a: Grimmsnarl|Grimmsnarl, M|100\/100\n|switch|p1b: Farigiraf|Farigiraf, F|100\/100\n|switch|p2a: Glimmora|Glimmora, M|100\/100\n|switch|p2b: Ninetales|Ninetales-Alola, F|100\/100\n|-weather|Snow|[from] ability: Snow Warning|[of] p2b: Ninetales\n|turn|1\n|\n|t:|1699975301\n|move|p2b: Ninetales|Protect|p2b: Ninetales\n|-singleturn|p2b: Ninetales|Protect\n|move|p1a: Grimmsnarl|Light Screen|p1a: Grimmsnarl\n|-sidestart|p1: Headbergs|move: Light Screen\n|move|p2a: Glimmora|Mortal Spin|p1a: Grimmsnarl|[spread] p1a,p1b\n|-supereffective|p1a: Grimmsnarl\n|-damage|p1a: Grimmsnarl|88\/100\n|-damage|p1b: Farigiraf|96\/100\n|-status|p1a: Grimmsnarl|psn\n|-status|p1b: Farigiraf|psn\n|-damage|p2a: Glimmora|84\/100|[from] item: Rocky Helmet|[of] p1b: Farigiraf\n|move|p1b: Farigiraf|Trick Room|p1b: Farigiraf\n|-fieldstart|move: Trick Room|[of] p1b: Farigiraf\n|\n|-weather|Snow|[upkeep]\n|-damage|p1b: Farigiraf|83\/100 psn|[from] psn\n|-damage|p1a: Grimmsnarl|76\/100 psn|[from] psn\n|upkeep\n|turn|2\n|\n|t:|1699975319\n|switch|p1b: Ursaluna|Ursaluna-Bloodmoon, M|100\/100\n|move|p1a: Grimmsnarl|Parting Shot|p2b: Ninetales\n|-unboost|p2b: Ninetales|atk|1\n|-unboost|p2b: Ninetales|spa|1\n|\n|t:|1699975324\n|switch|p1a: Conkeldurr|Conkeldurr, M|100\/100|[from] Parting Shot\n|move|p2a: Glimmora|Stealth Rock|p1b: Ursaluna\n|-sidestart|p1: Headbergs|move: Stealth Rock\n|move|p2b: Ninetales|Aurora Veil|p2b: Ninetales\n|-sidestart|p2: EngineerPlaysMons|move: Aurora Veil\n|\n|-weather|Snow|[upkeep]\n|-status|p1a: Conkeldurr|brn|[from] item: Flame Orb\n|upkeep\n|turn|3\n|\n|t:|1699975340\n|switch|p2b: Rillaboom|Rillaboom, M|100\/100\n|-fieldstart|move: Grassy Terrain|[from] ability: Grassy Surge|[of] p2b: Rillaboom\n|move|p1a: Conkeldurr|Drain Punch|p2b: Rillaboom\n|-damage|p2b: Rillaboom|55\/100\n|move|p1b: Ursaluna|Earth Power|p2a: Glimmora\n|-supereffective|p2a: Glimmora\n|-damage|p2a: Glimmora|0 fnt\n|faint|p2a: Glimmora\n|\n|-weather|Snow|[upkeep]\n|-heal|p2b: Rillaboom|61\/100|[from] Grassy Terrain\n|-damage|p1a: Conkeldurr|94\/100 brn|[from] brn\n|upkeep\n|\n|t:|1699975356\n|switch|p2a: Sinistcha|Sinistcha-Masterpiece|100\/100\n|-heal|p2b: Rillaboom|86\/100|[from] ability: Hospitality|[of] p2a: Sinistcha\n|turn|4\n|\n|t:|1699975375\n|-terastallize|p1b: Ursaluna|Normal\n|move|p2b: Rillaboom|Fake Out|p1b: Ursaluna\n|-damage|p1b: Ursaluna|91\/100\n|move|p1a: Conkeldurr|Ice Punch|p2b: Rillaboom\n|-supereffective|p2b: Rillaboom\n|-damage|p2b: Rillaboom|15\/100\n|cant|p1b: Ursaluna|flinch\n|move|p2a: Sinistcha|Matcha Gotcha|p1b: Ursaluna|[spread] p1a,p1b\n|-damage|p1a: Conkeldurr|67\/100 brn\n|-damage|p1b: Ursaluna|67\/100\n|-status|p1b: Ursaluna|brn\n|\n|-weather|Snow|[upkeep]\n|-heal|p1a: Conkeldurr|73\/100 brn|[from] Grassy Terrain\n|-heal|p1b: Ursaluna|73\/100 brn|[from] Grassy Terrain\n|-heal|p2b: Rillaboom|21\/100|[from] Grassy Terrain\n|-damage|p1a: Conkeldurr|67\/100 brn|[from] brn\n|-damage|p1b: Ursaluna|67\/100 brn|[from] brn\n|upkeep\n|turn|5\n|inactive|EngineerPlaysMons has 120 seconds left.\n|\n|t:|1699975407\n|move|p2b: Rillaboom|Grassy Glide|p1b: Ursaluna\n|-damage|p1b: Ursaluna|42\/100 brn\n|move|p1a: Conkeldurr|Ice Punch|p2a: Sinistcha\n|-supereffective|p2a: Sinistcha\n|-damage|p2a: Sinistcha|35\/100\n|move|p1b: Ursaluna|Hyper Voice|p2b: Rillaboom|[spread] p2a,p2b\n|-damage|p2a: Sinistcha|0 fnt\n|-damage|p2b: Rillaboom|0 fnt\n|faint|p2a: Sinistcha\n|faint|p2b: Rillaboom\n|-enditem|p1b: Ursaluna|Throat Spray\n|-boost|p1b: Ursaluna|spa|1|[from] item: Throat Spray\n|\n|-weather|none\n|-heal|p1a: Conkeldurr|73\/100 brn|[from] Grassy Terrain\n|-heal|p1b: Ursaluna|48\/100 brn|[from] Grassy Terrain\n|-damage|p1a: Conkeldurr|67\/100 brn|[from] brn\n|-damage|p1b: Ursaluna|42\/100 brn|[from] brn\n|-fieldend|move: Trick Room\n|upkeep\n|inactive|EngineerPlaysMons has 120 seconds left.\n|\n|t:|1699975420\n|switch|p2b: Volcanion|Volcanion|100\/100\n|switch|p2a: Chi-Yu|Chi-Yu|100\/100\n|-ability|p2a: Chi-Yu|Beads of Ruin\n|turn|6\n|\n|t:|1699975435\n|-terastallize|p2b: Volcanion|Fire\n|move|p1b: Ursaluna|Protect|p1b: Ursaluna\n|-singleturn|p1b: Ursaluna|Protect\n|move|p1a: Conkeldurr|Mach Punch|p2a: Chi-Yu\n|-supereffective|p2a: Chi-Yu\n|-damage|p2a: Chi-Yu|17\/100\n|move|p2a: Chi-Yu|Heat Wave|p1b: Ursaluna|[spread] p1a\n|-activate|p1b: Ursaluna|move: Protect\n|-damage|p1a: Conkeldurr|27\/100 brn\n|move|p2b: Volcanion|Heat Wave|p1a: Conkeldurr|[spread] p1a\n|-activate|p1b: Ursaluna|move: Protect\n|-damage|p1a: Conkeldurr|0 fnt\n|faint|p1a: Conkeldurr\n|\n|-heal|p2a: Chi-Yu|23\/100|[from] Grassy Terrain\n|-heal|p1b: Ursaluna|48\/100 brn|[from] Grassy Terrain\n|-damage|p1b: Ursaluna|42\/100 brn|[from] brn\n|upkeep\n|\n|t:|1699975442\n|switch|p1a: Farigiraf|Farigiraf, F|83\/100 psn\n|-damage|p1a: Farigiraf|71\/100 psn|[from] Stealth Rock\n|turn|7\n|\n|t:|1699975459\n|switch|p1b: Grimmsnarl|Grimmsnarl, M|76\/100 psn\n|-damage|p1b: Grimmsnarl|63\/100 psn|[from] Stealth Rock\n|move|p2a: Chi-Yu|Heat Wave|p1b: Grimmsnarl|[spread] p1a,p1b\n|-damage|p1a: Farigiraf|35\/100 psn\n|-damage|p1b: Grimmsnarl|20\/100 psn\n|move|p2b: Volcanion|Heat Wave|p1b: Grimmsnarl|[spread] p1b\n|-miss|p2b: Volcanion|p1a: Farigiraf\n|-damage|p1b: Grimmsnarl|0 fnt\n|faint|p1b: Grimmsnarl\n|move|p1a: Farigiraf|Trick Room|p1a: Farigiraf\n|-fieldstart|move: Trick Room|[of] p1a: Farigiraf\n|\n|-heal|p1a: Farigiraf|41\/100 psn|[from] Grassy Terrain\n|-heal|p2a: Chi-Yu|29\/100|[from] Grassy Terrain\n|-damage|p1a: Farigiraf|29\/100 psn|[from] psn\n|-fieldend|move: Grassy Terrain\n|upkeep\n|\n|t:|1699975462\n|switch|p1b: Ursaluna|Ursaluna-Bloodmoon, M, tera:Normal|42\/100 brn\n|-damage|p1b: Ursaluna|30\/100 brn|[from] Stealth Rock\n|turn|8\n|c|\u2606EngineerPlaysMons|Unfortunate\n|inactive|EngineerPlaysMons has 120 seconds left.\n|\n|t:|1699975506\n|switch|p2a: Ninetales|Ninetales-Alola, F|100\/100\n|-weather|Snow|[from] ability: Snow Warning|[of] p2a: Ninetales\n|move|p1a: Farigiraf|Helping Hand|p1b: Ursaluna\n|-singleturn|p1b: Ursaluna|Helping Hand|[of] p1a: Farigiraf\n|move|p1b: Ursaluna|Hyper Voice|p2a: Ninetales|[spread] p2a,p2b\n|-damage|p2a: Ninetales|33\/100\n|-damage|p2b: Volcanion|58\/100\n|move|p2b: Volcanion|Heat Wave|p1a: Farigiraf|[spread] p1a\n|-miss|p2b: Volcanion|p1b: Ursaluna\n|-damage|p1a: Farigiraf|0 fnt\n|faint|p1a: Farigiraf\n|\n|-weather|Snow|[upkeep]\n|-damage|p1b: Ursaluna|24\/100 brn|[from] brn\n|-sideend|p1: Headbergs|move: Light Screen\n|upkeep\n|\n|t:|1699975515\n|switch|p1a: Sinistcha|Sinistcha-Masterpiece|100\/100\n|-damage|p1a: Sinistcha|88\/100|[from] Stealth Rock\n|-heal|p1b: Ursaluna|49\/100 brn|[from] ability: Hospitality|[of] p1a: Sinistcha\n|turn|9\n|inactive|EngineerPlaysMons has 120 seconds left.\n|\n|t:|1699975537\n|switch|p1a: Dragonite|Dragonite, M|100\/100\n|-damage|p1a: Dragonite|76\/100|[from] Stealth Rock\n|move|p2a: Ninetales|Protect|p2a: Ninetales\n|-singleturn|p2a: Ninetales|Protect\n|move|p1b: Ursaluna|Hyper Voice|p2a: Ninetales|[spread] p2b\n|-activate|p2a: Ninetales|move: Protect\n|-damage|p2b: Volcanion|29\/100\n|move|p2b: Volcanion|Heat Wave|p1a: Dragonite|[spread] p1a,p1b\n|-resisted|p1a: Dragonite\n|-damage|p1a: Dragonite|49\/100\n|-damage|p1b: Ursaluna|0 fnt\n|faint|p1b: Ursaluna\n|\n|-weather|Snow|[upkeep]\n|-sideend|p2: EngineerPlaysMons|move: Aurora Veil\n|upkeep\n|\n|t:|1699975543\n|switch|p1b: Sinistcha|Sinistcha-Masterpiece|88\/100\n|-damage|p1b: Sinistcha|76\/100|[from] Stealth Rock\n|-heal|p1a: Dragonite|74\/100|[from] ability: Hospitality|[of] p1b: Sinistcha\n|turn|10\n|\n|t:|1699975561\n|move|p1a: Dragonite|Extreme Speed|p2a: Ninetales\n|-damage|p2a: Ninetales|0 fnt\n|faint|p2a: Ninetales\n|-damage|p1a: Dragonite|64\/100|[from] item: Life Orb\n|move|p1b: Sinistcha|Life Dew|p1b: Sinistcha|[spread] p1a,p1b\n|-heal|p1a: Dragonite|89\/100\n|-heal|p1b: Sinistcha|100\/100\n|move|p2b: Volcanion|Heat Wave|p1a: Dragonite|[spread] p1a,p1b\n|-resisted|p1a: Dragonite\n|-supereffective|p1b: Sinistcha\n|-damage|p1a: Dragonite|62\/100\n|-damage|p1b: Sinistcha|0 fnt\n|-status|p1a: Dragonite|brn\n|faint|p1b: Sinistcha\n|\n|-weather|Snow|[upkeep]\n|-damage|p1a: Dragonite|56\/100 brn|[from] brn\n|upkeep\n|\n|t:|1699975565\n|switch|p2a: Chi-Yu|Chi-Yu|29\/100\n|-ability|p2a: Chi-Yu|Beads of Ruin\n|turn|11\n|\n|t:|1699975578\n|move|p2b: Volcanion|Steam Eruption|p1a: Dragonite\n|-resisted|p1a: Dragonite\n|-damage|p1a: Dragonite|16\/100 brn\n|move|p1a: Dragonite|Dragon Claw|p2a: Chi-Yu\n|-damage|p2a: Chi-Yu|0 fnt\n|faint|p2a: Chi-Yu\n|-damage|p1a: Dragonite|6\/100 brn|[from] item: Life Orb\n|\n|-weather|Snow|[upkeep]\n|-damage|p1a: Dragonite|0 fnt|[from] brn\n|faint|p1a: Dragonite\n|\n|win|EngineerPlaysMons\n|upkeep\n|raw|Headbergs's rating: 1562 &rarr; <strong>1547<\/strong><br \/>(-15 for losing)\n|raw|EngineerPlaysMons's rating: 1647 &rarr; <strong>1662<\/strong><br \/>(+15 for winning)\n|l|\u2606Headbergs\n","uploadtime":1699975588,"views":7,"p1id":"headbergs","p2id":"engineerplaysmons","formatid":"gen9doublesou","rating":1547,"private":0,"password":""}