{"id":"gen9doublesou-1968295662","p1":"Lightning9995670","p2":"FabioRMC4264","format":"[Gen 9] Doubles OU","log":"|html|<div class=\"broadcast-blue\"><strong>[Gen 9] Doubles OU is currently suspecting Basculegion & Flutter Mane! For information on how to participate check out the <a href=\"https:\/\/www.smogon.com\/forums\/threads\/np-sv-dou-stage-8-double-trouble.3729153\/\">suspect thread<\/a>.<\/strong><\/div>\n|j|\u2606Lightning9995670\n|j|\u2606FabioRMC4264\n|t:|1697403372\n|gametype|doubles\n|player|p1|Lightning9995670|colress|1336\n|player|p2|FabioRMC4264|blue|1429\n|teamsize|p1|6\n|teamsize|p2|6\n|gen|9\n|tier|[Gen 9] Doubles OU\n|rated|\n|rule|Species Clause: Limit one of each Pok\u00e9mon\n|rule|OHKO Clause: OHKO moves are banned\n|rule|Evasion Moves Clause: Evasion moves are banned\n|rule|Gravity Sleep Clause: The combination of sleep-inducing moves with imperfect accuracy and Gravity or Gigantamax Orbeetle are banned\n|rule|Endless Battle Clause: Forcing endless battles is banned\n|rule|HP Percentage Mod: HP is shown in percentages\n|clearpoke\n|poke|p1|Indeedee-F, F|\n|poke|p1|Cresselia, F|\n|poke|p1|Ursaluna-Bloodmoon, M|\n|poke|p1|Gliscor, M|\n|poke|p1|Conkeldurr, F|\n|poke|p1|Torkoal, M|\n|poke|p2|Flutter Mane|\n|poke|p2|Tornadus, M|\n|poke|p2|Amoonguss, M|\n|poke|p2|Chien-Pao|\n|poke|p2|Rillaboom, M|\n|poke|p2|Arcanine-Hisui, F|\n|teampreview\n|inactive|Battle timer is ON: inactive players will automatically lose when time's up. (requested by Lightning9995670)\n|\n|t:|1697403389\n|start\n|switch|p1a: Indeedee|Indeedee-F, F, shiny|100\/100\n|switch|p1b: Ursaluna|Ursaluna-Bloodmoon, M|100\/100\n|switch|p2a: Tornadus|Tornadus, M|100\/100\n|switch|p2b: Rillaboom|Rillaboom, M|100\/100\n|-fieldstart|move: Grassy Terrain|[from] ability: Grassy Surge|[of] p2b: Rillaboom\n|-fieldstart|move: Psychic Terrain|[from] ability: Psychic Surge|[of] p1a: Indeedee\n|turn|1\n|inactive|Lightning9995670 has 120 seconds left.\n|\n|t:|1697403431\n|move|p2a: Tornadus|Tailwind|p2a: Tornadus\n|-sidestart|p2: FabioRMC4264|move: Tailwind\n|move|p2b: Rillaboom|Knock Off|p1a: Indeedee\n|-supereffective|p1a: Indeedee\n|-damage|p1a: Indeedee|0 fnt\n|-enditem|p1a: Indeedee|Red Card|[from] move: Knock Off|[of] p2b: Rillaboom\n|faint|p1a: Indeedee\n|move|p1b: Ursaluna|Blood Moon|p2a: Tornadus\n|-damage|p2a: Tornadus|7\/100\n|\n|upkeep\n|\n|t:|1697403444\n|switch|p1a: Cresselia|Cresselia, F, shiny|100\/100\n|turn|2\n|\n|t:|1697403468\n|move|p2a: Tornadus|Taunt|p1a: Cresselia\n|-start|p1a: Cresselia|move: Taunt\n|move|p2b: Rillaboom|Knock Off|p1b: Ursaluna\n|-damage|p1b: Ursaluna|68\/100\n|-enditem|p1b: Ursaluna|Assault Vest|[from] move: Knock Off|[of] p2b: Rillaboom\n|move|p1b: Ursaluna|Hyper Voice|p2a: Tornadus|[spread] p2a,p2b\n|-damage|p2a: Tornadus|0 fnt\n|-damage|p2b: Rillaboom|52\/100\n|faint|p2a: Tornadus\n|cant|p1a: Cresselia|move: Taunt|Trick Room\n|\n|upkeep\n|inactive|FabioRMC4264 has 120 seconds left.\n|\n|t:|1697403489\n|switch|p2a: Flutter Mane|Flutter Mane|100\/100\n|turn|3\n|\n|t:|1697403507\n|move|p2a: Flutter Mane|Shadow Ball|p1a: Cresselia\n|-supereffective|p1a: Cresselia\n|-damage|p1a: Cresselia|46\/100\n|move|p2b: Rillaboom|Knock Off|p1a: Cresselia\n|-supereffective|p1a: Cresselia\n|-damage|p1a: Cresselia|0 fnt\n|-enditem|p1a: Cresselia|Leftovers|[from] move: Knock Off|[of] p2b: Rillaboom\n|faint|p1a: Cresselia\n|move|p1b: Ursaluna|Blood Moon|p2b: Rillaboom\n|-damage|p2b: Rillaboom|0 fnt\n|faint|p2b: Rillaboom\n|\n|upkeep\n|\n|t:|1697403531\n|switch|p2b: Amoonguss|Amoonguss, M|100\/100\n|switch|p1a: Conkeldurr|Conkeldurr, F|100\/100\n|turn|4\n|\n|t:|1697403548\n|-end|p2a: Flutter Mane|Protosynthesis|[silent]\n|switch|p2a: Arcanine|Arcanine-Hisui, F|100\/100\n|-ability|p2a: Arcanine|Intimidate|boost\n|-unboost|p1a: Conkeldurr|atk|1\n|-unboost|p1b: Ursaluna|atk|1\n|move|p1a: Conkeldurr|Ice Punch|p2b: Amoonguss\n|-supereffective|p2b: Amoonguss\n|-damage|p2b: Amoonguss|70\/100\n|-damage|p1a: Conkeldurr|84\/100|[from] item: Rocky Helmet|[of] p2b: Amoonguss\n|move|p1b: Ursaluna|Earth Power|p2b: Amoonguss\n|-damage|p2b: Amoonguss|22\/100\n|move|p2b: Amoonguss|Spore|p1b: Ursaluna\n|-status|p1b: Ursaluna|slp|[from] move: Spore\n|\n|-sideend|p2: FabioRMC4264|move: Tailwind\n|-status|p1a: Conkeldurr|brn|[from] item: Flame Orb\n|upkeep\n|turn|5\n|\n|t:|1697403570\n|switch|p2b: Flutter Mane|Flutter Mane|100\/100\n|-terastallize|p2a: Arcanine|Fairy\n|move|p2a: Arcanine|Tera Blast|p1a: Conkeldurr|[anim] Tera Blast Fairy\n|-supereffective|p1a: Conkeldurr\n|-damage|p1a: Conkeldurr|17\/100 brn\n|cant|p1b: Ursaluna|slp\n|move|p1a: Conkeldurr|Drain Punch|p2a: Arcanine\n|-resisted|p2a: Arcanine\n|-damage|p2a: Arcanine|79\/100\n|-heal|p1a: Conkeldurr|26\/100 brn|[from] drain|[of] p2a: Arcanine\n|\n|-damage|p1a: Conkeldurr|20\/100 brn|[from] brn\n|-fieldend|move: Psychic Terrain\n|upkeep\n|turn|6\n|inactive|Lightning9995670 has 120 seconds left.\n|\n|t:|1697403604\n|move|p1a: Conkeldurr|Wide Guard|p1a: Conkeldurr\n|-singleturn|p1a: Conkeldurr|Wide Guard\n|move|p2b: Flutter Mane|Dazzling Gleam|p1a: Conkeldurr|[spread] \n|-activate|p1a: Conkeldurr|move: Wide Guard\n|-activate|p1b: Ursaluna|move: Wide Guard\n|move|p2a: Arcanine|Rock Slide|p1b: Ursaluna|[spread] \n|-activate|p1a: Conkeldurr|move: Wide Guard\n|-activate|p1b: Ursaluna|move: Wide Guard\n|cant|p1b: Ursaluna|slp\n|\n|-damage|p1a: Conkeldurr|14\/100 brn|[from] brn\n|upkeep\n|turn|7\n|\n|t:|1697403621\n|move|p2b: Flutter Mane|Dazzling Gleam|p1a: Conkeldurr|[spread] p1a,p1b\n|-supereffective|p1a: Conkeldurr\n|-damage|p1a: Conkeldurr|0 fnt\n|-damage|p1b: Ursaluna|24\/100 slp\n|faint|p1a: Conkeldurr\n|move|p2a: Arcanine|Rock Slide|p1b: Ursaluna\n|-resisted|p1b: Ursaluna\n|-damage|p1b: Ursaluna|12\/100 slp\n|-curestatus|p1b: Ursaluna|slp|[msg]\n|cant|p1b: Ursaluna|flinch\n|\n|upkeep\n|\n|t:|1697403628\n|switch|p1a: Gliscor|Gliscor, M, shiny|100\/100\n|turn|8\n|\n|t:|1697403638\n|move|p2a: Arcanine|Extreme Speed|p1b: Ursaluna\n|-damage|p1b: Ursaluna|0 fnt\n|faint|p1b: Ursaluna\n|move|p2b: Flutter Mane|Dazzling Gleam|p1a: Gliscor\n|-damage|p1a: Gliscor|21\/100\n|move|p1a: Gliscor|Rock Slide|p2a: Arcanine|[spread] p2b\n|-miss|p1a: Gliscor|p2a: Arcanine\n|-damage|p2b: Flutter Mane|77\/100\n|\n|-status|p1a: Gliscor|tox|[from] item: Toxic Orb\n|upkeep\n|\n|t:|1697403641\n|switch|p1b: Torkoal|Torkoal, M|100\/100\n|-weather|SunnyDay|[from] ability: Drought|[of] p1b: Torkoal\n|-activate|p2b: Flutter Mane|ability: Protosynthesis\n|-start|p2b: Flutter Mane|protosynthesisspe\n|turn|9\n|\n|t:|1697403652\n|-terastallize|p1b: Torkoal|Fire\n|move|p2b: Flutter Mane|Dazzling Gleam|p1b: Torkoal|[spread] p1a,p1b\n|-crit|p1a: Gliscor\n|-resisted|p1b: Torkoal\n|-damage|p1a: Gliscor|0 fnt\n|-damage|p1b: Torkoal|73\/100\n|faint|p1a: Gliscor\n|move|p2a: Arcanine|Rock Slide|p1b: Torkoal\n|-supereffective|p1b: Torkoal\n|-damage|p1b: Torkoal|16\/100\n|move|p1b: Torkoal|Heat Wave|p2b: Flutter Mane|[spread] p2a,p2b\n|-damage|p2a: Arcanine|17\/100\n|-damage|p2b: Flutter Mane|6\/100\n|-status|p2a: Arcanine|brn\n|-status|p2b: Flutter Mane|brn\n|\n|-weather|SunnyDay|[upkeep]\n|-damage|p2b: Flutter Mane|0 fnt|[from] brn\n|faint|p2b: Flutter Mane\n|-end|p2b: Flutter Mane|Protosynthesis|[silent]\n|-damage|p2a: Arcanine|10\/100 brn|[from] brn\n|upkeep\n|-message|Lightning9995670 forfeited.\n|\n|win|FabioRMC4264\n|raw|Lightning9995670's rating: 1336 &rarr; <strong>1321<\/strong><br \/>(-15 for losing)\n|raw|FabioRMC4264's rating: 1429 &rarr; <strong>1444<\/strong><br \/>(+15 for winning)\n|l|\u2606Lightning9995670\n","uploadtime":1697403673,"views":6,"p1id":"lightning9995670","p2id":"fabiormc4264","formatid":"gen9doublesou","rating":1321,"private":0,"password":""}