{"id":"gen9doublesou-1992084554","p1":"mikeyuwu","p2":"daemianor","format":"[Gen 9] Doubles OU","log":"|j|\u2606mikeyuwu\n|j|\u2606daemianor\n|t:|1700153767\n|gametype|doubles\n|player|p1|mikeyuwu|psychic-gen4|1145\n|player|p2|daemianor|ninjaboy|1278\n|teamsize|p1|6\n|teamsize|p2|6\n|gen|9\n|tier|[Gen 9] Doubles OU\n|rated|\n|rule|Species Clause: Limit one of each Pok\u00e9mon\n|rule|OHKO Clause: OHKO moves are banned\n|rule|Evasion Moves Clause: Evasion moves are banned\n|rule|Gravity Sleep Clause: The combination of sleep-inducing moves with imperfect accuracy and Gravity or Gigantamax Orbeetle are banned\n|rule|Endless Battle Clause: Forcing endless battles is banned\n|rule|HP Percentage Mod: HP is shown in percentages\n|clearpoke\n|poke|p1|Garchomp, M|\n|poke|p1|Tyranitar, F|\n|poke|p1|Vaporeon, F|\n|poke|p1|Toxicroak, M|\n|poke|p1|Pelipper, F|\n|poke|p1|Abomasnow, M|\n|poke|p2|Arcanine-Hisui, F|\n|poke|p2|Chien-Pao|\n|poke|p2|Rillaboom, M|\n|poke|p2|Iron Hands|\n|poke|p2|Walking Wake|\n|poke|p2|Empoleon, M|\n|teampreview\n|\n|t:|1700153787\n|start\n|switch|p1a: OTLHPM|Toxicroak, M|100\/100\n|switch|p1b: Cold Shoulder|Abomasnow, M, shiny|100\/100\n|switch|p2a: Arcanine|Arcanine-Hisui, F|100\/100\n|switch|p2b: Iron Hands|Iron Hands|100\/100\n|-weather|Snow|[from] ability: Snow Warning|[of] p1b: Cold Shoulder\n|turn|1\n|\n|t:|1700153806\n|switch|p1b: Weather War|Pelipper, F|100\/100\n|-weather|RainDance|[from] ability: Drizzle|[of] p1b: Weather War\n|move|p2b: Iron Hands|Fake Out|p1b: Weather War\n|-damage|p1b: Weather War|89\/100\n|move|p2a: Arcanine|Flare Blitz|p1a: OTLHPM\n|-damage|p1a: OTLHPM|52\/100\n|move|p1a: OTLHPM|Earthquake|p2b: Iron Hands|[spread] p2a,p2b\n|-immune|p1b: Weather War\n|-supereffective|p2a: Arcanine\n|-crit|p2a: Arcanine\n|-supereffective|p2b: Iron Hands\n|-damage|p2a: Arcanine|0 fnt\n|-damage|p2b: Iron Hands|72\/100\n|faint|p2a: Arcanine\n|\n|-weather|RainDance|[upkeep]\n|-heal|p1a: OTLHPM|65\/100|[from] ability: Dry Skin\n|-heal|p1a: OTLHPM|71\/100|[from] item: Black Sludge\n|-heal|p2b: Iron Hands|78\/100|[from] item: Leftovers\n|upkeep\n|\n|t:|1700153817\n|switch|p2a: Chien-Pao|Chien-Pao|100\/100\n|-ability|p2a: Chien-Pao|Sword of Ruin\n|turn|2\n|\n|t:|1700153824\n|switch|p1b: Extra Spicy|Garchomp, M|100\/100\n|move|p2a: Chien-Pao|Icicle Crash|p1a: OTLHPM\n|-damage|p1a: OTLHPM|1\/100\n|move|p1a: OTLHPM|Drain Punch|p2a: Chien-Pao\n|-supereffective|p2a: Chien-Pao\n|-crit|p2a: Chien-Pao\n|-damage|p2a: Chien-Pao|0 fnt\n|-heal|p1a: OTLHPM|54\/100|[from] drain|[of] p2a: Chien-Pao\n|faint|p2a: Chien-Pao\n|move|p2b: Iron Hands|Play Rough|p1b: Extra Spicy\n|-supereffective|p1b: Extra Spicy\n|-damage|p1b: Extra Spicy|63\/100\n|-unboost|p1b: Extra Spicy|atk|1\n|-damage|p2b: Iron Hands|66\/100|[from] ability: Rough Skin|[of] p1b: Extra Spicy\n|-damage|p2b: Iron Hands|49\/100|[from] item: Rocky Helmet|[of] p1b: Extra Spicy\n|\n|-weather|RainDance|[upkeep]\n|-heal|p1a: OTLHPM|66\/100|[from] ability: Dry Skin\n|-heal|p1a: OTLHPM|73\/100|[from] item: Black Sludge\n|-heal|p2b: Iron Hands|55\/100|[from] item: Leftovers\n|upkeep\n|\n|t:|1700153834\n|switch|p2a: Walking Wake|Walking Wake|100\/100\n|turn|3\n|\n|t:|1700153863\n|switch|p1b: ThcrThnSnkr|Tyranitar, F|100\/100\n|-weather|Sandstorm|[from] ability: Sand Stream|[of] p1b: ThcrThnSnkr\n|move|p2b: Iron Hands|Protect|p2b: Iron Hands\n|-singleturn|p2b: Iron Hands|Protect\n|move|p2a: Walking Wake|Hydro Steam|p1b: ThcrThnSnkr\n|-supereffective|p1b: ThcrThnSnkr\n|-damage|p1b: ThcrThnSnkr|70\/100\n|move|p1a: OTLHPM|Poison Jab|p2b: Iron Hands\n|-activate|p2b: Iron Hands|move: Protect\n|\n|-weather|Sandstorm|[upkeep]\n|-damage|p2a: Walking Wake|94\/100|[from] Sandstorm\n|-damage|p1a: OTLHPM|66\/100|[from] Sandstorm\n|-damage|p2b: Iron Hands|49\/100|[from] Sandstorm\n|-heal|p1a: OTLHPM|73\/100|[from] item: Black Sludge\n|-heal|p2b: Iron Hands|55\/100|[from] item: Leftovers\n|upkeep\n|turn|4\n|\n|t:|1700153879\n|switch|p1b: Weather War|Pelipper, F|89\/100\n|-weather|RainDance|[from] ability: Drizzle|[of] p1b: Weather War\n|move|p2a: Walking Wake|Flamethrower|p1a: OTLHPM\n|-damage|p1a: OTLHPM|52\/100\n|move|p1a: OTLHPM|Earthquake|p2b: Iron Hands|[spread] p2a,p2b\n|-immune|p1b: Weather War\n|-supereffective|p2b: Iron Hands\n|-damage|p2a: Walking Wake|70\/100\n|-damage|p2b: Iron Hands|28\/100\n|move|p2b: Iron Hands|Drain Punch|p1b: Weather War\n|-resisted|p1b: Weather War\n|-damage|p1b: Weather War|74\/100\n|-heal|p2b: Iron Hands|33\/100|[from] drain|[of] p1b: Weather War\n|\n|-weather|RainDance|[upkeep]\n|-heal|p1a: OTLHPM|64\/100|[from] ability: Dry Skin\n|-heal|p1a: OTLHPM|71\/100|[from] item: Black Sludge\n|-heal|p2b: Iron Hands|39\/100|[from] item: Leftovers\n|upkeep\n|turn|5\n|\n|t:|1700153895\n|-end|p2b: Iron Hands|Quark Drive|[silent]\n|switch|p2b: Empoleon|Empoleon, M|100\/100\n|move|p2a: Walking Wake|Breaking Swipe|p1a: OTLHPM|[spread] p1a,p1b\n|-damage|p1a: OTLHPM|53\/100\n|-damage|p1b: Weather War|64\/100\n|-unboost|p1a: OTLHPM|atk|1\n|-unboost|p1b: Weather War|atk|1\n|move|p1a: OTLHPM|Earthquake|p2b: Empoleon|[spread] p2a,p2b\n|-immune|p1b: Weather War\n|-supereffective|p2b: Empoleon\n|-damage|p2a: Walking Wake|54\/100\n|-damage|p2b: Empoleon|66\/100\n|move|p1b: Weather War|Hurricane|p2b: Empoleon\n|-resisted|p2b: Empoleon\n|-damage|p2b: Empoleon|52\/100\n|\n|-weather|RainDance|[upkeep]\n|-heal|p1a: OTLHPM|66\/100|[from] ability: Dry Skin\n|-heal|p1a: OTLHPM|72\/100|[from] item: Black Sludge\n|-heal|p2b: Empoleon|58\/100|[from] item: Leftovers\n|upkeep\n|turn|6\n|\n|t:|1700153916\n|switch|p1a: Harmacy|Vaporeon, F|100\/100\n|switch|p1b: ThcrThnSnkr|Tyranitar, F|70\/100\n|-weather|Sandstorm|[from] ability: Sand Stream|[of] p1b: ThcrThnSnkr\n|move|p2a: Walking Wake|Breaking Swipe|p1a: Harmacy|[spread] p1a,p1b\n|-damage|p1a: Harmacy|91\/100\n|-damage|p1b: ThcrThnSnkr|57\/100\n|-unboost|p1a: Harmacy|atk|1\n|-unboost|p1b: ThcrThnSnkr|atk|1\n|move|p2b: Empoleon|Ice Beam|p1b: ThcrThnSnkr\n|-damage|p1b: ThcrThnSnkr|49\/100\n|\n|-weather|Sandstorm|[upkeep]\n|-damage|p2a: Walking Wake|48\/100|[from] Sandstorm\n|-damage|p1a: Harmacy|85\/100|[from] Sandstorm\n|-heal|p2b: Empoleon|64\/100|[from] item: Leftovers\n|-heal|p1a: Harmacy|91\/100|[from] item: Leftovers\n|upkeep\n|turn|7\n|\n|t:|1700153934\n|move|p2a: Walking Wake|Breaking Swipe|p1b: ThcrThnSnkr|[spread] p1a,p1b\n|-damage|p1a: Harmacy|82\/100\n|-damage|p1b: ThcrThnSnkr|36\/100\n|-unboost|p1a: Harmacy|atk|1\n|-unboost|p1b: ThcrThnSnkr|atk|1\n|move|p2b: Empoleon|Waterfall|p1b: ThcrThnSnkr\n|-supereffective|p1b: ThcrThnSnkr\n|-damage|p1b: ThcrThnSnkr|0 fnt\n|faint|p1b: ThcrThnSnkr\n|move|p1a: Harmacy|Copycat|p1a: Harmacy\n|move|p1a: Harmacy|Waterfall|p2b: Empoleon|[from]move: Copycat\n|-resisted|p2b: Empoleon\n|-damage|p2b: Empoleon|60\/100\n|\n|-weather|Sandstorm|[upkeep]\n|-damage|p2a: Walking Wake|42\/100|[from] Sandstorm\n|-damage|p1a: Harmacy|76\/100|[from] Sandstorm\n|-heal|p2b: Empoleon|66\/100|[from] item: Leftovers\n|-heal|p1a: Harmacy|82\/100|[from] item: Leftovers\n|upkeep\n|\n|t:|1700153947\n|switch|p1b: Cold Shoulder|Abomasnow, M, shiny|100\/100\n|-weather|Snow|[from] ability: Snow Warning|[of] p1b: Cold Shoulder\n|turn|8\n|\n|t:|1700153960\n|-terastallize|p1b: Cold Shoulder|Water\n|move|p2a: Walking Wake|Flamethrower|p1b: Cold Shoulder\n|-resisted|p1b: Cold Shoulder\n|-damage|p1b: Cold Shoulder|83\/100\n|move|p2b: Empoleon|Flash Cannon|p1a: Harmacy\n|-resisted|p1a: Harmacy\n|-damage|p1a: Harmacy|69\/100\n|move|p1b: Cold Shoulder|Giga Drain|p2b: Empoleon\n|-damage|p2b: Empoleon|43\/100\n|-heal|p1b: Cold Shoulder|95\/100|[from] drain|[of] p2b: Empoleon\n|move|p1a: Harmacy|Copycat|p1a: Harmacy\n|move|p1a: Harmacy|Giga Drain|p2b: Empoleon|[from]move: Copycat\n|-damage|p2b: Empoleon|28\/100\n|-heal|p1a: Harmacy|74\/100|[from] drain|[of] p2b: Empoleon\n|\n|-weather|Snow|[upkeep]\n|-heal|p2b: Empoleon|34\/100|[from] item: Leftovers\n|-heal|p1a: Harmacy|80\/100|[from] item: Leftovers\n|upkeep\n|turn|9\n|\n|t:|1700153980\n|move|p2a: Walking Wake|Breaking Swipe|p1a: Harmacy|[spread] p1a,p1b\n|-damage|p1a: Harmacy|70\/100\n|-damage|p1b: Cold Shoulder|82\/100\n|-unboost|p1a: Harmacy|atk|1\n|-unboost|p1b: Cold Shoulder|atk|1\n|move|p2b: Empoleon|Flash Cannon|p1a: Harmacy\n|-resisted|p1a: Harmacy\n|-damage|p1a: Harmacy|58\/100\n|move|p1b: Cold Shoulder|Leech Seed|p2a: Walking Wake\n|-start|p2a: Walking Wake|move: Leech Seed\n|move|p1a: Harmacy|Icy Wind|p2b: Empoleon|[spread] p2a,p2b\n|-resisted|p2b: Empoleon\n|-damage|p2a: Walking Wake|32\/100\n|-damage|p2b: Empoleon|32\/100\n|-unboost|p2a: Walking Wake|spe|1\n|-unboost|p2b: Empoleon|spe|1\n|-ability|p2b: Empoleon|Competitive|boost\n|-boost|p2b: Empoleon|spa|2\n|\n|-weather|Snow|[upkeep]\n|-heal|p1a: Harmacy|64\/100|[from] item: Leftovers\n|-heal|p2b: Empoleon|38\/100|[from] item: Leftovers\n|-damage|p2a: Walking Wake|20\/100|[from] Leech Seed|[of] p1b: Cold Shoulder\n|-heal|p1b: Cold Shoulder|96\/100|[silent]\n|upkeep\n|turn|10\n|\n|t:|1700153995\n|move|p2a: Walking Wake|Hydro Steam|p1b: Cold Shoulder\n|-resisted|p1b: Cold Shoulder\n|-damage|p1b: Cold Shoulder|73\/100\n|move|p1b: Cold Shoulder|Giga Drain|p2b: Empoleon\n|-damage|p2b: Empoleon|17\/100\n|-heal|p1b: Cold Shoulder|84\/100|[from] drain|[of] p2b: Empoleon\n|move|p1a: Harmacy|Copycat|p1a: Harmacy\n|move|p1a: Harmacy|Giga Drain|p2a: Walking Wake|[from]move: Copycat\n|-damage|p2a: Walking Wake|2\/100\n|-heal|p1a: Harmacy|72\/100|[from] drain|[of] p2a: Walking Wake\n|move|p2b: Empoleon|Flash Cannon|p1a: Harmacy\n|-resisted|p1a: Harmacy\n|-damage|p1a: Harmacy|47\/100\n|\n|-weather|Snow|[upkeep]\n|-heal|p1a: Harmacy|53\/100|[from] item: Leftovers\n|-heal|p2b: Empoleon|23\/100|[from] item: Leftovers\n|-damage|p2a: Walking Wake|0 fnt|[from] Leech Seed|[of] p1b: Cold Shoulder\n|-heal|p1b: Cold Shoulder|85\/100|[silent]\n|faint|p2a: Walking Wake\n|-end|p2a: Walking Wake|Protosynthesis|[silent]\n|upkeep\n|\n|t:|1700154008\n|switch|p2a: Rillaboom|Rillaboom, M|100\/100\n|-fieldstart|move: Grassy Terrain|[from] ability: Grassy Surge|[of] p2a: Rillaboom\n|-enditem|p2a: Rillaboom|Grassy Seed\n|-boost|p2a: Rillaboom|def|1|[from] item: Grassy Seed\n|turn|11\n|\n|t:|1700154024\n|switch|p1b: OTLHPM|Toxicroak, M|72\/100\n|move|p2a: Rillaboom|Grassy Glide|p1b: OTLHPM\n|-resisted|p1b: OTLHPM\n|-damage|p1b: OTLHPM|49\/100\n|move|p1a: Harmacy|Weather Ball|p2a: Rillaboom\n|-supereffective|p2a: Rillaboom\n|-damage|p2a: Rillaboom|45\/100\n|move|p2b: Empoleon|Ice Beam|p1a: Harmacy\n|-resisted|p1a: Harmacy\n|-damage|p1a: Harmacy|35\/100\n|\n|-weather|Snow|[upkeep]\n|-heal|p1b: OTLHPM|56\/100|[from] Grassy Terrain\n|-heal|p2a: Rillaboom|51\/100|[from] Grassy Terrain\n|-heal|p1b: OTLHPM|62\/100|[from] item: Black Sludge\n|-heal|p1a: Harmacy|41\/100|[from] Grassy Terrain\n|-heal|p1a: Harmacy|47\/100|[from] item: Leftovers\n|-heal|p2b: Empoleon|29\/100|[from] Grassy Terrain\n|-heal|p2b: Empoleon|35\/100|[from] item: Leftovers\n|upkeep\n|turn|12\n|\n|t:|1700154040\n|switch|p1a: Extra Spicy|Garchomp, M|63\/100\n|move|p2a: Rillaboom|Protect|p2a: Rillaboom\n|-singleturn|p2a: Rillaboom|Protect\n|move|p1b: OTLHPM|Drain Punch|p2b: Empoleon\n|-supereffective|p2b: Empoleon\n|-damage|p2b: Empoleon|0 fnt\n|-heal|p1b: OTLHPM|80\/100|[from] drain|[of] p2b: Empoleon\n|faint|p2b: Empoleon\n|\n|-weather|none\n|-heal|p1a: Extra Spicy|70\/100|[from] Grassy Terrain\n|-heal|p1b: OTLHPM|86\/100|[from] Grassy Terrain\n|-heal|p2a: Rillaboom|57\/100|[from] Grassy Terrain\n|-heal|p1b: OTLHPM|92\/100|[from] item: Black Sludge\n|upkeep\n|\n|t:|1700154048\n|switch|p2b: Iron Hands|Iron Hands|39\/100\n|turn|13\n|\n|t:|1700154061\n|move|p2b: Iron Hands|Fake Out|p1b: OTLHPM\n|-damage|p1b: OTLHPM|73\/100\n|move|p1a: Extra Spicy|Poison Jab|p2a: Rillaboom\n|-supereffective|p2a: Rillaboom\n|-damage|p2a: Rillaboom|31\/100\n|-status|p2a: Rillaboom|psn\n|move|p2a: Rillaboom|Drum Beating|p1b: OTLHPM\n|-resisted|p1b: OTLHPM\n|-damage|p1b: OTLHPM|36\/100\n|-unboost|p1b: OTLHPM|spe|1\n|cant|p1b: OTLHPM|flinch\n|\n|-heal|p1a: Extra Spicy|76\/100|[from] Grassy Terrain\n|-heal|p2a: Rillaboom|37\/100 psn|[from] Grassy Terrain\n|-heal|p1b: OTLHPM|42\/100|[from] Grassy Terrain\n|-heal|p1b: OTLHPM|49\/100|[from] item: Black Sludge\n|-heal|p2b: Iron Hands|45\/100|[from] Grassy Terrain\n|-heal|p2b: Iron Hands|51\/100|[from] item: Leftovers\n|-damage|p2a: Rillaboom|24\/100 psn|[from] psn\n|upkeep\n|turn|14\n|\n|t:|1700154076\n|move|p1a: Extra Spicy|Poison Jab|p2a: Rillaboom\n|-supereffective|p2a: Rillaboom\n|-damage|p2a: Rillaboom|0 fnt\n|faint|p2a: Rillaboom\n|move|p1b: OTLHPM|Poison Jab|p2b: Iron Hands\n|-crit|p2b: Iron Hands\n|-damage|p2b: Iron Hands|20\/100\n|move|p2b: Iron Hands|Drain Punch|p1b: OTLHPM\n|-resisted|p1b: OTLHPM\n|-damage|p1b: OTLHPM|22\/100\n|-heal|p2b: Iron Hands|29\/100|[from] drain|[of] p1b: OTLHPM\n|\n|-heal|p1a: Extra Spicy|82\/100|[from] Grassy Terrain\n|-heal|p1b: OTLHPM|28\/100|[from] Grassy Terrain\n|-heal|p1b: OTLHPM|35\/100|[from] item: Black Sludge\n|-heal|p2b: Iron Hands|35\/100|[from] Grassy Terrain\n|-heal|p2b: Iron Hands|41\/100|[from] item: Leftovers\n|upkeep\n|turn|15\n|-message|daemianor forfeited.\n|\n|win|mikeyuwu\n|raw|mikeyuwu's rating: 1145 &rarr; <strong>1179<\/strong><br \/>(+34 for winning)\n|raw|daemianor's rating: 1278 &rarr; <strong>1244<\/strong><br \/>(-34 for losing)\n|l|\u2606daemianor\n","uploadtime":1700154097,"views":9,"p1id":"mikeyuwu","p2id":"daemianor","formatid":"gen9doublesou","rating":1179,"private":0,"password":""}