{"id":"gen9doublesou-1973921713","p1":"yh146","p2":"12123434a","format":"[Gen 9] Doubles OU","log":"|j|\u2606yh146\n|j|\u260612123434a\n|t:|1698028388\n|gametype|doubles\n|player|p1|yh146|wallace|1373\n|player|p2|12123434a|twins-gen4dp|1617\n|teamsize|p1|6\n|teamsize|p2|6\n|gen|9\n|tier|[Gen 9] Doubles OU\n|rated|\n|rule|Species Clause: Limit one of each Pok\u00e9mon\n|rule|OHKO Clause: OHKO moves are banned\n|rule|Evasion Moves Clause: Evasion moves are banned\n|rule|Gravity Sleep Clause: The combination of sleep-inducing moves with imperfect accuracy and Gravity or Gigantamax Orbeetle are banned\n|rule|Endless Battle Clause: Forcing endless battles is banned\n|rule|HP Percentage Mod: HP is shown in percentages\n|clearpoke\n|poke|p1|Ursaluna-Bloodmoon, M|\n|poke|p1|Bruxish, F|\n|poke|p1|Oranguru, M|\n|poke|p1|Torkoal, M|\n|poke|p1|Maushold-Four|\n|poke|p1|Grimmsnarl, M|\n|poke|p2|Chien-Pao|\n|poke|p2|Dragonite, F|\n|poke|p2|Gholdengo|\n|poke|p2|Chi-Yu|\n|poke|p2|Enamorus-Therian, F|\n|poke|p2|Glimmora, M|\n|teampreview\n|inactive|Battle timer is ON: inactive players will automatically lose when time's up. (requested by 12123434a)\n|\n|t:|1698028393\n|start\n|switch|p1a: Grimmsnarl|Grimmsnarl, M|100\/100\n|switch|p1b: Bruxish|Bruxish, F|100\/100\n|switch|p2a: Enamorus|Enamorus-Therian, F|100\/100\n|switch|p2b: Glimmora|Glimmora, M|100\/100\n|turn|1\n|\n|t:|1698028408\n|move|p1a: Grimmsnarl|Fake Out|p2a: Enamorus\n|-damage|p2a: Enamorus|91\/100\n|-damage|p1a: Grimmsnarl|84\/100|[from] item: Rocky Helmet|[of] p2a: Enamorus\n|move|p2b: Glimmora|Stealth Rock|p1a: Grimmsnarl\n|-sidestart|p1: yh146|move: Stealth Rock\n|cant|p2a: Enamorus|flinch\n|move|p1b: Bruxish|Trick Room|p1b: Bruxish\n|-fieldstart|move: Trick Room|[of] p1b: Bruxish\n|\n|upkeep\n|turn|2\n|\n|t:|1698028432\n|move|p1a: Grimmsnarl|Parting Shot|p2a: Enamorus\n|-unboost|p2a: Enamorus|atk|1\n|-unboost|p2a: Enamorus|spa|1\n|\n|t:|1698028440\n|switch|p1a: Torkoal|Torkoal, M|100\/100|[from] Parting Shot\n|-damage|p1a: Torkoal|76\/100|[from] Stealth Rock\n|-weather|SunnyDay|[from] ability: Drought|[of] p1a: Torkoal\n|move|p1b: Bruxish|Super Fang|p2b: Glimmora\n|-damage|p2b: Glimmora|51\/100\n|-activate|p2b: Glimmora|ability: Toxic Debris\n|-sidestart|p1: yh146|move: Toxic Spikes\n|move|p2a: Enamorus|Springtide Storm|p1b: Bruxish|[spread] p1a\n|-miss|p2a: Enamorus|p1b: Bruxish\n|-resisted|p1a: Torkoal\n|-damage|p1a: Torkoal|56\/100\n|-unboost|p1a: Torkoal|atk|1\n|move|p2b: Glimmora|Mortal Spin|p1a: Torkoal|[spread] p1a,p1b\n|-damage|p1a: Torkoal|52\/100\n|-damage|p1b: Bruxish|95\/100\n|-status|p1a: Torkoal|psn\n|-status|p1b: Bruxish|psn\n|\n|-weather|SunnyDay|[upkeep]\n|-damage|p1a: Torkoal|40\/100 psn|[from] psn\n|-damage|p1b: Bruxish|82\/100 psn|[from] psn\n|upkeep\n|turn|3\n|inactive|yh146 has 120 seconds left.\n|\n|t:|1698028473\n|move|p1a: Torkoal|Heat Wave|p2b: Glimmora|[spread] p2a,p2b\n|-resisted|p2b: Glimmora\n|-damage|p2a: Enamorus|20\/100\n|-damage|p2b: Glimmora|0 fnt\n|faint|p2b: Glimmora\n|move|p1b: Bruxish|Psychic Fangs|p2a: Enamorus\n|-damage|p2a: Enamorus|0 fnt\n|-damage|p1b: Bruxish|66\/100 psn|[from] item: Rocky Helmet|[of] p2a: Enamorus\n|faint|p2a: Enamorus\n|\n|-weather|SunnyDay|[upkeep]\n|-damage|p1a: Torkoal|27\/100 psn|[from] psn\n|-damage|p1b: Bruxish|53\/100 psn|[from] psn\n|upkeep\n|inactive|12123434a has 120 seconds left.\n|\n|t:|1698028483\n|switch|p2a: Chi-Yu|Chi-Yu|100\/100\n|switch|p2b: Dragonite|Dragonite, F|100\/100\n|-ability|p2a: Chi-Yu|Beads of Ruin\n|turn|4\n|\n|t:|1698028494\n|move|p1a: Torkoal|Heat Wave|p2a: Chi-Yu|[spread] p2a,p2b\n|-resisted|p2a: Chi-Yu\n|-resisted|p2b: Dragonite\n|-damage|p2a: Chi-Yu|62\/100\n|-damage|p2b: Dragonite|81\/100\n|move|p1b: Bruxish|Super Fang|p2b: Dragonite\n|-damage|p2b: Dragonite|41\/100\n|move|p2b: Dragonite|Rock Slide|p1a: Torkoal|[spread] p1a\n|-miss|p2b: Dragonite|p1b: Bruxish\n|-supereffective|p1a: Torkoal\n|-damage|p1a: Torkoal|0 fnt\n|faint|p1a: Torkoal\n|move|p2a: Chi-Yu|Heat Wave|p1b: Bruxish|[miss]\n|-miss|p2a: Chi-Yu|p1b: Bruxish\n|\n|-weather|SunnyDay|[upkeep]\n|-damage|p1b: Bruxish|41\/100 psn|[from] psn\n|upkeep\n|c|\u260612123434a|Oof\n|\n|t:|1698028514\n|switch|p1a: Ursaluna|Ursaluna-Bloodmoon, M|100\/100\n|-damage|p1a: Ursaluna|94\/100|[from] Stealth Rock\n|-status|p1a: Ursaluna|psn\n|turn|5\n|\n|t:|1698028530\n|switch|p2b: Gholdengo|Gholdengo|100\/100\n|move|p2a: Chi-Yu|Protect|p2a: Chi-Yu\n|-singleturn|p2a: Chi-Yu|Protect\n|move|p1b: Bruxish|Psychic Fangs|p2a: Chi-Yu\n|-activate|p2a: Chi-Yu|move: Protect\n|move|p1a: Ursaluna|Hyper Voice|p2a: Chi-Yu|[spread] p2b\n|-activate|p2a: Chi-Yu|move: Protect\n|-resisted|p2b: Gholdengo\n|-damage|p2b: Gholdengo|68\/100\n|-enditem|p1a: Ursaluna|Throat Spray\n|-boost|p1a: Ursaluna|spa|1|[from] item: Throat Spray\n|\n|-weather|SunnyDay|[upkeep]\n|-heal|p2b: Gholdengo|74\/100|[from] item: Leftovers\n|-damage|p1b: Bruxish|28\/100 psn|[from] psn\n|-damage|p1a: Ursaluna|82\/100 psn|[from] psn\n|-fieldend|move: Trick Room\n|upkeep\n|turn|6\n|l|\u2606yh146\n|inactive|yh146 disconnected and has a minute to reconnect!\n|player|p1|\n|j|\u2606yh146\n|inactive|yh146 reconnected and has 120 seconds left.\n|player|p1|yh146|wallace\n|\n|t:|1698028570\n|-terastallize|p2b: Gholdengo|Steel\n|move|p2a: Chi-Yu|Dark Pulse|p1a: Ursaluna\n|-damage|p1a: Ursaluna|0 fnt\n|faint|p1a: Ursaluna\n|-damage|p2a: Chi-Yu|52\/100|[from] item: Life Orb\n|move|p2b: Gholdengo|Make It Rain|p1b: Bruxish\n|-resisted|p1b: Bruxish\n|-damage|p1b: Bruxish|0 fnt\n|-unboost|p2b: Gholdengo|spa|1\n|faint|p1b: Bruxish\n|\n|-weather|none\n|-heal|p2b: Gholdengo|80\/100|[from] item: Leftovers\n|upkeep\n|\n|t:|1698028588\n|switch|p1b: Grimmsnarl|Grimmsnarl, M|84\/100\n|switch|p1a: Oranguru|Oranguru, M|100\/100\n|-damage|p1b: Grimmsnarl|72\/100|[from] Stealth Rock\n|-status|p1b: Grimmsnarl|psn\n|-damage|p1a: Oranguru|88\/100|[from] Stealth Rock\n|-status|p1a: Oranguru|psn\n|turn|7\n|inactive|yh146 has 120 seconds left.\n|\n|t:|1698028606\n|move|p2a: Chi-Yu|Protect|p2a: Chi-Yu\n|-singleturn|p2a: Chi-Yu|Protect\n|move|p1b: Grimmsnarl|Fake Out|p2b: Gholdengo\n|-resisted|p2b: Gholdengo\n|-damage|p2b: Gholdengo|75\/100\n|cant|p2b: Gholdengo|flinch\n|move|p1a: Oranguru|Trick Room|p1a: Oranguru\n|-fieldstart|move: Trick Room|[of] p1a: Oranguru\n|\n|-heal|p2b: Gholdengo|81\/100|[from] item: Leftovers\n|-damage|p1a: Oranguru|76\/100 psn|[from] psn\n|-damage|p1b: Grimmsnarl|59\/100 psn|[from] psn\n|upkeep\n|turn|8\n|\n|t:|1698028626\n|move|p1b: Grimmsnarl|Light Screen|p1b: Grimmsnarl\n|-sidestart|p1: yh146|move: Light Screen\n|move|p1a: Oranguru|Encore|p2a: Chi-Yu\n|-start|p2a: Chi-Yu|Encore\n|move|p2b: Gholdengo|Reflect|p2b: Gholdengo\n|-sidestart|p2: 12123434a|Reflect\n|move|p2a: Chi-Yu|Protect||[still]\n|-fail|p2a: Chi-Yu\n|\n|-heal|p2b: Gholdengo|87\/100|[from] item: Leftovers\n|-damage|p1a: Oranguru|64\/100 psn|[from] psn\n|-damage|p1b: Grimmsnarl|47\/100 psn|[from] psn\n|upkeep\n|turn|9\n|c|\u260612123434a|Joever\n|\n|t:|1698028657\n|move|p2a: Chi-Yu|Protect|p2a: Chi-Yu\n|-singleturn|p2a: Chi-Yu|Protect\n|move|p1b: Grimmsnarl|Reflect|p1b: Grimmsnarl\n|-sidestart|p1: yh146|Reflect\n|move|p1a: Oranguru|Encore|p2b: Gholdengo\n|-immune|p2b: Gholdengo|[from] ability: Good as Gold\n|move|p2b: Gholdengo|Light Screen|p2b: Gholdengo\n|-sidestart|p2: 12123434a|move: Light Screen\n|\n|-heal|p2b: Gholdengo|93\/100|[from] item: Leftovers\n|-damage|p1a: Oranguru|51\/100 psn|[from] psn\n|-damage|p1b: Grimmsnarl|34\/100 psn|[from] psn\n|upkeep\n|turn|10\n|\n|t:|1698028679\n|switch|p1b: Maushold|Maushold-Four|100\/100\n|-damage|p1b: Maushold|88\/100|[from] Stealth Rock\n|-status|p1b: Maushold|psn\n|move|p2a: Chi-Yu|Protect|p2a: Chi-Yu\n|-singleturn|p2a: Chi-Yu|Protect\n|move|p1a: Oranguru|Foul Play|p2a: Chi-Yu\n|-activate|p2a: Chi-Yu|move: Protect\n|move|p2b: Gholdengo|Make It Rain|p1a: Oranguru|[spread] p1a,p1b\n|-damage|p1a: Oranguru|25\/100 psn\n|-damage|p1b: Maushold|36\/100 psn\n|-unboost|p2b: Gholdengo|spa|1\n|\n|-heal|p2b: Gholdengo|99\/100|[from] item: Leftovers\n|-damage|p1a: Oranguru|13\/100 psn|[from] psn\n|-damage|p1b: Maushold|24\/100 psn|[from] psn\n|-end|p2a: Chi-Yu|Encore\n|upkeep\n|turn|11\n|l|\u2606yh146\n|inactive|yh146 disconnected and has a minute to reconnect!\n|player|p1|\n|c|\u260612123434a|Bruh\n|inactive|yh146 has 30 seconds to reconnect!\n|inactive|yh146 has 20 seconds to reconnect!\n|inactive|yh146 has 15 seconds to reconnect!\n|inactive|yh146 has 10 seconds to reconnect!\n|inactive|yh146 has 5 seconds to reconnect!\n|-message|yh146 lost due to inactivity.\n|\n|win|12123434a\n|raw|yh146's rating: 1373 &rarr; <strong>1365<\/strong><br \/>(-8 for losing)\n|raw|12123434a's rating: 1617 &rarr; <strong>1625<\/strong><br \/>(+8 for winning)\n","uploadtime":1698028766,"views":14,"p1id":"yh146","p2id":"12123434a","formatid":"gen9doublesou","rating":1365,"private":0,"password":""}