{"id":"gen9doublesou-1991526078","p1":"mohammed thejer","p2":"vegetasfeet","format":"[Gen 9] Doubles OU","log":"|j|\u2606mohammed thejer\n|j|\u2606vegetasfeet\n|t:|1700085043\n|gametype|doubles\n|player|p1|mohammed thejer|101|1113\n|player|p2|vegetasfeet|brycen|1016\n|teamsize|p1|6\n|teamsize|p2|6\n|gen|9\n|tier|[Gen 9] Doubles OU\n|rated|\n|rule|Species Clause: Limit one of each Pok\u00e9mon\n|rule|OHKO Clause: OHKO moves are banned\n|rule|Evasion Moves Clause: Evasion moves are banned\n|rule|Gravity Sleep Clause: The combination of sleep-inducing moves with imperfect accuracy and Gravity or Gigantamax Orbeetle are banned\n|rule|Endless Battle Clause: Forcing endless battles is banned\n|rule|HP Percentage Mod: HP is shown in percentages\n|clearpoke\n|poke|p1|Torkoal, F|\n|poke|p1|Heatran, F|\n|poke|p1|Roaring Moon|\n|poke|p1|Dragonite, M|\n|poke|p1|Grimmsnarl, M|\n|poke|p1|Ogerpon-Hearthflame, F|\n|poke|p2|Espeon, F|\n|poke|p2|Ribombee, F|\n|poke|p2|Milotic, M|\n|poke|p2|Kingambit, F|\n|poke|p2|Ogerpon, F|\n|poke|p2|Empoleon, F|\n|teampreview\n|inactive|Battle timer is ON: inactive players will automatically lose when time's up. (requested by vegetasfeet)\n|\n|t:|1700085050\n|start\n|switch|p1a: Torkoal|Torkoal, F|100\/100\n|switch|p1b: Heatran|Heatran, F|100\/100\n|switch|p2a: Ribombee|Ribombee, F, shiny|100\/100\n|switch|p2b: Espeon|Espeon, F, shiny|100\/100\n|-weather|SunnyDay|[from] ability: Drought|[of] p1a: Torkoal\n|turn|1\n|\n|t:|1700085060\n|move|p2a: Ribombee|Protect|p2a: Ribombee\n|-singleturn|p2a: Ribombee|Protect\n|move|p2b: Espeon|Skill Swap|p1b: Heatran\n|-activate|p2b: Espeon|move: Skill Swap|Flash Fire|Magic Bounce|[of] p1b: Heatran\n|move|p1b: Heatran|Heat Wave|p2b: Espeon|[spread] \n|-activate|p2a: Ribombee|move: Protect\n|-start|p2b: Espeon|ability: Flash Fire\n|move|p1a: Torkoal|Heat Wave|p2a: Ribombee|[spread] \n|-activate|p2a: Ribombee|move: Protect\n|-immune|p2b: Espeon|[from] ability: Flash Fire\n|\n|-weather|SunnyDay|[upkeep]\n|upkeep\n|turn|2\n|\n|t:|1700085082\n|move|p2a: Ribombee|Sticky Web|p1a: Torkoal\n|move|p1b: Heatran|Sticky Web|p2a: Ribombee|[from]ability: Magic Bounce\n|-sidestart|p2: vegetasfeet|move: Sticky Web\n|move|p1b: Heatran|Heat Wave|p2b: Espeon|[spread] p2a\n|-immune|p2b: Espeon|[from] ability: Flash Fire\n|-supereffective|p2a: Ribombee\n|-damage|p2a: Ribombee|0 fnt\n|faint|p2a: Ribombee\n|move|p1a: Torkoal|Will-O-Wisp|p2b: Espeon\n|-immune|p2b: Espeon|[from] ability: Flash Fire\n|move|p2b: Espeon|Trick Room|p2b: Espeon\n|-fieldstart|move: Trick Room|[of] p2b: Espeon\n|\n|-weather|SunnyDay|[upkeep]\n|upkeep\n|\n|t:|1700085098\n|switch|p2a: Empoleon|Empoleon, F, shiny|100\/100\n|-activate|p2a: Empoleon|move: Sticky Web\n|-unboost|p2a: Empoleon|spe|1\n|-ability|p2a: Empoleon|Competitive|boost\n|-boost|p2a: Empoleon|spa|2\n|turn|3\n|\n|t:|1700085112\n|move|p2b: Espeon|Helping Hand|p2a: Empoleon\n|-singleturn|p2a: Empoleon|Helping Hand|[of] p2b: Espeon\n|move|p1a: Torkoal|Heat Wave|p2a: Empoleon|[spread] p2a\n|-immune|p2b: Espeon|[from] ability: Flash Fire\n|-damage|p2a: Empoleon|72\/100\n|-status|p2a: Empoleon|brn\n|move|p2a: Empoleon|Surf|p1b: Heatran|[spread] p2b,p1a,p1b\n|-supereffective|p1a: Torkoal\n|-supereffective|p1b: Heatran\n|-damage|p2b: Espeon|49\/100\n|-damage|p1a: Torkoal|0 fnt\n|-damage|p1b: Heatran|28\/100\n|faint|p1a: Torkoal\n|-damage|p2a: Empoleon|62\/100 brn|[from] item: Life Orb\n|move|p1b: Heatran|Earth Power|p2a: Empoleon\n|-supereffective|p2a: Empoleon\n|-damage|p2a: Empoleon|3\/100 brn\n|\n|-weather|SunnyDay|[upkeep]\n|-damage|p2a: Empoleon|0 fnt|[from] brn\n|faint|p2a: Empoleon\n|upkeep\n|inactive|vegetasfeet has 120 seconds left.\n|\n|t:|1700085163\n|switch|p1a: Dragonite|Dragonite, M|100\/100\n|switch|p2a: Milotic|Milotic, M, shiny|100\/100\n|-activate|p2a: Milotic|move: Sticky Web\n|-unboost|p2a: Milotic|spe|1\n|-ability|p2a: Milotic|Competitive|boost\n|-boost|p2a: Milotic|spa|2\n|turn|4\n|inactive|vegetasfeet has 120 seconds left.\n|\n|t:|1700085182\n|-terastallize|p1b: Heatran|Grass\n|move|p1a: Dragonite|Extreme Speed|p2b: Espeon\n|-damage|p2b: Espeon|3\/100\n|move|p2a: Milotic|Ice Beam|p1a: Dragonite\n|-supereffective|p1a: Dragonite\n|-enditem|p1a: Dragonite|Yache Berry|[eat]\n|-enditem|p1a: Dragonite|Yache Berry|[weaken]\n|-damage|p1a: Dragonite|13\/100\n|move|p1b: Heatran|Tera Blast|p2a: Milotic|[anim] Tera Blast Grass\n|-supereffective|p2a: Milotic\n|-damage|p2a: Milotic|38\/100\n|move|p2b: Espeon|Psychic|p1b: Heatran\n|-damage|p1b: Heatran|4\/100\n|\n|-weather|SunnyDay|[upkeep]\n|upkeep\n|turn|5\n|inactive|vegetasfeet has 120 seconds left.\n|\n|t:|1700085214\n|move|p1a: Dragonite|Extreme Speed|p2b: Espeon\n|-damage|p2b: Espeon|0 fnt\n|faint|p2b: Espeon\n|move|p2a: Milotic|Ice Beam|p1b: Heatran\n|-supereffective|p1b: Heatran\n|-crit|p1b: Heatran\n|-damage|p1b: Heatran|0 fnt\n|faint|p1b: Heatran\n|\n|-weather|none\n|upkeep\n|inactive|vegetasfeet has 120 seconds left.\n|\n|t:|1700085231\n|switch|p1b: Grimmsnarl|Grimmsnarl, M|100\/100\n|switch|p2b: Ogerpon|Ogerpon, F|100\/100\n|-activate|p2b: Ogerpon|move: Sticky Web\n|-unboost|p2b: Ogerpon|spe|1\n|-ability|p2b: Ogerpon|Defiant|boost\n|-boost|p2b: Ogerpon|atk|2\n|turn|6\n|inactive|mohammed thejer has 120 seconds left.\n|\n|t:|1700085264\n|move|p1b: Grimmsnarl|Parting Shot|p2b: Ogerpon\n|-unboost|p2b: Ogerpon|atk|1\n|-ability|p2b: Ogerpon|Defiant|boost\n|-boost|p2b: Ogerpon|atk|2\n|-unboost|p2b: Ogerpon|spa|1\n|-ability|p2b: Ogerpon|Defiant|boost\n|-boost|p2b: Ogerpon|atk|2\n|inactive|mohammed thejer has 120 seconds left.\n|\n|t:|1700085272\n|switch|p1b: Ogerpon|Ogerpon-Hearthflame, F|100\/100|[from] Parting Shot\n|-ability|p1b: Ogerpon|Mold Breaker\n|move|p2a: Milotic|Ice Beam|p1a: Dragonite\n|-supereffective|p1a: Dragonite\n|-damage|p1a: Dragonite|0 fnt\n|faint|p1a: Dragonite\n|move|p2b: Ogerpon|Ivy Cudgel|p1b: Ogerpon\n|-resisted|p1b: Ogerpon\n|-damage|p1b: Ogerpon|38\/100\n|\n|-fieldend|move: Trick Room\n|upkeep\n|inactive|mohammed thejer has 120 seconds left.\n|\n|t:|1700085302\n|switch|p1a: Roaring Moon|Roaring Moon|100\/100\n|turn|7\n|\n|t:|1700085318\n|move|p1b: Ogerpon|Play Rough|p2a: Milotic\n|-damage|p2a: Milotic|3\/100\n|move|p2b: Ogerpon|Horn Leech|p1b: Ogerpon\n|-resisted|p1b: Ogerpon\n|-damage|p1b: Ogerpon|0 fnt\n|faint|p1b: Ogerpon\n|move|p2a: Milotic|Ice Beam|p1a: Roaring Moon\n|-supereffective|p1a: Roaring Moon\n|-damage|p1a: Roaring Moon|0 fnt\n|faint|p1a: Roaring Moon\n|-end|p1a: Roaring Moon|Protosynthesis|[silent]\n|\n|upkeep\n|-message|mohammed thejer forfeited.\n|\n|win|vegetasfeet\n|raw|mohammed thejer's rating: 1113 &rarr; <strong>1081<\/strong><br \/>(-32 for losing)\n|raw|vegetasfeet's rating: 1016 &rarr; <strong>1064<\/strong><br \/>(+48 for winning)\n|l|\u2606mohammed thejer\n","uploadtime":1700085336,"views":19,"p1id":"mohammedthejer","p2id":"vegetasfeet","formatid":"gen9doublesou","rating":1064,"private":0,"password":""}