{"id":"gen9doublesou-1980300770","p1":"ttTuzi","p2":"ooobertThaGoobert","format":"[Gen 9] Doubles OU","log":"|j|\u2606ttTuzi\n|j|\u2606ooobertThaGoobert\n|t:|1698773550\n|gametype|doubles\n|player|p1|ttTuzi|clair|1120\n|player|p2|ooobertThaGoobert|clown|1152\n|teamsize|p1|6\n|teamsize|p2|6\n|gen|9\n|tier|[Gen 9] Doubles OU\n|rated|\n|rule|Species Clause: Limit one of each Pok\u00e9mon\n|rule|OHKO Clause: OHKO moves are banned\n|rule|Evasion Moves Clause: Evasion moves are banned\n|rule|Gravity Sleep Clause: The combination of sleep-inducing moves with imperfect accuracy and Gravity or Gigantamax Orbeetle are banned\n|rule|Endless Battle Clause: Forcing endless battles is banned\n|rule|HP Percentage Mod: HP is shown in percentages\n|clearpoke\n|poke|p1|Glaceon, F|\n|poke|p1|Ninetales-Alola, F|\n|poke|p1|Iron Hands|\n|poke|p1|Gyarados, F|\n|poke|p1|Ting-Lu|\n|poke|p1|Flutter Mane|\n|poke|p2|Venomoth, M|\n|poke|p2|Toxapex, F|\n|poke|p2|Arbok, M|\n|poke|p2|Glimmora, M|\n|poke|p2|Fezandipiti, M|\n|poke|p2|Dragalge, M|\n|teampreview\n|inactive|Battle timer is ON: inactive players will automatically lose when time's up. (requested by ooobertThaGoobert)\n|\n|t:|1698773560\n|start\n|switch|p1a: Glaceon|Glaceon, F, shiny|100\/100\n|switch|p1b: Ting-Lu|Ting-Lu|100\/100\n|switch|p2a: Crunchy|Glimmora, M, shiny|100\/100\n|switch|p2b: Seiran|Fezandipiti, M|100\/100\n|-ability|p1b: Ting-Lu|Vessel of Ruin\n|turn|1\n|\n|t:|1698773580\n|move|p2b: Seiran|Icy Wind|p1b: Ting-Lu|[spread] p1a,p1b\n|-resisted|p1a: Glaceon\n|-supereffective|p1b: Ting-Lu\n|-damage|p1a: Glaceon|96\/100\n|-damage|p1b: Ting-Lu|90\/100\n|-unboost|p1a: Glaceon|spe|1\n|-unboost|p1b: Ting-Lu|spe|1\n|-status|p1b: Ting-Lu|tox|[from] ability: Toxic Chain|[of] p2b: Seiran\n|-enditem|p1b: Ting-Lu|Lum Berry|[eat]\n|-curestatus|p1b: Ting-Lu|tox|[msg]\n|move|p2a: Crunchy|Flash Cannon|p1a: Glaceon\n|-supereffective|p1a: Glaceon\n|-damage|p1a: Glaceon|46\/100\n|move|p1a: Glaceon|Substitute|p1a: Glaceon\n|-start|p1a: Glaceon|Substitute\n|-damage|p1a: Glaceon|21\/100\n|move|p1b: Ting-Lu|Heavy Slam|p2b: Seiran\n|-supereffective|p2b: Seiran\n|-damage|p2b: Seiran|10\/100\n|\n|-heal|p2b: Seiran|16\/100|[from] item: Leftovers\n|-heal|p1a: Glaceon|28\/100|[from] item: Leftovers\n|upkeep\n|turn|2\n|\n|t:|1698773614\n|switch|p2b: Hehehe Yup|Dragalge, M, shiny|100\/100\n|move|p1b: Ting-Lu|Protect|p1b: Ting-Lu\n|-singleturn|p1b: Ting-Lu|Protect\n|move|p2a: Crunchy|Flash Cannon|p1a: Glaceon\n|-supereffective|p1a: Glaceon\n|-end|p1a: Glaceon|Substitute\n|move|p1a: Glaceon|Blizzard|p2b: Hehehe Yup|[spread] p2a,p2b\n|-supereffective|p2b: Hehehe Yup\n|-damage|p2a: Crunchy|74\/100\n|-damage|p2b: Hehehe Yup|69\/100\n|-status|p2a: Crunchy|frz\n|\n|-heal|p1a: Glaceon|34\/100|[from] item: Leftovers\n|upkeep\n|turn|3\n|\n|t:|1698773642\n|cant|p2a: Crunchy|frz\n|move|p1a: Glaceon|Blizzard|p2b: Hehehe Yup|[spread] p2b\n|-miss|p1a: Glaceon|p2a: Crunchy\n|-supereffective|p2b: Hehehe Yup\n|-damage|p2b: Hehehe Yup|35\/100\n|move|p2b: Hehehe Yup|Chilling Water|p1b: Ting-Lu\n|-supereffective|p1b: Ting-Lu\n|-damage|p1b: Ting-Lu|75\/100\n|-unboost|p1b: Ting-Lu|atk|1\n|move|p1b: Ting-Lu|Stomping Tantrum|p2b: Hehehe Yup\n|-supereffective|p2b: Hehehe Yup\n|-damage|p2b: Hehehe Yup|0 fnt\n|faint|p2b: Hehehe Yup\n|\n|-heal|p1a: Glaceon|40\/100|[from] item: Leftovers\n|upkeep\n|inactive|ooobertThaGoobert has 120 seconds left.\n|\n|t:|1698773668\n|switch|p2b: Seiran|Fezandipiti, M|16\/100\n|turn|4\n|\n|t:|1698773682\n|move|p2b: Seiran|Dazzling Gleam|p1a: Glaceon|[spread] p1a,p1b\n|-supereffective|p1b: Ting-Lu\n|-damage|p1a: Glaceon|22\/100\n|-damage|p1b: Ting-Lu|53\/100\n|cant|p2a: Crunchy|frz\n|move|p1a: Glaceon|Chilling Water|p2a: Crunchy\n|-supereffective|p2a: Crunchy\n|-damage|p2a: Crunchy|52\/100 frz\n|-unboost|p2a: Crunchy|atk|1\n|move|p1b: Ting-Lu|Heavy Slam|p2b: Seiran\n|-supereffective|p2b: Seiran\n|-damage|p2b: Seiran|0 fnt\n|faint|p2b: Seiran\n|\n|-heal|p1a: Glaceon|28\/100|[from] item: Leftovers\n|upkeep\n|\n|t:|1698773693\n|switch|p2b: Gothra|Venomoth, M|100\/100\n|turn|5\n|\n|t:|1698773711\n|-terastallize|p2b: Gothra|Bug\n|cant|p2a: Crunchy|frz\n|move|p2b: Gothra|Quiver Dance|p2b: Gothra\n|-boost|p2b: Gothra|spa|1\n|-boost|p2b: Gothra|spd|1\n|-boost|p2b: Gothra|spe|1\n|move|p1a: Glaceon|Chilling Water|p2a: Crunchy\n|-supereffective|p2a: Crunchy\n|-damage|p2a: Crunchy|29\/100 frz\n|-unboost|p2a: Crunchy|atk|1\n|move|p1b: Ting-Lu|Heavy Slam|p2b: Gothra\n|-damage|p2b: Gothra|62\/100\n|\n|-heal|p1a: Glaceon|35\/100|[from] item: Leftovers\n|upkeep\n|turn|6\n|inactive|ttTuzi has 120 seconds left.\n|\n|t:|1698773746\n|switch|p1a: nina|Ninetales-Alola, F, shiny|100\/100\n|-weather|Snow|[from] ability: Snow Warning|[of] p1a: nina\n|move|p2b: Gothra|Quiver Dance|p2b: Gothra\n|-boost|p2b: Gothra|spa|1\n|-boost|p2b: Gothra|spd|1\n|-boost|p2b: Gothra|spe|1\n|cant|p2a: Crunchy|frz\n|move|p1b: Ting-Lu|Ruination|p2a: Crunchy\n|-damage|p2a: Crunchy|15\/100 frz\n|\n|-weather|Snow|[upkeep]\n|upkeep\n|turn|7\n|\n|t:|1698773767\n|move|p2b: Gothra|Giga Drain|p1b: Ting-Lu\n|-supereffective|p1b: Ting-Lu\n|-damage|p1b: Ting-Lu|6\/100\n|-heal|p2b: Gothra|100\/100|[from] drain|[of] p1b: Ting-Lu\n|move|p1a: nina|Aurora Veil|p1a: nina\n|-sidestart|p1: ttTuzi|move: Aurora Veil\n|cant|p2a: Crunchy|frz\n|move|p1b: Ting-Lu|Heavy Slam|p2b: Gothra\n|-damage|p2b: Gothra|59\/100\n|\n|-weather|Snow|[upkeep]\n|upkeep\n|turn|8\n|\n|t:|1698773786\n|move|p1b: Ting-Lu|Protect|p1b: Ting-Lu\n|-singleturn|p1b: Ting-Lu|Protect\n|move|p2b: Gothra|Bug Buzz|p1b: Ting-Lu\n|-activate|p1b: Ting-Lu|move: Protect\n|move|p1a: nina|Blizzard|p2a: Crunchy|[spread] p2a,p2b\n|-damage|p2a: Crunchy|0 fnt\n|-damage|p2b: Gothra|46\/100\n|-status|p2b: Gothra|frz\n|faint|p2a: Crunchy\n|\n|-weather|Snow|[upkeep]\n|upkeep\n|\n|t:|1698773793\n|switch|p2a: Ruined Meta|Toxapex, F, shiny|100\/100\n|turn|9\n|\n|t:|1698773817\n|switch|p1b: hulk buster|Iron Hands|100\/100\n|move|p1a: nina|Protect|p1a: nina\n|-singleturn|p1a: nina|Protect\n|move|p2a: Ruined Meta|Wide Guard|p2a: Ruined Meta\n|-singleturn|p2a: Ruined Meta|Wide Guard\n|-curestatus|p2b: Gothra|frz|[msg]\n|move|p2b: Gothra|Giga Drain|p1a: nina\n|-activate|p1a: nina|move: Protect\n|\n|-weather|Snow|[upkeep]\n|upkeep\n|turn|10\n|\n|t:|1698773840\n|move|p2b: Gothra|Giga Drain|p1b: hulk buster\n|-damage|p1b: hulk buster|85\/100\n|-heal|p2b: Gothra|59\/100|[from] drain|[of] p1b: hulk buster\n|move|p1a: nina|Moonblast|p2b: Gothra\n|-damage|p2b: Gothra|37\/100\n|-unboost|p2b: Gothra|spa|1\n|move|p1b: hulk buster|Heavy Slam|p2a: Ruined Meta\n|-resisted|p2a: Ruined Meta\n|-damage|p2a: Ruined Meta|83\/100\n|move|p2a: Ruined Meta|Poison Jab|p1a: nina\n|-supereffective|p1a: nina\n|-damage|p1a: nina|69\/100\n|-status|p1a: nina|psn\n|\n|-weather|none\n|-heal|p2a: Ruined Meta|89\/100|[from] item: Black Sludge\n|-damage|p1a: nina|57\/100 psn|[from] psn\n|upkeep\n|turn|11\n|\n|t:|1698773867\n|switch|p1a: Gyarados|Gyarados, F, shiny|100\/100\n|-ability|p1a: Gyarados|Intimidate|boost\n|-unboost|p2a: Ruined Meta|atk|1\n|-unboost|p2b: Gothra|atk|1\n|move|p2b: Gothra|Quiver Dance|p2b: Gothra\n|-boost|p2b: Gothra|spa|1\n|-boost|p2b: Gothra|spd|1\n|-boost|p2b: Gothra|spe|1\n|move|p1b: hulk buster|Volt Switch|p2b: Gothra\n|-crit|p2b: Gothra\n|-damage|p2b: Gothra|8\/100\n|inactive|ttTuzi has 120 seconds left.\n|\n|t:|1698773879\n|-end|p1b: hulk buster|Quark Drive|[silent]\n|switch|p1b: Flutter Mane|Flutter Mane|100\/100|[from] Volt Switch\n|move|p2a: Ruined Meta|Liquidation|p1a: Gyarados\n|-resisted|p1a: Gyarados\n|-crit|p1a: Gyarados\n|-damage|p1a: Gyarados|78\/100\n|\n|-heal|p2a: Ruined Meta|95\/100|[from] item: Black Sludge\n|upkeep\n|turn|12\n|\n|t:|1698773896\n|move|p2b: Gothra|Giga Drain|p1b: Flutter Mane\n|-damage|p1b: Flutter Mane|69\/100\n|-heal|p2b: Gothra|23\/100|[from] drain|[of] p1b: Flutter Mane\n|move|p1b: Flutter Mane|Shadow Ball|p2a: Ruined Meta\n|-damage|p2a: Ruined Meta|49\/100\n|move|p1a: Gyarados|Taunt|p2b: Gothra\n|-start|p2b: Gothra|move: Taunt\n|move|p2a: Ruined Meta|Poison Jab|p1b: Flutter Mane\n|-damage|p1b: Flutter Mane|46\/100\n|\n|-heal|p2a: Ruined Meta|55\/100|[from] item: Black Sludge\n|upkeep\n|turn|13\n|\n|t:|1698773917\n|-terastallize|p1b: Flutter Mane|Ghost\n|move|p2b: Gothra|Bug Buzz|p1a: Gyarados\n|-resisted|p1a: Gyarados\n|-damage|p1a: Gyarados|24\/100\n|-unboost|p1a: Gyarados|spd|1\n|-enditem|p1a: Gyarados|Sitrus Berry|[eat]\n|-heal|p1a: Gyarados|48\/100|[from] item: Sitrus Berry\n|move|p1b: Flutter Mane|Shadow Ball|p2a: Ruined Meta\n|-damage|p2a: Ruined Meta|0 fnt\n|faint|p2a: Ruined Meta\n|move|p1a: Gyarados|Waterfall|p2b: Gothra\n|-damage|p2b: Gothra|0 fnt\n|faint|p2b: Gothra\n|\n|upkeep\n|\n|t:|1698773930\n|switch|p2b: U are King|Arbok, M, shiny|100\/100\n|turn|14\n|\n|t:|1698773938\n|move|p1b: Flutter Mane|Shadow Ball|p2b: U are King\n|-enditem|p2b: U are King|Focus Sash\n|-damage|p2b: U are King|1\/100\n|move|p2b: U are King|Scale Shot|p1a: Gyarados\n|-damage|p1a: Gyarados|44\/100\n|-damage|p1a: Gyarados|40\/100\n|-damage|p1a: Gyarados|35\/100\n|-hitcount|p1a: Gyarados|3\n|-unboost|p2b: U are King|def|1\n|-boost|p2b: U are King|spe|1\n|move|p1a: Gyarados|Thunder Wave|p2b: U are King|[miss]\n|-miss|p1a: Gyarados|p2b: U are King\n|\n|-sideend|p1: ttTuzi|move: Aurora Veil\n|upkeep\n|turn|15\n|\n|t:|1698773958\n|move|p1a: Gyarados|Protect|p1a: Gyarados\n|-singleturn|p1a: Gyarados|Protect\n|move|p2b: U are King|Scale Shot|p1a: Gyarados\n|-activate|p1a: Gyarados|move: Protect\n|move|p1b: Flutter Mane|Shadow Ball|p2b: U are King\n|-damage|p2b: U are King|0 fnt\n|faint|p2b: U are King\n|\n|win|ttTuzi\n|raw|ttTuzi's rating: 1120 &rarr; <strong>1147<\/strong><br \/>(+27 for winning)\n|raw|ooobertThaGoobert's rating: 1152 &rarr; <strong>1125<\/strong><br \/>(-27 for losing)\n|c|\u2606ttTuzi|gg\n","uploadtime":1698773978,"views":27,"p1id":"tttuzi","p2id":"ooobertthagoobert","formatid":"gen9doublesou","rating":1125,"private":0,"password":""}