{"id":"gen9doublesou-1991999279","p1":"Isthisnametaked","p2":"mahameloplatano","format":"[Gen 9] Doubles OU","log":"|j|\u2606Isthisnametaked\n|j|\u2606mahameloplatano\n|t:|1700146467\n|gametype|doubles\n|player|p1|Isthisnametaked|101|1200\n|player|p2|mahameloplatano|170|1237\n|teamsize|p1|6\n|teamsize|p2|6\n|gen|9\n|tier|[Gen 9] Doubles OU\n|rated|\n|rule|Species Clause: Limit one of each Pok\u00e9mon\n|rule|OHKO Clause: OHKO moves are banned\n|rule|Evasion Moves Clause: Evasion moves are banned\n|rule|Gravity Sleep Clause: The combination of sleep-inducing moves with imperfect accuracy and Gravity or Gigantamax Orbeetle are banned\n|rule|Endless Battle Clause: Forcing endless battles is banned\n|rule|HP Percentage Mod: HP is shown in percentages\n|clearpoke\n|poke|p1|Baxcalibur, F|\n|poke|p1|Torkoal, M|\n|poke|p1|Walking Wake|\n|poke|p1|Amoonguss, F|\n|poke|p1|Rillaboom, M|\n|poke|p1|Heatran, M|\n|poke|p2|Volcarona, F|\n|poke|p2|Sinistcha-Masterpiece|\n|poke|p2|Oranguru, F|\n|poke|p2|Oricorio-Pa'u, F|\n|poke|p2|Greninja-*, M|\n|poke|p2|Murkrow, M|\n|teampreview\n|inactive|Battle timer is ON: inactive players will automatically lose when time's up. (requested by mahameloplatano)\n|inactive|mahameloplatano has 120 seconds left.\n|\n|t:|1700146507\n|start\n|switch|p1a: Really Big Boom|Rillaboom, M|100\/100\n|switch|p1b: Heat Man Ran|Heatran, M|100\/100\n|switch|p2a: Greninja|Greninja, M|100\/100\n|switch|p2b: Volcarona|Volcarona, F|100\/100\n|-fieldstart|move: Grassy Terrain|[from] ability: Grassy Surge|[of] p1a: Really Big Boom\n|turn|1\n|\n|t:|1700146529\n|-terastallize|p2a: Greninja|Poison\n|move|p1a: Really Big Boom|Fake Out|p2a: Greninja\n|-damage|p2a: Greninja|77\/100\n|move|p2a: Greninja|Hydro Pump|p1b: Heat Man Ran\n|-supereffective|p1b: Heat Man Ran\n|-damage|p1b: Heat Man Ran|25\/100\n|move|p2b: Volcarona|Fiery Dance|p1a: Really Big Boom\n|-supereffective|p1a: Really Big Boom\n|-damage|p1a: Really Big Boom|38\/100\n|-boost|p2b: Volcarona|spa|1\n|move|p1b: Heat Man Ran|Stealth Rock|p2b: Volcarona\n|-sidestart|p2: mahameloplatano|move: Stealth Rock\n|\n|-heal|p2a: Greninja|83\/100|[from] Grassy Terrain\n|-heal|p1a: Really Big Boom|44\/100|[from] Grassy Terrain\n|-heal|p1b: Heat Man Ran|31\/100|[from] Grassy Terrain\n|-heal|p1b: Heat Man Ran|38\/100|[from] item: Leftovers\n|upkeep\n|turn|2\n|\n|t:|1700146554\n|switch|p1a: More Coal|Torkoal, M|100\/100\n|-weather|SunnyDay|[from] ability: Drought|[of] p1a: More Coal\n|switch|p1b: Walking Woke|Walking Wake|100\/100\n|-activate|p1b: Walking Woke|ability: Protosynthesis\n|-start|p1b: Walking Woke|protosynthesisspe\n|move|p2a: Greninja|Ice Beam|p1a: More Coal\n|-resisted|p1a: More Coal\n|-damage|p1a: More Coal|83\/100\n|move|p2b: Volcarona|Struggle Bug|p1b: Walking Woke|[spread] p1a,p1b\n|-resisted|p1a: More Coal\n|-damage|p1a: More Coal|64\/100\n|-damage|p1b: Walking Woke|65\/100\n|-unboost|p1a: More Coal|spa|1\n|-unboost|p1b: Walking Woke|spa|1\n|\n|-weather|SunnyDay|[upkeep]\n|-heal|p1b: Walking Woke|71\/100|[from] Grassy Terrain\n|-heal|p2a: Greninja|89\/100|[from] Grassy Terrain\n|-heal|p1a: More Coal|70\/100|[from] Grassy Terrain\n|upkeep\n|turn|3\n|\n|t:|1700146581\n|switch|p2b: Oranguru|Oranguru, F|100\/100\n|-damage|p2b: Oranguru|88\/100|[from] Stealth Rock\n|move|p1a: More Coal|Helping Hand|p1b: Walking Woke\n|-singleturn|p1b: Walking Woke|Helping Hand|[of] p1a: More Coal\n|move|p1b: Walking Woke|Hydro Steam|p2b: Oranguru\n|-damage|p2b: Oranguru|36\/100\n|move|p2a: Greninja|Dark Pulse|p1a: More Coal\n|-damage|p1a: More Coal|22\/100\n|\n|-weather|SunnyDay|[upkeep]\n|-heal|p1b: Walking Woke|77\/100|[from] Grassy Terrain\n|-heal|p2a: Greninja|95\/100|[from] Grassy Terrain\n|-heal|p2b: Oranguru|42\/100|[from] Grassy Terrain\n|-heal|p1a: More Coal|28\/100|[from] Grassy Terrain\n|upkeep\n|turn|4\n|\n|t:|1700146604\n|move|p1a: More Coal|Helping Hand|p1b: Walking Woke\n|-singleturn|p1b: Walking Woke|Helping Hand|[of] p1a: More Coal\n|move|p1b: Walking Woke|Hydro Steam|p2b: Oranguru\n|-damage|p2b: Oranguru|0 fnt\n|faint|p2b: Oranguru\n|move|p2a: Greninja|Dark Pulse|p1b: Walking Woke\n|-damage|p1b: Walking Woke|35\/100\n|\n|-weather|SunnyDay|[upkeep]\n|-heal|p1b: Walking Woke|41\/100|[from] Grassy Terrain\n|-heal|p2a: Greninja|100\/100|[from] Grassy Terrain\n|-heal|p1a: More Coal|35\/100|[from] Grassy Terrain\n|upkeep\n|\n|t:|1700146617\n|switch|p2b: Murkrow|Murkrow, M|100\/100\n|-damage|p2b: Murkrow|76\/100|[from] Stealth Rock\n|turn|5\n|\n|t:|1700146635\n|move|p2b: Murkrow|Tailwind|p2b: Murkrow\n|-sidestart|p2: mahameloplatano|move: Tailwind\n|move|p2a: Greninja|Dark Pulse|p1b: Walking Woke\n|-damage|p1b: Walking Woke|2\/100\n|move|p1b: Walking Woke|Hydro Steam|p2b: Murkrow\n|-damage|p2b: Murkrow|28\/100\n|move|p1a: More Coal|Yawn|p2a: Greninja\n|-start|p2a: Greninja|move: Yawn|[of] p1a: More Coal\n|\n|-weather|SunnyDay|[upkeep]\n|-heal|p1b: Walking Woke|8\/100|[from] Grassy Terrain\n|-heal|p1a: More Coal|41\/100|[from] Grassy Terrain\n|-fieldend|move: Grassy Terrain\n|upkeep\n|turn|6\n|\n|t:|1700146653\n|-end|p1b: Walking Woke|Protosynthesis|[silent]\n|switch|p1b: imposter|Amoonguss, F|100\/100\n|move|p1a: More Coal|Protect|p1a: More Coal\n|-singleturn|p1a: More Coal|Protect\n|move|p2a: Greninja|Dark Pulse|p1a: More Coal\n|-activate|p1a: More Coal|move: Protect\n|move|p2b: Murkrow|Night Shade|p1b: imposter\n|-damage|p1b: imposter|77\/100\n|\n|-weather|SunnyDay|[upkeep]\n|-end|p2a: Greninja|move: Yawn|[silent]\n|-status|p2a: Greninja|slp\n|upkeep\n|turn|7\n|\n|t:|1700146676\n|switch|p2a: Sinistcha|Sinistcha-Masterpiece|100\/100\n|-damage|p2a: Sinistcha|88\/100|[from] Stealth Rock\n|-heal|p2b: Murkrow|53\/100|[from] ability: Hospitality|[of] p2a: Sinistcha\n|switch|p1a: Really Big Boom|Rillaboom, M|44\/100\n|-fieldstart|move: Grassy Terrain|[from] ability: Grassy Surge|[of] p1a: Really Big Boom\n|move|p2b: Murkrow|Thunder Wave|p1b: imposter\n|-status|p1b: imposter|par\n|move|p1b: imposter|Spore|p2b: Murkrow\n|-status|p2b: Murkrow|slp|[from] move: Spore\n|\n|-weather|SunnyDay|[upkeep]\n|-heal|p2a: Sinistcha|94\/100|[from] Grassy Terrain\n|-heal|p1a: Really Big Boom|50\/100|[from] Grassy Terrain\n|-heal|p1b: imposter|83\/100 par|[from] Grassy Terrain\n|upkeep\n|turn|8\n|\n|t:|1700146700\n|switch|p1b: Heat Man Ran|Heatran, M|38\/100\n|cant|p2b: Murkrow|slp\n|move|p2a: Sinistcha|Matcha Gotcha|p1b: Heat Man Ran|[spread] p1a\n|-miss|p2a: Sinistcha|p1b: Heat Man Ran\n|-resisted|p1a: Really Big Boom\n|-damage|p1a: Really Big Boom|35\/100\n|-heal|p2a: Sinistcha|100\/100|[from] drain|[of] p1a: Really Big Boom\n|move|p1a: Really Big Boom|Knock Off|p2a: Sinistcha\n|-supereffective|p2a: Sinistcha\n|-damage|p2a: Sinistcha|31\/100\n|-enditem|p2a: Sinistcha|Expert Belt|[from] move: Knock Off|[of] p1a: Really Big Boom\n|\n|-weather|SunnyDay|[upkeep]\n|-heal|p2a: Sinistcha|37\/100|[from] Grassy Terrain\n|-heal|p1a: Really Big Boom|41\/100|[from] Grassy Terrain\n|-heal|p1b: Heat Man Ran|44\/100|[from] Grassy Terrain\n|-heal|p1b: Heat Man Ran|50\/100|[from] item: Leftovers\n|-sideend|p2: mahameloplatano|move: Tailwind\n|upkeep\n|turn|9\n|inactive|mahameloplatano has 120 seconds left.\n|\n|t:|1700146734\n|move|p1b: Heat Man Ran|Protect|p1b: Heat Man Ran\n|-singleturn|p1b: Heat Man Ran|Protect\n|-curestatus|p2b: Murkrow|slp|[msg]\n|move|p2b: Murkrow|Thunder Wave|p1a: Really Big Boom\n|-status|p1a: Really Big Boom|par\n|move|p2a: Sinistcha|Shadow Ball|p1b: Heat Man Ran\n|-activate|p1b: Heat Man Ran|move: Protect\n|cant|p1a: Really Big Boom|par\n|\n|-weather|none\n|-heal|p1b: Heat Man Ran|56\/100|[from] Grassy Terrain\n|-heal|p1b: Heat Man Ran|63\/100|[from] item: Leftovers\n|-heal|p2a: Sinistcha|43\/100|[from] Grassy Terrain\n|-heal|p1a: Really Big Boom|47\/100 par|[from] Grassy Terrain\n|upkeep\n|turn|10\n|\n|t:|1700146752\n|switch|p1b: More Coal|Torkoal, M|41\/100\n|-weather|SunnyDay|[from] ability: Drought|[of] p1b: More Coal\n|switch|p2a: Greninja|Greninja, M, tera:Poison|100\/100 slp\n|-damage|p2a: Greninja|88\/100 slp|[from] Stealth Rock\n|move|p2b: Murkrow|Thunder Wave|p1b: More Coal\n|-status|p1b: More Coal|par\n|move|p1a: Really Big Boom|U-turn|p2a: Greninja\n|-resisted|p2a: Greninja\n|-damage|p2a: Greninja|68\/100 slp\n|inactive|Isthisnametaked has 120 seconds left.\n|\n|t:|1700146773\n|switch|p1a: Hax Bax|Baxcalibur, F|100\/100|[from] U-turn\n|\n|-weather|SunnyDay|[upkeep]\n|-heal|p2a: Greninja|73\/100 slp|[from] Grassy Terrain\n|-heal|p1b: More Coal|47\/100 par|[from] Grassy Terrain\n|upkeep\n|turn|11\n|inactive|mahameloplatano has 120 seconds left.\n|\n|t:|1700146810\n|move|p2b: Murkrow|Thunder Wave|p1a: Hax Bax\n|-status|p1a: Hax Bax|par\n|cant|p2a: Greninja|slp\n|cant|p1a: Hax Bax|par\n|move|p1b: More Coal|Lava Plume|p2b: Murkrow|[spread] p1a,p2a,p2b\n|-crit|p2b: Murkrow\n|-damage|p1a: Hax Bax|71\/100 par\n|-damage|p2a: Greninja|33\/100 slp\n|-damage|p2b: Murkrow|20\/100\n|-ability|p1a: Hax Bax|Thermal Exchange|boost\n|-boost|p1a: Hax Bax|atk|1\n|\n|-weather|SunnyDay|[upkeep]\n|-heal|p2a: Greninja|39\/100 slp|[from] Grassy Terrain\n|-heal|p1a: Hax Bax|77\/100 par|[from] Grassy Terrain\n|-heal|p1b: More Coal|53\/100 par|[from] Grassy Terrain\n|-fieldend|move: Grassy Terrain\n|upkeep\n|turn|12\n|inactive|mahameloplatano has 120 seconds left.\n|\n|t:|1700146834\n|move|p2b: Murkrow|Tailwind|p2b: Murkrow\n|-sidestart|p2: mahameloplatano|move: Tailwind\n|cant|p2a: Greninja|slp\n|move|p1a: Hax Bax|Icicle Spear|p2a: Greninja\n|-damage|p2a: Greninja|6\/100 slp\n|-damage|p2a: Greninja|0 fnt\n|faint|p2a: Greninja\n|-hitcount|p2: Greninja|2\n|cant|p1b: More Coal|par\n|\n|-weather|SunnyDay|[upkeep]\n|upkeep\n|inactive|mahameloplatano has 120 seconds left.\n|\n|t:|1700146847\n|switch|p2a: Volcarona|Volcarona, F|100\/100\n|-damage|p2a: Volcarona|51\/100|[from] Stealth Rock\n|turn|13\n|\n|t:|1700146863\n|move|p1a: Hax Bax|Protect|p1a: Hax Bax\n|-singleturn|p1a: Hax Bax|Protect\n|move|p2a: Volcarona|Fiery Dance|p1a: Hax Bax\n|-activate|p1a: Hax Bax|move: Protect\n|move|p2b: Murkrow|Foul Play|p1a: Hax Bax\n|-activate|p1a: Hax Bax|move: Protect\n|move|p1b: More Coal|Lava Plume|p2a: Volcarona|[spread] p2a,p2b\n|-activate|p1a: Hax Bax|move: Protect\n|-damage|p2a: Volcarona|25\/100\n|-damage|p2b: Murkrow|0 fnt\n|faint|p2b: Murkrow\n|\n|-weather|SunnyDay|[upkeep]\n|upkeep\n|inactive|mahameloplatano has 120 seconds left.\n|\n|t:|1700146876\n|switch|p2b: Sinistcha|Sinistcha-Masterpiece|43\/100\n|-damage|p2b: Sinistcha|31\/100|[from] Stealth Rock\n|-heal|p2a: Volcarona|49\/100|[from] ability: Hospitality|[of] p2b: Sinistcha\n|turn|14\n|\n|t:|1700146891\n|switch|p1a: Heat Man Ran|Heatran, M|63\/100\n|move|p2a: Volcarona|Fiery Dance|p1a: Heat Man Ran\n|-start|p1a: Heat Man Ran|ability: Flash Fire\n|move|p2b: Sinistcha|Matcha Gotcha|p1a: Heat Man Ran|[spread] p1a,p1b\n|-resisted|p1a: Heat Man Ran\n|-resisted|p1b: More Coal\n|-damage|p1a: Heat Man Ran|56\/100\n|-heal|p2b: Sinistcha|34\/100|[from] drain|[of] p1a: Heat Man Ran\n|-damage|p1b: More Coal|33\/100 par\n|-heal|p2b: Sinistcha|45\/100|[from] drain|[of] p1b: More Coal\n|move|p1b: More Coal|Lava Plume|p2a: Volcarona|[spread] p2a,p2b\n|-immune|p1a: Heat Man Ran|[from] ability: Flash Fire\n|-supereffective|p2b: Sinistcha\n|-damage|p2a: Volcarona|23\/100\n|-damage|p2b: Sinistcha|0 fnt\n|faint|p2b: Sinistcha\n|\n|-weather|SunnyDay|[upkeep]\n|-heal|p1a: Heat Man Ran|62\/100|[from] item: Leftovers\n|upkeep\n|inactive|mahameloplatano has 120 seconds left.\n|\n|t:|1700146910\n|switch|p2b: Oricorio|Oricorio-Pa'u, F|100\/100\n|-damage|p2b: Oricorio|76\/100|[from] Stealth Rock\n|turn|15\n|\n|t:|1700146923\n|move|p2a: Volcarona|Quiver Dance|p2a: Volcarona\n|-boost|p2a: Volcarona|spa|1\n|-boost|p2a: Volcarona|spd|1\n|-boost|p2a: Volcarona|spe|1\n|-activate|p2b: Oricorio|ability: Dancer\n|move|p2b: Oricorio|Quiver Dance|p2b: Oricorio|[from]ability: Dancer\n|-boost|p2b: Oricorio|spa|1\n|-boost|p2b: Oricorio|spd|1\n|-boost|p2b: Oricorio|spe|1\n|move|p2b: Oricorio|Revelation Dance|p1b: More Coal\n|-damage|p1b: More Coal|0 fnt\n|faint|p1b: More Coal\n|move|p1a: Heat Man Ran|Heat Wave|p2b: Oricorio|[spread] p2a,p2b\n|-damage|p2a: Volcarona|0 fnt\n|-damage|p2b: Oricorio|0 fnt\n|faint|p2a: Volcarona\n|faint|p2b: Oricorio\n|\n|win|Isthisnametaked\n|raw|Isthisnametaked's rating: 1200 &rarr; <strong>1228<\/strong><br \/>(+28 for winning)\n|raw|mahameloplatano's rating: 1237 &rarr; <strong>1209<\/strong><br \/>(-28 for losing)\n|l|\u2606mahameloplatano\n","uploadtime":1700146952,"views":8,"p1id":"isthisnametaked","p2id":"mahameloplatano","formatid":"gen9doublesou","rating":1209,"private":0,"password":""}