{"id":"gen9doublesou-1995398158","p1":"Meykekw","p2":"ForgotMyLoginlol","format":"[Gen 9] Doubles OU","log":"|j|\u2606Meykekw\n|j|\u2606ForgotMyLoginlol\n|t:|1700565478\n|gametype|doubles\n|player|p1|Meykekw|dawn|1051\n|player|p2|ForgotMyLoginlol|n|1095\n|teamsize|p1|6\n|teamsize|p2|6\n|gen|9\n|tier|[Gen 9] Doubles OU\n|rated|\n|rule|Species Clause: Limit one of each Pok\u00e9mon\n|rule|OHKO Clause: OHKO moves are banned\n|rule|Evasion Moves Clause: Evasion moves are banned\n|rule|Gravity Sleep Clause: The combination of sleep-inducing moves with imperfect accuracy and Gravity or Gigantamax Orbeetle are banned\n|rule|Endless Battle Clause: Forcing endless battles is banned\n|rule|HP Percentage Mod: HP is shown in percentages\n|clearpoke\n|poke|p1|Chien-Pao|\n|poke|p1|Rillaboom, F|\n|poke|p1|Dragonite, F|\n|poke|p1|Ogerpon-Cornerstone, F|\n|poke|p1|Slowbro, F|\n|poke|p1|Roaring Moon|\n|poke|p2|Tyranitar, M|\n|poke|p2|Dragapult, M|\n|poke|p2|Toxapex, F|\n|poke|p2|Sableye, M|\n|poke|p2|Regieleki|\n|poke|p2|Talonflame, F|\n|teampreview\n|\n|t:|1700565506\n|start\n|switch|p1a: Rillaboom|Rillaboom, F|100\/100\n|switch|p1b: Roaring Moon|Roaring Moon|100\/100\n|switch|p2a: Dragapult|Dragapult, M|100\/100\n|switch|p2b: Sableye|Sableye, M|100\/100\n|-fieldstart|move: Grassy Terrain|[from] ability: Grassy Surge|[of] p1a: Rillaboom\n|-enditem|p1b: Roaring Moon|Booster Energy\n|-activate|p1b: Roaring Moon|ability: Protosynthesis|[fromitem]\n|-start|p1b: Roaring Moon|protosynthesisspe\n|turn|1\n|c|\u2606Meykekw|Yo\n|c|\u2606Meykekw|Are theyre any good stealth rocks and spines setup pokes in ou?\n|inactive|Battle timer is ON: inactive players will automatically lose when time's up. (requested by ForgotMyLoginlol)\n|inactive|Meykekw has 120 seconds left.\n|\n|t:|1700565602\n|-terastallize|p1b: Roaring Moon|Flying\n|move|p2b: Sableye|Trick|p1a: Rillaboom\n|-activate|p2b: Sableye|move: Trick|[of] p1a: Rillaboom\n|-item|p1a: Rillaboom|Toxic Orb|[from] move: Trick\n|-item|p2b: Sableye|Terrain Extender|[from] move: Trick\n|move|p1b: Roaring Moon|Acrobatics|p2a: Dragapult\n|-damage|p2a: Dragapult|16\/100\n|move|p2a: Dragapult|Dragon Dance|p2a: Dragapult\n|-boost|p2a: Dragapult|atk|1\n|-boost|p2a: Dragapult|spe|1\n|move|p1a: Rillaboom|Knock Off|p2a: Dragapult\n|-supereffective|p2a: Dragapult\n|-crit|p2a: Dragapult\n|-damage|p2a: Dragapult|0 fnt\n|-enditem|p2a: Dragapult|Focus Sash|[from] move: Knock Off|[of] p1a: Rillaboom\n|faint|p2a: Dragapult\n|\n|-status|p1a: Rillaboom|tox|[from] item: Toxic Orb\n|upkeep\n|inactive|ForgotMyLoginlol has 120 seconds left.\n|\n|t:|1700565636\n|switch|p2a: Regieleki|Regieleki|100\/100\n|-item|p2a: Regieleki|Air Balloon\n|turn|2\n|\n|t:|1700565648\n|move|p1b: Roaring Moon|Protect|p1b: Roaring Moon\n|-singleturn|p1b: Roaring Moon|Protect\n|move|p2b: Sableye|Disable|p1a: Rillaboom\n|-start|p1a: Rillaboom|Disable|Knock Off\n|move|p2a: Regieleki|Thunderbolt|p1b: Roaring Moon\n|-activate|p1b: Roaring Moon|move: Protect\n|move|p1a: Rillaboom|U-turn|p2a: Regieleki\n|-damage|p2a: Regieleki|50\/100\n|-enditem|p2a: Regieleki|Air Balloon\n|\n|t:|1700565668\n|switch|p1a: Dragonite|Dragonite, F|100\/100|[from] U-turn\n|\n|-heal|p2a: Regieleki|56\/100|[from] Grassy Terrain\n|upkeep\n|turn|3\n|\n|t:|1700565684\n|move|p1a: Dragonite|Extreme Speed|p2a: Regieleki\n|-damage|p2a: Regieleki|0 fnt\n|faint|p2a: Regieleki\n|move|p2b: Sableye|Encore|p1b: Roaring Moon\n|-start|p1b: Roaring Moon|Encore\n|move|p1b: Roaring Moon|Protect|p1b: Roaring Moon\n|-singleturn|p1b: Roaring Moon|Protect\n|\n|upkeep\n|\n|t:|1700565696\n|switch|p2a: Tyranitar|Tyranitar, M|100\/100\n|-weather|Sandstorm|[from] ability: Sand Stream|[of] p2a: Tyranitar\n|turn|4\n|\n|t:|1700565708\n|-end|p1b: Roaring Moon|Protosynthesis|[silent]\n|switch|p1b: Ogerpon|Ogerpon-Cornerstone, F|100\/100\n|switch|p1a: Rillaboom|Rillaboom, F|100\/100 tox\n|move|p2b: Sableye|Trick|p1a: Rillaboom\n|-activate|p2b: Sableye|move: Trick|[of] p1a: Rillaboom\n|-item|p1a: Rillaboom|Terrain Extender|[from] move: Trick\n|-item|p2b: Sableye|Toxic Orb|[from] move: Trick\n|move|p2a: Tyranitar|Rock Slide|p1a: Rillaboom|[spread] p1a,p1b\n|-damage|p1a: Rillaboom|67\/100 tox\n|-damage|p1b: Ogerpon|61\/100\n|\n|-weather|Sandstorm|[upkeep]\n|-damage|p1a: Rillaboom|61\/100 tox|[from] Sandstorm\n|-damage|p2b: Sableye|95\/100|[from] Sandstorm\n|-heal|p1b: Ogerpon|67\/100|[from] Grassy Terrain\n|-heal|p1a: Rillaboom|67\/100 tox|[from] Grassy Terrain\n|-heal|p2b: Sableye|100\/100|[from] Grassy Terrain\n|-damage|p1a: Rillaboom|61\/100 tox|[from] psn\n|-status|p2b: Sableye|tox|[from] item: Toxic Orb\n|upkeep\n|turn|5\n|\n|t:|1700565736\n|move|p2b: Sableye|Trick||[still]\n|-fail|p2b: Sableye\n|move|p1b: Ogerpon|Swords Dance|p1b: Ogerpon\n|-boost|p1b: Ogerpon|atk|2\n|move|p1a: Rillaboom|Drain Punch|p2a: Tyranitar\n|-supereffective|p2a: Tyranitar\n|-damage|p2a: Tyranitar|5\/100\n|-heal|p1a: Rillaboom|100\/100 tox|[from] drain|[of] p2a: Tyranitar\n|move|p2a: Tyranitar|Knock Off|p1b: Ogerpon\n|-damage|p1b: Ogerpon|14\/100\n|\n|-weather|Sandstorm|[upkeep]\n|-damage|p1a: Rillaboom|94\/100 tox|[from] Sandstorm\n|-damage|p2b: Sableye|95\/100 tox|[from] Sandstorm\n|-heal|p1b: Ogerpon|20\/100|[from] Grassy Terrain\n|-heal|p1a: Rillaboom|100\/100 tox|[from] Grassy Terrain\n|-heal|p2a: Tyranitar|12\/100|[from] Grassy Terrain\n|-heal|p2a: Tyranitar|18\/100|[from] item: Leftovers\n|-heal|p2b: Sableye|100\/100 tox|[from] Grassy Terrain\n|-damage|p1a: Rillaboom|88\/100 tox|[from] psn\n|-damage|p2b: Sableye|95\/100 tox|[from] psn\n|upkeep\n|turn|6\n|inactive|ForgotMyLoginlol has 120 seconds left.\n|\n|t:|1700565790\n|move|p2b: Sableye|Disable|p1a: Rillaboom\n|-start|p1a: Rillaboom|Disable|Drain Punch\n|move|p1b: Ogerpon|Ivy Cudgel|p2b: Sableye|[anim] Ivy Cudgel Rock\n|-damage|p2b: Sableye|0 fnt\n|faint|p2b: Sableye\n|move|p1a: Rillaboom|U-turn|p2a: Tyranitar\n|-supereffective|p2a: Tyranitar\n|-damage|p2a: Tyranitar|0 fnt\n|faint|p2a: Tyranitar\n|\n|t:|1700565801\n|switch|p1a: Chien-Pao|Chien-Pao|100\/100|[from] U-turn\n|-ability|p1a: Chien-Pao|Sword of Ruin\n|\n|-weather|Sandstorm|[upkeep]\n|-damage|p1a: Chien-Pao|94\/100|[from] Sandstorm\n|-heal|p1b: Ogerpon|26\/100|[from] Grassy Terrain\n|-heal|p1a: Chien-Pao|100\/100|[from] Grassy Terrain\n|upkeep\n|-message|ForgotMyLoginlol forfeited.\n|\n|win|Meykekw\n|raw|Meykekw's rating: 1051 &rarr; <strong>1087<\/strong><br \/>(+36 for winning)\n|raw|ForgotMyLoginlol's rating: 1095 &rarr; <strong>1068<\/strong><br \/>(-27 for losing)\n|l|\u2606ForgotMyLoginlol\n","uploadtime":1700565814,"views":9,"p1id":"meykekw","p2id":"forgotmyloginlol","formatid":"gen9doublesou","rating":1068,"private":0,"password":""}