{"id":"gen9doublesou-1996576995","p1":"AmazingShroomish","p2":"5e76cr56gyhh","format":"[Gen 9] Doubles OU","log":"|j|\u2606AmazingShroomish\n|j|\u26065e76cr56gyhh\n|t:|1700696284\n|gametype|doubles\n|player|p1|AmazingShroomish|266|1070\n|player|p2|5e76cr56gyhh|biker-gen4|1000\n|teamsize|p1|6\n|teamsize|p2|6\n|gen|9\n|tier|[Gen 9] Doubles OU\n|rated|\n|rule|Species Clause: Limit one of each Pok\u00e9mon\n|rule|OHKO Clause: OHKO moves are banned\n|rule|Evasion Moves Clause: Evasion moves are banned\n|rule|Gravity Sleep Clause: The combination of sleep-inducing moves with imperfect accuracy and Gravity or Gigantamax Orbeetle are banned\n|rule|Endless Battle Clause: Forcing endless battles is banned\n|rule|HP Percentage Mod: HP is shown in percentages\n|clearpoke\n|poke|p1|Ursaluna, F|\n|poke|p1|Tauros-Paldea-Blaze, M|\n|poke|p1|Scream Tail|\n|poke|p1|Indeedee-F, F|\n|poke|p1|Torkoal, F|\n|poke|p1|Kingambit, M|\n|poke|p2|Staraptor, F|\n|poke|p2|Oranguru, F|\n|poke|p2|Torkoal, F|\n|poke|p2|Sylveon, F|\n|poke|p2|Wo-Chien|\n|poke|p2|Chi-Yu|\n|teampreview\n|inactive|Battle timer is ON: inactive players will automatically lose when time's up. (requested by AmazingShroomish)\n|\n|t:|1700696314\n|start\n|switch|p1a: Scream Tail|Scream Tail|100\/100\n|switch|p1b: Indeedee|Indeedee-F, F|100\/100\n|switch|p2a: Staraptor|Staraptor, F|100\/100\n|switch|p2b: Oranguru|Oranguru, F|100\/100\n|-ability|p2a: Staraptor|Intimidate|boost\n|-unboost|p1a: Scream Tail|atk|1\n|-unboost|p1b: Indeedee|atk|1\n|-fieldstart|move: Psychic Terrain|[from] ability: Psychic Surge|[of] p1b: Indeedee\n|turn|1\n|\n|t:|1700696334\n|move|p2a: Staraptor|Final Gambit|p1a: Scream Tail\n|-damage|p1a: Scream Tail|17\/100\n|faint|p2a: Staraptor\n|move|p1a: Scream Tail|Calm Mind|p1a: Scream Tail\n|-boost|p1a: Scream Tail|spa|1\n|-boost|p1a: Scream Tail|spd|1\n|move|p1b: Indeedee|Psychic|p2b: Oranguru\n|-resisted|p2b: Oranguru\n|-damage|p2b: Oranguru|88\/100\n|move|p2b: Oranguru|Trick Room|p2b: Oranguru\n|-fieldstart|move: Trick Room|[of] p2b: Oranguru\n|\n|upkeep\n|\n|t:|1700696339\n|switch|p2a: Sylveon|Sylveon, F|100\/100\n|turn|2\n|inactive|AmazingShroomish has 120 seconds left.\n|\n|t:|1700696372\n|move|p2a: Sylveon|Hyper Voice|p1a: Scream Tail|[spread] p1a,p1b\n|-damage|p1a: Scream Tail|0 fnt\n|-damage|p1b: Indeedee|59\/100\n|faint|p1a: Scream Tail\n|-end|p1a: Scream Tail|Protosynthesis|[silent]\n|-enditem|p2a: Sylveon|Throat Spray\n|-boost|p2a: Sylveon|spa|1|[from] item: Throat Spray\n|move|p2b: Oranguru|Instruct|p2a: Sylveon\n|-singleturn|p2a: Sylveon|move: Instruct|[of] p2b: Oranguru\n|move|p2a: Sylveon|Hyper Voice|p1b: Indeedee\n|-damage|p1b: Indeedee|0 fnt\n|faint|p1b: Indeedee\n|\n|upkeep\n|inactive|AmazingShroomish has 120 seconds left.\n|\n|t:|1700696405\n|switch|p1b: Tauros|Tauros-Paldea-Blaze, M|100\/100\n|switch|p1a: Torkoal|Torkoal, F, shiny|100\/100\n|-weather|SunnyDay|[from] ability: Drought|[of] p1a: Torkoal\n|-ability|p1b: Tauros|Intimidate|boost\n|-unboost|p2a: Sylveon|atk|1\n|-fail|p2b: Oranguru|unboost|Attack|[from] ability: Inner Focus|[of] p2b: Oranguru\n|turn|3\n|\n|t:|1700696423\n|-terastallize|p2a: Sylveon|Fire\n|move|p1b: Tauros|Protect|p1b: Tauros\n|-singleturn|p1b: Tauros|Protect\n|move|p1a: Torkoal|Yawn|p2b: Oranguru\n|-start|p2b: Oranguru|move: Yawn|[of] p1a: Torkoal\n|move|p2a: Sylveon|Hyper Voice|p1a: Torkoal|[spread] p1a\n|-activate|p1b: Tauros|move: Protect\n|-resisted|p1a: Torkoal\n|-damage|p1a: Torkoal|58\/100\n|move|p2b: Oranguru|Instruct|p2a: Sylveon\n|-singleturn|p2a: Sylveon|move: Instruct|[of] p2b: Oranguru\n|move|p2a: Sylveon|Hyper Voice|p1a: Torkoal|[spread] p1a\n|-activate|p1b: Tauros|move: Protect\n|-resisted|p1a: Torkoal\n|-damage|p1a: Torkoal|15\/100\n|\n|-weather|SunnyDay|[upkeep]\n|upkeep\n|turn|4\n|inactive|AmazingShroomish has 120 seconds left.\n|\n|t:|1700696458\n|switch|p2b: Chi-Yu|Chi-Yu|100\/100\n|-ability|p2b: Chi-Yu|Beads of Ruin\n|move|p1a: Torkoal|Yawn|p2a: Sylveon\n|-start|p2a: Sylveon|move: Yawn|[of] p1a: Torkoal\n|move|p2a: Sylveon|Hyper Voice|p1b: Tauros|[spread] p1a,p1b\n|-resisted|p1a: Torkoal\n|-damage|p1a: Torkoal|0 fnt\n|-damage|p1b: Tauros|0 fnt\n|faint|p1a: Torkoal\n|faint|p1b: Tauros\n|\n|-weather|SunnyDay|[upkeep]\n|upkeep\n|\n|t:|1700696471\n|switch|p1a: Ursaluna|Ursaluna, F, shiny|100\/100\n|switch|p1b: Kingambit|Kingambit, M|100\/100\n|-activate|p1b: Kingambit|ability: Supreme Overlord\n|-start|p1b: Kingambit|fallen4|[silent]\n|turn|5\n|inactive|5e76cr56gyhh has 120 seconds left.\n|\n|t:|1700696502\n|switch|p2a: Wo-Chien|Wo-Chien|100\/100\n|-ability|p2a: Wo-Chien|Tablets of Ruin\n|move|p1b: Kingambit|Protect|p1b: Kingambit\n|-singleturn|p1b: Kingambit|Protect\n|move|p1a: Ursaluna|Earthquake|p2b: Chi-Yu|[spread] p2a,p2b\n|-activate|p1b: Kingambit|move: Protect\n|-resisted|p2a: Wo-Chien\n|-supereffective|p2b: Chi-Yu\n|-crit|p2b: Chi-Yu\n|-damage|p2a: Wo-Chien|84\/100\n|-damage|p2b: Chi-Yu|0 fnt\n|faint|p2b: Chi-Yu\n|\n|-weather|SunnyDay|[upkeep]\n|-heal|p2a: Wo-Chien|90\/100|[from] item: Leftovers\n|-fieldend|move: Trick Room\n|-fieldend|move: Psychic Terrain\n|-status|p1a: Ursaluna|brn|[from] item: Flame Orb\n|upkeep\n|inactive|5e76cr56gyhh has 120 seconds left.\n|\n|t:|1700696512\n|switch|p2b: Sylveon|Sylveon, F, tera:Fire|100\/100\n|turn|6\n|\n|t:|1700696526\n|-terastallize|p1b: Kingambit|Fairy\n|move|p1b: Kingambit|Tera Blast|p2a: Wo-Chien|[anim] Tera Blast Fairy\n|-supereffective|p2a: Wo-Chien\n|-damage|p2a: Wo-Chien|0 fnt\n|faint|p2a: Wo-Chien\n|-damage|p1b: Kingambit|91\/100|[from] item: Life Orb\n|move|p1a: Ursaluna|Earthquake|p2b: Sylveon|[spread] p1b,p2b\n|-supereffective|p2b: Sylveon\n|-damage|p1b: Kingambit|39\/100\n|-damage|p2b: Sylveon|0 fnt\n|faint|p2b: Sylveon\n|\n|-weather|SunnyDay|[upkeep]\n|-damage|p1a: Ursaluna|94\/100 brn|[from] brn\n|upkeep\n|inactive|5e76cr56gyhh has 120 seconds left.\n|\n|t:|1700696549\n|switch|p2a: Torkoal|Torkoal, F|100\/100\n|switch|p2b: Oranguru|Oranguru, F|88\/100\n|turn|7\n|\n|t:|1700696557\n|move|p1b: Kingambit|Protect|p1b: Kingambit\n|-singleturn|p1b: Kingambit|Protect\n|move|p1a: Ursaluna|Earthquake|p2b: Oranguru|[spread] p2a,p2b\n|-activate|p1b: Kingambit|move: Protect\n|-supereffective|p2a: Torkoal\n|-damage|p2a: Torkoal|0 fnt\n|-damage|p2b: Oranguru|28\/100\n|faint|p2a: Torkoal\n|move|p2b: Oranguru|Trick Room|p2b: Oranguru\n|-fieldstart|move: Trick Room|[of] p2b: Oranguru\n|\n|-weather|SunnyDay|[upkeep]\n|-damage|p1a: Ursaluna|88\/100 brn|[from] brn\n|upkeep\n|turn|8\n|-message|5e76cr56gyhh forfeited.\n|\n|win|AmazingShroomish\n|raw|AmazingShroomish's rating: 1070 &rarr; <strong>1098<\/strong><br \/>(+28 for winning)\n|raw|5e76cr56gyhh's rating: 1054 &rarr; <strong>1037<\/strong><br \/>(-17 for losing)\n|l|\u26065e76cr56gyhh\n|c|\u2606AmazingShroomish|gg\n","uploadtime":1700696873,"views":4,"p1id":"amazingshroomish","p2id":"5e76cr56gyhh","formatid":"gen9doublesou","rating":1037,"private":0,"password":""}