{"id":"gen9doublesou-1992953475","p1":"BiggsTheRamsFan","p2":"Dumyun","format":"[Gen 9] Doubles OU","log":"|j|\u2606BiggsTheRamsFan\n|j|\u2606Dumyun\n|t:|1700249864\n|gametype|doubles\n|player|p1|BiggsTheRamsFan|striker|1149\n|player|p2|Dumyun|schoolkidf-gen4|1167\n|teamsize|p1|6\n|teamsize|p2|6\n|gen|9\n|tier|[Gen 9] Doubles OU\n|rated|\n|rule|Species Clause: Limit one of each Pok\u00e9mon\n|rule|OHKO Clause: OHKO moves are banned\n|rule|Evasion Moves Clause: Evasion moves are banned\n|rule|Gravity Sleep Clause: The combination of sleep-inducing moves with imperfect accuracy and Gravity or Gigantamax Orbeetle are banned\n|rule|Endless Battle Clause: Forcing endless battles is banned\n|rule|HP Percentage Mod: HP is shown in percentages\n|clearpoke\n|poke|p1|Bellibolt, F|\n|poke|p1|Pachirisu, M|\n|poke|p1|Pincurchin, M|\n|poke|p1|Gastrodon, M|\n|poke|p1|Pelipper, M|\n|poke|p1|Chansey, F|\n|poke|p2|Ogerpon-Hearthflame, F|\n|poke|p2|Torkoal, F|\n|poke|p2|Indeedee-F, F|\n|poke|p2|Grimmsnarl, M|\n|poke|p2|Lilligant-Hisui, F|\n|poke|p2|Walking Wake|\n|teampreview\n|inactive|Battle timer is ON: inactive players will automatically lose when time's up. (requested by BiggsTheRamsFan)\n|\n|t:|1700249879\n|start\n|switch|p1a: Bellibolt|Bellibolt, F|100\/100\n|switch|p1b: Pincurchin|Pincurchin, M|100\/100\n|switch|p2a: Great Bay|Torkoal, F|100\/100\n|switch|p2b: Grimmsnarl|Grimmsnarl, M|100\/100\n|-weather|SunnyDay|[from] ability: Drought|[of] p2a: Great Bay\n|-fieldstart|move: Electric Terrain|[from] ability: Electric Surge|[of] p1b: Pincurchin\n|turn|1\n|\n|t:|1700249888\n|switch|p1b: Pelipper|Pelipper, M|100\/100\n|-weather|RainDance|[from] ability: Drizzle|[of] p1b: Pelipper\n|move|p2b: Grimmsnarl|Fake Out|p1b: Pelipper\n|-damage|p1b: Pelipper|92\/100\n|move|p1a: Bellibolt|Thunder|p2a: Great Bay\n|-damage|p2a: Great Bay|17\/100\n|move|p2a: Great Bay|Stealth Rock|p1b: Pelipper\n|-sidestart|p1: BiggsTheRamsFan|move: Stealth Rock\n|\n|-weather|RainDance|[upkeep]\n|-heal|p1b: Pelipper|99\/100|[from] item: Leftovers\n|upkeep\n|turn|2\n|\n|t:|1700249907\n|switch|p2a: Anju|Indeedee-F, F|100\/100\n|-terastallize|p1b: Pelipper|Ground\n|move|p1b: Pelipper|Wide Guard|p1b: Pelipper\n|-singleturn|p1b: Pelipper|Wide Guard\n|move|p2b: Grimmsnarl|Thunder Wave|p1b: Pelipper\n|-immune|p1b: Pelipper\n|move|p1a: Bellibolt|Parabolic Charge|p2a: Anju|[spread] p2a,p2b\n|-activate|p1b: Pelipper|move: Wide Guard\n|-damage|p2a: Anju|82\/100\n|-damage|p2b: Grimmsnarl|81\/100\n|\n|-weather|RainDance|[upkeep]\n|-heal|p1b: Pelipper|100\/100|[from] item: Leftovers\n|upkeep\n|turn|3\n|\n|t:|1700249926\n|move|p2b: Grimmsnarl|Parting Shot|p1a: Bellibolt\n|-unboost|p1a: Bellibolt|atk|1\n|-unboost|p1a: Bellibolt|spa|1\n|\n|t:|1700249930\n|switch|p2b: Great Bay|Torkoal, F|17\/100|[from] Parting Shot\n|-weather|SunnyDay|[from] ability: Drought|[of] p2b: Great Bay\n|move|p2a: Anju|Substitute|p2a: Anju\n|-start|p2a: Anju|Substitute\n|-damage|p2a: Anju|57\/100\n|move|p1b: Pelipper|U-turn|p1a: Bellibolt\n|-damage|p1a: Bellibolt|95\/100\n|-start|p1a: Bellibolt|Charge|U-turn|[from] ability: Electromorphosis\n|\n|t:|1700249942\n|switch|p1b: Pachirisu|Pachirisu, M|100\/100|[from] U-turn\n|-damage|p1b: Pachirisu|88\/100|[from] Stealth Rock\n|move|p1a: Bellibolt|Parabolic Charge|p2a: Anju|[spread] p2a,p2b\n|-heal|p1b: Pachirisu|100\/100|[from] ability: Volt Absorb|[of] p1a: Bellibolt\n|-activate|p2a: Anju|move: Substitute|[damage]\n|-heal|p1a: Bellibolt|100\/100|[from] drain|[of] p2a: Anju\n|-damage|p2b: Great Bay|0 fnt\n|faint|p2b: Great Bay\n|-end|p1a: Bellibolt|Charge|[silent]\n|\n|-weather|SunnyDay|[upkeep]\n|upkeep\n|\n|t:|1700249958\n|switch|p2b: Walking Wake|Walking Wake|100\/100\n|-activate|p2b: Walking Wake|ability: Protosynthesis\n|-start|p2b: Walking Wake|protosynthesisspa\n|turn|4\n|\n|t:|1700249972\n|switch|p1b: Pelipper|Pelipper, M, tera:Ground|100\/100\n|-damage|p1b: Pelipper|94\/100|[from] Stealth Rock\n|-weather|RainDance|[from] ability: Drizzle|[of] p1b: Pelipper\n|-end|p2b: Walking Wake|Protosynthesis\n|move|p2a: Anju|Follow Me|p2a: Anju\n|-singleturn|p2a: Anju|move: Follow Me\n|move|p2b: Walking Wake|Hydro Steam|p1a: Bellibolt\n|-damage|p1a: Bellibolt|36\/100\n|-start|p1a: Bellibolt|Charge|Hydro Steam|[from] ability: Electromorphosis\n|move|p1a: Bellibolt|Thunder|p2a: Anju\n|-end|p2a: Anju|Substitute\n|-end|p1a: Bellibolt|Charge|[silent]\n|\n|-weather|RainDance|[upkeep]\n|-heal|p1b: Pelipper|100\/100|[from] item: Leftovers\n|-heal|p1a: Bellibolt|42\/100|[from] item: Leftovers\n|upkeep\n|turn|5\n|inactive|BiggsTheRamsFan has 120 seconds left.\n|\n|t:|1700250012\n|switch|p1b: Chansey|Chansey, F|100\/100\n|-damage|p1b: Chansey|88\/100|[from] Stealth Rock\n|switch|p1a: Gastrodon|Gastrodon, M|100\/100\n|-damage|p1a: Gastrodon|94\/100|[from] Stealth Rock\n|move|p2a: Anju|Follow Me|p2a: Anju\n|-singleturn|p2a: Anju|move: Follow Me\n|move|p2b: Walking Wake|Hydro Steam|p1a: Gastrodon\n|-activate|p1a: Gastrodon|ability: Storm Drain\n|-ability|p1a: Gastrodon|Storm Drain|boost\n|-boost|p1a: Gastrodon|spa|1\n|\n|-weather|RainDance|[upkeep]\n|-heal|p1a: Gastrodon|100\/100|[from] item: Leftovers\n|upkeep\n|turn|6\n|inactive|BiggsTheRamsFan has 120 seconds left.\n|\n|t:|1700250036\n|move|p2a: Anju|Follow Me|p2a: Anju\n|-singleturn|p2a: Anju|move: Follow Me\n|move|p2b: Walking Wake|Sunny Day|p2b: Walking Wake\n|-weather|SunnyDay\n|-activate|p2b: Walking Wake|ability: Protosynthesis\n|-start|p2b: Walking Wake|protosynthesisspa\n|move|p1b: Chansey|Seismic Toss|p2a: Anju\n|-damage|p2a: Anju|28\/100\n|-enditem|p2a: Anju|Sitrus Berry|[eat]\n|-heal|p2a: Anju|53\/100|[from] item: Sitrus Berry\n|move|p1a: Gastrodon|Earth Power|p2a: Anju\n|-damage|p2a: Anju|20\/100\n|\n|-weather|SunnyDay|[upkeep]\n|upkeep\n|turn|7\n|\n|t:|1700250053\n|switch|p2a: Lilligant|Lilligant-Hisui, F|100\/100\n|switch|p1b: Pelipper|Pelipper, M, tera:Ground|100\/100\n|-damage|p1b: Pelipper|94\/100|[from] Stealth Rock\n|-weather|RainDance|[from] ability: Drizzle|[of] p1b: Pelipper\n|-end|p2b: Walking Wake|Protosynthesis\n|move|p2b: Walking Wake|Dragon Pulse|p1a: Gastrodon\n|-damage|p1a: Gastrodon|70\/100\n|move|p1a: Gastrodon|Muddy Water|p2b: Walking Wake|[spread] p2a,p2b\n|-resisted|p2a: Lilligant\n|-crit|p2a: Lilligant\n|-resisted|p2b: Walking Wake\n|-damage|p2a: Lilligant|44\/100\n|-damage|p2b: Walking Wake|85\/100\n|\n|-weather|RainDance|[upkeep]\n|-heal|p2b: Walking Wake|92\/100|[from] item: Leftovers\n|-heal|p1b: Pelipper|100\/100|[from] item: Leftovers\n|-heal|p1a: Gastrodon|76\/100|[from] item: Leftovers\n|upkeep\n|turn|8\n|inactive|BiggsTheRamsFan has 120 seconds left.\n|c|\u2606Dumyun|Watch out\u2026\n|\n|t:|1700250096\n|switch|p1b: Pachirisu|Pachirisu, M|100\/100\n|-damage|p1b: Pachirisu|88\/100|[from] Stealth Rock\n|move|p2b: Walking Wake|Sunny Day|p2b: Walking Wake\n|-weather|SunnyDay\n|-activate|p2b: Walking Wake|ability: Protosynthesis\n|-start|p2b: Walking Wake|protosynthesisspa\n|move|p2a: Lilligant|Solar Blade||[still]\n|-prepare|p2a: Lilligant|Solar Blade\n|-anim|p2a: Lilligant|Solar Blade|p1a: Gastrodon\n|-supereffective|p1a: Gastrodon\n|-damage|p1a: Gastrodon|0 fnt\n|faint|p1a: Gastrodon\n|\n|-weather|SunnyDay|[upkeep]\n|-heal|p2b: Walking Wake|98\/100|[from] item: Leftovers\n|-fieldend|move: Electric Terrain\n|upkeep\n|inactive|BiggsTheRamsFan has 90 seconds left.\n|\n|t:|1700250121\n|switch|p1a: Bellibolt|Bellibolt, F|42\/100\n|-damage|p1a: Bellibolt|30\/100|[from] Stealth Rock\n|turn|9\n|\n|t:|1700250133\n|move|p1b: Pachirisu|Follow Me|p1b: Pachirisu\n|-singleturn|p1b: Pachirisu|move: Follow Me\n|move|p2a: Lilligant|Solar Blade||[still]\n|-prepare|p2a: Lilligant|Solar Blade\n|-anim|p2a: Lilligant|Solar Blade|p1b: Pachirisu\n|-damage|p1b: Pachirisu|21\/100\n|-enditem|p1b: Pachirisu|Sitrus Berry|[eat]\n|-heal|p1b: Pachirisu|46\/100|[from] item: Sitrus Berry\n|move|p2b: Walking Wake|Hydro Steam|p1b: Pachirisu\n|-damage|p1b: Pachirisu|0 fnt\n|faint|p1b: Pachirisu\n|move|p1a: Bellibolt|Parabolic Charge|p2b: Walking Wake|[spread] p2a,p2b\n|-resisted|p2a: Lilligant\n|-damage|p2a: Lilligant|29\/100\n|-heal|p1a: Bellibolt|35\/100|[from] drain|[of] p2a: Lilligant\n|-damage|p2b: Walking Wake|73\/100\n|-heal|p1a: Bellibolt|46\/100|[from] drain|[of] p2b: Walking Wake\n|\n|-weather|SunnyDay|[upkeep]\n|-heal|p2b: Walking Wake|79\/100|[from] item: Leftovers\n|-heal|p1a: Bellibolt|52\/100|[from] item: Leftovers\n|upkeep\n|\n|t:|1700250157\n|switch|p1b: Pincurchin|Pincurchin, M|100\/100\n|-damage|p1b: Pincurchin|88\/100|[from] Stealth Rock\n|-fieldstart|move: Electric Terrain|[from] ability: Electric Surge|[of] p1b: Pincurchin\n|turn|10\n|\n|t:|1700250169\n|switch|p1b: Pelipper|Pelipper, M, tera:Ground|100\/100\n|-damage|p1b: Pelipper|94\/100|[from] Stealth Rock\n|-weather|RainDance|[from] ability: Drizzle|[of] p1b: Pelipper\n|-end|p2b: Walking Wake|Protosynthesis\n|move|p2b: Walking Wake|Hydro Steam|p1a: Bellibolt\n|-damage|p1a: Bellibolt|0 fnt\n|faint|p1a: Bellibolt\n|move|p2a: Lilligant|Ice Spinner|p1b: Pelipper\n|-supereffective|p1b: Pelipper\n|-damage|p1b: Pelipper|52\/100\n|-fieldend|move: Electric Terrain\n|\n|-weather|RainDance|[upkeep]\n|-heal|p2b: Walking Wake|85\/100|[from] item: Leftovers\n|-heal|p1b: Pelipper|59\/100|[from] item: Leftovers\n|upkeep\n|-message|BiggsTheRamsFan forfeited.\n|\n|win|Dumyun\n|raw|BiggsTheRamsFan's rating: 1149 &rarr; <strong>1125<\/strong><br \/>(-24 for losing)\n|raw|Dumyun's rating: 1167 &rarr; <strong>1191<\/strong><br \/>(+24 for winning)\n|l|\u2606BiggsTheRamsFan\n|l|\u2606Dumyun\n|j|\u2606Dumyun\n|player|p2|Dumyun|schoolkidf-gen4\n|l|\u2606Dumyun\n|player|p2|\n|j|\u2606Dumyun\n|player|p2|Dumyun|schoolkidf-gen4\n","uploadtime":1700250445,"views":7,"p1id":"biggstheramsfan","p2id":"dumyun","formatid":"gen9doublesou","rating":1125,"private":0,"password":""}