{"id":"gen9doublesou-1982820731","p1":"GymLeaderNatasha","p2":"Bluesnowflakes","format":"[Gen 9] Doubles OU","log":"|j|\u2606GymLeaderNatasha\n|j|\u2606Bluesnowflakes\n|t:|1699048136\n|gametype|doubles\n|player|p1|GymLeaderNatasha|265|1164\n|player|p2|Bluesnowflakes|waitress|1091\n|teamsize|p1|6\n|teamsize|p2|6\n|gen|9\n|tier|[Gen 9] Doubles OU\n|rated|\n|rule|Species Clause: Limit one of each Pok\u00e9mon\n|rule|OHKO Clause: OHKO moves are banned\n|rule|Evasion Moves Clause: Evasion moves are banned\n|rule|Gravity Sleep Clause: The combination of sleep-inducing moves with imperfect accuracy and Gravity or Gigantamax Orbeetle are banned\n|rule|Endless Battle Clause: Forcing endless battles is banned\n|rule|HP Percentage Mod: HP is shown in percentages\n|clearpoke\n|poke|p1|Sinistcha|\n|poke|p1|Ninetales-Alola, F|\n|poke|p1|Iron Bundle|\n|poke|p1|Iron Hands|\n|poke|p1|Volcarona, M|\n|poke|p1|Kommo-o, F|\n|poke|p2|Sinistcha-Masterpiece|\n|poke|p2|Ursaluna-Bloodmoon, M|\n|poke|p2|Basculegion-F, F|\n|poke|p2|Clefairy, M|\n|poke|p2|Volcarona, M|\n|poke|p2|Goodra-Hisui, M|\n|teampreview\n|\n|t:|1699048157\n|start\n|switch|p1a: Ninetales|Ninetales-Alola, F|100\/100\n|switch|p1b: Iron Hands|Iron Hands|100\/100\n|switch|p2a: Clefairy|Clefairy, M|100\/100\n|switch|p2b: Ursaluna|Ursaluna-Bloodmoon, M|100\/100\n|-weather|Snow|[from] ability: Snow Warning|[of] p1a: Ninetales\n|turn|1\n|\n|t:|1699048173\n|move|p1b: Iron Hands|Fake Out|p2b: Ursaluna\n|-damage|p2b: Ursaluna|94\/100\n|move|p2a: Clefairy|Follow Me|p2a: Clefairy\n|-singleturn|p2a: Clefairy|move: Follow Me\n|move|p1a: Ninetales|Aurora Veil|p1a: Ninetales\n|-sidestart|p1: GymLeaderNatasha|move: Aurora Veil\n|cant|p2b: Ursaluna|flinch\n|\n|-weather|Snow|[upkeep]\n|upkeep\n|turn|2\n|\n|t:|1699048190\n|move|p1a: Ninetales|Blizzard|p2a: Clefairy|[spread] p2a,p2b\n|-supereffective|p2b: Ursaluna\n|-damage|p2a: Clefairy|81\/100\n|-damage|p2b: Ursaluna|49\/100\n|move|p1b: Iron Hands|Heavy Slam|p2a: Clefairy\n|-supereffective|p2a: Clefairy\n|-damage|p2a: Clefairy|0 fnt\n|faint|p2a: Clefairy\n|move|p2b: Ursaluna|Blood Moon|p1b: Iron Hands\n|-damage|p1b: Iron Hands|69\/100\n|-damage|p2b: Ursaluna|39\/100|[from] item: Life Orb\n|\n|-weather|Snow|[upkeep]\n|upkeep\n|\n|t:|1699048200\n|switch|p2a: Sinistcha|Sinistcha-Masterpiece|100\/100\n|-heal|p2b: Ursaluna|64\/100|[from] ability: Hospitality|[of] p2a: Sinistcha\n|turn|3\n|\n|t:|1699048213\n|move|p1a: Ninetales|Blizzard|p2b: Ursaluna|[spread] p2a,p2b\n|-supereffective|p2a: Sinistcha\n|-supereffective|p2b: Ursaluna\n|-damage|p2a: Sinistcha|46\/100\n|-damage|p2b: Ursaluna|0 fnt\n|faint|p2b: Ursaluna\n|move|p2a: Sinistcha|Strength Sap|p1b: Iron Hands\n|-unboost|p1b: Iron Hands|atk|1\n|-heal|p2a: Sinistcha|100\/100\n|move|p1b: Iron Hands|Drain Punch|p2a: Sinistcha\n|-immune|p2a: Sinistcha\n|\n|-weather|Snow|[upkeep]\n|upkeep\n|\n|t:|1699048221\n|switch|p2b: Volcarona|Volcarona, M, shiny|100\/100\n|turn|4\n|\n|t:|1699048257\n|-end|p1b: Iron Hands|Quark Drive|[silent]\n|switch|p1b: Iron Bundle|Iron Bundle|100\/100\n|-enditem|p1b: Iron Bundle|Booster Energy\n|-activate|p1b: Iron Bundle|ability: Quark Drive|[fromitem]\n|-start|p1b: Iron Bundle|quarkdrivespe\n|move|p1a: Ninetales|Protect|p1a: Ninetales\n|-singleturn|p1a: Ninetales|Protect\n|move|p2b: Volcarona|Quiver Dance|p2b: Volcarona\n|-boost|p2b: Volcarona|spa|1\n|-boost|p2b: Volcarona|spd|1\n|-boost|p2b: Volcarona|spe|1\n|move|p2a: Sinistcha|Matcha Gotcha|p1b: Iron Bundle|[spread] p1b\n|-activate|p1a: Ninetales|move: Protect\n|-supereffective|p1b: Iron Bundle\n|-damage|p1b: Iron Bundle|50\/100\n|\n|-weather|Snow|[upkeep]\n|upkeep\n|turn|5\n|\n|t:|1699048284\n|move|p1b: Iron Bundle|Hydro Pump|p2b: Volcarona\n|-supereffective|p2b: Volcarona\n|-damage|p2b: Volcarona|29\/100\n|move|p2b: Volcarona|Quiver Dance|p2b: Volcarona\n|-boost|p2b: Volcarona|spa|1\n|-boost|p2b: Volcarona|spd|1\n|-boost|p2b: Volcarona|spe|1\n|move|p1a: Ninetales|Blizzard|p2a: Sinistcha|[spread] p2a,p2b\n|-supereffective|p2a: Sinistcha\n|-resisted|p2b: Volcarona\n|-damage|p2a: Sinistcha|41\/100\n|-damage|p2b: Volcarona|22\/100\n|move|p2a: Sinistcha|Matcha Gotcha|p1b: Iron Bundle|[spread] p1b\n|-miss|p2a: Sinistcha|p1a: Ninetales\n|-supereffective|p1b: Iron Bundle\n|-damage|p1b: Iron Bundle|0 fnt\n|-heal|p2a: Sinistcha|64\/100|[from] drain|[of] p1b: Iron Bundle\n|faint|p1b: Iron Bundle\n|-end|p1b: Iron Bundle|Quark Drive|[silent]\n|\n|-weather|none\n|-sideend|p1: GymLeaderNatasha|move: Aurora Veil\n|upkeep\n|\n|t:|1699048311\n|switch|p1b: Kommo-o|Kommo-o, F|100\/100\n|turn|6\n|\n|t:|1699048344\n|switch|p1a: Iron Hands|Iron Hands|69\/100\n|move|p2a: Sinistcha|Rage Powder|p2a: Sinistcha\n|-singleturn|p2a: Sinistcha|move: Rage Powder\n|move|p2b: Volcarona|Fiery Dance|p1a: Iron Hands\n|-damage|p1a: Iron Hands|15\/100\n|move|p1b: Kommo-o|Clanging Scales|p2b: Volcarona|[spread] p2a,p2b\n|-damage|p2a: Sinistcha|26\/100\n|-damage|p2b: Volcarona|2\/100\n|-unboost|p1b: Kommo-o|def|1\n|-enditem|p1b: Kommo-o|Throat Spray\n|-boost|p1b: Kommo-o|spa|1|[from] item: Throat Spray\n|\n|upkeep\n|turn|7\n|\n|t:|1699048364\n|move|p1a: Iron Hands|Fake Out|p2b: Volcarona\n|-damage|p2b: Volcarona|0 fnt\n|-status|p1a: Iron Hands|brn|[from] ability: Flame Body|[of] p2b: Volcarona\n|faint|p2b: Volcarona\n|move|p2a: Sinistcha|Rage Powder|p2a: Sinistcha\n|-singleturn|p2a: Sinistcha|move: Rage Powder\n|move|p1b: Kommo-o|Clanging Scales|p2a: Sinistcha\n|-damage|p2a: Sinistcha|0 fnt\n|faint|p2a: Sinistcha\n|-unboost|p1b: Kommo-o|def|1\n|\n|-damage|p1a: Iron Hands|9\/100 brn|[from] brn\n|upkeep\n|\n|t:|1699048369\n|switch|p2b: Goodra|Goodra-Hisui, M, shiny|100\/100\n|switch|p2a: Basculegion|Basculegion-F, F, shiny|100\/100\n|turn|8\n|\n|t:|1699048377\n|move|p2a: Basculegion|Last Respects|p1b: Kommo-o\n|-damage|p1b: Kommo-o|0 fnt\n|faint|p1b: Kommo-o\n|move|p2b: Goodra|Body Press|p1a: Iron Hands\n|-damage|p1a: Iron Hands|0 fnt\n|faint|p1a: Iron Hands\n|-end|p1a: Iron Hands|Quark Drive|[silent]\n|\n|upkeep\n|\n|t:|1699048383\n|switch|p1b: Volcarona|Volcarona, M|100\/100\n|switch|p1a: Ninetales|Ninetales-Alola, F|100\/100\n|-weather|Snow|[from] ability: Snow Warning|[of] p1a: Ninetales\n|turn|9\n|\n|t:|1699048408\n|move|p2a: Basculegion|Last Respects|p1b: Volcarona\n|-damage|p1b: Volcarona|0 fnt\n|faint|p1b: Volcarona\n|move|p1a: Ninetales|Aurora Veil|p1a: Ninetales\n|-sidestart|p1: GymLeaderNatasha|move: Aurora Veil\n|move|p2b: Goodra|Acid Armor|p2b: Goodra\n|-boost|p2b: Goodra|def|2\n|\n|-weather|Snow|[upkeep]\n|upkeep\n|\n|t:|1699048410\n|switch|p1b: Sinistcha|Sinistcha|100\/100\n|turn|10\n|\n|t:|1699048418\n|move|p2a: Basculegion|Last Respects|p1b: Sinistcha\n|-supereffective|p1b: Sinistcha\n|-damage|p1b: Sinistcha|0 fnt\n|faint|p1b: Sinistcha\n|move|p1a: Ninetales|Moonblast|p2a: Basculegion\n|-damage|p2a: Basculegion|64\/100\n|-unboost|p2a: Basculegion|spa|1\n|move|p2b: Goodra|Acid Armor|p2b: Goodra\n|-boost|p2b: Goodra|def|2\n|\n|-weather|Snow|[upkeep]\n|upkeep\n|turn|11\n|\n|t:|1699048428\n|move|p2a: Basculegion|Last Respects|p1a: Ninetales\n|-damage|p1a: Ninetales|27\/100\n|-enditem|p1a: Ninetales|Sitrus Berry|[eat]\n|-heal|p1a: Ninetales|52\/100|[from] item: Sitrus Berry\n|move|p1a: Ninetales|Blizzard|p2b: Goodra|[spread] p2a,p2b\n|-resisted|p2a: Basculegion\n|-damage|p2a: Basculegion|49\/100\n|-damage|p2b: Goodra|84\/100\n|move|p2b: Goodra|Body Press|p1a: Ninetales\n|-damage|p1a: Ninetales|14\/100\n|\n|-weather|Snow|[upkeep]\n|-heal|p2b: Goodra|90\/100|[from] item: Leftovers\n|upkeep\n|turn|12\n|c|\u2606Bluesnowflakes|Gg\n|c|\u2606Bluesnowflakes|oh\n|\n|t:|1699048439\n|move|p2a: Basculegion|Last Respects|p1a: Ninetales\n|-damage|p1a: Ninetales|0 fnt\n|faint|p1a: Ninetales\n|\n|win|Bluesnowflakes\n|raw|GymLeaderNatasha's rating: 1164 &rarr; <strong>1134<\/strong><br \/>(-30 for losing)\n|raw|Bluesnowflakes's rating: 1091 &rarr; <strong>1123<\/strong><br \/>(+32 for winning)\n|c|\u2606Bluesnowflakes|Gg\n|c|\u2606GymLeaderNatasha|ggs\n","uploadtime":1699048450,"views":15,"p1id":"gymleadernatasha","p2id":"bluesnowflakes","formatid":"gen9doublesou","rating":1123,"private":0,"password":""}