{"id":"gen9doublesou-1972289797","p1":"Friescake","p2":"xXJustFireXx","format":"[Gen 9] Doubles OU","log":"|j|\u2606Friescake\n|j|\u2606xXJustFireXx\n|t:|1697828394\n|gametype|doubles\n|player|p1|Friescake|waiter|1086\n|player|p2|xXJustFireXx|1|1118\n|teamsize|p1|6\n|teamsize|p2|6\n|gen|9\n|tier|[Gen 9] Doubles OU\n|rated|\n|rule|Species Clause: Limit one of each Pok\u00e9mon\n|rule|OHKO Clause: OHKO moves are banned\n|rule|Evasion Moves Clause: Evasion moves are banned\n|rule|Gravity Sleep Clause: The combination of sleep-inducing moves with imperfect accuracy and Gravity or Gigantamax Orbeetle are banned\n|rule|Endless Battle Clause: Forcing endless battles is banned\n|rule|HP Percentage Mod: HP is shown in percentages\n|clearpoke\n|poke|p1|Clefable, M|\n|poke|p1|Sneasler, M|\n|poke|p1|Sinistcha|\n|poke|p1|Ribombee, F|\n|poke|p1|Samurott-Hisui, M|\n|poke|p1|Farigiraf, F|\n|poke|p2|Iron Valiant|\n|poke|p2|Ogerpon, F|\n|poke|p2|Maushold|\n|poke|p2|Dragapult, M|\n|poke|p2|Kingambit, F|\n|poke|p2|Amoonguss, F|\n|teampreview\n|\n|t:|1697828420\n|start\n|switch|p1a: Farigiraf|Farigiraf, F, shiny|100\/100\n|switch|p1b: Ribombee|Ribombee, F, shiny|100\/100\n|switch|p2a: Ogerpon|Ogerpon, F|100\/100\n|switch|p2b: Amoonguss|Amoonguss, F|100\/100\n|turn|1\n|\n|t:|1697828441\n|move|p2a: Ogerpon|Protect|p2a: Ogerpon\n|-singleturn|p2a: Ogerpon|Protect\n|move|p1a: Farigiraf|Trailblaze|p2b: Amoonguss\n|-resisted|p2b: Amoonguss\n|-damage|p2b: Amoonguss|98\/100\n|-boost|p1a: Farigiraf|spe|1\n|move|p2b: Amoonguss|Spore|p1a: Farigiraf\n|-block|p1a: Farigiraf|ability: Sweet Veil|[of] p1b: Ribombee\n|move|p1b: Ribombee|Switcheroo|p2a: Ogerpon\n|-activate|p2a: Ogerpon|move: Protect\n|\n|-heal|p2b: Amoonguss|100\/100|[from] item: Leftovers\n|upkeep\n|turn|2\n|\n|t:|1697828484\n|move|p2b: Amoonguss|Protect|p2b: Amoonguss\n|-singleturn|p2b: Amoonguss|Protect\n|move|p2a: Ogerpon|Knock Off|p1a: Farigiraf\n|-supereffective|p1a: Farigiraf\n|-damage|p1a: Farigiraf|42\/100\n|-damage|p2a: Ogerpon|84\/100|[from] item: Rocky Helmet|[of] p1a: Farigiraf\n|-enditem|p1a: Farigiraf|Rocky Helmet|[from] move: Knock Off|[of] p2a: Ogerpon\n|move|p1a: Farigiraf|Trailblaze|p2b: Amoonguss\n|-activate|p2b: Amoonguss|move: Protect\n|move|p1b: Ribombee|Switcheroo|p2a: Ogerpon\n|-activate|p1b: Ribombee|move: Trick|[of] p2a: Ogerpon\n|-item|p2a: Ogerpon|Lagging Tail|[from] move: Switcheroo\n|-item|p1b: Ribombee|Leftovers|[from] move: Switcheroo\n|\n|upkeep\n|turn|3\n|\n|t:|1697828524\n|switch|p2b: Kingambit|Kingambit, F|100\/100\n|move|p1a: Farigiraf|Ally Switch|p1a: Farigiraf\n|swap|p1a: Farigiraf|1|[from] move: Ally Switch\n|move|p2a: Ogerpon|Follow Me|p2a: Ogerpon\n|-singleturn|p2a: Ogerpon|move: Follow Me\n|move|p1a: Ribombee|Tailwind|p1a: Ribombee\n|-sidestart|p1: Friescake|move: Tailwind\n|\n|upkeep\n|turn|4\n|\n|t:|1697828559\n|switch|p1b: Clefable|Clefable, M, shiny|100\/100\n|move|p2a: Ogerpon|Follow Me|p2a: Ogerpon\n|-singleturn|p2a: Ogerpon|move: Follow Me\n|move|p1a: Ribombee|Pollen Puff|p2a: Ogerpon\n|-supereffective|p2a: Ogerpon\n|-damage|p2a: Ogerpon|38\/100\n|move|p2b: Kingambit|Swords Dance|p2b: Kingambit\n|-boost|p2b: Kingambit|atk|2\n|\n|upkeep\n|turn|5\n|\n|t:|1697828582\n|move|p2a: Ogerpon|Protect|p2a: Ogerpon\n|-singleturn|p2a: Ogerpon|Protect\n|move|p1a: Ribombee|Pollen Puff|p2a: Ogerpon\n|-activate|p2a: Ogerpon|move: Protect\n|move|p1b: Clefable|Drain Punch|p2b: Kingambit\n|-supereffective|p2b: Kingambit\n|-damage|p2b: Kingambit|63\/100\n|move|p2b: Kingambit|Iron Head|p1a: Ribombee\n|-supereffective|p1a: Ribombee\n|-damage|p1a: Ribombee|0 fnt\n|faint|p1a: Ribombee\n|-damage|p2b: Kingambit|53\/100|[from] item: Life Orb\n|\n|upkeep\n|\n|t:|1697828596\n|switch|p1a: Farigiraf|Farigiraf, F, shiny|42\/100\n|turn|6\n|\n|t:|1697828606\n|move|p2a: Ogerpon|Follow Me|p2a: Ogerpon\n|-singleturn|p2a: Ogerpon|move: Follow Me\n|move|p1a: Farigiraf|Foul Play|p2a: Ogerpon\n|-damage|p2a: Ogerpon|10\/100\n|move|p1b: Clefable|Drain Punch|p2a: Ogerpon\n|-damage|p2a: Ogerpon|0 fnt\n|faint|p2a: Ogerpon\n|move|p2b: Kingambit|Iron Head|p1b: Clefable\n|-supereffective|p1b: Clefable\n|-damage|p1b: Clefable|0 fnt\n|faint|p1b: Clefable\n|-damage|p2b: Kingambit|43\/100|[from] item: Life Orb\n|\n|-sideend|p1: Friescake|move: Tailwind\n|upkeep\n|\n|t:|1697828619\n|switch|p2a: Dragapult|Dragapult, M|100\/100\n|switch|p1b: Samurott|Samurott-Hisui, M, shiny|100\/100\n|turn|7\n|\n|t:|1697828638\n|move|p1b: Samurott|Ceaseless Edge|p2a: Dragapult\n|-supereffective|p2a: Dragapult\n|-damage|p2a: Dragapult|4\/100\n|-sidestart|p2: xXJustFireXx|Spikes\n|move|p2a: Dragapult|Reflect|p2a: Dragapult\n|-sidestart|p2: xXJustFireXx|Reflect\n|move|p1a: Farigiraf|Wish|p1a: Farigiraf\n|move|p2b: Kingambit|Iron Head|p1a: Farigiraf\n|-damage|p1a: Farigiraf|0 fnt\n|faint|p1a: Farigiraf\n|-damage|p2b: Kingambit|33\/100|[from] item: Life Orb\n|\n|upkeep\n|\n|t:|1697828648\n|switch|p1a: Sinistcha|Sinistcha, shiny|100\/100\n|turn|8\n|\n|t:|1697828669\n|move|p1b: Samurott|Ceaseless Edge|p2a: Dragapult\n|-supereffective|p2a: Dragapult\n|-damage|p2a: Dragapult|0 fnt\n|-start|p1b: Samurott|Disable|Ceaseless Edge|[from] ability: Cursed Body|[of] p2a: Dragapult\n|-sidestart|p2: xXJustFireXx|Spikes\n|faint|p2a: Dragapult\n|move|p1a: Sinistcha|Scald|p2b: Kingambit\n|-damage|p2b: Kingambit|9\/100\n|-status|p2b: Kingambit|brn\n|move|p2b: Kingambit|Kowtow Cleave|p1a: Sinistcha\n|-supereffective|p1a: Sinistcha\n|-damage|p1a: Sinistcha|0 fnt\n|faint|p1a: Sinistcha\n|-damage|p2b: Kingambit|0 fnt|[from] item: Life Orb\n|faint|p2b: Kingambit\n|\n|upkeep\n|\n|t:|1697828690\n|switch|p2a: Maushold|Maushold|100\/100\n|switch|p1a: Sneasler|Sneasler, M, shiny|100\/100\n|switch|p2b: Iron Valiant|Iron Valiant|100\/100\n|-damage|p2b: Iron Valiant|84\/100|[from] Spikes\n|-damage|p2a: Maushold|84\/100|[from] Spikes\n|-enditem|p2b: Iron Valiant|Booster Energy\n|-activate|p2b: Iron Valiant|ability: Quark Drive|[fromitem]\n|-start|p2b: Iron Valiant|quarkdrivespe\n|turn|9\n|\n|t:|1697828718\n|move|p1a: Sneasler|Fake Out|p2b: Iron Valiant\n|-damage|p2b: Iron Valiant|74\/100\n|move|p2a: Maushold|Follow Me|p2a: Maushold\n|-singleturn|p2a: Maushold|move: Follow Me\n|cant|p2b: Iron Valiant|flinch\n|-activate|p1b: Samurott|move: Struggle\n|move|p1b: Samurott|Struggle|p2a: Maushold\n|-damage|p2a: Maushold|71\/100\n|-damage|p1b: Samurott|76\/100|[from] recoil\n|\n|-heal|p2a: Maushold|77\/100|[from] item: Leftovers\n|upkeep\n|turn|10\n|-message|Friescake forfeited.\n|\n|win|xXJustFireXx\n|raw|Friescake's rating: 1086 &rarr; <strong>1065<\/strong><br \/>(-21 for losing)\n|raw|xXJustFireXx's rating: 1118 &rarr; <strong>1141<\/strong><br \/>(+23 for winning)\n|l|\u2606Friescake\n","uploadtime":1697828746,"views":10,"p1id":"friescake","p2id":"xxjustfirexx","formatid":"gen9doublesou","rating":1065,"private":0,"password":""}