{"id":"gen9doublesou-2000564860","p1":"VillainArK","p2":"Slimthickens","format":"[Gen 9] Doubles OU","log":"|j|\u2606VillainArK\n|j|\u2606Slimthickens\n|t:|1701205804\n|gametype|doubles\n|player|p1|VillainArK|101|1092\n|player|p2|Slimthickens|1|1167\n|teamsize|p1|6\n|teamsize|p2|6\n|gen|9\n|tier|[Gen 9] Doubles OU\n|rated|\n|rule|Species Clause: Limit one of each Pok\u00e9mon\n|rule|OHKO Clause: OHKO moves are banned\n|rule|Evasion Moves Clause: Evasion moves are banned\n|rule|Gravity Sleep Clause: The combination of sleep-inducing moves with imperfect accuracy and Gravity or Gigantamax Orbeetle are banned\n|rule|Endless Battle Clause: Forcing endless battles is banned\n|rule|HP Percentage Mod: HP is shown in percentages\n|clearpoke\n|poke|p1|Goodra, F|\n|poke|p1|Pelipper, M|\n|poke|p1|Ludicolo, F|\n|poke|p1|Walking Wake|\n|poke|p1|Quagsire, F|\n|poke|p1|Breloom, M|\n|poke|p2|Pincurchin, M|\n|poke|p2|Arcanine, F|\n|poke|p2|Oricorio-Sensu, M|\n|poke|p2|Volcarona, M|\n|poke|p2|Wo-Chien|\n|poke|p2|Garganacl, F|\n|teampreview\n|c|\u2606Slimthickens|Only a loser like you thinks you\u2019re putting me to sleep\n|\n|t:|1701205838\n|start\n|switch|p1a: Pelipper|Pelipper, M|100\/100\n|switch|p1b: Ludicolo|Ludicolo, F|100\/100\n|switch|p2a: Arcanine|Arcanine, F|100\/100\n|switch|p2b: Wo-Chien|Wo-Chien|100\/100\n|-ability|p2a: Arcanine|Intimidate|boost\n|-unboost|p1a: Pelipper|atk|1\n|-unboost|p1b: Ludicolo|atk|1\n|-ability|p2b: Wo-Chien|Tablets of Ruin\n|-weather|RainDance|[from] ability: Drizzle|[of] p1a: Pelipper\n|turn|1\n|\n|t:|1701205861\n|-terastallize|p2a: Arcanine|Grass\n|move|p1b: Ludicolo|Fake Out|p2b: Wo-Chien\n|-damage|p2b: Wo-Chien|96\/100\n|-damage|p1b: Ludicolo|84\/100|[from] item: Rocky Helmet|[of] p2b: Wo-Chien\n|move|p2a: Arcanine|Snarl|p1a: Pelipper|[spread] p1a,p1b\n|-damage|p1a: Pelipper|77\/100\n|-damage|p1b: Ludicolo|65\/100\n|-unboost|p1a: Pelipper|spa|1\n|-unboost|p1b: Ludicolo|spa|1\n|-damage|p2a: Arcanine|91\/100|[from] item: Life Orb\n|cant|p2b: Wo-Chien|flinch\n|move|p1a: Pelipper|Tailwind|p1a: Pelipper\n|-sidestart|p1: VillainArK|move: Tailwind\n|\n|-weather|RainDance|[upkeep]\n|upkeep\n|turn|2\n|\n|t:|1701205883\n|move|p1b: Ludicolo|Encore|p2a: Arcanine\n|-start|p2a: Arcanine|Encore\n|move|p1a: Pelipper|Ice Beam|p2a: Arcanine\n|-supereffective|p2a: Arcanine\n|-damage|p2a: Arcanine|41\/100\n|move|p2a: Arcanine|Snarl|p1a: Pelipper|[spread] p1a,p1b\n|-damage|p1a: Pelipper|53\/100\n|-damage|p1b: Ludicolo|47\/100\n|-unboost|p1a: Pelipper|spa|1\n|-unboost|p1b: Ludicolo|spa|1\n|-damage|p2a: Arcanine|31\/100|[from] item: Life Orb\n|move|p2b: Wo-Chien|Light Screen|p2b: Wo-Chien\n|-sidestart|p2: Slimthickens|move: Light Screen\n|\n|-weather|RainDance|[upkeep]\n|upkeep\n|turn|3\n|\n|t:|1701205906\n|switch|p2a: NoSleep|Pincurchin, M|100\/100\n|-fieldstart|move: Electric Terrain|[from] ability: Electric Surge|[of] p2a: NoSleep\n|move|p1b: Ludicolo|Encore|p2b: Wo-Chien\n|-start|p2b: Wo-Chien|Encore\n|move|p1a: Pelipper|Ice Beam|p2a: NoSleep\n|-damage|p2a: NoSleep|87\/100\n|move|p2b: Wo-Chien|Light Screen||[still]\n|-fail|p2b: Wo-Chien\n|\n|-weather|RainDance|[upkeep]\n|upkeep\n|turn|4\n|\n|t:|1701205941\n|switch|p2b: Arcanine|Arcanine, F, tera:Grass|31\/100\n|-ability|p2b: Arcanine|Intimidate|boost\n|-unboost|p1a: Pelipper|atk|1\n|-unboost|p1b: Ludicolo|atk|1\n|-terastallize|p1a: Pelipper|Ground\n|move|p1b: Ludicolo|Waterfall|p2a: NoSleep\n|-damage|p2a: NoSleep|57\/100\n|move|p1a: Pelipper|U-turn|p2b: Arcanine\n|-supereffective|p2b: Arcanine\n|-damage|p2b: Arcanine|18\/100\n|c|\u2606Slimthickens|I see you like status moves\n|c|\u2606Slimthickens|ill paralyze your whole team\n|\n|t:|1701205953\n|switch|p1a: Quagsire|Quagsire, F|100\/100|[from] U-turn\n|move|p2a: NoSleep|Thunder Wave|p1b: Ludicolo\n|-status|p1b: Ludicolo|par\n|\n|-weather|RainDance|[upkeep]\n|-sideend|p1: VillainArK|move: Tailwind\n|upkeep\n|turn|5\n|c|\u2606Slimthickens|Get annoyed\n|\n|t:|1701205983\n|switch|p2b: Wo-Chien|Wo-Chien|96\/100\n|-ability|p2b: Wo-Chien|Tablets of Ruin\n|move|p2a: NoSleep|Protect|p2a: NoSleep\n|-singleturn|p2a: NoSleep|Protect\n|move|p1b: Ludicolo|Waterfall|p2b: Wo-Chien\n|-resisted|p2b: Wo-Chien\n|-damage|p2b: Wo-Chien|89\/100\n|-damage|p1b: Ludicolo|30\/100 par|[from] item: Rocky Helmet|[of] p2b: Wo-Chien\n|move|p1a: Quagsire|High Horsepower|p2a: NoSleep\n|-activate|p2a: NoSleep|move: Protect\n|\n|-weather|none\n|upkeep\n|turn|6\n|c|\u2606VillainArK|3 of my team can't get paralyzed\n|c|\u2606VillainArK|By thunderwave anyways\n|c|\u2606Slimthickens|It\u2019s always more fun slowly wiping away trash like you\n|c|\u2606Slimthickens|who relies on spore and encore\n|c|\u2606Slimthickens|Hurry up now\n|c|\u2606VillainArK|What makes you think I have spore?\n|\n|t:|1701206067\n|switch|p2a: Arcanine|Arcanine, F, tera:Grass|18\/100\n|-ability|p2a: Arcanine|Intimidate|boost\n|-unboost|p1a: Quagsire|atk|1\n|-unboost|p1b: Ludicolo|atk|1\n|move|p2b: Wo-Chien|Leech Seed|p1a: Quagsire\n|-start|p1a: Quagsire|move: Leech Seed\n|move|p1b: Ludicolo|Encore||[still]\n|-fail|p1b: Ludicolo\n|move|p1a: Quagsire|Yawn|p2b: Wo-Chien\n|-activate|p2b: Wo-Chien|move: Electric Terrain\n|\n|-damage|p1a: Quagsire|88\/100|[from] Leech Seed|[of] p2b: Wo-Chien\n|-heal|p2b: Wo-Chien|100\/100|[silent]\n|-sideend|p2: Slimthickens|move: Light Screen\n|upkeep\n|turn|7\n|c|\u2606Slimthickens|Spare me\n|c|\u2606Slimthickens|After about 5 turns, you will watch this battle become mine\n|c|\u2606VillainArK|Bro?? It's not that deep\n|\n|t:|1701206113\n|switch|p1a: Pelipper|Pelipper, M, tera:Ground|53\/100\n|-weather|RainDance|[from] ability: Drizzle|[of] p1a: Pelipper\n|move|p2a: Arcanine|Close Combat|p1a: Pelipper\n|-damage|p1a: Pelipper|25\/100\n|-unboost|p2a: Arcanine|def|1\n|-unboost|p2a: Arcanine|spd|1\n|-damage|p2a: Arcanine|8\/100|[from] item: Life Orb\n|move|p1b: Ludicolo|Waterfall|p2a: Arcanine\n|-resisted|p2a: Arcanine\n|-damage|p2a: Arcanine|0 fnt\n|faint|p2a: Arcanine\n|move|p2b: Wo-Chien|Pollen Puff|p2: Arcanine|[notarget]\n|-fail|p2b: Wo-Chien\n|\n|-weather|RainDance|[upkeep]\n|-fieldend|move: Electric Terrain\n|upkeep\n|c|\u2606VillainArK|I'm just playing a rain team for fun\n|\n|t:|1701206128\n|switch|p2a: NoSleep|Pincurchin, M|57\/100\n|-fieldstart|move: Electric Terrain|[from] ability: Electric Surge|[of] p2a: NoSleep\n|turn|8\n|\n|t:|1701206139\n|move|p2b: Wo-Chien|Protect|p2b: Wo-Chien\n|-singleturn|p2b: Wo-Chien|Protect\n|move|p2a: NoSleep|Sucker Punch||[still]\n|-fail|p2a: NoSleep\n|move|p1b: Ludicolo|Encore|p2b: Wo-Chien\n|-activate|p2b: Wo-Chien|move: Protect\n|move|p1a: Pelipper|Hurricane|p2b: Wo-Chien\n|-activate|p2b: Wo-Chien|move: Protect\n|\n|-weather|RainDance|[upkeep]\n|upkeep\n|turn|9\n|\n|t:|1701206176\n|switch|p2b: Garganacl|Garganacl, F|100\/100\n|move|p2a: NoSleep|Sucker Punch||[still]\n|-fail|p2a: NoSleep\n|move|p1b: Ludicolo|Encore|p2a: NoSleep\n|-start|p2a: NoSleep|Encore\n|move|p1a: Pelipper|Tailwind|p1a: Pelipper\n|-sidestart|p1: VillainArK|move: Tailwind\n|\n|-weather|RainDance|[upkeep]\n|upkeep\n|turn|10\n|\n|t:|1701206194\n|move|p2a: NoSleep|Sucker Punch|p1b: Ludicolo\n|-damage|p1b: Ludicolo|0 fnt\n|faint|p1b: Ludicolo\n|move|p1a: Pelipper|Ice Beam|p2b: Garganacl\n|-damage|p2b: Garganacl|80\/100\n|move|p2b: Garganacl|Salt Cure|p1a: Pelipper\n|-resisted|p1a: Pelipper\n|-damage|p1a: Pelipper|17\/100\n|-start|p1a: Pelipper|Salt Cure\n|\n|-weather|RainDance|[upkeep]\n|-heal|p2b: Garganacl|86\/100|[from] item: Leftovers\n|-damage|p1a: Pelipper|5\/100|[from] Salt Cure\n|upkeep\n|c|\u2606Slimthickens|Predictable tailwind\n|\n|t:|1701206207\n|switch|p1b: Breloom|Breloom, M|100\/100\n|turn|11\n|c|\u2606Slimthickens|but thanks\n|\n|t:|1701206222\n|switch|p2a: Wo-Chien|Wo-Chien|100\/100\n|-ability|p2a: Wo-Chien|Tablets of Ruin\n|move|p1b: Breloom|Protect|p1b: Breloom\n|-singleturn|p1b: Breloom|Protect\n|move|p1a: Pelipper|Hurricane|p2a: Wo-Chien\n|-supereffective|p2a: Wo-Chien\n|-damage|p2a: Wo-Chien|31\/100\n|move|p2b: Garganacl|Body Press|p1a: Pelipper\n|-damage|p1a: Pelipper|0 fnt\n|faint|p1a: Pelipper\n|\n|-weather|none\n|-heal|p2b: Garganacl|92\/100|[from] item: Leftovers\n|-status|p1b: Breloom|tox|[from] item: Toxic Orb\n|upkeep\n|\n|t:|1701206241\n|switch|p1a: Walking Wake|Walking Wake|100\/100\n|-enditem|p1a: Walking Wake|Booster Energy\n|-activate|p1a: Walking Wake|ability: Protosynthesis|[fromitem]\n|-start|p1a: Walking Wake|protosynthesisspa\n|turn|12\n|c|\u2606Slimthickens|Good job getting clapped when the rains about to end\n|\n|t:|1701206256\n|switch|p2b: NoSleep|Pincurchin, M|57\/100\n|move|p1a: Walking Wake|Hydro Steam|p2b: NoSleep\n|-damage|p2b: NoSleep|0 fnt\n|faint|p2b: NoSleep\n|move|p1b: Breloom|Drain Punch|p2a: Wo-Chien\n|-supereffective|p2a: Wo-Chien\n|-damage|p2a: Wo-Chien|0 fnt\n|-damage|p1b: Breloom|84\/100 tox|[from] item: Rocky Helmet|[of] p2a: Wo-Chien\n|faint|p2a: Wo-Chien\n|\n|-heal|p1b: Breloom|96\/100 tox|[from] ability: Poison Heal\n|-sideend|p1: VillainArK|move: Tailwind\n|-fieldend|move: Electric Terrain\n|upkeep\n|\n|t:|1701206266\n|switch|p2a: Volcarona|Volcarona, M|100\/100\n|switch|p2b: Oricorio|Oricorio-Sensu, M|100\/100\n|turn|13\n|c|\u2606Slimthickens|Time to lose lol\n|c|\u2606VillainArK|DUDE\n|c|\u2606VillainArK|ITS NOT\n|c|\u2606VillainArK|THAT\n|c|\u2606VillainArK|DEP\n|c|\u2606Slimthickens|Turn off caps lock\n|c|\u2606VillainArK|DEEP\n|c|\u2606Slimthickens|abd wash your dirty hoodie\n|c|\u2606Slimthickens|virgin 25 year old\n|\n|t:|1701206311\n|move|p2b: Oricorio|Protect|p2b: Oricorio\n|-singleturn|p2b: Oricorio|Protect\n|move|p1b: Breloom|Protect|p1b: Breloom\n|-singleturn|p1b: Breloom|Protect\n|move|p1a: Walking Wake|Hydro Steam|p2a: Volcarona\n|-supereffective|p2a: Volcarona\n|-enditem|p2a: Volcarona|Focus Sash\n|-damage|p2a: Volcarona|1\/100\n|move|p2a: Volcarona|Quiver Dance|p2a: Volcarona\n|-boost|p2a: Volcarona|spa|1\n|-boost|p2a: Volcarona|spd|1\n|-boost|p2a: Volcarona|spe|1\n|-activate|p2b: Oricorio|ability: Dancer\n|move|p2b: Oricorio|Quiver Dance|p2b: Oricorio|[from]ability: Dancer\n|-boost|p2b: Oricorio|spa|1\n|-boost|p2b: Oricorio|spd|1\n|-boost|p2b: Oricorio|spe|1\n|\n|-heal|p1b: Breloom|100\/100 tox|[from] ability: Poison Heal\n|upkeep\n|turn|14\n|c|\u2606Slimthickens|like you\u2019re qualified to respond to me\n|\n|t:|1701206340\n|move|p2a: Volcarona|Protect|p2a: Volcarona\n|-singleturn|p2a: Volcarona|Protect\n|move|p2b: Oricorio|Quiver Dance|p2b: Oricorio\n|-boost|p2b: Oricorio|spa|1\n|-boost|p2b: Oricorio|spd|1\n|-boost|p2b: Oricorio|spe|1\n|move|p1a: Walking Wake|Hydro Steam|p2b: Oricorio\n|-damage|p2b: Oricorio|56\/100\n|move|p1b: Breloom|Drain Punch|p2a: Volcarona\n|-activate|p2a: Volcarona|move: Protect\n|\n|upkeep\n|turn|15\n|c|\u2606VillainArK|I have unaware quagsire fucking nutjob\n|c|\u2606Slimthickens|I told you\n|c|\u2606Slimthickens|youre going to lose\n|\n|t:|1701206390\n|move|p2b: Oricorio|Protect|p2b: Oricorio\n|-singleturn|p2b: Oricorio|Protect\n|move|p2a: Volcarona|Fiery Dance|p1b: Breloom\n|-supereffective|p1b: Breloom\n|-damage|p1b: Breloom|0 fnt\n|-boost|p2a: Volcarona|spa|1\n|faint|p1b: Breloom\n|-activate|p2b: Oricorio|ability: Dancer\n|move|p2b: Oricorio|Fiery Dance|p1a: Walking Wake|[from]ability: Dancer\n|-resisted|p1a: Walking Wake\n|-damage|p1a: Walking Wake|86\/100\n|-boost|p2b: Oricorio|spa|1\n|move|p1a: Walking Wake|Waterfall|p2b: Oricorio\n|-activate|p2b: Oricorio|move: Protect\n|\n|upkeep\n|\n|t:|1701206408\n|switch|p1b: Quagsire|Quagsire, F|88\/100\n|turn|16\n|\n|t:|1701206430\n|switch|p1b: Goodra|Goodra, F|100\/100\n|move|p2b: Oricorio|Protect||[still]\n|-fail|p2b: Oricorio\n|move|p2a: Volcarona|Quiver Dance|p2a: Volcarona\n|-boost|p2a: Volcarona|spa|1\n|-boost|p2a: Volcarona|spd|1\n|-boost|p2a: Volcarona|spe|1\n|-activate|p2b: Oricorio|ability: Dancer\n|move|p2b: Oricorio|Quiver Dance|p2b: Oricorio|[from]ability: Dancer\n|-boost|p2b: Oricorio|spa|1\n|-boost|p2b: Oricorio|spd|1\n|-boost|p2b: Oricorio|spe|1\n|move|p1a: Walking Wake|Waterfall|p2a: Volcarona\n|-supereffective|p2a: Volcarona\n|-damage|p2a: Volcarona|0 fnt\n|faint|p2a: Volcarona\n|\n|upkeep\n|\n|t:|1701206446\n|switch|p2a: Garganacl|Garganacl, F|92\/100\n|turn|17\n|c|\u2606VillainArK|Gg\n|\n|t:|1701206455\n|move|p2b: Oricorio|Revelation Dance|p1a: Walking Wake\n|-damage|p1a: Walking Wake|0 fnt\n|faint|p1a: Walking Wake\n|-end|p1a: Walking Wake|Protosynthesis|[silent]\n|move|p1b: Goodra|Knock Off|p2b: Oricorio\n|-supereffective|p2b: Oricorio\n|-damage|p2b: Oricorio|0 fnt\n|-enditem|p2b: Oricorio|Focus Sash|[from] move: Knock Off|[of] p1b: Goodra\n|faint|p2b: Oricorio\n|move|p2a: Garganacl|Iron Defense|p2a: Garganacl\n|-boost|p2a: Garganacl|def|2\n|\n|-heal|p2a: Garganacl|98\/100|[from] item: Leftovers\n|upkeep\n|c|\u2606VillainArK|That's 100% useless\n|c|\u2606VillainArK|I can hit through that :]\n|\n|t:|1701206486\n|switch|p1a: Quagsire|Quagsire, F|88\/100\n|turn|18\n|c|\u2606Slimthickens|Maybe\n|\n|t:|1701206497\n|move|p1b: Goodra|Dragon Pulse|p2a: Garganacl\n|-damage|p2a: Garganacl|67\/100\n|move|p1a: Quagsire|High Horsepower|p2a: Garganacl\n|-supereffective|p2a: Garganacl\n|-damage|p2a: Garganacl|30\/100\n|move|p2a: Garganacl|Body Press|p1a: Quagsire\n|-damage|p1a: Quagsire|68\/100\n|\n|-heal|p1a: Quagsire|74\/100|[from] item: Leftovers\n|-heal|p2a: Garganacl|36\/100|[from] item: Leftovers\n|upkeep\n|turn|19\n|c|\u2606Slimthickens|Enjoy being a virgin in your 20s though lol\n|l|\u2606Slimthickens\n|player|p2|\n|c|\u2606VillainArK|I'm 17\n|\n|t:|1701206527\n|move|p1b: Goodra|Dragon Pulse|p2a: Garganacl\n|-damage|p2a: Garganacl|4\/100\n|move|p1a: Quagsire|High Horsepower|p2a: Garganacl\n|-supereffective|p2a: Garganacl\n|-damage|p2a: Garganacl|0 fnt\n|faint|p2a: Garganacl\n|\n|win|VillainArK\n|raw|VillainArK's rating: 1092 &rarr; <strong>1120<\/strong><br \/>(+28 for winning)\n|raw|Slimthickens's rating: 1113 &rarr; <strong>1086<\/strong><br \/>(-27 for losing)\n","uploadtime":1701206369,"views":16,"p1id":"villainark","p2id":"slimthickens","formatid":"gen9doublesou","rating":1086,"private":0,"password":""}