{"id":"gen9doublesou-1976849210","p1":"Bapanada726","p2":"Kyukutsu","format":"[Gen 9] Doubles OU","log":"|j|\u2606Bapanada726\n|j|\u2606Kyukutsu\n|t:|1698346317\n|gametype|doubles\n|player|p1|Bapanada726|striker|1612\n|player|p2|Kyukutsu|chuck|1493\n|teamsize|p1|6\n|teamsize|p2|6\n|gen|9\n|tier|[Gen 9] Doubles OU\n|rated|\n|rule|Species Clause: Limit one of each Pok\u00e9mon\n|rule|OHKO Clause: OHKO moves are banned\n|rule|Evasion Moves Clause: Evasion moves are banned\n|rule|Gravity Sleep Clause: The combination of sleep-inducing moves with imperfect accuracy and Gravity or Gigantamax Orbeetle are banned\n|rule|Endless Battle Clause: Forcing endless battles is banned\n|rule|HP Percentage Mod: HP is shown in percentages\n|clearpoke\n|poke|p1|Shaymin-Sky|\n|poke|p1|Okidogi, M|\n|poke|p1|Sinistcha-Masterpiece|\n|poke|p1|Kommo-o, F|\n|poke|p1|Grimmsnarl, M|\n|poke|p1|Volcanion|\n|poke|p2|Iron Hands|\n|poke|p2|Sylveon, M|\n|poke|p2|Arcanine-Hisui, M|\n|poke|p2|Scizor, F|\n|poke|p2|Hydreigon, M|\n|poke|p2|Meowscarada, M|\n|teampreview\n|c|\u2606Bapanada726|glhf\n|\n|t:|1698346332\n|start\n|switch|p1a: Shaymin|Shaymin-Sky|100\/100\n|switch|p1b: Okidogi|Okidogi, M|100\/100\n|switch|p2a: Dog|Arcanine-Hisui, M, shiny|100\/100\n|switch|p2b: Cat|Sylveon, M|100\/100\n|-ability|p2a: Dog|Intimidate|boost\n|-unboost|p1a: Shaymin|atk|1\n|-ability|p1b: Okidogi|Guard Dog|boost\n|-boost|p1b: Okidogi|atk|1\n|turn|1\n|\n|t:|1698346358\n|switch|p2b: Scyther MK 2|Scizor, F, shiny|100\/100\n|move|p1a: Shaymin|Tailwind|p1a: Shaymin\n|-sidestart|p1: Bapanada726|move: Tailwind\n|move|p1b: Okidogi|Close Combat|p2a: Dog\n|-supereffective|p2a: Dog\n|-damage|p2a: Dog|0 fnt\n|-unboost|p1b: Okidogi|def|1\n|-unboost|p1b: Okidogi|spd|1\n|faint|p2a: Dog\n|-damage|p1b: Okidogi|91\/100|[from] item: Life Orb\n|\n|upkeep\n|\n|t:|1698346381\n|switch|p2a: Bit Knight|Iron Hands|100\/100\n|turn|2\n|\n|t:|1698346410\n|move|p1b: Okidogi|Protect|p1b: Okidogi\n|-singleturn|p1b: Okidogi|Protect\n|move|p2a: Bit Knight|Fake Out|p1b: Okidogi\n|-activate|p1b: Okidogi|move: Protect\n|move|p1a: Shaymin|Air Slash|p2b: Scyther MK 2\n|-damage|p2b: Scyther MK 2|56\/100\n|move|p2b: Scyther MK 2|Dual Wingbeat|p1a: Shaymin\n|-supereffective|p1a: Shaymin\n|-damage|p1a: Shaymin|12\/100\n|-supereffective|p1a: Shaymin\n|-damage|p1a: Shaymin|0 fnt\n|faint|p1a: Shaymin\n|-hitcount|p1: Shaymin|2\n|\n|upkeep\n|\n|t:|1698346434\n|switch|p1a: Kommo-o|Kommo-o, F|100\/100\n|turn|3\n|\n|t:|1698346445\n|move|p1a: Kommo-o|Clangorous Soul|p1a: Kommo-o\n|-boost|p1a: Kommo-o|atk|1\n|-boost|p1a: Kommo-o|def|1\n|-boost|p1a: Kommo-o|spa|1\n|-boost|p1a: Kommo-o|spd|1\n|-boost|p1a: Kommo-o|spe|1\n|-damage|p1a: Kommo-o|68\/100\n|-enditem|p1a: Kommo-o|Throat Spray\n|-boost|p1a: Kommo-o|spa|1|[from] item: Throat Spray\n|move|p1b: Okidogi|Close Combat|p2b: Scyther MK 2\n|-damage|p2b: Scyther MK 2|0 fnt\n|-unboost|p1b: Okidogi|def|1\n|-unboost|p1b: Okidogi|spd|1\n|faint|p2b: Scyther MK 2\n|-damage|p1b: Okidogi|81\/100|[from] item: Life Orb\n|move|p2a: Bit Knight|Drain Punch|p1a: Kommo-o\n|-damage|p1a: Kommo-o|42\/100\n|\n|upkeep\n|\n|t:|1698346472\n|switch|p2b: Cat|Sylveon, M|100\/100\n|turn|4\n|\n|t:|1698346497\n|-end|p2a: Bit Knight|Quark Drive|[silent]\n|switch|p2a: Puff Daddy|Hydreigon, M|100\/100\n|-terastallize|p2b: Cat|Steel\n|move|p1a: Kommo-o|Clanging Scales|p2b: Cat|[spread] p2a,p2b\n|-supereffective|p2a: Puff Daddy\n|-resisted|p2b: Cat\n|-damage|p2a: Puff Daddy|0 fnt\n|-damage|p2b: Cat|73\/100\n|faint|p2a: Puff Daddy\n|-unboost|p1a: Kommo-o|def|1\n|move|p1b: Okidogi|Gunk Shot|p2b: Cat\n|-immune|p2b: Cat\n|move|p2b: Cat|Hyper Voice|p1a: Kommo-o|[spread] p1a,p1b\n|-supereffective|p1a: Kommo-o\n|-crit|p1a: Kommo-o\n|-damage|p1a: Kommo-o|0 fnt\n|-damage|p1b: Okidogi|0 fnt\n|faint|p1a: Kommo-o\n|faint|p1b: Okidogi\n|\n|-sideend|p1: Bapanada726|move: Tailwind\n|upkeep\n|\n|t:|1698346531\n|switch|p2a: Bit Knight|Iron Hands|100\/100\n|switch|p1a: Volcanion|Volcanion|100\/100\n|switch|p1b: Grimmsnarl|Grimmsnarl, M|100\/100\n|turn|5\n|\n|t:|1698346541\n|move|p1a: Volcanion|Protect|p1a: Volcanion\n|-singleturn|p1a: Volcanion|Protect\n|move|p2a: Bit Knight|Fake Out|p1a: Volcanion\n|-activate|p1a: Volcanion|move: Protect\n|move|p1b: Grimmsnarl|Light Screen|p1b: Grimmsnarl\n|-sidestart|p1: Bapanada726|move: Light Screen\n|move|p2b: Cat|Hyper Voice|p1a: Volcanion|[spread] p1b\n|-activate|p1a: Volcanion|move: Protect\n|-supereffective|p1b: Grimmsnarl\n|-crit|p1b: Grimmsnarl\n|-damage|p1b: Grimmsnarl|0 fnt\n|faint|p1b: Grimmsnarl\n|\n|upkeep\n|\n|t:|1698346552\n|switch|p1b: Sinistcha|Sinistcha-Masterpiece|100\/100\n|turn|6\n|\n|t:|1698346559\n|-terastallize|p1a: Volcanion|Fire\n|move|p1b: Sinistcha|Rage Powder|p1b: Sinistcha\n|-singleturn|p1b: Sinistcha|move: Rage Powder\n|move|p1a: Volcanion|Heat Wave|p2a: Bit Knight|[spread] p2a,p2b\n|-supereffective|p2b: Cat\n|-damage|p2a: Bit Knight|62\/100\n|-damage|p2b: Cat|0 fnt\n|faint|p2b: Cat\n|-damage|p1a: Volcanion|91\/100|[from] item: Life Orb\n|move|p2a: Bit Knight|Wild Charge|p1b: Sinistcha\n|-resisted|p1b: Sinistcha\n|-damage|p1b: Sinistcha|80\/100\n|-damage|p2a: Bit Knight|59\/100|[from] Recoil\n|\n|upkeep\n|\n|t:|1698346573\n|switch|p2b: Bully|Meowscarada, M|100\/100\n|turn|7\n|\n|t:|1698346588\n|move|p1b: Sinistcha|Rage Powder|p1b: Sinistcha\n|-singleturn|p1b: Sinistcha|move: Rage Powder\n|move|p2b: Bully|Knock Off|p1a: Volcanion\n|-damage|p1a: Volcanion|49\/100\n|-enditem|p1a: Volcanion|Life Orb|[from] move: Knock Off|[of] p2b: Bully\n|move|p1a: Volcanion|Heat Wave|p2b: Bully|[spread] p2a\n|-miss|p1a: Volcanion|p2b: Bully\n|-damage|p2a: Bit Knight|31\/100\n|move|p2a: Bit Knight|Wild Charge|p1b: Sinistcha\n|-resisted|p1b: Sinistcha\n|-damage|p1b: Sinistcha|60\/100\n|-damage|p2a: Bit Knight|27\/100|[from] Recoil\n|\n|upkeep\n|turn|8\n|\n|t:|1698346612\n|move|p2b: Bully|Knock Off|p1b: Sinistcha\n|-supereffective|p1b: Sinistcha\n|-damage|p1b: Sinistcha|0 fnt\n|-enditem|p1b: Sinistcha|Sitrus Berry|[from] move: Knock Off|[of] p2b: Bully\n|faint|p1b: Sinistcha\n|move|p1a: Volcanion|Heat Wave|p2a: Bit Knight|[spread] p2a,p2b\n|-supereffective|p2b: Bully\n|-damage|p2a: Bit Knight|2\/100\n|-enditem|p2b: Bully|Focus Sash\n|-damage|p2b: Bully|1\/100\n|move|p2a: Bit Knight|Wild Charge|p1a: Volcanion\n|-damage|p1a: Volcanion|0 fnt\n|faint|p1a: Volcanion\n|-damage|p2a: Bit Knight|0 fnt|[from] Recoil\n|faint|p2a: Bit Knight\n|-end|p2a: Bit Knight|Quark Drive|[silent]\n|\n|win|Kyukutsu\n|raw|Bapanada726's rating: 1612 &rarr; <strong>1585<\/strong><br \/>(-27 for losing)\n|raw|Kyukutsu's rating: 1493 &rarr; <strong>1520<\/strong><br \/>(+27 for winning)\n|c|\u2606Bapanada726|gg wp\n|c|\u2606Kyukutsu|Gg\n|c|\u2606Kyukutsu|Yoyve got an interesting team\n","uploadtime":1698346642,"views":17,"p1id":"bapanada726","p2id":"kyukutsu","formatid":"gen9doublesou","rating":1520,"private":0,"password":""}