{"id":"gen9doublesou-1974619963","p1":"chale11!","p2":"Thehombre","format":"[Gen 9] Doubles OU","log":"|j|\u2606chale11!\n|j|\u2606Thehombre\n|t:|1698103358\n|gametype|doubles\n|player|p1|chale11!|1|1177\n|player|p2|Thehombre|265|1059\n|teamsize|p1|6\n|teamsize|p2|6\n|gen|9\n|tier|[Gen 9] Doubles OU\n|rated|\n|rule|Species Clause: Limit one of each Pok\u00e9mon\n|rule|OHKO Clause: OHKO moves are banned\n|rule|Evasion Moves Clause: Evasion moves are banned\n|rule|Gravity Sleep Clause: The combination of sleep-inducing moves with imperfect accuracy and Gravity or Gigantamax Orbeetle are banned\n|rule|Endless Battle Clause: Forcing endless battles is banned\n|rule|HP Percentage Mod: HP is shown in percentages\n|clearpoke\n|poke|p1|Cresselia, F|\n|poke|p1|Gyarados, M|\n|poke|p1|Tornadus, M|\n|poke|p1|Uxie|\n|poke|p1|Goodra-Hisui, F|\n|poke|p1|Iron Hands|\n|poke|p2|Overqwil, F|\n|poke|p2|Jirachi|\n|poke|p2|Umbreon, M|\n|poke|p2|Tsareena, F|\n|poke|p2|Vaporeon, M|\n|poke|p2|Articuno|\n|teampreview\n|inactive|Battle timer is ON: inactive players will automatically lose when time's up. (requested by chale11!)\n|\n|t:|1698103386\n|start\n|switch|p1a: Goodra|Goodra-Hisui, F, shiny|100\/100\n|switch|p1b: Tornadus|Tornadus, M|100\/100\n|switch|p2a: Vaporeon|Vaporeon, M|100\/100\n|switch|p2b: Tsareena|Tsareena, F|100\/100\n|turn|1\n|\n|t:|1698103396\n|move|p1b: Tornadus|Bleakwind Storm|p2a: Vaporeon|[spread] p2a,p2b\n|-supereffective|p2b: Tsareena\n|-damage|p2a: Vaporeon|78\/100\n|-damage|p2b: Tsareena|57\/100\n|-unboost|p2b: Tsareena|spe|1\n|move|p2a: Vaporeon|Calm Mind|p2a: Vaporeon\n|-boost|p2a: Vaporeon|spa|1\n|-boost|p2a: Vaporeon|spd|1\n|move|p1a: Goodra|Ice Beam|p2b: Tsareena\n|-supereffective|p2b: Tsareena\n|-damage|p2b: Tsareena|19\/100\n|move|p2b: Tsareena|Light Screen|p2b: Tsareena\n|-sidestart|p2: Thehombre|move: Light Screen\n|\n|-heal|p2a: Vaporeon|84\/100|[from] item: Leftovers\n|upkeep\n|turn|2\n|\n|t:|1698103412\n|move|p1b: Tornadus|Taunt||[still]\n|cant|p2b: Tsareena|ability: Queenly Majesty|Taunt|[of] p1b: Tornadus\n|move|p2a: Vaporeon|Acid Armor|p2a: Vaporeon\n|-boost|p2a: Vaporeon|def|2\n|move|p1a: Goodra|Earthquake|p2a: Vaporeon|[spread] p2a,p2b\n|-immune|p1b: Tornadus\n|-resisted|p2b: Tsareena\n|-damage|p2a: Vaporeon|72\/100\n|-damage|p2b: Tsareena|8\/100\n|move|p2b: Tsareena|Acupressure|p2a: Vaporeon\n|-boost|p2a: Vaporeon|def|2\n|\n|-heal|p2a: Vaporeon|78\/100|[from] item: Leftovers\n|upkeep\n|turn|3\n|\n|t:|1698103424\n|move|p1b: Tornadus|Bleakwind Storm|p2a: Vaporeon|[spread] p2b\n|-miss|p1b: Tornadus|p2a: Vaporeon\n|-supereffective|p2b: Tsareena\n|-damage|p2b: Tsareena|0 fnt\n|faint|p2b: Tsareena\n|move|p2a: Vaporeon|Calm Mind|p2a: Vaporeon\n|-boost|p2a: Vaporeon|spa|1\n|-boost|p2a: Vaporeon|spd|1\n|move|p1a: Goodra|Earthquake|p2a: Vaporeon|[spread] p2a\n|-immune|p1b: Tornadus\n|-damage|p2a: Vaporeon|70\/100\n|\n|-heal|p2a: Vaporeon|76\/100|[from] item: Leftovers\n|upkeep\n|\n|t:|1698103436\n|switch|p2b: Overqwil|Overqwil, F|100\/100\n|turn|4\n|\n|t:|1698103442\n|move|p1b: Tornadus|Taunt|p2a: Vaporeon\n|-start|p2a: Vaporeon|move: Taunt\n|move|p2b: Overqwil|Acupressure|p2a: Vaporeon\n|-boost|p2a: Vaporeon|atk|2\n|cant|p2a: Vaporeon|move: Taunt|Acid Armor\n|move|p1a: Goodra|Earthquake|p2b: Overqwil|[spread] p2a,p2b\n|-immune|p1b: Tornadus\n|-supereffective|p2b: Overqwil\n|-damage|p2a: Vaporeon|67\/100\n|-damage|p2b: Overqwil|54\/100\n|\n|-heal|p2a: Vaporeon|73\/100|[from] item: Leftovers\n|upkeep\n|turn|5\n|\n|t:|1698103461\n|move|p1b: Tornadus|Taunt|p2b: Overqwil\n|-hint|Since gen 7, Dark is immune to Prankster moves.\n|-immune|p2b: Overqwil\n|move|p2b: Overqwil|Acupressure|p2a: Vaporeon\n|-boost|p2a: Vaporeon|def|2\n|move|p2a: Vaporeon|Stored Power|p1b: Tornadus\n|-damage|p1b: Tornadus|0 fnt\n|faint|p1b: Tornadus\n|move|p1a: Goodra|Earthquake|p2a: Vaporeon|[spread] p2a,p2b\n|-supereffective|p2b: Overqwil\n|-damage|p2a: Vaporeon|67\/100\n|-damage|p2b: Overqwil|4\/100\n|\n|-heal|p2a: Vaporeon|74\/100|[from] item: Leftovers\n|upkeep\n|\n|t:|1698103474\n|switch|p1b: Cresselia|Cresselia, F|100\/100\n|turn|6\n|\n|t:|1698103483\n|move|p2b: Overqwil|Acupressure|p2a: Vaporeon\n|-boost|p2a: Vaporeon|spd|2\n|move|p1b: Cresselia|Icy Wind|p2b: Overqwil|[spread] p2a,p2b\n|-resisted|p2a: Vaporeon\n|-damage|p2a: Vaporeon|73\/100\n|-damage|p2b: Overqwil|0 fnt\n|-unboost|p2a: Vaporeon|spe|1\n|faint|p2b: Overqwil\n|move|p1a: Goodra|Earthquake|p2a: Vaporeon|[spread] p2a\n|-immune|p1b: Cresselia|[from] ability: Levitate\n|-damage|p2a: Vaporeon|67\/100\n|move|p2a: Vaporeon|Stored Power|p1a: Goodra\n|-resisted|p1a: Goodra\n|-damage|p1a: Goodra|54\/100\n|\n|-heal|p2a: Vaporeon|73\/100|[from] item: Leftovers\n|-end|p2a: Vaporeon|move: Taunt\n|upkeep\n|\n|t:|1698103502\n|switch|p2b: Articuno|Articuno|100\/100\n|-ability|p2b: Articuno|Pressure\n|turn|7\n|\n|t:|1698103511\n|move|p2b: Articuno|Ice Beam|p1a: Goodra\n|-damage|p1a: Goodra|35\/100\n|move|p1b: Cresselia|Icy Wind|p2b: Articuno|[spread] p2a,p2b\n|-resisted|p2a: Vaporeon\n|-damage|p2a: Vaporeon|72\/100\n|-damage|p2b: Articuno|96\/100\n|-unboost|p2a: Vaporeon|spe|1\n|move|p1a: Goodra|Rock Slide|p2a: Vaporeon|[spread] p2a,p2b\n|-supereffective|p2b: Articuno\n|-damage|p2a: Vaporeon|68\/100\n|-damage|p2b: Articuno|33\/100\n|cant|p2a: Vaporeon|flinch\n|\n|-heal|p2a: Vaporeon|74\/100|[from] item: Leftovers\n|upkeep\n|turn|8\n|inactive|Thehombre has 120 seconds left.\n|\n|t:|1698103542\n|move|p2b: Articuno|Ice Beam|p1a: Goodra\n|-damage|p1a: Goodra|17\/100\n|move|p1b: Cresselia|Lunar Blessing|p1b: Cresselia|[spread] p1a,p1b\n|-heal|p1a: Goodra|42\/100\n|move|p1a: Goodra|Rock Slide|p2a: Vaporeon|[spread] p2a,p2b\n|-supereffective|p2b: Articuno\n|-damage|p2a: Vaporeon|70\/100\n|-damage|p2b: Articuno|0 fnt\n|faint|p2b: Articuno\n|move|p2a: Vaporeon|Stored Power|p1a: Goodra\n|-resisted|p1a: Goodra\n|-damage|p1a: Goodra|0 fnt\n|faint|p1a: Goodra\n|\n|-heal|p2a: Vaporeon|76\/100|[from] item: Leftovers\n|-sideend|p2: Thehombre|move: Light Screen\n|upkeep\n|\n|t:|1698103556\n|switch|p2b: Umbreon|Umbreon, M|100\/100\n|switch|p1a: Uxie|Uxie|100\/100\n|turn|9\n|\n|t:|1698103566\n|move|p1a: Uxie|Yawn|p2a: Vaporeon\n|-start|p2a: Vaporeon|move: Yawn|[of] p1a: Uxie\n|move|p1b: Cresselia|Dazzling Gleam|p2b: Umbreon|[spread] p2a,p2b\n|-supereffective|p2b: Umbreon\n|-damage|p2a: Vaporeon|73\/100\n|-damage|p2b: Umbreon|84\/100\n|move|p2b: Umbreon|Curse|p2b: Umbreon\n|-unboost|p2b: Umbreon|spe|1\n|-boost|p2b: Umbreon|atk|1\n|-boost|p2b: Umbreon|def|1\n|move|p2a: Vaporeon|Calm Mind|p2a: Vaporeon\n|-boost|p2a: Vaporeon|spa|1\n|-boost|p2a: Vaporeon|spd|1\n|\n|-heal|p2b: Umbreon|90\/100|[from] item: Leftovers\n|-heal|p2a: Vaporeon|79\/100|[from] item: Leftovers\n|upkeep\n|turn|10\n|\n|t:|1698103585\n|move|p1a: Uxie|Yawn|p2b: Umbreon\n|-start|p2b: Umbreon|move: Yawn|[of] p1a: Uxie\n|move|p1b: Cresselia|Calm Mind|p1b: Cresselia\n|-boost|p1b: Cresselia|spa|1\n|-boost|p1b: Cresselia|spd|1\n|move|p2b: Umbreon|Curse|p2b: Umbreon\n|-unboost|p2b: Umbreon|spe|1\n|-boost|p2b: Umbreon|atk|1\n|-boost|p2b: Umbreon|def|1\n|move|p2a: Vaporeon|Scald|p1a: Uxie\n|-damage|p1a: Uxie|44\/100\n|-enditem|p1a: Uxie|Sitrus Berry|[eat]\n|-heal|p1a: Uxie|69\/100|[from] item: Sitrus Berry\n|\n|-heal|p2a: Vaporeon|85\/100|[from] item: Leftovers\n|-heal|p2b: Umbreon|96\/100|[from] item: Leftovers\n|-end|p2a: Vaporeon|move: Yawn|[silent]\n|-status|p2a: Vaporeon|slp\n|upkeep\n|turn|11\n|\n|t:|1698103603\n|switch|p1a: Iron Hands|Iron Hands, shiny|100\/100\n|-enditem|p1a: Iron Hands|Booster Energy\n|-activate|p1a: Iron Hands|ability: Quark Drive|[fromitem]\n|-start|p1a: Iron Hands|quarkdriveatk\n|move|p1b: Cresselia|Calm Mind|p1b: Cresselia\n|-boost|p1b: Cresselia|spa|1\n|-boost|p1b: Cresselia|spd|1\n|cant|p2a: Vaporeon|slp\n|move|p2b: Umbreon|Crunch|p1b: Cresselia\n|-supereffective|p1b: Cresselia\n|-damage|p1b: Cresselia|61\/100\n|\n|-heal|p1b: Cresselia|67\/100|[from] item: Leftovers\n|-heal|p2a: Vaporeon|91\/100 slp|[from] item: Leftovers\n|-heal|p2b: Umbreon|100\/100|[from] item: Leftovers\n|-end|p2b: Umbreon|move: Yawn|[silent]\n|-status|p2b: Umbreon|slp\n|upkeep\n|turn|12\n|\n|t:|1698103617\n|move|p1b: Cresselia|Calm Mind|p1b: Cresselia\n|-boost|p1b: Cresselia|spa|1\n|-boost|p1b: Cresselia|spd|1\n|move|p1a: Iron Hands|Swords Dance|p1a: Iron Hands\n|-boost|p1a: Iron Hands|atk|2\n|cant|p2a: Vaporeon|slp\n|cant|p2b: Umbreon|slp\n|\n|-heal|p1b: Cresselia|73\/100|[from] item: Leftovers\n|-heal|p2a: Vaporeon|97\/100 slp|[from] item: Leftovers\n|upkeep\n|turn|13\n|\n|t:|1698103628\n|move|p1b: Cresselia|Dazzling Gleam|p2b: Umbreon|[spread] p2a,p2b\n|-supereffective|p2b: Umbreon\n|-damage|p2a: Vaporeon|91\/100 slp\n|-damage|p2b: Umbreon|65\/100 slp\n|move|p1a: Iron Hands|Thunder Punch|p2a: Vaporeon\n|-supereffective|p2a: Vaporeon\n|-damage|p2a: Vaporeon|40\/100 slp\n|-curestatus|p2a: Vaporeon|slp|[msg]\n|move|p2a: Vaporeon|Stored Power|p1a: Iron Hands\n|-supereffective|p1a: Iron Hands\n|-damage|p1a: Iron Hands|0 fnt\n|faint|p1a: Iron Hands\n|-end|p1a: Iron Hands|Quark Drive|[silent]\n|-curestatus|p2b: Umbreon|slp|[msg]\n|move|p2b: Umbreon|Crunch|p1b: Cresselia\n|-supereffective|p1b: Cresselia\n|-damage|p1b: Cresselia|28\/100\n|\n|-heal|p1b: Cresselia|35\/100|[from] item: Leftovers\n|-heal|p2a: Vaporeon|46\/100|[from] item: Leftovers\n|-heal|p2b: Umbreon|71\/100|[from] item: Leftovers\n|upkeep\n|\n|t:|1698103641\n|switch|p1a: Uxie|Uxie|69\/100\n|turn|14\n|c|\u2606Thehombre|Lol\n|\n|t:|1698103649\n|move|p1a: Uxie|Yawn|p2a: Vaporeon\n|-start|p2a: Vaporeon|move: Yawn|[of] p1a: Uxie\n|move|p1b: Cresselia|Dazzling Gleam|p2b: Umbreon|[spread] p2a,p2b\n|-supereffective|p2b: Umbreon\n|-damage|p2a: Vaporeon|40\/100\n|-damage|p2b: Umbreon|31\/100\n|move|p2a: Vaporeon|Scald|p1a: Uxie\n|-damage|p1a: Uxie|10\/100\n|move|p2b: Umbreon|Crunch|p1b: Cresselia\n|-supereffective|p1b: Cresselia\n|-damage|p1b: Cresselia|0 fnt\n|faint|p1b: Cresselia\n|\n|-heal|p2a: Vaporeon|46\/100|[from] item: Leftovers\n|-heal|p2b: Umbreon|38\/100|[from] item: Leftovers\n|upkeep\n|\n|t:|1698103660\n|switch|p1b: Gyarados|Gyarados, M, shiny|100\/100\n|-ability|p1b: Gyarados|Intimidate|boost\n|-unboost|p2a: Vaporeon|atk|1\n|-unboost|p2b: Umbreon|atk|1\n|turn|15\n|\n|t:|1698103669\n|move|p1b: Gyarados|Protect|p1b: Gyarados\n|-singleturn|p1b: Gyarados|Protect\n|move|p1a: Uxie|Yawn|p2b: Umbreon\n|-start|p2b: Umbreon|move: Yawn|[of] p1a: Uxie\n|move|p2a: Vaporeon|Stored Power|p1b: Gyarados\n|-activate|p1b: Gyarados|move: Protect\n|move|p2b: Umbreon|Crunch|p1b: Gyarados\n|-activate|p1b: Gyarados|move: Protect\n|\n|-heal|p2a: Vaporeon|52\/100|[from] item: Leftovers\n|-heal|p2b: Umbreon|44\/100|[from] item: Leftovers\n|-end|p2a: Vaporeon|move: Yawn|[silent]\n|-status|p2a: Vaporeon|slp\n|upkeep\n|turn|16\n|\n|t:|1698103681\n|move|p1b: Gyarados|Dragon Dance|p1b: Gyarados\n|-boost|p1b: Gyarados|atk|1\n|-boost|p1b: Gyarados|spe|1\n|move|p1a: Uxie|Mystical Power|p2a: Vaporeon|[miss]\n|-miss|p1a: Uxie|p2a: Vaporeon\n|cant|p2a: Vaporeon|slp\n|move|p2b: Umbreon|Crunch|p1b: Gyarados\n|-crit|p1b: Gyarados\n|-damage|p1b: Gyarados|44\/100\n|\n|-heal|p2a: Vaporeon|58\/100 slp|[from] item: Leftovers\n|-heal|p2b: Umbreon|50\/100|[from] item: Leftovers\n|-end|p2b: Umbreon|move: Yawn|[silent]\n|-status|p2b: Umbreon|slp\n|upkeep\n|turn|17\n|\n|t:|1698103693\n|move|p1b: Gyarados|Earthquake|p2a: Vaporeon|[spread] p2a,p2b\n|-immune|p1a: Uxie|[from] ability: Levitate\n|-damage|p2a: Vaporeon|43\/100 slp\n|-damage|p2b: Umbreon|26\/100 slp\n|-damage|p1b: Gyarados|34\/100|[from] item: Life Orb\n|move|p1a: Uxie|Mystical Power|p2a: Vaporeon\n|-damage|p2a: Vaporeon|38\/100 slp\n|-boost|p1a: Uxie|spa|1\n|cant|p2a: Vaporeon|slp\n|cant|p2b: Umbreon|slp\n|\n|-heal|p2a: Vaporeon|44\/100 slp|[from] item: Leftovers\n|-heal|p2b: Umbreon|32\/100 slp|[from] item: Leftovers\n|upkeep\n|turn|18\n|\n|t:|1698103707\n|move|p1b: Gyarados|Earthquake|p2a: Vaporeon|[spread] p2a,p2b\n|-immune|p1a: Uxie|[from] ability: Levitate\n|-damage|p2a: Vaporeon|28\/100 slp\n|-damage|p2b: Umbreon|10\/100 slp\n|-damage|p1b: Gyarados|24\/100|[from] item: Life Orb\n|move|p1a: Uxie|Mystical Power|p2a: Vaporeon\n|-damage|p2a: Vaporeon|22\/100 slp\n|-boost|p1a: Uxie|spa|1\n|cant|p2a: Vaporeon|slp\n|cant|p2b: Umbreon|slp\n|\n|-heal|p2a: Vaporeon|28\/100 slp|[from] item: Leftovers\n|-heal|p2b: Umbreon|16\/100 slp|[from] item: Leftovers\n|upkeep\n|turn|19\n|\n|t:|1698103724\n|move|p1b: Gyarados|Earthquake|p2a: Vaporeon|[spread] p2a,p2b\n|-immune|p1a: Uxie|[from] ability: Levitate\n|-damage|p2a: Vaporeon|13\/100 slp\n|-damage|p2b: Umbreon|0 fnt\n|faint|p2b: Umbreon\n|-damage|p1b: Gyarados|14\/100|[from] item: Life Orb\n|move|p1a: Uxie|Mystical Power|p2a: Vaporeon\n|-damage|p2a: Vaporeon|5\/100 slp\n|-boost|p1a: Uxie|spa|1\n|-curestatus|p2a: Vaporeon|slp|[msg]\n|move|p2a: Vaporeon|Stored Power|p1b: Gyarados\n|-damage|p1b: Gyarados|0 fnt\n|faint|p1b: Gyarados\n|\n|-heal|p2a: Vaporeon|11\/100|[from] item: Leftovers\n|upkeep\n|\n|t:|1698103735\n|switch|p2b: Jirachi|Jirachi|100\/100\n|turn|20\n|\n|t:|1698103745\n|move|p2b: Jirachi|Calm Mind|p2b: Jirachi\n|-boost|p2b: Jirachi|spa|1\n|-boost|p2b: Jirachi|spd|1\n|move|p1a: Uxie|Mystical Power|p2a: Vaporeon\n|-damage|p2a: Vaporeon|0 fnt\n|-boost|p1a: Uxie|spa|1\n|faint|p2a: Vaporeon\n|\n|upkeep\n|turn|21\n|\n|t:|1698103754\n|move|p2b: Jirachi|Calm Mind|p2b: Jirachi\n|-boost|p2b: Jirachi|spa|1\n|-boost|p2b: Jirachi|spd|1\n|move|p1a: Uxie|Yawn|p2b: Jirachi\n|-start|p2b: Jirachi|move: Yawn|[of] p1a: Uxie\n|\n|upkeep\n|turn|22\n|\n|t:|1698103760\n|move|p1a: Uxie|Protect|p1a: Uxie\n|-singleturn|p1a: Uxie|Protect\n|move|p2b: Jirachi|Psychic|p1a: Uxie\n|-activate|p1a: Uxie|move: Protect\n|\n|-end|p2b: Jirachi|move: Yawn|[silent]\n|-status|p2b: Jirachi|slp\n|upkeep\n|turn|23\n|\n|t:|1698103765\n|cant|p2b: Jirachi|slp\n|move|p1a: Uxie|Mystical Power|p2b: Jirachi\n|-resisted|p2b: Jirachi\n|-damage|p2b: Jirachi|94\/100 slp\n|-boost|p1a: Uxie|spa|1\n|\n|-heal|p2b: Jirachi|100\/100 slp|[from] item: Leftovers\n|upkeep\n|turn|24\n|\n|t:|1698103771\n|cant|p2b: Jirachi|slp\n|move|p1a: Uxie|Mystical Power|p2b: Jirachi\n|-resisted|p2b: Jirachi\n|-damage|p2b: Jirachi|93\/100 slp\n|-boost|p1a: Uxie|spa|1\n|\n|-heal|p2b: Jirachi|99\/100 slp|[from] item: Leftovers\n|upkeep\n|turn|25\n|\n|t:|1698103776\n|-curestatus|p2b: Jirachi|slp|[msg]\n|move|p2b: Jirachi|Calm Mind|p2b: Jirachi\n|-boost|p2b: Jirachi|spa|1\n|-boost|p2b: Jirachi|spd|1\n|move|p1a: Uxie|Mystical Power|p2b: Jirachi\n|-resisted|p2b: Jirachi\n|-damage|p2b: Jirachi|92\/100\n|\n|-heal|p2b: Jirachi|98\/100|[from] item: Leftovers\n|upkeep\n|turn|26\n|\n|t:|1698103781\n|move|p2b: Jirachi|Stored Power|p1a: Uxie\n|-resisted|p1a: Uxie\n|-damage|p1a: Uxie|0 fnt\n|faint|p1a: Uxie\n|\n|win|Thehombre\n|raw|chale11!'s rating: 1177 &rarr; <strong>1144<\/strong><br \/>(-33 for losing)\n|raw|Thehombre's rating: 1059 &rarr; <strong>1100<\/strong><br \/>(+41 for winning)\n","uploadtime":1698103784,"views":19,"p1id":"chale11","p2id":"thehombre","formatid":"gen9doublesou","rating":1100,"private":0,"password":""}