{"id":"gen9doublesou-1977961313","p1":"Kingkhy25","p2":"mikeyuwu","format":"[Gen 9] Doubles OU","log":"|j|\u2606Kingkhy25\n|j|\u2606mikeyuwu\n|t:|1698473716\n|gametype|doubles\n|player|p1|Kingkhy25|harlequin|1244\n|player|p2|mikeyuwu|psychic-gen4|1237\n|teamsize|p1|6\n|teamsize|p2|6\n|gen|9\n|tier|[Gen 9] Doubles OU\n|rated|\n|rule|Species Clause: Limit one of each Pok\u00e9mon\n|rule|OHKO Clause: OHKO moves are banned\n|rule|Evasion Moves Clause: Evasion moves are banned\n|rule|Gravity Sleep Clause: The combination of sleep-inducing moves with imperfect accuracy and Gravity or Gigantamax Orbeetle are banned\n|rule|Endless Battle Clause: Forcing endless battles is banned\n|rule|HP Percentage Mod: HP is shown in percentages\n|clearpoke\n|poke|p1|Kommo-o, M|\n|poke|p1|Grimmsnarl, M|\n|poke|p1|Pincurchin, M|\n|poke|p1|Iron Valiant|\n|poke|p1|Milotic, M|\n|poke|p1|Ting-Lu|\n|poke|p2|Garchomp, M|\n|poke|p2|Tyranitar, F|\n|poke|p2|Vaporeon, F|\n|poke|p2|Toxicroak, M|\n|poke|p2|Pelipper, F|\n|poke|p2|Abomasnow, M|\n|teampreview\n|inactive|Battle timer is ON: inactive players will automatically lose when time's up. (requested by Kingkhy25)\n|\n|t:|1698473740\n|start\n|switch|p1a: Grimmsnarl|Grimmsnarl, M, shiny|100\/100\n|switch|p1b: Milotic|Milotic, M, shiny|100\/100\n|switch|p2a: OTLHPM|Toxicroak, M|100\/100\n|switch|p2b: Cold Shoulder|Abomasnow, M, shiny|100\/100\n|-weather|Snow|[from] ability: Snow Warning|[of] p2b: Cold Shoulder\n|turn|1\n|\n|t:|1698473768\n|move|p1a: Grimmsnarl|Parting Shot|p2b: Cold Shoulder\n|-unboost|p2b: Cold Shoulder|atk|1\n|-unboost|p2b: Cold Shoulder|spa|1\n|\n|t:|1698473776\n|switch|p1a: Pincurchin|Pincurchin, M, shiny|100\/100|[from] Parting Shot\n|-fieldstart|move: Electric Terrain|[from] ability: Electric Surge|[of] p1a: Pincurchin\n|move|p2a: OTLHPM|Poison Jab|p1a: Pincurchin\n|-damage|p1a: Pincurchin|66\/100\n|move|p1b: Milotic|Icy Wind|p2a: OTLHPM|[spread] p2a,p2b\n|-damage|p2a: OTLHPM|89\/100\n|-damage|p2b: Cold Shoulder|89\/100\n|-unboost|p2a: OTLHPM|spe|1\n|-unboost|p2b: Cold Shoulder|spe|1\n|move|p2b: Cold Shoulder|Leech Seed|p1b: Milotic\n|-start|p1b: Milotic|move: Leech Seed\n|\n|-weather|Snow|[upkeep]\n|-heal|p2a: OTLHPM|95\/100|[from] item: Black Sludge\n|-damage|p1b: Milotic|88\/100|[from] Leech Seed|[of] p2b: Cold Shoulder\n|-heal|p2b: Cold Shoulder|100\/100|[silent]\n|upkeep\n|turn|2\n|\n|t:|1698473803\n|switch|p1b: Ting-Lu|Ting-Lu|100\/100\n|-ability|p1b: Ting-Lu|Vessel of Ruin\n|move|p2a: OTLHPM|Poison Jab|p1a: Pincurchin\n|-damage|p1a: Pincurchin|31\/100\n|move|p2b: Cold Shoulder|Leech Seed|p1a: Pincurchin\n|-start|p1a: Pincurchin|move: Leech Seed\n|move|p1a: Pincurchin|Spikes|p2a: OTLHPM\n|-sidestart|p2: mikeyuwu|Spikes\n|\n|-weather|Snow|[upkeep]\n|-heal|p2a: OTLHPM|100\/100|[from] item: Black Sludge\n|-damage|p1a: Pincurchin|19\/100|[from] Leech Seed|[of] p2b: Cold Shoulder\n|upkeep\n|turn|3\n|\n|t:|1698473829\n|switch|p2a: Extra Spicy|Garchomp, M|100\/100\n|-damage|p2a: Extra Spicy|88\/100|[from] Spikes\n|move|p1b: Ting-Lu|Stealth Rock|p2a: Extra Spicy\n|-sidestart|p2: mikeyuwu|move: Stealth Rock\n|move|p2b: Cold Shoulder|Leech Seed|p1b: Ting-Lu\n|-start|p1b: Ting-Lu|move: Leech Seed\n|move|p1a: Pincurchin|Spikes|p2a: Extra Spicy\n|-sidestart|p2: mikeyuwu|Spikes\n|\n|-weather|Snow|[upkeep]\n|-damage|p1b: Ting-Lu|88\/100|[from] Leech Seed|[of] p2b: Cold Shoulder\n|-damage|p1a: Pincurchin|7\/100|[from] Leech Seed|[of] p2b: Cold Shoulder\n|upkeep\n|turn|4\n|\n|t:|1698473856\n|move|p2a: Extra Spicy|Earthquake|p1b: Ting-Lu|[spread] p2b,p1a,p1b\n|-resisted|p2b: Cold Shoulder\n|-supereffective|p1a: Pincurchin\n|-damage|p2b: Cold Shoulder|92\/100\n|-damage|p1a: Pincurchin|0 fnt\n|-damage|p1b: Ting-Lu|74\/100\n|faint|p1a: Pincurchin\n|move|p2b: Cold Shoulder|Blizzard|p1b: Ting-Lu\n|-supereffective|p1b: Ting-Lu\n|-damage|p1b: Ting-Lu|40\/100\n|move|p1b: Ting-Lu|Whirlwind|p2b: Cold Shoulder\n|drag|p2b: Harmacy|Vaporeon, F|100\/100\n|-damage|p2b: Harmacy|84\/100|[from] Spikes\n|-damage|p2b: Harmacy|72\/100|[from] Stealth Rock\n|\n|-weather|Snow|[upkeep]\n|-heal|p2b: Harmacy|78\/100|[from] item: Leftovers\n|-heal|p1b: Ting-Lu|46\/100|[from] item: Leftovers\n|-damage|p1b: Ting-Lu|34\/100|[from] Leech Seed|[of] p2b: Harmacy\n|-heal|p2b: Harmacy|91\/100|[silent]\n|upkeep\n|inactive|Kingkhy25 has 120 seconds left.\n|\n|t:|1698473876\n|switch|p1a: Iron Valiant|Iron Valiant, shiny|100\/100\n|-activate|p1a: Iron Valiant|ability: Quark Drive\n|-start|p1a: Iron Valiant|quarkdrivespe\n|turn|5\n|inactive|Kingkhy25 has 120 seconds left.\n|\n|t:|1698473894\n|-terastallize|p2a: Extra Spicy|Steel\n|move|p1a: Iron Valiant|Spirit Break|p2a: Extra Spicy\n|-resisted|p2a: Extra Spicy\n|-damage|p2a: Extra Spicy|77\/100\n|-unboost|p2a: Extra Spicy|spa|1\n|-damage|p1a: Iron Valiant|88\/100|[from] ability: Rough Skin|[of] p2a: Extra Spicy\n|-damage|p1a: Iron Valiant|71\/100|[from] item: Rocky Helmet|[of] p2a: Extra Spicy\n|move|p2a: Extra Spicy|Poison Jab|p1a: Iron Valiant\n|-supereffective|p1a: Iron Valiant\n|-damage|p1a: Iron Valiant|17\/100\n|-status|p1a: Iron Valiant|psn\n|move|p2b: Harmacy|Weather Ball|p1b: Ting-Lu\n|-supereffective|p1b: Ting-Lu\n|-damage|p1b: Ting-Lu|2\/100\n|move|p1b: Ting-Lu|Whirlwind|p2b: Harmacy\n|drag|p2b: ThcrThnSnkr|Tyranitar, F|100\/100\n|-damage|p2b: ThcrThnSnkr|84\/100|[from] Spikes\n|-damage|p2b: ThcrThnSnkr|72\/100|[from] Stealth Rock\n|-weather|Sandstorm|[from] ability: Sand Stream|[of] p2b: ThcrThnSnkr\n|\n|-weather|Sandstorm|[upkeep]\n|-damage|p1a: Iron Valiant|11\/100 psn|[from] Sandstorm\n|-heal|p1b: Ting-Lu|8\/100|[from] item: Leftovers\n|-damage|p1b: Ting-Lu|0 fnt|[from] Leech Seed|[of] p2b: ThcrThnSnkr\n|-heal|p2b: ThcrThnSnkr|83\/100|[silent]\n|faint|p1b: Ting-Lu\n|-damage|p1a: Iron Valiant|0 fnt|[from] psn\n|faint|p1a: Iron Valiant\n|-end|p1a: Iron Valiant|Quark Drive|[silent]\n|upkeep\n|inactive|Kingkhy25 has 120 seconds left.\n|\n|t:|1698473929\n|switch|p1a: Kommo-o|Kommo-o, M, shiny|100\/100\n|switch|p1b: Grimmsnarl|Grimmsnarl, M, shiny|100\/100\n|turn|6\n|\n|t:|1698473942\n|switch|p2b: Weather War|Pelipper, F|100\/100\n|-weather|RainDance|[from] ability: Drizzle|[of] p2b: Weather War\n|-terastallize|p1a: Kommo-o|Water\n|move|p1b: Grimmsnarl|Reflect|p1b: Grimmsnarl\n|-sidestart|p1: Kingkhy25|Reflect\n|move|p1a: Kommo-o|Clangorous Soul|p1a: Kommo-o\n|-boost|p1a: Kommo-o|atk|1\n|-boost|p1a: Kommo-o|def|1\n|-boost|p1a: Kommo-o|spa|1\n|-boost|p1a: Kommo-o|spd|1\n|-boost|p1a: Kommo-o|spe|1\n|-damage|p1a: Kommo-o|68\/100\n|move|p2a: Extra Spicy|Poison Jab|p1a: Kommo-o\n|-damage|p1a: Kommo-o|60\/100\n|-status|p1a: Kommo-o|psn\n|\n|-weather|RainDance|[upkeep]\n|-damage|p1a: Kommo-o|48\/100 psn|[from] psn\n|upkeep\n|turn|7\n|inactive|Kingkhy25 has 120 seconds left.\n|\n|t:|1698473967\n|move|p1b: Grimmsnarl|Light Screen|p1b: Grimmsnarl\n|-sidestart|p1: Kingkhy25|move: Light Screen\n|move|p1a: Kommo-o|Drain Punch|p2a: Extra Spicy\n|-supereffective|p2a: Extra Spicy\n|-damage|p2a: Extra Spicy|29\/100\n|-heal|p1a: Kommo-o|76\/100 psn|[from] drain|[of] p2a: Extra Spicy\n|-damage|p1a: Kommo-o|63\/100 psn|[from] ability: Rough Skin|[of] p2a: Extra Spicy\n|-damage|p1a: Kommo-o|47\/100 psn|[from] item: Rocky Helmet|[of] p2a: Extra Spicy\n|move|p2a: Extra Spicy|Brick Break|p1a: Kommo-o\n|-sideend|p1: Kingkhy25|Reflect\n|-sideend|p1: Kingkhy25|move: Light Screen\n|-damage|p1a: Kommo-o|35\/100 psn\n|move|p2b: Weather War|Hurricane|p1a: Kommo-o\n|-damage|p1a: Kommo-o|12\/100 psn\n|-enditem|p1a: Kommo-o|Aguav Berry|[eat]\n|-heal|p1a: Kommo-o|46\/100 psn|[from] item: Aguav Berry\n|\n|-weather|RainDance|[upkeep]\n|-damage|p1a: Kommo-o|33\/100 psn|[from] psn\n|upkeep\n|turn|8\n|inactive|Kingkhy25 has 120 seconds left.\n|\n|t:|1698473998\n|move|p1b: Grimmsnarl|Parting Shot|p2b: Weather War\n|-unboost|p2b: Weather War|atk|1\n|-unboost|p2b: Weather War|spa|1\n|\n|t:|1698474001\n|switch|p1b: Milotic|Milotic, M, shiny|88\/100|[from] Parting Shot\n|move|p1a: Kommo-o|Drain Punch|p2a: Extra Spicy\n|-supereffective|p2a: Extra Spicy\n|-damage|p2a: Extra Spicy|0 fnt\n|-heal|p1a: Kommo-o|50\/100 psn|[from] drain|[of] p2a: Extra Spicy\n|-damage|p1a: Kommo-o|38\/100 psn|[from] ability: Rough Skin|[of] p2a: Extra Spicy\n|-damage|p1a: Kommo-o|21\/100 psn|[from] item: Rocky Helmet|[of] p2a: Extra Spicy\n|faint|p2a: Extra Spicy\n|move|p2b: Weather War|Hurricane|p1a: Kommo-o\n|-damage|p1a: Kommo-o|6\/100 psn\n|\n|-weather|RainDance|[upkeep]\n|-heal|p1b: Milotic|94\/100|[from] item: Leftovers\n|-damage|p1a: Kommo-o|0 fnt|[from] psn\n|faint|p1a: Kommo-o\n|-fieldend|move: Electric Terrain\n|upkeep\n|-message|Kingkhy25 forfeited.\n|\n|win|mikeyuwu\n|raw|Kingkhy25's rating: 1244 &rarr; <strong>1218<\/strong><br \/>(-26 for losing)\n|raw|mikeyuwu's rating: 1237 &rarr; <strong>1263<\/strong><br \/>(+26 for winning)\n|l|\u2606Kingkhy25\n","uploadtime":1698474023,"views":25,"p1id":"kingkhy25","p2id":"mikeyuwu","formatid":"gen9doublesou","rating":1218,"private":0,"password":""}