{"id":"gen9doublesou-1977031136","p1":"erce1234","p2":"poopdimitri","format":"[Gen 9] Doubles OU","log":"|j|\u2606erce1234\n|j|\u2606poopdimitri\n|t:|1698363767\n|gametype|doubles\n|player|p1|erce1234|bugsy|1208\n|player|p2|poopdimitri|2|1124\n|teamsize|p1|6\n|teamsize|p2|6\n|gen|9\n|tier|[Gen 9] Doubles OU\n|rated|\n|rule|Species Clause: Limit one of each Pok\u00e9mon\n|rule|OHKO Clause: OHKO moves are banned\n|rule|Evasion Moves Clause: Evasion moves are banned\n|rule|Gravity Sleep Clause: The combination of sleep-inducing moves with imperfect accuracy and Gravity or Gigantamax Orbeetle are banned\n|rule|Endless Battle Clause: Forcing endless battles is banned\n|rule|HP Percentage Mod: HP is shown in percentages\n|clearpoke\n|poke|p1|Indeedee-F, F|\n|poke|p1|Snorlax, F|\n|poke|p1|Hatterene, F|\n|poke|p1|Scizor, F|\n|poke|p1|Garganacl, F|\n|poke|p1|Dragapult, F|\n|poke|p2|Clefairy, F|\n|poke|p2|Kommo-o, F|\n|poke|p2|Sylveon, F|\n|poke|p2|Oranguru, F|\n|poke|p2|Ogerpon-Wellspring, F|\n|poke|p2|Flutter Mane|\n|teampreview\n|inactive|Battle timer is ON: inactive players will automatically lose when time's up. (requested by poopdimitri)\n|\n|t:|1698363771\n|start\n|switch|p1a: Indeedee|Indeedee-F, F|100\/100\n|switch|p1b: Snorlax|Snorlax, F|100\/100\n|switch|p2a: Clefairy|Clefairy, F, shiny|100\/100\n|switch|p2b: Kommo-o|Kommo-o, F, shiny|100\/100\n|turn|1\n|\n|t:|1698363784\n|move|p2a: Clefairy|Follow Me|p2a: Clefairy\n|-singleturn|p2a: Clefairy|move: Follow Me\n|move|p2b: Kommo-o|Clangorous Soul|p2b: Kommo-o\n|-boost|p2b: Kommo-o|atk|1\n|-boost|p2b: Kommo-o|def|1\n|-boost|p2b: Kommo-o|spa|1\n|-boost|p2b: Kommo-o|spd|1\n|-boost|p2b: Kommo-o|spe|1\n|-damage|p2b: Kommo-o|68\/100\n|-enditem|p2b: Kommo-o|Throat Spray\n|-boost|p2b: Kommo-o|spa|1|[from] item: Throat Spray\n|move|p1b: Snorlax|Belly Drum|p1b: Snorlax\n|-damage|p1b: Snorlax|50\/100\n|-setboost|p1b: Snorlax|atk|6|[from] move: Belly Drum\n|-enditem|p1b: Snorlax|Aguav Berry|[eat]\n|-heal|p1b: Snorlax|84\/100|[from] item: Aguav Berry\n|move|p1a: Indeedee|Trick Room|p1a: Indeedee\n|-fieldstart|move: Trick Room|[of] p1a: Indeedee\n|\n|upkeep\n|turn|2\n|\n|t:|1698363809\n|move|p2a: Clefairy|Follow Me|p2a: Clefairy\n|-singleturn|p2a: Clefairy|move: Follow Me\n|move|p1a: Indeedee|Follow Me|p1a: Indeedee\n|-singleturn|p1a: Indeedee|move: Follow Me\n|move|p2b: Kommo-o|Vacuum Wave|p1a: Indeedee\n|-damage|p1a: Indeedee|75\/100\n|move|p1b: Snorlax|Body Slam|p2a: Clefairy\n|-damage|p2a: Clefairy|0 fnt\n|faint|p2a: Clefairy\n|\n|upkeep\n|\n|t:|1698363820\n|switch|p2a: Flutter Mane|Flutter Mane|100\/100\n|-enditem|p2a: Flutter Mane|Booster Energy\n|-activate|p2a: Flutter Mane|ability: Protosynthesis|[fromitem]\n|-start|p2a: Flutter Mane|protosynthesisspe\n|turn|3\n|\n|t:|1698363836\n|move|p1a: Indeedee|Follow Me|p1a: Indeedee\n|-singleturn|p1a: Indeedee|move: Follow Me\n|move|p2b: Kommo-o|Vacuum Wave|p1a: Indeedee\n|-damage|p1a: Indeedee|53\/100\n|move|p1b: Snorlax|Body Slam|p2b: Kommo-o\n|-damage|p2b: Kommo-o|0 fnt\n|faint|p2b: Kommo-o\n|move|p2a: Flutter Mane|Dark Pulse|p1a: Indeedee\n|-supereffective|p1a: Indeedee\n|-damage|p1a: Indeedee|16\/100\n|-enditem|p1a: Indeedee|Sitrus Berry|[eat]\n|-heal|p1a: Indeedee|41\/100|[from] item: Sitrus Berry\n|\n|upkeep\n|\n|t:|1698363848\n|switch|p2b: Oranguru|Oranguru, F, shiny|100\/100\n|turn|4\n|\n|t:|1698363857\n|move|p2b: Oranguru|Protect|p2b: Oranguru\n|-singleturn|p2b: Oranguru|Protect\n|move|p1a: Indeedee|Follow Me|p1a: Indeedee\n|-singleturn|p1a: Indeedee|move: Follow Me\n|move|p1b: Snorlax|Crunch|p2a: Flutter Mane\n|-damage|p2a: Flutter Mane|0 fnt\n|faint|p2a: Flutter Mane\n|-end|p2a: Flutter Mane|Protosynthesis|[silent]\n|\n|upkeep\n|\n|t:|1698363865\n|switch|p2a: Sylveon|Sylveon, F, shiny|100\/100\n|turn|5\n|\n|t:|1698363876\n|switch|p2b: Ogerpon|Ogerpon-Wellspring, F|100\/100\n|move|p1a: Indeedee|Follow Me|p1a: Indeedee\n|-singleturn|p1a: Indeedee|move: Follow Me\n|move|p1b: Snorlax|Crunch|p2b: Ogerpon\n|-damage|p2b: Ogerpon|0 fnt\n|faint|p2b: Ogerpon\n|move|p2a: Sylveon|Psych Up|p1a: Indeedee\n|-copyboost|p2a: Sylveon|p1a: Indeedee|[from] move: Psych Up\n|\n|-fieldend|move: Trick Room\n|upkeep\n|\n|t:|1698363886\n|switch|p2b: Oranguru|Oranguru, F, shiny|100\/100\n|turn|6\n|\n|t:|1698363900\n|move|p1a: Indeedee|Follow Me|p1a: Indeedee\n|-singleturn|p1a: Indeedee|move: Follow Me\n|move|p2b: Oranguru|Instruct|p1a: Indeedee\n|-singleturn|p1a: Indeedee|move: Instruct|[of] p2b: Oranguru\n|move|p1a: Indeedee|Follow Me||[still]\n|-fail|p1a: Indeedee\n|move|p2a: Sylveon|Hyper Voice|p1b: Snorlax|[spread] p1a,p1b\n|-damage|p1a: Indeedee|21\/100\n|-damage|p1b: Snorlax|66\/100\n|move|p1b: Snorlax|Body Slam|p2a: Sylveon\n|-damage|p2a: Sylveon|0 fnt\n|faint|p2a: Sylveon\n|\n|upkeep\n|turn|7\n|c|\u2606poopdimitri|gg\n|\n|t:|1698363919\n|move|p1a: Indeedee|Follow Me|p1a: Indeedee\n|-singleturn|p1a: Indeedee|move: Follow Me\n|move|p2b: Oranguru|Instruct|p1a: Indeedee\n|-singleturn|p1a: Indeedee|move: Instruct|[of] p2b: Oranguru\n|move|p1a: Indeedee|Follow Me||[still]\n|-fail|p1a: Indeedee\n|move|p1b: Snorlax|Body Slam|p2b: Oranguru\n|-damage|p2b: Oranguru|0 fnt\n|faint|p2b: Oranguru\n|\n|win|erce1234\n|raw|erce1234's rating: 1208 &rarr; <strong>1227<\/strong><br \/>(+19 for winning)\n|raw|poopdimitri's rating: 1124 &rarr; <strong>1105<\/strong><br \/>(-19 for losing)\n|l|\u2606poopdimitri\n","uploadtime":1698363939,"views":26,"p1id":"erce1234","p2id":"poopdimitri","formatid":"gen9doublesou","rating":1105,"private":0,"password":""}