{"id":"gen9doublesou-1989895743","p1":"cdaivies77","p2":"Danie2294","format":"[Gen 9] Doubles OU","log":"|j|\u2606cdaivies77\n|j|\u2606Danie2294\n|t:|1699904719\n|gametype|doubles\n|player|p1|cdaivies77|1|1207\n|player|p2|Danie2294|marlon|1268\n|teamsize|p1|6\n|teamsize|p2|6\n|gen|9\n|tier|[Gen 9] Doubles OU\n|rated|\n|rule|Species Clause: Limit one of each Pok\u00e9mon\n|rule|OHKO Clause: OHKO moves are banned\n|rule|Evasion Moves Clause: Evasion moves are banned\n|rule|Gravity Sleep Clause: The combination of sleep-inducing moves with imperfect accuracy and Gravity or Gigantamax Orbeetle are banned\n|rule|Endless Battle Clause: Forcing endless battles is banned\n|rule|HP Percentage Mod: HP is shown in percentages\n|clearpoke\n|poke|p1|Politoed, F|\n|poke|p1|Tornadus, M|\n|poke|p1|Sinistcha-Masterpiece|\n|poke|p1|Palafin, M|\n|poke|p1|Thundurus-Therian, M|\n|poke|p1|Grimmsnarl, M|\n|poke|p2|Landorus-Therian, M|\n|poke|p2|Empoleon, F|\n|poke|p2|Tornadus, M|\n|poke|p2|Pelipper, M|\n|poke|p2|Jolteon, M|\n|poke|p2|Palafin, F|\n|teampreview\n|inactive|Battle timer is ON: inactive players will automatically lose when time's up. (requested by Danie2294)\n|\n|t:|1699904732\n|start\n|switch|p1a: Palafin|Palafin, M|100\/100\n|switch|p1b: Tornadus|Tornadus, M|100\/100\n|switch|p2a: Tornadus|Tornadus, M|100\/100\n|switch|p2b: Palafin|Palafin, F|100\/100\n|turn|1\n|\n|t:|1699904757\n|detailschange|p1a: Palafin|Palafin-Hero, M\n|switch|p1a: Grimmsnarl|Grimmsnarl, M|100\/100\n|move|p2a: Tornadus|Tailwind|p2a: Tornadus\n|-sidestart|p2: Danie2294|move: Tailwind\n|move|p2b: Palafin|Flip Turn|p1b: Tornadus\n|-damage|p1b: Tornadus|65\/100\n|inactive|Danie2294 has 120 seconds left.\n|\n|t:|1699904791\n|detailschange|p2b: Palafin|Palafin-Hero, F\n|switch|p2b: Empoleon|Empoleon, F|100\/100|[from] Flip Turn\n|move|p1b: Tornadus|Heat Wave|p2a: Tornadus|[spread] p2a,p2b\n|-damage|p2a: Tornadus|78\/100\n|-damage|p2b: Empoleon|74\/100\n|-status|p2b: Empoleon|brn\n|\n|-damage|p2b: Empoleon|67\/100 brn|[from] brn\n|upkeep\n|turn|2\n|\n|t:|1699904811\n|switch|p2b: Pelipper|Pelipper, M|100\/100\n|-weather|RainDance|[from] ability: Drizzle|[of] p2b: Pelipper\n|move|p1b: Tornadus|Tailwind|p1b: Tornadus\n|-sidestart|p1: cdaivies77|move: Tailwind\n|move|p1a: Grimmsnarl|Parting Shot|p2b: Pelipper\n|-unboost|p2b: Pelipper|atk|1\n|-unboost|p2b: Pelipper|spa|1\n|\n|t:|1699904821\n|switch|p1a: Thundurus|Thundurus-Therian, M|100\/100|[from] Parting Shot\n|move|p2a: Tornadus|Bleakwind Storm|p1a: Thundurus|[spread] p1a,p1b\n|-resisted|p1a: Thundurus\n|-damage|p1a: Thundurus|77\/100\n|-damage|p1b: Tornadus|16\/100\n|-enditem|p1b: Tornadus|Sitrus Berry|[eat]\n|-heal|p1b: Tornadus|40\/100|[from] item: Sitrus Berry\n|\n|-weather|RainDance|[upkeep]\n|upkeep\n|turn|3\n|\n|t:|1699904848\n|switch|p1b: Grimmsnarl|Grimmsnarl, M|100\/100\n|switch|p2b: Landorus|Landorus-Therian, M|100\/100\n|-ability|p2b: Landorus|Intimidate|boost\n|-fail|p1a: Thundurus|unboost|[from] item: Clear Amulet|[of] p1a: Thundurus\n|-unboost|p1b: Grimmsnarl|atk|1\n|move|p2a: Tornadus|Taunt|p1b: Grimmsnarl\n|-hint|Since gen 7, Dark is immune to Prankster moves.\n|-immune|p1b: Grimmsnarl\n|move|p1a: Thundurus|Wildbolt Storm|p2a: Tornadus|[spread] p2a\n|-immune|p2b: Landorus\n|-supereffective|p2a: Tornadus\n|-damage|p2a: Tornadus|0 fnt\n|faint|p2a: Tornadus\n|\n|-weather|RainDance|[upkeep]\n|upkeep\n|\n|t:|1699904867\n|switch|p2a: Empoleon|Empoleon, F|67\/100 brn\n|turn|4\n|\n|t:|1699904886\n|move|p1b: Grimmsnarl|Parting Shot|p2b: Landorus\n|-unboost|p2b: Landorus|atk|1\n|-unboost|p2b: Landorus|spa|1\n|\n|t:|1699904891\n|switch|p1b: Palafin|Palafin-Hero, M|100\/100|[from] Parting Shot\n|-activate|p1b: Palafin|ability: Zero to Hero\n|move|p2b: Landorus|Rock Slide|p1a: Thundurus|[spread] p1a,p1b\n|-supereffective|p1a: Thundurus\n|-damage|p1a: Thundurus|34\/100\n|-damage|p1b: Palafin|86\/100\n|move|p1a: Thundurus|Wildbolt Storm|p2b: Landorus|[spread] p2a\n|-immune|p2b: Landorus\n|-supereffective|p2a: Empoleon\n|-damage|p2a: Empoleon|0 fnt\n|faint|p2a: Empoleon\n|\n|-weather|RainDance|[upkeep]\n|-sideend|p2: Danie2294|move: Tailwind\n|upkeep\n|\n|t:|1699904905\n|switch|p2a: Palafin|Palafin-Hero, F|100\/100\n|-activate|p2a: Palafin|ability: Zero to Hero\n|turn|5\n|\n|t:|1699904914\n|switch|p2b: Pelipper|Pelipper, M|100\/100\n|move|p1a: Thundurus|Protect|p1a: Thundurus\n|-singleturn|p1a: Thundurus|Protect\n|move|p1b: Palafin|Jet Punch|p2b: Pelipper\n|-resisted|p2b: Pelipper\n|-damage|p2b: Pelipper|70\/100\n|-damage|p1b: Palafin|76\/100|[from] item: Life Orb\n|move|p2a: Palafin|Jet Punch|p1a: Thundurus\n|-activate|p1a: Thundurus|move: Protect\n|\n|-weather|RainDance|[upkeep]\n|-sideend|p1: cdaivies77|move: Tailwind\n|upkeep\n|turn|6\n|\n|t:|1699904932\n|switch|p1b: Sinistcha|Sinistcha-Masterpiece|100\/100\n|-heal|p1a: Thundurus|59\/100|[from] ability: Hospitality|[of] p1b: Sinistcha\n|move|p2a: Palafin|Jet Punch|p1a: Thundurus\n|-damage|p1a: Thundurus|0 fnt\n|faint|p1a: Thundurus\n|move|p2b: Pelipper|Hurricane|p1b: Sinistcha\n|-supereffective|p1b: Sinistcha\n|-damage|p1b: Sinistcha|18\/100\n|-start|p1b: Sinistcha|confusion\n|\n|-weather|RainDance|[upkeep]\n|upkeep\n|\n|t:|1699904950\n|switch|p1a: Tornadus|Tornadus, M|40\/100\n|turn|7\n|\n|t:|1699904963\n|move|p2a: Palafin|Jet Punch|p1a: Tornadus\n|-damage|p1a: Tornadus|0 fnt\n|faint|p1a: Tornadus\n|-activate|p1b: Sinistcha|confusion\n|move|p1b: Sinistcha|Matcha Gotcha|p2b: Pelipper|[spread] p2a,p2b\n|-supereffective|p2a: Palafin\n|-damage|p2a: Palafin|51\/100\n|-heal|p1b: Sinistcha|46\/100|[from] drain|[of] p2a: Palafin\n|-damage|p2b: Pelipper|36\/100\n|-heal|p1b: Sinistcha|65\/100|[from] drain|[of] p2b: Pelipper\n|-status|p2b: Pelipper|brn\n|move|p2b: Pelipper|Hurricane|p1b: Sinistcha\n|-supereffective|p1b: Sinistcha\n|-damage|p1b: Sinistcha|0 fnt\n|faint|p1b: Sinistcha\n|\n|-weather|RainDance|[upkeep]\n|-damage|p2b: Pelipper|30\/100 brn|[from] brn\n|upkeep\n|\n|t:|1699904980\n|switch|p1a: Palafin|Palafin-Hero, M|76\/100\n|switch|p1b: Grimmsnarl|Grimmsnarl, M|100\/100\n|turn|8\n|\n|t:|1699904994\n|move|p1a: Palafin|Jet Punch|p2a: Palafin\n|-resisted|p2a: Palafin\n|-damage|p2a: Palafin|8\/100\n|-damage|p1a: Palafin|67\/100|[from] item: Life Orb\n|move|p2a: Palafin|Drain Punch|p1b: Grimmsnarl\n|-damage|p1b: Grimmsnarl|67\/100\n|-heal|p2a: Palafin|24\/100|[from] drain|[of] p1b: Grimmsnarl\n|move|p2b: Pelipper|Hydro Pump|p1b: Grimmsnarl\n|-damage|p1b: Grimmsnarl|10\/100\n|move|p1b: Grimmsnarl|Spirit Break|p2b: Pelipper\n|-damage|p2b: Pelipper|5\/100 brn\n|-unboost|p2b: Pelipper|spa|1\n|\n|-weather|RainDance|[upkeep]\n|-damage|p2b: Pelipper|0 fnt|[from] brn\n|faint|p2b: Pelipper\n|upkeep\n|\n|t:|1699905009\n|switch|p2b: Jolteon|Jolteon, M|100\/100\n|turn|9\n|\n|t:|1699905036\n|switch|p1a: Politoed|Politoed, F, shiny|100\/100\n|move|p2b: Jolteon|Protect|p2b: Jolteon\n|-singleturn|p2b: Jolteon|Protect\n|move|p2a: Palafin|Jet Punch|p1a: Politoed\n|-resisted|p1a: Politoed\n|-damage|p1a: Politoed|63\/100\n|move|p1b: Grimmsnarl|Spirit Break|p2b: Jolteon\n|-activate|p2b: Jolteon|move: Protect\n|\n|-weather|none\n|-status|p2b: Jolteon|brn|[from] item: Flame Orb\n|upkeep\n|turn|10\n|\n|t:|1699905066\n|move|p2a: Palafin|Jet Punch|p1b: Grimmsnarl\n|-damage|p1b: Grimmsnarl|0 fnt\n|faint|p1b: Grimmsnarl\n|move|p2b: Jolteon|Electro Ball|p1a: Politoed\n|-supereffective|p1a: Politoed\n|-damage|p1a: Politoed|3\/100\n|move|p1a: Politoed|Encore|p2a: Palafin\n|-start|p2a: Palafin|Encore\n|\n|-damage|p2b: Jolteon|95\/100 brn|[from] brn\n|upkeep\n|\n|t:|1699905075\n|switch|p1b: Palafin|Palafin-Hero, M|67\/100\n|turn|11\n|\n|t:|1699905100\n|switch|p2a: Landorus|Landorus-Therian, M|100\/100\n|-ability|p2a: Landorus|Intimidate|boost\n|-unboost|p1a: Politoed|atk|1\n|-unboost|p1b: Palafin|atk|1\n|move|p1a: Politoed|Protect|p1a: Politoed\n|-singleturn|p1a: Politoed|Protect\n|move|p1b: Palafin|Jet Punch|p2b: Jolteon\n|-damage|p2b: Jolteon|37\/100 brn\n|-damage|p1b: Palafin|57\/100|[from] item: Life Orb\n|move|p2b: Jolteon|Electro Ball|p1b: Palafin\n|-supereffective|p1b: Palafin\n|-damage|p1b: Palafin|0 fnt\n|faint|p1b: Palafin\n|\n|-damage|p2b: Jolteon|31\/100 brn|[from] brn\n|upkeep\n|turn|12\n|inactive|cdaivies77 has 120 seconds left.\n|c|\u2606Danie2294|Gg\n|\n|t:|1699905133\n|switch|p2a: Palafin|Palafin-Hero, F|24\/100\n|-terastallize|p1a: Politoed|Ground\n|move|p2b: Jolteon|Electro Ball|p1a: Politoed\n|-immune|p1a: Politoed\n|move|p1a: Politoed|Chilling Water|p2a: Palafin\n|-resisted|p2a: Palafin\n|-damage|p2a: Palafin|15\/100\n|-unboost|p2a: Palafin|atk|1\n|\n|-damage|p2b: Jolteon|25\/100 brn|[from] brn\n|upkeep\n|turn|13\n|\n|t:|1699905146\n|-terastallize|p2b: Jolteon|Ice\n|move|p1a: Politoed|Protect|p1a: Politoed\n|-singleturn|p1a: Politoed|Protect\n|move|p2b: Jolteon|Tera Blast|p1a: Politoed|[anim] Tera Blast Ice\n|-activate|p1a: Politoed|move: Protect\n|move|p2a: Palafin|Drain Punch|p1a: Politoed\n|-activate|p1a: Politoed|move: Protect\n|\n|-damage|p2b: Jolteon|19\/100 brn|[from] brn\n|upkeep\n|turn|14\n|c|\u2606cdaivies77|yh im ded\n|\n|t:|1699905159\n|move|p2b: Jolteon|Tera Blast|p1a: Politoed|[anim] Tera Blast Ice\n|-supereffective|p1a: Politoed\n|-damage|p1a: Politoed|0 fnt\n|faint|p1a: Politoed\n|\n|win|Danie2294\n|raw|cdaivies77's rating: 1207 &rarr; <strong>1186<\/strong><br \/>(-21 for losing)\n|raw|Danie2294's rating: 1268 &rarr; <strong>1289<\/strong><br \/>(+21 for winning)\n|c|\u2606cdaivies77|gg\n|l|\u2606Danie2294\n|l|\u2606cdaivies77\n|j|\u2606Danie2294\n|player|p2|Danie2294|marlon\n","uploadtime":1699905180,"views":6,"p1id":"cdaivies77","p2id":"danie2294","formatid":"gen9doublesou","rating":1186,"private":0,"password":""}