{"id":"gen9doublesou-1993789512","p1":"bananaszn","p2":"ScottyGoDumb317","format":"[Gen 9] Doubles OU","log":"|j|\u2606bananaszn\n|j|\u2606ScottyGoDumb317\n|t:|1700357489\n|gametype|doubles\n|player|p1|bananaszn|teamrocket|1207\n|player|p2|ScottyGoDumb317|pokemonranger-gen4|1130\n|teamsize|p1|6\n|teamsize|p2|6\n|gen|9\n|tier|[Gen 9] Doubles OU\n|rated|\n|rule|Species Clause: Limit one of each Pok\u00e9mon\n|rule|OHKO Clause: OHKO moves are banned\n|rule|Evasion Moves Clause: Evasion moves are banned\n|rule|Gravity Sleep Clause: The combination of sleep-inducing moves with imperfect accuracy and Gravity or Gigantamax Orbeetle are banned\n|rule|Endless Battle Clause: Forcing endless battles is banned\n|rule|HP Percentage Mod: HP is shown in percentages\n|clearpoke\n|poke|p1|Scizor, M|\n|poke|p1|Tornadus, M|\n|poke|p1|Chien-Pao|\n|poke|p1|Iron Hands|\n|poke|p1|Volcanion|\n|poke|p1|Great Tusk|\n|poke|p2|Umbreon, F|\n|poke|p2|Ninetales, F|\n|poke|p2|Armarouge, M|\n|poke|p2|Lilligant-Hisui, F|\n|poke|p2|Ceruledge, F|\n|poke|p2|Moltres-Galar|\n|teampreview\n|inactive|Battle timer is ON: inactive players will automatically lose when time's up. (requested by bananaszn)\n|c|\u2606bananaszn|yooo\n|\n|t:|1700357514\n|start\n|switch|p1a: Tornadus|Tornadus, M|100\/100\n|switch|p1b: Scizor|Scizor, M|100\/100\n|switch|p2a: Sinder|Ninetales, F, shiny|100\/100\n|switch|p2b: Hades|Moltres-Galar|100\/100\n|-weather|SunnyDay|[from] ability: Drought|[of] p2a: Sinder\n|turn|1\n|inactive|bananaszn has 120 seconds left.\n|\n|t:|1700357552\n|move|p1a: Tornadus|Tailwind|p1a: Tornadus\n|-sidestart|p1: bananaszn|move: Tailwind\n|move|p1b: Scizor|U-turn|p2b: Hades\n|-damage|p2b: Hades|37\/100\n|-ability|p2b: Hades|Berserk|boost\n|-boost|p2b: Hades|spa|1\n|\n|t:|1700357561\n|switch|p1b: Iron Hands|Iron Hands|100\/100|[from] U-turn\n|move|p2a: Sinder|Heat Wave|p1a: Tornadus|[spread] p1a,p1b\n|-damage|p1a: Tornadus|44\/100\n|-damage|p1b: Iron Hands|80\/100\n|-status|p1b: Iron Hands|brn\n|move|p2b: Hades|Nasty Plot|p2b: Hades\n|-boost|p2b: Hades|spa|2\n|\n|-weather|SunnyDay|[upkeep]\n|-damage|p1b: Iron Hands|74\/100 brn|[from] brn\n|upkeep\n|turn|2\n|c|\u2606ScottyGoDumb317|long time nose lol\n|c|\u2606ScottyGoDumb317|*no see\n|inactive|bananaszn has 120 seconds left.\n|\n|t:|1700357590\n|move|p1b: Iron Hands|Fake Out|p2b: Hades\n|-damage|p2b: Hades|27\/100\n|move|p1a: Tornadus|Bleakwind Storm|p2a: Sinder|[spread] p2b\n|-miss|p1a: Tornadus|p2a: Sinder\n|-damage|p2b: Hades|0 fnt\n|faint|p2b: Hades\n|move|p2a: Sinder|Heat Wave|p1b: Iron Hands|[spread] p1a,p1b\n|-damage|p1a: Tornadus|0 fnt\n|-damage|p1b: Iron Hands|53\/100 brn\n|faint|p1a: Tornadus\n|\n|-weather|SunnyDay|[upkeep]\n|-damage|p1b: Iron Hands|47\/100 brn|[from] brn\n|upkeep\n|\n|t:|1700357617\n|switch|p1a: Scizor|Scizor, M|100\/100\n|switch|p2b: Bam|Ceruledge, F|100\/100\n|turn|3\n|\n|t:|1700357640\n|-end|p1b: Iron Hands|Quark Drive|[silent]\n|switch|p1b: Volcanion|Volcanion|100\/100\n|move|p1a: Scizor|U-turn|p2a: Sinder\n|-resisted|p2a: Sinder\n|-damage|p2a: Sinder|56\/100\n|\n|t:|1700357648\n|switch|p1a: Great Tusk|Great Tusk|100\/100|[from] U-turn\n|-activate|p1a: Great Tusk|ability: Protosynthesis\n|-start|p1a: Great Tusk|protosynthesisatk\n|move|p2a: Sinder|Heat Wave|p1a: Great Tusk|[spread] p1a,p1b\n|-resisted|p1b: Volcanion\n|-damage|p1a: Great Tusk|73\/100\n|-damage|p1b: Volcanion|91\/100\n|move|p2b: Bam|Bitter Blade|p1a: Great Tusk\n|-damage|p1a: Great Tusk|19\/100\n|\n|-weather|SunnyDay|[upkeep]\n|-heal|p1b: Volcanion|97\/100|[from] item: Leftovers\n|upkeep\n|turn|4\n|\n|t:|1700357672\n|switch|p2b: Princess|Lilligant-Hisui, F|100\/100\n|move|p1a: Great Tusk|Headlong Rush|p2a: Sinder\n|-supereffective|p2a: Sinder\n|-damage|p2a: Sinder|0 fnt\n|-unboost|p1a: Great Tusk|def|1\n|-unboost|p1a: Great Tusk|spd|1\n|faint|p2a: Sinder\n|move|p1b: Volcanion|Substitute|p1b: Volcanion\n|-start|p1b: Volcanion|Substitute\n|-damage|p1b: Volcanion|72\/100\n|\n|-weather|SunnyDay|[upkeep]\n|-heal|p1b: Volcanion|78\/100|[from] item: Leftovers\n|-sideend|p1: bananaszn|move: Tailwind\n|upkeep\n|\n|t:|1700357686\n|switch|p2a: Boom|Armarouge, M|100\/100\n|turn|5\n|\n|t:|1700357699\n|-end|p1a: Great Tusk|Protosynthesis|[silent]\n|switch|p1a: Iron Hands|Iron Hands|47\/100 brn\n|move|p1b: Volcanion|Protect|p1b: Volcanion\n|-singleturn|p1b: Volcanion|Protect\n|move|p2b: Princess|Solar Blade||[still]\n|-prepare|p2b: Princess|Solar Blade\n|-anim|p2b: Princess|Solar Blade|p1a: Iron Hands\n|-damage|p1a: Iron Hands|3\/100 brn\n|move|p2a: Boom|Flamethrower|p1b: Volcanion\n|-activate|p1b: Volcanion|move: Protect\n|\n|-weather|SunnyDay|[upkeep]\n|-heal|p1b: Volcanion|84\/100|[from] item: Leftovers\n|-damage|p1a: Iron Hands|0 fnt|[from] brn\n|faint|p1a: Iron Hands\n|-end|p1a: Iron Hands|Quark Drive|[silent]\n|upkeep\n|\n|t:|1700357721\n|switch|p1a: Scizor|Scizor, M|100\/100\n|turn|6\n|\n|t:|1700357751\n|-terastallize|p2b: Princess|Poison\n|-terastallize|p1a: Scizor|Rock\n|move|p2b: Princess|Growth|p2b: Princess\n|-boost|p2b: Princess|atk|2\n|-boost|p2b: Princess|spa|2\n|move|p2a: Boom|Flamethrower|p1b: Volcanion\n|-resisted|p1b: Volcanion\n|-activate|p1b: Volcanion|move: Substitute|[damage]\n|move|p1b: Volcanion|Steam Eruption|p2a: Boom|[miss]\n|-miss|p1b: Volcanion|p2a: Boom\n|move|p1a: Scizor|Tera Blast|p2a: Boom|[anim] Tera Blast Rock\n|-supereffective|p2a: Boom\n|-damage|p2a: Boom|0 fnt\n|faint|p2a: Boom\n|\n|-weather|SunnyDay|[upkeep]\n|-heal|p1b: Volcanion|90\/100|[from] item: Leftovers\n|upkeep\n|\n|t:|1700357768\n|switch|p2a: Yin|Umbreon, F, shiny|100\/100\n|turn|7\n|\n|t:|1700357789\n|switch|p1a: Great Tusk|Great Tusk|19\/100\n|-activate|p1a: Great Tusk|ability: Protosynthesis\n|-start|p1a: Great Tusk|protosynthesisatk\n|move|p2a: Yin|Baby-Doll Eyes|p1a: Great Tusk\n|-unboost|p1a: Great Tusk|atk|1\n|move|p2b: Princess|Solar Blade||[still]\n|-prepare|p2b: Princess|Solar Blade\n|-anim|p2b: Princess|Solar Blade|p1a: Great Tusk\n|-supereffective|p1a: Great Tusk\n|-damage|p1a: Great Tusk|0 fnt\n|faint|p1a: Great Tusk\n|-end|p1a: Great Tusk|Protosynthesis|[silent]\n|move|p1b: Volcanion|Heat Wave|p2b: Princess|[spread] p2a,p2b\n|-damage|p2a: Yin|63\/100\n|-damage|p2b: Princess|11\/100\n|\n|-weather|SunnyDay|[upkeep]\n|-heal|p1b: Volcanion|96\/100|[from] item: Leftovers\n|-heal|p2a: Yin|69\/100|[from] item: Leftovers\n|upkeep\n|\n|t:|1700357805\n|switch|p1a: Chien-Pao|Chien-Pao|100\/100\n|-ability|p1a: Chien-Pao|Sword of Ruin\n|turn|8\n|\n|t:|1700357813\n|move|p1a: Chien-Pao|Protect|p1a: Chien-Pao\n|-singleturn|p1a: Chien-Pao|Protect\n|move|p2b: Princess|Close Combat|p1a: Chien-Pao\n|-activate|p1a: Chien-Pao|move: Protect\n|move|p1b: Volcanion|Heat Wave|p2a: Yin|[spread] p2a,p2b\n|-damage|p2a: Yin|35\/100\n|-damage|p2b: Princess|0 fnt\n|faint|p2b: Princess\n|move|p2a: Yin|Snarl|p1b: Volcanion|[spread] p1b\n|-activate|p1a: Chien-Pao|move: Protect\n|-damage|p1b: Volcanion|87\/100\n|-unboost|p1b: Volcanion|spa|1\n|\n|-weather|none\n|-heal|p1b: Volcanion|93\/100|[from] item: Leftovers\n|-heal|p2a: Yin|41\/100|[from] item: Leftovers\n|upkeep\n|\n|t:|1700357829\n|switch|p2b: Bam|Ceruledge, F|100\/100\n|turn|9\n|\n|t:|1700357836\n|move|p1a: Chien-Pao|Throat Chop|p2b: Bam\n|-supereffective|p2b: Bam\n|-damage|p2b: Bam|0 fnt\n|faint|p2b: Bam\n|-damage|p1a: Chien-Pao|91\/100|[from] item: Life Orb\n|move|p1b: Volcanion|Steam Eruption|p2a: Yin\n|-damage|p2a: Yin|15\/100\n|-status|p2a: Yin|brn\n|-activate|p2a: Yin|ability: Synchronize\n|-immune|p1b: Volcanion\n|move|p2a: Yin|Snarl|p1b: Volcanion|[spread] p1a,p1b\n|-resisted|p1a: Chien-Pao\n|-damage|p1a: Chien-Pao|84\/100\n|-damage|p1b: Volcanion|83\/100\n|-unboost|p1a: Chien-Pao|spa|1\n|-unboost|p1b: Volcanion|spa|1\n|\n|-heal|p1b: Volcanion|89\/100|[from] item: Leftovers\n|-heal|p2a: Yin|21\/100 brn|[from] item: Leftovers\n|-damage|p2a: Yin|15\/100 brn|[from] brn\n|upkeep\n|turn|10\n|c|\u2606bananaszn|ggs again\n|\n|t:|1700357856\n|move|p1a: Chien-Pao|Sacred Sword|p2a: Yin\n|-supereffective|p2a: Yin\n|-damage|p2a: Yin|0 fnt\n|faint|p2a: Yin\n|-damage|p1a: Chien-Pao|74\/100|[from] item: Life Orb\n|\n|win|bananaszn\n|raw|bananaszn's rating: 1207 &rarr; <strong>1227<\/strong><br \/>(+20 for winning)\n|raw|ScottyGoDumb317's rating: 1130 &rarr; <strong>1110<\/strong><br \/>(-20 for losing)\n","uploadtime":1700357875,"views":10,"p1id":"bananaszn","p2id":"scottygodumb317","formatid":"gen9doublesou","rating":1110,"private":0,"password":""}