{"id":"gen9doublesou-1981301491","p1":"tfrgyhjklkjh","p2":"arowrath","format":"[Gen 9] Doubles OU","log":"|j|\u2606tfrgyhjklkjh\n|j|\u2606arowrath\n|t:|1698881391\n|gametype|doubles\n|player|p1|tfrgyhjklkjh|clown|\n|player|p2|arowrath|youngster|\n|teamsize|p1|6\n|teamsize|p2|6\n|gen|9\n|tier|[Gen 9] Doubles OU\n|rule|Species Clause: Limit one of each Pok\u00e9mon\n|rule|OHKO Clause: OHKO moves are banned\n|rule|Evasion Moves Clause: Evasion moves are banned\n|rule|Gravity Sleep Clause: The combination of sleep-inducing moves with imperfect accuracy and Gravity or Gigantamax Orbeetle are banned\n|rule|Endless Battle Clause: Forcing endless battles is banned\n|rule|HP Percentage Mod: HP is shown in percentages\n|clearpoke\n|poke|p1|Kingambit, M|\n|poke|p1|Barraskewda, M|\n|poke|p1|Baxcalibur, M|\n|poke|p1|Gothorita, F|\n|poke|p1|Sandslash, M|\n|poke|p1|Ting-Lu|\n|poke|p2|Dragonite, F|\n|poke|p2|Sandslash-Alola, M|\n|poke|p2|Gengar, M|\n|poke|p2|Gyarados, M|\n|poke|p2|Ludicolo, F|\n|poke|p2|Garchomp, M|\n|teampreview\n|\n|t:|1698881415\n|start\n|switch|p1a: Kingambit|Kingambit, M|100\/100\n|switch|p1b: Ting-Lu|Ting-Lu|100\/100\n|switch|p2a: Red Death|Gyarados, M, shiny|100\/100\n|switch|p2b: King Shark|Garchomp, M|100\/100\n|-ability|p2a: Red Death|Intimidate|boost\n|-unboost|p1a: Kingambit|atk|1\n|-unboost|p1b: Ting-Lu|atk|1\n|-ability|p1a: Kingambit|Pressure\n|-ability|p1b: Ting-Lu|Vessel of Ruin\n|turn|1\n|\n|t:|1698881453\n|move|p1a: Kingambit|Protect|p1a: Kingambit\n|-singleturn|p1a: Kingambit|Protect\n|move|p2b: King Shark|Flamethrower|p1a: Kingambit\n|-activate|p1a: Kingambit|move: Protect\n|move|p2a: Red Death|Hydro Pump|p1b: Ting-Lu\n|-supereffective|p1b: Ting-Lu\n|-damage|p1b: Ting-Lu|69\/100\n|move|p1b: Ting-Lu|Whirlwind|p2a: Red Death\n|drag|p2a: Tropical Splash|Ludicolo, F, shiny|100\/100\n|\n|upkeep\n|turn|2\n|\n|t:|1698881491\n|switch|p2b: Red Death|Gyarados, M, shiny|100\/100\n|-ability|p2b: Red Death|Intimidate|boost\n|-unboost|p1a: Kingambit|atk|1\n|-unboost|p1b: Ting-Lu|atk|1\n|move|p1b: Ting-Lu|Protect|p1b: Ting-Lu\n|-singleturn|p1b: Ting-Lu|Protect\n|move|p2a: Tropical Splash|Leaf Storm|p1b: Ting-Lu\n|-activate|p1b: Ting-Lu|move: Protect\n|move|p1a: Kingambit|Kowtow Cleave|p2b: Red Death\n|-damage|p2b: Red Death|68\/100\n|\n|upkeep\n|turn|3\n|\n|t:|1698881524\n|move|p2b: Red Death|Flamethrower|p1a: Kingambit\n|-supereffective|p1a: Kingambit\n|-damage|p1a: Kingambit|77\/100\n|move|p2a: Tropical Splash|Leaf Storm|p1b: Ting-Lu\n|-supereffective|p1b: Ting-Lu\n|-damage|p1b: Ting-Lu|17\/100\n|-unboost|p2a: Tropical Splash|spa|2\n|move|p1a: Kingambit|Kowtow Cleave|p2b: Red Death\n|-damage|p2b: Red Death|38\/100\n|move|p1b: Ting-Lu|Ruination|p2a: Tropical Splash|[miss]\n|-miss|p1b: Ting-Lu|p2a: Tropical Splash\n|\n|upkeep\n|turn|4\n|\n|t:|1698881585\n|move|p1b: Ting-Lu|Protect|p1b: Ting-Lu\n|-singleturn|p1b: Ting-Lu|Protect\n|move|p2b: Red Death|Flamethrower|p1a: Kingambit\n|-supereffective|p1a: Kingambit\n|-damage|p1a: Kingambit|50\/100\n|move|p2a: Tropical Splash|Hydro Pump|p1b: Ting-Lu\n|-activate|p1b: Ting-Lu|move: Protect\n|move|p1a: Kingambit|Night Slash|p2b: Red Death\n|-damage|p2b: Red Death|11\/100\n|\n|upkeep\n|turn|5\n|\n|t:|1698881632\n|move|p1a: Kingambit|Protect|p1a: Kingambit\n|-singleturn|p1a: Kingambit|Protect\n|move|p2b: Red Death|Hyper Beam|p1a: Kingambit\n|-activate|p1a: Kingambit|move: Protect\n|move|p2a: Tropical Splash|Body Slam|p1a: Kingambit\n|-activate|p1a: Kingambit|move: Protect\n|move|p1b: Ting-Lu|Bulldoze|p2b: Red Death|[spread] p2a\n|-activate|p1a: Kingambit|move: Protect\n|-immune|p2b: Red Death\n|-resisted|p2a: Tropical Splash\n|-damage|p2a: Tropical Splash|94\/100\n|-unboost|p2a: Tropical Splash|spe|1\n|\n|upkeep\n|turn|6\n|\n|t:|1698881674\n|switch|p2b: Pete's Dragonite|Dragonite, F, shiny|100\/100\n|move|p1a: Kingambit|Protect||[still]\n|-fail|p1a: Kingambit\n|move|p1b: Ting-Lu|Ruination|p2a: Tropical Splash\n|-damage|p2a: Tropical Splash|47\/100\n|move|p2a: Tropical Splash|Giga Drain|p1b: Ting-Lu\n|-supereffective|p1b: Ting-Lu\n|-damage|p1b: Ting-Lu|3\/100\n|-heal|p2a: Tropical Splash|57\/100|[from] drain|[of] p1b: Ting-Lu\n|\n|upkeep\n|turn|7\n|\n|t:|1698881703\n|move|p2b: Pete's Dragonite|Flamethrower|p1a: Kingambit\n|-supereffective|p1a: Kingambit\n|-damage|p1a: Kingambit|8\/100\n|move|p1a: Kingambit|Kowtow Cleave|p2a: Tropical Splash\n|-damage|p2a: Tropical Splash|24\/100\n|-enditem|p2a: Tropical Splash|Aguav Berry|[eat]\n|-heal|p2a: Tropical Splash|57\/100|[from] item: Aguav Berry\n|move|p1b: Ting-Lu|Ruination|p2b: Pete's Dragonite\n|-damage|p2b: Pete's Dragonite|50\/100\n|move|p2a: Tropical Splash|Hydro Pump|p1b: Ting-Lu\n|-supereffective|p1b: Ting-Lu\n|-damage|p1b: Ting-Lu|0 fnt\n|faint|p1b: Ting-Lu\n|\n|upkeep\n|\n|t:|1698881722\n|switch|p1b: Sandslash|Sandslash, M|100\/100\n|turn|8\n|\n|t:|1698881759\n|move|p2b: Pete's Dragonite|Flamethrower|p1a: Kingambit\n|-supereffective|p1a: Kingambit\n|-damage|p1a: Kingambit|0 fnt\n|faint|p1a: Kingambit\n|move|p2a: Tropical Splash|Giga Drain|p1b: Sandslash\n|-supereffective|p1b: Sandslash\n|-damage|p1b: Sandslash|44\/100\n|-heal|p2a: Tropical Splash|85\/100|[from] drain|[of] p1b: Sandslash\n|move|p1b: Sandslash|Counter||[still]\n|-fail|p1b: Sandslash\n|\n|upkeep\n|\n|t:|1698881777\n|switch|p1a: Gothorita|Gothorita, F|100\/100\n|-item|p2b: Pete's Dragonite|Aguav Berry|[from] ability: Frisk|[of] p1a: Gothorita|[identify]\n|turn|9\n|\n|t:|1698881799\n|switch|p2b: Grim|Gengar, M|100\/100\n|move|p1b: Sandslash|High Horsepower|p2a: Tropical Splash\n|-resisted|p2a: Tropical Splash\n|-damage|p2a: Tropical Splash|55\/100\n|move|p1a: Gothorita|Light Screen|p1a: Gothorita\n|-sidestart|p1: tfrgyhjklkjh|move: Light Screen\n|move|p2a: Tropical Splash|Giga Drain|p1b: Sandslash\n|-supereffective|p1b: Sandslash\n|-damage|p1b: Sandslash|6\/100\n|-heal|p2a: Tropical Splash|74\/100|[from] drain|[of] p1b: Sandslash\n|\n|upkeep\n|turn|10\n|\n|t:|1698881836\n|move|p2b: Grim|Phantom Force||[still]\n|-prepare|p2b: Grim|Phantom Force\n|move|p1b: Sandslash|High Horsepower|p2b: Grim|[miss]\n|-miss|p1b: Sandslash|p2b: Grim\n|move|p1a: Gothorita|Psyshock|p2a: Tropical Splash\n|-damage|p2a: Tropical Splash|38\/100\n|move|p2a: Tropical Splash|Hydro Pump|p1b: Sandslash\n|-supereffective|p1b: Sandslash\n|-damage|p1b: Sandslash|0 fnt\n|faint|p1b: Sandslash\n|\n|upkeep\n|\n|t:|1698881846\n|switch|p1b: Baxcalibur|Baxcalibur, M|100\/100\n|turn|11\n|\n|t:|1698881895\n|switch|p2a: Frosted Tips|Sandslash-Alola, M|100\/100\n|move|p2b: Grim|Phantom Force|p1a: Gothorita|[from]lockedmove\n|-supereffective|p1a: Gothorita\n|-damage|p1a: Gothorita|47\/100\n|-enditem|p1a: Gothorita|Red Card|[of] p2b: Grim\n|drag|p2b: Pete's Dragonite|Dragonite, F, shiny|50\/100\n|move|p1b: Baxcalibur|Icicle Crash|p2a: Frosted Tips\n|-resisted|p2a: Frosted Tips\n|-damage|p2a: Frosted Tips|91\/100\n|move|p1a: Gothorita|Psyshock|p2a: Frosted Tips\n|-resisted|p2a: Frosted Tips\n|-damage|p2a: Frosted Tips|81\/100\n|\n|upkeep\n|turn|12\n|\n|t:|1698881925\n|switch|p1a: Barraskewda|Barraskewda, M, shiny|100\/100\n|move|p1b: Baxcalibur|Rain Dance|p1b: Baxcalibur\n|-weather|RainDance\n|move|p2b: Pete's Dragonite|Thunder|p1a: Barraskewda\n|-supereffective|p1a: Barraskewda\n|-damage|p1a: Barraskewda|0 fnt\n|faint|p1a: Barraskewda\n|move|p2a: Frosted Tips|Steel Beam|p1b: Baxcalibur\n|-supereffective|p1b: Baxcalibur\n|-damage|p1b: Baxcalibur|61\/100\n|-damage|p2a: Frosted Tips|31\/100|[from] steelbeam\n|\n|-weather|RainDance|[upkeep]\n|upkeep\n|\n|t:|1698881938\n|switch|p1a: Gothorita|Gothorita, F|47\/100\n|-item|p2a: Frosted Tips|Aguav Berry|[from] ability: Frisk|[of] p1a: Gothorita|[identify]\n|-item|p2b: Pete's Dragonite|Aguav Berry|[from] ability: Frisk|[of] p1a: Gothorita|[identify]\n|turn|13\n|\n|t:|1698881962\n|switch|p2b: Grim|Gengar, M|100\/100\n|move|p1b: Baxcalibur|Rain Dance||[still]\n|-fail|p1b: Baxcalibur\n|move|p2a: Frosted Tips|Blizzard|p1b: Baxcalibur|[spread] p1b\n|-miss|p2a: Frosted Tips|p1a: Gothorita\n|-damage|p1b: Baxcalibur|49\/100\n|move|p1a: Gothorita|Psyshock|p2a: Frosted Tips\n|-resisted|p2a: Frosted Tips\n|-damage|p2a: Frosted Tips|21\/100\n|-enditem|p2a: Frosted Tips|Aguav Berry|[eat]\n|-heal|p2a: Frosted Tips|55\/100|[from] item: Aguav Berry\n|-start|p2a: Frosted Tips|confusion\n|\n|-weather|RainDance|[upkeep]\n|-sideend|p1: tfrgyhjklkjh|move: Light Screen\n|upkeep\n|turn|14\n|\n|t:|1698882004\n|move|p2b: Grim|Shadow Ball|p1a: Gothorita\n|-supereffective|p1a: Gothorita\n|-damage|p1a: Gothorita|0 fnt\n|faint|p1a: Gothorita\n|move|p1b: Baxcalibur|Stomping Tantrum|p2b: Grim\n|-supereffective|p2b: Grim\n|-crit|p2b: Grim\n|-damage|p2b: Grim|0 fnt\n|faint|p2b: Grim\n|-activate|p2a: Frosted Tips|confusion\n|move|p2a: Frosted Tips|Ice Beam|p1b: Baxcalibur\n|-damage|p1b: Baxcalibur|30\/100\n|\n|-weather|RainDance|[upkeep]\n|upkeep\n|\n|t:|1698882018\n|switch|p2b: King Shark|Garchomp, M|100\/100\n|turn|15\n|\n|t:|1698882040\n|move|p2b: King Shark|Flamethrower|p1b: Baxcalibur\n|-damage|p1b: Baxcalibur|22\/100\n|-ability|p1b: Baxcalibur|Thermal Exchange|boost\n|-boost|p1b: Baxcalibur|atk|1\n|move|p1b: Baxcalibur|Draco Meteor|p2a: Frosted Tips\n|-resisted|p2a: Frosted Tips\n|-damage|p2a: Frosted Tips|30\/100\n|-unboost|p1b: Baxcalibur|spa|2\n|-activate|p2a: Frosted Tips|confusion\n|move|p2a: Frosted Tips|Earthquake|p1b: Baxcalibur|[spread] p2b,p1b\n|-crit|p2b: King Shark\n|-damage|p2b: King Shark|74\/100\n|-damage|p1b: Baxcalibur|8\/100\n|\n|-weather|RainDance|[upkeep]\n|upkeep\n|turn|16\n|\n|t:|1698882063\n|move|p2b: King Shark|Draco Meteor|p1b: Baxcalibur|[miss]\n|-miss|p2b: King Shark|p1b: Baxcalibur\n|move|p1b: Baxcalibur|Stomping Tantrum|p2a: Frosted Tips\n|-supereffective|p2a: Frosted Tips\n|-damage|p2a: Frosted Tips|0 fnt\n|faint|p2a: Frosted Tips\n|\n|-weather|none\n|upkeep\n|\n|t:|1698882073\n|switch|p2a: Pete's Dragonite|Dragonite, F, shiny|50\/100\n|turn|17\n|\n|t:|1698882089\n|move|p2b: King Shark|Flamethrower|p1b: Baxcalibur\n|-damage|p1b: Baxcalibur|0 fnt\n|faint|p1b: Baxcalibur\n|\n|win|arowrath\n|c|\u2606tfrgyhjklkjh|gg\n","uploadtime":1698882098,"views":35,"p1id":"tfrgyhjklkjh","p2id":"arowrath","formatid":"gen9doublesou","rating":0,"private":0,"password":""}