{"id":"gen9doublesou-1970619519","p1":"Pratik2007","p2":"ionnss","format":"[Gen 9] Doubles OU","log":"|j|\u2606Pratik2007\n|j|\u2606ionnss\n|t:|1697652938\n|gametype|doubles\n|player|p1|Pratik2007|n|\n|player|p2|ionnss|pokekid-gen8|\n|teamsize|p1|6\n|teamsize|p2|6\n|gen|9\n|tier|[Gen 9] Doubles OU\n|rule|Species Clause: Limit one of each Pok\u00e9mon\n|rule|OHKO Clause: OHKO moves are banned\n|rule|Evasion Moves Clause: Evasion moves are banned\n|rule|Gravity Sleep Clause: The combination of sleep-inducing moves with imperfect accuracy and Gravity or Gigantamax Orbeetle are banned\n|rule|Endless Battle Clause: Forcing endless battles is banned\n|rule|HP Percentage Mod: HP is shown in percentages\n|clearpoke\n|poke|p1|Ursaluna, F|\n|poke|p1|Tornadus, M|\n|poke|p1|Dragonite, F|\n|poke|p1|Chien-Pao|\n|poke|p1|Volcanion|\n|poke|p1|Flutter Mane|\n|poke|p2|Flutter Mane|\n|poke|p2|Amoonguss, F|\n|poke|p2|Chi-Yu|\n|poke|p2|Landorus-Therian, M|\n|poke|p2|Ogerpon-Wellspring, F|\n|poke|p2|Iron Hands|\n|teampreview\n|inactive|Battle timer is ON: inactive players will automatically lose when time's up. (requested by ionnss)\n|inactive|ionnss has 270 seconds left.\n|j| shadowmaster6 789\n|\n|t:|1697652998\n|start\n|switch|p1a: Tornadus|Tornadus, M, shiny|100\/100\n|switch|p1b: Flutter Mane|Flutter Mane|100\/100\n|switch|p2a: Landorus|Landorus-Therian, M|100\/100\n|switch|p2b: Iron Hands|Iron Hands|100\/100\n|-ability|p2a: Landorus|Intimidate|boost\n|-unboost|p1a: Tornadus|atk|1\n|-unboost|p1b: Flutter Mane|atk|1\n|turn|1\n|c|\u2606ionnss|here we go again\n|inactive|ionnss has 270 seconds left.\n|\n|t:|1697653052\n|-terastallize|p2a: Landorus|Flying\n|move|p2a: Landorus|Tera Blast|p1b: Flutter Mane|[anim] Tera Blast Flying\n|-damage|p1b: Flutter Mane|0 fnt\n|faint|p1b: Flutter Mane\n|-end|p1b: Flutter Mane|Protosynthesis|[silent]\n|move|p1a: Tornadus|Bleakwind Storm|p2a: Landorus|[spread] p2a,p2b\n|-damage|p2a: Landorus|54\/100\n|-damage|p2b: Iron Hands|80\/100\n|move|p2b: Iron Hands|Wild Charge|p1a: Tornadus\n|-supereffective|p1a: Tornadus\n|-damage|p1a: Tornadus|0 fnt\n|faint|p1a: Tornadus\n|-damage|p2b: Iron Hands|63\/100|[from] Recoil\n|\n|upkeep\n|\n|t:|1697653065\n|switch|p1b: Chien-Pao|Chien-Pao|100\/100\n|switch|p1a: Dragonite|Dragonite, F, shiny|100\/100\n|-ability|p1b: Chien-Pao|Sword of Ruin\n|turn|2\n|inactive|ionnss has 270 seconds left.\n|inactive|ionnss has 240 seconds left.\n|\n|t:|1697653132\n|-terastallize|p1a: Dragonite|Normal\n|move|p1a: Dragonite|Extreme Speed|p2b: Iron Hands\n|-damage|p2b: Iron Hands|0 fnt\n|faint|p2b: Iron Hands\n|-end|p2b: Iron Hands|Quark Drive|[silent]\n|move|p1b: Chien-Pao|Sucker Punch|p2a: Landorus\n|-damage|p2a: Landorus|5\/100\n|move|p2a: Landorus|Tera Blast|p1b: Chien-Pao|[anim] Tera Blast Flying\n|-damage|p1b: Chien-Pao|11\/100\n|\n|upkeep\n|\n|t:|1697653140\n|switch|p2b: Flutter Mane|Flutter Mane|100\/100\n|-enditem|p2b: Flutter Mane|Booster Energy\n|-activate|p2b: Flutter Mane|ability: Protosynthesis|[fromitem]\n|-start|p2b: Flutter Mane|protosynthesisspe\n|turn|3\n|\n|t:|1697653164\n|switch|p2a: Amoonguss|Amoonguss, F|100\/100\n|switch|p1b: Ursaluna|Ursaluna, F, shiny|100\/100\n|switch|p1a: Volcanion|Volcanion|100\/100\n|move|p2b: Flutter Mane|Dazzling Gleam|p1b: Ursaluna|[spread] p1a,p1b\n|-resisted|p1a: Volcanion\n|-damage|p1a: Volcanion|89\/100\n|-damage|p1b: Ursaluna|73\/100\n|\n|-status|p1b: Ursaluna|brn|[from] item: Flame Orb\n|upkeep\n|turn|4\n|inactive|ionnss has 240 seconds left.\n|inactive|ionnss has 210 seconds left.\n|\n|t:|1697653199\n|-end|p2b: Flutter Mane|Protosynthesis|[silent]\n|switch|p2b: Landorus|Landorus-Therian, M, tera:Flying|5\/100\n|-ability|p2b: Landorus|Intimidate|boost\n|-unboost|p1a: Volcanion|atk|1\n|-unboost|p1b: Ursaluna|atk|1\n|move|p1b: Ursaluna|Facade|p2a: Amoonguss\n|-damage|p2a: Amoonguss|28\/100\n|-enditem|p2a: Amoonguss|Sitrus Berry|[eat]\n|-heal|p2a: Amoonguss|53\/100|[from] item: Sitrus Berry\n|move|p1a: Volcanion|Heat Wave|p2a: Amoonguss|[spread] p2a,p2b\n|-supereffective|p2a: Amoonguss\n|-crit|p2a: Amoonguss\n|-damage|p2a: Amoonguss|0 fnt\n|-damage|p2b: Landorus|0 fnt\n|faint|p2a: Amoonguss\n|faint|p2b: Landorus\n|\n|-damage|p1b: Ursaluna|67\/100 brn|[from] brn\n|upkeep\n|inactive|ionnss has 210 seconds left.\n|c|\u2606ionnss|heck\n|inactive|ionnss has 180 seconds left.\n|\n|t:|1697653242\n|switch|p2b: Ogerpon|Ogerpon-Wellspring, F|100\/100\n|switch|p2a: Chi-Yu|Chi-Yu|100\/100\n|-ability|p2a: Chi-Yu|Beads of Ruin\n|turn|5\n|c| shadowmaster6 789|what was he cooking\n|inactive|ionnss has 180 seconds left.\n|c|\u2606Pratik2007|he was prolly expecting eq or something\n|c|\u2606ionnss|do not question my plays\n|\n|t:|1697653288\n|move|p1b: Ursaluna|Protect|p1b: Ursaluna\n|-singleturn|p1b: Ursaluna|Protect\n|move|p2b: Ogerpon|Follow Me|p2b: Ogerpon\n|-singleturn|p2b: Ogerpon|move: Follow Me\n|move|p2a: Chi-Yu|Dark Pulse|p1a: Volcanion\n|-damage|p1a: Volcanion|23\/100\n|move|p1a: Volcanion|Earth Power|p2b: Ogerpon\n|-resisted|p2b: Ogerpon\n|-damage|p2b: Ogerpon|79\/100\n|\n|-damage|p1b: Ursaluna|61\/100 brn|[from] brn\n|upkeep\n|turn|6\n|c| shadowmaster6 789|I ask again\n|c| shadowmaster6 789|what was he cooking\n|c| shadowmaster6 789|why was he prepping ofr eq\n|c|\u2606ionnss|i can explain after\n|c|\u2606Pratik2007|idk man\n|inactive|ionnss has 150 seconds left.\n|c|\u2606Pratik2007|it felt like it when he went for lando\n|\n|t:|1697653338\n|move|p2a: Chi-Yu|Dark Pulse|p1b: Ursaluna\n|-damage|p1b: Ursaluna|0 fnt\n|faint|p1b: Ursaluna\n|move|p2b: Ogerpon|Horn Leech|p1a: Volcanion\n|-damage|p1a: Volcanion|0 fnt\n|-heal|p2b: Ogerpon|89\/100|[from] drain|[of] p1a: Volcanion\n|faint|p1a: Volcanion\n|\n|upkeep\n|\n|t:|1697653347\n|switch|p1a: Dragonite|Dragonite, F, shiny, tera:Normal|100\/100\n|switch|p1b: Chien-Pao|Chien-Pao|11\/100\n|-ability|p1b: Chien-Pao|Sword of Ruin\n|turn|7\n|inactive|ionnss has 150 seconds left.\n|inactive|ionnss has 120 seconds left.\n|inactive|ionnss has 90 seconds left.\n|\n|t:|1697653432\n|move|p1b: Chien-Pao|Protect|p1b: Chien-Pao\n|-singleturn|p1b: Chien-Pao|Protect\n|move|p2b: Ogerpon|Follow Me|p2b: Ogerpon\n|-singleturn|p2b: Ogerpon|move: Follow Me\n|move|p2a: Chi-Yu|Dark Pulse|p1b: Chien-Pao\n|-activate|p1b: Chien-Pao|move: Protect\n|move|p1a: Dragonite|Rock Slide|p2a: Chi-Yu|[spread] p2a,p2b\n|-supereffective|p2a: Chi-Yu\n|-damage|p2a: Chi-Yu|0 fnt\n|-damage|p2b: Ogerpon|41\/100\n|faint|p2a: Chi-Yu\n|\n|upkeep\n|\n|t:|1697653435\n|switch|p2a: Flutter Mane|Flutter Mane|100\/100\n|turn|8\n|c| shadowmaster6 789|ionnss\n|\n|t:|1697653452\n|move|p1b: Chien-Pao|Sucker Punch|p2a: Flutter Mane\n|-damage|p2a: Flutter Mane|34\/100\n|move|p2a: Flutter Mane|Dazzling Gleam|p1b: Chien-Pao|[spread] p1a,p1b\n|-crit|p1a: Dragonite\n|-supereffective|p1b: Chien-Pao\n|-damage|p1a: Dragonite|81\/100\n|-damage|p1b: Chien-Pao|0 fnt\n|faint|p1b: Chien-Pao\n|move|p2b: Ogerpon|Horn Leech|p1a: Dragonite\n|-damage|p1a: Dragonite|43\/100\n|-heal|p2b: Ogerpon|61\/100|[from] drain|[of] p1a: Dragonite\n|move|p1a: Dragonite|Rock Slide|p2b: Ogerpon|[spread] p2a,p2b\n|-damage|p2a: Flutter Mane|0 fnt\n|-damage|p2b: Ogerpon|21\/100\n|faint|p2a: Flutter Mane\n|-end|p2a: Flutter Mane|Protosynthesis|[silent]\n|\n|upkeep\n|turn|9\n|\n|t:|1697653468\n|move|p2b: Ogerpon|Ivy Cudgel|p1a: Dragonite\n|-damage|p1a: Dragonite|0 fnt\n|faint|p1a: Dragonite\n|\n|win|ionnss\n|c| shadowmaster6 789|you scard me\n|c|\u2606ionnss|i would never lose\n|c|\u2606Pratik2007|gg\n|c|\u2606ionnss|except when i did last round\n|c|\u2606ionnss|gg\n|l|\u2606Pratik2007\n|c|\u2606ionnss|those games were close ngl\n|c|\u2606ionnss|alright the\n|c|\u2606ionnss|the play\n|c| shadowmaster6 789|what were you thinking\n","uploadtime":1697653492,"views":22,"p1id":"pratik2007","p2id":"ionnss","formatid":"gen9doublesou","rating":0,"private":0,"password":""}