{"id":"gen9doublesou-1983409717","p1":"PotatoTits","p2":"PkmnTrainerEathen","format":"[Gen 9] Doubles OU","log":"|j|\u2606PotatoTits\n|j|\u2606PkmnTrainerEathen\n|t:|1699127123\n|gametype|doubles\n|player|p1|PotatoTits|cynthia-gen4|1190\n|player|p2|PkmnTrainerEathen|hilbert|1212\n|teamsize|p1|6\n|teamsize|p2|6\n|gen|9\n|tier|[Gen 9] Doubles OU\n|rated|\n|rule|Species Clause: Limit one of each Pok\u00e9mon\n|rule|OHKO Clause: OHKO moves are banned\n|rule|Evasion Moves Clause: Evasion moves are banned\n|rule|Gravity Sleep Clause: The combination of sleep-inducing moves with imperfect accuracy and Gravity or Gigantamax Orbeetle are banned\n|rule|Endless Battle Clause: Forcing endless battles is banned\n|rule|HP Percentage Mod: HP is shown in percentages\n|clearpoke\n|poke|p1|Glastrier|\n|poke|p1|Ninetales-Alola, M|\n|poke|p1|Baxcalibur, F|\n|poke|p1|Cetitan, M|\n|poke|p1|Maushold-Four|\n|poke|p1|Avalugg-Hisui, M|\n|poke|p2|Lilligant-Hisui, F|\n|poke|p2|Armarouge, M|\n|poke|p2|Indeedee-F, F|\n|poke|p2|Torkoal, M|\n|poke|p2|Ursaluna, M|\n|poke|p2|Farigiraf, F|\n|teampreview\n|inactive|Battle timer is ON: inactive players will automatically lose when time's up. (requested by PotatoTits)\n|c|\u2606PotatoTits|Oh shit my teras are wrong\n|\n|t:|1699127152\n|start\n|switch|p1a: Ninetales|Ninetales-Alola, M|100\/100\n|switch|p1b: Glastrier|Glastrier|100\/100\n|switch|p2a: Lilligant|Lilligant-Hisui, F|100\/100\n|switch|p2b: Torkoal|Torkoal, M|100\/100\n|-weather|Snow|[from] ability: Snow Warning|[of] p1a: Ninetales\n|-weather|SunnyDay|[from] ability: Drought|[of] p2b: Torkoal\n|turn|1\n|\n|t:|1699127161\n|switch|p1a: Maushold|Maushold-Four|100\/100\n|move|p1b: Glastrier|Protect|p1b: Glastrier\n|-singleturn|p1b: Glastrier|Protect\n|move|p2a: Lilligant|After You|p2b: Torkoal\n|-activate|p2b: Torkoal|move: After You\n|move|p2b: Torkoal|Eruption|p1a: Maushold|[spread] p1a\n|-activate|p1b: Glastrier|move: Protect\n|-damage|p1a: Maushold|0 fnt\n|faint|p1a: Maushold\n|\n|-weather|SunnyDay|[upkeep]\n|upkeep\n|\n|t:|1699127171\n|switch|p1a: Ninetales|Ninetales-Alola, M|100\/100\n|-weather|Snow|[from] ability: Snow Warning|[of] p1a: Ninetales\n|turn|2\n|\n|t:|1699127187\n|switch|p2a: Indeedee|Indeedee-F, F|100\/100\n|-fieldstart|move: Psychic Terrain|[from] ability: Psychic Surge|[of] p2a: Indeedee\n|switch|p2b: Farigiraf|Farigiraf, F|100\/100\n|move|p1a: Ninetales|Aurora Veil|p1a: Ninetales\n|-sidestart|p1: PotatoTits|move: Aurora Veil\n|move|p1b: Glastrier|High Horsepower|p2b: Farigiraf\n|-damage|p2b: Farigiraf|63\/100\n|-damage|p1b: Glastrier|84\/100|[from] item: Rocky Helmet|[of] p2b: Farigiraf\n|\n|-weather|Snow|[upkeep]\n|upkeep\n|turn|3\n|inactive|PotatoTits has 120 seconds left.\n|inactive|PotatoTits has 90 seconds left.\n|inactive|PotatoTits has 60 seconds left.\n|\n|t:|1699127281\n|switch|p1a: Avalugg|Avalugg-Hisui, M|100\/100\n|move|p2b: Farigiraf|Nasty Plot|p2b: Farigiraf\n|-boost|p2b: Farigiraf|spa|2\n|move|p1b: Glastrier|High Horsepower|p2b: Farigiraf\n|-damage|p2b: Farigiraf|20\/100\n|-damage|p1b: Glastrier|68\/100|[from] item: Rocky Helmet|[of] p2b: Farigiraf\n|move|p2a: Indeedee|Trick Room|p2a: Indeedee\n|-fieldstart|move: Trick Room|[of] p2a: Indeedee\n|\n|-weather|Snow|[upkeep]\n|upkeep\n|turn|4\n|\n|t:|1699127298\n|switch|p2b: Torkoal|Torkoal, M|100\/100\n|-weather|SunnyDay|[from] ability: Drought|[of] p2b: Torkoal\n|move|p2a: Indeedee|Follow Me|p2a: Indeedee\n|-singleturn|p2a: Indeedee|move: Follow Me\n|move|p1b: Glastrier|Icicle Crash|p2a: Indeedee\n|-damage|p2a: Indeedee|27\/100\n|move|p1a: Avalugg|Rock Slide|p2a: Indeedee|[spread] p2a,p2b\n|-supereffective|p2b: Torkoal\n|-damage|p2a: Indeedee|0 fnt\n|-damage|p2b: Torkoal|66\/100\n|faint|p2a: Indeedee\n|\n|-weather|SunnyDay|[upkeep]\n|upkeep\n|\n|t:|1699127305\n|switch|p2a: Armarouge|Armarouge, M, shiny|100\/100\n|turn|5\n|inactive|PotatoTits has 90 seconds left.\n|\n|t:|1699127329\n|move|p1b: Glastrier|High Horsepower|p2a: Armarouge\n|-supereffective|p2a: Armarouge\n|-crit|p2a: Armarouge\n|-damage|p2a: Armarouge|0 fnt\n|faint|p2a: Armarouge\n|-ability|p1b: Glastrier|Chilling Neigh|boost\n|-boost|p1b: Glastrier|atk|1\n|move|p2b: Torkoal|Eruption|p1b: Glastrier|[spread] p1a,p1b\n|-supereffective|p1b: Glastrier\n|-damage|p1a: Avalugg|68\/100\n|-damage|p1b: Glastrier|0 fnt\n|faint|p1b: Glastrier\n|move|p1a: Avalugg|High Horsepower|p2b: Torkoal\n|-supereffective|p2b: Torkoal\n|-damage|p2b: Torkoal|24\/100\n|\n|-weather|SunnyDay|[upkeep]\n|upkeep\n|inactive|PotatoTits has 90 seconds left.\n|\n|t:|1699127347\n|switch|p1b: Baxcalibur|Baxcalibur, F|100\/100\n|switch|p2a: Lilligant|Lilligant-Hisui, F|100\/100\n|turn|6\n|inactive|PotatoTits has 90 seconds left.\n|\n|t:|1699127381\n|switch|p2b: Ursaluna|Ursaluna, M|100\/100\n|move|p1b: Baxcalibur|Protect|p1b: Baxcalibur\n|-singleturn|p1b: Baxcalibur|Protect\n|move|p1a: Avalugg|Rock Slide|p2a: Lilligant|[spread] p2a,p2b\n|-resisted|p2a: Lilligant\n|-resisted|p2b: Ursaluna\n|-damage|p2a: Lilligant|83\/100\n|-damage|p2b: Ursaluna|92\/100\n|move|p2a: Lilligant|Close Combat|p1b: Baxcalibur\n|-activate|p1b: Baxcalibur|move: Protect\n|\n|-weather|SunnyDay|[upkeep]\n|-sideend|p1: PotatoTits|move: Aurora Veil\n|-fieldend|move: Psychic Terrain\n|-status|p2b: Ursaluna|brn|[from] item: Flame Orb\n|upkeep\n|turn|7\n|inactive|PotatoTits has 90 seconds left.\n|\n|t:|1699127424\n|move|p1a: Avalugg|Body Press|p2b: Ursaluna\n|-supereffective|p2b: Ursaluna\n|-damage|p2b: Ursaluna|51\/100 brn\n|move|p2b: Ursaluna|Facade|p1b: Baxcalibur\n|-damage|p1b: Baxcalibur|1\/100\n|move|p1b: Baxcalibur|Icicle Crash|p2b: Ursaluna|[miss]\n|-miss|p1b: Baxcalibur|p2b: Ursaluna\n|move|p2a: Lilligant|Close Combat|p1a: Avalugg\n|-supereffective|p1a: Avalugg\n|-damage|p1a: Avalugg|0 fnt\n|-unboost|p2a: Lilligant|def|1\n|-unboost|p2a: Lilligant|spd|1\n|faint|p1a: Avalugg\n|\n|-weather|SunnyDay|[upkeep]\n|-heal|p1b: Baxcalibur|8\/100|[from] item: Leftovers\n|-damage|p2b: Ursaluna|45\/100 brn|[from] brn\n|-fieldend|move: Trick Room\n|upkeep\n|inactive|PotatoTits has 60 seconds left.\n|\n|t:|1699127442\n|switch|p1a: Ninetales|Ninetales-Alola, M|100\/100\n|-weather|Snow|[from] ability: Snow Warning|[of] p1a: Ninetales\n|turn|8\n|inactive|PotatoTits has 60 seconds left.\n|\n|t:|1699127469\n|switch|p2a: Torkoal|Torkoal, M|24\/100\n|-weather|SunnyDay|[from] ability: Drought|[of] p2a: Torkoal\n|move|p1a: Ninetales|Icy Wind|p2a: Torkoal|[spread] p2a,p2b\n|-resisted|p2a: Torkoal\n|-supereffective|p2b: Ursaluna\n|-damage|p2a: Torkoal|15\/100\n|-damage|p2b: Ursaluna|23\/100 brn\n|-unboost|p2a: Torkoal|spe|1\n|-unboost|p2b: Ursaluna|spe|1\n|move|p1b: Baxcalibur|Glaive Rush|p2b: Ursaluna\n|-damage|p2b: Ursaluna|0 fnt\n|-singlemove|p1b: Baxcalibur|Glaive Rush|[silent]\n|faint|p2b: Ursaluna\n|\n|-weather|SunnyDay|[upkeep]\n|-heal|p1b: Baxcalibur|14\/100|[from] item: Leftovers\n|upkeep\n|\n|t:|1699127483\n|switch|p2b: Lilligant|Lilligant-Hisui, F|83\/100\n|turn|9\n|\n|t:|1699127503\n|move|p1b: Baxcalibur|Protect|p1b: Baxcalibur\n|-singleturn|p1b: Baxcalibur|Protect\n|move|p2b: Lilligant|After You|p2a: Torkoal\n|-activate|p2a: Torkoal|move: After You\n|move|p2a: Torkoal|Eruption|p1b: Baxcalibur|[spread] p1a\n|-activate|p1b: Baxcalibur|move: Protect\n|-supereffective|p1a: Ninetales\n|-damage|p1a: Ninetales|73\/100\n|move|p1a: Ninetales|Icy Wind|p2b: Lilligant|[spread] p2b\n|-miss|p1a: Ninetales|p2a: Torkoal\n|-supereffective|p2b: Lilligant\n|-damage|p2b: Lilligant|48\/100\n|-unboost|p2b: Lilligant|spe|1\n|\n|-weather|SunnyDay|[upkeep]\n|-heal|p1b: Baxcalibur|20\/100|[from] item: Leftovers\n|upkeep\n|turn|10\n|inactive|PotatoTits has 90 seconds left.\n|\n|t:|1699127531\n|move|p2b: Lilligant|Leaf Blade|p1b: Baxcalibur\n|-resisted|p1b: Baxcalibur\n|-damage|p1b: Baxcalibur|2\/100\n|move|p1a: Ninetales|Icy Wind|p2b: Lilligant|[spread] p2b\n|-miss|p1a: Ninetales|p2a: Torkoal\n|-supereffective|p2b: Lilligant\n|-damage|p2b: Lilligant|12\/100\n|-unboost|p2b: Lilligant|spe|1\n|move|p1b: Baxcalibur|Icicle Crash|p2b: Lilligant\n|-supereffective|p2b: Lilligant\n|-damage|p2b: Lilligant|0 fnt\n|faint|p2b: Lilligant\n|move|p2a: Torkoal|Eruption|p1a: Ninetales|[spread] p1a,p1b\n|-supereffective|p1a: Ninetales\n|-damage|p1a: Ninetales|43\/100\n|-damage|p1b: Baxcalibur|0 fnt\n|faint|p1b: Baxcalibur\n|\n|-weather|SunnyDay|[upkeep]\n|upkeep\n|inactive|PotatoTits has 90 seconds left.\n|\n|t:|1699127545\n|switch|p2b: Farigiraf|Farigiraf, F|20\/100\n|switch|p1b: Cetitan|Cetitan, M|100\/100\n|turn|11\n|\n|t:|1699127554\n|move|p2b: Farigiraf|Protect|p2b: Farigiraf\n|-singleturn|p2b: Farigiraf|Protect\n|move|p1b: Cetitan|Ice Shard||[still]\n|cant|p2b: Farigiraf|ability: Armor Tail|Ice Shard|[of] p1b: Cetitan\n|move|p1a: Ninetales|Icy Wind|p2a: Torkoal|[spread] \n|-activate|p2b: Farigiraf|move: Protect\n|-miss|p1a: Ninetales|p2a: Torkoal\n|move|p2a: Torkoal|Eruption|p1a: Ninetales|[spread] p1a,p1b\n|-supereffective|p1a: Ninetales\n|-supereffective|p1b: Cetitan\n|-damage|p1a: Ninetales|15\/100\n|-damage|p1b: Cetitan|72\/100\n|\n|-weather|SunnyDay|[upkeep]\n|upkeep\n|turn|12\n|inactive|PotatoTits has 120 seconds left.\n|c|\u2606PotatoTits|I missed three times with a 95% accuracy move\n|\n|t:|1699127598\n|-terastallize|p2b: Farigiraf|Psychic\n|move|p1a: Ninetales|Icy Wind|p2b: Farigiraf|[spread] p2a\n|-miss|p1a: Ninetales|p2b: Farigiraf\n|-resisted|p2a: Torkoal\n|-damage|p2a: Torkoal|7\/100\n|-unboost|p2a: Torkoal|spe|1\n|move|p1b: Cetitan|Stomping Tantrum|p2a: Torkoal\n|-supereffective|p2a: Torkoal\n|-damage|p2a: Torkoal|0 fnt\n|faint|p2a: Torkoal\n|move|p2b: Farigiraf|Tera Blast|p1b: Cetitan|[anim] Tera Blast Psychic\n|-damage|p1b: Cetitan|12\/100\n|-enditem|p1b: Cetitan|Sitrus Berry|[eat]\n|-heal|p1b: Cetitan|37\/100|[from] item: Sitrus Berry\n|\n|-weather|none\n|upkeep\n|turn|13\n|\n|t:|1699127611\n|move|p2b: Farigiraf|Protect|p2b: Farigiraf\n|-singleturn|p2b: Farigiraf|Protect\n|move|p1a: Ninetales|Icy Wind|p2b: Farigiraf\n|-activate|p2b: Farigiraf|move: Protect\n|move|p1b: Cetitan|Stomping Tantrum|p2b: Farigiraf\n|-activate|p2b: Farigiraf|move: Protect\n|\n|upkeep\n|turn|14\n|\n|t:|1699127615\n|move|p1a: Ninetales|Icy Wind|p2b: Farigiraf\n|-damage|p2b: Farigiraf|4\/100\n|-unboost|p2b: Farigiraf|spe|1\n|move|p1b: Cetitan|Stomping Tantrum|p2b: Farigiraf\n|-damage|p2b: Farigiraf|0 fnt\n|-damage|p1b: Cetitan|20\/100|[from] item: Rocky Helmet|[of] p2b: Farigiraf\n|faint|p2b: Farigiraf\n|\n|win|PotatoTits\n|raw|PotatoTits's rating: 1190 &rarr; <strong>1217<\/strong><br \/>(+27 for winning)\n|raw|PkmnTrainerEathen's rating: 1212 &rarr; <strong>1185<\/strong><br \/>(-27 for losing)\n|l|\u2606PkmnTrainerEathen\n|l|\u2606PotatoTits\n|j|\u2606PotatoTits\n|player|p1|PotatoTits|cynthia-gen4\n|n|\u2606PotatoTits|potatotits\n","uploadtime":1699127635,"views":20,"p1id":"potatotits","p2id":"pkmntrainereathen","formatid":"gen9doublesou","rating":1185,"private":0,"password":""}