{"id":"gen9doublesou-1997295224","p1":"Martin80","p2":"remustheking","format":"[Gen 9] Doubles OU","log":"|j|\u2606Martin80\n|j|\u203dremustheking\n|t:|1700785877\n|gametype|doubles\n|player|p1|Martin80|steven|1102\n|player|p2|remustheking|1|1185\n|teamsize|p1|6\n|teamsize|p2|6\n|gen|9\n|tier|[Gen 9] Doubles OU\n|rated|\n|rule|Species Clause: Limit one of each Pok\u00e9mon\n|rule|OHKO Clause: OHKO moves are banned\n|rule|Evasion Moves Clause: Evasion moves are banned\n|rule|Gravity Sleep Clause: The combination of sleep-inducing moves with imperfect accuracy and Gravity or Gigantamax Orbeetle are banned\n|rule|Endless Battle Clause: Forcing endless battles is banned\n|rule|HP Percentage Mod: HP is shown in percentages\n|clearpoke\n|poke|p1|Garganacl, F|\n|poke|p1|Tinkaton, F|\n|poke|p1|Lokix, F|\n|poke|p1|Quaquaval, F|\n|poke|p1|Arboliva, F|\n|poke|p1|Ceruledge, F|\n|poke|p2|Ninetales-Alola, F|\n|poke|p2|Iron Bundle|\n|poke|p2|Mamoswine, F|\n|poke|p2|Chien-Pao|\n|poke|p2|Cetitan, F|\n|poke|p2|Rotom-Frost|\n|teampreview\n|\n|t:|1700785891\n|start\n|switch|p1a: Tinkaton|Tinkaton, F, shiny|100\/100\n|switch|p1b: Ceruledge|Ceruledge, F, shiny|100\/100\n|switch|p2a: Ninetales|Ninetales-Alola, F|100\/100\n|switch|p2b: Cetitan|Cetitan, F|100\/100\n|-weather|Snow|[from] ability: Snow Warning|[of] p2a: Ninetales\n|turn|1\n|inactive|Battle timer is ON: inactive players will automatically lose when time's up. (requested by Martin80)\n|\n|t:|1700785914\n|move|p1a: Tinkaton|Fake Out|p2a: Ninetales\n|-damage|p2a: Ninetales|93\/100\n|move|p2b: Cetitan|Knock Off|p1b: Ceruledge\n|-supereffective|p1b: Ceruledge\n|-damage|p1b: Ceruledge|20\/100\n|-ability|p1b: Ceruledge|Weak Armor|boost\n|-unboost|p1b: Ceruledge|def|1\n|-boost|p1b: Ceruledge|spe|2\n|-enditem|p1b: Ceruledge|Weakness Policy\n|-boost|p1b: Ceruledge|atk|2|[from] item: Weakness Policy\n|-boost|p1b: Ceruledge|spa|2|[from] item: Weakness Policy\n|move|p1b: Ceruledge|Bitter Blade|p2a: Ninetales\n|-supereffective|p2a: Ninetales\n|-damage|p2a: Ninetales|0 fnt\n|-heal|p1b: Ceruledge|70\/100|[from] drain|[of] p2a: Ninetales\n|faint|p2a: Ninetales\n|\n|-weather|Snow|[upkeep]\n|upkeep\n|\n|t:|1700785933\n|switch|p2a: Iron Bundle|Iron Bundle|100\/100\n|-enditem|p2a: Iron Bundle|Booster Energy\n|-activate|p2a: Iron Bundle|ability: Quark Drive|[fromitem]\n|-start|p2a: Iron Bundle|quarkdrivespe\n|turn|2\n|\n|t:|1700785958\n|move|p2a: Iron Bundle|Protect|p2a: Iron Bundle\n|-singleturn|p2a: Iron Bundle|Protect\n|move|p1b: Ceruledge|Bitter Blade|p2b: Cetitan\n|-supereffective|p2b: Cetitan\n|-damage|p2b: Cetitan|7\/100\n|-heal|p1b: Ceruledge|100\/100|[from] drain|[of] p2b: Cetitan\n|move|p2b: Cetitan|Knock Off|p1b: Ceruledge\n|-supereffective|p1b: Ceruledge\n|-damage|p1b: Ceruledge|24\/100\n|-ability|p1b: Ceruledge|Weak Armor|boost\n|-unboost|p1b: Ceruledge|def|1\n|-boost|p1b: Ceruledge|spe|2\n|move|p1a: Tinkaton|Skitter Smack|p2a: Iron Bundle\n|-activate|p2a: Iron Bundle|move: Protect\n|\n|-weather|Snow|[upkeep]\n|-heal|p2b: Cetitan|13\/100|[from] item: Leftovers\n|upkeep\n|turn|3\n|c|\u2606Martin80|!dt slush rush\n|raw|<ul class=\"utilichart\"><li class=\"result\"><span class=\"col namecol\"><a href=\"https:\/\/dex.pokemonshowdown.com\/abilities\/slushrush\">Slush Rush<\/a><\/span> <span class=\"col abilitydesccol\">If Snow is active, this Pokemon's Speed is doubled.<\/span> <\/li><li style=\"clear:both\"><\/li><\/ul>\n|raw|<font size=\"1\"><font color=\"#686868\">Gen:<\/font> 7<\/font>\n\n|\n|t:|1700785986\n|move|p1b: Ceruledge|Shadow Sneak|p2a: Iron Bundle\n|-damage|p2a: Iron Bundle|73\/100\n|move|p2a: Iron Bundle|Blizzard|p1a: Tinkaton|[spread] p1a,p1b\n|-resisted|p1a: Tinkaton\n|-resisted|p1b: Ceruledge\n|-damage|p1a: Tinkaton|80\/100\n|-damage|p1b: Ceruledge|4\/100\n|move|p2b: Cetitan|Blizzard|p1b: Ceruledge|[spread] p1a,p1b\n|-resisted|p1a: Tinkaton\n|-resisted|p1b: Ceruledge\n|-damage|p1a: Tinkaton|73\/100\n|-damage|p1b: Ceruledge|0 fnt\n|faint|p1b: Ceruledge\n|move|p1a: Tinkaton|Gigaton Hammer|p2b: Cetitan\n|-supereffective|p2b: Cetitan\n|-damage|p2b: Cetitan|0 fnt\n|faint|p2b: Cetitan\n|\n|-weather|Snow|[upkeep]\n|-heal|p1a: Tinkaton|80\/100|[from] item: Leftovers\n|upkeep\n|\n|t:|1700786001\n|switch|p1b: Jolyne|Quaquaval, F, shiny|100\/100\n|switch|p2b: Mamoswine|Mamoswine, F|100\/100\n|turn|4\n|\n|t:|1700786008\n|move|p1a: Tinkaton|Helping Hand|p1b: Jolyne\n|-singleturn|p1b: Jolyne|Helping Hand|[of] p1a: Tinkaton\n|move|p2a: Iron Bundle|Blizzard|p1a: Tinkaton|[spread] p1a,p1b\n|-resisted|p1a: Tinkaton\n|-resisted|p1b: Jolyne\n|-crit|p1b: Jolyne\n|-damage|p1a: Tinkaton|59\/100\n|-damage|p1b: Jolyne|62\/100\n|move|p1b: Jolyne|Aqua Step|p2b: Mamoswine\n|-supereffective|p2b: Mamoswine\n|-damage|p2b: Mamoswine|30\/100\n|-boost|p1b: Jolyne|spe|1\n|move|p2b: Mamoswine|Blizzard|p1b: Jolyne|[spread] p1a,p1b\n|-resisted|p1a: Tinkaton\n|-resisted|p1b: Jolyne\n|-damage|p1a: Tinkaton|48\/100\n|-damage|p1b: Jolyne|44\/100\n|-status|p1b: Jolyne|frz\n|\n|-weather|Snow|[upkeep]\n|-heal|p1a: Tinkaton|54\/100|[from] item: Leftovers\n|-heal|p2b: Mamoswine|36\/100|[from] item: Leftovers\n|upkeep\n|turn|5\n|c|\u2606Martin80|YOU SICK BASTARD\n|inactive|Martin80 has 120 seconds left.\n|\n|t:|1700786042\n|move|p2a: Iron Bundle|Protect|p2a: Iron Bundle\n|-singleturn|p2a: Iron Bundle|Protect\n|cant|p1b: Jolyne|frz\n|move|p1a: Tinkaton|Gigaton Hammer|p2b: Mamoswine\n|-supereffective|p2b: Mamoswine\n|-damage|p2b: Mamoswine|0 fnt\n|faint|p2b: Mamoswine\n|\n|-weather|none\n|-heal|p1a: Tinkaton|60\/100|[from] item: Leftovers\n|upkeep\n|\n|t:|1700786053\n|switch|p2b: Chien-Pao|Chien-Pao|100\/100\n|-ability|p2b: Chien-Pao|Sword of Ruin\n|turn|6\n|\n|t:|1700786066\n|move|p2a: Iron Bundle|Blizzard|p1a: Tinkaton|[spread] p1b\n|-miss|p2a: Iron Bundle|p1a: Tinkaton\n|-resisted|p1b: Jolyne\n|-damage|p1b: Jolyne|20\/100 frz\n|cant|p1b: Jolyne|frz\n|move|p2b: Chien-Pao|Blizzard|p1b: Jolyne|[spread] p1a,p1b\n|-resisted|p1a: Tinkaton\n|-resisted|p1b: Jolyne\n|-damage|p1a: Tinkaton|42\/100\n|-damage|p1b: Jolyne|0 fnt\n|faint|p1b: Jolyne\n|move|p1a: Tinkaton|Skitter Smack|p2b: Chien-Pao\n|-supereffective|p2b: Chien-Pao\n|-damage|p2b: Chien-Pao|62\/100\n|-unboost|p2b: Chien-Pao|spa|1\n|\n|-heal|p1a: Tinkaton|48\/100|[from] item: Leftovers\n|upkeep\n|\n|t:|1700786082\n|switch|p1b: Bichota|Lokix, F, shiny|100\/100\n|turn|7\n|\n|t:|1700786093\n|move|p1b: Bichota|First Impression|p2b: Chien-Pao\n|-supereffective|p2b: Chien-Pao\n|-damage|p2b: Chien-Pao|0 fnt\n|faint|p2b: Chien-Pao\n|-damage|p1b: Bichota|91\/100|[from] item: Life Orb\n|move|p2a: Iron Bundle|Snowscape|p2a: Iron Bundle\n|-weather|Snow\n|move|p1a: Tinkaton|Skitter Smack|p2a: Iron Bundle\n|-crit|p2a: Iron Bundle\n|-damage|p2a: Iron Bundle|58\/100\n|-unboost|p2a: Iron Bundle|spa|1\n|\n|-weather|Snow|[upkeep]\n|-heal|p1a: Tinkaton|55\/100|[from] item: Leftovers\n|upkeep\n|\n|t:|1700786105\n|switch|p2b: Rotom|Rotom-Frost|100\/100\n|turn|8\n|\n|t:|1700786115\n|move|p2a: Iron Bundle|Blizzard|p1b: Bichota|[spread] p1a,p1b\n|-resisted|p1a: Tinkaton\n|-damage|p1a: Tinkaton|41\/100\n|-damage|p1b: Bichota|41\/100\n|move|p1a: Tinkaton|Gigaton Hammer|p2b: Rotom\n|-damage|p2b: Rotom|61\/100\n|move|p1b: Bichota|Leech Life|p2a: Iron Bundle\n|-damage|p2a: Iron Bundle|29\/100\n|-heal|p1b: Bichota|55\/100|[from] drain|[of] p2a: Iron Bundle\n|-damage|p1b: Bichota|45\/100|[from] item: Life Orb\n|move|p2b: Rotom|Blizzard|p1a: Tinkaton|[spread] p1a,p1b\n|-resisted|p1a: Tinkaton\n|-damage|p1a: Tinkaton|23\/100\n|-damage|p1b: Bichota|0 fnt\n|faint|p1b: Bichota\n|\n|-weather|Snow|[upkeep]\n|-heal|p1a: Tinkaton|29\/100|[from] item: Leftovers\n|upkeep\n|\n|t:|1700786132\n|switch|p1b: Golemcita|Garganacl, F, shiny|100\/100\n|turn|9\n|\n|t:|1700786140\n|move|p1b: Golemcita|Wide Guard|p1b: Golemcita\n|-singleturn|p1b: Golemcita|Wide Guard\n|move|p2a: Iron Bundle|Blizzard|p1a: Tinkaton|[spread] \n|-activate|p1a: Tinkaton|move: Wide Guard\n|-activate|p1b: Golemcita|move: Wide Guard\n|move|p1a: Tinkaton|Skitter Smack|p2b: Rotom\n|-damage|p2b: Rotom|50\/100\n|-unboost|p2b: Rotom|spa|1\n|move|p2b: Rotom|Blizzard|p1a: Tinkaton|[spread] \n|-activate|p1a: Tinkaton|move: Wide Guard\n|-activate|p1b: Golemcita|move: Wide Guard\n|\n|-weather|Snow|[upkeep]\n|-heal|p1a: Tinkaton|35\/100|[from] item: Leftovers\n|upkeep\n|turn|10\n|c|\u2606Martin80|I SAY NO MORE BLIZZARD\n|\n|t:|1700786164\n|move|p2a: Iron Bundle|Protect|p2a: Iron Bundle\n|-singleturn|p2a: Iron Bundle|Protect\n|move|p2b: Rotom|Protect|p2b: Rotom\n|-singleturn|p2b: Rotom|Protect\n|move|p1a: Tinkaton|Gigaton Hammer|p2a: Iron Bundle\n|-activate|p2a: Iron Bundle|move: Protect\n|move|p1b: Golemcita|Body Press|p2b: Rotom\n|-activate|p2b: Rotom|move: Protect\n|\n|-weather|Snow|[upkeep]\n|-heal|p1a: Tinkaton|41\/100|[from] item: Leftovers\n|upkeep\n|turn|11\n|\n|t:|1700786182\n|move|p1a: Tinkaton|Helping Hand|p1b: Golemcita\n|-singleturn|p1b: Golemcita|Helping Hand|[of] p1a: Tinkaton\n|move|p2a: Iron Bundle|Blizzard|p1a: Tinkaton|[spread] p1a,p1b\n|-resisted|p1a: Tinkaton\n|-crit|p1b: Golemcita\n|-damage|p1a: Tinkaton|30\/100\n|-damage|p1b: Golemcita|62\/100\n|move|p2b: Rotom|Blizzard|p1a: Tinkaton|[spread] p1a,p1b\n|-resisted|p1a: Tinkaton\n|-damage|p1a: Tinkaton|16\/100\n|-damage|p1b: Golemcita|43\/100\n|move|p1b: Golemcita|Body Press|p2a: Iron Bundle\n|-supereffective|p2a: Iron Bundle\n|-damage|p2a: Iron Bundle|0 fnt\n|faint|p2a: Iron Bundle\n|-end|p2a: Iron Bundle|Quark Drive|[silent]\n|\n|-weather|none\n|-heal|p1a: Tinkaton|22\/100|[from] item: Leftovers\n|-heal|p1b: Golemcita|49\/100|[from] item: Leftovers\n|upkeep\n|turn|12\n|\n|t:|1700786201\n|-terastallize|p2b: Rotom|Ice\n|move|p1a: Tinkaton|Gigaton Hammer|p2b: Rotom\n|-supereffective|p2b: Rotom\n|-damage|p2b: Rotom|0 fnt\n|faint|p2b: Rotom\n|\n|win|Martin80\n|raw|Martin80's rating: 1102 &rarr; <strong>1133<\/strong><br \/>(+31 for winning)\n|raw|remustheking's rating: 1185 &rarr; <strong>1154<\/strong><br \/>(-31 for losing)\n|l|\u203dremustheking\n","uploadtime":1700786038,"views":5,"p1id":"martin80","p2id":"remustheking","formatid":"gen9doublesou","rating":1133,"private":0,"password":""}