{"id":"gen9doublesou-1977040986","p1":"easdf","p2":"lilbookcase","format":"[Gen 9] Doubles OU","log":"|j|\u2606easdf\n|j|\u2606lilbookcase\n|t:|1698364872\n|gametype|doubles\n|player|p1|easdf|falkner|\n|player|p2|lilbookcase|rocketgruntf|\n|teamsize|p1|6\n|teamsize|p2|6\n|gen|9\n|tier|[Gen 9] Doubles OU\n|rule|Species Clause: Limit one of each Pok\u00e9mon\n|rule|OHKO Clause: OHKO moves are banned\n|rule|Evasion Moves Clause: Evasion moves are banned\n|rule|Gravity Sleep Clause: The combination of sleep-inducing moves with imperfect accuracy and Gravity or Gigantamax Orbeetle are banned\n|rule|Endless Battle Clause: Forcing endless battles is banned\n|rule|HP Percentage Mod: HP is shown in percentages\n|clearpoke\n|poke|p1|Chandelure, M|\n|poke|p1|Murkrow, M|\n|poke|p1|Volcarona, F|\n|poke|p1|Abomasnow, M|\n|poke|p1|Zoroark-Hisui, M|\n|poke|p1|Shiftry, F|\n|poke|p2|Roaring Moon|\n|poke|p2|Weezing-Galar, M|\n|poke|p2|Gholdengo|\n|poke|p2|Ursaluna, F|\n|poke|p2|Hatterene, F|\n|poke|p2|Gothitelle, M|\n|teampreview\n|\n|t:|1698364907\n|start\n|switch|p1a: Liminal Land|Chandelure, M|100\/100\n|switch|p1b: Local 58|Murkrow, M|100\/100\n|switch|p2a: Trick|Hatterene, F|100\/100\n|switch|p2b: Treat|Gothitelle, M|100\/100\n|-item|p1a: Liminal Land|Charcoal|[from] ability: Frisk|[of] p2b: Treat|[identify]\n|-item|p1b: Local 58|Covert Cloak|[from] ability: Frisk|[of] p2b: Treat|[identify]\n|turn|1\n|\n|t:|1698364945\n|move|p1b: Local 58|Tailwind|p1b: Local 58\n|-sidestart|p1: easdf|move: Tailwind\n|move|p1a: Liminal Land|Imprison|p1a: Liminal Land\n|-start|p1a: Liminal Land|move: Imprison\n|move|p2b: Treat|Heal Pulse|p2a: Trick\n|move|p2a: Trick|Heal Pulse|p2b: Treat|[from]ability: Magic Bounce\n|-fail|p2b: Treat|heal\n|move|p2a: Trick|Psychic|p1a: Liminal Land\n|-damage|p1a: Liminal Land|12\/100\n|-damage|p2a: Trick|91\/100|[from] item: Life Orb\n|\n|upkeep\n|turn|2\n|\n|t:|1698364965\n|move|p2a: Trick|Protect|p2a: Trick\n|-singleturn|p2a: Trick|Protect\n|move|p1b: Local 58|U-turn|p2a: Trick\n|-activate|p2a: Trick|move: Protect\n|move|p1a: Liminal Land|Shadow Ball|p2a: Trick\n|-activate|p2a: Trick|move: Protect\n|move|p2b: Treat|Psychic|p1a: Liminal Land\n|-damage|p1a: Liminal Land|0 fnt\n|faint|p1a: Liminal Land\n|\n|upkeep\n|\n|t:|1698364979\n|switch|p1a: GREYLOCK|Shiftry, F, shiny|100\/100\n|-ability|p1a: GREYLOCK|Wind Rider|boost\n|-boost|p1a: GREYLOCK|atk|1\n|turn|3\n|\n|t:|1698365008\n|switch|p2b: Smokin that Toxin|Weezing-Galar, M|100\/100\n|-ability|p2b: Smokin that Toxin|Neutralizing Gas\n|move|p1a: GREYLOCK|Knock Off|p2a: Trick\n|-damage|p2a: Trick|0 fnt\n|-enditem|p2a: Trick|Life Orb|[from] move: Knock Off|[of] p1a: GREYLOCK\n|faint|p2a: Trick\n|-damage|p1a: GREYLOCK|91\/100|[from] item: Life Orb\n|move|p1b: Local 58|U-turn|p2b: Smokin that Toxin\n|-resisted|p2b: Smokin that Toxin\n|-damage|p2b: Smokin that Toxin|98\/100\n|\n|t:|1698365031\n|switch|p1b: MandelaCatalogue|Zoroark-Hisui, M|100\/100|[from] U-turn\n|\n|-heal|p2b: Smokin that Toxin|100\/100|[from] item: Leftovers\n|upkeep\n|\n|t:|1698365039\n|switch|p2a: Roaring Gibbous|Roaring Moon|100\/100\n|-enditem|p2a: Roaring Gibbous|Booster Energy\n|-activate|p2a: Roaring Gibbous|ability: Protosynthesis|[fromitem]\n|-start|p2a: Roaring Gibbous|protosynthesisspe\n|turn|4\n|\n|t:|1698365061\n|-terastallize|p1a: GREYLOCK|Rock\n|move|p2a: Roaring Gibbous|Protect|p2a: Roaring Gibbous\n|-singleturn|p2a: Roaring Gibbous|Protect\n|move|p2b: Smokin that Toxin|Protect|p2b: Smokin that Toxin\n|-singleturn|p2b: Smokin that Toxin|Protect\n|move|p1b: MandelaCatalogue|Will-O-Wisp|p2a: Roaring Gibbous\n|-activate|p2a: Roaring Gibbous|move: Protect\n|move|p1a: GREYLOCK|Rock Slide|p2a: Roaring Gibbous|[spread] \n|-activate|p2a: Roaring Gibbous|move: Protect\n|-activate|p2b: Smokin that Toxin|move: Protect\n|\n|-sideend|p1: easdf|move: Tailwind\n|upkeep\n|turn|5\n|\n|t:|1698365084\n|move|p2a: Roaring Gibbous|Tailwind|p2a: Roaring Gibbous\n|-sidestart|p2: lilbookcase|move: Tailwind\n|move|p1b: MandelaCatalogue|Icy Wind|p2b: Smokin that Toxin|[spread] p2a,p2b\n|-supereffective|p2a: Roaring Gibbous\n|-damage|p2a: Roaring Gibbous|75\/100\n|-damage|p2b: Smokin that Toxin|87\/100\n|-unboost|p2a: Roaring Gibbous|spe|1\n|-unboost|p2b: Smokin that Toxin|spe|1\n|move|p1a: GREYLOCK|Rock Slide|p2a: Roaring Gibbous|[spread] p2a,p2b\n|-damage|p2a: Roaring Gibbous|15\/100\n|-damage|p2b: Smokin that Toxin|44\/100\n|-damage|p1a: GREYLOCK|81\/100|[from] item: Life Orb\n|cant|p2b: Smokin that Toxin|flinch\n|\n|-heal|p2b: Smokin that Toxin|50\/100|[from] item: Leftovers\n|upkeep\n|turn|6\n|\n|t:|1698365125\n|move|p2a: Roaring Gibbous|Knock Off|p1a: GREYLOCK\n|-damage|p1a: GREYLOCK|2\/100\n|-enditem|p1a: GREYLOCK|Life Orb|[from] move: Knock Off|[of] p2a: Roaring Gibbous\n|move|p1b: MandelaCatalogue|Icy Wind|p2b: Smokin that Toxin|[spread] p2a,p2b\n|-supereffective|p2a: Roaring Gibbous\n|-damage|p2a: Roaring Gibbous|0 fnt\n|-damage|p2b: Smokin that Toxin|36\/100\n|-unboost|p2b: Smokin that Toxin|spe|1\n|faint|p2a: Roaring Gibbous\n|-end|p2a: Roaring Gibbous|Protosynthesis|[silent]\n|move|p1a: GREYLOCK|Rock Slide|p2b: Smokin that Toxin\n|-damage|p2b: Smokin that Toxin|0 fnt\n|faint|p2b: Smokin that Toxin\n|-end|p2b: Smokin that Toxin|ability: Neutralizing Gas\n|\n|upkeep\n|\n|t:|1698365133\n|switch|p2a: Mr. Joe|Gholdengo|100\/100\n|switch|p2b: Waxaluna|Ursaluna, F|100\/100\n|turn|7\n|\n|t:|1698365195\n|switch|p1b: GeminiHome|Volcarona, F|100\/100\n|move|p2a: Mr. Joe|Make It Rain|p1b: GeminiHome|[spread] p1a,p1b\n|-supereffective|p1a: GREYLOCK\n|-resisted|p1b: GeminiHome\n|-damage|p1a: GREYLOCK|0 fnt\n|-damage|p1b: GeminiHome|62\/100\n|-unboost|p2a: Mr. Joe|spa|1\n|faint|p1a: GREYLOCK\n|move|p2b: Waxaluna|Headlong Rush|p1b: GeminiHome\n|-damage|p1b: GeminiHome|0 fnt\n|-unboost|p2b: Waxaluna|def|1\n|-unboost|p2b: Waxaluna|spd|1\n|faint|p1b: GeminiHome\n|\n|-status|p2b: Waxaluna|brn|[from] item: Flame Orb\n|upkeep\n|\n|t:|1698365207\n|switch|p1a: Local 58|Murkrow, M|100\/100\n|switch|p1b: Winter of '83|Abomasnow, M|100\/100\n|turn|8\n|\n|t:|1698365221\n|switch|p2b: Treat|Gothitelle, M|100\/100\n|-item|p1a: Local 58|Covert Cloak|[from] ability: Frisk|[of] p2b: Treat|[identify]\n|-item|p1b: Winter of '83|Choice Band|[from] ability: Frisk|[of] p2b: Treat|[identify]\n|move|p1a: Local 58|Tailwind|p1a: Local 58\n|-sidestart|p1: easdf|move: Tailwind\n|move|p1b: Winter of '83|Earthquake|p2b: Treat|[spread] p2a,p2b\n|-immune|p1a: Local 58\n|-supereffective|p2a: Mr. Joe\n|-damage|p2a: Mr. Joe|39\/100\n|-damage|p2b: Treat|75\/100\n|move|p2a: Mr. Joe|Make It Rain|p1b: Winter of '83|[spread] p1a,p1b\n|-supereffective|p1b: Winter of '83\n|-damage|p1a: Local 58|33\/100\n|-damage|p1b: Winter of '83|0 fnt\n|-unboost|p2a: Mr. Joe|spa|1\n|faint|p1b: Winter of '83\n|\n|-sideend|p2: lilbookcase|move: Tailwind\n|upkeep\n|\n|t:|1698365231\n|switch|p1b: MandelaCatalogue|Zoroark-Hisui, M|100\/100\n|turn|9\n|\n|t:|1698365248\n|move|p2b: Treat|Fake Out|p1a: Local 58\n|-damage|p1a: Local 58|21\/100\n|move|p1b: MandelaCatalogue|Bitter Malice|p2a: Mr. Joe\n|-supereffective|p2a: Mr. Joe\n|-damage|p2a: Mr. Joe|0 fnt\n|faint|p2a: Mr. Joe\n|move|p1a: Local 58|Foul Play|p2b: Treat\n|-supereffective|p2b: Treat\n|-damage|p2b: Treat|46\/100\n|-enditem|p2b: Treat|Sitrus Berry|[eat]\n|-heal|p2b: Treat|71\/100|[from] item: Sitrus Berry\n|\n|upkeep\n|\n|t:|1698365255\n|switch|p2a: Waxaluna|Ursaluna, F|100\/100 brn\n|turn|10\n|\n|t:|1698365279\n|move|p1b: MandelaCatalogue|Hyper Voice|p2b: Treat|[spread] p2a,p2b\n|-damage|p2a: Waxaluna|64\/100 brn\n|-damage|p2b: Treat|42\/100\n|move|p1a: Local 58|Foul Play|p2a: Waxaluna\n|-damage|p2a: Waxaluna|25\/100 brn\n|move|p2a: Waxaluna|Facade|p1a: Local 58\n|-damage|p1a: Local 58|0 fnt\n|faint|p1a: Local 58\n|move|p2b: Treat|Heal Pulse|p2a: Waxaluna\n|-heal|p2a: Waxaluna|75\/100 brn\n|\n|-damage|p2a: Waxaluna|69\/100 brn|[from] brn\n|upkeep\n|turn|11\n|\n|t:|1698365297\n|move|p1b: MandelaCatalogue|Hyper Voice|p2b: Treat|[spread] p2a,p2b\n|-damage|p2a: Waxaluna|34\/100 brn\n|-damage|p2b: Treat|14\/100\n|move|p2a: Waxaluna|Headlong Rush|p1b: MandelaCatalogue\n|-damage|p1b: MandelaCatalogue|0 fnt\n|-unboost|p2a: Waxaluna|def|1\n|-unboost|p2a: Waxaluna|spd|1\n|faint|p1b: MandelaCatalogue\n|\n|win|lilbookcase\n|l|\u2606easdf\n","uploadtime":1698365307,"views":16,"p1id":"easdf","p2id":"lilbookcase","formatid":"gen9doublesou","rating":0,"private":0,"password":""}