{"id":"gen9doublesou-1998396552","p1":"THICCC_FILET","p2":"BullishBandit","format":"[Gen 9] Doubles OU","log":"|j|\u2606THICCC_FILET\n|j|\u2606BullishBandit\n|t:|1700937660\n|gametype|doubles\n|player|p1|THICCC_FILET|palmer|1231\n|player|p2|BullishBandit|102|1106\n|teamsize|p1|6\n|teamsize|p2|6\n|gen|9\n|tier|[Gen 9] Doubles OU\n|rated|\n|rule|Species Clause: Limit one of each Pok\u00e9mon\n|rule|OHKO Clause: OHKO moves are banned\n|rule|Evasion Moves Clause: Evasion moves are banned\n|rule|Gravity Sleep Clause: The combination of sleep-inducing moves with imperfect accuracy and Gravity or Gigantamax Orbeetle are banned\n|rule|Endless Battle Clause: Forcing endless battles is banned\n|rule|HP Percentage Mod: HP is shown in percentages\n|clearpoke\n|poke|p1|Kommo-o, M|\n|poke|p1|Landorus-Therian, M|\n|poke|p1|Arcanine-Hisui, M|\n|poke|p1|Shiftry, M|\n|poke|p1|Tyranitar, M|\n|poke|p1|Empoleon, M|\n|poke|p2|Gholdengo|\n|poke|p2|Garganacl, F|\n|poke|p2|Maushold|\n|poke|p2|Toxapex, M|\n|poke|p2|Garchomp, F|\n|poke|p2|Tinkaton, F|\n|teampreview\n|inactive|Battle timer is ON: inactive players will automatically lose when time's up. (requested by THICCC_FILET)\n|\n|t:|1700937692\n|start\n|switch|p1a: Shiftry|Shiftry, M, shiny|100\/100\n|switch|p1b: Landorus|Landorus-Therian, M, shiny|100\/100\n|switch|p2a: Gholdengo|Gholdengo|100\/100\n|switch|p2b: Tinkaton|Tinkaton, F|100\/100\n|-ability|p1b: Landorus|Intimidate|boost\n|-unboost|p2a: Gholdengo|atk|1\n|-fail|p2b: Tinkaton|unboost|Attack|[from] ability: Own Tempo|[of] p2b: Tinkaton\n|turn|1\n|\n|t:|1700937707\n|move|p2b: Tinkaton|Fake Out|p1b: Landorus\n|-damage|p1b: Landorus|89\/100\n|cant|p1b: Landorus|flinch\n|move|p1a: Shiftry|Knock Off|p2a: Gholdengo\n|-supereffective|p2a: Gholdengo\n|-damage|p2a: Gholdengo|17\/100\n|-enditem|p2a: Gholdengo|Focus Sash|[from] move: Knock Off|[of] p1a: Shiftry\n|move|p2a: Gholdengo|Nasty Plot|p2a: Gholdengo\n|-boost|p2a: Gholdengo|spa|2\n|\n|-heal|p1b: Landorus|95\/100|[from] item: Leftovers\n|upkeep\n|turn|2\n|\n|t:|1700937729\n|-terastallize|p2a: Gholdengo|Steel\n|move|p2b: Tinkaton|Protect|p2b: Tinkaton\n|-singleturn|p2b: Tinkaton|Protect\n|move|p1a: Shiftry|Sucker Punch|p2a: Gholdengo\n|-damage|p2a: Gholdengo|0 fnt\n|faint|p2a: Gholdengo\n|move|p1b: Landorus|Earthquake|p2b: Tinkaton|[spread] p1a\n|-activate|p2b: Tinkaton|move: Protect\n|-resisted|p1a: Shiftry\n|-damage|p1a: Shiftry|66\/100\n|\n|-heal|p1b: Landorus|100\/100|[from] item: Leftovers\n|upkeep\n|\n|t:|1700937741\n|switch|p2a: Toxapex|Toxapex, M|100\/100\n|turn|3\n|\n|t:|1700937753\n|move|p2a: Toxapex|Wide Guard|p2a: Toxapex\n|-singleturn|p2a: Toxapex|Wide Guard\n|move|p1b: Landorus|Earthquake|p2a: Toxapex|[spread] p1a\n|-activate|p2a: Toxapex|move: Wide Guard\n|-activate|p2b: Tinkaton|move: Wide Guard\n|-resisted|p1a: Shiftry\n|-crit|p1a: Shiftry\n|-damage|p1a: Shiftry|19\/100\n|move|p1a: Shiftry|Tailwind|p1a: Shiftry\n|-sidestart|p1: THICCC_FILET|move: Tailwind\n|-ability|p1a: Shiftry|Wind Rider|boost\n|-boost|p1a: Shiftry|atk|1\n|move|p2b: Tinkaton|Play Rough|p1a: Shiftry\n|-supereffective|p1a: Shiftry\n|-damage|p1a: Shiftry|0 fnt\n|faint|p1a: Shiftry\n|\n|upkeep\n|\n|t:|1700937767\n|switch|p1a: Arcanine|Arcanine-Hisui, M, shiny|100\/100\n|turn|4\n|\n|t:|1700937779\n|switch|p2b: Garchomp|Garchomp, F|100\/100\n|move|p2a: Toxapex|Wide Guard|p2a: Toxapex\n|-singleturn|p2a: Toxapex|Wide Guard\n|move|p1b: Landorus|Rock Slide|p2b: Garchomp|[spread] \n|-activate|p2a: Toxapex|move: Wide Guard\n|-activate|p2b: Garchomp|move: Wide Guard\n|move|p1a: Arcanine|Flare Blitz|p2b: Garchomp\n|-resisted|p2b: Garchomp\n|-damage|p2b: Garchomp|77\/100\n|-damage|p1a: Arcanine|88\/100|[from] ability: Rough Skin|[of] p2b: Garchomp\n|-damage|p1a: Arcanine|71\/100|[from] item: Rocky Helmet|[of] p2b: Garchomp\n|\n|upkeep\n|turn|5\n|l|\u2606THICCC_FILET\n|inactive|THICCC_FILET disconnected and has a minute to reconnect!\n|player|p1|\n|j|\u2606THICCC_FILET\n|inactive|THICCC_FILET reconnected and has 135 seconds left.\n|player|p1|THICCC_FILET|palmer\n|inactive|THICCC_FILET has 120 seconds left.\n|inactive|BullishBandit has 120 seconds left.\n|\n|t:|1700937813\n|move|p1b: Landorus|U-turn|p2b: Garchomp\n|-damage|p2b: Garchomp|53\/100\n|-damage|p1b: Landorus|88\/100|[from] ability: Rough Skin|[of] p2b: Garchomp\n|-damage|p1b: Landorus|72\/100|[from] item: Rocky Helmet|[of] p2b: Garchomp\n|inactive|THICCC_FILET has 120 seconds left.\n|\n|t:|1700937818\n|switch|p1b: Empoleon|Empoleon, M, shiny|100\/100|[from] U-turn\n|move|p1a: Arcanine|Psychic Fangs|p2a: Toxapex\n|-supereffective|p2a: Toxapex\n|-damage|p2a: Toxapex|62\/100\n|move|p2b: Garchomp|Liquidation|p1a: Arcanine\n|-supereffective|p1a: Arcanine\n|-damage|p1a: Arcanine|0 fnt\n|faint|p1a: Arcanine\n|move|p2a: Toxapex|Iron Defense|p2a: Toxapex\n|-boost|p2a: Toxapex|def|2\n|\n|upkeep\n|inactive|THICCC_FILET has 120 seconds left.\n|\n|t:|1700937828\n|switch|p1a: Kommo-o|Kommo-o, M, shiny|100\/100\n|turn|6\n|\n|t:|1700937844\n|-terastallize|p1a: Kommo-o|Steel\n|move|p2a: Toxapex|Baneful Bunker|p2a: Toxapex\n|-singleturn|p2a: Toxapex|move: Protect\n|move|p1b: Empoleon|Ice Beam|p2b: Garchomp\n|-supereffective|p2b: Garchomp\n|-damage|p2b: Garchomp|0 fnt\n|faint|p2b: Garchomp\n|move|p1a: Kommo-o|Clangorous Soul|p1a: Kommo-o\n|-boost|p1a: Kommo-o|atk|1\n|-boost|p1a: Kommo-o|def|1\n|-boost|p1a: Kommo-o|spa|1\n|-boost|p1a: Kommo-o|spd|1\n|-boost|p1a: Kommo-o|spe|1\n|-damage|p1a: Kommo-o|68\/100\n|\n|-heal|p1a: Kommo-o|74\/100|[from] item: Leftovers\n|-sideend|p1: THICCC_FILET|move: Tailwind\n|upkeep\n|\n|t:|1700937860\n|switch|p2b: Garganacl|Garganacl, F, shiny|100\/100\n|turn|7\n|\n|t:|1700937869\n|move|p2a: Toxapex|Wide Guard|p2a: Toxapex\n|-singleturn|p2a: Toxapex|Wide Guard\n|move|p1a: Kommo-o|Drain Punch|p2b: Garganacl\n|-supereffective|p2b: Garganacl\n|-damage|p2b: Garganacl|32\/100\n|-heal|p1a: Kommo-o|100\/100|[from] drain|[of] p2b: Garganacl\n|move|p1b: Empoleon|Flash Cannon|p2a: Toxapex\n|-resisted|p2a: Toxapex\n|-crit|p2a: Toxapex\n|-damage|p2a: Toxapex|33\/100\n|move|p2b: Garganacl|Salt Cure|p1a: Kommo-o\n|-resisted|p1a: Kommo-o\n|-damage|p1a: Kommo-o|96\/100\n|-start|p1a: Kommo-o|Salt Cure\n|\n|-heal|p1a: Kommo-o|100\/100|[from] item: Leftovers\n|-heal|p2b: Garganacl|38\/100|[from] item: Leftovers\n|-damage|p1a: Kommo-o|76\/100|[from] Salt Cure\n|upkeep\n|turn|8\n|\n|t:|1700937889\n|move|p2b: Garganacl|Protect|p2b: Garganacl\n|-singleturn|p2b: Garganacl|Protect\n|move|p1a: Kommo-o|Drain Punch|p2b: Garganacl\n|-activate|p2b: Garganacl|move: Protect\n|move|p1b: Empoleon|Flash Cannon|p2a: Toxapex\n|-resisted|p2a: Toxapex\n|-damage|p2a: Toxapex|12\/100\n|move|p2a: Toxapex|Recover|p2a: Toxapex\n|-heal|p2a: Toxapex|62\/100\n|\n|-heal|p1a: Kommo-o|82\/100|[from] item: Leftovers\n|-heal|p2b: Garganacl|44\/100|[from] item: Leftovers\n|-damage|p1a: Kommo-o|57\/100|[from] Salt Cure\n|upkeep\n|turn|9\n|inactive|BullishBandit has 120 seconds left.\n|\n|t:|1700937931\n|switch|p2b: Tinkaton|Tinkaton, F|100\/100\n|move|p1a: Kommo-o|Thunder Punch|p2a: Toxapex\n|-supereffective|p2a: Toxapex\n|-damage|p2a: Toxapex|33\/100\n|move|p1b: Empoleon|Flash Cannon|p2b: Tinkaton\n|-damage|p2b: Tinkaton|60\/100\n|move|p2a: Toxapex|Recover|p2a: Toxapex\n|-heal|p2a: Toxapex|83\/100\n|\n|-heal|p1a: Kommo-o|63\/100|[from] item: Leftovers\n|-damage|p1a: Kommo-o|39\/100|[from] Salt Cure\n|upkeep\n|turn|10\n|inactive|BullishBandit has 120 seconds left.\n|\n|t:|1700937959\n|move|p2b: Tinkaton|Fake Out|p1a: Kommo-o\n|-resisted|p1a: Kommo-o\n|-damage|p1a: Kommo-o|36\/100\n|cant|p1a: Kommo-o|flinch\n|move|p1b: Empoleon|Ice Beam|p2a: Toxapex\n|-resisted|p2a: Toxapex\n|-crit|p2a: Toxapex\n|-damage|p2a: Toxapex|62\/100\n|move|p2a: Toxapex|Iron Defense|p2a: Toxapex\n|-boost|p2a: Toxapex|def|2\n|\n|-heal|p1a: Kommo-o|42\/100|[from] item: Leftovers\n|-damage|p1a: Kommo-o|17\/100|[from] Salt Cure\n|upkeep\n|turn|11\n|inactive|BullishBandit has 120 seconds left.\n|inactive|THICCC_FILET has 120 seconds left.\n|\n|t:|1700937993\n|move|p2b: Tinkaton|Protect|p2b: Tinkaton\n|-singleturn|p2b: Tinkaton|Protect\n|move|p2a: Toxapex|Baneful Bunker|p2a: Toxapex\n|-singleturn|p2a: Toxapex|move: Protect\n|move|p1a: Kommo-o|Drain Punch|p2b: Tinkaton\n|-activate|p2b: Tinkaton|move: Protect\n|move|p1b: Empoleon|Flash Cannon|p2a: Toxapex\n|-activate|p2a: Toxapex|move: Protect\n|\n|-heal|p1a: Kommo-o|24\/100|[from] item: Leftovers\n|-damage|p1a: Kommo-o|0 fnt|[from] Salt Cure\n|faint|p1a: Kommo-o\n|upkeep\n|inactive|THICCC_FILET has 120 seconds left.\n|\n|t:|1700937998\n|switch|p1a: Landorus|Landorus-Therian, M, shiny|72\/100\n|-ability|p1a: Landorus|Intimidate|boost\n|-unboost|p2a: Toxapex|atk|1\n|-fail|p2b: Tinkaton|unboost|Attack|[from] ability: Own Tempo|[of] p2b: Tinkaton\n|turn|12\n|inactive|BullishBandit has 120 seconds left.\n|\n|t:|1700938025\n|move|p2a: Toxapex|Wide Guard|p2a: Toxapex\n|-singleturn|p2a: Toxapex|Wide Guard\n|move|p1a: Landorus|Earthquake|p2b: Tinkaton|[spread] p1b\n|-activate|p2a: Toxapex|move: Wide Guard\n|-activate|p2b: Tinkaton|move: Wide Guard\n|-supereffective|p1b: Empoleon\n|-damage|p1b: Empoleon|0 fnt\n|faint|p1b: Empoleon\n|move|p2b: Tinkaton|Gigaton Hammer|p1a: Landorus\n|-damage|p1a: Landorus|6\/100\n|\n|-heal|p1a: Landorus|12\/100|[from] item: Leftovers\n|upkeep\n|c|\u2606BullishBandit|lol\n|l|\u2606THICCC_FILET\n|inactive|THICCC_FILET disconnected and has a minute to reconnect!\n|player|p1|\n|c|\u2606BullishBandit|cmon m8\n|inactive|THICCC_FILET has 30 seconds to reconnect!\n|inactive|THICCC_FILET has 20 seconds to reconnect!\n|inactive|THICCC_FILET has 15 seconds to reconnect!\n|inactive|THICCC_FILET has 10 seconds to reconnect!\n|inactive|THICCC_FILET has 5 seconds to reconnect!\n|-message|THICCC_FILET lost due to inactivity.\n|\n|win|BullishBandit\n|raw|THICCC_FILET's rating: 1231 &rarr; <strong>1197<\/strong><br \/>(-34 for losing)\n|raw|BullishBandit's rating: 1106 &rarr; <strong>1140<\/strong><br \/>(+34 for winning)\n","uploadtime":1700938118,"views":5,"p1id":"thicccfilet","p2id":"bullishbandit","formatid":"gen9doublesou","rating":1140,"private":0,"password":""}