{"id":"gen9doublesou-1974559549","p1":"Kalabawson","p2":"SXD2002","format":"[Gen 9] Doubles OU","log":"|j|\u2606Kalabawson\n|j|\u2606SXD2002\n|t:|1698097322\n|gametype|doubles\n|player|p1|Kalabawson|101|1080\n|player|p2|SXD2002|silver-masters|1167\n|teamsize|p1|6\n|teamsize|p2|6\n|gen|9\n|tier|[Gen 9] Doubles OU\n|rated|\n|rule|Species Clause: Limit one of each Pok\u00e9mon\n|rule|OHKO Clause: OHKO moves are banned\n|rule|Evasion Moves Clause: Evasion moves are banned\n|rule|Gravity Sleep Clause: The combination of sleep-inducing moves with imperfect accuracy and Gravity or Gigantamax Orbeetle are banned\n|rule|Endless Battle Clause: Forcing endless battles is banned\n|rule|HP Percentage Mod: HP is shown in percentages\n|clearpoke\n|poke|p1|Flutter Mane|\n|poke|p1|Amoonguss, M|\n|poke|p1|Heatran, F|\n|poke|p1|Iron Hands|\n|poke|p1|Chi-Yu|\n|poke|p1|Ogerpon-Wellspring, F|\n|poke|p2|Lurantis, M|\n|poke|p2|Murkrow, F|\n|poke|p2|Grimmsnarl, M|\n|poke|p2|Clefairy, M|\n|poke|p2|Talonflame, M|\n|poke|p2|Espeon, M|\n|teampreview\n|inactive|Battle timer is ON: inactive players will automatically lose when time's up. (requested by SXD2002)\n|\n|t:|1698097346\n|start\n|switch|p1a: Flutter Mane|Flutter Mane|100\/100\n|switch|p1b: Iron Hands|Iron Hands|100\/100\n|switch|p2a: Murkrow|Murkrow, F|100\/100\n|switch|p2b: Lurantis|Lurantis, M|100\/100\n|-enditem|p1a: Flutter Mane|Booster Energy\n|-activate|p1a: Flutter Mane|ability: Protosynthesis|[fromitem]\n|-start|p1a: Flutter Mane|protosynthesisspa\n|turn|1\n|\n|t:|1698097360\n|move|p2b: Lurantis|Protect|p2b: Lurantis\n|-singleturn|p2b: Lurantis|Protect\n|move|p1b: Iron Hands|Fake Out|p2a: Murkrow\n|-damage|p2a: Murkrow|79\/100\n|cant|p2a: Murkrow|flinch\n|move|p1a: Flutter Mane|Icy Wind|p2a: Murkrow|[spread] p2a\n|-activate|p2b: Lurantis|move: Protect\n|-supereffective|p2a: Murkrow\n|-damage|p2a: Murkrow|46\/100\n|-unboost|p2a: Murkrow|spe|1\n|\n|upkeep\n|turn|2\n|\n|t:|1698097383\n|move|p2a: Murkrow|Feather Dance|p2b: Lurantis\n|-boost|p2b: Lurantis|atk|2\n|move|p1a: Flutter Mane|Icy Wind|p2a: Murkrow|[spread] p2a,p2b\n|-supereffective|p2a: Murkrow\n|-supereffective|p2b: Lurantis\n|-damage|p2a: Murkrow|15\/100\n|-damage|p2b: Lurantis|65\/100\n|-unboost|p2a: Murkrow|spe|1\n|-boost|p2b: Lurantis|spe|1\n|move|p2b: Lurantis|Superpower|p1b: Iron Hands\n|-damage|p1b: Iron Hands|65\/100\n|-boost|p2b: Lurantis|atk|1\n|-boost|p2b: Lurantis|def|1\n|move|p1b: Iron Hands|Drain Punch|p2a: Murkrow\n|-damage|p2a: Murkrow|0 fnt\n|-heal|p1b: Iron Hands|69\/100|[from] drain|[of] p2a: Murkrow\n|faint|p2a: Murkrow\n|\n|-heal|p2b: Lurantis|71\/100|[from] item: Leftovers\n|upkeep\n|inactive|SXD2002 has 120 seconds left.\n|\n|t:|1698097403\n|switch|p2a: Grimmsnarl|Grimmsnarl, M|100\/100\n|turn|3\n|\n|t:|1698097413\n|move|p2a: Grimmsnarl|Fake Tears|p2b: Lurantis\n|-boost|p2b: Lurantis|spd|2\n|move|p1a: Flutter Mane|Dazzling Gleam|p2a: Grimmsnarl|[spread] p2a,p2b\n|-supereffective|p2a: Grimmsnarl\n|-damage|p2a: Grimmsnarl|29\/100\n|-damage|p2b: Lurantis|54\/100\n|move|p2b: Lurantis|Superpower|p1b: Iron Hands\n|-damage|p1b: Iron Hands|22\/100\n|-boost|p2b: Lurantis|atk|1\n|-boost|p2b: Lurantis|def|1\n|move|p1b: Iron Hands|Drain Punch|p2b: Lurantis\n|-damage|p2b: Lurantis|32\/100\n|-heal|p1b: Iron Hands|29\/100|[from] drain|[of] p2b: Lurantis\n|\n|-heal|p2b: Lurantis|38\/100|[from] item: Leftovers\n|-heal|p2a: Grimmsnarl|35\/100|[from] item: Leftovers\n|upkeep\n|turn|4\n|\n|t:|1698097439\n|-terastallize|p2b: Lurantis|Steel\n|move|p2a: Grimmsnarl|Fake Tears|p2b: Lurantis\n|-boost|p2b: Lurantis|spd|2\n|move|p1a: Flutter Mane|Dazzling Gleam|p2a: Grimmsnarl|[spread] p2a,p2b\n|-supereffective|p2a: Grimmsnarl\n|-resisted|p2b: Lurantis\n|-damage|p2a: Grimmsnarl|0 fnt\n|-damage|p2b: Lurantis|33\/100\n|faint|p2a: Grimmsnarl\n|move|p2b: Lurantis|Superpower|p1b: Iron Hands\n|-crit|p1b: Iron Hands\n|-damage|p1b: Iron Hands|0 fnt\n|-boost|p2b: Lurantis|atk|1\n|-boost|p2b: Lurantis|def|1\n|faint|p1b: Iron Hands\n|-end|p1b: Iron Hands|Quark Drive|[silent]\n|\n|-heal|p2b: Lurantis|39\/100|[from] item: Leftovers\n|upkeep\n|\n|t:|1698097457\n|switch|p2a: Talonflame|Talonflame, M|100\/100\n|switch|p1b: Heatran|Heatran, F|100\/100\n|turn|5\n|\n|t:|1698097473\n|-end|p1a: Flutter Mane|Protosynthesis|[silent]\n|switch|p1a: Amoonguss|Amoonguss, M|100\/100\n|move|p2b: Lurantis|Protect|p2b: Lurantis\n|-singleturn|p2b: Lurantis|Protect\n|move|p2a: Talonflame|Tailwind|p2a: Talonflame\n|-sidestart|p2: SXD2002|move: Tailwind\n|move|p1b: Heatran|Heat Wave|p2a: Talonflame|[spread] p2a\n|-activate|p2b: Lurantis|move: Protect\n|-resisted|p2a: Talonflame\n|-damage|p2a: Talonflame|68\/100\n|-damage|p1b: Heatran|91\/100|[from] item: Life Orb\n|\n|-heal|p2b: Lurantis|45\/100|[from] item: Leftovers\n|upkeep\n|turn|6\n|\n|t:|1698097493\n|-terastallize|p1b: Heatran|Grass\n|move|p1a: Amoonguss|Protect|p1a: Amoonguss\n|-singleturn|p1a: Amoonguss|Protect\n|move|p2a: Talonflame|Defog|p2b: Lurantis\n|-boost|p2b: Lurantis|evasion|1\n|move|p2b: Lurantis|Leech Life|p1a: Amoonguss\n|-activate|p1a: Amoonguss|move: Protect\n|move|p1b: Heatran|Heat Wave|p2b: Lurantis|[spread] p2a,p2b\n|-resisted|p2a: Talonflame\n|-supereffective|p2b: Lurantis\n|-damage|p2a: Talonflame|37\/100\n|-damage|p2b: Lurantis|17\/100\n|-damage|p1b: Heatran|81\/100|[from] item: Life Orb\n|\n|-heal|p2b: Lurantis|23\/100|[from] item: Leftovers\n|upkeep\n|turn|7\n|\n|t:|1698097513\n|move|p1a: Amoonguss|Rage Powder|p1a: Amoonguss\n|-singleturn|p1a: Amoonguss|move: Rage Powder\n|move|p2a: Talonflame|Defog|p1a: Amoonguss\n|-unboost|p1a: Amoonguss|evasion|1\n|move|p2b: Lurantis|Leech Life|p1a: Amoonguss\n|-damage|p1a: Amoonguss|31\/100\n|-heal|p2b: Lurantis|67\/100|[from] drain|[of] p1a: Amoonguss\n|-enditem|p1a: Amoonguss|Sitrus Berry|[eat]\n|-heal|p1a: Amoonguss|56\/100|[from] item: Sitrus Berry\n|move|p1b: Heatran|Heat Wave|p2b: Lurantis|[spread] p2a\n|-miss|p1b: Heatran|p2b: Lurantis\n|-resisted|p2a: Talonflame\n|-damage|p2a: Talonflame|3\/100\n|-damage|p1b: Heatran|71\/100|[from] item: Life Orb\n|\n|-heal|p2b: Lurantis|73\/100|[from] item: Leftovers\n|upkeep\n|turn|8\n|\n|t:|1698097534\n|move|p1b: Heatran|Protect|p1b: Heatran\n|-singleturn|p1b: Heatran|Protect\n|move|p2a: Talonflame|U-turn|p1a: Amoonguss\n|-damage|p1a: Amoonguss|41\/100\n|\n|t:|1698097539\n|switch|p2a: Clefairy|Clefairy, M|100\/100|[from] U-turn\n|move|p2b: Lurantis|Leech Life|p1a: Amoonguss\n|-damage|p1a: Amoonguss|0 fnt\n|-heal|p2b: Lurantis|99\/100|[from] drain|[of] p1a: Amoonguss\n|faint|p1a: Amoonguss\n|\n|-heal|p2b: Lurantis|100\/100|[from] item: Leftovers\n|-sideend|p2: SXD2002|move: Tailwind\n|upkeep\n|\n|t:|1698097551\n|switch|p1a: Chi-Yu|Chi-Yu|100\/100\n|-ability|p1a: Chi-Yu|Beads of Ruin\n|turn|9\n|\n|t:|1698097562\n|move|p2a: Clefairy|Follow Me|p2a: Clefairy\n|-singleturn|p2a: Clefairy|move: Follow Me\n|move|p1a: Chi-Yu|Heat Wave|p2b: Lurantis|[spread] p2a,p2b\n|-supereffective|p2b: Lurantis\n|-damage|p2a: Clefairy|45\/100\n|-damage|p2b: Lurantis|67\/100\n|move|p1b: Heatran|Heat Wave|p2b: Lurantis|[spread] p2a,p2b\n|-supereffective|p2b: Lurantis\n|-damage|p2a: Clefairy|4\/100\n|-damage|p2b: Lurantis|41\/100\n|-damage|p1b: Heatran|61\/100|[from] item: Life Orb\n|move|p2b: Lurantis|Superpower|p1a: Chi-Yu\n|-supereffective|p1a: Chi-Yu\n|-crit|p1a: Chi-Yu\n|-damage|p1a: Chi-Yu|0 fnt\n|-boost|p2b: Lurantis|atk|1\n|-boost|p2b: Lurantis|def|1\n|faint|p1a: Chi-Yu\n|\n|-heal|p2b: Lurantis|47\/100|[from] item: Leftovers\n|upkeep\n|\n|t:|1698097581\n|switch|p1a: Ogerpon|Ogerpon-Wellspring, F|100\/100\n|turn|10\n|\n|t:|1698097586\n|move|p1a: Ogerpon|Helping Hand|p1b: Heatran\n|-singleturn|p1b: Heatran|Helping Hand|[of] p1a: Ogerpon\n|move|p2a: Clefairy|Protect|p2a: Clefairy\n|-singleturn|p2a: Clefairy|Protect\n|move|p1b: Heatran|Heat Wave|p2a: Clefairy|[spread] p2b\n|-activate|p2a: Clefairy|move: Protect\n|-supereffective|p2b: Lurantis\n|-damage|p2b: Lurantis|14\/100\n|-damage|p1b: Heatran|51\/100|[from] item: Life Orb\n|move|p2b: Lurantis|Leech Life|p1a: Ogerpon\n|-supereffective|p1a: Ogerpon\n|-damage|p1a: Ogerpon|0 fnt\n|-heal|p2b: Lurantis|67\/100|[from] drain|[of] p1a: Ogerpon\n|faint|p1a: Ogerpon\n|\n|-heal|p2b: Lurantis|73\/100|[from] item: Leftovers\n|upkeep\n|-message|Kalabawson forfeited.\n|\n|win|SXD2002\n|raw|Kalabawson's rating: 1080 &rarr; <strong>1063<\/strong><br \/>(-17 for losing)\n|raw|SXD2002's rating: 1167 &rarr; <strong>1186<\/strong><br \/>(+19 for winning)\n|l|\u2606Kalabawson\n","uploadtime":1698097615,"views":12,"p1id":"kalabawson","p2id":"sxd2002","formatid":"gen9doublesou","rating":1063,"private":0,"password":""}