{"id":"gen9doublesou-1972491840","p1":"Gorpg2","p2":"TonyTheTapeworm","format":"[Gen 9] Doubles OU","log":"|j|\u2606Gorpg2\n|j|\u2606TonyTheTapeworm\n|t:|1697848938\n|gametype|doubles\n|player|p1|Gorpg2|n|1116\n|player|p2|TonyTheTapeworm|lyra|1194\n|teamsize|p1|6\n|teamsize|p2|6\n|gen|9\n|tier|[Gen 9] Doubles OU\n|rated|\n|rule|Species Clause: Limit one of each Pok\u00e9mon\n|rule|OHKO Clause: OHKO moves are banned\n|rule|Evasion Moves Clause: Evasion moves are banned\n|rule|Gravity Sleep Clause: The combination of sleep-inducing moves with imperfect accuracy and Gravity or Gigantamax Orbeetle are banned\n|rule|Endless Battle Clause: Forcing endless battles is banned\n|rule|HP Percentage Mod: HP is shown in percentages\n|clearpoke\n|poke|p1|Sinistcha|\n|poke|p1|Fezandipiti, M|\n|poke|p1|Ogerpon-Wellspring, F|\n|poke|p1|Politoed, F|\n|poke|p1|Thundurus-Therian, M|\n|poke|p1|Scizor, F|\n|poke|p2|Iron Hands|\n|poke|p2|Gliscor, M|\n|poke|p2|Goodra-Hisui, F|\n|poke|p2|Manaphy|\n|poke|p2|Farigiraf, F|\n|poke|p2|Sinistcha|\n|teampreview\n|inactive|Battle timer is ON: inactive players will automatically lose when time's up. (requested by Gorpg2)\n|inactive|Gorpg2 has 120 seconds left.\n|inactive|Gorpg2 has 90 seconds left.\n|\n|t:|1697849011\n|start\n|switch|p1a: Scizor|Scizor, F|100\/100\n|switch|p1b: Fezandipiti|Fezandipiti, M|100\/100\n|switch|p2a: Gliscor|Gliscor, M|100\/100\n|switch|p2b: Iron Hands|Iron Hands|100\/100\n|turn|1\n|\n|t:|1697849032\n|move|p2b: Iron Hands|Fake Out|p1b: Fezandipiti\n|-damage|p1b: Fezandipiti|84\/100\n|move|p2a: Gliscor|Earthquake|p1a: Scizor|[spread] p2b,p1a,p1b\n|-supereffective|p2b: Iron Hands\n|-supereffective|p1b: Fezandipiti\n|-damage|p2b: Iron Hands|78\/100\n|-damage|p1a: Scizor|72\/100\n|-damage|p1b: Fezandipiti|25\/100\n|cant|p1b: Fezandipiti|flinch\n|move|p1a: Scizor|Swords Dance|p1a: Scizor\n|-boost|p1a: Scizor|atk|2\n|\n|-heal|p1b: Fezandipiti|31\/100|[from] item: Leftovers\n|-heal|p2b: Iron Hands|84\/100|[from] item: Leftovers\n|-status|p2a: Gliscor|tox|[from] item: Toxic Orb\n|upkeep\n|turn|2\n|\n|t:|1697849059\n|move|p1a: Scizor|Bullet Punch|p2a: Gliscor\n|-damage|p2a: Gliscor|37\/100 tox\n|-damage|p1a: Scizor|63\/100|[from] item: Life Orb\n|move|p2a: Gliscor|Earthquake|p1a: Scizor|[spread] p2b,p1a,p1b\n|-supereffective|p2b: Iron Hands\n|-supereffective|p1b: Fezandipiti\n|-damage|p2b: Iron Hands|62\/100\n|-damage|p1a: Scizor|33\/100\n|-damage|p1b: Fezandipiti|0 fnt\n|faint|p1b: Fezandipiti\n|move|p2b: Iron Hands|Whirlwind|p1a: Scizor\n|drag|p1a: Sinistcha|Sinistcha|100\/100\n|\n|-heal|p2b: Iron Hands|68\/100|[from] item: Leftovers\n|-heal|p2a: Gliscor|50\/100 tox|[from] ability: Poison Heal\n|upkeep\n|inactive|Gorpg2 has 120 seconds left.\n|\n|t:|1697849078\n|switch|p1b: Politoed|Politoed, F|100\/100\n|-weather|RainDance|[from] ability: Drizzle|[of] p1b: Politoed\n|turn|3\n|\n|t:|1697849103\n|switch|p1a: Thundurus|Thundurus-Therian, M|100\/100\n|move|p2a: Gliscor|Protect|p2a: Gliscor\n|-singleturn|p2a: Gliscor|Protect\n|move|p2b: Iron Hands|Protect|p2b: Iron Hands\n|-singleturn|p2b: Iron Hands|Protect\n|move|p1b: Politoed|Chilling Water|p2a: Gliscor\n|-activate|p2a: Gliscor|move: Protect\n|\n|-weather|RainDance|[upkeep]\n|-heal|p2b: Iron Hands|75\/100|[from] item: Leftovers\n|-heal|p2a: Gliscor|62\/100 tox|[from] ability: Poison Heal\n|upkeep\n|turn|4\n|\n|t:|1697849133\n|switch|p1b: Scizor|Scizor, F|33\/100\n|-end|p2b: Iron Hands|Quark Drive|[silent]\n|switch|p2b: Sinistcha|Sinistcha|100\/100\n|-heal|p2a: Gliscor|87\/100 tox|[from] ability: Hospitality|[of] p2b: Sinistcha\n|move|p1a: Thundurus|Weather Ball|p2a: Gliscor\n|-supereffective|p2a: Gliscor\n|-damage|p2a: Gliscor|0 fnt\n|faint|p2a: Gliscor\n|\n|-weather|RainDance|[upkeep]\n|upkeep\n|inactive|TonyTheTapeworm has 120 seconds left.\n|\n|t:|1697849150\n|switch|p2a: Manaphy|Manaphy, shiny|100\/100\n|turn|5\n|\n|t:|1697849164\n|-terastallize|p2a: Manaphy|Ground\n|move|p1a: Thundurus|Nasty Plot|p1a: Thundurus\n|-boost|p1a: Thundurus|spa|2\n|move|p2a: Manaphy|Acid Armor|p2a: Manaphy\n|-boost|p2a: Manaphy|def|2\n|move|p1b: Scizor|Swords Dance|p1b: Scizor\n|-boost|p1b: Scizor|atk|2\n|move|p2b: Sinistcha|Shadow Ball|p1b: Scizor\n|-damage|p1b: Scizor|0 fnt\n|faint|p1b: Scizor\n|\n|-weather|RainDance|[upkeep]\n|upkeep\n|\n|t:|1697849187\n|switch|p1b: Sinistcha|Sinistcha|100\/100\n|turn|6\n|\n|t:|1697849202\n|move|p1a: Thundurus|Thunder|p2b: Sinistcha\n|-resisted|p2b: Sinistcha\n|-damage|p2b: Sinistcha|43\/100\n|move|p2a: Manaphy|Tail Glow|p2a: Manaphy\n|-boost|p2a: Manaphy|spa|3\n|move|p1b: Sinistcha|Matcha Gotcha|p2b: Sinistcha|[spread] p2a,p2b\n|-supereffective|p2a: Manaphy\n|-resisted|p2b: Sinistcha\n|-damage|p2a: Manaphy|59\/100\n|-damage|p2b: Sinistcha|29\/100\n|move|p2b: Sinistcha|Shadow Ball|p1b: Sinistcha\n|-supereffective|p1b: Sinistcha\n|-damage|p1b: Sinistcha|22\/100\n|\n|-weather|RainDance|[upkeep]\n|-heal|p2a: Manaphy|65\/100|[from] item: Leftovers\n|-heal|p2b: Sinistcha|35\/100|[from] item: Leftovers\n|upkeep\n|turn|7\n|\n|t:|1697849224\n|move|p1a: Thundurus|Thunder|p2b: Sinistcha\n|-resisted|p2b: Sinistcha\n|-damage|p2b: Sinistcha|0 fnt\n|faint|p2b: Sinistcha\n|move|p2a: Manaphy|Tail Glow|p2a: Manaphy\n|-boost|p2a: Manaphy|spa|3\n|move|p1b: Sinistcha|Matcha Gotcha|p2a: Manaphy|[miss]\n|-miss|p1b: Sinistcha|p2a: Manaphy\n|\n|-weather|RainDance|[upkeep]\n|-heal|p2a: Manaphy|71\/100|[from] item: Leftovers\n|upkeep\n|\n|t:|1697849233\n|switch|p2b: Iron Hands|Iron Hands|75\/100\n|turn|8\n|\n|t:|1697849254\n|move|p2b: Iron Hands|Fake Out|p1a: Thundurus\n|-damage|p1a: Thundurus|84\/100\n|move|p1b: Sinistcha|Rage Powder|p1b: Sinistcha\n|-singleturn|p1b: Sinistcha|move: Rage Powder\n|cant|p1a: Thundurus|flinch\n|move|p2a: Manaphy|Acid Armor|p2a: Manaphy\n|-boost|p2a: Manaphy|def|2\n|\n|-weather|RainDance|[upkeep]\n|-heal|p1a: Thundurus|90\/100|[from] item: Leftovers\n|-heal|p2a: Manaphy|77\/100|[from] item: Leftovers\n|-heal|p2b: Iron Hands|81\/100|[from] item: Leftovers\n|upkeep\n|turn|9\n|\n|t:|1697849275\n|move|p1a: Thundurus|Weather Ball|p2b: Iron Hands\n|-damage|p2b: Iron Hands|0 fnt\n|faint|p2b: Iron Hands\n|-end|p2b: Iron Hands|Quark Drive|[silent]\n|move|p2a: Manaphy|Acid Armor|p2a: Manaphy\n|-boost|p2a: Manaphy|def|2\n|move|p1b: Sinistcha|Matcha Gotcha|p2a: Manaphy|[miss]\n|-miss|p1b: Sinistcha|p2a: Manaphy\n|\n|-weather|RainDance|[upkeep]\n|-heal|p1a: Thundurus|96\/100|[from] item: Leftovers\n|-heal|p2a: Manaphy|84\/100|[from] item: Leftovers\n|upkeep\n|\n|t:|1697849288\n|switch|p2b: Farigiraf|Farigiraf, F|100\/100\n|turn|10\n|c|\u2606Gorpg2|!data Cud Chew\n|raw|<ul class=\"utilichart\"><li class=\"result\"><span class=\"col namecol\"><a href=\"https:\/\/dex.pokemonshowdown.com\/abilities\/cudchew\">Cud Chew<\/a><\/span> <span class=\"col abilitydesccol\">If this Pokemon eats a Berry, it will eat that Berry again at the end of the next turn.<\/span> <\/li><li style=\"clear:both\"><\/li><\/ul>\n\n|inactive|Gorpg2 has 120 seconds left.\n|\n|t:|1697849344\n|move|p1a: Thundurus|Thunder|p2b: Farigiraf\n|-damage|p2b: Farigiraf|0 fnt\n|faint|p2b: Farigiraf\n|move|p2a: Manaphy|Stored Power|p1a: Thundurus\n|-damage|p1a: Thundurus|0 fnt\n|faint|p1a: Thundurus\n|move|p1b: Sinistcha|Matcha Gotcha|p2a: Manaphy\n|-supereffective|p2a: Manaphy\n|-crit|p2a: Manaphy\n|-damage|p2a: Manaphy|0 fnt\n|-heal|p1b: Sinistcha|71\/100|[from] drain|[of] p2a: Manaphy\n|faint|p2a: Manaphy\n|\n|-weather|none\n|upkeep\n|\n|t:|1697849358\n|switch|p1a: Ogerpon|Ogerpon-Wellspring, F|100\/100\n|switch|p2b: Goodra|Goodra-Hisui, F|100\/100\n|turn|11\n|c|\u2606Gorpg2|W Sinistcha\n|\n|t:|1697849373\n|-terastallize|p1a: Ogerpon|Water\n|detailschange|p1a: Ogerpon|Ogerpon-Wellspring-Tera, F, tera:Water\n|-ability|p1a: Ogerpon|Embody Aspect (Wellspring)|boost\n|-boost|p1a: Ogerpon|spd|1\n|move|p1b: Sinistcha|Rage Powder|p1b: Sinistcha\n|-singleturn|p1b: Sinistcha|move: Rage Powder\n|move|p1a: Ogerpon|Knock Off|p2b: Goodra\n|-damage|p2b: Goodra|63\/100\n|-enditem|p2b: Goodra|Assault Vest|[from] move: Knock Off|[of] p1a: Ogerpon\n|move|p2b: Goodra|Sludge Bomb|p1b: Sinistcha\n|-damage|p1b: Sinistcha|38\/100\n|-status|p1b: Sinistcha|psn\n|\n|-damage|p1b: Sinistcha|25\/100 psn|[from] psn\n|upkeep\n|turn|12\n|\n|t:|1697849385\n|move|p1b: Sinistcha|Rage Powder|p1b: Sinistcha\n|-singleturn|p1b: Sinistcha|move: Rage Powder\n|move|p1a: Ogerpon|Brick Break|p2b: Goodra\n|-supereffective|p2b: Goodra\n|-damage|p2b: Goodra|0 fnt\n|faint|p2b: Goodra\n|\n|win|Gorpg2\n|raw|Gorpg2's rating: 1116 &rarr; <strong>1147<\/strong><br \/>(+31 for winning)\n|raw|TonyTheTapeworm's rating: 1194 &rarr; <strong>1163<\/strong><br \/>(-31 for losing)\n|l|\u2606TonyTheTapeworm\n|c|\u2606Gorpg2|gg\n","uploadtime":1697849398,"views":20,"p1id":"gorpg2","p2id":"tonythetapeworm","formatid":"gen9doublesou","rating":1147,"private":0,"password":""}