{"id":"gen9doublesou-1995656588","p1":"Maric28","p2":"DCT!Nightmare","format":"[Gen 9] Doubles OU","log":"|j|\u2606Maric28\n|j|\u2606DCT!Nightmare\n|t:|1700591332\n|gametype|doubles\n|player|p1|Maric28|102|1179\n|player|p2|DCT!Nightmare|170|1194\n|teamsize|p1|6\n|teamsize|p2|6\n|gen|9\n|tier|[Gen 9] Doubles OU\n|rated|\n|rule|Species Clause: Limit one of each Pok\u00e9mon\n|rule|OHKO Clause: OHKO moves are banned\n|rule|Evasion Moves Clause: Evasion moves are banned\n|rule|Gravity Sleep Clause: The combination of sleep-inducing moves with imperfect accuracy and Gravity or Gigantamax Orbeetle are banned\n|rule|Endless Battle Clause: Forcing endless battles is banned\n|rule|HP Percentage Mod: HP is shown in percentages\n|clearpoke\n|poke|p1|Iron Leaves|\n|poke|p1|Iron Hands|\n|poke|p1|Iron Thorns|\n|poke|p1|Iron Jugulis|\n|poke|p1|Garchomp, F|\n|poke|p1|Pachirisu, F|\n|poke|p2|Glastrier|\n|poke|p2|Indeedee-F, F|\n|poke|p2|Vikavolt, M|\n|poke|p2|Arcanine, M|\n|poke|p2|Flutter Mane|\n|poke|p2|Amoonguss, M|\n|teampreview\n|inactive|Battle timer is ON: inactive players will automatically lose when time's up. (requested by DCT!Nightmare)\n|l|\u2606DCT!Nightmare\n|inactive|DCT!Nightmare disconnected and has a minute to reconnect!\n|player|p2|\n|j|\u2606DCT!Nightmare\n|inactive|DCT!Nightmare reconnected and has 125 seconds left.\n|player|p2|DCT!Nightmare|170\n|inactive|DCT!Nightmare has 120 seconds left.\n|\n|t:|1700591368\n|start\n|switch|p1a: Iron Leaves|Iron Leaves|100\/100\n|switch|p1b: Iron Thorns|Iron Thorns|100\/100\n|switch|p2a: Flutter Mane|Flutter Mane|100\/100\n|switch|p2b: Amoonguss|Amoonguss, M|100\/100\n|turn|1\n|\n|t:|1700591395\n|move|p2a: Flutter Mane|Shadow Ball|p1a: Iron Leaves\n|-supereffective|p1a: Iron Leaves\n|-damage|p1a: Iron Leaves|0 fnt\n|faint|p1a: Iron Leaves\n|-end|p1a: Iron Leaves|Quark Drive|[silent]\n|-damage|p2a: Flutter Mane|91\/100|[from] item: Life Orb\n|move|p1b: Iron Thorns|Dragon Dance|p1b: Iron Thorns\n|-boost|p1b: Iron Thorns|atk|1\n|-boost|p1b: Iron Thorns|spe|1\n|move|p2b: Amoonguss|Spore|p1b: Iron Thorns\n|-status|p1b: Iron Thorns|slp|[from] move: Spore\n|\n|upkeep\n|inactive|Maric28 has 120 seconds left.\n|\n|t:|1700591408\n|switch|p1a: Pachirisu|Pachirisu, F|100\/100\n|turn|2\n|\n|t:|1700591419\n|move|p2a: Flutter Mane|Dazzling Gleam|p1b: Iron Thorns|[spread] p1a,p1b\n|-damage|p1a: Pachirisu|52\/100\n|-damage|p1b: Iron Thorns|49\/100 slp\n|-damage|p2a: Flutter Mane|81\/100|[from] item: Life Orb\n|cant|p1b: Iron Thorns|slp\n|move|p1a: Pachirisu|Nuzzle|p2a: Flutter Mane\n|-damage|p2a: Flutter Mane|72\/100\n|-status|p2a: Flutter Mane|par\n|move|p2b: Amoonguss|Foul Play|p1b: Iron Thorns\n|-damage|p1b: Iron Thorns|1\/100 slp\n|\n|upkeep\n|turn|3\n|\n|t:|1700591441\n|-curestatus|p1b: Iron Thorns|slp|[msg]\n|move|p1b: Iron Thorns|Rock Blast|p2a: Flutter Mane\n|-damage|p2a: Flutter Mane|26\/100 par\n|-damage|p2a: Flutter Mane|0 fnt\n|faint|p2a: Flutter Mane\n|-end|p2a: Flutter Mane|Protosynthesis|[silent]\n|-hitcount|p2: Flutter Mane|2\n|move|p1a: Pachirisu|Super Fang|p2b: Amoonguss\n|-damage|p2b: Amoonguss|50\/100\n|move|p2b: Amoonguss|Foul Play|p1b: Iron Thorns\n|-damage|p1b: Iron Thorns|0 fnt\n|faint|p1b: Iron Thorns\n|-end|p1b: Iron Thorns|Quark Drive|[silent]\n|\n|-heal|p2b: Amoonguss|57\/100|[from] item: Leftovers\n|upkeep\n|\n|t:|1700591460\n|switch|p2a: Arcanine|Arcanine, M|100\/100\n|switch|p1b: Iron Jugulis|Iron Jugulis|100\/100\n|-ability|p2a: Arcanine|Intimidate|boost\n|-unboost|p1a: Pachirisu|atk|1\n|-unboost|p1b: Iron Jugulis|atk|1\n|turn|4\n|\n|t:|1700591477\n|move|p1a: Pachirisu|Follow Me|p1a: Pachirisu\n|-singleturn|p1a: Pachirisu|move: Follow Me\n|move|p1b: Iron Jugulis|Air Cutter|p2b: Amoonguss|[spread] p2a,p2b\n|-supereffective|p2b: Amoonguss\n|-damage|p2a: Arcanine|80\/100\n|-damage|p2b: Amoonguss|30\/100\n|move|p2a: Arcanine|Snarl|p1b: Iron Jugulis|[spread] p1a,p1b\n|-resisted|p1b: Iron Jugulis\n|-damage|p1a: Pachirisu|42\/100\n|-damage|p1b: Iron Jugulis|97\/100\n|-unboost|p1a: Pachirisu|spa|1\n|-unboost|p1b: Iron Jugulis|spa|1\n|-enditem|p1a: Pachirisu|Sitrus Berry|[eat]\n|-heal|p1a: Pachirisu|67\/100|[from] item: Sitrus Berry\n|move|p2b: Amoonguss|Spore|p1a: Pachirisu\n|-status|p1a: Pachirisu|slp|[from] move: Spore\n|\n|-heal|p2b: Amoonguss|36\/100|[from] item: Leftovers\n|upkeep\n|turn|5\n|\n|t:|1700591505\n|move|p1b: Iron Jugulis|Air Cutter|p2b: Amoonguss|[spread] p2a,p2b\n|-supereffective|p2b: Amoonguss\n|-crit|p2b: Amoonguss\n|-damage|p2a: Arcanine|66\/100\n|-damage|p2b: Amoonguss|0 fnt\n|faint|p2b: Amoonguss\n|cant|p1a: Pachirisu|slp\n|move|p2a: Arcanine|Heat Wave|p1a: Pachirisu|[spread] p1a,p1b\n|-damage|p1a: Pachirisu|41\/100 slp\n|-damage|p1b: Iron Jugulis|75\/100\n|\n|upkeep\n|inactive|DCT!Nightmare has 120 seconds left.\n|\n|t:|1700591516\n|switch|p2b: Vikavolt|Vikavolt, M|100\/100\n|turn|6\n|\n|t:|1700591527\n|-end|p1b: Iron Jugulis|Quark Drive|[silent]\n|switch|p1b: Iron Hands|Iron Hands|100\/100\n|cant|p1a: Pachirisu|slp\n|move|p2a: Arcanine|Heat Wave|p1a: Pachirisu|[spread] p1a,p1b\n|-damage|p1a: Pachirisu|15\/100 slp\n|-damage|p1b: Iron Hands|80\/100\n|move|p2b: Vikavolt|Discharge|p1b: Iron Hands|[spread] p2a,p1b\n|-heal|p1a: Pachirisu|40\/100 slp|[from] ability: Volt Absorb|[of] p2b: Vikavolt\n|-resisted|p1b: Iron Hands\n|-damage|p2a: Arcanine|20\/100\n|-damage|p1b: Iron Hands|59\/100\n|-damage|p2b: Vikavolt|91\/100|[from] item: Life Orb\n|\n|-heal|p1b: Iron Hands|65\/100|[from] item: Leftovers\n|upkeep\n|turn|7\n|\n|t:|1700591548\n|move|p2a: Arcanine|Protect|p2a: Arcanine\n|-singleturn|p2a: Arcanine|Protect\n|move|p1b: Iron Hands|Fake Out|p2a: Arcanine\n|-activate|p2a: Arcanine|move: Protect\n|cant|p1a: Pachirisu|slp\n|move|p2b: Vikavolt|Air Slash|p1b: Iron Hands\n|-damage|p1b: Iron Hands|25\/100\n|-damage|p2b: Vikavolt|81\/100|[from] item: Life Orb\n|\n|-heal|p1b: Iron Hands|32\/100|[from] item: Leftovers\n|upkeep\n|turn|8\n|inactive|DCT!Nightmare has 120 seconds left.\n|\n|t:|1700591582\n|-curestatus|p1a: Pachirisu|slp|[msg]\n|move|p1a: Pachirisu|Follow Me|p1a: Pachirisu\n|-singleturn|p1a: Pachirisu|move: Follow Me\n|move|p2a: Arcanine|Heat Wave|p1b: Iron Hands|[spread] p1a,p1b\n|-damage|p1a: Pachirisu|9\/100\n|-damage|p1b: Iron Hands|9\/100\n|move|p1b: Iron Hands|Drain Punch|p2a: Arcanine\n|-crit|p2a: Arcanine\n|-damage|p2a: Arcanine|0 fnt\n|-heal|p1b: Iron Hands|17\/100|[from] drain|[of] p2a: Arcanine\n|faint|p2a: Arcanine\n|move|p2b: Vikavolt|Bug Buzz|p1a: Pachirisu\n|-damage|p1a: Pachirisu|0 fnt\n|faint|p1a: Pachirisu\n|-damage|p2b: Vikavolt|71\/100|[from] item: Life Orb\n|\n|-heal|p1b: Iron Hands|23\/100|[from] item: Leftovers\n|upkeep\n|\n|t:|1700591605\n|switch|p1a: Garchomp|Garchomp, F|100\/100\n|switch|p2a: Indeedee|Indeedee-F, F|100\/100\n|-fieldstart|move: Psychic Terrain|[from] ability: Psychic Surge|[of] p2a: Indeedee\n|turn|9\n|inactive|Maric28 has 120 seconds left.\n|\n|t:|1700591635\n|-terastallize|p1a: Garchomp|Steel\n|move|p1a: Garchomp|Swords Dance|p1a: Garchomp\n|-boost|p1a: Garchomp|atk|2\n|move|p1b: Iron Hands|Wild Charge|p2b: Vikavolt\n|-resisted|p2b: Vikavolt\n|-damage|p2b: Vikavolt|43\/100\n|-damage|p1b: Iron Hands|18\/100|[from] Recoil\n|move|p2b: Vikavolt|Air Slash|p1b: Iron Hands\n|-damage|p1b: Iron Hands|0 fnt\n|faint|p1b: Iron Hands\n|-end|p1b: Iron Hands|Quark Drive|[silent]\n|-damage|p2b: Vikavolt|33\/100|[from] item: Life Orb\n|move|p2a: Indeedee|Trick Room|p2a: Indeedee\n|-fieldstart|move: Trick Room|[of] p2a: Indeedee\n|\n|upkeep\n|inactive|Maric28 has 120 seconds left.\n|\n|t:|1700591648\n|switch|p1b: Iron Jugulis|Iron Jugulis|75\/100\n|turn|10\n|\n|t:|1700591665\n|move|p2b: Vikavolt|Bug Buzz|p1b: Iron Jugulis\n|-damage|p1b: Iron Jugulis|12\/100\n|-damage|p2b: Vikavolt|23\/100|[from] item: Life Orb\n|move|p2a: Indeedee|Heal Pulse|p2b: Vikavolt\n|-heal|p2b: Vikavolt|73\/100\n|move|p1a: Garchomp|Earthquake|p2a: Indeedee|[spread] p2a\n|-immune|p1b: Iron Jugulis\n|-immune|p2b: Vikavolt|[from] ability: Levitate\n|-damage|p2a: Indeedee|0 fnt\n|faint|p2a: Indeedee\n|move|p1b: Iron Jugulis|Air Cutter|p2b: Vikavolt\n|-damage|p2b: Vikavolt|38\/100\n|\n|upkeep\n|\n|t:|1700591681\n|switch|p2a: Glastrier|Glastrier|100\/100\n|turn|11\n|\n|t:|1700591690\n|-terastallize|p2a: Glastrier|Water\n|move|p2a: Glastrier|Stomping Tantrum|p1a: Garchomp\n|-supereffective|p1a: Garchomp\n|-damage|p1a: Garchomp|38\/100\n|-damage|p2a: Glastrier|88\/100|[from] ability: Rough Skin|[of] p1a: Garchomp\n|-damage|p2a: Glastrier|71\/100|[from] item: Rocky Helmet|[of] p1a: Garchomp\n|move|p2b: Vikavolt|Bug Buzz|p1b: Iron Jugulis\n|-damage|p1b: Iron Jugulis|0 fnt\n|faint|p1b: Iron Jugulis\n|-end|p1b: Iron Jugulis|Quark Drive|[silent]\n|-damage|p2b: Vikavolt|28\/100|[from] item: Life Orb\n|move|p1a: Garchomp|Iron Head|p2a: Glastrier\n|-resisted|p2a: Glastrier\n|-damage|p2a: Glastrier|43\/100\n|\n|upkeep\n|turn|12\n|\n|t:|1700591716\n|move|p2a: Glastrier|Stomping Tantrum|p1a: Garchomp\n|-supereffective|p1a: Garchomp\n|-damage|p1a: Garchomp|0 fnt\n|-damage|p2a: Glastrier|31\/100|[from] ability: Rough Skin|[of] p1a: Garchomp\n|-damage|p2a: Glastrier|14\/100|[from] item: Rocky Helmet|[of] p1a: Garchomp\n|faint|p1a: Garchomp\n|\n|win|DCT!Nightmare\n|raw|Maric28's rating: 1179 &rarr; <strong>1155<\/strong><br \/>(-24 for losing)\n|raw|DCT!Nightmare's rating: 1194 &rarr; <strong>1218<\/strong><br \/>(+24 for winning)\n|l|\u2606Maric28\n|c|\u2606DCT!Nightmare|Gg wp\n","uploadtime":1700591727,"views":0,"p1id":"maric28","p2id":"dctnightmare","formatid":"gen9doublesou","rating":1155,"private":0,"password":""}