{"id":"gen9doublesou-1985587147","p1":"PokemonOG92 #4489","p2":"BriefMarigold4","format":"[Gen 9] Doubles OU","log":"|j|\u2606PokemonOG92 #4489\n|j|\u2606BriefMarigold4\n|t:|1699386860\n|gametype|doubles\n|player|p1|PokemonOG92 #4489|hilbert|1361\n|player|p2|BriefMarigold4|2|1486\n|teamsize|p1|6\n|teamsize|p2|6\n|gen|9\n|tier|[Gen 9] Doubles OU\n|rated|\n|rule|Species Clause: Limit one of each Pok\u00e9mon\n|rule|OHKO Clause: OHKO moves are banned\n|rule|Evasion Moves Clause: Evasion moves are banned\n|rule|Gravity Sleep Clause: The combination of sleep-inducing moves with imperfect accuracy and Gravity or Gigantamax Orbeetle are banned\n|rule|Endless Battle Clause: Forcing endless battles is banned\n|rule|HP Percentage Mod: HP is shown in percentages\n|clearpoke\n|poke|p1|Iron Bundle|\n|poke|p1|Flutter Mane|\n|poke|p1|Sinistcha|\n|poke|p1|Tornadus, M|\n|poke|p1|Torkoal, M|\n|poke|p1|Snorlax, F|\n|poke|p2|Rillaboom, M|\n|poke|p2|Sinistcha-Masterpiece|\n|poke|p2|Snorlax, F|\n|poke|p2|Clefairy, F|\n|poke|p2|Kommo-o, F|\n|poke|p2|Landorus-Therian, M|\n|teampreview\n|inactive|Battle timer is ON: inactive players will automatically lose when time's up. (requested by PokemonOG92 #4489)\n|\n|t:|1699386868\n|start\n|switch|p1a: Torkoal|Torkoal, M|100\/100\n|switch|p1b: Flutter Mane|Flutter Mane|100\/100\n|switch|p2a: Rillaboom|Rillaboom, M|100\/100\n|switch|p2b: Snorlax|Snorlax, F|100\/100\n|-fieldstart|move: Grassy Terrain|[from] ability: Grassy Surge|[of] p2a: Rillaboom\n|-weather|SunnyDay|[from] ability: Drought|[of] p1a: Torkoal\n|-activate|p1b: Flutter Mane|ability: Protosynthesis\n|-start|p1b: Flutter Mane|protosynthesisspa\n|turn|1\n|\n|t:|1699386887\n|switch|p1a: Tornadus|Tornadus, M|100\/100\n|move|p1b: Flutter Mane|Protect|p1b: Flutter Mane\n|-singleturn|p1b: Flutter Mane|Protect\n|move|p2a: Rillaboom|Wood Hammer|p1b: Flutter Mane\n|-activate|p1b: Flutter Mane|move: Protect\n|move|p2b: Snorlax|High Horsepower|p1a: Tornadus\n|-immune|p1a: Tornadus\n|\n|-weather|SunnyDay|[upkeep]\n|upkeep\n|turn|2\n|\n|t:|1699386900\n|-terastallize|p1b: Flutter Mane|Ghost\n|move|p2a: Rillaboom|Grassy Glide|p1b: Flutter Mane\n|-damage|p1b: Flutter Mane|29\/100\n|move|p1a: Tornadus|Fling|p1b: Flutter Mane\n|-supereffective|p1b: Flutter Mane\n|-damage|p1b: Flutter Mane|20\/100\n|-start|p1b: Flutter Mane|move: Focus Energy\n|-enditem|p1b: Flutter Mane|Weakness Policy\n|-boost|p1b: Flutter Mane|atk|2|[from] item: Weakness Policy\n|-boost|p1b: Flutter Mane|spa|2|[from] item: Weakness Policy\n|-enditem|p1a: Tornadus|Lansat Berry|[from] move: Fling\n|move|p1b: Flutter Mane|Dazzling Gleam|p2a: Rillaboom|[spread] p2a,p2b\n|-crit|p2a: Rillaboom\n|-crit|p2b: Snorlax\n|-damage|p2a: Rillaboom|0 fnt\n|-damage|p2b: Snorlax|22\/100\n|faint|p2a: Rillaboom\n|move|p2b: Snorlax|High Horsepower|p1b: Flutter Mane\n|-damage|p1b: Flutter Mane|0 fnt\n|faint|p1b: Flutter Mane\n|-end|p1b: Flutter Mane|Protosynthesis|[silent]\n|\n|-weather|SunnyDay|[upkeep]\n|-heal|p2b: Snorlax|29\/100|[from] Grassy Terrain\n|-heal|p2b: Snorlax|35\/100|[from] item: Leftovers\n|upkeep\n|c|\u2606PokemonOG92 #4489|awww\n|\n|t:|1699386922\n|switch|p1b: Snorlax|Snorlax, F|100\/100\n|switch|p2a: Sinistcha|Sinistcha-Masterpiece|100\/100\n|-heal|p2b: Snorlax|60\/100|[from] ability: Hospitality|[of] p2a: Sinistcha\n|turn|3\n|c|\u2606BriefMarigold4|chonkerlax\n|\n|t:|1699386931\n|move|p1a: Tornadus|Taunt|p2a: Sinistcha\n|-start|p2a: Sinistcha|move: Taunt\n|-enditem|p2a: Sinistcha|Mental Herb\n|-end|p2a: Sinistcha|move: Taunt\n|move|p2a: Sinistcha|Matcha Gotcha|p1b: Snorlax|[spread] p1a,p1b\n|-resisted|p1a: Tornadus\n|-damage|p1a: Tornadus|83\/100\n|-damage|p1b: Snorlax|81\/100\n|-status|p1b: Snorlax|brn\n|move|p1b: Snorlax|Belly Drum|p1b: Snorlax\n|-damage|p1b: Snorlax|31\/100 brn\n|-setboost|p1b: Snorlax|atk|6|[from] move: Belly Drum\n|-enditem|p1b: Snorlax|Sitrus Berry|[eat]\n|-heal|p1b: Snorlax|56\/100 brn|[from] item: Sitrus Berry\n|move|p2b: Snorlax|Double-Edge|p1b: Snorlax\n|-damage|p1b: Snorlax|20\/100 brn\n|-damage|p2b: Snorlax|49\/100|[from] Recoil\n|\n|-weather|SunnyDay|[upkeep]\n|-heal|p1b: Snorlax|26\/100 brn|[from] Grassy Terrain\n|-heal|p2b: Snorlax|55\/100|[from] Grassy Terrain\n|-heal|p2b: Snorlax|61\/100|[from] item: Leftovers\n|-damage|p1b: Snorlax|20\/100 brn|[from] brn\n|upkeep\n|turn|4\n|\n|t:|1699386955\n|switch|p1a: Sinistcha|Sinistcha|100\/100\n|-heal|p1b: Snorlax|45\/100 brn|[from] ability: Hospitality|[of] p1a: Sinistcha\n|move|p2b: Snorlax|Protect|p2b: Snorlax\n|-singleturn|p2b: Snorlax|Protect\n|move|p2a: Sinistcha|Matcha Gotcha|p1a: Sinistcha|[spread] p1a,p1b\n|-resisted|p1a: Sinistcha\n|-damage|p1a: Sinistcha|82\/100\n|-damage|p1b: Snorlax|25\/100 brn\n|move|p1b: Snorlax|Crunch|p2a: Sinistcha\n|-supereffective|p2a: Sinistcha\n|-damage|p2a: Sinistcha|22\/100\n|\n|-weather|SunnyDay|[upkeep]\n|-heal|p1a: Sinistcha|88\/100|[from] Grassy Terrain\n|-heal|p2a: Sinistcha|28\/100|[from] Grassy Terrain\n|-heal|p1b: Snorlax|31\/100 brn|[from] Grassy Terrain\n|-heal|p2b: Snorlax|68\/100|[from] Grassy Terrain\n|-heal|p2b: Snorlax|74\/100|[from] item: Leftovers\n|-damage|p1b: Snorlax|25\/100 brn|[from] brn\n|upkeep\n|turn|5\n|c|\u2606BriefMarigold4|oh wow it's not minspeed\n|\n|t:|1699386975\n|switch|p2b: Landorus|Landorus-Therian, M|100\/100\n|-ability|p2b: Landorus|Intimidate|boost\n|-unboost|p1a: Sinistcha|atk|1\n|-unboost|p1b: Snorlax|atk|1\n|move|p1a: Sinistcha|Life Dew|p1a: Sinistcha|[spread] p1a,p1b\n|-heal|p1a: Sinistcha|100\/100\n|-heal|p1b: Snorlax|50\/100 brn\n|move|p2a: Sinistcha|Matcha Gotcha|p1a: Sinistcha|[spread] p1a\n|-miss|p2a: Sinistcha|p1b: Snorlax\n|-resisted|p1a: Sinistcha\n|-damage|p1a: Sinistcha|83\/100\n|-heal|p2a: Sinistcha|37\/100|[from] drain|[of] p1a: Sinistcha\n|-status|p1a: Sinistcha|brn\n|move|p1b: Snorlax|Earthquake|p2a: Sinistcha|[spread] p1a,p2a\n|-immune|p2b: Landorus\n|-resisted|p1a: Sinistcha\n|-resisted|p2a: Sinistcha\n|-damage|p1a: Sinistcha|77\/100 brn\n|-damage|p2a: Sinistcha|29\/100\n|\n|-weather|SunnyDay|[upkeep]\n|-heal|p1a: Sinistcha|83\/100 brn|[from] Grassy Terrain\n|-heal|p2a: Sinistcha|35\/100|[from] Grassy Terrain\n|-heal|p1b: Snorlax|56\/100 brn|[from] Grassy Terrain\n|-damage|p1a: Sinistcha|77\/100 brn|[from] brn\n|-damage|p1b: Snorlax|50\/100 brn|[from] brn\n|-fieldend|move: Grassy Terrain\n|upkeep\n|turn|6\n|c|\u2606PokemonOG92 #4489|nope\n|\n|t:|1699387000\n|move|p2b: Landorus|Stomping Tantrum|p1b: Snorlax\n|-damage|p1b: Snorlax|19\/100 brn\n|move|p1a: Sinistcha|Life Dew|p1a: Sinistcha|[spread] p1a,p1b\n|-heal|p1a: Sinistcha|100\/100 brn\n|-heal|p1b: Snorlax|44\/100 brn\n|move|p2a: Sinistcha|Shadow Ball|p1a: Sinistcha\n|-supereffective|p1a: Sinistcha\n|-damage|p1a: Sinistcha|17\/100 brn\n|-enditem|p1a: Sinistcha|Aguav Berry|[eat]\n|-heal|p1a: Sinistcha|50\/100 brn|[from] item: Aguav Berry\n|move|p1b: Snorlax|Facade|p2b: Landorus\n|-damage|p2b: Landorus|0 fnt\n|faint|p2b: Landorus\n|\n|-weather|SunnyDay|[upkeep]\n|-damage|p1a: Sinistcha|44\/100 brn|[from] brn\n|-damage|p1b: Snorlax|38\/100 brn|[from] brn\n|upkeep\n|\n|t:|1699387006\n|switch|p2b: Kommo-o|Kommo-o, F|100\/100\n|turn|7\n|\n|t:|1699387033\n|move|p1a: Sinistcha|Rage Powder|p1a: Sinistcha\n|-singleturn|p1a: Sinistcha|move: Rage Powder\n|move|p2a: Sinistcha|Rage Powder|p2a: Sinistcha\n|-singleturn|p2a: Sinistcha|move: Rage Powder\n|move|p2b: Kommo-o|Clangorous Soul|p2b: Kommo-o\n|-boost|p2b: Kommo-o|atk|1\n|-boost|p2b: Kommo-o|def|1\n|-boost|p2b: Kommo-o|spa|1\n|-boost|p2b: Kommo-o|spd|1\n|-boost|p2b: Kommo-o|spe|1\n|-damage|p2b: Kommo-o|68\/100\n|-enditem|p2b: Kommo-o|Throat Spray\n|-boost|p2b: Kommo-o|spa|1|[from] item: Throat Spray\n|move|p1b: Snorlax|Crunch|p2a: Sinistcha\n|-supereffective|p2a: Sinistcha\n|-damage|p2a: Sinistcha|0 fnt\n|faint|p2a: Sinistcha\n|\n|-weather|SunnyDay|[upkeep]\n|-damage|p1a: Sinistcha|38\/100 brn|[from] brn\n|-damage|p1b: Snorlax|32\/100 brn|[from] brn\n|upkeep\n|\n|t:|1699387044\n|switch|p2a: Clefairy|Clefairy, F|100\/100\n|turn|8\n|\n|t:|1699387054\n|move|p2b: Kommo-o|Clanging Scales|p1a: Sinistcha|[spread] p1a,p1b\n|-damage|p1a: Sinistcha|0 fnt\n|-damage|p1b: Snorlax|0 fnt\n|faint|p1a: Sinistcha\n|faint|p1b: Snorlax\n|-unboost|p2b: Kommo-o|def|1\n|move|p2a: Clefairy|Heal Pulse|p2b: Kommo-o\n|-heal|p2b: Kommo-o|100\/100\n|\n|-weather|none\n|upkeep\n|\n|t:|1699387071\n|switch|p1a: Tornadus|Tornadus, M|83\/100\n|switch|p1b: Iron Bundle|Iron Bundle|100\/100\n|-enditem|p1b: Iron Bundle|Booster Energy\n|-activate|p1b: Iron Bundle|ability: Quark Drive|[fromitem]\n|-start|p1b: Iron Bundle|quarkdrivespe\n|turn|9\n|\n|t:|1699387085\n|-terastallize|p2b: Kommo-o|Fire\n|move|p1a: Tornadus|Taunt|p2a: Clefairy\n|-start|p2a: Clefairy|move: Taunt\n|move|p1b: Iron Bundle|Freeze-Dry|p2b: Kommo-o\n|-resisted|p2b: Kommo-o\n|-damage|p2b: Kommo-o|92\/100\n|move|p2b: Kommo-o|Clanging Scales|p1b: Iron Bundle|[spread] p1a,p1b\n|-damage|p1a: Tornadus|0 fnt\n|-damage|p1b: Iron Bundle|0 fnt\n|faint|p1a: Tornadus\n|faint|p1b: Iron Bundle\n|-end|p1b: Iron Bundle|Quark Drive|[silent]\n|-unboost|p2b: Kommo-o|def|1\n|cant|p2a: Clefairy|move: Taunt|Heal Pulse\n|\n|upkeep\n|-message|PokemonOG92 #4489 forfeited.\n|\n|win|BriefMarigold4\n|raw|PokemonOG92 #4489's rating: 1361 &rarr; <strong>1348<\/strong><br \/>(-13 for losing)\n|raw|BriefMarigold4's rating: 1486 &rarr; <strong>1499<\/strong><br \/>(+13 for winning)\n|l|\u2606PokemonOG92 #4489\n|l|\u2606BriefMarigold4\n|j|\u2606BriefMarigold4\n|player|p2|BriefMarigold4|2\n","uploadtime":1699387480,"views":8,"p1id":"pokemonog924489","p2id":"briefmarigold4","formatid":"gen9doublesou","rating":1348,"private":0,"password":""}