{"id":"gen9doublesou-1994364522","p1":"Bavier_ultimate","p2":"Sumlax","format":"[Gen 9] Doubles OU","log":"|j|\u2606Bavier_ultimate\n|j|\u2606Sumlax\n|t:|1700435531\n|gametype|doubles\n|player|p1|Bavier_ultimate|266|1420\n|player|p2|Sumlax|hilda-wonderlauncher|1422\n|teamsize|p1|6\n|teamsize|p2|6\n|gen|9\n|tier|[Gen 9] Doubles OU\n|rated|\n|rule|Species Clause: Limit one of each Pok\u00e9mon\n|rule|OHKO Clause: OHKO moves are banned\n|rule|Evasion Moves Clause: Evasion moves are banned\n|rule|Gravity Sleep Clause: The combination of sleep-inducing moves with imperfect accuracy and Gravity or Gigantamax Orbeetle are banned\n|rule|Endless Battle Clause: Forcing endless battles is banned\n|rule|HP Percentage Mod: HP is shown in percentages\n|clearpoke\n|poke|p1|Heatran, M|\n|poke|p1|Ogerpon-Hearthflame, F|\n|poke|p1|Chi-Yu|\n|poke|p1|Torkoal, M|\n|poke|p1|Arcanine-Hisui, F|\n|poke|p1|Volcanion|\n|poke|p2|Kommo-o, M|\n|poke|p2|Glimmora, F|\n|poke|p2|Ninetales-Alola, F|\n|poke|p2|Rillaboom, M|\n|poke|p2|Milotic, F|\n|poke|p2|Umbreon, M|\n|teampreview\n|\n|t:|1700435544\n|start\n|switch|p1a: Heatran|Heatran, M|100\/100\n|switch|p1b: Volcanion|Volcanion|100\/100\n|switch|p2a: Glimmora|Glimmora, F|100\/100\n|switch|p2b: Umbreon|Umbreon, M|100\/100\n|-item|p1b: Volcanion|Air Balloon\n|turn|1\n|\n|t:|1700435561\n|-terastallize|p1a: Heatran|Grass\n|move|p2a: Glimmora|Stealth Rock|p1a: Heatran\n|-sidestart|p1: Bavier_ultimate|move: Stealth Rock\n|move|p1a: Heatran|Solar Beam||[still]\n|-prepare|p1a: Heatran|Solar Beam\n|move|p1b: Volcanion|Will-O-Wisp|p2a: Glimmora\n|-status|p2a: Glimmora|brn\n|move|p2b: Umbreon|Skill Swap|p1b: Volcanion\n|-activate|p2b: Umbreon|move: Skill Swap|Water Absorb|Inner Focus|[of] p1b: Volcanion\n|\n|-damage|p2a: Glimmora|94\/100 brn|[from] brn\n|upkeep\n|turn|2\n|\n|t:|1700435615\n|move|p2a: Glimmora|Sludge Wave|p1a: Heatran|[spread] p2b,p1a,p1b\n|-supereffective|p1a: Heatran\n|-damage|p2b: Umbreon|79\/100\n|-damage|p1a: Heatran|27\/100\n|-damage|p1b: Volcanion|60\/100\n|-status|p2b: Umbreon|psn\n|-enditem|p1a: Heatran|Weakness Policy\n|-boost|p1a: Heatran|atk|2|[from] item: Weakness Policy\n|-boost|p1a: Heatran|spa|2|[from] item: Weakness Policy\n|-enditem|p1b: Volcanion|Air Balloon\n|move|p1a: Heatran|Solar Beam|p2a: Glimmora|[from]lockedmove\n|-crit|p2a: Glimmora\n|-damage|p2a: Glimmora|0 fnt\n|faint|p2a: Glimmora\n|move|p1b: Volcanion|Will-O-Wisp||[still]\n|-fail|p1b: Volcanion\n|move|p2b: Umbreon|Yawn|p1a: Heatran\n|-start|p1a: Heatran|move: Yawn|[of] p2b: Umbreon\n|\n|-heal|p2b: Umbreon|85\/100 psn|[from] item: Leftovers\n|-damage|p2b: Umbreon|73\/100 psn|[from] psn\n|upkeep\n|\n|t:|1700435646\n|switch|p2a: Kommo-o|Kommo-o, M|100\/100\n|turn|3\n|\n|t:|1700435663\n|switch|p2a: Rillaboom|Rillaboom, M|100\/100\n|-fieldstart|move: Grassy Terrain|[from] ability: Grassy Surge|[of] p2a: Rillaboom\n|move|p1a: Heatran|Heat Wave|p2a: Rillaboom|[spread] p2a,p2b\n|-supereffective|p2a: Rillaboom\n|-damage|p2a: Rillaboom|0 fnt\n|-damage|p2b: Umbreon|29\/100 psn\n|faint|p2a: Rillaboom\n|move|p1b: Volcanion|Will-O-Wisp||[still]\n|-fail|p1b: Volcanion\n|move|p2b: Umbreon|Wish|p2b: Umbreon\n|\n|-heal|p1a: Heatran|34\/100|[from] Grassy Terrain\n|-heal|p1b: Volcanion|66\/100|[from] Grassy Terrain\n|-heal|p2b: Umbreon|35\/100 psn|[from] Grassy Terrain\n|-heal|p2b: Umbreon|41\/100 psn|[from] item: Leftovers\n|-damage|p2b: Umbreon|29\/100 psn|[from] psn\n|-end|p1a: Heatran|move: Yawn|[silent]\n|-status|p1a: Heatran|slp\n|upkeep\n|\n|t:|1700435677\n|switch|p2a: Kommo-o|Kommo-o, M|100\/100\n|turn|4\n|\n|t:|1700435691\n|switch|p1a: Arcanine|Arcanine-Hisui, F|100\/100\n|-damage|p1a: Arcanine|75\/100|[from] Stealth Rock\n|-ability|p1a: Arcanine|Intimidate|boost\n|-fail|p2a: Kommo-o|unboost|[from] item: Clear Amulet|[of] p2a: Kommo-o\n|-unboost|p2b: Umbreon|atk|1\n|move|p2a: Kommo-o|Drain Punch|p1b: Volcanion\n|-damage|p1b: Volcanion|36\/100\n|move|p1b: Volcanion|Will-O-Wisp|p2a: Kommo-o\n|-status|p2a: Kommo-o|brn\n|move|p2b: Umbreon|Foul Play|p1b: Volcanion\n|-damage|p1b: Volcanion|9\/100\n|\n|-heal|p2b: Umbreon|79\/100 psn|[from] move: Wish|[wisher] Umbreon\n|-heal|p1a: Arcanine|82\/100|[from] Grassy Terrain\n|-heal|p1a: Arcanine|88\/100|[from] item: Leftovers\n|-heal|p1b: Volcanion|15\/100|[from] Grassy Terrain\n|-heal|p2b: Umbreon|85\/100 psn|[from] Grassy Terrain\n|-heal|p2b: Umbreon|91\/100 psn|[from] item: Leftovers\n|-damage|p2b: Umbreon|79\/100 psn|[from] psn\n|-damage|p2a: Kommo-o|94\/100 brn|[from] brn\n|upkeep\n|turn|5\n|\n|t:|1700435724\n|switch|p1b: Ogerpon|Ogerpon-Hearthflame, F|100\/100\n|-damage|p1b: Ogerpon|76\/100|[from] Stealth Rock\n|-ability|p1b: Ogerpon|Mold Breaker\n|move|p1a: Arcanine|Howl|p1a: Arcanine|[spread] p1a,p1b\n|-boost|p1a: Arcanine|atk|1\n|-boost|p1b: Ogerpon|atk|1\n|move|p2a: Kommo-o|Drain Punch|p1b: Ogerpon\n|-crit|p1b: Ogerpon\n|-damage|p1b: Ogerpon|37\/100\n|-heal|p2a: Kommo-o|100\/100 brn|[from] drain|[of] p1b: Ogerpon\n|move|p2b: Umbreon|Foul Play|p1a: Arcanine\n|-damage|p1a: Arcanine|6\/100\n|\n|-heal|p1b: Ogerpon|43\/100|[from] Grassy Terrain\n|-heal|p1a: Arcanine|12\/100|[from] Grassy Terrain\n|-heal|p1a: Arcanine|18\/100|[from] item: Leftovers\n|-heal|p2b: Umbreon|85\/100 psn|[from] Grassy Terrain\n|-heal|p2b: Umbreon|91\/100 psn|[from] item: Leftovers\n|-damage|p2b: Umbreon|78\/100 psn|[from] psn\n|-damage|p2a: Kommo-o|94\/100 brn|[from] brn\n|upkeep\n|turn|6\n|\n|t:|1700435753\n|move|p1b: Ogerpon|Horn Leech|p2b: Umbreon\n|-damage|p2b: Umbreon|14\/100 psn\n|-heal|p1b: Ogerpon|85\/100|[from] drain|[of] p2b: Umbreon\n|move|p1a: Arcanine|Rock Slide|p2b: Umbreon|[spread] p2a,p2b\n|-resisted|p2a: Kommo-o\n|-damage|p2a: Kommo-o|80\/100 brn\n|-damage|p2b: Umbreon|0 fnt\n|faint|p2b: Umbreon\n|move|p2a: Kommo-o|Drain Punch|p1a: Arcanine\n|-supereffective|p1a: Arcanine\n|-damage|p1a: Arcanine|0 fnt\n|-heal|p2a: Kommo-o|88\/100 brn|[from] drain|[of] p1a: Arcanine\n|faint|p1a: Arcanine\n|\n|-heal|p1b: Ogerpon|91\/100|[from] Grassy Terrain\n|-heal|p2a: Kommo-o|94\/100 brn|[from] Grassy Terrain\n|-damage|p2a: Kommo-o|88\/100 brn|[from] brn\n|upkeep\n|\n|t:|1700435774\n|switch|p1a: Chi-Yu|Chi-Yu|100\/100\n|switch|p2b: Ninetales|Ninetales-Alola, F|100\/100\n|-damage|p1a: Chi-Yu|76\/100|[from] Stealth Rock\n|-ability|p1a: Chi-Yu|Beads of Ruin\n|-weather|Snow|[from] ability: Snow Warning|[of] p2b: Ninetales\n|turn|7\n|\n|t:|1700435788\n|switch|p1a: Torkoal|Torkoal, M|100\/100\n|-damage|p1a: Torkoal|75\/100|[from] Stealth Rock\n|-weather|SunnyDay|[from] ability: Drought|[of] p1a: Torkoal\n|-terastallize|p2b: Ninetales|Fire\n|move|p1b: Ogerpon|Spiky Shield|p1b: Ogerpon\n|-singleturn|p1b: Ogerpon|move: Protect\n|move|p2b: Ninetales|Aurora Veil||[still]\n|-fail|p2b: Ninetales\n|move|p2a: Kommo-o|Dragon Dance|p2a: Kommo-o\n|-boost|p2a: Kommo-o|atk|1\n|-boost|p2a: Kommo-o|spe|1\n|\n|-weather|SunnyDay|[upkeep]\n|-heal|p1b: Ogerpon|97\/100|[from] Grassy Terrain\n|-heal|p2a: Kommo-o|94\/100 brn|[from] Grassy Terrain\n|-heal|p1a: Torkoal|82\/100|[from] Grassy Terrain\n|-heal|p1a: Torkoal|88\/100|[from] item: Leftovers\n|-damage|p2a: Kommo-o|88\/100 brn|[from] brn\n|-fieldend|move: Grassy Terrain\n|upkeep\n|turn|8\n|\n|t:|1700435811\n|move|p1b: Ogerpon|Ivy Cudgel|p2a: Kommo-o|[anim] Ivy Cudgel Fire\n|-resisted|p2a: Kommo-o\n|-crit|p2a: Kommo-o\n|-damage|p2a: Kommo-o|4\/100 brn\n|move|p2b: Ninetales|Weather Ball|p1b: Ogerpon\n|-crit|p1b: Ogerpon\n|-damage|p1b: Ogerpon|18\/100\n|move|p2a: Kommo-o|Drain Punch|p1b: Ogerpon\n|-damage|p1b: Ogerpon|0 fnt\n|-heal|p2a: Kommo-o|11\/100 brn|[from] drain|[of] p1b: Ogerpon\n|faint|p1b: Ogerpon\n|move|p1a: Torkoal|Earth Power|p2b: Ninetales\n|-supereffective|p2b: Ninetales\n|-damage|p2b: Ninetales|64\/100\n|\n|-weather|SunnyDay|[upkeep]\n|-heal|p1a: Torkoal|94\/100|[from] item: Leftovers\n|-damage|p2a: Kommo-o|5\/100 brn|[from] brn\n|upkeep\n|\n|t:|1700435824\n|switch|p1b: Chi-Yu|Chi-Yu|76\/100\n|-damage|p1b: Chi-Yu|51\/100|[from] Stealth Rock\n|-ability|p1b: Chi-Yu|Beads of Ruin\n|turn|9\n|\n|t:|1700435836\n|switch|p2a: Milotic|Milotic, F|100\/100\n|move|p1b: Chi-Yu|Heat Wave|p2a: Milotic|[spread] p2b\n|-miss|p1b: Chi-Yu|p2a: Milotic\n|-resisted|p2b: Ninetales\n|-damage|p2b: Ninetales|22\/100\n|move|p2b: Ninetales|Weather Ball|p1b: Chi-Yu\n|-resisted|p1b: Chi-Yu\n|-damage|p1b: Chi-Yu|28\/100\n|move|p1a: Torkoal|Earth Power|p2b: Ninetales\n|-supereffective|p2b: Ninetales\n|-damage|p2b: Ninetales|0 fnt\n|faint|p2b: Ninetales\n|\n|-weather|SunnyDay|[upkeep]\n|-heal|p1a: Torkoal|99\/100|[from] item: Leftovers\n|upkeep\n|\n|t:|1700435846\n|switch|p2b: Kommo-o|Kommo-o, M|5\/100 brn\n|turn|10\n|\n|t:|1700435857\n|move|p1b: Chi-Yu|Heat Wave|p2a: Milotic|[spread] p2a,p2b\n|-resisted|p2a: Milotic\n|-resisted|p2b: Kommo-o\n|-damage|p2a: Milotic|78\/100\n|-damage|p2b: Kommo-o|0 fnt\n|-status|p2a: Milotic|brn\n|faint|p2b: Kommo-o\n|move|p1a: Torkoal|Solar Beam||[still]\n|-prepare|p1a: Torkoal|Solar Beam\n|-anim|p1a: Torkoal|Solar Beam|p2a: Milotic\n|-supereffective|p2a: Milotic\n|-damage|p2a: Milotic|44\/100 brn\n|move|p2a: Milotic|Dragon Tail|p1b: Chi-Yu\n|-damage|p1b: Chi-Yu|22\/100\n|drag|p1b: Heatran|Heatran, M, tera:Grass|34\/100 slp\n|-damage|p1b: Heatran|21\/100 slp|[from] Stealth Rock\n|\n|-weather|SunnyDay|[upkeep]\n|-heal|p2a: Milotic|50\/100 brn|[from] item: Leftovers\n|-heal|p1a: Torkoal|100\/100|[from] item: Leftovers\n|-damage|p2a: Milotic|44\/100 brn|[from] brn\n|upkeep\n|turn|11\n|\n|t:|1700435877\n|move|p2a: Milotic|Scald|p1b: Heatran\n|-resisted|p1b: Heatran\n|-damage|p1b: Heatran|16\/100 slp\n|cant|p1b: Heatran|slp\n|move|p1a: Torkoal|Solar Beam||[still]\n|-prepare|p1a: Torkoal|Solar Beam\n|-anim|p1a: Torkoal|Solar Beam|p2a: Milotic\n|-supereffective|p2a: Milotic\n|-damage|p2a: Milotic|15\/100 brn\n|\n|-weather|none\n|-heal|p2a: Milotic|21\/100 brn|[from] item: Leftovers\n|-damage|p2a: Milotic|15\/100 brn|[from] brn\n|upkeep\n|turn|12\n|\n|t:|1700435890\n|-curestatus|p1b: Heatran|slp|[msg]\n|move|p1b: Heatran|Solar Beam||[still]\n|-prepare|p1b: Heatran|Solar Beam\n|move|p1a: Torkoal|Solar Beam||[still]\n|-prepare|p1a: Torkoal|Solar Beam\n|move|p2a: Milotic|Dragon Tail|p1b: Heatran\n|-crit|p1b: Heatran\n|-damage|p1b: Heatran|10\/100\n|drag|p1b: Volcanion|Volcanion|15\/100\n|-damage|p1b: Volcanion|0 fnt|[from] Stealth Rock\n|faint|p1b: Volcanion\n|\n|-heal|p2a: Milotic|21\/100 brn|[from] item: Leftovers\n|-damage|p2a: Milotic|15\/100 brn|[from] brn\n|upkeep\n|\n|t:|1700435898\n|switch|p1b: Chi-Yu|Chi-Yu|22\/100\n|-damage|p1b: Chi-Yu|0 fnt|[from] Stealth Rock\n|faint|p1b: Chi-Yu\n|\n|t:|1700435899\n|switch|p1b: Heatran|Heatran, M, tera:Grass|10\/100\n|-damage|p1b: Heatran|0 fnt|[from] Stealth Rock\n|faint|p1b: Heatran\n|turn|13\n|\n|t:|1700435905\n|move|p2a: Milotic|Protect|p2a: Milotic\n|-singleturn|p2a: Milotic|Protect\n|move|p1a: Torkoal|Solar Beam|p2a: Milotic|[from]lockedmove\n|-activate|p2a: Milotic|move: Protect\n|\n|-heal|p2a: Milotic|21\/100 brn|[from] item: Leftovers\n|-damage|p2a: Milotic|15\/100 brn|[from] brn\n|upkeep\n|turn|14\n|\n|t:|1700435909\n|move|p2a: Milotic|Life Dew|p2a: Milotic\n|-heal|p2a: Milotic|40\/100 brn\n|move|p1a: Torkoal|Lava Plume|p2a: Milotic\n|-resisted|p2a: Milotic\n|-damage|p2a: Milotic|34\/100 brn\n|\n|-heal|p2a: Milotic|40\/100 brn|[from] item: Leftovers\n|-damage|p2a: Milotic|34\/100 brn|[from] brn\n|upkeep\n|turn|15\n|\n|t:|1700435916\n|move|p2a: Milotic|Life Dew|p2a: Milotic\n|-heal|p2a: Milotic|59\/100 brn\n|move|p1a: Torkoal|Earth Power|p2a: Milotic\n|-damage|p2a: Milotic|48\/100 brn\n|\n|-heal|p2a: Milotic|55\/100 brn|[from] item: Leftovers\n|-damage|p2a: Milotic|48\/100 brn|[from] brn\n|upkeep\n|turn|16\n|\n|t:|1700435926\n|move|p2a: Milotic|Life Dew|p2a: Milotic\n|-heal|p2a: Milotic|74\/100 brn\n|move|p1a: Torkoal|Earth Power|p2a: Milotic\n|-damage|p2a: Milotic|63\/100 brn\n|\n|-heal|p2a: Milotic|69\/100 brn|[from] item: Leftovers\n|-damage|p2a: Milotic|63\/100 brn|[from] brn\n|upkeep\n|turn|17\n|\n|t:|1700435930\n|move|p2a: Milotic|Scald|p1a: Torkoal\n|-supereffective|p1a: Torkoal\n|-damage|p1a: Torkoal|27\/100\n|move|p1a: Torkoal|Solar Beam||[still]\n|-prepare|p1a: Torkoal|Solar Beam\n|\n|-heal|p2a: Milotic|69\/100 brn|[from] item: Leftovers\n|-heal|p1a: Torkoal|33\/100|[from] item: Leftovers\n|-damage|p2a: Milotic|63\/100 brn|[from] brn\n|upkeep\n|turn|18\n|-message|Bavier_ultimate forfeited.\n|\n|win|Sumlax\n|raw|Bavier_ultimate's rating: 1420 &rarr; <strong>1400<\/strong><br \/>(-20 for losing)\n|raw|Sumlax's rating: 1422 &rarr; <strong>1442<\/strong><br \/>(+20 for winning)\n|l|\u2606Bavier_ultimate\n","uploadtime":1700435948,"views":22,"p1id":"bavierultimate","p2id":"sumlax","formatid":"gen9doublesou","rating":1400,"private":0,"password":""}