{"id":"gen9doublesou-1990693621","p1":"qurtana","p2":"Gasgar4","format":"[Gen 9] Doubles OU","log":"|j|\u2606qurtana\n|j|\u2606Gasgar4\n|t:|1699992341\n|gametype|doubles\n|player|p1|qurtana|2|1519\n|player|p2|Gasgar4|ghetsis|1608\n|teamsize|p1|6\n|teamsize|p2|6\n|gen|9\n|tier|[Gen 9] Doubles OU\n|rated|\n|rule|Species Clause: Limit one of each Pok\u00e9mon\n|rule|OHKO Clause: OHKO moves are banned\n|rule|Evasion Moves Clause: Evasion moves are banned\n|rule|Gravity Sleep Clause: The combination of sleep-inducing moves with imperfect accuracy and Gravity or Gigantamax Orbeetle are banned\n|rule|Endless Battle Clause: Forcing endless battles is banned\n|rule|HP Percentage Mod: HP is shown in percentages\n|clearpoke\n|poke|p1|Rillaboom, F|\n|poke|p1|Sneasler, F|\n|poke|p1|Indeedee-F, F|\n|poke|p1|Armarouge, M|\n|poke|p1|Greninja-*, F|\n|poke|p1|Kingambit, M|\n|poke|p2|Dragonite, F|\n|poke|p2|Rillaboom, F|\n|poke|p2|Ursaluna-Bloodmoon, M|\n|poke|p2|Chien-Pao|\n|poke|p2|Landorus, M|\n|poke|p2|Dragapult, F|\n|teampreview\n|inactive|Battle timer is ON: inactive players will automatically lose when time's up. (requested by Gasgar4)\n|l|\u2606Gasgar4\n|inactive|Gasgar4 disconnected and has a minute to reconnect!\n|player|p2|\n|\n|t:|1699992356\n|start\n|switch|p1a: Rillaboom|Rillaboom, F|100\/100\n|switch|p1b: Sneasler|Sneasler, F|100\/100\n|switch|p2a: Chien-Pao|Chien-Pao|100\/100\n|switch|p2b: Dragapult|Dragapult, F|100\/100\n|-ability|p2a: Chien-Pao|Sword of Ruin\n|-fieldstart|move: Grassy Terrain|[from] ability: Grassy Surge|[of] p1a: Rillaboom\n|-enditem|p1b: Sneasler|Grassy Seed\n|-boost|p1b: Sneasler|def|1|[from] item: Grassy Seed\n|turn|1\n|j|\u2606Gasgar4\n|inactive|Gasgar4 reconnected and has 125 seconds left.\n|player|p2|Gasgar4|ghetsis\n|inactive|qurtana has 120 seconds left.\n|inactive|Gasgar4 has 120 seconds left.\n|\n|t:|1699992396\n|move|p2a: Chien-Pao|Protect|p2a: Chien-Pao\n|-singleturn|p2a: Chien-Pao|Protect\n|move|p1a: Rillaboom|Fake Out|p2a: Chien-Pao\n|-activate|p2a: Chien-Pao|move: Protect\n|move|p1b: Sneasler|Acrobatics|p2a: Chien-Pao\n|-activate|p2a: Chien-Pao|move: Protect\n|move|p2b: Dragapult|Dragon Dance|p2b: Dragapult\n|-boost|p2b: Dragapult|atk|1\n|-boost|p2b: Dragapult|spe|1\n|\n|upkeep\n|turn|2\n|inactive|Gasgar4 has 120 seconds left.\n|\n|t:|1699992419\n|move|p1a: Rillaboom|Grassy Glide|p2a: Chien-Pao\n|-damage|p2a: Chien-Pao|50\/100\n|move|p1b: Sneasler|Acrobatics|p2a: Chien-Pao\n|-damage|p2a: Chien-Pao|0 fnt\n|faint|p2a: Chien-Pao\n|move|p2b: Dragapult|Dragon Darts|p1a: Rillaboom\n|-damage|p1a: Rillaboom|64\/100\n|-anim|p2b: Dragapult|Dragon Darts|p1b: Sneasler\n|-damage|p1b: Sneasler|59\/100\n|\n|-heal|p1b: Sneasler|65\/100|[from] Grassy Terrain\n|-heal|p1a: Rillaboom|70\/100|[from] Grassy Terrain\n|upkeep\n|inactive|Gasgar4 has 120 seconds left.\n|\n|t:|1699992439\n|switch|p2a: Dragonite|Dragonite, F|100\/100\n|turn|3\n|inactive|Gasgar4 has 120 seconds left.\n|\n|t:|1699992457\n|switch|p1a: Indeedee|Indeedee-F, F|100\/100\n|-fieldstart|move: Psychic Terrain|[from] ability: Psychic Surge|[of] p1a: Indeedee\n|-terastallize|p2b: Dragapult|Dragon\n|move|p1b: Sneasler|Protect|p1b: Sneasler\n|-singleturn|p1b: Sneasler|Protect\n|move|p2a: Dragonite|Extreme Speed|p1b: Sneasler\n|-activate|p1b: Sneasler|move: Psychic Terrain\n|move|p2b: Dragapult|Dragon Darts|p1a: Indeedee\n|-damage|p1a: Indeedee|57\/100\n|-anim|p2b: Dragapult|Dragon Darts|p1a: Indeedee\n|-damage|p1a: Indeedee|8\/100\n|\n|-heal|p1a: Indeedee|14\/100|[from] item: Leftovers\n|upkeep\n|turn|4\n|\n|t:|1699992481\n|switch|p2a: Rillaboom|Rillaboom, F|100\/100\n|-fieldstart|move: Grassy Terrain|[from] ability: Grassy Surge|[of] p2a: Rillaboom\n|-terastallize|p1b: Sneasler|Fighting\n|move|p2b: Dragapult|Protect|p2b: Dragapult\n|-singleturn|p2b: Dragapult|Protect\n|move|p1a: Indeedee|Follow Me|p1a: Indeedee\n|-singleturn|p1a: Indeedee|move: Follow Me\n|move|p1b: Sneasler|Close Combat|p2b: Dragapult\n|-activate|p2b: Dragapult|move: Protect\n|\n|-heal|p1b: Sneasler|71\/100|[from] Grassy Terrain\n|-heal|p1a: Indeedee|20\/100|[from] Grassy Terrain\n|-heal|p1a: Indeedee|27\/100|[from] item: Leftovers\n|upkeep\n|turn|5\n|\n|t:|1699992499\n|move|p2a: Rillaboom|Fake Out|p1b: Sneasler\n|-damage|p1b: Sneasler|57\/100\n|move|p1a: Indeedee|Follow Me|p1a: Indeedee\n|-singleturn|p1a: Indeedee|move: Follow Me\n|cant|p1b: Sneasler|flinch\n|move|p2b: Dragapult|Dragon Dance|p2b: Dragapult\n|-boost|p2b: Dragapult|atk|1\n|-boost|p2b: Dragapult|spe|1\n|\n|-heal|p1b: Sneasler|63\/100|[from] Grassy Terrain\n|-heal|p1a: Indeedee|33\/100|[from] Grassy Terrain\n|-heal|p1a: Indeedee|39\/100|[from] item: Leftovers\n|upkeep\n|turn|6\n|\n|t:|1699992516\n|move|p1a: Indeedee|Follow Me|p1a: Indeedee\n|-singleturn|p1a: Indeedee|move: Follow Me\n|move|p2a: Rillaboom|Grassy Glide|p1a: Indeedee\n|-damage|p1a: Indeedee|6\/100\n|move|p2b: Dragapult|Dragon Darts|p1a: Indeedee\n|-damage|p1a: Indeedee|0 fnt\n|faint|p1a: Indeedee\n|move|p1b: Sneasler|Close Combat|p2b: Dragapult\n|-enditem|p2b: Dragapult|Focus Sash\n|-damage|p2b: Dragapult|1\/100\n|-unboost|p1b: Sneasler|def|1\n|-unboost|p1b: Sneasler|spd|1\n|\n|-heal|p2b: Dragapult|7\/100|[from] Grassy Terrain\n|-heal|p1b: Sneasler|69\/100|[from] Grassy Terrain\n|upkeep\n|\n|t:|1699992534\n|switch|p1a: Rillaboom|Rillaboom, F|70\/100\n|turn|7\n|\n|t:|1699992544\n|move|p2b: Dragapult|Protect|p2b: Dragapult\n|-singleturn|p2b: Dragapult|Protect\n|move|p1b: Sneasler|Protect|p1b: Sneasler\n|-singleturn|p1b: Sneasler|Protect\n|move|p1a: Rillaboom|Fake Out|p2b: Dragapult\n|-activate|p2b: Dragapult|move: Protect\n|move|p2a: Rillaboom|Wood Hammer|p1b: Sneasler\n|-activate|p1b: Sneasler|move: Protect\n|\n|-heal|p2b: Dragapult|13\/100|[from] Grassy Terrain\n|-heal|p1b: Sneasler|75\/100|[from] Grassy Terrain\n|-heal|p1a: Rillaboom|76\/100|[from] Grassy Terrain\n|upkeep\n|turn|8\n|\n|t:|1699992569\n|move|p1a: Rillaboom|Grassy Glide|p2b: Dragapult\n|-resisted|p2b: Dragapult\n|-damage|p2b: Dragapult|0 fnt\n|faint|p2b: Dragapult\n|move|p1b: Sneasler|Acrobatics|p2a: Rillaboom\n|-supereffective|p2a: Rillaboom\n|-damage|p2a: Rillaboom|26\/100\n|move|p2a: Rillaboom|Wood Hammer|p1b: Sneasler\n|-damage|p1b: Sneasler|0 fnt\n|faint|p1b: Sneasler\n|-damage|p2a: Rillaboom|7\/100|[from] Recoil\n|\n|-heal|p1a: Rillaboom|82\/100|[from] Grassy Terrain\n|-heal|p2a: Rillaboom|13\/100|[from] Grassy Terrain\n|-fieldend|move: Grassy Terrain\n|upkeep\n|inactive|qurtana has 120 seconds left.\n|\n|t:|1699992603\n|switch|p2b: Landorus|Landorus, M|100\/100\n|switch|p1b: Greninja|Greninja, F|100\/100\n|turn|9\n|\n|t:|1699992613\n|switch|p2a: Dragonite|Dragonite, F|100\/100\n|move|p2b: Landorus|Protect|p2b: Landorus\n|-singleturn|p2b: Landorus|Protect\n|move|p1b: Greninja|Water Shuriken|p2b: Landorus\n|-activate|p2b: Landorus|move: Protect\n|move|p1a: Rillaboom|U-turn|p2a: Dragonite\n|-resisted|p2a: Dragonite\n|-damage|p2a: Dragonite|89\/100\n|\n|t:|1699992622\n|switch|p1a: Kingambit|Kingambit, M|100\/100|[from] U-turn\n|\n|upkeep\n|turn|10\n|\n|t:|1699992632\n|switch|p2b: Rillaboom|Rillaboom, F|13\/100\n|-fieldstart|move: Grassy Terrain|[from] ability: Grassy Surge|[of] p2b: Rillaboom\n|move|p1a: Kingambit|Protect|p1a: Kingambit\n|-singleturn|p1a: Kingambit|Protect\n|move|p1b: Greninja|Water Shuriken|p2b: Rillaboom\n|-resisted|p2b: Rillaboom\n|-damage|p2b: Rillaboom|12\/100\n|-resisted|p2b: Rillaboom\n|-damage|p2b: Rillaboom|10\/100\n|-resisted|p2b: Rillaboom\n|-damage|p2b: Rillaboom|8\/100\n|-resisted|p2b: Rillaboom\n|-damage|p2b: Rillaboom|6\/100\n|-hitcount|p2b: Rillaboom|4\n|move|p2a: Dragonite|Fire Punch|p1a: Kingambit\n|-activate|p1a: Kingambit|move: Protect\n|\n|-heal|p2b: Rillaboom|12\/100|[from] Grassy Terrain\n|upkeep\n|turn|11\n|\n|t:|1699992659\n|switch|p1a: Armarouge|Armarouge, M|100\/100\n|move|p1b: Greninja|Protect|p1b: Greninja\n|-singleturn|p1b: Greninja|Protect\n|move|p2b: Rillaboom|Fake Out|p1b: Greninja\n|-activate|p1b: Greninja|move: Protect\n|move|p2a: Dragonite|Fire Punch|p1a: Armarouge\n|-start|p1a: Armarouge|ability: Flash Fire\n|\n|-heal|p2b: Rillaboom|18\/100|[from] Grassy Terrain\n|upkeep\n|turn|12\n|\n|t:|1699992681\n|move|p2b: Rillaboom|Grassy Glide|p1b: Greninja\n|-supereffective|p1b: Greninja\n|-damage|p1b: Greninja|5\/100\n|move|p1b: Greninja|Spikes|p2a: Dragonite\n|-sidestart|p2: Gasgar4|Spikes\n|move|p2a: Dragonite|Fire Punch|p1b: Greninja\n|-resisted|p1b: Greninja\n|-damage|p1b: Greninja|0 fnt\n|faint|p1b: Greninja\n|move|p1a: Armarouge|Armor Cannon|p2a: Dragonite\n|-resisted|p2a: Dragonite\n|-damage|p2a: Dragonite|42\/100\n|-unboost|p1a: Armarouge|def|1\n|-unboost|p1a: Armarouge|spd|1\n|\n|-heal|p2b: Rillaboom|25\/100|[from] Grassy Terrain\n|upkeep\n|\n|t:|1699992694\n|switch|p1b: Rillaboom|Rillaboom, F|82\/100\n|turn|13\n|\n|t:|1699992703\n|switch|p2b: Ursaluna|Ursaluna-Bloodmoon, M|100\/100\n|-damage|p2b: Ursaluna|88\/100|[from] Spikes\n|move|p1b: Rillaboom|Fake Out|p2b: Ursaluna\n|-damage|p2b: Ursaluna|77\/100\n|move|p2a: Dragonite|Fire Punch|p1b: Rillaboom\n|-supereffective|p1b: Rillaboom\n|-damage|p1b: Rillaboom|0 fnt\n|faint|p1b: Rillaboom\n|move|p1a: Armarouge|Armor Cannon|p2a: Dragonite\n|-resisted|p2a: Dragonite\n|-damage|p2a: Dragonite|0 fnt\n|-unboost|p1a: Armarouge|def|1\n|-unboost|p1a: Armarouge|spd|1\n|faint|p2a: Dragonite\n|\n|-heal|p2b: Ursaluna|84\/100|[from] Grassy Terrain\n|upkeep\n|\n|t:|1699992721\n|switch|p1b: Kingambit|Kingambit, M|100\/100\n|switch|p2a: Rillaboom|Rillaboom, F|25\/100\n|-damage|p2a: Rillaboom|12\/100|[from] Spikes\n|turn|14\n|\n|t:|1699992732\n|move|p1a: Armarouge|Protect|p1a: Armarouge\n|-singleturn|p1a: Armarouge|Protect\n|move|p1b: Kingambit|Protect|p1b: Kingambit\n|-singleturn|p1b: Kingambit|Protect\n|move|p2a: Rillaboom|Fake Out|p1b: Kingambit\n|-activate|p1b: Kingambit|move: Protect\n|move|p2b: Ursaluna|Earth Power|p1a: Armarouge\n|-activate|p1a: Armarouge|move: Protect\n|\n|-heal|p2a: Rillaboom|18\/100|[from] Grassy Terrain\n|-heal|p2b: Ursaluna|90\/100|[from] Grassy Terrain\n|-fieldend|move: Grassy Terrain\n|upkeep\n|turn|15\n|\n|t:|1699992752\n|switch|p2a: Landorus|Landorus, M|100\/100\n|move|p1a: Armarouge|Armor Cannon|p2b: Ursaluna\n|-damage|p2b: Ursaluna|16\/100\n|-unboost|p1a: Armarouge|def|1\n|-unboost|p1a: Armarouge|spd|1\n|move|p2b: Ursaluna|Earth Power|p1a: Armarouge\n|-supereffective|p1a: Armarouge\n|-crit|p1a: Armarouge\n|-damage|p1a: Armarouge|0 fnt\n|faint|p1a: Armarouge\n|move|p1b: Kingambit|Swords Dance|p1b: Kingambit\n|-boost|p1b: Kingambit|atk|2\n|\n|upkeep\n|turn|16\n|c|\u2606Gasgar4|Nice combat\n|inactive|Gasgar4 has 120 seconds left.\n|\n|t:|1699992789\n|move|p1b: Kingambit|Sucker Punch|p2b: Ursaluna\n|-damage|p2b: Ursaluna|0 fnt\n|faint|p2b: Ursaluna\n|move|p2a: Landorus|Substitute|p2a: Landorus\n|-start|p2a: Landorus|Substitute\n|-damage|p2a: Landorus|75\/100\n|\n|upkeep\n|\n|t:|1699992796\n|switch|p2b: Rillaboom|Rillaboom, F|18\/100\n|-damage|p2b: Rillaboom|6\/100|[from] Spikes\n|-fieldstart|move: Grassy Terrain|[from] ability: Grassy Surge|[of] p2b: Rillaboom\n|turn|17\n|\n|t:|1699992807\n|move|p1b: Kingambit|Protect|p1b: Kingambit\n|-singleturn|p1b: Kingambit|Protect\n|move|p2b: Rillaboom|Fake Out|p1b: Kingambit\n|-activate|p1b: Kingambit|move: Protect\n|move|p2a: Landorus|Earth Power|p1b: Kingambit\n|-activate|p1b: Kingambit|move: Protect\n|\n|-heal|p2b: Rillaboom|12\/100|[from] Grassy Terrain\n|upkeep\n|turn|18\n|\n|t:|1699992822\n|move|p2a: Landorus|Earth Power|p1b: Kingambit\n|-supereffective|p1b: Kingambit\n|-damage|p1b: Kingambit|3\/100\n|move|p2b: Rillaboom|U-turn|p1b: Kingambit\n|-damage|p1b: Kingambit|0 fnt\n|faint|p1b: Kingambit\n|\n|win|Gasgar4\n|raw|qurtana's rating: 1519 &rarr; <strong>1504<\/strong><br \/>(-15 for losing)\n|raw|Gasgar4's rating: 1608 &rarr; <strong>1623<\/strong><br \/>(+15 for winning)\n|l|\u2606qurtana\n","uploadtime":1699992834,"views":6,"p1id":"qurtana","p2id":"gasgar4","formatid":"gen9doublesou","rating":1504,"private":0,"password":""}