{"id":"gen9doublesou-1991371013","p1":"tommy hopkins","p2":"damipoo","format":"[Gen 9] Doubles OU","log":"|j|\u2606tommy hopkins\n|j|\u2606damipoo\n|t:|1700071535\n|gametype|doubles\n|player|p1|tommy hopkins|hiker-gen4|1254\n|player|p2|damipoo|darach-caitlin|1204\n|teamsize|p1|6\n|teamsize|p2|6\n|gen|9\n|tier|[Gen 9] Doubles OU\n|rated|\n|rule|Species Clause: Limit one of each Pok\u00e9mon\n|rule|OHKO Clause: OHKO moves are banned\n|rule|Evasion Moves Clause: Evasion moves are banned\n|rule|Gravity Sleep Clause: The combination of sleep-inducing moves with imperfect accuracy and Gravity or Gigantamax Orbeetle are banned\n|rule|Endless Battle Clause: Forcing endless battles is banned\n|rule|HP Percentage Mod: HP is shown in percentages\n|clearpoke\n|poke|p1|Rillaboom, M|\n|poke|p1|Ogerpon, F|\n|poke|p1|Infernape, F|\n|poke|p1|Landorus-Therian, M|\n|poke|p1|Milotic, M|\n|poke|p1|Tinkaton, F|\n|poke|p2|Farigiraf, M|\n|poke|p2|Crawdaunt, F|\n|poke|p2|Sinistcha|\n|poke|p2|Sneasler, M|\n|poke|p2|Talonflame, M|\n|poke|p2|Sandslash-Alola, M|\n|teampreview\n|inactive|Battle timer is ON: inactive players will automatically lose when time's up. (requested by tommy hopkins)\n|\n|t:|1700071550\n|start\n|switch|p1a: Tinkaton|Tinkaton, F|100\/100\n|switch|p1b: Rillaboom|Rillaboom, M|100\/100\n|switch|p2a: Farigiraf|Farigiraf, M|100\/100\n|switch|p2b: Sneasler|Sneasler, M|100\/100\n|-fieldstart|move: Grassy Terrain|[from] ability: Grassy Surge|[of] p1b: Rillaboom\n|-ability|p1a: Tinkaton|Mold Breaker\n|turn|1\n|\n|t:|1700071560\n|move|p2b: Sneasler|Fake Out|p1a: Tinkaton\n|-resisted|p1a: Tinkaton\n|-damage|p1a: Tinkaton|91\/100\n|cant|p1a: Tinkaton|flinch\n|move|p1b: Rillaboom|Knock Off|p2a: Farigiraf\n|-supereffective|p2a: Farigiraf\n|-damage|p2a: Farigiraf|36\/100\n|-enditem|p2a: Farigiraf|Choice Specs|[from] move: Knock Off|[of] p1b: Rillaboom\n|move|p2a: Farigiraf|Hyper Voice|p1a: Tinkaton|[spread] p1a,p1b\n|-resisted|p1a: Tinkaton\n|-damage|p1a: Tinkaton|81\/100\n|-damage|p1b: Rillaboom|52\/100\n|\n|-heal|p1b: Rillaboom|58\/100|[from] Grassy Terrain\n|-heal|p1a: Tinkaton|87\/100|[from] Grassy Terrain\n|-heal|p2a: Farigiraf|42\/100|[from] Grassy Terrain\n|upkeep\n|turn|2\n|\n|t:|1700071587\n|move|p1b: Rillaboom|Knock Off|p2a: Farigiraf\n|-supereffective|p2a: Farigiraf\n|-damage|p2a: Farigiraf|0 fnt\n|faint|p2a: Farigiraf\n|move|p2b: Sneasler|Dire Claw|p1b: Rillaboom\n|-supereffective|p1b: Rillaboom\n|-damage|p1b: Rillaboom|0 fnt\n|faint|p1b: Rillaboom\n|move|p1a: Tinkaton|Play Rough|p2b: Sneasler\n|-damage|p2b: Sneasler|42\/100\n|\n|-heal|p2b: Sneasler|48\/100|[from] Grassy Terrain\n|-heal|p1a: Tinkaton|93\/100|[from] Grassy Terrain\n|upkeep\n|\n|t:|1700071599\n|switch|p1b: Landorus|Landorus-Therian, M|100\/100\n|switch|p2a: Talonflame|Talonflame, M|100\/100\n|-ability|p1b: Landorus|Intimidate|boost\n|-unboost|p2a: Talonflame|atk|1\n|-unboost|p2b: Sneasler|atk|1\n|turn|3\n|\n|t:|1700071619\n|switch|p2b: Sinistcha|Sinistcha|100\/100\n|move|p2a: Talonflame|Protect|p2a: Talonflame\n|-singleturn|p2a: Talonflame|Protect\n|move|p1a: Tinkaton|Play Rough|p2a: Talonflame\n|-activate|p2a: Talonflame|move: Protect\n|move|p1b: Landorus|U-turn|p2a: Talonflame\n|-activate|p2a: Talonflame|move: Protect\n|\n|-heal|p1a: Tinkaton|99\/100|[from] Grassy Terrain\n|upkeep\n|turn|4\n|\n|t:|1700071637\n|switch|p2a: Sneasler|Sneasler, M|48\/100\n|move|p1a: Tinkaton|Play Rough|p2a: Sneasler\n|-damage|p2a: Sneasler|0 fnt\n|faint|p2a: Sneasler\n|move|p1b: Landorus|U-turn|p2b: Sinistcha\n|-damage|p2b: Sinistcha|77\/100\n|\n|t:|1700071646\n|switch|p1b: Infernape|Infernape, F|100\/100|[from] U-turn\n|move|p2b: Sinistcha|Nasty Plot|p2b: Sinistcha\n|-boost|p2b: Sinistcha|spa|2\n|\n|-heal|p1a: Tinkaton|100\/100|[from] Grassy Terrain\n|-heal|p2b: Sinistcha|83\/100|[from] Grassy Terrain\n|upkeep\n|\n|t:|1700071651\n|switch|p2a: Talonflame|Talonflame, M|100\/100\n|turn|5\n|\n|t:|1700071664\n|-terastallize|p2b: Sinistcha|Water\n|move|p1b: Infernape|Fake Out|p2a: Talonflame\n|-damage|p2a: Talonflame|76\/100\n|-damage|p1b: Infernape|91\/100|[from] item: Life Orb\n|cant|p2a: Talonflame|flinch\n|move|p1a: Tinkaton|Play Rough|p2a: Talonflame\n|-resisted|p2a: Talonflame\n|-damage|p2a: Talonflame|52\/100\n|move|p2b: Sinistcha|Scald|p1b: Infernape\n|-supereffective|p1b: Infernape\n|-damage|p1b: Infernape|0 fnt\n|faint|p1b: Infernape\n|\n|-heal|p2b: Sinistcha|89\/100|[from] Grassy Terrain\n|-fieldend|move: Grassy Terrain\n|upkeep\n|\n|t:|1700071688\n|switch|p1b: Ogerpon|Ogerpon, F|100\/100\n|turn|6\n|\n|t:|1700071711\n|-terastallize|p1b: Ogerpon|Grass\n|detailschange|p1b: Ogerpon|Ogerpon-Teal-Tera, F, tera:Grass\n|-ability|p1b: Ogerpon|Embody Aspect (Teal)|boost\n|-boost|p1b: Ogerpon|spe|1\n|move|p1b: Ogerpon|Horn Leech|p2b: Sinistcha\n|-supereffective|p2b: Sinistcha\n|-damage|p2b: Sinistcha|0 fnt\n|faint|p2b: Sinistcha\n|move|p2a: Talonflame|Tailwind|p2a: Talonflame\n|-sidestart|p2: damipoo|move: Tailwind\n|move|p1a: Tinkaton|Gigaton Hammer|p2a: Talonflame\n|-resisted|p2a: Talonflame\n|-damage|p2a: Talonflame|6\/100\n|\n|upkeep\n|\n|t:|1700071721\n|switch|p2b: Sandslash|Sandslash-Alola, M|100\/100\n|turn|7\n|\n|t:|1700071734\n|move|p2a: Talonflame|Flare Blitz|p1a: Tinkaton\n|-supereffective|p1a: Tinkaton\n|-damage|p1a: Tinkaton|0 fnt\n|faint|p1a: Tinkaton\n|-damage|p2a: Talonflame|0 fnt|[from] Recoil\n|faint|p2a: Talonflame\n|move|p1b: Ogerpon|Horn Leech|p2b: Sandslash\n|-resisted|p2b: Sandslash\n|-damage|p2b: Sandslash|71\/100\n|move|p2b: Sandslash|Iron Head|p1b: Ogerpon\n|-damage|p1b: Ogerpon|53\/100\n|\n|upkeep\n|c|\u2606damipoo|gg\n|\n|t:|1700071746\n|switch|p2a: Crawdaunt|Crawdaunt, F|100\/100\n|switch|p1a: Milotic|Milotic, M|100\/100\n|turn|8\n|\n|t:|1700071754\n|move|p2a: Crawdaunt|Protect|p2a: Crawdaunt\n|-singleturn|p2a: Crawdaunt|Protect\n|move|p1b: Ogerpon|Horn Leech|p2b: Sandslash\n|-resisted|p2b: Sandslash\n|-damage|p2b: Sandslash|40\/100\n|-heal|p1b: Ogerpon|71\/100|[from] drain|[of] p2b: Sandslash\n|move|p2b: Sandslash|Ice Spinner|p1b: Ogerpon\n|-supereffective|p1b: Ogerpon\n|-damage|p1b: Ogerpon|0 fnt\n|faint|p1b: Ogerpon\n|move|p1a: Milotic|Draining Kiss|p2a: Crawdaunt\n|-activate|p2a: Crawdaunt|move: Protect\n|\n|upkeep\n|\n|t:|1700071769\n|switch|p1b: Landorus|Landorus-Therian, M|100\/100\n|-ability|p1b: Landorus|Intimidate|boost\n|-unboost|p2a: Crawdaunt|atk|1\n|-unboost|p2b: Sandslash|atk|1\n|turn|9\n|\n|t:|1700071780\n|move|p2a: Crawdaunt|Dragon Dance|p2a: Crawdaunt\n|-boost|p2a: Crawdaunt|atk|1\n|-boost|p2a: Crawdaunt|spe|1\n|move|p2b: Sandslash|Ice Spinner|p1b: Landorus\n|-supereffective|p1b: Landorus\n|-damage|p1b: Landorus|0 fnt\n|faint|p1b: Landorus\n|move|p1a: Milotic|Draining Kiss|p2a: Crawdaunt\n|-supereffective|p2a: Crawdaunt\n|-damage|p2a: Crawdaunt|39\/100\n|\n|-sideend|p2: damipoo|move: Tailwind\n|upkeep\n|turn|10\n|\n|t:|1700071794\n|move|p2a: Crawdaunt|Knock Off|p1a: Milotic\n|-damage|p1a: Milotic|18\/100\n|-enditem|p1a: Milotic|Mystic Water|[from] move: Knock Off|[of] p2a: Crawdaunt\n|move|p1a: Milotic|Draining Kiss|p2a: Crawdaunt\n|-supereffective|p2a: Crawdaunt\n|-damage|p2a: Crawdaunt|0 fnt\n|-heal|p1a: Milotic|41\/100|[from] drain|[of] p2a: Crawdaunt\n|faint|p2a: Crawdaunt\n|move|p2b: Sandslash|Iron Head|p1a: Milotic\n|-resisted|p1a: Milotic\n|-damage|p1a: Milotic|24\/100\n|\n|upkeep\n|turn|11\n|\n|t:|1700071810\n|move|p1a: Milotic|Recover|p1a: Milotic\n|-heal|p1a: Milotic|74\/100\n|move|p2b: Sandslash|Tera Blast|p1a: Milotic\n|-damage|p1a: Milotic|68\/100\n|\n|upkeep\n|turn|12\n|\n|t:|1700071820\n|move|p1a: Milotic|Scald|p2b: Sandslash\n|-damage|p2b: Sandslash|0 fnt\n|faint|p2b: Sandslash\n|\n|win|tommy hopkins\n|raw|tommy hopkins's rating: 1254 &rarr; <strong>1275<\/strong><br \/>(+21 for winning)\n|raw|damipoo's rating: 1204 &rarr; <strong>1183<\/strong><br \/>(-21 for losing)\n|l|\u2606damipoo\n","uploadtime":1700071838,"views":15,"p1id":"tommyhopkins","p2id":"damipoo","formatid":"gen9doublesou","rating":1183,"private":0,"password":""}