{"id":"gen9doublesou-1995291135","p1":"GhastlyPixie","p2":"tankaider","format":"[Gen 9] Doubles OU","log":"|j|\u2606GhastlyPixie\n|j|\u2606tankaider\n|t:|1700547896\n|gametype|doubles\n|player|p1|GhastlyPixie|plasmagruntf|1593\n|player|p2|tankaider|ghetsis-gen5bw|1361\n|teamsize|p1|6\n|teamsize|p2|6\n|gen|9\n|tier|[Gen 9] Doubles OU\n|rated|\n|rule|Species Clause: Limit one of each Pok\u00e9mon\n|rule|OHKO Clause: OHKO moves are banned\n|rule|Evasion Moves Clause: Evasion moves are banned\n|rule|Gravity Sleep Clause: The combination of sleep-inducing moves with imperfect accuracy and Gravity or Gigantamax Orbeetle are banned\n|rule|Endless Battle Clause: Forcing endless battles is banned\n|rule|HP Percentage Mod: HP is shown in percentages\n|clearpoke\n|poke|p1|Gothitelle, F|\n|poke|p1|Clefairy, F|\n|poke|p1|Flutter Mane|\n|poke|p1|Chien-Pao|\n|poke|p1|Ogerpon-Hearthflame, F|\n|poke|p1|Palafin, F|\n|poke|p2|Arcanine-Hisui, M|\n|poke|p2|Armarouge, M|\n|poke|p2|Iron Bundle|\n|poke|p2|Sneasler, M|\n|poke|p2|Indeedee-F, F|\n|poke|p2|Flutter Mane|\n|teampreview\n|inactive|Battle timer is ON: inactive players will automatically lose when time's up. (requested by tankaider)\n|\n|t:|1700547912\n|start\n|switch|p1a: Gothitelle|Gothitelle, F|100\/100\n|switch|p1b: Palafin|Palafin, F|100\/100\n|switch|p2a: Armarouge|Armarouge, M|100\/100\n|switch|p2b: Iron Bundle|Iron Bundle|100\/100\n|-enditem|p2b: Iron Bundle|Booster Energy\n|-activate|p2b: Iron Bundle|ability: Quark Drive|[fromitem]\n|-start|p2b: Iron Bundle|quarkdrivespe\n|turn|1\n|\n|t:|1700547929\n|-terastallize|p2a: Armarouge|Psychic\n|move|p1a: Gothitelle|Fake Out|p2a: Armarouge\n|-damage|p2a: Armarouge|95\/100\n|-ability|p2a: Armarouge|Weak Armor|boost\n|-unboost|p2a: Armarouge|def|1\n|-boost|p2a: Armarouge|spe|2\n|move|p2b: Iron Bundle|U-turn|p2a: Armarouge\n|-supereffective|p2a: Armarouge\n|-damage|p2a: Armarouge|60\/100\n|-ability|p2a: Armarouge|Weak Armor|boost\n|-unboost|p2a: Armarouge|def|1\n|-boost|p2a: Armarouge|spe|2\n|-enditem|p2a: Armarouge|Weakness Policy\n|-boost|p2a: Armarouge|atk|2|[from] item: Weakness Policy\n|-boost|p2a: Armarouge|spa|2|[from] item: Weakness Policy\n|\n|t:|1700547936\n|-end|p2b: Iron Bundle|Quark Drive|[silent]\n|switch|p2b: Indeedee|Indeedee-F, F, shiny|100\/100|[from] U-turn\n|-fieldstart|move: Psychic Terrain|[from] ability: Psychic Surge|[of] p2b: Indeedee\n|cant|p2a: Armarouge|flinch\n|move|p1b: Palafin|Flip Turn|p2a: Armarouge\n|-damage|p2a: Armarouge|5\/100\n|-ability|p2a: Armarouge|Weak Armor|boost\n|-unboost|p2a: Armarouge|def|1\n|-boost|p2a: Armarouge|spe|2\n|inactive|GhastlyPixie has 120 seconds left.\n|\n|t:|1700547966\n|detailschange|p1b: Palafin|Palafin-Hero, F\n|switch|p1b: Clefairy|Clefairy, F|100\/100|[from] Flip Turn\n|\n|upkeep\n|turn|2\n|inactive|GhastlyPixie has 120 seconds left.\n|\n|t:|1700547990\n|move|p2b: Indeedee|Follow Me|p2b: Indeedee\n|-singleturn|p2b: Indeedee|move: Follow Me\n|move|p2a: Armarouge|Expanding Force|p1a: Gothitelle|[spread] p1a,p1b\n|-resisted|p1a: Gothitelle\n|-damage|p1a: Gothitelle|46\/100\n|-damage|p1b: Clefairy|0 fnt\n|-enditem|p1a: Gothitelle|Sitrus Berry|[eat]\n|-heal|p1a: Gothitelle|71\/100|[from] item: Sitrus Berry\n|faint|p1b: Clefairy\n|move|p1a: Gothitelle|Psychic|p2b: Indeedee\n|-resisted|p2b: Indeedee\n|-damage|p2b: Indeedee|88\/100\n|\n|upkeep\n|inactive|GhastlyPixie has 120 seconds left.\n|\n|t:|1700548000\n|switch|p1b: Chien-Pao|Chien-Pao|100\/100\n|-ability|p1b: Chien-Pao|Sword of Ruin\n|turn|3\n|inactive|GhastlyPixie has 120 seconds left.\n|\n|t:|1700548033\n|move|p2b: Indeedee|Follow Me|p2b: Indeedee\n|-singleturn|p2b: Indeedee|move: Follow Me\n|move|p2a: Armarouge|Heat Wave|p1b: Chien-Pao|[spread] p1a,p1b\n|-supereffective|p1b: Chien-Pao\n|-damage|p1a: Gothitelle|0 fnt\n|-enditem|p1b: Chien-Pao|Focus Sash\n|-damage|p1b: Chien-Pao|1\/100\n|faint|p1a: Gothitelle\n|move|p1b: Chien-Pao|Ice Spinner|p2b: Indeedee\n|-damage|p2b: Indeedee|10\/100\n|-fieldend|move: Psychic Terrain\n|-enditem|p2b: Indeedee|Sitrus Berry|[eat]\n|-heal|p2b: Indeedee|35\/100|[from] item: Sitrus Berry\n|\n|upkeep\n|\n|t:|1700548043\n|switch|p1a: Palafin|Palafin-Hero, F|100\/100\n|-activate|p1a: Palafin|ability: Zero to Hero\n|turn|4\n|\n|t:|1700548049\n|move|p2b: Indeedee|Follow Me|p2b: Indeedee\n|-singleturn|p2b: Indeedee|move: Follow Me\n|move|p1b: Chien-Pao|Sucker Punch||[still]\n|-fail|p1b: Chien-Pao\n|move|p1a: Palafin|Jet Punch|p2b: Indeedee\n|-damage|p2b: Indeedee|0 fnt\n|faint|p2b: Indeedee\n|move|p2a: Armarouge|Expanding Force|p1b: Chien-Pao\n|-immune|p1b: Chien-Pao\n|\n|upkeep\n|\n|t:|1700548066\n|switch|p2b: Iron Bundle|Iron Bundle|100\/100\n|turn|5\n|\n|t:|1700548075\n|move|p1b: Chien-Pao|Protect|p1b: Chien-Pao\n|-singleturn|p1b: Chien-Pao|Protect\n|move|p1a: Palafin|Jet Punch|p2a: Armarouge\n|-crit|p2a: Armarouge\n|-damage|p2a: Armarouge|0 fnt\n|faint|p2a: Armarouge\n|move|p2b: Iron Bundle|Ice Beam|p1b: Chien-Pao\n|-activate|p1b: Chien-Pao|move: Protect\n|\n|upkeep\n|\n|t:|1700548078\n|switch|p2a: Flutter Mane|Flutter Mane|100\/100\n|turn|6\n|\n|t:|1700548093\n|-terastallize|p1a: Palafin|Water\n|move|p1a: Palafin|Jet Punch|p2a: Flutter Mane\n|-damage|p2a: Flutter Mane|0 fnt\n|faint|p2a: Flutter Mane\n|-end|p2a: Flutter Mane|Protosynthesis|[silent]\n|move|p2b: Iron Bundle|Ice Beam|p1a: Palafin\n|-resisted|p1a: Palafin\n|-damage|p1a: Palafin|77\/100\n|move|p1b: Chien-Pao|Sacred Sword|p2b: Iron Bundle\n|-supereffective|p2b: Iron Bundle\n|-damage|p2b: Iron Bundle|3\/100\n|\n|upkeep\n|\n|t:|1700548100\n|switch|p2a: Sneasler|Sneasler, M|100\/100\n|turn|7\n|\n|t:|1700548118\n|switch|p1a: Flutter Mane|Flutter Mane|100\/100\n|move|p1b: Chien-Pao|Protect|p1b: Chien-Pao\n|-singleturn|p1b: Chien-Pao|Protect\n|move|p2b: Iron Bundle|Hydro Pump|p1b: Chien-Pao\n|-activate|p1b: Chien-Pao|move: Protect\n|move|p2a: Sneasler|Dire Claw|p1b: Chien-Pao\n|-activate|p1b: Chien-Pao|move: Protect\n|\n|upkeep\n|turn|8\n|\n|t:|1700548140\n|move|p2b: Iron Bundle|Ice Beam|p1b: Chien-Pao\n|-resisted|p1b: Chien-Pao\n|-damage|p1b: Chien-Pao|0 fnt\n|faint|p1b: Chien-Pao\n|move|p1a: Flutter Mane|Dazzling Gleam|p2a: Sneasler|[spread] p2a,p2b\n|-damage|p2a: Sneasler|43\/100\n|-damage|p2b: Iron Bundle|0 fnt\n|faint|p2b: Iron Bundle\n|-end|p2b: Iron Bundle|Quark Drive|[silent]\n|move|p2a: Sneasler|Dire Claw|p1a: Flutter Mane\n|-damage|p1a: Flutter Mane|0 fnt\n|faint|p1a: Flutter Mane\n|-end|p1a: Flutter Mane|Protosynthesis|[silent]\n|\n|upkeep\n|\n|t:|1700548144\n|switch|p2b: Arcanine|Arcanine-Hisui, M, shiny|100\/100\n|switch|p1b: Ogerpon|Ogerpon-Hearthflame, F|100\/100\n|switch|p1a: Palafin|Palafin-Hero, F, tera:Water|77\/100\n|-ability|p1b: Ogerpon|Mold Breaker\n|-ability|p2b: Arcanine|Intimidate|boost\n|-unboost|p1a: Palafin|atk|1\n|-unboost|p1b: Ogerpon|atk|1\n|turn|9\n|\n|t:|1700548162\n|move|p1b: Ogerpon|Follow Me|p1b: Ogerpon\n|-singleturn|p1b: Ogerpon|move: Follow Me\n|move|p2b: Arcanine|Extreme Speed|p1b: Ogerpon\n|-damage|p1b: Ogerpon|49\/100\n|move|p1a: Palafin|Jet Punch|p2a: Sneasler\n|-damage|p2a: Sneasler|0 fnt\n|faint|p2a: Sneasler\n|\n|upkeep\n|turn|10\n|\n|t:|1700548174\n|move|p1b: Ogerpon|Follow Me|p1b: Ogerpon\n|-singleturn|p1b: Ogerpon|move: Follow Me\n|move|p2b: Arcanine|Extreme Speed|p1b: Ogerpon\n|-damage|p1b: Ogerpon|0 fnt\n|faint|p1b: Ogerpon\n|move|p1a: Palafin|Jet Punch|p2b: Arcanine\n|-supereffective|p2b: Arcanine\n|-damage|p2b: Arcanine|0 fnt\n|faint|p2b: Arcanine\n|\n|win|GhastlyPixie\n|raw|GhastlyPixie's rating: 1593 &rarr; <strong>1601<\/strong><br \/>(+8 for winning)\n|raw|tankaider's rating: 1361 &rarr; <strong>1353<\/strong><br \/>(-8 for losing)\n|l|\u2606tankaider\n","uploadtime":1700548183,"views":20,"p1id":"ghastlypixie","p2id":"tankaider","formatid":"gen9doublesou","rating":1353,"private":0,"password":""}