{"id":"gen9doublesou-1976835681","p1":"Brawler206","p2":"italiphinowastaken","format":"[Gen 9] Doubles OU","log":"|j|\u2606Brawler206\n|j|\u2606italiphinowastaken\n|t:|1698345204\n|gametype|doubles\n|player|p1|Brawler206|dancer|1153\n|player|p2|italiphinowastaken|alder|1056\n|teamsize|p1|6\n|teamsize|p2|6\n|gen|9\n|tier|[Gen 9] Doubles OU\n|rated|\n|rule|Species Clause: Limit one of each Pok\u00e9mon\n|rule|OHKO Clause: OHKO moves are banned\n|rule|Evasion Moves Clause: Evasion moves are banned\n|rule|Gravity Sleep Clause: The combination of sleep-inducing moves with imperfect accuracy and Gravity or Gigantamax Orbeetle are banned\n|rule|Endless Battle Clause: Forcing endless battles is banned\n|rule|HP Percentage Mod: HP is shown in percentages\n|clearpoke\n|poke|p1|Talonflame, F|\n|poke|p1|Chien-Pao|\n|poke|p1|Mienshao, F|\n|poke|p1|Ribombee, F|\n|poke|p1|Zapdos-Galar|\n|poke|p1|Kommo-o, F|\n|poke|p2|Chien-Pao|\n|poke|p2|Iron Bundle|\n|poke|p2|Ninetales-Alola, F|\n|poke|p2|Baxcalibur, M|\n|poke|p2|Mamoswine, M|\n|poke|p2|Cetitan, M|\n|teampreview\n|inactive|Battle timer is ON: inactive players will automatically lose when time's up. (requested by italiphinowastaken)\n|inactive|Brawler206 has 120 seconds left.\n|inactive|italiphinowastaken has 120 seconds left.\n|\n|t:|1698345244\n|start\n|switch|p1a: Chien-Pao|Chien-Pao|100\/100\n|switch|p1b: Mienshao|Mienshao, F|100\/100\n|switch|p2a: Ninetales|Ninetales-Alola, F, shiny|100\/100\n|switch|p2b: Cetitan|Cetitan, M|100\/100\n|-ability|p1a: Chien-Pao|Sword of Ruin\n|-weather|Snow|[from] ability: Snow Warning|[of] p2a: Ninetales\n|turn|1\n|\n|t:|1698345261\n|move|p2b: Cetitan|Belly Drum|p2b: Cetitan\n|-damage|p2b: Cetitan|50\/100\n|-setboost|p2b: Cetitan|atk|6|[from] move: Belly Drum\n|move|p1a: Chien-Pao|Taunt|p2a: Ninetales\n|-start|p2a: Ninetales|move: Taunt\n|cant|p2a: Ninetales|move: Taunt|Aurora Veil\n|move|p1b: Mienshao|High Jump Kick|p2b: Cetitan|[miss]\n|-miss|p1b: Mienshao|p2b: Cetitan\n|-damage|p1b: Mienshao|51\/100|[from] highjumpkick\n|\n|-weather|Snow|[upkeep]\n|upkeep\n|turn|2\n|\n|t:|1698345276\n|move|p2b: Cetitan|Body Press|p1a: Chien-Pao\n|-supereffective|p1a: Chien-Pao\n|-damage|p1a: Chien-Pao|50\/100\n|move|p1a: Chien-Pao|Crunch|p2b: Cetitan\n|-damage|p2b: Cetitan|13\/100\n|-enditem|p2b: Cetitan|Aguav Berry|[eat]\n|-heal|p2b: Cetitan|46\/100|[from] item: Aguav Berry\n|move|p2a: Ninetales|Dazzling Gleam|p1a: Chien-Pao|[spread] p1a,p1b\n|-supereffective|p1a: Chien-Pao\n|-supereffective|p1b: Mienshao\n|-damage|p1a: Chien-Pao|0 fnt\n|-damage|p1b: Mienshao|0 fnt\n|faint|p1a: Chien-Pao\n|faint|p1b: Mienshao\n|\n|-weather|Snow|[upkeep]\n|upkeep\n|inactive|Brawler206 has 120 seconds left.\n|\n|t:|1698345299\n|switch|p1a: Talonflame|Talonflame, F|100\/100\n|switch|p1b: Zapdos|Zapdos-Galar|100\/100\n|turn|3\n|\n|t:|1698345307\n|-terastallize|p1b: Zapdos|Fighting\n|move|p1a: Talonflame|Tailwind|p1a: Talonflame\n|-sidestart|p1: Brawler206|move: Tailwind\n|move|p1b: Zapdos|Thunderous Kick|p2b: Cetitan\n|-supereffective|p2b: Cetitan\n|-damage|p2b: Cetitan|0 fnt\n|faint|p2b: Cetitan\n|move|p2a: Ninetales|Dazzling Gleam|p1b: Zapdos|[spread] p1a,p1b\n|-resisted|p1a: Talonflame\n|-supereffective|p1b: Zapdos\n|-damage|p1a: Talonflame|85\/100\n|-damage|p1b: Zapdos|46\/100\n|-enditem|p1b: Zapdos|Weakness Policy\n|-boost|p1b: Zapdos|atk|2|[from] item: Weakness Policy\n|-boost|p1b: Zapdos|spa|2|[from] item: Weakness Policy\n|\n|-weather|Snow|[upkeep]\n|-end|p2a: Ninetales|move: Taunt\n|upkeep\n|\n|t:|1698345316\n|switch|p2b: Chien-Pao|Chien-Pao|100\/100\n|-ability|p2b: Chien-Pao|Sword of Ruin\n|turn|4\n|\n|t:|1698345326\n|move|p1b: Zapdos|Protect|p1b: Zapdos\n|-singleturn|p1b: Zapdos|Protect\n|move|p2b: Chien-Pao|Ice Shard|p1b: Zapdos\n|-activate|p1b: Zapdos|move: Protect\n|move|p1a: Talonflame|Taunt|p2a: Ninetales\n|-start|p2a: Ninetales|move: Taunt\n|cant|p2a: Ninetales|move: Taunt|Aurora Veil\n|\n|-weather|Snow|[upkeep]\n|upkeep\n|turn|5\n|\n|t:|1698345339\n|move|p2b: Chien-Pao|Ice Shard|p1b: Zapdos\n|-damage|p1b: Zapdos|17\/100\n|move|p1a: Talonflame|Peck|p2b: Chien-Pao\n|-damage|p2b: Chien-Pao|92\/100\n|move|p1b: Zapdos|Thunderous Kick|p2a: Ninetales\n|-damage|p2a: Ninetales|0 fnt\n|faint|p2a: Ninetales\n|\n|-weather|none\n|upkeep\n|\n|t:|1698345345\n|switch|p2a: Iron Bundle|Iron Bundle|100\/100\n|-enditem|p2a: Iron Bundle|Booster Energy\n|-activate|p2a: Iron Bundle|ability: Quark Drive|[fromitem]\n|-start|p2a: Iron Bundle|quarkdrivespe\n|turn|6\n|\n|t:|1698345357\n|move|p1a: Talonflame|Quick Guard|p1a: Talonflame\n|-singleturn|p1a: Talonflame|Quick Guard\n|move|p2b: Chien-Pao|Ice Shard|p1b: Zapdos\n|-activate|p1b: Zapdos|move: Quick Guard\n|move|p1b: Zapdos|Thunderous Kick|p2a: Iron Bundle\n|-supereffective|p2a: Iron Bundle\n|-damage|p2a: Iron Bundle|0 fnt\n|faint|p2a: Iron Bundle\n|-end|p2a: Iron Bundle|Quark Drive|[silent]\n|\n|-sideend|p1: Brawler206|move: Tailwind\n|upkeep\n|\n|t:|1698345363\n|switch|p2a: Mamoswine|Mamoswine, M|100\/100\n|turn|7\n|\n|t:|1698345371\n|move|p1b: Zapdos|Protect|p1b: Zapdos\n|-singleturn|p1b: Zapdos|Protect\n|move|p2b: Chien-Pao|Ice Shard|p1b: Zapdos\n|-activate|p1b: Zapdos|move: Protect\n|move|p2a: Mamoswine|Ice Shard|p1b: Zapdos\n|-activate|p1b: Zapdos|move: Protect\n|move|p1a: Talonflame|Tailwind|p1a: Talonflame\n|-sidestart|p1: Brawler206|move: Tailwind\n|\n|upkeep\n|turn|8\n|\n|t:|1698345382\n|move|p1a: Talonflame|Quick Guard|p1a: Talonflame\n|-singleturn|p1a: Talonflame|Quick Guard\n|move|p2b: Chien-Pao|Ice Shard|p1b: Zapdos\n|-activate|p1b: Zapdos|move: Quick Guard\n|move|p2a: Mamoswine|Ice Shard|p1b: Zapdos\n|-activate|p1b: Zapdos|move: Quick Guard\n|move|p1b: Zapdos|Thunderous Kick|p2a: Mamoswine\n|-supereffective|p2a: Mamoswine\n|-damage|p2a: Mamoswine|0 fnt\n|faint|p2a: Mamoswine\n|\n|upkeep\n|c|\u2606italiphinowastaken|annoying ass bitch\n|-message|italiphinowastaken forfeited.\n|\n|win|Brawler206\n|raw|Brawler206's rating: 1153 &rarr; <strong>1173<\/strong><br \/>(+20 for winning)\n|raw|italiphinowastaken's rating: 1083 &rarr; <strong>1065<\/strong><br \/>(-18 for losing)\n|l|\u2606italiphinowastaken\n","uploadtime":1698345398,"views":11,"p1id":"brawler206","p2id":"italiphinowastaken","formatid":"gen9doublesou","rating":1065,"private":0,"password":""}