{"id":"gen9doublesou-1990778904","p1":"vegetasfeet","p2":"Pee boi happy","format":"[Gen 9] Doubles OU","log":"|j|\u2606vegetasfeet\n|j|\u2606Pee boi happy\n|t:|1699999996\n|gametype|doubles\n|player|p1|vegetasfeet|brycen|1129\n|player|p2|Pee boi happy|102|1170\n|teamsize|p1|6\n|teamsize|p2|6\n|gen|9\n|tier|[Gen 9] Doubles OU\n|rated|\n|rule|Species Clause: Limit one of each Pok\u00e9mon\n|rule|OHKO Clause: OHKO moves are banned\n|rule|Evasion Moves Clause: Evasion moves are banned\n|rule|Gravity Sleep Clause: The combination of sleep-inducing moves with imperfect accuracy and Gravity or Gigantamax Orbeetle are banned\n|rule|Endless Battle Clause: Forcing endless battles is banned\n|rule|HP Percentage Mod: HP is shown in percentages\n|clearpoke\n|poke|p1|Amoonguss, F|\n|poke|p1|Glimmora, M|\n|poke|p1|Heatran, F|\n|poke|p1|Tyranitar, F|\n|poke|p1|Landorus, M|\n|poke|p1|Cresselia, F|\n|poke|p2|Thundurus-Therian, M|\n|poke|p2|Garchomp, F|\n|poke|p2|Sinistcha-Masterpiece|\n|poke|p2|Kommo-o, M|\n|poke|p2|Clefairy, M|\n|poke|p2|Flutter Mane|\n|teampreview\n|inactive|Battle timer is ON: inactive players will automatically lose when time's up. (requested by Pee boi happy)\n|\n|t:|1700000027\n|start\n|switch|p1a: Trippie Redd|Tyranitar, F|100\/100\n|switch|p1b: Ball Guy|Amoonguss, F|100\/100\n|switch|p2a: Garchomp|Garchomp, F|100\/100\n|switch|p2b: Thundurus|Thundurus-Therian, M|100\/100\n|-weather|Sandstorm|[from] ability: Sand Stream|[of] p1a: Trippie Redd\n|turn|1\n|\n|t:|1700000044\n|switch|p1a: Nicki Minaj|Cresselia, F|100\/100\n|move|p2a: Garchomp|Earthquake|p1a: Nicki Minaj|[spread] p1b\n|-immune|p2b: Thundurus\n|-immune|p1a: Nicki Minaj|[from] ability: Levitate\n|-damage|p1b: Ball Guy|68\/100\n|move|p2b: Thundurus|Discharge|p1b: Ball Guy|[spread] p1a,p1b\n|-immune|p2a: Garchomp\n|-resisted|p1b: Ball Guy\n|-damage|p1a: Nicki Minaj|83\/100\n|-damage|p1b: Ball Guy|54\/100\n|-status|p1a: Nicki Minaj|par\n|move|p1b: Ball Guy|Spore|p2a: Garchomp\n|-status|p2a: Garchomp|slp|[from] move: Spore\n|\n|-weather|Sandstorm|[upkeep]\n|-damage|p2b: Thundurus|94\/100|[from] Sandstorm\n|-damage|p1b: Ball Guy|47\/100|[from] Sandstorm\n|-enditem|p1b: Ball Guy|Sitrus Berry|[eat]\n|-heal|p1b: Ball Guy|72\/100|[from] item: Sitrus Berry\n|-heal|p2b: Thundurus|100\/100|[from] item: Leftovers\n|upkeep\n|turn|2\n|\n|t:|1700000071\n|switch|p2a: Flutter Mane|Flutter Mane|100\/100\n|switch|p2b: Sinistcha|Sinistcha-Masterpiece|100\/100\n|move|p1a: Nicki Minaj|Reflect|p1a: Nicki Minaj\n|-sidestart|p1: vegetasfeet|Reflect\n|move|p1b: Ball Guy|Spore|p2b: Sinistcha\n|-immune|p2b: Sinistcha\n|\n|-weather|Sandstorm|[upkeep]\n|-damage|p2a: Flutter Mane|95\/100|[from] Sandstorm\n|-damage|p2b: Sinistcha|94\/100|[from] Sandstorm\n|-damage|p1b: Ball Guy|66\/100|[from] Sandstorm\n|-heal|p2b: Sinistcha|100\/100|[from] item: Leftovers\n|upkeep\n|turn|3\n|inactive|vegetasfeet has 120 seconds left.\n|inactive|Pee boi happy has 120 seconds left.\n|inactive|vegetasfeet has 90 seconds left.\n|inactive|vegetasfeet has 60 seconds left.\n|\n|t:|1700000173\n|switch|p2b: Clefairy|Clefairy, M|100\/100\n|switch|p1a: Gobba Goo|Heatran, F|100\/100\n|switch|p1b: Oran Berry|Glimmora, M|100\/100\n|move|p2a: Flutter Mane|Mystical Fire|p1b: Oran Berry\n|-resisted|p1b: Oran Berry\n|-damage|p1b: Oran Berry|84\/100\n|-unboost|p1b: Oran Berry|spa|1\n|\n|-weather|Sandstorm|[upkeep]\n|-damage|p2a: Flutter Mane|89\/100|[from] Sandstorm\n|-damage|p2b: Clefairy|94\/100|[from] Sandstorm\n|upkeep\n|turn|4\n|inactive|vegetasfeet has 60 seconds left.\n|\n|t:|1700000195\n|-end|p2a: Flutter Mane|Protosynthesis|[silent]\n|switch|p2a: Garchomp|Garchomp, F|100\/100 slp\n|move|p2b: Clefairy|Protect|p2b: Clefairy\n|-singleturn|p2b: Clefairy|Protect\n|move|p1b: Oran Berry|Mortal Spin|p2b: Clefairy|[spread] p2a\n|-activate|p2b: Clefairy|move: Protect\n|-resisted|p2a: Garchomp\n|-damage|p2a: Garchomp|99\/100 slp\n|-damage|p1b: Oran Berry|72\/100|[from] ability: Rough Skin|[of] p2a: Garchomp\n|-damage|p1b: Oran Berry|55\/100|[from] item: Rocky Helmet|[of] p2a: Garchomp\n|move|p1a: Gobba Goo|Flash Cannon|p2a: Garchomp\n|-damage|p2a: Garchomp|64\/100 slp\n|\n|-weather|Sandstorm|[upkeep]\n|-damage|p2b: Clefairy|88\/100|[from] Sandstorm\n|upkeep\n|turn|5\n|l|\u2606Pee boi happy\n|inactive|Pee boi happy disconnected and has a minute to reconnect!\n|player|p2|\n|j|\u2606Pee boi happy\n|inactive|Pee boi happy reconnected and has 110 seconds left.\n|player|p2|Pee boi happy|102\n|\n|t:|1700000240\n|switch|p1b: Nicki Minaj|Cresselia, F|83\/100 par\n|switch|p1a: Ball Guy|Amoonguss, F|99\/100\n|move|p2b: Clefairy|Protect||[still]\n|-fail|p2b: Clefairy\n|cant|p2a: Garchomp|slp\n|\n|-weather|Sandstorm|[upkeep]\n|-damage|p2b: Clefairy|82\/100|[from] Sandstorm\n|-damage|p1a: Ball Guy|94\/100|[from] Sandstorm\n|upkeep\n|turn|6\n|inactive|Pee boi happy has 120 seconds left.\n|inactive|vegetasfeet has 60 seconds left.\n|\n|t:|1700000288\n|move|p2b: Clefairy|Follow Me|p2b: Clefairy\n|-singleturn|p2b: Clefairy|move: Follow Me\n|cant|p2a: Garchomp|slp\n|move|p1b: Nicki Minaj|Psychic|p2b: Clefairy\n|-damage|p2b: Clefairy|66\/100\n|move|p1a: Ball Guy|Clear Smog|p2b: Clefairy\n|-supereffective|p2b: Clefairy\n|-damage|p2b: Clefairy|47\/100\n|-clearboost|p2b: Clefairy\n|\n|-weather|Sandstorm|[upkeep]\n|-damage|p2b: Clefairy|40\/100|[from] Sandstorm\n|-damage|p1a: Ball Guy|87\/100|[from] Sandstorm\n|-sideend|p1: vegetasfeet|Reflect\n|upkeep\n|turn|7\n|inactive|vegetasfeet has 60 seconds left.\n|\n|t:|1700000310\n|switch|p2b: Sinistcha|Sinistcha-Masterpiece|100\/100\n|-heal|p2a: Garchomp|89\/100 slp|[from] ability: Hospitality|[of] p2b: Sinistcha\n|-curestatus|p2a: Garchomp|slp|[msg]\n|move|p2a: Garchomp|Iron Head|p1a: Ball Guy\n|-damage|p1a: Ball Guy|65\/100\n|move|p1b: Nicki Minaj|Lunar Blessing|p1b: Nicki Minaj|[spread] p1a,p1b\n|-heal|p1a: Ball Guy|90\/100\n|-heal|p1b: Nicki Minaj|100\/100 par\n|-curestatus|p1b: Nicki Minaj|par|[msg]\n|move|p1a: Ball Guy|Spore|p2a: Garchomp\n|-status|p2a: Garchomp|slp|[from] move: Spore\n|\n|-weather|Sandstorm|[upkeep]\n|-damage|p2b: Sinistcha|94\/100|[from] Sandstorm\n|-damage|p1a: Ball Guy|84\/100|[from] Sandstorm\n|-heal|p2b: Sinistcha|100\/100|[from] item: Leftovers\n|upkeep\n|turn|8\n|inactive|vegetasfeet has 60 seconds left.\n|\n|t:|1700000341\n|switch|p2b: Flutter Mane|Flutter Mane|89\/100\n|switch|p1a: Trippie Redd|Tyranitar, F|100\/100\n|cant|p2a: Garchomp|slp\n|move|p1b: Nicki Minaj|Light Screen|p1b: Nicki Minaj\n|-sidestart|p1: vegetasfeet|move: Light Screen\n|\n|-weather|none\n|upkeep\n|turn|9\n|-message|Pee boi happy forfeited.\n|\n|win|vegetasfeet\n|raw|vegetasfeet's rating: 1129 &rarr; <strong>1157<\/strong><br \/>(+28 for winning)\n|raw|Pee boi happy's rating: 1170 &rarr; <strong>1142<\/strong><br \/>(-28 for losing)\n|l|\u2606Pee boi happy\n","uploadtime":1700000356,"views":6,"p1id":"vegetasfeet","p2id":"peeboihappy","formatid":"gen9doublesou","rating":1142,"private":0,"password":""}