{"id":"gen9doublesou-1991471247","p1":"sirazurill","p2":"cbender2121","format":"[Gen 9] Doubles OU","log":"|j|\u2606sirazurill\n|j|\u203dcbender2121\n|t:|1700079998\n|gametype|doubles\n|player|p1|sirazurill|bugcatcher-gen4dp|1491\n|player|p2|cbender2121|swimmerf|1604\n|teamsize|p1|6\n|teamsize|p2|6\n|gen|9\n|tier|[Gen 9] Doubles OU\n|rated|\n|rule|Species Clause: Limit one of each Pok\u00e9mon\n|rule|OHKO Clause: OHKO moves are banned\n|rule|Evasion Moves Clause: Evasion moves are banned\n|rule|Gravity Sleep Clause: The combination of sleep-inducing moves with imperfect accuracy and Gravity or Gigantamax Orbeetle are banned\n|rule|Endless Battle Clause: Forcing endless battles is banned\n|rule|HP Percentage Mod: HP is shown in percentages\n|clearpoke\n|poke|p1|Kingambit, M|\n|poke|p1|Tornadus, M|\n|poke|p1|Flutter Mane|\n|poke|p1|Landorus-Therian, M|\n|poke|p1|Ogerpon-Wellspring, F|\n|poke|p1|Heatran, F|\n|poke|p2|Hatterene, F|\n|poke|p2|Iron Hands|\n|poke|p2|Chien-Pao|\n|poke|p2|Glimmora, M|\n|poke|p2|Breloom, F|\n|poke|p2|Basculegion-F, F|\n|teampreview\n|inactive|Battle timer is ON: inactive players will automatically lose when time's up. (requested by sirazurill)\n|inactive|cbender2121 has 120 seconds left.\n|inactive|cbender2121 has 90 seconds left.\n|inactive|cbender2121 has 60 seconds left.\n|inactive|cbender2121 has 30 seconds left.\n|inactive|cbender2121 has 20 seconds left.\n|\n|t:|1700080206\n|start\n|switch|p1a: Tornadus|Tornadus, M|100\/100\n|switch|p1b: Landorus|Landorus-Therian, M|100\/100\n|switch|p2a: Hatterene|Hatterene, F|100\/100\n|switch|p2b: Iron Hands|Iron Hands|100\/100\n|-ability|p1b: Landorus|Intimidate|boost\n|-unboost|p2a: Hatterene|atk|1\n|-unboost|p2b: Iron Hands|atk|1\n|-enditem|p2b: Iron Hands|Booster Energy\n|-activate|p2b: Iron Hands|ability: Quark Drive|[fromitem]\n|-start|p2b: Iron Hands|quarkdriveatk\n|turn|1\n|\n|t:|1700080229\n|move|p2b: Iron Hands|Fake Out|p1a: Tornadus\n|-damage|p1a: Tornadus|85\/100\n|-enditem|p1a: Tornadus|Eject Button\n|\n|t:|1700080237\n|switch|p1a: Oregon-Wellspring|Ogerpon-Wellspring, F|100\/100\n|move|p1b: Landorus|Earthquake|p2b: Iron Hands|[spread] p1a,p2a,p2b\n|-resisted|p1a: Oregon-Wellspring\n|-supereffective|p2b: Iron Hands\n|-damage|p1a: Oregon-Wellspring|66\/100\n|-damage|p2a: Hatterene|25\/100\n|-damage|p2b: Iron Hands|18\/100\n|move|p2a: Hatterene|Trick Room|p2a: Hatterene\n|-fieldstart|move: Trick Room|[of] p2a: Hatterene\n|\n|upkeep\n|turn|2\n|inactive|cbender2121 has 120 seconds left.\n|inactive|cbender2121 has 90 seconds left.\n|\n|t:|1700080286\n|move|p1a: Oregon-Wellspring|Spiky Shield|p1a: Oregon-Wellspring\n|-singleturn|p1a: Oregon-Wellspring|move: Protect\n|move|p2a: Hatterene|Psychic|p1b: Landorus\n|-damage|p1b: Landorus|29\/100\n|move|p2b: Iron Hands|Wild Charge|p1a: Oregon-Wellspring\n|-activate|p1a: Oregon-Wellspring|move: Protect\n|-damage|p2b: Iron Hands|6\/100|[from] Spiky Shield|[of] p1a: Oregon-Wellspring\n|move|p1b: Landorus|Earthquake|p2a: Hatterene|[spread] p2a,p2b\n|-activate|p1a: Oregon-Wellspring|move: Protect\n|-supereffective|p2b: Iron Hands\n|-damage|p2a: Hatterene|0 fnt\n|-damage|p2b: Iron Hands|0 fnt\n|faint|p2a: Hatterene\n|faint|p2b: Iron Hands\n|-end|p2b: Iron Hands|Quark Drive|[silent]\n|\n|upkeep\n|inactive|cbender2121 has 90 seconds left.\n|\n|t:|1700080292\n|switch|p2a: Breloom|Breloom, F, shiny|100\/100\n|switch|p2b: Chien-Pao|Chien-Pao|100\/100\n|-ability|p2b: Chien-Pao|Sword of Ruin\n|turn|3\n|\n|t:|1700080318\n|move|p1a: Oregon-Wellspring|Follow Me|p1a: Oregon-Wellspring\n|-singleturn|p1a: Oregon-Wellspring|move: Follow Me\n|move|p2a: Breloom|Spore|p1a: Oregon-Wellspring\n|-immune|p1a: Oregon-Wellspring\n|move|p1b: Landorus|Earthquake|p2b: Chien-Pao|[spread] p1a,p2a,p2b\n|-resisted|p1a: Oregon-Wellspring\n|-resisted|p2a: Breloom\n|-crit|p2b: Chien-Pao\n|-damage|p1a: Oregon-Wellspring|20\/100\n|-damage|p2a: Breloom|41\/100\n|-enditem|p2b: Chien-Pao|Focus Sash\n|-damage|p2b: Chien-Pao|1\/100\n|move|p2b: Chien-Pao|Ice Spinner|p1a: Oregon-Wellspring\n|-damage|p1a: Oregon-Wellspring|0 fnt\n|faint|p1a: Oregon-Wellspring\n|\n|upkeep\n|inactive|sirazurill has 120 seconds left.\n|\n|t:|1700080342\n|switch|p1a: Tornadus|Tornadus, M|85\/100\n|turn|4\n|\n|t:|1700080351\n|move|p1a: Tornadus|Scary Face|p1b: Landorus\n|-unboost|p1b: Landorus|spe|2\n|move|p2b: Chien-Pao|Ice Shard|p1b: Landorus\n|-supereffective|p1b: Landorus\n|-damage|p1b: Landorus|0 fnt\n|faint|p1b: Landorus\n|move|p2a: Breloom|Spore|p1a: Tornadus\n|-status|p1a: Tornadus|slp|[from] move: Spore\n|\n|upkeep\n|\n|t:|1700080362\n|switch|p1b: Heatran|Heatran, F|100\/100\n|turn|5\n|\n|t:|1700080372\n|move|p1b: Heatran|Protect|p1b: Heatran\n|-singleturn|p1b: Heatran|Protect\n|cant|p1a: Tornadus|slp\n|move|p2b: Chien-Pao|Ice Shard|p1a: Tornadus\n|-supereffective|p1a: Tornadus\n|-damage|p1a: Tornadus|24\/100 slp\n|move|p2a: Breloom|Spore|p1b: Heatran\n|-activate|p1b: Heatran|move: Protect\n|\n|-fieldend|move: Trick Room\n|upkeep\n|turn|6\n|\n|t:|1700080395\n|-terastallize|p1b: Heatran|Grass\n|move|p2b: Chien-Pao|Ice Shard|p1a: Tornadus\n|-supereffective|p1a: Tornadus\n|-damage|p1a: Tornadus|0 fnt\n|faint|p1a: Tornadus\n|move|p2a: Breloom|Mach Punch|p1b: Heatran\n|-damage|p1b: Heatran|59\/100\n|move|p1b: Heatran|Heat Wave|p2b: Chien-Pao|[spread] p2a,p2b\n|-supereffective|p2a: Breloom\n|-supereffective|p2b: Chien-Pao\n|-damage|p2a: Breloom|0 fnt\n|-damage|p2b: Chien-Pao|0 fnt\n|faint|p2a: Breloom\n|faint|p2b: Chien-Pao\n|\n|-heal|p1b: Heatran|66\/100|[from] item: Leftovers\n|upkeep\n|\n|t:|1700080415\n|switch|p2b: Basculegion|Basculegion-F, F|100\/100\n|switch|p1a: Flutter Mane|Flutter Mane|100\/100\n|switch|p2a: Glimmora|Glimmora, M|100\/100\n|turn|7\n|\n|t:|1700080435\n|-terastallize|p2b: Basculegion|Ground\n|move|p2a: Glimmora|Sludge Bomb|p1b: Heatran\n|-supereffective|p1b: Heatran\n|-damage|p1b: Heatran|0 fnt\n|faint|p1b: Heatran\n|move|p2b: Basculegion|Last Respects|p1a: Flutter Mane\n|-supereffective|p1a: Flutter Mane\n|-damage|p1a: Flutter Mane|0 fnt\n|faint|p1a: Flutter Mane\n|-end|p1a: Flutter Mane|Protosynthesis|[silent]\n|\n|upkeep\n|\n|t:|1700080446\n|switch|p1b: Kingambit|Kingambit, M|100\/100\n|-activate|p1b: Kingambit|ability: Supreme Overlord\n|-start|p1b: Kingambit|fallen5|[silent]\n|turn|8\n|\n|t:|1700080452\n|move|p1b: Kingambit|Sucker Punch|p2b: Basculegion\n|-damage|p2b: Basculegion|23\/100\n|move|p2a: Glimmora|Sludge Bomb|p1b: Kingambit\n|-immune|p1b: Kingambit\n|move|p2b: Basculegion|Last Respects|p1b: Kingambit\n|-resisted|p1b: Kingambit\n|-damage|p1b: Kingambit|63\/100\n|\n|upkeep\n|turn|9\n|-message|cbender2121 forfeited.\n|\n|win|sirazurill\n|raw|sirazurill's rating: 1491 &rarr; <strong>1517<\/strong><br \/>(+26 for winning)\n|raw|cbender2121's rating: 1604 &rarr; <strong>1578<\/strong><br \/>(-26 for losing)\n|l|\u203dcbender2121\n","uploadtime":1700080476,"views":13,"p1id":"sirazurill","p2id":"cbender2121","formatid":"gen9doublesou","rating":1517,"private":0,"password":""}