{"id":"gen9doublesou-1990491363","p1":"Pratik2007","p2":"Joojosias","format":"[Gen 9] Doubles OU","log":"|j|\u2606Pratik2007\n|j|\u2606Joojosias\n|t:|1699975769\n|gametype|doubles\n|player|p1|Pratik2007|n|1588\n|player|p2|Joojosias|101|1527\n|teamsize|p1|6\n|teamsize|p2|6\n|gen|9\n|tier|[Gen 9] Doubles OU\n|rated|\n|rule|Species Clause: Limit one of each Pok\u00e9mon\n|rule|OHKO Clause: OHKO moves are banned\n|rule|Evasion Moves Clause: Evasion moves are banned\n|rule|Gravity Sleep Clause: The combination of sleep-inducing moves with imperfect accuracy and Gravity or Gigantamax Orbeetle are banned\n|rule|Endless Battle Clause: Forcing endless battles is banned\n|rule|HP Percentage Mod: HP is shown in percentages\n|clearpoke\n|poke|p1|Iron Bundle|\n|poke|p1|Ninetales-Alola, F|\n|poke|p1|Okidogi, M|\n|poke|p1|Ogerpon-Hearthflame, F|\n|poke|p1|Tornadus, M|\n|poke|p1|Flutter Mane|\n|poke|p2|Iron Bundle|\n|poke|p2|Sinistcha-Masterpiece|\n|poke|p2|Heatran, M|\n|poke|p2|Tornadus, M|\n|poke|p2|Grimmsnarl, M|\n|poke|p2|Roaring Moon|\n|teampreview\n|\n|t:|1699975783\n|start\n|switch|p1a: Tornadus|Tornadus, M|100\/100\n|switch|p1b: Okidogi|Okidogi, M|100\/100\n|switch|p2a: Grimmsnarl|Grimmsnarl, M|100\/100\n|switch|p2b: Heatran|Heatran, M|100\/100\n|turn|1\n|inactive|Battle timer is ON: inactive players will automatically lose when time's up. (requested by Joojosias)\n|\n|t:|1699975801\n|switch|p1a: Flutter Mane|Flutter Mane|100\/100\n|-enditem|p1a: Flutter Mane|Booster Energy\n|-activate|p1a: Flutter Mane|ability: Protosynthesis|[fromitem]\n|-start|p1a: Flutter Mane|protosynthesisspe\n|move|p2a: Grimmsnarl|Reflect|p2a: Grimmsnarl\n|-sidestart|p2: Joojosias|Reflect\n|move|p2b: Heatran|Earth Power|p1b: Okidogi\n|-supereffective|p1b: Okidogi\n|-crit|p1b: Okidogi\n|-damage|p1b: Okidogi|0 fnt\n|faint|p1b: Okidogi\n|\n|upkeep\n|\n|t:|1699975811\n|switch|p1b: Iron Bundle|Iron Bundle|100\/100\n|turn|2\n|\n|t:|1699975816\n|move|p2a: Grimmsnarl|Thunder Wave|p1a: Flutter Mane\n|-status|p1a: Flutter Mane|par\n|move|p1b: Iron Bundle|Hydro Pump|p2b: Heatran\n|-supereffective|p2b: Heatran\n|-damage|p2b: Heatran|0 fnt\n|faint|p2b: Heatran\n|move|p1a: Flutter Mane|Shadow Ball|p2a: Grimmsnarl\n|-resisted|p2a: Grimmsnarl\n|-damage|p2a: Grimmsnarl|78\/100\n|\n|upkeep\n|\n|t:|1699975835\n|switch|p2b: Roaring Moon|Roaring Moon|100\/100\n|turn|3\n|\n|t:|1699975858\n|-end|p1b: Iron Bundle|Quark Drive|[silent]\n|switch|p1b: Mother|Ninetales-Alola, F, shiny|100\/100\n|-weather|Snow|[from] ability: Snow Warning|[of] p1b: Mother\n|-terastallize|p2b: Roaring Moon|Fire\n|move|p2a: Grimmsnarl|Light Screen|p2a: Grimmsnarl\n|-sidestart|p2: Joojosias|move: Light Screen\n|move|p2b: Roaring Moon|Throat Chop|p1a: Flutter Mane\n|-damage|p1a: Flutter Mane|14\/100 par\n|-start|p1a: Flutter Mane|Throat Chop|[silent]\n|cant|p1a: Flutter Mane|par\n|\n|-weather|Snow|[upkeep]\n|upkeep\n|turn|4\n|\n|t:|1699975878\n|move|p2a: Grimmsnarl|Thunder Wave|p1b: Mother\n|-status|p1b: Mother|par\n|move|p2b: Roaring Moon|Throat Chop|p1a: Flutter Mane\n|-damage|p1a: Flutter Mane|0 fnt\n|faint|p1a: Flutter Mane\n|-end|p1a: Flutter Mane|Protosynthesis|[silent]\n|move|p1b: Mother|Aurora Veil|p1b: Mother\n|-sidestart|p1: Pratik2007|move: Aurora Veil\n|\n|-weather|Snow|[upkeep]\n|upkeep\n|\n|t:|1699975886\n|switch|p1a: Iron Bundle|Iron Bundle|100\/100\n|turn|5\n|\n|t:|1699975900\n|move|p2a: Grimmsnarl|Thunder Wave|p1a: Iron Bundle\n|-status|p1a: Iron Bundle|par\n|move|p2b: Roaring Moon|Tera Blast|p1a: Iron Bundle|[anim] Tera Blast Fire\n|-damage|p1a: Iron Bundle|75\/100 par\n|move|p1a: Iron Bundle|Hydro Pump|p2b: Roaring Moon\n|-supereffective|p2b: Roaring Moon\n|-damage|p2b: Roaring Moon|0 fnt\n|faint|p2b: Roaring Moon\n|-end|p2b: Roaring Moon|Protosynthesis|[silent]\n|move|p1b: Mother|Moonblast|p2a: Grimmsnarl\n|-supereffective|p2a: Grimmsnarl\n|-damage|p2a: Grimmsnarl|35\/100\n|-unboost|p2a: Grimmsnarl|spa|1\n|\n|-weather|Snow|[upkeep]\n|upkeep\n|\n|t:|1699975916\n|switch|p2b: Iron Bundle|Iron Bundle|100\/100\n|-enditem|p2b: Iron Bundle|Booster Energy\n|-activate|p2b: Iron Bundle|ability: Quark Drive|[fromitem]\n|-start|p2b: Iron Bundle|quarkdrivespe\n|turn|6\n|\n|t:|1699975932\n|move|p2b: Iron Bundle|Freeze-Dry|p1a: Iron Bundle\n|-damage|p1a: Iron Bundle|27\/100 par\n|move|p1a: Iron Bundle|Hydro Pump|p2a: Grimmsnarl\n|-damage|p2a: Grimmsnarl|0 fnt\n|faint|p2a: Grimmsnarl\n|move|p1b: Mother|Moonblast|p2b: Iron Bundle\n|-damage|p2b: Iron Bundle|60\/100\n|-unboost|p2b: Iron Bundle|spa|1\n|\n|-weather|Snow|[upkeep]\n|upkeep\n|\n|t:|1699975944\n|switch|p2a: Tornadus|Tornadus, M|100\/100\n|turn|7\n|\n|t:|1699975951\n|move|p2b: Iron Bundle|Freeze-Dry|p1a: Iron Bundle\n|-damage|p1a: Iron Bundle|0 fnt\n|faint|p1a: Iron Bundle\n|-end|p1a: Iron Bundle|Quark Drive|[silent]\n|move|p2a: Tornadus|Bleakwind Storm|p1b: Mother\n|-damage|p1b: Mother|65\/100 par\n|-unboost|p1b: Mother|spe|1\n|move|p1b: Mother|Moonblast|p2b: Iron Bundle\n|-damage|p2b: Iron Bundle|19\/100\n|\n|-weather|none\n|upkeep\n|\n|t:|1699975955\n|switch|p1a: Tornadus|Tornadus, M|100\/100\n|turn|8\n|\n|t:|1699975972\n|switch|p2a: Sinistcha|Sinistcha-Masterpiece|100\/100\n|-heal|p2b: Iron Bundle|44\/100|[from] ability: Hospitality|[of] p2a: Sinistcha\n|move|p2b: Iron Bundle|Protect|p2b: Iron Bundle\n|-singleturn|p2b: Iron Bundle|Protect\n|move|p1a: Tornadus|Tailwind|p1a: Tornadus\n|-sidestart|p1: Pratik2007|move: Tailwind\n|move|p1b: Mother|Moonblast|p2b: Iron Bundle\n|-activate|p2b: Iron Bundle|move: Protect\n|\n|-sideend|p2: Joojosias|Reflect\n|upkeep\n|turn|9\n|\n|t:|1699975996\n|-end|p2b: Iron Bundle|Quark Drive|[silent]\n|switch|p2b: Tornadus|Tornadus, M|100\/100\n|move|p1a: Tornadus|Snowscape|p1a: Tornadus\n|-weather|Snow\n|move|p1b: Mother|Blizzard|p2a: Sinistcha|[spread] p2a,p2b\n|-supereffective|p2a: Sinistcha\n|-supereffective|p2b: Tornadus\n|-damage|p2a: Sinistcha|60\/100\n|-damage|p2b: Tornadus|60\/100\n|move|p2a: Sinistcha|Matcha Gotcha|p1a: Tornadus|[spread] p1a,p1b\n|-resisted|p1a: Tornadus\n|-damage|p1a: Tornadus|91\/100\n|-heal|p2a: Sinistcha|65\/100|[from] drain|[of] p1a: Tornadus\n|-damage|p1b: Mother|49\/100 par\n|-heal|p2a: Sinistcha|73\/100|[from] drain|[of] p1b: Mother\n|\n|-weather|Snow|[upkeep]\n|-heal|p2a: Sinistcha|79\/100|[from] item: Leftovers\n|upkeep\n|turn|10\n|\n|t:|1699976014\n|switch|p1b: Ogerpon|Ogerpon-Hearthflame, F|100\/100\n|-ability|p1b: Ogerpon|Mold Breaker\n|switch|p2a: Iron Bundle|Iron Bundle|44\/100\n|move|p1a: Tornadus|Bleakwind Storm|p2b: Tornadus|[spread] p2a,p2b\n|-damage|p2a: Iron Bundle|0 fnt\n|-damage|p2b: Tornadus|38\/100\n|faint|p2a: Iron Bundle\n|-end|p2a: Iron Bundle|Quark Drive|[silent]\n|move|p2b: Tornadus|Bleakwind Storm|p1b: Ogerpon|[spread] p1b\n|-miss|p2b: Tornadus|p1a: Tornadus\n|-supereffective|p1b: Ogerpon\n|-damage|p1b: Ogerpon|38\/100\n|\n|-weather|Snow|[upkeep]\n|-sideend|p2: Joojosias|move: Light Screen\n|upkeep\n|\n|t:|1699976029\n|switch|p2a: Sinistcha|Sinistcha-Masterpiece|79\/100\n|-heal|p2b: Tornadus|63\/100|[from] ability: Hospitality|[of] p2a: Sinistcha\n|turn|11\n|\n|t:|1699976038\n|-terastallize|p1b: Ogerpon|Fire\n|detailschange|p1b: Ogerpon|Ogerpon-Hearthflame-Tera, F, tera:Fire\n|-ability|p1b: Ogerpon|Embody Aspect (Hearthflame)|boost\n|-boost|p1b: Ogerpon|atk|1\n|move|p2b: Tornadus|Protect|p2b: Tornadus\n|-singleturn|p2b: Tornadus|Protect\n|move|p2a: Sinistcha|Protect|p2a: Sinistcha\n|-singleturn|p2a: Sinistcha|Protect\n|move|p1a: Tornadus|Taunt|p2b: Tornadus\n|-activate|p2b: Tornadus|move: Protect\n|move|p1b: Ogerpon|Ivy Cudgel|p2b: Tornadus|[anim] Ivy Cudgel Fire\n|-activate|p2b: Tornadus|move: Protect\n|\n|-weather|Snow|[upkeep]\n|-heal|p2a: Sinistcha|85\/100|[from] item: Leftovers\n|-sideend|p1: Pratik2007|move: Tailwind\n|-sideend|p1: Pratik2007|move: Aurora Veil\n|upkeep\n|turn|12\n|\n|t:|1699976058\n|move|p1a: Tornadus|Tailwind|p1a: Tornadus\n|-sidestart|p1: Pratik2007|move: Tailwind\n|move|p2b: Tornadus|Tailwind|p2b: Tornadus\n|-sidestart|p2: Joojosias|move: Tailwind\n|move|p1b: Ogerpon|Ivy Cudgel|p2b: Tornadus|[anim] Ivy Cudgel Fire\n|-damage|p2b: Tornadus|0 fnt\n|faint|p2b: Tornadus\n|move|p2a: Sinistcha|Matcha Gotcha|p1b: Ogerpon|[spread] p1b\n|-miss|p2a: Sinistcha|p1a: Tornadus\n|-resisted|p1b: Ogerpon\n|-damage|p1b: Ogerpon|25\/100\n|-heal|p2a: Sinistcha|91\/100|[from] drain|[of] p1b: Ogerpon\n|\n|-weather|Snow|[upkeep]\n|-heal|p2a: Sinistcha|97\/100|[from] item: Leftovers\n|upkeep\n|turn|13\n|-message|Joojosias forfeited.\n|\n|win|Pratik2007\n|raw|Pratik2007's rating: 1588 &rarr; <strong>1605<\/strong><br \/>(+17 for winning)\n|raw|Joojosias's rating: 1527 &rarr; <strong>1510<\/strong><br \/>(-17 for losing)\n|l|\u2606Joojosias\n","uploadtime":1699976075,"views":5,"p1id":"pratik2007","p2id":"joojosias","formatid":"gen9doublesou","rating":1510,"private":0,"password":""}