{"id":"gen9doublesou-1993138740","p1":"Alabasteross","p2":"Kiky14","format":"[Gen 9] Doubles OU","log":"|j|\u2606Alabasteross\n|j|\u2606Kiky14\n|t:|1700269368\n|gametype|doubles\n|player|p1|Alabasteross|2|1291\n|player|p2|Kiky14|hilda-wonderlauncher|1396\n|teamsize|p1|6\n|teamsize|p2|6\n|gen|9\n|tier|[Gen 9] Doubles OU\n|rated|\n|rule|Species Clause: Limit one of each Pok\u00e9mon\n|rule|OHKO Clause: OHKO moves are banned\n|rule|Evasion Moves Clause: Evasion moves are banned\n|rule|Gravity Sleep Clause: The combination of sleep-inducing moves with imperfect accuracy and Gravity or Gigantamax Orbeetle are banned\n|rule|Endless Battle Clause: Forcing endless battles is banned\n|rule|HP Percentage Mod: HP is shown in percentages\n|clearpoke\n|poke|p1|Politoed, M|\n|poke|p1|Ludicolo, M|\n|poke|p1|Volcanion|\n|poke|p1|Scizor, M|\n|poke|p1|Dragonite, M|\n|poke|p1|Gliscor, M|\n|poke|p2|Sinistcha|\n|poke|p2|Iron Hands|\n|poke|p2|Arcanine-Hisui, F|\n|poke|p2|Ogerpon-Wellspring, F|\n|poke|p2|Cresselia, F|\n|poke|p2|Landorus-Therian, M|\n|teampreview\n|\n|t:|1700269396\n|start\n|switch|p1a: Politoed|Politoed, M, shiny|100\/100\n|switch|p1b: Dragonite|Dragonite, M, shiny|100\/100\n|switch|p2a: Iron Hands|Iron Hands|100\/100\n|switch|p2b: Landorus|Landorus-Therian, M|100\/100\n|-ability|p2b: Landorus|Intimidate|boost\n|-unboost|p1a: Politoed|atk|1\n|-unboost|p1b: Dragonite|atk|1\n|-weather|RainDance|[from] ability: Drizzle|[of] p1a: Politoed\n|turn|1\n|\n|t:|1700269409\n|move|p2a: Iron Hands|Fake Out|p1b: Dragonite\n|-damage|p1b: Dragonite|93\/100\n|move|p2b: Landorus|U-turn|p1a: Politoed\n|-damage|p1a: Politoed|68\/100\n|\n|t:|1700269416\n|switch|p2b: Cresselia|Cresselia, F|100\/100|[from] U-turn\n|cant|p1b: Dragonite|flinch\n|move|p1a: Politoed|Ice Beam|p2b: Cresselia\n|-damage|p2b: Cresselia|87\/100\n|\n|-weather|RainDance|[upkeep]\n|upkeep\n|turn|2\n|\n|t:|1700269444\n|-end|p2a: Iron Hands|Quark Drive|[silent]\n|switch|p2a: Arcanine|Arcanine-Hisui, F|100\/100\n|-ability|p2a: Arcanine|Intimidate|boost\n|-unboost|p1a: Politoed|atk|1\n|-unboost|p1b: Dragonite|atk|1\n|move|p1b: Dragonite|Hurricane|p2a: Arcanine\n|-resisted|p2a: Arcanine\n|-damage|p2a: Arcanine|80\/100\n|move|p2b: Cresselia|Light Screen|p2b: Cresselia\n|-sidestart|p2: Kiky14|move: Light Screen\n|move|p1a: Politoed|Ice Beam|p2b: Cresselia\n|-damage|p2b: Cresselia|77\/100\n|\n|-weather|RainDance|[upkeep]\n|-heal|p2a: Arcanine|86\/100|[from] item: Leftovers\n|upkeep\n|turn|3\n|\n|t:|1700269469\n|switch|p2a: Ogerpon|Ogerpon-Wellspring, F|100\/100\n|move|p1b: Dragonite|Thunder|p2a: Ogerpon\n|-damage|p2a: Ogerpon|82\/100\n|move|p2b: Cresselia|Icy Wind|p1b: Dragonite|[spread] p1a,p1b\n|-resisted|p1a: Politoed\n|-supereffective|p1b: Dragonite\n|-damage|p1a: Politoed|65\/100\n|-damage|p1b: Dragonite|71\/100\n|-unboost|p1a: Politoed|spe|1\n|-unboost|p1b: Dragonite|spe|1\n|move|p1a: Politoed|Surf|p2a: Ogerpon|[spread] p1b,p2b\n|-heal|p2a: Ogerpon|100\/100|[from] ability: Water Absorb|[of] p1a: Politoed\n|-resisted|p1b: Dragonite\n|-damage|p1b: Dragonite|55\/100\n|-damage|p2b: Cresselia|59\/100\n|\n|-weather|RainDance|[upkeep]\n|upkeep\n|turn|4\n|\n|t:|1700269497\n|move|p2a: Ogerpon|Leech Seed|p1a: Politoed\n|-start|p1a: Politoed|move: Leech Seed\n|move|p2b: Cresselia|Reflect|p2b: Cresselia\n|-sidestart|p2: Kiky14|Reflect\n|move|p1b: Dragonite|Hurricane|p2a: Ogerpon\n|-supereffective|p2a: Ogerpon\n|-damage|p2a: Ogerpon|46\/100\n|move|p1a: Politoed|Ice Beam|p2b: Cresselia\n|-damage|p2b: Cresselia|48\/100\n|\n|-weather|RainDance|[upkeep]\n|-damage|p1a: Politoed|53\/100|[from] Leech Seed|[of] p2a: Ogerpon\n|-heal|p2a: Ogerpon|62\/100|[silent]\n|upkeep\n|turn|5\n|\n|t:|1700269513\n|move|p2a: Ogerpon|Spiky Shield|p2a: Ogerpon\n|-singleturn|p2a: Ogerpon|move: Protect\n|move|p2b: Cresselia|Icy Wind|p1a: Politoed|[spread] p1a,p1b\n|-resisted|p1a: Politoed\n|-supereffective|p1b: Dragonite\n|-crit|p1b: Dragonite\n|-damage|p1a: Politoed|50\/100\n|-damage|p1b: Dragonite|21\/100\n|-unboost|p1a: Politoed|spe|1\n|-unboost|p1b: Dragonite|spe|1\n|move|p1b: Dragonite|Hurricane|p2a: Ogerpon\n|-activate|p2a: Ogerpon|move: Protect\n|move|p1a: Politoed|Ice Beam|p2a: Ogerpon\n|-activate|p2a: Ogerpon|move: Protect\n|\n|-weather|RainDance|[upkeep]\n|-damage|p1a: Politoed|37\/100|[from] Leech Seed|[of] p2a: Ogerpon\n|-heal|p2a: Ogerpon|77\/100|[silent]\n|upkeep\n|turn|6\n|inactive|Battle timer is ON: inactive players will automatically lose when time's up. (requested by Alabasteross)\n|\n|t:|1700269542\n|move|p2a: Ogerpon|Ivy Cudgel|p1b: Dragonite|[anim] Ivy Cudgel Water\n|-resisted|p1b: Dragonite\n|-damage|p1b: Dragonite|0 fnt\n|faint|p1b: Dragonite\n|move|p2b: Cresselia|Moonlight|p2b: Cresselia\n|-heal|p2b: Cresselia|73\/100\n|move|p1a: Politoed|Ice Beam|p2a: Ogerpon\n|-damage|p2a: Ogerpon|62\/100\n|\n|-weather|RainDance|[upkeep]\n|-damage|p1a: Politoed|25\/100|[from] Leech Seed|[of] p2a: Ogerpon\n|-heal|p2a: Ogerpon|78\/100|[silent]\n|upkeep\n|\n|t:|1700269554\n|switch|p1b: Gliscor|Gliscor, M, shiny|100\/100\n|turn|7\n|\n|t:|1700269562\n|move|p1b: Gliscor|Dual Wingbeat|p2a: Ogerpon\n|-supereffective|p2a: Ogerpon\n|-damage|p2a: Ogerpon|50\/100\n|-supereffective|p2a: Ogerpon\n|-damage|p2a: Ogerpon|20\/100\n|-hitcount|p2a: Ogerpon|2\n|move|p2a: Ogerpon|Ivy Cudgel|p1b: Gliscor|[anim] Ivy Cudgel Water\n|-supereffective|p1b: Gliscor\n|-damage|p1b: Gliscor|0 fnt\n|faint|p1b: Gliscor\n|move|p2b: Cresselia|Icy Wind|p1a: Politoed\n|-resisted|p1a: Politoed\n|-damage|p1a: Politoed|20\/100\n|-unboost|p1a: Politoed|spe|1\n|move|p1a: Politoed|Ice Beam|p2b: Cresselia\n|-damage|p2b: Cresselia|64\/100\n|-status|p2b: Cresselia|frz\n|\n|-weather|RainDance|[upkeep]\n|-damage|p1a: Politoed|8\/100|[from] Leech Seed|[of] p2a: Ogerpon\n|-heal|p2a: Ogerpon|36\/100|[silent]\n|upkeep\n|\n|t:|1700269582\n|switch|p1b: Scizor|Scizor, M, shiny|100\/100\n|turn|8\n|\n|t:|1700269598\n|move|p2a: Ogerpon|Spiky Shield|p2a: Ogerpon\n|-singleturn|p2a: Ogerpon|move: Protect\n|cant|p2b: Cresselia|frz\n|move|p1b: Scizor|Aerial Ace|p2a: Ogerpon\n|-activate|p2a: Ogerpon|move: Protect\n|-damage|p1b: Scizor|88\/100|[from] Spiky Shield|[of] p2a: Ogerpon\n|move|p1a: Politoed|Ice Beam|p2a: Ogerpon\n|-activate|p2a: Ogerpon|move: Protect\n|\n|-weather|none\n|-damage|p1a: Politoed|0 fnt|[from] Leech Seed|[of] p2a: Ogerpon\n|-heal|p2a: Ogerpon|46\/100|[silent]\n|faint|p1a: Politoed\n|upkeep\n|\n|t:|1700269602\n|switch|p1a: Ludicolo|Ludicolo, M, shiny|100\/100\n|turn|9\n|\n|t:|1700269628\n|switch|p2a: Arcanine|Arcanine-Hisui, F|86\/100\n|-ability|p2a: Arcanine|Intimidate|boost\n|-unboost|p1a: Ludicolo|atk|1\n|-unboost|p1b: Scizor|atk|1\n|-curestatus|p2b: Cresselia|frz|[msg]\n|move|p2b: Cresselia|Icy Wind|p1a: Ludicolo|[spread] p1a,p1b\n|-resisted|p1b: Scizor\n|-damage|p1a: Ludicolo|95\/100\n|-damage|p1b: Scizor|84\/100\n|-unboost|p1a: Ludicolo|spe|1\n|-unboost|p1b: Scizor|spe|1\n|move|p1a: Ludicolo|Giga Drain|p2a: Arcanine\n|-damage|p2a: Arcanine|64\/100\n|-heal|p1a: Ludicolo|100\/100|[from] drain|[of] p2a: Arcanine\n|move|p1b: Scizor|Aerial Ace|p2a: Arcanine\n|-resisted|p2a: Arcanine\n|-crit|p2a: Arcanine\n|-damage|p2a: Arcanine|37\/100\n|\n|-heal|p2a: Arcanine|43\/100|[from] item: Leftovers\n|-sideend|p2: Kiky14|move: Light Screen\n|upkeep\n|turn|10\n|\n|t:|1700269657\n|switch|p2b: Sinistcha|Sinistcha|100\/100\n|-heal|p2a: Arcanine|68\/100|[from] ability: Hospitality|[of] p2b: Sinistcha\n|move|p1b: Scizor|Bullet Punch|p2a: Arcanine\n|-damage|p2a: Arcanine|53\/100\n|move|p2a: Arcanine|Rock Slide|p1b: Scizor|[spread] p1a,p1b\n|-damage|p1a: Ludicolo|75\/100\n|-damage|p1b: Scizor|57\/100\n|move|p1a: Ludicolo|Surf|p2a: Arcanine|[spread] p1b,p2a,p2b\n|-supereffective|p2a: Arcanine\n|-resisted|p2b: Sinistcha\n|-damage|p1b: Scizor|23\/100\n|-damage|p2a: Arcanine|0 fnt\n|-damage|p2b: Sinistcha|86\/100\n|faint|p2a: Arcanine\n|\n|-heal|p2b: Sinistcha|92\/100|[from] item: Leftovers\n|upkeep\n|inactive|Kiky14 has 120 seconds left.\n|\n|t:|1700269676\n|switch|p2a: Landorus|Landorus-Therian, M|100\/100\n|-ability|p2a: Landorus|Intimidate|boost\n|-unboost|p1a: Ludicolo|atk|1\n|-unboost|p1b: Scizor|atk|1\n|turn|11\n|\n|t:|1700269687\n|move|p2a: Landorus|U-turn|p1b: Scizor\n|-resisted|p1b: Scizor\n|-damage|p1b: Scizor|10\/100\n|\n|t:|1700269691\n|switch|p2a: Ogerpon|Ogerpon-Wellspring, F|46\/100|[from] U-turn\n|move|p2b: Sinistcha|Matcha Gotcha|p1b: Scizor|[spread] p1a,p1b\n|-resisted|p1b: Scizor\n|-damage|p1a: Ludicolo|55\/100\n|-heal|p2b: Sinistcha|100\/100|[from] drain|[of] p1a: Ludicolo\n|-damage|p1b: Scizor|3\/100\n|-status|p1a: Ludicolo|brn\n|move|p1a: Ludicolo|Surf|p2a: Ogerpon|[spread] p1b,p2b\n|-heal|p2a: Ogerpon|71\/100|[from] ability: Water Absorb|[of] p1a: Ludicolo\n|-resisted|p2b: Sinistcha\n|-damage|p1b: Scizor|0 fnt\n|-damage|p2b: Sinistcha|87\/100\n|faint|p1b: Scizor\n|\n|-heal|p2b: Sinistcha|93\/100|[from] item: Leftovers\n|-damage|p1a: Ludicolo|49\/100 brn|[from] brn\n|-sideend|p2: Kiky14|Reflect\n|upkeep\n|inactive|Alabasteross has 120 seconds left.\n|c|\u2606Kiky14|Gg\n|inactive|Alabasteross has 90 seconds left.\n|\n|t:|1700269777\n|switch|p1b: Volcanion|Volcanion|100\/100\n|turn|12\n|\n|t:|1700269791\n|move|p2a: Ogerpon|Wood Hammer|p1a: Ludicolo\n|-damage|p1a: Ludicolo|0 fnt\n|faint|p1a: Ludicolo\n|-damage|p2a: Ogerpon|55\/100|[from] Recoil\n|move|p2b: Sinistcha|Matcha Gotcha|p1b: Volcanion\n|-damage|p1b: Volcanion|80\/100\n|-heal|p2b: Sinistcha|100\/100|[from] drain|[of] p1b: Volcanion\n|move|p1b: Volcanion|Flamethrower|p2b: Sinistcha\n|-supereffective|p2b: Sinistcha\n|-damage|p2b: Sinistcha|11\/100\n|\n|-heal|p2b: Sinistcha|18\/100|[from] item: Leftovers\n|upkeep\n|turn|13\n|\n|t:|1700269812\n|move|p2a: Ogerpon|Wood Hammer|p1b: Volcanion\n|-damage|p1b: Volcanion|34\/100\n|-damage|p2a: Ogerpon|36\/100|[from] Recoil\n|move|p1b: Volcanion|Flamethrower|p2b: Sinistcha\n|-supereffective|p2b: Sinistcha\n|-damage|p2b: Sinistcha|0 fnt\n|faint|p2b: Sinistcha\n|\n|upkeep\n|\n|t:|1700269818\n|switch|p2b: Landorus|Landorus-Therian, M|100\/100\n|-ability|p2b: Landorus|Intimidate|boost\n|-unboost|p1b: Volcanion|atk|1\n|turn|14\n|\n|t:|1700269823\n|switch|p2a: Cresselia|Cresselia, F|64\/100\n|move|p2b: Landorus|Earthquake|p1b: Volcanion|[spread] p1b\n|-immune|p2a: Cresselia|[from] ability: Levitate\n|-supereffective|p1b: Volcanion\n|-damage|p1b: Volcanion|0 fnt\n|faint|p1b: Volcanion\n|\n|win|Kiky14\n|raw|Alabasteross's rating: 1291 &rarr; <strong>1273<\/strong><br \/>(-18 for losing)\n|raw|Kiky14's rating: 1396 &rarr; <strong>1410<\/strong><br \/>(+14 for winning)\n|l|\u2606Alabasteross\n","uploadtime":1700270021,"views":6,"p1id":"alabasteross","p2id":"kiky14","formatid":"gen9doublesou","rating":1273,"private":0,"password":""}