{"id":"gen9doublesou-1985261507","p1":"80lpos31don","p2":"SuperAndroid99","format":"[Gen 9] Doubles OU","log":"|j|\u260680lpos31don\n|j|\u2606SuperAndroid99\n|t:|1699356940\n|gametype|doubles\n|player|p1|80lpos31don|169|1321\n|player|p2|SuperAndroid99|gambler|1332\n|teamsize|p1|6\n|teamsize|p2|6\n|gen|9\n|tier|[Gen 9] Doubles OU\n|rated|\n|rule|Species Clause: Limit one of each Pok\u00e9mon\n|rule|OHKO Clause: OHKO moves are banned\n|rule|Evasion Moves Clause: Evasion moves are banned\n|rule|Gravity Sleep Clause: The combination of sleep-inducing moves with imperfect accuracy and Gravity or Gigantamax Orbeetle are banned\n|rule|Endless Battle Clause: Forcing endless battles is banned\n|rule|HP Percentage Mod: HP is shown in percentages\n|clearpoke\n|poke|p1|Murkrow, F|\n|poke|p1|Torkoal, M|\n|poke|p1|Typhlosion-Hisui, F|\n|poke|p1|Arcanine-Hisui, M|\n|poke|p1|Walking Wake|\n|poke|p1|Zoroark-Hisui, M|\n|poke|p2|Bronzong|\n|poke|p2|Iron Hands|\n|poke|p2|Kingambit, F|\n|poke|p2|Skeledirge, F|\n|poke|p2|Flutter Mane|\n|poke|p2|Samurott-Hisui, M|\n|teampreview\n|inactive|Battle timer is ON: inactive players will automatically lose when time's up. (requested by 80lpos31don)\n|c|\u2606SuperAndroid99|Deja Vu\n|\n|t:|1699356986\n|start\n|switch|p1a: Murkrow|Murkrow, F|100\/100\n|switch|p1b: Walking Wake|Walking Wake|100\/100\n|switch|p2a: Samurott|Samurott-Hisui, M|100\/100\n|switch|p2b: Bronzong|Bronzong, shiny|100\/100\n|turn|1\n|\n|t:|1699357003\n|move|p2b: Bronzong|Protect|p2b: Bronzong\n|-singleturn|p2b: Bronzong|Protect\n|move|p1a: Murkrow|Tailwind|p1a: Murkrow\n|-sidestart|p1: 80lpos31don|move: Tailwind\n|move|p1b: Walking Wake|Icy Wind|p2b: Bronzong|[spread] p2a\n|-activate|p2b: Bronzong|move: Protect\n|-resisted|p2a: Samurott\n|-damage|p2a: Samurott|90\/100\n|-unboost|p2a: Samurott|spe|1\n|move|p2a: Samurott|Ceaseless Edge|p1b: Walking Wake\n|-supereffective|p1b: Walking Wake\n|-damage|p1b: Walking Wake|0 fnt\n|replace|p1b: Zoroark|Zoroark-Hisui, M, shiny\n|-end|p1b: Zoroark|Illusion\n|-sidestart|p1: 80lpos31don|Spikes\n|faint|p1b: Zoroark\n|\n|upkeep\n|\n|t:|1699357020\n|switch|p1b: Torkoal|Torkoal, M|100\/100\n|-damage|p1b: Torkoal|88\/100|[from] Spikes\n|-weather|SunnyDay|[from] ability: Drought|[of] p1b: Torkoal\n|turn|2\n|inactive|SuperAndroid99 has 120 seconds left.\n|\n|t:|1699357051\n|move|p1a: Murkrow|Taunt|p2b: Bronzong\n|-start|p2b: Bronzong|move: Taunt\n|move|p2a: Samurott|Razor Shell|p1b: Torkoal\n|-supereffective|p1b: Torkoal\n|-damage|p1b: Torkoal|55\/100\n|move|p1b: Torkoal|Body Press|p2a: Samurott\n|-supereffective|p2a: Samurott\n|-damage|p2a: Samurott|14\/100\n|cant|p2b: Bronzong|move: Taunt|Trick Room\n|\n|-weather|SunnyDay|[upkeep]\n|upkeep\n|turn|3\n|\n|t:|1699357072\n|move|p1a: Murkrow|Foul Play|p2a: Samurott\n|-resisted|p2a: Samurott\n|-crit|p2a: Samurott\n|-damage|p2a: Samurott|0 fnt\n|faint|p2a: Samurott\n|move|p1b: Torkoal|Stealth Rock|p2b: Bronzong\n|-sidestart|p2: SuperAndroid99|move: Stealth Rock\n|move|p2b: Bronzong|Heavy Slam|p1a: Murkrow\n|-damage|p1a: Murkrow|61\/100\n|\n|-weather|SunnyDay|[upkeep]\n|upkeep\n|\n|t:|1699357092\n|switch|p2a: Flutter Mane|Flutter Mane|100\/100\n|-damage|p2a: Flutter Mane|88\/100|[from] Stealth Rock\n|-activate|p2a: Flutter Mane|ability: Protosynthesis\n|-start|p2a: Flutter Mane|protosynthesisspe\n|turn|4\n|\n|t:|1699357107\n|switch|p2b: Iron Hands|Iron Hands|100\/100\n|-damage|p2b: Iron Hands|94\/100|[from] Stealth Rock\n|move|p2a: Flutter Mane|Power Gem|p1b: Torkoal\n|-supereffective|p1b: Torkoal\n|-damage|p1b: Torkoal|0 fnt\n|faint|p1b: Torkoal\n|move|p1a: Murkrow|Foul Play|p2a: Flutter Mane\n|-damage|p2a: Flutter Mane|67\/100\n|\n|-weather|SunnyDay|[upkeep]\n|-sideend|p1: 80lpos31don|move: Tailwind\n|upkeep\n|\n|t:|1699357120\n|switch|p1b: Typhlosion|Typhlosion-Hisui, F, shiny|100\/100\n|-damage|p1b: Typhlosion|88\/100|[from] Spikes\n|-item|p2a: Flutter Mane|Choice Specs|[from] ability: Frisk|[of] p1b: Typhlosion|[identify]\n|-item|p2b: Iron Hands|Assault Vest|[from] ability: Frisk|[of] p1b: Typhlosion|[identify]\n|turn|5\n|\n|t:|1699357144\n|-terastallize|p1b: Typhlosion|Fire\n|move|p2b: Iron Hands|Fake Out|p1a: Murkrow\n|-damage|p1a: Murkrow|41\/100\n|cant|p1a: Murkrow|flinch\n|move|p2a: Flutter Mane|Power Gem|p1b: Typhlosion\n|-supereffective|p1b: Typhlosion\n|-damage|p1b: Typhlosion|0 fnt\n|faint|p1b: Typhlosion\n|\n|-weather|SunnyDay|[upkeep]\n|upkeep\n|\n|t:|1699357163\n|switch|p1b: Walking Wake|Walking Wake|100\/100\n|-damage|p1b: Walking Wake|88\/100|[from] Spikes\n|-activate|p1b: Walking Wake|ability: Protosynthesis\n|-start|p1b: Walking Wake|protosynthesisspa\n|turn|6\n|\n|t:|1699357174\n|move|p1a: Murkrow|Tailwind|p1a: Murkrow\n|-sidestart|p1: 80lpos31don|move: Tailwind\n|move|p1b: Walking Wake|Hydro Steam|p2a: Flutter Mane\n|-damage|p2a: Flutter Mane|0 fnt\n|faint|p2a: Flutter Mane\n|-end|p2a: Flutter Mane|Protosynthesis|[silent]\n|move|p2b: Iron Hands|Wild Charge|p1b: Walking Wake\n|-damage|p1b: Walking Wake|30\/100\n|-damage|p2b: Iron Hands|85\/100|[from] Recoil\n|\n|-weather|SunnyDay|[upkeep]\n|upkeep\n|\n|t:|1699357184\n|switch|p2a: Bronzong|Bronzong, shiny|100\/100\n|-damage|p2a: Bronzong|94\/100|[from] Stealth Rock\n|turn|7\n|\n|t:|1699357198\n|move|p2a: Bronzong|Protect|p2a: Bronzong\n|-singleturn|p2a: Bronzong|Protect\n|move|p1a: Murkrow|Taunt|p2a: Bronzong\n|-activate|p2a: Bronzong|move: Protect\n|move|p1b: Walking Wake|Hydro Steam|p2b: Iron Hands\n|-damage|p2b: Iron Hands|30\/100\n|move|p2b: Iron Hands|Wild Charge|p1a: Murkrow\n|-supereffective|p1a: Murkrow\n|-damage|p1a: Murkrow|0 fnt\n|faint|p1a: Murkrow\n|-damage|p2b: Iron Hands|24\/100|[from] Recoil\n|\n|-weather|SunnyDay|[upkeep]\n|upkeep\n|\n|t:|1699357207\n|switch|p1a: Arcanine|Arcanine-Hisui, M, shiny|100\/100\n|-damage|p1a: Arcanine|88\/100|[from] Spikes\n|-ability|p1a: Arcanine|Intimidate|boost\n|-unboost|p2a: Bronzong|atk|1\n|-unboost|p2b: Iron Hands|atk|1\n|turn|8\n|\n|t:|1699357222\n|move|p1b: Walking Wake|Hydro Steam|p2b: Iron Hands\n|-damage|p2b: Iron Hands|0 fnt\n|faint|p2b: Iron Hands\n|-end|p2b: Iron Hands|Quark Drive|[silent]\n|move|p1a: Arcanine|Flare Blitz|p2a: Bronzong\n|-supereffective|p2a: Bronzong\n|-damage|p2a: Bronzong|0 fnt\n|faint|p2a: Bronzong\n|-damage|p1a: Arcanine|56\/100|[from] Recoil\n|\n|-weather|SunnyDay|[upkeep]\n|upkeep\n|\n|t:|1699357231\n|switch|p2b: Skeledirge|Skeledirge, F, shiny|100\/100\n|switch|p2a: Kingambit|Kingambit, F, shiny|100\/100\n|-damage|p2b: Skeledirge|75\/100|[from] Stealth Rock\n|-damage|p2a: Kingambit|94\/100|[from] Stealth Rock\n|-activate|p2a: Kingambit|ability: Supreme Overlord\n|-start|p2a: Kingambit|fallen4|[silent]\n|turn|9\n|\n|t:|1699357246\n|move|p2a: Kingambit|Sucker Punch|p1b: Walking Wake\n|-damage|p1b: Walking Wake|0 fnt\n|faint|p1b: Walking Wake\n|-end|p1b: Walking Wake|Protosynthesis|[silent]\n|-damage|p2a: Kingambit|84\/100|[from] item: Life Orb\n|move|p1a: Arcanine|Flare Blitz|p2a: Kingambit\n|-supereffective|p2a: Kingambit\n|-damage|p2a: Kingambit|0 fnt\n|faint|p2a: Kingambit\n|-end|p2a: Kingambit|fallen4|[silent]\n|-damage|p1a: Arcanine|23\/100|[from] Recoil\n|move|p2b: Skeledirge|Hex|p1a: Arcanine\n|-damage|p1a: Arcanine|0 fnt\n|faint|p1a: Arcanine\n|\n|win|SuperAndroid99\n|raw|80lpos31don's rating: 1321 &rarr; <strong>1302<\/strong><br \/>(-19 for losing)\n|raw|SuperAndroid99's rating: 1332 &rarr; <strong>1351<\/strong><br \/>(+19 for winning)\n|l|\u260680lpos31don\n","uploadtime":1699357276,"views":8,"p1id":"80lpos31don","p2id":"superandroid99","formatid":"gen9doublesou","rating":1302,"private":0,"password":""}