{"id":"gen9doublesou-1997594500","p1":"rrrrrerrrr","p2":"DreadfulBuns","format":"[Gen 9] Doubles OU","log":"|j|\u2606rrrrrerrrr\n|j|\u2606DreadfulBuns\n|t:|1700830536\n|gametype|doubles\n|player|p1|rrrrrerrrr|hilbert|1042\n|player|p2|DreadfulBuns|diamondclanmember|1056\n|teamsize|p1|6\n|teamsize|p2|6\n|gen|9\n|tier|[Gen 9] Doubles OU\n|rated|\n|rule|Species Clause: Limit one of each Pok\u00e9mon\n|rule|OHKO Clause: OHKO moves are banned\n|rule|Evasion Moves Clause: Evasion moves are banned\n|rule|Gravity Sleep Clause: The combination of sleep-inducing moves with imperfect accuracy and Gravity or Gigantamax Orbeetle are banned\n|rule|Endless Battle Clause: Forcing endless battles is banned\n|rule|HP Percentage Mod: HP is shown in percentages\n|clearpoke\n|poke|p1|Rillaboom, F|\n|poke|p1|Sneasler, M|\n|poke|p1|Indeedee-F, F|\n|poke|p1|Armarouge, F|\n|poke|p1|Slaking, F|\n|poke|p1|Weezing-Galar, M|\n|poke|p2|Grimmsnarl, M|\n|poke|p2|Pincurchin, F|\n|poke|p2|Iron Valiant|\n|poke|p2|Iron Hands|\n|poke|p2|Iron Leaves|\n|poke|p2|Iron Bundle|\n|teampreview\n|inactive|Battle timer is ON: inactive players will automatically lose when time's up. (requested by rrrrrerrrr)\n|\n|t:|1700830543\n|start\n|switch|p1a: Weezing|Weezing-Galar, M|100\/100\n|switch|p1b: Rillaboom|Rillaboom, F|100\/100\n|switch|p2a: Grimmsnarl|Grimmsnarl, M|100\/100\n|switch|p2b: Iron Hands|Iron Hands|100\/100\n|-ability|p1a: Weezing|Neutralizing Gas\n|turn|1\n|inactive|DreadfulBuns has 120 seconds left.\n|c|\u2606rrrrrerrrr|Misclick\n|\n|t:|1700830594\n|move|p2b: Iron Hands|Fake Out|p1b: Rillaboom\n|-damage|p1b: Rillaboom|83\/100\n|cant|p1b: Rillaboom|flinch\n|move|p1a: Weezing|Toxic|p2b: Iron Hands\n|-status|p2b: Iron Hands|tox\n|move|p2a: Grimmsnarl|Taunt|p1a: Weezing\n|-start|p1a: Weezing|move: Taunt\n|\n|-damage|p2b: Iron Hands|94\/100 tox|[from] psn\n|upkeep\n|turn|2\n|inactive|DreadfulBuns has 120 seconds left.\n|c|\u2606rrrrrerrrr|I may lose\n|c|\u2606DreadfulBuns|Idk man\n|inactive|DreadfulBuns has 90 seconds left.\n|inactive|DreadfulBuns has 60 seconds left.\n|\n|t:|1700830660\n|switch|p1b: Slaking|Slaking, F|100\/100\n|move|p2a: Grimmsnarl|Reflect|p2a: Grimmsnarl\n|-sidestart|p2: DreadfulBuns|Reflect\n|move|p1a: Weezing|Clear Smog|p2a: Grimmsnarl\n|-supereffective|p2a: Grimmsnarl\n|-damage|p2a: Grimmsnarl|68\/100\n|-clearboost|p2a: Grimmsnarl\n|move|p2b: Iron Hands|Heavy Slam|p1b: Slaking\n|-damage|p1b: Slaking|82\/100\n|\n|-damage|p2b: Iron Hands|82\/100 tox|[from] psn\n|upkeep\n|turn|3\n|inactive|DreadfulBuns has 60 seconds left.\n|inactive|rrrrrerrrr has 120 seconds left.\n|\n|t:|1700830699\n|move|p1b: Slaking|Drain Punch|p2a: Grimmsnarl\n|-damage|p2a: Grimmsnarl|48\/100\n|-heal|p1b: Slaking|91\/100|[from] drain|[of] p2a: Grimmsnarl\n|move|p2a: Grimmsnarl|Light Screen|p2a: Grimmsnarl\n|-sidestart|p2: DreadfulBuns|move: Light Screen\n|move|p1a: Weezing|Clear Smog|p2a: Grimmsnarl\n|-supereffective|p2a: Grimmsnarl\n|-damage|p2a: Grimmsnarl|26\/100\n|-clearboost|p2a: Grimmsnarl\n|move|p2b: Iron Hands|Drain Punch|p1b: Slaking\n|-supereffective|p1b: Slaking\n|-damage|p1b: Slaking|18\/100\n|-heal|p2b: Iron Hands|100\/100 tox|[from] drain|[of] p1b: Slaking\n|\n|-damage|p2b: Iron Hands|82\/100 tox|[from] psn\n|upkeep\n|turn|4\n|inactive|DreadfulBuns has 60 seconds left.\n|inactive|DreadfulBuns has 30 seconds left.\n|inactive|DreadfulBuns has 20 seconds left.\n|\n|t:|1700830766\n|move|p1b: Slaking|Earthquake|p2a: Grimmsnarl|[spread] p1a,p2a,p2b\n|-supereffective|p1a: Weezing\n|-supereffective|p2b: Iron Hands\n|-damage|p1a: Weezing|32\/100\n|-damage|p2a: Grimmsnarl|5\/100\n|-damage|p2b: Iron Hands|50\/100 tox\n|move|p1a: Weezing|Clear Smog|p2a: Grimmsnarl\n|-supereffective|p2a: Grimmsnarl\n|-damage|p2a: Grimmsnarl|0 fnt\n|-clearboost|p2a: Grimmsnarl\n|faint|p2a: Grimmsnarl\n|move|p2b: Iron Hands|Heavy Slam|p1a: Weezing\n|-supereffective|p1a: Weezing\n|-damage|p1a: Weezing|0 fnt\n|faint|p1a: Weezing\n|-end|p1a: Weezing|ability: Neutralizing Gas\n|\n|-damage|p2b: Iron Hands|26\/100 tox|[from] psn\n|upkeep\n|inactive|DreadfulBuns has 30 seconds left.\n|inactive|rrrrrerrrr has 120 seconds left.\n|\n|t:|1700830797\n|switch|p2a: Pincurchin|Pincurchin, F|100\/100\n|switch|p1a: Sneasler|Sneasler, M|100\/100\n|-fieldstart|move: Electric Terrain|[from] ability: Electric Surge|[of] p2a: Pincurchin\n|-activate|p2b: Iron Hands|ability: Quark Drive\n|-start|p2b: Iron Hands|quarkdriveatk\n|turn|5\n|inactive|DreadfulBuns has 30 seconds left.\n|inactive|DreadfulBuns has 20 seconds left.\n|\n|t:|1700830835\n|switch|p1b: Rillaboom|Rillaboom, F|83\/100\n|-fieldstart|move: Grassy Terrain|[from] ability: Grassy Surge|[of] p1b: Rillaboom\n|-enditem|p1a: Sneasler|Grassy Seed\n|-boost|p1a: Sneasler|def|1|[from] item: Grassy Seed\n|-end|p2b: Iron Hands|Quark Drive\n|move|p1a: Sneasler|Acrobatics|p2b: Iron Hands\n|-damage|p2b: Iron Hands|10\/100 tox\n|move|p2b: Iron Hands|Heavy Slam|p1a: Sneasler\n|-damage|p1a: Sneasler|50\/100\n|move|p2a: Pincurchin|Zing Zap|p1a: Sneasler\n|-damage|p1a: Sneasler|22\/100\n|\n|-heal|p1a: Sneasler|28\/100|[from] Grassy Terrain\n|-heal|p1b: Rillaboom|89\/100|[from] Grassy Terrain\n|-heal|p2b: Iron Hands|16\/100 tox|[from] Grassy Terrain\n|-damage|p2b: Iron Hands|0 fnt|[from] psn\n|faint|p2b: Iron Hands\n|-end|p2b: Iron Hands|Quark Drive|[silent]\n|upkeep\n|inactive|DreadfulBuns has 25 seconds left this turn.\n|inactive|DreadfulBuns has 20 seconds left.\n|inactive|DreadfulBuns has 15 seconds left.\n|inactive|DreadfulBuns has 10 seconds left.\n|inactive|DreadfulBuns has 5 seconds left.\n|\n|t:|1700830856\n|switch|p2b: Iron Bundle|Iron Bundle|100\/100\n|turn|6\n|inactive|DreadfulBuns has 30 seconds left this turn.\n|inactive|DreadfulBuns has 20 seconds left.\n|\n|t:|1700830877\n|move|p1b: Rillaboom|Grassy Glide|p2b: Iron Bundle\n|-supereffective|p2b: Iron Bundle\n|-damage|p2b: Iron Bundle|10\/100\n|move|p1a: Sneasler|Dire Claw|p2a: Pincurchin\n|-damage|p2a: Pincurchin|76\/100\n|-status|p2a: Pincurchin|slp\n|move|p2b: Iron Bundle|Icy Wind|p1b: Rillaboom|[spread] p1a,p1b\n|-supereffective|p1b: Rillaboom\n|-damage|p1a: Sneasler|0 fnt\n|-damage|p1b: Rillaboom|16\/100\n|-unboost|p1b: Rillaboom|spe|1\n|faint|p1a: Sneasler\n|-damage|p2b: Iron Bundle|0 fnt|[from] item: Life Orb\n|faint|p2b: Iron Bundle\n|-end|p2b: Iron Bundle|Quark Drive|[silent]\n|cant|p2a: Pincurchin|slp\n|\n|-heal|p1b: Rillaboom|22\/100|[from] Grassy Terrain\n|-heal|p2a: Pincurchin|82\/100 slp|[from] Grassy Terrain\n|upkeep\n|inactive|DreadfulBuns has 30 seconds left.\n|\n|t:|1700830901\n|switch|p2b: Iron Valiant|Iron Valiant, shiny|100\/100\n|switch|p1a: Indeedee|Indeedee-F, F|100\/100\n|-fieldstart|move: Psychic Terrain|[from] ability: Psychic Surge|[of] p1a: Indeedee\n|-enditem|p1a: Indeedee|Psychic Seed\n|-boost|p1a: Indeedee|spd|1|[from] item: Psychic Seed\n|turn|7\n|inactive|DreadfulBuns has 30 seconds left.\n|inactive|DreadfulBuns has 20 seconds left.\n|\n|t:|1700830932\n|switch|p1b: Armarouge|Armarouge, F|100\/100\n|switch|p2a: Iron Leaves|Iron Leaves|100\/100\n|move|p1a: Indeedee|Follow Me|p1a: Indeedee\n|-singleturn|p1a: Indeedee|move: Follow Me\n|move|p2b: Iron Valiant|Close Combat|p1a: Indeedee\n|-damage|p1a: Indeedee|0 fnt\n|-unboost|p2b: Iron Valiant|def|1\n|-unboost|p2b: Iron Valiant|spd|1\n|faint|p1a: Indeedee\n|-damage|p2b: Iron Valiant|91\/100|[from] item: Life Orb\n|\n|upkeep\n|inactive|DreadfulBuns has 25 seconds left this turn.\n|\n|t:|1700830954\n|switch|p1a: Slaking|Slaking, F|18\/100\n|turn|8\n|\n|t:|1700830969\n|-end|p2b: Iron Valiant|Quark Drive|[silent]\n|switch|p2b: Pincurchin|Pincurchin, F|82\/100 slp\n|-fieldstart|move: Electric Terrain|[from] ability: Electric Surge|[of] p2b: Pincurchin\n|-activate|p2a: Iron Leaves|ability: Quark Drive\n|-start|p2a: Iron Leaves|quarkdriveatk\n|-terastallize|p1b: Armarouge|Psychic\n|move|p1b: Armarouge|Expanding Force|p2b: Pincurchin\n|-damage|p2b: Pincurchin|38\/100 slp\n|move|p2a: Iron Leaves|Close Combat|p1a: Slaking\n|-supereffective|p1a: Slaking\n|-damage|p1a: Slaking|0 fnt\n|-unboost|p2a: Iron Leaves|def|1\n|-unboost|p2a: Iron Leaves|spd|1\n|faint|p1a: Slaking\n|\n|upkeep\n|\n|t:|1700830986\n|switch|p1a: Rillaboom|Rillaboom, F|22\/100\n|-fieldstart|move: Grassy Terrain|[from] ability: Grassy Surge|[of] p1a: Rillaboom\n|-end|p2a: Iron Leaves|Quark Drive\n|turn|9\n|inactive|DreadfulBuns has 60 seconds left.\n|\n|t:|1700831010\n|move|p1a: Rillaboom|Grassy Glide|p2b: Pincurchin\n|-damage|p2b: Pincurchin|8\/100 slp\n|move|p1b: Armarouge|Expanding Force|p2a: Iron Leaves\n|-resisted|p2a: Iron Leaves\n|-damage|p2a: Iron Leaves|77\/100\n|move|p2a: Iron Leaves|Close Combat|p1a: Rillaboom\n|-damage|p1a: Rillaboom|0 fnt\n|-unboost|p2a: Iron Leaves|def|1\n|-unboost|p2a: Iron Leaves|spd|1\n|faint|p1a: Rillaboom\n|cant|p2b: Pincurchin|slp\n|\n|-heal|p2a: Iron Leaves|83\/100|[from] Grassy Terrain\n|-heal|p2b: Pincurchin|14\/100 slp|[from] Grassy Terrain\n|-sideend|p2: DreadfulBuns|Reflect\n|upkeep\n|turn|10\n|inactive|DreadfulBuns has 60 seconds left.\n|\n|t:|1700831032\n|switch|p2b: Iron Valiant|Iron Valiant, shiny|91\/100\n|move|p1b: Armarouge|Expanding Force|p2b: Iron Valiant\n|-supereffective|p2b: Iron Valiant\n|-damage|p2b: Iron Valiant|0 fnt\n|faint|p2b: Iron Valiant\n|-end|p2b: Iron Valiant|Quark Drive|[silent]\n|move|p2a: Iron Leaves|Night Slash|p1b: Armarouge\n|-supereffective|p1b: Armarouge\n|-damage|p1b: Armarouge|46\/100\n|\n|-heal|p1b: Armarouge|53\/100|[from] Grassy Terrain\n|-heal|p2a: Iron Leaves|89\/100|[from] Grassy Terrain\n|-sideend|p2: DreadfulBuns|move: Light Screen\n|upkeep\n|\n|t:|1700831045\n|switch|p2b: Pincurchin|Pincurchin, F|14\/100 slp\n|-fieldstart|move: Electric Terrain|[from] ability: Electric Surge|[of] p2b: Pincurchin\n|-activate|p2a: Iron Leaves|ability: Quark Drive\n|-start|p2a: Iron Leaves|quarkdriveatk\n|turn|11\n|inactive|DreadfulBuns has 60 seconds left.\n|\n|t:|1700831063\n|move|p1b: Armarouge|Expanding Force|p2a: Iron Leaves\n|-resisted|p2a: Iron Leaves\n|-damage|p2a: Iron Leaves|42\/100\n|move|p2a: Iron Leaves|Night Slash|p1b: Armarouge\n|-supereffective|p1b: Armarouge\n|-damage|p1b: Armarouge|0 fnt\n|faint|p1b: Armarouge\n|\n|win|DreadfulBuns\n|raw|rrrrrerrrr's rating: 1042 &rarr; <strong>1026<\/strong><br \/>(-16 for losing)\n|raw|DreadfulBuns's rating: 1056 &rarr; <strong>1086<\/strong><br \/>(+30 for winning)\n|l|\u2606rrrrrerrrr\n|c|\u2606DreadfulBuns|GG\n","uploadtime":1700831088,"views":7,"p1id":"rrrrrerrrr","p2id":"dreadfulbuns","formatid":"gen9doublesou","rating":1026,"private":0,"password":""}