{"id":"gen9doublesou-1980848911","p1":"DaQuanLol","p2":"Mr.X&Y97","format":"[Gen 9] Doubles OU","log":"|j|\u2606DaQuanLol\n|j|\u2606Mr.X&Y97\n|t:|1698842019\n|gametype|doubles\n|player|p1|DaQuanLol|ghetsis|1528\n|player|p2|Mr.X&Y97|ingo|1600\n|teamsize|p1|6\n|teamsize|p2|6\n|gen|9\n|tier|[Gen 9] Doubles OU\n|rated|\n|rule|Species Clause: Limit one of each Pok\u00e9mon\n|rule|OHKO Clause: OHKO moves are banned\n|rule|Evasion Moves Clause: Evasion moves are banned\n|rule|Gravity Sleep Clause: The combination of sleep-inducing moves with imperfect accuracy and Gravity or Gigantamax Orbeetle are banned\n|rule|Endless Battle Clause: Forcing endless battles is banned\n|rule|HP Percentage Mod: HP is shown in percentages\n|clearpoke\n|poke|p1|Chien-Pao|\n|poke|p1|Flutter Mane|\n|poke|p1|Tornadus, M|\n|poke|p1|Arcanine-Hisui, M|\n|poke|p1|Iron Hands, L99|\n|poke|p1|Ogerpon-Wellspring, F|\n|poke|p2|Armarouge, M|\n|poke|p2|Indeedee-F, F|\n|poke|p2|Stonjourner, F|\n|poke|p2|Abomasnow, M|\n|poke|p2|Kingambit, M|\n|poke|p2|Chien-Pao|\n|teampreview\n|inactive|Battle timer is ON: inactive players will automatically lose when time's up. (requested by Mr.X&Y97)\n|\n|t:|1698842029\n|start\n|switch|p1a: Arcanine|Arcanine-Hisui, M, shiny|100\/100\n|switch|p1b: Flutter Mane|Flutter Mane|100\/100\n|switch|p2a: Amelia Bedelia|Indeedee-F, F|100\/100\n|switch|p2b: Weasel|Chien-Pao|100\/100\n|-ability|p2b: Weasel|Sword of Ruin\n|-fieldstart|move: Psychic Terrain|[from] ability: Psychic Surge|[of] p2a: Amelia Bedelia\n|turn|1\n|c|\u2606DaQuanLol|more trick room armarouge\n|\n|t:|1698842055\n|-terastallize|p1b: Flutter Mane|Fairy\n|move|p2a: Amelia Bedelia|Follow Me|p2a: Amelia Bedelia\n|-singleturn|p2a: Amelia Bedelia|move: Follow Me\n|move|p1b: Flutter Mane|Dazzling Gleam|p2a: Amelia Bedelia|[spread] p2a,p2b\n|-supereffective|p2b: Weasel\n|-damage|p2a: Amelia Bedelia|45\/100\n|-enditem|p2b: Weasel|Focus Sash\n|-damage|p2b: Weasel|1\/100\n|move|p2b: Weasel|Sacred Sword|p1a: Arcanine\n|-supereffective|p1a: Arcanine\n|-damage|p1a: Arcanine|0 fnt\n|faint|p1a: Arcanine\n|\n|upkeep\n|\n|t:|1698842067\n|switch|p1a: Tornadus|Tornadus, M|100\/100\n|turn|2\n|inactive|Mr.X&Y97 has 120 seconds left.\n|\n|t:|1698842097\n|move|p1a: Tornadus|Tailwind|p1a: Tornadus\n|-sidestart|p1: DaQuanLol|move: Tailwind\n|move|p1b: Flutter Mane|Dazzling Gleam|p2a: Amelia Bedelia|[spread] p2a,p2b\n|-supereffective|p2b: Weasel\n|-damage|p2a: Amelia Bedelia|0 fnt\n|-damage|p2b: Weasel|0 fnt\n|faint|p2a: Amelia Bedelia\n|faint|p2b: Weasel\n|\n|upkeep\n|inactive|Mr.X&Y97 has 120 seconds left.\n|\n|t:|1698842102\n|switch|p2b: Mega Man X|Armarouge, M|100\/100\n|switch|p2a: Stoney J.|Stonjourner, F|100\/100\n|turn|3\n|\n|t:|1698842115\n|move|p2a: Stoney J.|Wide Guard|p2a: Stoney J.\n|-singleturn|p2a: Stoney J.|Wide Guard\n|move|p1b: Flutter Mane|Dazzling Gleam|p2a: Stoney J.|[spread] \n|-activate|p2a: Stoney J.|move: Wide Guard\n|-activate|p2b: Mega Man X|move: Wide Guard\n|move|p1a: Tornadus|Sludge Bomb|p2b: Mega Man X\n|-damage|p2b: Mega Man X|69\/100\n|-status|p2b: Mega Man X|psn\n|move|p2b: Mega Man X|Trick Room|p2b: Mega Man X\n|-fieldstart|move: Trick Room|[of] p2b: Mega Man X\n|\n|-damage|p2b: Mega Man X|57\/100 psn|[from] psn\n|upkeep\n|turn|4\n|\n|t:|1698842130\n|switch|p1a: Iron Hands|Iron Hands, L99|100\/100\n|-terastallize|p2a: Stoney J.|Rock\n|move|p2b: Mega Man X|Expanding Force|p1b: Flutter Mane|[spread] p1a,p1b\n|-supereffective|p1a: Iron Hands\n|-damage|p1a: Iron Hands|0 fnt\n|-damage|p1b: Flutter Mane|0 fnt\n|faint|p1a: Iron Hands\n|-end|p1a: Iron Hands|Quark Drive|[silent]\n|faint|p1b: Flutter Mane\n|-end|p1b: Flutter Mane|Protosynthesis|[silent]\n|-damage|p2b: Mega Man X|47\/100 psn|[from] item: Life Orb\n|move|p2a: Stoney J.|Rock Slide|p1: Iron Hands|[notarget]\n|-fail|p2a: Stoney J.\n|\n|-damage|p2b: Mega Man X|34\/100 psn|[from] psn\n|upkeep\n|c|\u2606DaQuanLol|wow\n|c|\u2606DaQuanLol|so skilled\n|\n|t:|1698842143\n|switch|p1a: Chien-Pao|Chien-Pao|100\/100\n|switch|p1b: Ogerpon|Ogerpon-Wellspring, F|100\/100\n|-ability|p1a: Chien-Pao|Sword of Ruin\n|turn|5\n|c|\u2606Mr.X&Y97|You know it\n|\n|t:|1698842154\n|move|p1b: Ogerpon|Spiky Shield|p1b: Ogerpon\n|-singleturn|p1b: Ogerpon|move: Protect\n|move|p1a: Chien-Pao|Protect|p1a: Chien-Pao\n|-singleturn|p1a: Chien-Pao|Protect\n|move|p2b: Mega Man X|Heat Wave|p1a: Chien-Pao|[spread] \n|-activate|p1a: Chien-Pao|move: Protect\n|-activate|p1b: Ogerpon|move: Protect\n|move|p2a: Stoney J.|Rock Slide|p1a: Chien-Pao|[spread] \n|-activate|p1a: Chien-Pao|move: Protect\n|-activate|p1b: Ogerpon|move: Protect\n|\n|-damage|p2b: Mega Man X|22\/100 psn|[from] psn\n|-sideend|p1: DaQuanLol|move: Tailwind\n|-fieldend|move: Psychic Terrain\n|upkeep\n|turn|6\n|\n|t:|1698842169\n|move|p1a: Chien-Pao|Sucker Punch|p2b: Mega Man X\n|-supereffective|p2b: Mega Man X\n|-damage|p2b: Mega Man X|0 fnt\n|faint|p2b: Mega Man X\n|-damage|p1a: Chien-Pao|91\/100|[from] item: Life Orb\n|move|p2a: Stoney J.|Rock Slide|p1b: Ogerpon|[spread] p1a,p1b\n|-supereffective|p1a: Chien-Pao\n|-damage|p1a: Chien-Pao|0 fnt\n|-damage|p1b: Ogerpon|31\/100\n|faint|p1a: Chien-Pao\n|cant|p1b: Ogerpon|flinch\n|\n|upkeep\n|\n|t:|1698842188\n|switch|p2b: Snowball|Abomasnow, M|100\/100\n|switch|p1a: Tornadus|Tornadus, M|100\/100\n|-weather|Snow|[from] ability: Snow Warning|[of] p2b: Snowball\n|turn|7\n|\n|t:|1698842195\n|move|p1b: Ogerpon|Spiky Shield|p1b: Ogerpon\n|-singleturn|p1b: Ogerpon|move: Protect\n|move|p2b: Snowball|Blizzard|p1b: Ogerpon|[spread] p1a\n|-activate|p1b: Ogerpon|move: Protect\n|-supereffective|p1a: Tornadus\n|-damage|p1a: Tornadus|0 fnt\n|faint|p1a: Tornadus\n|move|p2a: Stoney J.|Rock Slide|p1b: Ogerpon\n|-activate|p1b: Ogerpon|move: Protect\n|\n|-weather|Snow|[upkeep]\n|-fieldend|move: Trick Room\n|upkeep\n|turn|8\n|\n|t:|1698842208\n|move|p1b: Ogerpon|Ivy Cudgel|p2a: Stoney J.\n|-supereffective|p2a: Stoney J.\n|-damage|p2a: Stoney J.|18\/100\n|move|p2a: Stoney J.|Rock Slide|p1b: Ogerpon\n|-damage|p1b: Ogerpon|0 fnt\n|faint|p1b: Ogerpon\n|\n|win|Mr.X&Y97\n|raw|DaQuanLol's rating: 1528 &rarr; <strong>1512<\/strong><br \/>(-16 for losing)\n|raw|Mr.X&amp;Y97's rating: 1600 &rarr; <strong>1616<\/strong><br \/>(+16 for winning)\n|c|\u2606Mr.X&Y97|Ggs wp!\n|l|\u2606DaQuanLol\n","uploadtime":1698842218,"views":14,"p1id":"daquanlol","p2id":"mrxy97","formatid":"gen9doublesou","rating":1512,"private":0,"password":""}