{"id":"gen9doublesou-1989426297","p1":"Chmhrz","p2":"GaryDaGoon","format":"[Gen 9] Doubles OU","log":"|j|\u2606Chmhrz\n|j|\u2606GaryDaGoon\n|t:|1699848782\n|gametype|doubles\n|player|p1|Chmhrz|cynthia-gen4|1123\n|player|p2|GaryDaGoon|brawly|1167\n|teamsize|p1|6\n|teamsize|p2|6\n|gen|9\n|tier|[Gen 9] Doubles OU\n|rated|\n|rule|Species Clause: Limit one of each Pok\u00e9mon\n|rule|OHKO Clause: OHKO moves are banned\n|rule|Evasion Moves Clause: Evasion moves are banned\n|rule|Gravity Sleep Clause: The combination of sleep-inducing moves with imperfect accuracy and Gravity or Gigantamax Orbeetle are banned\n|rule|Endless Battle Clause: Forcing endless battles is banned\n|rule|HP Percentage Mod: HP is shown in percentages\n|clearpoke\n|poke|p1|Thundurus-Therian, M|\n|poke|p1|Maushold-Four|\n|poke|p1|Scizor, M|\n|poke|p1|Gholdengo|\n|poke|p1|Amoonguss, M|\n|poke|p1|Flutter Mane|\n|poke|p2|Heatran, F|\n|poke|p2|Illumise, F|\n|poke|p2|Torkoal, F|\n|poke|p2|Flutter Mane|\n|poke|p2|Chi-Yu|\n|poke|p2|Ogerpon-Hearthflame, F|\n|teampreview\n|\n|t:|1699848789\n|start\n|switch|p1a: Scizor|Scizor, M|100\/100\n|switch|p1b: Amoonguss|Amoonguss, M|100\/100\n|switch|p2a: Torkoal|Torkoal, F|100\/100\n|switch|p2b: Illumise|Illumise, F|100\/100\n|-weather|SunnyDay|[from] ability: Drought|[of] p2a: Torkoal\n|turn|1\n|\n|t:|1699848806\n|move|p2b: Illumise|Tailwind|p2b: Illumise\n|-sidestart|p2: GaryDaGoon|move: Tailwind\n|move|p1a: Scizor|Tailwind|p1a: Scizor\n|-sidestart|p1: Chmhrz|move: Tailwind\n|move|p1b: Amoonguss|Spore|p2a: Torkoal\n|-status|p2a: Torkoal|slp|[from] move: Spore\n|cant|p2a: Torkoal|slp\n|\n|-weather|SunnyDay|[upkeep]\n|upkeep\n|turn|2\n|\n|t:|1699848839\n|switch|p1a: Flutter Mane|Flutter Mane|100\/100\n|-activate|p1a: Flutter Mane|ability: Protosynthesis\n|-start|p1a: Flutter Mane|protosynthesisspe\n|-curestatus|p2a: Torkoal|slp|[msg]\n|move|p2a: Torkoal|Protect|p2a: Torkoal\n|-singleturn|p2a: Torkoal|Protect\n|move|p2b: Illumise|Encore||[still]\n|-fail|p2b: Illumise\n|move|p1b: Amoonguss|Sludge Bomb|p2a: Torkoal\n|-activate|p2a: Torkoal|move: Protect\n|\n|-weather|SunnyDay|[upkeep]\n|upkeep\n|turn|3\n|\n|t:|1699848870\n|switch|p2a: Chi-Yu|Chi-Yu|100\/100\n|-ability|p2a: Chi-Yu|Beads of Ruin\n|-terastallize|p1a: Flutter Mane|Ghost\n|move|p2b: Illumise|Thunder Wave|p1a: Flutter Mane\n|-status|p1a: Flutter Mane|par\n|move|p1a: Flutter Mane|Shadow Ball|p2a: Chi-Yu\n|-resisted|p2a: Chi-Yu\n|-damage|p2a: Chi-Yu|66\/100\n|move|p1b: Amoonguss|Spore|p2a: Chi-Yu\n|-status|p2a: Chi-Yu|slp|[from] move: Spore\n|\n|-weather|SunnyDay|[upkeep]\n|upkeep\n|turn|4\n|\n|t:|1699848898\n|cant|p2a: Chi-Yu|slp\n|move|p2b: Illumise|Thunder Wave|p1b: Amoonguss|[miss]\n|-miss|p2b: Illumise|p1b: Amoonguss\n|move|p1a: Flutter Mane|Calm Mind|p1a: Flutter Mane\n|-boost|p1a: Flutter Mane|spa|1\n|-boost|p1a: Flutter Mane|spd|1\n|move|p1b: Amoonguss|Sludge Bomb|p2a: Chi-Yu\n|-damage|p2a: Chi-Yu|32\/100 slp\n|\n|-weather|SunnyDay|[upkeep]\n|-sideend|p2: GaryDaGoon|move: Tailwind\n|-sideend|p1: Chmhrz|move: Tailwind\n|upkeep\n|turn|5\n|\n|t:|1699848922\n|cant|p2a: Chi-Yu|slp\n|move|p2b: Illumise|Tailwind|p2b: Illumise\n|-sidestart|p2: GaryDaGoon|move: Tailwind\n|cant|p1a: Flutter Mane|par\n|move|p1b: Amoonguss|Sludge Bomb|p2a: Chi-Yu\n|-damage|p2a: Chi-Yu|1\/100 slp\n|\n|-weather|none\n|-end|p1a: Flutter Mane|Protosynthesis\n|upkeep\n|-enditem|p1a: Flutter Mane|Booster Energy\n|-activate|p1a: Flutter Mane|ability: Protosynthesis|[fromitem]\n|-start|p1a: Flutter Mane|protosynthesisspa\n|turn|6\n|\n|t:|1699848941\n|switch|p1b: Scizor|Scizor, M|100\/100\n|move|p2b: Illumise|Tailwind||[still]\n|-fail|p2b: Illumise\n|cant|p2a: Chi-Yu|slp\n|move|p1a: Flutter Mane|Hyper Voice|p2a: Chi-Yu|[spread] p2a,p2b\n|-damage|p2a: Chi-Yu|0 fnt\n|-damage|p2b: Illumise|30\/100\n|faint|p2a: Chi-Yu\n|\n|-heal|p2b: Illumise|36\/100|[from] item: Leftovers\n|upkeep\n|\n|t:|1699848959\n|switch|p2a: Flutter Mane|Flutter Mane|100\/100\n|turn|7\n|\n|t:|1699848974\n|move|p2b: Illumise|Sunny Day|p2b: Illumise\n|-weather|SunnyDay\n|-activate|p2a: Flutter Mane|ability: Protosynthesis\n|-start|p2a: Flutter Mane|protosynthesisspe\n|move|p2a: Flutter Mane|Shadow Ball|p1a: Flutter Mane\n|-supereffective|p1a: Flutter Mane\n|-damage|p1a: Flutter Mane|10\/100 par\n|move|p1a: Flutter Mane|Shadow Ball|p2a: Flutter Mane\n|-supereffective|p2a: Flutter Mane\n|-damage|p2a: Flutter Mane|0 fnt\n|faint|p2a: Flutter Mane\n|-end|p2a: Flutter Mane|Protosynthesis|[silent]\n|move|p1b: Scizor|Tailwind|p1b: Scizor\n|-sidestart|p1: Chmhrz|move: Tailwind\n|\n|-weather|SunnyDay|[upkeep]\n|-heal|p2b: Illumise|41\/100|[from] item: Leftovers\n|upkeep\n|\n|t:|1699848996\n|switch|p2a: Torkoal|Torkoal, F|100\/100\n|turn|8\n|\n|t:|1699849008\n|move|p2b: Illumise|Thunder Wave|p1b: Scizor\n|-status|p1b: Scizor|par\n|move|p1a: Flutter Mane|Hyper Voice|p2a: Torkoal|[spread] p2a,p2b\n|-damage|p2a: Torkoal|34\/100\n|-damage|p2b: Illumise|0 fnt\n|faint|p2b: Illumise\n|move|p1b: Scizor|Close Combat|p2a: Torkoal\n|-damage|p2a: Torkoal|0 fnt\n|-unboost|p1b: Scizor|def|1\n|-unboost|p1b: Scizor|spd|1\n|faint|p2a: Torkoal\n|-damage|p1b: Scizor|91\/100 par|[from] item: Life Orb\n|\n|-weather|SunnyDay|[upkeep]\n|-sideend|p2: GaryDaGoon|move: Tailwind\n|upkeep\n|\n|t:|1699849025\n|switch|p2b: Heatran|Heatran, F|100\/100\n|switch|p2a: Ogerpon|Ogerpon-Hearthflame, F|100\/100\n|-ability|p2a: Ogerpon|Mold Breaker\n|turn|9\n|\n|t:|1699849038\n|switch|p1b: Thundurus|Thundurus-Therian, M|100\/100\n|move|p1a: Flutter Mane|Hyper Voice|p2b: Heatran|[spread] p2a,p2b\n|-resisted|p2b: Heatran\n|-damage|p2a: Ogerpon|44\/100\n|-damage|p2b: Heatran|81\/100\n|move|p2a: Ogerpon|Ivy Cudgel|p1b: Thundurus\n|-damage|p1b: Thundurus|0 fnt\n|faint|p1b: Thundurus\n|move|p2b: Heatran|Flamethrower|p1a: Flutter Mane\n|-damage|p1a: Flutter Mane|0 fnt\n|faint|p1a: Flutter Mane\n|-end|p1a: Flutter Mane|Protosynthesis|[silent]\n|\n|-weather|SunnyDay|[upkeep]\n|-heal|p2b: Heatran|87\/100|[from] item: Leftovers\n|upkeep\n|\n|t:|1699849057\n|switch|p1a: Maushold|Maushold-Four|100\/100\n|switch|p1b: Gholdengo|Gholdengo|100\/100\n|turn|10\n|inactive|Battle timer is ON: inactive players will automatically lose when time's up. (requested by Chmhrz)\n|\n|t:|1699849082\n|-terastallize|p2a: Ogerpon|Fire\n|detailschange|p2a: Ogerpon|Ogerpon-Hearthflame-Tera, F, tera:Fire\n|-ability|p2a: Ogerpon|Embody Aspect (Hearthflame)|boost\n|-boost|p2a: Ogerpon|atk|1\n|move|p1a: Maushold|Population Bomb|p2b: Heatran\n|-resisted|p2b: Heatran\n|-damage|p2b: Heatran|83\/100\n|-hitcount|p2b: Heatran|1\n|move|p1b: Gholdengo|Dazzling Gleam|p2b: Heatran|[spread] p2a,p2b\n|-resisted|p2a: Ogerpon\n|-resisted|p2b: Heatran\n|-damage|p2a: Ogerpon|32\/100\n|-damage|p2b: Heatran|79\/100\n|move|p2a: Ogerpon|Ivy Cudgel|p1b: Gholdengo\n|-supereffective|p1b: Gholdengo\n|-crit|p1b: Gholdengo\n|-damage|p1b: Gholdengo|0 fnt\n|faint|p1b: Gholdengo\n|move|p2b: Heatran|Will-O-Wisp|p1a: Maushold\n|-status|p1a: Maushold|brn\n|\n|-weather|SunnyDay|[upkeep]\n|-heal|p2b: Heatran|85\/100|[from] item: Leftovers\n|-damage|p1a: Maushold|95\/100 brn|[from] brn\n|-sideend|p1: Chmhrz|move: Tailwind\n|upkeep\n|\n|t:|1699849105\n|switch|p1b: Scizor|Scizor, M|91\/100 par\n|turn|11\n|\n|t:|1699849122\n|move|p1a: Maushold|Population Bomb|p2a: Ogerpon\n|-damage|p2a: Ogerpon|27\/100\n|-damage|p2a: Ogerpon|21\/100\n|-crit|p2a: Ogerpon\n|-damage|p2a: Ogerpon|13\/100\n|-damage|p2a: Ogerpon|8\/100\n|-damage|p2a: Ogerpon|2\/100\n|-damage|p2a: Ogerpon|0 fnt\n|faint|p2a: Ogerpon\n|-hitcount|p2: Ogerpon|6\n|move|p2b: Heatran|Flamethrower|p1b: Scizor\n|-supereffective|p1b: Scizor\n|-damage|p1b: Scizor|0 fnt\n|faint|p1b: Scizor\n|\n|-weather|none\n|-heal|p2b: Heatran|92\/100|[from] item: Leftovers\n|-damage|p1a: Maushold|89\/100 brn|[from] brn\n|upkeep\n|\n|t:|1699849141\n|switch|p1b: Amoonguss|Amoonguss, M|100\/100\n|turn|12\n|\n|t:|1699849155\n|move|p1a: Maushold|Population Bomb|p2b: Heatran|[miss]\n|-miss|p1a: Maushold|p2b: Heatran\n|move|p2b: Heatran|Flamethrower|p1b: Amoonguss\n|-supereffective|p1b: Amoonguss\n|-damage|p1b: Amoonguss|48\/100\n|move|p1b: Amoonguss|Toxic|p2b: Heatran\n|-immune|p2b: Heatran\n|\n|-heal|p2b: Heatran|98\/100|[from] item: Leftovers\n|-damage|p1a: Maushold|83\/100 brn|[from] brn\n|upkeep\n|turn|13\n|-message|Chmhrz forfeited.\n|\n|win|GaryDaGoon\n|raw|Chmhrz's rating: 1123 &rarr; <strong>1101<\/strong><br \/>(-22 for losing)\n|raw|GaryDaGoon's rating: 1167 &rarr; <strong>1189<\/strong><br \/>(+22 for winning)\n|l|\u2606Chmhrz\n","uploadtime":1699849173,"views":9,"p1id":"chmhrz","p2id":"garydagoon","formatid":"gen9doublesou","rating":1101,"private":0,"password":""}