{"id":"gen9doublesou-1995442638","p1":"muskan1723","p2":"Satoru Gorfou","format":"[Gen 9] Doubles OU","log":"|j|\u2606muskan1723\n|j|\u2606Satoru Gorfou\n|t:|1700571317\n|gametype|doubles\n|player|p1|muskan1723|2|1431\n|player|p2|Satoru Gorfou|drayden|1391\n|teamsize|p1|6\n|teamsize|p2|6\n|gen|9\n|tier|[Gen 9] Doubles OU\n|rated|\n|rule|Species Clause: Limit one of each Pok\u00e9mon\n|rule|OHKO Clause: OHKO moves are banned\n|rule|Evasion Moves Clause: Evasion moves are banned\n|rule|Gravity Sleep Clause: The combination of sleep-inducing moves with imperfect accuracy and Gravity or Gigantamax Orbeetle are banned\n|rule|Endless Battle Clause: Forcing endless battles is banned\n|rule|HP Percentage Mod: HP is shown in percentages\n|clearpoke\n|poke|p1|Iron Hands|\n|poke|p1|Arcanine-Hisui, F|\n|poke|p1|Amoonguss, M|\n|poke|p1|Chien-Pao|\n|poke|p1|Chi-Yu|\n|poke|p1|Farigiraf, F|\n|poke|p2|Tornadus, M|\n|poke|p2|Basculegion-F, F|\n|poke|p2|Ogerpon-Hearthflame, F|\n|poke|p2|Ursaluna, F|\n|poke|p2|Vikavolt, M|\n|poke|p2|Farigiraf, M|\n|teampreview\n|inactive|Battle timer is ON: inactive players will automatically lose when time's up. (requested by Satoru Gorfou)\n|\n|t:|1700571347\n|start\n|switch|p1a: Chien-Pao|Chien-Pao|100\/100\n|switch|p1b: Arcanine|Arcanine-Hisui, F|100\/100\n|switch|p2a: Farigiraf|Farigiraf, M|100\/100\n|switch|p2b: Harharharhar|Ursaluna, F|100\/100\n|-ability|p1a: Chien-Pao|Sword of Ruin\n|turn|1\n|inactive|Satoru Gorfou has 120 seconds left.\n|\n|t:|1700571381\n|-terastallize|p2a: Farigiraf|Normal\n|move|p2b: Harharharhar|Protect|p2b: Harharharhar\n|-singleturn|p2b: Harharharhar|Protect\n|move|p1a: Chien-Pao|Throat Chop|p2a: Farigiraf\n|-damage|p2a: Farigiraf|20\/100\n|-start|p2a: Farigiraf|Throat Chop|[silent]\n|-damage|p1a: Chien-Pao|91\/100|[from] item: Life Orb\n|move|p1b: Arcanine|Flare Blitz|p2a: Farigiraf\n|-crit|p2a: Farigiraf\n|-damage|p2a: Farigiraf|0 fnt\n|faint|p2a: Farigiraf\n|\n|-status|p2b: Harharharhar|brn|[from] item: Flame Orb\n|upkeep\n|inactive|Satoru Gorfou has 120 seconds left.\n|\n|t:|1700571401\n|switch|p2a: Crackolandorus|Tornadus, M|100\/100\n|turn|2\n|\n|t:|1700571412\n|switch|p2b: Lol\u00f3|Basculegion-F, F|100\/100\n|move|p2a: Crackolandorus|Tailwind|p2a: Crackolandorus\n|-sidestart|p2: Satoru Gorfou|move: Tailwind\n|move|p1a: Chien-Pao|Ice Spinner|p2b: Lol\u00f3\n|-resisted|p2b: Lol\u00f3\n|-damage|p2b: Lol\u00f3|52\/100\n|-damage|p1a: Chien-Pao|81\/100|[from] item: Life Orb\n|move|p1b: Arcanine|Head Smash|p2a: Crackolandorus\n|-supereffective|p2a: Crackolandorus\n|-damage|p2a: Crackolandorus|0 fnt\n|faint|p2a: Crackolandorus\n|\n|upkeep\n|inactive|Satoru Gorfou has 120 seconds left.\n|\n|t:|1700571427\n|switch|p2a: Harharharhar|Ursaluna, F|100\/100 brn\n|turn|3\n|\n|t:|1700571442\n|move|p2b: Lol\u00f3|Protect|p2b: Lol\u00f3\n|-singleturn|p2b: Lol\u00f3|Protect\n|move|p1a: Chien-Pao|Sucker Punch||[still]\n|-fail|p1a: Chien-Pao\n|move|p1b: Arcanine|Flare Blitz|p2a: Harharharhar\n|-damage|p2a: Harharharhar|40\/100 brn\n|move|p2a: Harharharhar|Earthquake|p1a: Chien-Pao|[spread] p1a,p1b\n|-activate|p2b: Lol\u00f3|move: Protect\n|-supereffective|p1b: Arcanine\n|-damage|p1a: Chien-Pao|0 fnt\n|-enditem|p1b: Arcanine|Focus Sash\n|-damage|p1b: Arcanine|1\/100\n|faint|p1a: Chien-Pao\n|\n|-damage|p2a: Harharharhar|34\/100 brn|[from] brn\n|upkeep\n|inactive|muskan1723 has 120 seconds left.\n|\n|t:|1700571470\n|switch|p1a: Farigiraf|Farigiraf, F|100\/100\n|turn|4\n|\n|t:|1700571490\n|move|p1b: Arcanine|Extreme Speed|p2a: Harharharhar\n|-damage|p2a: Harharharhar|15\/100 brn\n|move|p2b: Lol\u00f3|Last Respects|p1b: Arcanine\n|-damage|p1b: Arcanine|0 fnt\n|faint|p1b: Arcanine\n|-damage|p2b: Lol\u00f3|42\/100|[from] item: Life Orb\n|move|p2a: Harharharhar|Facade|p1a: Farigiraf\n|-damage|p1a: Farigiraf|0 fnt\n|faint|p1a: Farigiraf\n|\n|-damage|p2a: Harharharhar|8\/100 brn|[from] brn\n|upkeep\n|\n|t:|1700571508\n|switch|p1b: Amoonguss|Amoonguss, M|100\/100\n|switch|p1a: Chi-Yu|Chi-Yu|100\/100\n|-ability|p1a: Chi-Yu|Beads of Ruin\n|turn|5\n|\n|t:|1700571522\n|move|p1a: Chi-Yu|Protect|p1a: Chi-Yu\n|-singleturn|p1a: Chi-Yu|Protect\n|move|p1b: Amoonguss|Protect|p1b: Amoonguss\n|-singleturn|p1b: Amoonguss|Protect\n|move|p2b: Lol\u00f3|Wave Crash|p1a: Chi-Yu\n|-activate|p1a: Chi-Yu|move: Protect\n|move|p2a: Harharharhar|Facade|p1b: Amoonguss\n|-activate|p1b: Amoonguss|move: Protect\n|\n|-damage|p2a: Harharharhar|2\/100 brn|[from] brn\n|-sideend|p2: Satoru Gorfou|move: Tailwind\n|upkeep\n|turn|6\n|\n|t:|1700571545\n|move|p2b: Lol\u00f3|Protect|p2b: Lol\u00f3\n|-singleturn|p2b: Lol\u00f3|Protect\n|move|p1b: Amoonguss|Rage Powder|p1b: Amoonguss\n|-singleturn|p1b: Amoonguss|move: Rage Powder\n|move|p1a: Chi-Yu|Snarl|p2b: Lol\u00f3|[spread] p2a\n|-activate|p2b: Lol\u00f3|move: Protect\n|-damage|p2a: Harharharhar|0 fnt\n|faint|p2a: Harharharhar\n|-damage|p1a: Chi-Yu|91\/100|[from] item: Life Orb\n|\n|upkeep\n|inactive|Satoru Gorfou has 120 seconds left.\n|\n|t:|1700571574\n|switch|p2a: Babona|Ogerpon-Hearthflame, F|100\/100\n|-ability|p2a: Babona|Mold Breaker\n|turn|7\n|inactive|Satoru Gorfou has 120 seconds left.\n|\n|t:|1700571608\n|move|p1b: Amoonguss|Protect|p1b: Amoonguss\n|-singleturn|p1b: Amoonguss|Protect\n|move|p2a: Babona|Swords Dance|p2a: Babona\n|-boost|p2a: Babona|atk|2\n|move|p1a: Chi-Yu|Snarl|p2b: Lol\u00f3|[spread] p2a,p2b\n|-supereffective|p2b: Lol\u00f3\n|-damage|p2a: Babona|48\/100\n|-damage|p2b: Lol\u00f3|0 fnt\n|-unboost|p2a: Babona|spa|1\n|faint|p2b: Lol\u00f3\n|-damage|p1a: Chi-Yu|81\/100|[from] item: Life Orb\n|\n|upkeep\n|\n|t:|1700571616\n|switch|p2b: Previd\u00eancia social|Vikavolt, M|100\/100\n|turn|8\n|\n|t:|1700571630\n|move|p1b: Amoonguss|Rage Powder|p1b: Amoonguss\n|-singleturn|p1b: Amoonguss|move: Rage Powder\n|move|p2a: Babona|Ivy Cudgel|p1a: Chi-Yu|[anim] Ivy Cudgel Fire\n|-resisted|p1a: Chi-Yu\n|-damage|p1a: Chi-Yu|0 fnt\n|faint|p1a: Chi-Yu\n|move|p2b: Previd\u00eancia social|Bug Buzz|p1b: Amoonguss\n|-damage|p1b: Amoonguss|57\/100\n|\n|-heal|p1b: Amoonguss|63\/100|[from] item: Leftovers\n|upkeep\n|\n|t:|1700571647\n|switch|p1a: Iron Hands|Iron Hands|100\/100\n|-enditem|p1a: Iron Hands|Booster Energy\n|-activate|p1a: Iron Hands|ability: Quark Drive|[fromitem]\n|-start|p1a: Iron Hands|quarkdriveatk\n|turn|9\n|inactive|Satoru Gorfou has 120 seconds left.\n|inactive|Satoru Gorfou has 90 seconds left.\n|\n|t:|1700571709\n|move|p2a: Babona|Spiky Shield|p2a: Babona\n|-singleturn|p2a: Babona|move: Protect\n|move|p1a: Iron Hands|Fake Out|p2a: Babona\n|-activate|p2a: Babona|move: Protect\n|-damage|p1a: Iron Hands|88\/100|[from] Spiky Shield|[of] p2a: Babona\n|move|p2b: Previd\u00eancia social|Thunderbolt|p1b: Amoonguss\n|-resisted|p1b: Amoonguss\n|-damage|p1b: Amoonguss|39\/100\n|move|p1b: Amoonguss|Spore|p2b: Previd\u00eancia social\n|-status|p2b: Previd\u00eancia social|slp|[from] move: Spore\n|\n|-heal|p1b: Amoonguss|45\/100|[from] item: Leftovers\n|upkeep\n|turn|10\n|\n|t:|1700571732\n|move|p2a: Babona|Ivy Cudgel|p1a: Iron Hands|[anim] Ivy Cudgel Fire\n|-damage|p1a: Iron Hands|0 fnt\n|faint|p1a: Iron Hands\n|-end|p1a: Iron Hands|Quark Drive|[silent]\n|cant|p2b: Previd\u00eancia social|slp\n|move|p1b: Amoonguss|Pollen Puff|p2a: Babona\n|-damage|p2a: Babona|25\/100\n|\n|-heal|p1b: Amoonguss|52\/100|[from] item: Leftovers\n|upkeep\n|turn|11\n|-message|muskan1723 forfeited.\n|\n|win|Satoru Gorfou\n|raw|muskan1723's rating: 1431 &rarr; <strong>1409<\/strong><br \/>(-22 for losing)\n|raw|Satoru Gorfou's rating: 1391 &rarr; <strong>1413<\/strong><br \/>(+22 for winning)\n|l|\u2606muskan1723\n","uploadtime":1700571753,"views":10,"p1id":"muskan1723","p2id":"satorugorfou","formatid":"gen9doublesou","rating":1409,"private":0,"password":""}