{"id":"gen9doublesou-1978704164","p1":"deadlydirt","p2":"Devrick Mundle","format":"[Gen 9] Doubles OU","log":"|j|\u2606deadlydirt\n|j|\u2606Devrick Mundle\n|t:|1698584288\n|gametype|doubles\n|player|p1|deadlydirt|harlequin|1095\n|player|p2|Devrick Mundle|1|1165\n|teamsize|p1|6\n|teamsize|p2|6\n|gen|9\n|tier|[Gen 9] Doubles OU\n|rated|\n|rule|Species Clause: Limit one of each Pok\u00e9mon\n|rule|OHKO Clause: OHKO moves are banned\n|rule|Evasion Moves Clause: Evasion moves are banned\n|rule|Gravity Sleep Clause: The combination of sleep-inducing moves with imperfect accuracy and Gravity or Gigantamax Orbeetle are banned\n|rule|Endless Battle Clause: Forcing endless battles is banned\n|rule|HP Percentage Mod: HP is shown in percentages\n|clearpoke\n|poke|p1|Floatzel, F|\n|poke|p1|Pelipper, F|\n|poke|p1|Gholdengo|\n|poke|p1|Dragonite, F|\n|poke|p1|Goodra-Hisui, F|\n|poke|p1|Kingambit, M|\n|poke|p2|Charjabug, M|\n|poke|p2|Gholdengo|\n|poke|p2|Flutter Mane|\n|poke|p2|Iron Moth|\n|poke|p2|Kommo-o, F|\n|poke|p2|Indeedee-F, F|\n|teampreview\n|inactive|Battle timer is ON: inactive players will automatically lose when time's up. (requested by deadlydirt)\n|\n|t:|1698584312\n|start\n|switch|p1a: Pelipper|Pelipper, F, shiny|100\/100\n|switch|p1b: Kingambit|Kingambit, M, shiny|100\/100\n|switch|p2a: Kommo-o|Kommo-o, F|100\/100\n|switch|p2b: Indeedee|Indeedee-F, F|100\/100\n|-fieldstart|move: Psychic Terrain|[from] ability: Psychic Surge|[of] p2b: Indeedee\n|-weather|RainDance|[from] ability: Drizzle|[of] p1a: Pelipper\n|-ability|p1b: Kingambit|Pressure\n|turn|1\n|\n|t:|1698584329\n|move|p2b: Indeedee|Follow Me|p2b: Indeedee\n|-singleturn|p2b: Indeedee|move: Follow Me\n|move|p2a: Kommo-o|Clangorous Soul|p2a: Kommo-o\n|-boost|p2a: Kommo-o|atk|1\n|-boost|p2a: Kommo-o|def|1\n|-boost|p2a: Kommo-o|spa|1\n|-boost|p2a: Kommo-o|spd|1\n|-boost|p2a: Kommo-o|spe|1\n|-damage|p2a: Kommo-o|68\/100\n|-enditem|p2a: Kommo-o|Throat Spray\n|-boost|p2a: Kommo-o|spa|1|[from] item: Throat Spray\n|move|p1a: Pelipper|Tailwind|p1a: Pelipper\n|-sidestart|p1: deadlydirt|move: Tailwind\n|move|p1b: Kingambit|Stealth Rock|p2b: Indeedee\n|-sidestart|p2: Devrick Mundle|move: Stealth Rock\n|\n|-weather|RainDance|[upkeep]\n|upkeep\n|turn|2\n|\n|t:|1698584348\n|move|p2b: Indeedee|Follow Me|p2b: Indeedee\n|-singleturn|p2b: Indeedee|move: Follow Me\n|move|p2a: Kommo-o|Clanging Scales|p1a: Pelipper|[spread] p1a,p1b\n|-resisted|p1b: Kingambit\n|-damage|p1a: Pelipper|28\/100\n|-damage|p1b: Kingambit|68\/100\n|-unboost|p2a: Kommo-o|def|1\n|move|p1a: Pelipper|Hurricane|p2b: Indeedee\n|-damage|p2b: Indeedee|73\/100\n|move|p1b: Kingambit|Kowtow Cleave|p2b: Indeedee\n|-supereffective|p2b: Indeedee\n|-damage|p2b: Indeedee|0 fnt\n|faint|p2b: Indeedee\n|\n|-weather|RainDance|[upkeep]\n|upkeep\n|\n|t:|1698584360\n|switch|p2b: Iron Moth|Iron Moth|100\/100\n|-damage|p2b: Iron Moth|76\/100|[from] Stealth Rock\n|-enditem|p2b: Iron Moth|Booster Energy\n|-activate|p2b: Iron Moth|ability: Quark Drive|[fromitem]\n|-start|p2b: Iron Moth|quarkdrivespe\n|turn|3\n|\n|t:|1698584382\n|move|p2b: Iron Moth|Heat Wave|p1a: Pelipper|[spread] p1a\n|-miss|p2b: Iron Moth|p1b: Kingambit\n|-resisted|p1a: Pelipper\n|-damage|p1a: Pelipper|20\/100\n|move|p2a: Kommo-o|Clanging Scales|p1a: Pelipper|[spread] p1a,p1b\n|-resisted|p1b: Kingambit\n|-damage|p1a: Pelipper|0 fnt\n|-damage|p1b: Kingambit|38\/100\n|faint|p1a: Pelipper\n|-unboost|p2a: Kommo-o|def|1\n|move|p1b: Kingambit|Kowtow Cleave|p2a: Kommo-o\n|-resisted|p2a: Kommo-o\n|-damage|p2a: Kommo-o|36\/100\n|\n|-weather|RainDance|[upkeep]\n|upkeep\n|inactive|deadlydirt has 120 seconds left.\n|\n|t:|1698584399\n|switch|p1a: Floatzel|Floatzel, F, shiny|100\/100\n|turn|4\n|inactive|deadlydirt has 120 seconds left.\n|\n|t:|1698584428\n|-terastallize|p2b: Iron Moth|Grass\n|move|p1a: Floatzel|Liquidation|p2a: Kommo-o\n|-resisted|p2a: Kommo-o\n|-damage|p2a: Kommo-o|0 fnt\n|faint|p2a: Kommo-o\n|move|p2b: Iron Moth|Energy Ball|p1a: Floatzel\n|-supereffective|p1a: Floatzel\n|-damage|p1a: Floatzel|0 fnt\n|faint|p1a: Floatzel\n|move|p1b: Kingambit|Iron Head|p2b: Iron Moth\n|-damage|p2b: Iron Moth|0 fnt\n|faint|p2b: Iron Moth\n|-end|p2b: Iron Moth|Quark Drive|[silent]\n|\n|-weather|RainDance|[upkeep]\n|-sideend|p1: deadlydirt|move: Tailwind\n|upkeep\n|inactive|deadlydirt has 120 seconds left.\n|\n|t:|1698584454\n|switch|p1a: Gholdengo|Gholdengo, shiny|100\/100\n|switch|p2b: Flutter Mane|Flutter Mane|100\/100\n|switch|p2a: Gholdengo|Gholdengo|100\/100\n|-damage|p2a: Gholdengo|94\/100|[from] Stealth Rock\n|-damage|p2b: Flutter Mane|88\/100|[from] Stealth Rock\n|turn|5\n|\n|t:|1698584472\n|move|p2a: Gholdengo|Shadow Ball|p1a: Gholdengo\n|-supereffective|p1a: Gholdengo\n|-damage|p1a: Gholdengo|5\/100\n|move|p2b: Flutter Mane|Dazzling Gleam|p1b: Kingambit|[spread] p1a,p1b\n|-resisted|p1a: Gholdengo\n|-damage|p1a: Gholdengo|0 fnt\n|-damage|p1b: Kingambit|8\/100\n|faint|p1a: Gholdengo\n|move|p1b: Kingambit|Kowtow Cleave|p2a: Gholdengo\n|-supereffective|p2a: Gholdengo\n|-damage|p2a: Gholdengo|0 fnt\n|faint|p2a: Gholdengo\n|\n|-weather|none\n|-fieldend|move: Psychic Terrain\n|upkeep\n|-message|Devrick Mundle forfeited.\n|\n|win|deadlydirt\n|raw|deadlydirt's rating: 1095 &rarr; <strong>1126<\/strong><br \/>(+31 for winning)\n|raw|Devrick Mundle's rating: 1165 &rarr; <strong>1135<\/strong><br \/>(-30 for losing)\n|l|\u2606Devrick Mundle\n","uploadtime":1698584499,"views":26,"p1id":"deadlydirt","p2id":"devrickmundle","formatid":"gen9doublesou","rating":1126,"private":0,"password":""}