{"id":"gen9doublesou-1970756153","p1":"Dxrkness.rising","p2":"kagrin","format":"[Gen 9] Doubles OU","log":"|j|\u2606Dxrkness.rising\n|j|\u2606kagrin\n|t:|1697664183\n|gametype|doubles\n|player|p1|Dxrkness.rising|wallace|\n|player|p2|kagrin|hiker-gen4|\n|teamsize|p1|6\n|teamsize|p2|6\n|gen|9\n|tier|[Gen 9] Doubles OU\n|rule|Species Clause: Limit one of each Pok\u00e9mon\n|rule|OHKO Clause: OHKO moves are banned\n|rule|Evasion Moves Clause: Evasion moves are banned\n|rule|Gravity Sleep Clause: The combination of sleep-inducing moves with imperfect accuracy and Gravity or Gigantamax Orbeetle are banned\n|rule|Endless Battle Clause: Forcing endless battles is banned\n|rule|HP Percentage Mod: HP is shown in percentages\n|clearpoke\n|poke|p1|Azumarill, F|\n|poke|p1|Toxtricity, M|\n|poke|p1|Appletun, F|\n|poke|p1|Brute Bonnet|\n|poke|p1|Gengar, M|\n|poke|p1|Inteleon, M|\n|poke|p2|Flutter Mane|\n|poke|p2|Garganacl, M|\n|poke|p2|Mew|\n|poke|p2|Breloom, M|\n|poke|p2|Grimmsnarl, M|\n|poke|p2|Volcanion|\n|teampreview\n|j| Redzone92\n|\n|t:|1697664237\n|start\n|switch|p1a: Wet \ud83c\udf51 Pokemon|Azumarill, F, shiny|100\/100\n|switch|p1b: Gavin|Toxtricity, M|100\/100\n|switch|p2a: Usopp|Grimmsnarl, M|100\/100\n|switch|p2b: Moxxie|Breloom, M, shiny|100\/100\n|turn|1\n|\n|t:|1697664258\n|-terastallize|p1b: Gavin|Electric\n|move|p1a: Wet \ud83c\udf51 Pokemon|Helping Hand|p1b: Gavin\n|-singleturn|p1b: Gavin|Helping Hand|[of] p1a: Wet \ud83c\udf51 Pokemon\n|move|p2a: Usopp|Light Screen|p2a: Usopp\n|-sidestart|p2: kagrin|move: Light Screen\n|move|p1b: Gavin|Overdrive|p2b: Moxxie|[spread] p2a,p2b\n|-resisted|p2b: Moxxie\n|-damage|p2a: Usopp|26\/100\n|-damage|p2b: Moxxie|45\/100\n|move|p2b: Moxxie|Bullet Seed|p1b: Gavin\n|-damage|p1b: Gavin|72\/100\n|-damage|p1b: Gavin|44\/100\n|-damage|p1b: Gavin|17\/100\n|-damage|p1b: Gavin|0 fnt\n|faint|p1b: Gavin\n|-hitcount|p1: Gavin|4\n|\n|upkeep\n|\n|t:|1697664282\n|switch|p1b: Dusanek|Gengar, M, shiny|100\/100\n|turn|2\n|\n|t:|1697664300\n|move|p2a: Usopp|Reflect|p2a: Usopp\n|-sidestart|p2: kagrin|Reflect\n|move|p1b: Dusanek|Sludge Bomb|p2b: Moxxie\n|-supereffective|p2b: Moxxie\n|-damage|p2b: Moxxie|0 fnt\n|faint|p2b: Moxxie\n|move|p1a: Wet \ud83c\udf51 Pokemon|Ice Spinner|p2a: Usopp\n|-damage|p2a: Usopp|18\/100\n|\n|upkeep\n|\n|t:|1697664310\n|switch|p2b: Dwayne|Garganacl, M, shiny|100\/100\n|turn|3\n|\n|t:|1697664335\n|move|p1b: Dusanek|Sludge Bomb|p2a: Usopp\n|-supereffective|p2a: Usopp\n|-damage|p2a: Usopp|0 fnt\n|faint|p2a: Usopp\n|move|p1a: Wet \ud83c\udf51 Pokemon|Play Rough|p2b: Dwayne\n|-damage|p2b: Dwayne|94\/100\n|move|p2b: Dwayne|Stealth Rock|p1a: Wet \ud83c\udf51 Pokemon\n|-sidestart|p1: Dxrkness.rising|move: Stealth Rock\n|\n|-heal|p2b: Dwayne|100\/100|[from] item: Leftovers\n|upkeep\n|\n|t:|1697664349\n|switch|p2a: Akainu|Volcanion|100\/100\n|turn|4\n|\n|t:|1697664364\n|move|p1a: Wet \ud83c\udf51 Pokemon|Helping Hand|p1b: Dusanek\n|-singleturn|p1b: Dusanek|Helping Hand|[of] p1a: Wet \ud83c\udf51 Pokemon\n|move|p1b: Dusanek|Sludge Bomb|p2a: Akainu\n|-damage|p2a: Akainu|38\/100\n|move|p2a: Akainu|Earth Power|p1b: Dusanek\n|-supereffective|p1b: Dusanek\n|-damage|p1b: Dusanek|0 fnt\n|faint|p1b: Dusanek\n|move|p2b: Dwayne|Iron Defense|p2b: Dwayne\n|-boost|p2b: Dwayne|def|2\n|\n|upkeep\n|\n|t:|1697664377\n|switch|p1b: Connor|Inteleon, M|100\/100\n|-damage|p1b: Connor|88\/100|[from] Stealth Rock\n|turn|5\n|\n|t:|1697664389\n|move|p1a: Wet \ud83c\udf51 Pokemon|Helping Hand|p1b: Connor\n|-singleturn|p1b: Connor|Helping Hand|[of] p1a: Wet \ud83c\udf51 Pokemon\n|move|p1b: Connor|Snipe Shot|p2b: Dwayne\n|-supereffective|p2b: Dwayne\n|-crit|p2b: Dwayne\n|-ability|p2b: Dwayne|Sturdy\n|-damage|p2b: Dwayne|1\/100\n|move|p2a: Akainu|Earth Power|p1a: Wet \ud83c\udf51 Pokemon\n|-damage|p1a: Wet \ud83c\udf51 Pokemon|75\/100\n|move|p2b: Dwayne|Salt Cure|p1b: Connor\n|-damage|p1b: Connor|66\/100\n|-start|p1b: Connor|Salt Cure\n|\n|-heal|p2b: Dwayne|7\/100|[from] item: Leftovers\n|-damage|p1b: Connor|41\/100|[from] Salt Cure\n|upkeep\n|turn|6\n|\n|t:|1697664429\n|move|p1b: Connor|Flip Turn|p2b: Dwayne\n|-supereffective|p2b: Dwayne\n|-damage|p2b: Dwayne|1\/100\n|\n|t:|1697664440\n|switch|p1b: Applebottom Jeans|Appletun, F, shiny|100\/100|[from] Flip Turn\n|-damage|p1b: Applebottom Jeans|88\/100|[from] Stealth Rock\n|move|p2a: Akainu|Earth Power|p1a: Wet \ud83c\udf51 Pokemon\n|-damage|p1a: Wet \ud83c\udf51 Pokemon|50\/100\n|-enditem|p1a: Wet \ud83c\udf51 Pokemon|Sitrus Berry|[eat]\n|-heal|p1a: Wet \ud83c\udf51 Pokemon|75\/100|[from] item: Sitrus Berry\n|move|p1a: Wet \ud83c\udf51 Pokemon|Play Rough|p2a: Akainu\n|-resisted|p2a: Akainu\n|-damage|p2a: Akainu|33\/100\n|move|p2b: Dwayne|Recover|p2b: Dwayne\n|-heal|p2b: Dwayne|51\/100\n|\n|-heal|p2b: Dwayne|57\/100|[from] item: Leftovers\n|upkeep\n|turn|7\n|\n|t:|1697664485\n|move|p2a: Akainu|Flamethrower|p1b: Applebottom Jeans\n|-damage|p1b: Applebottom Jeans|65\/100\n|move|p1a: Wet \ud83c\udf51 Pokemon|Ice Spinner|p2b: Dwayne\n|-damage|p2b: Dwayne|55\/100\n|move|p2b: Dwayne|Salt Cure|p1b: Applebottom Jeans\n|-damage|p1b: Applebottom Jeans|51\/100\n|-start|p1b: Applebottom Jeans|Salt Cure\n|move|p1b: Applebottom Jeans|Light Screen|p1b: Applebottom Jeans\n|-sidestart|p1: Dxrkness.rising|move: Light Screen\n|\n|-heal|p2b: Dwayne|61\/100|[from] item: Leftovers\n|-damage|p1b: Applebottom Jeans|39\/100|[from] Salt Cure\n|upkeep\n|turn|8\n|\n|t:|1697664511\n|move|p1a: Wet \ud83c\udf51 Pokemon|Protect|p1a: Wet \ud83c\udf51 Pokemon\n|-singleturn|p1a: Wet \ud83c\udf51 Pokemon|Protect\n|move|p2a: Akainu|Sunny Day|p2a: Akainu\n|-weather|SunnyDay\n|move|p2b: Dwayne|Recover|p2b: Dwayne\n|-heal|p2b: Dwayne|100\/100\n|move|p1b: Applebottom Jeans|Sunny Day||[still]\n|-fail|p1b: Applebottom Jeans\n|\n|-weather|SunnyDay|[upkeep]\n|-damage|p1b: Applebottom Jeans|27\/100|[from] Salt Cure\n|-sideend|p2: kagrin|move: Light Screen\n|upkeep\n|turn|9\n|\n|t:|1697664541\n|switch|p2a: yay..|Flutter Mane|100\/100\n|-activate|p2a: yay..|ability: Protosynthesis\n|-start|p2a: yay..|protosynthesisspe\n|move|p1a: Wet \ud83c\udf51 Pokemon|Play Rough|p2b: Dwayne\n|-damage|p2b: Dwayne|97\/100\n|-unboost|p2b: Dwayne|atk|1\n|move|p2b: Dwayne|Salt Cure|p1a: Wet \ud83c\udf51 Pokemon\n|-damage|p1a: Wet \ud83c\udf51 Pokemon|65\/100\n|-start|p1a: Wet \ud83c\udf51 Pokemon|Salt Cure\n|move|p1b: Applebottom Jeans|Reflect|p1b: Applebottom Jeans\n|-sidestart|p1: Dxrkness.rising|Reflect\n|\n|-weather|SunnyDay|[upkeep]\n|-heal|p2b: Dwayne|100\/100|[from] item: Leftovers\n|-damage|p1a: Wet \ud83c\udf51 Pokemon|40\/100|[from] Salt Cure\n|-damage|p1b: Applebottom Jeans|14\/100|[from] Salt Cure\n|-sideend|p2: kagrin|Reflect\n|upkeep\n|turn|10\n|\n|t:|1697664566\n|-terastallize|p2a: yay..|Fairy\n|move|p1a: Wet \ud83c\udf51 Pokemon|Protect|p1a: Wet \ud83c\udf51 Pokemon\n|-singleturn|p1a: Wet \ud83c\udf51 Pokemon|Protect\n|move|p2a: yay..|Dazzling Gleam|p1b: Applebottom Jeans|[spread] p1b\n|-activate|p1a: Wet \ud83c\udf51 Pokemon|move: Protect\n|-supereffective|p1b: Applebottom Jeans\n|-damage|p1b: Applebottom Jeans|0 fnt\n|faint|p1b: Applebottom Jeans\n|move|p2b: Dwayne|Iron Defense|p2b: Dwayne\n|-boost|p2b: Dwayne|def|2\n|\n|-weather|SunnyDay|[upkeep]\n|-damage|p1a: Wet \ud83c\udf51 Pokemon|15\/100|[from] Salt Cure\n|upkeep\n|\n|t:|1697664584\n|switch|p1b: Connor|Inteleon, M|41\/100\n|-damage|p1b: Connor|29\/100|[from] Stealth Rock\n|turn|11\n|\n|t:|1697664598\n|move|p1a: Wet \ud83c\udf51 Pokemon|Helping Hand|p1b: Connor\n|-singleturn|p1b: Connor|Helping Hand|[of] p1a: Wet \ud83c\udf51 Pokemon\n|move|p2a: yay..|Dazzling Gleam|p1a: Wet \ud83c\udf51 Pokemon|[spread] p1a,p1b\n|-damage|p1a: Wet \ud83c\udf51 Pokemon|0 fnt\n|-damage|p1b: Connor|0 fnt\n|faint|p1a: Wet \ud83c\udf51 Pokemon\n|faint|p1b: Connor\n|move|p2b: Dwayne|Recover||[still]\n|-fail|p2b: Dwayne|heal\n|\n|-weather|SunnyDay|[upkeep]\n|upkeep\n|\n|t:|1697664610\n|switch|p1a: Shroom Lord|Brute Bonnet|100\/100\n|-damage|p1a: Shroom Lord|88\/100|[from] Stealth Rock\n|-activate|p1a: Shroom Lord|ability: Protosynthesis\n|-start|p1a: Shroom Lord|protosynthesisatk\n|turn|12\n|\n|t:|1697664621\n|move|p2a: yay..|Moonblast|p1a: Shroom Lord\n|-supereffective|p1a: Shroom Lord\n|-damage|p1a: Shroom Lord|26\/100\n|move|p1a: Shroom Lord|Spore|p2b: Dwayne\n|-status|p2b: Dwayne|slp|[from] move: Spore\n|cant|p2b: Dwayne|slp\n|\n|-weather|none\n|-end|p2a: yay..|Protosynthesis\n|-end|p1a: Shroom Lord|Protosynthesis\n|upkeep\n|-enditem|p2a: yay..|Booster Energy\n|-activate|p2a: yay..|ability: Protosynthesis|[fromitem]\n|-start|p2a: yay..|protosynthesisspe\n|turn|13\n|\n|t:|1697664652\n|move|p1a: Shroom Lord|Sucker Punch|p2a: yay..\n|-resisted|p2a: yay..\n|-damage|p2a: yay..|73\/100\n|move|p2a: yay..|Moonblast|p1a: Shroom Lord\n|-supereffective|p1a: Shroom Lord\n|-damage|p1a: Shroom Lord|0 fnt\n|faint|p1a: Shroom Lord\n|-end|p1a: Shroom Lord|Protosynthesis|[silent]\n|\n|win|kagrin\n","uploadtime":1697664660,"views":23,"p1id":"dxrknessrising","p2id":"kagrin","formatid":"gen9doublesou","rating":0,"private":0,"password":""}