{"id":"gen9doublesou-1987728849","p1":"DeeGaming","p2":"CodyReborn","format":"[Gen 9] Doubles OU","log":"|j|\u2606DeeGaming\n|j|\u2606CodyReborn\n|t:|1699631560\n|gametype|doubles\n|player|p1|DeeGaming|unknown|1227\n|player|p2|CodyReborn|pokemaniac|1280\n|teamsize|p1|6\n|teamsize|p2|6\n|gen|9\n|tier|[Gen 9] Doubles OU\n|rated|\n|rule|Species Clause: Limit one of each Pok\u00e9mon\n|rule|OHKO Clause: OHKO moves are banned\n|rule|Evasion Moves Clause: Evasion moves are banned\n|rule|Gravity Sleep Clause: The combination of sleep-inducing moves with imperfect accuracy and Gravity or Gigantamax Orbeetle are banned\n|rule|Endless Battle Clause: Forcing endless battles is banned\n|rule|HP Percentage Mod: HP is shown in percentages\n|clearpoke\n|poke|p1|Landorus-Therian, M|\n|poke|p1|Amoonguss, M|\n|poke|p1|Flutter Mane|\n|poke|p1|Walking Wake|\n|poke|p1|Murkrow, F|\n|poke|p1|Torkoal, M|\n|poke|p2|Milotic, F|\n|poke|p2|Kingambit, M|\n|poke|p2|Heatran, M|\n|poke|p2|Dragapult, M|\n|poke|p2|Zapdos|\n|poke|p2|Scizor, M|\n|teampreview\n|\n|t:|1699631569\n|start\n|switch|p1a: Weird Dino|Walking Wake|100\/100\n|switch|p1b: Gordon Ramsey|Torkoal, M|100\/100\n|switch|p2a: Kingambit|Kingambit, M, shiny|100\/100\n|switch|p2b: Heatran|Heatran, M, shiny|100\/100\n|-weather|SunnyDay|[from] ability: Drought|[of] p1b: Gordon Ramsey\n|-activate|p1a: Weird Dino|ability: Protosynthesis\n|-start|p1a: Weird Dino|protosynthesisspe\n|turn|1\n|\n|t:|1699631590\n|-terastallize|p2a: Kingambit|Dark\n|move|p1a: Weird Dino|Hydro Steam|p2b: Heatran\n|-supereffective|p2b: Heatran\n|-damage|p2b: Heatran|0 fnt\n|faint|p2b: Heatran\n|move|p2a: Kingambit|Swords Dance|p2a: Kingambit\n|-boost|p2a: Kingambit|atk|2\n|move|p1b: Gordon Ramsey|Will-O-Wisp|p2a: Kingambit\n|-status|p2a: Kingambit|brn\n|\n|-weather|SunnyDay|[upkeep]\n|-damage|p2a: Kingambit|94\/100 brn|[from] brn\n|upkeep\n|\n|t:|1699631607\n|switch|p2b: Dragapult|Dragapult, M, shiny|100\/100\n|turn|2\n|\n|t:|1699631619\n|-terastallize|p1a: Weird Dino|Water\n|move|p1a: Weird Dino|Hydro Steam|p2a: Kingambit\n|-damage|p2a: Kingambit|0 fnt\n|faint|p2a: Kingambit\n|move|p2b: Dragapult|Dragon Darts|p1a: Weird Dino\n|-damage|p1a: Weird Dino|56\/100\n|-anim|p2b: Dragapult|Dragon Darts|p1b: Gordon Ramsey\n|-damage|p1b: Gordon Ramsey|72\/100\n|move|p1b: Gordon Ramsey|Heat Wave|p2b: Dragapult\n|-resisted|p2b: Dragapult\n|-damage|p2b: Dragapult|69\/100\n|\n|-weather|SunnyDay|[upkeep]\n|upkeep\n|\n|t:|1699631632\n|switch|p2a: Zapdos|Zapdos, shiny|100\/100\n|turn|3\n|\n|t:|1699631638\n|move|p1a: Weird Dino|Hydro Steam|p2a: Zapdos\n|-damage|p2a: Zapdos|0 fnt\n|faint|p2a: Zapdos\n|move|p2b: Dragapult|Dragon Darts|p1b: Gordon Ramsey\n|-damage|p1b: Gordon Ramsey|40\/100\n|-anim|p2b: Dragapult|Dragon Darts|p1a: Weird Dino\n|-damage|p1a: Weird Dino|12\/100\n|move|p1b: Gordon Ramsey|Will-O-Wisp|p2b: Dragapult\n|-status|p2b: Dragapult|brn\n|\n|-weather|SunnyDay|[upkeep]\n|-damage|p2b: Dragapult|63\/100 brn|[from] brn\n|upkeep\n|c|\u2606CodyReborn|this dudes strong af, damn i hate this meta\n|\n|t:|1699631651\n|switch|p2a: Milotic|Milotic, F, shiny|100\/100\n|turn|4\n|c|\u2606DeeGaming|which one\n|\n|t:|1699631661\n|move|p1b: Gordon Ramsey|Helping Hand|p1a: Weird Dino\n|-singleturn|p1a: Weird Dino|Helping Hand|[of] p1b: Gordon Ramsey\n|move|p1a: Weird Dino|Hydro Steam|p2b: Dragapult\n|-resisted|p2b: Dragapult\n|-damage|p2b: Dragapult|0 fnt\n|faint|p2b: Dragapult\n|move|p2a: Milotic|Scald|p1b: Gordon Ramsey\n|-supereffective|p1b: Gordon Ramsey\n|-damage|p1b: Gordon Ramsey|15\/100\n|\n|-weather|SunnyDay|[upkeep]\n|-status|p2a: Milotic|brn|[from] item: Flame Orb\n|upkeep\n|c|\u2606CodyReborn|\"WhIcH oNe\"\n|c|\u2606CodyReborn|shut up idiot, you know\n|\n|t:|1699631674\n|switch|p2b: Scizor|Scizor, M, shiny|100\/100\n|turn|5\n|\n|t:|1699631681\n|-end|p1a: Weird Dino|Protosynthesis|[silent]\n|switch|p1a: Sweet Heart|Landorus-Therian, M|100\/100\n|-ability|p1a: Sweet Heart|Intimidate|boost\n|-unboost|p2a: Milotic|atk|1\n|-unboost|p2b: Scizor|atk|1\n|move|p2a: Milotic|Scald|p1b: Gordon Ramsey\n|-supereffective|p1b: Gordon Ramsey\n|-damage|p1b: Gordon Ramsey|0 fnt\n|faint|p1b: Gordon Ramsey\n|move|p2b: Scizor|Aerial Ace|p1a: Sweet Heart\n|-damage|p1a: Sweet Heart|68\/100\n|-damage|p2b: Scizor|84\/100|[from] item: Rocky Helmet|[of] p1a: Sweet Heart\n|-damage|p2b: Scizor|74\/100|[from] item: Life Orb\n|\n|-weather|SunnyDay|[upkeep]\n|-damage|p2a: Milotic|94\/100 brn|[from] brn\n|upkeep\n|c|\u2606CodyReborn|cringe ass meta players\n|-message|CodyReborn forfeited.\n|\n|win|DeeGaming\n|raw|DeeGaming's rating: 1227 &rarr; <strong>1256<\/strong><br \/>(+29 for winning)\n|raw|CodyReborn's rating: 1280 &rarr; <strong>1251<\/strong><br \/>(-29 for losing)\n|l|\u2606CodyReborn\n","uploadtime":1699631702,"views":55,"p1id":"deegaming","p2id":"codyreborn","formatid":"gen9doublesou","rating":1251,"private":0,"password":""}