{"id":"gen9doublesou-1992015169","p1":"AdvancedDigit","p2":"Edarks","format":"[Gen 9] Doubles OU","log":"|j|\u2606AdvancedDigit\n|j|\u2606Edarks\n|t:|1700147893\n|gametype|doubles\n|player|p1|AdvancedDigit|nate|1189\n|player|p2|Edarks|n|1201\n|teamsize|p1|6\n|teamsize|p2|6\n|gen|9\n|tier|[Gen 9] Doubles OU\n|rated|\n|rule|Species Clause: Limit one of each Pok\u00e9mon\n|rule|OHKO Clause: OHKO moves are banned\n|rule|Evasion Moves Clause: Evasion moves are banned\n|rule|Gravity Sleep Clause: The combination of sleep-inducing moves with imperfect accuracy and Gravity or Gigantamax Orbeetle are banned\n|rule|Endless Battle Clause: Forcing endless battles is banned\n|rule|HP Percentage Mod: HP is shown in percentages\n|clearpoke\n|poke|p1|Manaphy|\n|poke|p1|Clefable, F|\n|poke|p1|Sylveon, F|\n|poke|p1|Sneasler, F|\n|poke|p1|Azelf|\n|poke|p1|Gholdengo|\n|poke|p2|Typhlosion-Hisui, M|\n|poke|p2|Oricorio-Sensu, F|\n|poke|p2|Decidueye, M|\n|poke|p2|Basculegion-F, F|\n|poke|p2|Dragapult, M|\n|poke|p2|Zoroark-Hisui, M|\n|teampreview\n|inactive|Battle timer is ON: inactive players will automatically lose when time's up. (requested by AdvancedDigit)\n|\n|t:|1700147927\n|start\n|switch|p1a: Gholdengo|Gholdengo|100\/100\n|switch|p1b: Sneasler|Sneasler, F|100\/100\n|switch|p2a: Typhlosion|Typhlosion-Hisui, M|100\/100\n|switch|p2b: Oricorio|Oricorio-Sensu, F|100\/100\n|-item|p1a: Gholdengo|Life Orb|[from] ability: Frisk|[of] p2a: Typhlosion|[identify]\n|-item|p1b: Sneasler|Big Nugget|[from] ability: Frisk|[of] p2a: Typhlosion|[identify]\n|turn|1\n|\n|t:|1700147942\n|-terastallize|p2a: Typhlosion|Fire\n|move|p2a: Typhlosion|Eruption|p1a: Gholdengo|[spread] p1a,p1b\n|-supereffective|p1a: Gholdengo\n|-damage|p1a: Gholdengo|0 fnt\n|-damage|p1b: Sneasler|0 fnt\n|faint|p1a: Gholdengo\n|faint|p1b: Sneasler\n|move|p2b: Oricorio|Tailwind|p2b: Oricorio\n|-sidestart|p2: Edarks|move: Tailwind\n|\n|upkeep\n|\n|t:|1700147952\n|switch|p1b: Manaphy|Manaphy|100\/100\n|switch|p1a: Azelf|Azelf|100\/100\n|turn|2\n|inactive|Edarks has 120 seconds left.\n|\n|t:|1700147992\n|move|p2b: Oricorio|Helping Hand|p2a: Typhlosion\n|-singleturn|p2a: Typhlosion|Helping Hand|[of] p2b: Oricorio\n|move|p2a: Typhlosion|Eruption|p1a: Azelf|[spread] p1a,p1b\n|-resisted|p1b: Manaphy\n|-damage|p1a: Azelf|0 fnt\n|-damage|p1b: Manaphy|62\/100\n|faint|p1a: Azelf\n|move|p1b: Manaphy|Calm Mind|p1b: Manaphy\n|-boost|p1b: Manaphy|spa|1\n|-boost|p1b: Manaphy|spd|1\n|\n|-heal|p1b: Manaphy|68\/100|[from] item: Leftovers\n|upkeep\n|\n|t:|1700148006\n|switch|p1a: Clefable|Clefable, F|100\/100\n|turn|3\n|inactive|Edarks has 120 seconds left.\n|\n|t:|1700148034\n|move|p2b: Oricorio|Helping Hand|p2a: Typhlosion\n|-singleturn|p2a: Typhlosion|Helping Hand|[of] p2b: Oricorio\n|move|p2a: Typhlosion|Eruption|p1b: Manaphy|[spread] p1a,p1b\n|-resisted|p1b: Manaphy\n|-crit|p1b: Manaphy\n|-damage|p1a: Clefable|25\/100\n|-damage|p1b: Manaphy|12\/100\n|move|p1b: Manaphy|Calm Mind|p1b: Manaphy\n|-boost|p1b: Manaphy|spa|1\n|-boost|p1b: Manaphy|spd|1\n|move|p1a: Clefable|Heal Pulse|p1b: Manaphy\n|-heal|p1b: Manaphy|62\/100\n|\n|-heal|p1b: Manaphy|68\/100|[from] item: Leftovers\n|-heal|p1a: Clefable|31\/100|[from] item: Leftovers\n|upkeep\n|turn|4\n|inactive|AdvancedDigit has 120 seconds left.\n|inactive|AdvancedDigit has 90 seconds left.\n|\n|t:|1700148101\n|move|p2b: Oricorio|Helping Hand|p2a: Typhlosion\n|-singleturn|p2a: Typhlosion|Helping Hand|[of] p2b: Oricorio\n|move|p2a: Typhlosion|Eruption|p1a: Clefable|[spread] p1a,p1b\n|-resisted|p1b: Manaphy\n|-damage|p1a: Clefable|0 fnt\n|-damage|p1b: Manaphy|49\/100\n|faint|p1a: Clefable\n|move|p1b: Manaphy|Aqua Ring|p1b: Manaphy\n|-start|p1b: Manaphy|Aqua Ring\n|\n|-heal|p1b: Manaphy|55\/100|[from] item: Leftovers\n|-heal|p1b: Manaphy|61\/100|[from] Aqua Ring\n|-sideend|p2: Edarks|move: Tailwind\n|upkeep\n|\n|t:|1700148103\n|switch|p1a: Sylveon|Sylveon, F|100\/100\n|turn|5\n|\n|t:|1700148121\n|move|p2b: Oricorio|Helping Hand|p2a: Typhlosion\n|-singleturn|p2a: Typhlosion|Helping Hand|[of] p2b: Oricorio\n|move|p2a: Typhlosion|Eruption|p1b: Manaphy|[spread] p1a,p1b\n|-resisted|p1b: Manaphy\n|-damage|p1a: Sylveon|21\/100\n|-damage|p1b: Manaphy|43\/100\n|move|p1b: Manaphy|Calm Mind|p1b: Manaphy\n|-boost|p1b: Manaphy|spa|1\n|-boost|p1b: Manaphy|spd|1\n|move|p1a: Sylveon|Psych Up|p1b: Manaphy\n|-copyboost|p1a: Sylveon|p1b: Manaphy|[from] move: Psych Up\n|\n|-heal|p1b: Manaphy|50\/100|[from] item: Leftovers\n|-heal|p1a: Sylveon|27\/100|[from] item: Leftovers\n|-heal|p1b: Manaphy|56\/100|[from] Aqua Ring\n|upkeep\n|turn|6\n|\n|t:|1700148131\n|move|p2b: Oricorio|Helping Hand|p2a: Typhlosion\n|-singleturn|p2a: Typhlosion|Helping Hand|[of] p2b: Oricorio\n|move|p2a: Typhlosion|Eruption|p1b: Manaphy|[spread] p1a,p1b\n|-resisted|p1b: Manaphy\n|-damage|p1a: Sylveon|0 fnt\n|-damage|p1b: Manaphy|40\/100\n|faint|p1a: Sylveon\n|move|p1b: Manaphy|Stored Power|p2a: Typhlosion\n|-damage|p2a: Typhlosion|0 fnt\n|faint|p2a: Typhlosion\n|\n|-heal|p1b: Manaphy|46\/100|[from] item: Leftovers\n|-heal|p1b: Manaphy|52\/100|[from] Aqua Ring\n|upkeep\n|\n|t:|1700148153\n|switch|p2a: Decidueye|Decidueye, M, shiny|100\/100\n|turn|7\n|\n|t:|1700148158\n|-terastallize|p1b: Manaphy|Steel\n|move|p2b: Oricorio|Helping Hand|p2a: Decidueye\n|-singleturn|p2a: Decidueye|Helping Hand|[of] p2b: Oricorio\n|move|p2a: Decidueye|Leaf Blade|p1b: Manaphy\n|-resisted|p1b: Manaphy\n|-damage|p1b: Manaphy|29\/100\n|move|p1b: Manaphy|Acid Armor|p1b: Manaphy\n|-boost|p1b: Manaphy|def|2\n|\n|-heal|p1b: Manaphy|35\/100|[from] item: Leftovers\n|-heal|p1b: Manaphy|41\/100|[from] Aqua Ring\n|upkeep\n|turn|8\n|\n|t:|1700148168\n|move|p2b: Oricorio|Taunt|p1b: Manaphy\n|-start|p1b: Manaphy|move: Taunt\n|move|p2a: Decidueye|Swords Dance|p2a: Decidueye\n|-boost|p2a: Decidueye|atk|2\n|-activate|p2b: Oricorio|ability: Dancer\n|move|p2b: Oricorio|Swords Dance|p2b: Oricorio|[from]ability: Dancer\n|-boost|p2b: Oricorio|atk|2\n|move|p1b: Manaphy|Stored Power|p2a: Decidueye\n|-damage|p2a: Decidueye|0 fnt\n|faint|p2a: Decidueye\n|\n|-heal|p1b: Manaphy|47\/100|[from] item: Leftovers\n|-heal|p1b: Manaphy|53\/100|[from] Aqua Ring\n|upkeep\n|\n|t:|1700148179\n|switch|p2a: Basculegion|Basculegion-F, F|100\/100\n|turn|9\n|\n|t:|1700148186\n|move|p2b: Oricorio|Helping Hand|p2a: Basculegion\n|-singleturn|p2a: Basculegion|Helping Hand|[of] p2b: Oricorio\n|move|p1b: Manaphy|Stored Power|p2a: Basculegion\n|-damage|p2a: Basculegion|0 fnt\n|faint|p2a: Basculegion\n|\n|-heal|p1b: Manaphy|60\/100|[from] item: Leftovers\n|-heal|p1b: Manaphy|66\/100|[from] Aqua Ring\n|upkeep\n|\n|t:|1700148191\n|switch|p2a: Dragapult|Dragapult, M|100\/100\n|turn|10\n|\n|t:|1700148197\n|move|p2a: Dragapult|Phantom Force||[still]\n|-prepare|p2a: Dragapult|Phantom Force\n|move|p2b: Oricorio|Icy Wind|p1b: Manaphy\n|-resisted|p1b: Manaphy\n|-damage|p1b: Manaphy|64\/100\n|-unboost|p1b: Manaphy|spe|1\n|move|p1b: Manaphy|Stored Power|p2a: Dragapult|[miss]\n|-miss|p1b: Manaphy|p2a: Dragapult\n|\n|-heal|p1b: Manaphy|71\/100|[from] item: Leftovers\n|-heal|p1b: Manaphy|77\/100|[from] Aqua Ring\n|-end|p1b: Manaphy|move: Taunt\n|upkeep\n|turn|11\n|\n|t:|1700148206\n|move|p2b: Oricorio|Helping Hand|p2a: Dragapult\n|-singleturn|p2a: Dragapult|Helping Hand|[of] p2b: Oricorio\n|move|p2a: Dragapult|Phantom Force|p1b: Manaphy|[from]lockedmove\n|-damage|p1b: Manaphy|46\/100\n|move|p1b: Manaphy|Stored Power|p2a: Dragapult\n|-crit|p2a: Dragapult\n|-damage|p2a: Dragapult|0 fnt\n|faint|p2a: Dragapult\n|\n|-heal|p1b: Manaphy|52\/100|[from] item: Leftovers\n|-heal|p1b: Manaphy|58\/100|[from] Aqua Ring\n|upkeep\n|\n|t:|1700148211\n|switch|p2a: Oricorio|Oricorio-Sensu, F|100\/100\n|turn|12\n|\n|t:|1700148217\n|move|p2b: Oricorio|Helping Hand|p2a: Oricorio\n|-singleturn|p2a: Oricorio|Helping Hand|[of] p2b: Oricorio\n|move|p2a: Oricorio|Snarl|p1b: Manaphy\n|-damage|p1b: Manaphy|51\/100\n|-unboost|p1b: Manaphy|spa|1\n|-enditem|p2a: Oricorio|Throat Spray\n|-boost|p2a: Oricorio|spa|1|[from] item: Throat Spray\n|move|p1b: Manaphy|Stored Power|p2a: Oricorio\n|-damage|p2a: Oricorio|0 fnt\n|replace|p2a: Zoroark|Zoroark-Hisui, M\n|-end|p2a: Zoroark|Illusion\n|faint|p2a: Zoroark\n|\n|-heal|p1b: Manaphy|58\/100|[from] item: Leftovers\n|-heal|p1b: Manaphy|64\/100|[from] Aqua Ring\n|upkeep\n|turn|13\n|c|\u2606AdvancedDigit|gg\n|\n|t:|1700148222\n|move|p2b: Oricorio|Icy Wind|p1b: Manaphy\n|-resisted|p1b: Manaphy\n|-damage|p1b: Manaphy|62\/100\n|-unboost|p1b: Manaphy|spe|1\n|move|p1b: Manaphy|Stored Power|p2b: Oricorio\n|-damage|p2b: Oricorio|6\/100\n|\n|-heal|p2b: Oricorio|12\/100|[from] item: Leftovers\n|-heal|p1b: Manaphy|69\/100|[from] item: Leftovers\n|-heal|p1b: Manaphy|75\/100|[from] Aqua Ring\n|upkeep\n|turn|14\n|-message|Edarks forfeited.\n|\n|win|AdvancedDigit\n|raw|AdvancedDigit's rating: 1189 &rarr; <strong>1217<\/strong><br \/>(+28 for winning)\n|raw|Edarks's rating: 1226 &rarr; <strong>1198<\/strong><br \/>(-28 for losing)\n|l|\u2606Edarks\n","uploadtime":1700148238,"views":16,"p1id":"advanceddigit","p2id":"edarks","formatid":"gen9doublesou","rating":1198,"private":0,"password":""}