{"id":"gen9doublesou-1978110871","p1":"DanilOTeo","p2":"DogeZer0","format":"[Gen 9] Doubles OU","log":"|j|\u2606DanilOTeo\n|j|\u2606DogeZer0\n|t:|1698500704\n|gametype|doubles\n|player|p1|DanilOTeo|giovanni|1092\n|player|p2|DogeZer0|pokemonrangerf|1035\n|teamsize|p1|6\n|teamsize|p2|6\n|gen|9\n|tier|[Gen 9] Doubles OU\n|rated|\n|rule|Species Clause: Limit one of each Pok\u00e9mon\n|rule|OHKO Clause: OHKO moves are banned\n|rule|Evasion Moves Clause: Evasion moves are banned\n|rule|Gravity Sleep Clause: The combination of sleep-inducing moves with imperfect accuracy and Gravity or Gigantamax Orbeetle are banned\n|rule|Endless Battle Clause: Forcing endless battles is banned\n|rule|HP Percentage Mod: HP is shown in percentages\n|clearpoke\n|poke|p1|Hatterene, F|\n|poke|p1|Torkoal, M|\n|poke|p1|Typhlosion, M|\n|poke|p1|Ribombee, F|\n|poke|p1|Rillaboom, M|\n|poke|p1|Zoroark, M|\n|poke|p2|Kommo-o, F|\n|poke|p2|Iron Hands|\n|poke|p2|Sinistcha|\n|poke|p2|Clefairy, M|\n|poke|p2|Arcanine-Hisui, F|\n|poke|p2|Ogerpon-Wellspring, F|\n|teampreview\n|inactive|Battle timer is ON: inactive players will automatically lose when time's up. (requested by DanilOTeo)\n|\n|t:|1698500737\n|start\n|switch|p1a: Torkoal|Torkoal, M|100\/100\n|switch|p1b: Ribombee|Ribombee, F|100\/100\n|switch|p2a: Clefairy|Clefairy, M|100\/100\n|switch|p2b: Iron Hands|Iron Hands|100\/100\n|-weather|SunnyDay|[from] ability: Drought|[of] p1a: Torkoal\n|turn|1\n|\n|t:|1698500766\n|move|p1b: Ribombee|Sticky Web|p2a: Clefairy\n|-sidestart|p2: DogeZer0|move: Sticky Web\n|move|p2b: Iron Hands|Drain Punch|p2a: Clefairy\n|-resisted|p2a: Clefairy\n|-damage|p2a: Clefairy|80\/100\n|move|p2a: Clefairy|After You||[still]\n|-fail|p2a: Clefairy\n|move|p1a: Torkoal|Stealth Rock|p2a: Clefairy\n|-sidestart|p2: DogeZer0|move: Stealth Rock\n|\n|-weather|SunnyDay|[upkeep]\n|upkeep\n|turn|2\n|\n|t:|1698500792\n|move|p1b: Ribombee|Quiver Dance|p1b: Ribombee\n|-boost|p1b: Ribombee|spa|1\n|-boost|p1b: Ribombee|spd|1\n|-boost|p1b: Ribombee|spe|1\n|move|p2b: Iron Hands|Wild Charge|p1a: Torkoal\n|-damage|p1a: Torkoal|59\/100\n|-damage|p2b: Iron Hands|94\/100|[from] Recoil\n|move|p2a: Clefairy|Dazzling Gleam|p1a: Torkoal|[spread] p1a,p1b\n|-resisted|p1a: Torkoal\n|-damage|p1a: Torkoal|51\/100\n|-damage|p1b: Ribombee|83\/100\n|move|p1a: Torkoal|Clear Smog|p2a: Clefairy\n|-supereffective|p2a: Clefairy\n|-damage|p2a: Clefairy|62\/100\n|-clearboost|p2a: Clefairy\n|\n|-weather|SunnyDay|[upkeep]\n|-heal|p1a: Torkoal|57\/100|[from] item: Leftovers\n|upkeep\n|turn|3\n|inactive|DogeZer0 has 120 seconds left.\n|\n|t:|1698500832\n|move|p1b: Ribombee|Baton Pass|p1b: Ribombee\n|\n|t:|1698500834\n|switch|p1b: Typhlosion|Typhlosion, M|100\/100|[from] Baton Pass\n|move|p2b: Iron Hands|Heavy Slam|p1b: Typhlosion\n|-resisted|p1b: Typhlosion\n|-damage|p1b: Typhlosion|72\/100\n|move|p2a: Clefairy|After You||[still]\n|-fail|p2a: Clefairy\n|move|p1a: Torkoal|Lava Plume|p2b: Iron Hands|[spread] p2a,p2b\n|-start|p1b: Typhlosion|ability: Flash Fire\n|-damage|p2a: Clefairy|40\/100\n|-damage|p2b: Iron Hands|80\/100\n|-status|p2b: Iron Hands|brn\n|\n|-weather|SunnyDay|[upkeep]\n|-heal|p1a: Torkoal|63\/100|[from] item: Leftovers\n|-damage|p2b: Iron Hands|74\/100 brn|[from] brn\n|upkeep\n|turn|4\n|inactive|DogeZer0 has 120 seconds left.\n|\n|t:|1698500880\n|switch|p1a: Hatterene|Hatterene, F|100\/100\n|-terastallize|p1b: Typhlosion|Fire\n|move|p2a: Clefairy|Follow Me|p2a: Clefairy\n|-singleturn|p2a: Clefairy|move: Follow Me\n|move|p1b: Typhlosion|Eruption|p2b: Iron Hands|[spread] p2a,p2b\n|-damage|p2a: Clefairy|0 fnt\n|-damage|p2b: Iron Hands|0 fnt\n|faint|p2a: Clefairy\n|faint|p2b: Iron Hands\n|-end|p2b: Iron Hands|Quark Drive|[silent]\n|\n|-weather|SunnyDay|[upkeep]\n|upkeep\n|inactive|DogeZer0 has 90 seconds left.\n|\n|t:|1698500905\n|switch|p2b: Kommo-o|Kommo-o, F|100\/100\n|switch|p2a: Ogerpon|Ogerpon-Wellspring, F|100\/100\n|-activate|p2a: Ogerpon|move: Sticky Web\n|-unboost|p2a: Ogerpon|spe|1\n|-damage|p2a: Ogerpon|88\/100|[from] Stealth Rock\n|-activate|p2b: Kommo-o|move: Sticky Web\n|-unboost|p2b: Kommo-o|spe|1\n|-damage|p2b: Kommo-o|94\/100|[from] Stealth Rock\n|turn|5\n|inactive|DogeZer0 has 90 seconds left.\n|\n|t:|1698500925\n|-terastallize|p2a: Ogerpon|Water\n|detailschange|p2a: Ogerpon|Ogerpon-Wellspring-Tera, F, tera:Water\n|-ability|p2a: Ogerpon|Embody Aspect (Wellspring)|boost\n|-boost|p2a: Ogerpon|spd|1\n|move|p2b: Kommo-o|Protect|p2b: Kommo-o\n|-singleturn|p2b: Kommo-o|Protect\n|move|p1b: Typhlosion|Eruption|p2a: Ogerpon|[spread] p2a\n|-activate|p2b: Kommo-o|move: Protect\n|-resisted|p2a: Ogerpon\n|-damage|p2a: Ogerpon|11\/100\n|move|p2a: Ogerpon|Ivy Cudgel|p1b: Typhlosion\n|-supereffective|p1b: Typhlosion\n|-damage|p1b: Typhlosion|0 fnt\n|faint|p1b: Typhlosion\n|move|p1a: Hatterene|Heal Pulse|p1: Typhlosion|[notarget]\n|-fail|p1a: Hatterene\n|\n|-weather|none\n|upkeep\n|\n|t:|1698500946\n|switch|p1b: Ribombee|Ribombee, F|83\/100\n|turn|6\n|\n|t:|1698500966\n|move|p2a: Ogerpon|Spiky Shield|p2a: Ogerpon\n|-singleturn|p2a: Ogerpon|move: Protect\n|move|p1b: Ribombee|Quiver Dance|p1b: Ribombee\n|-boost|p1b: Ribombee|spa|1\n|-boost|p1b: Ribombee|spd|1\n|-boost|p1b: Ribombee|spe|1\n|move|p2b: Kommo-o|Clanging Scales|p1b: Ribombee|[spread] \n|-immune|p1a: Hatterene\n|-immune|p1b: Ribombee\n|move|p1a: Hatterene|Dazzling Gleam|p2b: Kommo-o|[spread] p2b\n|-activate|p2a: Ogerpon|move: Protect\n|-supereffective|p2b: Kommo-o\n|-damage|p2b: Kommo-o|0 fnt\n|faint|p2b: Kommo-o\n|\n|upkeep\n|\n|t:|1698500973\n|switch|p2b: Arcanine|Arcanine-Hisui, F|100\/100\n|-activate|p2b: Arcanine|move: Sticky Web\n|-unboost|p2b: Arcanine|spe|1\n|-damage|p2b: Arcanine|75\/100|[from] Stealth Rock\n|-ability|p2b: Arcanine|Intimidate|boost\n|-unboost|p1a: Hatterene|atk|1\n|-unboost|p1b: Ribombee|atk|1\n|turn|7\n|inactive|DogeZer0 has 120 seconds left.\n|\n|t:|1698500996\n|move|p1b: Ribombee|Quiver Dance|p1b: Ribombee\n|-boost|p1b: Ribombee|spa|1\n|-boost|p1b: Ribombee|spd|1\n|-boost|p1b: Ribombee|spe|1\n|move|p2a: Ogerpon|Horn Leech|p1a: Hatterene\n|-damage|p1a: Hatterene|51\/100\n|-heal|p2a: Ogerpon|32\/100|[from] drain|[of] p1a: Hatterene\n|move|p2b: Arcanine|Rock Slide|p1a: Hatterene|[spread] p1a,p1b\n|-supereffective|p1b: Ribombee\n|-damage|p1a: Hatterene|23\/100\n|-damage|p1b: Ribombee|0 fnt\n|faint|p1b: Ribombee\n|move|p1a: Hatterene|Heal Pulse|p1: Ribombee|[notarget]\n|-fail|p1a: Hatterene\n|\n|-heal|p1a: Hatterene|29\/100|[from] item: Leftovers\n|upkeep\n|\n|t:|1698501010\n|switch|p1b: Rillaboom|Rillaboom, M|100\/100\n|-fieldstart|move: Grassy Terrain|[from] ability: Grassy Surge|[of] p1b: Rillaboom\n|turn|8\n|inactive|DogeZer0 has 120 seconds left.\n|\n|t:|1698501040\n|switch|p1a: Torkoal|Torkoal, M|63\/100\n|-weather|SunnyDay|[from] ability: Drought|[of] p1a: Torkoal\n|move|p2a: Ogerpon|Spiky Shield|p2a: Ogerpon\n|-singleturn|p2a: Ogerpon|move: Protect\n|move|p1b: Rillaboom|Swords Dance|p1b: Rillaboom\n|-boost|p1b: Rillaboom|atk|2\n|move|p2b: Arcanine|Flare Blitz|p1b: Rillaboom\n|-supereffective|p1b: Rillaboom\n|-damage|p1b: Rillaboom|0 fnt\n|faint|p1b: Rillaboom\n|-damage|p2b: Arcanine|37\/100|[from] Recoil\n|-enditem|p2b: Arcanine|Sitrus Berry|[eat]\n|-heal|p2b: Arcanine|62\/100|[from] item: Sitrus Berry\n|\n|-weather|SunnyDay|[upkeep]\n|-heal|p2a: Ogerpon|38\/100|[from] Grassy Terrain\n|-heal|p2b: Arcanine|68\/100|[from] Grassy Terrain\n|-heal|p1a: Torkoal|69\/100|[from] Grassy Terrain\n|-heal|p1a: Torkoal|75\/100|[from] item: Leftovers\n|upkeep\n|\n|t:|1698501060\n|switch|p1b: Hatterene|Hatterene, F|100\/100\n|turn|9\n|inactive|DogeZer0 has 120 seconds left.\n|\n|t:|1698501077\n|move|p1b: Hatterene|Sucker Punch|p2b: Arcanine\n|-damage|p2b: Arcanine|40\/100\n|move|p2a: Ogerpon|Ivy Cudgel|p1a: Torkoal\n|-supereffective|p1a: Torkoal\n|-damage|p1a: Torkoal|15\/100\n|move|p2b: Arcanine|Rock Slide|p1b: Hatterene|[spread] p1a\n|-miss|p2b: Arcanine|p1b: Hatterene\n|-supereffective|p1a: Torkoal\n|-damage|p1a: Torkoal|0 fnt\n|faint|p1a: Torkoal\n|\n|-weather|SunnyDay|[upkeep]\n|-heal|p2a: Ogerpon|44\/100|[from] Grassy Terrain\n|-heal|p2b: Arcanine|46\/100|[from] Grassy Terrain\n|upkeep\n|\n|t:|1698501090\n|switch|p1a: Hatterene|Hatterene, F|29\/100\n|turn|10\n|inactive|DanilOTeo has 120 seconds left.\n|\n|t:|1698501121\n|move|p2b: Arcanine|Extreme Speed|p1a: Hatterene\n|-damage|p1a: Hatterene|0 fnt\n|faint|p1a: Hatterene\n|move|p1b: Hatterene|Sucker Punch||[still]\n|-fail|p1b: Hatterene\n|move|p2a: Ogerpon|Ivy Cudgel|p1b: Hatterene\n|-crit|p1b: Hatterene\n|-enditem|p1b: Hatterene|Focus Sash\n|-damage|p1b: Hatterene|1\/100\n|replace|p1b: Zoroark|Zoroark, M\n|-end|p1b: Zoroark|Illusion\n|\n|-weather|SunnyDay|[upkeep]\n|-heal|p1b: Zoroark|7\/100|[from] Grassy Terrain\n|-heal|p2a: Ogerpon|50\/100|[from] Grassy Terrain\n|-heal|p2b: Arcanine|53\/100|[from] Grassy Terrain\n|upkeep\n|turn|11\n|\n|t:|1698501148\n|move|p2b: Arcanine|Extreme Speed|p1b: Zoroark\n|-crit|p1b: Zoroark\n|-damage|p1b: Zoroark|0 fnt\n|faint|p1b: Zoroark\n|\n|win|DogeZer0\n|raw|DanilOTeo's rating: 1092 &rarr; <strong>1064<\/strong><br \/>(-28 for losing)\n|raw|DogeZer0's rating: 1035 &rarr; <strong>1075<\/strong><br \/>(+40 for winning)\n|l|\u2606DanilOTeo\n|c|\u2606DogeZer0|Gg\n","uploadtime":1698501172,"views":22,"p1id":"daniloteo","p2id":"dogezer0","formatid":"gen9doublesou","rating":1064,"private":0,"password":""}