{"id":"gen9doublesou-1993153499","p1":"Masterkailor","p2":"Kssc","format":"[Gen 9] Doubles OU","log":"|j|\u2606Masterkailor\n|j|\u2606Kssc\n|t:|1700271243\n|gametype|doubles\n|player|p1|Masterkailor|101|1372\n|player|p2|Kssc|1|1327\n|teamsize|p1|6\n|teamsize|p2|6\n|gen|9\n|tier|[Gen 9] Doubles OU\n|rated|\n|rule|Species Clause: Limit one of each Pok\u00e9mon\n|rule|OHKO Clause: OHKO moves are banned\n|rule|Evasion Moves Clause: Evasion moves are banned\n|rule|Gravity Sleep Clause: The combination of sleep-inducing moves with imperfect accuracy and Gravity or Gigantamax Orbeetle are banned\n|rule|Endless Battle Clause: Forcing endless battles is banned\n|rule|HP Percentage Mod: HP is shown in percentages\n|clearpoke\n|poke|p1|Rillaboom, M|\n|poke|p1|Gholdengo|\n|poke|p1|Arcanine-Hisui, M|\n|poke|p1|Iron Hands|\n|poke|p1|Tornadus, M|\n|poke|p1|Iron Bundle|\n|poke|p2|Kommo-o, M|\n|poke|p2|Flamigo, F|\n|poke|p2|Sinistcha-Masterpiece|\n|poke|p2|Grimmsnarl, M|\n|poke|p2|Gyarados, M|\n|poke|p2|Cresselia, F|\n|teampreview\n|inactive|Battle timer is ON: inactive players will automatically lose when time's up. (requested by Masterkailor)\n|inactive|Masterkailor has 120 seconds left.\n|\n|t:|1700271281\n|start\n|switch|p1a: Tornadus|Tornadus, M|100\/100\n|switch|p1b: Iron Hands|Iron Hands|100\/100\n|switch|p2a: Grimmsnarl|Grimmsnarl, M|100\/100\n|switch|p2b: Sinistcha|Sinistcha-Masterpiece|100\/100\n|turn|1\n|\n|t:|1700271296\n|move|p1a: Tornadus|Tailwind|p1a: Tornadus\n|-sidestart|p1: Masterkailor|move: Tailwind\n|move|p2a: Grimmsnarl|Taunt|p1a: Tornadus\n|-start|p1a: Tornadus|move: Taunt\n|move|p1b: Iron Hands|Heavy Slam|p2a: Grimmsnarl\n|-supereffective|p2a: Grimmsnarl\n|-damage|p2a: Grimmsnarl|0 fnt\n|faint|p2a: Grimmsnarl\n|move|p2b: Sinistcha|Strength Sap|p1b: Iron Hands\n|-unboost|p1b: Iron Hands|atk|1\n|\n|upkeep\n|\n|t:|1700271308\n|switch|p2a: Gyarados|Gyarados, M|100\/100\n|-ability|p2a: Gyarados|Intimidate|boost\n|-unboost|p1a: Tornadus|atk|1\n|-unboost|p1b: Iron Hands|atk|1\n|turn|2\n|inactive|Masterkailor has 120 seconds left.\n|\n|t:|1700271341\n|switch|p2a: Cresselia|Cresselia, F|100\/100\n|move|p1a: Tornadus|Bleakwind Storm|p2b: Sinistcha|[spread] p2a,p2b\n|-supereffective|p2b: Sinistcha\n|-damage|p2a: Cresselia|81\/100\n|-damage|p2b: Sinistcha|16\/100\n|-unboost|p2a: Cresselia|spe|1\n|-unboost|p2b: Sinistcha|spe|1\n|move|p1b: Iron Hands|Wild Charge|p2a: Cresselia\n|-damage|p2a: Cresselia|62\/100\n|-damage|p1b: Iron Hands|96\/100|[from] Recoil\n|move|p2b: Sinistcha|Matcha Gotcha|p1a: Tornadus|[spread] p1a,p1b\n|-resisted|p1a: Tornadus\n|-damage|p1a: Tornadus|89\/100\n|-heal|p2b: Sinistcha|21\/100|[from] drain|[of] p1a: Tornadus\n|-damage|p1b: Iron Hands|84\/100\n|-heal|p2b: Sinistcha|29\/100|[from] drain|[of] p1b: Iron Hands\n|\n|-heal|p2a: Cresselia|68\/100|[from] item: Leftovers\n|-heal|p2b: Sinistcha|35\/100|[from] item: Leftovers\n|upkeep\n|turn|3\n|\n|t:|1700271369\n|switch|p2b: Gyarados|Gyarados, M|100\/100\n|-ability|p2b: Gyarados|Intimidate|boost\n|-unboost|p1a: Tornadus|atk|1\n|-unboost|p1b: Iron Hands|atk|1\n|move|p1a: Tornadus|Bleakwind Storm|p2a: Cresselia|[spread] p2a,p2b\n|-damage|p2a: Cresselia|50\/100\n|-damage|p2b: Gyarados|59\/100\n|-unboost|p2b: Gyarados|spe|1\n|move|p1b: Iron Hands|Heavy Slam|p2b: Gyarados\n|-resisted|p2b: Gyarados\n|-damage|p2b: Gyarados|55\/100\n|move|p2a: Cresselia|Lunar Blessing|p2a: Cresselia|[spread] p2a,p2b\n|-heal|p2a: Cresselia|75\/100\n|-heal|p2b: Gyarados|80\/100\n|\n|-heal|p2a: Cresselia|81\/100|[from] item: Leftovers\n|upkeep\n|turn|4\n|\n|t:|1700271394\n|switch|p2b: Sinistcha|Sinistcha-Masterpiece|35\/100\n|-heal|p2a: Cresselia|100\/100|[from] ability: Hospitality|[of] p2b: Sinistcha\n|move|p1a: Tornadus|Bleakwind Storm|p2b: Sinistcha|[spread] p2a\n|-miss|p1a: Tornadus|p2b: Sinistcha\n|-damage|p2a: Cresselia|83\/100\n|-unboost|p2a: Cresselia|spe|1\n|move|p1b: Iron Hands|Wild Charge|p2b: Sinistcha\n|-resisted|p2b: Sinistcha\n|-damage|p2b: Sinistcha|28\/100\n|-damage|p1b: Iron Hands|83\/100|[from] Recoil\n|move|p2a: Cresselia|Lunar Blessing|p2a: Cresselia|[spread] p2a,p2b\n|-heal|p2a: Cresselia|100\/100\n|-heal|p2b: Sinistcha|53\/100\n|\n|-heal|p2b: Sinistcha|59\/100|[from] item: Leftovers\n|-end|p1a: Tornadus|move: Taunt\n|-sideend|p1: Masterkailor|move: Tailwind\n|upkeep\n|turn|5\n|\n|t:|1700271420\n|-end|p1b: Iron Hands|Quark Drive|[silent]\n|switch|p1b: Arcanine|Arcanine-Hisui, M|100\/100\n|-ability|p1b: Arcanine|Intimidate|boost\n|-unboost|p2a: Cresselia|atk|1\n|-unboost|p2b: Sinistcha|atk|1\n|move|p1a: Tornadus|Rain Dance|p1a: Tornadus\n|-weather|RainDance\n|move|p2b: Sinistcha|Strength Sap|p1b: Arcanine\n|-unboost|p1b: Arcanine|atk|1\n|-heal|p2b: Sinistcha|100\/100\n|move|p2a: Cresselia|Psychic|p1b: Arcanine\n|-damage|p1b: Arcanine|70\/100\n|\n|-weather|RainDance|[upkeep]\n|upkeep\n|turn|6\n|\n|t:|1700271433\n|move|p1b: Arcanine|Protect|p1b: Arcanine\n|-singleturn|p1b: Arcanine|Protect\n|move|p1a: Tornadus|Bleakwind Storm|p2a: Cresselia|[spread] p2a,p2b\n|-supereffective|p2b: Sinistcha\n|-damage|p2a: Cresselia|81\/100\n|-damage|p2b: Sinistcha|16\/100\n|move|p2b: Sinistcha|Matcha Gotcha|p1b: Arcanine|[spread] p1a\n|-activate|p1b: Arcanine|move: Protect\n|-resisted|p1a: Tornadus\n|-damage|p1a: Tornadus|78\/100\n|-heal|p2b: Sinistcha|22\/100|[from] drain|[of] p1a: Tornadus\n|move|p2a: Cresselia|Psychic|p1a: Tornadus\n|-damage|p1a: Tornadus|53\/100\n|\n|-weather|RainDance|[upkeep]\n|-heal|p2b: Sinistcha|28\/100|[from] item: Leftovers\n|-heal|p2a: Cresselia|87\/100|[from] item: Leftovers\n|upkeep\n|turn|7\n|j| Le_Baddie\n|\n|t:|1700271455\n|switch|p2b: Gyarados|Gyarados, M|80\/100\n|-ability|p2b: Gyarados|Intimidate|boost\n|-unboost|p1a: Tornadus|atk|1\n|-unboost|p1b: Arcanine|atk|1\n|move|p1a: Tornadus|Taunt|p2a: Cresselia\n|-start|p2a: Cresselia|move: Taunt\n|move|p1b: Arcanine|Flare Blitz|p2b: Gyarados\n|-resisted|p2b: Gyarados\n|-damage|p2b: Gyarados|71\/100\n|-damage|p1b: Arcanine|67\/100|[from] Recoil\n|cant|p2a: Cresselia|move: Taunt|Lunar Blessing\n|\n|-weather|RainDance|[upkeep]\n|-heal|p2a: Cresselia|93\/100|[from] item: Leftovers\n|upkeep\n|turn|8\n|\n|t:|1700271473\n|move|p1b: Arcanine|Protect|p1b: Arcanine\n|-singleturn|p1b: Arcanine|Protect\n|move|p1a: Tornadus|Bleakwind Storm|p2b: Gyarados|[spread] p2a,p2b\n|-damage|p2a: Cresselia|76\/100\n|-damage|p2b: Gyarados|35\/100\n|-unboost|p2a: Cresselia|spe|1\n|move|p2b: Gyarados|Earthquake|p1b: Arcanine|[spread] \n|-activate|p1b: Arcanine|move: Protect\n|-immune|p2a: Cresselia|[from] ability: Levitate\n|-immune|p1a: Tornadus\n|move|p2a: Cresselia|Psychic|p1a: Tornadus\n|-damage|p1a: Tornadus|28\/100\n|\n|-weather|RainDance|[upkeep]\n|-heal|p2a: Cresselia|82\/100|[from] item: Leftovers\n|upkeep\n|turn|9\n|\n|t:|1700271496\n|move|p1b: Arcanine|Extreme Speed|p2b: Gyarados\n|-damage|p2b: Gyarados|16\/100\n|-enditem|p2b: Gyarados|Aguav Berry|[eat]\n|-heal|p2b: Gyarados|49\/100|[from] item: Aguav Berry\n|move|p1a: Tornadus|Bleakwind Storm|p2a: Cresselia|[spread] p2a,p2b\n|-damage|p2a: Cresselia|63\/100\n|-damage|p2b: Gyarados|7\/100\n|-unboost|p2a: Cresselia|spe|1\n|move|p2b: Gyarados|Earthquake|p1b: Arcanine|[spread] p1b\n|-immune|p2a: Cresselia|[from] ability: Levitate\n|-immune|p1a: Tornadus\n|-supereffective|p1b: Arcanine\n|-damage|p1b: Arcanine|0 fnt\n|faint|p1b: Arcanine\n|move|p2a: Cresselia|Psychic|p1a: Tornadus\n|-damage|p1a: Tornadus|6\/100\n|\n|-weather|none\n|-heal|p2a: Cresselia|69\/100|[from] item: Leftovers\n|-end|p2a: Cresselia|move: Taunt\n|upkeep\n|\n|t:|1700271521\n|switch|p1b: Rillaboom|Rillaboom, M|100\/100\n|-fieldstart|move: Grassy Terrain|[from] ability: Grassy Surge|[of] p1b: Rillaboom\n|turn|10\n|\n|t:|1700271530\n|switch|p2b: Sinistcha|Sinistcha-Masterpiece|28\/100\n|-heal|p2a: Cresselia|94\/100|[from] ability: Hospitality|[of] p2b: Sinistcha\n|move|p1a: Tornadus|Tailwind|p1a: Tornadus\n|-sidestart|p1: Masterkailor|move: Tailwind\n|move|p1b: Rillaboom|Grassy Glide|p2b: Sinistcha\n|-resisted|p2b: Sinistcha\n|-damage|p2b: Sinistcha|15\/100\n|move|p2a: Cresselia|Psychic|p1a: Tornadus\n|-damage|p1a: Tornadus|0 fnt\n|faint|p1a: Tornadus\n|\n|-heal|p2b: Sinistcha|21\/100|[from] Grassy Terrain\n|-heal|p2b: Sinistcha|27\/100|[from] item: Leftovers\n|-heal|p2a: Cresselia|99\/100|[from] item: Leftovers\n|upkeep\n|\n|t:|1700271543\n|switch|p1a: Iron Bundle|Iron Bundle|100\/100\n|-enditem|p1a: Iron Bundle|Booster Energy\n|-activate|p1a: Iron Bundle|ability: Quark Drive|[fromitem]\n|-start|p1a: Iron Bundle|quarkdrivespe\n|turn|11\n|\n|t:|1700271556\n|move|p1a: Iron Bundle|Icy Wind|p2b: Sinistcha|[spread] p2a,p2b\n|-supereffective|p2b: Sinistcha\n|-damage|p2a: Cresselia|90\/100\n|-damage|p2b: Sinistcha|0 fnt\n|-unboost|p2a: Cresselia|spe|1\n|faint|p2b: Sinistcha\n|move|p1b: Rillaboom|U-turn|p2a: Cresselia\n|-supereffective|p2a: Cresselia\n|-damage|p2a: Cresselia|57\/100\n|\n|t:|1700271568\n|switch|p1b: Gholdengo|Gholdengo|100\/100|[from] U-turn\n|move|p2a: Cresselia|Lunar Blessing|p2a: Cresselia\n|-heal|p2a: Cresselia|82\/100\n|\n|-heal|p2a: Cresselia|89\/100|[from] item: Leftovers\n|upkeep\n|\n|t:|1700271576\n|switch|p2b: Kommo-o|Kommo-o, M|100\/100\n|turn|12\n|\n|t:|1700271597\n|-terastallize|p1a: Iron Bundle|Water\n|-terastallize|p2b: Kommo-o|Fire\n|move|p1a: Iron Bundle|Hydro Pump|p2b: Kommo-o\n|-supereffective|p2b: Kommo-o\n|-damage|p2b: Kommo-o|0 fnt\n|faint|p2b: Kommo-o\n|move|p1b: Gholdengo|Trick|p2a: Cresselia\n|-activate|p1b: Gholdengo|move: Trick|[of] p2a: Cresselia\n|-item|p2a: Cresselia|Choice Specs|[from] move: Trick\n|-item|p1b: Gholdengo|Leftovers|[from] move: Trick\n|move|p2a: Cresselia|Lunar Blessing|p2a: Cresselia\n|-heal|p2a: Cresselia|100\/100\n|\n|upkeep\n|-message|Kssc forfeited.\n|\n|win|Masterkailor\n|raw|Masterkailor's rating: 1372 &rarr; <strong>1389<\/strong><br \/>(+17 for winning)\n|raw|Kssc's rating: 1327 &rarr; <strong>1310<\/strong><br \/>(-17 for losing)\n|l|\u2606Kssc\n|c|\u2606Masterkailor|gg\n","uploadtime":1700271650,"views":14,"p1id":"masterkailor","p2id":"kssc","formatid":"gen9doublesou","rating":1310,"private":0,"password":""}