{"id":"gen9doublesou-1970976235","p1":"Jdr0045Xx","p2":"mikeyuwu","format":"[Gen 9] Doubles OU","log":"|j|\u2606Jdr0045Xx\n|j|\u2606mikeyuwu\n|t:|1697687356\n|gametype|doubles\n|player|p1|Jdr0045Xx|steven|1386\n|player|p2|mikeyuwu|psychic-gen4|1351\n|teamsize|p1|6\n|teamsize|p2|6\n|gen|9\n|tier|[Gen 9] Doubles OU\n|rated|\n|rule|Species Clause: Limit one of each Pok\u00e9mon\n|rule|OHKO Clause: OHKO moves are banned\n|rule|Evasion Moves Clause: Evasion moves are banned\n|rule|Gravity Sleep Clause: The combination of sleep-inducing moves with imperfect accuracy and Gravity or Gigantamax Orbeetle are banned\n|rule|Endless Battle Clause: Forcing endless battles is banned\n|rule|HP Percentage Mod: HP is shown in percentages\n|clearpoke\n|poke|p1|Walking Wake|\n|poke|p1|Sableye, F|\n|poke|p1|Ninetales, F|\n|poke|p1|Lilligant-Hisui, F|\n|poke|p1|Kingambit, F|\n|poke|p1|Talonflame, M|\n|poke|p2|Garchomp, M|\n|poke|p2|Tyranitar, F|\n|poke|p2|Vaporeon, F|\n|poke|p2|Toxicroak, M|\n|poke|p2|Pelipper, F|\n|poke|p2|Abomasnow, M|\n|teampreview\n|\n|t:|1697687386\n|start\n|switch|p1a: Sableye|Sableye, F|100\/100\n|switch|p1b: Lilligant|Lilligant-Hisui, F|100\/100\n|switch|p2a: OTLHPM|Toxicroak, M|100\/100\n|switch|p2b: Harmacy|Vaporeon, F|100\/100\n|turn|1\n|\n|t:|1697687409\n|switch|p2a: Weather War|Pelipper, F|100\/100\n|-weather|RainDance|[from] ability: Drizzle|[of] p2a: Weather War\n|move|p1a: Sableye|Will-O-Wisp|p2a: Weather War\n|-status|p2a: Weather War|brn\n|move|p1b: Lilligant|Victory Dance|p1b: Lilligant\n|-boost|p1b: Lilligant|atk|1\n|-boost|p1b: Lilligant|def|1\n|-boost|p1b: Lilligant|spe|1\n|move|p2b: Harmacy|Icy Wind|p1b: Lilligant|[spread] p1a,p1b\n|-supereffective|p1b: Lilligant\n|-damage|p1a: Sableye|89\/100\n|-damage|p1b: Lilligant|69\/100\n|-unboost|p1a: Sableye|spe|1\n|-unboost|p1b: Lilligant|spe|1\n|-enditem|p1a: Sableye|Eject Button\n|\n|t:|1697687426\n|switch|p1a: Ninetales|Ninetales, F, shiny|100\/100\n|-weather|SunnyDay|[from] ability: Drought|[of] p1a: Ninetales\n|\n|-weather|SunnyDay|[upkeep]\n|-damage|p2a: Weather War|94\/100 brn|[from] brn\n|upkeep\n|turn|2\n|\n|t:|1697687452\n|move|p1b: Lilligant|Axe Kick|p2a: Weather War\n|-resisted|p2a: Weather War\n|-damage|p2a: Weather War|61\/100 brn\n|move|p1a: Ninetales|Solar Beam||[still]\n|-prepare|p1a: Ninetales|Solar Beam\n|-anim|p1a: Ninetales|Solar Beam|p2b: Harmacy\n|-supereffective|p2b: Harmacy\n|-damage|p2b: Harmacy|54\/100\n|move|p2a: Weather War|Hurricane|p1a: Ninetales|[miss]\n|-miss|p2a: Weather War|p1a: Ninetales\n|move|p2b: Harmacy|Weather Ball|p1b: Lilligant\n|-supereffective|p1b: Lilligant\n|-damage|p1b: Lilligant|0 fnt\n|faint|p1b: Lilligant\n|\n|-weather|SunnyDay|[upkeep]\n|-heal|p2b: Harmacy|60\/100|[from] item: Leftovers\n|-damage|p2a: Weather War|55\/100 brn|[from] brn\n|upkeep\n|inactive|Battle timer is ON: inactive players will automatically lose when time's up. (requested by mikeyuwu)\n|\n|t:|1697687497\n|switch|p1b: Kingambit|Kingambit, F|100\/100\n|-activate|p1b: Kingambit|ability: Supreme Overlord\n|-start|p1b: Kingambit|fallen1|[silent]\n|turn|3\n|\n|t:|1697687516\n|switch|p2b: Cold Shoulder|Abomasnow, M, shiny|100\/100\n|-weather|Snow|[from] ability: Snow Warning|[of] p2b: Cold Shoulder\n|-terastallize|p1a: Ninetales|Electric\n|move|p1a: Ninetales|Tera Blast|p2a: Weather War|[anim] Tera Blast Electric\n|-supereffective|p2a: Weather War\n|-damage|p2a: Weather War|0 fnt\n|faint|p2a: Weather War\n|move|p1b: Kingambit|Kowtow Cleave|p2b: Cold Shoulder\n|-damage|p2b: Cold Shoulder|67\/100\n|\n|-weather|Snow|[upkeep]\n|upkeep\n|\n|t:|1697687524\n|switch|p2a: OTLHPM|Toxicroak, M|100\/100\n|turn|4\n|inactive|Jdr0045Xx has 120 seconds left.\n|\n|t:|1697687562\n|switch|p2b: Extra Spicy|Garchomp, M|100\/100\n|-end|p1b: Kingambit|fallen1|[silent]\n|switch|p1b: Sableye|Sableye, F|89\/100\n|move|p1a: Ninetales|Tera Blast|p2a: OTLHPM|[anim] Tera Blast Electric\n|-damage|p2a: OTLHPM|62\/100\n|move|p2a: OTLHPM|Drain Punch|p1b: Sableye\n|-immune|p1b: Sableye\n|\n|-weather|Snow|[upkeep]\n|-heal|p2a: OTLHPM|68\/100|[from] item: Black Sludge\n|upkeep\n|turn|5\n|\n|t:|1697687578\n|switch|p2b: Cold Shoulder|Abomasnow, M, shiny|67\/100\n|move|p1b: Sableye|Fake Out|p2b: Cold Shoulder\n|-damage|p2b: Cold Shoulder|63\/100\n|move|p1a: Ninetales|Weather Ball|p2b: Cold Shoulder\n|-damage|p2b: Cold Shoulder|36\/100\n|move|p2a: OTLHPM|Earthquake|p1a: Ninetales|[spread] p2b,p1a,p1b\n|-resisted|p2b: Cold Shoulder\n|-supereffective|p1a: Ninetales\n|-damage|p2b: Cold Shoulder|29\/100\n|-damage|p1a: Ninetales|19\/100\n|-damage|p1b: Sableye|52\/100\n|\n|-weather|Snow|[upkeep]\n|-heal|p2a: OTLHPM|74\/100|[from] item: Black Sludge\n|upkeep\n|turn|6\n|inactive|Jdr0045Xx has 120 seconds left.\n|\n|t:|1697687626\n|switch|p2a: ThcrThnSnkr|Tyranitar, F|100\/100\n|-weather|Sandstorm|[from] ability: Sand Stream|[of] p2a: ThcrThnSnkr\n|switch|p2b: Harmacy|Vaporeon, F|60\/100\n|move|p1b: Sableye|Disable|p2a: ThcrThnSnkr\n|-hint|Since gen 7, Dark is immune to Prankster moves.\n|-immune|p2a: ThcrThnSnkr\n|move|p1a: Ninetales|Weather Ball|p2b: Harmacy\n|-damage|p2b: Harmacy|41\/100\n|\n|-weather|Sandstorm|[upkeep]\n|-damage|p1a: Ninetales|13\/100|[from] Sandstorm\n|-damage|p2b: Harmacy|35\/100|[from] Sandstorm\n|-damage|p1b: Sableye|46\/100|[from] Sandstorm\n|-heal|p2b: Harmacy|41\/100|[from] item: Leftovers\n|upkeep\n|turn|7\n|inactive|Jdr0045Xx has 120 seconds left.\n|\n|t:|1697687650\n|move|p1b: Sableye|Will-O-Wisp|p2a: ThcrThnSnkr\n|-hint|Since gen 7, Dark is immune to Prankster moves.\n|-immune|p2a: ThcrThnSnkr\n|move|p1a: Ninetales|Weather Ball|p2b: Harmacy\n|-damage|p2b: Harmacy|22\/100\n|move|p2a: ThcrThnSnkr|Rock Slide|p1a: Ninetales|[spread] p1a,p1b\n|-damage|p1a: Ninetales|0 fnt\n|-damage|p1b: Sableye|11\/100\n|faint|p1a: Ninetales\n|move|p2b: Harmacy|Icy Wind|p1b: Sableye\n|-damage|p1b: Sableye|0 fnt\n|faint|p1b: Sableye\n|\n|-weather|Sandstorm|[upkeep]\n|-damage|p2b: Harmacy|16\/100|[from] Sandstorm\n|-heal|p2b: Harmacy|22\/100|[from] item: Leftovers\n|upkeep\n|inactive|Jdr0045Xx has 120 seconds left.\n|\n|t:|1697687665\n|switch|p1a: Kingambit|Kingambit, F|100\/100\n|switch|p1b: Walking Wake|Walking Wake|100\/100\n|-activate|p1a: Kingambit|ability: Supreme Overlord\n|-start|p1a: Kingambit|fallen3|[silent]\n|turn|8\n|inactive|Jdr0045Xx has 120 seconds left.\n|\n|t:|1697687688\n|switch|p2a: OTLHPM|Toxicroak, M|74\/100\n|switch|p2b: Cold Shoulder|Abomasnow, M, shiny|29\/100\n|-weather|Snow|[from] ability: Snow Warning|[of] p2b: Cold Shoulder\n|move|p1b: Walking Wake|Draco Meteor|p2b: Cold Shoulder\n|-damage|p2b: Cold Shoulder|0 fnt\n|-unboost|p1b: Walking Wake|spa|2\n|faint|p2b: Cold Shoulder\n|move|p1a: Kingambit|Iron Head|p2a: OTLHPM\n|-damage|p2a: OTLHPM|0 fnt\n|faint|p2a: OTLHPM\n|\n|-weather|Snow|[upkeep]\n|upkeep\n|\n|t:|1697687703\n|switch|p2a: Extra Spicy|Garchomp, M|100\/100\n|switch|p2b: ThcrThnSnkr|Tyranitar, F|100\/100\n|-weather|Sandstorm|[from] ability: Sand Stream|[of] p2b: ThcrThnSnkr\n|turn|9\n|\n|t:|1697687728\n|-end|p1b: Walking Wake|Protosynthesis|[silent]\n|switch|p1b: Talonflame|Talonflame, M|100\/100\n|switch|p2b: Harmacy|Vaporeon, F|22\/100\n|-terastallize|p2a: Extra Spicy|Steel\n|move|p2a: Extra Spicy|Brick Break|p1a: Kingambit\n|-supereffective|p1a: Kingambit\n|-damage|p1a: Kingambit|37\/100\n|move|p1a: Kingambit|Kowtow Cleave|p2b: Harmacy\n|-damage|p2b: Harmacy|0 fnt\n|faint|p2b: Harmacy\n|\n|-weather|Sandstorm|[upkeep]\n|-damage|p1b: Talonflame|94\/100|[from] Sandstorm\n|upkeep\n|\n|t:|1697687740\n|switch|p2b: ThcrThnSnkr|Tyranitar, F|100\/100\n|turn|10\n|\n|t:|1697687755\n|move|p1a: Kingambit|Sucker Punch|p2a: Extra Spicy\n|-damage|p2a: Extra Spicy|67\/100\n|-damage|p1a: Kingambit|25\/100|[from] ability: Rough Skin|[of] p2a: Extra Spicy\n|-damage|p1a: Kingambit|8\/100|[from] item: Rocky Helmet|[of] p2a: Extra Spicy\n|move|p1b: Talonflame|U-turn|p2b: ThcrThnSnkr\n|-supereffective|p2b: ThcrThnSnkr\n|-damage|p2b: ThcrThnSnkr|63\/100\n|\n|t:|1697687761\n|switch|p1b: Walking Wake|Walking Wake|100\/100|[from] U-turn\n|move|p2a: Extra Spicy|Brick Break|p1a: Kingambit\n|-supereffective|p1a: Kingambit\n|-damage|p1a: Kingambit|0 fnt\n|faint|p1a: Kingambit\n|-end|p1a: Kingambit|fallen3|[silent]\n|move|p2b: ThcrThnSnkr|Rock Slide|p1b: Walking Wake\n|-damage|p1b: Walking Wake|65\/100\n|\n|-weather|Sandstorm|[upkeep]\n|-damage|p1b: Walking Wake|59\/100|[from] Sandstorm\n|upkeep\n|\n|t:|1697687764\n|switch|p1a: Talonflame|Talonflame, M|94\/100\n|turn|11\n|inactive|Jdr0045Xx has 120 seconds left.\n|\n|t:|1697687817\n|move|p1a: Talonflame|U-turn|p2b: ThcrThnSnkr\n|-supereffective|p2b: ThcrThnSnkr\n|-damage|p2b: ThcrThnSnkr|31\/100\n|move|p1b: Walking Wake|Flamethrower|p2a: Extra Spicy\n|-supereffective|p2a: Extra Spicy\n|-damage|p2a: Extra Spicy|0 fnt\n|faint|p2a: Extra Spicy\n|move|p2b: ThcrThnSnkr|Rock Slide|p1a: Talonflame|[spread] p1a,p1b\n|-supereffective|p1a: Talonflame\n|-crit|p1a: Talonflame\n|-damage|p1a: Talonflame|0 fnt\n|-damage|p1b: Walking Wake|34\/100\n|faint|p1a: Talonflame\n|\n|-weather|Sandstorm|[upkeep]\n|-damage|p1b: Walking Wake|28\/100|[from] Sandstorm\n|upkeep\n|turn|12\n|inactive|Jdr0045Xx has 120 seconds left.\n|\n|t:|1697687826\n|move|p1b: Walking Wake|Flamethrower|p2b: ThcrThnSnkr\n|-resisted|p2b: ThcrThnSnkr\n|-damage|p2b: ThcrThnSnkr|24\/100\n|move|p2b: ThcrThnSnkr|Knock Off|p1b: Walking Wake\n|-damage|p1b: Walking Wake|0 fnt\n|-enditem|p1b: Walking Wake|Choice Specs|[from] move: Knock Off|[of] p2b: ThcrThnSnkr\n|faint|p1b: Walking Wake\n|-end|p1b: Walking Wake|Protosynthesis|[silent]\n|\n|win|mikeyuwu\n|raw|Jdr0045Xx's rating: 1386 &rarr; <strong>1364<\/strong><br \/>(-22 for losing)\n|raw|mikeyuwu's rating: 1351 &rarr; <strong>1373<\/strong><br \/>(+22 for winning)\n|l|\u2606Jdr0045Xx\n","uploadtime":1697687842,"views":10,"p1id":"jdr0045xx","p2id":"mikeyuwu","formatid":"gen9doublesou","rating":1364,"private":0,"password":""}