{"id":"gen9doublesou-1981375477","p1":"Skeliton Lord","p2":"L8zach6","format":"[Gen 9] Doubles OU","log":"|j|\u2606Skeliton Lord\n|j|\u2606L8zach6\n|t:|1698888991\n|gametype|doubles\n|player|p1|Skeliton Lord|265|1252\n|player|p2|L8zach6|170|1136\n|teamsize|p1|6\n|teamsize|p2|6\n|gen|9\n|tier|[Gen 9] Doubles OU\n|rated|\n|rule|Species Clause: Limit one of each Pok\u00e9mon\n|rule|OHKO Clause: OHKO moves are banned\n|rule|Evasion Moves Clause: Evasion moves are banned\n|rule|Gravity Sleep Clause: The combination of sleep-inducing moves with imperfect accuracy and Gravity or Gigantamax Orbeetle are banned\n|rule|Endless Battle Clause: Forcing endless battles is banned\n|rule|HP Percentage Mod: HP is shown in percentages\n|clearpoke\n|poke|p1|Flutter Mane|\n|poke|p1|Tornadus, M|\n|poke|p1|Great Tusk|\n|poke|p1|Glimmora, M|\n|poke|p1|Gholdengo|\n|poke|p1|Sinistcha-Masterpiece|\n|poke|p2|Ogerpon-Wellspring, F|\n|poke|p2|Gyarados, F|\n|poke|p2|Amoonguss, F|\n|poke|p2|Ursaluna, M|\n|poke|p2|Chien-Pao|\n|poke|p2|Corviknight, M|\n|teampreview\n|inactive|Battle timer is ON: inactive players will automatically lose when time's up. (requested by Skeliton Lord)\n|\n|t:|1698889001\n|start\n|switch|p1a: Tornadus|Tornadus, M|100\/100\n|switch|p1b: Glimmora|Glimmora, M|100\/100\n|switch|p2a: Gyarados|Gyarados, F|100\/100\n|switch|p2b: Amoonguss|Amoonguss, F|100\/100\n|-ability|p2a: Gyarados|Intimidate|boost\n|-unboost|p1a: Tornadus|atk|1\n|-unboost|p1b: Glimmora|atk|1\n|-item|p1b: Glimmora|Air Balloon\n|turn|1\n|\n|t:|1698889028\n|move|p1a: Tornadus|Tailwind|p1a: Tornadus\n|-sidestart|p1: Skeliton Lord|move: Tailwind\n|move|p1b: Glimmora|Earth Power|p2b: Amoonguss\n|-damage|p2b: Amoonguss|80\/100\n|move|p2a: Gyarados|Ice Fang|p1a: Tornadus\n|-supereffective|p1a: Tornadus\n|-damage|p1a: Tornadus|43\/100\n|move|p2b: Amoonguss|Giga Drain|p1b: Glimmora\n|-damage|p1b: Glimmora|78\/100\n|-heal|p2b: Amoonguss|89\/100|[from] drain|[of] p1b: Glimmora\n|-enditem|p1b: Glimmora|Air Balloon\n|\n|upkeep\n|turn|2\n|\n|t:|1698889050\n|move|p1a: Tornadus|Sunny Day|p1a: Tornadus\n|-weather|SunnyDay\n|move|p1b: Glimmora|Power Gem|p2a: Gyarados\n|-supereffective|p2a: Gyarados\n|-damage|p2a: Gyarados|59\/100\n|move|p2a: Gyarados|Ice Fang|p1a: Tornadus\n|-supereffective|p1a: Tornadus\n|-damage|p1a: Tornadus|0 fnt\n|faint|p1a: Tornadus\n|move|p2b: Amoonguss|Spore|p1b: Glimmora\n|-status|p1b: Glimmora|slp|[from] move: Spore\n|\n|-weather|SunnyDay|[upkeep]\n|upkeep\n|\n|t:|1698889061\n|switch|p1a: Gholdengo|Gholdengo|100\/100\n|turn|3\n|\n|t:|1698889074\n|move|p2b: Amoonguss|Rage Powder|p2b: Amoonguss\n|-singleturn|p2b: Amoonguss|move: Rage Powder\n|move|p1a: Gholdengo|Shadow Ball|p2b: Amoonguss\n|-damage|p2b: Amoonguss|36\/100\n|-unboost|p2b: Amoonguss|spd|1\n|cant|p1b: Glimmora|slp\n|move|p2a: Gyarados|Crunch|p1a: Gholdengo\n|-supereffective|p1a: Gholdengo\n|-damage|p1a: Gholdengo|36\/100\n|\n|-weather|SunnyDay|[upkeep]\n|upkeep\n|turn|4\n|\n|t:|1698889093\n|switch|p1a: Great Tusk|Great Tusk|100\/100\n|-activate|p1a: Great Tusk|ability: Protosynthesis\n|-start|p1a: Great Tusk|protosynthesisatk\n|switch|p2b: Chien-Pao|Chien-Pao|100\/100\n|-ability|p2b: Chien-Pao|Sword of Ruin\n|cant|p1b: Glimmora|slp\n|move|p2a: Gyarados|Crunch|p1a: Great Tusk\n|-resisted|p1a: Great Tusk\n|-damage|p1a: Great Tusk|88\/100\n|\n|-weather|SunnyDay|[upkeep]\n|-sideend|p1: Skeliton Lord|move: Tailwind\n|upkeep\n|turn|5\n|inactive|L8zach6 has 120 seconds left.\n|\n|t:|1698889145\n|switch|p2b: Amoonguss|Amoonguss, F|69\/100\n|switch|p2a: Ursaluna|Ursaluna, M|100\/100\n|move|p1a: Great Tusk|Close Combat|p2b: Amoonguss\n|-resisted|p2b: Amoonguss\n|-damage|p2b: Amoonguss|33\/100\n|-unboost|p1a: Great Tusk|def|1\n|-unboost|p1a: Great Tusk|spd|1\n|-enditem|p1a: Great Tusk|Eject Pack\n|\n|t:|1698889157\n|-end|p1a: Great Tusk|Protosynthesis|[silent]\n|switch|p1a: Sinistcha|Sinistcha-Masterpiece|100\/100\n|-heal|p1b: Glimmora|100\/100 slp|[from] ability: Hospitality|[of] p1a: Sinistcha\n|-curestatus|p1b: Glimmora|slp|[msg]\n|move|p1b: Glimmora|Power Gem|p2a: Ursaluna\n|-resisted|p2a: Ursaluna\n|-damage|p2a: Ursaluna|87\/100\n|\n|-weather|SunnyDay|[upkeep]\n|-status|p2a: Ursaluna|brn|[from] item: Flame Orb\n|upkeep\n|turn|6\n|inactive|L8zach6 has 120 seconds left.\n|\n|t:|1698889177\n|move|p1b: Glimmora|Spiky Shield|p1b: Glimmora\n|-singleturn|p1b: Glimmora|move: Protect\n|move|p2a: Ursaluna|Protect|p2a: Ursaluna\n|-singleturn|p2a: Ursaluna|Protect\n|move|p1a: Sinistcha|Iron Defense|p1a: Sinistcha\n|-boost|p1a: Sinistcha|def|2\n|move|p2b: Amoonguss|Spore|p1b: Glimmora\n|-activate|p1b: Glimmora|move: Protect\n|\n|-weather|SunnyDay|[upkeep]\n|-damage|p2a: Ursaluna|81\/100 brn|[from] brn\n|upkeep\n|turn|7\n|inactive|L8zach6 has 120 seconds left.\n|\n|t:|1698889217\n|move|p1b: Glimmora|Energy Ball|p2a: Ursaluna\n|-supereffective|p2a: Ursaluna\n|-damage|p2a: Ursaluna|40\/100 brn\n|move|p1a: Sinistcha|Calm Mind|p1a: Sinistcha\n|-boost|p1a: Sinistcha|spa|1\n|-boost|p1a: Sinistcha|spd|1\n|move|p2a: Ursaluna|Facade|p1a: Sinistcha\n|-immune|p1a: Sinistcha\n|move|p2b: Amoonguss|Clear Smog|p1a: Sinistcha\n|-damage|p1a: Sinistcha|89\/100\n|-clearboost|p1a: Sinistcha\n|\n|-weather|SunnyDay|[upkeep]\n|-heal|p1a: Sinistcha|95\/100|[from] item: Leftovers\n|-damage|p2a: Ursaluna|34\/100 brn|[from] brn\n|upkeep\n|turn|8\n|inactive|L8zach6 has 120 seconds left.\n|\n|t:|1698889238\n|switch|p2b: Corviknight|Corviknight, M|100\/100\n|move|p2a: Ursaluna|Protect|p2a: Ursaluna\n|-singleturn|p2a: Ursaluna|Protect\n|move|p1b: Glimmora|Earth Power|p2b: Corviknight\n|-immune|p2b: Corviknight\n|move|p1a: Sinistcha|Matcha Gotcha|p2b: Corviknight|[spread] p2b\n|-activate|p2a: Ursaluna|move: Protect\n|-resisted|p2b: Corviknight\n|-damage|p2b: Corviknight|93\/100\n|-heal|p1a: Sinistcha|99\/100|[from] drain|[of] p2b: Corviknight\n|\n|-weather|SunnyDay|[upkeep]\n|-heal|p1a: Sinistcha|100\/100|[from] item: Leftovers\n|-heal|p2b: Corviknight|99\/100|[from] item: Leftovers\n|-damage|p2a: Ursaluna|28\/100 brn|[from] brn\n|upkeep\n|turn|9\n|inactive|L8zach6 has 120 seconds left.\n|\n|t:|1698889269\n|switch|p1a: Great Tusk|Great Tusk|88\/100\n|-activate|p1a: Great Tusk|ability: Protosynthesis\n|-start|p1a: Great Tusk|protosynthesisatk\n|move|p1b: Glimmora|Power Gem|p2a: Ursaluna\n|-resisted|p2a: Ursaluna\n|-damage|p2a: Ursaluna|13\/100 brn\n|move|p2b: Corviknight|Taunt|p1a: Great Tusk\n|-start|p1a: Great Tusk|move: Taunt\n|move|p2a: Ursaluna|Earthquake|p1a: Great Tusk|[spread] p1a,p1b\n|-immune|p2b: Corviknight\n|-supereffective|p1b: Glimmora\n|-damage|p1a: Great Tusk|41\/100\n|-damage|p1b: Glimmora|0 fnt\n|-activate|p1b: Glimmora|ability: Toxic Debris\n|-sidestart|p2: L8zach6|move: Toxic Spikes\n|faint|p1b: Glimmora\n|\n|-weather|none\n|-end|p1a: Great Tusk|Protosynthesis\n|-heal|p2b: Corviknight|100\/100|[from] item: Leftovers\n|-damage|p2a: Ursaluna|7\/100 brn|[from] brn\n|upkeep\n|inactive|Skeliton Lord has 120 seconds left.\n|\n|t:|1698889287\n|switch|p1b: Sinistcha|Sinistcha-Masterpiece|100\/100\n|-heal|p1a: Great Tusk|65\/100|[from] ability: Hospitality|[of] p1b: Sinistcha\n|turn|10\n|inactive|L8zach6 has 120 seconds left.\n|\n|t:|1698889305\n|move|p1a: Great Tusk|Rapid Spin|p2b: Corviknight\n|-resisted|p2b: Corviknight\n|-damage|p2b: Corviknight|95\/100\n|-boost|p1a: Great Tusk|spe|1\n|move|p1b: Sinistcha|Iron Defense|p1b: Sinistcha\n|-boost|p1b: Sinistcha|def|2\n|move|p2b: Corviknight|Taunt|p1b: Sinistcha\n|-start|p1b: Sinistcha|move: Taunt\n|move|p2a: Ursaluna|Earthquake|p1a: Great Tusk|[spread] p1a,p1b\n|-immune|p2b: Corviknight\n|-resisted|p1b: Sinistcha\n|-damage|p1a: Great Tusk|14\/100\n|-damage|p1b: Sinistcha|85\/100\n|\n|-heal|p1b: Sinistcha|91\/100|[from] item: Leftovers\n|-heal|p2b: Corviknight|100\/100|[from] item: Leftovers\n|-damage|p2a: Ursaluna|1\/100 brn|[from] brn\n|upkeep\n|turn|11\n|inactive|L8zach6 has 120 seconds left.\n|\n|t:|1698889338\n|move|p1a: Great Tusk|Close Combat|p2b: Corviknight\n|-damage|p2b: Corviknight|58\/100\n|-unboost|p1a: Great Tusk|def|1\n|-unboost|p1a: Great Tusk|spd|1\n|move|p1b: Sinistcha|Shadow Ball|p2b: Corviknight\n|-damage|p2b: Corviknight|19\/100\n|move|p2b: Corviknight|U-turn|p1b: Sinistcha\n|-damage|p1b: Sinistcha|84\/100\n|\n|t:|1698889350\n|switch|p2b: Chien-Pao|Chien-Pao|100\/100|[from] U-turn\n|-status|p2b: Chien-Pao|psn\n|-ability|p2b: Chien-Pao|Sword of Ruin\n|move|p2a: Ursaluna|Earthquake|p1b: Sinistcha|[spread] p2b,p1a,p1b\n|-resisted|p1b: Sinistcha\n|-damage|p2b: Chien-Pao|14\/100 psn\n|-damage|p1a: Great Tusk|0 fnt\n|-damage|p1b: Sinistcha|63\/100\n|faint|p1a: Great Tusk\n|-end|p1a: Great Tusk|Protosynthesis|[silent]\n|\n|-heal|p1b: Sinistcha|69\/100|[from] item: Leftovers\n|-damage|p2b: Chien-Pao|1\/100 psn|[from] psn\n|-damage|p2a: Ursaluna|0 fnt|[from] brn\n|faint|p2a: Ursaluna\n|upkeep\n|inactive|L8zach6 has 120 seconds left.\n|\n|t:|1698889367\n|switch|p1a: Flutter Mane|Flutter Mane|100\/100\n|switch|p2a: Amoonguss|Amoonguss, F|66\/100\n|-sideend|p2: L8zach6|move: Toxic Spikes|[of] p2a: Amoonguss\n|-enditem|p1a: Flutter Mane|Booster Energy\n|-activate|p1a: Flutter Mane|ability: Protosynthesis|[fromitem]\n|-start|p1a: Flutter Mane|protosynthesisspa\n|turn|12\n|\n|t:|1698889383\n|move|p2b: Chien-Pao|Sucker Punch|p1b: Sinistcha\n|-supereffective|p1b: Sinistcha\n|-damage|p1b: Sinistcha|12\/100\n|move|p1a: Flutter Mane|Substitute|p1a: Flutter Mane\n|-start|p1a: Flutter Mane|Substitute\n|-damage|p1a: Flutter Mane|76\/100\n|move|p1b: Sinistcha|Shadow Ball|p2a: Amoonguss\n|-damage|p2a: Amoonguss|35\/100\n|move|p2a: Amoonguss|Clear Smog|p1b: Sinistcha\n|-damage|p1b: Sinistcha|0 fnt\n|-clearboost|p1b: Sinistcha\n|faint|p1b: Sinistcha\n|\n|-damage|p2b: Chien-Pao|0 fnt|[from] psn\n|faint|p2b: Chien-Pao\n|upkeep\n|\n|t:|1698889406\n|switch|p2b: Ogerpon|Ogerpon-Wellspring, F|100\/100\n|switch|p1b: Gholdengo|Gholdengo|36\/100\n|turn|13\n|\n|t:|1698889422\n|-terastallize|p2b: Ogerpon|Water\n|detailschange|p2b: Ogerpon|Ogerpon-Wellspring-Tera, F, tera:Water\n|-ability|p2b: Ogerpon|Embody Aspect (Wellspring)|boost\n|-boost|p2b: Ogerpon|spd|1\n|move|p2b: Ogerpon|Follow Me|p2b: Ogerpon\n|-singleturn|p2b: Ogerpon|move: Follow Me\n|move|p1a: Flutter Mane|Shadow Ball|p2b: Ogerpon\n|-damage|p2b: Ogerpon|52\/100\n|-unboost|p2b: Ogerpon|spd|1\n|move|p1b: Gholdengo|Shadow Ball|p2b: Ogerpon\n|-damage|p2b: Ogerpon|0 fnt\n|faint|p2b: Ogerpon\n|move|p2a: Amoonguss|Clear Smog|p1a: Flutter Mane\n|-activate|p1a: Flutter Mane|move: Substitute|[damage]\n|\n|upkeep\n|inactive|L8zach6 has 120 seconds left.\n|\n|t:|1698889445\n|switch|p2b: Corviknight|Corviknight, M|19\/100\n|turn|14\n|inactive|L8zach6 has 120 seconds left.\n|\n|t:|1698889484\n|move|p1a: Flutter Mane|Shadow Ball|p2b: Corviknight\n|-damage|p2b: Corviknight|0 fnt\n|faint|p2b: Corviknight\n|move|p1b: Gholdengo|Shadow Ball|p2a: Amoonguss\n|-damage|p2a: Amoonguss|0 fnt\n|faint|p2a: Amoonguss\n|\n|upkeep\n|\n|t:|1698889495\n|switch|p2a: Gyarados|Gyarados, F|59\/100\n|-ability|p2a: Gyarados|Intimidate|boost\n|-immune|p1a: Flutter Mane\n|-unboost|p1b: Gholdengo|atk|1\n|turn|15\n|\n|t:|1698889507\n|move|p1a: Flutter Mane|Shadow Ball|p2a: Gyarados\n|-damage|p2a: Gyarados|26\/100\n|move|p1b: Gholdengo|Shadow Ball|p2a: Gyarados\n|-damage|p2a: Gyarados|0 fnt\n|faint|p2a: Gyarados\n|\n|win|Skeliton Lord\n|raw|Skeliton Lord's rating: 1252 &rarr; <strong>1269<\/strong><br \/>(+17 for winning)\n|raw|L8zach6's rating: 1136 &rarr; <strong>1119<\/strong><br \/>(-17 for losing)\n","uploadtime":1698889515,"views":34,"p1id":"skelitonlord","p2id":"l8zach6","formatid":"gen9doublesou","rating":1119,"private":0,"password":""}