{"id":"gen9doublesou-1998292686","p1":"Rhik","p2":"Sir GrandMaster","format":"[Gen 9] Doubles OU","log":"|j|\u2606Rhik\n|j|\u2606Sir GrandMaster\n|inactive|Battle timer is ON: inactive players will automatically lose when time's up.\n|t:|1700925661\n|gametype|doubles\n|player|p1|Rhik|ethan-pokeathlon|\n|player|p2|Sir GrandMaster|ghetsis|\n|teamsize|p1|6\n|teamsize|p2|6\n|gen|9\n|tier|[Gen 9] Doubles OU\n|rated|Tournament battle\n|rule|Species Clause: Limit one of each Pok\u00e9mon\n|rule|OHKO Clause: OHKO moves are banned\n|rule|Evasion Moves Clause: Evasion moves are banned\n|rule|Gravity Sleep Clause: The combination of sleep-inducing moves with imperfect accuracy and Gravity or Gigantamax Orbeetle are banned\n|rule|Endless Battle Clause: Forcing endless battles is banned\n|rule|HP Percentage Mod: HP is shown in percentages\n|clearpoke\n|poke|p1|Clefairy, F|\n|poke|p1|Kommo-o, F|\n|poke|p1|Rillaboom, M|\n|poke|p1|Landorus-Therian, M|\n|poke|p1|Ursaluna, M|\n|poke|p1|Glimmora, F|\n|poke|p2|Rillaboom, M|\n|poke|p2|Gholdengo|\n|poke|p2|Palafin, M|\n|poke|p2|Pelipper, F|\n|poke|p2|Landorus, M|\n|poke|p2|Iron Hands|\n|teampreview\n|j|*Lady Monita \u2746\n|c|\u2606Rhik|Glhf\n|\n|t:|1700925671\n|start\n|switch|p1a: Clefairy|Clefairy, F|100\/100\n|switch|p1b: Rillaboom|Rillaboom, M|100\/100\n|switch|p2a: Palafin|Palafin, M|100\/100\n|switch|p2b: Pelipper|Pelipper, F|100\/100\n|-fieldstart|move: Grassy Terrain|[from] ability: Grassy Surge|[of] p1b: Rillaboom\n|-weather|RainDance|[from] ability: Drizzle|[of] p2b: Pelipper\n|turn|1\n|\n|t:|1700925687\n|detailschange|p2a: Palafin|Palafin-Hero, M\n|switch|p2a: Landorus|Landorus, M|100\/100\n|move|p1a: Clefairy|Follow Me|p1a: Clefairy\n|-singleturn|p1a: Clefairy|move: Follow Me\n|move|p1b: Rillaboom|Wood Hammer|p2b: Pelipper\n|-damage|p2b: Pelipper|13\/100\n|-damage|p1b: Rillaboom|73\/100|[from] Recoil\n|move|p2b: Pelipper|U-turn|p1a: Clefairy\n|-resisted|p1a: Clefairy\n|-damage|p1a: Clefairy|96\/100\n|\n|t:|1700925698\n|switch|p2b: Rillaboom|Rillaboom, M|100\/100|[from] U-turn\n|\n|-weather|RainDance|[upkeep]\n|-heal|p1b: Rillaboom|79\/100|[from] Grassy Terrain\n|-heal|p1a: Clefairy|100\/100|[from] Grassy Terrain\n|upkeep\n|turn|2\n|\n|t:|1700925705\n|move|p2b: Rillaboom|Fake Out|p1b: Rillaboom\n|-damage|p1b: Rillaboom|70\/100\n|move|p1a: Clefairy|Follow Me|p1a: Clefairy\n|-singleturn|p1a: Clefairy|move: Follow Me\n|move|p2a: Landorus|Sandsear Storm|p1a: Clefairy|[spread] p1a,p1b\n|-resisted|p1b: Rillaboom\n|-damage|p1a: Clefairy|71\/100\n|-damage|p1b: Rillaboom|54\/100\n|cant|p1b: Rillaboom|flinch\n|\n|-weather|RainDance|[upkeep]\n|-heal|p1b: Rillaboom|60\/100|[from] Grassy Terrain\n|-heal|p1a: Clefairy|77\/100|[from] Grassy Terrain\n|upkeep\n|turn|3\n|\n|t:|1700925718\n|switch|p2a: Gholdengo|Gholdengo|100\/100\n|move|p1a: Clefairy|Follow Me|p1a: Clefairy\n|-singleturn|p1a: Clefairy|move: Follow Me\n|move|p1b: Rillaboom|Wood Hammer|p2a: Gholdengo\n|-resisted|p2a: Gholdengo\n|-damage|p2a: Gholdengo|60\/100\n|-damage|p1b: Rillaboom|45\/100|[from] Recoil\n|move|p2b: Rillaboom|U-turn|p1a: Clefairy\n|-resisted|p1a: Clefairy\n|-damage|p1a: Clefairy|65\/100\n|\n|t:|1700925728\n|switch|p2b: Landorus|Landorus, M|100\/100|[from] U-turn\n|\n|-weather|RainDance|[upkeep]\n|-heal|p1b: Rillaboom|52\/100|[from] Grassy Terrain\n|-heal|p2a: Gholdengo|66\/100|[from] Grassy Terrain\n|-heal|p2a: Gholdengo|73\/100|[from] item: Leftovers\n|-heal|p1a: Clefairy|71\/100|[from] Grassy Terrain\n|upkeep\n|turn|4\n|\n|t:|1700925742\n|move|p1a: Clefairy|Follow Me|p1a: Clefairy\n|-singleturn|p1a: Clefairy|move: Follow Me\n|move|p2b: Landorus|Sludge Bomb|p1a: Clefairy\n|-supereffective|p1a: Clefairy\n|-damage|p1a: Clefairy|15\/100\n|move|p1b: Rillaboom|Wood Hammer|p2b: Landorus\n|-damage|p2b: Landorus|12\/100\n|-damage|p1b: Rillaboom|24\/100|[from] Recoil\n|move|p2a: Gholdengo|Make It Rain|p1b: Rillaboom|[spread] p1a,p1b\n|-supereffective|p1a: Clefairy\n|-damage|p1a: Clefairy|0 fnt\n|-damage|p1b: Rillaboom|0 fnt\n|-unboost|p2a: Gholdengo|spa|1\n|faint|p1a: Clefairy\n|faint|p1b: Rillaboom\n|\n|-weather|RainDance|[upkeep]\n|-heal|p2a: Gholdengo|79\/100|[from] Grassy Terrain\n|-heal|p2a: Gholdengo|85\/100|[from] item: Leftovers\n|upkeep\n|\n|t:|1700925765\n|switch|p1b: Ursaluna|Ursaluna, M|100\/100\n|switch|p1a: Landorus|Landorus-Therian, M|100\/100\n|-ability|p1a: Landorus|Intimidate|boost\n|-unboost|p2a: Gholdengo|atk|1\n|-unboost|p2b: Landorus|atk|1\n|turn|5\n|j|^RUMYMOME\n|\n|t:|1700925779\n|switch|p2b: Pelipper|Pelipper, F|13\/100\n|switch|p2a: Rillaboom|Rillaboom, M|100\/100\n|move|p1b: Ursaluna|Protect|p1b: Ursaluna\n|-singleturn|p1b: Ursaluna|Protect\n|move|p1a: Landorus|Rock Slide|p2a: Rillaboom|[spread] p2a,p2b\n|-supereffective|p2b: Pelipper\n|-damage|p2a: Rillaboom|81\/100\n|-damage|p2b: Pelipper|0 fnt\n|faint|p2b: Pelipper\n|\n|-weather|RainDance|[upkeep]\n|-heal|p2a: Rillaboom|87\/100|[from] Grassy Terrain\n|-fieldend|move: Grassy Terrain\n|-status|p1b: Ursaluna|brn|[from] item: Flame Orb\n|upkeep\n|\n|t:|1700925784\n|switch|p2b: Landorus|Landorus, M|12\/100\n|turn|6\n|\n|t:|1700925801\n|-terastallize|p1b: Ursaluna|Fairy\n|move|p2a: Rillaboom|Fake Out|p1b: Ursaluna\n|-damage|p1b: Ursaluna|92\/100 brn\n|move|p1a: Landorus|Rock Slide|p2b: Landorus|[spread] p2a,p2b\n|-damage|p2a: Rillaboom|69\/100\n|-damage|p2b: Landorus|0 fnt\n|faint|p2b: Landorus\n|cant|p1b: Ursaluna|flinch\n|\n|-weather|RainDance|[upkeep]\n|-damage|p1b: Ursaluna|86\/100 brn|[from] brn\n|upkeep\n|\n|t:|1700925809\n|switch|p2b: Palafin|Palafin-Hero, M|100\/100\n|-activate|p2b: Palafin|ability: Zero to Hero\n|turn|7\n|inactive|Rhik has 120 seconds left.\n|\n|t:|1700925839\n|switch|p1a: Kommo-o|Kommo-o, F|100\/100\n|move|p2b: Palafin|Jet Punch|p1b: Ursaluna\n|-damage|p1b: Ursaluna|18\/100 brn\n|move|p2a: Rillaboom|Wood Hammer|p1b: Ursaluna\n|-damage|p1b: Ursaluna|0 fnt\n|faint|p1b: Ursaluna\n|-damage|p2a: Rillaboom|62\/100|[from] Recoil\n|\n|-weather|RainDance|[upkeep]\n|upkeep\n|inactive|Rhik has 120 seconds left.\n|\n|t:|1700925848\n|switch|p1b: Glimmora|Glimmora, F|100\/100\n|turn|8\n|\n|t:|1700925859\n|move|p2b: Palafin|Jet Punch|p1b: Glimmora\n|-supereffective|p1b: Glimmora\n|-enditem|p1b: Glimmora|Focus Sash\n|-damage|p1b: Glimmora|1\/100\n|-activate|p1b: Glimmora|ability: Toxic Debris\n|-sidestart|p2: Sir GrandMaster|move: Toxic Spikes\n|move|p1b: Glimmora|Sludge Bomb|p2a: Rillaboom\n|-supereffective|p2a: Rillaboom\n|-damage|p2a: Rillaboom|0 fnt\n|faint|p2a: Rillaboom\n|move|p1a: Kommo-o|Clangorous Soul|p1a: Kommo-o\n|-boost|p1a: Kommo-o|atk|1\n|-boost|p1a: Kommo-o|def|1\n|-boost|p1a: Kommo-o|spa|1\n|-boost|p1a: Kommo-o|spd|1\n|-boost|p1a: Kommo-o|spe|1\n|-damage|p1a: Kommo-o|68\/100\n|\n|-weather|none\n|upkeep\n|\n|t:|1700925884\n|switch|p2a: Gholdengo|Gholdengo|85\/100\n|turn|9\n|\n|t:|1700925907\n|move|p1b: Glimmora|Spiky Shield|p1b: Glimmora\n|-singleturn|p1b: Glimmora|move: Protect\n|move|p2b: Palafin|Jet Punch|p1b: Glimmora\n|-activate|p1b: Glimmora|move: Protect\n|-damage|p2b: Palafin|88\/100|[from] Spiky Shield|[of] p1b: Glimmora\n|move|p1a: Kommo-o|Fire Punch|p2a: Gholdengo\n|-supereffective|p2a: Gholdengo\n|-damage|p2a: Gholdengo|13\/100\n|move|p2a: Gholdengo|Nasty Plot|p2a: Gholdengo\n|-boost|p2a: Gholdengo|spa|2\n|\n|-heal|p2a: Gholdengo|19\/100|[from] item: Leftovers\n|upkeep\n|turn|10\n|\n|t:|1700925926\n|move|p2a: Gholdengo|Protect|p2a: Gholdengo\n|-singleturn|p2a: Gholdengo|Protect\n|move|p2b: Palafin|Jet Punch|p1b: Glimmora\n|-supereffective|p1b: Glimmora\n|-damage|p1b: Glimmora|0 fnt\n|-activate|p1b: Glimmora|ability: Toxic Debris\n|-sidestart|p2: Sir GrandMaster|move: Toxic Spikes\n|faint|p1b: Glimmora\n|move|p1a: Kommo-o|Fire Punch|p2a: Gholdengo\n|-activate|p2a: Gholdengo|move: Protect\n|\n|-heal|p2a: Gholdengo|25\/100|[from] item: Leftovers\n|upkeep\n|\n|t:|1700925929\n|switch|p1b: Landorus|Landorus-Therian, M|100\/100\n|-ability|p1b: Landorus|Intimidate|boost\n|-unboost|p2a: Gholdengo|atk|1\n|-unboost|p2b: Palafin|atk|1\n|turn|11\n|j| Bunnysai\n|\n|t:|1700925954\n|switch|p2a: Iron Hands|Iron Hands|100\/100\n|-status|p2a: Iron Hands|tox\n|move|p2b: Palafin|Jet Punch|p1b: Landorus\n|-supereffective|p1b: Landorus\n|-damage|p1b: Landorus|3\/100\n|move|p1b: Landorus|Stomping Tantrum|p2b: Palafin\n|-damage|p2b: Palafin|51\/100\n|move|p1a: Kommo-o|Fire Punch|p2a: Iron Hands\n|-damage|p2a: Iron Hands|77\/100 tox\n|\n|-damage|p2a: Iron Hands|71\/100 tox|[from] psn\n|upkeep\n|turn|12\n|inactive|Sir GrandMaster has 120 seconds left.\n|\n|t:|1700925985\n|move|p2a: Iron Hands|Fake Out|p1b: Landorus\n|-damage|p1b: Landorus|0 fnt\n|faint|p1b: Landorus\n|move|p2b: Palafin|Jet Punch|p1a: Kommo-o\n|-resisted|p1a: Kommo-o\n|-damage|p1a: Kommo-o|54\/100\n|move|p1a: Kommo-o|Drain Punch|p2b: Palafin\n|-damage|p2b: Palafin|3\/100\n|-heal|p1a: Kommo-o|87\/100|[from] drain|[of] p2b: Palafin\n|\n|-damage|p2a: Iron Hands|58\/100 tox|[from] psn\n|upkeep\n|turn|13\n|l|^RUMYMOME\n|\n|t:|1700925997\n|-end|p2a: Iron Hands|Quark Drive|[silent]\n|switch|p2a: Gholdengo|Gholdengo|25\/100\n|move|p1a: Kommo-o|Protect|p1a: Kommo-o\n|-singleturn|p1a: Kommo-o|Protect\n|move|p2b: Palafin|Jet Punch|p1a: Kommo-o\n|-activate|p1a: Kommo-o|move: Protect\n|\n|-heal|p2a: Gholdengo|31\/100|[from] item: Leftovers\n|upkeep\n|turn|14\n|j|^RUMYMOME\n|\n|t:|1700926009\n|move|p2a: Gholdengo|Protect|p2a: Gholdengo\n|-singleturn|p2a: Gholdengo|Protect\n|move|p2b: Palafin|Jet Punch|p1a: Kommo-o\n|-resisted|p1a: Kommo-o\n|-damage|p1a: Kommo-o|73\/100\n|move|p1a: Kommo-o|Drain Punch|p2b: Palafin\n|-damage|p2b: Palafin|0 fnt\n|-heal|p1a: Kommo-o|75\/100|[from] drain|[of] p2b: Palafin\n|faint|p2b: Palafin\n|\n|-heal|p2a: Gholdengo|38\/100|[from] item: Leftovers\n|upkeep\n|\n|t:|1700926015\n|switch|p2b: Iron Hands|Iron Hands|58\/100 tox\n|turn|15\n|\n|t:|1700926028\n|move|p2b: Iron Hands|Fake Out|p1a: Kommo-o\n|-crit|p1a: Kommo-o\n|-damage|p1a: Kommo-o|53\/100\n|cant|p1a: Kommo-o|flinch\n|move|p2a: Gholdengo|Nasty Plot|p2a: Gholdengo\n|-boost|p2a: Gholdengo|spa|2\n|\n|-heal|p2a: Gholdengo|44\/100|[from] item: Leftovers\n|-damage|p2b: Iron Hands|52\/100 tox|[from] psn\n|upkeep\n|turn|16\n|c| Bunnysai|1 vs 2\n|\n|t:|1700926049\n|move|p1a: Kommo-o|Fire Punch|p2a: Gholdengo\n|-supereffective|p2a: Gholdengo\n|-damage|p2a: Gholdengo|0 fnt\n|faint|p2a: Gholdengo\n|move|p2b: Iron Hands|Drain Punch|p1a: Kommo-o\n|-damage|p1a: Kommo-o|24\/100\n|-heal|p2b: Iron Hands|61\/100 tox|[from] drain|[of] p1a: Kommo-o\n|\n|-damage|p2b: Iron Hands|49\/100 tox|[from] psn\n|upkeep\n|turn|17\n|\n|t:|1700926058\n|move|p1a: Kommo-o|Protect|p1a: Kommo-o\n|-singleturn|p1a: Kommo-o|Protect\n|move|p2b: Iron Hands|Drain Punch|p1a: Kommo-o\n|-activate|p1a: Kommo-o|move: Protect\n|\n|-damage|p2b: Iron Hands|31\/100 tox|[from] psn\n|upkeep\n|turn|18\n|c|\u2606Sir GrandMaster|gg\n|\n|t:|1700926068\n|move|p1a: Kommo-o|Drain Punch|p2b: Iron Hands\n|-crit|p2b: Iron Hands\n|-damage|p2b: Iron Hands|0 fnt\n|-heal|p1a: Kommo-o|49\/100|[from] drain|[of] p2b: Iron Hands\n|faint|p2b: Iron Hands\n|-end|p2b: Iron Hands|Quark Drive|[silent]\n|\n|win|Rhik\n|n|\u2606Rhik|rhik\n|n|\u2606Sir GrandMaster|sirgrandmaster\n|n|*Lady Monita \u2746|ladymonita\n|n| Bunnysai|bunnysai\n|n| RUMYMOME|rumymome\n","uploadtime":1700926069,"views":3,"p1id":"rhik","p2id":"sirgrandmaster","formatid":"gen9doublesou","rating":0,"private":0,"password":""}