{"id":"gen9doublesou-1982203856","p1":"turkeytime1999","p2":"chippers76","format":"[Gen 9] Doubles OU","log":"|j|\u2606turkeytime1999\n|j|\u2606chippers76\n|t:|1698978854\n|gametype|doubles\n|player|p1|turkeytime1999|1|1073\n|player|p2|chippers76|hilda-wonderlauncher|1161\n|teamsize|p1|6\n|teamsize|p2|6\n|gen|9\n|tier|[Gen 9] Doubles OU\n|rated|\n|rule|Species Clause: Limit one of each Pok\u00e9mon\n|rule|OHKO Clause: OHKO moves are banned\n|rule|Evasion Moves Clause: Evasion moves are banned\n|rule|Gravity Sleep Clause: The combination of sleep-inducing moves with imperfect accuracy and Gravity or Gigantamax Orbeetle are banned\n|rule|Endless Battle Clause: Forcing endless battles is banned\n|rule|HP Percentage Mod: HP is shown in percentages\n|clearpoke\n|poke|p1|Murkrow, M|\n|poke|p1|Chi-Yu|\n|poke|p1|Gholdengo|\n|poke|p1|Maushold-Four|\n|poke|p1|Landorus-Therian, M|\n|poke|p1|Ogerpon-Wellspring, F|\n|poke|p2|Toedscruel, F|\n|poke|p2|Scyther, M|\n|poke|p2|Mamoswine, M|\n|poke|p2|Poliwrath, F|\n|poke|p2|Eelektross, M|\n|poke|p2|Ogerpon-Hearthflame, F|\n|teampreview\n|\n|t:|1698978890\n|start\n|switch|p1a: Murkrow|Murkrow, M|100\/100\n|switch|p1b: Ogerpon|Ogerpon-Wellspring, F|100\/100\n|switch|p2a: BIG HOGE|Mamoswine, M|100\/100\n|switch|p2b: gorflleh|Poliwrath, F|100\/100\n|turn|1\n|j| Zangoosefriend96\n|j| Gayspotter2\n|j| mistahmerrikuu\n|\n|t:|1698978911\n|-terastallize|p2a: BIG HOGE|Grass\n|move|p1b: Ogerpon|Spiky Shield|p1b: Ogerpon\n|-singleturn|p1b: Ogerpon|move: Protect\n|move|p1a: Murkrow|Tailwind|p1a: Murkrow\n|-sidestart|p1: turkeytime1999|move: Tailwind\n|move|p2b: gorflleh|Hypnosis|p1b: Ogerpon\n|-activate|p1b: Ogerpon|move: Protect\n|move|p2a: BIG HOGE|Icicle Crash|p1a: Murkrow\n|-supereffective|p1a: Murkrow\n|-damage|p1a: Murkrow|0 fnt\n|faint|p1a: Murkrow\n|-damage|p2a: BIG HOGE|91\/100|[from] item: Life Orb\n|\n|upkeep\n|j| Adamanzane\n|\n|t:|1698978934\n|switch|p1a: Chi-Yu|Chi-Yu|100\/100\n|-ability|p1a: Chi-Yu|Beads of Ruin\n|turn|2\n|\n|t:|1698978969\n|-terastallize|p1a: Chi-Yu|Grass\n|move|p1b: Ogerpon|Knock Off|p2b: gorflleh\n|-resisted|p2b: gorflleh\n|-damage|p2b: gorflleh|78\/100\n|-enditem|p2b: gorflleh|Blunder Policy|[from] move: Knock Off|[of] p1b: Ogerpon\n|move|p1a: Chi-Yu|Lava Plume|p2b: gorflleh|[spread] p1b,p2a,p2b\n|-supereffective|p2a: BIG HOGE\n|-resisted|p2b: gorflleh\n|-damage|p1b: Ogerpon|36\/100\n|-damage|p2a: BIG HOGE|16\/100\n|-damage|p2b: gorflleh|47\/100\n|-status|p2b: gorflleh|brn\n|-damage|p1a: Chi-Yu|91\/100|[from] item: Life Orb\n|move|p2b: gorflleh|Hypnosis|p1a: Chi-Yu\n|-status|p1a: Chi-Yu|slp|[from] move: Hypnosis\n|move|p2a: BIG HOGE|Earthquake|p1a: Chi-Yu|[spread] p2b,p1a,p1b\n|-resisted|p1a: Chi-Yu\n|-resisted|p1b: Ogerpon\n|-damage|p2b: gorflleh|0 fnt\n|-damage|p1a: Chi-Yu|46\/100 slp\n|-damage|p1b: Ogerpon|0 fnt\n|faint|p2b: gorflleh\n|faint|p1b: Ogerpon\n|-damage|p2a: BIG HOGE|6\/100|[from] item: Life Orb\n|\n|upkeep\n|j| mothsnake\n|\n|t:|1698978992\n|switch|p1b: Maushold|Maushold-Four|100\/100\n|switch|p2b: Repetician|Scyther, M|100\/100\n|turn|3\n|\n|t:|1698979007\n|move|p1b: Maushold|Follow Me|p1b: Maushold\n|-singleturn|p1b: Maushold|move: Follow Me\n|move|p2a: BIG HOGE|Ice Shard|p1b: Maushold\n|-damage|p1b: Maushold|62\/100\n|-damage|p2a: BIG HOGE|0 fnt|[from] item: Life Orb\n|faint|p2a: BIG HOGE\n|cant|p1a: Chi-Yu|slp\n|move|p2b: Repetician|Tailwind|p2b: Repetician\n|-sidestart|p2: chippers76|move: Tailwind\n|\n|-heal|p1b: Maushold|68\/100|[from] item: Leftovers\n|upkeep\n|\n|t:|1698979026\n|switch|p2a: Eeeeeeeeeeeel|Eelektross, M|100\/100\n|turn|4\n|j| discord raider\n|\n|t:|1698979043\n|switch|p1a: Landorus|Landorus-Therian, M|100\/100\n|-ability|p1a: Landorus|Intimidate|boost\n|-unboost|p2a: Eeeeeeeeeeeel|atk|1\n|-unboost|p2b: Repetician|atk|1\n|move|p1b: Maushold|Super Fang|p2a: Eeeeeeeeeeeel|[miss]\n|-miss|p1b: Maushold|p2a: Eeeeeeeeeeeel\n|move|p2b: Repetician|Fury Cutter|p1a: Landorus\n|-resisted|p1a: Landorus\n|-damage|p1a: Landorus|91\/100\n|move|p2a: Eeeeeeeeeeeel|Coil|p2a: Eeeeeeeeeeeel\n|-boost|p2a: Eeeeeeeeeeeel|atk|1\n|-boost|p2a: Eeeeeeeeeeeel|def|1\n|-boost|p2a: Eeeeeeeeeeeel|accuracy|1\n|\n|-heal|p1b: Maushold|74\/100|[from] item: Leftovers\n|-sideend|p1: turkeytime1999|move: Tailwind\n|upkeep\n|turn|5\n|\n|t:|1698979071\n|move|p2b: Repetician|Fury Cutter|p1b: Maushold\n|-damage|p1b: Maushold|28\/100\n|move|p1b: Maushold|Super Fang|p2a: Eeeeeeeeeeeel\n|-damage|p2a: Eeeeeeeeeeeel|50\/100\n|move|p1a: Landorus|Rock Slide|p2a: Eeeeeeeeeeeel|[spread] p2b\n|-miss|p1a: Landorus|p2a: Eeeeeeeeeeeel\n|-supereffective|p2b: Repetician\n|-damage|p2b: Repetician|0 fnt\n|faint|p2b: Repetician\n|move|p2a: Eeeeeeeeeeeel|Dragon Tail|p1b: Maushold\n|-damage|p1b: Maushold|9\/100\n|drag|p1b: Gholdengo|Gholdengo|100\/100\n|\n|-heal|p2a: Eeeeeeeeeeeel|57\/100|[from] item: Leftovers\n|upkeep\n|\n|t:|1698979087\n|switch|p2b: a pon|Ogerpon-Hearthflame, F|100\/100\n|-ability|p2b: a pon|Mold Breaker\n|turn|6\n|\n|t:|1698979110\n|switch|p1a: Chi-Yu|Chi-Yu, tera:Grass|46\/100 slp\n|-ability|p1a: Chi-Yu|Beads of Ruin\n|switch|p1b: Maushold|Maushold-Four|9\/100\n|move|p2b: a pon|Spiky Shield|p2b: a pon\n|-singleturn|p2b: a pon|move: Protect\n|move|p2a: Eeeeeeeeeeeel|Thunder Punch|p1b: Maushold\n|-damage|p1b: Maushold|0 fnt\n|faint|p1b: Maushold\n|\n|-heal|p2a: Eeeeeeeeeeeel|63\/100|[from] item: Leftovers\n|-sideend|p2: chippers76|move: Tailwind\n|upkeep\n|\n|t:|1698979126\n|switch|p1b: Landorus|Landorus-Therian, M|91\/100\n|-ability|p1b: Landorus|Intimidate|boost\n|-unboost|p2a: Eeeeeeeeeeeel|atk|1\n|-unboost|p2b: a pon|atk|1\n|turn|7\n|\n|t:|1698979149\n|switch|p2b: Citizen Toeds|Toedscruel, F|100\/100\n|-curestatus|p1a: Chi-Yu|slp|[msg]\n|move|p1a: Chi-Yu|Protect|p1a: Chi-Yu\n|-singleturn|p1a: Chi-Yu|Protect\n|move|p1b: Landorus|Rock Slide|p2b: Citizen Toeds|[spread] p2a,p2b\n|-resisted|p2b: Citizen Toeds\n|-damage|p2a: Eeeeeeeeeeeel|49\/100\n|-damage|p2b: Citizen Toeds|89\/100\n|move|p2a: Eeeeeeeeeeeel|Drain Punch|p1a: Chi-Yu\n|-activate|p1a: Chi-Yu|move: Protect\n|\n|-heal|p2b: Citizen Toeds|95\/100|[from] item: Leftovers\n|-heal|p2a: Eeeeeeeeeeeel|55\/100|[from] item: Leftovers\n|upkeep\n|turn|8\n|l|\u2606chippers76\n|player|p2|\n|j|\u2606chippers76\n|player|p2|chippers76|hilda-wonderlauncher\n|\n|t:|1698979184\n|move|p1a: Chi-Yu|Lava Plume|p2a: Eeeeeeeeeeeel|[spread] p1b,p2a,p2b\n|-supereffective|p2b: Citizen Toeds\n|-damage|p1b: Landorus|37\/100\n|-damage|p2a: Eeeeeeeeeeeel|16\/100\n|-damage|p2b: Citizen Toeds|32\/100\n|-status|p2a: Eeeeeeeeeeeel|brn\n|-damage|p1a: Chi-Yu|36\/100|[from] item: Life Orb\n|move|p1b: Landorus|Psychic|p2a: Eeeeeeeeeeeel\n|-damage|p2a: Eeeeeeeeeeeel|0 fnt\n|faint|p2a: Eeeeeeeeeeeel\n|move|p2b: Citizen Toeds|Knock Off|p1a: Chi-Yu\n|-damage|p1a: Chi-Yu|7\/100\n|-enditem|p1a: Chi-Yu|Life Orb|[from] move: Knock Off|[of] p2b: Citizen Toeds\n|\n|-heal|p2b: Citizen Toeds|38\/100|[from] item: Leftovers\n|upkeep\n|\n|t:|1698979197\n|switch|p2a: a pon|Ogerpon-Hearthflame, F|100\/100\n|-ability|p2a: a pon|Mold Breaker\n|turn|9\n|j| Lonsol\n|\n|t:|1698979224\n|move|p1a: Chi-Yu|Lava Plume|p2b: Citizen Toeds|[spread] p1b,p2a,p2b\n|-supereffective|p2b: Citizen Toeds\n|-damage|p1b: Landorus|0 fnt\n|-damage|p2a: a pon|59\/100\n|-damage|p2b: Citizen Toeds|0 fnt\n|faint|p1b: Landorus\n|faint|p2b: Citizen Toeds\n|move|p2a: a pon|Ivy Cudgel|p1a: Chi-Yu\n|-supereffective|p1a: Chi-Yu\n|-damage|p1a: Chi-Yu|0 fnt\n|faint|p1a: Chi-Yu\n|\n|upkeep\n|\n|t:|1698979240\n|switch|p1b: Gholdengo|Gholdengo|100\/100\n|turn|10\n|\n|t:|1698979250\n|move|p2a: a pon|Ivy Cudgel|p1b: Gholdengo\n|-supereffective|p1b: Gholdengo\n|-damage|p1b: Gholdengo|0 fnt\n|faint|p1b: Gholdengo\n|\n|win|chippers76\n|raw|turkeytime1999's rating: 1073 &rarr; <strong>1057<\/strong><br \/>(-16 for losing)\n|raw|chippers76's rating: 1161 &rarr; <strong>1180<\/strong><br \/>(+19 for winning)\n|l|\u2606turkeytime1999\n","uploadtime":1698979271,"views":24,"p1id":"turkeytime1999","p2id":"chippers76","formatid":"gen9doublesou","rating":1057,"private":0,"password":""}