{"id":"gen9doublesou-1990100893","p1":"Metal Jester","p2":"Santiri2mil","format":"[Gen 9] Doubles OU","log":"|j|\u2606Metal Jester\n|j|\u2606Santiri2mil\n|t:|1699924611\n|gametype|doubles\n|player|p1|Metal Jester|ingo|1286\n|player|p2|Santiri2mil|2|1377\n|teamsize|p1|6\n|teamsize|p2|6\n|gen|9\n|tier|[Gen 9] Doubles OU\n|rated|\n|rule|Species Clause: Limit one of each Pok\u00e9mon\n|rule|OHKO Clause: OHKO moves are banned\n|rule|Evasion Moves Clause: Evasion moves are banned\n|rule|Gravity Sleep Clause: The combination of sleep-inducing moves with imperfect accuracy and Gravity or Gigantamax Orbeetle are banned\n|rule|Endless Battle Clause: Forcing endless battles is banned\n|rule|HP Percentage Mod: HP is shown in percentages\n|clearpoke\n|poke|p1|Charjabug, M|\n|poke|p1|Flutter Mane|\n|poke|p1|Iron Moth|\n|poke|p1|Scream Tail|\n|poke|p1|Tornadus, M|\n|poke|p1|Walking Wake|\n|poke|p2|Kommo-o, M|\n|poke|p2|Armarouge, M|\n|poke|p2|Indeedee-F, F|\n|poke|p2|Clefairy, M|\n|poke|p2|Dondozo, M|\n|poke|p2|Landorus-Therian, M|\n|teampreview\n|inactive|Battle timer is ON: inactive players will automatically lose when time's up. (requested by Metal Jester)\n|\n|t:|1699924635\n|start\n|switch|p1a: Charjabug|Charjabug, M, shiny|100\/100\n|switch|p1b: Flutter Mane|Flutter Mane, shiny|100\/100\n|switch|p2a: Kommo-o|Kommo-o, M, shiny|100\/100\n|switch|p2b: Indeedee|Indeedee-F, F|100\/100\n|-fieldstart|move: Psychic Terrain|[from] ability: Psychic Surge|[of] p2b: Indeedee\n|turn|1\n|\n|t:|1699924650\n|-terastallize|p1b: Flutter Mane|Fairy\n|-terastallize|p2a: Kommo-o|Steel\n|move|p2b: Indeedee|Follow Me|p2b: Indeedee\n|-singleturn|p2b: Indeedee|move: Follow Me\n|move|p1b: Flutter Mane|Dazzling Gleam|p2b: Indeedee|[spread] p2a,p2b\n|-resisted|p2a: Kommo-o\n|-damage|p2a: Kommo-o|50\/100\n|-damage|p2b: Indeedee|24\/100\n|move|p2a: Kommo-o|Clangorous Soul|p2a: Kommo-o\n|-boost|p2a: Kommo-o|atk|1\n|-boost|p2a: Kommo-o|def|1\n|-boost|p2a: Kommo-o|spa|1\n|-boost|p2a: Kommo-o|spd|1\n|-boost|p2a: Kommo-o|spe|1\n|-damage|p2a: Kommo-o|17\/100\n|-enditem|p2a: Kommo-o|Throat Spray\n|-boost|p2a: Kommo-o|spa|1|[from] item: Throat Spray\n|move|p1a: Charjabug|Light Screen|p1a: Charjabug\n|-sidestart|p1: Metal Jester|move: Light Screen\n|\n|-heal|p2b: Indeedee|30\/100|[from] item: Leftovers\n|upkeep\n|turn|2\n|\n|t:|1699924675\n|move|p2b: Indeedee|Helping Hand|p2a: Kommo-o\n|-singleturn|p2a: Kommo-o|Helping Hand|[of] p2b: Indeedee\n|move|p2a: Kommo-o|Flash Cannon|p1b: Flutter Mane\n|-supereffective|p1b: Flutter Mane\n|-damage|p1b: Flutter Mane|0 fnt\n|faint|p1b: Flutter Mane\n|-end|p1b: Flutter Mane|Protosynthesis|[silent]\n|move|p1a: Charjabug|Sticky Web|p2b: Indeedee\n|-sidestart|p2: Santiri2mil|move: Sticky Web\n|\n|-heal|p2b: Indeedee|37\/100|[from] item: Leftovers\n|upkeep\n|\n|t:|1699924682\n|switch|p1b: Iron Moth|Iron Moth, shiny|100\/100\n|-enditem|p1b: Iron Moth|Booster Energy\n|-activate|p1b: Iron Moth|ability: Quark Drive|[fromitem]\n|-start|p1b: Iron Moth|quarkdrivespa\n|turn|3\n|\n|t:|1699924690\n|move|p2a: Kommo-o|Protect|p2a: Kommo-o\n|-singleturn|p2a: Kommo-o|Protect\n|move|p1b: Iron Moth|Substitute|p1b: Iron Moth\n|-start|p1b: Iron Moth|Substitute\n|-damage|p1b: Iron Moth|76\/100\n|move|p2b: Indeedee|Psyshock|p1b: Iron Moth\n|-supereffective|p1b: Iron Moth\n|-end|p1b: Iron Moth|Substitute\n|move|p1a: Charjabug|Struggle Bug|p2b: Indeedee|[spread] p2b\n|-activate|p2a: Kommo-o|move: Protect\n|-supereffective|p2b: Indeedee\n|-damage|p2b: Indeedee|20\/100\n|-unboost|p2b: Indeedee|spa|1\n|\n|-heal|p2b: Indeedee|26\/100|[from] item: Leftovers\n|upkeep\n|turn|4\n|\n|t:|1699924706\n|move|p2a: Kommo-o|Clanging Scales|p1b: Iron Moth|[spread] p1a,p1b\n|-damage|p1a: Charjabug|72\/100\n|-damage|p1b: Iron Moth|23\/100\n|-unboost|p2a: Kommo-o|def|1\n|move|p1b: Iron Moth|Heat Wave|p2a: Kommo-o|[spread] p2a\n|-miss|p1b: Iron Moth|p2b: Indeedee\n|-supereffective|p2a: Kommo-o\n|-damage|p2a: Kommo-o|0 fnt\n|faint|p2a: Kommo-o\n|move|p2b: Indeedee|Psyshock|p1b: Iron Moth\n|-supereffective|p1b: Iron Moth\n|-damage|p1b: Iron Moth|0 fnt\n|faint|p1b: Iron Moth\n|-end|p1b: Iron Moth|Quark Drive|[silent]\n|move|p1a: Charjabug|Struggle Bug|p2b: Indeedee\n|-supereffective|p2b: Indeedee\n|-damage|p2b: Indeedee|5\/100\n|-unboost|p2b: Indeedee|spa|1\n|\n|-heal|p2b: Indeedee|11\/100|[from] item: Leftovers\n|upkeep\n|\n|t:|1699924727\n|switch|p1b: Tornadus|Tornadus, M|100\/100\n|switch|p2a: Armarouge|Armarouge, M|100\/100\n|-activate|p2a: Armarouge|move: Sticky Web\n|-unboost|p2a: Armarouge|spe|1\n|turn|5\n|\n|t:|1699924738\n|move|p2b: Indeedee|Psyshock|p1b: Tornadus\n|-damage|p1b: Tornadus|87\/100\n|move|p1b: Tornadus|Bleakwind Storm|p2a: Armarouge|[spread] p2a,p2b\n|-damage|p2a: Armarouge|54\/100\n|-damage|p2b: Indeedee|0 fnt\n|-unboost|p2a: Armarouge|spe|1\n|faint|p2b: Indeedee\n|move|p1a: Charjabug|Struggle Bug|p2a: Armarouge\n|-damage|p2a: Armarouge|41\/100\n|-unboost|p2a: Armarouge|spa|1\n|move|p2a: Armarouge|Trick Room|p2a: Armarouge\n|-fieldstart|move: Trick Room|[of] p2a: Armarouge\n|\n|-sideend|p1: Metal Jester|move: Light Screen\n|-fieldend|move: Psychic Terrain\n|upkeep\n|\n|t:|1699924745\n|switch|p2b: Clefairy|Clefairy, M|100\/100\n|-activate|p2b: Clefairy|move: Sticky Web\n|-unboost|p2b: Clefairy|spe|1\n|turn|6\n|\n|t:|1699924759\n|move|p2b: Clefairy|Heal Pulse|p2a: Armarouge\n|-heal|p2a: Armarouge|91\/100\n|move|p2a: Armarouge|Expanding Force|p1a: Charjabug\n|-damage|p1a: Charjabug|54\/100\n|move|p1a: Charjabug|Light Screen|p1a: Charjabug\n|-sidestart|p1: Metal Jester|move: Light Screen\n|move|p1b: Tornadus|Bleakwind Storm|p2b: Clefairy|[spread] p2b\n|-miss|p1b: Tornadus|p2a: Armarouge\n|-damage|p2b: Clefairy|75\/100\n|\n|upkeep\n|turn|7\n|\n|t:|1699924774\n|move|p1b: Tornadus|Nasty Plot|p1b: Tornadus\n|-boost|p1b: Tornadus|spa|2\n|move|p2b: Clefairy|Fake Tears|p1b: Tornadus\n|-unboost|p1b: Tornadus|spd|2\n|move|p2a: Armarouge|Armor Cannon|p1a: Charjabug\n|-supereffective|p1a: Charjabug\n|-damage|p1a: Charjabug|16\/100\n|-unboost|p2a: Armarouge|def|1\n|-unboost|p2a: Armarouge|spd|1\n|move|p1a: Charjabug|Struggle Bug|p2a: Armarouge|[spread] p2a,p2b\n|-resisted|p2b: Clefairy\n|-damage|p2a: Armarouge|82\/100\n|-damage|p2b: Clefairy|73\/100\n|-unboost|p2a: Armarouge|spa|1\n|-unboost|p2b: Clefairy|spa|1\n|\n|upkeep\n|turn|8\n|\n|t:|1699924795\n|switch|p2a: Dondozo|Dondozo, M|100\/100\n|-activate|p2a: Dondozo|move: Sticky Web\n|-unboost|p2a: Dondozo|spe|1\n|move|p2b: Clefairy|Fake Tears|p1b: Tornadus\n|-unboost|p1b: Tornadus|spd|2\n|move|p1a: Charjabug|Struggle Bug|p2a: Dondozo|[spread] p2a,p2b\n|-resisted|p2b: Clefairy\n|-damage|p2a: Dondozo|95\/100\n|-damage|p2b: Clefairy|70\/100\n|-unboost|p2a: Dondozo|spa|1\n|-unboost|p2b: Clefairy|spa|1\n|move|p1b: Tornadus|Bleakwind Storm|p2b: Clefairy|[spread] p2b\n|-miss|p1b: Tornadus|p2a: Dondozo\n|-damage|p2b: Clefairy|17\/100\n|\n|-heal|p2a: Dondozo|100\/100|[from] item: Leftovers\n|upkeep\n|turn|9\n|\n|t:|1699924818\n|move|p2b: Clefairy|Follow Me|p2b: Clefairy\n|-singleturn|p2b: Clefairy|move: Follow Me\n|move|p2a: Dondozo|Liquidation|p1b: Tornadus\n|-damage|p1b: Tornadus|41\/100\n|move|p1a: Charjabug|Discharge|p2a: Dondozo|[spread] p1b,p2a,p2b\n|-supereffective|p1b: Tornadus\n|-supereffective|p2a: Dondozo\n|-crit|p2a: Dondozo\n|-damage|p1b: Tornadus|2\/100\n|-damage|p2a: Dondozo|71\/100\n|-damage|p2b: Clefairy|8\/100\n|-status|p2b: Clefairy|par\n|move|p1b: Tornadus|Bleakwind Storm|p2a: Dondozo|[spread] p2a,p2b\n|-damage|p2a: Dondozo|41\/100\n|-damage|p2b: Clefairy|0 fnt\n|faint|p2b: Clefairy\n|\n|-heal|p2a: Dondozo|47\/100|[from] item: Leftovers\n|-fieldend|move: Trick Room\n|upkeep\n|inactive|Santiri2mil has 120 seconds left.\n|\n|t:|1699924836\n|switch|p2b: Armarouge|Armarouge, M|82\/100\n|-activate|p2b: Armarouge|move: Sticky Web\n|-unboost|p2b: Armarouge|spe|1\n|turn|10\n|\n|t:|1699924843\n|move|p1b: Tornadus|Taunt|p2b: Armarouge\n|-start|p2b: Armarouge|move: Taunt\n|move|p1a: Charjabug|Struggle Bug|p2a: Dondozo|[spread] p2a,p2b\n|-damage|p2a: Dondozo|39\/100\n|-damage|p2b: Armarouge|73\/100\n|-unboost|p2a: Dondozo|spa|1\n|-unboost|p2b: Armarouge|spa|1\n|move|p2a: Dondozo|Liquidation|p1b: Tornadus\n|-damage|p1b: Tornadus|0 fnt\n|faint|p1b: Tornadus\n|cant|p2b: Armarouge|move: Taunt|Trick Room\n|\n|-heal|p2a: Dondozo|46\/100|[from] item: Leftovers\n|-sideend|p1: Metal Jester|move: Light Screen\n|upkeep\n|\n|t:|1699924855\n|switch|p1b: Walking Wake|Walking Wake|100\/100\n|turn|11\n|\n|t:|1699924863\n|move|p1b: Walking Wake|Hydro Steam|p2b: Armarouge\n|-supereffective|p2b: Armarouge\n|-damage|p2b: Armarouge|0 fnt\n|faint|p2b: Armarouge\n|move|p1a: Charjabug|Light Screen|p1a: Charjabug\n|-sidestart|p1: Metal Jester|move: Light Screen\n|move|p2a: Dondozo|Rest|p2a: Dondozo\n|-status|p2a: Dondozo|slp|[from] move: Rest\n|-heal|p2a: Dondozo|100\/100 slp|[silent]\n|\n|upkeep\n|\n|t:|1699924870\n|switch|p2b: Landorus|Landorus-Therian, M|100\/100\n|-ability|p2b: Landorus|Intimidate|boost\n|-unboost|p1a: Charjabug|atk|1\n|-unboost|p1b: Walking Wake|atk|1\n|turn|12\n|\n|t:|1699924880\n|move|p2b: Landorus|Rock Slide|p1a: Charjabug|[spread] p1a,p1b\n|-supereffective|p1a: Charjabug\n|-damage|p1a: Charjabug|0 fnt\n|-damage|p1b: Walking Wake|77\/100\n|faint|p1a: Charjabug\n|move|p1b: Walking Wake|Hydro Steam|p2b: Landorus\n|-supereffective|p2b: Landorus\n|-damage|p2b: Landorus|0 fnt\n|faint|p2b: Landorus\n|cant|p2a: Dondozo|slp\n|move|p2a: Dondozo|Sleep Talk|p2a: Dondozo\n|move|p2a: Dondozo|Liquidation|p1b: Walking Wake|[from]move: Sleep Talk\n|-resisted|p1b: Walking Wake\n|-damage|p1b: Walking Wake|67\/100\n|-unboost|p1b: Walking Wake|def|1\n|\n|upkeep\n|\n|t:|1699924887\n|switch|p1a: Scream Tail|Scream Tail, shiny|100\/100\n|turn|13\n|\n|t:|1699924899\n|move|p1a: Scream Tail|Misty Terrain|p1a: Scream Tail\n|-fieldstart|move: Misty Terrain\n|move|p1b: Walking Wake|Hydro Steam|p2a: Dondozo\n|-resisted|p2a: Dondozo\n|-damage|p2a: Dondozo|74\/100 slp\n|cant|p2a: Dondozo|slp\n|move|p2a: Dondozo|Sleep Talk|p2a: Dondozo\n|move|p2a: Dondozo|Rest||[from]move: Sleep Talk|[still]\n|-fail|p2a: Dondozo\n|\n|-heal|p2a: Dondozo|80\/100 slp|[from] item: Leftovers\n|upkeep\n|turn|14\n|inactive|Santiri2mil has 120 seconds left.\n|\n|t:|1699924932\n|move|p1a: Scream Tail|Dazzling Gleam|p2a: Dondozo\n|-damage|p2a: Dondozo|62\/100 slp\n|move|p1b: Walking Wake|Hydro Steam|p2a: Dondozo\n|-resisted|p2a: Dondozo\n|-damage|p2a: Dondozo|35\/100 slp\n|-curestatus|p2a: Dondozo|slp|[msg]\n|move|p2a: Dondozo|Liquidation|p1a: Scream Tail\n|-damage|p1a: Scream Tail|66\/100\n|\n|-heal|p1a: Scream Tail|73\/100|[from] item: Leftovers\n|-heal|p2a: Dondozo|41\/100|[from] item: Leftovers\n|upkeep\n|turn|15\n|\n|t:|1699924947\n|move|p1a: Scream Tail|Wish|p1a: Scream Tail\n|move|p1b: Walking Wake|Hydro Steam|p2a: Dondozo\n|-resisted|p2a: Dondozo\n|-damage|p2a: Dondozo|11\/100\n|move|p2a: Dondozo|Rest||[still]\n|-fail|p2a: Dondozo\n|\n|-heal|p1a: Scream Tail|79\/100|[from] item: Leftovers\n|-heal|p2a: Dondozo|17\/100|[from] item: Leftovers\n|-sideend|p1: Metal Jester|move: Light Screen\n|upkeep\n|turn|16\n|-message|Santiri2mil forfeited.\n|\n|win|Metal Jester\n|raw|Metal Jester's rating: 1286 &rarr; <strong>1317<\/strong><br \/>(+31 for winning)\n|raw|Santiri2mil's rating: 1377 &rarr; <strong>1352<\/strong><br \/>(-25 for losing)\n|l|\u2606Santiri2mil\n","uploadtime":1699924963,"views":10,"p1id":"metaljester","p2id":"santiri2mil","formatid":"gen9doublesou","rating":1317,"private":0,"password":""}