{"id":"gen9doublesou-1970971277","p1":"Jackmim","p2":"Ravvenn98","format":"[Gen 9] Doubles OU","log":"|j|\u2606Jackmim\n|j|\u2606Ravvenn98\n|t:|1697686719\n|gametype|doubles\n|player|p1|Jackmim|kieran-festival|1065\n|player|p2|Ravvenn98|steven|1182\n|teamsize|p1|6\n|teamsize|p2|6\n|gen|9\n|tier|[Gen 9] Doubles OU\n|rated|\n|rule|Species Clause: Limit one of each Pok\u00e9mon\n|rule|OHKO Clause: OHKO moves are banned\n|rule|Evasion Moves Clause: Evasion moves are banned\n|rule|Gravity Sleep Clause: The combination of sleep-inducing moves with imperfect accuracy and Gravity or Gigantamax Orbeetle are banned\n|rule|Endless Battle Clause: Forcing endless battles is banned\n|rule|HP Percentage Mod: HP is shown in percentages\n|clearpoke\n|poke|p1|Shiftry, M|\n|poke|p1|Yanmega, M|\n|poke|p1|Dipplin, M|\n|poke|p1|Probopass, M|\n|poke|p1|Poliwrath, M|\n|poke|p1|Gliscor, M|\n|poke|p2|Gholdengo|\n|poke|p2|Quagsire, F|\n|poke|p2|Dipplin, F|\n|poke|p2|Tornadus, M|\n|poke|p2|Chien-Pao|\n|poke|p2|Volcanion|\n|teampreview\n|\n|t:|1697686731\n|start\n|switch|p1a: Tengu Ki|Shiftry, M, shiny|100\/100\n|switch|p1b: Gon Keegra|Yanmega, M, shiny|100\/100\n|switch|p2a: Quagsire|Quagsire, F|100\/100\n|switch|p2b: Tornadus|Tornadus, M|100\/100\n|turn|1\n|\n|t:|1697686744\n|move|p1a: Tengu Ki|Fake Out|p2a: Quagsire\n|-damage|p2a: Quagsire|88\/100\n|move|p2b: Tornadus|Swagger|p2a: Quagsire\n|-boost|p2a: Quagsire|atk|2\n|-start|p2a: Quagsire|confusion\n|-enditem|p2a: Quagsire|Lum Berry|[eat]\n|-end|p2a: Quagsire|confusion\n|move|p1b: Gon Keegra|Ancient Power|p2b: Tornadus\n|-supereffective|p2b: Tornadus\n|-damage|p2b: Tornadus|56\/100\n|-enditem|p2b: Tornadus|Eject Button\n|\n|t:|1697686760\n|switch|p2b: Dipplin|Dipplin, F|100\/100\n|-ability|p2b: Dipplin|Supersweet Syrup\n|-ability|p2b: Dipplin|Supersweet Syrup|boost\n|-unboost|p1a: Tengu Ki|evasion|1\n|-unboost|p1b: Gon Keegra|evasion|1\n|cant|p2a: Quagsire|flinch\n|\n|upkeep\n|turn|2\n|\n|t:|1697686773\n|switch|p1b: Kitakami-ryu|Dipplin, M, shiny|100\/100\n|-ability|p1b: Kitakami-ryu|Supersweet Syrup\n|-ability|p1b: Kitakami-ryu|Supersweet Syrup|boost\n|-unboost|p2a: Quagsire|evasion|1\n|-unboost|p2b: Dipplin|evasion|1\n|switch|p1a: Tikitikitembo|Probopass, M, shiny|100\/100\n|move|p2b: Dipplin|Pollen Puff|p1a: Tikitikitembo\n|-resisted|p1a: Tikitikitembo\n|-damage|p1a: Tikitikitembo|91\/100\n|move|p2a: Quagsire|Ice Punch|p1b: Kitakami-ryu\n|-supereffective|p1b: Kitakami-ryu\n|-damage|p1b: Kitakami-ryu|0 fnt\n|faint|p1b: Kitakami-ryu\n|\n|upkeep\n|\n|t:|1697686789\n|switch|p1b: Tengu Ki|Shiftry, M, shiny|100\/100\n|turn|3\n|\n|t:|1697686801\n|switch|p2b: Tornadus|Tornadus, M|56\/100\n|move|p1b: Tengu Ki|Fake Out|p2a: Quagsire\n|-damage|p2a: Quagsire|77\/100\n|move|p1a: Tikitikitembo|Iron Defense|p1a: Tikitikitembo\n|-boost|p1a: Tikitikitembo|def|2\n|cant|p2a: Quagsire|flinch\n|\n|upkeep\n|turn|4\n|\n|t:|1697686817\n|move|p2b: Tornadus|Bleakwind Storm|p1a: Tikitikitembo|[spread] p1a\n|-ability|p1b: Tengu Ki|Wind Rider|boost\n|-boost|p1b: Tengu Ki|atk|1\n|-resisted|p1a: Tikitikitembo\n|-damage|p1a: Tikitikitembo|85\/100\n|move|p1b: Tengu Ki|Leaf Blade|p2a: Quagsire\n|-supereffective|p2a: Quagsire\n|-damage|p2a: Quagsire|0 fnt\n|faint|p2a: Quagsire\n|move|p1a: Tikitikitembo|Body Press|p2b: Tornadus\n|-resisted|p2b: Tornadus\n|-damage|p2b: Tornadus|19\/100\n|\n|upkeep\n|\n|t:|1697686833\n|switch|p2a: Chien-Pao|Chien-Pao|100\/100\n|-ability|p2a: Chien-Pao|Sword of Ruin\n|turn|5\n|\n|t:|1697686851\n|move|p2b: Tornadus|Protect|p2b: Tornadus\n|-singleturn|p2b: Tornadus|Protect\n|move|p2a: Chien-Pao|Icicle Crash|p1b: Tengu Ki\n|-supereffective|p1b: Tengu Ki\n|-enditem|p1b: Tengu Ki|Focus Sash\n|-damage|p1b: Tengu Ki|1\/100\n|move|p1b: Tengu Ki|Tailwind|p1b: Tengu Ki\n|-sidestart|p1: Jackmim|move: Tailwind\n|-ability|p1b: Tengu Ki|Wind Rider|boost\n|-boost|p1b: Tengu Ki|atk|1\n|move|p1a: Tikitikitembo|Body Press|p2a: Chien-Pao\n|-supereffective|p2a: Chien-Pao\n|-enditem|p2a: Chien-Pao|Focus Sash\n|-damage|p2a: Chien-Pao|1\/100\n|\n|upkeep\n|turn|6\n|\n|t:|1697686871\n|switch|p2b: Dipplin|Dipplin, F|100\/100\n|move|p2a: Chien-Pao|Sucker Punch|p1b: Tengu Ki\n|-resisted|p1b: Tengu Ki\n|-damage|p1b: Tengu Ki|0 fnt\n|faint|p1b: Tengu Ki\n|move|p1a: Tikitikitembo|Body Press|p2b: Dipplin\n|-damage|p2b: Dipplin|61\/100\n|\n|upkeep\n|\n|t:|1697686881\n|switch|p1b: Gon Keegra|Yanmega, M, shiny|100\/100\n|turn|7\n|\n|t:|1697686891\n|move|p1b: Gon Keegra|Ancient Power|p2a: Chien-Pao\n|-supereffective|p2a: Chien-Pao\n|-damage|p2a: Chien-Pao|0 fnt\n|faint|p2a: Chien-Pao\n|move|p1a: Tikitikitembo|Iron Defense|p1a: Tikitikitembo\n|-boost|p1a: Tikitikitembo|def|2\n|move|p2b: Dipplin|Giga Drain|p1a: Tikitikitembo\n|-damage|p1a: Tikitikitembo|60\/100\n|-heal|p2b: Dipplin|72\/100|[from] drain|[of] p1a: Tikitikitembo\n|\n|upkeep\n|\n|t:|1697686900\n|switch|p2a: Volcanion|Volcanion|100\/100\n|turn|8\n|\n|t:|1697686910\n|move|p2b: Dipplin|Protect|p2b: Dipplin\n|-singleturn|p2b: Dipplin|Protect\n|move|p1b: Gon Keegra|Ancient Power|p2a: Volcanion\n|-supereffective|p2a: Volcanion\n|-damage|p2a: Volcanion|63\/100\n|move|p1a: Tikitikitembo|Zap Cannon|p2a: Volcanion|[miss]\n|-miss|p1a: Tikitikitembo|p2a: Volcanion\n|move|p2a: Volcanion|Scald|p1a: Tikitikitembo\n|-supereffective|p1a: Tikitikitembo\n|-damage|p1a: Tikitikitembo|0 fnt\n|faint|p1a: Tikitikitembo\n|\n|-sideend|p1: Jackmim|move: Tailwind\n|upkeep\n|\n|t:|1697686923\n|switch|p1a: Masked Keko|Poliwrath, M, shiny|100\/100\n|turn|9\n|\n|t:|1697686930\n|move|p1b: Gon Keegra|Ancient Power|p2a: Volcanion\n|-supereffective|p2a: Volcanion\n|-damage|p2a: Volcanion|21\/100\n|-enditem|p2a: Volcanion|Aguav Berry|[eat]\n|-heal|p2a: Volcanion|54\/100|[from] item: Aguav Berry\n|move|p1a: Masked Keko|Belly Drum|p1a: Masked Keko\n|-damage|p1a: Masked Keko|50\/100\n|-setboost|p1a: Masked Keko|atk|6|[from] move: Belly Drum\n|-enditem|p1a: Masked Keko|Sitrus Berry|[eat]\n|-heal|p1a: Masked Keko|75\/100|[from] item: Sitrus Berry\n|move|p2a: Volcanion|Fire Blast|p1b: Gon Keegra\n|-supereffective|p1b: Gon Keegra\n|-damage|p1b: Gon Keegra|0 fnt\n|faint|p1b: Gon Keegra\n|move|p2b: Dipplin|Giga Drain|p1a: Masked Keko\n|-supereffective|p1a: Masked Keko\n|-damage|p1a: Masked Keko|0 fnt\n|-heal|p2b: Dipplin|100\/100|[from] drain|[of] p1a: Masked Keko\n|faint|p1a: Masked Keko\n|\n|upkeep\n|\n|t:|1697686951\n|switch|p1a: The Way Home|Gliscor, M, shiny|100\/100\n|turn|10\n|\n|t:|1697686957\n|move|p1a: The Way Home|Earthquake|p2b: Dipplin|[spread] p2a,p2b\n|-supereffective|p2a: Volcanion\n|-resisted|p2b: Dipplin\n|-damage|p2a: Volcanion|6\/100\n|-damage|p2b: Dipplin|91\/100\n|move|p2a: Volcanion|Scald|p1a: The Way Home\n|-supereffective|p1a: The Way Home\n|-damage|p1a: The Way Home|0 fnt\n|faint|p1a: The Way Home\n|\n|win|Ravvenn98\n|raw|Jackmim's rating: 1065 &rarr; <strong>1052<\/strong><br \/>(-13 for losing)\n|raw|Ravvenn98's rating: 1182 &rarr; <strong>1199<\/strong><br \/>(+17 for winning)\n","uploadtime":1697686965,"views":17,"p1id":"jackmim","p2id":"ravvenn98","formatid":"gen9doublesou","rating":1052,"private":0,"password":""}