{"id":"gen9doublesou-1994844535","p1":"Geniusatstuff","p2":"Trapfished36","format":"[Gen 9] Doubles OU","log":"|j|\u2606Geniusatstuff\n|j|\u2606Trapfished36\n|t:|1700498001\n|gametype|doubles\n|player|p1|Geniusatstuff|101|1276\n|player|p2|Trapfished36|cynthia-masters|1227\n|teamsize|p1|6\n|teamsize|p2|6\n|gen|9\n|tier|[Gen 9] Doubles OU\n|rated|\n|rule|Species Clause: Limit one of each Pok\u00e9mon\n|rule|OHKO Clause: OHKO moves are banned\n|rule|Evasion Moves Clause: Evasion moves are banned\n|rule|Gravity Sleep Clause: The combination of sleep-inducing moves with imperfect accuracy and Gravity or Gigantamax Orbeetle are banned\n|rule|Endless Battle Clause: Forcing endless battles is banned\n|rule|HP Percentage Mod: HP is shown in percentages\n|clearpoke\n|poke|p1|Armarouge, M|\n|poke|p1|Chien-Pao|\n|poke|p1|Indeedee-F, F|\n|poke|p1|Tornadus, M|\n|poke|p1|Sneasler, M|\n|poke|p1|Palafin, M|\n|poke|p2|Indeedee-F, F|\n|poke|p2|Sinistcha|\n|poke|p2|Ursaluna, M|\n|poke|p2|Armarouge, F|\n|poke|p2|Diancie|\n|poke|p2|Snorlax, F|\n|teampreview\n|\n|t:|1700498026\n|start\n|switch|p1a: Chien-Pao|Chien-Pao|100\/100\n|switch|p1b: Palafin|Palafin, M|100\/100\n|switch|p2a: Indeedee|Indeedee-F, F, shiny|100\/100\n|switch|p2b: Armarouge|Armarouge, F, shiny|100\/100\n|-ability|p1a: Chien-Pao|Sword of Ruin\n|-fieldstart|move: Psychic Terrain|[from] ability: Psychic Surge|[of] p2a: Indeedee\n|turn|1\n|\n|t:|1700498049\n|move|p1a: Chien-Pao|Crunch|p2a: Indeedee\n|-supereffective|p2a: Indeedee\n|-damage|p2a: Indeedee|0 fnt\n|faint|p2a: Indeedee\n|-damage|p1a: Chien-Pao|91\/100|[from] item: Life Orb\n|move|p1b: Palafin|Wave Crash|p2b: Armarouge\n|-supereffective|p2b: Armarouge\n|-enditem|p2b: Armarouge|Focus Sash\n|-damage|p2b: Armarouge|1\/100\n|-damage|p1b: Palafin|64\/100|[from] Recoil\n|move|p2b: Armarouge|Armor Cannon|p1a: Chien-Pao\n|-supereffective|p1a: Chien-Pao\n|-damage|p1a: Chien-Pao|0 fnt\n|-unboost|p2b: Armarouge|def|1\n|-unboost|p2b: Armarouge|spd|1\n|faint|p1a: Chien-Pao\n|\n|upkeep\n|\n|t:|1700498069\n|switch|p1a: Sneasler|Sneasler, M|100\/100\n|switch|p2a: Sinistcha|Sinistcha, shiny|100\/100\n|-enditem|p1a: Sneasler|Psychic Seed\n|-boost|p1a: Sneasler|spd|1|[from] item: Psychic Seed\n|-heal|p2b: Armarouge|26\/100|[from] ability: Hospitality|[of] p2a: Sinistcha\n|turn|2\n|\n|t:|1700498099\n|switch|p2b: Snorlax|Snorlax, F, shiny|100\/100\n|move|p1a: Sneasler|Dire Claw|p2a: Sinistcha\n|-damage|p2a: Sinistcha|59\/100\n|-status|p2a: Sinistcha|psn\n|move|p1b: Palafin|Wave Crash|p2b: Snorlax\n|-damage|p2b: Snorlax|44\/100\n|-enditem|p2b: Snorlax|Aguav Berry|[eat]\n|-heal|p2b: Snorlax|77\/100|[from] item: Aguav Berry\n|-damage|p1b: Palafin|36\/100|[from] Recoil\n|move|p2a: Sinistcha|Shadow Ball|p1a: Sneasler\n|-damage|p1a: Sneasler|63\/100\n|\n|-damage|p2a: Sinistcha|46\/100 psn|[from] psn\n|upkeep\n|turn|3\n|\n|t:|1700498158\n|detailschange|p1b: Palafin|Palafin-Hero, M\n|switch|p1b: Armarouge|Armarouge, M|100\/100\n|move|p1a: Sneasler|Dire Claw|p2a: Sinistcha\n|-damage|p2a: Sinistcha|4\/100 psn\n|move|p2a: Sinistcha|Matcha Gotcha|p1a: Sneasler|[spread] p1a,p1b\n|-resisted|p1a: Sneasler\n|-resisted|p1b: Armarouge\n|-damage|p1a: Sneasler|51\/100\n|-heal|p2a: Sinistcha|10\/100 psn|[from] drain|[of] p1a: Sneasler\n|-damage|p1b: Armarouge|80\/100\n|-heal|p2a: Sinistcha|20\/100 psn|[from] drain|[of] p1b: Armarouge\n|move|p2b: Snorlax|Body Slam|p1a: Sneasler\n|-damage|p1a: Sneasler|0 fnt\n|faint|p1a: Sneasler\n|\n|-damage|p2a: Sinistcha|8\/100 psn|[from] psn\n|upkeep\n|\n|t:|1700498185\n|switch|p1a: Tornadus|Tornadus, M|100\/100\n|turn|4\n|\n|t:|1700498197\n|move|p1a: Tornadus|Bleakwind Storm|p2b: Snorlax|[spread] p2a,p2b\n|-supereffective|p2a: Sinistcha\n|-damage|p2a: Sinistcha|0 fnt\n|-damage|p2b: Snorlax|50\/100\n|faint|p2a: Sinistcha\n|move|p1b: Armarouge|Expanding Force|p2b: Snorlax\n|-damage|p2b: Snorlax|1\/100\n|move|p2b: Snorlax|Ice Punch|p1a: Tornadus\n|-supereffective|p1a: Tornadus\n|-damage|p1a: Tornadus|28\/100\n|\n|upkeep\n|\n|t:|1700498214\n|switch|p2a: Armarouge|Armarouge, F, shiny|26\/100\n|turn|5\n|\n|t:|1700498223\n|move|p1a: Tornadus|Bleakwind Storm|p2b: Snorlax|[spread] p2a,p2b\n|-damage|p2a: Armarouge|0 fnt\n|-damage|p2b: Snorlax|0 fnt\n|faint|p2a: Armarouge\n|faint|p2b: Snorlax\n|move|p1b: Armarouge|Expanding Force|p2: Armarouge|[notarget]\n|-fail|p1b: Armarouge\n|\n|-fieldend|move: Psychic Terrain\n|upkeep\n|\n|t:|1700498232\n|switch|p2a: Diancie|Diancie, shiny|100\/100\n|switch|p2b: Ursaluna|Ursaluna, M, shiny|100\/100\n|turn|6\n|\n|t:|1700498286\n|switch|p1b: Indeedee|Indeedee-F, F|100\/100\n|-fieldstart|move: Psychic Terrain|[from] ability: Psychic Surge|[of] p1b: Indeedee\n|move|p1a: Tornadus|Bleakwind Storm|p2b: Ursaluna|[spread] \n|-miss|p1a: Tornadus|p2a: Diancie\n|-miss|p1a: Tornadus|p2b: Ursaluna\n|move|p2b: Ursaluna|High Horsepower|p1b: Indeedee\n|-damage|p1b: Indeedee|27\/100\n|-damage|p2b: Ursaluna|84\/100|[from] item: Rocky Helmet|[of] p1b: Indeedee\n|move|p2a: Diancie|Diamond Storm|p1b: Indeedee|[spread] p1a,p1b\n|-supereffective|p1a: Tornadus\n|-damage|p1a: Tornadus|0 fnt\n|-damage|p1b: Indeedee|0 fnt\n|-boost|p2a: Diancie|def|2\n|faint|p1a: Tornadus\n|faint|p1b: Indeedee\n|\n|-status|p2b: Ursaluna|brn|[from] item: Flame Orb\n|upkeep\n|\n|t:|1700498309\n|switch|p1a: Armarouge|Armarouge, M|80\/100\n|switch|p1b: Palafin|Palafin-Hero, M|36\/100\n|-activate|p1b: Palafin|ability: Zero to Hero\n|turn|7\n|\n|t:|1700498336\n|-terastallize|p2a: Diancie|Rock\n|move|p1b: Palafin|Wave Crash|p2a: Diancie\n|-supereffective|p2a: Diancie\n|-damage|p2a: Diancie|7\/100\n|-damage|p1b: Palafin|8\/100|[from] Recoil\n|move|p1a: Armarouge|Expanding Force|p2a: Diancie|[spread] p2a,p2b\n|-damage|p2a: Diancie|0 fnt\n|-damage|p2b: Ursaluna|36\/100 brn\n|faint|p2a: Diancie\n|move|p2b: Ursaluna|Facade|p1a: Armarouge\n|-damage|p1a: Armarouge|0 fnt\n|faint|p1a: Armarouge\n|\n|-damage|p2b: Ursaluna|30\/100 brn|[from] brn\n|upkeep\n|turn|8\n|c|\u2606Trapfished36|gg\n|\n|t:|1700498355\n|move|p1b: Palafin|Wave Crash|p2b: Ursaluna\n|-supereffective|p2b: Ursaluna\n|-damage|p2b: Ursaluna|0 fnt\n|faint|p2b: Ursaluna\n|-damage|p1b: Palafin|0 fnt|[from] Recoil\n|faint|p1b: Palafin\n|\n|win|Geniusatstuff\n|raw|Geniusatstuff's rating: 1276 &rarr; <strong>1297<\/strong><br \/>(+21 for winning)\n|raw|Trapfished36's rating: 1227 &rarr; <strong>1206<\/strong><br \/>(-21 for losing)\n|l|\u2606Trapfished36\n","uploadtime":1700498369,"views":6,"p1id":"geniusatstuff","p2id":"trapfished36","formatid":"gen9doublesou","rating":1206,"private":0,"password":""}