{"id":"gen9doublesou-1970582430","p1":"MageDream\/UHE","p2":"SDXTRA","format":"[Gen 9] Doubles OU","log":"|j|\u2606MageDream\/UHE\n|j|\u2606SDXTRA\n|t:|1697650100\n|gametype|doubles\n|player|p1|MageDream\/UHE|chuck|1165\n|player|p2|SDXTRA|nate|1047\n|teamsize|p1|6\n|teamsize|p2|6\n|gen|9\n|tier|[Gen 9] Doubles OU\n|rated|\n|rule|Species Clause: Limit one of each Pok\u00e9mon\n|rule|OHKO Clause: OHKO moves are banned\n|rule|Evasion Moves Clause: Evasion moves are banned\n|rule|Gravity Sleep Clause: The combination of sleep-inducing moves with imperfect accuracy and Gravity or Gigantamax Orbeetle are banned\n|rule|Endless Battle Clause: Forcing endless battles is banned\n|rule|HP Percentage Mod: HP is shown in percentages\n|clearpoke\n|poke|p1|Scizor, F|\n|poke|p1|Rillaboom, M|\n|poke|p1|Pelipper, F|\n|poke|p1|Walking Wake|\n|poke|p1|Murkrow, F|\n|poke|p1|Clefable, F|\n|poke|p2|Ogerpon, F|\n|poke|p2|Bisharp, M|\n|poke|p2|Okidogi, M|\n|poke|p2|Diancie|\n|poke|p2|Cresselia, F|\n|poke|p2|Chi-Yu|\n|teampreview\n|\n|t:|1697650111\n|start\n|switch|p1a: Walking Wake|Walking Wake|100\/100\n|switch|p1b: Murkrow|Murkrow, F, shiny|100\/100\n|switch|p2a: Ogerpon|Ogerpon, F|100\/100\n|switch|p2b: Diancie|Diancie|100\/100\n|turn|1\n|\n|t:|1697650136\n|-terastallize|p1a: Walking Wake|Steel\n|move|p1b: Murkrow|Rain Dance|p1b: Murkrow\n|-weather|RainDance\n|move|p2a: Ogerpon|Swords Dance|p2a: Ogerpon\n|-boost|p2a: Ogerpon|atk|2\n|move|p1a: Walking Wake|Hydro Steam|p2b: Diancie\n|-supereffective|p2b: Diancie\n|-damage|p2b: Diancie|35\/100\n|move|p2b: Diancie|Stealth Rock|p1a: Walking Wake\n|-sidestart|p1: MageDream\/UHE|move: Stealth Rock\n|\n|-weather|RainDance|[upkeep]\n|-heal|p2b: Diancie|41\/100|[from] item: Leftovers\n|upkeep\n|turn|2\n|\n|t:|1697650157\n|-end|p1a: Walking Wake|Protosynthesis|[silent]\n|switch|p1a: Clefable|Clefable, F|100\/100\n|move|p2b: Diancie|Helping Hand|p2a: Ogerpon\n|-singleturn|p2a: Ogerpon|Helping Hand|[of] p2b: Diancie\n|move|p2a: Ogerpon|Ivy Cudgel|p1a: Clefable\n|-damage|p1a: Clefable|0 fnt\n|faint|p1a: Clefable\n|move|p1b: Murkrow|Foul Play|p2a: Ogerpon\n|-damage|p2a: Ogerpon|0 fnt\n|faint|p2a: Ogerpon\n|\n|-weather|RainDance|[upkeep]\n|-heal|p2b: Diancie|47\/100|[from] item: Leftovers\n|upkeep\n|\n|t:|1697650173\n|switch|p2a: Cresselia|Cresselia, F|100\/100\n|switch|p1a: Rillaboom|Rillaboom, M|100\/100\n|-damage|p1a: Rillaboom|88\/100|[from] Stealth Rock\n|-fieldstart|move: Grassy Terrain|[from] ability: Grassy Surge|[of] p1a: Rillaboom\n|turn|3\n|\n|t:|1697650204\n|move|p2a: Cresselia|Moonblast|p1b: Murkrow\n|-supereffective|p1b: Murkrow\n|-damage|p1b: Murkrow|29\/100\n|-damage|p2a: Cresselia|91\/100|[from] item: Life Orb\n|move|p1a: Rillaboom|Wood Hammer|p2b: Diancie\n|-supereffective|p2b: Diancie\n|-damage|p2b: Diancie|0 fnt\n|faint|p2b: Diancie\n|-damage|p1a: Rillaboom|74\/100|[from] Recoil\n|move|p1b: Murkrow|Foul Play|p2a: Cresselia\n|-supereffective|p2a: Cresselia\n|-damage|p2a: Cresselia|62\/100\n|\n|-weather|RainDance|[upkeep]\n|-heal|p1a: Rillaboom|81\/100|[from] Grassy Terrain\n|upkeep\n|\n|t:|1697650226\n|switch|p2b: Bisharp|Bisharp, M|100\/100\n|turn|4\n|\n|t:|1697650239\n|move|p1b: Murkrow|Tailwind|p1b: Murkrow\n|-sidestart|p1: MageDream\/UHE|move: Tailwind\n|move|p1a: Rillaboom|Wood Hammer|p2a: Cresselia\n|-damage|p2a: Cresselia|0 fnt\n|faint|p2a: Cresselia\n|-damage|p1a: Rillaboom|58\/100|[from] Recoil\n|move|p2b: Bisharp|Swords Dance|p2b: Bisharp\n|-boost|p2b: Bisharp|atk|2\n|\n|-weather|RainDance|[upkeep]\n|-heal|p1a: Rillaboom|64\/100|[from] Grassy Terrain\n|upkeep\n|\n|t:|1697650251\n|switch|p2a: Okidogi|Okidogi, M|100\/100\n|turn|5\n|\n|t:|1697650267\n|switch|p1a: Scizor|Scizor, F|100\/100\n|-damage|p1a: Scizor|88\/100|[from] Stealth Rock\n|move|p1b: Murkrow|Foul Play|p2b: Bisharp\n|-resisted|p2b: Bisharp\n|-damage|p2b: Bisharp|62\/100\n|move|p2a: Okidogi|Drain Punch|p1b: Murkrow\n|-damage|p1b: Murkrow|0 fnt\n|faint|p1b: Murkrow\n|move|p2b: Bisharp|Iron Head|p1a: Scizor\n|-resisted|p1a: Scizor\n|-damage|p1a: Scizor|42\/100\n|\n|-weather|none\n|-heal|p1a: Scizor|48\/100|[from] Grassy Terrain\n|-heal|p2b: Bisharp|68\/100|[from] Grassy Terrain\n|upkeep\n|\n|t:|1697650281\n|switch|p1b: Walking Wake|Walking Wake, tera:Steel|100\/100\n|-damage|p1b: Walking Wake|94\/100|[from] Stealth Rock\n|-enditem|p1b: Walking Wake|Grassy Seed\n|-boost|p1b: Walking Wake|def|1|[from] item: Grassy Seed\n|turn|6\n|\n|t:|1697650356\n|switch|p1a: Pelipper|Pelipper, F|100\/100\n|-damage|p1a: Pelipper|76\/100|[from] Stealth Rock\n|-weather|RainDance|[from] ability: Drizzle|[of] p1a: Pelipper\n|move|p1b: Walking Wake|Waterfall|p2b: Bisharp\n|-damage|p2b: Bisharp|38\/100\n|move|p2a: Okidogi|Drain Punch|p1a: Pelipper\n|-resisted|p1a: Pelipper\n|-damage|p1a: Pelipper|45\/100\n|move|p2b: Bisharp|Night Slash|p1b: Walking Wake\n|-damage|p1b: Walking Wake|34\/100\n|\n|-weather|RainDance|[upkeep]\n|-heal|p1b: Walking Wake|40\/100|[from] Grassy Terrain\n|-heal|p1a: Pelipper|51\/100|[from] item: Leftovers\n|-heal|p2b: Bisharp|44\/100|[from] Grassy Terrain\n|upkeep\n|turn|7\n|\n|t:|1697650380\n|move|p1b: Walking Wake|Hydro Steam|p2b: Bisharp\n|-damage|p2b: Bisharp|0 fnt\n|faint|p2b: Bisharp\n|move|p1a: Pelipper|Hurricane|p2a: Okidogi\n|-supereffective|p2a: Okidogi\n|-damage|p2a: Okidogi|0 fnt\n|faint|p2a: Okidogi\n|\n|-weather|RainDance|[upkeep]\n|-heal|p1b: Walking Wake|46\/100|[from] Grassy Terrain\n|-heal|p1a: Pelipper|57\/100|[from] item: Leftovers\n|-sideend|p1: MageDream\/UHE|move: Tailwind\n|-fieldend|move: Grassy Terrain\n|upkeep\n|-message|SDXTRA forfeited.\n|\n|win|MageDream\/UHE\n|raw|MageDream&#x2f;UHE's rating: 1165 &rarr; <strong>1182<\/strong><br \/>(+17 for winning)\n|raw|SDXTRA's rating: 1047 &rarr; <strong>1036<\/strong><br \/>(-11 for losing)\n|l|\u2606SDXTRA\n","uploadtime":1697650743,"views":26,"p1id":"magedreamuhe","p2id":"sdxtra","formatid":"gen9doublesou","rating":1036,"private":0,"password":""}