{"id":"gen9doublesou-1992415358","p1":"McCraleb","p2":"08videogameguy","format":"[Gen 9] Doubles OU","log":"|j|\u2606McCraleb\n|j|\u260608videogameguy\n|t:|1700184906\n|gametype|doubles\n|player|p1|McCraleb|koga|1048\n|player|p2|08videogameguy|170|1075\n|teamsize|p1|6\n|teamsize|p2|6\n|gen|9\n|tier|[Gen 9] Doubles OU\n|rated|\n|rule|Species Clause: Limit one of each Pok\u00e9mon\n|rule|OHKO Clause: OHKO moves are banned\n|rule|Evasion Moves Clause: Evasion moves are banned\n|rule|Gravity Sleep Clause: The combination of sleep-inducing moves with imperfect accuracy and Gravity or Gigantamax Orbeetle are banned\n|rule|Endless Battle Clause: Forcing endless battles is banned\n|rule|HP Percentage Mod: HP is shown in percentages\n|clearpoke\n|poke|p1|Tornadus, M|\n|poke|p1|Cresselia, F|\n|poke|p1|Dusknoir, M|\n|poke|p1|Clefairy, F|\n|poke|p1|Oricorio-Pom-Pom, M|\n|poke|p1|Stantler, F|\n|poke|p2|Bellibolt, F|\n|poke|p2|Raichu-Alola, F|\n|poke|p2|Wo-Chien|\n|poke|p2|Gliscor, F|\n|poke|p2|Iron Bundle|\n|poke|p2|Pawmot, M|\n|teampreview\n|\n|t:|1700184941\n|start\n|switch|p1a: Tornadus|Tornadus, M, shiny|100\/100\n|switch|p1b: Cresselia|Cresselia, F, shiny|100\/100\n|switch|p2a: Raichu|Raichu-Alola, F|100\/100\n|switch|p2b: Bellibolt|Bellibolt, F|100\/100\n|turn|1\n|\n|t:|1700184980\n|move|p1a: Tornadus|Tailwind|p1a: Tornadus\n|-sidestart|p1: McCraleb|move: Tailwind\n|move|p1b: Cresselia|Moonblast|p2a: Raichu\n|-damage|p2a: Raichu|81\/100\n|move|p2a: Raichu|Electric Terrain|p2a: Raichu\n|-fieldstart|move: Electric Terrain\n|move|p2b: Bellibolt|Discharge|p1b: Cresselia|[spread] p2a,p1a,p1b\n|-resisted|p2a: Raichu\n|-supereffective|p1a: Tornadus\n|-damage|p2a: Raichu|57\/100\n|-damage|p1a: Tornadus|21\/100\n|-damage|p1b: Cresselia|74\/100\n|-status|p1a: Tornadus|par\n|-enditem|p1a: Tornadus|Liechi Berry|[eat]\n|-boost|p1a: Tornadus|atk|1|[from] item: Liechi Berry\n|\n|upkeep\n|turn|2\n|\n|t:|1700185024\n|switch|p1a: Oricorio|Oricorio-Pom-Pom, M|100\/100\n|move|p2a: Raichu|Light Screen|p2a: Raichu\n|-sidestart|p2: 08videogameguy|move: Light Screen\n|move|p1b: Cresselia|Skill Swap|p1a: Oricorio\n|-activate|p1b: Cresselia|move: Skill Swap|||[of] p1a: Oricorio\n|move|p2b: Bellibolt|Parabolic Charge|p1a: Oricorio|[spread] p2a,p1a,p1b\n|-resisted|p2a: Raichu\n|-damage|p2a: Raichu|44\/100\n|-damage|p1a: Oricorio|52\/100\n|-damage|p1b: Cresselia|53\/100\n|\n|upkeep\n|turn|3\n|\n|t:|1700185062\n|switch|p2b: Gliscor|Gliscor, F|100\/100\n|move|p2a: Raichu|Volt Switch|p1a: Oricorio\n|-damage|p1a: Oricorio|1\/100\n|\n|t:|1700185083\n|switch|p2a: Bellibolt|Bellibolt, F|100\/100|[from] Volt Switch\n|move|p1a: Oricorio|Quiver Dance|p1a: Oricorio\n|-boost|p1a: Oricorio|spa|1\n|-boost|p1a: Oricorio|spd|1\n|-boost|p1a: Oricorio|spe|1\n|-activate|p1b: Cresselia|ability: Dancer\n|move|p1b: Cresselia|Quiver Dance|p1b: Cresselia|[from]ability: Dancer\n|-boost|p1b: Cresselia|spa|1\n|-boost|p1b: Cresselia|spd|1\n|-boost|p1b: Cresselia|spe|1\n|move|p1b: Cresselia|Skill Swap|p2b: Gliscor\n|-activate|p1b: Cresselia|move: Skill Swap|Poison Heal|Dancer|[of] p2b: Gliscor\n|\n|-status|p2b: Gliscor|tox|[from] item: Toxic Orb\n|upkeep\n|turn|4\n|\n|t:|1700185112\n|move|p1a: Oricorio|Protect|p1a: Oricorio\n|-singleturn|p1a: Oricorio|Protect\n|move|p1b: Cresselia|Lunar Dance|p1b: Cresselia\n|faint|p1b: Cresselia\n|-activate|p2b: Gliscor|ability: Dancer\n|move|p2b: Gliscor|Lunar Dance|p2b: Gliscor|[from]ability: Dancer\n|faint|p2b: Gliscor\n|move|p2a: Bellibolt|Parabolic Charge|p1a: Oricorio\n|-activate|p1a: Oricorio|move: Protect\n|\n|-sideend|p1: McCraleb|move: Tailwind\n|upkeep\n|c|\u260608videogameguy|Hahaha, thats so good\n|\n|t:|1700185141\n|switch|p2b: Pawmot|Pawmot, M|100\/100\n|switch|p1b: Tornadus|Tornadus, M, shiny|21\/100 par\n|-heal|p1b: Tornadus|100\/100|[from] move: Lunar Dance\n|turn|5\n|\n|t:|1700185156\n|move|p2b: Pawmot|Fake Out|p1a: Oricorio\n|-damage|p1a: Oricorio|0 fnt\n|faint|p1a: Oricorio\n|move|p1b: Tornadus|Tailwind|p1b: Tornadus\n|-sidestart|p1: McCraleb|move: Tailwind\n|move|p2a: Bellibolt|Discharge|p1b: Tornadus|[spread] p1b\n|-immune|p2b: Pawmot|[from] ability: Volt Absorb\n|-supereffective|p1b: Tornadus\n|-damage|p1b: Tornadus|19\/100\n|\n|upkeep\n|\n|t:|1700185172\n|switch|p1a: Clefairy|Clefairy, F, shiny|100\/100\n|turn|6\n|\n|t:|1700185179\n|move|p1a: Clefairy|Protect|p1a: Clefairy\n|-singleturn|p1a: Clefairy|Protect\n|move|p1b: Tornadus|Bleakwind Storm|p2b: Pawmot|[spread] p2a\n|-miss|p1b: Tornadus|p2b: Pawmot\n|-resisted|p2a: Bellibolt\n|-damage|p2a: Bellibolt|91\/100\n|-start|p2a: Bellibolt|Charge|Bleakwind Storm|[from] ability: Electromorphosis\n|move|p2b: Pawmot|Revival Blessing|p2b: Pawmot\n|-enditem|p2b: Pawmot|Leppa Berry|[eat]\n|-activate|p2b: Pawmot|item: Leppa Berry|Revival Blessing|[consumed]\n|\n|t:|1700185189\n|-heal|p2: Gliscor|50\/100|[from] move: Revival Blessing\n|move|p2a: Bellibolt|Parabolic Charge|p1b: Tornadus|[spread] p1b\n|-activate|p1a: Clefairy|move: Protect\n|-immune|p2b: Pawmot|[from] ability: Volt Absorb\n|-supereffective|p1b: Tornadus\n|-damage|p1b: Tornadus|0 fnt\n|-heal|p2a: Bellibolt|99\/100|[from] drain|[of] p1b: Tornadus\n|faint|p1b: Tornadus\n|-end|p2a: Bellibolt|Charge|[silent]\n|\n|-heal|p2a: Bellibolt|100\/100|[from] item: Leftovers\n|-sideend|p2: 08videogameguy|move: Light Screen\n|upkeep\n|\n|t:|1700185204\n|switch|p1b: Dusknoir|Dusknoir, M, shiny|100\/100\n|-ability|p1b: Dusknoir|Pressure\n|turn|7\n|\n|t:|1700185244\n|move|p2b: Pawmot|Double Shock|p1a: Clefairy\n|-damage|p1a: Clefairy|8\/100\n|-start|p2b: Pawmot|typechange|???\/Fighting|[from] move: Double Shock\n|move|p1b: Dusknoir|Earthquake|p2b: Pawmot|[spread] p1a,p2a,p2b\n|-supereffective|p2a: Bellibolt\n|-damage|p1a: Clefairy|0 fnt\n|-damage|p2a: Bellibolt|59\/100\n|-damage|p2b: Pawmot|62\/100\n|-start|p2a: Bellibolt|Charge|Earthquake|[from] ability: Electromorphosis\n|faint|p1a: Clefairy\n|move|p2a: Bellibolt|Discharge|p1b: Dusknoir|[spread] p1b\n|-heal|p2b: Pawmot|87\/100|[from] ability: Volt Absorb|[of] p2a: Bellibolt\n|-damage|p1b: Dusknoir|27\/100\n|-end|p2a: Bellibolt|Charge|[silent]\n|\n|-heal|p2a: Bellibolt|65\/100|[from] item: Leftovers\n|upkeep\n|-message|McCraleb forfeited.\n|\n|win|08videogameguy\n|raw|McCraleb's rating: 1048 &rarr; <strong>1032<\/strong><br \/>(-16 for losing)\n|raw|08videogameguy's rating: 1075 &rarr; <strong>1102<\/strong><br \/>(+27 for winning)\n|l|\u2606McCraleb\n","uploadtime":1700185267,"views":16,"p1id":"mccraleb","p2id":"08videogameguy","formatid":"gen9doublesou","rating":1032,"private":0,"password":""}