{"id":"gen9doublesou-1976822936","p1":"BagelsRWarm","p2":"IndigoFyre5","format":"[Gen 9] Doubles OU","log":"|j|\u2606BagelsRWarm\n|j|\u2606IndigoFyre5\n|t:|1698344190\n|gametype|doubles\n|player|p1|BagelsRWarm|ingo|1025\n|player|p2|IndigoFyre5|ingo|1052\n|teamsize|p1|6\n|teamsize|p2|6\n|gen|9\n|tier|[Gen 9] Doubles OU\n|rated|\n|rule|Species Clause: Limit one of each Pok\u00e9mon\n|rule|OHKO Clause: OHKO moves are banned\n|rule|Evasion Moves Clause: Evasion moves are banned\n|rule|Gravity Sleep Clause: The combination of sleep-inducing moves with imperfect accuracy and Gravity or Gigantamax Orbeetle are banned\n|rule|Endless Battle Clause: Forcing endless battles is banned\n|rule|HP Percentage Mod: HP is shown in percentages\n|clearpoke\n|poke|p1|Lurantis, F|\n|poke|p1|Arboliva, F|\n|poke|p1|Espeon, F|\n|poke|p1|Dragapult, F|\n|poke|p1|Flutter Mane|\n|poke|p1|Dipplin, F|\n|poke|p2|Kommo-o, M|\n|poke|p2|Ribombee, F|\n|poke|p2|Ursaluna, M|\n|poke|p2|Iron Bundle|\n|poke|p2|Arboliva, M|\n|poke|p2|Hatterene, F|\n|teampreview\n|inactive|Battle timer is ON: inactive players will automatically lose when time's up. (requested by BagelsRWarm)\n|\n|t:|1698344198\n|start\n|switch|p1a: AM REAL BUG|Lurantis, F, shiny|100\/100\n|switch|p1b: Thespian|Espeon, F|100\/100\n|switch|p2a: Kommo-o|Kommo-o, M|100\/100\n|switch|p2b: Ribombee|Ribombee, F|100\/100\n|turn|1\n|\n|t:|1698344208\n|move|p2b: Ribombee|Tailwind|p2b: Ribombee\n|-sidestart|p2: IndigoFyre5|move: Tailwind\n|move|p2a: Kommo-o|Clangorous Soul|p2a: Kommo-o\n|-boost|p2a: Kommo-o|atk|1\n|-boost|p2a: Kommo-o|def|1\n|-boost|p2a: Kommo-o|spa|1\n|-boost|p2a: Kommo-o|spd|1\n|-boost|p2a: Kommo-o|spe|1\n|-damage|p2a: Kommo-o|68\/100\n|move|p1b: Thespian|Skill Swap|p2a: Kommo-o\n|-activate|p1b: Thespian|move: Skill Swap|Bulletproof|Magic Bounce|[of] p2a: Kommo-o\n|move|p1a: AM REAL BUG|Sweet Scent|p2b: Ribombee\n|move|p2a: Kommo-o|Sweet Scent|p1a: AM REAL BUG|[from]ability: Magic Bounce|[spread] p1a,p1b|[spread] p2b\n|-boost|p1a: AM REAL BUG|evasion|2\n|-unboost|p1b: Thespian|evasion|2\n|-unboost|p2b: Ribombee|evasion|2\n|\n|-heal|p2a: Kommo-o|74\/100|[from] item: Leftovers\n|upkeep\n|turn|2\n|inactive|IndigoFyre5 has 120 seconds left.\n|\n|t:|1698344244\n|move|p2b: Ribombee|Pollen Puff|p2a: Kommo-o\n|-heal|p2a: Kommo-o|100\/100\n|move|p2a: Kommo-o|Clangorous Soul|p2a: Kommo-o\n|-boost|p2a: Kommo-o|atk|1\n|-boost|p2a: Kommo-o|def|1\n|-boost|p2a: Kommo-o|spa|1\n|-boost|p2a: Kommo-o|spd|1\n|-boost|p2a: Kommo-o|spe|1\n|-damage|p2a: Kommo-o|68\/100\n|move|p1b: Thespian|Psychic|p2a: Kommo-o\n|-supereffective|p2a: Kommo-o\n|-damage|p2a: Kommo-o|16\/100\n|move|p1a: AM REAL BUG|Superpower|p2a: Kommo-o\n|-damage|p2a: Kommo-o|0 fnt\n|-boost|p1a: AM REAL BUG|atk|1\n|-boost|p1a: AM REAL BUG|def|1\n|faint|p2a: Kommo-o\n|\n|upkeep\n|\n|t:|1698344269\n|switch|p2a: Arboliva|Arboliva, M|100\/100\n|turn|3\n|\n|t:|1698344285\n|move|p2b: Ribombee|Reflect|p2b: Ribombee\n|-sidestart|p2: IndigoFyre5|Reflect\n|move|p1b: Thespian|Psychic|p2b: Ribombee\n|-damage|p2b: Ribombee|30\/100\n|move|p2a: Arboliva|Leech Seed|p1b: Thespian\n|-start|p1b: Thespian|move: Leech Seed\n|move|p1a: AM REAL BUG|Superpower|p2a: Arboliva\n|-supereffective|p2a: Arboliva\n|-damage|p2a: Arboliva|34\/100\n|-boost|p1a: AM REAL BUG|atk|1\n|-boost|p1a: AM REAL BUG|def|1\n|-fieldstart|move: Grassy Terrain|[from] ability: Seed Sower|[of] p2a: Arboliva\n|\n|-heal|p2b: Ribombee|36\/100|[from] Grassy Terrain\n|-heal|p2a: Arboliva|40\/100|[from] Grassy Terrain\n|-heal|p2a: Arboliva|46\/100|[from] item: Leftovers\n|-damage|p1b: Thespian|88\/100|[from] Leech Seed|[of] p2a: Arboliva\n|-heal|p2a: Arboliva|55\/100|[silent]\n|upkeep\n|turn|4\n|inactive|IndigoFyre5 has 120 seconds left.\n|inactive|BagelsRWarm has 120 seconds left.\n|\n|t:|1698344324\n|move|p2b: Ribombee|Pollen Puff|p2a: Arboliva\n|-heal|p2a: Arboliva|100\/100\n|move|p1b: Thespian|Psychic|p2b: Ribombee\n|-damage|p2b: Ribombee|0 fnt\n|faint|p2b: Ribombee\n|move|p2a: Arboliva|Giga Drain|p1b: Thespian\n|-damage|p1b: Thespian|29\/100\n|move|p1a: AM REAL BUG|Superpower|p2a: Arboliva\n|-supereffective|p2a: Arboliva\n|-damage|p2a: Arboliva|13\/100\n|-boost|p1a: AM REAL BUG|atk|1\n|-boost|p1a: AM REAL BUG|def|1\n|\n|-heal|p1b: Thespian|34\/100|[from] Grassy Terrain\n|-heal|p2a: Arboliva|19\/100|[from] Grassy Terrain\n|-heal|p2a: Arboliva|25\/100|[from] item: Leftovers\n|-damage|p1b: Thespian|22\/100|[from] Leech Seed|[of] p2a: Arboliva\n|-heal|p2a: Arboliva|34\/100|[silent]\n|-sideend|p2: IndigoFyre5|move: Tailwind\n|upkeep\n|inactive|IndigoFyre5 has 90 seconds left.\n|\n|t:|1698344343\n|switch|p2b: Hatterene|Hatterene, F|100\/100\n|turn|5\n|\n|t:|1698344354\n|move|p2a: Arboliva|Protect|p2a: Arboliva\n|-singleturn|p2a: Arboliva|Protect\n|move|p1b: Thespian|Psychic|p2a: Arboliva\n|-activate|p2a: Arboliva|move: Protect\n|move|p1a: AM REAL BUG|Poison Jab|p2b: Hatterene\n|-supereffective|p2b: Hatterene\n|-damage|p2b: Hatterene|6\/100\n|move|p2b: Hatterene|Substitute|p2b: Hatterene\n|-fail|p2b: Hatterene|move: Substitute|[weak]\n|\n|-heal|p1b: Thespian|28\/100|[from] Grassy Terrain\n|-heal|p2a: Arboliva|40\/100|[from] Grassy Terrain\n|-heal|p2a: Arboliva|46\/100|[from] item: Leftovers\n|-heal|p2b: Hatterene|12\/100|[from] Grassy Terrain\n|-heal|p2b: Hatterene|18\/100|[from] item: Leftovers\n|-damage|p1b: Thespian|16\/100|[from] Leech Seed|[of] p2a: Arboliva\n|-heal|p2a: Arboliva|56\/100|[silent]\n|upkeep\n|turn|6\n|inactive|IndigoFyre5 has 120 seconds left.\n|\n|t:|1698344386\n|move|p1b: Thespian|Shadow Ball|p2b: Hatterene\n|-supereffective|p2b: Hatterene\n|-damage|p2b: Hatterene|0 fnt\n|faint|p2b: Hatterene\n|move|p1a: AM REAL BUG|Superpower|p2a: Arboliva\n|-supereffective|p2a: Arboliva\n|-damage|p2a: Arboliva|0 fnt\n|-boost|p1a: AM REAL BUG|atk|1\n|-boost|p1a: AM REAL BUG|def|1\n|faint|p2a: Arboliva\n|\n|-heal|p1b: Thespian|22\/100|[from] Grassy Terrain\n|upkeep\n|\n|t:|1698344398\n|switch|p2a: Iron Bundle|Iron Bundle|100\/100\n|switch|p2b: Ursaluna|Ursaluna, M|100\/100\n|-enditem|p2a: Iron Bundle|Booster Energy\n|-activate|p2a: Iron Bundle|ability: Quark Drive|[fromitem]\n|-start|p2a: Iron Bundle|quarkdrivespe\n|turn|7\n|inactive|IndigoFyre5 has 120 seconds left.\n|\n|t:|1698344416\n|move|p2a: Iron Bundle|Freeze-Dry|p1a: AM REAL BUG|[miss]\n|-miss|p2a: Iron Bundle|p1a: AM REAL BUG\n|move|p1b: Thespian|Psychic|p2a: Iron Bundle\n|-damage|p2a: Iron Bundle|11\/100\n|move|p1a: AM REAL BUG|Superpower|p2a: Iron Bundle\n|-supereffective|p2a: Iron Bundle\n|-damage|p2a: Iron Bundle|0 fnt\n|-boost|p1a: AM REAL BUG|atk|1\n|-boost|p1a: AM REAL BUG|def|1\n|faint|p2a: Iron Bundle\n|-end|p2a: Iron Bundle|Quark Drive|[silent]\n|move|p2b: Ursaluna|Rock Slide|p1a: AM REAL BUG|[spread] p1a,p1b\n|-damage|p1a: AM REAL BUG|92\/100\n|-damage|p1b: Thespian|0 fnt\n|faint|p1b: Thespian\n|\n|-heal|p1a: AM REAL BUG|98\/100|[from] Grassy Terrain\n|-fieldend|move: Grassy Terrain\n|-status|p2b: Ursaluna|brn|[from] item: Flame Orb\n|upkeep\n|\n|t:|1698344431\n|switch|p1b: Gapple|Dipplin, F, shiny|100\/100\n|turn|8\n|\n|t:|1698344439\n|move|p1a: AM REAL BUG|Superpower|p2b: Ursaluna\n|-supereffective|p2b: Ursaluna\n|-damage|p2b: Ursaluna|0 fnt\n|-boost|p1a: AM REAL BUG|atk|1\n|-boost|p1a: AM REAL BUG|def|1\n|faint|p2b: Ursaluna\n|\n|win|BagelsRWarm\n|raw|BagelsRWarm's rating: 1025 &rarr; <strong>1064<\/strong><br \/>(+39 for winning)\n|raw|IndigoFyre5's rating: 1052 &rarr; <strong>1033<\/strong><br \/>(-19 for losing)\n|l|\u2606IndigoFyre5\n","uploadtime":1698344449,"views":17,"p1id":"bagelsrwarm","p2id":"indigofyre5","formatid":"gen9doublesou","rating":1033,"private":0,"password":""}