{"id":"gen9doublesou-1994806052","p1":"vegetasfeet","p2":"jedkenlim","format":"[Gen 9] Doubles OU","log":"|j|\u2606vegetasfeet\n|j|\u2606jedkenlim\n|t:|1700494532\n|gametype|doubles\n|player|p1|vegetasfeet|brycen|1347\n|player|p2|jedkenlim|red|1228\n|teamsize|p1|6\n|teamsize|p2|6\n|gen|9\n|tier|[Gen 9] Doubles OU\n|rated|\n|rule|Species Clause: Limit one of each Pok\u00e9mon\n|rule|OHKO Clause: OHKO moves are banned\n|rule|Evasion Moves Clause: Evasion moves are banned\n|rule|Gravity Sleep Clause: The combination of sleep-inducing moves with imperfect accuracy and Gravity or Gigantamax Orbeetle are banned\n|rule|Endless Battle Clause: Forcing endless battles is banned\n|rule|HP Percentage Mod: HP is shown in percentages\n|clearpoke\n|poke|p1|Scizor, M|\n|poke|p1|Tornadus, M|\n|poke|p1|Chien-Pao|\n|poke|p1|Iron Hands|\n|poke|p1|Volcanion|\n|poke|p1|Great Tusk|\n|poke|p2|Kingambit, F|\n|poke|p2|Gholdengo|\n|poke|p2|Armarouge, M|\n|poke|p2|Garchomp, F|\n|poke|p2|Iron Hands|\n|poke|p2|Gyarados, F|\n|teampreview\n|inactive|Battle timer is ON: inactive players will automatically lose when time's up. (requested by vegetasfeet)\n|\n|t:|1700494537\n|start\n|switch|p1a: YN Jay|Tornadus, M|100\/100\n|switch|p1b: Kawhi Leonard|Scizor, M|100\/100\n|switch|p2a: Armarouge|Armarouge, M, shiny|100\/100\n|switch|p2b: Gholdengo|Gholdengo|100\/100\n|turn|1\n|\n|t:|1700494549\n|move|p1a: YN Jay|Tailwind|p1a: YN Jay\n|-sidestart|p1: vegetasfeet|move: Tailwind\n|move|p1b: Kawhi Leonard|U-turn|p2a: Armarouge\n|-damage|p2a: Armarouge|43\/100\n|\n|t:|1700494556\n|switch|p1b: Great Tusk|Great Tusk|100\/100|[from] U-turn\n|move|p2b: Gholdengo|Nasty Plot|p2b: Gholdengo\n|-boost|p2b: Gholdengo|spa|2\n|move|p2a: Armarouge|Heat Wave|p1a: YN Jay|[spread] p1b\n|-miss|p2a: Armarouge|p1a: YN Jay\n|-damage|p1b: Great Tusk|70\/100\n|\n|-heal|p2a: Armarouge|49\/100|[from] item: Leftovers\n|upkeep\n|turn|2\n|\n|t:|1700494582\n|move|p2a: Armarouge|Protect|p2a: Armarouge\n|-singleturn|p2a: Armarouge|Protect\n|move|p1a: YN Jay|Bleakwind Storm|p2a: Armarouge|[spread] p2b\n|-activate|p2a: Armarouge|move: Protect\n|-resisted|p2b: Gholdengo\n|-damage|p2b: Gholdengo|83\/100\n|-unboost|p2b: Gholdengo|spe|1\n|move|p1b: Great Tusk|Headlong Rush|p2b: Gholdengo\n|-supereffective|p2b: Gholdengo\n|-damage|p2b: Gholdengo|0 fnt\n|-unboost|p1b: Great Tusk|def|1\n|-unboost|p1b: Great Tusk|spd|1\n|faint|p2b: Gholdengo\n|\n|-heal|p2a: Armarouge|56\/100|[from] item: Leftovers\n|upkeep\n|\n|t:|1700494599\n|switch|p2b: Gyarados|Gyarados, F, shiny|100\/100\n|-ability|p2b: Gyarados|Intimidate|boost\n|-unboost|p1a: YN Jay|atk|1\n|-unboost|p1b: Great Tusk|atk|1\n|turn|3\n|\n|t:|1700494618\n|-end|p1b: Great Tusk|Protosynthesis|[silent]\n|switch|p1b: Druski|Iron Hands|100\/100\n|move|p1a: YN Jay|Taunt|p2b: Gyarados\n|-start|p2b: Gyarados|move: Taunt\n|move|p2b: Gyarados|Waterfall|p1b: Druski\n|-damage|p1b: Druski|68\/100\n|move|p2a: Armarouge|Trick Room|p2a: Armarouge\n|-fieldstart|move: Trick Room|[of] p2a: Armarouge\n|\n|-heal|p2a: Armarouge|62\/100|[from] item: Leftovers\n|upkeep\n|turn|4\n|\n|t:|1700494637\n|move|p1a: YN Jay|Protect|p1a: YN Jay\n|-singleturn|p1a: YN Jay|Protect\n|move|p1b: Druski|Fake Out|p2a: Armarouge\n|-damage|p2a: Armarouge|47\/100\n|move|p2b: Gyarados|Earthquake|p1b: Druski|[spread] p2a,p1b\n|-activate|p1a: YN Jay|move: Protect\n|-supereffective|p2a: Armarouge\n|-supereffective|p1b: Druski\n|-damage|p2a: Armarouge|0 fnt\n|-damage|p1b: Druski|29\/100\n|faint|p2a: Armarouge\n|\n|-sideend|p1: vegetasfeet|move: Tailwind\n|upkeep\n|\n|t:|1700494648\n|switch|p2a: Garchomp|Garchomp, F, shiny|100\/100\n|turn|5\n|\n|t:|1700494660\n|move|p1a: YN Jay|Taunt|p2a: Garchomp\n|-start|p2a: Garchomp|move: Taunt\n|move|p1b: Druski|Wild Charge|p2b: Gyarados\n|-supereffective|p2b: Gyarados\n|-damage|p2b: Gyarados|0 fnt\n|faint|p2b: Gyarados\n|-damage|p1b: Druski|10\/100|[from] Recoil\n|move|p2a: Garchomp|Earthquake|p1a: YN Jay|[spread] p1b\n|-immune|p1a: YN Jay\n|-supereffective|p1b: Druski\n|-damage|p1b: Druski|0 fnt\n|faint|p1b: Druski\n|-end|p1b: Druski|Quark Drive|[silent]\n|\n|upkeep\n|\n|t:|1700494673\n|switch|p1b: Kawhi Leonard|Scizor, M|100\/100\n|switch|p2b: Iron Hands|Iron Hands|100\/100\n|-enditem|p2b: Iron Hands|Booster Energy\n|-activate|p2b: Iron Hands|ability: Quark Drive|[fromitem]\n|-start|p2b: Iron Hands|quarkdriveatk\n|turn|6\n|\n|t:|1700494688\n|move|p1a: YN Jay|Taunt|p2b: Iron Hands\n|-start|p2b: Iron Hands|move: Taunt\n|move|p2b: Iron Hands|Thunder Punch|p1b: Kawhi Leonard\n|-damage|p1b: Kawhi Leonard|49\/100\n|move|p1b: Kawhi Leonard|U-turn|p2a: Garchomp\n|-damage|p2a: Garchomp|50\/100\n|-damage|p1b: Kawhi Leonard|36\/100|[from] ability: Rough Skin|[of] p2a: Garchomp\n|-damage|p1b: Kawhi Leonard|20\/100|[from] item: Rocky Helmet|[of] p2a: Garchomp\n|\n|t:|1700494704\n|switch|p1b: Iggy Azalea|Chien-Pao|100\/100|[from] U-turn\n|-ability|p1b: Iggy Azalea|Sword of Ruin\n|move|p2a: Garchomp|Stone Edge|p1a: YN Jay\n|-supereffective|p1a: YN Jay\n|-enditem|p1a: YN Jay|Focus Sash\n|-damage|p1a: YN Jay|1\/100\n|\n|upkeep\n|turn|7\n|\n|t:|1700494732\n|-terastallize|p2a: Garchomp|Steel\n|-terastallize|p1b: Iggy Azalea|Ghost\n|move|p2b: Iron Hands|Thunder Punch|p1a: YN Jay\n|-supereffective|p1a: YN Jay\n|-damage|p1a: YN Jay|0 fnt\n|faint|p1a: YN Jay\n|move|p2a: Garchomp|Stone Edge|p1b: Iggy Azalea|[miss]\n|-miss|p2a: Garchomp|p1b: Iggy Azalea\n|move|p1b: Iggy Azalea|Sacred Sword|p2a: Garchomp\n|-supereffective|p2a: Garchomp\n|-damage|p2a: Garchomp|0 fnt\n|-damage|p1b: Iggy Azalea|88\/100|[from] ability: Rough Skin|[of] p2a: Garchomp\n|-damage|p1b: Iggy Azalea|72\/100|[from] item: Rocky Helmet|[of] p2a: Garchomp\n|faint|p2a: Garchomp\n|-damage|p1b: Iggy Azalea|62\/100|[from] item: Life Orb\n|\n|-fieldend|move: Trick Room\n|upkeep\n|\n|t:|1700494748\n|switch|p1a: Great Tusk|Great Tusk|70\/100\n|switch|p2a: Kingambit|Kingambit, F, shiny|100\/100\n|-activate|p2a: Kingambit|ability: Supreme Overlord\n|-start|p2a: Kingambit|fallen4|[silent]\n|turn|8\n|inactive|jedkenlim has 120 seconds left.\n|\n|t:|1700494785\n|move|p2a: Kingambit|Sucker Punch|p1b: Iggy Azalea\n|-supereffective|p1b: Iggy Azalea\n|-damage|p1b: Iggy Azalea|0 fnt\n|faint|p1b: Iggy Azalea\n|move|p1a: Great Tusk|Headlong Rush|p2a: Kingambit\n|-supereffective|p2a: Kingambit\n|-damage|p2a: Kingambit|0 fnt\n|-unboost|p1a: Great Tusk|def|1\n|-unboost|p1a: Great Tusk|spd|1\n|faint|p2a: Kingambit\n|-end|p2a: Kingambit|fallen4|[silent]\n|move|p2b: Iron Hands|Ice Punch|p1a: Great Tusk\n|-supereffective|p1a: Great Tusk\n|-crit|p1a: Great Tusk\n|-damage|p1a: Great Tusk|0 fnt\n|faint|p1a: Great Tusk\n|-end|p1a: Great Tusk|Protosynthesis|[silent]\n|\n|-end|p2b: Iron Hands|move: Taunt\n|upkeep\n|\n|t:|1700494797\n|switch|p1b: Volcanion|Volcanion|100\/100\n|switch|p1a: Kawhi Leonard|Scizor, M|20\/100\n|turn|9\n|\n|t:|1700494805\n|move|p1a: Kawhi Leonard|Bullet Punch|p2b: Iron Hands\n|-resisted|p2b: Iron Hands\n|-crit|p2b: Iron Hands\n|-damage|p2b: Iron Hands|75\/100\n|move|p1b: Volcanion|Steam Eruption|p2b: Iron Hands\n|-damage|p2b: Iron Hands|31\/100\n|move|p2b: Iron Hands|Thunder Punch|p1b: Volcanion\n|-supereffective|p1b: Volcanion\n|-damage|p1b: Volcanion|9\/100\n|\n|-heal|p1b: Volcanion|15\/100|[from] item: Leftovers\n|upkeep\n|turn|10\n|\n|t:|1700494818\n|move|p1a: Kawhi Leonard|Bullet Punch|p2b: Iron Hands\n|-resisted|p2b: Iron Hands\n|-damage|p2b: Iron Hands|14\/100\n|move|p1b: Volcanion|Steam Eruption|p2b: Iron Hands\n|-damage|p2b: Iron Hands|0 fnt\n|faint|p2b: Iron Hands\n|-end|p2b: Iron Hands|Quark Drive|[silent]\n|\n|win|vegetasfeet\n|raw|vegetasfeet's rating: 1347 &rarr; <strong>1360<\/strong><br \/>(+13 for winning)\n|raw|jedkenlim's rating: 1228 &rarr; <strong>1211<\/strong><br \/>(-17 for losing)\n|l|\u2606jedkenlim\n","uploadtime":1700494823,"views":2,"p1id":"vegetasfeet","p2id":"jedkenlim","formatid":"gen9doublesou","rating":1211,"private":0,"password":""}