{"id":"gen9doublesou-1969254592","p1":"Haneoka_Meimi","p2":"Hyrake","format":"[Gen 9] Doubles OU","log":"|j|\u2606Haneoka_Meimi\n|j|\u2606Hyrake\n|t:|1697506537\n|gametype|doubles\n|player|p1|Haneoka_Meimi|1|1370\n|player|p2|Hyrake|266|1339\n|teamsize|p1|6\n|teamsize|p2|6\n|gen|9\n|tier|[Gen 9] Doubles OU\n|rated|\n|rule|Species Clause: Limit one of each Pok\u00e9mon\n|rule|OHKO Clause: OHKO moves are banned\n|rule|Evasion Moves Clause: Evasion moves are banned\n|rule|Gravity Sleep Clause: The combination of sleep-inducing moves with imperfect accuracy and Gravity or Gigantamax Orbeetle are banned\n|rule|Endless Battle Clause: Forcing endless battles is banned\n|rule|HP Percentage Mod: HP is shown in percentages\n|clearpoke\n|poke|p1|Ogerpon-Wellspring, F|\n|poke|p1|Ursaluna-Bloodmoon, M|\n|poke|p1|Armarouge, M|\n|poke|p1|Tornadus, M|\n|poke|p1|Iron Hands|\n|poke|p1|Iron Bundle|\n|poke|p2|Chien-Pao|\n|poke|p2|Dragonite, M|\n|poke|p2|Flutter Mane|\n|poke|p2|Amoonguss, F|\n|poke|p2|Arcanine, M|\n|poke|p2|Sneasler, M|\n|teampreview\n|inactive|Battle timer is ON: inactive players will automatically lose when time's up. (requested by Haneoka_Meimi)\n|inactive|Hyrake has 120 seconds left.\n|inactive|Hyrake has 90 seconds left.\n|\n|t:|1697506615\n|start\n|switch|p1a: Armarouge|Armarouge, M|100\/100\n|switch|p1b: Ursaluna|Ursaluna-Bloodmoon, M|100\/100\n|switch|p2a: Dragonite|Dragonite, M|100\/100\n|switch|p2b: Chien-Pao|Chien-Pao|100\/100\n|-ability|p2b: Chien-Pao|Sword of Ruin\n|turn|1\n|inactive|Hyrake has 120 seconds left.\n|\n|t:|1697506660\n|-terastallize|p1b: Ursaluna|Normal\n|move|p2a: Dragonite|Extreme Speed|p1a: Armarouge\n|-damage|p1a: Armarouge|59\/100\n|move|p2b: Chien-Pao|Sacred Sword|p1b: Ursaluna\n|-supereffective|p1b: Ursaluna\n|-damage|p1b: Ursaluna|31\/100\n|-damage|p2b: Chien-Pao|91\/100|[from] item: Life Orb\n|move|p1a: Armarouge|Heat Wave|p2a: Dragonite|[spread] p2a,p2b\n|-resisted|p2a: Dragonite\n|-supereffective|p2b: Chien-Pao\n|-damage|p2a: Dragonite|88\/100\n|-damage|p2b: Chien-Pao|0 fnt\n|faint|p2b: Chien-Pao\n|move|p1b: Ursaluna|Hyper Voice|p2a: Dragonite\n|-damage|p2a: Dragonite|0 fnt\n|faint|p2a: Dragonite\n|\n|-heal|p1a: Armarouge|65\/100|[from] item: Leftovers\n|upkeep\n|\n|t:|1697506670\n|switch|p2b: Flutter Mane|Flutter Mane|100\/100\n|switch|p2a: Sneasler|Sneasler, M|100\/100\n|-enditem|p2b: Flutter Mane|Booster Energy\n|-activate|p2b: Flutter Mane|ability: Protosynthesis|[fromitem]\n|-start|p2b: Flutter Mane|protosynthesisspe\n|turn|2\n|inactive|Hyrake has 120 seconds left.\n|\n|t:|1697506689\n|move|p2a: Sneasler|Fake Out|p1a: Armarouge\n|-damage|p1a: Armarouge|52\/100\n|-status|p1a: Armarouge|psn|[from] ability: Poison Touch|[of] p2a: Sneasler\n|-damage|p2a: Sneasler|91\/100|[from] item: Life Orb\n|cant|p1a: Armarouge|flinch\n|move|p2b: Flutter Mane|Dazzling Gleam|p1b: Ursaluna|[spread] p1a,p1b\n|-resisted|p1a: Armarouge\n|-damage|p1a: Armarouge|37\/100 psn\n|-damage|p1b: Ursaluna|0 fnt\n|faint|p1b: Ursaluna\n|\n|-heal|p1a: Armarouge|43\/100 psn|[from] item: Leftovers\n|-damage|p1a: Armarouge|31\/100 psn|[from] psn\n|upkeep\n|\n|t:|1697506708\n|switch|p1b: Iron Hands|Iron Hands|100\/100\n|turn|3\n|\n|t:|1697506724\n|move|p1a: Armarouge|Ally Switch|p1a: Armarouge\n|swap|p1a: Armarouge|1|[from] move: Ally Switch\n|move|p2b: Flutter Mane|Moonblast|p1b: Armarouge\n|-resisted|p1b: Armarouge\n|-damage|p1b: Armarouge|6\/100 psn\n|move|p2a: Sneasler|Rock Slide|p1a: Iron Hands|[spread] p1a,p1b\n|-resisted|p1a: Iron Hands\n|-supereffective|p1b: Armarouge\n|-damage|p1a: Iron Hands|92\/100\n|-damage|p1b: Armarouge|0 fnt\n|faint|p1b: Armarouge\n|-damage|p2a: Sneasler|81\/100|[from] item: Life Orb\n|move|p1a: Iron Hands|Heavy Slam|p2b: Flutter Mane\n|-supereffective|p2b: Flutter Mane\n|-damage|p2b: Flutter Mane|0 fnt\n|faint|p2b: Flutter Mane\n|-end|p2b: Flutter Mane|Protosynthesis|[silent]\n|\n|upkeep\n|\n|t:|1697506749\n|switch|p2b: Amoonguss|Amoonguss, F|100\/100\n|switch|p1b: Tornadus|Tornadus, M|100\/100\n|turn|4\n|\n|t:|1697506764\n|move|p2a: Sneasler|Rock Slide|p1a: Iron Hands|[spread] p1a,p1b\n|-resisted|p1a: Iron Hands\n|-supereffective|p1b: Tornadus\n|-damage|p1a: Iron Hands|85\/100\n|-damage|p1b: Tornadus|26\/100\n|-damage|p2a: Sneasler|71\/100|[from] item: Life Orb\n|cant|p1b: Tornadus|flinch\n|move|p1a: Iron Hands|Heavy Slam|p2b: Amoonguss\n|-damage|p2b: Amoonguss|70\/100\n|move|p2b: Amoonguss|Spore|p1b: Tornadus\n|-status|p1b: Tornadus|slp|[from] move: Spore\n|\n|upkeep\n|turn|5\n|inactive|Hyrake has 120 seconds left.\n|\n|t:|1697506798\n|move|p2a: Sneasler|Dire Claw|p1a: Iron Hands\n|-damage|p1a: Iron Hands|48\/100\n|-damage|p2a: Sneasler|61\/100|[from] item: Life Orb\n|cant|p1b: Tornadus|slp\n|move|p1a: Iron Hands|Heavy Slam|p2a: Sneasler\n|-damage|p2a: Sneasler|0 fnt\n|faint|p2a: Sneasler\n|move|p2b: Amoonguss|Pollen Puff|p1a: Iron Hands\n|-resisted|p1a: Iron Hands\n|-damage|p1a: Iron Hands|43\/100\n|\n|upkeep\n|inactive|Hyrake has 120 seconds left.\n|\n|t:|1697506816\n|switch|p2a: Arcanine|Arcanine, M|100\/100\n|-ability|p2a: Arcanine|Intimidate|boost\n|-unboost|p1a: Iron Hands|atk|1\n|-unboost|p1b: Tornadus|atk|1\n|turn|6\n|\n|t:|1697506840\n|switch|p1b: Iron Bundle|Iron Bundle|100\/100\n|-enditem|p1b: Iron Bundle|Booster Energy\n|-activate|p1b: Iron Bundle|ability: Quark Drive|[fromitem]\n|-start|p1b: Iron Bundle|quarkdrivespe\n|-end|p1a: Iron Hands|Quark Drive|[silent]\n|switch|p1a: Ogerpon|Ogerpon-Wellspring, F|100\/100\n|move|p2a: Arcanine|Flare Blitz|p1a: Ogerpon\n|-damage|p1a: Ogerpon|39\/100\n|-damage|p2a: Arcanine|85\/100|[from] Recoil\n|move|p2b: Amoonguss|Pollen Puff|p1a: Ogerpon\n|-supereffective|p1a: Ogerpon\n|-damage|p1a: Ogerpon|0 fnt\n|faint|p1a: Ogerpon\n|\n|upkeep\n|inactive|Haneoka_Meimi has 120 seconds left.\n|\n|t:|1697506856\n|switch|p1a: Iron Hands|Iron Hands|43\/100\n|turn|7\n|\n|t:|1697506878\n|move|p1a: Iron Hands|Fake Out|p2a: Arcanine\n|-damage|p2a: Arcanine|68\/100\n|move|p2b: Amoonguss|Rage Powder|p2b: Amoonguss\n|-singleturn|p2b: Amoonguss|move: Rage Powder\n|move|p1b: Iron Bundle|Freeze-Dry|p2b: Amoonguss\n|-supereffective|p2b: Amoonguss\n|-damage|p2b: Amoonguss|9\/100\n|-enditem|p2b: Amoonguss|Sitrus Berry|[eat]\n|-heal|p2b: Amoonguss|34\/100|[from] item: Sitrus Berry\n|cant|p2a: Arcanine|flinch\n|\n|upkeep\n|turn|8\n|\n|t:|1697506895\n|move|p1b: Iron Bundle|Freeze-Dry|p2b: Amoonguss\n|-supereffective|p2b: Amoonguss\n|-damage|p2b: Amoonguss|0 fnt\n|faint|p2b: Amoonguss\n|move|p2a: Arcanine|Flare Blitz|p1a: Iron Hands\n|-damage|p1a: Iron Hands|14\/100\n|-damage|p2a: Arcanine|55\/100|[from] Recoil\n|move|p1a: Iron Hands|Close Combat|p2a: Arcanine\n|-crit|p2a: Arcanine\n|-damage|p2a: Arcanine|0 fnt\n|-unboost|p1a: Iron Hands|def|1\n|-unboost|p1a: Iron Hands|spd|1\n|faint|p2a: Arcanine\n|\n|win|Haneoka_Meimi\n|raw|Haneoka_Meimi's rating: 1370 &rarr; <strong>1388<\/strong><br \/>(+18 for winning)\n|raw|Hyrake's rating: 1339 &rarr; <strong>1321<\/strong><br \/>(-18 for losing)\n|l|\u2606Hyrake\n","uploadtime":1697506912,"views":8,"p1id":"haneokameimi","p2id":"hyrake","formatid":"gen9doublesou","rating":1321,"private":0,"password":""}