{"id":"gen9doublesou-1975932175","p1":"cotesmcgotes","p2":"georgep4__","format":"[Gen 9] Doubles OU","log":"|j|\u2606cotesmcgotes\n|j|\u2606georgep4__\n|t:|1698250229\n|gametype|doubles\n|player|p1|cotesmcgotes|flannery|1312\n|player|p2|georgep4__|boarder|1316\n|teamsize|p1|6\n|teamsize|p2|6\n|gen|9\n|tier|[Gen 9] Doubles OU\n|rated|\n|rule|Species Clause: Limit one of each Pok\u00e9mon\n|rule|OHKO Clause: OHKO moves are banned\n|rule|Evasion Moves Clause: Evasion moves are banned\n|rule|Gravity Sleep Clause: The combination of sleep-inducing moves with imperfect accuracy and Gravity or Gigantamax Orbeetle are banned\n|rule|Endless Battle Clause: Forcing endless battles is banned\n|rule|HP Percentage Mod: HP is shown in percentages\n|clearpoke\n|poke|p1|Manaphy|\n|poke|p1|Espathra, M|\n|poke|p1|Goodra-Hisui, F|\n|poke|p1|Ursaluna-Bloodmoon, M|\n|poke|p1|Ogerpon-Hearthflame, F|\n|poke|p1|Chien-Pao|\n|poke|p2|Fezandipiti, M|\n|poke|p2|Chien-Pao|\n|poke|p2|Flutter Mane|\n|poke|p2|Ursaluna-Bloodmoon, M|\n|poke|p2|Walking Wake|\n|poke|p2|Amoonguss, F|\n|teampreview\n|inactive|Battle timer is ON: inactive players will automatically lose when time's up. (requested by georgep4__)\n|\n|t:|1698250248\n|start\n|switch|p1a: Ursaluna|Ursaluna-Bloodmoon, M|100\/100\n|switch|p1b: Goodra|Goodra-Hisui, F|100\/100\n|switch|p2a: Fezandipiti|Fezandipiti, M|100\/100\n|switch|p2b: Amoonguss|Amoonguss, F, shiny|100\/100\n|turn|1\n|\n|t:|1698250259\n|move|p2a: Fezandipiti|Calm Mind|p2a: Fezandipiti\n|-boost|p2a: Fezandipiti|spa|1\n|-boost|p2a: Fezandipiti|spd|1\n|move|p1b: Goodra|Acid Armor|p1b: Goodra\n|-boost|p1b: Goodra|def|2\n|move|p1a: Ursaluna|Earth Power|p2a: Fezandipiti\n|-supereffective|p2a: Fezandipiti\n|-damage|p2a: Fezandipiti|56\/100\n|move|p2b: Amoonguss|Spore|p1a: Ursaluna\n|-status|p1a: Ursaluna|slp|[from] move: Spore\n|\n|upkeep\n|turn|2\n|\n|t:|1698250278\n|move|p2a: Fezandipiti|Calm Mind|p2a: Fezandipiti\n|-boost|p2a: Fezandipiti|spa|1\n|-boost|p2a: Fezandipiti|spd|1\n|move|p1b: Goodra|Acid Armor|p1b: Goodra\n|-boost|p1b: Goodra|def|2\n|cant|p1a: Ursaluna|slp\n|move|p2b: Amoonguss|Spore|p1b: Goodra\n|-ability|p1b: Goodra|Sap Sipper|boost\n|-boost|p1b: Goodra|atk|1\n|\n|upkeep\n|turn|3\n|\n|t:|1698250292\n|move|p2a: Fezandipiti|Dazzling Gleam|p1b: Goodra|[spread] p1a,p1b\n|-damage|p1a: Ursaluna|76\/100 slp\n|-damage|p1b: Goodra|85\/100\n|move|p1b: Goodra|Iron Head|p2a: Fezandipiti\n|-supereffective|p2a: Fezandipiti\n|-damage|p2a: Fezandipiti|0 fnt\n|faint|p2a: Fezandipiti\n|cant|p1a: Ursaluna|slp\n|move|p2b: Amoonguss|Giga Drain|p1a: Ursaluna\n|-supereffective|p1a: Ursaluna\n|-damage|p1a: Ursaluna|39\/100 slp\n|\n|-heal|p1b: Goodra|91\/100|[from] item: Leftovers\n|upkeep\n|\n|t:|1698250308\n|switch|p2a: Ursaluna|Ursaluna-Bloodmoon, M|100\/100\n|turn|4\n|\n|t:|1698250318\n|-terastallize|p1b: Goodra|Fighting\n|move|p1b: Goodra|Body Press|p2a: Ursaluna\n|-supereffective|p2a: Ursaluna\n|-damage|p2a: Ursaluna|24\/100\n|move|p2a: Ursaluna|Earth Power|p1b: Goodra\n|-damage|p1b: Goodra|69\/100\n|cant|p1a: Ursaluna|slp\n|move|p2b: Amoonguss|Giga Drain|p1a: Ursaluna\n|-supereffective|p1a: Ursaluna\n|-crit|p1a: Ursaluna\n|-damage|p1a: Ursaluna|0 fnt\n|faint|p1a: Ursaluna\n|\n|-heal|p1b: Goodra|75\/100|[from] item: Leftovers\n|upkeep\n|\n|t:|1698250330\n|switch|p1a: Ogerpon|Ogerpon-Hearthflame, F|100\/100\n|-ability|p1a: Ogerpon|Mold Breaker\n|turn|5\n|\n|t:|1698250348\n|switch|p2a: Flutter Mane|Flutter Mane|100\/100\n|-enditem|p2a: Flutter Mane|Booster Energy\n|-activate|p2a: Flutter Mane|ability: Protosynthesis|[fromitem]\n|-start|p2a: Flutter Mane|protosynthesisspe\n|switch|p2b: Walking Wake|Walking Wake|100\/100\n|move|p1a: Ogerpon|Horn Leech|p2a: Flutter Mane\n|-damage|p2a: Flutter Mane|22\/100\n|move|p1b: Goodra|Body Press|p2b: Walking Wake\n|-damage|p2b: Walking Wake|5\/100\n|\n|-heal|p1b: Goodra|81\/100|[from] item: Leftovers\n|upkeep\n|turn|6\n|\n|t:|1698250372\n|move|p1a: Ogerpon|Spiky Shield|p1a: Ogerpon\n|-singleturn|p1a: Ogerpon|move: Protect\n|move|p2a: Flutter Mane|Dazzling Gleam|p1b: Goodra|[spread] p1b\n|-activate|p1a: Ogerpon|move: Protect\n|-supereffective|p1b: Goodra\n|-damage|p1b: Goodra|49\/100\n|move|p2b: Walking Wake|Hydro Steam|p1a: Ogerpon\n|-activate|p1a: Ogerpon|move: Protect\n|move|p1b: Goodra|Iron Head|p2a: Flutter Mane\n|-supereffective|p2a: Flutter Mane\n|-damage|p2a: Flutter Mane|0 fnt\n|faint|p2a: Flutter Mane\n|-end|p2a: Flutter Mane|Protosynthesis|[silent]\n|\n|-heal|p1b: Goodra|55\/100|[from] item: Leftovers\n|upkeep\n|-message|georgep4__ forfeited.\n|\n|win|cotesmcgotes\n|raw|cotesmcgotes's rating: 1312 &rarr; <strong>1332<\/strong><br \/>(+20 for winning)\n|raw|georgep4__'s rating: 1316 &rarr; <strong>1296<\/strong><br \/>(-20 for losing)\n|l|\u2606georgep4__\n","uploadtime":1698250382,"views":9,"p1id":"cotesmcgotes","p2id":"georgep4","formatid":"gen9doublesou","rating":1296,"private":0,"password":""}