{"id":"gen9doublesou-1992678380","p1":"SD8008","p2":"outlanderss","format":"[Gen 9] Doubles OU","log":"|j|\u2606SD8008\n|j|\u2606outlanderss\n|t:|1700224210\n|gametype|doubles\n|player|p1|SD8008|acetrainerf|\n|player|p2|outlanderss|169|\n|teamsize|p1|6\n|teamsize|p2|6\n|gen|9\n|tier|[Gen 9] Doubles OU\n|rule|Species Clause: Limit one of each Pok\u00e9mon\n|rule|OHKO Clause: OHKO moves are banned\n|rule|Evasion Moves Clause: Evasion moves are banned\n|rule|Gravity Sleep Clause: The combination of sleep-inducing moves with imperfect accuracy and Gravity or Gigantamax Orbeetle are banned\n|rule|Endless Battle Clause: Forcing endless battles is banned\n|rule|HP Percentage Mod: HP is shown in percentages\n|clearpoke\n|poke|p1|Iron Moth|\n|poke|p1|Amoonguss, F|\n|poke|p1|Salazzle, F|\n|poke|p1|Sneasler, M|\n|poke|p1|Weezing, M|\n|poke|p1|Qwilfish-Hisui, F|\n|poke|p2|Gholdengo|\n|poke|p2|Klefki, F|\n|poke|p2|Corviknight, M|\n|poke|p2|Tinkaton, F|\n|poke|p2|Iron Treads|\n|poke|p2|Kingambit, F|\n|teampreview\n|inactive|Battle timer is ON: inactive players will automatically lose when time's up. (requested by SD8008)\n|\n|t:|1700224233\n|start\n|switch|p1a: Salazzle|Salazzle, F|100\/100\n|switch|p1b: Iron Moth|Iron Moth|100\/100\n|switch|p2a: Iron Treads|Iron Treads|100\/100\n|switch|p2b: Klefki|Klefki, F|100\/100\n|-enditem|p1b: Iron Moth|Booster Energy\n|-activate|p1b: Iron Moth|ability: Quark Drive|[fromitem]\n|-start|p1b: Iron Moth|quarkdrivespe\n|turn|1\n|inactive|SD8008 has 270 seconds left.\n|\n|t:|1700224287\n|switch|p1a: Qwilfish|Qwilfish-Hisui, F|100\/100\n|-ability|p1a: Qwilfish|Intimidate|boost\n|-unboost|p2a: Iron Treads|atk|1\n|-unboost|p2b: Klefki|atk|1\n|-terastallize|p1b: Iron Moth|Fire\n|move|p2b: Klefki|Thunder Wave|p1b: Iron Moth\n|-status|p1b: Iron Moth|par\n|move|p1b: Iron Moth|Fiery Dance|p2a: Iron Treads\n|-supereffective|p2a: Iron Treads\n|-damage|p2a: Iron Treads|16\/100\n|-boost|p1b: Iron Moth|spa|1\n|move|p2a: Iron Treads|Earthquake|p1b: Iron Moth|[spread] p2b,p1a,p1b\n|-supereffective|p2b: Klefki\n|-supereffective|p1a: Qwilfish\n|-supereffective|p1b: Iron Moth\n|-damage|p2b: Klefki|43\/100\n|-damage|p1a: Qwilfish|68\/100\n|-damage|p1b: Iron Moth|39\/100 par\n|\n|upkeep\n|turn|2\n|inactive|SD8008 has 270 seconds left.\n|inactive|outlanderss has 270 seconds left.\n|\n|t:|1700224326\n|-end|p2a: Iron Treads|Quark Drive|[silent]\n|switch|p2a: Kingambit|Kingambit, F|100\/100\n|switch|p2b: Tinkaton|Tinkaton, F|100\/100\n|-ability|p2b: Tinkaton|Mold Breaker\n|move|p1b: Iron Moth|Protect|p1b: Iron Moth\n|-singleturn|p1b: Iron Moth|Protect\n|move|p1a: Qwilfish|Crunch|p2a: Kingambit\n|-resisted|p2a: Kingambit\n|-crit|p2a: Kingambit\n|-damage|p2a: Kingambit|83\/100\n|\n|upkeep\n|turn|3\n|inactive|outlanderss has 270 seconds left.\n|\n|t:|1700224365\n|move|p2a: Kingambit|Sucker Punch|p1b: Iron Moth\n|-damage|p1b: Iron Moth|0 fnt\n|faint|p1b: Iron Moth\n|-end|p1b: Iron Moth|Quark Drive|[silent]\n|move|p2b: Tinkaton|Gigaton Hammer|p1a: Qwilfish\n|-damage|p1a: Qwilfish|38\/100\n|move|p1a: Qwilfish|Taunt|p2b: Tinkaton\n|-start|p2b: Tinkaton|move: Taunt\n|\n|upkeep\n|\n|t:|1700224379\n|switch|p1b: Salazzle|Salazzle, F|100\/100\n|turn|4\n|inactive|outlanderss has 270 seconds left.\n|\n|t:|1700224416\n|switch|p2b: Corviknight|Corviknight, M|100\/100\n|-ability|p2b: Corviknight|Pressure\n|switch|p1a: Amoonguss|Amoonguss, F|100\/100\n|move|p2a: Kingambit|Sucker Punch|p1b: Salazzle\n|-damage|p1b: Salazzle|25\/100\n|move|p1b: Salazzle|Flamethrower|p2a: Kingambit\n|-supereffective|p2a: Kingambit\n|-damage|p2a: Kingambit|0 fnt\n|faint|p2a: Kingambit\n|-end|p2a: Kingambit|fallenundefined|[silent]\n|\n|upkeep\n|\n|t:|1700224428\n|switch|p2a: Gholdengo|Gholdengo|100\/100\n|turn|5\n|inactive|SD8008 has 270 seconds left.\n|\n|t:|1700224453\n|switch|p1a: Weezing|Weezing, M|100\/100\n|-ability|p1a: Weezing|Neutralizing Gas\n|-terastallize|p2a: Gholdengo|Fairy\n|move|p1b: Salazzle|Fire Blast|p2a: Gholdengo\n|-damage|p2a: Gholdengo|36\/100\n|-status|p2a: Gholdengo|brn\n|move|p2a: Gholdengo|Make It Rain|p1b: Salazzle|[spread] p1a,p1b\n|-crit|p1a: Weezing\n|-resisted|p1b: Salazzle\n|-damage|p1a: Weezing|26\/100\n|-damage|p1b: Salazzle|0 fnt\n|-unboost|p2a: Gholdengo|spa|1\n|faint|p1b: Salazzle\n|-damage|p2a: Gholdengo|27\/100 brn|[from] item: Life Orb\n|move|p2b: Corviknight|Brave Bird|p1a: Weezing\n|-damage|p1a: Weezing|0 fnt\n|faint|p1a: Weezing\n|-end|p1a: Weezing|ability: Neutralizing Gas\n|-ability|p2b: Corviknight|Pressure\n|-damage|p2b: Corviknight|92\/100|[from] Recoil\n|\n|-heal|p2b: Corviknight|98\/100|[from] item: Leftovers\n|-damage|p2a: Gholdengo|20\/100 brn|[from] brn\n|upkeep\n|inactive|SD8008 has 240 seconds left.\n|\n|t:|1700224486\n|switch|p1b: Amoonguss|Amoonguss, F|100\/100\n|switch|p1a: Sneasler|Sneasler, M|100\/100\n|-item|p1a: Sneasler|Air Balloon\n|turn|6\n|\n|t:|1700224499\n|move|p1b: Amoonguss|Rage Powder|p1b: Amoonguss\n|-singleturn|p1b: Amoonguss|move: Rage Powder\n|move|p1a: Sneasler|Swords Dance|p1a: Sneasler\n|-boost|p1a: Sneasler|atk|2\n|move|p2a: Gholdengo|Make It Rain|p1b: Amoonguss|[spread] p1a,p1b\n|-damage|p1a: Sneasler|51\/100\n|-damage|p1b: Amoonguss|75\/100\n|-unboost|p2a: Gholdengo|spa|1\n|-enditem|p1a: Sneasler|Air Balloon\n|-damage|p2a: Gholdengo|11\/100 brn|[from] item: Life Orb\n|move|p2b: Corviknight|Brave Bird|p1b: Amoonguss\n|-supereffective|p1b: Amoonguss\n|-damage|p1b: Amoonguss|2\/100\n|-enditem|p1b: Amoonguss|Sitrus Berry|[eat]\n|-heal|p1b: Amoonguss|27\/100|[from] item: Sitrus Berry\n|-damage|p2b: Corviknight|68\/100|[from] Recoil\n|\n|-heal|p2b: Corviknight|74\/100|[from] item: Leftovers\n|-damage|p2a: Gholdengo|5\/100 brn|[from] brn\n|upkeep\n|turn|7\n|inactive|SD8008 has 270 seconds left.\n|inactive|SD8008 has 240 seconds left.\n|inactive|SD8008 has 210 seconds left.\n|\n|t:|1700224572\n|switch|p1b: Qwilfish|Qwilfish-Hisui, F|38\/100\n|-ability|p1b: Qwilfish|Intimidate|boost\n|-unboost|p2a: Gholdengo|atk|1\n|-unboost|p2b: Corviknight|atk|1\n|move|p1a: Sneasler|Night Slash|p2a: Gholdengo\n|-resisted|p2a: Gholdengo\n|-damage|p2a: Gholdengo|0 fnt\n|faint|p2a: Gholdengo\n|move|p2b: Corviknight|Brave Bird|p1b: Qwilfish\n|-damage|p1b: Qwilfish|16\/100\n|-damage|p2b: Corviknight|67\/100|[from] Recoil\n|\n|-heal|p2b: Corviknight|73\/100|[from] item: Leftovers\n|upkeep\n|\n|t:|1700224580\n|switch|p2a: Iron Treads|Iron Treads|16\/100\n|turn|8\n|\n|t:|1700224595\n|-end|p2a: Iron Treads|Quark Drive|[silent]\n|switch|p2a: Tinkaton|Tinkaton, F|100\/100\n|-ability|p2a: Tinkaton|Mold Breaker\n|move|p1a: Sneasler|Night Slash|p2a: Tinkaton\n|-resisted|p2a: Tinkaton\n|-damage|p2a: Tinkaton|75\/100\n|move|p2b: Corviknight|Bulk Up|p2b: Corviknight\n|-boost|p2b: Corviknight|atk|1\n|-boost|p2b: Corviknight|def|1\n|move|p1b: Qwilfish|Crunch|p2b: Corviknight\n|-damage|p2b: Corviknight|56\/100\n|\n|-heal|p2b: Corviknight|62\/100|[from] item: Leftovers\n|-heal|p2a: Tinkaton|81\/100|[from] item: Leftovers\n|upkeep\n|turn|9\n|inactive|SD8008 has 240 seconds left.\n|\n|t:|1700224629\n|move|p2a: Tinkaton|Helping Hand|p2b: Corviknight\n|-singleturn|p2b: Corviknight|Helping Hand|[of] p2a: Tinkaton\n|move|p1a: Sneasler|Close Combat|p2b: Corviknight\n|-damage|p2b: Corviknight|0 fnt\n|-unboost|p1a: Sneasler|def|1\n|-unboost|p1a: Sneasler|spd|1\n|faint|p2b: Corviknight\n|move|p1b: Qwilfish|Crunch|p2a: Tinkaton\n|-resisted|p2a: Tinkaton\n|-damage|p2a: Tinkaton|68\/100\n|\n|-heal|p2a: Tinkaton|74\/100|[from] item: Leftovers\n|upkeep\n|\n|t:|1700224636\n|switch|p2b: Klefki|Klefki, F|43\/100\n|turn|10\n|inactive|SD8008 has 240 seconds left.\n|inactive|SD8008 has 210 seconds left.\n|\n|t:|1700224695\n|move|p2b: Klefki|Thunder Wave|p1a: Sneasler|[miss]\n|-miss|p2b: Klefki|p1a: Sneasler\n|move|p1a: Sneasler|Close Combat|p2b: Klefki\n|-damage|p2b: Klefki|0 fnt\n|-unboost|p1a: Sneasler|def|1\n|-unboost|p1a: Sneasler|spd|1\n|faint|p2b: Klefki\n|move|p2a: Tinkaton|Gigaton Hammer|p1a: Sneasler\n|-crit|p1a: Sneasler\n|-damage|p1a: Sneasler|0 fnt\n|faint|p1a: Sneasler\n|move|p1b: Qwilfish|Crunch|p2a: Tinkaton\n|-resisted|p2a: Tinkaton\n|-damage|p2a: Tinkaton|62\/100\n|\n|-heal|p2a: Tinkaton|68\/100|[from] item: Leftovers\n|upkeep\n|\n|t:|1700224706\n|switch|p1a: Amoonguss|Amoonguss, F|60\/100\n|switch|p2b: Iron Treads|Iron Treads|16\/100\n|turn|11\n|inactive|SD8008 has 210 seconds left.\n|inactive|outlanderss has 270 seconds left.\n|\n|t:|1700224749\n|move|p2a: Tinkaton|Helping Hand|p2b: Iron Treads\n|-singleturn|p2b: Iron Treads|Helping Hand|[of] p2a: Tinkaton\n|move|p2b: Iron Treads|Earthquake|p1b: Qwilfish|[spread] p2a,p1a,p1b\n|-supereffective|p2a: Tinkaton\n|-supereffective|p1b: Qwilfish\n|-damage|p2a: Tinkaton|0 fnt\n|-damage|p1a: Amoonguss|19\/100\n|-damage|p1b: Qwilfish|0 fnt\n|faint|p2a: Tinkaton\n|faint|p1b: Qwilfish\n|move|p1a: Amoonguss|Spore|p2b: Iron Treads\n|-status|p2b: Iron Treads|slp|[from] move: Spore\n|\n|upkeep\n|turn|12\n|inactive|outlanderss has 270 seconds left.\n|\n|t:|1700224771\n|cant|p2b: Iron Treads|slp\n|move|p1a: Amoonguss|Foul Play|p2b: Iron Treads\n|-damage|p2b: Iron Treads|0 fnt\n|faint|p2b: Iron Treads\n|-end|p2b: Iron Treads|Quark Drive|[silent]\n|\n|win|SD8008\n|c|\u2606SD8008|gsg\n|c|\u2606SD8008|ggs\n|l|\u2606outlanderss\n","uploadtime":1700225555,"views":7,"p1id":"sd8008","p2id":"outlanderss","formatid":"gen9doublesou","rating":0,"private":0,"password":""}