{"id":"gen9doublesou-2000056204","p1":"witdflow","p2":"EmbraceAssassin","format":"[Gen 9] Doubles OU","log":"|j|\u2606witdflow\n|j|\u2606EmbraceAssassin\n|t:|1701147088\n|gametype|doubles\n|player|p1|witdflow|norman|1290\n|player|p2|EmbraceAssassin|169|1245\n|teamsize|p1|6\n|teamsize|p2|6\n|gen|9\n|tier|[Gen 9] Doubles OU\n|rated|\n|rule|Species Clause: Limit one of each Pok\u00e9mon\n|rule|OHKO Clause: OHKO moves are banned\n|rule|Evasion Moves Clause: Evasion moves are banned\n|rule|Gravity Sleep Clause: The combination of sleep-inducing moves with imperfect accuracy and Gravity or Gigantamax Orbeetle are banned\n|rule|Endless Battle Clause: Forcing endless battles is banned\n|rule|HP Percentage Mod: HP is shown in percentages\n|clearpoke\n|poke|p1|Lilligant, F|\n|poke|p1|Farigiraf, M|\n|poke|p1|Torkoal, L99, M|\n|poke|p1|Amoonguss, F|\n|poke|p1|Cresselia, F|\n|poke|p1|Ursaluna, M|\n|poke|p2|Sinistcha|\n|poke|p2|Thundurus, M|\n|poke|p2|Gholdengo|\n|poke|p2|Ogerpon-Wellspring, F|\n|poke|p2|Beartic, M|\n|poke|p2|Pelipper, F|\n|teampreview\n|c|\u2606witdflow|hey\n|\n|t:|1701147112\n|start\n|switch|p1a: Farigiraf|Farigiraf, M|100\/100\n|switch|p1b: Amanita|Amoonguss, F|100\/100\n|switch|p2a: Thundurus|Thundurus, M, shiny|100\/100\n|switch|p2b: Pelipper|Pelipper, F, shiny|100\/100\n|-weather|RainDance|[from] ability: Drizzle|[of] p2b: Pelipper\n|turn|1\n|\n|t:|1701147129\n|move|p1b: Amanita|Rage Powder|p1b: Amanita\n|-singleturn|p1b: Amanita|move: Rage Powder\n|move|p2a: Thundurus|Taunt||[still]\n|cant|p1a: Farigiraf|ability: Armor Tail|Taunt|[of] p2a: Thundurus\n|move|p2b: Pelipper|Hurricane|p1b: Amanita\n|-supereffective|p1b: Amanita\n|-damage|p1b: Amanita|45\/100\n|move|p1a: Farigiraf|Trick Room|p1a: Farigiraf\n|-fieldstart|move: Trick Room|[of] p1a: Farigiraf\n|\n|-weather|RainDance|[upkeep]\n|upkeep\n|turn|2\n|\n|t:|1701147166\n|move|p1b: Amanita|Rage Powder|p1b: Amanita\n|-singleturn|p1b: Amanita|move: Rage Powder\n|move|p1a: Farigiraf|Nasty Plot|p1a: Farigiraf\n|-boost|p1a: Farigiraf|spa|2\n|move|p2b: Pelipper|Weather Ball|p1b: Amanita\n|-resisted|p1b: Amanita\n|-damage|p1b: Amanita|23\/100\n|move|p2a: Thundurus|Snarl|p1a: Farigiraf|[spread] p1a\n|-miss|p2a: Thundurus|p1b: Amanita\n|-supereffective|p1a: Farigiraf\n|-damage|p1a: Farigiraf|75\/100\n|-unboost|p1a: Farigiraf|spa|1\n|\n|-weather|RainDance|[upkeep]\n|-heal|p1a: Farigiraf|82\/100|[from] item: Leftovers\n|upkeep\n|turn|3\n|\n|t:|1701147209\n|switch|p1b: Gyatt|Cresselia, F|100\/100\n|move|p1a: Farigiraf|Psychic|p2a: Thundurus\n|-damage|p2a: Thundurus|36\/100\n|move|p2b: Pelipper|Weather Ball|p1a: Farigiraf\n|-damage|p1a: Farigiraf|22\/100\n|move|p2a: Thundurus|Snarl|p1b: Gyatt|[spread] p1a,p1b\n|-supereffective|p1a: Farigiraf\n|-supereffective|p1b: Gyatt\n|-damage|p1a: Farigiraf|1\/100\n|-damage|p1b: Gyatt|90\/100\n|-unboost|p1a: Farigiraf|spa|1\n|-unboost|p1b: Gyatt|spa|1\n|\n|-weather|RainDance|[upkeep]\n|-heal|p1a: Farigiraf|7\/100|[from] item: Leftovers\n|upkeep\n|turn|4\n|\n|t:|1701147250\n|switch|p2b: Sinistcha|Sinistcha, shiny|100\/100\n|-heal|p2a: Thundurus|61\/100|[from] ability: Hospitality|[of] p2b: Sinistcha\n|move|p1b: Gyatt|Helping Hand|p1a: Farigiraf\n|-singleturn|p1a: Farigiraf|Helping Hand|[of] p1b: Gyatt\n|move|p1a: Farigiraf|Psychic|p2b: Sinistcha\n|-damage|p2b: Sinistcha|44\/100\n|-enditem|p2b: Sinistcha|Sitrus Berry|[eat]\n|-heal|p2b: Sinistcha|69\/100|[from] item: Sitrus Berry\n|move|p2a: Thundurus|Wildbolt Storm|p1b: Gyatt|[spread] p1a,p1b\n|-damage|p1a: Farigiraf|0 fnt\n|-damage|p1b: Gyatt|75\/100\n|faint|p1a: Farigiraf\n|\n|-weather|RainDance|[upkeep]\n|upkeep\n|\n|t:|1701147278\n|switch|p1a: I Lava You|Torkoal, L99, M|100\/100\n|-weather|SunnyDay|[from] ability: Drought|[of] p1a: I Lava You\n|turn|5\n|\n|t:|1701147288\n|-terastallize|p1a: I Lava You|Fire\n|-terastallize|p2b: Sinistcha|Dark\n|move|p1b: Gyatt|Helping Hand|p1a: I Lava You\n|-singleturn|p1a: I Lava You|Helping Hand|[of] p1b: Gyatt\n|move|p2a: Thundurus|Rain Dance|p2a: Thundurus\n|-weather|RainDance\n|move|p1a: I Lava You|Eruption|p2a: Thundurus|[spread] p2a,p2b\n|-damage|p2a: Thundurus|0 fnt\n|-damage|p2b: Sinistcha|5\/100\n|faint|p2a: Thundurus\n|move|p2b: Sinistcha|Life Dew|p2b: Sinistcha\n|-heal|p2b: Sinistcha|30\/100\n|\n|-weather|RainDance|[upkeep]\n|-fieldend|move: Trick Room\n|upkeep\n|\n|t:|1701147306\n|switch|p2a: Beartic|Beartic, M, shiny|100\/100\n|turn|6\n|\n|t:|1701147315\n|switch|p1a: Amanita|Amoonguss, F|57\/100\n|move|p2a: Beartic|Liquidation|p1a: Amanita\n|-resisted|p1a: Amanita\n|-damage|p1a: Amanita|35\/100\n|move|p2b: Sinistcha|Life Dew||[still]|[spread] p2a,p2b\n|-fail|p2a: Beartic|heal\n|-heal|p2b: Sinistcha|55\/100\n|move|p1b: Gyatt|Trick Room|p1b: Gyatt\n|-fieldstart|move: Trick Room|[of] p1b: Gyatt\n|\n|-weather|RainDance|[upkeep]\n|upkeep\n|turn|7\n|\n|t:|1701147335\n|switch|p1b: Cocaine Bear|Ursaluna, M, shiny|100\/100\n|move|p1a: Amanita|Spore|p2a: Beartic\n|-status|p2a: Beartic|slp|[from] move: Spore\n|move|p2b: Sinistcha|Matcha Gotcha|p1a: Amanita|[spread] p1a,p1b\n|-resisted|p1a: Amanita\n|-supereffective|p1b: Cocaine Bear\n|-damage|p1a: Amanita|31\/100\n|-heal|p2b: Sinistcha|58\/100|[from] drain|[of] p1a: Amanita\n|-damage|p1b: Cocaine Bear|60\/100\n|-heal|p2b: Sinistcha|85\/100|[from] drain|[of] p1b: Cocaine Bear\n|cant|p2a: Beartic|slp\n|\n|-weather|RainDance|[upkeep]\n|-status|p1b: Cocaine Bear|brn|[from] item: Flame Orb\n|upkeep\n|turn|8\n|\n|t:|1701147366\n|move|p1a: Amanita|Rage Powder|p1a: Amanita\n|-singleturn|p1a: Amanita|move: Rage Powder\n|move|p1b: Cocaine Bear|Facade|p2b: Sinistcha\n|-damage|p2b: Sinistcha|0 fnt\n|faint|p2b: Sinistcha\n|cant|p2a: Beartic|slp\n|\n|-weather|RainDance|[upkeep]\n|-damage|p1b: Cocaine Bear|54\/100 brn|[from] brn\n|upkeep\n|\n|t:|1701147382\n|switch|p2b: Gholdengo|Gholdengo, shiny|100\/100\n|-item|p2b: Gholdengo|Air Balloon\n|turn|9\n|\n|t:|1701147393\n|move|p1a: Amanita|Spore|p2b: Gholdengo\n|-immune|p2b: Gholdengo|[from] ability: Good as Gold\n|move|p1b: Cocaine Bear|Facade|p2a: Beartic\n|-damage|p2a: Beartic|0 fnt\n|faint|p2a: Beartic\n|move|p2b: Gholdengo|Make It Rain|p1a: Amanita|[spread] p1a,p1b\n|-crit|p1a: Amanita\n|-damage|p1a: Amanita|0 fnt\n|-damage|p1b: Cocaine Bear|14\/100 brn\n|-unboost|p2b: Gholdengo|spa|1\n|faint|p1a: Amanita\n|\n|-weather|none\n|-damage|p1b: Cocaine Bear|8\/100 brn|[from] brn\n|upkeep\n|\n|t:|1701147414\n|switch|p1a: I Lava You|Torkoal, L99, M, tera:Fire|100\/100\n|switch|p2a: Ogerpon|Ogerpon-Wellspring, F|100\/100\n|-weather|SunnyDay|[from] ability: Drought|[of] p1a: I Lava You\n|turn|10\n|\n|t:|1701147432\n|switch|p2b: Pelipper|Pelipper, F, shiny|100\/100\n|-weather|RainDance|[from] ability: Drizzle|[of] p2b: Pelipper\n|move|p2a: Ogerpon|Spiky Shield|p2a: Ogerpon\n|-singleturn|p2a: Ogerpon|move: Protect\n|move|p1a: I Lava You|Eruption|p2a: Ogerpon|[spread] p2b\n|-activate|p2a: Ogerpon|move: Protect\n|-resisted|p2b: Pelipper\n|-damage|p2b: Pelipper|75\/100\n|move|p1b: Cocaine Bear|Facade|p2a: Ogerpon\n|-activate|p2a: Ogerpon|move: Protect\n|-damage|p1b: Cocaine Bear|0 fnt|[from] Spiky Shield|[of] p2a: Ogerpon\n|faint|p1b: Cocaine Bear\n|\n|-weather|RainDance|[upkeep]\n|-fieldend|move: Trick Room\n|upkeep\n|c|\u2606witdflow|gg\n|\n|t:|1701147440\n|switch|p1b: Lilligant|Lilligant, F, shiny|100\/100\n|turn|11\n|\n|t:|1701147465\n|switch|p1a: Gyatt|Cresselia, F|75\/100\n|move|p1b: Lilligant|Leaf Storm|p2b: Pelipper\n|-damage|p2b: Pelipper|11\/100\n|-unboost|p1b: Lilligant|spa|2\n|move|p2a: Ogerpon|Ivy Cudgel|p1a: Gyatt|[anim] Ivy Cudgel Water\n|-damage|p1a: Gyatt|10\/100\n|-enditem|p1a: Gyatt|Aguav Berry|[eat]\n|-heal|p1a: Gyatt|43\/100|[from] item: Aguav Berry\n|move|p2b: Pelipper|Hurricane|p1b: Lilligant\n|-supereffective|p1b: Lilligant\n|-enditem|p1b: Lilligant|Focus Sash\n|-damage|p1b: Lilligant|1\/100\n|\n|-weather|RainDance|[upkeep]\n|upkeep\n|turn|12\n|\n|t:|1701147525\n|switch|p2b: Gholdengo|Gholdengo, shiny|100\/100\n|-item|p2b: Gholdengo|Air Balloon\n|move|p1a: Gyatt|Ally Switch|p1a: Gyatt\n|swap|p1a: Gyatt|1|[from] move: Ally Switch\n|move|p1a: Lilligant|Leaf Storm|p2b: Gholdengo\n|-resisted|p2b: Gholdengo\n|-damage|p2b: Gholdengo|86\/100\n|-unboost|p1a: Lilligant|spa|2\n|-enditem|p2b: Gholdengo|Air Balloon\n|move|p2a: Ogerpon|Ivy Cudgel|p1a: Lilligant|[anim] Ivy Cudgel Water\n|-resisted|p1a: Lilligant\n|-damage|p1a: Lilligant|0 fnt\n|faint|p1a: Lilligant\n|\n|-weather|RainDance|[upkeep]\n|upkeep\n|\n|t:|1701147532\n|switch|p1a: I Lava You|Torkoal, L99, M, tera:Fire|100\/100\n|-weather|SunnyDay|[from] ability: Drought|[of] p1a: I Lava You\n|turn|13\n|\n|t:|1701147565\n|switch|p2b: Pelipper|Pelipper, F, shiny|11\/100\n|-weather|RainDance|[from] ability: Drizzle|[of] p2b: Pelipper\n|move|p2a: Ogerpon|Ivy Cudgel|p1b: Gyatt|[anim] Ivy Cudgel Water\n|-damage|p1b: Gyatt|0 fnt\n|faint|p1b: Gyatt\n|move|p1a: I Lava You|Heat Wave|p2a: Ogerpon|[spread] p2a,p2b\n|-resisted|p2b: Pelipper\n|-damage|p2a: Ogerpon|75\/100\n|-damage|p2b: Pelipper|0 fnt\n|faint|p2b: Pelipper\n|\n|-weather|RainDance|[upkeep]\n|upkeep\n|c|\u2606witdflow|oops\n|c|\u2606witdflow|imeant to click tr\n|\n|t:|1701147575\n|switch|p2b: Gholdengo|Gholdengo, shiny|86\/100\n|turn|14\n|\n|t:|1701147578\n|move|p2b: Gholdengo|Shadow Ball|p1a: I Lava You\n|-damage|p1a: I Lava You|47\/100\n|move|p2a: Ogerpon|Ivy Cudgel|p1a: I Lava You|[anim] Ivy Cudgel Water\n|-supereffective|p1a: I Lava You\n|-damage|p1a: I Lava You|0 fnt\n|faint|p1a: I Lava You\n|\n|win|EmbraceAssassin\n|raw|witdflow's rating: 1290 &rarr; <strong>1262<\/strong><br \/>(-28 for losing)\n|raw|EmbraceAssassin's rating: 1245 &rarr; <strong>1273<\/strong><br \/>(+28 for winning)\n|c|\u2606witdflow|gg\n|l|\u2606witdflow\n","uploadtime":1701147589,"views":23,"p1id":"witdflow","p2id":"embraceassassin","formatid":"gen9doublesou","rating":1262,"private":0,"password":""}