{"id":"gen9doublesou-1988347851","p1":"Ill Will the 1st","p2":"Juaner95","format":"[Gen 9] Doubles OU","log":"|j|\u2606Ill Will the 1st\n|j|\u2606Juaner95\n|t:|1699712097\n|gametype|doubles\n|player|p1|Ill Will the 1st|hooligans|1436\n|player|p2|Juaner95|skyla|1474\n|teamsize|p1|6\n|teamsize|p2|6\n|gen|9\n|tier|[Gen 9] Doubles OU\n|rated|\n|rule|Species Clause: Limit one of each Pok\u00e9mon\n|rule|OHKO Clause: OHKO moves are banned\n|rule|Evasion Moves Clause: Evasion moves are banned\n|rule|Gravity Sleep Clause: The combination of sleep-inducing moves with imperfect accuracy and Gravity or Gigantamax Orbeetle are banned\n|rule|Endless Battle Clause: Forcing endless battles is banned\n|rule|HP Percentage Mod: HP is shown in percentages\n|clearpoke\n|poke|p1|Chien-Pao|\n|poke|p1|Iron Hands|\n|poke|p1|Flutter Mane|\n|poke|p1|Amoonguss, F|\n|poke|p1|Dragapult, F|\n|poke|p1|Ursaluna-Bloodmoon, M|\n|poke|p2|Orthworm, M|\n|poke|p2|Garchomp, M|\n|poke|p2|Kilowattrel, F|\n|poke|p2|Quaquaval, F|\n|poke|p2|Sylveon, F|\n|poke|p2|Ceruledge, M|\n|teampreview\n|\n|t:|1699712115\n|start\n|switch|p1a: Flutter Mane|Flutter Mane|100\/100\n|switch|p1b: Iron Hands|Iron Hands|100\/100\n|switch|p2a: Kilowattrel|Kilowattrel, F|100\/100\n|switch|p2b: Garchomp|Garchomp, M, shiny|100\/100\n|turn|1\n|\n|t:|1699712137\n|switch|p2b: Orthworm|Orthworm, M|100\/100\n|move|p2a: Kilowattrel|Protect|p2a: Kilowattrel\n|-singleturn|p2a: Kilowattrel|Protect\n|move|p1b: Iron Hands|Fake Out|p2a: Kilowattrel\n|-activate|p2a: Kilowattrel|move: Protect\n|move|p1a: Flutter Mane|Dazzling Gleam|p2b: Orthworm|[spread] p2b\n|-activate|p2a: Kilowattrel|move: Protect\n|-resisted|p2b: Orthworm\n|-damage|p2b: Orthworm|74\/100\n|\n|-heal|p2b: Orthworm|80\/100|[from] item: Leftovers\n|upkeep\n|turn|2\n|\n|t:|1699712178\n|-end|p1a: Flutter Mane|Protosynthesis|[silent]\n|switch|p1a: Amoonguss|Amoonguss, F|100\/100\n|move|p2a: Kilowattrel|Tailwind|p2a: Kilowattrel\n|-sidestart|p2: Juaner95|move: Tailwind\n|move|p2b: Orthworm|Shed Tail|p2b: Orthworm\n|-start|p2b: Orthworm|Substitute|[from] move: Shed Tail\n|-damage|p2b: Orthworm|30\/100\n|\n|t:|1699712191\n|switch|p2b: Garchomp|Garchomp, M, shiny|100\/100|[from] Shed Tail\n|move|p1b: Iron Hands|Drain Punch|p2b: Garchomp\n|-end|p2b: Garchomp|Substitute\n|\n|upkeep\n|turn|3\n|\n|t:|1699712236\n|-end|p1b: Iron Hands|Quark Drive|[silent]\n|switch|p1b: Flutter Mane|Flutter Mane|100\/100\n|move|p2a: Kilowattrel|Air Slash|p1a: Amoonguss\n|-supereffective|p1a: Amoonguss\n|-damage|p1a: Amoonguss|35\/100\n|move|p2b: Garchomp|Earthquake|p1b: Flutter Mane|[spread] p1a,p1b\n|-immune|p2a: Kilowattrel\n|-damage|p1a: Amoonguss|0 fnt\n|-damage|p1b: Flutter Mane|3\/100\n|faint|p1a: Amoonguss\n|\n|upkeep\n|\n|t:|1699712247\n|switch|p1a: Chien-Pao|Chien-Pao|100\/100\n|-ability|p1a: Chien-Pao|Sword of Ruin\n|turn|4\n|\n|t:|1699712257\n|move|p1a: Chien-Pao|Protect|p1a: Chien-Pao\n|-singleturn|p1a: Chien-Pao|Protect\n|move|p2a: Kilowattrel|Thunderbolt|p1a: Chien-Pao\n|-activate|p1a: Chien-Pao|move: Protect\n|move|p2b: Garchomp|Earthquake|p1a: Chien-Pao|[spread] p1b\n|-activate|p1a: Chien-Pao|move: Protect\n|-immune|p2a: Kilowattrel\n|-damage|p1b: Flutter Mane|0 fnt\n|faint|p1b: Flutter Mane\n|-end|p1b: Flutter Mane|Protosynthesis|[silent]\n|\n|upkeep\n|\n|t:|1699712272\n|switch|p1b: Ursaluna|Ursaluna-Bloodmoon, M|100\/100\n|turn|5\n|\n|t:|1699712289\n|move|p2a: Kilowattrel|Air Slash|p1b: Ursaluna\n|-damage|p1b: Ursaluna|65\/100\n|move|p2b: Garchomp|Earthquake|p1a: Chien-Pao|[spread] p1a,p1b\n|-immune|p2a: Kilowattrel\n|-damage|p1a: Chien-Pao|20\/100\n|-damage|p1b: Ursaluna|16\/100\n|move|p1a: Chien-Pao|Ice Spinner|p2a: Kilowattrel\n|-supereffective|p2a: Kilowattrel\n|-enditem|p2a: Kilowattrel|Focus Sash\n|-damage|p2a: Kilowattrel|1\/100\n|move|p1b: Ursaluna|Hyper Voice|p2b: Garchomp|[spread] p2a,p2b\n|-damage|p2a: Kilowattrel|0 fnt\n|-damage|p2b: Garchomp|58\/100\n|faint|p2a: Kilowattrel\n|-enditem|p1b: Ursaluna|Throat Spray\n|-boost|p1b: Ursaluna|spa|1|[from] item: Throat Spray\n|\n|-sideend|p2: Juaner95|move: Tailwind\n|upkeep\n|\n|t:|1699712305\n|switch|p2a: Orthworm|Orthworm, M|30\/100\n|turn|6\n|\n|t:|1699712323\n|move|p1b: Ursaluna|Protect|p1b: Ursaluna\n|-singleturn|p1b: Ursaluna|Protect\n|move|p1a: Chien-Pao|Sacred Sword|p2a: Orthworm\n|-supereffective|p2a: Orthworm\n|-damage|p2a: Orthworm|0 fnt\n|faint|p2a: Orthworm\n|move|p2b: Garchomp|Earthquake|p1b: Ursaluna|[spread] p1a\n|-activate|p1b: Ursaluna|move: Protect\n|-damage|p1a: Chien-Pao|0 fnt\n|faint|p1a: Chien-Pao\n|\n|upkeep\n|\n|t:|1699712340\n|switch|p1a: Dragapult|Dragapult, F|100\/100\n|switch|p2a: Sylveon|Sylveon, F, shiny|100\/100\n|turn|7\n|\n|t:|1699712375\n|move|p2a: Sylveon|Protect|p2a: Sylveon\n|-singleturn|p2a: Sylveon|Protect\n|move|p1a: Dragapult|Dragon Darts|p2b: Garchomp\n|-supereffective|p2b: Garchomp\n|-damage|p2b: Garchomp|6\/100\n|-anim|p1a: Dragapult|Dragon Darts|p2b: Garchomp\n|-supereffective|p2b: Garchomp\n|-damage|p2b: Garchomp|0 fnt\n|faint|p2b: Garchomp\n|move|p1b: Ursaluna|Blood Moon|p2a: Sylveon\n|-activate|p2a: Sylveon|move: Protect\n|\n|upkeep\n|\n|t:|1699712398\n|switch|p2b: Quaquaval|Quaquaval, F|100\/100\n|turn|8\n|\n|t:|1699712416\n|-terastallize|p1a: Dragapult|Ghost\n|move|p1b: Ursaluna|Protect|p1b: Ursaluna\n|-singleturn|p1b: Ursaluna|Protect\n|move|p1a: Dragapult|Dragon Darts|p2b: Quaquaval\n|-damage|p2b: Quaquaval|67\/100\n|-anim|p1a: Dragapult|Dragon Darts|p2b: Quaquaval\n|-damage|p2b: Quaquaval|35\/100\n|move|p2b: Quaquaval|Aqua Step|p1b: Ursaluna\n|-activate|p1b: Ursaluna|move: Protect\n|move|p2a: Sylveon|Hyper Voice|p1a: Dragapult|[spread] p1a\n|-activate|p1b: Ursaluna|move: Protect\n|-damage|p1a: Dragapult|48\/100\n|-enditem|p2a: Sylveon|Throat Spray\n|-boost|p2a: Sylveon|spa|1|[from] item: Throat Spray\n|\n|upkeep\n|turn|9\n|\n|t:|1699712457\n|move|p2b: Quaquaval|Detect|p2b: Quaquaval\n|-singleturn|p2b: Quaquaval|Protect\n|move|p1a: Dragapult|Dragon Darts|p2b: Quaquaval\n|-immune|p2a: Sylveon\n|move|p2a: Sylveon|Hyper Voice|p1b: Ursaluna|[spread] p1a,p1b\n|-damage|p1a: Dragapult|0 fnt\n|-damage|p1b: Ursaluna|0 fnt\n|faint|p1a: Dragapult\n|faint|p1b: Ursaluna\n|\n|upkeep\n|\n|t:|1699712474\n|switch|p1a: Iron Hands|Iron Hands|100\/100\n|turn|10\n|c|\u2606Ill Will the 1st|gg\n|\n|t:|1699712491\n|move|p2b: Quaquaval|Aqua Step|p1a: Iron Hands\n|-damage|p1a: Iron Hands|59\/100\n|-boost|p2b: Quaquaval|spe|1\n|-damage|p2b: Quaquaval|25\/100|[from] item: Life Orb\n|move|p2a: Sylveon|Hyper Voice|p1a: Iron Hands\n|-supereffective|p1a: Iron Hands\n|-damage|p1a: Iron Hands|0 fnt\n|faint|p1a: Iron Hands\n|-end|p1a: Iron Hands|Quark Drive|[silent]\n|\n|win|Juaner95\n|raw|Ill Will the 1st's rating: 1436 &rarr; <strong>1418<\/strong><br \/>(-18 for losing)\n|raw|Juaner95's rating: 1474 &rarr; <strong>1492<\/strong><br \/>(+18 for winning)\n|c|\u2606Juaner95|GG\n|l|\u2606Ill Will the 1st\n|l|\u2606Juaner95\n|j|\u2606Juaner95\n|player|p2|Juaner95|skyla\n","uploadtime":1699713301,"views":11,"p1id":"illwillthe1st","p2id":"juaner95","formatid":"gen9doublesou","rating":1418,"private":0,"password":""}