{"id":"gen9doublesou-1997583029","p1":"Mikralas","p2":"LucarioRelyksYT","format":"[Gen 9] Doubles OU","log":"|j|\u2606Mikralas\n|j|\u2606LucarioRelyksYT\n|t:|1700828938\n|gametype|doubles\n|player|p1|Mikralas|jasmine-masters2|1000\n|player|p2|LucarioRelyksYT|265|1019\n|teamsize|p1|6\n|teamsize|p2|6\n|gen|9\n|tier|[Gen 9] Doubles OU\n|rated|\n|rule|Species Clause: Limit one of each Pok\u00e9mon\n|rule|OHKO Clause: OHKO moves are banned\n|rule|Evasion Moves Clause: Evasion moves are banned\n|rule|Gravity Sleep Clause: The combination of sleep-inducing moves with imperfect accuracy and Gravity or Gigantamax Orbeetle are banned\n|rule|Endless Battle Clause: Forcing endless battles is banned\n|rule|HP Percentage Mod: HP is shown in percentages\n|clearpoke\n|poke|p1|Ampharos, F|\n|poke|p1|Cetitan, F|\n|poke|p1|Brute Bonnet|\n|poke|p1|Stonjourner, M|\n|poke|p1|Mienshao, F|\n|poke|p1|Braviary, M|\n|poke|p2|Kilowattrel, M|\n|poke|p2|Lilligant, F|\n|poke|p2|Garchomp, F|\n|poke|p2|Dragapult, M|\n|poke|p2|Gastrodon-East, F|\n|poke|p2|Grimmsnarl, M|\n|teampreview\n|\n|t:|1700828965\n|start\n|switch|p1a: Mienshao|Mienshao, F|100\/100\n|switch|p1b: Stonjourner|Stonjourner, M|100\/100\n|switch|p2a: Dragapult|Dragapult, M|100\/100\n|switch|p2b: Gastrodon|Gastrodon-East, F|100\/100\n|turn|1\n|\n|t:|1700828986\n|move|p2a: Dragapult|Will-O-Wisp|p1a: Mienshao\n|-status|p1a: Mienshao|brn\n|move|p1a: Mienshao|Substitute|p1a: Mienshao\n|-start|p1a: Mienshao|Substitute\n|-damage|p1a: Mienshao|75\/100 brn\n|move|p1b: Stonjourner|Body Press|p2b: Gastrodon\n|-damage|p2b: Gastrodon|74\/100\n|move|p2b: Gastrodon|Earth Power|p1b: Stonjourner\n|-supereffective|p1b: Stonjourner\n|-crit|p1b: Stonjourner\n|-damage|p1b: Stonjourner|11\/100\n|\n|-damage|p1a: Mienshao|69\/100 brn|[from] brn\n|upkeep\n|turn|2\n|\n|t:|1700829012\n|move|p2b: Gastrodon|Protect|p2b: Gastrodon\n|-singleturn|p2b: Gastrodon|Protect\n|move|p2a: Dragapult|Night Shade|p1b: Stonjourner\n|-damage|p1b: Stonjourner|0 fnt\n|faint|p1b: Stonjourner\n|-damage|p2a: Dragapult|91\/100|[from] item: Life Orb\n|move|p1a: Mienshao|Swords Dance|p1a: Mienshao\n|-boost|p1a: Mienshao|atk|2\n|\n|-damage|p1a: Mienshao|63\/100 brn|[from] brn\n|upkeep\n|l|\u2606Mikralas\n|player|p1|\n|j|\u2606Mikralas\n|player|p1|Mikralas|jasmine-masters2\n|\n|t:|1700829056\n|switch|p1b: Braviary|Braviary, M|100\/100\n|turn|3\n|\n|t:|1700829067\n|move|p2a: Dragapult|Will-O-Wisp|p1b: Braviary\n|-status|p1b: Braviary|brn\n|move|p1a: Mienshao|Swords Dance|p1a: Mienshao\n|-boost|p1a: Mienshao|atk|2\n|move|p1b: Braviary|Tailwind|p1b: Braviary\n|-sidestart|p1: Mikralas|move: Tailwind\n|move|p2b: Gastrodon|Ice Beam|p1b: Braviary\n|-supereffective|p1b: Braviary\n|-damage|p1b: Braviary|58\/100 brn\n|\n|-damage|p1a: Mienshao|57\/100 brn|[from] brn\n|-damage|p1b: Braviary|52\/100 brn|[from] brn\n|upkeep\n|turn|4\n|\n|t:|1700829090\n|move|p1a: Mienshao|High Jump Kick|p2b: Gastrodon\n|-damage|p2b: Gastrodon|0 fnt\n|faint|p2b: Gastrodon\n|move|p2a: Dragapult|Dragon Claw|p1b: Braviary\n|-damage|p1b: Braviary|10\/100 brn\n|-damage|p2a: Dragapult|74\/100|[from] item: Rocky Helmet|[of] p1b: Braviary\n|-damage|p2a: Dragapult|64\/100|[from] item: Life Orb\n|move|p1b: Braviary|Roost|p1b: Braviary\n|-heal|p1b: Braviary|60\/100 brn\n|-singleturn|p1b: Braviary|move: Roost\n|\n|-damage|p1a: Mienshao|50\/100 brn|[from] brn\n|-damage|p1b: Braviary|54\/100 brn|[from] brn\n|upkeep\n|\n|t:|1700829112\n|switch|p2b: Grimmsnarl|Grimmsnarl, M, shiny|100\/100\n|turn|5\n|\n|t:|1700829127\n|move|p1a: Mienshao|High Jump Kick|p2b: Grimmsnarl\n|-damage|p2b: Grimmsnarl|0 fnt\n|faint|p2b: Grimmsnarl\n|move|p2a: Dragapult|Dragon Claw|p1b: Braviary\n|-damage|p1b: Braviary|15\/100 brn\n|-damage|p2a: Dragapult|48\/100|[from] item: Rocky Helmet|[of] p1b: Braviary\n|-damage|p2a: Dragapult|38\/100|[from] item: Life Orb\n|move|p1b: Braviary|Roost|p1b: Braviary\n|-heal|p1b: Braviary|65\/100 brn\n|-singleturn|p1b: Braviary|move: Roost\n|\n|-damage|p1a: Mienshao|44\/100 brn|[from] brn\n|-damage|p1b: Braviary|58\/100 brn|[from] brn\n|upkeep\n|\n|t:|1700829141\n|switch|p2b: Lilligant|Lilligant, F, shiny|100\/100\n|turn|6\n|\n|t:|1700829157\n|move|p1a: Mienshao|High Jump Kick|p2b: Lilligant\n|-damage|p2b: Lilligant|0 fnt\n|faint|p2b: Lilligant\n|move|p2a: Dragapult|Dragon Claw|p1a: Mienshao\n|-end|p1a: Mienshao|Substitute\n|-damage|p2a: Dragapult|28\/100|[from] item: Life Orb\n|move|p1b: Braviary|Roost|p1b: Braviary\n|-heal|p1b: Braviary|100\/100 brn\n|-singleturn|p1b: Braviary|move: Roost\n|\n|-damage|p1a: Mienshao|38\/100 brn|[from] brn\n|-damage|p1b: Braviary|94\/100 brn|[from] brn\n|-sideend|p1: Mikralas|move: Tailwind\n|upkeep\n|\n|t:|1700829174\n|switch|p2b: Kilowattrel|Kilowattrel, M|100\/100\n|turn|7\n|\n|t:|1700829183\n|move|p2a: Dragapult|Dragon Claw|p1a: Mienshao\n|-damage|p1a: Mienshao|0 fnt\n|faint|p1a: Mienshao\n|-damage|p2a: Dragapult|18\/100|[from] item: Life Orb\n|move|p2b: Kilowattrel|Hurricane|p1b: Braviary|[miss]\n|-miss|p2b: Kilowattrel|p1b: Braviary\n|move|p1b: Braviary|Tailwind|p1b: Braviary\n|-sidestart|p1: Mikralas|move: Tailwind\n|\n|-damage|p1b: Braviary|88\/100 brn|[from] brn\n|upkeep\n|\n|t:|1700829200\n|switch|p1a: Cetitan|Cetitan, F|100\/100\n|turn|8\n|\n|t:|1700829211\n|move|p1a: Cetitan|Ice Spinner|p2a: Dragapult\n|-supereffective|p2a: Dragapult\n|-damage|p2a: Dragapult|0 fnt\n|faint|p2a: Dragapult\n|move|p1b: Braviary|Brave Bird|p2b: Kilowattrel\n|-resisted|p2b: Kilowattrel\n|-damage|p2b: Kilowattrel|80\/100\n|-damage|p1b: Braviary|83\/100 brn|[from] Recoil\n|move|p2b: Kilowattrel|Discharge|p1b: Braviary|[spread] p1a,p1b\n|-supereffective|p1b: Braviary\n|-damage|p1a: Cetitan|77\/100\n|-damage|p1b: Braviary|40\/100 brn\n|-status|p1a: Cetitan|par\n|\n|-damage|p1b: Braviary|34\/100 brn|[from] brn\n|upkeep\n|\n|t:|1700829237\n|switch|p2a: Garchomp|Garchomp, F|100\/100\n|turn|9\n|\n|t:|1700829249\n|move|p1a: Cetitan|Ice Spinner|p2a: Garchomp\n|-supereffective|p2a: Garchomp\n|-damage|p2a: Garchomp|0 fnt\n|-damage|p1a: Cetitan|65\/100 par|[from] ability: Rough Skin|[of] p2a: Garchomp\n|-damage|p1a: Cetitan|48\/100 par|[from] item: Rocky Helmet|[of] p2a: Garchomp\n|faint|p2a: Garchomp\n|move|p1b: Braviary|Roost|p1b: Braviary\n|-heal|p1b: Braviary|84\/100 brn\n|-singleturn|p1b: Braviary|move: Roost\n|move|p2b: Kilowattrel|Discharge|p1b: Braviary|[spread] p1a,p1b\n|-damage|p1a: Cetitan|22\/100 par\n|-damage|p1b: Braviary|63\/100 brn\n|\n|-damage|p1b: Braviary|57\/100 brn|[from] brn\n|upkeep\n|turn|10\n|\n|t:|1700829269\n|-terastallize|p2b: Kilowattrel|Fighting\n|move|p1a: Cetitan|Ice Spinner|p2b: Kilowattrel\n|-damage|p2b: Kilowattrel|36\/100\n|move|p1b: Braviary|Brave Bird|p2b: Kilowattrel\n|-supereffective|p2b: Kilowattrel\n|-damage|p2b: Kilowattrel|0 fnt\n|faint|p2b: Kilowattrel\n|-damage|p1b: Braviary|48\/100 brn|[from] Recoil\n|\n|win|Mikralas\n|raw|Mikralas's rating: 1000 &rarr; <strong>1042<\/strong><br \/>(+42 for winning)\n|raw|LucarioRelyksYT's rating: 1019 &rarr; <strong>1005<\/strong><br \/>(-14 for losing)\n|l|\u2606LucarioRelyksYT\n","uploadtime":1700829280,"views":11,"p1id":"mikralas","p2id":"lucariorelyksyt","formatid":"gen9doublesou","rating":1005,"private":0,"password":""}