{"id":"gen9doublesou-1972858285","p1":"wingminmon","p2":"Opiter","format":"[Gen 9] Doubles OU","log":"|j|\u2606wingminmon\n|j|\u2606Opiter\n|t:|1697902882\n|gametype|doubles\n|player|p1|wingminmon|preschooler|1203\n|player|p2|Opiter|nate|1188\n|teamsize|p1|6\n|teamsize|p2|6\n|gen|9\n|tier|[Gen 9] Doubles OU\n|rated|\n|rule|Species Clause: Limit one of each Pok\u00e9mon\n|rule|OHKO Clause: OHKO moves are banned\n|rule|Evasion Moves Clause: Evasion moves are banned\n|rule|Gravity Sleep Clause: The combination of sleep-inducing moves with imperfect accuracy and Gravity or Gigantamax Orbeetle are banned\n|rule|Endless Battle Clause: Forcing endless battles is banned\n|rule|HP Percentage Mod: HP is shown in percentages\n|clearpoke\n|poke|p1|Dragapult, M|\n|poke|p1|Heatran, F|\n|poke|p1|Ogerpon, F|\n|poke|p1|Cresselia, F|\n|poke|p1|Landorus-Therian, M|\n|poke|p1|Tornadus, M|\n|poke|p2|Landorus, M|\n|poke|p2|Armarouge, M|\n|poke|p2|Flutter Mane|\n|poke|p2|Baxcalibur, F|\n|poke|p2|Indeedee-F, F|\n|poke|p2|Iron Bundle|\n|teampreview\n|\n|t:|1697902922\n|start\n|switch|p1a: Tornadus|Tornadus, M|100\/100\n|switch|p1b: Ogerpon|Ogerpon, F|100\/100\n|switch|p2a: Iron Bundle|Iron Bundle|100\/100\n|switch|p2b: Baxcalibur|Baxcalibur, F|100\/100\n|-enditem|p2a: Iron Bundle|Booster Energy\n|-activate|p2a: Iron Bundle|ability: Quark Drive|[fromitem]\n|-start|p2a: Iron Bundle|quarkdrivespe\n|turn|1\n|\n|t:|1697902943\n|move|p1a: Tornadus|Tailwind|p1a: Tornadus\n|-sidestart|p1: wingminmon|move: Tailwind\n|move|p1b: Ogerpon|Ivy Cudgel|p2a: Iron Bundle\n|-supereffective|p2a: Iron Bundle\n|-damage|p2a: Iron Bundle|0 fnt\n|faint|p2a: Iron Bundle\n|-end|p2a: Iron Bundle|Quark Drive|[silent]\n|move|p2b: Baxcalibur|Breaking Swipe|p1a: Tornadus|[spread] p1a,p1b\n|-crit|p1b: Ogerpon\n|-damage|p1a: Tornadus|71\/100\n|-damage|p1b: Ogerpon|55\/100\n|-unboost|p1b: Ogerpon|atk|1\n|-ability|p1b: Ogerpon|Defiant|boost\n|-boost|p1b: Ogerpon|atk|2\n|\n|-heal|p1b: Ogerpon|61\/100|[from] item: Leftovers\n|upkeep\n|\n|t:|1697902967\n|switch|p2a: Armarouge|Armarouge, M|100\/100\n|turn|2\n|\n|t:|1697903012\n|move|p1a: Tornadus|Taunt|p2a: Armarouge\n|-start|p2a: Armarouge|move: Taunt\n|move|p2b: Baxcalibur|Ice Shard|p1b: Ogerpon\n|-supereffective|p1b: Ogerpon\n|-damage|p1b: Ogerpon|6\/100\n|move|p1b: Ogerpon|Stomping Tantrum|p2a: Armarouge\n|-supereffective|p2a: Armarouge\n|-damage|p2a: Armarouge|35\/100\n|-ability|p2a: Armarouge|Weak Armor|boost\n|-unboost|p2a: Armarouge|def|1\n|-boost|p2a: Armarouge|spe|2\n|-enditem|p2a: Armarouge|Weakness Policy\n|-boost|p2a: Armarouge|atk|2|[from] item: Weakness Policy\n|-boost|p2a: Armarouge|spa|2|[from] item: Weakness Policy\n|move|p2a: Armarouge|Armor Cannon|p1b: Ogerpon\n|-supereffective|p1b: Ogerpon\n|-damage|p1b: Ogerpon|0 fnt\n|-unboost|p2a: Armarouge|def|1\n|-unboost|p2a: Armarouge|spd|1\n|faint|p1b: Ogerpon\n|\n|upkeep\n|\n|t:|1697903038\n|switch|p1b: Heatran|Heatran, F|100\/100\n|turn|3\n|\n|t:|1697903072\n|switch|p1a: Cresselia|Cresselia, F|100\/100\n|switch|p2b: Indeedee|Indeedee-F, F|100\/100\n|-fieldstart|move: Psychic Terrain|[from] ability: Psychic Surge|[of] p2b: Indeedee\n|move|p1b: Heatran|Flash Cannon|p2b: Indeedee\n|-damage|p2b: Indeedee|61\/100\n|move|p2a: Armarouge|Expanding Force|p1b: Heatran|[spread] p1a,p1b\n|-resisted|p1a: Cresselia\n|-resisted|p1b: Heatran\n|-damage|p1a: Cresselia|59\/100\n|-damage|p1b: Heatran|62\/100\n|\n|-heal|p2b: Indeedee|67\/100|[from] item: Leftovers\n|upkeep\n|turn|4\n|\n|t:|1697903096\n|move|p2b: Indeedee|Helping Hand|p2a: Armarouge\n|-singleturn|p2a: Armarouge|Helping Hand|[of] p2b: Indeedee\n|move|p1a: Cresselia|Lunar Blessing|p1a: Cresselia|[spread] p1a,p1b\n|-heal|p1a: Cresselia|84\/100\n|-heal|p1b: Heatran|87\/100\n|move|p1b: Heatran|Magma Storm|p2b: Indeedee\n|-crit|p2b: Indeedee\n|-damage|p2b: Indeedee|0 fnt\n|faint|p2b: Indeedee\n|move|p2a: Armarouge|Expanding Force|p1a: Cresselia|[spread] p1a,p1b\n|-resisted|p1a: Cresselia\n|-resisted|p1b: Heatran\n|-damage|p1a: Cresselia|29\/100\n|-damage|p1b: Heatran|33\/100\n|-enditem|p1a: Cresselia|Sitrus Berry|[eat]\n|-heal|p1a: Cresselia|54\/100|[from] item: Sitrus Berry\n|\n|-end|p2a: Armarouge|move: Taunt\n|-sideend|p1: wingminmon|move: Tailwind\n|upkeep\n|\n|t:|1697903123\n|switch|p2b: Flutter Mane|Flutter Mane|100\/100\n|-enditem|p2b: Flutter Mane|Booster Energy\n|-activate|p2b: Flutter Mane|ability: Protosynthesis|[fromitem]\n|-start|p2b: Flutter Mane|protosynthesisspe\n|turn|5\n|\n|t:|1697903134\n|move|p2b: Flutter Mane|Calm Mind|p2b: Flutter Mane\n|-boost|p2b: Flutter Mane|spa|1\n|-boost|p2b: Flutter Mane|spd|1\n|move|p2a: Armarouge|Expanding Force|p1a: Cresselia|[spread] p1a,p1b\n|-resisted|p1a: Cresselia\n|-resisted|p1b: Heatran\n|-damage|p1a: Cresselia|15\/100\n|-damage|p1b: Heatran|0 fnt\n|faint|p1b: Heatran\n|move|p1a: Cresselia|Thunder Wave|p2b: Flutter Mane\n|-status|p2b: Flutter Mane|par\n|\n|upkeep\n|\n|t:|1697903146\n|switch|p1b: Landorus|Landorus-Therian, M|100\/100\n|-ability|p1b: Landorus|Intimidate|boost\n|-unboost|p2a: Armarouge|atk|1\n|-unboost|p2b: Flutter Mane|atk|1\n|turn|6\n|\n|t:|1697903168\n|move|p1b: Landorus|Rock Slide|p2a: Armarouge|[spread] p2a,p2b\n|-supereffective|p2a: Armarouge\n|-damage|p2a: Armarouge|0 fnt\n|-damage|p2b: Flutter Mane|51\/100 par\n|faint|p2a: Armarouge\n|move|p2b: Flutter Mane|Charm|p1b: Landorus\n|-unboost|p1b: Landorus|atk|2\n|move|p1a: Cresselia|Icy Wind|p2b: Flutter Mane\n|-damage|p2b: Flutter Mane|44\/100 par\n|-unboost|p2b: Flutter Mane|spe|1\n|\n|upkeep\n|\n|t:|1697903176\n|switch|p2a: Baxcalibur|Baxcalibur, F|100\/100\n|turn|7\n|\n|t:|1697903184\n|switch|p1b: Dragapult|Dragapult, M, shiny|100\/100\n|move|p2a: Baxcalibur|Ice Shard|p1a: Cresselia\n|-hint|Psychic Terrain doesn't affect Pok\u00e9mon immune to Ground.\n|-damage|p1a: Cresselia|3\/100\n|move|p1a: Cresselia|Thunder Wave|p2a: Baxcalibur\n|-status|p2a: Baxcalibur|par\n|move|p2b: Flutter Mane|Draining Kiss|p1b: Dragapult\n|-supereffective|p1b: Dragapult\n|-damage|p1b: Dragapult|7\/100\n|-heal|p2b: Flutter Mane|100\/100 par|[from] drain|[of] p1b: Dragapult\n|\n|-fieldend|move: Psychic Terrain\n|upkeep\n|turn|8\n|\n|t:|1697903213\n|move|p2a: Baxcalibur|Ice Shard|p1b: Dragapult\n|-supereffective|p1b: Dragapult\n|-damage|p1b: Dragapult|0 fnt\n|faint|p1b: Dragapult\n|move|p1a: Cresselia|Icy Wind|p2a: Baxcalibur|[spread] p2a,p2b\n|-damage|p2a: Baxcalibur|92\/100 par\n|-damage|p2b: Flutter Mane|95\/100 par\n|-unboost|p2a: Baxcalibur|spe|1\n|-unboost|p2b: Flutter Mane|spe|1\n|move|p2b: Flutter Mane|Calm Mind|p2b: Flutter Mane\n|-boost|p2b: Flutter Mane|spa|1\n|-boost|p2b: Flutter Mane|spd|1\n|\n|upkeep\n|\n|t:|1697903219\n|switch|p1b: Landorus|Landorus-Therian, M|100\/100\n|-ability|p1b: Landorus|Intimidate|boost\n|-unboost|p2a: Baxcalibur|atk|1\n|-unboost|p2b: Flutter Mane|atk|1\n|turn|9\n|\n|t:|1697903235\n|switch|p2a: Landorus|Landorus, M|100\/100\n|-terastallize|p1b: Landorus|Flying\n|move|p1a: Cresselia|Helping Hand|p1b: Landorus\n|-singleturn|p1b: Landorus|Helping Hand|[of] p1a: Cresselia\n|move|p1b: Landorus|Tera Blast|p2b: Flutter Mane|[anim] Tera Blast Flying\n|-damage|p2b: Flutter Mane|0 fnt\n|faint|p2b: Flutter Mane\n|-end|p2b: Flutter Mane|Protosynthesis|[silent]\n|\n|upkeep\n|\n|t:|1697903247\n|switch|p2b: Baxcalibur|Baxcalibur, F|92\/100 par\n|turn|10\n|\n|t:|1697903267\n|switch|p1a: Tornadus|Tornadus, M|71\/100\n|cant|p2b: Baxcalibur|par\n|move|p1b: Landorus|Tera Blast|p2b: Baxcalibur|[anim] Tera Blast Flying\n|-damage|p2b: Baxcalibur|36\/100 par\n|move|p2a: Landorus|Crunch|p1b: Landorus\n|-damage|p1b: Landorus|62\/100\n|\n|upkeep\n|turn|11\n|-message|Opiter forfeited.\n|\n|win|wingminmon\n|raw|wingminmon's rating: 1203 &rarr; <strong>1225<\/strong><br \/>(+22 for winning)\n|raw|Opiter's rating: 1164 &rarr; <strong>1142<\/strong><br \/>(-22 for losing)\n|l|\u2606Opiter\n","uploadtime":1697903299,"views":14,"p1id":"wingminmon","p2id":"opiter","formatid":"gen9doublesou","rating":1142,"private":0,"password":""}