{"id":"gen9doublesou-1982690998","p1":"glasses15","p2":"Tournesol Velvet","format":"[Gen 9] Doubles OU","log":"|j|\u2606glasses15\n|j|\u2606Tournesol Velvet\n|t:|1699036148\n|gametype|doubles\n|player|p1|glasses15|scientistf|1066\n|player|p2|Tournesol Velvet|169|1000\n|teamsize|p1|6\n|teamsize|p2|6\n|gen|9\n|tier|[Gen 9] Doubles OU\n|rated|\n|rule|Species Clause: Limit one of each Pok\u00e9mon\n|rule|OHKO Clause: OHKO moves are banned\n|rule|Evasion Moves Clause: Evasion moves are banned\n|rule|Gravity Sleep Clause: The combination of sleep-inducing moves with imperfect accuracy and Gravity or Gigantamax Orbeetle are banned\n|rule|Endless Battle Clause: Forcing endless battles is banned\n|rule|HP Percentage Mod: HP is shown in percentages\n|clearpoke\n|poke|p1|Kommo-o, M|\n|poke|p1|Flamigo, M|\n|poke|p1|Glimmora, F|\n|poke|p1|Mismagius, M|\n|poke|p1|Gliscor, F|\n|poke|p1|Dragonite, M|\n|poke|p2|Gliscor, F|\n|poke|p2|Talonflame, F|\n|poke|p2|Gyarados, F|\n|poke|p2|Amoonguss, M|\n|poke|p2|Corviknight, F|\n|poke|p2|Rotom-Fan|\n|teampreview\n|inactive|Battle timer is ON: inactive players will automatically lose when time's up. (requested by glasses15)\n|c|\u2606glasses15|glhf\n|inactive|Tournesol Velvet has 120 seconds left.\n|\n|t:|1699036180\n|start\n|switch|p1a: Mismagius|Mismagius, M|100\/100\n|switch|p1b: Gliscor|Gliscor, F|100\/100\n|switch|p2a: Gyarados|Gyarados, F|100\/100\n|switch|p2b: Talonflame|Talonflame, F|100\/100\n|-ability|p2a: Gyarados|Intimidate|boost\n|-unboost|p1a: Mismagius|atk|1\n|-unboost|p1b: Gliscor|atk|1\n|turn|1\n|\n|t:|1699036197\n|move|p2b: Talonflame|Tailwind|p2b: Talonflame\n|-sidestart|p2: Tournesol Velvet|move: Tailwind\n|move|p2a: Gyarados|Ice Fang|p1b: Gliscor\n|-supereffective|p1b: Gliscor\n|-damage|p1b: Gliscor|14\/100\n|move|p1a: Mismagius|Substitute|p1a: Mismagius\n|-start|p1a: Mismagius|Substitute\n|-damage|p1a: Mismagius|76\/100\n|move|p1b: Gliscor|Swords Dance|p1b: Gliscor\n|-boost|p1b: Gliscor|atk|2\n|\n|-heal|p1a: Mismagius|82\/100|[from] item: Leftovers\n|-status|p1b: Gliscor|tox|[from] item: Toxic Orb\n|upkeep\n|turn|2\n|inactive|Tournesol Velvet has 120 seconds left.\n|\n|t:|1699036244\n|switch|p2b: Corviknight|Corviknight, F|100\/100\n|move|p2a: Gyarados|Ice Fang|p1b: Gliscor\n|-supereffective|p1b: Gliscor\n|-damage|p1b: Gliscor|0 fnt\n|faint|p1b: Gliscor\n|move|p1a: Mismagius|Nasty Plot|p1a: Mismagius\n|-boost|p1a: Mismagius|spa|2\n|\n|-heal|p1a: Mismagius|88\/100|[from] item: Leftovers\n|upkeep\n|\n|t:|1699036256\n|switch|p1b: Kommo-o|Kommo-o, M|100\/100\n|turn|3\n|inactive|Tournesol Velvet has 120 seconds left.\n|\n|t:|1699036275\n|-terastallize|p2b: Corviknight|Flying\n|move|p2a: Gyarados|Earthquake|p1b: Kommo-o|[spread] p1b\n|-immune|p2b: Corviknight\n|-immune|p1a: Mismagius|[from] ability: Levitate\n|-damage|p1b: Kommo-o|76\/100\n|move|p2b: Corviknight|Brave Bird|p1b: Kommo-o\n|-supereffective|p1b: Kommo-o\n|-damage|p1b: Kommo-o|0 fnt\n|faint|p1b: Kommo-o\n|-damage|p2b: Corviknight|79\/100|[from] Recoil\n|move|p1a: Mismagius|Nasty Plot|p1a: Mismagius\n|-boost|p1a: Mismagius|spa|2\n|\n|-heal|p2b: Corviknight|85\/100|[from] item: Leftovers\n|-heal|p1a: Mismagius|94\/100|[from] item: Leftovers\n|upkeep\n|\n|t:|1699036287\n|switch|p1b: Dragonite|Dragonite, M|100\/100\n|turn|4\n|\n|t:|1699036298\n|-terastallize|p1a: Mismagius|Fairy\n|move|p2a: Gyarados|Ice Fang|p1b: Dragonite\n|-supereffective|p1b: Dragonite\n|-enditem|p1b: Dragonite|Yache Berry|[eat]\n|-enditem|p1b: Dragonite|Yache Berry|[weaken]\n|-damage|p1b: Dragonite|72\/100\n|move|p2b: Corviknight|Brave Bird|p1a: Mismagius\n|-end|p1a: Mismagius|Substitute\n|-damage|p2b: Corviknight|79\/100|[from] Recoil|[of] p1a: Mismagius\n|move|p1a: Mismagius|Draining Kiss|p2b: Corviknight\n|-damage|p2b: Corviknight|0 fnt\n|-heal|p1a: Mismagius|100\/100|[from] drain|[of] p2b: Corviknight\n|faint|p2b: Corviknight\n|move|p1b: Dragonite|Dragon Dance|p1b: Dragonite\n|-boost|p1b: Dragonite|atk|1\n|-boost|p1b: Dragonite|spe|1\n|\n|-sideend|p2: Tournesol Velvet|move: Tailwind\n|upkeep\n|\n|t:|1699036314\n|switch|p2b: Amoonguss|Amoonguss, M|100\/100\n|turn|5\n|\n|t:|1699036326\n|move|p2b: Amoonguss|Rage Powder|p2b: Amoonguss\n|-singleturn|p2b: Amoonguss|move: Rage Powder\n|move|p1a: Mismagius|Substitute|p1a: Mismagius\n|-start|p1a: Mismagius|Substitute\n|-damage|p1a: Mismagius|76\/100\n|move|p2a: Gyarados|Ice Fang|p1b: Dragonite\n|-supereffective|p1b: Dragonite\n|-damage|p1b: Dragonite|0 fnt\n|faint|p1b: Dragonite\n|\n|-heal|p1a: Mismagius|82\/100|[from] item: Leftovers\n|upkeep\n|\n|t:|1699036335\n|switch|p1b: Glimmora|Glimmora, F|100\/100\n|turn|6\n|\n|t:|1699036348\n|move|p1a: Mismagius|Draining Kiss|p2b: Amoonguss\n|-resisted|p2b: Amoonguss\n|-crit|p2b: Amoonguss\n|-damage|p2b: Amoonguss|63\/100\n|-heal|p1a: Mismagius|100\/100|[from] drain|[of] p2b: Amoonguss\n|move|p1b: Glimmora|Stealth Rock|p2b: Amoonguss\n|-sidestart|p2: Tournesol Velvet|move: Stealth Rock\n|move|p2a: Gyarados|Ice Fang|p1a: Mismagius\n|-end|p1a: Mismagius|Substitute\n|move|p2b: Amoonguss|Spore|p1b: Glimmora\n|-status|p1b: Glimmora|slp|[from] move: Spore\n|\n|upkeep\n|turn|7\n|\n|t:|1699036372\n|move|p1a: Mismagius|Substitute|p1a: Mismagius\n|-start|p1a: Mismagius|Substitute\n|-damage|p1a: Mismagius|76\/100\n|cant|p1b: Glimmora|slp\n|move|p2a: Gyarados|Waterfall|p1a: Mismagius\n|-end|p1a: Mismagius|Substitute\n|move|p2b: Amoonguss|Giga Drain|p1a: Mismagius\n|-damage|p1a: Mismagius|49\/100\n|-heal|p2b: Amoonguss|71\/100|[from] drain|[of] p1a: Mismagius\n|\n|-heal|p1a: Mismagius|55\/100|[from] item: Leftovers\n|upkeep\n|turn|8\n|\n|t:|1699036392\n|move|p1a: Mismagius|Draining Kiss|p2a: Gyarados\n|-damage|p2a: Gyarados|11\/100\n|-heal|p1a: Mismagius|100\/100|[from] drain|[of] p2a: Gyarados\n|cant|p1b: Glimmora|slp\n|move|p2a: Gyarados|Waterfall|p1a: Mismagius\n|-damage|p1a: Mismagius|11\/100\n|move|p2b: Amoonguss|Giga Drain|p1a: Mismagius\n|-damage|p1a: Mismagius|0 fnt\n|-heal|p2b: Amoonguss|75\/100|[from] drain|[of] p1a: Mismagius\n|faint|p1a: Mismagius\n|\n|upkeep\n|c|\u2606glasses15|lol\n|c|\u2606glasses15|aw man\n|\n|t:|1699036403\n|switch|p1a: Flamigo|Flamigo, M|100\/100\n|-copyboost|p1a: Flamigo|p1b: Glimmora|[from] ability: Costar\n|turn|9\n|\n|t:|1699036417\n|move|p1a: Flamigo|Feint|p2a: Gyarados\n|-damage|p2a: Gyarados|0 fnt\n|faint|p2a: Gyarados\n|move|p2b: Amoonguss|Rage Powder|p2b: Amoonguss\n|-singleturn|p2b: Amoonguss|move: Rage Powder\n|cant|p1b: Glimmora|slp\n|\n|upkeep\n|\n|t:|1699036432\n|switch|p2a: Gliscor|Gliscor, F|100\/100\n|-damage|p2a: Gliscor|88\/100|[from] Stealth Rock\n|turn|10\n|\n|t:|1699036445\n|move|p2a: Gliscor|Protect|p2a: Gliscor\n|-singleturn|p2a: Gliscor|Protect\n|-curestatus|p1b: Glimmora|slp|[msg]\n|move|p1b: Glimmora|Toxic Spikes|p2b: Amoonguss\n|-sidestart|p2: Tournesol Velvet|move: Toxic Spikes\n|move|p1a: Flamigo|Acrobatics|p2b: Amoonguss\n|-supereffective|p2b: Amoonguss\n|-damage|p2b: Amoonguss|10\/100\n|-enditem|p2b: Amoonguss|Wiki Berry|[eat]\n|-heal|p2b: Amoonguss|43\/100|[from] item: Wiki Berry\n|move|p2b: Amoonguss|Spore|p1a: Flamigo\n|-status|p1a: Flamigo|slp|[from] move: Spore\n|\n|-status|p2a: Gliscor|tox|[from] item: Toxic Orb\n|upkeep\n|turn|11\n|\n|t:|1699036468\n|move|p2b: Amoonguss|Protect|p2b: Amoonguss\n|-singleturn|p2b: Amoonguss|Protect\n|move|p1b: Glimmora|Stealth Rock||[still]\n|-fail|p1b: Glimmora\n|cant|p1a: Flamigo|slp\n|move|p2a: Gliscor|Earthquake|p1b: Glimmora|[spread] p1b\n|-activate|p2b: Amoonguss|move: Protect\n|-immune|p1a: Flamigo\n|-supereffective|p1b: Glimmora\n|-damage|p1b: Glimmora|6\/100\n|-activate|p1b: Glimmora|ability: Toxic Debris\n|-sidestart|p2: Tournesol Velvet|move: Toxic Spikes\n|\n|-heal|p2a: Gliscor|100\/100 tox|[from] ability: Poison Heal\n|upkeep\n|turn|12\n|-message|glasses15 forfeited.\n|\n|win|Tournesol Velvet\n|raw|glasses15's rating: 1066 &rarr; <strong>1042<\/strong><br \/>(-24 for losing)\n|raw|Tournesol Velvet's rating: 1000 &rarr; <strong>1048<\/strong><br \/>(+48 for winning)\n|l|\u2606glasses15\n","uploadtime":1699036556,"views":24,"p1id":"glasses15","p2id":"tournesolvelvet","formatid":"gen9doublesou","rating":1042,"private":0,"password":""}