{"id":"gen9doublesou-1999252992","p1":"pikachublues10","p2":"Kuzwa","format":"[Gen 9] Doubles OU","log":"|j|\u203dpikachublues10\n|j|\u2606Kuzwa\n|t:|1701051058\n|gametype|doubles\n|player|p1|pikachublues10|volkner|1109\n|player|p2|Kuzwa|pokemonbreeder-gen4|1213\n|teamsize|p1|6\n|teamsize|p2|6\n|gen|9\n|tier|[Gen 9] Doubles OU\n|rated|\n|rule|Species Clause: Limit one of each Pok\u00e9mon\n|rule|OHKO Clause: OHKO moves are banned\n|rule|Evasion Moves Clause: Evasion moves are banned\n|rule|Gravity Sleep Clause: The combination of sleep-inducing moves with imperfect accuracy and Gravity or Gigantamax Orbeetle are banned\n|rule|Endless Battle Clause: Forcing endless battles is banned\n|rule|HP Percentage Mod: HP is shown in percentages\n|clearpoke\n|poke|p1|Chi-Yu|\n|poke|p1|Chien-Pao|\n|poke|p1|Dragonite, M|\n|poke|p1|Murkrow, M|\n|poke|p1|Gholdengo|\n|poke|p1|Meowscarada, F|\n|poke|p2|Gallade, M|\n|poke|p2|Glimmora, F|\n|poke|p2|Chien-Pao|\n|poke|p2|Iron Bundle|\n|poke|p2|Ogerpon-Wellspring, F|\n|poke|p2|Murkrow, M|\n|teampreview\n|\n|t:|1701051066\n|start\n|switch|p1a: Chien-Pao|Chien-Pao|100\/100\n|switch|p1b: Dragonite|Dragonite, M|100\/100\n|switch|p2a: ermal|Murkrow, M|100\/100\n|switch|p2b: Eon|Chien-Pao|100\/100\n|-ability|p1a: Chien-Pao|Sword of Ruin\n|-ability|p2b: Eon|Sword of Ruin\n|turn|1\n|inactive|Battle timer is ON: inactive players will automatically lose when time's up. (requested by Kuzwa)\n|\n|t:|1701051084\n|move|p1b: Dragonite|Extreme Speed|p2a: ermal\n|-damage|p2a: ermal|11\/100\n|move|p2a: ermal|Tailwind|p2a: ermal\n|-sidestart|p2: Kuzwa|move: Tailwind\n|move|p2b: Eon|Ice Spinner|p1b: Dragonite\n|-supereffective|p1b: Dragonite\n|-damage|p1b: Dragonite|0 fnt\n|faint|p1b: Dragonite\n|move|p1a: Chien-Pao|Sacred Sword|p2b: Eon\n|-supereffective|p2b: Eon\n|-enditem|p2b: Eon|Focus Sash\n|-damage|p2b: Eon|1\/100\n|\n|upkeep\n|\n|t:|1701051093\n|switch|p1b: Chi-Yu|Chi-Yu|100\/100\n|-ability|p1b: Chi-Yu|Beads of Ruin\n|turn|2\n|\n|t:|1701051102\n|move|p2a: ermal|Perish Song|p2a: ermal\n|-start|p1a: Chien-Pao|perish3|[silent]\n|-start|p1b: Chi-Yu|perish3|[silent]\n|-start|p2a: ermal|perish3|[silent]\n|-start|p2b: Eon|perish3|[silent]\n|-fieldactivate|move: Perish Song\n|move|p2b: Eon|Sacred Sword|p1b: Chi-Yu\n|-supereffective|p1b: Chi-Yu\n|-damage|p1b: Chi-Yu|0 fnt\n|faint|p1b: Chi-Yu\n|move|p1a: Chien-Pao|Sacred Sword|p2b: Eon\n|-supereffective|p2b: Eon\n|-damage|p2b: Eon|0 fnt\n|faint|p2b: Eon\n|\n|-start|p2a: ermal|perish3\n|-start|p1a: Chien-Pao|perish3\n|upkeep\n|\n|t:|1701051115\n|switch|p2b: Astro|Gallade, M|100\/100\n|switch|p1b: Gholdengo|Gholdengo|100\/100\n|turn|3\n|\n|t:|1701051143\n|move|p2a: ermal|Perish Song|p2a: ermal\n|-immune|p1b: Gholdengo|[from] ability: Good as Gold\n|-start|p2b: Astro|perish3|[silent]\n|-fieldactivate|move: Perish Song\n|move|p2b: Astro|Swords Dance|p2b: Astro\n|-boost|p2b: Astro|atk|2\n|move|p1a: Chien-Pao|Throat Chop|p2b: Astro\n|-damage|p2b: Astro|10\/100\n|-start|p2b: Astro|Throat Chop|[silent]\n|move|p1b: Gholdengo|Thunderbolt|p2a: ermal\n|-supereffective|p2a: ermal\n|-damage|p2a: ermal|0 fnt\n|faint|p2a: ermal\n|\n|-start|p2b: Astro|perish3\n|-start|p1a: Chien-Pao|perish2\n|upkeep\n|\n|t:|1701051151\n|switch|p2a: Castro|Glimmora, F|100\/100\n|-item|p2a: Castro|Air Balloon\n|turn|4\n|\n|t:|1701051163\n|move|p2a: Castro|Power Gem|p1b: Gholdengo\n|-resisted|p1b: Gholdengo\n|-crit|p1b: Gholdengo\n|-damage|p1b: Gholdengo|68\/100\n|move|p2b: Astro|Leaf Blade|p1b: Gholdengo\n|-resisted|p1b: Gholdengo\n|-damage|p1b: Gholdengo|0 fnt\n|faint|p1b: Gholdengo\n|move|p1a: Chien-Pao|Sacred Sword|p2a: Castro\n|-damage|p2a: Castro|55\/100\n|-activate|p2a: Castro|ability: Toxic Debris\n|-sidestart|p1: pikachublues10|move: Toxic Spikes\n|-enditem|p2a: Castro|Air Balloon\n|\n|-end|p2b: Astro|Throat Chop|[silent]\n|-start|p2b: Astro|perish2\n|-start|p1a: Chien-Pao|perish1\n|-sideend|p2: Kuzwa|move: Tailwind\n|upkeep\n|\n|t:|1701051172\n|switch|p1b: Meowscarada|Meowscarada, F|100\/100\n|-status|p1b: Meowscarada|psn\n|turn|5\n|\n|t:|1701051188\n|switch|p1a: Murkrow|Murkrow, M|100\/100\n|move|p1b: Meowscarada|Knock Off|p2b: Astro\n|-damage|p2b: Astro|0 fnt\n|-enditem|p2b: Astro|Focus Sash|[from] move: Knock Off|[of] p1b: Meowscarada\n|faint|p2b: Astro\n|move|p2a: Castro|Sludge Wave|p1b: Meowscarada|[spread] p1a,p1b\n|-supereffective|p1b: Meowscarada\n|-crit|p1b: Meowscarada\n|-damage|p1a: Murkrow|66\/100\n|-enditem|p1b: Meowscarada|Focus Sash\n|-damage|p1b: Meowscarada|1\/100 psn\n|-status|p1a: Murkrow|psn\n|\n|-damage|p1b: Meowscarada|0 fnt|[from] psn\n|faint|p1b: Meowscarada\n|-damage|p1a: Murkrow|54\/100 psn|[from] psn\n|upkeep\n|\n|t:|1701051197\n|switch|p1b: Chien-Pao|Chien-Pao|100\/100\n|switch|p2b: Tango|Iron Bundle|100\/100\n|-status|p1b: Chien-Pao|psn\n|-ability|p1b: Chien-Pao|Sword of Ruin\n|-enditem|p2b: Tango|Booster Energy\n|-activate|p2b: Tango|ability: Quark Drive|[fromitem]\n|-start|p2b: Tango|quarkdrivespa\n|turn|6\n|\n|t:|1701051220\n|move|p1a: Murkrow|Tailwind|p1a: Murkrow\n|-sidestart|p1: pikachublues10|move: Tailwind\n|move|p1b: Chien-Pao|Sacred Sword|p2a: Castro\n|-damage|p2a: Castro|4\/100\n|-activate|p2a: Castro|ability: Toxic Debris\n|-sidestart|p1: pikachublues10|move: Toxic Spikes\n|move|p2b: Tango|Encore|p1a: Murkrow\n|-start|p1a: Murkrow|Encore\n|move|p2a: Castro|Power Gem|p1b: Chien-Pao\n|-supereffective|p1b: Chien-Pao\n|-enditem|p1b: Chien-Pao|Focus Sash\n|-damage|p1b: Chien-Pao|1\/100 psn\n|\n|-damage|p1b: Chien-Pao|0 fnt|[from] psn\n|faint|p1b: Chien-Pao\n|-damage|p1a: Murkrow|41\/100 psn|[from] psn\n|upkeep\n|turn|7\n|\n|t:|1701051229\n|move|p1a: Murkrow|Tailwind||[still]\n|-fail|p1a: Murkrow\n|move|p2b: Tango|Freeze-Dry|p1a: Murkrow\n|-supereffective|p1a: Murkrow\n|-damage|p1a: Murkrow|0 fnt\n|faint|p1a: Murkrow\n|\n|win|Kuzwa\n|raw|pikachublues10's rating: 1109 &rarr; <strong>1091<\/strong><br \/>(-18 for losing)\n|raw|Kuzwa's rating: 1213 &rarr; <strong>1231<\/strong><br \/>(+18 for winning)\n","uploadtime":1701051235,"views":8,"p1id":"pikachublues10","p2id":"kuzwa","formatid":"gen9doublesou","rating":1091,"private":0,"password":""}