{"id":"gen9doublesou-1970922530","p1":"Odj1022","p2":"SXD2002","format":"[Gen 9] Doubles OU","log":"|j|\u2606Odj1022\n|j|\u2606SXD2002\n|t:|1697681147\n|gametype|doubles\n|player|p1|Odj1022|alder|1048\n|player|p2|SXD2002|silver-masters|1000\n|teamsize|p1|6\n|teamsize|p2|4\n|gen|9\n|tier|[Gen 9] Doubles OU\n|rated|\n|rule|Species Clause: Limit one of each Pok\u00e9mon\n|rule|OHKO Clause: OHKO moves are banned\n|rule|Evasion Moves Clause: Evasion moves are banned\n|rule|Gravity Sleep Clause: The combination of sleep-inducing moves with imperfect accuracy and Gravity or Gigantamax Orbeetle are banned\n|rule|Endless Battle Clause: Forcing endless battles is banned\n|rule|HP Percentage Mod: HP is shown in percentages\n|clearpoke\n|poke|p1|Spiritomb, F|\n|poke|p1|Iron Hands|\n|poke|p1|Amoonguss, F|\n|poke|p1|Camerupt, F|\n|poke|p1|Hatterene, F|\n|poke|p1|Garganacl, F|\n|poke|p2|Lurantis, M|\n|poke|p2|Murkrow, F|\n|poke|p2|Grimmsnarl, M|\n|poke|p2|Clefairy, F|\n|teampreview\n|inactive|Battle timer is ON: inactive players will automatically lose when time's up. (requested by SXD2002)\n|\n|t:|1697681154\n|start\n|switch|p1a: Spiritomb|Spiritomb, F, shiny|100\/100\n|switch|p1b: Iron Hands|Iron Hands|100\/100\n|switch|p2a: Grimmsnarl|Grimmsnarl, M|100\/100\n|switch|p2b: Lurantis|Lurantis, M|100\/100\n|turn|1\n|\n|t:|1697681169\n|move|p2a: Grimmsnarl|Fake Tears|p2b: Lurantis\n|-boost|p2b: Lurantis|spd|2\n|move|p1b: Iron Hands|Belly Drum|p1b: Iron Hands\n|-damage|p1b: Iron Hands|50\/100\n|-setboost|p1b: Iron Hands|atk|6|[from] move: Belly Drum\n|-enditem|p1b: Iron Hands|Sitrus Berry|[eat]\n|-heal|p1b: Iron Hands|75\/100|[from] item: Sitrus Berry\n|move|p2b: Lurantis|Leaf Storm|p1b: Iron Hands\n|-damage|p1b: Iron Hands|42\/100\n|-boost|p2b: Lurantis|spa|2\n|move|p1a: Spiritomb|Trick Room|p1a: Spiritomb\n|-fieldstart|move: Trick Room|[of] p1a: Spiritomb\n|\n|upkeep\n|turn|2\n|inactive|Odj1022 has 120 seconds left.\n|\n|t:|1697681204\n|move|p2b: Lurantis|Protect|p2b: Lurantis\n|-singleturn|p2b: Lurantis|Protect\n|move|p1a: Spiritomb|Ally Switch|p1a: Spiritomb\n|swap|p1a: Spiritomb|1|[from] move: Ally Switch\n|move|p2a: Grimmsnarl|Parting Shot|p1b: Spiritomb\n|-hint|Since gen 7, Dark is immune to Prankster moves.\n|-immune|p1b: Spiritomb\n|move|p1a: Iron Hands|Close Combat|p2a: Grimmsnarl\n|-damage|p2a: Grimmsnarl|0 fnt\n|-unboost|p1a: Iron Hands|def|1\n|-unboost|p1a: Iron Hands|spd|1\n|faint|p2a: Grimmsnarl\n|\n|upkeep\n|inactive|SXD2002 has 120 seconds left.\n|\n|t:|1697681219\n|switch|p2a: Clefairy|Clefairy, F|100\/100\n|turn|3\n|inactive|Odj1022 has 120 seconds left.\n|\n|t:|1697681261\n|move|p2a: Clefairy|Follow Me|p2a: Clefairy\n|-singleturn|p2a: Clefairy|move: Follow Me\n|move|p1b: Spiritomb|Will-O-Wisp|p2a: Clefairy\n|-status|p2a: Clefairy|brn\n|move|p2b: Lurantis|Leaf Storm|p1a: Iron Hands\n|-damage|p1a: Iron Hands|0 fnt\n|-boost|p2b: Lurantis|spa|2\n|faint|p1a: Iron Hands\n|-end|p1a: Iron Hands|Quark Drive|[silent]\n|\n|-damage|p2a: Clefairy|94\/100 brn|[from] brn\n|upkeep\n|\n|t:|1697681267\n|switch|p1a: Camerupt|Camerupt, F, shiny|100\/100\n|turn|4\n|inactive|Odj1022 has 120 seconds left.\n|\n|t:|1697681279\n|-terastallize|p1a: Camerupt|Grass\n|move|p1b: Spiritomb|Ally Switch|p1b: Spiritomb\n|swap|p1b: Spiritomb|0|[from] move: Ally Switch\n|move|p2a: Clefairy|Follow Me|p2a: Clefairy\n|-singleturn|p2a: Clefairy|move: Follow Me\n|move|p1b: Camerupt|Eruption|p2b: Lurantis|[spread] p2a,p2b\n|-supereffective|p2b: Lurantis\n|-damage|p2a: Clefairy|41\/100 brn\n|-damage|p2b: Lurantis|56\/100\n|move|p2b: Lurantis|Leaf Storm|p1a: Spiritomb\n|-damage|p1a: Spiritomb|21\/100\n|-boost|p2b: Lurantis|spa|2\n|\n|-heal|p2b: Lurantis|62\/100|[from] item: Leftovers\n|-damage|p2a: Clefairy|35\/100 brn|[from] brn\n|upkeep\n|turn|5\n|inactive|Odj1022 has 120 seconds left.\n|\n|t:|1697681314\n|move|p2a: Clefairy|Protect|p2a: Clefairy\n|-singleturn|p2a: Clefairy|Protect\n|move|p2b: Lurantis|Protect|p2b: Lurantis\n|-singleturn|p2b: Lurantis|Protect\n|move|p1a: Spiritomb|Disable|p2b: Lurantis\n|-activate|p2b: Lurantis|move: Protect\n|move|p1b: Camerupt|Eruption|p2a: Clefairy|[spread] \n|-activate|p2a: Clefairy|move: Protect\n|-activate|p2b: Lurantis|move: Protect\n|\n|-heal|p2b: Lurantis|68\/100|[from] item: Leftovers\n|-damage|p2a: Clefairy|29\/100 brn|[from] brn\n|-fieldend|move: Trick Room\n|upkeep\n|turn|6\n|\n|t:|1697681328\n|move|p2b: Lurantis|Pollen Puff|p1b: Camerupt\n|-supereffective|p1b: Camerupt\n|-damage|p1b: Camerupt|0 fnt\n|faint|p1b: Camerupt\n|move|p2a: Clefairy|Life Dew|p2a: Clefairy|[spread] p2a,p2b\n|-heal|p2a: Clefairy|54\/100 brn\n|-heal|p2b: Lurantis|93\/100\n|move|p1a: Spiritomb|Trick Room|p1a: Spiritomb\n|-fieldstart|move: Trick Room|[of] p1a: Spiritomb\n|\n|-heal|p2b: Lurantis|99\/100|[from] item: Leftovers\n|-damage|p2a: Clefairy|48\/100 brn|[from] brn\n|upkeep\n|\n|t:|1697681334\n|switch|p1b: Garganacl|Garganacl, F|100\/100\n|turn|7\n|\n|t:|1697681341\n|switch|p1a: Amoonguss|Amoonguss, F, shiny|100\/100\n|move|p2a: Clefairy|Follow Me|p2a: Clefairy\n|-singleturn|p2a: Clefairy|move: Follow Me\n|move|p1b: Garganacl|Salt Cure|p2a: Clefairy\n|-damage|p2a: Clefairy|30\/100 brn\n|-start|p2a: Clefairy|Salt Cure\n|move|p2b: Lurantis|Leaf Storm|p1b: Garganacl\n|-supereffective|p1b: Garganacl\n|-damage|p1b: Garganacl|0 fnt\n|faint|p1b: Garganacl\n|\n|-heal|p2b: Lurantis|100\/100|[from] item: Leftovers\n|-damage|p2a: Clefairy|24\/100 brn|[from] brn\n|-damage|p2a: Clefairy|12\/100 brn|[from] Salt Cure\n|upkeep\n|\n|t:|1697681344\n|switch|p1b: Hatterene|Hatterene, F|100\/100\n|turn|8\n|\n|t:|1697681370\n|-terastallize|p2b: Lurantis|Steel\n|move|p2a: Clefairy|Helping Hand|p2b: Lurantis\n|-singleturn|p2b: Lurantis|Helping Hand|[of] p2a: Clefairy\n|move|p1a: Amoonguss|Rage Powder|p1a: Amoonguss\n|-singleturn|p1a: Amoonguss|move: Rage Powder\n|move|p1b: Hatterene|Dazzling Gleam|p2b: Lurantis|[spread] p2a,p2b\n|-resisted|p2b: Lurantis\n|-damage|p2a: Clefairy|0 fnt\n|-damage|p2b: Lurantis|95\/100\n|faint|p2a: Clefairy\n|-damage|p1b: Hatterene|91\/100|[from] item: Life Orb\n|move|p2b: Lurantis|Pollen Puff|p1a: Amoonguss\n|-damage|p1a: Amoonguss|34\/100\n|\n|-heal|p1a: Amoonguss|40\/100|[from] item: Leftovers\n|-heal|p2b: Lurantis|100\/100|[from] item: Leftovers\n|upkeep\n|inactive|SXD2002 has 120 seconds left.\n|\n|t:|1697681386\n|switch|p2a: Murkrow|Murkrow, F|100\/100\n|turn|9\n|\n|t:|1697681398\n|switch|p1a: Spiritomb|Spiritomb, F, shiny|21\/100\n|move|p2a: Murkrow|Taunt|p1a: Spiritomb\n|-hint|Since gen 7, Dark is immune to Prankster moves.\n|-immune|p1a: Spiritomb\n|move|p1b: Hatterene|Dazzling Gleam|p2b: Lurantis|[spread] p2a,p2b\n|-supereffective|p2a: Murkrow\n|-resisted|p2b: Lurantis\n|-damage|p2a: Murkrow|47\/100\n|-damage|p2b: Lurantis|94\/100\n|-damage|p1b: Hatterene|81\/100|[from] item: Life Orb\n|move|p2b: Lurantis|Pollen Puff|p1a: Spiritomb\n|-damage|p1a: Spiritomb|0 fnt\n|faint|p1a: Spiritomb\n|\n|-heal|p2b: Lurantis|100\/100|[from] item: Leftovers\n|upkeep\n|\n|t:|1697681406\n|switch|p1a: Amoonguss|Amoonguss, F, shiny|74\/100\n|turn|10\n|\n|t:|1697681420\n|move|p2a: Murkrow|Thunder Wave|p1b: Hatterene\n|move|p1b: Hatterene|Thunder Wave|p2a: Murkrow|[from]ability: Magic Bounce\n|-status|p2a: Murkrow|par\n|move|p1b: Hatterene|Dazzling Gleam|p2a: Murkrow|[spread] p2a,p2b\n|-supereffective|p2a: Murkrow\n|-resisted|p2b: Lurantis\n|-damage|p2a: Murkrow|0 fnt\n|-damage|p2b: Lurantis|94\/100\n|faint|p2a: Murkrow\n|-damage|p1b: Hatterene|71\/100|[from] item: Life Orb\n|move|p1a: Amoonguss|Pollen Puff|p2b: Lurantis\n|-resisted|p2b: Lurantis\n|-damage|p2b: Lurantis|91\/100\n|move|p2b: Lurantis|Pollen Puff|p1a: Amoonguss\n|-damage|p1a: Amoonguss|22\/100\n|\n|-heal|p1a: Amoonguss|28\/100|[from] item: Leftovers\n|-heal|p2b: Lurantis|97\/100|[from] item: Leftovers\n|-fieldend|move: Trick Room\n|upkeep\n|turn|11\n|\n|t:|1697681439\n|move|p2b: Lurantis|Pollen Puff|p1a: Amoonguss\n|-damage|p1a: Amoonguss|0 fnt\n|faint|p1a: Amoonguss\n|move|p1b: Hatterene|Psychic|p2b: Lurantis\n|-resisted|p2b: Lurantis\n|-damage|p2b: Lurantis|88\/100\n|-damage|p1b: Hatterene|62\/100|[from] item: Life Orb\n|\n|-heal|p2b: Lurantis|94\/100|[from] item: Leftovers\n|upkeep\n|turn|12\n|\n|t:|1697681447\n|move|p2b: Lurantis|Leaf Storm|p1b: Hatterene\n|-damage|p1b: Hatterene|0 fnt\n|faint|p1b: Hatterene\n|\n|win|SXD2002\n|raw|Odj1022's rating: 1048 &rarr; <strong>1028<\/strong><br \/>(-20 for losing)\n|raw|SXD2002's rating: 1000 &rarr; <strong>1045<\/strong><br \/>(+45 for winning)\n|l|\u2606Odj1022\n","uploadtime":1697681464,"views":7,"p1id":"odj1022","p2id":"sxd2002","formatid":"gen9doublesou","rating":1028,"private":0,"password":""}