{"id":"gen9doublesou-1974479822","p1":"ChimeBliss","p2":"sadfsdjfk","format":"[Gen 9] Doubles OU","log":"|j|\u2606ChimeBliss\n|j|\u2606sadfsdjfk\n|t:|1698090440\n|gametype|doubles\n|player|p1|ChimeBliss|dawn-gen4pt|1325\n|player|p2|sadfsdjfk|zinnia|1188\n|teamsize|p1|6\n|teamsize|p2|6\n|gen|9\n|tier|[Gen 9] Doubles OU\n|rated|\n|rule|Species Clause: Limit one of each Pok\u00e9mon\n|rule|OHKO Clause: OHKO moves are banned\n|rule|Evasion Moves Clause: Evasion moves are banned\n|rule|Gravity Sleep Clause: The combination of sleep-inducing moves with imperfect accuracy and Gravity or Gigantamax Orbeetle are banned\n|rule|Endless Battle Clause: Forcing endless battles is banned\n|rule|HP Percentage Mod: HP is shown in percentages\n|clearpoke\n|poke|p1|Chien-Pao|\n|poke|p1|Tornadus, M|\n|poke|p1|Dragonite, M|\n|poke|p1|Chi-Yu|\n|poke|p1|Flutter Mane|\n|poke|p1|Landorus, M|\n|poke|p2|Grimmsnarl, M|\n|poke|p2|Sinistcha|\n|poke|p2|Landorus-Therian, M|\n|poke|p2|Heatran, M|\n|poke|p2|Ogerpon-Wellspring, F|\n|poke|p2|Sneasler, M|\n|teampreview\n|inactive|Battle timer is ON: inactive players will automatically lose when time's up. (requested by ChimeBliss)\n|\n|t:|1698090464\n|start\n|switch|p1a: Landorus|Landorus, M|100\/100\n|switch|p1b: Tornadus|Tornadus, M|100\/100\n|switch|p2a: Sneasler|Sneasler, M|100\/100\n|switch|p2b: Heatran|Heatran, M|100\/100\n|turn|1\n|\n|t:|1698090472\n|-terastallize|p2b: Heatran|Grass\n|move|p2a: Sneasler|Fake Out|p1b: Tornadus\n|-damage|p1b: Tornadus|79\/100\n|cant|p1b: Tornadus|flinch\n|move|p1a: Landorus|Earth Power|p2b: Heatran\n|-resisted|p2b: Heatran\n|-damage|p2b: Heatran|68\/100\n|move|p2b: Heatran|Substitute|p2b: Heatran\n|-start|p2b: Heatran|Substitute\n|-damage|p2b: Heatran|43\/100\n|\n|-heal|p2b: Heatran|49\/100|[from] item: Leftovers\n|upkeep\n|turn|2\n|\n|t:|1698090488\n|move|p1b: Tornadus|Tailwind|p1b: Tornadus\n|-sidestart|p1: ChimeBliss|move: Tailwind\n|move|p1a: Landorus|Sandsear Storm|p2b: Heatran|[spread] p2a,p2b\n|-resisted|p2b: Heatran\n|-end|p2b: Heatran|Substitute\n|-supereffective|p2a: Sneasler\n|-enditem|p2a: Sneasler|Focus Sash\n|-damage|p2a: Sneasler|1\/100\n|move|p2a: Sneasler|Dire Claw|p1a: Landorus\n|-resisted|p1a: Landorus\n|-damage|p1a: Landorus|77\/100\n|move|p2b: Heatran|Heat Wave|p1a: Landorus|[spread] p1a,p1b\n|-damage|p1a: Landorus|20\/100\n|-damage|p1b: Tornadus|26\/100\n|\n|-heal|p2b: Heatran|55\/100|[from] item: Leftovers\n|upkeep\n|turn|3\n|\n|t:|1698090512\n|move|p2a: Sneasler|Dire Claw|p1a: Landorus\n|-resisted|p1a: Landorus\n|-damage|p1a: Landorus|0 fnt\n|faint|p1a: Landorus\n|move|p1b: Tornadus|Bleakwind Storm|p2b: Heatran|[spread] p2a,p2b\n|-supereffective|p2a: Sneasler\n|-crit|p2a: Sneasler\n|-supereffective|p2b: Heatran\n|-damage|p2a: Sneasler|0 fnt\n|-damage|p2b: Heatran|0 fnt\n|faint|p2a: Sneasler\n|faint|p2b: Heatran\n|\n|upkeep\n|\n|t:|1698090525\n|switch|p2a: Grimmsnarl|Grimmsnarl, M|100\/100\n|switch|p1a: Flutter Mane|Flutter Mane|100\/100\n|switch|p2b: Landorus|Landorus-Therian, M|100\/100\n|-ability|p2b: Landorus|Intimidate|boost\n|-unboost|p1a: Flutter Mane|atk|1\n|-unboost|p1b: Tornadus|atk|1\n|turn|4\n|\n|t:|1698090537\n|move|p2a: Grimmsnarl|Fake Out|p1b: Tornadus\n|-damage|p1b: Tornadus|5\/100\n|move|p1a: Flutter Mane|Moonblast|p2a: Grimmsnarl\n|-supereffective|p2a: Grimmsnarl\n|-damage|p2a: Grimmsnarl|0 fnt\n|faint|p2a: Grimmsnarl\n|cant|p1b: Tornadus|flinch\n|move|p2b: Landorus|Stomping Tantrum|p1a: Flutter Mane\n|-damage|p1a: Flutter Mane|13\/100\n|\n|upkeep\n|\n|t:|1698090551\n|switch|p2a: Ogerpon|Ogerpon-Wellspring, F|100\/100\n|turn|5\n|\n|t:|1698090567\n|move|p2a: Ogerpon|Spiky Shield|p2a: Ogerpon\n|-singleturn|p2a: Ogerpon|move: Protect\n|move|p1a: Flutter Mane|Moonblast|p2a: Ogerpon\n|-activate|p2a: Ogerpon|move: Protect\n|move|p1b: Tornadus|Bleakwind Storm|p2b: Landorus|[spread] \n|-activate|p2a: Ogerpon|move: Protect\n|-miss|p1b: Tornadus|p2b: Landorus\n|move|p2b: Landorus|Stomping Tantrum|p1a: Flutter Mane\n|-damage|p1a: Flutter Mane|0 fnt\n|faint|p1a: Flutter Mane\n|-end|p1a: Flutter Mane|Protosynthesis|[silent]\n|\n|-sideend|p1: ChimeBliss|move: Tailwind\n|upkeep\n|\n|t:|1698090580\n|switch|p1a: Chien-Pao|Chien-Pao|100\/100\n|-ability|p1a: Chien-Pao|Sword of Ruin\n|turn|6\n|\n|t:|1698090613\n|switch|p2b: Sinistcha|Sinistcha|100\/100\n|move|p1a: Chien-Pao|Ice Spinner|p2a: Ogerpon\n|-damage|p2a: Ogerpon|31\/100\n|move|p1b: Tornadus|Bleakwind Storm|p2a: Ogerpon|[spread] p2a,p2b\n|-supereffective|p2a: Ogerpon\n|-supereffective|p2b: Sinistcha\n|-damage|p2a: Ogerpon|0 fnt\n|-damage|p2b: Sinistcha|17\/100\n|faint|p2a: Ogerpon\n|\n|upkeep\n|l|\u2606sadfsdjfk\n|inactive|sadfsdjfk disconnected and has a minute to reconnect!\n|player|p2|\n|inactive|sadfsdjfk has 30 seconds to reconnect!\n|inactive|sadfsdjfk has 20 seconds to reconnect!\n|inactive|sadfsdjfk has 15 seconds to reconnect!\n|inactive|sadfsdjfk has 10 seconds to reconnect!\n|inactive|sadfsdjfk has 5 seconds to reconnect!\n|-message|sadfsdjfk lost due to inactivity.\n|\n|win|ChimeBliss\n|raw|ChimeBliss's rating: 1325 &rarr; <strong>1337<\/strong><br \/>(+12 for winning)\n|raw|sadfsdjfk's rating: 1188 &rarr; <strong>1172<\/strong><br \/>(-16 for losing)\n","uploadtime":1698090685,"views":10,"p1id":"chimebliss","p2id":"sadfsdjfk","formatid":"gen9doublesou","rating":1172,"private":0,"password":""}