{"id":"gen9doublesou-1975826279","p1":"jjskylander42","p2":"Evanthegamer18","format":"[Gen 9] Doubles OU","log":"|j|\u203djjskylander42\n|j|\u2606Evanthegamer18\n|t:|1698241669\n|gametype|doubles\n|player|p1|jjskylander42|101|1166\n|player|p2|Evanthegamer18|265|1368\n|teamsize|p1|6\n|teamsize|p2|6\n|gen|9\n|tier|[Gen 9] Doubles OU\n|rated|\n|rule|Species Clause: Limit one of each Pok\u00e9mon\n|rule|OHKO Clause: OHKO moves are banned\n|rule|Evasion Moves Clause: Evasion moves are banned\n|rule|Gravity Sleep Clause: The combination of sleep-inducing moves with imperfect accuracy and Gravity or Gigantamax Orbeetle are banned\n|rule|Endless Battle Clause: Forcing endless battles is banned\n|rule|HP Percentage Mod: HP is shown in percentages\n|clearpoke\n|poke|p1|Gholdengo|\n|poke|p1|Flutter Mane|\n|poke|p1|Iron Hands|\n|poke|p1|Gyarados, M|\n|poke|p1|Ogerpon-Hearthflame, F|\n|poke|p1|Tornadus, M|\n|poke|p2|Mamoswine, F|\n|poke|p2|Great Tusk|\n|poke|p2|Sinistcha-Masterpiece|\n|poke|p2|Garchomp, F|\n|poke|p2|Scizor, M|\n|poke|p2|Tyranitar, F|\n|teampreview\n|inactive|Battle timer is ON: inactive players will automatically lose when time's up. (requested by jjskylander42)\n|\n|t:|1698241696\n|start\n|switch|p1a: Iron Hands|Iron Hands|100\/100\n|switch|p1b: Tornadus|Tornadus, M|100\/100\n|switch|p2a: Tyranitar|Tyranitar, F|100\/100\n|switch|p2b: Mamoswine|Mamoswine, F|100\/100\n|-weather|Sandstorm|[from] ability: Sand Stream|[of] p2a: Tyranitar\n|turn|1\n|\n|t:|1698241708\n|-terastallize|p2b: Mamoswine|Ghost\n|move|p1a: Iron Hands|Fake Out|p2b: Mamoswine\n|-immune|p2b: Mamoswine\n|move|p1b: Tornadus|Taunt|p2a: Tyranitar\n|-hint|Since gen 7, Dark is immune to Prankster moves.\n|-immune|p2a: Tyranitar\n|move|p2b: Mamoswine|Icicle Spear|p1b: Tornadus\n|-supereffective|p1b: Tornadus\n|-damage|p1b: Tornadus|72\/100\n|-supereffective|p1b: Tornadus\n|-damage|p1b: Tornadus|40\/100\n|-supereffective|p1b: Tornadus\n|-damage|p1b: Tornadus|9\/100\n|-supereffective|p1b: Tornadus\n|-damage|p1b: Tornadus|0 fnt\n|faint|p1b: Tornadus\n|-hitcount|p1: Tornadus|4\n|move|p2a: Tyranitar|Rock Slide|p1a: Iron Hands\n|-resisted|p1a: Iron Hands\n|-damage|p1a: Iron Hands|88\/100\n|\n|-weather|Sandstorm|[upkeep]\n|-damage|p2b: Mamoswine|94\/100|[from] Sandstorm\n|-damage|p1a: Iron Hands|81\/100|[from] Sandstorm\n|upkeep\n|\n|t:|1698241719\n|switch|p1b: Flutter Mane|Flutter Mane|100\/100\n|turn|2\n|inactive|Evanthegamer18 has 120 seconds left.\n|\n|t:|1698241754\n|switch|p2a: Sinistcha|Sinistcha-Masterpiece|100\/100\n|-heal|p2b: Mamoswine|100\/100|[from] ability: Hospitality|[of] p2a: Sinistcha\n|move|p2b: Mamoswine|Ice Shard|p1b: Flutter Mane\n|-damage|p1b: Flutter Mane|53\/100\n|move|p1b: Flutter Mane|Shadow Ball|p2b: Mamoswine\n|-supereffective|p2b: Mamoswine\n|-damage|p2b: Mamoswine|0 fnt\n|faint|p2b: Mamoswine\n|move|p1a: Iron Hands|Drain Punch|p2a: Sinistcha\n|-immune|p2a: Sinistcha\n|\n|-weather|Sandstorm|[upkeep]\n|-damage|p1b: Flutter Mane|47\/100|[from] Sandstorm\n|-damage|p2a: Sinistcha|94\/100|[from] Sandstorm\n|-damage|p1a: Iron Hands|75\/100|[from] Sandstorm\n|upkeep\n|inactive|Evanthegamer18 has 120 seconds left.\n|\n|t:|1698241764\n|switch|p2b: Scizor|Scizor, M|100\/100\n|turn|3\n|\n|t:|1698241777\n|-end|p1b: Flutter Mane|Protosynthesis|[silent]\n|switch|p1b: Ogerpon|Ogerpon-Hearthflame, F|100\/100\n|-ability|p1b: Ogerpon|Mold Breaker\n|move|p2b: Scizor|Bullet Punch|p1b: Ogerpon\n|-resisted|p1b: Ogerpon\n|-damage|p1b: Ogerpon|84\/100\n|move|p2a: Sinistcha|Strength Sap|p1a: Iron Hands\n|-unboost|p1a: Iron Hands|atk|1\n|-heal|p2a: Sinistcha|100\/100\n|move|p1a: Iron Hands|Heavy Slam|p2a: Sinistcha\n|-damage|p2a: Sinistcha|79\/100\n|\n|-weather|Sandstorm|[upkeep]\n|-damage|p1b: Ogerpon|78\/100|[from] Sandstorm\n|-damage|p2a: Sinistcha|73\/100|[from] Sandstorm\n|-damage|p1a: Iron Hands|69\/100|[from] Sandstorm\n|upkeep\n|turn|4\n|\n|t:|1698241798\n|switch|p2b: Garchomp|Garchomp, F|100\/100\n|move|p1b: Ogerpon|Ivy Cudgel|p2a: Sinistcha\n|-supereffective|p2a: Sinistcha\n|-crit|p2a: Sinistcha\n|-damage|p2a: Sinistcha|0 fnt\n|faint|p2a: Sinistcha\n|move|p1a: Iron Hands|Drain Punch|p2b: Garchomp\n|-damage|p2b: Garchomp|75\/100\n|-heal|p1a: Iron Hands|78\/100|[from] drain|[of] p2b: Garchomp\n|\n|-weather|Sandstorm|[upkeep]\n|-damage|p1b: Ogerpon|72\/100|[from] Sandstorm\n|-damage|p1a: Iron Hands|71\/100|[from] Sandstorm\n|upkeep\n|\n|t:|1698241806\n|switch|p2a: Great Tusk|Great Tusk|100\/100\n|-enditem|p2a: Great Tusk|Booster Energy\n|-activate|p2a: Great Tusk|ability: Protosynthesis|[fromitem]\n|-start|p2a: Great Tusk|protosynthesisatk\n|turn|5\n|\n|t:|1698241818\n|-end|p1a: Iron Hands|Quark Drive|[silent]\n|switch|p1a: Gholdengo|Gholdengo|100\/100\n|-item|p1a: Gholdengo|Air Balloon\n|move|p2b: Garchomp|Outrage|p1b: Ogerpon\n|-damage|p1b: Ogerpon|0 fnt\n|faint|p1b: Ogerpon\n|move|p2a: Great Tusk|Headlong Rush|p1a: Gholdengo\n|-immune|p1a: Gholdengo\n|\n|-weather|Sandstorm|[upkeep]\n|upkeep\n|\n|t:|1698241825\n|switch|p1b: Flutter Mane|Flutter Mane|47\/100\n|turn|6\n|\n|t:|1698241840\n|-terastallize|p1b: Flutter Mane|Fairy\n|move|p1a: Gholdengo|Protect|p1a: Gholdengo\n|-singleturn|p1a: Gholdengo|Protect\n|move|p2b: Garchomp|Outrage|p1b: Flutter Mane|[from]lockedmove\n|-immune|p1b: Flutter Mane\n|move|p1b: Flutter Mane|Dazzling Gleam|p2b: Garchomp|[spread] p2a\n|-miss|p1b: Flutter Mane|p2b: Garchomp\n|-supereffective|p2a: Great Tusk\n|-damage|p2a: Great Tusk|0 fnt\n|faint|p2a: Great Tusk\n|-end|p2a: Great Tusk|Protosynthesis|[silent]\n|\n|-weather|Sandstorm|[upkeep]\n|-damage|p1b: Flutter Mane|41\/100|[from] Sandstorm\n|upkeep\n|\n|t:|1698241851\n|switch|p2a: Scizor|Scizor, M|100\/100\n|turn|7\n|\n|t:|1698241863\n|switch|p2b: Tyranitar|Tyranitar, F|100\/100\n|-end|p1b: Flutter Mane|Protosynthesis|[silent]\n|switch|p1b: Gyarados|Gyarados, M|100\/100\n|-ability|p1b: Gyarados|Intimidate|boost\n|-unboost|p2a: Scizor|atk|1\n|-unboost|p2b: Tyranitar|atk|1\n|move|p2a: Scizor|Bullet Punch|p1b: Gyarados\n|-resisted|p1b: Gyarados\n|-damage|p1b: Gyarados|93\/100\n|move|p1a: Gholdengo|Shadow Ball|p2a: Scizor\n|-damage|p2a: Scizor|64\/100\n|\n|-weather|Sandstorm|[upkeep]\n|-damage|p1b: Gyarados|87\/100|[from] Sandstorm\n|upkeep\n|turn|8\n|\n|t:|1698241881\n|move|p2a: Scizor|Helping Hand|p2b: Tyranitar\n|-singleturn|p2b: Tyranitar|Helping Hand|[of] p2a: Scizor\n|move|p1a: Gholdengo|Protect|p1a: Gholdengo\n|-singleturn|p1a: Gholdengo|Protect\n|move|p1b: Gyarados|Waterfall|p2b: Tyranitar\n|-supereffective|p2b: Tyranitar\n|-damage|p2b: Tyranitar|29\/100\n|move|p2b: Tyranitar|Rock Slide|p1b: Gyarados|[spread] p1b\n|-activate|p1a: Gholdengo|move: Protect\n|-supereffective|p1b: Gyarados\n|-damage|p1b: Gyarados|27\/100\n|-enditem|p1b: Gyarados|Sitrus Berry|[eat]\n|-heal|p1b: Gyarados|52\/100|[from] item: Sitrus Berry\n|\n|-weather|none\n|upkeep\n|turn|9\n|\n|t:|1698241903\n|move|p2a: Scizor|Bullet Punch|p1a: Gholdengo\n|-resisted|p1a: Gholdengo\n|-damage|p1a: Gholdengo|91\/100\n|-enditem|p1a: Gholdengo|Air Balloon\n|move|p1a: Gholdengo|Shadow Ball|p2a: Scizor\n|-damage|p2a: Scizor|30\/100\n|move|p1b: Gyarados|Waterfall|p2b: Tyranitar\n|-supereffective|p2b: Tyranitar\n|-damage|p2b: Tyranitar|0 fnt\n|faint|p2b: Tyranitar\n|\n|upkeep\n|\n|t:|1698241912\n|switch|p2b: Garchomp|Garchomp, F|75\/100\n|turn|10\n|\n|t:|1698241931\n|move|p1a: Gholdengo|Protect|p1a: Gholdengo\n|-singleturn|p1a: Gholdengo|Protect\n|move|p2b: Garchomp|Earthquake|p1b: Gyarados|[spread] p2a\n|-activate|p1a: Gholdengo|move: Protect\n|-immune|p1b: Gyarados\n|-damage|p2a: Scizor|0 fnt\n|faint|p2a: Scizor\n|move|p1b: Gyarados|Waterfall|p2b: Garchomp\n|-damage|p2b: Garchomp|42\/100\n|\n|upkeep\n|turn|11\n|c|\u2606Evanthegamer18|Gg im scarfed\n|\n|t:|1698241947\n|move|p2b: Garchomp|Earthquake|p1a: Gholdengo|[spread] p1a\n|-immune|p1b: Gyarados\n|-supereffective|p1a: Gholdengo\n|-damage|p1a: Gholdengo|9\/100\n|move|p1a: Gholdengo|Shadow Ball|p2b: Garchomp\n|-damage|p2b: Garchomp|0 fnt\n|faint|p2b: Garchomp\n|\n|win|jjskylander42\n|raw|jjskylander42's rating: 1166 &rarr; <strong>1204<\/strong><br \/>(+38 for winning)\n|raw|Evanthegamer18's rating: 1368 &rarr; <strong>1338<\/strong><br \/>(-30 for losing)\n|l|\u2606Evanthegamer18\n","uploadtime":1698241959,"views":22,"p1id":"jjskylander42","p2id":"evanthegamer18","formatid":"gen9doublesou","rating":1204,"private":0,"password":""}