{"id":"gen9doublesou-1980327178","p1":"EV15","p2":"ClearSkies3","format":"[Gen 9] Doubles OU","log":"|j|\u2606EV15\n|j|\u2606ClearSkies3\n|t:|1698775620\n|gametype|doubles\n|player|p1|EV15|2|1129\n|player|p2|ClearSkies3|iris-gen5bw2|1062\n|teamsize|p1|6\n|teamsize|p2|6\n|gen|9\n|tier|[Gen 9] Doubles OU\n|rated|\n|rule|Species Clause: Limit one of each Pok\u00e9mon\n|rule|OHKO Clause: OHKO moves are banned\n|rule|Evasion Moves Clause: Evasion moves are banned\n|rule|Gravity Sleep Clause: The combination of sleep-inducing moves with imperfect accuracy and Gravity or Gigantamax Orbeetle are banned\n|rule|Endless Battle Clause: Forcing endless battles is banned\n|rule|HP Percentage Mod: HP is shown in percentages\n|clearpoke\n|poke|p1|Ogerpon-Wellspring, F|\n|poke|p1|Flutter Mane|\n|poke|p1|Torkoal, F|\n|poke|p1|Lilligant, F|\n|poke|p1|Ceruledge, F|\n|poke|p1|Sableye, F|\n|poke|p2|Pelipper, M|\n|poke|p2|Kilowattrel, M|\n|poke|p2|Magnezone|\n|poke|p2|Ogerpon-Wellspring, F|\n|poke|p2|Samurott-Hisui, M|\n|poke|p2|Vikavolt, F|\n|teampreview\n|inactive|Battle timer is ON: inactive players will automatically lose when time's up. (requested by ClearSkies3)\n|\n|t:|1698775644\n|start\n|switch|p1a: Sableye|Sableye, F|100\/100\n|switch|p1b: Ceruledge|Ceruledge, F|100\/100\n|switch|p2a: Pelipper|Pelipper, M|100\/100\n|switch|p2b: Kilowattrel|Kilowattrel, M|100\/100\n|-weather|RainDance|[from] ability: Drizzle|[of] p2a: Pelipper\n|turn|1\n|c|\u2606ClearSkies3|g\n|c|\u2606ClearSkies3|k\n|inactive|EV15 has 120 seconds left.\n|c|\u2606ClearSkies3|r\n|c|\u2606ClearSkies3|w\n|\n|t:|1698775678\n|move|p1a: Sableye|Shadow Sneak|p1b: Ceruledge\n|-supereffective|p1b: Ceruledge\n|-damage|p1b: Ceruledge|69\/100\n|-ability|p1b: Ceruledge|Weak Armor|boost\n|-unboost|p1b: Ceruledge|def|1\n|-boost|p1b: Ceruledge|spe|2\n|-enditem|p1b: Ceruledge|Weakness Policy\n|-boost|p1b: Ceruledge|atk|2|[from] item: Weakness Policy\n|-boost|p1b: Ceruledge|spa|2|[from] item: Weakness Policy\n|move|p1b: Ceruledge|Shadow Claw|p2a: Pelipper\n|-damage|p2a: Pelipper|50\/100\n|move|p2b: Kilowattrel|Thunder|p1a: Sableye\n|-enditem|p1a: Sableye|Focus Sash\n|-damage|p1a: Sableye|1\/100\n|-damage|p2b: Kilowattrel|91\/100|[from] item: Life Orb\n|move|p2a: Pelipper|Tailwind|p2a: Pelipper\n|-sidestart|p2: ClearSkies3|move: Tailwind\n|-start|p2b: Kilowattrel|Charge|Tailwind|[from] ability: Wind Power\n|\n|-weather|RainDance|[upkeep]\n|upkeep\n|turn|2\n|inactive|EV15 has 120 seconds left.\n|c|\u2606ClearSkies3|pipper\n|\n|t:|1698775713\n|move|p1a: Sableye|Quash|p2b: Kilowattrel\n|-activate|p2b: Kilowattrel|move: Quash\n|move|p1b: Ceruledge|Shadow Claw|p2b: Kilowattrel\n|-damage|p2b: Kilowattrel|0 fnt\n|faint|p2b: Kilowattrel\n|move|p2a: Pelipper|Hurricane|p1a: Sableye\n|-damage|p1a: Sableye|0 fnt\n|faint|p1a: Sableye\n|\n|-weather|RainDance|[upkeep]\n|upkeep\n|c|\u2606ClearSkies3|DAMN IT\n|\n|t:|1698775729\n|switch|p2b: Samurott|Samurott-Hisui, M|100\/100\n|switch|p1a: Defence|Ogerpon-Wellspring, F|100\/100\n|turn|3\n|c|\u2606ClearSkies3|why was that little shit faster than my fucking bird\n|c|\u2606ClearSkies3|!dt quash\n|raw|<ul class=\"utilichart\"><li class=\"result\"><span class=\"col movenamecol\"><a href=\"https:\/\/dex.pokemonshowdown.com\/moves\/quash\">Quash<\/a><\/span> <span class=\"col typecol\"><img src=\"\/\/play.pokemonshowdown.com\/sprites\/types\/Dark.png\" alt=\"Dark\" width=\"32\" height=\"14\"><img src=\"\/\/play.pokemonshowdown.com\/sprites\/categories\/Status.png\" alt=\"Status\" width=\"32\" height=\"14\"><\/span> <span class=\"col widelabelcol\"><em>Accuracy<\/em><br>100%<\/span> <span class=\"col pplabelcol\"><em>PP<\/em><br>24<\/span> <span class=\"col movedesccol\">Forces the target to move last this turn.<\/span> <\/li><li style=\"clear:both\"><\/li><\/ul>\n|raw|<font size=\"1\"><font color=\"#686868\">Priority:<\/font> 0&nbsp;|&ThickSpace;<font color=\"#686868\">Gen:<\/font> 5&nbsp;|&ThickSpace;<font color=\"#686868\">Z-Effect:<\/font>  Speed +1&nbsp;|&ThickSpace;<font color=\"#686868\">Target:<\/font> One Adjacent Pok\u00e9mon<\/font>\n\n|c|\u2606ClearSkies3|IT DOESNT EVEN HAVE PRIORITY\n|c|\u2606ClearSkies3|E\n|inactive|EV15 has 120 seconds left.\n|inactive|ClearSkies3 has 120 seconds left.\n|c|\u2606ClearSkies3|EHST HTR GUVL\n|c|\u2606EV15|ey do not swear\n|c|\u2606ClearSkies3|WHAT THE FUCK\n|\n|t:|1698775771\n|move|p1a: Defence|Follow Me|p1a: Defence\n|-singleturn|p1a: Defence|move: Follow Me\n|move|p1b: Ceruledge|Close Combat|p2b: Samurott\n|-supereffective|p2b: Samurott\n|-damage|p2b: Samurott|0 fnt\n|-unboost|p1b: Ceruledge|def|1\n|-unboost|p1b: Ceruledge|spd|1\n|faint|p2b: Samurott\n|move|p2a: Pelipper|Hurricane|p1a: Defence\n|-supereffective|p1a: Defence\n|-damage|p1a: Defence|34\/100\n|-start|p1a: Defence|confusion\n|\n|-weather|RainDance|[upkeep]\n|upkeep\n|\n|t:|1698775783\n|switch|p2b: Vikavolt|Vikavolt, F|100\/100\n|turn|4\n|inactive|ClearSkies3 has 120 seconds left.\n|c|\u2606ClearSkies3|I HAD TAILWIND TOO WHAT IS THIS SHIT\n|inactive|EV15 has 120 seconds left.\n|c|\u2606ClearSkies3|WHY THE FUCK WAS THAT TINY ASS SABELEYE FASTER THAN MY FUCKING BIRD\n|n|\u203dClearSkies3|clearskies3\n|c|&|\/log ClearSkies3 was locked from talking by Artemis. (\u2606ClearSkies3: WHY THE FUCK WAS THAT TINY ASS SABELEYE FASTER THAN MY FUCKING BIRD)\n|c|&|\/raw <small>This action was done automatically. Want to learn more about the AI? <a href=\"https:\/\/www.smogon.com\/forums\/threads\/3570628\/#post-9056769\">Visit the information thread<\/a>.<\/small>\n|inactive|ClearSkies3 has 90 seconds left.\n|\n|t:|1698775829\n|-activate|p1a: Defence|confusion\n|-damage|p1a: Defence|22\/100|[from] confusion\n|move|p1b: Ceruledge|Shadow Claw|p2a: Pelipper\n|-damage|p2a: Pelipper|0 fnt\n|faint|p2a: Pelipper\n|move|p2b: Vikavolt|Volt Switch|p1b: Ceruledge\n|-damage|p1b: Ceruledge|0 fnt\n|faint|p1b: Ceruledge\n|\n|t:|1698775839\n|switch|p2b: Magnezone|Magnezone|100\/100|[from] Volt Switch\n|\n|-weather|RainDance|[upkeep]\n|-sideend|p2: ClearSkies3|move: Tailwind\n|upkeep\n|c|\u2606EV15|prankster\n|c|\u2606EV15|does this\n|inactive|EV15 has 120 seconds left.\n|\n|t:|1698775860\n|switch|p1b: Flutter Mane|Flutter Mane|100\/100\n|switch|p2a: Vikavolt|Vikavolt, F|100\/100\n|turn|5\n|inactive|ClearSkies3 has 120 seconds left.\n|inactive|EV15 has 120 seconds left.\n|\n|t:|1698775895\n|move|p1b: Flutter Mane|Calm Mind|p1b: Flutter Mane\n|-boost|p1b: Flutter Mane|spa|1\n|-boost|p1b: Flutter Mane|spd|1\n|-activate|p1a: Defence|confusion\n|-damage|p1a: Defence|10\/100|[from] confusion\n|move|p2a: Vikavolt|Thunder|p1b: Flutter Mane\n|-damage|p1b: Flutter Mane|53\/100\n|move|p2b: Magnezone|Light Screen|p2b: Magnezone\n|-sidestart|p2: ClearSkies3|move: Light Screen\n|\n|-weather|RainDance|[upkeep]\n|upkeep\n|turn|6\n|inactive|ClearSkies3 has 120 seconds left.\n|inactive|EV15 has 120 seconds left.\n|\n|t:|1698775942\n|-end|p1a: Defence|confusion\n|move|p1a: Defence|Spiky Shield|p1a: Defence\n|-singleturn|p1a: Defence|move: Protect\n|move|p1b: Flutter Mane|Shadow Ball|p2a: Vikavolt\n|-damage|p2a: Vikavolt|54\/100\n|-damage|p1b: Flutter Mane|43\/100|[from] item: Life Orb\n|move|p2a: Vikavolt|Volt Switch|p1b: Flutter Mane\n|-damage|p1b: Flutter Mane|14\/100\n|inactive|ClearSkies3 has 90 seconds left.\n|\n|t:|1698775975\n|switch|p2a: Ogerpon|Ogerpon-Wellspring, F|100\/100|[from] Volt Switch\n|move|p2b: Magnezone|Reflect|p2b: Magnezone\n|-sidestart|p2: ClearSkies3|Reflect\n|\n|-weather|RainDance|[upkeep]\n|upkeep\n|turn|7\n|inactive|EV15 has 120 seconds left.\n|inactive|ClearSkies3 has 90 seconds left.\n|\n|t:|1698775996\n|move|p1a: Defence|Follow Me|p1a: Defence\n|-singleturn|p1a: Defence|move: Follow Me\n|move|p1b: Flutter Mane|Thunderbolt|p2a: Ogerpon\n|-damage|p2a: Ogerpon|54\/100\n|-status|p2a: Ogerpon|par\n|-damage|p1b: Flutter Mane|4\/100|[from] item: Life Orb\n|cant|p2a: Ogerpon|par\n|move|p2b: Magnezone|Flash Cannon|p1a: Defence\n|-resisted|p1a: Defence\n|-damage|p1a: Defence|0 fnt\n|faint|p1a: Defence\n|\n|-weather|RainDance|[upkeep]\n|upkeep\n|inactive|EV15 has 90 seconds left.\n|\n|t:|1698776025\n|switch|p1a: Lilligant|Lilligant, F|100\/100\n|turn|8\n|inactive|ClearSkies3 has 90 seconds left.\n|\n|t:|1698776057\n|move|p1b: Flutter Mane|Thunderbolt|p2a: Ogerpon\n|-damage|p2a: Ogerpon|4\/100 par\n|-damage|p1b: Flutter Mane|0 fnt|[from] item: Life Orb\n|faint|p1b: Flutter Mane\n|-end|p1b: Flutter Mane|Protosynthesis|[silent]\n|move|p1a: Lilligant|Leech Seed|p2b: Magnezone\n|-start|p2b: Magnezone|move: Leech Seed\n|move|p2a: Ogerpon|Knock Off|p1a: Lilligant\n|-damage|p1a: Lilligant|38\/100\n|-enditem|p1a: Lilligant|Leftovers|[from] move: Knock Off|[of] p2a: Ogerpon\n|move|p2b: Magnezone|Flash Cannon|p1a: Lilligant\n|-damage|p1a: Lilligant|0 fnt\n|faint|p1a: Lilligant\n|\n|-weather|none\n|upkeep\n|\n|t:|1698776068\n|switch|p1b: Torkoal|Torkoal, F|100\/100\n|-weather|SunnyDay|[from] ability: Drought|[of] p1b: Torkoal\n|turn|9\n|inactive|EV15 has 120 seconds left.\n|\n|t:|1698776082\n|move|p2a: Ogerpon|Ivy Cudgel|p1b: Torkoal\n|-supereffective|p1b: Torkoal\n|-damage|p1b: Torkoal|57\/100\n|move|p1b: Torkoal|Eruption|p2b: Magnezone|[spread] p2a,p2b\n|-supereffective|p2b: Magnezone\n|-damage|p2a: Ogerpon|0 fnt\n|-damage|p2b: Magnezone|8\/100\n|faint|p2a: Ogerpon\n|move|p2b: Magnezone|Thunder|p1b: Torkoal\n|-damage|p1b: Torkoal|0 fnt\n|faint|p1b: Torkoal\n|\n|win|ClearSkies3\n|raw|EV15's rating: 1129 &rarr; <strong>1099<\/strong><br \/>(-30 for losing)\n|raw|ClearSkies3's rating: 1062 &rarr; <strong>1099<\/strong><br \/>(+37 for winning)\n","uploadtime":1698775815,"views":12,"p1id":"ev15","p2id":"clearskies3","formatid":"gen9doublesou","rating":1099,"private":0,"password":""}