{"id":"gen9doublesou-1985046466","p1":"leanwarrior420","p2":"SuperAndroid99","format":"[Gen 9] Doubles OU","log":"|j|\u2606leanwarrior420\n|j|\u2606SuperAndroid99\n|t:|1699324333\n|gametype|doubles\n|player|p1|leanwarrior420|ninjaboy|1225\n|player|p2|SuperAndroid99|266|1188\n|teamsize|p1|6\n|teamsize|p2|6\n|gen|9\n|tier|[Gen 9] Doubles OU\n|rated|\n|rule|Species Clause: Limit one of each Pok\u00e9mon\n|rule|OHKO Clause: OHKO moves are banned\n|rule|Evasion Moves Clause: Evasion moves are banned\n|rule|Gravity Sleep Clause: The combination of sleep-inducing moves with imperfect accuracy and Gravity or Gigantamax Orbeetle are banned\n|rule|Endless Battle Clause: Forcing endless battles is banned\n|rule|HP Percentage Mod: HP is shown in percentages\n|clearpoke\n|poke|p1|Amoonguss, M|\n|poke|p1|Chien-Pao|\n|poke|p1|Ninetales-Alola, M|\n|poke|p1|Gholdengo|\n|poke|p1|Ogerpon-Wellspring, F|\n|poke|p1|Ursaluna-Bloodmoon, M|\n|poke|p2|Bronzong|\n|poke|p2|Iron Hands|\n|poke|p2|Kingambit, F|\n|poke|p2|Skeledirge, M|\n|poke|p2|Flutter Mane|\n|poke|p2|Samurott-Hisui, F|\n|teampreview\n|inactive|Battle timer is ON: inactive players will automatically lose when time's up. (requested by leanwarrior420)\n|\n|t:|1699324356\n|start\n|switch|p1a: Ninetales|Ninetales-Alola, M|100\/100\n|switch|p1b: Chien-Pao|Chien-Pao|100\/100\n|switch|p2a: Samurott|Samurott-Hisui, F|100\/100\n|switch|p2b: Bronzong|Bronzong, shiny|100\/100\n|-ability|p1b: Chien-Pao|Sword of Ruin\n|-weather|Snow|[from] ability: Snow Warning|[of] p1a: Ninetales\n|turn|1\n|inactive|SuperAndroid99 has 120 seconds left.\n|\n|t:|1699324394\n|move|p1b: Chien-Pao|Swords Dance|p1b: Chien-Pao\n|-boost|p1b: Chien-Pao|atk|2\n|move|p1a: Ninetales|Aurora Veil|p1a: Ninetales\n|-sidestart|p1: leanwarrior420|move: Aurora Veil\n|move|p2a: Samurott|Taunt|p1a: Ninetales\n|-start|p1a: Ninetales|move: Taunt\n|move|p2b: Bronzong|Body Press|p1b: Chien-Pao\n|-supereffective|p1b: Chien-Pao\n|-damage|p1b: Chien-Pao|36\/100\n|\n|-weather|Snow|[upkeep]\n|-heal|p1b: Chien-Pao|42\/100|[from] item: Leftovers\n|upkeep\n|turn|2\n|inactive|SuperAndroid99 has 120 seconds left.\n|\n|t:|1699324421\n|move|p1b: Chien-Pao|Sacred Sword|p2a: Samurott\n|-supereffective|p2a: Samurott\n|-enditem|p2a: Samurott|Focus Sash\n|-damage|p2a: Samurott|1\/100\n|move|p1a: Ninetales|Weather Ball|p2b: Bronzong\n|-resisted|p2b: Bronzong\n|-damage|p2b: Bronzong|84\/100\n|move|p2a: Samurott|Ceaseless Edge|p1a: Ninetales\n|-resisted|p1a: Ninetales\n|-damage|p1a: Ninetales|81\/100\n|-sidestart|p1: leanwarrior420|Spikes\n|move|p2b: Bronzong|Trick Room|p2b: Bronzong\n|-fieldstart|move: Trick Room|[of] p2b: Bronzong\n|\n|-weather|Snow|[upkeep]\n|-heal|p1b: Chien-Pao|48\/100|[from] item: Leftovers\n|upkeep\n|turn|3\n|\n|t:|1699324440\n|move|p1b: Chien-Pao|Sucker Punch|p2a: Samurott\n|-resisted|p2a: Samurott\n|-damage|p2a: Samurott|0 fnt\n|faint|p2a: Samurott\n|move|p2b: Bronzong|Body Press|p1b: Chien-Pao\n|-supereffective|p1b: Chien-Pao\n|-damage|p1b: Chien-Pao|0 fnt\n|faint|p1b: Chien-Pao\n|move|p1a: Ninetales|Weather Ball|p2b: Bronzong\n|-resisted|p2b: Bronzong\n|-damage|p2b: Bronzong|69\/100\n|\n|-weather|Snow|[upkeep]\n|upkeep\n|inactive|SuperAndroid99 has 120 seconds left.\n|\n|t:|1699324475\n|switch|p2a: Iron Hands|Iron Hands|100\/100\n|switch|p1b: Ursaluna|Ursaluna-Bloodmoon, M|100\/100\n|-damage|p1b: Ursaluna|88\/100|[from] Spikes\n|turn|4\n|\n|t:|1699324494\n|move|p2a: Iron Hands|Fake Out|p1b: Ursaluna\n|-damage|p1b: Ursaluna|80\/100\n|move|p2b: Bronzong|Body Press|p1b: Ursaluna\n|-supereffective|p1b: Ursaluna\n|-damage|p1b: Ursaluna|55\/100\n|cant|p1b: Ursaluna|flinch\n|move|p1a: Ninetales|Moonblast|p2a: Iron Hands\n|-supereffective|p2a: Iron Hands\n|-crit|p2a: Iron Hands\n|-damage|p2a: Iron Hands|23\/100\n|\n|-weather|Snow|[upkeep]\n|-heal|p1b: Ursaluna|61\/100|[from] item: Leftovers\n|-end|p1a: Ninetales|move: Taunt\n|upkeep\n|turn|5\n|\n|t:|1699324512\n|move|p2b: Bronzong|Heavy Slam|p1a: Ninetales\n|-supereffective|p1a: Ninetales\n|-damage|p1a: Ninetales|0 fnt\n|faint|p1a: Ninetales\n|move|p2a: Iron Hands|Drain Punch|p1b: Ursaluna\n|-supereffective|p1b: Ursaluna\n|-damage|p1b: Ursaluna|23\/100\n|-heal|p2a: Iron Hands|39\/100|[from] drain|[of] p1b: Ursaluna\n|move|p1b: Ursaluna|Calm Mind|p1b: Ursaluna\n|-boost|p1b: Ursaluna|spa|1\n|-boost|p1b: Ursaluna|spd|1\n|\n|-weather|none\n|-heal|p1b: Ursaluna|29\/100|[from] item: Leftovers\n|upkeep\n|\n|t:|1699324524\n|switch|p1a: Amoonguss|Amoonguss, M|100\/100\n|-damage|p1a: Amoonguss|88\/100|[from] Spikes\n|turn|6\n|\n|t:|1699324548\n|move|p1a: Amoonguss|Rage Powder|p1a: Amoonguss\n|-singleturn|p1a: Amoonguss|move: Rage Powder\n|move|p2b: Bronzong|Heavy Slam|p1a: Amoonguss\n|-damage|p1a: Amoonguss|68\/100\n|move|p2a: Iron Hands|Drain Punch|p1a: Amoonguss\n|-resisted|p1a: Amoonguss\n|-damage|p1a: Amoonguss|56\/100\n|-heal|p2a: Iron Hands|44\/100|[from] drain|[of] p1a: Amoonguss\n|move|p1b: Ursaluna|Earth Power|p2a: Iron Hands\n|-supereffective|p2a: Iron Hands\n|-damage|p2a: Iron Hands|0 fnt\n|faint|p2a: Iron Hands\n|-end|p2a: Iron Hands|Quark Drive|[silent]\n|\n|-heal|p1b: Ursaluna|35\/100|[from] item: Leftovers\n|-fieldend|move: Trick Room\n|upkeep\n|inactive|SuperAndroid99 has 120 seconds left.\n|\n|t:|1699324593\n|switch|p2a: Skeledirge|Skeledirge, M, shiny|100\/100\n|turn|7\n|\n|t:|1699324603\n|-terastallize|p1b: Ursaluna|Fighting\n|move|p1b: Ursaluna|Calm Mind|p1b: Ursaluna\n|-boost|p1b: Ursaluna|spa|1\n|-boost|p1b: Ursaluna|spd|1\n|move|p2a: Skeledirge|Torch Song|p1a: Amoonguss\n|-supereffective|p1a: Amoonguss\n|-crit|p1a: Amoonguss\n|-damage|p1a: Amoonguss|0 fnt\n|-boost|p2a: Skeledirge|spa|1\n|faint|p1a: Amoonguss\n|move|p2b: Bronzong|Trick Room|p2b: Bronzong\n|-fieldstart|move: Trick Room|[of] p2b: Bronzong\n|\n|-heal|p1b: Ursaluna|41\/100|[from] item: Leftovers\n|upkeep\n|\n|t:|1699324615\n|switch|p1a: Ogerpon|Ogerpon-Wellspring, F|100\/100\n|-damage|p1a: Ogerpon|88\/100|[from] Spikes\n|turn|8\n|\n|t:|1699324633\n|move|p2b: Bronzong|Heavy Slam|p1a: Ogerpon\n|-resisted|p1a: Ogerpon\n|-damage|p1a: Ogerpon|75\/100\n|move|p2a: Skeledirge|Torch Song|p1b: Ursaluna\n|-damage|p1b: Ursaluna|9\/100\n|-boost|p2a: Skeledirge|spa|1\n|move|p1b: Ursaluna|Blood Moon|p2b: Bronzong\n|-resisted|p2b: Bronzong\n|-damage|p2b: Bronzong|0 fnt\n|faint|p2b: Bronzong\n|move|p1a: Ogerpon|Ivy Cudgel|p2a: Skeledirge\n|-supereffective|p2a: Skeledirge\n|-damage|p2a: Skeledirge|0 fnt\n|faint|p2a: Skeledirge\n|\n|-heal|p1b: Ursaluna|15\/100|[from] item: Leftovers\n|-sideend|p1: leanwarrior420|move: Aurora Veil\n|upkeep\n|inactive|SuperAndroid99 has 120 seconds left.\n|\n|t:|1699324650\n|switch|p2b: Kingambit|Kingambit, F, shiny|100\/100\n|switch|p2a: Flutter Mane|Flutter Mane|100\/100\n|-activate|p2b: Kingambit|ability: Supreme Overlord\n|-start|p2b: Kingambit|fallen4|[silent]\n|turn|9\n|\n|t:|1699324672\n|-terastallize|p2b: Kingambit|Flying\n|move|p1b: Ursaluna|Vacuum Wave|p2b: Kingambit\n|-resisted|p2b: Kingambit\n|-damage|p2b: Kingambit|79\/100\n|move|p2b: Kingambit|Kowtow Cleave|p1a: Ogerpon\n|-damage|p1a: Ogerpon|0 fnt\n|faint|p1a: Ogerpon\n|-damage|p2b: Kingambit|70\/100|[from] item: Life Orb\n|move|p2a: Flutter Mane|Dazzling Gleam|p1b: Ursaluna\n|-supereffective|p1b: Ursaluna\n|-damage|p1b: Ursaluna|0 fnt\n|faint|p1b: Ursaluna\n|\n|upkeep\n|\n|t:|1699324684\n|switch|p1b: Gholdengo|Gholdengo|100\/100\n|-damage|p1b: Gholdengo|88\/100|[from] Spikes\n|turn|10\n|\n|t:|1699324705\n|move|p2b: Kingambit|Kowtow Cleave|p1b: Gholdengo\n|-supereffective|p1b: Gholdengo\n|-damage|p1b: Gholdengo|0 fnt\n|faint|p1b: Gholdengo\n|-damage|p2b: Kingambit|60\/100|[from] item: Life Orb\n|\n|win|SuperAndroid99\n|raw|leanwarrior420's rating: 1225 &rarr; <strong>1197<\/strong><br \/>(-28 for losing)\n|raw|SuperAndroid99's rating: 1188 &rarr; <strong>1216<\/strong><br \/>(+28 for winning)\n|l|\u2606leanwarrior420\n","uploadtime":1699324717,"views":8,"p1id":"leanwarrior420","p2id":"superandroid99","formatid":"gen9doublesou","rating":1197,"private":0,"password":""}