{"id":"gen9doublesou-1978750256","p1":"Crocky17","p2":"diniz41","format":"[Gen 9] Doubles OU","log":"|j|\u2606Crocky17\n|j|\u2606diniz41\n|t:|1698590672\n|gametype|doubles\n|player|p1|Crocky17|gardenia|1270\n|player|p2|diniz41|ruinmaniac|1201\n|teamsize|p1|6\n|teamsize|p2|6\n|gen|9\n|tier|[Gen 9] Doubles OU\n|rated|\n|rule|Species Clause: Limit one of each Pok\u00e9mon\n|rule|OHKO Clause: OHKO moves are banned\n|rule|Evasion Moves Clause: Evasion moves are banned\n|rule|Gravity Sleep Clause: The combination of sleep-inducing moves with imperfect accuracy and Gravity or Gigantamax Orbeetle are banned\n|rule|Endless Battle Clause: Forcing endless battles is banned\n|rule|HP Percentage Mod: HP is shown in percentages\n|clearpoke\n|poke|p1|Pelipper, M|\n|poke|p1|Chien-Pao|\n|poke|p1|Farigiraf, M|\n|poke|p1|Ursaluna, F|\n|poke|p1|Amoonguss, F|\n|poke|p1|Basculegion-F, F|\n|poke|p2|Gastrodon, M|\n|poke|p2|Roaring Moon|\n|poke|p2|Alomomola, M|\n|poke|p2|Murkrow, M|\n|poke|p2|Weezing-Galar, F|\n|poke|p2|Garganacl, M|\n|teampreview\n|inactive|Battle timer is ON: inactive players will automatically lose when time's up. (requested by Crocky17)\n|\n|t:|1698590684\n|start\n|switch|p1a: Farigiraf|Farigiraf, M|100\/100\n|switch|p1b: Amoonguss|Amoonguss, F|100\/100\n|switch|p2a: Roaring Moon|Roaring Moon|100\/100\n|switch|p2b: Murkrow|Murkrow, M|100\/100\n|turn|1\n|\n|t:|1698590713\n|move|p1a: Farigiraf|Protect|p1a: Farigiraf\n|-singleturn|p1a: Farigiraf|Protect\n|move|p2a: Roaring Moon|Crunch|p1b: Amoonguss\n|-damage|p1b: Amoonguss|37\/100\n|-enditem|p1b: Amoonguss|Eject Button\n|-damage|p2a: Roaring Moon|91\/100|[from] item: Life Orb\n|\n|t:|1698590723\n|switch|p1b: Ursaluna|Ursaluna, F|100\/100\n|move|p2b: Murkrow|Whirlwind|p1b: Ursaluna\n|drag|p1b: Chien-Pao|Chien-Pao|100\/100\n|-ability|p1b: Chien-Pao|Sword of Ruin\n|\n|upkeep\n|turn|2\n|inactive|diniz41 has 120 seconds left.\n|\n|t:|1698590761\n|move|p2b: Murkrow|Tailwind|p2b: Murkrow\n|-sidestart|p2: diniz41|move: Tailwind\n|move|p2a: Roaring Moon|Rock Slide|p1b: Chien-Pao|[spread] p1a,p1b\n|-supereffective|p1b: Chien-Pao\n|-damage|p1a: Farigiraf|63\/100\n|-damage|p1b: Chien-Pao|33\/100\n|-damage|p2a: Roaring Moon|81\/100|[from] item: Life Orb\n|move|p1b: Chien-Pao|Ice Spinner|p2a: Roaring Moon\n|-supereffective|p2a: Roaring Moon\n|-damage|p2a: Roaring Moon|0 fnt\n|faint|p2a: Roaring Moon\n|-end|p2a: Roaring Moon|Protosynthesis|[silent]\n|cant|p1a: Farigiraf|flinch\n|\n|-heal|p1a: Farigiraf|69\/100|[from] item: Leftovers\n|upkeep\n|\n|t:|1698590769\n|switch|p2a: Gastrodon|Gastrodon, M|100\/100\n|turn|3\n|\n|t:|1698590789\n|move|p1b: Chien-Pao|Ice Spinner|p2b: Murkrow\n|-supereffective|p2b: Murkrow\n|-enditem|p2b: Murkrow|Focus Sash\n|-damage|p2b: Murkrow|1\/100\n|move|p2a: Gastrodon|Stockpile|p2a: Gastrodon\n|-start|p2a: Gastrodon|stockpile1\n|-boost|p2a: Gastrodon|def|1\n|-boost|p2a: Gastrodon|spd|1\n|move|p2b: Murkrow|Whirlwind|p1b: Chien-Pao\n|-hint|Since gen 7, Dark is immune to Prankster moves.\n|-immune|p1b: Chien-Pao\n|move|p1a: Farigiraf|Trick Room|p1a: Farigiraf\n|-fieldstart|move: Trick Room|[of] p1a: Farigiraf\n|\n|-heal|p1a: Farigiraf|75\/100|[from] item: Leftovers\n|upkeep\n|turn|4\n|\n|t:|1698590817\n|switch|p1b: Amoonguss|Amoonguss, F|71\/100\n|switch|p2b: Garganacl|Garganacl, M|100\/100\n|move|p1a: Farigiraf|Protect|p1a: Farigiraf\n|-singleturn|p1a: Farigiraf|Protect\n|move|p2a: Gastrodon|Stockpile|p2a: Gastrodon\n|-start|p2a: Gastrodon|stockpile2\n|-boost|p2a: Gastrodon|def|1\n|-boost|p2a: Gastrodon|spd|1\n|\n|-heal|p1a: Farigiraf|82\/100|[from] item: Leftovers\n|upkeep\n|turn|5\n|\n|t:|1698590847\n|switch|p1a: Ursaluna|Ursaluna, F|100\/100\n|move|p1b: Amoonguss|Spore|p2a: Gastrodon\n|-status|p2a: Gastrodon|slp|[from] move: Spore\n|move|p2b: Garganacl|Salt Cure|p1b: Amoonguss\n|-crit|p1b: Amoonguss\n|-damage|p1b: Amoonguss|48\/100\n|-start|p1b: Amoonguss|Salt Cure\n|cant|p2a: Gastrodon|slp\n|\n|-damage|p1b: Amoonguss|36\/100|[from] Salt Cure\n|-sideend|p2: diniz41|move: Tailwind\n|-status|p1a: Ursaluna|brn|[from] item: Flame Orb\n|upkeep\n|turn|6\n|\n|t:|1698590862\n|switch|p1b: Pelipper|Pelipper, M|100\/100\n|-weather|RainDance|[from] ability: Drizzle|[of] p1b: Pelipper\n|move|p2b: Garganacl|Iron Defense|p2b: Garganacl\n|-boost|p2b: Garganacl|def|2\n|cant|p2a: Gastrodon|slp\n|move|p1a: Ursaluna|Earthquake|p2a: Gastrodon|[spread] p2a,p2b\n|-immune|p1b: Pelipper\n|-supereffective|p2b: Garganacl\n|-damage|p2a: Gastrodon|69\/100 slp\n|-damage|p2b: Garganacl|57\/100\n|\n|-weather|RainDance|[upkeep]\n|-heal|p2a: Gastrodon|75\/100 slp|[from] item: Leftovers\n|-damage|p1a: Ursaluna|94\/100 brn|[from] brn\n|upkeep\n|turn|7\n|\n|t:|1698590891\n|move|p2b: Garganacl|Body Press|p1a: Ursaluna\n|-supereffective|p1a: Ursaluna\n|-damage|p1a: Ursaluna|27\/100 brn\n|cant|p2a: Gastrodon|slp\n|move|p1a: Ursaluna|Earthquake|p2a: Gastrodon|[spread] p2a,p2b\n|-immune|p1b: Pelipper\n|-supereffective|p2b: Garganacl\n|-damage|p2a: Gastrodon|41\/100 slp\n|-damage|p2b: Garganacl|14\/100\n|-enditem|p2b: Garganacl|Aguav Berry|[eat]\n|-heal|p2b: Garganacl|48\/100|[from] item: Aguav Berry\n|move|p1b: Pelipper|Hurricane|p2a: Gastrodon\n|-damage|p2a: Gastrodon|22\/100 slp\n|\n|-weather|RainDance|[upkeep]\n|-heal|p2a: Gastrodon|29\/100 slp|[from] item: Leftovers\n|-damage|p1a: Ursaluna|21\/100 brn|[from] brn\n|-fieldend|move: Trick Room\n|upkeep\n|turn|8\n|\n|t:|1698590912\n|switch|p1a: Basculegion|Basculegion-F, F|100\/100\n|move|p1b: Pelipper|Surf|p2a: Gastrodon|[spread] p1a,p2b\n|-ability|p2a: Gastrodon|Storm Drain|boost\n|-boost|p2a: Gastrodon|spa|1\n|-resisted|p1a: Basculegion\n|-supereffective|p2b: Garganacl\n|-damage|p1a: Basculegion|76\/100\n|-damage|p2b: Garganacl|0 fnt\n|faint|p2b: Garganacl\n|-curestatus|p2a: Gastrodon|slp|[msg]\n|move|p2a: Gastrodon|Recover|p2a: Gastrodon\n|-heal|p2a: Gastrodon|79\/100\n|\n|-weather|RainDance|[upkeep]\n|-heal|p2a: Gastrodon|85\/100|[from] item: Leftovers\n|upkeep\n|\n|t:|1698590920\n|switch|p2b: Murkrow|Murkrow, M|1\/100\n|turn|9\n|\n|t:|1698590934\n|switch|p1b: Amoonguss|Amoonguss, F|69\/100\n|move|p1a: Basculegion|Aqua Jet|p2a: Gastrodon\n|-activate|p2a: Gastrodon|ability: Storm Drain\n|-ability|p2a: Gastrodon|Storm Drain|boost\n|-boost|p2a: Gastrodon|spa|1\n|move|p2b: Murkrow|Tailwind|p2b: Murkrow\n|-sidestart|p2: diniz41|move: Tailwind\n|move|p2a: Gastrodon|Earth Power|p1a: Basculegion\n|-damage|p1a: Basculegion|9\/100\n|\n|-weather|RainDance|[upkeep]\n|-heal|p2a: Gastrodon|91\/100|[from] item: Leftovers\n|upkeep\n|turn|10\n|\n|t:|1698590949\n|switch|p1a: Pelipper|Pelipper, M|100\/100\n|move|p2a: Gastrodon|Earth Power|p1b: Amoonguss\n|-damage|p1b: Amoonguss|33\/100\n|move|p1b: Amoonguss|Spore|p2a: Gastrodon\n|-status|p2a: Gastrodon|slp|[from] move: Spore\n|move|p2b: Murkrow|Whirlwind|p1a: Pelipper\n|drag|p1a: Farigiraf|Farigiraf, M|82\/100\n|\n|-weather|none\n|-heal|p2a: Gastrodon|97\/100 slp|[from] item: Leftovers\n|-heal|p1a: Farigiraf|88\/100|[from] item: Leftovers\n|upkeep\n|turn|11\n|\n|t:|1698590963\n|switch|p1b: Pelipper|Pelipper, M|100\/100\n|-weather|RainDance|[from] ability: Drizzle|[of] p1b: Pelipper\n|move|p2b: Murkrow|Quash||[still]\n|cant|p1a: Farigiraf|ability: Armor Tail|Quash|[of] p2b: Murkrow\n|cant|p2a: Gastrodon|slp\n|move|p1a: Farigiraf|Trick Room|p1a: Farigiraf\n|-fieldstart|move: Trick Room|[of] p1a: Farigiraf\n|\n|-weather|RainDance|[upkeep]\n|-heal|p1a: Farigiraf|94\/100|[from] item: Leftovers\n|-heal|p2a: Gastrodon|100\/100 slp|[from] item: Leftovers\n|upkeep\n|turn|12\n|\n|t:|1698590982\n|switch|p2b: Alomomola|Alomomola, M|100\/100\n|move|p1a: Farigiraf|Protect|p1a: Farigiraf\n|-singleturn|p1a: Farigiraf|Protect\n|move|p1b: Pelipper|Ice Beam|p2b: Alomomola\n|-resisted|p2b: Alomomola\n|-damage|p2b: Alomomola|83\/100\n|-curestatus|p2a: Gastrodon|slp|[msg]\n|move|p2a: Gastrodon|Stockpile|p2a: Gastrodon\n|-start|p2a: Gastrodon|stockpile3\n|-boost|p2a: Gastrodon|def|1\n|-boost|p2a: Gastrodon|spd|1\n|\n|-weather|RainDance|[upkeep]\n|-heal|p1a: Farigiraf|99\/100|[from] item: Leftovers\n|-heal|p2b: Alomomola|89\/100|[from] item: Leftovers\n|-sideend|p2: diniz41|move: Tailwind\n|upkeep\n|turn|13\n|\n|t:|1698591001\n|move|p2a: Gastrodon|Icy Wind|p1a: Farigiraf|[spread] p1a,p1b\n|-damage|p1a: Farigiraf|80\/100\n|-damage|p1b: Pelipper|68\/100\n|-unboost|p1a: Farigiraf|spe|1\n|-unboost|p1b: Pelipper|spe|1\n|move|p1a: Farigiraf|Psychic|p2b: Alomomola\n|-damage|p2b: Alomomola|35\/100\n|-unboost|p2b: Alomomola|spd|1\n|move|p1b: Pelipper|Hurricane|p2b: Alomomola\n|-damage|p2b: Alomomola|0 fnt\n|faint|p2b: Alomomola\n|\n|-weather|RainDance|[upkeep]\n|-heal|p1a: Farigiraf|86\/100|[from] item: Leftovers\n|upkeep\n|\n|t:|1698591015\n|switch|p2b: Weezing|Weezing-Galar, F|100\/100\n|turn|14\n|\n|t:|1698591021\n|switch|p2b: Murkrow|Murkrow, M|1\/100\n|move|p2a: Gastrodon|Earth Power|p1a: Farigiraf\n|-damage|p1a: Farigiraf|26\/100\n|move|p1a: Farigiraf|Psychic|p2b: Murkrow\n|-immune|p2b: Murkrow\n|move|p1b: Pelipper|Hurricane|p2b: Murkrow\n|-damage|p2b: Murkrow|0 fnt\n|faint|p2b: Murkrow\n|\n|-weather|RainDance|[upkeep]\n|-heal|p1a: Farigiraf|32\/100|[from] item: Leftovers\n|upkeep\n|\n|t:|1698591031\n|switch|p2b: Weezing|Weezing-Galar, F|100\/100\n|turn|15\n|\n|t:|1698591038\n|move|p1a: Farigiraf|Protect|p1a: Farigiraf\n|-singleturn|p1a: Farigiraf|Protect\n|move|p2a: Gastrodon|Earth Power|p1a: Farigiraf\n|-activate|p1a: Farigiraf|move: Protect\n|move|p1b: Pelipper|Hurricane|p2b: Weezing\n|-damage|p2b: Weezing|34\/100\n|move|p2b: Weezing|Dazzling Gleam|p1a: Farigiraf|[spread] p1b\n|-activate|p1a: Farigiraf|move: Protect\n|-damage|p1b: Pelipper|35\/100\n|\n|-weather|none\n|-heal|p1a: Farigiraf|38\/100|[from] item: Leftovers\n|-fieldend|move: Trick Room\n|upkeep\n|turn|16\n|\n|t:|1698591061\n|switch|p1b: Amoonguss|Amoonguss, F|66\/100\n|move|p2b: Weezing|Dazzling Gleam|p1a: Farigiraf|[spread] p1a,p1b\n|-resisted|p1b: Amoonguss\n|-damage|p1a: Farigiraf|19\/100\n|-damage|p1b: Amoonguss|60\/100\n|move|p1a: Farigiraf|Psychic|p2b: Weezing\n|-supereffective|p2b: Weezing\n|-damage|p2b: Weezing|0 fnt\n|faint|p2b: Weezing\n|move|p2a: Gastrodon|Icy Wind|p1b: Amoonguss|[spread] p1a,p1b\n|-supereffective|p1b: Amoonguss\n|-damage|p1a: Farigiraf|3\/100\n|-damage|p1b: Amoonguss|38\/100\n|-unboost|p1a: Farigiraf|spe|1\n|-unboost|p1b: Amoonguss|spe|1\n|\n|-heal|p1a: Farigiraf|9\/100|[from] item: Leftovers\n|upkeep\n|turn|17\n|\n|t:|1698591083\n|move|p1a: Farigiraf|Protect|p1a: Farigiraf\n|-singleturn|p1a: Farigiraf|Protect\n|move|p1b: Amoonguss|Protect|p1b: Amoonguss\n|-singleturn|p1b: Amoonguss|Protect\n|move|p2a: Gastrodon|Earth Power|p1b: Amoonguss\n|-activate|p1b: Amoonguss|move: Protect\n|\n|-heal|p1a: Farigiraf|15\/100|[from] item: Leftovers\n|upkeep\n|turn|18\n|\n|t:|1698591095\n|switch|p1b: Pelipper|Pelipper, M|35\/100\n|-weather|RainDance|[from] ability: Drizzle|[of] p1b: Pelipper\n|move|p2a: Gastrodon|Earth Power|p1b: Pelipper\n|-immune|p1b: Pelipper\n|move|p1a: Farigiraf|Psychic|p2a: Gastrodon\n|-damage|p2a: Gastrodon|88\/100\n|\n|-weather|RainDance|[upkeep]\n|-heal|p2a: Gastrodon|95\/100|[from] item: Leftovers\n|-heal|p1a: Farigiraf|21\/100|[from] item: Leftovers\n|upkeep\n|turn|19\n|\n|t:|1698591110\n|move|p1a: Farigiraf|Protect|p1a: Farigiraf\n|-singleturn|p1a: Farigiraf|Protect\n|move|p1b: Pelipper|Roost|p1b: Pelipper\n|-heal|p1b: Pelipper|86\/100\n|-singleturn|p1b: Pelipper|move: Roost\n|move|p2a: Gastrodon|Icy Wind|p1a: Farigiraf|[spread] p1b\n|-activate|p1a: Farigiraf|move: Protect\n|-resisted|p1b: Pelipper\n|-damage|p1b: Pelipper|72\/100\n|-unboost|p1b: Pelipper|spe|1\n|\n|-weather|RainDance|[upkeep]\n|-heal|p2a: Gastrodon|100\/100|[from] item: Leftovers\n|-heal|p1a: Farigiraf|27\/100|[from] item: Leftovers\n|upkeep\n|turn|20\n|\n|t:|1698591137\n|switch|p1a: Chien-Pao|Chien-Pao|33\/100\n|-ability|p1a: Chien-Pao|Sword of Ruin\n|move|p1b: Pelipper|Hurricane|p2a: Gastrodon\n|-damage|p2a: Gastrodon|87\/100\n|-start|p2a: Gastrodon|confusion\n|-activate|p2a: Gastrodon|confusion\n|move|p2a: Gastrodon|Icy Wind|p1b: Pelipper|[spread] p1a,p1b\n|-resisted|p1a: Chien-Pao\n|-damage|p1a: Chien-Pao|19\/100\n|-damage|p1b: Pelipper|41\/100\n|-unboost|p1a: Chien-Pao|spe|1\n|-unboost|p1b: Pelipper|spe|1\n|\n|-weather|RainDance|[upkeep]\n|-heal|p2a: Gastrodon|93\/100|[from] item: Leftovers\n|upkeep\n|turn|21\n|\n|t:|1698591156\n|move|p1a: Chien-Pao|Sacred Sword|p2a: Gastrodon\n|-damage|p2a: Gastrodon|51\/100\n|-activate|p2a: Gastrodon|confusion\n|move|p2a: Gastrodon|Icy Wind|p1b: Pelipper|[spread] p1a,p1b\n|-resisted|p1a: Chien-Pao\n|-damage|p1a: Chien-Pao|5\/100\n|-damage|p1b: Pelipper|12\/100\n|-unboost|p1a: Chien-Pao|spe|1\n|-unboost|p1b: Pelipper|spe|1\n|move|p1b: Pelipper|Roost|p1b: Pelipper\n|-heal|p1b: Pelipper|62\/100\n|-singleturn|p1b: Pelipper|move: Roost\n|\n|-weather|RainDance|[upkeep]\n|-heal|p2a: Gastrodon|57\/100|[from] item: Leftovers\n|upkeep\n|turn|22\n|\n|t:|1698591173\n|switch|p1a: Farigiraf|Farigiraf, M|27\/100\n|-activate|p2a: Gastrodon|confusion\n|move|p2a: Gastrodon|Recover|p2a: Gastrodon\n|-heal|p2a: Gastrodon|100\/100\n|move|p1b: Pelipper|Hurricane|p2a: Gastrodon\n|-damage|p2a: Gastrodon|86\/100\n|\n|-weather|none\n|-heal|p1a: Farigiraf|33\/100|[from] item: Leftovers\n|-heal|p2a: Gastrodon|92\/100|[from] item: Leftovers\n|upkeep\n|turn|23\n|\n|t:|1698591187\n|switch|p1b: Amoonguss|Amoonguss, F|71\/100\n|move|p1a: Farigiraf|Protect|p1a: Farigiraf\n|-singleturn|p1a: Farigiraf|Protect\n|-activate|p2a: Gastrodon|confusion\n|move|p2a: Gastrodon|Icy Wind|p1b: Amoonguss|[spread] p1b\n|-activate|p1a: Farigiraf|move: Protect\n|-supereffective|p1b: Amoonguss\n|-damage|p1b: Amoonguss|48\/100\n|-unboost|p1b: Amoonguss|spe|1\n|\n|-heal|p1a: Farigiraf|39\/100|[from] item: Leftovers\n|-heal|p2a: Gastrodon|98\/100|[from] item: Leftovers\n|upkeep\n|turn|24\n|\n|t:|1698591204\n|move|p1a: Farigiraf|Ally Switch||[still]\n|-fail|p1a: Farigiraf\n|-end|p2a: Gastrodon|confusion\n|move|p2a: Gastrodon|Earth Power|p1a: Farigiraf\n|-damage|p1a: Farigiraf|0 fnt\n|faint|p1a: Farigiraf\n|move|p1b: Amoonguss|Spore|p2a: Gastrodon\n|-status|p2a: Gastrodon|slp|[from] move: Spore\n|\n|-heal|p2a: Gastrodon|100\/100 slp|[from] item: Leftovers\n|upkeep\n|\n|t:|1698591216\n|switch|p1a: Chien-Pao|Chien-Pao|5\/100\n|-ability|p1a: Chien-Pao|Sword of Ruin\n|turn|25\n|\n|t:|1698591222\n|move|p1a: Chien-Pao|Sacred Sword|p2a: Gastrodon\n|-damage|p2a: Gastrodon|60\/100 slp\n|cant|p2a: Gastrodon|slp\n|move|p1b: Amoonguss|Pollen Puff|p1a: Chien-Pao\n|-heal|p1a: Chien-Pao|55\/100\n|\n|-heal|p2a: Gastrodon|67\/100 slp|[from] item: Leftovers\n|upkeep\n|turn|26\n|\n|t:|1698591240\n|move|p1a: Chien-Pao|Sacred Sword|p2a: Gastrodon\n|-damage|p2a: Gastrodon|29\/100 slp\n|cant|p2a: Gastrodon|slp\n|move|p1b: Amoonguss|Pollen Puff|p1a: Chien-Pao\n|-heal|p1a: Chien-Pao|100\/100\n|\n|-heal|p2a: Gastrodon|35\/100 slp|[from] item: Leftovers\n|upkeep\n|turn|27\n|\n|t:|1698591258\n|-terastallize|p2a: Gastrodon|Fire\n|move|p1a: Chien-Pao|Sacred Sword|p2a: Gastrodon\n|-damage|p2a: Gastrodon|0 fnt\n|faint|p2a: Gastrodon\n|\n|win|Crocky17\n|raw|Crocky17's rating: 1270 &rarr; <strong>1288<\/strong><br \/>(+18 for winning)\n|raw|diniz41's rating: 1177 &rarr; <strong>1159<\/strong><br \/>(-18 for losing)\n|l|\u2606diniz41\n","uploadtime":1698591386,"views":25,"p1id":"crocky17","p2id":"diniz41","formatid":"gen9doublesou","rating":1159,"private":0,"password":""}