{"id":"gen9doublesou-1984226492","p1":"Skeliton Lord","p2":"jagingi","format":"[Gen 9] Doubles OU","log":"|j|\u2606Skeliton Lord\n|j|\u2606jagingi\n|t:|1699232366\n|gametype|doubles\n|player|p1|Skeliton Lord|170|1298\n|player|p2|jagingi|101|1370\n|teamsize|p1|6\n|teamsize|p2|6\n|gen|9\n|tier|[Gen 9] Doubles OU\n|rated|\n|rule|Species Clause: Limit one of each Pok\u00e9mon\n|rule|OHKO Clause: OHKO moves are banned\n|rule|Evasion Moves Clause: Evasion moves are banned\n|rule|Gravity Sleep Clause: The combination of sleep-inducing moves with imperfect accuracy and Gravity or Gigantamax Orbeetle are banned\n|rule|Endless Battle Clause: Forcing endless battles is banned\n|rule|HP Percentage Mod: HP is shown in percentages\n|clearpoke\n|poke|p1|Flutter Mane|\n|poke|p1|Tornadus, M|\n|poke|p1|Great Tusk|\n|poke|p1|Glimmora, M|\n|poke|p1|Gholdengo|\n|poke|p1|Sinistcha-Masterpiece|\n|poke|p2|Flutter Mane|\n|poke|p2|Landorus-Therian, M|\n|poke|p2|Iron Hands|\n|poke|p2|Cresselia, F|\n|poke|p2|Gholdengo|\n|poke|p2|Dragonite, M|\n|teampreview\n|inactive|Battle timer is ON: inactive players will automatically lose when time's up. (requested by Skeliton Lord)\n|\n|t:|1699232388\n|start\n|switch|p1a: Tornadus|Tornadus, M|100\/100\n|switch|p1b: Glimmora|Glimmora, M|100\/100\n|switch|p2a: Landorus|Landorus-Therian, M|100\/100\n|switch|p2b: Iron Hands|Iron Hands|100\/100\n|-ability|p2a: Landorus|Intimidate|boost\n|-unboost|p1a: Tornadus|atk|1\n|-unboost|p1b: Glimmora|atk|1\n|-item|p1b: Glimmora|Air Balloon\n|turn|1\n|\n|t:|1699232410\n|move|p1b: Glimmora|Spiky Shield|p1b: Glimmora\n|-singleturn|p1b: Glimmora|move: Protect\n|move|p2b: Iron Hands|Fake Out|p1a: Tornadus\n|-damage|p1a: Tornadus|80\/100\n|cant|p1a: Tornadus|flinch\n|move|p2a: Landorus|Taunt|p1a: Tornadus\n|-start|p1a: Tornadus|move: Taunt\n|\n|upkeep\n|turn|2\n|\n|t:|1699232427\n|move|p1a: Tornadus|Fly||[still]\n|-prepare|p1a: Tornadus|Fly\n|-enditem|p1a: Tornadus|Power Herb\n|-anim|p1a: Tornadus|Fly|p2b: Iron Hands\n|-crit|p2b: Iron Hands\n|-damage|p2b: Iron Hands|57\/100\n|move|p2a: Landorus|U-turn|p1b: Glimmora\n|-resisted|p1b: Glimmora\n|-damage|p1b: Glimmora|89\/100\n|-activate|p1b: Glimmora|ability: Toxic Debris\n|-sidestart|p2: jagingi|move: Toxic Spikes\n|-enditem|p1b: Glimmora|Air Balloon\n|\n|t:|1699232442\n|switch|p2a: Dragonite|Dragonite, M|100\/100|[from] U-turn\n|move|p1b: Glimmora|Power Gem|p2a: Dragonite\n|-supereffective|p2a: Dragonite\n|-damage|p2a: Dragonite|68\/100\n|-enditem|p2a: Dragonite|Weakness Policy\n|-boost|p2a: Dragonite|atk|2|[from] item: Weakness Policy\n|-boost|p2a: Dragonite|spa|2|[from] item: Weakness Policy\n|move|p2b: Iron Hands|Volt Switch|p1a: Tornadus\n|-supereffective|p1a: Tornadus\n|-damage|p1a: Tornadus|51\/100\n|inactive|jagingi has 120 seconds left.\n|\n|t:|1699232457\n|-end|p2b: Iron Hands|Quark Drive|[silent]\n|switch|p2b: Cresselia|Cresselia, F|100\/100|[from] Volt Switch\n|\n|upkeep\n|turn|3\n|\n|t:|1699232469\n|move|p1b: Glimmora|Spiky Shield|p1b: Glimmora\n|-singleturn|p1b: Glimmora|move: Protect\n|move|p1a: Tornadus|Acrobatics|p2a: Dragonite\n|-damage|p2a: Dragonite|38\/100\n|move|p2a: Dragonite|Ice Spinner|p1a: Tornadus\n|-supereffective|p1a: Tornadus\n|-damage|p1a: Tornadus|0 fnt\n|faint|p1a: Tornadus\n|move|p2b: Cresselia|Trick Room|p2b: Cresselia\n|-fieldstart|move: Trick Room|[of] p2b: Cresselia\n|\n|upkeep\n|\n|t:|1699232480\n|switch|p1a: Sinistcha|Sinistcha-Masterpiece|100\/100\n|-heal|p1b: Glimmora|100\/100|[from] ability: Hospitality|[of] p1a: Sinistcha\n|turn|4\n|\n|t:|1699232496\n|-terastallize|p1a: Sinistcha|Fairy\n|move|p1a: Sinistcha|Iron Defense|p1a: Sinistcha\n|-boost|p1a: Sinistcha|def|2\n|move|p2b: Cresselia|Psychic|p1b: Glimmora\n|-supereffective|p1b: Glimmora\n|-damage|p1b: Glimmora|58\/100\n|move|p2a: Dragonite|Dragon Claw|p1a: Sinistcha\n|-immune|p1a: Sinistcha\n|move|p1b: Glimmora|Power Gem|p2a: Dragonite\n|-supereffective|p2a: Dragonite\n|-damage|p2a: Dragonite|0 fnt\n|faint|p2a: Dragonite\n|\n|upkeep\n|\n|t:|1699232513\n|switch|p2a: Iron Hands|Iron Hands|57\/100\n|-status|p2a: Iron Hands|psn\n|turn|5\n|\n|t:|1699232521\n|move|p2a: Iron Hands|Fake Out|p1a: Sinistcha\n|-damage|p1a: Sinistcha|92\/100\n|cant|p1a: Sinistcha|flinch\n|move|p2b: Cresselia|Psychic|p1b: Glimmora\n|-supereffective|p1b: Glimmora\n|-damage|p1b: Glimmora|14\/100\n|move|p1b: Glimmora|Earth Power|p2a: Iron Hands\n|-supereffective|p2a: Iron Hands\n|-damage|p2a: Iron Hands|31\/100 psn\n|\n|-heal|p1a: Sinistcha|98\/100|[from] item: Leftovers\n|-damage|p2a: Iron Hands|19\/100 psn|[from] psn\n|upkeep\n|turn|6\n|inactive|jagingi has 120 seconds left.\n|\n|t:|1699232552\n|move|p1b: Glimmora|Spiky Shield|p1b: Glimmora\n|-singleturn|p1b: Glimmora|move: Protect\n|move|p2a: Iron Hands|Drain Punch|p1a: Sinistcha\n|-resisted|p1a: Sinistcha\n|-damage|p1a: Sinistcha|88\/100\n|-heal|p2a: Iron Hands|22\/100 psn|[from] drain|[of] p1a: Sinistcha\n|move|p1a: Sinistcha|Calm Mind|p1a: Sinistcha\n|-boost|p1a: Sinistcha|spa|1\n|-boost|p1a: Sinistcha|spd|1\n|move|p2b: Cresselia|Psychic|p1b: Glimmora\n|-activate|p1b: Glimmora|move: Protect\n|\n|-heal|p1a: Sinistcha|94\/100|[from] item: Leftovers\n|-damage|p2a: Iron Hands|10\/100 psn|[from] psn\n|upkeep\n|turn|7\n|inactive|jagingi has 120 seconds left.\n|\n|t:|1699232590\n|move|p2a: Iron Hands|Ice Punch|p1a: Sinistcha\n|-damage|p1a: Sinistcha|81\/100\n|move|p1a: Sinistcha|Calm Mind|p1a: Sinistcha\n|-boost|p1a: Sinistcha|spa|1\n|-boost|p1a: Sinistcha|spd|1\n|move|p2b: Cresselia|Psychic|p1b: Glimmora\n|-supereffective|p1b: Glimmora\n|-damage|p1b: Glimmora|0 fnt\n|faint|p1b: Glimmora\n|\n|-heal|p1a: Sinistcha|87\/100|[from] item: Leftovers\n|-damage|p2a: Iron Hands|0 fnt|[from] psn\n|faint|p2a: Iron Hands\n|-end|p2a: Iron Hands|Quark Drive|[silent]\n|-fieldend|move: Trick Room\n|upkeep\n|\n|t:|1699232603\n|switch|p1b: Great Tusk|Great Tusk|100\/100\n|switch|p2a: Gholdengo|Gholdengo|100\/100\n|turn|8\n|\n|t:|1699232616\n|move|p1b: Great Tusk|Headlong Rush|p2a: Gholdengo\n|-supereffective|p2a: Gholdengo\n|-damage|p2a: Gholdengo|0 fnt\n|-unboost|p1b: Great Tusk|def|1\n|-unboost|p1b: Great Tusk|spd|1\n|-enditem|p1b: Great Tusk|Eject Pack\n|faint|p2a: Gholdengo\n|\n|t:|1699232621\n|-end|p1b: Great Tusk|Protosynthesis|[silent]\n|switch|p1b: Gholdengo|Gholdengo|100\/100\n|move|p2b: Cresselia|Psychic|p1b: Gholdengo\n|-resisted|p1b: Gholdengo\n|-damage|p1b: Gholdengo|87\/100\n|move|p1a: Sinistcha|Matcha Gotcha|p2b: Cresselia\n|-damage|p2b: Cresselia|55\/100\n|-heal|p1a: Sinistcha|100\/100|[from] drain|[of] p2b: Cresselia\n|\n|-heal|p2b: Cresselia|61\/100|[from] item: Leftovers\n|upkeep\n|\n|t:|1699232634\n|switch|p2a: Flutter Mane|Flutter Mane|100\/100\n|-status|p2a: Flutter Mane|psn\n|-enditem|p2a: Flutter Mane|Booster Energy\n|-activate|p2a: Flutter Mane|ability: Protosynthesis|[fromitem]\n|-start|p2a: Flutter Mane|protosynthesisspe\n|turn|9\n|\n|t:|1699232661\n|-terastallize|p2a: Flutter Mane|Steel\n|move|p2a: Flutter Mane|Shadow Ball|p1b: Gholdengo\n|-supereffective|p1b: Gholdengo\n|-damage|p1b: Gholdengo|3\/100\n|move|p1b: Gholdengo|Shadow Ball|p2a: Flutter Mane\n|-damage|p2a: Flutter Mane|46\/100 psn\n|move|p1a: Sinistcha|Matcha Gotcha|p2b: Cresselia|[spread] p2a,p2b\n|-resisted|p2a: Flutter Mane\n|-damage|p2a: Flutter Mane|22\/100 psn\n|-damage|p2b: Cresselia|27\/100\n|move|p2b: Cresselia|Trick Room|p2b: Cresselia\n|-fieldstart|move: Trick Room|[of] p2b: Cresselia\n|\n|-heal|p2b: Cresselia|34\/100|[from] item: Leftovers\n|-damage|p2a: Flutter Mane|10\/100 psn|[from] psn\n|upkeep\n|turn|10\n|c|\u2606Skeliton Lord|you are aware I now outspeed all of your mons right?\n|\n|t:|1699232693\n|move|p1a: Sinistcha|Matcha Gotcha|p2b: Cresselia|[spread] p2a\n|-miss|p1a: Sinistcha|p2b: Cresselia\n|-resisted|p2a: Flutter Mane\n|-damage|p2a: Flutter Mane|0 fnt\n|faint|p2a: Flutter Mane\n|-end|p2a: Flutter Mane|Protosynthesis|[silent]\n|move|p2b: Cresselia|Psychic|p1b: Gholdengo\n|-resisted|p1b: Gholdengo\n|-damage|p1b: Gholdengo|0 fnt\n|faint|p1b: Gholdengo\n|\n|-heal|p2b: Cresselia|40\/100|[from] item: Leftovers\n|upkeep\n|\n|t:|1699232702\n|switch|p1b: Flutter Mane|Flutter Mane|100\/100\n|switch|p2a: Landorus|Landorus-Therian, M|100\/100\n|-ability|p2a: Landorus|Intimidate|boost\n|-unboost|p1a: Sinistcha|atk|1\n|-unboost|p1b: Flutter Mane|atk|1\n|-enditem|p1b: Flutter Mane|Booster Energy\n|-activate|p1b: Flutter Mane|ability: Protosynthesis|[fromitem]\n|-start|p1b: Flutter Mane|protosynthesisspa\n|turn|11\n|\n|t:|1699232727\n|move|p1a: Sinistcha|Matcha Gotcha|p2a: Landorus|[spread] p2b\n|-miss|p1a: Sinistcha|p2a: Landorus\n|-damage|p2b: Cresselia|7\/100\n|move|p2b: Cresselia|Lunar Blessing|p2b: Cresselia|[spread] p2a,p2b\n|-heal|p2b: Cresselia|32\/100\n|move|p2a: Landorus|U-turn|p1b: Flutter Mane\n|-resisted|p1b: Flutter Mane\n|-damage|p1b: Flutter Mane|85\/100\n|move|p1b: Flutter Mane|Substitute|p1b: Flutter Mane\n|-start|p1b: Flutter Mane|Substitute\n|-damage|p1b: Flutter Mane|61\/100\n|\n|-heal|p2b: Cresselia|38\/100|[from] item: Leftovers\n|upkeep\n|turn|12\n|\n|t:|1699232746\n|move|p1a: Sinistcha|Matcha Gotcha|p2b: Cresselia|[spread] p2a\n|-miss|p1a: Sinistcha|p2b: Cresselia\n|-damage|p2a: Landorus|48\/100\n|-enditem|p2a: Landorus|Sitrus Berry|[eat]\n|-heal|p2a: Landorus|72\/100|[from] item: Sitrus Berry\n|move|p2b: Cresselia|Psychic|p1a: Sinistcha\n|-damage|p1a: Sinistcha|87\/100\n|move|p2a: Landorus|Stomping Tantrum|p1a: Sinistcha\n|-damage|p1a: Sinistcha|69\/100\n|move|p1b: Flutter Mane|Dazzling Gleam|p2a: Landorus|[spread] p2a,p2b\n|-crit|p2a: Landorus\n|-damage|p2a: Landorus|8\/100\n|-damage|p2b: Cresselia|13\/100\n|\n|-heal|p1a: Sinistcha|75\/100|[from] item: Leftovers\n|-heal|p2b: Cresselia|19\/100|[from] item: Leftovers\n|upkeep\n|turn|13\n|c|\u2606jagingi|gg\n|\n|t:|1699232765\n|move|p1a: Sinistcha|Matcha Gotcha|p2b: Cresselia|[spread] p2a\n|-miss|p1a: Sinistcha|p2b: Cresselia\n|-damage|p2a: Landorus|0 fnt\n|-heal|p1a: Sinistcha|79\/100|[from] drain|[of] p2a: Landorus\n|faint|p2a: Landorus\n|move|p2b: Cresselia|Psychic|p1a: Sinistcha\n|-damage|p1a: Sinistcha|66\/100\n|move|p1b: Flutter Mane|Dazzling Gleam|p2b: Cresselia\n|-damage|p2b: Cresselia|0 fnt\n|faint|p2b: Cresselia\n|\n|win|Skeliton Lord\n|raw|Skeliton Lord's rating: 1298 &rarr; <strong>1328<\/strong><br \/>(+30 for winning)\n|raw|jagingi's rating: 1370 &rarr; <strong>1346<\/strong><br \/>(-24 for losing)\n","uploadtime":1699232775,"views":12,"p1id":"skelitonlord","p2id":"jagingi","formatid":"gen9doublesou","rating":1328,"private":0,"password":""}