{"id":"gen9doublesou-1996171712","p1":"pranjal31","p2":"Unstable Pokeman","format":"[Gen 9] Doubles OU","log":"|j|\u2606pranjal31\n|j|\u2606Unstable Pokeman\n|t:|1700654682\n|gametype|doubles\n|player|p1|pranjal31|170|1342\n|player|p2|Unstable Pokeman|ballguy|1251\n|teamsize|p1|6\n|teamsize|p2|6\n|gen|9\n|tier|[Gen 9] Doubles OU\n|rated|\n|rule|Species Clause: Limit one of each Pok\u00e9mon\n|rule|OHKO Clause: OHKO moves are banned\n|rule|Evasion Moves Clause: Evasion moves are banned\n|rule|Gravity Sleep Clause: The combination of sleep-inducing moves with imperfect accuracy and Gravity or Gigantamax Orbeetle are banned\n|rule|Endless Battle Clause: Forcing endless battles is banned\n|rule|HP Percentage Mod: HP is shown in percentages\n|clearpoke\n|poke|p1|Chien-Pao|\n|poke|p1|Dragapult, F|\n|poke|p1|Heatran, F|\n|poke|p1|Landorus-Therian, M|\n|poke|p1|Regieleki|\n|poke|p1|Flutter Mane|\n|poke|p2|Arcanine, M|\n|poke|p2|Ursaluna, M|\n|poke|p2|Iron Hands|\n|poke|p2|Hydreigon, M|\n|poke|p2|Sinistcha-Masterpiece|\n|poke|p2|Maushold-Four|\n|teampreview\n|inactive|Battle timer is ON: inactive players will automatically lose when time's up. (requested by Unstable Pokeman)\n|inactive|pranjal31 also wants the timer to be on.\n|\n|t:|1700654692\n|start\n|switch|p1a: Chien-Pao|Chien-Pao|100\/100\n|switch|p1b: Dragapult|Dragapult, F|100\/100\n|switch|p2a: RK9|Arcanine, M|100\/100\n|switch|p2b: Haus Of Maus|Maushold-Four|100\/100\n|-ability|p1a: Chien-Pao|Sword of Ruin\n|turn|1\n|inactive|pranjal31 has 120 seconds left.\n|\n|t:|1700654726\n|move|p1a: Chien-Pao|Sucker Punch|p2a: RK9\n|-damage|p2a: RK9|59\/100\n|-ability|p2a: RK9|Justified|boost\n|-boost|p2a: RK9|atk|1\n|-damage|p1a: Chien-Pao|91\/100|[from] item: Life Orb\n|move|p1b: Dragapult|Dragon Dance|p1b: Dragapult\n|-boost|p1b: Dragapult|atk|1\n|-boost|p1b: Dragapult|spe|1\n|move|p2b: Haus Of Maus|Beat Up|p2a: RK9\n|-damage|p2a: RK9|55\/100\n|-ability|p2a: RK9|Justified|boost\n|-boost|p2a: RK9|atk|1\n|-crit|p2a: RK9\n|-damage|p2a: RK9|52\/100\n|-ability|p2a: RK9|Justified|boost\n|-boost|p2a: RK9|atk|1\n|-damage|p2a: RK9|48\/100\n|-ability|p2a: RK9|Justified|boost\n|-boost|p2a: RK9|atk|1\n|-crit|p2a: RK9\n|-damage|p2a: RK9|44\/100\n|-ability|p2a: RK9|Justified|boost\n|-boost|p2a: RK9|atk|1\n|-damage|p2a: RK9|42\/100\n|-ability|p2a: RK9|Justified|boost\n|-boost|p2a: RK9|atk|1\n|-damage|p2a: RK9|39\/100\n|-hitcount|p2a: RK9|6\n|move|p2a: RK9|Flame Charge|p1a: Chien-Pao\n|-supereffective|p1a: Chien-Pao\n|-damage|p1a: Chien-Pao|0 fnt\n|-boost|p2a: RK9|spe|1\n|faint|p1a: Chien-Pao\n|\n|-heal|p2a: RK9|45\/100|[from] item: Leftovers\n|upkeep\n|inactive|pranjal31 has 120 seconds left.\n|\n|t:|1700654753\n|switch|p1a: Regieleki|Regieleki|100\/100\n|turn|2\n|inactive|pranjal31 has 120 seconds left.\n|\n|t:|1700654760\n|move|p2b: Haus Of Maus|Follow Me|p2b: Haus Of Maus\n|-singleturn|p2b: Haus Of Maus|move: Follow Me\n|move|p2a: RK9|Extreme Speed|p1a: Regieleki\n|-enditem|p1a: Regieleki|Focus Sash\n|-damage|p1a: Regieleki|1\/100\n|move|p1b: Dragapult|Dragon Darts|p2b: Haus Of Maus\n|-damage|p2b: Haus Of Maus|40\/100\n|-anim|p1b: Dragapult|Dragon Darts|p2b: Haus Of Maus\n|-damage|p2b: Haus Of Maus|0 fnt\n|faint|p2b: Haus Of Maus\n|-damage|p1b: Dragapult|91\/100|[from] item: Life Orb\n|move|p1a: Regieleki|Electroweb|p2a: RK9\n|-damage|p2a: RK9|14\/100\n|-unboost|p2a: RK9|spe|1\n|\n|-heal|p2a: RK9|20\/100|[from] item: Leftovers\n|upkeep\n|\n|t:|1700654776\n|switch|p2b: Tea Time|Sinistcha-Masterpiece|100\/100\n|-heal|p2a: RK9|45\/100|[from] ability: Hospitality|[of] p2b: Tea Time\n|turn|3\n|\n|t:|1700654786\n|move|p2a: RK9|Protect|p2a: RK9\n|-singleturn|p2a: RK9|Protect\n|move|p1b: Dragapult|Dragon Darts|p2b: Tea Time\n|-damage|p2b: Tea Time|59\/100\n|-anim|p1b: Dragapult|Dragon Darts|p2b: Tea Time\n|-damage|p2b: Tea Time|17\/100\n|-damage|p1b: Dragapult|81\/100|[from] item: Life Orb\n|move|p1a: Regieleki|Electroweb|p2b: Tea Time|[spread] p2b\n|-activate|p2a: RK9|move: Protect\n|-resisted|p2b: Tea Time\n|-damage|p2b: Tea Time|7\/100\n|-unboost|p2b: Tea Time|spe|1\n|move|p2b: Tea Time|Life Dew|p2b: Tea Time|[spread] p2a,p2b\n|-heal|p2a: RK9|70\/100\n|-heal|p2b: Tea Time|32\/100\n|\n|-heal|p2a: RK9|77\/100|[from] item: Leftovers\n|upkeep\n|turn|4\n|inactive|Unstable Pokeman has 120 seconds left.\n|\n|t:|1700654820\n|move|p2a: RK9|Extreme Speed|p1a: Regieleki\n|-damage|p1a: Regieleki|0 fnt\n|faint|p1a: Regieleki\n|move|p1b: Dragapult|Dragon Darts|p2a: RK9\n|-damage|p2a: RK9|28\/100\n|-anim|p1b: Dragapult|Dragon Darts|p2b: Tea Time\n|-damage|p2b: Tea Time|0 fnt\n|faint|p2b: Tea Time\n|-damage|p1b: Dragapult|71\/100|[from] item: Life Orb\n|\n|-heal|p2a: RK9|34\/100|[from] item: Leftovers\n|upkeep\n|\n|t:|1700654835\n|switch|p1a: Landorus|Landorus-Therian, M|100\/100\n|switch|p2b: Yogi|Ursaluna, M|100\/100\n|-ability|p1a: Landorus|Intimidate|boost\n|-unboost|p2a: RK9|atk|1\n|-unboost|p2b: Yogi|atk|1\n|turn|5\n|\n|t:|1700654853\n|-terastallize|p1a: Landorus|Water\n|move|p2a: RK9|Protect|p2a: RK9\n|-singleturn|p2a: RK9|Protect\n|move|p1b: Dragapult|Dragon Darts|p2b: Yogi\n|-damage|p2b: Yogi|68\/100\n|-anim|p1b: Dragapult|Dragon Darts|p2b: Yogi\n|-damage|p2b: Yogi|32\/100\n|-damage|p1b: Dragapult|61\/100|[from] item: Life Orb\n|move|p1a: Landorus|Stomping Tantrum|p2a: RK9\n|-activate|p2a: RK9|move: Protect\n|move|p2b: Yogi|Earthquake|p1b: Dragapult|[spread] p1a,p1b\n|-activate|p2a: RK9|move: Protect\n|-damage|p1a: Landorus|76\/100\n|-damage|p1b: Dragapult|24\/100\n|\n|-heal|p2a: RK9|40\/100|[from] item: Leftovers\n|-status|p2b: Yogi|brn|[from] item: Flame Orb\n|upkeep\n|turn|6\n|\n|t:|1700654876\n|switch|p2b: Chrome Dome|Iron Hands, shiny|100\/100\n|move|p2a: RK9|Extreme Speed|p1a: Landorus\n|-damage|p1a: Landorus|1\/100\n|-enditem|p1a: Landorus|Sitrus Berry|[eat]\n|-heal|p1a: Landorus|26\/100|[from] item: Sitrus Berry\n|move|p1b: Dragapult|Phantom Force||[still]\n|-prepare|p1b: Dragapult|Phantom Force\n|move|p1a: Landorus|Stomping Tantrum|p2a: RK9\n|-supereffective|p2a: RK9\n|-damage|p2a: RK9|0 fnt\n|faint|p2a: RK9\n|\n|upkeep\n|\n|t:|1700654889\n|switch|p2a: Puppet Hands|Hydreigon, M|100\/100\n|turn|7\n|\n|t:|1700654903\n|move|p2b: Chrome Dome|Protect|p2b: Chrome Dome\n|-singleturn|p2b: Chrome Dome|Protect\n|move|p1b: Dragapult|Phantom Force|p2a: Puppet Hands|[from]lockedmove\n|-resisted|p2a: Puppet Hands\n|-damage|p2a: Puppet Hands|56\/100\n|-damage|p1b: Dragapult|15\/100|[from] item: Life Orb\n|move|p2a: Puppet Hands|Dragon Pulse|p1b: Dragapult\n|-supereffective|p1b: Dragapult\n|-damage|p1b: Dragapult|0 fnt\n|faint|p1b: Dragapult\n|-damage|p2a: Puppet Hands|46\/100|[from] item: Life Orb\n|move|p1a: Landorus|U-turn|p2a: Puppet Hands\n|-supereffective|p2a: Puppet Hands\n|-damage|p2a: Puppet Hands|0 fnt\n|faint|p2a: Puppet Hands\n|inactive|pranjal31 has 120 seconds left.\n|inactive|pranjal31 has 90 seconds left.\n|\n|t:|1700654970\n|switch|p1a: Flutter Mane|Flutter Mane|100\/100|[from] U-turn\n|-enditem|p1a: Flutter Mane|Booster Energy\n|-activate|p1a: Flutter Mane|ability: Protosynthesis|[fromitem]\n|-start|p1a: Flutter Mane|protosynthesisspe\n|\n|upkeep\n|\n|t:|1700654979\n|switch|p1b: Heatran|Heatran, F|100\/100\n|switch|p2a: Yogi|Ursaluna, M|32\/100 brn\n|turn|8\n|inactive|pranjal31 has 120 seconds left.\n|\n|t:|1700654992\n|-terastallize|p2b: Chrome Dome|Fire\n|move|p1a: Flutter Mane|Moonblast|p2b: Chrome Dome\n|-resisted|p2b: Chrome Dome\n|-damage|p2b: Chrome Dome|83\/100\n|move|p1b: Heatran|Heat Wave|p2b: Chrome Dome|[spread] p2a\n|-miss|p1b: Heatran|p2b: Chrome Dome\n|-damage|p2a: Yogi|2\/100 brn\n|move|p2b: Chrome Dome|Fire Punch|p1a: Flutter Mane\n|-damage|p1a: Flutter Mane|4\/100\n|move|p2a: Yogi|Drain Punch|p1b: Heatran\n|-supereffective|p1b: Heatran\n|-damage|p1b: Heatran|30\/100\n|-heal|p2a: Yogi|31\/100 brn|[from] drain|[of] p1b: Heatran\n|\n|-damage|p2a: Yogi|25\/100 brn|[from] brn\n|upkeep\n|turn|9\n|inactive|pranjal31 has 120 seconds left.\n|\n|t:|1700655014\n|move|p2b: Chrome Dome|Protect|p2b: Chrome Dome\n|-singleturn|p2b: Chrome Dome|Protect\n|move|p1a: Flutter Mane|Shadow Ball|p2b: Chrome Dome\n|-activate|p2b: Chrome Dome|move: Protect\n|move|p1b: Heatran|Earth Power|p2b: Chrome Dome\n|-activate|p2b: Chrome Dome|move: Protect\n|move|p2a: Yogi|Earthquake|p1a: Flutter Mane|[spread] p1a,p1b\n|-activate|p2b: Chrome Dome|move: Protect\n|-supereffective|p1b: Heatran\n|-damage|p1a: Flutter Mane|0 fnt\n|-damage|p1b: Heatran|0 fnt\n|faint|p1a: Flutter Mane\n|-end|p1a: Flutter Mane|Protosynthesis|[silent]\n|faint|p1b: Heatran\n|\n|-damage|p2a: Yogi|19\/100 brn|[from] brn\n|upkeep\n|inactive|pranjal31 has 120 seconds left.\n|\n|t:|1700655024\n|switch|p1a: Landorus|Landorus-Therian, M, tera:Water|26\/100\n|-ability|p1a: Landorus|Intimidate|boost\n|-unboost|p2a: Yogi|atk|1\n|-unboost|p2b: Chrome Dome|atk|1\n|turn|10\n|\n|t:|1700655035\n|move|p1a: Landorus|Stomping Tantrum|p2a: Yogi\n|-damage|p2a: Yogi|0 fnt\n|faint|p2a: Yogi\n|move|p2b: Chrome Dome|Thunder Punch|p1a: Landorus\n|-supereffective|p1a: Landorus\n|-damage|p1a: Landorus|0 fnt\n|faint|p1a: Landorus\n|\n|win|Unstable Pokeman\n|raw|pranjal31's rating: 1342 &rarr; <strong>1317<\/strong><br \/>(-25 for losing)\n|raw|Unstable Pokeman's rating: 1251 &rarr; <strong>1282<\/strong><br \/>(+31 for winning)\n|l|\u2606pranjal31\n","uploadtime":1700655272,"views":0,"p1id":"pranjal31","p2id":"unstablepokeman","formatid":"gen9doublesou","rating":1282,"private":0,"password":""}