{"id":"gen9doublesou-1972752279","p1":"Pizolitto","p2":"goofyahhguyyvy","format":"[Gen 9] Doubles OU","log":"|j|\u2606Pizolitto\n|j|\u2606goofyahhguyyvy\n|t:|1697889824\n|gametype|doubles\n|player|p1|Pizolitto|brycenman|1111\n|player|p2|goofyahhguyyvy|ghetsis|1000\n|teamsize|p1|6\n|teamsize|p2|3\n|gen|9\n|tier|[Gen 9] Doubles OU\n|rated|\n|rule|Species Clause: Limit one of each Pok\u00e9mon\n|rule|OHKO Clause: OHKO moves are banned\n|rule|Evasion Moves Clause: Evasion moves are banned\n|rule|Gravity Sleep Clause: The combination of sleep-inducing moves with imperfect accuracy and Gravity or Gigantamax Orbeetle are banned\n|rule|Endless Battle Clause: Forcing endless battles is banned\n|rule|HP Percentage Mod: HP is shown in percentages\n|clearpoke\n|poke|p1|Arcanine, F|\n|poke|p1|Gothitelle, M|\n|poke|p1|Chansey, F|\n|poke|p1|Glimmora, F|\n|poke|p1|Ting-Lu|\n|poke|p1|Wo-Chien|\n|poke|p2|Poliwhirl, M|\n|poke|p2|Medicham, M|\n|poke|p2|Murkrow, F|\n|teampreview\n|\n|t:|1697889848\n|start\n|switch|p1a: Glimmora|Glimmora, F|100\/100\n|switch|p1b: Arcanine|Arcanine, F|100\/100\n|switch|p2a: Murkrow|Murkrow, F|100\/100\n|switch|p2b: Poliwhirl|Poliwhirl, M|100\/100\n|-ability|p1b: Arcanine|Intimidate|boost\n|-unboost|p2a: Murkrow|atk|1\n|-unboost|p2b: Poliwhirl|atk|1\n|turn|1\n|\n|t:|1697889869\n|move|p1b: Arcanine|Protect|p1b: Arcanine\n|-singleturn|p1b: Arcanine|Protect\n|move|p1a: Glimmora|Toxic Spikes|p2b: Poliwhirl\n|-sidestart|p2: goofyahhguyyvy|move: Toxic Spikes\n|move|p2a: Murkrow|Tailwind|p2a: Murkrow\n|-sidestart|p2: goofyahhguyyvy|move: Tailwind\n|move|p2b: Poliwhirl|Earthquake|p1a: Glimmora|[spread] p1a\n|-activate|p1b: Arcanine|move: Protect\n|-immune|p2a: Murkrow\n|-supereffective|p1a: Glimmora\n|-damage|p1a: Glimmora|55\/100\n|-activate|p1a: Glimmora|ability: Toxic Debris\n|-sidestart|p2: goofyahhguyyvy|move: Toxic Spikes\n|\n|upkeep\n|turn|2\n|\n|t:|1697889887\n|switch|p2a: Medicham|Medicham, M|100\/100\n|-status|p2a: Medicham|tox\n|move|p2b: Poliwhirl|Earthquake|p1b: Arcanine|[spread] p2a,p1a,p1b\n|-supereffective|p1a: Glimmora\n|-supereffective|p1b: Arcanine\n|-damage|p2a: Medicham|82\/100 tox\n|-damage|p1a: Glimmora|13\/100\n|-damage|p1b: Arcanine|78\/100\n|move|p1a: Glimmora|Toxic Spikes||[still]\n|-fail|p1a: Glimmora\n|move|p1b: Arcanine|Will-O-Wisp||[still]\n|-fail|p1b: Arcanine\n|\n|-damage|p2a: Medicham|76\/100 tox|[from] psn\n|upkeep\n|turn|3\n|\n|t:|1697889904\n|-terastallize|p1a: Glimmora|Flying\n|move|p2b: Poliwhirl|Earthquake|p1b: Arcanine|[spread] p2a,p1b\n|-immune|p1a: Glimmora\n|-supereffective|p1b: Arcanine\n|-damage|p2a: Medicham|56\/100 tox\n|-damage|p1b: Arcanine|53\/100\n|move|p2a: Medicham|Skill Swap|p2b: Poliwhirl\n|-activate|p2a: Medicham|move: Skill Swap|||[of] p2b: Poliwhirl\n|move|p1a: Glimmora|Mortal Spin|p2b: Poliwhirl|[spread] p2a,p2b\n|-damage|p2a: Medicham|49\/100 tox\n|-damage|p2b: Poliwhirl|92\/100\n|-status|p2b: Poliwhirl|psn\n|move|p1b: Arcanine|Flamethrower|p2a: Medicham\n|-damage|p2a: Medicham|0 fnt\n|faint|p2a: Medicham\n|\n|-damage|p2b: Poliwhirl|80\/100 psn|[from] psn\n|upkeep\n|\n|t:|1697889925\n|switch|p2a: Murkrow|Murkrow, F|100\/100\n|turn|4\n|\n|t:|1697889933\n|move|p2a: Murkrow|Air Slash|p1a: Glimmora\n|-damage|p1a: Glimmora|0 fnt\n|faint|p1a: Glimmora\n|move|p2b: Poliwhirl|Earthquake|p1b: Arcanine|[spread] p1b\n|-immune|p2a: Murkrow\n|-supereffective|p1b: Arcanine\n|-damage|p1b: Arcanine|7\/100\n|-enditem|p1b: Arcanine|Sitrus Berry|[eat]\n|-heal|p1b: Arcanine|32\/100|[from] item: Sitrus Berry\n|move|p1b: Arcanine|Flamethrower|p2a: Murkrow\n|-damage|p2a: Murkrow|18\/100\n|\n|-damage|p2b: Poliwhirl|67\/100 psn|[from] psn\n|-sideend|p2: goofyahhguyyvy|move: Tailwind\n|upkeep\n|\n|t:|1697889956\n|switch|p1a: Chansey|Chansey, F|100\/100\n|turn|5\n|\n|t:|1697889964\n|move|p1b: Arcanine|Protect|p1b: Arcanine\n|-singleturn|p1b: Arcanine|Protect\n|move|p2a: Murkrow|Tailwind|p2a: Murkrow\n|-sidestart|p2: goofyahhguyyvy|move: Tailwind\n|move|p2b: Poliwhirl|Earthquake|p1a: Chansey|[spread] p1a\n|-activate|p1b: Arcanine|move: Protect\n|-immune|p2a: Murkrow\n|-damage|p1a: Chansey|86\/100\n|move|p1a: Chansey|Thunderbolt|p2a: Murkrow\n|-supereffective|p2a: Murkrow\n|-crit|p2a: Murkrow\n|-damage|p2a: Murkrow|0 fnt\n|faint|p2a: Murkrow\n|\n|-damage|p2b: Poliwhirl|55\/100 psn|[from] psn\n|upkeep\n|turn|6\n|-message|goofyahhguyyvy forfeited.\n|\n|win|Pizolitto\n|raw|Pizolitto's rating: 1111 &rarr; <strong>1128<\/strong><br \/>(+17 for winning)\n|raw|goofyahhguyyvy's rating: 1000 &rarr; <strong>1000<\/strong><br \/>(+0 for losing)\n|l|\u2606goofyahhguyyvy\n","uploadtime":1697889981,"views":21,"p1id":"pizolitto","p2id":"goofyahhguyyvy","formatid":"gen9doublesou","rating":1000,"private":0,"password":""}