{"id":"gen9doublesou-1979958065","p1":"Who is luckier","p2":"naditza","format":"[Gen 9] Doubles OU","log":"|j|\u2606Who is luckier\n|j|\u2606naditza\n|inactive|Battle timer is ON: inactive players will automatically lose when time's up.\n|t:|1698736984\n|gametype|doubles\n|player|p1|Who is luckier|266|\n|player|p2|naditza|grusha|\n|teamsize|p1|6\n|teamsize|p2|6\n|gen|9\n|tier|[Gen 9] Doubles OU\n|rated|Tournament battle\n|rule|Species Clause: Limit one of each Pok\u00e9mon\n|rule|OHKO Clause: OHKO moves are banned\n|rule|Evasion Moves Clause: Evasion moves are banned\n|rule|Gravity Sleep Clause: The combination of sleep-inducing moves with imperfect accuracy and Gravity or Gigantamax Orbeetle are banned\n|rule|Endless Battle Clause: Forcing endless battles is banned\n|rule|HP Percentage Mod: HP is shown in percentages\n|clearpoke\n|poke|p1|Landorus-Therian, M|\n|poke|p1|Cresselia, F|\n|poke|p1|Iron Hands|\n|poke|p1|Ursaluna, M|\n|poke|p1|Rillaboom, M|\n|poke|p1|Chien-Pao|\n|poke|p2|Torkoal, L99, F|\n|poke|p2|Flutter Mane|\n|poke|p2|Diancie, L99|\n|poke|p2|Ogerpon-Hearthflame, F|\n|poke|p2|Rillaboom, M|\n|poke|p2|Volcanion|\n|teampreview\n|j|*Lady Monita \u263d\n|inactive|Who is luckier also wants the timer to be on.\n|c|\u2606naditza|glhf\n|j| Heya Chu\n|\n|t:|1698737008\n|start\n|switch|p1a: Landorus|Landorus-Therian, M|100\/100\n|switch|p1b: Chien-Pao|Chien-Pao|100\/100\n|switch|p2a: Flutter Mane|Flutter Mane|100\/100\n|switch|p2b: Rillaboom|Rillaboom, M|100\/100\n|-ability|p1a: Landorus|Intimidate|boost\n|-unboost|p2a: Flutter Mane|atk|1\n|-unboost|p2b: Rillaboom|atk|1\n|-ability|p1b: Chien-Pao|Sword of Ruin\n|-fieldstart|move: Grassy Terrain|[from] ability: Grassy Surge|[of] p2b: Rillaboom\n|-enditem|p2a: Flutter Mane|Booster Energy\n|-activate|p2a: Flutter Mane|ability: Protosynthesis|[fromitem]\n|-start|p2a: Flutter Mane|protosynthesisspe\n|turn|1\n|l| Heya Chu\n|j| YaboiRowlet0001\n|\n|t:|1698737031\n|move|p1b: Chien-Pao|Protect|p1b: Chien-Pao\n|-singleturn|p1b: Chien-Pao|Protect\n|move|p2b: Rillaboom|Fake Out|p1b: Chien-Pao\n|-activate|p1b: Chien-Pao|move: Protect\n|move|p2a: Flutter Mane|Moonblast|p1b: Chien-Pao\n|-activate|p1b: Chien-Pao|move: Protect\n|move|p1a: Landorus|U-turn|p2b: Rillaboom\n|-supereffective|p2b: Rillaboom\n|-damage|p2b: Rillaboom|28\/100\n|\n|t:|1698737042\n|switch|p1a: Rillaboom|Rillaboom, M|100\/100|[from] U-turn\n|\n|-heal|p2b: Rillaboom|34\/100|[from] Grassy Terrain\n|upkeep\n|turn|2\n|\n|t:|1698737055\n|move|p2a: Flutter Mane|Protect|p2a: Flutter Mane\n|-singleturn|p2a: Flutter Mane|Protect\n|move|p1a: Rillaboom|Fake Out|p2b: Rillaboom\n|-damage|p2b: Rillaboom|15\/100\n|move|p1b: Chien-Pao|Sucker Punch||[still]\n|-fail|p1b: Chien-Pao\n|cant|p2b: Rillaboom|flinch\n|\n|-heal|p2b: Rillaboom|21\/100|[from] Grassy Terrain\n|upkeep\n|turn|3\n|\n|t:|1698737079\n|move|p1b: Chien-Pao|Sucker Punch|p2b: Rillaboom\n|-damage|p2b: Rillaboom|0 fnt\n|faint|p2b: Rillaboom\n|move|p2a: Flutter Mane|Dazzling Gleam|p1a: Rillaboom|[spread] p1a,p1b\n|-supereffective|p1b: Chien-Pao\n|-damage|p1a: Rillaboom|62\/100\n|-damage|p1b: Chien-Pao|1\/100\n|move|p1a: Rillaboom|High Horsepower|p2a: Flutter Mane\n|-damage|p2a: Flutter Mane|9\/100\n|\n|-heal|p2a: Flutter Mane|15\/100|[from] Grassy Terrain\n|-heal|p1b: Chien-Pao|7\/100|[from] Grassy Terrain\n|-heal|p1a: Rillaboom|68\/100|[from] Grassy Terrain\n|upkeep\n|\n|t:|1698737091\n|switch|p2b: Ogerpon|Ogerpon-Hearthflame, F|100\/100\n|-ability|p2b: Ogerpon|Mold Breaker\n|turn|4\n|j| Failbor21\n|\n|t:|1698737102\n|move|p2b: Ogerpon|Follow Me|p2b: Ogerpon\n|-singleturn|p2b: Ogerpon|move: Follow Me\n|move|p1a: Rillaboom|Grassy Glide|p2b: Ogerpon\n|-resisted|p2b: Ogerpon\n|-damage|p2b: Ogerpon|82\/100\n|move|p2a: Flutter Mane|Dazzling Gleam|p1b: Chien-Pao|[spread] p1a,p1b\n|-supereffective|p1b: Chien-Pao\n|-damage|p1a: Rillaboom|31\/100\n|-damage|p1b: Chien-Pao|0 fnt\n|faint|p1b: Chien-Pao\n|\n|-heal|p2a: Flutter Mane|21\/100|[from] Grassy Terrain\n|-heal|p2b: Ogerpon|88\/100|[from] Grassy Terrain\n|-heal|p1a: Rillaboom|37\/100|[from] Grassy Terrain\n|upkeep\n|\n|t:|1698737113\n|switch|p1b: Landorus|Landorus-Therian, M|100\/100\n|-ability|p1b: Landorus|Intimidate|boost\n|-unboost|p2a: Flutter Mane|atk|1\n|-unboost|p2b: Ogerpon|atk|1\n|turn|5\n|\n|t:|1698737123\n|move|p2b: Ogerpon|Spiky Shield|p2b: Ogerpon\n|-singleturn|p2b: Ogerpon|move: Protect\n|move|p2a: Flutter Mane|Dazzling Gleam|p1a: Rillaboom|[spread] p1a,p1b\n|-damage|p1a: Rillaboom|1\/100\n|-damage|p1b: Landorus|57\/100\n|move|p1b: Landorus|Rock Slide|p2b: Ogerpon|[spread] p2a\n|-activate|p2b: Ogerpon|move: Protect\n|-damage|p2a: Flutter Mane|0 fnt\n|faint|p2a: Flutter Mane\n|-end|p2a: Flutter Mane|Protosynthesis|[silent]\n|move|p1a: Rillaboom|High Horsepower|p2b: Ogerpon\n|-activate|p2b: Ogerpon|move: Protect\n|-damage|p1a: Rillaboom|0 fnt|[from] Spiky Shield|[of] p2b: Ogerpon\n|faint|p1a: Rillaboom\n|\n|-heal|p2b: Ogerpon|94\/100|[from] Grassy Terrain\n|-fieldend|move: Grassy Terrain\n|upkeep\n|\n|t:|1698737139\n|switch|p2a: Diancie|Diancie, L99|100\/100\n|switch|p1a: Cresselia|Cresselia, F|100\/100\n|turn|6\n|\n|t:|1698737155\n|switch|p1b: Ursaluna|Ursaluna, M|100\/100\n|move|p2b: Ogerpon|Wood Hammer|p1b: Ursaluna\n|-supereffective|p1b: Ursaluna\n|-damage|p1b: Ursaluna|33\/100\n|-damage|p2b: Ogerpon|62\/100|[from] Recoil\n|move|p1a: Cresselia|Thunder Wave|p2b: Ogerpon\n|-status|p2b: Ogerpon|par\n|move|p2a: Diancie|Diamond Storm|p1b: Ursaluna|[spread] p1a,p1b\n|-resisted|p1b: Ursaluna\n|-damage|p1a: Cresselia|77\/100\n|-damage|p1b: Ursaluna|20\/100\n|-boost|p2a: Diancie|def|2\n|\n|-heal|p1a: Cresselia|83\/100|[from] item: Leftovers\n|-status|p1b: Ursaluna|brn|[from] item: Flame Orb\n|upkeep\n|turn|7\n|\n|t:|1698737172\n|move|p1b: Ursaluna|Protect|p1b: Ursaluna\n|-singleturn|p1b: Ursaluna|Protect\n|move|p1a: Cresselia|Icy Wind|p2b: Ogerpon|[spread] p2a,p2b\n|-damage|p2a: Diancie|95\/100\n|-damage|p2b: Ogerpon|53\/100 par\n|-unboost|p2b: Ogerpon|spe|1\n|cant|p2b: Ogerpon|par\n|move|p2a: Diancie|Body Press|p1b: Ursaluna\n|-activate|p1b: Ursaluna|move: Protect\n|\n|-heal|p1a: Cresselia|89\/100|[from] item: Leftovers\n|-damage|p1b: Ursaluna|14\/100 brn|[from] brn\n|upkeep\n|turn|8\n|\n|t:|1698737191\n|switch|p1b: Iron Hands|Iron Hands|100\/100\n|cant|p2b: Ogerpon|par\n|move|p1a: Cresselia|Thunder Wave|p2a: Diancie\n|-status|p2a: Diancie|par\n|cant|p2a: Diancie|par\n|\n|-heal|p1a: Cresselia|95\/100|[from] item: Leftovers\n|upkeep\n|turn|9\n|\n|t:|1698737220\n|move|p1b: Iron Hands|Protect|p1b: Iron Hands\n|-singleturn|p1b: Iron Hands|Protect\n|move|p2b: Ogerpon|Spiky Shield|p2b: Ogerpon\n|-singleturn|p2b: Ogerpon|move: Protect\n|move|p2a: Diancie|Protect|p2a: Diancie\n|-singleturn|p2a: Diancie|Protect\n|move|p1a: Cresselia|Icy Wind|p2a: Diancie|[spread] \n|-activate|p2a: Diancie|move: Protect\n|-activate|p2b: Ogerpon|move: Protect\n|\n|-heal|p1a: Cresselia|100\/100|[from] item: Leftovers\n|upkeep\n|turn|10\n|\n|t:|1698737235\n|-end|p1b: Iron Hands|Quark Drive|[silent]\n|switch|p1b: Ursaluna|Ursaluna, M|14\/100 brn\n|cant|p2b: Ogerpon|par\n|move|p1a: Cresselia|Icy Wind|p2a: Diancie|[spread] p2a,p2b\n|-damage|p2a: Diancie|89\/100 par\n|-damage|p2b: Ogerpon|45\/100 par\n|-unboost|p2b: Ogerpon|spe|1\n|cant|p2a: Diancie|par\n|\n|-damage|p1b: Ursaluna|7\/100 brn|[from] brn\n|upkeep\n|turn|11\n|j| Heya Chu\n|\n|t:|1698737264\n|move|p1a: Cresselia|Icy Wind|p2a: Diancie|[spread] p2a,p2b\n|-damage|p2a: Diancie|83\/100 par\n|-damage|p2b: Ogerpon|37\/100 par\n|-unboost|p2b: Ogerpon|spe|1\n|move|p1b: Ursaluna|Facade|p2b: Ogerpon\n|-damage|p2b: Ogerpon|0 fnt\n|faint|p2b: Ogerpon\n|move|p2a: Diancie|Diamond Storm|p1b: Ursaluna|[spread] p1a\n|-miss|p2a: Diancie|p1b: Ursaluna\n|-damage|p1a: Cresselia|79\/100\n|-boost|p2a: Diancie|def|2\n|\n|-heal|p1a: Cresselia|85\/100|[from] item: Leftovers\n|-damage|p1b: Ursaluna|1\/100 brn|[from] brn\n|upkeep\n|inactive|naditza has 120 seconds left.\n|\n|t:|1698737286\n|switch|p2b: Torkoal|Torkoal, L99, F|100\/100\n|-weather|SunnyDay|[from] ability: Drought|[of] p2b: Torkoal\n|turn|12\n|\n|t:|1698737294\n|move|p1a: Cresselia|Thunder Wave|p2b: Torkoal\n|-status|p2b: Torkoal|par\n|move|p1b: Ursaluna|Headlong Rush|p2b: Torkoal\n|-supereffective|p2b: Torkoal\n|-damage|p2b: Torkoal|0 fnt\n|-unboost|p1b: Ursaluna|def|1\n|-unboost|p1b: Ursaluna|spd|1\n|faint|p2b: Torkoal\n|move|p2a: Diancie|Trick Room|p2a: Diancie\n|-fieldstart|move: Trick Room|[of] p2a: Diancie\n|\n|-weather|SunnyDay|[upkeep]\n|-heal|p1a: Cresselia|91\/100|[from] item: Leftovers\n|-damage|p1b: Ursaluna|0 fnt|[from] brn\n|faint|p1b: Ursaluna\n|upkeep\n|\n|t:|1698737306\n|switch|p2b: Volcanion|Volcanion|100\/100\n|switch|p1b: Iron Hands|Iron Hands|100\/100\n|turn|13\n|\n|t:|1698737318\n|-terastallize|p2b: Volcanion|Grass\n|move|p2a: Diancie|Protect|p2a: Diancie\n|-singleturn|p2a: Diancie|Protect\n|move|p1b: Iron Hands|Protect|p1b: Iron Hands\n|-singleturn|p1b: Iron Hands|Protect\n|move|p2b: Volcanion|Protect|p2b: Volcanion\n|-singleturn|p2b: Volcanion|Protect\n|move|p1a: Cresselia|Trick Room|p1a: Cresselia\n|-fieldend|move: Trick Room\n|\n|-weather|SunnyDay|[upkeep]\n|-heal|p1a: Cresselia|97\/100|[from] item: Leftovers\n|upkeep\n|turn|14\n|\n|t:|1698737340\n|move|p1a: Cresselia|Icy Wind|p2b: Volcanion|[spread] p2a,p2b\n|-supereffective|p2b: Volcanion\n|-damage|p2a: Diancie|77\/100 par\n|-damage|p2b: Volcanion|85\/100\n|-unboost|p2b: Volcanion|spe|1\n|move|p1b: Iron Hands|Swords Dance|p1b: Iron Hands\n|-boost|p1b: Iron Hands|atk|2\n|move|p2b: Volcanion|Heat Wave|p1b: Iron Hands|[spread] p1a,p1b\n|-damage|p1a: Cresselia|64\/100\n|-damage|p1b: Iron Hands|38\/100\n|move|p2a: Diancie|Body Press|p1b: Iron Hands\n|-damage|p1b: Iron Hands|0 fnt\n|faint|p1b: Iron Hands\n|-end|p1b: Iron Hands|Quark Drive|[silent]\n|\n|-weather|SunnyDay|[upkeep]\n|-heal|p1a: Cresselia|70\/100|[from] item: Leftovers\n|-heal|p2b: Volcanion|91\/100|[from] item: Leftovers\n|upkeep\n|\n|t:|1698737345\n|switch|p1b: Landorus|Landorus-Therian, M|57\/100\n|-ability|p1b: Landorus|Intimidate|boost\n|-fail|p2a: Diancie|unboost|[from] ability: Clear Body|[of] p2a: Diancie\n|-unboost|p2b: Volcanion|atk|1\n|turn|15\n|\n|t:|1698737364\n|-terastallize|p1b: Landorus|Flying\n|move|p1b: Landorus|Tera Blast|p2b: Volcanion|[anim] Tera Blast Flying\n|-supereffective|p2b: Volcanion\n|-damage|p2b: Volcanion|0 fnt\n|faint|p2b: Volcanion\n|move|p1a: Cresselia|Icy Wind|p2a: Diancie\n|-damage|p2a: Diancie|69\/100 par\n|move|p2a: Diancie|Diamond Storm|p1a: Cresselia|[spread] p1a,p1b\n|-supereffective|p1b: Landorus\n|-damage|p1a: Cresselia|47\/100\n|-damage|p1b: Landorus|0 fnt\n|-boost|p2a: Diancie|def|2\n|faint|p1b: Landorus\n|\n|-weather|SunnyDay|[upkeep]\n|-heal|p1a: Cresselia|53\/100|[from] item: Leftovers\n|upkeep\n|turn|16\n|\n|t:|1698737382\n|move|p1a: Cresselia|Lunar Blessing|p1a: Cresselia\n|-heal|p1a: Cresselia|78\/100\n|move|p2a: Diancie|Body Press|p1a: Cresselia\n|-resisted|p1a: Cresselia\n|-damage|p1a: Cresselia|45\/100\n|\n|-weather|none\n|-heal|p1a: Cresselia|51\/100|[from] item: Leftovers\n|upkeep\n|turn|17\n|\n|t:|1698737392\n|move|p1a: Cresselia|Lunar Blessing|p1a: Cresselia\n|-heal|p1a: Cresselia|76\/100\n|move|p2a: Diancie|Body Press|p1a: Cresselia\n|-resisted|p1a: Cresselia\n|-damage|p1a: Cresselia|42\/100\n|\n|-heal|p1a: Cresselia|48\/100|[from] item: Leftovers\n|upkeep\n|turn|18\n|\n|t:|1698737400\n|move|p1a: Cresselia|Lunar Blessing|p1a: Cresselia\n|-heal|p1a: Cresselia|73\/100\n|cant|p2a: Diancie|par\n|\n|-heal|p1a: Cresselia|79\/100|[from] item: Leftovers\n|upkeep\n|turn|19\n|\n|t:|1698737408\n|move|p1a: Cresselia|Icy Wind|p2a: Diancie\n|-damage|p2a: Diancie|62\/100 par\n|move|p2a: Diancie|Body Press|p1a: Cresselia\n|-resisted|p1a: Cresselia\n|-damage|p1a: Cresselia|48\/100\n|\n|-heal|p1a: Cresselia|55\/100|[from] item: Leftovers\n|upkeep\n|turn|20\n|j| Goomy Guy12345\n|\n|t:|1698737419\n|move|p1a: Cresselia|Icy Wind|p2a: Diancie\n|-damage|p2a: Diancie|53\/100 par\n|move|p2a: Diancie|Body Press|p1a: Cresselia\n|-resisted|p1a: Cresselia\n|-damage|p1a: Cresselia|20\/100\n|\n|-heal|p1a: Cresselia|26\/100|[from] item: Leftovers\n|upkeep\n|turn|21\n|\n|t:|1698737427\n|move|p1a: Cresselia|Lunar Blessing|p1a: Cresselia\n|-heal|p1a: Cresselia|51\/100\n|cant|p2a: Diancie|par\n|\n|-heal|p1a: Cresselia|57\/100|[from] item: Leftovers\n|upkeep\n|turn|22\n|\n|t:|1698737437\n|move|p1a: Cresselia|Icy Wind|p2a: Diancie\n|-damage|p2a: Diancie|45\/100 par\n|move|p2a: Diancie|Trick Room|p2a: Diancie\n|-fieldstart|move: Trick Room|[of] p2a: Diancie\n|\n|-heal|p1a: Cresselia|64\/100|[from] item: Leftovers\n|upkeep\n|turn|23\n|\n|t:|1698737445\n|move|p2a: Diancie|Diamond Storm|p1a: Cresselia\n|-damage|p1a: Cresselia|36\/100\n|move|p1a: Cresselia|Icy Wind|p2a: Diancie\n|-damage|p2a: Diancie|37\/100 par\n|\n|-heal|p1a: Cresselia|42\/100|[from] item: Leftovers\n|upkeep\n|turn|24\n|\n|t:|1698737453\n|move|p2a: Diancie|Body Press|p1a: Cresselia\n|-resisted|p1a: Cresselia\n|-damage|p1a: Cresselia|12\/100\n|move|p1a: Cresselia|Trick Room|p1a: Cresselia\n|-fieldend|move: Trick Room\n|\n|-heal|p1a: Cresselia|18\/100|[from] item: Leftovers\n|upkeep\n|turn|25\n|\n|t:|1698737460\n|move|p1a: Cresselia|Lunar Blessing|p1a: Cresselia\n|-heal|p1a: Cresselia|43\/100\n|cant|p2a: Diancie|par\n|\n|-heal|p1a: Cresselia|49\/100|[from] item: Leftovers\n|upkeep\n|turn|26\n|\n|t:|1698737470\n|move|p1a: Cresselia|Icy Wind|p2a: Diancie\n|-damage|p2a: Diancie|29\/100 par\n|move|p2a: Diancie|Diamond Storm|p1a: Cresselia\n|-damage|p1a: Cresselia|19\/100\n|\n|-heal|p1a: Cresselia|25\/100|[from] item: Leftovers\n|upkeep\n|turn|27\n|\n|t:|1698737477\n|move|p1a: Cresselia|Lunar Blessing|p1a: Cresselia\n|-heal|p1a: Cresselia|50\/100\n|move|p2a: Diancie|Diamond Storm|p1a: Cresselia\n|-damage|p1a: Cresselia|20\/100\n|\n|-heal|p1a: Cresselia|26\/100|[from] item: Leftovers\n|upkeep\n|turn|28\n|\n|t:|1698737486\n|move|p1a: Cresselia|Lunar Blessing|p1a: Cresselia\n|-heal|p1a: Cresselia|51\/100\n|move|p2a: Diancie|Diamond Storm|p1a: Cresselia\n|-damage|p1a: Cresselia|23\/100\n|\n|-heal|p1a: Cresselia|29\/100|[from] item: Leftovers\n|upkeep\n|turn|29\n|\n|t:|1698737494\n|move|p1a: Cresselia|Lunar Blessing|p1a: Cresselia\n|-heal|p1a: Cresselia|54\/100\n|move|p2a: Diancie|Diamond Storm|p1a: Cresselia\n|-damage|p1a: Cresselia|22\/100\n|\n|-heal|p1a: Cresselia|28\/100|[from] item: Leftovers\n|upkeep\n|turn|30\n|\n|t:|1698737505\n|move|p1a: Cresselia|Icy Wind|p2a: Diancie\n|-damage|p2a: Diancie|21\/100 par\n|move|p2a: Diancie|Body Press|p1a: Cresselia\n|-resisted|p1a: Cresselia\n|-damage|p1a: Cresselia|0 fnt\n|faint|p1a: Cresselia\n|\n|win|naditza\n|n|\u2606Who is luckier|whoisluckier\n|n|\u2606naditza|naditza\n|n|*Lady Monita \u263d|ladymonita\n|n| YaboiRowlet0001|yaboirowlet0001\n|n| Failbor21|failbor21\n|n| Heya Chu|heyachu\n|n| Goomy Guy12345|goomyguy12345\n|l|*Lady Monita \u263d\n|c|\u2606naditza|gg\n|c|\u2606Who is luckier|gg\n|l|\u2606naditza\n","uploadtime":1698737519,"views":29,"p1id":"whoisluckier","p2id":"naditza","formatid":"gen9doublesou","rating":0,"private":0,"password":""}