{"id":"gen9doublesou-1978420940","p1":"a130681","p2":"SXD2002","format":"[Gen 9] Doubles OU","log":"|j|\u2606a130681\n|j|\u2606SXD2002\n|t:|1698536737\n|gametype|doubles\n|player|p1|a130681|169|1069\n|player|p2|SXD2002|silver-masters|1047\n|teamsize|p1|6\n|teamsize|p2|6\n|gen|9\n|tier|[Gen 9] Doubles OU\n|rated|\n|rule|Species Clause: Limit one of each Pok\u00e9mon\n|rule|OHKO Clause: OHKO moves are banned\n|rule|Evasion Moves Clause: Evasion moves are banned\n|rule|Gravity Sleep Clause: The combination of sleep-inducing moves with imperfect accuracy and Gravity or Gigantamax Orbeetle are banned\n|rule|Endless Battle Clause: Forcing endless battles is banned\n|rule|HP Percentage Mod: HP is shown in percentages\n|clearpoke\n|poke|p1|Indeedee-F, F|\n|poke|p1|Ursaluna, M|\n|poke|p1|Amoonguss, F|\n|poke|p1|Mimikyu, M|\n|poke|p1|Kingambit, M|\n|poke|p1|Avalugg-Hisui, F|\n|poke|p2|Lurantis, M|\n|poke|p2|Murkrow, F|\n|poke|p2|Grimmsnarl, M|\n|poke|p2|Clefairy, F|\n|poke|p2|Talonflame, M|\n|poke|p2|Espeon, F|\n|teampreview\n|inactive|Battle timer is ON: inactive players will automatically lose when time's up. (requested by SXD2002)\n|\n|t:|1698536755\n|start\n|switch|p1a: Indeedee|Indeedee-F, F|100\/100\n|switch|p1b: Avalugg|Avalugg-Hisui, F|100\/100\n|switch|p2a: Murkrow|Murkrow, F|100\/100\n|switch|p2b: Lurantis|Lurantis, M|100\/100\n|-fieldstart|move: Psychic Terrain|[from] ability: Psychic Surge|[of] p1a: Indeedee\n|turn|1\n|\n|t:|1698536781\n|move|p2b: Lurantis|Protect|p2b: Lurantis\n|-singleturn|p2b: Lurantis|Protect\n|move|p2a: Murkrow|Thunder Wave|p1a: Indeedee\n|-activate|p1a: Indeedee|move: Psychic Terrain\n|move|p1b: Avalugg|Mountain Gale|p2b: Lurantis\n|-activate|p2b: Lurantis|move: Protect\n|move|p1a: Indeedee|Trick Room|p1a: Indeedee\n|-fieldstart|move: Trick Room|[of] p1a: Indeedee\n|\n|upkeep\n|turn|2\n|inactive|SXD2002 has 120 seconds left.\n|\n|t:|1698536812\n|-terastallize|p2b: Lurantis|Steel\n|move|p1a: Indeedee|Follow Me|p1a: Indeedee\n|-singleturn|p1a: Indeedee|move: Follow Me\n|move|p2a: Murkrow|Screech|p1a: Indeedee\n|-activate|p1a: Indeedee|move: Psychic Terrain\n|move|p1b: Avalugg|Mountain Gale|p2b: Lurantis|[miss]\n|-miss|p1b: Avalugg|p2b: Lurantis\n|move|p2b: Lurantis|Superpower|p1a: Indeedee\n|-damage|p1a: Indeedee|73\/100\n|-boost|p2b: Lurantis|atk|1\n|-boost|p2b: Lurantis|def|1\n|\n|upkeep\n|turn|3\n|\n|t:|1698536832\n|move|p1a: Indeedee|Follow Me|p1a: Indeedee\n|-singleturn|p1a: Indeedee|move: Follow Me\n|move|p1b: Avalugg|Body Press|p2b: Lurantis\n|-supereffective|p2b: Lurantis\n|-damage|p2b: Lurantis|52\/100\n|move|p2b: Lurantis|Superpower|p1a: Indeedee\n|-damage|p1a: Indeedee|30\/100\n|-boost|p2b: Lurantis|atk|1\n|-boost|p2b: Lurantis|def|1\n|move|p2a: Murkrow|Snarl|p1b: Avalugg|[spread] p1a,p1b\n|-supereffective|p1a: Indeedee\n|-damage|p1a: Indeedee|7\/100\n|-damage|p1b: Avalugg|79\/100\n|-unboost|p1a: Indeedee|spa|1\n|-unboost|p1b: Avalugg|spa|1\n|\n|-heal|p2b: Lurantis|58\/100|[from] item: Leftovers\n|upkeep\n|turn|4\n|inactive|a130681 has 120 seconds left.\n|\n|t:|1698536863\n|switch|p1a: Mimikyu|Mimikyu, M|100\/100\n|move|p2b: Lurantis|Protect|p2b: Lurantis\n|-singleturn|p2b: Lurantis|Protect\n|move|p1b: Avalugg|Body Press|p2b: Lurantis\n|-activate|p2b: Lurantis|move: Protect\n|move|p2a: Murkrow|Snarl|p1b: Avalugg|[spread] p1a\n|-miss|p2a: Murkrow|p1b: Avalugg\n|-activate|p1a: Mimikyu|ability: Disguise\n|-damage|p1a: Mimikyu|100\/100\n|-unboost|p1a: Mimikyu|spa|1\n|detailschange|p1a: Mimikyu|Mimikyu-Busted, M\n|-damage|p1a: Mimikyu|88\/100|[from] pokemon: Mimikyu-Busted\n|\n|-heal|p2b: Lurantis|64\/100|[from] item: Leftovers\n|-status|p1a: Mimikyu|brn|[from] item: Flame Orb\n|upkeep\n|turn|5\n|inactive|a130681 has 120 seconds left.\n|inactive|SXD2002 has 120 seconds left.\n|\n|t:|1698536900\n|move|p2a: Murkrow|Screech|p2b: Lurantis|[miss]\n|-miss|p2a: Murkrow|p2b: Lurantis\n|move|p1b: Avalugg|Rock Slide|p2b: Lurantis|[spread] p2a,p2b\n|-supereffective|p2a: Murkrow\n|-resisted|p2b: Lurantis\n|-damage|p2a: Murkrow|9\/100\n|-damage|p2b: Lurantis|56\/100\n|move|p2b: Lurantis|Leaf Storm|p1b: Avalugg\n|-supereffective|p1b: Avalugg\n|-damage|p1b: Avalugg|0 fnt\n|-boost|p2b: Lurantis|spa|2\n|faint|p1b: Avalugg\n|move|p1a: Mimikyu|Trick|p2b: Lurantis\n|-activate|p1a: Mimikyu|move: Trick|[of] p2b: Lurantis\n|-item|p2b: Lurantis|Flame Orb|[from] move: Trick\n|-item|p1a: Mimikyu|Leftovers|[from] move: Trick\n|\n|-heal|p1a: Mimikyu|94\/100 brn|[from] item: Leftovers\n|-damage|p1a: Mimikyu|88\/100 brn|[from] brn\n|-fieldend|move: Trick Room\n|-fieldend|move: Psychic Terrain\n|-status|p2b: Lurantis|brn|[from] item: Flame Orb\n|upkeep\n|inactive|a130681 has 120 seconds left.\n|\n|t:|1698536931\n|switch|p1b: Ursaluna|Ursaluna, M, shiny|100\/100\n|turn|6\n|\n|t:|1698536946\n|move|p1b: Ursaluna|Protect|p1b: Ursaluna\n|-singleturn|p1b: Ursaluna|Protect\n|move|p2a: Murkrow|Feather Dance|p1b: Ursaluna\n|-activate|p1b: Ursaluna|move: Protect\n|move|p1a: Mimikyu|Play Rough|p2a: Murkrow\n|-supereffective|p2a: Murkrow\n|-damage|p2a: Murkrow|0 fnt\n|faint|p2a: Murkrow\n|move|p2b: Lurantis|Leaf Storm|p1b: Ursaluna\n|-activate|p1b: Ursaluna|move: Protect\n|\n|-heal|p1a: Mimikyu|94\/100 brn|[from] item: Leftovers\n|-damage|p1a: Mimikyu|88\/100 brn|[from] brn\n|-damage|p2b: Lurantis|50\/100 brn|[from] brn\n|-status|p1b: Ursaluna|brn|[from] item: Flame Orb\n|upkeep\n|\n|t:|1698536955\n|switch|p2a: Talonflame|Talonflame, M|100\/100\n|turn|7\n|\n|t:|1698536970\n|switch|p1b: Indeedee|Indeedee-F, F|7\/100\n|-fieldstart|move: Psychic Terrain|[from] ability: Psychic Surge|[of] p1b: Indeedee\n|move|p2a: Talonflame|Defog|p2b: Lurantis\n|-boost|p2b: Lurantis|evasion|1\n|-fieldend|move: Psychic Terrain\n|move|p2b: Lurantis|Leaf Storm|p1b: Indeedee\n|-damage|p1b: Indeedee|0 fnt\n|-boost|p2b: Lurantis|spa|2\n|faint|p1b: Indeedee\n|move|p1a: Mimikyu|Trick Room|p1a: Mimikyu\n|-fieldstart|move: Trick Room|[of] p1a: Mimikyu\n|\n|-heal|p1a: Mimikyu|94\/100 brn|[from] item: Leftovers\n|-damage|p2b: Lurantis|44\/100 brn|[from] brn\n|-damage|p1a: Mimikyu|88\/100 brn|[from] brn\n|upkeep\n|inactive|a130681 has 120 seconds left.\n|\n|t:|1698536990\n|switch|p1b: Ursaluna|Ursaluna, M, shiny|100\/100 brn\n|turn|8\n|\n|t:|1698536999\n|switch|p1a: Amoonguss|Amoonguss, F, shiny|100\/100\n|move|p2a: Talonflame|Defog|p2b: Lurantis\n|-boost|p2b: Lurantis|evasion|1\n|move|p2b: Lurantis|Leaf Storm|p1a: Amoonguss|[miss]\n|-miss|p2b: Lurantis|p1a: Amoonguss\n|move|p1b: Ursaluna|Hammer Arm|p2b: Lurantis|[miss]\n|-miss|p1b: Ursaluna|p2b: Lurantis\n|\n|-damage|p2b: Lurantis|38\/100 brn|[from] brn\n|-damage|p1b: Ursaluna|94\/100 brn|[from] brn\n|upkeep\n|turn|9\n|-message|a130681 forfeited.\n|\n|win|SXD2002\n|raw|a130681's rating: 1069 &rarr; <strong>1047<\/strong><br \/>(-22 for losing)\n|raw|SXD2002's rating: 1047 &rarr; <strong>1082<\/strong><br \/>(+35 for winning)\n|l|\u2606a130681\n","uploadtime":1698537016,"views":15,"p1id":"a130681","p2id":"sxd2002","formatid":"gen9doublesou","rating":1047,"private":0,"password":""}