{"id":"gen9doublesou-1993827606","p1":"Kiky14","p2":"EVE09","format":"[Gen 9] Doubles OU","log":"|j|\u2606Kiky14\n|j|\u2606EVE09\n|t:|1700362225\n|gametype|doubles\n|player|p1|Kiky14|hilda-wonderlauncher|1481\n|player|p2|EVE09|101|1482\n|teamsize|p1|6\n|teamsize|p2|6\n|gen|9\n|tier|[Gen 9] Doubles OU\n|rated|\n|rule|Species Clause: Limit one of each Pok\u00e9mon\n|rule|OHKO Clause: OHKO moves are banned\n|rule|Evasion Moves Clause: Evasion moves are banned\n|rule|Gravity Sleep Clause: The combination of sleep-inducing moves with imperfect accuracy and Gravity or Gigantamax Orbeetle are banned\n|rule|Endless Battle Clause: Forcing endless battles is banned\n|rule|HP Percentage Mod: HP is shown in percentages\n|clearpoke\n|poke|p1|Sinistcha|\n|poke|p1|Moltres-Galar|\n|poke|p1|Arcanine-Hisui, M|\n|poke|p1|Ogerpon-Wellspring, F|\n|poke|p1|Klefki, F|\n|poke|p1|Okidogi, M|\n|poke|p2|Flutter Mane|\n|poke|p2|Iron Hands|\n|poke|p2|Landorus-Therian, M|\n|poke|p2|Rillaboom, M|\n|poke|p2|Roaring Moon|\n|poke|p2|Ogerpon-Wellspring, F|\n|teampreview\n|inactive|Battle timer is ON: inactive players will automatically lose when time's up. (requested by EVE09)\n|l|\u2606Kiky14\n|inactive|Kiky14 disconnected and has a minute to reconnect!\n|player|p1|\n|j|\u2606Kiky14\n|inactive|Kiky14 reconnected and has 130 seconds left.\n|player|p1|Kiky14|hilda-wonderlauncher\n|inactive|Kiky14 has 120 seconds left.\n|\n|t:|1700362270\n|start\n|switch|p1a: Klefki|Klefki, F|100\/100\n|switch|p1b: Okidogi|Okidogi, M|100\/100\n|switch|p2a: Roaring Moon|Roaring Moon|100\/100\n|switch|p2b: Landorus|Landorus-Therian, M|100\/100\n|-ability|p2b: Landorus|Intimidate|boost\n|-unboost|p1a: Klefki|atk|1\n|-ability|p1b: Okidogi|Guard Dog|boost\n|-boost|p1b: Okidogi|atk|1\n|turn|1\n|\n|t:|1700362290\n|-terastallize|p2b: Landorus|Flying\n|move|p1b: Okidogi|Protect|p1b: Okidogi\n|-singleturn|p1b: Okidogi|Protect\n|move|p1a: Klefki|Reflect|p1a: Klefki\n|-sidestart|p1: Kiky14|Reflect\n|move|p2b: Landorus|Tera Blast|p1b: Okidogi|[anim] Tera Blast Flying\n|-activate|p1b: Okidogi|move: Protect\n|move|p2a: Roaring Moon|Knock Off|p1a: Klefki\n|-resisted|p1a: Klefki\n|-damage|p1a: Klefki|87\/100\n|-enditem|p1a: Klefki|Light Clay|[from] move: Knock Off|[of] p2a: Roaring Moon\n|\n|upkeep\n|turn|2\n|\n|t:|1700362311\n|switch|p2b: Iron Hands|Iron Hands|100\/100\n|move|p1a: Klefki|Thunder Wave|p2b: Iron Hands\n|-immune|p2b: Iron Hands\n|move|p2a: Roaring Moon|Breaking Swipe|p1b: Okidogi|[spread] p1b\n|-immune|p1a: Klefki\n|-damage|p1b: Okidogi|90\/100\n|-unboost|p1b: Okidogi|atk|1\n|move|p1b: Okidogi|Drain Punch|p2a: Roaring Moon\n|-supereffective|p2a: Roaring Moon\n|-damage|p2a: Roaring Moon|0 fnt\n|-heal|p1b: Okidogi|100\/100|[from] drain|[of] p2a: Roaring Moon\n|faint|p2a: Roaring Moon\n|-end|p2a: Roaring Moon|Protosynthesis|[silent]\n|-damage|p1b: Okidogi|90\/100|[from] item: Life Orb\n|\n|upkeep\n|inactive|EVE09 has 120 seconds left.\n|\n|t:|1700362337\n|switch|p2a: Rillaboom|Rillaboom, M|100\/100\n|-fieldstart|move: Grassy Terrain|[from] ability: Grassy Surge|[of] p2a: Rillaboom\n|turn|3\n|\n|t:|1700362352\n|switch|p1a: Sinistcha|Sinistcha|100\/100\n|-heal|p1b: Okidogi|100\/100|[from] ability: Hospitality|[of] p1a: Sinistcha\n|-end|p2b: Iron Hands|Quark Drive|[silent]\n|switch|p2b: Landorus|Landorus-Therian, M, tera:Flying|100\/100\n|-ability|p2b: Landorus|Intimidate|boost\n|-unboost|p1a: Sinistcha|atk|1\n|-ability|p1b: Okidogi|Guard Dog|boost\n|-boost|p1b: Okidogi|atk|1\n|move|p1b: Okidogi|Protect|p1b: Okidogi\n|-singleturn|p1b: Okidogi|Protect\n|move|p2a: Rillaboom|High Horsepower|p1a: Sinistcha\n|-resisted|p1a: Sinistcha\n|-damage|p1a: Sinistcha|91\/100\n|\n|-heal|p1a: Sinistcha|97\/100|[from] Grassy Terrain\n|-heal|p1a: Sinistcha|100\/100|[from] item: Leftovers\n|upkeep\n|turn|4\n|\n|t:|1700362378\n|move|p2b: Landorus|Tera Blast|p1b: Okidogi|[anim] Tera Blast Flying\n|-supereffective|p1b: Okidogi\n|-damage|p1b: Okidogi|37\/100\n|move|p2a: Rillaboom|High Horsepower|p1b: Okidogi\n|-supereffective|p1b: Okidogi\n|-crit|p1b: Okidogi\n|-damage|p1b: Okidogi|0 fnt\n|faint|p1b: Okidogi\n|move|p1a: Sinistcha|Strength Sap|p2b: Landorus\n|-unboost|p2b: Landorus|atk|1\n|\n|upkeep\n|\n|t:|1700362387\n|switch|p1b: Arcanine|Arcanine-Hisui, M|100\/100\n|-ability|p1b: Arcanine|Intimidate|boost\n|-unboost|p2a: Rillaboom|atk|1\n|-unboost|p2b: Landorus|atk|1\n|turn|5\n|inactive|EVE09 has 120 seconds left.\n|\n|t:|1700362417\n|switch|p2b: Iron Hands|Iron Hands|100\/100\n|switch|p2a: Ogerpon|Ogerpon-Wellspring, F|100\/100\n|move|p1b: Arcanine|Rock Slide|p2a: Ogerpon|[spread] p2a,p2b\n|-resisted|p2b: Iron Hands\n|-damage|p2a: Ogerpon|70\/100\n|-damage|p2b: Iron Hands|93\/100\n|move|p1a: Sinistcha|Matcha Gotcha|p2a: Ogerpon|[spread] p2a,p2b\n|-damage|p2a: Ogerpon|38\/100\n|-damage|p2b: Iron Hands|78\/100\n|-status|p2a: Ogerpon|brn\n|\n|-heal|p2a: Ogerpon|44\/100 brn|[from] Grassy Terrain\n|-heal|p2b: Iron Hands|84\/100|[from] Grassy Terrain\n|-damage|p2a: Ogerpon|38\/100 brn|[from] brn\n|upkeep\n|turn|6\n|inactive|EVE09 has 120 seconds left.\n|inactive|Kiky14 has 120 seconds left.\n|\n|t:|1700362451\n|switch|p2a: Flutter Mane|Flutter Mane|100\/100\n|switch|p1b: Ogerpon|Ogerpon-Wellspring, F|100\/100\n|move|p2b: Iron Hands|Fake Out|p1b: Ogerpon\n|-damage|p1b: Ogerpon|90\/100\n|move|p1a: Sinistcha|Strength Sap|p2b: Iron Hands\n|-unboost|p2b: Iron Hands|atk|1\n|\n|-heal|p1b: Ogerpon|96\/100|[from] Grassy Terrain\n|-heal|p2b: Iron Hands|90\/100|[from] Grassy Terrain\n|upkeep\n|turn|7\n|\n|t:|1700362468\n|switch|p1a: Moltres|Moltres-Galar|100\/100\n|-end|p2b: Iron Hands|Quark Drive|[silent]\n|switch|p2b: Landorus|Landorus-Therian, M, tera:Flying|100\/100\n|-ability|p2b: Landorus|Intimidate|boost\n|-unboost|p1a: Moltres|atk|1\n|-unboost|p1b: Ogerpon|atk|1\n|move|p2a: Flutter Mane|Shadow Ball|p1a: Moltres\n|-resisted|p1a: Moltres\n|-damage|p1a: Moltres|87\/100\n|move|p1b: Ogerpon|Ivy Cudgel|p2a: Flutter Mane|[anim] Ivy Cudgel Water\n|-damage|p2a: Flutter Mane|25\/100\n|\n|-heal|p2a: Flutter Mane|31\/100|[from] Grassy Terrain\n|-heal|p1b: Ogerpon|100\/100|[from] Grassy Terrain\n|-fieldend|move: Grassy Terrain\n|upkeep\n|turn|8\n|inactive|Kiky14 has 120 seconds left.\n|\n|t:|1700362510\n|-end|p2a: Flutter Mane|Protosynthesis|[silent]\n|switch|p2a: Ogerpon|Ogerpon-Wellspring, F|38\/100 brn\n|switch|p1b: Arcanine|Arcanine-Hisui, M|100\/100\n|-ability|p1b: Arcanine|Intimidate|boost\n|-unboost|p2a: Ogerpon|atk|1\n|-unboost|p2b: Landorus|atk|1\n|move|p2b: Landorus|Rock Slide|p1a: Moltres|[spread] p1a\n|-miss|p2b: Landorus|p1b: Arcanine\n|-supereffective|p1a: Moltres\n|-damage|p1a: Moltres|69\/100\n|-enditem|p1a: Moltres|Weakness Policy\n|-boost|p1a: Moltres|atk|2|[from] item: Weakness Policy\n|-boost|p1a: Moltres|spa|2|[from] item: Weakness Policy\n|move|p1a: Moltres|Fiery Wrath|p2a: Ogerpon|[spread] p2a,p2b\n|-crit|p2b: Landorus\n|-damage|p2a: Ogerpon|0 fnt\n|-damage|p2b: Landorus|6\/100\n|faint|p2a: Ogerpon\n|\n|-sideend|p1: Kiky14|Reflect\n|upkeep\n|inactive|EVE09 has 120 seconds left.\n|\n|t:|1700362532\n|switch|p2a: Iron Hands|Iron Hands|90\/100\n|turn|9\n|\n|t:|1700362542\n|switch|p1b: Klefki|Klefki, F|87\/100\n|move|p1a: Moltres|Protect|p1a: Moltres\n|-singleturn|p1a: Moltres|Protect\n|move|p2b: Landorus|Rock Slide|p1b: Klefki|[spread] p1b\n|-activate|p1a: Moltres|move: Protect\n|-resisted|p1b: Klefki\n|-damage|p1b: Klefki|81\/100\n|move|p2a: Iron Hands|Wild Charge|p1a: Moltres\n|-activate|p1a: Moltres|move: Protect\n|\n|upkeep\n|turn|10\n|\n|t:|1700362567\n|move|p1b: Klefki|Thunder Wave|p2b: Landorus\n|-status|p2b: Landorus|par\n|move|p2b: Landorus|Rock Slide|p1b: Klefki|[spread] p1a,p1b\n|-supereffective|p1a: Moltres\n|-resisted|p1b: Klefki\n|-damage|p1a: Moltres|43\/100\n|-damage|p1b: Klefki|74\/100\n|-ability|p1a: Moltres|Berserk|boost\n|-boost|p1a: Moltres|spa|1\n|move|p1a: Moltres|Fiery Wrath|p2a: Iron Hands|[spread] p2a,p2b\n|-resisted|p2a: Iron Hands\n|-damage|p2a: Iron Hands|76\/100\n|-damage|p2b: Landorus|0 fnt\n|faint|p2b: Landorus\n|move|p2a: Iron Hands|Wild Charge|p1a: Moltres\n|-supereffective|p1a: Moltres\n|-damage|p1a: Moltres|0 fnt\n|faint|p1a: Moltres\n|-damage|p2a: Iron Hands|67\/100|[from] Recoil\n|\n|upkeep\n|\n|t:|1700362586\n|switch|p2b: Flutter Mane|Flutter Mane|31\/100\n|switch|p1a: Ogerpon|Ogerpon-Wellspring, F|100\/100\n|turn|11\n|\n|t:|1700362607\n|move|p2b: Flutter Mane|Protect|p2b: Flutter Mane\n|-singleturn|p2b: Flutter Mane|Protect\n|move|p1b: Klefki|Reflect|p1b: Klefki\n|-sidestart|p1: Kiky14|Reflect\n|move|p1a: Ogerpon|Wood Hammer|p2b: Flutter Mane\n|-activate|p2b: Flutter Mane|move: Protect\n|move|p2a: Iron Hands|Drain Punch|p1a: Ogerpon\n|-damage|p1a: Ogerpon|74\/100\n|-heal|p2a: Iron Hands|76\/100|[from] drain|[of] p1a: Ogerpon\n|\n|upkeep\n|turn|12\n|\n|t:|1700362626\n|-end|p2b: Flutter Mane|Protosynthesis|[silent]\n|switch|p2b: Rillaboom|Rillaboom, M|100\/100\n|-fieldstart|move: Grassy Terrain|[from] ability: Grassy Surge|[of] p2b: Rillaboom\n|move|p1a: Ogerpon|Spiky Shield|p1a: Ogerpon\n|-singleturn|p1a: Ogerpon|move: Protect\n|move|p1b: Klefki|Light Screen|p1b: Klefki\n|-sidestart|p1: Kiky14|move: Light Screen\n|move|p2a: Iron Hands|Drain Punch|p1a: Ogerpon\n|-activate|p1a: Ogerpon|move: Protect\n|-damage|p2a: Iron Hands|63\/100|[from] Spiky Shield|[of] p1a: Ogerpon\n|\n|-heal|p1a: Ogerpon|80\/100|[from] Grassy Terrain\n|-heal|p1b: Klefki|80\/100|[from] Grassy Terrain\n|-heal|p2a: Iron Hands|69\/100|[from] Grassy Terrain\n|upkeep\n|turn|13\n|\n|t:|1700362649\n|switch|p1a: Sinistcha|Sinistcha|100\/100\n|-heal|p1b: Klefki|100\/100|[from] ability: Hospitality|[of] p1a: Sinistcha\n|move|p1b: Klefki|Thunder Wave|p2b: Rillaboom\n|-status|p2b: Rillaboom|par\n|move|p2a: Iron Hands|Drain Punch|p1b: Klefki\n|-damage|p1b: Klefki|76\/100\n|-heal|p2a: Iron Hands|78\/100|[from] drain|[of] p1b: Klefki\n|move|p2b: Rillaboom|High Horsepower|p1b: Klefki\n|-supereffective|p1b: Klefki\n|-damage|p1b: Klefki|38\/100\n|\n|-heal|p1b: Klefki|44\/100|[from] Grassy Terrain\n|-heal|p2a: Iron Hands|84\/100|[from] Grassy Terrain\n|upkeep\n|turn|14\n|inactive|EVE09 has 120 seconds left.\n|\n|t:|1700362686\n|-end|p2a: Iron Hands|Quark Drive|[silent]\n|switch|p2a: Flutter Mane|Flutter Mane|31\/100\n|move|p1b: Klefki|Dazzling Gleam|p2b: Rillaboom|[spread] p2a,p2b\n|-damage|p2a: Flutter Mane|14\/100\n|-damage|p2b: Rillaboom|79\/100 par\n|move|p1a: Sinistcha|Matcha Gotcha|p2b: Rillaboom|[spread] p2a,p2b\n|-crit|p2a: Flutter Mane\n|-resisted|p2b: Rillaboom\n|-damage|p2a: Flutter Mane|0 fnt\n|-damage|p2b: Rillaboom|62\/100 par\n|faint|p2a: Flutter Mane\n|-end|p2a: Flutter Mane|Protosynthesis|[silent]\n|move|p2b: Rillaboom|High Horsepower|p1b: Klefki\n|-supereffective|p1b: Klefki\n|-damage|p1b: Klefki|0 fnt\n|faint|p1b: Klefki\n|\n|-heal|p2b: Rillaboom|68\/100 par|[from] Grassy Terrain\n|upkeep\n|-message|EVE09 forfeited.\n|\n|win|Kiky14\n|raw|Kiky14's rating: 1481 &rarr; <strong>1501<\/strong><br \/>(+20 for winning)\n|raw|EVE09's rating: 1482 &rarr; <strong>1462<\/strong><br \/>(-20 for losing)\n|l|\u2606EVE09\n","uploadtime":1700362711,"views":4,"p1id":"kiky14","p2id":"eve09","formatid":"gen9doublesou","rating":1462,"private":0,"password":""}