{"id":"gen9doublesou-1973626985","p1":"Milkyking16","p2":"Quippstar123","format":"[Gen 9] Doubles OU","log":"|j|\u2606Milkyking16\n|j|\u2606Quippstar123\n|t:|1697997544\n|gametype|doubles\n|player|p1|Milkyking16|265|1070\n|player|p2|Quippstar123|266|1162\n|teamsize|p1|6\n|teamsize|p2|6\n|gen|9\n|tier|[Gen 9] Doubles OU\n|rated|\n|rule|Species Clause: Limit one of each Pok\u00e9mon\n|rule|OHKO Clause: OHKO moves are banned\n|rule|Evasion Moves Clause: Evasion moves are banned\n|rule|Gravity Sleep Clause: The combination of sleep-inducing moves with imperfect accuracy and Gravity or Gigantamax Orbeetle are banned\n|rule|Endless Battle Clause: Forcing endless battles is banned\n|rule|HP Percentage Mod: HP is shown in percentages\n|clearpoke\n|poke|p1|Kingambit, M|\n|poke|p1|Indeedee-F, F|\n|poke|p1|Hatterene, F|\n|poke|p1|Armarouge, M|\n|poke|p1|Torkoal, F|\n|poke|p1|Ursaluna, F|\n|poke|p2|Cresselia, F|\n|poke|p2|Ursaluna, F|\n|poke|p2|Rillaboom, M|\n|poke|p2|Volcanion|\n|poke|p2|Kleavor, F|\n|poke|p2|Flutter Mane|\n|teampreview\n|\n|t:|1697997553\n|start\n|switch|p1a: Indeedee|Indeedee-F, F|100\/100\n|switch|p1b: Hatterene|Hatterene, F|100\/100\n|switch|p2a: Cresselia|Cresselia, F|100\/100\n|switch|p2b: Ursaluna|Ursaluna, F|100\/100\n|-fieldstart|move: Psychic Terrain|[from] ability: Psychic Surge|[of] p1a: Indeedee\n|-enditem|p1a: Indeedee|Psychic Seed\n|-boost|p1a: Indeedee|spd|1|[from] item: Psychic Seed\n|turn|1\n|\n|t:|1697997588\n|move|p1a: Indeedee|Helping Hand|p1b: Hatterene\n|-singleturn|p1b: Hatterene|Helping Hand|[of] p1a: Indeedee\n|move|p2b: Ursaluna|Swords Dance|p2b: Ursaluna\n|-boost|p2b: Ursaluna|atk|2\n|move|p1b: Hatterene|Dazzling Gleam|p2b: Ursaluna|[spread] p2a,p2b\n|-damage|p2a: Cresselia|52\/100\n|-damage|p2b: Ursaluna|42\/100\n|-damage|p1b: Hatterene|91\/100|[from] item: Life Orb\n|move|p2a: Cresselia|Trick Room|p2a: Cresselia\n|-fieldstart|move: Trick Room|[of] p2a: Cresselia\n|\n|-status|p2b: Ursaluna|brn|[from] item: Flame Orb\n|upkeep\n|turn|2\n|c|\u2606Quippstar123|MOEV\n|c|\u2606Quippstar123|MOVE\n|c|\u2606Quippstar123|MOVE\n|\n|t:|1697997641\n|move|p1a: Indeedee|Follow Me|p1a: Indeedee\n|-singleturn|p1a: Indeedee|move: Follow Me\n|move|p1b: Hatterene|Dazzling Gleam|p2a: Cresselia|[spread] p2a,p2b\n|-damage|p2a: Cresselia|21\/100\n|-damage|p2b: Ursaluna|5\/100 brn\n|-damage|p1b: Hatterene|81\/100|[from] item: Life Orb\n|move|p2b: Ursaluna|Facade|p1a: Indeedee\n|-damage|p1a: Indeedee|0 fnt\n|faint|p1a: Indeedee\n|move|p2a: Cresselia|Lunar Blessing|p2a: Cresselia|[spread] p2a,p2b\n|-heal|p2a: Cresselia|46\/100\n|-heal|p2b: Ursaluna|30\/100 brn\n|-curestatus|p2b: Ursaluna|brn|[msg]\n|\n|-status|p2b: Ursaluna|brn|[from] item: Flame Orb\n|upkeep\n|\n|t:|1697997658\n|switch|p1a: Kingambit|Kingambit, M|100\/100\n|turn|3\n|\n|t:|1697997673\n|move|p2b: Ursaluna|Protect|p2b: Ursaluna\n|-singleturn|p2b: Ursaluna|Protect\n|move|p1a: Kingambit|Sucker Punch||[still]\n|-fail|p1a: Kingambit\n|move|p1b: Hatterene|Dazzling Gleam|p2a: Cresselia|[spread] p2a\n|-activate|p2b: Ursaluna|move: Protect\n|-damage|p2a: Cresselia|17\/100\n|-damage|p1b: Hatterene|71\/100|[from] item: Life Orb\n|move|p2a: Cresselia|Lunar Blessing|p2a: Cresselia|[spread] p2a,p2b\n|-heal|p2a: Cresselia|42\/100\n|-heal|p2b: Ursaluna|55\/100 brn\n|-curestatus|p2b: Ursaluna|brn|[msg]\n|\n|-status|p2b: Ursaluna|brn|[from] item: Flame Orb\n|upkeep\n|turn|4\n|c|\u2606Quippstar123|move\n|c|\u2606Quippstar123|move\n|\n|t:|1697997694\n|move|p1b: Hatterene|Psychic|p2b: Ursaluna\n|-damage|p2b: Ursaluna|0 fnt\n|faint|p2b: Ursaluna\n|-damage|p1b: Hatterene|62\/100|[from] item: Life Orb\n|move|p1a: Kingambit|Kowtow Cleave|p2a: Cresselia\n|-supereffective|p2a: Cresselia\n|-damage|p2a: Cresselia|0 fnt\n|faint|p2a: Cresselia\n|\n|upkeep\n|\n|t:|1697997708\n|switch|p2b: Volcanion|Volcanion|100\/100\n|switch|p2a: Flutter Mane|Flutter Mane|100\/100\n|turn|5\n|\n|t:|1697997735\n|move|p1b: Hatterene|Psychic|p2a: Flutter Mane\n|-damage|p2a: Flutter Mane|19\/100\n|-damage|p1b: Hatterene|52\/100|[from] item: Life Orb\n|move|p1a: Kingambit|Iron Head|p2a: Flutter Mane\n|-supereffective|p2a: Flutter Mane\n|-damage|p2a: Flutter Mane|0 fnt\n|faint|p2a: Flutter Mane\n|-end|p2a: Flutter Mane|Protosynthesis|[silent]\n|move|p2b: Volcanion|Heat Wave|p1a: Kingambit|[spread] p1b\n|-miss|p2b: Volcanion|p1a: Kingambit\n|-damage|p1b: Hatterene|12\/100\n|\n|-fieldend|move: Trick Room\n|-fieldend|move: Psychic Terrain\n|upkeep\n|\n|t:|1697997749\n|switch|p2a: Rillaboom|Rillaboom, M|100\/100\n|-fieldstart|move: Grassy Terrain|[from] ability: Grassy Surge|[of] p2a: Rillaboom\n|turn|6\n|\n|t:|1697997765\n|move|p2a: Rillaboom|Wood Hammer|p1a: Kingambit\n|-resisted|p1a: Kingambit\n|-damage|p1a: Kingambit|70\/100\n|-damage|p2a: Rillaboom|90\/100|[from] Recoil\n|move|p2b: Volcanion|Heat Wave|p1b: Hatterene|[spread] p1a,p1b\n|-supereffective|p1a: Kingambit\n|-damage|p1a: Kingambit|0 fnt\n|-damage|p1b: Hatterene|0 fnt\n|faint|p1a: Kingambit\n|faint|p1b: Hatterene\n|\n|-heal|p2a: Rillaboom|97\/100|[from] Grassy Terrain\n|upkeep\n|\n|t:|1697997796\n|switch|p1a: Armarouge|Armarouge, M|100\/100\n|switch|p1b: Ursaluna|Ursaluna, F|100\/100\n|turn|7\n|\n|t:|1697997814\n|-terastallize|p2a: Rillaboom|Fire\n|-terastallize|p1a: Armarouge|Dark\n|move|p1b: Ursaluna|Protect|p1b: Ursaluna\n|-singleturn|p1b: Ursaluna|Protect\n|move|p2a: Rillaboom|Wood Hammer|p1b: Ursaluna\n|-activate|p1b: Ursaluna|move: Protect\n|move|p2b: Volcanion|Earth Power|p1a: Armarouge\n|-damage|p1a: Armarouge|63\/100\n|move|p1a: Armarouge|Trick Room|p1a: Armarouge\n|-fieldstart|move: Trick Room|[of] p1a: Armarouge\n|\n|-heal|p1a: Armarouge|69\/100|[from] Grassy Terrain\n|-heal|p2a: Rillaboom|100\/100|[from] Grassy Terrain\n|-status|p1b: Ursaluna|brn|[from] item: Flame Orb\n|upkeep\n|turn|8\n|\n|t:|1697997845\n|move|p1b: Ursaluna|Earthquake|p2b: Volcanion|[spread] p1a,p2a,p2b\n|-supereffective|p2a: Rillaboom\n|-supereffective|p2b: Volcanion\n|-damage|p1a: Armarouge|38\/100\n|-damage|p2a: Rillaboom|40\/100\n|-damage|p2b: Volcanion|44\/100\n|move|p1a: Armarouge|Expanding Force|p2b: Volcanion\n|-damage|p2b: Volcanion|7\/100\n|move|p2b: Volcanion|Steam Eruption|p1a: Armarouge\n|-damage|p1a: Armarouge|0 fnt\n|faint|p1a: Armarouge\n|move|p2a: Rillaboom|Wood Hammer|p1b: Ursaluna\n|-supereffective|p1b: Ursaluna\n|-damage|p1b: Ursaluna|0 fnt\n|faint|p1b: Ursaluna\n|-damage|p2a: Rillaboom|2\/100|[from] Recoil\n|\n|-heal|p2b: Volcanion|13\/100|[from] Grassy Terrain\n|-heal|p2a: Rillaboom|8\/100|[from] Grassy Terrain\n|upkeep\n|\n|t:|1697997853\n|switch|p1b: Torkoal|Torkoal, F|100\/100\n|-weather|SunnyDay|[from] ability: Drought|[of] p1b: Torkoal\n|turn|9\n|\n|t:|1697997871\n|move|p1b: Torkoal|Eruption|p2b: Volcanion|[spread] p2a,p2b\n|-resisted|p2a: Rillaboom\n|-resisted|p2b: Volcanion\n|-damage|p2a: Rillaboom|0 fnt\n|-damage|p2b: Volcanion|0 fnt\n|faint|p2a: Rillaboom\n|faint|p2b: Volcanion\n|\n|-weather|SunnyDay|[upkeep]\n|upkeep\n|\n|t:|1697997881\n|switch|p2a: Kleavor|Kleavor, F|100\/100\n|turn|10\n|\n|t:|1697997899\n|move|p1b: Torkoal|Eruption|p2a: Kleavor\n|-damage|p2a: Kleavor|0 fnt\n|faint|p2a: Kleavor\n|\n|win|Milkyking16\n|raw|Milkyking16's rating: 1070 &rarr; <strong>1107<\/strong><br \/>(+37 for winning)\n|raw|Quippstar123's rating: 1162 &rarr; <strong>1131<\/strong><br \/>(-31 for losing)\n|c|\u2606Quippstar123|=\n","uploadtime":1697997905,"views":14,"p1id":"milkyking16","p2id":"quippstar123","formatid":"gen9doublesou","rating":1107,"private":0,"password":""}