{"id":"gen9doublesou-1973384806","p1":"SpiderOmar","p2":"Nakopow","format":"[Gen 9] Doubles OU","log":"|j|\u2606SpiderOmar\n|j|\u2606Nakopow\n|t:|1697966087\n|gametype|doubles\n|player|p1|SpiderOmar|riley|\n|player|p2|Nakopow|169|\n|teamsize|p1|6\n|teamsize|p2|6\n|gen|9\n|tier|[Gen 9] Doubles OU\n|rule|Species Clause: Limit one of each Pok\u00e9mon\n|rule|OHKO Clause: OHKO moves are banned\n|rule|Evasion Moves Clause: Evasion moves are banned\n|rule|Gravity Sleep Clause: The combination of sleep-inducing moves with imperfect accuracy and Gravity or Gigantamax Orbeetle are banned\n|rule|Endless Battle Clause: Forcing endless battles is banned\n|rule|HP Percentage Mod: HP is shown in percentages\n|clearpoke\n|poke|p1|Okidogi, M|\n|poke|p1|Flutter Mane|\n|poke|p1|Ogerpon-Hearthflame, F|\n|poke|p1|Ursaluna-Bloodmoon, M|\n|poke|p1|Amoonguss, M|\n|poke|p1|Torkoal, M|\n|poke|p2|Rillaboom, M|\n|poke|p2|Ursaluna, M|\n|poke|p2|Cresselia, F|\n|poke|p2|Volcanion|\n|poke|p2|Flutter Mane|\n|poke|p2|Kleavor, F|\n|teampreview\n|inactive|Battle timer is ON: inactive players will automatically lose when time's up. (requested by Nakopow)\n|\n|t:|1697966113\n|start\n|switch|p1a: Torkoal|Torkoal, M|100\/100\n|switch|p1b: Ogerpon|Ogerpon-Hearthflame, F|100\/100\n|switch|p2a: Ursaluna|Ursaluna, M|100\/100\n|switch|p2b: Cresselia|Cresselia, F|100\/100\n|-ability|p1b: Ogerpon|Mold Breaker\n|-weather|SunnyDay|[from] ability: Drought|[of] p1a: Torkoal\n|turn|1\n|inactive|SpiderOmar has 270 seconds left.\n|\n|t:|1697966145\n|move|p2a: Ursaluna|Protect|p2a: Ursaluna\n|-singleturn|p2a: Ursaluna|Protect\n|move|p1b: Ogerpon|Ivy Cudgel|p2b: Cresselia\n|-damage|p2b: Cresselia|39\/100\n|move|p1a: Torkoal|Eruption|p2b: Cresselia|[spread] p2b\n|-activate|p2a: Ursaluna|move: Protect\n|-damage|p2b: Cresselia|0 fnt\n|faint|p2b: Cresselia\n|\n|-weather|SunnyDay|[upkeep]\n|-status|p2a: Ursaluna|brn|[from] item: Flame Orb\n|upkeep\n|c|\u2606Nakopow|worst turn 1 of my life\n|inactive|Nakopow has 270 seconds left.\n|c|\u2606SpiderOmar|understandable\n|\n|t:|1697966169\n|switch|p2b: Kleavor|Kleavor, F|100\/100\n|turn|2\n|inactive|SpiderOmar has 270 seconds left.\n|\n|t:|1697966228\n|switch|p1a: Amoonguss|Amoonguss, M|100\/100\n|-terastallize|p2a: Ursaluna|Normal\n|move|p2b: Kleavor|Stone Axe|p1a: Amoonguss\n|-damage|p1a: Amoonguss|59\/100\n|-sidestart|p1: SpiderOmar|move: Stealth Rock\n|move|p1b: Ogerpon|Ivy Cudgel|p2a: Ursaluna\n|-damage|p2a: Ursaluna|28\/100 brn\n|move|p2a: Ursaluna|Facade|p1b: Ogerpon\n|-damage|p1b: Ogerpon|0 fnt\n|faint|p1b: Ogerpon\n|\n|-weather|SunnyDay|[upkeep]\n|-damage|p2a: Ursaluna|22\/100 brn|[from] brn\n|upkeep\n|inactive|SpiderOmar has 240 seconds left.\n|\n|t:|1697966247\n|switch|p1b: Ursaluna|Ursaluna-Bloodmoon, M|100\/100\n|-damage|p1b: Ursaluna|94\/100|[from] Stealth Rock\n|turn|3\n|\n|t:|1697966264\n|switch|p2b: Rillaboom|Rillaboom, M|100\/100\n|-fieldstart|move: Grassy Terrain|[from] ability: Grassy Surge|[of] p2b: Rillaboom\n|switch|p1a: Okidogi|Okidogi, M|100\/100\n|-damage|p1a: Okidogi|94\/100|[from] Stealth Rock\n|move|p1b: Ursaluna|Earth Power|p2a: Ursaluna\n|-damage|p2a: Ursaluna|0 fnt\n|faint|p2a: Ursaluna\n|\n|-weather|SunnyDay|[upkeep]\n|-heal|p1a: Okidogi|100\/100|[from] Grassy Terrain\n|-heal|p1b: Ursaluna|100\/100|[from] Grassy Terrain\n|upkeep\n|\n|t:|1697966283\n|switch|p2a: Volcanion|Volcanion|100\/100\n|turn|4\n|inactive|SpiderOmar has 270 seconds left.\n|\n|t:|1697966315\n|-terastallize|p1b: Ursaluna|Fairy\n|move|p2b: Rillaboom|Fake Out|p1a: Okidogi\n|-damage|p1a: Okidogi|88\/100\n|cant|p1a: Okidogi|flinch\n|move|p2a: Volcanion|Heat Wave|p1a: Okidogi|[spread] p1b\n|-miss|p2a: Volcanion|p1a: Okidogi\n|-damage|p1b: Ursaluna|33\/100\n|-enditem|p1b: Ursaluna|Sitrus Berry|[eat]\n|-heal|p1b: Ursaluna|58\/100|[from] item: Sitrus Berry\n|move|p1b: Ursaluna|Calm Mind|p1b: Ursaluna\n|-boost|p1b: Ursaluna|spa|1\n|-boost|p1b: Ursaluna|spd|1\n|\n|-weather|SunnyDay|[upkeep]\n|-heal|p1a: Okidogi|94\/100|[from] Grassy Terrain\n|-heal|p1b: Ursaluna|64\/100|[from] Grassy Terrain\n|upkeep\n|turn|5\n|c|\u2606Nakopow|oh naur\n|\n|t:|1697966345\n|switch|p2b: Flutter Mane|Flutter Mane|100\/100\n|-activate|p2b: Flutter Mane|ability: Protosynthesis\n|-start|p2b: Flutter Mane|protosynthesisspe\n|move|p1a: Okidogi|Gunk Shot|p2b: Flutter Mane\n|-crit|p2b: Flutter Mane\n|-damage|p2b: Flutter Mane|0 fnt\n|faint|p2b: Flutter Mane\n|-end|p2b: Flutter Mane|Protosynthesis|[silent]\n|move|p2a: Volcanion|Sludge Bomb|p1b: Ursaluna\n|-supereffective|p1b: Ursaluna\n|-damage|p1b: Ursaluna|15\/100\n|move|p1b: Ursaluna|Earth Power|p2a: Volcanion\n|-supereffective|p2a: Volcanion\n|-crit|p2a: Volcanion\n|-damage|p2a: Volcanion|0 fnt\n|faint|p2a: Volcanion\n|\n|-weather|none\n|-heal|p1a: Okidogi|99\/100|[from] Grassy Terrain\n|-heal|p1b: Ursaluna|21\/100|[from] Grassy Terrain\n|upkeep\n|\n|t:|1697966353\n|switch|p2b: Rillaboom|Rillaboom, M|100\/100\n|switch|p2a: Kleavor|Kleavor, F|100\/100\n|turn|6\n|j| serfer123451\n|c|\u2606Nakopow|damn i suck\n|\n|t:|1697966369\n|move|p2b: Rillaboom|Grassy Glide|p1b: Ursaluna\n|-damage|p1b: Ursaluna|0 fnt\n|faint|p1b: Ursaluna\n|move|p2a: Kleavor|X-Scissor|p1a: Okidogi\n|-resisted|p1a: Okidogi\n|-crit|p1a: Okidogi\n|-damage|p1a: Okidogi|81\/100\n|move|p1a: Okidogi|Gunk Shot|p2b: Rillaboom\n|-supereffective|p2b: Rillaboom\n|-damage|p2b: Rillaboom|0 fnt\n|faint|p2b: Rillaboom\n|\n|-heal|p1a: Okidogi|87\/100|[from] Grassy Terrain\n|upkeep\n|inactive|SpiderOmar has 270 seconds left.\n|\n|t:|1697966394\n|switch|p1b: Torkoal|Torkoal, M|100\/100\n|-damage|p1b: Torkoal|76\/100|[from] Stealth Rock\n|-weather|SunnyDay|[from] ability: Drought|[of] p1b: Torkoal\n|turn|7\n|inactive|SpiderOmar has 270 seconds left.\n|\n|t:|1697966405\n|move|p2a: Kleavor|X-Scissor|p1a: Okidogi\n|-resisted|p1a: Okidogi\n|-damage|p1a: Okidogi|75\/100\n|move|p1a: Okidogi|Drain Punch|p2a: Kleavor\n|-damage|p2a: Kleavor|46\/100\n|-heal|p1a: Okidogi|96\/100|[from] drain|[of] p2a: Kleavor\n|move|p1b: Torkoal|Heat Wave|p2a: Kleavor\n|-damage|p2a: Kleavor|0 fnt\n|faint|p2a: Kleavor\n|\n|win|SpiderOmar\n|c|\u2606Nakopow|kleavor crit god?\n|c|\u2606SpiderOmar|gg\n|c|\u2606Nakopow|ggs\n|c|\u2606SpiderOmar|spoiler alert\n|c|\u2606SpiderOmar|he didnt crit\n|c|\u2606SpiderOmar|:(\n|c| serfer123451|XD\n","uploadtime":1697966417,"views":16,"p1id":"spideromar","p2id":"nakopow","formatid":"gen9doublesou","rating":0,"private":0,"password":""}