{"id":"gen9doublesou-1968758326","p1":"Pumkinge","p2":"lolIwatchYT","format":"[Gen 9] Doubles OU","log":"|j|\u2606Pumkinge\n|j|\u2606lolIwatchYT\n|t:|1697462015\n|gametype|doubles\n|player|p1|Pumkinge|hilda|1206\n|player|p2|lolIwatchYT|169|1221\n|teamsize|p1|6\n|teamsize|p2|6\n|gen|9\n|tier|[Gen 9] Doubles OU\n|rated|\n|rule|Species Clause: Limit one of each Pok\u00e9mon\n|rule|OHKO Clause: OHKO moves are banned\n|rule|Evasion Moves Clause: Evasion moves are banned\n|rule|Gravity Sleep Clause: The combination of sleep-inducing moves with imperfect accuracy and Gravity or Gigantamax Orbeetle are banned\n|rule|Endless Battle Clause: Forcing endless battles is banned\n|rule|HP Percentage Mod: HP is shown in percentages\n|clearpoke\n|poke|p1|Meloetta|\n|poke|p1|Tyranitar, M|\n|poke|p1|Cacturne, M|\n|poke|p1|Zoroark-Hisui, M|\n|poke|p1|Meowscarada, F|\n|poke|p1|Lycanroc, M|\n|poke|p2|Azumarill, M|\n|poke|p2|Arcanine-Hisui, M|\n|poke|p2|Typhlosion-Hisui, F|\n|poke|p2|Gastrodon, F|\n|poke|p2|Tornadus, M|\n|poke|p2|Klefki, M|\n|teampreview\n|\n|t:|1697462022\n|start\n|switch|p1a: Tyranitar|Tyranitar, M, shiny|100\/100\n|switch|p1b: Cacturne|Cacturne, M, shiny|100\/100\n|switch|p2a: Typhlosion|Typhlosion-Hisui, F|100\/100\n|switch|p2b: Arcanine|Arcanine-Hisui, M|100\/100\n|-item|p1a: Tyranitar|Smooth Rock|[from] ability: Frisk|[of] p2a: Typhlosion|[identify]\n|-item|p1b: Cacturne|Life Orb|[from] ability: Frisk|[of] p2a: Typhlosion|[identify]\n|-ability|p2b: Arcanine|Intimidate|boost\n|-unboost|p1a: Tyranitar|atk|1\n|-unboost|p1b: Cacturne|atk|1\n|-weather|Sandstorm|[from] ability: Sand Stream|[of] p1a: Tyranitar\n|turn|1\n|\n|t:|1697462040\n|move|p1b: Cacturne|Sucker Punch|p2a: Typhlosion\n|-supereffective|p2a: Typhlosion\n|-damage|p2a: Typhlosion|13\/100\n|-damage|p1b: Cacturne|91\/100|[from] item: Life Orb\n|move|p2a: Typhlosion|Eruption|p1b: Cacturne|[spread] p1a,p1b\n|-resisted|p1a: Tyranitar\n|-crit|p1a: Tyranitar\n|-supereffective|p1b: Cacturne\n|-damage|p1a: Tyranitar|98\/100\n|-damage|p1b: Cacturne|59\/100\n|move|p2b: Arcanine|Will-O-Wisp|p1a: Tyranitar\n|-status|p1a: Tyranitar|brn\n|move|p1a: Tyranitar|Stealth Rock|p2b: Arcanine\n|-sidestart|p2: lolIwatchYT|move: Stealth Rock\n|\n|-weather|Sandstorm|[upkeep]\n|-damage|p2a: Typhlosion|7\/100|[from] Sandstorm\n|-damage|p1a: Tyranitar|91\/100 brn|[from] brn\n|upkeep\n|turn|2\n|\n|t:|1697462068\n|move|p1a: Tyranitar|Helping Hand|p1b: Cacturne\n|-singleturn|p1b: Cacturne|Helping Hand|[of] p1a: Tyranitar\n|move|p2b: Arcanine|Flare Blitz|p1b: Cacturne\n|-supereffective|p1b: Cacturne\n|-damage|p1b: Cacturne|0 fnt\n|faint|p1b: Cacturne\n|-damage|p2b: Arcanine|86\/100|[from] Recoil\n|move|p2a: Typhlosion|Roar|p1a: Tyranitar\n|drag|p1a: Lycanroc|Lycanroc, M, shiny|100\/100\n|\n|-weather|Sandstorm|[upkeep]\n|-damage|p2a: Typhlosion|2\/100|[from] Sandstorm\n|upkeep\n|\n|t:|1697462076\n|switch|p1b: Tyranitar|Tyranitar, M, shiny|91\/100 brn\n|turn|3\n|\n|t:|1697462104\n|move|p1b: Tyranitar|Helping Hand|p1a: Lycanroc\n|-singleturn|p1a: Lycanroc|Helping Hand|[of] p1b: Tyranitar\n|move|p2b: Arcanine|Protect|p2b: Arcanine\n|-singleturn|p2b: Arcanine|Protect\n|move|p1a: Lycanroc|Close Combat|p2b: Arcanine\n|-activate|p2b: Arcanine|move: Protect\n|move|p2a: Typhlosion|Infernal Parade|p1a: Lycanroc\n|-damage|p1a: Lycanroc|69\/100\n|\n|-weather|Sandstorm|[upkeep]\n|-damage|p2a: Typhlosion|0 fnt|[from] Sandstorm\n|faint|p2a: Typhlosion\n|-damage|p1b: Tyranitar|85\/100 brn|[from] brn\n|upkeep\n|\n|t:|1697462120\n|switch|p2a: Azumarill|Azumarill, M|100\/100\n|-damage|p2a: Azumarill|88\/100|[from] Stealth Rock\n|turn|4\n|\n|t:|1697462131\n|switch|p2b: Klefki|Klefki, M|100\/100\n|-damage|p2b: Klefki|94\/100|[from] Stealth Rock\n|-item|p2b: Klefki|Air Balloon\n|move|p2a: Azumarill|Aqua Jet|p1a: Lycanroc\n|-supereffective|p1a: Lycanroc\n|-damage|p1a: Lycanroc|0 fnt\n|faint|p1a: Lycanroc\n|move|p1b: Tyranitar|Thunder Wave|p2a: Azumarill\n|-status|p2a: Azumarill|par\n|\n|-weather|Sandstorm|[upkeep]\n|-damage|p2a: Azumarill|82\/100 par|[from] Sandstorm\n|-damage|p1b: Tyranitar|79\/100 brn|[from] brn\n|upkeep\n|\n|t:|1697462143\n|switch|p1a: Meowscarada|Meowscarada, F|100\/100\n|turn|5\n|\n|t:|1697462153\n|move|p1b: Tyranitar|Helping Hand|p1a: Meowscarada\n|-singleturn|p1a: Meowscarada|Helping Hand|[of] p1b: Tyranitar\n|move|p2b: Klefki|Light Screen|p2b: Klefki\n|-sidestart|p2: lolIwatchYT|move: Light Screen\n|move|p2a: Azumarill|Aqua Jet|p1b: Tyranitar\n|-supereffective|p1b: Tyranitar\n|-damage|p1b: Tyranitar|46\/100 brn\n|move|p1a: Meowscarada|Flamethrower|p2b: Klefki\n|-supereffective|p2b: Klefki\n|-crit|p2b: Klefki\n|-damage|p2b: Klefki|0 fnt\n|-enditem|p2b: Klefki|Air Balloon\n|faint|p2b: Klefki\n|\n|-weather|Sandstorm|[upkeep]\n|-damage|p1a: Meowscarada|95\/100|[from] Sandstorm\n|-damage|p2a: Azumarill|76\/100 par|[from] Sandstorm\n|-damage|p1b: Tyranitar|40\/100 brn|[from] brn\n|upkeep\n|\n|t:|1697462170\n|switch|p2b: Arcanine|Arcanine-Hisui, M|86\/100\n|-ability|p2b: Arcanine|Intimidate|boost\n|-unboost|p1a: Meowscarada|atk|1\n|-unboost|p1b: Tyranitar|atk|1\n|turn|6\n|\n|t:|1697462188\n|move|p1b: Tyranitar|Helping Hand|p1a: Meowscarada\n|-singleturn|p1a: Meowscarada|Helping Hand|[of] p1b: Tyranitar\n|move|p2b: Arcanine|Protect|p2b: Arcanine\n|-singleturn|p2b: Arcanine|Protect\n|move|p2a: Azumarill|Aqua Jet|p1b: Tyranitar\n|-supereffective|p1b: Tyranitar\n|-damage|p1b: Tyranitar|5\/100 brn\n|move|p1a: Meowscarada|Psychic|p2b: Arcanine\n|-activate|p2b: Arcanine|move: Protect\n|\n|-weather|Sandstorm|[upkeep]\n|-damage|p1a: Meowscarada|89\/100|[from] Sandstorm\n|-damage|p2a: Azumarill|69\/100 par|[from] Sandstorm\n|-damage|p1b: Tyranitar|0 fnt|[from] brn\n|faint|p1b: Tyranitar\n|upkeep\n|\n|t:|1697462194\n|switch|p1b: Meloetta|Meloetta|100\/100\n|turn|7\n|\n|t:|1697462213\n|move|p1a: Meowscarada|Sludge Bomb|p2a: Azumarill\n|-supereffective|p2a: Azumarill\n|-damage|p2a: Azumarill|23\/100 par\n|-enditem|p2a: Azumarill|Sitrus Berry|[eat]\n|-heal|p2a: Azumarill|47\/100 par|[from] item: Sitrus Berry\n|move|p2b: Arcanine|Flare Blitz|p1a: Meowscarada\n|-damage|p1a: Meowscarada|0 fnt\n|replace|p1a: Zoroark|Zoroark-Hisui, M\n|-end|p1a: Zoroark|Illusion\n|faint|p1a: Zoroark\n|-damage|p2b: Arcanine|66\/100|[from] Recoil\n|move|p1b: Meloetta|Relic Song|p2a: Azumarill|[spread] p2a,p2b\n|-resisted|p2b: Arcanine\n|-damage|p2a: Azumarill|28\/100 par\n|-damage|p2b: Arcanine|59\/100\n|-formechange|p1b: Meloetta|Meloetta-Pirouette|[msg]\n|move|p2a: Azumarill|Belly Drum||[still]\n|-fail|p2a: Azumarill\n|\n|-weather|Sandstorm|[upkeep]\n|-damage|p1b: Meloetta|94\/100|[from] Sandstorm\n|-damage|p2a: Azumarill|22\/100 par|[from] Sandstorm\n|-heal|p1b: Meloetta|100\/100|[from] item: Leftovers\n|upkeep\n|\n|t:|1697462221\n|switch|p1a: Meowscarada|Meowscarada, F|100\/100\n|turn|8\n|\n|t:|1697462246\n|-terastallize|p1a: Meowscarada|Ghost\n|move|p2b: Arcanine|Protect|p2b: Arcanine\n|-singleturn|p2b: Arcanine|Protect\n|move|p2a: Azumarill|Aqua Jet|p1b: Meloetta\n|-damage|p1b: Meloetta|71\/100\n|move|p1b: Meloetta|Zen Headbutt|p2b: Arcanine\n|-activate|p2b: Arcanine|move: Protect\n|move|p1a: Meowscarada|Flower Trick|p2a: Azumarill\n|-supereffective|p2a: Azumarill\n|-crit|p2a: Azumarill\n|-damage|p2a: Azumarill|0 fnt\n|faint|p2a: Azumarill\n|-damage|p1a: Meowscarada|91\/100|[from] item: Life Orb\n|\n|-weather|none\n|-heal|p1b: Meloetta|78\/100|[from] item: Leftovers\n|upkeep\n|\n|t:|1697462262\n|switch|p2a: Tornadus|Tornadus, M|100\/100\n|-damage|p2a: Tornadus|75\/100|[from] Stealth Rock\n|turn|9\n|\n|t:|1697462279\n|move|p2a: Tornadus|Tailwind|p2a: Tornadus\n|-sidestart|p2: lolIwatchYT|move: Tailwind\n|move|p2b: Arcanine|Head Smash|p1a: Meowscarada|[miss]\n|-miss|p2b: Arcanine|p1a: Meowscarada\n|move|p1b: Meloetta|Relic Song|p2a: Tornadus|[spread] p2a,p2b\n|-resisted|p2b: Arcanine\n|-damage|p2a: Tornadus|62\/100\n|-damage|p2b: Arcanine|53\/100\n|-formechange|p1b: Meloetta|Meloetta|[msg]\n|move|p1a: Meowscarada|Knock Off|p2a: Tornadus\n|-crit|p2a: Tornadus\n|-damage|p2a: Tornadus|0 fnt\n|-enditem|p2a: Tornadus|Covert Cloak|[from] move: Knock Off|[of] p1a: Meowscarada\n|faint|p2a: Tornadus\n|-damage|p1a: Meowscarada|81\/100|[from] item: Life Orb\n|\n|-heal|p1b: Meloetta|84\/100|[from] item: Leftovers\n|-sideend|p2: lolIwatchYT|move: Light Screen\n|upkeep\n|\n|t:|1697462294\n|switch|p2a: Gastrodon|Gastrodon, F|100\/100\n|-damage|p2a: Gastrodon|94\/100|[from] Stealth Rock\n|turn|10\n|\n|t:|1697462309\n|-terastallize|p2a: Gastrodon|Bug\n|move|p2b: Arcanine|Flare Blitz|p1a: Meowscarada\n|-damage|p1a: Meowscarada|4\/100\n|-damage|p2b: Arcanine|33\/100|[from] Recoil\n|move|p1a: Meowscarada|Knock Off|p2b: Arcanine\n|-damage|p2b: Arcanine|0 fnt\n|-enditem|p2b: Arcanine|Heavy-Duty Boots|[from] move: Knock Off|[of] p1a: Meowscarada\n|faint|p2b: Arcanine\n|-damage|p1a: Meowscarada|0 fnt|[from] item: Life Orb\n|faint|p1a: Meowscarada\n|move|p1b: Meloetta|Relic Song|p2a: Gastrodon\n|-damage|p2a: Gastrodon|60\/100\n|-status|p2a: Gastrodon|slp|[from] move: Relic Song\n|-formechange|p1b: Meloetta|Meloetta-Pirouette|[msg]\n|cant|p2a: Gastrodon|slp\n|\n|-heal|p1b: Meloetta|90\/100|[from] item: Leftovers\n|-heal|p2a: Gastrodon|66\/100 slp|[from] item: Leftovers\n|upkeep\n|turn|11\n|\n|t:|1697462327\n|move|p1b: Meloetta|Ice Punch|p2a: Gastrodon\n|-damage|p2a: Gastrodon|39\/100 slp\n|cant|p2a: Gastrodon|slp\n|\n|-heal|p1b: Meloetta|96\/100|[from] item: Leftovers\n|-heal|p2a: Gastrodon|45\/100 slp|[from] item: Leftovers\n|upkeep\n|turn|12\n|\n|t:|1697462335\n|move|p1b: Meloetta|Ice Punch|p2a: Gastrodon\n|-damage|p2a: Gastrodon|20\/100 slp\n|cant|p2a: Gastrodon|slp\n|\n|-heal|p1b: Meloetta|100\/100|[from] item: Leftovers\n|-heal|p2a: Gastrodon|26\/100 slp|[from] item: Leftovers\n|-sideend|p2: lolIwatchYT|move: Tailwind\n|upkeep\n|turn|13\n|\n|t:|1697462342\n|move|p1b: Meloetta|Ice Punch|p2a: Gastrodon\n|-damage|p2a: Gastrodon|1\/100 slp\n|-curestatus|p2a: Gastrodon|slp|[msg]\n|move|p2a: Gastrodon|Recover|p2a: Gastrodon\n|-heal|p2a: Gastrodon|51\/100\n|\n|-heal|p2a: Gastrodon|57\/100|[from] item: Leftovers\n|upkeep\n|turn|14\n|\n|t:|1697462351\n|move|p1b: Meloetta|Ice Punch|p2a: Gastrodon\n|-damage|p2a: Gastrodon|33\/100\n|-status|p2a: Gastrodon|frz\n|-curestatus|p2a: Gastrodon|frz|[msg]\n|move|p2a: Gastrodon|Recover|p2a: Gastrodon\n|-heal|p2a: Gastrodon|83\/100\n|\n|-heal|p2a: Gastrodon|89\/100|[from] item: Leftovers\n|upkeep\n|turn|15\n|\n|t:|1697462365\n|move|p1b: Meloetta|Ice Punch|p2a: Gastrodon\n|-damage|p2a: Gastrodon|63\/100\n|-status|p2a: Gastrodon|frz\n|cant|p2a: Gastrodon|frz\n|\n|-heal|p2a: Gastrodon|69\/100 frz|[from] item: Leftovers\n|upkeep\n|turn|16\n|\n|t:|1697462372\n|move|p1b: Meloetta|Ice Punch|p2a: Gastrodon\n|-damage|p2a: Gastrodon|45\/100 frz\n|cant|p2a: Gastrodon|frz\n|\n|-heal|p2a: Gastrodon|51\/100 frz|[from] item: Leftovers\n|upkeep\n|turn|17\n|\n|t:|1697462379\n|move|p1b: Meloetta|Ice Punch|p2a: Gastrodon\n|-damage|p2a: Gastrodon|24\/100 frz\n|-curestatus|p2a: Gastrodon|frz|[msg]\n|move|p2a: Gastrodon|Recover|p2a: Gastrodon\n|-heal|p2a: Gastrodon|74\/100\n|\n|-heal|p2a: Gastrodon|80\/100|[from] item: Leftovers\n|upkeep\n|turn|18\n|\n|t:|1697462388\n|move|p1b: Meloetta|Ice Punch|p2a: Gastrodon\n|-damage|p2a: Gastrodon|52\/100\n|move|p2a: Gastrodon|Earth Power|p1b: Meloetta\n|-damage|p1b: Meloetta|51\/100\n|\n|-heal|p1b: Meloetta|57\/100|[from] item: Leftovers\n|-heal|p2a: Gastrodon|58\/100|[from] item: Leftovers\n|upkeep\n|turn|19\n|\n|t:|1697462397\n|move|p1b: Meloetta|Ice Punch|p2a: Gastrodon\n|-damage|p2a: Gastrodon|31\/100\n|move|p2a: Gastrodon|Recover|p2a: Gastrodon\n|-heal|p2a: Gastrodon|81\/100\n|\n|-heal|p1b: Meloetta|63\/100|[from] item: Leftovers\n|-heal|p2a: Gastrodon|87\/100|[from] item: Leftovers\n|upkeep\n|turn|20\n|\n|t:|1697462407\n|move|p1b: Meloetta|Ice Punch|p2a: Gastrodon\n|-damage|p2a: Gastrodon|61\/100\n|move|p2a: Gastrodon|Earth Power|p1b: Meloetta\n|-damage|p1b: Meloetta|14\/100\n|\n|-heal|p1b: Meloetta|20\/100|[from] item: Leftovers\n|-heal|p2a: Gastrodon|67\/100|[from] item: Leftovers\n|upkeep\n|turn|21\n|\n|t:|1697462415\n|move|p1b: Meloetta|Ice Punch|p2a: Gastrodon\n|-damage|p2a: Gastrodon|40\/100\n|move|p2a: Gastrodon|Recover|p2a: Gastrodon\n|-heal|p2a: Gastrodon|90\/100\n|\n|-heal|p1b: Meloetta|26\/100|[from] item: Leftovers\n|-heal|p2a: Gastrodon|96\/100|[from] item: Leftovers\n|upkeep\n|turn|22\n|\n|t:|1697462423\n|move|p1b: Meloetta|Ice Punch|p2a: Gastrodon\n|-damage|p2a: Gastrodon|72\/100\n|-status|p2a: Gastrodon|frz\n|cant|p2a: Gastrodon|frz\n|\n|-heal|p1b: Meloetta|32\/100|[from] item: Leftovers\n|-heal|p2a: Gastrodon|78\/100 frz|[from] item: Leftovers\n|upkeep\n|turn|23\n|\n|t:|1697462434\n|move|p1b: Meloetta|Relic Song|p2a: Gastrodon\n|-damage|p2a: Gastrodon|53\/100 frz\n|-formechange|p1b: Meloetta|Meloetta|[msg]\n|cant|p2a: Gastrodon|frz\n|\n|-heal|p1b: Meloetta|38\/100|[from] item: Leftovers\n|-heal|p2a: Gastrodon|59\/100 frz|[from] item: Leftovers\n|upkeep\n|turn|24\n|\n|t:|1697462442\n|move|p1b: Meloetta|Thunderbolt|p2a: Gastrodon\n|-damage|p2a: Gastrodon|35\/100 frz\n|-curestatus|p2a: Gastrodon|frz|[msg]\n|move|p2a: Gastrodon|Tera Blast|p1b: Meloetta|[anim] Tera Blast Bug\n|-supereffective|p1b: Meloetta\n|-damage|p1b: Meloetta|0 fnt\n|faint|p1b: Meloetta\n|\n|win|lolIwatchYT\n|raw|Pumkinge's rating: 1206 &rarr; <strong>1182<\/strong><br \/>(-24 for losing)\n|raw|lolIwatchYT's rating: 1221 &rarr; <strong>1245<\/strong><br \/>(+24 for winning)\n|l|\u2606Pumkinge\n|c|\u2606lolIwatchYT|gg\n","uploadtime":1697462455,"views":23,"p1id":"pumkinge","p2id":"loliwatchyt","formatid":"gen9doublesou","rating":1182,"private":0,"password":""}