{"id":"gen9doublesou-1970973795","p1":"zambonikiller123","p2":"hollyland","format":"[Gen 9] Doubles OU","log":"|j|\u2606zambonikiller123\n|j|\u2606hollyland\n|t:|1697687041\n|gametype|doubles\n|player|p1|zambonikiller123|265|1309\n|player|p2|hollyland|265|1506\n|teamsize|p1|6\n|teamsize|p2|6\n|gen|9\n|tier|[Gen 9] Doubles OU\n|rated|\n|rule|Species Clause: Limit one of each Pok\u00e9mon\n|rule|OHKO Clause: OHKO moves are banned\n|rule|Evasion Moves Clause: Evasion moves are banned\n|rule|Gravity Sleep Clause: The combination of sleep-inducing moves with imperfect accuracy and Gravity or Gigantamax Orbeetle are banned\n|rule|Endless Battle Clause: Forcing endless battles is banned\n|rule|HP Percentage Mod: HP is shown in percentages\n|clearpoke\n|poke|p1|Abomasnow, F|\n|poke|p1|Ninetales-Alola, F|\n|poke|p1|Crabominable, F|\n|poke|p1|Glaceon, F|\n|poke|p1|Heatran, M|\n|poke|p1|Cryogonal|\n|poke|p2|Lurantis, F|\n|poke|p2|Shiftry, F|\n|poke|p2|Empoleon, M|\n|poke|p2|Meowscarada, F|\n|poke|p2|Basculegion, M|\n|poke|p2|Flutter Mane|\n|teampreview\n|inactive|Battle timer is ON: inactive players will automatically lose when time's up. (requested by hollyland)\n|\n|t:|1697687063\n|start\n|switch|p1a: Ninetales|Ninetales-Alola, F, shiny|100\/100\n|switch|p1b: Heatran|Heatran, M|100\/100\n|switch|p2a: Meowscarada|Meowscarada, F|100\/100\n|switch|p2b: Empoleon|Empoleon, M|100\/100\n|-weather|Snow|[from] ability: Snow Warning|[of] p1a: Ninetales\n|turn|1\n|\n|t:|1697687071\n|move|p2a: Meowscarada|Grass Pledge|p1a: Ninetales\n|-waiting|p2a: Meowscarada|p2b: Empoleon\n|move|p2b: Empoleon|Water Pledge|p1a: Ninetales|[from]move: Grass Pledge\n|-combine\n|-damage|p1a: Ninetales|13\/100\n|-sidestart|p1: zambonikiller123|Grass Pledge\n|move|p1a: Ninetales|Aurora Veil|p1a: Ninetales\n|-sidestart|p1: zambonikiller123|move: Aurora Veil\n|move|p1b: Heatran|Stealth Rock|p2a: Meowscarada\n|-sidestart|p2: hollyland|move: Stealth Rock\n|\n|-weather|Snow|[upkeep]\n|upkeep\n|turn|2\n|inactive|zambonikiller123 has 120 seconds left.\n|inactive|zambonikiller123 has 90 seconds left.\n|\n|t:|1697687149\n|switch|p2a: Basculegion|Basculegion, M|100\/100\n|-damage|p2a: Basculegion|88\/100|[from] Stealth Rock\n|move|p1a: Ninetales|Protect|p1a: Ninetales\n|-singleturn|p1a: Ninetales|Protect\n|move|p2b: Empoleon|Water Pledge|p1b: Heatran\n|-supereffective|p1b: Heatran\n|-damage|p1b: Heatran|62\/100\n|move|p1b: Heatran|Heat Wave|p2b: Empoleon|[spread] p2a,p2b\n|-resisted|p2a: Basculegion\n|-damage|p2a: Basculegion|68\/100\n|-damage|p2b: Empoleon|78\/100\n|\n|-weather|Snow|[upkeep]\n|upkeep\n|turn|3\n|inactive|zambonikiller123 has 90 seconds left.\n|\n|t:|1697687169\n|switch|p1b: Glaceon|Glaceon, F, shiny|100\/100\n|move|p2a: Basculegion|Wave Crash|p1b: Glaceon\n|-damage|p1b: Glaceon|55\/100\n|-damage|p2a: Basculegion|56\/100|[from] Recoil\n|move|p2b: Empoleon|Flash Cannon|p1a: Ninetales\n|-supereffective|p1a: Ninetales\n|-damage|p1a: Ninetales|0 fnt\n|faint|p1a: Ninetales\n|\n|-weather|Snow|[upkeep]\n|-heal|p1b: Glaceon|61\/100|[from] ability: Ice Body\n|-heal|p1b: Glaceon|68\/100|[from] item: Leftovers\n|upkeep\n|\n|t:|1697687179\n|switch|p1a: Crabominable|Crabominable, F, shiny|100\/100\n|turn|4\n|inactive|zambonikiller123 has 90 seconds left.\n|inactive|hollyland has 120 seconds left.\n|\n|t:|1697687218\n|move|p2a: Basculegion|Wave Crash|p1a: Crabominable\n|-damage|p1a: Crabominable|46\/100\n|-damage|p2a: Basculegion|37\/100|[from] Recoil\n|move|p2b: Empoleon|Flash Cannon|p1a: Crabominable\n|-supereffective|p1a: Crabominable\n|-damage|p1a: Crabominable|0 fnt\n|faint|p1a: Crabominable\n|move|p1b: Glaceon|Freeze-Dry|p2a: Basculegion\n|-supereffective|p2a: Basculegion\n|-damage|p2a: Basculegion|0 fnt\n|faint|p2a: Basculegion\n|\n|-weather|Snow|[upkeep]\n|-heal|p1b: Glaceon|74\/100|[from] ability: Ice Body\n|-heal|p1b: Glaceon|80\/100|[from] item: Leftovers\n|-sideend|p1: zambonikiller123|Grass Pledge\n|upkeep\n|\n|t:|1697687230\n|switch|p2a: Flutter Mane|Flutter Mane|100\/100\n|switch|p1a: Heatran|Heatran, M|62\/100\n|-damage|p2a: Flutter Mane|88\/100|[from] Stealth Rock\n|turn|5\n|\n|t:|1697687239\n|move|p2a: Flutter Mane|Shadow Ball|p1a: Heatran\n|-damage|p1a: Heatran|28\/100\n|-enditem|p1a: Heatran|Sitrus Berry|[eat]\n|-heal|p1a: Heatran|53\/100|[from] item: Sitrus Berry\n|move|p1a: Heatran|Flash Cannon|p2a: Flutter Mane\n|-supereffective|p2a: Flutter Mane\n|-damage|p2a: Flutter Mane|2\/100\n|move|p1b: Glaceon|Yawn|p2b: Empoleon\n|-start|p2b: Empoleon|move: Yawn|[of] p1b: Glaceon\n|move|p2b: Empoleon|Water Pledge|p1a: Heatran\n|-supereffective|p1a: Heatran\n|-damage|p1a: Heatran|11\/100\n|\n|-weather|none\n|-heal|p1b: Glaceon|86\/100|[from] item: Leftovers\n|upkeep\n|turn|6\n|\n|t:|1697687258\n|move|p2a: Flutter Mane|Shadow Ball|p1a: Heatran\n|-damage|p1a: Heatran|0 fnt\n|faint|p1a: Heatran\n|move|p1b: Glaceon|Wish|p1b: Glaceon\n|move|p2b: Empoleon|Flash Cannon|p1b: Glaceon\n|-supereffective|p1b: Glaceon\n|-damage|p1b: Glaceon|40\/100\n|\n|-heal|p1b: Glaceon|46\/100|[from] item: Leftovers\n|-end|p2b: Empoleon|move: Yawn|[silent]\n|-status|p2b: Empoleon|slp\n|upkeep\n|\n|t:|1697687262\n|switch|p1a: Abomasnow|Abomasnow, F, shiny|100\/100\n|-weather|Snow|[from] ability: Snow Warning|[of] p1a: Abomasnow\n|turn|7\n|\n|t:|1697687289\n|move|p2a: Flutter Mane|Shadow Ball|p1b: Glaceon\n|-damage|p1b: Glaceon|10\/100\n|move|p1b: Glaceon|Freeze-Dry|p2a: Flutter Mane\n|-damage|p2a: Flutter Mane|0 fnt\n|faint|p2a: Flutter Mane\n|-end|p2a: Flutter Mane|Protosynthesis|[silent]\n|cant|p2b: Empoleon|slp\n|move|p1a: Abomasnow|Leech Seed|p2b: Empoleon\n|-start|p2b: Empoleon|move: Leech Seed\n|\n|-weather|Snow|[upkeep]\n|-heal|p1b: Glaceon|16\/100|[from] ability: Ice Body\n|-heal|p1b: Glaceon|66\/100|[from] move: Wish|[wisher] Glaceon\n|-heal|p1b: Glaceon|72\/100|[from] item: Leftovers\n|-damage|p2b: Empoleon|66\/100 slp|[from] Leech Seed|[of] p1a: Abomasnow\n|upkeep\n|inactive|hollyland has 120 seconds left.\n|\n|t:|1697687302\n|switch|p2a: Lurantis|Lurantis, F|100\/100\n|-damage|p2a: Lurantis|88\/100|[from] Stealth Rock\n|turn|8\n|\n|t:|1697687315\n|switch|p1a: Cryogonal|Cryogonal, shiny|100\/100\n|move|p1b: Glaceon|Yawn|p2a: Lurantis\n|-start|p2a: Lurantis|move: Yawn|[of] p1b: Glaceon\n|cant|p2b: Empoleon|slp\n|move|p2a: Lurantis|Superpower|p1b: Glaceon\n|-supereffective|p1b: Glaceon\n|-damage|p1b: Glaceon|42\/100\n|-boost|p2a: Lurantis|atk|1\n|-boost|p2a: Lurantis|def|1\n|\n|-weather|Snow|[upkeep]\n|-heal|p1b: Glaceon|48\/100|[from] ability: Ice Body\n|-heal|p1b: Glaceon|54\/100|[from] item: Leftovers\n|-damage|p2b: Empoleon|53\/100 slp|[from] Leech Seed|[of] p1a: Cryogonal\n|-sideend|p1: zambonikiller123|move: Aurora Veil\n|upkeep\n|turn|9\n|\n|t:|1697687343\n|switch|p2a: Meowscarada|Meowscarada, F|100\/100\n|-damage|p2a: Meowscarada|88\/100|[from] Stealth Rock\n|move|p1b: Glaceon|Protect|p1b: Glaceon\n|-singleturn|p1b: Glaceon|Protect\n|move|p1a: Cryogonal|Aurora Veil|p1a: Cryogonal\n|-sidestart|p1: zambonikiller123|move: Aurora Veil\n|-curestatus|p2b: Empoleon|slp|[msg]\n|move|p2b: Empoleon|Flash Cannon|p1b: Glaceon\n|-activate|p1b: Glaceon|move: Protect\n|\n|-weather|Snow|[upkeep]\n|-heal|p1b: Glaceon|60\/100|[from] ability: Ice Body\n|-heal|p1b: Glaceon|67\/100|[from] item: Leftovers\n|-damage|p2b: Empoleon|41\/100|[from] Leech Seed|[of] p1a: Cryogonal\n|upkeep\n|turn|10\n|\n|t:|1697687356\n|move|p2a: Meowscarada|Grass Pledge|p1b: Glaceon\n|-waiting|p2a: Meowscarada|p2b: Empoleon\n|move|p2b: Empoleon|Water Pledge|p1b: Glaceon|[from]move: Grass Pledge\n|-combine\n|-damage|p1b: Glaceon|18\/100\n|-sidestart|p1: zambonikiller123|Grass Pledge\n|move|p1a: Cryogonal|Icy Wind|p2b: Empoleon|[spread] p2a,p2b\n|-supereffective|p2a: Meowscarada\n|-crit|p2a: Meowscarada\n|-resisted|p2b: Empoleon\n|-damage|p2a: Meowscarada|25\/100\n|-damage|p2b: Empoleon|39\/100\n|-unboost|p2a: Meowscarada|spe|1\n|-unboost|p2b: Empoleon|spe|1\n|-ability|p2b: Empoleon|Competitive|boost\n|-boost|p2b: Empoleon|spa|2\n|move|p1b: Glaceon|Yawn|p2b: Empoleon\n|-start|p2b: Empoleon|move: Yawn|[of] p1b: Glaceon\n|\n|-weather|Snow|[upkeep]\n|-heal|p1b: Glaceon|24\/100|[from] ability: Ice Body\n|-heal|p1b: Glaceon|30\/100|[from] item: Leftovers\n|-damage|p2b: Empoleon|27\/100|[from] Leech Seed|[of] p1a: Cryogonal\n|upkeep\n|turn|11\n|c|\u2606zambonikiller123|!dt water pledge\n|raw|<ul class=\"utilichart\"><li class=\"result\"><span class=\"col movenamecol\"><a href=\"https:\/\/dex.pokemonshowdown.com\/moves\/waterpledge\">Water Pledge<\/a><\/span> <span class=\"col typecol\"><img src=\"\/\/play.pokemonshowdown.com\/sprites\/types\/Water.png\" alt=\"Water\" width=\"32\" height=\"14\"><img src=\"\/\/play.pokemonshowdown.com\/sprites\/categories\/Special.png\" alt=\"Special\" width=\"32\" height=\"14\"><\/span> <span class=\"col labelcol\"><em>Power<\/em><br>80<\/span> <span class=\"col widelabelcol\"><em>Accuracy<\/em><br>100%<\/span> <span class=\"col pplabelcol\"><em>PP<\/em><br>16<\/span> <span class=\"col movedesccol\">Use with Grass or Fire Pledge for added effect.<\/span> <\/li><li style=\"clear:both\"><\/li><\/ul>\n|raw|<font size=\"1\"><font color=\"#686868\">Priority:<\/font> 0&nbsp;|&ThickSpace;<font color=\"#686868\">Gen:<\/font> 5&nbsp;|&ThickSpace;<font color=\"#686868\">Z-Power:<\/font> 160&nbsp;|&ThickSpace;<font color=\"#686868\">Dynamax Power:<\/font> 130&nbsp;|&ThickSpace;<font color=\"#686868\">Target:<\/font> One Adjacent Pok\u00e9mon<\/font>\n\n|inactive|zambonikiller123 has 120 seconds left.\n|inactive|hollyland has 120 seconds left.\n|\n|t:|1697687395\n|move|p1b: Glaceon|Protect|p1b: Glaceon\n|-singleturn|p1b: Glaceon|Protect\n|move|p2a: Meowscarada|Grass Pledge|p1b: Glaceon\n|-activate|p1b: Glaceon|move: Protect\n|move|p2b: Empoleon|Flash Cannon|p1a: Cryogonal\n|-supereffective|p1a: Cryogonal\n|-damage|p1a: Cryogonal|27\/100\n|move|p1a: Cryogonal|Haze|p1a: Cryogonal\n|-clearallboost\n|\n|-weather|none\n|-heal|p1b: Glaceon|36\/100|[from] item: Leftovers\n|-damage|p2b: Empoleon|14\/100|[from] Leech Seed|[of] p1a: Cryogonal\n|-heal|p1a: Cryogonal|40\/100|[silent]\n|-end|p2b: Empoleon|move: Yawn|[silent]\n|-status|p2b: Empoleon|slp\n|upkeep\n|turn|12\n|\n|t:|1697687411\n|switch|p2a: Lurantis|Lurantis, F|88\/100\n|-damage|p2a: Lurantis|75\/100|[from] Stealth Rock\n|switch|p2b: Shiftry|Shiftry, F|100\/100\n|-damage|p2b: Shiftry|88\/100|[from] Stealth Rock\n|move|p1a: Cryogonal|Icy Wind|p2b: Shiftry|[spread] p2a\n|-ability|p2b: Shiftry|Wind Rider|boost\n|-boost|p2b: Shiftry|atk|1\n|-supereffective|p2a: Lurantis\n|-damage|p2a: Lurantis|56\/100\n|-boost|p2a: Lurantis|spe|1\n|move|p1b: Glaceon|Wish|p1b: Glaceon\n|\n|-heal|p1b: Glaceon|42\/100|[from] item: Leftovers\n|upkeep\n|turn|13\n|c|\u2606zambonikiller123|!dt wind rider\n|raw|<ul class=\"utilichart\"><li class=\"result\"><span class=\"col namecol\"><a href=\"https:\/\/dex.pokemonshowdown.com\/abilities\/windrider\">Wind Rider<\/a><\/span> <span class=\"col abilitydesccol\">Attack raised by 1 if hit by a wind move or Tailwind begins. Wind move immunity.<\/span> <\/li><li style=\"clear:both\"><\/li><\/ul>\n|raw|<font size=\"1\"><font color=\"#686868\">Gen:<\/font> 9&nbsp;|&ThickSpace;&#10003; Ignored by Mold Breaker<\/font>\n\n|inactive|hollyland has 120 seconds left.\n|\n|t:|1697687447\n|move|p1b: Glaceon|Protect|p1b: Glaceon\n|-singleturn|p1b: Glaceon|Protect\n|move|p2b: Shiftry|Leaf Blade|p1b: Glaceon\n|-activate|p1b: Glaceon|move: Protect\n|move|p2a: Lurantis|Petal Blizzard|p1a: Cryogonal|[spread] p1a\n|-activate|p1b: Glaceon|move: Protect\n|-ability|p2b: Shiftry|Wind Rider|boost\n|-boost|p2b: Shiftry|atk|1\n|-damage|p1a: Cryogonal|5\/100\n|move|p1a: Cryogonal|Haze|p1a: Cryogonal\n|-clearallboost\n|\n|-heal|p1b: Glaceon|92\/100|[from] move: Wish|[wisher] Glaceon\n|-heal|p1b: Glaceon|99\/100|[from] item: Leftovers\n|-sideend|p1: zambonikiller123|Grass Pledge\n|-sideend|p1: zambonikiller123|move: Aurora Veil\n|upkeep\n|turn|14\n|inactive|zambonikiller123 has 120 seconds left.\n|\n|t:|1697687477\n|move|p1a: Cryogonal|Rapid Spin|p2b: Shiftry\n|-damage|p2b: Shiftry|79\/100\n|-boost|p1a: Cryogonal|spe|1\n|move|p2b: Shiftry|Tailwind|p2b: Shiftry\n|-sidestart|p2: hollyland|move: Tailwind\n|-ability|p2b: Shiftry|Wind Rider|boost\n|-boost|p2b: Shiftry|atk|1\n|move|p2a: Lurantis|Petal Blizzard|p1b: Glaceon|[spread] p1a,p1b\n|-ability|p2b: Shiftry|Wind Rider|boost\n|-boost|p2b: Shiftry|atk|1\n|-damage|p1a: Cryogonal|0 fnt\n|-damage|p1b: Glaceon|70\/100\n|faint|p1a: Cryogonal\n|move|p1b: Glaceon|Freeze-Dry|p2a: Lurantis\n|-supereffective|p2a: Lurantis\n|-damage|p2a: Lurantis|14\/100\n|\n|-heal|p1b: Glaceon|76\/100|[from] item: Leftovers\n|upkeep\n|\n|t:|1697687480\n|switch|p1a: Abomasnow|Abomasnow, F, shiny|100\/100\n|-weather|Snow|[from] ability: Snow Warning|[of] p1a: Abomasnow\n|turn|15\n|inactive|hollyland has 120 seconds left.\n|\n|t:|1697687520\n|move|p2b: Shiftry|Protect|p2b: Shiftry\n|-singleturn|p2b: Shiftry|Protect\n|move|p2a: Lurantis|Superpower|p1a: Abomasnow\n|-supereffective|p1a: Abomasnow\n|-damage|p1a: Abomasnow|49\/100\n|-boost|p2a: Lurantis|atk|1\n|-boost|p2a: Lurantis|def|1\n|move|p1b: Glaceon|Yawn|p2b: Shiftry\n|-activate|p2b: Shiftry|move: Protect\n|move|p1a: Abomasnow|Aurora Veil|p1a: Abomasnow\n|-sidestart|p1: zambonikiller123|move: Aurora Veil\n|\n|-weather|Snow|[upkeep]\n|-heal|p1b: Glaceon|82\/100|[from] ability: Ice Body\n|-heal|p1b: Glaceon|88\/100|[from] item: Leftovers\n|upkeep\n|turn|16\n|inactive|hollyland has 120 seconds left.\n|\n|t:|1697687548\n|-terastallize|p1a: Abomasnow|Grass\n|move|p2b: Shiftry|Knock Off|p1b: Glaceon\n|-damage|p1b: Glaceon|54\/100\n|-enditem|p1b: Glaceon|Leftovers|[from] move: Knock Off|[of] p2b: Shiftry\n|move|p2a: Lurantis|Petal Blizzard|p1b: Glaceon|[spread] p1a,p1b\n|-ability|p2b: Shiftry|Wind Rider|boost\n|-boost|p2b: Shiftry|atk|1\n|-resisted|p1a: Abomasnow\n|-damage|p1a: Abomasnow|34\/100\n|-damage|p1b: Glaceon|35\/100\n|move|p1b: Glaceon|Yawn|p2b: Shiftry\n|-start|p2b: Shiftry|move: Yawn|[of] p1b: Glaceon\n|move|p1a: Abomasnow|Blizzard|p2a: Lurantis|[spread] p2a\n|-ability|p2b: Shiftry|Wind Rider|boost\n|-boost|p2b: Shiftry|atk|1\n|-supereffective|p2a: Lurantis\n|-damage|p2a: Lurantis|0 fnt\n|faint|p2a: Lurantis\n|\n|-weather|Snow|[upkeep]\n|-heal|p1b: Glaceon|41\/100|[from] ability: Ice Body\n|upkeep\n|\n|t:|1697687562\n|switch|p2a: Meowscarada|Meowscarada, F|25\/100\n|-damage|p2a: Meowscarada|13\/100|[from] Stealth Rock\n|turn|17\n|\n|t:|1697687569\n|move|p1b: Glaceon|Protect|p1b: Glaceon\n|-singleturn|p1b: Glaceon|Protect\n|move|p2a: Meowscarada|Knock Off|p1a: Abomasnow\n|-damage|p1a: Abomasnow|5\/100\n|-enditem|p1a: Abomasnow|Light Clay|[from] move: Knock Off|[of] p2a: Meowscarada\n|move|p2b: Shiftry|Knock Off|p1a: Abomasnow\n|-damage|p1a: Abomasnow|0 fnt\n|faint|p1a: Abomasnow\n|\n|-weather|Snow|[upkeep]\n|-heal|p1b: Glaceon|47\/100|[from] ability: Ice Body\n|-end|p2b: Shiftry|move: Yawn|[silent]\n|-status|p2b: Shiftry|slp\n|-sideend|p2: hollyland|move: Tailwind\n|upkeep\n|turn|18\n|\n|t:|1697687578\n|move|p2a: Meowscarada|Knock Off|p1b: Glaceon\n|-damage|p1b: Glaceon|36\/100\n|cant|p2b: Shiftry|slp\n|move|p1b: Glaceon|Wish|p1b: Glaceon\n|\n|-weather|Snow|[upkeep]\n|-heal|p1b: Glaceon|42\/100|[from] ability: Ice Body\n|upkeep\n|turn|19\n|\n|t:|1697687587\n|move|p2a: Meowscarada|Knock Off|p1b: Glaceon\n|-damage|p1b: Glaceon|31\/100\n|cant|p2b: Shiftry|slp\n|move|p1b: Glaceon|Freeze-Dry|p2b: Shiftry\n|-supereffective|p2b: Shiftry\n|-damage|p2b: Shiftry|0 fnt\n|faint|p2b: Shiftry\n|\n|-weather|none\n|-heal|p1b: Glaceon|81\/100|[from] move: Wish|[wisher] Glaceon\n|upkeep\n|\n|t:|1697687590\n|switch|p2b: Empoleon|Empoleon, M|14\/100 slp\n|-damage|p2b: Empoleon|8\/100 slp|[from] Stealth Rock\n|turn|20\n|\n|t:|1697687594\n|move|p2a: Meowscarada|Knock Off|p1b: Glaceon\n|-crit|p1b: Glaceon\n|-damage|p1b: Glaceon|46\/100\n|move|p1b: Glaceon|Freeze-Dry|p2b: Empoleon\n|-damage|p2b: Empoleon|0 fnt\n|faint|p2b: Empoleon\n|\n|upkeep\n|turn|21\n|\n|t:|1697687597\n|move|p2a: Meowscarada|Knock Off|p1b: Glaceon\n|-damage|p1b: Glaceon|28\/100\n|move|p1b: Glaceon|Wish|p1b: Glaceon\n|\n|upkeep\n|turn|22\n|-message|hollyland forfeited.\n|\n|win|zambonikiller123\n|raw|zambonikiller123's rating: 1309 &rarr; <strong>1340<\/strong><br \/>(+31 for winning)\n|raw|hollyland's rating: 1522 &rarr; <strong>1491<\/strong><br \/>(-31 for losing)\n|l|\u2606hollyland\n","uploadtime":1697687609,"views":6,"p1id":"zambonikiller123","p2id":"hollyland","formatid":"gen9doublesou","rating":1340,"private":0,"password":""}