{"id":"gen9doublesou-1988110875","p1":"BetaBroBox","p2":"Jyoster","format":"[Gen 9] Doubles OU","log":"|j|\u2606BetaBroBox\n|j|\u2606Jyoster\n|t:|1699670854\n|gametype|doubles\n|player|p1|BetaBroBox|nate|\n|player|p2|Jyoster|lusamine-masters|\n|teamsize|p1|6\n|teamsize|p2|6\n|gen|9\n|tier|[Gen 9] Doubles OU\n|rule|Species Clause: Limit one of each Pok\u00e9mon\n|rule|OHKO Clause: OHKO moves are banned\n|rule|Evasion Moves Clause: Evasion moves are banned\n|rule|Gravity Sleep Clause: The combination of sleep-inducing moves with imperfect accuracy and Gravity or Gigantamax Orbeetle are banned\n|rule|Endless Battle Clause: Forcing endless battles is banned\n|rule|HP Percentage Mod: HP is shown in percentages\n|clearpoke\n|poke|p1|Jumpluff, F|\n|poke|p1|Tsareena, F|\n|poke|p1|Goodra, M|\n|poke|p1|Dachsbun, M|\n|poke|p1|Staraptor, F|\n|poke|p1|Meowscarada, F|\n|poke|p2|Golem-Alola, F|\n|poke|p2|Rabsca, F|\n|poke|p2|Grafaiai, F|\n|poke|p2|Sinistcha|\n|poke|p2|Kommo-o, F|\n|poke|p2|Palafin, F|\n|teampreview\n|c|\u2606Jyoster|GL\n|c|\u2606BetaBroBox|have fun\n|c|\u2606Jyoster|same\n|\n|t:|1699670894\n|start\n|switch|p1a: Satono|Jumpluff, F, shiny|100\/100\n|switch|p1b: Mai|Tsareena, F|100\/100\n|switch|p2a: Sinistcha|Sinistcha|100\/100\n|switch|p2b: Kommo-o|Kommo-o, F|100\/100\n|turn|1\n|j| meltingbro\n|\n|t:|1699670939\n|move|p2a: Sinistcha|Rage Powder|p2a: Sinistcha\n|-singleturn|p2a: Sinistcha|move: Rage Powder\n|move|p1a: Satono|Tailwind|p1a: Satono\n|-sidestart|p1: BetaBroBox|move: Tailwind\n|move|p1b: Mai|Teeter Dance|p2b: Kommo-o|[spread] p1a,p2a,p2b\n|-start|p1a: Satono|confusion\n|-start|p2a: Sinistcha|confusion\n|-start|p2b: Kommo-o|confusion\n|-enditem|p1a: Satono|Lum Berry|[eat]\n|-end|p1a: Satono|confusion\n|-activate|p2b: Kommo-o|confusion\n|move|p2b: Kommo-o|Clangorous Soul|p2b: Kommo-o\n|-boost|p2b: Kommo-o|atk|1\n|-boost|p2b: Kommo-o|def|1\n|-boost|p2b: Kommo-o|spa|1\n|-boost|p2b: Kommo-o|spd|1\n|-boost|p2b: Kommo-o|spe|1\n|-damage|p2b: Kommo-o|68\/100\n|-enditem|p2b: Kommo-o|Throat Spray\n|-boost|p2b: Kommo-o|spa|1|[from] item: Throat Spray\n|\n|upkeep\n|turn|2\n|l| meltingbro\n|c|\u2606BetaBroBox|this is intimidating\n|\n|t:|1699670993\n|switch|p1a: Tyrant|Goodra, M|100\/100\n|switch|p2a: Rabsca|Rabsca, F|100\/100\n|-terastallize|p2b: Kommo-o|Normal\n|-activate|p2b: Kommo-o|confusion\n|move|p2b: Kommo-o|Boomburst|p1a: Tyrant|[spread] p1a,p1b\n|-activate|p2a: Rabsca|ability: Telepathy\n|-damage|p1a: Tyrant|43\/100\n|-damage|p1b: Mai|18\/100\n|move|p1b: Mai|Trop Kick|p2b: Kommo-o\n|-damage|p2b: Kommo-o|47\/100\n|-unboost|p2b: Kommo-o|atk|1\n|\n|-heal|p1a: Tyrant|49\/100|[from] item: Leftovers\n|upkeep\n|turn|3\n|\n|t:|1699671023\n|-activate|p2b: Kommo-o|confusion\n|move|p2b: Kommo-o|Boomburst|p1a: Tyrant|[spread] p1a,p1b\n|-activate|p2a: Rabsca|ability: Telepathy\n|-damage|p1a: Tyrant|0 fnt\n|-damage|p1b: Mai|0 fnt\n|faint|p1a: Tyrant\n|faint|p1b: Mai\n|move|p2a: Rabsca|Trick Room|p2a: Rabsca\n|-fieldstart|move: Trick Room|[of] p2a: Rabsca\n|\n|upkeep\n|\n|t:|1699671035\n|switch|p1b: Satono|Jumpluff, F, shiny|100\/100\n|switch|p1a: Dachsbun|Dachsbun, M|100\/100\n|turn|4\n|\n|t:|1699671056\n|-terastallize|p1a: Dachsbun|Steel\n|move|p2a: Rabsca|Light Screen|p2a: Rabsca\n|-sidestart|p2: Jyoster|move: Light Screen\n|-activate|p2b: Kommo-o|confusion\n|move|p2b: Kommo-o|Boomburst|p1a: Dachsbun|[spread] p1a,p1b\n|-activate|p2a: Rabsca|ability: Telepathy\n|-resisted|p1a: Dachsbun\n|-damage|p1a: Dachsbun|65\/100\n|-damage|p1b: Satono|9\/100\n|move|p1a: Dachsbun|Snarl|p2b: Kommo-o|[spread] p2a,p2b\n|-supereffective|p2a: Rabsca\n|-damage|p2a: Rabsca|96\/100\n|-damage|p2b: Kommo-o|44\/100\n|-unboost|p2a: Rabsca|spa|1\n|-unboost|p2b: Kommo-o|spa|1\n|move|p1b: Satono|Worry Seed|p2a: Rabsca\n|-endability|p2a: Rabsca|Telepathy|[from] move: Worry Seed\n|-ability|p2a: Rabsca|Insomnia|[from] move: Worry Seed\n|\n|-sideend|p1: BetaBroBox|move: Tailwind\n|upkeep\n|turn|5\n|\n|t:|1699671100\n|switch|p2a: Golem|Golem-Alola, F, shiny|100\/100\n|move|p1a: Dachsbun|Play Rough|p2b: Kommo-o\n|-crit|p2b: Kommo-o\n|-damage|p2b: Kommo-o|0 fnt\n|faint|p2b: Kommo-o\n|move|p1b: Satono|Pollen Puff|p1a: Dachsbun\n|-heal|p1a: Dachsbun|100\/100\n|\n|upkeep\n|\n|t:|1699671120\n|switch|p2b: Rabsca|Rabsca, F|96\/100\n|turn|6\n|\n|t:|1699671165\n|move|p1b: Satono|Helping Hand|p1a: Dachsbun\n|-singleturn|p1a: Dachsbun|Helping Hand|[of] p1b: Satono\n|move|p2b: Rabsca|Revival Blessing|p2b: Rabsca\n|\n|t:|1699671170\n|-heal|p2: Kommo-o|50\/100|[from] move: Revival Blessing\n|move|p2a: Golem|Explosion|p1a: Dachsbun|[spread] p1a,p1b\n|-activate|p2b: Rabsca|ability: Telepathy\n|-damage|p1a: Dachsbun|0 fnt\n|-damage|p1b: Satono|0 fnt\n|faint|p2a: Golem\n|faint|p1a: Dachsbun\n|faint|p1b: Satono\n|\n|upkeep\n|\n|t:|1699671181\n|switch|p2a: Grafaiai|Grafaiai, F|100\/100\n|switch|p1a: Staraptor|Staraptor, F|100\/100\n|switch|p1b: Tomfoolery|Meowscarada, F|100\/100\n|turn|7\n|\n|t:|1699671233\n|move|p2a: Grafaiai|Copycat|p2a: Grafaiai\n|move|p2a: Grafaiai|Explosion|p1a: Staraptor|[from]move: Copycat|[spread] p1a\n|-activate|p2b: Rabsca|ability: Telepathy\n|-hint|Since gen 7, Dark is immune to Prankster moves.\n|-immune|p1b: Tomfoolery\n|-damage|p1a: Staraptor|0 fnt\n|faint|p2a: Grafaiai\n|faint|p1a: Staraptor\n|move|p2b: Rabsca|Memento|p1b: Tomfoolery\n|-unboost|p1b: Tomfoolery|atk|2\n|-unboost|p1b: Tomfoolery|spa|2\n|faint|p2b: Rabsca\n|move|p1b: Tomfoolery|Knock Off|p2: Grafaiai|[notarget]\n|-fail|p1b: Tomfoolery\n|\n|-fieldend|move: Trick Room\n|upkeep\n|\n|t:|1699671251\n|switch|p2a: Kommo-o|Kommo-o, F|50\/100\n|switch|p2b: Sinistcha|Sinistcha|100\/100\n|-heal|p2a: Kommo-o|75\/100|[from] ability: Hospitality|[of] p2b: Sinistcha\n|turn|8\n|c|\u2606BetaBroBox|guess my goofy gimmick was no good\n|c|\u2606Jyoster|It's good, just needs work.\n|\n|t:|1699671279\n|move|p2b: Sinistcha|Rage Powder|p2b: Sinistcha\n|-singleturn|p2b: Sinistcha|move: Rage Powder\n|move|p1b: Tomfoolery|Play Rough|p2a: Kommo-o\n|-start|p1b: Tomfoolery|typechange|Fairy|[from] ability: Protean\n|-supereffective|p2a: Kommo-o\n|-damage|p2a: Kommo-o|0 fnt\n|faint|p2a: Kommo-o\n|\n|-sideend|p2: Jyoster|move: Light Screen\n|upkeep\n|c|\u2606Jyoster|Ah right...\n|\n|t:|1699671297\n|switch|p2a: Palafin|Palafin, F|100\/100\n|turn|9\n|\n|t:|1699671312\n|move|p2a: Palafin|Protect|p2a: Palafin\n|-singleturn|p2a: Palafin|Protect\n|move|p1b: Tomfoolery|Flower Trick|p2a: Palafin\n|-activate|p2a: Palafin|move: Protect\n|move|p2b: Sinistcha|Matcha Gotcha|p1b: Tomfoolery\n|-damage|p1b: Tomfoolery|44\/100\n|\n|upkeep\n|turn|10\n|\n|t:|1699671334\n|move|p2a: Palafin|Jet Punch|p1b: Tomfoolery\n|-damage|p1b: Tomfoolery|16\/100\n|move|p1b: Tomfoolery|Flower Trick|p2a: Palafin\n|-supereffective|p2a: Palafin\n|-crit|p2a: Palafin\n|-damage|p2a: Palafin|24\/100\n|move|p2b: Sinistcha|Matcha Gotcha|p1b: Tomfoolery\n|-damage|p1b: Tomfoolery|0 fnt\n|faint|p1b: Tomfoolery\n|\n|win|Jyoster\n|c|\u2606BetaBroBox|gg\n|c|\u2606Jyoster|gg\n","uploadtime":1699671351,"views":18,"p1id":"betabrobox","p2id":"jyoster","formatid":"gen9doublesou","rating":0,"private":0,"password":""}