{"id":"gen9doublesou-1983567008","p1":"MSMVOSE","p2":"DefnotDio","format":"[Gen 9] Doubles OU","log":"|j|\u2606MSMVOSE\n|j|\u2606DefnotDio\n|t:|1699144212\n|gametype|doubles\n|player|p1|MSMVOSE|265|\n|player|p2|DefnotDio|2|\n|teamsize|p1|6\n|teamsize|p2|6\n|gen|9\n|tier|[Gen 9] Doubles OU\n|rule|Species Clause: Limit one of each Pok\u00e9mon\n|rule|OHKO Clause: OHKO moves are banned\n|rule|Evasion Moves Clause: Evasion moves are banned\n|rule|Gravity Sleep Clause: The combination of sleep-inducing moves with imperfect accuracy and Gravity or Gigantamax Orbeetle are banned\n|rule|Endless Battle Clause: Forcing endless battles is banned\n|rule|HP Percentage Mod: HP is shown in percentages\n|clearpoke\n|poke|p1|Froslass, F|\n|poke|p1|Hatterene, F|\n|poke|p1|Cacturne, M|\n|poke|p1|Altaria, M|\n|poke|p1|Cyclizar, M|\n|poke|p1|Houndoom, F|\n|poke|p2|Falinks|\n|poke|p2|Oricorio-Pom-Pom, M|\n|poke|p2|Vivillon-Pokeball, F|\n|poke|p2|Pincurchin, M|\n|poke|p2|Overqwil, M|\n|poke|p2|Avalugg-Hisui, F|\n|teampreview\n|j| Shrimpking\n|c| Shrimpking|I HAVE ARRIVED\n|\n|t:|1699144284\n|start\n|switch|p1a: Odell|Cacturne, M|100\/100\n|switch|p1b: Tremna|Hatterene, F, shiny|100\/100\n|switch|p2a: Poppy|Oricorio-Pom-Pom, M|100\/100\n|switch|p2b: Poccy|Pincurchin, M|100\/100\n|-fieldstart|move: Electric Terrain|[from] ability: Electric Surge|[of] p2b: Poccy\n|turn|1\n|j| Hazurrdust\n|c| Hazurrdust|PeePee\n|\n|t:|1699144422\n|switch|p1a: Harley|Froslass, F|100\/100\n|move|p2a: Poppy|Agility|p2a: Poppy\n|-boost|p2a: Poppy|spe|2\n|move|p1b: Tremna|Psyshock|p2a: Poppy\n|-damage|p2a: Poppy|33\/100\n|move|p2b: Poccy|Poison Jab|p1b: Tremna\n|-supereffective|p1b: Tremna\n|-damage|p1b: Tremna|58\/100\n|-enditem|p1b: Tremna|Enigma Berry|[eat]\n|-heal|p1b: Tremna|82\/100|[from] item: Enigma Berry|[of] p2b: Poccy\n|\n|upkeep\n|turn|2\n|\n|t:|1699144475\n|move|p2a: Poppy|Baton Pass|p2a: Poppy\n|\n|t:|1699144482\n|switch|p2a: Fugu|Overqwil, M|100\/100|[from] Baton Pass\n|-ability|p2a: Fugu|Intimidate|boost\n|-unboost|p1a: Harley|atk|1\n|-unboost|p1b: Tremna|atk|1\n|move|p1a: Harley|Shadow Ball|p2b: Poccy\n|-damage|p2b: Poccy|65\/100\n|move|p1b: Tremna|Calm Mind|p1b: Tremna\n|-boost|p1b: Tremna|spa|1\n|-boost|p1b: Tremna|spd|1\n|move|p2b: Poccy|Acupressure|p2b: Poccy\n|-boost|p2b: Poccy|accuracy|2\n|\n|upkeep\n|turn|3\n|\n|t:|1699144534\n|move|p2a: Fugu|Sludge Bomb|p1b: Tremna\n|-supereffective|p1b: Tremna\n|-damage|p1b: Tremna|30\/100\n|-status|p1b: Tremna|psn\n|-damage|p2a: Fugu|91\/100|[from] item: Life Orb\n|move|p1a: Harley|Blizzard|p2a: Fugu|[spread] p2a,p2b\n|-crit|p2b: Poccy\n|-damage|p2a: Fugu|40\/100\n|-damage|p2b: Poccy|7\/100\n|move|p1b: Tremna|Calm Mind|p1b: Tremna\n|-boost|p1b: Tremna|spa|1\n|-boost|p1b: Tremna|spd|1\n|move|p2b: Poccy|Zing Zap|p1a: Harley\n|-damage|p1a: Harley|55\/100\n|-start|p2b: Poccy|Disable|Zing Zap|[from] ability: Cursed Body|[of] p1a: Harley\n|\n|-damage|p1b: Tremna|18\/100 psn|[from] psn\n|upkeep\n|turn|4\n|\n|t:|1699144558\n|move|p2a: Fugu|Barb Barrage|p1b: Tremna\n|-supereffective|p1b: Tremna\n|-crit|p1b: Tremna\n|-damage|p1b: Tremna|0 fnt\n|faint|p1b: Tremna\n|-damage|p2a: Fugu|30\/100|[from] item: Life Orb\n|move|p1a: Harley|Blizzard|p2b: Poccy|[spread] p2a\n|-miss|p1a: Harley|p2b: Poccy\n|-enditem|p1a: Harley|Blunder Policy\n|-boost|p1a: Harley|spe|2\n|-damage|p2a: Fugu|0 fnt\n|faint|p2a: Fugu\n|move|p2b: Poccy|Acupressure|p2b: Poccy\n|-boost|p2b: Poccy|accuracy|2\n|\n|upkeep\n|\n|t:|1699144577\n|switch|p2a: Roman|Falinks, shiny|100\/100\n|switch|p1b: Odell|Cacturne, M|100\/100\n|turn|5\n|c| Shrimpking|WIFI PROBLEMS\n|\n|t:|1699144642\n|move|p1a: Harley|Hex|p2b: Poccy\n|-damage|p2b: Poccy|0 fnt\n|faint|p2b: Poccy\n|move|p2a: Roman|No Retreat|p2a: Roman\n|-boost|p2a: Roman|atk|1\n|-boost|p2a: Roman|def|1\n|-boost|p2a: Roman|spa|1\n|-boost|p2a: Roman|spd|1\n|-boost|p2a: Roman|spe|1\n|-start|p2a: Roman|move: No Retreat\n|move|p1b: Odell|Giga Drain|p2a: Roman\n|-damage|p2a: Roman|65\/100\n|\n|-heal|p2a: Roman|71\/100|[from] item: Leftovers\n|-fieldend|move: Electric Terrain\n|upkeep\n|\n|t:|1699144654\n|switch|p2b: Poky|Vivillon-Pokeball, F|100\/100\n|turn|6\n|\n|t:|1699144672\n|move|p1a: Harley|Shadow Ball|p2a: Roman\n|-damage|p2a: Roman|41\/100\n|move|p2a: Roman|Swords Dance|p2a: Roman\n|-boost|p2a: Roman|atk|2\n|move|p2b: Poky|Pollen Puff|p2a: Roman\n|-heal|p2a: Roman|91\/100\n|move|p1b: Odell|Leaf Storm|p2a: Roman\n|-damage|p2a: Roman|27\/100\n|-unboost|p1b: Odell|spa|2\n|\n|-heal|p2a: Roman|33\/100|[from] item: Leftovers\n|upkeep\n|turn|7\n|\n|t:|1699144738\n|move|p1a: Harley|Blizzard|p2b: Poky|[spread] p2a\n|-miss|p1a: Harley|p2b: Poky\n|-damage|p2a: Roman|2\/100\n|move|p2a: Roman|Trailblaze|p1a: Harley\n|-damage|p1a: Harley|0 fnt\n|-boost|p2a: Roman|spe|1\n|-start|p2a: Roman|Disable|Trailblaze|[from] ability: Cursed Body|[of] p1a: Harley\n|faint|p1a: Harley\n|move|p2b: Poky|Pollen Puff|p1b: Odell\n|-supereffective|p1b: Odell\n|-damage|p1b: Odell|0 fnt\n|faint|p1b: Odell\n|\n|-heal|p2a: Roman|8\/100|[from] item: Leftovers\n|upkeep\n|c| Shrimpking|O_O\n|c| Shrimpking|WOOOOOOOOOOOOHHHHHHHHHHHHHHH\n|\n|t:|1699144761\n|switch|p1a: Bicaous|Altaria, M, shiny|100\/100\n|switch|p1b: Laedere|Cyclizar, M|100\/100\n|-ability|p1a: Bicaous|Cloud Nine\n|turn|8\n|c| Shrimpking|A-N-A-MALISTICCC!!!!!\n|c| Shrimpking|A-N-A-MALISTICCCCCC!!!!!!!!!!!!\n|\n|t:|1699144794\n|move|p2a: Roman|Body Press|p1b: Laedere\n|-supereffective|p1b: Laedere\n|-damage|p1b: Laedere|0 fnt\n|faint|p1b: Laedere\n|move|p2b: Poky|Sleep Powder|p1a: Bicaous\n|-status|p1a: Bicaous|slp|[from] move: Sleep Powder\n|cant|p1a: Bicaous|slp\n|\n|-heal|p2a: Roman|14\/100|[from] item: Leftovers\n|upkeep\n|\n|t:|1699144803\n|switch|p1b: Mikini|Houndoom, F|100\/100\n|-ability|p1b: Mikini|Unnerve\n|turn|9\n|\n|t:|1699144856\n|move|p1b: Mikini|Sucker Punch|p2a: Roman\n|-resisted|p2a: Roman\n|-damage|p2a: Roman|8\/100\n|move|p2a: Roman|Body Press|p1b: Mikini\n|-supereffective|p1b: Mikini\n|-crit|p1b: Mikini\n|-damage|p1b: Mikini|0 fnt\n|faint|p1b: Mikini\n|move|p2b: Poky|Quiver Dance|p2b: Poky\n|-boost|p2b: Poky|spa|1\n|-boost|p2b: Poky|spd|1\n|-boost|p2b: Poky|spe|1\n|-curestatus|p1a: Bicaous|slp|[msg]\n|move|p1a: Bicaous|Dragon Dance|p1a: Bicaous\n|-boost|p1a: Bicaous|atk|1\n|-boost|p1a: Bicaous|spe|1\n|\n|-heal|p2a: Roman|14\/100|[from] item: Leftovers\n|upkeep\n|turn|10\n|\n|t:|1699144892\n|move|p2b: Poky|Pollen Puff|p2a: Roman\n|-heal|p2a: Roman|64\/100\n|move|p2a: Roman|Body Press|p1a: Bicaous\n|-resisted|p1a: Bicaous\n|-damage|p1a: Bicaous|80\/100\n|move|p1a: Bicaous|Draco Meteor|p2b: Poky\n|-damage|p2b: Poky|44\/100\n|-unboost|p1a: Bicaous|spa|2\n|\n|-heal|p2b: Poky|50\/100|[from] item: Leftovers\n|-heal|p2a: Roman|70\/100|[from] item: Leftovers\n|-heal|p1a: Bicaous|86\/100|[from] item: Leftovers\n|-end|p2a: Roman|Disable\n|upkeep\n|turn|11\n|\n|t:|1699144917\n|move|p2b: Poky|Sleep Powder|p1a: Bicaous\n|-status|p1a: Bicaous|slp|[from] move: Sleep Powder\n|move|p2a: Roman|Swords Dance|p2a: Roman\n|-boost|p2a: Roman|atk|2\n|cant|p1a: Bicaous|slp\n|\n|-heal|p2b: Poky|56\/100|[from] item: Leftovers\n|-heal|p2a: Roman|76\/100|[from] item: Leftovers\n|-heal|p1a: Bicaous|92\/100 slp|[from] item: Leftovers\n|upkeep\n|turn|12\n|\n|t:|1699144935\n|move|p2b: Poky|Giga Drain|p1a: Bicaous\n|-resisted|p1a: Bicaous\n|-damage|p1a: Bicaous|84\/100 slp\n|-heal|p2b: Poky|60\/100|[from] drain|[of] p1a: Bicaous\n|move|p2a: Roman|Swords Dance|p2a: Roman\n|-boost|p2a: Roman|atk|1\n|cant|p1a: Bicaous|slp\n|\n|-heal|p2b: Poky|66\/100|[from] item: Leftovers\n|-heal|p2a: Roman|82\/100|[from] item: Leftovers\n|-heal|p1a: Bicaous|90\/100 slp|[from] item: Leftovers\n|upkeep\n|turn|13\n|\n|t:|1699144959\n|-terastallize|p1a: Bicaous|Dragon\n|move|p2b: Poky|Pollen Puff|p1a: Bicaous\n|-damage|p1a: Bicaous|25\/100 slp\n|move|p2a: Roman|Trailblaze|p1a: Bicaous\n|-resisted|p1a: Bicaous\n|-damage|p1a: Bicaous|0 fnt\n|-boost|p2a: Roman|spe|1\n|faint|p1a: Bicaous\n|\n|win|DefnotDio\n|l|\u2606MSMVOSE\n|l|\u2606DefnotDio\n","uploadtime":1699144977,"views":14,"p1id":"msmvose","p2id":"defnotdio","formatid":"gen9doublesou","rating":0,"private":0,"password":""}