{"id":"gen9doublesou-1974549153","p1":"nionionionionio","p2":"SXD2002","format":"[Gen 9] Doubles OU","log":"|j|\u2606nionionionionio\n|j|\u2606SXD2002\n|t:|1698096363\n|gametype|doubles\n|player|p1|nionionionionio|swimmerf|1084\n|player|p2|SXD2002|silver-masters|1123\n|teamsize|p1|6\n|teamsize|p2|6\n|gen|9\n|tier|[Gen 9] Doubles OU\n|rated|\n|rule|Species Clause: Limit one of each Pok\u00e9mon\n|rule|OHKO Clause: OHKO moves are banned\n|rule|Evasion Moves Clause: Evasion moves are banned\n|rule|Gravity Sleep Clause: The combination of sleep-inducing moves with imperfect accuracy and Gravity or Gigantamax Orbeetle are banned\n|rule|Endless Battle Clause: Forcing endless battles is banned\n|rule|HP Percentage Mod: HP is shown in percentages\n|clearpoke\n|poke|p1|Munchlax, F|\n|poke|p1|Fezandipiti, M|\n|poke|p1|Dudunsparce-*, F|\n|poke|p1|Iron Bundle|\n|poke|p1|Iron Moth|\n|poke|p1|Pawmot, M|\n|poke|p2|Lurantis, F|\n|poke|p2|Murkrow, M|\n|poke|p2|Grimmsnarl, M|\n|poke|p2|Clefairy, M|\n|poke|p2|Talonflame, M|\n|poke|p2|Espeon, M|\n|teampreview\n|inactive|Battle timer is ON: inactive players will automatically lose when time's up. (requested by SXD2002)\n|\n|t:|1698096371\n|start\n|switch|p1a: Dudunsparce|Dudunsparce-Three-Segment, F|100\/100\n|switch|p1b: Iron Bundle|Iron Bundle|100\/100\n|switch|p2a: Murkrow|Murkrow, M|100\/100\n|switch|p2b: Lurantis|Lurantis, F|100\/100\n|turn|1\n|\n|t:|1698096384\n|move|p2b: Lurantis|Protect|p2b: Lurantis\n|-singleturn|p2b: Lurantis|Protect\n|move|p1b: Iron Bundle|Rain Dance|p1b: Iron Bundle\n|-weather|RainDance\n|move|p2a: Murkrow|Snarl|p1a: Dudunsparce|[spread] p1a,p1b\n|-damage|p1a: Dudunsparce|89\/100\n|-damage|p1b: Iron Bundle|79\/100\n|-unboost|p1a: Dudunsparce|spa|1\n|-unboost|p1b: Iron Bundle|spa|1\n|move|p1a: Dudunsparce|Thunder|p2a: Murkrow\n|-supereffective|p2a: Murkrow\n|-damage|p2a: Murkrow|71\/100\n|-status|p2a: Murkrow|par\n|\n|-weather|RainDance|[upkeep]\n|upkeep\n|turn|2\n|\n|t:|1698096413\n|switch|p1a: Munchlax|Munchlax, F, shiny|100\/100\n|-terastallize|p2b: Lurantis|Steel\n|move|p2a: Murkrow|Feather Dance|p2b: Lurantis\n|-boost|p2b: Lurantis|atk|2\n|move|p1b: Iron Bundle|Encore|p2b: Lurantis\n|-start|p2b: Lurantis|Encore\n|move|p2b: Lurantis|Protect||[still]\n|-fail|p2b: Lurantis\n|\n|-weather|RainDance|[upkeep]\n|upkeep\n|turn|3\n|\n|t:|1698096442\n|move|p2b: Lurantis|Protect|p2b: Lurantis\n|-singleturn|p2b: Lurantis|Protect\n|move|p1b: Iron Bundle|Freeze-Dry|p2b: Lurantis\n|-activate|p2b: Lurantis|move: Protect\n|move|p2a: Murkrow|Snarl|p1b: Iron Bundle|[spread] p1a,p1b\n|-damage|p1a: Munchlax|94\/100\n|-damage|p1b: Iron Bundle|59\/100\n|-unboost|p1a: Munchlax|spa|1\n|-unboost|p1b: Iron Bundle|spa|1\n|move|p1a: Munchlax|Substitute|p1a: Munchlax\n|-start|p1a: Munchlax|Substitute\n|-damage|p1a: Munchlax|69\/100\n|\n|-weather|RainDance|[upkeep]\n|upkeep\n|turn|4\n|\n|t:|1698096469\n|-end|p1b: Iron Bundle|Quark Drive|[silent]\n|switch|p1b: Fezandipiti|Fezandipiti, M|100\/100\n|move|p2b: Lurantis|Protect||[still]\n|-fail|p2b: Lurantis\n|move|p2a: Murkrow|Thunder Wave|p1b: Fezandipiti|[miss]\n|-miss|p2a: Murkrow|p1b: Fezandipiti\n|move|p1a: Munchlax|Stockpile|p1a: Munchlax\n|-start|p1a: Munchlax|stockpile1\n|-boost|p1a: Munchlax|def|1\n|-boost|p1a: Munchlax|spd|1\n|\n|-weather|RainDance|[upkeep]\n|-end|p2b: Lurantis|Encore\n|upkeep\n|turn|5\n|\n|t:|1698096488\n|move|p2a: Murkrow|Thunder Wave|p1b: Fezandipiti|[miss]\n|-miss|p2a: Murkrow|p1b: Fezandipiti\n|move|p1b: Fezandipiti|Tail Slap|p2a: Murkrow\n|-damage|p2a: Murkrow|63\/100 par\n|-damage|p2a: Murkrow|55\/100 par\n|-hitcount|p2a: Murkrow|2\n|move|p2b: Lurantis|Leaf Storm|p1b: Fezandipiti|[miss]\n|-miss|p2b: Lurantis|p1b: Fezandipiti\n|move|p1a: Munchlax|Body Slam|p2a: Murkrow\n|-damage|p2a: Murkrow|19\/100 par\n|\n|-weather|RainDance|[upkeep]\n|upkeep\n|turn|6\n|inactive|nionionionionio has 120 seconds left.\n|\n|t:|1698096543\n|move|p1b: Fezandipiti|Protect|p1b: Fezandipiti\n|-singleturn|p1b: Fezandipiti|Protect\n|move|p2a: Murkrow|Screech|p2b: Lurantis\n|-boost|p2b: Lurantis|def|2\n|move|p2b: Lurantis|Superpower|p1a: Munchlax\n|-supereffective|p1a: Munchlax\n|-end|p1a: Munchlax|Substitute\n|-boost|p2b: Lurantis|atk|1\n|-boost|p2b: Lurantis|def|1\n|move|p1a: Munchlax|Stockpile|p1a: Munchlax\n|-start|p1a: Munchlax|stockpile2\n|-boost|p1a: Munchlax|def|1\n|-boost|p1a: Munchlax|spd|1\n|\n|-weather|RainDance|[upkeep]\n|upkeep\n|turn|7\n|inactive|nionionionionio has 120 seconds left.\n|\n|t:|1698096562\n|move|p2a: Murkrow|Feather Dance|p2b: Lurantis\n|-boost|p2b: Lurantis|atk|2\n|move|p1b: Fezandipiti|Dual Wingbeat|p2b: Lurantis\n|-resisted|p2b: Lurantis\n|-damage|p2b: Lurantis|98\/100\n|-resisted|p2b: Lurantis\n|-damage|p2b: Lurantis|96\/100\n|-hitcount|p2b: Lurantis|2\n|move|p2b: Lurantis|Superpower|p1a: Munchlax\n|-supereffective|p1a: Munchlax\n|-damage|p1a: Munchlax|0 fnt\n|-boost|p2b: Lurantis|atk|1\n|-boost|p2b: Lurantis|def|1\n|faint|p1a: Munchlax\n|\n|-weather|RainDance|[upkeep]\n|-heal|p2b: Lurantis|100\/100|[from] item: Leftovers\n|upkeep\n|\n|t:|1698096578\n|switch|p1a: Iron Moth|Iron Moth|100\/100\n|-enditem|p1a: Iron Moth|Booster Energy\n|-activate|p1a: Iron Moth|ability: Quark Drive|[fromitem]\n|-start|p1a: Iron Moth|quarkdrivespa\n|turn|8\n|inactive|nionionionionio has 120 seconds left.\n|\n|t:|1698096587\n|switch|p1b: Iron Bundle|Iron Bundle|59\/100\n|move|p2b: Lurantis|Protect|p2b: Lurantis\n|-singleturn|p2b: Lurantis|Protect\n|move|p1a: Iron Moth|Heat Wave|p2a: Murkrow|[spread] p2a\n|-activate|p2b: Lurantis|move: Protect\n|-damage|p2a: Murkrow|0 fnt\n|faint|p2a: Murkrow\n|\n|-weather|none\n|upkeep\n|\n|t:|1698096598\n|switch|p2a: Grimmsnarl|Grimmsnarl, M|100\/100\n|turn|9\n|inactive|nionionionionio has 120 seconds left.\n|\n|t:|1698096629\n|move|p2a: Grimmsnarl|Fake Tears|p2b: Lurantis\n|-boost|p2b: Lurantis|spd|2\n|move|p1b: Iron Bundle|Encore|p2b: Lurantis\n|-start|p2b: Lurantis|Encore\n|move|p1a: Iron Moth|Heat Wave|p2b: Lurantis|[spread] p2a,p2b\n|-supereffective|p2b: Lurantis\n|-damage|p2a: Grimmsnarl|62\/100\n|-damage|p2b: Lurantis|58\/100\n|-status|p2a: Grimmsnarl|brn\n|-status|p2b: Lurantis|brn\n|move|p2b: Lurantis|Protect||[still]\n|-fail|p2b: Lurantis\n|\n|-heal|p2a: Grimmsnarl|68\/100 brn|[from] item: Leftovers\n|-heal|p2b: Lurantis|64\/100 brn|[from] item: Leftovers\n|-damage|p2a: Grimmsnarl|62\/100 brn|[from] brn\n|-damage|p2b: Lurantis|58\/100 brn|[from] brn\n|upkeep\n|turn|10\n|inactive|nionionionionio has 120 seconds left.\n|\n|t:|1698096661\n|move|p2b: Lurantis|Protect|p2b: Lurantis\n|-singleturn|p2b: Lurantis|Protect\n|move|p2a: Grimmsnarl|Parting Shot|p1a: Iron Moth\n|-unboost|p1a: Iron Moth|atk|1\n|-unboost|p1a: Iron Moth|spa|1\n|\n|t:|1698096666\n|switch|p2a: Clefairy|Clefairy, M|100\/100|[from] Parting Shot\n|move|p1b: Iron Bundle|Freeze-Dry|p2a: Clefairy\n|-damage|p2a: Clefairy|81\/100\n|move|p1a: Iron Moth|Heat Wave|p2a: Clefairy|[spread] p2a\n|-activate|p2b: Lurantis|move: Protect\n|-damage|p2a: Clefairy|57\/100\n|\n|-heal|p2b: Lurantis|64\/100 brn|[from] item: Leftovers\n|-damage|p2b: Lurantis|58\/100 brn|[from] brn\n|upkeep\n|turn|11\n|\n|t:|1698096690\n|move|p2b: Lurantis|Protect|p2b: Lurantis\n|-singleturn|p2b: Lurantis|Protect\n|move|p1b: Iron Bundle|Rain Dance|p1b: Iron Bundle\n|-weather|RainDance\n|move|p1a: Iron Moth|Heat Wave|p2a: Clefairy|[spread] p2a\n|-activate|p2b: Lurantis|move: Protect\n|-damage|p2a: Clefairy|45\/100\n|move|p2a: Clefairy|Life Dew|p2a: Clefairy|[spread] p2a,p2b\n|-heal|p2a: Clefairy|70\/100\n|-heal|p2b: Lurantis|83\/100 brn\n|\n|-weather|RainDance|[upkeep]\n|-heal|p2b: Lurantis|89\/100 brn|[from] item: Leftovers\n|-damage|p2b: Lurantis|83\/100 brn|[from] brn\n|-end|p2b: Lurantis|Encore\n|upkeep\n|turn|12\n|\n|t:|1698096707\n|move|p2a: Clefairy|Follow Me|p2a: Clefairy\n|-singleturn|p2a: Clefairy|move: Follow Me\n|move|p1b: Iron Bundle|Encore|p2a: Clefairy\n|-start|p2a: Clefairy|Encore\n|move|p1a: Iron Moth|Heat Wave|p2a: Clefairy|[spread] p2a\n|-miss|p1a: Iron Moth|p2b: Lurantis\n|-damage|p2a: Clefairy|59\/100\n|move|p2b: Lurantis|Leaf Storm|p1b: Iron Bundle\n|-supereffective|p1b: Iron Bundle\n|-damage|p1b: Iron Bundle|0 fnt\n|-boost|p2b: Lurantis|spa|2\n|faint|p1b: Iron Bundle\n|-end|p1b: Iron Bundle|Quark Drive|[silent]\n|\n|-weather|RainDance|[upkeep]\n|-heal|p2b: Lurantis|89\/100 brn|[from] item: Leftovers\n|-damage|p2b: Lurantis|83\/100 brn|[from] brn\n|upkeep\n|inactive|nionionionionio has 120 seconds left.\n|\n|t:|1698096728\n|switch|p1b: Dudunsparce|Dudunsparce-Three-Segment, F|89\/100\n|turn|13\n|\n|t:|1698096745\n|move|p2a: Clefairy|Follow Me|p2a: Clefairy\n|-singleturn|p2a: Clefairy|move: Follow Me\n|move|p1a: Iron Moth|Heat Wave|p2b: Lurantis|[spread] p2a,p2b\n|-supereffective|p2b: Lurantis\n|-damage|p2a: Clefairy|47\/100\n|-damage|p2b: Lurantis|72\/100 brn\n|-status|p2a: Clefairy|brn\n|move|p1b: Dudunsparce|Thunder|p2a: Clefairy\n|-damage|p2a: Clefairy|30\/100 brn\n|move|p2b: Lurantis|Superpower|p1a: Iron Moth\n|-resisted|p1a: Iron Moth\n|-damage|p1a: Iron Moth|53\/100\n|-boost|p2b: Lurantis|def|1\n|\n|-weather|RainDance|[upkeep]\n|-heal|p2b: Lurantis|78\/100 brn|[from] item: Leftovers\n|-damage|p2b: Lurantis|72\/100 brn|[from] brn\n|-damage|p2a: Clefairy|24\/100 brn|[from] brn\n|upkeep\n|turn|14\n|\n|t:|1698096765\n|move|p2a: Clefairy|Follow Me|p2a: Clefairy\n|-singleturn|p2a: Clefairy|move: Follow Me\n|move|p1a: Iron Moth|Heat Wave|p2b: Lurantis|[spread] p2a,p2b\n|-crit|p2a: Clefairy\n|-supereffective|p2b: Lurantis\n|-damage|p2a: Clefairy|0 fnt\n|-damage|p2b: Lurantis|62\/100 brn\n|faint|p2a: Clefairy\n|move|p1b: Dudunsparce|Hurricane|p2b: Lurantis\n|-resisted|p2b: Lurantis\n|-damage|p2b: Lurantis|56\/100 brn\n|-start|p2b: Lurantis|confusion\n|-activate|p2b: Lurantis|confusion\n|move|p2b: Lurantis|Superpower|p1b: Dudunsparce\n|-supereffective|p1b: Dudunsparce\n|-damage|p1b: Dudunsparce|3\/100\n|-boost|p2b: Lurantis|def|1\n|\n|-weather|RainDance|[upkeep]\n|-heal|p2b: Lurantis|63\/100 brn|[from] item: Leftovers\n|-damage|p2b: Lurantis|56\/100 brn|[from] brn\n|upkeep\n|\n|t:|1698096781\n|switch|p2a: Grimmsnarl|Grimmsnarl, M|62\/100 brn\n|turn|15\n|\n|t:|1698096795\n|move|p2a: Grimmsnarl|Fake Tears|p2b: Lurantis\n|-boost|p2b: Lurantis|spd|2\n|move|p1a: Iron Moth|Heat Wave|p2b: Lurantis|[spread] p2a,p2b\n|-supereffective|p2b: Lurantis\n|-damage|p2a: Grimmsnarl|47\/100 brn\n|-damage|p2b: Lurantis|48\/100 brn\n|move|p1b: Dudunsparce|Hurricane|p2a: Grimmsnarl\n|-damage|p2a: Grimmsnarl|28\/100 brn\n|-start|p2a: Grimmsnarl|confusion\n|-activate|p2b: Lurantis|confusion\n|-damage|p2b: Lurantis|37\/100 brn|[from] confusion\n|\n|-weather|RainDance|[upkeep]\n|-heal|p2a: Grimmsnarl|34\/100 brn|[from] item: Leftovers\n|-heal|p2b: Lurantis|43\/100 brn|[from] item: Leftovers\n|-damage|p2a: Grimmsnarl|28\/100 brn|[from] brn\n|-damage|p2b: Lurantis|37\/100 brn|[from] brn\n|upkeep\n|turn|16\n|\n|t:|1698096816\n|-activate|p2a: Grimmsnarl|confusion\n|-damage|p2a: Grimmsnarl|18\/100 brn|[from] confusion\n|move|p1a: Iron Moth|Heat Wave|p2b: Lurantis|[spread] p2a\n|-miss|p1a: Iron Moth|p2b: Lurantis\n|-damage|p2a: Grimmsnarl|5\/100 brn\n|move|p1b: Dudunsparce|Hurricane|p2a: Grimmsnarl\n|-damage|p2a: Grimmsnarl|0 fnt\n|faint|p2a: Grimmsnarl\n|-activate|p2b: Lurantis|confusion\n|move|p2b: Lurantis|Superpower|p1a: Iron Moth\n|-resisted|p1a: Iron Moth\n|-damage|p1a: Iron Moth|7\/100\n|\n|-weather|RainDance|[upkeep]\n|-heal|p2b: Lurantis|43\/100 brn|[from] item: Leftovers\n|-damage|p2b: Lurantis|37\/100 brn|[from] brn\n|upkeep\n|\n|t:|1698096830\n|switch|p2a: Talonflame|Talonflame, M|100\/100\n|turn|17\n|\n|t:|1698096855\n|move|p2a: Talonflame|Defog|p2b: Lurantis\n|-boost|p2b: Lurantis|evasion|1\n|move|p1a: Iron Moth|Heat Wave|p2a: Talonflame|[spread] p2a,p2b\n|-resisted|p2a: Talonflame\n|-supereffective|p2b: Lurantis\n|-damage|p2a: Talonflame|88\/100\n|-damage|p2b: Lurantis|28\/100 brn\n|move|p1b: Dudunsparce|Hurricane|p2b: Lurantis\n|-resisted|p2b: Lurantis\n|-damage|p2b: Lurantis|25\/100 brn\n|-activate|p2b: Lurantis|confusion\n|move|p2b: Lurantis|Leaf Storm|p1a: Iron Moth\n|-resisted|p1a: Iron Moth\n|-damage|p1a: Iron Moth|0 fnt\n|-boost|p2b: Lurantis|spa|2\n|faint|p1a: Iron Moth\n|-end|p1a: Iron Moth|Quark Drive|[silent]\n|\n|-weather|RainDance|[upkeep]\n|-heal|p2b: Lurantis|31\/100 brn|[from] item: Leftovers\n|-damage|p2b: Lurantis|25\/100 brn|[from] brn\n|upkeep\n|inactive|nionionionionio has 120 seconds left.\n|\n|t:|1698096869\n|switch|p1a: Pawmot|Pawmot, M|100\/100\n|turn|18\n|\n|t:|1698096886\n|move|p2a: Talonflame|Defog|p2b: Lurantis\n|-boost|p2b: Lurantis|evasion|1\n|move|p1a: Pawmot|Revival Blessing|p1a: Pawmot\n|\n|t:|1698096900\n|-heal|p1: Iron Moth|50\/100|[from] move: Revival Blessing\n|move|p1b: Dudunsparce|Thunder|p2a: Talonflame\n|-supereffective|p2a: Talonflame\n|-damage|p2a: Talonflame|24\/100\n|-status|p2a: Talonflame|par\n|-end|p2b: Lurantis|confusion\n|move|p2b: Lurantis|Leaf Storm|p1a: Pawmot\n|-enditem|p1a: Pawmot|Focus Sash\n|-damage|p1a: Pawmot|1\/100\n|-boost|p2b: Lurantis|spa|2\n|\n|-weather|none\n|-heal|p2b: Lurantis|31\/100 brn|[from] item: Leftovers\n|-damage|p2b: Lurantis|25\/100 brn|[from] brn\n|upkeep\n|turn|19\n|\n|t:|1698096930\n|move|p2b: Lurantis|Protect|p2b: Lurantis\n|-singleturn|p2b: Lurantis|Protect\n|move|p1a: Pawmot|Close Combat|p2b: Lurantis\n|-activate|p2b: Lurantis|move: Protect\n|move|p2a: Talonflame|U-turn|p1a: Pawmot\n|-resisted|p1a: Pawmot\n|-damage|p1a: Pawmot|0 fnt\n|faint|p1a: Pawmot\n|\n|t:|1698096938\n|switch|p2a: Espeon|Espeon, M|100\/100|[from] U-turn\n|move|p1b: Dudunsparce|Shadow Ball|p2a: Espeon\n|-supereffective|p2a: Espeon\n|-damage|p2a: Espeon|54\/100\n|-unboost|p2a: Espeon|spd|1\n|\n|-heal|p2a: Espeon|60\/100|[from] item: Leftovers\n|-heal|p2b: Lurantis|31\/100 brn|[from] item: Leftovers\n|-damage|p2b: Lurantis|25\/100 brn|[from] brn\n|upkeep\n|\n|t:|1698096950\n|switch|p1a: Iron Moth|Iron Moth|50\/100\n|turn|20\n|\n|t:|1698096967\n|move|p2a: Espeon|Psych Up|p2b: Lurantis\n|-copyboost|p2a: Espeon|p2b: Lurantis|[from] move: Psych Up\n|move|p1a: Iron Moth|Heat Wave|p2a: Espeon|[spread] \n|-miss|p1a: Iron Moth|p2a: Espeon\n|-miss|p1a: Iron Moth|p2b: Lurantis\n|move|p1b: Dudunsparce|Shadow Ball|p2a: Espeon\n|-supereffective|p2a: Espeon\n|-damage|p2a: Espeon|41\/100\n|move|p2b: Lurantis|Superpower|p1a: Iron Moth\n|-resisted|p1a: Iron Moth\n|-damage|p1a: Iron Moth|4\/100\n|\n|-heal|p2a: Espeon|47\/100|[from] item: Leftovers\n|-heal|p2b: Lurantis|31\/100 brn|[from] item: Leftovers\n|-damage|p2b: Lurantis|25\/100 brn|[from] brn\n|upkeep\n|turn|21\n|\n|t:|1698096986\n|move|p2a: Espeon|Stored Power|p1a: Iron Moth\n|-supereffective|p1a: Iron Moth\n|-damage|p1a: Iron Moth|0 fnt\n|faint|p1a: Iron Moth\n|-end|p1a: Iron Moth|Quark Drive|[silent]\n|move|p1b: Dudunsparce|Shadow Ball|p2a: Espeon\n|-supereffective|p2a: Espeon\n|-damage|p2a: Espeon|29\/100\n|-unboost|p2a: Espeon|spd|1\n|move|p2b: Lurantis|Leech Life|p1b: Dudunsparce\n|-damage|p1b: Dudunsparce|0 fnt\n|-heal|p2b: Lurantis|26\/100 brn|[from] drain|[of] p1b: Dudunsparce\n|faint|p1b: Dudunsparce\n|\n|-heal|p2a: Espeon|35\/100|[from] item: Leftovers\n|-heal|p2b: Lurantis|33\/100 brn|[from] item: Leftovers\n|-damage|p2b: Lurantis|26\/100 brn|[from] brn\n|upkeep\n|-message|nionionionionio forfeited.\n|\n|win|SXD2002\n|raw|nionionionionio's rating: 1084 &rarr; <strong>1064<\/strong><br \/>(-20 for losing)\n|raw|SXD2002's rating: 1123 &rarr; <strong>1145<\/strong><br \/>(+22 for winning)\n|l|\u2606nionionionionio\n|c|\u2606SXD2002|gg\n","uploadtime":1698097000,"views":5,"p1id":"nionionionionio","p2id":"sxd2002","formatid":"gen9doublesou","rating":1064,"private":0,"password":""}