{"id":"gen9doublesou-1994387700","p1":"Moldycheezi","p2":"marceloxito","format":"[Gen 9] Doubles OU","log":"|j|\u2606Moldycheezi\n|j|\u2606marceloxito\n|t:|1700438147\n|gametype|doubles\n|player|p1|Moldycheezi|alder|1429\n|player|p2|marceloxito|ltsurge|1313\n|teamsize|p1|6\n|teamsize|p2|6\n|gen|9\n|tier|[Gen 9] Doubles OU\n|rated|\n|rule|Species Clause: Limit one of each Pok\u00e9mon\n|rule|OHKO Clause: OHKO moves are banned\n|rule|Evasion Moves Clause: Evasion moves are banned\n|rule|Gravity Sleep Clause: The combination of sleep-inducing moves with imperfect accuracy and Gravity or Gigantamax Orbeetle are banned\n|rule|Endless Battle Clause: Forcing endless battles is banned\n|rule|HP Percentage Mod: HP is shown in percentages\n|clearpoke\n|poke|p1|Chien-Pao|\n|poke|p1|Goodra-Hisui, F|\n|poke|p1|Empoleon, M|\n|poke|p1|Flutter Mane|\n|poke|p1|Breloom, F|\n|poke|p1|Iron Moth|\n|poke|p2|Ursaluna, F|\n|poke|p2|Kingambit, M|\n|poke|p2|Armarouge, M|\n|poke|p2|Hatterene, F|\n|poke|p2|Sableye, M|\n|poke|p2|Glimmora, M|\n|teampreview\n|\n|t:|1700438169\n|start\n|switch|p1a: Berlin|Goodra-Hisui, F|100\/100\n|switch|p1b: Espec\u00edfico|Empoleon, M|100\/100\n|switch|p2a: Glimmora|Glimmora, M|100\/100\n|switch|p2b: Sableye|Sableye, M|100\/100\n|turn|1\n|c|\u2606Moldycheezi|Glhf\n|\n|t:|1700438189\n|move|p2b: Sableye|Fake Out|p1b: Espec\u00edfico\n|-resisted|p1b: Espec\u00edfico\n|-damage|p1b: Espec\u00edfico|97\/100\n|move|p2a: Glimmora|Stealth Rock|p1a: Berlin\n|-sidestart|p1: Moldycheezi|move: Stealth Rock\n|move|p1a: Berlin|Shelter|p1a: Berlin\n|-boost|p1a: Berlin|def|2\n|cant|p1b: Espec\u00edfico|flinch\n|\n|-heal|p1b: Espec\u00edfico|100\/100|[from] item: Leftovers\n|upkeep\n|turn|2\n|\n|t:|1700438215\n|move|p2b: Sableye|Thunder Wave|p1b: Espec\u00edfico\n|-status|p1b: Espec\u00edfico|par\n|move|p2a: Glimmora|Spikes|p1a: Berlin\n|-sidestart|p1: Moldycheezi|Spikes\n|move|p1a: Berlin|Shelter|p1a: Berlin\n|-boost|p1a: Berlin|def|2\n|cant|p1b: Espec\u00edfico|par\n|\n|upkeep\n|turn|3\n|\n|t:|1700438233\n|-terastallize|p1a: Berlin|Water\n|move|p2b: Sableye|Thunder Wave|p1a: Berlin\n|-status|p1a: Berlin|par\n|move|p2a: Glimmora|Spikes|p1a: Berlin\n|-sidestart|p1: Moldycheezi|Spikes\n|move|p1a: Berlin|Shelter|p1a: Berlin\n|-boost|p1a: Berlin|def|2\n|move|p1b: Espec\u00edfico|Surf|p2a: Glimmora|[spread] p1a,p2a,p2b\n|-resisted|p1a: Berlin\n|-supereffective|p2a: Glimmora\n|-damage|p1a: Berlin|90\/100 par\n|-damage|p2a: Glimmora|31\/100\n|-damage|p2b: Sableye|53\/100\n|\n|-heal|p2b: Sableye|59\/100|[from] item: Leftovers\n|-heal|p1a: Berlin|96\/100 par|[from] item: Leftovers\n|upkeep\n|turn|4\n|\n|t:|1700438256\n|move|p2b: Sableye|Encore|p1a: Berlin\n|-start|p1a: Berlin|Encore\n|move|p2a: Glimmora|Power Gem|p1b: Espec\u00edfico\n|-resisted|p1b: Espec\u00edfico\n|-damage|p1b: Espec\u00edfico|84\/100 par\n|move|p1a: Berlin|Shelter|p1a: Berlin\n|-boost|p1a: Berlin|def|0\n|move|p1b: Espec\u00edfico|Surf|p2b: Sableye|[spread] p1a,p2a,p2b\n|-resisted|p1a: Berlin\n|-supereffective|p2a: Glimmora\n|-damage|p1a: Berlin|86\/100 par\n|-damage|p2a: Glimmora|0 fnt\n|-damage|p2b: Sableye|6\/100\n|faint|p2a: Glimmora\n|\n|-heal|p2b: Sableye|12\/100|[from] item: Leftovers\n|-heal|p1a: Berlin|92\/100 par|[from] item: Leftovers\n|-heal|p1b: Espec\u00edfico|90\/100 par|[from] item: Leftovers\n|upkeep\n|\n|t:|1700438294\n|switch|p2a: Armarouge|Armarouge, M|100\/100\n|turn|5\n|\n|t:|1700438303\n|move|p2a: Armarouge|Energy Ball|p1a: Berlin\n|-ability|p1a: Berlin|Sap Sipper|boost\n|-boost|p1a: Berlin|atk|1\n|move|p2b: Sableye|Foul Play|p1b: Espec\u00edfico\n|-damage|p1b: Espec\u00edfico|68\/100 par\n|move|p1b: Espec\u00edfico|Surf|p2a: Armarouge|[spread] p1a,p2a,p2b\n|-resisted|p1a: Berlin\n|-supereffective|p2a: Armarouge\n|-damage|p1a: Berlin|81\/100 par\n|-damage|p2a: Armarouge|42\/100\n|-damage|p2b: Sableye|0 fnt\n|faint|p2b: Sableye\n|cant|p1a: Berlin|par\n|\n|-heal|p1a: Berlin|87\/100 par|[from] item: Leftovers\n|-heal|p1b: Espec\u00edfico|74\/100 par|[from] item: Leftovers\n|upkeep\n|\n|t:|1700438308\n|switch|p2b: Hatterene|Hatterene, F|100\/100\n|turn|6\n|\n|t:|1700438326\n|move|p2a: Armarouge|Expanding Force|p1a: Berlin\n|-damage|p1a: Berlin|55\/100 par\n|move|p2b: Hatterene|Psychic|p1a: Berlin\n|-damage|p1a: Berlin|28\/100 par\n|-unboost|p1a: Berlin|spd|1\n|cant|p1b: Espec\u00edfico|par\n|move|p1a: Berlin|Shelter|p1a: Berlin\n|-boost|p1a: Berlin|def|0\n|\n|-heal|p1a: Berlin|34\/100 par|[from] item: Leftovers\n|-heal|p1b: Espec\u00edfico|80\/100 par|[from] item: Leftovers\n|-end|p1a: Berlin|Encore\n|upkeep\n|turn|7\n|\n|t:|1700438344\n|move|p1a: Berlin|Protect|p1a: Berlin\n|-singleturn|p1a: Berlin|Protect\n|move|p2a: Armarouge|Expanding Force|p1a: Berlin\n|-activate|p1a: Berlin|move: Protect\n|move|p2b: Hatterene|Psychic|p1a: Berlin\n|-activate|p1a: Berlin|move: Protect\n|cant|p1b: Espec\u00edfico|par\n|\n|-heal|p1b: Espec\u00edfico|86\/100 par|[from] item: Leftovers\n|-heal|p1a: Berlin|40\/100 par|[from] item: Leftovers\n|upkeep\n|turn|8\n|\n|t:|1700438360\n|move|p2a: Armarouge|Expanding Force|p1a: Berlin\n|-damage|p1a: Berlin|0 fnt\n|faint|p1a: Berlin\n|move|p2b: Hatterene|Psychic|p1b: Espec\u00edfico\n|-resisted|p1b: Espec\u00edfico\n|-damage|p1b: Espec\u00edfico|65\/100 par\n|cant|p1b: Espec\u00edfico|par\n|\n|-heal|p1b: Espec\u00edfico|71\/100 par|[from] item: Leftovers\n|upkeep\n|\n|t:|1700438372\n|switch|p1a: Flash|Iron Moth|100\/100\n|turn|9\n|\n|t:|1700438379\n|move|p1a: Flash|Acid Spray|p2b: Hatterene\n|-supereffective|p2b: Hatterene\n|-damage|p2b: Hatterene|67\/100\n|-unboost|p2b: Hatterene|spd|2\n|move|p2a: Armarouge|Expanding Force|p1a: Flash\n|-supereffective|p1a: Flash\n|-damage|p1a: Flash|2\/100\n|move|p2b: Hatterene|Psychic|p1a: Flash\n|-supereffective|p1a: Flash\n|-damage|p1a: Flash|0 fnt\n|faint|p1a: Flash\n|-end|p1a: Flash|Quark Drive|[silent]\n|cant|p1b: Espec\u00edfico|par\n|\n|-heal|p2b: Hatterene|73\/100|[from] item: Leftovers\n|-heal|p1b: Espec\u00edfico|77\/100 par|[from] item: Leftovers\n|upkeep\n|\n|t:|1700438398\n|switch|p1a: Tarot|Flutter Mane|100\/100\n|-damage|p1a: Tarot|88\/100|[from] Stealth Rock\n|-damage|p1a: Tarot|72\/100|[from] Spikes\n|-enditem|p1a: Tarot|Booster Energy\n|-activate|p1a: Tarot|ability: Protosynthesis|[fromitem]\n|-start|p1a: Tarot|protosynthesisspe\n|turn|10\n|\n|t:|1700438410\n|move|p1a: Tarot|Protect|p1a: Tarot\n|-singleturn|p1a: Tarot|Protect\n|move|p2a: Armarouge|Armor Cannon|p1b: Espec\u00edfico\n|-damage|p1b: Espec\u00edfico|4\/100 par\n|-unboost|p2a: Armarouge|def|1\n|-unboost|p2a: Armarouge|spd|1\n|cant|p1b: Espec\u00edfico|par\n|move|p2b: Hatterene|Trick Room|p2b: Hatterene\n|-fieldstart|move: Trick Room|[of] p2b: Hatterene\n|\n|-heal|p1b: Espec\u00edfico|10\/100 par|[from] item: Leftovers\n|-heal|p2b: Hatterene|78\/100|[from] item: Leftovers\n|upkeep\n|turn|11\n|\n|t:|1700438433\n|cant|p1b: Espec\u00edfico|par\n|move|p2b: Hatterene|Nuzzle|p1b: Espec\u00edfico\n|-supereffective|p1b: Espec\u00edfico\n|-damage|p1b: Espec\u00edfico|3\/100 par\n|move|p2a: Armarouge|Armor Cannon|p1a: Tarot\n|-damage|p1a: Tarot|2\/100\n|-unboost|p2a: Armarouge|def|1\n|-unboost|p2a: Armarouge|spd|1\n|move|p1a: Tarot|Shadow Ball|p2b: Hatterene\n|-supereffective|p2b: Hatterene\n|-damage|p2b: Hatterene|0 fnt\n|faint|p2b: Hatterene\n|\n|-heal|p1b: Espec\u00edfico|9\/100 par|[from] item: Leftovers\n|upkeep\n|\n|t:|1700438439\n|switch|p2b: Ursaluna|Ursaluna, F|100\/100\n|turn|12\n|inactive|Battle timer is ON: inactive players will automatically lose when time's up. (requested by marceloxito)\n|\n|t:|1700438478\n|-terastallize|p2b: Ursaluna|Steel\n|cant|p1b: Espec\u00edfico|par\n|move|p2b: Ursaluna|Earthquake|p1a: Tarot|[spread] p2a,p1a,p1b\n|-supereffective|p2a: Armarouge\n|-supereffective|p1b: Espec\u00edfico\n|-damage|p2a: Armarouge|0 fnt\n|-damage|p1a: Tarot|0 fnt\n|-damage|p1b: Espec\u00edfico|0 fnt\n|faint|p2a: Armarouge\n|faint|p1a: Tarot\n|-end|p1a: Tarot|Protosynthesis|[silent]\n|faint|p1b: Espec\u00edfico\n|\n|-status|p2b: Ursaluna|brn|[from] item: Flame Orb\n|upkeep\n|\n|t:|1700438495\n|switch|p1b: Wolverine|Chien-Pao|100\/100\n|switch|p2a: Kingambit|Kingambit, M|100\/100\n|switch|p1a: Gogeta|Breloom, F, shiny|100\/100\n|-activate|p2a: Kingambit|ability: Supreme Overlord\n|-start|p2a: Kingambit|fallen4|[silent]\n|-damage|p1a: Gogeta|94\/100|[from] Stealth Rock\n|-damage|p1a: Gogeta|78\/100|[from] Spikes\n|-damage|p1b: Wolverine|76\/100|[from] Stealth Rock\n|-damage|p1b: Wolverine|59\/100|[from] Spikes\n|-ability|p1b: Wolverine|Sword of Ruin\n|turn|13\n|\n|t:|1700438518\n|move|p1b: Wolverine|Protect|p1b: Wolverine\n|-singleturn|p1b: Wolverine|Protect\n|move|p1a: Gogeta|Mach Punch|p2a: Kingambit\n|-supereffective|p2a: Kingambit\n|-damage|p2a: Kingambit|0 fnt\n|faint|p2a: Kingambit\n|-end|p2a: Kingambit|fallen4|[silent]\n|move|p2b: Ursaluna|Ice Punch|p1a: Gogeta\n|-supereffective|p1a: Gogeta\n|-damage|p1a: Gogeta|0 fnt\n|faint|p1a: Gogeta\n|\n|-damage|p2b: Ursaluna|94\/100 brn|[from] brn\n|upkeep\n|turn|14\n|\n|t:|1700438535\n|move|p1b: Wolverine|Protect||[still]\n|-fail|p1b: Wolverine\n|move|p2b: Ursaluna|Facade|p1b: Wolverine\n|-damage|p1b: Wolverine|0 fnt\n|faint|p1b: Wolverine\n|\n|win|marceloxito\n|raw|Moldycheezi's rating: 1429 &rarr; <strong>1403<\/strong><br \/>(-26 for losing)\n|raw|marceloxito's rating: 1313 &rarr; <strong>1339<\/strong><br \/>(+26 for winning)\n|c|\u2606Moldycheezi|Gg\n|c|\u2606marceloxito|gg\n|l|\u2606marceloxito\n","uploadtime":1700438551,"views":7,"p1id":"moldycheezi","p2id":"marceloxito","formatid":"gen9doublesou","rating":1339,"private":0,"password":""}