{"id":"gen9doublesou-1991148165","p1":"mexicanpasta","p2":"Klawp","format":"[Gen 9] Doubles OU","log":"|j|\u2606mexicanpasta\n|j|\u2606Klawp\n|inactive|Battle timer is ON: inactive players will automatically lose when time's up.\n|t:|1700050177\n|gametype|doubles\n|player|p1|mexicanpasta|parasollady|\n|player|p2|Klawp|169|\n|teamsize|p1|6\n|teamsize|p2|6\n|gen|9\n|tier|[Gen 9] Doubles OU\n|rated|Tournament battle\n|rule|Species Clause: Limit one of each Pok\u00e9mon\n|rule|OHKO Clause: OHKO moves are banned\n|rule|Evasion Moves Clause: Evasion moves are banned\n|rule|Gravity Sleep Clause: The combination of sleep-inducing moves with imperfect accuracy and Gravity or Gigantamax Orbeetle are banned\n|rule|Endless Battle Clause: Forcing endless battles is banned\n|rule|HP Percentage Mod: HP is shown in percentages\n|clearpoke\n|poke|p1|Quaxwell, M|\n|poke|p1|Chewtle, M|\n|poke|p1|Vullaby, F|\n|poke|p1|Noibat, F|\n|poke|p1|Dragapult, F|\n|poke|p1|Lokix, F|\n|poke|p2|Impidimp, M|\n|poke|p2|Barraskewda, M|\n|poke|p2|Weepinbell, M|\n|poke|p2|Chimecho, M|\n|poke|p2|Vigoroth, F|\n|poke|p2|Yanma, M|\n|teampreview\n|j|*Lady Monita \u2746\n|inactive|mexicanpasta also wants the timer to be on.\n|inactive|Klawp also wants the timer to be on.\n|\n|t:|1700050195\n|start\n|switch|p1a: Lokix|Lokix, F|100\/100\n|switch|p1b: Vullaby|Vullaby, F|100\/100\n|switch|p2a: Impidimp|Impidimp, M|100\/100\n|switch|p2b: Barraskewda|Barraskewda, M|100\/100\n|turn|1\n|\n|t:|1700050207\n|move|p2a: Impidimp|Fake Out|p1a: Lokix\n|-damage|p1a: Lokix|93\/100\n|cant|p1a: Lokix|flinch\n|move|p2b: Barraskewda|Liquidation|p1a: Lokix\n|-damage|p1a: Lokix|0 fnt\n|faint|p1a: Lokix\n|move|p1b: Vullaby|Foul Play|p2b: Barraskewda\n|-damage|p2b: Barraskewda|9\/100\n|\n|upkeep\n|inactive|mexicanpasta has 120 seconds left.\n|\n|t:|1700050238\n|switch|p1a: Chewtle|Chewtle, M|100\/100\n|turn|2\n|inactive|mexicanpasta has 120 seconds left.\n|\n|t:|1700050261\n|switch|p2b: Weepinbell|Weepinbell, M|100\/100\n|move|p1a: Chewtle|Protect|p1a: Chewtle\n|-singleturn|p1a: Chewtle|Protect\n|move|p2a: Impidimp|Reflect|p2a: Impidimp\n|-sidestart|p2: Klawp|Reflect\n|move|p1b: Vullaby|Knock Off|p2b: Weepinbell\n|-damage|p2b: Weepinbell|85\/100\n|-enditem|p2b: Weepinbell|Eviolite|[from] move: Knock Off|[of] p1b: Vullaby\n|\n|upkeep\n|turn|3\n|\n|t:|1700050278\n|switch|p1a: Noibat|Noibat, F|100\/100\n|move|p2b: Weepinbell|Sleep Powder|p1a: Noibat\n|-status|p1a: Noibat|slp|[from] move: Sleep Powder\n|move|p1b: Vullaby|Knock Off|p2a: Impidimp\n|-resisted|p2a: Impidimp\n|-damage|p2a: Impidimp|96\/100\n|-enditem|p2a: Impidimp|Eviolite|[from] move: Knock Off|[of] p1b: Vullaby\n|move|p2a: Impidimp|Play Rough|p1b: Vullaby\n|-supereffective|p1b: Vullaby\n|-damage|p1b: Vullaby|81\/100\n|\n|upkeep\n|turn|4\n|\n|t:|1700050302\n|switch|p2a: Chimecho|Chimecho, M|100\/100\n|cant|p1a: Noibat|slp\n|move|p2b: Weepinbell|Knock Off|p1a: Noibat\n|-damage|p1a: Noibat|61\/100 slp\n|-enditem|p1a: Noibat|Eviolite|[from] move: Knock Off|[of] p2b: Weepinbell\n|move|p1b: Vullaby|Foul Play|p2b: Weepinbell\n|-crit|p2b: Weepinbell\n|-damage|p2b: Weepinbell|0 fnt\n|faint|p2b: Weepinbell\n|\n|upkeep\n|j| Randomssp\n|\n|t:|1700050314\n|switch|p2b: Barraskewda|Barraskewda, M|9\/100\n|turn|5\n|\n|t:|1700050322\n|move|p2b: Barraskewda|Liquidation|p1b: Vullaby\n|-damage|p1b: Vullaby|41\/100\n|-curestatus|p1a: Noibat|slp|[msg]\n|move|p1a: Noibat|Tailwind|p1a: Noibat\n|-sidestart|p1: mexicanpasta|move: Tailwind\n|move|p1b: Vullaby|Knock Off|p2b: Barraskewda\n|-damage|p2b: Barraskewda|0 fnt\n|-enditem|p2b: Barraskewda|Choice Band|[from] move: Knock Off|[of] p1b: Vullaby\n|faint|p2b: Barraskewda\n|move|p2a: Chimecho|Icy Wind|p1a: Noibat|[spread] p1a,p1b\n|-supereffective|p1a: Noibat\n|-supereffective|p1b: Vullaby\n|-damage|p1a: Noibat|0 fnt\n|-damage|p1b: Vullaby|23\/100\n|-unboost|p1b: Vullaby|spe|1\n|faint|p1a: Noibat\n|\n|upkeep\n|\n|t:|1700050335\n|switch|p2b: Impidimp|Impidimp, M|96\/100\n|switch|p1a: Quaxwell|Quaxwell, M|100\/100\n|turn|6\n|\n|t:|1700050350\n|move|p2b: Impidimp|Fake Out|p1b: Vullaby\n|-damage|p1b: Vullaby|20\/100\n|move|p1a: Quaxwell|Liquidation|p2a: Chimecho\n|-damage|p2a: Chimecho|76\/100\n|cant|p1b: Vullaby|flinch\n|move|p2a: Chimecho|Icy Wind|p1b: Vullaby|[spread] p1a,p1b\n|-resisted|p1a: Quaxwell\n|-supereffective|p1b: Vullaby\n|-damage|p1a: Quaxwell|95\/100\n|-damage|p1b: Vullaby|3\/100\n|-unboost|p1a: Quaxwell|spe|1\n|-unboost|p1b: Vullaby|spe|1\n|\n|-heal|p2a: Chimecho|82\/100|[from] item: Leftovers\n|-sideend|p2: Klawp|Reflect\n|upkeep\n|turn|7\n|\n|t:|1700050366\n|move|p2b: Impidimp|Reflect|p2b: Impidimp\n|-sidestart|p2: Klawp|Reflect\n|move|p1a: Quaxwell|Encore|p2b: Impidimp\n|-start|p2b: Impidimp|Encore\n|move|p2a: Chimecho|Icy Wind|p1b: Vullaby|[spread] p1a,p1b\n|-resisted|p1a: Quaxwell\n|-supereffective|p1b: Vullaby\n|-damage|p1a: Quaxwell|90\/100\n|-damage|p1b: Vullaby|0 fnt\n|-unboost|p1a: Quaxwell|spe|1\n|faint|p1b: Vullaby\n|\n|-heal|p2a: Chimecho|88\/100|[from] item: Leftovers\n|upkeep\n|\n|t:|1700050372\n|switch|p1b: Dragapult|Dragapult, F|100\/100\n|turn|8\n|\n|t:|1700050388\n|switch|p2b: Yanma|Yanma, M|100\/100\n|-terastallize|p1b: Dragapult|Normal\n|move|p2a: Chimecho|Protect|p2a: Chimecho\n|-singleturn|p2a: Chimecho|Protect\n|move|p1b: Dragapult|Light Screen|p1b: Dragapult\n|-sidestart|p1: mexicanpasta|move: Light Screen\n|move|p1a: Quaxwell|Liquidation|p2a: Chimecho\n|-activate|p2a: Chimecho|move: Protect\n|\n|-heal|p2a: Chimecho|94\/100|[from] item: Leftovers\n|-sideend|p1: mexicanpasta|move: Tailwind\n|upkeep\n|turn|9\n|\n|t:|1700050403\n|move|p1b: Dragapult|Dragon Darts|p2b: Yanma\n|-damage|p2b: Yanma|55\/100\n|-anim|p1b: Dragapult|Dragon Darts|p2a: Chimecho\n|-damage|p2a: Chimecho|72\/100\n|move|p2b: Yanma|Tailwind|p2b: Yanma\n|-sidestart|p2: Klawp|move: Tailwind\n|move|p2a: Chimecho|Thunder Wave|p1b: Dragapult\n|-status|p1b: Dragapult|par\n|move|p1a: Quaxwell|Brave Bird|p2b: Yanma\n|-supereffective|p2b: Yanma\n|-damage|p2b: Yanma|0 fnt\n|faint|p2b: Yanma\n|-ability|p1a: Quaxwell|Moxie|boost\n|-boost|p1a: Quaxwell|atk|1\n|-damage|p1a: Quaxwell|73\/100|[from] Recoil\n|\n|-heal|p2a: Chimecho|78\/100|[from] item: Leftovers\n|upkeep\n|\n|t:|1700050409\n|switch|p2b: Vigoroth|Vigoroth, F|100\/100\n|turn|10\n|\n|t:|1700050423\n|move|p2b: Vigoroth|Bulk Up|p2b: Vigoroth\n|-boost|p2b: Vigoroth|atk|1\n|-boost|p2b: Vigoroth|def|1\n|move|p2a: Chimecho|Thunder Wave|p1a: Quaxwell\n|-status|p1a: Quaxwell|par\n|move|p1b: Dragapult|Will-O-Wisp|p2b: Vigoroth\n|-status|p2b: Vigoroth|brn\n|move|p1a: Quaxwell|Liquidation|p2b: Vigoroth\n|-damage|p2b: Vigoroth|84\/100 brn\n|\n|-heal|p2a: Chimecho|85\/100|[from] item: Leftovers\n|-damage|p2b: Vigoroth|78\/100 brn|[from] brn\n|upkeep\n|turn|11\n|\n|t:|1700050444\n|move|p2b: Vigoroth|Facade|p1b: Dragapult\n|-damage|p1b: Dragapult|37\/100 par\n|move|p2a: Chimecho|Icy Wind|p1b: Dragapult|[spread] p1a,p1b\n|-resisted|p1a: Quaxwell\n|-damage|p1a: Quaxwell|69\/100 par\n|-damage|p1b: Dragapult|29\/100 par\n|-unboost|p1a: Quaxwell|spe|1\n|-unboost|p1b: Dragapult|spe|1\n|move|p1b: Dragapult|Dragon Darts|p2a: Chimecho\n|-damage|p2a: Chimecho|62\/100\n|-anim|p1b: Dragapult|Dragon Darts|p2b: Vigoroth\n|-damage|p2b: Vigoroth|68\/100 brn\n|move|p1a: Quaxwell|Encore|p2b: Vigoroth\n|-start|p2b: Vigoroth|Encore\n|\n|-heal|p2a: Chimecho|69\/100|[from] item: Leftovers\n|-damage|p2b: Vigoroth|62\/100 brn|[from] brn\n|-sideend|p2: Klawp|Reflect\n|upkeep\n|turn|12\n|\n|t:|1700050461\n|move|p2b: Vigoroth|Facade|p1b: Dragapult\n|-damage|p1b: Dragapult|0 fnt\n|faint|p1b: Dragapult\n|move|p2a: Chimecho|Psychic|p1a: Quaxwell\n|-damage|p1a: Quaxwell|42\/100 par\n|cant|p1a: Quaxwell|par\n|\n|-heal|p2a: Chimecho|75\/100|[from] item: Leftovers\n|-damage|p2b: Vigoroth|56\/100 brn|[from] brn\n|-sideend|p2: Klawp|move: Tailwind\n|upkeep\n|j| MeNoobHelp\n|\n|t:|1700050468\n|switch|p1b: Chewtle|Chewtle, M|100\/100\n|turn|13\n|\n|t:|1700050480\n|-terastallize|p2b: Vigoroth|Normal\n|move|p2b: Vigoroth|Facade|p1b: Chewtle\n|-damage|p1b: Chewtle|0 fnt\n|faint|p1b: Chewtle\n|move|p2a: Chimecho|Psychic|p1a: Quaxwell\n|-damage|p1a: Quaxwell|15\/100 par\n|cant|p1a: Quaxwell|par\n|\n|-heal|p2a: Chimecho|81\/100|[from] item: Leftovers\n|-damage|p2b: Vigoroth|50\/100 brn|[from] brn\n|upkeep\n|turn|14\n|-message|mexicanpasta forfeited.\n|\n|win|Klawp\n|n|\u2606mexicanpasta|mexicanpasta\n|n|\u2606Klawp|klawp\n|n|*Lady Monita \u2746|ladymonita\n|n| Randomssp|randomssp\n|n| MeNoobHelp|menoobhelp\n","uploadtime":1700050486,"views":6,"p1id":"mexicanpasta","p2id":"klawp","formatid":"gen9doublesou","rating":0,"private":0,"password":""}