{"id":"gen9doublesou-1980960284","p1":"dangledipipples","p2":"thenoob007","format":"[Gen 9] Doubles OU","log":"|j|\u203ddangledipipples\n|j|\u2606thenoob007\n|t:|1698852448\n|gametype|doubles\n|player|p1|dangledipipples|veteran|1466\n|player|p2|thenoob007|cynthia-gen4|1361\n|teamsize|p1|6\n|teamsize|p2|6\n|gen|9\n|tier|[Gen 9] Doubles OU\n|rated|\n|rule|Species Clause: Limit one of each Pok\u00e9mon\n|rule|OHKO Clause: OHKO moves are banned\n|rule|Evasion Moves Clause: Evasion moves are banned\n|rule|Gravity Sleep Clause: The combination of sleep-inducing moves with imperfect accuracy and Gravity or Gigantamax Orbeetle are banned\n|rule|Endless Battle Clause: Forcing endless battles is banned\n|rule|HP Percentage Mod: HP is shown in percentages\n|clearpoke\n|poke|p1|Poliwrath, F|\n|poke|p1|Pelipper, F|\n|poke|p1|Landorus-Therian, M|\n|poke|p1|Amoonguss, M|\n|poke|p1|Raichu, M|\n|poke|p1|Bronzong|\n|poke|p2|Garchomp, M|\n|poke|p2|Pikachu, F|\n|poke|p2|Meowscarada, M|\n|poke|p2|Corviknight, M|\n|poke|p2|Sylveon, F|\n|poke|p2|Maushold|\n|teampreview\n|inactive|Battle timer is ON: inactive players will automatically lose when time's up. (requested by thenoob007)\n|\n|t:|1698852470\n|start\n|switch|p1a: Amoonguss|Amoonguss, M, shiny|100\/100\n|switch|p1b: Poliwrath|Poliwrath, F|100\/100\n|switch|p2a: Pikachu|Pikachu, F|100\/100\n|switch|p2b: Maushold|Maushold|100\/100\n|turn|1\n|c|\u2606thenoob007|Raichu vs pikachu...\n|\n|t:|1698852492\n|move|p1b: Poliwrath|Protect|p1b: Poliwrath\n|-singleturn|p1b: Poliwrath|Protect\n|move|p1a: Amoonguss|Protect|p1a: Amoonguss\n|-singleturn|p1a: Amoonguss|Protect\n|move|p2a: Pikachu|Thunderbolt|p1b: Poliwrath\n|-activate|p1b: Poliwrath|move: Protect\n|move|p2b: Maushold|Taunt|p1a: Amoonguss\n|-activate|p1a: Amoonguss|move: Protect\n|\n|upkeep\n|turn|2\n|j| unluckysivir\n|\n|t:|1698852514\n|switch|p1a: Raichu|Raichu, M, shiny|100\/100\n|move|p2a: Pikachu|Protect|p2a: Pikachu\n|-singleturn|p2a: Pikachu|Protect\n|move|p2b: Maushold|Taunt|p1a: Raichu\n|-start|p1a: Raichu|move: Taunt\n|move|p1b: Poliwrath|Belly Drum|p1b: Poliwrath\n|-damage|p1b: Poliwrath|50\/100\n|-setboost|p1b: Poliwrath|atk|6|[from] move: Belly Drum\n|-enditem|p1b: Poliwrath|Sitrus Berry|[eat]\n|-heal|p1b: Poliwrath|75\/100|[from] item: Sitrus Berry\n|\n|upkeep\n|turn|3\n|inactive|thenoob007 has 120 seconds left.\n|inactive|thenoob007 has 90 seconds left.\n|\n|t:|1698852580\n|switch|p2a: Meowscarada|Meowscarada, M|100\/100\n|move|p2b: Maushold|Protect|p2b: Maushold\n|-singleturn|p2b: Maushold|Protect\n|move|p1a: Raichu|Fake Out|p2b: Maushold\n|-activate|p2b: Maushold|move: Protect\n|move|p1b: Poliwrath|Drain Punch|p2b: Maushold\n|-activate|p2b: Maushold|move: Protect\n|\n|upkeep\n|turn|4\n|inactive|thenoob007 has 90 seconds left.\n|inactive|dangledipipples has 120 seconds left.\n|\n|t:|1698852621\n|switch|p1a: Pelipper|Pelipper, F|100\/100\n|-weather|RainDance|[from] ability: Drizzle|[of] p1a: Pelipper\n|-terastallize|p1b: Poliwrath|Steel\n|move|p1b: Poliwrath|Drain Punch|p2a: Meowscarada\n|-supereffective|p2a: Meowscarada\n|-enditem|p2a: Meowscarada|Focus Sash\n|-damage|p2a: Meowscarada|1\/100\n|-heal|p1b: Poliwrath|100\/100|[from] drain|[of] p2a: Meowscarada\n|move|p2a: Meowscarada|Flower Trick|p1b: Poliwrath\n|-resisted|p1b: Poliwrath\n|-crit|p1b: Poliwrath\n|-damage|p1b: Poliwrath|67\/100\n|move|p2b: Maushold|Super Fang|p1a: Pelipper\n|-damage|p1a: Pelipper|51\/100\n|\n|-weather|RainDance|[upkeep]\n|upkeep\n|turn|5\n|inactive|thenoob007 has 90 seconds left.\n|inactive|dangledipipples has 120 seconds left.\n|inactive|thenoob007 has 60 seconds left.\n|inactive|thenoob007 has 30 seconds left.\n|\n|t:|1698852689\n|switch|p2a: Garchomp|Garchomp, M|100\/100\n|move|p1b: Poliwrath|Protect|p1b: Poliwrath\n|-singleturn|p1b: Poliwrath|Protect\n|move|p2b: Maushold|Protect|p2b: Maushold\n|-singleturn|p2b: Maushold|Protect\n|move|p1a: Pelipper|Tailwind|p1a: Pelipper\n|-sidestart|p1: dangledipipples|move: Tailwind\n|\n|-weather|RainDance|[upkeep]\n|upkeep\n|turn|6\n|inactive|dangledipipples has 120 seconds left.\n|inactive|thenoob007 has 30 seconds left.\n|inactive|thenoob007 has 20 seconds left.\n|\n|t:|1698852724\n|switch|p2b: Corviknight|Corviknight, M|100\/100\n|move|p2a: Garchomp|Protect|p2a: Garchomp\n|-singleturn|p2a: Garchomp|Protect\n|move|p1b: Poliwrath|Drain Punch|p2a: Garchomp\n|-activate|p2a: Garchomp|move: Protect\n|move|p1a: Pelipper|Weather Ball|p2a: Garchomp\n|-activate|p2a: Garchomp|move: Protect\n|\n|-weather|RainDance|[upkeep]\n|upkeep\n|turn|7\n|inactive|thenoob007 has 30 seconds left.\n|inactive|thenoob007 has 20 seconds left.\n|inactive|thenoob007 has 15 seconds left.\n|\n|t:|1698852759\n|switch|p1a: Landorus|Landorus-Therian, M|100\/100\n|-ability|p1a: Landorus|Intimidate|boost\n|-unboost|p2a: Garchomp|atk|1\n|-ability|p2b: Corviknight|Mirror Armor\n|-unboost|p1a: Landorus|atk|1\n|switch|p2a: Maushold|Maushold|100\/100\n|move|p1b: Poliwrath|Drain Punch|p2a: Maushold\n|-supereffective|p2a: Maushold\n|-damage|p2a: Maushold|0 fnt\n|-heal|p1b: Poliwrath|100\/100|[from] drain|[of] p2a: Maushold\n|faint|p2a: Maushold\n|move|p2b: Corviknight|Tailwind|p2b: Corviknight\n|-sidestart|p2: thenoob007|move: Tailwind\n|\n|-weather|RainDance|[upkeep]\n|upkeep\n|inactive|thenoob007 has 20 seconds left this turn.\n|inactive|thenoob007 has 15 seconds left.\n|inactive|thenoob007 has 10 seconds left.\n|\n|t:|1698852770\n|switch|p2a: Garchomp|Garchomp, M|100\/100\n|turn|8\n|inactive|thenoob007 has 30 seconds left.\n|\n|t:|1698852783\n|move|p1b: Poliwrath|Liquidation|p2a: Garchomp\n|-damage|p2a: Garchomp|0 fnt\n|-damage|p1b: Poliwrath|88\/100|[from] ability: Rough Skin|[of] p2a: Garchomp\n|faint|p2a: Garchomp\n|move|p1a: Landorus|Rock Slide|p2b: Corviknight\n|-damage|p2b: Corviknight|85\/100\n|-damage|p1a: Landorus|91\/100|[from] item: Life Orb\n|move|p2b: Corviknight|Brave Bird|p1a: Landorus\n|-damage|p1a: Landorus|43\/100\n|-damage|p2b: Corviknight|73\/100|[from] Recoil\n|\n|-weather|none\n|-heal|p2b: Corviknight|79\/100|[from] item: Leftovers\n|-sideend|p1: dangledipipples|move: Tailwind\n|upkeep\n|inactive|thenoob007 has 30 seconds left this turn.\n|inactive|thenoob007 has 20 seconds left.\n|inactive|thenoob007 has 15 seconds left.\n|inactive|thenoob007 has 10 seconds left.\n|c|\u2606thenoob007|Fukiin swift swim im dumb\n|inactive|thenoob007 has 5 seconds left.\n|-message|thenoob007 lost due to inactivity.\n|\n|win|dangledipipples\n|raw|dangledipipples's rating: 1466 &rarr; <strong>1480<\/strong><br \/>(+14 for winning)\n|raw|thenoob007's rating: 1361 &rarr; <strong>1347<\/strong><br \/>(-14 for losing)\n|l|\u2606thenoob007\n","uploadtime":1698852953,"views":27,"p1id":"dangledipipples","p2id":"thenoob007","formatid":"gen9doublesou","rating":1347,"private":0,"password":""}