{"id":"gen9doublesou-1982894184","p1":"Lori-elly","p2":"FeioNando","format":"[Gen 9] Doubles OU","log":"|j|\u2606Lori-elly\n|j|\u2606FeioNando\n|t:|1699055811\n|gametype|doubles\n|player|p1|Lori-elly|1|1129\n|player|p2|FeioNando|serena-anime|1156\n|teamsize|p1|6\n|teamsize|p2|6\n|gen|9\n|tier|[Gen 9] Doubles OU\n|rated|\n|rule|Species Clause: Limit one of each Pok\u00e9mon\n|rule|OHKO Clause: OHKO moves are banned\n|rule|Evasion Moves Clause: Evasion moves are banned\n|rule|Gravity Sleep Clause: The combination of sleep-inducing moves with imperfect accuracy and Gravity or Gigantamax Orbeetle are banned\n|rule|Endless Battle Clause: Forcing endless battles is banned\n|rule|HP Percentage Mod: HP is shown in percentages\n|clearpoke\n|poke|p1|Azumarill, M|\n|poke|p1|Gallade, M|\n|poke|p1|Passimian, M|\n|poke|p1|Muk-Alola, F|\n|poke|p1|Maushold|\n|poke|p1|Vivillon, M|\n|poke|p2|Maushold|\n|poke|p2|Primeape, F|\n|poke|p2|Meowscarada, M|\n|poke|p2|Ribombee, F|\n|poke|p2|Tyranitar, M|\n|poke|p2|Passimian, M|\n|teampreview\n|inactive|Battle timer is ON: inactive players will automatically lose when time's up. (requested by Lori-elly)\n|\n|t:|1699055827\n|start\n|switch|p1a: Passimian|Passimian, M|100\/100\n|switch|p1b: Azumarill|Azumarill, M|100\/100\n|switch|p2a: Ribombee|Ribombee, F|100\/100\n|switch|p2b: Passimian|Passimian, M|100\/100\n|turn|1\n|inactive|Lori-elly has 120 seconds left.\n|\n|t:|1699055857\n|move|p1a: Passimian|Protect|p1a: Passimian\n|-singleturn|p1a: Passimian|Protect\n|move|p2a: Ribombee|Skill Swap|p1b: Azumarill\n|-activate|p2a: Ribombee|move: Skill Swap|Huge Power|Honey Gather|[of] p1b: Azumarill\n|move|p2b: Passimian|Gunk Shot|p1b: Azumarill\n|-supereffective|p1b: Azumarill\n|-damage|p1b: Azumarill|0 fnt\n|faint|p1b: Azumarill\n|-ability|p1a: Passimian|Honey Gather|[from] ability: Receiver|[of] p1b: Azumarill\n|\n|upkeep\n|inactive|Lori-elly has 120 seconds left.\n|c|\u2606FeioNando|lol\n|\n|t:|1699055874\n|switch|p1b: Vivillon|Vivillon, M|100\/100\n|turn|2\n|inactive|Lori-elly has 120 seconds left.\n|\n|t:|1699055891\n|move|p2a: Ribombee|Tailwind|p2a: Ribombee\n|-sidestart|p2: FeioNando|move: Tailwind\n|move|p2b: Passimian|Gunk Shot|p1a: Passimian\n|-damage|p1a: Passimian|38\/100\n|move|p1a: Passimian|Rock Slide|p2b: Passimian|[spread] p2a,p2b\n|-supereffective|p2a: Ribombee\n|-resisted|p2b: Passimian\n|-damage|p2a: Ribombee|39\/100\n|-damage|p2b: Passimian|91\/100\n|move|p1b: Vivillon|Tailwind|p1b: Vivillon\n|-sidestart|p1: Lori-elly|move: Tailwind\n|\n|upkeep\n|turn|3\n|\n|t:|1699055908\n|move|p1a: Passimian|Protect|p1a: Passimian\n|-singleturn|p1a: Passimian|Protect\n|move|p2a: Ribombee|Skill Swap|p1b: Vivillon\n|-activate|p2a: Ribombee|move: Skill Swap|Compound Eyes|Huge Power|[of] p1b: Vivillon\n|move|p2b: Passimian|Gunk Shot|p1a: Passimian\n|-activate|p1a: Passimian|move: Protect\n|move|p1b: Vivillon|Sleep Powder|p2b: Passimian\n|-status|p2b: Passimian|slp|[from] move: Sleep Powder\n|\n|upkeep\n|turn|4\n|\n|t:|1699055934\n|move|p2a: Ribombee|Sticky Web|p1a: Passimian\n|-sidestart|p1: Lori-elly|move: Sticky Web\n|cant|p2b: Passimian|slp\n|move|p1a: Passimian|Rock Slide|p2a: Ribombee|[spread] p2a\n|-miss|p1a: Passimian|p2b: Passimian\n|-supereffective|p2a: Ribombee\n|-damage|p2a: Ribombee|0 fnt\n|faint|p2a: Ribombee\n|-ability|p2b: Passimian|Compound Eyes|[from] ability: Receiver|[of] p2a: Ribombee\n|move|p1b: Vivillon|Pollen Puff|p1a: Passimian\n|-heal|p1a: Passimian|88\/100\n|\n|upkeep\n|\n|t:|1699055952\n|switch|p2a: Meowscarada|Meowscarada, M|100\/100\n|turn|5\n|\n|t:|1699055963\n|switch|p1a: Muk|Muk-Alola, F|100\/100\n|-activate|p1a: Muk|move: Sticky Web\n|-unboost|p1a: Muk|spe|1\n|move|p2a: Meowscarada|Chilling Water|p1a: Muk\n|-start|p2a: Meowscarada|typechange|Water|[from] ability: Protean\n|-damage|p1a: Muk|88\/100\n|-unboost|p1a: Muk|atk|1\n|-curestatus|p2b: Passimian|slp|[msg]\n|move|p2b: Passimian|Gunk Shot|p1b: Vivillon\n|-damage|p1b: Vivillon|0 fnt\n|faint|p1b: Vivillon\n|-ability|p1a: Muk|Huge Power|[from] ability: Power of Alchemy|[of] p1b: Vivillon\n|\n|-heal|p1a: Muk|94\/100|[from] item: Black Sludge\n|-sideend|p2: FeioNando|move: Tailwind\n|-sideend|p1: Lori-elly|move: Tailwind\n|upkeep\n|inactive|Lori-elly has 120 seconds left.\n|\n|t:|1699056005\n|switch|p1b: Gallade|Gallade, M|100\/100\n|-activate|p1b: Gallade|move: Sticky Web\n|-unboost|p1b: Gallade|spe|1\n|turn|6\n|inactive|Lori-elly has 120 seconds left.\n|\n|t:|1699056038\n|move|p2a: Meowscarada|Ally Switch|p2a: Meowscarada\n|swap|p2a: Meowscarada|1|[from] move: Ally Switch\n|move|p2a: Passimian|Gunk Shot|p1b: Gallade\n|-damage|p1b: Gallade|2\/100\n|-enditem|p1b: Gallade|Salac Berry|[eat]\n|-boost|p1b: Gallade|spe|1|[from] item: Salac Berry\n|move|p1b: Gallade|Memento|p2b: Meowscarada\n|-unboost|p2b: Meowscarada|atk|2\n|-unboost|p2b: Meowscarada|spa|2\n|faint|p1b: Gallade\n|move|p1a: Muk|Thunder Punch|p2a: Passimian\n|-damage|p2a: Passimian|56\/100\n|\n|-heal|p1a: Muk|99\/100|[from] item: Black Sludge\n|upkeep\n|\n|t:|1699056055\n|switch|p1b: Passimian|Passimian, M|88\/100\n|-activate|p1b: Passimian|move: Sticky Web\n|-unboost|p1b: Passimian|spe|1\n|turn|7\n|inactive|Lori-elly has 120 seconds left.\n|\n|t:|1699056068\n|move|p2b: Meowscarada|Leech Seed|p1a: Muk\n|-start|p1a: Muk|move: Leech Seed\n|move|p2a: Passimian|Gunk Shot|p1b: Passimian\n|-damage|p1b: Passimian|26\/100\n|move|p1b: Passimian|Rock Slide|p2b: Meowscarada|[spread] p2a,p2b\n|-resisted|p2a: Passimian\n|-damage|p2a: Passimian|47\/100\n|-damage|p2b: Meowscarada|77\/100\n|move|p1a: Muk|Thunder Punch|p2a: Passimian\n|-damage|p2a: Passimian|12\/100\n|\n|-heal|p1a: Muk|100\/100|[from] item: Black Sludge\n|-damage|p1a: Muk|88\/100|[from] Leech Seed|[of] p2b: Meowscarada\n|-heal|p2b: Meowscarada|91\/100|[silent]\n|upkeep\n|turn|8\n|\n|t:|1699056088\n|move|p1b: Passimian|Protect|p1b: Passimian\n|-singleturn|p1b: Passimian|Protect\n|move|p2b: Meowscarada|Ally Switch|p2b: Meowscarada\n|swap|p2b: Meowscarada|0|[from] move: Ally Switch\n|move|p2b: Passimian|Gunk Shot|p1b: Passimian\n|-activate|p1b: Passimian|move: Protect\n|move|p1a: Muk|Thunder Punch|p2b: Passimian\n|-damage|p2b: Passimian|0 fnt\n|faint|p2b: Passimian\n|\n|-heal|p1a: Muk|94\/100|[from] item: Black Sludge\n|upkeep\n|\n|t:|1699056102\n|switch|p2b: Tyranitar|Tyranitar, M|100\/100\n|-weather|Sandstorm|[from] ability: Sand Stream|[of] p2b: Tyranitar\n|turn|9\n|\n|t:|1699056117\n|move|p2a: Meowscarada|Leech Seed|p1b: Passimian\n|-start|p1b: Passimian|move: Leech Seed\n|move|p2b: Tyranitar|Dragon Dance|p2b: Tyranitar\n|-boost|p2b: Tyranitar|atk|1\n|-boost|p2b: Tyranitar|spe|1\n|move|p1b: Passimian|Close Combat|p2b: Tyranitar\n|-supereffective|p2b: Tyranitar\n|-damage|p2b: Tyranitar|0 fnt\n|-unboost|p1b: Passimian|def|1\n|-unboost|p1b: Passimian|spd|1\n|faint|p2b: Tyranitar\n|move|p1a: Muk|Thunder Punch|p2a: Meowscarada\n|-supereffective|p2a: Meowscarada\n|-damage|p2a: Meowscarada|9\/100\n|\n|-weather|Sandstorm|[upkeep]\n|-damage|p2a: Meowscarada|3\/100|[from] Sandstorm\n|-damage|p1a: Muk|88\/100|[from] Sandstorm\n|-heal|p1a: Muk|94\/100|[from] item: Black Sludge\n|-damage|p1b: Passimian|14\/100|[from] Leech Seed|[of] p2a: Meowscarada\n|-heal|p2a: Meowscarada|15\/100|[silent]\n|upkeep\n|\n|t:|1699056137\n|switch|p2b: Primeape|Primeape, F|100\/100\n|turn|10\n|\n|t:|1699056148\n|move|p1b: Passimian|Protect|p1b: Passimian\n|-singleturn|p1b: Passimian|Protect\n|move|p2a: Meowscarada|Chilling Water|p2b: Primeape\n|-damage|p2b: Primeape|95\/100\n|-unboost|p2b: Primeape|atk|1\n|move|p2b: Primeape|Bulk Up|p2b: Primeape\n|-boost|p2b: Primeape|atk|1\n|-boost|p2b: Primeape|def|1\n|move|p1a: Muk|Rock Slide|p2a: Meowscarada|[spread] p2a,p2b\n|-resisted|p2b: Primeape\n|-damage|p2a: Meowscarada|0 fnt\n|-damage|p2b: Primeape|85\/100\n|faint|p2a: Meowscarada\n|\n|-weather|Sandstorm|[upkeep]\n|-damage|p2b: Primeape|79\/100|[from] Sandstorm\n|-damage|p1a: Muk|88\/100|[from] Sandstorm\n|-heal|p1a: Muk|94\/100|[from] item: Black Sludge\n|-damage|p1a: Muk|82\/100|[from] Leech Seed|[of] p2b: Primeape\n|-heal|p2b: Primeape|98\/100|[silent]\n|upkeep\n|\n|t:|1699056165\n|switch|p2a: Maushold|Maushold|100\/100\n|turn|11\n|\n|t:|1699056185\n|-terastallize|p2b: Primeape|Fighting\n|move|p2a: Maushold|Beat Up|p2b: Primeape\n|-resisted|p2b: Primeape\n|-damage|p2b: Primeape|98\/100\n|-resisted|p2b: Primeape\n|-damage|p2b: Primeape|97\/100\n|-hitcount|p2b: Primeape|2\n|move|p2b: Primeape|Earthquake|p1b: Passimian|[spread] p2a,p1a,p1b\n|-supereffective|p1a: Muk\n|-damage|p2a: Maushold|75\/100\n|-damage|p1a: Muk|44\/100\n|-damage|p1b: Passimian|0 fnt\n|faint|p1b: Passimian\n|move|p1a: Muk|Gunk Shot|p2b: Primeape\n|-damage|p2b: Primeape|47\/100\n|\n|-weather|Sandstorm|[upkeep]\n|-damage|p2a: Maushold|69\/100|[from] Sandstorm\n|-damage|p2b: Primeape|41\/100|[from] Sandstorm\n|-damage|p1a: Muk|38\/100|[from] Sandstorm\n|-heal|p1a: Muk|44\/100|[from] item: Black Sludge\n|-damage|p1a: Muk|32\/100|[from] Leech Seed|[of] p2b: Primeape\n|-heal|p2b: Primeape|60\/100|[silent]\n|upkeep\n|inactive|Lori-elly has 120 seconds left.\n|\n|t:|1699056209\n|switch|p1b: Maushold|Maushold|100\/100\n|-activate|p1b: Maushold|move: Sticky Web\n|-unboost|p1b: Maushold|spe|1\n|turn|12\n|\n|t:|1699056225\n|move|p2a: Maushold|Baby-Doll Eyes|p1a: Muk\n|-unboost|p1a: Muk|atk|1\n|move|p2b: Primeape|Drain Punch|p1b: Maushold\n|-supereffective|p1b: Maushold\n|-damage|p1b: Maushold|0 fnt\n|-heal|p2b: Primeape|100\/100|[from] drain|[of] p1b: Maushold\n|faint|p1b: Maushold\n|move|p1a: Muk|Gunk Shot|p2b: Primeape\n|-damage|p2b: Primeape|60\/100\n|\n|-weather|Sandstorm|[upkeep]\n|-damage|p2a: Maushold|63\/100|[from] Sandstorm\n|-damage|p2b: Primeape|54\/100|[from] Sandstorm\n|-damage|p1a: Muk|26\/100|[from] Sandstorm\n|-heal|p1a: Muk|32\/100|[from] item: Black Sludge\n|-damage|p1a: Muk|20\/100|[from] Leech Seed|[of] p2b: Primeape\n|-heal|p2b: Primeape|73\/100|[silent]\n|upkeep\n|turn|13\n|inactive|Lori-elly has 120 seconds left.\n|\n|t:|1699056258\n|-terastallize|p1a: Muk|Poison\n|move|p2a: Maushold|Helping Hand|p2b: Primeape\n|-singleturn|p2b: Primeape|Helping Hand|[of] p2a: Maushold\n|move|p2b: Primeape|Rage Fist|p1a: Muk\n|-damage|p1a: Muk|0 fnt\n|faint|p1a: Muk\n|\n|win|FeioNando\n|raw|Lori-elly's rating: 1129 &rarr; <strong>1106<\/strong><br \/>(-23 for losing)\n|raw|FeioNando's rating: 1156 &rarr; <strong>1179<\/strong><br \/>(+23 for winning)\n|l|\u2606Lori-elly\n","uploadtime":1699056270,"views":21,"p1id":"lorielly","p2id":"feionando","formatid":"gen9doublesou","rating":1106,"private":0,"password":""}