{"id":"gen9doublesou-1974391947","p1":"sir_masquerade69","p2":"Dear_RedF","format":"[Gen 9] Doubles OU","log":"|j|\u2606sir_masquerade69\n|j|\u2606Dear_RedF\n|t:|1698083304\n|gametype|doubles\n|player|p1|sir_masquerade69|265|1263\n|player|p2|Dear_RedF|veteran|1330\n|teamsize|p1|6\n|teamsize|p2|6\n|gen|9\n|tier|[Gen 9] Doubles OU\n|rated|\n|rule|Species Clause: Limit one of each Pok\u00e9mon\n|rule|OHKO Clause: OHKO moves are banned\n|rule|Evasion Moves Clause: Evasion moves are banned\n|rule|Gravity Sleep Clause: The combination of sleep-inducing moves with imperfect accuracy and Gravity or Gigantamax Orbeetle are banned\n|rule|Endless Battle Clause: Forcing endless battles is banned\n|rule|HP Percentage Mod: HP is shown in percentages\n|clearpoke\n|poke|p1|Ninetales, M|\n|poke|p1|Roaring Moon|\n|poke|p1|Ceruledge, F|\n|poke|p1|Leavanny, M|\n|poke|p1|Fezandipiti, M|\n|poke|p1|Walking Wake|\n|poke|p2|Iron Hands|\n|poke|p2|Dragonite, M|\n|poke|p2|Sinistcha-Masterpiece|\n|poke|p2|Hatterene, F|\n|poke|p2|Ursaluna-Bloodmoon, M|\n|poke|p2|Muk-Alola, M|\n|teampreview\n|inactive|Battle timer is ON: inactive players will automatically lose when time's up. (requested by sir_masquerade69)\n|j| LightningSword6354\n|l| LightningSword6354\n|\n|t:|1698083323\n|start\n|switch|p1a: Ninetales|Ninetales, M|100\/100\n|switch|p1b: Roaring Moon|Roaring Moon|100\/100\n|switch|p2a: Iron Hands|Iron Hands|100\/100\n|switch|p2b: Muk|Muk-Alola, M|100\/100\n|-weather|SunnyDay|[from] ability: Drought|[of] p1a: Ninetales\n|-activate|p1b: Roaring Moon|ability: Protosynthesis\n|-start|p1b: Roaring Moon|protosynthesisspe\n|turn|1\n|\n|t:|1698083332\n|move|p2a: Iron Hands|Fake Out|p1b: Roaring Moon\n|-damage|p1b: Roaring Moon|86\/100\n|cant|p1b: Roaring Moon|flinch\n|move|p1a: Ninetales|Will-O-Wisp|p2a: Iron Hands\n|-status|p2a: Iron Hands|brn\n|move|p2b: Muk|Curse|p2b: Muk\n|-unboost|p2b: Muk|spe|1\n|-boost|p2b: Muk|atk|1\n|-boost|p2b: Muk|def|1\n|\n|-weather|SunnyDay|[upkeep]\n|-heal|p1b: Roaring Moon|92\/100|[from] item: Leftovers\n|-damage|p2a: Iron Hands|94\/100 brn|[from] brn\n|upkeep\n|turn|2\n|\n|t:|1698083359\n|switch|p2b: Hatterene|Hatterene, F|100\/100\n|move|p1b: Roaring Moon|Tailwind|p1b: Roaring Moon\n|-sidestart|p1: sir_masquerade69|move: Tailwind\n|move|p1a: Ninetales|Will-O-Wisp|p2b: Hatterene\n|move|p2b: Hatterene|Will-O-Wisp|p1a: Ninetales|[from]ability: Magic Bounce\n|-immune|p1a: Ninetales\n|move|p2a: Iron Hands|Drain Punch|p1b: Roaring Moon\n|-supereffective|p1b: Roaring Moon\n|-damage|p1b: Roaring Moon|48\/100\n|-heal|p2a: Iron Hands|100\/100 brn|[from] drain|[of] p1b: Roaring Moon\n|\n|-weather|SunnyDay|[upkeep]\n|-heal|p1b: Roaring Moon|54\/100|[from] item: Leftovers\n|-damage|p2a: Iron Hands|94\/100 brn|[from] brn\n|upkeep\n|turn|3\n|\n|t:|1698083381\n|-end|p1b: Roaring Moon|Protosynthesis|[silent]\n|switch|p1b: Fezandipiti|Fezandipiti, M|100\/100\n|move|p1a: Ninetales|Heat Wave|p2a: Iron Hands|[spread] p2a,p2b\n|-damage|p2a: Iron Hands|78\/100 brn\n|-damage|p2b: Hatterene|68\/100\n|move|p2a: Iron Hands|Rock Slide|p1b: Fezandipiti|[spread] p1a\n|-miss|p2a: Iron Hands|p1b: Fezandipiti\n|-supereffective|p1a: Ninetales\n|-damage|p1a: Ninetales|74\/100\n|move|p2b: Hatterene|Trick Room|p2b: Hatterene\n|-fieldstart|move: Trick Room|[of] p2b: Hatterene\n|\n|-weather|SunnyDay|[upkeep]\n|-damage|p2a: Iron Hands|72\/100 brn|[from] brn\n|upkeep\n|turn|4\n|\n|t:|1698083407\n|move|p2b: Hatterene|Psychic|p1b: Fezandipiti\n|-supereffective|p1b: Fezandipiti\n|-damage|p1b: Fezandipiti|0 fnt\n|faint|p1b: Fezandipiti\n|-damage|p2b: Hatterene|58\/100|[from] item: Life Orb\n|move|p2a: Iron Hands|Wild Charge|p1a: Ninetales\n|-damage|p1a: Ninetales|44\/100\n|-damage|p2a: Iron Hands|66\/100 brn|[from] Recoil\n|move|p1a: Ninetales|Heat Wave|p2a: Iron Hands|[spread] p2a,p2b\n|-damage|p2a: Iron Hands|52\/100 brn\n|-damage|p2b: Hatterene|27\/100\n|\n|-weather|SunnyDay|[upkeep]\n|-damage|p2a: Iron Hands|45\/100 brn|[from] brn\n|upkeep\n|\n|t:|1698083415\n|switch|p1b: Leavanny|Leavanny, M|100\/100\n|turn|5\n|\n|t:|1698083426\n|move|p2b: Hatterene|Psychic|p1a: Ninetales\n|-damage|p1a: Ninetales|0 fnt\n|faint|p1a: Ninetales\n|-damage|p2b: Hatterene|17\/100|[from] item: Life Orb\n|move|p2a: Iron Hands|Rock Slide|p1b: Leavanny\n|-supereffective|p1b: Leavanny\n|-damage|p1b: Leavanny|55\/100\n|move|p1b: Leavanny|Leaf Blade|p2a: Iron Hands\n|-damage|p2a: Iron Hands|15\/100 brn\n|\n|-weather|SunnyDay|[upkeep]\n|-damage|p2a: Iron Hands|9\/100 brn|[from] brn\n|-sideend|p1: sir_masquerade69|move: Tailwind\n|upkeep\n|\n|t:|1698083432\n|switch|p1a: Ceruledge|Ceruledge, F|100\/100\n|turn|6\n|inactive|Dear_RedF has 120 seconds left.\n|\n|t:|1698083475\n|switch|p2b: Muk|Muk-Alola, M|100\/100\n|move|p1a: Ceruledge|Shadow Sneak|p2b: Muk\n|-resisted|p2b: Muk\n|-damage|p2b: Muk|89\/100\n|-damage|p1a: Ceruledge|91\/100|[from] item: Life Orb\n|move|p2a: Iron Hands|Rock Slide|p1b: Leavanny|[spread] p1a,p1b\n|-supereffective|p1a: Ceruledge\n|-supereffective|p1b: Leavanny\n|-damage|p1a: Ceruledge|58\/100\n|-damage|p1b: Leavanny|25\/100\n|-ability|p1a: Ceruledge|Weak Armor|boost\n|-unboost|p1a: Ceruledge|def|1\n|-boost|p1a: Ceruledge|spe|2\n|cant|p1b: Leavanny|flinch\n|\n|-weather|SunnyDay|[upkeep]\n|-damage|p2a: Iron Hands|3\/100 brn|[from] brn\n|upkeep\n|turn|7\n|inactive|Dear_RedF has 120 seconds left.\n|\n|t:|1698083498\n|move|p1a: Ceruledge|Protect|p1a: Ceruledge\n|-singleturn|p1a: Ceruledge|Protect\n|move|p2a: Iron Hands|Rock Slide|p1b: Leavanny|[spread] p1b\n|-activate|p1a: Ceruledge|move: Protect\n|-supereffective|p1b: Leavanny\n|-damage|p1b: Leavanny|0 fnt\n|faint|p1b: Leavanny\n|move|p2b: Muk|Knock Off|p1a: Ceruledge\n|-activate|p1a: Ceruledge|move: Protect\n|\n|-weather|SunnyDay|[upkeep]\n|-damage|p2a: Iron Hands|0 fnt|[from] brn\n|faint|p2a: Iron Hands\n|-end|p2a: Iron Hands|Quark Drive|[silent]\n|-fieldend|move: Trick Room\n|upkeep\n|\n|t:|1698083507\n|switch|p1b: Walking Wake|Walking Wake|100\/100\n|switch|p2a: Sinistcha|Sinistcha-Masterpiece|100\/100\n|-activate|p1b: Walking Wake|ability: Protosynthesis\n|-start|p1b: Walking Wake|protosynthesisspe\n|-heal|p2b: Muk|100\/100|[from] ability: Hospitality|[of] p2a: Sinistcha\n|turn|8\n|\n|t:|1698083516\n|-terastallize|p2a: Sinistcha|Water\n|move|p2b: Muk|Protect|p2b: Muk\n|-singleturn|p2b: Muk|Protect\n|move|p1a: Ceruledge|Bitter Blade|p2a: Sinistcha\n|-resisted|p2a: Sinistcha\n|-damage|p2a: Sinistcha|72\/100\n|-heal|p1a: Ceruledge|75\/100|[from] drain|[of] p2a: Sinistcha\n|-damage|p1a: Ceruledge|65\/100|[from] item: Life Orb\n|move|p1b: Walking Wake|Sunny Day||[still]\n|-fail|p1b: Walking Wake\n|move|p2a: Sinistcha|Trick Room|p2a: Sinistcha\n|-fieldstart|move: Trick Room|[of] p2a: Sinistcha\n|\n|-weather|none\n|-end|p1b: Walking Wake|Protosynthesis\n|upkeep\n|turn|9\n|\n|t:|1698083540\n|move|p2b: Muk|Knock Off|p1b: Walking Wake\n|-damage|p1b: Walking Wake|58\/100\n|-enditem|p1b: Walking Wake|Life Orb|[from] move: Knock Off|[of] p2b: Muk\n|move|p2a: Sinistcha|Life Dew||[still]|[spread] p2a,p2b\n|-heal|p2a: Sinistcha|98\/100\n|-fail|p2b: Muk|heal\n|move|p1b: Walking Wake|Draco Meteor|p2a: Sinistcha\n|-damage|p2a: Sinistcha|32\/100\n|-unboost|p1b: Walking Wake|spa|2\n|-enditem|p2a: Sinistcha|Sitrus Berry|[eat]\n|-heal|p2a: Sinistcha|57\/100|[from] item: Sitrus Berry\n|move|p1a: Ceruledge|Swords Dance|p1a: Ceruledge\n|-boost|p1a: Ceruledge|atk|2\n|\n|upkeep\n|turn|10\n|\n|t:|1698083562\n|-end|p1b: Walking Wake|Protosynthesis|[silent]\n|switch|p1b: Roaring Moon|Roaring Moon|54\/100\n|move|p2b: Muk|Knock Off|p1a: Ceruledge\n|-supereffective|p1a: Ceruledge\n|-damage|p1a: Ceruledge|0 fnt\n|-enditem|p1a: Ceruledge|Life Orb|[from] move: Knock Off|[of] p2b: Muk\n|faint|p1a: Ceruledge\n|move|p2a: Sinistcha|Life Dew||[still]|[spread] p2a,p2b\n|-heal|p2a: Sinistcha|82\/100\n|-fail|p2b: Muk|heal\n|\n|-heal|p1b: Roaring Moon|61\/100|[from] item: Leftovers\n|upkeep\n|-message|sir_masquerade69 forfeited.\n|\n|win|Dear_RedF\n|raw|sir_masquerade69's rating: 1263 &rarr; <strong>1243<\/strong><br \/>(-20 for losing)\n|raw|Dear_RedF's rating: 1330 &rarr; <strong>1346<\/strong><br \/>(+16 for winning)\n|l|\u2606sir_masquerade69\n","uploadtime":1698083862,"views":20,"p1id":"sirmasquerade69","p2id":"dearredf","formatid":"gen9doublesou","rating":1243,"private":0,"password":""}