{"id":"gen9doublesou-1989940560","p1":"MattCol","p2":"gonegeb","format":"[Gen 9] Doubles OU","log":"|j|\u2606MattCol\n|j|\u2606gonegeb\n|t:|1699908583\n|gametype|doubles\n|player|p1|MattCol|265|\n|player|p2|gonegeb|alain|\n|teamsize|p1|6\n|teamsize|p2|6\n|gen|9\n|tier|[Gen 9] Doubles OU\n|rule|Species Clause: Limit one of each Pok\u00e9mon\n|rule|OHKO Clause: OHKO moves are banned\n|rule|Evasion Moves Clause: Evasion moves are banned\n|rule|Gravity Sleep Clause: The combination of sleep-inducing moves with imperfect accuracy and Gravity or Gigantamax Orbeetle are banned\n|rule|Endless Battle Clause: Forcing endless battles is banned\n|rule|HP Percentage Mod: HP is shown in percentages\n|clearpoke\n|poke|p1|Quaquaval, F|\n|poke|p1|Baxcalibur, M|\n|poke|p1|Cinderace, M|\n|poke|p1|Slowbro-Galar, F|\n|poke|p1|Zarude-Dada|\n|poke|p1|Pelipper, F|\n|poke|p2|Lucario, M|\n|poke|p2|Umbreon, M|\n|poke|p2|Arcanine, F|\n|poke|p2|Corviknight, M|\n|poke|p2|Ceruledge, M|\n|poke|p2|Fezandipiti, M|\n|teampreview\n|l|\u2606MattCol\n|player|p1|\n|j|\u2606MattCol\n|player|p1|MattCol|265\n|\n|t:|1699908710\n|start\n|switch|p1a: Cinderace|Cinderace, M|100\/100\n|switch|p1b: Slowbro|Slowbro-Galar, F|100\/100\n|switch|p2a: Anubis|Lucario, M, shiny|100\/100\n|switch|p2b: Tourmaline|Fezandipiti, M|100\/100\n|turn|1\n|\n|t:|1699908756\n|move|p2a: Anubis|Protect|p2a: Anubis\n|-singleturn|p2a: Anubis|Protect\n|move|p1a: Cinderace|Taunt|p2b: Tourmaline\n|-start|p1a: Cinderace|typechange|Dark|[from] ability: Libero\n|-start|p2b: Tourmaline|move: Taunt\n|-enditem|p2b: Tourmaline|Mental Herb\n|-end|p2b: Tourmaline|move: Taunt\n|move|p2b: Tourmaline|Tailwind|p2b: Tourmaline\n|-sidestart|p2: gonegeb|move: Tailwind\n|move|p1b: Slowbro|Nasty Plot|p1b: Slowbro\n|-boost|p1b: Slowbro|spa|2\n|\n|upkeep\n|turn|2\n|l|\u2606MattCol\n|player|p1|\n|j|\u2606MattCol\n|player|p1|MattCol|265\n|l|\u2606MattCol\n|player|p1|\n|j|\u2606MattCol\n|player|p1|MattCol|265\n|\n|t:|1699909051\n|move|p2b: Tourmaline|Beat Up|p2a: Anubis\n|-resisted|p2a: Anubis\n|-damage|p2a: Anubis|98\/100\n|-ability|p2a: Anubis|Justified|boost\n|-boost|p2a: Anubis|atk|1\n|-resisted|p2a: Anubis\n|-damage|p2a: Anubis|96\/100\n|-ability|p2a: Anubis|Justified|boost\n|-boost|p2a: Anubis|atk|1\n|-resisted|p2a: Anubis\n|-damage|p2a: Anubis|93\/100\n|-ability|p2a: Anubis|Justified|boost\n|-boost|p2a: Anubis|atk|1\n|-resisted|p2a: Anubis\n|-damage|p2a: Anubis|91\/100\n|-ability|p2a: Anubis|Justified|boost\n|-boost|p2a: Anubis|atk|1\n|-resisted|p2a: Anubis\n|-damage|p2a: Anubis|88\/100\n|-ability|p2a: Anubis|Justified|boost\n|-boost|p2a: Anubis|atk|1\n|-resisted|p2a: Anubis\n|-crit|p2a: Anubis\n|-damage|p2a: Anubis|86\/100\n|-ability|p2a: Anubis|Justified|boost\n|-boost|p2a: Anubis|atk|1\n|-hitcount|p2a: Anubis|6\n|move|p2a: Anubis|Drain Punch|p1a: Cinderace\n|-supereffective|p1a: Cinderace\n|-damage|p1a: Cinderace|0 fnt\n|-heal|p2a: Anubis|100\/100|[from] drain|[of] p1a: Cinderace\n|faint|p1a: Cinderace\n|move|p1b: Slowbro|Shadow Ball|p2b: Tourmaline\n|-damage|p2b: Tourmaline|65\/100\n|\n|upkeep\n|\n|t:|1699909080\n|switch|p1a: Zarude|Zarude-Dada|100\/100\n|turn|3\n|\n|t:|1699909127\n|move|p2b: Tourmaline|Taunt|p1b: Slowbro\n|-start|p1b: Slowbro|move: Taunt\n|move|p2a: Anubis|Drain Punch|p1a: Zarude\n|-supereffective|p1a: Zarude\n|-enditem|p1a: Zarude|Focus Sash\n|-damage|p1a: Zarude|1\/100\n|move|p1a: Zarude|Drain Punch|p2a: Anubis\n|-supereffective|p2a: Anubis\n|-damage|p2a: Anubis|18\/100\n|-heal|p1a: Zarude|34\/100|[from] drain|[of] p2a: Anubis\n|move|p1b: Slowbro|Shadow Ball|p2b: Tourmaline\n|-damage|p2b: Tourmaline|25\/100\n|-unboost|p2b: Tourmaline|spd|1\n|\n|upkeep\n|turn|4\n|\n|t:|1699909156\n|move|p2b: Tourmaline|Dazzling Gleam|p1b: Slowbro|[spread] p1a,p1b\n|-supereffective|p1a: Zarude\n|-resisted|p1b: Slowbro\n|-damage|p1a: Zarude|1\/100\n|-damage|p1b: Slowbro|92\/100\n|-status|p1a: Zarude|tox|[from] ability: Toxic Chain|[of] p2b: Tourmaline\n|move|p2a: Anubis|Drain Punch|p1a: Zarude\n|-supereffective|p1a: Zarude\n|-damage|p1a: Zarude|0 fnt\n|-heal|p2a: Anubis|18\/100|[from] drain|[of] p1a: Zarude\n|faint|p1a: Zarude\n|move|p1b: Slowbro|Surf|p2a: Anubis|[spread] p2a,p2b\n|-damage|p2a: Anubis|0 fnt\n|-damage|p2b: Tourmaline|0 fnt\n|faint|p2a: Anubis\n|faint|p2b: Tourmaline\n|\n|-sideend|p2: gonegeb|move: Tailwind\n|upkeep\n|\n|t:|1699909190\n|switch|p1a: Pelipper|Pelipper, F|100\/100\n|switch|p2b: Umbra|Umbreon, M, shiny|100\/100\n|switch|p2a: Kyanite|Corviknight, M|100\/100\n|-weather|RainDance|[from] ability: Drizzle|[of] p1a: Pelipper\n|turn|5\n|\n|t:|1699909237\n|move|p2a: Kyanite|Light Screen|p2a: Kyanite\n|-sidestart|p2: gonegeb|move: Light Screen\n|move|p1a: Pelipper|Hydro Pump|p2a: Kyanite\n|-crit|p2a: Kyanite\n|-damage|p2a: Kyanite|31\/100\n|move|p2b: Umbra|Foul Play|p1b: Slowbro\n|-supereffective|p1b: Slowbro\n|-damage|p1b: Slowbro|38\/100\n|move|p1b: Slowbro|Shell Side Arm|p2b: Umbra|[anim] Shell Side Arm Special\n|-damage|p2b: Umbra|67\/100\n|-hint|Special Shell Side Arm\n|\n|-weather|RainDance|[upkeep]\n|-heal|p2b: Umbra|73\/100|[from] item: Leftovers\n|-end|p1b: Slowbro|move: Taunt\n|upkeep\n|turn|6\n|-activate|p1b: Slowbro|ability: Quick Draw\n|\n|t:|1699909294\n|move|p1b: Slowbro|Shadow Ball|p2b: Umbra\n|-resisted|p2b: Umbra\n|-damage|p2b: Umbra|62\/100\n|move|p2a: Kyanite|Roost|p2a: Kyanite\n|-heal|p2a: Kyanite|81\/100\n|-singleturn|p2a: Kyanite|move: Roost\n|move|p2b: Umbra|Foul Play|p1b: Slowbro\n|-supereffective|p1b: Slowbro\n|-damage|p1b: Slowbro|0 fnt\n|faint|p1b: Slowbro\n|move|p1a: Pelipper|Hurricane|p2b: Umbra\n|-damage|p2b: Umbra|43\/100\n|\n|-weather|RainDance|[upkeep]\n|-heal|p2b: Umbra|49\/100|[from] item: Leftovers\n|upkeep\n|\n|t:|1699909312\n|switch|p1b: Quaquaval|Quaquaval, F|100\/100\n|turn|7\n|\n|t:|1699909329\n|move|p1b: Quaquaval|Bulk Up|p1b: Quaquaval\n|-boost|p1b: Quaquaval|atk|1\n|-boost|p1b: Quaquaval|def|1\n|move|p2a: Kyanite|Iron Defense|p2a: Kyanite\n|-boost|p2a: Kyanite|def|2\n|move|p1a: Pelipper|Tailwind|p1a: Pelipper\n|-sidestart|p1: MattCol|move: Tailwind\n|move|p2b: Umbra|Wish|p2b: Umbra\n|\n|-weather|RainDance|[upkeep]\n|-heal|p2b: Umbra|55\/100|[from] item: Leftovers\n|upkeep\n|turn|8\n|\n|t:|1699909383\n|-terastallize|p2b: Umbra|Ghost\n|move|p1b: Quaquaval|Aqua Step|p2b: Umbra\n|-damage|p2b: Umbra|0 fnt\n|-boost|p1b: Quaquaval|spe|1\n|faint|p2b: Umbra\n|-ability|p1b: Quaquaval|Moxie|boost\n|-boost|p1b: Quaquaval|atk|1\n|move|p1a: Pelipper|Hydro Pump|p2a: Kyanite\n|-damage|p2a: Kyanite|52\/100\n|move|p2a: Kyanite|Iron Defense|p2a: Kyanite\n|-boost|p2a: Kyanite|def|2\n|\n|-weather|RainDance|[upkeep]\n|upkeep\n|\n|t:|1699909389\n|switch|p2b: Pryna|Arcanine, F, shiny|100\/100\n|-ability|p2b: Pryna|Intimidate|boost\n|-unboost|p1a: Pelipper|atk|1\n|-unboost|p1b: Quaquaval|atk|1\n|turn|9\n|\n|t:|1699909411\n|move|p1b: Quaquaval|Close Combat|p2a: Kyanite\n|-damage|p2a: Kyanite|30\/100\n|-unboost|p1b: Quaquaval|def|1\n|-unboost|p1b: Quaquaval|spd|1\n|-damage|p1b: Quaquaval|84\/100|[from] item: Rocky Helmet|[of] p2a: Kyanite\n|move|p1a: Pelipper|Hydro Pump|p2b: Pryna\n|-supereffective|p2b: Pryna\n|-damage|p2b: Pryna|10\/100\n|-enditem|p2b: Pryna|Sitrus Berry|[eat]\n|-heal|p2b: Pryna|35\/100|[from] item: Sitrus Berry\n|move|p2b: Pryna|Will-O-Wisp|p1b: Quaquaval\n|-status|p1b: Quaquaval|brn\n|move|p2a: Kyanite|Roost|p2a: Kyanite\n|-heal|p2a: Kyanite|80\/100\n|-singleturn|p2a: Kyanite|move: Roost\n|\n|-weather|none\n|-heal|p1b: Quaquaval|90\/100 brn|[from] item: Leftovers\n|-damage|p1b: Quaquaval|84\/100 brn|[from] brn\n|-sideend|p2: gonegeb|move: Light Screen\n|upkeep\n|turn|10\n|\n|t:|1699909436\n|switch|p2b: Obsidian|Ceruledge, M, shiny|100\/100\n|move|p1b: Quaquaval|Aqua Step|p2b: Obsidian\n|-supereffective|p2b: Obsidian\n|-damage|p2b: Obsidian|32\/100\n|-boost|p1b: Quaquaval|spe|1\n|-enditem|p2b: Obsidian|Weakness Policy\n|-boost|p2b: Obsidian|atk|2|[from] item: Weakness Policy\n|-boost|p2b: Obsidian|spa|2|[from] item: Weakness Policy\n|move|p1a: Pelipper|Hydro Pump|p2a: Kyanite\n|-damage|p2a: Kyanite|50\/100\n|move|p2a: Kyanite|Iron Defense|p2a: Kyanite\n|-boost|p2a: Kyanite|def|2\n|\n|-heal|p1b: Quaquaval|90\/100 brn|[from] item: Leftovers\n|-damage|p1b: Quaquaval|84\/100 brn|[from] brn\n|-sideend|p1: MattCol|move: Tailwind\n|upkeep\n|turn|11\n|\n|t:|1699909472\n|move|p2b: Obsidian|Shadow Sneak|p1b: Quaquaval\n|-damage|p1b: Quaquaval|43\/100 brn\n|move|p1b: Quaquaval|Aqua Step|p2b: Obsidian\n|-supereffective|p2b: Obsidian\n|-damage|p2b: Obsidian|0 fnt\n|-boost|p1b: Quaquaval|spe|1\n|faint|p2b: Obsidian\n|-ability|p1b: Quaquaval|Moxie|boost\n|-boost|p1b: Quaquaval|atk|1\n|move|p2a: Kyanite|Roost|p2a: Kyanite\n|-heal|p2a: Kyanite|99\/100\n|-singleturn|p2a: Kyanite|move: Roost\n|move|p1a: Pelipper|Hydro Pump|p2a: Kyanite|[miss]\n|-miss|p1a: Pelipper|p2a: Kyanite\n|\n|-heal|p1b: Quaquaval|49\/100 brn|[from] item: Leftovers\n|-damage|p1b: Quaquaval|43\/100 brn|[from] brn\n|upkeep\n|\n|t:|1699909487\n|switch|p2b: Pryna|Arcanine, F, shiny|35\/100\n|-ability|p2b: Pryna|Intimidate|boost\n|-unboost|p1a: Pelipper|atk|1\n|-unboost|p1b: Quaquaval|atk|1\n|turn|12\n|\n|t:|1699909512\n|move|p1b: Quaquaval|Aqua Step|p2b: Pryna\n|-supereffective|p2b: Pryna\n|-damage|p2b: Pryna|0 fnt\n|-boost|p1b: Quaquaval|spe|1\n|faint|p2b: Pryna\n|-ability|p1b: Quaquaval|Moxie|boost\n|-boost|p1b: Quaquaval|atk|1\n|move|p2a: Kyanite|Body Press|p1b: Quaquaval\n|-damage|p1b: Quaquaval|0 fnt\n|faint|p1b: Quaquaval\n|move|p1a: Pelipper|Tailwind|p1a: Pelipper\n|-sidestart|p1: MattCol|move: Tailwind\n|\n|upkeep\n|\n|t:|1699909525\n|switch|p1b: Baxcalibur|Baxcalibur, M|100\/100\n|turn|13\n|\n|t:|1699909537\n|-terastallize|p1b: Baxcalibur|Fairy\n|move|p1b: Baxcalibur|Swords Dance|p1b: Baxcalibur\n|-boost|p1b: Baxcalibur|atk|2\n|move|p1a: Pelipper|Hydro Pump|p2a: Kyanite\n|-damage|p2a: Kyanite|73\/100\n|move|p2a: Kyanite|Light Screen|p2a: Kyanite\n|-sidestart|p2: gonegeb|move: Light Screen\n|\n|upkeep\n|turn|14\n|\n|t:|1699909555\n|move|p1b: Baxcalibur|Icicle Spear|p2a: Kyanite\n|-damage|p2a: Kyanite|66\/100\n|-damage|p2a: Kyanite|60\/100\n|-damage|p2a: Kyanite|53\/100\n|-damage|p2a: Kyanite|46\/100\n|-damage|p2a: Kyanite|40\/100\n|-hitcount|p2a: Kyanite|5\n|move|p1a: Pelipper|Hydro Pump|p2a: Kyanite|[miss]\n|-miss|p1a: Pelipper|p2a: Kyanite\n|move|p2a: Kyanite|Roost|p2a: Kyanite\n|-heal|p2a: Kyanite|90\/100\n|-singleturn|p2a: Kyanite|move: Roost\n|\n|upkeep\n|turn|15\n|\n|t:|1699909575\n|move|p1b: Baxcalibur|Icicle Spear|p2a: Kyanite\n|-damage|p2a: Kyanite|83\/100\n|-damage|p2a: Kyanite|76\/100\n|-damage|p2a: Kyanite|69\/100\n|-damage|p2a: Kyanite|62\/100\n|-hitcount|p2a: Kyanite|4\n|move|p1a: Pelipper|Hydro Pump|p2a: Kyanite\n|-damage|p2a: Kyanite|40\/100\n|move|p2a: Kyanite|Body Press|p1b: Baxcalibur\n|-resisted|p1b: Baxcalibur\n|-damage|p1b: Baxcalibur|64\/100\n|\n|-sideend|p1: MattCol|move: Tailwind\n|upkeep\n|turn|16\n|\n|t:|1699909598\n|move|p1b: Baxcalibur|Icicle Spear|p2a: Kyanite\n|-crit|p2a: Kyanite\n|-damage|p2a: Kyanite|5\/100\n|-damage|p2a: Kyanite|0 fnt\n|faint|p2a: Kyanite\n|-hitcount|p2: Kyanite|2\n|\n|win|MattCol\n|c|\u2606MattCol|Zzz\n","uploadtime":1699909682,"views":6,"p1id":"mattcol","p2id":"gonegeb","formatid":"gen9doublesou","rating":0,"private":0,"password":""}