{"id":"gen9doublesou-1994003624","p1":"JustRadAlex","p2":"Otaku Waffle","format":"[Gen 9] Doubles OU","log":"|j|\u2606JustRadAlex\n|j|\u2606Otaku Waffle\n|t:|1700391755\n|gametype|doubles\n|player|p1|JustRadAlex|juan|1331\n|player|p2|Otaku Waffle|shauntal|1375\n|teamsize|p1|6\n|teamsize|p2|6\n|gen|9\n|tier|[Gen 9] Doubles OU\n|rated|\n|rule|Species Clause: Limit one of each Pok\u00e9mon\n|rule|OHKO Clause: OHKO moves are banned\n|rule|Evasion Moves Clause: Evasion moves are banned\n|rule|Gravity Sleep Clause: The combination of sleep-inducing moves with imperfect accuracy and Gravity or Gigantamax Orbeetle are banned\n|rule|Endless Battle Clause: Forcing endless battles is banned\n|rule|HP Percentage Mod: HP is shown in percentages\n|clearpoke\n|poke|p1|Iron Hands|\n|poke|p1|Grimmsnarl, M|\n|poke|p1|Cresselia, F|\n|poke|p1|Rillaboom, F|\n|poke|p1|Empoleon, M|\n|poke|p1|Landorus-Therian, M|\n|poke|p2|Iron Hands|\n|poke|p2|Farigiraf, F|\n|poke|p2|Sinistcha|\n|poke|p2|Ursaluna-Bloodmoon, M|\n|poke|p2|Ninetales-Alola, M|\n|poke|p2|Diancie|\n|teampreview\n|\n|t:|1700391765\n|start\n|switch|p1a: Grimmsnarl|Grimmsnarl, M, shiny|100\/100\n|switch|p1b: Kingleon|Empoleon, M, shiny|100\/100\n|switch|p2a: Ninetales|Ninetales-Alola, M|100\/100\n|switch|p2b: Diancie|Diancie|100\/100\n|-weather|Snow|[from] ability: Snow Warning|[of] p2a: Ninetales\n|turn|1\n|\n|t:|1700391787\n|move|p1a: Grimmsnarl|Light Screen|p1a: Grimmsnarl\n|-sidestart|p1: JustRadAlex|move: Light Screen\n|move|p2a: Ninetales|Moonblast|p1a: Grimmsnarl\n|-supereffective|p1a: Grimmsnarl\n|-damage|p1a: Grimmsnarl|45\/100\n|move|p1b: Kingleon|Flash Cannon|p2b: Diancie\n|-supereffective|p2b: Diancie\n|-damage|p2b: Diancie|0 fnt\n|faint|p2b: Diancie\n|\n|-weather|Snow|[upkeep]\n|upkeep\n|\n|t:|1700391802\n|switch|p2b: Iron Hands|Iron Hands|100\/100\n|turn|2\n|\n|t:|1700391812\n|-terastallize|p1b: Kingleon|Fighting\n|move|p2b: Iron Hands|Fake Out|p1a: Grimmsnarl\n|-damage|p1a: Grimmsnarl|24\/100\n|cant|p1a: Grimmsnarl|flinch\n|move|p2a: Ninetales|Aurora Veil|p2a: Ninetales\n|-sidestart|p2: Otaku Waffle|move: Aurora Veil\n|move|p1b: Kingleon|Flash Cannon|p2a: Ninetales\n|-supereffective|p2a: Ninetales\n|-damage|p2a: Ninetales|0 fnt\n|faint|p2a: Ninetales\n|\n|-weather|Snow|[upkeep]\n|upkeep\n|\n|t:|1700391825\n|switch|p2a: Farigiraf|Farigiraf, F|100\/100\n|turn|3\n|\n|t:|1700391846\n|switch|p1a: Landorus|Landorus-Therian, M|100\/100\n|-ability|p1a: Landorus|Intimidate|boost\n|-unboost|p2a: Farigiraf|atk|1\n|-unboost|p2b: Iron Hands|atk|1\n|switch|p1b: Cresselia|Cresselia, F|100\/100\n|move|p2a: Farigiraf|Hyper Voice|p1a: Landorus|[spread] p1a,p1b\n|-damage|p1a: Landorus|73\/100\n|-damage|p1b: Cresselia|86\/100\n|-enditem|p2a: Farigiraf|Throat Spray\n|-boost|p2a: Farigiraf|spa|1|[from] item: Throat Spray\n|move|p2b: Iron Hands|Wild Charge|p1b: Cresselia\n|-damage|p1b: Cresselia|62\/100\n|-damage|p2b: Iron Hands|95\/100|[from] Recoil\n|\n|-weather|Snow|[upkeep]\n|-heal|p1b: Cresselia|69\/100|[from] item: Leftovers\n|upkeep\n|turn|4\n|\n|t:|1700391871\n|-end|p2b: Iron Hands|Quark Drive|[silent]\n|switch|p2b: Sinistcha|Sinistcha|100\/100\n|move|p1a: Landorus|U-turn|p2a: Farigiraf\n|-supereffective|p2a: Farigiraf\n|-damage|p2a: Farigiraf|61\/100\n|\n|t:|1700391883\n|switch|p1a: Kingleon|Empoleon, M, shiny, tera:Fighting|100\/100|[from] U-turn\n|move|p1b: Cresselia|Calm Mind|p1b: Cresselia\n|-boost|p1b: Cresselia|spa|1\n|-boost|p1b: Cresselia|spd|1\n|move|p2a: Farigiraf|Psychic|p1a: Kingleon\n|-supereffective|p1a: Kingleon\n|-damage|p1a: Kingleon|10\/100\n|\n|-weather|Snow|[upkeep]\n|-heal|p1b: Cresselia|75\/100|[from] item: Leftovers\n|upkeep\n|turn|5\n|\n|t:|1700391902\n|move|p1b: Cresselia|Moonblast|p2b: Sinistcha\n|-damage|p2b: Sinistcha|84\/100\n|move|p1a: Kingleon|Ice Beam|p2b: Sinistcha\n|-supereffective|p2b: Sinistcha\n|-damage|p2b: Sinistcha|49\/100\n|move|p2a: Farigiraf|Hyper Voice|p1a: Kingleon|[spread] p1a,p1b\n|-damage|p1a: Kingleon|0 fnt\n|-damage|p1b: Cresselia|62\/100\n|faint|p1a: Kingleon\n|move|p2b: Sinistcha|Trick Room|p2b: Sinistcha\n|-fieldstart|move: Trick Room|[of] p2b: Sinistcha\n|\n|-weather|none\n|-heal|p2b: Sinistcha|55\/100|[from] item: Leftovers\n|-heal|p1b: Cresselia|68\/100|[from] item: Leftovers\n|upkeep\n|\n|t:|1700391915\n|switch|p1a: Iron Hands|Iron Hands|100\/100\n|turn|6\n|\n|t:|1700391926\n|move|p2a: Farigiraf|Psychic|p1a: Iron Hands\n|-supereffective|p1a: Iron Hands\n|-damage|p1a: Iron Hands|43\/100\n|move|p2b: Sinistcha|Strength Sap|p1a: Iron Hands\n|-unboost|p1a: Iron Hands|atk|1\n|-heal|p2b: Sinistcha|100\/100\n|move|p1a: Iron Hands|Drain Punch|p2a: Farigiraf\n|-damage|p2a: Farigiraf|39\/100\n|-heal|p1a: Iron Hands|53\/100|[from] drain|[of] p2a: Farigiraf\n|move|p1b: Cresselia|Calm Mind|p1b: Cresselia\n|-boost|p1b: Cresselia|spa|1\n|-boost|p1b: Cresselia|spd|1\n|\n|-heal|p1b: Cresselia|74\/100|[from] item: Leftovers\n|upkeep\n|turn|7\n|\n|t:|1700391945\n|-end|p1a: Iron Hands|Quark Drive|[silent]\n|switch|p1a: Grimmsnarl|Grimmsnarl, M, shiny|24\/100\n|move|p2a: Farigiraf|Psychic|p1a: Grimmsnarl\n|-immune|p1a: Grimmsnarl\n|move|p2b: Sinistcha|Matcha Gotcha|p1b: Cresselia|[spread] p1a,p1b\n|-damage|p1a: Grimmsnarl|7\/100\n|-damage|p1b: Cresselia|69\/100\n|-status|p1b: Cresselia|brn\n|move|p1b: Cresselia|Moonblast|p2a: Farigiraf\n|-crit|p2a: Farigiraf\n|-damage|p2a: Farigiraf|0 fnt\n|faint|p2a: Farigiraf\n|\n|-heal|p1b: Cresselia|75\/100 brn|[from] item: Leftovers\n|-damage|p1b: Cresselia|69\/100 brn|[from] brn\n|upkeep\n|\n|t:|1700391961\n|switch|p2a: Ursaluna|Ursaluna-Bloodmoon, M|100\/100\n|turn|8\n|\n|t:|1700391981\n|move|p1a: Grimmsnarl|Parting Shot|p2a: Ursaluna\n|-unboost|p2a: Ursaluna|atk|1\n|-unboost|p2a: Ursaluna|spa|1\n|\n|t:|1700391988\n|switch|p1a: Landorus|Landorus-Therian, M|73\/100|[from] Parting Shot\n|-ability|p1a: Landorus|Intimidate|boost\n|-unboost|p2a: Ursaluna|atk|1\n|-unboost|p2b: Sinistcha|atk|1\n|move|p2a: Ursaluna|Blood Moon|p1b: Cresselia\n|-damage|p1b: Cresselia|58\/100 brn\n|move|p2b: Sinistcha|Matcha Gotcha|p1a: Landorus|[spread] p1a,p1b\n|-damage|p1a: Landorus|51\/100\n|-damage|p1b: Cresselia|53\/100 brn\n|move|p1b: Cresselia|Moonblast|p2a: Ursaluna\n|-damage|p2a: Ursaluna|71\/100\n|\n|-heal|p1b: Cresselia|59\/100 brn|[from] item: Leftovers\n|-damage|p1b: Cresselia|53\/100 brn|[from] brn\n|-sideend|p1: JustRadAlex|move: Light Screen\n|upkeep\n|turn|9\n|\n|t:|1700392022\n|switch|p2a: Iron Hands|Iron Hands|95\/100\n|switch|p1a: Rillaboom|Rillaboom, F|100\/100\n|-fieldstart|move: Grassy Terrain|[from] ability: Grassy Surge|[of] p1a: Rillaboom\n|-enditem|p1a: Rillaboom|Grassy Seed\n|-boost|p1a: Rillaboom|def|1|[from] item: Grassy Seed\n|move|p2b: Sinistcha|Matcha Gotcha|p1a: Rillaboom|[spread] p1a,p1b\n|-resisted|p1a: Rillaboom\n|-damage|p1a: Rillaboom|80\/100\n|-damage|p1b: Cresselia|44\/100 brn\n|move|p1b: Cresselia|Moonblast|p2a: Iron Hands\n|-supereffective|p2a: Iron Hands\n|-damage|p2a: Iron Hands|60\/100\n|\n|-heal|p2a: Iron Hands|66\/100|[from] Grassy Terrain\n|-heal|p1b: Cresselia|50\/100 brn|[from] item: Leftovers\n|-heal|p1a: Rillaboom|86\/100|[from] Grassy Terrain\n|-damage|p1b: Cresselia|44\/100 brn|[from] brn\n|-sideend|p2: Otaku Waffle|move: Aurora Veil\n|-fieldend|move: Trick Room\n|upkeep\n|turn|10\n|\n|t:|1700392059\n|move|p1a: Rillaboom|Knock Off|p2b: Sinistcha\n|-supereffective|p2b: Sinistcha\n|-damage|p2b: Sinistcha|36\/100\n|-enditem|p2b: Sinistcha|Leftovers|[from] move: Knock Off|[of] p1a: Rillaboom\n|move|p1b: Cresselia|Lunar Blessing|p1b: Cresselia|[spread] p1a,p1b\n|-heal|p1a: Rillaboom|100\/100\n|-heal|p1b: Cresselia|69\/100 brn\n|-curestatus|p1b: Cresselia|brn|[msg]\n|move|p2b: Sinistcha|Matcha Gotcha|p1a: Rillaboom|[spread] p1a,p1b\n|-resisted|p1a: Rillaboom\n|-damage|p1a: Rillaboom|81\/100\n|-heal|p2b: Sinistcha|46\/100|[from] drain|[of] p1a: Rillaboom\n|-damage|p1b: Cresselia|58\/100\n|-heal|p2b: Sinistcha|53\/100|[from] drain|[of] p1b: Cresselia\n|-status|p1a: Rillaboom|brn\n|move|p2a: Iron Hands|Heavy Slam|p1b: Cresselia\n|-damage|p1b: Cresselia|32\/100\n|\n|-heal|p1a: Rillaboom|87\/100 brn|[from] Grassy Terrain\n|-heal|p1b: Cresselia|38\/100|[from] item: Leftovers\n|-heal|p2b: Sinistcha|59\/100|[from] Grassy Terrain\n|-heal|p2a: Iron Hands|72\/100|[from] Grassy Terrain\n|-damage|p1a: Rillaboom|81\/100 brn|[from] brn\n|upkeep\n|turn|11\n|-message|Otaku Waffle forfeited.\n|\n|win|JustRadAlex\n|raw|JustRadAlex's rating: 1331 &rarr; <strong>1354<\/strong><br \/>(+23 for winning)\n|raw|Otaku Waffle's rating: 1375 &rarr; <strong>1352<\/strong><br \/>(-23 for losing)\n|l|\u2606Otaku Waffle\n","uploadtime":1700392093,"views":17,"p1id":"justradalex","p2id":"otakuwaffle","formatid":"gen9doublesou","rating":1352,"private":0,"password":""}