{"id":"gen9doublesou-1996586255","p1":"mikeyuwu","p2":"HelloThere213","format":"[Gen 9] Doubles OU","log":"|j|\u2606mikeyuwu\n|j|\u2606HelloThere213\n|t:|1700697378\n|gametype|doubles\n|player|p1|mikeyuwu|psychic-gen4|1320\n|player|p2|HelloThere213|unknown|1252\n|teamsize|p1|6\n|teamsize|p2|6\n|gen|9\n|tier|[Gen 9] Doubles OU\n|rated|\n|rule|Species Clause: Limit one of each Pok\u00e9mon\n|rule|OHKO Clause: OHKO moves are banned\n|rule|Evasion Moves Clause: Evasion moves are banned\n|rule|Gravity Sleep Clause: The combination of sleep-inducing moves with imperfect accuracy and Gravity or Gigantamax Orbeetle are banned\n|rule|Endless Battle Clause: Forcing endless battles is banned\n|rule|HP Percentage Mod: HP is shown in percentages\n|clearpoke\n|poke|p1|Garchomp, M|\n|poke|p1|Tyranitar, F|\n|poke|p1|Vaporeon, F|\n|poke|p1|Toxicroak, M|\n|poke|p1|Pelipper, F|\n|poke|p1|Abomasnow, M|\n|poke|p2|Amoonguss, F|\n|poke|p2|Rillaboom, M|\n|poke|p2|Sneasler, M|\n|poke|p2|Iron Hands|\n|poke|p2|Flutter Mane|\n|poke|p2|Gholdengo|\n|teampreview\n|\n|t:|1700697385\n|start\n|switch|p1a: OTLHPM|Toxicroak, M|100\/100\n|switch|p1b: Cold Shoulder|Abomasnow, M, shiny|100\/100\n|switch|p2a: Rillaboom|Rillaboom, M|100\/100\n|switch|p2b: Sneasler|Sneasler, M|100\/100\n|-fieldstart|move: Grassy Terrain|[from] ability: Grassy Surge|[of] p2a: Rillaboom\n|-enditem|p2b: Sneasler|Grassy Seed\n|-boost|p2b: Sneasler|def|1|[from] item: Grassy Seed\n|-weather|Snow|[from] ability: Snow Warning|[of] p1b: Cold Shoulder\n|turn|1\n|\n|t:|1700697409\n|switch|p1a: Extra Spicy|Garchomp, M|100\/100\n|move|p2a: Rillaboom|Fake Out|p1a: Extra Spicy\n|-damage|p1a: Extra Spicy|91\/100\n|-damage|p2a: Rillaboom|88\/100|[from] ability: Rough Skin|[of] p1a: Extra Spicy\n|-damage|p2a: Rillaboom|72\/100|[from] item: Rocky Helmet|[of] p1a: Extra Spicy\n|move|p2b: Sneasler|Close Combat|p1b: Cold Shoulder\n|-supereffective|p1b: Cold Shoulder\n|-damage|p1b: Cold Shoulder|18\/100\n|-unboost|p2b: Sneasler|def|1\n|-unboost|p2b: Sneasler|spd|1\n|move|p1b: Cold Shoulder|Blizzard|p2b: Sneasler|[spread] p2a,p2b\n|-supereffective|p2a: Rillaboom\n|-damage|p2a: Rillaboom|28\/100\n|-damage|p2b: Sneasler|40\/100\n|\n|-weather|Snow|[upkeep]\n|-heal|p2b: Sneasler|46\/100|[from] Grassy Terrain\n|-heal|p1a: Extra Spicy|98\/100|[from] Grassy Terrain\n|-heal|p2a: Rillaboom|35\/100|[from] Grassy Terrain\n|-heal|p1b: Cold Shoulder|24\/100|[from] Grassy Terrain\n|upkeep\n|turn|2\n|\n|t:|1700697436\n|switch|p1b: Weather War|Pelipper, F|100\/100\n|-weather|RainDance|[from] ability: Drizzle|[of] p1b: Weather War\n|move|p2b: Sneasler|Dire Claw|p1b: Weather War\n|-damage|p1b: Weather War|66\/100\n|move|p1a: Extra Spicy|Poison Jab|p2a: Rillaboom\n|-supereffective|p2a: Rillaboom\n|-damage|p2a: Rillaboom|0 fnt\n|faint|p2a: Rillaboom\n|\n|-weather|RainDance|[upkeep]\n|-heal|p2b: Sneasler|51\/100|[from] Grassy Terrain\n|-heal|p1a: Extra Spicy|100\/100|[from] Grassy Terrain\n|upkeep\n|\n|t:|1700697451\n|switch|p2a: Gholdengo|Gholdengo|100\/100\n|turn|3\n|\n|t:|1700697459\n|switch|p1a: Harmacy|Vaporeon, F|100\/100\n|-terastallize|p2b: Sneasler|Flying\n|move|p2b: Sneasler|Acrobatics|p1a: Harmacy\n|-damage|p1a: Harmacy|55\/100\n|move|p2a: Gholdengo|Nasty Plot|p2a: Gholdengo\n|-boost|p2a: Gholdengo|spa|2\n|move|p1b: Weather War|Hurricane|p2b: Sneasler\n|-damage|p2b: Sneasler|0 fnt\n|faint|p2b: Sneasler\n|\n|-weather|RainDance|[upkeep]\n|-heal|p1a: Harmacy|61\/100|[from] Grassy Terrain\n|-heal|p1a: Harmacy|67\/100|[from] item: Leftovers\n|upkeep\n|\n|t:|1700697474\n|switch|p2b: Amoonguss|Amoonguss, F|100\/100\n|turn|4\n|\n|t:|1700697481\n|move|p2a: Gholdengo|Make It Rain|p1b: Weather War|[spread] p1a,p1b\n|-resisted|p1a: Harmacy\n|-resisted|p1b: Weather War\n|-damage|p1a: Harmacy|30\/100\n|-damage|p1b: Weather War|0 fnt\n|-unboost|p2a: Gholdengo|spa|1\n|faint|p1b: Weather War\n|move|p1a: Harmacy|Icy Wind|p2a: Gholdengo|[spread] p2a,p2b\n|-resisted|p2a: Gholdengo\n|-supereffective|p2b: Amoonguss\n|-damage|p2a: Gholdengo|95\/100\n|-damage|p2b: Amoonguss|84\/100\n|-unboost|p2a: Gholdengo|spe|1\n|-unboost|p2b: Amoonguss|spe|1\n|move|p2b: Amoonguss|Spore|p1a: Harmacy\n|-status|p1a: Harmacy|slp|[from] move: Spore\n|\n|-weather|RainDance|[upkeep]\n|-heal|p1a: Harmacy|36\/100 slp|[from] Grassy Terrain\n|-activate|p1a: Harmacy|ability: Hydration\n|-curestatus|p1a: Harmacy|slp|[msg]\n|-heal|p1a: Harmacy|42\/100|[from] item: Leftovers\n|-heal|p2a: Gholdengo|100\/100|[from] Grassy Terrain\n|-heal|p2b: Amoonguss|91\/100|[from] Grassy Terrain\n|upkeep\n|\n|t:|1700697488\n|switch|p1b: ThcrThnSnkr|Tyranitar, F|100\/100\n|-weather|Sandstorm|[from] ability: Sand Stream|[of] p1b: ThcrThnSnkr\n|turn|5\n|\n|t:|1700697515\n|move|p1b: ThcrThnSnkr|Knock Off|p2a: Gholdengo\n|-supereffective|p2a: Gholdengo\n|-damage|p2a: Gholdengo|17\/100\n|-enditem|p2a: Gholdengo|Leftovers|[from] move: Knock Off|[of] p1b: ThcrThnSnkr\n|move|p1a: Harmacy|Icy Wind|p2b: Amoonguss|[spread] p2a,p2b\n|-resisted|p2a: Gholdengo\n|-supereffective|p2b: Amoonguss\n|-damage|p2a: Gholdengo|12\/100\n|-damage|p2b: Amoonguss|72\/100\n|-unboost|p2a: Gholdengo|spe|1\n|-unboost|p2b: Amoonguss|spe|1\n|move|p2a: Gholdengo|Make It Rain|p1b: ThcrThnSnkr|[spread] p1a,p1b\n|-resisted|p1a: Harmacy\n|-supereffective|p1b: ThcrThnSnkr\n|-damage|p1a: Harmacy|10\/100\n|-damage|p1b: ThcrThnSnkr|51\/100\n|-unboost|p2a: Gholdengo|spa|1\n|move|p2b: Amoonguss|Spore|p1b: ThcrThnSnkr\n|-status|p1b: ThcrThnSnkr|slp|[from] move: Spore\n|\n|-weather|Sandstorm|[upkeep]\n|-damage|p1a: Harmacy|4\/100|[from] Sandstorm\n|-damage|p2b: Amoonguss|65\/100|[from] Sandstorm\n|-heal|p1b: ThcrThnSnkr|57\/100 slp|[from] Grassy Terrain\n|-heal|p1a: Harmacy|10\/100|[from] Grassy Terrain\n|-heal|p1a: Harmacy|16\/100|[from] item: Leftovers\n|-heal|p2a: Gholdengo|18\/100|[from] Grassy Terrain\n|-heal|p2b: Amoonguss|72\/100|[from] Grassy Terrain\n|-fieldend|move: Grassy Terrain\n|upkeep\n|turn|6\n|\n|t:|1700697546\n|switch|p2b: Iron Hands|Iron Hands|100\/100\n|cant|p1b: ThcrThnSnkr|slp\n|move|p1a: Harmacy|Weather Ball|p2a: Gholdengo\n|-resisted|p2a: Gholdengo\n|-damage|p2a: Gholdengo|6\/100\n|move|p2a: Gholdengo|Make It Rain|p1b: ThcrThnSnkr|[spread] p1a,p1b\n|-resisted|p1a: Harmacy\n|-crit|p1a: Harmacy\n|-supereffective|p1b: ThcrThnSnkr\n|-damage|p1a: Harmacy|0 fnt\n|-damage|p1b: ThcrThnSnkr|24\/100 slp\n|-unboost|p2a: Gholdengo|spa|1\n|faint|p1a: Harmacy\n|\n|-weather|Sandstorm|[upkeep]\n|-damage|p2b: Iron Hands|94\/100|[from] Sandstorm\n|upkeep\n|\n|t:|1700697554\n|switch|p1a: Extra Spicy|Garchomp, M|100\/100\n|turn|7\n|\n|t:|1700697586\n|switch|p1b: Cold Shoulder|Abomasnow, M, shiny|24\/100\n|-weather|Snow|[from] ability: Snow Warning|[of] p1b: Cold Shoulder\n|move|p1a: Extra Spicy|Earthquake|p2b: Iron Hands|[spread] p1b,p2a,p2b\n|-resisted|p1b: Cold Shoulder\n|-supereffective|p2a: Gholdengo\n|-supereffective|p2b: Iron Hands\n|-damage|p1b: Cold Shoulder|14\/100\n|-damage|p2a: Gholdengo|0 fnt\n|-damage|p2b: Iron Hands|51\/100\n|faint|p2a: Gholdengo\n|move|p2b: Iron Hands|Drain Punch|p1a: Extra Spicy\n|-damage|p1a: Extra Spicy|77\/100\n|-heal|p2b: Iron Hands|60\/100|[from] drain|[of] p1a: Extra Spicy\n|-damage|p2b: Iron Hands|48\/100|[from] ability: Rough Skin|[of] p1a: Extra Spicy\n|-damage|p2b: Iron Hands|31\/100|[from] item: Rocky Helmet|[of] p1a: Extra Spicy\n|\n|-weather|Snow|[upkeep]\n|upkeep\n|\n|t:|1700697602\n|switch|p2a: Amoonguss|Amoonguss, F|100\/100\n|turn|8\n|\n|t:|1700697610\n|move|p2a: Amoonguss|Protect|p2a: Amoonguss\n|-singleturn|p2a: Amoonguss|Protect\n|move|p1a: Extra Spicy|Earthquake|p2b: Iron Hands|[spread] p1b,p2b\n|-activate|p2a: Amoonguss|move: Protect\n|-resisted|p1b: Cold Shoulder\n|-supereffective|p2b: Iron Hands\n|-damage|p1b: Cold Shoulder|5\/100\n|-damage|p2b: Iron Hands|0 fnt\n|faint|p2b: Iron Hands\n|-end|p2b: Iron Hands|Quark Drive|[silent]\n|move|p1b: Cold Shoulder|Blizzard|p2a: Amoonguss\n|-activate|p2a: Amoonguss|move: Protect\n|\n|-weather|Snow|[upkeep]\n|upkeep\n|\n|t:|1700697621\n|switch|p2b: Flutter Mane|Flutter Mane|100\/100\n|-enditem|p2b: Flutter Mane|Booster Energy\n|-activate|p2b: Flutter Mane|ability: Protosynthesis|[fromitem]\n|-start|p2b: Flutter Mane|protosynthesisspe\n|turn|9\n|\n|t:|1700697628\n|-terastallize|p1a: Extra Spicy|Steel\n|move|p2b: Flutter Mane|Dazzling Gleam|p1a: Extra Spicy|[spread] p1a,p1b\n|-resisted|p1a: Extra Spicy\n|-damage|p1a: Extra Spicy|62\/100\n|-damage|p1b: Cold Shoulder|0 fnt\n|faint|p1b: Cold Shoulder\n|move|p1a: Extra Spicy|Poison Jab|p2b: Flutter Mane\n|-damage|p2b: Flutter Mane|53\/100\n|move|p2a: Amoonguss|Spore|p1a: Extra Spicy\n|-status|p1a: Extra Spicy|slp|[from] move: Spore\n|\n|-weather|Snow|[upkeep]\n|upkeep\n|\n|t:|1700697636\n|switch|p1b: OTLHPM|Toxicroak, M|100\/100\n|turn|10\n|\n|t:|1700697648\n|move|p2b: Flutter Mane|Mystical Fire|p1a: Extra Spicy\n|-supereffective|p1a: Extra Spicy\n|-damage|p1a: Extra Spicy|12\/100 slp\n|-unboost|p1a: Extra Spicy|spa|1\n|cant|p1a: Extra Spicy|slp\n|move|p1b: OTLHPM|Poison Jab|p2b: Flutter Mane\n|-damage|p2b: Flutter Mane|0 fnt\n|faint|p2b: Flutter Mane\n|-end|p2b: Flutter Mane|Protosynthesis|[silent]\n|move|p2a: Amoonguss|Pollen Puff|p2: Flutter Mane|[notarget]\n|-fail|p2a: Amoonguss\n|\n|-weather|Snow|[upkeep]\n|upkeep\n|turn|11\n|\n|t:|1700697661\n|switch|p1a: ThcrThnSnkr|Tyranitar, F|24\/100 slp\n|-weather|Sandstorm|[from] ability: Sand Stream|[of] p1a: ThcrThnSnkr\n|move|p1b: OTLHPM|Poison Jab|p2a: Amoonguss\n|-damage|p2a: Amoonguss|68\/100\n|-damage|p1b: OTLHPM|84\/100|[from] item: Rocky Helmet|[of] p2a: Amoonguss\n|move|p2a: Amoonguss|Spore|p1b: OTLHPM\n|-status|p1b: OTLHPM|slp|[from] move: Spore\n|\n|-weather|Sandstorm|[upkeep]\n|-damage|p1b: OTLHPM|78\/100 slp|[from] Sandstorm\n|-damage|p2a: Amoonguss|62\/100|[from] Sandstorm\n|-heal|p1b: OTLHPM|84\/100 slp|[from] item: Black Sludge\n|upkeep\n|turn|12\n|\n|t:|1700697677\n|move|p2a: Amoonguss|Protect|p2a: Amoonguss\n|-singleturn|p2a: Amoonguss|Protect\n|cant|p1b: OTLHPM|slp\n|cant|p1a: ThcrThnSnkr|slp\n|\n|-weather|Sandstorm|[upkeep]\n|-damage|p1b: OTLHPM|78\/100 slp|[from] Sandstorm\n|-damage|p2a: Amoonguss|56\/100|[from] Sandstorm\n|-heal|p1b: OTLHPM|84\/100 slp|[from] item: Black Sludge\n|upkeep\n|turn|13\n|\n|t:|1700697692\n|cant|p1b: OTLHPM|slp\n|-curestatus|p1a: ThcrThnSnkr|slp|[msg]\n|move|p1a: ThcrThnSnkr|Knock Off|p2a: Amoonguss\n|-damage|p2a: Amoonguss|21\/100\n|-damage|p1a: ThcrThnSnkr|7\/100|[from] item: Rocky Helmet|[of] p2a: Amoonguss\n|-enditem|p2a: Amoonguss|Rocky Helmet|[from] move: Knock Off|[of] p1a: ThcrThnSnkr\n|move|p2a: Amoonguss|Pollen Puff|p1a: ThcrThnSnkr\n|-supereffective|p1a: ThcrThnSnkr\n|-damage|p1a: ThcrThnSnkr|0 fnt\n|faint|p1a: ThcrThnSnkr\n|\n|-weather|Sandstorm|[upkeep]\n|-damage|p1b: OTLHPM|78\/100 slp|[from] Sandstorm\n|-damage|p2a: Amoonguss|15\/100|[from] Sandstorm\n|-heal|p1b: OTLHPM|84\/100 slp|[from] item: Black Sludge\n|upkeep\n|\n|t:|1700697698\n|switch|p1a: Extra Spicy|Garchomp, M, tera:Steel|12\/100 slp\n|turn|14\n|c|\u2606mikeyuwu|Gg\n|\n|t:|1700697711\n|cant|p1a: Extra Spicy|slp\n|cant|p1b: OTLHPM|slp\n|move|p2a: Amoonguss|Foul Play|p1a: Extra Spicy\n|-damage|p1a: Extra Spicy|0 fnt\n|-damage|p2a: Amoonguss|2\/100|[from] ability: Rough Skin|[of] p1a: Extra Spicy\n|-damage|p2a: Amoonguss|0 fnt|[from] item: Rocky Helmet|[of] p1a: Extra Spicy\n|faint|p1a: Extra Spicy\n|faint|p2a: Amoonguss\n|\n|win|mikeyuwu\n|raw|mikeyuwu's rating: 1320 &rarr; <strong>1336<\/strong><br \/>(+16 for winning)\n|raw|HelloThere213's rating: 1252 &rarr; <strong>1232<\/strong><br \/>(-20 for losing)\n|l|\u2606HelloThere213\n","uploadtime":1700697727,"views":4,"p1id":"mikeyuwu","p2id":"hellothere213","formatid":"gen9doublesou","rating":1232,"private":0,"password":""}