{"id":"gen9doublesou-1978230515","p1":"omega akl x","p2":"BotBuilder07","format":"[Gen 9] Doubles OU","log":"|j|\u2606omega akl x\n|j|\u2606BotBuilder07\n|t:|1698515009\n|gametype|doubles\n|player|p1|omega akl x|nate|1325\n|player|p2|BotBuilder07|170|1239\n|teamsize|p1|6\n|teamsize|p2|6\n|gen|9\n|tier|[Gen 9] Doubles OU\n|rated|\n|rule|Species Clause: Limit one of each Pok\u00e9mon\n|rule|OHKO Clause: OHKO moves are banned\n|rule|Evasion Moves Clause: Evasion moves are banned\n|rule|Gravity Sleep Clause: The combination of sleep-inducing moves with imperfect accuracy and Gravity or Gigantamax Orbeetle are banned\n|rule|Endless Battle Clause: Forcing endless battles is banned\n|rule|HP Percentage Mod: HP is shown in percentages\n|clearpoke\n|poke|p1|Skeledirge, M|\n|poke|p1|Palafin, F|\n|poke|p1|Glimmora, M|\n|poke|p1|Dragonite, F|\n|poke|p1|Meowscarada, M|\n|poke|p1|Ting-Lu|\n|poke|p2|Enamorus, F|\n|poke|p2|Thundurus, M|\n|poke|p2|Grimmsnarl, M|\n|poke|p2|Clefairy, F|\n|poke|p2|Sinistcha-Masterpiece|\n|poke|p2|Volcanion|\n|teampreview\n|inactive|Battle timer is ON: inactive players will automatically lose when time's up. (requested by BotBuilder07)\n|\n|t:|1698515040\n|start\n|switch|p1a: Palafin|Palafin, F|100\/100\n|switch|p1b: Glimmora|Glimmora, M|100\/100\n|switch|p2a: Grimmsnarl|Grimmsnarl, M, shiny|100\/100\n|switch|p2b: Enamorus|Enamorus, F, shiny|100\/100\n|turn|1\n|inactive|BotBuilder07 has 120 seconds left.\n|\n|t:|1698515073\n|move|p2a: Grimmsnarl|Parting Shot|p2b: Enamorus\n|-boost|p2b: Enamorus|atk|1\n|-boost|p2b: Enamorus|spa|1\n|\n|t:|1698515078\n|switch|p2a: Clefairy|Clefairy, F, shiny|100\/100|[from] Parting Shot\n|move|p2b: Enamorus|Earth Power|p1b: Glimmora\n|-supereffective|p1b: Glimmora\n|-enditem|p1b: Glimmora|Focus Sash\n|-damage|p1b: Glimmora|1\/100\n|move|p1a: Palafin|Flip Turn|p2b: Enamorus\n|-damage|p2b: Enamorus|80\/100\n|\n|t:|1698515105\n|detailschange|p1a: Palafin|Palafin-Hero, F\n|switch|p1a: Ting-Lu|Ting-Lu|100\/100|[from] Flip Turn\n|-ability|p1a: Ting-Lu|Vessel of Ruin\n|move|p1b: Glimmora|Mortal Spin|p2a: Clefairy|[spread] p2a,p2b\n|-supereffective|p2a: Clefairy\n|-supereffective|p2b: Enamorus\n|-damage|p2a: Clefairy|92\/100\n|-damage|p2b: Enamorus|71\/100\n|-status|p2a: Clefairy|psn\n|-status|p2b: Enamorus|psn\n|\n|-damage|p2b: Enamorus|58\/100 psn|[from] psn\n|-damage|p2a: Clefairy|80\/100 psn|[from] psn\n|upkeep\n|turn|2\n|\n|t:|1698515130\n|switch|p1b: Skeledirge|Skeledirge, M|100\/100\n|move|p2b: Enamorus|Springtide Storm|p1a: Ting-Lu|[spread] p1a,p1b\n|-supereffective|p1a: Ting-Lu\n|-resisted|p1b: Skeledirge\n|-damage|p1a: Ting-Lu|48\/100\n|-damage|p1b: Skeledirge|91\/100\n|-enditem|p1a: Ting-Lu|Sitrus Berry|[eat]\n|-heal|p1a: Ting-Lu|72\/100|[from] item: Sitrus Berry\n|move|p2a: Clefairy|Heal Pulse|p2b: Enamorus\n|-heal|p2b: Enamorus|100\/100 psn\n|move|p1a: Ting-Lu|Whirlwind|p2b: Enamorus\n|drag|p2b: Volcanion|Volcanion|100\/100\n|\n|-damage|p2a: Clefairy|67\/100 psn|[from] psn\n|upkeep\n|turn|3\n|inactive|BotBuilder07 has 120 seconds left.\n|\n|t:|1698515177\n|move|p2a: Clefairy|Follow Me|p2a: Clefairy\n|-singleturn|p2a: Clefairy|move: Follow Me\n|move|p2b: Volcanion|Steam Eruption|p1a: Ting-Lu\n|-supereffective|p1a: Ting-Lu\n|-damage|p1a: Ting-Lu|6\/100\n|move|p1b: Skeledirge|Torch Song|p2a: Clefairy\n|-damage|p2a: Clefairy|48\/100 psn\n|-boost|p1b: Skeledirge|spa|1\n|move|p1a: Ting-Lu|Stomping Tantrum|p2a: Clefairy\n|-damage|p2a: Clefairy|17\/100 psn\n|\n|-damage|p2a: Clefairy|5\/100 psn|[from] psn\n|upkeep\n|turn|4\n|inactive|BotBuilder07 has 120 seconds left.\n|inactive|omega akl x has 120 seconds left.\n|\n|t:|1698515210\n|move|p2a: Clefairy|Follow Me|p2a: Clefairy\n|-singleturn|p2a: Clefairy|move: Follow Me\n|move|p2b: Volcanion|Steam Eruption|p1a: Ting-Lu\n|-supereffective|p1a: Ting-Lu\n|-damage|p1a: Ting-Lu|0 fnt\n|faint|p1a: Ting-Lu\n|move|p1b: Skeledirge|Torch Song|p2a: Clefairy\n|-damage|p2a: Clefairy|0 fnt\n|-boost|p1b: Skeledirge|spa|1\n|faint|p2a: Clefairy\n|\n|upkeep\n|\n|t:|1698515231\n|switch|p2a: Thundurus|Thundurus, M, shiny|100\/100\n|switch|p1a: Glimmora|Glimmora, M|1\/100\n|turn|5\n|\n|t:|1698515261\n|-terastallize|p1b: Skeledirge|Grass\n|move|p2a: Thundurus|Wildbolt Storm|p1b: Skeledirge|[spread] \n|-miss|p2a: Thundurus|p1a: Glimmora\n|-miss|p2a: Thundurus|p1b: Skeledirge\n|move|p1a: Glimmora|Stealth Rock|p2a: Thundurus\n|-sidestart|p2: BotBuilder07|move: Stealth Rock\n|move|p2b: Volcanion|Steam Eruption|p1b: Skeledirge\n|-resisted|p1b: Skeledirge\n|-damage|p1b: Skeledirge|70\/100\n|move|p1b: Skeledirge|Shadow Ball|p2b: Volcanion\n|-damage|p2b: Volcanion|38\/100\n|-unboost|p2b: Volcanion|spd|1\n|\n|-heal|p2b: Volcanion|44\/100|[from] item: Leftovers\n|upkeep\n|turn|6\n|\n|t:|1698515291\n|move|p2a: Thundurus|Wildbolt Storm|p1a: Glimmora|[spread] p1b\n|-miss|p2a: Thundurus|p1a: Glimmora\n|-resisted|p1b: Skeledirge\n|-damage|p1b: Skeledirge|58\/100\n|move|p1a: Glimmora|Sludge Bomb|p2b: Volcanion\n|-damage|p2b: Volcanion|0 fnt\n|faint|p2b: Volcanion\n|move|p1b: Skeledirge|Shadow Ball|p2a: Thundurus\n|-damage|p2a: Thundurus|50\/100\n|\n|upkeep\n|\n|t:|1698515307\n|switch|p2b: Enamorus|Enamorus, F, shiny|100\/100 psn\n|-damage|p2b: Enamorus|75\/100 psn|[from] Stealth Rock\n|turn|7\n|\n|t:|1698515317\n|move|p2b: Enamorus|Sludge Bomb|p1b: Skeledirge\n|-supereffective|p1b: Skeledirge\n|-damage|p1b: Skeledirge|18\/100\n|-status|p1b: Skeledirge|psn\n|move|p2a: Thundurus|Wildbolt Storm|p1a: Glimmora|[spread] p1a,p1b\n|-resisted|p1b: Skeledirge\n|-damage|p1a: Glimmora|0 fnt\n|-damage|p1b: Skeledirge|7\/100 psn\n|faint|p1a: Glimmora\n|move|p1b: Skeledirge|Torch Song|p2b: Enamorus\n|-damage|p2b: Enamorus|29\/100 psn\n|-boost|p1b: Skeledirge|spa|1\n|\n|-damage|p2b: Enamorus|17\/100 psn|[from] psn\n|-damage|p1b: Skeledirge|0 fnt|[from] psn\n|faint|p1b: Skeledirge\n|upkeep\n|\n|t:|1698515332\n|switch|p1a: Meowscarada|Meowscarada, M|100\/100\n|switch|p1b: Palafin|Palafin-Hero, F|100\/100\n|-activate|p1b: Palafin|ability: Zero to Hero\n|turn|8\n|\n|t:|1698515347\n|move|p2a: Thundurus|Scary Face|p1b: Palafin\n|-unboost|p1b: Palafin|spe|2\n|move|p1b: Palafin|Jet Punch|p2b: Enamorus\n|-damage|p2b: Enamorus|0 fnt\n|faint|p2b: Enamorus\n|move|p1a: Meowscarada|Play Rough|p2a: Thundurus|[miss]\n|-start|p1a: Meowscarada|typechange|Fairy|[from] ability: Protean\n|-miss|p1a: Meowscarada|p2a: Thundurus\n|\n|upkeep\n|inactive|BotBuilder07 has 120 seconds left.\n|\n|t:|1698515370\n|switch|p2b: Sinistcha|Sinistcha-Masterpiece|100\/100\n|-damage|p2b: Sinistcha|88\/100|[from] Stealth Rock\n|-heal|p2a: Thundurus|75\/100|[from] ability: Hospitality|[of] p2b: Sinistcha\n|turn|9\n|\n|t:|1698515382\n|move|p2a: Thundurus|Scary Face|p1a: Meowscarada\n|-unboost|p1a: Meowscarada|spe|2\n|move|p1a: Meowscarada|Knock Off|p2b: Sinistcha\n|-supereffective|p2b: Sinistcha\n|-damage|p2b: Sinistcha|45\/100\n|-enditem|p2b: Sinistcha|Big Root|[from] move: Knock Off|[of] p1a: Meowscarada\n|move|p2b: Sinistcha|Matcha Gotcha|p1b: Palafin|[spread] p1a,p1b\n|-supereffective|p1b: Palafin\n|-damage|p1a: Meowscarada|61\/100\n|-heal|p2b: Sinistcha|61\/100|[from] drain|[of] p1a: Meowscarada\n|-damage|p1b: Palafin|78\/100\n|-heal|p2b: Sinistcha|74\/100|[from] drain|[of] p1b: Palafin\n|move|p1b: Palafin|Flip Turn|p2a: Thundurus\n|-damage|p2a: Thundurus|34\/100\n|\n|t:|1698515385\n|switch|p1b: Dragonite|Dragonite, F|100\/100|[from] Flip Turn\n|\n|upkeep\n|turn|10\n|inactive|BotBuilder07 has 120 seconds left.\n|\n|t:|1698515415\n|move|p2a: Thundurus|Wildbolt Storm|p1a: Meowscarada|[spread] \n|-miss|p2a: Thundurus|p1a: Meowscarada\n|-miss|p2a: Thundurus|p1b: Dragonite\n|move|p1b: Dragonite|Fire Punch|p2b: Sinistcha\n|-supereffective|p2b: Sinistcha\n|-damage|p2b: Sinistcha|19\/100\n|-status|p2b: Sinistcha|brn\n|move|p1a: Meowscarada|Play Rough|p2a: Thundurus\n|-damage|p2a: Thundurus|0 fnt\n|faint|p2a: Thundurus\n|move|p2b: Sinistcha|Strength Sap|p1b: Dragonite\n|-unboost|p1b: Dragonite|atk|1\n|-heal|p2b: Sinistcha|100\/100 brn\n|\n|-damage|p2b: Sinistcha|94\/100 brn|[from] brn\n|upkeep\n|inactive|BotBuilder07 has 120 seconds left.\n|\n|t:|1698515431\n|switch|p2a: Grimmsnarl|Grimmsnarl, M, shiny|100\/100\n|-damage|p2a: Grimmsnarl|88\/100|[from] Stealth Rock\n|turn|11\n|inactive|BotBuilder07 has 120 seconds left.\n|j| ARVELLY\n|\n|t:|1698515462\n|switch|p1b: Palafin|Palafin-Hero, F|78\/100\n|move|p2a: Grimmsnarl|Fake Out|p1a: Meowscarada\n|-damage|p1a: Meowscarada|45\/100\n|cant|p1a: Meowscarada|flinch\n|move|p2b: Sinistcha|Strength Sap|p1b: Palafin\n|-unboost|p1b: Palafin|atk|1\n|-heal|p2b: Sinistcha|100\/100 brn\n|\n|-damage|p2b: Sinistcha|94\/100 brn|[from] brn\n|upkeep\n|turn|12\n|inactive|BotBuilder07 has 120 seconds left.\n|\n|t:|1698515489\n|move|p2a: Grimmsnarl|Parting Shot|p1a: Meowscarada\n|-unboost|p1a: Meowscarada|atk|1\n|-unboost|p1a: Meowscarada|spa|1\n|move|p1b: Palafin|Flip Turn|p2a: Grimmsnarl\n|-damage|p2a: Grimmsnarl|61\/100\n|\n|t:|1698515494\n|switch|p1b: Dragonite|Dragonite, F|100\/100|[from] Flip Turn\n|move|p1a: Meowscarada|Play Rough|p2b: Sinistcha\n|-damage|p2b: Sinistcha|75\/100 brn\n|move|p2b: Sinistcha|Strength Sap|p1a: Meowscarada\n|-unboost|p1a: Meowscarada|atk|1\n|-heal|p2b: Sinistcha|100\/100 brn\n|\n|-damage|p2b: Sinistcha|94\/100 brn|[from] brn\n|upkeep\n|turn|13\n|inactive|BotBuilder07 has 120 seconds left.\n|inactive|omega akl x has 120 seconds left.\n|\n|t:|1698515535\n|switch|p1a: Palafin|Palafin-Hero, F|78\/100\n|move|p1b: Dragonite|Ice Spinner|p2a: Grimmsnarl\n|-damage|p2a: Grimmsnarl|2\/100\n|move|p2b: Sinistcha|Matcha Gotcha|p1b: Dragonite|[spread] p1a,p1b\n|-supereffective|p1a: Palafin\n|-resisted|p1b: Dragonite\n|-damage|p1a: Palafin|54\/100\n|-heal|p2b: Sinistcha|100\/100 brn|[from] drain|[of] p1a: Palafin\n|-damage|p1b: Dragonite|98\/100\n|-status|p1a: Palafin|brn\n|-status|p1b: Dragonite|brn\n|move|p2a: Grimmsnarl|Foul Play|p1b: Dragonite\n|-damage|p1b: Dragonite|46\/100 brn\n|\n|-damage|p1a: Palafin|48\/100 brn|[from] brn\n|-damage|p1b: Dragonite|40\/100 brn|[from] brn\n|-damage|p2b: Sinistcha|94\/100 brn|[from] brn\n|upkeep\n|turn|14\n|inactive|BotBuilder07 has 120 seconds left.\n|\n|t:|1698515567\n|move|p1a: Palafin|Jet Punch|p2a: Grimmsnarl\n|-damage|p2a: Grimmsnarl|0 fnt\n|faint|p2a: Grimmsnarl\n|move|p1b: Dragonite|Ice Spinner|p2b: Sinistcha\n|-supereffective|p2b: Sinistcha\n|-damage|p2b: Sinistcha|64\/100 brn\n|move|p2b: Sinistcha|Matcha Gotcha|p1b: Dragonite|[spread] p1a,p1b\n|-supereffective|p1a: Palafin\n|-resisted|p1b: Dragonite\n|-damage|p1a: Palafin|26\/100 brn\n|-heal|p2b: Sinistcha|77\/100 brn|[from] drain|[of] p1a: Palafin\n|-damage|p1b: Dragonite|34\/100 brn\n|-heal|p2b: Sinistcha|80\/100 brn|[from] drain|[of] p1b: Dragonite\n|\n|-damage|p1a: Palafin|20\/100 brn|[from] brn\n|-damage|p1b: Dragonite|28\/100 brn|[from] brn\n|-damage|p2b: Sinistcha|74\/100 brn|[from] brn\n|upkeep\n|turn|15\n|inactive|BotBuilder07 has 120 seconds left.\n|\n|t:|1698515583\n|move|p1a: Palafin|Zen Headbutt|p2b: Sinistcha\n|-damage|p2b: Sinistcha|65\/100 brn\n|move|p1b: Dragonite|Ice Spinner|p2b: Sinistcha\n|-supereffective|p2b: Sinistcha\n|-damage|p2b: Sinistcha|35\/100 brn\n|move|p2b: Sinistcha|Strength Sap|p1b: Dragonite\n|-unboost|p1b: Dragonite|atk|1\n|-heal|p2b: Sinistcha|100\/100 brn\n|\n|-damage|p1a: Palafin|14\/100 brn|[from] brn\n|-damage|p1b: Dragonite|22\/100 brn|[from] brn\n|-damage|p2b: Sinistcha|94\/100 brn|[from] brn\n|upkeep\n|turn|16\n|inactive|BotBuilder07 has 120 seconds left.\n|\n|t:|1698515615\n|move|p1a: Palafin|Zen Headbutt|p2b: Sinistcha\n|-damage|p2b: Sinistcha|84\/100 brn\n|move|p1b: Dragonite|Ice Spinner|p2b: Sinistcha\n|-supereffective|p2b: Sinistcha\n|-damage|p2b: Sinistcha|64\/100 brn\n|move|p2b: Sinistcha|Strength Sap|p1a: Palafin\n|-unboost|p1a: Palafin|atk|1\n|-heal|p2b: Sinistcha|100\/100 brn\n|\n|-damage|p1a: Palafin|7\/100 brn|[from] brn\n|-damage|p1b: Dragonite|15\/100 brn|[from] brn\n|-damage|p2b: Sinistcha|94\/100 brn|[from] brn\n|upkeep\n|turn|17\n|\n|t:|1698515628\n|move|p1a: Palafin|Zen Headbutt|p2b: Sinistcha\n|-damage|p2b: Sinistcha|88\/100 brn\n|move|p1b: Dragonite|Ice Spinner|p2b: Sinistcha\n|-supereffective|p2b: Sinistcha\n|-damage|p2b: Sinistcha|66\/100 brn\n|move|p2b: Sinistcha|Strength Sap|p1b: Dragonite\n|-unboost|p1b: Dragonite|atk|1\n|-heal|p2b: Sinistcha|100\/100 brn\n|\n|-damage|p1a: Palafin|1\/100 brn|[from] brn\n|-damage|p1b: Dragonite|9\/100 brn|[from] brn\n|-damage|p2b: Sinistcha|94\/100 brn|[from] brn\n|upkeep\n|turn|18\n|\n|t:|1698515646\n|move|p1a: Palafin|Zen Headbutt|p2b: Sinistcha|[miss]\n|-miss|p1a: Palafin|p2b: Sinistcha\n|move|p1b: Dragonite|Ice Spinner|p2b: Sinistcha\n|-supereffective|p2b: Sinistcha\n|-damage|p2b: Sinistcha|77\/100 brn\n|move|p2b: Sinistcha|Strength Sap|p1b: Dragonite\n|-unboost|p1b: Dragonite|atk|1\n|-heal|p2b: Sinistcha|100\/100 brn\n|\n|-damage|p1a: Palafin|0 fnt|[from] brn\n|faint|p1a: Palafin\n|-damage|p1b: Dragonite|3\/100 brn|[from] brn\n|-damage|p2b: Sinistcha|94\/100 brn|[from] brn\n|upkeep\n|\n|t:|1698515651\n|switch|p1a: Meowscarada|Meowscarada, M|45\/100\n|turn|19\n|inactive|BotBuilder07 has 120 seconds left.\n|\n|t:|1698515686\n|move|p1a: Meowscarada|Knock Off|p2b: Sinistcha\n|-start|p1a: Meowscarada|typechange|Dark|[from] ability: Protean\n|-supereffective|p2b: Sinistcha\n|-damage|p2b: Sinistcha|53\/100 brn\n|move|p1b: Dragonite|Ice Spinner|p2b: Sinistcha\n|-supereffective|p2b: Sinistcha\n|-damage|p2b: Sinistcha|40\/100 brn\n|move|p2b: Sinistcha|Strength Sap|p1a: Meowscarada\n|-unboost|p1a: Meowscarada|atk|1\n|-heal|p2b: Sinistcha|100\/100 brn\n|\n|-damage|p1b: Dragonite|0 fnt|[from] brn\n|faint|p1b: Dragonite\n|-damage|p2b: Sinistcha|94\/100 brn|[from] brn\n|upkeep\n|turn|20\n|\n|t:|1698515706\n|move|p1a: Meowscarada|Knock Off|p2b: Sinistcha\n|-supereffective|p2b: Sinistcha\n|-damage|p2b: Sinistcha|67\/100 brn\n|move|p2b: Sinistcha|Strength Sap|p1a: Meowscarada\n|-unboost|p1a: Meowscarada|atk|1\n|-heal|p2b: Sinistcha|100\/100 brn\n|\n|-damage|p2b: Sinistcha|94\/100 brn|[from] brn\n|upkeep\n|turn|21\n|\n|t:|1698515723\n|move|p1a: Meowscarada|Knock Off|p2b: Sinistcha\n|-supereffective|p2b: Sinistcha\n|-damage|p2b: Sinistcha|73\/100 brn\n|move|p2b: Sinistcha|Matcha Gotcha|p1a: Meowscarada\n|-damage|p1a: Meowscarada|0 fnt\n|-heal|p2b: Sinistcha|92\/100 brn|[from] drain|[of] p1a: Meowscarada\n|faint|p1a: Meowscarada\n|\n|win|BotBuilder07\n|raw|omega akl x's rating: 1325 &rarr; <strong>1300<\/strong><br \/>(-25 for losing)\n|raw|BotBuilder07's rating: 1239 &rarr; <strong>1270<\/strong><br \/>(+31 for winning)\n","uploadtime":1698515733,"views":16,"p1id":"omegaaklx","p2id":"botbuilder07","formatid":"gen9doublesou","rating":1270,"private":0,"password":""}