{"id":"gen9doublesou-1977433644","p1":"cotesmcgotes","p2":"ItsACritt","format":"[Gen 9] Doubles OU","log":"|j|\u2606cotesmcgotes\n|j|\u2606ItsACritt\n|t:|1698416711\n|gametype|doubles\n|player|p1|cotesmcgotes|flannery|1389\n|player|p2|ItsACritt|flannery-gen6|1323\n|teamsize|p1|6\n|teamsize|p2|6\n|gen|9\n|tier|[Gen 9] Doubles OU\n|rated|\n|rule|Species Clause: Limit one of each Pok\u00e9mon\n|rule|OHKO Clause: OHKO moves are banned\n|rule|Evasion Moves Clause: Evasion moves are banned\n|rule|Gravity Sleep Clause: The combination of sleep-inducing moves with imperfect accuracy and Gravity or Gigantamax Orbeetle are banned\n|rule|Endless Battle Clause: Forcing endless battles is banned\n|rule|HP Percentage Mod: HP is shown in percentages\n|clearpoke\n|poke|p1|Cresselia, F|\n|poke|p1|Enamorus-Therian, F|\n|poke|p1|Ogerpon-Hearthflame, F|\n|poke|p1|Roaring Moon|\n|poke|p1|Great Tusk|\n|poke|p1|Manaphy|\n|poke|p2|Ninetales, F|\n|poke|p2|Lilligant-Hisui, F|\n|poke|p2|Tyranitar, M|\n|poke|p2|Arcanine-Hisui, M|\n|poke|p2|Enamorus, F|\n|poke|p2|Houndstone, M|\n|teampreview\n|inactive|Battle timer is ON: inactive players will automatically lose when time's up. (requested by ItsACritt)\n|\n|t:|1698416730\n|start\n|switch|p1a: Enamorus|Enamorus-Therian, F|100\/100\n|switch|p1b: Ogerpon|Ogerpon-Hearthflame, F|100\/100\n|switch|p2a: Reptar|Tyranitar, M|100\/100\n|switch|p2b: Comet|Arcanine-Hisui, M, shiny|100\/100\n|-ability|p1b: Ogerpon|Mold Breaker\n|-ability|p2b: Comet|Intimidate|boost\n|-unboost|p1a: Enamorus|atk|1\n|-unboost|p1b: Ogerpon|atk|1\n|-weather|Sandstorm|[from] ability: Sand Stream|[of] p2a: Reptar\n|turn|1\n|\n|t:|1698416751\n|-terastallize|p2a: Reptar|Flying\n|move|p1b: Ogerpon|Spiky Shield|p1b: Ogerpon\n|-singleturn|p1b: Ogerpon|move: Protect\n|move|p2b: Comet|Rock Slide|p1b: Ogerpon|[spread] p1a\n|-activate|p1b: Ogerpon|move: Protect\n|-supereffective|p1a: Enamorus\n|-damage|p1a: Enamorus|54\/100\n|move|p2a: Reptar|Rock Slide|p1b: Ogerpon|[spread] \n|-activate|p1b: Ogerpon|move: Protect\n|-miss|p2a: Reptar|p1a: Enamorus\n|move|p1a: Enamorus|Tailwind|p1a: Enamorus\n|-sidestart|p1: cotesmcgotes|move: Tailwind\n|\n|-weather|Sandstorm|[upkeep]\n|-damage|p1b: Ogerpon|95\/100|[from] Sandstorm\n|-damage|p2a: Reptar|94\/100|[from] Sandstorm\n|upkeep\n|turn|2\n|\n|t:|1698416779\n|switch|p1b: Great Tusk|Great Tusk|100\/100\n|move|p2b: Comet|Rock Slide|p1b: Great Tusk|[spread] p1a,p1b\n|-supereffective|p1a: Enamorus\n|-resisted|p1b: Great Tusk\n|-damage|p1a: Enamorus|10\/100\n|-damage|p1b: Great Tusk|96\/100\n|move|p1a: Enamorus|Earth Power|p2b: Comet\n|-supereffective|p2b: Comet\n|-damage|p2b: Comet|0 fnt\n|faint|p2b: Comet\n|move|p2a: Reptar|Rock Slide|p1a: Enamorus|[spread] \n|-miss|p2a: Reptar|p1a: Enamorus\n|-miss|p2a: Reptar|p1b: Great Tusk\n|\n|-weather|Sandstorm|[upkeep]\n|-damage|p2a: Reptar|88\/100|[from] Sandstorm\n|upkeep\n|\n|t:|1698416788\n|switch|p2b: Cupid|Enamorus, F|100\/100\n|turn|3\n|inactive|cotesmcgotes has 120 seconds left.\n|\n|t:|1698416832\n|switch|p1a: Cresselia|Cresselia, F|100\/100\n|move|p1b: Great Tusk|Ice Spinner|p2b: Cupid\n|-supereffective|p2b: Cupid\n|-damage|p2b: Cupid|0 fnt\n|faint|p2b: Cupid\n|move|p2a: Reptar|Rock Slide|p1a: Cresselia|[spread] p1a\n|-miss|p2a: Reptar|p1b: Great Tusk\n|-crit|p1a: Cresselia\n|-damage|p1a: Cresselia|63\/100\n|\n|-weather|Sandstorm|[upkeep]\n|-damage|p1a: Cresselia|57\/100|[from] Sandstorm\n|-damage|p2a: Reptar|82\/100|[from] Sandstorm\n|upkeep\n|\n|t:|1698416841\n|switch|p2b: Night Guard|Houndstone, M|100\/100\n|turn|4\n|inactive|cotesmcgotes has 120 seconds left.\n|\n|t:|1698416872\n|move|p2b: Night Guard|Last Respects|p1a: Cresselia\n|-supereffective|p1a: Cresselia\n|-damage|p1a: Cresselia|0 fnt\n|faint|p1a: Cresselia\n|move|p1b: Great Tusk|Ice Spinner|p2a: Reptar\n|-supereffective|p2a: Reptar\n|-damage|p2a: Reptar|34\/100\n|move|p2a: Reptar|Knock Off|p1b: Great Tusk\n|-resisted|p1b: Great Tusk\n|-damage|p1b: Great Tusk|79\/100\n|-enditem|p1b: Great Tusk|Assault Vest|[from] move: Knock Off|[of] p2a: Reptar\n|\n|-weather|Sandstorm|[upkeep]\n|-damage|p2a: Reptar|28\/100|[from] Sandstorm\n|-sideend|p1: cotesmcgotes|move: Tailwind\n|upkeep\n|inactive|cotesmcgotes has 90 seconds left.\n|\n|t:|1698416899\n|switch|p1a: Enamorus|Enamorus-Therian, F|10\/100\n|turn|5\n|\n|t:|1698416909\n|move|p2b: Night Guard|Last Respects|p1b: Great Tusk\n|-damage|p1b: Great Tusk|38\/100\n|move|p1b: Great Tusk|Ice Spinner|p2a: Reptar\n|-supereffective|p2a: Reptar\n|-damage|p2a: Reptar|0 fnt\n|faint|p2a: Reptar\n|move|p1a: Enamorus|Tailwind|p1a: Enamorus\n|-sidestart|p1: cotesmcgotes|move: Tailwind\n|\n|-weather|none\n|upkeep\n|\n|t:|1698416917\n|switch|p2a: She|Lilligant-Hisui, F, shiny|100\/100\n|turn|6\n|\n|t:|1698416932\n|switch|p2b: Celestia|Ninetales, F, shiny|100\/100\n|-weather|SunnyDay|[from] ability: Drought|[of] p2b: Celestia\n|-activate|p1b: Great Tusk|ability: Protosynthesis\n|-start|p1b: Great Tusk|protosynthesisatk\n|move|p2a: She|Solar Blade||[still]\n|-prepare|p2a: She|Solar Blade\n|-anim|p2a: She|Solar Blade|p1b: Great Tusk\n|-supereffective|p1b: Great Tusk\n|-damage|p1b: Great Tusk|0 fnt\n|faint|p1b: Great Tusk\n|-end|p1b: Great Tusk|Protosynthesis|[silent]\n|move|p1a: Enamorus|Draining Kiss|p2a: She\n|-supereffective|p2a: She\n|-damage|p2a: She|7\/100\n|-heal|p1a: Enamorus|83\/100|[from] drain|[of] p2a: She\n|\n|-weather|SunnyDay|[upkeep]\n|upkeep\n|inactive|cotesmcgotes has 120 seconds left.\n|\n|t:|1698416955\n|switch|p1b: Ogerpon|Ogerpon-Hearthflame, F|95\/100\n|-ability|p1b: Ogerpon|Mold Breaker\n|turn|7\n|\n|t:|1698416976\n|move|p1b: Ogerpon|Spiky Shield|p1b: Ogerpon\n|-singleturn|p1b: Ogerpon|move: Protect\n|move|p2a: She|Solar Blade||[still]\n|-prepare|p2a: She|Solar Blade\n|-anim|p2a: She|Solar Blade|p1a: Enamorus\n|-resisted|p1a: Enamorus\n|-damage|p1a: Enamorus|57\/100\n|move|p2b: Celestia|Weather Ball|p1b: Ogerpon\n|-activate|p1b: Ogerpon|move: Protect\n|move|p1a: Enamorus|Psychic|p2a: She\n|-supereffective|p2a: She\n|-damage|p2a: She|0 fnt\n|faint|p2a: She\n|\n|-weather|SunnyDay|[upkeep]\n|upkeep\n|\n|t:|1698416978\n|switch|p2a: Night Guard|Houndstone, M|100\/100\n|turn|8\n|\n|t:|1698417003\n|-terastallize|p1b: Ogerpon|Fire\n|detailschange|p1b: Ogerpon|Ogerpon-Hearthflame-Tera, F, tera:Fire\n|-ability|p1b: Ogerpon|Embody Aspect (Hearthflame)|boost\n|-boost|p1b: Ogerpon|atk|1\n|move|p1b: Ogerpon|Ivy Cudgel|p2a: Night Guard\n|-crit|p2a: Night Guard\n|-damage|p2a: Night Guard|0 fnt\n|faint|p2a: Night Guard\n|move|p2b: Celestia|Weather Ball|p1b: Ogerpon\n|-resisted|p1b: Ogerpon\n|-damage|p1b: Ogerpon|59\/100\n|move|p1a: Enamorus|Draining Kiss|p2b: Celestia\n|-resisted|p2b: Celestia\n|-damage|p2b: Celestia|83\/100\n|-heal|p1a: Enamorus|71\/100|[from] drain|[of] p2b: Celestia\n|\n|-weather|SunnyDay|[upkeep]\n|-sideend|p1: cotesmcgotes|move: Tailwind\n|upkeep\n|turn|9\n|\n|t:|1698417020\n|move|p1b: Ogerpon|Ivy Cudgel|p2b: Celestia\n|-resisted|p2b: Celestia\n|-damage|p2b: Celestia|0 fnt\n|faint|p2b: Celestia\n|\n|win|cotesmcgotes\n|raw|cotesmcgotes's rating: 1389 &rarr; <strong>1405<\/strong><br \/>(+16 for winning)\n|raw|ItsACritt's rating: 1323 &rarr; <strong>1307<\/strong><br \/>(-16 for losing)\n","uploadtime":1698417023,"views":14,"p1id":"cotesmcgotes","p2id":"itsacritt","formatid":"gen9doublesou","rating":1307,"private":0,"password":""}