{"id":"gen9doublesou-1971986519","p1":"AlexSkov","p2":"lolIwatchYT","format":"[Gen 9] Doubles OU","log":"|j|\u2606AlexSkov\n|j|\u2606lolIwatchYT\n|t:|1697801625\n|gametype|doubles\n|player|p1|AlexSkov|101|1162\n|player|p2|lolIwatchYT|170|1265\n|teamsize|p1|6\n|teamsize|p2|6\n|gen|9\n|tier|[Gen 9] Doubles OU\n|rated|\n|rule|Species Clause: Limit one of each Pok\u00e9mon\n|rule|OHKO Clause: OHKO moves are banned\n|rule|Evasion Moves Clause: Evasion moves are banned\n|rule|Gravity Sleep Clause: The combination of sleep-inducing moves with imperfect accuracy and Gravity or Gigantamax Orbeetle are banned\n|rule|Endless Battle Clause: Forcing endless battles is banned\n|rule|HP Percentage Mod: HP is shown in percentages\n|clearpoke\n|poke|p1|Cresselia, F|\n|poke|p1|Ursaluna, M|\n|poke|p1|Indeedee-F, F|\n|poke|p1|Hatterene, F|\n|poke|p1|Torkoal, M|\n|poke|p1|Kingambit, F|\n|poke|p2|Azumarill, F|\n|poke|p2|Arcanine-Hisui, F|\n|poke|p2|Typhlosion-Hisui, F|\n|poke|p2|Gastrodon, M|\n|poke|p2|Tornadus, M|\n|poke|p2|Klefki, F|\n|teampreview\n|\n|t:|1697801658\n|start\n|switch|p1a: Indeedee|Indeedee-F, F, shiny|100\/100\n|switch|p1b: Ursaluna|Ursaluna, M, shiny|100\/100\n|switch|p2a: Typhlosion|Typhlosion-Hisui, F|100\/100\n|switch|p2b: Arcanine|Arcanine-Hisui, F|100\/100\n|-item|p1a: Indeedee|Psychic Seed|[from] ability: Frisk|[of] p2a: Typhlosion|[identify]\n|-item|p1b: Ursaluna|Flame Orb|[from] ability: Frisk|[of] p2a: Typhlosion|[identify]\n|-ability|p2b: Arcanine|Intimidate|boost\n|-unboost|p1a: Indeedee|atk|1\n|-unboost|p1b: Ursaluna|atk|1\n|-item|p2b: Arcanine|Air Balloon\n|-fieldstart|move: Psychic Terrain|[from] ability: Psychic Surge|[of] p1a: Indeedee\n|-enditem|p1a: Indeedee|Psychic Seed\n|-boost|p1a: Indeedee|spd|1|[from] item: Psychic Seed\n|turn|1\n|\n|t:|1697801683\n|move|p1b: Ursaluna|Protect|p1b: Ursaluna\n|-singleturn|p1b: Ursaluna|Protect\n|move|p2a: Typhlosion|Eruption|p1a: Indeedee|[spread] p1a\n|-activate|p1b: Ursaluna|move: Protect\n|-damage|p1a: Indeedee|60\/100\n|move|p2b: Arcanine|Flare Blitz|p1a: Indeedee\n|-damage|p1a: Indeedee|16\/100\n|-status|p1a: Indeedee|brn\n|-damage|p2b: Arcanine|87\/100|[from] Recoil\n|move|p1a: Indeedee|Trick Room|p1a: Indeedee\n|-fieldstart|move: Trick Room|[of] p1a: Indeedee\n|\n|-damage|p1a: Indeedee|10\/100 brn|[from] brn\n|-status|p1b: Ursaluna|brn|[from] item: Flame Orb\n|upkeep\n|turn|2\n|\n|t:|1697801720\n|switch|p2a: Klefki|Klefki, F|100\/100\n|-item|p2a: Klefki|Air Balloon\n|move|p2b: Arcanine|Protect|p2b: Arcanine\n|-singleturn|p2b: Arcanine|Protect\n|move|p1a: Indeedee|Follow Me|p1a: Indeedee\n|-singleturn|p1a: Indeedee|move: Follow Me\n|move|p1b: Ursaluna|Headlong Rush|p2a: Klefki\n|-immune|p2a: Klefki\n|\n|-damage|p1b: Ursaluna|94\/100 brn|[from] brn\n|-damage|p1a: Indeedee|3\/100 brn|[from] brn\n|upkeep\n|turn|3\n|\n|t:|1697801745\n|switch|p2b: Tornadus|Tornadus, M|100\/100\n|move|p1a: Indeedee|Follow Me|p1a: Indeedee\n|-singleturn|p1a: Indeedee|move: Follow Me\n|move|p2a: Klefki|Spikes|p1b: Ursaluna\n|-sidestart|p1: AlexSkov|Spikes\n|move|p1b: Ursaluna|Close Combat|p2b: Tornadus\n|-resisted|p2b: Tornadus\n|-damage|p2b: Tornadus|66\/100\n|-unboost|p1b: Ursaluna|def|1\n|-unboost|p1b: Ursaluna|spd|1\n|\n|-damage|p1b: Ursaluna|88\/100 brn|[from] brn\n|-damage|p1a: Indeedee|0 fnt|[from] brn\n|faint|p1a: Indeedee\n|upkeep\n|\n|t:|1697801761\n|switch|p1a: Cresselia|Cresselia, F, shiny|100\/100\n|turn|4\n|\n|t:|1697801773\n|move|p2b: Tornadus|Protect|p2b: Tornadus\n|-singleturn|p2b: Tornadus|Protect\n|move|p2a: Klefki|Spikes|p1b: Ursaluna\n|-sidestart|p1: AlexSkov|Spikes\n|move|p1b: Ursaluna|Facade|p2b: Tornadus\n|-activate|p2b: Tornadus|move: Protect\n|move|p1a: Cresselia|Dazzling Gleam|p2a: Klefki|[spread] p2a\n|-activate|p2b: Tornadus|move: Protect\n|-resisted|p2a: Klefki\n|-damage|p2a: Klefki|95\/100\n|-enditem|p2a: Klefki|Air Balloon\n|\n|-damage|p1b: Ursaluna|82\/100 brn|[from] brn\n|upkeep\n|turn|5\n|\n|t:|1697801798\n|switch|p2a: Arcanine|Arcanine-Hisui, F|87\/100\n|-ability|p2a: Arcanine|Intimidate|boost\n|-unboost|p1a: Cresselia|atk|1\n|-unboost|p1b: Ursaluna|atk|1\n|-item|p2a: Arcanine|Air Balloon\n|switch|p2b: Typhlosion|Typhlosion-Hisui, F|100\/100\n|-item|p1a: Cresselia|Mental Herb|[from] ability: Frisk|[of] p2b: Typhlosion|[identify]\n|-item|p1b: Ursaluna|Flame Orb|[from] ability: Frisk|[of] p2b: Typhlosion|[identify]\n|move|p1b: Ursaluna|Headlong Rush|p2a: Arcanine\n|-immune|p2a: Arcanine\n|move|p1a: Cresselia|Psychic|p2b: Typhlosion\n|-damage|p2b: Typhlosion|70\/100\n|\n|-damage|p1b: Ursaluna|75\/100 brn|[from] brn\n|-fieldend|move: Trick Room\n|-fieldend|move: Psychic Terrain\n|upkeep\n|turn|6\n|\n|t:|1697801829\n|move|p2b: Typhlosion|Eruption|p1b: Ursaluna|[spread] p1a,p1b\n|-crit|p1a: Cresselia\n|-damage|p1a: Cresselia|57\/100\n|-damage|p1b: Ursaluna|16\/100 brn\n|move|p2a: Arcanine|Flare Blitz|p1b: Ursaluna\n|-damage|p1b: Ursaluna|0 fnt\n|faint|p1b: Ursaluna\n|-damage|p2a: Arcanine|81\/100|[from] Recoil\n|move|p1a: Cresselia|Trick Room|p1a: Cresselia\n|-fieldstart|move: Trick Room|[of] p1a: Cresselia\n|\n|upkeep\n|-message|AlexSkov forfeited.\n|\n|win|lolIwatchYT\n|raw|AlexSkov's rating: 1162 &rarr; <strong>1144<\/strong><br \/>(-18 for losing)\n|raw|lolIwatchYT's rating: 1265 &rarr; <strong>1283<\/strong><br \/>(+18 for winning)\n|l|\u2606AlexSkov\n","uploadtime":1697801919,"views":13,"p1id":"alexskov","p2id":"loliwatchyt","formatid":"gen9doublesou","rating":1144,"private":0,"password":""}