{"id":"gen9doublesou-1998547227","p1":"Prob63","p2":"JakersAB1","format":"[Gen 9] Doubles OU","log":"|j|\u2606Prob63\n|j|\u2606JakersAB1\n|t:|1700954823\n|gametype|doubles\n|player|p1|Prob63|cynthia|1374\n|player|p2|JakersAB1|steven|1227\n|teamsize|p1|6\n|teamsize|p2|6\n|gen|9\n|tier|[Gen 9] Doubles OU\n|rated|\n|rule|Species Clause: Limit one of each Pok\u00e9mon\n|rule|OHKO Clause: OHKO moves are banned\n|rule|Evasion Moves Clause: Evasion moves are banned\n|rule|Gravity Sleep Clause: The combination of sleep-inducing moves with imperfect accuracy and Gravity or Gigantamax Orbeetle are banned\n|rule|Endless Battle Clause: Forcing endless battles is banned\n|rule|HP Percentage Mod: HP is shown in percentages\n|clearpoke\n|poke|p1|Chi-Yu|\n|poke|p1|Sneasler, M|\n|poke|p1|Rillaboom, F|\n|poke|p1|Ursaluna-Bloodmoon, M|\n|poke|p1|Sinistcha-Masterpiece|\n|poke|p1|Thundurus, M|\n|poke|p2|Cinderace, F|\n|poke|p2|Rillaboom, M|\n|poke|p2|Dragapult, M|\n|poke|p2|Ninetales-Alola, M|\n|poke|p2|Kingambit, M|\n|poke|p2|Ogerpon, F|\n|teampreview\n|\n|t:|1700954843\n|start\n|switch|p1a: the Snizzler|Sneasler, M|100\/100\n|switch|p1b: sacrificial lamb|Rillaboom, F|100\/100\n|switch|p2a: Rillaboom|Rillaboom, M, shiny|100\/100\n|switch|p2b: Ogerpon|Ogerpon, F|100\/100\n|-fieldstart|move: Grassy Terrain|[from] ability: Grassy Surge|[of] p2a: Rillaboom\n|-enditem|p1a: the Snizzler|Grassy Seed\n|-boost|p1a: the Snizzler|def|1|[from] item: Grassy Seed\n|-enditem|p2a: Rillaboom|Grassy Seed\n|-boost|p2a: Rillaboom|def|1|[from] item: Grassy Seed\n|turn|1\n|inactive|Battle timer is ON: inactive players will automatically lose when time's up. (requested by Prob63)\n|\n|t:|1700954872\n|-terastallize|p2b: Ogerpon|Grass\n|detailschange|p2b: Ogerpon|Ogerpon-Teal-Tera, F, tera:Grass\n|-ability|p2b: Ogerpon|Embody Aspect (Teal)|boost\n|-boost|p2b: Ogerpon|spe|1\n|move|p2a: Rillaboom|Fake Out|p1a: the Snizzler\n|-damage|p1a: the Snizzler|84\/100\n|move|p1b: sacrificial lamb|Fake Out|p2a: Rillaboom\n|-damage|p2a: Rillaboom|91\/100\n|cant|p1a: the Snizzler|flinch\n|move|p2b: Ogerpon|Ivy Cudgel|p1a: the Snizzler\n|-resisted|p1a: the Snizzler\n|-crit|p1a: the Snizzler\n|-damage|p1a: the Snizzler|0 fnt\n|faint|p1a: the Snizzler\n|\n|-heal|p2a: Rillaboom|97\/100|[from] Grassy Terrain\n|upkeep\n|c|\u2606Prob63|I love losing a speedtie\n|c|\u2606Prob63|fucking garbage\n|c|\u2606JakersAB1|sry\n|inactive|Prob63 has 120 seconds left.\n|c|\u2606JakersAB1|that never happens to me tho\n|c|\u2606Prob63|now i just lose\n|c|\u2606Prob63|Sneasler would have 1shot Ogerpon too\n|\n|t:|1700954923\n|switch|p1a: worst genie|Thundurus, M|100\/100\n|turn|2\n|inactive|Prob63 has 120 seconds left.\n|\n|t:|1700954940\n|switch|p2a: Ninetales|Ninetales-Alola, M, shiny|100\/100\n|-weather|Snow|[from] ability: Snow Warning|[of] p2a: Ninetales\n|move|p2b: Ogerpon|Spiky Shield|p2b: Ogerpon\n|-singleturn|p2b: Ogerpon|move: Protect\n|move|p1a: worst genie|Thunder Wave|p2b: Ogerpon\n|-activate|p2b: Ogerpon|move: Protect\n|move|p1b: sacrificial lamb|U-turn|p2a: Ninetales\n|-resisted|p2a: Ninetales\n|-damage|p2a: Ninetales|87\/100\n|\n|t:|1700954953\n|switch|p1b: nuclear option|Chi-Yu|100\/100|[from] U-turn\n|-ability|p1b: nuclear option|Beads of Ruin\n|\n|-weather|Snow|[upkeep]\n|-heal|p2a: Ninetales|93\/100|[from] Grassy Terrain\n|upkeep\n|turn|3\n|\n|t:|1700954973\n|move|p1a: worst genie|Thunder Wave|p2b: Ogerpon\n|-status|p2b: Ogerpon|par\n|move|p1b: nuclear option|Heat Wave|p2b: Ogerpon|[spread] p2a,p2b\n|-supereffective|p2a: Ninetales\n|-supereffective|p2b: Ogerpon\n|-damage|p2a: Ninetales|0 fnt\n|-damage|p2b: Ogerpon|0 fnt\n|faint|p2a: Ninetales\n|faint|p2b: Ogerpon\n|\n|-weather|Snow|[upkeep]\n|upkeep\n|c|\u2606JakersAB1|see\n|c|\u2606JakersAB1|now i could loose\n|inactive|JakersAB1 has 120 seconds left.\n|\n|t:|1700954998\n|switch|p2b: Cinderace|Cinderace, F, shiny|100\/100\n|switch|p2a: Rillaboom|Rillaboom, M, shiny|97\/100\n|turn|4\n|\n|t:|1700955016\n|switch|p1b: Pot Friend|Sinistcha-Masterpiece|100\/100\n|move|p2a: Rillaboom|Fake Out|p1a: worst genie\n|-damage|p1a: worst genie|79\/100\n|-enditem|p1a: worst genie|Red Card|[of] p2a: Rillaboom\n|drag|p2a: Dragapult|Dragapult, M, shiny|100\/100\n|cant|p1a: worst genie|flinch\n|move|p2b: Cinderace|High Jump Kick|p1b: Pot Friend\n|-start|p2b: Cinderace|typechange|Fighting|[from] ability: Libero\n|-immune|p1b: Pot Friend\n|-damage|p2b: Cinderace|50\/100|[from] highjumpkick\n|\n|-weather|Snow|[upkeep]\n|-heal|p2b: Cinderace|56\/100|[from] Grassy Terrain\n|upkeep\n|turn|5\n|\n|t:|1700955044\n|move|p1a: worst genie|Thunder Wave|p2a: Dragapult\n|-status|p2a: Dragapult|par\n|move|p2b: Cinderace|Pyro Ball|p1b: Pot Friend\n|-supereffective|p1b: Pot Friend\n|-damage|p1b: Pot Friend|25\/100\n|-damage|p2b: Cinderace|47\/100|[from] item: Life Orb\n|move|p2a: Dragapult|Phantom Force||[still]\n|-prepare|p2a: Dragapult|Phantom Force\n|move|p1b: Pot Friend|Strength Sap|p2b: Cinderace\n|-unboost|p2b: Cinderace|atk|1\n|-heal|p1b: Pot Friend|100\/100\n|\n|-weather|Snow|[upkeep]\n|-heal|p2b: Cinderace|52\/100|[from] Grassy Terrain\n|-fieldend|move: Grassy Terrain\n|upkeep\n|turn|6\n|\n|t:|1700955066\n|switch|p2b: Kingambit|Kingambit, M|100\/100\n|switch|p1b: hur hur hur|Ursaluna-Bloodmoon, M|100\/100\n|move|p1a: worst genie|Wildbolt Storm|p2a: Dragapult|[spread] p2b\n|-miss|p1a: worst genie|p2a: Dragapult\n|-crit|p2b: Kingambit\n|-damage|p2b: Kingambit|56\/100\n|-status|p2b: Kingambit|par\n|move|p2a: Dragapult|Phantom Force|p1a: worst genie|[from]lockedmove\n|-crit|p1a: worst genie\n|-damage|p1a: worst genie|0 fnt\n|faint|p1a: worst genie\n|\n|-weather|none\n|upkeep\n|\n|t:|1700955082\n|switch|p1a: sacrificial lamb|Rillaboom, F|100\/100\n|-fieldstart|move: Grassy Terrain|[from] ability: Grassy Surge|[of] p1a: sacrificial lamb\n|turn|7\n|\n|t:|1700955100\n|switch|p2a: Cinderace|Cinderace, F, shiny|52\/100\n|move|p1a: sacrificial lamb|Knock Off|p2a: Cinderace\n|-damage|p2a: Cinderace|0 fnt\n|-enditem|p2a: Cinderace|Life Orb|[from] move: Knock Off|[of] p1a: sacrificial lamb\n|faint|p2a: Cinderace\n|move|p1b: hur hur hur|Earth Power|p2b: Kingambit\n|-supereffective|p2b: Kingambit\n|-damage|p2b: Kingambit|0 fnt\n|faint|p2b: Kingambit\n|\n|upkeep\n|c|\u2606JakersAB1|see\n|c|\u2606JakersAB1|you win\n|\n|t:|1700955115\n|switch|p2a: Dragapult|Dragapult, M, shiny|100\/100 par\n|switch|p2b: Rillaboom|Rillaboom, M, shiny|97\/100\n|turn|8\n|\n|t:|1700955128\n|move|p2b: Rillaboom|Fake Out|p1b: hur hur hur\n|-damage|p1b: hur hur hur|90\/100\n|move|p1a: sacrificial lamb|Knock Off|p2a: Dragapult\n|-supereffective|p2a: Dragapult\n|-damage|p2a: Dragapult|0 fnt\n|-enditem|p2a: Dragapult|Haban Berry|[from] move: Knock Off|[of] p1a: sacrificial lamb\n|faint|p2a: Dragapult\n|cant|p1b: hur hur hur|flinch\n|\n|-heal|p2b: Rillaboom|100\/100|[from] Grassy Terrain\n|-heal|p1b: hur hur hur|96\/100|[from] Grassy Terrain\n|upkeep\n|turn|9\n|\n|t:|1700955150\n|move|p2b: Rillaboom|Drain Punch|p1b: hur hur hur\n|-supereffective|p1b: hur hur hur\n|-damage|p1b: hur hur hur|55\/100\n|move|p1a: sacrificial lamb|U-turn|p2b: Rillaboom\n|-supereffective|p2b: Rillaboom\n|-damage|p2b: Rillaboom|51\/100\n|\n|t:|1700955156\n|switch|p1a: Pot Friend|Sinistcha-Masterpiece|100\/100|[from] U-turn\n|-heal|p1b: hur hur hur|80\/100|[from] ability: Hospitality|[of] p1a: Pot Friend\n|move|p1b: hur hur hur|Blood Moon|p2b: Rillaboom\n|-damage|p2b: Rillaboom|0 fnt\n|faint|p2b: Rillaboom\n|\n|win|Prob63\n|raw|Prob63's rating: 1374 &rarr; <strong>1386<\/strong><br \/>(+12 for winning)\n|raw|JakersAB1's rating: 1227 &rarr; <strong>1212<\/strong><br \/>(-15 for losing)\n","uploadtime":1700954891,"views":8,"p1id":"prob63","p2id":"jakersab1","formatid":"gen9doublesou","rating":1212,"private":0,"password":""}