{"id":"gen9doublesou-1985329576","p1":"randomperson15","p2":"faertrw","format":"[Gen 9] Doubles OU","log":"|j|\u2606randomperson15\n|j|\u2606faertrw\n|t:|1699365106\n|gametype|doubles\n|player|p1|randomperson15|steven|1520\n|player|p2|faertrw|rood|1462\n|teamsize|p1|6\n|teamsize|p2|6\n|gen|9\n|tier|[Gen 9] Doubles OU\n|rated|\n|rule|Species Clause: Limit one of each Pok\u00e9mon\n|rule|OHKO Clause: OHKO moves are banned\n|rule|Evasion Moves Clause: Evasion moves are banned\n|rule|Gravity Sleep Clause: The combination of sleep-inducing moves with imperfect accuracy and Gravity or Gigantamax Orbeetle are banned\n|rule|Endless Battle Clause: Forcing endless battles is banned\n|rule|HP Percentage Mod: HP is shown in percentages\n|clearpoke\n|poke|p1|Ursaluna, F|\n|poke|p1|Hatterene, F|\n|poke|p1|Dusclops, M|\n|poke|p1|Iron Hands|\n|poke|p1|Kingambit, M|\n|poke|p1|Sinistcha-Masterpiece|\n|poke|p2|Heatran, F|\n|poke|p2|Volbeat, M|\n|poke|p2|Iron Hands|\n|poke|p2|Ogerpon-Wellspring, F|\n|poke|p2|Landorus-Therian, M|\n|poke|p2|Glimmora, F|\n|teampreview\n|\n|t:|1699365119\n|start\n|switch|p1a: Hatterene|Hatterene, F|100\/100\n|switch|p1b: Ursaluna|Ursaluna, F|100\/100\n|switch|p2a: Heatran|Heatran, F|100\/100\n|switch|p2b: Volbeat|Volbeat, M|100\/100\n|turn|1\n|\n|t:|1699365132\n|-terastallize|p2a: Heatran|Flying\n|move|p2b: Volbeat|Taunt|p1b: Ursaluna\n|-start|p1b: Ursaluna|move: Taunt\n|move|p2a: Heatran|Flash Cannon|p1a: Hatterene\n|-supereffective|p1a: Hatterene\n|-damage|p1a: Hatterene|28\/100\n|move|p1b: Ursaluna|Headlong Rush|p2a: Heatran\n|-immune|p2a: Heatran\n|move|p1a: Hatterene|Trick Room|p1a: Hatterene\n|-fieldstart|move: Trick Room|[of] p1a: Hatterene\n|\n|-status|p1b: Ursaluna|brn|[from] item: Flame Orb\n|upkeep\n|turn|2\n|\n|t:|1699365163\n|move|p2b: Volbeat|Encore|p1b: Ursaluna\n|-start|p1b: Ursaluna|Encore\n|move|p1a: Hatterene|Dazzling Gleam|p2a: Heatran|[spread] p2a,p2b\n|-damage|p2a: Heatran|78\/100\n|-damage|p2b: Volbeat|79\/100\n|move|p1b: Ursaluna|Headlong Rush|p2b: Volbeat\n|-resisted|p2b: Volbeat\n|-damage|p2b: Volbeat|12\/100\n|-unboost|p1b: Ursaluna|def|1\n|-unboost|p1b: Ursaluna|spd|1\n|move|p2a: Heatran|Flash Cannon|p1a: Hatterene\n|-supereffective|p1a: Hatterene\n|-damage|p1a: Hatterene|0 fnt\n|faint|p1a: Hatterene\n|\n|-heal|p2a: Heatran|84\/100|[from] item: Leftovers\n|-damage|p1b: Ursaluna|94\/100 brn|[from] brn\n|upkeep\n|\n|t:|1699365181\n|switch|p1a: Iron Hands|Iron Hands|100\/100\n|turn|3\n|\n|t:|1699365187\n|switch|p2b: Landorus|Landorus-Therian, M|100\/100\n|-ability|p2b: Landorus|Intimidate|boost\n|-unboost|p1a: Iron Hands|atk|1\n|-unboost|p1b: Ursaluna|atk|1\n|move|p2a: Heatran|Protect|p2a: Heatran\n|-singleturn|p2a: Heatran|Protect\n|move|p1b: Ursaluna|Headlong Rush|p2b: Landorus\n|-immune|p2b: Landorus\n|move|p1a: Iron Hands|Thunder Punch|p2a: Heatran\n|-activate|p2a: Heatran|move: Protect\n|\n|-heal|p2a: Heatran|90\/100|[from] item: Leftovers\n|-damage|p1b: Ursaluna|88\/100 brn|[from] brn\n|-end|p1b: Ursaluna|move: Taunt\n|upkeep\n|turn|4\n|\n|t:|1699365220\n|switch|p1b: Sinistcha|Sinistcha-Masterpiece|100\/100\n|-terastallize|p1a: Iron Hands|Grass\n|move|p2b: Landorus|Protect|p2b: Landorus\n|-singleturn|p2b: Landorus|Protect\n|move|p1a: Iron Hands|Thunder Punch|p2a: Heatran\n|-supereffective|p2a: Heatran\n|-damage|p2a: Heatran|35\/100\n|move|p2a: Heatran|Tera Blast|p1b: Sinistcha|[anim] Tera Blast Flying\n|-supereffective|p1b: Sinistcha\n|-damage|p1b: Sinistcha|5\/100\n|\n|-heal|p1b: Sinistcha|11\/100|[from] item: Leftovers\n|-heal|p2a: Heatran|41\/100|[from] item: Leftovers\n|upkeep\n|turn|5\n|\n|t:|1699365254\n|move|p2a: Heatran|Protect|p2a: Heatran\n|-singleturn|p2a: Heatran|Protect\n|move|p1a: Iron Hands|Thunder Punch|p2a: Heatran\n|-activate|p2a: Heatran|move: Protect\n|move|p1b: Sinistcha|Shadow Ball|p2b: Landorus\n|-crit|p2b: Landorus\n|-damage|p2b: Landorus|32\/100\n|move|p2b: Landorus|U-turn|p1b: Sinistcha\n|-damage|p1b: Sinistcha|0 fnt\n|faint|p1b: Sinistcha\n|\n|t:|1699365264\n|switch|p2b: Glimmora|Glimmora, F|100\/100|[from] U-turn\n|\n|-heal|p2a: Heatran|47\/100|[from] item: Leftovers\n|-fieldend|move: Trick Room\n|upkeep\n|\n|t:|1699365269\n|switch|p1b: Dusclops|Dusclops, M|100\/100\n|-item|p2a: Heatran|Leftovers|[from] ability: Frisk|[of] p1b: Dusclops|[identify]\n|-item|p2b: Glimmora|Rocky Helmet|[from] ability: Frisk|[of] p1b: Dusclops|[identify]\n|turn|6\n|\n|t:|1699365279\n|switch|p2a: Landorus|Landorus-Therian, M|32\/100\n|-ability|p2a: Landorus|Intimidate|boost\n|-unboost|p1a: Iron Hands|atk|1\n|-unboost|p1b: Dusclops|atk|1\n|-end|p1a: Iron Hands|Quark Drive|[silent]\n|switch|p1a: Ursaluna|Ursaluna, F|88\/100 brn\n|move|p2b: Glimmora|Toxic||[still]\n|-fail|p2b: Glimmora\n|move|p1b: Dusclops|Trick Room|p1b: Dusclops\n|-fieldstart|move: Trick Room|[of] p1b: Dusclops\n|\n|-damage|p1a: Ursaluna|82\/100 brn|[from] brn\n|upkeep\n|turn|7\n|\n|t:|1699365299\n|move|p2b: Glimmora|Spiky Shield|p2b: Glimmora\n|-singleturn|p2b: Glimmora|move: Protect\n|move|p2a: Landorus|Protect|p2a: Landorus\n|-singleturn|p2a: Landorus|Protect\n|move|p1b: Dusclops|Night Shade|p2b: Glimmora\n|-activate|p2b: Glimmora|move: Protect\n|move|p1a: Ursaluna|Facade|p2a: Landorus\n|-activate|p2a: Landorus|move: Protect\n|\n|-damage|p1a: Ursaluna|76\/100 brn|[from] brn\n|upkeep\n|turn|8\n|\n|t:|1699365314\n|switch|p2a: Ogerpon|Ogerpon-Wellspring, F|100\/100\n|move|p1b: Dusclops|Night Shade|p2b: Glimmora\n|-damage|p2b: Glimmora|68\/100\n|move|p1a: Ursaluna|Facade|p2a: Ogerpon\n|-damage|p2a: Ogerpon|0 fnt\n|faint|p2a: Ogerpon\n|move|p2b: Glimmora|Toxic|p1b: Dusclops\n|-status|p1b: Dusclops|tox\n|\n|-damage|p1b: Dusclops|95\/100 tox|[from] psn\n|-damage|p1a: Ursaluna|70\/100 brn|[from] brn\n|upkeep\n|\n|t:|1699365321\n|switch|p2a: Landorus|Landorus-Therian, M|32\/100\n|-ability|p2a: Landorus|Intimidate|boost\n|-unboost|p1a: Ursaluna|atk|1\n|-unboost|p1b: Dusclops|atk|1\n|turn|9\n|\n|t:|1699365352\n|switch|p1b: Kingambit|Kingambit, M|100\/100\n|move|p2b: Glimmora|Spiky Shield|p2b: Glimmora\n|-singleturn|p2b: Glimmora|move: Protect\n|move|p2a: Landorus|Protect|p2a: Landorus\n|-singleturn|p2a: Landorus|Protect\n|move|p1a: Ursaluna|Facade|p2a: Landorus\n|-activate|p2a: Landorus|move: Protect\n|\n|-damage|p1a: Ursaluna|64\/100 brn|[from] brn\n|upkeep\n|turn|10\n|\n|t:|1699365375\n|switch|p2a: Heatran|Heatran, F, tera:Flying|47\/100\n|move|p1a: Ursaluna|Facade|p2a: Heatran\n|-damage|p2a: Heatran|0 fnt\n|faint|p2a: Heatran\n|move|p1b: Kingambit|Swords Dance|p1b: Kingambit\n|-boost|p1b: Kingambit|atk|2\n|move|p2b: Glimmora|Toxic|p1b: Kingambit\n|-status|p1b: Kingambit|tox\n|\n|-damage|p1b: Kingambit|94\/100 tox|[from] psn\n|-damage|p1a: Ursaluna|58\/100 brn|[from] brn\n|-fieldend|move: Trick Room\n|upkeep\n|\n|t:|1699365381\n|switch|p2a: Iron Hands|Iron Hands|100\/100\n|turn|11\n|\n|t:|1699365399\n|move|p2b: Glimmora|Spiky Shield|p2b: Glimmora\n|-singleturn|p2b: Glimmora|move: Protect\n|move|p1b: Kingambit|Protect|p1b: Kingambit\n|-singleturn|p1b: Kingambit|Protect\n|move|p2a: Iron Hands|Drain Punch|p1a: Ursaluna\n|-supereffective|p1a: Ursaluna\n|-damage|p1a: Ursaluna|0 fnt\n|faint|p1a: Ursaluna\n|\n|-damage|p1b: Kingambit|82\/100 tox|[from] psn\n|upkeep\n|\n|t:|1699365410\n|switch|p1a: Dusclops|Dusclops, M|95\/100 tox\n|-item|p2a: Iron Hands|Assault Vest|[from] ability: Frisk|[of] p1a: Dusclops|[identify]\n|-item|p2b: Glimmora|Rocky Helmet|[from] ability: Frisk|[of] p1a: Dusclops|[identify]\n|turn|12\n|\n|t:|1699365427\n|-end|p2a: Iron Hands|Quark Drive|[silent]\n|switch|p2a: Volbeat|Volbeat, M|12\/100\n|move|p2b: Glimmora|Venoshock|p1a: Dusclops\n|-resisted|p1a: Dusclops\n|-damage|p1a: Dusclops|79\/100 tox\n|move|p1b: Kingambit|Kowtow Cleave|p2a: Volbeat\n|-damage|p2a: Volbeat|0 fnt\n|faint|p2a: Volbeat\n|move|p1a: Dusclops|Trick Room|p1a: Dusclops\n|-fieldstart|move: Trick Room|[of] p1a: Dusclops\n|\n|-damage|p1a: Dusclops|73\/100 tox|[from] psn\n|-damage|p1b: Kingambit|63\/100 tox|[from] psn\n|upkeep\n|\n|t:|1699365435\n|switch|p2a: Iron Hands|Iron Hands|100\/100\n|turn|13\n|\n|t:|1699365450\n|move|p1b: Kingambit|Protect|p1b: Kingambit\n|-singleturn|p1b: Kingambit|Protect\n|move|p2b: Glimmora|Spiky Shield|p2b: Glimmora\n|-singleturn|p2b: Glimmora|move: Protect\n|move|p1a: Dusclops|Night Shade|p2b: Glimmora\n|-activate|p2b: Glimmora|move: Protect\n|move|p2a: Iron Hands|Drain Punch|p1b: Kingambit\n|-activate|p1b: Kingambit|move: Protect\n|\n|-damage|p1a: Dusclops|61\/100 tox|[from] psn\n|-damage|p1b: Kingambit|39\/100 tox|[from] psn\n|upkeep\n|turn|14\n|\n|t:|1699365472\n|move|p1a: Dusclops|Night Shade|p2b: Glimmora\n|-damage|p2b: Glimmora|35\/100\n|move|p2a: Iron Hands|Drain Punch|p1b: Kingambit\n|-supereffective|p1b: Kingambit\n|-damage|p1b: Kingambit|0 fnt\n|-damage|p2a: Iron Hands|84\/100|[from] item: Rocky Helmet|[of] p1b: Kingambit\n|faint|p1b: Kingambit\n|move|p2b: Glimmora|Venoshock|p1a: Dusclops\n|-resisted|p1a: Dusclops\n|-damage|p1a: Dusclops|44\/100 tox\n|\n|-damage|p1a: Dusclops|26\/100 tox|[from] psn\n|upkeep\n|\n|t:|1699365484\n|switch|p1b: Iron Hands|Iron Hands, tera:Grass|100\/100\n|turn|15\n|\n|t:|1699365515\n|-end|p2a: Iron Hands|Quark Drive|[silent]\n|switch|p2a: Landorus|Landorus-Therian, M|32\/100\n|-ability|p2a: Landorus|Intimidate|boost\n|-unboost|p1a: Dusclops|atk|1\n|-unboost|p1b: Iron Hands|atk|1\n|move|p2b: Glimmora|Spiky Shield|p2b: Glimmora\n|-singleturn|p2b: Glimmora|move: Protect\n|move|p1a: Dusclops|Pain Split|p2a: Landorus\n|-sethp|p2a: Landorus|28\/100|[from] move: Pain Split|[silent]\n|-sethp|p1a: Dusclops|31\/100 tox|[from] move: Pain Split\n|move|p1b: Iron Hands|Drain Punch|p2b: Glimmora\n|-activate|p2b: Glimmora|move: Protect\n|-damage|p1b: Iron Hands|88\/100|[from] Spiky Shield|[of] p2b: Glimmora\n|\n|-damage|p1a: Dusclops|7\/100 tox|[from] psn\n|upkeep\n|turn|16\n|\n|t:|1699365538\n|switch|p2b: Iron Hands|Iron Hands|84\/100\n|move|p1a: Dusclops|Haze|p1a: Dusclops\n|-clearallboost\n|move|p1b: Iron Hands|Heavy Slam|p2a: Landorus\n|-damage|p2a: Landorus|0 fnt\n|faint|p2a: Landorus\n|\n|-damage|p1a: Dusclops|0 fnt|[from] psn\n|faint|p1a: Dusclops\n|-fieldend|move: Trick Room\n|upkeep\n|\n|t:|1699365545\n|switch|p2a: Glimmora|Glimmora, F|35\/100\n|turn|17\n|\n|t:|1699365559\n|move|p2b: Iron Hands|Fake Out|p1b: Iron Hands\n|-damage|p1b: Iron Hands|79\/100\n|move|p2a: Glimmora|Toxic|p1b: Iron Hands\n|-status|p1b: Iron Hands|tox\n|cant|p1b: Iron Hands|flinch\n|\n|-damage|p1b: Iron Hands|73\/100 tox|[from] psn\n|upkeep\n|turn|18\n|\n|t:|1699365568\n|move|p2a: Glimmora|Venoshock|p1b: Iron Hands\n|-supereffective|p1b: Iron Hands\n|-damage|p1b: Iron Hands|0 fnt\n|faint|p1b: Iron Hands\n|-end|p1b: Iron Hands|Quark Drive|[silent]\n|\n|win|faertrw\n|raw|randomperson15's rating: 1520 &rarr; <strong>1497<\/strong><br \/>(-23 for losing)\n|raw|faertrw's rating: 1462 &rarr; <strong>1485<\/strong><br \/>(+23 for winning)\n","uploadtime":1699365577,"views":8,"p1id":"randomperson15","p2id":"faertrw","formatid":"gen9doublesou","rating":1485,"private":0,"password":""}