{"id":"gen9doublesou-1986491526","p1":"AA_roncom","p2":"Ticomania","format":"[Gen 9] Doubles OU","log":"|j|\u2606AA_roncom\n|j|\u2606Ticomania\n|t:|1699484472\n|gametype|doubles\n|player|p1|AA_roncom|1|1128\n|player|p2|Ticomania|iris-gen5bw2|1104\n|teamsize|p1|6\n|teamsize|p2|6\n|gen|9\n|tier|[Gen 9] Doubles OU\n|rated|\n|rule|Species Clause: Limit one of each Pok\u00e9mon\n|rule|OHKO Clause: OHKO moves are banned\n|rule|Evasion Moves Clause: Evasion moves are banned\n|rule|Gravity Sleep Clause: The combination of sleep-inducing moves with imperfect accuracy and Gravity or Gigantamax Orbeetle are banned\n|rule|Endless Battle Clause: Forcing endless battles is banned\n|rule|HP Percentage Mod: HP is shown in percentages\n|clearpoke\n|poke|p1|Dragonite, M|\n|poke|p1|Hawlucha, F|\n|poke|p1|Armarouge, M|\n|poke|p1|Grimmsnarl, M|\n|poke|p1|Empoleon, M|\n|poke|p1|Landorus-Therian, M|\n|poke|p2|Espeon, F|\n|poke|p2|Flareon, M|\n|poke|p2|Forretress, M|\n|poke|p2|Sneasler, F|\n|poke|p2|Regidrago|\n|poke|p2|Bombirdier, M|\n|teampreview\n|\n|t:|1699484494\n|start\n|switch|p1a: Empoleon|Empoleon, M, shiny|100\/100\n|switch|p1b: Landorus|Landorus-Therian, M, shiny|100\/100\n|switch|p2a: Forretress|Forretress, M, shiny|100\/100\n|switch|p2b: Sneasler|Sneasler, F, shiny|100\/100\n|-item|p2b: Sneasler|Air Balloon\n|-ability|p1b: Landorus|Intimidate|boost\n|-unboost|p2a: Forretress|atk|1\n|-unboost|p2b: Sneasler|atk|1\n|turn|1\n|\n|t:|1699484524\n|move|p1a: Empoleon|Protect|p1a: Empoleon\n|-singleturn|p1a: Empoleon|Protect\n|move|p2b: Sneasler|Night Slash|p1b: Landorus\n|-crit|p1b: Landorus\n|-damage|p1b: Landorus|51\/100\n|move|p1b: Landorus|Earthquake|p2a: Forretress|[spread] p2a\n|-activate|p1a: Empoleon|move: Protect\n|-immune|p2b: Sneasler\n|-damage|p2a: Forretress|66\/100\n|-enditem|p2a: Forretress|Red Card|[of] p1b: Landorus\n|drag|p1b: Grimmsnarl|Grimmsnarl, M, shiny|100\/100\n|move|p2a: Forretress|Toxic Spikes|p1b: Grimmsnarl\n|-sidestart|p1: AA_roncom|move: Toxic Spikes\n|\n|upkeep\n|turn|2\n|\n|t:|1699484561\n|move|p2b: Sneasler|Night Slash|p1a: Empoleon\n|-damage|p1a: Empoleon|85\/100\n|move|p1b: Grimmsnarl|Crunch|p2a: Forretress\n|-damage|p2a: Forretress|47\/100\n|move|p1a: Empoleon|Hydro Pump|p2b: Sneasler\n|-damage|p2b: Sneasler|29\/100\n|-enditem|p2b: Sneasler|Air Balloon\n|move|p2a: Forretress|Toxic Spikes|p1b: Grimmsnarl\n|-sidestart|p1: AA_roncom|move: Toxic Spikes\n|\n|-heal|p1a: Empoleon|91\/100|[from] item: Leftovers\n|upkeep\n|turn|3\n|\n|t:|1699484582\n|move|p2a: Forretress|Helping Hand|p2b: Sneasler\n|-singleturn|p2b: Sneasler|Helping Hand|[of] p2a: Forretress\n|move|p2b: Sneasler|Dire Claw|p1b: Grimmsnarl\n|-supereffective|p1b: Grimmsnarl\n|-damage|p1b: Grimmsnarl|24\/100\n|-status|p1b: Grimmsnarl|slp\n|cant|p1b: Grimmsnarl|slp\n|move|p1a: Empoleon|Stealth Rock|p2a: Forretress\n|-sidestart|p2: Ticomania|move: Stealth Rock\n|\n|-heal|p1a: Empoleon|97\/100|[from] item: Leftovers\n|upkeep\n|turn|4\n|\n|t:|1699484608\n|cant|p1b: Grimmsnarl|slp\n|move|p2b: Sneasler|Acrobatics|p1a: Empoleon\n|-resisted|p1a: Empoleon\n|-damage|p1a: Empoleon|84\/100\n|move|p1a: Empoleon|Hydro Pump|p2b: Sneasler\n|-damage|p2b: Sneasler|0 fnt\n|faint|p2b: Sneasler\n|move|p2a: Forretress|Rapid Spin|p1b: Grimmsnarl\n|-damage|p1b: Grimmsnarl|19\/100 slp\n|-boost|p2a: Forretress|spe|1\n|-sideend|p2: Ticomania|Stealth Rock|[from] move: Rapid Spin|[of] p2a: Forretress\n|\n|-heal|p1a: Empoleon|90\/100|[from] item: Leftovers\n|upkeep\n|\n|t:|1699484623\n|switch|p2b: Regidrago|Regidrago|100\/100\n|turn|5\n|\n|t:|1699484640\n|move|p2a: Forretress|Helping Hand|p2b: Regidrago\n|-singleturn|p2b: Regidrago|Helping Hand|[of] p2a: Forretress\n|move|p2b: Regidrago|Ancient Power|p1b: Grimmsnarl\n|-damage|p1b: Grimmsnarl|0 fnt\n|faint|p1b: Grimmsnarl\n|move|p1a: Empoleon|Roar|p2b: Regidrago\n|drag|p2b: Flareon|Flareon, M, shiny|100\/100\n|\n|-heal|p1a: Empoleon|96\/100|[from] item: Leftovers\n|upkeep\n|\n|t:|1699484652\n|switch|p1b: Armarouge|Armarouge, M|100\/100\n|-status|p1b: Armarouge|tox\n|turn|6\n|\n|t:|1699484663\n|move|p1b: Armarouge|Armor Cannon|p2a: Forretress\n|-supereffective|p2a: Forretress\n|-damage|p2a: Forretress|0 fnt\n|-unboost|p1b: Armarouge|def|1\n|-unboost|p1b: Armarouge|spd|1\n|faint|p2a: Forretress\n|move|p1a: Empoleon|Stealth Rock|p2b: Flareon\n|-sidestart|p2: Ticomania|move: Stealth Rock\n|move|p2b: Flareon|Roar|p1a: Empoleon\n|drag|p1a: Dragonite|Dragonite, M, shiny|100\/100\n|\n|-damage|p1b: Armarouge|94\/100 tox|[from] psn\n|upkeep\n|\n|t:|1699484674\n|switch|p2a: Espeon|Espeon, F|100\/100\n|-damage|p2a: Espeon|88\/100|[from] Stealth Rock\n|turn|7\n|\n|t:|1699484694\n|-terastallize|p2a: Espeon|Fairy\n|move|p1a: Dragonite|Extreme Speed|p2b: Flareon\n|-damage|p2b: Flareon|49\/100\n|move|p2a: Espeon|Draining Kiss|p1a: Dragonite\n|-supereffective|p1a: Dragonite\n|-damage|p1a: Dragonite|66\/100\n|-heal|p2a: Espeon|100\/100|[from] drain|[of] p1a: Dragonite\n|move|p1b: Armarouge|Armor Cannon|p2a: Espeon\n|-damage|p2a: Espeon|0 fnt\n|-unboost|p1b: Armarouge|def|1\n|-unboost|p1b: Armarouge|spd|1\n|faint|p2a: Espeon\n|move|p2b: Flareon|Will-O-Wisp|p2: Espeon|[notarget]\n|-fail|p2b: Flareon\n|\n|-heal|p1a: Dragonite|72\/100|[from] item: Leftovers\n|-heal|p2b: Flareon|55\/100|[from] item: Leftovers\n|-damage|p1b: Armarouge|82\/100 tox|[from] psn\n|upkeep\n|\n|t:|1699484708\n|switch|p2a: Bombirdier|Bombirdier, M|100\/100\n|-damage|p2a: Bombirdier|76\/100|[from] Stealth Rock\n|turn|8\n|\n|t:|1699484736\n|switch|p1b: Landorus|Landorus-Therian, M, shiny|51\/100\n|-ability|p1b: Landorus|Intimidate|boost\n|-unboost|p2a: Bombirdier|atk|1\n|-unboost|p2b: Flareon|atk|1\n|switch|p2b: Regidrago|Regidrago|100\/100\n|-damage|p2b: Regidrago|88\/100|[from] Stealth Rock\n|move|p1a: Dragonite|Extreme Speed|p2b: Regidrago\n|-damage|p2b: Regidrago|58\/100\n|move|p2a: Bombirdier|Tailwind|p2a: Bombirdier\n|-sidestart|p2: Ticomania|move: Tailwind\n|\n|-heal|p2b: Regidrago|65\/100|[from] item: Leftovers\n|-heal|p1a: Dragonite|78\/100|[from] item: Leftovers\n|upkeep\n|turn|9\n|\n|t:|1699484779\n|move|p2a: Bombirdier|Rock Slide|p1a: Dragonite|[spread] p1a,p1b\n|-supereffective|p1a: Dragonite\n|-damage|p1a: Dragonite|39\/100\n|-damage|p1b: Landorus|29\/100\n|move|p2b: Regidrago|Dragon Energy|p1a: Dragonite|[spread] p1a,p1b\n|-supereffective|p1a: Dragonite\n|-damage|p1a: Dragonite|0 fnt\n|-damage|p1b: Landorus|0 fnt\n|faint|p1a: Dragonite\n|faint|p1b: Landorus\n|\n|-heal|p2b: Regidrago|71\/100|[from] item: Leftovers\n|upkeep\n|\n|t:|1699484796\n|switch|p1a: Hawlucha|Hawlucha, F, shiny|100\/100\n|switch|p1b: Armarouge|Armarouge, M|82\/100 tox\n|turn|10\n|\n|t:|1699484806\n|move|p2a: Bombirdier|Rock Slide|p1a: Hawlucha|[spread] p1a\n|-miss|p2a: Bombirdier|p1b: Armarouge\n|-damage|p1a: Hawlucha|76\/100\n|move|p2b: Regidrago|Dragon Energy|p1a: Hawlucha|[spread] p1a,p1b\n|-crit|p1b: Armarouge\n|-damage|p1a: Hawlucha|0 fnt\n|-damage|p1b: Armarouge|0 fnt\n|faint|p1a: Hawlucha\n|faint|p1b: Armarouge\n|\n|-heal|p2b: Regidrago|77\/100|[from] item: Leftovers\n|upkeep\n|\n|t:|1699484821\n|switch|p1b: Empoleon|Empoleon, M, shiny|96\/100\n|turn|11\n|\n|t:|1699484861\n|move|p2a: Bombirdier|Rock Slide|p1b: Empoleon|[miss]\n|-miss|p2a: Bombirdier|p1b: Empoleon\n|move|p2b: Regidrago|Ancient Power|p1b: Empoleon\n|-resisted|p1b: Empoleon\n|-damage|p1b: Empoleon|87\/100\n|move|p1b: Empoleon|Hydro Pump|p2a: Bombirdier\n|-damage|p2a: Bombirdier|5\/100\n|\n|-heal|p2b: Regidrago|83\/100|[from] item: Leftovers\n|-heal|p1b: Empoleon|93\/100|[from] item: Leftovers\n|-sideend|p2: Ticomania|move: Tailwind\n|upkeep\n|turn|12\n|\n|t:|1699484887\n|move|p2a: Bombirdier|Tailwind|p2a: Bombirdier\n|-sidestart|p2: Ticomania|move: Tailwind\n|move|p2b: Regidrago|Ancient Power|p1b: Empoleon\n|-resisted|p1b: Empoleon\n|-damage|p1b: Empoleon|84\/100\n|-boost|p2b: Regidrago|atk|1\n|-boost|p2b: Regidrago|def|1\n|-boost|p2b: Regidrago|spa|1\n|-boost|p2b: Regidrago|spd|1\n|-boost|p2b: Regidrago|spe|1\n|move|p1b: Empoleon|Roar|p2b: Regidrago\n|drag|p2b: Flareon|Flareon, M, shiny|55\/100\n|-damage|p2b: Flareon|30\/100|[from] Stealth Rock\n|\n|-heal|p2b: Flareon|36\/100|[from] item: Leftovers\n|-heal|p1b: Empoleon|90\/100|[from] item: Leftovers\n|upkeep\n|turn|13\n|\n|t:|1699484913\n|move|p2a: Bombirdier|Rock Slide|p1b: Empoleon|[miss]\n|-miss|p2a: Bombirdier|p1b: Empoleon\n|move|p2b: Flareon|Will-O-Wisp|p1b: Empoleon|[miss]\n|-miss|p2b: Flareon|p1b: Empoleon\n|move|p1b: Empoleon|Hydro Pump|p2b: Flareon\n|-supereffective|p2b: Flareon\n|-damage|p2b: Flareon|0 fnt\n|faint|p2b: Flareon\n|\n|-heal|p1b: Empoleon|96\/100|[from] item: Leftovers\n|upkeep\n|\n|t:|1699484920\n|switch|p2b: Regidrago|Regidrago|83\/100\n|-damage|p2b: Regidrago|71\/100|[from] Stealth Rock\n|turn|14\n|\n|t:|1699484928\n|move|p2a: Bombirdier|Rock Slide|p1b: Empoleon\n|-resisted|p1b: Empoleon\n|-damage|p1b: Empoleon|85\/100\n|move|p2b: Regidrago|Ancient Power|p1b: Empoleon\n|-resisted|p1b: Empoleon\n|-damage|p1b: Empoleon|76\/100\n|-boost|p2b: Regidrago|atk|1\n|-boost|p2b: Regidrago|def|1\n|-boost|p2b: Regidrago|spa|1\n|-boost|p2b: Regidrago|spd|1\n|-boost|p2b: Regidrago|spe|1\n|move|p1b: Empoleon|Roar||[still]\n|-fail|p1b: Empoleon\n|\n|-heal|p2b: Regidrago|77\/100|[from] item: Leftovers\n|-heal|p1b: Empoleon|82\/100|[from] item: Leftovers\n|upkeep\n|turn|15\n|\n|t:|1699484942\n|move|p2b: Regidrago|Ancient Power|p1b: Empoleon\n|-resisted|p1b: Empoleon\n|-damage|p1b: Empoleon|67\/100\n|move|p2a: Bombirdier|Rock Slide|p1b: Empoleon\n|-resisted|p1b: Empoleon\n|-damage|p1b: Empoleon|56\/100\n|cant|p1b: Empoleon|flinch\n|\n|-heal|p2b: Regidrago|83\/100|[from] item: Leftovers\n|-heal|p1b: Empoleon|62\/100|[from] item: Leftovers\n|-sideend|p2: Ticomania|move: Tailwind\n|upkeep\n|turn|16\n|\n|t:|1699484952\n|move|p1b: Empoleon|Protect|p1b: Empoleon\n|-singleturn|p1b: Empoleon|Protect\n|move|p2b: Regidrago|Ancient Power|p1b: Empoleon\n|-activate|p1b: Empoleon|move: Protect\n|move|p2a: Bombirdier|Tailwind|p2a: Bombirdier\n|-sidestart|p2: Ticomania|move: Tailwind\n|\n|-heal|p2b: Regidrago|89\/100|[from] item: Leftovers\n|-heal|p1b: Empoleon|68\/100|[from] item: Leftovers\n|upkeep\n|turn|17\n|\n|t:|1699484962\n|move|p2b: Regidrago|Ancient Power|p1b: Empoleon\n|-resisted|p1b: Empoleon\n|-damage|p1b: Empoleon|54\/100\n|-boost|p2b: Regidrago|atk|1\n|-boost|p2b: Regidrago|def|1\n|-boost|p2b: Regidrago|spa|1\n|-boost|p2b: Regidrago|spd|1\n|-boost|p2b: Regidrago|spe|1\n|move|p2a: Bombirdier|Rock Slide|p1b: Empoleon\n|-resisted|p1b: Empoleon\n|-damage|p1b: Empoleon|44\/100\n|cant|p1b: Empoleon|flinch\n|\n|-heal|p2b: Regidrago|95\/100|[from] item: Leftovers\n|-heal|p1b: Empoleon|50\/100|[from] item: Leftovers\n|upkeep\n|turn|18\n|\n|t:|1699484978\n|move|p1b: Empoleon|Protect|p1b: Empoleon\n|-singleturn|p1b: Empoleon|Protect\n|move|p2b: Regidrago|Ancient Power|p1b: Empoleon\n|-activate|p1b: Empoleon|move: Protect\n|move|p2a: Bombirdier|Rock Slide|p1b: Empoleon\n|-activate|p1b: Empoleon|move: Protect\n|\n|-heal|p2b: Regidrago|100\/100|[from] item: Leftovers\n|-heal|p1b: Empoleon|57\/100|[from] item: Leftovers\n|upkeep\n|turn|19\n|\n|t:|1699484990\n|move|p2b: Regidrago|Dragon Energy|p1b: Empoleon\n|-resisted|p1b: Empoleon\n|-damage|p1b: Empoleon|0 fnt\n|faint|p1b: Empoleon\n|\n|win|Ticomania\n|raw|AA_roncom's rating: 1128 &rarr; <strong>1101<\/strong><br \/>(-27 for losing)\n|raw|Ticomania's rating: 1104 &rarr; <strong>1131<\/strong><br \/>(+27 for winning)\n","uploadtime":1699484997,"views":23,"p1id":"aaroncom","p2id":"ticomania","formatid":"gen9doublesou","rating":1101,"private":0,"password":""}