{"id":"gen9doublesou-1968933179","p1":"deliadam","p2":"ass random name","format":"[Gen 9] Doubles OU","log":"|j|\u2606deliadam\n|j|\u2606ass random name\n|t:|1697476538\n|gametype|doubles\n|player|p1|deliadam|170|1292\n|player|p2|ass random name|leon-tower|1283\n|teamsize|p1|6\n|teamsize|p2|6\n|gen|9\n|tier|[Gen 9] Doubles OU\n|rated|\n|rule|Species Clause: Limit one of each Pok\u00e9mon\n|rule|OHKO Clause: OHKO moves are banned\n|rule|Evasion Moves Clause: Evasion moves are banned\n|rule|Gravity Sleep Clause: The combination of sleep-inducing moves with imperfect accuracy and Gravity or Gigantamax Orbeetle are banned\n|rule|Endless Battle Clause: Forcing endless battles is banned\n|rule|HP Percentage Mod: HP is shown in percentages\n|clearpoke\n|poke|p1|Politoed, F|\n|poke|p1|Ogerpon-Wellspring, F|\n|poke|p1|Samurott-Hisui, F|\n|poke|p1|Gastrodon-East, M|\n|poke|p1|Basculegion, M|\n|poke|p1|Empoleon, F|\n|poke|p2|Rillaboom, M|\n|poke|p2|Ogerpon-Hearthflame, F|\n|poke|p2|Chien-Pao|\n|poke|p2|Dragonite, M|\n|poke|p2|Flutter Mane|\n|poke|p2|Basculegion, M|\n|teampreview\n|inactive|Battle timer is ON: inactive players will automatically lose when time's up. (requested by ass random name)\n|inactive|ass random name has 120 seconds left.\n|\n|t:|1697476587\n|start\n|switch|p1a: Politoed|Politoed, F, shiny|100\/100\n|switch|p1b: Gastrodon|Gastrodon-East, M, shiny|100\/100\n|switch|p2a: Rillaboom|Rillaboom, M|100\/100\n|switch|p2b: Dragonite|Dragonite, M|100\/100\n|-fieldstart|move: Grassy Terrain|[from] ability: Grassy Surge|[of] p2a: Rillaboom\n|-weather|RainDance|[from] ability: Drizzle|[of] p1a: Politoed\n|turn|1\n|\n|t:|1697476615\n|move|p2a: Rillaboom|Wood Hammer|p1a: Politoed\n|-supereffective|p1a: Politoed\n|-damage|p1a: Politoed|0 fnt\n|faint|p1a: Politoed\n|-damage|p2a: Rillaboom|67\/100|[from] Recoil\n|move|p2b: Dragonite|Stomping Tantrum|p1b: Gastrodon\n|-damage|p1b: Gastrodon|49\/100\n|move|p1b: Gastrodon|Sludge Bomb|p2a: Rillaboom\n|-supereffective|p2a: Rillaboom\n|-crit|p2a: Rillaboom\n|-damage|p2a: Rillaboom|11\/100\n|\n|-weather|RainDance|[upkeep]\n|-heal|p2a: Rillaboom|17\/100|[from] Grassy Terrain\n|-heal|p1b: Gastrodon|55\/100|[from] Grassy Terrain\n|upkeep\n|\n|t:|1697476627\n|switch|p1a: Basculegion|Basculegion, M|100\/100\n|turn|2\n|\n|t:|1697476632\n|move|p2a: Rillaboom|Grassy Glide|p1a: Basculegion\n|-supereffective|p1a: Basculegion\n|-damage|p1a: Basculegion|0 fnt\n|faint|p1a: Basculegion\n|move|p2b: Dragonite|Stomping Tantrum|p1b: Gastrodon\n|-damage|p1b: Gastrodon|9\/100\n|move|p1b: Gastrodon|Sludge Bomb|p2a: Rillaboom\n|-supereffective|p2a: Rillaboom\n|-damage|p2a: Rillaboom|0 fnt\n|faint|p2a: Rillaboom\n|\n|-weather|RainDance|[upkeep]\n|-heal|p1b: Gastrodon|15\/100|[from] Grassy Terrain\n|upkeep\n|\n|t:|1697476643\n|switch|p1a: Empoleon|Empoleon, F|100\/100\n|switch|p2a: Ogerpon|Ogerpon-Hearthflame, F|100\/100\n|-ability|p2a: Ogerpon|Mold Breaker\n|turn|3\n|inactive|deliadam has 120 seconds left.\n|\n|t:|1697476683\n|move|p2a: Ogerpon|Grassy Glide|p1b: Gastrodon\n|-supereffective|p1b: Gastrodon\n|-damage|p1b: Gastrodon|0 fnt\n|faint|p1b: Gastrodon\n|move|p2b: Dragonite|Stomping Tantrum|p1a: Empoleon\n|-supereffective|p1a: Empoleon\n|-damage|p1a: Empoleon|18\/100\n|move|p1a: Empoleon|Ice Beam|p2b: Dragonite\n|-supereffective|p2b: Dragonite\n|-damage|p2b: Dragonite|0 fnt\n|faint|p2b: Dragonite\n|\n|-weather|RainDance|[upkeep]\n|-heal|p1a: Empoleon|24\/100|[from] Grassy Terrain\n|upkeep\n|\n|t:|1697476696\n|switch|p2b: Chien-Pao|Chien-Pao|100\/100\n|switch|p1b: Ogerpon|Ogerpon-Wellspring, F|100\/100\n|-ability|p2b: Chien-Pao|Sword of Ruin\n|turn|4\n|c|\u2606ass random name|gg\n|inactive|deliadam has 120 seconds left.\n|\n|t:|1697476736\n|move|p1b: Ogerpon|Follow Me|p1b: Ogerpon\n|-singleturn|p1b: Ogerpon|move: Follow Me\n|move|p2a: Ogerpon|Grassy Glide|p1b: Ogerpon\n|-damage|p1b: Ogerpon|20\/100\n|move|p2b: Chien-Pao|Icicle Crash|p1b: Ogerpon\n|-damage|p1b: Ogerpon|0 fnt\n|faint|p1b: Ogerpon\n|move|p1a: Empoleon|Surf|p2a: Ogerpon|[spread] p2a,p2b\n|-damage|p2a: Ogerpon|52\/100\n|-damage|p2b: Chien-Pao|13\/100\n|\n|-weather|RainDance|[upkeep]\n|-heal|p2b: Chien-Pao|19\/100|[from] Grassy Terrain\n|-heal|p2a: Ogerpon|58\/100|[from] Grassy Terrain\n|-heal|p1a: Empoleon|31\/100|[from] Grassy Terrain\n|upkeep\n|\n|t:|1697476745\n|switch|p1b: Samurott|Samurott-Hisui, F|100\/100\n|turn|5\n|\n|t:|1697476751\n|move|p1b: Samurott|Aqua Jet|p2b: Chien-Pao\n|-damage|p2b: Chien-Pao|0 fnt\n|faint|p2b: Chien-Pao\n|move|p2a: Ogerpon|Grassy Glide|p1b: Samurott\n|-supereffective|p1b: Samurott\n|-damage|p1b: Samurott|0 fnt\n|faint|p1b: Samurott\n|move|p1a: Empoleon|Surf|p2a: Ogerpon\n|-damage|p2a: Ogerpon|0 fnt\n|faint|p2a: Ogerpon\n|\n|-weather|none\n|-heal|p1a: Empoleon|37\/100|[from] Grassy Terrain\n|-fieldend|move: Grassy Terrain\n|upkeep\n|\n|t:|1697476758\n|switch|p2b: Flutter Mane|Flutter Mane|100\/100\n|switch|p2a: Basculegion|Basculegion, M|100\/100\n|turn|6\n|inactive|deliadam has 120 seconds left.\n|\n|t:|1697476801\n|move|p2a: Basculegion|Last Respects|p1a: Empoleon\n|-damage|p1a: Empoleon|0 fnt\n|faint|p1a: Empoleon\n|\n|win|ass random name\n|raw|deliadam's rating: 1292 &rarr; <strong>1266<\/strong><br \/>(-26 for losing)\n|raw|ass random name's rating: 1283 &rarr; <strong>1309<\/strong><br \/>(+26 for winning)\n|l|\u2606deliadam\n","uploadtime":1697476809,"views":6,"p1id":"deliadam","p2id":"assrandomname","formatid":"gen9doublesou","rating":1266,"private":0,"password":""}