{"id":"gen9doublesou-1979132483","p1":"Ghastlypixie","p2":"Creper aw Men","format":"[Gen 9] Doubles OU","log":"|j|\u2606Ghastlypixie\n|j|\u2606Creper aw Men\n|t:|1698636653\n|gametype|doubles\n|player|p1|Ghastlypixie|plasmagruntf|1327\n|player|p2|Creper aw Men|102|1213\n|teamsize|p1|6\n|teamsize|p2|6\n|gen|9\n|tier|[Gen 9] Doubles OU\n|rated|\n|rule|Species Clause: Limit one of each Pok\u00e9mon\n|rule|OHKO Clause: OHKO moves are banned\n|rule|Evasion Moves Clause: Evasion moves are banned\n|rule|Gravity Sleep Clause: The combination of sleep-inducing moves with imperfect accuracy and Gravity or Gigantamax Orbeetle are banned\n|rule|Endless Battle Clause: Forcing endless battles is banned\n|rule|HP Percentage Mod: HP is shown in percentages\n|clearpoke\n|poke|p1|Gothitelle, F|\n|poke|p1|Clefairy, F|\n|poke|p1|Flutter Mane|\n|poke|p1|Fezandipiti, M|\n|poke|p1|Arcanine-Hisui, F|\n|poke|p1|Iron Hands|\n|poke|p2|Goodra-Hisui, M|\n|poke|p2|Chandelure, F|\n|poke|p2|Tyranitar, F|\n|poke|p2|Iron Bundle|\n|poke|p2|Torterra, F|\n|poke|p2|Ambipom, F|\n|teampreview\n|inactive|Battle timer is ON: inactive players will automatically lose when time's up. (requested by Ghastlypixie)\n|\n|t:|1698636678\n|start\n|switch|p1a: Gothitelle|Gothitelle, F|100\/100\n|switch|p1b: Flutter Mane|Flutter Mane|100\/100\n|switch|p2a: Ambipom|Ambipom, F|100\/100\n|switch|p2b: Torterra|Torterra, F|100\/100\n|turn|1\n|\n|t:|1698636696\n|-terastallize|p1a: Gothitelle|Ghost\n|move|p2a: Ambipom|Fake Out|p1a: Gothitelle\n|-immune|p1a: Gothitelle\n|move|p1a: Gothitelle|Fake Out|p2b: Torterra\n|-damage|p2b: Torterra|96\/100\n|move|p1b: Flutter Mane|Dazzling Gleam|p2b: Torterra|[spread] p2a,p2b\n|-damage|p2a: Ambipom|32\/100\n|-damage|p2b: Torterra|45\/100\n|cant|p2b: Torterra|flinch\n|\n|upkeep\n|turn|2\n|\n|t:|1698636720\n|move|p1b: Flutter Mane|Dazzling Gleam|p2b: Torterra|[spread] p2a,p2b\n|-damage|p2a: Ambipom|0 fnt\n|-damage|p2b: Torterra|0 fnt\n|faint|p2a: Ambipom\n|faint|p2b: Torterra\n|move|p1a: Gothitelle|Shadow Ball|p2: Ambipom|[notarget]\n|-fail|p1a: Gothitelle\n|\n|upkeep\n|\n|t:|1698636728\n|switch|p2a: Chandelure|Chandelure, F|100\/100\n|switch|p2b: Tyranitar|Tyranitar, F|100\/100\n|-ability|p2b: Tyranitar|Unnerve\n|turn|3\n|\n|t:|1698636737\n|move|p1b: Flutter Mane|Dazzling Gleam|p2a: Chandelure|[spread] p2a,p2b\n|-resisted|p2a: Chandelure\n|-supereffective|p2b: Tyranitar\n|-damage|p2a: Chandelure|64\/100\n|-damage|p2b: Tyranitar|11\/100\n|move|p2a: Chandelure|Shadow Ball|p1b: Flutter Mane\n|-supereffective|p1b: Flutter Mane\n|-damage|p1b: Flutter Mane|7\/100\n|move|p1a: Gothitelle|Shadow Ball|p2a: Chandelure\n|-supereffective|p2a: Chandelure\n|-damage|p2a: Chandelure|0 fnt\n|faint|p2a: Chandelure\n|move|p2b: Tyranitar|Knock Off|p1b: Flutter Mane\n|-damage|p1b: Flutter Mane|0 fnt\n|-enditem|p1b: Flutter Mane|Choice Specs|[from] move: Knock Off|[of] p2b: Tyranitar\n|faint|p1b: Flutter Mane\n|-end|p1b: Flutter Mane|Protosynthesis|[silent]\n|-damage|p2b: Tyranitar|1\/100|[from] item: Life Orb\n|\n|upkeep\n|\n|t:|1698636758\n|switch|p1b: Fezandipiti|Fezandipiti, M|100\/100\n|switch|p2a: Goodra|Goodra-Hisui, M|100\/100\n|turn|4\n|\n|t:|1698636777\n|move|p1b: Fezandipiti|Taunt|p2a: Goodra\n|-start|p2a: Goodra|move: Taunt\n|move|p1a: Gothitelle|Shadow Ball|p2a: Goodra\n|-damage|p2a: Goodra|75\/100\n|move|p2b: Tyranitar|Stone Edge|p1b: Fezandipiti\n|-crit|p1b: Fezandipiti\n|-damage|p1b: Fezandipiti|0 fnt\n|faint|p1b: Fezandipiti\n|-damage|p2b: Tyranitar|0 fnt|[from] item: Life Orb\n|faint|p2b: Tyranitar\n|move|p2a: Goodra|Acid Spray|p1a: Gothitelle\n|-resisted|p1a: Gothitelle\n|-damage|p1a: Gothitelle|96\/100\n|-unboost|p1a: Gothitelle|spd|2\n|-ability|p1a: Gothitelle|Competitive|boost\n|-boost|p1a: Gothitelle|spa|2\n|\n|-heal|p2a: Goodra|82\/100|[from] item: Leftovers\n|upkeep\n|\n|t:|1698636795\n|switch|p1b: Iron Hands|Iron Hands, shiny|100\/100\n|switch|p2b: Iron Bundle|Iron Bundle|100\/100\n|turn|5\n|\n|t:|1698636807\n|switch|p1a: Clefairy|Clefairy, F|100\/100\n|-terastallize|p2b: Iron Bundle|Ice\n|move|p2b: Iron Bundle|Blizzard|p1a: Clefairy|[spread] p1a,p1b\n|-damage|p1a: Clefairy|64\/100\n|-damage|p1b: Iron Hands|75\/100\n|move|p2a: Goodra|Acid Spray|p1b: Iron Hands\n|-damage|p1b: Iron Hands|70\/100\n|-unboost|p1b: Iron Hands|spd|2\n|move|p1b: Iron Hands|Drain Punch|p2a: Goodra\n|-supereffective|p2a: Goodra\n|-damage|p2a: Goodra|19\/100\n|-heal|p1b: Iron Hands|92\/100|[from] drain|[of] p2a: Goodra\n|\n|-heal|p2a: Goodra|25\/100|[from] item: Leftovers\n|upkeep\n|turn|6\n|\n|t:|1698636833\n|-end|p1b: Iron Hands|Quark Drive|[silent]\n|switch|p1b: Arcanine|Arcanine-Hisui, F, shiny|100\/100\n|-ability|p1b: Arcanine|Intimidate|boost\n|-unboost|p2a: Goodra|atk|1\n|-unboost|p2b: Iron Bundle|atk|1\n|move|p2b: Iron Bundle|Blizzard|p1b: Arcanine|[spread] p1a\n|-miss|p2b: Iron Bundle|p1b: Arcanine\n|-enditem|p2b: Iron Bundle|Blunder Policy\n|-boost|p2b: Iron Bundle|spe|2\n|-damage|p1a: Clefairy|32\/100\n|move|p2a: Goodra|Acid Spray|p1a: Clefairy\n|-supereffective|p1a: Clefairy\n|-damage|p1a: Clefairy|17\/100\n|-unboost|p1a: Clefairy|spd|2\n|move|p1a: Clefairy|Thunder Wave|p2b: Iron Bundle\n|-status|p2b: Iron Bundle|par\n|\n|-heal|p2a: Goodra|31\/100|[from] item: Leftovers\n|-end|p2a: Goodra|move: Taunt\n|upkeep\n|turn|7\n|inactive|Ghastlypixie has 120 seconds left.\n|\n|t:|1698636865\n|move|p1a: Clefairy|Follow Me|p1a: Clefairy\n|-singleturn|p1a: Clefairy|move: Follow Me\n|move|p2b: Iron Bundle|Hydro Pump|p1a: Clefairy\n|-damage|p1a: Clefairy|0 fnt\n|faint|p1a: Clefairy\n|move|p1b: Arcanine|Rock Slide|p2b: Iron Bundle|[spread] p2b\n|-miss|p1b: Arcanine|p2a: Goodra\n|-supereffective|p2b: Iron Bundle\n|-damage|p2b: Iron Bundle|38\/100 par\n|move|p2a: Goodra|Flash Cannon|p1b: Arcanine\n|-damage|p1b: Arcanine|59\/100\n|\n|-heal|p2a: Goodra|37\/100|[from] item: Leftovers\n|upkeep\n|inactive|Ghastlypixie has 120 seconds left.\n|\n|t:|1698636880\n|switch|p1a: Gothitelle|Gothitelle, F, tera:Ghost|96\/100\n|turn|8\n|\n|t:|1698636887\n|move|p1a: Gothitelle|Fake Out|p2b: Iron Bundle\n|-damage|p2b: Iron Bundle|33\/100 par\n|cant|p2b: Iron Bundle|flinch\n|move|p1b: Arcanine|Rock Slide|p2a: Goodra|[spread] p2a,p2b\n|-resisted|p2a: Goodra\n|-supereffective|p2b: Iron Bundle\n|-damage|p2a: Goodra|25\/100\n|-damage|p2b: Iron Bundle|0 fnt\n|faint|p2b: Iron Bundle\n|-end|p2b: Iron Bundle|Quark Drive|[silent]\n|move|p2a: Goodra|Life Dew|p2a: Goodra\n|-heal|p2a: Goodra|50\/100\n|\n|-heal|p2a: Goodra|56\/100|[from] item: Leftovers\n|upkeep\n|turn|9\n|\n|t:|1698636905\n|move|p1b: Arcanine|Flare Blitz|p2a: Goodra\n|-damage|p2a: Goodra|15\/100\n|-damage|p1b: Arcanine|44\/100|[from] Recoil\n|move|p1a: Gothitelle|Heal Pulse|p1b: Arcanine\n|-heal|p1b: Arcanine|94\/100\n|move|p2a: Goodra|Flash Cannon|p1b: Arcanine\n|-damage|p1b: Arcanine|54\/100\n|\n|-heal|p2a: Goodra|21\/100|[from] item: Leftovers\n|upkeep\n|turn|10\n|\n|t:|1698636919\n|move|p1b: Arcanine|Flare Blitz|p2a: Goodra\n|-damage|p2a: Goodra|0 fnt\n|faint|p2a: Goodra\n|-damage|p1b: Arcanine|46\/100|[from] Recoil\n|\n|win|Ghastlypixie\n|raw|Ghastlypixie's rating: 1327 &rarr; <strong>1341<\/strong><br \/>(+14 for winning)\n|raw|Creper aw Men's rating: 1213 &rarr; <strong>1196<\/strong><br \/>(-17 for losing)\n|l|\u2606Creper aw Men\n","uploadtime":1698636927,"views":27,"p1id":"ghastlypixie","p2id":"creperawmen","formatid":"gen9doublesou","rating":1196,"private":0,"password":""}