{"id":"gen9doublesou-1993179884","p1":"Drainville","p2":"minhbeossss","format":"[Gen 9] Doubles OU","log":"|j|\u2606Drainville\n|j|\u2606minhbeossss\n|t:|1700274576\n|gametype|doubles\n|player|p1|Drainville|steven|1220\n|player|p2|minhbeossss|policeman-gen4|1340\n|teamsize|p1|6\n|teamsize|p2|6\n|gen|9\n|tier|[Gen 9] Doubles OU\n|rated|\n|rule|Species Clause: Limit one of each Pok\u00e9mon\n|rule|OHKO Clause: OHKO moves are banned\n|rule|Evasion Moves Clause: Evasion moves are banned\n|rule|Gravity Sleep Clause: The combination of sleep-inducing moves with imperfect accuracy and Gravity or Gigantamax Orbeetle are banned\n|rule|Endless Battle Clause: Forcing endless battles is banned\n|rule|HP Percentage Mod: HP is shown in percentages\n|clearpoke\n|poke|p1|Landorus-Therian, M|\n|poke|p1|Kingambit, F|\n|poke|p1|Ting-Lu|\n|poke|p1|Heatran, F|\n|poke|p1|Iron Hands|\n|poke|p1|Grimmsnarl, M|\n|poke|p2|Palafin, M|\n|poke|p2|Regieleki|\n|poke|p2|Sinistcha-Masterpiece|\n|poke|p2|Chien-Pao|\n|poke|p2|Iron Hands|\n|poke|p2|Pelipper, M|\n|teampreview\n|\n|t:|1700274582\n|start\n|switch|p1a: Landorus|Landorus-Therian, M|100\/100\n|switch|p1b: Grimmsnarl|Grimmsnarl, M|100\/100\n|switch|p2a: Regieleki|Regieleki|100\/100\n|switch|p2b: Palafin|Palafin, M|100\/100\n|-ability|p1a: Landorus|Intimidate|boost\n|-unboost|p2a: Regieleki|atk|1\n|-unboost|p2b: Palafin|atk|1\n|turn|1\n|inactive|Battle timer is ON: inactive players will automatically lose when time's up. (requested by minhbeossss)\n|\n|t:|1700274630\n|detailschange|p2b: Palafin|Palafin-Hero, M\n|switch|p2b: Pelipper|Pelipper, M|100\/100\n|-weather|RainDance|[from] ability: Drizzle|[of] p2b: Pelipper\n|move|p2a: Regieleki|Protect|p2a: Regieleki\n|-singleturn|p2a: Regieleki|Protect\n|move|p1b: Grimmsnarl|Light Screen|p1b: Grimmsnarl\n|-sidestart|p1: Drainville|move: Light Screen\n|move|p1a: Landorus|U-turn|p2a: Regieleki\n|-activate|p2a: Regieleki|move: Protect\n|\n|-weather|RainDance|[upkeep]\n|upkeep\n|turn|2\n|inactive|Drainville has 120 seconds left.\n|\n|t:|1700274677\n|-terastallize|p2a: Regieleki|Ice\n|move|p1b: Grimmsnarl|Reflect|p1b: Grimmsnarl\n|-sidestart|p1: Drainville|Reflect\n|move|p2a: Regieleki|Tera Blast|p1a: Landorus|[anim] Tera Blast Ice\n|-supereffective|p1a: Landorus\n|-damage|p1a: Landorus|0 fnt\n|faint|p1a: Landorus\n|move|p2b: Pelipper|Tailwind|p2b: Pelipper\n|-sidestart|p2: minhbeossss|move: Tailwind\n|\n|-weather|RainDance|[upkeep]\n|upkeep\n|\n|t:|1700274694\n|switch|p1a: Heatran|Heatran, F|100\/100\n|turn|3\n|\n|t:|1700274708\n|move|p1b: Grimmsnarl|Parting Shot|p2a: Regieleki\n|-unboost|p2a: Regieleki|atk|1\n|-unboost|p2a: Regieleki|spa|1\n|\n|t:|1700274730\n|switch|p1b: Iron Hands|Iron Hands|100\/100|[from] Parting Shot\n|move|p2a: Regieleki|Volt Switch|p1b: Iron Hands\n|-resisted|p1b: Iron Hands\n|-damage|p1b: Iron Hands|96\/100\n|\n|t:|1700274745\n|switch|p2a: Iron Hands|Iron Hands|100\/100|[from] Volt Switch\n|move|p2b: Pelipper|Hurricane|p1b: Iron Hands\n|-damage|p1b: Iron Hands|84\/100\n|move|p1a: Heatran|Magma Storm|p2a: Iron Hands\n|-damage|p2a: Iron Hands|84\/100\n|-activate|p2a: Iron Hands|move: Magma Storm|[of] p1a: Heatran\n|\n|-weather|RainDance|[upkeep]\n|-damage|p2a: Iron Hands|72\/100|[from] move: Magma Storm|[partiallytrapped]\n|upkeep\n|turn|4\n|inactive|Drainville has 120 seconds left.\n|\n|t:|1700274763\n|move|p2b: Pelipper|Protect|p2b: Pelipper\n|-singleturn|p2b: Pelipper|Protect\n|move|p2a: Iron Hands|Fake Out|p1a: Heatran\n|-resisted|p1a: Heatran\n|-damage|p1a: Heatran|95\/100\n|move|p1b: Iron Hands|Fake Out|p2b: Pelipper\n|-activate|p2b: Pelipper|move: Protect\n|cant|p1a: Heatran|flinch\n|\n|-weather|RainDance|[upkeep]\n|-heal|p1a: Heatran|100\/100|[from] item: Leftovers\n|-damage|p2a: Iron Hands|59\/100|[from] move: Magma Storm|[partiallytrapped]\n|upkeep\n|turn|5\n|inactive|Drainville has 120 seconds left.\n|\n|t:|1700274789\n|move|p2b: Pelipper|Helping Hand|p2a: Iron Hands\n|-singleturn|p2a: Iron Hands|Helping Hand|[of] p2b: Pelipper\n|move|p2a: Iron Hands|Drain Punch|p1a: Heatran\n|-supereffective|p1a: Heatran\n|-damage|p1a: Heatran|24\/100\n|-heal|p2a: Iron Hands|86\/100|[from] drain|[of] p1a: Heatran\n|move|p1a: Heatran|Stealth Rock|p2a: Iron Hands\n|-sidestart|p2: minhbeossss|move: Stealth Rock\n|move|p1b: Iron Hands|Wild Charge|p2b: Pelipper\n|-supereffective|p2b: Pelipper\n|-enditem|p2b: Pelipper|Focus Sash\n|-damage|p2b: Pelipper|1\/100\n|-damage|p1b: Iron Hands|66\/100|[from] Recoil\n|\n|-weather|none\n|-heal|p1a: Heatran|30\/100|[from] item: Leftovers\n|-damage|p2a: Iron Hands|73\/100|[from] move: Magma Storm|[partiallytrapped]\n|-sideend|p2: minhbeossss|move: Tailwind\n|upkeep\n|turn|6\n|inactive|Drainville has 120 seconds left.\n|\n|t:|1700274824\n|switch|p2b: Sinistcha|Sinistcha-Masterpiece|100\/100\n|-damage|p2b: Sinistcha|88\/100|[from] Stealth Rock\n|-heal|p2a: Iron Hands|98\/100|[from] ability: Hospitality|[of] p2b: Sinistcha\n|move|p1a: Heatran|Taunt|p2a: Iron Hands\n|-start|p2a: Iron Hands|move: Taunt\n|move|p2a: Iron Hands|Drain Punch|p1a: Heatran\n|-supereffective|p1a: Heatran\n|-damage|p1a: Heatran|0 fnt\n|-heal|p2a: Iron Hands|100\/100|[from] drain|[of] p1a: Heatran\n|faint|p1a: Heatran\n|move|p1b: Iron Hands|Ice Punch|p2b: Sinistcha\n|-supereffective|p2b: Sinistcha\n|-damage|p2b: Sinistcha|45\/100\n|-enditem|p2b: Sinistcha|Sitrus Berry|[eat]\n|-heal|p2b: Sinistcha|70\/100|[from] item: Sitrus Berry\n|\n|-end|p2a: Iron Hands|Magma Storm|[partiallytrapped]|[silent]\n|upkeep\n|\n|t:|1700274844\n|switch|p1a: Grimmsnarl|Grimmsnarl, M|100\/100\n|turn|7\n|\n|t:|1700274864\n|move|p2b: Sinistcha|Protect|p2b: Sinistcha\n|-singleturn|p2b: Sinistcha|Protect\n|move|p1a: Grimmsnarl|Spirit Break|p2a: Iron Hands\n|-supereffective|p2a: Iron Hands\n|-damage|p2a: Iron Hands|66\/100\n|-unboost|p2a: Iron Hands|spa|1\n|move|p2a: Iron Hands|Drain Punch|p1a: Grimmsnarl\n|-damage|p1a: Grimmsnarl|69\/100\n|-heal|p2a: Iron Hands|79\/100|[from] drain|[of] p1a: Grimmsnarl\n|move|p1b: Iron Hands|Ice Punch|p2b: Sinistcha\n|-activate|p2b: Sinistcha|move: Protect\n|\n|upkeep\n|turn|8\n|inactive|Drainville has 120 seconds left.\n|\n|t:|1700274888\n|move|p2b: Sinistcha|Matcha Gotcha|p1b: Iron Hands|[spread] p1a,p1b\n|-damage|p1a: Grimmsnarl|57\/100\n|-heal|p2b: Sinistcha|77\/100|[from] drain|[of] p1a: Grimmsnarl\n|-damage|p1b: Iron Hands|58\/100\n|-heal|p2b: Sinistcha|82\/100|[from] drain|[of] p1b: Iron Hands\n|-status|p1a: Grimmsnarl|brn\n|move|p1a: Grimmsnarl|Spirit Break|p2a: Iron Hands\n|-supereffective|p2a: Iron Hands\n|-damage|p2a: Iron Hands|61\/100\n|-unboost|p2a: Iron Hands|spa|1\n|move|p2a: Iron Hands|Drain Punch|p1a: Grimmsnarl\n|-damage|p1a: Grimmsnarl|21\/100 brn\n|-heal|p2a: Iron Hands|76\/100|[from] drain|[of] p1a: Grimmsnarl\n|move|p1b: Iron Hands|Ice Punch|p2b: Sinistcha\n|-supereffective|p2b: Sinistcha\n|-crit|p2b: Sinistcha\n|-damage|p2b: Sinistcha|24\/100\n|\n|-damage|p1a: Grimmsnarl|15\/100 brn|[from] brn\n|-end|p2a: Iron Hands|move: Taunt\n|-sideend|p1: Drainville|move: Light Screen\n|upkeep\n|turn|9\n|inactive|Drainville has 120 seconds left.\n|\n|t:|1700274920\n|move|p2b: Sinistcha|Protect|p2b: Sinistcha\n|-singleturn|p2b: Sinistcha|Protect\n|move|p1a: Grimmsnarl|Light Screen|p1a: Grimmsnarl\n|-sidestart|p1: Drainville|move: Light Screen\n|move|p2a: Iron Hands|Drain Punch|p1a: Grimmsnarl\n|-damage|p1a: Grimmsnarl|0 fnt\n|-heal|p2a: Iron Hands|82\/100|[from] drain|[of] p1a: Grimmsnarl\n|faint|p1a: Grimmsnarl\n|move|p1b: Iron Hands|Ice Punch|p2b: Sinistcha\n|-activate|p2b: Sinistcha|move: Protect\n|\n|-sideend|p1: Drainville|Reflect\n|upkeep\n|\n|t:|1700274932\n|switch|p1a: Ting-Lu|Ting-Lu|100\/100\n|-ability|p1a: Ting-Lu|Vessel of Ruin\n|turn|10\n|\n|t:|1700274948\n|move|p2b: Sinistcha|Matcha Gotcha|p1b: Iron Hands|[spread] p1a,p1b\n|-supereffective|p1a: Ting-Lu\n|-crit|p1b: Iron Hands\n|-damage|p1a: Ting-Lu|86\/100\n|-heal|p2b: Sinistcha|35\/100|[from] drain|[of] p1a: Ting-Lu\n|-damage|p1b: Iron Hands|43\/100\n|-heal|p2b: Sinistcha|44\/100|[from] drain|[of] p1b: Iron Hands\n|move|p2a: Iron Hands|Drain Punch|p1a: Ting-Lu\n|-supereffective|p1a: Ting-Lu\n|-damage|p1a: Ting-Lu|37\/100\n|-heal|p2a: Iron Hands|100\/100|[from] drain|[of] p1a: Ting-Lu\n|-damage|p2a: Iron Hands|84\/100|[from] item: Rocky Helmet|[of] p1a: Ting-Lu\n|move|p1b: Iron Hands|Close Combat|p2a: Iron Hands\n|-damage|p2a: Iron Hands|44\/100\n|-unboost|p1b: Iron Hands|def|1\n|-unboost|p1b: Iron Hands|spd|1\n|move|p1a: Ting-Lu|Throat Chop|p2b: Sinistcha\n|-supereffective|p2b: Sinistcha\n|-damage|p2b: Sinistcha|0 fnt\n|faint|p2b: Sinistcha\n|\n|upkeep\n|\n|t:|1700274959\n|switch|p2b: Pelipper|Pelipper, M|1\/100\n|-damage|p2b: Pelipper|0 fnt|[from] Stealth Rock\n|faint|p2b: Pelipper\n|\n|t:|1700274964\n|switch|p2b: Palafin|Palafin-Hero, M|100\/100\n|-damage|p2b: Palafin|88\/100|[from] Stealth Rock\n|-activate|p2b: Palafin|ability: Zero to Hero\n|turn|11\n|\n|t:|1700274983\n|move|p2b: Palafin|Jet Punch|p1b: Iron Hands\n|-damage|p1b: Iron Hands|0 fnt\n|faint|p1b: Iron Hands\n|-end|p1b: Iron Hands|Quark Drive|[silent]\n|move|p2a: Iron Hands|Drain Punch|p1a: Ting-Lu\n|-supereffective|p1a: Ting-Lu\n|-damage|p1a: Ting-Lu|0 fnt\n|-heal|p2a: Iron Hands|64\/100|[from] drain|[of] p1a: Ting-Lu\n|-damage|p2a: Iron Hands|47\/100|[from] item: Rocky Helmet|[of] p1a: Ting-Lu\n|faint|p1a: Ting-Lu\n|\n|upkeep\n|inactive|Drainville has 120 seconds left.\n|\n|t:|1700274998\n|switch|p1b: Kingambit|Kingambit, F|100\/100\n|-activate|p1b: Kingambit|ability: Supreme Overlord\n|-start|p1b: Kingambit|fallen5|[silent]\n|turn|12\n|\n|t:|1700275007\n|move|p2b: Palafin|Jet Punch|p1b: Kingambit\n|-damage|p1b: Kingambit|53\/100\n|move|p1b: Kingambit|Iron Head|p2a: Iron Hands\n|-resisted|p2a: Iron Hands\n|-damage|p2a: Iron Hands|27\/100\n|cant|p2a: Iron Hands|flinch\n|\n|upkeep\n|turn|13\n|\n|t:|1700275020\n|move|p2b: Palafin|Jet Punch|p1b: Kingambit\n|-damage|p1b: Kingambit|2\/100\n|move|p1b: Kingambit|Kowtow Cleave|p2a: Iron Hands\n|-resisted|p2a: Iron Hands\n|-damage|p2a: Iron Hands|7\/100\n|move|p2a: Iron Hands|Drain Punch|p1b: Kingambit\n|-supereffective|p1b: Kingambit\n|-damage|p1b: Kingambit|0 fnt\n|-heal|p2a: Iron Hands|8\/100|[from] drain|[of] p1b: Kingambit\n|faint|p1b: Kingambit\n|-end|p1b: Kingambit|fallen5|[silent]\n|\n|win|minhbeossss\n|raw|Drainville's rating: 1220 &rarr; <strong>1203<\/strong><br \/>(-17 for losing)\n|raw|minhbeossss's rating: 1340 &rarr; <strong>1353<\/strong><br \/>(+13 for winning)\n|l|\u2606Drainville\n","uploadtime":1700275034,"views":13,"p1id":"drainville","p2id":"minhbeossss","formatid":"gen9doublesou","rating":1203,"private":0,"password":""}