{"id":"gen9doublesou-1980049845","p1":"Tacobalde","p2":"CubanDictator24","format":"[Gen 9] Doubles OU","log":"|j|\u2606Tacobalde\n|j|\u2606CubanDictator24\n|t:|1698751617\n|gametype|doubles\n|player|p1|Tacobalde|juggler|1398\n|player|p2|CubanDictator24|101|1377\n|teamsize|p1|6\n|teamsize|p2|6\n|gen|9\n|tier|[Gen 9] Doubles OU\n|rated|\n|rule|Species Clause: Limit one of each Pok\u00e9mon\n|rule|OHKO Clause: OHKO moves are banned\n|rule|Evasion Moves Clause: Evasion moves are banned\n|rule|Gravity Sleep Clause: The combination of sleep-inducing moves with imperfect accuracy and Gravity or Gigantamax Orbeetle are banned\n|rule|Endless Battle Clause: Forcing endless battles is banned\n|rule|HP Percentage Mod: HP is shown in percentages\n|clearpoke\n|poke|p1|Kommo-o, F|\n|poke|p1|Ogerpon-Hearthflame, F|\n|poke|p1|Sinistcha|\n|poke|p1|Iron Hands|\n|poke|p1|Farigiraf, M|\n|poke|p1|Snorlax, F|\n|poke|p2|Chi-Yu|\n|poke|p2|Ogerpon-Wellspring, F|\n|poke|p2|Tornadus, M|\n|poke|p2|Landorus-Therian, M|\n|poke|p2|Dragapult, F|\n|poke|p2|Flutter Mane|\n|teampreview\n|inactive|Battle timer is ON: inactive players will automatically lose when time's up. (requested by Tacobalde)\n|\n|t:|1698751634\n|start\n|switch|p1a: Sinistcha|Sinistcha|100\/100\n|switch|p1b: Snorlax|Snorlax, F|100\/100\n|switch|p2a: Flutter Mane|Flutter Mane|100\/100\n|switch|p2b: gary|Tornadus, M|100\/100\n|-enditem|p2a: Flutter Mane|Booster Energy\n|-activate|p2a: Flutter Mane|ability: Protosynthesis|[fromitem]\n|-start|p2a: Flutter Mane|protosynthesisspa\n|turn|1\n|\n|t:|1698751657\n|-terastallize|p1a: Sinistcha|Fire\n|move|p1b: Snorlax|Protect|p1b: Snorlax\n|-singleturn|p1b: Snorlax|Protect\n|move|p2a: Flutter Mane|Shadow Ball|p1a: Sinistcha\n|-damage|p1a: Sinistcha|31\/100\n|move|p2b: gary|Bleakwind Storm|p1b: Snorlax|[spread] p1a\n|-activate|p1b: Snorlax|move: Protect\n|-damage|p1a: Sinistcha|0 fnt\n|faint|p1a: Sinistcha\n|\n|upkeep\n|inactive|Tacobalde has 120 seconds left.\n|\n|t:|1698751673\n|switch|p1a: Iron Hands|Iron Hands|100\/100\n|turn|2\n|\n|t:|1698751686\n|move|p2b: gary|Protect|p2b: gary\n|-singleturn|p2b: gary|Protect\n|move|p1a: Iron Hands|Fake Out|p2b: gary\n|-activate|p2b: gary|move: Protect\n|move|p2a: Flutter Mane|Dazzling Gleam|p1b: Snorlax|[spread] p1a,p1b\n|-supereffective|p1a: Iron Hands\n|-damage|p1a: Iron Hands|19\/100\n|-damage|p1b: Snorlax|77\/100\n|move|p1b: Snorlax|Belly Drum|p1b: Snorlax\n|-damage|p1b: Snorlax|27\/100\n|-setboost|p1b: Snorlax|atk|6|[from] move: Belly Drum\n|-enditem|p1b: Snorlax|Aguav Berry|[eat]\n|-heal|p1b: Snorlax|60\/100|[from] item: Aguav Berry\n|\n|-heal|p1a: Iron Hands|25\/100|[from] item: Leftovers\n|upkeep\n|turn|3\n|\n|t:|1698751711\n|-end|p1a: Iron Hands|Quark Drive|[silent]\n|switch|p1a: Farigiraf|Farigiraf, M|100\/100\n|move|p1b: Snorlax|Protect|p1b: Snorlax\n|-singleturn|p1b: Snorlax|Protect\n|move|p2a: Flutter Mane|Dazzling Gleam|p1b: Snorlax|[spread] p1a\n|-activate|p1b: Snorlax|move: Protect\n|-damage|p1a: Farigiraf|60\/100\n|move|p2b: gary|Bleakwind Storm|p1b: Snorlax|[spread] p1a\n|-activate|p1b: Snorlax|move: Protect\n|-damage|p1a: Farigiraf|30\/100\n|-unboost|p1a: Farigiraf|spe|1\n|-enditem|p1a: Farigiraf|White Herb\n|-clearnegativeboost|p1a: Farigiraf|[silent]\n|\n|upkeep\n|turn|4\n|\n|t:|1698751733\n|move|p2a: Flutter Mane|Dazzling Gleam|p1b: Snorlax|[spread] p1a,p1b\n|-damage|p1a: Farigiraf|0 fnt\n|-damage|p1b: Snorlax|36\/100\n|faint|p1a: Farigiraf\n|move|p2b: gary|Bleakwind Storm|p1b: Snorlax\n|-damage|p1b: Snorlax|14\/100\n|-unboost|p1b: Snorlax|spe|1\n|move|p1b: Snorlax|High Horsepower|p2a: Flutter Mane\n|-damage|p2a: Flutter Mane|0 fnt\n|faint|p2a: Flutter Mane\n|-end|p2a: Flutter Mane|Protosynthesis|[silent]\n|\n|upkeep\n|\n|t:|1698751745\n|switch|p2a: steve|Dragapult, F|100\/100\n|switch|p1a: Iron Hands|Iron Hands|25\/100\n|turn|5\n|\n|t:|1698751758\n|switch|p2b: dreamn|Ogerpon-Wellspring, F|100\/100\n|move|p1b: Snorlax|Protect|p1b: Snorlax\n|-singleturn|p1b: Snorlax|Protect\n|move|p2a: steve|Surf|p1b: Snorlax|[spread] p1a\n|-activate|p1b: Snorlax|move: Protect\n|-immune|p2b: dreamn|[from] ability: Water Absorb\n|-crit|p1a: Iron Hands\n|-damage|p1a: Iron Hands|0 fnt\n|faint|p1a: Iron Hands\n|-end|p1a: Iron Hands|Quark Drive|[silent]\n|\n|upkeep\n|\n|t:|1698751773\n|switch|p1a: Kommo-o|Kommo-o, F|100\/100\n|turn|6\n|\n|t:|1698751786\n|-terastallize|p2a: steve|Dragon\n|move|p2a: steve|Draco Meteor|p1a: Kommo-o\n|-supereffective|p1a: Kommo-o\n|-damage|p1a: Kommo-o|0 fnt\n|-unboost|p2a: steve|spa|2\n|-enditem|p2a: steve|White Herb\n|-clearnegativeboost|p2a: steve|[silent]\n|faint|p1a: Kommo-o\n|move|p2b: dreamn|Ivy Cudgel|p1b: Snorlax\n|-damage|p1b: Snorlax|0 fnt\n|faint|p1b: Snorlax\n|\n|upkeep\n|-message|Tacobalde forfeited.\n|\n|win|CubanDictator24\n|raw|Tacobalde's rating: 1398 &rarr; <strong>1377<\/strong><br \/>(-21 for losing)\n|raw|CubanDictator24's rating: 1377 &rarr; <strong>1398<\/strong><br \/>(+21 for winning)\n|l|\u2606Tacobalde\n","uploadtime":1698751809,"views":17,"p1id":"tacobalde","p2id":"cubandictator24","formatid":"gen9doublesou","rating":1377,"private":0,"password":""}