{"id":"gen9doublesou-1996034923","p1":"caterqu2","p2":"Cloakedbymist","format":"[Gen 9] Doubles OU","log":"|j|\u2606caterqu2\n|j|\u2606Cloakedbymist\n|inactive|Battle timer is ON: inactive players will automatically lose when time's up.\n|t:|1700632846\n|gametype|doubles\n|player|p1|caterqu2|265|\n|player|p2|Cloakedbymist|giovanni|\n|teamsize|p1|6\n|teamsize|p2|6\n|gen|9\n|tier|[Gen 9] Doubles OU\n|rated|Tournament battle\n|rule|Species Clause: Limit one of each Pok\u00e9mon\n|rule|OHKO Clause: OHKO moves are banned\n|rule|Evasion Moves Clause: Evasion moves are banned\n|rule|Gravity Sleep Clause: The combination of sleep-inducing moves with imperfect accuracy and Gravity or Gigantamax Orbeetle are banned\n|rule|Endless Battle Clause: Forcing endless battles is banned\n|rule|HP Percentage Mod: HP is shown in percentages\n|clearpoke\n|poke|p1|Toxtricity, M|\n|poke|p1|Glimmora, F|\n|poke|p1|Toedscruel, F|\n|poke|p1|Pyroar, M|\n|poke|p1|Sandslash, M|\n|poke|p1|Garganacl, F|\n|poke|p2|Kleavor, F|\n|poke|p2|Sudowoodo, F|\n|poke|p2|Bellibolt, F|\n|poke|p2|Milotic, F|\n|poke|p2|Electrode-Hisui|\n|poke|p2|Sylveon, M|\n|teampreview\n|j|*Lady Monita \u2746\n|c|\u2606Cloakedbymist|glhf\n|inactive|caterqu2 has 120 seconds left.\n|\n|t:|1700632896\n|start\n|switch|p1a: Toedscruel|Toedscruel, F|100\/100\n|switch|p1b: Toxtricity|Toxtricity, M|100\/100\n|switch|p2a: Swamp|Sudowoodo, F, shiny|100\/100\n|switch|p2b: Danger Noodle|Milotic, F, shiny|100\/100\n|turn|1\n|\n|t:|1700632917\n|move|p1a: Toedscruel|Earth Power|p2a: Swamp\n|-supereffective|p2a: Swamp\n|-damage|p2a: Swamp|34\/100\n|move|p1b: Toxtricity|Overdrive|p2b: Danger Noodle|[spread] p2a,p2b\n|-supereffective|p2b: Danger Noodle\n|-crit|p2b: Danger Noodle\n|-damage|p2a: Swamp|0 fnt\n|-damage|p2b: Danger Noodle|0 fnt\n|faint|p2a: Swamp\n|faint|p2b: Danger Noodle\n|\n|upkeep\n|\n|t:|1700632931\n|switch|p2b: Overhead|Kleavor, F, shiny|100\/100\n|switch|p2a: Big boi|Bellibolt, F, shiny|100\/100\n|turn|2\n|\n|t:|1700632951\n|switch|p1b: Glimmora|Glimmora, F|100\/100\n|move|p1a: Toedscruel|Leaf Storm|p2a: Big boi\n|-damage|p2a: Big boi|57\/100\n|-unboost|p1a: Toedscruel|spa|2\n|-start|p2a: Big boi|Charge|Leaf Storm|[from] ability: Electromorphosis\n|move|p2b: Overhead|Stone Axe|p1b: Glimmora\n|-damage|p1b: Glimmora|33\/100\n|-activate|p1b: Glimmora|ability: Toxic Debris\n|-sidestart|p2: Cloakedbymist|move: Toxic Spikes\n|-sidestart|p1: caterqu2|move: Stealth Rock\n|move|p2a: Big boi|Muddy Water|p1a: Toedscruel|[spread] p1a,p1b\n|-supereffective|p1b: Glimmora\n|-damage|p1a: Toedscruel|86\/100\n|-damage|p1b: Glimmora|0 fnt\n|faint|p1b: Glimmora\n|\n|-heal|p2a: Big boi|63\/100|[from] item: Leftovers\n|upkeep\n|j| seven_wik\n|inactive|caterqu2 has 120 seconds left.\n|\n|t:|1700632973\n|switch|p1b: Sandslash|Sandslash, M|100\/100\n|-damage|p1b: Sandslash|94\/100|[from] Stealth Rock\n|turn|3\n|\n|t:|1700632987\n|switch|p2a: Ultra Ball|Electrode-Hisui, shiny|100\/100\n|-status|p2a: Ultra Ball|psn\n|move|p1a: Toedscruel|Rapid Spin|p2a: Ultra Ball\n|-damage|p2a: Ultra Ball|87\/100 psn\n|-boost|p1a: Toedscruel|spe|1\n|-sideend|p1: caterqu2|Stealth Rock|[from] move: Rapid Spin|[of] p1a: Toedscruel\n|move|p1b: Sandslash|Earthquake|p2b: Overhead|[spread] p1a,p2a,p2b\n|-resisted|p1a: Toedscruel\n|-damage|p1a: Toedscruel|49\/100\n|-damage|p2a: Ultra Ball|11\/100 psn\n|-damage|p2b: Overhead|56\/100\n|-damage|p1b: Sandslash|84\/100|[from] item: Life Orb\n|move|p2b: Overhead|X-Scissor|p1a: Toedscruel\n|-supereffective|p1a: Toedscruel\n|-damage|p1a: Toedscruel|0 fnt\n|faint|p1a: Toedscruel\n|\n|-damage|p2a: Ultra Ball|0 fnt|[from] psn\n|faint|p2a: Ultra Ball\n|upkeep\n|\n|t:|1700633006\n|switch|p2a: Transcat|Sylveon, M, shiny|100\/100\n|switch|p1a: Toxtricity|Toxtricity, M|100\/100\n|-status|p2a: Transcat|psn\n|turn|4\n|c|\u2606Cloakedbymist|this isnt to good\n|\n|t:|1700633022\n|move|p1a: Toxtricity|Sludge Bomb|p2a: Transcat\n|-supereffective|p2a: Transcat\n|-damage|p2a: Transcat|5\/100 psn\n|move|p1b: Sandslash|Knock Off|p2b: Overhead\n|-crit|p2b: Overhead\n|-damage|p2b: Overhead|0 fnt\n|-enditem|p2b: Overhead|Assault Vest|[from] move: Knock Off|[of] p1b: Sandslash\n|faint|p2b: Overhead\n|-damage|p1b: Sandslash|74\/100|[from] item: Life Orb\n|move|p2a: Transcat|Hyper Voice|p1b: Sandslash|[spread] p1a,p1b\n|-resisted|p1a: Toxtricity\n|-crit|p1b: Sandslash\n|-damage|p1a: Toxtricity|78\/100\n|-damage|p1b: Sandslash|0 fnt\n|faint|p1b: Sandslash\n|\n|-damage|p2a: Transcat|0 fnt|[from] psn\n|faint|p2a: Transcat\n|upkeep\n|\n|t:|1700633035\n|switch|p1b: Garganacl|Garganacl, F|100\/100\n|switch|p2b: Big boi|Bellibolt, F, shiny|63\/100\n|-status|p2b: Big boi|psn\n|turn|5\n|\n|t:|1700633043\n|switch|p1a: Pyroar|Pyroar, M|100\/100\n|-ability|p1a: Pyroar|Unnerve\n|move|p2b: Big boi|Muddy Water|p1a: Pyroar|[spread] p1a,p1b\n|-supereffective|p1a: Pyroar\n|-supereffective|p1b: Garganacl\n|-damage|p1a: Pyroar|52\/100\n|-damage|p1b: Garganacl|78\/100\n|move|p1b: Garganacl|Salt Cure|p2b: Big boi\n|-damage|p2b: Big boi|54\/100 psn\n|-start|p2b: Big boi|Salt Cure\n|-start|p2b: Big boi|Charge|Salt Cure|[from] ability: Electromorphosis\n|\n|-heal|p2b: Big boi|60\/100 psn|[from] item: Leftovers\n|-heal|p1b: Garganacl|84\/100|[from] item: Leftovers\n|-damage|p2b: Big boi|48\/100 psn|[from] psn\n|-damage|p2b: Big boi|35\/100 psn|[from] Salt Cure\n|upkeep\n|turn|6\n|\n|t:|1700633051\n|move|p1a: Pyroar|Flamethrower|p2b: Big boi\n|-crit|p2b: Big boi\n|-damage|p2b: Big boi|0 fnt\n|faint|p2b: Big boi\n|\n|win|caterqu2\n|n|\u2606caterqu2|caterqu2\n|n|\u2606Cloakedbymist|cloakedbymist\n|n|*Lady Monita \u2746|ladymonita\n|n| seven_wik|sevenwik\n","uploadtime":1700633052,"views":0,"p1id":"caterqu2","p2id":"cloakedbymist","formatid":"gen9doublesou","rating":0,"private":0,"password":""}