{"id":"gen9doublesou-1985425376","p1":"Gappy-kun","p2":"ThatSanchezyBoi","format":"[Gen 9] Doubles OU","log":"|j|\u2606Gappy-kun\n|j|\u2606ThatSanchezyBoi\n|t:|1699373648\n|gametype|doubles\n|player|p1|Gappy-kun|170|1286\n|player|p2|ThatSanchezyBoi|veteran|1403\n|teamsize|p1|6\n|teamsize|p2|6\n|gen|9\n|tier|[Gen 9] Doubles OU\n|rated|\n|rule|Species Clause: Limit one of each Pok\u00e9mon\n|rule|OHKO Clause: OHKO moves are banned\n|rule|Evasion Moves Clause: Evasion moves are banned\n|rule|Gravity Sleep Clause: The combination of sleep-inducing moves with imperfect accuracy and Gravity or Gigantamax Orbeetle are banned\n|rule|Endless Battle Clause: Forcing endless battles is banned\n|rule|HP Percentage Mod: HP is shown in percentages\n|clearpoke\n|poke|p1|Shiftry, M|\n|poke|p1|Cetitan, M|\n|poke|p1|Ceruledge, M|\n|poke|p1|Sinistcha|\n|poke|p1|Volbeat, M|\n|poke|p1|Farigiraf, F|\n|poke|p2|Regidrago|\n|poke|p2|Kleavor, F|\n|poke|p2|Arcanine-Hisui, M|\n|poke|p2|Sinistcha|\n|poke|p2|Ogerpon-Wellspring, F|\n|poke|p2|Flutter Mane|\n|teampreview\n|\n|t:|1699373679\n|start\n|switch|p1a: YAHAHA|Shiftry, M|100\/100\n|switch|p1b: VIABLE BUG|Volbeat, M|100\/100\n|switch|p2a: Regidrago|Regidrago|100\/100\n|switch|p2b: Kleavor|Kleavor, F|100\/100\n|turn|1\n|\n|t:|1699373697\n|-terastallize|p1a: YAHAHA|Ghost\n|-terastallize|p2a: Regidrago|Steel\n|move|p1b: VIABLE BUG|Tailwind|p1b: VIABLE BUG\n|-sidestart|p1: Gappy-kun|move: Tailwind\n|-ability|p1a: YAHAHA|Wind Rider|boost\n|-boost|p1a: YAHAHA|atk|1\n|move|p1a: YAHAHA|Knock Off|p2a: Regidrago\n|-crit|p2a: Regidrago\n|-damage|p2a: Regidrago|0 fnt\n|-enditem|p2a: Regidrago|Leftovers|[from] move: Knock Off|[of] p1a: YAHAHA\n|faint|p2a: Regidrago\n|move|p2b: Kleavor|X-Scissor|p1a: YAHAHA\n|-resisted|p1a: YAHAHA\n|-damage|p1a: YAHAHA|46\/100\n|\n|upkeep\n|\n|t:|1699373719\n|switch|p2a: Flutter Mane|Flutter Mane|100\/100\n|-enditem|p2a: Flutter Mane|Booster Energy\n|-activate|p2a: Flutter Mane|ability: Protosynthesis|[fromitem]\n|-start|p2a: Flutter Mane|protosynthesisspe\n|turn|2\n|\n|t:|1699373730\n|move|p1b: VIABLE BUG|Tail Glow|p1b: VIABLE BUG\n|-boost|p1b: VIABLE BUG|spa|3\n|move|p2a: Flutter Mane|Dazzling Gleam|p1b: VIABLE BUG|[spread] p1a,p1b\n|-damage|p1a: YAHAHA|0 fnt\n|-damage|p1b: VIABLE BUG|62\/100\n|faint|p1a: YAHAHA\n|move|p2b: Kleavor|Tailwind|p2b: Kleavor\n|-sidestart|p2: ThatSanchezyBoi|move: Tailwind\n|\n|upkeep\n|\n|t:|1699373743\n|switch|p1a: VB LONGNECK|Farigiraf, F|100\/100\n|turn|3\n|\n|t:|1699373752\n|move|p2a: Flutter Mane|Moonblast|p1b: VIABLE BUG\n|-damage|p1b: VIABLE BUG|3\/100\n|move|p1b: VIABLE BUG|Bug Buzz|p2b: Kleavor\n|-damage|p2b: Kleavor|34\/100\n|-unboost|p2b: Kleavor|spd|1\n|move|p2b: Kleavor|X-Scissor|p1a: VB LONGNECK\n|-supereffective|p1a: VB LONGNECK\n|-damage|p1a: VB LONGNECK|0 fnt\n|faint|p1a: VB LONGNECK\n|\n|upkeep\n|\n|t:|1699373763\n|switch|p1a: PROTOMAN|Ceruledge, M|100\/100\n|turn|4\n|\n|t:|1699373768\n|move|p1b: VIABLE BUG|Baton Pass|p1b: VIABLE BUG\n|\n|t:|1699373769\n|switch|p1b: CUP O'LEAN|Sinistcha|100\/100|[from] Baton Pass\n|move|p1a: PROTOMAN|Shadow Sneak|p2a: Flutter Mane\n|-supereffective|p2a: Flutter Mane\n|-damage|p2a: Flutter Mane|2\/100\n|move|p2a: Flutter Mane|Dazzling Gleam|p1b: CUP O'LEAN|[spread] p1a,p1b\n|-resisted|p1a: PROTOMAN\n|-damage|p1a: PROTOMAN|82\/100\n|-damage|p1b: CUP O'LEAN|59\/100\n|move|p2b: Kleavor|Stone Axe|p1a: PROTOMAN\n|-supereffective|p1a: PROTOMAN\n|-damage|p1a: PROTOMAN|0 fnt\n|-sidestart|p1: Gappy-kun|move: Stealth Rock\n|faint|p1a: PROTOMAN\n|\n|-sideend|p1: Gappy-kun|move: Tailwind\n|upkeep\n|\n|t:|1699373782\n|switch|p1a: VIABLE BUG|Volbeat, M|3\/100\n|-damage|p1a: VIABLE BUG|0 fnt|[from] Stealth Rock\n|faint|p1a: VIABLE BUG\n|\n|t:|1699373784\n|switch|p1a: MOBYDICK|Cetitan, M|100\/100\n|-damage|p1a: MOBYDICK|76\/100|[from] Stealth Rock\n|turn|5\n|\n|t:|1699373792\n|move|p2a: Flutter Mane|Shadow Ball|p1b: CUP O'LEAN\n|-supereffective|p1b: CUP O'LEAN\n|-damage|p1b: CUP O'LEAN|0 fnt\n|faint|p1b: CUP O'LEAN\n|move|p2b: Kleavor|Stone Axe|p1a: MOBYDICK\n|-supereffective|p1a: MOBYDICK\n|-damage|p1a: MOBYDICK|0 fnt\n|faint|p1a: MOBYDICK\n|\n|win|ThatSanchezyBoi\n|raw|Gappy-kun's rating: 1286 &rarr; <strong>1269<\/strong><br \/>(-17 for losing)\n|raw|ThatSanchezyBoi's rating: 1403 &rarr; <strong>1417<\/strong><br \/>(+14 for winning)\n|c|\u2606ThatSanchezyBoi|gg\n|l|\u2606Gappy-kun\n","uploadtime":1699373835,"views":8,"p1id":"gappykun","p2id":"thatsanchezyboi","formatid":"gen9doublesou","rating":1269,"private":0,"password":""}