{"id":"gen9doublesou-1994846929","p1":"Alexander545","p2":"mikeyuwu","format":"[Gen 9] Doubles OU","log":"|j|\u2606Alexander545\n|j|\u2606mikeyuwu\n|t:|1700498217\n|gametype|doubles\n|player|p1|Alexander545|pokemonranger-gen4|1250\n|player|p2|mikeyuwu|psychic-gen4|1285\n|teamsize|p1|6\n|teamsize|p2|6\n|gen|9\n|tier|[Gen 9] Doubles OU\n|rated|\n|rule|Species Clause: Limit one of each Pok\u00e9mon\n|rule|OHKO Clause: OHKO moves are banned\n|rule|Evasion Moves Clause: Evasion moves are banned\n|rule|Gravity Sleep Clause: The combination of sleep-inducing moves with imperfect accuracy and Gravity or Gigantamax Orbeetle are banned\n|rule|Endless Battle Clause: Forcing endless battles is banned\n|rule|HP Percentage Mod: HP is shown in percentages\n|clearpoke\n|poke|p1|Sinistcha|\n|poke|p1|Armarouge, M|\n|poke|p1|Azumarill, F|\n|poke|p1|Corviknight, F|\n|poke|p1|Hippowdon, M|\n|poke|p1|Maushold-Four|\n|poke|p2|Garchomp, M|\n|poke|p2|Tyranitar, F|\n|poke|p2|Vaporeon, F|\n|poke|p2|Toxicroak, M|\n|poke|p2|Pelipper, F|\n|poke|p2|Abomasnow, M|\n|teampreview\n|\n|t:|1700498228\n|start\n|switch|p1a: Sinistcha|Sinistcha|100\/100\n|switch|p1b: Azumarill|Azumarill, F|100\/100\n|switch|p2a: OTLHPM|Toxicroak, M|100\/100\n|switch|p2b: Harmacy|Vaporeon, F|100\/100\n|turn|1\n|inactive|Battle timer is ON: inactive players will automatically lose when time's up. (requested by Alexander545)\n|\n|t:|1700498255\n|switch|p2b: Cold Shoulder|Abomasnow, M, shiny|100\/100\n|-weather|Snow|[from] ability: Snow Warning|[of] p2b: Cold Shoulder\n|switch|p1b: Corviknight|Corviknight, F|100\/100\n|-terastallize|p1a: Sinistcha|Water\n|move|p2a: OTLHPM|Poison Jab|p1b: Corviknight\n|-immune|p1b: Corviknight\n|move|p1a: Sinistcha|Trick Room|p1a: Sinistcha\n|-fieldstart|move: Trick Room|[of] p1a: Sinistcha\n|\n|-weather|Snow|[upkeep]\n|upkeep\n|turn|2\n|\n|t:|1700498282\n|move|p2b: Cold Shoulder|Leech Seed|p1b: Corviknight\n|-start|p1b: Corviknight|move: Leech Seed\n|move|p1b: Corviknight|Brave Bird|p2b: Cold Shoulder\n|-supereffective|p2b: Cold Shoulder\n|-damage|p2b: Cold Shoulder|43\/100\n|-damage|p1b: Corviknight|84\/100|[from] Recoil\n|move|p1a: Sinistcha|Scald|p2b: Cold Shoulder\n|-resisted|p2b: Cold Shoulder\n|-damage|p2b: Cold Shoulder|17\/100\n|move|p2a: OTLHPM|Sunny Day|p2a: OTLHPM\n|-weather|SunnyDay\n|\n|-weather|SunnyDay|[upkeep]\n|-damage|p2a: OTLHPM|88\/100|[from] ability: Dry Skin|[of] p2a: OTLHPM\n|-heal|p2a: OTLHPM|94\/100|[from] item: Black Sludge\n|-damage|p1b: Corviknight|71\/100|[from] Leech Seed|[of] p2b: Cold Shoulder\n|-heal|p2b: Cold Shoulder|32\/100|[silent]\n|upkeep\n|turn|3\n|\n|t:|1700498306\n|switch|p2b: Harmacy|Vaporeon, F|100\/100\n|switch|p2a: Extra Spicy|Garchomp, M|100\/100\n|move|p1b: Corviknight|Protect|p1b: Corviknight\n|-singleturn|p1b: Corviknight|Protect\n|move|p1a: Sinistcha|Scald|p2b: Harmacy\n|-resisted|p2b: Harmacy\n|-damage|p2b: Harmacy|92\/100\n|-status|p2b: Harmacy|brn\n|\n|-weather|SunnyDay|[upkeep]\n|-heal|p2b: Harmacy|98\/100 brn|[from] item: Leftovers\n|-damage|p1b: Corviknight|59\/100|[from] Leech Seed|[of] p2b: Harmacy\n|-heal|p2b: Harmacy|100\/100 brn|[silent]\n|-damage|p2b: Harmacy|94\/100 brn|[from] brn\n|upkeep\n|turn|4\n|inactive|Alexander545 has 120 seconds left.\n|\n|t:|1700498336\n|switch|p1b: Maushold|Maushold-Four, shiny|100\/100\n|move|p2b: Harmacy|Weather Ball|p1b: Maushold\n|-damage|p1b: Maushold|73\/100\n|move|p1a: Sinistcha|Matcha Gotcha|p2b: Harmacy|[spread] p2a,p2b\n|-supereffective|p2b: Harmacy\n|-damage|p2a: Extra Spicy|71\/100\n|-damage|p2b: Harmacy|46\/100 brn\n|move|p2a: Extra Spicy|Poison Jab|p1a: Sinistcha\n|-damage|p1a: Sinistcha|78\/100\n|-enditem|p1a: Sinistcha|Red Card|[of] p2a: Extra Spicy\n|drag|p2a: Cold Shoulder|Abomasnow, M, shiny|32\/100\n|-weather|Snow|[from] ability: Snow Warning|[of] p2a: Cold Shoulder\n|\n|-weather|Snow|[upkeep]\n|-heal|p2b: Harmacy|52\/100 brn|[from] item: Leftovers\n|-damage|p2b: Harmacy|46\/100 brn|[from] brn\n|upkeep\n|turn|5\n|inactive|Alexander545 has 120 seconds left.\n|\n|t:|1700498366\n|switch|p2b: OTLHPM|Toxicroak, M|94\/100\n|switch|p2a: Extra Spicy|Garchomp, M|71\/100\n|move|p1a: Sinistcha|Protect|p1a: Sinistcha\n|-singleturn|p1a: Sinistcha|Protect\n|move|p1b: Maushold|Population Bomb|p2a: Extra Spicy\n|-damage|p2a: Extra Spicy|64\/100\n|-damage|p1b: Maushold|60\/100|[from] ability: Rough Skin|[of] p2a: Extra Spicy\n|-damage|p1b: Maushold|44\/100|[from] item: Rocky Helmet|[of] p2a: Extra Spicy\n|-damage|p2a: Extra Spicy|56\/100\n|-damage|p1b: Maushold|31\/100|[from] ability: Rough Skin|[of] p2a: Extra Spicy\n|-damage|p1b: Maushold|15\/100|[from] item: Rocky Helmet|[of] p2a: Extra Spicy\n|-damage|p2a: Extra Spicy|49\/100\n|-damage|p1b: Maushold|2\/100|[from] ability: Rough Skin|[of] p2a: Extra Spicy\n|-damage|p1b: Maushold|0 fnt|[from] item: Rocky Helmet|[of] p2a: Extra Spicy\n|faint|p1b: Maushold\n|-hitcount|p2a: Extra Spicy|3\n|\n|-weather|Snow|[upkeep]\n|-heal|p2b: OTLHPM|100\/100|[from] item: Black Sludge\n|-fieldend|move: Trick Room\n|upkeep\n|inactive|Alexander545 has 120 seconds left.\n|c|\u2606mikeyuwu|Uno reverse\n|\n|t:|1700498392\n|switch|p1b: Azumarill|Azumarill, F|100\/100\n|turn|6\n|inactive|Alexander545 has 120 seconds left.\n|\n|t:|1700498423\n|switch|p1a: Hippowdon|Hippowdon, M|100\/100\n|move|p2a: Extra Spicy|Poison Jab|p1a: Hippowdon\n|-resisted|p1a: Hippowdon\n|-damage|p1a: Hippowdon|95\/100\n|-status|p1a: Hippowdon|psn\n|move|p2b: OTLHPM|Poison Jab|p1b: Azumarill\n|-supereffective|p1b: Azumarill\n|-damage|p1b: Azumarill|14\/100\n|move|p1b: Azumarill|Ice Spinner|p2a: Extra Spicy\n|-supereffective|p2a: Extra Spicy\n|-damage|p2a: Extra Spicy|0 fnt\n|-damage|p1b: Azumarill|2\/100|[from] ability: Rough Skin|[of] p2a: Extra Spicy\n|-damage|p1b: Azumarill|0 fnt|[from] item: Rocky Helmet|[of] p2a: Extra Spicy\n|faint|p2a: Extra Spicy\n|faint|p1b: Azumarill\n|\n|-weather|Snow|[upkeep]\n|-heal|p1a: Hippowdon|100\/100 psn|[from] item: Leftovers\n|-damage|p1a: Hippowdon|88\/100 psn|[from] psn\n|upkeep\n|\n|t:|1700498446\n|switch|p2a: Weather War|Pelipper, F|100\/100\n|switch|p1b: Corviknight|Corviknight, F|59\/100\n|-weather|RainDance|[from] ability: Drizzle|[of] p2a: Weather War\n|turn|7\n|inactive|Alexander545 has 120 seconds left.\n|\n|t:|1700498468\n|switch|p2b: Harmacy|Vaporeon, F|46\/100 brn\n|move|p2a: Weather War|Soak|p1b: Corviknight\n|-start|p1b: Corviknight|typechange|Water\n|move|p1b: Corviknight|Brave Bird|p2b: Harmacy\n|-damage|p2b: Harmacy|21\/100 brn\n|-damage|p1b: Corviknight|49\/100|[from] Recoil\n|move|p1a: Hippowdon|Rock Slide|p2b: Harmacy|[spread] p2a,p2b\n|-supereffective|p2a: Weather War\n|-damage|p2a: Weather War|80\/100\n|-damage|p2b: Harmacy|11\/100 brn\n|\n|-weather|RainDance|[upkeep]\n|-activate|p2b: Harmacy|ability: Hydration\n|-curestatus|p2b: Harmacy|brn|[msg]\n|-heal|p2b: Harmacy|17\/100|[from] item: Leftovers\n|-heal|p1a: Hippowdon|94\/100 psn|[from] item: Leftovers\n|-damage|p1a: Hippowdon|82\/100 psn|[from] psn\n|upkeep\n|turn|8\n|inactive|Alexander545 has 120 seconds left.\n|\n|t:|1700498505\n|move|p1b: Corviknight|Tailwind|p1b: Corviknight\n|-sidestart|p1: Alexander545|move: Tailwind\n|move|p1a: Hippowdon|Yawn|p2a: Weather War\n|-start|p2a: Weather War|move: Yawn|[of] p1a: Hippowdon\n|move|p2a: Weather War|Chilling Water|p1a: Hippowdon\n|-supereffective|p1a: Hippowdon\n|-damage|p1a: Hippowdon|25\/100 psn\n|-unboost|p1a: Hippowdon|atk|1\n|move|p2b: Harmacy|Wish|p2b: Harmacy\n|\n|-weather|RainDance|[upkeep]\n|-heal|p1a: Hippowdon|31\/100 psn|[from] item: Leftovers\n|-heal|p2b: Harmacy|23\/100|[from] item: Leftovers\n|-damage|p1a: Hippowdon|19\/100 psn|[from] psn\n|upkeep\n|turn|9\n|inactive|Alexander545 has 120 seconds left.\n|\n|t:|1700498534\n|switch|p2b: ThcrThnSnkr|Tyranitar, F|100\/100\n|-weather|Sandstorm|[from] ability: Sand Stream|[of] p2b: ThcrThnSnkr\n|move|p1b: Corviknight|Iron Head|p2a: Weather War\n|-resisted|p2a: Weather War\n|-damage|p2a: Weather War|71\/100\n|move|p1a: Hippowdon|Rest|p1a: Hippowdon\n|-status|p1a: Hippowdon|slp|[from] move: Rest\n|-heal|p1a: Hippowdon|100\/100 slp|[silent]\n|cant|p2a: Weather War|flinch\n|\n|-weather|Sandstorm|[upkeep]\n|-damage|p1b: Corviknight|43\/100|[from] Sandstorm\n|-damage|p2a: Weather War|64\/100|[from] Sandstorm\n|-end|p2a: Weather War|move: Yawn|[silent]\n|-status|p2a: Weather War|slp\n|upkeep\n|turn|10\n|inactive|Alexander545 has 120 seconds left.\n|\n|t:|1700498557\n|switch|p2a: OTLHPM|Toxicroak, M|100\/100\n|cant|p1a: Hippowdon|slp\n|move|p1b: Corviknight|Iron Head|p2b: ThcrThnSnkr\n|-supereffective|p2b: ThcrThnSnkr\n|-damage|p2b: ThcrThnSnkr|53\/100\n|move|p2b: ThcrThnSnkr|Thunderbolt|p1b: Corviknight\n|-supereffective|p1b: Corviknight\n|-damage|p1b: Corviknight|2\/100\n|\n|-weather|Sandstorm|[upkeep]\n|-damage|p1b: Corviknight|0 fnt|[from] Sandstorm\n|-damage|p2a: OTLHPM|94\/100|[from] Sandstorm\n|faint|p1b: Corviknight\n|-heal|p2a: OTLHPM|100\/100|[from] item: Black Sludge\n|upkeep\n|\n|t:|1700498574\n|switch|p1b: Sinistcha|Sinistcha, tera:Water|78\/100\n|turn|11\n|\n|t:|1700498600\n|cant|p1a: Hippowdon|slp\n|move|p2a: OTLHPM|Poison Jab|p1b: Sinistcha\n|-damage|p1b: Sinistcha|38\/100\n|move|p2b: ThcrThnSnkr|Thunderbolt|p1b: Sinistcha\n|-supereffective|p1b: Sinistcha\n|-crit|p1b: Sinistcha\n|-damage|p1b: Sinistcha|0 fnt\n|faint|p1b: Sinistcha\n|\n|-weather|Sandstorm|[upkeep]\n|-damage|p2a: OTLHPM|94\/100|[from] Sandstorm\n|-heal|p2a: OTLHPM|100\/100|[from] item: Black Sludge\n|-sideend|p1: Alexander545|move: Tailwind\n|upkeep\n|inactive|Alexander545 has 90 seconds left.\n|\n|t:|1700498619\n|switch|p1b: Armarouge|Armarouge, M|100\/100\n|turn|12\n|\n|t:|1700498631\n|switch|p2a: Harmacy|Vaporeon, F|23\/100\n|move|p2b: ThcrThnSnkr|Knock Off|p1b: Armarouge\n|-supereffective|p1b: Armarouge\n|-damage|p1b: Armarouge|20\/100\n|-enditem|p1b: Armarouge|Focus Sash|[from] move: Knock Off|[of] p2b: ThcrThnSnkr\n|-curestatus|p1a: Hippowdon|slp|[msg]\n|move|p1a: Hippowdon|Rock Slide|p2b: ThcrThnSnkr|[spread] p2a\n|-miss|p1a: Hippowdon|p2b: ThcrThnSnkr\n|-damage|p2a: Harmacy|14\/100\n|move|p1b: Armarouge|Trick Room|p1b: Armarouge\n|-fieldstart|move: Trick Room|[of] p1b: Armarouge\n|\n|-weather|Sandstorm|[upkeep]\n|-damage|p2a: Harmacy|8\/100|[from] Sandstorm\n|-damage|p1b: Armarouge|14\/100|[from] Sandstorm\n|-heal|p2a: Harmacy|14\/100|[from] item: Leftovers\n|upkeep\n|turn|13\n|inactive|Alexander545 has 120 seconds left.\n|\n|t:|1700498657\n|move|p1a: Hippowdon|Rock Slide|p2b: ThcrThnSnkr|[spread] p2a,p2b\n|-damage|p2a: Harmacy|4\/100\n|-damage|p2b: ThcrThnSnkr|41\/100\n|move|p2a: Harmacy|Weather Ball|p1b: Armarouge\n|-supereffective|p1b: Armarouge\n|-damage|p1b: Armarouge|0 fnt\n|faint|p1b: Armarouge\n|move|p2b: ThcrThnSnkr|Rock Slide|p1a: Hippowdon|[miss]\n|-miss|p2b: ThcrThnSnkr|p1a: Hippowdon\n|\n|-weather|none\n|-heal|p2a: Harmacy|10\/100|[from] item: Leftovers\n|upkeep\n|turn|14\n|inactive|Alexander545 has 120 seconds left.\n|\n|t:|1700498671\n|switch|p2b: Weather War|Pelipper, F|64\/100 slp\n|-weather|RainDance|[from] ability: Drizzle|[of] p2b: Weather War\n|move|p1a: Hippowdon|Rock Slide|p2b: Weather War|[spread] p2a,p2b\n|-supereffective|p2b: Weather War\n|-damage|p2a: Harmacy|2\/100\n|-damage|p2b: Weather War|49\/100 slp\n|move|p2a: Harmacy|Weather Ball|p1a: Hippowdon\n|-supereffective|p1a: Hippowdon\n|-damage|p1a: Hippowdon|0 fnt\n|faint|p1a: Hippowdon\n|\n|win|mikeyuwu\n|raw|Alexander545's rating: 1250 &rarr; <strong>1228<\/strong><br \/>(-22 for losing)\n|raw|mikeyuwu's rating: 1285 &rarr; <strong>1307<\/strong><br \/>(+22 for winning)\n|c|\u2606mikeyuwu|Gg\n","uploadtime":1700498695,"views":3,"p1id":"alexander545","p2id":"mikeyuwu","formatid":"gen9doublesou","rating":1228,"private":0,"password":""}