{"id":"gen9doublesou-1981518041","p1":"meowmixtape","p2":"Metal Jester","format":"[Gen 9] Doubles OU","log":"|j|\u2606meowmixtape\n|j|\u2606Metal Jester\n|t:|1698910950\n|gametype|doubles\n|player|p1|meowmixtape|bruno|1154\n|player|p2|Metal Jester|ingo|1231\n|teamsize|p1|6\n|teamsize|p2|6\n|gen|9\n|tier|[Gen 9] Doubles OU\n|rated|\n|rule|Species Clause: Limit one of each Pok\u00e9mon\n|rule|OHKO Clause: OHKO moves are banned\n|rule|Evasion Moves Clause: Evasion moves are banned\n|rule|Gravity Sleep Clause: The combination of sleep-inducing moves with imperfect accuracy and Gravity or Gigantamax Orbeetle are banned\n|rule|Endless Battle Clause: Forcing endless battles is banned\n|rule|HP Percentage Mod: HP is shown in percentages\n|clearpoke\n|poke|p1|Kommo-o, M|\n|poke|p1|Cresselia, F|\n|poke|p1|Snorlax, F|\n|poke|p1|Enamorus-Therian, F|\n|poke|p1|Glastrier|\n|poke|p1|Dragonite, M|\n|poke|p2|Tornadus, M|\n|poke|p2|Flutter Mane|\n|poke|p2|Iron Hands|\n|poke|p2|Landorus-Therian, M|\n|poke|p2|Heatran, M|\n|poke|p2|Chien-Pao|\n|teampreview\n|inactive|Battle timer is ON: inactive players will automatically lose when time's up. (requested by Metal Jester)\n|inactive|meowmixtape has 120 seconds left.\n|\n|t:|1698910994\n|start\n|switch|p1a: Cresselia|Cresselia, F, shiny|100\/100\n|switch|p1b: Snorlax|Snorlax, F, shiny|100\/100\n|switch|p2a: Tornadus|Tornadus, M|100\/100\n|switch|p2b: Flutter Mane|Flutter Mane|100\/100\n|turn|1\n|\n|t:|1698911013\n|-terastallize|p2b: Flutter Mane|Fairy\n|move|p2a: Tornadus|Taunt|p1a: Cresselia\n|-start|p1a: Cresselia|move: Taunt\n|move|p2b: Flutter Mane|Dazzling Gleam|p1a: Cresselia|[spread] p1a,p1b\n|-crit|p1b: Snorlax\n|-damage|p1a: Cresselia|62\/100\n|-damage|p1b: Snorlax|65\/100\n|move|p1b: Snorlax|Heat Crash|p2b: Flutter Mane\n|-crit|p2b: Flutter Mane\n|-damage|p2b: Flutter Mane|0 fnt\n|faint|p2b: Flutter Mane\n|-end|p2b: Flutter Mane|Protosynthesis|[silent]\n|cant|p1a: Cresselia|move: Taunt|Trick Room\n|\n|-heal|p1a: Cresselia|68\/100|[from] item: Leftovers\n|upkeep\n|\n|t:|1698911029\n|switch|p2b: Chien-Pao|Chien-Pao|100\/100\n|-ability|p2b: Chien-Pao|Sword of Ruin\n|turn|2\n|\n|t:|1698911053\n|switch|p1a: Kommo-o|Kommo-o, M, shiny|100\/100\n|-terastallize|p1b: Snorlax|Grass\n|move|p2a: Tornadus|Rain Dance|p2a: Tornadus\n|-weather|RainDance\n|move|p2b: Chien-Pao|Sacred Sword|p1b: Snorlax\n|-damage|p1b: Snorlax|27\/100\n|move|p1b: Snorlax|Heat Crash|p2b: Chien-Pao\n|-supereffective|p2b: Chien-Pao\n|-damage|p2b: Chien-Pao|69\/100\n|\n|-weather|RainDance|[upkeep]\n|upkeep\n|turn|3\n|\n|t:|1698911082\n|move|p2b: Chien-Pao|Ice Shard|p1a: Kommo-o\n|-supereffective|p1a: Kommo-o\n|-damage|p1a: Kommo-o|61\/100\n|move|p2a: Tornadus|Bleakwind Storm|p1a: Kommo-o|[spread] p1a,p1b\n|-supereffective|p1a: Kommo-o\n|-supereffective|p1b: Snorlax\n|-damage|p1a: Kommo-o|0 fnt\n|-damage|p1b: Snorlax|0 fnt\n|faint|p1a: Kommo-o\n|faint|p1b: Snorlax\n|\n|-weather|RainDance|[upkeep]\n|upkeep\n|inactive|meowmixtape has 120 seconds left.\n|\n|t:|1698911098\n|switch|p1a: Glastrier|Glastrier|100\/100\n|switch|p1b: Cresselia|Cresselia, F, shiny|68\/100\n|turn|4\n|\n|t:|1698911106\n|move|p1a: Glastrier|Protect|p1a: Glastrier\n|-singleturn|p1a: Glastrier|Protect\n|move|p2a: Tornadus|Taunt|p1b: Cresselia\n|-start|p1b: Cresselia|move: Taunt\n|move|p2b: Chien-Pao|Sacred Sword|p1a: Glastrier\n|-activate|p1a: Glastrier|move: Protect\n|cant|p1b: Cresselia|move: Taunt|Trick Room\n|\n|-weather|RainDance|[upkeep]\n|-heal|p1b: Cresselia|74\/100|[from] item: Leftovers\n|upkeep\n|turn|5\n|\n|t:|1698911120\n|move|p2b: Chien-Pao|Sacred Sword|p1a: Glastrier\n|-supereffective|p1a: Glastrier\n|-damage|p1a: Glastrier|40\/100\n|move|p2a: Tornadus|Bleakwind Storm|p1a: Glastrier|[spread] p1a,p1b\n|-damage|p1a: Glastrier|13\/100\n|-damage|p1b: Cresselia|51\/100\n|-unboost|p1a: Glastrier|spe|1\n|-unboost|p1b: Cresselia|spe|1\n|move|p1b: Cresselia|Ice Beam|p2a: Tornadus\n|-supereffective|p2a: Tornadus\n|-damage|p2a: Tornadus|58\/100\n|move|p1a: Glastrier|High Horsepower|p2b: Chien-Pao\n|-damage|p2b: Chien-Pao|13\/100\n|\n|-weather|RainDance|[upkeep]\n|-heal|p1b: Cresselia|57\/100|[from] item: Leftovers\n|upkeep\n|turn|6\n|\n|t:|1698911141\n|move|p1a: Glastrier|Protect|p1a: Glastrier\n|-singleturn|p1a: Glastrier|Protect\n|move|p2b: Chien-Pao|Sucker Punch|p1b: Cresselia\n|-supereffective|p1b: Cresselia\n|-damage|p1b: Cresselia|0 fnt\n|faint|p1b: Cresselia\n|move|p2a: Tornadus|Bleakwind Storm|p1a: Glastrier\n|-activate|p1a: Glastrier|move: Protect\n|\n|-weather|none\n|upkeep\n|\n|t:|1698911152\n|switch|p1b: Enamorus|Enamorus-Therian, F|100\/100\n|turn|7\n|\n|t:|1698911162\n|switch|p1a: Dragonite|Dragonite, M, shiny|100\/100\n|move|p2a: Tornadus|Taunt|p1b: Enamorus\n|-start|p1b: Enamorus|move: Taunt\n|move|p2b: Chien-Pao|Sacred Sword|p1a: Dragonite\n|-resisted|p1a: Dragonite\n|-damage|p1a: Dragonite|92\/100\n|cant|p1b: Enamorus|move: Taunt|Healing Wish\n|\n|-heal|p1a: Dragonite|99\/100|[from] item: Leftovers\n|upkeep\n|turn|8\n|\n|t:|1698911183\n|move|p1a: Dragonite|Extreme Speed|p2b: Chien-Pao\n|-damage|p2b: Chien-Pao|0 fnt\n|faint|p2b: Chien-Pao\n|move|p2a: Tornadus|Bleakwind Storm|p1a: Dragonite|[spread] p1a,p1b\n|-crit|p1b: Enamorus\n|-damage|p1a: Dragonite|61\/100\n|-damage|p1b: Enamorus|44\/100\n|-unboost|p1b: Enamorus|spe|1\n|move|p1b: Enamorus|Springtide Storm|p2a: Tornadus|[miss]\n|-miss|p1b: Enamorus|p2a: Tornadus\n|\n|-heal|p1a: Dragonite|68\/100|[from] item: Leftovers\n|upkeep\n|\n|t:|1698911188\n|switch|p2b: Landorus|Landorus-Therian, M|100\/100\n|-ability|p2b: Landorus|Intimidate|boost\n|-unboost|p1a: Dragonite|atk|1\n|-unboost|p1b: Enamorus|atk|1\n|turn|9\n|-message|meowmixtape forfeited.\n|\n|win|Metal Jester\n|raw|meowmixtape's rating: 1154 &rarr; <strong>1134<\/strong><br \/>(-20 for losing)\n|raw|Metal Jester's rating: 1231 &rarr; <strong>1251<\/strong><br \/>(+20 for winning)\n|l|\u2606meowmixtape\n","uploadtime":1698911201,"views":26,"p1id":"meowmixtape","p2id":"metaljester","formatid":"gen9doublesou","rating":1134,"private":0,"password":""}