{"id":"gen9doublesou-1994170111","p1":"ButWhyThough_2","p2":"3anna","format":"[Gen 9] Doubles OU","log":"|j|\u2606ButWhyThough_2\n|j|\u26063anna\n|t:|1700414942\n|gametype|doubles\n|player|p1|ButWhyThough_2|hilbert|1603\n|player|p2|3anna|mallow-masters|1497\n|teamsize|p1|6\n|teamsize|p2|6\n|gen|9\n|tier|[Gen 9] Doubles OU\n|rated|\n|rule|Species Clause: Limit one of each Pok\u00e9mon\n|rule|OHKO Clause: OHKO moves are banned\n|rule|Evasion Moves Clause: Evasion moves are banned\n|rule|Gravity Sleep Clause: The combination of sleep-inducing moves with imperfect accuracy and Gravity or Gigantamax Orbeetle are banned\n|rule|Endless Battle Clause: Forcing endless battles is banned\n|rule|HP Percentage Mod: HP is shown in percentages\n|clearpoke\n|poke|p1|Chi-Yu|\n|poke|p1|Iron Hands|\n|poke|p1|Chien-Pao|\n|poke|p1|Baxcalibur, F|\n|poke|p1|Flutter Mane|\n|poke|p1|Ninetales-Alola, F|\n|poke|p2|Oranguru, M|\n|poke|p2|Manaphy|\n|poke|p2|Pelipper, M|\n|poke|p2|Ogerpon-Wellspring, F|\n|poke|p2|Rillaboom, M|\n|poke|p2|Cresselia, F|\n|teampreview\n|inactive|Battle timer is ON: inactive players will automatically lose when time's up. (requested by ButWhyThough_2)\n|\n|t:|1700414963\n|start\n|switch|p1a: Iron Hands|Iron Hands|100\/100\n|switch|p1b: Chien-Pao|Chien-Pao|100\/100\n|switch|p2a: Manaphy|Manaphy|100\/100\n|switch|p2b: Oranguru|Oranguru, M|100\/100\n|-ability|p1b: Chien-Pao|Sword of Ruin\n|turn|1\n|\n|t:|1700414977\n|switch|p2a: Ogerpon|Ogerpon-Wellspring, F|100\/100\n|move|p1b: Chien-Pao|Swords Dance|p1b: Chien-Pao\n|-boost|p1b: Chien-Pao|atk|2\n|move|p2b: Oranguru|Yawn|p1a: Iron Hands\n|-start|p1a: Iron Hands|move: Yawn|[of] p2b: Oranguru\n|move|p1a: Iron Hands|Swords Dance|p1a: Iron Hands\n|-boost|p1a: Iron Hands|atk|2\n|\n|upkeep\n|turn|2\n|\n|t:|1700415000\n|move|p1b: Chien-Pao|Ice Spinner|p2b: Oranguru\n|-damage|p2b: Oranguru|0 fnt\n|faint|p2b: Oranguru\n|-damage|p1b: Chien-Pao|91\/100|[from] item: Life Orb\n|move|p2a: Ogerpon|Ivy Cudgel|p1b: Chien-Pao|[anim] Ivy Cudgel Water\n|-damage|p1b: Chien-Pao|7\/100\n|move|p1a: Iron Hands|Wild Charge|p2a: Ogerpon\n|-damage|p2a: Ogerpon|0 fnt\n|faint|p2a: Ogerpon\n|-damage|p1a: Iron Hands|84\/100|[from] Recoil\n|\n|-end|p1a: Iron Hands|move: Yawn|[silent]\n|-status|p1a: Iron Hands|slp\n|upkeep\n|\n|t:|1700415014\n|switch|p2a: Rillaboom|Rillaboom, M|100\/100\n|switch|p2b: Manaphy|Manaphy|100\/100\n|-fieldstart|move: Grassy Terrain|[from] ability: Grassy Surge|[of] p2a: Rillaboom\n|turn|3\n|\n|t:|1700415022\n|-end|p1a: Iron Hands|Quark Drive|[silent]\n|switch|p1a: Ninetales|Ninetales-Alola, F|100\/100\n|-weather|Snow|[from] ability: Snow Warning|[of] p1a: Ninetales\n|-terastallize|p1b: Chien-Pao|Ghost\n|move|p2a: Rillaboom|Fake Out|p1b: Chien-Pao\n|-immune|p1b: Chien-Pao\n|move|p1b: Chien-Pao|Sucker Punch||[still]\n|-fail|p1b: Chien-Pao\n|move|p2b: Manaphy|Tail Glow|p2b: Manaphy\n|-boost|p2b: Manaphy|spa|3\n|\n|-weather|Snow|[upkeep]\n|-heal|p1b: Chien-Pao|13\/100|[from] Grassy Terrain\n|upkeep\n|turn|4\n|\n|t:|1700415040\n|move|p1b: Chien-Pao|Sucker Punch|p2a: Rillaboom\n|-damage|p2a: Rillaboom|0 fnt\n|faint|p2a: Rillaboom\n|-damage|p1b: Chien-Pao|3\/100|[from] item: Life Orb\n|move|p1a: Ninetales|Aurora Veil|p1a: Ninetales\n|-sidestart|p1: ButWhyThough_2|move: Aurora Veil\n|move|p2b: Manaphy|Tail Glow|p2b: Manaphy\n|-boost|p2b: Manaphy|spa|3\n|\n|-weather|Snow|[upkeep]\n|-heal|p1b: Chien-Pao|9\/100|[from] Grassy Terrain\n|upkeep\n|\n|t:|1700415047\n|switch|p2a: Cresselia|Cresselia, F|100\/100\n|turn|5\n|\n|t:|1700415053\n|move|p2a: Cresselia|Ally Switch|p2a: Cresselia\n|swap|p2a: Cresselia|1|[from] move: Ally Switch\n|move|p1b: Chien-Pao|Sucker Punch|p2a: Manaphy\n|-damage|p2a: Manaphy|0 fnt\n|faint|p2a: Manaphy\n|-damage|p1b: Chien-Pao|0 fnt|[from] item: Life Orb\n|faint|p1b: Chien-Pao\n|move|p1a: Ninetales|Freeze-Dry|p2b: Cresselia\n|-damage|p2b: Cresselia|91\/100\n|\n|-weather|Snow|[upkeep]\n|-heal|p2b: Cresselia|97\/100|[from] item: Leftovers\n|upkeep\n|-message|3anna forfeited.\n|\n|win|ButWhyThough_2\n|raw|ButWhyThough_2's rating: 1603 &rarr; <strong>1617<\/strong><br \/>(+14 for winning)\n|raw|3anna's rating: 1497 &rarr; <strong>1483<\/strong><br \/>(-14 for losing)\n|l|\u26063anna\n|l|\u2606ButWhyThough_2\n|j|\u2606ButWhyThough_2\n|player|p1|ButWhyThough_2|hilbert\n","uploadtime":1700415341,"views":3,"p1id":"butwhythough2","p2id":"3anna","formatid":"gen9doublesou","rating":1483,"private":0,"password":""}