{"id":"gen9doublesou-1983320173","p1":"rubicante sauce","p2":"Lychee.EXE","format":"[Gen 9] Doubles OU","log":"|j|\u2606rubicante sauce\n|j|\u2606Lychee.EXE\n|t:|1699117854\n|gametype|doubles\n|player|p1|rubicante sauce|102|1050\n|player|p2|Lychee.EXE|102|1026\n|teamsize|p1|6\n|teamsize|p2|6\n|gen|9\n|tier|[Gen 9] Doubles OU\n|rated|\n|rule|Species Clause: Limit one of each Pok\u00e9mon\n|rule|OHKO Clause: OHKO moves are banned\n|rule|Evasion Moves Clause: Evasion moves are banned\n|rule|Gravity Sleep Clause: The combination of sleep-inducing moves with imperfect accuracy and Gravity or Gigantamax Orbeetle are banned\n|rule|Endless Battle Clause: Forcing endless battles is banned\n|rule|HP Percentage Mod: HP is shown in percentages\n|clearpoke\n|poke|p1|Dudunsparce-*, F|\n|poke|p1|Samurott-Hisui, F|\n|poke|p1|Delphox, F|\n|poke|p1|Ninetales-Alola, M|\n|poke|p1|Iron Bundle|\n|poke|p1|Baxcalibur, F|\n|poke|p2|Volcarona, F|\n|poke|p2|Ribombee, F|\n|poke|p2|Charjabug, M|\n|poke|p2|Volbeat, M|\n|poke|p2|Yanmega, M|\n|poke|p2|Heracross, F|\n|teampreview\n|inactive|Battle timer is ON: inactive players will automatically lose when time's up. (requested by rubicante sauce)\n|\n|t:|1699117861\n|start\n|switch|p1a: Samurott|Samurott-Hisui, F|100\/100\n|switch|p1b: Delphox|Delphox, F|100\/100\n|switch|p2a: Volbeat|Volbeat, M|100\/100\n|switch|p2b: Volcarona|Volcarona, F|100\/100\n|turn|1\n|inactive|Lychee.EXE has 120 seconds left.\n|\n|t:|1699117899\n|move|p2a: Volbeat|Tailwind|p2a: Volbeat\n|-sidestart|p2: Lychee.EXE|move: Tailwind\n|move|p2b: Volcarona|Quiver Dance|p2b: Volcarona\n|-boost|p2b: Volcarona|spa|1\n|-boost|p2b: Volcarona|spd|1\n|-boost|p2b: Volcarona|spe|1\n|move|p1b: Delphox|Fire Pledge|p2b: Volcarona\n|-waiting|p1b: Delphox|p1a: Samurott\n|move|p1a: Samurott|Water Pledge|p2b: Volcarona|[from]move: Fire Pledge\n|-combine\n|-supereffective|p2b: Volcarona\n|-damage|p2b: Volcarona|0 fnt\n|-sidestart|p1: rubicante sauce|Water Pledge\n|faint|p2b: Volcarona\n|\n|upkeep\n|\n|t:|1699117912\n|switch|p2b: Heracross|Heracross, F|100\/100\n|turn|2\n|inactive|Lychee.EXE has 120 seconds left.\n|\n|t:|1699117946\n|switch|p1b: Ninetales|Ninetales-Alola, M|100\/100\n|-weather|Snow|[from] ability: Snow Warning|[of] p1b: Ninetales\n|-terastallize|p2b: Heracross|Normal\n|move|p2a: Volbeat|Helping Hand|p2b: Heracross\n|-singleturn|p2b: Heracross|Helping Hand|[of] p2a: Volbeat\n|move|p2b: Heracross|Megahorn|p1a: Samurott\n|-supereffective|p1a: Samurott\n|-damage|p1a: Samurott|0 fnt\n|faint|p1a: Samurott\n|\n|-weather|Snow|[upkeep]\n|-status|p2b: Heracross|brn|[from] item: Flame Orb\n|upkeep\n|\n|t:|1699117966\n|switch|p1a: Delphox|Delphox, F|100\/100\n|turn|3\n|inactive|Lychee.EXE has 120 seconds left.\n|\n|t:|1699117991\n|move|p2a: Volbeat|Helping Hand|p2b: Heracross\n|-singleturn|p2b: Heracross|Helping Hand|[of] p2a: Volbeat\n|move|p2b: Heracross|Megahorn|p1a: Delphox\n|-enditem|p1a: Delphox|Focus Sash\n|-damage|p1a: Delphox|1\/100\n|move|p1b: Ninetales|Blizzard|p2a: Volbeat|[spread] p2a,p2b\n|-damage|p2a: Volbeat|69\/100\n|-damage|p2b: Heracross|63\/100 brn\n|move|p1a: Delphox|Psychic|p2b: Heracross\n|-damage|p2b: Heracross|15\/100 brn\n|-unboost|p2b: Heracross|spd|1\n|-item|p1a: Delphox|Flame Orb|[from] ability: Magician|[of] p2b: Heracross\n|\n|-weather|Snow|[upkeep]\n|-damage|p2b: Heracross|9\/100 brn|[from] brn\n|upkeep\n|turn|4\n|inactive|Lychee.EXE has 120 seconds left.\n|\n|t:|1699118019\n|move|p2a: Volbeat|Protect|p2a: Volbeat\n|-singleturn|p2a: Volbeat|Protect\n|move|p2b: Heracross|Close Combat|p1b: Ninetales\n|-damage|p1b: Ninetales|13\/100\n|-unboost|p2b: Heracross|def|1\n|-unboost|p2b: Heracross|spd|1\n|-damage|p2b: Heracross|0 fnt|[from] item: Rocky Helmet|[of] p1b: Ninetales\n|faint|p2b: Heracross\n|move|p1b: Ninetales|Blizzard|p2a: Volbeat\n|-activate|p2a: Volbeat|move: Protect\n|move|p1a: Delphox|Flamethrower|p2a: Volbeat\n|-activate|p2a: Volbeat|move: Protect\n|\n|-weather|Snow|[upkeep]\n|-sideend|p2: Lychee.EXE|move: Tailwind\n|-sideend|p1: rubicante sauce|Water Pledge\n|upkeep\n|\n|t:|1699118040\n|switch|p2b: Ribombee|Ribombee, F|100\/100\n|turn|5\n|inactive|Lychee.EXE has 120 seconds left.\n|\n|t:|1699118049\n|move|p2a: Volbeat|Tailwind|p2a: Volbeat\n|-sidestart|p2: Lychee.EXE|move: Tailwind\n|move|p2b: Ribombee|Dazzling Gleam|p1b: Ninetales|[spread] p1a,p1b\n|-resisted|p1a: Delphox\n|-damage|p1a: Delphox|0 fnt\n|-damage|p1b: Ninetales|0 fnt\n|faint|p1a: Delphox\n|faint|p1b: Ninetales\n|\n|-weather|Snow|[upkeep]\n|upkeep\n|\n|t:|1699118062\n|switch|p1b: Baxcalibur|Baxcalibur, F|100\/100\n|switch|p1a: Iron Bundle|Iron Bundle|100\/100\n|turn|6\n|\n|t:|1699118081\n|switch|p2a: Charjabug|Charjabug, M|100\/100\n|move|p1b: Baxcalibur|Protect|p1b: Baxcalibur\n|-singleturn|p1b: Baxcalibur|Protect\n|move|p2b: Ribombee|Dazzling Gleam|p1b: Baxcalibur|[spread] p1a\n|-activate|p1b: Baxcalibur|move: Protect\n|-damage|p1a: Iron Bundle|9\/100\n|move|p1a: Iron Bundle|Blizzard|p2b: Ribombee|[spread] p2a,p2b\n|-damage|p2a: Charjabug|61\/100\n|-damage|p2b: Ribombee|2\/100\n|-damage|p1a: Iron Bundle|0 fnt|[from] item: Life Orb\n|faint|p1a: Iron Bundle\n|-end|p1a: Iron Bundle|Quark Drive|[silent]\n|\n|-weather|none\n|upkeep\n|\n|t:|1699118095\n|switch|p1a: Dudunsparce|Dudunsparce, F|100\/100\n|turn|7\n|\n|t:|1699118117\n|move|p1b: Baxcalibur|Protect||[still]\n|-fail|p1b: Baxcalibur\n|move|p2b: Ribombee|Dazzling Gleam|p1a: Dudunsparce|[spread] p1a,p1b\n|-supereffective|p1b: Baxcalibur\n|-damage|p1a: Dudunsparce|61\/100\n|-damage|p1b: Baxcalibur|13\/100\n|move|p2a: Charjabug|Thunder Wave|p1b: Baxcalibur\n|-status|p1b: Baxcalibur|par\n|move|p1a: Dudunsparce|Hyper Voice|p2b: Ribombee|[spread] p2a,p2b\n|-damage|p2a: Charjabug|41\/100\n|-damage|p2b: Ribombee|0 fnt\n|faint|p2b: Ribombee\n|\n|upkeep\n|\n|t:|1699118126\n|switch|p2b: Yanmega|Yanmega, M|100\/100\n|turn|8\n|\n|t:|1699118147\n|move|p2b: Yanmega|Bug Buzz|p1b: Baxcalibur\n|-damage|p1b: Baxcalibur|0 fnt\n|faint|p1b: Baxcalibur\n|move|p2a: Charjabug|Thunder Wave|p1a: Dudunsparce\n|-status|p1a: Dudunsparce|par\n|move|p1a: Dudunsparce|Ancient Power|p2b: Yanmega\n|-supereffective|p2b: Yanmega\n|-damage|p2b: Yanmega|0 fnt\n|faint|p2b: Yanmega\n|\n|-sideend|p2: Lychee.EXE|move: Tailwind\n|upkeep\n|\n|t:|1699118150\n|switch|p2b: Volbeat|Volbeat, M|69\/100\n|turn|9\n|\n|t:|1699118164\n|move|p2b: Volbeat|Helping Hand|p2a: Charjabug\n|-singleturn|p2a: Charjabug|Helping Hand|[of] p2b: Volbeat\n|move|p2a: Charjabug|Volt Switch|p1a: Dudunsparce\n|-damage|p1a: Dudunsparce|43\/100 par\n|move|p1a: Dudunsparce|Ice Beam|p2a: Charjabug\n|-damage|p2a: Charjabug|22\/100\n|\n|upkeep\n|turn|10\n|\n|t:|1699118179\n|move|p2b: Volbeat|Helping Hand|p2a: Charjabug\n|-singleturn|p2a: Charjabug|Helping Hand|[of] p2b: Volbeat\n|move|p2a: Charjabug|Volt Switch|p1a: Dudunsparce\n|-damage|p1a: Dudunsparce|24\/100 par\n|-enditem|p1a: Dudunsparce|Aguav Berry|[eat]\n|-heal|p1a: Dudunsparce|57\/100 par|[from] item: Aguav Berry\n|move|p1a: Dudunsparce|Ice Beam|p2a: Charjabug\n|-damage|p2a: Charjabug|5\/100\n|-status|p2a: Charjabug|frz\n|\n|upkeep\n|turn|11\n|\n|t:|1699118191\n|move|p2b: Volbeat|Helping Hand|p2a: Charjabug\n|-singleturn|p2a: Charjabug|Helping Hand|[of] p2b: Volbeat\n|cant|p2a: Charjabug|frz\n|move|p1a: Dudunsparce|Hyper Voice|p2a: Charjabug|[spread] p2a,p2b\n|-damage|p2a: Charjabug|0 fnt\n|-damage|p2b: Volbeat|37\/100\n|faint|p2a: Charjabug\n|\n|upkeep\n|turn|12\n|\n|t:|1699118203\n|move|p2b: Volbeat|Encore|p1a: Dudunsparce\n|-start|p1a: Dudunsparce|Encore\n|move|p1a: Dudunsparce|Hyper Voice|p2b: Volbeat\n|-damage|p2b: Volbeat|0 fnt\n|faint|p2b: Volbeat\n|\n|win|rubicante sauce\n|raw|rubicante sauce's rating: 1050 &rarr; <strong>1080<\/strong><br \/>(+30 for winning)\n|raw|Lychee.EXE's rating: 1026 &rarr; <strong>1013<\/strong><br \/>(-13 for losing)\n","uploadtime":1699118211,"views":10,"p1id":"rubicantesauce","p2id":"lycheeexe","formatid":"gen9doublesou","rating":1013,"private":0,"password":""}