{"id":"gen9doublesou-1996365401","p1":"DeeGaming","p2":"er145","format":"[Gen 9] Doubles OU","log":"|j|\u2606DeeGaming\n|j|\u203der145\n|t:|1700675103\n|gametype|doubles\n|player|p1|DeeGaming|unknown|1369\n|player|p2|er145|brycenman|1437\n|teamsize|p1|6\n|teamsize|p2|6\n|gen|9\n|tier|[Gen 9] Doubles OU\n|rated|\n|rule|Species Clause: Limit one of each Pok\u00e9mon\n|rule|OHKO Clause: OHKO moves are banned\n|rule|Evasion Moves Clause: Evasion moves are banned\n|rule|Gravity Sleep Clause: The combination of sleep-inducing moves with imperfect accuracy and Gravity or Gigantamax Orbeetle are banned\n|rule|Endless Battle Clause: Forcing endless battles is banned\n|rule|HP Percentage Mod: HP is shown in percentages\n|clearpoke\n|poke|p1|Kommo-o, M|\n|poke|p1|Cresselia, F|\n|poke|p1|Flutter Mane|\n|poke|p1|Chi-Yu|\n|poke|p1|Tornadus, M|\n|poke|p1|Ogerpon-Wellspring, F|\n|poke|p2|Typhlosion-Hisui, F|\n|poke|p2|Ninetales-Alola, F|\n|poke|p2|Tornadus, M|\n|poke|p2|Spectrier|\n|poke|p2|Dipplin, F|\n|poke|p2|Landorus-Therian, M|\n|teampreview\n|\n|t:|1700675118\n|start\n|switch|p1a: Air Island|Tornadus, M|100\/100\n|switch|p1b: Pheesh|Chi-Yu|100\/100\n|switch|p2a: Tornadus|Tornadus, M|100\/100\n|switch|p2b: Ninetales|Ninetales-Alola, F|100\/100\n|-weather|Snow|[from] ability: Snow Warning|[of] p2b: Ninetales\n|-ability|p1b: Pheesh|Beads of Ruin\n|turn|1\n|\n|t:|1700675132\n|move|p2a: Tornadus|Taunt|p1a: Air Island\n|-start|p1a: Air Island|move: Taunt\n|cant|p1a: Air Island|move: Taunt|Sunny Day\n|move|p2b: Ninetales|Aurora Veil|p2b: Ninetales\n|-sidestart|p2: er145|move: Aurora Veil\n|move|p1b: Pheesh|Heat Wave|p2a: Tornadus|[spread] p2a,p2b\n|-supereffective|p2b: Ninetales\n|-damage|p2a: Tornadus|32\/100\n|-damage|p2b: Ninetales|0 fnt\n|faint|p2b: Ninetales\n|\n|-weather|Snow|[upkeep]\n|upkeep\n|\n|t:|1700675158\n|switch|p2b: Spectrier|Spectrier|100\/100\n|turn|2\n|\n|t:|1700675171\n|move|p2a: Tornadus|Tailwind|p2a: Tornadus\n|-sidestart|p2: er145|move: Tailwind\n|move|p2b: Spectrier|Shadow Ball|p1a: Air Island\n|-damage|p1a: Air Island|14\/100\n|-damage|p2b: Spectrier|91\/100|[from] item: Life Orb\n|move|p1b: Pheesh|Heat Wave|p2a: Tornadus|[spread] p2a,p2b\n|-damage|p2a: Tornadus|0 fnt\n|-damage|p2b: Spectrier|20\/100\n|faint|p2a: Tornadus\n|move|p1a: Air Island|Bleakwind Storm|p2b: Spectrier\n|-damage|p2b: Spectrier|0 fnt\n|faint|p2b: Spectrier\n|\n|-weather|Snow|[upkeep]\n|upkeep\n|\n|t:|1700675217\n|switch|p2b: Dipplin|Dipplin, F|100\/100\n|switch|p2a: Landorus|Landorus-Therian, M|100\/100\n|-ability|p2a: Landorus|Intimidate|boost\n|-unboost|p1a: Air Island|atk|1\n|-unboost|p1b: Pheesh|atk|1\n|-ability|p2b: Dipplin|Supersweet Syrup\n|-ability|p2b: Dipplin|Supersweet Syrup|boost\n|-unboost|p1a: Air Island|evasion|1\n|-unboost|p1b: Pheesh|evasion|1\n|turn|3\n|\n|t:|1700675229\n|switch|p1b: E.E.A.A.O.|Cresselia, F|100\/100\n|switch|p1a: Dream Stan|Ogerpon-Wellspring, F|100\/100\n|move|p2b: Dipplin|Protect|p2b: Dipplin\n|-singleturn|p2b: Dipplin|Protect\n|move|p2a: Landorus|Rock Slide|p1b: E.E.A.A.O.|[spread] p1a,p1b\n|-damage|p1a: Dream Stan|72\/100\n|-damage|p1b: E.E.A.A.O.|87\/100\n|\n|-weather|Snow|[upkeep]\n|-heal|p1b: E.E.A.A.O.|93\/100|[from] item: Leftovers\n|upkeep\n|turn|4\n|\n|t:|1700675246\n|move|p1a: Dream Stan|Spiky Shield|p1a: Dream Stan\n|-singleturn|p1a: Dream Stan|move: Protect\n|move|p2a: Landorus|Rock Slide|p1a: Dream Stan|[spread] p1b\n|-activate|p1a: Dream Stan|move: Protect\n|-damage|p1b: E.E.A.A.O.|80\/100\n|move|p2b: Dipplin|Syrup Bomb|p1a: Dream Stan\n|-activate|p1a: Dream Stan|move: Protect\n|move|p1b: E.E.A.A.O.|Icy Wind|p2b: Dipplin|[spread] p2a,p2b\n|-supereffective|p2a: Landorus\n|-supereffective|p2b: Dipplin\n|-damage|p2a: Landorus|71\/100\n|-damage|p2b: Dipplin|86\/100\n|-unboost|p2a: Landorus|spe|1\n|-unboost|p2b: Dipplin|spe|1\n|\n|-weather|Snow|[upkeep]\n|-heal|p1b: E.E.A.A.O.|86\/100|[from] item: Leftovers\n|upkeep\n|turn|5\n|\n|t:|1700675272\n|move|p2a: Landorus|Rock Slide|p1b: E.E.A.A.O.|[spread] p1a,p1b\n|-damage|p1a: Dream Stan|43\/100\n|-damage|p1b: E.E.A.A.O.|73\/100\n|move|p1a: Dream Stan|Ivy Cudgel|p2a: Landorus|[anim] Ivy Cudgel Water\n|-supereffective|p2a: Landorus\n|-crit|p2a: Landorus\n|-damage|p2a: Landorus|0 fnt\n|faint|p2a: Landorus\n|cant|p1b: E.E.A.A.O.|flinch\n|move|p2b: Dipplin|Syrup Bomb|p1a: Dream Stan\n|-damage|p1a: Dream Stan|13\/100\n|-start|p1a: Dream Stan|Syrup Bomb\n|\n|-weather|none\n|-heal|p1b: E.E.A.A.O.|79\/100|[from] item: Leftovers\n|-unboost|p1a: Dream Stan|spe|1\n|-sideend|p2: er145|move: Tailwind\n|upkeep\n|\n|t:|1700675286\n|switch|p2a: Typhlosion|Typhlosion-Hisui, F|100\/100\n|turn|6\n|\n|t:|1700675292\n|move|p1a: Dream Stan|Spiky Shield|p1a: Dream Stan\n|-singleturn|p1a: Dream Stan|move: Protect\n|move|p2a: Typhlosion|Eruption|p1b: E.E.A.A.O.|[spread] p1b\n|-activate|p1a: Dream Stan|move: Protect\n|-damage|p1b: E.E.A.A.O.|48\/100\n|move|p1b: E.E.A.A.O.|Lunar Blessing|p1b: E.E.A.A.O.|[spread] p1a,p1b\n|-heal|p1a: Dream Stan|38\/100\n|-heal|p1b: E.E.A.A.O.|73\/100\n|move|p2b: Dipplin|Pollen Puff|p1b: E.E.A.A.O.\n|-supereffective|p1b: E.E.A.A.O.\n|-damage|p1b: E.E.A.A.O.|40\/100\n|\n|-heal|p1b: E.E.A.A.O.|46\/100|[from] item: Leftovers\n|-unboost|p1a: Dream Stan|spe|1\n|upkeep\n|turn|7\n|\n|t:|1700675318\n|switch|p1a: Ghost of Apathy|Flutter Mane|100\/100\n|move|p2a: Typhlosion|Eruption|p1a: Ghost of Apathy|[spread] p1a,p1b\n|-damage|p1a: Ghost of Apathy|38\/100\n|-damage|p1b: E.E.A.A.O.|14\/100\n|move|p1b: E.E.A.A.O.|Psyshock|p2a: Typhlosion\n|-damage|p2a: Typhlosion|78\/100\n|move|p2b: Dipplin|Syrup Bomb|p1b: E.E.A.A.O.\n|-damage|p1b: E.E.A.A.O.|0 fnt\n|faint|p1b: E.E.A.A.O.\n|\n|upkeep\n|\n|t:|1700675331\n|switch|p1b: Pheesh|Chi-Yu|100\/100\n|-ability|p1b: Pheesh|Beads of Ruin\n|turn|8\n|\n|t:|1700675338\n|move|p1a: Ghost of Apathy|Protect|p1a: Ghost of Apathy\n|-singleturn|p1a: Ghost of Apathy|Protect\n|move|p2a: Typhlosion|Eruption|p1b: Pheesh|[spread] p1b\n|-activate|p1a: Ghost of Apathy|move: Protect\n|-resisted|p1b: Pheesh\n|-damage|p1b: Pheesh|77\/100\n|move|p1b: Pheesh|Dark Pulse|p2a: Typhlosion\n|-supereffective|p2a: Typhlosion\n|-damage|p2a: Typhlosion|0 fnt\n|faint|p2a: Typhlosion\n|move|p2b: Dipplin|Syrup Bomb|p1b: Pheesh\n|-resisted|p1b: Pheesh\n|-damage|p1b: Pheesh|65\/100\n|-start|p1b: Pheesh|Syrup Bomb\n|\n|-unboost|p1b: Pheesh|spe|1\n|-sideend|p2: er145|move: Aurora Veil\n|upkeep\n|turn|9\n|-message|er145 forfeited.\n|\n|win|DeeGaming\n|raw|DeeGaming's rating: 1369 &rarr; <strong>1393<\/strong><br \/>(+24 for winning)\n|raw|er145's rating: 1437 &rarr; <strong>1413<\/strong><br \/>(-24 for losing)\n|l|\u203der145\n","uploadtime":1700675461,"views":27,"p1id":"deegaming","p2id":"er145","formatid":"gen9doublesou","rating":1393,"private":0,"password":""}