{"id":"gen9doublesou-1995349744","p1":"Randomssp","p2":"dgzdr","format":"[Gen 9] Doubles OU","log":"|j|\u2606Randomssp\n|j|\u2606dgzdr\n|inactive|Battle timer is ON: inactive players will automatically lose when time's up.\n|t:|1700558048\n|gametype|doubles\n|player|p1|Randomssp|ghetsis-gen5bw|\n|player|p2|dgzdr|101|\n|teamsize|p1|6\n|teamsize|p2|6\n|gen|9\n|tier|[Gen 9] Doubles OU\n|rated|Tournament battle\n|rule|Species Clause: Limit one of each Pok\u00e9mon\n|rule|OHKO Clause: OHKO moves are banned\n|rule|Evasion Moves Clause: Evasion moves are banned\n|rule|Gravity Sleep Clause: The combination of sleep-inducing moves with imperfect accuracy and Gravity or Gigantamax Orbeetle are banned\n|rule|Endless Battle Clause: Forcing endless battles is banned\n|rule|HP Percentage Mod: HP is shown in percentages\n|clearpoke\n|poke|p1|Shiftry, M|\n|poke|p1|Sandshrew-Alola, M|\n|poke|p1|Voltorb-Hisui|\n|poke|p1|Shroodle, M|\n|poke|p1|Corviknight, M|\n|poke|p1|Fletchling, M|\n|poke|p2|Toxapex, M|\n|poke|p2|Combee, F|\n|poke|p2|Croagunk, M|\n|poke|p2|Silicobra, M|\n|poke|p2|Spinarak, F|\n|poke|p2|Tsareena, F|\n|teampreview\n|j|*Lady Monita \u2746\n|c|\u2606dgzdr|glhf\n|c|\u2606Randomssp|u2\n|\n|t:|1700558069\n|start\n|switch|p1a: Fletchling|Fletchling, M|100\/100\n|switch|p1b: Voltorb|Voltorb-Hisui|100\/100\n|switch|p2a: u|Spinarak, F|100\/100\n|switch|p2b: o|Silicobra, M|100\/100\n|turn|1\n|\n|t:|1700558078\n|move|p1a: Fletchling|Brave Bird|p2a: u\n|-supereffective|p2a: u\n|-damage|p2a: u|0 fnt\n|faint|p2a: u\n|-damage|p1a: Fletchling|72\/100|[from] Recoil\n|move|p1b: Voltorb|Substitute|p1b: Voltorb\n|-start|p1b: Voltorb|Substitute\n|-damage|p1b: Voltorb|76\/100\n|move|p2b: o|Glare|p1a: Fletchling\n|-status|p1a: Fletchling|par\n|\n|-heal|p1b: Voltorb|82\/100|[from] item: Leftovers\n|upkeep\n|\n|t:|1700558089\n|switch|p2a: i|Croagunk, M|100\/100\n|turn|2\n|\n|t:|1700558107\n|move|p2b: o|Protect|p2b: o\n|-singleturn|p2b: o|Protect\n|move|p1b: Voltorb|Leech Seed|p2b: o\n|-activate|p2b: o|move: Protect\n|move|p2a: i|Ice Punch|p1b: Voltorb\n|-supereffective|p1b: Voltorb\n|-end|p1b: Voltorb|Substitute\n|move|p1a: Fletchling|Brave Bird|p2a: i\n|-supereffective|p2a: i\n|-crit|p2a: i\n|-damage|p2a: i|0 fnt\n|faint|p2a: i\n|-damage|p1a: Fletchling|44\/100 par|[from] Recoil\n|\n|-heal|p1b: Voltorb|88\/100|[from] item: Leftovers\n|upkeep\n|\n|t:|1700558113\n|switch|p2a: e|Combee, F|100\/100\n|turn|3\n|\n|t:|1700558128\n|move|p1b: Voltorb|Substitute|p1b: Voltorb\n|-start|p1b: Voltorb|Substitute\n|-damage|p1b: Voltorb|63\/100\n|move|p2a: e|Struggle Bug|p1b: Voltorb|[spread] p1a,p1b\n|-supereffective|p1b: Voltorb\n|-end|p1b: Voltorb|Substitute\n|-resisted|p1a: Fletchling\n|-damage|p1a: Fletchling|34\/100 par\n|-unboost|p1a: Fletchling|spa|1\n|move|p2b: o|Earthquake|p1a: Fletchling|[spread] p1b\n|-immune|p2a: e\n|-immune|p1a: Fletchling\n|-damage|p1b: Voltorb|26\/100\n|move|p1a: Fletchling|Brave Bird|p2a: e\n|-supereffective|p2a: e\n|-damage|p2a: e|0 fnt\n|faint|p2a: e\n|-damage|p1a: Fletchling|11\/100 par|[from] Recoil\n|\n|-heal|p1b: Voltorb|32\/100|[from] item: Leftovers\n|upkeep\n|\n|t:|1700558138\n|switch|p2a: aeiou|Tsareena, F|100\/100\n|turn|4\n|\n|t:|1700558152\n|move|p2b: o|Protect|p2b: o\n|-singleturn|p2b: o|Protect\n|move|p1b: Voltorb|Substitute|p1b: Voltorb\n|-start|p1b: Voltorb|Substitute\n|-damage|p1b: Voltorb|7\/100\n|move|p2a: aeiou|Knock Off|p1b: Voltorb\n|-crit|p1b: Voltorb\n|-end|p1b: Voltorb|Substitute\n|cant|p1a: Fletchling|par\n|\n|-heal|p1b: Voltorb|13\/100|[from] item: Leftovers\n|upkeep\n|turn|5\n|\n|t:|1700558165\n|move|p1b: Voltorb|Protect|p1b: Voltorb\n|-singleturn|p1b: Voltorb|Protect\n|move|p2a: aeiou|Rapid Spin|p1a: Fletchling\n|-damage|p1a: Fletchling|0 fnt\n|-boost|p2a: aeiou|spe|1\n|faint|p1a: Fletchling\n|move|p2b: o|Earthquake|p1b: Voltorb|[spread] p2a\n|-activate|p1b: Voltorb|move: Protect\n|-resisted|p2a: aeiou\n|-damage|p2a: aeiou|90\/100\n|\n|-heal|p1b: Voltorb|19\/100|[from] item: Leftovers\n|upkeep\n|\n|t:|1700558183\n|switch|p1a: Corviknight|Corviknight, M|100\/100\n|turn|6\n|\n|t:|1700558194\n|move|p2a: aeiou|Knock Off|p1a: Corviknight\n|-damage|p1a: Corviknight|81\/100\n|-enditem|p1a: Corviknight|Leftovers|[from] move: Knock Off|[of] p2a: aeiou\n|move|p1b: Voltorb|Leech Seed|p2b: o\n|-start|p2b: o|move: Leech Seed\n|move|p1a: Corviknight|Iron Defense|p1a: Corviknight\n|-boost|p1a: Corviknight|def|2\n|move|p2b: o|Glare|p1a: Corviknight\n|-status|p1a: Corviknight|par\n|\n|-heal|p1b: Voltorb|25\/100|[from] item: Leftovers\n|-damage|p2b: o|88\/100|[from] Leech Seed|[of] p1b: Voltorb\n|-heal|p1b: Voltorb|39\/100|[silent]\n|upkeep\n|turn|7\n|\n|t:|1700558212\n|move|p2b: o|Protect|p2b: o\n|-singleturn|p2b: o|Protect\n|move|p2a: aeiou|U-turn|p1b: Voltorb\n|-supereffective|p1b: Voltorb\n|-damage|p1b: Voltorb|0 fnt\n|faint|p1b: Voltorb\n|\n|t:|1700558214\n|switch|p2a: a|Toxapex, M|100\/100|[from] U-turn\n|move|p1a: Corviknight|Brave Bird|p2a: a\n|-damage|p2a: a|77\/100\n|-damage|p1a: Corviknight|75\/100 par|[from] Recoil\n|\n|-heal|p2a: a|83\/100|[from] item: Leftovers\n|upkeep\n|\n|t:|1700558226\n|switch|p1b: Shroodle|Shroodle, M|100\/100\n|turn|8\n|\n|t:|1700558240\n|move|p2a: a|Baneful Bunker|p2a: a\n|-singleturn|p2a: a|move: Protect\n|move|p1b: Shroodle|Encore|p2b: o\n|-start|p2b: o|Encore\n|move|p2b: o|Protect||[still]\n|-fail|p2b: o\n|move|p1a: Corviknight|Iron Defense|p1a: Corviknight\n|-boost|p1a: Corviknight|def|2\n|\n|-heal|p2a: a|89\/100|[from] item: Leftovers\n|-damage|p2b: o|76\/100|[from] Leech Seed|[of] p1b: Shroodle\n|upkeep\n|turn|9\n|\n|t:|1700558259\n|move|p2b: o|Protect|p2b: o\n|-singleturn|p2b: o|Protect\n|move|p1b: Shroodle|Encore|p2a: a\n|-start|p2a: a|Encore\n|move|p2a: a|Baneful Bunker||[still]\n|-fail|p2a: a\n|move|p1a: Corviknight|Iron Defense|p1a: Corviknight\n|-boost|p1a: Corviknight|def|2\n|\n|-heal|p2a: a|96\/100|[from] item: Leftovers\n|-damage|p2b: o|63\/100|[from] Leech Seed|[of] p1b: Shroodle\n|upkeep\n|turn|10\n|\n|t:|1700558274\n|move|p2b: o|Protect|p2b: o\n|-singleturn|p2b: o|Protect\n|move|p2a: a|Baneful Bunker|p2a: a\n|-singleturn|p2a: a|move: Protect\n|move|p1b: Shroodle|Venoshock|p2a: a\n|-activate|p2a: a|move: Protect\n|cant|p1a: Corviknight|par\n|\n|-heal|p2a: a|100\/100|[from] item: Leftovers\n|-damage|p2b: o|51\/100|[from] Leech Seed|[of] p1b: Shroodle\n|-end|p2b: o|Encore\n|upkeep\n|turn|11\n|\n|t:|1700558291\n|move|p2a: a|Baneful Bunker||[still]\n|-fail|p2a: a\n|move|p1b: Shroodle|Venoshock|p2a: a\n|-resisted|p2a: a\n|-damage|p2a: a|97\/100\n|move|p2b: o|Glare|p1b: Shroodle\n|-status|p1b: Shroodle|par\n|move|p1a: Corviknight|Body Press|p2b: o\n|-damage|p2b: o|0 fnt\n|faint|p2b: o\n|\n|-heal|p2a: a|100\/100|[from] item: Leftovers\n|-end|p2a: a|Encore\n|upkeep\n|\n|t:|1700558297\n|switch|p2b: aeiou|Tsareena, F|90\/100\n|turn|12\n|\n|t:|1700558311\n|cant|p1b: Shroodle|par\n|move|p2b: aeiou|Knock Off|p1b: Shroodle\n|-damage|p1b: Shroodle|17\/100 par\n|-enditem|p1b: Shroodle|Leftovers|[from] move: Knock Off|[of] p2b: aeiou\n|move|p2a: a|Surf|p1a: Corviknight|[spread] p2b,p1a,p1b\n|-resisted|p2b: aeiou\n|-damage|p2b: aeiou|81\/100\n|-damage|p1a: Corviknight|61\/100 par\n|-damage|p1b: Shroodle|0 fnt\n|faint|p1b: Shroodle\n|move|p1a: Corviknight|Body Press|p2b: aeiou\n|-damage|p2b: aeiou|0 fnt\n|faint|p2b: aeiou\n|\n|upkeep\n|\n|t:|1700558328\n|switch|p1b: Shiftry|Shiftry, M|100\/100\n|turn|13\n|\n|t:|1700558342\n|move|p2a: a|Baneful Bunker|p2a: a\n|-singleturn|p2a: a|move: Protect\n|move|p1b: Shiftry|Energy Ball|p2a: a\n|-activate|p2a: a|move: Protect\n|move|p1a: Corviknight|Roost|p1a: Corviknight\n|-heal|p1a: Corviknight|100\/100 par\n|-singleturn|p1a: Corviknight|move: Roost\n|\n|upkeep\n|turn|14\n|j| tumblezz\n|\n|t:|1700558349\n|move|p1b: Shiftry|Energy Ball|p2a: a\n|-damage|p2a: a|70\/100\n|move|p2a: a|Toxic|p1b: Shiftry\n|-status|p1b: Shiftry|tox\n|cant|p1a: Corviknight|par\n|\n|-heal|p2a: a|76\/100|[from] item: Leftovers\n|-damage|p1b: Shiftry|94\/100 tox|[from] psn\n|upkeep\n|turn|15\n|\n|t:|1700558358\n|move|p2a: a|Baneful Bunker|p2a: a\n|-singleturn|p2a: a|move: Protect\n|move|p1b: Shiftry|Tailwind|p1b: Shiftry\n|-sidestart|p1: Randomssp|move: Tailwind\n|-ability|p1b: Shiftry|Wind Rider|boost\n|-boost|p1b: Shiftry|atk|1\n|cant|p1a: Corviknight|par\n|\n|-heal|p2a: a|82\/100|[from] item: Leftovers\n|-damage|p1b: Shiftry|82\/100 tox|[from] psn\n|upkeep\n|turn|16\n|\n|t:|1700558366\n|move|p1b: Shiftry|Energy Ball|p2a: a\n|-damage|p2a: a|51\/100\n|cant|p1a: Corviknight|par\n|move|p2a: a|Recover|p2a: a\n|-heal|p2a: a|100\/100\n|\n|-damage|p1b: Shiftry|63\/100 tox|[from] psn\n|upkeep\n|turn|17\n|\n|t:|1700558377\n|move|p2a: a|Baneful Bunker|p2a: a\n|-singleturn|p2a: a|move: Protect\n|move|p1b: Shiftry|Tailwind||[still]\n|-fail|p1b: Shiftry\n|move|p1a: Corviknight|Body Press|p2a: a\n|-activate|p2a: a|move: Protect\n|\n|-damage|p1b: Shiftry|38\/100 tox|[from] psn\n|upkeep\n|turn|18\n|\n|t:|1700558386\n|move|p1b: Shiftry|Energy Ball|p2a: a\n|-crit|p2a: a\n|-damage|p2a: a|56\/100\n|move|p1a: Corviknight|Body Press|p2a: a\n|-resisted|p2a: a\n|-damage|p2a: a|25\/100\n|move|p2a: a|Surf|p1a: Corviknight|[spread] p1a,p1b\n|-resisted|p1b: Shiftry\n|-damage|p1a: Corviknight|88\/100 par\n|-damage|p1b: Shiftry|28\/100 tox\n|\n|-heal|p2a: a|31\/100|[from] item: Leftovers\n|-damage|p1b: Shiftry|0 fnt|[from] psn\n|faint|p1b: Shiftry\n|-sideend|p1: Randomssp|move: Tailwind\n|upkeep\n|\n|t:|1700558394\n|switch|p1b: Sandshrew|Sandshrew-Alola, M|100\/100\n|turn|19\n|l| tumblezz\n|\n|t:|1700558407\n|move|p2a: a|Baneful Bunker|p2a: a\n|-singleturn|p2a: a|move: Protect\n|move|p1a: Corviknight|Body Press|p2a: a\n|-activate|p2a: a|move: Protect\n|move|p1b: Sandshrew|Rock Slide|p2a: a\n|-activate|p2a: a|move: Protect\n|\n|-heal|p2a: a|37\/100|[from] item: Leftovers\n|upkeep\n|turn|20\n|\n|t:|1700558415\n|move|p2a: a|Recover|p2a: a\n|-heal|p2a: a|87\/100\n|move|p1a: Corviknight|Body Press|p2a: a\n|-resisted|p2a: a\n|-damage|p2a: a|53\/100\n|move|p1b: Sandshrew|Rock Slide|p2a: a\n|-damage|p2a: a|40\/100\n|\n|-heal|p2a: a|47\/100|[from] item: Leftovers\n|upkeep\n|turn|21\n|\n|t:|1700558434\n|move|p2a: a|Recover|p2a: a\n|-heal|p2a: a|97\/100\n|cant|p1a: Corviknight|par\n|move|p1b: Sandshrew|Gyro Ball|p2a: a\n|-resisted|p2a: a\n|-damage|p2a: a|92\/100\n|\n|-heal|p2a: a|99\/100|[from] item: Leftovers\n|upkeep\n|turn|22\n|\n|t:|1700558440\n|move|p2a: a|Surf|p1b: Sandshrew|[spread] p1a,p1b\n|-damage|p1a: Corviknight|73\/100 par\n|-damage|p1b: Sandshrew|77\/100\n|move|p1a: Corviknight|Brave Bird|p2a: a\n|-damage|p2a: a|76\/100\n|-damage|p1a: Corviknight|67\/100 par|[from] Recoil\n|move|p1b: Sandshrew|Rock Slide|p2a: a|[miss]\n|-miss|p1b: Sandshrew|p2a: a\n|\n|-heal|p2a: a|82\/100|[from] item: Leftovers\n|upkeep\n|turn|23\n|\n|t:|1700558457\n|move|p2a: a|Surf|p1b: Sandshrew|[spread] p1a,p1b\n|-damage|p1a: Corviknight|53\/100 par\n|-damage|p1b: Sandshrew|54\/100\n|cant|p1a: Corviknight|par\n|move|p1b: Sandshrew|Rock Slide|p2a: a\n|-damage|p2a: a|69\/100\n|\n|-heal|p2a: a|75\/100|[from] item: Leftovers\n|upkeep\n|turn|24\n|\n|t:|1700558473\n|move|p2a: a|Surf|p1a: Corviknight|[spread] p1a,p1b\n|-damage|p1a: Corviknight|39\/100 par\n|-damage|p1b: Sandshrew|31\/100\n|move|p1a: Corviknight|Roost|p1a: Corviknight\n|-heal|p1a: Corviknight|89\/100 par\n|-singleturn|p1a: Corviknight|move: Roost\n|move|p1b: Sandshrew|Rock Slide|p2a: a\n|-damage|p2a: a|63\/100\n|\n|-heal|p2a: a|70\/100|[from] item: Leftovers\n|upkeep\n|turn|25\n|\n|t:|1700558491\n|move|p2a: a|Surf|p1a: Corviknight|[spread] p1a,p1b\n|-damage|p1a: Corviknight|76\/100 par\n|-damage|p1b: Sandshrew|8\/100\n|move|p1a: Corviknight|Brave Bird|p2a: a\n|-damage|p2a: a|46\/100\n|-damage|p1a: Corviknight|70\/100 par|[from] Recoil\n|move|p1b: Sandshrew|Gyro Ball|p2a: a\n|-resisted|p2a: a\n|-damage|p2a: a|41\/100\n|\n|-heal|p2a: a|48\/100|[from] item: Leftovers\n|upkeep\n|turn|26\n|\n|t:|1700558504\n|move|p2a: a|Baneful Bunker|p2a: a\n|-singleturn|p2a: a|move: Protect\n|move|p1a: Corviknight|Body Press|p2a: a\n|-activate|p2a: a|move: Protect\n|move|p1b: Sandshrew|Ice Spinner|p2a: a\n|-activate|p2a: a|move: Protect\n|\n|-heal|p2a: a|54\/100|[from] item: Leftovers\n|upkeep\n|turn|27\n|\n|t:|1700558509\n|move|p2a: a|Recover|p2a: a\n|-heal|p2a: a|100\/100\n|move|p1a: Corviknight|Body Press|p2a: a\n|-resisted|p2a: a\n|-damage|p2a: a|69\/100\n|move|p1b: Sandshrew|Ice Spinner|p2a: a\n|-resisted|p2a: a\n|-damage|p2a: a|60\/100\n|\n|-heal|p2a: a|66\/100|[from] item: Leftovers\n|upkeep\n|turn|28\n|\n|t:|1700558533\n|move|p2a: a|Surf|p1a: Corviknight|[spread] p1a,p1b\n|-damage|p1a: Corviknight|56\/100 par\n|-damage|p1b: Sandshrew|0 fnt\n|faint|p1b: Sandshrew\n|move|p1a: Corviknight|Brave Bird|p2a: a\n|-damage|p2a: a|44\/100\n|-damage|p1a: Corviknight|51\/100 par|[from] Recoil\n|\n|-heal|p2a: a|50\/100|[from] item: Leftovers\n|upkeep\n|turn|29\n|\n|t:|1700558548\n|move|p2a: a|Surf|p1a: Corviknight\n|-damage|p1a: Corviknight|32\/100 par\n|move|p1a: Corviknight|Brave Bird|p2a: a\n|-damage|p2a: a|27\/100\n|-damage|p1a: Corviknight|26\/100 par|[from] Recoil\n|\n|-heal|p2a: a|34\/100|[from] item: Leftovers\n|upkeep\n|turn|30\n|\n|t:|1700558554\n|move|p2a: a|Surf|p1a: Corviknight\n|-damage|p1a: Corviknight|8\/100 par\n|move|p1a: Corviknight|Roost|p1a: Corviknight\n|-heal|p1a: Corviknight|58\/100 par\n|-singleturn|p1a: Corviknight|move: Roost\n|\n|-heal|p2a: a|40\/100|[from] item: Leftovers\n|upkeep\n|turn|31\n|\n|t:|1700558559\n|move|p2a: a|Recover|p2a: a\n|-heal|p2a: a|90\/100\n|move|p1a: Corviknight|Roost|p1a: Corviknight\n|-heal|p1a: Corviknight|100\/100 par\n|-singleturn|p1a: Corviknight|move: Roost\n|\n|-heal|p2a: a|96\/100|[from] item: Leftovers\n|upkeep\n|turn|32\n|\n|t:|1700558564\n|move|p2a: a|Surf|p1a: Corviknight\n|-damage|p1a: Corviknight|84\/100 par\n|move|p1a: Corviknight|Brave Bird|p2a: a\n|-damage|p2a: a|74\/100\n|-damage|p1a: Corviknight|78\/100 par|[from] Recoil\n|\n|-heal|p2a: a|80\/100|[from] item: Leftovers\n|upkeep\n|turn|33\n|\n|t:|1700558573\n|move|p2a: a|Baneful Bunker|p2a: a\n|-singleturn|p2a: a|move: Protect\n|cant|p1a: Corviknight|par\n|\n|-heal|p2a: a|87\/100|[from] item: Leftovers\n|upkeep\n|turn|34\n|\n|t:|1700558579\n|move|p2a: a|Surf|p1a: Corviknight\n|-damage|p1a: Corviknight|61\/100 par\n|move|p1a: Corviknight|Brave Bird|p2a: a\n|-damage|p2a: a|66\/100\n|-damage|p1a: Corviknight|56\/100 par|[from] Recoil\n|\n|-heal|p2a: a|72\/100|[from] item: Leftovers\n|upkeep\n|turn|35\n|\n|t:|1700558587\n|move|p2a: a|Toxic||[still]\n|-fail|p2a: a\n|cant|p1a: Corviknight|par\n|\n|-heal|p2a: a|78\/100|[from] item: Leftovers\n|upkeep\n|turn|36\n|\n|t:|1700558598\n|-terastallize|p1a: Corviknight|Fighting\n|move|p2a: a|Toxic||[still]\n|-fail|p2a: a\n|move|p1a: Corviknight|Body Press|p2a: a\n|-resisted|p2a: a\n|-damage|p2a: a|28\/100\n|\n|-heal|p2a: a|35\/100|[from] item: Leftovers\n|upkeep\n|turn|37\n|\n|t:|1700558609\n|move|p2a: a|Baneful Bunker|p2a: a\n|-singleturn|p2a: a|move: Protect\n|move|p1a: Corviknight|Body Press|p2a: a\n|-activate|p2a: a|move: Protect\n|\n|-heal|p2a: a|41\/100|[from] item: Leftovers\n|upkeep\n|turn|38\n|\n|t:|1700558612\n|move|p2a: a|Recover|p2a: a\n|-heal|p2a: a|91\/100\n|move|p1a: Corviknight|Body Press|p2a: a\n|-resisted|p2a: a\n|-damage|p2a: a|40\/100\n|\n|-heal|p2a: a|47\/100|[from] item: Leftovers\n|upkeep\n|turn|39\n|\n|t:|1700558617\n|move|p2a: a|Recover|p2a: a\n|-heal|p2a: a|97\/100\n|cant|p1a: Corviknight|par\n|\n|-heal|p2a: a|100\/100|[from] item: Leftovers\n|upkeep\n|turn|40\n|\n|t:|1700558621\n|move|p2a: a|Surf|p1a: Corviknight\n|-damage|p1a: Corviknight|38\/100 par\n|move|p1a: Corviknight|Brave Bird|p2a: a\n|-damage|p2a: a|79\/100\n|-damage|p1a: Corviknight|32\/100 par|[from] Recoil\n|\n|-heal|p2a: a|85\/100|[from] item: Leftovers\n|upkeep\n|turn|41\n|\n|t:|1700558625\n|move|p2a: a|Surf|p1a: Corviknight\n|-damage|p1a: Corviknight|15\/100 par\n|move|p1a: Corviknight|Roost|p1a: Corviknight\n|-heal|p1a: Corviknight|65\/100 par\n|\n|-heal|p2a: a|91\/100|[from] item: Leftovers\n|upkeep\n|turn|42\n|\n|t:|1700558628\n|move|p2a: a|Surf|p1a: Corviknight\n|-damage|p1a: Corviknight|46\/100 par\n|move|p1a: Corviknight|Body Press|p2a: a\n|-resisted|p2a: a\n|-damage|p2a: a|46\/100\n|\n|-heal|p2a: a|52\/100|[from] item: Leftovers\n|upkeep\n|turn|43\n|\n|t:|1700558635\n|move|p2a: a|Baneful Bunker|p2a: a\n|-singleturn|p2a: a|move: Protect\n|move|p1a: Corviknight|Body Press|p2a: a\n|-activate|p2a: a|move: Protect\n|\n|-heal|p2a: a|58\/100|[from] item: Leftovers\n|upkeep\n|turn|44\n|\n|t:|1700558639\n|move|p2a: a|Surf|p1a: Corviknight\n|-damage|p1a: Corviknight|27\/100 par\n|move|p1a: Corviknight|Body Press|p2a: a\n|-resisted|p2a: a\n|-damage|p2a: a|9\/100\n|\n|-heal|p2a: a|15\/100|[from] item: Leftovers\n|upkeep\n|turn|45\n|\n|t:|1700558644\n|move|p2a: a|Surf|p1a: Corviknight\n|-damage|p1a: Corviknight|9\/100 par\n|move|p1a: Corviknight|Roost|p1a: Corviknight\n|-heal|p1a: Corviknight|59\/100 par\n|\n|-heal|p2a: a|21\/100|[from] item: Leftovers\n|upkeep\n|turn|46\n|\n|t:|1700558653\n|move|p2a: a|Baneful Bunker|p2a: a\n|-singleturn|p2a: a|move: Protect\n|move|p1a: Corviknight|Brave Bird|p2a: a\n|-activate|p2a: a|move: Protect\n|\n|-heal|p2a: a|27\/100|[from] item: Leftovers\n|upkeep\n|turn|47\n|\n|t:|1700558657\n|move|p2a: a|Recover|p2a: a\n|-heal|p2a: a|77\/100\n|move|p1a: Corviknight|Body Press|p2a: a\n|-resisted|p2a: a\n|-damage|p2a: a|31\/100\n|\n|-heal|p2a: a|38\/100|[from] item: Leftovers\n|upkeep\n|turn|48\n|\n|t:|1700558662\n|move|p2a: a|Baneful Bunker|p2a: a\n|-singleturn|p2a: a|move: Protect\n|move|p1a: Corviknight|Brave Bird|p2a: a\n|-activate|p2a: a|move: Protect\n|\n|-heal|p2a: a|44\/100|[from] item: Leftovers\n|upkeep\n|turn|49\n|\n|t:|1700558665\n|move|p2a: a|Surf|p1a: Corviknight\n|-damage|p1a: Corviknight|40\/100 par\n|move|p1a: Corviknight|Body Press|p2a: a\n|-resisted|p2a: a\n|-damage|p2a: a|0 fnt\n|faint|p2a: a\n|\n|win|Randomssp\n|n|\u2606Randomssp|randomssp\n|n|\u2606dgzdr|dgzdr\n|n|*Lady Monita \u2746|ladymonita\n","uploadtime":1700558667,"views":0,"p1id":"randomssp","p2id":"dgzdr","formatid":"gen9doublesou","rating":0,"private":0,"password":""}