{"id":"gen9doublesou-1997965447","p1":"SkeletonPee","p2":"BurningIcicle","format":"[Gen 9] Doubles OU","log":"|j|\u2606SkeletonPee\n|j|\u2606BurningIcicle\n|t:|1700873040\n|gametype|doubles\n|player|p1|SkeletonPee|rocketgruntf|1199\n|player|p2|BurningIcicle|thorton|1168\n|teamsize|p1|6\n|teamsize|p2|6\n|gen|9\n|tier|[Gen 9] Doubles OU\n|rated|\n|rule|Species Clause: Limit one of each Pok\u00e9mon\n|rule|OHKO Clause: OHKO moves are banned\n|rule|Evasion Moves Clause: Evasion moves are banned\n|rule|Gravity Sleep Clause: The combination of sleep-inducing moves with imperfect accuracy and Gravity or Gigantamax Orbeetle are banned\n|rule|Endless Battle Clause: Forcing endless battles is banned\n|rule|HP Percentage Mod: HP is shown in percentages\n|clearpoke\n|poke|p1|Landorus, M|\n|poke|p1|Flutter Mane|\n|poke|p1|Thundurus-Therian, M|\n|poke|p1|Ursaluna, F|\n|poke|p1|Kingambit, F|\n|poke|p1|Tornadus, M|\n|poke|p2|Farigiraf, F|\n|poke|p2|Meowscarada, M|\n|poke|p2|Inteleon, M|\n|poke|p2|Skeledirge, M|\n|poke|p2|Bronzong|\n|poke|p2|Articuno|\n|teampreview\n|inactive|Battle timer is ON: inactive players will automatically lose when time's up. (requested by SkeletonPee)\n|\n|t:|1700873054\n|start\n|switch|p1a: OG|Landorus, M|100\/100\n|switch|p1b: Hermes|Tornadus, M|100\/100\n|switch|p2a: Meowscarada|Meowscarada, M|100\/100\n|switch|p2b: Inteleon|Inteleon, M|100\/100\n|turn|1\n|\n|t:|1700873072\n|move|p1b: Hermes|Tailwind|p1b: Hermes\n|-sidestart|p1: SkeletonPee|move: Tailwind\n|move|p1a: OG|Bulldoze|p2b: Inteleon|[spread] p2a,p2b\n|-immune|p1b: Hermes\n|-resisted|p2a: Meowscarada\n|-damage|p2a: Meowscarada|68\/100\n|-damage|p2b: Inteleon|31\/100\n|move|p2a: Meowscarada|Grass Pledge|p1a: OG\n|-waiting|p2a: Meowscarada|p2b: Inteleon\n|move|p2b: Inteleon|Water Pledge|p1a: OG|[from]move: Grass Pledge\n|-combine\n|-damage|p1a: OG|0 fnt\n|-sidestart|p1: SkeletonPee|Grass Pledge\n|faint|p1a: OG\n|\n|upkeep\n|\n|t:|1700873087\n|switch|p1a: J. Cole|Thundurus-Therian, M|100\/100\n|turn|2\n|\n|t:|1700873100\n|move|p2a: Meowscarada|Knock Off|p1b: Hermes\n|-crit|p1b: Hermes\n|-damage|p1b: Hermes|33\/100\n|-enditem|p1b: Hermes|Sitrus Berry|[from] move: Knock Off|[of] p2a: Meowscarada\n|move|p2b: Inteleon|Air Slash|p1a: J. Cole\n|-resisted|p1a: J. Cole\n|-damage|p1a: J. Cole|84\/100\n|cant|p1a: J. Cole|flinch\n|move|p1b: Hermes|U-turn|p2a: Meowscarada\n|-supereffective|p2a: Meowscarada\n|-damage|p2a: Meowscarada|0 fnt\n|faint|p2a: Meowscarada\n|\n|t:|1700873118\n|switch|p1b: Luna|Ursaluna, F, shiny|100\/100|[from] U-turn\n|\n|-status|p1b: Luna|brn|[from] item: Flame Orb\n|upkeep\n|\n|t:|1700873125\n|switch|p2a: Skeledirge|Skeledirge, M|100\/100\n|turn|3\n|\n|t:|1700873145\n|-terastallize|p1b: Luna|Water\n|move|p2b: Inteleon|Water Pledge|p1b: Luna\n|-waiting|p2b: Inteleon|p2a: Skeledirge\n|move|p2a: Skeledirge|Fire Pledge|p1b: Luna|[from]move: Water Pledge\n|-combine\n|-resisted|p1b: Luna\n|-damage|p1b: Luna|64\/100 brn\n|-sidestart|p2: BurningIcicle|Water Pledge\n|move|p1a: J. Cole|Discharge|p2a: Skeledirge|[spread] p1b,p2a,p2b\n|-supereffective|p1b: Luna\n|-supereffective|p2b: Inteleon\n|-damage|p1b: Luna|0 fnt\n|-damage|p2a: Skeledirge|63\/100\n|-damage|p2b: Inteleon|0 fnt\n|faint|p1b: Luna\n|faint|p2b: Inteleon\n|\n|upkeep\n|\n|t:|1700873166\n|switch|p2b: Farigiraf|Farigiraf, F|100\/100\n|switch|p1b: Gucci Mane|Flutter Mane|100\/100\n|turn|4\n|\n|t:|1700873185\n|switch|p1a: Suzette|Kingambit, F, shiny|100\/100\n|-activate|p1a: Suzette|ability: Supreme Overlord\n|-start|p1a: Suzette|fallen2|[silent]\n|-terastallize|p2a: Skeledirge|Flying\n|move|p1b: Gucci Mane|Shadow Ball|p2a: Skeledirge\n|-damage|p2a: Skeledirge|27\/100\n|move|p2a: Skeledirge|Shadow Ball|p1b: Gucci Mane\n|-supereffective|p1b: Gucci Mane\n|-damage|p1b: Gucci Mane|42\/100\n|move|p2b: Farigiraf|Trick Room|p2b: Farigiraf\n|-fieldstart|move: Trick Room|[of] p2b: Farigiraf\n|\n|-sideend|p1: SkeletonPee|move: Tailwind\n|-sideend|p1: SkeletonPee|Grass Pledge\n|upkeep\n|turn|5\n|\n|t:|1700873205\n|move|p1a: Suzette|Sucker Punch||[still]\n|cant|p2b: Farigiraf|ability: Armor Tail|Sucker Punch|[of] p1a: Suzette\n|move|p2b: Farigiraf|Twin Beam|p1b: Gucci Mane\n|-damage|p1b: Gucci Mane|27\/100\n|-damage|p1b: Gucci Mane|12\/100\n|-hitcount|p1b: Gucci Mane|2\n|move|p2a: Skeledirge|Torch Song|p1a: Suzette\n|-supereffective|p1a: Suzette\n|-damage|p1a: Suzette|18\/100\n|-boost|p2a: Skeledirge|spa|1\n|-enditem|p1a: Suzette|Sitrus Berry|[eat]\n|-heal|p1a: Suzette|43\/100|[from] item: Sitrus Berry\n|move|p1b: Gucci Mane|Mystical Fire|p2b: Farigiraf\n|-damage|p2b: Farigiraf|71\/100\n|-unboost|p2b: Farigiraf|spa|1\n|\n|upkeep\n|turn|6\n|\n|t:|1700873225\n|move|p1a: Suzette|Kowtow Cleave|p2b: Farigiraf\n|-supereffective|p2b: Farigiraf\n|-damage|p2b: Farigiraf|0 fnt\n|faint|p2b: Farigiraf\n|move|p2a: Skeledirge|Torch Song|p1b: Gucci Mane\n|-damage|p1b: Gucci Mane|0 fnt\n|-boost|p2a: Skeledirge|spa|1\n|faint|p1b: Gucci Mane\n|-end|p1b: Gucci Mane|Protosynthesis|[silent]\n|\n|-sideend|p2: BurningIcicle|Water Pledge\n|upkeep\n|\n|t:|1700873245\n|switch|p2b: Bronzong|Bronzong|100\/100\n|switch|p1b: Hermes|Tornadus, M|33\/100\n|turn|7\n|\n|t:|1700873259\n|move|p1a: Suzette|Sucker Punch|p2a: Skeledirge\n|-damage|p2a: Skeledirge|0 fnt\n|faint|p2a: Skeledirge\n|move|p1b: Hermes|Taunt|p2b: Bronzong\n|-start|p2b: Bronzong|move: Taunt\n|move|p2b: Bronzong|Earthquake|p1b: Hermes|[spread] p1a\n|-immune|p1b: Hermes\n|-supereffective|p1a: Suzette\n|-damage|p1a: Suzette|12\/100\n|\n|upkeep\n|\n|t:|1700873268\n|switch|p2a: Articuno|Articuno|100\/100\n|-ability|p2a: Articuno|Pressure\n|turn|8\n|\n|t:|1700873277\n|move|p1a: Suzette|Protect|p1a: Suzette\n|-singleturn|p1a: Suzette|Protect\n|move|p1b: Hermes|Tailwind|p1b: Hermes\n|-sidestart|p1: SkeletonPee|move: Tailwind\n|move|p2b: Bronzong|Gyro Ball|p1b: Hermes\n|-damage|p1b: Hermes|0 fnt\n|faint|p1b: Hermes\n|move|p2a: Articuno|Air Slash|p1a: Suzette\n|-activate|p1a: Suzette|move: Protect\n|\n|-fieldend|move: Trick Room\n|upkeep\n|\n|t:|1700873287\n|switch|p1b: J. Cole|Thundurus-Therian, M|84\/100\n|turn|9\n|inactive|SkeletonPee has 120 seconds left.\n|\n|t:|1700873327\n|move|p1a: Suzette|Sucker Punch|p2b: Bronzong\n|-supereffective|p2b: Bronzong\n|-damage|p2b: Bronzong|9\/100\n|move|p1b: J. Cole|Discharge|p2b: Bronzong|[spread] p1a,p2a,p2b\n|-supereffective|p2a: Articuno\n|-damage|p1a: Suzette|0 fnt\n|-damage|p2a: Articuno|11\/100\n|-damage|p2b: Bronzong|0 fnt\n|-enditem|p2a: Articuno|Enigma Berry|[eat]\n|-heal|p2a: Articuno|36\/100|[from] item: Enigma Berry|[of] p1b: J. Cole\n|faint|p1a: Suzette\n|-end|p1a: Suzette|fallen2|[silent]\n|faint|p2b: Bronzong\n|move|p2a: Articuno|Air Slash|p1b: J. Cole\n|-resisted|p1b: J. Cole\n|-damage|p1b: J. Cole|64\/100\n|\n|upkeep\n|turn|10\n|\n|t:|1700873340\n|move|p1b: J. Cole|Discharge|p2a: Articuno\n|-supereffective|p2a: Articuno\n|-damage|p2a: Articuno|0 fnt\n|faint|p2a: Articuno\n|\n|win|SkeletonPee\n|raw|SkeletonPee's rating: 1199 &rarr; <strong>1222<\/strong><br \/>(+23 for winning)\n|raw|BurningIcicle's rating: 1168 &rarr; <strong>1145<\/strong><br \/>(-23 for losing)\n|l|\u2606BurningIcicle\n|c|\u2606SkeletonPee|Gg\n","uploadtime":1700873382,"views":1,"p1id":"skeletonpee","p2id":"burningicicle","formatid":"gen9doublesou","rating":1145,"private":0,"password":""}