{"id":"gen9doublesou-1991277464","p1":"Blue Syrius","p2":"cgtuh.ocgoj\u201dfyxtg9","format":"[Gen 9] Doubles OU","log":"|j|\u2606Blue Syrius\n|j|\u2606cgtuh.ocgoj\u201dfyxtg9\n|t:|1700063634\n|gametype|doubles\n|player|p1|Blue Syrius|ninjaboy|1281\n|player|p2|cgtuh.ocgoj\u201dfyxtg9|265|1174\n|teamsize|p1|6\n|teamsize|p2|6\n|gen|9\n|tier|[Gen 9] Doubles OU\n|rated|\n|rule|Species Clause: Limit one of each Pok\u00e9mon\n|rule|OHKO Clause: OHKO moves are banned\n|rule|Evasion Moves Clause: Evasion moves are banned\n|rule|Gravity Sleep Clause: The combination of sleep-inducing moves with imperfect accuracy and Gravity or Gigantamax Orbeetle are banned\n|rule|Endless Battle Clause: Forcing endless battles is banned\n|rule|HP Percentage Mod: HP is shown in percentages\n|clearpoke\n|poke|p1|Regidrago|\n|poke|p1|Diancie|\n|poke|p1|Chien-Pao|\n|poke|p1|Hoopa-Unbound|\n|poke|p1|Farigiraf, F|\n|poke|p1|Gholdengo|\n|poke|p2|Talonflame, F|\n|poke|p2|Meowscarada, M|\n|poke|p2|Shiftry, M|\n|poke|p2|Dragonite, M|\n|poke|p2|Ribombee, F|\n|poke|p2|Brambleghast, F|\n|teampreview\n|\n|t:|1700063649\n|start\n|switch|p1a: Diancie|Diancie, shiny|100\/100\n|switch|p1b: Chien-Pao|Chien-Pao|100\/100\n|switch|p2a: wimdy|Talonflame, F|100\/100\n|switch|p2b: wimby|Shiftry, M|100\/100\n|-ability|p1b: Chien-Pao|Sword of Ruin\n|turn|1\n|inactive|Battle timer is ON: inactive players will automatically lose when time's up. (requested by Blue Syrius)\n|inactive|cgtuh.ocgoj\u201dfyxtg9 has 120 seconds left.\n|inactive|cgtuh.ocgoj\u201dfyxtg9 has 90 seconds left.\n|\n|t:|1700063745\n|-terastallize|p1b: Chien-Pao|Ghost\n|move|p2a: wimdy|Tailwind|p2a: wimdy\n|-sidestart|p2: cgtuh.ocgoj\u201dfyxtg9|move: Tailwind\n|-ability|p2b: wimby|Wind Rider|boost\n|-boost|p2b: wimby|atk|1\n|move|p2b: wimby|Brick Break|p1b: Chien-Pao\n|-immune|p1b: Chien-Pao\n|move|p1b: Chien-Pao|Ice Spinner|p2b: wimby\n|-supereffective|p2b: wimby\n|-damage|p2b: wimby|0 fnt\n|faint|p2b: wimby\n|move|p1a: Diancie|Trick Room|p1a: Diancie\n|-fieldstart|move: Trick Room|[of] p1a: Diancie\n|\n|upkeep\n|\n|t:|1700063761\n|switch|p2b: windy|Meowscarada, M|100\/100\n|turn|2\n|\n|t:|1700063776\n|switch|p2a: wimbdy|Brambleghast, F|100\/100\n|-ability|p2a: wimbdy|Wind Rider|boost\n|-boost|p2a: wimbdy|atk|1\n|move|p1a: Diancie|Body Press|p2b: windy\n|-supereffective|p2b: windy\n|-damage|p2b: windy|0 fnt\n|faint|p2b: windy\n|move|p1b: Chien-Pao|Ice Spinner|p2a: wimbdy\n|-supereffective|p2a: wimbdy\n|-enditem|p2a: wimbdy|Focus Sash\n|-damage|p2a: wimbdy|1\/100\n|\n|upkeep\n|\n|t:|1700063787\n|switch|p2b: wimdy|Talonflame, F|100\/100\n|turn|3\n|\n|t:|1700063798\n|move|p2b: wimdy|Air Slash|p1b: Chien-Pao\n|-damage|p1b: Chien-Pao|66\/100\n|move|p1a: Diancie|Diamond Storm|p2a: wimbdy|[spread] p2a,p2b\n|-supereffective|p2b: wimdy\n|-damage|p2a: wimbdy|0 fnt\n|-damage|p2b: wimdy|0 fnt\n|faint|p2a: wimbdy\n|faint|p2b: wimdy\n|cant|p1b: Chien-Pao|flinch\n|\n|upkeep\n|\n|t:|1700063805\n|switch|p2a: palm tree|Dragonite, M, shiny|100\/100\n|switch|p2b: winby|Ribombee, F|100\/100\n|turn|4\n|inactive|cgtuh.ocgoj\u201dfyxtg9 has 120 seconds left.\n|\n|t:|1700063836\n|-terastallize|p2a: palm tree|Normal\n|move|p1a: Diancie|Diamond Storm|p2a: palm tree|[spread] p2a,p2b\n|-supereffective|p2b: winby\n|-damage|p2a: palm tree|81\/100\n|-damage|p2b: winby|0 fnt\n|faint|p2b: winby\n|move|p1b: Chien-Pao|Ice Spinner|p2a: palm tree\n|-damage|p2a: palm tree|28\/100\n|move|p2a: palm tree|Iron Head|p1a: Diancie\n|-supereffective|p1a: Diancie\n|-damage|p1a: Diancie|0 fnt\n|faint|p1a: Diancie\n|\n|-heal|p2a: palm tree|34\/100|[from] item: Leftovers\n|-sideend|p2: cgtuh.ocgoj\u201dfyxtg9|move: Tailwind\n|upkeep\n|\n|t:|1700063848\n|switch|p1a: Regidrago|Regidrago|100\/100\n|turn|5\n|\n|t:|1700063866\n|move|p2a: palm tree|Extreme Speed|p1a: Regidrago\n|-damage|p1a: Regidrago|37\/100\n|move|p1a: Regidrago|Dragon Energy|p2a: palm tree\n|-damage|p2a: palm tree|0 fnt\n|faint|p2a: palm tree\n|\n|win|Blue Syrius\n|raw|Blue Syrius's rating: 1281 &rarr; <strong>1299<\/strong><br \/>(+18 for winning)\n|raw|cgtuh.ocgoj\u201dfyxtg9's rating: 1174 &rarr; <strong>1156<\/strong><br \/>(-18 for losing)\n","uploadtime":1700063881,"views":9,"p1id":"bluesyrius","p2id":"cgtuhocgojfyxtg9","formatid":"gen9doublesou","rating":1156,"private":0,"password":""}