{"id":"gen9doublesou-1972974108","p1":"NightShadeTanooki","p2":"ProteinMan11","format":"[Gen 9] Doubles OU","log":"|j|\u2606NightShadeTanooki\n|j|\u2606ProteinMan11\n|t:|1697914409\n|gametype|doubles\n|player|p1|NightShadeTanooki|guitarist|1200\n|player|p2|ProteinMan11|hiker-gen4|1306\n|teamsize|p1|6\n|teamsize|p2|6\n|gen|9\n|tier|[Gen 9] Doubles OU\n|rated|\n|rule|Species Clause: Limit one of each Pok\u00e9mon\n|rule|OHKO Clause: OHKO moves are banned\n|rule|Evasion Moves Clause: Evasion moves are banned\n|rule|Gravity Sleep Clause: The combination of sleep-inducing moves with imperfect accuracy and Gravity or Gigantamax Orbeetle are banned\n|rule|Endless Battle Clause: Forcing endless battles is banned\n|rule|HP Percentage Mod: HP is shown in percentages\n|clearpoke\n|poke|p1|Tinkaton, F|\n|poke|p1|Ninetales-Alola, M|\n|poke|p1|Milotic, M|\n|poke|p1|Empoleon, F|\n|poke|p1|Corviknight, F|\n|poke|p1|Farigiraf, M|\n|poke|p2|Toxtricity, M|\n|poke|p2|Hariyama, M|\n|poke|p2|Flutter Mane|\n|poke|p2|Sinistcha-Masterpiece|\n|poke|p2|Clefairy, F|\n|poke|p2|Regidrago|\n|teampreview\n|inactive|Battle timer is ON: inactive players will automatically lose when time's up. (requested by ProteinMan11)\n|\n|t:|1697914420\n|start\n|switch|p1a: Ninetales|Ninetales-Alola, M, shiny|100\/100\n|switch|p1b: Milotic|Milotic, M, shiny|100\/100\n|switch|p2a: Jamal|Toxtricity, M, shiny|100\/100\n|switch|p2b: Big Fella|Hariyama, M|100\/100\n|-weather|Snow|[from] ability: Snow Warning|[of] p1a: Ninetales\n|turn|1\n|\n|t:|1697914445\n|-terastallize|p1b: Milotic|Dragon\n|move|p2b: Big Fella|Fake Out|p1a: Ninetales\n|-damage|p1a: Ninetales|84\/100\n|-damage|p2b: Big Fella|91\/100|[from] item: Life Orb\n|cant|p1a: Ninetales|flinch\n|move|p2a: Jamal|Shift Gear|p2a: Jamal\n|-boost|p2a: Jamal|spe|2\n|-boost|p2a: Jamal|atk|1\n|move|p1b: Milotic|Blizzard|p2a: Jamal|[spread] p2a,p2b\n|-damage|p2a: Jamal|58\/100\n|-damage|p2b: Big Fella|77\/100\n|-status|p2a: Jamal|frz\n|\n|-weather|Snow|[upkeep]\n|upkeep\n|turn|2\n|\n|t:|1697914470\n|switch|p2b: The Medic|Sinistcha-Masterpiece|100\/100\n|-heal|p2a: Jamal|83\/100 frz|[from] ability: Hospitality|[of] p2b: The Medic\n|move|p1b: Milotic|Helping Hand|p1a: Ninetales\n|-singleturn|p1a: Ninetales|Helping Hand|[of] p1b: Milotic\n|-curestatus|p2a: Jamal|frz|[msg]\n|move|p2a: Jamal|Boomburst|p1a: Ninetales|[spread] p1a,p1b\n|-immune|p2b: The Medic\n|-damage|p1a: Ninetales|54\/100\n|-damage|p1b: Milotic|72\/100\n|-enditem|p2a: Jamal|Throat Spray\n|-boost|p2a: Jamal|spa|1|[from] item: Throat Spray\n|move|p1a: Ninetales|Dazzling Gleam|p2a: Jamal|[spread] p2a,p2b\n|-resisted|p2a: Jamal\n|-damage|p2a: Jamal|54\/100\n|-damage|p2b: The Medic|53\/100\n|\n|-weather|Snow|[upkeep]\n|upkeep\n|turn|3\n|\n|t:|1697914495\n|-terastallize|p2a: Jamal|Normal\n|move|p2a: Jamal|Boomburst|p1b: Milotic|[spread] p1a,p1b\n|-immune|p2b: The Medic\n|-damage|p1a: Ninetales|0 fnt\n|-damage|p1b: Milotic|8\/100\n|faint|p1a: Ninetales\n|move|p2b: The Medic|Life Dew|p2b: The Medic|[spread] p2a,p2b\n|-heal|p2a: Jamal|79\/100\n|-heal|p2b: The Medic|78\/100\n|move|p1b: Milotic|Life Dew|p1b: Milotic\n|-heal|p1b: Milotic|33\/100\n|\n|-weather|Snow|[upkeep]\n|upkeep\n|c|\u2606NightShadeTanooki|Nice\n|c|\u2606ProteinMan11|tehehe\n|inactive|NightShadeTanooki has 120 seconds left.\n|\n|t:|1697914510\n|switch|p1a: Corviknight|Corviknight, F, shiny|100\/100\n|turn|4\n|\n|t:|1697914525\n|switch|p1b: Tinkaton|Tinkaton, F|100\/100\n|move|p2b: The Medic|Rage Powder|p2b: The Medic\n|-singleturn|p2b: The Medic|move: Rage Powder\n|move|p2a: Jamal|Overdrive|p1b: Tinkaton|[spread] p1a,p1b\n|-supereffective|p1a: Corviknight\n|-damage|p1a: Corviknight|0 fnt\n|-damage|p1b: Tinkaton|53\/100\n|faint|p1a: Corviknight\n|\n|-weather|Snow|[upkeep]\n|upkeep\n|\n|t:|1697914542\n|switch|p1a: Farigiraf|Farigiraf, M|100\/100\n|turn|5\n|\n|t:|1697914564\n|move|p2a: Jamal|Overdrive|p1a: Farigiraf|[spread] p1a,p1b\n|-damage|p1a: Farigiraf|46\/100\n|-damage|p1b: Tinkaton|5\/100\n|move|p2b: The Medic|Matcha Gotcha|p1b: Tinkaton|[spread] p1a,p1b\n|-resisted|p1b: Tinkaton\n|-damage|p1a: Farigiraf|23\/100\n|-heal|p2b: The Medic|94\/100|[from] drain|[of] p1a: Farigiraf\n|-damage|p1b: Tinkaton|0 fnt\n|-heal|p2b: The Medic|97\/100|[from] drain|[of] p1b: Tinkaton\n|faint|p1b: Tinkaton\n|move|p1a: Farigiraf|Shadow Ball|p2b: The Medic\n|-supereffective|p2b: The Medic\n|-damage|p2b: The Medic|29\/100\n|-unboost|p2b: The Medic|spd|1\n|-enditem|p2b: The Medic|Eject Pack\n|\n|t:|1697914578\n|switch|p2b: The Other Medic|Clefairy, F|100\/100\n|\n|-weather|none\n|upkeep\n|c|\u2606ProteinMan11|i got 2\n|c|\u2606ProteinMan11|tehehe\n|\n|t:|1697914591\n|switch|p1b: Empoleon|Empoleon, F|100\/100\n|turn|6\n|\n|t:|1697914605\n|move|p2b: The Other Medic|Helping Hand|p2a: Jamal\n|-singleturn|p2a: Jamal|Helping Hand|[of] p2b: The Other Medic\n|move|p2a: Jamal|Overdrive|p1a: Farigiraf|[spread] p1a,p1b\n|-supereffective|p1b: Empoleon\n|-damage|p1a: Farigiraf|0 fnt\n|-damage|p1b: Empoleon|0 fnt\n|faint|p1a: Farigiraf\n|faint|p1b: Empoleon\n|\n|upkeep\n|\n|t:|1697914616\n|switch|p1b: Milotic|Milotic, M, shiny, tera:Dragon|33\/100\n|turn|7\n|\n|t:|1697914633\n|switch|p2b: The Medic|Sinistcha-Masterpiece|29\/100\n|-heal|p2a: Jamal|100\/100|[from] ability: Hospitality|[of] p2b: The Medic\n|move|p2a: Jamal|Boomburst|p1b: Milotic|[spread] p1b\n|-immune|p2b: The Medic\n|-damage|p1b: Milotic|0 fnt\n|faint|p1b: Milotic\n|\n|win|ProteinMan11\n|raw|NightShadeTanooki's rating: 1200 &rarr; <strong>1182<\/strong><br \/>(-18 for losing)\n|raw|ProteinMan11's rating: 1306 &rarr; <strong>1320<\/strong><br \/>(+14 for winning)\n","uploadtime":1697914645,"views":22,"p1id":"nightshadetanooki","p2id":"proteinman11","formatid":"gen9doublesou","rating":1182,"private":0,"password":""}