{"id":"gen9doublesou-1989196103","p1":"biggums123","p2":"CROCODLLE","format":"[Gen 9] Doubles OU","log":"|j|\u2606biggums123\n|j|\u2606CROCODLLE\n|t:|1699822285\n|gametype|doubles\n|player|p1|biggums123|1|\n|player|p2|CROCODLLE|265|\n|teamsize|p1|6\n|teamsize|p2|6\n|gen|9\n|tier|[Gen 9] Doubles OU\n|rule|Species Clause: Limit one of each Pok\u00e9mon\n|rule|OHKO Clause: OHKO moves are banned\n|rule|Evasion Moves Clause: Evasion moves are banned\n|rule|Gravity Sleep Clause: The combination of sleep-inducing moves with imperfect accuracy and Gravity or Gigantamax Orbeetle are banned\n|rule|Endless Battle Clause: Forcing endless battles is banned\n|rule|HP Percentage Mod: HP is shown in percentages\n|clearpoke\n|poke|p1|Vulpix-Alola, F|\n|poke|p1|Greninja-*, M|\n|poke|p1|Cetitan, M|\n|poke|p1|Glaceon, M|\n|poke|p1|Frosmoth, M|\n|poke|p1|Avalugg-Hisui, F|\n|poke|p2|Lilligant-Hisui, F|\n|poke|p2|Dipplin, F|\n|poke|p2|Armarouge, F|\n|poke|p2|Mamoswine, F|\n|poke|p2|Slowking-Galar, F|\n|poke|p2|Azumarill, F|\n|teampreview\n|\n|t:|1699822309\n|start\n|switch|p1a: Vulpix|Vulpix-Alola, F|100\/100\n|switch|p1b: Cetitan|Cetitan, M|100\/100\n|switch|p2a: Lilligant|Lilligant-Hisui, F|100\/100\n|switch|p2b: Dipplin|Dipplin, F|100\/100\n|-weather|Snow|[from] ability: Snow Warning|[of] p1a: Vulpix\n|-ability|p2b: Dipplin|Supersweet Syrup\n|-ability|p2b: Dipplin|Supersweet Syrup|boost\n|-unboost|p1a: Vulpix|evasion|1\n|-unboost|p1b: Cetitan|evasion|1\n|turn|1\n|\n|t:|1699822348\n|-terastallize|p2a: Lilligant|Ghost\n|move|p1b: Cetitan|Ice Spinner|p2b: Dipplin\n|-supereffective|p2b: Dipplin\n|-damage|p2b: Dipplin|24\/100\n|move|p2a: Lilligant|Sleep Powder|p1b: Cetitan\n|-status|p1b: Cetitan|slp|[from] move: Sleep Powder\n|move|p1a: Vulpix|Ice Beam|p2a: Lilligant\n|-damage|p2a: Lilligant|72\/100\n|move|p2b: Dipplin|Syrup Bomb|p1a: Vulpix\n|-damage|p1a: Vulpix|76\/100\n|-start|p1a: Vulpix|Syrup Bomb\n|\n|-weather|Snow|[upkeep]\n|-unboost|p1a: Vulpix|spe|1\n|upkeep\n|turn|2\n|\n|t:|1699822387\n|switch|p1b: Avalugg|Avalugg-Hisui, F|100\/100\n|switch|p1a: Glaceon|Glaceon, M|100\/100\n|move|p2a: Lilligant|Close Combat|p1b: Avalugg\n|-supereffective|p1b: Avalugg\n|-damage|p1b: Avalugg|0 fnt\n|-unboost|p2a: Lilligant|def|1\n|-unboost|p2a: Lilligant|spd|1\n|faint|p1b: Avalugg\n|move|p2b: Dipplin|Recover|p2b: Dipplin\n|-heal|p2b: Dipplin|74\/100\n|\n|-weather|Snow|[upkeep]\n|upkeep\n|\n|t:|1699822402\n|switch|p1b: Frosmoth|Frosmoth, M|100\/100\n|turn|3\n|\n|t:|1699822421\n|move|p2a: Lilligant|Close Combat|p1a: Glaceon|[miss]\n|-miss|p2a: Lilligant|p1a: Glaceon\n|move|p1a: Glaceon|Blizzard|p2b: Dipplin|[spread] p2a,p2b\n|-supereffective|p2b: Dipplin\n|-damage|p2a: Lilligant|0 fnt\n|-damage|p2b: Dipplin|0 fnt\n|faint|p2a: Lilligant\n|faint|p2b: Dipplin\n|move|p1b: Frosmoth|Aurora Veil|p1b: Frosmoth\n|-sidestart|p1: biggums123|move: Aurora Veil\n|\n|-weather|Snow|[upkeep]\n|upkeep\n|\n|t:|1699822434\n|switch|p2a: Mamoswine|Mamoswine, F|100\/100\n|switch|p2b: Armarouge|Armarouge, F|100\/100\n|turn|4\n|\n|t:|1699822465\n|move|p2a: Mamoswine|Smack Down|p1b: Frosmoth\n|-supereffective|p1b: Frosmoth\n|-damage|p1b: Frosmoth|25\/100\n|move|p1a: Glaceon|Shadow Ball|p2b: Armarouge\n|-supereffective|p2b: Armarouge\n|-damage|p2b: Armarouge|29\/100\n|move|p1b: Frosmoth|Bug Buzz|p2b: Armarouge\n|-damage|p2b: Armarouge|0 fnt\n|faint|p2b: Armarouge\n|\n|-weather|Snow|[upkeep]\n|upkeep\n|\n|t:|1699822477\n|switch|p2b: Slowking|Slowking-Galar, F|100\/100\n|-clearboost|p2a: Mamoswine|[from] ability: Curious Medicine|[of] p2b: Slowking\n|turn|5\n|\n|t:|1699822502\n|move|p2a: Mamoswine|Smack Down|p1b: Frosmoth\n|-supereffective|p1b: Frosmoth\n|-damage|p1b: Frosmoth|0 fnt\n|faint|p1b: Frosmoth\n|move|p1a: Glaceon|Blizzard|p2b: Slowking|[spread] p2a,p2b\n|-damage|p2a: Mamoswine|69\/100\n|-damage|p2b: Slowking|75\/100\n|move|p2b: Slowking|Flamethrower|p1a: Glaceon\n|-supereffective|p1a: Glaceon\n|-crit|p1a: Glaceon\n|-damage|p1a: Glaceon|4\/100\n|\n|-weather|Snow|[upkeep]\n|upkeep\n|\n|t:|1699822513\n|switch|p1b: Greninja|Greninja, M|100\/100\n|turn|6\n|\n|t:|1699822524\n|switch|p2b: Azumarill|Azumarill, F|100\/100\n|move|p1b: Greninja|Hydro Pump|p2a: Mamoswine|[miss]\n|-start|p1b: Greninja|typechange|Water|[from] ability: Protean\n|-miss|p1b: Greninja|p2a: Mamoswine\n|move|p2a: Mamoswine|Smack Down|p1a: Glaceon|[miss]\n|-miss|p2a: Mamoswine|p1a: Glaceon\n|move|p1a: Glaceon|Blizzard|p2b: Azumarill|[spread] p2a,p2b\n|-resisted|p2b: Azumarill\n|-damage|p2a: Mamoswine|35\/100\n|-damage|p2b: Azumarill|92\/100\n|\n|-weather|Snow|[upkeep]\n|-heal|p2b: Azumarill|99\/100|[from] item: Leftovers\n|upkeep\n|turn|7\n|\n|t:|1699822544\n|move|p1b: Greninja|Hydro Pump|p2a: Mamoswine|[miss]\n|-miss|p1b: Greninja|p2a: Mamoswine\n|move|p2a: Mamoswine|Smack Down|p1a: Glaceon|[miss]\n|-miss|p2a: Mamoswine|p1a: Glaceon\n|move|p1a: Glaceon|Freeze-Dry|p2b: Azumarill\n|-supereffective|p2b: Azumarill\n|-damage|p2b: Azumarill|71\/100\n|move|p2b: Azumarill|Play Rough|p1b: Greninja\n|-damage|p1b: Greninja|81\/100\n|\n|-weather|Snow|[upkeep]\n|-heal|p2b: Azumarill|77\/100|[from] item: Leftovers\n|-sideend|p1: biggums123|move: Aurora Veil\n|upkeep\n|turn|8\n|\n|t:|1699822572\n|move|p1b: Greninja|Hydro Pump|p2a: Mamoswine|[miss]\n|-miss|p1b: Greninja|p2a: Mamoswine\n|move|p2a: Mamoswine|Smack Down|p1a: Glaceon|[miss]\n|-miss|p2a: Mamoswine|p1a: Glaceon\n|move|p1a: Glaceon|Blizzard|p2b: Azumarill|[spread] p2a,p2b\n|-resisted|p2b: Azumarill\n|-damage|p2a: Mamoswine|4\/100\n|-damage|p2b: Azumarill|69\/100\n|-status|p2b: Azumarill|frz\n|cant|p2b: Azumarill|frz\n|\n|-weather|none\n|-heal|p2b: Azumarill|75\/100 frz|[from] item: Leftovers\n|upkeep\n|turn|9\n|\n|t:|1699822592\n|switch|p1b: Cetitan|Cetitan, M|100\/100 slp\n|switch|p1a: Vulpix|Vulpix-Alola, F|76\/100\n|-weather|Snow|[from] ability: Snow Warning|[of] p1a: Vulpix\n|cant|p2b: Azumarill|frz\n|move|p2a: Mamoswine|Smack Down|p1a: Vulpix\n|-supereffective|p1a: Vulpix\n|-damage|p1a: Vulpix|0 fnt\n|faint|p1a: Vulpix\n|\n|-weather|Snow|[upkeep]\n|-heal|p2b: Azumarill|82\/100 frz|[from] item: Leftovers\n|upkeep\n|\n|t:|1699822606\n|switch|p1a: Greninja|Greninja, M|81\/100\n|turn|10\n|\n|t:|1699822617\n|move|p1a: Greninja|Blizzard|p2a: Mamoswine|[spread] p2a,p2b\n|-start|p1a: Greninja|typechange|Ice|[from] ability: Protean\n|-resisted|p2b: Azumarill\n|-damage|p2a: Mamoswine|0 fnt\n|-damage|p2b: Azumarill|75\/100 frz\n|faint|p2a: Mamoswine\n|cant|p1b: Cetitan|slp\n|cant|p2b: Azumarill|frz\n|\n|-weather|Snow|[upkeep]\n|-heal|p2b: Azumarill|81\/100 frz|[from] item: Leftovers\n|upkeep\n|\n|t:|1699822627\n|switch|p2a: Slowking|Slowking-Galar, F|75\/100\n|-clearboost|p2b: Azumarill|[from] ability: Curious Medicine|[of] p2a: Slowking\n|turn|11\n|\n|t:|1699822641\n|-terastallize|p1a: Greninja|Ice\n|move|p1a: Greninja|Blizzard|p2b: Azumarill|[spread] p2a,p2b\n|-resisted|p2b: Azumarill\n|-damage|p2a: Slowking|49\/100\n|-damage|p2b: Azumarill|71\/100 frz\n|-curestatus|p1b: Cetitan|slp|[msg]\n|move|p1b: Cetitan|Ice Spinner|p2a: Slowking\n|-damage|p2a: Slowking|8\/100\n|move|p2a: Slowking|Flamethrower|p1a: Greninja\n|-supereffective|p1a: Greninja\n|-damage|p1a: Greninja|0 fnt\n|faint|p1a: Greninja\n|cant|p2b: Azumarill|frz\n|\n|-weather|Snow|[upkeep]\n|-heal|p2b: Azumarill|77\/100 frz|[from] item: Leftovers\n|upkeep\n|\n|t:|1699822656\n|switch|p1a: Glaceon|Glaceon, M|4\/100\n|turn|12\n|\n|t:|1699822663\n|move|p1b: Cetitan|Ice Spinner|p2a: Slowking\n|-damage|p2a: Slowking|0 fnt\n|faint|p2a: Slowking\n|move|p1a: Glaceon|Blizzard|p2b: Azumarill\n|-resisted|p2b: Azumarill\n|-damage|p2b: Azumarill|66\/100 frz\n|cant|p2b: Azumarill|frz\n|\n|-weather|Snow|[upkeep]\n|-heal|p2b: Azumarill|72\/100 frz|[from] item: Leftovers\n|upkeep\n|turn|13\n|\n|t:|1699822685\n|move|p1b: Cetitan|Belly Drum|p1b: Cetitan\n|-damage|p1b: Cetitan|50\/100\n|-setboost|p1b: Cetitan|atk|6|[from] move: Belly Drum\n|-enditem|p1b: Cetitan|Sitrus Berry|[eat]\n|-heal|p1b: Cetitan|75\/100|[from] item: Sitrus Berry\n|move|p1a: Glaceon|Freeze-Dry|p2b: Azumarill\n|-supereffective|p2b: Azumarill\n|-damage|p2b: Azumarill|45\/100 frz\n|cant|p2b: Azumarill|frz\n|\n|-weather|Snow|[upkeep]\n|-heal|p2b: Azumarill|51\/100 frz|[from] item: Leftovers\n|upkeep\n|turn|14\n|\n|t:|1699822703\n|move|p1b: Cetitan|Ice Spinner|p2b: Azumarill\n|-resisted|p2b: Azumarill\n|-damage|p2b: Azumarill|10\/100 frz\n|move|p1a: Glaceon|Freeze-Dry|p2b: Azumarill\n|-supereffective|p2b: Azumarill\n|-damage|p2b: Azumarill|0 fnt\n|faint|p2b: Azumarill\n|\n|win|biggums123\n|c|\u2606biggums123|gg\n","uploadtime":1699822712,"views":22,"p1id":"biggums123","p2id":"crocodlle","formatid":"gen9doublesou","rating":0,"private":0,"password":""}