{"id":"gen9doublesou-1975518850","p1":"SXD2002","p2":"DegenVince","format":"[Gen 9] Doubles OU","log":"|j|\u2606SXD2002\n|j|\u2606DegenVince\n|t:|1698200057\n|gametype|doubles\n|player|p1|SXD2002|silver-masters|1063\n|player|p2|DegenVince|firebreather|1017\n|teamsize|p1|6\n|teamsize|p2|6\n|gen|9\n|tier|[Gen 9] Doubles OU\n|rated|\n|rule|Species Clause: Limit one of each Pok\u00e9mon\n|rule|OHKO Clause: OHKO moves are banned\n|rule|Evasion Moves Clause: Evasion moves are banned\n|rule|Gravity Sleep Clause: The combination of sleep-inducing moves with imperfect accuracy and Gravity or Gigantamax Orbeetle are banned\n|rule|Endless Battle Clause: Forcing endless battles is banned\n|rule|HP Percentage Mod: HP is shown in percentages\n|clearpoke\n|poke|p1|Lurantis, M|\n|poke|p1|Murkrow, M|\n|poke|p1|Grimmsnarl, M|\n|poke|p1|Clefairy, F|\n|poke|p1|Talonflame, M|\n|poke|p1|Espeon, M|\n|poke|p2|Vaporeon, F|\n|poke|p2|Salamence, M|\n|poke|p2|Muk-Alola, F|\n|poke|p2|Bronzong|\n|poke|p2|Infernape, F|\n|poke|p2|Chandelure, M|\n|teampreview\n|inactive|Battle timer is ON: inactive players will automatically lose when time's up. (requested by SXD2002)\n|\n|t:|1698200080\n|start\n|switch|p1a: Murkrow|Murkrow, M|100\/100\n|switch|p1b: Lurantis|Lurantis, M|100\/100\n|switch|p2a: Muk|Muk-Alola, F|100\/100\n|switch|p2b: Salamence|Salamence, M, shiny|100\/100\n|-ability|p2b: Salamence|Intimidate|boost\n|-unboost|p1a: Murkrow|atk|1\n|-boost|p1b: Lurantis|atk|1\n|turn|1\n|inactive|DegenVince has 120 seconds left.\n|\n|t:|1698200115\n|-terastallize|p1b: Lurantis|Steel\n|move|p1a: Murkrow|Screech|p1b: Lurantis\n|-boost|p1b: Lurantis|def|2\n|move|p2b: Salamence|Air Slash|p1b: Lurantis\n|-resisted|p1b: Lurantis\n|-damage|p1b: Lurantis|87\/100\n|move|p2a: Muk|Curse|p2a: Muk\n|-unboost|p2a: Muk|spe|1\n|-boost|p2a: Muk|atk|1\n|-boost|p2a: Muk|def|1\n|move|p1b: Lurantis|Superpower|p2a: Muk\n|-damage|p2a: Muk|71\/100\n|-boost|p1b: Lurantis|atk|1\n|-boost|p1b: Lurantis|def|1\n|\n|-heal|p1b: Lurantis|93\/100|[from] item: Leftovers\n|-heal|p2a: Muk|77\/100|[from] item: Leftovers\n|upkeep\n|turn|2\n|inactive|DegenVince has 120 seconds left.\n|\n|t:|1698200143\n|move|p1a: Murkrow|Feather Dance|p1b: Lurantis\n|-boost|p1b: Lurantis|atk|2\n|move|p2b: Salamence|Flamethrower|p1b: Lurantis\n|-supereffective|p1b: Lurantis\n|-damage|p1b: Lurantis|42\/100\n|move|p1b: Lurantis|Superpower|p2b: Salamence\n|-resisted|p2b: Salamence\n|-damage|p2b: Salamence|51\/100\n|-boost|p1b: Lurantis|atk|1\n|-boost|p1b: Lurantis|def|1\n|move|p2a: Muk|Curse|p2a: Muk\n|-unboost|p2a: Muk|spe|1\n|-boost|p2a: Muk|atk|1\n|-boost|p2a: Muk|def|1\n|\n|-heal|p1b: Lurantis|48\/100|[from] item: Leftovers\n|-heal|p2a: Muk|83\/100|[from] item: Leftovers\n|upkeep\n|turn|3\n|inactive|DegenVince has 120 seconds left.\n|\n|t:|1698200178\n|move|p1b: Lurantis|Protect|p1b: Lurantis\n|-singleturn|p1b: Lurantis|Protect\n|move|p2b: Salamence|Flamethrower|p1b: Lurantis\n|-activate|p1b: Lurantis|move: Protect\n|move|p1a: Murkrow|Snarl|p2a: Muk|[spread] p2a,p2b\n|-resisted|p2a: Muk\n|-damage|p2a: Muk|79\/100\n|-damage|p2b: Salamence|38\/100\n|-unboost|p2a: Muk|spa|1\n|-unboost|p2b: Salamence|spa|1\n|move|p2a: Muk|Fire Punch|p1b: Lurantis\n|-activate|p1b: Lurantis|move: Protect\n|\n|-heal|p1b: Lurantis|54\/100|[from] item: Leftovers\n|-heal|p2a: Muk|85\/100|[from] item: Leftovers\n|upkeep\n|turn|4\n|inactive|DegenVince has 120 seconds left.\n|-activate|p2b: Salamence|item: Quick Claw\n|\n|t:|1698200205\n|move|p1a: Murkrow|Thunder Wave|p2b: Salamence\n|-status|p2b: Salamence|par\n|move|p2a: Muk|Shadow Sneak|p1b: Lurantis\n|-damage|p1b: Lurantis|47\/100\n|move|p2b: Salamence|Flamethrower|p1b: Lurantis\n|-supereffective|p1b: Lurantis\n|-damage|p1b: Lurantis|18\/100\n|move|p1b: Lurantis|Leech Life|p2a: Muk\n|-damage|p2a: Muk|53\/100\n|-heal|p1b: Lurantis|34\/100|[from] drain|[of] p2a: Muk\n|\n|-heal|p1b: Lurantis|40\/100|[from] item: Leftovers\n|-heal|p2a: Muk|59\/100|[from] item: Leftovers\n|upkeep\n|turn|5\n|inactive|DegenVince has 120 seconds left.\n|\n|t:|1698200236\n|move|p1a: Murkrow|Screech|p1b: Lurantis\n|-boost|p1b: Lurantis|def|2\n|move|p2b: Salamence|Flamethrower|p1b: Lurantis\n|-supereffective|p1b: Lurantis\n|-damage|p1b: Lurantis|11\/100\n|move|p1b: Lurantis|Superpower|p2a: Muk\n|-damage|p2a: Muk|11\/100\n|-boost|p1b: Lurantis|atk|1\n|move|p2a: Muk|Curse|p2a: Muk\n|-unboost|p2a: Muk|spe|1\n|-boost|p2a: Muk|atk|1\n|-boost|p2a: Muk|def|1\n|\n|-heal|p1b: Lurantis|17\/100|[from] item: Leftovers\n|-heal|p2a: Muk|17\/100|[from] item: Leftovers\n|upkeep\n|turn|6\n|inactive|DegenVince has 120 seconds left.\n|inactive|DegenVince has 90 seconds left.\n|-activate|p2b: Salamence|item: Quick Claw\n|\n|t:|1698200279\n|switch|p1a: Clefairy|Clefairy, F|100\/100\n|move|p1b: Lurantis|Protect|p1b: Lurantis\n|-singleturn|p1b: Lurantis|Protect\n|move|p2a: Muk|Shadow Sneak|p1b: Lurantis\n|-activate|p1b: Lurantis|move: Protect\n|cant|p2b: Salamence|par\n|\n|-heal|p1b: Lurantis|23\/100|[from] item: Leftovers\n|-heal|p2a: Muk|23\/100|[from] item: Leftovers\n|upkeep\n|turn|7\n|\n|t:|1698200302\n|move|p1a: Clefairy|Follow Me|p1a: Clefairy\n|-singleturn|p1a: Clefairy|move: Follow Me\n|move|p2b: Salamence|Flamethrower|p1a: Clefairy\n|-damage|p1a: Clefairy|87\/100\n|move|p1b: Lurantis|Leaf Storm|p2a: Muk\n|-resisted|p2a: Muk\n|-damage|p2a: Muk|9\/100\n|-boost|p1b: Lurantis|spa|2\n|move|p2a: Muk|Gunk Shot|p1a: Clefairy\n|-supereffective|p1a: Clefairy\n|-damage|p1a: Clefairy|0 fnt\n|faint|p1a: Clefairy\n|\n|-heal|p1b: Lurantis|29\/100|[from] item: Leftovers\n|-heal|p2a: Muk|15\/100|[from] item: Leftovers\n|upkeep\n|\n|t:|1698200313\n|switch|p1a: Grimmsnarl|Grimmsnarl, M|100\/100\n|turn|8\n|inactive|DegenVince has 120 seconds left.\n|\n|t:|1698200327\n|move|p1a: Grimmsnarl|Fake Tears|p1b: Lurantis\n|-boost|p1b: Lurantis|spd|2\n|move|p2b: Salamence|Flamethrower|p1b: Lurantis\n|-supereffective|p1b: Lurantis\n|-damage|p1b: Lurantis|13\/100\n|move|p1b: Lurantis|Leaf Storm|p2a: Muk\n|-resisted|p2a: Muk\n|-damage|p2a: Muk|0 fnt\n|-boost|p1b: Lurantis|spa|2\n|faint|p2a: Muk\n|\n|-heal|p1b: Lurantis|19\/100|[from] item: Leftovers\n|upkeep\n|\n|t:|1698200347\n|switch|p2a: Infernape|Infernape, F, shiny|100\/100\n|turn|9\n|inactive|DegenVince has 120 seconds left.\n|-activate|p2b: Salamence|item: Quick Claw\n|\n|t:|1698200359\n|move|p1b: Lurantis|Protect|p1b: Lurantis\n|-singleturn|p1b: Lurantis|Protect\n|move|p2a: Infernape|Fake Out|p1b: Lurantis\n|-activate|p1b: Lurantis|move: Protect\n|move|p1a: Grimmsnarl|Scary Face|p2a: Infernape\n|-unboost|p2a: Infernape|spe|2\n|move|p2b: Salamence|Air Slash|p1a: Grimmsnarl\n|-damage|p1a: Grimmsnarl|80\/100\n|\n|-heal|p1a: Grimmsnarl|87\/100|[from] item: Leftovers\n|-heal|p1b: Lurantis|26\/100|[from] item: Leftovers\n|upkeep\n|turn|10\n|inactive|DegenVince has 120 seconds left.\n|\n|t:|1698200382\n|move|p1a: Grimmsnarl|Scary Face|p1b: Lurantis\n|-boost|p1b: Lurantis|spe|2\n|move|p1b: Lurantis|Superpower|p2a: Infernape\n|-damage|p2a: Infernape|0 fnt\n|faint|p2a: Infernape\n|move|p2b: Salamence|Air Slash|p1b: Lurantis\n|-resisted|p1b: Lurantis\n|-damage|p1b: Lurantis|21\/100\n|\n|-heal|p1b: Lurantis|27\/100|[from] item: Leftovers\n|-heal|p1a: Grimmsnarl|93\/100|[from] item: Leftovers\n|upkeep\n|inactive|DegenVince has 120 seconds left.\n|l|\u2606DegenVince\n|inactive|DegenVince disconnected and has a minute to reconnect!\n|player|p2|\n|inactive|DegenVince has 30 seconds to reconnect!\n|inactive|DegenVince has 20 seconds to reconnect!\n|inactive|DegenVince has 15 seconds to reconnect!\n|inactive|DegenVince has 10 seconds to reconnect!\n|inactive|DegenVince has 5 seconds to reconnect!\n|-message|DegenVince lost due to inactivity.\n|\n|win|SXD2002\n|raw|SXD2002's rating: 1063 &rarr; <strong>1090<\/strong><br \/>(+27 for winning)\n|raw|DegenVince's rating: 1017 &rarr; <strong>1006<\/strong><br \/>(-11 for losing)\n","uploadtime":1698200472,"views":9,"p1id":"sxd2002","p2id":"degenvince","formatid":"gen9doublesou","rating":1006,"private":0,"password":""}