{"id":"gen9doublesou-1979968891","p1":"Metal Jester","p2":"matesintomate","format":"[Gen 9] Doubles OU","log":"|j|\u2606Metal Jester\n|j|\u2606matesintomate\n|t:|1698739067\n|gametype|doubles\n|player|p1|Metal Jester|guitarist|1206\n|player|p2|matesintomate|harlequin|1158\n|teamsize|p1|6\n|teamsize|p2|6\n|gen|9\n|tier|[Gen 9] Doubles OU\n|rated|\n|rule|Species Clause: Limit one of each Pok\u00e9mon\n|rule|OHKO Clause: OHKO moves are banned\n|rule|Evasion Moves Clause: Evasion moves are banned\n|rule|Gravity Sleep Clause: The combination of sleep-inducing moves with imperfect accuracy and Gravity or Gigantamax Orbeetle are banned\n|rule|Endless Battle Clause: Forcing endless battles is banned\n|rule|HP Percentage Mod: HP is shown in percentages\n|clearpoke\n|poke|p1|Tornadus, M|\n|poke|p1|Stonjourner, M|\n|poke|p1|Flutter Mane|\n|poke|p1|Iron Hands|\n|poke|p1|Landorus-Therian, M|\n|poke|p1|Chien-Pao|\n|poke|p2|Masquerain, M|\n|poke|p2|Flamigo, F|\n|poke|p2|Meowscarada, F|\n|poke|p2|Tauros-Paldea-Blaze, M|\n|poke|p2|Farigiraf, F|\n|poke|p2|Coalossal, M|\n|teampreview\n|inactive|Battle timer is ON: inactive players will automatically lose when time's up. (requested by Metal Jester)\n|\n|t:|1698739076\n|start\n|switch|p1a: Tornadus|Tornadus, M|100\/100\n|switch|p1b: Stonjourner|Stonjourner, M, shiny|100\/100\n|switch|p2a: Masquerain|Masquerain, M, shiny|100\/100\n|switch|p2b: Coalossal|Coalossal, M|100\/100\n|-ability|p2a: Masquerain|Intimidate|boost\n|-unboost|p1a: Tornadus|atk|1\n|-unboost|p1b: Stonjourner|atk|1\n|turn|1\n|\n|t:|1698739092\n|move|p1a: Tornadus|Taunt|p2a: Masquerain\n|-start|p2a: Masquerain|move: Taunt\n|move|p2a: Masquerain|Aqua Jet|p2b: Coalossal\n|-supereffective|p2b: Coalossal\n|-damage|p2b: Coalossal|81\/100\n|-ability|p2b: Coalossal|Steam Engine|boost\n|-boost|p2b: Coalossal|spe|6\n|-enditem|p2b: Coalossal|Weakness Policy\n|-boost|p2b: Coalossal|atk|2|[from] item: Weakness Policy\n|-boost|p2b: Coalossal|spa|2|[from] item: Weakness Policy\n|move|p2b: Coalossal|Iron Defense|p2b: Coalossal\n|-boost|p2b: Coalossal|def|2\n|move|p1b: Stonjourner|Body Press|p2b: Coalossal\n|-supereffective|p2b: Coalossal\n|-damage|p2b: Coalossal|62\/100\n|\n|upkeep\n|turn|2\n|\n|t:|1698739121\n|-terastallize|p2b: Coalossal|Ground\n|move|p1b: Stonjourner|Wide Guard|p1b: Stonjourner\n|-singleturn|p1b: Stonjourner|Wide Guard\n|move|p2b: Coalossal|Rock Slide|p1a: Tornadus|[spread] \n|-activate|p1a: Tornadus|move: Wide Guard\n|-activate|p1b: Stonjourner|move: Wide Guard\n|move|p1a: Tornadus|Bleakwind Storm|p2b: Coalossal|[spread] p2b\n|-miss|p1a: Tornadus|p2a: Masquerain\n|-damage|p2b: Coalossal|19\/100\n|move|p2a: Masquerain|Bug Buzz|p1b: Stonjourner\n|-damage|p1b: Stonjourner|0 fnt\n|faint|p1b: Stonjourner\n|\n|upkeep\n|inactive|Metal Jester has 120 seconds left.\n|\n|t:|1698739147\n|switch|p1b: Flutter Mane|Flutter Mane|100\/100\n|turn|3\n|\n|t:|1698739152\n|switch|p2a: Flamigo|Flamigo, F|100\/100\n|-copyboost|p2a: Flamigo|p2b: Coalossal|[from] ability: Costar\n|-terastallize|p1b: Flutter Mane|Fairy\n|move|p1a: Tornadus|Tailwind|p1a: Tornadus\n|-sidestart|p1: Metal Jester|move: Tailwind\n|move|p1b: Flutter Mane|Dazzling Gleam|p2b: Coalossal|[spread] p2a,p2b\n|-supereffective|p2a: Flamigo\n|-damage|p2a: Flamigo|0 fnt\n|-damage|p2b: Coalossal|0 fnt\n|faint|p2a: Flamigo\n|faint|p2b: Coalossal\n|\n|upkeep\n|\n|t:|1698739166\n|switch|p2a: Tauros|Tauros-Paldea-Blaze, M|100\/100\n|switch|p2b: Meowscarada|Meowscarada, F|100\/100\n|turn|4\n|\n|t:|1698739182\n|move|p2b: Meowscarada|Helping Hand|p2a: Tauros\n|-start|p2b: Meowscarada|typechange|Normal|[from] ability: Protean\n|-singleturn|p2a: Tauros|Helping Hand|[of] p2b: Meowscarada\n|move|p1b: Flutter Mane|Dazzling Gleam|p2b: Meowscarada|[spread] p2a,p2b\n|-damage|p2a: Tauros|0 fnt\n|-damage|p2b: Meowscarada|11\/100\n|faint|p2a: Tauros\n|move|p1a: Tornadus|Bleakwind Storm|p2b: Meowscarada|[miss]\n|-miss|p1a: Tornadus|p2b: Meowscarada\n|\n|upkeep\n|\n|t:|1698739191\n|switch|p2a: Masquerain|Masquerain, M, shiny|100\/100\n|-ability|p2a: Masquerain|Intimidate|boost\n|-unboost|p1a: Tornadus|atk|1\n|-unboost|p1b: Flutter Mane|atk|1\n|turn|5\n|-message|matesintomate forfeited.\n|\n|win|Metal Jester\n|raw|Metal Jester's rating: 1206 &rarr; <strong>1228<\/strong><br \/>(+22 for winning)\n|raw|matesintomate's rating: 1158 &rarr; <strong>1136<\/strong><br \/>(-22 for losing)\n|l|\u2606matesintomate\n","uploadtime":1698739195,"views":25,"p1id":"metaljester","p2id":"matesintomate","formatid":"gen9doublesou","rating":1136,"private":0,"password":""}