{"id":"gen9doublesou-1979140920","p1":"Wulfo","p2":"Fire410","format":"[Gen 9] Doubles OU","log":"|j|\u2606Wulfo\n|j|\u2606Fire410\n|t:|1698637919\n|gametype|doubles\n|player|p1|Wulfo|pokemaniac|1327\n|player|p2|Fire410|koga|1303\n|teamsize|p1|6\n|teamsize|p2|6\n|gen|9\n|tier|[Gen 9] Doubles OU\n|rated|\n|rule|Species Clause: Limit one of each Pok\u00e9mon\n|rule|OHKO Clause: OHKO moves are banned\n|rule|Evasion Moves Clause: Evasion moves are banned\n|rule|Gravity Sleep Clause: The combination of sleep-inducing moves with imperfect accuracy and Gravity or Gigantamax Orbeetle are banned\n|rule|Endless Battle Clause: Forcing endless battles is banned\n|rule|HP Percentage Mod: HP is shown in percentages\n|clearpoke\n|poke|p1|Tyranitar, M|\n|poke|p1|Corviknight, M|\n|poke|p1|Garchomp, M|\n|poke|p1|Arcanine-Hisui, M|\n|poke|p1|Lycanroc-Dusk, M|\n|poke|p1|Krookodile, M|\n|poke|p2|Iron Hands|\n|poke|p2|Landorus-Therian, M|\n|poke|p2|Ogerpon-Wellspring, F|\n|poke|p2|Sinistcha-Masterpiece|\n|poke|p2|Iron Bundle|\n|poke|p2|Pelipper, M|\n|teampreview\n|\n|t:|1698637940\n|start\n|switch|p1a: Krokoboy|Krookodile, M, shiny|100\/100\n|switch|p1b: Good boi|Lycanroc-Dusk, M|100\/100\n|switch|p2a: Pelipper|Pelipper, M|100\/100\n|switch|p2b: Ogerpon|Ogerpon-Wellspring, F|100\/100\n|turn|1\n|c|\u2606Fire410|oops\n|c|\u2606Fire410|i didnt give him the right ability\n|c|\u2606Fire410|LMAO\n|j| La_Colonia\n|c|\u2606Wulfo|i noticed\n|c|\u2606Fire410|hahaha\n|c|\u2606Wulfo|i was so confused\n|c| La_Colonia|Ouch.\n|c|\u2606Fire410|lol\n|c|\u2606Fire410|!dt keen eye\n|raw|<ul class=\"utilichart\"><li class=\"result\"><span class=\"col namecol\"><a href=\"https:\/\/dex.pokemonshowdown.com\/abilities\/keeneye\">Keen Eye<\/a><\/span> <span class=\"col abilitydesccol\">This Pokemon's accuracy can't be lowered by others; ignores their evasiveness stat.<\/span> <\/li><li style=\"clear:both\"><\/li><\/ul>\n|raw|<font size=\"1\"><font color=\"#686868\">Gen:<\/font> 3&nbsp;|&ThickSpace;&#10003; Ignored by Mold Breaker<\/font>\n\n|c|\u2606Fire410|thats not very useful\n|c|\u2606Fire410|lmao\n|\n|t:|1698638016\n|switch|p1a: UU|Tyranitar, M|100\/100\n|-weather|Sandstorm|[from] ability: Sand Stream|[of] p1a: UU\n|switch|p1b: Chomper|Garchomp, M|100\/100\n|-terastallize|p2b: Ogerpon|Water\n|detailschange|p2b: Ogerpon|Ogerpon-Wellspring-Tera, F, tera:Water\n|-ability|p2b: Ogerpon|Embody Aspect (Wellspring)|boost\n|-boost|p2b: Ogerpon|spd|1\n|move|p2b: Ogerpon|Ivy Cudgel|p1b: Chomper\n|-damage|p1b: Chomper|16\/100\n|move|p2a: Pelipper|Tailwind|p2a: Pelipper\n|-sidestart|p2: Fire410|move: Tailwind\n|\n|-weather|Sandstorm|[upkeep]\n|-damage|p2b: Ogerpon|95\/100|[from] Sandstorm\n|-damage|p2a: Pelipper|94\/100|[from] Sandstorm\n|upkeep\n|turn|2\n|\n|t:|1698638063\n|move|p2b: Ogerpon|Ivy Cudgel|p1a: UU\n|-supereffective|p1a: UU\n|-damage|p1a: UU|9\/100\n|move|p1b: Chomper|Dragon Claw|p2a: Pelipper\n|-damage|p2a: Pelipper|61\/100\n|move|p2a: Pelipper|Ice Beam|p1b: Chomper\n|-supereffective|p1b: Chomper\n|-damage|p1b: Chomper|0 fnt\n|faint|p1b: Chomper\n|move|p1a: UU|Knock Off|p2b: Ogerpon\n|-damage|p2b: Ogerpon|60\/100\n|\n|-weather|Sandstorm|[upkeep]\n|-damage|p2b: Ogerpon|54\/100|[from] Sandstorm\n|-damage|p2a: Pelipper|55\/100|[from] Sandstorm\n|upkeep\n|c| La_Colonia|S tier nickname... xD\n|\n|t:|1698638087\n|switch|p1b: Good boi|Lycanroc-Dusk, M|100\/100\n|turn|3\n|c|\u2606Fire410|Good boi :D\n|c|\u2606Fire410|chomper is good too lol\n|\n|t:|1698638108\n|switch|p2a: Sinistcha|Sinistcha-Masterpiece|100\/100\n|-heal|p2b: Ogerpon|79\/100|[from] ability: Hospitality|[of] p2a: Sinistcha\n|switch|p1a: Revin|Corviknight, M, shiny|100\/100\n|-terastallize|p1b: Good boi|Rock\n|move|p1b: Good boi|Accelerock|p2a: Sinistcha\n|-damage|p2a: Sinistcha|64\/100\n|-damage|p1b: Good boi|84\/100|[from] item: Rocky Helmet|[of] p2a: Sinistcha\n|-damage|p1b: Good boi|74\/100|[from] item: Life Orb\n|move|p2b: Ogerpon|Ivy Cudgel|p1b: Good boi\n|-supereffective|p1b: Good boi\n|-crit|p1b: Good boi\n|-damage|p1b: Good boi|0 fnt\n|faint|p1b: Good boi\n|\n|-weather|Sandstorm|[upkeep]\n|-damage|p2b: Ogerpon|73\/100|[from] Sandstorm\n|-damage|p2a: Sinistcha|58\/100|[from] Sandstorm\n|upkeep\n|c| La_Colonia|Him too, but I meant UU... lol Revin, like Kevin and Raven.\n|\n|t:|1698638133\n|switch|p1b: Rocky|Arcanine-Hisui, M|100\/100\n|turn|4\n|c|\u2606Fire410|oh hahaha\n|c|\u2606Fire410|no intimidate\n|c|\u2606Fire410|Hmmm\n|\n|t:|1698638157\n|move|p2a: Sinistcha|Rage Powder|p2a: Sinistcha\n|-singleturn|p2a: Sinistcha|move: Rage Powder\n|move|p1b: Rocky|Extreme Speed|p2a: Sinistcha\n|-immune|p2a: Sinistcha\n|move|p2b: Ogerpon|Swords Dance|p2b: Ogerpon\n|-boost|p2b: Ogerpon|atk|2\n|move|p1a: Revin|Brave Bird|p2a: Sinistcha\n|-supereffective|p2a: Sinistcha\n|-crit|p2a: Sinistcha\n|-damage|p2a: Sinistcha|0 fnt\n|-damage|p1a: Revin|84\/100|[from] item: Rocky Helmet|[of] p2a: Sinistcha\n|faint|p2a: Sinistcha\n|-damage|p1a: Revin|68\/100|[from] Recoil\n|\n|-weather|Sandstorm|[upkeep]\n|-damage|p2b: Ogerpon|67\/100|[from] Sandstorm\n|-heal|p1a: Revin|74\/100|[from] item: Leftovers\n|-sideend|p2: Fire410|move: Tailwind\n|upkeep\n|\n|t:|1698638173\n|switch|p2a: Iron Hands|Iron Hands|100\/100\n|turn|5\n|\n|t:|1698638183\n|move|p2b: Ogerpon|Spiky Shield|p2b: Ogerpon\n|-singleturn|p2b: Ogerpon|move: Protect\n|move|p1b: Rocky|Protect|p1b: Rocky\n|-singleturn|p1b: Rocky|Protect\n|move|p2a: Iron Hands|Fake Out|p1a: Revin\n|-resisted|p1a: Revin\n|-damage|p1a: Revin|67\/100\n|cant|p1a: Revin|flinch\n|\n|-weather|none\n|-heal|p1a: Revin|73\/100|[from] item: Leftovers\n|upkeep\n|turn|6\n|\n|t:|1698638205\n|switch|p1b: UU|Tyranitar, M|9\/100\n|-weather|Sandstorm|[from] ability: Sand Stream|[of] p1b: UU\n|-end|p2a: Iron Hands|Quark Drive|[silent]\n|switch|p2a: Landorus|Landorus-Therian, M|100\/100\n|-ability|p2a: Landorus|Intimidate|boost\n|-ability|p1a: Revin|Mirror Armor\n|-unboost|p2a: Landorus|atk|1\n|-unboost|p1b: UU|atk|1\n|move|p2b: Ogerpon|Ivy Cudgel|p1b: UU\n|-supereffective|p1b: UU\n|-damage|p1b: UU|0 fnt\n|faint|p1b: UU\n|move|p1a: Revin|Brave Bird|p2b: Ogerpon\n|-damage|p2b: Ogerpon|21\/100\n|-damage|p1a: Revin|62\/100|[from] Recoil\n|\n|-weather|Sandstorm|[upkeep]\n|-damage|p2b: Ogerpon|15\/100|[from] Sandstorm\n|-heal|p1a: Revin|68\/100|[from] item: Leftovers\n|upkeep\n|\n|t:|1698638228\n|switch|p1b: Rocky|Arcanine-Hisui, M|100\/100\n|turn|7\n|\n|t:|1698638251\n|move|p2b: Ogerpon|Spiky Shield|p2b: Ogerpon\n|-singleturn|p2b: Ogerpon|move: Protect\n|move|p2a: Landorus|U-turn|p1b: Rocky\n|-resisted|p1b: Rocky\n|-damage|p1b: Rocky|91\/100\n|\n|t:|1698638256\n|switch|p2a: Iron Hands|Iron Hands|100\/100|[from] U-turn\n|move|p1b: Rocky|Head Smash|p2a: Iron Hands\n|-resisted|p2a: Iron Hands\n|-damage|p2a: Iron Hands|76\/100\n|move|p1a: Revin|Tailwind|p1a: Revin\n|-sidestart|p1: Wulfo|move: Tailwind\n|\n|-weather|Sandstorm|[upkeep]\n|-damage|p2b: Ogerpon|9\/100|[from] Sandstorm\n|-damage|p2a: Iron Hands|70\/100|[from] Sandstorm\n|-heal|p1a: Revin|74\/100|[from] item: Leftovers\n|-heal|p2a: Iron Hands|76\/100|[from] item: Leftovers\n|upkeep\n|turn|8\n|\n|t:|1698638277\n|move|p1b: Rocky|Protect|p1b: Rocky\n|-singleturn|p1b: Rocky|Protect\n|move|p2a: Iron Hands|Fake Out|p1b: Rocky\n|-activate|p1b: Rocky|move: Protect\n|move|p2b: Ogerpon|Ivy Cudgel|p1b: Rocky\n|-activate|p1b: Rocky|move: Protect\n|move|p1a: Revin|Brave Bird|p2a: Iron Hands\n|-damage|p2a: Iron Hands|54\/100\n|-damage|p1a: Revin|65\/100|[from] Recoil\n|\n|-weather|Sandstorm|[upkeep]\n|-damage|p2b: Ogerpon|3\/100|[from] Sandstorm\n|-damage|p2a: Iron Hands|48\/100|[from] Sandstorm\n|-heal|p1a: Revin|71\/100|[from] item: Leftovers\n|-heal|p2a: Iron Hands|54\/100|[from] item: Leftovers\n|upkeep\n|turn|9\n|inactive|Battle timer is ON: inactive players will automatically lose when time's up. (requested by Fire410)\n|\n|t:|1698638329\n|move|p1b: Rocky|Extreme Speed|p2b: Ogerpon\n|-damage|p2b: Ogerpon|0 fnt\n|faint|p2b: Ogerpon\n|move|p1a: Revin|Brave Bird|p2a: Iron Hands\n|-damage|p2a: Iron Hands|30\/100\n|-damage|p1a: Revin|61\/100|[from] Recoil\n|move|p2a: Iron Hands|Drain Punch|p1a: Revin\n|-damage|p1a: Revin|26\/100\n|-heal|p2a: Iron Hands|44\/100|[from] drain|[of] p1a: Revin\n|\n|-weather|Sandstorm|[upkeep]\n|-damage|p2a: Iron Hands|37\/100|[from] Sandstorm\n|-heal|p1a: Revin|33\/100|[from] item: Leftovers\n|-heal|p2a: Iron Hands|44\/100|[from] item: Leftovers\n|upkeep\n|\n|t:|1698638344\n|switch|p2b: Pelipper|Pelipper, M|55\/100\n|turn|10\n|\n|t:|1698638362\n|move|p2b: Pelipper|Protect|p2b: Pelipper\n|-singleturn|p2b: Pelipper|Protect\n|move|p1b: Rocky|Head Smash|p2b: Pelipper\n|-activate|p2b: Pelipper|move: Protect\n|move|p1a: Revin|Brave Bird|p2a: Iron Hands\n|-damage|p2a: Iron Hands|22\/100\n|-damage|p1a: Revin|24\/100|[from] Recoil\n|move|p2a: Iron Hands|Drain Punch|p1b: Rocky\n|-supereffective|p1b: Rocky\n|-damage|p1b: Rocky|0 fnt\n|-heal|p2a: Iron Hands|57\/100|[from] drain|[of] p1b: Rocky\n|faint|p1b: Rocky\n|\n|-weather|none\n|-heal|p1a: Revin|30\/100|[from] item: Leftovers\n|-heal|p2a: Iron Hands|63\/100|[from] item: Leftovers\n|-sideend|p1: Wulfo|move: Tailwind\n|upkeep\n|\n|t:|1698638377\n|switch|p1b: Krokoboy|Krookodile, M, shiny|100\/100\n|turn|11\n|\n|t:|1698638407\n|-end|p2a: Iron Hands|Quark Drive|[silent]\n|switch|p2a: Landorus|Landorus-Therian, M|100\/100\n|-ability|p2a: Landorus|Intimidate|boost\n|-ability|p1a: Revin|Mirror Armor\n|-unboost|p2a: Landorus|atk|1\n|-unboost|p1b: Krokoboy|atk|1\n|move|p1b: Krokoboy|Earthquake|p2b: Pelipper|[spread] \n|-immune|p1a: Revin\n|-immune|p2a: Landorus\n|-immune|p2b: Pelipper\n|move|p2b: Pelipper|Tailwind|p2b: Pelipper\n|-sidestart|p2: Fire410|move: Tailwind\n|move|p1a: Revin|Brave Bird|p2a: Landorus\n|-damage|p2a: Landorus|55\/100\n|-damage|p1a: Revin|18\/100|[from] Recoil\n|\n|-heal|p1a: Revin|24\/100|[from] item: Leftovers\n|upkeep\n|turn|12\n|c|\u2606Fire410|ouch\n|c|\u2606Fire410|that earthquake turn hurts\n|\n|t:|1698638431\n|move|p2b: Pelipper|Protect|p2b: Pelipper\n|-singleturn|p2b: Pelipper|Protect\n|move|p2a: Landorus|Rock Slide|p1a: Revin|[spread] p1b\n|-miss|p2a: Landorus|p1a: Revin\n|-resisted|p1b: Krokoboy\n|-damage|p1b: Krokoboy|92\/100\n|move|p1b: Krokoboy|Earthquake|p2a: Landorus|[spread] \n|-activate|p2b: Pelipper|move: Protect\n|-immune|p1a: Revin\n|-immune|p2a: Landorus\n|move|p1a: Revin|Brave Bird|p2a: Landorus\n|-damage|p2a: Landorus|13\/100\n|-damage|p1a: Revin|13\/100|[from] Recoil\n|\n|-heal|p1a: Revin|19\/100|[from] item: Leftovers\n|upkeep\n|turn|13\n|l| La_Colonia\n|\n|t:|1698638451\n|move|p2a: Landorus|Rock Slide|p1a: Revin|[spread] p1a,p1b\n|-crit|p1a: Revin\n|-resisted|p1b: Krokoboy\n|-damage|p1a: Revin|0 fnt\n|-damage|p1b: Krokoboy|84\/100\n|faint|p1a: Revin\n|move|p1b: Krokoboy|Earthquake|p2b: Pelipper|[spread] \n|-immune|p2a: Landorus\n|-immune|p2b: Pelipper\n|move|p2b: Pelipper|Ice Beam|p1b: Krokoboy\n|-supereffective|p1b: Krokoboy\n|-damage|p1b: Krokoboy|27\/100\n|\n|upkeep\n|turn|14\n|c|\u2606Wulfo|gg\n|c|\u2606Fire410|ohno\n|-message|Wulfo forfeited.\n|\n|win|Fire410\n|raw|Wulfo's rating: 1327 &rarr; <strong>1306<\/strong><br \/>(-21 for losing)\n|raw|Fire410's rating: 1303 &rarr; <strong>1324<\/strong><br \/>(+21 for winning)\n|l|\u2606Wulfo\n|c|\u2606Fire410|are you choice banded\n","uploadtime":1698638474,"views":24,"p1id":"wulfo","p2id":"fire410","formatid":"gen9doublesou","rating":1306,"private":0,"password":""}