{"id":"gen9doublesou-1973972850","p1":"NPopat","p2":"Pedrohjv","format":"[Gen 9] Doubles OU","log":"|j|\u2606NPopat\n|j|\u2606Pedrohjv\n|inactive|Battle timer is ON: inactive players will automatically lose when time's up.\n|t:|1698035038\n|gametype|doubles\n|player|p1|NPopat|266|\n|player|p2|Pedrohjv|169|\n|teamsize|p1|6\n|teamsize|p2|6\n|gen|9\n|tier|[Gen 9] Doubles OU\n|rated|Tournament battle\n|rule|Species Clause: Limit one of each Pok\u00e9mon\n|rule|OHKO Clause: OHKO moves are banned\n|rule|Evasion Moves Clause: Evasion moves are banned\n|rule|Gravity Sleep Clause: The combination of sleep-inducing moves with imperfect accuracy and Gravity or Gigantamax Orbeetle are banned\n|rule|Endless Battle Clause: Forcing endless battles is banned\n|rule|HP Percentage Mod: HP is shown in percentages\n|clearpoke\n|poke|p1|Toxapex, F|\n|poke|p1|Dudunsparce-*, M|\n|poke|p1|Piloswine, F|\n|poke|p1|Furret, F|\n|poke|p1|Chandelure, M|\n|poke|p1|Talonflame, F|\n|poke|p2|Tinkatuff, F|\n|poke|p2|Litleo, M|\n|poke|p2|Lumineon, F|\n|poke|p2|Garchomp, F|\n|poke|p2|Rillaboom, F|\n|poke|p2|Froslass, F|\n|teampreview\n|j|*Lady Monita \u263d\n|j| DreamyFleur\n|c|\u2606NPopat|gl\n|\n|t:|1698035048\n|start\n|switch|p1a: Furret|Furret, F|100\/100\n|switch|p1b: Piloswine|Piloswine, F|100\/100\n|switch|p2a: Lumineon|Lumineon, F|100\/100\n|switch|p2b: Tinkatuff|Tinkatuff, F|100\/100\n|-item|p2a: Lumineon|Sitrus Berry|[from] ability: Frisk|[of] p1a: Furret|[identify]\n|-item|p2b: Tinkatuff|Eviolite|[from] ability: Frisk|[of] p1a: Furret|[identify]\n|-ability|p2b: Tinkatuff|Mold Breaker\n|turn|1\n|\n|t:|1698035064\n|move|p2b: Tinkatuff|Fake Out|p1a: Furret\n|-damage|p1a: Furret|89\/100\n|cant|p1a: Furret|flinch\n|move|p2a: Lumineon|Tailwind|p2a: Lumineon\n|-sidestart|p2: Pedrohjv|move: Tailwind\n|move|p1b: Piloswine|High Horsepower|p2b: Tinkatuff\n|-supereffective|p2b: Tinkatuff\n|-damage|p2b: Tinkatuff|3\/100\n|\n|upkeep\n|turn|2\n|\n|t:|1698035081\n|move|p1b: Piloswine|Ice Shard|p2b: Tinkatuff\n|-resisted|p2b: Tinkatuff\n|-damage|p2b: Tinkatuff|0 fnt\n|faint|p2b: Tinkatuff\n|move|p2a: Lumineon|Hydro Pump|p1b: Piloswine\n|-supereffective|p1b: Piloswine\n|-damage|p1b: Piloswine|41\/100\n|move|p1a: Furret|Super Fang|p2a: Lumineon\n|-damage|p2a: Lumineon|51\/100\n|\n|upkeep\n|\n|t:|1698035091\n|switch|p2b: Litleo|Litleo, M|100\/100\n|turn|3\n|\n|t:|1698035099\n|move|p1a: Furret|Follow Me|p1a: Furret\n|-singleturn|p1a: Furret|move: Follow Me\n|move|p2a: Lumineon|Hydro Pump|p1a: Furret\n|-damage|p1a: Furret|56\/100\n|move|p2b: Litleo|Will-O-Wisp|p1a: Furret\n|-status|p1a: Furret|brn\n|move|p1b: Piloswine|Rock Slide|p2b: Litleo|[spread] p2a,p2b\n|-supereffective|p2b: Litleo\n|-damage|p2a: Lumineon|25\/100\n|-damage|p2b: Litleo|49\/100\n|-enditem|p2a: Lumineon|Sitrus Berry|[eat]\n|-heal|p2a: Lumineon|49\/100|[from] item: Sitrus Berry\n|\n|-damage|p1a: Furret|50\/100 brn|[from] brn\n|upkeep\n|turn|4\n|\n|t:|1698035113\n|move|p1a: Furret|Follow Me|p1a: Furret\n|-singleturn|p1a: Furret|move: Follow Me\n|move|p2a: Lumineon|Dazzling Gleam|p1b: Piloswine|[spread] p1a,p1b\n|-damage|p1a: Furret|37\/100 brn\n|-damage|p1b: Piloswine|30\/100\n|move|p2b: Litleo|Heat Wave|p1b: Piloswine|[spread] p1a,p1b\n|-supereffective|p1b: Piloswine\n|-damage|p1a: Furret|13\/100 brn\n|-damage|p1b: Piloswine|11\/100\n|move|p1b: Piloswine|Rock Slide|p2b: Litleo|[spread] p2a,p2b\n|-supereffective|p2b: Litleo\n|-damage|p2a: Lumineon|26\/100\n|-damage|p2b: Litleo|1\/100\n|\n|-damage|p1a: Furret|7\/100 brn|[from] brn\n|-sideend|p2: Pedrohjv|move: Tailwind\n|upkeep\n|turn|5\n|\n|t:|1698035131\n|switch|p2b: Froslass|Froslass, F|100\/100\n|move|p1a: Furret|Follow Me|p1a: Furret\n|-singleturn|p1a: Furret|move: Follow Me\n|move|p1b: Piloswine|Ice Shard|p2b: Froslass\n|-resisted|p2b: Froslass\n|-damage|p2b: Froslass|86\/100\n|-start|p1b: Piloswine|Disable|Ice Shard|[from] ability: Cursed Body|[of] p2b: Froslass\n|move|p2a: Lumineon|Tailwind|p2a: Lumineon\n|-sidestart|p2: Pedrohjv|move: Tailwind\n|\n|-damage|p1a: Furret|0 fnt|[from] brn\n|faint|p1a: Furret\n|upkeep\n|\n|t:|1698035135\n|switch|p1a: Talonflame|Talonflame, F|100\/100\n|turn|6\n|\n|t:|1698035148\n|move|p1a: Talonflame|Tailwind|p1a: Talonflame\n|-sidestart|p1: NPopat|move: Tailwind\n|move|p2b: Froslass|Icy Wind|p1a: Talonflame|[spread] p1a,p1b\n|-damage|p1a: Talonflame|73\/100\n|-damage|p1b: Piloswine|3\/100\n|-unboost|p1a: Talonflame|spe|1\n|-unboost|p1b: Piloswine|spe|1\n|move|p2a: Lumineon|Hydro Pump|p1a: Talonflame\n|-supereffective|p1a: Talonflame\n|-damage|p1a: Talonflame|0 fnt\n|faint|p1a: Talonflame\n|move|p1b: Piloswine|Rock Slide|p2a: Lumineon|[spread] p2a,p2b\n|-supereffective|p2b: Froslass\n|-damage|p2a: Lumineon|1\/100\n|-damage|p2b: Froslass|26\/100\n|\n|upkeep\n|\n|t:|1698035162\n|switch|p1a: Chandelure|Chandelure, M|100\/100\n|turn|7\n|\n|t:|1698035169\n|move|p1a: Chandelure|Heat Wave|p2b: Froslass|[spread] p2a,p2b\n|-resisted|p2a: Lumineon\n|-supereffective|p2b: Froslass\n|-damage|p2a: Lumineon|0 fnt\n|-damage|p2b: Froslass|0 fnt\n|-start|p1a: Chandelure|Disable|Heat Wave|[from] ability: Cursed Body|[of] p2b: Froslass\n|faint|p2a: Lumineon\n|faint|p2b: Froslass\n|move|p1b: Piloswine|Rock Slide|p2: Lumineon|[notarget]\n|-fail|p1b: Piloswine\n|\n|upkeep\n|\n|t:|1698035194\n|switch|p2b: Garchomp|Garchomp, F|100\/100\n|switch|p2a: Litleo|Litleo, M|1\/100\n|turn|8\n|\n|t:|1698035205\n|switch|p1a: Toxapex|Toxapex, F|100\/100\n|move|p2b: Garchomp|Rock Slide|p1b: Piloswine|[spread] p1a,p1b\n|-crit|p1a: Toxapex\n|-damage|p1a: Toxapex|76\/100\n|-damage|p1b: Piloswine|0 fnt\n|faint|p1b: Piloswine\n|-damage|p2b: Garchomp|91\/100|[from] item: Life Orb\n|move|p2a: Litleo|Hyper Voice|p1a: Toxapex\n|-crit|p1a: Toxapex\n|-damage|p1a: Toxapex|36\/100\n|\n|-heal|p1a: Toxapex|42\/100|[from] item: Black Sludge\n|-sideend|p2: Pedrohjv|move: Tailwind\n|upkeep\n|\n|t:|1698035216\n|switch|p1b: Chandelure|Chandelure, M|100\/100\n|turn|9\n|\n|t:|1698035229\n|move|p1b: Chandelure|Heat Wave|p2b: Garchomp|[spread] p2a,p2b\n|-resisted|p2a: Litleo\n|-resisted|p2b: Garchomp\n|-damage|p2a: Litleo|0 fnt\n|-damage|p2b: Garchomp|69\/100\n|-status|p2b: Garchomp|brn\n|faint|p2a: Litleo\n|move|p2b: Garchomp|Rock Slide|p1b: Chandelure|[spread] p1a,p1b\n|-supereffective|p1b: Chandelure\n|-damage|p1a: Toxapex|33\/100\n|-damage|p1b: Chandelure|61\/100\n|-damage|p2b: Garchomp|60\/100 brn|[from] item: Life Orb\n|move|p1a: Toxapex|Hydro Pump|p2b: Garchomp\n|-damage|p2b: Garchomp|34\/100 brn\n|\n|-heal|p1a: Toxapex|39\/100|[from] item: Black Sludge\n|-damage|p2b: Garchomp|28\/100 brn|[from] brn\n|-sideend|p1: NPopat|move: Tailwind\n|upkeep\n|\n|t:|1698035236\n|switch|p2a: Rillaboom|Rillaboom, F|100\/100\n|-fieldstart|move: Grassy Terrain|[from] ability: Grassy Surge|[of] p2a: Rillaboom\n|turn|10\n|c|\u2606NPopat|gg\n|\n|t:|1698035245\n|move|p1b: Chandelure|Heat Wave|p2a: Rillaboom|[spread] p2a\n|-miss|p1b: Chandelure|p2b: Garchomp\n|-supereffective|p2a: Rillaboom\n|-damage|p2a: Rillaboom|13\/100\n|move|p2b: Garchomp|Rock Slide|p1b: Chandelure|[spread] p1a,p1b\n|-supereffective|p1b: Chandelure\n|-damage|p1a: Toxapex|31\/100\n|-damage|p1b: Chandelure|21\/100\n|-damage|p2b: Garchomp|18\/100 brn|[from] item: Life Orb\n|move|p2a: Rillaboom|Knock Off|p1b: Chandelure\n|-supereffective|p1b: Chandelure\n|-damage|p1b: Chandelure|0 fnt\n|-enditem|p1b: Chandelure|Choice Scarf|[from] move: Knock Off|[of] p2a: Rillaboom\n|faint|p1b: Chandelure\n|move|p1a: Toxapex|Recover|p1a: Toxapex\n|-heal|p1a: Toxapex|81\/100\n|\n|-heal|p2b: Garchomp|25\/100 brn|[from] Grassy Terrain\n|-heal|p2a: Rillaboom|19\/100|[from] Grassy Terrain\n|-heal|p1a: Toxapex|87\/100|[from] Grassy Terrain\n|-heal|p1a: Toxapex|93\/100|[from] item: Black Sludge\n|-damage|p2b: Garchomp|18\/100 brn|[from] brn\n|upkeep\n|\n|t:|1698035249\n|switch|p1b: Dudunsparce|Dudunsparce, M|100\/100\n|turn|11\n|\n|t:|1698035255\n|-terastallize|p2a: Rillaboom|Grass\n|move|p2a: Rillaboom|Grassy Glide|p1a: Toxapex\n|-damage|p1a: Toxapex|66\/100\n|move|p2b: Garchomp|Iron Head|p1b: Dudunsparce\n|-damage|p1b: Dudunsparce|82\/100\n|-damage|p2b: Garchomp|9\/100 brn|[from] item: Life Orb\n|move|p1b: Dudunsparce|Hyper Voice|p2a: Rillaboom|[spread] p2a,p2b\n|-damage|p2a: Rillaboom|0 fnt\n|-damage|p2b: Garchomp|0 fnt\n|faint|p2a: Rillaboom\n|faint|p2b: Garchomp\n|\n|win|NPopat\n|n|\u2606NPopat|npopat\n|n|\u2606Pedrohjv|pedrohjv\n|n|*Lady Monita \u263d|ladymonita\n|n| DreamyFleur|dreamyfleur\n","uploadtime":1698035255,"views":22,"p1id":"npopat","p2id":"pedrohjv","formatid":"gen9doublesou","rating":0,"private":0,"password":""}