{"id":"gen9doublesou-1996096832","p1":"blazingk11","p2":"tom-bomb117","format":"[Gen 9] Doubles OU","log":"|j|\u2606blazingk11\n|j|\u2606tom-bomb117\n|t:|1700643553\n|gametype|doubles\n|player|p1|blazingk11|pokemonbreederf-gen4|1238\n|player|p2|tom-bomb117|170|1258\n|teamsize|p1|6\n|teamsize|p2|6\n|gen|9\n|tier|[Gen 9] Doubles OU\n|rated|\n|rule|Species Clause: Limit one of each Pok\u00e9mon\n|rule|OHKO Clause: OHKO moves are banned\n|rule|Evasion Moves Clause: Evasion moves are banned\n|rule|Gravity Sleep Clause: The combination of sleep-inducing moves with imperfect accuracy and Gravity or Gigantamax Orbeetle are banned\n|rule|Endless Battle Clause: Forcing endless battles is banned\n|rule|HP Percentage Mod: HP is shown in percentages\n|clearpoke\n|poke|p1|Garchomp, M|\n|poke|p1|Tyranitar, F|\n|poke|p1|Ursaluna, M|\n|poke|p1|Ting-Lu|\n|poke|p1|Landorus-Therian, M|\n|poke|p1|Gastrodon-East, F|\n|poke|p2|Cinderace, F|\n|poke|p2|Torkoal, M|\n|poke|p2|Victreebel, M|\n|poke|p2|Dragonite, F|\n|poke|p2|Dondozo, M|\n|poke|p2|Kingambit, F|\n|teampreview\n|\n|t:|1700643576\n|start\n|switch|p1a: Ting-Lu|Ting-Lu|100\/100\n|switch|p1b: Landorus|Landorus-Therian, M|100\/100\n|switch|p2a: Kingambit|Kingambit, F|100\/100\n|switch|p2b: Dondozo|Dondozo, M|100\/100\n|-ability|p1b: Landorus|Intimidate|boost\n|-unboost|p2a: Kingambit|atk|1\n|-ability|p2a: Kingambit|Defiant|boost\n|-boost|p2a: Kingambit|atk|2\n|-enditem|p1b: Landorus|Mirror Herb\n|-boost|p1b: Landorus|atk|2|[from] item: Mirror Herb\n|-unboost|p2b: Dondozo|atk|1\n|-ability|p1a: Ting-Lu|Vessel of Ruin\n|turn|1\n|\n|t:|1700643628\n|move|p1b: Landorus|U-turn|p2a: Kingambit\n|-damage|p2a: Kingambit|66\/100\n|\n|t:|1700643634\n|switch|p1b: Garchomp|Garchomp, M|100\/100|[from] U-turn\n|move|p2a: Kingambit|Swords Dance|p2a: Kingambit\n|-boost|p2a: Kingambit|atk|2\n|move|p1a: Ting-Lu|Body Press|p2a: Kingambit\n|-supereffective|p2a: Kingambit\n|-damage|p2a: Kingambit|0 fnt\n|faint|p2a: Kingambit\n|move|p2b: Dondozo|Avalanche|p1b: Garchomp\n|-supereffective|p1b: Garchomp\n|-damage|p1b: Garchomp|63\/100\n|-damage|p2b: Dondozo|88\/100|[from] ability: Rough Skin|[of] p1b: Garchomp\n|\n|-heal|p1b: Garchomp|69\/100|[from] item: Leftovers\n|upkeep\n|\n|t:|1700643649\n|switch|p2a: Dragonite|Dragonite, F|100\/100\n|turn|2\n|\n|t:|1700643669\n|-terastallize|p2a: Dragonite|Fairy\n|move|p2a: Dragonite|Dragon Dance|p2a: Dragonite\n|-boost|p2a: Dragonite|atk|1\n|-boost|p2a: Dragonite|spe|1\n|move|p1b: Garchomp|Swords Dance|p1b: Garchomp\n|-boost|p1b: Garchomp|atk|2\n|move|p1a: Ting-Lu|Stealth Rock|p2a: Dragonite\n|-sidestart|p2: tom-bomb117|move: Stealth Rock\n|move|p2b: Dondozo|Curse|p2b: Dondozo\n|-unboost|p2b: Dondozo|spe|1\n|-boost|p2b: Dondozo|atk|1\n|-boost|p2b: Dondozo|def|1\n|\n|-heal|p1b: Garchomp|75\/100|[from] item: Leftovers\n|upkeep\n|turn|3\n|\n|t:|1700643700\n|-terastallize|p1b: Garchomp|Fire\n|move|p2a: Dragonite|Dragon Claw|p1b: Garchomp\n|-damage|p1b: Garchomp|24\/100\n|-damage|p2a: Dragonite|88\/100|[from] ability: Rough Skin|[of] p1b: Garchomp\n|move|p1b: Garchomp|Earthquake|p2b: Dondozo|[spread] p1a,p2a,p2b\n|-damage|p1a: Ting-Lu|70\/100\n|-damage|p2a: Dragonite|9\/100\n|-damage|p2b: Dondozo|74\/100\n|move|p1a: Ting-Lu|Ruination|p2b: Dondozo\n|-damage|p2b: Dondozo|37\/100\n|move|p2b: Dondozo|Curse|p2b: Dondozo\n|-unboost|p2b: Dondozo|spe|1\n|-boost|p2b: Dondozo|atk|1\n|-boost|p2b: Dondozo|def|1\n|\n|-heal|p2a: Dragonite|15\/100|[from] item: Leftovers\n|-heal|p1b: Garchomp|30\/100|[from] item: Leftovers\n|upkeep\n|turn|4\n|\n|t:|1700643732\n|switch|p1b: Landorus|Landorus-Therian, M|100\/100\n|-ability|p1b: Landorus|Intimidate|boost\n|-unboost|p2a: Dragonite|atk|1\n|-unboost|p2b: Dondozo|atk|1\n|switch|p1a: Tyranitar|Tyranitar, F, shiny|100\/100\n|-weather|Sandstorm|[from] ability: Sand Stream|[of] p1a: Tyranitar\n|move|p2a: Dragonite|Dragon Claw|p1b: Landorus\n|-damage|p1b: Landorus|49\/100\n|move|p2b: Dondozo|Rest|p2b: Dondozo\n|-status|p2b: Dondozo|slp|[from] move: Rest\n|-enditem|p2b: Dondozo|Lum Berry|[eat]\n|-curestatus|p2b: Dondozo|slp|[msg]\n|-heal|p2b: Dondozo|100\/100|[silent]\n|\n|-weather|Sandstorm|[upkeep]\n|-damage|p2a: Dragonite|9\/100|[from] Sandstorm\n|-damage|p2b: Dondozo|94\/100|[from] Sandstorm\n|-heal|p2a: Dragonite|15\/100|[from] item: Leftovers\n|upkeep\n|turn|5\n|\n|t:|1700643763\n|move|p2a: Dragonite|Dragon Claw|p1b: Landorus\n|-damage|p1b: Landorus|3\/100\n|move|p1b: Landorus|Sandsear Storm|p2b: Dondozo|[spread] p2a,p2b\n|-damage|p2a: Dragonite|0 fnt\n|-damage|p2b: Dondozo|72\/100\n|-status|p2b: Dondozo|brn\n|faint|p2a: Dragonite\n|move|p1a: Tyranitar|Thunder Fang|p2b: Dondozo\n|-supereffective|p2b: Dondozo\n|-damage|p2b: Dondozo|57\/100 brn\n|-damage|p1a: Tyranitar|91\/100|[from] item: Life Orb\n|move|p2b: Dondozo|Wave Crash|p1a: Tyranitar\n|-supereffective|p1a: Tyranitar\n|-damage|p1a: Tyranitar|57\/100\n|-damage|p2b: Dondozo|49\/100 brn|[from] Recoil\n|\n|-weather|Sandstorm|[upkeep]\n|-damage|p2b: Dondozo|43\/100 brn|[from] Sandstorm\n|-damage|p2b: Dondozo|37\/100 brn|[from] brn\n|upkeep\n|\n|t:|1700643809\n|switch|p2a: Torkoal|Torkoal, M|100\/100\n|-damage|p2a: Torkoal|75\/100|[from] Stealth Rock\n|-weather|SunnyDay|[from] ability: Drought|[of] p2a: Torkoal\n|turn|6\n|\n|t:|1700643827\n|switch|p1a: Garchomp|Garchomp, M, tera:Fire|30\/100\n|move|p1b: Landorus|Rock Slide|p2b: Dondozo|[spread] p2a,p2b\n|-supereffective|p2a: Torkoal\n|-damage|p2a: Torkoal|53\/100\n|-damage|p2b: Dondozo|31\/100 brn\n|move|p2a: Torkoal|Yawn|p1a: Garchomp\n|-start|p1a: Garchomp|move: Yawn|[of] p2a: Torkoal\n|move|p2b: Dondozo|Rest|p2b: Dondozo\n|-status|p2b: Dondozo|slp|[from] move: Rest\n|-heal|p2b: Dondozo|100\/100 slp|[silent]\n|\n|-weather|SunnyDay|[upkeep]\n|-heal|p1a: Garchomp|36\/100|[from] item: Leftovers\n|upkeep\n|turn|7\n|\n|t:|1700643876\n|move|p1b: Landorus|Rock Slide|p2a: Torkoal|[spread] p2a,p2b\n|-supereffective|p2a: Torkoal\n|-damage|p2a: Torkoal|29\/100\n|-damage|p2b: Dondozo|95\/100 slp\n|move|p1a: Garchomp|Earthquake|p2a: Torkoal|[spread] p2a,p2b\n|-immune|p1b: Landorus\n|-supereffective|p2a: Torkoal\n|-damage|p2a: Torkoal|0 fnt\n|-damage|p2b: Dondozo|83\/100 slp\n|faint|p2a: Torkoal\n|cant|p2b: Dondozo|slp\n|\n|-weather|SunnyDay|[upkeep]\n|-heal|p1a: Garchomp|42\/100|[from] item: Leftovers\n|-end|p1a: Garchomp|move: Yawn|[silent]\n|-status|p1a: Garchomp|slp\n|upkeep\n|\n|t:|1700643905\n|switch|p2a: Victreebel|Victreebel, M|100\/100\n|-damage|p2a: Victreebel|88\/100|[from] Stealth Rock\n|turn|8\n|\n|t:|1700643931\n|switch|p1a: Tyranitar|Tyranitar, F, shiny|57\/100\n|-weather|Sandstorm|[from] ability: Sand Stream|[of] p1a: Tyranitar\n|move|p1b: Landorus|Sandsear Storm|p2b: Dondozo|[spread] p2a,p2b\n|-damage|p2a: Victreebel|52\/100\n|-damage|p2b: Dondozo|58\/100 slp\n|-status|p2a: Victreebel|brn\n|move|p2a: Victreebel|Sleep Powder|p1b: Landorus|[miss]\n|-miss|p2a: Victreebel|p1b: Landorus\n|cant|p2b: Dondozo|slp\n|\n|-weather|Sandstorm|[upkeep]\n|-damage|p2a: Victreebel|46\/100 brn|[from] Sandstorm\n|-damage|p2b: Dondozo|52\/100 slp|[from] Sandstorm\n|-damage|p2a: Victreebel|40\/100 brn|[from] brn\n|upkeep\n|turn|9\n|-message|tom-bomb117 forfeited.\n|\n|win|blazingk11\n|raw|blazingk11's rating: 1238 &rarr; <strong>1264<\/strong><br \/>(+26 for winning)\n|raw|tom-bomb117's rating: 1258 &rarr; <strong>1232<\/strong><br \/>(-26 for losing)\n|l|\u2606tom-bomb117\n|l|\u2606blazingk11\n|j|\u2606blazingk11\n|player|p1|blazingk11|pokemonbreederf-gen4\n","uploadtime":1700644210,"views":4,"p1id":"blazingk11","p2id":"tombomb117","formatid":"gen9doublesou","rating":1232,"private":0,"password":""}