{"id":"gen9doublesou-1980634891","p1":"tynewname","p2":"iuwengpewuihoew","format":"[Gen 9] Doubles OU","log":"|j|\u2606tynewname\n|j|\u2606iuwengpewuihoew\n|t:|1698805839\n|gametype|doubles\n|player|p1|tynewname|veteran|1115\n|player|p2|iuwengpewuihoew|biker-gen4|1085\n|teamsize|p1|6\n|teamsize|p2|6\n|gen|9\n|tier|[Gen 9] Doubles OU\n|rated|\n|rule|Species Clause: Limit one of each Pok\u00e9mon\n|rule|OHKO Clause: OHKO moves are banned\n|rule|Evasion Moves Clause: Evasion moves are banned\n|rule|Gravity Sleep Clause: The combination of sleep-inducing moves with imperfect accuracy and Gravity or Gigantamax Orbeetle are banned\n|rule|Endless Battle Clause: Forcing endless battles is banned\n|rule|HP Percentage Mod: HP is shown in percentages\n|clearpoke\n|poke|p1|Ribombee, M|\n|poke|p1|Kilowattrel, M|\n|poke|p1|Ogerpon-Hearthflame, F|\n|poke|p1|Flutter Mane|\n|poke|p1|Corviknight, F|\n|poke|p1|Hoopa-Unbound|\n|poke|p2|Hatterene, L99, F|\n|poke|p2|Sinistcha-Masterpiece|\n|poke|p2|Iron Hands, L99|\n|poke|p2|Armarouge, M|\n|poke|p2|Indeedee-F, F|\n|poke|p2|Scizor, F|\n|teampreview\n|inactive|Battle timer is ON: inactive players will automatically lose when time's up. (requested by tynewname)\n|inactive|iuwengpewuihoew has 120 seconds left.\n|\n|t:|1698805871\n|start\n|switch|p1a: Flutter Mane|Flutter Mane|100\/100\n|switch|p1b: Hoopa|Hoopa-Unbound|100\/100\n|switch|p2a: Armarouge|Armarouge, M|100\/100\n|switch|p2b: Indeedee|Indeedee-F, F|100\/100\n|-fieldstart|move: Psychic Terrain|[from] ability: Psychic Surge|[of] p2b: Indeedee\n|-enditem|p2a: Armarouge|Psychic Seed\n|-boost|p2a: Armarouge|spd|1|[from] item: Psychic Seed\n|-enditem|p1a: Flutter Mane|Booster Energy\n|-activate|p1a: Flutter Mane|ability: Protosynthesis|[fromitem]\n|-start|p1a: Flutter Mane|protosynthesisspe\n|turn|1\n|\n|t:|1698805880\n|-terastallize|p1b: Hoopa|Electric\n|move|p2b: Indeedee|Follow Me|p2b: Indeedee\n|-singleturn|p2b: Indeedee|move: Follow Me\n|move|p1a: Flutter Mane|Shadow Ball|p2b: Indeedee\n|-immune|p2b: Indeedee\n|move|p1b: Hoopa|Knock Off|p2b: Indeedee\n|-supereffective|p2b: Indeedee\n|-enditem|p2b: Indeedee|Focus Sash\n|-damage|p2b: Indeedee|1\/100\n|-damage|p1b: Hoopa|91\/100|[from] item: Life Orb\n|move|p2a: Armarouge|Trick Room|p2a: Armarouge\n|-fieldstart|move: Trick Room|[of] p2a: Armarouge\n|\n|upkeep\n|turn|2\n|\n|t:|1698805894\n|move|p2b: Indeedee|Helping Hand|p2a: Armarouge\n|-singleturn|p2a: Armarouge|Helping Hand|[of] p2b: Indeedee\n|move|p2a: Armarouge|Expanding Force|p1a: Flutter Mane|[spread] p1a,p1b\n|-damage|p1a: Flutter Mane|0 fnt\n|-damage|p1b: Hoopa|4\/100\n|faint|p1a: Flutter Mane\n|-end|p1a: Flutter Mane|Protosynthesis|[silent]\n|move|p1b: Hoopa|Knock Off|p2a: Armarouge\n|-supereffective|p2a: Armarouge\n|-damage|p2a: Armarouge|8\/100\n|-damage|p1b: Hoopa|0 fnt|[from] item: Life Orb\n|faint|p1b: Hoopa\n|\n|upkeep\n|\n|t:|1698805912\n|switch|p1b: Kilowattrel|Kilowattrel, M, shiny|100\/100\n|switch|p1a: Ribombee|Ribombee, M|100\/100\n|turn|3\n|\n|t:|1698805923\n|move|p2b: Indeedee|Helping Hand|p2a: Armarouge\n|-singleturn|p2a: Armarouge|Helping Hand|[of] p2b: Indeedee\n|move|p2a: Armarouge|Expanding Force|p1a: Ribombee|[spread] p1a,p1b\n|-enditem|p1a: Ribombee|Focus Sash\n|-damage|p1a: Ribombee|1\/100\n|-damage|p1b: Kilowattrel|0 fnt\n|faint|p1b: Kilowattrel\n|move|p1a: Ribombee|Moonblast|p2b: Indeedee\n|-damage|p2b: Indeedee|0 fnt\n|faint|p2b: Indeedee\n|\n|upkeep\n|\n|t:|1698805939\n|switch|p2b: Iron Hands|Iron Hands, L99|100\/100\n|switch|p1b: Ogerpon|Ogerpon-Hearthflame, F|100\/100\n|-ability|p1b: Ogerpon|Mold Breaker\n|turn|4\n|\n|t:|1698805950\n|move|p2b: Iron Hands|Belly Drum|p2b: Iron Hands\n|-damage|p2b: Iron Hands|50\/100\n|-setboost|p2b: Iron Hands|atk|6|[from] move: Belly Drum\n|move|p2a: Armarouge|Expanding Force|p1b: Ogerpon|[spread] p1a,p1b\n|-damage|p1a: Ribombee|0 fnt\n|-damage|p1b: Ogerpon|20\/100\n|faint|p1a: Ribombee\n|move|p1b: Ogerpon|Stomping Tantrum|p2b: Iron Hands\n|-supereffective|p2b: Iron Hands\n|-damage|p2b: Iron Hands|13\/100\n|\n|upkeep\n|\n|t:|1698805958\n|switch|p1a: Corviknight|Corviknight, F|100\/100\n|turn|5\n|\n|t:|1698805965\n|move|p2b: Iron Hands|Thunder Punch|p1a: Corviknight\n|-supereffective|p1a: Corviknight\n|-damage|p1a: Corviknight|0 fnt\n|-damage|p2b: Iron Hands|0 fnt|[from] item: Rocky Helmet|[of] p1a: Corviknight\n|faint|p1a: Corviknight\n|faint|p2b: Iron Hands\n|-end|p2b: Iron Hands|Quark Drive|[silent]\n|move|p2a: Armarouge|Expanding Force|p1b: Ogerpon\n|-damage|p1b: Ogerpon|0 fnt\n|faint|p1b: Ogerpon\n|\n|win|iuwengpewuihoew\n|raw|tynewname's rating: 1115 &rarr; <strong>1088<\/strong><br \/>(-27 for losing)\n|raw|iuwengpewuihoew's rating: 1085 &rarr; <strong>1115<\/strong><br \/>(+30 for winning)\n","uploadtime":1698805969,"views":17,"p1id":"tynewname","p2id":"iuwengpewuihoew","formatid":"gen9doublesou","rating":1088,"private":0,"password":""}