{"id":"gen9doublesou-1970929130","p1":"Neo Destruction","p2":"ManicManwith","format":"[Gen 9] Doubles OU","log":"|j|\u2606Neo Destruction\n|j|\u2606ManicManwith\n|t:|1697681858\n|gametype|doubles\n|player|p1|Neo Destruction|cynthia-masters|\n|player|p2|ManicManwith|lady|\n|teamsize|p1|6\n|teamsize|p2|6\n|gen|9\n|tier|[Gen 9] Doubles OU\n|rule|Species Clause: Limit one of each Pok\u00e9mon\n|rule|OHKO Clause: OHKO moves are banned\n|rule|Evasion Moves Clause: Evasion moves are banned\n|rule|Gravity Sleep Clause: The combination of sleep-inducing moves with imperfect accuracy and Gravity or Gigantamax Orbeetle are banned\n|rule|Endless Battle Clause: Forcing endless battles is banned\n|rule|HP Percentage Mod: HP is shown in percentages\n|clearpoke\n|poke|p1|Torterra, F|\n|poke|p1|Infernape, F|\n|poke|p1|Empoleon, M|\n|poke|p1|Fezandipiti, M|\n|poke|p1|Ursaluna-Bloodmoon, M|\n|poke|p1|Ogerpon-Hearthflame, F|\n|poke|p2|Oricorio-Pom-Pom, M|\n|poke|p2|Volcarona, M|\n|poke|p2|Lilligant, F|\n|poke|p2|Armarouge, F|\n|poke|p2|Palafin, M|\n|poke|p2|Dragonite, M|\n|teampreview\n|\n|t:|1697681868\n|start\n|switch|p1a: Gaia|Torterra, F|100\/100\n|switch|p1b: Goku|Infernape, F|100\/100\n|switch|p2a: Oricorio|Oricorio-Pom-Pom, M, shiny|100\/100\n|switch|p2b: Volcarona|Volcarona, M|100\/100\n|turn|1\n|c|\u2606ManicManwith|gl\n|\n|t:|1697681882\n|move|p1b: Goku|Fire Punch|p2a: Oricorio\n|-damage|p2a: Oricorio|32\/100\n|move|p2b: Volcarona|Quiver Dance|p2b: Volcarona\n|-boost|p2b: Volcarona|spa|1\n|-boost|p2b: Volcarona|spd|1\n|-boost|p2b: Volcarona|spe|1\n|-activate|p2a: Oricorio|ability: Dancer\n|move|p2a: Oricorio|Quiver Dance|p2a: Oricorio|[from]ability: Dancer\n|-boost|p2a: Oricorio|spa|1\n|-boost|p2a: Oricorio|spd|1\n|-boost|p2a: Oricorio|spe|1\n|move|p2a: Oricorio|Tailwind|p2a: Oricorio\n|-sidestart|p2: ManicManwith|move: Tailwind\n|move|p1a: Gaia|Rock Slide|p2a: Oricorio|[spread] p2a,p2b\n|-supereffective|p2a: Oricorio\n|-supereffective|p2b: Volcarona\n|-damage|p2a: Oricorio|0 fnt\n|-damage|p2b: Volcarona|0 fnt\n|faint|p2a: Oricorio\n|faint|p2b: Volcarona\n|\n|upkeep\n|c|\u2606Neo Destruction|rock slide\n|c|\u2606ManicManwith|fuck you\n|\n|t:|1697681907\n|switch|p2b: Palafin|Palafin, M|100\/100\n|switch|p2a: Dragonite|Dragonite, M|100\/100\n|turn|2\n|\n|t:|1697681926\n|move|p2b: Palafin|Flip Turn|p1b: Goku\n|-supereffective|p1b: Goku\n|-damage|p1b: Goku|0 fnt\n|faint|p1b: Goku\n|\n|t:|1697681931\n|detailschange|p2b: Palafin|Palafin-Hero, M\n|switch|p2b: Armarouge|Armarouge, F|100\/100|[from] Flip Turn\n|move|p2a: Dragonite|Dragon Dance|p2a: Dragonite\n|-boost|p2a: Dragonite|atk|1\n|-boost|p2a: Dragonite|spe|1\n|move|p1a: Gaia|Rock Slide|p2a: Dragonite|[spread] p2a\n|-miss|p1a: Gaia|p2b: Armarouge\n|-supereffective|p2a: Dragonite\n|-damage|p2a: Dragonite|76\/100\n|-enditem|p2a: Dragonite|Weakness Policy\n|-boost|p2a: Dragonite|atk|2|[from] item: Weakness Policy\n|-boost|p2a: Dragonite|spa|2|[from] item: Weakness Policy\n|\n|upkeep\n|\n|t:|1697681940\n|switch|p1b: Emperor|Empoleon, M|100\/100\n|turn|3\n|\n|t:|1697681959\n|move|p2a: Dragonite|Dragon Claw|p1a: Gaia\n|-damage|p1a: Gaia|0 fnt\n|faint|p1a: Gaia\n|move|p2b: Armarouge|Flamethrower|p1b: Emperor\n|-damage|p1b: Emperor|59\/100\n|-status|p1b: Emperor|brn\n|move|p1b: Emperor|Blizzard|p2a: Dragonite|[spread] p2b\n|-miss|p1b: Emperor|p2a: Dragonite\n|-resisted|p2b: Armarouge\n|-damage|p2b: Armarouge|83\/100\n|\n|-damage|p1b: Emperor|53\/100 brn|[from] brn\n|upkeep\n|\n|t:|1697681969\n|switch|p1a: Beauty|Fezandipiti, M|100\/100\n|turn|4\n|\n|t:|1697681996\n|-terastallize|p2a: Dragonite|Flying\n|move|p2a: Dragonite|Tera Blast|p1a: Beauty|[anim] Tera Blast Flying\n|-damage|p1a: Beauty|0 fnt\n|faint|p1a: Beauty\n|move|p2b: Armarouge|Flamethrower|p1b: Emperor\n|-damage|p1b: Emperor|14\/100 brn\n|move|p1b: Emperor|Blizzard|p2a: Dragonite|[spread] \n|-miss|p1b: Emperor|p2a: Dragonite\n|-miss|p1b: Emperor|p2b: Armarouge\n|\n|-damage|p1b: Emperor|8\/100 brn|[from] brn\n|-sideend|p2: ManicManwith|move: Tailwind\n|upkeep\n|\n|t:|1697682009\n|switch|p1a: BEAR|Ursaluna-Bloodmoon, M|100\/100\n|turn|5\n|\n|t:|1697682023\n|move|p1a: BEAR|Protect|p1a: BEAR\n|-singleturn|p1a: BEAR|Protect\n|move|p2a: Dragonite|Extreme Speed|p1b: Emperor\n|-resisted|p1b: Emperor\n|-damage|p1b: Emperor|0 fnt\n|faint|p1b: Emperor\n|move|p2b: Armarouge|Expanding Force|p1a: BEAR\n|-activate|p1a: BEAR|move: Protect\n|\n|upkeep\n|\n|t:|1697682025\n|switch|p1b: Better Zacian|Ogerpon-Hearthflame, F|100\/100\n|-ability|p1b: Better Zacian|Mold Breaker\n|turn|6\n|\n|t:|1697682050\n|-terastallize|p1b: Better Zacian|Fire\n|detailschange|p1b: Better Zacian|Ogerpon-Hearthflame-Tera, F, tera:Fire\n|-ability|p1b: Better Zacian|Embody Aspect (Hearthflame)|boost\n|-boost|p1b: Better Zacian|atk|1\n|move|p2a: Dragonite|Tera Blast|p1b: Better Zacian|[anim] Tera Blast Flying\n|-damage|p1b: Better Zacian|0 fnt\n|faint|p1b: Better Zacian\n|move|p2b: Armarouge|Flamethrower|p1a: BEAR\n|-damage|p1a: BEAR|46\/100\n|move|p1a: BEAR|Hyper Voice|p2b: Armarouge|[spread] p2a,p2b\n|-damage|p2a: Dragonite|36\/100\n|-damage|p2b: Armarouge|30\/100\n|-enditem|p1a: BEAR|Throat Spray\n|-boost|p1a: BEAR|spa|1|[from] item: Throat Spray\n|\n|upkeep\n|turn|7\n|c|\u2606ManicManwith|gg\n|c|\u2606ManicManwith|unlucky blizzard\n|inactive|Battle timer is ON: inactive players will automatically lose when time's up. (requested by ManicManwith)\n|c|\u2606Neo Destruction|**__SpRiNgLoCkS__**\n|\n|t:|1697682084\n|move|p2a: Dragonite|Extreme Speed|p1a: BEAR\n|-damage|p1a: BEAR|0 fnt\n|faint|p1a: BEAR\n|\n|win|ManicManwith\n|l|\u2606Neo Destruction\n","uploadtime":1697682090,"views":11,"p1id":"neodestruction","p2id":"manicmanwith","formatid":"gen9doublesou","rating":0,"private":0,"password":""}