{"id":"gen9doublesou-1998232743","p1":"squad5","p2":"mxcaster","format":"[Gen 9] Doubles OU","log":"|j|\u2606squad5\n|j|\u2606mxcaster\n|t:|1700917055\n|gametype|doubles\n|player|p1|squad5|fisherman-gen4|1214\n|player|p2|mxcaster|266|1068\n|teamsize|p1|6\n|teamsize|p2|6\n|gen|9\n|tier|[Gen 9] Doubles OU\n|rated|\n|rule|Species Clause: Limit one of each Pok\u00e9mon\n|rule|OHKO Clause: OHKO moves are banned\n|rule|Evasion Moves Clause: Evasion moves are banned\n|rule|Gravity Sleep Clause: The combination of sleep-inducing moves with imperfect accuracy and Gravity or Gigantamax Orbeetle are banned\n|rule|Endless Battle Clause: Forcing endless battles is banned\n|rule|HP Percentage Mod: HP is shown in percentages\n|clearpoke\n|poke|p1|Glimmora, M|\n|poke|p1|Gholdengo|\n|poke|p1|Iron Valiant|\n|poke|p1|Meowscarada, F|\n|poke|p1|Talonflame, M|\n|poke|p1|Azumarill, M|\n|poke|p2|Weezing, F|\n|poke|p2|Maushold-Four|\n|poke|p2|Grimmsnarl, M|\n|poke|p2|Espathra, F|\n|poke|p2|Mandibuzz, F|\n|poke|p2|Forretress, F|\n|teampreview\n|\n|t:|1700917084\n|start\n|switch|p1a: Glimmora|Glimmora, M|100\/100\n|switch|p1b: Iron Valiant|Iron Valiant|100\/100\n|switch|p2a: Weezing|Weezing, F|100\/100\n|switch|p2b: Grimmsnarl|Grimmsnarl, M|100\/100\n|-enditem|p1b: Iron Valiant|Booster Energy\n|-activate|p1b: Iron Valiant|ability: Quark Drive|[fromitem]\n|-start|p1b: Iron Valiant|quarkdriveatk\n|turn|1\n|\n|t:|1700917128\n|move|p2b: Grimmsnarl|Parting Shot|p1b: Iron Valiant\n|-unboost|p1b: Iron Valiant|atk|1\n|-unboost|p1b: Iron Valiant|spa|1\n|\n|t:|1700917138\n|switch|p2b: Forretress|Forretress, F|100\/100|[from] Parting Shot\n|move|p1b: Iron Valiant|Drain Punch|p2b: Forretress\n|-damage|p2b: Forretress|76\/100\n|move|p1a: Glimmora|Spikes|p2b: Forretress\n|-sidestart|p2: mxcaster|Spikes\n|move|p2a: Weezing|Sludge Bomb|p1b: Iron Valiant\n|-supereffective|p1b: Iron Valiant\n|-damage|p1b: Iron Valiant|0 fnt\n|faint|p1b: Iron Valiant\n|-end|p1b: Iron Valiant|Quark Drive|[silent]\n|\n|upkeep\n|\n|t:|1700917159\n|switch|p1b: Talonflame|Talonflame, M, shiny|100\/100\n|turn|2\n|\n|t:|1700917190\n|switch|p2b: Grimmsnarl|Grimmsnarl, M|100\/100\n|-damage|p2b: Grimmsnarl|88\/100|[from] Spikes\n|move|p1b: Talonflame|Tailwind|p1b: Talonflame\n|-sidestart|p1: squad5|move: Tailwind\n|move|p1a: Glimmora|Dazzling Gleam|p2b: Grimmsnarl|[spread] p2a,p2b\n|-resisted|p2a: Weezing\n|-supereffective|p2b: Grimmsnarl\n|-damage|p2a: Weezing|91\/100\n|-damage|p2b: Grimmsnarl|53\/100\n|move|p2a: Weezing|Rain Dance|p2a: Weezing\n|-weather|RainDance\n|\n|-weather|RainDance|[upkeep]\n|upkeep\n|turn|3\n|\n|t:|1700917215\n|switch|p1b: Azumarill|Azumarill, M, shiny|100\/100\n|move|p2b: Grimmsnarl|Parting Shot|p1a: Glimmora\n|-unboost|p1a: Glimmora|atk|1\n|-unboost|p1a: Glimmora|spa|1\n|\n|t:|1700917228\n|switch|p2b: Mandibuzz|Mandibuzz, F|100\/100|[from] Parting Shot\n|move|p1a: Glimmora|Dazzling Gleam|p2a: Weezing|[spread] p2a,p2b\n|-resisted|p2a: Weezing\n|-supereffective|p2b: Mandibuzz\n|-damage|p2a: Weezing|85\/100\n|-damage|p2b: Mandibuzz|84\/100\n|move|p2a: Weezing|Thunder|p1b: Azumarill\n|-supereffective|p1b: Azumarill\n|-damage|p1b: Azumarill|44\/100\n|\n|-weather|RainDance|[upkeep]\n|upkeep\n|turn|4\n|\n|t:|1700917253\n|move|p1a: Glimmora|Dazzling Gleam|p2b: Mandibuzz|[spread] p2a,p2b\n|-resisted|p2a: Weezing\n|-supereffective|p2b: Mandibuzz\n|-damage|p2a: Weezing|79\/100\n|-damage|p2b: Mandibuzz|68\/100\n|move|p1b: Azumarill|Play Rough|p2b: Mandibuzz\n|-supereffective|p2b: Mandibuzz\n|-damage|p2b: Mandibuzz|0 fnt\n|-damage|p1b: Azumarill|27\/100|[from] item: Rocky Helmet|[of] p2b: Mandibuzz\n|faint|p2b: Mandibuzz\n|move|p2a: Weezing|Thunder|p1b: Azumarill\n|-supereffective|p1b: Azumarill\n|-damage|p1b: Azumarill|0 fnt\n|faint|p1b: Azumarill\n|\n|-weather|RainDance|[upkeep]\n|upkeep\n|\n|t:|1700917275\n|switch|p1b: Meowscarada|Meowscarada, F|100\/100\n|switch|p2b: Forretress|Forretress, F|76\/100\n|-damage|p2b: Forretress|63\/100|[from] Spikes\n|turn|5\n|\n|t:|1700917304\n|move|p1b: Meowscarada|U-turn|p2a: Weezing\n|-start|p1b: Meowscarada|typechange|Bug|[from] ability: Protean\n|-resisted|p2a: Weezing\n|-damage|p2a: Weezing|67\/100\n|\n|t:|1700917309\n|switch|p1b: Talonflame|Talonflame, M, shiny|100\/100|[from] U-turn\n|move|p1a: Glimmora|Dazzling Gleam|p2a: Weezing|[spread] p2a,p2b\n|-resisted|p2a: Weezing\n|-resisted|p2b: Forretress\n|-damage|p2a: Weezing|60\/100\n|-damage|p2b: Forretress|57\/100\n|move|p2a: Weezing|Sludge Bomb|p1b: Talonflame\n|-damage|p1b: Talonflame|59\/100\n|move|p2b: Forretress|Gyro Ball|p1a: Glimmora\n|-supereffective|p1a: Glimmora\n|-damage|p1a: Glimmora|25\/100\n|-activate|p1a: Glimmora|ability: Toxic Debris\n|-sidestart|p2: mxcaster|move: Toxic Spikes\n|\n|-weather|RainDance|[upkeep]\n|-heal|p1a: Glimmora|32\/100|[from] item: Leftovers\n|-sideend|p1: squad5|move: Tailwind\n|upkeep\n|turn|6\n|\n|t:|1700917346\n|move|p1b: Talonflame|Tailwind|p1b: Talonflame\n|-sidestart|p1: squad5|move: Tailwind\n|move|p1a: Glimmora|Earth Power|p2b: Forretress\n|-damage|p2b: Forretress|37\/100\n|-unboost|p2b: Forretress|spd|1\n|move|p2a: Weezing|Thunder|p1b: Talonflame\n|-supereffective|p1b: Talonflame\n|-damage|p1b: Talonflame|0 fnt\n|faint|p1b: Talonflame\n|move|p2b: Forretress|Toxic Spikes|p1a: Glimmora\n|-sidestart|p1: squad5|move: Toxic Spikes\n|\n|-weather|none\n|-heal|p1a: Glimmora|38\/100|[from] item: Leftovers\n|upkeep\n|\n|t:|1700917361\n|switch|p1b: Gholdengo|Gholdengo|100\/100\n|turn|7\n|\n|t:|1700917384\n|move|p1b: Gholdengo|Make It Rain|p2a: Weezing|[spread] p2a,p2b\n|-resisted|p2b: Forretress\n|-damage|p2a: Weezing|3\/100\n|-damage|p2b: Forretress|0 fnt\n|-unboost|p1b: Gholdengo|spa|1\n|faint|p2b: Forretress\n|-damage|p1b: Gholdengo|91\/100|[from] item: Life Orb\n|move|p1a: Glimmora|Dazzling Gleam|p2a: Weezing\n|-resisted|p2a: Weezing\n|-damage|p2a: Weezing|0 fnt\n|faint|p2a: Weezing\n|\n|-heal|p1a: Glimmora|44\/100|[from] item: Leftovers\n|upkeep\n|\n|t:|1700917406\n|switch|p2a: Espathra|Espathra, F|100\/100\n|switch|p2b: Grimmsnarl|Grimmsnarl, M|53\/100\n|-damage|p2a: Espathra|88\/100|[from] Spikes\n|-status|p2a: Espathra|psn\n|-damage|p2b: Grimmsnarl|41\/100|[from] Spikes\n|-status|p2b: Grimmsnarl|psn\n|turn|8\n|\n|t:|1700917463\n|switch|p1b: Meowscarada|Meowscarada, F|100\/100\n|-status|p1b: Meowscarada|psn\n|move|p2a: Espathra|Protect|p2a: Espathra\n|-singleturn|p2a: Espathra|Protect\n|move|p2b: Grimmsnarl|Flatter|p1a: Glimmora\n|-boost|p1a: Glimmora|spa|1\n|-enditem|p2a: Espathra|Mirror Herb\n|-boost|p2a: Espathra|spa|1|[from] item: Mirror Herb\n|-ability|p2a: Espathra|Opportunist|boost\n|-boost|p2a: Espathra|spa|1\n|-start|p1a: Glimmora|confusion\n|-activate|p1a: Glimmora|confusion\n|-damage|p1a: Glimmora|42\/100|[from] confusion\n|\n|-heal|p1a: Glimmora|48\/100|[from] item: Leftovers\n|-damage|p1b: Meowscarada|88\/100 psn|[from] psn\n|-damage|p2a: Espathra|76\/100 psn|[from] psn\n|-damage|p2b: Grimmsnarl|28\/100 psn|[from] psn\n|upkeep\n|turn|9\n|\n|t:|1700917525\n|-terastallize|p2a: Espathra|Fairy\n|move|p2b: Grimmsnarl|Flatter|p1b: Meowscarada\n|-hint|Since gen 7, Dark is immune to Prankster moves.\n|-immune|p1b: Meowscarada\n|move|p1b: Meowscarada|U-turn|p2a: Espathra\n|-start|p1b: Meowscarada|typechange|Bug|[from] ability: Protean\n|-resisted|p2a: Espathra\n|-damage|p2a: Espathra|58\/100 psn\n|\n|t:|1700917534\n|switch|p1b: Gholdengo|Gholdengo|91\/100|[from] U-turn\n|-activate|p1a: Glimmora|confusion\n|move|p1a: Glimmora|Dazzling Gleam|p2a: Espathra|[spread] p2a,p2b\n|-supereffective|p2b: Grimmsnarl\n|-damage|p2a: Espathra|38\/100 psn\n|-damage|p2b: Grimmsnarl|0 fnt\n|faint|p2b: Grimmsnarl\n|move|p2a: Espathra|Dazzling Gleam|p1a: Glimmora|[spread] p1a,p1b\n|-resisted|p1a: Glimmora\n|-resisted|p1b: Gholdengo\n|-damage|p1a: Glimmora|28\/100\n|-damage|p1b: Gholdengo|69\/100\n|\n|-heal|p1a: Glimmora|34\/100|[from] item: Leftovers\n|-damage|p2a: Espathra|25\/100 psn|[from] psn\n|-sideend|p1: squad5|move: Tailwind\n|upkeep\n|-message|mxcaster forfeited.\n|\n|win|squad5\n|raw|squad5's rating: 1214 &rarr; <strong>1229<\/strong><br \/>(+15 for winning)\n|raw|mxcaster's rating: 1068 &rarr; <strong>1056<\/strong><br \/>(-12 for losing)\n|l|\u2606mxcaster\n","uploadtime":1700917565,"views":7,"p1id":"squad5","p2id":"mxcaster","formatid":"gen9doublesou","rating":1056,"private":0,"password":""}