{"id":"gen9doublesou-1968082545","p1":"charizardisnice","p2":"GDAbotto","format":"[Gen 9] Doubles OU","log":"|html|<div class=\"broadcast-blue\"><strong>[Gen 9] Doubles OU is currently suspecting Basculegion & Flutter Mane! For information on how to participate check out the <a href=\"https:\/\/www.smogon.com\/forums\/threads\/np-sv-dou-stage-8-double-trouble.3729153\/\">suspect thread<\/a>.<\/strong><\/div>\n|j|\u2606charizardisnice\n|j|\u2606GDAbotto\n|t:|1697382495\n|gametype|doubles\n|player|p1|charizardisnice|102|\n|player|p2|GDAbotto|caitlin|\n|teamsize|p1|6\n|teamsize|p2|6\n|gen|9\n|tier|[Gen 9] Doubles OU\n|rule|Species Clause: Limit one of each Pok\u00e9mon\n|rule|OHKO Clause: OHKO moves are banned\n|rule|Evasion Moves Clause: Evasion moves are banned\n|rule|Gravity Sleep Clause: The combination of sleep-inducing moves with imperfect accuracy and Gravity or Gigantamax Orbeetle are banned\n|rule|Endless Battle Clause: Forcing endless battles is banned\n|rule|HP Percentage Mod: HP is shown in percentages\n|clearpoke\n|poke|p1|Tornadus, M|\n|poke|p1|Palafin, F|\n|poke|p1|Volcanion|\n|poke|p1|Kingambit, M|\n|poke|p1|Amoonguss, F|\n|poke|p1|Sylveon, F|\n|poke|p2|Chi-Yu|\n|poke|p2|Diancie|\n|poke|p2|Iron Hands|\n|poke|p2|Samurott-Hisui, F|\n|poke|p2|Dragonite, F|\n|poke|p2|Meowscarada, M|\n|teampreview\n|\n|t:|1697382504\n|start\n|switch|p1a: Tornadus|Tornadus, M|100\/100\n|switch|p1b: Sylveon|Sylveon, F|100\/100\n|switch|p2a: would|Diancie|100\/100\n|switch|p2b: please|Meowscarada, M, shiny|100\/100\n|turn|1\n|inactive|Battle timer is ON: inactive players will automatically lose when time's up. (requested by charizardisnice)\n|\n|t:|1697382533\n|-terastallize|p1a: Tornadus|Steel\n|move|p1b: Sylveon|Protect|p1b: Sylveon\n|-singleturn|p1b: Sylveon|Protect\n|move|p2b: please|Thunder Punch|p1a: Tornadus\n|-start|p2b: please|typechange|Electric|[from] ability: Protean\n|-damage|p1a: Tornadus|51\/100\n|move|p1a: Tornadus|Bleakwind Storm|p2a: would|[spread] p2a,p2b\n|-resisted|p2a: would\n|-resisted|p2b: please\n|-damage|p2a: would|84\/100\n|-damage|p2b: please|75\/100\n|move|p2a: would|Calm Mind|p2a: would\n|-boost|p2a: would|spa|1\n|-boost|p2a: would|spd|1\n|\n|upkeep\n|turn|2\n|inactive|GDAbotto has 270 seconds left.\n|\n|t:|1697382571\n|switch|p2b: i love phishing|Chi-Yu|100\/100\n|-ability|p2b: i love phishing|Beads of Ruin\n|move|p1a: Tornadus|Tailwind|p1a: Tornadus\n|-sidestart|p1: charizardisnice|move: Tailwind\n|move|p1b: Sylveon|Hyper Voice|p2a: would|[spread] p2a,p2b\n|-damage|p2a: would|52\/100\n|-damage|p2b: i love phishing|58\/100\n|move|p2a: would|Baton Pass|p2a: would\n|\n|t:|1697382598\n|switch|p2a: hell yeah|Samurott-Hisui, F|100\/100|[from] Baton Pass\n|\n|upkeep\n|turn|3\n|inactive|GDAbotto has 240 seconds left.\n|\n|t:|1697382629\n|-terastallize|p2b: i love phishing|Ground\n|move|p1a: Tornadus|Bleakwind Storm|p2a: hell yeah|[spread] \n|-miss|p1a: Tornadus|p2a: hell yeah\n|-miss|p1a: Tornadus|p2b: i love phishing\n|move|p1b: Sylveon|Hyper Voice|p2b: i love phishing|[spread] p2a,p2b\n|-supereffective|p2a: hell yeah\n|-damage|p2a: hell yeah|7\/100\n|-damage|p2b: i love phishing|19\/100\n|move|p2b: i love phishing|Heat Wave|p1a: Tornadus|[spread] p1a\n|-miss|p2b: i love phishing|p1b: Sylveon\n|-supereffective|p1a: Tornadus\n|-damage|p1a: Tornadus|0 fnt\n|faint|p1a: Tornadus\n|move|p2a: hell yeah|Sacred Sword|p1b: Sylveon\n|-resisted|p1b: Sylveon\n|-damage|p1b: Sylveon|77\/100\n|\n|upkeep\n|inactive|charizardisnice has 270 seconds left.\n|\n|t:|1697382662\n|switch|p1a: Palafin|Palafin, F|100\/100\n|turn|4\n|inactive|charizardisnice has 270 seconds left.\n|\n|t:|1697382691\n|switch|p2a: shuck|Dragonite, F|100\/100\n|move|p1a: Palafin|Flip Turn|p2b: i love phishing\n|-supereffective|p2b: i love phishing\n|-damage|p2b: i love phishing|0 fnt\n|faint|p2b: i love phishing\n|\n|t:|1697382705\n|detailschange|p1a: Palafin|Palafin-Hero, F\n|switch|p1a: Amoonguss|Amoonguss, F|100\/100|[from] Flip Turn\n|move|p1b: Sylveon|Hyper Voice|p2a: shuck\n|-supereffective|p2a: shuck\n|-damage|p2a: shuck|46\/100\n|\n|upkeep\n|\n|t:|1697382719\n|switch|p2b: Mr Hands|Iron Hands|100\/100\n|turn|5\n|inactive|charizardisnice has 270 seconds left.\n|inactive|GDAbotto has 240 seconds left.\n|\n|t:|1697382756\n|move|p2b: Mr Hands|Fake Out|p1b: Sylveon\n|-damage|p1b: Sylveon|59\/100\n|move|p2a: shuck|Extreme Speed|p1a: Amoonguss\n|-damage|p1a: Amoonguss|73\/100\n|cant|p1b: Sylveon|flinch\n|move|p1a: Amoonguss|Spore|p2b: Mr Hands\n|-status|p2b: Mr Hands|slp|[from] move: Spore\n|\n|-sideend|p1: charizardisnice|move: Tailwind\n|upkeep\n|turn|6\n|inactive|charizardisnice has 270 seconds left.\n|inactive|GDAbotto has 240 seconds left.\n|\n|t:|1697382783\n|move|p1b: Sylveon|Protect|p1b: Sylveon\n|-singleturn|p1b: Sylveon|Protect\n|move|p2a: shuck|Thunder Punch|p1b: Sylveon\n|-activate|p1b: Sylveon|move: Protect\n|cant|p2b: Mr Hands|slp\n|move|p1a: Amoonguss|Spore|p2a: shuck\n|-status|p2a: shuck|slp|[from] move: Spore\n|\n|upkeep\n|turn|7\n|inactive|charizardisnice has 270 seconds left.\n|\n|t:|1697382803\n|move|p1b: Sylveon|Hyper Voice|p2a: shuck|[spread] p2a,p2b\n|-supereffective|p2a: shuck\n|-supereffective|p2b: Mr Hands\n|-damage|p2a: shuck|0 fnt\n|-damage|p2b: Mr Hands|47\/100 slp\n|faint|p2a: shuck\n|cant|p2b: Mr Hands|slp\n|move|p1a: Amoonguss|Pollen Puff|p1b: Sylveon\n|-heal|p1b: Sylveon|100\/100\n|\n|-heal|p2b: Mr Hands|54\/100 slp|[from] item: Leftovers\n|upkeep\n|inactive|GDAbotto has 240 seconds left.\n|\n|t:|1697382833\n|switch|p2a: please|Meowscarada, M, shiny|75\/100\n|turn|8\n|inactive|GDAbotto has 240 seconds left.\n|\n|t:|1697382861\n|move|p1a: Amoonguss|Rage Powder|p1a: Amoonguss\n|-singleturn|p1a: Amoonguss|move: Rage Powder\n|move|p2a: please|Flower Trick|p1b: Sylveon\n|-start|p2a: please|typechange|Grass|[from] ability: Protean\n|-crit|p1b: Sylveon\n|-damage|p1b: Sylveon|45\/100\n|move|p1b: Sylveon|Hyper Voice|p2b: Mr Hands|[spread] p2a,p2b\n|-supereffective|p2b: Mr Hands\n|-damage|p2a: please|18\/100\n|-damage|p2b: Mr Hands|0 fnt\n|faint|p2b: Mr Hands\n|-end|p2b: Mr Hands|Quark Drive|[silent]\n|\n|upkeep\n|\n|t:|1697382876\n|switch|p2b: hell yeah|Samurott-Hisui, F|7\/100\n|turn|9\n|\n|t:|1697382899\n|move|p1b: Sylveon|Protect|p1b: Sylveon\n|-singleturn|p1b: Sylveon|Protect\n|move|p2a: please|Flower Trick|p1b: Sylveon\n|-activate|p1b: Sylveon|move: Protect\n|move|p2b: hell yeah|Ceaseless Edge|p1a: Amoonguss\n|-damage|p1a: Amoonguss|26\/100\n|-sidestart|p1: charizardisnice|Spikes\n|-enditem|p1a: Amoonguss|Sitrus Berry|[eat]\n|-heal|p1a: Amoonguss|51\/100|[from] item: Sitrus Berry\n|move|p1a: Amoonguss|Pollen Puff|p2a: please\n|-supereffective|p2a: please\n|-damage|p2a: please|0 fnt\n|faint|p2a: please\n|\n|upkeep\n|\n|t:|1697382913\n|switch|p2a: would|Diancie|52\/100\n|turn|10\n|inactive|GDAbotto has 210 seconds left.\n|\n|t:|1697382952\n|move|p1b: Sylveon|Quick Attack|p2b: hell yeah\n|-supereffective|p2b: hell yeah\n|-damage|p2b: hell yeah|0 fnt\n|faint|p2b: hell yeah\n|move|p2a: would|Diamond Storm|p1a: Amoonguss|[spread] p1a,p1b\n|-damage|p1a: Amoonguss|9\/100\n|-damage|p1b: Sylveon|0 fnt\n|faint|p1b: Sylveon\n|-damage|p2a: would|42\/100|[from] item: Life Orb\n|move|p1a: Amoonguss|Spore|p2a: would\n|-status|p2a: would|slp|[from] move: Spore\n|\n|upkeep\n|\n|t:|1697382964\n|switch|p1b: Palafin|Palafin-Hero, F|100\/100\n|-damage|p1b: Palafin|88\/100|[from] Spikes\n|-activate|p1b: Palafin|ability: Zero to Hero\n|turn|11\n|-message|GDAbotto forfeited.\n|\n|win|charizardisnice\n|l|\u2606GDAbotto\n","uploadtime":1697382972,"views":17,"p1id":"charizardisnice","p2id":"gdabotto","formatid":"gen9doublesou","rating":0,"private":0,"password":""}