{"id":"gen9doublesou-1999129963","p1":"pira.xe","p2":"Th3K1ng123","format":"[Gen 9] Doubles OU","log":"|j|\u2606pira.xe\n|j|\u2606Th3K1ng123\n|t:|1701036365\n|gametype|doubles\n|player|p1|pira.xe|265|1318\n|player|p2|Th3K1ng123|turo|1318\n|teamsize|p1|6\n|teamsize|p2|6\n|gen|9\n|tier|[Gen 9] Doubles OU\n|rated|\n|rule|Species Clause: Limit one of each Pok\u00e9mon\n|rule|OHKO Clause: OHKO moves are banned\n|rule|Evasion Moves Clause: Evasion moves are banned\n|rule|Gravity Sleep Clause: The combination of sleep-inducing moves with imperfect accuracy and Gravity or Gigantamax Orbeetle are banned\n|rule|Endless Battle Clause: Forcing endless battles is banned\n|rule|HP Percentage Mod: HP is shown in percentages\n|clearpoke\n|poke|p1|Ninetales-Alola, M|\n|poke|p1|Baxcalibur, M|\n|poke|p1|Chien-Pao|\n|poke|p1|Flutter Mane|\n|poke|p1|Arcanine-Hisui, F|\n|poke|p1|Iron Hands|\n|poke|p2|Tornadus, M|\n|poke|p2|Dragonite, M|\n|poke|p2|Heatran, M|\n|poke|p2|Rillaboom, M|\n|poke|p2|Ninetales-Alola, F|\n|poke|p2|Pawmot, F|\n|teampreview\n|inactive|Battle timer is ON: inactive players will automatically lose when time's up. (requested by pira.xe)\n|inactive|Th3K1ng123 also wants the timer to be on.\n|\n|t:|1701036388\n|start\n|switch|p1a: Iron Hands|Iron Hands|100\/100\n|switch|p1b: Chien-Pao|Chien-Pao|100\/100\n|switch|p2a: Windy|Tornadus, M, shiny|100\/100\n|switch|p2b: Furnace|Heatran, M, shiny|100\/100\n|-ability|p1b: Chien-Pao|Sword of Ruin\n|turn|1\n|\n|t:|1701036405\n|move|p1a: Iron Hands|Fake Out|p2a: Windy\n|-damage|p2a: Windy|78\/100\n|cant|p2a: Windy|flinch\n|move|p1b: Chien-Pao|Icicle Crash|p2a: Windy\n|-supereffective|p2a: Windy\n|-damage|p2a: Windy|0 fnt\n|faint|p2a: Windy\n|move|p2b: Furnace|Heat Wave|p1a: Iron Hands|[spread] p1a,p1b\n|-crit|p1a: Iron Hands\n|-supereffective|p1b: Chien-Pao\n|-crit|p1b: Chien-Pao\n|-damage|p1a: Iron Hands|42\/100\n|-enditem|p1b: Chien-Pao|Focus Sash\n|-damage|p1b: Chien-Pao|1\/100\n|\n|upkeep\n|\n|t:|1701036419\n|switch|p2a: Thiccems|Dragonite, M, shiny|100\/100\n|turn|2\n|\n|t:|1701036429\n|move|p2a: Thiccems|Extreme Speed|p1b: Chien-Pao\n|-damage|p1b: Chien-Pao|0 fnt\n|faint|p1b: Chien-Pao\n|move|p2b: Furnace|Heat Wave|p1a: Iron Hands\n|-damage|p1a: Iron Hands|0 fnt\n|faint|p1a: Iron Hands\n|-end|p1a: Iron Hands|Quark Drive|[silent]\n|\n|upkeep\n|\n|t:|1701036436\n|switch|p1b: Flutter Mane|Flutter Mane|100\/100\n|switch|p1a: Baxcalibur|Baxcalibur, M|100\/100\n|turn|3\n|\n|t:|1701036451\n|switch|p2a: Aurora|Ninetales-Alola, F, shiny|100\/100\n|-weather|Snow|[from] ability: Snow Warning|[of] p2a: Aurora\n|-terastallize|p1b: Flutter Mane|Ground\n|move|p1a: Baxcalibur|Ice Shard|p2a: Aurora\n|-resisted|p2a: Aurora\n|-damage|p2a: Aurora|90\/100\n|move|p1b: Flutter Mane|Tera Blast|p2b: Furnace|[anim] Tera Blast Ground\n|-supereffective|p2b: Furnace\n|-damage|p2b: Furnace|0 fnt\n|faint|p2b: Furnace\n|\n|-weather|Snow|[upkeep]\n|upkeep\n|\n|t:|1701036464\n|switch|p2b: Harambe|Rillaboom, M, shiny|100\/100\n|-fieldstart|move: Grassy Terrain|[from] ability: Grassy Surge|[of] p2b: Harambe\n|-enditem|p2b: Harambe|Grassy Seed\n|-boost|p2b: Harambe|def|1|[from] item: Grassy Seed\n|turn|4\n|\n|t:|1701036478\n|move|p1b: Flutter Mane|Protect|p1b: Flutter Mane\n|-singleturn|p1b: Flutter Mane|Protect\n|move|p1a: Baxcalibur|Ice Shard|p2b: Harambe\n|-supereffective|p2b: Harambe\n|-damage|p2b: Harambe|69\/100\n|move|p2b: Harambe|Grassy Glide|p1b: Flutter Mane\n|-activate|p1b: Flutter Mane|move: Protect\n|move|p2a: Aurora|Aurora Veil|p2a: Aurora\n|-sidestart|p2: Th3K1ng123|move: Aurora Veil\n|\n|-weather|Snow|[upkeep]\n|-heal|p2a: Aurora|96\/100|[from] Grassy Terrain\n|-heal|p2b: Harambe|75\/100|[from] Grassy Terrain\n|upkeep\n|turn|5\n|\n|t:|1701036493\n|move|p1a: Baxcalibur|Ice Shard|p2b: Harambe\n|-supereffective|p2b: Harambe\n|-damage|p2b: Harambe|56\/100\n|move|p2a: Aurora|Blizzard|p1b: Flutter Mane|[spread] p1a,p1b\n|-supereffective|p1b: Flutter Mane\n|-damage|p1a: Baxcalibur|80\/100\n|-damage|p1b: Flutter Mane|64\/100\n|move|p1b: Flutter Mane|Shadow Ball|p2b: Harambe\n|-damage|p2b: Harambe|17\/100\n|-unboost|p2b: Harambe|spd|1\n|move|p2b: Harambe|Drain Punch|p1a: Baxcalibur\n|-supereffective|p1a: Baxcalibur\n|-damage|p1a: Baxcalibur|47\/100\n|-heal|p2b: Harambe|38\/100|[from] drain|[of] p1a: Baxcalibur\n|\n|-weather|Snow|[upkeep]\n|-heal|p2a: Aurora|100\/100|[from] Grassy Terrain\n|-heal|p1b: Flutter Mane|70\/100|[from] Grassy Terrain\n|-heal|p1a: Baxcalibur|53\/100|[from] Grassy Terrain\n|-heal|p2b: Harambe|44\/100|[from] Grassy Terrain\n|upkeep\n|turn|6\n|\n|t:|1701036518\n|move|p2b: Harambe|Protect|p2b: Harambe\n|-singleturn|p2b: Harambe|Protect\n|move|p1a: Baxcalibur|Ice Shard|p2b: Harambe\n|-activate|p2b: Harambe|move: Protect\n|move|p2a: Aurora|Dazzling Gleam|p1b: Flutter Mane|[spread] p1a,p1b\n|-supereffective|p1a: Baxcalibur\n|-damage|p1a: Baxcalibur|23\/100\n|-damage|p1b: Flutter Mane|57\/100\n|move|p1b: Flutter Mane|Shadow Ball|p2b: Harambe\n|-activate|p2b: Harambe|move: Protect\n|\n|-weather|Snow|[upkeep]\n|-heal|p1b: Flutter Mane|63\/100|[from] Grassy Terrain\n|-heal|p1a: Baxcalibur|30\/100|[from] Grassy Terrain\n|-heal|p2b: Harambe|50\/100|[from] Grassy Terrain\n|upkeep\n|turn|7\n|\n|t:|1701036535\n|move|p1a: Baxcalibur|Ice Shard|p2b: Harambe\n|-supereffective|p2b: Harambe\n|-damage|p2b: Harambe|31\/100\n|move|p2b: Harambe|Grassy Glide|p1b: Flutter Mane\n|-supereffective|p1b: Flutter Mane\n|-damage|p1b: Flutter Mane|0 fnt\n|faint|p1b: Flutter Mane\n|-end|p1b: Flutter Mane|Protosynthesis|[silent]\n|move|p2a: Aurora|Dazzling Gleam|p1a: Baxcalibur\n|-supereffective|p1a: Baxcalibur\n|-damage|p1a: Baxcalibur|0 fnt\n|faint|p1a: Baxcalibur\n|\n|-weather|none\n|-heal|p2b: Harambe|38\/100|[from] Grassy Terrain\n|upkeep\n|\n|t:|1701036540\n|switch|p1b: Ninetales|Ninetales-Alola, M|100\/100\n|switch|p1a: Arcanine|Arcanine-Hisui, F|100\/100\n|-weather|Snow|[from] ability: Snow Warning|[of] p1b: Ninetales\n|turn|8\n|\n|t:|1701036559\n|move|p2a: Aurora|Icy Wind|p1b: Ninetales|[spread] p1a,p1b\n|-resisted|p1a: Arcanine\n|-resisted|p1b: Ninetales\n|-damage|p1a: Arcanine|93\/100\n|-damage|p1b: Ninetales|94\/100\n|-unboost|p1a: Arcanine|spe|1\n|-unboost|p1b: Ninetales|spe|1\n|move|p1b: Ninetales|Icy Wind|p2b: Harambe|[spread] p2a,p2b\n|-resisted|p2a: Aurora\n|-supereffective|p2b: Harambe\n|-damage|p2a: Aurora|95\/100\n|-damage|p2b: Harambe|0 fnt\n|-unboost|p2a: Aurora|spe|1\n|faint|p2b: Harambe\n|move|p1a: Arcanine|Flare Blitz|p2a: Aurora\n|-supereffective|p2a: Aurora\n|-damage|p2a: Aurora|0 fnt\n|faint|p2a: Aurora\n|\n|-weather|Snow|[upkeep]\n|-heal|p1b: Ninetales|100\/100|[from] Grassy Terrain\n|-heal|p1a: Arcanine|99\/100|[from] Grassy Terrain\n|-fieldend|move: Grassy Terrain\n|upkeep\n|\n|t:|1701036578\n|switch|p2a: Thiccems|Dragonite, M, shiny|100\/100\n|switch|p2b: Pomni|Pawmot, F, shiny|100\/100\n|turn|9\n|\n|t:|1701036594\n|-terastallize|p2a: Thiccems|Steel\n|move|p2b: Pomni|Revival Blessing|p2b: Pomni\n|-enditem|p2b: Pomni|Leppa Berry|[eat]\n|-activate|p2b: Pomni|item: Leppa Berry|Revival Blessing|[consumed]\n|\n|t:|1701036604\n|-heal|p2: Furnace|50\/100|[from] move: Revival Blessing\n|move|p1b: Ninetales|Moonblast|p2a: Thiccems\n|-resisted|p2a: Thiccems\n|-damage|p2a: Thiccems|95\/100\n|move|p2a: Thiccems|Dragon Dance|p2a: Thiccems\n|-boost|p2a: Thiccems|atk|1\n|-boost|p2a: Thiccems|spe|1\n|move|p1a: Arcanine|Flare Blitz|p2b: Pomni\n|-damage|p2b: Pomni|0 fnt\n|faint|p2b: Pomni\n|\n|-weather|Snow|[upkeep]\n|-heal|p2a: Thiccems|100\/100|[from] item: Leftovers\n|upkeep\n|\n|t:|1701036616\n|switch|p2b: Furnace|Heatran, M, shiny|50\/100\n|turn|10\n|\n|t:|1701036630\n|move|p1b: Ninetales|Protect|p1b: Ninetales\n|-singleturn|p1b: Ninetales|Protect\n|move|p2a: Thiccems|Extreme Speed|p1b: Ninetales\n|-activate|p1b: Ninetales|move: Protect\n|move|p2b: Furnace|Earth Power|p1a: Arcanine\n|-supereffective|p1a: Arcanine\n|-damage|p1a: Arcanine|0 fnt\n|faint|p1a: Arcanine\n|\n|-weather|Snow|[upkeep]\n|upkeep\n|turn|11\n|\n|t:|1701036644\n|move|p2a: Thiccems|Extreme Speed|p1b: Ninetales\n|-damage|p1b: Ninetales|61\/100\n|move|p2b: Furnace|Earth Power|p1b: Ninetales\n|-damage|p1b: Ninetales|0 fnt\n|faint|p1b: Ninetales\n|\n|win|Th3K1ng123\n|raw|pira.xe's rating: 1318 &rarr; <strong>1298<\/strong><br \/>(-20 for losing)\n|raw|Th3K1ng123's rating: 1318 &rarr; <strong>1338<\/strong><br \/>(+20 for winning)\n|l|\u2606pira.xe\n","uploadtime":1701036652,"views":6,"p1id":"piraxe","p2id":"th3k1ng123","formatid":"gen9doublesou","rating":1298,"private":0,"password":""}