{"id":"gen9doublesou-1995871994","p1":"Azelf_Rod23","p2":"Drampa\u5927Raivoso","format":"[Gen 9] Doubles OU","log":"|j|\u2606Azelf_Rod23\n|j|\u2606Drampa\u5927Raivoso\n|inactive|Battle timer is ON: inactive players will automatically lose when time's up.\n|t:|1700611973\n|gametype|doubles\n|player|p1|Azelf_Rod23|carmine|\n|player|p2|Drampa\u5927Raivoso|n-masters|\n|teamsize|p1|6\n|teamsize|p2|6\n|gen|9\n|tier|[Gen 9] Doubles OU\n|rated|Tournament battle\n|rule|Species Clause: Limit one of each Pok\u00e9mon\n|rule|OHKO Clause: OHKO moves are banned\n|rule|Evasion Moves Clause: Evasion moves are banned\n|rule|Gravity Sleep Clause: The combination of sleep-inducing moves with imperfect accuracy and Gravity or Gigantamax Orbeetle are banned\n|rule|Endless Battle Clause: Forcing endless battles is banned\n|rule|HP Percentage Mod: HP is shown in percentages\n|clearpoke\n|poke|p1|Indeedee-F, F|\n|poke|p1|Armarouge, M|\n|poke|p1|Hatterene, F|\n|poke|p1|Iron Hands|\n|poke|p1|Ursaluna-Bloodmoon, M|\n|poke|p1|Sinistcha|\n|poke|p2|Chi-Yu|\n|poke|p2|Torkoal, M|\n|poke|p2|Iron Bundle|\n|poke|p2|Farigiraf, M|\n|poke|p2|Dragonite, F|\n|poke|p2|Brute Bonnet|\n|teampreview\n|inactive|Drampa\u5927Raivoso also wants the timer to be on.\n|c|\u2606Azelf_Rod23|tlgd q vo ti sula ne\n|c|\u2606Azelf_Rod23|so tenho medo desse torkoal\n|inactive|Azelf_Rod23 has 120 seconds left.\n|j| femboyu\n|\n|t:|1700612033\n|start\n|switch|p1a: rapunzel|Hatterene, F, shiny|100\/100\n|switch|p1b: freddy fazbear|Ursaluna-Bloodmoon, M|100\/100\n|switch|p2a: Peixito|Chi-Yu|100\/100\n|switch|p2b: Rapha|Torkoal, M|100\/100\n|-ability|p2a: Peixito|Beads of Ruin\n|-weather|SunnyDay|[from] ability: Drought|[of] p2b: Rapha\n|turn|1\n|\n|t:|1700612061\n|move|p2a: Peixito|Heat Wave|p1a: rapunzel|[spread] p1a,p1b\n|-damage|p1a: rapunzel|34\/100\n|-damage|p1b: freddy fazbear|8\/100\n|move|p1b: freddy fazbear|Earth Power|p2b: Rapha\n|-supereffective|p2b: Rapha\n|-damage|p2b: Rapha|0 fnt\n|faint|p2b: Rapha\n|move|p1a: rapunzel|Trick Room|p1a: rapunzel\n|-fieldstart|move: Trick Room|[of] p1a: rapunzel\n|\n|-weather|SunnyDay|[upkeep]\n|upkeep\n|c|\u2606Azelf_Rod23|rapha\n|\n|t:|1700612067\n|switch|p2b: Banny|Dragonite, F|100\/100\n|turn|2\n|c|\u2606Azelf_Rod23|me lembra de enzo gabriel '-'\n|\n|t:|1700612095\n|switch|p1a: indeedee-M|Indeedee-F, F, shiny|100\/100\n|-fieldstart|move: Psychic Terrain|[from] ability: Psychic Surge|[of] p1a: indeedee-M\n|-enditem|p1a: indeedee-M|Psychic Seed\n|-boost|p1a: indeedee-M|spd|1|[from] item: Psychic Seed\n|switch|p2a: Melman|Farigiraf, M|100\/100\n|move|p1b: freddy fazbear|Earth Power|p2a: Melman\n|-damage|p2a: Melman|51\/100\n|move|p2b: Banny|Stomping Tantrum|p1b: freddy fazbear\n|-damage|p1b: freddy fazbear|0 fnt\n|faint|p1b: freddy fazbear\n|\n|-weather|SunnyDay|[upkeep]\n|upkeep\n|inactive|Azelf_Rod23 has 120 seconds left.\n|\n|t:|1700612116\n|switch|p1b: HaryamaLubrificado|Iron Hands|100\/100\n|turn|3\n|inactive|Azelf_Rod23 has 120 seconds left.\n|c|\u2606Azelf_Rod23|eu vo ticume de um jeito q tu num ta ligado cara\n|c|\u2606Azelf_Rod23|tu vai ver\n|inactive|Azelf_Rod23 has 90 seconds left.\n|\n|t:|1700612163\n|move|p1b: HaryamaLubrificado|Protect|p1b: HaryamaLubrificado\n|-singleturn|p1b: HaryamaLubrificado|Protect\n|move|p2a: Melman|Psyshock|p1b: HaryamaLubrificado\n|-activate|p1b: HaryamaLubrificado|move: Protect\n|move|p2b: Banny|Stomping Tantrum|p1b: HaryamaLubrificado\n|-activate|p1b: HaryamaLubrificado|move: Protect\n|move|p1a: indeedee-M|Dazzling Gleam|p2b: Banny|[spread] p2a,p2b\n|-supereffective|p2b: Banny\n|-damage|p2a: Melman|38\/100\n|-damage|p2b: Banny|78\/100\n|\n|-weather|SunnyDay|[upkeep]\n|upkeep\n|turn|4\n|\n|t:|1700612179\n|move|p1a: indeedee-M|Follow Me|p1a: indeedee-M\n|-singleturn|p1a: indeedee-M|move: Follow Me\n|move|p1b: HaryamaLubrificado|Belly Drum|p1b: HaryamaLubrificado\n|-damage|p1b: HaryamaLubrificado|50\/100\n|-setboost|p1b: HaryamaLubrificado|atk|6|[from] move: Belly Drum\n|-enditem|p1b: HaryamaLubrificado|Sitrus Berry|[eat]\n|-heal|p1b: HaryamaLubrificado|75\/100|[from] item: Sitrus Berry\n|move|p2a: Melman|Psyshock|p1a: indeedee-M\n|-resisted|p1a: indeedee-M\n|-damage|p1a: indeedee-M|78\/100\n|move|p2b: Banny|Stomping Tantrum|p1a: indeedee-M\n|-damage|p1a: indeedee-M|36\/100\n|\n|-weather|SunnyDay|[upkeep]\n|upkeep\n|turn|5\n|inactive|Azelf_Rod23 has 120 seconds left.\n|l| femboyu\n|\n|t:|1700612202\n|move|p1a: indeedee-M|Follow Me|p1a: indeedee-M\n|-singleturn|p1a: indeedee-M|move: Follow Me\n|move|p1b: HaryamaLubrificado|Drain Punch|p2a: Melman\n|-damage|p2a: Melman|0 fnt\n|-heal|p1b: HaryamaLubrificado|92\/100|[from] drain|[of] p2a: Melman\n|faint|p2a: Melman\n|move|p2b: Banny|Stomping Tantrum|p1a: indeedee-M\n|-damage|p1a: indeedee-M|0 fnt\n|faint|p1a: indeedee-M\n|\n|-weather|none\n|-fieldend|move: Trick Room\n|upkeep\n|inactive|Azelf_Rod23 has 120 seconds left.\n|c|\u2606Azelf_Rod23|._.\n|\n|t:|1700612221\n|switch|p1a: ceruledge lmao|Armarouge, M|100\/100\n|switch|p2a: Peixito|Chi-Yu|100\/100\n|-ability|p2a: Peixito|Beads of Ruin\n|turn|6\n|j| Riquelme 03\n|\n|t:|1700612233\n|-terastallize|p1a: ceruledge lmao|Grass\n|move|p1b: HaryamaLubrificado|Protect|p1b: HaryamaLubrificado\n|-singleturn|p1b: HaryamaLubrificado|Protect\n|move|p2a: Peixito|Flamethrower|p1b: HaryamaLubrificado\n|-activate|p1b: HaryamaLubrificado|move: Protect\n|move|p2b: Banny|Stomping Tantrum|p1b: HaryamaLubrificado\n|-activate|p1b: HaryamaLubrificado|move: Protect\n|move|p1a: ceruledge lmao|Trick Room|p1a: ceruledge lmao\n|-fieldstart|move: Trick Room|[of] p1a: ceruledge lmao\n|\n|-fieldend|move: Psychic Terrain\n|upkeep\n|turn|7\n|c|\u2606Azelf_Rod23|vixi tu vai me sola de flamethrower se eu nao te sola rapido\n|inactive|Azelf_Rod23 has 120 seconds left.\n|c|\u2606Drampa\u5927Raivoso|Eae riquelme\n|\n|t:|1700612271\n|move|p1b: HaryamaLubrificado|Drain Punch|p2a: Peixito\n|-supereffective|p2a: Peixito\n|-damage|p2a: Peixito|0 fnt\n|-heal|p1b: HaryamaLubrificado|100\/100|[from] drain|[of] p2a: Peixito\n|faint|p2a: Peixito\n|move|p1a: ceruledge lmao|Expanding Force|p2b: Banny\n|-damage|p2b: Banny|24\/100\n|-damage|p1a: ceruledge lmao|91\/100|[from] item: Life Orb\n|move|p2b: Banny|Stomping Tantrum|p1b: HaryamaLubrificado\n|-supereffective|p1b: HaryamaLubrificado\n|-damage|p1b: HaryamaLubrificado|54\/100\n|\n|upkeep\n|c|\u2606Drampa\u5927Raivoso|Tempinho que n\u00e3o lhe vejo\n|\n|t:|1700612281\n|switch|p2a: UgaBungos|Brute Bonnet|100\/100\n|turn|8\n|c| Riquelme 03|ol\u00e1 Drampa\n|c|\u2606Azelf_Rod23|solada com o time do nubkk\n|inactive|Drampa\u5927Raivoso has 120 seconds left.\n|-message|Drampa\u5927Raivoso forfeited.\n|\n|win|Azelf_Rod23\n|n|\u2606Azelf_Rod23|azelfrod23\n|n|\u2606Drampa\u5927Raivoso|dramparaivoso\n|n| Riquelme 03|riquelme03\n","uploadtime":1700612317,"views":3,"p1id":"azelfrod23","p2id":"dramparaivoso","formatid":"gen9doublesou","rating":0,"private":0,"password":""}