{"id":"gen9doublesou-1986751500","p1":"1103c","p2":"yhgfvisd","format":"[Gen 9] Doubles OU","log":"|j|\u26061103c\n|j|\u2606yhgfvisd\n|t:|1699519373\n|gametype|doubles\n|player|p1|1103c|266|1049\n|player|p2|yhgfvisd|102|1000\n|teamsize|p1|6\n|teamsize|p2|6\n|gen|9\n|tier|[Gen 9] Doubles OU\n|rated|\n|rule|Species Clause: Limit one of each Pok\u00e9mon\n|rule|OHKO Clause: OHKO moves are banned\n|rule|Evasion Moves Clause: Evasion moves are banned\n|rule|Gravity Sleep Clause: The combination of sleep-inducing moves with imperfect accuracy and Gravity or Gigantamax Orbeetle are banned\n|rule|Endless Battle Clause: Forcing endless battles is banned\n|rule|HP Percentage Mod: HP is shown in percentages\n|clearpoke\n|poke|p1|Goodra-Hisui, F|\n|poke|p1|Blissey, F|\n|poke|p1|Toxapex, F|\n|poke|p1|Iron Hands|\n|poke|p1|Sinistcha-Masterpiece|\n|poke|p1|Gliscor, M|\n|poke|p2|Haxorus, M|\n|poke|p2|Chandelure, F|\n|poke|p2|Murkrow, M|\n|poke|p2|Torkoal, M|\n|poke|p2|Bisharp, F|\n|poke|p2|Conkeldurr, F|\n|teampreview\n|inactive|Battle timer is ON: inactive players will automatically lose when time's up. (requested by 1103c)\n|\n|t:|1699519400\n|start\n|switch|p1a: Blissey|Blissey, F, shiny|100\/100\n|switch|p1b: Toxapex|Toxapex, F, shiny|100\/100\n|switch|p2a: Murkrow|Murkrow, M|100\/100\n|switch|p2b: Bisharp|Bisharp, F|100\/100\n|turn|1\n|inactive|yhgfvisd has 120 seconds left.\n|\n|t:|1699519452\n|move|p2a: Murkrow|Tailwind|p2a: Murkrow\n|-sidestart|p2: yhgfvisd|move: Tailwind\n|move|p2b: Bisharp|Swords Dance|p2b: Bisharp\n|-boost|p2b: Bisharp|atk|2\n|move|p1a: Blissey|Stealth Rock|p2b: Bisharp\n|-sidestart|p2: yhgfvisd|move: Stealth Rock\n|move|p1b: Toxapex|Toxic Spikes|p2b: Bisharp\n|-sidestart|p2: yhgfvisd|move: Toxic Spikes\n|\n|upkeep\n|turn|2\n|inactive|yhgfvisd has 120 seconds left.\n|inactive|yhgfvisd has 90 seconds left.\n|\n|t:|1699519488\n|switch|p1a: Gliscor|Gliscor, M|100\/100\n|move|p2b: Bisharp|Sucker Punch||[still]\n|-fail|p2b: Bisharp\n|move|p2a: Murkrow|Foul Play|p1b: Toxapex\n|-damage|p1b: Toxapex|86\/100\n|move|p1b: Toxapex|Toxic Spikes|p2a: Murkrow\n|-sidestart|p2: yhgfvisd|move: Toxic Spikes\n|\n|-heal|p1b: Toxapex|93\/100|[from] item: Black Sludge\n|upkeep\n|turn|3\n|\n|t:|1699519510\n|move|p2a: Murkrow|Foul Play|p1a: Gliscor\n|-damage|p1a: Gliscor|80\/100\n|move|p2b: Bisharp|Night Slash|p1a: Gliscor\n|-damage|p1a: Gliscor|2\/100\n|-damage|p2b: Bisharp|91\/100|[from] item: Life Orb\n|move|p1a: Gliscor|Spikes|p2b: Bisharp\n|-sidestart|p2: yhgfvisd|Spikes\n|move|p1b: Toxapex|Toxic|p2a: Murkrow\n|-status|p2a: Murkrow|tox\n|\n|-heal|p1a: Gliscor|8\/100|[from] item: Leftovers\n|-heal|p1b: Toxapex|99\/100|[from] item: Black Sludge\n|-damage|p2a: Murkrow|94\/100 tox|[from] psn\n|upkeep\n|turn|4\n|inactive|yhgfvisd has 120 seconds left.\n|inactive|1103c has 120 seconds left.\n|inactive|yhgfvisd has 90 seconds left.\n|\n|t:|1699519559\n|switch|p1a: Goodra|Goodra-Hisui, F|100\/100\n|move|p2a: Murkrow|Foul Play|p1a: Goodra\n|-damage|p1a: Goodra|79\/100\n|move|p2b: Bisharp|Night Slash|p1b: Toxapex\n|-damage|p1b: Toxapex|18\/100\n|-damage|p2b: Bisharp|81\/100|[from] item: Life Orb\n|move|p1b: Toxapex|Stockpile|p1b: Toxapex\n|-start|p1b: Toxapex|stockpile1\n|-boost|p1b: Toxapex|def|1\n|-boost|p1b: Toxapex|spd|1\n|\n|-heal|p1a: Goodra|85\/100|[from] item: Leftovers\n|-heal|p1b: Toxapex|24\/100|[from] item: Black Sludge\n|-damage|p2a: Murkrow|82\/100 tox|[from] psn\n|-sideend|p2: yhgfvisd|move: Tailwind\n|upkeep\n|turn|5\n|inactive|yhgfvisd has 90 seconds left.\n|inactive|1103c has 120 seconds left.\n|\n|t:|1699519588\n|switch|p1b: Sinistcha|Sinistcha-Masterpiece, shiny|100\/100\n|-heal|p1a: Goodra|100\/100|[from] ability: Hospitality|[of] p1b: Sinistcha\n|move|p2b: Bisharp|Sucker Punch||[still]\n|-fail|p2b: Bisharp\n|move|p2a: Murkrow|Foul Play|p1b: Sinistcha\n|-supereffective|p1b: Sinistcha\n|-damage|p1b: Sinistcha|72\/100\n|move|p1a: Goodra|Shelter|p1a: Goodra\n|-boost|p1a: Goodra|def|2\n|\n|-damage|p2a: Murkrow|63\/100 tox|[from] psn\n|upkeep\n|turn|6\n|inactive|1103c has 120 seconds left.\n|inactive|yhgfvisd has 90 seconds left.\n|\n|t:|1699519622\n|switch|p1b: Toxapex|Toxapex, F, shiny|58\/100\n|move|p2b: Bisharp|Sucker Punch||[still]\n|-fail|p2b: Bisharp\n|move|p2a: Murkrow|Foul Play|p1a: Goodra\n|-damage|p1a: Goodra|89\/100\n|move|p1a: Goodra|Shelter|p1a: Goodra\n|-boost|p1a: Goodra|def|2\n|\n|-heal|p1a: Goodra|95\/100|[from] item: Leftovers\n|-heal|p1b: Toxapex|64\/100|[from] item: Black Sludge\n|-damage|p2a: Murkrow|39\/100 tox|[from] psn\n|upkeep\n|turn|7\n|inactive|1103c has 120 seconds left.\n|inactive|yhgfvisd has 90 seconds left.\n|\n|t:|1699519652\n|move|p2a: Murkrow|Haze|p2a: Murkrow\n|-clearallboost\n|move|p2b: Bisharp|Sucker Punch||[still]\n|-fail|p2b: Bisharp\n|move|p1a: Goodra|Shelter|p1a: Goodra\n|-boost|p1a: Goodra|def|2\n|move|p1b: Toxapex|Recover|p1b: Toxapex\n|-heal|p1b: Toxapex|100\/100\n|\n|-heal|p1a: Goodra|100\/100|[from] item: Leftovers\n|-damage|p2a: Murkrow|8\/100 tox|[from] psn\n|upkeep\n|turn|8\n|inactive|yhgfvisd has 90 seconds left.\n|inactive|1103c has 120 seconds left.\n|\n|t:|1699519683\n|switch|p1b: Gliscor|Gliscor, M|8\/100\n|move|p2a: Murkrow|Haze|p2a: Murkrow\n|-clearallboost\n|move|p2b: Bisharp|Night Slash|p1b: Gliscor\n|-damage|p1b: Gliscor|0 fnt\n|faint|p1b: Gliscor\n|-damage|p2b: Bisharp|71\/100|[from] item: Life Orb\n|move|p1a: Goodra|Shelter|p1a: Goodra\n|-boost|p1a: Goodra|def|2\n|\n|-damage|p2a: Murkrow|0 fnt|[from] psn\n|faint|p2a: Murkrow\n|upkeep\n|inactive|1103c has 120 seconds left.\n|inactive|yhgfvisd has 90 seconds left.\n|\n|t:|1699519718\n|switch|p1b: Toxapex|Toxapex, F, shiny|100\/100\n|switch|p2a: Haxorus|Haxorus, M|100\/100\n|-damage|p2a: Haxorus|88\/100|[from] Stealth Rock\n|-status|p2a: Haxorus|tox\n|-enditem|p2a: Haxorus|Lum Berry|[eat]\n|-curestatus|p2a: Haxorus|tox|[msg]\n|-damage|p2a: Haxorus|76\/100|[from] Spikes\n|-ability|p2a: Haxorus|Mold Breaker\n|turn|9\n|inactive|yhgfvisd has 90 seconds left.\n|inactive|1103c has 120 seconds left.\n|\n|t:|1699519738\n|switch|p2b: Conkeldurr|Conkeldurr, F|100\/100\n|-damage|p2b: Conkeldurr|94\/100|[from] Stealth Rock\n|-status|p2b: Conkeldurr|tox\n|-damage|p2b: Conkeldurr|82\/100 tox|[from] Spikes\n|-terastallize|p1a: Goodra|Steel\n|move|p2a: Haxorus|Earthquake|p1a: Goodra|[spread] p2b,p1a,p1b\n|-supereffective|p1a: Goodra\n|-supereffective|p1b: Toxapex\n|-damage|p2b: Conkeldurr|62\/100 tox\n|-damage|p1a: Goodra|79\/100\n|-damage|p1b: Toxapex|62\/100\n|move|p1a: Goodra|Shelter|p1a: Goodra\n|-boost|p1a: Goodra|def|2\n|move|p1b: Toxapex|Toxic|p2a: Haxorus\n|-status|p2a: Haxorus|tox\n|\n|-heal|p1a: Goodra|85\/100|[from] item: Leftovers\n|-heal|p1b: Toxapex|69\/100|[from] item: Black Sludge\n|-damage|p2a: Haxorus|70\/100 tox|[from] psn\n|-damage|p2b: Conkeldurr|56\/100 tox|[from] psn\n|upkeep\n|turn|10\n|-message|yhgfvisd forfeited.\n|\n|win|1103c\n|raw|1103c's rating: 1049 &rarr; <strong>1077<\/strong><br \/>(+28 for winning)\n|raw|yhgfvisd's rating: 1000 &rarr; <strong>1000<\/strong><br \/>(+0 for losing)\n|l|\u2606yhgfvisd\n","uploadtime":1699519766,"views":14,"p1id":"1103c","p2id":"yhgfvisd","formatid":"gen9doublesou","rating":1000,"private":0,"password":""}