{"id":"gen9doublesou-1983662240","p1":"LyonsRoar2","p2":"2007prem","format":"[Gen 9] Doubles OU","log":"|j|\u2606LyonsRoar2\n|j|\u26062007prem\n|t:|1699155522\n|gametype|doubles\n|player|p1|LyonsRoar2|pokemonbreeder-gen4|1241\n|player|p2|2007prem|biker-gen4|1134\n|teamsize|p1|6\n|teamsize|p2|6\n|gen|9\n|tier|[Gen 9] Doubles OU\n|rated|\n|rule|Species Clause: Limit one of each Pok\u00e9mon\n|rule|OHKO Clause: OHKO moves are banned\n|rule|Evasion Moves Clause: Evasion moves are banned\n|rule|Gravity Sleep Clause: The combination of sleep-inducing moves with imperfect accuracy and Gravity or Gigantamax Orbeetle are banned\n|rule|Endless Battle Clause: Forcing endless battles is banned\n|rule|HP Percentage Mod: HP is shown in percentages\n|clearpoke\n|poke|p1|Quaquaval, M|\n|poke|p1|Flamigo, F|\n|poke|p1|Oricorio-Sensu, F|\n|poke|p1|Lilligant, F|\n|poke|p1|Volcarona, F|\n|poke|p1|Kommo-o, F|\n|poke|p2|Iron Hands|\n|poke|p2|Iron Moth|\n|poke|p2|Landorus, M|\n|poke|p2|Flutter Mane|\n|poke|p2|Indeedee-F, F|\n|poke|p2|Tornadus, M|\n|teampreview\n|inactive|Battle timer is ON: inactive players will automatically lose when time's up. (requested by 2007prem)\n|\n|t:|1699155543\n|start\n|switch|p1a: Lilligant|Lilligant, F|100\/100\n|switch|p1b: Volcarona|Volcarona, F|100\/100\n|switch|p2a: Iron Hands|Iron Hands|100\/100\n|switch|p2b: Flutter Mane|Flutter Mane|100\/100\n|turn|1\n|\n|t:|1699155560\n|-terastallize|p2b: Flutter Mane|Ghost\n|move|p1b: Volcarona|Protect|p1b: Volcarona\n|-singleturn|p1b: Volcarona|Protect\n|move|p2a: Iron Hands|Fake Out|p1b: Volcarona\n|-activate|p1b: Volcarona|move: Protect\n|move|p2b: Flutter Mane|Icy Wind|p1a: Lilligant|[spread] p1a\n|-activate|p1b: Volcarona|move: Protect\n|-supereffective|p1a: Lilligant\n|-crit|p1a: Lilligant\n|-damage|p1a: Lilligant|0 fnt\n|faint|p1a: Lilligant\n|\n|upkeep\n|\n|t:|1699155573\n|switch|p1a: Kommo-o|Kommo-o, F|100\/100\n|turn|2\n|\n|t:|1699155593\n|-end|p2b: Flutter Mane|Protosynthesis|[silent]\n|switch|p2b: Tornadus|Tornadus, M|100\/100\n|-terastallize|p1a: Kommo-o|Normal\n|move|p2a: Iron Hands|Fake Out||[still]\n|-hint|Fake Out only works on your first turn out.\n|-fail|p2a: Iron Hands\n|move|p1b: Volcarona|Heat Wave|p2b: Tornadus|[spread] p2a,p2b\n|-damage|p2a: Iron Hands|79\/100\n|-damage|p2b: Tornadus|61\/100\n|-status|p2b: Tornadus|brn\n|move|p1a: Kommo-o|Clangorous Soul|p1a: Kommo-o\n|-boost|p1a: Kommo-o|atk|1\n|-boost|p1a: Kommo-o|def|1\n|-boost|p1a: Kommo-o|spa|1\n|-boost|p1a: Kommo-o|spd|1\n|-boost|p1a: Kommo-o|spe|1\n|-damage|p1a: Kommo-o|68\/100\n|-enditem|p1a: Kommo-o|Throat Spray\n|-boost|p1a: Kommo-o|spa|1|[from] item: Throat Spray\n|\n|-damage|p2b: Tornadus|56\/100 brn|[from] brn\n|upkeep\n|turn|3\n|\n|t:|1699155620\n|move|p1b: Volcarona|Protect|p1b: Volcarona\n|-singleturn|p1b: Volcarona|Protect\n|move|p1a: Kommo-o|Boomburst|p2a: Iron Hands|[spread] p2a,p2b\n|-activate|p1b: Volcarona|move: Protect\n|-damage|p2a: Iron Hands|25\/100\n|-damage|p2b: Tornadus|0 fnt\n|faint|p2b: Tornadus\n|move|p2a: Iron Hands|Drain Punch|p1a: Kommo-o\n|-supereffective|p1a: Kommo-o\n|-damage|p1a: Kommo-o|13\/100\n|-heal|p2a: Iron Hands|42\/100|[from] drain|[of] p1a: Kommo-o\n|\n|upkeep\n|inactive|2007prem has 120 seconds left.\n|\n|t:|1699155632\n|switch|p2b: Flutter Mane|Flutter Mane, tera:Ghost|100\/100\n|turn|4\n|inactive|LyonsRoar2 has 120 seconds left.\n|\n|t:|1699155667\n|move|p1a: Kommo-o|Clanging Scales|p2b: Flutter Mane|[spread] p2a,p2b\n|-damage|p2a: Iron Hands|5\/100\n|-damage|p2b: Flutter Mane|22\/100\n|-unboost|p1a: Kommo-o|def|1\n|move|p2b: Flutter Mane|Icy Wind|p1b: Volcarona|[spread] p1a,p1b\n|-resisted|p1b: Volcarona\n|-damage|p1a: Kommo-o|0 fnt\n|-damage|p1b: Volcarona|90\/100\n|-unboost|p1b: Volcarona|spe|1\n|faint|p1a: Kommo-o\n|move|p1b: Volcarona|Heat Wave|p2b: Flutter Mane|[spread] p2a,p2b\n|-damage|p2a: Iron Hands|0 fnt\n|-damage|p2b: Flutter Mane|0 fnt\n|faint|p2a: Iron Hands\n|-end|p2a: Iron Hands|Quark Drive|[silent]\n|faint|p2b: Flutter Mane\n|-end|p2b: Flutter Mane|Protosynthesis|[silent]\n|\n|upkeep\n|\n|t:|1699155684\n|switch|p2b: Indeedee|Indeedee-F, F|100\/100\n|switch|p1a: Oricorio|Oricorio-Sensu, F|100\/100\n|switch|p2a: Landorus|Landorus, M|100\/100\n|-fieldstart|move: Psychic Terrain|[from] ability: Psychic Surge|[of] p2b: Indeedee\n|-enditem|p2b: Indeedee|Psychic Seed\n|-boost|p2b: Indeedee|spd|1|[from] item: Psychic Seed\n|turn|5\n|inactive|2007prem has 120 seconds left.\n|\n|t:|1699155716\n|move|p2b: Indeedee|Fake Out|p1b: Volcarona\n|-activate|p1b: Volcarona|move: Psychic Terrain\n|move|p1a: Oricorio|Quiver Dance|p1a: Oricorio\n|-boost|p1a: Oricorio|spa|1\n|-boost|p1a: Oricorio|spd|1\n|-boost|p1a: Oricorio|spe|1\n|move|p2a: Landorus|Earth Power|p1b: Volcarona\n|-damage|p1b: Volcarona|13\/100\n|move|p1b: Volcarona|Quiver Dance|p1b: Volcarona\n|-boost|p1b: Volcarona|spa|1\n|-boost|p1b: Volcarona|spd|1\n|-boost|p1b: Volcarona|spe|1\n|-activate|p1a: Oricorio|ability: Dancer\n|move|p1a: Oricorio|Quiver Dance|p1a: Oricorio|[from]ability: Dancer\n|-boost|p1a: Oricorio|spa|1\n|-boost|p1a: Oricorio|spd|1\n|-boost|p1a: Oricorio|spe|1\n|\n|upkeep\n|turn|6\n|\n|t:|1699155744\n|move|p2b: Indeedee|Follow Me|p2b: Indeedee\n|-singleturn|p2b: Indeedee|move: Follow Me\n|move|p1a: Oricorio|Revelation Dance|p2b: Indeedee\n|-immune|p2b: Indeedee\n|move|p1b: Volcarona|Giga Drain|p2b: Indeedee\n|-damage|p2b: Indeedee|75\/100\n|-heal|p1b: Volcarona|26\/100|[from] drain|[of] p2b: Indeedee\n|move|p2a: Landorus|Earth Power|p1b: Volcarona\n|-damage|p1b: Volcarona|0 fnt\n|faint|p1b: Volcarona\n|\n|upkeep\n|inactive|LyonsRoar2 has 120 seconds left.\n|\n|t:|1699155755\n|switch|p1b: Flamigo|Flamigo, F|100\/100\n|-copyboost|p1b: Flamigo|p1a: Oricorio|[from] ability: Costar\n|turn|7\n|\n|t:|1699155773\n|move|p2b: Indeedee|Follow Me|p2b: Indeedee\n|-singleturn|p2b: Indeedee|move: Follow Me\n|move|p1a: Oricorio|Taunt|p2b: Indeedee\n|-start|p2b: Indeedee|move: Taunt\n|move|p1b: Flamigo|U-turn|p2b: Indeedee\n|-supereffective|p2b: Indeedee\n|-damage|p2b: Indeedee|18\/100\n|-damage|p1b: Flamigo|91\/100|[from] item: Life Orb\n|\n|t:|1699155781\n|switch|p1b: Quaquaval|Quaquaval, M|100\/100|[from] U-turn\n|move|p2a: Landorus|Sludge Bomb|p1b: Quaquaval\n|-damage|p1b: Quaquaval|54\/100\n|\n|upkeep\n|turn|8\n|\n|t:|1699155797\n|move|p1a: Oricorio|Revelation Dance|p2a: Landorus\n|-damage|p2a: Landorus|17\/100\n|move|p2a: Landorus|Sludge Bomb|p1a: Oricorio\n|-resisted|p1a: Oricorio\n|-crit|p1a: Oricorio\n|-damage|p1a: Oricorio|50\/100\n|move|p1b: Quaquaval|Aqua Step|p2a: Landorus\n|-supereffective|p2a: Landorus\n|-damage|p2a: Landorus|0 fnt\n|-boost|p1b: Quaquaval|spe|1\n|faint|p2a: Landorus\n|-ability|p1b: Quaquaval|Moxie|boost\n|-boost|p1b: Quaquaval|atk|1\n|-activate|p1a: Oricorio|ability: Dancer\n|move|p1a: Oricorio|Aqua Step|p2b: Indeedee|[from]ability: Dancer\n|-crit|p2b: Indeedee\n|-damage|p2b: Indeedee|3\/100\n|-boost|p1a: Oricorio|spe|1\n|move|p2b: Indeedee|Dazzling Gleam|p1a: Oricorio|[spread] p1a,p1b\n|-supereffective|p1b: Quaquaval\n|-damage|p1a: Oricorio|42\/100\n|-damage|p1b: Quaquaval|31\/100\n|\n|upkeep\n|inactive|2007prem has 120 seconds left.\n|\n|t:|1699155821\n|switch|p2a: Iron Moth|Iron Moth|100\/100\n|-item|p2a: Iron Moth|Air Balloon\n|turn|9\n|-message|2007prem forfeited.\n|\n|win|LyonsRoar2\n|raw|LyonsRoar2's rating: 1241 &rarr; <strong>1259<\/strong><br \/>(+18 for winning)\n|raw|2007prem's rating: 1134 &rarr; <strong>1116<\/strong><br \/>(-18 for losing)\n|l|\u26062007prem\n","uploadtime":1699155850,"views":19,"p1id":"lyonsroar2","p2id":"2007prem","formatid":"gen9doublesou","rating":1116,"private":0,"password":""}