{"id":"gen9doublesou-1991771682","p1":"Yoriito","p2":"SteelMan2007","format":"[Gen 9] Doubles OU","log":"|j|\u2606Yoriito\n|j|\u2606SteelMan2007\n|t:|1700114414\n|gametype|doubles\n|player|p1|Yoriito|ash-kalos|1248\n|player|p2|SteelMan2007|1|1201\n|teamsize|p1|6\n|teamsize|p2|6\n|gen|9\n|tier|[Gen 9] Doubles OU\n|rated|\n|rule|Species Clause: Limit one of each Pok\u00e9mon\n|rule|OHKO Clause: OHKO moves are banned\n|rule|Evasion Moves Clause: Evasion moves are banned\n|rule|Gravity Sleep Clause: The combination of sleep-inducing moves with imperfect accuracy and Gravity or Gigantamax Orbeetle are banned\n|rule|Endless Battle Clause: Forcing endless battles is banned\n|rule|HP Percentage Mod: HP is shown in percentages\n|clearpoke\n|poke|p1|Greninja-*, M|\n|poke|p1|Ogerpon-Wellspring, F|\n|poke|p1|Sinistcha-Masterpiece|\n|poke|p1|Chien-Pao|\n|poke|p1|Pelipper, M|\n|poke|p1|Raichu, M|\n|poke|p2|Glimmora, F|\n|poke|p2|Gastrodon, M|\n|poke|p2|Sinistcha-Masterpiece|\n|poke|p2|Tornadus, M|\n|poke|p2|Baxcalibur, F|\n|poke|p2|Great Tusk|\n|teampreview\n|\n|t:|1700114425\n|start\n|switch|p1a: Raichu|Raichu, M|100\/100\n|switch|p1b: Sinistcha|Sinistcha-Masterpiece|100\/100\n|switch|p2a: Aftermath|Glimmora, F|100\/100\n|switch|p2b: Sea me later|Gastrodon, M|100\/100\n|turn|1\n|inactive|Battle timer is ON: inactive players will automatically lose when time's up. (requested by Yoriito)\n|\n|t:|1700114448\n|move|p1a: Raichu|Light Screen|p1a: Raichu\n|-sidestart|p1: Yoriito|move: Light Screen\n|move|p2a: Aftermath|Stealth Rock|p1a: Raichu\n|-sidestart|p1: Yoriito|move: Stealth Rock\n|move|p1b: Sinistcha|Matcha Gotcha|p2b: Sea me later|[spread] p2a,p2b\n|-supereffective|p2b: Sea me later\n|-damage|p2a: Aftermath|76\/100\n|-damage|p2b: Sea me later|10\/100\n|-enditem|p2b: Sea me later|Red Card|[of] p1b: Sinistcha\n|drag|p1b: Pelipper|Pelipper, M|100\/100\n|-damage|p1b: Pelipper|76\/100|[from] Stealth Rock\n|-weather|RainDance|[from] ability: Drizzle|[of] p1b: Pelipper\n|move|p2b: Sea me later|Spikes|p1a: Raichu\n|-sidestart|p1: Yoriito|Spikes\n|\n|-weather|RainDance|[upkeep]\n|upkeep\n|turn|2\n|\n|t:|1700114468\n|move|p1a: Raichu|Thunder|p2a: Aftermath\n|-damage|p2a: Aftermath|34\/100\n|move|p2a: Aftermath|Spikes|p1b: Pelipper\n|-sidestart|p1: Yoriito|Spikes\n|move|p1b: Pelipper|Icy Wind|p2b: Sea me later|[spread] p2a,p2b\n|-damage|p2a: Aftermath|25\/100\n|-damage|p2b: Sea me later|3\/100\n|-unboost|p2a: Aftermath|spe|1\n|-unboost|p2b: Sea me later|spe|1\n|move|p2b: Sea me later|Spikes|p1b: Pelipper\n|-sidestart|p1: Yoriito|Spikes\n|\n|-weather|RainDance|[upkeep]\n|upkeep\n|turn|3\n|\n|t:|1700114486\n|move|p2a: Aftermath|Spiky Shield|p2a: Aftermath\n|-singleturn|p2a: Aftermath|move: Protect\n|move|p1a: Raichu|Thunder|p2a: Aftermath\n|-activate|p2a: Aftermath|move: Protect\n|move|p1b: Pelipper|Icy Wind|p2b: Sea me later|[spread] p2b\n|-activate|p2a: Aftermath|move: Protect\n|-damage|p2b: Sea me later|0 fnt\n|faint|p2b: Sea me later\n|\n|-weather|RainDance|[upkeep]\n|upkeep\n|\n|t:|1700114497\n|switch|p2b: Get out|Baxcalibur, F|100\/100\n|turn|4\n|\n|t:|1700114504\n|move|p2b: Get out|Ice Shard|p2a: Aftermath\n|-damage|p2a: Aftermath|8\/100\n|-activate|p2a: Aftermath|ability: Toxic Debris\n|-sidestart|p1: Yoriito|move: Toxic Spikes\n|move|p1a: Raichu|Focus Blast|p2b: Get out\n|-supereffective|p2b: Get out\n|-damage|p2b: Get out|54\/100\n|move|p1b: Pelipper|Weather Ball|p2a: Aftermath\n|-supereffective|p2a: Aftermath\n|-damage|p2a: Aftermath|0 fnt\n|faint|p2a: Aftermath\n|\n|-weather|RainDance|[upkeep]\n|upkeep\n|\n|t:|1700114518\n|switch|p2a: Roar tusk|Great Tusk|100\/100\n|turn|5\n|\n|t:|1700114532\n|move|p1a: Raichu|Focus Blast|p2b: Get out|[miss]\n|-miss|p1a: Raichu|p2b: Get out\n|move|p2a: Roar tusk|High Horsepower|p1a: Raichu\n|-supereffective|p1a: Raichu\n|-enditem|p1a: Raichu|Focus Sash\n|-damage|p1a: Raichu|1\/100\n|move|p1b: Pelipper|Weather Ball|p2a: Roar tusk\n|-supereffective|p2a: Roar tusk\n|-damage|p2a: Roar tusk|0 fnt\n|faint|p2a: Roar tusk\n|-end|p2a: Roar tusk|Protosynthesis|[silent]\n|move|p2b: Get out|Dragon Tail|p1b: Pelipper\n|-damage|p1b: Pelipper|49\/100\n|drag|p1b: Chien-Pao|Chien-Pao|100\/100\n|-damage|p1b: Chien-Pao|76\/100|[from] Stealth Rock\n|-damage|p1b: Chien-Pao|51\/100|[from] Spikes\n|-status|p1b: Chien-Pao|psn\n|-ability|p1b: Chien-Pao|Sword of Ruin\n|\n|-weather|RainDance|[upkeep]\n|-damage|p1b: Chien-Pao|38\/100 psn|[from] psn\n|-sideend|p1: Yoriito|move: Light Screen\n|upkeep\n|\n|t:|1700114556\n|switch|p2a: The wind|Tornadus, M, shiny|100\/100\n|turn|6\n|\n|t:|1700114565\n|move|p2b: Get out|Ice Shard|p1a: Raichu\n|-damage|p1a: Raichu|0 fnt\n|faint|p1a: Raichu\n|move|p1b: Chien-Pao|Sacred Sword|p2b: Get out\n|-supereffective|p2b: Get out\n|-damage|p2b: Get out|0 fnt\n|faint|p2b: Get out\n|move|p2a: The wind|Bleakwind Storm|p1b: Chien-Pao\n|-crit|p1b: Chien-Pao\n|-damage|p1b: Chien-Pao|0 fnt\n|faint|p1b: Chien-Pao\n|\n|-weather|RainDance|[upkeep]\n|upkeep\n|\n|t:|1700114578\n|switch|p1b: Sinistcha|Sinistcha-Masterpiece|100\/100\n|switch|p1a: Pelipper|Pelipper, M|49\/100\n|switch|p2b: Tea anyone|Sinistcha-Masterpiece|100\/100\n|-damage|p1a: Pelipper|24\/100|[from] Stealth Rock\n|-heal|p1a: Pelipper|49\/100|[from] ability: Hospitality|[of] p1b: Sinistcha\n|turn|7\n|\n|t:|1700114602\n|-terastallize|p2a: The wind|Steel\n|move|p1b: Sinistcha|Rage Powder|p1b: Sinistcha\n|-singleturn|p1b: Sinistcha|move: Rage Powder\n|move|p2a: The wind|Bleakwind Storm|p1b: Sinistcha|[spread] p1a,p1b\n|-supereffective|p1b: Sinistcha\n|-damage|p1a: Pelipper|7\/100\n|-damage|p1b: Sinistcha|28\/100\n|move|p1a: Pelipper|Icy Wind|p2a: The wind|[spread] p2a,p2b\n|-resisted|p2a: The wind\n|-supereffective|p2b: Tea anyone\n|-damage|p2a: The wind|95\/100\n|-damage|p2b: Tea anyone|80\/100\n|-unboost|p2b: Tea anyone|spe|1\n|move|p2b: Tea anyone|Matcha Gotcha|p1b: Sinistcha|[spread] p1a,p1b\n|-resisted|p1b: Sinistcha\n|-damage|p1a: Pelipper|0 fnt\n|-heal|p2b: Tea anyone|83\/100|[from] drain|[of] p1a: Pelipper\n|-damage|p1b: Sinistcha|9\/100\n|-heal|p2b: Tea anyone|92\/100|[from] drain|[of] p1b: Sinistcha\n|faint|p1a: Pelipper\n|\n|-weather|RainDance|[upkeep]\n|-heal|p2b: Tea anyone|98\/100|[from] item: Leftovers\n|upkeep\n|\n|t:|1700114621\n|switch|p1a: Greninja|Greninja, M|100\/100\n|-damage|p1a: Greninja|88\/100|[from] Stealth Rock\n|-damage|p1a: Greninja|63\/100|[from] Spikes\n|-status|p1a: Greninja|psn\n|turn|8\n|\n|t:|1700114640\n|-terastallize|p1a: Greninja|Water\n|move|p1a: Greninja|Weather Ball|p2a: The wind\n|-damage|p2a: The wind|0 fnt\n|faint|p2a: The wind\n|-ability|p1a: Greninja|Battle Bond|boost\n|-boost|p1a: Greninja|atk|1\n|-boost|p1a: Greninja|spa|1\n|-boost|p1a: Greninja|spe|1\n|-activate|p1a: Greninja|ability: Battle Bond\n|move|p1b: Sinistcha|Matcha Gotcha|p2b: Tea anyone\n|-resisted|p2b: Tea anyone\n|-damage|p2b: Tea anyone|80\/100\n|-heal|p1b: Sinistcha|18\/100|[from] drain|[of] p2b: Tea anyone\n|move|p2b: Tea anyone|Matcha Gotcha|p1b: Sinistcha|[spread] p1a,p1b\n|-supereffective|p1a: Greninja\n|-resisted|p1b: Sinistcha\n|-damage|p1a: Greninja|0 fnt\n|-heal|p2b: Tea anyone|100\/100|[from] drain|[of] p1a: Greninja\n|-damage|p1b: Sinistcha|0 fnt\n|faint|p1a: Greninja\n|faint|p1b: Sinistcha\n|\n|-weather|none\n|upkeep\n|\n|t:|1700114648\n|switch|p1b: Ogerpon|Ogerpon-Wellspring, F|100\/100\n|-damage|p1b: Ogerpon|88\/100|[from] Stealth Rock\n|-damage|p1b: Ogerpon|63\/100|[from] Spikes\n|-status|p1b: Ogerpon|psn\n|turn|9\n|\n|t:|1700114666\n|move|p2b: Tea anyone|Protect|p2b: Tea anyone\n|-singleturn|p2b: Tea anyone|Protect\n|move|p1b: Ogerpon|Horn Leech|p2b: Tea anyone\n|-activate|p2b: Tea anyone|move: Protect\n|\n|-damage|p1b: Ogerpon|51\/100 psn|[from] psn\n|upkeep\n|turn|10\n|\n|t:|1700114682\n|move|p1b: Ogerpon|Ivy Cudgel|p2b: Tea anyone|[anim] Ivy Cudgel Water\n|-resisted|p2b: Tea anyone\n|-damage|p2b: Tea anyone|72\/100\n|move|p2b: Tea anyone|Matcha Gotcha|p1b: Ogerpon\n|-crit|p1b: Ogerpon\n|-damage|p1b: Ogerpon|0 fnt\n|-heal|p2b: Tea anyone|94\/100|[from] drain|[of] p1b: Ogerpon\n|faint|p1b: Ogerpon\n|\n|win|SteelMan2007\n|raw|Yoriito's rating: 1248 &rarr; <strong>1220<\/strong><br \/>(-28 for losing)\n|raw|SteelMan2007's rating: 1201 &rarr; <strong>1229<\/strong><br \/>(+28 for winning)\n|c|\u2606SteelMan2007|gg\n|l|\u2606Yoriito\n","uploadtime":1700114711,"views":5,"p1id":"yoriito","p2id":"steelman2007","formatid":"gen9doublesou","rating":1220,"private":0,"password":""}