{"id":"gen9doublesou-1975892948","p1":"Segato","p2":"Mr.X&Y97","format":"[Gen 9] Doubles OU","log":"|j|\u2606Segato\n|j|\u2606Mr.X&Y97\n|t:|1698247127\n|gametype|doubles\n|player|p1|Segato|cynthia-masters|1374\n|player|p2|Mr.X&Y97|blue|1500\n|teamsize|p1|6\n|teamsize|p2|6\n|gen|9\n|tier|[Gen 9] Doubles OU\n|rated|\n|rule|Species Clause: Limit one of each Pok\u00e9mon\n|rule|OHKO Clause: OHKO moves are banned\n|rule|Evasion Moves Clause: Evasion moves are banned\n|rule|Gravity Sleep Clause: The combination of sleep-inducing moves with imperfect accuracy and Gravity or Gigantamax Orbeetle are banned\n|rule|Endless Battle Clause: Forcing endless battles is banned\n|rule|HP Percentage Mod: HP is shown in percentages\n|clearpoke\n|poke|p1|Toxtricity, F|\n|poke|p1|Mimikyu, F|\n|poke|p1|Gliscor, M|\n|poke|p1|Dragapult, M|\n|poke|p1|Palafin, M|\n|poke|p1|Heatran, F|\n|poke|p2|Armarouge, M|\n|poke|p2|Indeedee-F, F|\n|poke|p2|Stonjourner, F|\n|poke|p2|Kingambit, M|\n|poke|p2|Abomasnow, M|\n|poke|p2|Ogerpon-Wellspring, F|\n|teampreview\n|inactive|Battle timer is ON: inactive players will automatically lose when time's up. (requested by Mr.X&Y97)\n|inactive|Mr.X&Y97 has 120 seconds left.\n|\n|t:|1698247161\n|start\n|switch|p1a: Dragapult|Dragapult, M|100\/100\n|switch|p1b: Palafin|Palafin, M|100\/100\n|switch|p2a: Mega Man X|Armarouge, M|100\/100\n|switch|p2b: Amelia Bedelia|Indeedee-F, F|100\/100\n|-fieldstart|move: Psychic Terrain|[from] ability: Psychic Surge|[of] p2b: Amelia Bedelia\n|turn|1\n|\n|t:|1698247178\n|-terastallize|p2a: Mega Man X|Grass\n|move|p2b: Amelia Bedelia|Follow Me|p2b: Amelia Bedelia\n|-singleturn|p2b: Amelia Bedelia|move: Follow Me\n|move|p1a: Dragapult|U-turn|p2b: Amelia Bedelia\n|-supereffective|p2b: Amelia Bedelia\n|-damage|p2b: Amelia Bedelia|33\/100\n|-damage|p1a: Dragapult|91\/100|[from] item: Life Orb\n|\n|t:|1698247187\n|switch|p1a: Gliscor|Gliscor, M|100\/100|[from] U-turn\n|move|p1b: Palafin|Wave Crash|p2b: Amelia Bedelia\n|-damage|p2b: Amelia Bedelia|0 fnt\n|faint|p2b: Amelia Bedelia\n|-damage|p1b: Palafin|90\/100|[from] Recoil\n|move|p2a: Mega Man X|Trick Room|p2a: Mega Man X\n|-fieldstart|move: Trick Room|[of] p2a: Mega Man X\n|\n|-status|p1a: Gliscor|tox|[from] item: Toxic Orb\n|upkeep\n|\n|t:|1698247192\n|switch|p2b: Snowball|Abomasnow, M|100\/100\n|-weather|Snow|[from] ability: Snow Warning|[of] p2b: Snowball\n|turn|2\n|\n|t:|1698247207\n|detailschange|p1b: Palafin|Palafin-Hero, M\n|switch|p1b: Heatran|Heatran, F|100\/100\n|-terastallize|p1a: Gliscor|Steel\n|move|p2b: Snowball|Blizzard|p1b: Heatran|[spread] p1a,p1b\n|-resisted|p1a: Gliscor\n|-resisted|p1b: Heatran\n|-damage|p1a: Gliscor|75\/100 tox\n|-damage|p1b: Heatran|91\/100\n|move|p2a: Mega Man X|Expanding Force|p1b: Heatran|[spread] p1a,p1b\n|-resisted|p1a: Gliscor\n|-resisted|p1b: Heatran\n|-damage|p1a: Gliscor|19\/100 tox\n|-damage|p1b: Heatran|55\/100\n|-damage|p2a: Mega Man X|91\/100|[from] item: Life Orb\n|move|p1a: Gliscor|Dual Wingbeat|p2a: Mega Man X\n|-supereffective|p2a: Mega Man X\n|-damage|p2a: Mega Man X|55\/100\n|-supereffective|p2a: Mega Man X\n|-damage|p2a: Mega Man X|19\/100\n|-hitcount|p2a: Mega Man X|2\n|\n|-weather|Snow|[upkeep]\n|-heal|p1b: Heatran|62\/100|[from] item: Leftovers\n|-heal|p1a: Gliscor|32\/100 tox|[from] ability: Poison Heal\n|upkeep\n|turn|3\n|\n|t:|1698247235\n|move|p1a: Gliscor|Protect|p1a: Gliscor\n|-singleturn|p1a: Gliscor|Protect\n|move|p2b: Snowball|Earth Power|p1b: Heatran\n|-supereffective|p1b: Heatran\n|-damage|p1b: Heatran|0 fnt\n|faint|p1b: Heatran\n|move|p2a: Mega Man X|Expanding Force|p1a: Gliscor\n|-activate|p1a: Gliscor|move: Protect\n|\n|-weather|Snow|[upkeep]\n|-heal|p1a: Gliscor|44\/100 tox|[from] ability: Poison Heal\n|upkeep\n|\n|t:|1698247248\n|switch|p1b: Mimikyu|Mimikyu, F|100\/100\n|turn|4\n|inactive|Mr.X&Y97 has 120 seconds left.\n|\n|t:|1698247293\n|switch|p1a: Palafin|Palafin-Hero, M|90\/100\n|-activate|p1a: Palafin|ability: Zero to Hero\n|move|p2b: Snowball|Blizzard|p1a: Palafin|[spread] p1a,p1b\n|-resisted|p1a: Palafin\n|-damage|p1a: Palafin|65\/100\n|-activate|p1b: Mimikyu|ability: Disguise\n|-damage|p1b: Mimikyu|100\/100\n|detailschange|p1b: Mimikyu|Mimikyu-Busted, F\n|-damage|p1b: Mimikyu|88\/100|[from] pokemon: Mimikyu-Busted\n|move|p2a: Mega Man X|Heat Wave|p1a: Palafin|[spread] p1a\n|-miss|p2a: Mega Man X|p1b: Mimikyu\n|-resisted|p1a: Palafin\n|-damage|p1a: Palafin|37\/100\n|-damage|p2a: Mega Man X|10\/100|[from] item: Life Orb\n|move|p1b: Mimikyu|Leech Life|p2a: Mega Man X\n|-supereffective|p2a: Mega Man X\n|-damage|p2a: Mega Man X|0 fnt\n|-heal|p1b: Mimikyu|95\/100|[from] drain|[of] p2a: Mega Man X\n|faint|p2a: Mega Man X\n|-damage|p1b: Mimikyu|85\/100|[from] item: Life Orb\n|\n|-weather|Snow|[upkeep]\n|upkeep\n|\n|t:|1698247312\n|switch|p2a: Stoney J.|Stonjourner, F|100\/100\n|turn|5\n|inactive|Mr.X&Y97 has 120 seconds left.\n|\n|t:|1698247320\n|move|p2b: Snowball|Blizzard|p1b: Mimikyu|[spread] p1a,p1b\n|-resisted|p1a: Palafin\n|-damage|p1a: Palafin|2\/100\n|-damage|p1b: Mimikyu|6\/100\n|move|p2a: Stoney J.|Rock Slide|p1a: Palafin|[spread] p1a,p1b\n|-damage|p1a: Palafin|0 fnt\n|-damage|p1b: Mimikyu|0 fnt\n|faint|p1a: Palafin\n|faint|p1b: Mimikyu\n|\n|-weather|Snow|[upkeep]\n|-fieldend|move: Trick Room\n|-fieldend|move: Psychic Terrain\n|upkeep\n|\n|t:|1698247331\n|switch|p1b: Gliscor|Gliscor, M, tera:Steel|44\/100 tox\n|switch|p1a: Toxtricity|Toxtricity, F|100\/100\n|turn|6\n|\n|t:|1698247337\n|move|p2a: Stoney J.|Wide Guard|p2a: Stoney J.\n|-singleturn|p2a: Stoney J.|Wide Guard\n|move|p1b: Gliscor|Swords Dance|p1b: Gliscor\n|-boost|p1b: Gliscor|atk|2\n|move|p1a: Toxtricity|Sludge Bomb|p2b: Snowball\n|-supereffective|p2b: Snowball\n|-damage|p2b: Snowball|11\/100\n|-status|p2b: Snowball|psn\n|move|p2b: Snowball|Blizzard|p1b: Gliscor|[spread] p1a,p1b\n|-resisted|p1b: Gliscor\n|-damage|p1a: Toxtricity|25\/100\n|-damage|p1b: Gliscor|7\/100 tox\n|\n|-weather|none\n|-heal|p1b: Gliscor|19\/100 tox|[from] ability: Poison Heal\n|-damage|p2b: Snowball|0 fnt|[from] psn\n|faint|p2b: Snowball\n|upkeep\n|\n|t:|1698247355\n|switch|p2b: Pon Pon|Ogerpon-Wellspring, F|100\/100\n|turn|7\n|inactive|Mr.X&Y97 has 120 seconds left.\n|\n|t:|1698247395\n|move|p1b: Gliscor|Protect|p1b: Gliscor\n|-singleturn|p1b: Gliscor|Protect\n|move|p2a: Stoney J.|Wide Guard|p2a: Stoney J.\n|-singleturn|p2a: Stoney J.|Wide Guard\n|move|p2b: Pon Pon|Ivy Cudgel|p1a: Toxtricity\n|-damage|p1a: Toxtricity|0 fnt\n|faint|p1a: Toxtricity\n|\n|-heal|p1b: Gliscor|32\/100 tox|[from] ability: Poison Heal\n|upkeep\n|\n|t:|1698247402\n|switch|p1a: Dragapult|Dragapult, M|91\/100\n|turn|8\n|\n|t:|1698247415\n|move|p1a: Dragapult|U-turn|p2b: Pon Pon\n|-supereffective|p2b: Pon Pon\n|-crit|p2b: Pon Pon\n|-damage|p2b: Pon Pon|0 fnt\n|faint|p2b: Pon Pon\n|-damage|p1a: Dragapult|81\/100|[from] item: Life Orb\n|move|p1b: Gliscor|Dual Wingbeat|p2a: Stoney J.\n|-resisted|p2a: Stoney J.\n|-damage|p2a: Stoney J.|89\/100\n|-resisted|p2a: Stoney J.\n|-damage|p2a: Stoney J.|77\/100\n|-hitcount|p2a: Stoney J.|2\n|move|p2a: Stoney J.|Rock Slide|p1a: Dragapult|[spread] p1a,p1b\n|-resisted|p1b: Gliscor\n|-damage|p1a: Dragapult|36\/100\n|-damage|p1b: Gliscor|20\/100 tox\n|\n|-heal|p1b: Gliscor|32\/100 tox|[from] ability: Poison Heal\n|upkeep\n|\n|t:|1698247419\n|switch|p2b: Lord Kanbei|Kingambit, M|100\/100\n|turn|9\n|\n|t:|1698247444\n|move|p1b: Gliscor|Protect|p1b: Gliscor\n|-singleturn|p1b: Gliscor|Protect\n|move|p2a: Stoney J.|Wide Guard|p2a: Stoney J.\n|-singleturn|p2a: Stoney J.|Wide Guard\n|move|p1a: Dragapult|Phantom Force||[still]\n|-prepare|p1a: Dragapult|Phantom Force\n|move|p2b: Lord Kanbei|Kowtow Cleave|p1a: Dragapult|[miss]\n|-miss|p2b: Lord Kanbei|p1a: Dragapult\n|\n|-heal|p1b: Gliscor|45\/100 tox|[from] ability: Poison Heal\n|upkeep\n|turn|10\n|\n|t:|1698247462\n|move|p2a: Stoney J.|Wide Guard|p2a: Stoney J.\n|-singleturn|p2a: Stoney J.|Wide Guard\n|move|p1a: Dragapult|Phantom Force|p2a: Stoney J.|[from]lockedmove\n|-activate|p2a: Stoney J.|move: Phantom Force|[broken]\n|-damage|p2a: Stoney J.|33\/100\n|-damage|p1a: Dragapult|26\/100|[from] item: Life Orb\n|move|p1b: Gliscor|Knock Off|p2a: Stoney J.\n|-damage|p2a: Stoney J.|0 fnt\n|-enditem|p2a: Stoney J.|Focus Sash|[from] move: Knock Off|[of] p1b: Gliscor\n|faint|p2a: Stoney J.\n|move|p2b: Lord Kanbei|Kowtow Cleave|p1a: Dragapult\n|-supereffective|p1a: Dragapult\n|-damage|p1a: Dragapult|0 fnt\n|faint|p1a: Dragapult\n|\n|-heal|p1b: Gliscor|57\/100 tox|[from] ability: Poison Heal\n|upkeep\n|turn|11\n|\n|t:|1698247481\n|move|p1b: Gliscor|Protect|p1b: Gliscor\n|-singleturn|p1b: Gliscor|Protect\n|move|p2b: Lord Kanbei|Kowtow Cleave|p1b: Gliscor\n|-activate|p1b: Gliscor|move: Protect\n|\n|-heal|p1b: Gliscor|70\/100 tox|[from] ability: Poison Heal\n|upkeep\n|turn|12\n|\n|t:|1698247490\n|move|p1b: Gliscor|Swords Dance|p1b: Gliscor\n|-boost|p1b: Gliscor|atk|2\n|move|p2b: Lord Kanbei|Kowtow Cleave|p1b: Gliscor\n|-damage|p1b: Gliscor|29\/100 tox\n|\n|-heal|p1b: Gliscor|41\/100 tox|[from] ability: Poison Heal\n|upkeep\n|turn|13\n|\n|t:|1698247497\n|move|p1b: Gliscor|Protect|p1b: Gliscor\n|-singleturn|p1b: Gliscor|Protect\n|move|p2b: Lord Kanbei|Kowtow Cleave|p1b: Gliscor\n|-activate|p1b: Gliscor|move: Protect\n|\n|-heal|p1b: Gliscor|54\/100 tox|[from] ability: Poison Heal\n|upkeep\n|turn|14\n|\n|t:|1698247505\n|move|p1b: Gliscor|Knock Off|p2b: Lord Kanbei\n|-resisted|p2b: Lord Kanbei\n|-damage|p2b: Lord Kanbei|69\/100\n|-enditem|p2b: Lord Kanbei|Lum Berry|[from] move: Knock Off|[of] p1b: Gliscor\n|move|p2b: Lord Kanbei|Kowtow Cleave|p1b: Gliscor\n|-damage|p1b: Gliscor|10\/100 tox\n|\n|-heal|p1b: Gliscor|23\/100 tox|[from] ability: Poison Heal\n|upkeep\n|turn|15\n|\n|t:|1698247514\n|move|p1b: Gliscor|Protect|p1b: Gliscor\n|-singleturn|p1b: Gliscor|Protect\n|move|p2b: Lord Kanbei|Kowtow Cleave|p1b: Gliscor\n|-activate|p1b: Gliscor|move: Protect\n|\n|-heal|p1b: Gliscor|35\/100 tox|[from] ability: Poison Heal\n|upkeep\n|turn|16\n|\n|t:|1698247523\n|move|p1b: Gliscor|Dual Wingbeat|p2b: Lord Kanbei\n|-resisted|p2b: Lord Kanbei\n|-damage|p2b: Lord Kanbei|49\/100\n|-resisted|p2b: Lord Kanbei\n|-damage|p2b: Lord Kanbei|28\/100\n|-hitcount|p2b: Lord Kanbei|2\n|move|p2b: Lord Kanbei|Kowtow Cleave|p1b: Gliscor\n|-damage|p1b: Gliscor|0 fnt\n|faint|p1b: Gliscor\n|\n|win|Mr.X&Y97\n|raw|Segato's rating: 1374 &rarr; <strong>1361<\/strong><br \/>(-13 for losing)\n|raw|Mr.X&amp;Y97's rating: 1500 &rarr; <strong>1513<\/strong><br \/>(+13 for winning)\n|l|\u2606Segato\n|c|\u2606Mr.X&Y97|Ggs wp!\n","uploadtime":1698247540,"views":16,"p1id":"segato","p2id":"mrxy97","formatid":"gen9doublesou","rating":1361,"private":0,"password":""}