{"id":"gen9doublesou-1977030948","p1":"garbonzo5285","p2":"SummerSoda_34","format":"[Gen 9] Doubles OU","log":"|j|\u2606garbonzo5285\n|j|\u2606SummerSoda_34\n|t:|1698363746\n|gametype|doubles\n|player|p1|garbonzo5285|wallace|1000\n|player|p2|SummerSoda_34|policeman|1022\n|teamsize|p1|6\n|teamsize|p2|6\n|gen|9\n|tier|[Gen 9] Doubles OU\n|rated|\n|rule|Species Clause: Limit one of each Pok\u00e9mon\n|rule|OHKO Clause: OHKO moves are banned\n|rule|Evasion Moves Clause: Evasion moves are banned\n|rule|Gravity Sleep Clause: The combination of sleep-inducing moves with imperfect accuracy and Gravity or Gigantamax Orbeetle are banned\n|rule|Endless Battle Clause: Forcing endless battles is banned\n|rule|HP Percentage Mod: HP is shown in percentages\n|clearpoke\n|poke|p1|Mew|\n|poke|p1|Mudsdale, F|\n|poke|p1|Sylveon, F|\n|poke|p1|Polteageist-Antique|\n|poke|p1|Flamigo, F|\n|poke|p1|Farigiraf, M|\n|poke|p2|Torkoal, F|\n|poke|p2|Trevenant, F|\n|poke|p2|Cresselia, F|\n|poke|p2|Grimmsnarl, M|\n|poke|p2|Ursaluna, F|\n|poke|p2|Walking Wake|\n|teampreview\n|inactive|Battle timer is ON: inactive players will automatically lose when time's up. (requested by SummerSoda_34)\n|\n|t:|1698363755\n|start\n|switch|p1a: horse girl|Mudsdale, F|100\/100\n|switch|p1b: wittle baby|Mew|100\/100\n|switch|p2a: Torkoal|Torkoal, F|100\/100\n|switch|p2b: Cresselia|Cresselia, F|100\/100\n|-weather|SunnyDay|[from] ability: Drought|[of] p2a: Torkoal\n|turn|1\n|\n|t:|1698363773\n|move|p2b: Cresselia|Shadow Ball|p1b: wittle baby\n|-supereffective|p1b: wittle baby\n|-damage|p1b: wittle baby|69\/100\n|move|p1b: wittle baby|Skill Swap|p1a: horse girl\n|-activate|p1b: wittle baby|move: Skill Swap|||[of] p1a: horse girl\n|move|p1a: horse girl|Earthquake|p2b: Cresselia|[spread] p1b,p2a\n|-immune|p2b: Cresselia|[from] ability: Levitate\n|-supereffective|p2a: Torkoal\n|-damage|p1b: wittle baby|41\/100\n|-damage|p2a: Torkoal|46\/100\n|-ability|p1b: wittle baby|Stamina|boost\n|-boost|p1b: wittle baby|def|1\n|move|p2a: Torkoal|Solar Beam||[still]\n|-prepare|p2a: Torkoal|Solar Beam\n|-anim|p2a: Torkoal|Solar Beam|p1a: horse girl\n|-supereffective|p1a: horse girl\n|-damage|p1a: horse girl|54\/100\n|\n|-weather|SunnyDay|[upkeep]\n|-heal|p2a: Torkoal|52\/100|[from] item: Leftovers\n|upkeep\n|turn|2\n|c|\u2606SummerSoda_34|ooh crap\n|\n|t:|1698363796\n|move|p1b: wittle baby|Life Dew|p1b: wittle baby|[spread] p1a,p1b\n|-heal|p1a: horse girl|79\/100\n|-heal|p1b: wittle baby|66\/100\n|move|p1a: horse girl|Earthquake|p2a: Torkoal|[spread] p1b,p2a\n|-immune|p2b: Cresselia|[from] ability: Levitate\n|-supereffective|p2a: Torkoal\n|-damage|p1b: wittle baby|47\/100\n|-damage|p2a: Torkoal|1\/100\n|-ability|p1b: wittle baby|Stamina|boost\n|-boost|p1b: wittle baby|def|1\n|move|p2a: Torkoal|Yawn|p1a: horse girl\n|-start|p1a: horse girl|move: Yawn|[of] p2a: Torkoal\n|move|p2b: Cresselia|Trick Room|p2b: Cresselia\n|-fieldstart|move: Trick Room|[of] p2b: Cresselia\n|\n|-weather|SunnyDay|[upkeep]\n|-heal|p2a: Torkoal|7\/100|[from] item: Leftovers\n|upkeep\n|turn|3\n|\n|t:|1698363823\n|switch|p2a: Walking Wake|Walking Wake|100\/100\n|-activate|p2a: Walking Wake|ability: Protosynthesis\n|-start|p2a: Walking Wake|protosynthesisspa\n|move|p1a: horse girl|Rock Slide|p2a: Walking Wake|[spread] p2a\n|-miss|p1a: horse girl|p2b: Cresselia\n|-crit|p2a: Walking Wake\n|-damage|p2a: Walking Wake|76\/100\n|move|p1b: wittle baby|Life Dew|p1b: wittle baby|[spread] p1a,p1b\n|-heal|p1a: horse girl|100\/100\n|-heal|p1b: wittle baby|72\/100\n|move|p2b: Cresselia|Ice Beam|p1a: horse girl\n|-supereffective|p1a: horse girl\n|-damage|p1a: horse girl|78\/100\n|\n|-weather|SunnyDay|[upkeep]\n|-end|p1a: horse girl|move: Yawn|[silent]\n|-status|p1a: horse girl|slp\n|upkeep\n|turn|4\n|inactive|SummerSoda_34 has 120 seconds left.\n|\n|t:|1698363862\n|switch|p2b: Grimmsnarl|Grimmsnarl, M|100\/100\n|cant|p1a: horse girl|slp\n|move|p2a: Walking Wake|Draco Meteor|p1b: wittle baby\n|-damage|p1b: wittle baby|0 fnt\n|-unboost|p2a: Walking Wake|spa|2\n|faint|p1b: wittle baby\n|\n|-weather|SunnyDay|[upkeep]\n|upkeep\n|inactive|garbonzo5285 has 120 seconds left.\n|\n|t:|1698363874\n|switch|p1b: bri'ish|Polteageist-Antique|100\/100\n|turn|5\n|inactive|garbonzo5285 has 120 seconds left.\n|\n|t:|1698363905\n|move|p2b: Grimmsnarl|Reflect|p2b: Grimmsnarl\n|-sidestart|p2: SummerSoda_34|Reflect\n|cant|p1a: horse girl|slp\n|move|p1b: bri'ish|Will-O-Wisp|p2b: Grimmsnarl\n|-status|p2b: Grimmsnarl|brn\n|move|p2a: Walking Wake|Draco Meteor|p1b: bri'ish\n|-damage|p1b: bri'ish|47\/100\n|-unboost|p2a: Walking Wake|spa|2\n|\n|-weather|none\n|-end|p2a: Walking Wake|Protosynthesis\n|-heal|p1b: bri'ish|53\/100|[from] item: Leftovers\n|-damage|p2b: Grimmsnarl|94\/100 brn|[from] brn\n|upkeep\n|-enditem|p2a: Walking Wake|Booster Energy\n|-activate|p2a: Walking Wake|ability: Protosynthesis|[fromitem]\n|-start|p2a: Walking Wake|protosynthesisspe\n|turn|6\n|inactive|garbonzo5285 has 120 seconds left.\n|\n|t:|1698363934\n|move|p2b: Grimmsnarl|Light Screen|p2b: Grimmsnarl\n|-sidestart|p2: SummerSoda_34|move: Light Screen\n|cant|p1a: horse girl|slp\n|move|p1b: bri'ish|Will-O-Wisp|p2a: Walking Wake\n|-status|p2a: Walking Wake|brn\n|move|p2a: Walking Wake|Draco Meteor|p1a: horse girl\n|-damage|p1a: horse girl|60\/100 slp\n|-unboost|p2a: Walking Wake|spa|2\n|\n|-heal|p2b: Grimmsnarl|100\/100 brn|[from] item: Leftovers\n|-heal|p1b: bri'ish|60\/100|[from] item: Leftovers\n|-damage|p2b: Grimmsnarl|94\/100 brn|[from] brn\n|-damage|p2a: Walking Wake|69\/100 brn|[from] brn\n|-fieldend|move: Trick Room\n|upkeep\n|turn|7\n|inactive|garbonzo5285 has 120 seconds left.\n|\n|t:|1698363956\n|move|p2b: Grimmsnarl|Parting Shot|p1b: bri'ish\n|-unboost|p1b: bri'ish|atk|1\n|-unboost|p1b: bri'ish|spa|1\n|\n|t:|1698363966\n|switch|p2b: Trevenant|Trevenant, F|100\/100|[from] Parting Shot\n|move|p2a: Walking Wake|Flip Turn|p1a: horse girl\n|-supereffective|p1a: horse girl\n|-damage|p1a: horse girl|46\/100 slp\n|\n|t:|1698363974\n|-end|p2a: Walking Wake|Protosynthesis|[silent]\n|switch|p2a: Torkoal|Torkoal, F|7\/100|[from] Flip Turn\n|-weather|SunnyDay|[from] ability: Drought|[of] p2a: Torkoal\n|move|p1b: bri'ish|Light Screen|p1b: bri'ish\n|-sidestart|p1: garbonzo5285|move: Light Screen\n|-curestatus|p1a: horse girl|slp|[msg]\n|move|p1a: horse girl|Heavy Slam|p2b: Trevenant\n|-damage|p2b: Trevenant|69\/100\n|\n|-weather|SunnyDay|[upkeep]\n|-heal|p1b: bri'ish|66\/100|[from] item: Leftovers\n|-heal|p2a: Torkoal|13\/100|[from] item: Leftovers\n|upkeep\n|turn|8\n|\n|t:|1698363995\n|move|p1b: bri'ish|Will-O-Wisp|p2b: Trevenant|[miss]\n|-miss|p1b: bri'ish|p2b: Trevenant\n|move|p2b: Trevenant|Poltergeist|p1b: bri'ish\n|-activate|p1b: bri'ish|move: Poltergeist|Leftovers\n|-supereffective|p1b: bri'ish\n|-damage|p1b: bri'ish|0 fnt\n|faint|p1b: bri'ish\n|move|p1a: horse girl|Rock Slide|p2b: Trevenant|[spread] p2b\n|-miss|p1a: horse girl|p2a: Torkoal\n|-damage|p2b: Trevenant|54\/100\n|move|p2a: Torkoal|Yawn|p1a: horse girl\n|-start|p1a: horse girl|move: Yawn|[of] p2a: Torkoal\n|\n|-weather|SunnyDay|[upkeep]\n|-heal|p2a: Torkoal|19\/100|[from] item: Leftovers\n|upkeep\n|\n|t:|1698364008\n|switch|p1b: bork|Farigiraf, M|100\/100\n|turn|9\n|\n|t:|1698364035\n|move|p2b: Trevenant|Sucker Punch||[still]\n|cant|p1b: bork|ability: Armor Tail|Sucker Punch|[of] p2b: Trevenant\n|move|p1b: bork|Dazzling Gleam|p2b: Trevenant|[spread] p2a,p2b\n|-resisted|p2a: Torkoal\n|-damage|p2a: Torkoal|11\/100\n|-damage|p2b: Trevenant|41\/100\n|move|p1a: horse girl|Rock Slide|p2b: Trevenant|[spread] p2a,p2b\n|-supereffective|p2a: Torkoal\n|-damage|p2a: Torkoal|0 fnt\n|-damage|p2b: Trevenant|28\/100\n|faint|p2a: Torkoal\n|\n|-weather|SunnyDay|[upkeep]\n|-end|p1a: horse girl|move: Yawn|[silent]\n|-status|p1a: horse girl|slp\n|-sideend|p2: SummerSoda_34|Reflect\n|upkeep\n|inactive|SummerSoda_34 has 120 seconds left.\n|\n|t:|1698364050\n|switch|p2a: Ursaluna|Ursaluna, F|100\/100\n|turn|10\n|\n|t:|1698364067\n|move|p1b: bork|Dazzling Gleam|p2a: Ursaluna|[spread] p2a,p2b\n|-damage|p2a: Ursaluna|89\/100\n|-damage|p2b: Trevenant|14\/100\n|-enditem|p2b: Trevenant|Iapapa Berry|[eat]\n|-heal|p2b: Trevenant|47\/100|[from] item: Iapapa Berry\n|move|p2a: Ursaluna|Facade|p1b: bork\n|-damage|p1b: bork|53\/100\n|move|p2b: Trevenant|Drain Punch|p1b: bork\n|-damage|p1b: bork|22\/100\n|-heal|p2b: Trevenant|64\/100|[from] drain|[of] p1b: bork\n|cant|p1a: horse girl|slp\n|\n|-weather|SunnyDay|[upkeep]\n|-sideend|p2: SummerSoda_34|move: Light Screen\n|-status|p2a: Ursaluna|brn|[from] item: Flame Orb\n|-item|p2b: Trevenant|Iapapa Berry|[from] ability: Harvest\n|upkeep\n|turn|11\n|\n|t:|1698364094\n|move|p2a: Ursaluna|Helping Hand|p2b: Trevenant\n|-singleturn|p2b: Trevenant|Helping Hand|[of] p2a: Ursaluna\n|move|p1b: bork|Energy Ball|p2a: Ursaluna\n|-supereffective|p2a: Ursaluna\n|-damage|p2a: Ursaluna|38\/100 brn\n|-unboost|p2a: Ursaluna|spd|1\n|move|p2b: Trevenant|Wood Hammer|p1b: bork\n|-damage|p1b: bork|0 fnt\n|faint|p1b: bork\n|-damage|p2b: Trevenant|56\/100|[from] Recoil\n|cant|p1a: horse girl|slp\n|\n|-weather|none\n|-damage|p2a: Ursaluna|31\/100 brn|[from] brn\n|-sideend|p1: garbonzo5285|move: Light Screen\n|upkeep\n|inactive|garbonzo5285 has 120 seconds left.\n|\n|t:|1698364113\n|switch|p1b: trans rites|Sylveon, F|100\/100\n|turn|12\n|\n|t:|1698364132\n|move|p1b: trans rites|Shadow Ball|p2b: Trevenant\n|-supereffective|p2b: Trevenant\n|-damage|p2b: Trevenant|0 fnt\n|faint|p2b: Trevenant\n|move|p2a: Ursaluna|Facade|p1b: trans rites\n|-damage|p1b: trans rites|0 fnt\n|faint|p1b: trans rites\n|cant|p1a: horse girl|slp\n|\n|-damage|p2a: Ursaluna|25\/100 brn|[from] brn\n|upkeep\n|\n|t:|1698364150\n|switch|p1b: naruto|Flamigo, F|100\/100\n|switch|p2b: Grimmsnarl|Grimmsnarl, M|94\/100 brn\n|-copyboost|p1b: naruto|p1a: horse girl|[from] ability: Costar\n|turn|13\n|\n|t:|1698364167\n|move|p2b: Grimmsnarl|Substitute|p2b: Grimmsnarl\n|-start|p2b: Grimmsnarl|Substitute\n|-damage|p2b: Grimmsnarl|69\/100 brn\n|move|p1b: naruto|Close Combat|p2a: Ursaluna\n|-supereffective|p2a: Ursaluna\n|-damage|p2a: Ursaluna|0 fnt\n|-unboost|p1b: naruto|def|1\n|-unboost|p1b: naruto|spd|1\n|faint|p2a: Ursaluna\n|-curestatus|p1a: horse girl|slp|[msg]\n|move|p1a: horse girl|Heavy Slam|p2b: Grimmsnarl\n|-supereffective|p2b: Grimmsnarl\n|-end|p2b: Grimmsnarl|Substitute\n|\n|-heal|p2b: Grimmsnarl|75\/100 brn|[from] item: Leftovers\n|-damage|p2b: Grimmsnarl|69\/100 brn|[from] brn\n|upkeep\n|c|\u2606SummerSoda_34|oh crap\n|\n|t:|1698364183\n|switch|p2a: Walking Wake|Walking Wake|69\/100 brn\n|turn|14\n|\n|t:|1698364200\n|-terastallize|p2a: Walking Wake|Water\n|move|p2a: Walking Wake|Aqua Jet|p1a: horse girl\n|-supereffective|p1a: horse girl\n|-damage|p1a: horse girl|32\/100\n|move|p2b: Grimmsnarl|Reflect|p2b: Grimmsnarl\n|-sidestart|p2: SummerSoda_34|Reflect\n|move|p1b: naruto|Brave Bird|p2a: Walking Wake\n|-damage|p2a: Walking Wake|32\/100 brn\n|-damage|p1b: naruto|84\/100|[from] Recoil\n|move|p1a: horse girl|Heavy Slam|p2b: Grimmsnarl\n|-supereffective|p2b: Grimmsnarl\n|-damage|p2b: Grimmsnarl|9\/100 brn\n|\n|-heal|p2b: Grimmsnarl|15\/100 brn|[from] item: Leftovers\n|-damage|p2a: Walking Wake|26\/100 brn|[from] brn\n|-damage|p2b: Grimmsnarl|9\/100 brn|[from] brn\n|upkeep\n|turn|15\n|\n|t:|1698364224\n|move|p2b: Grimmsnarl|Light Screen|p2b: Grimmsnarl\n|-sidestart|p2: SummerSoda_34|move: Light Screen\n|move|p1b: naruto|Throat Chop|p2a: Walking Wake\n|-damage|p2a: Walking Wake|11\/100 brn\n|-start|p2a: Walking Wake|Throat Chop|[silent]\n|move|p2a: Walking Wake|Draco Meteor|p1b: naruto\n|-damage|p1b: naruto|0 fnt\n|-unboost|p2a: Walking Wake|spa|2\n|faint|p1b: naruto\n|move|p1a: horse girl|Rock Slide|p2a: Walking Wake|[spread] p2a,p2b\n|-damage|p2a: Walking Wake|0 fnt\n|-damage|p2b: Grimmsnarl|0 fnt\n|faint|p2a: Walking Wake\n|-end|p2a: Walking Wake|Protosynthesis|[silent]\n|faint|p2b: Grimmsnarl\n|\n|upkeep\n|c|\u2606SummerSoda_34|yippie!\n|inactive|SummerSoda_34 has 120 seconds left.\n|c|\u2606SummerSoda_34|just you and cress\n|\n|t:|1698364245\n|switch|p2b: Cresselia|Cresselia, F|100\/100\n|turn|16\n|\n|t:|1698364253\n|move|p2b: Cresselia|Ice Beam|p1a: horse girl\n|-supereffective|p1a: horse girl\n|-damage|p1a: horse girl|8\/100\n|move|p1a: horse girl|Heavy Slam|p2b: Cresselia\n|-damage|p2b: Cresselia|80\/100\n|\n|upkeep\n|turn|17\n|c|\u2606SummerSoda_34|gg\n|\n|t:|1698364262\n|-terastallize|p1a: horse girl|Dragon\n|move|p2b: Cresselia|Ice Beam|p1a: horse girl\n|-supereffective|p1a: horse girl\n|-damage|p1a: horse girl|0 fnt\n|faint|p1a: horse girl\n|\n|win|SummerSoda_34\n|raw|garbonzo5285's rating: 1000 &rarr; <strong>1000<\/strong><br \/>(+0 for losing)\n|raw|SummerSoda_34's rating: 1022 &rarr; <strong>1056<\/strong><br \/>(+34 for winning)\n|l|\u2606garbonzo5285\n","uploadtime":1698364291,"views":24,"p1id":"garbonzo5285","p2id":"summersoda34","formatid":"gen9doublesou","rating":1000,"private":0,"password":""}