{"id":"gen9doublesou-1985060867","p1":"kinqidiot","p2":"Minimimik","format":"[Gen 9] Doubles OU","log":"|j|\u2606kinqidiot\n|j|\u2606Minimimik\n|t:|1699325956\n|gametype|doubles\n|player|p1|kinqidiot|n|\n|player|p2|Minimimik|n|\n|teamsize|p1|6\n|teamsize|p2|6\n|gen|9\n|tier|[Gen 9] Doubles OU\n|rule|Species Clause: Limit one of each Pok\u00e9mon\n|rule|OHKO Clause: OHKO moves are banned\n|rule|Evasion Moves Clause: Evasion moves are banned\n|rule|Gravity Sleep Clause: The combination of sleep-inducing moves with imperfect accuracy and Gravity or Gigantamax Orbeetle are banned\n|rule|Endless Battle Clause: Forcing endless battles is banned\n|rule|HP Percentage Mod: HP is shown in percentages\n|clearpoke\n|poke|p1|Ambipom, F|\n|poke|p1|Krookodile, M|\n|poke|p1|Sylveon, M|\n|poke|p1|Enamorus-Therian, F|\n|poke|p1|Tinkaton, F|\n|poke|p1|Grimmsnarl, M|\n|poke|p2|Amoonguss, F|\n|poke|p2|Goodra-Hisui, F|\n|poke|p2|Gholdengo|\n|poke|p2|Sinistcha-Masterpiece|\n|poke|p2|Landorus-Therian, M|\n|poke|p2|Rillaboom, F|\n|teampreview\n|\n|t:|1699325974\n|start\n|switch|p1a: Grimmsnarl|Grimmsnarl, M|100\/100\n|switch|p1b: Tinkaton|Tinkaton, F|100\/100\n|switch|p2a: Gholdengo|Gholdengo|100\/100\n|switch|p2b: Amoonguss|Amoonguss, F|100\/100\n|-ability|p1b: Tinkaton|Mold Breaker\n|turn|1\n|\n|t:|1699325994\n|move|p1a: Grimmsnarl|Taunt|p2b: Amoonguss\n|-start|p2b: Amoonguss|move: Taunt\n|move|p1b: Tinkaton|Gigaton Hammer|p2a: Gholdengo\n|-resisted|p2a: Gholdengo\n|-damage|p2a: Gholdengo|68\/100\n|move|p2a: Gholdengo|Make It Rain|p1b: Tinkaton|[spread] p1a,p1b\n|-supereffective|p1a: Grimmsnarl\n|-damage|p1a: Grimmsnarl|0 fnt\n|-damage|p1b: Tinkaton|43\/100\n|-unboost|p2a: Gholdengo|spa|1\n|faint|p1a: Grimmsnarl\n|cant|p2b: Amoonguss|move: Taunt|Spore\n|\n|upkeep\n|\n|t:|1699326008\n|switch|p1a: Krookodile|Krookodile, M|100\/100\n|turn|2\n|\n|t:|1699326020\n|switch|p2a: Landorus|Landorus-Therian, M|100\/100\n|-ability|p2a: Landorus|Intimidate|boost\n|-unboost|p1a: Krookodile|atk|1\n|-unboost|p1b: Tinkaton|atk|1\n|move|p1b: Tinkaton|Play Rough|p2a: Landorus\n|-damage|p2a: Landorus|79\/100\n|move|p1a: Krookodile|Earthquake|p2b: Amoonguss|[spread] p1b,p2b\n|-immune|p2a: Landorus\n|-supereffective|p1b: Tinkaton\n|-damage|p1b: Tinkaton|0 fnt\n|-damage|p2b: Amoonguss|73\/100\n|faint|p1b: Tinkaton\n|-ability|p1a: Krookodile|Moxie|boost\n|-boost|p1a: Krookodile|atk|1\n|move|p2b: Amoonguss|Pollen Puff|p2a: Landorus\n|-heal|p2a: Landorus|100\/100\n|\n|-heal|p2b: Amoonguss|79\/100|[from] item: Black Sludge\n|upkeep\n|c|\u2606Minimimik|Self moxie is interesting\n|\n|t:|1699326047\n|switch|p1b: Ambipom|Ambipom, F|100\/100\n|turn|3\n|\n|t:|1699326068\n|switch|p1a: Sylveon|Sylveon, M|100\/100\n|switch|p2b: Sinistcha|Sinistcha-Masterpiece|100\/100\n|move|p1b: Ambipom|Fake Out|p2a: Landorus\n|-crit|p2a: Landorus\n|-damage|p2a: Landorus|57\/100\n|cant|p2a: Landorus|flinch\n|\n|upkeep\n|turn|4\n|\n|t:|1699326089\n|move|p1b: Ambipom|Last Resort|p2a: Landorus\n|-damage|p2a: Landorus|0 fnt\n|faint|p2a: Landorus\n|move|p2b: Sinistcha|Matcha Gotcha|p1a: Sylveon|[spread] p1a,p1b\n|-damage|p1a: Sylveon|83\/100\n|-damage|p1b: Ambipom|60\/100\n|move|p1a: Sylveon|Hyper Voice|p2b: Sinistcha\n|-damage|p2b: Sinistcha|43\/100\n|-enditem|p2b: Sinistcha|Sitrus Berry|[eat]\n|-heal|p2b: Sinistcha|68\/100|[from] item: Sitrus Berry\n|-enditem|p1a: Sylveon|Throat Spray\n|-boost|p1a: Sylveon|spa|1|[from] item: Throat Spray\n|\n|upkeep\n|\n|t:|1699326102\n|switch|p2a: Goodra|Goodra-Hisui, F|100\/100\n|turn|5\n|\n|t:|1699326119\n|switch|p1b: Krookodile|Krookodile, M|100\/100\n|move|p2b: Sinistcha|Strength Sap|p1b: Krookodile\n|-unboost|p1b: Krookodile|atk|1\n|-heal|p2b: Sinistcha|100\/100\n|move|p2a: Goodra|Acid Armor|p2a: Goodra\n|-boost|p2a: Goodra|def|2\n|move|p1a: Sylveon|Hyper Voice|p2b: Sinistcha|[spread] p2a,p2b\n|-damage|p2a: Goodra|61\/100\n|-damage|p2b: Sinistcha|36\/100\n|\n|-heal|p2a: Goodra|67\/100|[from] item: Leftovers\n|upkeep\n|turn|6\n|\n|t:|1699326147\n|switch|p2b: Rillaboom|Rillaboom, F|100\/100\n|-fieldstart|move: Grassy Terrain|[from] ability: Grassy Surge|[of] p2b: Rillaboom\n|move|p1b: Krookodile|Earthquake|p2b: Rillaboom|[spread] p1a,p2a,p2b\n|-supereffective|p2a: Goodra\n|-resisted|p2b: Rillaboom\n|-damage|p1a: Sylveon|63\/100\n|-damage|p2a: Goodra|55\/100\n|-damage|p2b: Rillaboom|93\/100\n|move|p2a: Goodra|Heavy Slam|p1a: Sylveon\n|-supereffective|p1a: Sylveon\n|-damage|p1a: Sylveon|0 fnt\n|faint|p1a: Sylveon\n|\n|-heal|p2b: Rillaboom|99\/100|[from] Grassy Terrain\n|-heal|p2a: Goodra|61\/100|[from] Grassy Terrain\n|-heal|p2a: Goodra|67\/100|[from] item: Leftovers\n|upkeep\n|\n|t:|1699326165\n|switch|p1a: Enamorus|Enamorus-Therian, F|100\/100\n|turn|7\n|\n|t:|1699326186\n|switch|p1b: Ambipom|Ambipom, F|60\/100\n|-terastallize|p1a: Enamorus|Steel\n|move|p2b: Rillaboom|Fake Out|p1a: Enamorus\n|-resisted|p1a: Enamorus\n|-damage|p1a: Enamorus|95\/100\n|move|p2a: Goodra|Heavy Slam|p1a: Enamorus\n|-resisted|p1a: Enamorus\n|-damage|p1a: Enamorus|80\/100\n|cant|p1a: Enamorus|flinch\n|\n|-heal|p1b: Ambipom|66\/100|[from] Grassy Terrain\n|-heal|p2b: Rillaboom|100\/100|[from] Grassy Terrain\n|-heal|p2a: Goodra|74\/100|[from] Grassy Terrain\n|-heal|p2a: Goodra|80\/100|[from] item: Leftovers\n|-heal|p1a: Enamorus|86\/100|[from] Grassy Terrain\n|upkeep\n|turn|8\n|\n|t:|1699326209\n|move|p1b: Ambipom|Fake Out|p2b: Rillaboom\n|-damage|p2b: Rillaboom|73\/100\n|cant|p2b: Rillaboom|flinch\n|move|p2a: Goodra|Body Press|p1a: Enamorus\n|-supereffective|p1a: Enamorus\n|-damage|p1a: Enamorus|0 fnt\n|faint|p1a: Enamorus\n|\n|-heal|p1b: Ambipom|73\/100|[from] Grassy Terrain\n|-heal|p2b: Rillaboom|79\/100|[from] Grassy Terrain\n|-heal|p2a: Goodra|86\/100|[from] Grassy Terrain\n|-heal|p2a: Goodra|92\/100|[from] item: Leftovers\n|upkeep\n|\n|t:|1699326225\n|switch|p1a: Krookodile|Krookodile, M|100\/100\n|turn|9\n|\n|t:|1699326235\n|move|p1b: Ambipom|Last Resort|p2b: Rillaboom\n|-damage|p2b: Rillaboom|14\/100\n|move|p1a: Krookodile|Brick Break|p2a: Goodra\n|-supereffective|p2a: Goodra\n|-damage|p2a: Goodra|67\/100\n|move|p2b: Rillaboom|Brick Break|p1b: Ambipom\n|-supereffective|p1b: Ambipom\n|-damage|p1b: Ambipom|0 fnt\n|faint|p1b: Ambipom\n|move|p2a: Goodra|Body Press|p1a: Krookodile\n|-supereffective|p1a: Krookodile\n|-damage|p1a: Krookodile|0 fnt\n|faint|p1a: Krookodile\n|\n|win|Minimimik\n|l|\u2606Minimimik\n|j|\u2606Minimimik\n|player|p2|Minimimik|n\n|c|\u2606Minimimik|Gg\n","uploadtime":1699326261,"views":8,"p1id":"kinqidiot","p2id":"minimimik","formatid":"gen9doublesou","rating":0,"private":0,"password":""}