{"id":"gen9doublesou-1981515680","p1":"AzureDemonKing","p2":"Ghastlypixie","format":"[Gen 9] Doubles OU","log":"|j|\u2606AzureDemonKing\n|j|\u2606Ghastlypixie\n|t:|1698910511\n|gametype|doubles\n|player|p1|AzureDemonKing|cynthia-gen4|1328\n|player|p2|Ghastlypixie|plasmagruntf|1519\n|teamsize|p1|6\n|teamsize|p2|6\n|gen|9\n|tier|[Gen 9] Doubles OU\n|rated|\n|rule|Species Clause: Limit one of each Pok\u00e9mon\n|rule|OHKO Clause: OHKO moves are banned\n|rule|Evasion Moves Clause: Evasion moves are banned\n|rule|Gravity Sleep Clause: The combination of sleep-inducing moves with imperfect accuracy and Gravity or Gigantamax Orbeetle are banned\n|rule|Endless Battle Clause: Forcing endless battles is banned\n|rule|HP Percentage Mod: HP is shown in percentages\n|clearpoke\n|poke|p1|Raichu, F|\n|poke|p1|Ogerpon-Hearthflame, F|\n|poke|p1|Dragonite, F|\n|poke|p1|Samurott-Hisui, F|\n|poke|p1|Cresselia, F|\n|poke|p1|Empoleon, F|\n|poke|p2|Flutter Mane|\n|poke|p2|Alomomola, F|\n|poke|p2|Heatran, F|\n|poke|p2|Baxcalibur, F|\n|poke|p2|Gyarados, F|\n|poke|p2|Murkrow, F|\n|teampreview\n|inactive|Battle timer is ON: inactive players will automatically lose when time's up. (requested by AzureDemonKing)\n|\n|t:|1698910523\n|start\n|switch|p1a: Raichu|Raichu, F|100\/100\n|switch|p1b: Samurott|Samurott-Hisui, F|100\/100\n|switch|p2a: Flutter Mane|Flutter Mane|100\/100\n|switch|p2b: Murkrow|Murkrow, F, shiny|100\/100\n|turn|1\n|\n|t:|1698910535\n|-terastallize|p2a: Flutter Mane|Fairy\n|move|p1a: Raichu|Fake Out|p2b: Murkrow\n|-crit|p2b: Murkrow\n|-damage|p2b: Murkrow|84\/100\n|cant|p2b: Murkrow|flinch\n|move|p2a: Flutter Mane|Dazzling Gleam|p1b: Samurott|[spread] p1a,p1b\n|-supereffective|p1b: Samurott\n|-damage|p1a: Raichu|8\/100\n|-damage|p1b: Samurott|0 fnt\n|faint|p1b: Samurott\n|\n|upkeep\n|\n|t:|1698910548\n|switch|p1b: Cresselia|Cresselia, F|100\/100\n|turn|2\n|\n|t:|1698910561\n|move|p2a: Flutter Mane|Dazzling Gleam|p1a: Raichu|[spread] p1a,p1b\n|-crit|p1b: Cresselia\n|-damage|p1a: Raichu|0 fnt\n|-damage|p1b: Cresselia|47\/100\n|faint|p1a: Raichu\n|move|p2b: Murkrow|Foul Play|p1b: Cresselia\n|-supereffective|p1b: Cresselia\n|-damage|p1b: Cresselia|23\/100\n|move|p1b: Cresselia|Thunder Wave|p2a: Flutter Mane\n|-status|p2a: Flutter Mane|par\n|\n|-heal|p1b: Cresselia|29\/100|[from] item: Leftovers\n|upkeep\n|\n|t:|1698910578\n|switch|p1a: Empoleon|Empoleon, F|100\/100\n|turn|3\n|\n|t:|1698910584\n|move|p2b: Murkrow|Tailwind|p2b: Murkrow\n|-sidestart|p2: Ghastlypixie|move: Tailwind\n|cant|p2a: Flutter Mane|par\n|move|p1b: Cresselia|Icy Wind|p2b: Murkrow|[spread] p2a,p2b\n|-supereffective|p2b: Murkrow\n|-damage|p2a: Flutter Mane|92\/100 par\n|-damage|p2b: Murkrow|73\/100\n|-unboost|p2a: Flutter Mane|spe|1\n|-unboost|p2b: Murkrow|spe|1\n|move|p1a: Empoleon|Flash Cannon|p2a: Flutter Mane\n|-supereffective|p2a: Flutter Mane\n|-damage|p2a: Flutter Mane|28\/100 par\n|\n|-heal|p1b: Cresselia|35\/100|[from] item: Leftovers\n|upkeep\n|turn|4\n|\n|t:|1698910603\n|move|p2b: Murkrow|Quash|p1b: Cresselia\n|-activate|p1b: Cresselia|move: Quash\n|cant|p2a: Flutter Mane|par\n|move|p1a: Empoleon|Flash Cannon|p2a: Flutter Mane\n|-supereffective|p2a: Flutter Mane\n|-damage|p2a: Flutter Mane|0 fnt\n|faint|p2a: Flutter Mane\n|-end|p2a: Flutter Mane|Protosynthesis|[silent]\n|move|p1b: Cresselia|Icy Wind|p2b: Murkrow\n|-supereffective|p2b: Murkrow\n|-damage|p2b: Murkrow|55\/100\n|-unboost|p2b: Murkrow|spe|1\n|\n|-heal|p1b: Cresselia|41\/100|[from] item: Leftovers\n|upkeep\n|\n|t:|1698910610\n|switch|p2a: Heatran|Heatran, F|100\/100\n|turn|5\n|\n|t:|1698910624\n|move|p2b: Murkrow|Quash|p1a: Empoleon\n|-activate|p1a: Empoleon|move: Quash\n|move|p2a: Heatran|Heat Wave|p1a: Empoleon|[spread] p1a,p1b\n|-damage|p1a: Empoleon|70\/100\n|-damage|p1b: Cresselia|18\/100\n|move|p1b: Cresselia|Thunder Wave|p2a: Heatran\n|-status|p2a: Heatran|par\n|move|p1a: Empoleon|Hydro Pump|p2a: Heatran\n|-supereffective|p2a: Heatran\n|-damage|p2a: Heatran|58\/100 par\n|\n|-heal|p1b: Cresselia|24\/100|[from] item: Leftovers\n|upkeep\n|turn|6\n|\n|t:|1698910646\n|move|p2b: Murkrow|Quash|p1a: Empoleon\n|-activate|p1a: Empoleon|move: Quash\n|move|p1b: Cresselia|Lunar Blessing|p1b: Cresselia|[spread] p1a,p1b\n|-heal|p1a: Empoleon|95\/100\n|-heal|p1b: Cresselia|49\/100\n|move|p2a: Heatran|Heat Wave|p1b: Cresselia|[spread] p1a,p1b\n|-damage|p1a: Empoleon|62\/100\n|-damage|p1b: Cresselia|25\/100\n|move|p1a: Empoleon|Ice Beam|p2b: Murkrow\n|-supereffective|p2b: Murkrow\n|-damage|p2b: Murkrow|14\/100\n|\n|-heal|p1b: Cresselia|31\/100|[from] item: Leftovers\n|-sideend|p2: Ghastlypixie|move: Tailwind\n|upkeep\n|turn|7\n|\n|t:|1698910664\n|move|p2b: Murkrow|Tailwind|p2b: Murkrow\n|-sidestart|p2: Ghastlypixie|move: Tailwind\n|move|p1b: Cresselia|Icy Wind|p2a: Heatran|[spread] p2a,p2b\n|-resisted|p2a: Heatran\n|-supereffective|p2b: Murkrow\n|-damage|p2a: Heatran|57\/100 par\n|-damage|p2b: Murkrow|2\/100\n|-unboost|p2a: Heatran|spe|1\n|-unboost|p2b: Murkrow|spe|1\n|move|p1a: Empoleon|Ice Beam|p2b: Murkrow\n|-supereffective|p2b: Murkrow\n|-damage|p2b: Murkrow|0 fnt\n|faint|p2b: Murkrow\n|move|p2a: Heatran|Flash Cannon|p1b: Cresselia\n|-damage|p1b: Cresselia|3\/100\n|\n|-heal|p1b: Cresselia|9\/100|[from] item: Leftovers\n|upkeep\n|\n|t:|1698910680\n|switch|p2b: Baxcalibur|Baxcalibur, F|100\/100\n|turn|8\n|\n|t:|1698910696\n|move|p2b: Baxcalibur|Ice Shard|p1b: Cresselia\n|-damage|p1b: Cresselia|0 fnt\n|faint|p1b: Cresselia\n|move|p1a: Empoleon|Flash Cannon|p2b: Baxcalibur\n|-supereffective|p2b: Baxcalibur\n|-damage|p2b: Baxcalibur|37\/100\n|move|p2a: Heatran|Heat Wave|p1a: Empoleon\n|-crit|p1a: Empoleon\n|-damage|p1a: Empoleon|0 fnt\n|faint|p1a: Empoleon\n|\n|upkeep\n|\n|t:|1698910700\n|switch|p1b: Ogerpon|Ogerpon-Hearthflame, F|100\/100\n|switch|p1a: Dragonite|Dragonite, F|100\/100\n|-ability|p1b: Ogerpon|Mold Breaker\n|turn|9\n|\n|t:|1698910718\n|-terastallize|p1a: Dragonite|Normal\n|move|p1a: Dragonite|Extreme Speed|p2b: Baxcalibur\n|-damage|p2b: Baxcalibur|0 fnt\n|faint|p2b: Baxcalibur\n|move|p1b: Ogerpon|Ivy Cudgel|p2a: Heatran\n|-damage|p2a: Heatran|10\/100 par\n|move|p2a: Heatran|Heat Wave|p1b: Ogerpon|[spread] p1a,p1b\n|-damage|p1a: Dragonite|81\/100\n|-damage|p1b: Ogerpon|52\/100\n|\n|upkeep\n|\n|t:|1698910737\n|switch|p2b: Gyarados|Gyarados, F|100\/100\n|-ability|p2b: Gyarados|Intimidate|boost\n|-unboost|p1a: Dragonite|atk|1\n|-unboost|p1b: Ogerpon|atk|1\n|turn|10\n|\n|t:|1698910753\n|switch|p2b: Alomomola|Alomomola, F|100\/100\n|move|p1b: Ogerpon|Horn Leech|p2b: Alomomola\n|-supereffective|p2b: Alomomola\n|-damage|p2b: Alomomola|71\/100\n|-heal|p1b: Ogerpon|78\/100|[from] drain|[of] p2b: Alomomola\n|move|p1a: Dragonite|Rock Slide|p2a: Heatran|[spread] p2a,p2b\n|-damage|p2a: Heatran|0 fnt\n|-damage|p2b: Alomomola|63\/100\n|faint|p2a: Heatran\n|\n|-heal|p2b: Alomomola|69\/100|[from] item: Leftovers\n|-sideend|p2: Ghastlypixie|move: Tailwind\n|upkeep\n|\n|t:|1698910767\n|switch|p2a: Gyarados|Gyarados, F|100\/100\n|-ability|p2a: Gyarados|Intimidate|boost\n|-unboost|p1a: Dragonite|atk|1\n|-unboost|p1b: Ogerpon|atk|1\n|turn|11\n|\n|t:|1698910779\n|move|p1b: Ogerpon|Horn Leech|p2b: Alomomola\n|-supereffective|p2b: Alomomola\n|-damage|p2b: Alomomola|47\/100\n|-heal|p1b: Ogerpon|99\/100|[from] drain|[of] p2b: Alomomola\n|move|p1a: Dragonite|Dragon Dance|p1a: Dragonite\n|-boost|p1a: Dragonite|atk|1\n|-boost|p1a: Dragonite|spe|1\n|move|p2a: Gyarados|Thunder Wave|p1b: Ogerpon\n|-status|p1b: Ogerpon|par\n|move|p2b: Alomomola|Wish|p2b: Alomomola\n|\n|-heal|p2b: Alomomola|53\/100|[from] item: Leftovers\n|upkeep\n|turn|12\n|\n|t:|1698910804\n|move|p1a: Dragonite|Rock Slide|p2b: Alomomola|[spread] p2a,p2b\n|-supereffective|p2a: Gyarados\n|-damage|p2a: Gyarados|69\/100\n|-damage|p2b: Alomomola|45\/100\n|move|p2a: Gyarados|Waterfall|p1a: Dragonite\n|-damage|p1a: Dragonite|40\/100\n|move|p1b: Ogerpon|Ivy Cudgel|p2a: Gyarados\n|-resisted|p2a: Gyarados\n|-damage|p2a: Gyarados|52\/100\n|move|p2b: Alomomola|Scald|p1a: Dragonite\n|-damage|p1a: Dragonite|25\/100\n|-status|p1a: Dragonite|brn\n|\n|-heal|p2b: Alomomola|95\/100|[from] move: Wish|[wisher] Alomomola\n|-heal|p2b: Alomomola|100\/100|[from] item: Leftovers\n|-damage|p1a: Dragonite|19\/100 brn|[from] brn\n|upkeep\n|turn|13\n|\n|t:|1698910828\n|move|p1a: Dragonite|Extreme Speed|p2a: Gyarados\n|-damage|p2a: Gyarados|33\/100\n|-enditem|p2a: Gyarados|Sitrus Berry|[eat]\n|-heal|p2a: Gyarados|58\/100|[from] item: Sitrus Berry\n|move|p2a: Gyarados|Waterfall|p1b: Ogerpon\n|-damage|p1b: Ogerpon|54\/100 par\n|move|p1b: Ogerpon|Horn Leech|p2b: Alomomola\n|-supereffective|p2b: Alomomola\n|-damage|p2b: Alomomola|77\/100\n|-heal|p1b: Ogerpon|75\/100 par|[from] drain|[of] p2b: Alomomola\n|move|p2b: Alomomola|Icy Wind|p1a: Dragonite|[spread] p1a,p1b\n|-crit|p1a: Dragonite\n|-damage|p1a: Dragonite|12\/100 brn\n|-damage|p1b: Ogerpon|69\/100 par\n|-unboost|p1a: Dragonite|spe|1\n|-unboost|p1b: Ogerpon|spe|1\n|\n|-heal|p2b: Alomomola|83\/100|[from] item: Leftovers\n|-damage|p1a: Dragonite|5\/100 brn|[from] brn\n|upkeep\n|turn|14\n|\n|t:|1698910854\n|move|p1a: Dragonite|Extreme Speed|p2a: Gyarados\n|-damage|p2a: Gyarados|40\/100\n|move|p2a: Gyarados|Waterfall|p1b: Ogerpon\n|-damage|p1b: Ogerpon|26\/100 par\n|move|p2b: Alomomola|Scald|p1b: Ogerpon\n|-damage|p1b: Ogerpon|11\/100 par\n|cant|p1b: Ogerpon|flinch\n|\n|-heal|p2b: Alomomola|89\/100|[from] item: Leftovers\n|-damage|p1a: Dragonite|0 fnt|[from] brn\n|faint|p1a: Dragonite\n|upkeep\n|turn|15\n|\n|t:|1698910872\n|move|p2a: Gyarados|Waterfall|p1b: Ogerpon\n|-damage|p1b: Ogerpon|0 fnt\n|faint|p1b: Ogerpon\n|\n|win|Ghastlypixie\n|raw|AzureDemonKing's rating: 1328 &rarr; <strong>1318<\/strong><br \/>(-10 for losing)\n|raw|Ghastlypixie's rating: 1519 &rarr; <strong>1529<\/strong><br \/>(+10 for winning)\n","uploadtime":1698910878,"views":25,"p1id":"azuredemonking","p2id":"ghastlypixie","formatid":"gen9doublesou","rating":1318,"private":0,"password":""}