{"id":"gen9doublesou-1991499858","p1":"Kondroid","p2":"Cocue7","format":"[Gen 9] Doubles OU","log":"|j|\u2606Kondroid\n|j|\u2606Cocue7\n|t:|1700082586\n|gametype|doubles\n|player|p1|Kondroid|hilbert-wonderlauncher|1238\n|player|p2|Cocue7|2|1366\n|teamsize|p1|6\n|teamsize|p2|6\n|gen|9\n|tier|[Gen 9] Doubles OU\n|rated|\n|rule|Species Clause: Limit one of each Pok\u00e9mon\n|rule|OHKO Clause: OHKO moves are banned\n|rule|Evasion Moves Clause: Evasion moves are banned\n|rule|Gravity Sleep Clause: The combination of sleep-inducing moves with imperfect accuracy and Gravity or Gigantamax Orbeetle are banned\n|rule|Endless Battle Clause: Forcing endless battles is banned\n|rule|HP Percentage Mod: HP is shown in percentages\n|clearpoke\n|poke|p1|Baxcalibur, M|\n|poke|p1|Ninetales-Alola, F|\n|poke|p1|Sinistcha|\n|poke|p1|Goodra-Hisui, F|\n|poke|p1|Zapdos|\n|poke|p1|Ogerpon-Hearthflame, F|\n|poke|p2|Enamorus, F|\n|poke|p2|Thundurus, M|\n|poke|p2|Grimmsnarl, M|\n|poke|p2|Medicham, M|\n|poke|p2|Tornadus, M|\n|poke|p2|Palafin, F|\n|teampreview\n|inactive|Battle timer is ON: inactive players will automatically lose when time's up. (requested by Kondroid)\n|\n|t:|1700082599\n|start\n|switch|p1a: Zapdos|Zapdos|100\/100\n|switch|p1b: Goodra|Goodra-Hisui, F|100\/100\n|switch|p2a: Grimmsnarl|Grimmsnarl, M|100\/100\n|switch|p2b: Medicham|Medicham, M|100\/100\n|turn|1\n|\n|t:|1700082616\n|switch|p1b: Sinistcha|Sinistcha|100\/100\n|move|p2b: Medicham|Fake Out|p1b: Sinistcha\n|-immune|p1b: Sinistcha\n|move|p2a: Grimmsnarl|Fake Out|p1a: Zapdos\n|-damage|p1a: Zapdos|82\/100\n|-damage|p2a: Grimmsnarl|84\/100|[from] item: Rocky Helmet|[of] p1a: Zapdos\n|cant|p1a: Zapdos|flinch\n|\n|upkeep\n|turn|2\n|\n|t:|1700082632\n|move|p1b: Sinistcha|Rage Powder|p1b: Sinistcha\n|-singleturn|p1b: Sinistcha|move: Rage Powder\n|move|p2a: Grimmsnarl|Swagger|p1b: Sinistcha\n|-boost|p1b: Sinistcha|atk|2\n|-enditem|p2b: Medicham|Mirror Herb\n|-boost|p2b: Medicham|atk|2|[from] item: Mirror Herb\n|-enditem|p2a: Grimmsnarl|Mirror Herb\n|-boost|p2a: Grimmsnarl|atk|2|[from] item: Mirror Herb\n|-start|p1b: Sinistcha|confusion\n|move|p1a: Zapdos|Tailwind|p1a: Zapdos\n|-sidestart|p1: Kondroid|move: Tailwind\n|move|p2b: Medicham|Rock Slide|p1a: Zapdos|[spread] p1a,p1b\n|-supereffective|p1a: Zapdos\n|-damage|p1a: Zapdos|0 fnt\n|-damage|p1b: Sinistcha|52\/100\n|faint|p1a: Zapdos\n|\n|-heal|p1b: Sinistcha|58\/100|[from] item: Leftovers\n|upkeep\n|inactive|Kondroid has 120 seconds left.\n|\n|t:|1700082661\n|switch|p1a: Ninetales|Ninetales-Alola, F|100\/100\n|-weather|Snow|[from] ability: Snow Warning|[of] p1a: Ninetales\n|turn|3\n|inactive|Kondroid has 120 seconds left.\n|\n|t:|1700082688\n|switch|p1b: Ogerpon|Ogerpon-Hearthflame, F|100\/100\n|-ability|p1b: Ogerpon|Mold Breaker\n|move|p1a: Ninetales|Aurora Veil|p1a: Ninetales\n|-sidestart|p1: Kondroid|move: Aurora Veil\n|move|p2b: Medicham|Rock Slide|p1b: Ogerpon|[spread] p1a,p1b\n|-supereffective|p1a: Ninetales\n|-supereffective|p1b: Ogerpon\n|-damage|p1a: Ninetales|32\/100\n|-damage|p1b: Ogerpon|8\/100\n|move|p2a: Grimmsnarl|Brick Break|p1a: Ninetales\n|-sideend|p1: Kondroid|move: Aurora Veil\n|-damage|p1a: Ninetales|0 fnt\n|faint|p1a: Ninetales\n|\n|-weather|Snow|[upkeep]\n|upkeep\n|inactive|Kondroid has 120 seconds left.\n|\n|t:|1700082721\n|switch|p1a: Sinistcha|Sinistcha|58\/100\n|-heal|p1b: Ogerpon|33\/100|[from] ability: Hospitality|[of] p1a: Sinistcha\n|turn|4\n|inactive|Cocue7 has 120 seconds left.\n|inactive|Cocue7 has 90 seconds left.\n|\n|t:|1700082783\n|move|p1b: Ogerpon|Protect|p1b: Ogerpon\n|-singleturn|p1b: Ogerpon|Protect\n|move|p1a: Sinistcha|Strength Sap|p2b: Medicham\n|-unboost|p2b: Medicham|atk|1\n|-heal|p1a: Sinistcha|100\/100\n|move|p2b: Medicham|Ice Punch|p1a: Sinistcha\n|-supereffective|p1a: Sinistcha\n|-damage|p1a: Sinistcha|0 fnt\n|faint|p1a: Sinistcha\n|move|p2a: Grimmsnarl|Brick Break|p1b: Ogerpon\n|-activate|p1b: Ogerpon|move: Protect\n|\n|-weather|Snow|[upkeep]\n|upkeep\n|\n|t:|1700082797\n|switch|p1a: Baxcalibur|Baxcalibur, M|100\/100\n|turn|5\n|inactive|Kondroid has 120 seconds left.\n|\n|t:|1700082813\n|-terastallize|p1a: Baxcalibur|Ice\n|move|p2b: Medicham|Bullet Punch|p1a: Baxcalibur\n|-supereffective|p1a: Baxcalibur\n|-damage|p1a: Baxcalibur|60\/100\n|move|p2a: Grimmsnarl|Sucker Punch|p1b: Ogerpon\n|-damage|p1b: Ogerpon|0 fnt\n|faint|p1b: Ogerpon\n|move|p1a: Baxcalibur|Scale Shot|p2b: Medicham\n|-damage|p2b: Medicham|76\/100\n|-damage|p2b: Medicham|50\/100\n|-damage|p2b: Medicham|26\/100\n|-damage|p2b: Medicham|0 fnt\n|faint|p2b: Medicham\n|-hitcount|p2: Medicham|4\n|-unboost|p1a: Baxcalibur|def|1\n|-boost|p1a: Baxcalibur|spe|1\n|\n|-weather|Snow|[upkeep]\n|-heal|p1a: Baxcalibur|66\/100|[from] ability: Ice Body\n|-sideend|p1: Kondroid|move: Tailwind\n|upkeep\n|inactive|Kondroid has 120 seconds left.\n|inactive|Cocue7 has 120 seconds left.\n|\n|t:|1700082834\n|switch|p1b: Goodra|Goodra-Hisui, F|100\/100\n|switch|p2b: Palafin|Palafin, F|100\/100\n|turn|6\n|\n|t:|1700082845\n|move|p1a: Baxcalibur|Protect|p1a: Baxcalibur\n|-singleturn|p1a: Baxcalibur|Protect\n|move|p2b: Palafin|Flip Turn|p1a: Baxcalibur\n|-activate|p1a: Baxcalibur|move: Protect\n|move|p2a: Grimmsnarl|Brick Break|p1a: Baxcalibur\n|-activate|p1a: Baxcalibur|move: Protect\n|move|p1b: Goodra|Blizzard|p2a: Grimmsnarl|[spread] p2a,p2b\n|-resisted|p2b: Palafin\n|-damage|p2a: Grimmsnarl|53\/100\n|-damage|p2b: Palafin|79\/100\n|\n|-weather|Snow|[upkeep]\n|-heal|p1a: Baxcalibur|72\/100|[from] ability: Ice Body\n|upkeep\n|turn|7\n|inactive|Kondroid has 120 seconds left.\n|\n|t:|1700082884\n|move|p1a: Baxcalibur|Scale Shot|p2b: Palafin|[miss]\n|-miss|p1a: Baxcalibur|p2b: Palafin\n|move|p2b: Palafin|Flip Turn|p1a: Baxcalibur\n|-damage|p1a: Baxcalibur|47\/100\n|-damage|p2b: Palafin|69\/100|[from] item: Life Orb\n|\n|t:|1700082891\n|detailschange|p2b: Palafin|Palafin-Hero, F\n|switch|p2b: Tornadus|Tornadus, M|100\/100|[from] Flip Turn\n|move|p1b: Goodra|Flash Cannon|p2a: Grimmsnarl\n|-supereffective|p2a: Grimmsnarl\n|-damage|p2a: Grimmsnarl|0 fnt\n|faint|p2a: Grimmsnarl\n|\n|-weather|Snow|[upkeep]\n|-heal|p1a: Baxcalibur|53\/100|[from] ability: Ice Body\n|upkeep\n|\n|t:|1700082895\n|switch|p2a: Palafin|Palafin-Hero, F|69\/100\n|-activate|p2a: Palafin|ability: Zero to Hero\n|turn|8\n|\n|t:|1700082911\n|-terastallize|p2a: Palafin|Fire\n|move|p1a: Baxcalibur|Protect|p1a: Baxcalibur\n|-singleturn|p1a: Baxcalibur|Protect\n|move|p2b: Tornadus|Bleakwind Storm|p1b: Goodra|[spread] p1b\n|-activate|p1a: Baxcalibur|move: Protect\n|-resisted|p1b: Goodra\n|-damage|p1b: Goodra|90\/100\n|-damage|p2b: Tornadus|91\/100|[from] item: Life Orb\n|move|p2a: Palafin|Tera Blast|p1a: Baxcalibur|[anim] Tera Blast Fire\n|-activate|p1a: Baxcalibur|move: Protect\n|move|p1b: Goodra|Blizzard|p2a: Palafin|[spread] p2a,p2b\n|-resisted|p2a: Palafin\n|-supereffective|p2b: Tornadus\n|-damage|p2a: Palafin|53\/100\n|-damage|p2b: Tornadus|8\/100\n|-status|p2a: Palafin|frz\n|\n|-weather|Snow|[upkeep]\n|-heal|p1a: Baxcalibur|60\/100|[from] ability: Ice Body\n|upkeep\n|turn|9\n|\n|t:|1700082939\n|move|p2b: Tornadus|Tailwind|p2b: Tornadus\n|-sidestart|p2: Cocue7|move: Tailwind\n|cant|p2a: Palafin|frz\n|move|p1a: Baxcalibur|Scale Shot|p2a: Palafin\n|-damage|p2a: Palafin|37\/100 frz\n|-damage|p2a: Palafin|20\/100 frz\n|-damage|p2a: Palafin|3\/100 frz\n|-damage|p2a: Palafin|0 fnt\n|faint|p2a: Palafin\n|-hitcount|p2: Palafin|4\n|-unboost|p1a: Baxcalibur|def|1\n|-boost|p1a: Baxcalibur|spe|1\n|move|p1b: Goodra|Blizzard|p2b: Tornadus\n|-supereffective|p2b: Tornadus\n|-damage|p2b: Tornadus|0 fnt\n|faint|p2b: Tornadus\n|\n|-weather|Snow|[upkeep]\n|-heal|p1a: Baxcalibur|66\/100|[from] ability: Ice Body\n|upkeep\n|\n|t:|1700082943\n|switch|p2b: Thundurus|Thundurus, M|100\/100\n|switch|p2a: Enamorus|Enamorus, F|100\/100\n|turn|10\n|\n|t:|1700082969\n|move|p2b: Thundurus|Eerie Impulse|p2a: Enamorus\n|-boost|p2a: Enamorus|spa|2\n|move|p2a: Enamorus|Springtide Storm|p1b: Goodra|[spread] \n|-miss|p2a: Enamorus|p1a: Baxcalibur\n|-miss|p2a: Enamorus|p1b: Goodra\n|move|p1a: Baxcalibur|Icicle Spear|p2b: Thundurus\n|-supereffective|p2b: Thundurus\n|-damage|p2b: Thundurus|40\/100\n|-supereffective|p2b: Thundurus\n|-damage|p2b: Thundurus|0 fnt\n|faint|p2b: Thundurus\n|-hitcount|p2: Thundurus|2\n|move|p1b: Goodra|Blizzard|p2a: Enamorus\n|-supereffective|p2a: Enamorus\n|-damage|p2a: Enamorus|0 fnt\n|faint|p2a: Enamorus\n|\n|win|Kondroid\n|raw|Kondroid's rating: 1238 &rarr; <strong>1272<\/strong><br \/>(+34 for winning)\n|raw|Cocue7's rating: 1366 &rarr; <strong>1339<\/strong><br \/>(-27 for losing)\n|l|\u2606Cocue7\n","uploadtime":1700082989,"views":13,"p1id":"kondroid","p2id":"cocue7","formatid":"gen9doublesou","rating":1272,"private":0,"password":""}