{"id":"gen9doublesou-1971471487","p1":"TheRealFurretOmega","p2":"KazJF","format":"[Gen 9] Doubles OU","log":"|j|\u2606TheRealFurretOmega\n|j|\u2606KazJF\n|t:|1697741107\n|gametype|doubles\n|player|p1|TheRealFurretOmega|cameraman|1107\n|player|p2|KazJF|2|1059\n|teamsize|p1|6\n|teamsize|p2|6\n|gen|9\n|tier|[Gen 9] Doubles OU\n|rated|\n|rule|Species Clause: Limit one of each Pok\u00e9mon\n|rule|OHKO Clause: OHKO moves are banned\n|rule|Evasion Moves Clause: Evasion moves are banned\n|rule|Gravity Sleep Clause: The combination of sleep-inducing moves with imperfect accuracy and Gravity or Gigantamax Orbeetle are banned\n|rule|Endless Battle Clause: Forcing endless battles is banned\n|rule|HP Percentage Mod: HP is shown in percentages\n|clearpoke\n|poke|p1|Armarouge, M|\n|poke|p1|Gengar, M|\n|poke|p1|Flutter Mane|\n|poke|p1|Amoonguss, M|\n|poke|p1|Farigiraf, F|\n|poke|p1|Pawmot, M|\n|poke|p2|Gliscor, M|\n|poke|p2|Gyarados, M|\n|poke|p2|Conkeldurr, M|\n|poke|p2|Torkoal, M|\n|poke|p2|Weezing, F|\n|poke|p2|Arcanine, M|\n|teampreview\n|inactive|Battle timer is ON: inactive players will automatically lose when time's up. (requested by TheRealFurretOmega)\n|c|\u2606TheRealFurretOmega|Glhf\n|\n|t:|1697741117\n|start\n|switch|p1a: Spooky Month|Gengar, M|100\/100\n|switch|p1b: Blast Cannon|Armarouge, M|100\/100\n|switch|p2a: Arcanine|Arcanine, M|100\/100\n|switch|p2b: Torkoal|Torkoal, M|100\/100\n|-weather|SunnyDay|[from] ability: Drought|[of] p2b: Torkoal\n|turn|1\n|\n|t:|1697741137\n|switch|p2a: Gliscor|Gliscor, M|100\/100\n|switch|p2b: Weezing|Weezing, F|100\/100\n|move|p1a: Spooky Month|Sucker Punch|p1b: Blast Cannon\n|-supereffective|p1b: Blast Cannon\n|-damage|p1b: Blast Cannon|78\/100\n|-ability|p1b: Blast Cannon|Weak Armor|boost\n|-unboost|p1b: Blast Cannon|def|1\n|-boost|p1b: Blast Cannon|spe|2\n|-enditem|p1b: Blast Cannon|Weakness Policy\n|-boost|p1b: Blast Cannon|atk|2|[from] item: Weakness Policy\n|-boost|p1b: Blast Cannon|spa|2|[from] item: Weakness Policy\n|move|p1b: Blast Cannon|Psyshock|p2a: Gliscor\n|-damage|p2a: Gliscor|18\/100\n|\n|-weather|SunnyDay|[upkeep]\n|-status|p2a: Gliscor|tox|[from] item: Toxic Orb\n|upkeep\n|turn|2\n|\n|t:|1697741154\n|move|p2a: Gliscor|Protect|p2a: Gliscor\n|-singleturn|p2a: Gliscor|Protect\n|move|p1b: Blast Cannon|Heat Wave|p2a: Gliscor|[spread] p2b\n|-activate|p2a: Gliscor|move: Protect\n|-damage|p2b: Weezing|0 fnt\n|faint|p2b: Weezing\n|move|p1a: Spooky Month|Icy Wind|p2a: Gliscor\n|-activate|p2a: Gliscor|move: Protect\n|\n|-weather|SunnyDay|[upkeep]\n|-heal|p2a: Gliscor|30\/100 tox|[from] ability: Poison Heal\n|upkeep\n|\n|t:|1697741164\n|switch|p2b: Conkeldurr|Conkeldurr, M|100\/100\n|turn|3\n|c|\u2606TheRealFurretOmega|Teehre\n|\n|t:|1697741176\n|-terastallize|p2b: Conkeldurr|Dark\n|move|p1b: Blast Cannon|Psyshock|p2b: Conkeldurr\n|-immune|p2b: Conkeldurr\n|move|p1a: Spooky Month|Icy Wind|p2a: Gliscor|[spread] p2a,p2b\n|-supereffective|p2a: Gliscor\n|-damage|p2a: Gliscor|0 fnt\n|-damage|p2b: Conkeldurr|84\/100\n|-unboost|p2b: Conkeldurr|spe|1\n|faint|p2a: Gliscor\n|move|p2b: Conkeldurr|Knock Off|p1b: Blast Cannon\n|-supereffective|p1b: Blast Cannon\n|-damage|p1b: Blast Cannon|0 fnt\n|faint|p1b: Blast Cannon\n|\n|-weather|SunnyDay|[upkeep]\n|-status|p2b: Conkeldurr|brn|[from] item: Flame Orb\n|upkeep\n|c|\u2606TheRealFurretOmega|Damn\n|\n|t:|1697741191\n|switch|p2a: Arcanine|Arcanine, M|100\/100\n|switch|p1b: Child Abuser|Flutter Mane|100\/100\n|-activate|p1b: Child Abuser|ability: Protosynthesis\n|-start|p1b: Child Abuser|protosynthesisspe\n|turn|4\n|\n|t:|1697741204\n|switch|p1a: \"Nuh Uh\"|Farigiraf, F|100\/100\n|move|p1b: Child Abuser|Dazzling Gleam|p2b: Conkeldurr|[spread] p2a,p2b\n|-resisted|p2a: Arcanine\n|-crit|p2a: Arcanine\n|-supereffective|p2b: Conkeldurr\n|-damage|p2a: Arcanine|72\/100\n|-damage|p2b: Conkeldurr|8\/100 brn\n|move|p2a: Arcanine|Iron Head|p1b: Child Abuser\n|-supereffective|p1b: Child Abuser\n|-damage|p1b: Child Abuser|0 fnt\n|faint|p1b: Child Abuser\n|-end|p1b: Child Abuser|Protosynthesis|[silent]\n|move|p2b: Conkeldurr|Knock Off|p1a: \"Nuh Uh\"\n|-supereffective|p1a: \"Nuh Uh\"\n|-damage|p1a: \"Nuh Uh\"|0 fnt\n|-enditem|p1a: \"Nuh Uh\"|Leftovers|[from] move: Knock Off|[of] p2b: Conkeldurr\n|faint|p1a: \"Nuh Uh\"\n|\n|-weather|SunnyDay|[upkeep]\n|-damage|p2b: Conkeldurr|2\/100 brn|[from] brn\n|upkeep\n|c|\u2606KazJF|oops\n|\n|t:|1697741220\n|switch|p1b: Spooky Month|Gengar, M|100\/100\n|switch|p1a: Pawmot|Pawmot, M|100\/100\n|turn|5\n|\n|t:|1697741231\n|move|p1b: Spooky Month|Icy Wind|p2a: Arcanine|[spread] p2a,p2b\n|-resisted|p2a: Arcanine\n|-damage|p2a: Arcanine|63\/100\n|-damage|p2b: Conkeldurr|0 fnt\n|-unboost|p2a: Arcanine|spe|1\n|faint|p2b: Conkeldurr\n|move|p1a: Pawmot|Revival Blessing|p1a: Pawmot\n|\n|t:|1697741239\n|-heal|p1: Child Abuser|50\/100|[from] move: Revival Blessing\n|move|p2a: Arcanine|Iron Head|p1b: Spooky Month\n|-damage|p1b: Spooky Month|15\/100\n|\n|-weather|SunnyDay|[upkeep]\n|-heal|p1b: Spooky Month|21\/100|[from] item: Black Sludge\n|upkeep\n|\n|t:|1697741249\n|switch|p2b: Gyarados|Gyarados, M|100\/100\n|-ability|p2b: Gyarados|Intimidate|boost\n|-unboost|p1a: Pawmot|atk|1\n|-unboost|p1b: Spooky Month|atk|1\n|turn|6\n|\n|t:|1697741260\n|switch|p2b: Torkoal|Torkoal, M|100\/100\n|move|p1b: Spooky Month|Icy Wind|p2b: Torkoal|[spread] p2a,p2b\n|-resisted|p2a: Arcanine\n|-resisted|p2b: Torkoal\n|-damage|p2a: Arcanine|54\/100\n|-damage|p2b: Torkoal|91\/100\n|-unboost|p2a: Arcanine|spe|1\n|-unboost|p2b: Torkoal|spe|1\n|move|p1a: Pawmot|Wish|p1a: Pawmot\n|move|p2a: Arcanine|Iron Head|p1a: Pawmot\n|-resisted|p1a: Pawmot\n|-damage|p1a: Pawmot|78\/100\n|\n|-weather|SunnyDay|[upkeep]\n|-heal|p1b: Spooky Month|27\/100|[from] item: Black Sludge\n|upkeep\n|turn|7\n|\n|t:|1697741287\n|move|p1a: Pawmot|Mach Punch|p2a: Arcanine\n|-damage|p2a: Arcanine|39\/100\n|move|p1b: Spooky Month|Icy Wind|p2a: Arcanine|[spread] p2a,p2b\n|-resisted|p2a: Arcanine\n|-resisted|p2b: Torkoal\n|-crit|p2b: Torkoal\n|-damage|p2a: Arcanine|31\/100\n|-damage|p2b: Torkoal|76\/100\n|-unboost|p2a: Arcanine|spe|1\n|-unboost|p2b: Torkoal|spe|1\n|move|p2a: Arcanine|Iron Head|p1b: Spooky Month\n|-damage|p1b: Spooky Month|0 fnt\n|-start|p2a: Arcanine|Disable|Iron Head|[from] ability: Cursed Body|[of] p1b: Spooky Month\n|faint|p1b: Spooky Month\n|move|p2b: Torkoal|Eruption|p1a: Pawmot\n|-damage|p1a: Pawmot|2\/100\n|\n|-weather|SunnyDay|[upkeep]\n|-heal|p1a: Pawmot|52\/100|[from] move: Wish|[wisher] Pawmot\n|upkeep\n|inactive|TheRealFurretOmega has 120 seconds left.\n|\n|t:|1697741300\n|switch|p1b: Child Abuser|Flutter Mane|50\/100\n|-activate|p1b: Child Abuser|ability: Protosynthesis\n|-start|p1b: Child Abuser|protosynthesisspe\n|turn|8\n|inactive|TheRealFurretOmega has 120 seconds left.\n|\n|t:|1697741327\n|switch|p2a: Gyarados|Gyarados, M|100\/100\n|-ability|p2a: Gyarados|Intimidate|boost\n|-unboost|p1a: Pawmot|atk|1\n|-unboost|p1b: Child Abuser|atk|1\n|-terastallize|p1b: Child Abuser|Rock\n|move|p1a: Pawmot|Helping Hand|p1b: Child Abuser\n|-singleturn|p1b: Child Abuser|Helping Hand|[of] p1a: Pawmot\n|move|p1b: Child Abuser|Power Gem|p2a: Gyarados\n|-supereffective|p2a: Gyarados\n|-damage|p2a: Gyarados|0 fnt\n|faint|p2a: Gyarados\n|move|p2b: Torkoal|Eruption|p1b: Child Abuser|[spread] p1a,p1b\n|-resisted|p1b: Child Abuser\n|-damage|p1a: Pawmot|0 fnt\n|-damage|p1b: Child Abuser|31\/100\n|faint|p1a: Pawmot\n|\n|-weather|none\n|-end|p1b: Child Abuser|Protosynthesis\n|upkeep\n|-enditem|p1b: Child Abuser|Booster Energy\n|-activate|p1b: Child Abuser|ability: Protosynthesis|[fromitem]\n|-start|p1b: Child Abuser|protosynthesisspe\n|\n|t:|1697741340\n|switch|p1a: Adult Abuser|Amoonguss, M|100\/100\n|switch|p2a: Arcanine|Arcanine, M|31\/100\n|turn|9\n|\n|t:|1697741351\n|move|p1b: Child Abuser|Power Gem|p2a: Arcanine\n|-supereffective|p2a: Arcanine\n|-damage|p2a: Arcanine|0 fnt\n|faint|p2a: Arcanine\n|move|p1a: Adult Abuser|Pollen Puff|p1b: Child Abuser\n|-heal|p1b: Child Abuser|81\/100\n|move|p2b: Torkoal|Eruption|p1b: Child Abuser|[spread] p1a,p1b\n|-supereffective|p1a: Adult Abuser\n|-crit|p1a: Adult Abuser\n|-resisted|p1b: Child Abuser\n|-damage|p1a: Adult Abuser|47\/100\n|-damage|p1b: Child Abuser|68\/100\n|\n|upkeep\n|turn|10\n|\n|t:|1697741363\n|move|p1b: Child Abuser|Power Gem|p2b: Torkoal\n|-supereffective|p2b: Torkoal\n|-crit|p2b: Torkoal\n|-damage|p2b: Torkoal|0 fnt\n|faint|p2b: Torkoal\n|\n|win|TheRealFurretOmega\n|raw|TheRealFurretOmega's rating: 1107 &rarr; <strong>1129<\/strong><br \/>(+22 for winning)\n|raw|KazJF's rating: 1059 &rarr; <strong>1043<\/strong><br \/>(-16 for losing)\n|c|\u2606TheRealFurretOmega|Ggwp\n","uploadtime":1697741374,"views":11,"p1id":"therealfurretomega","p2id":"kazjf","formatid":"gen9doublesou","rating":1043,"private":0,"password":""}