{"id":"gen9doublesou-1992893459","p1":"RYGRAZ","p2":"xX_Goober2011_Xx","format":"[Gen 9] Doubles OU","log":"|j|\u2606RYGRAZ\n|j|\u2606xX_Goober2011_Xx\n|t:|1700244569\n|gametype|doubles\n|player|p1|RYGRAZ|roughneck-gen4|1188\n|player|p2|xX_Goober2011_Xx|hilda|1174\n|teamsize|p1|6\n|teamsize|p2|6\n|gen|9\n|tier|[Gen 9] Doubles OU\n|rated|\n|rule|Species Clause: Limit one of each Pok\u00e9mon\n|rule|OHKO Clause: OHKO moves are banned\n|rule|Evasion Moves Clause: Evasion moves are banned\n|rule|Gravity Sleep Clause: The combination of sleep-inducing moves with imperfect accuracy and Gravity or Gigantamax Orbeetle are banned\n|rule|Endless Battle Clause: Forcing endless battles is banned\n|rule|HP Percentage Mod: HP is shown in percentages\n|clearpoke\n|poke|p1|Mimikyu, M|\n|poke|p1|Ursaluna, F|\n|poke|p1|Appletun, M|\n|poke|p1|Cresselia, F|\n|poke|p1|Kingambit, M|\n|poke|p1|Bellibolt, M|\n|poke|p2|Sinistcha-Masterpiece|\n|poke|p2|Torkoal, M|\n|poke|p2|Iron Hands|\n|poke|p2|Ursaluna-Bloodmoon, M|\n|poke|p2|Farigiraf, F|\n|poke|p2|Kingambit, M|\n|teampreview\n|inactive|Battle timer is ON: inactive players will automatically lose when time's up. (requested by RYGRAZ)\n|\n|t:|1700244596\n|start\n|switch|p1a: Mimikyu|Mimikyu, M|100\/100\n|switch|p1b: Ursaluna|Ursaluna, F|100\/100\n|switch|p2a: Iron Hands|Iron Hands|100\/100\n|switch|p2b: Torkoal|Torkoal, M|100\/100\n|-weather|SunnyDay|[from] ability: Drought|[of] p2b: Torkoal\n|turn|1\n|inactive|xX_Goober2011_Xx has 120 seconds left.\n|\n|t:|1700244628\n|move|p1b: Ursaluna|Protect|p1b: Ursaluna\n|-singleturn|p1b: Ursaluna|Protect\n|move|p2a: Iron Hands|Fake Out|p1b: Ursaluna\n|-activate|p1b: Ursaluna|move: Protect\n|move|p2b: Torkoal|Eruption|p1a: Mimikyu|[spread] p1a\n|-activate|p1b: Ursaluna|move: Protect\n|-activate|p1a: Mimikyu|ability: Disguise\n|-damage|p1a: Mimikyu|100\/100\n|detailschange|p1a: Mimikyu|Mimikyu-Busted, M\n|-damage|p1a: Mimikyu|88\/100|[from] pokemon: Mimikyu-Busted\n|move|p1a: Mimikyu|Trick Room|p1a: Mimikyu\n|-fieldstart|move: Trick Room|[of] p1a: Mimikyu\n|\n|-weather|SunnyDay|[upkeep]\n|-status|p1b: Ursaluna|brn|[from] item: Flame Orb\n|upkeep\n|turn|2\n|inactive|xX_Goober2011_Xx has 120 seconds left.\n|\n|t:|1700244656\n|switch|p1a: Appletun|Appletun, M, shiny|100\/100\n|-terastallize|p1b: Ursaluna|Ground\n|move|p2b: Torkoal|Eruption|p1b: Ursaluna|[spread] p1a,p1b\n|-damage|p1a: Appletun|51\/100\n|-damage|p1b: Ursaluna|19\/100 brn\n|move|p2a: Iron Hands|Close Combat|p1b: Ursaluna\n|-damage|p1b: Ursaluna|0 fnt\n|-unboost|p2a: Iron Hands|def|1\n|-unboost|p2a: Iron Hands|spd|1\n|faint|p1b: Ursaluna\n|\n|-weather|SunnyDay|[upkeep]\n|upkeep\n|inactive|RYGRAZ has 120 seconds left.\n|\n|t:|1700244674\n|switch|p1b: Mimikyu|Mimikyu-Busted, M|88\/100\n|turn|3\n|\n|t:|1700244692\n|move|p1b: Mimikyu|Shadow Sneak|p2b: Torkoal\n|-damage|p2b: Torkoal|87\/100\n|move|p2b: Torkoal|Eruption|p1b: Mimikyu|[spread] p1a,p1b\n|-damage|p1a: Appletun|7\/100\n|-damage|p1b: Mimikyu|0 fnt\n|faint|p1b: Mimikyu\n|move|p2a: Iron Hands|Heavy Slam|p1a: Appletun\n|-damage|p1a: Appletun|0 fnt\n|-damage|p2a: Iron Hands|84\/100|[from] item: Rocky Helmet|[of] p1a: Appletun\n|faint|p1a: Appletun\n|\n|-weather|SunnyDay|[upkeep]\n|upkeep\n|\n|t:|1700244703\n|switch|p1a: Kingambit|Kingambit, M|100\/100\n|switch|p1b: Bellibolt|Bellibolt, M|100\/100\n|turn|4\n|\n|t:|1700244726\n|move|p2b: Torkoal|Eruption|p1a: Kingambit|[spread] p1a,p1b\n|-supereffective|p1a: Kingambit\n|-damage|p1a: Kingambit|0 fnt\n|-damage|p1b: Bellibolt|14\/100\n|-start|p1b: Bellibolt|Charge|Eruption|[from] ability: Electromorphosis\n|faint|p1a: Kingambit\n|move|p2a: Iron Hands|Wild Charge|p1b: Bellibolt\n|-resisted|p1b: Bellibolt\n|-damage|p1b: Bellibolt|0 fnt\n|faint|p1b: Bellibolt\n|-damage|p2a: Iron Hands|82\/100|[from] Recoil\n|\n|-weather|SunnyDay|[upkeep]\n|upkeep\n|\n|t:|1700244738\n|switch|p1b: Cresselia|Cresselia, F, shiny|100\/100\n|turn|5\n|\n|t:|1700244748\n|-terastallize|p2b: Torkoal|Fire\n|move|p2b: Torkoal|Eruption|p1b: Cresselia\n|-damage|p1b: Cresselia|0 fnt\n|faint|p1b: Cresselia\n|\n|win|xX_Goober2011_Xx\n|raw|RYGRAZ's rating: 1188 &rarr; <strong>1162<\/strong><br \/>(-26 for losing)\n|raw|xX_Goober2011_Xx's rating: 1174 &rarr; <strong>1200<\/strong><br \/>(+26 for winning)\n|l|\u2606RYGRAZ\n","uploadtime":1700244770,"views":10,"p1id":"rygraz","p2id":"xxgoober2011xx","formatid":"gen9doublesou","rating":1162,"private":0,"password":""}