{"id":"gen9doublesou-1972238341","p1":"louis le pieux","p2":"ChimeBliss","format":"[Gen 9] Doubles OU","log":"|j|\u2606louis le pieux\n|j|\u2606ChimeBliss\n|t:|1697824063\n|gametype|doubles\n|player|p1|louis le pieux|1|1341\n|player|p2|ChimeBliss|bianca|1256\n|teamsize|p1|6\n|teamsize|p2|6\n|gen|9\n|tier|[Gen 9] Doubles OU\n|rated|\n|rule|Species Clause: Limit one of each Pok\u00e9mon\n|rule|OHKO Clause: OHKO moves are banned\n|rule|Evasion Moves Clause: Evasion moves are banned\n|rule|Gravity Sleep Clause: The combination of sleep-inducing moves with imperfect accuracy and Gravity or Gigantamax Orbeetle are banned\n|rule|Endless Battle Clause: Forcing endless battles is banned\n|rule|HP Percentage Mod: HP is shown in percentages\n|clearpoke\n|poke|p1|Slowbro, M|\n|poke|p1|Slowking-Galar, F|\n|poke|p1|Ursaluna-Bloodmoon, M|\n|poke|p1|Diancie|\n|poke|p1|Tyranitar, M|\n|poke|p1|Rillaboom, F|\n|poke|p2|Tornadus, M|\n|poke|p2|Iron Hands|\n|poke|p2|Rillaboom, F|\n|poke|p2|Flutter Mane|\n|poke|p2|Ogerpon-Hearthflame, F|\n|poke|p2|Heatran, M|\n|teampreview\n|inactive|Battle timer is ON: inactive players will automatically lose when time's up. (requested by louis le pieux)\n|\n|t:|1697824127\n|start\n|switch|p1a: Diancie|Diancie|100\/100\n|switch|p1b: Tyranitar|Tyranitar, M|100\/100\n|switch|p2a: Tornadus|Tornadus, M|100\/100\n|switch|p2b: Ogerpon|Ogerpon-Hearthflame, F|100\/100\n|-ability|p2b: Ogerpon|Mold Breaker\n|-weather|Sandstorm|[from] ability: Sand Stream|[of] p1b: Tyranitar\n|turn|1\n|\n|t:|1697824142\n|-terastallize|p2b: Ogerpon|Fire\n|detailschange|p2b: Ogerpon|Ogerpon-Hearthflame-Tera, F, tera:Fire\n|-ability|p2b: Ogerpon|Embody Aspect (Hearthflame)|boost\n|-boost|p2b: Ogerpon|atk|1\n|move|p2a: Tornadus|Sunny Day|p2a: Tornadus\n|-weather|SunnyDay\n|move|p2b: Ogerpon|Horn Leech|p1b: Tyranitar\n|-supereffective|p1b: Tyranitar\n|-enditem|p1b: Tyranitar|Focus Sash\n|-damage|p1b: Tyranitar|1\/100\n|move|p1b: Tyranitar|Rock Slide|p2b: Ogerpon|[spread] p2a,p2b\n|-supereffective|p2a: Tornadus\n|-supereffective|p2b: Ogerpon\n|-damage|p2a: Tornadus|42\/100\n|-damage|p2b: Ogerpon|20\/100\n|move|p1a: Diancie|Trick Room|p1a: Diancie\n|-fieldstart|move: Trick Room|[of] p1a: Diancie\n|\n|-weather|SunnyDay|[upkeep]\n|upkeep\n|turn|2\n|\n|t:|1697824167\n|switch|p2a: Iron Hands|Iron Hands|100\/100\n|move|p2b: Ogerpon|Spiky Shield|p2b: Ogerpon\n|-singleturn|p2b: Ogerpon|move: Protect\n|move|p1a: Diancie|Diamond Storm|p2b: Ogerpon|[spread] p2a\n|-activate|p2b: Ogerpon|move: Protect\n|-resisted|p2a: Iron Hands\n|-damage|p2a: Iron Hands|92\/100\n|-boost|p1a: Diancie|def|2\n|move|p1b: Tyranitar|Rock Slide|p2a: Iron Hands|[spread] \n|-activate|p2b: Ogerpon|move: Protect\n|-miss|p1b: Tyranitar|p2a: Iron Hands\n|\n|-weather|SunnyDay|[upkeep]\n|upkeep\n|turn|3\n|\n|t:|1697824192\n|move|p2b: Ogerpon|Spiky Shield||[still]\n|-fail|p2b: Ogerpon\n|move|p1a: Diancie|Dazzling Gleam|p2b: Ogerpon|[spread] p2a,p2b\n|-supereffective|p2a: Iron Hands\n|-resisted|p2b: Ogerpon\n|-damage|p2a: Iron Hands|48\/100\n|-damage|p2b: Ogerpon|4\/100\n|-enditem|p2a: Iron Hands|Sitrus Berry|[eat]\n|-heal|p2a: Iron Hands|73\/100|[from] item: Sitrus Berry\n|move|p1b: Tyranitar|Rock Slide|p2b: Ogerpon|[spread] p2a,p2b\n|-resisted|p2a: Iron Hands\n|-supereffective|p2b: Ogerpon\n|-damage|p2a: Iron Hands|62\/100\n|-damage|p2b: Ogerpon|0 fnt\n|faint|p2b: Ogerpon\n|cant|p2a: Iron Hands|flinch\n|\n|-weather|SunnyDay|[upkeep]\n|upkeep\n|inactive|ChimeBliss has 120 seconds left.\n|\n|t:|1697824204\n|switch|p2b: Rillaboom|Rillaboom, F|100\/100\n|-fieldstart|move: Grassy Terrain|[from] ability: Grassy Surge|[of] p2b: Rillaboom\n|turn|4\n|\n|t:|1697824214\n|move|p2b: Rillaboom|Fake Out|p1b: Tyranitar\n|-resisted|p1b: Tyranitar\n|-damage|p1b: Tyranitar|0 fnt\n|faint|p1b: Tyranitar\n|move|p1a: Diancie|Dazzling Gleam|p2a: Iron Hands|[spread] p2a,p2b\n|-supereffective|p2a: Iron Hands\n|-damage|p2a: Iron Hands|19\/100\n|-damage|p2b: Rillaboom|76\/100\n|move|p2a: Iron Hands|Drain Punch|p1a: Diancie\n|-damage|p1a: Diancie|83\/100\n|-heal|p2a: Iron Hands|25\/100|[from] drain|[of] p1a: Diancie\n|\n|-weather|SunnyDay|[upkeep]\n|-heal|p1a: Diancie|89\/100|[from] Grassy Terrain\n|-heal|p2a: Iron Hands|31\/100|[from] Grassy Terrain\n|-heal|p2b: Rillaboom|83\/100|[from] Grassy Terrain\n|upkeep\n|\n|t:|1697824220\n|switch|p1b: Slowking|Slowking-Galar, F|100\/100\n|turn|5\n|\n|t:|1697824245\n|switch|p2b: Heatran|Heatran, M|100\/100\n|move|p1b: Slowking|Sludge Bomb|p2b: Heatran\n|-immune|p2b: Heatran\n|move|p1a: Diancie|Dazzling Gleam|p2b: Heatran|[spread] p2a,p2b\n|-supereffective|p2a: Iron Hands\n|-resisted|p2b: Heatran\n|-damage|p2a: Iron Hands|0 fnt\n|-damage|p2b: Heatran|96\/100\n|faint|p2a: Iron Hands\n|-end|p2a: Iron Hands|Quark Drive|[silent]\n|\n|-weather|none\n|-heal|p1a: Diancie|95\/100|[from] Grassy Terrain\n|-heal|p2b: Heatran|100\/100|[from] Grassy Terrain\n|-fieldend|move: Trick Room\n|upkeep\n|\n|t:|1697824254\n|switch|p2a: Tornadus|Tornadus, M|42\/100\n|turn|6\n|\n|t:|1697824268\n|move|p2a: Tornadus|Taunt|p1b: Slowking\n|-start|p1b: Slowking|move: Taunt\n|move|p2b: Heatran|Flash Cannon|p1a: Diancie\n|-supereffective|p1a: Diancie\n|-damage|p1a: Diancie|0 fnt\n|faint|p1a: Diancie\n|cant|p1b: Slowking|move: Taunt|Trick Room\n|\n|upkeep\n|\n|t:|1697824272\n|switch|p1a: Slowbro|Slowbro, M|100\/100\n|turn|7\n|\n|t:|1697824288\n|move|p2a: Tornadus|Bleakwind Storm|p1a: Slowbro|[spread] p1a,p1b\n|-damage|p1a: Slowbro|60\/100\n|-damage|p1b: Slowking|74\/100\n|-unboost|p1b: Slowking|spe|1\n|move|p2b: Heatran|Earth Power|p1a: Slowbro\n|-damage|p1a: Slowbro|20\/100\n|move|p1a: Slowbro|Scald|p2b: Heatran\n|-supereffective|p2b: Heatran\n|-damage|p2b: Heatran|53\/100\n|move|p1b: Slowking|Psychic|p2a: Tornadus\n|-damage|p2a: Tornadus|0 fnt\n|faint|p2a: Tornadus\n|\n|-heal|p2b: Heatran|59\/100|[from] Grassy Terrain\n|-heal|p1a: Slowbro|26\/100|[from] Grassy Terrain\n|-heal|p1a: Slowbro|32\/100|[from] item: Leftovers\n|-heal|p1b: Slowking|80\/100|[from] Grassy Terrain\n|-heal|p1b: Slowking|86\/100|[from] item: Black Sludge\n|upkeep\n|\n|t:|1697824295\n|switch|p2a: Flutter Mane|Flutter Mane|100\/100\n|turn|8\n|\n|t:|1697824308\n|-terastallize|p1b: Slowking|Poison\n|move|p2a: Flutter Mane|Dazzling Gleam|p1a: Slowbro|[spread] p1a,p1b\n|-resisted|p1b: Slowking\n|-damage|p1a: Slowbro|0 fnt\n|-damage|p1b: Slowking|68\/100\n|faint|p1a: Slowbro\n|move|p2b: Heatran|Earth Power|p1b: Slowking\n|-supereffective|p1b: Slowking\n|-damage|p1b: Slowking|18\/100\n|move|p1b: Slowking|Sludge Bomb|p2a: Flutter Mane\n|-damage|p2a: Flutter Mane|42\/100\n|-status|p2a: Flutter Mane|psn\n|\n|-heal|p2a: Flutter Mane|48\/100 psn|[from] Grassy Terrain\n|-heal|p2b: Heatran|65\/100|[from] Grassy Terrain\n|-heal|p1b: Slowking|24\/100|[from] Grassy Terrain\n|-heal|p1b: Slowking|30\/100|[from] item: Black Sludge\n|-damage|p2a: Flutter Mane|36\/100 psn|[from] psn\n|-end|p1b: Slowking|move: Taunt\n|-fieldend|move: Grassy Terrain\n|upkeep\n|\n|t:|1697824314\n|switch|p1a: Ursaluna|Ursaluna-Bloodmoon, M|100\/100\n|turn|9\n|\n|t:|1697824327\n|move|p1a: Ursaluna|Vacuum Wave|p2b: Heatran\n|-supereffective|p2b: Heatran\n|-damage|p2b: Heatran|43\/100\n|-damage|p1a: Ursaluna|90\/100|[from] item: Life Orb\n|move|p2a: Flutter Mane|Dazzling Gleam|p1b: Slowking|[spread] p1a,p1b\n|-resisted|p1b: Slowking\n|-damage|p1a: Ursaluna|37\/100\n|-damage|p1b: Slowking|11\/100\n|move|p2b: Heatran|Heat Wave|p1b: Slowking|[spread] p1a,p1b\n|-damage|p1a: Ursaluna|0 fnt\n|-damage|p1b: Slowking|0 fnt\n|faint|p1a: Ursaluna\n|faint|p1b: Slowking\n|\n|-damage|p2a: Flutter Mane|24\/100 psn|[from] psn\n|upkeep\n|\n|t:|1697824333\n|switch|p1b: Rillaboom|Rillaboom, F|100\/100\n|-fieldstart|move: Grassy Terrain|[from] ability: Grassy Surge|[of] p1b: Rillaboom\n|turn|10\n|\n|t:|1697824335\n|move|p2a: Flutter Mane|Dazzling Gleam|p1b: Rillaboom\n|-damage|p1b: Rillaboom|28\/100\n|move|p2b: Heatran|Heat Wave|p1b: Rillaboom|[miss]\n|-miss|p2b: Heatran|p1b: Rillaboom\n|move|p1b: Rillaboom|Hammer Arm|p2a: Flutter Mane\n|-immune|p2a: Flutter Mane\n|\n|-heal|p2a: Flutter Mane|30\/100 psn|[from] Grassy Terrain\n|-heal|p2b: Heatran|49\/100|[from] Grassy Terrain\n|-heal|p1b: Rillaboom|34\/100|[from] Grassy Terrain\n|-damage|p2a: Flutter Mane|17\/100 psn|[from] psn\n|upkeep\n|turn|11\n|-message|louis le pieux forfeited.\n|\n|win|ChimeBliss\n|raw|louis le pieux's rating: 1362 &rarr; <strong>1336<\/strong><br \/>(-26 for losing)\n|raw|ChimeBliss's rating: 1256 &rarr; <strong>1288<\/strong><br \/>(+32 for winning)\n|l|\u2606louis le pieux\n","uploadtime":1697824353,"views":22,"p1id":"louislepieux","p2id":"chimebliss","formatid":"gen9doublesou","rating":1288,"private":0,"password":""}