{"id":"gen9doublesou-1991497189","p1":"Evanthegamer18","p2":"mikeyuwu","format":"[Gen 9] Doubles OU","log":"|j|\u2606Evanthegamer18\n|j|\u2606mikeyuwu\n|t:|1700082340\n|gametype|doubles\n|player|p1|Evanthegamer18|170|1273\n|player|p2|mikeyuwu|psychic-gen4|1217\n|teamsize|p1|6\n|teamsize|p2|6\n|gen|9\n|tier|[Gen 9] Doubles OU\n|rated|\n|rule|Species Clause: Limit one of each Pok\u00e9mon\n|rule|OHKO Clause: OHKO moves are banned\n|rule|Evasion Moves Clause: Evasion moves are banned\n|rule|Gravity Sleep Clause: The combination of sleep-inducing moves with imperfect accuracy and Gravity or Gigantamax Orbeetle are banned\n|rule|Endless Battle Clause: Forcing endless battles is banned\n|rule|HP Percentage Mod: HP is shown in percentages\n|clearpoke\n|poke|p1|Farigiraf, F|\n|poke|p1|Flutter Mane|\n|poke|p1|Ursaluna-Bloodmoon, M|\n|poke|p1|Brute Bonnet|\n|poke|p1|Iron Hands|\n|poke|p1|Kingambit, F|\n|poke|p2|Garchomp, M|\n|poke|p2|Tyranitar, F|\n|poke|p2|Vaporeon, F|\n|poke|p2|Toxicroak, M|\n|poke|p2|Pelipper, F|\n|poke|p2|Abomasnow, M|\n|teampreview\n|\n|t:|1700082349\n|start\n|switch|p1a: Iron Hands|Iron Hands|100\/100\n|switch|p1b: Farigiraf|Farigiraf, F|100\/100\n|switch|p2a: OTLHPM|Toxicroak, M|100\/100\n|switch|p2b: Harmacy|Vaporeon, F|100\/100\n|turn|1\n|\n|t:|1700082357\n|move|p1a: Iron Hands|Fake Out|p2b: Harmacy\n|-damage|p2b: Harmacy|89\/100\n|move|p2a: OTLHPM|Poison Jab|p1b: Farigiraf\n|-damage|p1b: Farigiraf|64\/100\n|-status|p1b: Farigiraf|psn\n|cant|p2b: Harmacy|flinch\n|move|p1b: Farigiraf|Trick Room|p1b: Farigiraf\n|-fieldstart|move: Trick Room|[of] p1b: Farigiraf\n|\n|-heal|p2b: Harmacy|95\/100|[from] item: Leftovers\n|-damage|p1b: Farigiraf|52\/100 psn|[from] psn\n|upkeep\n|turn|2\n|\n|t:|1700082372\n|switch|p2a: ThcrThnSnkr|Tyranitar, F|100\/100\n|-weather|Sandstorm|[from] ability: Sand Stream|[of] p2a: ThcrThnSnkr\n|move|p1a: Iron Hands|Drain Punch|p2b: Harmacy\n|-damage|p2b: Harmacy|65\/100\n|move|p1b: Farigiraf|Twin Beam|p2a: ThcrThnSnkr\n|-immune|p2a: ThcrThnSnkr\n|move|p2b: Harmacy|Copycat|p2b: Harmacy\n|move|p2b: Harmacy|Twin Beam|p1b: Farigiraf|[from]move: Copycat\n|-resisted|p1b: Farigiraf\n|-damage|p1b: Farigiraf|47\/100 psn\n|-resisted|p1b: Farigiraf\n|-damage|p1b: Farigiraf|43\/100 psn\n|-hitcount|p1b: Farigiraf|2\n|\n|-weather|Sandstorm|[upkeep]\n|-damage|p1a: Iron Hands|94\/100|[from] Sandstorm\n|-damage|p1b: Farigiraf|37\/100 psn|[from] Sandstorm\n|-damage|p2b: Harmacy|59\/100|[from] Sandstorm\n|-heal|p2b: Harmacy|65\/100|[from] item: Leftovers\n|-damage|p1b: Farigiraf|24\/100 psn|[from] psn\n|upkeep\n|turn|3\n|\n|t:|1700082387\n|switch|p1b: Brute Bonnet|Brute Bonnet|100\/100\n|switch|p2a: Weather War|Pelipper, F|100\/100\n|-weather|RainDance|[from] ability: Drizzle|[of] p2a: Weather War\n|move|p1a: Iron Hands|Wild Charge|p2b: Harmacy\n|-supereffective|p2b: Harmacy\n|-damage|p2b: Harmacy|0 fnt\n|faint|p2b: Harmacy\n|-damage|p1a: Iron Hands|80\/100|[from] Recoil\n|\n|-weather|RainDance|[upkeep]\n|upkeep\n|\n|t:|1700082391\n|switch|p2b: Cold Shoulder|Abomasnow, M, shiny|100\/100\n|-weather|Snow|[from] ability: Snow Warning|[of] p2b: Cold Shoulder\n|turn|4\n|\n|t:|1700082404\n|-end|p1b: Brute Bonnet|Protosynthesis|[silent]\n|switch|p1b: Kingambit|Kingambit, F|100\/100\n|switch|p2a: Extra Spicy|Garchomp, M|100\/100\n|move|p1a: Iron Hands|Drain Punch|p2b: Cold Shoulder\n|-supereffective|p2b: Cold Shoulder\n|-damage|p2b: Cold Shoulder|49\/100\n|-heal|p1a: Iron Hands|97\/100|[from] drain|[of] p2b: Cold Shoulder\n|move|p2b: Cold Shoulder|Blizzard|p1a: Iron Hands|[spread] p1a,p1b\n|-resisted|p1b: Kingambit\n|-damage|p1a: Iron Hands|77\/100\n|-damage|p1b: Kingambit|89\/100\n|\n|-weather|Snow|[upkeep]\n|upkeep\n|turn|5\n|\n|t:|1700082426\n|switch|p2b: Weather War|Pelipper, F|100\/100\n|-weather|RainDance|[from] ability: Drizzle|[of] p2b: Weather War\n|-terastallize|p1b: Kingambit|Flying\n|move|p1a: Iron Hands|Drain Punch|p2b: Weather War\n|-resisted|p2b: Weather War\n|-damage|p2b: Weather War|83\/100\n|-heal|p1a: Iron Hands|83\/100|[from] drain|[of] p2b: Weather War\n|move|p1b: Kingambit|Kowtow Cleave|p2a: Extra Spicy\n|-damage|p2a: Extra Spicy|72\/100\n|-damage|p1b: Kingambit|77\/100|[from] ability: Rough Skin|[of] p2a: Extra Spicy\n|-damage|p1b: Kingambit|60\/100|[from] item: Rocky Helmet|[of] p2a: Extra Spicy\n|move|p2a: Extra Spicy|Earthquake|p1b: Kingambit|[spread] p1a\n|-immune|p2b: Weather War\n|-immune|p1b: Kingambit\n|-supereffective|p1a: Iron Hands\n|-damage|p1a: Iron Hands|50\/100\n|\n|-weather|RainDance|[upkeep]\n|-fieldend|move: Trick Room\n|upkeep\n|turn|6\n|\n|t:|1700082458\n|move|p2a: Extra Spicy|Earthquake|p1b: Kingambit|[spread] p1a\n|-immune|p2b: Weather War\n|-immune|p1b: Kingambit\n|-supereffective|p1a: Iron Hands\n|-damage|p1a: Iron Hands|14\/100\n|move|p2b: Weather War|Hurricane|p1a: Iron Hands\n|-damage|p1a: Iron Hands|0 fnt\n|faint|p1a: Iron Hands\n|-end|p1a: Iron Hands|Quark Drive|[silent]\n|move|p1b: Kingambit|Kowtow Cleave|p2a: Extra Spicy\n|-damage|p2a: Extra Spicy|43\/100\n|-damage|p1b: Kingambit|48\/100|[from] ability: Rough Skin|[of] p2a: Extra Spicy\n|-damage|p1b: Kingambit|31\/100|[from] item: Rocky Helmet|[of] p2a: Extra Spicy\n|\n|-weather|RainDance|[upkeep]\n|upkeep\n|\n|t:|1700082470\n|switch|p1a: Flutter Mane|Flutter Mane|100\/100\n|turn|7\n|\n|t:|1700082477\n|switch|p2a: Cold Shoulder|Abomasnow, M, shiny|49\/100\n|-weather|Snow|[from] ability: Snow Warning|[of] p2a: Cold Shoulder\n|move|p1b: Kingambit|Sucker Punch||[still]\n|-fail|p1b: Kingambit\n|move|p1a: Flutter Mane|Dazzling Gleam|p2a: Cold Shoulder|[spread] p2a,p2b\n|-damage|p2a: Cold Shoulder|12\/100\n|-damage|p2b: Weather War|31\/100\n|move|p2b: Weather War|Blizzard|p1a: Flutter Mane|[spread] p1a,p1b\n|-supereffective|p1b: Kingambit\n|-damage|p1a: Flutter Mane|85\/100\n|-damage|p1b: Kingambit|5\/100\n|\n|-weather|Snow|[upkeep]\n|upkeep\n|turn|8\n|\n|t:|1700082493\n|move|p1b: Kingambit|Sucker Punch|p2b: Weather War\n|-damage|p2b: Weather War|2\/100\n|move|p1a: Flutter Mane|Dazzling Gleam|p2a: Cold Shoulder|[spread] p2a,p2b\n|-damage|p2a: Cold Shoulder|0 fnt\n|-damage|p2b: Weather War|0 fnt\n|faint|p2a: Cold Shoulder\n|faint|p2b: Weather War\n|\n|-weather|Snow|[upkeep]\n|upkeep\n|\n|t:|1700082496\n|switch|p2b: Extra Spicy|Garchomp, M|43\/100\n|switch|p2a: OTLHPM|Toxicroak, M|100\/100\n|turn|9\n|\n|t:|1700082510\n|-terastallize|p2b: Extra Spicy|Steel\n|move|p1b: Kingambit|Sucker Punch|p2b: Extra Spicy\n|-damage|p2b: Extra Spicy|18\/100\n|-damage|p1b: Kingambit|0 fnt|[from] ability: Rough Skin|[of] p2b: Extra Spicy\n|faint|p1b: Kingambit\n|-end|p1b: Kingambit|fallenundefined|[silent]\n|move|p1a: Flutter Mane|Dazzling Gleam|p2b: Extra Spicy|[spread] p2a,p2b\n|-resisted|p2b: Extra Spicy\n|-damage|p2a: OTLHPM|54\/100\n|-damage|p2b: Extra Spicy|2\/100\n|move|p2b: Extra Spicy|Poison Jab|p1a: Flutter Mane\n|-damage|p1a: Flutter Mane|33\/100\n|move|p2a: OTLHPM|Poison Jab|p1a: Flutter Mane\n|-damage|p1a: Flutter Mane|0 fnt\n|faint|p1a: Flutter Mane\n|-end|p1a: Flutter Mane|Protosynthesis|[silent]\n|\n|-weather|Snow|[upkeep]\n|-heal|p2a: OTLHPM|60\/100|[from] item: Black Sludge\n|upkeep\n|\n|t:|1700082521\n|switch|p1a: Brute Bonnet|Brute Bonnet|100\/100\n|switch|p1b: Farigiraf|Farigiraf, F|24\/100 psn\n|turn|10\n|\n|t:|1700082534\n|move|p1a: Brute Bonnet|Sucker Punch|p2b: Extra Spicy\n|-damage|p2b: Extra Spicy|0 fnt\n|-damage|p1a: Brute Bonnet|88\/100|[from] ability: Rough Skin|[of] p2b: Extra Spicy\n|-damage|p1a: Brute Bonnet|72\/100|[from] item: Rocky Helmet|[of] p2b: Extra Spicy\n|faint|p2b: Extra Spicy\n|-damage|p1a: Brute Bonnet|62\/100|[from] item: Life Orb\n|move|p2a: OTLHPM|Poison Jab|p1b: Farigiraf\n|-damage|p1b: Farigiraf|0 fnt\n|faint|p1b: Farigiraf\n|\n|-weather|Snow|[upkeep]\n|-heal|p2a: OTLHPM|66\/100|[from] item: Black Sludge\n|upkeep\n|\n|t:|1700082544\n|switch|p2b: ThcrThnSnkr|Tyranitar, F|100\/100\n|switch|p1b: Ursaluna|Ursaluna-Bloodmoon, M|100\/100\n|-weather|Sandstorm|[from] ability: Sand Stream|[of] p2b: ThcrThnSnkr\n|turn|11\n|\n|t:|1700082566\n|move|p1a: Brute Bonnet|Protect|p1a: Brute Bonnet\n|-singleturn|p1a: Brute Bonnet|Protect\n|move|p2a: OTLHPM|Drain Punch|p1b: Ursaluna\n|-supereffective|p1b: Ursaluna\n|-damage|p1b: Ursaluna|47\/100\n|-heal|p2a: OTLHPM|100\/100|[from] drain|[of] p1b: Ursaluna\n|move|p2b: ThcrThnSnkr|Knock Off|p1b: Ursaluna\n|-damage|p1b: Ursaluna|17\/100\n|-enditem|p1b: Ursaluna|Leftovers|[from] move: Knock Off|[of] p2b: ThcrThnSnkr\n|move|p1b: Ursaluna|Blood Moon|p2a: OTLHPM\n|-damage|p2a: OTLHPM|11\/100\n|\n|-weather|Sandstorm|[upkeep]\n|-damage|p2a: OTLHPM|5\/100|[from] Sandstorm\n|-damage|p1a: Brute Bonnet|56\/100|[from] Sandstorm\n|-heal|p2a: OTLHPM|11\/100|[from] item: Black Sludge\n|upkeep\n|turn|12\n|\n|t:|1700082602\n|move|p1a: Brute Bonnet|Sucker Punch|p2a: OTLHPM\n|-resisted|p2a: OTLHPM\n|-damage|p2a: OTLHPM|0 fnt\n|faint|p2a: OTLHPM\n|-damage|p1a: Brute Bonnet|46\/100|[from] item: Life Orb\n|move|p2b: ThcrThnSnkr|Knock Off|p1b: Ursaluna\n|-damage|p1b: Ursaluna|0 fnt\n|faint|p1b: Ursaluna\n|\n|-weather|Sandstorm|[upkeep]\n|-damage|p1a: Brute Bonnet|40\/100|[from] Sandstorm\n|upkeep\n|turn|13\n|\n|t:|1700082611\n|move|p2b: ThcrThnSnkr|Rock Slide|p1a: Brute Bonnet\n|-damage|p1a: Brute Bonnet|8\/100\n|cant|p1a: Brute Bonnet|flinch\n|\n|-weather|Sandstorm|[upkeep]\n|-damage|p1a: Brute Bonnet|2\/100|[from] Sandstorm\n|upkeep\n|turn|14\n|c|\u2606Evanthegamer18|Youre kidding\n|c|\u2606Evanthegamer18|Gg\n|c|\u2606mikeyuwu|Gg\n|\n|t:|1700082627\n|move|p2b: ThcrThnSnkr|Thunderbolt|p1a: Brute Bonnet\n|-resisted|p1a: Brute Bonnet\n|-damage|p1a: Brute Bonnet|0 fnt\n|faint|p1a: Brute Bonnet\n|-end|p1a: Brute Bonnet|Protosynthesis|[silent]\n|\n|win|mikeyuwu\n|raw|Evanthegamer18's rating: 1273 &rarr; <strong>1244<\/strong><br \/>(-29 for losing)\n|raw|mikeyuwu's rating: 1217 &rarr; <strong>1246<\/strong><br \/>(+29 for winning)\n|l|\u2606Evanthegamer18\n","uploadtime":1700082639,"views":9,"p1id":"evanthegamer18","p2id":"mikeyuwu","formatid":"gen9doublesou","rating":1244,"private":0,"password":""}