{"id":"gen9doublesou-1989299731","p1":"Lekkuloler","p2":"carambolo","format":"[Gen 9] Doubles OU","log":"|j|\u2606Lekkuloler\n|j|\u2606carambolo\n|t:|1699833582\n|gametype|doubles\n|player|p1|Lekkuloler|clown|1407\n|player|p2|carambolo|1|1507\n|teamsize|p1|6\n|teamsize|p2|6\n|gen|9\n|tier|[Gen 9] Doubles OU\n|rated|\n|rule|Species Clause: Limit one of each Pok\u00e9mon\n|rule|OHKO Clause: OHKO moves are banned\n|rule|Evasion Moves Clause: Evasion moves are banned\n|rule|Gravity Sleep Clause: The combination of sleep-inducing moves with imperfect accuracy and Gravity or Gigantamax Orbeetle are banned\n|rule|Endless Battle Clause: Forcing endless battles is banned\n|rule|HP Percentage Mod: HP is shown in percentages\n|clearpoke\n|poke|p1|Tyranitar, F|\n|poke|p1|Garganacl, F|\n|poke|p1|Diancie|\n|poke|p1|Kleavor, F|\n|poke|p1|Lycanroc, F|\n|poke|p1|Avalugg-Hisui, F|\n|poke|p2|Spiritomb, M|\n|poke|p2|Gastrodon, M|\n|poke|p2|Kingambit, M|\n|poke|p2|Hatterene, F|\n|poke|p2|Armarouge, F|\n|poke|p2|Kommo-o, M|\n|teampreview\n|inactive|Battle timer is ON: inactive players will automatically lose when time's up. (requested by Lekkuloler)\n|\n|t:|1699833604\n|start\n|switch|p1a: Lardy Tar|Tyranitar, F|100\/100\n|switch|p1b: Toa Lewa|Kleavor, F, shiny|100\/100\n|switch|p2a: Gre\u00f1as|Hatterene, F|100\/100\n|switch|p2b: Kommo-o|Kommo-o, M|100\/100\n|-weather|Sandstorm|[from] ability: Sand Stream|[of] p1a: Lardy Tar\n|turn|1\n|\n|t:|1699833620\n|-terastallize|p1a: Lardy Tar|Fairy\n|move|p2b: Kommo-o|Clangorous Soul|p2b: Kommo-o\n|-boost|p2b: Kommo-o|atk|1\n|-boost|p2b: Kommo-o|def|1\n|-boost|p2b: Kommo-o|spa|1\n|-boost|p2b: Kommo-o|spd|1\n|-boost|p2b: Kommo-o|spe|1\n|-damage|p2b: Kommo-o|68\/100\n|move|p1b: Toa Lewa|Stone Axe|p2a: Gre\u00f1as|[miss]\n|-miss|p1b: Toa Lewa|p2a: Gre\u00f1as\n|move|p2a: Gre\u00f1as|Life Dew||[still]|[spread] p2a,p2b\n|-fail|p2a: Gre\u00f1as|heal\n|-heal|p2b: Kommo-o|93\/100\n|move|p1a: Lardy Tar|Dragon Tail|p2b: Kommo-o\n|-supereffective|p2b: Kommo-o\n|-damage|p2b: Kommo-o|65\/100\n|drag|p2b: Spektro|Spiritomb, M|100\/100\n|-ability|p2b: Spektro|Pressure\n|\n|-weather|Sandstorm|[upkeep]\n|-damage|p1a: Lardy Tar|94\/100|[from] Sandstorm\n|-damage|p2b: Spektro|95\/100|[from] Sandstorm\n|-damage|p2a: Gre\u00f1as|95\/100|[from] Sandstorm\n|-heal|p2b: Spektro|100\/100|[from] item: Leftovers\n|upkeep\n|turn|2\n|inactive|carambolo has 120 seconds left.\n|\n|t:|1699833651\n|move|p1b: Toa Lewa|Stone Axe|p2a: Gre\u00f1as\n|-damage|p2a: Gre\u00f1as|32\/100\n|-sidestart|p2: carambolo|move: Stealth Rock\n|move|p2b: Spektro|Will-O-Wisp|p1a: Lardy Tar\n|-status|p1a: Lardy Tar|brn\n|move|p1a: Lardy Tar|Dragon Tail|p2b: Spektro\n|-damage|p2b: Spektro|89\/100\n|drag|p2b: Bigotes|Kingambit, M|100\/100\n|-damage|p2b: Bigotes|94\/100|[from] Stealth Rock\n|move|p2a: Gre\u00f1as|Trick Room|p2a: Gre\u00f1as\n|-fieldstart|move: Trick Room|[of] p2a: Gre\u00f1as\n|\n|-weather|Sandstorm|[upkeep]\n|-damage|p2a: Gre\u00f1as|26\/100|[from] Sandstorm\n|-damage|p1a: Lardy Tar|88\/100 brn|[from] Sandstorm\n|-damage|p1a: Lardy Tar|82\/100 brn|[from] brn\n|upkeep\n|turn|3\n|inactive|carambolo has 120 seconds left.\n|\n|t:|1699833678\n|move|p2a: Gre\u00f1as|Life Dew|p2a: Gre\u00f1as|[spread] p2a,p2b\n|-heal|p2a: Gre\u00f1as|51\/100\n|-heal|p2b: Bigotes|100\/100\n|move|p2b: Bigotes|Iron Head|p1a: Lardy Tar\n|-supereffective|p1a: Lardy Tar\n|-damage|p1a: Lardy Tar|2\/100 brn\n|move|p1b: Toa Lewa|Close Combat|p2b: Bigotes\n|-supereffective|p2b: Bigotes\n|-damage|p2b: Bigotes|0 fnt\n|-unboost|p1b: Toa Lewa|def|1\n|-unboost|p1b: Toa Lewa|spd|1\n|faint|p2b: Bigotes\n|cant|p1a: Lardy Tar|flinch\n|\n|-weather|Sandstorm|[upkeep]\n|-damage|p2a: Gre\u00f1as|45\/100|[from] Sandstorm\n|-damage|p1a: Lardy Tar|0 fnt|[from] Sandstorm\n|faint|p1a: Lardy Tar\n|upkeep\n|\n|t:|1699833701\n|switch|p2b: Trujo|Gastrodon, M|100\/100\n|switch|p1a: coffee table|Avalugg-Hisui, F|100\/100\n|-damage|p2b: Trujo|94\/100|[from] Stealth Rock\n|turn|4\n|\n|t:|1699833713\n|move|p1a: coffee table|Rock Slide|p2b: Trujo|[spread] p2a,p2b\n|-resisted|p2b: Trujo\n|-damage|p2a: Gre\u00f1as|1\/100\n|-damage|p2b: Trujo|71\/100\n|move|p2a: Gre\u00f1as|Life Dew|p2a: Gre\u00f1as|[spread] p2a\n|-ability|p2b: Trujo|Storm Drain|boost\n|-boost|p2b: Trujo|spa|1\n|-heal|p2a: Gre\u00f1as|26\/100\n|cant|p2b: Trujo|flinch\n|move|p1b: Toa Lewa|Trailblaze|p2b: Trujo\n|-supereffective|p2b: Trujo\n|-damage|p2b: Trujo|0 fnt\n|-boost|p1b: Toa Lewa|spe|1\n|faint|p2b: Trujo\n|\n|-weather|Sandstorm|[upkeep]\n|-damage|p2a: Gre\u00f1as|20\/100|[from] Sandstorm\n|upkeep\n|\n|t:|1699833736\n|switch|p2b: Spektro|Spiritomb, M|89\/100\n|-damage|p2b: Spektro|77\/100|[from] Stealth Rock\n|-ability|p2b: Spektro|Pressure\n|turn|5\n|\n|t:|1699833757\n|move|p1a: coffee table|Rock Slide|p2b: Spektro|[spread] p2a,p2b\n|-damage|p2a: Gre\u00f1as|0 fnt\n|-damage|p2b: Spektro|35\/100\n|faint|p2a: Gre\u00f1as\n|move|p2b: Spektro|Will-O-Wisp|p1b: Toa Lewa|[miss]\n|-miss|p2b: Spektro|p1b: Toa Lewa\n|move|p1b: Toa Lewa|U-turn|p2b: Spektro\n|-damage|p2b: Spektro|0 fnt\n|faint|p2b: Spektro\n|\n|t:|1699833767\n|switch|p1b: Tastes Salty|Diancie, shiny|100\/100|[from] U-turn\n|\n|-weather|Sandstorm|[upkeep]\n|upkeep\n|\n|t:|1699833775\n|switch|p2a: Kommo-o|Kommo-o, M|65\/100\n|switch|p2b: Braza|Armarouge, F|100\/100\n|-damage|p2b: Braza|76\/100|[from] Stealth Rock\n|-damage|p2a: Kommo-o|59\/100|[from] Stealth Rock\n|turn|6\n|\n|t:|1699833792\n|-terastallize|p2a: Kommo-o|Steel\n|move|p1a: coffee table|Rock Slide|p2b: Braza|[spread] p2a\n|-miss|p1a: coffee table|p2b: Braza\n|-resisted|p2a: Kommo-o\n|-damage|p2a: Kommo-o|37\/100\n|-enditem|p2a: Kommo-o|Sitrus Berry|[eat]\n|-heal|p2a: Kommo-o|62\/100|[from] item: Sitrus Berry\n|move|p1b: Tastes Salty|Dazzling Gleam|p2a: Kommo-o|[spread] p2a,p2b\n|-resisted|p2a: Kommo-o\n|-resisted|p2b: Braza\n|-crit|p2b: Braza\n|-damage|p2a: Kommo-o|47\/100\n|-damage|p2b: Braza|53\/100\n|move|p2b: Braza|Psyshock|p1b: Tastes Salty\n|-damage|p1b: Tastes Salty|65\/100\n|cant|p2a: Kommo-o|flinch\n|\n|-weather|Sandstorm|[upkeep]\n|-damage|p2b: Braza|47\/100|[from] Sandstorm\n|-fieldend|move: Trick Room\n|upkeep\n|turn|7\n|inactive|carambolo has 120 seconds left.\n|\n|t:|1699833825\n|move|p2a: Kommo-o|Drain Punch|p1a: coffee table\n|-supereffective|p1a: coffee table\n|-damage|p1a: coffee table|26\/100\n|-heal|p2a: Kommo-o|97\/100|[from] drain|[of] p1a: coffee table\n|move|p2b: Braza|Aura Sphere|p1b: Tastes Salty\n|-damage|p1b: Tastes Salty|54\/100\n|move|p1b: Tastes Salty|Earth Power|p2a: Kommo-o\n|-supereffective|p2a: Kommo-o\n|-damage|p2a: Kommo-o|42\/100\n|move|p1a: coffee table|Rock Slide|p2a: Kommo-o|[spread] p2b\n|-miss|p1a: coffee table|p2a: Kommo-o\n|-supereffective|p2b: Braza\n|-damage|p2b: Braza|0 fnt\n|faint|p2b: Braza\n|\n|-weather|Sandstorm|[upkeep]\n|upkeep\n|turn|8\n|\n|t:|1699833840\n|move|p2a: Kommo-o|Iron Head|p1b: Tastes Salty\n|-supereffective|p1b: Tastes Salty\n|-damage|p1b: Tastes Salty|0 fnt\n|faint|p1b: Tastes Salty\n|move|p1a: coffee table|Rock Slide|p2a: Kommo-o\n|-resisted|p2a: Kommo-o\n|-damage|p2a: Kommo-o|15\/100\n|\n|-weather|none\n|upkeep\n|\n|t:|1699833843\n|switch|p1b: She Gargles|Garganacl, F|100\/100\n|turn|9\n|\n|t:|1699833848\n|move|p2a: Kommo-o|Drain Punch|p1a: coffee table\n|-supereffective|p1a: coffee table\n|-damage|p1a: coffee table|0 fnt\n|-heal|p2a: Kommo-o|32\/100|[from] drain|[of] p1a: coffee table\n|faint|p1a: coffee table\n|move|p1b: She Gargles|Salt Cure|p2a: Kommo-o\n|-resisted|p2a: Kommo-o\n|-damage|p2a: Kommo-o|26\/100\n|-start|p2a: Kommo-o|Salt Cure\n|\n|-damage|p2a: Kommo-o|2\/100|[from] Salt Cure\n|upkeep\n|\n|t:|1699833852\n|switch|p1a: Bluey|Lycanroc, F, shiny|100\/100\n|turn|10\n|\n|t:|1699833857\n|move|p1b: She Gargles|Protect|p1b: She Gargles\n|-singleturn|p1b: She Gargles|Protect\n|move|p1a: Bluey|Accelerock|p2a: Kommo-o\n|-resisted|p2a: Kommo-o\n|-damage|p2a: Kommo-o|0 fnt\n|faint|p2a: Kommo-o\n|-damage|p1a: Bluey|91\/100|[from] item: Life Orb\n|\n|win|Lekkuloler\n|raw|Lekkuloler's rating: 1407 &rarr; <strong>1433<\/strong><br \/>(+26 for winning)\n|raw|carambolo's rating: 1507 &rarr; <strong>1481<\/strong><br \/>(-26 for losing)\n|l|\u2606carambolo\n","uploadtime":1699833890,"views":8,"p1id":"lekkuloler","p2id":"carambolo","formatid":"gen9doublesou","rating":1433,"private":0,"password":""}