{"id":"gen9doublesou-1987332810","p1":"Almightyrageaa","p2":"papi de quatro","format":"[Gen 9] Doubles OU","log":"|j|\u2606Almightyrageaa\n|j|\u2606papi de quatro\n|t:|1699578557\n|gametype|doubles\n|player|p1|Almightyrageaa|170|1288\n|player|p2|papi de quatro|102|1327\n|teamsize|p1|6\n|teamsize|p2|6\n|gen|9\n|tier|[Gen 9] Doubles OU\n|rated|\n|rule|Species Clause: Limit one of each Pok\u00e9mon\n|rule|OHKO Clause: OHKO moves are banned\n|rule|Evasion Moves Clause: Evasion moves are banned\n|rule|Gravity Sleep Clause: The combination of sleep-inducing moves with imperfect accuracy and Gravity or Gigantamax Orbeetle are banned\n|rule|Endless Battle Clause: Forcing endless battles is banned\n|rule|HP Percentage Mod: HP is shown in percentages\n|clearpoke\n|poke|p1|Ursaluna-Bloodmoon, M|\n|poke|p1|Oranguru, F|\n|poke|p1|Basculegion-F, F|\n|poke|p1|Tinkaton, F|\n|poke|p1|Clefable, M|\n|poke|p1|Kingambit, F|\n|poke|p2|Indeedee-F, F|\n|poke|p2|Polteageist|\n|poke|p2|Hatterene, F|\n|poke|p2|Farigiraf, M|\n|poke|p2|Ursaluna, M|\n|poke|p2|Kingambit, M|\n|teampreview\n|\n|t:|1699578572\n|start\n|switch|p1a: Ursaluna|Ursaluna-Bloodmoon, M|100\/100\n|switch|p1b: Oranguru|Oranguru, F|100\/100\n|switch|p2a: Indeedee|Indeedee-F, F|100\/100\n|switch|p2b: Polteageist|Polteageist, shiny|100\/100\n|-fieldstart|move: Psychic Terrain|[from] ability: Psychic Surge|[of] p2a: Indeedee\n|turn|1\n|inactive|Battle timer is ON: inactive players will automatically lose when time's up. (requested by Almightyrageaa)\n|\n|t:|1699578586\n|-terastallize|p1a: Ursaluna|Normal\n|move|p2a: Indeedee|Follow Me|p2a: Indeedee\n|-singleturn|p2a: Indeedee|move: Follow Me\n|move|p2b: Polteageist|Shell Smash|p2b: Polteageist\n|-unboost|p2b: Polteageist|def|1\n|-unboost|p2b: Polteageist|spd|1\n|-boost|p2b: Polteageist|atk|2\n|-boost|p2b: Polteageist|spa|2\n|-boost|p2b: Polteageist|spe|2\n|-enditem|p2b: Polteageist|White Herb\n|-clearnegativeboost|p2b: Polteageist|[silent]\n|move|p1a: Ursaluna|Hyper Voice|p2a: Indeedee|[spread] p2a,p2b\n|-damage|p2a: Indeedee|62\/100\n|-damage|p2b: Polteageist|44\/100\n|move|p1b: Oranguru|Instruct|p2a: Indeedee\n|-singleturn|p2a: Indeedee|move: Instruct|[of] p1b: Oranguru\n|move|p2a: Indeedee|Follow Me||[still]\n|-fail|p2a: Indeedee\n|\n|-heal|p2a: Indeedee|68\/100|[from] item: Leftovers\n|upkeep\n|turn|2\n|inactive|papi de quatro has 120 seconds left.\n|\n|t:|1699578620\n|move|p2a: Indeedee|Follow Me|p2a: Indeedee\n|-singleturn|p2a: Indeedee|move: Follow Me\n|move|p2b: Polteageist|Stored Power|p1a: Ursaluna\n|-damage|p1a: Ursaluna|0 fnt\n|faint|p1a: Ursaluna\n|move|p1b: Oranguru|Knock Off|p2a: Indeedee\n|-supereffective|p2a: Indeedee\n|-damage|p2a: Indeedee|25\/100\n|-enditem|p2a: Indeedee|Leftovers|[from] move: Knock Off|[of] p1b: Oranguru\n|\n|upkeep\n|inactive|Almightyrageaa has 120 seconds left.\n|\n|t:|1699578639\n|switch|p1a: Tinkaton|Tinkaton, F|100\/100\n|turn|3\n|\n|t:|1699578658\n|move|p2b: Polteageist|Shadow Ball|p1b: Oranguru\n|-immune|p1b: Oranguru\n|move|p1a: Tinkaton|Knock Off|p2b: Polteageist\n|-supereffective|p2b: Polteageist\n|-damage|p2b: Polteageist|0 fnt\n|faint|p2b: Polteageist\n|move|p2a: Indeedee|Hyper Voice|p1a: Tinkaton|[spread] p1a,p1b\n|-resisted|p1a: Tinkaton\n|-damage|p1a: Tinkaton|89\/100\n|-damage|p1b: Oranguru|85\/100\n|move|p1b: Oranguru|Knock Off|p2a: Indeedee\n|-supereffective|p2a: Indeedee\n|-crit|p2a: Indeedee\n|-damage|p2a: Indeedee|0 fnt\n|faint|p2a: Indeedee\n|\n|-heal|p1b: Oranguru|91\/100|[from] item: Leftovers\n|upkeep\n|\n|t:|1699578675\n|switch|p2b: Ursaluna|Ursaluna, M|100\/100\n|switch|p2a: Farigiraf|Farigiraf, M|100\/100\n|turn|4\n|\n|t:|1699578690\n|move|p1a: Tinkaton|Brick Break|p2b: Ursaluna\n|-supereffective|p2b: Ursaluna\n|-damage|p2b: Ursaluna|76\/100\n|move|p1b: Oranguru|Instruct|p1a: Tinkaton\n|-singleturn|p1a: Tinkaton|move: Instruct|[of] p1b: Oranguru\n|move|p1a: Tinkaton|Brick Break|p2b: Ursaluna\n|-supereffective|p2b: Ursaluna\n|-damage|p2b: Ursaluna|48\/100\n|move|p2b: Ursaluna|Headlong Rush|p1a: Tinkaton\n|-supereffective|p1a: Tinkaton\n|-damage|p1a: Tinkaton|0 fnt\n|-unboost|p2b: Ursaluna|def|1\n|-unboost|p2b: Ursaluna|spd|1\n|faint|p1a: Tinkaton\n|move|p2a: Farigiraf|Trick Room|p2a: Farigiraf\n|-fieldstart|move: Trick Room|[of] p2a: Farigiraf\n|\n|-heal|p1b: Oranguru|97\/100|[from] item: Leftovers\n|-status|p2b: Ursaluna|brn|[from] item: Flame Orb\n|upkeep\n|inactive|Almightyrageaa has 120 seconds left.\n|\n|t:|1699578715\n|switch|p1a: Kingambit|Kingambit, F|100\/100\n|-activate|p1a: Kingambit|ability: Supreme Overlord\n|-start|p1a: Kingambit|fallen2|[silent]\n|turn|5\n|\n|t:|1699578723\n|move|p1a: Kingambit|Kowtow Cleave|p2a: Farigiraf\n|-supereffective|p2a: Farigiraf\n|-damage|p2a: Farigiraf|0 fnt\n|faint|p2a: Farigiraf\n|move|p2b: Ursaluna|Drain Punch|p1a: Kingambit\n|-supereffective|p1a: Kingambit\n|-damage|p1a: Kingambit|0 fnt\n|-heal|p2b: Ursaluna|92\/100 brn|[from] drain|[of] p1a: Kingambit\n|faint|p1a: Kingambit\n|-end|p1a: Kingambit|fallen2|[silent]\n|move|p1b: Oranguru|Instruct|p1: Kingambit|[notarget]\n|-fail|p1b: Oranguru\n|\n|-heal|p1b: Oranguru|100\/100|[from] item: Leftovers\n|-damage|p2b: Ursaluna|86\/100 brn|[from] brn\n|-fieldend|move: Psychic Terrain\n|upkeep\n|\n|t:|1699578745\n|switch|p1a: Basculegion|Basculegion-F, F|100\/100\n|switch|p2a: Kingambit|Kingambit, M|100\/100\n|-activate|p2a: Kingambit|ability: Supreme Overlord\n|-start|p2a: Kingambit|fallen3|[silent]\n|turn|6\n|\n|t:|1699578762\n|move|p2a: Kingambit|Sucker Punch|p1a: Basculegion\n|-supereffective|p1a: Basculegion\n|-damage|p1a: Basculegion|0 fnt\n|faint|p1a: Basculegion\n|move|p2b: Ursaluna|Facade|p1b: Oranguru\n|-damage|p1b: Oranguru|0 fnt\n|faint|p1b: Oranguru\n|\n|-damage|p2b: Ursaluna|79\/100 brn|[from] brn\n|upkeep\n|\n|t:|1699578773\n|switch|p1b: Clefable|Clefable, M|100\/100\n|turn|7\n|\n|t:|1699578788\n|move|p2b: Ursaluna|Facade|p1b: Clefable\n|-damage|p1b: Clefable|0 fnt\n|faint|p1b: Clefable\n|\n|win|papi de quatro\n|raw|Almightyrageaa's rating: 1288 &rarr; <strong>1266<\/strong><br \/>(-22 for losing)\n|raw|papi de quatro's rating: 1327 &rarr; <strong>1345<\/strong><br \/>(+18 for winning)\n|l|\u2606Almightyrageaa\n","uploadtime":1699578796,"views":6,"p1id":"almightyrageaa","p2id":"papidequatro","formatid":"gen9doublesou","rating":1266,"private":0,"password":""}