{"id":"gen9doublesou-1983714812","p1":"theironpikachu","p2":"Madhavv","format":"[Gen 9] Doubles OU","log":"|j|\u2606theironpikachu\n|j|\u2606Madhavv\n|inactive|Battle timer is ON: inactive players will automatically lose when time's up.\n|t:|1699165909\n|gametype|doubles\n|player|p1|theironpikachu|may-masters|\n|player|p2|Madhavv|steven|\n|teamsize|p1|6\n|teamsize|p2|6\n|gen|9\n|tier|[Gen 9] Doubles OU\n|rated|Tournament battle\n|rule|Species Clause: Limit one of each Pok\u00e9mon\n|rule|OHKO Clause: OHKO moves are banned\n|rule|Evasion Moves Clause: Evasion moves are banned\n|rule|Gravity Sleep Clause: The combination of sleep-inducing moves with imperfect accuracy and Gravity or Gigantamax Orbeetle are banned\n|rule|Endless Battle Clause: Forcing endless battles is banned\n|rule|HP Percentage Mod: HP is shown in percentages\n|clearpoke\n|poke|p1|Indeedee-F, F|\n|poke|p1|Hoopa|\n|poke|p1|Hatterene, F|\n|poke|p1|Armarouge, M|\n|poke|p1|Ting-Lu|\n|poke|p1|Goodra-Hisui, M|\n|poke|p2|Chien-Pao|\n|poke|p2|Dragapult, M|\n|poke|p2|Ogerpon-Hearthflame, F|\n|poke|p2|Tornadus, M|\n|poke|p2|Farigiraf, F|\n|poke|p2|Grimmsnarl, M|\n|teampreview\n|j|*Lady Monita \u263d\n|inactive|theironpikachu also wants the timer to be on.\n|c|\u2606theironpikachu|glhf\n|inactive|theironpikachu has 120 seconds left.\n|\n|t:|1699165940\n|start\n|switch|p1a: Indeedee|Indeedee-F, F|100\/100\n|switch|p1b: Hatterene|Hatterene, F|100\/100\n|switch|p2a: Grimmsnarl|Grimmsnarl, M|100\/100\n|switch|p2b: Dragapult|Dragapult, M|100\/100\n|-fieldstart|move: Psychic Terrain|[from] ability: Psychic Surge|[of] p1a: Indeedee\n|turn|1\n|j| happysh\n|inactive|Madhavv has 120 seconds left.\n|\n|t:|1699165977\n|switch|p2b: Ogerpon|Ogerpon-Hearthflame, F|100\/100\n|-ability|p2b: Ogerpon|Mold Breaker\n|move|p1a: Indeedee|Follow Me|p1a: Indeedee\n|-singleturn|p1a: Indeedee|move: Follow Me\n|move|p2a: Grimmsnarl|Reflect|p2a: Grimmsnarl\n|-sidestart|p2: Madhavv|Reflect\n|move|p1b: Hatterene|Trick Room|p1b: Hatterene\n|-fieldstart|move: Trick Room|[of] p1b: Hatterene\n|\n|upkeep\n|turn|2\n|inactive|Madhavv has 120 seconds left.\n|\n|t:|1699166007\n|move|p2b: Ogerpon|Spiky Shield|p2b: Ogerpon\n|-singleturn|p2b: Ogerpon|move: Protect\n|move|p2a: Grimmsnarl|Reflect||[still]\n|-fail|p2a: Grimmsnarl\n|move|p1b: Hatterene|Draining Kiss|p2a: Grimmsnarl\n|-supereffective|p2a: Grimmsnarl\n|-damage|p2a: Grimmsnarl|45\/100\n|move|p1a: Indeedee|Instruct|p1b: Hatterene\n|-singleturn|p1b: Hatterene|move: Instruct|[of] p1a: Indeedee\n|move|p1b: Hatterene|Draining Kiss|p2a: Grimmsnarl\n|-supereffective|p2a: Grimmsnarl\n|-damage|p2a: Grimmsnarl|0 fnt\n|faint|p2a: Grimmsnarl\n|\n|upkeep\n|inactive|Madhavv has 90 seconds left.\n|inactive|Madhavv has 60 seconds left.\n|\n|t:|1699166065\n|switch|p2a: Tornadus|Tornadus, M|100\/100\n|turn|3\n|inactive|theironpikachu has 120 seconds left.\n|\n|t:|1699166099\n|-terastallize|p2a: Tornadus|Ghost\n|move|p1b: Hatterene|Expanding Force|p2a: Tornadus|[spread] p2a,p2b\n|-damage|p2a: Tornadus|2\/100\n|-damage|p2b: Ogerpon|24\/100\n|move|p1a: Indeedee|Instruct|p1b: Hatterene\n|-singleturn|p1b: Hatterene|move: Instruct|[of] p1a: Indeedee\n|move|p1b: Hatterene|Expanding Force|p2b: Ogerpon|[spread] p2a,p2b\n|-damage|p2a: Tornadus|0 fnt\n|-damage|p2b: Ogerpon|0 fnt\n|faint|p2a: Tornadus\n|faint|p2b: Ogerpon\n|\n|upkeep\n|\n|t:|1699166113\n|switch|p2b: Dragapult|Dragapult, M|100\/100\n|switch|p2a: Farigiraf|Farigiraf, F|100\/100\n|turn|4\n|inactive|theironpikachu has 120 seconds left.\n|inactive|theironpikachu has 90 seconds left.\n|inactive|theironpikachu has 60 seconds left.\n|\n|t:|1699166208\n|move|p1b: Hatterene|Expanding Force|p2a: Farigiraf|[spread] p2a,p2b\n|-resisted|p2a: Farigiraf\n|-damage|p2a: Farigiraf|66\/100\n|-damage|p2b: Dragapult|7\/100\n|move|p1a: Indeedee|Instruct|p1b: Hatterene\n|-singleturn|p1b: Hatterene|move: Instruct|[of] p1a: Indeedee\n|move|p1b: Hatterene|Expanding Force|p2b: Dragapult|[spread] p2a,p2b\n|-resisted|p2a: Farigiraf\n|-damage|p2a: Farigiraf|32\/100\n|-damage|p2b: Dragapult|0 fnt\n|-enditem|p2a: Farigiraf|Sitrus Berry|[eat]\n|-heal|p2a: Farigiraf|57\/100|[from] item: Sitrus Berry\n|faint|p2b: Dragapult\n|move|p2a: Farigiraf|Psychic|p1a: Indeedee\n|-resisted|p1a: Indeedee\n|-damage|p1a: Indeedee|82\/100\n|\n|-heal|p1a: Indeedee|88\/100|[from] item: Leftovers\n|upkeep\n|j| Bunnysai\n|\n|t:|1699166227\n|switch|p2b: Chien-Pao|Chien-Pao|100\/100\n|-ability|p2b: Chien-Pao|Sword of Ruin\n|turn|5\n|inactive|Madhavv has 90 seconds left.\n|inactive|theironpikachu has 60 seconds left.\n|\n|t:|1699166264\n|move|p1b: Hatterene|Draining Kiss|p2b: Chien-Pao\n|-supereffective|p2b: Chien-Pao\n|-damage|p2b: Chien-Pao|13\/100\n|move|p1a: Indeedee|Instruct|p1b: Hatterene\n|-singleturn|p1b: Hatterene|move: Instruct|[of] p1a: Indeedee\n|move|p1b: Hatterene|Draining Kiss|p2b: Chien-Pao\n|-supereffective|p2b: Chien-Pao\n|-damage|p2b: Chien-Pao|0 fnt\n|faint|p2b: Chien-Pao\n|move|p2a: Farigiraf|Dazzling Gleam|p1b: Hatterene|[spread] p1a,p1b\n|-damage|p1a: Indeedee|76\/100\n|-damage|p1b: Hatterene|80\/100\n|\n|-heal|p1b: Hatterene|86\/100|[from] item: Leftovers\n|-heal|p1a: Indeedee|82\/100|[from] item: Leftovers\n|-fieldend|move: Trick Room\n|-fieldend|move: Psychic Terrain\n|upkeep\n|turn|6\n|inactive|Madhavv has 90 seconds left.\n|\n|t:|1699166286\n|switch|p1a: Ting-Lu|Ting-Lu|100\/100\n|-ability|p1a: Ting-Lu|Vessel of Ruin\n|switch|p1b: Hoopa|Hoopa|100\/100\n|move|p2a: Farigiraf|Psychic|p1b: Hoopa\n|-resisted|p1b: Hoopa\n|-damage|p1b: Hoopa|90\/100\n|\n|-heal|p1b: Hoopa|96\/100|[from] item: Leftovers\n|upkeep\n|turn|7\n|inactive|theironpikachu has 90 seconds left.\n|\n|t:|1699166300\n|move|p2a: Farigiraf|Dazzling Gleam|p1b: Hoopa|[spread] p1a,p1b\n|-supereffective|p1a: Ting-Lu\n|-damage|p1a: Ting-Lu|86\/100\n|-damage|p1b: Hoopa|86\/100\n|move|p1a: Ting-Lu|Throat Chop|p2a: Farigiraf\n|-supereffective|p2a: Farigiraf\n|-damage|p2a: Farigiraf|0 fnt\n|faint|p2a: Farigiraf\n|\n|win|theironpikachu\n|n|\u2606theironpikachu|theironpikachu\n|n|\u2606Madhavv|madhavv\n|n|*Lady Monita \u263d|ladymonita\n|n| happysh|happysh\n|n| Bunnysai|bunnysai\n","uploadtime":1699166301,"views":9,"p1id":"theironpikachu","p2id":"madhavv","formatid":"gen9doublesou","rating":0,"private":0,"password":""}