{"id":"gen9doublesou-1968304923","p1":"grop2","p2":"VikrThe","format":"[Gen 9] Doubles OU","log":"|html|<div class=\"broadcast-blue\"><strong>[Gen 9] Doubles OU is currently suspecting Basculegion & Flutter Mane! For information on how to participate check out the <a href=\"https:\/\/www.smogon.com\/forums\/threads\/np-sv-dou-stage-8-double-trouble.3729153\/\">suspect thread<\/a>.<\/strong><\/div>\n|j|\u2606grop2\n|j|\u2606VikrThe\n|t:|1697404273\n|gametype|doubles\n|player|p1|grop2|li|1319\n|player|p2|VikrThe|2|1237\n|teamsize|p1|6\n|teamsize|p2|6\n|gen|9\n|tier|[Gen 9] Doubles OU\n|rated|\n|rule|Species Clause: Limit one of each Pok\u00e9mon\n|rule|OHKO Clause: OHKO moves are banned\n|rule|Evasion Moves Clause: Evasion moves are banned\n|rule|Gravity Sleep Clause: The combination of sleep-inducing moves with imperfect accuracy and Gravity or Gigantamax Orbeetle are banned\n|rule|Endless Battle Clause: Forcing endless battles is banned\n|rule|HP Percentage Mod: HP is shown in percentages\n|clearpoke\n|poke|p1|Rillaboom, M|\n|poke|p1|Ogerpon-Hearthflame, F|\n|poke|p1|Chien-Pao|\n|poke|p1|Dragonite, F|\n|poke|p1|Flutter Mane|\n|poke|p1|Basculegion, M|\n|poke|p2|Okidogi, M|\n|poke|p2|Iron Bundle|\n|poke|p2|Tornadus, M|\n|poke|p2|Chien-Pao|\n|poke|p2|Indeedee-F, F|\n|poke|p2|Roaring Moon|\n|teampreview\n|\n|t:|1697404288\n|start\n|switch|p1a: Rillaboom|Rillaboom, M|100\/100\n|switch|p1b: Ogerpon|Ogerpon-Hearthflame, F|100\/100\n|switch|p2a: Tornadus|Tornadus, M|100\/100\n|switch|p2b: Okidogi|Okidogi, M|100\/100\n|-ability|p1b: Ogerpon|Mold Breaker\n|-fieldstart|move: Grassy Terrain|[from] ability: Grassy Surge|[of] p1a: Rillaboom\n|turn|1\n|\n|t:|1697404321\n|-terastallize|p1b: Ogerpon|Fire\n|detailschange|p1b: Ogerpon|Ogerpon-Hearthflame-Tera, F, tera:Fire\n|-ability|p1b: Ogerpon|Embody Aspect (Hearthflame)|boost\n|-boost|p1b: Ogerpon|atk|1\n|move|p1a: Rillaboom|Fake Out|p2a: Tornadus\n|-damage|p2a: Tornadus|83\/100\n|move|p2a: Tornadus|Tailwind|p2a: Tornadus\n|-sidestart|p2: VikrThe|move: Tailwind\n|move|p2b: Okidogi|Bulk Up|p2b: Okidogi\n|-boost|p2b: Okidogi|atk|1\n|-boost|p2b: Okidogi|def|1\n|move|p1b: Ogerpon|Ivy Cudgel|p2a: Tornadus\n|-damage|p2a: Tornadus|0 fnt\n|faint|p2a: Tornadus\n|\n|upkeep\n|\n|t:|1697404348\n|switch|p2a: Indeedee|Indeedee-F, F|100\/100\n|-fieldstart|move: Psychic Terrain|[from] ability: Psychic Surge|[of] p2a: Indeedee\n|turn|2\n|\n|t:|1697404365\n|move|p2a: Indeedee|Follow Me|p2a: Indeedee\n|-singleturn|p2a: Indeedee|move: Follow Me\n|move|p2b: Okidogi|Bulk Up|p2b: Okidogi\n|-boost|p2b: Okidogi|atk|1\n|-boost|p2b: Okidogi|def|1\n|move|p1b: Ogerpon|Ivy Cudgel|p2a: Indeedee\n|-damage|p2a: Indeedee|0 fnt\n|faint|p2a: Indeedee\n|move|p1a: Rillaboom|Wood Hammer|p2b: Okidogi\n|-resisted|p2b: Okidogi\n|-damage|p2b: Okidogi|88\/100\n|-damage|p1a: Rillaboom|96\/100|[from] Recoil\n|\n|upkeep\n|\n|t:|1697404378\n|switch|p2a: Roaring Moon|Roaring Moon|100\/100\n|-enditem|p2a: Roaring Moon|Booster Energy\n|-activate|p2a: Roaring Moon|ability: Protosynthesis|[fromitem]\n|-start|p2a: Roaring Moon|protosynthesisatk\n|turn|3\n|\n|t:|1697404387\n|move|p2a: Roaring Moon|Knock Off|p1b: Ogerpon\n|-damage|p1b: Ogerpon|48\/100\n|move|p2b: Okidogi|Poison Jab|p1a: Rillaboom\n|-supereffective|p1a: Rillaboom\n|-damage|p1a: Rillaboom|0 fnt\n|faint|p1a: Rillaboom\n|move|p1b: Ogerpon|Ivy Cudgel|p2b: Okidogi\n|-damage|p2b: Okidogi|33\/100\n|\n|upkeep\n|\n|t:|1697404397\n|switch|p1a: Dragonite|Dragonite, F|100\/100\n|turn|4\n|\n|t:|1697404409\n|move|p1a: Dragonite|Extreme Speed|p2b: Okidogi\n|-activate|p2b: Okidogi|move: Psychic Terrain\n|move|p2a: Roaring Moon|Knock Off|p1a: Dragonite\n|-damage|p1a: Dragonite|26\/100\n|-enditem|p1a: Dragonite|Choice Band|[from] move: Knock Off|[of] p2a: Roaring Moon\n|move|p2b: Okidogi|Close Combat|p1b: Ogerpon\n|-crit|p1b: Ogerpon\n|-damage|p1b: Ogerpon|0 fnt\n|-unboost|p2b: Okidogi|def|1\n|-unboost|p2b: Okidogi|spd|1\n|faint|p1b: Ogerpon\n|\n|-sideend|p2: VikrThe|move: Tailwind\n|upkeep\n|\n|t:|1697404421\n|switch|p1b: Chien-Pao|Chien-Pao|100\/100\n|-ability|p1b: Chien-Pao|Sword of Ruin\n|turn|5\n|\n|t:|1697404432\n|-terastallize|p2a: Roaring Moon|Steel\n|move|p2b: Okidogi|Protect|p2b: Okidogi\n|-singleturn|p2b: Okidogi|Protect\n|move|p1b: Chien-Pao|Sucker Punch||[still]\n|-fail|p1b: Chien-Pao\n|move|p2a: Roaring Moon|Tailwind|p2a: Roaring Moon\n|-sidestart|p2: VikrThe|move: Tailwind\n|move|p1a: Dragonite|Dragon Claw|p2a: Roaring Moon\n|-resisted|p2a: Roaring Moon\n|-damage|p2a: Roaring Moon|58\/100\n|\n|upkeep\n|turn|6\n|\n|t:|1697404452\n|move|p1b: Chien-Pao|Sucker Punch|p2b: Okidogi\n|-activate|p2b: Okidogi|move: Psychic Terrain\n|move|p2a: Roaring Moon|Iron Head|p1b: Chien-Pao\n|-supereffective|p1b: Chien-Pao\n|-enditem|p1b: Chien-Pao|Focus Sash\n|-damage|p1b: Chien-Pao|1\/100\n|move|p2b: Okidogi|Poison Jab|p1a: Dragonite\n|-damage|p1a: Dragonite|0 fnt\n|faint|p1a: Dragonite\n|\n|-fieldend|move: Psychic Terrain\n|upkeep\n|\n|t:|1697404467\n|switch|p1a: Flutter Mane|Flutter Mane|100\/100\n|turn|7\n|\n|t:|1697404482\n|move|p1b: Chien-Pao|Sucker Punch|p2b: Okidogi\n|-resisted|p2b: Okidogi\n|-damage|p2b: Okidogi|20\/100\n|move|p2a: Roaring Moon|Knock Off|p1b: Chien-Pao\n|-resisted|p1b: Chien-Pao\n|-damage|p1b: Chien-Pao|0 fnt\n|faint|p1b: Chien-Pao\n|move|p2b: Okidogi|Poison Jab|p1a: Flutter Mane\n|-damage|p1a: Flutter Mane|0 fnt\n|faint|p1a: Flutter Mane\n|-end|p1a: Flutter Mane|Protosynthesis|[silent]\n|\n|upkeep\n|\n|t:|1697404493\n|switch|p1b: Basculegion|Basculegion, M|100\/100\n|turn|8\n|\n|t:|1697404500\n|move|p2a: Roaring Moon|Knock Off|p1b: Basculegion\n|-supereffective|p1b: Basculegion\n|-damage|p1b: Basculegion|0 fnt\n|-enditem|p1b: Basculegion|Choice Scarf|[from] move: Knock Off|[of] p2a: Roaring Moon\n|faint|p1b: Basculegion\n|\n|win|VikrThe\n|raw|grop2's rating: 1319 &rarr; <strong>1294<\/strong><br \/>(-25 for losing)\n|raw|VikrThe's rating: 1237 &rarr; <strong>1268<\/strong><br \/>(+31 for winning)\n|l|\u2606grop2\n","uploadtime":1697404506,"views":12,"p1id":"grop2","p2id":"vikrthe","formatid":"gen9doublesou","rating":1268,"private":0,"password":""}