{"id":"gen9doublesou-1971594882","p1":"God_of_STANK!","p2":"Oreng3","format":"[Gen 9] Doubles OU","log":"|j|\u2606God_of_STANK!\n|j|\u2606Oreng3\n|t:|1697751624\n|gametype|doubles\n|player|p1|God_of_STANK!|psychic|1439\n|player|p2|Oreng3|gardenia|1377\n|teamsize|p1|6\n|teamsize|p2|6\n|gen|9\n|tier|[Gen 9] Doubles OU\n|rated|\n|rule|Species Clause: Limit one of each Pok\u00e9mon\n|rule|OHKO Clause: OHKO moves are banned\n|rule|Evasion Moves Clause: Evasion moves are banned\n|rule|Gravity Sleep Clause: The combination of sleep-inducing moves with imperfect accuracy and Gravity or Gigantamax Orbeetle are banned\n|rule|Endless Battle Clause: Forcing endless battles is banned\n|rule|HP Percentage Mod: HP is shown in percentages\n|clearpoke\n|poke|p1|Rillaboom, M|\n|poke|p1|Indeedee-F, F|\n|poke|p1|Cresselia, F|\n|poke|p1|Iron Hands|\n|poke|p1|Arcanine, F|\n|poke|p1|Volcanion|\n|poke|p2|Ninetales-Alola, F|\n|poke|p2|Baxcalibur, M|\n|poke|p2|Landorus-Therian, M|\n|poke|p2|Iron Hands|\n|poke|p2|Heatran, M|\n|poke|p2|Rillaboom, F|\n|teampreview\n|inactive|Battle timer is ON: inactive players will automatically lose when time's up. (requested by God_of_STANK!)\n|\n|t:|1697751638\n|start\n|switch|p1a: Iron Hands|Iron Hands|100\/100\n|switch|p1b: Cresselia|Cresselia, F|100\/100\n|switch|p2a: Ninetales|Ninetales-Alola, F, shiny|100\/100\n|switch|p2b: Iron Hands|Iron Hands|100\/100\n|-weather|Snow|[from] ability: Snow Warning|[of] p2a: Ninetales\n|turn|1\n|\n|t:|1697751645\n|move|p1a: Iron Hands|Protect|p1a: Iron Hands\n|-singleturn|p1a: Iron Hands|Protect\n|move|p2b: Iron Hands|Fake Out|p1a: Iron Hands\n|-activate|p1a: Iron Hands|move: Protect\n|move|p1b: Cresselia|Ally Switch|p1b: Cresselia\n|swap|p1b: Cresselia|0|[from] move: Ally Switch\n|move|p2a: Ninetales|Aurora Veil|p2a: Ninetales\n|-sidestart|p2: Oreng3|move: Aurora Veil\n|\n|-weather|Snow|[upkeep]\n|upkeep\n|turn|2\n|\n|t:|1697751674\n|switch|p2a: Landorus|Landorus-Therian, M, shiny|100\/100\n|-ability|p2a: Landorus|Intimidate|boost\n|-unboost|p1a: Cresselia|atk|1\n|-unboost|p1b: Iron Hands|atk|1\n|move|p1b: Iron Hands|Belly Drum|p1b: Iron Hands\n|-damage|p1b: Iron Hands|51\/100\n|-setboost|p1b: Iron Hands|atk|6|[from] move: Belly Drum\n|move|p2b: Iron Hands|Drain Punch|p1a: Cresselia\n|-resisted|p1a: Cresselia\n|-damage|p1a: Cresselia|87\/100\n|move|p1a: Cresselia|Trick Room|p1a: Cresselia\n|-fieldstart|move: Trick Room|[of] p1a: Cresselia\n|\n|-weather|Snow|[upkeep]\n|upkeep\n|turn|3\n|\n|t:|1697751696\n|move|p1a: Cresselia|Ally Switch|p1a: Cresselia\n|swap|p1a: Cresselia|1|[from] move: Ally Switch\n|move|p2b: Iron Hands|Drain Punch|p1b: Cresselia\n|-resisted|p1b: Cresselia\n|-damage|p1b: Cresselia|73\/100\n|move|p1a: Iron Hands|Drain Punch|p2b: Iron Hands\n|-damage|p2b: Iron Hands|35\/100\n|-heal|p1a: Iron Hands|85\/100|[from] drain|[of] p2b: Iron Hands\n|move|p2a: Landorus|U-turn|p1b: Cresselia\n|-supereffective|p1b: Cresselia\n|-damage|p1b: Cresselia|38\/100\n|\n|t:|1697751707\n|switch|p2a: Heatran|Heatran, M, shiny|100\/100|[from] U-turn\n|\n|-weather|Snow|[upkeep]\n|upkeep\n|turn|4\n|\n|t:|1697751714\n|move|p2b: Iron Hands|Drain Punch|p1a: Iron Hands\n|-damage|p1a: Iron Hands|58\/100\n|-heal|p2b: Iron Hands|48\/100|[from] drain|[of] p1a: Iron Hands\n|move|p1a: Iron Hands|Drain Punch|p2a: Heatran\n|-supereffective|p2a: Heatran\n|-damage|p2a: Heatran|0 fnt\n|-heal|p1a: Iron Hands|100\/100|[from] drain|[of] p2a: Heatran\n|faint|p2a: Heatran\n|move|p1b: Cresselia|Psychic|p2b: Iron Hands\n|-supereffective|p2b: Iron Hands\n|-damage|p2b: Iron Hands|28\/100\n|-unboost|p2b: Iron Hands|spd|1\n|\n|-weather|Snow|[upkeep]\n|upkeep\n|\n|t:|1697751730\n|switch|p2a: Landorus|Landorus-Therian, M, shiny|100\/100\n|-ability|p2a: Landorus|Intimidate|boost\n|-unboost|p1a: Iron Hands|atk|1\n|-unboost|p1b: Cresselia|atk|1\n|turn|5\n|\n|t:|1697751753\n|move|p2b: Iron Hands|Drain Punch|p1a: Iron Hands\n|-damage|p1a: Iron Hands|75\/100\n|-heal|p2b: Iron Hands|40\/100|[from] drain|[of] p1a: Iron Hands\n|move|p1a: Iron Hands|Ice Punch|p2a: Landorus\n|-supereffective|p2a: Landorus\n|-damage|p2a: Landorus|0 fnt\n|faint|p2a: Landorus\n|move|p1b: Cresselia|Lunar Blessing|p1b: Cresselia|[spread] p1a,p1b\n|-heal|p1a: Iron Hands|99\/100\n|-heal|p1b: Cresselia|63\/100\n|\n|-weather|none\n|upkeep\n|inactive|Oreng3 has 120 seconds left.\n|c|\u2606God_of_STANK!|?\n|inactive|Oreng3 has 90 seconds left.\n|c|\u2606God_of_STANK!|gg?\n|\n|t:|1697751816\n|switch|p2a: Baxcalibur|Baxcalibur, M|100\/100\n|turn|6\n|inactive|Oreng3 has 90 seconds left.\n|\n|t:|1697751835\n|-terastallize|p2a: Baxcalibur|Fire\n|move|p1b: Cresselia|Ally Switch|p1b: Cresselia\n|swap|p1b: Cresselia|0|[from] move: Ally Switch\n|move|p2b: Iron Hands|Wild Charge|p1b: Iron Hands\n|-resisted|p1b: Iron Hands\n|-damage|p1b: Iron Hands|83\/100\n|-damage|p2b: Iron Hands|36\/100|[from] Recoil\n|move|p1b: Iron Hands|Drain Punch|p2b: Iron Hands\n|-damage|p2b: Iron Hands|0 fnt\n|-heal|p1b: Iron Hands|100\/100|[from] drain|[of] p2b: Iron Hands\n|faint|p2b: Iron Hands\n|-end|p2b: Iron Hands|Quark Drive|[silent]\n|move|p2a: Baxcalibur|Dragon Dance|p2a: Baxcalibur\n|-boost|p2a: Baxcalibur|atk|1\n|-boost|p2a: Baxcalibur|spe|1\n|\n|-fieldend|move: Trick Room\n|upkeep\n|\n|t:|1697751850\n|switch|p2b: Rillaboom|Rillaboom, F, shiny|100\/100\n|-fieldstart|move: Grassy Terrain|[from] ability: Grassy Surge|[of] p2b: Rillaboom\n|turn|7\n|inactive|Oreng3 has 90 seconds left.\n|\n|t:|1697751881\n|switch|p1a: Indeedee|Indeedee-F, F|100\/100\n|-fieldstart|move: Psychic Terrain|[from] ability: Psychic Surge|[of] p1a: Indeedee\n|move|p1b: Iron Hands|Protect|p1b: Iron Hands\n|-singleturn|p1b: Iron Hands|Protect\n|move|p2a: Baxcalibur|High Horsepower|p1a: Indeedee\n|-damage|p1a: Indeedee|51\/100\n|-damage|p2a: Baxcalibur|84\/100|[from] item: Rocky Helmet|[of] p1a: Indeedee\n|move|p2b: Rillaboom|Wood Hammer|p1a: Indeedee\n|-damage|p1a: Indeedee|0 fnt\n|-damage|p2b: Rillaboom|84\/100|[from] item: Rocky Helmet|[of] p1a: Indeedee\n|faint|p1a: Indeedee\n|-damage|p2b: Rillaboom|72\/100|[from] Recoil\n|\n|upkeep\n|\n|t:|1697751893\n|switch|p1a: Arcanine|Arcanine, F, shiny|100\/100\n|-ability|p1a: Arcanine|Intimidate|boost\n|-unboost|p2a: Baxcalibur|atk|1\n|-unboost|p2b: Rillaboom|atk|1\n|turn|8\n|\n|t:|1697751905\n|switch|p2b: Ninetales|Ninetales-Alola, F, shiny|100\/100\n|-weather|Snow|[from] ability: Snow Warning|[of] p2b: Ninetales\n|move|p1a: Arcanine|Helping Hand|p1b: Iron Hands\n|-singleturn|p1b: Iron Hands|Helping Hand|[of] p1a: Arcanine\n|move|p2a: Baxcalibur|High Horsepower|p1a: Arcanine\n|-supereffective|p1a: Arcanine\n|-damage|p1a: Arcanine|42\/100\n|move|p1b: Iron Hands|Drain Punch|p2a: Baxcalibur\n|-damage|p2a: Baxcalibur|0 fnt\n|faint|p2a: Baxcalibur\n|\n|-weather|Snow|[upkeep]\n|-sideend|p2: Oreng3|move: Aurora Veil\n|upkeep\n|\n|t:|1697751907\n|switch|p2a: Rillaboom|Rillaboom, F, shiny|72\/100\n|-fieldstart|move: Grassy Terrain|[from] ability: Grassy Surge|[of] p2a: Rillaboom\n|turn|9\n|inactive|Oreng3 has 120 seconds left.\n|\n|t:|1697751926\n|move|p1b: Iron Hands|Protect|p1b: Iron Hands\n|-singleturn|p1b: Iron Hands|Protect\n|move|p2a: Rillaboom|Fake Out|p1b: Iron Hands\n|-activate|p1b: Iron Hands|move: Protect\n|move|p2b: Ninetales|Aurora Veil|p2b: Ninetales\n|-sidestart|p2: Oreng3|move: Aurora Veil\n|move|p1a: Arcanine|Snarl|p2b: Ninetales|[spread] p2a,p2b\n|-resisted|p2b: Ninetales\n|-damage|p2a: Rillaboom|65\/100\n|-damage|p2b: Ninetales|98\/100\n|-unboost|p2a: Rillaboom|spa|1\n|-unboost|p2b: Ninetales|spa|1\n|\n|-weather|Snow|[upkeep]\n|-heal|p2b: Ninetales|100\/100|[from] Grassy Terrain\n|-heal|p2a: Rillaboom|72\/100|[from] Grassy Terrain\n|-heal|p1a: Arcanine|48\/100|[from] Grassy Terrain\n|upkeep\n|turn|10\n|\n|t:|1697751951\n|switch|p1a: Cresselia|Cresselia, F|63\/100\n|move|p2a: Rillaboom|Grassy Glide|p1b: Iron Hands\n|-damage|p1b: Iron Hands|78\/100\n|move|p2b: Ninetales|Blizzard|p1b: Iron Hands|[spread] p1a,p1b\n|-damage|p1a: Cresselia|52\/100\n|-damage|p1b: Iron Hands|66\/100\n|move|p1b: Iron Hands|Ice Punch|p2a: Rillaboom\n|-supereffective|p2a: Rillaboom\n|-damage|p2a: Rillaboom|0 fnt\n|faint|p2a: Rillaboom\n|\n|-weather|Snow|[upkeep]\n|-heal|p1b: Iron Hands|72\/100|[from] Grassy Terrain\n|upkeep\n|turn|11\n|-message|Oreng3 forfeited.\n|\n|win|God_of_STANK!\n|raw|God_of_STANK!'s rating: 1439 &rarr; <strong>1455<\/strong><br \/>(+16 for winning)\n|raw|Oreng3's rating: 1377 &rarr; <strong>1361<\/strong><br \/>(-16 for losing)\n|l|\u2606Oreng3\n","uploadtime":1697751967,"views":6,"p1id":"godofstank","p2id":"oreng3","formatid":"gen9doublesou","rating":1361,"private":0,"password":""}