{"id":"gen9doublesou-1985055407","p1":"jsbsbd","p2":"Rae_2nd","format":"[Gen 9] Doubles OU","log":"|j|\u2606jsbsbd\n|j|\u2606Rae_2nd\n|t:|1699325332\n|gametype|doubles\n|player|p1|jsbsbd|102|1045\n|player|p2|Rae_2nd|will|1137\n|teamsize|p1|6\n|teamsize|p2|6\n|gen|9\n|tier|[Gen 9] Doubles OU\n|rated|\n|rule|Species Clause: Limit one of each Pok\u00e9mon\n|rule|OHKO Clause: OHKO moves are banned\n|rule|Evasion Moves Clause: Evasion moves are banned\n|rule|Gravity Sleep Clause: The combination of sleep-inducing moves with imperfect accuracy and Gravity or Gigantamax Orbeetle are banned\n|rule|Endless Battle Clause: Forcing endless battles is banned\n|rule|HP Percentage Mod: HP is shown in percentages\n|clearpoke\n|poke|p1|Staraptor, M|\n|poke|p1|Veluza, F|\n|poke|p1|Grimmsnarl, M|\n|poke|p1|Walking Wake|\n|poke|p1|Torkoal, F|\n|poke|p1|Landorus-Therian, M|\n|poke|p2|Fezandipiti, M|\n|poke|p2|Maushold-Four|\n|poke|p2|Garganacl, F|\n|poke|p2|Eelektross, F|\n|poke|p2|Gliscor, M|\n|poke|p2|Toedscruel, M|\n|teampreview\n|inactive|Battle timer is ON: inactive players will automatically lose when time's up. (requested by Rae_2nd)\n|inactive|jsbsbd also wants the timer to be on.\n|inactive|Rae_2nd has 120 seconds left.\n|\n|t:|1699325375\n|start\n|switch|p1a: Staraptor|Staraptor, M|100\/100\n|switch|p1b: Torkoal|Torkoal, F|100\/100\n|switch|p2a: Fezandipiti|Fezandipiti, M|100\/100\n|switch|p2b: Toedscruel|Toedscruel, M|100\/100\n|-ability|p1a: Staraptor|Intimidate|boost\n|-unboost|p2a: Fezandipiti|atk|1\n|-unboost|p2b: Toedscruel|atk|1\n|-weather|SunnyDay|[from] ability: Drought|[of] p1b: Torkoal\n|turn|1\n|\n|t:|1699325393\n|move|p1a: Staraptor|Final Gambit|p2b: Toedscruel\n|-damage|p2b: Toedscruel|0 fnt\n|faint|p1a: Staraptor\n|faint|p2b: Toedscruel\n|move|p2a: Fezandipiti|Tailwind|p2a: Fezandipiti\n|-sidestart|p2: Rae_2nd|move: Tailwind\n|move|p1b: Torkoal|Yawn|p2a: Fezandipiti\n|-start|p2a: Fezandipiti|move: Yawn|[of] p1b: Torkoal\n|\n|-weather|SunnyDay|[upkeep]\n|upkeep\n|\n|t:|1699325407\n|switch|p1a: Walking Wake|Walking Wake|100\/100\n|switch|p2b: Eelektross|Eelektross, F|100\/100\n|-activate|p1a: Walking Wake|ability: Protosynthesis\n|-start|p1a: Walking Wake|protosynthesisspa\n|turn|2\n|\n|t:|1699325421\n|move|p2a: Fezandipiti|Icy Wind|p1b: Torkoal|[spread] p1a,p1b\n|-resisted|p1b: Torkoal\n|-damage|p1a: Walking Wake|93\/100\n|-damage|p1b: Torkoal|96\/100\n|-unboost|p1a: Walking Wake|spe|1\n|-unboost|p1b: Torkoal|spe|1\n|-status|p1b: Torkoal|tox|[from] ability: Toxic Chain|[of] p2a: Fezandipiti\n|move|p2b: Eelektross|Thunder Wave|p1a: Walking Wake\n|-status|p1a: Walking Wake|par\n|move|p1a: Walking Wake|Hydro Steam|p2a: Fezandipiti\n|-damage|p2a: Fezandipiti|47\/100\n|-damage|p1a: Walking Wake|83\/100 par|[from] item: Life Orb\n|move|p1b: Torkoal|Yawn|p2b: Eelektross\n|-start|p2b: Eelektross|move: Yawn|[of] p1b: Torkoal\n|\n|-weather|SunnyDay|[upkeep]\n|-damage|p1b: Torkoal|89\/100 tox|[from] psn\n|-end|p2a: Fezandipiti|move: Yawn|[silent]\n|-status|p2a: Fezandipiti|slp\n|upkeep\n|turn|3\n|inactive|jsbsbd has 120 seconds left.\n|\n|t:|1699325451\n|cant|p2a: Fezandipiti|slp\n|move|p2b: Eelektross|Thunder Punch|p1a: Walking Wake\n|-damage|p1a: Walking Wake|38\/100 par\n|cant|p1a: Walking Wake|par\n|move|p1b: Torkoal|Heat Wave|p2b: Eelektross|[spread] p2a,p2b\n|-damage|p2a: Fezandipiti|29\/100 slp\n|-damage|p2b: Eelektross|67\/100\n|\n|-weather|SunnyDay|[upkeep]\n|-damage|p1b: Torkoal|77\/100 tox|[from] psn\n|-end|p2b: Eelektross|move: Yawn|[silent]\n|-status|p2b: Eelektross|slp\n|upkeep\n|turn|4\n|\n|t:|1699325468\n|-curestatus|p2a: Fezandipiti|slp|[msg]\n|move|p2a: Fezandipiti|Beat Up|p1a: Walking Wake\n|-damage|p1a: Walking Wake|36\/100 par\n|-damage|p1a: Walking Wake|33\/100 par\n|-damage|p1a: Walking Wake|31\/100 par\n|-damage|p1a: Walking Wake|29\/100 par\n|-hitcount|p1a: Walking Wake|4\n|cant|p2b: Eelektross|slp\n|move|p1a: Walking Wake|Hydro Steam|p2b: Eelektross\n|-damage|p2b: Eelektross|0 fnt\n|faint|p2b: Eelektross\n|-damage|p1a: Walking Wake|19\/100 par|[from] item: Life Orb\n|move|p1b: Torkoal|Heat Wave|p2a: Fezandipiti\n|-damage|p2a: Fezandipiti|5\/100\n|-enditem|p2a: Fezandipiti|Aguav Berry|[eat]\n|-heal|p2a: Fezandipiti|38\/100|[from] item: Aguav Berry\n|\n|-weather|SunnyDay|[upkeep]\n|-damage|p1b: Torkoal|59\/100 tox|[from] psn\n|-sideend|p2: Rae_2nd|move: Tailwind\n|upkeep\n|inactive|Rae_2nd has 120 seconds left.\n|\n|t:|1699325493\n|switch|p2b: Maushold|Maushold-Four|100\/100\n|turn|5\n|\n|t:|1699325509\n|move|p2b: Maushold|Population Bomb|p1a: Walking Wake\n|-crit|p1a: Walking Wake\n|-damage|p1a: Walking Wake|6\/100 par\n|-damage|p1a: Walking Wake|0 fnt\n|faint|p1a: Walking Wake\n|-end|p1a: Walking Wake|Protosynthesis|[silent]\n|-hitcount|p1: Walking Wake|2\n|move|p2a: Fezandipiti|Icy Wind|p1b: Torkoal\n|-resisted|p1b: Torkoal\n|-damage|p1b: Torkoal|52\/100 tox\n|-unboost|p1b: Torkoal|spe|1\n|move|p1b: Torkoal|Yawn|p2b: Maushold\n|-start|p2b: Maushold|move: Yawn|[of] p1b: Torkoal\n|\n|-weather|SunnyDay|[upkeep]\n|-damage|p1b: Torkoal|28\/100 tox|[from] psn\n|upkeep\n|\n|t:|1699325525\n|switch|p1a: Landorus|Landorus-Therian, M|100\/100\n|-ability|p1a: Landorus|Intimidate|boost\n|-unboost|p2a: Fezandipiti|atk|1\n|-unboost|p2b: Maushold|atk|1\n|turn|6\n|\n|t:|1699325534\n|switch|p1b: Grimmsnarl|Grimmsnarl, M|100\/100\n|move|p1a: Landorus|Stomping Tantrum|p2a: Fezandipiti\n|-supereffective|p2a: Fezandipiti\n|-damage|p2a: Fezandipiti|0 fnt\n|faint|p2a: Fezandipiti\n|move|p2b: Maushold|U-turn|p1b: Grimmsnarl\n|-damage|p1b: Grimmsnarl|91\/100\n|\n|t:|1699325542\n|switch|p2b: Gliscor|Gliscor, M|100\/100|[from] U-turn\n|\n|-weather|SunnyDay|[upkeep]\n|-heal|p1b: Grimmsnarl|97\/100|[from] item: Leftovers\n|-status|p2b: Gliscor|tox|[from] item: Toxic Orb\n|upkeep\n|\n|t:|1699325548\n|switch|p2a: Garganacl|Garganacl, F|100\/100\n|turn|7\n|\n|t:|1699325558\n|move|p1b: Grimmsnarl|Fake Out|p2b: Gliscor\n|-damage|p2b: Gliscor|92\/100 tox\n|move|p1a: Landorus|Stomping Tantrum|p2a: Garganacl\n|-supereffective|p2a: Garganacl\n|-damage|p2a: Garganacl|21\/100\n|-damage|p1a: Landorus|84\/100|[from] item: Rocky Helmet|[of] p2a: Garganacl\n|cant|p2b: Gliscor|flinch\n|move|p2a: Garganacl|Salt Cure|p1b: Grimmsnarl\n|-damage|p1b: Grimmsnarl|79\/100\n|-start|p1b: Grimmsnarl|Salt Cure\n|\n|-weather|SunnyDay|[upkeep]\n|-heal|p1b: Grimmsnarl|85\/100|[from] item: Leftovers\n|-heal|p2b: Gliscor|100\/100 tox|[from] ability: Poison Heal\n|-damage|p1b: Grimmsnarl|73\/100|[from] Salt Cure\n|upkeep\n|turn|8\n|inactive|jsbsbd has 120 seconds left.\n|\n|t:|1699325609\n|switch|p1a: Torkoal|Torkoal, F|28\/100 tox\n|move|p1b: Grimmsnarl|Parting Shot|p2b: Gliscor\n|-unboost|p2b: Gliscor|atk|1\n|-unboost|p2b: Gliscor|spa|1\n|\n|t:|1699325613\n|switch|p1b: Landorus|Landorus-Therian, M|84\/100|[from] Parting Shot\n|-ability|p1b: Landorus|Intimidate|boost\n|-unboost|p2a: Garganacl|atk|1\n|-unboost|p2b: Gliscor|atk|1\n|move|p2b: Gliscor|Knock Off|p1a: Torkoal\n|-damage|p1a: Torkoal|22\/100 tox\n|-enditem|p1a: Torkoal|Heat Rock|[from] move: Knock Off|[of] p2b: Gliscor\n|move|p2a: Garganacl|Salt Cure|p1a: Torkoal\n|-supereffective|p1a: Torkoal\n|-damage|p1a: Torkoal|11\/100 tox\n|-start|p1a: Torkoal|Salt Cure\n|\n|-weather|none\n|-damage|p1a: Torkoal|5\/100 tox|[from] psn\n|-damage|p1a: Torkoal|0 fnt|[from] Salt Cure\n|faint|p1a: Torkoal\n|upkeep\n|\n|t:|1699325619\n|switch|p1a: Veluza|Veluza, F|100\/100\n|-ability|p1a: Veluza|Mold Breaker\n|turn|9\n|inactive|jsbsbd has 120 seconds left.\n|inactive|Rae_2nd has 120 seconds left.\n|\n|t:|1699325651\n|-terastallize|p1b: Landorus|Ground\n|move|p1a: Veluza|Final Gambit|p2b: Gliscor\n|-damage|p2b: Gliscor|0 fnt\n|faint|p1a: Veluza\n|faint|p2b: Gliscor\n|move|p1b: Landorus|Stomping Tantrum|p2a: Garganacl\n|-supereffective|p2a: Garganacl\n|-damage|p2a: Garganacl|0 fnt\n|-damage|p1b: Landorus|67\/100|[from] item: Rocky Helmet|[of] p2a: Garganacl\n|faint|p2a: Garganacl\n|\n|upkeep\n|inactive|Rae_2nd has 120 seconds left.\n|\n|t:|1699325696\n|switch|p1a: Grimmsnarl|Grimmsnarl, M|73\/100\n|switch|p2a: Maushold|Maushold-Four|100\/100\n|turn|10\n|\n|t:|1699325705\n|-terastallize|p2a: Maushold|Normal\n|move|p2a: Maushold|Protect|p2a: Maushold\n|-singleturn|p2a: Maushold|Protect\n|move|p1a: Grimmsnarl|Fake Out|p2a: Maushold\n|-activate|p2a: Maushold|move: Protect\n|move|p1b: Landorus|Stomping Tantrum|p2a: Maushold\n|-activate|p2a: Maushold|move: Protect\n|\n|-heal|p1a: Grimmsnarl|79\/100|[from] item: Leftovers\n|upkeep\n|turn|11\n|\n|t:|1699325716\n|move|p1a: Grimmsnarl|Thunder Wave|p2a: Maushold|[miss]\n|-miss|p1a: Grimmsnarl|p2a: Maushold\n|move|p1b: Landorus|Stomping Tantrum|p2a: Maushold\n|-damage|p2a: Maushold|1\/100\n|move|p2a: Maushold|Population Bomb|p1b: Landorus\n|-damage|p1b: Landorus|55\/100\n|-damage|p1b: Landorus|41\/100\n|-damage|p1b: Landorus|28\/100\n|-damage|p1b: Landorus|14\/100\n|-damage|p1b: Landorus|1\/100\n|-damage|p1b: Landorus|0 fnt\n|faint|p1b: Landorus\n|-hitcount|p1: Landorus|6\n|\n|-heal|p1a: Grimmsnarl|85\/100|[from] item: Leftovers\n|upkeep\n|turn|12\n|-message|jsbsbd forfeited.\n|\n|win|Rae_2nd\n|raw|jsbsbd's rating: 1045 &rarr; <strong>1033<\/strong><br \/>(-12 for losing)\n|raw|Rae_2nd's rating: 1137 &rarr; <strong>1156<\/strong><br \/>(+19 for winning)\n|l|\u2606jsbsbd\n","uploadtime":1699325739,"views":13,"p1id":"jsbsbd","p2id":"rae2nd","formatid":"gen9doublesou","rating":1033,"private":0,"password":""}