{"id":"gen9doublesou-1976745457","p1":"Warre_beans","p2":"zeref203","format":"[Gen 9] Doubles OU","log":"|j|\u2606Warre_beans\n|j|\u2606zeref203\n|t:|1698338035\n|gametype|doubles\n|player|p1|Warre_beans|galacticgrunt|1117\n|player|p2|zeref203|101|1032\n|teamsize|p1|6\n|teamsize|p2|6\n|gen|9\n|tier|[Gen 9] Doubles OU\n|rated|\n|rule|Species Clause: Limit one of each Pok\u00e9mon\n|rule|OHKO Clause: OHKO moves are banned\n|rule|Evasion Moves Clause: Evasion moves are banned\n|rule|Gravity Sleep Clause: The combination of sleep-inducing moves with imperfect accuracy and Gravity or Gigantamax Orbeetle are banned\n|rule|Endless Battle Clause: Forcing endless battles is banned\n|rule|HP Percentage Mod: HP is shown in percentages\n|clearpoke\n|poke|p1|Fezandipiti, M|\n|poke|p1|Enamorus, F|\n|poke|p1|Mew|\n|poke|p1|Great Tusk|\n|poke|p1|Arcanine-Hisui, M|\n|poke|p1|Goodra-Hisui, F|\n|poke|p2|Great Tusk|\n|poke|p2|Ninetales, M|\n|poke|p2|Sableye, M|\n|poke|p2|Flutter Mane|\n|poke|p2|Goodra-Hisui, F|\n|poke|p2|Arboliva, F|\n|teampreview\n|inactive|Battle timer is ON: inactive players will automatically lose when time's up. (requested by zeref203)\n|inactive|Warre_beans also wants the timer to be on.\n|\n|t:|1698338046\n|start\n|switch|p1a: No gold|Arcanine-Hisui, M|100\/100\n|switch|p1b: Copies|Mew|100\/100\n|switch|p2a: Benimaru|Ninetales, M|100\/100\n|switch|p2b: Milim|Flutter Mane|100\/100\n|-weather|SunnyDay|[from] ability: Drought|[of] p2a: Benimaru\n|-activate|p2b: Milim|ability: Protosynthesis\n|-start|p2b: Milim|protosynthesisspe\n|turn|1\n|\n|t:|1698338068\n|move|p2b: Milim|Shadow Ball|p1b: Copies\n|-supereffective|p1b: Copies\n|-damage|p1b: Copies|25\/100\n|move|p1b: Copies|Imprison|p1b: Copies\n|-start|p1b: Copies|move: Imprison\n|move|p2a: Benimaru|Solar Beam||[still]\n|-prepare|p2a: Benimaru|Solar Beam\n|-anim|p2a: Benimaru|Solar Beam|p1a: No gold\n|-damage|p1a: No gold|76\/100\n|move|p1a: No gold|Flare Blitz|p2b: Milim\n|-damage|p2b: Milim|0 fnt\n|faint|p2b: Milim\n|-end|p2b: Milim|Protosynthesis|[silent]\n|\n|-weather|SunnyDay|[upkeep]\n|-heal|p1b: Copies|31\/100|[from] item: Leftovers\n|upkeep\n|inactive|zeref203 has 120 seconds left.\n|\n|t:|1698338093\n|switch|p2b: Geld|Great Tusk|100\/100\n|-activate|p2b: Geld|ability: Protosynthesis\n|-start|p2b: Geld|protosynthesisatk\n|turn|2\n|\n|t:|1698338112\n|move|p1b: Copies|Transform|p2a: Benimaru\n|-transform|p1b: Copies|p2a: Benimaru\n|cant|p2a: Benimaru|move: Imprison|Dark Pulse\n|move|p1a: No gold|Flare Blitz|p2b: Geld\n|-damage|p2b: Geld|37\/100\n|move|p2b: Geld|Headlong Rush|p1a: No gold\n|-supereffective|p1a: No gold\n|-damage|p1a: No gold|0 fnt\n|-unboost|p2b: Geld|def|1\n|-unboost|p2b: Geld|spd|1\n|-enditem|p2b: Geld|Eject Pack\n|faint|p1a: No gold\n|\n|t:|1698338126\n|-end|p2b: Geld|Protosynthesis|[silent]\n|switch|p2b: RIimiru|Goodra-Hisui, F|100\/100\n|\n|-weather|SunnyDay|[upkeep]\n|-heal|p1b: Copies|37\/100|[from] item: Leftovers\n|upkeep\n|\n|t:|1698338133\n|switch|p1a: Cold|Fezandipiti, M|100\/100\n|turn|3\n|\n|t:|1698338147\n|switch|p2a: Diablo|Sableye, M, shiny|100\/100\n|move|p1b: Copies|Heat Wave|p2b: RIimiru|[spread] p2a,p2b\n|-damage|p2a: Diablo|61\/100\n|-damage|p2b: RIimiru|79\/100\n|move|p1a: Cold|Icy Wind|p2a: Diablo|[spread] p2a,p2b\n|-damage|p2a: Diablo|53\/100\n|-damage|p2b: RIimiru|76\/100\n|-unboost|p2a: Diablo|spe|1\n|-unboost|p2b: RIimiru|spe|1\n|-status|p2a: Diablo|tox|[from] ability: Toxic Chain|[of] p1a: Cold\n|move|p2b: RIimiru|Iron Head|p1a: Cold\n|-supereffective|p1a: Cold\n|-damage|p1a: Cold|43\/100\n|\n|-weather|SunnyDay|[upkeep]\n|-heal|p1b: Copies|43\/100|[from] item: Leftovers\n|-heal|p1a: Cold|49\/100|[from] item: Black Sludge\n|-heal|p2a: Diablo|59\/100 tox|[from] item: Leftovers\n|-damage|p2a: Diablo|53\/100 tox|[from] psn\n|upkeep\n|turn|4\n|inactive|zeref203 has 120 seconds left.\n|\n|t:|1698338182\n|move|p1b: Copies|Protect|p1b: Copies\n|-singleturn|p1b: Copies|Protect\n|move|p2a: Diablo|Will-O-Wisp|p1a: Cold\n|-status|p1a: Cold|brn\n|move|p1a: Cold|Substitute|p1a: Cold\n|-start|p1a: Cold|Substitute\n|-damage|p1a: Cold|24\/100 brn\n|move|p2b: RIimiru|Rock Slide|p1b: Copies|[spread] p1a\n|-activate|p1b: Copies|move: Protect\n|-crit|p1a: Cold\n|-activate|p1a: Cold|move: Substitute|[damage]\n|\n|-weather|SunnyDay|[upkeep]\n|-heal|p1b: Copies|50\/100|[from] item: Leftovers\n|-heal|p1a: Cold|30\/100 brn|[from] item: Black Sludge\n|-heal|p2a: Diablo|59\/100 tox|[from] item: Leftovers\n|-damage|p2a: Diablo|47\/100 tox|[from] psn\n|-damage|p1a: Cold|24\/100 brn|[from] brn\n|upkeep\n|turn|5\n|\n|t:|1698338209\n|move|p2a: Diablo|Taunt|p1b: Copies\n|-start|p1b: Copies|move: Taunt\n|move|p1b: Copies|Solar Beam||[still]\n|-prepare|p1b: Copies|Solar Beam\n|-anim|p1b: Copies|Solar Beam|p2b: RIimiru\n|-ability|p2b: RIimiru|Sap Sipper|boost\n|-boost|p2b: RIimiru|atk|1\n|move|p1a: Cold|Roost|p1a: Cold\n|-heal|p1a: Cold|74\/100 brn\n|-singleturn|p1a: Cold|move: Roost\n|move|p2b: RIimiru|Rock Slide|p1b: Copies|[spread] p1a,p1b\n|-end|p1a: Cold|Substitute\n|-supereffective|p1b: Copies\n|-damage|p1b: Copies|0 fnt\n|faint|p1b: Copies\n|\n|-weather|SunnyDay|[upkeep]\n|-heal|p1a: Cold|80\/100 brn|[from] item: Black Sludge\n|-heal|p2a: Diablo|53\/100 tox|[from] item: Leftovers\n|-damage|p2a: Diablo|35\/100 tox|[from] psn\n|-damage|p1a: Cold|74\/100 brn|[from] brn\n|upkeep\n|inactive|Warre_beans has 120 seconds left.\n|\n|t:|1698338231\n|switch|p1b: Stormy|Great Tusk|100\/100\n|-activate|p1b: Stormy|ability: Protosynthesis\n|-start|p1b: Stormy|protosynthesisatk\n|turn|6\n|\n|t:|1698338247\n|-terastallize|p2b: RIimiru|Water\n|move|p2a: Diablo|Taunt|p1a: Cold\n|-start|p1a: Cold|move: Taunt\n|cant|p1a: Cold|move: Taunt|Substitute\n|move|p1b: Stormy|Bulk Up|p1b: Stormy\n|-boost|p1b: Stormy|atk|1\n|-boost|p1b: Stormy|def|1\n|move|p2b: RIimiru|Ice Spinner|p1b: Stormy\n|-supereffective|p1b: Stormy\n|-damage|p1b: Stormy|67\/100\n|\n|-weather|SunnyDay|[upkeep]\n|-heal|p1a: Cold|80\/100 brn|[from] item: Black Sludge\n|-heal|p2a: Diablo|41\/100 tox|[from] item: Leftovers\n|-damage|p2a: Diablo|17\/100 tox|[from] psn\n|-damage|p1a: Cold|74\/100 brn|[from] brn\n|upkeep\n|turn|7\n|\n|t:|1698338268\n|switch|p1a: S-nail|Goodra-Hisui, F|100\/100\n|move|p2a: Diablo|Encore|p1b: Stormy\n|-start|p1b: Stormy|Encore\n|move|p1b: Stormy|Bulk Up|p1b: Stormy\n|-boost|p1b: Stormy|atk|1\n|-boost|p1b: Stormy|def|1\n|move|p2b: RIimiru|Rock Slide|p1b: Stormy|[spread] p1a,p1b\n|-resisted|p1a: S-nail\n|-resisted|p1b: Stormy\n|-damage|p1a: S-nail|87\/100\n|-damage|p1b: Stormy|65\/100\n|\n|-weather|SunnyDay|[upkeep]\n|-heal|p1a: S-nail|93\/100|[from] item: Leftovers\n|-heal|p2a: Diablo|23\/100 tox|[from] item: Leftovers\n|-damage|p2a: Diablo|0 fnt|[from] psn\n|faint|p2a: Diablo\n|upkeep\n|inactive|zeref203 has 120 seconds left.\n|\n|t:|1698338293\n|switch|p2a: Benimaru|Ninetales, M|100\/100\n|turn|8\n|\n|t:|1698338303\n|move|p2a: Benimaru|Solar Beam||[still]\n|-prepare|p2a: Benimaru|Solar Beam\n|-anim|p2a: Benimaru|Solar Beam|p1b: Stormy\n|-supereffective|p1b: Stormy\n|-damage|p1b: Stormy|0 fnt\n|faint|p1b: Stormy\n|-end|p1b: Stormy|Protosynthesis|[silent]\n|move|p1a: S-nail|Life Dew|p1a: S-nail\n|-heal|p1a: S-nail|100\/100\n|move|p2b: RIimiru|Rock Slide|p1a: S-nail\n|-resisted|p1a: S-nail\n|-damage|p1a: S-nail|84\/100\n|\n|-weather|none\n|-heal|p1a: S-nail|90\/100|[from] item: Leftovers\n|upkeep\n|\n|t:|1698338318\n|switch|p1b: Manticore|Enamorus, F|100\/100\n|turn|9\n|\n|t:|1698338326\n|move|p2a: Benimaru|Protect|p2a: Benimaru\n|-singleturn|p2a: Benimaru|Protect\n|move|p1b: Manticore|Superpower|p2a: Benimaru\n|-activate|p2a: Benimaru|move: Protect\n|move|p1a: S-nail|Life Dew||[still]|[spread] p1a,p1b\n|-heal|p1a: S-nail|100\/100\n|-fail|p1b: Manticore|heal\n|move|p2b: RIimiru|Iron Head|p1b: Manticore\n|-supereffective|p1b: Manticore\n|-damage|p1b: Manticore|0 fnt\n|faint|p1b: Manticore\n|\n|upkeep\n|\n|t:|1698338329\n|switch|p1b: Cold|Fezandipiti, M|74\/100 brn\n|turn|10\n|-message|Warre_beans forfeited.\n|\n|win|zeref203\n|raw|Warre_beans's rating: 1117 &rarr; <strong>1086<\/strong><br \/>(-31 for losing)\n|raw|zeref203's rating: 1032 &rarr; <strong>1076<\/strong><br \/>(+44 for winning)\n|l|\u2606Warre_beans\n","uploadtime":1698338347,"views":15,"p1id":"warrebeans","p2id":"zeref203","formatid":"gen9doublesou","rating":1076,"private":0,"password":""}