{"id":"gen9doublesou-2000310501","p1":"YungHomii","p2":"RLisanidiot","format":"[Gen 9] Doubles OU","log":"|j|\u2606YungHomii\n|j|\u2606RLisanidiot\n|t:|1701183765\n|gametype|doubles\n|player|p1|YungHomii|266|1242\n|player|p2|RLisanidiot|unknownf|1315\n|teamsize|p1|6\n|teamsize|p2|6\n|gen|9\n|tier|[Gen 9] Doubles OU\n|rated|\n|rule|Species Clause: Limit one of each Pok\u00e9mon\n|rule|OHKO Clause: OHKO moves are banned\n|rule|Evasion Moves Clause: Evasion moves are banned\n|rule|Gravity Sleep Clause: The combination of sleep-inducing moves with imperfect accuracy and Gravity or Gigantamax Orbeetle are banned\n|rule|Endless Battle Clause: Forcing endless battles is banned\n|rule|HP Percentage Mod: HP is shown in percentages\n|clearpoke\n|poke|p1|Slowking-Galar, M|\n|poke|p1|Sneasler, F|\n|poke|p1|Rillaboom, M|\n|poke|p1|Fezandipiti, M|\n|poke|p1|Crawdaunt, M|\n|poke|p1|Iron Jugulis|\n|poke|p2|Ninetales-Alola, F|\n|poke|p2|Chien-Pao|\n|poke|p2|Flutter Mane|\n|poke|p2|Tornadus, M|\n|poke|p2|Pachirisu, M|\n|poke|p2|Landorus-Therian, M|\n|teampreview\n|inactive|Battle timer is ON: inactive players will automatically lose when time's up. (requested by RLisanidiot)\n|c|\u2606YungHomii|pacharisu gives me gen 5 ptsd\n|\n|t:|1701183788\n|start\n|switch|p1a: Sneasler|Sneasler, F|100\/100\n|switch|p1b: Fezandipiti|Fezandipiti, M|100\/100\n|switch|p2a: Tornadus|Tornadus, M|100\/100\n|switch|p2b: Landorus|Landorus-Therian, M, shiny|100\/100\n|-ability|p2b: Landorus|Intimidate|boost\n|-unboost|p1a: Sneasler|atk|1\n|-unboost|p1b: Fezandipiti|atk|1\n|turn|1\n|\n|t:|1701183810\n|-terastallize|p1a: Sneasler|Flying\n|move|p2a: Tornadus|Rain Dance|p2a: Tornadus\n|-weather|RainDance\n|move|p2b: Landorus|Sandsear Storm|p1b: Fezandipiti|[spread] p1b\n|-immune|p1a: Sneasler\n|-supereffective|p1b: Fezandipiti\n|-damage|p1b: Fezandipiti|48\/100\n|-status|p1b: Fezandipiti|brn\n|move|p1a: Sneasler|Swords Dance|p1a: Sneasler\n|-boost|p1a: Sneasler|atk|2\n|move|p1b: Fezandipiti|Calm Mind|p1b: Fezandipiti\n|-boost|p1b: Fezandipiti|spa|1\n|-boost|p1b: Fezandipiti|spd|1\n|\n|-weather|RainDance|[upkeep]\n|-heal|p1b: Fezandipiti|54\/100 brn|[from] item: Leftovers\n|-damage|p1b: Fezandipiti|48\/100 brn|[from] brn\n|upkeep\n|turn|2\n|inactive|YungHomii has 120 seconds left.\n|\n|t:|1701183843\n|move|p2b: Landorus|Sandsear Storm|p1b: Fezandipiti|[spread] p1b\n|-immune|p1a: Sneasler\n|-supereffective|p1b: Fezandipiti\n|-damage|p1b: Fezandipiti|17\/100 brn\n|move|p1a: Sneasler|Dire Claw|p2b: Landorus\n|-resisted|p2b: Landorus\n|-damage|p2b: Landorus|59\/100\n|move|p2a: Tornadus|Bleakwind Storm|p1b: Fezandipiti|[spread] p1a,p1b\n|-damage|p1a: Sneasler|56\/100\n|-damage|p1b: Fezandipiti|3\/100 brn\n|move|p1b: Fezandipiti|Tailwind|p1b: Fezandipiti\n|-sidestart|p1: YungHomii|move: Tailwind\n|\n|-weather|RainDance|[upkeep]\n|-heal|p1b: Fezandipiti|9\/100 brn|[from] item: Leftovers\n|-damage|p1b: Fezandipiti|3\/100 brn|[from] brn\n|upkeep\n|turn|3\n|l|\u2606RLisanidiot\n|inactive|RLisanidiot disconnected and has a minute to reconnect!\n|player|p2|\n|inactive|YungHomii has 120 seconds left.\n|inactive|RLisanidiot has 30 seconds to reconnect!\n|inactive|RLisanidiot has 20 seconds to reconnect!\n|inactive|RLisanidiot has 15 seconds to reconnect!\n|inactive|RLisanidiot has 10 seconds to reconnect!\n|j|\u2606RLisanidiot\n|inactive|RLisanidiot reconnected and has 95 seconds left.\n|player|p2|RLisanidiot|unknownf\n|inactive|RLisanidiot has 90 seconds left.\n|\n|t:|1701183910\n|move|p1a: Sneasler|Dire Claw|p2b: Landorus\n|-resisted|p2b: Landorus\n|-damage|p2b: Landorus|20\/100\n|move|p1b: Fezandipiti|Moonblast|p2a: Tornadus\n|-damage|p2a: Tornadus|64\/100\n|-status|p2a: Tornadus|tox|[from] ability: Toxic Chain|[of] p1b: Fezandipiti\n|move|p2b: Landorus|Sandsear Storm|p1b: Fezandipiti|[spread] p1b\n|-immune|p1a: Sneasler\n|-supereffective|p1b: Fezandipiti\n|-damage|p1b: Fezandipiti|0 fnt\n|faint|p1b: Fezandipiti\n|move|p2a: Tornadus|Bleakwind Storm|p1a: Sneasler\n|-damage|p1a: Sneasler|0 fnt\n|faint|p1a: Sneasler\n|\n|-weather|RainDance|[upkeep]\n|-damage|p2a: Tornadus|58\/100 tox|[from] psn\n|upkeep\n|inactive|YungHomii has 120 seconds left.\n|\n|t:|1701183930\n|switch|p1a: Rillaboom|Rillaboom, M|100\/100\n|switch|p1b: Iron Jugulis|Iron Jugulis|100\/100\n|-fieldstart|move: Grassy Terrain|[from] ability: Grassy Surge|[of] p1a: Rillaboom\n|-enditem|p1b: Iron Jugulis|Booster Energy\n|-activate|p1b: Iron Jugulis|ability: Quark Drive|[fromitem]\n|-start|p1b: Iron Jugulis|quarkdrivespe\n|turn|4\n|inactive|YungHomii has 120 seconds left.\n|\n|t:|1701183945\n|switch|p2b: Ninetales|Ninetales-Alola, F, shiny|100\/100\n|-weather|Snow|[from] ability: Snow Warning|[of] p2b: Ninetales\n|move|p1a: Rillaboom|Grassy Glide|p2b: Ninetales\n|-damage|p2b: Ninetales|54\/100\n|move|p2a: Tornadus|Tailwind|p2a: Tornadus\n|-sidestart|p2: RLisanidiot|move: Tailwind\n|move|p1b: Iron Jugulis|Hurricane|p2a: Tornadus\n|-damage|p2a: Tornadus|7\/100 tox\n|\n|-weather|Snow|[upkeep]\n|-heal|p2b: Ninetales|60\/100|[from] Grassy Terrain\n|-damage|p2a: Tornadus|0 fnt|[from] psn\n|faint|p2a: Tornadus\n|upkeep\n|inactive|RLisanidiot has 90 seconds left.\n|\n|t:|1701183966\n|switch|p2a: Landorus|Landorus-Therian, M, shiny|20\/100\n|-ability|p2a: Landorus|Intimidate|boost\n|-unboost|p1a: Rillaboom|atk|1\n|-unboost|p1b: Iron Jugulis|atk|1\n|turn|5\n|inactive|YungHomii has 120 seconds left.\n|\n|t:|1701183999\n|switch|p2a: Chien-Pao|Chien-Pao|100\/100\n|-ability|p2a: Chien-Pao|Sword of Ruin\n|move|p1a: Rillaboom|Grassy Glide|p2a: Chien-Pao\n|-damage|p2a: Chien-Pao|72\/100\n|move|p1b: Iron Jugulis|Flamethrower|p2b: Ninetales\n|-supereffective|p2b: Ninetales\n|-damage|p2b: Ninetales|1\/100\n|move|p2b: Ninetales|Aurora Veil|p2b: Ninetales\n|-sidestart|p2: RLisanidiot|move: Aurora Veil\n|\n|-weather|Snow|[upkeep]\n|-heal|p2b: Ninetales|7\/100|[from] Grassy Terrain\n|-heal|p2a: Chien-Pao|78\/100|[from] Grassy Terrain\n|-sideend|p1: YungHomii|move: Tailwind\n|upkeep\n|turn|6\n|inactive|YungHomii has 120 seconds left.\n|\n|t:|1701184030\n|-end|p1b: Iron Jugulis|Quark Drive|[silent]\n|switch|p1b: Slowking|Slowking-Galar, M|100\/100\n|move|p1a: Rillaboom|Grassy Glide|p2b: Ninetales\n|-damage|p2b: Ninetales|0 fnt\n|faint|p2b: Ninetales\n|move|p2a: Chien-Pao|Ice Spinner|p1b: Slowking\n|-crit|p1b: Slowking\n|-damage|p1b: Slowking|30\/100\n|-fieldend|move: Grassy Terrain\n|\n|-weather|Snow|[upkeep]\n|upkeep\n|\n|t:|1701184044\n|switch|p2b: Landorus|Landorus-Therian, M, shiny|20\/100\n|-ability|p2b: Landorus|Intimidate|boost\n|-unboost|p1a: Rillaboom|atk|1\n|-unboost|p1b: Slowking|atk|1\n|turn|7\n|inactive|RLisanidiot has 120 seconds left.\n|\n|t:|1701184065\n|move|p2b: Landorus|U-turn|p1a: Rillaboom\n|-supereffective|p1a: Rillaboom\n|-damage|p1a: Rillaboom|31\/100\n|\n|t:|1701184068\n|switch|p2b: Pachirisu|Pachirisu, M|100\/100|[from] U-turn\n|move|p2a: Chien-Pao|Ice Spinner|p1b: Slowking\n|-crit|p1b: Slowking\n|-damage|p1b: Slowking|0 fnt\n|faint|p1b: Slowking\n|move|p1a: Rillaboom|Grassy Glide|p2b: Pachirisu\n|-damage|p2b: Pachirisu|77\/100\n|\n|-weather|Snow|[upkeep]\n|-sideend|p2: RLisanidiot|move: Tailwind\n|upkeep\n|\n|t:|1701184077\n|switch|p1b: Crawdaunt|Crawdaunt, M|100\/100\n|turn|8\n|\n|t:|1701184105\n|switch|p1a: Iron Jugulis|Iron Jugulis|100\/100\n|-terastallize|p2a: Chien-Pao|Electric\n|move|p2b: Pachirisu|Follow Me|p2b: Pachirisu\n|-singleturn|p2b: Pachirisu|move: Follow Me\n|move|p2a: Chien-Pao|Tera Blast|p1b: Crawdaunt|[anim] Tera Blast Electric\n|-supereffective|p1b: Crawdaunt\n|-damage|p1b: Crawdaunt|0 fnt\n|faint|p1b: Crawdaunt\n|\n|-weather|none\n|upkeep\n|inactive|YungHomii has 120 seconds left.\n|\n|t:|1701184116\n|switch|p1b: Rillaboom|Rillaboom, M|31\/100\n|-fieldstart|move: Grassy Terrain|[from] ability: Grassy Surge|[of] p1b: Rillaboom\n|turn|9\n|\n|t:|1701184127\n|move|p2b: Pachirisu|Follow Me|p2b: Pachirisu\n|-singleturn|p2b: Pachirisu|move: Follow Me\n|move|p1a: Iron Jugulis|Flamethrower|p2b: Pachirisu\n|-damage|p2b: Pachirisu|58\/100\n|move|p2a: Chien-Pao|Ice Spinner|p1a: Iron Jugulis\n|-supereffective|p1a: Iron Jugulis\n|-damage|p1a: Iron Jugulis|0 fnt\n|-fieldend|move: Grassy Terrain\n|faint|p1a: Iron Jugulis\n|-end|p1a: Iron Jugulis|Quark Drive|[silent]\n|move|p1b: Rillaboom|Wood Hammer|p2b: Pachirisu\n|-damage|p2b: Pachirisu|0 fnt\n|faint|p2b: Pachirisu\n|-damage|p1b: Rillaboom|13\/100|[from] Recoil\n|\n|upkeep\n|-message|YungHomii forfeited.\n|\n|win|RLisanidiot\n|raw|YungHomii's rating: 1242 &rarr; <strong>1222<\/strong><br \/>(-20 for losing)\n|raw|RLisanidiot's rating: 1315 &rarr; <strong>1331<\/strong><br \/>(+16 for winning)\n|l|\u2606YungHomii\n","uploadtime":1701184150,"views":5,"p1id":"yunghomii","p2id":"rlisanidiot","formatid":"gen9doublesou","rating":1222,"private":0,"password":""}