{"id":"gen9doublesou-1979715792","p1":"UnBooosted","p2":"lvcinda","format":"[Gen 9] Doubles OU","log":"|j|\u2606UnBooosted\n|j|\u2606lvcinda\n|inactive|Battle timer is ON: inactive players will automatically lose when time's up.\n|t:|1698705984\n|gametype|doubles\n|player|p1|UnBooosted|zinnia|\n|player|p2|lvcinda|cynthia-anime2|\n|teamsize|p1|6\n|teamsize|p2|6\n|gen|9\n|tier|[Gen 9] Doubles OU\n|rated|Tournament battle\n|rule|Species Clause: Limit one of each Pok\u00e9mon\n|rule|OHKO Clause: OHKO moves are banned\n|rule|Evasion Moves Clause: Evasion moves are banned\n|rule|Gravity Sleep Clause: The combination of sleep-inducing moves with imperfect accuracy and Gravity or Gigantamax Orbeetle are banned\n|rule|Endless Battle Clause: Forcing endless battles is banned\n|rule|HP Percentage Mod: HP is shown in percentages\n|clearpoke\n|poke|p1|Aipom, F|\n|poke|p1|Snom, M|\n|poke|p1|Slakoth, M|\n|poke|p1|Nosepass, M|\n|poke|p1|Floragato, M|\n|poke|p1|Greavard, M|\n|poke|p2|Magnemite|\n|poke|p2|Bronzor|\n|poke|p2|Chespin, M|\n|poke|p2|Bellsprout, F|\n|poke|p2|Chansey, F|\n|poke|p2|Grotle, F|\n|teampreview\n|j|*Lady Monita \u263d\n|j| BigSilverBilver\n|inactive|UnBooosted has 120 seconds left.\n|c|\u2606UnBooosted|glhf\n|\n|t:|1698706025\n|start\n|switch|p1a: Aipom|Aipom, F|100\/100\n|switch|p1b: Nosepass|Nosepass, M|100\/100\n|switch|p2a: Chansey|Chansey, F|100\/100\n|switch|p2b: Bronzor|Bronzor|100\/100\n|turn|1\n|\n|t:|1698706034\n|move|p1b: Nosepass|Helping Hand|p1a: Aipom\n|-singleturn|p1a: Aipom|Helping Hand|[of] p1b: Nosepass\n|move|p1a: Aipom|Fake Out|p2a: Chansey\n|-damage|p2a: Chansey|83\/100\n|cant|p2a: Chansey|flinch\n|move|p2b: Bronzor|Reflect|p2b: Bronzor\n|-sidestart|p2: lvcinda|Reflect\n|\n|upkeep\n|turn|2\n|\n|t:|1698706055\n|move|p1b: Nosepass|Helping Hand|p1a: Aipom\n|-singleturn|p1a: Aipom|Helping Hand|[of] p1b: Nosepass\n|move|p1a: Aipom|Last Resort|p2a: Chansey\n|-damage|p2a: Chansey|44\/100\n|move|p2a: Chansey|Stealth Rock|p1b: Nosepass\n|-sidestart|p1: UnBooosted|move: Stealth Rock\n|move|p2b: Bronzor|Rock Slide|p1b: Nosepass|[spread] p1a\n|-miss|p2b: Bronzor|p1b: Nosepass\n|-damage|p1a: Aipom|91\/100\n|\n|upkeep\n|turn|3\n|\n|t:|1698706072\n|move|p1b: Nosepass|Helping Hand|p1a: Aipom\n|-singleturn|p1a: Aipom|Helping Hand|[of] p1b: Nosepass\n|move|p1a: Aipom|Last Resort|p2a: Chansey\n|-damage|p2a: Chansey|7\/100\n|move|p2a: Chansey|Soft-Boiled|p2a: Chansey\n|-heal|p2a: Chansey|57\/100\n|move|p2b: Bronzor|Rock Slide|p1a: Aipom|[spread] p1a,p1b\n|-damage|p1a: Aipom|80\/100\n|-damage|p1b: Nosepass|98\/100\n|\n|upkeep\n|turn|4\n|\n|t:|1698706092\n|switch|p1a: Greavard|Greavard, M|100\/100\n|-damage|p1a: Greavard|88\/100|[from] Stealth Rock\n|move|p2a: Chansey|Thunder Wave|p1a: Greavard\n|-status|p1a: Greavard|par\n|move|p1b: Nosepass|Stealth Rock|p2b: Bronzor\n|-sidestart|p2: lvcinda|move: Stealth Rock\n|move|p2b: Bronzor|Rock Slide|p1a: Greavard|[spread] p1a,p1b\n|-damage|p1a: Greavard|85\/100 par\n|-damage|p1b: Nosepass|96\/100\n|\n|upkeep\n|turn|5\n|j| HEAVY-DUTY B0OTY\n|\n|t:|1698706110\n|move|p2a: Chansey|Thunder Wave|p1b: Nosepass\n|-status|p1b: Nosepass|par\n|move|p2b: Bronzor|Rock Slide|p1b: Nosepass|[spread] p1a,p1b\n|-crit|p1b: Nosepass\n|-damage|p1a: Greavard|81\/100 par\n|-damage|p1b: Nosepass|93\/100 par\n|cant|p1a: Greavard|flinch\n|move|p1b: Nosepass|Rock Slide|p2a: Chansey|[spread] p2a,p2b\n|-resisted|p2b: Bronzor\n|-damage|p2a: Chansey|53\/100\n|-damage|p2b: Bronzor|98\/100\n|\n|-sideend|p2: lvcinda|Reflect\n|upkeep\n|turn|6\n|\n|t:|1698706133\n|move|p2a: Chansey|Seismic Toss|p1b: Nosepass\n|-damage|p1b: Nosepass|54\/100 par\n|move|p2b: Bronzor|Reflect|p2b: Bronzor\n|-sidestart|p2: lvcinda|Reflect\n|move|p1a: Greavard|Yawn|p2a: Chansey\n|-start|p2a: Chansey|move: Yawn|[of] p1a: Greavard\n|move|p1b: Nosepass|Rock Slide|p2b: Bronzor|[spread] p2a,p2b\n|-crit|p2a: Chansey\n|-resisted|p2b: Bronzor\n|-damage|p2a: Chansey|42\/100\n|-damage|p2b: Bronzor|95\/100\n|\n|upkeep\n|turn|7\n|\n|t:|1698706159\n|switch|p1b: Floragato|Floragato, M|100\/100\n|-damage|p1b: Floragato|88\/100|[from] Stealth Rock\n|move|p2a: Chansey|Soft-Boiled|p2a: Chansey\n|-heal|p2a: Chansey|92\/100\n|move|p2b: Bronzor|Rock Slide|p1b: Floragato|[spread] p1a\n|-miss|p2b: Bronzor|p1b: Floragato\n|-damage|p1a: Greavard|78\/100 par\n|move|p1a: Greavard|Roar|p2a: Chansey\n|drag|p2a: Grotle|Grotle, F|100\/100\n|-damage|p2a: Grotle|88\/100|[from] Stealth Rock\n|\n|upkeep\n|turn|8\n|l| BigSilverBilver\n|j| BigSilverBilver\n|\n|t:|1698706186\n|move|p1b: Floragato|U-turn|p2b: Bronzor\n|-start|p1b: Floragato|typechange|Bug|[from] ability: Protean\n|-damage|p2b: Bronzor|76\/100\n|inactive|UnBooosted has 120 seconds left.\n|\n|t:|1698706199\n|switch|p1b: Aipom|Aipom, F|80\/100|[from] U-turn\n|-damage|p1b: Aipom|68\/100|[from] Stealth Rock\n|move|p2a: Grotle|Shell Smash|p2a: Grotle\n|-unboost|p2a: Grotle|def|1\n|-unboost|p2a: Grotle|spd|1\n|-boost|p2a: Grotle|atk|2\n|-boost|p2a: Grotle|spa|2\n|-boost|p2a: Grotle|spe|2\n|move|p2b: Bronzor|Rock Slide|p1a: Greavard|[spread] p1a,p1b\n|-damage|p1a: Greavard|74\/100 par\n|-damage|p1b: Aipom|58\/100\n|move|p1a: Greavard|Night Shade|p2b: Bronzor\n|-damage|p2b: Bronzor|45\/100\n|\n|upkeep\n|turn|9\n|inactive|UnBooosted has 120 seconds left.\n|\n|t:|1698706241\n|-terastallize|p1b: Aipom|Normal\n|move|p1b: Aipom|Fake Out|p2a: Grotle\n|-damage|p2a: Grotle|69\/100\n|cant|p2a: Grotle|flinch\n|move|p2b: Bronzor|Rock Slide|p1a: Greavard|[spread] p1a\n|-miss|p2b: Bronzor|p1b: Aipom\n|-damage|p1a: Greavard|71\/100 par\n|cant|p1a: Greavard|par\n|\n|upkeep\n|turn|10\n|inactive|UnBooosted has 120 seconds left.\n|\n|t:|1698706261\n|move|p2a: Grotle|Seed Bomb|p1b: Aipom\n|-damage|p1b: Aipom|0 fnt\n|faint|p1b: Aipom\n|move|p2b: Bronzor|Rock Slide|p1a: Greavard\n|-damage|p1a: Greavard|66\/100 par\n|cant|p1a: Greavard|par\n|\n|-sideend|p2: lvcinda|Reflect\n|upkeep\n|\n|t:|1698706274\n|switch|p1b: Floragato|Floragato, M|88\/100\n|-damage|p1b: Floragato|76\/100|[from] Stealth Rock\n|turn|11\n|\n|t:|1698706285\n|move|p2a: Grotle|Superpower|p1b: Floragato\n|-damage|p1b: Floragato|0 fnt\n|-unboost|p2a: Grotle|atk|1\n|-unboost|p2a: Grotle|def|1\n|faint|p1b: Floragato\n|move|p2b: Bronzor|Rock Slide|p1a: Greavard\n|-damage|p1a: Greavard|62\/100 par\n|cant|p1a: Greavard|flinch\n|\n|upkeep\n|c|\u2606UnBooosted|gg\n|inactive|UnBooosted has 120 seconds left.\n|-message|UnBooosted forfeited.\n|\n|win|lvcinda\n|n|\u2606UnBooosted|unbooosted\n|n|\u2606lvcinda|lvcinda\n|n|*Lady Monita \u263d|ladymonita\n|n| HEAVY-DUTY B0OTY|heavydutyb0oty\n|n| BigSilverBilver|bigsilverbilver\n","uploadtime":1698706298,"views":17,"p1id":"unbooosted","p2id":"lvcinda","formatid":"gen9doublesou","rating":0,"private":0,"password":""}