{"id":"gen9doublesou-1975347244","p1":"Miss Toni","p2":"Howfalcons","format":"[Gen 9] Doubles OU","log":"|j|\u2606Miss Toni\n|j|\u2606Howfalcons\n|t:|1698181957\n|gametype|doubles\n|player|p1|Miss Toni|lass-gen8|1599\n|player|p2|Howfalcons|clown|1705\n|teamsize|p1|6\n|teamsize|p2|6\n|gen|9\n|tier|[Gen 9] Doubles OU\n|rated|\n|rule|Species Clause: Limit one of each Pok\u00e9mon\n|rule|OHKO Clause: OHKO moves are banned\n|rule|Evasion Moves Clause: Evasion moves are banned\n|rule|Gravity Sleep Clause: The combination of sleep-inducing moves with imperfect accuracy and Gravity or Gigantamax Orbeetle are banned\n|rule|Endless Battle Clause: Forcing endless battles is banned\n|rule|HP Percentage Mod: HP is shown in percentages\n|clearpoke\n|poke|p1|Iron Jugulis|\n|poke|p1|Brute Bonnet|\n|poke|p1|Ting-Lu|\n|poke|p1|Landorus, M|\n|poke|p1|Tauros-Paldea-Combat, M|\n|poke|p1|Klefki, F|\n|poke|p2|Grimmsnarl, M|\n|poke|p2|Palafin, F|\n|poke|p2|Iron Hands|\n|poke|p2|Cresselia, F|\n|poke|p2|Rillaboom, F|\n|poke|p2|Heatran, F|\n|teampreview\n|inactive|Battle timer is ON: inactive players will automatically lose when time's up. (requested by Miss Toni)\n|c|\u2606Howfalcons|Cool team\n|c|\u2606Howfalcons|Gl hf\n|\n|t:|1698181979\n|start\n|switch|p1a: Tauros|Tauros-Paldea-Combat, M|100\/100\n|switch|p1b: Klefki|Klefki, F|100\/100\n|switch|p2a: Billygoats Gruff|Grimmsnarl, M, shiny|100\/100\n|switch|p2b: Dolph Lundgren|Palafin, F|100\/100\n|-ability|p1a: Tauros|Intimidate|boost\n|-unboost|p2a: Billygoats Gruff|atk|1\n|-unboost|p2b: Dolph Lundgren|atk|1\n|turn|1\n|c|\u2606Miss Toni|Thanks\n|\n|t:|1698181998\n|switch|p1a: Ting-Lu|Ting-Lu|100\/100\n|-ability|p1a: Ting-Lu|Vessel of Ruin\n|detailschange|p2b: Dolph Lundgren|Palafin-Hero, F\n|switch|p2b: Duck and Cover|Cresselia, F|100\/100\n|move|p1b: Klefki|Reflect|p1b: Klefki\n|-sidestart|p1: Miss Toni|Reflect\n|move|p2a: Billygoats Gruff|Light Screen|p2a: Billygoats Gruff\n|-sidestart|p2: Howfalcons|move: Light Screen\n|\n|upkeep\n|turn|2\n|\n|t:|1698182011\n|switch|p2b: Sweet Science|Iron Hands|100\/100\n|move|p1b: Klefki|Light Screen|p1b: Klefki\n|-sidestart|p1: Miss Toni|move: Light Screen\n|move|p2a: Billygoats Gruff|Reflect|p2a: Billygoats Gruff\n|-sidestart|p2: Howfalcons|Reflect\n|move|p1a: Ting-Lu|Payback|p2b: Sweet Science\n|-resisted|p2b: Sweet Science\n|-damage|p2b: Sweet Science|94\/100\n|\n|-heal|p2b: Sweet Science|100\/100|[from] item: Leftovers\n|upkeep\n|turn|3\n|\n|t:|1698182031\n|move|p1b: Klefki|Steel Beam|p2a: Billygoats Gruff\n|-supereffective|p2a: Billygoats Gruff\n|-damage|p2a: Billygoats Gruff|59\/100\n|-damage|p1b: Klefki|50\/100|[from] steelbeam\n|move|p2a: Billygoats Gruff|Spirit Break|p1a: Ting-Lu\n|-supereffective|p1a: Ting-Lu\n|-damage|p1a: Ting-Lu|86\/100\n|-unboost|p1a: Ting-Lu|spa|1\n|-enditem|p1a: Ting-Lu|Weakness Policy\n|-boost|p1a: Ting-Lu|atk|2|[from] item: Weakness Policy\n|-boost|p1a: Ting-Lu|spa|2|[from] item: Weakness Policy\n|move|p2b: Sweet Science|Swords Dance|p2b: Sweet Science\n|-boost|p2b: Sweet Science|atk|2\n|move|p1a: Ting-Lu|Stomping Tantrum|p2b: Sweet Science\n|-supereffective|p2b: Sweet Science\n|-damage|p2b: Sweet Science|32\/100\n|\n|-heal|p2b: Sweet Science|38\/100|[from] item: Leftovers\n|upkeep\n|turn|4\n|\n|t:|1698182060\n|switch|p1b: Tauros|Tauros-Paldea-Combat, M|100\/100\n|-ability|p1b: Tauros|Intimidate|boost\n|-unboost|p2a: Billygoats Gruff|atk|1\n|-unboost|p2b: Sweet Science|atk|1\n|move|p2a: Billygoats Gruff|Spirit Break|p1a: Ting-Lu\n|-supereffective|p1a: Ting-Lu\n|-damage|p1a: Ting-Lu|73\/100\n|-unboost|p1a: Ting-Lu|spa|1\n|move|p2b: Sweet Science|Drain Punch|p1a: Ting-Lu\n|-supereffective|p1a: Ting-Lu\n|-damage|p1a: Ting-Lu|27\/100\n|-heal|p2b: Sweet Science|64\/100|[from] drain|[of] p1a: Ting-Lu\n|move|p1a: Ting-Lu|Stomping Tantrum|p2b: Sweet Science\n|-supereffective|p2b: Sweet Science\n|-crit|p2b: Sweet Science\n|-damage|p2b: Sweet Science|0 fnt\n|faint|p2b: Sweet Science\n|-end|p2b: Sweet Science|Quark Drive|[silent]\n|\n|upkeep\n|\n|t:|1698182064\n|switch|p2b: Dolph Lundgren|Palafin-Hero, F|100\/100\n|-activate|p2b: Dolph Lundgren|ability: Zero to Hero\n|turn|5\n|\n|t:|1698182088\n|move|p1b: Tauros|Sandstorm|p1b: Tauros\n|-weather|Sandstorm\n|move|p2b: Dolph Lundgren|Bulk Up|p2b: Dolph Lundgren\n|-boost|p2b: Dolph Lundgren|atk|1\n|-boost|p2b: Dolph Lundgren|def|1\n|move|p2a: Billygoats Gruff|Spirit Break|p1a: Ting-Lu\n|-supereffective|p1a: Ting-Lu\n|-damage|p1a: Ting-Lu|16\/100\n|-unboost|p1a: Ting-Lu|spa|1\n|move|p1a: Ting-Lu|Stomping Tantrum|p2a: Billygoats Gruff\n|-damage|p2a: Billygoats Gruff|11\/100\n|\n|-weather|Sandstorm|[upkeep]\n|-damage|p1b: Tauros|94\/100|[from] Sandstorm\n|-damage|p2b: Dolph Lundgren|94\/100|[from] Sandstorm\n|-damage|p2a: Billygoats Gruff|5\/100|[from] Sandstorm\n|-heal|p2b: Dolph Lundgren|100\/100|[from] item: Leftovers\n|upkeep\n|turn|6\n|\n|t:|1698182105\n|move|p2a: Billygoats Gruff|Parting Shot|p1b: Tauros\n|-unboost|p1b: Tauros|atk|1\n|-unboost|p1b: Tauros|spa|1\n|\n|t:|1698182108\n|switch|p2a: Return to Monke|Rillaboom, F|100\/100|[from] Parting Shot\n|-fieldstart|move: Grassy Terrain|[from] ability: Grassy Surge|[of] p2a: Return to Monke\n|move|p1b: Tauros|Wild Charge|p2b: Dolph Lundgren\n|-supereffective|p2b: Dolph Lundgren\n|-damage|p2b: Dolph Lundgren|85\/100\n|-damage|p1b: Tauros|89\/100|[from] Recoil\n|move|p2b: Dolph Lundgren|Bulk Up|p2b: Dolph Lundgren\n|-boost|p2b: Dolph Lundgren|atk|1\n|-boost|p2b: Dolph Lundgren|def|1\n|move|p1a: Ting-Lu|Payback|p2b: Dolph Lundgren\n|-damage|p2b: Dolph Lundgren|54\/100\n|\n|-weather|Sandstorm|[upkeep]\n|-damage|p1b: Tauros|83\/100|[from] Sandstorm\n|-damage|p2b: Dolph Lundgren|48\/100|[from] Sandstorm\n|-damage|p2a: Return to Monke|94\/100|[from] Sandstorm\n|-heal|p1b: Tauros|89\/100|[from] Grassy Terrain\n|-heal|p2b: Dolph Lundgren|54\/100|[from] Grassy Terrain\n|-heal|p2b: Dolph Lundgren|60\/100|[from] item: Leftovers\n|-heal|p2a: Return to Monke|100\/100|[from] Grassy Terrain\n|-heal|p1a: Ting-Lu|22\/100|[from] Grassy Terrain\n|upkeep\n|turn|7\n|\n|t:|1698182132\n|switch|p1b: Klefki|Klefki, F|50\/100\n|move|p1a: Ting-Lu|Protect|p1a: Ting-Lu\n|-singleturn|p1a: Ting-Lu|Protect\n|move|p2b: Dolph Lundgren|Drain Punch|p1b: Klefki\n|-damage|p1b: Klefki|11\/100\n|-heal|p2b: Dolph Lundgren|76\/100|[from] drain|[of] p1b: Klefki\n|move|p2a: Return to Monke|Brick Break|p1a: Ting-Lu\n|-activate|p1a: Ting-Lu|move: Protect\n|\n|-weather|Sandstorm|[upkeep]\n|-damage|p2b: Dolph Lundgren|70\/100|[from] Sandstorm\n|-damage|p2a: Return to Monke|94\/100|[from] Sandstorm\n|-heal|p2b: Dolph Lundgren|76\/100|[from] Grassy Terrain\n|-heal|p2b: Dolph Lundgren|82\/100|[from] item: Leftovers\n|-heal|p2a: Return to Monke|100\/100|[from] Grassy Terrain\n|-heal|p1b: Klefki|17\/100|[from] Grassy Terrain\n|-heal|p1a: Ting-Lu|28\/100|[from] Grassy Terrain\n|upkeep\n|turn|8\n|\n|t:|1698182157\n|move|p1b: Klefki|Thunder Wave|p2b: Dolph Lundgren\n|-status|p2b: Dolph Lundgren|par\n|move|p2a: Return to Monke|Brick Break|p1b: Klefki\n|-sideend|p1: Miss Toni|Reflect\n|-sideend|p1: Miss Toni|move: Light Screen\n|-damage|p1b: Klefki|0 fnt\n|faint|p1b: Klefki\n|move|p1a: Ting-Lu|Payback|p2a: Return to Monke\n|-damage|p2a: Return to Monke|39\/100\n|move|p2b: Dolph Lundgren|Drain Punch|p1a: Ting-Lu\n|-supereffective|p1a: Ting-Lu\n|-damage|p1a: Ting-Lu|0 fnt\n|-heal|p2b: Dolph Lundgren|99\/100 par|[from] drain|[of] p1a: Ting-Lu\n|faint|p1a: Ting-Lu\n|\n|-weather|Sandstorm|[upkeep]\n|-damage|p2a: Return to Monke|33\/100|[from] Sandstorm\n|-damage|p2b: Dolph Lundgren|93\/100 par|[from] Sandstorm\n|-heal|p2a: Return to Monke|39\/100|[from] Grassy Terrain\n|-heal|p2b: Dolph Lundgren|99\/100 par|[from] Grassy Terrain\n|-heal|p2b: Dolph Lundgren|100\/100 par|[from] item: Leftovers\n|-sideend|p2: Howfalcons|move: Light Screen\n|upkeep\n|inactive|Miss Toni has 120 seconds left.\n|\n|t:|1698182181\n|switch|p1b: Landorus|Landorus, M|100\/100\n|switch|p1a: Iron Jugulis|Iron Jugulis|100\/100\n|-enditem|p1a: Iron Jugulis|Booster Energy\n|-activate|p1a: Iron Jugulis|ability: Quark Drive|[fromitem]\n|-start|p1a: Iron Jugulis|quarkdrivespa\n|turn|9\n|\n|t:|1698182194\n|switch|p2a: Duck and Cover|Cresselia, F|100\/100\n|move|p2b: Dolph Lundgren|Jet Punch|p1b: Landorus\n|-supereffective|p1b: Landorus\n|-damage|p1b: Landorus|0 fnt\n|faint|p1b: Landorus\n|move|p1a: Iron Jugulis|Air Slash|p2a: Duck and Cover\n|-damage|p2a: Duck and Cover|70\/100\n|\n|-weather|Sandstorm|[upkeep]\n|-damage|p1a: Iron Jugulis|94\/100|[from] Sandstorm\n|-damage|p2b: Dolph Lundgren|94\/100 par|[from] Sandstorm\n|-heal|p2b: Dolph Lundgren|100\/100 par|[from] Grassy Terrain\n|-sideend|p2: Howfalcons|Reflect\n|upkeep\n|\n|t:|1698182206\n|switch|p1b: Tauros|Tauros-Paldea-Combat, M|89\/100\n|-ability|p1b: Tauros|Intimidate|boost\n|-unboost|p2a: Duck and Cover|atk|1\n|-unboost|p2b: Dolph Lundgren|atk|1\n|turn|10\n|inactive|Howfalcons has 120 seconds left.\n|\n|t:|1698182251\n|switch|p2a: Return to Monke|Rillaboom, F|39\/100\n|-terastallize|p1a: Iron Jugulis|Dark\n|move|p1a: Iron Jugulis|Dark Pulse|p2b: Dolph Lundgren\n|-damage|p2b: Dolph Lundgren|45\/100 par\n|move|p1b: Tauros|Wild Charge|p2b: Dolph Lundgren\n|-supereffective|p2b: Dolph Lundgren\n|-damage|p2b: Dolph Lundgren|17\/100 par\n|-damage|p1b: Tauros|79\/100|[from] Recoil\n|move|p2b: Dolph Lundgren|Bulk Up|p2b: Dolph Lundgren\n|-boost|p2b: Dolph Lundgren|atk|1\n|-boost|p2b: Dolph Lundgren|def|1\n|\n|-weather|Sandstorm|[upkeep]\n|-damage|p1a: Iron Jugulis|88\/100|[from] Sandstorm\n|-damage|p1b: Tauros|73\/100|[from] Sandstorm\n|-damage|p2a: Return to Monke|33\/100|[from] Sandstorm\n|-damage|p2b: Dolph Lundgren|11\/100 par|[from] Sandstorm\n|-heal|p1a: Iron Jugulis|94\/100|[from] Grassy Terrain\n|-heal|p1b: Tauros|79\/100|[from] Grassy Terrain\n|-heal|p2a: Return to Monke|39\/100|[from] Grassy Terrain\n|-heal|p2b: Dolph Lundgren|17\/100 par|[from] Grassy Terrain\n|-heal|p2b: Dolph Lundgren|23\/100 par|[from] item: Leftovers\n|-fieldend|move: Grassy Terrain\n|upkeep\n|turn|11\n|inactive|Howfalcons has 120 seconds left.\n|inactive|Miss Toni has 120 seconds left.\n|\n|t:|1698182282\n|move|p1a: Iron Jugulis|Protect|p1a: Iron Jugulis\n|-singleturn|p1a: Iron Jugulis|Protect\n|move|p2a: Return to Monke|Fake Out|p1b: Tauros\n|-damage|p1b: Tauros|66\/100\n|move|p2b: Dolph Lundgren|Jet Punch|p1a: Iron Jugulis\n|-activate|p1a: Iron Jugulis|move: Protect\n|cant|p1b: Tauros|flinch\n|\n|-weather|Sandstorm|[upkeep]\n|-damage|p1a: Iron Jugulis|88\/100|[from] Sandstorm\n|-damage|p1b: Tauros|60\/100|[from] Sandstorm\n|-damage|p2a: Return to Monke|33\/100|[from] Sandstorm\n|-damage|p2b: Dolph Lundgren|17\/100 par|[from] Sandstorm\n|-heal|p2b: Dolph Lundgren|23\/100 par|[from] item: Leftovers\n|upkeep\n|turn|12\n|inactive|Howfalcons has 120 seconds left.\n|\n|t:|1698182296\n|switch|p2a: Duck and Cover|Cresselia, F|70\/100\n|move|p2b: Dolph Lundgren|Jet Punch|p1a: Iron Jugulis\n|-damage|p1a: Iron Jugulis|19\/100\n|move|p1a: Iron Jugulis|Dark Pulse|p2b: Dolph Lundgren\n|-damage|p2b: Dolph Lundgren|0 fnt\n|faint|p2b: Dolph Lundgren\n|move|p1b: Tauros|Close Combat|p2a: Duck and Cover\n|-resisted|p2a: Duck and Cover\n|-damage|p2a: Duck and Cover|51\/100\n|-unboost|p1b: Tauros|def|1\n|-unboost|p1b: Tauros|spd|1\n|\n|-weather|none\n|upkeep\n|inactive|Howfalcons has 120 seconds left.\n|\n|t:|1698182319\n|switch|p2b: Billygoats Gruff|Grimmsnarl, M, shiny|5\/100\n|turn|13\n|inactive|Howfalcons has 120 seconds left.\n|\n|t:|1698182341\n|move|p2b: Billygoats Gruff|Light Screen|p2b: Billygoats Gruff\n|-sidestart|p2: Howfalcons|move: Light Screen\n|move|p1a: Iron Jugulis|Dark Pulse|p2a: Duck and Cover\n|-supereffective|p2a: Duck and Cover\n|-damage|p2a: Duck and Cover|0 fnt\n|faint|p2a: Duck and Cover\n|move|p1b: Tauros|Close Combat|p2b: Billygoats Gruff\n|-damage|p2b: Billygoats Gruff|0 fnt\n|-unboost|p1b: Tauros|def|1\n|-unboost|p1b: Tauros|spd|1\n|faint|p2b: Billygoats Gruff\n|\n|upkeep\n|\n|t:|1698182357\n|switch|p2a: Return to Monke|Rillaboom, F|33\/100\n|switch|p2b: Froggetabout it|Heatran, F|100\/100\n|-fieldstart|move: Grassy Terrain|[from] ability: Grassy Surge|[of] p2a: Return to Monke\n|turn|14\n|\n|t:|1698182364\n|switch|p1b: Brute Bonnet|Brute Bonnet|100\/100\n|-enditem|p1b: Brute Bonnet|Booster Energy\n|-activate|p1b: Brute Bonnet|ability: Protosynthesis|[fromitem]\n|-start|p1b: Brute Bonnet|protosynthesisatk\n|move|p1a: Iron Jugulis|Protect|p1a: Iron Jugulis\n|-singleturn|p1a: Iron Jugulis|Protect\n|move|p2a: Return to Monke|Fake Out|p1b: Brute Bonnet\n|-damage|p1b: Brute Bonnet|89\/100\n|move|p2b: Froggetabout it|Heat Wave|p1a: Iron Jugulis|[spread] p1b\n|-activate|p1a: Iron Jugulis|move: Protect\n|-supereffective|p1b: Brute Bonnet\n|-damage|p1b: Brute Bonnet|27\/100\n|\n|-heal|p1a: Iron Jugulis|26\/100|[from] Grassy Terrain\n|-heal|p2a: Return to Monke|39\/100|[from] Grassy Terrain\n|-heal|p1b: Brute Bonnet|33\/100|[from] Grassy Terrain\n|upkeep\n|turn|15\n|\n|t:|1698182383\n|-terastallize|p2b: Froggetabout it|Grass\n|move|p1b: Brute Bonnet|Sucker Punch|p2b: Froggetabout it\n|-damage|p2b: Froggetabout it|56\/100\n|move|p1a: Iron Jugulis|Air Slash|p2a: Return to Monke\n|-supereffective|p2a: Return to Monke\n|-damage|p2a: Return to Monke|0 fnt\n|faint|p2a: Return to Monke\n|move|p2b: Froggetabout it|Heat Wave|p1a: Iron Jugulis|[spread] p1a,p1b\n|-supereffective|p1b: Brute Bonnet\n|-damage|p1a: Iron Jugulis|0 fnt\n|-damage|p1b: Brute Bonnet|0 fnt\n|faint|p1a: Iron Jugulis\n|-end|p1a: Iron Jugulis|Quark Drive|[silent]\n|faint|p1b: Brute Bonnet\n|-end|p1b: Brute Bonnet|Protosynthesis|[silent]\n|\n|-heal|p2b: Froggetabout it|62\/100|[from] Grassy Terrain\n|upkeep\n|\n|t:|1698182396\n|switch|p1a: Tauros|Tauros-Paldea-Combat, M|60\/100\n|-ability|p1a: Tauros|Intimidate|boost\n|-unboost|p2b: Froggetabout it|atk|1\n|turn|16\n|\n|t:|1698182405\n|move|p1a: Tauros|Close Combat|p2b: Froggetabout it\n|-damage|p2b: Froggetabout it|11\/100\n|-unboost|p1a: Tauros|def|1\n|-unboost|p1a: Tauros|spd|1\n|move|p2b: Froggetabout it|Tera Blast|p1a: Tauros|[anim] Tera Blast Grass\n|-damage|p1a: Tauros|0 fnt\n|faint|p1a: Tauros\n|\n|win|Howfalcons\n|raw|Miss Toni's rating: 1599 &rarr; <strong>1585<\/strong><br \/>(-14 for losing)\n|raw|Howfalcons's rating: 1705 &rarr; <strong>1719<\/strong><br \/>(+14 for winning)\n|c|\u2606Howfalcons|GG\n|c|\u2606Miss Toni|gg\n","uploadtime":1698182418,"views":25,"p1id":"misstoni","p2id":"howfalcons","formatid":"gen9doublesou","rating":1585,"private":0,"password":""}