{"id":"gen9doublesou-1993140667","p1":"Dragonite of CA","p2":"King_snk","format":"[Gen 9] Doubles OU","log":"|j|\u2606Dragonite of CA\n|j|\u2606King_snk\n|t:|1700269618\n|gametype|doubles\n|player|p1|Dragonite of CA|n|1149\n|player|p2|King_snk|265|1255\n|teamsize|p1|6\n|teamsize|p2|6\n|gen|9\n|tier|[Gen 9] Doubles OU\n|rated|\n|rule|Species Clause: Limit one of each Pok\u00e9mon\n|rule|OHKO Clause: OHKO moves are banned\n|rule|Evasion Moves Clause: Evasion moves are banned\n|rule|Gravity Sleep Clause: The combination of sleep-inducing moves with imperfect accuracy and Gravity or Gigantamax Orbeetle are banned\n|rule|Endless Battle Clause: Forcing endless battles is banned\n|rule|HP Percentage Mod: HP is shown in percentages\n|clearpoke\n|poke|p1|Pelipper, M|\n|poke|p1|Ogerpon-Wellspring, F|\n|poke|p1|Poliwrath, M|\n|poke|p1|Alomomola, F|\n|poke|p1|Crawdaunt, M|\n|poke|p1|Basculegion-F, F|\n|poke|p2|Indeedee-F, F|\n|poke|p2|Armarouge, M|\n|poke|p2|Regieleki|\n|poke|p2|Sneasler, F|\n|poke|p2|Cresselia, F|\n|poke|p2|Ursaluna-Bloodmoon, M|\n|teampreview\n|inactive|Battle timer is ON: inactive players will automatically lose when time's up. (requested by Dragonite of CA)\n|\n|t:|1700269637\n|start\n|switch|p1a: Pelipper|Pelipper, M, shiny|100\/100\n|switch|p1b: Basculegion|Basculegion-F, F, shiny|100\/100\n|switch|p2a: Indeedee|Indeedee-F, F|100\/100\n|switch|p2b: Armarouge|Armarouge, M|100\/100\n|-fieldstart|move: Psychic Terrain|[from] ability: Psychic Surge|[of] p2a: Indeedee\n|-weather|RainDance|[from] ability: Drizzle|[of] p1a: Pelipper\n|turn|1\n|\n|t:|1700269656\n|move|p2a: Indeedee|Follow Me|p2a: Indeedee\n|-singleturn|p2a: Indeedee|move: Follow Me\n|move|p1b: Basculegion|Surf|p2b: Armarouge|[spread] p1a,p2a,p2b\n|-resisted|p1a: Pelipper\n|-supereffective|p2b: Armarouge\n|-damage|p1a: Pelipper|50\/100\n|-damage|p2a: Indeedee|36\/100\n|-damage|p2b: Armarouge|0 fnt\n|faint|p2b: Armarouge\n|move|p1a: Pelipper|Hurricane|p2a: Indeedee\n|-damage|p2a: Indeedee|0 fnt\n|faint|p2a: Indeedee\n|\n|-weather|RainDance|[upkeep]\n|upkeep\n|\n|t:|1700269672\n|switch|p2b: Regieleki|Regieleki|100\/100\n|switch|p2a: Cresselia|Cresselia, F|100\/100\n|turn|2\n|\n|t:|1700269686\n|-terastallize|p1b: Basculegion|Fairy\n|move|p2b: Regieleki|Protect|p2b: Regieleki\n|-singleturn|p2b: Regieleki|Protect\n|move|p2a: Cresselia|Protect|p2a: Cresselia\n|-singleturn|p2a: Cresselia|Protect\n|move|p1b: Basculegion|Surf|p2b: Regieleki|[spread] p1a\n|-activate|p2a: Cresselia|move: Protect\n|-activate|p2b: Regieleki|move: Protect\n|-resisted|p1a: Pelipper\n|-damage|p1a: Pelipper|0 fnt\n|faint|p1a: Pelipper\n|\n|-weather|RainDance|[upkeep]\n|upkeep\n|\n|t:|1700269693\n|switch|p1a: Ogerpon|Ogerpon-Wellspring, F|100\/100\n|turn|3\n|\n|t:|1700269713\n|move|p1a: Ogerpon|Follow Me|p1a: Ogerpon\n|-singleturn|p1a: Ogerpon|move: Follow Me\n|move|p2b: Regieleki|Thunderbolt|p1a: Ogerpon\n|-damage|p1a: Ogerpon|50\/100\n|move|p1b: Basculegion|Surf|p2a: Cresselia|[spread] p2a,p2b\n|-heal|p1a: Ogerpon|75\/100|[from] ability: Water Absorb|[of] p1b: Basculegion\n|-damage|p2a: Cresselia|59\/100\n|-enditem|p2b: Regieleki|Focus Sash\n|-damage|p2b: Regieleki|1\/100\n|move|p2a: Cresselia|Icy Wind|p1a: Ogerpon|[spread] p1a,p1b\n|-damage|p1a: Ogerpon|69\/100\n|-damage|p1b: Basculegion|92\/100\n|-unboost|p1a: Ogerpon|spe|1\n|-unboost|p1b: Basculegion|spe|1\n|\n|-weather|RainDance|[upkeep]\n|-heal|p2a: Cresselia|65\/100|[from] item: Leftovers\n|upkeep\n|turn|4\n|\n|t:|1700269735\n|move|p2b: Regieleki|Protect|p2b: Regieleki\n|-singleturn|p2b: Regieleki|Protect\n|move|p2a: Cresselia|Protect|p2a: Cresselia\n|-singleturn|p2a: Cresselia|Protect\n|move|p1a: Ogerpon|Follow Me|p1a: Ogerpon\n|-singleturn|p1a: Ogerpon|move: Follow Me\n|move|p1b: Basculegion|Surf|p2b: Regieleki|[spread] \n|-activate|p2a: Cresselia|move: Protect\n|-activate|p2b: Regieleki|move: Protect\n|-heal|p1a: Ogerpon|94\/100|[from] ability: Water Absorb|[of] p1b: Basculegion\n|\n|-weather|RainDance|[upkeep]\n|-heal|p2a: Cresselia|71\/100|[from] item: Leftovers\n|upkeep\n|turn|5\n|\n|t:|1700269757\n|move|p1a: Ogerpon|Follow Me|p1a: Ogerpon\n|-singleturn|p1a: Ogerpon|move: Follow Me\n|move|p2b: Regieleki|Electroweb|p1b: Basculegion|[spread] p1a,p1b\n|-damage|p1a: Ogerpon|71\/100\n|-damage|p1b: Basculegion|67\/100\n|-unboost|p1a: Ogerpon|spe|1\n|-unboost|p1b: Basculegion|spe|1\n|move|p1b: Basculegion|Surf|p2b: Regieleki|[spread] p2a,p2b\n|-heal|p1a: Ogerpon|96\/100|[from] ability: Water Absorb|[of] p1b: Basculegion\n|-damage|p2a: Cresselia|23\/100\n|-damage|p2b: Regieleki|0 fnt\n|faint|p2b: Regieleki\n|move|p2a: Cresselia|Lunar Blessing|p2a: Cresselia\n|-heal|p2a: Cresselia|48\/100\n|\n|-weather|RainDance|[upkeep]\n|-heal|p2a: Cresselia|54\/100|[from] item: Leftovers\n|-fieldend|move: Psychic Terrain\n|upkeep\n|inactive|King_snk has 120 seconds left.\n|\n|t:|1700269779\n|switch|p2b: Sneasler|Sneasler, F|100\/100\n|turn|6\n|\n|t:|1700269789\n|move|p2b: Sneasler|Protect|p2b: Sneasler\n|-singleturn|p2b: Sneasler|Protect\n|move|p2a: Cresselia|Protect|p2a: Cresselia\n|-singleturn|p2a: Cresselia|Protect\n|move|p1b: Basculegion|Surf|p2b: Sneasler|[spread] \n|-activate|p2a: Cresselia|move: Protect\n|-activate|p2b: Sneasler|move: Protect\n|-heal|p1a: Ogerpon|100\/100|[from] ability: Water Absorb|[of] p1b: Basculegion\n|move|p1a: Ogerpon|Ivy Cudgel|p2b: Sneasler|[anim] Ivy Cudgel Water\n|-activate|p2b: Sneasler|move: Protect\n|\n|-weather|RainDance|[upkeep]\n|-heal|p2a: Cresselia|60\/100|[from] item: Leftovers\n|upkeep\n|turn|7\n|\n|t:|1700269810\n|-terastallize|p2b: Sneasler|Poison\n|move|p2a: Cresselia|Ally Switch||[still]\n|-fail|p2a: Cresselia\n|move|p1a: Ogerpon|Follow Me|p1a: Ogerpon\n|-singleturn|p1a: Ogerpon|move: Follow Me\n|move|p2b: Sneasler|Dire Claw|p1a: Ogerpon\n|-supereffective|p1a: Ogerpon\n|-damage|p1a: Ogerpon|0 fnt\n|faint|p1a: Ogerpon\n|move|p1b: Basculegion|Surf|p2b: Sneasler|[spread] p2a,p2b\n|-damage|p2a: Cresselia|17\/100\n|-damage|p2b: Sneasler|8\/100\n|\n|-weather|RainDance|[upkeep]\n|-heal|p2a: Cresselia|23\/100|[from] item: Leftovers\n|upkeep\n|\n|t:|1700269823\n|switch|p1a: Crawdaunt|Crawdaunt, M|100\/100\n|turn|8\n|\n|t:|1700269831\n|switch|p1b: Alomomola|Alomomola, F|100\/100\n|move|p2b: Sneasler|Protect|p2b: Sneasler\n|-singleturn|p2b: Sneasler|Protect\n|move|p2a: Cresselia|Protect|p2a: Cresselia\n|-singleturn|p2a: Cresselia|Protect\n|move|p1a: Crawdaunt|Rock Slide|p2b: Sneasler|[spread] \n|-activate|p2a: Cresselia|move: Protect\n|-activate|p2b: Sneasler|move: Protect\n|\n|-weather|none\n|-heal|p2a: Cresselia|29\/100|[from] item: Leftovers\n|upkeep\n|turn|9\n|\n|t:|1700269851\n|move|p2b: Sneasler|Close Combat|p1a: Crawdaunt\n|-supereffective|p1a: Crawdaunt\n|-damage|p1a: Crawdaunt|0 fnt\n|-unboost|p2b: Sneasler|def|1\n|-unboost|p2b: Sneasler|spd|1\n|faint|p1a: Crawdaunt\n|move|p2a: Cresselia|Lunar Blessing|p2a: Cresselia|[spread] p2a,p2b\n|-heal|p2a: Cresselia|54\/100\n|-heal|p2b: Sneasler|33\/100\n|move|p1b: Alomomola|Wish|p1b: Alomomola\n|\n|-heal|p2a: Cresselia|60\/100|[from] item: Leftovers\n|upkeep\n|\n|t:|1700269860\n|switch|p1a: Poliwrath|Poliwrath, M|100\/100\n|turn|10\n|\n|t:|1700269880\n|switch|p1b: Basculegion|Basculegion-F, F, shiny, tera:Fairy|67\/100\n|move|p2b: Sneasler|Dire Claw|p1b: Basculegion\n|-supereffective|p1b: Basculegion\n|-damage|p1b: Basculegion|0 fnt\n|faint|p1b: Basculegion\n|move|p1a: Poliwrath|Knock Off|p2a: Cresselia\n|-supereffective|p2a: Cresselia\n|-damage|p2a: Cresselia|22\/100\n|-enditem|p2a: Cresselia|Leftovers|[from] move: Knock Off|[of] p1a: Poliwrath\n|move|p2a: Cresselia|Lunar Blessing|p2a: Cresselia|[spread] p2a,p2b\n|-heal|p2a: Cresselia|47\/100\n|-heal|p2b: Sneasler|58\/100\n|\n|upkeep\n|\n|t:|1700269885\n|switch|p1b: Alomomola|Alomomola, F|100\/100\n|turn|11\n|\n|t:|1700269902\n|move|p2b: Sneasler|Dire Claw|p1a: Poliwrath\n|-damage|p1a: Poliwrath|33\/100\n|-enditem|p1a: Poliwrath|Sitrus Berry|[eat]\n|-heal|p1a: Poliwrath|58\/100|[from] item: Sitrus Berry\n|move|p1a: Poliwrath|Belly Drum|p1a: Poliwrath\n|-damage|p1a: Poliwrath|8\/100\n|-setboost|p1a: Poliwrath|atk|6|[from] move: Belly Drum\n|move|p2a: Cresselia|Lunar Blessing|p2a: Cresselia|[spread] p2a,p2b\n|-heal|p2a: Cresselia|72\/100\n|-heal|p2b: Sneasler|83\/100\n|move|p1b: Alomomola|Hydro Pump|p2b: Sneasler\n|-damage|p2b: Sneasler|44\/100\n|\n|upkeep\n|turn|12\n|\n|t:|1700269927\n|move|p2b: Sneasler|Dire Claw|p1a: Poliwrath\n|-damage|p1a: Poliwrath|0 fnt\n|faint|p1a: Poliwrath\n|move|p2a: Cresselia|Lunar Blessing|p2a: Cresselia|[spread] p2a,p2b\n|-heal|p2a: Cresselia|97\/100\n|-heal|p2b: Sneasler|68\/100\n|move|p1b: Alomomola|Hydro Pump|p2b: Sneasler\n|-damage|p2b: Sneasler|33\/100\n|\n|upkeep\n|turn|13\n|-message|Dragonite of CA forfeited.\n|\n|win|King_snk\n|raw|Dragonite of CA's rating: 1149 &rarr; <strong>1131<\/strong><br \/>(-18 for losing)\n|raw|King_snk's rating: 1255 &rarr; <strong>1273<\/strong><br \/>(+18 for winning)\n|l|\u2606Dragonite of CA\n","uploadtime":1700269948,"views":12,"p1id":"dragoniteofca","p2id":"kingsnk","formatid":"gen9doublesou","rating":1131,"private":0,"password":""}