{"id":"gen9doublesou-1984473285","p1":"Attack on Bhaijan","p2":"taoe","format":"[Gen 9] Doubles OU","log":"|j|\u2606Attack on Bhaijan\n|j|\u2606taoe\n|t:|1699269309\n|gametype|doubles\n|player|p1|Attack on Bhaijan|drayden|1111\n|player|p2|taoe|pokekid|1143\n|teamsize|p1|6\n|teamsize|p2|6\n|gen|9\n|tier|[Gen 9] Doubles OU\n|rated|\n|rule|Species Clause: Limit one of each Pok\u00e9mon\n|rule|OHKO Clause: OHKO moves are banned\n|rule|Evasion Moves Clause: Evasion moves are banned\n|rule|Gravity Sleep Clause: The combination of sleep-inducing moves with imperfect accuracy and Gravity or Gigantamax Orbeetle are banned\n|rule|Endless Battle Clause: Forcing endless battles is banned\n|rule|HP Percentage Mod: HP is shown in percentages\n|clearpoke\n|poke|p1|Basculegion-F, F|\n|poke|p1|Ursaluna-Bloodmoon, M|\n|poke|p1|Oranguru, F|\n|poke|p1|Dragonite, F|\n|poke|p1|Maushold-Four|\n|poke|p1|Indeedee-F, F|\n|poke|p2|Torkoal, M|\n|poke|p2|Zapdos|\n|poke|p2|Slither Wing|\n|poke|p2|Iron Moth|\n|poke|p2|Iron Jugulis|\n|poke|p2|Breloom, M|\n|teampreview\n|inactive|Battle timer is ON: inactive players will automatically lose when time's up. (requested by Attack on Bhaijan)\n|\n|t:|1699269335\n|start\n|switch|p1a: Happi Family|Maushold-Four, shiny|100\/100\n|switch|p1b: Dumb Monke|Oranguru, F, shiny|100\/100\n|switch|p2a: Iron Jugulis|Iron Jugulis|100\/100\n|switch|p2b: Zapdos|Zapdos, shiny|100\/100\n|-enditem|p2a: Iron Jugulis|Booster Energy\n|-activate|p2a: Iron Jugulis|ability: Quark Drive|[fromitem]\n|-start|p2a: Iron Jugulis|quarkdrivespe\n|turn|1\n|\n|t:|1699269351\n|move|p2a: Iron Jugulis|Taunt|p1b: Dumb Monke\n|-start|p1b: Dumb Monke|move: Taunt\n|move|p1a: Happi Family|Tidy Up|p1a: Happi Family\n|-boost|p1a: Happi Family|atk|1\n|-boost|p1a: Happi Family|spe|1\n|move|p2b: Zapdos|Hurricane|p1a: Happi Family\n|-damage|p1a: Happi Family|20\/100\n|-start|p1a: Happi Family|confusion\n|cant|p1b: Dumb Monke|move: Taunt|Reflect\n|\n|upkeep\n|turn|2\n|\n|t:|1699269369\n|switch|p1b: Thikkk|Indeedee-F, F, shiny|100\/100\n|-activate|p1a: Happi Family|confusion\n|move|p1a: Happi Family|Population Bomb|p2a: Iron Jugulis\n|-damage|p2a: Iron Jugulis|85\/100\n|-damage|p2a: Iron Jugulis|70\/100\n|-damage|p2a: Iron Jugulis|57\/100\n|-damage|p2a: Iron Jugulis|42\/100\n|-damage|p2a: Iron Jugulis|27\/100\n|-damage|p2a: Iron Jugulis|13\/100\n|-damage|p2a: Iron Jugulis|0 fnt\n|faint|p2a: Iron Jugulis\n|-end|p2a: Iron Jugulis|Quark Drive|[silent]\n|-hitcount|p2: Iron Jugulis|7\n|move|p2b: Zapdos|Volt Switch|p1a: Happi Family\n|-damage|p1a: Happi Family|0 fnt\n|faint|p1a: Happi Family\n|\n|t:|1699269378\n|switch|p2b: Torkoal|Torkoal, M|100\/100|[from] Volt Switch\n|-weather|SunnyDay|[from] ability: Drought|[of] p2b: Torkoal\n|\n|-weather|SunnyDay|[upkeep]\n|upkeep\n|\n|t:|1699269391\n|switch|p1a: You guessed right|Basculegion-F, F, shiny|100\/100\n|switch|p2a: Slither Wing|Slither Wing|100\/100\n|-activate|p2a: Slither Wing|ability: Protosynthesis\n|-start|p2a: Slither Wing|protosynthesisatk\n|turn|3\n|\n|t:|1699269418\n|move|p2a: Slither Wing|First Impression|p1b: Thikkk\n|-supereffective|p1b: Thikkk\n|-damage|p1b: Thikkk|0 fnt\n|faint|p1b: Thikkk\n|-damage|p2a: Slither Wing|91\/100|[from] item: Life Orb\n|move|p1a: You guessed right|Surf|p2a: Slither Wing|[spread] p2a,p2b\n|-supereffective|p2b: Torkoal\n|-damage|p2a: Slither Wing|74\/100\n|-damage|p2b: Torkoal|71\/100\n|move|p2b: Torkoal|Stealth Rock|p1a: You guessed right\n|-sidestart|p1: Attack on Bhaijan|move: Stealth Rock\n|\n|-weather|SunnyDay|[upkeep]\n|upkeep\n|\n|t:|1699269429\n|switch|p1b: Dumb Monke|Oranguru, F, shiny|100\/100\n|-damage|p1b: Dumb Monke|88\/100|[from] Stealth Rock\n|turn|4\n|\n|t:|1699269449\n|switch|p1a: Supposed to be OP|Ursaluna-Bloodmoon, M|100\/100\n|-damage|p1a: Supposed to be OP|94\/100|[from] Stealth Rock\n|move|p2a: Slither Wing|Close Combat|p1b: Dumb Monke\n|-damage|p1b: Dumb Monke|0 fnt\n|-unboost|p2a: Slither Wing|def|1\n|-unboost|p2a: Slither Wing|spd|1\n|faint|p1b: Dumb Monke\n|-damage|p2a: Slither Wing|64\/100|[from] item: Life Orb\n|move|p2b: Torkoal|Lava Plume|p1a: Supposed to be OP|[spread] p2a,p1a\n|-supereffective|p2a: Slither Wing\n|-damage|p2a: Slither Wing|0 fnt\n|-damage|p1a: Supposed to be OP|63\/100\n|faint|p2a: Slither Wing\n|-end|p2a: Slither Wing|Protosynthesis|[silent]\n|\n|-weather|SunnyDay|[upkeep]\n|upkeep\n|\n|t:|1699269471\n|switch|p2a: Breloom|Breloom, M, shiny|100\/100\n|switch|p1b: Avocado|Dragonite, F, shiny|100\/100\n|-damage|p1b: Avocado|76\/100|[from] Stealth Rock\n|turn|5\n|\n|t:|1699269480\n|-terastallize|p2a: Breloom|Rock\n|move|p1a: Supposed to be OP|Protect|p1a: Supposed to be OP\n|-singleturn|p1a: Supposed to be OP|Protect\n|move|p1b: Avocado|Dragon Dance|p1b: Avocado\n|-boost|p1b: Avocado|atk|1\n|-boost|p1b: Avocado|spe|1\n|move|p2a: Breloom|Drain Punch|p1a: Supposed to be OP\n|-activate|p1a: Supposed to be OP|move: Protect\n|move|p2b: Torkoal|Lava Plume|p1a: Supposed to be OP|[spread] p2a,p1b\n|-activate|p1a: Supposed to be OP|move: Protect\n|-resisted|p2a: Breloom\n|-resisted|p1b: Avocado\n|-damage|p2a: Breloom|74\/100\n|-damage|p1b: Avocado|62\/100\n|-status|p1b: Avocado|brn\n|\n|-weather|SunnyDay|[upkeep]\n|-damage|p1b: Avocado|56\/100 brn|[from] brn\n|-status|p2a: Breloom|tox|[from] item: Toxic Orb\n|upkeep\n|turn|6\n|inactive|Attack on Bhaijan has 120 seconds left.\n|\n|t:|1699269518\n|move|p1b: Avocado|Scale Shot|p2a: Breloom\n|-damage|p2a: Breloom|59\/100 tox\n|-damage|p2a: Breloom|42\/100 tox\n|-damage|p2a: Breloom|26\/100 tox\n|-damage|p2a: Breloom|9\/100 tox\n|-hitcount|p2a: Breloom|4\n|-unboost|p1b: Avocado|def|1\n|-boost|p1b: Avocado|spe|1\n|move|p2a: Breloom|Drain Punch|p1a: Supposed to be OP\n|-supereffective|p1a: Supposed to be OP\n|-damage|p1a: Supposed to be OP|7\/100\n|-heal|p2a: Breloom|54\/100 tox|[from] drain|[of] p1a: Supposed to be OP\n|move|p1a: Supposed to be OP|Blood Moon|p2a: Breloom\n|-resisted|p2a: Breloom\n|-damage|p2a: Breloom|0 fnt\n|faint|p2a: Breloom\n|-heal|p1a: Supposed to be OP|11\/100|[from] item: Shell Bell|[of] p2: Breloom\n|move|p2b: Torkoal|Clear Smog|p1b: Avocado\n|-damage|p1b: Avocado|46\/100 brn\n|-clearboost|p1b: Avocado\n|\n|-weather|SunnyDay|[upkeep]\n|-damage|p1b: Avocado|40\/100 brn|[from] brn\n|upkeep\n|\n|t:|1699269525\n|switch|p2a: Iron Moth|Iron Moth|100\/100\n|turn|7\n|inactive|Attack on Bhaijan has 120 seconds left.\n|\n|t:|1699269551\n|move|p1a: Supposed to be OP|Protect|p1a: Supposed to be OP\n|-singleturn|p1a: Supposed to be OP|Protect\n|move|p2a: Iron Moth|Sludge Wave|p1a: Supposed to be OP|[spread] p2b,p1b\n|-activate|p1a: Supposed to be OP|move: Protect\n|-damage|p2b: Torkoal|17\/100\n|-damage|p1b: Avocado|0 fnt\n|faint|p1b: Avocado\n|move|p2b: Torkoal|Lava Plume|p1a: Supposed to be OP|[spread] p2a\n|-activate|p1a: Supposed to be OP|move: Protect\n|-resisted|p2a: Iron Moth\n|-damage|p2a: Iron Moth|86\/100\n|\n|-weather|SunnyDay|[upkeep]\n|upkeep\n|inactive|Attack on Bhaijan has 120 seconds left.\n|\n|t:|1699269556\n|switch|p1b: You guessed right|Basculegion-F, F, shiny|100\/100\n|-damage|p1b: You guessed right|88\/100|[from] Stealth Rock\n|turn|8\n|inactive|taoe has 120 seconds left.\n|\n|t:|1699269599\n|-end|p2a: Iron Moth|Quark Drive|[silent]\n|switch|p2a: Zapdos|Zapdos, shiny|100\/100\n|move|p1b: You guessed right|Last Respects|p2a: Zapdos\n|-damage|p2a: Zapdos|0 fnt\n|faint|p2a: Zapdos\n|move|p1a: Supposed to be OP|Hyper Voice|p2b: Torkoal\n|-damage|p2b: Torkoal|0 fnt\n|faint|p2b: Torkoal\n|-heal|p1a: Supposed to be OP|13\/100|[from] item: Shell Bell|[of] p2: Torkoal\n|\n|-weather|SunnyDay|[upkeep]\n|upkeep\n|\n|t:|1699269605\n|switch|p2a: Iron Moth|Iron Moth|86\/100\n|turn|9\n|\n|t:|1699269614\n|move|p1a: Supposed to be OP|Protect|p1a: Supposed to be OP\n|-singleturn|p1a: Supposed to be OP|Protect\n|move|p1b: You guessed right|Last Respects|p2a: Iron Moth\n|-damage|p2a: Iron Moth|0 fnt\n|faint|p2a: Iron Moth\n|-end|p2a: Iron Moth|Quark Drive|[silent]\n|\n|win|Attack on Bhaijan\n|raw|Attack on Bhaijan's rating: 1111 &rarr; <strong>1138<\/strong><br \/>(+27 for winning)\n|raw|taoe's rating: 1143 &rarr; <strong>1116<\/strong><br \/>(-27 for losing)\n|l|\u2606taoe\n","uploadtime":1699269625,"views":11,"p1id":"attackonbhaijan","p2id":"taoe","formatid":"gen9doublesou","rating":1116,"private":0,"password":""}