{"id":"gen9doublesou-1972585957","p1":"indigoflorges","p2":"Investigator Nemo","format":"[Gen 9] Doubles OU","log":"|j|\u2606indigoflorges\n|j|\u2606Investigator Nemo\n|t:|1697860437\n|gametype|doubles\n|player|p1|indigoflorges|bellelba|1064\n|player|p2|Investigator Nemo|swimmerf-gen4dp|1000\n|teamsize|p1|6\n|teamsize|p2|6\n|gen|9\n|tier|[Gen 9] Doubles OU\n|rated|\n|rule|Species Clause: Limit one of each Pok\u00e9mon\n|rule|OHKO Clause: OHKO moves are banned\n|rule|Evasion Moves Clause: Evasion moves are banned\n|rule|Gravity Sleep Clause: The combination of sleep-inducing moves with imperfect accuracy and Gravity or Gigantamax Orbeetle are banned\n|rule|Endless Battle Clause: Forcing endless battles is banned\n|rule|HP Percentage Mod: HP is shown in percentages\n|clearpoke\n|poke|p1|Glimmora, F|\n|poke|p1|Flutter Mane|\n|poke|p1|Chien-Pao|\n|poke|p1|Ninetales-Alola, M|\n|poke|p1|Ursaluna-Bloodmoon, M|\n|poke|p1|Ogerpon-Wellspring, F|\n|poke|p2|Ninetales-Alola, F|\n|poke|p2|Empoleon, F|\n|poke|p2|Walking Wake|\n|poke|p2|Pelipper, M|\n|poke|p2|Scizor, M|\n|poke|p2|Dipplin, F|\n|teampreview\n|\n|t:|1697860459\n|start\n|switch|p1a: Glimmora|Glimmora, F|100\/100\n|switch|p1b: Ninetales|Ninetales-Alola, M|100\/100\n|switch|p2a: \u970d\u4e71\u519b\u5fc3\u7684\u59b2\u5df1|Ninetales-Alola, F, shiny|100\/100\n|switch|p2b: \u62ff\u6ce2\u5c06\u519b|Empoleon, F, shiny|100\/100\n|-weather|Snow|[from] ability: Snow Warning|[of] p2a: \u970d\u4e71\u519b\u5fc3\u7684\u59b2\u5df1\n|turn|1\n|\n|t:|1697860497\n|move|p2a: \u970d\u4e71\u519b\u5fc3\u7684\u59b2\u5df1|Aurora Veil|p2a: \u970d\u4e71\u519b\u5fc3\u7684\u59b2\u5df1\n|-sidestart|p2: Investigator Nemo|move: Aurora Veil\n|move|p1b: Ninetales|Aurora Veil|p1b: Ninetales\n|-sidestart|p1: indigoflorges|move: Aurora Veil\n|move|p1a: Glimmora|Stealth Rock|p2a: \u970d\u4e71\u519b\u5fc3\u7684\u59b2\u5df1\n|-sidestart|p2: Investigator Nemo|move: Stealth Rock\n|move|p2b: \u62ff\u6ce2\u5c06\u519b|Blizzard|p1b: Ninetales|[spread] p1a,p1b\n|-resisted|p1b: Ninetales\n|-damage|p1a: Glimmora|75\/100\n|-damage|p1b: Ninetales|90\/100\n|\n|-weather|Snow|[upkeep]\n|upkeep\n|turn|2\n|\n|t:|1697860532\n|switch|p1b: Ogerpon|Ogerpon-Wellspring, F|100\/100\n|move|p2a: \u970d\u4e71\u519b\u5fc3\u7684\u59b2\u5df1|Encore||[still]\n|-fail|p2a: \u970d\u4e71\u519b\u5fc3\u7684\u59b2\u5df1\n|move|p1a: Glimmora|Sludge Bomb|p2a: \u970d\u4e71\u519b\u5fc3\u7684\u59b2\u5df1\n|-supereffective|p2a: \u970d\u4e71\u519b\u5fc3\u7684\u59b2\u5df1\n|-damage|p2a: \u970d\u4e71\u519b\u5fc3\u7684\u59b2\u5df1|31\/100\n|-status|p2a: \u970d\u4e71\u519b\u5fc3\u7684\u59b2\u5df1|psn\n|move|p2b: \u62ff\u6ce2\u5c06\u519b|Surf|p1a: Glimmora|[spread] p2a,p1a\n|-immune|p1b: Ogerpon|[from] ability: Water Absorb\n|-supereffective|p1a: Glimmora\n|-damage|p2a: \u970d\u4e71\u519b\u5fc3\u7684\u59b2\u5df1|4\/100 psn\n|-damage|p1a: Glimmora|11\/100\n|-enditem|p1a: Glimmora|Figy Berry|[eat]\n|-heal|p1a: Glimmora|44\/100|[from] item: Figy Berry\n|\n|-weather|Snow|[upkeep]\n|-damage|p2a: \u970d\u4e71\u519b\u5fc3\u7684\u59b2\u5df1|0 fnt|[from] psn\n|faint|p2a: \u970d\u4e71\u519b\u5fc3\u7684\u59b2\u5df1\n|upkeep\n|\n|t:|1697860549\n|switch|p2a: \u5c06\u519b\u4eec\u7684\u65d7\u5e1c|Dipplin, F, shiny|100\/100\n|-damage|p2a: \u5c06\u519b\u4eec\u7684\u65d7\u5e1c|88\/100|[from] Stealth Rock\n|turn|3\n|\n|t:|1697860561\n|move|p1b: Ogerpon|Stomping Tantrum|p2b: \u62ff\u6ce2\u5c06\u519b\n|-supereffective|p2b: \u62ff\u6ce2\u5c06\u519b\n|-damage|p2b: \u62ff\u6ce2\u5c06\u519b|63\/100\n|move|p1a: Glimmora|Sludge Bomb|p2a: \u5c06\u519b\u4eec\u7684\u65d7\u5e1c\n|-supereffective|p2a: \u5c06\u519b\u4eec\u7684\u65d7\u5e1c\n|-damage|p2a: \u5c06\u519b\u4eec\u7684\u65d7\u5e1c|56\/100\n|move|p2b: \u62ff\u6ce2\u5c06\u519b|Surf|p1a: Glimmora|[spread] p2a,p1a\n|-immune|p1b: Ogerpon|[from] ability: Water Absorb\n|-resisted|p2a: \u5c06\u519b\u4eec\u7684\u65d7\u5e1c\n|-supereffective|p1a: Glimmora\n|-damage|p2a: \u5c06\u519b\u4eec\u7684\u65d7\u5e1c|53\/100\n|-damage|p1a: Glimmora|0 fnt\n|faint|p1a: Glimmora\n|move|p2a: \u5c06\u519b\u4eec\u7684\u65d7\u5e1c|Energy Ball|p1b: Ogerpon\n|-damage|p1b: Ogerpon|78\/100\n|\n|-weather|Snow|[upkeep]\n|-heal|p2b: \u62ff\u6ce2\u5c06\u519b|70\/100|[from] item: Leftovers\n|upkeep\n|\n|t:|1697860579\n|switch|p1a: Chien-Pao|Chien-Pao|100\/100\n|-ability|p1a: Chien-Pao|Sword of Ruin\n|turn|4\n|\n|t:|1697860609\n|-terastallize|p2a: \u5c06\u519b\u4eec\u7684\u65d7\u5e1c|Water\n|move|p1a: Chien-Pao|Ice Spinner|p2a: \u5c06\u519b\u4eec\u7684\u65d7\u5e1c\n|-resisted|p2a: \u5c06\u519b\u4eec\u7684\u65d7\u5e1c\n|-damage|p2a: \u5c06\u519b\u4eec\u7684\u65d7\u5e1c|40\/100\n|-damage|p1a: Chien-Pao|91\/100|[from] item: Life Orb\n|move|p1b: Ogerpon|Wood Hammer|p2b: \u62ff\u6ce2\u5c06\u519b\n|-damage|p2b: \u62ff\u6ce2\u5c06\u519b|5\/100\n|-damage|p1b: Ogerpon|56\/100|[from] Recoil\n|move|p2b: \u62ff\u6ce2\u5c06\u519b|Roost|p2b: \u62ff\u6ce2\u5c06\u519b\n|-heal|p2b: \u62ff\u6ce2\u5c06\u519b|55\/100\n|-singleturn|p2b: \u62ff\u6ce2\u5c06\u519b|move: Roost\n|move|p2a: \u5c06\u519b\u4eec\u7684\u65d7\u5e1c|Sunny Day|p2a: \u5c06\u519b\u4eec\u7684\u65d7\u5e1c\n|-weather|SunnyDay\n|\n|-weather|SunnyDay|[upkeep]\n|-heal|p2b: \u62ff\u6ce2\u5c06\u519b|61\/100|[from] item: Leftovers\n|upkeep\n|turn|5\n|\n|t:|1697860636\n|switch|p2b: \u771f\u6b63\u7684\u5c06\u519b|Walking Wake|100\/100\n|-damage|p2b: \u771f\u6b63\u7684\u5c06\u519b|88\/100|[from] Stealth Rock\n|-activate|p2b: \u771f\u6b63\u7684\u5c06\u519b|ability: Protosynthesis\n|-start|p2b: \u771f\u6b63\u7684\u5c06\u519b|protosynthesisspe\n|move|p1a: Chien-Pao|Swords Dance|p1a: Chien-Pao\n|-boost|p1a: Chien-Pao|atk|2\n|move|p1b: Ogerpon|Wood Hammer|p2a: \u5c06\u519b\u4eec\u7684\u65d7\u5e1c\n|-supereffective|p2a: \u5c06\u519b\u4eec\u7684\u65d7\u5e1c\n|-damage|p2a: \u5c06\u519b\u4eec\u7684\u65d7\u5e1c|0 fnt\n|faint|p2a: \u5c06\u519b\u4eec\u7684\u65d7\u5e1c\n|-damage|p1b: Ogerpon|40\/100|[from] Recoil\n|\n|-weather|SunnyDay|[upkeep]\n|upkeep\n|\n|t:|1697860650\n|switch|p2a: \u56db\u500d\u5f31\u706b\u5c06\u519b|Scizor, M|100\/100\n|-damage|p2a: \u56db\u500d\u5f31\u706b\u5c06\u519b|88\/100|[from] Stealth Rock\n|turn|6\n|\n|t:|1697860673\n|move|p2b: \u771f\u6b63\u7684\u5c06\u519b|Flamethrower|p1b: Ogerpon\n|-damage|p1b: Ogerpon|2\/100\n|move|p1a: Chien-Pao|Ice Spinner|p2b: \u771f\u6b63\u7684\u5c06\u519b\n|-damage|p2b: \u771f\u6b63\u7684\u5c06\u519b|0 fnt\n|faint|p2b: \u771f\u6b63\u7684\u5c06\u519b\n|-end|p2b: \u771f\u6b63\u7684\u5c06\u519b|Protosynthesis|[silent]\n|-damage|p1a: Chien-Pao|81\/100|[from] item: Life Orb\n|move|p1b: Ogerpon|Wood Hammer|p2a: \u56db\u500d\u5f31\u706b\u5c06\u519b\n|-resisted|p2a: \u56db\u500d\u5f31\u706b\u5c06\u519b\n|-damage|p2a: \u56db\u500d\u5f31\u706b\u5c06\u519b|73\/100\n|-damage|p1b: Ogerpon|0 fnt|[from] Recoil\n|faint|p1b: Ogerpon\n|move|p2a: \u56db\u500d\u5f31\u706b\u5c06\u519b|Brick Break|p1a: Chien-Pao\n|-sideend|p1: indigoflorges|move: Aurora Veil\n|-supereffective|p1a: Chien-Pao\n|-damage|p1a: Chien-Pao|0 fnt\n|faint|p1a: Chien-Pao\n|\n|-weather|SunnyDay|[upkeep]\n|upkeep\n|\n|t:|1697860701\n|switch|p1a: Ninetales|Ninetales-Alola, M|90\/100\n|switch|p1b: Ursaluna|Ursaluna-Bloodmoon, M|100\/100\n|switch|p2b: \u62ff\u6ce2\u5c06\u519b|Empoleon, F, shiny|61\/100\n|-weather|Snow|[from] ability: Snow Warning|[of] p1a: Ninetales\n|-damage|p2b: \u62ff\u6ce2\u5c06\u519b|55\/100|[from] Stealth Rock\n|turn|7\n|\n|t:|1697860754\n|switch|p2a: \u5c06\u519b\u7684\u9e1f|Pelipper, M|100\/100\n|-damage|p2a: \u5c06\u519b\u7684\u9e1f|75\/100|[from] Stealth Rock\n|-weather|RainDance|[from] ability: Drizzle|[of] p2a: \u5c06\u519b\u7684\u9e1f\n|move|p1a: Ninetales|Aurora Veil||[still]\n|-fail|p1a: Ninetales\n|move|p1b: Ursaluna|Earth Power|p2a: \u5c06\u519b\u7684\u9e1f\n|-immune|p2a: \u5c06\u519b\u7684\u9e1f\n|move|p2b: \u62ff\u6ce2\u5c06\u519b|Surf|p1b: Ursaluna|[spread] p2a,p1a,p1b\n|-resisted|p2a: \u5c06\u519b\u7684\u9e1f\n|-crit|p1a: Ninetales\n|-supereffective|p1b: Ursaluna\n|-damage|p2a: \u5c06\u519b\u7684\u9e1f|57\/100\n|-damage|p1a: Ninetales|0 fnt\n|-damage|p1b: Ursaluna|17\/100\n|faint|p1a: Ninetales\n|-enditem|p2a: \u5c06\u519b\u7684\u9e1f|Red Card|[of] p2b: \u62ff\u6ce2\u5c06\u519b\n|drag|p2b: \u56db\u500d\u5f31\u706b\u5c06\u519b|Scizor, M|73\/100\n|-damage|p2b: \u56db\u500d\u5f31\u706b\u5c06\u519b|61\/100|[from] Stealth Rock\n|\n|-weather|RainDance|[upkeep]\n|upkeep\n|\n|t:|1697860774\n|switch|p1a: Flutter Mane|Flutter Mane|100\/100\n|-enditem|p1a: Flutter Mane|Booster Energy\n|-activate|p1a: Flutter Mane|ability: Protosynthesis|[fromitem]\n|-start|p1a: Flutter Mane|protosynthesisspa\n|turn|8\n|\n|t:|1697860828\n|switch|p2a: \u62ff\u6ce2\u5c06\u519b|Empoleon, F, shiny|55\/100\n|-damage|p2a: \u62ff\u6ce2\u5c06\u519b|49\/100|[from] Stealth Rock\n|-terastallize|p1a: Flutter Mane|Ghost\n|move|p2b: \u56db\u500d\u5f31\u706b\u5c06\u519b|Bullet Punch|p1b: Ursaluna\n|-damage|p1b: Ursaluna|0 fnt\n|faint|p1b: Ursaluna\n|move|p1a: Flutter Mane|Shadow Ball|p2b: \u56db\u500d\u5f31\u706b\u5c06\u519b\n|-damage|p2b: \u56db\u500d\u5f31\u706b\u5c06\u519b|15\/100\n|\n|-weather|RainDance|[upkeep]\n|-heal|p2a: \u62ff\u6ce2\u5c06\u519b|55\/100|[from] item: Leftovers\n|-sideend|p2: Investigator Nemo|move: Aurora Veil\n|upkeep\n|turn|9\n|\n|t:|1697860854\n|move|p2b: \u56db\u500d\u5f31\u706b\u5c06\u519b|Bullet Punch|p1a: Flutter Mane\n|-crit|p1a: Flutter Mane\n|-damage|p1a: Flutter Mane|0 fnt\n|faint|p1a: Flutter Mane\n|-end|p1a: Flutter Mane|Protosynthesis|[silent]\n|\n|win|Investigator Nemo\n|raw|indigoflorges's rating: 1064 &rarr; <strong>1041<\/strong><br \/>(-23 for losing)\n|raw|Investigator Nemo's rating: 1000 &rarr; <strong>1047<\/strong><br \/>(+47 for winning)\n|l|\u2606indigoflorges\n","uploadtime":1697860870,"views":10,"p1id":"indigoflorges","p2id":"investigatornemo","formatid":"gen9doublesou","rating":1041,"private":0,"password":""}