{"id":"gen9doublesou-1984667396","p1":"sea gato","p2":"Franz Ferdiswag","format":"[Gen 9] Doubles OU","log":"|j|\u2606sea gato\n|j|\u2606Franz Ferdiswag\n|t:|1699289242\n|gametype|doubles\n|player|p1|sea gato|palmer|1142\n|player|p2|Franz Ferdiswag|acetrainer-gen4dp|1241\n|teamsize|p1|6\n|teamsize|p2|6\n|gen|9\n|tier|[Gen 9] Doubles OU\n|rated|\n|rule|Species Clause: Limit one of each Pok\u00e9mon\n|rule|OHKO Clause: OHKO moves are banned\n|rule|Evasion Moves Clause: Evasion moves are banned\n|rule|Gravity Sleep Clause: The combination of sleep-inducing moves with imperfect accuracy and Gravity or Gigantamax Orbeetle are banned\n|rule|Endless Battle Clause: Forcing endless battles is banned\n|rule|HP Percentage Mod: HP is shown in percentages\n|clearpoke\n|poke|p1|Tinkaton, F|\n|poke|p1|Baxcalibur, M|\n|poke|p1|Iron Valiant|\n|poke|p1|Chi-Yu|\n|poke|p1|Kilowattrel, F|\n|poke|p1|Sinistcha|\n|poke|p2|Wo-Chien|\n|poke|p2|Garganacl, M|\n|poke|p2|Gliscor, F|\n|poke|p2|Indeedee-F, F|\n|poke|p2|Gengar, M|\n|poke|p2|Goodra-Hisui, F|\n|teampreview\n|\n|t:|1699289250\n|start\n|switch|p1a: Fish nuke|Chi-Yu|100\/100\n|switch|p1b: Bonk|Tinkaton, F|100\/100\n|switch|p2a: Indeedee|Indeedee-F, F|100\/100\n|switch|p2b: Gengar|Gengar, M|100\/100\n|-ability|p1a: Fish nuke|Beads of Ruin\n|-fieldstart|move: Psychic Terrain|[from] ability: Psychic Surge|[of] p2a: Indeedee\n|turn|1\n|\n|t:|1699289275\n|move|p2b: Gengar|Toxic Spikes|p1a: Fish nuke\n|-sidestart|p1: sea gato|move: Toxic Spikes\n|move|p1a: Fish nuke|Dark Pulse|p2b: Gengar\n|-supereffective|p2b: Gengar\n|-enditem|p2b: Gengar|Focus Sash\n|-damage|p2b: Gengar|1\/100\n|move|p1b: Bonk|Gigaton Hammer|p2a: Indeedee\n|-crit|p2a: Indeedee\n|-damage|p2a: Indeedee|3\/100\n|move|p2a: Indeedee|Light Screen|p2a: Indeedee\n|-sidestart|p2: Franz Ferdiswag|move: Light Screen\n|\n|upkeep\n|turn|2\n|\n|t:|1699289303\n|move|p2a: Indeedee|Follow Me|p2a: Indeedee\n|-singleturn|p2a: Indeedee|move: Follow Me\n|move|p2b: Gengar|Curse|p1a: Fish nuke\n|-start|p1a: Fish nuke|Curse|[of] p2b: Gengar\n|-damage|p2b: Gengar|0 fnt\n|faint|p2b: Gengar\n|move|p1a: Fish nuke|Dark Pulse|p2a: Indeedee\n|-supereffective|p2a: Indeedee\n|-damage|p2a: Indeedee|0 fnt\n|faint|p2a: Indeedee\n|move|p1b: Bonk|Foul Play|p2: Indeedee|[notarget]\n|-fail|p1b: Bonk\n|\n|-damage|p1a: Fish nuke|75\/100|[from] Curse\n|upkeep\n|inactive|Battle timer is ON: inactive players will automatically lose when time's up. (requested by sea gato)\n|c|\u2606sea gato|Little stalling beetch\n|inactive|Franz Ferdiswag has 120 seconds left.\n|inactive|Franz Ferdiswag has 90 seconds left.\n|c|\u2606sea gato|Come on man\n|\n|t:|1699289437\n|switch|p2b: Garganacl|Garganacl, M|100\/100\n|switch|p2a: Gliscor|Gliscor, F, shiny|100\/100\n|turn|3\n|inactive|Franz Ferdiswag has 120 seconds left.\n|\n|t:|1699289481\n|-terastallize|p2b: Garganacl|Ghost\n|move|p1a: Fish nuke|Dark Pulse|p2a: Gliscor\n|-damage|p2a: Gliscor|32\/100\n|move|p2a: Gliscor|Toxic|p1a: Fish nuke\n|-status|p1a: Fish nuke|tox\n|move|p1b: Bonk|Gigaton Hammer|p2b: Garganacl\n|-damage|p2b: Garganacl|79\/100\n|move|p2b: Garganacl|Salt Cure|p1b: Bonk\n|-resisted|p1b: Bonk\n|-damage|p1b: Bonk|95\/100\n|-start|p1b: Bonk|Salt Cure\n|\n|-heal|p2b: Garganacl|86\/100|[from] item: Leftovers\n|-damage|p1a: Fish nuke|70\/100 tox|[from] psn\n|-damage|p1a: Fish nuke|45\/100 tox|[from] Curse\n|-damage|p1b: Bonk|70\/100|[from] Salt Cure\n|-status|p2a: Gliscor|tox|[from] item: Toxic Orb\n|upkeep\n|turn|4\n|\n|t:|1699289508\n|move|p2a: Gliscor|Protect|p2a: Gliscor\n|-singleturn|p2a: Gliscor|Protect\n|move|p2b: Garganacl|Protect|p2b: Garganacl\n|-singleturn|p2b: Garganacl|Protect\n|move|p1a: Fish nuke|Dark Pulse|p2b: Garganacl\n|-activate|p2b: Garganacl|move: Protect\n|move|p1b: Bonk|Foul Play|p2a: Gliscor\n|-activate|p2a: Gliscor|move: Protect\n|\n|-heal|p2b: Garganacl|92\/100|[from] item: Leftovers\n|-damage|p1a: Fish nuke|33\/100 tox|[from] psn\n|-heal|p2a: Gliscor|45\/100 tox|[from] ability: Poison Heal\n|-damage|p1a: Fish nuke|8\/100 tox|[from] Curse\n|-damage|p1b: Bonk|45\/100|[from] Salt Cure\n|upkeep\n|turn|5\n|\n|t:|1699289532\n|switch|p2b: Wo-Chien|Wo-Chien|100\/100\n|-ability|p2b: Wo-Chien|Tablets of Ruin\n|move|p1a: Fish nuke|Dark Pulse|p2b: Wo-Chien\n|-resisted|p2b: Wo-Chien\n|-damage|p2b: Wo-Chien|86\/100\n|move|p2a: Gliscor|High Horsepower|p1b: Bonk\n|-supereffective|p1b: Bonk\n|-damage|p1b: Bonk|9\/100\n|move|p1b: Bonk|Gigaton Hammer|p2a: Gliscor\n|-damage|p2a: Gliscor|26\/100 tox\n|\n|-heal|p2b: Wo-Chien|92\/100|[from] item: Leftovers\n|-damage|p1a: Fish nuke|0 fnt|[from] psn\n|faint|p1a: Fish nuke\n|-heal|p2a: Gliscor|38\/100 tox|[from] ability: Poison Heal\n|-damage|p1b: Bonk|0 fnt|[from] Salt Cure\n|faint|p1b: Bonk\n|-sideend|p2: Franz Ferdiswag|move: Light Screen\n|-fieldend|move: Psychic Terrain\n|upkeep\n|inactive|sea gato has 120 seconds left.\n|\n|t:|1699289564\n|switch|p1a: Back pain|Baxcalibur, M|100\/100\n|switch|p1b: Knight|Iron Valiant|100\/100\n|-status|p1a: Back pain|psn\n|-status|p1b: Knight|psn\n|-enditem|p1b: Knight|Booster Energy\n|-activate|p1b: Knight|ability: Quark Drive|[fromitem]\n|-start|p1b: Knight|quarkdriveatk\n|turn|6\n|l|\u2606Franz Ferdiswag\n|inactive|Franz Ferdiswag disconnected and has a minute to reconnect!\n|player|p2|\n|inactive|sea gato has 120 seconds left.\n|j|\u2606Franz Ferdiswag\n|inactive|Franz Ferdiswag reconnected and has 140 seconds left.\n|player|p2|Franz Ferdiswag|acetrainer-gen4dp\n|\n|t:|1699289589\n|move|p2a: Gliscor|Protect|p2a: Gliscor\n|-singleturn|p2a: Gliscor|Protect\n|move|p1a: Back pain|Icicle Crash|p2a: Gliscor\n|-activate|p2a: Gliscor|move: Protect\n|move|p1b: Knight|Close Combat|p2b: Wo-Chien\n|-supereffective|p2b: Wo-Chien\n|-damage|p2b: Wo-Chien|0 fnt\n|-unboost|p1b: Knight|def|1\n|-unboost|p1b: Knight|spd|1\n|faint|p2b: Wo-Chien\n|\n|-damage|p1a: Back pain|88\/100 psn|[from] psn\n|-damage|p1b: Knight|88\/100 psn|[from] psn\n|-heal|p2a: Gliscor|51\/100 tox|[from] ability: Poison Heal\n|upkeep\n|\n|t:|1699289598\n|switch|p2b: Garganacl|Garganacl, M, tera:Ghost|92\/100\n|turn|7\n|\n|t:|1699289618\n|switch|p2a: Goodra|Goodra-Hisui, F|100\/100\n|move|p1a: Back pain|Icicle Crash|p2a: Goodra\n|-damage|p2a: Goodra|55\/100\n|move|p1b: Knight|Liquidation|p2b: Garganacl\n|-damage|p2b: Garganacl|72\/100\n|move|p2b: Garganacl|Salt Cure|p1b: Knight\n|-resisted|p1b: Knight\n|-damage|p1b: Knight|75\/100 psn\n|-start|p1b: Knight|Salt Cure\n|\n|-heal|p2a: Goodra|61\/100|[from] item: Leftovers\n|-heal|p2b: Garganacl|78\/100|[from] item: Leftovers\n|-damage|p1a: Back pain|76\/100 psn|[from] psn\n|-damage|p1b: Knight|63\/100 psn|[from] psn\n|-damage|p1b: Knight|50\/100 psn|[from] Salt Cure\n|upkeep\n|turn|8\n|\n|t:|1699289649\n|move|p2a: Goodra|Protect|p2a: Goodra\n|-singleturn|p2a: Goodra|Protect\n|move|p1a: Back pain|Icicle Crash|p2b: Garganacl\n|-damage|p2b: Garganacl|54\/100\n|move|p1b: Knight|Close Combat|p2a: Goodra\n|-activate|p2a: Goodra|move: Protect\n|move|p2b: Garganacl|Salt Cure|p1a: Back pain\n|-supereffective|p1a: Back pain\n|-damage|p1a: Back pain|48\/100 psn\n|-start|p1a: Back pain|Salt Cure\n|\n|-heal|p2a: Goodra|67\/100|[from] item: Leftovers\n|-heal|p2b: Garganacl|60\/100|[from] item: Leftovers\n|-damage|p1a: Back pain|36\/100 psn|[from] psn\n|-damage|p1b: Knight|38\/100 psn|[from] psn\n|-damage|p1a: Back pain|23\/100 psn|[from] Salt Cure\n|-damage|p1b: Knight|25\/100 psn|[from] Salt Cure\n|upkeep\n|turn|9\n|\n|t:|1699289675\n|switch|p2a: Gliscor|Gliscor, F, shiny|51\/100 tox\n|move|p1a: Back pain|Icicle Crash|p2b: Garganacl|[miss]\n|-miss|p1a: Back pain|p2b: Garganacl\n|move|p1b: Knight|Liquidation|p2b: Garganacl\n|-damage|p2b: Garganacl|37\/100\n|move|p2b: Garganacl|Recover|p2b: Garganacl\n|-heal|p2b: Garganacl|87\/100\n|\n|-heal|p2b: Garganacl|93\/100|[from] item: Leftovers\n|-damage|p1a: Back pain|11\/100 psn|[from] psn\n|-damage|p1b: Knight|13\/100 psn|[from] psn\n|-heal|p2a: Gliscor|63\/100 tox|[from] ability: Poison Heal\n|-damage|p1a: Back pain|0 fnt|[from] Salt Cure\n|faint|p1a: Back pain\n|-damage|p1b: Knight|0 fnt|[from] Salt Cure\n|faint|p1b: Knight\n|-end|p1b: Knight|Quark Drive|[silent]\n|upkeep\n|inactive|sea gato has 120 seconds left.\n|\n|t:|1699289697\n|switch|p1b: Tea|Sinistcha|100\/100\n|switch|p1a: BIRD UP|Kilowattrel, F|100\/100\n|turn|10\n|inactive|sea gato has 120 seconds left.\n|\n|t:|1699289716\n|-terastallize|p1a: BIRD UP|Electric\n|move|p1b: Tea|Rage Powder|p1b: Tea\n|-singleturn|p1b: Tea|move: Rage Powder\n|move|p1a: BIRD UP|Thunderbolt|p2b: Garganacl\n|-damage|p2b: Garganacl|39\/100\n|move|p2a: Gliscor|Toxic|p1b: Tea\n|-status|p1b: Tea|tox\n|move|p2b: Garganacl|Salt Cure|p1b: Tea\n|-crit|p1b: Tea\n|-damage|p1b: Tea|81\/100 tox\n|-start|p1b: Tea|Salt Cure\n|\n|-heal|p2b: Garganacl|46\/100|[from] item: Leftovers\n|-heal|p2a: Gliscor|76\/100 tox|[from] ability: Poison Heal\n|-damage|p1b: Tea|74\/100 tox|[from] psn\n|-damage|p1b: Tea|62\/100 tox|[from] Salt Cure\n|upkeep\n|turn|11\n|inactive|sea gato has 120 seconds left.\n|\n|t:|1699289742\n|move|p2b: Garganacl|Protect|p2b: Garganacl\n|-singleturn|p2b: Garganacl|Protect\n|move|p1b: Tea|Rage Powder|p1b: Tea\n|-singleturn|p1b: Tea|move: Rage Powder\n|move|p1a: BIRD UP|Thunderbolt|p2b: Garganacl\n|-activate|p2b: Garganacl|move: Protect\n|move|p2a: Gliscor|Knock Off|p1b: Tea\n|-supereffective|p1b: Tea\n|-damage|p1b: Tea|24\/100 tox\n|-enditem|p1b: Tea|Heavy-Duty Boots|[from] move: Knock Off|[of] p2a: Gliscor\n|\n|-heal|p2b: Garganacl|52\/100|[from] item: Leftovers\n|-heal|p2a: Gliscor|88\/100 tox|[from] ability: Poison Heal\n|-damage|p1b: Tea|12\/100 tox|[from] psn\n|-damage|p1b: Tea|0 fnt|[from] Salt Cure\n|faint|p1b: Tea\n|upkeep\n|turn|12\n|\n|t:|1699289764\n|move|p1a: BIRD UP|Thunderbolt|p2b: Garganacl\n|-damage|p2b: Garganacl|3\/100\n|move|p2a: Gliscor|Toxic|p1a: BIRD UP\n|-status|p1a: BIRD UP|tox\n|move|p2b: Garganacl|Salt Cure|p1a: BIRD UP\n|-crit|p1a: BIRD UP\n|-damage|p1a: BIRD UP|64\/100 tox\n|-start|p1a: BIRD UP|Salt Cure\n|\n|-heal|p2b: Garganacl|9\/100|[from] item: Leftovers\n|-damage|p1a: BIRD UP|58\/100 tox|[from] psn\n|-heal|p2a: Gliscor|100\/100 tox|[from] ability: Poison Heal\n|-damage|p1a: BIRD UP|46\/100 tox|[from] Salt Cure\n|upkeep\n|turn|13\n|c|\u2606sea gato|Gay little cock bitch you are\n|inactive|sea gato has 120 seconds left.\n|c|\u2606Franz Ferdiswag|lol they added a \"toxicity\" report\n|c|\u2606sea gato|You arent skilled, the thing is that you sack\n|\n|t:|1699289818\n|move|p2b: Garganacl|Protect|p2b: Garganacl\n|-singleturn|p2b: Garganacl|Protect\n|move|p1a: BIRD UP|Thunderbolt|p2b: Garganacl\n|-activate|p2b: Garganacl|move: Protect\n|move|p2a: Gliscor|Knock Off|p1a: BIRD UP\n|-damage|p1a: BIRD UP|10\/100 tox\n|-enditem|p1a: BIRD UP|Focus Sash|[from] move: Knock Off|[of] p2a: Gliscor\n|\n|-heal|p2b: Garganacl|15\/100|[from] item: Leftovers\n|-damage|p1a: BIRD UP|0 fnt|[from] psn\n|faint|p1a: BIRD UP\n|\n|win|Franz Ferdiswag\n|upkeep\n|raw|sea gato's rating: 1142 &rarr; <strong>1124<\/strong><br \/>(-18 for losing)\n|raw|Franz Ferdiswag's rating: 1241 &rarr; <strong>1259<\/strong><br \/>(+18 for winning)\n","uploadtime":1699289783,"views":8,"p1id":"seagato","p2id":"franzferdiswag","formatid":"gen9doublesou","rating":1124,"private":0,"password":""}