{"id":"gen9doublesou-1970566928","p1":"Empoleonop0706","p2":"hitr_ssbm","format":"[Gen 9] Doubles OU","log":"|j|\u2606Empoleonop0706\n|j|\u2606hitr_ssbm\n|t:|1697648905\n|gametype|doubles\n|player|p1|Empoleonop0706|102|1585\n|player|p2|hitr_ssbm|102|1450\n|teamsize|p1|6\n|teamsize|p2|6\n|gen|9\n|tier|[Gen 9] Doubles OU\n|rated|\n|rule|Species Clause: Limit one of each Pok\u00e9mon\n|rule|OHKO Clause: OHKO moves are banned\n|rule|Evasion Moves Clause: Evasion moves are banned\n|rule|Gravity Sleep Clause: The combination of sleep-inducing moves with imperfect accuracy and Gravity or Gigantamax Orbeetle are banned\n|rule|Endless Battle Clause: Forcing endless battles is banned\n|rule|HP Percentage Mod: HP is shown in percentages\n|clearpoke\n|poke|p1|Chien-Pao|\n|poke|p1|Flutter Mane|\n|poke|p1|Ogerpon, F|\n|poke|p1|Arcanine-Hisui, M|\n|poke|p1|Basculegion, M|\n|poke|p1|Iron Hands|\n|poke|p2|Decidueye-Hisui, F|\n|poke|p2|Tyranitar, M|\n|poke|p2|Kleavor, M|\n|poke|p2|Mamoswine, M|\n|poke|p2|Mimikyu, M|\n|poke|p2|Gastrodon, M|\n|teampreview\n|\n|t:|1697648946\n|start\n|switch|p1a: Basculegion|Basculegion, M|100\/100\n|switch|p1b: Ogerpon|Ogerpon, F|100\/100\n|switch|p2a: Kleavor|Kleavor, M, shiny|100\/100\n|switch|p2b: Mamoswine|Mamoswine, M|100\/100\n|turn|1\n|\n|t:|1697648967\n|switch|p2b: Gastrodon|Gastrodon, M|100\/100\n|-terastallize|p1b: Ogerpon|Grass\n|detailschange|p1b: Ogerpon|Ogerpon-Teal-Tera, F, tera:Grass\n|-ability|p1b: Ogerpon|Embody Aspect (Teal)|boost\n|-boost|p1b: Ogerpon|spe|1\n|move|p1b: Ogerpon|Ivy Cudgel|p2b: Gastrodon\n|-supereffective|p2b: Gastrodon\n|-damage|p2b: Gastrodon|0 fnt\n|faint|p2b: Gastrodon\n|move|p1a: Basculegion|Wave Crash|p2a: Kleavor\n|-supereffective|p2a: Kleavor\n|-damage|p2a: Kleavor|0 fnt\n|faint|p2a: Kleavor\n|-damage|p1a: Basculegion|76\/100|[from] Recoil\n|\n|upkeep\n|\n|t:|1697648985\n|switch|p2a: Tyranitar|Tyranitar, M|100\/100\n|switch|p2b: Mimikyu|Mimikyu, M|100\/100\n|-weather|Sandstorm|[from] ability: Sand Stream|[of] p2a: Tyranitar\n|turn|2\n|\n|t:|1697649009\n|switch|p1a: Iron Hands|Iron Hands|100\/100\n|-terastallize|p2a: Tyranitar|Flying\n|move|p1b: Ogerpon|Spiky Shield|p1b: Ogerpon\n|-singleturn|p1b: Ogerpon|move: Protect\n|move|p2b: Mimikyu|Phantom Force||[still]\n|-prepare|p2b: Mimikyu|Phantom Force\n|move|p2a: Tyranitar|Tera Blast|p1b: Ogerpon|[anim] Tera Blast Flying\n|-activate|p1b: Ogerpon|move: Protect\n|\n|-weather|Sandstorm|[upkeep]\n|-damage|p1b: Ogerpon|94\/100|[from] Sandstorm\n|-damage|p2b: Mimikyu|95\/100|[from] Sandstorm\n|-damage|p2a: Tyranitar|94\/100|[from] Sandstorm\n|-damage|p1a: Iron Hands|94\/100|[from] Sandstorm\n|upkeep\n|turn|3\n|\n|t:|1697649026\n|switch|p1b: Arcanine|Arcanine-Hisui, M|100\/100\n|-ability|p1b: Arcanine|Intimidate|boost\n|-unboost|p2a: Tyranitar|atk|1\n|-unboost|p2b: Mimikyu|atk|1\n|move|p2b: Mimikyu|Phantom Force|p1a: Iron Hands|[from]lockedmove\n|-damage|p1a: Iron Hands|77\/100\n|move|p2a: Tyranitar|Tera Blast|p1a: Iron Hands|[anim] Tera Blast Flying\n|-crit|p1a: Iron Hands\n|-damage|p1a: Iron Hands|28\/100\n|move|p1a: Iron Hands|Wild Charge|p2a: Tyranitar\n|-supereffective|p2a: Tyranitar\n|-damage|p2a: Tyranitar|0 fnt\n|faint|p2a: Tyranitar\n|-damage|p1a: Iron Hands|10\/100|[from] Recoil\n|\n|-weather|Sandstorm|[upkeep]\n|-damage|p2b: Mimikyu|89\/100|[from] Sandstorm\n|-damage|p1a: Iron Hands|4\/100|[from] Sandstorm\n|upkeep\n|\n|t:|1697649043\n|switch|p2a: Mamoswine|Mamoswine, M|100\/100\n|turn|4\n|inactive|Battle timer is ON: inactive players will automatically lose when time's up. (requested by hitr_ssbm)\n|\n|t:|1697649077\n|-end|p1a: Iron Hands|Quark Drive|[silent]\n|switch|p1a: Ogerpon|Ogerpon-Teal-Tera, F, tera:Grass|94\/100\n|-ability|p1a: Ogerpon|Embody Aspect (Teal)|boost\n|-boost|p1a: Ogerpon|spe|1\n|move|p1b: Arcanine|Extreme Speed|p2a: Mamoswine\n|-damage|p2a: Mamoswine|58\/100\n|move|p2b: Mimikyu|Shadow Sneak|p1a: Ogerpon\n|-damage|p1a: Ogerpon|84\/100\n|-damage|p2b: Mimikyu|72\/100|[from] item: Rocky Helmet|[of] p1a: Ogerpon\n|move|p2a: Mamoswine|High Horsepower|p1b: Arcanine\n|-supereffective|p1b: Arcanine\n|-damage|p1b: Arcanine|0 fnt\n|faint|p1b: Arcanine\n|\n|-weather|Sandstorm|[upkeep]\n|-damage|p1a: Ogerpon|78\/100|[from] Sandstorm\n|-damage|p2b: Mimikyu|66\/100|[from] Sandstorm\n|upkeep\n|\n|t:|1697649098\n|switch|p1b: Basculegion|Basculegion, M|76\/100\n|turn|5\n|\n|t:|1697649118\n|move|p2a: Mamoswine|Ice Shard|p1a: Ogerpon\n|-supereffective|p1a: Ogerpon\n|-damage|p1a: Ogerpon|33\/100\n|move|p1a: Ogerpon|Ivy Cudgel|p2a: Mamoswine\n|-supereffective|p2a: Mamoswine\n|-damage|p2a: Mamoswine|0 fnt\n|faint|p2a: Mamoswine\n|move|p1b: Basculegion|Flip Turn|p2b: Mimikyu\n|-activate|p2b: Mimikyu|ability: Disguise\n|-damage|p2b: Mimikyu|66\/100\n|detailschange|p2b: Mimikyu|Mimikyu-Busted, M\n|-damage|p2b: Mimikyu|54\/100|[from] pokemon: Mimikyu-Busted\n|\n|t:|1697649136\n|switch|p1b: Flutter Mane|Flutter Mane, shiny|100\/100|[from] Flip Turn\n|-enditem|p1b: Flutter Mane|Booster Energy\n|-activate|p1b: Flutter Mane|ability: Protosynthesis|[fromitem]\n|-start|p1b: Flutter Mane|protosynthesisspe\n|move|p2b: Mimikyu|Phantom Force||[still]\n|-prepare|p2b: Mimikyu|Phantom Force\n|\n|-weather|Sandstorm|[upkeep]\n|-damage|p1b: Flutter Mane|94\/100|[from] Sandstorm\n|-damage|p1a: Ogerpon|27\/100|[from] Sandstorm\n|-damage|p2b: Mimikyu|48\/100|[from] Sandstorm\n|upkeep\n|inactive|hitr_ssbm has 120 seconds left.\n|\n|t:|1697649157\n|switch|p2a: Decidueye|Decidueye-Hisui, F|100\/100\n|turn|6\n|\n|t:|1697649172\n|move|p1a: Ogerpon|Follow Me|p1a: Ogerpon\n|-singleturn|p1a: Ogerpon|move: Follow Me\n|move|p1b: Flutter Mane|Moonblast|p2a: Decidueye\n|-supereffective|p2a: Decidueye\n|-damage|p2a: Decidueye|40\/100\n|move|p2b: Mimikyu|Phantom Force|p1a: Ogerpon|[from]lockedmove\n|-damage|p1a: Ogerpon|5\/100\n|-damage|p2b: Mimikyu|31\/100|[from] item: Rocky Helmet|[of] p1a: Ogerpon\n|move|p2a: Decidueye|Leaf Blade|p1a: Ogerpon\n|-resisted|p1a: Ogerpon\n|-damage|p1a: Ogerpon|0 fnt\n|-damage|p2a: Decidueye|23\/100|[from] item: Rocky Helmet|[of] p1a: Ogerpon\n|faint|p1a: Ogerpon\n|\n|-weather|none\n|upkeep\n|\n|t:|1697649193\n|switch|p1a: Iron Hands|Iron Hands|4\/100\n|turn|7\n|inactive|hitr_ssbm has 120 seconds left.\n|\n|t:|1697649233\n|move|p1a: Iron Hands|Fake Out|p2a: Decidueye\n|-damage|p2a: Decidueye|7\/100\n|move|p2b: Mimikyu|Shadow Sneak|p1a: Iron Hands\n|-crit|p1a: Iron Hands\n|-damage|p1a: Iron Hands|0 fnt\n|faint|p1a: Iron Hands\n|-end|p1a: Iron Hands|Quark Drive|[silent]\n|move|p1b: Flutter Mane|Shadow Ball|p2b: Mimikyu\n|-supereffective|p2b: Mimikyu\n|-damage|p2b: Mimikyu|0 fnt\n|faint|p2b: Mimikyu\n|cant|p2a: Decidueye|flinch\n|\n|upkeep\n|-message|hitr_ssbm forfeited.\n|\n|win|Empoleonop0706\n|raw|Empoleonop0706's rating: 1585 &rarr; <strong>1598<\/strong><br \/>(+13 for winning)\n|raw|hitr_ssbm's rating: 1450 &rarr; <strong>1437<\/strong><br \/>(-13 for losing)\n|l|\u2606hitr_ssbm\n","uploadtime":1697649321,"views":13,"p1id":"empoleonop0706","p2id":"hitrssbm","formatid":"gen9doublesou","rating":1437,"private":0,"password":""}