{"id":"gen9doublesou-1972299988","p1":"wingminmon","p2":"Dkayez","format":"[Gen 9] Doubles OU","log":"|j|\u2606wingminmon\n|j|\u2606Dkayez\n|t:|1697829286\n|gametype|doubles\n|player|p1|wingminmon|preschooler|1163\n|player|p2|Dkayez|265|1082\n|teamsize|p1|6\n|teamsize|p2|6\n|gen|9\n|tier|[Gen 9] Doubles OU\n|rated|\n|rule|Species Clause: Limit one of each Pok\u00e9mon\n|rule|OHKO Clause: OHKO moves are banned\n|rule|Evasion Moves Clause: Evasion moves are banned\n|rule|Gravity Sleep Clause: The combination of sleep-inducing moves with imperfect accuracy and Gravity or Gigantamax Orbeetle are banned\n|rule|Endless Battle Clause: Forcing endless battles is banned\n|rule|HP Percentage Mod: HP is shown in percentages\n|clearpoke\n|poke|p1|Dragapult, M|\n|poke|p1|Heatran, F|\n|poke|p1|Ogerpon, F|\n|poke|p1|Cresselia, F|\n|poke|p1|Landorus-Therian, M|\n|poke|p1|Tornadus, M|\n|poke|p2|Clefable, M|\n|poke|p2|Garganacl, M|\n|poke|p2|Pelipper, F|\n|poke|p2|Samurott-Hisui, M|\n|poke|p2|Cinderace, M|\n|poke|p2|Electrode-Hisui|\n|teampreview\n|\n|t:|1697829303\n|start\n|switch|p1a: Landorus|Landorus-Therian, M|100\/100\n|switch|p1b: Ogerpon|Ogerpon, F|100\/100\n|switch|p2a: Pelipper|Pelipper, F|100\/100\n|switch|p2b: Samurott|Samurott-Hisui, M|100\/100\n|-ability|p1a: Landorus|Intimidate|boost\n|-unboost|p2a: Pelipper|atk|1\n|-unboost|p2b: Samurott|atk|1\n|-weather|RainDance|[from] ability: Drizzle|[of] p2a: Pelipper\n|turn|1\n|\n|t:|1697829320\n|switch|p1a: Cresselia|Cresselia, F|100\/100\n|move|p1b: Ogerpon|Spiky Shield|p1b: Ogerpon\n|-singleturn|p1b: Ogerpon|move: Protect\n|move|p2b: Samurott|Ceaseless Edge|p1a: Cresselia\n|-supereffective|p1a: Cresselia\n|-damage|p1a: Cresselia|49\/100\n|-sidestart|p1: wingminmon|Spikes\n|-enditem|p1a: Cresselia|Sitrus Berry|[eat]\n|-heal|p1a: Cresselia|74\/100|[from] item: Sitrus Berry\n|move|p2a: Pelipper|Hurricane|p1b: Ogerpon\n|-activate|p1b: Ogerpon|move: Protect\n|\n|-weather|RainDance|[upkeep]\n|upkeep\n|turn|2\n|\n|t:|1697829342\n|move|p1b: Ogerpon|Ivy Cudgel|p2a: Pelipper\n|-damage|p2a: Pelipper|41\/100\n|move|p2b: Samurott|Ceaseless Edge|p1a: Cresselia\n|-supereffective|p1a: Cresselia\n|-damage|p1a: Cresselia|19\/100\n|-sidestart|p1: wingminmon|Spikes\n|move|p1a: Cresselia|Lunar Blessing|p1a: Cresselia|[spread] p1a,p1b\n|-heal|p1a: Cresselia|44\/100\n|move|p2a: Pelipper|Hurricane|p1b: Ogerpon\n|-supereffective|p1b: Ogerpon\n|-damage|p1b: Ogerpon|0 fnt\n|faint|p1b: Ogerpon\n|\n|-weather|RainDance|[upkeep]\n|-heal|p2a: Pelipper|47\/100|[from] item: Leftovers\n|upkeep\n|\n|t:|1697829349\n|switch|p1b: Heatran|Heatran, F|100\/100\n|-damage|p1b: Heatran|84\/100|[from] Spikes\n|turn|3\n|\n|t:|1697829362\n|move|p2b: Samurott|Ceaseless Edge|p1a: Cresselia\n|-supereffective|p1a: Cresselia\n|-damage|p1a: Cresselia|0 fnt\n|-sidestart|p1: wingminmon|Spikes\n|faint|p1a: Cresselia\n|move|p1b: Heatran|Flash Cannon|p2a: Pelipper\n|-resisted|p2a: Pelipper\n|-damage|p2a: Pelipper|21\/100\n|move|p2a: Pelipper|Tailwind|p2a: Pelipper\n|-sidestart|p2: Dkayez|move: Tailwind\n|\n|-weather|RainDance|[upkeep]\n|-heal|p2a: Pelipper|27\/100|[from] item: Leftovers\n|upkeep\n|\n|t:|1697829367\n|switch|p1a: Landorus|Landorus-Therian, M|100\/100\n|-ability|p1a: Landorus|Intimidate|boost\n|-unboost|p2a: Pelipper|atk|1\n|-unboost|p2b: Samurott|atk|1\n|turn|4\n|\n|t:|1697829398\n|switch|p2b: Clefable|Clefable, M|100\/100\n|-terastallize|p1a: Landorus|Flying\n|move|p1a: Landorus|Tera Blast|p2b: Clefable|[anim] Tera Blast Flying\n|-damage|p2b: Clefable|47\/100\n|move|p2a: Pelipper|Roost|p2a: Pelipper\n|-heal|p2a: Pelipper|78\/100\n|-singleturn|p2a: Pelipper|move: Roost\n|move|p1b: Heatran|Flash Cannon|p2a: Pelipper\n|-resisted|p2a: Pelipper\n|-damage|p2a: Pelipper|49\/100\n|\n|-weather|RainDance|[upkeep]\n|-heal|p2a: Pelipper|55\/100|[from] item: Leftovers\n|-heal|p2b: Clefable|53\/100|[from] item: Leftovers\n|upkeep\n|turn|5\n|\n|t:|1697829429\n|switch|p1a: Dragapult|Dragapult, M, shiny|100\/100\n|-damage|p1a: Dragapult|76\/100|[from] Spikes\n|move|p2b: Clefable|Protect|p2b: Clefable\n|-singleturn|p2b: Clefable|Protect\n|move|p2a: Pelipper|U-turn|p1a: Dragapult\n|-resisted|p1a: Dragapult\n|-damage|p1a: Dragapult|73\/100\n|\n|t:|1697829438\n|switch|p2a: Samurott|Samurott-Hisui, M|100\/100|[from] U-turn\n|move|p1b: Heatran|Magma Storm|p2b: Clefable\n|-activate|p2b: Clefable|move: Protect\n|\n|-weather|none\n|-heal|p2b: Clefable|59\/100|[from] item: Leftovers\n|upkeep\n|turn|6\n|\n|t:|1697829459\n|switch|p2b: Pelipper|Pelipper, F|55\/100\n|-weather|RainDance|[from] ability: Drizzle|[of] p2b: Pelipper\n|move|p2a: Samurott|Aqua Cutter|p1b: Heatran\n|-supereffective|p1b: Heatran\n|-damage|p1b: Heatran|0 fnt\n|faint|p1b: Heatran\n|move|p1a: Dragapult|U-turn|p2a: Samurott\n|-supereffective|p2a: Samurott\n|-damage|p2a: Samurott|27\/100\n|-damage|p1a: Dragapult|63\/100|[from] item: Life Orb\n|\n|t:|1697829468\n|switch|p1a: Landorus|Landorus-Therian, M, tera:Flying|100\/100|[from] U-turn\n|-ability|p1a: Landorus|Intimidate|boost\n|-unboost|p2a: Samurott|atk|1\n|-unboost|p2b: Pelipper|atk|1\n|\n|-weather|RainDance|[upkeep]\n|-heal|p2b: Pelipper|61\/100|[from] item: Leftovers\n|-sideend|p2: Dkayez|move: Tailwind\n|upkeep\n|\n|t:|1697829469\n|switch|p1b: Tornadus|Tornadus, M|100\/100\n|turn|7\n|\n|t:|1697829485\n|switch|p2a: Clefable|Clefable, M|59\/100\n|move|p1b: Tornadus|Tailwind|p1b: Tornadus\n|-sidestart|p1: wingminmon|move: Tailwind\n|move|p1a: Landorus|U-turn|p2a: Clefable\n|-resisted|p2a: Clefable\n|-damage|p2a: Clefable|46\/100\n|\n|t:|1697829531\n|switch|p1a: Dragapult|Dragapult, M, shiny|63\/100|[from] U-turn\n|-damage|p1a: Dragapult|39\/100|[from] Spikes\n|move|p2b: Pelipper|Tailwind|p2b: Pelipper\n|-sidestart|p2: Dkayez|move: Tailwind\n|\n|-weather|RainDance|[upkeep]\n|-heal|p2b: Pelipper|67\/100|[from] item: Leftovers\n|-heal|p2a: Clefable|52\/100|[from] item: Leftovers\n|upkeep\n|turn|8\n|\n|t:|1697829565\n|move|p2a: Clefable|Protect|p2a: Clefable\n|-singleturn|p2a: Clefable|Protect\n|move|p1a: Dragapult|Dragon Darts|p2b: Pelipper\n|-damage|p2b: Pelipper|28\/100\n|-anim|p1a: Dragapult|Dragon Darts|p2b: Pelipper\n|-damage|p2b: Pelipper|0 fnt\n|faint|p2b: Pelipper\n|-damage|p1a: Dragapult|29\/100|[from] item: Life Orb\n|move|p1b: Tornadus|Bleakwind Storm|p2a: Clefable\n|-activate|p2a: Clefable|move: Protect\n|\n|-weather|RainDance|[upkeep]\n|-heal|p2a: Clefable|59\/100|[from] item: Leftovers\n|upkeep\n|\n|t:|1697829582\n|switch|p2b: Samurott|Samurott-Hisui, M|27\/100\n|turn|9\n|\n|t:|1697829612\n|move|p1a: Dragapult|Dragon Darts|p2b: Samurott\n|-damage|p2b: Samurott|0 fnt\n|faint|p2b: Samurott\n|-damage|p1a: Dragapult|19\/100|[from] item: Life Orb\n|move|p1b: Tornadus|Bleakwind Storm|p2a: Clefable\n|-damage|p2a: Clefable|18\/100\n|move|p2a: Clefable|Wish|p2a: Clefable\n|\n|-weather|RainDance|[upkeep]\n|-heal|p2a: Clefable|24\/100|[from] item: Leftovers\n|upkeep\n|\n|t:|1697829624\n|switch|p2b: Cinderace|Cinderace, M|100\/100\n|turn|10\n|\n|t:|1697829643\n|move|p2a: Clefable|Protect|p2a: Clefable\n|-singleturn|p2a: Clefable|Protect\n|move|p1a: Dragapult|Dragon Darts|p2b: Cinderace\n|-damage|p2b: Cinderace|54\/100\n|-anim|p1a: Dragapult|Dragon Darts|p2b: Cinderace\n|-damage|p2b: Cinderace|11\/100\n|-damage|p1a: Dragapult|9\/100|[from] item: Life Orb\n|move|p2b: Cinderace|Fire Fang|p1a: Dragapult\n|-resisted|p1a: Dragapult\n|-damage|p1a: Dragapult|0 fnt\n|faint|p1a: Dragapult\n|move|p1b: Tornadus|Bleakwind Storm|p2b: Cinderace|[spread] p2b\n|-activate|p2a: Clefable|move: Protect\n|-damage|p2b: Cinderace|0 fnt\n|faint|p2b: Cinderace\n|\n|-weather|none\n|-heal|p2a: Clefable|74\/100|[from] move: Wish|[wisher] Clefable\n|-heal|p2a: Clefable|80\/100|[from] item: Leftovers\n|-sideend|p2: Dkayez|move: Tailwind\n|-sideend|p1: wingminmon|move: Tailwind\n|upkeep\n|\n|t:|1697829662\n|switch|p1a: Landorus|Landorus-Therian, M, tera:Flying|100\/100\n|switch|p2b: Garganacl|Garganacl, M|100\/100\n|-ability|p1a: Landorus|Intimidate|boost\n|-unboost|p2a: Clefable|atk|1\n|-unboost|p2b: Garganacl|atk|1\n|-item|p2b: Garganacl|Air Balloon\n|turn|11\n|l|\u2606Dkayez\n|player|p2|\n|j|\u2606Dkayez\n|player|p2|Dkayez|265\n|inactive|Battle timer is ON: inactive players will automatically lose when time's up. (requested by wingminmon)\n|\n|t:|1697829734\n|move|p1a: Landorus|Stomping Tantrum|p2a: Clefable\n|-damage|p2a: Clefable|42\/100\n|move|p1b: Tornadus|Bleakwind Storm|p2b: Garganacl|[spread] p2a,p2b\n|-resisted|p2b: Garganacl\n|-damage|p2a: Clefable|9\/100\n|-damage|p2b: Garganacl|87\/100\n|-enditem|p2b: Garganacl|Air Balloon\n|move|p2a: Clefable|Thunder Wave|p1b: Tornadus|[miss]\n|-miss|p2a: Clefable|p1b: Tornadus\n|move|p2b: Garganacl|Salt Cure|p1a: Landorus\n|-supereffective|p1a: Landorus\n|-damage|p1a: Landorus|80\/100\n|-start|p1a: Landorus|Salt Cure\n|\n|-heal|p2a: Clefable|15\/100|[from] item: Leftovers\n|-damage|p1a: Landorus|68\/100|[from] Salt Cure\n|upkeep\n|turn|12\n|l|\u2606Dkayez\n|inactive|Dkayez disconnected and has a minute to reconnect!\n|player|p2|\n|inactive|Dkayez has 30 seconds to reconnect!\n|inactive|Dkayez has 20 seconds to reconnect!\n|inactive|Dkayez has 15 seconds to reconnect!\n|inactive|Dkayez has 10 seconds to reconnect!\n|inactive|Dkayez has 5 seconds to reconnect!\n|-message|Dkayez lost due to inactivity.\n|\n|win|wingminmon\n|raw|wingminmon's rating: 1163 &rarr; <strong>1182<\/strong><br \/>(+19 for winning)\n|raw|Dkayez's rating: 1082 &rarr; <strong>1065<\/strong><br \/>(-17 for losing)\n","uploadtime":1697829844,"views":13,"p1id":"wingminmon","p2id":"dkayez","formatid":"gen9doublesou","rating":1065,"private":0,"password":""}