{"id":"gen9doublesou-1997586569","p1":"testswohdown","p2":"sanswithagun","format":"[Gen 9] Doubles OU","log":"|j|\u2606testswohdown\n|j|\u2606sanswithagun\n|t:|1700829442\n|gametype|doubles\n|player|p1|testswohdown|boarder|1515\n|player|p2|sanswithagun|101|1348\n|teamsize|p1|6\n|teamsize|p2|6\n|gen|9\n|tier|[Gen 9] Doubles OU\n|rated|\n|rule|Species Clause: Limit one of each Pok\u00e9mon\n|rule|OHKO Clause: OHKO moves are banned\n|rule|Evasion Moves Clause: Evasion moves are banned\n|rule|Gravity Sleep Clause: The combination of sleep-inducing moves with imperfect accuracy and Gravity or Gigantamax Orbeetle are banned\n|rule|Endless Battle Clause: Forcing endless battles is banned\n|rule|HP Percentage Mod: HP is shown in percentages\n|clearpoke\n|poke|p1|Flutter Mane|\n|poke|p1|Chien-Pao|\n|poke|p1|Dragapult, M|\n|poke|p1|Ninetales-Alola, M|\n|poke|p1|Dudunsparce-*, M|\n|poke|p1|Clefable, F|\n|poke|p2|Tyranitar, F|\n|poke|p2|Ting-Lu|\n|poke|p2|Houndstone, F|\n|poke|p2|Diancie|\n|poke|p2|Landorus, M|\n|poke|p2|Gholdengo|\n|teampreview\n|inactive|Battle timer is ON: inactive players will automatically lose when time's up. (requested by testswohdown)\n|inactive|testswohdown has 120 seconds left.\n|\n|t:|1700829479\n|start\n|switch|p1a: Ninetales|Ninetales-Alola, M|100\/100\n|switch|p1b: Dudunsparce|Dudunsparce-Three-Segment, M|100\/100\n|switch|p2a: bigman|Tyranitar, F|100\/100\n|switch|p2b: Diancie|Diancie|100\/100\n|-weather|Snow|[from] ability: Snow Warning|[of] p1a: Ninetales\n|-weather|Sandstorm|[from] ability: Sand Stream|[of] p2a: bigman\n|turn|1\n|\n|t:|1700829500\n|move|p1a: Ninetales|Protect|p1a: Ninetales\n|-singleturn|p1a: Ninetales|Protect\n|move|p2a: bigman|Thunder Wave|p1b: Dudunsparce\n|-status|p1b: Dudunsparce|par\n|move|p2b: Diancie|Diamond Storm|p1b: Dudunsparce|[spread] p1b\n|-activate|p1a: Ninetales|move: Protect\n|-damage|p1b: Dudunsparce|73\/100 par\n|-boost|p2b: Diancie|def|2\n|move|p1b: Dudunsparce|Glare|p2a: bigman\n|-status|p2a: bigman|par\n|\n|-weather|Sandstorm|[upkeep]\n|-damage|p1a: Ninetales|94\/100|[from] Sandstorm\n|-damage|p1b: Dudunsparce|67\/100 par|[from] Sandstorm\n|upkeep\n|turn|2\n|\n|t:|1700829519\n|switch|p1a: Clefable|Clefable, F|100\/100\n|switch|p2a: Gholdengo|Gholdengo|100\/100\n|move|p2b: Diancie|Diamond Storm|p1a: Clefable|[spread] p1b\n|-miss|p2b: Diancie|p1a: Clefable\n|-damage|p1b: Dudunsparce|42\/100 par\n|move|p1b: Dudunsparce|Glare|p2b: Diancie\n|-status|p2b: Diancie|par\n|\n|-weather|Sandstorm|[upkeep]\n|-damage|p1a: Clefable|94\/100|[from] Sandstorm\n|-damage|p1b: Dudunsparce|36\/100 par|[from] Sandstorm\n|-heal|p1a: Clefable|100\/100|[from] item: Leftovers\n|upkeep\n|turn|3\n|inactive|testswohdown has 120 seconds left.\n|\n|t:|1700829553\n|-terastallize|p1a: Clefable|Steel\n|move|p2a: Gholdengo|Make It Rain|p1b: Dudunsparce|[spread] p1a,p1b\n|-resisted|p1a: Clefable\n|-damage|p1a: Clefable|76\/100\n|-damage|p1b: Dudunsparce|0 fnt\n|-unboost|p2a: Gholdengo|spa|1\n|faint|p1b: Dudunsparce\n|move|p1a: Clefable|Life Dew|p1a: Clefable\n|-heal|p1a: Clefable|100\/100\n|move|p2b: Diancie|Diamond Storm|p1a: Clefable\n|-resisted|p1a: Clefable\n|-damage|p1a: Clefable|81\/100\n|-boost|p2b: Diancie|def|2\n|\n|-weather|Sandstorm|[upkeep]\n|-heal|p1a: Clefable|88\/100|[from] item: Leftovers\n|upkeep\n|inactive|testswohdown has 120 seconds left.\n|\n|t:|1700829588\n|switch|p1b: Chien-Pao|Chien-Pao|100\/100\n|-ability|p1b: Chien-Pao|Sword of Ruin\n|turn|4\n|\n|t:|1700829597\n|move|p1b: Chien-Pao|Protect|p1b: Chien-Pao\n|-singleturn|p1b: Chien-Pao|Protect\n|move|p2a: Gholdengo|Make It Rain|p1b: Chien-Pao|[spread] p1a\n|-activate|p1b: Chien-Pao|move: Protect\n|-resisted|p1a: Clefable\n|-damage|p1a: Clefable|64\/100\n|-unboost|p2a: Gholdengo|spa|1\n|move|p1a: Clefable|Cosmic Power|p1a: Clefable\n|-boost|p1a: Clefable|def|1\n|-boost|p1a: Clefable|spd|1\n|cant|p2b: Diancie|par\n|\n|-weather|Sandstorm|[upkeep]\n|-damage|p1b: Chien-Pao|95\/100|[from] Sandstorm\n|-heal|p1a: Clefable|70\/100|[from] item: Leftovers\n|upkeep\n|turn|5\n|inactive|testswohdown has 120 seconds left.\n|inactive|sanswithagun has 120 seconds left.\n|\n|t:|1700829633\n|move|p1b: Chien-Pao|Ice Spinner|p2a: Gholdengo\n|-resisted|p2a: Gholdengo\n|-damage|p2a: Gholdengo|74\/100\n|move|p2a: Gholdengo|Make It Rain|p1a: Clefable|[spread] p1a,p1b\n|-resisted|p1a: Clefable\n|-supereffective|p1b: Chien-Pao\n|-damage|p1a: Clefable|55\/100\n|-damage|p1b: Chien-Pao|15\/100\n|-unboost|p2a: Gholdengo|spa|1\n|move|p1a: Clefable|Cosmic Power|p1a: Clefable\n|-boost|p1a: Clefable|def|1\n|-boost|p1a: Clefable|spd|1\n|move|p2b: Diancie|Body Press|p1a: Clefable\n|-supereffective|p1a: Clefable\n|-damage|p1a: Clefable|19\/100\n|\n|-weather|Sandstorm|[upkeep]\n|-damage|p1b: Chien-Pao|9\/100|[from] Sandstorm\n|-heal|p2a: Gholdengo|80\/100|[from] item: Leftovers\n|-heal|p1a: Clefable|25\/100|[from] item: Leftovers\n|upkeep\n|turn|6\n|inactive|testswohdown has 120 seconds left.\n|inactive|sanswithagun has 120 seconds left.\n|\n|t:|1700829664\n|switch|p2a: Ting-Lu|Ting-Lu|100\/100\n|-ability|p2a: Ting-Lu|Vessel of Ruin\n|move|p1b: Chien-Pao|Crunch|p2a: Ting-Lu\n|-resisted|p2a: Ting-Lu\n|-damage|p2a: Ting-Lu|88\/100\n|move|p1a: Clefable|Life Dew|p1a: Clefable|[spread] p1a,p1b\n|-heal|p1a: Clefable|50\/100\n|-heal|p1b: Chien-Pao|34\/100\n|move|p2b: Diancie|Diamond Storm|p1a: Clefable|[spread] p1a,p1b\n|-resisted|p1a: Clefable\n|-supereffective|p1b: Chien-Pao\n|-damage|p1a: Clefable|41\/100\n|-damage|p1b: Chien-Pao|0 fnt\n|faint|p1b: Chien-Pao\n|\n|-weather|Sandstorm|[upkeep]\n|-heal|p1a: Clefable|47\/100|[from] item: Leftovers\n|-heal|p2a: Ting-Lu|94\/100|[from] item: Leftovers\n|upkeep\n|\n|t:|1700829687\n|switch|p1b: Flutter Mane|Flutter Mane|100\/100\n|turn|7\n|inactive|testswohdown has 120 seconds left.\n|\n|t:|1700829700\n|move|p2a: Ting-Lu|Protect|p2a: Ting-Lu\n|-singleturn|p2a: Ting-Lu|Protect\n|move|p1b: Flutter Mane|Dazzling Gleam|p2b: Diancie|[spread] p2b\n|-activate|p2a: Ting-Lu|move: Protect\n|-damage|p2b: Diancie|87\/100 par\n|move|p1a: Clefable|Life Dew||[still]|[spread] p1a,p1b\n|-heal|p1a: Clefable|72\/100\n|-fail|p1b: Flutter Mane|heal\n|move|p2b: Diancie|Gyro Ball|p1b: Flutter Mane\n|-supereffective|p1b: Flutter Mane\n|-damage|p1b: Flutter Mane|0 fnt\n|faint|p1b: Flutter Mane\n|-end|p1b: Flutter Mane|Protosynthesis|[silent]\n|\n|-weather|Sandstorm|[upkeep]\n|-heal|p1a: Clefable|78\/100|[from] item: Leftovers\n|-heal|p2a: Ting-Lu|99\/100|[from] item: Leftovers\n|upkeep\n|inactive|testswohdown has 120 seconds left.\n|\n|t:|1700829720\n|switch|p1b: Ninetales|Ninetales-Alola, M|94\/100\n|-weather|Snow|[from] ability: Snow Warning|[of] p1b: Ninetales\n|turn|8\n|inactive|testswohdown has 120 seconds left.\n|\n|t:|1700829735\n|switch|p1b: Dragapult|Dragapult, M|100\/100\n|switch|p2a: bigman|Tyranitar, F|100\/100 par\n|-weather|Sandstorm|[from] ability: Sand Stream|[of] p2a: bigman\n|move|p1a: Clefable|Cosmic Power|p1a: Clefable\n|-boost|p1a: Clefable|def|1\n|-boost|p1a: Clefable|spd|1\n|move|p2b: Diancie|Diamond Storm|p1b: Dragapult|[spread] p1a\n|-miss|p2b: Diancie|p1b: Dragapult\n|-resisted|p1a: Clefable\n|-damage|p1a: Clefable|73\/100\n|-boost|p2b: Diancie|def|2\n|\n|-weather|Sandstorm|[upkeep]\n|-damage|p1b: Dragapult|95\/100|[from] Sandstorm\n|-heal|p1a: Clefable|79\/100|[from] item: Leftovers\n|upkeep\n|turn|9\n|inactive|testswohdown has 120 seconds left.\n|inactive|sanswithagun has 120 seconds left.\n|\n|t:|1700829771\n|switch|p1b: Ninetales|Ninetales-Alola, M|94\/100\n|-weather|Snow|[from] ability: Snow Warning|[of] p1b: Ninetales\n|switch|p2a: Landorus|Landorus, M, shiny|100\/100\n|move|p1a: Clefable|Cosmic Power|p1a: Clefable\n|-boost|p1a: Clefable|def|1\n|-boost|p1a: Clefable|spd|1\n|move|p2b: Diancie|Gyro Ball|p1b: Ninetales\n|-supereffective|p1b: Ninetales\n|-crit|p1b: Ninetales\n|-damage|p1b: Ninetales|0 fnt\n|faint|p1b: Ninetales\n|\n|-weather|Snow|[upkeep]\n|-heal|p1a: Clefable|85\/100|[from] item: Leftovers\n|upkeep\n|\n|t:|1700829788\n|switch|p1b: Dragapult|Dragapult, M|95\/100\n|turn|10\n|\n|t:|1700829796\n|switch|p2a: bigman|Tyranitar, F|100\/100 par\n|-weather|Sandstorm|[from] ability: Sand Stream|[of] p2a: bigman\n|move|p1b: Dragapult|Dragon Darts|p2a: bigman\n|-damage|p2a: bigman|74\/100 par\n|-anim|p1b: Dragapult|Dragon Darts|p2a: bigman\n|-damage|p2a: bigman|46\/100 par\n|move|p1a: Clefable|Cosmic Power|p1a: Clefable\n|-boost|p1a: Clefable|def|1\n|-boost|p1a: Clefable|spd|1\n|move|p2b: Diancie|Play Rough|p1b: Dragapult\n|-supereffective|p1b: Dragapult\n|-damage|p1b: Dragapult|0 fnt\n|faint|p1b: Dragapult\n|\n|-weather|Sandstorm|[upkeep]\n|-heal|p1a: Clefable|91\/100|[from] item: Leftovers\n|upkeep\n|turn|11\n|\n|t:|1700829817\n|move|p1a: Clefable|Cosmic Power|p1a: Clefable\n|-boost|p1a: Clefable|def|1\n|-boost|p1a: Clefable|spd|1\n|move|p2a: bigman|Knock Off|p1a: Clefable\n|-damage|p1a: Clefable|80\/100\n|-enditem|p1a: Clefable|Leftovers|[from] move: Knock Off|[of] p2a: bigman\n|cant|p2b: Diancie|par\n|\n|-weather|Sandstorm|[upkeep]\n|upkeep\n|turn|12\n|l|\u2606testswohdown\n|inactive|testswohdown disconnected and has a minute to reconnect!\n|player|p1|\n|inactive|testswohdown has 30 seconds to reconnect!\n|inactive|testswohdown has 20 seconds to reconnect!\n|inactive|testswohdown has 15 seconds to reconnect!\n|inactive|testswohdown has 10 seconds to reconnect!\n|inactive|testswohdown has 5 seconds to reconnect!\n|-message|testswohdown lost due to inactivity.\n|\n|win|sanswithagun\n|raw|testswohdown's rating: 1515 &rarr; <strong>1486<\/strong><br \/>(-29 for losing)\n|raw|sanswithagun's rating: 1348 &rarr; <strong>1377<\/strong><br \/>(+29 for winning)\n","uploadtime":1700829904,"views":8,"p1id":"testswohdown","p2id":"sanswithagun","formatid":"gen9doublesou","rating":1377,"private":0,"password":""}