{"id":"gen9doublesou-1990655219","p1":"Blue Syrius","p2":"rehjopfdsq","format":"[Gen 9] Doubles OU","log":"|j|\u2606Blue Syrius\n|j|\u2606rehjopfdsq\n|t:|1699989164\n|gametype|doubles\n|player|p1|Blue Syrius|youngster-gen4dp|1037\n|player|p2|rehjopfdsq|brycenman|1059\n|teamsize|p1|6\n|teamsize|p2|6\n|gen|9\n|tier|[Gen 9] Doubles OU\n|rated|\n|rule|Species Clause: Limit one of each Pok\u00e9mon\n|rule|OHKO Clause: OHKO moves are banned\n|rule|Evasion Moves Clause: Evasion moves are banned\n|rule|Gravity Sleep Clause: The combination of sleep-inducing moves with imperfect accuracy and Gravity or Gigantamax Orbeetle are banned\n|rule|Endless Battle Clause: Forcing endless battles is banned\n|rule|HP Percentage Mod: HP is shown in percentages\n|clearpoke\n|poke|p1|Oranguru, F|\n|poke|p1|Diancie|\n|poke|p1|Grimmsnarl, M|\n|poke|p1|Grafaiai, F|\n|poke|p1|Flutter Mane|\n|poke|p1|Roaring Moon|\n|poke|p2|Zangoose, M|\n|poke|p2|Seviper, F|\n|poke|p2|Gardevoir, F|\n|poke|p2|Gallade, M|\n|poke|p2|Tinkaton, F|\n|poke|p2|Corviknight, M|\n|teampreview\n|\n|t:|1699989189\n|start\n|switch|p1a: Diancie|Diancie, shiny|100\/100\n|switch|p1b: Grimmsnarl|Grimmsnarl, M, shiny|100\/100\n|switch|p2a: Zangoose|Zangoose, M, shiny|100\/100\n|switch|p2b: Seviper|Seviper, F, shiny|100\/100\n|turn|1\n|inactive|Battle timer is ON: inactive players will automatically lose when time's up. (requested by Blue Syrius)\n|\n|t:|1699989202\n|move|p1b: Grimmsnarl|Reflect|p1b: Grimmsnarl\n|-sidestart|p1: Blue Syrius|Reflect\n|move|p2a: Zangoose|Belly Drum|p2a: Zangoose\n|-damage|p2a: Zangoose|51\/100\n|-setboost|p2a: Zangoose|atk|6|[from] move: Belly Drum\n|move|p2b: Seviper|Toxic|p2a: Zangoose\n|-status|p2a: Zangoose|tox\n|move|p1a: Diancie|Iron Defense|p1a: Diancie\n|-boost|p1a: Diancie|def|2\n|\n|-damage|p2a: Zangoose|38\/100 tox|[from] item: Black Sludge\n|-damage|p2a: Zangoose|33\/100 tox|[from] psn\n|upkeep\n|turn|2\n|\n|t:|1699989231\n|-terastallize|p2a: Zangoose|Poison\n|move|p1b: Grimmsnarl|Parting Shot|p2a: Zangoose\n|-unboost|p2a: Zangoose|atk|1\n|-unboost|p2a: Zangoose|spa|1\n|\n|t:|1699989236\n|switch|p1b: Grafaiai|Grafaiai, F|100\/100|[from] Parting Shot\n|move|p2a: Zangoose|Poison Jab|p1b: Grafaiai\n|-resisted|p1b: Grafaiai\n|-damage|p1b: Grafaiai|0 fnt\n|faint|p1b: Grafaiai\n|move|p2b: Seviper|Gastro Acid|p1a: Diancie\n|-endability|p1a: Diancie\n|move|p1a: Diancie|Substitute|p1a: Diancie\n|-start|p1a: Diancie|Substitute\n|-damage|p1a: Diancie|75\/100\n|\n|-heal|p2a: Zangoose|38\/100 tox|[from] item: Black Sludge\n|-damage|p2a: Zangoose|27\/100 tox|[from] psn\n|upkeep\n|inactive|Blue Syrius has 120 seconds left.\n|\n|t:|1699989255\n|switch|p1b: Grimmsnarl|Grimmsnarl, M, shiny|100\/100\n|turn|3\n|\n|t:|1699989279\n|move|p1b: Grimmsnarl|Parting Shot|p2a: Zangoose\n|-unboost|p2a: Zangoose|atk|1\n|-unboost|p2a: Zangoose|spa|1\n|\n|t:|1699989285\n|switch|p1b: Roaring Moon|Roaring Moon|100\/100|[from] Parting Shot\n|-enditem|p1b: Roaring Moon|Booster Energy\n|-activate|p1b: Roaring Moon|ability: Protosynthesis|[fromitem]\n|-start|p1b: Roaring Moon|protosynthesisatk\n|move|p2a: Zangoose|X-Scissor|p1b: Roaring Moon\n|-supereffective|p1b: Roaring Moon\n|-damage|p1b: Roaring Moon|0 fnt\n|faint|p1b: Roaring Moon\n|-end|p1b: Roaring Moon|Protosynthesis|[silent]\n|move|p2b: Seviper|Gunk Shot|p1a: Diancie|[miss]\n|-miss|p2b: Seviper|p1a: Diancie\n|move|p1a: Diancie|Calm Mind|p1a: Diancie\n|-boost|p1a: Diancie|spa|1\n|-boost|p1a: Diancie|spd|1\n|\n|-heal|p2a: Zangoose|33\/100 tox|[from] item: Black Sludge\n|-damage|p2a: Zangoose|15\/100 tox|[from] psn\n|upkeep\n|inactive|Blue Syrius has 120 seconds left.\n|\n|t:|1699989302\n|switch|p1b: Grimmsnarl|Grimmsnarl, M, shiny|100\/100\n|turn|4\n|\n|t:|1699989320\n|move|p1b: Grimmsnarl|Thunder Wave|p2b: Seviper|[miss]\n|-miss|p1b: Grimmsnarl|p2b: Seviper\n|move|p2a: Zangoose|X-Scissor|p1b: Grimmsnarl\n|-damage|p1b: Grimmsnarl|0 fnt\n|faint|p1b: Grimmsnarl\n|move|p2b: Seviper|Toxic|p1a: Diancie\n|-status|p1a: Diancie|tox\n|move|p1a: Diancie|Calm Mind|p1a: Diancie\n|-boost|p1a: Diancie|spa|1\n|-boost|p1a: Diancie|spd|1\n|\n|-heal|p2a: Zangoose|21\/100 tox|[from] item: Black Sludge\n|-damage|p2a: Zangoose|0 fnt|[from] psn\n|faint|p2a: Zangoose\n|-damage|p1a: Diancie|69\/100 tox|[from] psn\n|upkeep\n|\n|t:|1699989342\n|switch|p2a: Gardevoir|Gardevoir, F, shiny|100\/100\n|switch|p1b: Flutter Mane|Flutter Mane|100\/100\n|-enditem|p1b: Flutter Mane|Booster Energy\n|-activate|p1b: Flutter Mane|ability: Protosynthesis|[fromitem]\n|-start|p1b: Flutter Mane|protosynthesisspa\n|-ability|p2a: Gardevoir|Clear Body|[from] ability: Trace|[of] p1a: Diancie\n|turn|5\n|\n|t:|1699989367\n|move|p1b: Flutter Mane|Protect|p1b: Flutter Mane\n|-singleturn|p1b: Flutter Mane|Protect\n|move|p2a: Gardevoir|Moonblast|p1b: Flutter Mane\n|-activate|p1b: Flutter Mane|move: Protect\n|move|p2b: Seviper|Venoshock|p1a: Diancie\n|-damage|p1a: Diancie|50\/100 tox\n|-enditem|p1a: Diancie|Sitrus Berry|[eat]\n|-heal|p1a: Diancie|75\/100 tox|[from] item: Sitrus Berry\n|move|p1a: Diancie|Baton Pass|p1a: Diancie\n|\n|t:|1699989377\n|switch|p1a: Oranguru|Oranguru, F|100\/100|[from] Baton Pass\n|\n|upkeep\n|turn|6\n|\n|t:|1699989391\n|move|p1b: Flutter Mane|Shadow Ball|p2b: Seviper\n|-damage|p2b: Seviper|43\/100\n|-unboost|p2b: Seviper|spd|1\n|move|p2a: Gardevoir|Future Sight|p1b: Flutter Mane\n|-start|p2a: Gardevoir|move: Future Sight\n|move|p2b: Seviper|Toxic|p1a: Oranguru\n|-status|p1a: Oranguru|tox\n|move|p1a: Oranguru|Stored Power|p2b: Seviper\n|-supereffective|p2b: Seviper\n|-damage|p2b: Seviper|0 fnt\n|faint|p2b: Seviper\n|\n|-damage|p1a: Oranguru|94\/100 tox|[from] psn\n|upkeep\n|\n|t:|1699989406\n|switch|p2b: Gallade|Gallade, M, shiny|100\/100\n|turn|7\n|\n|t:|1699989417\n|move|p1b: Flutter Mane|Shadow Ball|p2a: Gardevoir\n|-supereffective|p2a: Gardevoir\n|-damage|p2a: Gardevoir|0 fnt\n|faint|p2a: Gardevoir\n|move|p2b: Gallade|Light Screen|p2b: Gallade\n|-sidestart|p2: rehjopfdsq|move: Light Screen\n|move|p1a: Oranguru|Stored Power|p2b: Gallade\n|-damage|p2b: Gallade|49\/100\n|\n|-heal|p2b: Gallade|55\/100|[from] item: Leftovers\n|-damage|p1a: Oranguru|82\/100 tox|[from] psn\n|upkeep\n|\n|t:|1699989431\n|switch|p2a: Tinkaton|Tinkaton, F|100\/100\n|turn|8\n|\n|t:|1699989449\n|move|p1b: Flutter Mane|Protect|p1b: Flutter Mane\n|-singleturn|p1b: Flutter Mane|Protect\n|move|p2b: Gallade|Life Dew||[still]|[spread] p2a,p2b\n|-fail|p2a: Tinkaton|heal\n|-heal|p2b: Gallade|80\/100\n|move|p2a: Tinkaton|Fling|p1b: Flutter Mane\n|-activate|p1b: Flutter Mane|move: Protect\n|-enditem|p2a: Tinkaton|Iron Ball|[from] move: Fling\n|move|p1a: Oranguru|Yawn|p2a: Tinkaton\n|-start|p2a: Tinkaton|move: Yawn|[of] p1a: Oranguru\n|\n|-end|p1b: Flutter Mane|move: Future Sight\n|-crit|p1b: Flutter Mane\n|-damage|p1b: Flutter Mane|7\/100\n|-heal|p2b: Gallade|86\/100|[from] item: Leftovers\n|-damage|p1a: Oranguru|64\/100 tox|[from] psn\n|-sideend|p1: Blue Syrius|Reflect\n|upkeep\n|turn|9\n|inactive|Blue Syrius has 120 seconds left.\n|inactive|rehjopfdsq has 120 seconds left.\n|\n|t:|1699989489\n|move|p1b: Flutter Mane|Mystical Fire|p2a: Tinkaton\n|-supereffective|p2a: Tinkaton\n|-crit|p2a: Tinkaton\n|-damage|p2a: Tinkaton|0 fnt\n|faint|p2a: Tinkaton\n|move|p2b: Gallade|Light Screen||[still]\n|-fail|p2b: Gallade\n|move|p1a: Oranguru|Stored Power|p2b: Gallade\n|-damage|p2b: Gallade|32\/100\n|\n|-heal|p2b: Gallade|38\/100|[from] item: Leftovers\n|-damage|p1a: Oranguru|40\/100 tox|[from] psn\n|upkeep\n|-enditem|p1a: Oranguru|Sitrus Berry|[eat]\n|-heal|p1a: Oranguru|65\/100 tox|[from] item: Sitrus Berry\n|inactive|rehjopfdsq has 120 seconds left.\n|\n|t:|1699989503\n|switch|p2a: Corviknight|Corviknight, M|100\/100\n|turn|10\n|inactive|Blue Syrius has 120 seconds left.\n|\n|t:|1699989535\n|move|p1b: Flutter Mane|Shadow Ball|p2b: Gallade\n|-supereffective|p2b: Gallade\n|-damage|p2b: Gallade|0 fnt\n|faint|p2b: Gallade\n|move|p2a: Corviknight|Tailwind|p2a: Corviknight\n|-sidestart|p2: rehjopfdsq|move: Tailwind\n|move|p1a: Oranguru|Stored Power|p2a: Corviknight\n|-resisted|p2a: Corviknight\n|-damage|p2a: Corviknight|73\/100\n|\n|-heal|p2a: Corviknight|79\/100|[from] item: Leftovers\n|-damage|p1a: Oranguru|35\/100 tox|[from] psn\n|upkeep\n|turn|11\n|\n|t:|1699989553\n|move|p1b: Flutter Mane|Mystical Fire|p2a: Corviknight\n|-supereffective|p2a: Corviknight\n|-damage|p2a: Corviknight|28\/100\n|-ability|p2a: Corviknight|Mirror Armor\n|-unboost|p1b: Flutter Mane|spa|1\n|move|p2a: Corviknight|Iron Head|p1a: Oranguru\n|-activate|p1a: Oranguru|move: Substitute|[damage]\n|move|p1a: Oranguru|Stored Power|p2a: Corviknight\n|-resisted|p2a: Corviknight\n|-damage|p2a: Corviknight|0 fnt\n|faint|p2a: Corviknight\n|\n|win|Blue Syrius\n|raw|Blue Syrius's rating: 1037 &rarr; <strong>1074<\/strong><br \/>(+37 for winning)\n|raw|rehjopfdsq's rating: 1059 &rarr; <strong>1039<\/strong><br \/>(-20 for losing)\n|l|\u2606rehjopfdsq\n","uploadtime":1699989566,"views":7,"p1id":"bluesyrius","p2id":"rehjopfdsq","formatid":"gen9doublesou","rating":1039,"private":0,"password":""}