{"id":"gen9doublesou-1978127691","p1":"DoerreKong","p2":"wthappened","format":"[Gen 9] Doubles OU","log":"|j|\u2606DoerreKong\n|j|\u2606wthappened\n|t:|1698502794\n|gametype|doubles\n|player|p1|DoerreKong|ltsurge|1619\n|player|p2|wthappened|265|1723\n|teamsize|p1|6\n|teamsize|p2|6\n|gen|9\n|tier|[Gen 9] Doubles OU\n|rated|\n|rule|Species Clause: Limit one of each Pok\u00e9mon\n|rule|OHKO Clause: OHKO moves are banned\n|rule|Evasion Moves Clause: Evasion moves are banned\n|rule|Gravity Sleep Clause: The combination of sleep-inducing moves with imperfect accuracy and Gravity or Gigantamax Orbeetle are banned\n|rule|Endless Battle Clause: Forcing endless battles is banned\n|rule|HP Percentage Mod: HP is shown in percentages\n|clearpoke\n|poke|p1|Torkoal, F|\n|poke|p1|Cresselia, F|\n|poke|p1|Diancie|\n|poke|p1|Iron Hands|\n|poke|p1|Amoonguss, M|\n|poke|p1|Dragonite, F|\n|poke|p2|Chien-Pao|\n|poke|p2|Kleavor, M|\n|poke|p2|Okidogi, M|\n|poke|p2|Tornadus, M|\n|poke|p2|Glimmora, M|\n|poke|p2|Iron Bundle|\n|teampreview\n|inactive|Battle timer is ON: inactive players will automatically lose when time's up. (requested by DoerreKong)\n|j| vavavarun\n|\n|t:|1698502812\n|start\n|switch|p1a: Iron Hands|Iron Hands|100\/100\n|switch|p1b: Diancie|Diancie|100\/100\n|switch|p2a: Kleavor|Kleavor, M|100\/100\n|switch|p2b: Okidogi|Okidogi, M|100\/100\n|turn|1\n|inactive|DoerreKong has 120 seconds left.\n|\n|t:|1698502852\n|move|p2a: Kleavor|Protect|p2a: Kleavor\n|-singleturn|p2a: Kleavor|Protect\n|move|p1a: Iron Hands|Fake Out|p2a: Kleavor\n|-activate|p2a: Kleavor|move: Protect\n|move|p2b: Okidogi|Bulk Up|p2b: Okidogi\n|-boost|p2b: Okidogi|atk|1\n|-boost|p2b: Okidogi|def|1\n|move|p1b: Diancie|Trick Room|p1b: Diancie\n|-fieldstart|move: Trick Room|[of] p1b: Diancie\n|\n|upkeep\n|turn|2\n|\n|t:|1698502863\n|move|p1a: Iron Hands|Iron Defense|p1a: Iron Hands\n|-boost|p1a: Iron Hands|def|2\n|move|p1b: Diancie|Diamond Storm|p2b: Okidogi|[spread] p2a,p2b\n|-supereffective|p2a: Kleavor\n|-resisted|p2b: Okidogi\n|-damage|p2a: Kleavor|41\/100\n|-damage|p2b: Okidogi|94\/100\n|move|p2b: Okidogi|Drain Punch|p1b: Diancie\n|-damage|p1b: Diancie|72\/100\n|-heal|p2b: Okidogi|100\/100|[from] drain|[of] p1b: Diancie\n|move|p2a: Kleavor|Stone Axe|p1b: Diancie\n|-damage|p1b: Diancie|38\/100\n|-sidestart|p1: DoerreKong|move: Stealth Rock\n|\n|upkeep\n|turn|3\n|\n|t:|1698502876\n|move|p2a: Kleavor|Protect|p2a: Kleavor\n|-singleturn|p2a: Kleavor|Protect\n|move|p1a: Iron Hands|Iron Defense|p1a: Iron Hands\n|-boost|p1a: Iron Hands|def|2\n|move|p1b: Diancie|Diamond Storm|p2a: Kleavor|[spread] p2b\n|-activate|p2a: Kleavor|move: Protect\n|-resisted|p2b: Okidogi\n|-damage|p2b: Okidogi|94\/100\n|move|p2b: Okidogi|Bulk Up|p2b: Okidogi\n|-boost|p2b: Okidogi|atk|1\n|-boost|p2b: Okidogi|def|1\n|\n|-heal|p2b: Okidogi|99\/100|[from] item: Leftovers\n|upkeep\n|turn|4\n|\n|t:|1698502904\n|move|p2a: Kleavor|Protect|p2a: Kleavor\n|-singleturn|p2a: Kleavor|Protect\n|move|p1b: Diancie|Diamond Storm|p2a: Kleavor|[spread] p2b\n|-activate|p2a: Kleavor|move: Protect\n|-resisted|p2b: Okidogi\n|-damage|p2b: Okidogi|95\/100\n|move|p1a: Iron Hands|Iron Defense|p1a: Iron Hands\n|-boost|p1a: Iron Hands|def|2\n|move|p2b: Okidogi|Bulk Up|p2b: Okidogi\n|-boost|p2b: Okidogi|atk|1\n|-boost|p2b: Okidogi|def|1\n|\n|-heal|p2b: Okidogi|100\/100|[from] item: Leftovers\n|upkeep\n|turn|5\n|inactive|wthappened has 120 seconds left.\n|\n|t:|1698502940\n|move|p1a: Iron Hands|Body Press|p2b: Okidogi\n|-resisted|p2b: Okidogi\n|-damage|p2b: Okidogi|77\/100\n|move|p1b: Diancie|Diamond Storm|p2b: Okidogi|[spread] p2a,p2b\n|-supereffective|p2a: Kleavor\n|-resisted|p2b: Okidogi\n|-damage|p2a: Kleavor|0 fnt\n|-damage|p2b: Okidogi|73\/100\n|-boost|p1b: Diancie|def|2\n|faint|p2a: Kleavor\n|move|p2b: Okidogi|Bulk Up|p2b: Okidogi\n|-boost|p2b: Okidogi|atk|1\n|-boost|p2b: Okidogi|def|1\n|\n|-heal|p2b: Okidogi|79\/100|[from] item: Leftovers\n|-fieldend|move: Trick Room\n|upkeep\n|\n|t:|1698502956\n|switch|p2a: Glimmora|Glimmora, M|100\/100\n|turn|6\n|\n|t:|1698502962\n|move|p2a: Glimmora|Mortal Spin|p1b: Diancie|[spread] p1a,p1b\n|-damage|p1a: Iron Hands|99\/100\n|-damage|p1b: Diancie|37\/100\n|-status|p1a: Iron Hands|psn\n|-status|p1b: Diancie|psn\n|move|p2b: Okidogi|Drain Punch|p1b: Diancie\n|-damage|p1b: Diancie|7\/100 psn\n|-heal|p2b: Okidogi|91\/100|[from] drain|[of] p1b: Diancie\n|move|p1a: Iron Hands|Body Press|p2a: Glimmora\n|-damage|p2a: Glimmora|0 fnt\n|-activate|p2a: Glimmora|ability: Toxic Debris\n|-sidestart|p1: DoerreKong|move: Toxic Spikes\n|faint|p2a: Glimmora\n|move|p1b: Diancie|Trick Room|p1b: Diancie\n|-fieldstart|move: Trick Room|[of] p1b: Diancie\n|\n|-heal|p1a: Iron Hands|100\/100 psn|[from] item: Leftovers\n|-heal|p2b: Okidogi|97\/100|[from] item: Leftovers\n|-damage|p1b: Diancie|0 fnt|[from] psn\n|faint|p1b: Diancie\n|-damage|p1a: Iron Hands|88\/100 psn|[from] psn\n|upkeep\n|-message|wthappened forfeited.\n|\n|win|DoerreKong\n|raw|DoerreKong's rating: 1619 &rarr; <strong>1645<\/strong><br \/>(+26 for winning)\n|raw|wthappened's rating: 1723 &rarr; <strong>1697<\/strong><br \/>(-26 for losing)\n|l|\u2606wthappened\n","uploadtime":1698502979,"views":24,"p1id":"doerrekong","p2id":"wthappened","formatid":"gen9doublesou","rating":1645,"private":0,"password":""}