{"id":"gen9doublesou-1991800274","p1":"kaizen007","p2":"GSTERS","format":"[Gen 9] Doubles OU","log":"|j|\u2606kaizen007\n|j|\u2606GSTERS\n|t:|1700119723\n|gametype|doubles\n|player|p1|kaizen007|266|1419\n|player|p2|GSTERS|clair|1361\n|teamsize|p1|6\n|teamsize|p2|6\n|gen|9\n|tier|[Gen 9] Doubles OU\n|rated|\n|rule|Species Clause: Limit one of each Pok\u00e9mon\n|rule|OHKO Clause: OHKO moves are banned\n|rule|Evasion Moves Clause: Evasion moves are banned\n|rule|Gravity Sleep Clause: The combination of sleep-inducing moves with imperfect accuracy and Gravity or Gigantamax Orbeetle are banned\n|rule|Endless Battle Clause: Forcing endless battles is banned\n|rule|HP Percentage Mod: HP is shown in percentages\n|clearpoke\n|poke|p1|Brambleghast, M|\n|poke|p1|Murkrow, F|\n|poke|p1|Hydreigon, F|\n|poke|p1|Toxtricity, M|\n|poke|p1|Spectrier|\n|poke|p1|Hariyama, M|\n|poke|p2|Skeledirge, M|\n|poke|p2|Arboliva, F|\n|poke|p2|Farigiraf, M|\n|poke|p2|Empoleon, M|\n|poke|p2|Ribombee, F|\n|poke|p2|Landorus-Therian, M|\n|teampreview\n|inactive|Battle timer is ON: inactive players will automatically lose when time's up. (requested by kaizen007)\n|\n|t:|1700119732\n|start\n|switch|p1a: Brambleghast|Brambleghast, M|100\/100\n|switch|p1b: Murkrow|Murkrow, F|100\/100\n|switch|p2a: Farigiraf|Farigiraf, M|100\/100\n|switch|p2b: Ribombee|Ribombee, F|100\/100\n|turn|1\n|\n|t:|1700119752\n|move|p1b: Murkrow|Tailwind|p1b: Murkrow\n|-sidestart|p1: kaizen007|move: Tailwind\n|-ability|p1a: Brambleghast|Wind Rider|boost\n|-boost|p1a: Brambleghast|atk|1\n|move|p1a: Brambleghast|Poltergeist|p2b: Ribombee\n|-activate|p2b: Ribombee|move: Poltergeist|Choice Scarf\n|-damage|p2b: Ribombee|0 fnt\n|faint|p2b: Ribombee\n|move|p2a: Farigiraf|Reflect|p2a: Farigiraf\n|-sidestart|p2: GSTERS|Reflect\n|\n|upkeep\n|\n|t:|1700119762\n|switch|p2b: Landorus|Landorus-Therian, M|100\/100\n|-ability|p2b: Landorus|Intimidate|boost\n|-unboost|p1a: Brambleghast|atk|1\n|-unboost|p1b: Murkrow|atk|1\n|turn|2\n|c|\u2606GSTERS|the evil bush omg\n|\n|t:|1700119784\n|move|p1a: Brambleghast|Strength Sap|p2b: Landorus\n|-unboost|p2b: Landorus|atk|1\n|move|p1b: Murkrow|Foul Play|p2b: Landorus\n|-crit|p2b: Landorus\n|-damage|p2b: Landorus|41\/100\n|move|p2b: Landorus|Stealth Rock|p1b: Murkrow\n|-sidestart|p1: kaizen007|move: Stealth Rock\n|move|p2a: Farigiraf|Trick Room|p2a: Farigiraf\n|-fieldstart|move: Trick Room|[of] p2a: Farigiraf\n|\n|-heal|p2b: Landorus|47\/100|[from] item: Leftovers\n|upkeep\n|turn|3\n|\n|t:|1700119807\n|switch|p2b: Empoleon|Empoleon, M|100\/100\n|move|p2a: Farigiraf|Psychic|p1a: Brambleghast\n|-damage|p1a: Brambleghast|39\/100\n|move|p1b: Murkrow|Foul Play|p2a: Farigiraf\n|-supereffective|p2a: Farigiraf\n|-damage|p2a: Farigiraf|68\/100\n|move|p1a: Brambleghast|Poltergeist|p2b: Empoleon\n|-activate|p2b: Empoleon|move: Poltergeist|Rocky Helmet\n|-damage|p2b: Empoleon|63\/100\n|\n|-heal|p2a: Farigiraf|74\/100|[from] item: Leftovers\n|upkeep\n|turn|4\n|\n|t:|1700119833\n|switch|p1a: Hydreigon|Hydreigon, F|100\/100\n|-damage|p1a: Hydreigon|88\/100|[from] Stealth Rock\n|move|p2a: Farigiraf|Wish|p2a: Farigiraf\n|move|p2b: Empoleon|Ice Beam|p1b: Murkrow\n|-supereffective|p1b: Murkrow\n|-damage|p1b: Murkrow|48\/100\n|move|p1b: Murkrow|Foul Play|p2a: Farigiraf\n|-supereffective|p2a: Farigiraf\n|-damage|p2a: Farigiraf|40\/100\n|\n|-heal|p2a: Farigiraf|46\/100|[from] item: Leftovers\n|-sideend|p1: kaizen007|move: Tailwind\n|upkeep\n|turn|5\n|inactive|kaizen007 has 120 seconds left.\n|\n|t:|1700119866\n|switch|p1b: Hariyama|Hariyama, M|100\/100\n|-damage|p1b: Hariyama|94\/100|[from] Stealth Rock\n|move|p2a: Farigiraf|Psychic|p1a: Hydreigon\n|-immune|p1a: Hydreigon\n|move|p2b: Empoleon|Ice Beam|p1a: Hydreigon\n|-supereffective|p1a: Hydreigon\n|-damage|p1a: Hydreigon|21\/100\n|move|p1a: Hydreigon|Dark Pulse|p2a: Farigiraf\n|-supereffective|p2a: Farigiraf\n|-damage|p2a: Farigiraf|0 fnt\n|faint|p2a: Farigiraf\n|\n|-sideend|p2: GSTERS|Reflect\n|upkeep\n|\n|t:|1700119879\n|switch|p2a: Landorus|Landorus-Therian, M|47\/100\n|-ability|p2a: Landorus|Intimidate|boost\n|-unboost|p1a: Hydreigon|atk|1\n|-unboost|p1b: Hariyama|atk|1\n|turn|6\n|\n|t:|1700119897\n|switch|p1a: Murkrow|Murkrow, F|48\/100\n|-damage|p1a: Murkrow|24\/100|[from] Stealth Rock\n|move|p1b: Hariyama|Fake Out|p2b: Empoleon\n|-resisted|p2b: Empoleon\n|-damage|p2b: Empoleon|60\/100\n|-damage|p1b: Hariyama|78\/100|[from] item: Rocky Helmet|[of] p2b: Empoleon\n|cant|p2b: Empoleon|flinch\n|move|p2a: Landorus|Stomping Tantrum|p1b: Hariyama\n|-damage|p1b: Hariyama|36\/100\n|-enditem|p1b: Hariyama|Sitrus Berry|[eat]\n|-heal|p1b: Hariyama|61\/100|[from] item: Sitrus Berry\n|\n|-heal|p2a: Landorus|53\/100|[from] item: Leftovers\n|-fieldend|move: Trick Room\n|upkeep\n|turn|7\n|\n|t:|1700119922\n|move|p1a: Murkrow|Tailwind|p1a: Murkrow\n|-sidestart|p1: kaizen007|move: Tailwind\n|move|p1b: Hariyama|Low Sweep|p2b: Empoleon\n|-supereffective|p2b: Empoleon\n|-damage|p2b: Empoleon|24\/100\n|-unboost|p2b: Empoleon|spe|1\n|-ability|p2b: Empoleon|Competitive|boost\n|-boost|p2b: Empoleon|spa|2\n|-damage|p1b: Hariyama|44\/100|[from] item: Rocky Helmet|[of] p2b: Empoleon\n|move|p2a: Landorus|Rock Slide|p1b: Hariyama|[spread] p1a,p1b\n|-supereffective|p1a: Murkrow\n|-resisted|p1b: Hariyama\n|-damage|p1a: Murkrow|0 fnt\n|-damage|p1b: Hariyama|35\/100\n|faint|p1a: Murkrow\n|move|p2b: Empoleon|Hydro Pump|p1b: Hariyama\n|-damage|p1b: Hariyama|0 fnt\n|faint|p1b: Hariyama\n|\n|-heal|p2a: Landorus|59\/100|[from] item: Leftovers\n|upkeep\n|inactive|kaizen007 has 120 seconds left.\n|\n|t:|1700119947\n|switch|p1a: Brambleghast|Brambleghast, M|39\/100\n|switch|p1b: Toxtricity|Toxtricity, M|100\/100\n|-damage|p1a: Brambleghast|26\/100|[from] Stealth Rock\n|-ability|p1a: Brambleghast|Wind Rider|boost\n|-boost|p1a: Brambleghast|atk|1\n|-damage|p1b: Toxtricity|88\/100|[from] Stealth Rock\n|turn|8\n|\n|t:|1700119959\n|-terastallize|p1b: Toxtricity|Normal\n|move|p1a: Brambleghast|Poltergeist|p2b: Empoleon\n|-activate|p2b: Empoleon|move: Poltergeist|Rocky Helmet\n|-damage|p2b: Empoleon|0 fnt\n|faint|p2b: Empoleon\n|move|p1b: Toxtricity|Boomburst|p2a: Landorus|[spread] p2a\n|-immune|p1a: Brambleghast\n|-damage|p2a: Landorus|0 fnt\n|faint|p2a: Landorus\n|\n|upkeep\n|\n|t:|1700119970\n|switch|p2a: Arboliva|Arboliva, F|100\/100\n|switch|p2b: Skeledirge|Skeledirge, M|100\/100\n|turn|9\n|\n|t:|1700119984\n|move|p1a: Brambleghast|Poltergeist|p2b: Skeledirge|[miss]\n|-miss|p1a: Brambleghast|p2b: Skeledirge\n|move|p1b: Toxtricity|Boomburst|p2b: Skeledirge|[spread] p2a\n|-immune|p1a: Brambleghast\n|-immune|p2b: Skeledirge\n|-damage|p2a: Arboliva|40\/100\n|-fieldstart|move: Grassy Terrain|[from] ability: Seed Sower|[of] p2a: Arboliva\n|move|p2b: Skeledirge|Torch Song|p1b: Toxtricity\n|-damage|p1b: Toxtricity|58\/100\n|-boost|p2b: Skeledirge|spa|1\n|move|p2a: Arboliva|Dazzling Gleam|p1a: Brambleghast|[spread] p1a,p1b\n|-damage|p1a: Brambleghast|0 fnt\n|-damage|p1b: Toxtricity|22\/100\n|faint|p1a: Brambleghast\n|\n|-heal|p1b: Toxtricity|28\/100|[from] Grassy Terrain\n|-heal|p2a: Arboliva|46\/100|[from] Grassy Terrain\n|upkeep\n|\n|t:|1700120005\n|switch|p1a: Hydreigon|Hydreigon, F|21\/100\n|-damage|p1a: Hydreigon|9\/100|[from] Stealth Rock\n|turn|10\n|\n|t:|1700120015\n|-terastallize|p2b: Skeledirge|Flying\n|move|p2a: Arboliva|Protect|p2a: Arboliva\n|-singleturn|p2a: Arboliva|Protect\n|move|p1a: Hydreigon|Dark Pulse|p2b: Skeledirge\n|-damage|p2b: Skeledirge|56\/100\n|move|p1b: Toxtricity|Boomburst|p2b: Skeledirge|[spread] p1a,p2b\n|-activate|p2a: Arboliva|move: Protect\n|-damage|p1a: Hydreigon|0 fnt\n|-damage|p2b: Skeledirge|10\/100\n|faint|p1a: Hydreigon\n|move|p2b: Skeledirge|Snarl|p1b: Toxtricity\n|-damage|p1b: Toxtricity|7\/100\n|-unboost|p1b: Toxtricity|spa|1\n|\n|-heal|p1b: Toxtricity|13\/100|[from] Grassy Terrain\n|-heal|p2a: Arboliva|53\/100|[from] Grassy Terrain\n|-sideend|p1: kaizen007|move: Tailwind\n|upkeep\n|\n|t:|1700120029\n|switch|p1a: Spectrier|Spectrier|100\/100\n|-damage|p1a: Spectrier|88\/100|[from] Stealth Rock\n|turn|11\n|\n|t:|1700120043\n|move|p1a: Spectrier|Snarl|p2a: Arboliva|[spread] p2a,p2b\n|-damage|p2a: Arboliva|34\/100\n|-damage|p2b: Skeledirge|0 fnt\n|-unboost|p2a: Arboliva|spa|1\n|faint|p2b: Skeledirge\n|-ability|p1a: Spectrier|Grim Neigh|boost\n|-boost|p1a: Spectrier|spa|1\n|-damage|p1a: Spectrier|78\/100|[from] item: Life Orb\n|move|p1b: Toxtricity|Overdrive|p2a: Arboliva\n|-resisted|p2a: Arboliva\n|-damage|p2a: Arboliva|19\/100\n|move|p2a: Arboliva|Dazzling Gleam|p1b: Toxtricity|[spread] p1a,p1b\n|-damage|p1a: Spectrier|60\/100\n|-damage|p1b: Toxtricity|0 fnt\n|faint|p1b: Toxtricity\n|\n|-heal|p1a: Spectrier|66\/100|[from] Grassy Terrain\n|-heal|p2a: Arboliva|25\/100|[from] Grassy Terrain\n|upkeep\n|turn|12\n|\n|t:|1700120065\n|move|p1a: Spectrier|Draining Kiss|p2a: Arboliva\n|-damage|p2a: Arboliva|0 fnt\n|-heal|p1a: Spectrier|86\/100|[from] drain|[of] p2a: Arboliva\n|faint|p2a: Arboliva\n|-damage|p1a: Spectrier|76\/100|[from] item: Life Orb\n|\n|win|kaizen007\n|raw|kaizen007's rating: 1419 &rarr; <strong>1436<\/strong><br \/>(+17 for winning)\n|raw|GSTERS's rating: 1361 &rarr; <strong>1344<\/strong><br \/>(-17 for losing)\n|l|\u2606GSTERS\n","uploadtime":1700120071,"views":6,"p1id":"kaizen007","p2id":"gsters","formatid":"gen9doublesou","rating":1344,"private":0,"password":""}