{"id":"gen9doublesou-1988917713","p1":"Wready","p2":"KingZley_11","format":"[Gen 9] Doubles OU","log":"|j|\u2606Wready\n|j|\u2606KingZley_11\n|t:|1699787474\n|gametype|doubles\n|player|p1|Wready|169|1092\n|player|p2|KingZley_11|ingo|1082\n|teamsize|p1|6\n|teamsize|p2|6\n|gen|9\n|tier|[Gen 9] Doubles OU\n|rated|\n|rule|Species Clause: Limit one of each Pok\u00e9mon\n|rule|OHKO Clause: OHKO moves are banned\n|rule|Evasion Moves Clause: Evasion moves are banned\n|rule|Gravity Sleep Clause: The combination of sleep-inducing moves with imperfect accuracy and Gravity or Gigantamax Orbeetle are banned\n|rule|Endless Battle Clause: Forcing endless battles is banned\n|rule|HP Percentage Mod: HP is shown in percentages\n|clearpoke\n|poke|p1|Slaking, M|\n|poke|p1|Weezing-Galar, M|\n|poke|p1|Spiritomb, F|\n|poke|p1|Iron Hands|\n|poke|p1|Heatran, M|\n|poke|p1|Ogerpon-Wellspring, F|\n|poke|p2|Sneasler, F|\n|poke|p2|Pincurchin, M|\n|poke|p2|Regieleki|\n|poke|p2|Farigiraf, F|\n|poke|p2|Clefairy, M|\n|poke|p2|Iron Bundle|\n|teampreview\n|inactive|Battle timer is ON: inactive players will automatically lose when time's up. (requested by Wready)\n|\n|t:|1699787503\n|start\n|switch|p1a: Weezing|Weezing-Galar, M|100\/100\n|switch|p1b: Iron Hands|Iron Hands|100\/100\n|switch|p2a: Clefairy|Clefairy, M|100\/100\n|switch|p2b: Iron Bundle|Iron Bundle|100\/100\n|-ability|p1a: Weezing|Neutralizing Gas\n|turn|1\n|j| klaylton\n|\n|t:|1699787521\n|move|p1b: Iron Hands|Fake Out|p2b: Iron Bundle\n|-damage|p2b: Iron Bundle|82\/100\n|cant|p2b: Iron Bundle|flinch\n|move|p1a: Weezing|Taunt|p2a: Clefairy\n|-start|p2a: Clefairy|move: Taunt\n|move|p2a: Clefairy|Draining Kiss|p1b: Iron Hands\n|-supereffective|p1b: Iron Hands\n|-damage|p1b: Iron Hands|78\/100\n|\n|upkeep\n|turn|2\n|\n|t:|1699787545\n|move|p2b: Iron Bundle|Flip Turn|p1a: Weezing\n|-damage|p1a: Weezing|84\/100\n|\n|t:|1699787553\n|-end|p2b: Iron Bundle|Quark Drive|[silent]\n|switch|p2b: Farigiraf|Farigiraf, F|100\/100|[from] Flip Turn\n|move|p1a: Weezing|Dazzling Gleam|p2a: Clefairy|[spread] p2a,p2b\n|-damage|p2a: Clefairy|82\/100\n|-damage|p2b: Farigiraf|83\/100\n|move|p1b: Iron Hands|Drain Punch|p2b: Farigiraf\n|-damage|p2b: Farigiraf|52\/100\n|-heal|p1b: Iron Hands|91\/100|[from] drain|[of] p2b: Farigiraf\n|move|p2a: Clefairy|Draining Kiss|p1b: Iron Hands\n|-supereffective|p1b: Iron Hands\n|-crit|p1b: Iron Hands\n|-damage|p1b: Iron Hands|61\/100\n|-heal|p2a: Clefairy|100\/100|[from] drain|[of] p1b: Iron Hands\n|\n|-heal|p2b: Farigiraf|58\/100|[from] item: Leftovers\n|-heal|p1a: Weezing|90\/100|[from] item: Leftovers\n|upkeep\n|turn|3\n|\n|t:|1699787575\n|-end|p1b: Iron Hands|Quark Drive|[silent]\n|switch|p1b: Spiritomb|Spiritomb, F|100\/100\n|move|p2b: Farigiraf|Psychic|p1b: Spiritomb\n|-immune|p1b: Spiritomb\n|move|p1a: Weezing|Toxic|p2b: Farigiraf\n|-status|p2b: Farigiraf|tox\n|move|p2a: Clefairy|Draining Kiss|p1b: Spiritomb\n|-supereffective|p1b: Spiritomb\n|-damage|p1b: Spiritomb|74\/100\n|\n|-heal|p2b: Farigiraf|64\/100 tox|[from] item: Leftovers\n|-heal|p1a: Weezing|96\/100|[from] item: Leftovers\n|-damage|p2b: Farigiraf|58\/100 tox|[from] psn\n|-end|p2a: Clefairy|move: Taunt\n|upkeep\n|turn|4\n|l| klaylton\n|inactive|Wready has 120 seconds left.\n|\n|t:|1699787605\n|-end|p1a: Weezing|ability: Neutralizing Gas\n|switch|p1a: Heatran|Heatran, M|100\/100\n|move|p2b: Farigiraf|Psychic|p1a: Heatran\n|-resisted|p1a: Heatran\n|-damage|p1a: Heatran|88\/100\n|move|p2a: Clefairy|Heal Pulse|p2b: Farigiraf\n|-heal|p2b: Farigiraf|100\/100 tox\n|move|p1b: Spiritomb|Shadow Ball|p2b: Farigiraf\n|-immune|p2b: Farigiraf\n|\n|-damage|p2b: Farigiraf|88\/100 tox|[from] psn\n|upkeep\n|turn|5\n|\n|t:|1699787631\n|move|p2b: Farigiraf|Helping Hand|p2a: Clefairy\n|-singleturn|p2a: Clefairy|Helping Hand|[of] p2b: Farigiraf\n|move|p1a: Heatran|Heat Wave|p2a: Clefairy|[spread] p2a,p2b\n|-damage|p2a: Clefairy|42\/100\n|-damage|p2b: Farigiraf|45\/100 tox\n|move|p1b: Spiritomb|Dark Pulse|p2b: Farigiraf\n|-supereffective|p2b: Farigiraf\n|-damage|p2b: Farigiraf|0 fnt\n|faint|p2b: Farigiraf\n|-damage|p1b: Spiritomb|64\/100|[from] item: Life Orb\n|move|p2a: Clefairy|Draining Kiss|p1b: Spiritomb\n|-supereffective|p1b: Spiritomb\n|-damage|p1b: Spiritomb|26\/100\n|-heal|p2a: Clefairy|67\/100|[from] drain|[of] p1b: Spiritomb\n|\n|upkeep\n|inactive|KingZley_11 has 120 seconds left.\n|\n|t:|1699787650\n|switch|p2b: Iron Bundle|Iron Bundle|82\/100\n|turn|6\n|\n|t:|1699787667\n|switch|p1a: Weezing|Weezing-Galar, M|96\/100\n|-ability|p1a: Weezing|Neutralizing Gas\n|move|p2a: Clefairy|Helping Hand|p2b: Iron Bundle\n|-singleturn|p2b: Iron Bundle|Helping Hand|[of] p2a: Clefairy\n|move|p2b: Iron Bundle|Hydro Pump|p1a: Weezing\n|-damage|p1a: Weezing|24\/100\n|move|p1b: Spiritomb|Icy Wind|p2b: Iron Bundle|[spread] p2a,p2b\n|-resisted|p2b: Iron Bundle\n|-damage|p2a: Clefairy|52\/100\n|-damage|p2b: Iron Bundle|74\/100\n|-unboost|p2a: Clefairy|spe|1\n|-unboost|p2b: Iron Bundle|spe|1\n|-damage|p1b: Spiritomb|16\/100|[from] item: Life Orb\n|\n|-heal|p1a: Weezing|30\/100|[from] item: Leftovers\n|upkeep\n|turn|7\n|inactive|Wready has 120 seconds left.\n|\n|t:|1699787712\n|move|p2b: Iron Bundle|Freeze-Dry|p1a: Weezing\n|-damage|p1a: Weezing|3\/100\n|move|p1a: Weezing|Taunt|p2a: Clefairy\n|-start|p2a: Clefairy|move: Taunt\n|move|p1b: Spiritomb|Icy Wind|p2b: Iron Bundle|[spread] p2a,p2b\n|-crit|p2a: Clefairy\n|-resisted|p2b: Iron Bundle\n|-damage|p2a: Clefairy|28\/100\n|-damage|p2b: Iron Bundle|67\/100\n|-unboost|p2a: Clefairy|spe|1\n|-unboost|p2b: Iron Bundle|spe|1\n|-damage|p1b: Spiritomb|6\/100|[from] item: Life Orb\n|move|p2a: Clefairy|Draining Kiss|p1b: Spiritomb\n|-supereffective|p1b: Spiritomb\n|-damage|p1b: Spiritomb|0 fnt\n|-heal|p2a: Clefairy|32\/100|[from] drain|[of] p1b: Spiritomb\n|faint|p1b: Spiritomb\n|\n|-heal|p1a: Weezing|9\/100|[from] item: Leftovers\n|upkeep\n|\n|t:|1699787726\n|switch|p1b: Slaking|Slaking, M|100\/100\n|turn|8\n|inactive|Wready has 120 seconds left.\n|\n|t:|1699787743\n|move|p1b: Slaking|Drain Punch|p2b: Iron Bundle\n|-supereffective|p2b: Iron Bundle\n|-damage|p2b: Iron Bundle|0 fnt\n|faint|p2b: Iron Bundle\n|-end|p2b: Iron Bundle|Quark Drive|[silent]\n|move|p1a: Weezing|Toxic|p2a: Clefairy\n|-status|p2a: Clefairy|tox\n|move|p2a: Clefairy|Draining Kiss|p1b: Slaking\n|-damage|p1b: Slaking|93\/100\n|-heal|p2a: Clefairy|40\/100 tox|[from] drain|[of] p1b: Slaking\n|\n|-heal|p1a: Weezing|15\/100|[from] item: Leftovers\n|-damage|p2a: Clefairy|34\/100 tox|[from] psn\n|upkeep\n|\n|t:|1699787752\n|switch|p2b: Regieleki|Regieleki|100\/100\n|turn|9\n|inactive|Wready has 120 seconds left.\n|\n|t:|1699787797\n|-end|p1a: Weezing|ability: Neutralizing Gas\n|switch|p1a: Iron Hands|Iron Hands|61\/100\n|move|p1b: Slaking|Sucker Punch|p2b: Regieleki\n|-damage|p2b: Regieleki|62\/100\n|move|p2b: Regieleki|Volt Switch|p1a: Iron Hands\n|-resisted|p1a: Iron Hands\n|-damage|p1a: Iron Hands|41\/100\n|\n|t:|1699787810\n|switch|p2b: Sneasler|Sneasler, F|100\/100|[from] Volt Switch\n|move|p2a: Clefairy|Draining Kiss|p1b: Slaking\n|-damage|p1b: Slaking|85\/100\n|-heal|p2a: Clefairy|42\/100 tox|[from] drain|[of] p1b: Slaking\n|\n|-damage|p2a: Clefairy|30\/100 tox|[from] psn\n|-end|p2a: Clefairy|move: Taunt\n|upkeep\n|turn|10\n|inactive|Wready has 120 seconds left.\n|\n|t:|1699787824\n|move|p2b: Sneasler|Protect|p2b: Sneasler\n|-singleturn|p2b: Sneasler|Protect\n|move|p1a: Iron Hands|Fake Out|p2b: Sneasler\n|-activate|p2b: Sneasler|move: Protect\n|cant|p1b: Slaking|ability: Truant\n|move|p2a: Clefairy|Encore|p1a: Iron Hands\n|-start|p1a: Iron Hands|Encore\n|\n|-damage|p2a: Clefairy|12\/100 tox|[from] psn\n|upkeep\n|turn|11\n|inactive|Wready has 120 seconds left.\n|\n|t:|1699787851\n|-end|p1a: Iron Hands|Quark Drive|[silent]\n|switch|p1a: Heatran|Heatran, M|88\/100\n|move|p2a: Clefairy|Helping Hand|p2b: Sneasler\n|-singleturn|p2b: Sneasler|Helping Hand|[of] p2a: Clefairy\n|move|p1b: Slaking|Sucker Punch|p2b: Sneasler\n|-resisted|p2b: Sneasler\n|-damage|p2b: Sneasler|80\/100\n|move|p2b: Sneasler|Gunk Shot|p1a: Heatran\n|-immune|p1a: Heatran\n|\n|-damage|p2a: Clefairy|0 fnt|[from] psn\n|faint|p2a: Clefairy\n|upkeep\n|\n|t:|1699787855\n|switch|p2a: Pincurchin|Pincurchin, M|100\/100\n|-fieldstart|move: Electric Terrain|[from] ability: Electric Surge|[of] p2a: Pincurchin\n|-enditem|p2b: Sneasler|Electric Seed\n|-boost|p2b: Sneasler|def|1|[from] item: Electric Seed\n|turn|12\n|\n|t:|1699787881\n|switch|p1a: Weezing|Weezing-Galar, M|15\/100\n|-ability|p1a: Weezing|Neutralizing Gas\n|move|p2b: Sneasler|Acrobatics|p1a: Weezing\n|-damage|p1a: Weezing|0 fnt\n|faint|p1a: Weezing\n|-end|p1a: Weezing|ability: Neutralizing Gas\n|move|p1b: Slaking|Body Slam|p2b: Sneasler\n|-damage|p2b: Sneasler|13\/100\n|move|p2a: Pincurchin|Zing Zap|p1b: Slaking\n|-damage|p1b: Slaking|61\/100\n|\n|upkeep\n|inactive|Wready has 120 seconds left.\n|\n|t:|1699787902\n|switch|p1a: Iron Hands|Iron Hands|41\/100\n|-activate|p1a: Iron Hands|ability: Quark Drive\n|-start|p1a: Iron Hands|quarkdriveatk\n|turn|13\n|\n|t:|1699787917\n|move|p2b: Sneasler|Protect|p2b: Sneasler\n|-singleturn|p2b: Sneasler|Protect\n|move|p1a: Iron Hands|Fake Out|p2b: Sneasler\n|-activate|p2b: Sneasler|move: Protect\n|cant|p1b: Slaking|ability: Truant\n|move|p2a: Pincurchin|Chilling Water|p1a: Iron Hands\n|-damage|p1a: Iron Hands|31\/100\n|-unboost|p1a: Iron Hands|atk|1\n|\n|upkeep\n|turn|14\n|\n|t:|1699787935\n|switch|p2b: Regieleki|Regieleki|62\/100\n|move|p1b: Slaking|Sucker Punch||[still]\n|-fail|p1b: Slaking\n|move|p1a: Iron Hands|Drain Punch|p2a: Pincurchin\n|-damage|p2a: Pincurchin|67\/100\n|-heal|p1a: Iron Hands|41\/100|[from] drain|[of] p2a: Pincurchin\n|move|p2a: Pincurchin|Zing Zap|p1a: Iron Hands\n|-resisted|p1a: Iron Hands\n|-damage|p1a: Iron Hands|29\/100\n|\n|upkeep\n|turn|15\n|\n|t:|1699787964\n|switch|p1b: Heatran|Heatran, M|88\/100\n|move|p2b: Regieleki|Volt Switch|p1a: Iron Hands\n|-resisted|p1a: Iron Hands\n|-damage|p1a: Iron Hands|2\/100\n|\n|t:|1699787972\n|switch|p2b: Sneasler|Sneasler, F|13\/100|[from] Volt Switch\n|move|p1a: Iron Hands|Drain Punch|p2a: Pincurchin\n|-damage|p2a: Pincurchin|35\/100\n|-heal|p1a: Iron Hands|11\/100|[from] drain|[of] p2a: Pincurchin\n|move|p2a: Pincurchin|Zing Zap|p1a: Iron Hands\n|-resisted|p1a: Iron Hands\n|-damage|p1a: Iron Hands|1\/100\n|\n|upkeep\n|turn|16\n|\n|t:|1699787994\n|-terastallize|p1b: Heatran|Grass\n|move|p2b: Sneasler|Gunk Shot|p1a: Iron Hands|[miss]\n|-miss|p2b: Sneasler|p1a: Iron Hands\n|move|p1b: Heatran|Heat Wave|p2b: Sneasler|[spread] p2a,p2b\n|-damage|p2a: Pincurchin|0 fnt\n|-damage|p2b: Sneasler|0 fnt\n|faint|p2a: Pincurchin\n|faint|p2b: Sneasler\n|move|p1a: Iron Hands|Drain Punch|p2: Pincurchin|[notarget]\n|-fail|p1a: Iron Hands\n|\n|upkeep\n|\n|t:|1699788002\n|switch|p2b: Regieleki|Regieleki|62\/100\n|turn|17\n|\n|t:|1699788013\n|move|p2b: Regieleki|Thunder Cage|p1a: Iron Hands\n|-resisted|p1a: Iron Hands\n|-damage|p1a: Iron Hands|0 fnt\n|faint|p1a: Iron Hands\n|-end|p1a: Iron Hands|Quark Drive|[silent]\n|move|p1b: Heatran|Heat Wave|p2b: Regieleki\n|-damage|p2b: Regieleki|0 fnt\n|faint|p2b: Regieleki\n|\n|win|Wready\n|raw|Wready's rating: 1092 &rarr; <strong>1117<\/strong><br \/>(+25 for winning)\n|raw|KingZley_11's rating: 1082 &rarr; <strong>1060<\/strong><br \/>(-22 for losing)\n|l|\u2606KingZley_11\n","uploadtime":1699788040,"views":19,"p1id":"wready","p2id":"kingzley11","formatid":"gen9doublesou","rating":1060,"private":0,"password":""}