{"id":"gen9doublesou-1996413715","p1":"Jomatoes","p2":"SusejVGC","format":"[Gen 9] Doubles OU","log":"|j|\u2606Jomatoes\n|j|\u2606SusejVGC\n|t:|1700679670\n|gametype|doubles\n|player|p1|Jomatoes|#dwcopiii|\n|player|p2|SusejVGC|policeman|\n|teamsize|p1|6\n|teamsize|p2|6\n|gen|9\n|tier|[Gen 9] Doubles OU\n|rule|Species Clause: Limit one of each Pok\u00e9mon\n|rule|OHKO Clause: OHKO moves are banned\n|rule|Evasion Moves Clause: Evasion moves are banned\n|rule|Gravity Sleep Clause: The combination of sleep-inducing moves with imperfect accuracy and Gravity or Gigantamax Orbeetle are banned\n|rule|Endless Battle Clause: Forcing endless battles is banned\n|rule|HP Percentage Mod: HP is shown in percentages\n|clearpoke\n|poke|p1|Sinistcha|\n|poke|p1|Ogerpon-Wellspring, F|\n|poke|p1|Iron Hands|\n|poke|p1|Heatran, F|\n|poke|p1|Flutter Mane|\n|poke|p1|Landorus-Therian, M|\n|poke|p2|Roaring Moon|\n|poke|p2|Heatran, M|\n|poke|p2|Iron Hands|\n|poke|p2|Amoonguss, M|\n|poke|p2|Landorus-Therian, M|\n|poke|p2|Flutter Mane|\n|teampreview\n|c|\u2606SusejVGC|hf :)\n|j| RDL93\n|j| SEROO\n|c|\u2606Jomatoes|u2!\n|j| R4ye\n|j| YoshikawaMizu\n|j| eragon11145\n|j| smudgerox\n|j| Feyette\n|c| eragon11145|go jonas!\n|\n|t:|1700679744\n|start\n|switch|p1a: Landorus|Landorus-Therian, M|100\/100\n|switch|p1b: Iron Hands|Iron Hands|100\/100\n|switch|p2a: Landorus|Landorus-Therian, M|100\/100\n|switch|p2b: Flutter Mane|Flutter Mane|100\/100\n|-ability|p2a: Landorus|Intimidate|boost\n|-unboost|p1a: Landorus|atk|1\n|-unboost|p1b: Iron Hands|atk|1\n|-ability|p1a: Landorus|Intimidate|boost\n|-unboost|p2a: Landorus|atk|1\n|-unboost|p2b: Flutter Mane|atk|1\n|turn|1\n|j| Chihiro Watanuki\n|l| YoshikawaMizu\n|j| Burning Dawn\n|j| YoshikawaMizu\n|inactive|Battle timer is ON: inactive players will automatically lose when time's up. (requested by SusejVGC)\n|j| RelicanthPrimal<><\n|j| ratpacker\n|\n|t:|1700679810\n|-end|p2b: Flutter Mane|Protosynthesis|[silent]\n|switch|p2b: Amoonguss|Amoonguss, M, shiny|100\/100\n|move|p2a: Landorus|U-turn|p1b: Iron Hands\n|-resisted|p1b: Iron Hands\n|-damage|p1b: Iron Hands|95\/100\n|j| EternalSnowman\n|\n|t:|1700679821\n|switch|p2a: Iron Hands|Iron Hands|100\/100|[from] U-turn\n|move|p1a: Landorus|U-turn|p2a: Iron Hands\n|-resisted|p2a: Iron Hands\n|-damage|p2a: Iron Hands|92\/100\n|j| Peter Pan GC\n|\n|t:|1700679828\n|switch|p1a: Ogerpon|Ogerpon-Wellspring, F|100\/100|[from] U-turn\n|move|p1b: Iron Hands|Heavy Slam|p2b: Amoonguss\n|-damage|p2b: Amoonguss|75\/100\n|-damage|p1b: Iron Hands|78\/100|[from] item: Rocky Helmet|[of] p2b: Amoonguss\n|\n|upkeep\n|turn|2\n|c| SEROO|Lgi susej !!\n|\n|t:|1700679842\n|-end|p1b: Iron Hands|Quark Drive|[silent]\n|switch|p1b: Flutter Mane|Flutter Mane|100\/100\n|move|p1a: Ogerpon|Swords Dance|p1a: Ogerpon\n|-boost|p1a: Ogerpon|atk|2\n|move|p2a: Iron Hands|Volt Switch|p1a: Ogerpon\n|-damage|p1a: Ogerpon|91\/100\n|l| YoshikawaMizu\n|\n|t:|1700679851\n|-end|p2a: Iron Hands|Quark Drive|[silent]\n|switch|p2a: Roaring Moon|Roaring Moon|100\/100|[from] Volt Switch\n|-enditem|p2a: Roaring Moon|Booster Energy\n|-activate|p2a: Roaring Moon|ability: Protosynthesis|[fromitem]\n|-start|p2a: Roaring Moon|protosynthesisatk\n|move|p2b: Amoonguss|Spore|p1b: Flutter Mane\n|-status|p1b: Flutter Mane|slp|[from] move: Spore\n|\n|upkeep\n|turn|3\n|j| YoshikawaMizu\n|j| Electrovalvula\n|\n|t:|1700679871\n|-end|p1b: Flutter Mane|Protosynthesis|[silent]\n|switch|p1b: Landorus|Landorus-Therian, M|100\/100\n|-ability|p1b: Landorus|Intimidate|boost\n|-unboost|p2a: Roaring Moon|atk|1\n|-unboost|p2b: Amoonguss|atk|1\n|move|p2a: Roaring Moon|Dragon Dance|p2a: Roaring Moon\n|-boost|p2a: Roaring Moon|atk|1\n|-boost|p2a: Roaring Moon|spe|1\n|move|p1a: Ogerpon|Ivy Cudgel|p2a: Roaring Moon|[anim] Ivy Cudgel Water\n|-resisted|p2a: Roaring Moon\n|-damage|p2a: Roaring Moon|46\/100\n|move|p2b: Amoonguss|Spore|p1b: Landorus\n|-status|p1b: Landorus|slp|[from] move: Spore\n|\n|upkeep\n|turn|4\n|j| bruhverly hills\n|j| AIRedzone\n|l| YoshikawaMizu\n|j| Shiritu\n|l| Peter Pan GC\n|c| AIRedzone|joe matoes\n|\n|t:|1700679899\n|-terastallize|p2a: Roaring Moon|Flying\n|move|p2b: Amoonguss|Rage Powder|p2b: Amoonguss\n|-singleturn|p2b: Amoonguss|move: Rage Powder\n|move|p2a: Roaring Moon|Acrobatics|p1a: Ogerpon\n|-supereffective|p1a: Ogerpon\n|-damage|p1a: Ogerpon|0 fnt\n|faint|p1a: Ogerpon\n|cant|p1b: Landorus|slp\n|\n|upkeep\n|inactive|Jomatoes has 270 seconds left.\n|j| BurntSkywalker\n|j| YoshikawaMizu\n|\n|t:|1700679913\n|switch|p1a: Heatran|Heatran, F|100\/100\n|turn|5\n|inactive|SusejVGC has 270 seconds left.\n|j|+Actuarily\n|\n|t:|1700679951\n|switch|p2b: Heatran|Heatran, M, shiny|100\/100\n|move|p2a: Roaring Moon|Knock Off|p1a: Heatran\n|-damage|p1a: Heatran|41\/100\n|-enditem|p1a: Heatran|Leftovers|[from] move: Knock Off|[of] p2a: Roaring Moon\n|-curestatus|p1b: Landorus|slp|[msg]\n|move|p1b: Landorus|Stomping Tantrum|p2b: Heatran\n|-supereffective|p2b: Heatran\n|-damage|p2b: Heatran|0 fnt\n|faint|p2b: Heatran\n|move|p1a: Heatran|Heat Wave|p2a: Roaring Moon\n|-damage|p2a: Roaring Moon|2\/100\n|-status|p2a: Roaring Moon|brn\n|\n|-damage|p2a: Roaring Moon|0 fnt|[from] brn\n|faint|p2a: Roaring Moon\n|-end|p2a: Roaring Moon|Protosynthesis|[silent]\n|upkeep\n|j| SingleThunder\n|l| YoshikawaMizu\n|l| SingleThunder\n|j| ina fable\n|j| YoshikawaMizu\n|\n|t:|1700679972\n|switch|p2a: Landorus|Landorus-Therian, M|100\/100\n|switch|p2b: Flutter Mane|Flutter Mane|100\/100\n|-ability|p2a: Landorus|Intimidate|boost\n|-unboost|p1a: Heatran|atk|1\n|-unboost|p1b: Landorus|atk|1\n|turn|6\n|j| NotNerdySnakeFan\n|inactive|SusejVGC has 270 seconds left.\n|\n|t:|1700680001\n|switch|p1b: Sinistcha|Sinistcha|100\/100\n|-heal|p1a: Heatran|66\/100|[from] ability: Hospitality|[of] p1b: Sinistcha\n|move|p1a: Heatran|Protect|p1a: Heatran\n|-singleturn|p1a: Heatran|Protect\n|move|p2a: Landorus|Stomping Tantrum|p1a: Heatran\n|-activate|p1a: Heatran|move: Protect\n|move|p2b: Flutter Mane|Moonblast|p1b: Sinistcha\n|-damage|p1b: Sinistcha|43\/100\n|-unboost|p1b: Sinistcha|spa|1\n|-enditem|p1b: Sinistcha|Sitrus Berry|[eat]\n|-heal|p1b: Sinistcha|68\/100|[from] item: Sitrus Berry\n|\n|upkeep\n|turn|7\n|l|+Actuarily\n|inactive|SusejVGC has 270 seconds left.\n|inactive|Jomatoes has 270 seconds left.\n|\n|t:|1700680045\n|switch|p2a: Iron Hands|Iron Hands|92\/100\n|move|p1b: Sinistcha|Rage Powder|p1b: Sinistcha\n|-singleturn|p1b: Sinistcha|move: Rage Powder\n|move|p2b: Flutter Mane|Moonblast|p1b: Sinistcha\n|-damage|p1b: Sinistcha|10\/100\n|-unboost|p1b: Sinistcha|spa|1\n|move|p1a: Heatran|Heat Wave|p2b: Flutter Mane|[spread] p2a,p2b\n|-damage|p2a: Iron Hands|72\/100\n|-damage|p2b: Flutter Mane|61\/100\n|-status|p2a: Iron Hands|brn\n|\n|-damage|p2a: Iron Hands|66\/100 brn|[from] brn\n|upkeep\n|turn|8\n|j| FrostPixel\n|l| YoshikawaMizu\n|c|\u2606Jomatoes|mb\n|\n|t:|1700680064\n|move|p1a: Heatran|Protect|p1a: Heatran\n|-singleturn|p1a: Heatran|Protect\n|move|p1b: Sinistcha|Protect|p1b: Sinistcha\n|-singleturn|p1b: Sinistcha|Protect\n|move|p2a: Iron Hands|Fake Out|p1a: Heatran\n|-activate|p1a: Heatran|move: Protect\n|move|p2b: Flutter Mane|Moonblast|p1b: Sinistcha\n|-activate|p1b: Sinistcha|move: Protect\n|\n|-damage|p2a: Iron Hands|59\/100 brn|[from] brn\n|upkeep\n|turn|9\n|j| YoshikawaMizu\n|\n|t:|1700680083\n|move|p2b: Flutter Mane|Moonblast|p1b: Sinistcha\n|-damage|p1b: Sinistcha|0 fnt\n|faint|p1b: Sinistcha\n|move|p1a: Heatran|Heat Wave|p2b: Flutter Mane|[spread] p2a,p2b\n|-damage|p2a: Iron Hands|39\/100 brn\n|-damage|p2b: Flutter Mane|25\/100\n|move|p2a: Iron Hands|Drain Punch|p1a: Heatran\n|-supereffective|p1a: Heatran\n|-damage|p1a: Heatran|35\/100\n|-heal|p2a: Iron Hands|52\/100 brn|[from] drain|[of] p1a: Heatran\n|\n|-damage|p2a: Iron Hands|45\/100 brn|[from] brn\n|upkeep\n|\n|t:|1700680100\n|switch|p1b: Iron Hands|Iron Hands|78\/100\n|turn|10\n|inactive|SusejVGC has 270 seconds left.\n|\n|t:|1700680132\n|-end|p2b: Flutter Mane|Protosynthesis|[silent]\n|switch|p2b: Landorus|Landorus-Therian, M|100\/100\n|-ability|p2b: Landorus|Intimidate|boost\n|-unboost|p1a: Heatran|atk|1\n|-unboost|p1b: Iron Hands|atk|1\n|move|p1b: Iron Hands|Fake Out|p2a: Iron Hands\n|-damage|p2a: Iron Hands|38\/100 brn\n|move|p1a: Heatran|Heat Wave|p2b: Landorus|[spread] p2a,p2b\n|-damage|p2a: Iron Hands|18\/100 brn\n|-damage|p2b: Landorus|55\/100\n|cant|p2a: Iron Hands|flinch\n|\n|-damage|p2a: Iron Hands|12\/100 brn|[from] brn\n|upkeep\n|turn|11\n|inactive|SusejVGC has 270 seconds left.\n|\n|t:|1700680157\n|-end|p2a: Iron Hands|Quark Drive|[silent]\n|switch|p2a: Amoonguss|Amoonguss, M, shiny|100\/100\n|-end|p1b: Iron Hands|Quark Drive|[silent]\n|switch|p1b: Landorus|Landorus-Therian, M|100\/100\n|-ability|p1b: Landorus|Intimidate|boost\n|-unboost|p2a: Amoonguss|atk|1\n|-unboost|p2b: Landorus|atk|1\n|move|p1a: Heatran|Protect|p1a: Heatran\n|-singleturn|p1a: Heatran|Protect\n|move|p2b: Landorus|Stomping Tantrum|p1a: Heatran\n|-activate|p1a: Heatran|move: Protect\n|\n|upkeep\n|turn|12\n|l| ina fable\n|\n|t:|1700680177\n|-terastallize|p1b: Landorus|Flying\n|move|p2b: Landorus|Stomping Tantrum|p1a: Heatran\n|-supereffective|p1a: Heatran\n|-crit|p1a: Heatran\n|-damage|p1a: Heatran|0 fnt\n|faint|p1a: Heatran\n|move|p1b: Landorus|Tera Blast|p2a: Amoonguss|[anim] Tera Blast Flying\n|-supereffective|p2a: Amoonguss\n|-damage|p2a: Amoonguss|0 fnt\n|faint|p2a: Amoonguss\n|\n|upkeep\n|j| ina fable\n|\n|t:|1700680194\n|switch|p1a: Iron Hands|Iron Hands|78\/100\n|switch|p2a: Iron Hands|Iron Hands|12\/100 brn\n|turn|13\n|\n|t:|1700680215\n|switch|p2b: Flutter Mane|Flutter Mane|25\/100\n|move|p2a: Iron Hands|Fake Out|p1b: Landorus\n|-damage|p1b: Landorus|92\/100\n|move|p1a: Iron Hands|Fake Out|p2a: Iron Hands\n|-damage|p2a: Iron Hands|2\/100 brn\n|cant|p1b: Landorus|flinch\n|\n|-damage|p2a: Iron Hands|0 fnt|[from] brn\n|faint|p2a: Iron Hands\n|-end|p2a: Iron Hands|Quark Drive|[silent]\n|upkeep\n|\n|t:|1700680223\n|switch|p2a: Landorus|Landorus-Therian, M|55\/100\n|-ability|p2a: Landorus|Intimidate|boost\n|-unboost|p1a: Iron Hands|atk|1\n|-unboost|p1b: Landorus|atk|1\n|turn|14\n|\n|t:|1700680241\n|move|p2a: Landorus|Rock Tomb|p1b: Landorus\n|-supereffective|p1b: Landorus\n|-damage|p1b: Landorus|42\/100\n|-unboost|p1b: Landorus|spe|1\n|move|p2b: Flutter Mane|Dazzling Gleam|p1a: Iron Hands|[spread] p1a,p1b\n|-supereffective|p1a: Iron Hands\n|-damage|p1a: Iron Hands|35\/100\n|-damage|p1b: Landorus|0 fnt\n|faint|p1b: Landorus\n|move|p1a: Iron Hands|Wild Charge|p2b: Flutter Mane\n|-damage|p2b: Flutter Mane|0 fnt\n|faint|p2b: Flutter Mane\n|-end|p2b: Flutter Mane|Protosynthesis|[silent]\n|-damage|p1a: Iron Hands|31\/100|[from] Recoil\n|\n|upkeep\n|\n|t:|1700680248\n|switch|p1b: Flutter Mane|Flutter Mane|100\/100 slp\n|turn|15\n|l| SEROO\n|l| YoshikawaMizu\n|j|+ryo yamada2001\n|inactive|Jomatoes has 270 seconds left.\n|j| YoshikawaMizu\n|\n|t:|1700680300\n|move|p2a: Landorus|Rock Tomb|p1b: Flutter Mane\n|-damage|p1b: Flutter Mane|63\/100 slp\n|-unboost|p1b: Flutter Mane|spe|1\n|cant|p1b: Flutter Mane|slp\n|move|p1a: Iron Hands|Drain Punch|p2a: Landorus\n|-resisted|p2a: Landorus\n|-damage|p2a: Landorus|41\/100\n|-heal|p1a: Iron Hands|36\/100|[from] drain|[of] p2a: Landorus\n|\n|upkeep\n|turn|16\n|l| YoshikawaMizu\n|\n|t:|1700680314\n|move|p2a: Landorus|Rock Tomb|p1b: Flutter Mane\n|-damage|p1b: Flutter Mane|29\/100 slp\n|-unboost|p1b: Flutter Mane|spe|1\n|cant|p1b: Flutter Mane|slp\n|move|p1a: Iron Hands|Heavy Slam|p2a: Landorus\n|-damage|p2a: Landorus|11\/100\n|\n|upkeep\n|turn|17\n|l| Burning Dawn\n|\n|t:|1700680325\n|move|p2a: Landorus|Rock Tomb|p1b: Flutter Mane\n|-crit|p1b: Flutter Mane\n|-damage|p1b: Flutter Mane|0 fnt\n|faint|p1b: Flutter Mane\n|-end|p1b: Flutter Mane|Protosynthesis|[silent]\n|move|p1a: Iron Hands|Heavy Slam|p2a: Landorus\n|-damage|p2a: Landorus|0 fnt\n|faint|p2a: Landorus\n|\n|win|Jomatoes\n|c|\u2606Jomatoes|gg\n|l| Feyette\n|l| ratpacker\n|l| R4ye\n|c|\u2606Jomatoes|sorry for the luck\n|c|\u2606SusejVGC|gg\n|l| Electrovalvula\n|j| YoshikawaMizu\n|c|\u2606SusejVGC|np\n|c|\u2606SusejVGC|is the game\n|j| Hwhauahabah\n|l| RelicanthPrimal<><\n|c|\u2606SusejVGC|hahahah\n|l| YoshikawaMizu\n","uploadtime":1700680333,"views":26,"p1id":"jomatoes","p2id":"susejvgc","formatid":"gen9doublesou","rating":0,"private":0,"password":""}