{"id":"gen9doublesou-1990725835","p1":"plankingranking","p2":"Blue Syrius","format":"[Gen 9] Doubles OU","log":"|j|\u203dplankingranking\n|j|\u2606Blue Syrius\n|t:|1699995125\n|gametype|doubles\n|player|p1|plankingranking|ninjaboy|1000\n|player|p2|Blue Syrius|youngster-gen4dp|1060\n|teamsize|p1|6\n|teamsize|p2|6\n|gen|9\n|tier|[Gen 9] Doubles OU\n|rated|\n|rule|Species Clause: Limit one of each Pok\u00e9mon\n|rule|OHKO Clause: OHKO moves are banned\n|rule|Evasion Moves Clause: Evasion moves are banned\n|rule|Gravity Sleep Clause: The combination of sleep-inducing moves with imperfect accuracy and Gravity or Gigantamax Orbeetle are banned\n|rule|Endless Battle Clause: Forcing endless battles is banned\n|rule|HP Percentage Mod: HP is shown in percentages\n|clearpoke\n|poke|p1|Espathra, F|\n|poke|p1|Oricorio-Pom-Pom, F|\n|poke|p1|Lilligant, F|\n|poke|p1|Flamigo, M|\n|poke|p1|Zangoose, M|\n|poke|p1|Mightyena, M|\n|poke|p2|Ninetales-Alola, F|\n|poke|p2|Munkidori, M|\n|poke|p2|Slowking-Galar, F|\n|poke|p2|Flutter Mane|\n|poke|p2|Roaring Moon|\n|poke|p2|Maushold|\n|teampreview\n|\n|t:|1699995141\n|start\n|switch|p1a: Zangoose|Zangoose, M|100\/100\n|switch|p1b: Mightyena|Mightyena, M|100\/100\n|switch|p2a: Ninetales|Ninetales-Alola, F, shiny|100\/100\n|switch|p2b: Munkidori|Munkidori, M|100\/100\n|-weather|Snow|[from] ability: Snow Warning|[of] p2a: Ninetales\n|turn|1\n|inactive|Battle timer is ON: inactive players will automatically lose when time's up. (requested by Blue Syrius)\n|\n|t:|1699995159\n|move|p2b: Munkidori|Fake Out|p1b: Mightyena\n|-damage|p1b: Mightyena|90\/100\n|-status|p1b: Mightyena|tox|[from] ability: Toxic Chain|[of] p2b: Munkidori\n|move|p2a: Ninetales|Dazzling Gleam|p1b: Mightyena|[spread] p1a,p1b\n|-supereffective|p1b: Mightyena\n|-damage|p1a: Zangoose|64\/100\n|-damage|p1b: Mightyena|14\/100 tox\n|move|p1a: Zangoose|Hone Claws|p1a: Zangoose\n|-boost|p1a: Zangoose|atk|1\n|-boost|p1a: Zangoose|accuracy|1\n|cant|p1b: Mightyena|flinch\n|\n|-weather|Snow|[upkeep]\n|-heal|p1b: Mightyena|20\/100 tox|[from] item: Leftovers\n|-damage|p1b: Mightyena|14\/100 tox|[from] psn\n|-status|p1a: Zangoose|tox|[from] item: Toxic Orb\n|upkeep\n|turn|2\n|\n|t:|1699995189\n|move|p2a: Ninetales|Encore|p1a: Zangoose\n|-start|p1a: Zangoose|Encore\n|move|p2b: Munkidori|Parting Shot|p1b: Mightyena\n|-unboost|p1b: Mightyena|atk|1\n|-unboost|p1b: Mightyena|spa|1\n|\n|t:|1699995199\n|switch|p2b: Slowking|Slowking-Galar, F, shiny|100\/100|[from] Parting Shot\n|move|p1a: Zangoose|Hone Claws|p1a: Zangoose\n|-boost|p1a: Zangoose|atk|1\n|-boost|p1a: Zangoose|accuracy|1\n|move|p1b: Mightyena|Howl|p1b: Mightyena|[spread] p1a,p1b\n|-boost|p1a: Zangoose|atk|1\n|-boost|p1b: Mightyena|atk|1\n|\n|-weather|Snow|[upkeep]\n|-heal|p1b: Mightyena|20\/100 tox|[from] item: Leftovers\n|-damage|p1a: Zangoose|58\/100 tox|[from] psn\n|-damage|p1b: Mightyena|8\/100 tox|[from] psn\n|upkeep\n|turn|3\n|\n|t:|1699995217\n|move|p1b: Mightyena|Sucker Punch|p2a: Ninetales\n|-resisted|p2a: Ninetales\n|-damage|p2a: Ninetales|86\/100\n|move|p2a: Ninetales|Blizzard|p1b: Mightyena|[spread] p1a,p1b\n|-damage|p1a: Zangoose|5\/100 tox\n|-damage|p1b: Mightyena|0 fnt\n|faint|p1b: Mightyena\n|move|p1a: Zangoose|Hone Claws|p1a: Zangoose\n|-boost|p1a: Zangoose|atk|1\n|-boost|p1a: Zangoose|accuracy|1\n|move|p2b: Slowking|Acid Spray|p1a: Zangoose\n|-damage|p1a: Zangoose|0 fnt\n|faint|p1a: Zangoose\n|\n|-weather|Snow|[upkeep]\n|upkeep\n|\n|t:|1699995231\n|switch|p1a: Espathra|Espathra, F, shiny|100\/100\n|switch|p1b: Oricorio|Oricorio-Pom-Pom, F, shiny|100\/100\n|turn|4\n|\n|t:|1699995251\n|-terastallize|p1b: Oricorio|Steel\n|move|p2a: Ninetales|Aurora Veil|p2a: Ninetales\n|-sidestart|p2: Blue Syrius|move: Aurora Veil\n|move|p1a: Espathra|Skill Swap|p1b: Oricorio\n|-activate|p1a: Espathra|move: Skill Swap|||[of] p1b: Oricorio\n|move|p1b: Oricorio|Revelation Dance|p2a: Ninetales\n|-supereffective|p2a: Ninetales\n|-damage|p2a: Ninetales|0 fnt\n|faint|p2a: Ninetales\n|-activate|p1a: Espathra|ability: Dancer\n|move|p1a: Espathra|Revelation Dance|p2b: Slowking|[from]ability: Dancer\n|-damage|p2b: Slowking|82\/100\n|-damage|p1a: Espathra|91\/100|[from] item: Life Orb\n|move|p2b: Slowking|Acid Spray|p1a: Espathra\n|-crit|p1a: Espathra\n|-damage|p1a: Espathra|58\/100\n|-unboost|p1a: Espathra|spd|2\n|\n|-weather|Snow|[upkeep]\n|-ability|p1b: Oricorio|Speed Boost|boost\n|-boost|p1b: Oricorio|spe|1\n|upkeep\n|inactive|Blue Syrius has 120 seconds left.\n|\n|t:|1699995276\n|switch|p2a: Flutter Mane|Flutter Mane|100\/100\n|-enditem|p2a: Flutter Mane|Booster Energy\n|-activate|p2a: Flutter Mane|ability: Protosynthesis|[fromitem]\n|-start|p2a: Flutter Mane|protosynthesisspa\n|turn|5\n|\n|t:|1699995291\n|switch|p1b: Flamigo|Flamigo, M|100\/100\n|-copyboost|p1b: Flamigo|p1a: Espathra|[from] ability: Costar\n|-terastallize|p2a: Flutter Mane|Ghost\n|move|p2a: Flutter Mane|Shadow Ball|p1b: Flamigo\n|-damage|p1b: Flamigo|0 fnt\n|faint|p1b: Flamigo\n|move|p1a: Espathra|Calm Mind|p1a: Espathra\n|-boost|p1a: Espathra|spa|1\n|-boost|p1a: Espathra|spd|1\n|move|p2b: Slowking|Icy Wind|p1a: Espathra\n|-damage|p1a: Espathra|29\/100\n|-unboost|p1a: Espathra|spe|1\n|\n|-weather|none\n|upkeep\n|\n|t:|1699995306\n|switch|p1b: Lilligant|Lilligant, F|100\/100\n|turn|6\n|\n|t:|1699995324\n|move|p2a: Flutter Mane|Protect|p2a: Flutter Mane\n|-singleturn|p2a: Flutter Mane|Protect\n|move|p1b: Lilligant|Quiver Dance|p1b: Lilligant\n|-boost|p1b: Lilligant|spa|1\n|-boost|p1b: Lilligant|spd|1\n|-boost|p1b: Lilligant|spe|1\n|-activate|p1a: Espathra|ability: Dancer\n|move|p1a: Espathra|Quiver Dance|p1a: Espathra|[from]ability: Dancer\n|-boost|p1a: Espathra|spa|1\n|-boost|p1a: Espathra|spd|1\n|-boost|p1a: Espathra|spe|1\n|move|p1a: Espathra|Calm Mind|p1a: Espathra\n|-boost|p1a: Espathra|spa|1\n|-boost|p1a: Espathra|spd|1\n|move|p2b: Slowking|Acid Spray|p1b: Lilligant\n|-supereffective|p1b: Lilligant\n|-damage|p1b: Lilligant|76\/100\n|-unboost|p1b: Lilligant|spd|2\n|\n|upkeep\n|turn|7\n|\n|t:|1699995343\n|move|p2a: Flutter Mane|Shadow Ball|p1a: Espathra\n|-supereffective|p1a: Espathra\n|-damage|p1a: Espathra|0 fnt\n|faint|p1a: Espathra\n|move|p1b: Lilligant|Quiver Dance|p1b: Lilligant\n|-boost|p1b: Lilligant|spa|1\n|-boost|p1b: Lilligant|spd|1\n|-boost|p1b: Lilligant|spe|1\n|move|p2b: Slowking|Icy Wind|p1b: Lilligant\n|-supereffective|p1b: Lilligant\n|-damage|p1b: Lilligant|44\/100\n|-unboost|p1b: Lilligant|spe|1\n|\n|upkeep\n|\n|t:|1699995355\n|switch|p1a: Oricorio|Oricorio-Pom-Pom, F, shiny, tera:Steel|100\/100\n|turn|8\n|\n|t:|1699995364\n|move|p2a: Flutter Mane|Protect|p2a: Flutter Mane\n|-singleturn|p2a: Flutter Mane|Protect\n|move|p1b: Lilligant|Petal Dance|p2b: Slowking\n|-resisted|p2b: Slowking\n|-crit|p2b: Slowking\n|-damage|p2b: Slowking|37\/100\n|-enditem|p2b: Slowking|Sitrus Berry|[eat]\n|-heal|p2b: Slowking|62\/100|[from] item: Sitrus Berry\n|-activate|p1a: Oricorio|ability: Dancer\n|move|p1a: Oricorio|Petal Dance|p2a: Flutter Mane|[from]ability: Dancer\n|-activate|p2a: Flutter Mane|move: Protect\n|move|p1a: Oricorio|Revelation Dance|p2a: Flutter Mane\n|-activate|p2a: Flutter Mane|move: Protect\n|move|p2b: Slowking|Icy Wind|p1b: Lilligant|[spread] p1a,p1b\n|-resisted|p1a: Oricorio\n|-supereffective|p1b: Lilligant\n|-damage|p1a: Oricorio|93\/100\n|-damage|p1b: Lilligant|19\/100\n|-unboost|p1a: Oricorio|spe|1\n|-unboost|p1b: Lilligant|spe|1\n|\n|upkeep\n|turn|9\n|inactive|Blue Syrius has 120 seconds left.\n|\n|t:|1699995395\n|move|p2a: Flutter Mane|Shadow Ball|p1a: Oricorio\n|-damage|p1a: Oricorio|0 fnt\n|faint|p1a: Oricorio\n|move|p1b: Lilligant|Petal Dance|p2b: Slowking|[from]lockedmove\n|-resisted|p2b: Slowking\n|-damage|p2b: Slowking|40\/100\n|move|p2b: Slowking|Icy Wind|p1b: Lilligant\n|-supereffective|p1b: Lilligant\n|-damage|p1b: Lilligant|0 fnt\n|faint|p1b: Lilligant\n|\n|win|Blue Syrius\n|raw|plankingranking's rating: 1000 &rarr; <strong>1000<\/strong><br \/>(+0 for losing)\n|raw|Blue Syrius's rating: 1060 &rarr; <strong>1086<\/strong><br \/>(+26 for winning)\n|l|\u203dplankingranking\n","uploadtime":1699995407,"views":4,"p1id":"plankingranking","p2id":"bluesyrius","formatid":"gen9doublesou","rating":1000,"private":0,"password":""}