{"id":"gen9doublesou-1991989134","p1":"wyvernl0rd","p2":"test 99 ou","format":"[Gen 9] Doubles OU","log":"|j|\u2606wyvernl0rd\n|j|\u2606test 99 ou\n|t:|1700145547\n|gametype|doubles\n|player|p1|wyvernl0rd|winona|1617\n|player|p2|test 99 ou|lady|1680\n|teamsize|p1|6\n|teamsize|p2|6\n|gen|9\n|tier|[Gen 9] Doubles OU\n|rated|\n|rule|Species Clause: Limit one of each Pok\u00e9mon\n|rule|OHKO Clause: OHKO moves are banned\n|rule|Evasion Moves Clause: Evasion moves are banned\n|rule|Gravity Sleep Clause: The combination of sleep-inducing moves with imperfect accuracy and Gravity or Gigantamax Orbeetle are banned\n|rule|Endless Battle Clause: Forcing endless battles is banned\n|rule|HP Percentage Mod: HP is shown in percentages\n|clearpoke\n|poke|p1|Dusclops, F|\n|poke|p1|Ursaluna-Bloodmoon, M|\n|poke|p1|Ogerpon-Cornerstone, F|\n|poke|p1|Chi-Yu|\n|poke|p1|Iron Hands|\n|poke|p1|Landorus-Therian, M|\n|poke|p2|Tornadus, M|\n|poke|p2|Flutter Mane|\n|poke|p2|Chi-Yu|\n|poke|p2|Iron Hands|\n|poke|p2|Ursaluna-Bloodmoon, M|\n|poke|p2|Ogerpon-Wellspring, F|\n|teampreview\n|\n|t:|1700145563\n|start\n|switch|p1a: Ogerpon|Ogerpon-Cornerstone, F|100\/100\n|switch|p1b: Dusclops|Dusclops, F|100\/100\n|switch|p2a: Chi-Yu|Chi-Yu|100\/100\n|switch|p2b: Ursaluna|Ursaluna-Bloodmoon, M|100\/100\n|-ability|p2a: Chi-Yu|Beads of Ruin\n|-item|p2a: Chi-Yu|Choice Specs|[from] ability: Frisk|[of] p1b: Dusclops|[identify]\n|-item|p2b: Ursaluna|Silk Scarf|[from] ability: Frisk|[of] p1b: Dusclops|[identify]\n|turn|1\n|\n|t:|1700145608\n|switch|p1b: Brain Hands|Iron Hands|100\/100\n|move|p2a: Chi-Yu|Dark Pulse|p1b: Brain Hands\n|-resisted|p1b: Brain Hands\n|-damage|p1b: Brain Hands|80\/100\n|move|p1a: Ogerpon|Ivy Cudgel|p2a: Chi-Yu|[anim] Ivy Cudgel Rock\n|-supereffective|p2a: Chi-Yu\n|-damage|p2a: Chi-Yu|0 fnt\n|faint|p2a: Chi-Yu\n|move|p2b: Ursaluna|Hyper Voice|p1b: Brain Hands|[spread] p1a,p1b\n|-resisted|p1a: Ogerpon\n|-damage|p1a: Ogerpon|74\/100\n|-damage|p1b: Brain Hands|56\/100\n|\n|upkeep\n|inactive|Battle timer is ON: inactive players will automatically lose when time's up. (requested by wyvernl0rd)\n|\n|t:|1700145622\n|switch|p2a: Tornadus|Tornadus, M|100\/100\n|turn|2\n|\n|t:|1700145634\n|-terastallize|p2b: Ursaluna|Ghost\n|move|p1b: Brain Hands|Fake Out|p2b: Ursaluna\n|-immune|p2b: Ursaluna\n|move|p2a: Tornadus|Tailwind|p2a: Tornadus\n|-sidestart|p2: test 99 ou|move: Tailwind\n|move|p2b: Ursaluna|Blood Moon|p1a: Ogerpon\n|-resisted|p1a: Ogerpon\n|-damage|p1a: Ogerpon|16\/100\n|move|p1a: Ogerpon|Ivy Cudgel|p2a: Tornadus|[anim] Ivy Cudgel Rock\n|-supereffective|p2a: Tornadus\n|-damage|p2a: Tornadus|0 fnt\n|faint|p2a: Tornadus\n|\n|upkeep\n|\n|t:|1700145648\n|switch|p2a: Flutter Mane|Flutter Mane|100\/100\n|-enditem|p2a: Flutter Mane|Booster Energy\n|-activate|p2a: Flutter Mane|ability: Protosynthesis|[fromitem]\n|-start|p2a: Flutter Mane|protosynthesisspe\n|turn|3\n|\n|t:|1700145658\n|move|p1a: Ogerpon|Follow Me|p1a: Ogerpon\n|-singleturn|p1a: Ogerpon|move: Follow Me\n|move|p2a: Flutter Mane|Dazzling Gleam|p1a: Ogerpon|[spread] p1a,p1b\n|-supereffective|p1b: Brain Hands\n|-damage|p1a: Ogerpon|0 fnt\n|-damage|p1b: Brain Hands|27\/100\n|faint|p1a: Ogerpon\n|move|p2b: Ursaluna|Hyper Voice|p1b: Brain Hands\n|-damage|p1b: Brain Hands|0 fnt\n|faint|p1b: Brain Hands\n|-end|p1b: Brain Hands|Quark Drive|[silent]\n|\n|upkeep\n|\n|t:|1700145668\n|switch|p1a: Dusclops|Dusclops, F|100\/100\n|switch|p1b: Ursaluna|Ursaluna-Bloodmoon, M|100\/100\n|-item|p2b: Ursaluna|Silk Scarf|[from] ability: Frisk|[of] p1a: Dusclops|[identify]\n|turn|4\n|\n|t:|1700145688\n|-terastallize|p1a: Dusclops|Dark\n|move|p1b: Ursaluna|Protect|p1b: Ursaluna\n|-singleturn|p1b: Ursaluna|Protect\n|move|p2a: Flutter Mane|Shadow Ball|p1a: Dusclops\n|-resisted|p1a: Dusclops\n|-damage|p1a: Dusclops|92\/100\n|move|p2b: Ursaluna|Blood Moon|p1a: Dusclops\n|-damage|p1a: Dusclops|49\/100\n|move|p1a: Dusclops|Trick Room|p1a: Dusclops\n|-fieldstart|move: Trick Room|[of] p1a: Dusclops\n|\n|upkeep\n|turn|5\n|\n|t:|1700145708\n|move|p1a: Dusclops|Helping Hand|p1b: Ursaluna\n|-singleturn|p1b: Ursaluna|Helping Hand|[of] p1a: Dusclops\n|move|p1b: Ursaluna|Hyper Voice|p2a: Flutter Mane|[spread] p2a,p2b\n|-damage|p2a: Flutter Mane|47\/100\n|-damage|p2b: Ursaluna|24\/100\n|-enditem|p1b: Ursaluna|Throat Spray\n|-boost|p1b: Ursaluna|spa|1|[from] item: Throat Spray\n|move|p2b: Ursaluna|Hyper Voice|p1a: Dusclops|[spread] p1a,p1b\n|-damage|p1a: Dusclops|26\/100\n|-damage|p1b: Ursaluna|47\/100\n|move|p2a: Flutter Mane|Dazzling Gleam|p1b: Ursaluna|[spread] p1a,p1b\n|-supereffective|p1a: Dusclops\n|-damage|p1a: Dusclops|0 fnt\n|-damage|p1b: Ursaluna|16\/100\n|faint|p1a: Dusclops\n|\n|-sideend|p2: test 99 ou|move: Tailwind\n|upkeep\n|\n|t:|1700145714\n|switch|p1a: Chi-Yu|Chi-Yu|100\/100\n|-ability|p1a: Chi-Yu|Beads of Ruin\n|turn|6\n|c|\u2606test 99 ou|greedy fucking throat spray users\n|n|\u203dtest 99 ou|test99ou\n|c|&|\/log test 99 ou was locked from talking by Artemis. (\u2606test 99 ou: greedy fucking throat spray users)\n|c|&|\/raw <small>This action was done automatically. Want to learn more about the AI? <a href=\"https:\/\/www.smogon.com\/forums\/threads\/3570628\/#post-9056769\">Visit the information thread<\/a>.<\/small>\n|n|\u2606test 99 ou|test99ou\n|inactive|test 99 ou has 120 seconds left.\n|\n|t:|1700145765\n|move|p2b: Ursaluna|Protect|p2b: Ursaluna\n|-singleturn|p2b: Ursaluna|Protect\n|move|p1a: Chi-Yu|Protect|p1a: Chi-Yu\n|-singleturn|p1a: Chi-Yu|Protect\n|move|p2a: Flutter Mane|Protect|p2a: Flutter Mane\n|-singleturn|p2a: Flutter Mane|Protect\n|move|p1b: Ursaluna|Hyper Voice|p2b: Ursaluna|[spread] \n|-activate|p2a: Flutter Mane|move: Protect\n|-activate|p2b: Ursaluna|move: Protect\n|\n|upkeep\n|turn|7\n|inactive|test 99 ou has 120 seconds left.\n|\n|t:|1700145783\n|move|p2a: Flutter Mane|Protect||[still]\n|-fail|p2a: Flutter Mane\n|move|p1b: Ursaluna|Hyper Voice|p2a: Flutter Mane|[spread] p2a,p2b\n|-damage|p2a: Flutter Mane|0 fnt\n|-damage|p2b: Ursaluna|0 fnt\n|faint|p2a: Flutter Mane\n|-end|p2a: Flutter Mane|Protosynthesis|[silent]\n|faint|p2b: Ursaluna\n|move|p1a: Chi-Yu|Snarl|p2: Flutter Mane|[notarget]\n|-fail|p1a: Chi-Yu\n|\n|upkeep\n|j| Blue Syrius\n|\n|t:|1700145790\n|switch|p2b: Ogerpon|Ogerpon-Wellspring, F|100\/100\n|switch|p2a: Iron Hands|Iron Hands|100\/100\n|turn|8\n|\n|t:|1700145801\n|move|p2a: Iron Hands|Fake Out|p1b: Ursaluna\n|-damage|p1b: Ursaluna|5\/100\n|cant|p1b: Ursaluna|flinch\n|move|p2b: Ogerpon|Ivy Cudgel|p1a: Chi-Yu|[anim] Ivy Cudgel Water\n|-supereffective|p1a: Chi-Yu\n|-enditem|p1a: Chi-Yu|Focus Sash\n|-damage|p1a: Chi-Yu|1\/100\n|move|p1a: Chi-Yu|Overheat|p2a: Iron Hands|[miss]\n|-miss|p1a: Chi-Yu|p2a: Iron Hands\n|\n|-fieldend|move: Trick Room\n|upkeep\n|turn|9\n|\n|t:|1700145819\n|move|p1a: Chi-Yu|Overheat|p2b: Ogerpon\n|-damage|p2b: Ogerpon|4\/100\n|-unboost|p1a: Chi-Yu|spa|2\n|move|p2b: Ogerpon|Ivy Cudgel|p1a: Chi-Yu|[anim] Ivy Cudgel Water\n|-supereffective|p1a: Chi-Yu\n|-damage|p1a: Chi-Yu|0 fnt\n|faint|p1a: Chi-Yu\n|move|p2a: Iron Hands|Close Combat|p1b: Ursaluna\n|-supereffective|p1b: Ursaluna\n|-damage|p1b: Ursaluna|0 fnt\n|-unboost|p2a: Iron Hands|def|1\n|-unboost|p2a: Iron Hands|spd|1\n|faint|p1b: Ursaluna\n|\n|upkeep\n|\n|t:|1700145829\n|switch|p1b: Landorus|Landorus-Therian, M|100\/100\n|-ability|p1b: Landorus|Intimidate|boost\n|-unboost|p2a: Iron Hands|atk|1\n|-unboost|p2b: Ogerpon|atk|1\n|turn|10\n|\n|t:|1700145838\n|move|p1b: Landorus|Stomping Tantrum|p2a: Iron Hands\n|-supereffective|p2a: Iron Hands\n|-damage|p2a: Iron Hands|11\/100\n|move|p2b: Ogerpon|Ivy Cudgel|p1b: Landorus|[anim] Ivy Cudgel Water\n|-supereffective|p1b: Landorus\n|-damage|p1b: Landorus|0 fnt\n|faint|p1b: Landorus\n|\n|win|test 99 ou\n|raw|wyvernl0rd's rating: 1617 &rarr; <strong>1601<\/strong><br \/>(-16 for losing)\n|raw|test 99 ou's rating: 1680 &rarr; <strong>1696<\/strong><br \/>(+16 for winning)\n","uploadtime":1700145732,"views":10,"p1id":"wyvernl0rd","p2id":"test99ou","formatid":"gen9doublesou","rating":1601,"private":0,"password":""}