{"id":"gen9doublesou-1979100828","p1":"mikeyuwu","p2":"Blitz3rrr","format":"[Gen 9] Doubles OU","log":"|j|\u2606mikeyuwu\n|j|\u2606Blitz3rrr\n|t:|1698632264\n|gametype|doubles\n|player|p1|mikeyuwu|psychic-gen4|1195\n|player|p2|Blitz3rrr|ethan|1112\n|teamsize|p1|6\n|teamsize|p2|6\n|gen|9\n|tier|[Gen 9] Doubles OU\n|rated|\n|rule|Species Clause: Limit one of each Pok\u00e9mon\n|rule|OHKO Clause: OHKO moves are banned\n|rule|Evasion Moves Clause: Evasion moves are banned\n|rule|Gravity Sleep Clause: The combination of sleep-inducing moves with imperfect accuracy and Gravity or Gigantamax Orbeetle are banned\n|rule|Endless Battle Clause: Forcing endless battles is banned\n|rule|HP Percentage Mod: HP is shown in percentages\n|clearpoke\n|poke|p1|Garchomp, M|\n|poke|p1|Tyranitar, F|\n|poke|p1|Vaporeon, F|\n|poke|p1|Toxicroak, M|\n|poke|p1|Pelipper, F|\n|poke|p1|Abomasnow, M|\n|poke|p2|Corviknight, M|\n|poke|p2|Dragapult, F|\n|poke|p2|Gallade, M|\n|poke|p2|Arcanine-Hisui, M|\n|poke|p2|Pawmot, M|\n|poke|p2|Greninja-*, M|\n|teampreview\n|inactive|Battle timer is ON: inactive players will automatically lose when time's up. (requested by Blitz3rrr)\n|\n|t:|1698632284\n|start\n|switch|p1a: OTLHPM|Toxicroak, M|100\/100\n|switch|p1b: Harmacy|Vaporeon, F|100\/100\n|switch|p2a: Gallade|Gallade, M|100\/100\n|switch|p2b: Greninja|Greninja, M|100\/100\n|turn|1\n|\n|t:|1698632300\n|switch|p1a: Weather War|Pelipper, F|100\/100\n|-weather|RainDance|[from] ability: Drizzle|[of] p1a: Weather War\n|move|p2b: Greninja|Extrasensory|p1a: Weather War\n|-damage|p1a: Weather War|67\/100\n|move|p2a: Gallade|Agility|p2a: Gallade\n|-boost|p2a: Gallade|spe|2\n|move|p1b: Harmacy|Icy Wind|p2a: Gallade|[spread] p2a,p2b\n|-resisted|p2b: Greninja\n|-damage|p2a: Gallade|90\/100\n|-damage|p2b: Greninja|93\/100\n|-unboost|p2a: Gallade|spe|1\n|-unboost|p2b: Greninja|spe|1\n|\n|-weather|RainDance|[upkeep]\n|upkeep\n|turn|2\n|\n|t:|1698632329\n|move|p2a: Gallade|Psycho Cut|p1b: Harmacy\n|-damage|p1b: Harmacy|42\/100\n|-damage|p2a: Gallade|80\/100|[from] item: Life Orb\n|move|p2b: Greninja|Dark Pulse|p1b: Harmacy\n|-damage|p1b: Harmacy|16\/100\n|move|p1a: Weather War|Hurricane|p2a: Gallade\n|-supereffective|p2a: Gallade\n|-damage|p2a: Gallade|0 fnt\n|faint|p2a: Gallade\n|move|p1b: Harmacy|Copycat|p1b: Harmacy\n|move|p1b: Harmacy|Hurricane|p2b: Greninja|[from]move: Copycat\n|-damage|p2b: Greninja|51\/100\n|\n|-weather|RainDance|[upkeep]\n|-heal|p1b: Harmacy|22\/100|[from] item: Leftovers\n|upkeep\n|inactive|Blitz3rrr has 120 seconds left.\n|\n|t:|1698632351\n|switch|p2a: Dragapult|Dragapult, F|100\/100\n|turn|3\n|\n|t:|1698632362\n|switch|p1b: Cold Shoulder|Abomasnow, M, shiny|100\/100\n|-weather|Snow|[from] ability: Snow Warning|[of] p1b: Cold Shoulder\n|move|p2a: Dragapult|Dragon Darts|p1b: Cold Shoulder\n|-damage|p1b: Cold Shoulder|80\/100\n|-anim|p2a: Dragapult|Dragon Darts|p1a: Weather War\n|-damage|p1a: Weather War|43\/100\n|-damage|p2a: Dragapult|91\/100|[from] item: Life Orb\n|move|p2b: Greninja|Extrasensory|p1a: Weather War\n|-damage|p1a: Weather War|9\/100\n|move|p1a: Weather War|Blizzard|p2b: Greninja|[spread] p2a,p2b\n|-supereffective|p2a: Dragapult\n|-resisted|p2b: Greninja\n|-damage|p2a: Dragapult|42\/100\n|-damage|p2b: Greninja|36\/100\n|\n|-weather|Snow|[upkeep]\n|upkeep\n|turn|4\n|\n|t:|1698632386\n|switch|p2b: Corviknight|Corviknight, M|100\/100\n|switch|p1a: Extra Spicy|Garchomp, M|100\/100\n|move|p2a: Dragapult|U-turn|p1a: Extra Spicy\n|-damage|p1a: Extra Spicy|84\/100\n|-damage|p2a: Dragapult|29\/100|[from] ability: Rough Skin|[of] p1a: Extra Spicy\n|-damage|p2a: Dragapult|13\/100|[from] item: Rocky Helmet|[of] p1a: Extra Spicy\n|-damage|p2a: Dragapult|3\/100|[from] item: Life Orb\n|\n|t:|1698632400\n|switch|p2a: Pawmot|Pawmot, M|100\/100|[from] U-turn\n|move|p1b: Cold Shoulder|Blizzard|p2b: Corviknight|[spread] p2a,p2b\n|-damage|p2a: Pawmot|45\/100\n|-damage|p2b: Corviknight|73\/100\n|-status|p2a: Pawmot|frz\n|-status|p2b: Corviknight|frz\n|\n|-weather|Snow|[upkeep]\n|upkeep\n|turn|5\n|\n|t:|1698632417\n|cant|p2a: Pawmot|frz\n|move|p1a: Extra Spicy|Earthquake|p2a: Pawmot|[spread] p1b,p2a\n|-immune|p2b: Corviknight\n|-resisted|p1b: Cold Shoulder\n|-supereffective|p2a: Pawmot\n|-damage|p1b: Cold Shoulder|71\/100\n|-damage|p2a: Pawmot|0 fnt\n|faint|p2a: Pawmot\n|cant|p2b: Corviknight|frz\n|move|p1b: Cold Shoulder|Leech Seed|p2b: Corviknight\n|-start|p2b: Corviknight|move: Leech Seed\n|\n|-weather|Snow|[upkeep]\n|-damage|p2b: Corviknight|61\/100 frz|[from] Leech Seed|[of] p1b: Cold Shoulder\n|-heal|p1b: Cold Shoulder|85\/100|[silent]\n|upkeep\n|c|\u2606Blitz3rrr|Dayum\n|\n|t:|1698632433\n|switch|p2a: Dragapult|Dragapult, F|3\/100\n|turn|6\n|\n|t:|1698632442\n|switch|p1a: ThcrThnSnkr|Tyranitar, F|100\/100\n|-weather|Sandstorm|[from] ability: Sand Stream|[of] p1a: ThcrThnSnkr\n|move|p2a: Dragapult|Dragon Darts|p1a: ThcrThnSnkr\n|-damage|p1a: ThcrThnSnkr|68\/100\n|-anim|p2a: Dragapult|Dragon Darts|p1b: Cold Shoulder\n|-damage|p1b: Cold Shoulder|56\/100\n|-damage|p2a: Dragapult|0 fnt|[from] item: Life Orb\n|faint|p2a: Dragapult\n|cant|p2b: Corviknight|frz\n|move|p1b: Cold Shoulder|Leech Seed||[still]\n|-fail|p1b: Cold Shoulder\n|\n|-weather|Sandstorm|[upkeep]\n|-damage|p1b: Cold Shoulder|50\/100|[from] Sandstorm\n|-damage|p2b: Corviknight|48\/100 frz|[from] Leech Seed|[of] p1b: Cold Shoulder\n|-heal|p1b: Cold Shoulder|64\/100|[silent]\n|upkeep\n|l|\u2606Blitz3rrr\n|inactive|Blitz3rrr disconnected and has a minute to reconnect!\n|player|p2|\n|j|\u2606Blitz3rrr\n|inactive|Blitz3rrr reconnected and has 115 seconds left.\n|player|p2|Blitz3rrr|ethan\n|\n|t:|1698632483\n|switch|p2a: Greninja|Greninja, M|36\/100\n|turn|7\n|\n|t:|1698632491\n|move|p2a: Greninja|Water Shuriken|p1a: ThcrThnSnkr\n|-supereffective|p1a: ThcrThnSnkr\n|-crit|p1a: ThcrThnSnkr\n|-damage|p1a: ThcrThnSnkr|62\/100\n|-supereffective|p1a: ThcrThnSnkr\n|-damage|p1a: ThcrThnSnkr|57\/100\n|-supereffective|p1a: ThcrThnSnkr\n|-damage|p1a: ThcrThnSnkr|52\/100\n|-hitcount|p1a: ThcrThnSnkr|3\n|cant|p2b: Corviknight|frz\n|move|p1b: Cold Shoulder|Giga Drain|p2a: Greninja\n|-supereffective|p2a: Greninja\n|-damage|p2a: Greninja|0 fnt\n|-heal|p1b: Cold Shoulder|78\/100|[from] drain|[of] p2a: Greninja\n|faint|p2a: Greninja\n|move|p1a: ThcrThnSnkr|Thunderbolt|p2b: Corviknight\n|-supereffective|p2b: Corviknight\n|-damage|p2b: Corviknight|8\/100 frz\n|\n|-weather|Sandstorm|[upkeep]\n|-damage|p1b: Cold Shoulder|72\/100|[from] Sandstorm\n|-damage|p2b: Corviknight|0 fnt|[from] Leech Seed|[of] p1b: Cold Shoulder\n|-heal|p1b: Cold Shoulder|82\/100|[silent]\n|faint|p2b: Corviknight\n|upkeep\n|inactive|Blitz3rrr has 120 seconds left.\n|c|\u2606mikeyuwu|Gg\n|\n|t:|1698632514\n|switch|p2b: Arcanine|Arcanine-Hisui, M|100\/100\n|turn|8\n|inactive|Blitz3rrr has 120 seconds left.\n|l|\u2606Blitz3rrr\n|inactive|Blitz3rrr disconnected and has a minute to reconnect!\n|player|p2|\n|inactive|Blitz3rrr has 30 seconds to reconnect!\n|inactive|Blitz3rrr has 20 seconds to reconnect!\n|inactive|Blitz3rrr has 15 seconds to reconnect!\n|inactive|Blitz3rrr has 10 seconds to reconnect!\n|inactive|Blitz3rrr has 5 seconds to reconnect!\n|-message|Blitz3rrr lost due to inactivity.\n|\n|win|mikeyuwu\n|raw|mikeyuwu's rating: 1195 &rarr; <strong>1214<\/strong><br \/>(+19 for winning)\n|raw|Blitz3rrr's rating: 1112 &rarr; <strong>1093<\/strong><br \/>(-19 for losing)\n","uploadtime":1698632602,"views":16,"p1id":"mikeyuwu","p2id":"blitz3rrr","formatid":"gen9doublesou","rating":1093,"private":0,"password":""}