{"id":"gen9doublesou-1979954015","p1":"darkninj7676","p2":"Metal Jester","format":"[Gen 9] Doubles OU","log":"|j|\u2606darkninj7676\n|j|\u2606Metal Jester\n|t:|1698736180\n|gametype|doubles\n|player|p1|darkninj7676|n|1142\n|player|p2|Metal Jester|guitarist|1255\n|teamsize|p1|6\n|teamsize|p2|6\n|gen|9\n|tier|[Gen 9] Doubles OU\n|rated|\n|rule|Species Clause: Limit one of each Pok\u00e9mon\n|rule|OHKO Clause: OHKO moves are banned\n|rule|Evasion Moves Clause: Evasion moves are banned\n|rule|Gravity Sleep Clause: The combination of sleep-inducing moves with imperfect accuracy and Gravity or Gigantamax Orbeetle are banned\n|rule|Endless Battle Clause: Forcing endless battles is banned\n|rule|HP Percentage Mod: HP is shown in percentages\n|clearpoke\n|poke|p1|Iron Hands|\n|poke|p1|Snorlax, F|\n|poke|p1|Sinistcha|\n|poke|p1|Kommo-o, M|\n|poke|p1|Landorus-Therian, M|\n|poke|p1|Clefairy, M|\n|poke|p2|Tornadus, M|\n|poke|p2|Stonjourner, M|\n|poke|p2|Flutter Mane|\n|poke|p2|Iron Hands|\n|poke|p2|Landorus-Therian, M|\n|poke|p2|Goodra-Hisui, M|\n|teampreview\n|inactive|Battle timer is ON: inactive players will automatically lose when time's up. (requested by darkninj7676)\n|inactive|Metal Jester has 120 seconds left.\n|inactive|Metal Jester has 90 seconds left.\n|\n|t:|1698736248\n|start\n|switch|p1a: Snorlax|Snorlax, F|100\/100\n|switch|p1b: Clefairy|Clefairy, M|100\/100\n|switch|p2a: Tornadus|Tornadus, M|100\/100\n|switch|p2b: Stonjourner|Stonjourner, M, shiny|100\/100\n|turn|1\n|\n|t:|1698736266\n|move|p1b: Clefairy|Follow Me|p1b: Clefairy\n|-singleturn|p1b: Clefairy|move: Follow Me\n|move|p2a: Tornadus|Tailwind|p2a: Tornadus\n|-sidestart|p2: Metal Jester|move: Tailwind\n|move|p2b: Stonjourner|Body Press|p1b: Clefairy\n|-resisted|p1b: Clefairy\n|-damage|p1b: Clefairy|88\/100\n|move|p1a: Snorlax|Belly Drum|p1a: Snorlax\n|-damage|p1a: Snorlax|50\/100\n|-setboost|p1a: Snorlax|atk|6|[from] move: Belly Drum\n|-enditem|p1a: Snorlax|Sitrus Berry|[eat]\n|-heal|p1a: Snorlax|75\/100|[from] item: Sitrus Berry\n|\n|upkeep\n|turn|2\n|\n|t:|1698736291\n|switch|p1b: Sinistcha|Sinistcha|100\/100\n|-heal|p1a: Snorlax|99\/100|[from] ability: Hospitality|[of] p1b: Sinistcha\n|move|p2a: Tornadus|Bleakwind Storm|p1b: Sinistcha|[spread] p1a,p1b\n|-supereffective|p1b: Sinistcha\n|-damage|p1a: Snorlax|70\/100\n|-damage|p1b: Sinistcha|15\/100\n|-unboost|p1b: Sinistcha|spe|1\n|move|p2b: Stonjourner|Heavy Slam|p1b: Sinistcha\n|-damage|p1b: Sinistcha|0 fnt\n|faint|p1b: Sinistcha\n|move|p1a: Snorlax|Facade|p2a: Tornadus\n|-damage|p2a: Tornadus|0 fnt\n|faint|p2a: Tornadus\n|\n|upkeep\n|\n|t:|1698736306\n|switch|p2a: Flutter Mane|Flutter Mane|100\/100\n|switch|p1b: Clefairy|Clefairy, M|88\/100\n|turn|3\n|\n|t:|1698736317\n|-terastallize|p2a: Flutter Mane|Fairy\n|move|p1b: Clefairy|Follow Me|p1b: Clefairy\n|-singleturn|p1b: Clefairy|move: Follow Me\n|move|p2a: Flutter Mane|Dazzling Gleam|p1b: Clefairy|[spread] p1a,p1b\n|-damage|p1a: Snorlax|29\/100\n|-damage|p1b: Clefairy|23\/100\n|move|p2b: Stonjourner|Heavy Slam|p1b: Clefairy\n|-supereffective|p1b: Clefairy\n|-damage|p1b: Clefairy|0 fnt\n|faint|p1b: Clefairy\n|move|p1a: Snorlax|High Horsepower|p2b: Stonjourner\n|-supereffective|p2b: Stonjourner\n|-damage|p2b: Stonjourner|0 fnt\n|faint|p2b: Stonjourner\n|\n|upkeep\n|\n|t:|1698736336\n|switch|p2b: Landorus|Landorus-Therian, M|100\/100\n|switch|p1b: Landorus|Landorus-Therian, M|100\/100\n|-ability|p2b: Landorus|Intimidate|boost\n|-unboost|p1a: Snorlax|atk|1\n|-unboost|p1b: Landorus|atk|1\n|-ability|p1b: Landorus|Intimidate|boost\n|-unboost|p2a: Flutter Mane|atk|1\n|-unboost|p2b: Landorus|atk|1\n|turn|4\n|\n|t:|1698736344\n|move|p1a: Snorlax|Protect|p1a: Snorlax\n|-singleturn|p1a: Snorlax|Protect\n|move|p2a: Flutter Mane|Dazzling Gleam|p1b: Landorus|[spread] p1b\n|-activate|p1a: Snorlax|move: Protect\n|-damage|p1b: Landorus|18\/100\n|move|p2b: Landorus|Rock Slide|p1a: Snorlax|[spread] p1b\n|-activate|p1a: Snorlax|move: Protect\n|-damage|p1b: Landorus|0 fnt\n|faint|p1b: Landorus\n|\n|-sideend|p2: Metal Jester|move: Tailwind\n|upkeep\n|\n|t:|1698736358\n|switch|p1b: Iron Hands|Iron Hands|100\/100\n|turn|5\n|\n|t:|1698736368\n|move|p1b: Iron Hands|Fake Out|p2a: Flutter Mane\n|-damage|p2a: Flutter Mane|71\/100\n|cant|p2a: Flutter Mane|flinch\n|move|p2b: Landorus|Rock Slide|p1b: Iron Hands|[spread] p1a,p1b\n|-resisted|p1b: Iron Hands\n|-damage|p1a: Snorlax|18\/100\n|-damage|p1b: Iron Hands|96\/100\n|move|p1a: Snorlax|Facade|p2b: Landorus\n|-damage|p2b: Landorus|0 fnt\n|faint|p2b: Landorus\n|\n|upkeep\n|\n|t:|1698736380\n|switch|p2b: Iron Hands|Iron Hands|100\/100\n|turn|6\n|\n|t:|1698736389\n|move|p2a: Flutter Mane|Dazzling Gleam|p1a: Snorlax|[spread] p1a,p1b\n|-supereffective|p1b: Iron Hands\n|-damage|p1a: Snorlax|0 fnt\n|-damage|p1b: Iron Hands|27\/100\n|faint|p1a: Snorlax\n|move|p1b: Iron Hands|Heavy Slam|p2a: Flutter Mane\n|-supereffective|p2a: Flutter Mane\n|-damage|p2a: Flutter Mane|0 fnt\n|faint|p2a: Flutter Mane\n|-end|p2a: Flutter Mane|Protosynthesis|[silent]\n|move|p2b: Iron Hands|Close Combat|p1b: Iron Hands\n|-damage|p1b: Iron Hands|0 fnt\n|-unboost|p2b: Iron Hands|def|1\n|-unboost|p2b: Iron Hands|spd|1\n|faint|p1b: Iron Hands\n|-end|p1b: Iron Hands|Quark Drive|[silent]\n|\n|upkeep\n|\n|t:|1698736404\n|switch|p2a: Goodra|Goodra-Hisui, M|100\/100\n|switch|p1b: Kommo-o|Kommo-o, M, shiny|100\/100\n|turn|7\n|\n|t:|1698736412\n|move|p1b: Kommo-o|Clangorous Soul|p1b: Kommo-o\n|-boost|p1b: Kommo-o|atk|1\n|-boost|p1b: Kommo-o|def|1\n|-boost|p1b: Kommo-o|spa|1\n|-boost|p1b: Kommo-o|spd|1\n|-boost|p1b: Kommo-o|spe|1\n|-damage|p1b: Kommo-o|68\/100\n|-enditem|p1b: Kommo-o|Throat Spray\n|-boost|p1b: Kommo-o|spa|1|[from] item: Throat Spray\n|move|p2a: Goodra|Draco Meteor|p1b: Kommo-o\n|-supereffective|p1b: Kommo-o\n|-damage|p1b: Kommo-o|0 fnt\n|-unboost|p2a: Goodra|spa|2\n|faint|p1b: Kommo-o\n|\n|win|Metal Jester\n|raw|darkninj7676's rating: 1142 &rarr; <strong>1125<\/strong><br \/>(-17 for losing)\n|raw|Metal Jester's rating: 1255 &rarr; <strong>1272<\/strong><br \/>(+17 for winning)\n|l|\u2606darkninj7676\n","uploadtime":1698736423,"views":27,"p1id":"darkninj7676","p2id":"metaljester","formatid":"gen9doublesou","rating":1125,"private":0,"password":""}