{"id":"gen9doublesou-1982252116","p1":"Ruin Maniac Nate","p2":"The Mr_Awesome01","format":"[Gen 9] Doubles OU","log":"|j|\u2606Ruin Maniac Nate\n|j|\u2606The Mr_Awesome01\n|t:|1698984752\n|gametype|doubles\n|player|p1|Ruin Maniac Nate|ruinmaniac|1633\n|player|p2|The Mr_Awesome01|steven-masters4|1755\n|teamsize|p1|6\n|teamsize|p2|6\n|gen|9\n|tier|[Gen 9] Doubles OU\n|rated|\n|rule|Species Clause: Limit one of each Pok\u00e9mon\n|rule|OHKO Clause: OHKO moves are banned\n|rule|Evasion Moves Clause: Evasion moves are banned\n|rule|Gravity Sleep Clause: The combination of sleep-inducing moves with imperfect accuracy and Gravity or Gigantamax Orbeetle are banned\n|rule|Endless Battle Clause: Forcing endless battles is banned\n|rule|HP Percentage Mod: HP is shown in percentages\n|clearpoke\n|poke|p1|Armarouge, F|\n|poke|p1|Indeedee-F, F|\n|poke|p1|Amoonguss, M|\n|poke|p1|Kingambit, M|\n|poke|p1|Azumarill, F|\n|poke|p1|Oranguru, M|\n|poke|p2|Indeedee-F, F|\n|poke|p2|Walking Wake|\n|poke|p2|Armarouge, M|\n|poke|p2|Torkoal, M|\n|poke|p2|Lilligant-Hisui, F|\n|poke|p2|Ursaluna, M|\n|teampreview\n|inactive|Battle timer is ON: inactive players will automatically lose when time's up. (requested by Ruin Maniac Nate)\n|\n|t:|1698984779\n|start\n|switch|p1a: Armarouge|Armarouge, F, shiny|100\/100\n|switch|p1b: Indeedee|Indeedee-F, F, shiny|100\/100\n|switch|p2a: Indeedee|Indeedee-F, F|100\/100\n|switch|p2b: Plant Gang|Lilligant-Hisui, F|100\/100\n|-fieldstart|move: Psychic Terrain|[from] ability: Psychic Surge|[of] p1b: Indeedee\n|turn|1\n|inactive|Ruin Maniac Nate has 120 seconds left.\n|\n|t:|1698984826\n|-terastallize|p2b: Plant Gang|Rock\n|-terastallize|p1a: Armarouge|Grass\n|move|p1b: Indeedee|Helping Hand|p1a: Armarouge\n|-singleturn|p1a: Armarouge|Helping Hand|[of] p1b: Indeedee\n|move|p2b: Plant Gang|Tera Blast|p1a: Armarouge|[anim] Tera Blast Rock\n|-crit|p1a: Armarouge\n|-damage|p1a: Armarouge|29\/100\n|move|p1a: Armarouge|Heat Wave|p2b: Plant Gang|[spread] p2a,p2b\n|-resisted|p2b: Plant Gang\n|-damage|p2a: Indeedee|49\/100\n|-damage|p2b: Plant Gang|42\/100\n|-damage|p1a: Armarouge|19\/100|[from] item: Life Orb\n|move|p2a: Indeedee|Trick Room|p2a: Indeedee\n|-fieldstart|move: Trick Room|[of] p2a: Indeedee\n|\n|upkeep\n|turn|2\n|inactive|Ruin Maniac Nate has 120 seconds left.\n|\n|t:|1698984844\n|move|p1b: Indeedee|Follow Me|p1b: Indeedee\n|-singleturn|p1b: Indeedee|move: Follow Me\n|move|p1a: Armarouge|Expanding Force|p2b: Plant Gang|[spread] p2a,p2b\n|-resisted|p2a: Indeedee\n|-damage|p2a: Indeedee|21\/100\n|-damage|p2b: Plant Gang|0 fnt\n|faint|p2b: Plant Gang\n|-damage|p1a: Armarouge|9\/100|[from] item: Life Orb\n|move|p2a: Indeedee|Psychic|p1b: Indeedee\n|-resisted|p1b: Indeedee\n|-crit|p1b: Indeedee\n|-damage|p1b: Indeedee|76\/100\n|\n|upkeep\n|\n|t:|1698984855\n|switch|p2b: Yogi|Ursaluna, M|100\/100\n|turn|3\n|\n|t:|1698984868\n|move|p2a: Indeedee|Helping Hand|p2b: Yogi\n|-singleturn|p2b: Yogi|Helping Hand|[of] p2a: Indeedee\n|move|p1b: Indeedee|Follow Me|p1b: Indeedee\n|-singleturn|p1b: Indeedee|move: Follow Me\n|move|p2b: Yogi|Earthquake|p1b: Indeedee|[spread] p2a,p1a,p1b\n|-resisted|p1a: Armarouge\n|-damage|p2a: Indeedee|0 fnt\n|-damage|p1a: Armarouge|0 fnt\n|-damage|p1b: Indeedee|7\/100\n|faint|p2a: Indeedee\n|faint|p1a: Armarouge\n|\n|-status|p2b: Yogi|brn|[from] item: Flame Orb\n|upkeep\n|\n|t:|1698984892\n|switch|p1a: Azumarill|Azumarill, F, shiny|100\/100\n|switch|p2a: Sheldon|Torkoal, M|100\/100\n|-weather|SunnyDay|[from] ability: Drought|[of] p2a: Sheldon\n|turn|4\n|\n|t:|1698984905\n|move|p1b: Indeedee|Follow Me|p1b: Indeedee\n|-singleturn|p1b: Indeedee|move: Follow Me\n|move|p2a: Sheldon|Eruption|p1a: Azumarill|[spread] p1a,p1b\n|-resisted|p1a: Azumarill\n|-damage|p1a: Azumarill|55\/100\n|-damage|p1b: Indeedee|0 fnt\n|faint|p1b: Indeedee\n|move|p1a: Azumarill|Belly Drum|p1a: Azumarill\n|-damage|p1a: Azumarill|5\/100\n|-setboost|p1a: Azumarill|atk|6|[from] move: Belly Drum\n|-enditem|p1a: Azumarill|Sitrus Berry|[eat]\n|-heal|p1a: Azumarill|30\/100|[from] item: Sitrus Berry\n|move|p2b: Yogi|Facade|p1a: Azumarill\n|-damage|p1a: Azumarill|0 fnt\n|faint|p1a: Azumarill\n|\n|-weather|SunnyDay|[upkeep]\n|-damage|p2b: Yogi|94\/100 brn|[from] brn\n|upkeep\n|inactive|Ruin Maniac Nate has 120 seconds left.\n|\n|t:|1698984931\n|switch|p1a: Oranguru|Oranguru, M, shiny|100\/100\n|switch|p1b: Amoonguss|Amoonguss, M, shiny|100\/100\n|turn|5\n|\n|t:|1698984940\n|move|p2a: Sheldon|Protect|p2a: Sheldon\n|-singleturn|p2a: Sheldon|Protect\n|move|p1b: Amoonguss|Spore|p2a: Sheldon\n|-activate|p2a: Sheldon|move: Protect\n|move|p1a: Oranguru|Hyper Voice|p2a: Sheldon|[spread] p2b\n|-activate|p2a: Sheldon|move: Protect\n|-damage|p2b: Yogi|74\/100 brn\n|move|p2b: Yogi|Facade|p1b: Amoonguss\n|-damage|p1b: Amoonguss|0 fnt\n|faint|p1b: Amoonguss\n|\n|-weather|SunnyDay|[upkeep]\n|-damage|p2b: Yogi|68\/100 brn|[from] brn\n|-fieldend|move: Trick Room\n|-fieldend|move: Psychic Terrain\n|upkeep\n|\n|t:|1698984954\n|switch|p1b: Kingambit|Kingambit, M, shiny|100\/100\n|-activate|p1b: Kingambit|ability: Supreme Overlord\n|-start|p1b: Kingambit|fallen4|[silent]\n|turn|6\n|\n|t:|1698984974\n|move|p2b: Yogi|Earthquake|p1a: Oranguru|[spread] p2a,p1a,p1b\n|-supereffective|p2a: Sheldon\n|-supereffective|p1b: Kingambit\n|-damage|p2a: Sheldon|0 fnt\n|-damage|p1a: Oranguru|31\/100\n|-damage|p1b: Kingambit|1\/100\n|faint|p2a: Sheldon\n|move|p1b: Kingambit|Kowtow Cleave|p2b: Yogi\n|-damage|p2b: Yogi|0 fnt\n|faint|p2b: Yogi\n|move|p1a: Oranguru|Trick Room|p1a: Oranguru\n|-fieldstart|move: Trick Room|[of] p1a: Oranguru\n|\n|-weather|SunnyDay|[upkeep]\n|upkeep\n|j| wthappened\n|\n|t:|1698984985\n|switch|p2a: Mega Man|Armarouge, M|100\/100\n|switch|p2b: Big Bird|Walking Wake|100\/100\n|-activate|p2b: Big Bird|ability: Protosynthesis\n|-start|p2b: Big Bird|protosynthesisspa\n|turn|7\n|\n|t:|1698984996\n|move|p1b: Kingambit|Kowtow Cleave|p2a: Mega Man\n|-supereffective|p2a: Mega Man\n|-damage|p2a: Mega Man|0 fnt\n|faint|p2a: Mega Man\n|move|p1a: Oranguru|Instruct|p1b: Kingambit\n|-singleturn|p1b: Kingambit|move: Instruct|[of] p1a: Oranguru\n|move|p1b: Kingambit|Kowtow Cleave|p2b: Big Bird\n|-damage|p2b: Big Bird|0 fnt\n|faint|p2b: Big Bird\n|-end|p2b: Big Bird|Protosynthesis|[silent]\n|\n|win|Ruin Maniac Nate\n|raw|Ruin Maniac Nate's rating: 1633 &rarr; <strong>1660<\/strong><br \/>(+27 for winning)\n|raw|The Mr_Awesome01's rating: 1755 &rarr; <strong>1728<\/strong><br \/>(-27 for losing)\n|l|\u2606The Mr_Awesome01\n|c|\u2606Ruin Maniac Nate|Clutch\n","uploadtime":1698985026,"views":21,"p1id":"ruinmaniacnate","p2id":"themrawesome01","formatid":"gen9doublesou","rating":1660,"private":0,"password":""}