{"id":"gen9doublesou-1977976915","p1":"AlmostTruenoglaca","p2":"Connman361","format":"[Gen 9] Doubles OU","log":"|j|\u2606AlmostTruenoglaca\n|j|\u2606Connman361\n|t:|1698476915\n|gametype|doubles\n|player|p1|AlmostTruenoglaca|265|1562\n|player|p2|Connman361|hoopster|1447\n|teamsize|p1|6\n|teamsize|p2|6\n|gen|9\n|tier|[Gen 9] Doubles OU\n|rated|\n|rule|Species Clause: Limit one of each Pok\u00e9mon\n|rule|OHKO Clause: OHKO moves are banned\n|rule|Evasion Moves Clause: Evasion moves are banned\n|rule|Gravity Sleep Clause: The combination of sleep-inducing moves with imperfect accuracy and Gravity or Gigantamax Orbeetle are banned\n|rule|Endless Battle Clause: Forcing endless battles is banned\n|rule|HP Percentage Mod: HP is shown in percentages\n|clearpoke\n|poke|p1|Ninetales, M|\n|poke|p1|Sylveon, M|\n|poke|p1|Sandy Shocks|\n|poke|p1|Iron Hands|\n|poke|p1|Corviknight, M|\n|poke|p1|Ting-Lu|\n|poke|p2|Fezandipiti, M|\n|poke|p2|Kingambit, F|\n|poke|p2|Okidogi, M|\n|poke|p2|Rillaboom, F|\n|poke|p2|Landorus-Therian, M|\n|poke|p2|Iron Bundle|\n|teampreview\n|\n|t:|1698476955\n|start\n|switch|p1a: Corviknight|Corviknight, M|100\/100\n|switch|p1b: Ting-Lu|Ting-Lu|100\/100\n|switch|p2a: Fezandipiti|Fezandipiti, M|100\/100\n|switch|p2b: Rillaboom|Rillaboom, F|100\/100\n|-fieldstart|move: Grassy Terrain|[from] ability: Grassy Surge|[of] p2b: Rillaboom\n|-ability|p1b: Ting-Lu|Vessel of Ruin\n|turn|1\n|\n|t:|1698476967\n|move|p2b: Rillaboom|Fake Out|p1a: Corviknight\n|-resisted|p1a: Corviknight\n|-damage|p1a: Corviknight|95\/100\n|move|p2a: Fezandipiti|Icy Wind|p1a: Corviknight|[spread] p1a,p1b\n|-supereffective|p1b: Ting-Lu\n|-damage|p1a: Corviknight|89\/100\n|-damage|p1b: Ting-Lu|93\/100\n|-ability|p1a: Corviknight|Mirror Armor\n|-unboost|p2a: Fezandipiti|spe|1\n|-unboost|p1b: Ting-Lu|spe|1\n|cant|p1a: Corviknight|flinch\n|move|p1b: Ting-Lu|Stomping Tantrum|p2a: Fezandipiti\n|-supereffective|p2a: Fezandipiti\n|-damage|p2a: Fezandipiti|26\/100\n|\n|-heal|p2a: Fezandipiti|32\/100|[from] Grassy Terrain\n|-heal|p2a: Fezandipiti|38\/100|[from] item: Black Sludge\n|-heal|p1a: Corviknight|95\/100|[from] item: Leftovers\n|-heal|p1b: Ting-Lu|99\/100|[from] Grassy Terrain\n|upkeep\n|turn|2\n|\n|t:|1698476990\n|switch|p2a: Landorus|Landorus-Therian, M|100\/100\n|-ability|p2a: Landorus|Intimidate|boost\n|-ability|p1a: Corviknight|Mirror Armor\n|-unboost|p2a: Landorus|atk|1\n|-unboost|p1b: Ting-Lu|atk|1\n|move|p1a: Corviknight|Tailwind|p1a: Corviknight\n|-sidestart|p1: AlmostTruenoglaca|move: Tailwind\n|move|p2b: Rillaboom|U-turn|p1b: Ting-Lu\n|-supereffective|p1b: Ting-Lu\n|-damage|p1b: Ting-Lu|75\/100\n|\n|t:|1698477011\n|switch|p2b: Okidogi|Okidogi, M|100\/100|[from] U-turn\n|move|p1b: Ting-Lu|Stomping Tantrum|p2a: Landorus\n|-immune|p2a: Landorus\n|\n|-heal|p1a: Corviknight|100\/100|[from] item: Leftovers\n|-heal|p1b: Ting-Lu|81\/100|[from] Grassy Terrain\n|upkeep\n|turn|3\n|\n|t:|1698477027\n|move|p1a: Corviknight|Brave Bird|p2b: Okidogi\n|-supereffective|p2b: Okidogi\n|-damage|p2b: Okidogi|30\/100\n|-damage|p1a: Corviknight|76\/100|[from] Recoil\n|move|p2a: Landorus|U-turn|p1b: Ting-Lu\n|-supereffective|p1b: Ting-Lu\n|-damage|p1b: Ting-Lu|62\/100\n|\n|t:|1698477036\n|switch|p2a: Iron Bundle|Iron Bundle|100\/100|[from] U-turn\n|move|p2b: Okidogi|Drain Punch|p1b: Ting-Lu\n|-supereffective|p1b: Ting-Lu\n|-damage|p1b: Ting-Lu|23\/100\n|-heal|p2b: Okidogi|55\/100|[from] drain|[of] p1b: Ting-Lu\n|-enditem|p1b: Ting-Lu|Figy Berry|[eat]\n|-heal|p1b: Ting-Lu|56\/100|[from] item: Figy Berry\n|move|p1b: Ting-Lu|Stomping Tantrum|p2b: Okidogi\n|-supereffective|p2b: Okidogi\n|-damage|p2b: Okidogi|0 fnt\n|faint|p2b: Okidogi\n|\n|-heal|p1a: Corviknight|83\/100|[from] item: Leftovers\n|-heal|p1b: Ting-Lu|62\/100|[from] Grassy Terrain\n|upkeep\n|\n|t:|1698477056\n|switch|p2b: Rillaboom|Rillaboom, F|100\/100\n|turn|4\n|\n|t:|1698477066\n|switch|p1b: Sylveon|Sylveon, M|100\/100\n|move|p2b: Rillaboom|Fake Out|p1a: Corviknight\n|-resisted|p1a: Corviknight\n|-damage|p1a: Corviknight|77\/100\n|cant|p1a: Corviknight|flinch\n|move|p2a: Iron Bundle|Blizzard|p1b: Sylveon|[spread] p1a,p1b\n|-damage|p1a: Corviknight|17\/100\n|-damage|p1b: Sylveon|62\/100\n|\n|-heal|p1a: Corviknight|23\/100|[from] item: Leftovers\n|-heal|p1b: Sylveon|68\/100|[from] Grassy Terrain\n|upkeep\n|turn|5\n|\n|t:|1698477091\n|switch|p2b: Kingambit|Kingambit, F|100\/100\n|move|p1a: Corviknight|U-turn|p2a: Iron Bundle\n|-damage|p2a: Iron Bundle|78\/100\n|\n|t:|1698477097\n|switch|p1a: Iron Hands|Iron Hands|100\/100|[from] U-turn\n|-enditem|p1a: Iron Hands|Booster Energy\n|-activate|p1a: Iron Hands|ability: Quark Drive|[fromitem]\n|-start|p1a: Iron Hands|quarkdriveatk\n|move|p2a: Iron Bundle|Blizzard|p1a: Iron Hands|[spread] p1b\n|-miss|p2a: Iron Bundle|p1a: Iron Hands\n|-damage|p1b: Sylveon|24\/100\n|move|p1b: Sylveon|Hyper Voice|p2a: Iron Bundle|[spread] p2a,p2b\n|-damage|p2a: Iron Bundle|0 fnt\n|-damage|p2b: Kingambit|64\/100\n|faint|p2a: Iron Bundle\n|-end|p2a: Iron Bundle|Quark Drive|[silent]\n|-enditem|p1b: Sylveon|Throat Spray\n|-boost|p1b: Sylveon|spa|1|[from] item: Throat Spray\n|\n|-heal|p1b: Sylveon|30\/100|[from] Grassy Terrain\n|-heal|p2b: Kingambit|70\/100|[from] Grassy Terrain\n|-sideend|p1: AlmostTruenoglaca|move: Tailwind\n|-fieldend|move: Grassy Terrain\n|upkeep\n|\n|t:|1698477110\n|switch|p2a: Landorus|Landorus-Therian, M|100\/100\n|-ability|p2a: Landorus|Intimidate|boost\n|-unboost|p1a: Iron Hands|atk|1\n|-unboost|p1b: Sylveon|atk|1\n|turn|6\n|\n|t:|1698477124\n|-terastallize|p1a: Iron Hands|Flying\n|-terastallize|p2b: Kingambit|Dark\n|move|p2b: Kingambit|Sucker Punch||[still]\n|-fail|p2b: Kingambit\n|move|p2a: Landorus|Stomping Tantrum|p1b: Sylveon\n|-damage|p1b: Sylveon|0 fnt\n|faint|p1b: Sylveon\n|move|p1a: Iron Hands|Drain Punch|p2b: Kingambit\n|-supereffective|p2b: Kingambit\n|-damage|p2b: Kingambit|14\/100\n|\n|upkeep\n|\n|t:|1698477141\n|switch|p1b: Ting-Lu|Ting-Lu|62\/100\n|-ability|p1b: Ting-Lu|Vessel of Ruin\n|turn|7\n|\n|t:|1698477159\n|move|p2b: Kingambit|Protect|p2b: Kingambit\n|-singleturn|p2b: Kingambit|Protect\n|move|p2a: Landorus|U-turn|p1b: Ting-Lu\n|-supereffective|p1b: Ting-Lu\n|-damage|p1b: Ting-Lu|33\/100\n|\n|t:|1698477164\n|switch|p2a: Rillaboom|Rillaboom, F|100\/100|[from] U-turn\n|-fieldstart|move: Grassy Terrain|[from] ability: Grassy Surge|[of] p2a: Rillaboom\n|move|p1a: Iron Hands|Swords Dance|p1a: Iron Hands\n|-boost|p1a: Iron Hands|atk|2\n|move|p1b: Ting-Lu|Rock Slide|p2b: Kingambit|[spread] \n|-activate|p2b: Kingambit|move: Protect\n|-miss|p1b: Ting-Lu|p2a: Rillaboom\n|\n|-heal|p2b: Kingambit|20\/100|[from] Grassy Terrain\n|-heal|p1b: Ting-Lu|39\/100|[from] Grassy Terrain\n|upkeep\n|turn|8\n|\n|t:|1698477180\n|switch|p1b: Corviknight|Corviknight, M|23\/100\n|move|p2a: Rillaboom|Fake Out|p1a: Iron Hands\n|-damage|p1a: Iron Hands|92\/100\n|cant|p1a: Iron Hands|flinch\n|move|p2b: Kingambit|Kowtow Cleave|p1a: Iron Hands\n|-damage|p1a: Iron Hands|39\/100\n|\n|-heal|p1b: Corviknight|30\/100|[from] item: Leftovers\n|-heal|p2b: Kingambit|26\/100|[from] Grassy Terrain\n|upkeep\n|turn|9\n|\n|t:|1698477206\n|switch|p2a: Landorus|Landorus-Therian, M|100\/100\n|-ability|p2a: Landorus|Intimidate|boost\n|-unboost|p1a: Iron Hands|atk|1\n|-ability|p1b: Corviknight|Mirror Armor\n|-unboost|p2a: Landorus|atk|1\n|move|p2b: Kingambit|Sucker Punch|p1a: Iron Hands\n|-damage|p1a: Iron Hands|0 fnt\n|faint|p1a: Iron Hands\n|-end|p1a: Iron Hands|Quark Drive|[silent]\n|move|p1b: Corviknight|Tailwind|p1b: Corviknight\n|-sidestart|p1: AlmostTruenoglaca|move: Tailwind\n|\n|-heal|p1b: Corviknight|36\/100|[from] item: Leftovers\n|-heal|p2b: Kingambit|32\/100|[from] Grassy Terrain\n|upkeep\n|\n|t:|1698477221\n|switch|p1a: Ninetales|Ninetales, M|100\/100\n|turn|10\n|\n|t:|1698477243\n|move|p2b: Kingambit|Protect|p2b: Kingambit\n|-singleturn|p2b: Kingambit|Protect\n|move|p1a: Ninetales|Heat Wave|p2a: Landorus|[spread] p2a\n|-activate|p2b: Kingambit|move: Protect\n|-crit|p2a: Landorus\n|-damage|p2a: Landorus|60\/100\n|move|p1b: Corviknight|U-turn|p2a: Landorus\n|-resisted|p2a: Landorus\n|-damage|p2a: Landorus|53\/100\n|j| Gen1victoryroad\n|\n|t:|1698477252\n|switch|p1b: Ting-Lu|Ting-Lu|39\/100|[from] U-turn\n|-ability|p1b: Ting-Lu|Vessel of Ruin\n|move|p2a: Landorus|Stomping Tantrum|p1a: Ninetales\n|-supereffective|p1a: Ninetales\n|-damage|p1a: Ninetales|17\/100\n|\n|-heal|p1a: Ninetales|23\/100|[from] Grassy Terrain\n|-heal|p1b: Ting-Lu|45\/100|[from] Grassy Terrain\n|-heal|p2b: Kingambit|39\/100|[from] Grassy Terrain\n|upkeep\n|turn|11\n|\n|t:|1698477271\n|switch|p1a: Corviknight|Corviknight, M|36\/100\n|move|p2b: Kingambit|Sucker Punch||[still]\n|-fail|p2b: Kingambit\n|move|p1b: Ting-Lu|Stomping Tantrum|p2b: Kingambit\n|-damage|p2b: Kingambit|16\/100\n|move|p2a: Landorus|U-turn|p1b: Ting-Lu\n|-supereffective|p1b: Ting-Lu\n|-damage|p1b: Ting-Lu|25\/100\n|\n|t:|1698477275\n|switch|p2a: Rillaboom|Rillaboom, F|100\/100|[from] U-turn\n|\n|-heal|p1a: Corviknight|42\/100|[from] item: Leftovers\n|-heal|p1b: Ting-Lu|32\/100|[from] Grassy Terrain\n|-heal|p2b: Kingambit|22\/100|[from] Grassy Terrain\n|-fieldend|move: Grassy Terrain\n|upkeep\n|turn|12\n|\n|t:|1698477298\n|switch|p2b: Landorus|Landorus-Therian, M|53\/100\n|-ability|p2b: Landorus|Intimidate|boost\n|-ability|p1a: Corviknight|Mirror Armor\n|-unboost|p2b: Landorus|atk|1\n|-unboost|p1b: Ting-Lu|atk|1\n|move|p2a: Rillaboom|Fake Out|p1a: Corviknight\n|-resisted|p1a: Corviknight\n|-damage|p1a: Corviknight|36\/100\n|cant|p1a: Corviknight|flinch\n|move|p1b: Ting-Lu|Ruination|p2a: Rillaboom\n|-damage|p2a: Rillaboom|50\/100\n|\n|-heal|p1a: Corviknight|42\/100|[from] item: Leftovers\n|-sideend|p1: AlmostTruenoglaca|move: Tailwind\n|upkeep\n|turn|13\n|\n|t:|1698477323\n|move|p2b: Landorus|Taunt|p1a: Corviknight\n|-start|p1a: Corviknight|move: Taunt\n|cant|p1a: Corviknight|move: Taunt|Tailwind\n|move|p2a: Rillaboom|Wood Hammer|p1b: Ting-Lu\n|-supereffective|p1b: Ting-Lu\n|-damage|p1b: Ting-Lu|0 fnt\n|faint|p1b: Ting-Lu\n|-damage|p2a: Rillaboom|38\/100|[from] Recoil\n|\n|-heal|p1a: Corviknight|48\/100|[from] item: Leftovers\n|upkeep\n|\n|t:|1698477334\n|switch|p1b: Ninetales|Ninetales, M|23\/100\n|turn|14\n|\n|t:|1698477340\n|switch|p2a: Fezandipiti|Fezandipiti, M|38\/100\n|move|p1b: Ninetales|Heat Wave|p2b: Landorus|[spread] p2a,p2b\n|-damage|p2a: Fezandipiti|19\/100\n|-damage|p2b: Landorus|27\/100\n|-enditem|p2b: Landorus|Sitrus Berry|[eat]\n|-heal|p2b: Landorus|52\/100|[from] item: Sitrus Berry\n|move|p2b: Landorus|Stomping Tantrum|p1b: Ninetales\n|-supereffective|p1b: Ninetales\n|-damage|p1b: Ninetales|0 fnt\n|faint|p1b: Ninetales\n|move|p1a: Corviknight|Iron Head|p2b: Landorus\n|-damage|p2b: Landorus|22\/100\n|\n|-heal|p2a: Fezandipiti|25\/100|[from] item: Black Sludge\n|-heal|p1a: Corviknight|54\/100|[from] item: Leftovers\n|upkeep\n|\n|t:|1698477354\n|switch|p1b: Sandy Shocks|Sandy Shocks|100\/100\n|turn|15\n|l| Gen1victoryroad\n|\n|t:|1698477359\n|move|p1b: Sandy Shocks|Protect|p1b: Sandy Shocks\n|-singleturn|p1b: Sandy Shocks|Protect\n|move|p2a: Fezandipiti|Icy Wind|p1a: Corviknight|[spread] p1a\n|-activate|p1b: Sandy Shocks|move: Protect\n|-damage|p1a: Corviknight|46\/100\n|-ability|p1a: Corviknight|Mirror Armor\n|-unboost|p2a: Fezandipiti|spe|1\n|move|p2b: Landorus|Stomping Tantrum|p1b: Sandy Shocks\n|-activate|p1b: Sandy Shocks|move: Protect\n|move|p1a: Corviknight|Iron Head|p2a: Fezandipiti\n|-supereffective|p2a: Fezandipiti\n|-damage|p2a: Fezandipiti|0 fnt\n|faint|p2a: Fezandipiti\n|\n|-heal|p1a: Corviknight|52\/100|[from] item: Leftovers\n|-end|p1a: Corviknight|move: Taunt\n|upkeep\n|\n|t:|1698477371\n|switch|p2a: Kingambit|Kingambit, F, tera:Dark|22\/100\n|turn|16\n|\n|t:|1698477380\n|move|p2a: Kingambit|Sucker Punch|p1b: Sandy Shocks\n|-damage|p1b: Sandy Shocks|35\/100\n|move|p1b: Sandy Shocks|Flash Cannon|p2b: Landorus\n|-damage|p2b: Landorus|0 fnt\n|faint|p2b: Landorus\n|-damage|p1b: Sandy Shocks|25\/100|[from] item: Life Orb\n|move|p1a: Corviknight|Iron Head|p2a: Kingambit\n|-damage|p2a: Kingambit|1\/100\n|\n|-heal|p1a: Corviknight|59\/100|[from] item: Leftovers\n|upkeep\n|\n|t:|1698477388\n|switch|p2b: Rillaboom|Rillaboom, F|38\/100\n|-fieldstart|move: Grassy Terrain|[from] ability: Grassy Surge|[of] p2b: Rillaboom\n|turn|17\n|\n|t:|1698477398\n|move|p1b: Sandy Shocks|Protect|p1b: Sandy Shocks\n|-singleturn|p1b: Sandy Shocks|Protect\n|move|p2b: Rillaboom|Fake Out|p1a: Corviknight\n|-resisted|p1a: Corviknight\n|-damage|p1a: Corviknight|52\/100\n|move|p2a: Kingambit|Sucker Punch|p1a: Corviknight\n|-damage|p1a: Corviknight|0 fnt\n|faint|p1a: Corviknight\n|\n|-heal|p1b: Sandy Shocks|32\/100|[from] Grassy Terrain\n|-heal|p2b: Rillaboom|44\/100|[from] Grassy Terrain\n|-heal|p2a: Kingambit|7\/100|[from] Grassy Terrain\n|upkeep\n|turn|18\n|c|\u2606Connman361|gg\n|inactive|Battle timer is ON: inactive players will automatically lose when time's up. (requested by Connman361)\n|\n|t:|1698477443\n|move|p2a: Kingambit|Sucker Punch|p1b: Sandy Shocks\n|-damage|p1b: Sandy Shocks|0 fnt\n|faint|p1b: Sandy Shocks\n|-end|p1b: Sandy Shocks|Protosynthesis|[silent]\n|\n|win|Connman361\n|raw|AlmostTruenoglaca's rating: 1562 &rarr; <strong>1536<\/strong><br \/>(-26 for losing)\n|raw|Connman361's rating: 1447 &rarr; <strong>1473<\/strong><br \/>(+26 for winning)\n|l|\u2606AlmostTruenoglaca\n","uploadtime":1698477453,"views":21,"p1id":"almosttruenoglaca","p2id":"connman361","formatid":"gen9doublesou","rating":1473,"private":0,"password":""}