{"id":"gen9doublesou-1976167369","p1":"SXD2002","p2":"ladelcolo","format":"[Gen 9] Doubles OU","log":"|j|\u2606SXD2002\n|j|\u2606ladelcolo\n|t:|1698269751\n|gametype|doubles\n|player|p1|SXD2002|silver-masters|1106\n|player|p2|ladelcolo|102|1035\n|teamsize|p1|6\n|teamsize|p2|6\n|gen|9\n|tier|[Gen 9] Doubles OU\n|rated|\n|rule|Species Clause: Limit one of each Pok\u00e9mon\n|rule|OHKO Clause: OHKO moves are banned\n|rule|Evasion Moves Clause: Evasion moves are banned\n|rule|Gravity Sleep Clause: The combination of sleep-inducing moves with imperfect accuracy and Gravity or Gigantamax Orbeetle are banned\n|rule|Endless Battle Clause: Forcing endless battles is banned\n|rule|HP Percentage Mod: HP is shown in percentages\n|clearpoke\n|poke|p1|Lurantis, M|\n|poke|p1|Murkrow, M|\n|poke|p1|Grimmsnarl, M|\n|poke|p1|Clefairy, F|\n|poke|p1|Talonflame, M|\n|poke|p1|Espeon, M|\n|poke|p2|Persian, F|\n|poke|p2|Mamoswine, M|\n|poke|p2|Ninetales-Alola, F|\n|poke|p2|Pikachu, M|\n|poke|p2|Jolteon, F|\n|poke|p2|Poliwrath, M|\n|teampreview\n|\n|t:|1698269806\n|start\n|switch|p1a: Murkrow|Murkrow, M|100\/100\n|switch|p1b: Lurantis|Lurantis, M|100\/100\n|switch|p2a: Persian|Persian, F|100\/100\n|switch|p2b: Pikachu|Pikachu, M|100\/100\n|turn|1\n|inactive|Battle timer is ON: inactive players will automatically lose when time's up. (requested by SXD2002)\n|\n|t:|1698269822\n|move|p2a: Persian|Fake Out|p1a: Murkrow\n|-damage|p1a: Murkrow|65\/100\n|move|p2b: Pikachu|Fake Out|p1b: Lurantis\n|-damage|p1b: Lurantis|88\/100\n|cant|p1a: Murkrow|flinch\n|cant|p1b: Lurantis|flinch\n|\n|-heal|p1b: Lurantis|94\/100|[from] item: Leftovers\n|upkeep\n|turn|2\n|\n|t:|1698269837\n|move|p2a: Persian|U-turn|p1b: Lurantis\n|-supereffective|p1b: Lurantis\n|-damage|p1b: Lurantis|60\/100\n|\n|t:|1698269841\n|switch|p2a: Ninetales|Ninetales-Alola, F|100\/100|[from] U-turn\n|-weather|Snow|[from] ability: Snow Warning|[of] p2a: Ninetales\n|move|p2b: Pikachu|Volt Switch|p1a: Murkrow\n|-supereffective|p1a: Murkrow\n|-damage|p1a: Murkrow|0 fnt\n|faint|p1a: Murkrow\n|\n|t:|1698269844\n|switch|p2b: Mamoswine|Mamoswine, M|100\/100|[from] Volt Switch\n|move|p1b: Lurantis|Superpower|p2b: Mamoswine\n|-supereffective|p2b: Mamoswine\n|-damage|p2b: Mamoswine|55\/100\n|-boost|p1b: Lurantis|atk|1\n|-boost|p1b: Lurantis|def|1\n|\n|-weather|Snow|[upkeep]\n|-heal|p2b: Mamoswine|61\/100|[from] item: Leftovers\n|-heal|p1b: Lurantis|66\/100|[from] item: Leftovers\n|upkeep\n|\n|t:|1698269860\n|switch|p1a: Grimmsnarl|Grimmsnarl, M|100\/100\n|turn|3\n|\n|t:|1698269872\n|-terastallize|p1b: Lurantis|Steel\n|move|p1a: Grimmsnarl|Scary Face|p1b: Lurantis\n|-boost|p1b: Lurantis|spe|2\n|move|p2a: Ninetales|Blizzard|p1a: Grimmsnarl|[spread] p1a,p1b\n|-resisted|p1b: Lurantis\n|-damage|p1a: Grimmsnarl|78\/100\n|-damage|p1b: Lurantis|54\/100\n|-status|p1b: Lurantis|frz\n|move|p2b: Mamoswine|Ice Fang|p1a: Grimmsnarl\n|-damage|p1a: Grimmsnarl|34\/100\n|-curestatus|p1b: Lurantis|frz|[msg]\n|move|p1b: Lurantis|Superpower|p2b: Mamoswine\n|-supereffective|p2b: Mamoswine\n|-damage|p2b: Mamoswine|0 fnt\n|-boost|p1b: Lurantis|atk|1\n|-boost|p1b: Lurantis|def|1\n|faint|p2b: Mamoswine\n|\n|-weather|Snow|[upkeep]\n|-heal|p1b: Lurantis|60\/100|[from] item: Leftovers\n|-heal|p1a: Grimmsnarl|40\/100|[from] item: Leftovers\n|upkeep\n|\n|t:|1698269881\n|switch|p2b: Pikachu|Pikachu, M|100\/100\n|turn|4\n|\n|t:|1698269906\n|move|p1b: Lurantis|Protect|p1b: Lurantis\n|-singleturn|p1b: Lurantis|Protect\n|move|p2b: Pikachu|Fake Out|p1b: Lurantis\n|-activate|p1b: Lurantis|move: Protect\n|move|p1a: Grimmsnarl|Fake Tears|p2b: Pikachu\n|-unboost|p2b: Pikachu|spd|2\n|move|p2a: Ninetales|Dazzling Gleam|p1a: Grimmsnarl|[spread] p1a\n|-activate|p1b: Lurantis|move: Protect\n|-supereffective|p1a: Grimmsnarl\n|-damage|p1a: Grimmsnarl|7\/100\n|\n|-weather|Snow|[upkeep]\n|-heal|p1b: Lurantis|66\/100|[from] item: Leftovers\n|-heal|p1a: Grimmsnarl|13\/100|[from] item: Leftovers\n|upkeep\n|turn|5\n|\n|t:|1698269918\n|move|p1a: Grimmsnarl|Fake Tears|p1b: Lurantis\n|-boost|p1b: Lurantis|spd|2\n|move|p2a: Ninetales|Dazzling Gleam|p1b: Lurantis|[spread] p1a,p1b\n|-supereffective|p1a: Grimmsnarl\n|-resisted|p1b: Lurantis\n|-damage|p1a: Grimmsnarl|0 fnt\n|-damage|p1b: Lurantis|62\/100\n|faint|p1a: Grimmsnarl\n|move|p2b: Pikachu|Volt Switch|p1b: Lurantis\n|-damage|p1b: Lurantis|46\/100\n|\n|t:|1698269929\n|switch|p2b: Persian|Persian, F|100\/100|[from] Volt Switch\n|move|p1b: Lurantis|Leaf Storm|p2b: Persian\n|-damage|p2b: Persian|35\/100\n|-boost|p1b: Lurantis|spa|2\n|\n|-weather|Snow|[upkeep]\n|-heal|p1b: Lurantis|52\/100|[from] item: Leftovers\n|upkeep\n|\n|t:|1698269937\n|switch|p1a: Clefairy|Clefairy, F|100\/100\n|turn|6\n|\n|t:|1698269951\n|move|p1b: Lurantis|Protect|p1b: Lurantis\n|-singleturn|p1b: Lurantis|Protect\n|move|p2b: Persian|Fake Out|p1a: Clefairy\n|-damage|p1a: Clefairy|71\/100\n|move|p2a: Ninetales|Blizzard|p1b: Lurantis|[spread] p1a\n|-activate|p1b: Lurantis|move: Protect\n|-damage|p1a: Clefairy|52\/100\n|-status|p1a: Clefairy|frz\n|cant|p1a: Clefairy|frz\n|\n|-weather|none\n|-heal|p1b: Lurantis|58\/100|[from] item: Leftovers\n|upkeep\n|turn|7\n|\n|t:|1698269966\n|switch|p2a: Pikachu|Pikachu, M|100\/100\n|move|p2b: Persian|U-turn|p1b: Lurantis\n|-resisted|p1b: Lurantis\n|-damage|p1b: Lurantis|55\/100\n|\n|t:|1698269985\n|switch|p2b: Jolteon|Jolteon, F|100\/100|[from] U-turn\n|move|p1b: Lurantis|Superpower|p2a: Pikachu\n|-damage|p2a: Pikachu|0 fnt\n|-boost|p1b: Lurantis|atk|1\n|-boost|p1b: Lurantis|def|1\n|faint|p2a: Pikachu\n|cant|p1a: Clefairy|frz\n|\n|-heal|p1b: Lurantis|61\/100|[from] item: Leftovers\n|upkeep\n|\n|t:|1698269988\n|switch|p2a: Persian|Persian, F|35\/100\n|turn|8\n|\n|t:|1698270001\n|move|p2a: Persian|Fake Out|p1b: Lurantis\n|-resisted|p1b: Lurantis\n|-damage|p1b: Lurantis|57\/100\n|cant|p1a: Clefairy|frz\n|move|p2b: Jolteon|Volt Switch|p1b: Lurantis\n|-damage|p1b: Lurantis|45\/100\n|\n|t:|1698270010\n|switch|p2b: Poliwrath|Poliwrath, M|100\/100|[from] Volt Switch\n|cant|p1b: Lurantis|flinch\n|\n|-heal|p1b: Lurantis|51\/100|[from] item: Leftovers\n|upkeep\n|turn|9\n|\n|t:|1698270021\n|move|p1b: Lurantis|Protect|p1b: Lurantis\n|-singleturn|p1b: Lurantis|Protect\n|move|p2a: Persian|Metal Claw|p1a: Clefairy\n|-supereffective|p1a: Clefairy\n|-crit|p1a: Clefairy\n|-damage|p1a: Clefairy|0 fnt\n|faint|p1a: Clefairy\n|move|p2b: Poliwrath|Drain Punch|p1b: Lurantis\n|-activate|p1b: Lurantis|move: Protect\n|\n|-heal|p1b: Lurantis|57\/100|[from] item: Leftovers\n|upkeep\n|\n|t:|1698270030\n|switch|p1a: Talonflame|Talonflame, M|100\/100\n|turn|10\n|\n|t:|1698270047\n|move|p1a: Talonflame|Defog|p1b: Lurantis\n|-boost|p1b: Lurantis|evasion|1\n|move|p2a: Persian|U-turn|p1a: Talonflame\n|-resisted|p1a: Talonflame\n|-damage|p1a: Talonflame|96\/100\n|\n|t:|1698270053\n|switch|p2a: Jolteon|Jolteon, F|100\/100|[from] U-turn\n|move|p1b: Lurantis|Leaf Storm|p2b: Poliwrath\n|-supereffective|p2b: Poliwrath\n|-damage|p2b: Poliwrath|0 fnt\n|-boost|p1b: Lurantis|spa|2\n|faint|p2b: Poliwrath\n|\n|-heal|p1b: Lurantis|63\/100|[from] item: Leftovers\n|upkeep\n|\n|t:|1698270056\n|switch|p2b: Ninetales|Ninetales-Alola, F|100\/100\n|-weather|Snow|[from] ability: Snow Warning|[of] p2b: Ninetales\n|turn|11\n|\n|t:|1698270068\n|move|p2a: Jolteon|Volt Switch|p1a: Talonflame\n|-supereffective|p1a: Talonflame\n|-damage|p1a: Talonflame|0 fnt\n|faint|p1a: Talonflame\n|\n|t:|1698270073\n|switch|p2a: Persian|Persian, F|35\/100|[from] Volt Switch\n|move|p2b: Ninetales|Blizzard|p1b: Lurantis\n|-resisted|p1b: Lurantis\n|-damage|p1b: Lurantis|56\/100\n|-status|p1b: Lurantis|frz\n|-curestatus|p1b: Lurantis|frz|[msg]\n|move|p1b: Lurantis|Leaf Storm|p2b: Ninetales\n|-damage|p2b: Ninetales|0 fnt\n|-boost|p1b: Lurantis|spa|2\n|faint|p2b: Ninetales\n|\n|-weather|Snow|[upkeep]\n|-heal|p1b: Lurantis|62\/100|[from] item: Leftovers\n|upkeep\n|\n|t:|1698270085\n|switch|p1a: Espeon|Espeon, M|100\/100\n|switch|p2b: Jolteon|Jolteon, F|100\/100\n|turn|12\n|\n|t:|1698270101\n|move|p2a: Persian|Fake Out|p1b: Lurantis\n|-resisted|p1b: Lurantis\n|-damage|p1b: Lurantis|56\/100\n|move|p2b: Jolteon|Shadow Ball|p1a: Espeon\n|-supereffective|p1a: Espeon\n|-damage|p1a: Espeon|38\/100\n|move|p1a: Espeon|Psych Up|p1b: Lurantis\n|-copyboost|p1a: Espeon|p1b: Lurantis|[from] move: Psych Up\n|cant|p1b: Lurantis|flinch\n|\n|-weather|Snow|[upkeep]\n|-heal|p1a: Espeon|44\/100|[from] item: Leftovers\n|-heal|p1b: Lurantis|62\/100|[from] item: Leftovers\n|upkeep\n|turn|13\n|\n|t:|1698270124\n|move|p1a: Espeon|Stored Power|p2b: Jolteon\n|-damage|p2b: Jolteon|0 fnt\n|faint|p2b: Jolteon\n|move|p2a: Persian|Bite|p1a: Espeon\n|-supereffective|p1a: Espeon\n|-damage|p1a: Espeon|10\/100\n|move|p1b: Lurantis|Superpower|p2a: Persian\n|-supereffective|p2a: Persian\n|-damage|p2a: Persian|0 fnt\n|-boost|p1b: Lurantis|atk|1\n|-boost|p1b: Lurantis|def|1\n|faint|p2a: Persian\n|\n|win|SXD2002\n|raw|SXD2002's rating: 1106 &rarr; <strong>1126<\/strong><br \/>(+20 for winning)\n|raw|ladelcolo's rating: 1035 &rarr; <strong>1023<\/strong><br \/>(-12 for losing)\n|c|\u2606SXD2002|gg\n|l|\u2606ladelcolo\n","uploadtime":1698270145,"views":21,"p1id":"sxd2002","p2id":"ladelcolo","formatid":"gen9doublesou","rating":1023,"private":0,"password":""}