{"id":"gen9doublesou-1998760866","p1":"carlolucarelli","p2":"bleahey","format":"[Gen 9] Doubles OU","log":"|j|\u2606carlolucarelli\n|j|\u2606bleahey\n|inactive|Battle timer is ON: inactive players will automatically lose when time's up.\n|t:|1700985235\n|gametype|doubles\n|player|p1|carlolucarelli|101|\n|player|p2|bleahey|brendan|\n|teamsize|p1|6\n|teamsize|p2|6\n|gen|9\n|tier|[Gen 9] Doubles OU\n|rated|Tournament battle\n|rule|Species Clause: Limit one of each Pok\u00e9mon\n|rule|OHKO Clause: OHKO moves are banned\n|rule|Evasion Moves Clause: Evasion moves are banned\n|rule|Gravity Sleep Clause: The combination of sleep-inducing moves with imperfect accuracy and Gravity or Gigantamax Orbeetle are banned\n|rule|Endless Battle Clause: Forcing endless battles is banned\n|rule|HP Percentage Mod: HP is shown in percentages\n|clearpoke\n|poke|p1|Lombre, M|\n|poke|p1|Sunflora, F|\n|poke|p1|Sneasel, M|\n|poke|p1|Drizzile, F|\n|poke|p1|Hypno, F|\n|poke|p1|Corphish, M|\n|poke|p2|Gholdengo|\n|poke|p2|Ninetales-Alola, F|\n|poke|p2|Bonsly, M|\n|poke|p2|Hoothoot, F|\n|poke|p2|Monferno, M|\n|poke|p2|Nymble, M|\n|teampreview\n|j|*Lady Monita \u2746\n|inactive|bleahey also wants the timer to be on.\n|c|\u2606bleahey|glhf\n|c|\u2606carlolucarelli|lol\n|c|\u2606carlolucarelli|scary team\n|c|\u2606bleahey|just the two mons lol\n|inactive|carlolucarelli has 120 seconds left.\n|\n|t:|1700985272\n|start\n|switch|p1a: Drizzile|Drizzile, F|100\/100\n|switch|p1b: Sneasel|Sneasel, M|100\/100\n|switch|p2a: Monferno|Monferno, M|100\/100\n|switch|p2b: Ninetales|Ninetales-Alola, F, shiny|100\/100\n|-weather|Snow|[from] ability: Snow Warning|[of] p2b: Ninetales\n|turn|1\n|\n|t:|1700985287\n|move|p1b: Sneasel|Fake Out|p2b: Ninetales\n|-damage|p2b: Ninetales|90\/100\n|cant|p2b: Ninetales|flinch\n|move|p1a: Drizzile|Hydro Pump|p2a: Monferno\n|-supereffective|p2a: Monferno\n|-damage|p2a: Monferno|0 fnt\n|faint|p2a: Monferno\n|\n|-weather|Snow|[upkeep]\n|upkeep\n|j| kaminazalil\n|\n|t:|1700985297\n|switch|p2a: Nymble|Nymble, M|100\/100\n|turn|2\n|\n|t:|1700985305\n|move|p1b: Sneasel|Protect|p1b: Sneasel\n|-singleturn|p1b: Sneasel|Protect\n|move|p2a: Nymble|First Impression|p1b: Sneasel\n|-activate|p1b: Sneasel|move: Protect\n|move|p2b: Ninetales|Aurora Veil|p2b: Ninetales\n|-sidestart|p2: bleahey|move: Aurora Veil\n|move|p1a: Drizzile|Hydro Pump|p2b: Ninetales|[miss]\n|-miss|p1a: Drizzile|p2b: Ninetales\n|\n|-weather|Snow|[upkeep]\n|upkeep\n|turn|3\n|\n|t:|1700985332\n|-terastallize|p1a: Drizzile|Steel\n|move|p2a: Nymble|Protect|p2a: Nymble\n|-singleturn|p2a: Nymble|Protect\n|move|p1b: Sneasel|Knock Off|p2b: Ninetales\n|-resisted|p2b: Ninetales\n|-damage|p2b: Ninetales|76\/100\n|-enditem|p2b: Ninetales|Focus Sash|[from] move: Knock Off|[of] p1b: Sneasel\n|move|p2b: Ninetales|Moonblast|p1b: Sneasel\n|-supereffective|p1b: Sneasel\n|-enditem|p1b: Sneasel|Focus Sash\n|-damage|p1b: Sneasel|1\/100\n|move|p1a: Drizzile|Tera Blast|p2b: Ninetales|[anim] Tera Blast Steel\n|-supereffective|p2b: Ninetales\n|-damage|p2b: Ninetales|0 fnt\n|faint|p2b: Ninetales\n|\n|-weather|Snow|[upkeep]\n|upkeep\n|inactive|bleahey has 120 seconds left.\n|\n|t:|1700985350\n|switch|p2b: Hoothoot|Hoothoot, F|100\/100\n|turn|4\n|\n|t:|1700985363\n|move|p1b: Sneasel|Protect|p1b: Sneasel\n|-singleturn|p1b: Sneasel|Protect\n|move|p2a: Nymble|Sucker Punch||[still]\n|-fail|p2a: Nymble\n|move|p1a: Drizzile|Tera Blast|p2b: Hoothoot|[anim] Tera Blast Steel\n|-damage|p2b: Hoothoot|75\/100\n|move|p2b: Hoothoot|Nasty Plot|p2b: Hoothoot\n|-boost|p2b: Hoothoot|spa|2\n|\n|-weather|Snow|[upkeep]\n|upkeep\n|turn|5\n|\n|t:|1700985376\n|move|p1b: Sneasel|Ice Shard|p2b: Hoothoot\n|-supereffective|p2b: Hoothoot\n|-damage|p2b: Hoothoot|38\/100\n|move|p2a: Nymble|Sucker Punch||[still]\n|-fail|p2a: Nymble\n|move|p1a: Drizzile|Tera Blast|p2b: Hoothoot|[anim] Tera Blast Steel\n|-damage|p2b: Hoothoot|9\/100\n|move|p2b: Hoothoot|Hurricane|p1a: Drizzile\n|-resisted|p1a: Drizzile\n|-damage|p1a: Drizzile|38\/100\n|\n|-weather|none\n|upkeep\n|turn|6\n|\n|t:|1700985397\n|move|p1b: Sneasel|Protect|p1b: Sneasel\n|-singleturn|p1b: Sneasel|Protect\n|move|p1a: Drizzile|Tera Blast|p2b: Hoothoot|[anim] Tera Blast Steel\n|-damage|p2b: Hoothoot|0 fnt\n|faint|p2b: Hoothoot\n|move|p2a: Nymble|Leech Life|p1b: Sneasel\n|-activate|p1b: Sneasel|move: Protect\n|\n|-sideend|p2: bleahey|move: Aurora Veil\n|upkeep\n|\n|t:|1700985404\n|switch|p2b: Bonsly|Bonsly, M|100\/100\n|turn|7\n|\n|t:|1700985415\n|move|p1b: Sneasel|Ice Shard|p2b: Bonsly\n|-damage|p2b: Bonsly|87\/100\n|move|p2a: Nymble|Sucker Punch|p1a: Drizzile\n|-damage|p1a: Drizzile|22\/100\n|move|p1a: Drizzile|Hydro Pump|p2b: Bonsly\n|-supereffective|p2b: Bonsly\n|-damage|p2b: Bonsly|0 fnt\n|faint|p2b: Bonsly\n|\n|upkeep\n|\n|t:|1700985422\n|switch|p2b: Gholdengo|Gholdengo|100\/100\n|turn|8\n|\n|t:|1700985440\n|move|p2b: Gholdengo|Protect|p2b: Gholdengo\n|-singleturn|p2b: Gholdengo|Protect\n|move|p2a: Nymble|Sucker Punch|p1b: Sneasel\n|-resisted|p1b: Sneasel\n|-damage|p1b: Sneasel|0 fnt\n|faint|p1b: Sneasel\n|move|p1a: Drizzile|Mud Shot|p2b: Gholdengo\n|-activate|p2b: Gholdengo|move: Protect\n|\n|upkeep\n|\n|t:|1700985459\n|switch|p1b: Lombre|Lombre, M|100\/100\n|turn|9\n|\n|t:|1700985466\n|move|p1b: Lombre|Fake Out|p2a: Nymble\n|-damage|p2a: Nymble|83\/100\n|move|p2b: Gholdengo|Shadow Ball|p1a: Drizzile\n|-damage|p1a: Drizzile|0 fnt\n|faint|p1a: Drizzile\n|-damage|p2b: Gholdengo|91\/100|[from] item: Life Orb\n|cant|p2a: Nymble|flinch\n|\n|upkeep\n|inactive|carlolucarelli has 120 seconds left.\n|\n|t:|1700985499\n|switch|p1a: Sunflora|Sunflora, F|100\/100\n|turn|10\n|\n|t:|1700985508\n|move|p2b: Gholdengo|Protect|p2b: Gholdengo\n|-singleturn|p2b: Gholdengo|Protect\n|move|p2a: Nymble|Leech Life|p1a: Sunflora\n|-supereffective|p1a: Sunflora\n|-damage|p1a: Sunflora|27\/100\n|-heal|p2a: Nymble|100\/100|[from] drain|[of] p1a: Sunflora\n|move|p1b: Lombre|Hydro Pump|p2a: Nymble|[miss]\n|-miss|p1b: Lombre|p2a: Nymble\n|move|p1a: Sunflora|Earth Power|p2b: Gholdengo\n|-activate|p2b: Gholdengo|move: Protect\n|\n|upkeep\n|turn|11\n|\n|t:|1700985525\n|move|p2b: Gholdengo|Nasty Plot|p2b: Gholdengo\n|-boost|p2b: Gholdengo|spa|2\n|move|p2a: Nymble|Leech Life|p1a: Sunflora\n|-supereffective|p1a: Sunflora\n|-damage|p1a: Sunflora|0 fnt\n|faint|p1a: Sunflora\n|move|p1b: Lombre|Hydro Pump|p2a: Nymble\n|-enditem|p2a: Nymble|Focus Sash\n|-damage|p2a: Nymble|1\/100\n|\n|upkeep\n|c|\u2606carlolucarelli|that its cause my loss\n|\n|t:|1700985550\n|switch|p1a: Corphish|Corphish, M|100\/100\n|turn|12\n|\n|t:|1700985555\n|-terastallize|p2b: Gholdengo|Steel\n|move|p2a: Nymble|Protect|p2a: Nymble\n|-singleturn|p2a: Nymble|Protect\n|move|p1a: Corphish|Protect|p1a: Corphish\n|-singleturn|p1a: Corphish|Protect\n|move|p2b: Gholdengo|Make It Rain|p1a: Corphish|[spread] p1b\n|-activate|p1a: Corphish|move: Protect\n|-resisted|p1b: Lombre\n|-damage|p1b: Lombre|16\/100\n|-unboost|p2b: Gholdengo|spa|1\n|-damage|p2b: Gholdengo|81\/100|[from] item: Life Orb\n|move|p1b: Lombre|Giga Drain|p2a: Nymble\n|-activate|p2a: Nymble|move: Protect\n|\n|upkeep\n|turn|13\n|inactive|bleahey has 120 seconds left.\n|\n|t:|1700985590\n|move|p2b: Gholdengo|Shadow Ball|p1a: Corphish\n|-damage|p1a: Corphish|0 fnt\n|faint|p1a: Corphish\n|-damage|p2b: Gholdengo|71\/100|[from] item: Life Orb\n|move|p2a: Nymble|Leech Life|p1b: Lombre\n|-supereffective|p1b: Lombre\n|-damage|p1b: Lombre|0 fnt\n|-heal|p2a: Nymble|14\/100|[from] drain|[of] p1b: Lombre\n|faint|p1b: Lombre\n|\n|upkeep\n|c|\u2606carlolucarelli|that miss\n|-message|carlolucarelli forfeited.\n|\n|win|bleahey\n|n|\u2606carlolucarelli|carlolucarelli\n|n|\u2606bleahey|bleahey\n|n|*Lady Monita \u2746|ladymonita\n|n| kaminazalil|kaminazalil\n","uploadtime":1700985607,"views":13,"p1id":"carlolucarelli","p2id":"bleahey","formatid":"gen9doublesou","rating":0,"private":0,"password":""}