{"id":"gen9doublesou-1992510513","p1":"Scoobenvonduben","p2":"Thehombre","format":"[Gen 9] Doubles OU","log":"|j|\u2606Scoobenvonduben\n|j|\u2606Thehombre\n|t:|1700197160\n|gametype|doubles\n|player|p1|Scoobenvonduben|brawly|1251\n|player|p2|Thehombre|169|1178\n|teamsize|p1|6\n|teamsize|p2|6\n|gen|9\n|tier|[Gen 9] Doubles OU\n|rated|\n|rule|Species Clause: Limit one of each Pok\u00e9mon\n|rule|OHKO Clause: OHKO moves are banned\n|rule|Evasion Moves Clause: Evasion moves are banned\n|rule|Gravity Sleep Clause: The combination of sleep-inducing moves with imperfect accuracy and Gravity or Gigantamax Orbeetle are banned\n|rule|Endless Battle Clause: Forcing endless battles is banned\n|rule|HP Percentage Mod: HP is shown in percentages\n|clearpoke\n|poke|p1|Gyarados, F|\n|poke|p1|Blissey, F|\n|poke|p1|Skeledirge, M|\n|poke|p1|Clodsire, M|\n|poke|p1|Corviknight, M|\n|poke|p1|Grafaiai, M|\n|poke|p2|Mew|\n|poke|p2|Corviknight, M|\n|poke|p2|Enamorus, F|\n|poke|p2|Illumise, F|\n|poke|p2|Maushold-Four|\n|poke|p2|Rotom|\n|teampreview\n|inactive|Battle timer is ON: inactive players will automatically lose when time's up. (requested by Thehombre)\n|\n|t:|1700197176\n|start\n|switch|p1a: Blissey|Blissey, F|100\/100\n|switch|p1b: Grafaiai|Grafaiai, M|100\/100\n|switch|p2a: Corviknight|Corviknight, M|100\/100\n|switch|p2b: Enamorus|Enamorus, F|100\/100\n|turn|1\n|inactive|Scoobenvonduben has 120 seconds left.\n|\n|t:|1700197211\n|move|p1b: Grafaiai|Toxic|p2b: Enamorus\n|-status|p2b: Enamorus|tox\n|move|p2b: Enamorus|Superpower|p1b: Grafaiai\n|-damage|p1b: Grafaiai|55\/100\n|-boost|p2b: Enamorus|atk|1\n|-boost|p2b: Enamorus|def|1\n|move|p2a: Corviknight|Bulk Up|p2a: Corviknight\n|-boost|p2a: Corviknight|atk|1\n|-boost|p2a: Corviknight|def|1\n|move|p1a: Blissey|Thunder Wave|p2a: Corviknight\n|-status|p2a: Corviknight|par\n|\n|-heal|p1b: Grafaiai|61\/100|[from] item: Leftovers\n|-damage|p2b: Enamorus|94\/100 tox|[from] psn\n|upkeep\n|turn|2\n|inactive|Scoobenvonduben has 120 seconds left.\n|\n|t:|1700197248\n|-terastallize|p1a: Blissey|Ghost\n|move|p1b: Grafaiai|Encore|p2a: Corviknight\n|-start|p2a: Corviknight|Encore\n|move|p2b: Enamorus|Superpower|p1a: Blissey\n|-immune|p1a: Blissey\n|move|p1a: Blissey|Seismic Toss|p2b: Enamorus\n|-damage|p2b: Enamorus|60\/100 tox\n|cant|p2a: Corviknight|par\n|\n|-heal|p2b: Enamorus|66\/100 tox|[from] item: Leftovers\n|-heal|p1b: Grafaiai|67\/100|[from] item: Leftovers\n|-damage|p2b: Enamorus|53\/100 tox|[from] psn\n|upkeep\n|turn|3\n|inactive|Scoobenvonduben has 120 seconds left.\n|\n|t:|1700197269\n|switch|p2b: Illumise|Illumise, F|100\/100\n|move|p1b: Grafaiai|Substitute|p1b: Grafaiai\n|-start|p1b: Grafaiai|Substitute\n|-damage|p1b: Grafaiai|42\/100\n|move|p1a: Blissey|Seismic Toss|p2b: Illumise\n|-damage|p2b: Illumise|71\/100\n|cant|p2a: Corviknight|par\n|\n|-heal|p2b: Illumise|77\/100|[from] item: Leftovers\n|-heal|p1b: Grafaiai|48\/100|[from] item: Leftovers\n|upkeep\n|turn|4\n|\n|t:|1700197288\n|move|p1b: Grafaiai|Toxic|p2b: Illumise\n|-status|p2b: Illumise|tox\n|move|p2b: Illumise|Struggle Bug|p1b: Grafaiai|[spread] p1a,p1b\n|-resisted|p1b: Grafaiai\n|-activate|p1b: Grafaiai|move: Substitute|[damage]\n|-resisted|p1a: Blissey\n|-damage|p1a: Blissey|99\/100\n|-unboost|p1a: Blissey|spa|1\n|move|p1a: Blissey|Stealth Rock|p2b: Illumise\n|-sidestart|p2: Thehombre|move: Stealth Rock\n|move|p2a: Corviknight|Bulk Up|p2a: Corviknight\n|-boost|p2a: Corviknight|atk|1\n|-boost|p2a: Corviknight|def|1\n|\n|-heal|p2b: Illumise|83\/100 tox|[from] item: Leftovers\n|-heal|p1b: Grafaiai|54\/100|[from] item: Leftovers\n|-heal|p1a: Blissey|100\/100|[from] item: Leftovers\n|-damage|p2b: Illumise|77\/100 tox|[from] psn\n|-end|p2a: Corviknight|Encore\n|upkeep\n|turn|5\n|\n|t:|1700197322\n|move|p2b: Illumise|Thunder Wave|p1a: Blissey|[miss]\n|-miss|p2b: Illumise|p1a: Blissey\n|move|p1b: Grafaiai|Encore|p2a: Corviknight\n|-start|p2a: Corviknight|Encore\n|move|p1a: Blissey|Seismic Toss|p2b: Illumise\n|-damage|p2b: Illumise|47\/100 tox\n|cant|p2a: Corviknight|par\n|\n|-heal|p2b: Illumise|53\/100 tox|[from] item: Leftovers\n|-heal|p1b: Grafaiai|60\/100|[from] item: Leftovers\n|-damage|p2b: Illumise|41\/100 tox|[from] psn\n|upkeep\n|turn|6\n|inactive|Scoobenvonduben has 120 seconds left.\n|\n|t:|1700197360\n|move|p2b: Illumise|Thunder Wave|p1a: Blissey\n|-status|p1a: Blissey|par\n|move|p1b: Grafaiai|Knock Off|p2a: Corviknight\n|-damage|p2a: Corviknight|90\/100 par\n|-enditem|p2a: Corviknight|Leftovers|[from] move: Knock Off|[of] p1b: Grafaiai\n|move|p2a: Corviknight|Bulk Up|p2a: Corviknight\n|-boost|p2a: Corviknight|atk|1\n|-boost|p2a: Corviknight|def|1\n|move|p1a: Blissey|Seismic Toss|p2b: Illumise\n|-damage|p2b: Illumise|11\/100 tox\n|\n|-heal|p2b: Illumise|17\/100 tox|[from] item: Leftovers\n|-heal|p1b: Grafaiai|67\/100|[from] item: Leftovers\n|-damage|p2b: Illumise|0 fnt|[from] psn\n|faint|p2b: Illumise\n|upkeep\n|\n|t:|1700197368\n|switch|p2b: Rotom|Rotom|100\/100\n|-damage|p2b: Rotom|88\/100|[from] Stealth Rock\n|turn|7\n|inactive|Scoobenvonduben has 120 seconds left.\n|\n|t:|1700197412\n|-curestatus|p1a: Blissey|par|[from] ability: Natural Cure\n|switch|p1a: Clodsire|Clodsire, M|100\/100\n|move|p1b: Grafaiai|Toxic|p2b: Rotom\n|-status|p2b: Rotom|tox\n|move|p2b: Rotom|Thunderbolt|p1b: Grafaiai\n|-end|p1b: Grafaiai|Substitute\n|move|p2a: Corviknight|Bulk Up|p2a: Corviknight\n|-boost|p2a: Corviknight|atk|1\n|-boost|p2a: Corviknight|def|1\n|\n|-heal|p2b: Rotom|94\/100 tox|[from] item: Leftovers\n|-heal|p1b: Grafaiai|73\/100|[from] item: Leftovers\n|-damage|p2b: Rotom|88\/100 tox|[from] psn\n|-end|p2a: Corviknight|Encore\n|upkeep\n|turn|8\n|inactive|Scoobenvonduben has 120 seconds left.\n|inactive|Scoobenvonduben has 90 seconds left.\n|\n|t:|1700197478\n|switch|p2b: Mew|Mew|100\/100\n|-damage|p2b: Mew|88\/100|[from] Stealth Rock\n|move|p1b: Grafaiai|Encore|p2a: Corviknight\n|-start|p2a: Corviknight|Encore\n|move|p2a: Corviknight|Bulk Up|p2a: Corviknight\n|-boost|p2a: Corviknight|atk|1\n|-boost|p2a: Corviknight|def|1\n|move|p1a: Clodsire|Toxic Spikes|p2b: Mew\n|-sidestart|p2: Thehombre|move: Toxic Spikes\n|\n|-heal|p1b: Grafaiai|79\/100|[from] item: Leftovers\n|-heal|p2b: Mew|94\/100|[from] item: Leftovers\n|upkeep\n|turn|9\n|inactive|Scoobenvonduben has 90 seconds left.\n|\n|t:|1700197513\n|move|p1b: Grafaiai|Substitute|p1b: Grafaiai\n|-start|p1b: Grafaiai|Substitute\n|-damage|p1b: Grafaiai|54\/100\n|move|p2b: Mew|Transform|p2a: Corviknight\n|-transform|p2b: Mew|p2a: Corviknight\n|move|p2a: Corviknight|Bulk Up|p2a: Corviknight\n|-boost|p2a: Corviknight|atk|1\n|-boost|p2a: Corviknight|def|1\n|move|p1a: Clodsire|Toxic|p2b: Mew\n|-immune|p2b: Mew\n|\n|-heal|p1b: Grafaiai|60\/100|[from] item: Leftovers\n|-heal|p2b: Mew|100\/100|[from] item: Leftovers\n|upkeep\n|turn|10\n|inactive|Scoobenvonduben has 90 seconds left.\n|\n|t:|1700197542\n|move|p1b: Grafaiai|Knock Off|p2b: Mew\n|-damage|p2b: Mew|95\/100\n|-enditem|p2b: Mew|Leftovers|[from] move: Knock Off|[of] p1b: Grafaiai\n|move|p2b: Mew|Power Trip|p1b: Grafaiai\n|-end|p1b: Grafaiai|Substitute\n|cant|p2a: Corviknight|par\n|move|p1a: Clodsire|Toxic Spikes|p2a: Corviknight\n|-sidestart|p2: Thehombre|move: Toxic Spikes\n|\n|-heal|p1b: Grafaiai|66\/100|[from] item: Leftovers\n|-end|p2a: Corviknight|Encore\n|upkeep\n|turn|11\n|inactive|Scoobenvonduben has 90 seconds left.\n|\n|t:|1700197572\n|switch|p1a: Skeledirge|Skeledirge, M|100\/100\n|move|p1b: Grafaiai|Encore|p2a: Corviknight\n|-start|p2a: Corviknight|Encore\n|move|p2b: Mew|Power Trip|p1b: Grafaiai\n|-damage|p1b: Grafaiai|0 fnt\n|faint|p1b: Grafaiai\n|cant|p2a: Corviknight|par\n|\n|upkeep\n|inactive|Scoobenvonduben has 60 seconds left.\n|\n|t:|1700197598\n|switch|p1b: Blissey|Blissey, F, tera:Ghost|100\/100\n|turn|12\n|inactive|Scoobenvonduben has 60 seconds left.\n|\n|t:|1700197611\n|switch|p1a: Corviknight|Corviknight, M|100\/100\n|move|p2b: Mew|Power Trip|p1a: Corviknight\n|-damage|p1a: Corviknight|0 fnt\n|faint|p1a: Corviknight\n|move|p1b: Blissey|Thunder Wave|p2b: Mew\n|-status|p2b: Mew|par\n|cant|p2a: Corviknight|par\n|\n|upkeep\n|inactive|Scoobenvonduben has 60 seconds left.\n|\n|t:|1700197619\n|switch|p1a: Skeledirge|Skeledirge, M|100\/100\n|turn|13\n|\n|t:|1700197632\n|-terastallize|p2b: Mew|Psychic\n|move|p1a: Skeledirge|Torch Song|p2b: Mew\n|-damage|p2b: Mew|67\/100 par\n|-boost|p1a: Skeledirge|spa|1\n|move|p1b: Blissey|Seismic Toss|p2b: Mew\n|-damage|p2b: Mew|42\/100 par\n|move|p2b: Mew|Power Trip|p1a: Skeledirge\n|-supereffective|p1a: Skeledirge\n|-damage|p1a: Skeledirge|0 fnt\n|faint|p1a: Skeledirge\n|move|p2a: Corviknight|Bulk Up|p2a: Corviknight\n|-boost|p2a: Corviknight|atk|0\n|-boost|p2a: Corviknight|def|0\n|\n|-end|p2a: Corviknight|Encore\n|upkeep\n|\n|t:|1700197643\n|switch|p1a: Gyarados|Gyarados, F|100\/100\n|-ability|p1a: Gyarados|Intimidate|boost\n|-ability|p2a: Corviknight|Mirror Armor\n|-unboost|p1a: Gyarados|atk|1\n|-ability|p2b: Mew|Mirror Armor\n|-unboost|p1a: Gyarados|atk|1\n|turn|14\n|inactive|Scoobenvonduben has 90 seconds left.\n|\n|t:|1700197650\n|move|p1a: Gyarados|Waterfall|p2b: Mew\n|-damage|p2b: Mew|37\/100 par\n|move|p1b: Blissey|Seismic Toss|p2b: Mew\n|-damage|p2b: Mew|13\/100 par\n|cant|p2b: Mew|par\n|cant|p2a: Corviknight|par\n|\n|upkeep\n|turn|15\n|c|\u2606Thehombre|Lol\n|\n|t:|1700197662\n|move|p1a: Gyarados|Waterfall|p2a: Corviknight\n|-damage|p2a: Corviknight|84\/100 par\n|move|p1b: Blissey|Seismic Toss|p2b: Mew\n|-damage|p2b: Mew|0 fnt\n|faint|p2b: Mew\n|move|p2a: Corviknight|Power Trip|p1a: Gyarados\n|-damage|p1a: Gyarados|0 fnt\n|faint|p1a: Gyarados\n|\n|upkeep\n|\n|t:|1700197678\n|switch|p1a: Clodsire|Clodsire, M|100\/100\n|switch|p2b: Maushold|Maushold-Four|100\/100\n|-damage|p2b: Maushold|88\/100|[from] Stealth Rock\n|-status|p2b: Maushold|tox\n|turn|16\n|\n|t:|1700197694\n|move|p2b: Maushold|Tickle|p1a: Clodsire\n|-unboost|p1a: Clodsire|atk|1\n|-unboost|p1a: Clodsire|def|1\n|move|p1b: Blissey|Seismic Toss|p2a: Corviknight\n|-damage|p2a: Corviknight|55\/100 par\n|move|p2a: Corviknight|Power Trip|p1b: Blissey\n|-supereffective|p1b: Blissey\n|-damage|p1b: Blissey|0 fnt\n|faint|p1b: Blissey\n|move|p1a: Clodsire|Earthquake|p2b: Maushold|[spread] p2b\n|-immune|p2a: Corviknight\n|-damage|p2b: Maushold|69\/100 tox\n|\n|-damage|p2b: Maushold|63\/100 tox|[from] psn\n|upkeep\n|turn|17\n|-message|Scoobenvonduben forfeited.\n|\n|win|Thehombre\n|raw|Scoobenvonduben's rating: 1251 &rarr; <strong>1221<\/strong><br \/>(-30 for losing)\n|raw|Thehombre's rating: 1178 &rarr; <strong>1208<\/strong><br \/>(+30 for winning)\n|l|\u2606Scoobenvonduben\n","uploadtime":1700197708,"views":6,"p1id":"scoobenvonduben","p2id":"thehombre","formatid":"gen9doublesou","rating":1208,"private":0,"password":""}