{"id":"gen9doublesou-1987392399","p1":"Zerotti","p2":"steelpupa","format":"[Gen 9] Doubles OU","log":"|j|\u2606Zerotti\n|j|\u2606steelpupa\n|t:|1699585486\n|gametype|doubles\n|player|p1|Zerotti|gladion|\n|player|p2|steelpupa|#vgcplzoruas|\n|teamsize|p1|6\n|teamsize|p2|6\n|gen|9\n|tier|[Gen 9] Doubles OU\n|rule|Species Clause: Limit one of each Pok\u00e9mon\n|rule|OHKO Clause: OHKO moves are banned\n|rule|Evasion Moves Clause: Evasion moves are banned\n|rule|Gravity Sleep Clause: The combination of sleep-inducing moves with imperfect accuracy and Gravity or Gigantamax Orbeetle are banned\n|rule|Endless Battle Clause: Forcing endless battles is banned\n|rule|HP Percentage Mod: HP is shown in percentages\n|clearpoke\n|poke|p1|Flutter Mane|\n|poke|p1|Ogerpon-Hearthflame, F|\n|poke|p1|Rillaboom, F|\n|poke|p1|Landorus-Therian, M|\n|poke|p1|Kingambit, M|\n|poke|p1|Diancie|\n|poke|p2|Dragonite, M|\n|poke|p2|Chien-Pao|\n|poke|p2|Landorus-Therian, M|\n|poke|p2|Milotic, M|\n|poke|p2|Sinistcha-Masterpiece|\n|poke|p2|Heatran, M|\n|teampreview\n|inactive|Battle timer is ON: inactive players will automatically lose when time's up. (requested by Zerotti)\n|j| Cholena\n|j| pudim31\n|j| Mamiloca\n|j|+edgar\n|inactive|Zerotti has 270 seconds left.\n|inactive|steelpupa has 270 seconds left.\n|j| tianlengmeihou\n|j| Smudge\n|j|+ryo yamada2001\n|j| R4ye\n|j| theyummybagel\n|inactive|Zerotti has 240 seconds left.\n|l| R4ye\n|j| Lunarr\n|j| R4ye\n|l| tianlengmeihou\n|j| Nido-Rus\n|inactive|Zerotti has 210 seconds left.\n|j|+Actuarily\n|j| tianlengmeihou\n|j| Memoriies\n|l|+Actuarily\n|j| scpSeptember\n|inactive|Zerotti has 180 seconds left.\n|inactive|steelpupa has 240 seconds left.\n|\n|t:|1699585619\n|start\n|switch|p1a: Rillaboom|Rillaboom, F|100\/100\n|switch|p1b: Landorus|Landorus-Therian, M|100\/100\n|switch|p2a: Milotic|Milotic, M|100\/100\n|switch|p2b: Heatran|Heatran, M|100\/100\n|-ability|p1b: Landorus|Intimidate|boost\n|-unboost|p2a: Milotic|atk|1\n|-ability|p2a: Milotic|Competitive|boost\n|-boost|p2a: Milotic|spa|2\n|-unboost|p2b: Heatran|atk|1\n|-fieldstart|move: Grassy Terrain|[from] ability: Grassy Surge|[of] p1a: Rillaboom\n|turn|1\n|j| kaori\n|l| Mamiloca\n|inactive|Zerotti has 240 seconds left.\n|inactive|steelpupa has 270 seconds left.\n|j| Mamiloca\n|l| Mamiloca\n|\n|t:|1699585678\n|switch|p2b: Landorus|Landorus-Therian, M|100\/100\n|-ability|p2b: Landorus|Intimidate|boost\n|-unboost|p1a: Rillaboom|atk|1\n|-unboost|p1b: Landorus|atk|1\n|move|p1a: Rillaboom|Fake Out|p2a: Milotic\n|-damage|p2a: Milotic|93\/100\n|move|p1b: Landorus|Stealth Rock|p2a: Milotic\n|-sidestart|p2: steelpupa|move: Stealth Rock\n|cant|p2a: Milotic|flinch\n|\n|-heal|p2a: Milotic|99\/100|[from] Grassy Terrain\n|-heal|p2a: Milotic|100\/100|[from] item: Leftovers\n|upkeep\n|turn|2\n|inactive|Zerotti has 240 seconds left.\n|j| GasaiiYunoSan\n|l| GasaiiYunoSan\n|l| scpSeptember\n|inactive|Zerotti has 210 seconds left.\n|j| Eragon11145\n|inactive|steelpupa has 240 seconds left.\n|\n|t:|1699585730\n|move|p2b: Landorus|U-turn|p1a: Rillaboom\n|-supereffective|p1a: Rillaboom\n|-damage|p1a: Rillaboom|55\/100\n|inactive|steelpupa has 240 seconds left.\n|\n|t:|1699585737\n|switch|p2b: Heatran|Heatran, M|100\/100|[from] U-turn\n|-damage|p2b: Heatran|88\/100|[from] Stealth Rock\n|move|p1b: Landorus|U-turn|p2b: Heatran\n|-resisted|p2b: Heatran\n|-damage|p2b: Heatran|85\/100\n|j| scpSeptember\n|\n|t:|1699585750\n|switch|p1b: Ogerpon|Ogerpon-Hearthflame, F|100\/100|[from] U-turn\n|-ability|p1b: Ogerpon|Mold Breaker\n|move|p1a: Rillaboom|Wood Hammer|p2a: Milotic\n|-supereffective|p2a: Milotic\n|-damage|p2a: Milotic|9\/100\n|-damage|p1a: Rillaboom|25\/100|[from] Recoil\n|move|p2a: Milotic|Coil|p2a: Milotic\n|-boost|p2a: Milotic|atk|1\n|-boost|p2a: Milotic|def|1\n|-boost|p2a: Milotic|accuracy|1\n|\n|-heal|p1a: Rillaboom|32\/100|[from] Grassy Terrain\n|-heal|p2a: Milotic|15\/100|[from] Grassy Terrain\n|-heal|p2a: Milotic|21\/100|[from] item: Leftovers\n|-heal|p2b: Heatran|91\/100|[from] Grassy Terrain\n|-heal|p2b: Heatran|97\/100|[from] item: Leftovers\n|upkeep\n|turn|3\n|j| seraphz\n|inactive|Zerotti has 210 seconds left.\n|j| GasaiiYunoSan\n|inactive|Zerotti has 180 seconds left.\n|inactive|steelpupa has 240 seconds left.\n|\n|t:|1699585806\n|switch|p1a: Landorus|Landorus-Therian, M|100\/100\n|-ability|p1a: Landorus|Intimidate|boost\n|-unboost|p2a: Milotic|atk|1\n|-ability|p2a: Milotic|Competitive|boost\n|-boost|p2a: Milotic|spa|2\n|-unboost|p2b: Heatran|atk|1\n|switch|p2a: Landorus|Landorus-Therian, M|100\/100\n|-damage|p2a: Landorus|88\/100|[from] Stealth Rock\n|-ability|p2a: Landorus|Intimidate|boost\n|-unboost|p1a: Landorus|atk|1\n|-unboost|p1b: Ogerpon|atk|1\n|move|p1b: Ogerpon|Grassy Glide|p2a: Landorus\n|-damage|p2a: Landorus|56\/100\n|move|p2b: Heatran|Heat Wave|p1a: Landorus|[spread] p1a,p1b\n|-damage|p1a: Landorus|63\/100\n|-damage|p1b: Ogerpon|57\/100\n|\n|-heal|p1b: Ogerpon|63\/100|[from] Grassy Terrain\n|-heal|p2b: Heatran|100\/100|[from] Grassy Terrain\n|upkeep\n|turn|4\n|inactive|steelpupa has 240 seconds left.\n|inactive|Zerotti has 180 seconds left.\n|l| Memoriies\n|l| GasaiiYunoSan\n|j| Memoriies\n|\n|t:|1699585848\n|switch|p2a: Milotic|Milotic, M|21\/100\n|-damage|p2a: Milotic|8\/100|[from] Stealth Rock\n|move|p1b: Ogerpon|Spiky Shield|p1b: Ogerpon\n|-singleturn|p1b: Ogerpon|move: Protect\n|move|p2b: Heatran|Protect|p2b: Heatran\n|-singleturn|p2b: Heatran|Protect\n|move|p1a: Landorus|Stomping Tantrum|p2b: Heatran\n|-activate|p2b: Heatran|move: Protect\n|\n|-heal|p1b: Ogerpon|69\/100|[from] Grassy Terrain\n|-heal|p2a: Milotic|14\/100|[from] Grassy Terrain\n|-heal|p2a: Milotic|21\/100|[from] item: Leftovers\n|upkeep\n|turn|5\n|inactive|Zerotti has 180 seconds left.\n|l| seraphz\n|inactive|steelpupa has 210 seconds left.\n|j| Fakee\n|\n|t:|1699585890\n|switch|p2b: Dragonite|Dragonite, M|100\/100\n|-damage|p2b: Dragonite|76\/100|[from] Stealth Rock\n|move|p1b: Ogerpon|Grassy Glide|p2a: Milotic\n|-supereffective|p2a: Milotic\n|-damage|p2a: Milotic|0 fnt\n|faint|p2a: Milotic\n|move|p1a: Landorus|Stomping Tantrum|p2b: Dragonite\n|-immune|p2b: Dragonite\n|\n|-heal|p1b: Ogerpon|75\/100|[from] Grassy Terrain\n|-fieldend|move: Grassy Terrain\n|upkeep\n|j| GasaiiYunoSan\n|\n|t:|1699585911\n|switch|p2a: Chien-Pao|Chien-Pao|100\/100\n|-damage|p2a: Chien-Pao|76\/100|[from] Stealth Rock\n|-ability|p2a: Chien-Pao|Sword of Ruin\n|turn|6\n|inactive|Zerotti has 180 seconds left.\n|inactive|steelpupa has 180 seconds left.\n|j|+daawesomedude1 (\n|j| oh the guilt\n|\n|t:|1699585960\n|switch|p1a: Diancie|Diancie|100\/100\n|-terastallize|p2b: Dragonite|Normal\n|move|p1b: Ogerpon|Spiky Shield|p1b: Ogerpon\n|-singleturn|p1b: Ogerpon|move: Protect\n|move|p2b: Dragonite|Extreme Speed|p1b: Ogerpon\n|-activate|p1b: Ogerpon|move: Protect\n|-damage|p2b: Dragonite|63\/100|[from] Spiky Shield|[of] p1b: Ogerpon\n|move|p2a: Chien-Pao|Sucker Punch||[still]\n|-fail|p2a: Chien-Pao\n|\n|upkeep\n|turn|7\n|inactive|Zerotti has 180 seconds left.\n|inactive|steelpupa has 180 seconds left.\n|l| oh the guilt\n|l| GasaiiYunoSan\n|inactive|Zerotti has 150 seconds left.\n|\n|t:|1699586014\n|switch|p1b: Landorus|Landorus-Therian, M|63\/100\n|-ability|p1b: Landorus|Intimidate|boost\n|-unboost|p2a: Chien-Pao|atk|1\n|-fail|p2b: Dragonite|unboost|Attack|[from] ability: Inner Focus|[of] p2b: Dragonite\n|move|p2b: Dragonite|Extreme Speed|p1a: Diancie\n|-resisted|p1a: Diancie\n|-damage|p1a: Diancie|64\/100\n|move|p2a: Chien-Pao|Ice Spinner|p1a: Diancie\n|-damage|p1a: Diancie|31\/100\n|move|p1a: Diancie|Body Press|p2a: Chien-Pao\n|-supereffective|p2a: Chien-Pao\n|-damage|p2a: Chien-Pao|0 fnt\n|faint|p2a: Chien-Pao\n|\n|upkeep\n|j| Sunrose\n|inactive|steelpupa has 180 seconds left.\n|j| Toxinalpaca\n|\n|t:|1699586029\n|switch|p2a: Sinistcha|Sinistcha-Masterpiece, shiny|100\/100\n|-damage|p2a: Sinistcha|88\/100|[from] Stealth Rock\n|-heal|p2b: Dragonite|88\/100|[from] ability: Hospitality|[of] p2a: Sinistcha\n|turn|8\n|l|+daawesomedude1 (\n|j| KeanuVGC\n|l| Toxinalpaca\n|\n|t:|1699586045\n|switch|p1a: Flutter Mane|Flutter Mane|100\/100\n|-enditem|p1a: Flutter Mane|Booster Energy\n|-activate|p1a: Flutter Mane|ability: Protosynthesis|[fromitem]\n|-start|p1a: Flutter Mane|protosynthesisspe\n|move|p2b: Dragonite|Extreme Speed|p1b: Landorus\n|-damage|p1b: Landorus|0 fnt\n|faint|p1b: Landorus\n|move|p2a: Sinistcha|Matcha Gotcha|p1a: Flutter Mane\n|-damage|p1a: Flutter Mane|62\/100\n|-heal|p2a: Sinistcha|100\/100|[from] drain|[of] p1a: Flutter Mane\n|\n|upkeep\n|l| KeanuVGC\n|l| Nido-Rus\n|inactive|Zerotti has 150 seconds left.\n|j| KeanuVGC\n|\n|t:|1699586067\n|switch|p1b: Kingambit|Kingambit, M|100\/100\n|turn|9\n|j| Nido-Rus\n|inactive|steelpupa has 210 seconds left.\n|l| Eragon11145\n|j| GasaiiYunoSan\n|inactive|Zerotti has 150 seconds left.\n|\n|t:|1699586093\n|switch|p2a: Heatran|Heatran, M|100\/100\n|-damage|p2a: Heatran|88\/100|[from] Stealth Rock\n|move|p2b: Dragonite|Extreme Speed|p1b: Kingambit\n|-resisted|p1b: Kingambit\n|-damage|p1b: Kingambit|74\/100\n|move|p1a: Flutter Mane|Shadow Ball|p2a: Heatran\n|-damage|p2a: Heatran|51\/100\n|move|p1b: Kingambit|Swords Dance|p1b: Kingambit\n|-boost|p1b: Kingambit|atk|2\n|\n|-heal|p2a: Heatran|57\/100|[from] item: Leftovers\n|upkeep\n|turn|10\n|inactive|Zerotti has 150 seconds left.\n|inactive|steelpupa has 210 seconds left.\n|\n|t:|1699586144\n|switch|p2b: Sinistcha|Sinistcha-Masterpiece, shiny|100\/100\n|-damage|p2b: Sinistcha|88\/100|[from] Stealth Rock\n|-heal|p2a: Heatran|82\/100|[from] ability: Hospitality|[of] p2b: Sinistcha\n|move|p2a: Heatran|Protect|p2a: Heatran\n|-singleturn|p2a: Heatran|Protect\n|move|p1b: Kingambit|Sucker Punch||[still]\n|-fail|p1b: Kingambit\n|move|p1a: Flutter Mane|Shadow Ball|p2a: Heatran\n|-activate|p2a: Heatran|move: Protect\n|\n|-heal|p2a: Heatran|88\/100|[from] item: Leftovers\n|-heal|p2b: Sinistcha|94\/100|[from] item: Leftovers\n|upkeep\n|turn|11\n|l| KeanuVGC\n|inactive|Zerotti has 150 seconds left.\n|j| KeanuVGC\n|inactive|steelpupa has 180 seconds left.\n|inactive|Zerotti has 120 seconds left.\n|l| Memoriies\n|j| Memoriies\n|\n|t:|1699586210\n|-terastallize|p1b: Kingambit|Fire\n|move|p1a: Flutter Mane|Protect|p1a: Flutter Mane\n|-singleturn|p1a: Flutter Mane|Protect\n|move|p2a: Heatran|Heat Wave|p1b: Kingambit|[spread] p1b\n|-activate|p1a: Flutter Mane|move: Protect\n|-resisted|p1b: Kingambit\n|-damage|p1b: Kingambit|53\/100\n|move|p1b: Kingambit|Kowtow Cleave|p2b: Sinistcha\n|-supereffective|p2b: Sinistcha\n|-damage|p2b: Sinistcha|0 fnt\n|faint|p2b: Sinistcha\n|\n|-heal|p2a: Heatran|94\/100|[from] item: Leftovers\n|upkeep\n|\n|t:|1699586220\n|switch|p2b: Dragonite|Dragonite, M, tera:Normal|88\/100\n|-damage|p2b: Dragonite|76\/100|[from] Stealth Rock\n|turn|12\n|inactive|Zerotti has 120 seconds left.\n|l| KeanuVGC\n|inactive|Zerotti has 90 seconds left.\n|\n|t:|1699586278\n|-end|p1a: Flutter Mane|Protosynthesis|[silent]\n|switch|p1a: Rillaboom|Rillaboom, F|32\/100\n|-fieldstart|move: Grassy Terrain|[from] ability: Grassy Surge|[of] p1a: Rillaboom\n|-enditem|p1b: Kingambit|Grassy Seed\n|-boost|p1b: Kingambit|def|1|[from] item: Grassy Seed\n|move|p1b: Kingambit|Protect|p1b: Kingambit\n|-singleturn|p1b: Kingambit|Protect\n|move|p2b: Dragonite|Extreme Speed|p1b: Kingambit\n|-activate|p1b: Kingambit|move: Protect\n|move|p2a: Heatran|Heat Wave|p1a: Rillaboom|[spread] p1a\n|-activate|p1b: Kingambit|move: Protect\n|-supereffective|p1a: Rillaboom\n|-damage|p1a: Rillaboom|0 fnt\n|faint|p1a: Rillaboom\n|\n|-heal|p2b: Dragonite|82\/100|[from] Grassy Terrain\n|-heal|p2a: Heatran|100\/100|[from] Grassy Terrain\n|-heal|p1b: Kingambit|60\/100|[from] Grassy Terrain\n|upkeep\n|j| KeanuVGC\n|inactive|Zerotti has 60 seconds left.\n|inactiveoff|Battle timer is now OFF.\n|l| Nido-Rus\n|j| Nido-Rus\n|\n|t:|1699586384\n|switch|p1a: Ogerpon|Ogerpon-Hearthflame, F|75\/100\n|-ability|p1a: Ogerpon|Mold Breaker\n|turn|13\n|l| Memoriies\n|j| Memoriies\n|\n|t:|1699586434\n|move|p2b: Dragonite|Extreme Speed|p1b: Kingambit\n|-damage|p1b: Kingambit|26\/100\n|move|p1b: Kingambit|Sucker Punch||[still]\n|-fail|p1b: Kingambit\n|move|p1a: Ogerpon|Ivy Cudgel|p2a: Heatran\n|-damage|p2a: Heatran|50\/100\n|move|p2a: Heatran|Substitute|p2a: Heatran\n|-start|p2a: Heatran|Substitute\n|-damage|p2a: Heatran|26\/100\n|\n|-heal|p1a: Ogerpon|81\/100|[from] Grassy Terrain\n|-heal|p2b: Dragonite|88\/100|[from] Grassy Terrain\n|-heal|p2a: Heatran|32\/100|[from] Grassy Terrain\n|-heal|p2a: Heatran|38\/100|[from] item: Leftovers\n|-heal|p1b: Kingambit|32\/100|[from] Grassy Terrain\n|upkeep\n|turn|14\n|j| Eragon11145\n|\n|t:|1699586481\n|move|p1a: Ogerpon|Spiky Shield|p1a: Ogerpon\n|-singleturn|p1a: Ogerpon|move: Protect\n|move|p2a: Heatran|Protect|p2a: Heatran\n|-singleturn|p2a: Heatran|Protect\n|move|p1b: Kingambit|Protect|p1b: Kingambit\n|-singleturn|p1b: Kingambit|Protect\n|move|p2b: Dragonite|Extreme Speed|p1a: Ogerpon\n|-activate|p1a: Ogerpon|move: Protect\n|-damage|p2b: Dragonite|76\/100|[from] Spiky Shield|[of] p1a: Ogerpon\n|\n|-heal|p1a: Ogerpon|87\/100|[from] Grassy Terrain\n|-heal|p2b: Dragonite|82\/100|[from] Grassy Terrain\n|-heal|p2a: Heatran|44\/100|[from] Grassy Terrain\n|-heal|p2a: Heatran|50\/100|[from] item: Leftovers\n|-heal|p1b: Kingambit|38\/100|[from] Grassy Terrain\n|upkeep\n|turn|15\n|j| Nine Schmeckles\n|l| tianlengmeihou\n|j| tianlengmeihou\n|l| Sunrose\n|j|+zoe\n|j| Sunrose\n|c| Memoriies|time\n|\n|t:|1699586589\n|move|p2b: Dragonite|Extreme Speed|p1a: Ogerpon\n|-damage|p1a: Ogerpon|8\/100\n|move|p1a: Ogerpon|Ivy Cudgel|p2a: Heatran\n|-crit|p2a: Heatran\n|-end|p2a: Heatran|Substitute\n|move|p2a: Heatran|Earth Power|p1b: Kingambit\n|-supereffective|p1b: Kingambit\n|-damage|p1b: Kingambit|0 fnt\n|faint|p1b: Kingambit\n|\n|-heal|p1a: Ogerpon|14\/100|[from] Grassy Terrain\n|-heal|p2b: Dragonite|88\/100|[from] Grassy Terrain\n|-heal|p2a: Heatran|57\/100|[from] Grassy Terrain\n|-heal|p2a: Heatran|63\/100|[from] item: Leftovers\n|upkeep\n|l| Memoriies\n|j| qsns\n|l| scpSeptember\n|j| Memoriies\n|j| scpSeptember\n|\n|t:|1699586643\n|switch|p1b: Flutter Mane|Flutter Mane|62\/100\n|turn|16\n|l| Fakee\n|l| Memoriies\n|j| Memoriies\n|j| Xrn\n|\n|t:|1699586675\n|switch|p2b: Landorus|Landorus-Therian, M|56\/100\n|-damage|p2b: Landorus|43\/100|[from] Stealth Rock\n|-ability|p2b: Landorus|Intimidate|boost\n|-unboost|p1a: Ogerpon|atk|1\n|-unboost|p1b: Flutter Mane|atk|1\n|move|p1a: Ogerpon|Spiky Shield|p1a: Ogerpon\n|-singleturn|p1a: Ogerpon|move: Protect\n|move|p2a: Heatran|Protect|p2a: Heatran\n|-singleturn|p2a: Heatran|Protect\n|move|p1b: Flutter Mane|Shadow Ball|p2a: Heatran\n|-activate|p2a: Heatran|move: Protect\n|\n|-heal|p1b: Flutter Mane|68\/100|[from] Grassy Terrain\n|-heal|p1a: Ogerpon|20\/100|[from] Grassy Terrain\n|-heal|p2a: Heatran|69\/100|[from] Grassy Terrain\n|-heal|p2a: Heatran|75\/100|[from] item: Leftovers\n|-fieldend|move: Grassy Terrain\n|upkeep\n|turn|17\n|l| Eragon11145\n|l| tianlengmeihou\n|j| Eragon11145\n|\n|t:|1699586697\n|switch|p1a: Diancie|Diancie|31\/100\n|move|p1b: Flutter Mane|Icy Wind|p2b: Landorus|[spread] p2a,p2b\n|-resisted|p2a: Heatran\n|-supereffective|p2b: Landorus\n|-damage|p2a: Heatran|73\/100\n|-damage|p2b: Landorus|9\/100\n|-unboost|p2a: Heatran|spe|1\n|-unboost|p2b: Landorus|spe|1\n|move|p2b: Landorus|Rock Slide|p1b: Flutter Mane|[spread] p1a,p1b\n|-damage|p1a: Diancie|15\/100\n|-damage|p1b: Flutter Mane|35\/100\n|move|p2a: Heatran|Heat Wave|p1a: Diancie|[spread] p1b\n|-miss|p2a: Heatran|p1a: Diancie\n|-damage|p1b: Flutter Mane|0 fnt\n|faint|p1b: Flutter Mane\n|-end|p1b: Flutter Mane|Protosynthesis|[silent]\n|\n|-heal|p2a: Heatran|79\/100|[from] item: Leftovers\n|upkeep\n|l| Smudge\n|j| Smudge\n|j| tianlengmeihou\n|\n|t:|1699586731\n|switch|p1b: Ogerpon|Ogerpon-Hearthflame, F|20\/100\n|-ability|p1b: Ogerpon|Mold Breaker\n|turn|18\n|l| KeanuVGC\n|\n|t:|1699586766\n|move|p2a: Heatran|Protect|p2a: Heatran\n|-singleturn|p2a: Heatran|Protect\n|move|p1b: Ogerpon|Ivy Cudgel|p2b: Landorus\n|-damage|p2b: Landorus|0 fnt\n|faint|p2b: Landorus\n|move|p1a: Diancie|Body Press|p2a: Heatran\n|-activate|p2a: Heatran|move: Protect\n|\n|-heal|p2a: Heatran|85\/100|[from] item: Leftovers\n|upkeep\n|\n|t:|1699586773\n|switch|p2b: Dragonite|Dragonite, M, tera:Normal|88\/100\n|-damage|p2b: Dragonite|76\/100|[from] Stealth Rock\n|turn|19\n|j|+daawesomedude1 (\n|\n|t:|1699586811\n|move|p1b: Ogerpon|Spiky Shield|p1b: Ogerpon\n|-singleturn|p1b: Ogerpon|move: Protect\n|move|p2b: Dragonite|Stomping Tantrum|p1a: Diancie\n|-supereffective|p1a: Diancie\n|-damage|p1a: Diancie|0 fnt\n|faint|p1a: Diancie\n|move|p2a: Heatran|Earth Power|p1b: Ogerpon\n|-activate|p1b: Ogerpon|move: Protect\n|\n|-heal|p2a: Heatran|91\/100|[from] item: Leftovers\n|upkeep\n|turn|20\n|l| Eragon11145\n|l| tianlengmeihou\n|\n|t:|1699586827\n|move|p1b: Ogerpon|Ivy Cudgel|p2a: Heatran\n|-crit|p2a: Heatran\n|-damage|p2a: Heatran|11\/100\n|move|p2b: Dragonite|Stomping Tantrum|p1b: Ogerpon\n|-crit|p1b: Ogerpon\n|-damage|p1b: Ogerpon|0 fnt\n|faint|p1b: Ogerpon\n|\n|win|steelpupa\n|c|\u2606steelpupa|gg\n|l|+zoe\n|c|\u2606Zerotti|GG\n|l| R4ye\n|j| Eragon11145\n|l| Nido-Rus\n|l| qsns\n|j| AIRedzone\n|l| Sunrose\n|l| Eragon11145\n|l| AIRedzone\n|l| scpSeptember\n|l| Memoriies\n|l|+daawesomedude1 (\n|l| pudim31\n|l| GasaiiYunoSan\n|l| Smudge\n|l|+edgar\n","uploadtime":1699586835,"views":161,"p1id":"zerotti","p2id":"steelpupa","formatid":"gen9doublesou","rating":0,"private":0,"password":""}