{"id":"gen9doublesou-1995202432","p1":"how much luck","p2":"mooooooomooooomooo","format":"[Gen 9] Doubles OU","log":"|j|\u2606how much luck\n|j|\u2606mooooooomooooomooo\n|t:|1700534096\n|gametype|doubles\n|player|p1|how much luck|swimmerf-gen4|1023\n|player|p2|mooooooomooooomooo|101|1012\n|teamsize|p1|6\n|teamsize|p2|6\n|gen|9\n|tier|[Gen 9] Doubles OU\n|rated|\n|rule|Species Clause: Limit one of each Pok\u00e9mon\n|rule|OHKO Clause: OHKO moves are banned\n|rule|Evasion Moves Clause: Evasion moves are banned\n|rule|Gravity Sleep Clause: The combination of sleep-inducing moves with imperfect accuracy and Gravity or Gigantamax Orbeetle are banned\n|rule|Endless Battle Clause: Forcing endless battles is banned\n|rule|HP Percentage Mod: HP is shown in percentages\n|clearpoke\n|poke|p1|Slaking, F|\n|poke|p1|Medicham, F|\n|poke|p1|Jumpluff, M|\n|poke|p1|Flutter Mane|\n|poke|p1|Landorus-Therian, M|\n|poke|p1|Cresselia, F|\n|poke|p2|Chien-Pao|\n|poke|p2|Murkrow, M|\n|poke|p2|Flutter Mane|\n|poke|p2|Baxcalibur, M|\n|poke|p2|Ceruledge, F|\n|poke|p2|Maushold-Four|\n|teampreview\n|inactive|Battle timer is ON: inactive players will automatically lose when time's up. (requested by how much luck)\n|\n|t:|1700534105\n|start\n|switch|p1a: Landorus|Landorus-Therian, M|100\/100\n|switch|p1b: Medicham|Medicham, F|100\/100\n|switch|p2a: Chien-Pao|Chien-Pao|100\/100\n|switch|p2b: Murkrow|Murkrow, M|100\/100\n|-ability|p2a: Chien-Pao|Sword of Ruin\n|-ability|p1a: Landorus|Intimidate|boost\n|-unboost|p2a: Chien-Pao|atk|1\n|-unboost|p2b: Murkrow|atk|1\n|turn|1\n|\n|t:|1700534122\n|-terastallize|p1a: Landorus|Rock\n|move|p2b: Murkrow|Tailwind|p2b: Murkrow\n|-sidestart|p2: mooooooomooooomooo|move: Tailwind\n|move|p2a: Chien-Pao|Dark Pulse|p1b: Medicham\n|-damage|p1b: Medicham|67\/100\n|cant|p1b: Medicham|flinch\n|move|p1a: Landorus|Rock Slide|p2a: Chien-Pao|[spread] p2a,p2b\n|-supereffective|p2a: Chien-Pao\n|-supereffective|p2b: Murkrow\n|-damage|p2a: Chien-Pao|0 fnt\n|-enditem|p2b: Murkrow|Focus Sash\n|-damage|p2b: Murkrow|1\/100\n|faint|p2a: Chien-Pao\n|-damage|p1a: Landorus|91\/100|[from] item: Life Orb\n|\n|upkeep\n|\n|t:|1700534137\n|switch|p2a: Flutter Mane|Flutter Mane|100\/100\n|turn|2\n|\n|t:|1700534147\n|move|p2a: Flutter Mane|Dazzling Gleam|p1b: Medicham|[spread] p1a,p1b\n|-supereffective|p1b: Medicham\n|-damage|p1a: Landorus|51\/100\n|-damage|p1b: Medicham|0 fnt\n|faint|p1b: Medicham\n|move|p2b: Murkrow|Brave Bird|p1a: Landorus\n|-resisted|p1a: Landorus\n|-damage|p1a: Landorus|37\/100\n|-damage|p2b: Murkrow|0 fnt|[from] Recoil\n|faint|p2b: Murkrow\n|move|p1a: Landorus|Rock Slide|p2a: Flutter Mane\n|-damage|p2a: Flutter Mane|0 fnt\n|faint|p2a: Flutter Mane\n|-end|p2a: Flutter Mane|Protosynthesis|[silent]\n|-damage|p1a: Landorus|27\/100|[from] item: Life Orb\n|\n|upkeep\n|\n|t:|1700534165\n|switch|p2a: Baxcalibur|Baxcalibur, M|100\/100\n|switch|p1b: Jumpluff|Jumpluff, M|100\/100\n|switch|p2b: Maushold|Maushold-Four|100\/100\n|turn|3\n|\n|t:|1700534186\n|-terastallize|p2a: Baxcalibur|Electric\n|move|p2b: Maushold|Protect|p2b: Maushold\n|-singleturn|p2b: Maushold|Protect\n|move|p1b: Jumpluff|Rage Powder|p1b: Jumpluff\n|-singleturn|p1b: Jumpluff|move: Rage Powder\n|move|p2a: Baxcalibur|Thunder Fang|p1b: Jumpluff\n|-damage|p1b: Jumpluff|44\/100\n|-damage|p2a: Baxcalibur|91\/100|[from] item: Life Orb\n|move|p1a: Landorus|Rock Slide|p2b: Maushold|[spread] p2a\n|-activate|p2b: Maushold|move: Protect\n|-damage|p2a: Baxcalibur|56\/100\n|-damage|p1a: Landorus|17\/100|[from] item: Life Orb\n|\n|-heal|p1b: Jumpluff|50\/100|[from] item: Leftovers\n|upkeep\n|turn|4\n|\n|t:|1700534206\n|move|p1b: Jumpluff|Rage Powder|p1b: Jumpluff\n|-singleturn|p1b: Jumpluff|move: Rage Powder\n|move|p2b: Maushold|Population Bomb|p1b: Jumpluff\n|-damage|p1b: Jumpluff|39\/100\n|-damage|p1b: Jumpluff|28\/100\n|-damage|p1b: Jumpluff|19\/100\n|-damage|p1b: Jumpluff|8\/100\n|-damage|p1b: Jumpluff|0 fnt\n|faint|p1b: Jumpluff\n|-hitcount|p1: Jumpluff|5\n|move|p2a: Baxcalibur|Thunder Fang|p1a: Landorus\n|-damage|p1a: Landorus|0 fnt\n|faint|p1a: Landorus\n|-damage|p2a: Baxcalibur|46\/100|[from] item: Life Orb\n|\n|-sideend|p2: mooooooomooooomooo|move: Tailwind\n|upkeep\n|\n|t:|1700534214\n|switch|p1a: Slaking|Slaking, F|100\/100\n|switch|p1b: Cresselia|Cresselia, F|100\/100\n|turn|5\n|\n|t:|1700534233\n|move|p1b: Cresselia|Helping Hand|p1a: Slaking\n|-singleturn|p1a: Slaking|Helping Hand|[of] p1b: Cresselia\n|move|p1a: Slaking|Earthquake|p2b: Maushold|[spread] p2a,p2b\n|-immune|p1b: Cresselia|[from] ability: Levitate\n|-supereffective|p2a: Baxcalibur\n|-damage|p2a: Baxcalibur|0 fnt\n|-damage|p2b: Maushold|43\/100\n|faint|p2a: Baxcalibur\n|move|p2b: Maushold|Population Bomb|p1a: Slaking\n|-damage|p1a: Slaking|94\/100\n|-damage|p1a: Slaking|88\/100\n|-damage|p1a: Slaking|82\/100\n|-damage|p1a: Slaking|75\/100\n|-damage|p1a: Slaking|68\/100\n|-damage|p1a: Slaking|62\/100\n|-damage|p1a: Slaking|55\/100\n|-damage|p1a: Slaking|49\/100\n|-damage|p1a: Slaking|43\/100\n|-damage|p1a: Slaking|37\/100\n|-hitcount|p1a: Slaking|10\n|\n|-heal|p1a: Slaking|43\/100|[from] item: Leftovers\n|upkeep\n|inactive|mooooooomooooomooo has 120 seconds left.\n|\n|t:|1700534255\n|switch|p2a: Ceruledge|Ceruledge, F|100\/100\n|turn|6\n|\n|t:|1700534262\n|move|p1b: Cresselia|Protect|p1b: Cresselia\n|-singleturn|p1b: Cresselia|Protect\n|cant|p1a: Slaking|ability: Truant\n|move|p2b: Maushold|Population Bomb|p1b: Cresselia\n|-activate|p1b: Cresselia|move: Protect\n|move|p2a: Ceruledge|Close Combat|p1a: Slaking\n|-supereffective|p1a: Slaking\n|-damage|p1a: Slaking|0 fnt\n|-unboost|p2a: Ceruledge|def|1\n|-unboost|p2a: Ceruledge|spd|1\n|faint|p1a: Slaking\n|\n|upkeep\n|\n|t:|1700534272\n|switch|p1a: Flutter Mane|Flutter Mane|100\/100\n|-enditem|p1a: Flutter Mane|Booster Energy\n|-activate|p1a: Flutter Mane|ability: Protosynthesis|[fromitem]\n|-start|p1a: Flutter Mane|protosynthesisspe\n|turn|7\n|\n|t:|1700534288\n|move|p1a: Flutter Mane|Protect|p1a: Flutter Mane\n|-singleturn|p1a: Flutter Mane|Protect\n|move|p2b: Maushold|Protect|p2b: Maushold\n|-singleturn|p2b: Maushold|Protect\n|move|p2a: Ceruledge|Close Combat|p1b: Cresselia\n|-resisted|p1b: Cresselia\n|-damage|p1b: Cresselia|88\/100\n|-unboost|p2a: Ceruledge|def|1\n|-unboost|p2a: Ceruledge|spd|1\n|move|p1b: Cresselia|Icy Wind|p2b: Maushold|[spread] p2a\n|-activate|p2b: Maushold|move: Protect\n|-resisted|p2a: Ceruledge\n|-damage|p2a: Ceruledge|94\/100\n|-unboost|p2a: Ceruledge|spe|1\n|\n|-heal|p1b: Cresselia|94\/100|[from] item: Leftovers\n|upkeep\n|turn|8\n|\n|t:|1700534309\n|move|p1a: Flutter Mane|Shadow Ball|p2a: Ceruledge\n|-supereffective|p2a: Ceruledge\n|-damage|p2a: Ceruledge|0 fnt\n|faint|p2a: Ceruledge\n|move|p2b: Maushold|Population Bomb|p1a: Flutter Mane\n|-immune|p1a: Flutter Mane\n|move|p1b: Cresselia|Icy Wind|p2b: Maushold\n|-damage|p2b: Maushold|31\/100\n|-unboost|p2b: Maushold|spe|1\n|\n|-heal|p1b: Cresselia|99\/100|[from] item: Leftovers\n|upkeep\n|turn|9\n|\n|t:|1700534323\n|move|p1a: Flutter Mane|Icy Wind|p2b: Maushold\n|-damage|p2b: Maushold|7\/100\n|-unboost|p2b: Maushold|spe|1\n|move|p1b: Cresselia|Icy Wind|p2b: Maushold\n|-crit|p2b: Maushold\n|-damage|p2b: Maushold|0 fnt\n|faint|p2b: Maushold\n|\n|win|how much luck\n|raw|how much luck's rating: 1023 &rarr; <strong>1058<\/strong><br \/>(+35 for winning)\n|raw|mooooooomooooomooo's rating: 1012 &rarr; <strong>1001<\/strong><br \/>(-11 for losing)\n","uploadtime":1700534330,"views":13,"p1id":"howmuchluck","p2id":"mooooooomooooomooo","formatid":"gen9doublesou","rating":1001,"private":0,"password":""}