{"id":"gen9doublesou-1971560572","p1":"Okayyyyletsgo","p2":"ChimeBliss","format":"[Gen 9] Doubles OU","log":"|j|\u2606Okayyyyletsgo\n|j|\u2606ChimeBliss\n|t:|1697748466\n|gametype|doubles\n|player|p1|Okayyyyletsgo|shadowtriad|1104\n|player|p2|ChimeBliss|bianca|1201\n|teamsize|p1|6\n|teamsize|p2|6\n|gen|9\n|tier|[Gen 9] Doubles OU\n|rated|\n|rule|Species Clause: Limit one of each Pok\u00e9mon\n|rule|OHKO Clause: OHKO moves are banned\n|rule|Evasion Moves Clause: Evasion moves are banned\n|rule|Gravity Sleep Clause: The combination of sleep-inducing moves with imperfect accuracy and Gravity or Gigantamax Orbeetle are banned\n|rule|Endless Battle Clause: Forcing endless battles is banned\n|rule|HP Percentage Mod: HP is shown in percentages\n|clearpoke\n|poke|p1|Farigiraf, F|\n|poke|p1|Indeedee-F, F|\n|poke|p1|Torkoal, F|\n|poke|p1|Lurantis, M|\n|poke|p1|Glastrier|\n|poke|p1|Sylveon, F|\n|poke|p2|Tornadus, M|\n|poke|p2|Iron Hands|\n|poke|p2|Rillaboom, F|\n|poke|p2|Flutter Mane|\n|poke|p2|Ogerpon-Hearthflame, F|\n|poke|p2|Heatran, M|\n|teampreview\n|inactive|Battle timer is ON: inactive players will automatically lose when time's up. (requested by Okayyyyletsgo)\n|inactive|ChimeBliss has 120 seconds left.\n|\n|t:|1697748497\n|start\n|switch|p1a: Farigiraf|Farigiraf, F|100\/100\n|switch|p1b: Glastrier|Glastrier|100\/100\n|switch|p2a: Rillaboom|Rillaboom, F|100\/100\n|switch|p2b: Heatran|Heatran, M|100\/100\n|-fieldstart|move: Grassy Terrain|[from] ability: Grassy Surge|[of] p2a: Rillaboom\n|turn|1\n|inactive|ChimeBliss has 120 seconds left.\n|\n|t:|1697748543\n|-terastallize|p2b: Heatran|Fairy\n|-terastallize|p1b: Glastrier|Fighting\n|move|p2b: Heatran|Flash Cannon|p1b: Glastrier\n|-damage|p1b: Glastrier|74\/100\n|move|p2a: Rillaboom|U-turn|p1a: Farigiraf\n|-supereffective|p1a: Farigiraf\n|-crit|p1a: Farigiraf\n|-damage|p1a: Farigiraf|24\/100\n|\n|t:|1697748556\n|switch|p2a: Ogerpon|Ogerpon-Hearthflame, F|100\/100|[from] U-turn\n|-ability|p2a: Ogerpon|Mold Breaker\n|move|p1b: Glastrier|High Horsepower|p2b: Heatran\n|-damage|p2b: Heatran|66\/100\n|move|p1a: Farigiraf|Trick Room|p1a: Farigiraf\n|-fieldstart|move: Trick Room|[of] p1a: Farigiraf\n|\n|-heal|p1b: Glastrier|80\/100|[from] Grassy Terrain\n|-heal|p1a: Farigiraf|30\/100|[from] Grassy Terrain\n|-heal|p2b: Heatran|72\/100|[from] Grassy Terrain\n|upkeep\n|turn|2\n|inactive|ChimeBliss has 120 seconds left.\n|\n|t:|1697748582\n|move|p2a: Ogerpon|Spiky Shield|p2a: Ogerpon\n|-singleturn|p2a: Ogerpon|move: Protect\n|move|p1b: Glastrier|Heavy Slam|p2b: Heatran\n|-supereffective|p2b: Heatran\n|-crit|p2b: Heatran\n|-damage|p2b: Heatran|25\/100\n|move|p1a: Farigiraf|Hyper Voice|p2b: Heatran|[spread] p2b\n|-activate|p2a: Ogerpon|move: Protect\n|-damage|p2b: Heatran|8\/100\n|move|p2b: Heatran|Tera Blast|p1b: Glastrier|[anim] Tera Blast Fairy\n|-supereffective|p1b: Glastrier\n|-damage|p1b: Glastrier|32\/100\n|\n|-heal|p1b: Glastrier|38\/100|[from] Grassy Terrain\n|-heal|p1a: Farigiraf|36\/100|[from] Grassy Terrain\n|-heal|p2b: Heatran|14\/100|[from] Grassy Terrain\n|upkeep\n|turn|3\n|inactive|ChimeBliss has 120 seconds left.\n|\n|t:|1697748609\n|switch|p2b: Iron Hands|Iron Hands|100\/100\n|move|p1b: Glastrier|High Horsepower|p2b: Iron Hands\n|-supereffective|p2b: Iron Hands\n|-damage|p2b: Iron Hands|48\/100\n|-enditem|p2b: Iron Hands|Sitrus Berry|[eat]\n|-heal|p2b: Iron Hands|73\/100|[from] item: Sitrus Berry\n|move|p1a: Farigiraf|Hyper Voice|p2b: Iron Hands|[spread] p2a,p2b\n|-damage|p2a: Ogerpon|66\/100\n|-damage|p2b: Iron Hands|49\/100\n|move|p2a: Ogerpon|Ivy Cudgel|p1b: Glastrier\n|-damage|p1b: Glastrier|0 fnt\n|faint|p1b: Glastrier\n|\n|-heal|p1a: Farigiraf|42\/100|[from] Grassy Terrain\n|-heal|p2b: Iron Hands|55\/100|[from] Grassy Terrain\n|-heal|p2a: Ogerpon|72\/100|[from] Grassy Terrain\n|upkeep\n|\n|t:|1697748616\n|switch|p1b: Sylveon|Sylveon, F|100\/100\n|turn|4\n|\n|t:|1697748637\n|move|p2b: Iron Hands|Protect|p2b: Iron Hands\n|-singleturn|p2b: Iron Hands|Protect\n|move|p1a: Farigiraf|Ally Switch|p1a: Farigiraf\n|swap|p1a: Farigiraf|1|[from] move: Ally Switch\n|move|p1a: Sylveon|Calm Mind|p1a: Sylveon\n|-boost|p1a: Sylveon|spa|1\n|-boost|p1a: Sylveon|spd|1\n|move|p2a: Ogerpon|Ivy Cudgel|p1a: Sylveon\n|-damage|p1a: Sylveon|15\/100\n|\n|-heal|p1a: Sylveon|21\/100|[from] Grassy Terrain\n|-heal|p1b: Farigiraf|48\/100|[from] Grassy Terrain\n|-heal|p2b: Iron Hands|62\/100|[from] Grassy Terrain\n|-heal|p2a: Ogerpon|78\/100|[from] Grassy Terrain\n|upkeep\n|turn|5\n|\n|t:|1697748656\n|-end|p2b: Iron Hands|Quark Drive|[silent]\n|switch|p2b: Heatran|Heatran, M, tera:Fairy|14\/100\n|move|p2a: Ogerpon|Spiky Shield|p2a: Ogerpon\n|-singleturn|p2a: Ogerpon|move: Protect\n|move|p1a: Sylveon|Hyper Voice|p2b: Heatran|[spread] p2b\n|-activate|p2a: Ogerpon|move: Protect\n|-damage|p2b: Heatran|0 fnt\n|faint|p2b: Heatran\n|move|p1b: Farigiraf|Hyper Voice|p2a: Ogerpon\n|-activate|p2a: Ogerpon|move: Protect\n|\n|-heal|p1a: Sylveon|27\/100|[from] Grassy Terrain\n|-heal|p1b: Farigiraf|54\/100|[from] Grassy Terrain\n|-heal|p2a: Ogerpon|84\/100|[from] Grassy Terrain\n|-fieldend|move: Trick Room\n|-fieldend|move: Grassy Terrain\n|upkeep\n|\n|t:|1697748672\n|switch|p2b: Flutter Mane|Flutter Mane|100\/100\n|turn|6\n|\n|t:|1697748681\n|move|p1a: Sylveon|Detect|p1a: Sylveon\n|-singleturn|p1a: Sylveon|Protect\n|move|p2b: Flutter Mane|Moonblast|p1a: Sylveon\n|-activate|p1a: Sylveon|move: Protect\n|move|p2a: Ogerpon|Ivy Cudgel|p1b: Farigiraf\n|-damage|p1b: Farigiraf|0 fnt\n|faint|p1b: Farigiraf\n|\n|upkeep\n|\n|t:|1697748691\n|switch|p1b: Indeedee|Indeedee-F, F|100\/100\n|-fieldstart|move: Psychic Terrain|[from] ability: Psychic Surge|[of] p1b: Indeedee\n|-enditem|p1b: Indeedee|Psychic Seed\n|-boost|p1b: Indeedee|spd|1|[from] item: Psychic Seed\n|turn|7\n|\n|t:|1697748700\n|move|p1b: Indeedee|Follow Me|p1b: Indeedee\n|-singleturn|p1b: Indeedee|move: Follow Me\n|move|p2b: Flutter Mane|Moonblast|p1b: Indeedee\n|-damage|p1b: Indeedee|61\/100\n|move|p2a: Ogerpon|Ivy Cudgel|p1b: Indeedee\n|-damage|p1b: Indeedee|0 fnt\n|faint|p1b: Indeedee\n|move|p1a: Sylveon|Hyper Voice|p2a: Ogerpon|[spread] p2a,p2b\n|-resisted|p2a: Ogerpon\n|-damage|p2a: Ogerpon|46\/100\n|-damage|p2b: Flutter Mane|39\/100\n|\n|upkeep\n|\n|t:|1697748724\n|switch|p1b: Lurantis|Lurantis, M|100\/100\n|turn|8\n|\n|t:|1697748751\n|move|p1a: Sylveon|Detect|p1a: Sylveon\n|-singleturn|p1a: Sylveon|Protect\n|move|p2b: Flutter Mane|Moonblast|p1a: Sylveon\n|-activate|p1a: Sylveon|move: Protect\n|move|p2a: Ogerpon|Ivy Cudgel|p1b: Lurantis\n|-supereffective|p1b: Lurantis\n|-damage|p1b: Lurantis|0 fnt\n|faint|p1b: Lurantis\n|\n|upkeep\n|\n|t:|1697748753\n|switch|p1b: Torkoal|Torkoal, F|100\/100\n|-weather|SunnyDay|[from] ability: Drought|[of] p1b: Torkoal\n|-activate|p2b: Flutter Mane|ability: Protosynthesis\n|-start|p2b: Flutter Mane|protosynthesisspa\n|turn|9\n|-message|Okayyyyletsgo forfeited.\n|\n|win|ChimeBliss\n|raw|Okayyyyletsgo's rating: 1104 &rarr; <strong>1086<\/strong><br \/>(-18 for losing)\n|raw|ChimeBliss's rating: 1201 &rarr; <strong>1219<\/strong><br \/>(+18 for winning)\n|l|\u2606Okayyyyletsgo\n","uploadtime":1697748793,"views":10,"p1id":"okayyyyletsgo","p2id":"chimebliss","formatid":"gen9doublesou","rating":1086,"private":0,"password":""}