{"id":"gen9doublesou-1981388483","p1":"Haneoka_Meimi","p2":"Agemmonz?","format":"[Gen 9] Doubles OU","log":"|j|\u2606Haneoka_Meimi\n|j|\u2606Agemmonz?\n|t:|1698890353\n|gametype|doubles\n|player|p1|Haneoka_Meimi|2|1406\n|player|p2|Agemmonz?|fisherman-gen4|1376\n|teamsize|p1|6\n|teamsize|p2|6\n|gen|9\n|tier|[Gen 9] Doubles OU\n|rated|\n|rule|Species Clause: Limit one of each Pok\u00e9mon\n|rule|OHKO Clause: OHKO moves are banned\n|rule|Evasion Moves Clause: Evasion moves are banned\n|rule|Gravity Sleep Clause: The combination of sleep-inducing moves with imperfect accuracy and Gravity or Gigantamax Orbeetle are banned\n|rule|Endless Battle Clause: Forcing endless battles is banned\n|rule|HP Percentage Mod: HP is shown in percentages\n|clearpoke\n|poke|p1|Tornadus, M|\n|poke|p1|Ursaluna-Bloodmoon, M|\n|poke|p1|Chi-Yu|\n|poke|p1|Iron Hands|\n|poke|p1|Armarouge, M|\n|poke|p1|Indeedee-F, F|\n|poke|p2|Landorus-Therian, M|\n|poke|p2|Cresselia, F|\n|poke|p2|Ursaluna-Bloodmoon, M|\n|poke|p2|Amoonguss, F|\n|poke|p2|Flutter Mane|\n|poke|p2|Chien-Pao|\n|teampreview\n|inactive|Battle timer is ON: inactive players will automatically lose when time's up. (requested by Agemmonz?)\n|\n|t:|1698890365\n|start\n|switch|p1a: Indeedee|Indeedee-F, F|100\/100\n|switch|p1b: Armarouge|Armarouge, M|100\/100\n|switch|p2a: Landorus|Landorus-Therian, M, shiny|100\/100\n|switch|p2b: Cresselia|Cresselia, F, shiny|100\/100\n|-ability|p2a: Landorus|Intimidate|boost\n|-unboost|p1a: Indeedee|atk|1\n|-unboost|p1b: Armarouge|atk|1\n|-fieldstart|move: Psychic Terrain|[from] ability: Psychic Surge|[of] p1a: Indeedee\n|turn|1\n|\n|t:|1698890383\n|-terastallize|p1b: Armarouge|Psychic\n|move|p1a: Indeedee|Helping Hand|p1b: Armarouge\n|-singleturn|p1b: Armarouge|Helping Hand|[of] p1a: Indeedee\n|move|p2a: Landorus|Earthquake|p1b: Armarouge|[spread] p1a,p1b\n|-immune|p2b: Cresselia|[from] ability: Levitate\n|-damage|p1a: Indeedee|19\/100\n|-damage|p1b: Armarouge|42\/100\n|move|p1b: Armarouge|Expanding Force|p2b: Cresselia|[spread] p2a,p2b\n|-resisted|p2b: Cresselia\n|-damage|p2a: Landorus|0 fnt\n|-damage|p2b: Cresselia|50\/100\n|faint|p2a: Landorus\n|move|p2b: Cresselia|Trick Room|p2b: Cresselia\n|-fieldstart|move: Trick Room|[of] p2b: Cresselia\n|\n|-heal|p2b: Cresselia|57\/100|[from] item: Leftovers\n|-heal|p1a: Indeedee|25\/100|[from] item: Leftovers\n|upkeep\n|\n|t:|1698890402\n|switch|p2a: Ursaluna|Ursaluna-Bloodmoon, M|100\/100\n|turn|2\n|\n|t:|1698890422\n|move|p1b: Armarouge|Wide Guard|p1b: Armarouge\n|-singleturn|p1b: Armarouge|Wide Guard\n|move|p2a: Ursaluna|Hyper Voice|p1a: Indeedee|[spread] \n|-activate|p1a: Indeedee|move: Wide Guard\n|-activate|p1b: Armarouge|move: Wide Guard\n|move|p2b: Cresselia|Icy Wind|p1b: Armarouge|[spread] \n|-activate|p1a: Indeedee|move: Wide Guard\n|-activate|p1b: Armarouge|move: Wide Guard\n|move|p1a: Indeedee|Trick Room|p1a: Indeedee\n|-fieldend|move: Trick Room\n|\n|-heal|p2b: Cresselia|63\/100|[from] item: Leftovers\n|-heal|p1a: Indeedee|32\/100|[from] item: Leftovers\n|upkeep\n|turn|3\n|\n|t:|1698890452\n|move|p1a: Indeedee|Helping Hand|p1b: Armarouge\n|-singleturn|p1b: Armarouge|Helping Hand|[of] p1a: Indeedee\n|move|p1b: Armarouge|Expanding Force|p2a: Ursaluna|[spread] p2a,p2b\n|-crit|p2a: Ursaluna\n|-resisted|p2b: Cresselia\n|-damage|p2a: Ursaluna|0 fnt\n|-damage|p2b: Cresselia|17\/100\n|faint|p2a: Ursaluna\n|move|p2b: Cresselia|Trick Room|p2b: Cresselia\n|-fieldstart|move: Trick Room|[of] p2b: Cresselia\n|\n|-heal|p1a: Indeedee|38\/100|[from] item: Leftovers\n|-heal|p2b: Cresselia|24\/100|[from] item: Leftovers\n|upkeep\n|inactive|Agemmonz? has 120 seconds left.\n|\n|t:|1698890464\n|switch|p2a: Amoonguss|Amoonguss, F, shiny|100\/100\n|turn|4\n|\n|t:|1698890474\n|move|p1a: Indeedee|Follow Me|p1a: Indeedee\n|-singleturn|p1a: Indeedee|move: Follow Me\n|move|p2a: Amoonguss|Pollen Puff|p1a: Indeedee\n|-supereffective|p1a: Indeedee\n|-damage|p1a: Indeedee|14\/100\n|move|p1b: Armarouge|Expanding Force|p2b: Cresselia|[spread] p2a,p2b\n|-supereffective|p2a: Amoonguss\n|-resisted|p2b: Cresselia\n|-damage|p2a: Amoonguss|0 fnt\n|-damage|p2b: Cresselia|0 fnt\n|faint|p2a: Amoonguss\n|faint|p2b: Cresselia\n|\n|-heal|p1a: Indeedee|20\/100|[from] item: Leftovers\n|upkeep\n|\n|t:|1698890489\n|switch|p2a: Flutter Mane|Flutter Mane, shiny|100\/100\n|switch|p2b: Chien-Pao|Chien-Pao|100\/100\n|-ability|p2b: Chien-Pao|Sword of Ruin\n|-enditem|p2a: Flutter Mane|Booster Energy\n|-activate|p2a: Flutter Mane|ability: Protosynthesis|[fromitem]\n|-start|p2a: Flutter Mane|protosynthesisspe\n|turn|5\n|\n|t:|1698890504\n|move|p2b: Chien-Pao|Sucker Punch|p1b: Armarouge\n|-activate|p1b: Armarouge|move: Psychic Terrain\n|move|p1b: Armarouge|Expanding Force|p2a: Flutter Mane|[spread] p2a\n|-immune|p2b: Chien-Pao\n|-damage|p2a: Flutter Mane|1\/100\n|move|p1a: Indeedee|Dazzling Gleam|p2a: Flutter Mane|[spread] p2a,p2b\n|-supereffective|p2b: Chien-Pao\n|-damage|p2a: Flutter Mane|0 fnt\n|-damage|p2b: Chien-Pao|58\/100\n|faint|p2a: Flutter Mane\n|-end|p2a: Flutter Mane|Protosynthesis|[silent]\n|\n|-heal|p1a: Indeedee|26\/100|[from] item: Leftovers\n|-fieldend|move: Psychic Terrain\n|upkeep\n|turn|6\n|-message|Agemmonz? forfeited.\n|\n|win|Haneoka_Meimi\n|raw|Haneoka_Meimi's rating: 1406 &rarr; <strong>1424<\/strong><br \/>(+18 for winning)\n|raw|Agemmonz?'s rating: 1376 &rarr; <strong>1358<\/strong><br \/>(-18 for losing)\n|l|\u2606Agemmonz?\n","uploadtime":1698890522,"views":24,"p1id":"haneokameimi","p2id":"agemmonz","formatid":"gen9doublesou","rating":1358,"private":0,"password":""}