{"id":"gen9doublesou-1985881568","p1":"matchacastella","p2":"its2k02","format":"[Gen 9] Doubles OU","log":"|j|\u2606matchacastella\n|j|\u2606its2k02\n|t:|1699416989\n|gametype|doubles\n|player|p1|matchacastella|1|1098\n|player|p2|its2k02|102|1150\n|teamsize|p1|6\n|teamsize|p2|6\n|gen|9\n|tier|[Gen 9] Doubles OU\n|rated|\n|rule|Species Clause: Limit one of each Pok\u00e9mon\n|rule|OHKO Clause: OHKO moves are banned\n|rule|Evasion Moves Clause: Evasion moves are banned\n|rule|Gravity Sleep Clause: The combination of sleep-inducing moves with imperfect accuracy and Gravity or Gigantamax Orbeetle are banned\n|rule|Endless Battle Clause: Forcing endless battles is banned\n|rule|HP Percentage Mod: HP is shown in percentages\n|clearpoke\n|poke|p1|Pelipper, F|\n|poke|p1|Drednaw, F|\n|poke|p1|Manaphy|\n|poke|p1|Volcanion|\n|poke|p1|Goodra, F|\n|poke|p1|Landorus, M|\n|poke|p2|Pelipper, M|\n|poke|p2|Tornadus, M|\n|poke|p2|Toxicroak, F|\n|poke|p2|Phione|\n|poke|p2|Landorus, M|\n|poke|p2|Raichu, M|\n|teampreview\n|c|\u2606its2k02|alrighty then\n|\n|t:|1699417008\n|start\n|switch|p1a: Pelipper|Pelipper, F|100\/100\n|switch|p1b: Landorus|Landorus, M|100\/100\n|switch|p2a: Raichu|Raichu, M, shiny|100\/100\n|switch|p2b: Tornadus|Tornadus, M, shiny|100\/100\n|-item|p2a: Raichu|Air Balloon\n|-weather|RainDance|[from] ability: Drizzle|[of] p1a: Pelipper\n|turn|1\n|\n|t:|1699417040\n|-terastallize|p1a: Pelipper|Ground\n|move|p2b: Tornadus|Tailwind|p2b: Tornadus\n|-sidestart|p2: its2k02|move: Tailwind\n|move|p2a: Raichu|Thunder|p1a: Pelipper\n|-immune|p1a: Pelipper\n|move|p1b: Landorus|Stealth Rock|p2a: Raichu\n|-sidestart|p2: its2k02|move: Stealth Rock\n|move|p1a: Pelipper|Hurricane|p2a: Raichu\n|-resisted|p2a: Raichu\n|-damage|p2a: Raichu|73\/100\n|-start|p2a: Raichu|confusion\n|-enditem|p2a: Raichu|Air Balloon\n|\n|-weather|RainDance|[upkeep]\n|upkeep\n|turn|2\n|\n|t:|1699417070\n|-terastallize|p2b: Tornadus|Water\n|move|p2b: Tornadus|Weather Ball|p1a: Pelipper\n|-supereffective|p1a: Pelipper\n|-damage|p1a: Pelipper|0 fnt\n|faint|p1a: Pelipper\n|-activate|p2a: Raichu|confusion\n|move|p2a: Raichu|Surf|p1b: Landorus|[spread] p2b,p1b\n|-resisted|p2b: Tornadus\n|-supereffective|p1b: Landorus\n|-damage|p2b: Tornadus|82\/100\n|-damage|p1b: Landorus|25\/100\n|move|p1b: Landorus|Sandsear Storm|p2a: Raichu|[spread] p2a,p2b\n|-supereffective|p2a: Raichu\n|-damage|p2a: Raichu|0 fnt\n|-damage|p2b: Tornadus|6\/100\n|-enditem|p2b: Tornadus|Mago Berry|[eat]\n|-heal|p2b: Tornadus|39\/100|[from] item: Mago Berry\n|faint|p2a: Raichu\n|\n|-weather|RainDance|[upkeep]\n|upkeep\n|\n|t:|1699417096\n|switch|p2a: Toxicroak|Toxicroak, F, shiny|100\/100\n|switch|p1a: Drednaw|Drednaw, F|100\/100\n|-damage|p2a: Toxicroak|94\/100|[from] Stealth Rock\n|turn|3\n|inactive|Battle timer is ON: inactive players will automatically lose when time's up. (requested by its2k02)\n|\n|t:|1699417133\n|move|p2b: Tornadus|Weather Ball|p1b: Landorus\n|-supereffective|p1b: Landorus\n|-damage|p1b: Landorus|0 fnt\n|faint|p1b: Landorus\n|move|p2a: Toxicroak|Drain Punch|p1a: Drednaw\n|-supereffective|p1a: Drednaw\n|-damage|p1a: Drednaw|12\/100\n|-heal|p2a: Toxicroak|100\/100|[from] drain|[of] p1a: Drednaw\n|move|p1a: Drednaw|Earthquake|p2a: Toxicroak|[spread] p2a,p2b\n|-supereffective|p2a: Toxicroak\n|-crit|p2b: Tornadus\n|-damage|p2a: Toxicroak|0 fnt\n|-damage|p2b: Tornadus|0 fnt\n|faint|p2a: Toxicroak\n|faint|p2b: Tornadus\n|\n|-weather|RainDance|[upkeep]\n|upkeep\n|\n|t:|1699417150\n|switch|p2b: Landorus|Landorus, M|100\/100\n|switch|p1b: Volcanion|Volcanion|100\/100\n|switch|p2a: Phione|Phione, shiny|100\/100\n|-damage|p2b: Landorus|88\/100|[from] Stealth Rock\n|-damage|p2a: Phione|88\/100|[from] Stealth Rock\n|turn|4\n|\n|t:|1699417167\n|move|p2a: Phione|Helping Hand|p2b: Landorus\n|-singleturn|p2b: Landorus|Helping Hand|[of] p2a: Phione\n|move|p1b: Volcanion|Protect|p1b: Volcanion\n|-singleturn|p1b: Volcanion|Protect\n|move|p2b: Landorus|Rock Slide|p1a: Drednaw|[spread] p1a\n|-activate|p1b: Volcanion|move: Protect\n|-damage|p1a: Drednaw|0 fnt\n|faint|p1a: Drednaw\n|\n|-weather|RainDance|[upkeep]\n|-sideend|p2: its2k02|move: Tailwind\n|upkeep\n|\n|t:|1699417182\n|switch|p1a: Manaphy|Manaphy|100\/100\n|turn|5\n|\n|t:|1699417198\n|move|p2a: Phione|Helping Hand|p2b: Landorus\n|-singleturn|p2b: Landorus|Helping Hand|[of] p2a: Phione\n|move|p2b: Landorus|Rock Slide|p1b: Volcanion|[spread] p1a,p1b\n|-crit|p1a: Manaphy\n|-supereffective|p1b: Volcanion\n|-damage|p1a: Manaphy|39\/100\n|-damage|p1b: Volcanion|25\/100\n|move|p1a: Manaphy|Tail Glow|p1a: Manaphy\n|-boost|p1a: Manaphy|spa|3\n|move|p1b: Volcanion|Steam Eruption|p2b: Landorus\n|-supereffective|p2b: Landorus\n|-damage|p2b: Landorus|0 fnt\n|faint|p2b: Landorus\n|\n|-weather|RainDance|[upkeep]\n|-heal|p1a: Manaphy|46\/100|[from] item: Leftovers\n|-heal|p1b: Volcanion|32\/100|[from] item: Leftovers\n|upkeep\n|\n|t:|1699417213\n|switch|p2b: Pelipper|Pelipper, M|100\/100\n|-damage|p2b: Pelipper|76\/100|[from] Stealth Rock\n|turn|6\n|\n|t:|1699417231\n|move|p2a: Phione|Dazzling Gleam|p1b: Volcanion|[spread] p1a,p1b\n|-resisted|p1b: Volcanion\n|-damage|p1a: Manaphy|33\/100\n|-damage|p1b: Volcanion|24\/100\n|move|p1a: Manaphy|Surf|p2a: Phione|[spread] p2a,p2b\n|-heal|p1b: Volcanion|49\/100|[from] ability: Water Absorb|[of] p1a: Manaphy\n|-resisted|p2a: Phione\n|-resisted|p2b: Pelipper\n|-damage|p2a: Phione|7\/100\n|-damage|p2b: Pelipper|0 fnt\n|faint|p2b: Pelipper\n|move|p1b: Volcanion|Steam Eruption|p2a: Phione\n|-resisted|p2a: Phione\n|-damage|p2a: Phione|0 fnt\n|faint|p2a: Phione\n|\n|win|matchacastella\n|raw|matchacastella's rating: 1098 &rarr; <strong>1127<\/strong><br \/>(+29 for winning)\n|raw|its2k02's rating: 1150 &rarr; <strong>1121<\/strong><br \/>(-29 for losing)\n|l|\u2606its2k02\n","uploadtime":1699417253,"views":8,"p1id":"matchacastella","p2id":"its2k02","formatid":"gen9doublesou","rating":1121,"private":0,"password":""}