{"id":"gen9doublesou-1982609574","p1":"TNTvale","p2":"Zesty_Montoya","format":"[Gen 9] Doubles OU","log":"|j|\u2606TNTvale\n|j|\u2606Zesty_Montoya\n|t:|1699029538\n|gametype|doubles\n|player|p1|TNTvale|waiter|1341\n|player|p2|Zesty_Montoya|acetrainer-gen4dp|1388\n|teamsize|p1|6\n|teamsize|p2|6\n|gen|9\n|tier|[Gen 9] Doubles OU\n|rated|\n|rule|Species Clause: Limit one of each Pok\u00e9mon\n|rule|OHKO Clause: OHKO moves are banned\n|rule|Evasion Moves Clause: Evasion moves are banned\n|rule|Gravity Sleep Clause: The combination of sleep-inducing moves with imperfect accuracy and Gravity or Gigantamax Orbeetle are banned\n|rule|Endless Battle Clause: Forcing endless battles is banned\n|rule|HP Percentage Mod: HP is shown in percentages\n|clearpoke\n|poke|p1|Regidrago|\n|poke|p1|Tornadus, M|\n|poke|p1|Chandelure, F|\n|poke|p1|Torkoal, F|\n|poke|p1|Maushold-Four|\n|poke|p1|Sinistcha-Masterpiece|\n|poke|p2|Kingambit, F|\n|poke|p2|Amoonguss, F|\n|poke|p2|Landorus-Therian, M|\n|poke|p2|Chi-Yu|\n|poke|p2|Dragonite, F|\n|poke|p2|Froslass, F|\n|teampreview\n|\n|t:|1699029559\n|start\n|switch|p1a: Regidrago|Regidrago|100\/100\n|switch|p1b: Tornadus|Tornadus, M|100\/100\n|switch|p2a: Froslass|Froslass, F|100\/100\n|switch|p2b: Landorus|Landorus-Therian, M|100\/100\n|-ability|p2b: Landorus|Intimidate|boost\n|-unboost|p1a: Regidrago|atk|1\n|-unboost|p1b: Tornadus|atk|1\n|turn|1\n|\n|t:|1699029574\n|move|p1b: Tornadus|Taunt|p2a: Froslass\n|-start|p2a: Froslass|move: Taunt\n|move|p2a: Froslass|Icy Wind|p1b: Tornadus|[spread] p1a,p1b\n|-supereffective|p1a: Regidrago\n|-supereffective|p1b: Tornadus\n|-damage|p1a: Regidrago|83\/100\n|-damage|p1b: Tornadus|74\/100\n|-unboost|p1a: Regidrago|spe|1\n|-unboost|p1b: Tornadus|spe|1\n|move|p2b: Landorus|Stealth Rock|p1b: Tornadus\n|-sidestart|p1: TNTvale|move: Stealth Rock\n|move|p1a: Regidrago|Dragon Energy|p2b: Landorus|[spread] p2a,p2b\n|-damage|p2a: Froslass|18\/100\n|-damage|p2b: Landorus|29\/100\n|-start|p1a: Regidrago|Disable|Dragon Energy|[from] ability: Cursed Body|[of] p2a: Froslass\n|-enditem|p2b: Landorus|Sitrus Berry|[eat]\n|-heal|p2b: Landorus|54\/100|[from] item: Sitrus Berry\n|\n|-heal|p1b: Tornadus|80\/100|[from] item: Leftovers\n|upkeep\n|turn|2\n|\n|t:|1699029606\n|switch|p1a: Sinistcha|Sinistcha-Masterpiece|100\/100\n|-damage|p1a: Sinistcha|88\/100|[from] Stealth Rock\n|-heal|p1b: Tornadus|100\/100|[from] ability: Hospitality|[of] p1a: Sinistcha\n|move|p1b: Tornadus|Tailwind|p1b: Tornadus\n|-sidestart|p1: TNTvale|move: Tailwind\n|move|p2a: Froslass|Icy Wind|p1a: Sinistcha|[spread] p1a,p1b\n|-supereffective|p1a: Sinistcha\n|-supereffective|p1b: Tornadus\n|-damage|p1a: Sinistcha|61\/100\n|-damage|p1b: Tornadus|70\/100\n|-unboost|p1a: Sinistcha|spe|1\n|-unboost|p1b: Tornadus|spe|1\n|move|p2b: Landorus|U-turn|p1a: Sinistcha\n|-damage|p1a: Sinistcha|41\/100\n|\n|t:|1699029620\n|switch|p2b: Kingambit|Kingambit, F|100\/100|[from] U-turn\n|\n|-heal|p1b: Tornadus|76\/100|[from] item: Leftovers\n|-heal|p1a: Sinistcha|48\/100|[from] item: Leftovers\n|upkeep\n|turn|3\n|\n|t:|1699029653\n|switch|p2a: Landorus|Landorus-Therian, M|54\/100\n|-ability|p2a: Landorus|Intimidate|boost\n|-unboost|p1a: Sinistcha|atk|1\n|-unboost|p1b: Tornadus|atk|1\n|move|p1b: Tornadus|Bleakwind Storm|p2a: Landorus|[spread] p2b\n|-miss|p1b: Tornadus|p2a: Landorus\n|-resisted|p2b: Kingambit\n|-damage|p2b: Kingambit|80\/100\n|move|p1a: Sinistcha|Strength Sap|p2b: Kingambit\n|-unboost|p2b: Kingambit|atk|1\n|-heal|p1a: Sinistcha|100\/100\n|move|p2b: Kingambit|Kowtow Cleave|p1a: Sinistcha\n|-supereffective|p1a: Sinistcha\n|-damage|p1a: Sinistcha|33\/100\n|\n|-heal|p1b: Tornadus|82\/100|[from] item: Leftovers\n|-heal|p1a: Sinistcha|40\/100|[from] item: Leftovers\n|upkeep\n|turn|4\n|\n|t:|1699029683\n|-end|p2b: Kingambit|fallenundefined|[silent]\n|switch|p2b: Froslass|Froslass, F|18\/100\n|move|p2a: Landorus|Taunt|p1a: Sinistcha\n|-start|p1a: Sinistcha|move: Taunt\n|move|p1b: Tornadus|Icy Wind|p2b: Froslass|[spread] p2a,p2b\n|-supereffective|p2a: Landorus\n|-resisted|p2b: Froslass\n|-damage|p2a: Landorus|0 fnt\n|-damage|p2b: Froslass|9\/100\n|-unboost|p2b: Froslass|spe|1\n|-start|p1b: Tornadus|Disable|Icy Wind|[from] ability: Cursed Body|[of] p2b: Froslass\n|faint|p2a: Landorus\n|cant|p1a: Sinistcha|move: Taunt|Strength Sap\n|\n|-heal|p1b: Tornadus|88\/100|[from] item: Leftovers\n|-heal|p1a: Sinistcha|46\/100|[from] item: Leftovers\n|upkeep\n|\n|t:|1699029699\n|switch|p2a: Chi-Yu|Chi-Yu|100\/100\n|-ability|p2a: Chi-Yu|Beads of Ruin\n|turn|5\n|\n|t:|1699029711\n|switch|p2b: Kingambit|Kingambit, F|80\/100\n|-activate|p2b: Kingambit|ability: Supreme Overlord\n|-start|p2b: Kingambit|fallen1|[silent]\n|move|p2a: Chi-Yu|Heat Wave|p1b: Tornadus|[spread] p1a,p1b\n|-supereffective|p1a: Sinistcha\n|-damage|p1a: Sinistcha|0 fnt\n|-damage|p1b: Tornadus|29\/100\n|faint|p1a: Sinistcha\n|move|p1b: Tornadus|Bleakwind Storm|p2b: Kingambit|[spread] \n|-miss|p1b: Tornadus|p2a: Chi-Yu\n|-miss|p1b: Tornadus|p2b: Kingambit\n|\n|-heal|p1b: Tornadus|35\/100|[from] item: Leftovers\n|-sideend|p1: TNTvale|move: Tailwind\n|upkeep\n|\n|t:|1699029728\n|switch|p1a: Torkoal|Torkoal, F|100\/100\n|-damage|p1a: Torkoal|76\/100|[from] Stealth Rock\n|-weather|SunnyDay|[from] ability: Drought|[of] p1a: Torkoal\n|turn|6\n|\n|t:|1699029741\n|move|p1b: Tornadus|Tailwind|p1b: Tornadus\n|-sidestart|p1: TNTvale|move: Tailwind\n|move|p2a: Chi-Yu|Heat Wave|p1b: Tornadus|[spread] p1b\n|-miss|p2a: Chi-Yu|p1a: Torkoal\n|-damage|p1b: Tornadus|0 fnt\n|faint|p1b: Tornadus\n|move|p1a: Torkoal|Eruption|p2b: Kingambit|[spread] p2a,p2b\n|-resisted|p2a: Chi-Yu\n|-supereffective|p2b: Kingambit\n|-damage|p2a: Chi-Yu|67\/100\n|-damage|p2b: Kingambit|0 fnt\n|faint|p2b: Kingambit\n|-end|p2b: Kingambit|fallen1|[silent]\n|\n|-weather|SunnyDay|[upkeep]\n|upkeep\n|\n|t:|1699029757\n|switch|p1b: Regidrago|Regidrago|83\/100\n|switch|p2b: Froslass|Froslass, F|9\/100\n|-damage|p1b: Regidrago|70\/100|[from] Stealth Rock\n|turn|7\n|\n|t:|1699029779\n|move|p2a: Chi-Yu|Heat Wave|p1a: Torkoal|[spread] p1a,p1b\n|-resisted|p1a: Torkoal\n|-resisted|p1b: Regidrago\n|-damage|p1a: Torkoal|35\/100\n|-damage|p1b: Regidrago|40\/100\n|move|p1b: Regidrago|Earth Power|p2a: Chi-Yu\n|-supereffective|p2a: Chi-Yu\n|-damage|p2a: Chi-Yu|0 fnt\n|faint|p2a: Chi-Yu\n|move|p2b: Froslass|Destiny Bond|p2b: Froslass\n|-singlemove|p2b: Froslass|Destiny Bond\n|move|p1a: Torkoal|Heat Wave|p2b: Froslass\n|-supereffective|p2b: Froslass\n|-crit|p2b: Froslass\n|-damage|p2b: Froslass|0 fnt\n|faint|p2b: Froslass\n|-activate|p2b: Froslass|move: Destiny Bond\n|faint|p1a: Torkoal\n|\n|-weather|SunnyDay|[upkeep]\n|upkeep\n|\n|t:|1699029798\n|switch|p2b: Dragonite|Dragonite, F|100\/100\n|switch|p2a: Amoonguss|Amoonguss, F|100\/100\n|switch|p1a: Maushold|Maushold-Four|100\/100\n|-damage|p1a: Maushold|88\/100|[from] Stealth Rock\n|turn|8\n|\n|t:|1699029835\n|-terastallize|p1b: Regidrago|Steel\n|move|p2a: Amoonguss|Rage Powder|p2a: Amoonguss\n|-singleturn|p2a: Amoonguss|move: Rage Powder\n|move|p1a: Maushold|Taunt|p2a: Amoonguss\n|-start|p2a: Amoonguss|move: Taunt\n|move|p1b: Regidrago|Dragon Energy|p2b: Dragonite|[spread] p2a,p2b\n|-supereffective|p2b: Dragonite\n|-damage|p2a: Amoonguss|80\/100\n|-damage|p2b: Dragonite|65\/100\n|move|p2b: Dragonite|Dragon Claw|p1a: Maushold\n|-damage|p1a: Maushold|0 fnt\n|faint|p1a: Maushold\n|\n|-weather|SunnyDay|[upkeep]\n|-heal|p2a: Amoonguss|86\/100|[from] item: Leftovers\n|upkeep\n|\n|t:|1699029849\n|switch|p1a: Chandelure|Chandelure, F|100\/100\n|-damage|p1a: Chandelure|76\/100|[from] Stealth Rock\n|turn|9\n|\n|t:|1699029866\n|-terastallize|p2b: Dragonite|Normal\n|move|p1a: Chandelure|Heat Wave|p2b: Dragonite|[spread] p2a,p2b\n|-supereffective|p2a: Amoonguss\n|-crit|p2b: Dragonite\n|-damage|p2a: Amoonguss|0 fnt\n|-damage|p2b: Dragonite|0 fnt\n|faint|p2a: Amoonguss\n|faint|p2b: Dragonite\n|\n|win|TNTvale\n|raw|TNTvale's rating: 1341 &rarr; <strong>1364<\/strong><br \/>(+23 for winning)\n|raw|Zesty_Montoya's rating: 1388 &rarr; <strong>1365<\/strong><br \/>(-23 for losing)\n|c|\u2606TNTvale|Gg\n|l|\u2606Zesty_Montoya\n","uploadtime":1699029882,"views":20,"p1id":"tntvale","p2id":"zestymontoya","formatid":"gen9doublesou","rating":1364,"private":0,"password":""}