{"id":"gen9doublesou-1984656264","p1":"mauriciopateacaras","p2":"Brawler206","format":"[Gen 9] Doubles OU","log":"|j|\u2606mauriciopateacaras\n|j|\u2606Brawler206\n|t:|1699288338\n|gametype|doubles\n|player|p1|mauriciopateacaras|allister|1172\n|player|p2|Brawler206|marshal|1126\n|teamsize|p1|6\n|teamsize|p2|6\n|gen|9\n|tier|[Gen 9] Doubles OU\n|rated|\n|rule|Species Clause: Limit one of each Pok\u00e9mon\n|rule|OHKO Clause: OHKO moves are banned\n|rule|Evasion Moves Clause: Evasion moves are banned\n|rule|Gravity Sleep Clause: The combination of sleep-inducing moves with imperfect accuracy and Gravity or Gigantamax Orbeetle are banned\n|rule|Endless Battle Clause: Forcing endless battles is banned\n|rule|HP Percentage Mod: HP is shown in percentages\n|clearpoke\n|poke|p1|Snorlax, F|\n|poke|p1|Sinistcha|\n|poke|p1|Iron Hands|\n|poke|p1|Landorus-Therian, M|\n|poke|p1|Clefairy, F|\n|poke|p1|Kommo-o, F|\n|poke|p2|Gastrodon, F|\n|poke|p2|Sableye, M|\n|poke|p2|Ceruledge, M|\n|poke|p2|Gardevoir, M|\n|poke|p2|Roaring Moon|\n|poke|p2|Grimmsnarl, M|\n|teampreview\n|\n|t:|1699288374\n|start\n|switch|p1a: Snorlax|Snorlax, F|100\/100\n|switch|p1b: Landorus|Landorus-Therian, M|100\/100\n|switch|p2a: Roaring Moon|Roaring Moon|100\/100\n|switch|p2b: Grimmsnarl|Grimmsnarl, M|100\/100\n|-ability|p1b: Landorus|Intimidate|boost\n|-unboost|p2a: Roaring Moon|atk|1\n|-unboost|p2b: Grimmsnarl|atk|1\n|-enditem|p2a: Roaring Moon|Booster Energy\n|-activate|p2a: Roaring Moon|ability: Protosynthesis|[fromitem]\n|-start|p2a: Roaring Moon|protosynthesisspe\n|turn|1\n|\n|t:|1699288389\n|move|p2a: Roaring Moon|Protect|p2a: Roaring Moon\n|-singleturn|p2a: Roaring Moon|Protect\n|move|p2b: Grimmsnarl|Taunt|p1a: Snorlax\n|-start|p1a: Snorlax|move: Taunt\n|move|p1b: Landorus|U-turn|p2a: Roaring Moon\n|-activate|p2a: Roaring Moon|move: Protect\n|cant|p1a: Snorlax|move: Taunt|Belly Drum\n|\n|upkeep\n|turn|2\n|\n|t:|1699288412\n|switch|p1a: Iron Hands|Iron Hands|100\/100\n|-terastallize|p2a: Roaring Moon|Dragon\n|move|p2b: Grimmsnarl|Misty Terrain|p2b: Grimmsnarl\n|-fieldstart|move: Misty Terrain\n|move|p2a: Roaring Moon|Acrobatics|p1b: Landorus\n|-damage|p1b: Landorus|68\/100\n|move|p1b: Landorus|U-turn|p2a: Roaring Moon\n|-damage|p2a: Roaring Moon|70\/100\n|\n|t:|1699288431\n|switch|p1b: Snorlax|Snorlax, F|100\/100|[from] U-turn\n|\n|upkeep\n|turn|3\n|\n|t:|1699288452\n|-end|p2a: Roaring Moon|Protosynthesis|[silent]\n|switch|p2a: Sableye|Sableye, M|100\/100\n|switch|p1b: Landorus|Landorus-Therian, M|68\/100\n|-ability|p1b: Landorus|Intimidate|boost\n|-unboost|p2a: Sableye|atk|1\n|-unboost|p2b: Grimmsnarl|atk|1\n|move|p2b: Grimmsnarl|Taunt|p1b: Landorus\n|-start|p1b: Landorus|move: Taunt\n|move|p1a: Iron Hands|Heavy Slam|p2b: Grimmsnarl\n|-supereffective|p2b: Grimmsnarl\n|-damage|p2b: Grimmsnarl|0 fnt\n|faint|p2b: Grimmsnarl\n|\n|upkeep\n|\n|t:|1699288466\n|switch|p2b: Gastrodon|Gastrodon, F|100\/100\n|turn|4\n|\n|t:|1699288492\n|move|p2a: Sableye|Encore|p1a: Iron Hands\n|-start|p1a: Iron Hands|Encore\n|move|p1b: Landorus|U-turn|p2a: Sableye\n|-damage|p2a: Sableye|76\/100\n|\n|t:|1699288503\n|switch|p1b: Kommo-o|Kommo-o, F|100\/100|[from] U-turn\n|move|p1a: Iron Hands|Heavy Slam|p2a: Sableye\n|-crit|p2a: Sableye\n|-damage|p2a: Sableye|7\/100\n|move|p2b: Gastrodon|Icy Wind|p1b: Kommo-o|[spread] p1b\n|-miss|p2b: Gastrodon|p1a: Iron Hands\n|-supereffective|p1b: Kommo-o\n|-damage|p1b: Kommo-o|82\/100\n|-unboost|p1b: Kommo-o|spe|1\n|\n|upkeep\n|turn|5\n|-message|Brawler206 forfeited.\n|\n|win|mauriciopateacaras\n|raw|mauriciopateacaras's rating: 1172 &rarr; <strong>1194<\/strong><br \/>(+22 for winning)\n|raw|Brawler206's rating: 1126 &rarr; <strong>1104<\/strong><br \/>(-22 for losing)\n|l|\u2606Brawler206\n","uploadtime":1699288535,"views":8,"p1id":"mauriciopateacaras","p2id":"brawler206","formatid":"gen9doublesou","rating":1104,"private":0,"password":""}