{"id":"gen9doublesou-1983997730","p1":"Sm0k3y","p2":"CopyCompy17","format":"[Gen 9] Doubles OU","log":"|j|\u2606Sm0k3y\n|j|\u2606CopyCompy17\n|t:|1699208215\n|gametype|doubles\n|player|p1|Sm0k3y|silver|1144\n|player|p2|CopyCompy17|grimsley|1206\n|teamsize|p1|6\n|teamsize|p2|6\n|gen|9\n|tier|[Gen 9] Doubles OU\n|rated|\n|rule|Species Clause: Limit one of each Pok\u00e9mon\n|rule|OHKO Clause: OHKO moves are banned\n|rule|Evasion Moves Clause: Evasion moves are banned\n|rule|Gravity Sleep Clause: The combination of sleep-inducing moves with imperfect accuracy and Gravity or Gigantamax Orbeetle are banned\n|rule|Endless Battle Clause: Forcing endless battles is banned\n|rule|HP Percentage Mod: HP is shown in percentages\n|clearpoke\n|poke|p1|Illumise, F|\n|poke|p1|Lokix, F|\n|poke|p1|Noctowl, M|\n|poke|p1|Garganacl, M|\n|poke|p1|Braviary-Hisui, M|\n|poke|p1|Klefki, F|\n|poke|p2|Trevenant, F|\n|poke|p2|Torkoal, M|\n|poke|p2|Ursaluna-Bloodmoon, M|\n|poke|p2|Sinistcha-Masterpiece|\n|poke|p2|Farigiraf, M|\n|poke|p2|Iron Hands|\n|teampreview\n|c|\u2606CopyCompy17|yo\n|inactive|Battle timer is ON: inactive players will automatically lose when time's up. (requested by Sm0k3y)\n|c|\u2606CopyCompy17|i made a team around volbeat once\n|c|\u2606CopyCompy17|prankster tailwind, tail glow and baton pass is a crazy combo\n|inactive|CopyCompy17 has 120 seconds left.\n|inactive|CopyCompy17 has 90 seconds left.\n|\n|t:|1699208315\n|start\n|switch|p1a: Illumise|Illumise, F, shiny|100\/100\n|switch|p1b: Lokix|Lokix, F, shiny|100\/100\n|switch|p2a: Brian Hands|Iron Hands|100\/100\n|switch|p2b: Matcha Man Dan|Sinistcha-Masterpiece, shiny|100\/100\n|turn|1\n|c|\u2606Sm0k3y|Interesting, gonna see how that plays out\n|\n|t:|1699208344\n|move|p2a: Brian Hands|Fake Out|p1a: Illumise\n|-damage|p1a: Illumise|81\/100\n|cant|p1a: Illumise|flinch\n|move|p1b: Lokix|Swords Dance|p1b: Lokix\n|-boost|p1b: Lokix|atk|2\n|move|p2b: Matcha Man Dan|Trick Room|p2b: Matcha Man Dan\n|-fieldstart|move: Trick Room|[of] p2b: Matcha Man Dan\n|\n|-status|p1a: Illumise|brn|[from] item: Flame Orb\n|upkeep\n|turn|2\n|c|\u2606CopyCompy17|wait flame orb?\n|c|\u2606CopyCompy17|thats cool\n|inactive|CopyCompy17 has 120 seconds left.\n|c|\u2606CopyCompy17|OH I GET IT\n|c|\u2606CopyCompy17|prankster trick i assume\n|inactive|CopyCompy17 has 90 seconds left.\n|\n|t:|1699208411\n|move|p1a: Illumise|Trick|p2a: Brian Hands\n|-activate|p1a: Illumise|move: Trick|[of] p2a: Brian Hands\n|-item|p2a: Brian Hands|Flame Orb|[from] move: Trick\n|-item|p1a: Illumise|Assault Vest|[from] move: Trick\n|move|p2a: Brian Hands|Fire Punch|p1b: Lokix\n|-supereffective|p1b: Lokix\n|-damage|p1b: Lokix|16\/100\n|move|p2b: Matcha Man Dan|Strength Sap|p1b: Lokix\n|-unboost|p1b: Lokix|atk|1\n|move|p1b: Lokix|Leech Life|p2b: Matcha Man Dan\n|-damage|p2b: Matcha Man Dan|50\/100\n|-heal|p1b: Lokix|46\/100|[from] drain|[of] p2b: Matcha Man Dan\n|\n|-damage|p1a: Illumise|75\/100 brn|[from] brn\n|-status|p2a: Brian Hands|brn|[from] item: Flame Orb\n|upkeep\n|turn|3\n|inactive|CopyCompy17 has 90 seconds left.\n|\n|t:|1699208432\n|move|p1b: Lokix|Sucker Punch|p2a: Brian Hands\n|-resisted|p2a: Brian Hands\n|-damage|p2a: Brian Hands|72\/100 brn\n|move|p2a: Brian Hands|Fire Punch|p1b: Lokix\n|-supereffective|p1b: Lokix\n|-damage|p1b: Lokix|6\/100\n|move|p2b: Matcha Man Dan|Hex|p1a: Illumise\n|-damage|p1a: Illumise|33\/100 brn\n|move|p1a: Illumise|Bug Buzz|p2b: Matcha Man Dan\n|-damage|p2b: Matcha Man Dan|22\/100\n|\n|-damage|p2a: Brian Hands|65\/100 brn|[from] brn\n|-damage|p1a: Illumise|27\/100 brn|[from] brn\n|upkeep\n|turn|4\n|inactive|CopyCompy17 has 90 seconds left.\n|c|\u2606Sm0k3y|Yeah it works majority of the time\n|\n|t:|1699208473\n|move|p1b: Lokix|Sucker Punch|p2b: Matcha Man Dan\n|-supereffective|p2b: Matcha Man Dan\n|-damage|p2b: Matcha Man Dan|0 fnt\n|faint|p2b: Matcha Man Dan\n|move|p2a: Brian Hands|Drain Punch|p1b: Lokix\n|-damage|p1b: Lokix|0 fnt\n|-heal|p2a: Brian Hands|67\/100 brn|[from] drain|[of] p1b: Lokix\n|faint|p1b: Lokix\n|move|p1a: Illumise|Bug Buzz|p2a: Brian Hands\n|-resisted|p2a: Brian Hands\n|-damage|p2a: Brian Hands|56\/100 brn\n|\n|-damage|p2a: Brian Hands|50\/100 brn|[from] brn\n|-damage|p1a: Illumise|21\/100 brn|[from] brn\n|upkeep\n|inactive|CopyCompy17 has 90 seconds left.\n|\n|t:|1699208489\n|switch|p2b: Crimson|Trevenant, F, shiny|100\/100\n|switch|p1b: Garganacl|Garganacl, M, shiny|100\/100\n|turn|5\n|\n|t:|1699208507\n|move|p1b: Garganacl|Salt Cure|p2a: Brian Hands\n|-resisted|p2a: Brian Hands\n|-damage|p2a: Brian Hands|43\/100 brn\n|-start|p2a: Brian Hands|Salt Cure\n|move|p2b: Crimson|Horn Leech|p1b: Garganacl\n|-supereffective|p1b: Garganacl\n|-damage|p1b: Garganacl|54\/100\n|move|p2a: Brian Hands|Fire Punch|p1a: Illumise\n|-supereffective|p1a: Illumise\n|-damage|p1a: Illumise|0 fnt\n|faint|p1a: Illumise\n|\n|-heal|p1b: Garganacl|61\/100|[from] item: Leftovers\n|-damage|p2a: Brian Hands|37\/100 brn|[from] brn\n|-damage|p2a: Brian Hands|25\/100 brn|[from] Salt Cure\n|-fieldend|move: Trick Room\n|upkeep\n|\n|t:|1699208524\n|switch|p1a: Klefki|Klefki, F, shiny|100\/100\n|turn|6\n|inactive|CopyCompy17 has 120 seconds left.\n|\n|t:|1699208543\n|move|p1a: Klefki|Reflect|p1a: Klefki\n|-sidestart|p1: Sm0k3y|Reflect\n|move|p2a: Brian Hands|Fire Punch|p1a: Klefki\n|-supereffective|p1a: Klefki\n|-damage|p1a: Klefki|84\/100\n|move|p1b: Garganacl|Stealth Rock|p2a: Brian Hands\n|-sidestart|p2: CopyCompy17|move: Stealth Rock\n|move|p2b: Crimson|Trick Room|p2b: Crimson\n|-fieldstart|move: Trick Room|[of] p2b: Crimson\n|\n|-heal|p1b: Garganacl|67\/100|[from] item: Leftovers\n|-damage|p2a: Brian Hands|18\/100 brn|[from] brn\n|-damage|p2a: Brian Hands|6\/100 brn|[from] Salt Cure\n|upkeep\n|turn|7\n|inactive|CopyCompy17 has 120 seconds left.\n|\n|t:|1699208566\n|move|p1b: Garganacl|Rock Slide|p2b: Crimson|[spread] p2a,p2b\n|-resisted|p2a: Brian Hands\n|-damage|p2a: Brian Hands|0 fnt\n|-damage|p2b: Crimson|74\/100\n|faint|p2a: Brian Hands\n|-end|p2a: Brian Hands|Quark Drive|[silent]\n|move|p2b: Crimson|Horn Leech|p1b: Garganacl\n|-supereffective|p1b: Garganacl\n|-crit|p1b: Garganacl\n|-damage|p1b: Garganacl|4\/100\n|-heal|p2b: Crimson|100\/100|[from] drain|[of] p1b: Garganacl\n|move|p1a: Klefki|Foul Play|p2b: Crimson\n|-supereffective|p2b: Crimson\n|-damage|p2b: Crimson|47\/100\n|-enditem|p2b: Crimson|Sitrus Berry|[eat]\n|-heal|p2b: Crimson|71\/100|[from] item: Sitrus Berry\n|\n|-heal|p1b: Garganacl|11\/100|[from] item: Leftovers\n|-item|p2b: Crimson|Sitrus Berry|[from] ability: Harvest\n|upkeep\n|c|\u2606CopyCompy17|ill take the crit lol\n|\n|t:|1699208584\n|switch|p2a: I like Turtles :)|Torkoal, M|100\/100\n|-damage|p2a: I like Turtles :)|75\/100|[from] Stealth Rock\n|-weather|SunnyDay|[from] ability: Drought|[of] p2a: I like Turtles :)\n|turn|8\n|inactive|CopyCompy17 has 120 seconds left.\n|\n|t:|1699208601\n|move|p2b: Crimson|Sucker Punch|p1b: Garganacl\n|-damage|p1b: Garganacl|1\/100\n|move|p1a: Klefki|Light Screen|p1a: Klefki\n|-sidestart|p1: Sm0k3y|move: Light Screen\n|move|p2a: I like Turtles :)|Eruption|p1a: Klefki|[spread] p1a,p1b\n|-supereffective|p1a: Klefki\n|-resisted|p1b: Garganacl\n|-damage|p1a: Klefki|0 fnt\n|-damage|p1b: Garganacl|0 fnt\n|faint|p1a: Klefki\n|faint|p1b: Garganacl\n|\n|-weather|SunnyDay|[upkeep]\n|upkeep\n|\n|t:|1699208608\n|switch|p1b: Braviary|Braviary-Hisui, M, shiny|100\/100\n|switch|p1a: Noctowl|Noctowl, M, shiny|100\/100\n|turn|9\n|c|\u2606CopyCompy17|gg\n|c|\u2606CopyCompy17|i love the team btw, i love teams around niche  pokemon\n|inactive|CopyCompy17 has 120 seconds left.\n|c|\u2606CopyCompy17|ive made a team around orthworm, volbeat and trevenant so far\n|inactive|CopyCompy17 has 90 seconds left.\n|\n|t:|1699208675\n|move|p2b: Crimson|Sucker Punch||[still]\n|-fail|p2b: Crimson\n|move|p2a: I like Turtles :)|Eruption|p1b: Braviary|[spread] p1a,p1b\n|-damage|p1a: Noctowl|61\/100\n|-damage|p1b: Braviary|52\/100\n|move|p1b: Braviary|Calm Mind|p1b: Braviary\n|-boost|p1b: Braviary|spa|1\n|-boost|p1b: Braviary|spd|1\n|move|p1a: Noctowl|Calm Mind|p1a: Noctowl\n|-boost|p1a: Noctowl|spa|1\n|-boost|p1a: Noctowl|spd|1\n|\n|-weather|SunnyDay|[upkeep]\n|-heal|p1b: Braviary|58\/100|[from] item: Leftovers\n|-heal|p1a: Noctowl|67\/100|[from] item: Leftovers\n|upkeep\n|turn|10\n|inactive|CopyCompy17 has 90 seconds left.\n|\n|t:|1699208705\n|-terastallize|p1b: Braviary|Fighting\n|move|p2b: Crimson|Sucker Punch|p1b: Braviary\n|-resisted|p1b: Braviary\n|-damage|p1b: Braviary|51\/100\n|move|p2a: I like Turtles :)|Yawn|p1a: Noctowl\n|-start|p1a: Noctowl|move: Yawn|[of] p2a: I like Turtles :)\n|move|p1b: Braviary|Esper Wing|p2a: I like Turtles :)\n|-damage|p2a: I like Turtles :)|0 fnt\n|-boost|p1b: Braviary|spe|1\n|faint|p2a: I like Turtles :)\n|move|p1a: Noctowl|Moonblast|p2b: Crimson\n|-damage|p2b: Crimson|43\/100\n|-enditem|p2b: Crimson|Sitrus Berry|[eat]\n|-heal|p2b: Crimson|68\/100|[from] item: Sitrus Berry\n|\n|-weather|SunnyDay|[upkeep]\n|-heal|p1a: Noctowl|73\/100|[from] item: Leftovers\n|-heal|p1b: Braviary|57\/100|[from] item: Leftovers\n|-fieldend|move: Trick Room\n|-item|p2b: Crimson|Sitrus Berry|[from] ability: Harvest\n|upkeep\n|inactive|CopyCompy17 has 60 seconds left.\n|\n|t:|1699208732\n|switch|p2a: Palindrome|Farigiraf, M, shiny|100\/100\n|-damage|p2a: Palindrome|88\/100|[from] Stealth Rock\n|turn|11\n|\n|t:|1699208740\n|move|p1b: Braviary|Air Cutter|p2a: Palindrome|[spread] p2a,p2b\n|-crit|p2a: Palindrome\n|-supereffective|p2b: Crimson\n|-damage|p2a: Palindrome|37\/100\n|-damage|p2b: Crimson|1\/100\n|-enditem|p2b: Crimson|Sitrus Berry|[eat]\n|-heal|p2b: Crimson|26\/100|[from] item: Sitrus Berry\n|move|p1a: Noctowl|Moonblast|p2a: Palindrome\n|-damage|p2a: Palindrome|11\/100\n|-unboost|p2a: Palindrome|spa|1\n|move|p2a: Palindrome|Dazzling Gleam|p1a: Noctowl|[spread] p1a,p1b\n|-crit|p1a: Noctowl\n|-supereffective|p1b: Braviary\n|-damage|p1a: Noctowl|52\/100\n|-damage|p1b: Braviary|46\/100\n|move|p2b: Crimson|Trick Room|p2b: Crimson\n|-fieldstart|move: Trick Room|[of] p2b: Crimson\n|\n|-weather|SunnyDay|[upkeep]\n|-heal|p1a: Noctowl|58\/100|[from] item: Leftovers\n|-heal|p1b: Braviary|52\/100|[from] item: Leftovers\n|-end|p1a: Noctowl|move: Yawn|[silent]\n|-status|p1a: Noctowl|slp\n|-item|p2b: Crimson|Sitrus Berry|[from] ability: Harvest\n|upkeep\n|-enditem|p2b: Crimson|Sitrus Berry|[eat]\n|-heal|p2b: Crimson|51\/100|[from] item: Sitrus Berry\n|turn|12\n|inactive|CopyCompy17 has 90 seconds left.\n|\n|t:|1699208774\n|move|p2b: Crimson|Horn Leech|p1b: Braviary\n|-damage|p1b: Braviary|28\/100\n|-heal|p2b: Crimson|65\/100|[from] drain|[of] p1b: Braviary\n|move|p2a: Palindrome|Psychic|p1b: Braviary\n|-supereffective|p1b: Braviary\n|-damage|p1b: Braviary|2\/100\n|cant|p1a: Noctowl|slp\n|move|p1b: Braviary|Calm Mind|p1b: Braviary\n|-boost|p1b: Braviary|spa|1\n|-boost|p1b: Braviary|spd|1\n|\n|-weather|none\n|-heal|p1a: Noctowl|64\/100 slp|[from] item: Leftovers\n|-heal|p1b: Braviary|8\/100|[from] item: Leftovers\n|-item|p2b: Crimson|Sitrus Berry|[from] ability: Harvest\n|upkeep\n|turn|13\n|inactive|CopyCompy17 has 90 seconds left.\n|inactive|CopyCompy17 has 60 seconds left.\n|\n|t:|1699208821\n|move|p1b: Braviary|Vacuum Wave||[still]\n|cant|p2a: Palindrome|ability: Armor Tail|Vacuum Wave|[of] p1b: Braviary\n|move|p2b: Crimson|Horn Leech|p1b: Braviary\n|-damage|p1b: Braviary|0 fnt\n|-heal|p2b: Crimson|69\/100|[from] drain|[of] p1b: Braviary\n|faint|p1b: Braviary\n|move|p2a: Palindrome|Psychic|p1a: Noctowl\n|-damage|p1a: Noctowl|55\/100 slp\n|-curestatus|p1a: Noctowl|slp|[msg]\n|move|p1a: Noctowl|Calm Mind|p1a: Noctowl\n|-boost|p1a: Noctowl|spa|1\n|-boost|p1a: Noctowl|spd|1\n|\n|-heal|p1a: Noctowl|61\/100|[from] item: Leftovers\n|-sideend|p1: Sm0k3y|Reflect\n|upkeep\n|turn|14\n|c|\u2606CopyCompy17|gg\n|c|\u2606CopyCompy17|i like the team\n|inactive|CopyCompy17 has 60 seconds left.\n|\n|t:|1699208853\n|move|p2a: Palindrome|Helping Hand|p2b: Crimson\n|-singleturn|p2b: Crimson|Helping Hand|[of] p2a: Palindrome\n|move|p2b: Crimson|Sucker Punch||[still]\n|-fail|p2b: Crimson\n|move|p1a: Noctowl|Calm Mind|p1a: Noctowl\n|-boost|p1a: Noctowl|spa|1\n|-boost|p1a: Noctowl|spd|1\n|\n|-heal|p1a: Noctowl|67\/100|[from] item: Leftovers\n|upkeep\n|turn|15\n|\n|t:|1699208871\n|move|p2a: Palindrome|Helping Hand|p2b: Crimson\n|-singleturn|p2b: Crimson|Helping Hand|[of] p2a: Palindrome\n|move|p2b: Crimson|Horn Leech|p1a: Noctowl\n|-resisted|p1a: Noctowl\n|-damage|p1a: Noctowl|44\/100\n|-heal|p2b: Crimson|82\/100|[from] drain|[of] p1a: Noctowl\n|move|p1a: Noctowl|Calm Mind|p1a: Noctowl\n|-boost|p1a: Noctowl|spa|1\n|-boost|p1a: Noctowl|spd|1\n|\n|-heal|p1a: Noctowl|50\/100|[from] item: Leftovers\n|-sideend|p1: Sm0k3y|move: Light Screen\n|-fieldend|move: Trick Room\n|upkeep\n|turn|16\n|\n|t:|1699208898\n|-terastallize|p2b: Crimson|Fire\n|move|p1a: Noctowl|Roost|p1a: Noctowl\n|-heal|p1a: Noctowl|100\/100\n|-singleturn|p1a: Noctowl|move: Roost\n|move|p2b: Crimson|Horn Leech|p1a: Noctowl\n|-damage|p1a: Noctowl|72\/100\n|-heal|p2b: Crimson|97\/100|[from] drain|[of] p1a: Noctowl\n|move|p2a: Palindrome|Trick Room|p2a: Palindrome\n|-fieldstart|move: Trick Room|[of] p2a: Palindrome\n|\n|-heal|p1a: Noctowl|78\/100|[from] item: Leftovers\n|upkeep\n|turn|17\n|c|\u2606Sm0k3y|Thank you\n|c|\u2606CopyCompy17|yw\n|\n|t:|1699208918\n|move|p2a: Palindrome|Helping Hand|p2b: Crimson\n|-singleturn|p2b: Crimson|Helping Hand|[of] p2a: Palindrome\n|move|p2b: Crimson|Horn Leech|p1a: Noctowl\n|-resisted|p1a: Noctowl\n|-damage|p1a: Noctowl|58\/100\n|-heal|p2b: Crimson|100\/100|[from] drain|[of] p1a: Noctowl\n|move|p1a: Noctowl|Moonblast|p2b: Crimson\n|-resisted|p2b: Crimson\n|-damage|p2b: Crimson|47\/100\n|-enditem|p2b: Crimson|Sitrus Berry|[eat]\n|-heal|p2b: Crimson|72\/100|[from] item: Sitrus Berry\n|\n|-heal|p1a: Noctowl|64\/100|[from] item: Leftovers\n|upkeep\n|turn|18\n|inactive|CopyCompy17 has 90 seconds left.\n|\n|t:|1699208936\n|move|p2a: Palindrome|Helping Hand|p2b: Crimson\n|-singleturn|p2b: Crimson|Helping Hand|[of] p2a: Palindrome\n|move|p2b: Crimson|Horn Leech|p1a: Noctowl\n|-resisted|p1a: Noctowl\n|-damage|p1a: Noctowl|44\/100\n|-heal|p2b: Crimson|83\/100|[from] drain|[of] p1a: Noctowl\n|move|p1a: Noctowl|Roost|p1a: Noctowl\n|-heal|p1a: Noctowl|94\/100\n|-singleturn|p1a: Noctowl|move: Roost\n|\n|-heal|p1a: Noctowl|100\/100|[from] item: Leftovers\n|upkeep\n|turn|19\n|c|\u2606Sm0k3y|Noctowl is the mvp of this team\n|c|\u2606CopyCompy17|lol\n|inactive|CopyCompy17 has 90 seconds left.\n|\n|t:|1699208958\n|move|p2a: Palindrome|Helping Hand|p2b: Crimson\n|-singleturn|p2b: Crimson|Helping Hand|[of] p2a: Palindrome\n|move|p2b: Crimson|Horn Leech|p1a: Noctowl\n|-resisted|p1a: Noctowl\n|-damage|p1a: Noctowl|81\/100\n|-heal|p2b: Crimson|93\/100|[from] drain|[of] p1a: Noctowl\n|move|p1a: Noctowl|Calm Mind|p1a: Noctowl\n|-boost|p1a: Noctowl|spa|1\n|-boost|p1a: Noctowl|spd|1\n|\n|-heal|p1a: Noctowl|87\/100|[from] item: Leftovers\n|-item|p2b: Crimson|Sitrus Berry|[from] ability: Harvest\n|upkeep\n|turn|20\n|\n|t:|1699208975\n|move|p2a: Palindrome|Helping Hand|p2b: Crimson\n|-singleturn|p2b: Crimson|Helping Hand|[of] p2a: Palindrome\n|move|p2b: Crimson|Horn Leech|p1a: Noctowl\n|-resisted|p1a: Noctowl\n|-damage|p1a: Noctowl|67\/100\n|-heal|p2b: Crimson|100\/100|[from] drain|[of] p1a: Noctowl\n|move|p1a: Noctowl|Calm Mind|p1a: Noctowl\n|-boost|p1a: Noctowl|spa|1\n|-boost|p1a: Noctowl|spd|1\n|\n|-heal|p1a: Noctowl|73\/100|[from] item: Leftovers\n|-fieldend|move: Trick Room\n|upkeep\n|turn|21\n|inactive|CopyCompy17 has 120 seconds left.\n|c|\u2606Sm0k3y|Lol he literally is, he wins majority of my battles\n|\n|t:|1699208993\n|move|p1a: Noctowl|Hyper Voice|p2a: Palindrome|[spread] p2a,p2b\n|-damage|p2a: Palindrome|0 fnt\n|-damage|p2b: Crimson|19\/100\n|-enditem|p2b: Crimson|Sitrus Berry|[eat]\n|-heal|p2b: Crimson|43\/100|[from] item: Sitrus Berry\n|faint|p2a: Palindrome\n|move|p2b: Crimson|Horn Leech|p1a: Noctowl\n|-resisted|p1a: Noctowl\n|-damage|p1a: Noctowl|59\/100\n|-heal|p2b: Crimson|51\/100|[from] drain|[of] p1a: Noctowl\n|\n|-heal|p1a: Noctowl|65\/100|[from] item: Leftovers\n|upkeep\n|c|\u2606CopyCompy17|damn\n|\n|t:|1699209005\n|switch|p2a: fReDdY fAzBeAr|Ursaluna-Bloodmoon, M|100\/100\n|-damage|p2a: fReDdY fAzBeAr|94\/100|[from] Stealth Rock\n|turn|22\n|inactive|CopyCompy17 has 120 seconds left.\n|c|\u2606CopyCompy17|i forgot i had a final pokemon lol\n|\n|t:|1699209035\n|move|p1a: Noctowl|Hyper Voice|p2b: Crimson|[spread] p2a,p2b\n|-damage|p2a: fReDdY fAzBeAr|27\/100\n|-damage|p2b: Crimson|0 fnt\n|faint|p2b: Crimson\n|move|p2a: fReDdY fAzBeAr|Blood Moon|p1a: Noctowl\n|-damage|p1a: Noctowl|50\/100\n|\n|-heal|p1a: Noctowl|56\/100|[from] item: Leftovers\n|upkeep\n|turn|23\n|inactive|CopyCompy17 has 120 seconds left.\n|\n|t:|1699209043\n|move|p1a: Noctowl|Hyper Voice|p2a: fReDdY fAzBeAr\n|-damage|p2a: fReDdY fAzBeAr|0 fnt\n|faint|p2a: fReDdY fAzBeAr\n|\n|win|Sm0k3y\n|raw|Sm0k3y's rating: 1144 &rarr; <strong>1173<\/strong><br \/>(+29 for winning)\n|raw|CopyCompy17's rating: 1206 &rarr; <strong>1177<\/strong><br \/>(-29 for losing)\n|c|\u2606Sm0k3y|gg\n|c|\u2606CopyCompy17|gg\n","uploadtime":1699209053,"views":8,"p1id":"sm0k3y","p2id":"copycompy17","formatid":"gen9doublesou","rating":1173,"private":0,"password":""}