{"id":"gen9doublesou-1971881443","p1":"MonikakinoM","p2":"TwentyTap","format":"[Gen 9] Doubles OU","log":"|j|\u2606MonikakinoM\n|j|\u2606TwentyTap\n|t:|1697786280\n|gametype|doubles\n|player|p1|MonikakinoM|hilda-wonderlauncher|\n|player|p2|TwentyTap|n|\n|teamsize|p1|6\n|teamsize|p2|6\n|gen|9\n|tier|[Gen 9] Doubles OU\n|rule|Species Clause: Limit one of each Pok\u00e9mon\n|rule|OHKO Clause: OHKO moves are banned\n|rule|Evasion Moves Clause: Evasion moves are banned\n|rule|Gravity Sleep Clause: The combination of sleep-inducing moves with imperfect accuracy and Gravity or Gigantamax Orbeetle are banned\n|rule|Endless Battle Clause: Forcing endless battles is banned\n|rule|HP Percentage Mod: HP is shown in percentages\n|clearpoke\n|poke|p1|Ursaluna, F|\n|poke|p1|Cresselia, F|\n|poke|p1|Tinkaton, F|\n|poke|p1|Hatterene, F|\n|poke|p1|Avalugg-Hisui, M|\n|poke|p1|Amoonguss, F|\n|poke|p2|Flutter Mane|\n|poke|p2|Kingambit, M|\n|poke|p2|Amoonguss, M|\n|poke|p2|Zoroark-Hisui, M|\n|poke|p2|Ogerpon-Wellspring, F|\n|poke|p2|Goodra-Hisui, M|\n|teampreview\n|inactive|Battle timer is ON: inactive players will automatically lose when time's up. (requested by MonikakinoM)\n|\n|t:|1697786290\n|start\n|switch|p1a: Cresselia|Cresselia, F|100\/100\n|switch|p1b: Avalugg|Avalugg-Hisui, M|100\/100\n|switch|p2a: Ogerpon|Ogerpon-Wellspring, F|100\/100\n|switch|p2b: Goodra|Goodra-Hisui, M|100\/100\n|turn|1\n|\n|t:|1697786311\n|-terastallize|p2a: Ogerpon|Water\n|detailschange|p2a: Ogerpon|Ogerpon-Wellspring-Tera, F, tera:Water\n|-ability|p2a: Ogerpon|Embody Aspect (Wellspring)|boost\n|-boost|p2a: Ogerpon|spd|1\n|move|p2a: Ogerpon|Ivy Cudgel|p1b: Avalugg\n|-supereffective|p1b: Avalugg\n|-crit|p1b: Avalugg\n|-damage|p1b: Avalugg|0 fnt\n|faint|p1b: Avalugg\n|move|p2b: Goodra|Acid Spray|p1a: Cresselia\n|-damage|p1a: Cresselia|96\/100\n|-unboost|p1a: Cresselia|spd|2\n|move|p1a: Cresselia|Trick Room|p1a: Cresselia\n|-fieldstart|move: Trick Room|[of] p1a: Cresselia\n|\n|-heal|p1a: Cresselia|100\/100|[from] item: Leftovers\n|upkeep\n|\n|t:|1697786326\n|switch|p1b: Ursaluna|Ursaluna, F|100\/100\n|turn|2\n|\n|t:|1697786339\n|move|p2a: Ogerpon|Spiky Shield|p2a: Ogerpon\n|-singleturn|p2a: Ogerpon|move: Protect\n|move|p1b: Ursaluna|Earthquake|p2b: Goodra|[spread] p2b\n|-activate|p2a: Ogerpon|move: Protect\n|-immune|p1a: Cresselia|[from] ability: Levitate\n|-supereffective|p2b: Goodra\n|-damage|p2b: Goodra|18\/100\n|move|p2b: Goodra|Draco Meteor|p1b: Ursaluna\n|-damage|p1b: Ursaluna|59\/100\n|-unboost|p2b: Goodra|spa|2\n|move|p1a: Cresselia|Psychic|p2a: Ogerpon\n|-activate|p2a: Ogerpon|move: Protect\n|\n|-heal|p2b: Goodra|24\/100|[from] item: Leftovers\n|-status|p1b: Ursaluna|brn|[from] item: Flame Orb\n|upkeep\n|turn|3\n|inactive|TwentyTap has 270 seconds left.\n|\n|t:|1697786382\n|switch|p2b: Flutter Mane|Flutter Mane, shiny|100\/100\n|-enditem|p2b: Flutter Mane|Booster Energy\n|-activate|p2b: Flutter Mane|ability: Protosynthesis|[fromitem]\n|-start|p2b: Flutter Mane|protosynthesisspe\n|move|p1b: Ursaluna|Facade|p2a: Ogerpon\n|-damage|p2a: Ogerpon|0 fnt\n|faint|p2a: Ogerpon\n|move|p1a: Cresselia|Lunar Blessing|p1a: Cresselia|[spread] p1a,p1b\n|-heal|p1b: Ursaluna|84\/100 brn\n|-curestatus|p1b: Ursaluna|brn|[msg]\n|\n|-status|p1b: Ursaluna|brn|[from] item: Flame Orb\n|upkeep\n|\n|t:|1697786398\n|switch|p2a: Amoonguss|Amoonguss, M|100\/100\n|turn|4\n|inactive|TwentyTap has 270 seconds left.\n|\n|t:|1697786420\n|move|p2b: Flutter Mane|Protect|p2b: Flutter Mane\n|-singleturn|p2b: Flutter Mane|Protect\n|move|p1b: Ursaluna|Earthquake|p2a: Amoonguss|[spread] p2a\n|-activate|p2b: Flutter Mane|move: Protect\n|-immune|p1a: Cresselia|[from] ability: Levitate\n|-damage|p2a: Amoonguss|32\/100\n|move|p2a: Amoonguss|Sludge Bomb|p1a: Cresselia\n|-damage|p1a: Cresselia|75\/100\n|move|p1a: Cresselia|Psychic|p2a: Amoonguss\n|-supereffective|p2a: Amoonguss\n|-damage|p2a: Amoonguss|0 fnt\n|faint|p2a: Amoonguss\n|\n|-heal|p1a: Cresselia|81\/100|[from] item: Leftovers\n|-damage|p1b: Ursaluna|78\/100 brn|[from] brn\n|upkeep\n|inactive|TwentyTap has 240 seconds left.\n|\n|t:|1697786443\n|switch|p2a: Goodra|Goodra-Hisui, M|24\/100\n|turn|5\n|\n|t:|1697786455\n|move|p2a: Goodra|Protect|p2a: Goodra\n|-singleturn|p2a: Goodra|Protect\n|move|p1b: Ursaluna|Earthquake|p2b: Flutter Mane|[spread] p2b\n|-activate|p2a: Goodra|move: Protect\n|-immune|p1a: Cresselia|[from] ability: Levitate\n|-damage|p2b: Flutter Mane|0 fnt\n|faint|p2b: Flutter Mane\n|-end|p2b: Flutter Mane|Protosynthesis|[silent]\n|move|p1a: Cresselia|Lunar Blessing|p1a: Cresselia|[spread] p1a,p1b\n|-heal|p1a: Cresselia|100\/100\n|-heal|p1b: Ursaluna|100\/100 brn\n|-curestatus|p1b: Ursaluna|brn|[msg]\n|\n|-heal|p2a: Goodra|30\/100|[from] item: Leftovers\n|-fieldend|move: Trick Room\n|-status|p1b: Ursaluna|brn|[from] item: Flame Orb\n|upkeep\n|inactive|TwentyTap has 240 seconds left.\n|\n|t:|1697786476\n|switch|p2b: Kingambit|Kingambit, M|100\/100\n|turn|6\n|\n|t:|1697786495\n|move|p2b: Kingambit|Bitter Malice|p1a: Cresselia\n|-supereffective|p1a: Cresselia\n|-crit|p1a: Cresselia\n|-damage|p1a: Cresselia|0 fnt\n|faint|p1a: Cresselia\n|move|p2a: Goodra|Draco Meteor|p1b: Ursaluna\n|-damage|p1b: Ursaluna|59\/100 brn\n|-unboost|p2a: Goodra|spa|2\n|move|p1b: Ursaluna|Earthquake|p2b: Kingambit|[spread] p2a,p2b\n|-supereffective|p2a: Goodra\n|-damage|p2a: Goodra|0 fnt\n|-damage|p2b: Kingambit|0 fnt\n|replace|p2b: Zoroark|Zoroark-Hisui, M\n|-end|p2b: Zoroark|Illusion\n|faint|p2a: Goodra\n|faint|p2b: Zoroark\n|\n|-damage|p1b: Ursaluna|53\/100 brn|[from] brn\n|upkeep\n|inactive|TwentyTap has 270 seconds left.\n|\n|t:|1697786521\n|switch|p2b: Kingambit|Kingambit, M|100\/100\n|switch|p1a: Hatterene|Hatterene, F|100\/100\n|turn|7\n|inactive|TwentyTap has 270 seconds left.\n|\n|t:|1697786538\n|move|p2b: Kingambit|Iron Head|p1b: Ursaluna\n|-crit|p1b: Ursaluna\n|-damage|p1b: Ursaluna|1\/100 brn\n|cant|p1b: Ursaluna|flinch\n|move|p1a: Hatterene|Trick Room|p1a: Hatterene\n|-fieldstart|move: Trick Room|[of] p1a: Hatterene\n|\n|-damage|p1b: Ursaluna|0 fnt|[from] brn\n|faint|p1b: Ursaluna\n|upkeep\n|\n|t:|1697786546\n|switch|p1b: Tinkaton|Tinkaton, F|100\/100\n|-ability|p1b: Tinkaton|Mold Breaker\n|turn|8\n|\n|t:|1697786563\n|move|p1b: Tinkaton|Fake Out|p2b: Kingambit\n|-resisted|p2b: Kingambit\n|-damage|p2b: Kingambit|97\/100\n|move|p1a: Hatterene|Mystical Fire|p2b: Kingambit\n|-supereffective|p2b: Kingambit\n|-damage|p2b: Kingambit|61\/100\n|-unboost|p2b: Kingambit|spa|1\n|-ability|p2b: Kingambit|Defiant|boost\n|-boost|p2b: Kingambit|atk|2\n|cant|p2b: Kingambit|flinch\n|\n|upkeep\n|turn|9\n|\n|t:|1697786582\n|move|p1a: Hatterene|Mystical Fire|p2b: Kingambit\n|-supereffective|p2b: Kingambit\n|-damage|p2b: Kingambit|25\/100\n|-unboost|p2b: Kingambit|spa|1\n|-ability|p2b: Kingambit|Defiant|boost\n|-boost|p2b: Kingambit|atk|2\n|move|p2b: Kingambit|Kowtow Cleave|p1b: Tinkaton\n|-resisted|p1b: Tinkaton\n|-damage|p1b: Tinkaton|37\/100\n|move|p1b: Tinkaton|Knock Off|p2b: Kingambit\n|-resisted|p2b: Kingambit\n|-damage|p2b: Kingambit|17\/100\n|-enditem|p2b: Kingambit|Assault Vest|[from] move: Knock Off|[of] p1b: Tinkaton\n|\n|upkeep\n|turn|10\n|\n|t:|1697786600\n|move|p2b: Kingambit|Sucker Punch|p1a: Hatterene\n|-crit|p1a: Hatterene\n|-damage|p1a: Hatterene|0 fnt\n|faint|p1a: Hatterene\n|move|p1b: Tinkaton|Gigaton Hammer|p2b: Kingambit\n|-resisted|p2b: Kingambit\n|-damage|p2b: Kingambit|0 fnt\n|faint|p2b: Kingambit\n|\n|win|MonikakinoM\n","uploadtime":1697786610,"views":22,"p1id":"monikakinom","p2id":"twentytap","formatid":"gen9doublesou","rating":0,"private":0,"password":""}