{"id":"gen9doublesou-1997998493","p1":"Hey Its Lunar!","p2":"bananaszn","format":"[Gen 9] Doubles OU","log":"|j|\u2606Hey Its Lunar!\n|j|\u2606bananaszn\n|t:|1700877095\n|gametype|doubles\n|player|p1|Hey Its Lunar!|cynthia-gen4|1312\n|player|p2|bananaszn|brycen|1420\n|teamsize|p1|6\n|teamsize|p2|6\n|gen|9\n|tier|[Gen 9] Doubles OU\n|rated|\n|rule|Species Clause: Limit one of each Pok\u00e9mon\n|rule|OHKO Clause: OHKO moves are banned\n|rule|Evasion Moves Clause: Evasion moves are banned\n|rule|Gravity Sleep Clause: The combination of sleep-inducing moves with imperfect accuracy and Gravity or Gigantamax Orbeetle are banned\n|rule|Endless Battle Clause: Forcing endless battles is banned\n|rule|HP Percentage Mod: HP is shown in percentages\n|clearpoke\n|poke|p1|Tauros-Paldea-Aqua, M|\n|poke|p1|Flamigo, M|\n|poke|p1|Froslass, F|\n|poke|p1|Chi-Yu|\n|poke|p1|Flutter Mane|\n|poke|p1|Regieleki|\n|poke|p2|Scizor, M|\n|poke|p2|Tornadus, M|\n|poke|p2|Chien-Pao|\n|poke|p2|Iron Hands|\n|poke|p2|Volcanion|\n|poke|p2|Great Tusk|\n|teampreview\n|inactive|Battle timer is ON: inactive players will automatically lose when time's up. (requested by Hey Its Lunar!)\n|\n|t:|1700877120\n|start\n|switch|p1a: Tauros|Tauros-Paldea-Aqua, M|100\/100\n|switch|p1b: Froslass|Froslass, F|100\/100\n|switch|p2a: Druski|Iron Hands|100\/100\n|switch|p2b: Iggy Azalea|Chien-Pao|100\/100\n|-ability|p2b: Iggy Azalea|Sword of Ruin\n|turn|1\n|\n|t:|1700877142\n|move|p2b: Iggy Azalea|Throat Chop|p1b: Froslass\n|-supereffective|p1b: Froslass\n|-enditem|p1b: Froslass|Focus Sash\n|-damage|p1b: Froslass|1\/100\n|-start|p1b: Froslass|Throat Chop|[silent]\n|-start|p2b: Iggy Azalea|Disable|Throat Chop|[from] ability: Cursed Body|[of] p1b: Froslass\n|-damage|p2b: Iggy Azalea|91\/100|[from] item: Life Orb\n|move|p1b: Froslass|Frost Breath|p1a: Tauros\n|-resisted|p1a: Tauros\n|-crit|p1a: Tauros\n|-damage|p1a: Tauros|81\/100\n|-setboost|p1a: Tauros|atk|6|[from] ability: Anger Point\n|move|p1a: Tauros|Rock Slide|p2b: Iggy Azalea|[spread] p2a,p2b\n|-resisted|p2a: Druski\n|-supereffective|p2b: Iggy Azalea\n|-damage|p2a: Druski|66\/100\n|-damage|p2b: Iggy Azalea|0 fnt\n|faint|p2b: Iggy Azalea\n|move|p2a: Druski|Volt Switch|p1a: Tauros\n|-supereffective|p1a: Tauros\n|-damage|p1a: Tauros|41\/100\n|inactive|bananaszn has 120 seconds left.\n|\n|t:|1700877163\n|-end|p2a: Druski|Quark Drive|[silent]\n|switch|p2a: YN Jay|Tornadus, M|100\/100|[from] Volt Switch\n|\n|upkeep\n|inactive|bananaszn has 120 seconds left.\n|\n|t:|1700877176\n|switch|p2b: Volcanion|Volcanion|100\/100\n|turn|2\n|\n|t:|1700877188\n|move|p2b: Volcanion|Protect|p2b: Volcanion\n|-singleturn|p2b: Volcanion|Protect\n|move|p2a: YN Jay|Tailwind|p2a: YN Jay\n|-sidestart|p2: bananaszn|move: Tailwind\n|move|p1b: Froslass|Destiny Bond|p1b: Froslass\n|-singlemove|p1b: Froslass|Destiny Bond\n|move|p1a: Tauros|Rock Slide|p2a: YN Jay|[spread] p2a\n|-activate|p2b: Volcanion|move: Protect\n|-supereffective|p2a: YN Jay\n|-enditem|p2a: YN Jay|Focus Sash\n|-damage|p2a: YN Jay|1\/100\n|\n|-end|p1b: Froslass|Throat Chop|[silent]\n|upkeep\n|turn|3\n|inactive|bananaszn has 120 seconds left.\n|\n|t:|1700877220\n|move|p2a: YN Jay|Protect|p2a: YN Jay\n|-singleturn|p2a: YN Jay|Protect\n|move|p2b: Volcanion|Steam Eruption|p1a: Tauros\n|-resisted|p1a: Tauros\n|-damage|p1a: Tauros|0 fnt\n|faint|p1a: Tauros\n|move|p1b: Froslass|Icy Wind|p2a: YN Jay|[spread] p2b\n|-activate|p2a: YN Jay|move: Protect\n|-resisted|p2b: Volcanion\n|-damage|p2b: Volcanion|98\/100\n|-unboost|p2b: Volcanion|spe|1\n|\n|-heal|p2b: Volcanion|100\/100|[from] item: Leftovers\n|upkeep\n|\n|t:|1700877238\n|switch|p1a: Regieleki|Regieleki|100\/100\n|turn|4\n|\n|t:|1700877265\n|switch|p2b: Great Tusk|Great Tusk|100\/100\n|move|p2a: YN Jay|Bleakwind Storm|p1a: Regieleki|[spread] p1a\n|-miss|p2a: YN Jay|p1b: Froslass\n|-resisted|p1a: Regieleki\n|-damage|p1a: Regieleki|63\/100\n|-unboost|p1a: Regieleki|spe|1\n|move|p1a: Regieleki|Electroweb|p2b: Great Tusk|[spread] p2a\n|-immune|p2b: Great Tusk\n|-supereffective|p2a: YN Jay\n|-damage|p2a: YN Jay|0 fnt\n|faint|p2a: YN Jay\n|move|p1b: Froslass|Destiny Bond|p1b: Froslass\n|-singlemove|p1b: Froslass|Destiny Bond\n|\n|upkeep\n|inactive|bananaszn has 120 seconds left.\n|\n|t:|1700877286\n|switch|p2a: Kawhi Leonard|Scizor, M|100\/100\n|turn|5\n|\n|t:|1700877303\n|-terastallize|p1a: Regieleki|Ice\n|move|p2a: Kawhi Leonard|Bullet Punch|p1a: Regieleki\n|-supereffective|p1a: Regieleki\n|-damage|p1a: Regieleki|0 fnt\n|faint|p1a: Regieleki\n|move|p2b: Great Tusk|Close Combat|p1b: Froslass\n|-immune|p1b: Froslass\n|move|p1b: Froslass|Frost Breath|p2b: Great Tusk\n|-supereffective|p2b: Great Tusk\n|-crit|p2b: Great Tusk\n|-damage|p2b: Great Tusk|65\/100\n|\n|-sideend|p2: bananaszn|move: Tailwind\n|upkeep\n|\n|t:|1700877326\n|switch|p1a: Flutter Mane|Flutter Mane|100\/100\n|-enditem|p1a: Flutter Mane|Booster Energy\n|-activate|p1a: Flutter Mane|ability: Protosynthesis|[fromitem]\n|-start|p1a: Flutter Mane|protosynthesisspa\n|turn|6\n|\n|t:|1700877338\n|-end|p2b: Great Tusk|Protosynthesis|[silent]\n|switch|p2b: Volcanion|Volcanion|100\/100\n|move|p2a: Kawhi Leonard|Bullet Punch|p1a: Flutter Mane\n|-supereffective|p1a: Flutter Mane\n|-damage|p1a: Flutter Mane|0 fnt\n|faint|p1a: Flutter Mane\n|-end|p1a: Flutter Mane|Protosynthesis|[silent]\n|move|p1b: Froslass|Icy Wind|p2b: Volcanion|[spread] p2a,p2b\n|-resisted|p2a: Kawhi Leonard\n|-resisted|p2b: Volcanion\n|-damage|p2a: Kawhi Leonard|94\/100\n|-damage|p2b: Volcanion|98\/100\n|-unboost|p2a: Kawhi Leonard|spe|1\n|-unboost|p2b: Volcanion|spe|1\n|\n|-heal|p2b: Volcanion|100\/100|[from] item: Leftovers\n|upkeep\n|\n|t:|1700877351\n|switch|p1a: Chi-Yu|Chi-Yu|100\/100\n|-ability|p1a: Chi-Yu|Beads of Ruin\n|turn|7\n|\n|t:|1700877366\n|-terastallize|p2a: Kawhi Leonard|Rock\n|move|p2a: Kawhi Leonard|Bullet Punch|p1b: Froslass\n|-supereffective|p1b: Froslass\n|-damage|p1b: Froslass|0 fnt\n|faint|p1b: Froslass\n|move|p1a: Chi-Yu|Heat Wave|p2b: Volcanion|[spread] p2a,p2b\n|-resisted|p2a: Kawhi Leonard\n|-resisted|p2b: Volcanion\n|-damage|p2a: Kawhi Leonard|56\/100\n|-damage|p2b: Volcanion|83\/100\n|-damage|p1a: Chi-Yu|91\/100|[from] item: Life Orb\n|move|p2b: Volcanion|Steam Eruption|p1a: Chi-Yu\n|-supereffective|p1a: Chi-Yu\n|-damage|p1a: Chi-Yu|0 fnt\n|faint|p1a: Chi-Yu\n|\n|-heal|p2b: Volcanion|89\/100|[from] item: Leftovers\n|upkeep\n|-message|Hey Its Lunar! forfeited.\n|\n|win|bananaszn\n|raw|Hey Its Lunar!'s rating: 1312 &rarr; <strong>1298<\/strong><br \/>(-14 for losing)\n|raw|bananaszn's rating: 1420 &rarr; <strong>1434<\/strong><br \/>(+14 for winning)\n|l|\u2606Hey Its Lunar!\n","uploadtime":1700877391,"views":12,"p1id":"heyitslunar","p2id":"bananaszn","formatid":"gen9doublesou","rating":1298,"private":0,"password":""}