{"id":"gen9doublesou-1989122494","p1":"yisuspty","p2":"12123434a","format":"[Gen 9] Doubles OU","log":"|j|\u2606yisuspty\n|j|\u260612123434a\n|t:|1699814647\n|gametype|doubles\n|player|p1|yisuspty|youngn|1527\n|player|p2|12123434a|twins-gen4dp|1485\n|teamsize|p1|6\n|teamsize|p2|6\n|gen|9\n|tier|[Gen 9] Doubles OU\n|rated|\n|rule|Species Clause: Limit one of each Pok\u00e9mon\n|rule|OHKO Clause: OHKO moves are banned\n|rule|Evasion Moves Clause: Evasion moves are banned\n|rule|Gravity Sleep Clause: The combination of sleep-inducing moves with imperfect accuracy and Gravity or Gigantamax Orbeetle are banned\n|rule|Endless Battle Clause: Forcing endless battles is banned\n|rule|HP Percentage Mod: HP is shown in percentages\n|clearpoke\n|poke|p1|Walking Wake|\n|poke|p1|Torkoal, F|\n|poke|p1|Armarouge, M|\n|poke|p1|Iron Bundle|\n|poke|p1|Indeedee-F, F|\n|poke|p1|Lilligant-Hisui, F|\n|poke|p2|Ogerpon-Hearthflame, F|\n|poke|p2|Chien-Pao|\n|poke|p2|Ting-Lu|\n|poke|p2|Grimmsnarl, M|\n|poke|p2|Iron Hands|\n|poke|p2|Hatterene, F|\n|teampreview\n|inactive|Battle timer is ON: inactive players will automatically lose when time's up. (requested by 12123434a)\n|inactive|12123434a has 120 seconds left.\n|\n|t:|1699814698\n|start\n|switch|p1a: Iron Bundle|Iron Bundle|100\/100\n|switch|p1b: Armarouge|Armarouge, M, shiny|100\/100\n|switch|p2a: Ogerpon|Ogerpon-Hearthflame, F|100\/100\n|switch|p2b: Grimmsnarl|Grimmsnarl, M|100\/100\n|-ability|p2a: Ogerpon|Mold Breaker\n|-enditem|p1a: Iron Bundle|Booster Energy\n|-activate|p1a: Iron Bundle|ability: Quark Drive|[fromitem]\n|-start|p1a: Iron Bundle|quarkdrivespe\n|turn|1\n|j| tegan02\n|inactive|12123434a has 120 seconds left.\n|\n|t:|1699814746\n|move|p1a: Iron Bundle|Protect|p1a: Iron Bundle\n|-singleturn|p1a: Iron Bundle|Protect\n|move|p1b: Armarouge|Protect|p1b: Armarouge\n|-singleturn|p1b: Armarouge|Protect\n|move|p2b: Grimmsnarl|Light Screen|p2b: Grimmsnarl\n|-sidestart|p2: 12123434a|move: Light Screen\n|move|p2a: Ogerpon|Horn Leech|p1a: Iron Bundle\n|-activate|p1a: Iron Bundle|move: Protect\n|\n|upkeep\n|turn|2\n|inactive|12123434a has 120 seconds left.\n|l| tegan02\n|\n|t:|1699814775\n|-terastallize|p1b: Armarouge|Psychic\n|move|p1a: Iron Bundle|U-turn|p1b: Armarouge\n|-supereffective|p1b: Armarouge\n|-damage|p1b: Armarouge|74\/100\n|-ability|p1b: Armarouge|Weak Armor|boost\n|-unboost|p1b: Armarouge|def|1\n|-boost|p1b: Armarouge|spe|2\n|-enditem|p1b: Armarouge|Weakness Policy\n|-boost|p1b: Armarouge|atk|2|[from] item: Weakness Policy\n|-boost|p1b: Armarouge|spa|2|[from] item: Weakness Policy\n|\n|t:|1699814780\n|-end|p1a: Iron Bundle|Quark Drive|[silent]\n|switch|p1a: Torkoal|Torkoal, F|100\/100|[from] U-turn\n|-weather|SunnyDay|[from] ability: Drought|[of] p1a: Torkoal\n|move|p1b: Armarouge|Heat Wave|p2a: Ogerpon|[spread] p2a,p2b\n|-damage|p2a: Ogerpon|29\/100\n|-damage|p2b: Grimmsnarl|19\/100\n|move|p2a: Ogerpon|Swords Dance|p2a: Ogerpon\n|-boost|p2a: Ogerpon|atk|2\n|move|p2b: Grimmsnarl|Spirit Break|p1a: Torkoal\n|-resisted|p1a: Torkoal\n|-damage|p1a: Torkoal|86\/100\n|-unboost|p1a: Torkoal|spa|1\n|\n|-weather|SunnyDay|[upkeep]\n|upkeep\n|turn|3\n|\n|t:|1699814801\n|switch|p1a: Indeedee|Indeedee-F, F, shiny|100\/100\n|-fieldstart|move: Psychic Terrain|[from] ability: Psychic Surge|[of] p1a: Indeedee\n|move|p2b: Grimmsnarl|Parting Shot|p1b: Armarouge\n|-activate|p1b: Armarouge|move: Psychic Terrain\n|move|p1b: Armarouge|Heat Wave|p2b: Grimmsnarl|[spread] p2a,p2b\n|-damage|p2a: Ogerpon|0 fnt\n|-damage|p2b: Grimmsnarl|0 fnt\n|faint|p2a: Ogerpon\n|faint|p2b: Grimmsnarl\n|\n|-weather|SunnyDay|[upkeep]\n|upkeep\n|\n|t:|1699814810\n|switch|p2a: Ting-Lu|Ting-Lu|100\/100\n|switch|p2b: Chien-Pao|Chien-Pao|100\/100\n|-ability|p2b: Chien-Pao|Sword of Ruin\n|-ability|p2a: Ting-Lu|Vessel of Ruin\n|turn|4\n|inactive|yisuspty has 120 seconds left.\n|\n|t:|1699814868\n|move|p1a: Indeedee|Helping Hand|p1b: Armarouge\n|-singleturn|p1b: Armarouge|Helping Hand|[of] p1a: Indeedee\n|move|p1b: Armarouge|Aura Sphere|p2b: Chien-Pao\n|-supereffective|p2b: Chien-Pao\n|-enditem|p2b: Chien-Pao|Focus Sash\n|-damage|p2b: Chien-Pao|1\/100\n|move|p2b: Chien-Pao|Crunch|p1a: Indeedee\n|-supereffective|p1a: Indeedee\n|-enditem|p1a: Indeedee|Focus Sash\n|-damage|p1a: Indeedee|1\/100\n|move|p2a: Ting-Lu|Throat Chop|p1b: Armarouge\n|-supereffective|p1b: Armarouge\n|-damage|p1b: Armarouge|0 fnt\n|faint|p1b: Armarouge\n|\n|-weather|SunnyDay|[upkeep]\n|upkeep\n|inactive|yisuspty has 90 seconds left.\n|\n|t:|1699814881\n|switch|p1b: Walking Wake|Walking Wake|100\/100\n|-activate|p1b: Walking Wake|ability: Protosynthesis\n|-start|p1b: Walking Wake|protosynthesisspe\n|turn|5\n|\n|t:|1699814896\n|-terastallize|p2a: Ting-Lu|Dark\n|move|p1b: Walking Wake|Hydro Steam|p2a: Ting-Lu\n|-damage|p2a: Ting-Lu|80\/100\n|-damage|p1b: Walking Wake|91\/100|[from] item: Life Orb\n|move|p2b: Chien-Pao|Ice Spinner|p1a: Indeedee\n|-damage|p1a: Indeedee|0 fnt\n|-fieldend|move: Psychic Terrain\n|faint|p1a: Indeedee\n|move|p2a: Ting-Lu|Throat Chop|p1b: Walking Wake\n|-damage|p1b: Walking Wake|6\/100\n|-start|p1b: Walking Wake|Throat Chop|[silent]\n|\n|-weather|SunnyDay|[upkeep]\n|upkeep\n|inactive|yisuspty has 90 seconds left.\n|inactive|yisuspty has 60 seconds left.\n|\n|t:|1699814955\n|switch|p1a: Lilligant|Lilligant-Hisui, F|100\/100\n|turn|6\n|\n|t:|1699814970\n|move|p1b: Walking Wake|Protect|p1b: Walking Wake\n|-singleturn|p1b: Walking Wake|Protect\n|move|p2b: Chien-Pao|Sucker Punch||[still]\n|-fail|p2b: Chien-Pao\n|move|p1a: Lilligant|Close Combat|p2a: Ting-Lu\n|-supereffective|p2a: Ting-Lu\n|-damage|p2a: Ting-Lu|0 fnt\n|-unboost|p1a: Lilligant|def|1\n|-unboost|p1a: Lilligant|spd|1\n|faint|p2a: Ting-Lu\n|\n|-weather|none\n|-end|p1b: Walking Wake|Protosynthesis\n|-end|p1b: Walking Wake|Throat Chop|[silent]\n|upkeep\n|\n|t:|1699814978\n|switch|p2a: Iron Hands|Iron Hands|100\/100\n|turn|7\n|inactive|yisuspty has 90 seconds left.\n|\n|t:|1699814991\n|-end|p1b: Walking Wake|Protosynthesis|[silent]\n|switch|p1b: Iron Bundle|Iron Bundle|100\/100\n|switch|p1a: Torkoal|Torkoal, F|86\/100\n|-weather|SunnyDay|[from] ability: Drought|[of] p1a: Torkoal\n|move|p2a: Iron Hands|Fake Out|p1b: Iron Bundle\n|-damage|p1b: Iron Bundle|75\/100\n|move|p2b: Chien-Pao|Ice Spinner|p1a: Torkoal\n|-resisted|p1a: Torkoal\n|-damage|p1a: Torkoal|68\/100\n|\n|-weather|SunnyDay|[upkeep]\n|upkeep\n|turn|8\n|\n|t:|1699815010\n|-end|p2a: Iron Hands|Quark Drive|[silent]\n|switch|p2a: Hatterene|Hatterene, F|100\/100\n|move|p2b: Chien-Pao|Sucker Punch|p1b: Iron Bundle\n|-damage|p1b: Iron Bundle|17\/100\n|move|p1b: Iron Bundle|Icy Wind|p2b: Chien-Pao|[spread] p2a,p2b\n|-resisted|p2b: Chien-Pao\n|-damage|p2a: Hatterene|85\/100\n|-damage|p2b: Chien-Pao|0 fnt\n|-unboost|p2a: Hatterene|spe|1\n|faint|p2b: Chien-Pao\n|move|p1a: Torkoal|Heat Wave|p2a: Hatterene|[miss]\n|-miss|p1a: Torkoal|p2a: Hatterene\n|\n|-weather|SunnyDay|[upkeep]\n|-heal|p2a: Hatterene|91\/100|[from] item: Leftovers\n|-sideend|p2: 12123434a|move: Light Screen\n|upkeep\n|\n|t:|1699815018\n|switch|p2b: Iron Hands|Iron Hands|100\/100\n|turn|9\n|inactive|yisuspty has 120 seconds left.\n|\n|t:|1699815031\n|move|p1b: Iron Bundle|Protect|p1b: Iron Bundle\n|-singleturn|p1b: Iron Bundle|Protect\n|move|p2b: Iron Hands|Fake Out|p1a: Torkoal\n|-damage|p1a: Torkoal|56\/100\n|move|p2a: Hatterene|Calm Mind|p2a: Hatterene\n|-boost|p2a: Hatterene|spa|1\n|-boost|p2a: Hatterene|spd|1\n|cant|p1a: Torkoal|flinch\n|\n|-weather|SunnyDay|[upkeep]\n|-heal|p2a: Hatterene|97\/100|[from] item: Leftovers\n|upkeep\n|turn|10\n|inactive|yisuspty has 120 seconds left.\n|\n|t:|1699815084\n|move|p1b: Iron Bundle|U-turn|p2a: Hatterene\n|-damage|p2a: Hatterene|88\/100\n|\n|t:|1699815086\n|-end|p1b: Iron Bundle|Quark Drive|[silent]\n|switch|p1b: Walking Wake|Walking Wake|6\/100|[from] U-turn\n|-activate|p1b: Walking Wake|ability: Protosynthesis\n|-start|p1b: Walking Wake|protosynthesisspe\n|move|p2b: Iron Hands|Drain Punch|p1a: Torkoal\n|-damage|p1a: Torkoal|19\/100\n|move|p2a: Hatterene|Nuzzle|p1b: Walking Wake\n|-damage|p1b: Walking Wake|1\/100\n|-status|p1b: Walking Wake|par\n|move|p1a: Torkoal|Heat Wave|p2b: Iron Hands|[spread] p2a,p2b\n|-damage|p2a: Hatterene|36\/100\n|-damage|p2b: Iron Hands|58\/100\n|\n|-weather|SunnyDay|[upkeep]\n|-heal|p2a: Hatterene|42\/100|[from] item: Leftovers\n|upkeep\n|turn|11\n|inactive|yisuspty has 120 seconds left.\n|inactive|12123434a has 120 seconds left.\n|\n|t:|1699815117\n|move|p1b: Walking Wake|Draco Meteor|p2b: Iron Hands\n|-crit|p2b: Iron Hands\n|-damage|p2b: Iron Hands|0 fnt\n|-unboost|p1b: Walking Wake|spa|2\n|faint|p2b: Iron Hands\n|-end|p2b: Iron Hands|Quark Drive|[silent]\n|-damage|p1b: Walking Wake|0 fnt|[from] item: Life Orb\n|faint|p1b: Walking Wake\n|-end|p1b: Walking Wake|Protosynthesis|[silent]\n|move|p2a: Hatterene|Draining Kiss|p1a: Torkoal\n|-resisted|p1a: Torkoal\n|-damage|p1a: Torkoal|0 fnt\n|-heal|p2a: Hatterene|58\/100|[from] drain|[of] p1a: Torkoal\n|faint|p1a: Torkoal\n|\n|-weather|none\n|-heal|p2a: Hatterene|64\/100|[from] item: Leftovers\n|upkeep\n|c|\u260612123434a|Bruh\n|inactive|yisuspty has 90 seconds left.\n|\n|t:|1699815133\n|switch|p1b: Iron Bundle|Iron Bundle|17\/100\n|switch|p1a: Lilligant|Lilligant-Hisui, F|100\/100\n|turn|12\n|\n|t:|1699815150\n|move|p1b: Iron Bundle|Hydro Pump|p2a: Hatterene\n|-damage|p2a: Hatterene|23\/100\n|move|p1a: Lilligant|Solar Blade||[still]\n|-prepare|p1a: Lilligant|Solar Blade\n|move|p2a: Hatterene|Draining Kiss|p1a: Lilligant\n|-supereffective|p1a: Lilligant\n|-enditem|p1a: Lilligant|Focus Sash\n|-damage|p1a: Lilligant|1\/100\n|-heal|p2a: Hatterene|89\/100|[from] drain|[of] p1a: Lilligant\n|\n|-heal|p2a: Hatterene|95\/100|[from] item: Leftovers\n|upkeep\n|turn|13\n|inactive|yisuspty has 120 seconds left.\n|\n|t:|1699815165\n|move|p1b: Iron Bundle|Hydro Pump|p2a: Hatterene\n|-damage|p2a: Hatterene|59\/100\n|move|p1a: Lilligant|Solar Blade|p2a: Hatterene|[from]lockedmove\n|-damage|p2a: Hatterene|17\/100\n|move|p2a: Hatterene|Draining Kiss|p1a: Lilligant\n|-supereffective|p1a: Lilligant\n|-damage|p1a: Lilligant|0 fnt\n|-heal|p2a: Hatterene|17\/100|[from] drain|[of] p1a: Lilligant\n|faint|p1a: Lilligant\n|\n|-heal|p2a: Hatterene|23\/100|[from] item: Leftovers\n|upkeep\n|turn|14\n|\n|t:|1699815180\n|move|p1b: Iron Bundle|Hydro Pump|p2a: Hatterene|[miss]\n|-miss|p1b: Iron Bundle|p2a: Hatterene\n|move|p2a: Hatterene|Draining Kiss|p1b: Iron Bundle\n|-damage|p1b: Iron Bundle|0 fnt\n|-heal|p2a: Hatterene|33\/100|[from] drain|[of] p1b: Iron Bundle\n|faint|p1b: Iron Bundle\n|-end|p1b: Iron Bundle|Quark Drive|[silent]\n|\n|win|12123434a\n|raw|yisuspty's rating: 1527 &rarr; <strong>1505<\/strong><br \/>(-22 for losing)\n|raw|12123434a's rating: 1485 &rarr; <strong>1507<\/strong><br \/>(+22 for winning)\n|c|\u260612123434a|Ggs\n","uploadtime":1699815195,"views":9,"p1id":"yisuspty","p2id":"12123434a","formatid":"gen9doublesou","rating":1505,"private":0,"password":""}