{"id":"gen9doublesou-1995999607","p1":"mercyon","p2":"The_Bright","format":"[Gen 9] Doubles OU","log":"|j|\u2606mercyon\n|j|\u2606The_Bright\n|t:|1700627395\n|gametype|doubles\n|player|p1|mercyon|pokefanf-gen4|1213\n|player|p2|The_Bright|gentleman-gen4|1193\n|teamsize|p1|6\n|teamsize|p2|6\n|gen|9\n|tier|[Gen 9] Doubles OU\n|rated|\n|rule|Species Clause: Limit one of each Pok\u00e9mon\n|rule|OHKO Clause: OHKO moves are banned\n|rule|Evasion Moves Clause: Evasion moves are banned\n|rule|Gravity Sleep Clause: The combination of sleep-inducing moves with imperfect accuracy and Gravity or Gigantamax Orbeetle are banned\n|rule|Endless Battle Clause: Forcing endless battles is banned\n|rule|HP Percentage Mod: HP is shown in percentages\n|clearpoke\n|poke|p1|Chien-Pao|\n|poke|p1|Iron Bundle|\n|poke|p1|Ninetales-Alola, F|\n|poke|p1|Abomasnow, M|\n|poke|p1|Baxcalibur, M|\n|poke|p1|Poliwrath, M|\n|poke|p2|Torkoal, M|\n|poke|p2|Walking Wake|\n|poke|p2|Lilligant-Hisui, F|\n|poke|p2|Cinderace, F|\n|poke|p2|Arcanine-Hisui, M|\n|poke|p2|Roaring Moon|\n|teampreview\n|\n|t:|1700627404\n|start\n|switch|p1a: Baxcalibur|Baxcalibur, M|100\/100\n|switch|p1b: Abomasnow|Abomasnow, M|100\/100\n|switch|p2a: Sunny Boi|Torkoal, M, shiny|100\/100\n|switch|p2b: Mark Zuckerberg|Walking Wake|100\/100\n|-weather|Snow|[from] ability: Snow Warning|[of] p1b: Abomasnow\n|-weather|SunnyDay|[from] ability: Drought|[of] p2a: Sunny Boi\n|-activate|p2b: Mark Zuckerberg|ability: Protosynthesis\n|-start|p2b: Mark Zuckerberg|protosynthesisspa\n|turn|1\n|\n|t:|1700627429\n|switch|p1b: Ninetales|Ninetales-Alola, F|100\/100\n|-weather|Snow|[from] ability: Snow Warning|[of] p1b: Ninetales\n|-end|p2b: Mark Zuckerberg|Protosynthesis\n|-terastallize|p1a: Baxcalibur|Dragon\n|move|p2b: Mark Zuckerberg|Flamethrower|p1b: Ninetales\n|-supereffective|p1b: Ninetales\n|-damage|p1b: Ninetales|0 fnt\n|faint|p1b: Ninetales\n|move|p1a: Baxcalibur|Scale Shot|p2b: Mark Zuckerberg\n|-supereffective|p2b: Mark Zuckerberg\n|-damage|p2b: Mark Zuckerberg|51\/100\n|-supereffective|p2b: Mark Zuckerberg\n|-damage|p2b: Mark Zuckerberg|1\/100\n|-supereffective|p2b: Mark Zuckerberg\n|-damage|p2b: Mark Zuckerberg|0 fnt\n|faint|p2b: Mark Zuckerberg\n|-end|p2b: Mark Zuckerberg|Protosynthesis|[silent]\n|-hitcount|p2: Mark Zuckerberg|3\n|-unboost|p1a: Baxcalibur|def|1\n|-boost|p1a: Baxcalibur|spe|1\n|move|p2a: Sunny Boi|Stealth Rock|p1a: Baxcalibur\n|-sidestart|p1: mercyon|move: Stealth Rock\n|\n|-weather|Snow|[upkeep]\n|upkeep\n|\n|t:|1700627458\n|switch|p2b: Lola|Cinderace, F|100\/100\n|switch|p1b: Poliwrath|Poliwrath, M|100\/100\n|-damage|p1b: Poliwrath|94\/100|[from] Stealth Rock\n|turn|2\n|inactive|Battle timer is ON: inactive players will automatically lose when time's up. (requested by mercyon)\n|\n|t:|1700627488\n|move|p1a: Baxcalibur|Earthquake|p2a: Sunny Boi|[spread] p1b,p2a,p2b\n|-supereffective|p2a: Sunny Boi\n|-supereffective|p2b: Lola\n|-damage|p1b: Poliwrath|62\/100\n|-damage|p2a: Sunny Boi|63\/100\n|-damage|p2b: Lola|10\/100\n|move|p2b: Lola|Gunk Shot|p1a: Baxcalibur\n|-start|p2b: Lola|typechange|Poison|[from] ability: Libero\n|-damage|p1a: Baxcalibur|18\/100\n|-status|p1a: Baxcalibur|psn\n|move|p1b: Poliwrath|Liquidation|p2b: Lola\n|-damage|p2b: Lola|0 fnt\n|faint|p2b: Lola\n|move|p2a: Sunny Boi|Lava Plume|p1b: Poliwrath|[spread] p1a,p1b\n|-resisted|p1a: Baxcalibur\n|-resisted|p1b: Poliwrath\n|-damage|p1a: Baxcalibur|9\/100 psn\n|-damage|p1b: Poliwrath|51\/100\n|-ability|p1a: Baxcalibur|Thermal Exchange|boost\n|-boost|p1a: Baxcalibur|atk|1\n|\n|-weather|Snow|[upkeep]\n|-damage|p1a: Baxcalibur|0 fnt|[from] psn\n|faint|p1a: Baxcalibur\n|upkeep\n|\n|t:|1700627511\n|switch|p2b: Arcanine|Arcanine-Hisui, M, shiny|100\/100\n|switch|p1a: Chien-Pao|Chien-Pao|100\/100\n|-damage|p1a: Chien-Pao|76\/100|[from] Stealth Rock\n|-ability|p1a: Chien-Pao|Sword of Ruin\n|turn|3\n|\n|t:|1700627538\n|move|p1a: Chien-Pao|Sacred Sword|p2b: Arcanine\n|-supereffective|p2b: Arcanine\n|-damage|p2b: Arcanine|9\/100\n|move|p2b: Arcanine|Head Smash|p1b: Poliwrath\n|-resisted|p1b: Poliwrath\n|-damage|p1b: Poliwrath|0 fnt\n|faint|p1b: Poliwrath\n|move|p2a: Sunny Boi|Lava Plume|p1a: Chien-Pao|[spread] p2b,p1a\n|-resisted|p2b: Arcanine\n|-supereffective|p1a: Chien-Pao\n|-damage|p2b: Arcanine|4\/100\n|-damage|p1a: Chien-Pao|37\/100\n|-status|p1a: Chien-Pao|brn\n|\n|-weather|Snow|[upkeep]\n|-damage|p1a: Chien-Pao|31\/100 brn|[from] brn\n|upkeep\n|\n|t:|1700627550\n|switch|p1b: Abomasnow|Abomasnow, M|100\/100\n|-damage|p1b: Abomasnow|76\/100|[from] Stealth Rock\n|turn|4\n|\n|t:|1700627562\n|move|p2b: Arcanine|Extreme Speed|p1a: Chien-Pao\n|-damage|p1a: Chien-Pao|5\/100 brn\n|move|p1a: Chien-Pao|Sucker Punch||[still]\n|-fail|p1a: Chien-Pao\n|move|p1b: Abomasnow|Aurora Veil|p1b: Abomasnow\n|-sidestart|p1: mercyon|move: Aurora Veil\n|move|p2a: Sunny Boi|Lava Plume|p1b: Abomasnow|[spread] p2b,p1a,p1b\n|-resisted|p2b: Arcanine\n|-supereffective|p1a: Chien-Pao\n|-supereffective|p1b: Abomasnow\n|-damage|p2b: Arcanine|0 fnt\n|-damage|p1a: Chien-Pao|0 fnt\n|-damage|p1b: Abomasnow|28\/100\n|-status|p1b: Abomasnow|brn\n|faint|p2b: Arcanine\n|faint|p1a: Chien-Pao\n|\n|-weather|Snow|[upkeep]\n|-damage|p1b: Abomasnow|22\/100 brn|[from] brn\n|upkeep\n|\n|t:|1700627589\n|switch|p1a: Iron Bundle|Iron Bundle|100\/100\n|switch|p2b: Tinkerbell|Lilligant-Hisui, F, shiny|100\/100\n|-damage|p1a: Iron Bundle|76\/100|[from] Stealth Rock\n|turn|5\n|\n|t:|1700627610\n|move|p1a: Iron Bundle|Blizzard|p2a: Sunny Boi|[spread] p2a,p2b\n|-resisted|p2a: Sunny Boi\n|-supereffective|p2b: Tinkerbell\n|-damage|p2a: Sunny Boi|24\/100\n|-damage|p2b: Tinkerbell|0 fnt\n|faint|p2b: Tinkerbell\n|move|p1b: Abomasnow|Blizzard|p2a: Sunny Boi\n|-resisted|p2a: Sunny Boi\n|-damage|p2a: Sunny Boi|0 fnt\n|faint|p2a: Sunny Boi\n|\n|-weather|Snow|[upkeep]\n|-damage|p1b: Abomasnow|16\/100 brn|[from] brn\n|upkeep\n|c|\u2606mercyon|gg\n|inactive|The_Bright has 120 seconds left.\n|\n|t:|1700627626\n|switch|p2b: Toothless|Roaring Moon|100\/100\n|-enditem|p2b: Toothless|Booster Energy\n|-activate|p2b: Toothless|ability: Protosynthesis|[fromitem]\n|-start|p2b: Toothless|protosynthesisatk\n|turn|6\n|\n|t:|1700627644\n|move|p1a: Iron Bundle|Blizzard|p2b: Toothless\n|-supereffective|p2b: Toothless\n|-damage|p2b: Toothless|0 fnt\n|faint|p2b: Toothless\n|-end|p2b: Toothless|Protosynthesis|[silent]\n|\n|win|mercyon\n|raw|mercyon's rating: 1213 &rarr; <strong>1237<\/strong><br \/>(+24 for winning)\n|raw|The_Bright's rating: 1193 &rarr; <strong>1169<\/strong><br \/>(-24 for losing)\n","uploadtime":1700627649,"views":1,"p1id":"mercyon","p2id":"thebright","formatid":"gen9doublesou","rating":1169,"private":0,"password":""}