{"id":"gen9doublesou-1993762334","p1":"Poisonpop","p2":"Virtus","format":"[Gen 9] Doubles OU","log":"|j|\u2606Poisonpop\n|j|\u2606Virtus\n|t:|1700354248\n|gametype|doubles\n|player|p1|Poisonpop|fantina|1000\n|player|p2|Virtus|1|1090\n|teamsize|p1|6\n|teamsize|p2|6\n|gen|9\n|tier|[Gen 9] Doubles OU\n|rated|\n|rule|Species Clause: Limit one of each Pok\u00e9mon\n|rule|OHKO Clause: OHKO moves are banned\n|rule|Evasion Moves Clause: Evasion moves are banned\n|rule|Gravity Sleep Clause: The combination of sleep-inducing moves with imperfect accuracy and Gravity or Gigantamax Orbeetle are banned\n|rule|Endless Battle Clause: Forcing endless battles is banned\n|rule|HP Percentage Mod: HP is shown in percentages\n|clearpoke\n|poke|p1|Azumarill, F|\n|poke|p1|Meowscarada, F|\n|poke|p1|Arboliva, F|\n|poke|p1|Gogoat, F|\n|poke|p1|Pikachu-Alola, M|\n|poke|p1|Wo-Chien|\n|poke|p2|Pikachu, F|\n|poke|p2|Amoonguss, F|\n|poke|p2|Charizard, M|\n|poke|p2|Tyranitar, M|\n|poke|p2|Chi-Yu|\n|poke|p2|Landorus-Therian, M|\n|teampreview\n|\n|t:|1700354257\n|start\n|switch|p1a: Azumarill|Azumarill, F|100\/100\n|switch|p1b: Meowscarada|Meowscarada, F|100\/100\n|switch|p2a: Shane|Pikachu, F|100\/100\n|switch|p2b: Moha479|Landorus-Therian, M|100\/100\n|-ability|p2b: Moha479|Intimidate|boost\n|-unboost|p1a: Azumarill|atk|1\n|-unboost|p1b: Meowscarada|atk|1\n|turn|1\n|\n|t:|1700354280\n|move|p2a: Shane|Fake Out|p1a: Azumarill\n|-damage|p1a: Azumarill|83\/100\n|move|p1b: Meowscarada|Petal Blizzard|p2b: Moha479|[spread] p2a,p2b\n|-ability|p1a: Azumarill|Sap Sipper|boost\n|-boost|p1a: Azumarill|atk|1\n|-damage|p2a: Shane|32\/100\n|-damage|p2b: Moha479|74\/100\n|move|p2b: Moha479|U-turn|p1b: Meowscarada\n|-supereffective|p1b: Meowscarada\n|-enditem|p1b: Meowscarada|Focus Sash\n|-damage|p1b: Meowscarada|1\/100\n|\n|t:|1700354296\n|switch|p2b: Caul Strife|Charizard, M|100\/100|[from] U-turn\n|cant|p1a: Azumarill|flinch\n|\n|upkeep\n|turn|2\n|inactive|Battle timer is ON: inactive players will automatically lose when time's up. (requested by Poisonpop)\n|\n|t:|1700354319\n|move|p2b: Caul Strife|Endure|p2b: Caul Strife\n|-singleturn|p2b: Caul Strife|move: Endure\n|move|p1a: Azumarill|Aqua Jet|p2b: Caul Strife\n|-supereffective|p2b: Caul Strife\n|-damage|p2b: Caul Strife|64\/100\n|-enditem|p2b: Caul Strife|Weakness Policy\n|-boost|p2b: Caul Strife|atk|2|[from] item: Weakness Policy\n|-boost|p2b: Caul Strife|spa|2|[from] item: Weakness Policy\n|move|p1b: Meowscarada|Petal Blizzard|p2a: Shane|[spread] p2a,p2b\n|-ability|p1a: Azumarill|Sap Sipper|boost\n|-boost|p1a: Azumarill|atk|1\n|-resisted|p2b: Caul Strife\n|-damage|p2a: Shane|0 fnt\n|-damage|p2b: Caul Strife|54\/100\n|faint|p2a: Shane\n|\n|upkeep\n|\n|t:|1700354333\n|switch|p2a: Joy|Amoonguss, F|100\/100\n|turn|3\n|\n|t:|1700354353\n|move|p1b: Meowscarada|Ally Switch|p1b: Meowscarada\n|swap|p1b: Meowscarada|0|[from] move: Ally Switch\n|move|p2a: Joy|Rage Powder|p2a: Joy\n|-singleturn|p2a: Joy|move: Rage Powder\n|move|p1b: Azumarill|Aqua Jet|p2a: Joy\n|-resisted|p2a: Joy\n|-damage|p2a: Joy|91\/100\n|move|p2b: Caul Strife|Acrobatics|p1a: Meowscarada\n|-supereffective|p1a: Meowscarada\n|-damage|p1a: Meowscarada|0 fnt\n|faint|p1a: Meowscarada\n|\n|-heal|p2a: Joy|97\/100|[from] item: Leftovers\n|upkeep\n|inactive|Poisonpop has 120 seconds left.\n|\n|t:|1700354384\n|switch|p1a: Pikachu|Pikachu-Alola, M|100\/100\n|turn|4\n|\n|t:|1700354396\n|move|p2b: Caul Strife|Endure|p2b: Caul Strife\n|-singleturn|p2b: Caul Strife|move: Endure\n|move|p1a: Pikachu|Protect|p1a: Pikachu\n|-singleturn|p1a: Pikachu|Protect\n|move|p1b: Azumarill|Aqua Jet|p2b: Caul Strife\n|-supereffective|p2b: Caul Strife\n|-damage|p2b: Caul Strife|5\/100\n|move|p2a: Joy|Spore|p1a: Pikachu\n|-activate|p1a: Pikachu|move: Protect\n|\n|-heal|p2a: Joy|100\/100|[from] item: Leftovers\n|upkeep\n|turn|5\n|\n|t:|1700354417\n|move|p2a: Joy|Rage Powder|p2a: Joy\n|-singleturn|p2a: Joy|move: Rage Powder\n|move|p1b: Azumarill|Aqua Jet|p2a: Joy\n|-resisted|p2a: Joy\n|-damage|p2a: Joy|92\/100\n|move|p2b: Caul Strife|Acrobatics|p1b: Azumarill\n|-damage|p1b: Azumarill|0 fnt\n|faint|p1b: Azumarill\n|move|p1a: Pikachu|Dig||[still]\n|-prepare|p1a: Pikachu|Dig\n|\n|-heal|p2a: Joy|98\/100|[from] item: Leftovers\n|upkeep\n|inactive|Poisonpop has 120 seconds left.\n|\n|t:|1700354441\n|switch|p1b: Arboliva|Arboliva, F|100\/100\n|turn|6\n|\n|t:|1700354453\n|move|p1b: Arboliva|Helping Hand|p1a: Pikachu\n|-singleturn|p1a: Pikachu|Helping Hand|[of] p1b: Arboliva\n|move|p2a: Joy|Rage Powder|p2a: Joy\n|-singleturn|p2a: Joy|move: Rage Powder\n|move|p2b: Caul Strife|Acrobatics|p1b: Arboliva\n|-supereffective|p1b: Arboliva\n|-damage|p1b: Arboliva|0 fnt\n|-fieldstart|move: Grassy Terrain|[from] ability: Seed Sower|[of] p1b: Arboliva\n|faint|p1b: Arboliva\n|move|p1a: Pikachu|Dig|p2a: Joy|[from]lockedmove\n|-damage|p2a: Joy|80\/100\n|\n|-heal|p2a: Joy|86\/100|[from] Grassy Terrain\n|-heal|p2a: Joy|92\/100|[from] item: Leftovers\n|upkeep\n|-message|Poisonpop forfeited.\n|\n|win|Virtus\n|raw|Poisonpop's rating: 1000 &rarr; <strong>1000<\/strong><br \/>(+0 for losing)\n|raw|Virtus's rating: 1090 &rarr; <strong>1110<\/strong><br \/>(+20 for winning)\n|l|\u2606Poisonpop\n","uploadtime":1700354472,"views":21,"p1id":"poisonpop","p2id":"virtus","formatid":"gen9doublesou","rating":1000,"private":0,"password":""}