{"id":"gen9doublesou-1999870251","p1":"popopopo521","p2":"BullishBandit","format":"[Gen 9] Doubles OU","log":"|j|\u2606popopopo521\n|j|\u2606BullishBandit\n|t:|1701124695\n|gametype|doubles\n|player|p1|popopopo521|169|1067\n|player|p2|BullishBandit|2|1126\n|teamsize|p1|6\n|teamsize|p2|6\n|gen|9\n|tier|[Gen 9] Doubles OU\n|rated|\n|rule|Species Clause: Limit one of each Pok\u00e9mon\n|rule|OHKO Clause: OHKO moves are banned\n|rule|Evasion Moves Clause: Evasion moves are banned\n|rule|Gravity Sleep Clause: The combination of sleep-inducing moves with imperfect accuracy and Gravity or Gigantamax Orbeetle are banned\n|rule|Endless Battle Clause: Forcing endless battles is banned\n|rule|HP Percentage Mod: HP is shown in percentages\n|clearpoke\n|poke|p1|Sneasler, M|\n|poke|p1|Rillaboom, F|\n|poke|p1|Chien-Pao|\n|poke|p1|Armarouge, M|\n|poke|p1|Palafin, F|\n|poke|p1|Landorus-Therian, M|\n|poke|p2|Gholdengo|\n|poke|p2|Garganacl, F|\n|poke|p2|Maushold|\n|poke|p2|Toxapex, F|\n|poke|p2|Garchomp, M|\n|poke|p2|Tinkaton, F|\n|teampreview\n|\n|t:|1701124714\n|start\n|switch|p1a: Rillaboom|Rillaboom, F, shiny|100\/100\n|switch|p1b: Sneasler|Sneasler, M|100\/100\n|switch|p2a: Tinkaton|Tinkaton, F|100\/100\n|switch|p2b: Garganacl|Garganacl, F, shiny|100\/100\n|-fieldstart|move: Grassy Terrain|[from] ability: Grassy Surge|[of] p1a: Rillaboom\n|-enditem|p1b: Sneasler|Grassy Seed\n|-boost|p1b: Sneasler|def|1|[from] item: Grassy Seed\n|turn|1\n|\n|t:|1701124738\n|-terastallize|p1b: Sneasler|Flying\n|move|p2a: Tinkaton|Fake Out|p1b: Sneasler\n|-damage|p1b: Sneasler|89\/100\n|move|p1a: Rillaboom|Grassy Glide|p2b: Garganacl\n|-supereffective|p2b: Garganacl\n|-damage|p2b: Garganacl|55\/100\n|cant|p1b: Sneasler|flinch\n|move|p2b: Garganacl|Salt Cure|p1b: Sneasler\n|-supereffective|p1b: Sneasler\n|-damage|p1b: Sneasler|51\/100\n|-start|p1b: Sneasler|Salt Cure\n|\n|-heal|p2b: Garganacl|61\/100|[from] Grassy Terrain\n|-heal|p2b: Garganacl|67\/100|[from] item: Leftovers\n|-damage|p1b: Sneasler|39\/100|[from] Salt Cure\n|upkeep\n|turn|2\n|\n|t:|1701124769\n|switch|p2a: Garchomp|Garchomp, M|100\/100\n|move|p2b: Garganacl|Protect|p2b: Garganacl\n|-singleturn|p2b: Garganacl|Protect\n|move|p1b: Sneasler|Close Combat|p2a: Garchomp\n|-damage|p2a: Garchomp|50\/100\n|-unboost|p1b: Sneasler|def|1\n|-unboost|p1b: Sneasler|spd|1\n|-damage|p1b: Sneasler|27\/100|[from] ability: Rough Skin|[of] p2a: Garchomp\n|-damage|p1b: Sneasler|10\/100|[from] item: Rocky Helmet|[of] p2a: Garchomp\n|move|p1a: Rillaboom|Drum Beating|p2b: Garganacl\n|-activate|p2b: Garganacl|move: Protect\n|\n|-heal|p2a: Garchomp|56\/100|[from] Grassy Terrain\n|-heal|p2b: Garganacl|73\/100|[from] Grassy Terrain\n|-heal|p2b: Garganacl|79\/100|[from] item: Leftovers\n|-damage|p1b: Sneasler|0 fnt|[from] Salt Cure\n|faint|p1b: Sneasler\n|upkeep\n|\n|t:|1701124789\n|switch|p1b: Chien-Pao|Chien-Pao|100\/100\n|-ability|p1b: Chien-Pao|Sword of Ruin\n|turn|3\n|\n|t:|1701124800\n|switch|p2b: Toxapex|Toxapex, F|100\/100\n|move|p1b: Chien-Pao|Ice Spinner|p2a: Garchomp\n|-supereffective|p2a: Garchomp\n|-damage|p2a: Garchomp|0 fnt\n|-damage|p1b: Chien-Pao|88\/100|[from] ability: Rough Skin|[of] p2a: Garchomp\n|-damage|p1b: Chien-Pao|72\/100|[from] item: Rocky Helmet|[of] p2a: Garchomp\n|-fieldend|move: Grassy Terrain\n|faint|p2a: Garchomp\n|move|p1a: Rillaboom|Drum Beating|p2b: Toxapex\n|-damage|p2b: Toxapex|57\/100\n|-unboost|p2b: Toxapex|spe|1\n|\n|upkeep\n|\n|t:|1701124820\n|switch|p2a: Tinkaton|Tinkaton, F|100\/100\n|turn|4\n|\n|t:|1701124835\n|switch|p1a: Palafin|Palafin, F|100\/100\n|move|p2b: Toxapex|Baneful Bunker|p2b: Toxapex\n|-singleturn|p2b: Toxapex|move: Protect\n|move|p1b: Chien-Pao|Ice Spinner|p2a: Tinkaton\n|-resisted|p2a: Tinkaton\n|-crit|p2a: Tinkaton\n|-damage|p2a: Tinkaton|33\/100\n|move|p2a: Tinkaton|Play Rough|p1b: Chien-Pao\n|-supereffective|p1b: Chien-Pao\n|-damage|p1b: Chien-Pao|0 fnt\n|faint|p1b: Chien-Pao\n|\n|upkeep\n|\n|t:|1701124851\n|switch|p1b: Landorus|Landorus-Therian, M|100\/100\n|-ability|p1b: Landorus|Intimidate|boost\n|-fail|p2a: Tinkaton|unboost|Attack|[from] ability: Own Tempo|[of] p2a: Tinkaton\n|-unboost|p2b: Toxapex|atk|1\n|turn|5\n|\n|t:|1701124866\n|switch|p2a: Garganacl|Garganacl, F, shiny|79\/100\n|move|p1a: Palafin|Flip Turn|p2b: Toxapex\n|-resisted|p2b: Toxapex\n|-damage|p2b: Toxapex|49\/100\n|\n|t:|1701124877\n|detailschange|p1a: Palafin|Palafin-Hero, F\n|switch|p1a: Rillaboom|Rillaboom, F, shiny|100\/100|[from] Flip Turn\n|-fieldstart|move: Grassy Terrain|[from] ability: Grassy Surge|[of] p1a: Rillaboom\n|move|p1b: Landorus|Earth Power|p2a: Garganacl\n|-supereffective|p2a: Garganacl\n|-damage|p2a: Garganacl|21\/100\n|move|p2b: Toxapex|Recover|p2b: Toxapex\n|-heal|p2b: Toxapex|99\/100\n|\n|-heal|p2a: Garganacl|27\/100|[from] Grassy Terrain\n|-heal|p2a: Garganacl|33\/100|[from] item: Leftovers\n|-heal|p2b: Toxapex|100\/100|[from] Grassy Terrain\n|upkeep\n|turn|6\n|\n|t:|1701124902\n|move|p2a: Garganacl|Protect|p2a: Garganacl\n|-singleturn|p2a: Garganacl|Protect\n|move|p1a: Rillaboom|Grassy Glide|p2a: Garganacl\n|-activate|p2a: Garganacl|move: Protect\n|move|p1b: Landorus|Taunt|p2b: Toxapex\n|-start|p2b: Toxapex|move: Taunt\n|move|p2b: Toxapex|Gunk Shot|p1a: Rillaboom\n|-supereffective|p1a: Rillaboom\n|-damage|p1a: Rillaboom|57\/100\n|\n|-heal|p1a: Rillaboom|63\/100|[from] Grassy Terrain\n|-heal|p2a: Garganacl|39\/100|[from] Grassy Terrain\n|-heal|p2a: Garganacl|46\/100|[from] item: Leftovers\n|upkeep\n|turn|7\n|inactive|Battle timer is ON: inactive players will automatically lose when time's up. (requested by popopopo521)\n|\n|t:|1701124939\n|switch|p2a: Maushold|Maushold|100\/100\n|move|p1b: Landorus|Earth Power|p2b: Toxapex\n|-supereffective|p2b: Toxapex\n|-damage|p2b: Toxapex|57\/100\n|move|p1a: Rillaboom|Drum Beating|p2a: Maushold\n|-damage|p2a: Maushold|30\/100\n|-unboost|p2a: Maushold|spe|1\n|move|p2b: Toxapex|Gunk Shot|p1a: Rillaboom\n|-supereffective|p1a: Rillaboom\n|-damage|p1a: Rillaboom|15\/100\n|\n|-heal|p1a: Rillaboom|21\/100|[from] Grassy Terrain\n|-heal|p2a: Maushold|37\/100|[from] Grassy Terrain\n|-heal|p2b: Toxapex|63\/100|[from] Grassy Terrain\n|upkeep\n|turn|8\n|inactive|BullishBandit has 120 seconds left.\n|\n|t:|1701124973\n|switch|p2b: Tinkaton|Tinkaton, F|33\/100\n|move|p1b: Landorus|Rock Slide|p2b: Tinkaton|[spread] \n|-miss|p1b: Landorus|p2a: Maushold\n|-miss|p1b: Landorus|p2b: Tinkaton\n|move|p1a: Rillaboom|Drum Beating|p2b: Tinkaton\n|-resisted|p2b: Tinkaton\n|-damage|p2b: Tinkaton|6\/100\n|-unboost|p2b: Tinkaton|spe|1\n|move|p2a: Maushold|Population Bomb|p1a: Rillaboom\n|-damage|p1a: Rillaboom|13\/100\n|-damage|p1a: Rillaboom|5\/100\n|-damage|p1a: Rillaboom|0 fnt\n|faint|p1a: Rillaboom\n|-hitcount|p1: Rillaboom|3\n|\n|-heal|p2a: Maushold|43\/100|[from] Grassy Terrain\n|-heal|p2b: Tinkaton|12\/100|[from] Grassy Terrain\n|upkeep\n|\n|t:|1701124987\n|switch|p1a: Palafin|Palafin-Hero, F|100\/100\n|-activate|p1a: Palafin|ability: Zero to Hero\n|turn|9\n|\n|t:|1701125010\n|move|p1b: Landorus|Protect|p1b: Landorus\n|-singleturn|p1b: Landorus|Protect\n|move|p2b: Tinkaton|Fake Out|p1a: Palafin\n|-damage|p1a: Palafin|92\/100\n|cant|p1a: Palafin|flinch\n|move|p2a: Maushold|Population Bomb|p1a: Palafin\n|-damage|p1a: Palafin|86\/100\n|-damage|p1a: Palafin|80\/100\n|-damage|p1a: Palafin|74\/100\n|-damage|p1a: Palafin|69\/100\n|-damage|p1a: Palafin|63\/100\n|-damage|p1a: Palafin|58\/100\n|-damage|p1a: Palafin|52\/100\n|-damage|p1a: Palafin|46\/100\n|-damage|p1a: Palafin|40\/100\n|-damage|p1a: Palafin|34\/100\n|-hitcount|p1a: Palafin|10\n|\n|-heal|p1a: Palafin|40\/100|[from] Grassy Terrain\n|-heal|p2a: Maushold|49\/100|[from] Grassy Terrain\n|-heal|p2b: Tinkaton|18\/100|[from] Grassy Terrain\n|upkeep\n|turn|10\n|inactive|BullishBandit has 120 seconds left.\n|\n|t:|1701125054\n|switch|p2b: Toxapex|Toxapex, F|63\/100\n|move|p2a: Maushold|Protect|p2a: Maushold\n|-singleturn|p2a: Maushold|Protect\n|move|p1a: Palafin|Close Combat|p2a: Maushold\n|-activate|p2a: Maushold|move: Protect\n|move|p1b: Landorus|Earth Power|p2b: Toxapex\n|-supereffective|p2b: Toxapex\n|-damage|p2b: Toxapex|17\/100\n|\n|-heal|p1a: Palafin|46\/100|[from] Grassy Terrain\n|-heal|p2a: Maushold|55\/100|[from] Grassy Terrain\n|-heal|p2b: Toxapex|23\/100|[from] Grassy Terrain\n|upkeep\n|turn|11\n|inactive|BullishBandit has 120 seconds left.\n|\n|t:|1701125078\n|switch|p2a: Gholdengo|Gholdengo|100\/100\n|move|p2b: Toxapex|Baneful Bunker|p2b: Toxapex\n|-singleturn|p2b: Toxapex|move: Protect\n|move|p1a: Palafin|Close Combat|p2a: Gholdengo\n|-immune|p2a: Gholdengo\n|move|p1b: Landorus|Taunt|p2b: Toxapex\n|-activate|p2b: Toxapex|move: Protect\n|\n|-heal|p1a: Palafin|52\/100|[from] Grassy Terrain\n|-heal|p2b: Toxapex|29\/100|[from] Grassy Terrain\n|upkeep\n|turn|12\n|inactive|BullishBandit has 120 seconds left.\n|\n|t:|1701125111\n|-terastallize|p2a: Gholdengo|Steel\n|move|p1a: Palafin|Close Combat|p2b: Toxapex\n|-resisted|p2b: Toxapex\n|-damage|p2b: Toxapex|14\/100\n|-unboost|p1a: Palafin|def|1\n|-unboost|p1a: Palafin|spd|1\n|move|p1b: Landorus|Taunt|p2b: Toxapex\n|-start|p2b: Toxapex|move: Taunt\n|move|p2a: Gholdengo|Make It Rain|p1b: Landorus|[spread] p1a,p1b\n|-resisted|p1a: Palafin\n|-damage|p1a: Palafin|0 fnt\n|-damage|p1b: Landorus|25\/100\n|-unboost|p2a: Gholdengo|spa|1\n|faint|p1a: Palafin\n|cant|p2b: Toxapex|move: Taunt|Recover\n|\n|-heal|p1b: Landorus|31\/100|[from] item: Leftovers\n|-heal|p2b: Toxapex|20\/100|[from] Grassy Terrain\n|-fieldend|move: Grassy Terrain\n|upkeep\n|\n|t:|1701125130\n|switch|p1a: Armarouge|Armarouge, M|100\/100\n|turn|13\n|inactive|BullishBandit has 120 seconds left.\n|\n|t:|1701125156\n|switch|p2b: Maushold|Maushold|55\/100\n|move|p2a: Gholdengo|Protect|p2a: Gholdengo\n|-singleturn|p2a: Gholdengo|Protect\n|move|p1b: Landorus|Rock Slide|p2b: Maushold|[spread] \n|-activate|p2a: Gholdengo|move: Protect\n|-miss|p1b: Landorus|p2b: Maushold\n|move|p1a: Armarouge|Heat Wave|p2b: Maushold|[spread] p2b\n|-activate|p2a: Gholdengo|move: Protect\n|-damage|p2b: Maushold|13\/100\n|\n|-heal|p1b: Landorus|37\/100|[from] item: Leftovers\n|upkeep\n|turn|14\n|inactive|BullishBandit has 120 seconds left.\n|\n|t:|1701125183\n|move|p2b: Maushold|Population Bomb|p1a: Armarouge|[miss]\n|-miss|p2b: Maushold|p1a: Armarouge\n|move|p1b: Landorus|Rock Slide|p2b: Maushold|[spread] p2a,p2b\n|-resisted|p2a: Gholdengo\n|-damage|p2a: Gholdengo|95\/100\n|-damage|p2b: Maushold|0 fnt\n|faint|p2b: Maushold\n|move|p2a: Gholdengo|Shadow Ball|p1b: Landorus\n|-damage|p1b: Landorus|4\/100\n|move|p1a: Armarouge|Heat Wave|p2a: Gholdengo\n|-supereffective|p2a: Gholdengo\n|-damage|p2a: Gholdengo|9\/100\n|\n|-heal|p1b: Landorus|10\/100|[from] item: Leftovers\n|upkeep\n|\n|t:|1701125197\n|switch|p2b: Toxapex|Toxapex, F|20\/100\n|turn|15\n|\n|t:|1701125205\n|move|p2b: Toxapex|Wide Guard|p2b: Toxapex\n|-singleturn|p2b: Toxapex|Wide Guard\n|move|p1b: Landorus|Rock Slide|p2a: Gholdengo|[spread] \n|-activate|p2a: Gholdengo|move: Wide Guard\n|-activate|p2b: Toxapex|move: Wide Guard\n|move|p2a: Gholdengo|Make It Rain|p1a: Armarouge|[spread] p1a,p1b\n|-resisted|p1a: Armarouge\n|-damage|p1a: Armarouge|80\/100\n|-damage|p1b: Landorus|0 fnt\n|-unboost|p2a: Gholdengo|spa|1\n|faint|p1b: Landorus\n|move|p1a: Armarouge|Heat Wave|p2a: Gholdengo|[spread] \n|-activate|p2a: Gholdengo|move: Wide Guard\n|-activate|p2b: Toxapex|move: Wide Guard\n|\n|upkeep\n|turn|16\n|\n|t:|1701125227\n|move|p2a: Gholdengo|Shadow Ball|p1a: Armarouge\n|-supereffective|p1a: Armarouge\n|-damage|p1a: Armarouge|33\/100\n|move|p1a: Armarouge|Heat Wave|p2a: Gholdengo|[spread] p2a,p2b\n|-supereffective|p2a: Gholdengo\n|-resisted|p2b: Toxapex\n|-damage|p2a: Gholdengo|0 fnt\n|-damage|p2b: Toxapex|6\/100\n|faint|p2a: Gholdengo\n|move|p2b: Toxapex|Gunk Shot|p1a: Armarouge\n|-damage|p1a: Armarouge|9\/100\n|-status|p1a: Armarouge|psn\n|\n|-damage|p1a: Armarouge|0 fnt|[from] psn\n|faint|p1a: Armarouge\n|\n|win|BullishBandit\n|upkeep\n|raw|popopopo521's rating: 1067 &rarr; <strong>1050<\/strong><br \/>(-17 for losing)\n|raw|BullishBandit's rating: 1126 &rarr; <strong>1147<\/strong><br \/>(+21 for winning)\n|c|\u2606BullishBandit|gg\n","uploadtime":1701125243,"views":15,"p1id":"popopopo521","p2id":"bullishbandit","formatid":"gen9doublesou","rating":1050,"private":0,"password":""}