{"id":"gen9doublesou-1968063536","p1":"charizardisnice","p2":"burkesayshi","format":"[Gen 9] Doubles OU","log":"|html|<div class=\"broadcast-blue\"><strong>[Gen 9] Doubles OU is currently suspecting Basculegion & Flutter Mane! For information on how to participate check out the <a href=\"https:\/\/www.smogon.com\/forums\/threads\/np-sv-dou-stage-8-double-trouble.3729153\/\">suspect thread<\/a>.<\/strong><\/div>\n|j|\u2606charizardisnice\n|j|\u2606burkesayshi\n|t:|1697380423\n|gametype|doubles\n|player|p1|charizardisnice|102|\n|player|p2|burkesayshi|169|\n|teamsize|p1|6\n|teamsize|p2|6\n|gen|9\n|tier|[Gen 9] Doubles OU\n|rule|Species Clause: Limit one of each Pok\u00e9mon\n|rule|OHKO Clause: OHKO moves are banned\n|rule|Evasion Moves Clause: Evasion moves are banned\n|rule|Gravity Sleep Clause: The combination of sleep-inducing moves with imperfect accuracy and Gravity or Gigantamax Orbeetle are banned\n|rule|Endless Battle Clause: Forcing endless battles is banned\n|rule|HP Percentage Mod: HP is shown in percentages\n|clearpoke\n|poke|p1|Tornadus, M|\n|poke|p1|Kingambit, M|\n|poke|p1|Amoonguss, M|\n|poke|p1|Ceruledge, M|\n|poke|p1|Lilligant-Hisui, F|\n|poke|p1|Typhlosion-Hisui, M|\n|poke|p2|Sinistcha|\n|poke|p2|Torkoal, F|\n|poke|p2|Heatran, F|\n|poke|p2|Iron Moth|\n|poke|p2|Roaring Moon|\n|poke|p2|Murkrow, F|\n|teampreview\n|\n|t:|1697380438\n|start\n|switch|p1a: Billy Choppa|Kingambit, M|100\/100\n|switch|p1b: Among Sus|Amoonguss, M, shiny|100\/100\n|switch|p2a: Torkoal|Torkoal, F|100\/100\n|switch|p2b: Roaring Moon|Roaring Moon|100\/100\n|-weather|SunnyDay|[from] ability: Drought|[of] p2a: Torkoal\n|-activate|p2b: Roaring Moon|ability: Protosynthesis\n|-start|p2b: Roaring Moon|protosynthesisspe\n|turn|1\n|inactive|Battle timer is ON: inactive players will automatically lose when time's up. (requested by charizardisnice)\n|\n|t:|1697380459\n|move|p2b: Roaring Moon|Brick Break|p1a: Billy Choppa\n|-supereffective|p1a: Billy Choppa\n|-damage|p1a: Billy Choppa|6\/100\n|-damage|p2b: Roaring Moon|91\/100|[from] item: Life Orb\n|move|p1a: Billy Choppa|Low Kick|p2b: Roaring Moon\n|-supereffective|p2b: Roaring Moon\n|-damage|p2b: Roaring Moon|0 fnt\n|faint|p2b: Roaring Moon\n|-end|p2b: Roaring Moon|Protosynthesis|[silent]\n|move|p1b: Among Sus|Spore|p2a: Torkoal\n|-status|p2a: Torkoal|slp|[from] move: Spore\n|cant|p2a: Torkoal|slp\n|\n|-weather|SunnyDay|[upkeep]\n|upkeep\n|\n|t:|1697380471\n|switch|p2b: Heatran|Heatran, F, shiny|100\/100\n|turn|2\n|inactive|charizardisnice has 270 seconds left.\n|\n|t:|1697380504\n|cant|p2a: Torkoal|slp\n|move|p1a: Billy Choppa|Sucker Punch|p2b: Heatran\n|-damage|p2b: Heatran|67\/100\n|move|p2b: Heatran|Heat Wave|p1a: Billy Choppa|[spread] p1a,p1b\n|-supereffective|p1a: Billy Choppa\n|-supereffective|p1b: Among Sus\n|-damage|p1a: Billy Choppa|0 fnt\n|-damage|p1b: Among Sus|26\/100\n|-enditem|p1b: Among Sus|Sitrus Berry|[eat]\n|-heal|p1b: Among Sus|51\/100|[from] item: Sitrus Berry\n|faint|p1a: Billy Choppa\n|move|p1b: Among Sus|Spore|p2b: Heatran\n|-status|p2b: Heatran|slp|[from] move: Spore\n|\n|-weather|SunnyDay|[upkeep]\n|upkeep\n|inactive|charizardisnice has 270 seconds left.\n|\n|t:|1697380525\n|switch|p1a: Sun Dancer|Lilligant-Hisui, F, shiny|100\/100\n|turn|3\n|j| sicjek\n|inactive|charizardisnice has 270 seconds left.\n|\n|t:|1697380564\n|switch|p2b: Sinistcha|Sinistcha|100\/100\n|move|p1a: Sun Dancer|Close Combat|p2a: Torkoal\n|-damage|p2a: Torkoal|65\/100 slp\n|-unboost|p1a: Sun Dancer|def|1\n|-unboost|p1a: Sun Dancer|spd|1\n|move|p1b: Among Sus|Spore|p2a: Torkoal\n|-fail|p2a: Torkoal|slp\n|cant|p2a: Torkoal|slp\n|\n|-weather|SunnyDay|[upkeep]\n|upkeep\n|turn|4\n|\n|t:|1697380591\n|-curestatus|p2a: Torkoal|slp|[msg]\n|move|p2a: Torkoal|Protect|p2a: Torkoal\n|-singleturn|p2a: Torkoal|Protect\n|move|p1a: Sun Dancer|Close Combat|p2a: Torkoal\n|-activate|p2a: Torkoal|move: Protect\n|move|p2b: Sinistcha|Shadow Ball|p1b: Among Sus\n|-damage|p1b: Among Sus|31\/100\n|-unboost|p1b: Among Sus|spd|1\n|move|p1b: Among Sus|Pollen Puff|p2b: Sinistcha\n|-damage|p2b: Sinistcha|79\/100\n|\n|-weather|SunnyDay|[upkeep]\n|-heal|p2b: Sinistcha|85\/100|[from] item: Leftovers\n|upkeep\n|turn|5\n|inactive|burkesayshi has 270 seconds left.\n|\n|t:|1697380622\n|switch|p1a: Overlord|Tornadus, M|100\/100\n|move|p2b: Sinistcha|Shadow Ball|p1b: Among Sus\n|-damage|p1b: Among Sus|0 fnt\n|faint|p1b: Among Sus\n|move|p2a: Torkoal|Eruption|p1a: Overlord\n|-crit|p1a: Overlord\n|-damage|p1a: Overlord|33\/100\n|\n|-weather|none\n|-heal|p2b: Sinistcha|91\/100|[from] item: Leftovers\n|upkeep\n|inactive|charizardisnice has 240 seconds left.\n|\n|t:|1697380638\n|switch|p1b: Typhlosion|Typhlosion-Hisui, M|100\/100\n|turn|6\n|inactive|charizardisnice has 240 seconds left.\n|\n|t:|1697380658\n|switch|p2b: Murkrow|Murkrow, F|100\/100\n|-terastallize|p1b: Typhlosion|Fire\n|move|p2a: Torkoal|Protect|p2a: Torkoal\n|-singleturn|p2a: Torkoal|Protect\n|move|p1a: Overlord|Sunny Day|p1a: Overlord\n|-weather|SunnyDay\n|move|p1b: Typhlosion|Eruption|p2a: Torkoal|[spread] p2b\n|-activate|p2a: Torkoal|move: Protect\n|-damage|p2b: Murkrow|0 fnt\n|faint|p2b: Murkrow\n|\n|-weather|SunnyDay|[upkeep]\n|upkeep\n|inactive|burkesayshi has 270 seconds left.\n|\n|t:|1697380684\n|switch|p2b: Roboralt|Iron Moth|100\/100\n|-enditem|p2b: Roboralt|Booster Energy\n|-activate|p2b: Roboralt|ability: Quark Drive|[fromitem]\n|-start|p2b: Roboralt|quarkdrivespa\n|turn|7\n|\n|t:|1697380706\n|move|p1a: Overlord|Tailwind|p1a: Overlord\n|-sidestart|p1: charizardisnice|move: Tailwind\n|move|p1b: Typhlosion|Eruption|p2a: Torkoal|[spread] p2a,p2b\n|-resisted|p2a: Torkoal\n|-resisted|p2b: Roboralt\n|-damage|p2a: Torkoal|0 fnt\n|-damage|p2b: Roboralt|33\/100\n|faint|p2a: Torkoal\n|move|p2b: Roboralt|Fiery Dance|p1a: Overlord\n|-damage|p1a: Overlord|0 fnt\n|faint|p1a: Overlord\n|\n|-weather|SunnyDay|[upkeep]\n|upkeep\n|inactive|charizardisnice has 270 seconds left.\n|\n|t:|1697380722\n|switch|p1a: Sun Dancer|Lilligant-Hisui, F, shiny|100\/100\n|switch|p2a: Sinistcha|Sinistcha|91\/100\n|-heal|p2b: Roboralt|58\/100|[from] ability: Hospitality|[of] p2a: Sinistcha\n|turn|8\n|inactive|charizardisnice has 270 seconds left.\n|\n|t:|1697380749\n|-terastallize|p2a: Sinistcha|Water\n|move|p2b: Roboralt|Protect|p2b: Roboralt\n|-singleturn|p2b: Roboralt|Protect\n|move|p1a: Sun Dancer|Close Combat|p2b: Roboralt\n|-activate|p2b: Roboralt|move: Protect\n|move|p1b: Typhlosion|Eruption|p2b: Roboralt|[spread] p2a\n|-activate|p2b: Roboralt|move: Protect\n|-resisted|p2a: Sinistcha\n|-damage|p2a: Sinistcha|11\/100\n|move|p2a: Sinistcha|Shadow Ball|p1a: Sun Dancer\n|-damage|p1a: Sun Dancer|57\/100\n|\n|-weather|SunnyDay|[upkeep]\n|-heal|p2a: Sinistcha|17\/100|[from] item: Leftovers\n|upkeep\n|turn|9\n|inactive|charizardisnice has 270 seconds left.\n|\n|t:|1697380777\n|switch|p2a: Heatran|Heatran, F, shiny|67\/100 slp\n|move|p2b: Roboralt|Protect|p2b: Roboralt\n|-singleturn|p2b: Roboralt|Protect\n|move|p1a: Sun Dancer|Close Combat|p2b: Roboralt\n|-activate|p2b: Roboralt|move: Protect\n|move|p1b: Typhlosion|Eruption|p2b: Roboralt|[spread] \n|-activate|p2b: Roboralt|move: Protect\n|-start|p2a: Heatran|ability: Flash Fire\n|\n|-weather|SunnyDay|[upkeep]\n|upkeep\n|turn|10\n|\n|t:|1697380799\n|-end|p2b: Roboralt|Quark Drive|[silent]\n|switch|p2b: Sinistcha|Sinistcha, tera:Water|17\/100\n|-heal|p2a: Heatran|92\/100 slp|[from] ability: Hospitality|[of] p2b: Sinistcha\n|move|p1a: Sun Dancer|Close Combat|p2a: Heatran\n|-supereffective|p2a: Heatran\n|-damage|p2a: Heatran|0 fnt\n|-unboost|p1a: Sun Dancer|def|1\n|-unboost|p1a: Sun Dancer|spd|1\n|faint|p2a: Heatran\n|move|p1b: Typhlosion|Eruption|p2b: Sinistcha\n|-resisted|p2b: Sinistcha\n|-crit|p2b: Sinistcha\n|-damage|p2b: Sinistcha|0 fnt\n|faint|p2b: Sinistcha\n|\n|-weather|none\n|-sideend|p1: charizardisnice|move: Tailwind\n|upkeep\n|l| sicjek\n|\n|t:|1697380814\n|switch|p2b: Roboralt|Iron Moth|58\/100\n|turn|11\n|\n|t:|1697380835\n|move|p2b: Roboralt|Fiery Dance|p1a: Sun Dancer\n|-supereffective|p1a: Sun Dancer\n|-damage|p1a: Sun Dancer|0 fnt\n|-boost|p2b: Roboralt|spa|1\n|faint|p1a: Sun Dancer\n|move|p1b: Typhlosion|Eruption|p2b: Roboralt\n|-resisted|p2b: Roboralt\n|-damage|p2b: Roboralt|0 fnt\n|faint|p2b: Roboralt\n|-end|p2b: Roboralt|Quark Drive|[silent]\n|\n|win|charizardisnice\n","uploadtime":1697380844,"views":15,"p1id":"charizardisnice","p2id":"burkesayshi","formatid":"gen9doublesou","rating":0,"private":0,"password":""}