{"id":"gen9doublesou-1999315864","p1":"King of Congo","p2":"mikeyuwu","format":"[Gen 9] Doubles OU","log":"|j|\u2606King of Congo\n|j|\u2606mikeyuwu\n|t:|1701059191\n|gametype|doubles\n|player|p1|King of Congo|rood|1312\n|player|p2|mikeyuwu|psychic-gen4|1325\n|teamsize|p1|6\n|teamsize|p2|6\n|gen|9\n|tier|[Gen 9] Doubles OU\n|rated|\n|rule|Species Clause: Limit one of each Pok\u00e9mon\n|rule|OHKO Clause: OHKO moves are banned\n|rule|Evasion Moves Clause: Evasion moves are banned\n|rule|Gravity Sleep Clause: The combination of sleep-inducing moves with imperfect accuracy and Gravity or Gigantamax Orbeetle are banned\n|rule|Endless Battle Clause: Forcing endless battles is banned\n|rule|HP Percentage Mod: HP is shown in percentages\n|clearpoke\n|poke|p1|Flamigo, F|\n|poke|p1|Enamorus, F|\n|poke|p1|Lurantis, F|\n|poke|p1|Dragonite, F|\n|poke|p1|Cresselia, F|\n|poke|p1|Iron Bundle|\n|poke|p2|Garchomp, M|\n|poke|p2|Tyranitar, F|\n|poke|p2|Vaporeon, F|\n|poke|p2|Toxicroak, M|\n|poke|p2|Pelipper, F|\n|poke|p2|Abomasnow, M|\n|teampreview\n|\n|t:|1701059215\n|start\n|switch|p1a: Iron Bundle|Iron Bundle|100\/100\n|switch|p1b: Cresselia|Cresselia, F|100\/100\n|switch|p2a: OTLHPM|Toxicroak, M|100\/100\n|switch|p2b: Cold Shoulder|Abomasnow, M, shiny|100\/100\n|-weather|Snow|[from] ability: Snow Warning|[of] p2b: Cold Shoulder\n|-enditem|p1a: Iron Bundle|Booster Energy\n|-activate|p1a: Iron Bundle|ability: Quark Drive|[fromitem]\n|-start|p1a: Iron Bundle|quarkdrivespe\n|turn|1\n|inactive|Battle timer is ON: inactive players will automatically lose when time's up. (requested by King of Congo)\n|\n|t:|1701059231\n|switch|p2a: ThcrThnSnkr|Tyranitar, F|100\/100\n|-weather|Sandstorm|[from] ability: Sand Stream|[of] p2a: ThcrThnSnkr\n|move|p1a: Iron Bundle|Ice Beam|p2b: Cold Shoulder\n|-damage|p2b: Cold Shoulder|54\/100\n|move|p1b: Cresselia|Thunder Wave|p2a: ThcrThnSnkr|[miss]\n|-miss|p1b: Cresselia|p2a: ThcrThnSnkr\n|move|p2b: Cold Shoulder|Giga Drain|p1a: Iron Bundle\n|-supereffective|p1a: Iron Bundle\n|-damage|p1a: Iron Bundle|0 fnt\n|-heal|p2b: Cold Shoulder|90\/100|[from] drain|[of] p1a: Iron Bundle\n|faint|p1a: Iron Bundle\n|-end|p1a: Iron Bundle|Quark Drive|[silent]\n|\n|-weather|Sandstorm|[upkeep]\n|-damage|p1b: Cresselia|94\/100|[from] Sandstorm\n|-damage|p2b: Cold Shoulder|84\/100|[from] Sandstorm\n|-heal|p1b: Cresselia|100\/100|[from] item: Leftovers\n|upkeep\n|\n|t:|1701059251\n|switch|p1a: Enamorus|Enamorus, F|100\/100\n|turn|2\n|\n|t:|1701059260\n|switch|p2a: Extra Spicy|Garchomp, M|100\/100\n|-terastallize|p1a: Enamorus|Fighting\n|move|p1a: Enamorus|Superpower|p2a: Extra Spicy\n|-damage|p2a: Extra Spicy|65\/100\n|-boost|p1a: Enamorus|atk|1\n|-boost|p1a: Enamorus|def|1\n|-damage|p1a: Enamorus|88\/100|[from] ability: Rough Skin|[of] p2a: Extra Spicy\n|-damage|p1a: Enamorus|71\/100|[from] item: Rocky Helmet|[of] p2a: Extra Spicy\n|move|p1b: Cresselia|Future Sight|p2b: Cold Shoulder\n|-start|p1b: Cresselia|move: Future Sight\n|move|p2b: Cold Shoulder|Blizzard|p1b: Cresselia|[spread] p1a,p1b\n|-damage|p1a: Enamorus|27\/100\n|-damage|p1b: Cresselia|82\/100\n|\n|-weather|Sandstorm|[upkeep]\n|-damage|p1a: Enamorus|21\/100|[from] Sandstorm\n|-damage|p1b: Cresselia|75\/100|[from] Sandstorm\n|-damage|p2b: Cold Shoulder|78\/100|[from] Sandstorm\n|-heal|p1a: Enamorus|27\/100|[from] item: Leftovers\n|-heal|p1b: Cresselia|82\/100|[from] item: Leftovers\n|upkeep\n|turn|3\n|\n|t:|1701059283\n|switch|p2b: OTLHPM|Toxicroak, M|100\/100\n|move|p1a: Enamorus|Superpower|p2b: OTLHPM\n|-resisted|p2b: OTLHPM\n|-damage|p2b: OTLHPM|45\/100\n|-boost|p1a: Enamorus|atk|1\n|-boost|p1a: Enamorus|def|1\n|move|p2a: Extra Spicy|Poison Jab|p1a: Enamorus\n|-damage|p1a: Enamorus|8\/100\n|move|p1b: Cresselia|Moonblast|p2a: Extra Spicy\n|-supereffective|p2a: Extra Spicy\n|-damage|p2a: Extra Spicy|18\/100\n|\n|-weather|Sandstorm|[upkeep]\n|-damage|p1a: Enamorus|2\/100|[from] Sandstorm\n|-damage|p1b: Cresselia|75\/100|[from] Sandstorm\n|-damage|p2b: OTLHPM|39\/100|[from] Sandstorm\n|-heal|p1a: Enamorus|8\/100|[from] item: Leftovers\n|-heal|p1b: Cresselia|82\/100|[from] item: Leftovers\n|-heal|p2b: OTLHPM|45\/100|[from] item: Black Sludge\n|upkeep\n|turn|4\n|\n|t:|1701059305\n|switch|p2a: Harmacy|Vaporeon, F|100\/100\n|switch|p1b: Flamigo|Flamigo, F|100\/100\n|-copyboost|p1b: Flamigo|p1a: Enamorus|[from] ability: Costar\n|switch|p2b: Weather War|Pelipper, F|100\/100\n|-weather|RainDance|[from] ability: Drizzle|[of] p2b: Weather War\n|move|p1a: Enamorus|Superpower|p2b: Weather War\n|-resisted|p2b: Weather War\n|-damage|p2b: Weather War|54\/100\n|-boost|p1a: Enamorus|atk|1\n|-boost|p1a: Enamorus|def|1\n|\n|-weather|RainDance|[upkeep]\n|-end|p2b: Weather War|move: Future Sight\n|-damage|p2b: Weather War|0 fnt\n|faint|p2b: Weather War\n|-heal|p1a: Enamorus|15\/100|[from] item: Leftovers\n|upkeep\n|\n|t:|1701059309\n|switch|p2b: OTLHPM|Toxicroak, M|45\/100\n|turn|5\n|\n|t:|1701059330\n|move|p1a: Enamorus|Zen Headbutt|p2b: OTLHPM\n|-supereffective|p2b: OTLHPM\n|-damage|p2b: OTLHPM|0 fnt\n|faint|p2b: OTLHPM\n|move|p1b: Flamigo|Acrobatics|p2a: Harmacy\n|-damage|p2a: Harmacy|25\/100\n|move|p2a: Harmacy|Icy Wind|p1b: Flamigo|[spread] p1a,p1b\n|-crit|p1a: Enamorus\n|-supereffective|p1b: Flamigo\n|-damage|p1a: Enamorus|0 fnt\n|-damage|p1b: Flamigo|67\/100\n|-unboost|p1b: Flamigo|spe|1\n|faint|p1a: Enamorus\n|\n|-weather|RainDance|[upkeep]\n|-heal|p2a: Harmacy|31\/100|[from] item: Leftovers\n|upkeep\n|\n|t:|1701059345\n|switch|p1a: Dragonite|Dragonite, F|100\/100\n|switch|p2b: Extra Spicy|Garchomp, M|18\/100\n|turn|6\n|\n|t:|1701059354\n|move|p1a: Dragonite|Extreme Speed|p2a: Harmacy\n|-damage|p2a: Harmacy|8\/100\n|move|p2b: Extra Spicy|Poison Jab|p1b: Flamigo\n|-damage|p1b: Flamigo|51\/100\n|move|p1b: Flamigo|Acrobatics|p2a: Harmacy\n|-damage|p2a: Harmacy|0 fnt\n|faint|p2a: Harmacy\n|\n|-weather|RainDance|[upkeep]\n|upkeep\n|\n|t:|1701059363\n|switch|p2a: Cold Shoulder|Abomasnow, M, shiny|78\/100\n|-weather|Snow|[from] ability: Snow Warning|[of] p2a: Cold Shoulder\n|turn|7\n|\n|t:|1701059371\n|-terastallize|p2a: Cold Shoulder|Water\n|move|p1a: Dragonite|Fire Punch|p2a: Cold Shoulder\n|-resisted|p2a: Cold Shoulder\n|-damage|p2a: Cold Shoulder|66\/100\n|move|p2b: Extra Spicy|Poison Jab|p1a: Dragonite\n|-damage|p1a: Dragonite|87\/100\n|move|p1b: Flamigo|Acrobatics|p2b: Extra Spicy\n|-damage|p2b: Extra Spicy|0 fnt\n|-damage|p1b: Flamigo|39\/100|[from] ability: Rough Skin|[of] p2b: Extra Spicy\n|-damage|p1b: Flamigo|22\/100|[from] item: Rocky Helmet|[of] p2b: Extra Spicy\n|faint|p2b: Extra Spicy\n|move|p2a: Cold Shoulder|Blizzard|p1a: Dragonite|[spread] p1a,p1b\n|-supereffective|p1a: Dragonite\n|-supereffective|p1b: Flamigo\n|-damage|p1a: Dragonite|0 fnt\n|-damage|p1b: Flamigo|0 fnt\n|faint|p1a: Dragonite\n|faint|p1b: Flamigo\n|\n|-weather|Snow|[upkeep]\n|upkeep\n|\n|t:|1701059390\n|switch|p1b: Lurantis|Lurantis, F, shiny|100\/100\n|switch|p1a: Cresselia|Cresselia, F|82\/100\n|switch|p2b: ThcrThnSnkr|Tyranitar, F|100\/100\n|-weather|Sandstorm|[from] ability: Sand Stream|[of] p2b: ThcrThnSnkr\n|turn|8\n|\n|t:|1701059411\n|move|p1a: Cresselia|Moonblast|p2b: ThcrThnSnkr\n|-supereffective|p2b: ThcrThnSnkr\n|-damage|p2b: ThcrThnSnkr|84\/100\n|move|p2a: Cold Shoulder|Blizzard|p1a: Cresselia|[spread] p1a,p1b\n|-supereffective|p1b: Lurantis\n|-damage|p1a: Cresselia|61\/100\n|-damage|p1b: Lurantis|34\/100\n|-status|p1b: Lurantis|frz\n|move|p2b: ThcrThnSnkr|Knock Off|p1b: Lurantis\n|-damage|p1b: Lurantis|0 fnt\n|-enditem|p1b: Lurantis|Leftovers|[from] move: Knock Off|[of] p2b: ThcrThnSnkr\n|faint|p1b: Lurantis\n|\n|-weather|Sandstorm|[upkeep]\n|-damage|p1a: Cresselia|55\/100|[from] Sandstorm\n|-damage|p2a: Cold Shoulder|60\/100|[from] Sandstorm\n|-heal|p1a: Cresselia|61\/100|[from] item: Leftovers\n|upkeep\n|turn|9\n|c|\u2606King of Congo|looool\n|c|\u2606King of Congo|aint no way\n|\n|t:|1701059427\n|move|p1a: Cresselia|Moonblast|p2b: ThcrThnSnkr\n|-supereffective|p2b: ThcrThnSnkr\n|-damage|p2b: ThcrThnSnkr|68\/100\n|move|p2a: Cold Shoulder|Leech Seed|p1a: Cresselia\n|-start|p1a: Cresselia|move: Leech Seed\n|move|p2b: ThcrThnSnkr|Knock Off|p1a: Cresselia\n|-supereffective|p1a: Cresselia\n|-damage|p1a: Cresselia|0 fnt\n|-enditem|p1a: Cresselia|Leftovers|[from] move: Knock Off|[of] p2b: ThcrThnSnkr\n|faint|p1a: Cresselia\n|\n|win|mikeyuwu\n|raw|King of Congo's rating: 1312 &rarr; <strong>1293<\/strong><br \/>(-19 for losing)\n|raw|mikeyuwu's rating: 1325 &rarr; <strong>1344<\/strong><br \/>(+19 for winning)\n|c|\u2606mikeyuwu|?\n|l|\u2606King of Congo\n","uploadtime":1701059472,"views":6,"p1id":"kingofcongo","p2id":"mikeyuwu","formatid":"gen9doublesou","rating":1293,"private":0,"password":""}