{"id":"gen9doublesou-1981067573","p1":"orangechicken26","p2":"AlexisSync","format":"[Gen 9] Doubles OU","log":"|j|\u203dorangechicken26\n|j|\u2606AlexisSync\n|t:|1698860975\n|gametype|doubles\n|player|p1|orangechicken26|blackbelt-gen4|1122\n|player|p2|AlexisSync|falkner|1040\n|teamsize|p1|6\n|teamsize|p2|6\n|gen|9\n|tier|[Gen 9] Doubles OU\n|rated|\n|rule|Species Clause: Limit one of each Pok\u00e9mon\n|rule|OHKO Clause: OHKO moves are banned\n|rule|Evasion Moves Clause: Evasion moves are banned\n|rule|Gravity Sleep Clause: The combination of sleep-inducing moves with imperfect accuracy and Gravity or Gigantamax Orbeetle are banned\n|rule|Endless Battle Clause: Forcing endless battles is banned\n|rule|HP Percentage Mod: HP is shown in percentages\n|clearpoke\n|poke|p1|Pincurchin, M|\n|poke|p1|Hawlucha, M|\n|poke|p1|Iron Valiant|\n|poke|p1|Iron Treads|\n|poke|p1|Iron Moth|\n|poke|p1|Pawmot, F|\n|poke|p2|Regieleki|\n|poke|p2|Cryogonal|\n|poke|p2|Iron Moth|\n|poke|p2|Oricorio-Sensu, F|\n|poke|p2|Ting-Lu|\n|poke|p2|Garganacl, M|\n|teampreview\n|\n|t:|1698860987\n|start\n|switch|p1a: Pincurchin|Pincurchin, M|100\/100\n|switch|p1b: Iron Treads|Iron Treads|100\/100\n|switch|p2a: DEATH BIRD|Oricorio-Sensu, F, shiny|100\/100\n|switch|p2b: Minecraft|Garganacl, M|100\/100\n|-fieldstart|move: Electric Terrain|[from] ability: Electric Surge|[of] p1a: Pincurchin\n|-activate|p1b: Iron Treads|ability: Quark Drive\n|-start|p1b: Iron Treads|quarkdrivespe\n|turn|1\n|\n|t:|1698861004\n|switch|p1a: Hawlucha|Hawlucha, M|100\/100\n|-enditem|p1a: Hawlucha|Electric Seed\n|-boost|p1a: Hawlucha|def|1|[from] item: Electric Seed\n|move|p1b: Iron Treads|Earthquake|p2a: DEATH BIRD|[spread] p2b\n|-immune|p1a: Hawlucha\n|-immune|p2a: DEATH BIRD\n|-supereffective|p2b: Minecraft\n|-damage|p2b: Minecraft|30\/100\n|move|p2a: DEATH BIRD|Quiver Dance|p2a: DEATH BIRD\n|-boost|p2a: DEATH BIRD|spa|1\n|-boost|p2a: DEATH BIRD|spd|1\n|-boost|p2a: DEATH BIRD|spe|1\n|move|p2b: Minecraft|Salt Cure|p1a: Hawlucha\n|-damage|p1a: Hawlucha|87\/100\n|-start|p1a: Hawlucha|Salt Cure\n|\n|-damage|p1a: Hawlucha|75\/100|[from] Salt Cure\n|upkeep\n|turn|2\n|\n|t:|1698861042\n|switch|p2b: Snowflake|Cryogonal, shiny|100\/100\n|move|p1a: Hawlucha|Thunder Punch|p2a: DEATH BIRD\n|-supereffective|p2a: DEATH BIRD\n|-damage|p2a: DEATH BIRD|31\/100\n|move|p1b: Iron Treads|Earthquake|p2a: DEATH BIRD|[spread] \n|-immune|p1a: Hawlucha\n|-immune|p2a: DEATH BIRD\n|-immune|p2b: Snowflake|[from] ability: Levitate\n|move|p2a: DEATH BIRD|Revelation Dance|p1a: Hawlucha\n|-crit|p1a: Hawlucha\n|-damage|p1a: Hawlucha|0 fnt\n|faint|p1a: Hawlucha\n|\n|upkeep\n|\n|t:|1698861050\n|switch|p1a: Iron Valiant|Iron Valiant|100\/100\n|-activate|p1a: Iron Valiant|ability: Quark Drive\n|-start|p1a: Iron Valiant|quarkdrivespe\n|turn|3\n|\n|t:|1698861077\n|-end|p1b: Iron Treads|Quark Drive|[silent]\n|switch|p1b: Iron Moth|Iron Moth|100\/100\n|-activate|p1b: Iron Moth|ability: Quark Drive\n|-start|p1b: Iron Moth|quarkdrivespa\n|move|p1a: Iron Valiant|Thunderbolt|p2a: DEATH BIRD\n|-supereffective|p2a: DEATH BIRD\n|-damage|p2a: DEATH BIRD|0 fnt\n|faint|p2a: DEATH BIRD\n|move|p2b: Snowflake|Light Screen|p2b: Snowflake\n|-sidestart|p2: AlexisSync|move: Light Screen\n|\n|upkeep\n|\n|t:|1698861087\n|switch|p2a: Moose|Ting-Lu|100\/100\n|-ability|p2a: Moose|Vessel of Ruin\n|turn|4\n|\n|t:|1698861106\n|move|p1a: Iron Valiant|Calm Mind|p1a: Iron Valiant\n|-boost|p1a: Iron Valiant|spa|1\n|-boost|p1a: Iron Valiant|spd|1\n|move|p1b: Iron Moth|Fiery Dance|p2b: Snowflake\n|-supereffective|p2b: Snowflake\n|-crit|p2b: Snowflake\n|-damage|p2b: Snowflake|0 fnt\n|faint|p2b: Snowflake\n|move|p2a: Moose|Earthquake|p1b: Iron Moth|[spread] p1a,p1b\n|-supereffective|p1b: Iron Moth\n|-crit|p1b: Iron Moth\n|-damage|p1a: Iron Valiant|52\/100\n|-damage|p1b: Iron Moth|0 fnt\n|faint|p1b: Iron Moth\n|-end|p1b: Iron Moth|Quark Drive|[silent]\n|\n|-heal|p1a: Iron Valiant|59\/100|[from] item: Leftovers\n|upkeep\n|\n|t:|1698861122\n|switch|p1b: Pawmot|Pawmot, F|100\/100\n|switch|p2b: Secret Weapon|Iron Moth, shiny|100\/100\n|-activate|p2b: Secret Weapon|ability: Quark Drive\n|-start|p2b: Secret Weapon|quarkdrivespa\n|turn|5\n|\n|t:|1698861151\n|move|p1a: Iron Valiant|Moonblast|p2b: Secret Weapon\n|-resisted|p2b: Secret Weapon\n|-damage|p2b: Secret Weapon|91\/100\n|move|p2b: Secret Weapon|Dazzling Gleam|p1a: Iron Valiant|[spread] p1a,p1b\n|-supereffective|p1a: Iron Valiant\n|-supereffective|p1b: Pawmot\n|-damage|p1a: Iron Valiant|12\/100\n|-damage|p1b: Pawmot|28\/100\n|move|p1b: Pawmot|Close Combat|p2a: Moose\n|-supereffective|p2a: Moose\n|-damage|p2a: Moose|18\/100\n|-unboost|p1b: Pawmot|def|1\n|-unboost|p1b: Pawmot|spd|1\n|move|p2a: Moose|Body Slam|p1a: Iron Valiant\n|-damage|p1a: Iron Valiant|0 fnt\n|faint|p1a: Iron Valiant\n|-end|p1a: Iron Valiant|Quark Drive|[silent]\n|\n|-heal|p2a: Moose|24\/100|[from] item: Leftovers\n|upkeep\n|-message|orangechicken26 forfeited.\n|\n|win|AlexisSync\n|raw|orangechicken26's rating: 1122 &rarr; <strong>1091<\/strong><br \/>(-31 for losing)\n|raw|AlexisSync's rating: 1040 &rarr; <strong>1082<\/strong><br \/>(+42 for winning)\n|l|\u203dorangechicken26\n","uploadtime":1698861177,"views":21,"p1id":"orangechicken26","p2id":"alexissync","formatid":"gen9doublesou","rating":1082,"private":0,"password":""}