{"id":"gen9doublesou-1984852929","p1":"aeroblaster7","p2":"A301i","format":"[Gen 9] Doubles OU","log":"|j|\u2606aeroblaster7\n|j|\u2606A301i\n|t:|1699304599\n|gametype|doubles\n|player|p1|aeroblaster7|skyla|\n|player|p2|A301i|265|\n|teamsize|p1|6\n|teamsize|p2|6\n|gen|9\n|tier|[Gen 9] Doubles OU\n|rule|Species Clause: Limit one of each Pok\u00e9mon\n|rule|OHKO Clause: OHKO moves are banned\n|rule|Evasion Moves Clause: Evasion moves are banned\n|rule|Gravity Sleep Clause: The combination of sleep-inducing moves with imperfect accuracy and Gravity or Gigantamax Orbeetle are banned\n|rule|Endless Battle Clause: Forcing endless battles is banned\n|rule|HP Percentage Mod: HP is shown in percentages\n|clearpoke\n|poke|p1|Pelipper, F|\n|poke|p1|Iron Bundle|\n|poke|p1|Manaphy|\n|poke|p1|Overqwil, F|\n|poke|p1|Articuno|\n|poke|p1|Oranguru, M|\n|poke|p2|Clefairy, F|\n|poke|p2|Chi-Yu|\n|poke|p2|Roaring Moon|\n|poke|p2|Rotom-Wash|\n|poke|p2|Kingambit, F|\n|poke|p2|Calyrex|\n|teampreview\n|c|\u2606aeroblaster7|good luck!\n|\n|t:|1699304611\n|start\n|switch|p1a: Pelipper|Pelipper, F|100\/100\n|switch|p1b: Overqwil|Overqwil, F|100\/100\n|switch|p2a: Calyrex|Calyrex|100\/100\n|switch|p2b: Rotom|Rotom-Wash, shiny|100\/100\n|-ability|p2a: Calyrex|Unnerve\n|-weather|RainDance|[from] ability: Drizzle|[of] p1a: Pelipper\n|turn|1\n|\n|t:|1699304642\n|switch|p1a: Oranguru|Oranguru, M|100\/100\n|move|p1b: Overqwil|Crunch|p2a: Calyrex\n|-supereffective|p2a: Calyrex\n|-damage|p2a: Calyrex|14\/100\n|-damage|p1b: Overqwil|91\/100|[from] item: Life Orb\n|move|p2b: Rotom|Thunderbolt|p1a: Oranguru\n|-damage|p1a: Oranguru|76\/100\n|-status|p1a: Oranguru|par\n|move|p2a: Calyrex|Sunny Day|p2a: Calyrex\n|-weather|SunnyDay\n|\n|-weather|SunnyDay|[upkeep]\n|upkeep\n|turn|2\n|\n|t:|1699304697\n|switch|p2a: Kingambit|Kingambit, F, shiny|100\/100\n|-item|p2a: Kingambit|Air Balloon\n|move|p1b: Overqwil|Crunch|p2a: Kingambit\n|-resisted|p2a: Kingambit\n|-damage|p2a: Kingambit|79\/100\n|-enditem|p2a: Kingambit|Air Balloon\n|-damage|p1b: Overqwil|81\/100|[from] item: Life Orb\n|move|p2b: Rotom|Thunderbolt|p1a: Oranguru\n|-damage|p1a: Oranguru|51\/100 par\n|move|p1a: Oranguru|Instruct|p1b: Overqwil\n|-singleturn|p1b: Overqwil|move: Instruct|[of] p1a: Oranguru\n|move|p1b: Overqwil|Crunch|p2a: Kingambit\n|-resisted|p2a: Kingambit\n|-damage|p2a: Kingambit|56\/100\n|-unboost|p2a: Kingambit|def|1\n|-ability|p2a: Kingambit|Defiant|boost\n|-boost|p2a: Kingambit|atk|2\n|-damage|p1b: Overqwil|71\/100|[from] item: Life Orb\n|\n|-weather|SunnyDay|[upkeep]\n|upkeep\n|turn|3\n|\n|t:|1699304734\n|switch|p1b: Pelipper|Pelipper, F|100\/100\n|-weather|RainDance|[from] ability: Drizzle|[of] p1b: Pelipper\n|move|p2b: Rotom|Hydro Pump|p1b: Pelipper\n|-resisted|p1b: Pelipper\n|-damage|p1b: Pelipper|45\/100\n|-enditem|p1b: Pelipper|Eject Button\n|\n|t:|1699304744\n|switch|p1b: Manaphy|Manaphy|100\/100\n|move|p2a: Kingambit|Kowtow Cleave|p1a: Oranguru\n|-supereffective|p1a: Oranguru\n|-damage|p1a: Oranguru|0 fnt\n|faint|p1a: Oranguru\n|\n|-weather|RainDance|[upkeep]\n|upkeep\n|\n|t:|1699304752\n|switch|p1a: Overqwil|Overqwil, F|71\/100\n|turn|4\n|\n|t:|1699304772\n|move|p2a: Kingambit|Sucker Punch|p1b: Manaphy\n|-damage|p1b: Manaphy|29\/100\n|move|p1a: Overqwil|Liquidation|p2a: Kingambit\n|-damage|p2a: Kingambit|0 fnt\n|faint|p2a: Kingambit\n|-damage|p1a: Overqwil|61\/100|[from] item: Life Orb\n|move|p1b: Manaphy|Dazzling Gleam|p2b: Rotom\n|-damage|p2b: Rotom|75\/100\n|move|p2b: Rotom|Hydro Pump|p1a: Overqwil|[miss]\n|-miss|p2b: Rotom|p1a: Overqwil\n|\n|-weather|RainDance|[upkeep]\n|-heal|p1b: Manaphy|35\/100|[from] item: Leftovers\n|upkeep\n|\n|t:|1699304822\n|switch|p2a: Calyrex|Calyrex|14\/100\n|-ability|p2a: Calyrex|Unnerve\n|turn|5\n|\n|t:|1699304832\n|move|p1a: Overqwil|Crunch|p2a: Calyrex\n|-supereffective|p2a: Calyrex\n|-crit|p2a: Calyrex\n|-damage|p2a: Calyrex|0 fnt\n|faint|p2a: Calyrex\n|-damage|p1a: Overqwil|51\/100|[from] item: Life Orb\n|move|p1b: Manaphy|Rest|p1b: Manaphy\n|-status|p1b: Manaphy|slp|[from] move: Rest\n|-heal|p1b: Manaphy|100\/100 slp|[silent]\n|move|p2b: Rotom|Hydro Pump|p1a: Overqwil\n|-damage|p1a: Overqwil|0 fnt\n|faint|p1a: Overqwil\n|\n|-weather|RainDance|[upkeep]\n|-activate|p1b: Manaphy|ability: Hydration\n|-curestatus|p1b: Manaphy|slp|[msg]\n|upkeep\n|\n|t:|1699304854\n|switch|p1a: Iron Bundle|Iron Bundle|100\/100\n|switch|p2a: Roaring Moon|Roaring Moon, shiny|100\/100\n|-enditem|p1a: Iron Bundle|Booster Energy\n|-activate|p1a: Iron Bundle|ability: Quark Drive|[fromitem]\n|-start|p1a: Iron Bundle|quarkdrivespe\n|-enditem|p2a: Roaring Moon|Booster Energy\n|-activate|p2a: Roaring Moon|ability: Protosynthesis|[fromitem]\n|-start|p2a: Roaring Moon|protosynthesisspe\n|turn|6\n|\n|t:|1699304878\n|-end|p2a: Roaring Moon|Protosynthesis|[silent]\n|switch|p2a: Clefairy|Clefairy, F, shiny|100\/100\n|-terastallize|p1a: Iron Bundle|Ground\n|move|p1a: Iron Bundle|Freeze-Dry|p2b: Rotom\n|-supereffective|p2b: Rotom\n|-damage|p2b: Rotom|16\/100\n|-enditem|p2b: Rotom|Sitrus Berry|[eat]\n|-heal|p2b: Rotom|41\/100|[from] item: Sitrus Berry\n|move|p1b: Manaphy|Dazzling Gleam|p2b: Rotom|[spread] p2a,p2b\n|-damage|p2a: Clefairy|84\/100\n|-damage|p2b: Rotom|25\/100\n|move|p2b: Rotom|Thunderbolt|p1a: Iron Bundle\n|-immune|p1a: Iron Bundle\n|\n|-weather|RainDance|[upkeep]\n|upkeep\n|turn|7\n|\n|t:|1699304904\n|move|p1a: Iron Bundle|Hydro Pump|p2a: Clefairy\n|-damage|p2a: Clefairy|19\/100\n|move|p1b: Manaphy|Dazzling Gleam|p2a: Clefairy|[spread] p2a,p2b\n|-damage|p2a: Clefairy|2\/100\n|-damage|p2b: Rotom|10\/100\n|move|p2b: Rotom|Hydro Pump|p1a: Iron Bundle\n|-supereffective|p1a: Iron Bundle\n|-damage|p1a: Iron Bundle|0 fnt\n|faint|p1a: Iron Bundle\n|-end|p1a: Iron Bundle|Quark Drive|[silent]\n|move|p2a: Clefairy|Chilling Water|p1b: Manaphy\n|-resisted|p1b: Manaphy\n|-damage|p1b: Manaphy|96\/100\n|-unboost|p1b: Manaphy|atk|1\n|\n|-weather|none\n|-heal|p1b: Manaphy|100\/100|[from] item: Leftovers\n|upkeep\n|\n|t:|1699304919\n|switch|p1a: Pelipper|Pelipper, F|45\/100\n|-weather|RainDance|[from] ability: Drizzle|[of] p1a: Pelipper\n|turn|8\n|\n|t:|1699304929\n|move|p2a: Clefairy|Follow Me|p2a: Clefairy\n|-singleturn|p2a: Clefairy|move: Follow Me\n|move|p1b: Manaphy|Dazzling Gleam|p2a: Clefairy|[spread] p2a,p2b\n|-damage|p2a: Clefairy|0 fnt\n|-damage|p2b: Rotom|0 fnt\n|faint|p2a: Clefairy\n|faint|p2b: Rotom\n|move|p1a: Pelipper|Tailwind|p1a: Pelipper\n|-sidestart|p1: aeroblaster7|move: Tailwind\n|\n|-weather|RainDance|[upkeep]\n|upkeep\n|\n|t:|1699304941\n|switch|p2b: Chi-Yu|Chi-Yu|100\/100\n|switch|p2a: Roaring Moon|Roaring Moon, shiny|100\/100\n|-ability|p2b: Chi-Yu|Beads of Ruin\n|turn|9\n|\n|t:|1699304966\n|-terastallize|p2a: Roaring Moon|Flying\n|move|p2b: Chi-Yu|Protect|p2b: Chi-Yu\n|-singleturn|p2b: Chi-Yu|Protect\n|move|p1b: Manaphy|Dazzling Gleam|p2a: Roaring Moon|[spread] p2a\n|-activate|p2b: Chi-Yu|move: Protect\n|-damage|p2a: Roaring Moon|77\/100\n|move|p2a: Roaring Moon|Tailwind|p2a: Roaring Moon\n|-sidestart|p2: A301i|move: Tailwind\n|move|p1a: Pelipper|Weather Ball|p2b: Chi-Yu\n|-activate|p2b: Chi-Yu|move: Protect\n|\n|-weather|RainDance|[upkeep]\n|upkeep\n|turn|10\n|\n|t:|1699304991\n|move|p1a: Pelipper|Helping Hand|p1b: Manaphy\n|-singleturn|p1b: Manaphy|Helping Hand|[of] p1a: Pelipper\n|move|p2a: Roaring Moon|Acrobatics|p1b: Manaphy\n|-damage|p1b: Manaphy|54\/100\n|move|p2b: Chi-Yu|Dark Pulse|p1a: Pelipper\n|-damage|p1a: Pelipper|0 fnt\n|faint|p1a: Pelipper\n|-damage|p2b: Chi-Yu|91\/100|[from] item: Life Orb\n|move|p1b: Manaphy|Dazzling Gleam|p2b: Chi-Yu|[spread] p2a,p2b\n|-damage|p2a: Roaring Moon|42\/100\n|-damage|p2b: Chi-Yu|58\/100\n|\n|-weather|RainDance|[upkeep]\n|-heal|p1b: Manaphy|60\/100|[from] item: Leftovers\n|upkeep\n|\n|t:|1699305001\n|switch|p1a: Articuno|Articuno|100\/100\n|-ability|p1a: Articuno|Pressure\n|turn|11\n|\n|t:|1699305025\n|move|p2a: Roaring Moon|Acrobatics|p1b: Manaphy\n|-damage|p1b: Manaphy|11\/100\n|move|p2b: Chi-Yu|Heat Wave|p1a: Articuno|[spread] p1a,p1b\n|-supereffective|p1a: Articuno\n|-resisted|p1b: Manaphy\n|-damage|p1a: Articuno|45\/100\n|-damage|p1b: Manaphy|0 fnt\n|faint|p1b: Manaphy\n|-damage|p2b: Chi-Yu|49\/100|[from] item: Life Orb\n|move|p1a: Articuno|Weather Ball|p2b: Chi-Yu\n|-supereffective|p2b: Chi-Yu\n|-damage|p2b: Chi-Yu|0 fnt\n|faint|p2b: Chi-Yu\n|\n|-weather|RainDance|[upkeep]\n|-sideend|p1: aeroblaster7|move: Tailwind\n|upkeep\n|turn|12\n|c|\u2606aeroblaster7|gg\n|\n|t:|1699305044\n|move|p2a: Roaring Moon|Knock Off|p1a: Articuno\n|-damage|p1a: Articuno|0 fnt\n|-enditem|p1a: Articuno|Choice Specs|[from] move: Knock Off|[of] p2a: Roaring Moon\n|faint|p1a: Articuno\n|\n|win|A301i\n|c|\u2606A301i|My team sucks. Whew\n|c|\u2606A301i|that was tiiightr\n|c|\u2606aeroblaster7|that was a tense one\n|c|\u2606A301i|gg Ham\n|c|\u2606aeroblaster7|you too\n|c|\u2606A301i|That was fun. Super enjoyable man.\n|c|\u2606aeroblaster7|definitely!\n","uploadtime":1699305177,"views":28,"p1id":"aeroblaster7","p2id":"a301i","formatid":"gen9doublesou","rating":0,"private":0,"password":""}