{"id":"gen9doublesou-1996959662","p1":"EddieJay","p2":"simitrakt231","format":"[Gen 9] Doubles OU","log":"|j|\u2606EddieJay\n|j|\u2606simitrakt231\n|t:|1700749792\n|gametype|doubles\n|player|p1|EddieJay|bruno|1465\n|player|p2|simitrakt231|102|1366\n|teamsize|p1|6\n|teamsize|p2|6\n|gen|9\n|tier|[Gen 9] Doubles OU\n|rated|\n|rule|Species Clause: Limit one of each Pok\u00e9mon\n|rule|OHKO Clause: OHKO moves are banned\n|rule|Evasion Moves Clause: Evasion moves are banned\n|rule|Gravity Sleep Clause: The combination of sleep-inducing moves with imperfect accuracy and Gravity or Gigantamax Orbeetle are banned\n|rule|Endless Battle Clause: Forcing endless battles is banned\n|rule|HP Percentage Mod: HP is shown in percentages\n|clearpoke\n|poke|p1|Ogerpon-Hearthflame, F|\n|poke|p1|Iron Hands|\n|poke|p1|Landorus-Therian, M|\n|poke|p1|Sinistcha-Masterpiece|\n|poke|p1|Flutter Mane|\n|poke|p1|Gholdengo|\n|poke|p2|Gholdengo|\n|poke|p2|Kommo-o, M|\n|poke|p2|Iron Bundle|\n|poke|p2|Clefable, F|\n|poke|p2|Grimmsnarl, M|\n|poke|p2|Glimmora, M|\n|teampreview\n|inactive|Battle timer is ON: inactive players will automatically lose when time's up. (requested by simitrakt231)\n|inactive|EddieJay also wants the timer to be on.\n|\n|t:|1700749805\n|start\n|switch|p1a: Gholdengo|Gholdengo|100\/100\n|switch|p1b: Iron Hands|Iron Hands|100\/100\n|switch|p2a: Grimmsnarl|Grimmsnarl, M|100\/100\n|switch|p2b: Glimmora|Glimmora, M, shiny|100\/100\n|-enditem|p1b: Iron Hands|Booster Energy\n|-activate|p1b: Iron Hands|ability: Quark Drive|[fromitem]\n|-start|p1b: Iron Hands|quarkdriveatk\n|turn|1\n|\n|t:|1700749815\n|-terastallize|p1a: Gholdengo|Steel\n|move|p1b: Iron Hands|Fake Out|p2a: Grimmsnarl\n|-damage|p2a: Grimmsnarl|74\/100\n|cant|p2a: Grimmsnarl|flinch\n|move|p1a: Gholdengo|Make It Rain|p2b: Glimmora|[spread] p2a,p2b\n|-supereffective|p2a: Grimmsnarl\n|-supereffective|p2b: Glimmora\n|-damage|p2a: Grimmsnarl|0 fnt\n|-enditem|p2b: Glimmora|Focus Sash\n|-damage|p2b: Glimmora|1\/100\n|-unboost|p1a: Gholdengo|spa|1\n|faint|p2a: Grimmsnarl\n|move|p2b: Glimmora|Rock Slide|p1b: Iron Hands|[spread] p1a,p1b\n|-resisted|p1a: Gholdengo\n|-resisted|p1b: Iron Hands\n|-damage|p1a: Gholdengo|90\/100\n|-damage|p1b: Iron Hands|95\/100\n|\n|upkeep\n|\n|t:|1700749824\n|switch|p2a: Iron Bundle|Iron Bundle|100\/100\n|-enditem|p2a: Iron Bundle|Booster Energy\n|-activate|p2a: Iron Bundle|ability: Quark Drive|[fromitem]\n|-start|p2a: Iron Bundle|quarkdrivespe\n|turn|2\n|\n|t:|1700749829\n|move|p2a: Iron Bundle|Icy Wind|p1a: Gholdengo|[spread] p1a,p1b\n|-resisted|p1a: Gholdengo\n|-damage|p1a: Gholdengo|78\/100\n|-damage|p1b: Iron Hands|75\/100\n|-unboost|p1a: Gholdengo|spe|1\n|-unboost|p1b: Iron Hands|spe|1\n|move|p2b: Glimmora|Rock Slide|p1b: Iron Hands|[spread] p1a,p1b\n|-resisted|p1a: Gholdengo\n|-resisted|p1b: Iron Hands\n|-damage|p1a: Gholdengo|67\/100\n|-damage|p1b: Iron Hands|70\/100\n|move|p1a: Gholdengo|Make It Rain|p2a: Iron Bundle|[spread] p2a,p2b\n|-supereffective|p2b: Glimmora\n|-damage|p2a: Iron Bundle|14\/100\n|-damage|p2b: Glimmora|0 fnt\n|-unboost|p1a: Gholdengo|spa|1\n|faint|p2b: Glimmora\n|cant|p1b: Iron Hands|flinch\n|\n|upkeep\n|\n|t:|1700749844\n|switch|p2b: Clefable|Clefable, F|100\/100\n|turn|3\n|\n|t:|1700749849\n|move|p2a: Iron Bundle|Icy Wind|p1a: Gholdengo|[spread] p1a\n|-miss|p2a: Iron Bundle|p1b: Iron Hands\n|-resisted|p1a: Gholdengo\n|-damage|p1a: Gholdengo|56\/100\n|-unboost|p1a: Gholdengo|spe|1\n|move|p1a: Gholdengo|Make It Rain|p2b: Clefable|[spread] p2a,p2b\n|-supereffective|p2b: Clefable\n|-damage|p2a: Iron Bundle|0 fnt\n|-damage|p2b: Clefable|39\/100\n|-unboost|p1a: Gholdengo|spa|1\n|faint|p2a: Iron Bundle\n|-end|p2a: Iron Bundle|Quark Drive|[silent]\n|move|p2b: Clefable|Flamethrower|p1a: Gholdengo\n|-supereffective|p1a: Gholdengo\n|-crit|p1a: Gholdengo\n|-damage|p1a: Gholdengo|0 fnt\n|faint|p1a: Gholdengo\n|move|p1b: Iron Hands|Drain Punch|p2b: Clefable\n|-resisted|p2b: Clefable\n|-damage|p2b: Clefable|8\/100\n|-heal|p1b: Iron Hands|81\/100|[from] drain|[of] p2b: Clefable\n|\n|upkeep\n|inactive|EddieJay has 120 seconds left.\n|\n|t:|1700749880\n|switch|p2a: Kommo-o|Kommo-o, M, shiny|100\/100\n|switch|p1a: Landorus|Landorus-Therian, M|100\/100\n|-ability|p1a: Landorus|Intimidate|boost\n|-unboost|p2a: Kommo-o|atk|1\n|-unboost|p2b: Clefable|atk|1\n|turn|4\n|\n|t:|1700749891\n|move|p1a: Landorus|Stomping Tantrum|p2b: Clefable\n|-damage|p2b: Clefable|0 fnt\n|faint|p2b: Clefable\n|-damage|p1a: Landorus|91\/100|[from] item: Life Orb\n|move|p2a: Kommo-o|Clangorous Soul|p2a: Kommo-o\n|-boost|p2a: Kommo-o|atk|1\n|-boost|p2a: Kommo-o|def|1\n|-boost|p2a: Kommo-o|spa|1\n|-boost|p2a: Kommo-o|spd|1\n|-boost|p2a: Kommo-o|spe|1\n|-damage|p2a: Kommo-o|68\/100\n|-enditem|p2a: Kommo-o|Throat Spray\n|-boost|p2a: Kommo-o|spa|1|[from] item: Throat Spray\n|move|p1b: Iron Hands|Ice Punch|p2a: Kommo-o\n|-supereffective|p2a: Kommo-o\n|-damage|p2a: Kommo-o|12\/100\n|-status|p2a: Kommo-o|frz\n|\n|upkeep\n|\n|t:|1700749895\n|switch|p2b: Gholdengo|Gholdengo, shiny|100\/100\n|turn|5\n|\n|t:|1700749911\n|-terastallize|p2a: Kommo-o|Normal\n|-curestatus|p2a: Kommo-o|frz|[msg]\n|move|p2a: Kommo-o|Boomburst|p1a: Landorus|[spread] p1a,p1b\n|-immune|p2b: Gholdengo\n|-damage|p1a: Landorus|0 fnt\n|-damage|p1b: Iron Hands|0 fnt\n|faint|p1a: Landorus\n|faint|p1b: Iron Hands\n|-end|p1b: Iron Hands|Quark Drive|[silent]\n|move|p2b: Gholdengo|Make It Rain|p1: Landorus|[notarget]\n|-fail|p2b: Gholdengo\n|\n|upkeep\n|\n|t:|1700749920\n|switch|p1a: Flutter Mane|Flutter Mane, shiny|100\/100\n|switch|p1b: Sinistcha|Sinistcha-Masterpiece|100\/100\n|turn|6\n|\n|t:|1700749941\n|move|p2a: Kommo-o|Flamethrower|p1b: Sinistcha\n|-supereffective|p1b: Sinistcha\n|-damage|p1b: Sinistcha|0 fnt\n|faint|p1b: Sinistcha\n|move|p1a: Flutter Mane|Dazzling Gleam|p2b: Gholdengo|[spread] p2a,p2b\n|-resisted|p2b: Gholdengo\n|-damage|p2a: Kommo-o|0 fnt\n|-damage|p2b: Gholdengo|81\/100\n|faint|p2a: Kommo-o\n|move|p2b: Gholdengo|Make It Rain|p1a: Flutter Mane\n|-supereffective|p1a: Flutter Mane\n|-enditem|p1a: Flutter Mane|Focus Sash\n|-damage|p1a: Flutter Mane|1\/100\n|-unboost|p2b: Gholdengo|spa|1\n|\n|upkeep\n|\n|t:|1700749948\n|switch|p1b: Ogerpon|Ogerpon-Hearthflame, F|100\/100\n|-ability|p1b: Ogerpon|Mold Breaker\n|turn|7\n|\n|t:|1700749953\n|move|p1a: Flutter Mane|Protect|p1a: Flutter Mane\n|-singleturn|p1a: Flutter Mane|Protect\n|move|p1b: Ogerpon|Knock Off|p2b: Gholdengo\n|-supereffective|p2b: Gholdengo\n|-damage|p2b: Gholdengo|0 fnt\n|-enditem|p2b: Gholdengo|Choice Specs|[from] move: Knock Off|[of] p1b: Ogerpon\n|faint|p2b: Gholdengo\n|\n|win|EddieJay\n|raw|EddieJay's rating: 1465 &rarr; <strong>1479<\/strong><br \/>(+14 for winning)\n|raw|simitrakt231's rating: 1366 &rarr; <strong>1352<\/strong><br \/>(-14 for losing)\n|l|\u2606simitrakt231\n","uploadtime":1700749974,"views":7,"p1id":"eddiejay","p2id":"simitrakt231","formatid":"gen9doublesou","rating":1352,"private":0,"password":""}