{"id":"gen9doublesou-1980399159","p1":"mikeyuwu","p2":"DrBeak101","format":"[Gen 9] Doubles OU","log":"|j|\u2606mikeyuwu\n|j|\u2606DrBeak101\n|t:|1698781515\n|gametype|doubles\n|player|p1|mikeyuwu|psychic-gen4|1346\n|player|p2|DrBeak101|scientist-gen4|1428\n|teamsize|p1|6\n|teamsize|p2|6\n|gen|9\n|tier|[Gen 9] Doubles OU\n|rated|\n|rule|Species Clause: Limit one of each Pok\u00e9mon\n|rule|OHKO Clause: OHKO moves are banned\n|rule|Evasion Moves Clause: Evasion moves are banned\n|rule|Gravity Sleep Clause: The combination of sleep-inducing moves with imperfect accuracy and Gravity or Gigantamax Orbeetle are banned\n|rule|Endless Battle Clause: Forcing endless battles is banned\n|rule|HP Percentage Mod: HP is shown in percentages\n|clearpoke\n|poke|p1|Garchomp, M|\n|poke|p1|Tyranitar, F|\n|poke|p1|Vaporeon, F|\n|poke|p1|Toxicroak, M|\n|poke|p1|Pelipper, F|\n|poke|p1|Abomasnow, M|\n|poke|p2|Torkoal, F|\n|poke|p2|Scovillain, F|\n|poke|p2|Chi-Yu|\n|poke|p2|Ogerpon-Hearthflame, F|\n|poke|p2|Rillaboom, M|\n|poke|p2|Walking Wake|\n|teampreview\n|\n|t:|1698781527\n|start\n|switch|p1a: Weather War|Pelipper, F|100\/100\n|switch|p1b: Cold Shoulder|Abomasnow, M, shiny|100\/100\n|switch|p2a: Harambe|Rillaboom, M, shiny|100\/100\n|switch|p2b: Ogerpon|Ogerpon-Hearthflame, F|100\/100\n|-ability|p2b: Ogerpon|Mold Breaker\n|-fieldstart|move: Grassy Terrain|[from] ability: Grassy Surge|[of] p2a: Harambe\n|-weather|RainDance|[from] ability: Drizzle|[of] p1a: Weather War\n|-weather|Snow|[from] ability: Snow Warning|[of] p1b: Cold Shoulder\n|turn|1\n|\n|t:|1698781541\n|switch|p2a: Volcana|Torkoal, F, shiny|100\/100\n|-weather|SunnyDay|[from] ability: Drought|[of] p2a: Volcana\n|switch|p1b: Extra Spicy|Garchomp, M|100\/100\n|move|p2b: Ogerpon|Horn Leech|p1a: Weather War\n|-damage|p1a: Weather War|53\/100\n|move|p1a: Weather War|Hurricane|p2b: Ogerpon|[miss]\n|-miss|p1a: Weather War|p2b: Ogerpon\n|\n|-weather|SunnyDay|[upkeep]\n|upkeep\n|turn|2\n|\n|t:|1698781563\n|move|p2b: Ogerpon|Horn Leech|p1a: Weather War\n|-damage|p1a: Weather War|10\/100\n|move|p1b: Extra Spicy|Poison Jab|p2b: Ogerpon\n|-supereffective|p2b: Ogerpon\n|-damage|p2b: Ogerpon|40\/100\n|-status|p2b: Ogerpon|psn\n|move|p1a: Weather War|Hurricane|p2b: Ogerpon\n|-supereffective|p2b: Ogerpon\n|-damage|p2b: Ogerpon|0 fnt\n|faint|p2b: Ogerpon\n|move|p2a: Volcana|Stealth Rock|p1b: Extra Spicy\n|-sidestart|p1: mikeyuwu|move: Stealth Rock\n|\n|-weather|SunnyDay|[upkeep]\n|upkeep\n|\n|t:|1698781573\n|switch|p2b: Walking Wake|Walking Wake|100\/100\n|-activate|p2b: Walking Wake|ability: Protosynthesis\n|-start|p2b: Walking Wake|protosynthesisspa\n|turn|3\n|\n|t:|1698781586\n|switch|p1b: ThcrThnSnkr|Tyranitar, F|100\/100\n|-damage|p1b: ThcrThnSnkr|88\/100|[from] Stealth Rock\n|-weather|Sandstorm|[from] ability: Sand Stream|[of] p1b: ThcrThnSnkr\n|-end|p2b: Walking Wake|Protosynthesis\n|switch|p1a: OTLHPM|Toxicroak, M|100\/100\n|-damage|p1a: OTLHPM|94\/100|[from] Stealth Rock\n|move|p2b: Walking Wake|Dragon Pulse|p1b: ThcrThnSnkr\n|-damage|p1b: ThcrThnSnkr|75\/100\n|move|p2a: Volcana|Heat Wave|p1b: ThcrThnSnkr|[spread] p1a,p1b\n|-resisted|p1b: ThcrThnSnkr\n|-damage|p1a: OTLHPM|64\/100\n|-damage|p1b: ThcrThnSnkr|72\/100\n|\n|-weather|Sandstorm|[upkeep]\n|-damage|p2b: Walking Wake|94\/100|[from] Sandstorm\n|-damage|p1a: OTLHPM|58\/100|[from] Sandstorm\n|-damage|p2a: Volcana|94\/100|[from] Sandstorm\n|-heal|p2b: Walking Wake|100\/100|[from] Grassy Terrain\n|-heal|p1a: OTLHPM|64\/100|[from] Grassy Terrain\n|-heal|p1a: OTLHPM|70\/100|[from] item: Black Sludge\n|-heal|p1b: ThcrThnSnkr|78\/100|[from] Grassy Terrain\n|-heal|p2a: Volcana|100\/100|[from] Grassy Terrain\n|upkeep\n|turn|4\n|\n|t:|1698781602\n|switch|p2a: Harambe|Rillaboom, M, shiny|100\/100\n|move|p2b: Walking Wake|Flip Turn|p1b: ThcrThnSnkr\n|-supereffective|p1b: ThcrThnSnkr\n|-damage|p1b: ThcrThnSnkr|48\/100\n|\n|t:|1698781605\n|-end|p2b: Walking Wake|Protosynthesis|[silent]\n|switch|p2b: Volcana|Torkoal, F, shiny|100\/100|[from] Flip Turn\n|-weather|SunnyDay|[from] ability: Drought|[of] p2b: Volcana\n|move|p1a: OTLHPM|Drain Punch|p2b: Volcana\n|-damage|p2b: Volcana|78\/100\n|-heal|p1a: OTLHPM|82\/100|[from] drain|[of] p2b: Volcana\n|move|p1b: ThcrThnSnkr|Rock Slide|p2b: Volcana|[spread] p2a,p2b\n|-supereffective|p2b: Volcana\n|-damage|p2a: Harambe|78\/100\n|-damage|p2b: Volcana|50\/100\n|\n|-weather|SunnyDay|[upkeep]\n|-damage|p1a: OTLHPM|69\/100|[from] ability: Dry Skin|[of] p1a: OTLHPM\n|-heal|p2a: Harambe|84\/100|[from] Grassy Terrain\n|-heal|p1a: OTLHPM|76\/100|[from] Grassy Terrain\n|-heal|p1a: OTLHPM|82\/100|[from] item: Black Sludge\n|-heal|p1b: ThcrThnSnkr|54\/100|[from] Grassy Terrain\n|-heal|p2b: Volcana|56\/100|[from] Grassy Terrain\n|upkeep\n|turn|5\n|\n|t:|1698781617\n|switch|p1b: Weather War|Pelipper, F|10\/100\n|-weather|RainDance|[from] ability: Drizzle|[of] p1b: Weather War\n|switch|p2b: Walking Wake|Walking Wake|100\/100\n|move|p2a: Harambe|Grassy Glide|p1b: Weather War\n|-damage|p1b: Weather War|0 fnt\n|faint|p1b: Weather War\n|move|p1a: OTLHPM|Poison Jab|p2a: Harambe\n|-supereffective|p2a: Harambe\n|-damage|p2a: Harambe|16\/100\n|-status|p2a: Harambe|psn\n|\n|-weather|RainDance|[upkeep]\n|-heal|p1a: OTLHPM|94\/100|[from] ability: Dry Skin\n|-heal|p1a: OTLHPM|100\/100|[from] Grassy Terrain\n|-heal|p2a: Harambe|22\/100 psn|[from] Grassy Terrain\n|-damage|p2a: Harambe|9\/100 psn|[from] psn\n|upkeep\n|\n|t:|1698781636\n|switch|p1b: Cold Shoulder|Abomasnow, M, shiny|100\/100\n|-damage|p1b: Cold Shoulder|76\/100|[from] Stealth Rock\n|-weather|Snow|[from] ability: Snow Warning|[of] p1b: Cold Shoulder\n|turn|6\n|\n|t:|1698781640\n|switch|p2a: Volcana|Torkoal, F, shiny|56\/100\n|-weather|SunnyDay|[from] ability: Drought|[of] p2a: Volcana\n|-activate|p2b: Walking Wake|ability: Protosynthesis\n|-start|p2b: Walking Wake|protosynthesisspa\n|-terastallize|p1b: Cold Shoulder|Water\n|move|p2b: Walking Wake|Flamethrower|p1a: OTLHPM\n|-damage|p1a: OTLHPM|16\/100\n|move|p1a: OTLHPM|Poison Jab|p2b: Walking Wake\n|-damage|p2b: Walking Wake|56\/100\n|-status|p2b: Walking Wake|psn\n|move|p1b: Cold Shoulder|Blizzard|p2a: Volcana|[spread] p2b\n|-miss|p1b: Cold Shoulder|p2a: Volcana\n|-damage|p2b: Walking Wake|33\/100 psn\n|\n|-weather|SunnyDay|[upkeep]\n|-damage|p1a: OTLHPM|3\/100|[from] ability: Dry Skin|[of] p1a: OTLHPM\n|-heal|p2b: Walking Wake|39\/100 psn|[from] Grassy Terrain\n|-heal|p1a: OTLHPM|10\/100|[from] Grassy Terrain\n|-heal|p1a: OTLHPM|16\/100|[from] item: Black Sludge\n|-heal|p1b: Cold Shoulder|82\/100|[from] Grassy Terrain\n|-heal|p2a: Volcana|62\/100|[from] Grassy Terrain\n|-damage|p2b: Walking Wake|27\/100 psn|[from] psn\n|upkeep\n|turn|7\n|\n|t:|1698781663\n|switch|p1a: ThcrThnSnkr|Tyranitar, F|54\/100\n|-damage|p1a: ThcrThnSnkr|42\/100|[from] Stealth Rock\n|-weather|Sandstorm|[from] ability: Sand Stream|[of] p1a: ThcrThnSnkr\n|-end|p2b: Walking Wake|Protosynthesis\n|move|p2b: Walking Wake|Dragon Pulse|p1b: Cold Shoulder\n|-damage|p1b: Cold Shoulder|36\/100\n|move|p1b: Cold Shoulder|Weather Ball|p2b: Walking Wake\n|-damage|p2b: Walking Wake|8\/100 psn\n|move|p2a: Volcana|Heat Wave|p1b: Cold Shoulder|[spread] p1a,p1b\n|-resisted|p1a: ThcrThnSnkr\n|-resisted|p1b: Cold Shoulder\n|-damage|p1a: ThcrThnSnkr|39\/100\n|-damage|p1b: Cold Shoulder|24\/100\n|\n|-weather|Sandstorm|[upkeep]\n|-damage|p2b: Walking Wake|2\/100 psn|[from] Sandstorm\n|-damage|p1b: Cold Shoulder|18\/100|[from] Sandstorm\n|-damage|p2a: Volcana|56\/100|[from] Sandstorm\n|-heal|p2b: Walking Wake|8\/100 psn|[from] Grassy Terrain\n|-heal|p1b: Cold Shoulder|24\/100|[from] Grassy Terrain\n|-heal|p1a: ThcrThnSnkr|45\/100|[from] Grassy Terrain\n|-heal|p2a: Volcana|62\/100|[from] Grassy Terrain\n|-damage|p2b: Walking Wake|0 fnt|[from] psn\n|faint|p2b: Walking Wake\n|-end|p2b: Walking Wake|Protosynthesis|[silent]\n|upkeep\n|\n|t:|1698781670\n|switch|p2b: Harambe|Rillaboom, M, shiny|9\/100 psn\n|turn|8\n|\n|t:|1698781681\n|switch|p1a: Extra Spicy|Garchomp, M|100\/100\n|-damage|p1a: Extra Spicy|94\/100|[from] Stealth Rock\n|switch|p2a: Chi-Yu|Chi-Yu|100\/100\n|-ability|p2a: Chi-Yu|Beads of Ruin\n|move|p2b: Harambe|Grassy Glide|p1a: Extra Spicy\n|-damage|p1a: Extra Spicy|68\/100\n|-damage|p2b: Harambe|0 fnt|[from] ability: Rough Skin|[of] p1a: Extra Spicy\n|faint|p2b: Harambe\n|move|p1b: Cold Shoulder|Weather Ball|p2a: Chi-Yu\n|-supereffective|p2a: Chi-Yu\n|-damage|p2a: Chi-Yu|39\/100\n|\n|-weather|Sandstorm|[upkeep]\n|-damage|p2a: Chi-Yu|33\/100|[from] Sandstorm\n|-damage|p1b: Cold Shoulder|18\/100|[from] Sandstorm\n|-heal|p2a: Chi-Yu|39\/100|[from] Grassy Terrain\n|-heal|p1a: Extra Spicy|74\/100|[from] Grassy Terrain\n|-heal|p1b: Cold Shoulder|24\/100|[from] Grassy Terrain\n|-fieldend|move: Grassy Terrain\n|upkeep\n|\n|t:|1698781684\n|switch|p2b: Volcana|Torkoal, F, shiny|62\/100\n|-weather|SunnyDay|[from] ability: Drought|[of] p2b: Volcana\n|turn|9\n|\n|t:|1698781704\n|move|p2a: Chi-Yu|Heat Wave|p1a: Extra Spicy|[spread] p1b\n|-miss|p2a: Chi-Yu|p1a: Extra Spicy\n|-resisted|p1b: Cold Shoulder\n|-damage|p1b: Cold Shoulder|0 fnt\n|faint|p1b: Cold Shoulder\n|move|p1a: Extra Spicy|Earthquake|p2b: Volcana|[spread] p2a,p2b\n|-supereffective|p2a: Chi-Yu\n|-supereffective|p2b: Volcana\n|-crit|p2b: Volcana\n|-damage|p2a: Chi-Yu|0 fnt\n|-damage|p2b: Volcana|4\/100\n|faint|p2a: Chi-Yu\n|move|p2b: Volcana|Yawn|p1a: Extra Spicy\n|-start|p1a: Extra Spicy|move: Yawn|[of] p2b: Volcana\n|\n|-weather|SunnyDay|[upkeep]\n|upkeep\n|\n|t:|1698781710\n|switch|p2a: Bella & Pepper|Scovillain, F, shiny|100\/100\n|switch|p1b: ThcrThnSnkr|Tyranitar, F|45\/100\n|-damage|p1b: ThcrThnSnkr|33\/100|[from] Stealth Rock\n|-weather|Sandstorm|[from] ability: Sand Stream|[of] p1b: ThcrThnSnkr\n|turn|10\n|\n|t:|1698781717\n|move|p2a: Bella & Pepper|Giga Drain|p1b: ThcrThnSnkr\n|-supereffective|p1b: ThcrThnSnkr\n|-damage|p1b: ThcrThnSnkr|10\/100\n|move|p1a: Extra Spicy|Poison Jab|p2a: Bella & Pepper\n|-supereffective|p2a: Bella & Pepper\n|-damage|p2a: Bella & Pepper|14\/100\n|move|p1b: ThcrThnSnkr|Rock Slide|p2b: Volcana|[spread] p2a,p2b\n|-supereffective|p2a: Bella & Pepper\n|-supereffective|p2b: Volcana\n|-damage|p2a: Bella & Pepper|0 fnt\n|-damage|p2b: Volcana|0 fnt\n|faint|p2a: Bella & Pepper\n|faint|p2b: Volcana\n|\n|win|mikeyuwu\n|raw|mikeyuwu's rating: 1346 &rarr; <strong>1371<\/strong><br \/>(+25 for winning)\n|raw|DrBeak101's rating: 1428 &rarr; <strong>1403<\/strong><br \/>(-25 for losing)\n|c|\u2606mikeyuwu|Gg\n|l|\u2606DrBeak101\n","uploadtime":1698781737,"views":16,"p1id":"mikeyuwu","p2id":"drbeak101","formatid":"gen9doublesou","rating":1371,"private":0,"password":""}