{"id":"gen9doublesou-1986423257","p1":"Ravvenn98","p2":"Soriu","format":"[Gen 9] Doubles OU","log":"|j|\u2606Ravvenn98\n|j|\u2606Soriu\n|t:|1699477827\n|gametype|doubles\n|player|p1|Ravvenn98|clair|1250\n|player|p2|Soriu|wattson|1297\n|teamsize|p1|6\n|teamsize|p2|6\n|gen|9\n|tier|[Gen 9] Doubles OU\n|rated|\n|rule|Species Clause: Limit one of each Pok\u00e9mon\n|rule|OHKO Clause: OHKO moves are banned\n|rule|Evasion Moves Clause: Evasion moves are banned\n|rule|Gravity Sleep Clause: The combination of sleep-inducing moves with imperfect accuracy and Gravity or Gigantamax Orbeetle are banned\n|rule|Endless Battle Clause: Forcing endless battles is banned\n|rule|HP Percentage Mod: HP is shown in percentages\n|clearpoke\n|poke|p1|Houndstone, F|\n|poke|p1|Tyranitar, F|\n|poke|p1|Gholdengo|\n|poke|p1|Kingambit, F|\n|poke|p1|Roaring Moon|\n|poke|p1|Tornadus, M|\n|poke|p2|Garchomp, F|\n|poke|p2|Thundurus-Therian, M|\n|poke|p2|Torkoal, F|\n|poke|p2|Conkeldurr, M|\n|poke|p2|Kleavor, F|\n|poke|p2|Flutter Mane|\n|teampreview\n|inactive|Battle timer is ON: inactive players will automatically lose when time's up. (requested by Soriu)\n|\n|t:|1699477854\n|start\n|switch|p1a: Roaring Moon|Roaring Moon|100\/100\n|switch|p1b: Tornadus|Tornadus, M|100\/100\n|switch|p2a: Conkeldurr|Conkeldurr, M|100\/100\n|switch|p2b: Kleavor|Kleavor, F|100\/100\n|-enditem|p1a: Roaring Moon|Booster Energy\n|-activate|p1a: Roaring Moon|ability: Protosynthesis|[fromitem]\n|-start|p1a: Roaring Moon|protosynthesisatk\n|turn|1\n|\n|t:|1699477878\n|move|p1b: Tornadus|Tailwind|p1b: Tornadus\n|-sidestart|p1: Ravvenn98|move: Tailwind\n|move|p1a: Roaring Moon|Acrobatics|p2a: Conkeldurr\n|-supereffective|p2a: Conkeldurr\n|-damage|p2a: Conkeldurr|0 fnt\n|faint|p2a: Conkeldurr\n|move|p2b: Kleavor|Rock Slide|p1b: Tornadus|[spread] p1a,p1b\n|-supereffective|p1b: Tornadus\n|-damage|p1a: Roaring Moon|46\/100\n|-damage|p1b: Tornadus|0 fnt\n|faint|p1b: Tornadus\n|\n|upkeep\n|\n|t:|1699477895\n|switch|p1b: Gholdengo|Gholdengo|100\/100\n|switch|p2a: Thundurus|Thundurus-Therian, M|100\/100\n|turn|2\n|\n|t:|1699477913\n|move|p1a: Roaring Moon|Fire Fang|p2b: Kleavor\n|-damage|p2b: Kleavor|56\/100\n|move|p1b: Gholdengo|Shadow Ball|p2a: Thundurus\n|-damage|p2a: Thundurus|41\/100\n|-unboost|p2a: Thundurus|spd|1\n|cant|p2b: Kleavor|flinch\n|move|p2a: Thundurus|Volt Switch|p1b: Gholdengo\n|-damage|p1b: Gholdengo|53\/100\n|\n|t:|1699477929\n|switch|p2a: Garchomp|Garchomp, F|100\/100|[from] Volt Switch\n|\n|upkeep\n|turn|3\n|\n|t:|1699477938\n|move|p1a: Roaring Moon|Dragon Claw|p2a: Garchomp\n|-supereffective|p2a: Garchomp\n|-damage|p2a: Garchomp|0 fnt\n|-damage|p1a: Roaring Moon|34\/100|[from] ability: Rough Skin|[of] p2a: Garchomp\n|faint|p2a: Garchomp\n|move|p1b: Gholdengo|Flash Cannon|p2b: Kleavor\n|-supereffective|p2b: Kleavor\n|-damage|p2b: Kleavor|0 fnt\n|faint|p2b: Kleavor\n|\n|upkeep\n|\n|t:|1699477947\n|switch|p2a: Thundurus|Thundurus-Therian, M|41\/100\n|switch|p2b: Torkoal|Torkoal, F|100\/100\n|-weather|SunnyDay|[from] ability: Drought|[of] p2b: Torkoal\n|turn|4\n|\n|t:|1699477963\n|-terastallize|p2b: Torkoal|Ghost\n|move|p1a: Roaring Moon|Acrobatics|p2b: Torkoal\n|-damage|p2b: Torkoal|59\/100\n|move|p1b: Gholdengo|Shadow Ball|p2a: Thundurus\n|-damage|p2a: Thundurus|0 fnt\n|faint|p2a: Thundurus\n|move|p2b: Torkoal|Heat Wave|p1a: Roaring Moon|[spread] p1a,p1b\n|-resisted|p1a: Roaring Moon\n|-supereffective|p1b: Gholdengo\n|-damage|p1a: Roaring Moon|3\/100\n|-damage|p1b: Gholdengo|0 fnt\n|faint|p1b: Gholdengo\n|\n|-weather|SunnyDay|[upkeep]\n|-sideend|p1: Ravvenn98|move: Tailwind\n|upkeep\n|\n|t:|1699477979\n|switch|p2a: Flutter Mane|Flutter Mane|100\/100\n|switch|p1b: Kingambit|Kingambit, F|100\/100\n|-activate|p2a: Flutter Mane|ability: Protosynthesis\n|-start|p2a: Flutter Mane|protosynthesisspe\n|-activate|p1b: Kingambit|ability: Supreme Overlord\n|-start|p1b: Kingambit|fallen2|[silent]\n|turn|5\n|\n|t:|1699477987\n|move|p2a: Flutter Mane|Dazzling Gleam|p1b: Kingambit|[spread] p1a,p1b\n|-supereffective|p1a: Roaring Moon\n|-damage|p1a: Roaring Moon|0 fnt\n|-damage|p1b: Kingambit|51\/100\n|faint|p1a: Roaring Moon\n|-end|p1a: Roaring Moon|Protosynthesis|[silent]\n|move|p1b: Kingambit|Iron Head|p2a: Flutter Mane\n|-supereffective|p2a: Flutter Mane\n|-damage|p2a: Flutter Mane|0 fnt\n|faint|p2a: Flutter Mane\n|-end|p2a: Flutter Mane|Protosynthesis|[silent]\n|move|p2b: Torkoal|Heat Wave|p1b: Kingambit\n|-supereffective|p1b: Kingambit\n|-damage|p1b: Kingambit|0 fnt\n|faint|p1b: Kingambit\n|-end|p1b: Kingambit|fallen2|[silent]\n|\n|-weather|SunnyDay|[upkeep]\n|upkeep\n|\n|t:|1699477994\n|switch|p1a: Houndstone|Houndstone, F|100\/100\n|switch|p1b: Tyranitar|Tyranitar, F|100\/100\n|-weather|Sandstorm|[from] ability: Sand Stream|[of] p1b: Tyranitar\n|turn|6\n|-message|Soriu forfeited.\n|\n|win|Ravvenn98\n|raw|Ravvenn98's rating: 1250 &rarr; <strong>1278<\/strong><br \/>(+28 for winning)\n|raw|Soriu's rating: 1297 &rarr; <strong>1269<\/strong><br \/>(-28 for losing)\n|l|\u2606Soriu\n","uploadtime":1699478006,"views":14,"p1id":"ravvenn98","p2id":"soriu","formatid":"gen9doublesou","rating":1269,"private":0,"password":""}