{"id":"gen9doublesou-1981101533","p1":"BullishBandit","p2":"Undead_Redhead","format":"[Gen 9] Doubles OU","log":"|j|\u2606BullishBandit\n|j|\u2606Undead_Redhead\n|t:|1698863652\n|gametype|doubles\n|player|p1|BullishBandit|265|1199\n|player|p2|Undead_Redhead|flannery|1204\n|teamsize|p1|6\n|teamsize|p2|6\n|gen|9\n|tier|[Gen 9] Doubles OU\n|rated|\n|rule|Species Clause: Limit one of each Pok\u00e9mon\n|rule|OHKO Clause: OHKO moves are banned\n|rule|Evasion Moves Clause: Evasion moves are banned\n|rule|Gravity Sleep Clause: The combination of sleep-inducing moves with imperfect accuracy and Gravity or Gigantamax Orbeetle are banned\n|rule|Endless Battle Clause: Forcing endless battles is banned\n|rule|HP Percentage Mod: HP is shown in percentages\n|clearpoke\n|poke|p1|Gholdengo|\n|poke|p1|Garganacl, M|\n|poke|p1|Maushold|\n|poke|p1|Toxapex, F|\n|poke|p1|Garchomp, M|\n|poke|p1|Tinkaton, F|\n|poke|p2|Breloom, M|\n|poke|p2|Hariyama, M|\n|poke|p2|Flamigo, M|\n|poke|p2|Primeape, F|\n|poke|p2|Pawmot, F|\n|poke|p2|Gallade, M|\n|teampreview\n|c|\u2606Undead_Redhead|Well hello again lol\n|\n|t:|1698863671\n|start\n|switch|p1a: Tinkaton|Tinkaton, F|100\/100\n|switch|p1b: Garganacl|Garganacl, M, shiny|100\/100\n|switch|p2a: Hariyama|Hariyama, M|100\/100\n|switch|p2b: Breloom|Breloom, M|100\/100\n|turn|1\n|\n|t:|1698863693\n|-terastallize|p1a: Tinkaton|Fairy\n|move|p1b: Garganacl|Protect|p1b: Garganacl\n|-singleturn|p1b: Garganacl|Protect\n|move|p2a: Hariyama|Fake Out|p1a: Tinkaton\n|-damage|p1a: Tinkaton|82\/100\n|move|p2b: Breloom|Bullet Seed|p1b: Garganacl\n|-activate|p1b: Garganacl|move: Protect\n|cant|p1a: Tinkaton|flinch\n|\n|-status|p2a: Hariyama|brn|[from] item: Flame Orb\n|upkeep\n|turn|2\n|\n|t:|1698863715\n|switch|p1b: Gholdengo|Gholdengo|100\/100\n|move|p2b: Breloom|Bullet Seed|p1b: Gholdengo\n|-resisted|p1b: Gholdengo\n|-damage|p1b: Gholdengo|91\/100\n|-resisted|p1b: Gholdengo\n|-damage|p1b: Gholdengo|81\/100\n|-resisted|p1b: Gholdengo\n|-damage|p1b: Gholdengo|71\/100\n|-resisted|p1b: Gholdengo\n|-damage|p1b: Gholdengo|62\/100\n|-hitcount|p1b: Gholdengo|4\n|move|p1a: Tinkaton|Play Rough|p2a: Hariyama\n|-supereffective|p2a: Hariyama\n|-damage|p2a: Hariyama|0 fnt\n|faint|p2a: Hariyama\n|\n|upkeep\n|\n|t:|1698863745\n|switch|p2a: Gallade|Gallade, M|100\/100\n|turn|3\n|\n|t:|1698863767\n|move|p2a: Gallade|Aqua Cutter|p1b: Gholdengo\n|-damage|p1b: Gholdengo|29\/100\n|move|p2b: Breloom|Poison Jab|p1a: Tinkaton\n|-supereffective|p1a: Tinkaton\n|-damage|p1a: Tinkaton|22\/100\n|move|p1a: Tinkaton|Play Rough|p2b: Breloom\n|-supereffective|p2b: Breloom\n|-damage|p2b: Breloom|0 fnt\n|faint|p2b: Breloom\n|move|p1b: Gholdengo|Shadow Ball|p2a: Gallade\n|-supereffective|p2a: Gallade\n|-damage|p2a: Gallade|3\/100\n|\n|upkeep\n|\n|t:|1698863786\n|switch|p2b: Pawmot|Pawmot, F|100\/100\n|turn|4\n|\n|t:|1698863804\n|move|p1a: Tinkaton|Protect|p1a: Tinkaton\n|-singleturn|p1a: Tinkaton|Protect\n|move|p2b: Pawmot|Thunder Punch|p1a: Tinkaton\n|-activate|p1a: Tinkaton|move: Protect\n|move|p2a: Gallade|Aqua Cutter|p1b: Gholdengo\n|-damage|p1b: Gholdengo|0 fnt\n|faint|p1b: Gholdengo\n|\n|upkeep\n|\n|t:|1698863813\n|switch|p1b: Garganacl|Garganacl, M, shiny|100\/100\n|turn|5\n|\n|t:|1698863826\n|switch|p1a: Garchomp|Garchomp, M|100\/100\n|move|p2b: Pawmot|Thunder Punch|p1a: Garchomp\n|-immune|p1a: Garchomp\n|move|p2a: Gallade|Leaf Blade|p1b: Garganacl\n|-supereffective|p1b: Garganacl\n|-damage|p1b: Garganacl|48\/100\n|move|p1b: Garganacl|Salt Cure|p2b: Pawmot\n|-resisted|p2b: Pawmot\n|-damage|p2b: Pawmot|87\/100\n|-start|p2b: Pawmot|Salt Cure\n|\n|-heal|p1b: Garganacl|54\/100|[from] item: Leftovers\n|-damage|p2b: Pawmot|75\/100|[from] Salt Cure\n|upkeep\n|turn|6\n|\n|t:|1698863846\n|move|p1b: Garganacl|Protect|p1b: Garganacl\n|-singleturn|p1b: Garganacl|Protect\n|move|p2b: Pawmot|Ice Punch|p1a: Garchomp\n|-supereffective|p1a: Garchomp\n|-damage|p1a: Garchomp|0 fnt\n|faint|p1a: Garchomp\n|move|p2a: Gallade|Leaf Blade|p1b: Garganacl\n|-activate|p1b: Garganacl|move: Protect\n|\n|-heal|p1b: Garganacl|61\/100|[from] item: Leftovers\n|-damage|p2b: Pawmot|62\/100|[from] Salt Cure\n|upkeep\n|\n|t:|1698863857\n|switch|p1a: Tinkaton|Tinkaton, F, tera:Fairy|22\/100\n|turn|7\n|\n|t:|1698863869\n|move|p1a: Tinkaton|Fake Out|p2a: Gallade\n|-damage|p2a: Gallade|0 fnt\n|faint|p2a: Gallade\n|move|p2b: Pawmot|Thunder Punch|p1a: Tinkaton\n|-damage|p1a: Tinkaton|0 fnt\n|faint|p1a: Tinkaton\n|move|p1b: Garganacl|Recover|p1b: Garganacl\n|-heal|p1b: Garganacl|100\/100\n|\n|-damage|p2b: Pawmot|50\/100|[from] Salt Cure\n|upkeep\n|\n|t:|1698863883\n|switch|p2a: Primeape|Primeape, F|100\/100\n|switch|p1a: Maushold|Maushold|100\/100\n|turn|8\n|\n|t:|1698863913\n|-terastallize|p2a: Primeape|Fighting\n|move|p2b: Pawmot|Mach Punch|p1a: Maushold\n|-supereffective|p1a: Maushold\n|-damage|p1a: Maushold|31\/100\n|move|p2a: Primeape|Brick Break|p1b: Garganacl\n|-supereffective|p1b: Garganacl\n|-damage|p1b: Garganacl|58\/100\n|move|p1a: Maushold|Population Bomb|p2b: Pawmot\n|-damage|p2b: Pawmot|38\/100\n|-damage|p2b: Pawmot|26\/100\n|-damage|p2b: Pawmot|15\/100\n|-damage|p2b: Pawmot|2\/100\n|-damage|p2b: Pawmot|0 fnt\n|faint|p2b: Pawmot\n|-hitcount|p2: Pawmot|5\n|move|p1b: Garganacl|Salt Cure|p2a: Primeape\n|-resisted|p2a: Primeape\n|-damage|p2a: Primeape|92\/100\n|-start|p2a: Primeape|Salt Cure\n|\n|-heal|p1b: Garganacl|65\/100|[from] item: Leftovers\n|-damage|p2a: Primeape|79\/100|[from] Salt Cure\n|upkeep\n|\n|t:|1698863937\n|switch|p2b: Flamigo|Flamigo, M|100\/100\n|-copyboost|p2b: Flamigo|p2a: Primeape|[from] ability: Costar\n|turn|9\n|\n|t:|1698863962\n|move|p1a: Maushold|Protect|p1a: Maushold\n|-singleturn|p1a: Maushold|Protect\n|move|p2b: Flamigo|Liquidation|p1a: Maushold\n|-activate|p1a: Maushold|move: Protect\n|move|p2a: Primeape|Brick Break|p1b: Garganacl\n|-supereffective|p1b: Garganacl\n|-damage|p1b: Garganacl|26\/100\n|move|p1b: Garganacl|Salt Cure|p2b: Flamigo\n|-damage|p2b: Flamigo|76\/100\n|-start|p2b: Flamigo|Salt Cure\n|\n|-heal|p1b: Garganacl|32\/100|[from] item: Leftovers\n|-damage|p2b: Flamigo|63\/100|[from] Salt Cure\n|-damage|p2a: Primeape|67\/100|[from] Salt Cure\n|upkeep\n|turn|10\n|\n|t:|1698863983\n|move|p1b: Garganacl|Protect|p1b: Garganacl\n|-singleturn|p1b: Garganacl|Protect\n|move|p2b: Flamigo|Close Combat|p1a: Maushold\n|-supereffective|p1a: Maushold\n|-damage|p1a: Maushold|0 fnt\n|-unboost|p2b: Flamigo|def|1\n|-unboost|p2b: Flamigo|spd|1\n|faint|p1a: Maushold\n|-damage|p2b: Flamigo|54\/100|[from] item: Life Orb\n|move|p2a: Primeape|Brick Break|p1b: Garganacl\n|-activate|p1b: Garganacl|move: Protect\n|\n|-heal|p1b: Garganacl|38\/100|[from] item: Leftovers\n|-damage|p2b: Flamigo|41\/100|[from] Salt Cure\n|-damage|p2a: Primeape|55\/100|[from] Salt Cure\n|upkeep\n|\n|t:|1698863998\n|switch|p1a: Toxapex|Toxapex, F|100\/100\n|turn|11\n|\n|t:|1698864005\n|move|p2b: Flamigo|Protect|p2b: Flamigo\n|-singleturn|p2b: Flamigo|Protect\n|move|p1a: Toxapex|Baneful Bunker|p1a: Toxapex\n|-singleturn|p1a: Toxapex|move: Protect\n|move|p2a: Primeape|Earthquake|p1b: Garganacl|[spread] p1b\n|-activate|p2b: Flamigo|move: Protect\n|-activate|p1a: Toxapex|move: Protect\n|-supereffective|p1b: Garganacl\n|-damage|p1b: Garganacl|11\/100\n|move|p1b: Garganacl|Recover|p1b: Garganacl\n|-heal|p1b: Garganacl|61\/100\n|\n|-heal|p1b: Garganacl|68\/100|[from] item: Leftovers\n|-damage|p2b: Flamigo|29\/100|[from] Salt Cure\n|-damage|p2a: Primeape|42\/100|[from] Salt Cure\n|upkeep\n|turn|12\n|\n|t:|1698864024\n|move|p2b: Flamigo|Close Combat|p1b: Garganacl\n|-supereffective|p1b: Garganacl\n|-damage|p1b: Garganacl|0 fnt\n|-unboost|p2b: Flamigo|def|1\n|-unboost|p2b: Flamigo|spd|1\n|faint|p1b: Garganacl\n|-damage|p2b: Flamigo|19\/100|[from] item: Life Orb\n|move|p2a: Primeape|Thunder Punch|p1a: Toxapex\n|-supereffective|p1a: Toxapex\n|-damage|p1a: Toxapex|67\/100\n|move|p1a: Toxapex|Iron Defense|p1a: Toxapex\n|-boost|p1a: Toxapex|def|2\n|\n|-damage|p2b: Flamigo|6\/100|[from] Salt Cure\n|-damage|p2a: Primeape|30\/100|[from] Salt Cure\n|upkeep\n|turn|13\n|\n|t:|1698864045\n|move|p1a: Toxapex|Baneful Bunker|p1a: Toxapex\n|-singleturn|p1a: Toxapex|move: Protect\n|move|p2b: Flamigo|Brave Bird|p1a: Toxapex\n|-activate|p1a: Toxapex|move: Protect\n|-status|p2b: Flamigo|psn\n|move|p2a: Primeape|Thunder Punch|p1a: Toxapex\n|-activate|p1a: Toxapex|move: Protect\n|-status|p2a: Primeape|psn\n|\n|-damage|p2b: Flamigo|0 fnt|[from] psn\n|faint|p2b: Flamigo\n|-damage|p2a: Primeape|18\/100 psn|[from] psn\n|-damage|p2a: Primeape|5\/100 psn|[from] Salt Cure\n|upkeep\n|turn|14\n|\n|t:|1698864066\n|move|p2a: Primeape|Thunder Punch|p1a: Toxapex\n|-supereffective|p1a: Toxapex\n|-crit|p1a: Toxapex\n|-damage|p1a: Toxapex|19\/100\n|move|p1a: Toxapex|Recover|p1a: Toxapex\n|-heal|p1a: Toxapex|69\/100\n|\n|-damage|p2a: Primeape|0 fnt|[from] psn\n|faint|p2a: Primeape\n|\n|win|BullishBandit\n|upkeep\n|raw|BullishBandit's rating: 1199 &rarr; <strong>1224<\/strong><br \/>(+25 for winning)\n|raw|Undead_Redhead's rating: 1204 &rarr; <strong>1179<\/strong><br \/>(-25 for losing)\n|c|\u2606Undead_Redhead|Gg\n|c|\u2606BullishBandit|gg\n|l|\u2606Undead_Redhead\n","uploadtime":1698864087,"views":19,"p1id":"bullishbandit","p2id":"undeadredhead","formatid":"gen9doublesou","rating":1179,"private":0,"password":""}