{"id":"gen9doublesou-1997004507","p1":"GhostMasterMorty","p2":"Dkayez","format":"[Gen 9] Doubles OU","log":"|j|\u2606GhostMasterMorty\n|j|\u2606Dkayez\n|t:|1700754710\n|gametype|doubles\n|player|p1|GhostMasterMorty|morty|1015\n|player|p2|Dkayez|102|1063\n|teamsize|p1|6\n|teamsize|p2|6\n|gen|9\n|tier|[Gen 9] Doubles OU\n|rated|\n|rule|Species Clause: Limit one of each Pok\u00e9mon\n|rule|OHKO Clause: OHKO moves are banned\n|rule|Evasion Moves Clause: Evasion moves are banned\n|rule|Gravity Sleep Clause: The combination of sleep-inducing moves with imperfect accuracy and Gravity or Gigantamax Orbeetle are banned\n|rule|Endless Battle Clause: Forcing endless battles is banned\n|rule|HP Percentage Mod: HP is shown in percentages\n|clearpoke\n|poke|p1|Mew|\n|poke|p1|Samurott, F|\n|poke|p1|Ninetales-Alola, M|\n|poke|p1|Greninja-*, M|\n|poke|p1|Chansey, F|\n|poke|p1|Infernape, M|\n|poke|p2|Great Tusk|\n|poke|p2|Gliscor, M|\n|poke|p2|Arcanine-Hisui, M|\n|poke|p2|Ninetales-Alola, M|\n|poke|p2|Grimmsnarl, M|\n|poke|p2|Sneasler, F|\n|teampreview\n|c|\u2606GhostMasterMorty|GLHF\n|\n|t:|1700754730\n|start\n|switch|p1a: Infernape|Infernape, M|100\/100\n|switch|p1b: Greninja|Greninja, M|100\/100\n|switch|p2a: Ninetales|Ninetales-Alola, M|100\/100\n|switch|p2b: Grimmsnarl|Grimmsnarl, M|100\/100\n|-weather|Snow|[from] ability: Snow Warning|[of] p2a: Ninetales\n|turn|1\n|\n|t:|1700754746\n|move|p1a: Infernape|Fake Out|p2b: Grimmsnarl\n|-damage|p2b: Grimmsnarl|87\/100\n|cant|p2b: Grimmsnarl|flinch\n|move|p2a: Ninetales|Aurora Veil|p2a: Ninetales\n|-sidestart|p2: Dkayez|move: Aurora Veil\n|move|p1b: Greninja|Rock Slide|p2a: Ninetales|[spread] p2a,p2b\n|-start|p1b: Greninja|typechange|Rock|[from] ability: Protean\n|-supereffective|p2a: Ninetales\n|-crit|p2b: Grimmsnarl\n|-damage|p2a: Ninetales|59\/100\n|-damage|p2b: Grimmsnarl|40\/100\n|-damage|p1b: Greninja|91\/100|[from] item: Life Orb\n|\n|-weather|Snow|[upkeep]\n|-heal|p2b: Grimmsnarl|46\/100|[from] item: Leftovers\n|upkeep\n|turn|2\n|\n|t:|1700754780\n|switch|p1a: Ninetales|Ninetales-Alola, M|100\/100\n|move|p1b: Greninja|Protect|p1b: Greninja\n|-singleturn|p1b: Greninja|Protect\n|move|p2b: Grimmsnarl|Thunder Wave|p1a: Ninetales\n|-status|p1a: Ninetales|par\n|move|p2a: Ninetales|Icy Wind|p1a: Ninetales|[spread] p1a\n|-activate|p1b: Greninja|move: Protect\n|-resisted|p1a: Ninetales\n|-damage|p1a: Ninetales|91\/100 par\n|-unboost|p1a: Ninetales|spe|1\n|\n|-weather|Snow|[upkeep]\n|-heal|p2b: Grimmsnarl|52\/100|[from] item: Leftovers\n|upkeep\n|turn|3\n|inactive|Battle timer is ON: inactive players will automatically lose when time's up. (requested by GhostMasterMorty)\n|\n|t:|1700754812\n|move|p2b: Grimmsnarl|Taunt|p1a: Ninetales\n|-start|p1a: Ninetales|move: Taunt\n|move|p2a: Ninetales|Hypnosis|p1b: Greninja\n|-status|p1b: Greninja|slp|[from] move: Hypnosis\n|cant|p1b: Greninja|slp\n|cant|p1a: Ninetales|move: Taunt|Aurora Veil\n|\n|-weather|Snow|[upkeep]\n|-heal|p2b: Grimmsnarl|59\/100|[from] item: Leftovers\n|upkeep\n|turn|4\n|\n|t:|1700754832\n|move|p2b: Grimmsnarl|Parting Shot|p1a: Ninetales\n|-unboost|p1a: Ninetales|atk|1\n|-unboost|p1a: Ninetales|spa|1\n|\n|t:|1700754843\n|switch|p2b: Great Tusk|Great Tusk|100\/100|[from] Parting Shot\n|move|p2a: Ninetales|Icy Wind|p1a: Ninetales|[spread] p1a,p1b\n|-resisted|p1a: Ninetales\n|-damage|p1a: Ninetales|83\/100 par\n|-damage|p1b: Greninja|66\/100 slp\n|-unboost|p1a: Ninetales|spe|1\n|-unboost|p1b: Greninja|spe|1\n|-curestatus|p1b: Greninja|slp|[msg]\n|move|p1b: Greninja|Rock Slide|p2a: Ninetales|[spread] p2a,p2b\n|-supereffective|p2a: Ninetales\n|-crit|p2a: Ninetales\n|-resisted|p2b: Great Tusk\n|-damage|p2a: Ninetales|0 fnt\n|-damage|p2b: Great Tusk|97\/100\n|faint|p2a: Ninetales\n|-damage|p1b: Greninja|57\/100|[from] item: Life Orb\n|cant|p1a: Ninetales|par\n|\n|-weather|Snow|[upkeep]\n|-heal|p2b: Great Tusk|100\/100|[from] item: Leftovers\n|upkeep\n|inactive|Dkayez has 120 seconds left.\n|\n|t:|1700754866\n|switch|p2a: Gliscor|Gliscor, M|100\/100\n|turn|5\n|\n|t:|1700754889\n|move|p2a: Gliscor|Protect|p2a: Gliscor\n|-singleturn|p2a: Gliscor|Protect\n|move|p1b: Greninja|Protect|p1b: Greninja\n|-singleturn|p1b: Greninja|Protect\n|move|p2b: Great Tusk|Earthquake|p1a: Ninetales|[spread] p1a\n|-activate|p2a: Gliscor|move: Protect\n|-activate|p1b: Greninja|move: Protect\n|-damage|p1a: Ninetales|44\/100 par\n|move|p1a: Ninetales|Blizzard|p2a: Gliscor|[spread] p2b\n|-activate|p2a: Gliscor|move: Protect\n|-supereffective|p2b: Great Tusk\n|-damage|p2b: Great Tusk|73\/100\n|\n|-weather|none\n|-heal|p2b: Great Tusk|79\/100|[from] item: Leftovers\n|-end|p1a: Ninetales|move: Taunt\n|-status|p2a: Gliscor|tox|[from] item: Toxic Orb\n|upkeep\n|turn|6\n|\n|t:|1700754918\n|switch|p1b: Mew|Mew|100\/100\n|switch|p1a: Samurott|Samurott, F|100\/100\n|move|p2a: Gliscor|Dual Wingbeat|p1a: Samurott\n|-damage|p1a: Samurott|82\/100\n|-damage|p1a: Samurott|65\/100\n|-hitcount|p1a: Samurott|2\n|move|p2b: Great Tusk|Earthquake|p1a: Samurott|[spread] p1a,p1b\n|-immune|p2a: Gliscor\n|-damage|p1a: Samurott|32\/100\n|-damage|p1b: Mew|68\/100\n|\n|-heal|p1b: Mew|74\/100|[from] item: Leftovers\n|-heal|p2b: Great Tusk|86\/100|[from] item: Leftovers\n|-heal|p1a: Samurott|38\/100|[from] item: Leftovers\n|upkeep\n|turn|7\n|\n|t:|1700754941\n|move|p1b: Mew|Fire Pledge|p2b: Great Tusk\n|-waiting|p1b: Mew|p1a: Samurott\n|move|p1a: Samurott|Water Pledge|p2b: Great Tusk|[from]move: Fire Pledge\n|-combine\n|-supereffective|p2b: Great Tusk\n|-damage|p2b: Great Tusk|0 fnt\n|-sidestart|p1: GhostMasterMorty|Water Pledge\n|faint|p2b: Great Tusk\n|-end|p2b: Great Tusk|Protosynthesis|[silent]\n|move|p2a: Gliscor|Dual Wingbeat|p1a: Samurott\n|-damage|p1a: Samurott|20\/100\n|-damage|p1a: Samurott|1\/100\n|-hitcount|p1a: Samurott|2\n|\n|-heal|p1b: Mew|80\/100|[from] item: Leftovers\n|-heal|p1a: Samurott|7\/100|[from] item: Leftovers\n|upkeep\n|inactive|Dkayez has 120 seconds left.\n|\n|t:|1700754961\n|switch|p2b: Grimmsnarl|Grimmsnarl, M|59\/100\n|turn|8\n|\n|t:|1700754984\n|move|p2b: Grimmsnarl|Fake Out|p1a: Samurott\n|-damage|p1a: Samurott|0 fnt\n|faint|p1a: Samurott\n|move|p1b: Mew|Blizzard|p2a: Gliscor|[spread] p2b\n|-miss|p1b: Mew|p2a: Gliscor\n|-damage|p2b: Grimmsnarl|44\/100\n|move|p2a: Gliscor|Dual Wingbeat|p1b: Mew\n|-damage|p1b: Mew|61\/100\n|-damage|p1b: Mew|42\/100\n|-hitcount|p1b: Mew|2\n|\n|-heal|p1b: Mew|48\/100|[from] item: Leftovers\n|-heal|p2b: Grimmsnarl|50\/100|[from] item: Leftovers\n|-sideend|p2: Dkayez|move: Aurora Veil\n|upkeep\n|inactive|GhostMasterMorty has 120 seconds left.\n|\n|t:|1700755002\n|switch|p1a: Ninetales|Ninetales-Alola, M|44\/100 par\n|-weather|Snow|[from] ability: Snow Warning|[of] p1a: Ninetales\n|turn|9\n|\n|t:|1700755019\n|move|p1b: Mew|Protect|p1b: Mew\n|-singleturn|p1b: Mew|Protect\n|move|p2b: Grimmsnarl|Taunt|p1a: Ninetales\n|-start|p1a: Ninetales|move: Taunt\n|move|p2a: Gliscor|Dual Wingbeat|p1a: Ninetales\n|-damage|p1a: Ninetales|24\/100 par\n|-damage|p1a: Ninetales|5\/100 par\n|-hitcount|p1a: Ninetales|2\n|move|p1a: Ninetales|Blizzard|p2a: Gliscor|[spread] p2a,p2b\n|-supereffective|p2a: Gliscor\n|-damage|p2a: Gliscor|0 fnt\n|-damage|p2b: Grimmsnarl|22\/100\n|faint|p2a: Gliscor\n|\n|-weather|Snow|[upkeep]\n|-heal|p1b: Mew|54\/100|[from] item: Leftovers\n|-heal|p2b: Grimmsnarl|28\/100|[from] item: Leftovers\n|upkeep\n|\n|t:|1700755037\n|switch|p2a: Sneasler|Sneasler, F|100\/100\n|turn|10\n|\n|t:|1700755054\n|switch|p1b: Chansey|Chansey, F|100\/100\n|move|p2b: Grimmsnarl|Thunder Wave|p1b: Chansey\n|-status|p1b: Chansey|par\n|move|p2a: Sneasler|Dire Claw|p1a: Ninetales\n|-supereffective|p1a: Ninetales\n|-damage|p1a: Ninetales|0 fnt\n|faint|p1a: Ninetales\n|\n|-weather|Snow|[upkeep]\n|-heal|p2b: Grimmsnarl|34\/100|[from] item: Leftovers\n|-sideend|p1: GhostMasterMorty|Water Pledge\n|upkeep\n|\n|t:|1700755068\n|switch|p1a: Infernape|Infernape, M|100\/100\n|turn|11\n|\n|t:|1700755082\n|move|p1a: Infernape|Fake Out|p2a: Sneasler\n|-damage|p2a: Sneasler|81\/100\n|move|p2b: Grimmsnarl|Parting Shot|p1a: Infernape\n|-unboost|p1a: Infernape|atk|1\n|-unboost|p1a: Infernape|spa|1\n|\n|t:|1700755088\n|switch|p2b: Arcanine|Arcanine-Hisui, M|100\/100|[from] Parting Shot\n|-ability|p2b: Arcanine|Intimidate|boost\n|-unboost|p1a: Infernape|atk|1\n|-unboost|p1b: Chansey|atk|1\n|cant|p2a: Sneasler|flinch\n|move|p1b: Chansey|Blizzard|p2b: Arcanine|[spread] p2a,p2b\n|-resisted|p2b: Arcanine\n|-damage|p2a: Sneasler|69\/100\n|-damage|p2b: Arcanine|95\/100\n|-status|p2b: Arcanine|frz\n|\n|-weather|Snow|[upkeep]\n|-heal|p2a: Sneasler|75\/100|[from] item: Leftovers\n|upkeep\n|turn|12\n|inactive|GhostMasterMorty has 120 seconds left.\n|\n|t:|1700755124\n|switch|p1a: Greninja|Greninja, M|57\/100\n|move|p2a: Sneasler|Dire Claw|p1a: Greninja\n|-damage|p1a: Greninja|0 fnt\n|faint|p1a: Greninja\n|cant|p2b: Arcanine|frz\n|cant|p1b: Chansey|par\n|\n|-weather|Snow|[upkeep]\n|-heal|p2a: Sneasler|81\/100|[from] item: Leftovers\n|upkeep\n|\n|t:|1700755138\n|switch|p1a: Infernape|Infernape, M|100\/100\n|turn|13\n|\n|t:|1700755151\n|switch|p2a: Grimmsnarl|Grimmsnarl, M|34\/100\n|move|p1a: Infernape|Fake Out|p2a: Grimmsnarl\n|-damage|p2a: Grimmsnarl|21\/100\n|-curestatus|p2b: Arcanine|frz|[msg]\n|move|p2b: Arcanine|Rock Slide|p1a: Infernape|[spread] p1a,p1b\n|-crit|p1b: Chansey\n|-damage|p1a: Infernape|46\/100\n|-damage|p1b: Chansey|66\/100 par\n|-damage|p2b: Arcanine|85\/100|[from] item: Life Orb\n|move|p1b: Chansey|Blizzard|p2a: Grimmsnarl|[spread] p2a,p2b\n|-resisted|p2b: Arcanine\n|-damage|p2a: Grimmsnarl|12\/100\n|-damage|p2b: Arcanine|80\/100\n|\n|-weather|Snow|[upkeep]\n|-heal|p1a: Infernape|52\/100|[from] item: Leftovers\n|-heal|p2a: Grimmsnarl|18\/100|[from] item: Leftovers\n|upkeep\n|turn|14\n|\n|t:|1700755176\n|cant|p1b: Chansey|par\n|move|p2a: Grimmsnarl|Fake Out|p1a: Infernape\n|-damage|p1a: Infernape|34\/100\n|cant|p1a: Infernape|flinch\n|move|p2b: Arcanine|Rock Slide|p1b: Chansey|[spread] p1a\n|-miss|p2b: Arcanine|p1b: Chansey\n|-damage|p1a: Infernape|0 fnt\n|faint|p1a: Infernape\n|-damage|p2b: Arcanine|70\/100|[from] item: Life Orb\n|\n|-weather|Snow|[upkeep]\n|-heal|p2a: Grimmsnarl|24\/100|[from] item: Leftovers\n|upkeep\n|inactive|GhostMasterMorty has 120 seconds left.\n|\n|t:|1700755193\n|switch|p1a: Mew|Mew|54\/100\n|turn|15\n|\n|t:|1700755210\n|move|p2a: Grimmsnarl|Thunder Wave|p1a: Mew\n|-status|p1a: Mew|par\n|-activate|p1a: Mew|ability: Synchronize\n|-status|p2a: Grimmsnarl|par\n|move|p2b: Arcanine|Rock Slide|p1a: Mew|[spread] p1b\n|-miss|p2b: Arcanine|p1a: Mew\n|-damage|p1b: Chansey|42\/100 par\n|-damage|p2b: Arcanine|60\/100|[from] item: Life Orb\n|move|p1a: Mew|Blizzard|p2b: Arcanine|[spread] p2a,p2b\n|-resisted|p2b: Arcanine\n|-damage|p2a: Grimmsnarl|0 fnt\n|-damage|p2b: Arcanine|47\/100\n|faint|p2a: Grimmsnarl\n|move|p1b: Chansey|Heal Pulse|p1a: Mew\n|-heal|p1a: Mew|100\/100 par\n|\n|-weather|Snow|[upkeep]\n|upkeep\n|\n|t:|1700755229\n|switch|p2a: Sneasler|Sneasler, F|81\/100\n|turn|16\n|\n|t:|1700755258\n|-terastallize|p2a: Sneasler|Fighting\n|move|p2a: Sneasler|Close Combat|p1b: Chansey\n|-supereffective|p1b: Chansey\n|-crit|p1b: Chansey\n|-damage|p1b: Chansey|0 fnt\n|-unboost|p2a: Sneasler|def|1\n|-unboost|p2a: Sneasler|spd|1\n|faint|p1b: Chansey\n|move|p2b: Arcanine|Rock Slide|p1a: Mew|[miss]\n|-miss|p2b: Arcanine|p1a: Mew\n|move|p1a: Mew|Ancient Power|p2b: Arcanine\n|-supereffective|p2b: Arcanine\n|-damage|p2b: Arcanine|7\/100\n|-boost|p1a: Mew|atk|1\n|-boost|p1a: Mew|def|1\n|-boost|p1a: Mew|spa|1\n|-boost|p1a: Mew|spd|1\n|-boost|p1a: Mew|spe|1\n|\n|-weather|none\n|-heal|p2a: Sneasler|87\/100|[from] item: Leftovers\n|upkeep\n|turn|17\n|\n|t:|1700755287\n|move|p2a: Sneasler|Close Combat|p1a: Mew\n|-resisted|p1a: Mew\n|-damage|p1a: Mew|68\/100 par\n|-unboost|p2a: Sneasler|def|1\n|-unboost|p2a: Sneasler|spd|1\n|move|p2b: Arcanine|Flare Blitz|p1a: Mew\n|-damage|p1a: Mew|13\/100 par\n|-damage|p2b: Arcanine|0 fnt|[from] Recoil\n|faint|p2b: Arcanine\n|cant|p1a: Mew|par\n|\n|-heal|p2a: Sneasler|93\/100|[from] item: Leftovers\n|-heal|p1a: Mew|19\/100 par|[from] item: Leftovers\n|upkeep\n|turn|18\n|\n|t:|1700755307\n|move|p1a: Mew|Protect|p1a: Mew\n|-singleturn|p1a: Mew|Protect\n|move|p2a: Sneasler|Dire Claw|p1a: Mew\n|-activate|p1a: Mew|move: Protect\n|\n|-heal|p2a: Sneasler|99\/100|[from] item: Leftovers\n|-heal|p1a: Mew|25\/100 par|[from] item: Leftovers\n|upkeep\n|turn|19\n|\n|t:|1700755324\n|-terastallize|p1a: Mew|Fairy\n|move|p2a: Sneasler|Close Combat|p1a: Mew\n|-resisted|p1a: Mew\n|-damage|p1a: Mew|0 fnt\n|-unboost|p2a: Sneasler|def|1\n|-unboost|p2a: Sneasler|spd|1\n|faint|p1a: Mew\n|\n|win|Dkayez\n|raw|GhostMasterMorty's rating: 1015 &rarr; <strong>1004<\/strong><br \/>(-11 for losing)\n|raw|Dkayez's rating: 1063 &rarr; <strong>1089<\/strong><br \/>(+26 for winning)\n","uploadtime":1700755335,"views":0,"p1id":"ghostmastermorty","p2id":"dkayez","formatid":"gen9doublesou","rating":1004,"private":0,"password":""}