{"id":"gen9doublesou-1981500130","p1":"XX_MSI_AniMal_XX","p2":"GeNeRiC_pErSoN20","format":"[Gen 9] Doubles OU","log":"|j|\u2606XX_MSI_AniMal_XX\n|j|\u203dGeNeRiC_pErSoN20\n|t:|1698907445\n|gametype|doubles\n|player|p1|XX_MSI_AniMal_XX|burglar|1108\n|player|p2|GeNeRiC_pErSoN20|caitlin|1157\n|teamsize|p1|6\n|teamsize|p2|6\n|gen|9\n|tier|[Gen 9] Doubles OU\n|rated|\n|rule|Species Clause: Limit one of each Pok\u00e9mon\n|rule|OHKO Clause: OHKO moves are banned\n|rule|Evasion Moves Clause: Evasion moves are banned\n|rule|Gravity Sleep Clause: The combination of sleep-inducing moves with imperfect accuracy and Gravity or Gigantamax Orbeetle are banned\n|rule|Endless Battle Clause: Forcing endless battles is banned\n|rule|HP Percentage Mod: HP is shown in percentages\n|clearpoke\n|poke|p1|Dugtrio, F|\n|poke|p1|Krookodile, F|\n|poke|p1|Zapdos|\n|poke|p1|Ninetales-Alola, M|\n|poke|p1|Rillaboom, F|\n|poke|p1|Salazzle, F|\n|poke|p2|Iron Hands|\n|poke|p2|Chi-Yu|\n|poke|p2|Flutter Mane|\n|poke|p2|Gholdengo|\n|poke|p2|Palafin, F|\n|poke|p2|Landorus-Therian, M|\n|teampreview\n|\n|t:|1698907456\n|start\n|switch|p1a: Dugtrio|Dugtrio, F|100\/100\n|switch|p1b: Ninetales|Ninetales-Alola, M|100\/100\n|switch|p2a: Palafin|Palafin, F|100\/100\n|switch|p2b: Landorus|Landorus-Therian, M|100\/100\n|-weather|Snow|[from] ability: Snow Warning|[of] p1b: Ninetales\n|-ability|p2b: Landorus|Intimidate|boost\n|-unboost|p1a: Dugtrio|atk|1\n|-unboost|p1b: Ninetales|atk|1\n|turn|1\n|\n|t:|1698907488\n|move|p1a: Dugtrio|Protect|p1a: Dugtrio\n|-singleturn|p1a: Dugtrio|Protect\n|move|p2a: Palafin|Jet Punch|p1b: Ninetales\n|-damage|p1b: Ninetales|71\/100\n|-damage|p2a: Palafin|91\/100|[from] item: Life Orb\n|move|p1b: Ninetales|Aurora Veil|p1b: Ninetales\n|-sidestart|p1: XX_MSI_AniMal_XX|move: Aurora Veil\n|move|p2b: Landorus|Rock Slide|p1a: Dugtrio|[spread] p1b\n|-activate|p1a: Dugtrio|move: Protect\n|-supereffective|p1b: Ninetales\n|-damage|p1b: Ninetales|43\/100\n|\n|-weather|Snow|[upkeep]\n|upkeep\n|turn|2\n|\n|t:|1698907546\n|move|p2a: Palafin|Jet Punch|p1a: Dugtrio\n|-supereffective|p1a: Dugtrio\n|-damage|p1a: Dugtrio|0 fnt\n|faint|p1a: Dugtrio\n|-damage|p2a: Palafin|81\/100|[from] item: Life Orb\n|move|p1b: Ninetales|Freeze-Dry|p2a: Palafin\n|-supereffective|p2a: Palafin\n|-damage|p2a: Palafin|6\/100\n|move|p2b: Landorus|Stealth Rock|p1b: Ninetales\n|-sidestart|p1: XX_MSI_AniMal_XX|move: Stealth Rock\n|\n|-weather|Snow|[upkeep]\n|upkeep\n|\n|t:|1698907565\n|switch|p1a: Krookodile|Krookodile, F|100\/100\n|-damage|p1a: Krookodile|94\/100|[from] Stealth Rock\n|turn|3\n|\n|t:|1698907591\n|detailschange|p2a: Palafin|Palafin-Hero, F\n|switch|p2a: Flutter Mane|Flutter Mane|100\/100\n|-terastallize|p1a: Krookodile|Water\n|move|p1b: Ninetales|Draining Kiss|p2a: Flutter Mane\n|-damage|p2a: Flutter Mane|79\/100\n|-heal|p1b: Ninetales|57\/100|[from] drain|[of] p2a: Flutter Mane\n|move|p1a: Krookodile|Aqua Tail|p2b: Landorus\n|-supereffective|p2b: Landorus\n|-damage|p2b: Landorus|0 fnt\n|-damage|p1a: Krookodile|78\/100|[from] item: Rocky Helmet|[of] p2b: Landorus\n|faint|p2b: Landorus\n|-ability|p1a: Krookodile|Moxie|boost\n|-boost|p1a: Krookodile|atk|1\n|\n|-weather|Snow|[upkeep]\n|upkeep\n|\n|t:|1698907617\n|switch|p2b: Palafin|Palafin-Hero, F|6\/100\n|-activate|p2b: Palafin|ability: Zero to Hero\n|turn|4\n|\n|t:|1698907632\n|move|p1a: Krookodile|Protect|p1a: Krookodile\n|-singleturn|p1a: Krookodile|Protect\n|move|p2a: Flutter Mane|Moonblast|p1a: Krookodile\n|-activate|p1a: Krookodile|move: Protect\n|move|p1b: Ninetales|Freeze-Dry|p2b: Palafin\n|-supereffective|p2b: Palafin\n|-damage|p2b: Palafin|0 fnt\n|faint|p2b: Palafin\n|\n|-weather|Snow|[upkeep]\n|upkeep\n|\n|t:|1698907683\n|switch|p2b: Iron Hands|Iron Hands|100\/100\n|turn|5\n|\n|t:|1698907705\n|switch|p1b: Zapdos|Zapdos|100\/100\n|-damage|p1b: Zapdos|76\/100|[from] Stealth Rock\n|move|p2b: Iron Hands|Fake Out|p1b: Zapdos\n|-damage|p1b: Zapdos|67\/100\n|move|p2a: Flutter Mane|Moonblast|p1a: Krookodile\n|-damage|p1a: Krookodile|31\/100\n|move|p1a: Krookodile|Earthquake|p2b: Iron Hands|[spread] p2a,p2b\n|-immune|p1b: Zapdos\n|-supereffective|p2b: Iron Hands\n|-damage|p2a: Flutter Mane|0 fnt\n|-damage|p2b: Iron Hands|34\/100\n|faint|p2a: Flutter Mane\n|-end|p2a: Flutter Mane|Protosynthesis|[silent]\n|-ability|p1a: Krookodile|Moxie|boost\n|-boost|p1a: Krookodile|atk|1\n|\n|-weather|none\n|upkeep\n|-message|GeNeRiC_pErSoN20 forfeited.\n|\n|win|XX_MSI_AniMal_XX\n|raw|XX_MSI_AniMal_XX's rating: 1108 &rarr; <strong>1137<\/strong><br \/>(+29 for winning)\n|raw|GeNeRiC_pErSoN20's rating: 1157 &rarr; <strong>1128<\/strong><br \/>(-29 for losing)\n|l|\u203dGeNeRiC_pErSoN20\n","uploadtime":1698907730,"views":17,"p1id":"xxmsianimalxx","p2id":"genericperson20","formatid":"gen9doublesou","rating":1128,"private":0,"password":""}