{"id":"gen9doublesou-1975096731","p1":"Thingsandsturf","p2":"jonastw","format":"[Gen 9] Doubles OU","log":"|j|\u2606Thingsandsturf\n|j|\u2606jonastw\n|t:|1698161629\n|gametype|doubles\n|player|p1|Thingsandsturf|102|1361\n|player|p2|jonastw|266|1410\n|teamsize|p1|6\n|teamsize|p2|6\n|gen|9\n|tier|[Gen 9] Doubles OU\n|rated|\n|rule|Species Clause: Limit one of each Pok\u00e9mon\n|rule|OHKO Clause: OHKO moves are banned\n|rule|Evasion Moves Clause: Evasion moves are banned\n|rule|Gravity Sleep Clause: The combination of sleep-inducing moves with imperfect accuracy and Gravity or Gigantamax Orbeetle are banned\n|rule|Endless Battle Clause: Forcing endless battles is banned\n|rule|HP Percentage Mod: HP is shown in percentages\n|clearpoke\n|poke|p1|Glimmora, F|\n|poke|p1|Toxapex, M|\n|poke|p1|Grimmsnarl, M|\n|poke|p1|Volcanion|\n|poke|p1|Ludicolo, F|\n|poke|p1|Cresselia, F|\n|poke|p2|Flutter Mane|\n|poke|p2|Landorus-Therian, M|\n|poke|p2|Pelipper, M|\n|poke|p2|Palafin, F|\n|poke|p2|Sinistcha-Masterpiece|\n|poke|p2|Oranguru, F|\n|teampreview\n|inactive|Battle timer is ON: inactive players will automatically lose when time's up. (requested by jonastw)\n|\n|t:|1698161649\n|start\n|switch|p1a: Volcanion|Volcanion|100\/100\n|switch|p1b: Ludicolo|Ludicolo, F|100\/100\n|switch|p2a: Pelipper|Pelipper, M, shiny|100\/100\n|switch|p2b: Palafin|Palafin, F|100\/100\n|-weather|RainDance|[from] ability: Drizzle|[of] p2a: Pelipper\n|turn|1\n|\n|t:|1698161669\n|detailschange|p2b: Palafin|Palafin-Hero, F\n|switch|p2b: Landorus|Landorus-Therian, M, shiny|100\/100\n|-ability|p2b: Landorus|Intimidate|boost\n|-unboost|p1a: Volcanion|atk|1\n|-fail|p1b: Ludicolo|unboost|Attack|[from] ability: Own Tempo|[of] p1b: Ludicolo\n|-terastallize|p1b: Ludicolo|Ice\n|move|p2a: Pelipper|Hurricane|p1b: Ludicolo\n|-damage|p1b: Ludicolo|66\/100\n|move|p1a: Volcanion|Steam Eruption|p2a: Pelipper\n|-resisted|p2a: Pelipper\n|-crit|p2a: Pelipper\n|-damage|p2a: Pelipper|1\/100\n|-status|p2a: Pelipper|brn\n|move|p1b: Ludicolo|Leech Seed|p2a: Pelipper\n|-start|p2a: Pelipper|move: Leech Seed\n|\n|-weather|RainDance|[upkeep]\n|-heal|p1b: Ludicolo|72\/100|[from] item: Leftovers\n|-damage|p2a: Pelipper|0 fnt|[from] Leech Seed|[of] p1b: Ludicolo\n|-heal|p1b: Ludicolo|73\/100|[silent]\n|faint|p2a: Pelipper\n|upkeep\n|inactive|jonastw has 120 seconds left.\n|\n|t:|1698161694\n|switch|p2a: Palafin|Palafin-Hero, F|100\/100\n|-activate|p2a: Palafin|ability: Zero to Hero\n|turn|2\n|\n|t:|1698161702\n|switch|p1b: Cresselia|Cresselia, F|100\/100\n|move|p1a: Volcanion|Protect|p1a: Volcanion\n|-singleturn|p1a: Volcanion|Protect\n|move|p2a: Palafin|Drain Punch|p1b: Cresselia\n|-resisted|p1b: Cresselia\n|-damage|p1b: Cresselia|87\/100\n|move|p2b: Landorus|Rock Slide|p1a: Volcanion|[spread] p1b\n|-activate|p1a: Volcanion|move: Protect\n|-damage|p1b: Cresselia|71\/100\n|-damage|p2b: Landorus|90\/100|[from] item: Life Orb\n|\n|-weather|RainDance|[upkeep]\n|-heal|p1b: Cresselia|77\/100|[from] item: Leftovers\n|upkeep\n|turn|3\n|\n|t:|1698161727\n|switch|p2a: Flutter Mane|Flutter Mane, shiny|100\/100\n|-enditem|p2a: Flutter Mane|Booster Energy\n|-activate|p2a: Flutter Mane|ability: Protosynthesis|[fromitem]\n|-start|p2a: Flutter Mane|protosynthesisspa\n|switch|p2b: Oranguru|Oranguru, F|100\/100\n|switch|p1a: Toxapex|Toxapex, M|100\/100\n|move|p1b: Cresselia|Trick Room|p1b: Cresselia\n|-fieldstart|move: Trick Room|[of] p1b: Cresselia\n|\n|-weather|RainDance|[upkeep]\n|-heal|p1b: Cresselia|83\/100|[from] item: Leftovers\n|upkeep\n|turn|4\n|\n|t:|1698161746\n|move|p2a: Flutter Mane|Protect|p2a: Flutter Mane\n|-singleturn|p2a: Flutter Mane|Protect\n|move|p1a: Toxapex|Infestation|p2a: Flutter Mane\n|-activate|p2a: Flutter Mane|move: Protect\n|move|p2b: Oranguru|Psychic|p1a: Toxapex\n|-supereffective|p1a: Toxapex\n|-damage|p1a: Toxapex|58\/100\n|move|p1b: Cresselia|Calm Mind|p1b: Cresselia\n|-boost|p1b: Cresselia|spa|1\n|-boost|p1b: Cresselia|spd|1\n|\n|-weather|RainDance|[upkeep]\n|-heal|p1b: Cresselia|89\/100|[from] item: Leftovers\n|upkeep\n|turn|5\n|\n|t:|1698161767\n|-end|p2a: Flutter Mane|Protosynthesis|[silent]\n|switch|p2a: Landorus|Landorus-Therian, M, shiny|90\/100\n|-ability|p2a: Landorus|Intimidate|boost\n|-unboost|p1a: Toxapex|atk|1\n|-unboost|p1b: Cresselia|atk|1\n|move|p1a: Toxapex|Infestation|p2a: Landorus\n|-resisted|p2a: Landorus\n|-damage|p2a: Landorus|89\/100\n|-activate|p2a: Landorus|move: Infestation|[of] p1a: Toxapex\n|move|p2b: Oranguru|Encore|p1b: Cresselia\n|-start|p1b: Cresselia|Encore\n|move|p1b: Cresselia|Calm Mind|p1b: Cresselia\n|-boost|p1b: Cresselia|spa|1\n|-boost|p1b: Cresselia|spd|1\n|\n|-weather|RainDance|[upkeep]\n|-heal|p1b: Cresselia|96\/100|[from] item: Leftovers\n|-damage|p2a: Landorus|76\/100|[from] move: Infestation|[partiallytrapped]\n|upkeep\n|turn|6\n|\n|t:|1698161789\n|move|p1a: Toxapex|Baneful Bunker|p1a: Toxapex\n|-singleturn|p1a: Toxapex|move: Protect\n|move|p2b: Oranguru|Psychic|p1a: Toxapex\n|-activate|p1a: Toxapex|move: Protect\n|move|p1b: Cresselia|Calm Mind|p1b: Cresselia\n|-boost|p1b: Cresselia|spa|1\n|-boost|p1b: Cresselia|spd|1\n|move|p2a: Landorus|Bulk Up|p2a: Landorus\n|-boost|p2a: Landorus|atk|1\n|-boost|p2a: Landorus|def|1\n|\n|-weather|RainDance|[upkeep]\n|-heal|p1b: Cresselia|100\/100|[from] item: Leftovers\n|-damage|p2a: Landorus|64\/100|[from] move: Infestation|[partiallytrapped]\n|upkeep\n|turn|7\n|\n|t:|1698161810\n|switch|p1a: Grimmsnarl|Grimmsnarl, M|100\/100\n|move|p2a: Landorus|Protect|p2a: Landorus\n|-singleturn|p2a: Landorus|Protect\n|move|p2b: Oranguru|Psychic|p1a: Grimmsnarl\n|-immune|p1a: Grimmsnarl\n|move|p1b: Cresselia|Calm Mind|p1b: Cresselia\n|-boost|p1b: Cresselia|spa|1\n|-boost|p1b: Cresselia|spd|1\n|\n|-weather|RainDance|[upkeep]\n|-end|p2a: Landorus|Infestation|[partiallytrapped]|[silent]\n|-end|p1b: Cresselia|Encore\n|-fieldend|move: Trick Room\n|upkeep\n|turn|8\n|\n|t:|1698161830\n|move|p1a: Grimmsnarl|Reflect|p1a: Grimmsnarl\n|-sidestart|p1: Thingsandsturf|Reflect\n|move|p2a: Landorus|Rock Slide|p1b: Cresselia|[spread] p1a,p1b\n|-damage|p1a: Grimmsnarl|68\/100\n|-damage|p1b: Cresselia|82\/100\n|-damage|p2a: Landorus|54\/100|[from] item: Life Orb\n|move|p1b: Cresselia|Moonblast|p2a: Landorus\n|-damage|p2a: Landorus|0 fnt\n|faint|p2a: Landorus\n|move|p2b: Oranguru|Hyper Voice|p1b: Cresselia|[spread] p1a,p1b\n|-damage|p1a: Grimmsnarl|48\/100\n|-damage|p1b: Cresselia|78\/100\n|\n|-weather|none\n|-heal|p1b: Cresselia|84\/100|[from] item: Leftovers\n|upkeep\n|\n|t:|1698161844\n|switch|p2a: Palafin|Palafin-Hero, F|100\/100\n|turn|9\n|\n|t:|1698161856\n|-terastallize|p2a: Palafin|Water\n|move|p1a: Grimmsnarl|Parting Shot|p2a: Palafin\n|-unboost|p2a: Palafin|atk|1\n|-unboost|p2a: Palafin|spa|1\n|\n|t:|1698161861\n|switch|p1a: Volcanion|Volcanion|100\/100|[from] Parting Shot\n|move|p2a: Palafin|Wave Crash|p1b: Cresselia\n|-damage|p1b: Cresselia|43\/100\n|-damage|p2a: Palafin|83\/100|[from] Recoil\n|move|p1b: Cresselia|Moonblast|p2a: Palafin\n|-damage|p2a: Palafin|25\/100\n|-unboost|p2a: Palafin|spa|1\n|move|p2b: Oranguru|Instruct|p2a: Palafin\n|-singleturn|p2a: Palafin|move: Instruct|[of] p2b: Oranguru\n|move|p2a: Palafin|Wave Crash|p1b: Cresselia\n|-damage|p1b: Cresselia|5\/100\n|-damage|p2a: Palafin|8\/100|[from] Recoil\n|\n|-heal|p1b: Cresselia|11\/100|[from] item: Leftovers\n|upkeep\n|turn|10\n|inactive|jonastw has 120 seconds left.\n|\n|t:|1698161895\n|switch|p1b: Toxapex|Toxapex, M|91\/100\n|move|p2a: Palafin|Wave Crash|p1b: Toxapex\n|-resisted|p1b: Toxapex\n|-damage|p1b: Toxapex|64\/100\n|-damage|p2a: Palafin|0 fnt|[from] item: Rocky Helmet|[of] p1b: Toxapex\n|faint|p2a: Palafin\n|move|p1a: Volcanion|Heat Wave|p2b: Oranguru\n|-damage|p2b: Oranguru|62\/100\n|move|p2b: Oranguru|Hyper Voice|p1a: Volcanion|[spread] p1a,p1b\n|-damage|p1a: Volcanion|82\/100\n|-damage|p1b: Toxapex|46\/100\n|\n|-heal|p1a: Volcanion|88\/100|[from] item: Leftovers\n|upkeep\n|inactive|jonastw has 120 seconds left.\n|inactive|jonastw has 90 seconds left.\n|c|\u2606Thingsandsturf|You got this\n|c|\u2606Thingsandsturf|I believe in you?\n|inactive|jonastw has 60 seconds left.\n|c|\u2606Thingsandsturf|No need to rage quit like a child\n|\n|t:|1698161983\n|switch|p2a: Flutter Mane|Flutter Mane, shiny|100\/100\n|turn|11\n|c|\u2606Thingsandsturf|Keep pushing?\n|inactive|jonastw has 60 seconds left.\n|c|\u2606jonastw|? i was to the toilet\n|c|\u2606jonastw|chill dont be toxic\n|inactive|jonastw has 30 seconds left.\n|\n|t:|1698162019\n|move|p1b: Toxapex|Baneful Bunker|p1b: Toxapex\n|-singleturn|p1b: Toxapex|move: Protect\n|move|p2a: Flutter Mane|Shadow Ball|p1a: Volcanion\n|-damage|p1a: Volcanion|43\/100\n|-unboost|p1a: Volcanion|spd|1\n|move|p1a: Volcanion|Heat Wave|p2a: Flutter Mane|[spread] p2a,p2b\n|-damage|p2a: Flutter Mane|61\/100\n|-damage|p2b: Oranguru|34\/100\n|move|p2b: Oranguru|Instruct|p2a: Flutter Mane\n|-singleturn|p2a: Flutter Mane|move: Instruct|[of] p2b: Oranguru\n|move|p2a: Flutter Mane|Shadow Ball|p1a: Volcanion\n|-damage|p1a: Volcanion|0 fnt\n|faint|p1a: Volcanion\n|\n|upkeep\n|\n|t:|1698162033\n|switch|p1a: Grimmsnarl|Grimmsnarl, M|48\/100\n|turn|12\n|\n|t:|1698162044\n|move|p1a: Grimmsnarl|Parting Shot|p2a: Flutter Mane\n|-unboost|p2a: Flutter Mane|atk|1\n|-unboost|p2a: Flutter Mane|spa|1\n|\n|t:|1698162049\n|switch|p1a: Glimmora|Glimmora, F|100\/100|[from] Parting Shot\n|move|p2a: Flutter Mane|Shadow Ball|p1b: Toxapex\n|-damage|p1b: Toxapex|20\/100\n|-unboost|p1b: Toxapex|spd|1\n|move|p2b: Oranguru|Instruct|p2a: Flutter Mane\n|-singleturn|p2a: Flutter Mane|move: Instruct|[of] p2b: Oranguru\n|move|p2a: Flutter Mane|Shadow Ball|p1b: Toxapex\n|-damage|p1b: Toxapex|0 fnt\n|faint|p1b: Toxapex\n|\n|upkeep\n|\n|t:|1698162062\n|switch|p1b: Grimmsnarl|Grimmsnarl, M|48\/100\n|turn|13\n|\n|t:|1698162072\n|switch|p2b: Sinistcha|Sinistcha-Masterpiece, shiny|100\/100\n|-heal|p2a: Flutter Mane|86\/100|[from] ability: Hospitality|[of] p2b: Sinistcha\n|move|p2a: Flutter Mane|Protect|p2a: Flutter Mane\n|-singleturn|p2a: Flutter Mane|Protect\n|move|p1b: Grimmsnarl|Parting Shot|p2a: Flutter Mane\n|-activate|p2a: Flutter Mane|move: Protect\n|move|p1a: Glimmora|Power Gem|p2b: Sinistcha\n|-damage|p2b: Sinistcha|45\/100\n|\n|upkeep\n|turn|14\n|inactive|jonastw has 90 seconds left.\n|\n|t:|1698162098\n|-end|p2a: Flutter Mane|Protosynthesis|[silent]\n|switch|p2a: Oranguru|Oranguru, F|34\/100\n|move|p1b: Grimmsnarl|Parting Shot|p2a: Oranguru\n|-unboost|p2a: Oranguru|atk|1\n|-unboost|p2a: Oranguru|spa|1\n|\n|t:|1698162105\n|switch|p1b: Ludicolo|Ludicolo, F, tera:Ice|73\/100|[from] Parting Shot\n|move|p2b: Sinistcha|Scald|p1a: Glimmora\n|-supereffective|p1a: Glimmora\n|-damage|p1a: Glimmora|45\/100\n|move|p1a: Glimmora|Power Gem|p2b: Sinistcha\n|-damage|p2b: Sinistcha|0 fnt\n|faint|p2b: Sinistcha\n|\n|-heal|p1a: Glimmora|52\/100|[from] item: Leftovers\n|-heal|p1b: Ludicolo|79\/100|[from] item: Leftovers\n|upkeep\n|inactive|jonastw has 90 seconds left.\n|\n|t:|1698162114\n|switch|p2b: Flutter Mane|Flutter Mane, shiny|86\/100\n|turn|15\n|\n|t:|1698162132\n|move|p1a: Glimmora|Spiky Shield|p1a: Glimmora\n|-singleturn|p1a: Glimmora|move: Protect\n|move|p2b: Flutter Mane|Moonblast|p1b: Ludicolo\n|-damage|p1b: Ludicolo|25\/100\n|move|p2a: Oranguru|Psychic|p1a: Glimmora\n|-activate|p1a: Glimmora|move: Protect\n|move|p1b: Ludicolo|Ice Beam|p2a: Oranguru\n|-damage|p2a: Oranguru|5\/100\n|\n|-heal|p1a: Glimmora|58\/100|[from] item: Leftovers\n|-heal|p1b: Ludicolo|31\/100|[from] item: Leftovers\n|-sideend|p1: Thingsandsturf|Reflect\n|upkeep\n|turn|16\n|inactive|jonastw has 120 seconds left.\n|\n|t:|1698162156\n|switch|p1a: Grimmsnarl|Grimmsnarl, M|48\/100\n|switch|p1b: Cresselia|Cresselia, F|11\/100\n|move|p2b: Flutter Mane|Moonblast|p1b: Cresselia\n|-damage|p1b: Cresselia|0 fnt\n|faint|p1b: Cresselia\n|move|p2a: Oranguru|Instruct|p2b: Flutter Mane\n|-singleturn|p2b: Flutter Mane|move: Instruct|[of] p2a: Oranguru\n|move|p2b: Flutter Mane|Moonblast|p1a: Grimmsnarl\n|-supereffective|p1a: Grimmsnarl\n|-damage|p1a: Grimmsnarl|0 fnt\n|faint|p1a: Grimmsnarl\n|\n|upkeep\n|\n|t:|1698162165\n|switch|p1b: Glimmora|Glimmora, F|58\/100\n|switch|p1a: Ludicolo|Ludicolo, F, tera:Ice|31\/100\n|turn|17\n|inactive|jonastw has 120 seconds left.\n|\n|t:|1698162191\n|move|p2b: Flutter Mane|Moonblast|p1a: Ludicolo\n|-damage|p1a: Ludicolo|0 fnt\n|faint|p1a: Ludicolo\n|move|p1b: Glimmora|Power Gem|p2a: Oranguru\n|-damage|p2a: Oranguru|0 fnt\n|faint|p2a: Oranguru\n|\n|-heal|p1b: Glimmora|64\/100|[from] item: Leftovers\n|upkeep\n|turn|18\n|inactive|jonastw has 120 seconds left.\n|\n|t:|1698162208\n|move|p1b: Glimmora|Spiky Shield|p1b: Glimmora\n|-singleturn|p1b: Glimmora|move: Protect\n|move|p2b: Flutter Mane|Shadow Ball|p1b: Glimmora\n|-activate|p1b: Glimmora|move: Protect\n|\n|-heal|p1b: Glimmora|70\/100|[from] item: Leftovers\n|upkeep\n|turn|19\n|\n|t:|1698162219\n|move|p2b: Flutter Mane|Shadow Ball|p1b: Glimmora\n|-damage|p1b: Glimmora|19\/100\n|move|p1b: Glimmora|Sludge Bomb|p2b: Flutter Mane\n|-damage|p2b: Flutter Mane|43\/100\n|\n|-heal|p1b: Glimmora|25\/100|[from] item: Leftovers\n|upkeep\n|turn|20\n|c|\u2606jonastw|unlucky\n|\n|t:|1698162242\n|move|p1b: Glimmora|Spiky Shield|p1b: Glimmora\n|-singleturn|p1b: Glimmora|move: Protect\n|move|p2b: Flutter Mane|Shadow Ball|p1b: Glimmora\n|-activate|p1b: Glimmora|move: Protect\n|\n|-heal|p1b: Glimmora|31\/100|[from] item: Leftovers\n|upkeep\n|turn|21\n|n|!Thingsandsturf|thingsandsturf\n|inactive|Thingsandsturf has 120 seconds left.\n|inactive|jonastw has 120 seconds left.\n|\n|t:|1698162277\n|move|p2b: Flutter Mane|Shadow Ball|p1b: Glimmora\n|-damage|p1b: Glimmora|0 fnt\n|faint|p1b: Glimmora\n|\n|win|jonastw\n|raw|Thingsandsturf's rating: 1361 &rarr; <strong>1345<\/strong><br \/>(-16 for losing)\n|raw|jonastw's rating: 1426 &rarr; <strong>1442<\/strong><br \/>(+16 for winning)\n|c|\u2606jonastw|keep pushing maybe u win your next game\n|l|!Thingsandsturf\n","uploadtime":1698162251,"views":11,"p1id":"thingsandsturf","p2id":"jonastw","formatid":"gen9doublesou","rating":1345,"private":0,"password":""}