{"id":"gen9doublesou-1999679750","p1":"MasterofMetapods5","p2":"buddhist ameba","format":"[Gen 9] Doubles OU","log":"|j|\u2606MasterofMetapods5\n|j|\u2606buddhist ameba\n|t:|1701107188\n|gametype|doubles\n|player|p1|MasterofMetapods5|lance|1706\n|player|p2|buddhist ameba|2|1669\n|teamsize|p1|6\n|teamsize|p2|6\n|gen|9\n|tier|[Gen 9] Doubles OU\n|rated|\n|rule|Species Clause: Limit one of each Pok\u00e9mon\n|rule|OHKO Clause: OHKO moves are banned\n|rule|Evasion Moves Clause: Evasion moves are banned\n|rule|Gravity Sleep Clause: The combination of sleep-inducing moves with imperfect accuracy and Gravity or Gigantamax Orbeetle are banned\n|rule|Endless Battle Clause: Forcing endless battles is banned\n|rule|HP Percentage Mod: HP is shown in percentages\n|clearpoke\n|poke|p1|Kingambit, F|\n|poke|p1|Iron Hands|\n|poke|p1|Flutter Mane|\n|poke|p1|Landorus-Therian, M|\n|poke|p1|Volcanion|\n|poke|p1|Amoonguss, F|\n|poke|p2|Rillaboom, F|\n|poke|p2|Iron Bundle|\n|poke|p2|Chi-Yu|\n|poke|p2|Diancie|\n|poke|p2|Ninetales-Alola, M|\n|poke|p2|Heatran, F|\n|teampreview\n|inactive|Battle timer is ON: inactive players will automatically lose when time's up. (requested by buddhist ameba)\n|c|\u2606buddhist ameba|glhf\n|c|\u2606MasterofMetapods5|glhf\n|c|\u2606buddhist ameba|ty\n|\n|t:|1701107218\n|start\n|switch|p1a: Volcanion|Volcanion|100\/100\n|switch|p1b: Iron Hands|Iron Hands|100\/100\n|switch|p2a: Rillaboom|Rillaboom, F|100\/100\n|switch|p2b: Ninetales|Ninetales-Alola, M|100\/100\n|-weather|Snow|[from] ability: Snow Warning|[of] p2b: Ninetales\n|-fieldstart|move: Grassy Terrain|[from] ability: Grassy Surge|[of] p2a: Rillaboom\n|turn|1\n|\n|t:|1701107223\n|move|p2a: Rillaboom|Fake Out|p1b: Iron Hands\n|-damage|p1b: Iron Hands|89\/100\n|cant|p1b: Iron Hands|flinch\n|move|p2b: Ninetales|Aurora Veil|p2b: Ninetales\n|-sidestart|p2: buddhist ameba|move: Aurora Veil\n|move|p1a: Volcanion|Heat Wave|p2b: Ninetales|[spread] p2a,p2b\n|-supereffective|p2a: Rillaboom\n|-supereffective|p2b: Ninetales\n|-damage|p2a: Rillaboom|59\/100\n|-damage|p2b: Ninetales|32\/100\n|\n|-weather|Snow|[upkeep]\n|-heal|p2b: Ninetales|38\/100|[from] Grassy Terrain\n|-heal|p2a: Rillaboom|65\/100|[from] Grassy Terrain\n|-heal|p1b: Iron Hands|95\/100|[from] Grassy Terrain\n|upkeep\n|turn|2\n|\n|t:|1701107238\n|-end|p1b: Iron Hands|Quark Drive|[silent]\n|switch|p1b: Landorus|Landorus-Therian, M|100\/100\n|-ability|p1b: Landorus|Intimidate|boost\n|-unboost|p2a: Rillaboom|atk|1\n|-unboost|p2b: Ninetales|atk|1\n|move|p2b: Ninetales|Moonblast|p1b: Landorus\n|-damage|p1b: Landorus|64\/100\n|move|p2a: Rillaboom|Wood Hammer|p1a: Volcanion\n|-damage|p1a: Volcanion|55\/100\n|-damage|p2a: Rillaboom|52\/100|[from] Recoil\n|move|p1a: Volcanion|Heat Wave|p2a: Rillaboom|[spread] p2a,p2b\n|-supereffective|p2a: Rillaboom\n|-supereffective|p2b: Ninetales\n|-damage|p2a: Rillaboom|12\/100\n|-damage|p2b: Ninetales|0 fnt\n|faint|p2b: Ninetales\n|\n|-weather|Snow|[upkeep]\n|-heal|p2a: Rillaboom|18\/100|[from] Grassy Terrain\n|-heal|p1a: Volcanion|61\/100|[from] Grassy Terrain\n|upkeep\n|\n|t:|1701107253\n|switch|p2b: Heatran|Heatran, F|100\/100\n|turn|3\n|\n|t:|1701107270\n|switch|p2a: Diancie|Diancie|100\/100\n|move|p1b: Landorus|Stealth Rock|p2b: Heatran\n|-sidestart|p2: buddhist ameba|move: Stealth Rock\n|move|p2b: Heatran|Earth Power|p1a: Volcanion\n|-supereffective|p1a: Volcanion\n|-damage|p1a: Volcanion|18\/100\n|move|p1a: Volcanion|Steam Eruption|p2a: Diancie\n|-supereffective|p2a: Diancie\n|-damage|p2a: Diancie|31\/100\n|-enditem|p2a: Diancie|Weakness Policy\n|-boost|p2a: Diancie|atk|2|[from] item: Weakness Policy\n|-boost|p2a: Diancie|spa|2|[from] item: Weakness Policy\n|\n|-weather|Snow|[upkeep]\n|-heal|p1a: Volcanion|24\/100|[from] Grassy Terrain\n|-heal|p2a: Diancie|37\/100|[from] Grassy Terrain\n|upkeep\n|turn|4\n|\n|t:|1701107291\n|move|p1b: Landorus|Stomping Tantrum|p2b: Heatran\n|-supereffective|p2b: Heatran\n|-damage|p2b: Heatran|1\/100\n|-enditem|p2b: Heatran|Weakness Policy\n|-boost|p2b: Heatran|atk|2|[from] item: Weakness Policy\n|-boost|p2b: Heatran|spa|2|[from] item: Weakness Policy\n|move|p2b: Heatran|Earth Power|p1a: Volcanion\n|-supereffective|p1a: Volcanion\n|-damage|p1a: Volcanion|0 fnt\n|faint|p1a: Volcanion\n|move|p2a: Diancie|Diamond Storm|p1b: Landorus|[miss]\n|-miss|p2a: Diancie|p1b: Landorus\n|\n|-weather|Snow|[upkeep]\n|-heal|p2b: Heatran|7\/100|[from] Grassy Terrain\n|-heal|p2a: Diancie|43\/100|[from] Grassy Terrain\n|upkeep\n|\n|t:|1701107302\n|switch|p1a: Flutter Mane|Flutter Mane|100\/100\n|turn|5\n|\n|t:|1701107314\n|move|p2a: Diancie|Protect|p2a: Diancie\n|-singleturn|p2a: Diancie|Protect\n|move|p1a: Flutter Mane|Shadow Ball|p2b: Heatran\n|-damage|p2b: Heatran|0 fnt\n|faint|p2b: Heatran\n|move|p1b: Landorus|Stomping Tantrum|p2a: Diancie\n|-activate|p2a: Diancie|move: Protect\n|\n|-weather|none\n|-heal|p2a: Diancie|50\/100|[from] Grassy Terrain\n|-fieldend|move: Grassy Terrain\n|upkeep\n|inactive|buddhist ameba has 120 seconds left.\n|\n|t:|1701107357\n|switch|p2b: Rillaboom|Rillaboom, F|18\/100\n|-damage|p2b: Rillaboom|6\/100|[from] Stealth Rock\n|-fieldstart|move: Grassy Terrain|[from] ability: Grassy Surge|[of] p2b: Rillaboom\n|turn|6\n|\n|t:|1701107364\n|switch|p1b: Amoonguss|Amoonguss, F|100\/100\n|move|p2b: Rillaboom|Fake Out|p1b: Amoonguss\n|-damage|p1b: Amoonguss|88\/100\n|move|p1a: Flutter Mane|Shadow Ball|p2a: Diancie\n|-damage|p2a: Diancie|22\/100\n|move|p2a: Diancie|Diamond Storm|p1a: Flutter Mane|[spread] p1a,p1b\n|-damage|p1a: Flutter Mane|0 fnt\n|-damage|p1b: Amoonguss|26\/100\n|-boost|p2a: Diancie|def|2\n|-enditem|p1b: Amoonguss|Sitrus Berry|[eat]\n|-heal|p1b: Amoonguss|51\/100|[from] item: Sitrus Berry\n|faint|p1a: Flutter Mane\n|-end|p1a: Flutter Mane|Protosynthesis|[silent]\n|\n|-heal|p2b: Rillaboom|12\/100|[from] Grassy Terrain\n|-heal|p2a: Diancie|28\/100|[from] Grassy Terrain\n|-heal|p1b: Amoonguss|57\/100|[from] Grassy Terrain\n|upkeep\n|\n|t:|1701107368\n|switch|p1a: Landorus|Landorus-Therian, M|64\/100\n|-ability|p1a: Landorus|Intimidate|boost\n|-fail|p2a: Diancie|unboost|[from] ability: Clear Body|[of] p2a: Diancie\n|-unboost|p2b: Rillaboom|atk|1\n|turn|7\n|\n|t:|1701107379\n|move|p1a: Landorus|Stomping Tantrum|p2a: Diancie\n|-supereffective|p2a: Diancie\n|-crit|p2a: Diancie\n|-damage|p2a: Diancie|0 fnt\n|faint|p2a: Diancie\n|move|p2b: Rillaboom|Wood Hammer|p1a: Landorus\n|-damage|p1a: Landorus|8\/100\n|-enditem|p1a: Landorus|Sitrus Berry|[eat]\n|-heal|p1a: Landorus|32\/100|[from] item: Sitrus Berry\n|-damage|p2b: Rillaboom|0 fnt|[from] Recoil\n|faint|p2b: Rillaboom\n|move|p1b: Amoonguss|Pollen Puff|p1a: Landorus\n|-heal|p1a: Landorus|82\/100\n|\n|-heal|p1b: Amoonguss|63\/100|[from] Grassy Terrain\n|upkeep\n|\n|t:|1701107382\n|switch|p2b: Chi-Yu|Chi-Yu|100\/100\n|switch|p2a: Iron Bundle|Iron Bundle|100\/100\n|-damage|p2a: Iron Bundle|76\/100|[from] Stealth Rock\n|-damage|p2b: Chi-Yu|76\/100|[from] Stealth Rock\n|-ability|p2b: Chi-Yu|Beads of Ruin\n|-enditem|p2a: Iron Bundle|Booster Energy\n|-activate|p2a: Iron Bundle|ability: Quark Drive|[fromitem]\n|-start|p2a: Iron Bundle|quarkdrivespe\n|turn|8\n|\n|t:|1701107392\n|switch|p1b: Kingambit|Kingambit, F|100\/100\n|move|p2a: Iron Bundle|Icy Wind|p1b: Kingambit|[spread] p1a,p1b\n|-supereffective|p1a: Landorus\n|-resisted|p1b: Kingambit\n|-damage|p1a: Landorus|0 fnt\n|-damage|p1b: Kingambit|88\/100\n|-unboost|p1b: Kingambit|spe|1\n|-ability|p1b: Kingambit|Defiant|boost\n|-boost|p1b: Kingambit|atk|2\n|faint|p1a: Landorus\n|move|p2b: Chi-Yu|Heat Wave|p1b: Kingambit\n|-supereffective|p1b: Kingambit\n|-damage|p1b: Kingambit|0 fnt\n|faint|p1b: Kingambit\n|\n|-heal|p2a: Iron Bundle|82\/100|[from] Grassy Terrain\n|-heal|p2b: Chi-Yu|82\/100|[from] Grassy Terrain\n|-sideend|p2: buddhist ameba|move: Aurora Veil\n|upkeep\n|\n|t:|1701107394\n|switch|p1a: Amoonguss|Amoonguss, F|96\/100\n|switch|p1b: Iron Hands|Iron Hands|95\/100\n|turn|9\n|\n|t:|1701107411\n|-terastallize|p1a: Amoonguss|Water\n|move|p1b: Iron Hands|Fake Out|p2a: Iron Bundle\n|-damage|p2a: Iron Bundle|63\/100\n|cant|p2a: Iron Bundle|flinch\n|move|p2b: Chi-Yu|Heat Wave|p1b: Iron Hands|[spread] p1a,p1b\n|-resisted|p1a: Amoonguss\n|-damage|p1a: Amoonguss|67\/100\n|-damage|p1b: Iron Hands|60\/100\n|move|p1a: Amoonguss|Spore|p2b: Chi-Yu\n|-status|p2b: Chi-Yu|slp|[from] move: Spore\n|\n|-heal|p2a: Iron Bundle|69\/100|[from] Grassy Terrain\n|-heal|p2b: Chi-Yu|88\/100 slp|[from] Grassy Terrain\n|-heal|p1b: Iron Hands|66\/100|[from] Grassy Terrain\n|-heal|p1a: Amoonguss|73\/100|[from] Grassy Terrain\n|upkeep\n|turn|10\n|\n|t:|1701107434\n|-terastallize|p2a: Iron Bundle|Grass\n|move|p2a: Iron Bundle|Freeze-Dry|p1a: Amoonguss\n|-supereffective|p1a: Amoonguss\n|-damage|p1a: Amoonguss|2\/100\n|cant|p2b: Chi-Yu|slp\n|move|p1b: Iron Hands|Close Combat|p2a: Iron Bundle\n|-damage|p2a: Iron Bundle|0 fnt\n|-unboost|p1b: Iron Hands|def|1\n|-unboost|p1b: Iron Hands|spd|1\n|faint|p2a: Iron Bundle\n|-end|p2a: Iron Bundle|Quark Drive|[silent]\n|move|p1a: Amoonguss|Pollen Puff|p1b: Iron Hands\n|-heal|p1b: Iron Hands|100\/100\n|\n|-heal|p2b: Chi-Yu|94\/100 slp|[from] Grassy Terrain\n|-heal|p1a: Amoonguss|8\/100|[from] Grassy Terrain\n|-fieldend|move: Grassy Terrain\n|upkeep\n|turn|11\n|\n|t:|1701107443\n|cant|p2b: Chi-Yu|slp\n|move|p1b: Iron Hands|Close Combat|p2b: Chi-Yu\n|-supereffective|p2b: Chi-Yu\n|-damage|p2b: Chi-Yu|0 fnt\n|-unboost|p1b: Iron Hands|def|1\n|-unboost|p1b: Iron Hands|spd|1\n|faint|p2b: Chi-Yu\n|\n|win|MasterofMetapods5\n|raw|MasterofMetapods5's rating: 1706 &rarr; <strong>1724<\/strong><br \/>(+18 for winning)\n|raw|buddhist ameba's rating: 1669 &rarr; <strong>1651<\/strong><br \/>(-18 for losing)\n","uploadtime":1701107453,"views":7,"p1id":"masterofmetapods5","p2id":"buddhistameba","formatid":"gen9doublesou","rating":1651,"private":0,"password":""}