{"id":"gen9doublesou-1987257199","p1":"riastylis","p2":"Kevin Dickey12","format":"[Gen 9] Doubles OU","log":"|j|\u2606riastylis\n|j|\u2606Kevin Dickey12\n|t:|1699570156\n|gametype|doubles\n|player|p1|riastylis|veteran|\n|player|p2|Kevin Dickey12|rosa|\n|teamsize|p1|6\n|teamsize|p2|6\n|gen|9\n|tier|[Gen 9] Doubles OU\n|rule|Species Clause: Limit one of each Pok\u00e9mon\n|rule|OHKO Clause: OHKO moves are banned\n|rule|Evasion Moves Clause: Evasion moves are banned\n|rule|Gravity Sleep Clause: The combination of sleep-inducing moves with imperfect accuracy and Gravity or Gigantamax Orbeetle are banned\n|rule|Endless Battle Clause: Forcing endless battles is banned\n|rule|HP Percentage Mod: HP is shown in percentages\n|clearpoke\n|poke|p1|Iron Leaves|\n|poke|p1|Quaquaval, F|\n|poke|p1|Garchomp, F|\n|poke|p1|Volcarona, F|\n|poke|p1|Gholdengo|\n|poke|p1|Regieleki|\n|poke|p2|Walking Wake|\n|poke|p2|Maushold-Four|\n|poke|p2|Hippowdon, F|\n|poke|p2|Bronzong|\n|poke|p2|Ninetales, M|\n|poke|p2|Enamorus, F|\n|teampreview\n|j| StephenStone1130\n|j| sadboigaming\n|j| Redzone92\n|j| kagrin\n|\n|t:|1699570191\n|start\n|switch|p1a: Gear4BounceMan|Regieleki, shiny|100\/100\n|switch|p1b: Bon Clay|Quaquaval, F|100\/100\n|switch|p2a: CHEEEEESE \ud83e\uddc0\ud83e\uddc0\ud83e\uddc0|Maushold-Four, shiny|100\/100\n|switch|p2b: HereComesTheSun \ud83c\udf1e|Ninetales, M, shiny|100\/100\n|-weather|SunnyDay|[from] ability: Drought|[of] p2b: HereComesTheSun \ud83c\udf1e\n|turn|1\n|j| GoDDanteX\n|\n|t:|1699570226\n|move|p2b: HereComesTheSun \ud83c\udf1e|Protect|p2b: HereComesTheSun \ud83c\udf1e\n|-singleturn|p2b: HereComesTheSun \ud83c\udf1e|Protect\n|move|p2a: CHEEEEESE \ud83e\uddc0\ud83e\uddc0\ud83e\uddc0|Taunt|p1a: Gear4BounceMan\n|-start|p1a: Gear4BounceMan|move: Taunt\n|cant|p1a: Gear4BounceMan|move: Taunt|Light Screen\n|move|p1b: Bon Clay|Aqua Step|p2a: CHEEEEESE \ud83e\uddc0\ud83e\uddc0\ud83e\uddc0\n|-damage|p2a: CHEEEEESE \ud83e\uddc0\ud83e\uddc0\ud83e\uddc0|63\/100\n|-boost|p1b: Bon Clay|spe|1\n|\n|-weather|SunnyDay|[upkeep]\n|upkeep\n|turn|2\n|\n|t:|1699570287\n|switch|p2a: Taco Bell \ud83d\udd14 \ud83c\udf2e \ud83c\udf2f|Bronzong, shiny|100\/100\n|switch|p2b: Suicune Who?|Walking Wake|100\/100\n|-activate|p2b: Suicune Who?|ability: Protosynthesis\n|-start|p2b: Suicune Who?|protosynthesisspe\n|move|p1b: Bon Clay|Aqua Step|p2a: Taco Bell \ud83d\udd14 \ud83c\udf2e \ud83c\udf2f\n|-damage|p2a: Taco Bell \ud83d\udd14 \ud83c\udf2e \ud83c\udf2f|76\/100\n|-boost|p1b: Bon Clay|spe|1\n|move|p1a: Gear4BounceMan|Thunder Cage|p2b: Suicune Who?\n|-damage|p2b: Suicune Who?|62\/100\n|-activate|p2b: Suicune Who?|move: Thunder Cage|[of] p1a: Gear4BounceMan\n|\n|-weather|SunnyDay|[upkeep]\n|-damage|p2b: Suicune Who?|49\/100|[from] move: Thunder Cage|[partiallytrapped]\n|upkeep\n|turn|3\n|\n|t:|1699570328\n|-terastallize|p1b: Bon Clay|Normal\n|move|p1b: Bon Clay|Aqua Step|p2a: Taco Bell \ud83d\udd14 \ud83c\udf2e \ud83c\udf2f\n|-damage|p2a: Taco Bell \ud83d\udd14 \ud83c\udf2e \ud83c\udf2f|52\/100\n|-boost|p1b: Bon Clay|spe|1\n|move|p2b: Suicune Who?|Hydro Steam|p1a: Gear4BounceMan\n|-damage|p1a: Gear4BounceMan|0 fnt\n|faint|p1a: Gear4BounceMan\n|move|p2a: Taco Bell \ud83d\udd14 \ud83c\udf2e \ud83c\udf2f|Psychic|p1b: Bon Clay\n|-damage|p1b: Bon Clay|64\/100\n|\n|-weather|SunnyDay|[upkeep]\n|-end|p2b: Suicune Who?|Thunder Cage|[partiallytrapped]|[silent]\n|upkeep\n|\n|t:|1699570348\n|switch|p1a: Chopper|Iron Leaves|100\/100\n|-enditem|p1a: Chopper|Booster Energy\n|-activate|p1a: Chopper|ability: Quark Drive|[fromitem]\n|-start|p1a: Chopper|quarkdrivespe\n|turn|4\n|\n|t:|1699570401\n|move|p1b: Bon Clay|Aqua Step|p2a: Taco Bell \ud83d\udd14 \ud83c\udf2e \ud83c\udf2f\n|-crit|p2a: Taco Bell \ud83d\udd14 \ud83c\udf2e \ud83c\udf2f\n|-damage|p2a: Taco Bell \ud83d\udd14 \ud83c\udf2e \ud83c\udf2f|17\/100\n|-boost|p1b: Bon Clay|spe|1\n|move|p2b: Suicune Who?|Flamethrower|p1a: Chopper\n|-supereffective|p1a: Chopper\n|-damage|p1a: Chopper|21\/100\n|move|p1a: Chopper|Wild Charge|p2b: Suicune Who?\n|-damage|p2b: Suicune Who?|17\/100\n|-damage|p1a: Chopper|13\/100|[from] Recoil\n|move|p2a: Taco Bell \ud83d\udd14 \ud83c\udf2e \ud83c\udf2f|Psychic|p1b: Bon Clay\n|-damage|p1b: Bon Clay|26\/100\n|\n|-weather|SunnyDay|[upkeep]\n|upkeep\n|turn|5\n|\n|t:|1699570454\n|-end|p1a: Chopper|Quark Drive|[silent]\n|switch|p1a: Mothra|Volcarona, F|100\/100\n|-item|p1a: Mothra|Air Balloon\n|move|p1b: Bon Clay|Aqua Step|p2a: Taco Bell \ud83d\udd14 \ud83c\udf2e \ud83c\udf2f\n|-damage|p2a: Taco Bell \ud83d\udd14 \ud83c\udf2e \ud83c\udf2f|0 fnt\n|-boost|p1b: Bon Clay|spe|1\n|faint|p2a: Taco Bell \ud83d\udd14 \ud83c\udf2e \ud83c\udf2f\n|-ability|p1b: Bon Clay|Moxie|boost\n|-boost|p1b: Bon Clay|atk|1\n|move|p2b: Suicune Who?|Hydro Steam|p1b: Bon Clay\n|-damage|p1b: Bon Clay|0 fnt\n|faint|p1b: Bon Clay\n|\n|-weather|none\n|-end|p2b: Suicune Who?|Protosynthesis\n|upkeep\n|\n|t:|1699570485\n|switch|p1b: Gild Tesoro|Gholdengo|100\/100\n|switch|p2a: HereComesTheSun \ud83c\udf1e|Ninetales, M, shiny|100\/100\n|-weather|SunnyDay|[from] ability: Drought|[of] p2a: HereComesTheSun \ud83c\udf1e\n|-activate|p2b: Suicune Who?|ability: Protosynthesis\n|-start|p2b: Suicune Who?|protosynthesisspe\n|turn|6\n|\n|t:|1699570512\n|-terastallize|p2a: HereComesTheSun \ud83c\udf1e|Fire\n|move|p1b: Gild Tesoro|Protect|p1b: Gild Tesoro\n|-singleturn|p1b: Gild Tesoro|Protect\n|move|p2b: Suicune Who?|Hydro Steam|p1a: Mothra\n|-supereffective|p1a: Mothra\n|-damage|p1a: Mothra|3\/100\n|-enditem|p1a: Mothra|Air Balloon\n|move|p2a: HereComesTheSun \ud83c\udf1e|Heat Wave|p1b: Gild Tesoro|[spread] p1a\n|-activate|p1b: Gild Tesoro|move: Protect\n|-damage|p1a: Mothra|0 fnt\n|faint|p1a: Mothra\n|\n|-weather|SunnyDay|[upkeep]\n|upkeep\n|\n|t:|1699570528\n|switch|p1a: Cascade|Garchomp, F, shiny|100\/100\n|turn|7\n|\n|t:|1699570627\n|move|p1b: Gild Tesoro|Protect||[still]\n|-fail|p1b: Gild Tesoro\n|move|p2b: Suicune Who?|Dragon Pulse|p1a: Cascade\n|-supereffective|p1a: Cascade\n|-damage|p1a: Cascade|11\/100\n|-enditem|p1a: Cascade|Red Card|[of] p2b: Suicune Who?\n|-end|p2b: Suicune Who?|Protosynthesis|[silent]\n|drag|p2b: CHEEEEESE \ud83e\uddc0\ud83e\uddc0\ud83e\uddc0|Maushold-Four, shiny|63\/100\n|move|p1a: Cascade|Earthquake|p2a: HereComesTheSun \ud83c\udf1e|[spread] p1b,p2a,p2b\n|-supereffective|p1b: Gild Tesoro\n|-supereffective|p2a: HereComesTheSun \ud83c\udf1e\n|-crit|p2b: CHEEEEESE \ud83e\uddc0\ud83e\uddc0\ud83e\uddc0\n|-damage|p1b: Gild Tesoro|29\/100\n|-damage|p2a: HereComesTheSun \ud83c\udf1e|10\/100\n|-damage|p2b: CHEEEEESE \ud83e\uddc0\ud83e\uddc0\ud83e\uddc0|0 fnt\n|faint|p2b: CHEEEEESE \ud83e\uddc0\ud83e\uddc0\ud83e\uddc0\n|move|p2a: HereComesTheSun \ud83c\udf1e|Heat Wave|p1a: Cascade|[spread] p1a,p1b\n|-resisted|p1a: Cascade\n|-supereffective|p1b: Gild Tesoro\n|-damage|p1a: Cascade|0 fnt\n|-damage|p1b: Gild Tesoro|0 fnt\n|faint|p1a: Cascade\n|faint|p1b: Gild Tesoro\n|\n|-weather|SunnyDay|[upkeep]\n|upkeep\n|l| kagrin\n|\n|t:|1699570656\n|switch|p2b: Suicune Who?|Walking Wake|17\/100\n|switch|p1b: Chopper|Iron Leaves|13\/100\n|-activate|p2b: Suicune Who?|ability: Protosynthesis\n|-start|p2b: Suicune Who?|protosynthesisspe\n|turn|8\n|\n|t:|1699570675\n|move|p2b: Suicune Who?|Flamethrower|p1b: Chopper\n|-supereffective|p1b: Chopper\n|-damage|p1b: Chopper|0 fnt\n|faint|p1b: Chopper\n|-end|p1b: Chopper|Quark Drive|[silent]\n|\n|win|Kevin Dickey12\n|l| GoDDanteX\n","uploadtime":1699570682,"views":26,"p1id":"riastylis","p2id":"kevindickey12","formatid":"gen9doublesou","rating":0,"private":0,"password":""}