{"id":"gen9doublesou-1999090827","p1":"doctor_ks3","p2":"XxPeruxX Jedset83","format":"[Gen 9] Doubles OU","log":"|j|\u2606doctor_ks3\n|j|\u203dXxPeruxX Jedset83\n|t:|1701032149\n|gametype|doubles\n|player|p1|doctor_ks3|maid|1247\n|player|p2|XxPeruxX Jedset83|170|1258\n|teamsize|p1|6\n|teamsize|p2|6\n|gen|9\n|tier|[Gen 9] Doubles OU\n|rated|\n|rule|Species Clause: Limit one of each Pok\u00e9mon\n|rule|OHKO Clause: OHKO moves are banned\n|rule|Evasion Moves Clause: Evasion moves are banned\n|rule|Gravity Sleep Clause: The combination of sleep-inducing moves with imperfect accuracy and Gravity or Gigantamax Orbeetle are banned\n|rule|Endless Battle Clause: Forcing endless battles is banned\n|rule|HP Percentage Mod: HP is shown in percentages\n|clearpoke\n|poke|p1|Sinistcha-Masterpiece|\n|poke|p1|Iron Hands|\n|poke|p1|Amoonguss, F|\n|poke|p1|Landorus-Therian, M|\n|poke|p1|Oranguru, M|\n|poke|p1|Manaphy|\n|poke|p2|Salamence, M|\n|poke|p2|Gardevoir, F|\n|poke|p2|Bisharp, M|\n|poke|p2|Sneasler, M|\n|poke|p2|Eelektross, F|\n|poke|p2|Krookodile, M|\n|teampreview\n|\n|t:|1701032170\n|start\n|switch|p1a: Manaphy|Manaphy|100\/100\n|switch|p1b: Oranguru|Oranguru, M|100\/100\n|switch|p2a: Gardevoir|Gardevoir, F|100\/100\n|switch|p2b: Krookodile|Krookodile, M|100\/100\n|-ability|p2a: Gardevoir|Hydration|[from] ability: Trace|[of] p1a: Manaphy\n|-ability|p2b: Krookodile|Intimidate|boost\n|-unboost|p1a: Manaphy|atk|1\n|-fail|p1b: Oranguru|unboost|Attack|[from] ability: Inner Focus|[of] p1b: Oranguru\n|turn|1\n|\n|t:|1701032188\n|move|p1a: Manaphy|Tail Glow|p1a: Manaphy\n|-boost|p1a: Manaphy|spa|3\n|move|p2a: Gardevoir|Psychic|p1a: Manaphy\n|-damage|p1a: Manaphy|65\/100\n|move|p2b: Krookodile|Hone Claws|p2b: Krookodile\n|-boost|p2b: Krookodile|atk|1\n|-boost|p2b: Krookodile|accuracy|1\n|move|p1b: Oranguru|Instruct|p1a: Manaphy\n|-singleturn|p1a: Manaphy|move: Instruct|[of] p1b: Oranguru\n|move|p1a: Manaphy|Tail Glow|p1a: Manaphy\n|-boost|p1a: Manaphy|spa|3\n|\n|upkeep\n|turn|2\n|-activate|p2a: Gardevoir|item: Quick Claw\n|\n|t:|1701032215\n|-terastallize|p2b: Krookodile|Poison\n|move|p2a: Gardevoir|Dazzling Gleam|p1a: Manaphy|[spread] p1a,p1b\n|-damage|p1a: Manaphy|43\/100\n|-damage|p1b: Oranguru|81\/100\n|move|p1a: Manaphy|Baton Pass|p1a: Manaphy\n|\n|t:|1701032222\n|switch|p1a: \u304a\u8336|Sinistcha-Masterpiece|100\/100|[from] Baton Pass\n|move|p2b: Krookodile|Gunk Shot|p1a: \u304a\u8336\n|-crit|p1a: \u304a\u8336\n|-damage|p1a: \u304a\u8336|0 fnt\n|faint|p1a: \u304a\u8336\n|move|p1b: Oranguru|Trick Room|p1b: Oranguru\n|-fieldstart|move: Trick Room|[of] p1b: Oranguru\n|\n|upkeep\n|\n|t:|1701032230\n|switch|p1a: Suss amoonguss|Amoonguss, F|100\/100\n|turn|3\n|\n|t:|1701032239\n|switch|p2a: Eelektross|Eelektross, F|100\/100\n|move|p1a: Suss amoonguss|Spore|p2b: Krookodile\n|-status|p2b: Krookodile|slp|[from] move: Spore\n|move|p1b: Oranguru|Psychic|p2b: Krookodile\n|-supereffective|p2b: Krookodile\n|-damage|p2b: Krookodile|34\/100 slp\n|cant|p2b: Krookodile|slp\n|\n|upkeep\n|turn|4\n|\n|t:|1701032260\n|switch|p2a: Gardevoir|Gardevoir, F|100\/100\n|-ability|p2a: Gardevoir|Inner Focus|[from] ability: Trace|[of] p1b: Oranguru\n|switch|p2b: Bisharp|Bisharp, M|100\/100\n|move|p1a: Suss amoonguss|Spore|p2a: Gardevoir\n|-status|p2a: Gardevoir|slp|[from] move: Spore\n|move|p1b: Oranguru|Psychic|p2b: Bisharp\n|-immune|p2b: Bisharp\n|\n|upkeep\n|turn|5\n|\n|t:|1701032279\n|switch|p1b: Landorus|Landorus-Therian, M|100\/100\n|-ability|p1b: Landorus|Intimidate|boost\n|-fail|p2a: Gardevoir|unboost|Attack|[from] ability: Inner Focus|[of] p2a: Gardevoir\n|-unboost|p2b: Bisharp|atk|1\n|-ability|p2b: Bisharp|Defiant|boost\n|-boost|p2b: Bisharp|atk|2\n|move|p1a: Suss amoonguss|Spore|p2b: Bisharp\n|-status|p2b: Bisharp|slp|[from] move: Spore\n|cant|p2b: Bisharp|slp\n|cant|p2a: Gardevoir|slp\n|\n|upkeep\n|turn|6\n|\n|t:|1701032301\n|switch|p2b: Eelektross|Eelektross, F|100\/100\n|switch|p2a: Salamence|Salamence, M|100\/100\n|move|p1a: Suss amoonguss|Clear Smog|p2b: Eelektross\n|-crit|p2b: Eelektross\n|-damage|p2b: Eelektross|79\/100\n|-clearboost|p2b: Eelektross\n|move|p1b: Landorus|Stomping Tantrum|p2b: Eelektross\n|-immune|p2b: Eelektross|[from] ability: Levitate\n|\n|-fieldend|move: Trick Room\n|upkeep\n|turn|7\n|\n|t:|1701032325\n|switch|p1b: Iron Hands|Iron Hands|100\/100\n|move|p2a: Salamence|Dragon Dance|p2a: Salamence\n|-boost|p2a: Salamence|atk|1\n|-boost|p2a: Salamence|spe|1\n|move|p2b: Eelektross|Liquidation|p1b: Iron Hands\n|-damage|p1b: Iron Hands|83\/100\n|-unboost|p1b: Iron Hands|def|1\n|move|p1a: Suss amoonguss|Spore|p2a: Salamence\n|-activate|p2a: Salamence|item: Safety Goggles|Spore\n|\n|upkeep\n|turn|8\n|\n|t:|1701032343\n|move|p1b: Iron Hands|Fake Out|p2a: Salamence\n|-damage|p2a: Salamence|85\/100\n|cant|p2a: Salamence|flinch\n|move|p2b: Eelektross|Liquidation|p1b: Iron Hands\n|-damage|p1b: Iron Hands|54\/100\n|move|p1a: Suss amoonguss|Clear Smog|p2a: Salamence\n|-damage|p2a: Salamence|70\/100\n|-clearboost|p2a: Salamence\n|\n|upkeep\n|turn|9\n|\n|t:|1701032357\n|switch|p2a: Gardevoir|Gardevoir, F|100\/100 slp\n|-ability|p2a: Gardevoir|Regenerator|[from] ability: Trace|[of] p1a: Suss amoonguss\n|switch|p2b: Krookodile|Krookodile, M, tera:Poison|34\/100 slp\n|-ability|p2b: Krookodile|Intimidate|boost\n|-unboost|p1a: Suss amoonguss|atk|1\n|-unboost|p1b: Iron Hands|atk|1\n|move|p1b: Iron Hands|Ice Punch|p2a: Gardevoir\n|-damage|p2a: Gardevoir|73\/100 slp\n|move|p1a: Suss amoonguss|Pollen Puff|p1b: Iron Hands\n|-heal|p1b: Iron Hands|100\/100\n|\n|upkeep\n|turn|10\n|-activate|p2a: Gardevoir|item: Quick Claw\n|\n|t:|1701032391\n|switch|p1a: Oranguru|Oranguru, M|81\/100\n|-curestatus|p2a: Gardevoir|slp|[msg]\n|move|p2a: Gardevoir|Psychic|p1b: Iron Hands\n|-supereffective|p1b: Iron Hands\n|-damage|p1b: Iron Hands|63\/100\n|cant|p2b: Krookodile|slp\n|move|p1b: Iron Hands|Wild Charge|p2b: Krookodile\n|-damage|p2b: Krookodile|4\/100 slp\n|-damage|p1b: Iron Hands|58\/100|[from] Recoil\n|\n|upkeep\n|turn|11\n|\n|t:|1701032411\n|switch|p2b: Eelektross|Eelektross, F|79\/100\n|move|p2a: Gardevoir|Life Dew|p2a: Gardevoir|[spread] p2a,p2b\n|-heal|p2a: Gardevoir|98\/100\n|-heal|p2b: Eelektross|100\/100\n|move|p1b: Iron Hands|Drain Punch|p2b: Eelektross\n|-damage|p2b: Eelektross|72\/100\n|-heal|p1b: Iron Hands|67\/100|[from] drain|[of] p2b: Eelektross\n|move|p1a: Oranguru|Trick Room|p1a: Oranguru\n|-fieldstart|move: Trick Room|[of] p1a: Oranguru\n|\n|upkeep\n|turn|12\n|\n|t:|1701032437\n|switch|p1a: Suss amoonguss|Amoonguss, F|100\/100\n|-end|p1b: Iron Hands|Quark Drive|[silent]\n|switch|p1b: Landorus|Landorus-Therian, M|100\/100\n|-ability|p1b: Landorus|Intimidate|boost\n|-unboost|p2a: Gardevoir|atk|1\n|-unboost|p2b: Eelektross|atk|1\n|switch|p2a: Salamence|Salamence, M|70\/100\n|move|p2b: Eelektross|Liquidation|p1b: Landorus\n|-supereffective|p1b: Landorus\n|-damage|p1b: Landorus|59\/100\n|\n|upkeep\n|turn|13\n|\n|t:|1701032461\n|move|p1a: Suss amoonguss|Spore|p2b: Eelektross\n|-status|p2b: Eelektross|slp|[from] move: Spore\n|cant|p2b: Eelektross|slp\n|move|p2a: Salamence|Crunch|p1a: Suss amoonguss\n|-damage|p1a: Suss amoonguss|80\/100\n|move|p1b: Landorus|Rock Slide|p2b: Eelektross|[spread] p2a,p2b\n|-supereffective|p2a: Salamence\n|-damage|p2a: Salamence|27\/100\n|-damage|p2b: Eelektross|50\/100 slp\n|\n|upkeep\n|turn|14\n|\n|t:|1701032477\n|switch|p2a: Gardevoir|Gardevoir, F|100\/100\n|-ability|p2a: Gardevoir|Intimidate|boost\n|-unboost|p1a: Suss amoonguss|atk|1\n|-unboost|p1b: Landorus|atk|1\n|-ability|p2a: Gardevoir|Intimidate|[from] ability: Trace|[of] p1b: Landorus\n|move|p1a: Suss amoonguss|Pollen Puff|p1b: Landorus\n|-heal|p1b: Landorus|100\/100\n|cant|p2b: Eelektross|slp\n|move|p1b: Landorus|Rock Slide|p2a: Gardevoir|[spread] p2a,p2b\n|-damage|p2a: Gardevoir|79\/100\n|-damage|p2b: Eelektross|34\/100 slp\n|\n|upkeep\n|turn|15\n|\n|t:|1701032493\n|switch|p1b: Iron Hands|Iron Hands|67\/100\n|move|p1a: Suss amoonguss|Spore|p2a: Gardevoir\n|-status|p2a: Gardevoir|slp|[from] move: Spore\n|cant|p2b: Eelektross|slp\n|cant|p2a: Gardevoir|slp\n|\n|-fieldend|move: Trick Room\n|upkeep\n|turn|16\n|\n|t:|1701032512\n|switch|p1a: Oranguru|Oranguru, M|81\/100\n|cant|p2a: Gardevoir|slp\n|move|p1b: Iron Hands|Drain Punch|p2b: Eelektross\n|-damage|p2b: Eelektross|0 fnt\n|-heal|p1b: Iron Hands|79\/100|[from] drain|[of] p2b: Eelektross\n|faint|p2b: Eelektross\n|\n|upkeep\n|\n|t:|1701032523\n|switch|p2b: Sneasler|Sneasler, M|100\/100\n|turn|17\n|\n|t:|1701032534\n|-end|p1b: Iron Hands|Quark Drive|[silent]\n|switch|p1b: Manaphy|Manaphy|43\/100\n|move|p2b: Sneasler|Close Combat|p1a: Oranguru\n|-damage|p1a: Oranguru|26\/100\n|-unboost|p2b: Sneasler|def|1\n|-unboost|p2b: Sneasler|spd|1\n|-enditem|p2b: Sneasler|White Herb\n|-clearnegativeboost|p2b: Sneasler|[silent]\n|-curestatus|p2a: Gardevoir|slp|[msg]\n|move|p2a: Gardevoir|Psychic|p1b: Manaphy\n|-damage|p1b: Manaphy|10\/100\n|move|p1a: Oranguru|Trick Room|p1a: Oranguru\n|-fieldstart|move: Trick Room|[of] p1a: Oranguru\n|\n|upkeep\n|turn|18\n|\n|t:|1701032560\n|switch|p1a: Suss amoonguss|Amoonguss, F|100\/100\n|move|p2a: Gardevoir|Dazzling Gleam|p1a: Suss amoonguss|[spread] p1a,p1b\n|-resisted|p1a: Suss amoonguss\n|-crit|p1a: Suss amoonguss\n|-damage|p1a: Suss amoonguss|83\/100\n|-damage|p1b: Manaphy|0 fnt\n|faint|p1b: Manaphy\n|move|p2b: Sneasler|Dire Claw|p1a: Suss amoonguss\n|-damage|p1a: Suss amoonguss|51\/100\n|-status|p1a: Suss amoonguss|par\n|\n|upkeep\n|\n|t:|1701032573\n|switch|p1b: Iron Hands|Iron Hands|79\/100\n|turn|19\n|\n|t:|1701032584\n|switch|p2a: Krookodile|Krookodile, M, tera:Poison|4\/100 slp\n|-ability|p2a: Krookodile|Intimidate|boost\n|-unboost|p1a: Suss amoonguss|atk|1\n|-unboost|p1b: Iron Hands|atk|1\n|switch|p2b: Bisharp|Bisharp, M|100\/100 slp\n|move|p1b: Iron Hands|Fake Out|p2a: Krookodile\n|-damage|p2a: Krookodile|0 fnt\n|faint|p2a: Krookodile\n|move|p1a: Suss amoonguss|Spore|p2b: Bisharp\n|-fail|p2b: Bisharp|slp\n|\n|upkeep\n|\n|t:|1701032596\n|switch|p2a: Salamence|Salamence, M|27\/100\n|turn|20\n|\n|t:|1701032613\n|switch|p1a: Landorus|Landorus-Therian, M|100\/100\n|-ability|p1a: Landorus|Intimidate|boost\n|-unboost|p2a: Salamence|atk|1\n|-unboost|p2b: Bisharp|atk|1\n|-ability|p2b: Bisharp|Defiant|boost\n|-boost|p2b: Bisharp|atk|2\n|move|p1b: Iron Hands|Ice Punch|p2a: Salamence\n|-supereffective|p2a: Salamence\n|-damage|p2a: Salamence|0 fnt\n|faint|p2a: Salamence\n|cant|p2b: Bisharp|slp\n|\n|upkeep\n|\n|t:|1701032623\n|switch|p2a: Gardevoir|Gardevoir, F|79\/100\n|-ability|p2a: Gardevoir|Intimidate|boost\n|-unboost|p1a: Landorus|atk|1\n|-unboost|p1b: Iron Hands|atk|1\n|-ability|p2a: Gardevoir|Intimidate|[from] ability: Trace|[of] p1a: Landorus\n|turn|21\n|\n|t:|1701032637\n|-curestatus|p2b: Bisharp|slp|[msg]\n|move|p2b: Bisharp|Sucker Punch|p1a: Landorus\n|-damage|p1a: Landorus|43\/100\n|move|p1b: Iron Hands|Drain Punch|p2b: Bisharp\n|-supereffective|p2b: Bisharp\n|-damage|p2b: Bisharp|44\/100\n|-heal|p1b: Iron Hands|97\/100|[from] drain|[of] p2b: Bisharp\n|move|p2a: Gardevoir|Psychic|p1b: Iron Hands\n|-supereffective|p1b: Iron Hands\n|-damage|p1b: Iron Hands|59\/100\n|move|p1a: Landorus|U-turn|p2a: Gardevoir\n|-damage|p2a: Gardevoir|54\/100\n|\n|t:|1701032649\n|switch|p1a: Suss amoonguss|Amoonguss, F|84\/100 par|[from] U-turn\n|\n|-fieldend|move: Trick Room\n|upkeep\n|turn|22\n|\n|t:|1701032659\n|move|p1a: Suss amoonguss|Rage Powder|p1a: Suss amoonguss\n|-singleturn|p1a: Suss amoonguss|move: Rage Powder\n|move|p2a: Gardevoir|Life Dew|p2a: Gardevoir|[spread] p2a,p2b\n|-heal|p2a: Gardevoir|79\/100\n|-heal|p2b: Bisharp|69\/100\n|move|p2b: Bisharp|Iron Head|p1a: Suss amoonguss\n|-damage|p1a: Suss amoonguss|43\/100 par\n|move|p1b: Iron Hands|Drain Punch|p2b: Bisharp\n|-supereffective|p2b: Bisharp\n|-damage|p2b: Bisharp|9\/100\n|-heal|p1b: Iron Hands|78\/100|[from] drain|[of] p2b: Bisharp\n|\n|upkeep\n|turn|23\n|-activate|p2a: Gardevoir|item: Quick Claw\n|\n|t:|1701032692\n|switch|p1a: Oranguru|Oranguru, M|26\/100\n|move|p2a: Gardevoir|Life Dew|p2a: Gardevoir|[spread] p2a,p2b\n|-heal|p2a: Gardevoir|100\/100\n|-heal|p2b: Bisharp|34\/100\n|move|p2b: Bisharp|Iron Head|p1b: Iron Hands\n|-resisted|p1b: Iron Hands\n|-damage|p1b: Iron Hands|61\/100\n|move|p1b: Iron Hands|Drain Punch|p2b: Bisharp\n|-supereffective|p2b: Bisharp\n|-damage|p2b: Bisharp|0 fnt\n|-heal|p1b: Iron Hands|72\/100|[from] drain|[of] p2b: Bisharp\n|faint|p2b: Bisharp\n|\n|upkeep\n|\n|t:|1701032705\n|switch|p2b: Sneasler|Sneasler, M|100\/100\n|turn|24\n|\n|t:|1701032723\n|move|p2b: Sneasler|Fake Out|p1a: Oranguru\n|-damage|p1a: Oranguru|14\/100\n|move|p2a: Gardevoir|Calm Mind|p2a: Gardevoir\n|-boost|p2a: Gardevoir|spa|1\n|-boost|p2a: Gardevoir|spd|1\n|move|p1b: Iron Hands|Drain Punch|p2a: Gardevoir\n|-resisted|p2a: Gardevoir\n|-damage|p2a: Gardevoir|93\/100\n|-heal|p1b: Iron Hands|74\/100|[from] drain|[of] p2a: Gardevoir\n|move|p1a: Oranguru|Instruct|p1b: Iron Hands\n|-singleturn|p1b: Iron Hands|move: Instruct|[of] p1a: Oranguru\n|move|p1b: Iron Hands|Drain Punch|p2a: Gardevoir\n|-resisted|p2a: Gardevoir\n|-damage|p2a: Gardevoir|86\/100\n|-heal|p1b: Iron Hands|76\/100|[from] drain|[of] p2a: Gardevoir\n|\n|upkeep\n|turn|25\n|-activate|p2a: Gardevoir|item: Quick Claw\n|\n|t:|1701032740\n|-end|p1b: Iron Hands|Quark Drive|[silent]\n|switch|p1b: Landorus|Landorus-Therian, M|43\/100\n|-ability|p1b: Landorus|Intimidate|boost\n|-unboost|p2a: Gardevoir|atk|1\n|-unboost|p2b: Sneasler|atk|1\n|move|p2a: Gardevoir|Calm Mind|p2a: Gardevoir\n|-boost|p2a: Gardevoir|spa|1\n|-boost|p2a: Gardevoir|spd|1\n|move|p2b: Sneasler|Dire Claw|p1a: Oranguru\n|-damage|p1a: Oranguru|0 fnt\n|faint|p1a: Oranguru\n|\n|upkeep\n|\n|t:|1701032751\n|switch|p1a: Suss amoonguss|Amoonguss, F|76\/100 par\n|turn|26\n|\n|t:|1701032767\n|move|p1b: Landorus|U-turn|p2a: Gardevoir\n|-damage|p2a: Gardevoir|47\/100\n|\n|t:|1701032770\n|switch|p1b: Iron Hands|Iron Hands|76\/100|[from] U-turn\n|move|p2b: Sneasler|Dire Claw|p1b: Iron Hands\n|-damage|p1b: Iron Hands|58\/100\n|-status|p1b: Iron Hands|psn\n|move|p2a: Gardevoir|Psychic|p1b: Iron Hands\n|-supereffective|p1b: Iron Hands\n|-damage|p1b: Iron Hands|0 fnt\n|faint|p1b: Iron Hands\n|-end|p1b: Iron Hands|Quark Drive|[silent]\n|move|p1a: Suss amoonguss|Spore|p2a: Gardevoir\n|-status|p2a: Gardevoir|slp|[from] move: Spore\n|\n|upkeep\n|\n|t:|1701032782\n|switch|p1b: Landorus|Landorus-Therian, M|43\/100\n|-ability|p1b: Landorus|Intimidate|boost\n|-unboost|p2a: Gardevoir|atk|1\n|-unboost|p2b: Sneasler|atk|1\n|turn|27\n|-activate|p2a: Gardevoir|item: Quick Claw\n|\n|t:|1701032793\n|-terastallize|p1b: Landorus|Flying\n|cant|p2a: Gardevoir|slp\n|move|p1b: Landorus|Tera Blast|p2b: Sneasler|[anim] Tera Blast Flying\n|-supereffective|p2b: Sneasler\n|-damage|p2b: Sneasler|0 fnt\n|faint|p2b: Sneasler\n|move|p1a: Suss amoonguss|Pollen Puff|p1b: Landorus\n|-heal|p1b: Landorus|93\/100\n|\n|upkeep\n|turn|28\n|\n|t:|1701032807\n|move|p1a: Suss amoonguss|Rage Powder|p1a: Suss amoonguss\n|-singleturn|p1a: Suss amoonguss|move: Rage Powder\n|move|p1b: Landorus|Tera Blast|p2a: Gardevoir|[anim] Tera Blast Flying\n|-damage|p2a: Gardevoir|0 fnt\n|faint|p2a: Gardevoir\n|\n|win|doctor_ks3\n|raw|doctor_ks3's rating: 1247 &rarr; <strong>1273<\/strong><br \/>(+26 for winning)\n|raw|XxPeruxX Jedset83's rating: 1258 &rarr; <strong>1232<\/strong><br \/>(-26 for losing)\n|c|\u2606doctor_ks3|gg wp\n|l|\u203dXxPeruxX Jedset83\n","uploadtime":1701032824,"views":16,"p1id":"doctorks3","p2id":"xxperuxxjedset83","formatid":"gen9doublesou","rating":1232,"private":0,"password":""}