{"id":"gen9doublesou-1967802716","p1":"Bambam823","p2":"Shinra92","format":"[Gen 9] Doubles OU","log":"|html|<div class=\"broadcast-blue\"><strong>[Gen 9] Doubles OU is currently suspecting Basculegion & Flutter Mane! For information on how to participate check out the <a href=\"https:\/\/www.smogon.com\/forums\/threads\/np-sv-dou-stage-8-double-trouble.3729153\/\">suspect thread<\/a>.<\/strong><\/div>\n|j|\u2606Bambam823\n|j|\u2606Shinra92\n|t:|1697340306\n|gametype|doubles\n|player|p1|Bambam823|hilbert|1000\n|player|p2|Shinra92|266|1023\n|teamsize|p1|6\n|teamsize|p2|6\n|gen|9\n|tier|[Gen 9] Doubles OU\n|rated|\n|rule|Species Clause: Limit one of each Pok\u00e9mon\n|rule|OHKO Clause: OHKO moves are banned\n|rule|Evasion Moves Clause: Evasion moves are banned\n|rule|Gravity Sleep Clause: The combination of sleep-inducing moves with imperfect accuracy and Gravity or Gigantamax Orbeetle are banned\n|rule|Endless Battle Clause: Forcing endless battles is banned\n|rule|HP Percentage Mod: HP is shown in percentages\n|clearpoke\n|poke|p1|Dragonite, M|\n|poke|p1|Revavroom, M|\n|poke|p1|Umbreon, F|\n|poke|p1|Mamoswine, M|\n|poke|p1|Ribombee, F|\n|poke|p1|Torkoal, M|\n|poke|p2|Goodra, M|\n|poke|p2|Ludicolo, F|\n|poke|p2|Pelipper, F|\n|poke|p2|Clefable, M|\n|poke|p2|Barraskewda, M|\n|poke|p2|Politoed, F|\n|teampreview\n|\n|t:|1697340322\n|start\n|switch|p1a: Umbreon|Umbreon, F|100\/100\n|switch|p1b: Torkoal|Torkoal, M|100\/100\n|switch|p2a: Pelipper|Pelipper, F, shiny|100\/100\n|switch|p2b: Barraskewda|Barraskewda, M, shiny|100\/100\n|-weather|RainDance|[from] ability: Drizzle|[of] p2a: Pelipper\n|-weather|SunnyDay|[from] ability: Drought|[of] p1b: Torkoal\n|turn|1\n|\n|t:|1697340347\n|move|p2a: Pelipper|U-turn|p1a: Umbreon\n|-supereffective|p1a: Umbreon\n|-damage|p1a: Umbreon|89\/100\n|\n|t:|1697340353\n|switch|p2a: Ludicolo|Ludicolo, F, shiny|100\/100|[from] U-turn\n|move|p2b: Barraskewda|Flip Turn|p1b: Torkoal\n|-supereffective|p1b: Torkoal\n|-damage|p1b: Torkoal|65\/100\n|-damage|p2b: Barraskewda|91\/100|[from] item: Life Orb\n|\n|t:|1697340359\n|switch|p2b: Politoed|Politoed, F, shiny|100\/100|[from] Flip Turn\n|-weather|RainDance|[from] ability: Drizzle|[of] p2b: Politoed\n|move|p1a: Umbreon|Light Screen|p1a: Umbreon\n|-sidestart|p1: Bambam823|move: Light Screen\n|move|p1b: Torkoal|Shell Smash|p1b: Torkoal\n|-unboost|p1b: Torkoal|def|1\n|-unboost|p1b: Torkoal|spd|1\n|-boost|p1b: Torkoal|atk|2\n|-boost|p1b: Torkoal|spa|2\n|-boost|p1b: Torkoal|spe|2\n|-enditem|p1b: Torkoal|White Herb\n|-clearnegativeboost|p1b: Torkoal|[silent]\n|\n|-weather|RainDance|[upkeep]\n|-heal|p1a: Umbreon|95\/100|[from] item: Leftovers\n|upkeep\n|turn|2\n|\n|t:|1697340397\n|-terastallize|p1b: Torkoal|Grass\n|move|p2a: Ludicolo|Chilling Water|p1b: Torkoal\n|-resisted|p1b: Torkoal\n|-damage|p1b: Torkoal|53\/100\n|-unboost|p1b: Torkoal|atk|1\n|move|p2b: Politoed|Psychic|p1a: Umbreon\n|-immune|p1a: Umbreon\n|move|p1a: Umbreon|Toxic|p2a: Ludicolo\n|-status|p2a: Ludicolo|tox\n|move|p1b: Torkoal|Solar Beam||[still]\n|-prepare|p1b: Torkoal|Solar Beam\n|\n|-weather|RainDance|[upkeep]\n|-heal|p1a: Umbreon|100\/100|[from] item: Leftovers\n|-damage|p2a: Ludicolo|95\/100 tox|[from] psn\n|upkeep\n|turn|3\n|\n|t:|1697340430\n|move|p2a: Ludicolo|Ice Beam|p1b: Torkoal\n|-supereffective|p1b: Torkoal\n|-damage|p1b: Torkoal|14\/100\n|move|p2b: Politoed|Earth Power|p1a: Umbreon\n|-damage|p1a: Umbreon|88\/100\n|move|p1a: Umbreon|Toxic|p2b: Politoed\n|-status|p2b: Politoed|tox\n|move|p1b: Torkoal|Solar Beam|p2b: Politoed|[from]lockedmove\n|-supereffective|p2b: Politoed\n|-damage|p2b: Politoed|28\/100 tox\n|\n|-weather|RainDance|[upkeep]\n|-heal|p2a: Ludicolo|100\/100 tox|[from] item: Leftovers\n|-heal|p1a: Umbreon|94\/100|[from] item: Leftovers\n|-damage|p2a: Ludicolo|89\/100 tox|[from] psn\n|-damage|p2b: Politoed|22\/100 tox|[from] psn\n|upkeep\n|turn|4\n|\n|t:|1697340469\n|move|p2a: Ludicolo|Ice Beam|p1b: Torkoal\n|-supereffective|p1b: Torkoal\n|-damage|p1b: Torkoal|0 fnt\n|faint|p1b: Torkoal\n|move|p2b: Politoed|Ice Beam|p1a: Umbreon\n|-damage|p1a: Umbreon|82\/100\n|move|p1a: Umbreon|Substitute|p1a: Umbreon\n|-start|p1a: Umbreon|Substitute\n|-damage|p1a: Umbreon|57\/100\n|\n|-weather|RainDance|[upkeep]\n|-heal|p2a: Ludicolo|95\/100 tox|[from] item: Leftovers\n|-heal|p1a: Umbreon|63\/100|[from] item: Leftovers\n|-damage|p2a: Ludicolo|77\/100 tox|[from] psn\n|-damage|p2b: Politoed|9\/100 tox|[from] psn\n|upkeep\n|\n|t:|1697340486\n|switch|p1b: Revavroom|Revavroom, M|100\/100\n|turn|5\n|\n|t:|1697340501\n|move|p2a: Ludicolo|Ice Beam|p1b: Revavroom\n|-resisted|p1b: Revavroom\n|-damage|p1b: Revavroom|86\/100\n|move|p2b: Politoed|Muddy Water|p1b: Revavroom|[spread] p1a,p1b\n|-activate|p1a: Umbreon|move: Substitute|[damage]\n|-damage|p1b: Revavroom|38\/100\n|-unboost|p1b: Revavroom|accuracy|1\n|move|p1b: Revavroom|Shift Gear|p1b: Revavroom\n|-boost|p1b: Revavroom|spe|2\n|-boost|p1b: Revavroom|atk|1\n|move|p1a: Umbreon|Reflect|p1a: Umbreon\n|-sidestart|p1: Bambam823|Reflect\n|\n|-weather|none\n|-heal|p2a: Ludicolo|83\/100 tox|[from] item: Leftovers\n|-heal|p1a: Umbreon|69\/100|[from] item: Leftovers\n|-damage|p2a: Ludicolo|59\/100 tox|[from] psn\n|-damage|p2b: Politoed|0 fnt|[from] psn\n|faint|p2b: Politoed\n|-sideend|p1: Bambam823|move: Light Screen\n|upkeep\n|\n|t:|1697340519\n|switch|p2b: Pelipper|Pelipper, F, shiny|100\/100\n|-weather|RainDance|[from] ability: Drizzle|[of] p2b: Pelipper\n|turn|6\n|\n|t:|1697340531\n|move|p2a: Ludicolo|Chilling Water|p1b: Revavroom\n|-damage|p1b: Revavroom|0 fnt\n|faint|p1b: Revavroom\n|move|p2b: Pelipper|U-turn|p1a: Umbreon\n|-supereffective|p1a: Umbreon\n|-end|p1a: Umbreon|Substitute\n|\n|t:|1697340538\n|switch|p2b: Barraskewda|Barraskewda, M, shiny|91\/100|[from] U-turn\n|move|p1a: Umbreon|Toxic|p2b: Barraskewda\n|-status|p2b: Barraskewda|tox\n|\n|-weather|RainDance|[upkeep]\n|-heal|p2a: Ludicolo|65\/100 tox|[from] item: Leftovers\n|-heal|p1a: Umbreon|75\/100|[from] item: Leftovers\n|-damage|p2b: Barraskewda|85\/100 tox|[from] psn\n|-damage|p2a: Ludicolo|35\/100 tox|[from] psn\n|upkeep\n|\n|t:|1697340552\n|switch|p1b: Mamoswine|Mamoswine, M, shiny|100\/100\n|turn|7\n|\n|t:|1697340576\n|move|p2b: Barraskewda|Flip Turn|p1a: Umbreon\n|-damage|p1a: Umbreon|47\/100\n|-damage|p2b: Barraskewda|75\/100 tox|[from] item: Life Orb\n|\n|t:|1697340582\n|switch|p2b: Goodra|Goodra, M, shiny|100\/100|[from] Flip Turn\n|move|p2a: Ludicolo|Giga Drain|p1b: Mamoswine\n|-supereffective|p1b: Mamoswine\n|-damage|p1b: Mamoswine|32\/100\n|-heal|p2a: Ludicolo|76\/100 tox|[from] drain|[of] p1b: Mamoswine\n|move|p1b: Mamoswine|Snowscape|p1b: Mamoswine\n|-weather|Snow\n|move|p1a: Umbreon|Light Screen|p1a: Umbreon\n|-sidestart|p1: Bambam823|move: Light Screen\n|\n|-weather|Snow|[upkeep]\n|-heal|p2a: Ludicolo|82\/100 tox|[from] item: Leftovers\n|-heal|p1a: Umbreon|53\/100|[from] item: Leftovers\n|-damage|p2a: Ludicolo|46\/100 tox|[from] psn\n|upkeep\n|turn|8\n|\n|t:|1697340607\n|move|p2a: Ludicolo|Giga Drain|p1b: Mamoswine\n|-supereffective|p1b: Mamoswine\n|-damage|p1b: Mamoswine|0 fnt\n|-heal|p2a: Ludicolo|65\/100 tox|[from] drain|[of] p1b: Mamoswine\n|faint|p1b: Mamoswine\n|move|p2b: Goodra|Thunderbolt|p1a: Umbreon\n|-damage|p1a: Umbreon|39\/100\n|move|p1a: Umbreon|Toxic|p2b: Goodra\n|-status|p2b: Goodra|tox\n|\n|-weather|Snow|[upkeep]\n|-heal|p2a: Ludicolo|71\/100 tox|[from] item: Leftovers\n|-heal|p1a: Umbreon|45\/100|[from] item: Leftovers\n|-damage|p2a: Ludicolo|29\/100 tox|[from] psn\n|-damage|p2b: Goodra|94\/100 tox|[from] psn\n|upkeep\n|\n|t:|1697340622\n|switch|p1b: Ribombee|Ribombee, F, shiny|100\/100\n|turn|9\n|\n|t:|1697340639\n|-terastallize|p2b: Goodra|Electric\n|move|p1b: Ribombee|Bug Buzz|p2a: Ludicolo\n|-supereffective|p2a: Ludicolo\n|-damage|p2a: Ludicolo|0 fnt\n|faint|p2a: Ludicolo\n|move|p2b: Goodra|Thunderbolt|p1a: Umbreon\n|-damage|p1a: Umbreon|24\/100\n|move|p1a: Umbreon|Substitute|p1a: Umbreon\n|-fail|p1a: Umbreon|move: Substitute|[weak]\n|\n|-weather|Snow|[upkeep]\n|-heal|p1a: Umbreon|30\/100|[from] item: Leftovers\n|-damage|p2b: Goodra|82\/100 tox|[from] psn\n|-sideend|p1: Bambam823|Reflect\n|upkeep\n|\n|t:|1697340653\n|switch|p2a: Pelipper|Pelipper, F, shiny|100\/100\n|-weather|RainDance|[from] ability: Drizzle|[of] p2a: Pelipper\n|turn|10\n|\n|t:|1697340672\n|move|p1b: Ribombee|Draining Kiss|p2a: Pelipper\n|-damage|p2a: Pelipper|63\/100\n|move|p2a: Pelipper|U-turn|p1a: Umbreon\n|-supereffective|p1a: Umbreon\n|-damage|p1a: Umbreon|18\/100\n|\n|t:|1697340680\n|switch|p2a: Clefable|Clefable, M, shiny|100\/100|[from] U-turn\n|move|p2b: Goodra|Flamethrower|p1b: Ribombee\n|-supereffective|p1b: Ribombee\n|-damage|p1b: Ribombee|68\/100\n|move|p1a: Umbreon|Toxic|p2a: Clefable\n|-status|p2a: Clefable|tox\n|\n|-weather|RainDance|[upkeep]\n|-activate|p2b: Goodra|ability: Hydration\n|-curestatus|p2b: Goodra|tox|[msg]\n|-heal|p1a: Umbreon|24\/100|[from] item: Leftovers\n|upkeep\n|turn|11\n|\n|t:|1697340719\n|move|p1b: Ribombee|Dazzling Gleam|p2b: Goodra|[spread] p2a,p2b\n|-damage|p2a: Clefable|76\/100 tox\n|-damage|p2b: Goodra|70\/100\n|move|p2b: Goodra|Blizzard|p1a: Umbreon|[spread] p1b\n|-miss|p2b: Goodra|p1a: Umbreon\n|-damage|p1b: Ribombee|33\/100\n|move|p1a: Umbreon|Toxic|p2b: Goodra\n|-status|p2b: Goodra|tox\n|move|p2a: Clefable|Dazzling Gleam|p1a: Umbreon|[spread] p1a,p1b\n|-supereffective|p1a: Umbreon\n|-damage|p1a: Umbreon|0 fnt\n|-damage|p1b: Ribombee|0 fnt\n|faint|p1a: Umbreon\n|faint|p1b: Ribombee\n|\n|-weather|RainDance|[upkeep]\n|-activate|p2b: Goodra|ability: Hydration\n|-curestatus|p2b: Goodra|tox|[msg]\n|-sideend|p1: Bambam823|move: Light Screen\n|upkeep\n|\n|t:|1697340739\n|switch|p1a: Lance|Dragonite, M, shiny|100\/100\n|turn|12\n|\n|t:|1697340746\n|move|p1a: Lance|Dragon Dance|p1a: Lance\n|-boost|p1a: Lance|atk|1\n|-boost|p1a: Lance|spe|1\n|move|p2b: Goodra|Dragon Pulse|p1a: Lance\n|-supereffective|p1a: Lance\n|-damage|p1a: Lance|59\/100\n|move|p2a: Clefable|Dazzling Gleam|p1a: Lance\n|-supereffective|p1a: Lance\n|-damage|p1a: Lance|0 fnt\n|faint|p1a: Lance\n|\n|win|Shinra92\n|raw|Bambam823's rating: 1000 &rarr; <strong>1000<\/strong><br \/>(+0 for losing)\n|raw|Shinra92's rating: 1023 &rarr; <strong>1057<\/strong><br \/>(+34 for winning)\n|l|\u2606Bambam823\n","uploadtime":1697340800,"views":20,"p1id":"bambam823","p2id":"shinra92","formatid":"gen9doublesou","rating":1000,"private":0,"password":""}