{"id":"gen9doublesou-1979383989","p1":"Red_Maple_tree","p2":"SpectralIpaxor","format":"[Gen 9] Doubles OU","log":"|j|\u2606Red_Maple_tree\n|j|\u2606SpectralIpaxor\n|t:|1698678402\n|gametype|doubles\n|player|p1|Red_Maple_tree|swimmerf2-gen7|1160\n|player|p2|SpectralIpaxor|ingo-hisui|1225\n|teamsize|p1|6\n|teamsize|p2|6\n|gen|9\n|tier|[Gen 9] Doubles OU\n|rated|\n|rule|Species Clause: Limit one of each Pok\u00e9mon\n|rule|OHKO Clause: OHKO moves are banned\n|rule|Evasion Moves Clause: Evasion moves are banned\n|rule|Gravity Sleep Clause: The combination of sleep-inducing moves with imperfect accuracy and Gravity or Gigantamax Orbeetle are banned\n|rule|Endless Battle Clause: Forcing endless battles is banned\n|rule|HP Percentage Mod: HP is shown in percentages\n|clearpoke\n|poke|p1|Ambipom, F|\n|poke|p1|Aipom, M|\n|poke|p1|Rillaboom, M|\n|poke|p1|Munkidori, M|\n|poke|p1|Infernape, F|\n|poke|p1|Oranguru, M|\n|poke|p2|Gallade, M|\n|poke|p2|Conkeldurr, M|\n|poke|p2|Medicham, F|\n|poke|p2|Iron Hands|\n|poke|p2|Chesnaught, M|\n|poke|p2|Okidogi, M|\n|teampreview\n|inactive|Battle timer is ON: inactive players will automatically lose when time's up. (requested by SpectralIpaxor)\n|\n|t:|1698678410\n|start\n|switch|p1a: Ambipom|Ambipom, F|100\/100\n|switch|p1b: Aipom|Aipom, M|100\/100\n|switch|p2a: Yoga|Medicham, F|100\/100\n|switch|p2b: Pillar|Conkeldurr, M|100\/100\n|turn|1\n|\n|t:|1698678423\n|move|p1a: Ambipom|Fake Out|p2a: Yoga\n|-crit|p2a: Yoga\n|-damage|p2a: Yoga|63\/100\n|move|p1b: Aipom|Fake Out|p2b: Pillar\n|-damage|p2b: Pillar|88\/100\n|cant|p2a: Yoga|flinch\n|cant|p2b: Pillar|flinch\n|\n|upkeep\n|turn|2\n|\n|t:|1698678448\n|move|p1a: Ambipom|Fling|p2a: Yoga\n|-damage|p2a: Yoga|51\/100\n|-enditem|p1a: Ambipom|Razor Fang|[from] move: Fling\n|move|p1b: Aipom|Fling|p2b: Pillar\n|-resisted|p2b: Pillar\n|-damage|p2b: Pillar|85\/100\n|-enditem|p1b: Aipom|King's Rock|[from] move: Fling\n|cant|p2a: Yoga|flinch\n|cant|p2b: Pillar|flinch\n|\n|-item|p1a: Ambipom|King's Rock|[from] ability: Pickup\n|-item|p1b: Aipom|Razor Fang|[from] ability: Pickup\n|upkeep\n|turn|3\n|\n|t:|1698678464\n|move|p1a: Ambipom|Fling|p2a: Yoga\n|-damage|p2a: Yoga|39\/100\n|-enditem|p1a: Ambipom|King's Rock|[from] move: Fling\n|move|p1b: Aipom|Fling|p2b: Pillar\n|-resisted|p2b: Pillar\n|-damage|p2b: Pillar|82\/100\n|-enditem|p1b: Aipom|Razor Fang|[from] move: Fling\n|cant|p2a: Yoga|flinch\n|cant|p2b: Pillar|flinch\n|\n|-item|p1a: Ambipom|Razor Fang|[from] ability: Pickup\n|-item|p1b: Aipom|King's Rock|[from] ability: Pickup\n|upkeep\n|turn|4\n|c|\u2606SpectralIpaxor|this is just a flnch team\n|\n|t:|1698678491\n|move|p2a: Yoga|Bullet Punch|p1b: Aipom\n|-damage|p1b: Aipom|61\/100\n|move|p1a: Ambipom|Fling|p2a: Yoga\n|-damage|p2a: Yoga|28\/100\n|-enditem|p1a: Ambipom|Razor Fang|[from] move: Fling\n|move|p1b: Aipom|Fling|p2b: Pillar\n|-resisted|p2b: Pillar\n|-damage|p2b: Pillar|79\/100\n|-enditem|p1b: Aipom|King's Rock|[from] move: Fling\n|cant|p2b: Pillar|flinch\n|\n|-item|p1a: Ambipom|King's Rock|[from] ability: Pickup\n|-item|p1b: Aipom|Razor Fang|[from] ability: Pickup\n|upkeep\n|turn|5\n|\n|t:|1698678510\n|move|p1a: Ambipom|Protect|p1a: Ambipom\n|-singleturn|p1a: Ambipom|Protect\n|move|p1b: Aipom|Protect|p1b: Aipom\n|-singleturn|p1b: Aipom|Protect\n|move|p2a: Yoga|Bullet Punch|p1b: Aipom\n|-activate|p1b: Aipom|move: Protect\n|move|p2b: Pillar|Drain Punch|p1a: Ambipom\n|-activate|p1a: Ambipom|move: Protect\n|\n|upkeep\n|turn|6\n|\n|t:|1698678532\n|move|p2a: Yoga|Bullet Punch|p1b: Aipom\n|-damage|p1b: Aipom|17\/100\n|move|p1a: Ambipom|Fling|p2a: Yoga\n|-damage|p2a: Yoga|15\/100\n|-enditem|p1a: Ambipom|King's Rock|[from] move: Fling\n|move|p1b: Aipom|Fling|p2b: Pillar\n|-resisted|p2b: Pillar\n|-damage|p2b: Pillar|77\/100\n|-enditem|p1b: Aipom|Razor Fang|[from] move: Fling\n|cant|p2b: Pillar|flinch\n|\n|-item|p1a: Ambipom|Razor Fang|[from] ability: Pickup\n|-item|p1b: Aipom|King's Rock|[from] ability: Pickup\n|upkeep\n|turn|7\n|\n|t:|1698678554\n|move|p1b: Aipom|Protect|p1b: Aipom\n|-singleturn|p1b: Aipom|Protect\n|move|p2a: Yoga|Bullet Punch|p1b: Aipom\n|-activate|p1b: Aipom|move: Protect\n|move|p1a: Ambipom|Fling|p2a: Yoga\n|-damage|p2a: Yoga|3\/100\n|-enditem|p1a: Ambipom|Razor Fang|[from] move: Fling\n|move|p2b: Pillar|Drain Punch|p1a: Ambipom\n|-supereffective|p1a: Ambipom\n|-damage|p1a: Ambipom|0 fnt\n|-heal|p2b: Pillar|100\/100|[from] drain|[of] p1a: Ambipom\n|faint|p1a: Ambipom\n|\n|upkeep\n|\n|t:|1698678566\n|switch|p1a: Munkidori|Munkidori, M|100\/100\n|turn|8\n|\n|t:|1698678573\n|move|p1a: Munkidori|Fake Out|p2b: Pillar\n|-damage|p2b: Pillar|94\/100\n|move|p2a: Yoga|Bullet Punch|p1b: Aipom\n|-damage|p1b: Aipom|0 fnt\n|faint|p1b: Aipom\n|cant|p2b: Pillar|flinch\n|\n|upkeep\n|\n|t:|1698678581\n|switch|p1b: Infernape|Infernape, F|100\/100\n|turn|9\n|\n|t:|1698678591\n|move|p1b: Infernape|Fake Out|p2a: Yoga\n|-damage|p2a: Yoga|0 fnt\n|faint|p2a: Yoga\n|move|p1a: Munkidori|Psychic|p2b: Pillar\n|-supereffective|p2b: Pillar\n|-damage|p2b: Pillar|0 fnt\n|faint|p2b: Pillar\n|\n|upkeep\n|\n|t:|1698678598\n|switch|p2a: Huge Hands Hans|Iron Hands|100\/100\n|switch|p2b: Guardian|Chesnaught, M, shiny|100\/100\n|-enditem|p2a: Huge Hands Hans|Booster Energy\n|-activate|p2a: Huge Hands Hans|ability: Quark Drive|[fromitem]\n|-start|p2a: Huge Hands Hans|quarkdriveatk\n|turn|10\n|\n|t:|1698678622\n|move|p2a: Huge Hands Hans|Fake Out|p1b: Infernape\n|-damage|p1b: Infernape|67\/100\n|cant|p1b: Infernape|flinch\n|move|p1a: Munkidori|Psychic|p2a: Huge Hands Hans\n|-supereffective|p2a: Huge Hands Hans\n|-damage|p2a: Huge Hands Hans|34\/100\n|-unboost|p2a: Huge Hands Hans|spd|1\n|-status|p2a: Huge Hands Hans|tox|[from] ability: Toxic Chain|[of] p1a: Munkidori\n|move|p2b: Guardian|Leech Seed|p1a: Munkidori\n|-start|p1a: Munkidori|move: Leech Seed\n|\n|-damage|p1a: Munkidori|88\/100|[from] Leech Seed|[of] p2b: Guardian\n|-damage|p2a: Huge Hands Hans|28\/100 tox|[from] psn\n|upkeep\n|turn|11\n|\n|t:|1698678638\n|move|p1b: Infernape|Fire Punch|p2a: Huge Hands Hans\n|-damage|p2a: Huge Hands Hans|0 fnt\n|faint|p2a: Huge Hands Hans\n|-end|p2a: Huge Hands Hans|Quark Drive|[silent]\n|move|p1a: Munkidori|Psychic|p2b: Guardian\n|-supereffective|p2b: Guardian\n|-damage|p2b: Guardian|0 fnt\n|faint|p2b: Guardian\n|\n|upkeep\n|\n|t:|1698678641\n|switch|p2b: Punish|Okidogi, M|100\/100\n|switch|p2a: Drizzt|Gallade, M, shiny|100\/100\n|turn|12\n|\n|t:|1698678658\n|move|p1b: Infernape|Fire Punch|p2a: Drizzt\n|-damage|p2a: Drizzt|39\/100\n|move|p1a: Munkidori|Shadow Ball|p2a: Drizzt\n|-supereffective|p2a: Drizzt\n|-damage|p2a: Drizzt|0 fnt\n|faint|p2a: Drizzt\n|move|p2b: Punish|Knock Off|p1a: Munkidori\n|-supereffective|p1a: Munkidori\n|-crit|p1a: Munkidori\n|-damage|p1a: Munkidori|0 fnt\n|-enditem|p1a: Munkidori|Assault Vest|[from] move: Knock Off|[of] p2b: Punish\n|faint|p1a: Munkidori\n|\n|upkeep\n|\n|t:|1698678668\n|switch|p1a: Rillaboom|Rillaboom, M|100\/100\n|-fieldstart|move: Grassy Terrain|[from] ability: Grassy Surge|[of] p1a: Rillaboom\n|turn|13\n|\n|t:|1698678675\n|move|p1a: Rillaboom|Fake Out|p2b: Punish\n|-damage|p2b: Punish|86\/100\n|move|p1b: Infernape|Fire Punch|p2b: Punish\n|-damage|p2b: Punish|44\/100\n|cant|p2b: Punish|flinch\n|\n|-heal|p1b: Infernape|74\/100|[from] Grassy Terrain\n|-heal|p2b: Punish|50\/100|[from] Grassy Terrain\n|upkeep\n|turn|14\n|\n|t:|1698678689\n|-terastallize|p2b: Punish|Fire\n|move|p1b: Infernape|Fire Punch|p2b: Punish\n|-resisted|p2b: Punish\n|-damage|p2b: Punish|29\/100\n|move|p1a: Rillaboom|High Horsepower|p2b: Punish\n|-supereffective|p2b: Punish\n|-damage|p2b: Punish|0 fnt\n|faint|p2b: Punish\n|\n|win|Red_Maple_tree\n|raw|Red_Maple_tree's rating: 1160 &rarr; <strong>1190<\/strong><br \/>(+30 for winning)\n|raw|SpectralIpaxor's rating: 1225 &rarr; <strong>1195<\/strong><br \/>(-30 for losing)\n|l|\u2606SpectralIpaxor\n","uploadtime":1698678710,"views":18,"p1id":"redmapletree","p2id":"spectralipaxor","formatid":"gen9doublesou","rating":1190,"private":0,"password":""}