{"id":"gen9doublesou-1969795480","p1":"WitMonster","p2":"Ultra Shinox","format":"[Gen 9] Doubles OU","log":"|j|\u2606WitMonster\n|j|\u2606Ultra Shinox\n|t:|1697565996\n|gametype|doubles\n|player|p1|WitMonster|pokefanf|1118\n|player|p2|Ultra Shinox|blaine|1109\n|teamsize|p1|6\n|teamsize|p2|6\n|gen|9\n|tier|[Gen 9] Doubles OU\n|rated|\n|rule|Species Clause: Limit one of each Pok\u00e9mon\n|rule|OHKO Clause: OHKO moves are banned\n|rule|Evasion Moves Clause: Evasion moves are banned\n|rule|Gravity Sleep Clause: The combination of sleep-inducing moves with imperfect accuracy and Gravity or Gigantamax Orbeetle are banned\n|rule|Endless Battle Clause: Forcing endless battles is banned\n|rule|HP Percentage Mod: HP is shown in percentages\n|clearpoke\n|poke|p1|Ninetales-Alola, F|\n|poke|p1|Chimecho, F|\n|poke|p1|Torterra, M|\n|poke|p1|Noctowl, M|\n|poke|p1|Arbok, F|\n|poke|p1|Illumise, F|\n|poke|p2|Sinistcha|\n|poke|p2|Amoonguss, F|\n|poke|p2|Fezandipiti, M|\n|poke|p2|Palafin, M|\n|poke|p2|Basculegion, M|\n|poke|p2|Ursaluna-Bloodmoon, M|\n|teampreview\n|inactive|Battle timer is ON: inactive players will automatically lose when time's up. (requested by Ultra Shinox)\n|\n|t:|1697566020\n|start\n|switch|p1a: Ninetales|Ninetales-Alola, F|100\/100\n|switch|p1b: Illumise|Illumise, F|100\/100\n|switch|p2a: Fezandipiti|Fezandipiti, M|100\/100\n|switch|p2b: Palafin|Palafin, M|100\/100\n|-weather|Snow|[from] ability: Snow Warning|[of] p1a: Ninetales\n|turn|1\n|\n|t:|1697566042\n|detailschange|p2b: Palafin|Palafin-Hero, M\n|switch|p2b: Basculegion|Basculegion, M|100\/100\n|move|p1b: Illumise|Thunder Wave|p2a: Fezandipiti\n|-status|p2a: Fezandipiti|par\n|move|p1a: Ninetales|Aurora Veil|p1a: Ninetales\n|-sidestart|p1: WitMonster|move: Aurora Veil\n|move|p2a: Fezandipiti|Tailwind|p2a: Fezandipiti\n|-sidestart|p2: Ultra Shinox|move: Tailwind\n|\n|-weather|Snow|[upkeep]\n|upkeep\n|turn|2\n|\n|t:|1697566066\n|switch|p2b: Ursaluna|Ursaluna-Bloodmoon, M|100\/100\n|-terastallize|p1a: Ninetales|Ice\n|move|p1b: Illumise|Tailwind|p1b: Illumise\n|-sidestart|p1: WitMonster|move: Tailwind\n|move|p1a: Ninetales|Blizzard|p2a: Fezandipiti|[spread] p2a,p2b\n|-supereffective|p2b: Ursaluna\n|-damage|p2a: Fezandipiti|63\/100 par\n|-damage|p2b: Ursaluna|1\/100\n|-status|p2b: Ursaluna|frz\n|cant|p2a: Fezandipiti|par\n|\n|-weather|Snow|[upkeep]\n|-heal|p2a: Fezandipiti|69\/100 par|[from] item: Leftovers\n|-heal|p2b: Ursaluna|7\/100 frz|[from] item: Leftovers\n|upkeep\n|turn|3\n|\n|t:|1697566095\n|switch|p2a: Palafin|Palafin-Hero, M|100\/100\n|-activate|p2a: Palafin|ability: Zero to Hero\n|switch|p2b: Basculegion|Basculegion, M|100\/100\n|move|p1a: Ninetales|Blizzard|p2a: Palafin|[spread] p2a,p2b\n|-resisted|p2a: Palafin\n|-resisted|p2b: Basculegion\n|-damage|p2a: Palafin|76\/100\n|-damage|p2b: Basculegion|77\/100\n|move|p1b: Illumise|Bug Buzz|p2a: Palafin\n|-damage|p2a: Palafin|37\/100\n|\n|-weather|Snow|[upkeep]\n|upkeep\n|turn|4\n|\n|t:|1697566118\n|move|p1b: Illumise|Thunder Wave|p2b: Basculegion\n|-status|p2b: Basculegion|par\n|move|p1a: Ninetales|Blizzard|p2a: Palafin|[spread] p2a,p2b\n|-resisted|p2a: Palafin\n|-resisted|p2b: Basculegion\n|-crit|p2b: Basculegion\n|-damage|p2a: Palafin|15\/100\n|-damage|p2b: Basculegion|44\/100 par\n|move|p2a: Palafin|Close Combat|p1a: Ninetales\n|-supereffective|p1a: Ninetales\n|-damage|p1a: Ninetales|0 fnt\n|-unboost|p2a: Palafin|def|1\n|-unboost|p2a: Palafin|spd|1\n|faint|p1a: Ninetales\n|cant|p2b: Basculegion|par\n|\n|-weather|Snow|[upkeep]\n|-sideend|p2: Ultra Shinox|move: Tailwind\n|upkeep\n|\n|t:|1697566133\n|switch|p1a: Arbok|Arbok, F|100\/100\n|-ability|p1a: Arbok|Intimidate|boost\n|-unboost|p2a: Palafin|atk|1\n|-unboost|p2b: Basculegion|atk|1\n|turn|5\n|\n|t:|1697566151\n|switch|p2a: Ursaluna|Ursaluna-Bloodmoon, M|7\/100 frz\n|switch|p2b: Amoonguss|Amoonguss, F|100\/100\n|move|p1b: Illumise|Bug Buzz|p2a: Ursaluna\n|-damage|p2a: Ursaluna|0 fnt\n|faint|p2a: Ursaluna\n|move|p1a: Arbok|Toxic Spikes|p2b: Amoonguss\n|-sidestart|p2: Ultra Shinox|move: Toxic Spikes\n|\n|-weather|Snow|[upkeep]\n|-sideend|p1: WitMonster|move: Tailwind\n|-sideend|p1: WitMonster|move: Aurora Veil\n|upkeep\n|\n|t:|1697566159\n|switch|p2a: Fezandipiti|Fezandipiti, M|69\/100 par\n|-sideend|p2: Ultra Shinox|move: Toxic Spikes|[of] p2a: Fezandipiti\n|turn|6\n|\n|t:|1697566178\n|move|p1b: Illumise|Tailwind|p1b: Illumise\n|-sidestart|p1: WitMonster|move: Tailwind\n|move|p1a: Arbok|Psychic Fangs|p2a: Fezandipiti\n|-supereffective|p2a: Fezandipiti\n|-damage|p2a: Fezandipiti|0 fnt\n|faint|p2a: Fezandipiti\n|move|p2b: Amoonguss|Spore|p1a: Arbok\n|-status|p1a: Arbok|slp|[from] move: Spore\n|\n|-weather|Snow|[upkeep]\n|upkeep\n|\n|t:|1697566191\n|switch|p2a: Palafin|Palafin-Hero, M|15\/100\n|turn|7\n|\n|t:|1697566207\n|switch|p1a: Chimecho|Chimecho, F|100\/100\n|-terastallize|p2a: Palafin|Water\n|move|p2a: Palafin|Jet Punch|p1b: Illumise\n|-damage|p1b: Illumise|0 fnt\n|faint|p1b: Illumise\n|move|p2b: Amoonguss|Pollen Puff|p2a: Palafin\n|-heal|p2a: Palafin|65\/100\n|\n|-weather|Snow|[upkeep]\n|upkeep\n|\n|t:|1697566225\n|switch|p1b: Torterra|Torterra, M|100\/100\n|turn|8\n|\n|t:|1697566240\n|switch|p2a: Sinistcha|Sinistcha|100\/100\n|move|p1a: Chimecho|Energy Ball|p2a: Sinistcha\n|-resisted|p2a: Sinistcha\n|-damage|p2a: Sinistcha|85\/100\n|move|p1b: Torterra|Leech Seed|p2a: Sinistcha\n|-immune|p2a: Sinistcha\n|move|p2b: Amoonguss|Spore|p1a: Chimecho\n|-status|p1a: Chimecho|slp|[from] move: Spore\n|\n|-weather|none\n|-heal|p2a: Sinistcha|91\/100|[from] item: Leftovers\n|upkeep\n|turn|9\n|\n|t:|1697566264\n|switch|p1b: Noctowl|Noctowl, M|100\/100\n|cant|p1a: Chimecho|slp\n|move|p2a: Sinistcha|Matcha Gotcha|p1b: Noctowl|[spread] p1a,p1b\n|-resisted|p1b: Noctowl\n|-damage|p1a: Chimecho|84\/100 slp\n|-heal|p2a: Sinistcha|99\/100|[from] drain|[of] p1a: Chimecho\n|-damage|p1b: Noctowl|89\/100\n|-heal|p2a: Sinistcha|100\/100|[from] drain|[of] p1b: Noctowl\n|-status|p1b: Noctowl|brn\n|-enditem|p1b: Noctowl|Red Card|[of] p2a: Sinistcha\n|drag|p2a: Palafin|Palafin-Hero, M, tera:Water|65\/100\n|move|p2b: Amoonguss|Pollen Puff|p1b: Noctowl\n|-resisted|p1b: Noctowl\n|-damage|p1b: Noctowl|82\/100 brn\n|\n|-damage|p1b: Noctowl|76\/100 brn|[from] brn\n|-sideend|p1: WitMonster|move: Tailwind\n|upkeep\n|turn|10\n|\n|t:|1697566290\n|move|p2a: Palafin|Jet Punch|p1b: Noctowl\n|-damage|p1b: Noctowl|0 fnt\n|faint|p1b: Noctowl\n|cant|p1a: Chimecho|slp\n|move|p2b: Amoonguss|Pollen Puff|p2a: Palafin\n|-heal|p2a: Palafin|100\/100\n|\n|upkeep\n|\n|t:|1697566298\n|switch|p1b: Arbok|Arbok, F|100\/100 slp\n|-ability|p1b: Arbok|Intimidate|boost\n|-unboost|p2a: Palafin|atk|1\n|-unboost|p2b: Amoonguss|atk|1\n|turn|11\n|\n|t:|1697566311\n|move|p2a: Palafin|Jet Punch|p1b: Arbok\n|-damage|p1b: Arbok|16\/100 slp\n|cant|p1b: Arbok|slp\n|cant|p1a: Chimecho|slp\n|move|p2b: Amoonguss|Pollen Puff|p1a: Chimecho\n|-supereffective|p1a: Chimecho\n|-damage|p1a: Chimecho|56\/100 slp\n|\n|upkeep\n|turn|12\n|\n|t:|1697566325\n|move|p2a: Palafin|Jet Punch|p1a: Chimecho\n|-damage|p1a: Chimecho|0 fnt\n|faint|p1a: Chimecho\n|cant|p1b: Arbok|slp\n|move|p2b: Amoonguss|Pollen Puff|p1b: Arbok\n|-resisted|p1b: Arbok\n|-damage|p1b: Arbok|2\/100 slp\n|\n|upkeep\n|\n|t:|1697566333\n|switch|p1a: Torterra|Torterra, M|100\/100\n|turn|13\n|\n|t:|1697566343\n|switch|p2a: Sinistcha|Sinistcha|100\/100\n|-curestatus|p1b: Arbok|slp|[msg]\n|move|p1b: Arbok|Toxic Spikes|p2a: Sinistcha\n|-sidestart|p2: Ultra Shinox|move: Toxic Spikes\n|move|p1a: Torterra|Leech Seed|p2a: Sinistcha\n|-immune|p2a: Sinistcha\n|move|p2b: Amoonguss|Clear Smog|p1b: Arbok\n|-resisted|p1b: Arbok\n|-damage|p1b: Arbok|0 fnt\n|-clearboost|p1b: Arbok\n|faint|p1b: Arbok\n|\n|upkeep\n|turn|14\n|\n|t:|1697566369\n|switch|p2b: Palafin|Palafin-Hero, M, tera:Water|100\/100\n|-status|p2b: Palafin|psn\n|move|p2a: Sinistcha|Rage Powder|p2a: Sinistcha\n|-singleturn|p2a: Sinistcha|move: Rage Powder\n|move|p1a: Torterra|Headlong Rush|p2b: Palafin\n|-damage|p2b: Palafin|42\/100 psn\n|-unboost|p1a: Torterra|def|1\n|-unboost|p1a: Torterra|spd|1\n|\n|-damage|p2b: Palafin|30\/100 psn|[from] psn\n|upkeep\n|turn|15\n|\n|t:|1697566387\n|move|p2a: Sinistcha|Rage Powder|p2a: Sinistcha\n|-singleturn|p2a: Sinistcha|move: Rage Powder\n|move|p2b: Palafin|Close Combat|p1a: Torterra\n|-damage|p1a: Torterra|7\/100\n|-unboost|p2b: Palafin|def|1\n|-unboost|p2b: Palafin|spd|1\n|move|p1a: Torterra|Seed Bomb|p2b: Palafin\n|-supereffective|p2b: Palafin\n|-damage|p2b: Palafin|0 fnt\n|faint|p2b: Palafin\n|\n|upkeep\n|c|\u2606Ultra Shinox|Bro how\n|inactive|Ultra Shinox has 120 seconds left.\n|c|\u2606WitMonster|No idea\n|c|\u2606Ultra Shinox|Gotta love bugs lol\n|\n|t:|1697566431\n|switch|p2b: Basculegion|Basculegion, M|44\/100 par\n|turn|16\n|inactive|Ultra Shinox has 120 seconds left.\n|\n|t:|1697566437\n|cant|p2b: Basculegion|par\n|move|p2a: Sinistcha|Life Dew||[still]|[spread] p2a,p2b\n|-fail|p2a: Sinistcha|heal\n|-heal|p2b: Basculegion|69\/100 par\n|move|p1a: Torterra|Seed Bomb|p2b: Basculegion\n|-supereffective|p2b: Basculegion\n|-damage|p2b: Basculegion|0 fnt\n|faint|p2b: Basculegion\n|\n|upkeep\n|\n|t:|1697566440\n|switch|p2b: Amoonguss|Amoonguss, F|100\/100\n|-sideend|p2: Ultra Shinox|move: Toxic Spikes|[of] p2b: Amoonguss\n|turn|17\n|\n|t:|1697566449\n|move|p2a: Sinistcha|Strength Sap|p1a: Torterra\n|-unboost|p1a: Torterra|atk|1\n|move|p1a: Torterra|Headlong Rush|p2b: Amoonguss\n|-damage|p2b: Amoonguss|68\/100\n|-unboost|p1a: Torterra|def|1\n|-unboost|p1a: Torterra|spd|1\n|move|p2b: Amoonguss|Pollen Puff|p1a: Torterra\n|-supereffective|p1a: Torterra\n|-damage|p1a: Torterra|0 fnt\n|faint|p1a: Torterra\n|\n|win|Ultra Shinox\n|raw|WitMonster's rating: 1118 &rarr; <strong>1092<\/strong><br \/>(-26 for losing)\n|raw|Ultra Shinox's rating: 1109 &rarr; <strong>1135<\/strong><br \/>(+26 for winning)\n|c|\u2606Ultra Shinox|Gg\n|l|\u2606WitMonster\n","uploadtime":1697566476,"views":7,"p1id":"witmonster","p2id":"ultrashinox","formatid":"gen9doublesou","rating":1092,"private":0,"password":""}