{"id":"gen9doublesou-1987305289","p1":"rollroll123","p2":"Im dumb srly","format":"[Gen 9] Doubles OU","log":"|j|\u2606rollroll123\n|j|\u2606Im dumb srly\n|inactive|Battle timer is ON: inactive players will automatically lose when time's up.\n|t:|1699575436\n|gametype|doubles\n|player|p1|rollroll123|101|\n|player|p2|Im dumb srly|cheryl|\n|teamsize|p1|6\n|teamsize|p2|6\n|gen|9\n|tier|[Gen 9] Doubles OU\n|rated|Tournament battle\n|rule|Species Clause: Limit one of each Pok\u00e9mon\n|rule|OHKO Clause: OHKO moves are banned\n|rule|Evasion Moves Clause: Evasion moves are banned\n|rule|Gravity Sleep Clause: The combination of sleep-inducing moves with imperfect accuracy and Gravity or Gigantamax Orbeetle are banned\n|rule|Endless Battle Clause: Forcing endless battles is banned\n|rule|HP Percentage Mod: HP is shown in percentages\n|clearpoke\n|poke|p1|Stantler, M|\n|poke|p1|Raboot, M|\n|poke|p1|Qwilfish-Hisui, F|\n|poke|p1|Crabrawler, M|\n|poke|p1|Hatenna, F|\n|poke|p1|Grimer-Alola, F|\n|poke|p2|Rillaboom, M|\n|poke|p2|Mienshao, F|\n|poke|p2|Cleffa, M|\n|poke|p2|Murkrow, F|\n|poke|p2|Mareanie, F|\n|poke|p2|Slakoth, M|\n|teampreview\n|j|*Lady Monita \u263d\n|inactive|rollroll123 also wants the timer to be on.\n|\n|t:|1699575450\n|start\n|switch|p1a: Stantler|Stantler, M|100\/100\n|switch|p1b: Hatenna|Hatenna, F|100\/100\n|switch|p2a: Slakoth|Slakoth, M|100\/100\n|switch|p2b: Mareanie|Mareanie, F|100\/100\n|-ability|p1a: Stantler|Intimidate|boost\n|-unboost|p2a: Slakoth|atk|1\n|-unboost|p2b: Mareanie|atk|1\n|turn|1\n|j| Nitrobinet\n|\n|t:|1699575469\n|move|p1a: Stantler|Earth Power|p2b: Mareanie\n|-supereffective|p2b: Mareanie\n|-damage|p2b: Mareanie|50\/100\n|move|p2b: Mareanie|Toxic Spikes|p1b: Hatenna\n|move|p1b: Hatenna|Toxic Spikes|p2b: Mareanie|[from]ability: Magic Bounce\n|-sidestart|p2: Im dumb srly|move: Toxic Spikes\n|move|p1b: Hatenna|Nuzzle|p2a: Slakoth\n|-damage|p2a: Slakoth|98\/100\n|-status|p2a: Slakoth|par\n|cant|p2a: Slakoth|par\n|\n|upkeep\n|turn|2\n|j| squirrel9168\n|l| Nitrobinet\n|j| E4Everyone\n|\n|t:|1699575486\n|switch|p2b: Murkrow|Murkrow, F|100\/100\n|move|p1a: Stantler|Earth Power|p2b: Murkrow\n|-immune|p2b: Murkrow\n|move|p1b: Hatenna|Mystical Fire|p2a: Slakoth\n|-damage|p2a: Slakoth|81\/100 par\n|-unboost|p2a: Slakoth|spa|1\n|cant|p2a: Slakoth|ability: Truant\n|\n|upkeep\n|turn|3\n|\n|t:|1699575497\n|move|p2b: Murkrow|Tailwind|p2b: Murkrow\n|-sidestart|p2: Im dumb srly|move: Tailwind\n|move|p1a: Stantler|Tera Blast|p2b: Murkrow\n|-damage|p2b: Murkrow|25\/100\n|move|p1b: Hatenna|Nuzzle|p2b: Murkrow\n|-supereffective|p2b: Murkrow\n|-damage|p2b: Murkrow|17\/100\n|-status|p2b: Murkrow|par\n|move|p2a: Slakoth|Yawn|p1a: Stantler\n|-start|p1a: Stantler|move: Yawn|[of] p2a: Slakoth\n|\n|upkeep\n|turn|4\n|\n|t:|1699575511\n|switch|p2b: Mareanie|Mareanie, F|84\/100\n|-sideend|p2: Im dumb srly|move: Toxic Spikes|[of] p2b: Mareanie\n|switch|p1a: Grimer|Grimer-Alola, F|100\/100\n|move|p1b: Hatenna|Nuzzle|p2b: Mareanie\n|-supereffective|p2b: Mareanie\n|-damage|p2b: Mareanie|80\/100\n|-status|p2b: Mareanie|par\n|cant|p2a: Slakoth|ability: Truant\n|\n|upkeep\n|turn|5\n|l| squirrel9168\n|\n|t:|1699575528\n|move|p2b: Mareanie|Toxic|p1b: Hatenna\n|move|p1b: Hatenna|Toxic||[from]ability: Magic Bounce|[still]\n|-fail|p1b: Hatenna\n|move|p1b: Hatenna|Mystical Fire|p2b: Mareanie\n|-resisted|p2b: Mareanie\n|-damage|p2b: Mareanie|75\/100 par\n|-unboost|p2b: Mareanie|spa|1\n|cant|p2a: Slakoth|par\n|move|p1a: Grimer|Knock Off|p2b: Mareanie\n|-damage|p2b: Mareanie|48\/100 par\n|-enditem|p2b: Mareanie|Eviolite|[from] move: Knock Off|[of] p1a: Grimer\n|\n|upkeep\n|turn|6\n|j| StanleyClean\n|j| Moonorj\n|\n|t:|1699575547\n|switch|p2b: Murkrow|Murkrow, F|17\/100 par\n|switch|p1a: Stantler|Stantler, M|100\/100\n|-ability|p1a: Stantler|Intimidate|boost\n|-unboost|p2a: Slakoth|atk|1\n|-unboost|p2b: Murkrow|atk|1\n|move|p1b: Hatenna|Nuzzle|p2a: Slakoth\n|-damage|p2a: Slakoth|79\/100 par\n|cant|p2a: Slakoth|ability: Truant\n|\n|-sideend|p2: Im dumb srly|move: Tailwind\n|upkeep\n|turn|7\n|\n|t:|1699575567\n|move|p2b: Murkrow|Tailwind|p2b: Murkrow\n|-sidestart|p2: Im dumb srly|move: Tailwind\n|move|p1a: Stantler|Tera Blast|p2a: Slakoth\n|-damage|p2a: Slakoth|29\/100 par\n|move|p1b: Hatenna|Mystical Fire|p2b: Murkrow\n|-damage|p2b: Murkrow|0 fnt\n|faint|p2b: Murkrow\n|cant|p2a: Slakoth|par\n|\n|upkeep\n|l| StanleyClean\n|\n|t:|1699575583\n|switch|p2b: Cleffa|Cleffa, M|100\/100\n|turn|8\n|\n|t:|1699575592\n|move|p1a: Stantler|Psyshock|p2b: Cleffa\n|-damage|p2b: Cleffa|31\/100\n|move|p2b: Cleffa|Thunder Wave|p1a: Stantler\n|-status|p1a: Stantler|par\n|move|p1b: Hatenna|Nuzzle|p2b: Cleffa\n|-damage|p2b: Cleffa|26\/100\n|-status|p2b: Cleffa|par\n|cant|p2a: Slakoth|ability: Truant\n|\n|upkeep\n|turn|9\n|\n|t:|1699575606\n|move|p1b: Hatenna|Life Dew||[still]|[still]|[spread] \n|-fail|p1a: Stantler|heal\n|-fail|p1b: Hatenna|heal\n|move|p1a: Stantler|Tera Blast|p2a: Slakoth\n|-damage|p2a: Slakoth|0 fnt\n|faint|p2a: Slakoth\n|cant|p2b: Cleffa|par\n|\n|upkeep\n|\n|t:|1699575628\n|switch|p2a: Mareanie|Mareanie, F|81\/100 par\n|turn|10\n|\n|t:|1699575642\n|move|p2a: Mareanie|Recover|p2a: Mareanie\n|-heal|p2a: Mareanie|100\/100 par\n|move|p1b: Hatenna|Nuzzle|p2b: Cleffa\n|-damage|p2b: Cleffa|21\/100 par\n|cant|p1a: Stantler|par\n|move|p2b: Cleffa|Light Screen|p2b: Cleffa\n|-sidestart|p2: Im dumb srly|move: Light Screen\n|\n|-sideend|p2: Im dumb srly|move: Tailwind\n|upkeep\n|turn|11\n|\n|t:|1699575652\n|move|p1b: Hatenna|Nuzzle|p2b: Cleffa\n|-damage|p2b: Cleffa|15\/100 par\n|move|p1a: Stantler|Psyshock|p2a: Mareanie\n|-supereffective|p2a: Mareanie\n|-damage|p2a: Mareanie|70\/100 par\n|move|p2a: Mareanie|Recover|p2a: Mareanie\n|-heal|p2a: Mareanie|100\/100 par\n|move|p2b: Cleffa|Reflect|p2b: Cleffa\n|-sidestart|p2: Im dumb srly|Reflect\n|\n|upkeep\n|turn|12\n|l| Moonorj\n|j| Moonorj\n|\n|t:|1699575681\n|switch|p2a: Mienshao|Mienshao, F, shiny|100\/100\n|move|p1b: Hatenna|Nuzzle|p2b: Cleffa\n|-damage|p2b: Cleffa|12\/100 par\n|cant|p1a: Stantler|par\n|move|p2b: Cleffa|Heal Pulse|p2a: Mienshao\n|-fail|p2a: Mienshao|heal\n|\n|upkeep\n|turn|13\n|\n|t:|1699575689\n|move|p2a: Mienshao|Fake Out|p1b: Hatenna\n|-damage|p1b: Hatenna|87\/100\n|cant|p1b: Hatenna|flinch\n|cant|p1a: Stantler|par\n|move|p2b: Cleffa|Heal Pulse|p2a: Mienshao\n|-fail|p2a: Mienshao|heal\n|\n|upkeep\n|turn|14\n|inactive|Im dumb srly has 120 seconds left.\n|j| hyroxplayz\n|inactive|Im dumb srly has 90 seconds left.\n|\n|t:|1699575754\n|move|p2a: Mienshao|Poison Jab|p1b: Hatenna\n|-damage|p1b: Hatenna|58\/100\n|move|p1b: Hatenna|Nuzzle|p2a: Mienshao\n|-damage|p2a: Mienshao|99\/100\n|-status|p2a: Mienshao|par\n|cant|p1a: Stantler|par\n|move|p2b: Cleffa|Heal Pulse|p2a: Mienshao\n|-heal|p2a: Mienshao|100\/100 par\n|\n|-sideend|p2: Im dumb srly|move: Light Screen\n|upkeep\n|turn|15\n|\n|t:|1699575764\n|move|p2a: Mienshao|Poison Jab|p1b: Hatenna\n|-damage|p1b: Hatenna|29\/100\n|move|p1b: Hatenna|Mystical Fire|p2b: Cleffa\n|-crit|p2b: Cleffa\n|-damage|p2b: Cleffa|0 fnt\n|faint|p2b: Cleffa\n|move|p1a: Stantler|Psyshock|p2a: Mienshao\n|-supereffective|p2a: Mienshao\n|-damage|p2a: Mienshao|15\/100 par\n|\n|-sideend|p2: Im dumb srly|Reflect\n|upkeep\n|\n|t:|1699575774\n|switch|p2b: Mareanie|Mareanie, F|100\/100 par\n|turn|16\n|j| Snorlaxisalpha\n|inactive|Im dumb srly has 120 seconds left.\n|\n|t:|1699575792\n|move|p2a: Mienshao|Poison Jab|p1b: Hatenna\n|-damage|p1b: Hatenna|4\/100\n|-status|p1b: Hatenna|psn\n|move|p1b: Hatenna|Mystical Fire|p2b: Mareanie\n|-resisted|p2b: Mareanie\n|-damage|p2b: Mareanie|94\/100 par\n|-unboost|p2b: Mareanie|spa|1\n|move|p1a: Stantler|Psyshock|p2a: Mienshao\n|-supereffective|p2a: Mienshao\n|-damage|p2a: Mienshao|0 fnt\n|faint|p2a: Mienshao\n|move|p2b: Mareanie|Recover|p2b: Mareanie\n|-heal|p2b: Mareanie|100\/100 par\n|\n|-damage|p1b: Hatenna|0 fnt|[from] psn\n|faint|p1b: Hatenna\n|upkeep\n|\n|t:|1699575800\n|switch|p2a: Rillaboom|Rillaboom, M, shiny|100\/100\n|switch|p1b: Qwilfish|Qwilfish-Hisui, F|100\/100\n|-fieldstart|move: Grassy Terrain|[from] ability: Grassy Surge|[of] p2a: Rillaboom\n|-ability|p1b: Qwilfish|Intimidate|boost\n|-unboost|p2a: Rillaboom|atk|1\n|-unboost|p2b: Mareanie|atk|1\n|turn|17\n|inactive|Im dumb srly has 120 seconds left.\n|\n|t:|1699575830\n|switch|p1a: Grimer|Grimer-Alola, F|100\/100\n|-terastallize|p2a: Rillaboom|Water\n|move|p2a: Rillaboom|Fake Out|p1a: Grimer\n|-damage|p1a: Grimer|85\/100\n|-damage|p2a: Rillaboom|91\/100|[from] item: Life Orb\n|move|p1b: Qwilfish|Toxic|p2a: Rillaboom\n|-status|p2a: Rillaboom|tox\n|cant|p2b: Mareanie|par\n|\n|-heal|p2a: Rillaboom|97\/100 tox|[from] Grassy Terrain\n|-heal|p1a: Grimer|91\/100|[from] Grassy Terrain\n|-damage|p2a: Rillaboom|91\/100 tox|[from] psn\n|upkeep\n|turn|18\n|\n|t:|1699575847\n|move|p2a: Rillaboom|Drain Punch|p1b: Qwilfish\n|-damage|p1b: Qwilfish|86\/100\n|-heal|p2a: Rillaboom|98\/100 tox|[from] drain|[of] p1b: Qwilfish\n|-damage|p2a: Rillaboom|88\/100 tox|[from] item: Life Orb\n|move|p1b: Qwilfish|Barb Barrage|p2a: Rillaboom\n|-damage|p2a: Rillaboom|45\/100 tox\n|move|p1a: Grimer|Knock Off|p2a: Rillaboom\n|-damage|p2a: Rillaboom|14\/100 tox\n|-enditem|p2a: Rillaboom|Life Orb|[from] move: Knock Off|[of] p1a: Grimer\n|cant|p2b: Mareanie|par\n|\n|-heal|p2a: Rillaboom|20\/100 tox|[from] Grassy Terrain\n|-heal|p1b: Qwilfish|92\/100|[from] Grassy Terrain\n|-heal|p1a: Grimer|97\/100|[from] Grassy Terrain\n|-damage|p2a: Rillaboom|8\/100 tox|[from] psn\n|upkeep\n|turn|19\n|\n|t:|1699575865\n|move|p1a: Grimer|Protect|p1a: Grimer\n|-singleturn|p1a: Grimer|Protect\n|move|p2a: Rillaboom|Drain Punch|p1a: Grimer\n|-activate|p1a: Grimer|move: Protect\n|move|p1b: Qwilfish|Barb Barrage|p2a: Rillaboom\n|-damage|p2a: Rillaboom|0 fnt\n|faint|p2a: Rillaboom\n|move|p2b: Mareanie|Haze|p2b: Mareanie\n|-clearallboost\n|\n|-heal|p1b: Qwilfish|98\/100|[from] Grassy Terrain\n|-heal|p1a: Grimer|100\/100|[from] Grassy Terrain\n|upkeep\n|turn|20\n|l| Moonorj\n|\n|t:|1699575880\n|move|p1b: Qwilfish|Barb Barrage|p2b: Mareanie\n|-resisted|p2b: Mareanie\n|-damage|p2b: Mareanie|86\/100 par\n|move|p1a: Grimer|Clear Smog|p2b: Mareanie\n|-resisted|p2b: Mareanie\n|-damage|p2b: Mareanie|79\/100 par\n|-clearboost|p2b: Mareanie\n|move|p2b: Mareanie|Toxic Spikes|p1b: Qwilfish\n|-sidestart|p1: rollroll123|move: Toxic Spikes\n|\n|-heal|p1b: Qwilfish|100\/100|[from] Grassy Terrain\n|-heal|p2b: Mareanie|86\/100 par|[from] Grassy Terrain\n|upkeep\n|turn|21\n|\n|t:|1699575890\n|move|p1b: Qwilfish|Barb Barrage|p2b: Mareanie\n|-resisted|p2b: Mareanie\n|-crit|p2b: Mareanie\n|-damage|p2b: Mareanie|67\/100 par\n|move|p1a: Grimer|Knock Off|p2b: Mareanie\n|-damage|p2b: Mareanie|43\/100 par\n|move|p2b: Mareanie|Toxic Spikes|p1a: Grimer\n|-sidestart|p1: rollroll123|move: Toxic Spikes\n|\n|-heal|p2b: Mareanie|49\/100 par|[from] Grassy Terrain\n|-fieldend|move: Grassy Terrain\n|upkeep\n|turn|22\n|\n|t:|1699575899\n|move|p1b: Qwilfish|Barb Barrage|p2b: Mareanie\n|-resisted|p2b: Mareanie\n|-damage|p2b: Mareanie|35\/100 par\n|move|p1a: Grimer|Knock Off|p2b: Mareanie\n|-damage|p2b: Mareanie|7\/100 par\n|move|p2b: Mareanie|Recover|p2b: Mareanie\n|-heal|p2b: Mareanie|57\/100 par\n|\n|upkeep\n|turn|23\n|\n|t:|1699575906\n|move|p1b: Qwilfish|Barb Barrage|p2b: Mareanie\n|-resisted|p2b: Mareanie\n|-damage|p2b: Mareanie|42\/100 par\n|move|p1a: Grimer|Knock Off|p2b: Mareanie\n|-damage|p2b: Mareanie|13\/100 par\n|move|p2b: Mareanie|Recover|p2b: Mareanie\n|-heal|p2b: Mareanie|63\/100 par\n|\n|upkeep\n|turn|24\n|\n|t:|1699575910\n|move|p1b: Qwilfish|Barb Barrage|p2b: Mareanie\n|-resisted|p2b: Mareanie\n|-damage|p2b: Mareanie|50\/100 par\n|move|p1a: Grimer|Knock Off|p2b: Mareanie\n|-damage|p2b: Mareanie|21\/100 par\n|move|p2b: Mareanie|Recover|p2b: Mareanie\n|-heal|p2b: Mareanie|71\/100 par\n|\n|upkeep\n|turn|25\n|\n|t:|1699575913\n|move|p1b: Qwilfish|Barb Barrage|p2b: Mareanie\n|-resisted|p2b: Mareanie\n|-damage|p2b: Mareanie|57\/100 par\n|move|p1a: Grimer|Knock Off|p2b: Mareanie\n|-damage|p2b: Mareanie|33\/100 par\n|move|p2b: Mareanie|Recover|p2b: Mareanie\n|-heal|p2b: Mareanie|83\/100 par\n|\n|upkeep\n|turn|26\n|\n|t:|1699575918\n|move|p1b: Qwilfish|Barb Barrage|p2b: Mareanie\n|-resisted|p2b: Mareanie\n|-damage|p2b: Mareanie|70\/100 par\n|move|p1a: Grimer|Knock Off|p2b: Mareanie\n|-damage|p2b: Mareanie|41\/100 par\n|move|p2b: Mareanie|Recover|p2b: Mareanie\n|-heal|p2b: Mareanie|91\/100 par\n|\n|upkeep\n|turn|27\n|\n|t:|1699575926\n|move|p1b: Qwilfish|Barb Barrage|p2b: Mareanie\n|-resisted|p2b: Mareanie\n|-damage|p2b: Mareanie|78\/100 par\n|move|p1a: Grimer|Knock Off|p2b: Mareanie\n|-damage|p2b: Mareanie|50\/100 par\n|move|p2b: Mareanie|Haze|p2b: Mareanie\n|-clearallboost\n|\n|upkeep\n|turn|28\n|\n|t:|1699575930\n|move|p1b: Qwilfish|Barb Barrage|p2b: Mareanie\n|-resisted|p2b: Mareanie\n|-damage|p2b: Mareanie|36\/100 par\n|move|p1a: Grimer|Knock Off|p2b: Mareanie\n|-damage|p2b: Mareanie|9\/100 par\n|move|p2b: Mareanie|Haze|p2b: Mareanie\n|-clearallboost\n|\n|upkeep\n|turn|29\n|\n|t:|1699575935\n|move|p1b: Qwilfish|Barb Barrage|p2b: Mareanie\n|-resisted|p2b: Mareanie\n|-damage|p2b: Mareanie|0 fnt\n|faint|p2b: Mareanie\n|\n|win|rollroll123\n|n|\u2606rollroll123|rollroll123\n|n|\u2606Im dumb srly|imdumbsrly\n|n|*Lady Monita \u263d|ladymonita\n|n| E4Everyone|e4everyone\n|n| hyroxplayz|hyroxplayz\n|n| Snorlaxisalpha|snorlaxisalpha\n","uploadtime":1699575936,"views":10,"p1id":"rollroll123","p2id":"imdumbsrly","formatid":"gen9doublesou","rating":0,"private":0,"password":""}