{"id":"gen9doublesou-2000013304","p1":"gbutters19","p2":"gwithy16","format":"[Gen 9] Doubles OU","log":"|j|\u2606gbutters19\n|j|\u2606gwithy16\n|t:|1701141172\n|gametype|doubles\n|player|p1|gbutters19|chef|\n|player|p2|gwithy16|265|\n|teamsize|p1|6\n|teamsize|p2|6\n|gen|9\n|tier|[Gen 9] Doubles OU\n|rule|Species Clause: Limit one of each Pok\u00e9mon\n|rule|OHKO Clause: OHKO moves are banned\n|rule|Evasion Moves Clause: Evasion moves are banned\n|rule|Gravity Sleep Clause: The combination of sleep-inducing moves with imperfect accuracy and Gravity or Gigantamax Orbeetle are banned\n|rule|Endless Battle Clause: Forcing endless battles is banned\n|rule|HP Percentage Mod: HP is shown in percentages\n|clearpoke\n|poke|p1|Iron Hands|\n|poke|p1|Cresselia, F|\n|poke|p1|Sylveon, F|\n|poke|p1|Snorlax, M|\n|poke|p1|Landorus-Therian, M|\n|poke|p1|Toedscool, M|\n|poke|p2|Amoonguss, M|\n|poke|p2|Mew|\n|poke|p2|Grafaiai, M|\n|poke|p2|Krookodile, F|\n|poke|p2|Ogerpon-Wellspring, F|\n|poke|p2|Bruxish, F|\n|teampreview\n|j| Joker1500\n|j| komaglobe\n|c|\u2606gwithy16|UM\n|c|\u2606gwithy16|what is that\n|c|\u2606gbutters19|i ride or die with toedscool\n|j| Overgames165\n|c| Joker1500|here we go\n|c| komaglobe|LOL\n|c| Overgames165|Good Luck!\n|j| ff4fan\n|c|\u2606gbutters19|my day 1\n|j| Naimara\n|c|\u2606gbutters19|my road dog\n|c| komaglobe|Toedscool!!\n|c|\u2606gbutters19|ARF ARF!\n|c| ff4fan|glhf\n|j| Champ2013\n|j| Omega444\n|\n|t:|1701141226\n|start\n|switch|p1a: Landorus|Landorus-Therian, M, shiny|100\/100\n|switch|p1b: Snorlax|Snorlax, M|100\/100\n|switch|p2a: Grafaiai|Grafaiai, M|100\/100\n|switch|p2b: Bobbia|Bruxish, F, shiny|100\/100\n|-ability|p1a: Landorus|Intimidate|boost\n|-unboost|p2a: Grafaiai|atk|1\n|-unboost|p2b: Bobbia|atk|1\n|turn|1\n|c| Champ2013|GL!\n|c| Naimara|toeddddy booooi\n|c| Champ2013|I can already see the mind games lol\n|c| Overgames165|Toedscool is sucj a bro\n|\n|t:|1701141279\n|move|p1b: Snorlax|Protect|p1b: Snorlax\n|-singleturn|p1b: Snorlax|Protect\n|move|p2a: Grafaiai|Parting Shot|p1a: Landorus\n|-unboost|p1a: Landorus|atk|1\n|-unboost|p1a: Landorus|spa|1\n|\n|t:|1701141286\n|switch|p2a: Krookodile|Krookodile, F|100\/100|[from] Parting Shot\n|-ability|p2a: Krookodile|Intimidate|boost\n|-unboost|p1a: Landorus|atk|1\n|-unboost|p1b: Snorlax|atk|1\n|move|p1a: Landorus|Stomping Tantrum|p2a: Krookodile\n|-damage|p2a: Krookodile|76\/100\n|move|p2b: Bobbia|Taunt|p1b: Snorlax\n|-activate|p1b: Snorlax|move: Protect\n|\n|upkeep\n|turn|2\n|\n|t:|1701141315\n|switch|p1a: Toedscool|Toedscool, M, shiny|100\/100\n|switch|p1b: Sylveon|Sylveon, F, shiny|100\/100\n|move|p2a: Krookodile|Knock Off|p1a: Toedscool\n|-damage|p1a: Toedscool|49\/100\n|-enditem|p1a: Toedscool|Eviolite|[from] move: Knock Off|[of] p2a: Krookodile\n|move|p2b: Bobbia|Taunt|p1b: Sylveon\n|-start|p1b: Sylveon|move: Taunt\n|\n|upkeep\n|turn|3\n|\n|t:|1701141349\n|move|p2a: Krookodile|Gunk Shot|p1b: Sylveon|[miss]\n|-miss|p2a: Krookodile|p1b: Sylveon\n|move|p2b: Bobbia|Taunt|p1a: Toedscool\n|-start|p1a: Toedscool|move: Taunt\n|move|p1a: Toedscool|Giga Drain|p2a: Krookodile\n|-supereffective|p2a: Krookodile\n|-damage|p2a: Krookodile|53\/100\n|-heal|p1a: Toedscool|65\/100|[from] drain|[of] p2a: Krookodile\n|move|p1b: Sylveon|Hyper Voice|p2a: Krookodile|[spread] p2a,p2b\n|-supereffective|p2a: Krookodile\n|-damage|p2a: Krookodile|0 fnt\n|-damage|p2b: Bobbia|40\/100\n|faint|p2a: Krookodile\n|-enditem|p1b: Sylveon|Throat Spray\n|-boost|p1b: Sylveon|spa|1|[from] item: Throat Spray\n|\n|upkeep\n|c| Omega444|omg\n|c| ff4fan|rio\n|c| ff4fan|rip?\n|\n|t:|1701141379\n|switch|p2a: Amoonguss|Amoonguss, M, shiny|100\/100\n|turn|4\n|c| Joker1500|thats why  i hate moves not 100% accurate\n|c| Overgames165|Same\n|c| Naimara|truth, ill take the less damage over not getting damage at all\n|c| ff4fan|yup\n|c| Joker1500|getting flashbacks from my battle with champ lol\n|\n|t:|1701141428\n|switch|p1b: Iron Hands|Iron Hands, shiny|100\/100\n|move|p2b: Bobbia|Flip Turn|p1b: Iron Hands\n|-damage|p1b: Iron Hands|88\/100\n|c| ff4fan|only use those moves if i need coverage and no choice\n|\n|t:|1701141456\n|switch|p2b: Grafaiai|Grafaiai, M|100\/100|[from] Flip Turn\n|move|p1a: Toedscool|Giga Drain|p2b: Grafaiai\n|-resisted|p2b: Grafaiai\n|-damage|p2b: Grafaiai|94\/100\n|-heal|p1a: Toedscool|69\/100|[from] drain|[of] p2b: Grafaiai\n|move|p2a: Amoonguss|Spore|p1b: Iron Hands\n|-activate|p1b: Iron Hands|item: Safety Goggles|Spore\n|\n|upkeep\n|turn|5\n|c| Naimara|what happened with champ lol\n|c| Naimara|when will you learn about the safety goggles\n|c| ff4fan|so many spores on iron hands lol\n|c| Joker1500|my h. samorott missed ceaseless edge and cost me the match lol\n|c|\u2606gwithy16|who are you?\n|c| Overgames165|You don't remeber her?\n|c|\u2606gbutters19|lol\n|c| Overgames165|Rude\n|c|\u2606gwithy16|sorry i cant predict everything perfectly\n|c| ff4fan|lol\n|c| Naimara|im sorry lol\n|c| Naimara|im og's sister\n|\n|t:|1701141564\n|-end|p1b: Iron Hands|Quark Drive|[silent]\n|switch|p1b: Landorus|Landorus-Therian, M, shiny|100\/100\n|-ability|p1b: Landorus|Intimidate|boost\n|-unboost|p2a: Amoonguss|atk|1\n|-unboost|p2b: Grafaiai|atk|1\n|switch|p2a: Bobbia|Bruxish, F, shiny|40\/100\n|move|p2b: Grafaiai|Super Fang|p1b: Landorus\n|-damage|p1b: Landorus|50\/100\n|move|p1a: Toedscool|Giga Drain|p2b: Grafaiai\n|-resisted|p2b: Grafaiai\n|-damage|p2b: Grafaiai|87\/100\n|-heal|p1a: Toedscool|73\/100|[from] drain|[of] p2b: Grafaiai\n|\n|-end|p1a: Toedscool|move: Taunt\n|upkeep\n|turn|6\n|c| Naimara|ceaseless edge did you dirty joker\n|c| Joker1500|yee\n|\n|t:|1701141621\n|switch|p2b: Amoonguss|Amoonguss, M, shiny|100\/100\n|switch|p1a: Iron Hands|Iron Hands, shiny|88\/100\n|move|p1b: Landorus|U-turn|p2a: Bobbia\n|-supereffective|p2a: Bobbia\n|-damage|p2a: Bobbia|0 fnt\n|faint|p2a: Bobbia\n|\n|t:|1701141637\n|switch|p1b: Toedscool|Toedscool, M, shiny|73\/100|[from] U-turn\n|\n|upkeep\n|\n|t:|1701141669\n|switch|p2a: Mew|Mew, shiny|100\/100\n|turn|7\n|\n|t:|1701141675\n|move|p1a: Iron Hands|Fake Out|p2a: Mew\n|-damage|p2a: Mew|90\/100\n|move|p2b: Amoonguss|Rage Powder|p2b: Amoonguss\n|-singleturn|p2b: Amoonguss|move: Rage Powder\n|cant|p2a: Mew|flinch\n|move|p1b: Toedscool|Leech Seed|p2a: Mew\n|-start|p2a: Mew|move: Leech Seed\n|\n|-heal|p2a: Mew|96\/100|[from] item: Leftovers\n|-damage|p2a: Mew|84\/100|[from] Leech Seed|[of] p1b: Toedscool\n|-heal|p1b: Toedscool|92\/100|[silent]\n|upkeep\n|turn|8\n|c| Naimara|toedy is a king\n|c| Overgames165|He would be perfection if his evolite was still on\n|\n|t:|1701141712\n|switch|p1b: Landorus|Landorus-Therian, M, shiny|50\/100\n|-ability|p1b: Landorus|Intimidate|boost\n|-unboost|p2a: Mew|atk|1\n|-unboost|p2b: Amoonguss|atk|1\n|move|p2b: Amoonguss|Rage Powder|p2b: Amoonguss\n|-singleturn|p2b: Amoonguss|move: Rage Powder\n|move|p2a: Mew|Iron Defense|p2a: Mew\n|-boost|p2a: Mew|def|2\n|move|p1a: Iron Hands|Ice Punch|p2b: Amoonguss\n|-supereffective|p2b: Amoonguss\n|-damage|p2b: Amoonguss|38\/100\n|-enditem|p2b: Amoonguss|Sitrus Berry|[eat]\n|-heal|p2b: Amoonguss|63\/100|[from] item: Sitrus Berry\n|\n|-heal|p2a: Mew|90\/100|[from] item: Leftovers\n|-damage|p2a: Mew|78\/100|[from] Leech Seed|[of] p1b: Landorus\n|-heal|p1b: Landorus|66\/100|[silent]\n|upkeep\n|turn|9\n|c| Naimara|a king without his crown sadly\n|c|\u2606gbutters19|he's still perfect :(\n|c| ff4fan|wait, how did that not go to amoongus and not mew?\n|c| Naimara|rage powder\n|\n|t:|1701141742\n|move|p2b: Amoonguss|Rage Powder|p2b: Amoonguss\n|-singleturn|p2b: Amoonguss|move: Rage Powder\n|move|p1b: Landorus|U-turn|p2b: Amoonguss\n|-damage|p2b: Amoonguss|32\/100\n|\n|t:|1701141756\n|switch|p1b: Cresselia|Cresselia, F|100\/100|[from] U-turn\n|move|p2a: Mew|Iron Defense|p2a: Mew\n|-boost|p2a: Mew|def|2\n|move|p1a: Iron Hands|Ice Punch|p2b: Amoonguss\n|-supereffective|p2b: Amoonguss\n|-damage|p2b: Amoonguss|0 fnt\n|faint|p2b: Amoonguss\n|\n|-heal|p2a: Mew|84\/100|[from] item: Leftovers\n|-damage|p2a: Mew|72\/100|[from] Leech Seed|[of] p1b: Cresselia\n|upkeep\n|c| Overgames165|Okay true :(\n|c| ff4fan|shouldn't rage have drawn the leech seed to him?\n|c|\u2606gbutters19|doesn't affect grass types\n|c| ff4fan|aah\n|\n|t:|1701141804\n|switch|p2b: Grafaiai|Grafaiai, M|87\/100\n|turn|10\n|\n|t:|1701141826\n|move|p2b: Grafaiai|Parting Shot|p1a: Iron Hands\n|-unboost|p1a: Iron Hands|atk|1\n|-unboost|p1a: Iron Hands|spa|1\n|\n|t:|1701141829\n|switch|p2b: Ogerpon|Ogerpon-Wellspring, F|100\/100|[from] Parting Shot\n|move|p2a: Mew|Calm Mind|p2a: Mew\n|-boost|p2a: Mew|spa|1\n|-boost|p2a: Mew|spd|1\n|move|p1b: Cresselia|Moonblast|p2a: Mew\n|-damage|p2a: Mew|62\/100\n|move|p1a: Iron Hands|Drain Punch|p2b: Ogerpon\n|-damage|p2b: Ogerpon|70\/100\n|-heal|p1a: Iron Hands|99\/100|[from] drain|[of] p2b: Ogerpon\n|\n|-heal|p2a: Mew|68\/100|[from] item: Leftovers\n|-damage|p2a: Mew|56\/100|[from] Leech Seed|[of] p1b: Cresselia\n|upkeep\n|turn|11\n|\n|t:|1701141885\n|-end|p1a: Iron Hands|Quark Drive|[silent]\n|switch|p1a: Sylveon|Sylveon, F, shiny|100\/100\n|move|p2b: Ogerpon|Ivy Cudgel|p1b: Cresselia|[anim] Ivy Cudgel Water\n|-damage|p1b: Cresselia|65\/100\n|move|p2a: Mew|Draining Kiss|p1a: Sylveon\n|-damage|p1a: Sylveon|87\/100\n|-heal|p2a: Mew|65\/100|[from] drain|[of] p1a: Sylveon\n|move|p1b: Cresselia|Trick Room|p1b: Cresselia\n|-fieldstart|move: Trick Room|[of] p1b: Cresselia\n|\n|-heal|p2a: Mew|71\/100|[from] item: Leftovers\n|-damage|p2a: Mew|59\/100|[from] Leech Seed|[of] p1b: Cresselia\n|-heal|p1b: Cresselia|76\/100|[silent]\n|upkeep\n|turn|12\n|\n|t:|1701141913\n|-terastallize|p2a: Mew|Poison\n|move|p1a: Sylveon|Hyper Voice|p2b: Ogerpon|[spread] p2a,p2b\n|-resisted|p2a: Mew\n|-crit|p2a: Mew\n|-damage|p2a: Mew|31\/100\n|-damage|p2b: Ogerpon|31\/100\n|move|p1b: Cresselia|Lunar Blessing|p1b: Cresselia|[spread] p1a,p1b\n|-heal|p1a: Sylveon|100\/100\n|-heal|p1b: Cresselia|100\/100\n|move|p2a: Mew|Calm Mind|p2a: Mew\n|-boost|p2a: Mew|spa|1\n|-boost|p2a: Mew|spd|1\n|move|p2b: Ogerpon|Horn Leech|p1a: Sylveon\n|-damage|p1a: Sylveon|47\/100\n|-heal|p2b: Ogerpon|59\/100|[from] drain|[of] p1a: Sylveon\n|\n|-heal|p2a: Mew|37\/100|[from] item: Leftovers\n|-damage|p2a: Mew|25\/100|[from] Leech Seed|[of] p1b: Cresselia\n|upkeep\n|turn|13\n|\n|t:|1701141956\n|move|p1a: Sylveon|Hyper Voice|p2b: Ogerpon|[spread] p2a,p2b\n|-resisted|p2a: Mew\n|-damage|p2a: Mew|16\/100\n|-damage|p2b: Ogerpon|21\/100\n|move|p1b: Cresselia|Moonblast|p2a: Mew\n|-resisted|p2a: Mew\n|-damage|p2a: Mew|12\/100\n|move|p2a: Mew|Draining Kiss|p1a: Sylveon\n|-damage|p1a: Sylveon|27\/100\n|-heal|p2a: Mew|26\/100|[from] drain|[of] p1a: Sylveon\n|move|p2b: Ogerpon|Horn Leech|p1a: Sylveon\n|-damage|p1a: Sylveon|0 fnt\n|-heal|p2b: Ogerpon|35\/100|[from] drain|[of] p1a: Sylveon\n|faint|p1a: Sylveon\n|\n|-heal|p2a: Mew|32\/100|[from] item: Leftovers\n|-damage|p2a: Mew|20\/100|[from] Leech Seed|[of] p1b: Cresselia\n|upkeep\n|\n|t:|1701141973\n|switch|p1a: Snorlax|Snorlax, M|100\/100\n|turn|14\n|\n|t:|1701141996\n|switch|p2b: Grafaiai|Grafaiai, M|87\/100\n|move|p1a: Snorlax|Facade|p2a: Mew\n|-damage|p2a: Mew|12\/100\n|move|p1b: Cresselia|Moonblast|p2a: Mew\n|-resisted|p2a: Mew\n|-damage|p2a: Mew|8\/100\n|move|p2a: Mew|Draining Kiss|p1a: Snorlax\n|-damage|p1a: Snorlax|85\/100\n|-heal|p2a: Mew|21\/100|[from] drain|[of] p1a: Snorlax\n|\n|-heal|p2a: Mew|27\/100|[from] item: Leftovers\n|-damage|p2a: Mew|15\/100|[from] Leech Seed|[of] p1b: Cresselia\n|upkeep\n|turn|15\n|\n|t:|1701142035\n|-terastallize|p1a: Snorlax|Psychic\n|move|p2b: Grafaiai|Parting Shot|p1a: Snorlax\n|-unboost|p1a: Snorlax|atk|1\n|-unboost|p1a: Snorlax|spa|1\n|\n|t:|1701142040\n|switch|p2b: Ogerpon|Ogerpon-Wellspring, F|35\/100|[from] Parting Shot\n|move|p1a: Snorlax|Belly Drum|p1a: Snorlax\n|-damage|p1a: Snorlax|35\/100\n|-setboost|p1a: Snorlax|atk|6|[from] move: Belly Drum\n|-enditem|p1a: Snorlax|Figy Berry|[eat]\n|-heal|p1a: Snorlax|68\/100|[from] item: Figy Berry\n|move|p1b: Cresselia|Lunar Blessing|p1b: Cresselia|[spread] p1a,p1b\n|-heal|p1a: Snorlax|93\/100\n|move|p2a: Mew|Draining Kiss|p1a: Snorlax\n|-damage|p1a: Snorlax|77\/100\n|-heal|p2a: Mew|29\/100|[from] drain|[of] p1a: Snorlax\n|\n|-heal|p2a: Mew|35\/100|[from] item: Leftovers\n|-damage|p2a: Mew|23\/100|[from] Leech Seed|[of] p1b: Cresselia\n|-fieldend|move: Trick Room\n|upkeep\n|turn|16\n|c|\u2606gwithy16|this is miserable lmao\n|c| Joker1500|lol\n|c|\u2606gbutters19|that's what my team is built for :)\n|c| ff4fan|poor gwithy\n|c|\u2606gwithy16|:D\n|\n|t:|1701142086\n|move|p1a: Snorlax|Protect|p1a: Snorlax\n|-singleturn|p1a: Snorlax|Protect\n|move|p2b: Ogerpon|Ivy Cudgel|p1a: Snorlax|[anim] Ivy Cudgel Water\n|-activate|p1a: Snorlax|move: Protect\n|move|p2a: Mew|Draining Kiss|p1a: Snorlax\n|-activate|p1a: Snorlax|move: Protect\n|move|p1b: Cresselia|Trick Room|p1b: Cresselia\n|-fieldstart|move: Trick Room|[of] p1b: Cresselia\n|\n|-heal|p2a: Mew|29\/100|[from] item: Leftovers\n|-damage|p2a: Mew|17\/100|[from] Leech Seed|[of] p1b: Cresselia\n|upkeep\n|turn|17\n|c| Overgames165|Only 15 turns in man\n|c| Naimara|lol hey you beat the infamous joker tho\n|c| Joker1500|butters and his bulky af team\n|c| ff4fan|rip\n|c| Naimara|i mean butters\n|c|\u2606gbutters19|me and even did this for like 38 turns or something ridiculous lol\n|c| ff4fan|gg guys\n|c| Overgames165|Its not over yet\n|\n|t:|1701142127\n|move|p1a: Snorlax|Facade|p2a: Mew\n|-damage|p2a: Mew|0 fnt\n|faint|p2a: Mew\n|move|p1b: Cresselia|Moonblast|p2b: Ogerpon\n|-damage|p2b: Ogerpon|19\/100\n|move|p2b: Ogerpon|Horn Leech|p1a: Snorlax\n|-damage|p1a: Snorlax|39\/100\n|-heal|p2b: Ogerpon|43\/100|[from] drain|[of] p1a: Snorlax\n|\n|upkeep\n|c|\u2606gwithy16|gg booters!\n|\n|t:|1701142142\n|switch|p2a: Grafaiai|Grafaiai, M|87\/100\n|turn|18\n|c|\u2606gbutters19|gg gwarth!\n|c| Champ2013|GG!\n|\n|t:|1701142177\n|move|p2b: Ogerpon|Spiky Shield|p2b: Ogerpon\n|-singleturn|p2b: Ogerpon|move: Protect\n|move|p2a: Grafaiai|Switcheroo|p1b: Cresselia\n|-activate|p2a: Grafaiai|move: Trick|[of] p1b: Cresselia\n|-item|p1b: Cresselia|Choice Scarf|[from] move: Switcheroo\n|-item|p2a: Grafaiai|Mental Herb|[from] move: Switcheroo\n|move|p1a: Snorlax|Facade|p2b: Ogerpon\n|-activate|p2b: Ogerpon|move: Protect\n|-damage|p1a: Snorlax|26\/100|[from] Spiky Shield|[of] p2b: Ogerpon\n|move|p1b: Cresselia|Lunar Blessing|p1b: Cresselia|[spread] p1a,p1b\n|-heal|p1a: Snorlax|51\/100\n|\n|upkeep\n|turn|19\n|\n|t:|1701142195\n|move|p1a: Snorlax|Facade|p2b: Ogerpon\n|-damage|p2b: Ogerpon|0 fnt\n|faint|p2b: Ogerpon\n|move|p2a: Grafaiai|Super Fang|p1b: Cresselia\n|-damage|p1b: Cresselia|50\/100\n|move|p1b: Cresselia|Lunar Blessing|p1b: Cresselia|[spread] p1a,p1b\n|-heal|p1a: Snorlax|76\/100\n|-heal|p1b: Cresselia|75\/100\n|\n|upkeep\n|turn|20\n|c|\u2606gbutters19|scarfed into lunar blessing is a dream come true for this team. couldn't go any better than that\n|c| Naimara|sucks cressy is stuck on lunar blessing\n|\n|t:|1701142214\n|move|p1a: Snorlax|Facade|p2a: Grafaiai\n|-damage|p2a: Grafaiai|0 fnt\n|faint|p2a: Grafaiai\n|\n|win|gbutters19\n|c|\u2606gwithy16|hahaha\n|c| Naimara|lmao\n|c| Overgames165|GG\n|c| Joker1500|gg\n|c|\u2606gbutters19|gg\n|c| Overgames165|lmao\n|c| Naimara|GGWP\n|l| ff4fan\n|l|\u2606gwithy16\n|l| Joker1500\n|c| Naimara|that was beautiful\n","uploadtime":1701142267,"views":11,"p1id":"gbutters19","p2id":"gwithy16","formatid":"gen9doublesou","rating":0,"private":0,"password":""}