{"id":"gen9doublesou-1985361313","p1":"my team > urs","p2":"truong 2244","format":"[Gen 9] Doubles OU","log":"|j|\u2606my team > urs\n|j|\u2606truong 2244\n|t:|1699368121\n|gametype|doubles\n|player|p1|my team > urs|169|1054\n|player|p2|truong 2244|169|1017\n|teamsize|p1|6\n|teamsize|p2|6\n|gen|9\n|tier|[Gen 9] Doubles OU\n|rated|\n|rule|Species Clause: Limit one of each Pok\u00e9mon\n|rule|OHKO Clause: OHKO moves are banned\n|rule|Evasion Moves Clause: Evasion moves are banned\n|rule|Gravity Sleep Clause: The combination of sleep-inducing moves with imperfect accuracy and Gravity or Gigantamax Orbeetle are banned\n|rule|Endless Battle Clause: Forcing endless battles is banned\n|rule|HP Percentage Mod: HP is shown in percentages\n|clearpoke\n|poke|p1|Snorlax, M|\n|poke|p1|Sinistcha|\n|poke|p1|Iron Hands|\n|poke|p1|Clefairy, M|\n|poke|p1|Landorus-Therian, M|\n|poke|p1|Kommo-o, M|\n|poke|p2|Gliscor, F|\n|poke|p2|Ninetales-Alola, F|\n|poke|p2|Sandslash-Alola, M|\n|poke|p2|Zapdos|\n|poke|p2|Meowscarada, M|\n|poke|p2|Ogerpon-Hearthflame, F|\n|teampreview\n|\n|t:|1699368126\n|start\n|switch|p1a: Snorlax|Snorlax, M|100\/100\n|switch|p1b: Sinistcha|Sinistcha|100\/100\n|switch|p2a: Gliscor|Gliscor, F|100\/100\n|switch|p2b: Ninetales|Ninetales-Alola, F, shiny|100\/100\n|-weather|Snow|[from] ability: Snow Warning|[of] p2b: Ninetales\n|turn|1\n|inactive|Battle timer is ON: inactive players will automatically lose when time's up. (requested by truong 2244)\n|\n|t:|1699368138\n|move|p2a: Gliscor|Protect|p2a: Gliscor\n|-singleturn|p2a: Gliscor|Protect\n|move|p2b: Ninetales|Aurora Veil|p2b: Ninetales\n|-sidestart|p2: truong 2244|move: Aurora Veil\n|move|p1a: Snorlax|Belly Drum|p1a: Snorlax\n|-damage|p1a: Snorlax|50\/100\n|-setboost|p1a: Snorlax|atk|6|[from] move: Belly Drum\n|-enditem|p1a: Snorlax|Sitrus Berry|[eat]\n|-heal|p1a: Snorlax|75\/100|[from] item: Sitrus Berry\n|move|p1b: Sinistcha|Trick Room|p1b: Sinistcha\n|-fieldstart|move: Trick Room|[of] p1b: Sinistcha\n|\n|-weather|Snow|[upkeep]\n|-status|p2a: Gliscor|tox|[from] item: Toxic Orb\n|upkeep\n|turn|2\n|\n|t:|1699368163\n|move|p1a: Snorlax|Facade|p2a: Gliscor\n|-damage|p2a: Gliscor|40\/100 tox\n|move|p1b: Sinistcha|Matcha Gotcha|p2a: Gliscor|[spread] p2a,p2b\n|-damage|p2a: Gliscor|25\/100 tox\n|-damage|p2b: Ninetales|80\/100\n|-status|p2b: Ninetales|brn\n|move|p2a: Gliscor|Knock Off|p1b: Sinistcha\n|-supereffective|p1b: Sinistcha\n|-damage|p1b: Sinistcha|66\/100\n|-enditem|p1b: Sinistcha|Mental Herb|[from] move: Knock Off|[of] p2a: Gliscor\n|move|p2b: Ninetales|Blizzard|p1a: Snorlax|[spread] p1a,p1b\n|-supereffective|p1b: Sinistcha\n|-damage|p1a: Snorlax|68\/100\n|-damage|p1b: Sinistcha|0 fnt\n|faint|p1b: Sinistcha\n|\n|-weather|Snow|[upkeep]\n|-heal|p2a: Gliscor|38\/100 tox|[from] ability: Poison Heal\n|-damage|p2b: Ninetales|74\/100 brn|[from] brn\n|upkeep\n|\n|t:|1699368176\n|switch|p1b: Iron Hands|Iron Hands, shiny|100\/100\n|turn|3\n|\n|t:|1699368188\n|move|p2a: Gliscor|Protect|p2a: Gliscor\n|-singleturn|p2a: Gliscor|Protect\n|move|p2b: Ninetales|Protect|p2b: Ninetales\n|-singleturn|p2b: Ninetales|Protect\n|move|p1a: Snorlax|Facade|p2a: Gliscor\n|-activate|p2a: Gliscor|move: Protect\n|move|p1b: Iron Hands|Drain Punch|p2b: Ninetales\n|-activate|p2b: Ninetales|move: Protect\n|\n|-weather|Snow|[upkeep]\n|-heal|p2a: Gliscor|50\/100 tox|[from] ability: Poison Heal\n|-damage|p2b: Ninetales|68\/100 brn|[from] brn\n|upkeep\n|turn|4\n|c|\u2606my team > urs|dude...\n|c|\u2606my team > urs|why are u wasting my time\n|\n|t:|1699368204\n|switch|p2a: Sandslash|Sandslash-Alola, M|100\/100\n|switch|p2b: Zapdos|Zapdos|100\/100\n|move|p1a: Snorlax|Facade|p2a: Sandslash\n|-resisted|p2a: Sandslash\n|-damage|p2a: Sandslash|73\/100\n|move|p1b: Iron Hands|Drain Punch|p2b: Zapdos\n|-resisted|p2b: Zapdos\n|-crit|p2b: Zapdos\n|-damage|p2b: Zapdos|74\/100\n|-damage|p1b: Iron Hands|84\/100|[from] item: Rocky Helmet|[of] p2b: Zapdos\n|\n|-weather|Snow|[upkeep]\n|upkeep\n|turn|5\n|\n|t:|1699368226\n|-end|p1b: Iron Hands|Quark Drive|[silent]\n|switch|p1b: Landorus|Landorus-Therian, M|100\/100\n|-ability|p1b: Landorus|Intimidate|boost\n|-unboost|p2a: Sandslash|atk|1\n|-unboost|p2b: Zapdos|atk|1\n|move|p2b: Zapdos|Detect|p2b: Zapdos\n|-singleturn|p2b: Zapdos|Protect\n|move|p2a: Sandslash|Protect|p2a: Sandslash\n|-singleturn|p2a: Sandslash|Protect\n|move|p1a: Snorlax|High Horsepower|p2a: Sandslash\n|-activate|p2a: Sandslash|move: Protect\n|\n|-weather|none\n|-fieldend|move: Trick Room\n|upkeep\n|turn|6\n|c|\u2606my team > urs|holy fucck dude\n|\n|t:|1699368244\n|switch|p2a: Gliscor|Gliscor, F|50\/100 tox\n|move|p1b: Landorus|Rock Slide|p2b: Zapdos|[spread] p2a,p2b\n|-supereffective|p2b: Zapdos\n|-damage|p2a: Gliscor|39\/100 tox\n|-damage|p2b: Zapdos|54\/100\n|cant|p2b: Zapdos|flinch\n|move|p1a: Snorlax|High Horsepower|p2a: Gliscor\n|-immune|p2a: Gliscor\n|\n|-heal|p2a: Gliscor|52\/100 tox|[from] ability: Poison Heal\n|upkeep\n|turn|7\n|c|\u2606my team > urs|annoying piece of fuk\n|\n|t:|1699368261\n|move|p1b: Landorus|Rock Slide|p2a: Gliscor|[spread] p2a,p2b\n|-supereffective|p2b: Zapdos\n|-damage|p2a: Gliscor|41\/100 tox\n|-damage|p2b: Zapdos|35\/100\n|move|p2b: Zapdos|Volt Switch|p1a: Snorlax\n|-damage|p1a: Snorlax|51\/100\n|\n|t:|1699368271\n|switch|p2b: Ninetales|Ninetales-Alola, F, shiny|68\/100 brn|[from] Volt Switch\n|-weather|Snow|[from] ability: Snow Warning|[of] p2b: Ninetales\n|cant|p2a: Gliscor|flinch\n|move|p1a: Snorlax|Facade|p2a: Gliscor\n|-damage|p2a: Gliscor|0 fnt\n|faint|p2a: Gliscor\n|\n|-weather|Snow|[upkeep]\n|-damage|p2b: Ninetales|62\/100 brn|[from] brn\n|upkeep\n|\n|t:|1699368283\n|switch|p2a: Sandslash|Sandslash-Alola, M|73\/100\n|turn|8\n|\n|t:|1699368288\n|move|p2a: Sandslash|Ice Spinner|p1a: Snorlax\n|-damage|p1a: Snorlax|31\/100\n|-damage|p2a: Sandslash|64\/100|[from] item: Life Orb\n|move|p1b: Landorus|Rock Slide|p2b: Ninetales|[spread] p2b\n|-miss|p1b: Landorus|p2a: Sandslash\n|-supereffective|p2b: Ninetales\n|-damage|p2b: Ninetales|36\/100 brn\n|move|p2b: Ninetales|Blizzard|p1b: Landorus|[spread] p1a,p1b\n|-supereffective|p1b: Landorus\n|-damage|p1a: Snorlax|23\/100\n|-damage|p1b: Landorus|0 fnt\n|faint|p1b: Landorus\n|move|p1a: Snorlax|High Horsepower|p2a: Sandslash\n|-supereffective|p2a: Sandslash\n|-damage|p2a: Sandslash|0 fnt\n|faint|p2a: Sandslash\n|\n|-weather|Snow|[upkeep]\n|-damage|p2b: Ninetales|30\/100 brn|[from] brn\n|-sideend|p2: truong 2244|move: Aurora Veil\n|upkeep\n|\n|t:|1699368307\n|switch|p1b: Clefairy|Clefairy, M|100\/100\n|switch|p2a: Ogerpon|Ogerpon-Hearthflame, F|100\/100\n|-ability|p2a: Ogerpon|Mold Breaker\n|turn|9\n|\n|t:|1699368319\n|-terastallize|p1a: Snorlax|Water\n|move|p2a: Ogerpon|Swords Dance|p2a: Ogerpon\n|-boost|p2a: Ogerpon|atk|2\n|move|p2b: Ninetales|Aurora Veil|p2b: Ninetales\n|-sidestart|p2: truong 2244|move: Aurora Veil\n|move|p1b: Clefairy|Heal Pulse|p1a: Snorlax\n|-heal|p1a: Snorlax|73\/100\n|move|p1a: Snorlax|High Horsepower|p2a: Ogerpon\n|-damage|p2a: Ogerpon|0 fnt\n|faint|p2a: Ogerpon\n|\n|-weather|Snow|[upkeep]\n|-damage|p2b: Ninetales|24\/100 brn|[from] brn\n|upkeep\n|\n|t:|1699368332\n|switch|p2a: Meowscarada|Meowscarada, M|100\/100\n|turn|10\n|\n|t:|1699368343\n|switch|p1b: Iron Hands|Iron Hands, shiny|84\/100\n|-terastallize|p2a: Meowscarada|Grass\n|move|p1a: Snorlax|Protect|p1a: Snorlax\n|-singleturn|p1a: Snorlax|Protect\n|move|p2a: Meowscarada|Flower Trick|p1a: Snorlax\n|-activate|p1a: Snorlax|move: Protect\n|move|p2b: Ninetales|Dazzling Gleam|p1a: Snorlax|[spread] p1b\n|-activate|p1a: Snorlax|move: Protect\n|-supereffective|p1b: Iron Hands\n|-damage|p1b: Iron Hands|57\/100\n|\n|-weather|Snow|[upkeep]\n|-damage|p2b: Ninetales|18\/100 brn|[from] brn\n|upkeep\n|turn|11\n|\n|t:|1699368360\n|move|p1b: Iron Hands|Fake Out|p2a: Meowscarada\n|-damage|p2a: Meowscarada|82\/100\n|cant|p2a: Meowscarada|flinch\n|move|p2b: Ninetales|Blizzard|p1a: Snorlax|[spread] p1a,p1b\n|-resisted|p1a: Snorlax\n|-damage|p1a: Snorlax|69\/100\n|-damage|p1b: Iron Hands|39\/100\n|move|p1a: Snorlax|Facade|p2a: Meowscarada\n|-damage|p2a: Meowscarada|0 fnt\n|faint|p2a: Meowscarada\n|\n|-weather|none\n|-damage|p2b: Ninetales|12\/100 brn|[from] brn\n|upkeep\n|c|\u2606my team > urs|gurrrrr\n|c|\u2606my team > urs|get angry\n|\n|t:|1699368372\n|switch|p2a: Zapdos|Zapdos|35\/100\n|turn|12\n|\n|t:|1699368379\n|move|p2a: Zapdos|Helping Hand|p2b: Ninetales\n|-singleturn|p2b: Ninetales|Helping Hand|[of] p2a: Zapdos\n|move|p2b: Ninetales|Dazzling Gleam|p1a: Snorlax|[spread] p1a,p1b\n|-supereffective|p1b: Iron Hands\n|-damage|p1a: Snorlax|51\/100\n|-damage|p1b: Iron Hands|0 fnt\n|faint|p1b: Iron Hands\n|-end|p1b: Iron Hands|Quark Drive|[silent]\n|move|p1a: Snorlax|Facade|p2a: Zapdos\n|-damage|p2a: Zapdos|0 fnt\n|-damage|p1a: Snorlax|34\/100|[from] item: Rocky Helmet|[of] p2a: Zapdos\n|-status|p1a: Snorlax|par|[from] ability: Static|[of] p2a: Zapdos\n|faint|p2a: Zapdos\n|\n|-damage|p2b: Ninetales|6\/100 brn|[from] brn\n|upkeep\n|c|\u2606my team > urs|piece of garbage\n|\n|t:|1699368390\n|switch|p1b: Clefairy|Clefairy, M|100\/100\n|turn|13\n|\n|t:|1699368395\n|move|p2b: Ninetales|Blizzard|p1b: Clefairy|[spread] p1a\n|-miss|p2b: Ninetales|p1b: Clefairy\n|-resisted|p1a: Snorlax\n|-damage|p1a: Snorlax|31\/100 par\n|move|p1b: Clefairy|Heal Pulse|p1a: Snorlax\n|-heal|p1a: Snorlax|81\/100 par\n|move|p1a: Snorlax|Facade|p2b: Ninetales\n|-damage|p2b: Ninetales|0 fnt\n|faint|p2b: Ninetales\n|\n|win|my team > urs\n|raw|my team &gt; urs's rating: 1054 &rarr; <strong>1083<\/strong><br \/>(+29 for winning)\n|raw|truong 2244's rating: 1017 &rarr; <strong>1006<\/strong><br \/>(-11 for losing)\n","uploadtime":1699368250,"views":8,"p1id":"myteamurs","p2id":"truong2244","formatid":"gen9doublesou","rating":1006,"private":0,"password":""}