{"id":"gen9doublesou-1998825013","p1":"Asakurahiko","p2":"Geniusatstuff","format":"[Gen 9] Doubles OU","log":"|j|\u203dAsakurahiko\n|j|\u2606Geniusatstuff\n|t:|1700998398\n|gametype|doubles\n|player|p1|Asakurahiko|102|1372\n|player|p2|Geniusatstuff|102|1322\n|teamsize|p1|6\n|teamsize|p2|6\n|gen|9\n|tier|[Gen 9] Doubles OU\n|rated|\n|rule|Species Clause: Limit one of each Pok\u00e9mon\n|rule|OHKO Clause: OHKO moves are banned\n|rule|Evasion Moves Clause: Evasion moves are banned\n|rule|Gravity Sleep Clause: The combination of sleep-inducing moves with imperfect accuracy and Gravity or Gigantamax Orbeetle are banned\n|rule|Endless Battle Clause: Forcing endless battles is banned\n|rule|HP Percentage Mod: HP is shown in percentages\n|clearpoke\n|poke|p1|Typhlosion, M|\n|poke|p1|Chi-Yu|\n|poke|p1|Tornadus, M|\n|poke|p1|Flutter Mane|\n|poke|p1|Ursaluna-Bloodmoon, M|\n|poke|p1|Clefairy, M|\n|poke|p2|Armarouge, M|\n|poke|p2|Chien-Pao|\n|poke|p2|Indeedee-F, F|\n|poke|p2|Tornadus, M|\n|poke|p2|Sneasler, M|\n|poke|p2|Palafin, F|\n|teampreview\n|inactive|Battle timer is ON: inactive players will automatically lose when time's up. (requested by Asakurahiko)\n|\n|t:|1700998424\n|start\n|switch|p1a: Chi-Yu|Chi-Yu|100\/100\n|switch|p1b: Ursaluna|Ursaluna-Bloodmoon, M|100\/100\n|switch|p2a: Palafin|Palafin, F|100\/100\n|switch|p2b: Tornadus|Tornadus, M|100\/100\n|-ability|p1a: Chi-Yu|Beads of Ruin\n|turn|1\n|inactive|Geniusatstuff has 120 seconds left.\n|\n|t:|1700998469\n|move|p2a: Palafin|Jet Punch|p1a: Chi-Yu\n|-supereffective|p1a: Chi-Yu\n|-damage|p1a: Chi-Yu|0 fnt\n|faint|p1a: Chi-Yu\n|move|p2b: Tornadus|Bleakwind Storm|p1b: Ursaluna\n|-damage|p1b: Ursaluna|37\/100\n|move|p1b: Ursaluna|Hyper Voice|p2a: Palafin|[spread] p2a,p2b\n|-damage|p2a: Palafin|44\/100\n|-damage|p2b: Tornadus|43\/100\n|-enditem|p1b: Ursaluna|Throat Spray\n|-boost|p1b: Ursaluna|spa|1|[from] item: Throat Spray\n|\n|upkeep\n|inactive|Asakurahiko has 120 seconds left.\n|\n|t:|1700998483\n|switch|p1a: Clefairy|Clefairy, M|100\/100\n|turn|2\n|\n|t:|1700998498\n|detailschange|p2a: Palafin|Palafin-Hero, F\n|switch|p2a: Indeedee|Indeedee-F, F|100\/100\n|-fieldstart|move: Psychic Terrain|[from] ability: Psychic Surge|[of] p2a: Indeedee\n|move|p1b: Ursaluna|Protect|p1b: Ursaluna\n|-singleturn|p1b: Ursaluna|Protect\n|move|p2b: Tornadus|Bleakwind Storm|p1a: Clefairy|[spread] \n|-activate|p1b: Ursaluna|move: Protect\n|-miss|p2b: Tornadus|p1a: Clefairy\n|move|p1a: Clefairy|Life Dew||[still]|[spread] p1a,p1b\n|-fail|p1a: Clefairy|heal\n|-heal|p1b: Ursaluna|62\/100\n|\n|upkeep\n|turn|3\n|\n|t:|1700998523\n|move|p2a: Indeedee|Helping Hand|p2b: Tornadus\n|-singleturn|p2b: Tornadus|Helping Hand|[of] p2a: Indeedee\n|move|p1a: Clefairy|Helping Hand|p1b: Ursaluna\n|-singleturn|p1b: Ursaluna|Helping Hand|[of] p1a: Clefairy\n|move|p2b: Tornadus|Bleakwind Storm|p1a: Clefairy|[spread] p1a\n|-miss|p2b: Tornadus|p1b: Ursaluna\n|-damage|p1a: Clefairy|59\/100\n|-unboost|p1a: Clefairy|spe|1\n|move|p1b: Ursaluna|Hyper Voice|p2a: Indeedee|[spread] p2a,p2b\n|-damage|p2a: Indeedee|19\/100\n|-damage|p2b: Tornadus|0 fnt\n|faint|p2b: Tornadus\n|\n|upkeep\n|inactive|Geniusatstuff has 120 seconds left.\n|\n|t:|1700998548\n|switch|p2b: Sneasler|Sneasler, M|100\/100\n|-enditem|p2b: Sneasler|Psychic Seed\n|-boost|p2b: Sneasler|spd|1|[from] item: Psychic Seed\n|turn|4\n|\n|t:|1700998573\n|-terastallize|p2b: Sneasler|Rock\n|-terastallize|p1b: Ursaluna|Ghost\n|move|p1a: Clefairy|Helping Hand|p1b: Ursaluna\n|-singleturn|p1b: Ursaluna|Helping Hand|[of] p1a: Clefairy\n|move|p2b: Sneasler|Dire Claw|p1a: Clefairy\n|-supereffective|p1a: Clefairy\n|-damage|p1a: Clefairy|0 fnt\n|faint|p1a: Clefairy\n|move|p2a: Indeedee|Psyshock|p1b: Ursaluna\n|-damage|p1b: Ursaluna|33\/100\n|move|p1b: Ursaluna|Hyper Voice|p2b: Sneasler|[spread] p2a,p2b\n|-resisted|p2b: Sneasler\n|-damage|p2a: Indeedee|0 fnt\n|-damage|p2b: Sneasler|68\/100\n|faint|p2a: Indeedee\n|\n|upkeep\n|\n|t:|1700998596\n|switch|p2a: Armarouge|Armarouge, M|100\/100\n|switch|p1a: Tornadus|Tornadus, M|100\/100\n|turn|5\n|\n|t:|1700998618\n|move|p1b: Ursaluna|Protect|p1b: Ursaluna\n|-singleturn|p1b: Ursaluna|Protect\n|move|p1a: Tornadus|Tailwind|p1a: Tornadus\n|-sidestart|p1: Asakurahiko|move: Tailwind\n|move|p2b: Sneasler|Rock Slide|p1b: Ursaluna|[spread] p1a\n|-activate|p1b: Ursaluna|move: Protect\n|-supereffective|p1a: Tornadus\n|-damage|p1a: Tornadus|12\/100\n|move|p2a: Armarouge|Expanding Force|p1b: Ursaluna|[spread] p1a\n|-activate|p1b: Ursaluna|move: Protect\n|-damage|p1a: Tornadus|0 fnt\n|faint|p1a: Tornadus\n|\n|upkeep\n|inactive|Asakurahiko has 120 seconds left.\n|\n|t:|1700998634\n|switch|p1a: Flutter Mane|Flutter Mane|100\/100\n|turn|6\n|\n|t:|1700998652\n|move|p2a: Armarouge|Wide Guard|p2a: Armarouge\n|-singleturn|p2a: Armarouge|Wide Guard\n|move|p1a: Flutter Mane|Energy Ball|p2b: Sneasler\n|-supereffective|p2b: Sneasler\n|-damage|p2b: Sneasler|0 fnt\n|faint|p2b: Sneasler\n|move|p1b: Ursaluna|Earth Power|p2a: Armarouge\n|-supereffective|p2a: Armarouge\n|-enditem|p2a: Armarouge|Focus Sash\n|-damage|p2a: Armarouge|1\/100\n|\n|-fieldend|move: Psychic Terrain\n|upkeep\n|\n|t:|1700998667\n|switch|p2b: Palafin|Palafin-Hero, F|44\/100\n|-activate|p2b: Palafin|ability: Zero to Hero\n|turn|7\n|\n|t:|1700998683\n|move|p2b: Palafin|Jet Punch|p1b: Ursaluna\n|-damage|p1b: Ursaluna|0 fnt\n|faint|p1b: Ursaluna\n|move|p1a: Flutter Mane|Energy Ball|p2b: Palafin\n|-supereffective|p2b: Palafin\n|-damage|p2b: Palafin|0 fnt\n|faint|p2b: Palafin\n|move|p2a: Armarouge|Armor Cannon|p1a: Flutter Mane\n|-damage|p1a: Flutter Mane|40\/100\n|-unboost|p2a: Armarouge|def|1\n|-unboost|p2a: Armarouge|spd|1\n|\n|upkeep\n|\n|t:|1700998696\n|switch|p2b: Chien-Pao|Chien-Pao|100\/100\n|switch|p1b: Typhlosion|Typhlosion, M|100\/100\n|-ability|p2b: Chien-Pao|Sword of Ruin\n|turn|8\n|\n|t:|1700998708\n|move|p2b: Chien-Pao|Protect|p2b: Chien-Pao\n|-singleturn|p2b: Chien-Pao|Protect\n|move|p2a: Armarouge|Endure|p2a: Armarouge\n|-singleturn|p2a: Armarouge|move: Endure\n|move|p1a: Flutter Mane|Energy Ball|p2a: Armarouge\n|-resisted|p2a: Armarouge\n|-activate|p2a: Armarouge|move: Endure\n|-damage|p2a: Armarouge|1\/100\n|move|p1b: Typhlosion|Heat Wave|p2a: Armarouge|[spread] p2a\n|-activate|p2b: Chien-Pao|move: Protect\n|-resisted|p2a: Armarouge\n|-activate|p2a: Armarouge|move: Endure\n|-damage|p2a: Armarouge|1\/100\n|\n|-sideend|p1: Asakurahiko|move: Tailwind\n|upkeep\n|turn|9\n|\n|t:|1700998730\n|move|p2a: Armarouge|Wide Guard|p2a: Armarouge\n|-singleturn|p2a: Armarouge|Wide Guard\n|move|p2b: Chien-Pao|Crunch|p1a: Flutter Mane\n|-damage|p1a: Flutter Mane|0 fnt\n|faint|p1a: Flutter Mane\n|-end|p1a: Flutter Mane|Protosynthesis|[silent]\n|-damage|p2b: Chien-Pao|91\/100|[from] item: Life Orb\n|move|p1b: Typhlosion|Heat Wave|p2b: Chien-Pao|[spread] \n|-activate|p2a: Armarouge|move: Wide Guard\n|-activate|p2b: Chien-Pao|move: Wide Guard\n|\n|upkeep\n|turn|10\n|\n|t:|1700998754\n|move|p2b: Chien-Pao|Protect|p2b: Chien-Pao\n|-singleturn|p2b: Chien-Pao|Protect\n|move|p1b: Typhlosion|Protect|p1b: Typhlosion\n|-singleturn|p1b: Typhlosion|Protect\n|move|p2a: Armarouge|Endure||[still]\n|-fail|p2a: Armarouge\n|\n|upkeep\n|turn|11\n|\n|t:|1700998779\n|move|p2a: Armarouge|Wide Guard|p2a: Armarouge\n|-singleturn|p2a: Armarouge|Wide Guard\n|move|p2b: Chien-Pao|Crunch|p1b: Typhlosion\n|-crit|p1b: Typhlosion\n|-damage|p1b: Typhlosion|0 fnt\n|faint|p1b: Typhlosion\n|-damage|p2b: Chien-Pao|81\/100|[from] item: Life Orb\n|\n|win|Geniusatstuff\n|raw|Asakurahiko's rating: 1372 &rarr; <strong>1349<\/strong><br \/>(-23 for losing)\n|raw|Geniusatstuff's rating: 1322 &rarr; <strong>1345<\/strong><br \/>(+23 for winning)\n|l|\u203dAsakurahiko\n","uploadtime":1700998796,"views":12,"p1id":"asakurahiko","p2id":"geniusatstuff","formatid":"gen9doublesou","rating":1345,"private":0,"password":""}