{"id":"gen9doublesou-2000492340","p1":"Ca$h ketchup","p2":"kssc","format":"[Gen 9] Doubles OU","log":"|j|\u2606Ca$h ketchup\n|j|\u2606kssc\n|t:|1701199363\n|gametype|doubles\n|player|p1|Ca$h ketchup|riley|1290\n|player|p2|kssc|2|1319\n|teamsize|p1|6\n|teamsize|p2|6\n|gen|9\n|tier|[Gen 9] Doubles OU\n|rated|\n|rule|Species Clause: Limit one of each Pok\u00e9mon\n|rule|OHKO Clause: OHKO moves are banned\n|rule|Evasion Moves Clause: Evasion moves are banned\n|rule|Gravity Sleep Clause: The combination of sleep-inducing moves with imperfect accuracy and Gravity or Gigantamax Orbeetle are banned\n|rule|Endless Battle Clause: Forcing endless battles is banned\n|rule|HP Percentage Mod: HP is shown in percentages\n|clearpoke\n|poke|p1|Gliscor, F|\n|poke|p1|Sinistcha-Masterpiece|\n|poke|p1|Goodra-Hisui, F|\n|poke|p1|Volcarona, F|\n|poke|p1|Zoroark-Hisui, F|\n|poke|p1|Cresselia, F|\n|poke|p2|Iron Moth|\n|poke|p2|Corviknight, M|\n|poke|p2|Weavile, F|\n|poke|p2|Sinistcha-Masterpiece|\n|poke|p2|Palafin, M|\n|poke|p2|Ursaluna-Bloodmoon, M|\n|teampreview\n|inactive|Battle timer is ON: inactive players will automatically lose when time's up. (requested by Ca$h ketchup)\n|\n|t:|1701199380\n|start\n|switch|p1a: Goodra|Goodra-Hisui, F|100\/100\n|switch|p1b: Cresselia|Cresselia, F|100\/100\n|switch|p2a: Palafin|Palafin, M|100\/100\n|switch|p2b: Weavile|Weavile, F|100\/100\n|turn|1\n|\n|t:|1701199398\n|move|p2b: Weavile|Taunt|p1b: Cresselia\n|-start|p1b: Cresselia|move: Taunt\n|move|p1a: Goodra|Hyper Voice|p2a: Palafin|[spread] p2a,p2b\n|-damage|p2a: Palafin|48\/100\n|-damage|p2b: Weavile|54\/100\n|-enditem|p1a: Goodra|Throat Spray\n|-boost|p1a: Goodra|spa|1|[from] item: Throat Spray\n|move|p2a: Palafin|Flip Turn|p1a: Goodra\n|-damage|p1a: Goodra|57\/100\n|replace|p1a: Zoroark|Zoroark-Hisui, F\n|-end|p1a: Zoroark|Illusion\n|\n|t:|1701199415\n|detailschange|p2a: Palafin|Palafin-Hero, M\n|switch|p2a: Ursaluna|Ursaluna-Bloodmoon, M|100\/100|[from] Flip Turn\n|move|p1b: Cresselia|Icy Wind|p2b: Weavile|[spread] p2a,p2b\n|-supereffective|p2a: Ursaluna\n|-resisted|p2b: Weavile\n|-damage|p2a: Ursaluna|76\/100\n|-damage|p2b: Weavile|47\/100\n|-unboost|p2a: Ursaluna|spe|1\n|-unboost|p2b: Weavile|spe|1\n|\n|upkeep\n|turn|2\n|\n|t:|1701199438\n|move|p1a: Zoroark|Hyper Voice|p2b: Weavile|[spread] p2a,p2b\n|-damage|p2a: Ursaluna|20\/100\n|-damage|p2b: Weavile|0 fnt\n|-enditem|p2a: Ursaluna|Wiki Berry|[eat]\n|-heal|p2a: Ursaluna|54\/100|[from] item: Wiki Berry\n|faint|p2b: Weavile\n|move|p1b: Cresselia|Icy Wind|p2a: Ursaluna\n|-supereffective|p2a: Ursaluna\n|-damage|p2a: Ursaluna|19\/100\n|-unboost|p2a: Ursaluna|spe|1\n|move|p2a: Ursaluna|Blood Moon|p1a: Zoroark\n|-damage|p1a: Zoroark|0 fnt\n|faint|p1a: Zoroark\n|\n|upkeep\n|\n|t:|1701199467\n|switch|p2b: Sinistcha|Sinistcha-Masterpiece|100\/100\n|switch|p1a: Volcarona|Volcarona, F|100\/100\n|-heal|p2a: Ursaluna|44\/100|[from] ability: Hospitality|[of] p2b: Sinistcha\n|turn|3\n|\n|t:|1701199487\n|move|p1a: Volcarona|Giga Drain|p2a: Ursaluna\n|-supereffective|p2a: Ursaluna\n|-damage|p2a: Ursaluna|0 fnt\n|faint|p2a: Ursaluna\n|move|p1b: Cresselia|Icy Wind|p2b: Sinistcha\n|-supereffective|p2b: Sinistcha\n|-damage|p2b: Sinistcha|67\/100\n|-unboost|p2b: Sinistcha|spe|1\n|move|p2b: Sinistcha|Life Dew|p2b: Sinistcha\n|-heal|p2b: Sinistcha|92\/100\n|\n|-heal|p2b: Sinistcha|98\/100|[from] item: Leftovers\n|-end|p1b: Cresselia|move: Taunt\n|upkeep\n|\n|t:|1701199494\n|switch|p2a: Palafin|Palafin-Hero, M|48\/100\n|-activate|p2a: Palafin|ability: Zero to Hero\n|turn|4\n|\n|t:|1701199513\n|switch|p2b: Corviknight|Corviknight, M|100\/100\n|-terastallize|p1a: Volcarona|Grass\n|move|p2a: Palafin|Aqua Jet|p1a: Volcarona\n|-resisted|p1a: Volcarona\n|-damage|p1a: Volcarona|83\/100\n|move|p1a: Volcarona|Fiery Dance|p2b: Corviknight\n|-supereffective|p2b: Corviknight\n|-damage|p2b: Corviknight|7\/100\n|move|p1b: Cresselia|Icy Wind|p2b: Corviknight|[spread] p2a,p2b\n|-resisted|p2a: Palafin\n|-damage|p2a: Palafin|41\/100\n|-damage|p2b: Corviknight|0 fnt\n|-unboost|p2a: Palafin|spe|1\n|faint|p2b: Corviknight\n|\n|upkeep\n|\n|t:|1701199520\n|switch|p2b: Iron Moth|Iron Moth|100\/100\n|-enditem|p2b: Iron Moth|Booster Energy\n|-activate|p2b: Iron Moth|ability: Quark Drive|[fromitem]\n|-start|p2b: Iron Moth|quarkdrivespa\n|turn|5\n|\n|t:|1701199545\n|-terastallize|p2b: Iron Moth|Fire\n|move|p2b: Iron Moth|Heat Wave|p1b: Cresselia|[spread] p1a,p1b\n|-supereffective|p1a: Volcarona\n|-damage|p1a: Volcarona|0 fnt\n|-damage|p1b: Cresselia|58\/100\n|faint|p1a: Volcarona\n|move|p2a: Palafin|Drain Punch|p1b: Cresselia\n|-resisted|p1b: Cresselia\n|-damage|p1b: Cresselia|47\/100\n|-heal|p2a: Palafin|49\/100|[from] drain|[of] p1b: Cresselia\n|move|p1b: Cresselia|Icy Wind|p2a: Palafin|[spread] p2a,p2b\n|-resisted|p2a: Palafin\n|-resisted|p2b: Iron Moth\n|-damage|p2a: Palafin|43\/100\n|-damage|p2b: Iron Moth|95\/100\n|-unboost|p2a: Palafin|spe|1\n|-unboost|p2b: Iron Moth|spe|1\n|\n|upkeep\n|inactive|Ca$h ketchup has 120 seconds left.\n|\n|t:|1701199573\n|switch|p1a: Goodra|Goodra-Hisui, F|100\/100\n|turn|6\n|\n|t:|1701199581\n|move|p2b: Iron Moth|Heat Wave|p1b: Cresselia|[spread] p1a,p1b\n|-damage|p1a: Goodra|65\/100\n|-damage|p1b: Cresselia|0 fnt\n|faint|p1b: Cresselia\n|move|p2a: Palafin|Drain Punch|p1a: Goodra\n|-supereffective|p1a: Goodra\n|-damage|p1a: Goodra|9\/100\n|-heal|p2a: Palafin|73\/100|[from] drain|[of] p1a: Goodra\n|-damage|p2a: Palafin|56\/100|[from] item: Rocky Helmet|[of] p1a: Goodra\n|move|p1a: Goodra|Acid Armor|p1a: Goodra\n|-boost|p1a: Goodra|def|2\n|\n|upkeep\n|inactive|Ca$h ketchup has 120 seconds left.\n|\n|t:|1701199601\n|switch|p1b: Gliscor|Gliscor, F|100\/100\n|turn|7\n|\n|t:|1701199617\n|move|p1b: Gliscor|Earthquake|p2b: Iron Moth|[spread] p1a,p2a,p2b\n|-supereffective|p1a: Goodra\n|-supereffective|p2b: Iron Moth\n|-damage|p1a: Goodra|0 fnt\n|-damage|p2a: Palafin|24\/100\n|-damage|p2b: Iron Moth|0 fnt\n|faint|p1a: Goodra\n|faint|p2b: Iron Moth\n|-end|p2b: Iron Moth|Quark Drive|[silent]\n|move|p2a: Palafin|Flip Turn|p1b: Gliscor\n|-supereffective|p1b: Gliscor\n|-damage|p1b: Gliscor|30\/100\n|\n|t:|1701199626\n|switch|p2a: Sinistcha|Sinistcha-Masterpiece|98\/100|[from] Flip Turn\n|\n|-heal|p2a: Sinistcha|100\/100|[from] item: Leftovers\n|-status|p1b: Gliscor|tox|[from] item: Toxic Orb\n|upkeep\n|\n|t:|1701199632\n|switch|p2b: Palafin|Palafin-Hero, M|24\/100\n|switch|p1a: Sinistcha|Sinistcha-Masterpiece|100\/100\n|-heal|p1b: Gliscor|54\/100 tox|[from] ability: Hospitality|[of] p1a: Sinistcha\n|turn|8\n|\n|t:|1701199646\n|move|p1b: Gliscor|Protect|p1b: Gliscor\n|-singleturn|p1b: Gliscor|Protect\n|move|p2b: Palafin|Wave Crash|p1b: Gliscor\n|-activate|p1b: Gliscor|move: Protect\n|move|p2a: Sinistcha|Life Dew||[still]|[spread] p2a,p2b\n|-fail|p2a: Sinistcha|heal\n|-heal|p2b: Palafin|49\/100\n|move|p1a: Sinistcha|Matcha Gotcha|p2a: Sinistcha|[spread] p2a,p2b\n|-resisted|p2a: Sinistcha\n|-supereffective|p2b: Palafin\n|-damage|p2a: Sinistcha|87\/100\n|-damage|p2b: Palafin|0 fnt\n|faint|p2b: Palafin\n|\n|-heal|p2a: Sinistcha|93\/100|[from] item: Leftovers\n|-heal|p1b: Gliscor|67\/100 tox|[from] ability: Poison Heal\n|upkeep\n|turn|9\n|\n|t:|1701199675\n|move|p1b: Gliscor|Dual Wingbeat|p2a: Sinistcha\n|-supereffective|p2a: Sinistcha\n|-damage|p2a: Sinistcha|67\/100\n|-supereffective|p2a: Sinistcha\n|-damage|p2a: Sinistcha|42\/100\n|-hitcount|p2a: Sinistcha|2\n|move|p1a: Sinistcha|Hex|p2a: Sinistcha\n|-supereffective|p2a: Sinistcha\n|-damage|p2a: Sinistcha|0 fnt\n|faint|p2a: Sinistcha\n|\n|win|Ca$h ketchup\n|raw|Ca$h ketchup's rating: 1290 &rarr; <strong>1317<\/strong><br \/>(+27 for winning)\n|raw|kssc's rating: 1319 &rarr; <strong>1297<\/strong><br \/>(-22 for losing)\n","uploadtime":1701199680,"views":3,"p1id":"cahketchup","p2id":"kssc","formatid":"gen9doublesou","rating":1297,"private":0,"password":""}