{"id":"gen9doublesou-1981481209","p1":"crisluyo","p2":"intiiiiiiiii","format":"[Gen 9] Doubles OU","log":"|j|\u2606crisluyo\n|j|\u2606intiiiiiiiii\n|t:|1698903810\n|gametype|doubles\n|player|p1|crisluyo|170|\n|player|p2|intiiiiiiiii|101|\n|teamsize|p1|6\n|teamsize|p2|6\n|gen|9\n|tier|[Gen 9] Doubles OU\n|rule|Species Clause: Limit one of each Pok\u00e9mon\n|rule|OHKO Clause: OHKO moves are banned\n|rule|Evasion Moves Clause: Evasion moves are banned\n|rule|Gravity Sleep Clause: The combination of sleep-inducing moves with imperfect accuracy and Gravity or Gigantamax Orbeetle are banned\n|rule|Endless Battle Clause: Forcing endless battles is banned\n|rule|HP Percentage Mod: HP is shown in percentages\n|clearpoke\n|poke|p1|Ceruledge, M|\n|poke|p1|Tauros-Paldea-Aqua, M|\n|poke|p1|Toedscruel, M|\n|poke|p1|Revavroom, M|\n|poke|p1|Kingambit, M|\n|poke|p1|Ampharos, F|\n|poke|p2|Palafin, M|\n|poke|p2|Amoonguss, M|\n|poke|p2|Gholdengo|\n|poke|p2|Garchomp, F|\n|poke|p2|Corviknight, F|\n|poke|p2|Chien-Pao|\n|teampreview\n|\n|t:|1698903853\n|start\n|switch|p1a: PhantomKnight|Ceruledge, M, shiny|100\/100\n|switch|p1b: Have U Tried?|Toedscruel, M, shiny|100\/100\n|switch|p2a: Garchomp|Garchomp, F|100\/100\n|switch|p2b: Palafin|Palafin, M, shiny|100\/100\n|turn|1\n|\n|t:|1698903941\n|detailschange|p2b: Palafin|Palafin-Hero, M, shiny\n|switch|p2b: Corviknight|Corviknight, F|100\/100\n|-ability|p2b: Corviknight|Pressure\n|switch|p1a: Al Gore|Tauros-Paldea-Aqua, M, shiny|100\/100\n|-ability|p1a: Al Gore|Intimidate|boost\n|-unboost|p2a: Garchomp|atk|1\n|-unboost|p2b: Corviknight|atk|1\n|move|p2a: Garchomp|Earthquake|p1a: Al Gore|[spread] p1a,p1b\n|-immune|p2b: Corviknight\n|-resisted|p1b: Have U Tried?\n|-damage|p1a: Al Gore|76\/100\n|-damage|p1b: Have U Tried?|85\/100\n|move|p1b: Have U Tried?|Spore|p2a: Garchomp\n|-status|p2a: Garchomp|slp|[from] move: Spore\n|\n|-heal|p1b: Have U Tried?|91\/100|[from] item: Leftovers\n|upkeep\n|turn|2\n|\n|t:|1698904026\n|switch|p1b: Fabio|Ampharos, F|100\/100\n|switch|p2a: Amoonguss|Amoonguss, M|100\/100\n|move|p1a: Al Gore|Wave Crash|p2b: Corviknight\n|-damage|p2b: Corviknight|29\/100\n|-damage|p1a: Al Gore|60\/100|[from] item: Rocky Helmet|[of] p2b: Corviknight\n|-damage|p1a: Al Gore|28\/100|[from] Recoil\n|move|p2b: Corviknight|U-turn|p1b: Fabio\n|-damage|p1b: Fabio|89\/100\n|-status|p2b: Corviknight|par|[from] ability: Static|[of] p1b: Fabio\n|\n|t:|1698904040\n|switch|p2b: Palafin|Palafin-Hero, M, shiny|100\/100|[from] U-turn\n|-activate|p2b: Palafin|ability: Zero to Hero\n|\n|upkeep\n|turn|3\n|c|\u2606crisluyo|escuchame ya\n|c|\u2606crisluyo|q apostamos\n|c|\u2606intiiiiiiiii|a ber q cosa\n|\n|t:|1698904079\n|switch|p1a: Hideo Kojima|Kingambit, M, shiny|100\/100\n|switch|p2b: Corviknight|Corviknight, F|29\/100 par\n|-ability|p2b: Corviknight|Pressure\n|move|p1b: Fabio|Agility|p1b: Fabio\n|-boost|p1b: Fabio|spe|2\n|move|p2a: Amoonguss|Spore|p1b: Fabio\n|-status|p1b: Fabio|slp|[from] move: Spore\n|\n|upkeep\n|turn|4\n|c|\u2606crisluyo|la concha\n|c|\u2606intiiiiiiiii|hideo kojima jsadjsaa\n|c|\u2606crisluyo|q te riesss\n|c|\u2606intiiiiiiiii|los nombres\n|c|\u2606intiiiiiiiii|de tu s pokes\n|c|\u2606crisluyo|se ve achoradaso\n|c|\u2606intiiiiiiiii|ataka\n|\n|t:|1698904198\n|cant|p1b: Fabio|slp\n|move|p1a: Hideo Kojima|Kowtow Cleave|p2a: Amoonguss\n|-damage|p2a: Amoonguss|67\/100\n|-enditem|p2a: Amoonguss|Eject Button\n|\n|t:|1698904209\n|switch|p2a: Gholdengo|Gholdengo|100\/100\n|move|p2b: Corviknight|Body Press|p1a: Hideo Kojima\n|-supereffective|p1a: Hideo Kojima\n|-damage|p1a: Hideo Kojima|44\/100\n|\n|-heal|p1a: Hideo Kojima|50\/100|[from] item: Leftovers\n|upkeep\n|turn|5\n|\n|t:|1698904250\n|switch|p1b: PhantomKnight|Ceruledge, M, shiny|100\/100\n|-terastallize|p2a: Gholdengo|Fighting\n|move|p1a: Hideo Kojima|Sucker Punch|p2a: Gholdengo\n|-resisted|p2a: Gholdengo\n|-damage|p2a: Gholdengo|76\/100\n|move|p2a: Gholdengo|Make It Rain|p1a: Hideo Kojima|[spread] p1a,p1b\n|-resisted|p1a: Hideo Kojima\n|-resisted|p1b: PhantomKnight\n|-damage|p1a: Hideo Kojima|28\/100\n|-damage|p1b: PhantomKnight|84\/100\n|-unboost|p2a: Gholdengo|spa|1\n|move|p2b: Corviknight|Roost|p2b: Corviknight\n|-heal|p2b: Corviknight|79\/100 par\n|-singleturn|p2b: Corviknight|move: Roost\n|\n|-heal|p1a: Hideo Kojima|34\/100|[from] item: Leftovers\n|upkeep\n|turn|6\n|\n|t:|1698904315\n|switch|p2a: Amoonguss|Amoonguss, M|100\/100\n|-end|p1a: Hideo Kojima|fallenundefined|[silent]\n|switch|p1a: Al Gore|Tauros-Paldea-Aqua, M, shiny|28\/100\n|-ability|p1a: Al Gore|Intimidate|boost\n|-unboost|p2a: Amoonguss|atk|1\n|-unboost|p2b: Corviknight|atk|1\n|switch|p2b: Garchomp|Garchomp, F|100\/100 slp\n|move|p1b: PhantomKnight|Bitter Blade|p2b: Garchomp\n|-resisted|p2b: Garchomp\n|-damage|p2b: Garchomp|85\/100 slp\n|-heal|p1b: PhantomKnight|93\/100|[from] drain|[of] p2b: Garchomp\n|-damage|p1b: PhantomKnight|80\/100|[from] ability: Rough Skin|[of] p2b: Garchomp\n|\n|-heal|p2b: Garchomp|92\/100 slp|[from] item: Leftovers\n|upkeep\n|turn|7\n|\n|t:|1698904354\n|switch|p2a: Corviknight|Corviknight, F|79\/100 par\n|-ability|p2a: Corviknight|Pressure\n|move|p1a: Al Gore|Wave Crash|p2b: Garchomp\n|-damage|p2b: Garchomp|23\/100 slp\n|-damage|p1a: Al Gore|15\/100|[from] ability: Rough Skin|[of] p2b: Garchomp\n|-damage|p1a: Al Gore|0 fnt|[from] Recoil\n|faint|p1a: Al Gore\n|cant|p2b: Garchomp|slp\n|move|p1b: PhantomKnight|Bitter Blade|p2a: Corviknight\n|-supereffective|p2a: Corviknight\n|-damage|p2a: Corviknight|13\/100 par\n|-heal|p1b: PhantomKnight|100\/100|[from] drain|[of] p2a: Corviknight\n|-damage|p1b: PhantomKnight|84\/100|[from] item: Rocky Helmet|[of] p2a: Corviknight\n|\n|-heal|p2b: Garchomp|29\/100 slp|[from] item: Leftovers\n|upkeep\n|c|\u2606intiiiiiiiii|habia olvidao. q ta dormido csm\n|c|\u2606intiiiiiiiii|q colera\n|\n|t:|1698904396\n|switch|p1a: Hideo Kojima|Kingambit, M, shiny|34\/100\n|-activate|p1a: Hideo Kojima|ability: Supreme Overlord\n|-start|p1a: Hideo Kojima|fallen1|[silent]\n|turn|8\n|\n|t:|1698904428\n|switch|p2b: Amoonguss|Amoonguss, M|100\/100\n|move|p1b: PhantomKnight|Bitter Blade|p2a: Corviknight\n|-supereffective|p2a: Corviknight\n|-damage|p2a: Corviknight|0 fnt\n|-heal|p1b: PhantomKnight|91\/100|[from] drain|[of] p2a: Corviknight\n|-damage|p1b: PhantomKnight|75\/100|[from] item: Rocky Helmet|[of] p2a: Corviknight\n|faint|p2a: Corviknight\n|move|p1a: Hideo Kojima|Kowtow Cleave|p2b: Amoonguss\n|-damage|p2b: Amoonguss|62\/100\n|\n|-heal|p1a: Hideo Kojima|40\/100|[from] item: Leftovers\n|upkeep\n|\n|t:|1698904443\n|switch|p2a: Palafin|Palafin-Hero, M, shiny|100\/100\n|turn|9\n|\n|t:|1698904475\n|-end|p1a: Hideo Kojima|fallen1|[silent]\n|switch|p1a: Fabio|Ampharos, F|89\/100 slp\n|move|p2a: Palafin|Jet Punch|p1b: PhantomKnight\n|-supereffective|p1b: PhantomKnight\n|-damage|p1b: PhantomKnight|0 fnt\n|faint|p1b: PhantomKnight\n|move|p2b: Amoonguss|Foul Play|p1a: Fabio\n|-damage|p1a: Fabio|73\/100 slp\n|\n|upkeep\n|c|\u2606crisluyo|NOOOOOOO\n|c|\u2606intiiiiiiiii|ajajaja\n|\n|t:|1698904496\n|switch|p1b: Have U Tried?|Toedscruel, M, shiny|91\/100\n|turn|10\n|\n|t:|1698904520\n|switch|p2a: Gholdengo|Gholdengo, tera:Fighting|76\/100\n|cant|p1a: Fabio|slp\n|move|p2b: Amoonguss|Giga Drain|p1a: Fabio\n|-damage|p1a: Fabio|48\/100 slp\n|-heal|p2b: Amoonguss|72\/100|[from] drain|[of] p1a: Fabio\n|move|p1b: Have U Tried?|Spore|p2a: Gholdengo\n|-status|p2a: Gholdengo|slp|[from] move: Spore\n|\n|-heal|p1b: Have U Tried?|97\/100|[from] item: Leftovers\n|upkeep\n|turn|11\n|\n|t:|1698904575\n|cant|p2a: Gholdengo|slp\n|cant|p1a: Fabio|slp\n|move|p2b: Amoonguss|Giga Drain|p1a: Fabio\n|-damage|p1a: Fabio|23\/100 slp\n|-heal|p2b: Amoonguss|81\/100|[from] drain|[of] p1a: Fabio\n|move|p1b: Have U Tried?|Spore|p2b: Amoonguss\n|-immune|p2b: Amoonguss\n|\n|-heal|p1b: Have U Tried?|100\/100|[from] item: Leftovers\n|upkeep\n|turn|12\n|c|\u2606intiiiiiiiii|jejeje\n|c|\u2606crisluyo|q webona\n|c|\u2606crisluyo|lo q mas me pone triste\n|c|\u2606crisluyo|es q m durmieras a ampharos\n|\n|t:|1698904620\n|cant|p2a: Gholdengo|slp\n|move|p1b: Have U Tried?|Earth Power|p2b: Amoonguss\n|-damage|p2b: Amoonguss|52\/100\n|-curestatus|p1a: Fabio|slp|[msg]\n|move|p1a: Fabio|Tera Blast|p2b: Amoonguss\n|-damage|p2b: Amoonguss|28\/100\n|move|p2b: Amoonguss|Giga Drain|p1a: Fabio\n|-damage|p1a: Fabio|0 fnt\n|-heal|p2b: Amoonguss|36\/100|[from] drain|[of] p1a: Fabio\n|faint|p1a: Fabio\n|\n|upkeep\n|c|\u2606crisluyo|NOOOOOO\n|c|\u2606intiiiiiiiii|ripfabio\n|c|\u2606crisluyo|TT_________TT\n|\n|t:|1698904638\n|switch|p1a: Hideo Kojima|Kingambit, M, shiny|40\/100\n|-activate|p1a: Hideo Kojima|ability: Supreme Overlord\n|-start|p1a: Hideo Kojima|fallen3|[silent]\n|turn|13\n|\n|t:|1698904687\n|cant|p2a: Gholdengo|slp\n|move|p1b: Have U Tried?|Giga Drain|p2a: Gholdengo\n|-damage|p2a: Gholdengo|41\/100 slp\n|move|p1a: Hideo Kojima|Kowtow Cleave|p2b: Amoonguss\n|-damage|p2b: Amoonguss|0 fnt\n|faint|p2b: Amoonguss\n|\n|-heal|p1a: Hideo Kojima|46\/100|[from] item: Leftovers\n|upkeep\n|l|\u2606crisluyo\n|player|p1|\n|\n|t:|1698904696\n|switch|p2b: Palafin|Palafin-Hero, M, shiny|100\/100\n|turn|14\n|j|\u2606crisluyo\n|player|p1|crisluyo|170\n|c|\u2606intiiiiiiiii|holaa\n|c|\u2606crisluyo|ola\n|\n|t:|1698904764\n|move|p2b: Palafin|Jet Punch|p1a: Hideo Kojima\n|-damage|p1a: Hideo Kojima|0 fnt\n|faint|p1a: Hideo Kojima\n|-end|p1a: Hideo Kojima|fallen3|[silent]\n|-curestatus|p2a: Gholdengo|slp|[msg]\n|move|p2a: Gholdengo|Shadow Ball|p1b: Have U Tried?\n|-damage|p1b: Have U Tried?|61\/100\n|move|p1b: Have U Tried?|Giga Drain|p2b: Palafin\n|-supereffective|p2b: Palafin\n|-damage|p2b: Palafin|39\/100\n|-heal|p1b: Have U Tried?|96\/100|[from] drain|[of] p2b: Palafin\n|\n|-heal|p1b: Have U Tried?|100\/100|[from] item: Leftovers\n|upkeep\n|c|\u2606crisluyo|la ptm\n|\n|t:|1698904782\n|switch|p1a: V12 Expensive|Revavroom, M, shiny|100\/100\n|turn|15\n|\n|t:|1698904839\n|switch|p2b: Chien-Pao|Chien-Pao|100\/100\n|-ability|p2b: Chien-Pao|Sword of Ruin\n|move|p2a: Gholdengo|Shadow Ball|p1a: V12 Expensive\n|-damage|p1a: V12 Expensive|36\/100\n|move|p1b: Have U Tried?|Giga Drain|p2b: Chien-Pao\n|-damage|p2b: Chien-Pao|51\/100\n|move|p1a: V12 Expensive|Gunk Shot|p2a: Gholdengo\n|-damage|p2a: Gholdengo|0 fnt\n|faint|p2a: Gholdengo\n|-damage|p1a: V12 Expensive|26\/100|[from] item: Life Orb\n|\n|upkeep\n|\n|t:|1698904853\n|switch|p2a: Palafin|Palafin-Hero, M, shiny|39\/100\n|turn|16\n|c|\u2606intiiiiiiiii|amor\n|\n|t:|1698904886\n|move|p2a: Palafin|Jet Punch|p1a: V12 Expensive\n|-damage|p1a: V12 Expensive|0 fnt\n|faint|p1a: V12 Expensive\n|move|p2b: Chien-Pao|Icicle Crash|p1b: Have U Tried?\n|-supereffective|p1b: Have U Tried?\n|-crit|p1b: Have U Tried?\n|-damage|p1b: Have U Tried?|0 fnt\n|faint|p1b: Have U Tried?\n|\n|win|intiiiiiiiii\n|c|\u2606crisluyo|ok\n|c|\u2606crisluyo|u_u\n|c|\u2606intiiiiiiiii|u_u\n|c|\u2606crisluyo|JASKDJAD\n|c|\u2606crisluyo|BUENO\n|c|\u2606intiiiiiiiii|ahora si se jugo\n|c|\u2606intiiiiiiiii|de verdad\n|c|\u2606crisluyo|JAAJAJ YAA\n|c|\u2606crisluyo|no empieceeesss\n|c|\u2606intiiiiiiiii|besitoooooo\n|l|\u2606crisluyo\n","uploadtime":1698904919,"views":24,"p1id":"crisluyo","p2id":"intiiiiiiiii","formatid":"gen9doublesou","rating":0,"private":0,"password":""}