{"id":"gen9doublesou-1974977516","p1":"GrubInTub","p2":"DoerreKong","format":"[Gen 9] Doubles OU","log":"|j|\u2606GrubInTub\n|j|\u2606DoerreKong\n|t:|1698151485\n|gametype|doubles\n|player|p1|GrubInTub|unknown|1508\n|player|p2|DoerreKong|ltsurge|1464\n|teamsize|p1|6\n|teamsize|p2|6\n|gen|9\n|tier|[Gen 9] Doubles OU\n|rated|\n|rule|Species Clause: Limit one of each Pok\u00e9mon\n|rule|OHKO Clause: OHKO moves are banned\n|rule|Evasion Moves Clause: Evasion moves are banned\n|rule|Gravity Sleep Clause: The combination of sleep-inducing moves with imperfect accuracy and Gravity or Gigantamax Orbeetle are banned\n|rule|Endless Battle Clause: Forcing endless battles is banned\n|rule|HP Percentage Mod: HP is shown in percentages\n|clearpoke\n|poke|p1|Torkoal, L99, M|\n|poke|p1|Walking Wake|\n|poke|p1|Roaring Moon|\n|poke|p1|Indeedee-F, F|\n|poke|p1|Orthworm, F|\n|poke|p1|Flutter Mane|\n|poke|p2|Torkoal, F|\n|poke|p2|Cresselia, F|\n|poke|p2|Diancie|\n|poke|p2|Iron Hands|\n|poke|p2|Farigiraf, M|\n|poke|p2|Dragonite, F|\n|teampreview\n|inactive|Battle timer is ON: inactive players will automatically lose when time's up. (requested by DoerreKong)\n|c|\u2606GrubInTub|gl\n|inactive|DoerreKong has 120 seconds left.\n|inactive|DoerreKong has 90 seconds left.\n|\n|t:|1698151557\n|start\n|switch|p1a: Torkoal|Torkoal, L99, M|100\/100\n|switch|p1b: Walking Wake|Walking Wake|100\/100\n|switch|p2a: Cresselia|Cresselia, F|100\/100\n|switch|p2b: Dragonite|Dragonite, F|100\/100\n|-weather|SunnyDay|[from] ability: Drought|[of] p1a: Torkoal\n|-activate|p1b: Walking Wake|ability: Protosynthesis\n|-start|p1b: Walking Wake|protosynthesisspe\n|turn|1\n|\n|t:|1698151574\n|-end|p1b: Walking Wake|Protosynthesis|[silent]\n|switch|p1b: Orthworm|Orthworm, F|100\/100\n|move|p2b: Dragonite|Earthquake|p1a: Torkoal|[spread] p1a\n|-immune|p1b: Orthworm|[from] ability: Earth Eater\n|-immune|p2a: Cresselia|[from] ability: Levitate\n|-supereffective|p1a: Torkoal\n|-damage|p1a: Torkoal|30\/100\n|move|p2a: Cresselia|Calm Mind|p2a: Cresselia\n|-boost|p2a: Cresselia|spa|1\n|-boost|p2a: Cresselia|spd|1\n|move|p1a: Torkoal|Eruption|p2a: Cresselia|[spread] p2a,p2b\n|-resisted|p2b: Dragonite\n|-damage|p2a: Cresselia|94\/100\n|-damage|p2b: Dragonite|96\/100\n|\n|-weather|SunnyDay|[upkeep]\n|-heal|p2a: Cresselia|99\/100|[from] item: Leftovers\n|upkeep\n|turn|2\n|\n|t:|1698151594\n|switch|p2b: Iron Hands|Iron Hands|100\/100\n|switch|p1a: Indeedee|Indeedee-F, F|100\/100\n|-fieldstart|move: Psychic Terrain|[from] ability: Psychic Surge|[of] p1a: Indeedee\n|move|p2a: Cresselia|Calm Mind|p2a: Cresselia\n|-boost|p2a: Cresselia|spa|1\n|-boost|p2a: Cresselia|spd|1\n|move|p1b: Orthworm|Shed Tail|p1b: Orthworm\n|-start|p1b: Orthworm|Substitute|[from] move: Shed Tail\n|-damage|p1b: Orthworm|50\/100\n|\n|t:|1698151608\n|switch|p1b: Flutter Mane|Flutter Mane|100\/100|[from] Shed Tail\n|-activate|p1b: Flutter Mane|ability: Protosynthesis\n|-start|p1b: Flutter Mane|protosynthesisspe\n|\n|-weather|SunnyDay|[upkeep]\n|-heal|p2a: Cresselia|100\/100|[from] item: Leftovers\n|upkeep\n|turn|3\n|\n|t:|1698151624\n|-end|p2b: Iron Hands|Quark Drive|[silent]\n|switch|p2b: Farigiraf|Farigiraf, M|100\/100\n|move|p1a: Indeedee|Follow Me|p1a: Indeedee\n|-singleturn|p1a: Indeedee|move: Follow Me\n|move|p1b: Flutter Mane|Dazzling Gleam|p2a: Cresselia|[spread] p2a,p2b\n|-damage|p2a: Cresselia|91\/100\n|-damage|p2b: Farigiraf|72\/100\n|move|p2a: Cresselia|Trick Room|p2a: Cresselia\n|-fieldstart|move: Trick Room|[of] p2a: Cresselia\n|\n|-weather|SunnyDay|[upkeep]\n|-heal|p2b: Farigiraf|78\/100|[from] item: Leftovers\n|-heal|p2a: Cresselia|97\/100|[from] item: Leftovers\n|upkeep\n|turn|4\n|inactive|GrubInTub has 120 seconds left.\n|\n|t:|1698151661\n|move|p1a: Indeedee|Follow Me|p1a: Indeedee\n|-singleturn|p1a: Indeedee|move: Follow Me\n|move|p2b: Farigiraf|Imprison|p2b: Farigiraf\n|-start|p2b: Farigiraf|move: Imprison\n|move|p2a: Cresselia|Calm Mind|p2a: Cresselia\n|-boost|p2a: Cresselia|spa|1\n|-boost|p2a: Cresselia|spd|1\n|move|p1b: Flutter Mane|Shadow Ball|p2a: Cresselia\n|-supereffective|p2a: Cresselia\n|-damage|p2a: Cresselia|78\/100\n|\n|-weather|SunnyDay|[upkeep]\n|-heal|p2b: Farigiraf|84\/100|[from] item: Leftovers\n|-heal|p2a: Cresselia|84\/100|[from] item: Leftovers\n|upkeep\n|turn|5\n|inactive|GrubInTub has 120 seconds left.\n|\n|t:|1698151684\n|move|p1a: Indeedee|Follow Me|p1a: Indeedee\n|-singleturn|p1a: Indeedee|move: Follow Me\n|move|p2b: Farigiraf|Dazzling Gleam|p1b: Flutter Mane|[spread] p1a,p1b\n|-activate|p1b: Flutter Mane|move: Substitute|[damage]\n|-damage|p1a: Indeedee|86\/100\n|move|p2a: Cresselia|Calm Mind|p2a: Cresselia\n|-boost|p2a: Cresselia|spa|1\n|-boost|p2a: Cresselia|spd|1\n|move|p1b: Flutter Mane|Perish Song|p1b: Flutter Mane\n|-start|p1a: Indeedee|perish3|[silent]\n|-start|p1b: Flutter Mane|perish3|[silent]\n|-start|p2a: Cresselia|perish3|[silent]\n|-start|p2b: Farigiraf|perish3|[silent]\n|-fieldactivate|move: Perish Song\n|\n|-weather|SunnyDay|[upkeep]\n|-heal|p2b: Farigiraf|90\/100|[from] item: Leftovers\n|-heal|p2a: Cresselia|91\/100|[from] item: Leftovers\n|-start|p2b: Farigiraf|perish3\n|-start|p1a: Indeedee|perish3\n|-start|p2a: Cresselia|perish3\n|-start|p1b: Flutter Mane|perish3\n|upkeep\n|turn|6\n|inactive|GrubInTub has 120 seconds left.\n|\n|t:|1698151712\n|move|p1a: Indeedee|Follow Me|p1a: Indeedee\n|-singleturn|p1a: Indeedee|move: Follow Me\n|move|p2b: Farigiraf|Dazzling Gleam|p1b: Flutter Mane|[spread] p1a,p1b\n|-activate|p1b: Flutter Mane|move: Substitute|[damage]\n|-damage|p1a: Indeedee|72\/100\n|move|p2a: Cresselia|Stored Power|p1a: Indeedee\n|-resisted|p1a: Indeedee\n|-damage|p1a: Indeedee|0 fnt\n|faint|p1a: Indeedee\n|move|p1b: Flutter Mane|Thunderbolt|p2b: Farigiraf\n|-damage|p2b: Farigiraf|61\/100\n|\n|-weather|SunnyDay|[upkeep]\n|-heal|p2b: Farigiraf|67\/100|[from] item: Leftovers\n|-heal|p2a: Cresselia|97\/100|[from] item: Leftovers\n|-start|p2b: Farigiraf|perish2\n|-start|p2a: Cresselia|perish2\n|-start|p1b: Flutter Mane|perish2\n|-fieldend|move: Psychic Terrain\n|upkeep\n|inactive|GrubInTub has 120 seconds left.\n|\n|t:|1698151736\n|switch|p1a: Orthworm|Orthworm, F|50\/100\n|turn|7\n|\n|t:|1698151742\n|-end|p1b: Flutter Mane|Protosynthesis|[silent]\n|switch|p1b: Roaring Moon|Roaring Moon|100\/100\n|-activate|p1b: Roaring Moon|ability: Protosynthesis\n|-start|p1b: Roaring Moon|protosynthesisspe\n|move|p2b: Farigiraf|Dazzling Gleam|p1a: Orthworm|[spread] p1a,p1b\n|-resisted|p1a: Orthworm\n|-supereffective|p1b: Roaring Moon\n|-damage|p1a: Orthworm|38\/100\n|-damage|p1b: Roaring Moon|42\/100\n|move|p1a: Orthworm|Stealth Rock|p2b: Farigiraf\n|-sidestart|p2: DoerreKong|move: Stealth Rock\n|move|p2a: Cresselia|Stored Power|p1a: Orthworm\n|-resisted|p1a: Orthworm\n|-damage|p1a: Orthworm|0 fnt\n|faint|p1a: Orthworm\n|\n|-weather|SunnyDay|[upkeep]\n|-heal|p2b: Farigiraf|73\/100|[from] item: Leftovers\n|-heal|p2a: Cresselia|100\/100|[from] item: Leftovers\n|-start|p2b: Farigiraf|perish1\n|-start|p2a: Cresselia|perish1\n|-fieldend|move: Trick Room\n|upkeep\n|inactive|GrubInTub has 120 seconds left.\n|\n|t:|1698151762\n|switch|p1a: Walking Wake|Walking Wake|100\/100\n|-activate|p1a: Walking Wake|ability: Protosynthesis\n|-start|p1a: Walking Wake|protosynthesisspe\n|turn|8\n|\n|t:|1698151779\n|switch|p2a: Dragonite|Dragonite, F|96\/100\n|-damage|p2a: Dragonite|71\/100|[from] Stealth Rock\n|switch|p2b: Diancie|Diancie|100\/100\n|-damage|p2b: Diancie|88\/100|[from] Stealth Rock\n|move|p1b: Roaring Moon|Knock Off|p2a: Dragonite\n|-damage|p2a: Dragonite|5\/100\n|-enditem|p2a: Dragonite|Choice Band|[from] move: Knock Off|[of] p1b: Roaring Moon\n|move|p1a: Walking Wake|Hydro Steam|p2b: Diancie\n|-supereffective|p2b: Diancie\n|-damage|p2b: Diancie|0 fnt\n|faint|p2b: Diancie\n|\n|-weather|none\n|-end|p1b: Roaring Moon|Protosynthesis\n|-end|p1a: Walking Wake|Protosynthesis\n|upkeep\n|\n|t:|1698151782\n|switch|p2b: Cresselia|Cresselia, F|100\/100\n|-damage|p2b: Cresselia|88\/100|[from] Stealth Rock\n|turn|9\n|\n|t:|1698151803\n|move|p2a: Dragonite|Extreme Speed|p1b: Roaring Moon\n|-damage|p1b: Roaring Moon|0 fnt\n|faint|p1b: Roaring Moon\n|-end|p1b: Roaring Moon|Protosynthesis|[silent]\n|move|p1a: Walking Wake|Hydro Steam|p2a: Dragonite\n|-resisted|p2a: Dragonite\n|-damage|p2a: Dragonite|0 fnt\n|faint|p2a: Dragonite\n|move|p2b: Cresselia|Trick Room|p2b: Cresselia\n|-fieldstart|move: Trick Room|[of] p2b: Cresselia\n|\n|-heal|p2b: Cresselia|94\/100|[from] item: Leftovers\n|upkeep\n|\n|t:|1698151812\n|switch|p2a: Torkoal|Torkoal, F|100\/100\n|switch|p1b: Torkoal|Torkoal, L99, M|30\/100\n|-weather|SunnyDay|[from] ability: Drought|[of] p1b: Torkoal\n|-activate|p1a: Walking Wake|ability: Protosynthesis\n|-start|p1a: Walking Wake|protosynthesisspe\n|-damage|p2a: Torkoal|76\/100|[from] Stealth Rock\n|turn|10\n|\n|t:|1698151820\n|move|p1b: Torkoal|Earth Power|p2a: Torkoal\n|-supereffective|p2a: Torkoal\n|-damage|p2a: Torkoal|15\/100\n|-enditem|p2a: Torkoal|Weakness Policy\n|-boost|p2a: Torkoal|atk|2|[from] item: Weakness Policy\n|-boost|p2a: Torkoal|spa|2|[from] item: Weakness Policy\n|move|p2a: Torkoal|Earth Power|p1b: Torkoal\n|-supereffective|p1b: Torkoal\n|-damage|p1b: Torkoal|0 fnt\n|faint|p1b: Torkoal\n|move|p2b: Cresselia|Lunar Blessing|p2b: Cresselia|[spread] p2a,p2b\n|-heal|p2a: Torkoal|40\/100\n|-heal|p2b: Cresselia|100\/100\n|move|p1a: Walking Wake|Hydro Steam|p2b: Cresselia\n|-damage|p2b: Cresselia|50\/100\n|\n|-weather|SunnyDay|[upkeep]\n|-heal|p2b: Cresselia|57\/100|[from] item: Leftovers\n|upkeep\n|c|\u2606GrubInTub|gg\n|-message|GrubInTub forfeited.\n|\n|win|DoerreKong\n|raw|GrubInTub's rating: 1487 &rarr; <strong>1466<\/strong><br \/>(-21 for losing)\n|raw|DoerreKong's rating: 1464 &rarr; <strong>1485<\/strong><br \/>(+21 for winning)\n|c|\u2606DoerreKong|gg\n","uploadtime":1698151834,"views":19,"p1id":"grubintub","p2id":"doerrekong","formatid":"gen9doublesou","rating":1466,"private":0,"password":""}