{"id":"gen9doublesou-1983479185","p1":"jonastw","p2":"12123434a","format":"[Gen 9] Doubles OU","log":"|j|\u2606jonastw\n|j|\u260612123434a\n|t:|1699134524\n|gametype|doubles\n|player|p1|jonastw|265|1322\n|player|p2|12123434a|twins-gen4dp|1527\n|teamsize|p1|6\n|teamsize|p2|6\n|gen|9\n|tier|[Gen 9] Doubles OU\n|rated|\n|rule|Species Clause: Limit one of each Pok\u00e9mon\n|rule|OHKO Clause: OHKO moves are banned\n|rule|Evasion Moves Clause: Evasion moves are banned\n|rule|Gravity Sleep Clause: The combination of sleep-inducing moves with imperfect accuracy and Gravity or Gigantamax Orbeetle are banned\n|rule|Endless Battle Clause: Forcing endless battles is banned\n|rule|HP Percentage Mod: HP is shown in percentages\n|clearpoke\n|poke|p1|Flutter Mane|\n|poke|p1|Landorus-Therian, M|\n|poke|p1|Pelipper, M|\n|poke|p1|Palafin, F|\n|poke|p1|Sinistcha-Masterpiece|\n|poke|p1|Oranguru, F|\n|poke|p2|Ogerpon-Hearthflame, F|\n|poke|p2|Chien-Pao|\n|poke|p2|Ting-Lu|\n|poke|p2|Grimmsnarl, M|\n|poke|p2|Iron Hands|\n|poke|p2|Hatterene, F|\n|teampreview\n|inactive|Battle timer is ON: inactive players will automatically lose when time's up. (requested by 12123434a)\n|inactive|jonastw also wants the timer to be on.\n|\n|t:|1699134539\n|start\n|switch|p1a: Pelipper|Pelipper, M, shiny|100\/100\n|switch|p1b: Palafin|Palafin, F|100\/100\n|switch|p2a: Ogerpon|Ogerpon-Hearthflame, F|100\/100\n|switch|p2b: Grimmsnarl|Grimmsnarl, M|100\/100\n|-ability|p2a: Ogerpon|Mold Breaker\n|-weather|RainDance|[from] ability: Drizzle|[of] p1a: Pelipper\n|turn|1\n|\n|t:|1699134563\n|move|p2a: Ogerpon|Spiky Shield|p2a: Ogerpon\n|-singleturn|p2a: Ogerpon|move: Protect\n|move|p1b: Palafin|Flip Turn|p2b: Grimmsnarl\n|-crit|p2b: Grimmsnarl\n|-damage|p2b: Grimmsnarl|13\/100\n|\n|t:|1699134574\n|detailschange|p1b: Palafin|Palafin-Hero, F\n|switch|p1b: Landorus|Landorus-Therian, M, shiny|100\/100|[from] Flip Turn\n|-ability|p1b: Landorus|Intimidate|boost\n|-unboost|p2a: Ogerpon|atk|1\n|-unboost|p2b: Grimmsnarl|atk|1\n|move|p1a: Pelipper|Tailwind|p1a: Pelipper\n|-sidestart|p1: jonastw|move: Tailwind\n|move|p2b: Grimmsnarl|Spirit Break|p1a: Pelipper\n|-damage|p1a: Pelipper|73\/100\n|-unboost|p1a: Pelipper|spa|1\n|\n|-weather|RainDance|[upkeep]\n|upkeep\n|turn|2\n|\n|t:|1699134591\n|switch|p2a: Ting-Lu|Ting-Lu|100\/100\n|-ability|p2a: Ting-Lu|Vessel of Ruin\n|move|p2b: Grimmsnarl|Parting Shot|p1b: Landorus\n|-unboost|p1b: Landorus|atk|1\n|-unboost|p1b: Landorus|spa|1\n|\n|t:|1699134602\n|switch|p2b: Hatterene|Hatterene, F|100\/100|[from] Parting Shot\n|move|p1b: Landorus|Earthquake|p2a: Ting-Lu|[spread] p2a,p2b\n|-immune|p1a: Pelipper\n|-damage|p2a: Ting-Lu|79\/100\n|-damage|p2b: Hatterene|69\/100\n|-damage|p1b: Landorus|90\/100|[from] item: Life Orb\n|move|p1a: Pelipper|Hurricane|p2a: Ting-Lu\n|-damage|p2a: Ting-Lu|70\/100\n|\n|-weather|RainDance|[upkeep]\n|-heal|p2b: Hatterene|75\/100|[from] item: Leftovers\n|upkeep\n|turn|3\n|inactive|jonastw has 120 seconds left.\n|\n|t:|1699134634\n|move|p1b: Landorus|Earthquake|p2a: Ting-Lu|[spread] p2a,p2b\n|-immune|p1a: Pelipper\n|-damage|p2a: Ting-Lu|47\/100\n|-damage|p2b: Hatterene|44\/100\n|-damage|p1b: Landorus|80\/100|[from] item: Life Orb\n|move|p1a: Pelipper|Hurricane|p2b: Hatterene\n|-damage|p2b: Hatterene|26\/100\n|move|p2a: Ting-Lu|Ruination|p1b: Landorus|[miss]\n|-miss|p2a: Ting-Lu|p1b: Landorus\n|move|p2b: Hatterene|Nuzzle|p1a: Pelipper\n|-supereffective|p1a: Pelipper\n|-damage|p1a: Pelipper|55\/100\n|-status|p1a: Pelipper|par\n|\n|-weather|RainDance|[upkeep]\n|-heal|p2b: Hatterene|32\/100|[from] item: Leftovers\n|upkeep\n|turn|4\n|\n|t:|1699134652\n|move|p1b: Landorus|Earthquake|p2b: Hatterene|[spread] p2a,p2b\n|-immune|p1a: Pelipper\n|-damage|p2a: Ting-Lu|25\/100\n|-damage|p2b: Hatterene|0 fnt\n|faint|p2b: Hatterene\n|-damage|p1b: Landorus|70\/100|[from] item: Life Orb\n|move|p1a: Pelipper|Weather Ball|p2a: Ting-Lu\n|-supereffective|p2a: Ting-Lu\n|-damage|p2a: Ting-Lu|0 fnt\n|faint|p2a: Ting-Lu\n|\n|-weather|RainDance|[upkeep]\n|-sideend|p1: jonastw|move: Tailwind\n|upkeep\n|\n|t:|1699134667\n|switch|p2a: Ogerpon|Ogerpon-Hearthflame, F|100\/100\n|switch|p2b: Grimmsnarl|Grimmsnarl, M|13\/100\n|-ability|p2a: Ogerpon|Mold Breaker\n|turn|5\n|\n|t:|1699134692\n|move|p1b: Landorus|Protect|p1b: Landorus\n|-singleturn|p1b: Landorus|Protect\n|move|p2b: Grimmsnarl|Reflect|p2b: Grimmsnarl\n|-sidestart|p2: 12123434a|Reflect\n|move|p2a: Ogerpon|Swords Dance|p2a: Ogerpon\n|-boost|p2a: Ogerpon|atk|2\n|move|p1a: Pelipper|Tailwind|p1a: Pelipper\n|-sidestart|p1: jonastw|move: Tailwind\n|\n|-weather|RainDance|[upkeep]\n|upkeep\n|turn|6\n|\n|t:|1699134710\n|move|p2b: Grimmsnarl|Light Screen|p2b: Grimmsnarl\n|-sidestart|p2: 12123434a|move: Light Screen\n|move|p1b: Landorus|Earthquake|p2a: Ogerpon|[spread] p2a,p2b\n|-immune|p1a: Pelipper\n|-damage|p2a: Ogerpon|71\/100\n|-damage|p2b: Grimmsnarl|0 fnt\n|faint|p2b: Grimmsnarl\n|-damage|p1b: Landorus|60\/100|[from] item: Life Orb\n|move|p2a: Ogerpon|Horn Leech|p1a: Pelipper\n|-crit|p1a: Pelipper\n|-damage|p1a: Pelipper|0 fnt\n|-heal|p2a: Ogerpon|95\/100|[from] drain|[of] p1a: Pelipper\n|faint|p1a: Pelipper\n|\n|-weather|RainDance|[upkeep]\n|upkeep\n|inactive|jonastw has 120 seconds left.\n|\n|t:|1699134746\n|switch|p1a: Sinistcha|Sinistcha-Masterpiece, shiny|100\/100\n|switch|p2b: Iron Hands|Iron Hands|100\/100\n|-heal|p1b: Landorus|85\/100|[from] ability: Hospitality|[of] p1a: Sinistcha\n|turn|7\n|\n|t:|1699134762\n|switch|p1b: Oranguru|Oranguru, F|100\/100\n|move|p1a: Sinistcha|Protect|p1a: Sinistcha\n|-singleturn|p1a: Sinistcha|Protect\n|move|p2a: Ogerpon|Ivy Cudgel|p1a: Sinistcha\n|-activate|p1a: Sinistcha|move: Protect\n|move|p2b: Iron Hands|Heavy Slam|p1a: Sinistcha\n|-activate|p1a: Sinistcha|move: Protect\n|\n|-weather|RainDance|[upkeep]\n|upkeep\n|turn|8\n|inactive|jonastw has 120 seconds left.\n|\n|t:|1699134810\n|move|p1a: Sinistcha|Shadow Ball|p2b: Iron Hands\n|-damage|p2b: Iron Hands|84\/100\n|move|p1b: Oranguru|Instruct|p1a: Sinistcha\n|-singleturn|p1a: Sinistcha|move: Instruct|[of] p1b: Oranguru\n|move|p1a: Sinistcha|Shadow Ball|p2b: Iron Hands\n|-damage|p2b: Iron Hands|66\/100\n|move|p2a: Ogerpon|Swords Dance|p2a: Ogerpon\n|-boost|p2a: Ogerpon|atk|2\n|move|p2b: Iron Hands|Drain Punch|p1b: Oranguru\n|-damage|p1b: Oranguru|61\/100\n|-heal|p2b: Iron Hands|81\/100|[from] drain|[of] p1b: Oranguru\n|\n|-weather|none\n|-sideend|p1: jonastw|move: Tailwind\n|upkeep\n|turn|9\n|inactive|jonastw has 120 seconds left.\n|inactive|12123434a has 120 seconds left.\n|\n|t:|1699134864\n|move|p2a: Ogerpon|Ivy Cudgel|p1a: Sinistcha\n|-supereffective|p1a: Sinistcha\n|-damage|p1a: Sinistcha|0 fnt\n|faint|p1a: Sinistcha\n|move|p1b: Oranguru|Psychic|p2a: Ogerpon\n|-damage|p2a: Ogerpon|78\/100\n|move|p2b: Iron Hands|Wild Charge|p1b: Oranguru\n|-damage|p1b: Oranguru|14\/100\n|-damage|p2b: Iron Hands|72\/100|[from] Recoil\n|\n|upkeep\n|inactive|jonastw has 120 seconds left.\n|\n|t:|1699134894\n|switch|p1a: Landorus|Landorus-Therian, M, shiny|85\/100\n|-ability|p1a: Landorus|Intimidate|boost\n|-unboost|p2a: Ogerpon|atk|1\n|-unboost|p2b: Iron Hands|atk|1\n|turn|10\n|\n|t:|1699134903\n|-terastallize|p1a: Landorus|Steel\n|move|p1a: Landorus|Earthquake|p2a: Ogerpon|[spread] p1b,p2a,p2b\n|-supereffective|p2b: Iron Hands\n|-damage|p1b: Oranguru|0 fnt\n|-damage|p2a: Ogerpon|33\/100\n|-damage|p2b: Iron Hands|19\/100\n|faint|p1b: Oranguru\n|-damage|p1a: Landorus|75\/100|[from] item: Life Orb\n|move|p2a: Ogerpon|Horn Leech|p1a: Landorus\n|-resisted|p1a: Landorus\n|-crit|p1a: Landorus\n|-damage|p1a: Landorus|0 fnt\n|-heal|p2a: Ogerpon|66\/100|[from] drain|[of] p1a: Landorus\n|faint|p1a: Landorus\n|move|p2b: Iron Hands|Drain Punch|p1: Landorus|[notarget]\n|-fail|p2b: Iron Hands\n|\n|upkeep\n|\n|t:|1699134913\n|switch|p1a: Palafin|Palafin-Hero, F|100\/100\n|switch|p1b: Flutter Mane|Flutter Mane, shiny|100\/100\n|-activate|p1a: Palafin|ability: Zero to Hero\n|-enditem|p1b: Flutter Mane|Booster Energy\n|-activate|p1b: Flutter Mane|ability: Protosynthesis|[fromitem]\n|-start|p1b: Flutter Mane|protosynthesisspa\n|turn|11\n|\n|t:|1699134923\n|move|p1b: Flutter Mane|Protect|p1b: Flutter Mane\n|-singleturn|p1b: Flutter Mane|Protect\n|move|p1a: Palafin|Drain Punch|p2b: Iron Hands\n|-damage|p2b: Iron Hands|0 fnt\n|faint|p2b: Iron Hands\n|-end|p2b: Iron Hands|Quark Drive|[silent]\n|move|p2a: Ogerpon|Horn Leech|p1a: Palafin\n|-supereffective|p1a: Palafin\n|-damage|p1a: Palafin|0 fnt\n|-heal|p2a: Ogerpon|100\/100|[from] drain|[of] p1a: Palafin\n|faint|p1a: Palafin\n|\n|upkeep\n|\n|t:|1699134932\n|switch|p2b: Chien-Pao|Chien-Pao|100\/100\n|-ability|p2b: Chien-Pao|Sword of Ruin\n|turn|12\n|inactive|12123434a has 120 seconds left.\n|c|\u260612123434a|U should of just attacked\n|\n|t:|1699134978\n|-terastallize|p2a: Ogerpon|Fire\n|detailschange|p2a: Ogerpon|Ogerpon-Hearthflame-Tera, F, tera:Fire\n|-ability|p2a: Ogerpon|Embody Aspect (Hearthflame)|boost\n|-boost|p2a: Ogerpon|atk|1\n|move|p2b: Chien-Pao|Crunch|p1b: Flutter Mane\n|-damage|p1b: Flutter Mane|0 fnt\n|faint|p1b: Flutter Mane\n|-end|p1b: Flutter Mane|Protosynthesis|[silent]\n|\n|win|12123434a\n|raw|jonastw's rating: 1322 &rarr; <strong>1313<\/strong><br \/>(-9 for losing)\n|raw|12123434a's rating: 1527 &rarr; <strong>1536<\/strong><br \/>(+9 for winning)\n|c|\u2606jonastw|thx for the advice\n|c|\u2606jonastw|never asked\n|l|\u2606jonastw\n|c|\u260612123434a|Zamn\n","uploadtime":1699135001,"views":12,"p1id":"jonastw","p2id":"12123434a","formatid":"gen9doublesou","rating":1313,"private":0,"password":""}