{"id":"gen9doublesou-1993695448","p1":"LesBIan_Beach","p2":"Brawler206","format":"[Gen 9] Doubles OU","log":"|j|\u2606LesBIan_Beach\n|j|\u2606Brawler206\n|t:|1700346511\n|gametype|doubles\n|player|p1|LesBIan_Beach|cynthia-gen4|1005\n|player|p2|Brawler206|dancer|1099\n|teamsize|p1|6\n|teamsize|p2|6\n|gen|9\n|tier|[Gen 9] Doubles OU\n|rated|\n|rule|Species Clause: Limit one of each Pok\u00e9mon\n|rule|OHKO Clause: OHKO moves are banned\n|rule|Evasion Moves Clause: Evasion moves are banned\n|rule|Gravity Sleep Clause: The combination of sleep-inducing moves with imperfect accuracy and Gravity or Gigantamax Orbeetle are banned\n|rule|Endless Battle Clause: Forcing endless battles is banned\n|rule|HP Percentage Mod: HP is shown in percentages\n|clearpoke\n|poke|p1|Kingambit, F|\n|poke|p1|Maushold|\n|poke|p1|Weavile, F|\n|poke|p1|Garganacl, F|\n|poke|p1|Cresselia, F|\n|poke|p1|Kleavor, F|\n|poke|p2|Grimmsnarl, M|\n|poke|p2|Kingambit, F|\n|poke|p2|Sableye, F|\n|poke|p2|Tornadus, M|\n|poke|p2|Roaring Moon|\n|poke|p2|Kommo-o, M|\n|teampreview\n|inactive|Battle timer is ON: inactive players will automatically lose when time's up. (requested by LesBIan_Beach)\n|inactive|LesBIan_Beach has 120 seconds left.\n|\n|t:|1700346551\n|start\n|switch|p1a: Kleavor|Kleavor, F|100\/100\n|switch|p1b: Cresselia|Cresselia, F|100\/100\n|switch|p2a: Grimmsnarl|Grimmsnarl, M|100\/100\n|switch|p2b: Kingambit|Kingambit, F|100\/100\n|turn|1\n|\n|t:|1700346574\n|move|p2a: Grimmsnarl|Swagger|p2b: Kingambit\n|-boost|p2b: Kingambit|atk|2\n|-start|p2b: Kingambit|confusion\n|-enditem|p2b: Kingambit|Persim Berry|[eat]\n|-end|p2b: Kingambit|confusion\n|move|p2b: Kingambit|Sucker Punch|p1a: Kleavor\n|-damage|p1a: Kleavor|0 fnt\n|faint|p1a: Kleavor\n|move|p1b: Cresselia|Dazzling Gleam|p2a: Grimmsnarl|[spread] p2a,p2b\n|-supereffective|p2a: Grimmsnarl\n|-damage|p2a: Grimmsnarl|80\/100\n|-damage|p2b: Kingambit|88\/100\n|\n|upkeep\n|\n|t:|1700346585\n|switch|p1a: Maushold|Maushold|100\/100\n|turn|2\n|\n|t:|1700346595\n|move|p1b: Cresselia|Protect|p1b: Cresselia\n|-singleturn|p1b: Cresselia|Protect\n|move|p2a: Grimmsnarl|Misty Terrain|p2a: Grimmsnarl\n|-fieldstart|move: Misty Terrain\n|move|p2b: Kingambit|Sucker Punch||[still]\n|-fail|p2b: Kingambit\n|move|p1a: Maushold|Encore|p2b: Kingambit\n|-start|p2b: Kingambit|Encore\n|\n|upkeep\n|turn|3\n|\n|t:|1700346609\n|switch|p1b: Garganacl|Garganacl, F|100\/100\n|move|p2a: Grimmsnarl|Taunt|p1a: Maushold\n|-start|p1a: Maushold|move: Taunt\n|move|p2b: Kingambit|Sucker Punch||[still]\n|-fail|p2b: Kingambit\n|cant|p1a: Maushold|move: Taunt|Tidy Up\n|\n|upkeep\n|turn|4\n|\n|t:|1700346620\n|move|p2a: Grimmsnarl|Swagger|p2b: Kingambit\n|-boost|p2b: Kingambit|atk|2\n|-activate|p2b: Kingambit|move: Misty Terrain\n|move|p2b: Kingambit|Sucker Punch||[still]\n|-fail|p2b: Kingambit\n|move|p1a: Maushold|Population Bomb|p2a: Grimmsnarl\n|-damage|p2a: Grimmsnarl|70\/100\n|-damage|p2a: Grimmsnarl|60\/100\n|-damage|p2a: Grimmsnarl|50\/100\n|-damage|p2a: Grimmsnarl|38\/100\n|-damage|p2a: Grimmsnarl|28\/100\n|-damage|p2a: Grimmsnarl|17\/100\n|-damage|p2a: Grimmsnarl|7\/100\n|-damage|p2a: Grimmsnarl|0 fnt\n|faint|p2a: Grimmsnarl\n|-hitcount|p2: Grimmsnarl|8\n|move|p1b: Garganacl|Iron Defense|p1b: Garganacl\n|-boost|p1b: Garganacl|def|2\n|\n|upkeep\n|\n|t:|1700346638\n|switch|p2a: Sableye|Sableye, F|100\/100\n|turn|5\n|\n|t:|1700346648\n|move|p2a: Sableye|Encore|p1b: Garganacl\n|-start|p1b: Garganacl|Encore\n|move|p2b: Kingambit|Sucker Punch|p1a: Maushold\n|-damage|p1a: Maushold|0 fnt\n|faint|p1a: Maushold\n|move|p1b: Garganacl|Iron Defense|p1b: Garganacl\n|-boost|p1b: Garganacl|def|2\n|\n|-end|p2b: Kingambit|Encore\n|upkeep\n|\n|t:|1700346658\n|switch|p1a: Kingambit|Kingambit, F|100\/100\n|-activate|p1a: Kingambit|ability: Supreme Overlord\n|-start|p1a: Kingambit|fallen2|[silent]\n|turn|6\n|\n|t:|1700346684\n|-terastallize|p2b: Kingambit|Ghost\n|move|p2a: Sableye|Taunt|p1b: Garganacl\n|-start|p1b: Garganacl|move: Taunt\n|move|p1a: Kingambit|Sucker Punch|p2b: Kingambit\n|-supereffective|p2b: Kingambit\n|-damage|p2b: Kingambit|10\/100\n|cant|p1b: Garganacl|move: Taunt|Iron Defense\n|move|p2b: Kingambit|Brick Break|p1a: Kingambit\n|-supereffective|p1a: Kingambit\n|-crit|p1a: Kingambit\n|-damage|p1a: Kingambit|0 fnt\n|faint|p1a: Kingambit\n|-end|p1a: Kingambit|fallen2|[silent]\n|\n|-fieldend|Misty Terrain\n|upkeep\n|inactive|LesBIan_Beach has 120 seconds left.\n|\n|t:|1700346697\n|switch|p1a: Weavile|Weavile, F|100\/100\n|-ability|p1a: Weavile|Pressure\n|turn|7\n|\n|t:|1700346718\n|move|p1a: Weavile|Ice Shard|p2b: Kingambit\n|-damage|p2b: Kingambit|0 fnt\n|faint|p2b: Kingambit\n|move|p2a: Sableye|Taunt||[still]\n|-fail|p2a: Sableye\n|-activate|p1b: Garganacl|move: Struggle\n|move|p1b: Garganacl|Struggle|p2a: Sableye\n|-damage|p2a: Sableye|89\/100\n|-damage|p1b: Garganacl|75\/100|[from] recoil\n|\n|-heal|p1b: Garganacl|82\/100|[from] item: Leftovers\n|-end|p1b: Garganacl|Encore\n|upkeep\n|inactive|Brawler206 has 120 seconds left.\n|-message|Brawler206 forfeited.\n|\n|win|LesBIan_Beach\n|raw|LesBIan_Beach's rating: 1005 &rarr; <strong>1055<\/strong><br \/>(+50 for winning)\n|raw|Brawler206's rating: 1099 &rarr; <strong>1068<\/strong><br \/>(-31 for losing)\n|l|\u2606Brawler206\n","uploadtime":1700346744,"views":5,"p1id":"lesbianbeach","p2id":"brawler206","formatid":"gen9doublesou","rating":1055,"private":0,"password":""}