{"id":"gen9doublesou-1973167241","p1":"Schister","p2":"hoiymenomimnn 4v6","format":"[Gen 9] Doubles OU","log":"|j|\u2606Schister\n|j|\u2606hoiymenomimnn 4v6\n|t:|1697935067\n|gametype|doubles\n|player|p1|Schister|clair|1628\n|player|p2|hoiymenomimnn 4v6|policeman-gen4|1661\n|teamsize|p1|6\n|teamsize|p2|6\n|gen|9\n|tier|[Gen 9] Doubles OU\n|rated|\n|rule|Species Clause: Limit one of each Pok\u00e9mon\n|rule|OHKO Clause: OHKO moves are banned\n|rule|Evasion Moves Clause: Evasion moves are banned\n|rule|Gravity Sleep Clause: The combination of sleep-inducing moves with imperfect accuracy and Gravity or Gigantamax Orbeetle are banned\n|rule|Endless Battle Clause: Forcing endless battles is banned\n|rule|HP Percentage Mod: HP is shown in percentages\n|clearpoke\n|poke|p1|Espathra, M|\n|poke|p1|Skeledirge, M|\n|poke|p1|Rillaboom, M|\n|poke|p1|Ogerpon-Wellspring, F|\n|poke|p1|Flutter Mane|\n|poke|p1|Landorus-Therian, M|\n|poke|p2|Iron Hands, L99|\n|poke|p2|Hatterene, F|\n|poke|p2|Diancie, L99|\n|poke|p2|Indeedee-F, F|\n|poke|p2|Armarouge, M|\n|poke|p2|Torkoal, L99, M|\n|teampreview\n|inactive|Battle timer is ON: inactive players will automatically lose when time's up. (requested by Schister)\n|c|\u2606hoiymenomimnn 4v6|wait wat\n|c|\u2606Schister|If I'm gonna keep playing you two I'm gonna have fun with it\n|inactive|hoiymenomimnn 4v6 has 120 seconds left.\n|\n|t:|1697935103\n|start\n|switch|p1a: Uncompetitive|Espathra, M|100\/100\n|switch|p1b: Bungo Kong|Rillaboom, M|100\/100\n|switch|p2a: Indeed E|Indeedee-F, F|100\/100\n|switch|p2b: Die and See|Diancie, L99|100\/100\n|-fieldstart|move: Grassy Terrain|[from] ability: Grassy Surge|[of] p1b: Bungo Kong\n|-enditem|p1a: Uncompetitive|Grassy Seed\n|-boost|p1a: Uncompetitive|def|1|[from] item: Grassy Seed\n|-fieldstart|move: Psychic Terrain|[from] ability: Psychic Surge|[of] p2a: Indeed E\n|turn|1\n|\n|t:|1697935118\n|move|p2a: Indeed E|Follow Me|p2a: Indeed E\n|-singleturn|p2a: Indeed E|move: Follow Me\n|move|p1a: Uncompetitive|Calm Mind|p1a: Uncompetitive\n|-boost|p1a: Uncompetitive|spa|1\n|-boost|p1a: Uncompetitive|spd|1\n|move|p1b: Bungo Kong|U-turn|p2a: Indeed E\n|-supereffective|p2a: Indeed E\n|-damage|p2a: Indeed E|44\/100\n|-enditem|p2a: Indeed E|Eject Button\n|\n|t:|1697935137\n|switch|p2a: Arm a Rouge|Armarouge, M|100\/100\n|move|p2b: Die and See|Diamond Storm|p1b: Bungo Kong|[spread] p1a,p1b\n|-damage|p1a: Uncompetitive|65\/100\n|-damage|p1b: Bungo Kong|60\/100\n|-boost|p2b: Die and See|def|2\n|-damage|p2b: Die and See|91\/100|[from] item: Life Orb\n|\n|-ability|p1a: Uncompetitive|Speed Boost|boost\n|-boost|p1a: Uncompetitive|spe|1\n|upkeep\n|turn|2\n|\n|t:|1697935153\n|move|p1a: Uncompetitive|Protect|p1a: Uncompetitive\n|-singleturn|p1a: Uncompetitive|Protect\n|move|p1b: Bungo Kong|U-turn|p2a: Arm a Rouge\n|-damage|p2a: Arm a Rouge|77\/100\n|\n|t:|1697935163\n|switch|p1b: Pog|Ogerpon-Wellspring, F|100\/100|[from] U-turn\n|move|p2a: Arm a Rouge|Expanding Force|p1a: Uncompetitive|[spread] p1b\n|-activate|p1a: Uncompetitive|move: Protect\n|-damage|p1b: Pog|42\/100\n|move|p2b: Die and See|Trick Room|p2b: Die and See\n|-fieldstart|move: Trick Room|[of] p2b: Die and See\n|\n|-ability|p1a: Uncompetitive|Speed Boost|boost\n|-boost|p1a: Uncompetitive|spe|1\n|upkeep\n|turn|3\n|\n|t:|1697935186\n|switch|p1b: Bungo Kong|Rillaboom, M|60\/100\n|-fieldstart|move: Grassy Terrain|[from] ability: Grassy Surge|[of] p1b: Bungo Kong\n|move|p2a: Arm a Rouge|Expanding Force|p1b: Bungo Kong\n|-damage|p1b: Bungo Kong|24\/100\n|move|p2b: Die and See|Diamond Storm|p1b: Bungo Kong|[spread] p1a,p1b\n|-damage|p1a: Uncompetitive|29\/100\n|-damage|p1b: Bungo Kong|0 fnt\n|faint|p1b: Bungo Kong\n|-damage|p2b: Die and See|81\/100|[from] item: Life Orb\n|move|p1a: Uncompetitive|Baton Pass|p1a: Uncompetitive\n|\n|t:|1697935198\n|switch|p1a: Dominus Rex|Skeledirge, M|100\/100|[from] Baton Pass\n|\n|-heal|p2a: Arm a Rouge|83\/100|[from] Grassy Terrain\n|-heal|p2b: Die and See|87\/100|[from] Grassy Terrain\n|upkeep\n|\n|t:|1697935210\n|switch|p1b: Pog|Ogerpon-Wellspring, F|42\/100\n|turn|4\n|inactive|hoiymenomimnn 4v6 has 120 seconds left.\n|\n|t:|1697935242\n|switch|p2b: Indeed E|Indeedee-F, F|44\/100\n|-fieldstart|move: Psychic Terrain|[from] ability: Psychic Surge|[of] p2b: Indeed E\n|-terastallize|p1a: Dominus Rex|Fairy\n|move|p2a: Arm a Rouge|Expanding Force|p1b: Pog|[spread] p1a,p1b\n|-crit|p1b: Pog\n|-damage|p1a: Dominus Rex|68\/100\n|-damage|p1b: Pog|0 fnt\n|faint|p1b: Pog\n|move|p1a: Dominus Rex|Torch Song|p2b: Indeed E\n|-damage|p2b: Indeed E|7\/100\n|-boost|p1a: Dominus Rex|spa|1\n|\n|-heal|p1a: Dominus Rex|74\/100|[from] item: Leftovers\n|upkeep\n|inactive|Schister has 120 seconds left.\n|\n|t:|1697935255\n|switch|p1b: Uncompetitive|Espathra, M|29\/100\n|turn|5\n|\n|t:|1697935271\n|move|p2b: Indeed E|Helping Hand|p2a: Arm a Rouge\n|-singleturn|p2a: Arm a Rouge|Helping Hand|[of] p2b: Indeed E\n|move|p1b: Uncompetitive|Protect|p1b: Uncompetitive\n|-singleturn|p1b: Uncompetitive|Protect\n|move|p2a: Arm a Rouge|Expanding Force|p1a: Dominus Rex|[spread] p1a\n|-activate|p1b: Uncompetitive|move: Protect\n|-damage|p1a: Dominus Rex|24\/100\n|move|p1a: Dominus Rex|Slack Off|p1a: Dominus Rex\n|-heal|p1a: Dominus Rex|74\/100\n|\n|-heal|p1a: Dominus Rex|80\/100|[from] item: Leftovers\n|-ability|p1b: Uncompetitive|Speed Boost|boost\n|-boost|p1b: Uncompetitive|spe|1\n|upkeep\n|turn|6\n|c|\u2606hoiymenomimnn 4v6|omfg\n|inactive|hoiymenomimnn 4v6 has 120 seconds left.\n|c|\u2606Schister|Judgement time\n|j| koomsburg\n|\n|t:|1697935314\n|move|p1a: Dominus Rex|Protect|p1a: Dominus Rex\n|-singleturn|p1a: Dominus Rex|Protect\n|move|p2a: Arm a Rouge|Expanding Force|p1b: Uncompetitive|[spread] p1b\n|-activate|p1a: Dominus Rex|move: Protect\n|-resisted|p1b: Uncompetitive\n|-damage|p1b: Uncompetitive|0 fnt\n|faint|p1b: Uncompetitive\n|move|p2b: Indeed E|Light Screen|p2b: Indeed E\n|-sidestart|p2: hoiymenomimnn 4v6|move: Light Screen\n|\n|-heal|p1a: Dominus Rex|87\/100|[from] item: Leftovers\n|-fieldend|move: Trick Room\n|upkeep\n|\n|t:|1697935326\n|switch|p1b: Himothy Turner|Landorus-Therian, M|100\/100\n|-ability|p1b: Himothy Turner|Intimidate|boost\n|-unboost|p2a: Arm a Rouge|atk|1\n|-unboost|p2b: Indeed E|atk|1\n|turn|7\n|\n|t:|1697935336\n|-terastallize|p2a: Arm a Rouge|Grass\n|move|p2b: Indeed E|Follow Me|p2b: Indeed E\n|-singleturn|p2b: Indeed E|move: Follow Me\n|move|p1b: Himothy Turner|Rock Slide|p2a: Arm a Rouge|[spread] p2a,p2b\n|-damage|p2a: Arm a Rouge|62\/100\n|-damage|p2b: Indeed E|0 fnt\n|faint|p2b: Indeed E\n|move|p1a: Dominus Rex|Shadow Ball|p2a: Arm a Rouge\n|-damage|p2a: Arm a Rouge|16\/100\n|move|p2a: Arm a Rouge|Trick Room|p2a: Arm a Rouge\n|-fieldstart|move: Trick Room|[of] p2a: Arm a Rouge\n|\n|-heal|p1a: Dominus Rex|93\/100|[from] item: Leftovers\n|upkeep\n|inactive|hoiymenomimnn 4v6 has 120 seconds left.\n|\n|t:|1697935357\n|switch|p2b: Torque Coal|Torkoal, L99, M|100\/100\n|-weather|SunnyDay|[from] ability: Drought|[of] p2b: Torque Coal\n|turn|8\n|c|\u2606hoiymenomimnn 4v6|ok u almost had me\n|c|\u2606hoiymenomimnn 4v6|but i think i win now\n|\n|t:|1697935372\n|move|p1a: Dominus Rex|Protect|p1a: Dominus Rex\n|-singleturn|p1a: Dominus Rex|Protect\n|move|p2b: Torque Coal|Eruption|p1b: Himothy Turner|[spread] p1b\n|-activate|p1a: Dominus Rex|move: Protect\n|-damage|p1b: Himothy Turner|0 fnt\n|faint|p1b: Himothy Turner\n|move|p2a: Arm a Rouge|Expanding Force|p1a: Dominus Rex\n|-activate|p1a: Dominus Rex|move: Protect\n|\n|-weather|SunnyDay|[upkeep]\n|-heal|p1a: Dominus Rex|99\/100|[from] item: Leftovers\n|-fieldend|move: Psychic Terrain\n|upkeep\n|c|\u2606hoiymenomimnn 4v6|yeah lol\n|\n|t:|1697935380\n|switch|p1b: HER|Flutter Mane|100\/100\n|-activate|p1b: HER|ability: Protosynthesis\n|-start|p1b: HER|protosynthesisspe\n|turn|9\n|\n|t:|1697935392\n|move|p1b: HER|Protect|p1b: HER\n|-singleturn|p1b: HER|Protect\n|move|p2b: Torque Coal|Eruption|p1b: HER|[spread] p1a\n|-activate|p1b: HER|move: Protect\n|-damage|p1a: Dominus Rex|56\/100\n|move|p2a: Arm a Rouge|Armor Cannon|p1a: Dominus Rex\n|-damage|p1a: Dominus Rex|7\/100\n|-unboost|p2a: Arm a Rouge|def|1\n|-unboost|p2a: Arm a Rouge|spd|1\n|move|p1a: Dominus Rex|Slack Off|p1a: Dominus Rex\n|-heal|p1a: Dominus Rex|57\/100\n|\n|-weather|SunnyDay|[upkeep]\n|-heal|p1a: Dominus Rex|63\/100|[from] item: Leftovers\n|upkeep\n|turn|10\n|c|\u2606hoiymenomimnn 4v6|omfg\n|c|\u2606Schister|dirge.\n|inactive|hoiymenomimnn 4v6 has 120 seconds left.\n|c|\u2606hoiymenomimnn 4v6|OK NOW\n|\n|t:|1697935425\n|move|p1a: Dominus Rex|Protect|p1a: Dominus Rex\n|-singleturn|p1a: Dominus Rex|Protect\n|move|p2b: Torque Coal|Eruption|p1b: HER|[spread] p1b\n|-activate|p1a: Dominus Rex|move: Protect\n|-damage|p1b: HER|33\/100\n|move|p2a: Arm a Rouge|Heat Wave|p1b: HER|[spread] p1b\n|-activate|p1a: Dominus Rex|move: Protect\n|-damage|p1b: HER|0 fnt\n|faint|p1b: HER\n|-end|p1b: HER|Protosynthesis|[silent]\n|\n|-weather|SunnyDay|[upkeep]\n|-heal|p1a: Dominus Rex|69\/100|[from] item: Leftovers\n|-sideend|p2: hoiymenomimnn 4v6|move: Light Screen\n|upkeep\n|turn|11\n|c|\u2606hoiymenomimnn 4v6|ok finally\n|c|\u2606hoiymenomimnn 4v6|gg\n|inactive|hoiymenomimnn 4v6 has 120 seconds left.\n|c|\u2606hoiymenomimnn 4v6|also ur double taunting forces me to use hatt\n|\n|t:|1697935453\n|move|p1a: Dominus Rex|Protect||[still]\n|-fail|p1a: Dominus Rex\n|move|p2b: Torque Coal|Eruption|p1a: Dominus Rex\n|-damage|p1a: Dominus Rex|13\/100\n|move|p2a: Arm a Rouge|Armor Cannon|p1a: Dominus Rex\n|-damage|p1a: Dominus Rex|0 fnt\n|-unboost|p2a: Arm a Rouge|def|1\n|-unboost|p2a: Arm a Rouge|spd|1\n|faint|p1a: Dominus Rex\n|\n|win|hoiymenomimnn 4v6\n|raw|Schister's rating: 1628 &rarr; <strong>1610<\/strong><br \/>(-18 for losing)\n|raw|hoiymenomimnn 4v6's rating: 1661 &rarr; <strong>1679<\/strong><br \/>(+18 for winning)\n|c|\u2606Schister|no it doesn't\n|c|\u2606hoiymenomimnn 4v6|it rly does\n|c|\u2606hoiymenomimnn 4v6|cuz roaring kos indeedee\n","uploadtime":1697935476,"views":19,"p1id":"schister","p2id":"hoiymenomimnn4v6","formatid":"gen9doublesou","rating":1610,"private":0,"password":""}