{"id":"gen9doublesou-1977274617","p1":"Jaiper_Showdown","p2":"Tedtalkwithakiwi","format":"[Gen 9] Doubles OU","log":"|j|\u2606Jaiper_Showdown\n|j|\u2606Tedtalkwithakiwi\n|t:|1698397774\n|gametype|doubles\n|player|p1|Jaiper_Showdown|nate|1676\n|player|p2|Tedtalkwithakiwi|cyrus|1491\n|teamsize|p1|6\n|teamsize|p2|6\n|gen|9\n|tier|[Gen 9] Doubles OU\n|rated|\n|rule|Species Clause: Limit one of each Pok\u00e9mon\n|rule|OHKO Clause: OHKO moves are banned\n|rule|Evasion Moves Clause: Evasion moves are banned\n|rule|Gravity Sleep Clause: The combination of sleep-inducing moves with imperfect accuracy and Gravity or Gigantamax Orbeetle are banned\n|rule|Endless Battle Clause: Forcing endless battles is banned\n|rule|HP Percentage Mod: HP is shown in percentages\n|clearpoke\n|poke|p1|Glastrier|\n|poke|p1|Gallade, M|\n|poke|p1|Ting-Lu|\n|poke|p1|Ninetales-Alola, M|\n|poke|p1|Ogerpon-Hearthflame, F|\n|poke|p1|Salamence, M|\n|poke|p2|Ursaluna-Bloodmoon, M|\n|poke|p2|Kingambit, M|\n|poke|p2|Hatterene, F|\n|poke|p2|Slowking-Galar, M|\n|poke|p2|Conkeldurr, M|\n|poke|p2|Enamorus-Therian, F|\n|teampreview\n|\n|t:|1698397787\n|start\n|switch|p1a: Salamence|Salamence, M, shiny|100\/100\n|switch|p1b: Gallade|Gallade, M|100\/100\n|switch|p2a: Kingambit|Kingambit, M|100\/100\n|switch|p2b: Slowking|Slowking-Galar, M|100\/100\n|-ability|p1a: Salamence|Intimidate|boost\n|-unboost|p2a: Kingambit|atk|1\n|-unboost|p2b: Slowking|atk|1\n|turn|1\n|\n|t:|1698397802\n|-end|p2a: Kingambit|fallenundefined|[silent]\n|switch|p2a: Enamorus|Enamorus-Therian, F|100\/100\n|move|p1a: Salamence|Draco Meteor|p2b: Slowking\n|-crit|p2b: Slowking\n|-damage|p2b: Slowking|52\/100\n|-unboost|p1a: Salamence|spa|2\n|-enditem|p1a: Salamence|Eject Pack\n|\n|t:|1698397810\n|switch|p1a: Ting-Lu|Ting-Lu|100\/100\n|-ability|p1a: Ting-Lu|Vessel of Ruin\n|move|p1b: Gallade|Psycho Cut|p2b: Slowking\n|-damage|p2b: Slowking|0 fnt\n|faint|p2b: Slowking\n|\n|upkeep\n|\n|t:|1698397815\n|switch|p2b: Hatterene|Hatterene, F|100\/100\n|turn|2\n|\n|t:|1698397848\n|move|p1b: Gallade|Wide Guard|p1b: Gallade\n|-singleturn|p1b: Gallade|Wide Guard\n|move|p2a: Enamorus|Calm Mind|p2a: Enamorus\n|-boost|p2a: Enamorus|spa|1\n|-boost|p2a: Enamorus|spd|1\n|move|p1a: Ting-Lu|Earthquake|p2a: Enamorus|[spread] p2b\n|-activate|p1b: Gallade|move: Wide Guard\n|-immune|p2a: Enamorus\n|-damage|p2b: Hatterene|78\/100\n|move|p2b: Hatterene|Trick Room|p2b: Hatterene\n|-fieldstart|move: Trick Room|[of] p2b: Hatterene\n|\n|upkeep\n|turn|3\n|\n|t:|1698397864\n|move|p2b: Hatterene|Dazzling Gleam|p1b: Gallade|[spread] p1a,p1b\n|-supereffective|p1a: Ting-Lu\n|-supereffective|p1b: Gallade\n|-damage|p1a: Ting-Lu|74\/100\n|-damage|p1b: Gallade|57\/100\n|move|p1a: Ting-Lu|Earthquake|p2b: Hatterene|[spread] p1b,p2b\n|-immune|p2a: Enamorus\n|-damage|p1b: Gallade|4\/100\n|-damage|p2b: Hatterene|53\/100\n|move|p2a: Enamorus|Draining Kiss|p1b: Gallade\n|-supereffective|p1b: Gallade\n|-damage|p1b: Gallade|0 fnt\n|faint|p1b: Gallade\n|\n|-heal|p1a: Ting-Lu|80\/100|[from] item: Leftovers\n|upkeep\n|\n|t:|1698397875\n|switch|p1b: Glastrier|Glastrier|100\/100\n|turn|4\n|\n|t:|1698397890\n|-terastallize|p2a: Enamorus|Water\n|move|p1a: Ting-Lu|Protect|p1a: Ting-Lu\n|-singleturn|p1a: Ting-Lu|Protect\n|move|p2b: Hatterene|Dazzling Gleam|p1a: Ting-Lu|[spread] p1b\n|-activate|p1a: Ting-Lu|move: Protect\n|-damage|p1b: Glastrier|91\/100\n|move|p1b: Glastrier|Heavy Slam|p2a: Enamorus\n|-resisted|p2a: Enamorus\n|-damage|p2a: Enamorus|77\/100\n|move|p2a: Enamorus|Draining Kiss|p1b: Glastrier\n|-damage|p1b: Glastrier|73\/100\n|-heal|p2a: Enamorus|92\/100|[from] drain|[of] p1b: Glastrier\n|\n|-heal|p1a: Ting-Lu|86\/100|[from] item: Leftovers\n|upkeep\n|turn|5\n|\n|t:|1698397905\n|switch|p1a: Ninetales|Ninetales-Alola, M|100\/100\n|-weather|Snow|[from] ability: Snow Warning|[of] p1a: Ninetales\n|move|p2b: Hatterene|Dazzling Gleam|p1a: Ninetales|[spread] p1a,p1b\n|-damage|p1a: Ninetales|73\/100\n|-damage|p1b: Glastrier|58\/100\n|move|p1b: Glastrier|Heavy Slam|p2b: Hatterene\n|-supereffective|p2b: Hatterene\n|-damage|p2b: Hatterene|0 fnt\n|faint|p2b: Hatterene\n|-ability|p1b: Glastrier|Chilling Neigh|boost\n|-boost|p1b: Glastrier|atk|1\n|move|p2a: Enamorus|Draining Kiss|p1a: Ninetales\n|-damage|p1a: Ninetales|33\/100\n|-heal|p2a: Enamorus|100\/100|[from] drain|[of] p1a: Ninetales\n|\n|-weather|Snow|[upkeep]\n|upkeep\n|\n|t:|1698397909\n|switch|p2b: Kingambit|Kingambit, M|100\/100\n|-activate|p2b: Kingambit|ability: Supreme Overlord\n|-start|p2b: Kingambit|fallen2|[silent]\n|turn|6\n|\n|t:|1698397926\n|-terastallize|p1b: Glastrier|Ground\n|move|p1a: Ninetales|Protect|p1a: Ninetales\n|-singleturn|p1a: Ninetales|Protect\n|move|p1b: Glastrier|High Horsepower|p2b: Kingambit\n|-supereffective|p2b: Kingambit\n|-damage|p2b: Kingambit|0 fnt\n|faint|p2b: Kingambit\n|-end|p2b: Kingambit|fallen2|[silent]\n|-ability|p1b: Glastrier|Chilling Neigh|boost\n|-boost|p1b: Glastrier|atk|1\n|move|p2a: Enamorus|Draining Kiss|p1a: Ninetales\n|-activate|p1a: Ninetales|move: Protect\n|\n|-weather|Snow|[upkeep]\n|-fieldend|move: Trick Room\n|upkeep\n|\n|t:|1698397935\n|switch|p2b: Ursaluna|Ursaluna-Bloodmoon, M|100\/100\n|turn|7\n|\n|t:|1698397943\n|move|p1a: Ninetales|Aurora Veil|p1a: Ninetales\n|-sidestart|p1: Jaiper_Showdown|move: Aurora Veil\n|move|p2b: Ursaluna|Blood Moon|p1b: Glastrier\n|-damage|p1b: Glastrier|29\/100\n|move|p2a: Enamorus|Draining Kiss|p1a: Ninetales\n|-damage|p1a: Ninetales|4\/100\n|move|p1b: Glastrier|High Horsepower|p2a: Enamorus\n|-damage|p2a: Enamorus|0 fnt\n|faint|p2a: Enamorus\n|-ability|p1b: Glastrier|Chilling Neigh|boost\n|-boost|p1b: Glastrier|atk|1\n|\n|-weather|Snow|[upkeep]\n|upkeep\n|\n|t:|1698397946\n|switch|p2a: Conkeldurr|Conkeldurr, M|100\/100\n|turn|8\n|\n|t:|1698397958\n|switch|p1a: Ting-Lu|Ting-Lu|86\/100\n|-ability|p1a: Ting-Lu|Vessel of Ruin\n|move|p2b: Ursaluna|Protect|p2b: Ursaluna\n|-singleturn|p2b: Ursaluna|Protect\n|move|p2a: Conkeldurr|Mach Punch|p1a: Ting-Lu\n|-supereffective|p1a: Ting-Lu\n|-damage|p1a: Ting-Lu|68\/100\n|move|p1b: Glastrier|Icicle Crash|p2b: Ursaluna\n|-activate|p2b: Ursaluna|move: Protect\n|\n|-weather|Snow|[upkeep]\n|-heal|p1a: Ting-Lu|74\/100|[from] item: Leftovers\n|-status|p2a: Conkeldurr|brn|[from] item: Flame Orb\n|upkeep\n|turn|9\n|\n|t:|1698397971\n|switch|p1a: Salamence|Salamence, M, shiny|100\/100\n|-ability|p1a: Salamence|Intimidate|boost\n|-unboost|p2a: Conkeldurr|atk|1\n|-unboost|p2b: Ursaluna|atk|1\n|move|p2b: Ursaluna|Blood Moon|p1b: Glastrier\n|-damage|p1b: Glastrier|1\/100\n|move|p2a: Conkeldurr|Close Combat|p1a: Salamence\n|-resisted|p1a: Salamence\n|-damage|p1a: Salamence|71\/100\n|-unboost|p2a: Conkeldurr|def|1\n|-unboost|p2a: Conkeldurr|spd|1\n|move|p1b: Glastrier|Icicle Crash|p2b: Ursaluna\n|-supereffective|p2b: Ursaluna\n|-damage|p2b: Ursaluna|0 fnt\n|faint|p2b: Ursaluna\n|-ability|p1b: Glastrier|Chilling Neigh|boost\n|-boost|p1b: Glastrier|atk|1\n|\n|-weather|none\n|-damage|p2a: Conkeldurr|94\/100 brn|[from] brn\n|upkeep\n|turn|10\n|\n|t:|1698397989\n|move|p1a: Salamence|Tailwind|p1a: Salamence\n|-sidestart|p1: Jaiper_Showdown|move: Tailwind\n|move|p1b: Glastrier|Icicle Crash|p2a: Conkeldurr\n|-damage|p2a: Conkeldurr|0 fnt\n|faint|p2a: Conkeldurr\n|\n|win|Jaiper_Showdown\n|raw|Jaiper_Showdown's rating: 1676 &rarr; <strong>1686<\/strong><br \/>(+10 for winning)\n|raw|Tedtalkwithakiwi's rating: 1491 &rarr; <strong>1481<\/strong><br \/>(-10 for losing)\n|l|\u2606Tedtalkwithakiwi\n","uploadtime":1698398005,"views":21,"p1id":"jaipershowdown","p2id":"tedtalkwithakiwi","formatid":"gen9doublesou","rating":1481,"private":0,"password":""}