{"id":"gen9doublesou-1976255224","p1":"Eisicle","p2":"EkCantDrawLol","format":"[Gen 9] Doubles OU","log":"|j|\u2606Eisicle\n|j|\u2606EkCantDrawLol\n|t:|1698279023\n|gametype|doubles\n|player|p1|Eisicle|265|1367\n|player|p2|EkCantDrawLol|1|1475\n|teamsize|p1|6\n|teamsize|p2|6\n|gen|9\n|tier|[Gen 9] Doubles OU\n|rated|\n|rule|Species Clause: Limit one of each Pok\u00e9mon\n|rule|OHKO Clause: OHKO moves are banned\n|rule|Evasion Moves Clause: Evasion moves are banned\n|rule|Gravity Sleep Clause: The combination of sleep-inducing moves with imperfect accuracy and Gravity or Gigantamax Orbeetle are banned\n|rule|Endless Battle Clause: Forcing endless battles is banned\n|rule|HP Percentage Mod: HP is shown in percentages\n|clearpoke\n|poke|p1|Ninetales, F|\n|poke|p1|Charizard, M|\n|poke|p1|Iron Hands|\n|poke|p1|Lilligant-Hisui, F|\n|poke|p1|Roaring Moon|\n|poke|p1|Flutter Mane|\n|poke|p2|Kommo-o, F|\n|poke|p2|Tyranitar, M|\n|poke|p2|Flutter Mane|\n|poke|p2|Tornadus, M|\n|poke|p2|Amoonguss, F|\n|poke|p2|Ursaluna, F|\n|teampreview\n|\n|t:|1698279041\n|start\n|switch|p1a: Iron Hands|Iron Hands, shiny|100\/100\n|switch|p1b: Roaring Moon|Roaring Moon|100\/100\n|switch|p2a: Tyranitar|Tyranitar, M, shiny|100\/100\n|switch|p2b: Tornadus|Tornadus, M, shiny|100\/100\n|-weather|Sandstorm|[from] ability: Sand Stream|[of] p2a: Tyranitar\n|turn|1\n|\n|t:|1698279060\n|move|p2b: Tornadus|Protect|p2b: Tornadus\n|-singleturn|p2b: Tornadus|Protect\n|move|p2a: Tyranitar|Protect|p2a: Tyranitar\n|-singleturn|p2a: Tyranitar|Protect\n|move|p1a: Iron Hands|Fake Out|p2b: Tornadus\n|-activate|p2b: Tornadus|move: Protect\n|move|p1b: Roaring Moon|Taunt|p2b: Tornadus\n|-activate|p2b: Tornadus|move: Protect\n|\n|-weather|Sandstorm|[upkeep]\n|-damage|p1b: Roaring Moon|95\/100|[from] Sandstorm\n|-damage|p2b: Tornadus|94\/100|[from] Sandstorm\n|-damage|p1a: Iron Hands|94\/100|[from] Sandstorm\n|upkeep\n|turn|2\n|\n|t:|1698279101\n|-terastallize|p2a: Tyranitar|Flying\n|move|p2b: Tornadus|Tailwind|p2b: Tornadus\n|-sidestart|p2: EkCantDrawLol|move: Tailwind\n|move|p1b: Roaring Moon|Knock Off|p2b: Tornadus\n|-crit|p2b: Tornadus\n|-damage|p2b: Tornadus|0 fnt\n|-enditem|p2b: Tornadus|Mental Herb|[from] move: Knock Off|[of] p1b: Roaring Moon\n|faint|p2b: Tornadus\n|move|p2a: Tyranitar|Rock Slide|p1b: Roaring Moon|[spread] p1b\n|-miss|p2a: Tyranitar|p1a: Iron Hands\n|-damage|p1b: Roaring Moon|51\/100\n|move|p1a: Iron Hands|Drain Punch|p2a: Tyranitar\n|-resisted|p2a: Tyranitar\n|-damage|p2a: Tyranitar|84\/100\n|-heal|p1a: Iron Hands|100\/100|[from] drain|[of] p2a: Tyranitar\n|-damage|p1a: Iron Hands|84\/100|[from] item: Rocky Helmet|[of] p2a: Tyranitar\n|\n|-weather|Sandstorm|[upkeep]\n|-damage|p1b: Roaring Moon|46\/100|[from] Sandstorm\n|-damage|p2a: Tyranitar|77\/100|[from] Sandstorm\n|-damage|p1a: Iron Hands|78\/100|[from] Sandstorm\n|-enditem|p1b: Roaring Moon|Sitrus Berry|[eat]\n|-heal|p1b: Roaring Moon|70\/100|[from] item: Sitrus Berry\n|upkeep\n|\n|t:|1698279119\n|switch|p2b: Amoonguss|Amoonguss, F, shiny|100\/100\n|turn|3\n|\n|t:|1698279139\n|move|p2a: Tyranitar|Protect|p2a: Tyranitar\n|-singleturn|p2a: Tyranitar|Protect\n|move|p1b: Roaring Moon|Taunt|p2b: Amoonguss\n|-start|p2b: Amoonguss|move: Taunt\n|move|p1a: Iron Hands|Wild Charge|p2a: Tyranitar\n|-activate|p2a: Tyranitar|move: Protect\n|cant|p2b: Amoonguss|move: Taunt|Spore\n|\n|-weather|Sandstorm|[upkeep]\n|-damage|p1b: Roaring Moon|64\/100|[from] Sandstorm\n|-damage|p2a: Tyranitar|71\/100|[from] Sandstorm\n|-damage|p1a: Iron Hands|72\/100|[from] Sandstorm\n|-damage|p2b: Amoonguss|94\/100|[from] Sandstorm\n|upkeep\n|turn|4\n|\n|t:|1698279155\n|move|p1b: Roaring Moon|Knock Off|p2b: Amoonguss\n|-damage|p2b: Amoonguss|62\/100\n|-enditem|p2b: Amoonguss|Occa Berry|[from] move: Knock Off|[of] p1b: Roaring Moon\n|move|p2a: Tyranitar|Rock Slide|p1a: Iron Hands|[spread] p1a,p1b\n|-resisted|p1a: Iron Hands\n|-damage|p1a: Iron Hands|60\/100\n|-damage|p1b: Roaring Moon|25\/100\n|move|p1a: Iron Hands|Wild Charge|p2a: Tyranitar\n|-supereffective|p2a: Tyranitar\n|-damage|p2a: Tyranitar|0 fnt\n|-damage|p1a: Iron Hands|44\/100|[from] item: Rocky Helmet|[of] p2a: Tyranitar\n|faint|p2a: Tyranitar\n|-damage|p1a: Iron Hands|29\/100|[from] Recoil\n|move|p2b: Amoonguss|Pollen Puff|p2: Tyranitar|[notarget]\n|-fail|p2b: Amoonguss\n|\n|-weather|Sandstorm|[upkeep]\n|-damage|p1b: Roaring Moon|19\/100|[from] Sandstorm\n|-damage|p1a: Iron Hands|23\/100|[from] Sandstorm\n|-damage|p2b: Amoonguss|56\/100|[from] Sandstorm\n|upkeep\n|\n|t:|1698279171\n|switch|p2a: Ursaluna|Ursaluna, F, shiny|100\/100\n|turn|5\n|\n|t:|1698279192\n|switch|p2b: Flutter Mane|Flutter Mane, shiny|100\/100\n|-enditem|p2b: Flutter Mane|Booster Energy\n|-activate|p2b: Flutter Mane|ability: Protosynthesis|[fromitem]\n|-start|p2b: Flutter Mane|protosynthesisspe\n|move|p2a: Ursaluna|Protect|p2a: Ursaluna\n|-singleturn|p2a: Ursaluna|Protect\n|move|p1b: Roaring Moon|Knock Off|p2a: Ursaluna\n|-activate|p2a: Ursaluna|move: Protect\n|move|p1a: Iron Hands|Drain Punch|p2a: Ursaluna\n|-activate|p2a: Ursaluna|move: Protect\n|\n|-weather|none\n|-sideend|p2: EkCantDrawLol|move: Tailwind\n|-status|p2a: Ursaluna|brn|[from] item: Flame Orb\n|upkeep\n|turn|6\n|\n|t:|1698279218\n|move|p2b: Flutter Mane|Icy Wind|p1b: Roaring Moon|[spread] p1a,p1b\n|-supereffective|p1b: Roaring Moon\n|-damage|p1a: Iron Hands|15\/100\n|-damage|p1b: Roaring Moon|0 fnt\n|-unboost|p1a: Iron Hands|spe|1\n|faint|p1b: Roaring Moon\n|-end|p1b: Roaring Moon|Protosynthesis|[silent]\n|move|p2a: Ursaluna|Facade|p1a: Iron Hands\n|-damage|p1a: Iron Hands|0 fnt\n|faint|p1a: Iron Hands\n|-end|p1a: Iron Hands|Quark Drive|[silent]\n|\n|-damage|p2a: Ursaluna|94\/100 brn|[from] brn\n|upkeep\n|\n|t:|1698279245\n|switch|p1b: Flutter Mane|Flutter Mane|100\/100\n|switch|p1a: Ninetales|Ninetales, F, shiny|100\/100\n|-weather|SunnyDay|[from] ability: Drought|[of] p1a: Ninetales\n|-activate|p1b: Flutter Mane|ability: Protosynthesis\n|-start|p1b: Flutter Mane|protosynthesisspe\n|turn|7\n|\n|t:|1698279272\n|switch|p1a: Charizard|Charizard, M, shiny|100\/100\n|-terastallize|p1b: Flutter Mane|Fairy\n|move|p2a: Ursaluna|Protect|p2a: Ursaluna\n|-singleturn|p2a: Ursaluna|Protect\n|move|p2b: Flutter Mane|Shadow Ball|p1b: Flutter Mane\n|-damage|p1b: Flutter Mane|67\/100\n|move|p1b: Flutter Mane|Shadow Ball|p2b: Flutter Mane\n|-supereffective|p2b: Flutter Mane\n|-damage|p2b: Flutter Mane|0 fnt\n|faint|p2b: Flutter Mane\n|-end|p2b: Flutter Mane|Protosynthesis|[silent]\n|\n|-weather|SunnyDay|[upkeep]\n|-damage|p1a: Charizard|88\/100|[from] ability: Solar Power|[of] p1a: Charizard\n|-damage|p2a: Ursaluna|88\/100 brn|[from] brn\n|upkeep\n|\n|t:|1698279280\n|switch|p2b: Amoonguss|Amoonguss, F, shiny|89\/100\n|turn|8\n|\n|t:|1698279294\n|move|p2b: Amoonguss|Rage Powder|p2b: Amoonguss\n|-singleturn|p2b: Amoonguss|move: Rage Powder\n|move|p1b: Flutter Mane|Shadow Ball|p2b: Amoonguss\n|-damage|p2b: Amoonguss|31\/100\n|-unboost|p2b: Amoonguss|spd|1\n|move|p1a: Charizard|Heat Wave|p2a: Ursaluna|[spread] p2b\n|-miss|p1a: Charizard|p2a: Ursaluna\n|-supereffective|p2b: Amoonguss\n|-damage|p2b: Amoonguss|0 fnt\n|faint|p2b: Amoonguss\n|move|p2a: Ursaluna|Facade|p1a: Charizard\n|-damage|p1a: Charizard|0 fnt\n|faint|p1a: Charizard\n|\n|-weather|SunnyDay|[upkeep]\n|-damage|p2a: Ursaluna|82\/100 brn|[from] brn\n|upkeep\n|\n|t:|1698279310\n|switch|p1a: Lilligant|Lilligant-Hisui, F|100\/100\n|switch|p2b: Kommo-o|Kommo-o, F, shiny|100\/100\n|turn|9\n|\n|t:|1698279323\n|move|p2b: Kommo-o|Protect|p2b: Kommo-o\n|-singleturn|p2b: Kommo-o|Protect\n|move|p1b: Flutter Mane|Shadow Ball|p2a: Ursaluna\n|-immune|p2a: Ursaluna\n|move|p1a: Lilligant|Sleep Powder|p2b: Kommo-o\n|-activate|p2b: Kommo-o|move: Protect\n|move|p2a: Ursaluna|Facade|p1b: Flutter Mane\n|-damage|p1b: Flutter Mane|0 fnt\n|faint|p1b: Flutter Mane\n|-end|p1b: Flutter Mane|Protosynthesis|[silent]\n|\n|-weather|SunnyDay|[upkeep]\n|-damage|p2a: Ursaluna|75\/100 brn|[from] brn\n|upkeep\n|\n|t:|1698279335\n|switch|p1b: Ninetales|Ninetales, F, shiny|100\/100\n|turn|10\n|\n|t:|1698279345\n|move|p1a: Lilligant|Sleep Powder|p2b: Kommo-o\n|-immune|p2b: Kommo-o|[from] ability: Overcoat\n|move|p1b: Ninetales|Solar Beam||[still]\n|-prepare|p1b: Ninetales|Solar Beam\n|-anim|p1b: Ninetales|Solar Beam|p2a: Ursaluna\n|-supereffective|p2a: Ursaluna\n|-damage|p2a: Ursaluna|22\/100 brn\n|move|p2b: Kommo-o|Dragon Claw|p1a: Lilligant\n|-damage|p1a: Lilligant|47\/100\n|move|p2a: Ursaluna|Facade|p1b: Ninetales\n|-enditem|p1b: Ninetales|Focus Sash\n|-damage|p1b: Ninetales|1\/100\n|\n|-weather|SunnyDay|[upkeep]\n|-damage|p2a: Ursaluna|15\/100 brn|[from] brn\n|upkeep\n|turn|11\n|inactive|Battle timer is ON: inactive players will automatically lose when time's up. (requested by EkCantDrawLol)\n|\n|t:|1698279411\n|move|p2b: Kommo-o|Protect|p2b: Kommo-o\n|-singleturn|p2b: Kommo-o|Protect\n|move|p2a: Ursaluna|Protect|p2a: Ursaluna\n|-singleturn|p2a: Ursaluna|Protect\n|move|p1a: Lilligant|Leaf Blade|p2a: Ursaluna\n|-activate|p2a: Ursaluna|move: Protect\n|move|p1b: Ninetales|Will-O-Wisp|p2b: Kommo-o\n|-activate|p2b: Kommo-o|move: Protect\n|\n|-weather|none\n|-damage|p2a: Ursaluna|9\/100 brn|[from] brn\n|upkeep\n|turn|12\n|\n|t:|1698279432\n|move|p1b: Ninetales|Helping Hand|p1a: Lilligant\n|-singleturn|p1a: Lilligant|Helping Hand|[of] p1b: Ninetales\n|move|p2b: Kommo-o|Clangorous Soul|p2b: Kommo-o\n|-boost|p2b: Kommo-o|atk|1\n|-boost|p2b: Kommo-o|def|1\n|-boost|p2b: Kommo-o|spa|1\n|-boost|p2b: Kommo-o|spd|1\n|-boost|p2b: Kommo-o|spe|1\n|-damage|p2b: Kommo-o|68\/100\n|move|p1a: Lilligant|Axe Kick|p2b: Kommo-o\n|-damage|p2b: Kommo-o|14\/100\n|-start|p2b: Kommo-o|confusion\n|move|p2a: Ursaluna|Earthquake|p1a: Lilligant|[spread] p2b,p1a,p1b\n|-resisted|p1a: Lilligant\n|-supereffective|p1b: Ninetales\n|-damage|p2b: Kommo-o|0 fnt\n|-damage|p1a: Lilligant|0 fnt\n|-damage|p1b: Ninetales|0 fnt\n|faint|p2b: Kommo-o\n|faint|p1a: Lilligant\n|faint|p1b: Ninetales\n|\n|win|EkCantDrawLol\n|raw|Eisicle's rating: 1367 &rarr; <strong>1353<\/strong><br \/>(-14 for losing)\n|raw|EkCantDrawLol's rating: 1475 &rarr; <strong>1489<\/strong><br \/>(+14 for winning)\n|c|\u2606EkCantDrawLol|Gg\n|l|\u2606Eisicle\n","uploadtime":1698279455,"views":19,"p1id":"eisicle","p2id":"ekcantdrawlol","formatid":"gen9doublesou","rating":1353,"private":0,"password":""}