{"id":"gen9doublesou-1993800204","p1":"Virtus","p2":"Gilly7715","format":"[Gen 9] Doubles OU","log":"|j|\u2606Virtus\n|j|\u2606Gilly7715\n|t:|1700358792\n|gametype|doubles\n|player|p1|Virtus|1|1120\n|player|p2|Gilly7715|2|1078\n|teamsize|p1|6\n|teamsize|p2|6\n|gen|9\n|tier|[Gen 9] Doubles OU\n|rated|\n|rule|Species Clause: Limit one of each Pok\u00e9mon\n|rule|OHKO Clause: OHKO moves are banned\n|rule|Evasion Moves Clause: Evasion moves are banned\n|rule|Gravity Sleep Clause: The combination of sleep-inducing moves with imperfect accuracy and Gravity or Gigantamax Orbeetle are banned\n|rule|Endless Battle Clause: Forcing endless battles is banned\n|rule|HP Percentage Mod: HP is shown in percentages\n|clearpoke\n|poke|p1|Pikachu, M|\n|poke|p1|Amoonguss, F|\n|poke|p1|Charizard, F|\n|poke|p1|Tyranitar, F|\n|poke|p1|Conkeldurr, M|\n|poke|p1|Landorus-Therian, M|\n|poke|p2|Sunflora, F|\n|poke|p2|Grimmsnarl, M|\n|poke|p2|Florges, F|\n|poke|p2|Hatterene, F|\n|poke|p2|Glimmora, F|\n|poke|p2|Oranguru, F|\n|teampreview\n|\n|t:|1700358803\n|start\n|switch|p1a: Engineman|Conkeldurr, M|100\/100\n|switch|p1b: Joy|Amoonguss, F|100\/100\n|switch|p2a: Florges|Florges, F|100\/100\n|switch|p2b: Oranguru|Oranguru, F|100\/100\n|turn|1\n|inactive|Battle timer is ON: inactive players will automatically lose when time's up. (requested by Gilly7715)\n|inactive|Virtus has 120 seconds left.\n|\n|t:|1700358838\n|switch|p1a: Fat Sparze|Tyranitar, F|100\/100\n|-weather|Sandstorm|[from] ability: Sand Stream|[of] p1a: Fat Sparze\n|move|p2a: Florges|Misty Terrain|p2a: Florges\n|-fieldstart|move: Misty Terrain\n|move|p2b: Oranguru|Reflect|p2b: Oranguru\n|-sidestart|p2: Gilly7715|Reflect\n|move|p1b: Joy|Spore|p2a: Florges\n|-activate|p2a: Florges|move: Misty Terrain\n|\n|-weather|Sandstorm|[upkeep]\n|-damage|p2a: Florges|94\/100|[from] Sandstorm\n|-damage|p2b: Oranguru|94\/100|[from] Sandstorm\n|-damage|p1b: Joy|94\/100|[from] Sandstorm\n|-heal|p2a: Florges|100\/100|[from] item: Leftovers\n|-heal|p1b: Joy|100\/100|[from] item: Leftovers\n|upkeep\n|turn|2\n|\n|t:|1700358858\n|move|p1b: Joy|Rage Powder|p1b: Joy\n|-singleturn|p1b: Joy|move: Rage Powder\n|move|p1a: Fat Sparze|Dragon Dance|p1a: Fat Sparze\n|-boost|p1a: Fat Sparze|atk|1\n|-boost|p1a: Fat Sparze|spe|1\n|move|p2a: Florges|Moonblast|p1b: Joy\n|-resisted|p1b: Joy\n|-damage|p1b: Joy|88\/100\n|-unboost|p1b: Joy|spa|1\n|move|p2b: Oranguru|Light Screen|p2b: Oranguru\n|-sidestart|p2: Gilly7715|move: Light Screen\n|\n|-weather|Sandstorm|[upkeep]\n|-damage|p2a: Florges|94\/100|[from] Sandstorm\n|-damage|p2b: Oranguru|88\/100|[from] Sandstorm\n|-damage|p1b: Joy|82\/100|[from] Sandstorm\n|-heal|p2a: Florges|100\/100|[from] item: Leftovers\n|-heal|p1b: Joy|88\/100|[from] item: Leftovers\n|upkeep\n|turn|3\n|\n|t:|1700358874\n|switch|p2b: Sunflora|Sunflora, F|100\/100\n|-enditem|p2b: Sunflora|Misty Seed\n|-boost|p2b: Sunflora|spd|1|[from] item: Misty Seed\n|-activate|p2a: Florges|ability: Symbiosis|Leftovers|[of] p2b: Sunflora\n|move|p1b: Joy|Rage Powder|p1b: Joy\n|-singleturn|p1b: Joy|move: Rage Powder\n|move|p1a: Fat Sparze|Dragon Dance|p1a: Fat Sparze\n|-boost|p1a: Fat Sparze|atk|1\n|-boost|p1a: Fat Sparze|spe|1\n|move|p2a: Florges|Pollen Puff|p1b: Joy\n|-damage|p1b: Joy|73\/100\n|\n|-weather|Sandstorm|[upkeep]\n|-damage|p2a: Florges|94\/100|[from] Sandstorm\n|-damage|p1b: Joy|67\/100|[from] Sandstorm\n|-damage|p2b: Sunflora|94\/100|[from] Sandstorm\n|-heal|p2b: Sunflora|100\/100|[from] item: Leftovers\n|-heal|p1b: Joy|73\/100|[from] item: Leftovers\n|upkeep\n|turn|4\n|\n|t:|1700358896\n|move|p1b: Joy|Rage Powder|p1b: Joy\n|-singleturn|p1b: Joy|move: Rage Powder\n|move|p1a: Fat Sparze|Ice Punch|p2b: Sunflora\n|-supereffective|p2b: Sunflora\n|-damage|p2b: Sunflora|0 fnt\n|faint|p2b: Sunflora\n|move|p2a: Florges|Pollen Puff|p1b: Joy\n|-damage|p1b: Joy|59\/100\n|\n|-weather|Sandstorm|[upkeep]\n|-damage|p2a: Florges|88\/100|[from] Sandstorm\n|-damage|p1b: Joy|52\/100|[from] Sandstorm\n|-heal|p1b: Joy|59\/100|[from] item: Leftovers\n|upkeep\n|\n|t:|1700358910\n|switch|p2b: Hatterene|Hatterene, F|100\/100\n|turn|5\n|inactive|Virtus has 120 seconds left.\n|\n|t:|1700358946\n|-terastallize|p2b: Hatterene|Dark\n|move|p1b: Joy|Rage Powder|p1b: Joy\n|-singleturn|p1b: Joy|move: Rage Powder\n|move|p1a: Fat Sparze|Knock Off|p2b: Hatterene\n|-resisted|p2b: Hatterene\n|-damage|p2b: Hatterene|69\/100\n|-enditem|p2b: Hatterene|Aguav Berry|[from] move: Knock Off|[of] p1a: Fat Sparze\n|move|p2a: Florges|Pollen Puff|p1b: Joy\n|-damage|p1b: Joy|43\/100\n|move|p2b: Hatterene|Dazzling Gleam|p1a: Fat Sparze|[spread] p1a,p1b\n|-supereffective|p1a: Fat Sparze\n|-resisted|p1b: Joy\n|-damage|p1a: Fat Sparze|63\/100\n|-damage|p1b: Joy|35\/100\n|\n|-weather|none\n|-heal|p1a: Fat Sparze|69\/100|[from] item: Leftovers\n|-heal|p1b: Joy|41\/100|[from] item: Leftovers\n|-fieldend|Misty Terrain\n|upkeep\n|turn|6\n|inactive|Virtus has 120 seconds left.\n|\n|t:|1700358988\n|move|p1b: Joy|Protect|p1b: Joy\n|-singleturn|p1b: Joy|Protect\n|move|p1a: Fat Sparze|Earthquake|p2a: Florges|[spread] p2a,p2b\n|-activate|p1b: Joy|move: Protect\n|-damage|p2a: Florges|54\/100\n|-damage|p2b: Hatterene|33\/100\n|move|p2a: Florges|Misty Terrain|p2a: Florges\n|-fieldstart|move: Misty Terrain\n|move|p2b: Hatterene|Psychic|p1b: Joy\n|-activate|p1b: Joy|move: Protect\n|\n|-heal|p1a: Fat Sparze|75\/100|[from] item: Leftovers\n|-heal|p1b: Joy|48\/100|[from] item: Leftovers\n|upkeep\n|turn|7\n|inactive|Virtus has 120 seconds left.\n|\n|t:|1700359012\n|move|p1b: Joy|Rage Powder|p1b: Joy\n|-singleturn|p1b: Joy|move: Rage Powder\n|move|p1a: Fat Sparze|Earthquake|p2a: Florges|[spread] p1b,p2a,p2b\n|-damage|p1b: Joy|0 fnt\n|-damage|p2a: Florges|17\/100\n|-damage|p2b: Hatterene|0 fnt\n|faint|p1b: Joy\n|faint|p2b: Hatterene\n|move|p2a: Florges|Pollen Puff|p1a: Fat Sparze\n|-supereffective|p1a: Fat Sparze\n|-damage|p1a: Fat Sparze|32\/100\n|\n|-heal|p1a: Fat Sparze|39\/100|[from] item: Leftovers\n|upkeep\n|\n|t:|1700359025\n|switch|p1b: Shane|Pikachu, M|100\/100\n|switch|p2b: Glimmora|Glimmora, F|100\/100\n|turn|8\n|\n|t:|1700359033\n|switch|p1b: Caul Strife|Charizard, F|100\/100\n|move|p1a: Fat Sparze|Earthquake|p2b: Glimmora|[spread] p2a,p2b\n|-immune|p1b: Caul Strife\n|-crit|p2a: Florges\n|-supereffective|p2b: Glimmora\n|-damage|p2a: Florges|0 fnt\n|-damage|p2b: Glimmora|0 fnt\n|-activate|p2b: Glimmora|ability: Toxic Debris\n|-sidestart|p1: Virtus|move: Toxic Spikes\n|faint|p2a: Florges\n|faint|p2b: Glimmora\n|\n|-heal|p1a: Fat Sparze|45\/100|[from] item: Leftovers\n|-sideend|p2: Gilly7715|Reflect\n|upkeep\n|\n|t:|1700359037\n|switch|p2b: Oranguru|Oranguru, F|88\/100\n|switch|p2a: Grimmsnarl|Grimmsnarl, M|100\/100\n|turn|9\n|\n|t:|1700359053\n|move|p2a: Grimmsnarl|Fake Out|p1b: Caul Strife\n|-damage|p1b: Caul Strife|86\/100\n|move|p1a: Fat Sparze|Earthquake|p2b: Oranguru|[spread] p2a,p2b\n|-immune|p1b: Caul Strife\n|-damage|p2a: Grimmsnarl|46\/100\n|-damage|p2b: Oranguru|42\/100\n|cant|p1b: Caul Strife|flinch\n|move|p2b: Oranguru|Hyper Voice|p1b: Caul Strife|[spread] p1a,p1b\n|-resisted|p1a: Fat Sparze\n|-damage|p1a: Fat Sparze|34\/100\n|-damage|p1b: Caul Strife|60\/100\n|\n|-heal|p1a: Fat Sparze|40\/100|[from] item: Leftovers\n|-sideend|p2: Gilly7715|move: Light Screen\n|upkeep\n|turn|10\n|c|\u2606Virtus|gf\n|\n|t:|1700359067\n|move|p1b: Caul Strife|Endure|p1b: Caul Strife\n|-singleturn|p1b: Caul Strife|move: Endure\n|move|p2a: Grimmsnarl|Parting Shot|p1b: Caul Strife\n|-unboost|p1b: Caul Strife|atk|1\n|-unboost|p1b: Caul Strife|spa|1\n|move|p1a: Fat Sparze|Earthquake|p2b: Oranguru|[spread] p2a,p2b\n|-immune|p1b: Caul Strife\n|-damage|p2a: Grimmsnarl|0 fnt\n|-damage|p2b: Oranguru|0 fnt\n|faint|p2a: Grimmsnarl\n|faint|p2b: Oranguru\n|\n|win|Virtus\n|raw|Virtus's rating: 1120 &rarr; <strong>1142<\/strong><br \/>(+22 for winning)\n|raw|Gilly7715's rating: 1078 &rarr; <strong>1059<\/strong><br \/>(-19 for losing)\n|l|\u2606Gilly7715\n","uploadtime":1700359085,"views":10,"p1id":"virtus","p2id":"gilly7715","formatid":"gen9doublesou","rating":1059,"private":0,"password":""}