{"id":"gen9doublesou-1975848363","p1":"Theglob77","p2":"mikeyuwu","format":"[Gen 9] Doubles OU","log":"|j|\u2606Theglob77\n|j|\u2606mikeyuwu\n|t:|1698243546\n|gametype|doubles\n|player|p1|Theglob77|falkner|1170\n|player|p2|mikeyuwu|psychic-gen4|1236\n|teamsize|p1|6\n|teamsize|p2|6\n|gen|9\n|tier|[Gen 9] Doubles OU\n|rated|\n|rule|Species Clause: Limit one of each Pok\u00e9mon\n|rule|OHKO Clause: OHKO moves are banned\n|rule|Evasion Moves Clause: Evasion moves are banned\n|rule|Gravity Sleep Clause: The combination of sleep-inducing moves with imperfect accuracy and Gravity or Gigantamax Orbeetle are banned\n|rule|Endless Battle Clause: Forcing endless battles is banned\n|rule|HP Percentage Mod: HP is shown in percentages\n|clearpoke\n|poke|p1|Slaking, M|\n|poke|p1|Weezing-Galar, M|\n|poke|p1|Ribombee, M|\n|poke|p1|Ceruledge, M|\n|poke|p1|Farigiraf, F|\n|poke|p1|Dragapult, F|\n|poke|p2|Garchomp, M|\n|poke|p2|Tyranitar, F|\n|poke|p2|Vaporeon, F|\n|poke|p2|Toxicroak, M|\n|poke|p2|Pelipper, F|\n|poke|p2|Abomasnow, M|\n|teampreview\n|inactive|Battle timer is ON: inactive players will automatically lose when time's up. (requested by Theglob77)\n|\n|t:|1698243557\n|start\n|switch|p1a: Weezing|Weezing-Galar, M|100\/100\n|switch|p1b: Slaking|Slaking, M|100\/100\n|switch|p2a: OTLHPM|Toxicroak, M|100\/100\n|switch|p2b: Extra Spicy|Garchomp, M|100\/100\n|-ability|p1a: Weezing|Neutralizing Gas\n|turn|1\n|\n|t:|1698243578\n|switch|p2a: Weather War|Pelipper, F|100\/100\n|-terastallize|p1b: Slaking|Ghost\n|move|p1b: Slaking|Body Slam|p2b: Extra Spicy\n|-damage|p2b: Extra Spicy|59\/100\n|-damage|p1b: Slaking|84\/100|[from] item: Rocky Helmet|[of] p2b: Extra Spicy\n|-damage|p1b: Slaking|74\/100|[from] item: Life Orb\n|move|p2b: Extra Spicy|Earthquake|p1a: Weezing|[spread] p1a,p1b\n|-immune|p2a: Weather War\n|-supereffective|p1a: Weezing\n|-damage|p1a: Weezing|47\/100\n|-damage|p1b: Slaking|51\/100\n|move|p1a: Weezing|Destiny Bond|p1a: Weezing\n|-singlemove|p1a: Weezing|Destiny Bond\n|\n|upkeep\n|turn|2\n|\n|t:|1698243595\n|move|p1b: Slaking|Rock Slide|p2a: Weather War|[spread] p2a,p2b\n|-supereffective|p2a: Weather War\n|-resisted|p2b: Extra Spicy\n|-damage|p2a: Weather War|53\/100\n|-damage|p2b: Extra Spicy|50\/100\n|-damage|p1b: Slaking|41\/100|[from] item: Life Orb\n|cant|p2b: Extra Spicy|flinch\n|move|p2a: Weather War|Chilling Water|p1b: Slaking\n|-damage|p1b: Slaking|22\/100\n|-unboost|p1b: Slaking|atk|1\n|move|p1a: Weezing|Dazzling Gleam|p2b: Extra Spicy|[spread] p2a,p2b\n|-crit|p2a: Weather War\n|-supereffective|p2b: Extra Spicy\n|-damage|p2a: Weather War|0 fnt\n|-damage|p2b: Extra Spicy|5\/100\n|faint|p2a: Weather War\n|\n|upkeep\n|\n|t:|1698243608\n|switch|p2a: Harmacy|Vaporeon, F|100\/100\n|turn|3\n|\n|t:|1698243613\n|move|p1b: Slaking|Rock Slide|p2b: Extra Spicy|[spread] p2a,p2b\n|-resisted|p2b: Extra Spicy\n|-damage|p2a: Harmacy|86\/100\n|-damage|p2b: Extra Spicy|0 fnt\n|faint|p2b: Extra Spicy\n|-damage|p1b: Slaking|12\/100|[from] item: Life Orb\n|move|p2a: Harmacy|Icy Wind|p1a: Weezing|[spread] p1a,p1b\n|-damage|p1a: Weezing|33\/100\n|-damage|p1b: Slaking|1\/100\n|-unboost|p1a: Weezing|spe|1\n|-unboost|p1b: Slaking|spe|1\n|move|p1a: Weezing|Clear Smog|p1b: Slaking\n|-resisted|p1b: Slaking\n|-damage|p1b: Slaking|0 fnt\n|-clearboost|p1b: Slaking\n|faint|p1b: Slaking\n|\n|-heal|p2a: Harmacy|93\/100|[from] item: Leftovers\n|upkeep\n|\n|t:|1698243629\n|switch|p1b: Ribombee|Ribombee, M|100\/100\n|switch|p2b: OTLHPM|Toxicroak, M|100\/100\n|turn|4\n|\n|t:|1698243640\n|move|p1b: Ribombee|Tailwind|p1b: Ribombee\n|-sidestart|p1: Theglob77|move: Tailwind\n|move|p1a: Weezing|Destiny Bond|p1a: Weezing\n|-singlemove|p1a: Weezing|Destiny Bond\n|move|p2b: OTLHPM|Poison Jab|p1b: Ribombee\n|-supereffective|p1b: Ribombee\n|-enditem|p1b: Ribombee|Focus Sash\n|-damage|p1b: Ribombee|1\/100\n|move|p2a: Harmacy|Icy Wind|p1a: Weezing|[spread] p1a,p1b\n|-damage|p1a: Weezing|19\/100\n|-damage|p1b: Ribombee|0 fnt\n|-unboost|p1a: Weezing|spe|1\n|faint|p1b: Ribombee\n|\n|-heal|p2a: Harmacy|99\/100|[from] item: Leftovers\n|upkeep\n|\n|t:|1698243656\n|switch|p1b: Dragapult|Dragapult, F|100\/100\n|turn|5\n|\n|t:|1698243669\n|move|p1b: Dragapult|Dragon Darts|p2a: Harmacy\n|-damage|p2a: Harmacy|73\/100\n|-anim|p1b: Dragapult|Dragon Darts|p2b: OTLHPM\n|-damage|p2b: OTLHPM|52\/100\n|move|p2b: OTLHPM|Poison Jab|p1b: Dragapult\n|-resisted|p1b: Dragapult\n|-damage|p1b: Dragapult|75\/100\n|-status|p1b: Dragapult|psn\n|move|p2a: Harmacy|Icy Wind|p1b: Dragapult|[spread] p1a,p1b\n|-crit|p1a: Weezing\n|-supereffective|p1b: Dragapult\n|-damage|p1a: Weezing|0 fnt\n|-damage|p1b: Dragapult|44\/100 psn\n|-unboost|p1b: Dragapult|spe|1\n|faint|p1a: Weezing\n|-activate|p1a: Weezing|move: Destiny Bond\n|-end|p1a: Weezing|ability: Neutralizing Gas\n|faint|p2a: Harmacy\n|\n|-heal|p2b: OTLHPM|58\/100|[from] item: Black Sludge\n|-damage|p1b: Dragapult|32\/100 psn|[from] psn\n|upkeep\n|\n|t:|1698243689\n|switch|p2a: Cold Shoulder|Abomasnow, M, shiny|100\/100\n|switch|p1a: Ceruledge|Ceruledge, M|100\/100\n|-weather|Snow|[from] ability: Snow Warning|[of] p2a: Cold Shoulder\n|turn|6\n|\n|t:|1698243702\n|switch|p1b: Farigiraf|Farigiraf, F|100\/100\n|switch|p2b: ThcrThnSnkr|Tyranitar, F|100\/100\n|-weather|Sandstorm|[from] ability: Sand Stream|[of] p2b: ThcrThnSnkr\n|-terastallize|p2a: Cold Shoulder|Water\n|move|p1a: Ceruledge|Endure|p1a: Ceruledge\n|-singleturn|p1a: Ceruledge|move: Endure\n|move|p2a: Cold Shoulder|Weather Ball|p1a: Ceruledge\n|-supereffective|p1a: Ceruledge\n|-damage|p1a: Ceruledge|45\/100\n|-enditem|p1a: Ceruledge|Weakness Policy\n|-boost|p1a: Ceruledge|atk|2|[from] item: Weakness Policy\n|-boost|p1a: Ceruledge|spa|2|[from] item: Weakness Policy\n|\n|-weather|Sandstorm|[upkeep]\n|-damage|p1a: Ceruledge|39\/100|[from] Sandstorm\n|-damage|p1b: Farigiraf|94\/100|[from] Sandstorm\n|-damage|p2a: Cold Shoulder|94\/100|[from] Sandstorm\n|upkeep\n|turn|7\n|inactive|Theglob77 has 120 seconds left.\n|\n|t:|1698243733\n|move|p1b: Farigiraf|Ally Switch|p1b: Farigiraf\n|swap|p1b: Farigiraf|0|[from] move: Ally Switch\n|move|p1b: Ceruledge|Brick Break|p2b: ThcrThnSnkr\n|-supereffective|p2b: ThcrThnSnkr\n|-damage|p2b: ThcrThnSnkr|0 fnt\n|faint|p2b: ThcrThnSnkr\n|move|p2a: Cold Shoulder|Weather Ball|p1a: Farigiraf\n|-damage|p1a: Farigiraf|69\/100\n|\n|-weather|Sandstorm|[upkeep]\n|-damage|p1b: Ceruledge|32\/100|[from] Sandstorm\n|-damage|p1a: Farigiraf|63\/100|[from] Sandstorm\n|-damage|p2a: Cold Shoulder|88\/100|[from] Sandstorm\n|-sideend|p1: Theglob77|move: Tailwind\n|upkeep\n|\n|t:|1698243737\n|switch|p2b: OTLHPM|Toxicroak, M|58\/100\n|turn|8\n|\n|t:|1698243755\n|move|p1a: Farigiraf|Ally Switch||[still]\n|-fail|p1a: Farigiraf\n|move|p1b: Ceruledge|Bitter Blade|p2a: Cold Shoulder\n|-resisted|p2a: Cold Shoulder\n|-damage|p2a: Cold Shoulder|52\/100\n|-heal|p1b: Ceruledge|54\/100|[from] drain|[of] p2a: Cold Shoulder\n|move|p2b: OTLHPM|Earthquake|p1b: Ceruledge|[spread] p2a,p1a,p1b\n|-supereffective|p1b: Ceruledge\n|-damage|p2a: Cold Shoulder|31\/100\n|-damage|p1a: Farigiraf|39\/100\n|-damage|p1b: Ceruledge|0 fnt\n|faint|p1b: Ceruledge\n|move|p2a: Cold Shoulder|Weather Ball|p1a: Farigiraf\n|-damage|p1a: Farigiraf|14\/100\n|\n|-weather|Sandstorm|[upkeep]\n|-damage|p2b: OTLHPM|52\/100|[from] Sandstorm\n|-damage|p2a: Cold Shoulder|25\/100|[from] Sandstorm\n|-damage|p1a: Farigiraf|8\/100|[from] Sandstorm\n|-heal|p2b: OTLHPM|58\/100|[from] item: Black Sludge\n|upkeep\n|\n|t:|1698243770\n|switch|p1b: Dragapult|Dragapult, F|32\/100 psn\n|turn|9\n|\n|t:|1698243776\n|move|p1b: Dragapult|Dragon Darts|p2b: OTLHPM\n|-damage|p2b: OTLHPM|4\/100\n|-anim|p1b: Dragapult|Dragon Darts|p2a: Cold Shoulder\n|-damage|p2a: Cold Shoulder|0 fnt\n|faint|p2a: Cold Shoulder\n|move|p2b: OTLHPM|Earthquake|p1a: Farigiraf|[spread] p1a,p1b\n|-damage|p1a: Farigiraf|0 fnt\n|-damage|p1b: Dragapult|0 fnt\n|faint|p1a: Farigiraf\n|faint|p1b: Dragapult\n|\n|win|mikeyuwu\n|raw|Theglob77's rating: 1170 &rarr; <strong>1150<\/strong><br \/>(-20 for losing)\n|raw|mikeyuwu's rating: 1236 &rarr; <strong>1256<\/strong><br \/>(+20 for winning)\n|l|\u2606Theglob77\n","uploadtime":1698243783,"views":23,"p1id":"theglob77","p2id":"mikeyuwu","formatid":"gen9doublesou","rating":1150,"private":0,"password":""}