{"id":"gen9doublesou-1986380419","p1":"Giv a name5","p2":"Black_Kamui9","format":"[Gen 9] Doubles OU","log":"|j|\u2606Giv a name5\n|j|\u2606Black_Kamui9\n|t:|1699474020\n|gametype|doubles\n|player|p1|Giv a name5|harlequin|1319\n|player|p2|Black_Kamui9|ingo|1272\n|teamsize|p1|6\n|teamsize|p2|6\n|gen|9\n|tier|[Gen 9] Doubles OU\n|rated|\n|rule|Species Clause: Limit one of each Pok\u00e9mon\n|rule|OHKO Clause: OHKO moves are banned\n|rule|Evasion Moves Clause: Evasion moves are banned\n|rule|Gravity Sleep Clause: The combination of sleep-inducing moves with imperfect accuracy and Gravity or Gigantamax Orbeetle are banned\n|rule|Endless Battle Clause: Forcing endless battles is banned\n|rule|HP Percentage Mod: HP is shown in percentages\n|clearpoke\n|poke|p1|Ninetales, F|\n|poke|p1|Arboliva, F|\n|poke|p1|Flutter Mane|\n|poke|p1|Ogerpon-Hearthflame, F|\n|poke|p1|Clefairy, F|\n|poke|p1|Walking Wake|\n|poke|p2|Dragonite, M|\n|poke|p2|Baxcalibur, M|\n|poke|p2|Sneasler, M|\n|poke|p2|Arcanine-Hisui, M|\n|poke|p2|Grimmsnarl, M|\n|poke|p2|Gyarados, M|\n|teampreview\n|\n|t:|1699474044\n|start\n|switch|p1a: Ninetales|Ninetales, F|100\/100\n|switch|p1b: Walking Wake|Walking Wake|100\/100\n|switch|p2a: Pulp Fiction|Grimmsnarl, M|100\/100\n|switch|p2b: Mach 5|Dragonite, M|100\/100\n|-weather|SunnyDay|[from] ability: Drought|[of] p1a: Ninetales\n|-activate|p1b: Walking Wake|ability: Protosynthesis\n|-start|p1b: Walking Wake|protosynthesisspa\n|turn|1\n|\n|t:|1699474078\n|move|p2a: Pulp Fiction|Light Screen|p2a: Pulp Fiction\n|-sidestart|p2: Black_Kamui9|move: Light Screen\n|move|p1b: Walking Wake|Dragon Pulse|p2b: Mach 5\n|-supereffective|p2b: Mach 5\n|-damage|p2b: Mach 5|54\/100\n|-damage|p1b: Walking Wake|90\/100|[from] item: Life Orb\n|move|p1a: Ninetales|Shadow Ball|p2b: Mach 5\n|-crit|p2b: Mach 5\n|-damage|p2b: Mach 5|23\/100\n|move|p2b: Mach 5|Dragon Claw|p1b: Walking Wake\n|-supereffective|p1b: Walking Wake\n|-damage|p1b: Walking Wake|0 fnt\n|faint|p1b: Walking Wake\n|-end|p1b: Walking Wake|Protosynthesis|[silent]\n|\n|-weather|SunnyDay|[upkeep]\n|upkeep\n|\n|t:|1699474089\n|switch|p1b: Flutter Mane|Flutter Mane|100\/100\n|-activate|p1b: Flutter Mane|ability: Protosynthesis\n|-start|p1b: Flutter Mane|protosynthesisspa\n|turn|2\n|\n|t:|1699474103\n|move|p2b: Mach 5|Extreme Speed|p1a: Ninetales\n|-damage|p1a: Ninetales|51\/100\n|move|p2a: Pulp Fiction|Parting Shot|p1b: Flutter Mane\n|-unboost|p1b: Flutter Mane|atk|1\n|-unboost|p1b: Flutter Mane|spa|1\n|\n|t:|1699474112\n|switch|p2a: Akatsuki|Arcanine-Hisui, M|100\/100|[from] Parting Shot\n|-ability|p2a: Akatsuki|Intimidate|boost\n|-unboost|p1a: Ninetales|atk|1\n|-unboost|p1b: Flutter Mane|atk|1\n|move|p1b: Flutter Mane|Dazzling Gleam|p2b: Mach 5|[spread] p2a,p2b\n|-resisted|p2a: Akatsuki\n|-supereffective|p2b: Mach 5\n|-damage|p2a: Akatsuki|90\/100\n|-damage|p2b: Mach 5|0 fnt\n|faint|p2b: Mach 5\n|move|p1a: Ninetales|Heat Wave|p2a: Akatsuki\n|-resisted|p2a: Akatsuki\n|-damage|p2a: Akatsuki|78\/100\n|\n|-weather|SunnyDay|[upkeep]\n|upkeep\n|\n|t:|1699474127\n|switch|p2b: First Class|Sneasler, M|100\/100\n|-ability|p2b: First Class|Pressure\n|turn|3\n|\n|t:|1699474143\n|-terastallize|p2b: First Class|Poison\n|move|p1b: Flutter Mane|Shadow Ball|p2a: Akatsuki\n|-damage|p2a: Akatsuki|48\/100\n|move|p2b: First Class|Dire Claw|p1a: Ninetales\n|-damage|p1a: Ninetales|0 fnt\n|faint|p1a: Ninetales\n|move|p2a: Akatsuki|Flare Blitz|p1b: Flutter Mane\n|-damage|p1b: Flutter Mane|0 fnt\n|faint|p1b: Flutter Mane\n|-end|p1b: Flutter Mane|Protosynthesis|[silent]\n|-damage|p2a: Akatsuki|26\/100|[from] Recoil\n|\n|-weather|SunnyDay|[upkeep]\n|upkeep\n|\n|t:|1699474158\n|switch|p1b: Ogerpon|Ogerpon-Hearthflame, F|100\/100\n|switch|p1a: Arboliva|Arboliva, F|100\/100\n|-ability|p1b: Ogerpon|Mold Breaker\n|turn|4\n|\n|t:|1699474176\n|move|p2a: Akatsuki|Extreme Speed|p1b: Ogerpon\n|-damage|p1b: Ogerpon|68\/100\n|move|p1b: Ogerpon|Solar Blade||[still]\n|-prepare|p1b: Ogerpon|Solar Blade\n|-anim|p1b: Ogerpon|Solar Blade|p2a: Akatsuki\n|-damage|p2a: Akatsuki|0 fnt\n|faint|p2a: Akatsuki\n|move|p2b: First Class|Dire Claw|p1a: Arboliva\n|-supereffective|p1a: Arboliva\n|-damage|p1a: Arboliva|0 fnt\n|faint|p1a: Arboliva\n|\n|-weather|SunnyDay|[upkeep]\n|upkeep\n|\n|t:|1699474193\n|switch|p2a: Pulp Fiction|Grimmsnarl, M|100\/100\n|switch|p1a: Clefairy|Clefairy, F|100\/100\n|turn|5\n|\n|t:|1699474213\n|move|p1a: Clefairy|Helping Hand|p1b: Ogerpon\n|-singleturn|p1b: Ogerpon|Helping Hand|[of] p1a: Clefairy\n|move|p2a: Pulp Fiction|Reflect|p2a: Pulp Fiction\n|-sidestart|p2: Black_Kamui9|Reflect\n|move|p1b: Ogerpon|Horn Leech|p2a: Pulp Fiction\n|-damage|p2a: Pulp Fiction|57\/100\n|-heal|p1b: Ogerpon|94\/100|[from] drain|[of] p2a: Pulp Fiction\n|move|p2b: First Class|Dire Claw|p1a: Clefairy\n|-supereffective|p1a: Clefairy\n|-damage|p1a: Clefairy|0 fnt\n|faint|p1a: Clefairy\n|\n|-weather|none\n|upkeep\n|turn|6\n|\n|t:|1699474232\n|move|p2b: First Class|Protect|p2b: First Class\n|-singleturn|p2b: First Class|Protect\n|move|p2a: Pulp Fiction|Parting Shot|p1b: Ogerpon\n|-unboost|p1b: Ogerpon|atk|1\n|-unboost|p1b: Ogerpon|spa|1\n|\n|t:|1699474239\n|switch|p2a: Sea Gangster|Gyarados, M, shiny|100\/100|[from] Parting Shot\n|-ability|p2a: Sea Gangster|Intimidate|boost\n|-unboost|p1b: Ogerpon|atk|1\n|move|p1b: Ogerpon|Ivy Cudgel|p2b: First Class\n|-activate|p2b: First Class|move: Protect\n|\n|upkeep\n|turn|7\n|c|\u2606Black_Kamui9|gg\n|\n|t:|1699474248\n|move|p2a: Sea Gangster|Helping Hand|p2b: First Class\n|-singleturn|p2b: First Class|Helping Hand|[of] p2a: Sea Gangster\n|move|p1b: Ogerpon|Protect|p1b: Ogerpon\n|-singleturn|p1b: Ogerpon|Protect\n|move|p2b: First Class|Dire Claw|p1b: Ogerpon\n|-activate|p1b: Ogerpon|move: Protect\n|\n|upkeep\n|turn|8\n|inactive|Battle timer is ON: inactive players will automatically lose when time's up. (requested by Black_Kamui9)\n|\n|t:|1699474259\n|-terastallize|p1b: Ogerpon|Fire\n|detailschange|p1b: Ogerpon|Ogerpon-Hearthflame-Tera, F, tera:Fire\n|-ability|p1b: Ogerpon|Embody Aspect (Hearthflame)|boost\n|-boost|p1b: Ogerpon|atk|1\n|move|p2a: Sea Gangster|Helping Hand|p2b: First Class\n|-singleturn|p2b: First Class|Helping Hand|[of] p2a: Sea Gangster\n|move|p1b: Ogerpon|Ivy Cudgel|p2b: First Class\n|-damage|p2b: First Class|36\/100\n|move|p2b: First Class|Dire Claw|p1b: Ogerpon\n|-damage|p1b: Ogerpon|0 fnt\n|faint|p1b: Ogerpon\n|\n|win|Black_Kamui9\n|raw|Giv a name5's rating: 1319 &rarr; <strong>1297<\/strong><br \/>(-22 for losing)\n|raw|Black_Kamui9's rating: 1291 &rarr; <strong>1318<\/strong><br \/>(+27 for winning)\n|l|\u2606Giv a name5\n","uploadtime":1699474280,"views":30,"p1id":"givaname5","p2id":"blackkamui9","formatid":"gen9doublesou","rating":1297,"private":0,"password":""}