{"id":"gen9doublesou-1996935088","p1":"mebin777","p2":"Zesty_Montoya","format":"[Gen 9] Doubles OU","log":"|j|\u2606mebin777\n|j|\u2606Zesty_Montoya\n|t:|1700746813\n|gametype|doubles\n|player|p1|mebin777|101|1409\n|player|p2|Zesty_Montoya|102|1370\n|teamsize|p1|6\n|teamsize|p2|6\n|gen|9\n|tier|[Gen 9] Doubles OU\n|rated|\n|rule|Species Clause: Limit one of each Pok\u00e9mon\n|rule|OHKO Clause: OHKO moves are banned\n|rule|Evasion Moves Clause: Evasion moves are banned\n|rule|Gravity Sleep Clause: The combination of sleep-inducing moves with imperfect accuracy and Gravity or Gigantamax Orbeetle are banned\n|rule|Endless Battle Clause: Forcing endless battles is banned\n|rule|HP Percentage Mod: HP is shown in percentages\n|clearpoke\n|poke|p1|Landorus-Therian, M|\n|poke|p1|Ogerpon-Hearthflame, F|\n|poke|p1|Heatran, M|\n|poke|p1|Iron Hands|\n|poke|p1|Iron Bundle|\n|poke|p1|Rillaboom, M|\n|poke|p2|Toxapex, F|\n|poke|p2|Dondozo, M|\n|poke|p2|Forretress, M|\n|poke|p2|Volcanion|\n|poke|p2|Blissey, F|\n|poke|p2|Infernape, M|\n|teampreview\n|inactive|Battle timer is ON: inactive players will automatically lose when time's up. (requested by mebin777)\n|\n|t:|1700746839\n|start\n|switch|p1a: Ogerpon|Ogerpon-Hearthflame, F|100\/100\n|switch|p1b: Heatran|Heatran, M|100\/100\n|switch|p2a: Blissey|Blissey, F|100\/100\n|switch|p2b: Toxapex|Toxapex, F|100\/100\n|-ability|p1a: Ogerpon|Mold Breaker\n|turn|1\n|\n|t:|1700746858\n|move|p1a: Ogerpon|Swords Dance|p1a: Ogerpon\n|-boost|p1a: Ogerpon|atk|2\n|move|p1b: Heatran|Heat Wave|p2b: Toxapex|[spread] p2a,p2b\n|-resisted|p2b: Toxapex\n|-damage|p2a: Blissey|80\/100\n|-damage|p2b: Toxapex|78\/100\n|-damage|p1b: Heatran|91\/100|[from] item: Life Orb\n|move|p2a: Blissey|Trick|p1b: Heatran\n|-activate|p2a: Blissey|move: Trick|[of] p1b: Heatran\n|-item|p1b: Heatran|Choice Specs|[from] move: Trick\n|-item|p2a: Blissey|Life Orb|[from] move: Trick\n|move|p2b: Toxapex|Infestation|p1a: Ogerpon\n|-damage|p1a: Ogerpon|98\/100\n|-activate|p1a: Ogerpon|move: Infestation|[of] p2b: Toxapex\n|\n|-heal|p2b: Toxapex|84\/100|[from] item: Leftovers\n|-damage|p1a: Ogerpon|85\/100|[from] move: Infestation|[partiallytrapped]\n|upkeep\n|turn|2\n|\n|t:|1700746886\n|move|p1a: Ogerpon|Swords Dance|p1a: Ogerpon\n|-boost|p1a: Ogerpon|atk|2\n|move|p1b: Heatran|Earth Power|p2b: Toxapex\n|-supereffective|p2b: Toxapex\n|-damage|p2b: Toxapex|2\/100\n|move|p2a: Blissey|Stealth Rock|p1a: Ogerpon\n|-sidestart|p1: mebin777|move: Stealth Rock\n|move|p2b: Toxapex|Haze|p2b: Toxapex\n|-clearallboost\n|\n|-heal|p2b: Toxapex|9\/100|[from] item: Leftovers\n|-damage|p1a: Ogerpon|73\/100|[from] move: Infestation|[partiallytrapped]\n|upkeep\n|turn|3\n|\n|t:|1700746912\n|move|p2b: Toxapex|Baneful Bunker|p2b: Toxapex\n|-singleturn|p2b: Toxapex|move: Protect\n|move|p1a: Ogerpon|Swords Dance|p1a: Ogerpon\n|-boost|p1a: Ogerpon|atk|2\n|move|p1b: Heatran|Earth Power|p2b: Toxapex\n|-activate|p2b: Toxapex|move: Protect\n|move|p2a: Blissey|Seismic Toss|p1a: Ogerpon\n|-damage|p1a: Ogerpon|46\/100\n|-damage|p2a: Blissey|70\/100|[from] item: Life Orb\n|\n|-heal|p2b: Toxapex|15\/100|[from] item: Leftovers\n|-damage|p1a: Ogerpon|33\/100|[from] move: Infestation|[partiallytrapped]\n|upkeep\n|turn|4\n|\n|t:|1700746938\n|move|p1a: Ogerpon|Ivy Cudgel|p2a: Blissey|[anim] Ivy Cudgel Fire\n|-damage|p2a: Blissey|0 fnt\n|faint|p2a: Blissey\n|move|p1b: Heatran|Earth Power|p2b: Toxapex\n|-supereffective|p2b: Toxapex\n|-damage|p2b: Toxapex|0 fnt\n|faint|p2b: Toxapex\n|\n|-end|p1a: Ogerpon|Infestation|[partiallytrapped]|[silent]\n|upkeep\n|inactive|Zesty_Montoya has 120 seconds left.\n|\n|t:|1700746948\n|switch|p2a: Infernape|Infernape, M|100\/100\n|switch|p2b: Forretress|Forretress, M|100\/100\n|turn|5\n|\n|t:|1700746972\n|-terastallize|p2a: Infernape|Fighting\n|move|p2a: Infernape|Mach Punch|p1a: Ogerpon\n|-damage|p1a: Ogerpon|0 fnt\n|faint|p1a: Ogerpon\n|-damage|p2a: Infernape|91\/100|[from] item: Life Orb\n|move|p1b: Heatran|Earth Power|p2a: Infernape\n|-damage|p2a: Infernape|7\/100\n|move|p2b: Forretress|Earthquake|p1b: Heatran|[spread] p2a,p1b\n|-supereffective|p1b: Heatran\n|-damage|p2a: Infernape|0 fnt\n|-damage|p1b: Heatran|17\/100\n|faint|p2a: Infernape\n|\n|upkeep\n|\n|t:|1700746990\n|switch|p2a: Volcanion|Volcanion|100\/100\n|switch|p1a: Landorus|Landorus-Therian, M|100\/100\n|-damage|p1a: Landorus|88\/100|[from] Stealth Rock\n|-ability|p1a: Landorus|Intimidate|boost\n|-unboost|p2a: Volcanion|atk|1\n|-unboost|p2b: Forretress|atk|1\n|-item|p2a: Volcanion|Air Balloon\n|turn|6\n|\n|t:|1700747020\n|move|p1a: Landorus|Stomping Tantrum|p2b: Forretress\n|-damage|p2b: Forretress|70\/100\n|move|p1b: Heatran|Earth Power|p2b: Forretress\n|-damage|p2b: Forretress|0 fnt\n|faint|p2b: Forretress\n|move|p2a: Volcanion|Steam Eruption|p1a: Landorus\n|-supereffective|p1a: Landorus\n|-damage|p1a: Landorus|0 fnt\n|faint|p1a: Landorus\n|\n|upkeep\n|\n|t:|1700747032\n|switch|p1a: Iron Hands|Iron Hands|100\/100\n|switch|p2b: Dondozo|Dondozo, M|100\/100\n|-damage|p1a: Iron Hands|94\/100|[from] Stealth Rock\n|turn|7\n|\n|t:|1700747044\n|move|p1b: Heatran|Earth Power|p2a: Volcanion\n|-immune|p2a: Volcanion\n|move|p2a: Volcanion|Earth Power|p1a: Iron Hands\n|-supereffective|p1a: Iron Hands\n|-damage|p1a: Iron Hands|58\/100\n|move|p1a: Iron Hands|Wild Charge|p2a: Volcanion\n|-supereffective|p2a: Volcanion\n|-damage|p2a: Volcanion|21\/100\n|-enditem|p2a: Volcanion|Air Balloon\n|-damage|p1a: Iron Hands|43\/100|[from] Recoil\n|move|p2b: Dondozo|Wave Crash|p1b: Heatran\n|-supereffective|p1b: Heatran\n|-damage|p1b: Heatran|0 fnt\n|faint|p1b: Heatran\n|-damage|p2b: Dondozo|96\/100|[from] Recoil\n|\n|-heal|p2b: Dondozo|100\/100|[from] item: Leftovers\n|upkeep\n|\n|t:|1700747064\n|switch|p1b: Rillaboom|Rillaboom, M|100\/100\n|-damage|p1b: Rillaboom|88\/100|[from] Stealth Rock\n|-fieldstart|move: Grassy Terrain|[from] ability: Grassy Surge|[of] p1b: Rillaboom\n|turn|8\n|j| alzzc\n|\n|t:|1700747081\n|move|p1b: Rillaboom|Fake Out|p2b: Dondozo\n|-damage|p2b: Dondozo|94\/100\n|move|p2a: Volcanion|Earth Power|p1a: Iron Hands\n|-supereffective|p1a: Iron Hands\n|-damage|p1a: Iron Hands|10\/100\n|move|p1a: Iron Hands|Wild Charge|p2a: Volcanion\n|-supereffective|p2a: Volcanion\n|-damage|p2a: Volcanion|0 fnt\n|faint|p2a: Volcanion\n|-damage|p1a: Iron Hands|6\/100|[from] Recoil\n|cant|p2b: Dondozo|flinch\n|\n|-heal|p1b: Rillaboom|94\/100|[from] Grassy Terrain\n|-heal|p1a: Iron Hands|12\/100|[from] Grassy Terrain\n|-heal|p2b: Dondozo|99\/100|[from] Grassy Terrain\n|-heal|p2b: Dondozo|100\/100|[from] item: Leftovers\n|upkeep\n|turn|9\n|\n|t:|1700747103\n|move|p1b: Rillaboom|Wood Hammer|p2b: Dondozo\n|-supereffective|p2b: Dondozo\n|-damage|p2b: Dondozo|31\/100\n|-damage|p1b: Rillaboom|66\/100|[from] Recoil\n|move|p1a: Iron Hands|Wild Charge|p2b: Dondozo\n|-supereffective|p2b: Dondozo\n|-damage|p2b: Dondozo|0 fnt\n|faint|p2b: Dondozo\n|-damage|p1a: Iron Hands|4\/100|[from] Recoil\n|\n|win|mebin777\n|raw|mebin777's rating: 1409 &rarr; <strong>1427<\/strong><br \/>(+18 for winning)\n|raw|Zesty_Montoya's rating: 1370 &rarr; <strong>1352<\/strong><br \/>(-18 for losing)\n|l|\u2606Zesty_Montoya\n|l|\u2606mebin777\n","uploadtime":1700747284,"views":0,"p1id":"mebin777","p2id":"zestymontoya","formatid":"gen9doublesou","rating":1352,"private":0,"password":""}