{"id":"gen9doublesou-1996554766","p1":"goldtheman","p2":"TheYoungInfinite","format":"[Gen 9] Doubles OU","log":"|j|\u2606goldtheman\n|j|\u2606TheYoungInfinite\n|t:|1700693754\n|gametype|doubles\n|player|p1|goldtheman|ethan|1000\n|player|p2|TheYoungInfinite|hugh|1052\n|teamsize|p1|6\n|teamsize|p2|4\n|gen|9\n|tier|[Gen 9] Doubles OU\n|rated|\n|rule|Species Clause: Limit one of each Pok\u00e9mon\n|rule|OHKO Clause: OHKO moves are banned\n|rule|Evasion Moves Clause: Evasion moves are banned\n|rule|Gravity Sleep Clause: The combination of sleep-inducing moves with imperfect accuracy and Gravity or Gigantamax Orbeetle are banned\n|rule|Endless Battle Clause: Forcing endless battles is banned\n|rule|HP Percentage Mod: HP is shown in percentages\n|clearpoke\n|poke|p1|Gengar, M|\n|poke|p1|Ceruledge, M|\n|poke|p1|Indeedee, M|\n|poke|p1|Decidueye, M|\n|poke|p1|Gothitelle, F|\n|poke|p1|Palafin, M|\n|poke|p2|Hatterene, F|\n|poke|p2|Indeedee-F, F|\n|poke|p2|Amoonguss, M|\n|poke|p2|Iron Valiant|\n|teampreview\n|inactive|Battle timer is ON: inactive players will automatically lose when time's up. (requested by TheYoungInfinite)\n|\n|t:|1700693782\n|start\n|switch|p1a: goth|Gothitelle, F|100\/100\n|switch|p1b: indeed|Indeedee, M|100\/100\n|switch|p2a: Hatterene|Hatterene, F|100\/100\n|switch|p2b: Iron Valiant|Iron Valiant|100\/100\n|-item|p2a: Hatterene|Leftovers|[from] ability: Frisk|[of] p1a: goth|[identify]\n|-item|p2b: Iron Valiant|Leftovers|[from] ability: Frisk|[of] p1a: goth|[identify]\n|turn|1\n|inactive|goldtheman has 120 seconds left.\n|\n|t:|1700693820\n|move|p1a: goth|Fake Out|p2b: Iron Valiant\n|-damage|p2b: Iron Valiant|96\/100\n|cant|p2b: Iron Valiant|flinch\n|move|p2a: Hatterene|Substitute|p2a: Hatterene\n|-start|p2a: Hatterene|Substitute\n|-damage|p2a: Hatterene|76\/100\n|move|p1b: indeed|Trick Room|p1b: indeed\n|-fieldstart|move: Trick Room|[of] p1b: indeed\n|\n|-heal|p2a: Hatterene|82\/100|[from] item: Leftovers\n|-heal|p2b: Iron Valiant|100\/100|[from] item: Leftovers\n|upkeep\n|turn|2\n|\n|t:|1700693837\n|move|p2a: Hatterene|Swords Dance|p2a: Hatterene\n|-boost|p2a: Hatterene|atk|2\n|move|p1a: goth|Thunder Wave|p2b: Iron Valiant\n|-status|p2b: Iron Valiant|par\n|move|p2b: Iron Valiant|Light Screen|p2b: Iron Valiant\n|-sidestart|p2: TheYoungInfinite|move: Light Screen\n|move|p1b: indeed|Shadow Ball|p2a: Hatterene\n|-supereffective|p2a: Hatterene\n|-end|p2a: Hatterene|Substitute\n|\n|-heal|p2a: Hatterene|88\/100|[from] item: Leftovers\n|upkeep\n|turn|3\n|inactive|goldtheman has 120 seconds left.\n|\n|t:|1700693868\n|-end|p2b: Iron Valiant|Quark Drive|[silent]\n|switch|p2b: Amoonguss|Amoonguss, M|100\/100\n|move|p2a: Hatterene|Substitute|p2a: Hatterene\n|-start|p2a: Hatterene|Substitute\n|-damage|p2a: Hatterene|63\/100\n|move|p1a: goth|Shadow Ball|p2a: Hatterene\n|-supereffective|p2a: Hatterene\n|-end|p2a: Hatterene|Substitute\n|move|p1b: indeed|Shadow Ball|p2b: Amoonguss\n|-damage|p2b: Amoonguss|89\/100\n|\n|-heal|p2a: Hatterene|69\/100|[from] item: Leftovers\n|-heal|p2b: Amoonguss|95\/100|[from] item: Black Sludge\n|upkeep\n|turn|4\n|inactive|goldtheman has 120 seconds left.\n|inactive|TheYoungInfinite has 120 seconds left.\n|\n|t:|1700693905\n|switch|p1a: Blaze|Ceruledge, M|100\/100\n|switch|p1b: Shadow|Gengar, M, shiny|100\/100\n|move|p2a: Hatterene|Substitute|p2a: Hatterene\n|-start|p2a: Hatterene|Substitute\n|-damage|p2a: Hatterene|44\/100\n|move|p2b: Amoonguss|Spore|p1a: Blaze\n|-status|p1a: Blaze|slp|[from] move: Spore\n|\n|-heal|p2a: Hatterene|50\/100|[from] item: Leftovers\n|-heal|p2b: Amoonguss|100\/100|[from] item: Black Sludge\n|upkeep\n|turn|5\n|inactive|goldtheman has 120 seconds left.\n|\n|t:|1700693935\n|move|p2b: Amoonguss|Rage Powder|p2b: Amoonguss\n|-singleturn|p2b: Amoonguss|move: Rage Powder\n|move|p2a: Hatterene|Swords Dance|p2a: Hatterene\n|-boost|p2a: Hatterene|atk|2\n|cant|p1a: Blaze|slp\n|move|p1b: Shadow|Icy Wind|p2b: Amoonguss|[spread] p2b\n|-miss|p1b: Shadow|p2a: Hatterene\n|-supereffective|p2b: Amoonguss\n|-damage|p2b: Amoonguss|88\/100\n|-unboost|p2b: Amoonguss|spe|1\n|\n|-heal|p2b: Amoonguss|94\/100|[from] item: Black Sludge\n|-heal|p2a: Hatterene|56\/100|[from] item: Leftovers\n|-fieldend|move: Trick Room\n|upkeep\n|turn|6\n|inactive|goldtheman has 120 seconds left.\n|inactive|goldtheman has 90 seconds left.\n|\n|t:|1700693999\n|move|p2b: Amoonguss|Protect|p2b: Amoonguss\n|-singleturn|p2b: Amoonguss|Protect\n|move|p1b: Shadow|Sludge Bomb|p2a: Hatterene\n|-supereffective|p2a: Hatterene\n|-end|p2a: Hatterene|Substitute\n|-curestatus|p1a: Blaze|slp|[msg]\n|move|p1a: Blaze|Bitter Blade|p2b: Amoonguss\n|-activate|p2b: Amoonguss|move: Protect\n|move|p2a: Hatterene|Psycho Cut|p1b: Shadow\n|-supereffective|p1b: Shadow\n|-enditem|p1b: Shadow|Focus Sash\n|-damage|p1b: Shadow|1\/100\n|\n|-heal|p2a: Hatterene|62\/100|[from] item: Leftovers\n|-heal|p2b: Amoonguss|99\/100|[from] item: Black Sludge\n|-sideend|p2: TheYoungInfinite|move: Light Screen\n|upkeep\n|turn|7\n|inactive|goldtheman has 90 seconds left.\n|inactive|TheYoungInfinite has 120 seconds left.\n|inactive|goldtheman has 60 seconds left.\n|\n|t:|1700694055\n|move|p2b: Amoonguss|Rage Powder|p2b: Amoonguss\n|-singleturn|p2b: Amoonguss|move: Rage Powder\n|move|p1b: Shadow|Sludge Bomb|p2b: Amoonguss\n|-damage|p2b: Amoonguss|70\/100\n|move|p1a: Blaze|Bitter Blade|p2b: Amoonguss\n|-supereffective|p2b: Amoonguss\n|-damage|p2b: Amoonguss|0 fnt\n|faint|p2b: Amoonguss\n|-damage|p1a: Blaze|91\/100|[from] item: Life Orb\n|move|p2a: Hatterene|Psycho Cut|p1b: Shadow\n|-supereffective|p1b: Shadow\n|-damage|p1b: Shadow|0 fnt\n|-start|p2a: Hatterene|Disable|Psycho Cut|[from] ability: Cursed Body|[of] p1b: Shadow\n|faint|p1b: Shadow\n|\n|-heal|p2a: Hatterene|68\/100|[from] item: Leftovers\n|upkeep\n|\n|t:|1700694070\n|switch|p1b: indeed|Indeedee, M|100\/100\n|switch|p2b: Indeedee|Indeedee-F, F|100\/100\n|-fieldstart|move: Psychic Terrain|[from] ability: Psychic Surge|[of] p2b: Indeedee\n|turn|8\n|inactive|TheYoungInfinite has 120 seconds left.\n|\n|t:|1700694087\n|move|p1b: indeed|Fake Out|p2a: Hatterene\n|-activate|p2a: Hatterene|move: Psychic Terrain\n|move|p2b: Indeedee|Follow Me|p2b: Indeedee\n|-singleturn|p2b: Indeedee|move: Follow Me\n|move|p1a: Blaze|Poltergeist|p2b: Indeedee\n|-immune|p2b: Indeedee\n|move|p2a: Hatterene|Substitute|p2a: Hatterene\n|-start|p2a: Hatterene|Substitute\n|-damage|p2a: Hatterene|43\/100\n|\n|-heal|p2a: Hatterene|49\/100|[from] item: Leftovers\n|upkeep\n|turn|9\n|inactive|goldtheman has 90 seconds left.\n|inactive|goldtheman has 60 seconds left.\n|\n|t:|1700694129\n|move|p2b: Indeedee|Protect|p2b: Indeedee\n|-singleturn|p2b: Indeedee|Protect\n|move|p1a: Blaze|Close Combat|p2b: Indeedee\n|-activate|p2b: Indeedee|move: Protect\n|move|p2a: Hatterene|Swords Dance|p2a: Hatterene\n|-boost|p2a: Hatterene|atk|2\n|move|p1b: indeed|Trick Room|p1b: indeed\n|-fieldstart|move: Trick Room|[of] p1b: indeed\n|\n|-heal|p2a: Hatterene|55\/100|[from] item: Leftovers\n|upkeep\n|turn|10\n|inactive|goldtheman has 60 seconds left.\n|\n|t:|1700694182\n|move|p1b: indeed|Fake Out||[still]\n|-hint|Fake Out only works on your first turn out.\n|-fail|p1b: indeed\n|move|p2a: Hatterene|Play Rough|p1b: indeed\n|-damage|p1b: indeed|0 fnt\n|faint|p1b: indeed\n|move|p2b: Indeedee|Substitute|p2b: Indeedee\n|-start|p2b: Indeedee|Substitute\n|-damage|p2b: Indeedee|76\/100\n|move|p1a: Blaze|Close Combat|p2b: Indeedee\n|-end|p2b: Indeedee|Substitute\n|-unboost|p1a: Blaze|def|1\n|-unboost|p1a: Blaze|spd|1\n|-damage|p1a: Blaze|81\/100|[from] item: Life Orb\n|\n|-heal|p2a: Hatterene|61\/100|[from] item: Leftovers\n|-heal|p2b: Indeedee|82\/100|[from] item: Leftovers\n|-end|p2a: Hatterene|Disable\n|upkeep\n|inactive|goldtheman has 30 seconds left.\n|inactive|goldtheman has 20 seconds left.\n|inactive|goldtheman has 15 seconds left.\n|inactive|goldtheman has 10 seconds left.\n|inactive|goldtheman has 5 seconds left.\n|inactiveoff|Battle timer is now OFF.\n|\n|t:|1700694222\n|switch|p1b: Decidueye|Decidueye, M|100\/100\n|turn|11\n|-message|goldtheman forfeited.\n|\n|win|TheYoungInfinite\n|raw|goldtheman's rating: 1000 &rarr; <strong>1000<\/strong><br \/>(+0 for losing)\n|raw|TheYoungInfinite's rating: 1052 &rarr; <strong>1079<\/strong><br \/>(+27 for winning)\n|l|\u2606goldtheman\n","uploadtime":1700694255,"views":24,"p1id":"goldtheman","p2id":"theyounginfinite","formatid":"gen9doublesou","rating":1000,"private":0,"password":""}