{"id":"gen9doublesou-1988176522","p1":"game18","p2":"not missing now","format":"[Gen 9] Doubles OU","log":"|j|\u2606game18\n|j|\u2606not missing now\n|inactive|Battle timer is ON: inactive players will automatically lose when time's up.\n|t:|1699679912\n|gametype|doubles\n|player|p1|game18|ghetsis|\n|player|p2|not missing now|cheren-gen5bw2|\n|teamsize|p1|6\n|teamsize|p2|6\n|gen|9\n|tier|[Gen 9] Doubles OU\n|rated|Tournament battle\n|rule|Species Clause: Limit one of each Pok\u00e9mon\n|rule|OHKO Clause: OHKO moves are banned\n|rule|Evasion Moves Clause: Evasion moves are banned\n|rule|Gravity Sleep Clause: The combination of sleep-inducing moves with imperfect accuracy and Gravity or Gigantamax Orbeetle are banned\n|rule|Endless Battle Clause: Forcing endless battles is banned\n|rule|HP Percentage Mod: HP is shown in percentages\n|clearpoke\n|poke|p1|Flutter Mane|\n|poke|p1|Chi-Yu|\n|poke|p1|Tornadus, M|\n|poke|p1|Landorus-Therian, M|\n|poke|p1|Ogerpon-Hearthflame, F|\n|poke|p1|Cresselia, F|\n|poke|p2|Clefairy, M|\n|poke|p2|Kommo-o, M|\n|poke|p2|Rillaboom, M|\n|poke|p2|Landorus-Therian, M|\n|poke|p2|Ursaluna, F|\n|poke|p2|Sinistcha|\n|teampreview\n|j|*Lady Monita \u263d\n|j| BB-8-NU\n|c|\u2606not missing now|glhf\n|j| Goomy Guy12345\n|\n|t:|1699679932\n|start\n|switch|p1a: Landorus|Landorus-Therian, M|100\/100\n|switch|p1b: Tornadus|Tornadus, M|100\/100\n|switch|p2a: Rillaboom|Rillaboom, M|100\/100\n|switch|p2b: Landorus|Landorus-Therian, M|100\/100\n|-ability|p2b: Landorus|Intimidate|boost\n|-unboost|p1a: Landorus|atk|1\n|-unboost|p1b: Tornadus|atk|1\n|-ability|p1a: Landorus|Intimidate|boost\n|-unboost|p2a: Rillaboom|atk|1\n|-unboost|p2b: Landorus|atk|1\n|-fieldstart|move: Grassy Terrain|[from] ability: Grassy Surge|[of] p2a: Rillaboom\n|turn|1\n|inactive|not missing now has 120 seconds left.\n|inactive|not missing now has 90 seconds left.\n|inactive|not missing now has 60 seconds left.\n|\n|t:|1699680032\n|move|p2a: Rillaboom|Fake Out|p1b: Tornadus\n|-damage|p1b: Tornadus|84\/100\n|move|p2b: Landorus|Rock Slide|p1a: Landorus|[spread] p1a,p1b\n|-supereffective|p1b: Tornadus\n|-damage|p1a: Landorus|86\/100\n|-damage|p1b: Tornadus|42\/100\n|cant|p1b: Tornadus|flinch\n|move|p1a: Landorus|U-turn|p2a: Rillaboom\n|-supereffective|p2a: Rillaboom\n|-damage|p2a: Rillaboom|67\/100\n|inactive|game18 has 120 seconds left.\n|\n|t:|1699680056\n|switch|p1a: Chi-Yu|Chi-Yu|100\/100|[from] U-turn\n|-ability|p1a: Chi-Yu|Beads of Ruin\n|\n|-heal|p2a: Rillaboom|74\/100|[from] Grassy Terrain\n|upkeep\n|turn|2\n|\n|t:|1699680069\n|switch|p2a: Kommo-o|Kommo-o, M|100\/100\n|move|p1a: Chi-Yu|Overheat|p2b: Landorus\n|-damage|p2b: Landorus|0 fnt\n|-unboost|p1a: Chi-Yu|spa|2\n|faint|p2b: Landorus\n|move|p1b: Tornadus|Bleakwind Storm|p2a: Kommo-o\n|-supereffective|p2a: Kommo-o\n|-damage|p2a: Kommo-o|0 fnt\n|faint|p2a: Kommo-o\n|\n|upkeep\n|inactive|not missing now has 60 seconds left.\n|\n|t:|1699680092\n|switch|p2a: Sinistcha|Sinistcha|100\/100\n|switch|p2b: Clefairy|Clefairy, M|100\/100\n|turn|3\n|\n|t:|1699680107\n|switch|p1a: Landorus|Landorus-Therian, M|86\/100\n|-ability|p1a: Landorus|Intimidate|boost\n|-unboost|p2a: Sinistcha|atk|1\n|-unboost|p2b: Clefairy|atk|1\n|move|p2b: Clefairy|Follow Me|p2b: Clefairy\n|-singleturn|p2b: Clefairy|move: Follow Me\n|move|p1b: Tornadus|Bleakwind Storm|p2b: Clefairy|[spread] p2a,p2b\n|-supereffective|p2a: Sinistcha\n|-crit|p2a: Sinistcha\n|-damage|p2a: Sinistcha|26\/100\n|-damage|p2b: Clefairy|71\/100\n|-enditem|p2a: Sinistcha|Sitrus Berry|[eat]\n|-heal|p2a: Sinistcha|51\/100|[from] item: Sitrus Berry\n|move|p2a: Sinistcha|Trick Room|p2a: Sinistcha\n|-fieldstart|move: Trick Room|[of] p2a: Sinistcha\n|\n|-heal|p2b: Clefairy|77\/100|[from] Grassy Terrain\n|-heal|p2a: Sinistcha|57\/100|[from] Grassy Terrain\n|upkeep\n|turn|4\n|inactive|not missing now has 90 seconds left.\n|\n|t:|1699680134\n|switch|p2b: Ursaluna|Ursaluna, F|100\/100\n|move|p1b: Tornadus|Taunt|p2b: Ursaluna\n|-start|p2b: Ursaluna|move: Taunt\n|move|p2a: Sinistcha|Matcha Gotcha|p1a: Landorus|[spread] p1a\n|-miss|p2a: Sinistcha|p1b: Tornadus\n|-damage|p1a: Landorus|65\/100\n|-heal|p2a: Sinistcha|69\/100|[from] drain|[of] p1a: Landorus\n|move|p1a: Landorus|U-turn|p2a: Sinistcha\n|-damage|p2a: Sinistcha|45\/100\n|inactive|game18 has 120 seconds left.\n|\n|t:|1699680159\n|switch|p1a: Cresselia|Cresselia, F|100\/100|[from] U-turn\n|\n|-heal|p2a: Sinistcha|51\/100|[from] Grassy Terrain\n|-status|p2b: Ursaluna|brn|[from] item: Flame Orb\n|upkeep\n|turn|5\n|inactive|game18 has 120 seconds left.\n|inactive|not missing now has 90 seconds left.\n|\n|t:|1699680179\n|move|p2a: Sinistcha|Matcha Gotcha|p1b: Tornadus|[spread] p1b\n|-miss|p2a: Sinistcha|p1a: Cresselia\n|-resisted|p1b: Tornadus\n|-crit|p1b: Tornadus\n|-damage|p1b: Tornadus|10\/100\n|-heal|p2a: Sinistcha|65\/100|[from] drain|[of] p1b: Tornadus\n|move|p2b: Ursaluna|Facade|p1b: Tornadus\n|-damage|p1b: Tornadus|0 fnt\n|faint|p1b: Tornadus\n|move|p1a: Cresselia|Trick Room|p1a: Cresselia\n|-fieldend|move: Trick Room\n|\n|-heal|p2a: Sinistcha|71\/100|[from] Grassy Terrain\n|-damage|p2b: Ursaluna|94\/100 brn|[from] brn\n|-fieldend|move: Grassy Terrain\n|upkeep\n|inactive|game18 has 120 seconds left.\n|\n|t:|1699680198\n|switch|p1b: Chi-Yu|Chi-Yu|100\/100\n|-ability|p1b: Chi-Yu|Beads of Ruin\n|turn|6\n|inactive|game18 has 120 seconds left.\n|\n|t:|1699680218\n|switch|p2a: Clefairy|Clefairy, M|77\/100\n|move|p1b: Chi-Yu|Heat Wave|p2b: Ursaluna|[spread] p2a,p2b\n|-damage|p2a: Clefairy|35\/100\n|-damage|p2b: Ursaluna|65\/100 brn\n|-status|p2a: Clefairy|brn\n|move|p1a: Cresselia|Psychic|p2b: Ursaluna\n|-damage|p2b: Ursaluna|45\/100 brn\n|-unboost|p2b: Ursaluna|spd|1\n|move|p2b: Ursaluna|Facade|p1b: Chi-Yu\n|-damage|p1b: Chi-Yu|0 fnt\n|faint|p1b: Chi-Yu\n|\n|-damage|p2b: Ursaluna|39\/100 brn|[from] brn\n|-damage|p2a: Clefairy|28\/100 brn|[from] brn\n|-end|p2b: Ursaluna|move: Taunt\n|upkeep\n|\n|t:|1699680238\n|switch|p1b: Flutter Mane|Flutter Mane|100\/100\n|turn|7\n|inactive|game18 has 120 seconds left.\n|\n|t:|1699680251\n|move|p2b: Ursaluna|Protect|p2b: Ursaluna\n|-singleturn|p2b: Ursaluna|Protect\n|move|p1b: Flutter Mane|Dazzling Gleam|p2a: Clefairy|[spread] p2a\n|-activate|p2b: Ursaluna|move: Protect\n|-damage|p2a: Clefairy|0 fnt\n|faint|p2a: Clefairy\n|move|p1a: Cresselia|Psychic|p2b: Ursaluna\n|-activate|p2b: Ursaluna|move: Protect\n|\n|-damage|p2b: Ursaluna|33\/100 brn|[from] brn\n|upkeep\n|\n|t:|1699680262\n|switch|p2a: Rillaboom|Rillaboom, M|74\/100\n|-fieldstart|move: Grassy Terrain|[from] ability: Grassy Surge|[of] p2a: Rillaboom\n|turn|8\n|\n|t:|1699680277\n|move|p1b: Flutter Mane|Dazzling Gleam|p2a: Rillaboom|[spread] p2a,p2b\n|-damage|p2a: Rillaboom|34\/100\n|-damage|p2b: Ursaluna|0 fnt\n|faint|p2b: Ursaluna\n|move|p2a: Rillaboom|Wood Hammer|p1b: Flutter Mane\n|-crit|p1b: Flutter Mane\n|-damage|p1b: Flutter Mane|0 fnt\n|faint|p1b: Flutter Mane\n|-end|p1b: Flutter Mane|Protosynthesis|[silent]\n|-damage|p2a: Rillaboom|14\/100|[from] Recoil\n|move|p1a: Cresselia|Psychic|p2a: Rillaboom\n|-damage|p2a: Rillaboom|0 fnt\n|faint|p2a: Rillaboom\n|\n|upkeep\n|\n|t:|1699680292\n|switch|p1b: Ogerpon|Ogerpon-Hearthflame, F|100\/100\n|switch|p2b: Sinistcha|Sinistcha|71\/100\n|-ability|p1b: Ogerpon|Mold Breaker\n|turn|9\n|\n|t:|1699680304\n|-terastallize|p1b: Ogerpon|Fire\n|detailschange|p1b: Ogerpon|Ogerpon-Hearthflame-Tera, F, tera:Fire\n|-ability|p1b: Ogerpon|Embody Aspect (Hearthflame)|boost\n|-boost|p1b: Ogerpon|atk|1\n|-terastallize|p2b: Sinistcha|Dark\n|move|p1b: Ogerpon|Ivy Cudgel|p2b: Sinistcha\n|-damage|p2b: Sinistcha|0 fnt\n|faint|p2b: Sinistcha\n|\n|win|game18\n|n|\u2606game18|game18\n|n|\u2606not missing now|notmissingnow\n|n|*Lady Monita \u263d|ladymonita\n|n| BB-8-NU|bb8nu\n|n| Goomy Guy12345|goomyguy12345\n|l|*Lady Monita \u263d\n|l| BB-8-NU\n|l|\u2606not missing now\n|l|\u2606game18\n|j| Abubakrcl7\n|l| Abubakrcl7\n|j|\u2606game18\n|player|p1|game18|ghetsis\n|l|\u2606game18\n|player|p1|\n|j|\u2606game18\n|player|p1|game18|ghetsis\n","uploadtime":1699682076,"views":11,"p1id":"game18","p2id":"notmissingnow","formatid":"gen9doublesou","rating":0,"private":0,"password":""}