{"id":"gen9doublesou-1997607614","p1":"Cryptic_Brawler","p2":"McCrickerd","format":"[Gen 9] Doubles OU","log":"|j|\u2606Cryptic_Brawler\n|j|\u2606McCrickerd\n|t:|1700832286\n|gametype|doubles\n|player|p1|Cryptic_Brawler|ghetsis-gen5bw|1076\n|player|p2|McCrickerd|ethan|1008\n|teamsize|p1|6\n|teamsize|p2|6\n|gen|9\n|tier|[Gen 9] Doubles OU\n|rated|\n|rule|Species Clause: Limit one of each Pok\u00e9mon\n|rule|OHKO Clause: OHKO moves are banned\n|rule|Evasion Moves Clause: Evasion moves are banned\n|rule|Gravity Sleep Clause: The combination of sleep-inducing moves with imperfect accuracy and Gravity or Gigantamax Orbeetle are banned\n|rule|Endless Battle Clause: Forcing endless battles is banned\n|rule|HP Percentage Mod: HP is shown in percentages\n|clearpoke\n|poke|p1|Dudunsparce-*, F|\n|poke|p1|Flamigo, F|\n|poke|p1|Maushold-Four|\n|poke|p1|Iron Leaves|\n|poke|p1|Basculegion-F, F|\n|poke|p1|Politoed, F|\n|poke|p2|Cresselia, F|\n|poke|p2|Scyther, F|\n|poke|p2|Dragalge, M|\n|poke|p2|Orthworm, M|\n|poke|p2|Ambipom, F|\n|poke|p2|Skeledirge, M|\n|teampreview\n|inactive|Battle timer is ON: inactive players will automatically lose when time's up. (requested by McCrickerd)\n|\n|t:|1700832296\n|start\n|switch|p1a: Dudunsparce|Dudunsparce, F|100\/100\n|switch|p1b: Maushold|Maushold-Four|100\/100\n|switch|p2a: Ambipom|Ambipom, F|100\/100\n|switch|p2b: Orthworm|Orthworm, M|100\/100\n|turn|1\n|\n|t:|1700832319\n|-terastallize|p1a: Dudunsparce|Ghost\n|move|p2a: Ambipom|Fake Out|p1b: Maushold\n|-damage|p1b: Maushold|67\/100\n|cant|p1b: Maushold|flinch\n|move|p2b: Orthworm|Stealth Rock|p1b: Maushold\n|-sidestart|p1: Cryptic_Brawler|move: Stealth Rock\n|move|p1a: Dudunsparce|Stored Power|p2a: Ambipom\n|-damage|p2a: Ambipom|90\/100\n|\n|upkeep\n|turn|2\n|\n|t:|1700832336\n|move|p2a: Ambipom|Knock Off|p1a: Dudunsparce\n|-supereffective|p1a: Dudunsparce\n|-damage|p1a: Dudunsparce|65\/100\n|-ability|p1a: Dudunsparce|Rattled|boost\n|-boost|p1a: Dudunsparce|spe|1\n|-enditem|p1a: Dudunsparce|Weakness Policy\n|-boost|p1a: Dudunsparce|atk|2|[from] item: Weakness Policy\n|-boost|p1a: Dudunsparce|spa|2|[from] item: Weakness Policy\n|move|p1b: Maushold|Beat Up|p1a: Dudunsparce\n|-supereffective|p1a: Dudunsparce\n|-damage|p1a: Dudunsparce|61\/100\n|-ability|p1a: Dudunsparce|Rattled|boost\n|-boost|p1a: Dudunsparce|spe|1\n|-supereffective|p1a: Dudunsparce\n|-damage|p1a: Dudunsparce|57\/100\n|-ability|p1a: Dudunsparce|Rattled|boost\n|-boost|p1a: Dudunsparce|spe|1\n|-supereffective|p1a: Dudunsparce\n|-damage|p1a: Dudunsparce|54\/100\n|-ability|p1a: Dudunsparce|Rattled|boost\n|-boost|p1a: Dudunsparce|spe|1\n|-supereffective|p1a: Dudunsparce\n|-damage|p1a: Dudunsparce|49\/100\n|-ability|p1a: Dudunsparce|Rattled|boost\n|-boost|p1a: Dudunsparce|spe|1\n|-supereffective|p1a: Dudunsparce\n|-damage|p1a: Dudunsparce|45\/100\n|-ability|p1a: Dudunsparce|Rattled|boost\n|-boost|p1a: Dudunsparce|spe|1\n|-supereffective|p1a: Dudunsparce\n|-damage|p1a: Dudunsparce|42\/100\n|-hitcount|p1a: Dudunsparce|6\n|move|p1a: Dudunsparce|Stored Power|p2a: Ambipom\n|-damage|p2a: Ambipom|0 fnt\n|faint|p2a: Ambipom\n|move|p2b: Orthworm|Shed Tail|p2b: Orthworm\n|-start|p2b: Orthworm|Substitute|[from] move: Shed Tail\n|-damage|p2b: Orthworm|50\/100\n|\n|t:|1700832350\n|switch|p2b: Skeledirge|Skeledirge, M|100\/100|[from] Shed Tail\n|\n|upkeep\n|\n|t:|1700832357\n|switch|p2a: Scyther|Scyther, F|100\/100\n|turn|3\n|\n|t:|1700832374\n|-terastallize|p2a: Scyther|Normal\n|move|p1a: Dudunsparce|Stored Power|p2a: Scyther\n|-damage|p2a: Scyther|0 fnt\n|faint|p2a: Scyther\n|move|p1b: Maushold|Tidy Up|p1b: Maushold\n|-end|p2b: Skeledirge|Substitute\n|-sideend|p1: Cryptic_Brawler|Stealth Rock\n|-activate|p1b: Maushold|move: Tidy Up\n|-boost|p1b: Maushold|atk|1\n|-boost|p1b: Maushold|spe|1\n|move|p2b: Skeledirge|Torch Song|p1a: Dudunsparce\n|-damage|p1a: Dudunsparce|20\/100\n|-boost|p2b: Skeledirge|spa|1\n|\n|upkeep\n|\n|t:|1700832398\n|switch|p2a: Cresselia|Cresselia, F|100\/100\n|turn|4\n|\n|t:|1700832414\n|move|p1b: Maushold|Protect|p1b: Maushold\n|-singleturn|p1b: Maushold|Protect\n|move|p2a: Cresselia|Ally Switch|p2a: Cresselia\n|swap|p2a: Cresselia|1|[from] move: Ally Switch\n|move|p1a: Dudunsparce|Stored Power|p2a: Skeledirge\n|-damage|p2a: Skeledirge|41\/100\n|move|p2a: Skeledirge|Torch Song|p1a: Dudunsparce\n|-damage|p1a: Dudunsparce|0 fnt\n|-boost|p2a: Skeledirge|spa|1\n|faint|p1a: Dudunsparce\n|\n|upkeep\n|\n|t:|1700832426\n|switch|p1a: Flamigo|Flamigo, F|100\/100\n|-copyboost|p1a: Flamigo|p1b: Maushold|[from] ability: Costar\n|turn|5\n|\n|t:|1700832455\n|move|p2a: Skeledirge|Protect|p2a: Skeledirge\n|-singleturn|p2a: Skeledirge|Protect\n|move|p1b: Maushold|Encore|p2b: Cresselia\n|-start|p2b: Cresselia|Encore\n|move|p1a: Flamigo|U-turn|p2b: Cresselia\n|-supereffective|p2b: Cresselia\n|-damage|p2b: Cresselia|35\/100\n|-damage|p1a: Flamigo|84\/100|[from] item: Rocky Helmet|[of] p2b: Cresselia\n|-damage|p1a: Flamigo|74\/100|[from] item: Life Orb\n|\n|t:|1700832465\n|switch|p1a: Iron Leaves|Iron Leaves|100\/100|[from] U-turn\n|-enditem|p1a: Iron Leaves|Booster Energy\n|-activate|p1a: Iron Leaves|ability: Quark Drive|[fromitem]\n|-start|p1a: Iron Leaves|quarkdriveatk\n|move|p2b: Cresselia|Ally Switch||[still]\n|-fail|p2b: Cresselia\n|\n|upkeep\n|turn|6\n|\n|t:|1700832482\n|switch|p2b: Orthworm|Orthworm, M|50\/100\n|move|p1b: Maushold|Beat Up|p2a: Skeledirge\n|-supereffective|p2a: Skeledirge\n|-damage|p2a: Skeledirge|36\/100\n|-supereffective|p2a: Skeledirge\n|-damage|p2a: Skeledirge|33\/100\n|-supereffective|p2a: Skeledirge\n|-damage|p2a: Skeledirge|29\/100\n|-supereffective|p2a: Skeledirge\n|-damage|p2a: Skeledirge|25\/100\n|-supereffective|p2a: Skeledirge\n|-damage|p2a: Skeledirge|22\/100\n|-hitcount|p2a: Skeledirge|5\n|move|p1a: Iron Leaves|X-Scissor|p2b: Orthworm\n|-resisted|p2b: Orthworm\n|-damage|p2b: Orthworm|38\/100\n|-damage|p1a: Iron Leaves|84\/100|[from] item: Rocky Helmet|[of] p2b: Orthworm\n|move|p2a: Skeledirge|Torch Song|p1a: Iron Leaves\n|-supereffective|p1a: Iron Leaves\n|-damage|p1a: Iron Leaves|0 fnt\n|-boost|p2a: Skeledirge|spa|1\n|faint|p1a: Iron Leaves\n|-end|p1a: Iron Leaves|Quark Drive|[silent]\n|\n|upkeep\n|\n|t:|1700832490\n|switch|p1a: Flamigo|Flamigo, F|74\/100\n|-copyboost|p1a: Flamigo|p1b: Maushold|[from] ability: Costar\n|turn|7\n|\n|t:|1700832503\n|move|p1b: Maushold|Protect|p1b: Maushold\n|-singleturn|p1b: Maushold|Protect\n|move|p2a: Skeledirge|Protect|p2a: Skeledirge\n|-singleturn|p2a: Skeledirge|Protect\n|move|p1a: Flamigo|Close Combat|p2b: Orthworm\n|-supereffective|p2b: Orthworm\n|-damage|p2b: Orthworm|0 fnt\n|-unboost|p1a: Flamigo|def|1\n|-unboost|p1a: Flamigo|spd|1\n|-damage|p1a: Flamigo|58\/100|[from] item: Rocky Helmet|[of] p2b: Orthworm\n|faint|p2b: Orthworm\n|-damage|p1a: Flamigo|48\/100|[from] item: Life Orb\n|\n|upkeep\n|\n|t:|1700832511\n|switch|p2b: Dragalge|Dragalge, M|100\/100\n|turn|8\n|\n|t:|1700832521\n|move|p1b: Maushold|Encore||[still]\n|-fail|p1b: Maushold\n|move|p1a: Flamigo|Liquidation|p2a: Skeledirge\n|-supereffective|p2a: Skeledirge\n|-damage|p2a: Skeledirge|0 fnt\n|faint|p2a: Skeledirge\n|-damage|p1a: Flamigo|38\/100|[from] item: Life Orb\n|move|p2b: Dragalge|Scald|p1a: Flamigo\n|-crit|p1a: Flamigo\n|-damage|p1a: Flamigo|0 fnt\n|faint|p1a: Flamigo\n|\n|upkeep\n|\n|t:|1700832527\n|switch|p1a: Basculegion|Basculegion-F, F|100\/100\n|switch|p2a: Cresselia|Cresselia, F|35\/100\n|turn|9\n|\n|t:|1700832540\n|move|p2a: Cresselia|Protect|p2a: Cresselia\n|-singleturn|p2a: Cresselia|Protect\n|move|p1b: Maushold|Encore|p2a: Cresselia\n|-activate|p2a: Cresselia|move: Protect\n|move|p1a: Basculegion|Last Respects|p2b: Dragalge\n|-damage|p2b: Dragalge|0 fnt\n|faint|p2b: Dragalge\n|\n|upkeep\n|turn|10\n|-message|McCrickerd forfeited.\n|\n|win|Cryptic_Brawler\n|raw|Cryptic_Brawler's rating: 1076 &rarr; <strong>1099<\/strong><br \/>(+23 for winning)\n|raw|McCrickerd's rating: 1008 &rarr; <strong>1000<\/strong><br \/>(-8 for losing)\n|l|\u2606McCrickerd\n","uploadtime":1700832554,"views":6,"p1id":"crypticbrawler","p2id":"mccrickerd","formatid":"gen9doublesou","rating":1000,"private":0,"password":""}