{"id":"gen9doublesou-1969294219","p1":"EdeyDaKing","p2":"Thehombre","format":"[Gen 9] Doubles OU","log":"|j|\u2606EdeyDaKing\n|j|\u2606Thehombre\n|t:|1697510746\n|gametype|doubles\n|player|p1|EdeyDaKing|swimmerf|1143\n|player|p2|Thehombre|169|1098\n|teamsize|p1|6\n|teamsize|p2|6\n|gen|9\n|tier|[Gen 9] Doubles OU\n|rated|\n|rule|Species Clause: Limit one of each Pok\u00e9mon\n|rule|OHKO Clause: OHKO moves are banned\n|rule|Evasion Moves Clause: Evasion moves are banned\n|rule|Gravity Sleep Clause: The combination of sleep-inducing moves with imperfect accuracy and Gravity or Gigantamax Orbeetle are banned\n|rule|Endless Battle Clause: Forcing endless battles is banned\n|rule|HP Percentage Mod: HP is shown in percentages\n|clearpoke\n|poke|p1|Flutter Mane|\n|poke|p1|Tornadus, M|\n|poke|p1|Iron Hands|\n|poke|p1|Palafin, M|\n|poke|p1|Grimmsnarl, M|\n|poke|p1|Amoonguss, M|\n|poke|p2|Flutter Mane|\n|poke|p2|Tornadus, M|\n|poke|p2|Vaporeon, M|\n|poke|p2|Roaring Moon|\n|poke|p2|Ogerpon-Hearthflame, F|\n|poke|p2|Murkrow, F|\n|teampreview\n|inactive|Battle timer is ON: inactive players will automatically lose when time's up. (requested by EdeyDaKing)\n|\n|t:|1697510770\n|start\n|switch|p1a: Grimmsnarl|Grimmsnarl, M, shiny|100\/100\n|switch|p1b: Iron Hands|Iron Hands, shiny|100\/100\n|switch|p2a: Flutter Mane|Flutter Mane|100\/100\n|switch|p2b: Roaring Moon|Roaring Moon|100\/100\n|-enditem|p1b: Iron Hands|Booster Energy\n|-activate|p1b: Iron Hands|ability: Quark Drive|[fromitem]\n|-start|p1b: Iron Hands|quarkdriveatk\n|turn|1\n|\n|t:|1697510788\n|-terastallize|p1b: Iron Hands|Grass\n|move|p1a: Grimmsnarl|Light Screen|p1a: Grimmsnarl\n|-sidestart|p1: EdeyDaKing|move: Light Screen\n|move|p2a: Flutter Mane|Calm Mind|p2a: Flutter Mane\n|-boost|p2a: Flutter Mane|spa|1\n|-boost|p2a: Flutter Mane|spd|1\n|move|p2b: Roaring Moon|Dragon Dance|p2b: Roaring Moon\n|-boost|p2b: Roaring Moon|atk|1\n|-boost|p2b: Roaring Moon|spe|1\n|move|p1b: Iron Hands|Drain Punch|p2b: Roaring Moon\n|-supereffective|p2b: Roaring Moon\n|-damage|p2b: Roaring Moon|0 fnt\n|faint|p2b: Roaring Moon\n|-end|p2b: Roaring Moon|Protosynthesis|[silent]\n|\n|upkeep\n|\n|t:|1697510795\n|switch|p2b: Tornadus|Tornadus, M|100\/100\n|turn|2\n|\n|t:|1697510811\n|-terastallize|p2b: Tornadus|Flying\n|move|p1a: Grimmsnarl|Parting Shot|p2a: Flutter Mane\n|-unboost|p2a: Flutter Mane|atk|1\n|-unboost|p2a: Flutter Mane|spa|1\n|\n|t:|1697510818\n|switch|p1a: Tornadus|Tornadus, M, shiny|100\/100|[from] Parting Shot\n|move|p2a: Flutter Mane|Shadow Ball|p1b: Iron Hands\n|-damage|p1b: Iron Hands|73\/100\n|move|p2b: Tornadus|Bleakwind Storm|p1b: Iron Hands|[spread] p1a,p1b\n|-supereffective|p1b: Iron Hands\n|-damage|p1a: Tornadus|51\/100\n|-damage|p1b: Iron Hands|8\/100\n|move|p1b: Iron Hands|Thunder Punch|p2a: Flutter Mane\n|-damage|p2a: Flutter Mane|0 fnt\n|faint|p2a: Flutter Mane\n|-end|p2a: Flutter Mane|Protosynthesis|[silent]\n|\n|-heal|p1a: Tornadus|57\/100|[from] item: Leftovers\n|upkeep\n|\n|t:|1697510828\n|switch|p2a: Murkrow|Murkrow, F|100\/100\n|turn|3\n|\n|t:|1697510837\n|move|p1a: Tornadus|Tailwind|p1a: Tornadus\n|-sidestart|p1: EdeyDaKing|move: Tailwind\n|move|p2a: Murkrow|Tailwind|p2a: Murkrow\n|-sidestart|p2: Thehombre|move: Tailwind\n|move|p2b: Tornadus|Bleakwind Storm|p1b: Iron Hands|[spread] p1a,p1b\n|-supereffective|p1b: Iron Hands\n|-crit|p1b: Iron Hands\n|-damage|p1a: Tornadus|11\/100\n|-damage|p1b: Iron Hands|0 fnt\n|faint|p1b: Iron Hands\n|-end|p1b: Iron Hands|Quark Drive|[silent]\n|\n|-heal|p1a: Tornadus|17\/100|[from] item: Leftovers\n|upkeep\n|\n|t:|1697510848\n|switch|p1b: Flutter Mane|Flutter Mane, shiny|100\/100\n|turn|4\n|\n|t:|1697510858\n|move|p1a: Tornadus|Sunny Day|p1a: Tornadus\n|-weather|SunnyDay\n|-activate|p1b: Flutter Mane|ability: Protosynthesis\n|-start|p1b: Flutter Mane|protosynthesisspa\n|move|p2a: Murkrow|Thunder Wave|p1b: Flutter Mane\n|-status|p1b: Flutter Mane|par\n|move|p2b: Tornadus|Bleakwind Storm|p1b: Flutter Mane|[spread] p1a\n|-miss|p2b: Tornadus|p1b: Flutter Mane\n|-damage|p1a: Tornadus|0 fnt\n|faint|p1a: Tornadus\n|move|p1b: Flutter Mane|Thunderbolt|p2b: Tornadus\n|-supereffective|p2b: Tornadus\n|-enditem|p2b: Tornadus|Focus Sash\n|-damage|p2b: Tornadus|1\/100\n|\n|-weather|SunnyDay|[upkeep]\n|upkeep\n|\n|t:|1697510873\n|switch|p1a: Grimmsnarl|Grimmsnarl, M, shiny|100\/100\n|turn|5\n|\n|t:|1697510883\n|move|p2b: Tornadus|Bleakwind Storm|p1a: Grimmsnarl|[spread] p1a,p1b\n|-damage|p1a: Grimmsnarl|74\/100\n|-damage|p1b: Flutter Mane|65\/100 par\n|-unboost|p1a: Grimmsnarl|spe|1\n|move|p2a: Murkrow|Foul Play|p1b: Flutter Mane\n|-damage|p1b: Flutter Mane|32\/100 par\n|cant|p1b: Flutter Mane|par\n|move|p1a: Grimmsnarl|Spirit Break|p2a: Murkrow\n|-supereffective|p2a: Murkrow\n|-damage|p2a: Murkrow|21\/100\n|-unboost|p2a: Murkrow|spa|1\n|\n|-weather|SunnyDay|[upkeep]\n|upkeep\n|turn|6\n|\n|t:|1697510900\n|move|p1a: Grimmsnarl|Reflect|p1a: Grimmsnarl\n|-sidestart|p1: EdeyDaKing|Reflect\n|move|p2b: Tornadus|Bleakwind Storm|p1a: Grimmsnarl|[spread] p1b\n|-miss|p2b: Tornadus|p1a: Grimmsnarl\n|-damage|p1b: Flutter Mane|0 fnt\n|faint|p1b: Flutter Mane\n|-end|p1b: Flutter Mane|Protosynthesis|[silent]\n|move|p2a: Murkrow|Foul Play|p1a: Grimmsnarl\n|-resisted|p1a: Grimmsnarl\n|-damage|p1a: Grimmsnarl|66\/100\n|\n|-weather|SunnyDay|[upkeep]\n|-sideend|p1: EdeyDaKing|move: Tailwind\n|-sideend|p2: Thehombre|move: Tailwind\n|upkeep\n|\n|t:|1697510911\n|switch|p1b: Amoonguss|Amoonguss, M, shiny|100\/100\n|turn|7\n|\n|t:|1697510921\n|switch|p1b: Palafin|Palafin, M, shiny|100\/100\n|move|p2a: Murkrow|Taunt|p1b: Palafin\n|-start|p1b: Palafin|move: Taunt\n|move|p2b: Tornadus|Bleakwind Storm|p1b: Palafin|[spread] p1a,p1b\n|-damage|p1a: Grimmsnarl|40\/100\n|-damage|p1b: Palafin|55\/100\n|move|p1a: Grimmsnarl|Spirit Break|p2a: Murkrow\n|-supereffective|p2a: Murkrow\n|-damage|p2a: Murkrow|0 fnt\n|faint|p2a: Murkrow\n|\n|-weather|SunnyDay|[upkeep]\n|upkeep\n|\n|t:|1697510931\n|switch|p2a: Ogerpon|Ogerpon-Hearthflame, F|100\/100\n|-ability|p2a: Ogerpon|Mold Breaker\n|turn|8\n|\n|t:|1697510942\n|switch|p2b: Vaporeon|Vaporeon, M|100\/100\n|move|p1b: Palafin|Jet Punch|p2b: Vaporeon\n|-immune|p2b: Vaporeon|[from] ability: Water Absorb\n|move|p1a: Grimmsnarl|Parting Shot|p2a: Ogerpon\n|-unboost|p2a: Ogerpon|atk|1\n|-unboost|p2a: Ogerpon|spa|1\n|\n|t:|1697510951\n|switch|p1a: Amoonguss|Amoonguss, M, shiny|100\/100|[from] Parting Shot\n|move|p2a: Ogerpon|Swords Dance|p2a: Ogerpon\n|-boost|p2a: Ogerpon|atk|2\n|\n|-weather|none\n|-sideend|p1: EdeyDaKing|move: Light Screen\n|upkeep\n|turn|9\n|\n|t:|1697510969\n|move|p2a: Ogerpon|Ivy Cudgel|p1a: Amoonguss\n|-supereffective|p1a: Amoonguss\n|-damage|p1a: Amoonguss|0 fnt\n|faint|p1a: Amoonguss\n|move|p1b: Palafin|Wave Crash|p2a: Ogerpon\n|-damage|p2a: Ogerpon|23\/100\n|-damage|p1b: Palafin|35\/100|[from] Recoil\n|move|p2b: Vaporeon|Sunny Day|p2b: Vaporeon\n|-weather|SunnyDay\n|\n|-weather|SunnyDay|[upkeep]\n|-end|p1b: Palafin|move: Taunt\n|upkeep\n|\n|t:|1697510979\n|switch|p1a: Grimmsnarl|Grimmsnarl, M, shiny|40\/100\n|turn|10\n|\n|t:|1697510996\n|move|p1b: Palafin|Protect|p1b: Palafin\n|-singleturn|p1b: Palafin|Protect\n|move|p2a: Ogerpon|Horn Leech|p1b: Palafin\n|-activate|p1b: Palafin|move: Protect\n|move|p2b: Vaporeon|Calm Mind|p2b: Vaporeon\n|-boost|p2b: Vaporeon|spa|1\n|-boost|p2b: Vaporeon|spd|1\n|move|p1a: Grimmsnarl|Spirit Break|p2b: Vaporeon\n|-damage|p2b: Vaporeon|66\/100\n|-unboost|p2b: Vaporeon|spa|1\n|\n|-weather|SunnyDay|[upkeep]\n|-heal|p2b: Vaporeon|72\/100|[from] item: Leftovers\n|upkeep\n|turn|11\n|\n|t:|1697511016\n|move|p1b: Palafin|Jet Punch|p2a: Ogerpon\n|-damage|p2a: Ogerpon|6\/100\n|move|p2a: Ogerpon|Horn Leech|p1b: Palafin\n|-supereffective|p1b: Palafin\n|-damage|p1b: Palafin|0 fnt\n|-heal|p2a: Ogerpon|28\/100|[from] drain|[of] p1b: Palafin\n|faint|p1b: Palafin\n|move|p2b: Vaporeon|Weather Ball|p1a: Grimmsnarl\n|-damage|p1a: Grimmsnarl|3\/100\n|move|p1a: Grimmsnarl|Spirit Break|p2a: Ogerpon\n|-resisted|p2a: Ogerpon\n|-damage|p2a: Ogerpon|7\/100\n|-unboost|p2a: Ogerpon|spa|1\n|\n|-weather|SunnyDay|[upkeep]\n|-heal|p2b: Vaporeon|78\/100|[from] item: Leftovers\n|upkeep\n|turn|12\n|-message|EdeyDaKing forfeited.\n|\n|win|Thehombre\n|raw|EdeyDaKing's rating: 1143 &rarr; <strong>1115<\/strong><br \/>(-28 for losing)\n|raw|Thehombre's rating: 1098 &rarr; <strong>1127<\/strong><br \/>(+29 for winning)\n|l|\u2606EdeyDaKing\n","uploadtime":1697511032,"views":15,"p1id":"edeydaking","p2id":"thehombre","formatid":"gen9doublesou","rating":1115,"private":0,"password":""}