{"id":"gen9doublesou-1991914292","p1":"TONEtheBRUTAL","p2":"Todaisal","format":"[Gen 9] Doubles OU","log":"|j|\u2606TONEtheBRUTAL\n|j|\u2606Todaisal\n|t:|1700137536\n|gametype|doubles\n|player|p1|TONEtheBRUTAL|1|1156\n|player|p2|Todaisal|ethan|1148\n|teamsize|p1|6\n|teamsize|p2|6\n|gen|9\n|tier|[Gen 9] Doubles OU\n|rated|\n|rule|Species Clause: Limit one of each Pok\u00e9mon\n|rule|OHKO Clause: OHKO moves are banned\n|rule|Evasion Moves Clause: Evasion moves are banned\n|rule|Gravity Sleep Clause: The combination of sleep-inducing moves with imperfect accuracy and Gravity or Gigantamax Orbeetle are banned\n|rule|Endless Battle Clause: Forcing endless battles is banned\n|rule|HP Percentage Mod: HP is shown in percentages\n|clearpoke\n|poke|p1|Sinistcha|\n|poke|p1|Arcanine-Hisui, F|\n|poke|p1|Gardevoir, F|\n|poke|p1|Snorlax, M|\n|poke|p1|Kommo-o, M|\n|poke|p1|Iron Hands|\n|poke|p2|Oricorio-Pom-Pom, F|\n|poke|p2|Volcarona, M|\n|poke|p2|Sinistcha|\n|poke|p2|Lilligant-Hisui, F|\n|poke|p2|Krookodile, M|\n|poke|p2|Ninetales, M|\n|teampreview\n|\n|t:|1700137555\n|start\n|switch|p1a: Weird Liquid|Sinistcha|100\/100\n|switch|p1b: HANDS TOUCH YOU|Iron Hands|100\/100\n|switch|p2a: Krookodile|Krookodile, M|100\/100\n|switch|p2b: Volcarona|Volcarona, M|100\/100\n|-ability|p2a: Krookodile|Intimidate|boost\n|-unboost|p1a: Weird Liquid|atk|1\n|-unboost|p1b: HANDS TOUCH YOU|atk|1\n|-enditem|p1b: HANDS TOUCH YOU|Booster Energy\n|-activate|p1b: HANDS TOUCH YOU|ability: Quark Drive|[fromitem]\n|-start|p1b: HANDS TOUCH YOU|quarkdriveatk\n|turn|1\n|\n|t:|1700137578\n|move|p1b: HANDS TOUCH YOU|Fake Out|p2a: Krookodile\n|-crit|p2a: Krookodile\n|-damage|p2a: Krookodile|64\/100\n|move|p2b: Volcarona|Tailwind|p2b: Volcarona\n|-sidestart|p2: Todaisal|move: Tailwind\n|cant|p2a: Krookodile|flinch\n|move|p1a: Weird Liquid|Trick Room|p1a: Weird Liquid\n|-fieldstart|move: Trick Room|[of] p1a: Weird Liquid\n|\n|upkeep\n|turn|2\n|\n|t:|1700137617\n|move|p1b: HANDS TOUCH YOU|Drain Punch|p2b: Volcarona\n|-resisted|p2b: Volcarona\n|-damage|p2b: Volcarona|78\/100\n|move|p1a: Weird Liquid|Matcha Gotcha|p2b: Volcarona|[spread] p2a\n|-miss|p1a: Weird Liquid|p2b: Volcarona\n|-supereffective|p2a: Krookodile\n|-damage|p2a: Krookodile|20\/100\n|move|p2a: Krookodile|Knock Off|p1a: Weird Liquid\n|-supereffective|p1a: Weird Liquid\n|-damage|p1a: Weird Liquid|22\/100\n|-enditem|p1a: Weird Liquid|Mental Herb|[from] move: Knock Off|[of] p2a: Krookodile\n|move|p2b: Volcarona|Will-O-Wisp|p1b: HANDS TOUCH YOU\n|-status|p1b: HANDS TOUCH YOU|brn\n|\n|-damage|p1b: HANDS TOUCH YOU|94\/100 brn|[from] brn\n|upkeep\n|turn|3\n|\n|t:|1700137653\n|switch|p2a: Oricorio|Oricorio-Pom-Pom, F|100\/100\n|move|p1b: HANDS TOUCH YOU|Wild Charge|p2b: Volcarona\n|-damage|p2b: Volcarona|48\/100\n|-damage|p1b: HANDS TOUCH YOU|88\/100 brn|[from] Recoil\n|move|p1a: Weird Liquid|Matcha Gotcha|p2a: Oricorio|[spread] p2a,p2b\n|-resisted|p2a: Oricorio\n|-resisted|p2b: Volcarona\n|-damage|p2a: Oricorio|87\/100\n|-heal|p1a: Weird Liquid|29\/100|[from] drain|[of] p2a: Oricorio\n|-damage|p2b: Volcarona|43\/100\n|-heal|p1a: Weird Liquid|32\/100|[from] drain|[of] p2b: Volcarona\n|move|p2b: Volcarona|Fiery Dance|p1a: Weird Liquid\n|-supereffective|p1a: Weird Liquid\n|-damage|p1a: Weird Liquid|0 fnt\n|-boost|p2b: Volcarona|spa|1\n|faint|p1a: Weird Liquid\n|-activate|p2a: Oricorio|ability: Dancer\n|move|p2a: Oricorio|Fiery Dance|p1b: HANDS TOUCH YOU|[from]ability: Dancer\n|-damage|p1b: HANDS TOUCH YOU|75\/100 brn\n|-boost|p2a: Oricorio|spa|1\n|\n|-heal|p2a: Oricorio|93\/100|[from] item: Leftovers\n|-damage|p1b: HANDS TOUCH YOU|69\/100 brn|[from] brn\n|upkeep\n|\n|t:|1700137692\n|switch|p1a: I'm not like that|Gardevoir, F|100\/100\n|turn|4\n|\n|t:|1700137715\n|move|p1b: HANDS TOUCH YOU|Wild Charge|p2b: Volcarona\n|-damage|p2b: Volcarona|13\/100\n|-damage|p1b: HANDS TOUCH YOU|63\/100 brn|[from] Recoil\n|move|p1a: I'm not like that|Light Screen|p1a: I'm not like that\n|-sidestart|p1: TONEtheBRUTAL|move: Light Screen\n|move|p2a: Oricorio|Quiver Dance|p2a: Oricorio\n|-boost|p2a: Oricorio|spa|1\n|-boost|p2a: Oricorio|spd|1\n|-boost|p2a: Oricorio|spe|1\n|move|p2b: Volcarona|Fiery Dance|p1a: I'm not like that\n|-damage|p1a: I'm not like that|65\/100\n|-boost|p2b: Volcarona|spa|1\n|-activate|p2a: Oricorio|ability: Dancer\n|move|p2a: Oricorio|Fiery Dance|p1a: I'm not like that|[from]ability: Dancer\n|-damage|p1a: I'm not like that|39\/100\n|-boost|p2a: Oricorio|spa|1\n|\n|-heal|p2a: Oricorio|99\/100|[from] item: Leftovers\n|-damage|p1b: HANDS TOUCH YOU|57\/100 brn|[from] brn\n|-sideend|p2: Todaisal|move: Tailwind\n|upkeep\n|turn|5\n|\n|t:|1700137746\n|move|p1b: HANDS TOUCH YOU|Wild Charge|p2a: Oricorio\n|-damage|p2a: Oricorio|74\/100\n|-damage|p1b: HANDS TOUCH YOU|52\/100 brn|[from] Recoil\n|move|p1a: I'm not like that|Dazzling Gleam|p2b: Volcarona|[spread] p2a,p2b\n|-resisted|p2b: Volcarona\n|-damage|p2a: Oricorio|54\/100\n|-damage|p2b: Volcarona|0 fnt\n|faint|p2b: Volcarona\n|move|p2a: Oricorio|Quiver Dance|p2a: Oricorio\n|-boost|p2a: Oricorio|spa|1\n|-boost|p2a: Oricorio|spd|1\n|-boost|p2a: Oricorio|spe|1\n|\n|-heal|p2a: Oricorio|61\/100|[from] item: Leftovers\n|-damage|p1b: HANDS TOUCH YOU|46\/100 brn|[from] brn\n|-fieldend|move: Trick Room\n|upkeep\n|\n|t:|1700137756\n|switch|p2b: Sinistcha|Sinistcha|100\/100\n|-heal|p2a: Oricorio|86\/100|[from] ability: Hospitality|[of] p2b: Sinistcha\n|turn|6\n|inactive|Battle timer is ON: inactive players will automatically lose when time's up. (requested by Todaisal)\n|inactive|TONEtheBRUTAL has 120 seconds left.\n|\n|t:|1700137854\n|move|p2a: Oricorio|Quiver Dance|p2a: Oricorio\n|-boost|p2a: Oricorio|spa|1\n|-boost|p2a: Oricorio|spd|1\n|-boost|p2a: Oricorio|spe|1\n|move|p1a: I'm not like that|Dazzling Gleam|p2a: Oricorio|[spread] p2a,p2b\n|-damage|p2a: Oricorio|73\/100\n|-damage|p2b: Sinistcha|75\/100\n|move|p2b: Sinistcha|Life Dew|p2b: Sinistcha|[spread] p2a,p2b\n|-heal|p2a: Oricorio|98\/100\n|-heal|p2b: Sinistcha|99\/100\n|move|p1b: HANDS TOUCH YOU|Wild Charge|p2a: Oricorio\n|-damage|p2a: Oricorio|74\/100\n|-damage|p1b: HANDS TOUCH YOU|41\/100 brn|[from] Recoil\n|\n|-heal|p2a: Oricorio|80\/100|[from] item: Leftovers\n|-damage|p1b: HANDS TOUCH YOU|35\/100 brn|[from] brn\n|upkeep\n|turn|7\n|inactive|TONEtheBRUTAL has 120 seconds left.\n|\n|t:|1700137888\n|move|p2a: Oricorio|Quiver Dance|p2a: Oricorio\n|-boost|p2a: Oricorio|spa|1\n|-boost|p2a: Oricorio|spd|1\n|-boost|p2a: Oricorio|spe|1\n|move|p1a: I'm not like that|Dazzling Gleam|p2b: Sinistcha|[spread] p2a,p2b\n|-crit|p2a: Oricorio\n|-damage|p2a: Oricorio|30\/100\n|-damage|p2b: Sinistcha|75\/100\n|move|p2b: Sinistcha|Life Dew|p2b: Sinistcha|[spread] p2a,p2b\n|-heal|p2a: Oricorio|55\/100\n|-heal|p2b: Sinistcha|99\/100\n|move|p1b: HANDS TOUCH YOU|Drain Punch|p2b: Sinistcha\n|-immune|p2b: Sinistcha\n|\n|-heal|p2a: Oricorio|62\/100|[from] item: Leftovers\n|-damage|p1b: HANDS TOUCH YOU|29\/100 brn|[from] brn\n|upkeep\n|turn|8\n|inactive|TONEtheBRUTAL has 120 seconds left.\n|\n|t:|1700137928\n|-end|p1b: HANDS TOUCH YOU|Quark Drive|[silent]\n|switch|p1b: Karp Karp|Kommo-o, M|100\/100\n|move|p2a: Oricorio|Protect|p2a: Oricorio\n|-singleturn|p2a: Oricorio|Protect\n|move|p1a: I'm not like that|Dazzling Gleam|p2a: Oricorio|[spread] p2b\n|-activate|p2a: Oricorio|move: Protect\n|-damage|p2b: Sinistcha|77\/100\n|move|p2b: Sinistcha|Life Dew|p2b: Sinistcha|[spread] p2a,p2b\n|-heal|p2a: Oricorio|87\/100\n|-heal|p2b: Sinistcha|100\/100\n|\n|-heal|p2a: Oricorio|93\/100|[from] item: Leftovers\n|-sideend|p1: TONEtheBRUTAL|move: Light Screen\n|upkeep\n|turn|9\n|inactive|TONEtheBRUTAL has 120 seconds left.\n|\n|t:|1700137954\n|move|p2a: Oricorio|Air Cutter|p1a: I'm not like that|[spread] p1a,p1b\n|-supereffective|p1b: Karp Karp\n|-crit|p1b: Karp Karp\n|-damage|p1a: I'm not like that|0 fnt\n|-damage|p1b: Karp Karp|0 fnt\n|faint|p1a: I'm not like that\n|faint|p1b: Karp Karp\n|move|p2b: Sinistcha|Scald|p1: I'm not like that|[notarget]\n|-fail|p2b: Sinistcha\n|\n|-heal|p2a: Oricorio|99\/100|[from] item: Leftovers\n|upkeep\n|\n|t:|1700137965\n|switch|p1a: HANDS TOUCH YOU|Iron Hands|29\/100 brn\n|switch|p1b: Milo|Arcanine-Hisui, F|100\/100\n|-ability|p1b: Milo|Intimidate|boost\n|-unboost|p2a: Oricorio|atk|1\n|-unboost|p2b: Sinistcha|atk|1\n|-item|p1b: Milo|Air Balloon\n|turn|10\n|\n|t:|1700137978\n|-terastallize|p2b: Sinistcha|Fire\n|move|p2a: Oricorio|Protect|p2a: Oricorio\n|-singleturn|p2a: Oricorio|Protect\n|move|p1b: Milo|Rock Slide|p2b: Sinistcha|[spread] p2b\n|-activate|p2a: Oricorio|move: Protect\n|-supereffective|p2b: Sinistcha\n|-damage|p2b: Sinistcha|50\/100\n|move|p2b: Sinistcha|Scald|p1b: Milo\n|-supereffective|p1b: Milo\n|-damage|p1b: Milo|0 fnt\n|-enditem|p1b: Milo|Air Balloon\n|faint|p1b: Milo\n|move|p1a: HANDS TOUCH YOU|Wild Charge|p2a: Oricorio\n|-activate|p2a: Oricorio|move: Protect\n|\n|-heal|p2a: Oricorio|100\/100|[from] item: Leftovers\n|-damage|p1a: HANDS TOUCH YOU|22\/100 brn|[from] brn\n|upkeep\n|inactive|TONEtheBRUTAL has 120 seconds left.\n|\n|t:|1700137998\n|switch|p1b: Big Fat|Snorlax, M|100\/100\n|turn|11\n|inactive|TONEtheBRUTAL has 120 seconds left.\n|\n|t:|1700138025\n|move|p2a: Oricorio|Revelation Dance|p1b: Big Fat\n|-damage|p1b: Big Fat|28\/100\n|-enditem|p1b: Big Fat|Sitrus Berry|[eat]\n|-heal|p1b: Big Fat|52\/100|[from] item: Sitrus Berry\n|move|p2b: Sinistcha|Scald|p1b: Big Fat\n|-damage|p1b: Big Fat|38\/100\n|-status|p1b: Big Fat|brn\n|move|p1a: HANDS TOUCH YOU|Wild Charge|p2a: Oricorio\n|-damage|p2a: Oricorio|71\/100\n|-damage|p1a: HANDS TOUCH YOU|16\/100 brn|[from] Recoil\n|move|p1b: Big Fat|Earthquake|p2a: Oricorio|[spread] p1a,p2b\n|-immune|p2a: Oricorio\n|-supereffective|p1a: HANDS TOUCH YOU\n|-supereffective|p2b: Sinistcha\n|-damage|p1a: HANDS TOUCH YOU|1\/100 brn\n|-damage|p2b: Sinistcha|29\/100\n|\n|-heal|p2a: Oricorio|77\/100|[from] item: Leftovers\n|-damage|p1a: HANDS TOUCH YOU|0 fnt|[from] brn\n|faint|p1a: HANDS TOUCH YOU\n|-end|p1a: HANDS TOUCH YOU|Quark Drive|[silent]\n|-damage|p1b: Big Fat|32\/100 brn|[from] brn\n|upkeep\n|turn|12\n|inactive|TONEtheBRUTAL has 120 seconds left.\n|\n|t:|1700138051\n|move|p2a: Oricorio|Revelation Dance|p1b: Big Fat\n|-damage|p1b: Big Fat|0 fnt\n|faint|p1b: Big Fat\n|\n|win|Todaisal\n|raw|TONEtheBRUTAL's rating: 1156 &rarr; <strong>1130<\/strong><br \/>(-26 for losing)\n|raw|Todaisal's rating: 1148 &rarr; <strong>1174<\/strong><br \/>(+26 for winning)\n","uploadtime":1700138064,"views":6,"p1id":"tonethebrutal","p2id":"todaisal","formatid":"gen9doublesou","rating":1130,"private":0,"password":""}