{"id":"gen9doublesou-1983617319","p1":"bigbranonbampus","p2":"Kittyredheart","format":"[Gen 9] Doubles OU","log":"|j|\u2606bigbranonbampus\n|j|\u2606Kittyredheart\n|t:|1699149964\n|gametype|doubles\n|player|p1|bigbranonbampus|hiker|1329\n|player|p2|Kittyredheart|elesa|1314\n|teamsize|p1|6\n|teamsize|p2|6\n|gen|9\n|tier|[Gen 9] Doubles OU\n|rated|\n|rule|Species Clause: Limit one of each Pok\u00e9mon\n|rule|OHKO Clause: OHKO moves are banned\n|rule|Evasion Moves Clause: Evasion moves are banned\n|rule|Gravity Sleep Clause: The combination of sleep-inducing moves with imperfect accuracy and Gravity or Gigantamax Orbeetle are banned\n|rule|Endless Battle Clause: Forcing endless battles is banned\n|rule|HP Percentage Mod: HP is shown in percentages\n|clearpoke\n|poke|p1|Sinistcha-Masterpiece|\n|poke|p1|Ceruledge, M|\n|poke|p1|Gliscor, F|\n|poke|p1|Flutter Mane|\n|poke|p1|Roaring Moon|\n|poke|p1|Ninetales-Alola, M|\n|poke|p2|Milotic, F|\n|poke|p2|Grimmsnarl, M|\n|poke|p2|Jirachi|\n|poke|p2|Espathra, M|\n|poke|p2|Landorus-Therian, M|\n|poke|p2|Chien-Pao|\n|teampreview\n|inactive|Battle timer is ON: inactive players will automatically lose when time's up. (requested by bigbranonbampus)\n|\n|t:|1699149973\n|start\n|switch|p1a: Ceruledge|Ceruledge, M|100\/100\n|switch|p1b: Roaring Moon|Roaring Moon|100\/100\n|switch|p2a: Chicky Wicky|Grimmsnarl, M, shiny|100\/100\n|switch|p2b: Iron Fangs|Chien-Pao|100\/100\n|-ability|p2b: Iron Fangs|Sword of Ruin\n|-enditem|p1b: Roaring Moon|Booster Energy\n|-activate|p1b: Roaring Moon|ability: Protosynthesis|[fromitem]\n|-start|p1b: Roaring Moon|protosynthesisatk\n|turn|1\n|\n|t:|1699150000\n|move|p2a: Chicky Wicky|Fake Out|p1b: Roaring Moon\n|-damage|p1b: Roaring Moon|84\/100\n|cant|p1b: Roaring Moon|flinch\n|move|p2b: Iron Fangs|Crunch|p1a: Ceruledge\n|-supereffective|p1a: Ceruledge\n|-enditem|p1a: Ceruledge|Focus Sash\n|-damage|p1a: Ceruledge|1\/100\n|move|p1a: Ceruledge|Bitter Blade|p2b: Iron Fangs\n|-supereffective|p2b: Iron Fangs\n|-damage|p2b: Iron Fangs|0 fnt\n|-heal|p1a: Ceruledge|53\/100|[from] drain|[of] p2b: Iron Fangs\n|faint|p2b: Iron Fangs\n|\n|upkeep\n|inactive|Kittyredheart has 120 seconds left.\n|\n|t:|1699150015\n|switch|p2b: Cloud Terra|Landorus-Therian, M|100\/100\n|-ability|p2b: Cloud Terra|Intimidate|boost\n|-unboost|p1a: Ceruledge|atk|1\n|-unboost|p1b: Roaring Moon|atk|1\n|turn|2\n|\n|t:|1699150024\n|switch|p2b: Majestic Aqua|Milotic, F|100\/100\n|move|p1a: Ceruledge|Protect|p1a: Ceruledge\n|-singleturn|p1a: Ceruledge|Protect\n|move|p2a: Chicky Wicky|Parting Shot|p1a: Ceruledge\n|-activate|p1a: Ceruledge|move: Protect\n|move|p1b: Roaring Moon|Knock Off|p2b: Majestic Aqua\n|-damage|p2b: Majestic Aqua|59\/100\n|-enditem|p2b: Majestic Aqua|Chesto Berry|[from] move: Knock Off|[of] p1b: Roaring Moon\n|\n|upkeep\n|turn|3\n|\n|t:|1699150048\n|switch|p1a: Ninetales|Ninetales-Alola, M|100\/100\n|-weather|Snow|[from] ability: Snow Warning|[of] p1a: Ninetales\n|move|p2a: Chicky Wicky|Parting Shot|p1a: Ninetales\n|-unboost|p1a: Ninetales|atk|1\n|-unboost|p1a: Ninetales|spa|1\n|\n|t:|1699150059\n|switch|p2a: Cloud Terra|Landorus-Therian, M|100\/100|[from] Parting Shot\n|-ability|p2a: Cloud Terra|Intimidate|boost\n|-unboost|p1a: Ninetales|atk|1\n|-unboost|p1b: Roaring Moon|atk|1\n|move|p1b: Roaring Moon|Acrobatics|p2b: Majestic Aqua\n|-damage|p2b: Majestic Aqua|32\/100\n|move|p2b: Majestic Aqua|Coil|p2b: Majestic Aqua\n|-boost|p2b: Majestic Aqua|atk|1\n|-boost|p2b: Majestic Aqua|def|1\n|-boost|p2b: Majestic Aqua|accuracy|1\n|\n|-weather|Snow|[upkeep]\n|upkeep\n|turn|4\n|\n|t:|1699150080\n|-end|p1b: Roaring Moon|Protosynthesis|[silent]\n|switch|p1b: Gliscor|Gliscor, F|100\/100\n|-terastallize|p2a: Cloud Terra|Poison\n|move|p1a: Ninetales|Blizzard|p2b: Majestic Aqua|[spread] p2a,p2b\n|-resisted|p2b: Majestic Aqua\n|-damage|p2a: Cloud Terra|81\/100\n|-damage|p2b: Majestic Aqua|27\/100\n|-enditem|p2a: Cloud Terra|Eject Button\n|\n|t:|1699150089\n|switch|p2a: Chicky Wicky|Grimmsnarl, M, shiny|100\/100\n|move|p2b: Majestic Aqua|Rest|p2b: Majestic Aqua\n|-status|p2b: Majestic Aqua|slp|[from] move: Rest\n|-heal|p2b: Majestic Aqua|100\/100 slp|[silent]\n|\n|-weather|Snow|[upkeep]\n|-status|p1b: Gliscor|tox|[from] item: Toxic Orb\n|upkeep\n|turn|5\n|\n|t:|1699150102\n|move|p2a: Chicky Wicky|Light Screen|p2a: Chicky Wicky\n|-sidestart|p2: Kittyredheart|move: Light Screen\n|move|p1a: Ninetales|Aurora Veil|p1a: Ninetales\n|-sidestart|p1: bigbranonbampus|move: Aurora Veil\n|move|p1b: Gliscor|Tailwind|p1b: Gliscor\n|-sidestart|p1: bigbranonbampus|move: Tailwind\n|cant|p2b: Majestic Aqua|slp\n|\n|-weather|Snow|[upkeep]\n|upkeep\n|turn|6\n|inactive|bigbranonbampus has 120 seconds left.\n|\n|t:|1699150143\n|switch|p1b: Roaring Moon|Roaring Moon|84\/100\n|move|p2a: Chicky Wicky|Parting Shot|p1a: Ninetales\n|-unboost|p1a: Ninetales|atk|1\n|-unboost|p1a: Ninetales|spa|1\n|\n|t:|1699150149\n|switch|p2a: Cloud Terra|Landorus-Therian, M, tera:Poison|81\/100|[from] Parting Shot\n|-ability|p2a: Cloud Terra|Intimidate|boost\n|-unboost|p1a: Ninetales|atk|1\n|-unboost|p1b: Roaring Moon|atk|1\n|move|p1a: Ninetales|Howl|p1a: Ninetales|[spread] p1a,p1b\n|-boost|p1a: Ninetales|atk|1\n|-boost|p1b: Roaring Moon|atk|1\n|cant|p2b: Majestic Aqua|slp\n|\n|-weather|Snow|[upkeep]\n|upkeep\n|turn|7\n|inactive|bigbranonbampus has 120 seconds left.\n|\n|t:|1699150192\n|move|p1b: Roaring Moon|Protect|p1b: Roaring Moon\n|-singleturn|p1b: Roaring Moon|Protect\n|move|p1a: Ninetales|Howl|p1a: Ninetales|[spread] p1a,p1b\n|-boost|p1a: Ninetales|atk|1\n|-boost|p1b: Roaring Moon|atk|1\n|move|p2a: Cloud Terra|Stealth Rock|p1b: Roaring Moon\n|-sidestart|p1: bigbranonbampus|move: Stealth Rock\n|-curestatus|p2b: Majestic Aqua|slp|[msg]\n|move|p2b: Majestic Aqua|Hypnosis|p1b: Roaring Moon\n|-activate|p1b: Roaring Moon|move: Protect\n|\n|-weather|none\n|upkeep\n|turn|8\n|inactive|bigbranonbampus has 120 seconds left.\n|\n|t:|1699150212\n|switch|p2a: Chicky Wicky|Grimmsnarl, M, shiny|100\/100\n|move|p1b: Roaring Moon|Outrage|p2b: Majestic Aqua\n|-damage|p2b: Majestic Aqua|40\/100\n|move|p1a: Ninetales|Howl|p1a: Ninetales|[spread] p1a,p1b\n|-boost|p1a: Ninetales|atk|1\n|-boost|p1b: Roaring Moon|atk|1\n|move|p2b: Majestic Aqua|Hypnosis|p1b: Roaring Moon\n|-status|p1b: Roaring Moon|slp|[from] move: Hypnosis\n|\n|-sideend|p1: bigbranonbampus|move: Tailwind\n|upkeep\n|turn|9\n|\n|t:|1699150229\n|switch|p1a: Sinistcha|Sinistcha-Masterpiece|100\/100\n|-damage|p1a: Sinistcha|88\/100|[from] Stealth Rock\n|-heal|p1b: Roaring Moon|100\/100 slp|[from] ability: Hospitality|[of] p1a: Sinistcha\n|cant|p1b: Roaring Moon|slp\n|move|p2a: Chicky Wicky|Parting Shot|p1b: Roaring Moon\n|-hint|Since gen 7, Dark is immune to Prankster moves.\n|-immune|p1b: Roaring Moon\n|move|p2b: Majestic Aqua|Hypnosis|p1a: Sinistcha\n|-status|p1a: Sinistcha|slp|[from] move: Hypnosis\n|\n|-heal|p1a: Sinistcha|94\/100 slp|[from] item: Leftovers\n|-sideend|p2: Kittyredheart|move: Light Screen\n|upkeep\n|turn|10\n|\n|t:|1699150245\n|cant|p1b: Roaring Moon|slp\n|cant|p1a: Sinistcha|slp\n|move|p2a: Chicky Wicky|Light Screen|p2a: Chicky Wicky\n|-sidestart|p2: Kittyredheart|move: Light Screen\n|move|p2b: Majestic Aqua|Coil|p2b: Majestic Aqua\n|-boost|p2b: Majestic Aqua|atk|1\n|-boost|p2b: Majestic Aqua|def|1\n|-boost|p2b: Majestic Aqua|accuracy|1\n|\n|-heal|p1a: Sinistcha|99\/100 slp|[from] item: Leftovers\n|upkeep\n|turn|11\n|\n|t:|1699150262\n|cant|p1b: Roaring Moon|slp\n|-curestatus|p1a: Sinistcha|slp|[msg]\n|move|p1a: Sinistcha|Protect|p1a: Sinistcha\n|-singleturn|p1a: Sinistcha|Protect\n|move|p2a: Chicky Wicky|Parting Shot|p1a: Sinistcha\n|-activate|p1a: Sinistcha|move: Protect\n|move|p2b: Majestic Aqua|Rest|p2b: Majestic Aqua\n|-status|p2b: Majestic Aqua|slp|[from] move: Rest\n|-heal|p2b: Majestic Aqua|100\/100 slp|[silent]\n|\n|-heal|p1a: Sinistcha|100\/100|[from] item: Leftovers\n|upkeep\n|turn|12\n|\n|t:|1699150288\n|move|p2a: Chicky Wicky|Parting Shot|p1a: Sinistcha\n|-unboost|p1a: Sinistcha|atk|1\n|-unboost|p1a: Sinistcha|spa|1\n|\n|t:|1699150292\n|switch|p2a: Cloud Terra|Landorus-Therian, M, tera:Poison|81\/100|[from] Parting Shot\n|-ability|p2a: Cloud Terra|Intimidate|boost\n|-unboost|p1a: Sinistcha|atk|1\n|-unboost|p1b: Roaring Moon|atk|1\n|-curestatus|p1b: Roaring Moon|slp|[msg]\n|move|p1b: Roaring Moon|Knock Off|p2a: Cloud Terra\n|-damage|p2a: Cloud Terra|16\/100\n|cant|p2b: Majestic Aqua|slp\n|move|p1a: Sinistcha|Matcha Gotcha|p2b: Majestic Aqua|[spread] p2a\n|-miss|p1a: Sinistcha|p2b: Majestic Aqua\n|-resisted|p2a: Cloud Terra\n|-damage|p2a: Cloud Terra|9\/100\n|\n|-sideend|p1: bigbranonbampus|move: Aurora Veil\n|upkeep\n|turn|13\n|\n|t:|1699150313\n|switch|p2a: Chicky Wicky|Grimmsnarl, M, shiny|100\/100\n|move|p1a: Sinistcha|Protect|p1a: Sinistcha\n|-singleturn|p1a: Sinistcha|Protect\n|move|p1b: Roaring Moon|Knock Off|p2a: Chicky Wicky\n|-resisted|p2a: Chicky Wicky\n|-damage|p2a: Chicky Wicky|81\/100\n|-enditem|p2a: Chicky Wicky|Lagging Tail|[from] move: Knock Off|[of] p1b: Roaring Moon\n|cant|p2b: Majestic Aqua|slp\n|\n|upkeep\n|turn|14\n|\n|t:|1699150340\n|switch|p1a: Gliscor|Gliscor, F|100\/100 tox\n|-damage|p1a: Gliscor|88\/100 tox|[from] Stealth Rock\n|-terastallize|p1b: Roaring Moon|Flying\n|move|p2a: Chicky Wicky|Parting Shot|p1a: Gliscor\n|-unboost|p1a: Gliscor|atk|1\n|-unboost|p1a: Gliscor|spa|1\n|\n|t:|1699150349\n|switch|p2a: Cloud Terra|Landorus-Therian, M, tera:Poison|9\/100|[from] Parting Shot\n|-ability|p2a: Cloud Terra|Intimidate|boost\n|-unboost|p1a: Gliscor|atk|1\n|-unboost|p1b: Roaring Moon|atk|1\n|move|p1b: Roaring Moon|Acrobatics|p2b: Majestic Aqua\n|-damage|p2b: Majestic Aqua|72\/100 slp\n|-curestatus|p2b: Majestic Aqua|slp|[msg]\n|move|p2b: Majestic Aqua|Hypnosis|p1b: Roaring Moon\n|-status|p1b: Roaring Moon|slp|[from] move: Hypnosis\n|\n|-heal|p1a: Gliscor|100\/100 tox|[from] ability: Poison Heal\n|-sideend|p2: Kittyredheart|move: Light Screen\n|upkeep\n|turn|15\n|\n|t:|1699150368\n|switch|p2a: Chicky Wicky|Grimmsnarl, M, shiny|81\/100\n|cant|p1b: Roaring Moon|slp\n|move|p1a: Gliscor|Crabhammer|p2a: Chicky Wicky\n|-damage|p2a: Chicky Wicky|67\/100\n|move|p2b: Majestic Aqua|Coil|p2b: Majestic Aqua\n|-boost|p2b: Majestic Aqua|atk|1\n|-boost|p2b: Majestic Aqua|def|1\n|-boost|p2b: Majestic Aqua|accuracy|1\n|\n|upkeep\n|turn|16\n|\n|t:|1699150386\n|switch|p1a: Ninetales|Ninetales-Alola, M|100\/100\n|-damage|p1a: Ninetales|76\/100|[from] Stealth Rock\n|-weather|Snow|[from] ability: Snow Warning|[of] p1a: Ninetales\n|-curestatus|p1b: Roaring Moon|slp|[msg]\n|move|p1b: Roaring Moon|Protect|p1b: Roaring Moon\n|-singleturn|p1b: Roaring Moon|Protect\n|move|p2a: Chicky Wicky|Trick|p1a: Ninetales\n|-activate|p2a: Chicky Wicky|move: Trick|[of] p1a: Ninetales\n|-enditem|p1a: Ninetales|Light Clay|[silent]|[from] move: Trick\n|-item|p2a: Chicky Wicky|Light Clay|[from] move: Trick\n|move|p2b: Majestic Aqua|Coil|p2b: Majestic Aqua\n|-boost|p2b: Majestic Aqua|atk|1\n|-boost|p2b: Majestic Aqua|def|1\n|-boost|p2b: Majestic Aqua|accuracy|1\n|\n|-weather|Snow|[upkeep]\n|upkeep\n|turn|17\n|inactive|bigbranonbampus has 120 seconds left.\n|\n|t:|1699150418\n|move|p2a: Chicky Wicky|Parting Shot|p1b: Roaring Moon\n|-unboost|p1b: Roaring Moon|atk|1\n|-unboost|p1b: Roaring Moon|spa|1\n|\n|t:|1699150422\n|switch|p2a: Cloud Terra|Landorus-Therian, M, tera:Poison|9\/100|[from] Parting Shot\n|-ability|p2a: Cloud Terra|Intimidate|boost\n|-unboost|p1a: Ninetales|atk|1\n|-unboost|p1b: Roaring Moon|atk|1\n|move|p1b: Roaring Moon|Acrobatics|p2b: Majestic Aqua\n|-damage|p2b: Majestic Aqua|62\/100\n|move|p1a: Ninetales|Aurora Veil|p1a: Ninetales\n|-sidestart|p1: bigbranonbampus|move: Aurora Veil\n|move|p2b: Majestic Aqua|Hypnosis|p1b: Roaring Moon\n|-status|p1b: Roaring Moon|slp|[from] move: Hypnosis\n|\n|-weather|Snow|[upkeep]\n|upkeep\n|turn|18\n|\n|t:|1699150448\n|-end|p1b: Roaring Moon|Protosynthesis|[silent]\n|switch|p1b: Gliscor|Gliscor, F|100\/100 tox\n|-damage|p1b: Gliscor|88\/100 tox|[from] Stealth Rock\n|switch|p2a: Chicky Wicky|Grimmsnarl, M, shiny|67\/100\n|move|p1a: Ninetales|Blizzard|p2a: Chicky Wicky|[spread] p2a,p2b\n|-resisted|p2b: Majestic Aqua\n|-damage|p2a: Chicky Wicky|44\/100\n|-damage|p2b: Majestic Aqua|55\/100\n|move|p2b: Majestic Aqua|Hypnosis|p1a: Ninetales\n|-status|p1a: Ninetales|slp|[from] move: Hypnosis\n|\n|-weather|Snow|[upkeep]\n|-heal|p1b: Gliscor|100\/100 tox|[from] ability: Poison Heal\n|upkeep\n|turn|19\n|inactive|Kittyredheart has 120 seconds left.\n|\n|t:|1699150488\n|switch|p1a: Roaring Moon|Roaring Moon, tera:Flying|100\/100 slp\n|-damage|p1a: Roaring Moon|76\/100 slp|[from] Stealth Rock\n|move|p2a: Chicky Wicky|Parting Shot|p1b: Gliscor\n|-unboost|p1b: Gliscor|atk|1\n|-unboost|p1b: Gliscor|spa|1\n|\n|t:|1699150500\n|switch|p2a: Wig Snatcher|Espathra, M|100\/100|[from] Parting Shot\n|move|p1b: Gliscor|Earthquake|p2b: Majestic Aqua|[spread] p2a,p2b\n|-immune|p1a: Roaring Moon\n|-damage|p2a: Wig Snatcher|67\/100\n|-damage|p2b: Majestic Aqua|48\/100\n|move|p2b: Majestic Aqua|Scald|p1a: Roaring Moon\n|-damage|p1a: Roaring Moon|60\/100 slp\n|\n|-weather|Snow|[upkeep]\n|upkeep\n|turn|20\n|inactive|Kittyredheart has 120 seconds left.\n|\n|t:|1699150526\n|cant|p1a: Roaring Moon|slp\n|move|p1b: Gliscor|Tailwind|p1b: Gliscor\n|-sidestart|p1: bigbranonbampus|move: Tailwind\n|move|p2a: Wig Snatcher|Calm Mind|p2a: Wig Snatcher\n|-boost|p2a: Wig Snatcher|spa|1\n|-boost|p2a: Wig Snatcher|spd|1\n|move|p2b: Majestic Aqua|Rest|p2b: Majestic Aqua\n|-status|p2b: Majestic Aqua|slp|[from] move: Rest\n|-heal|p2b: Majestic Aqua|100\/100 slp|[silent]\n|\n|-weather|none\n|-ability|p2a: Wig Snatcher|Speed Boost|boost\n|-boost|p2a: Wig Snatcher|spe|1\n|upkeep\n|turn|21\n|\n|t:|1699150544\n|switch|p1b: Sinistcha|Sinistcha-Masterpiece|100\/100\n|-damage|p1b: Sinistcha|88\/100|[from] Stealth Rock\n|-heal|p1a: Roaring Moon|85\/100 slp|[from] ability: Hospitality|[of] p1b: Sinistcha\n|move|p2a: Wig Snatcher|Protect|p2a: Wig Snatcher\n|-singleturn|p2a: Wig Snatcher|Protect\n|cant|p1a: Roaring Moon|slp\n|cant|p2b: Majestic Aqua|slp\n|\n|-heal|p1b: Sinistcha|94\/100|[from] item: Leftovers\n|-sideend|p1: bigbranonbampus|move: Aurora Veil\n|-ability|p2a: Wig Snatcher|Speed Boost|boost\n|-boost|p2a: Wig Snatcher|spe|1\n|upkeep\n|turn|22\n|\n|t:|1699150564\n|-curestatus|p1a: Roaring Moon|slp|[msg]\n|move|p1a: Roaring Moon|Knock Off|p2a: Wig Snatcher\n|-supereffective|p2a: Wig Snatcher\n|-damage|p2a: Wig Snatcher|0 fnt\n|-enditem|p2a: Wig Snatcher|Fairy Feather|[from] move: Knock Off|[of] p1a: Roaring Moon\n|faint|p2a: Wig Snatcher\n|move|p1b: Sinistcha|Matcha Gotcha|p2b: Majestic Aqua\n|-supereffective|p2b: Majestic Aqua\n|-damage|p2b: Majestic Aqua|59\/100 slp\n|-heal|p1b: Sinistcha|100\/100|[from] drain|[of] p2b: Majestic Aqua\n|cant|p2b: Majestic Aqua|slp\n|\n|upkeep\n|\n|t:|1699150578\n|switch|p2a: Chicky Wicky|Grimmsnarl, M, shiny|44\/100\n|turn|23\n|\n|t:|1699150589\n|move|p1a: Roaring Moon|Protect|p1a: Roaring Moon\n|-singleturn|p1a: Roaring Moon|Protect\n|move|p2a: Chicky Wicky|Fake Out|p1a: Roaring Moon\n|-activate|p1a: Roaring Moon|move: Protect\n|move|p1b: Sinistcha|Matcha Gotcha|p2b: Majestic Aqua|[spread] p2b\n|-miss|p1b: Sinistcha|p2a: Chicky Wicky\n|-supereffective|p2b: Majestic Aqua\n|-crit|p2b: Majestic Aqua\n|-damage|p2b: Majestic Aqua|14\/100 slp\n|-curestatus|p2b: Majestic Aqua|slp|[msg]\n|move|p2b: Majestic Aqua|Hypnosis|p1b: Sinistcha\n|-status|p1b: Sinistcha|slp|[from] move: Hypnosis\n|\n|-sideend|p1: bigbranonbampus|move: Tailwind\n|upkeep\n|turn|24\n|\n|t:|1699150612\n|move|p2a: Chicky Wicky|Parting Shot|p1b: Sinistcha\n|-unboost|p1b: Sinistcha|atk|1\n|-unboost|p1b: Sinistcha|spa|1\n|\n|t:|1699150615\n|switch|p2a: Cloud Terra|Landorus-Therian, M, tera:Poison|9\/100|[from] Parting Shot\n|-ability|p2a: Cloud Terra|Intimidate|boost\n|-unboost|p1a: Roaring Moon|atk|1\n|-unboost|p1b: Sinistcha|atk|1\n|move|p1a: Roaring Moon|Acrobatics|p2b: Majestic Aqua\n|-damage|p2b: Majestic Aqua|1\/100\n|move|p2b: Majestic Aqua|Rest|p2b: Majestic Aqua\n|-status|p2b: Majestic Aqua|slp|[from] move: Rest\n|-heal|p2b: Majestic Aqua|100\/100 slp|[silent]\n|cant|p1b: Sinistcha|slp\n|\n|upkeep\n|turn|25\n|\n|t:|1699150638\n|switch|p2a: Chicky Wicky|Grimmsnarl, M, shiny|44\/100\n|move|p1a: Roaring Moon|Protect|p1a: Roaring Moon\n|-singleturn|p1a: Roaring Moon|Protect\n|cant|p2b: Majestic Aqua|slp\n|-curestatus|p1b: Sinistcha|slp|[msg]\n|move|p1b: Sinistcha|Matcha Gotcha|p2b: Majestic Aqua|[spread] p2a,p2b\n|-supereffective|p2b: Majestic Aqua\n|-damage|p2a: Chicky Wicky|29\/100\n|-damage|p2b: Majestic Aqua|81\/100 slp\n|\n|upkeep\n|turn|26\n|c|\u2606bigbranonbampus|Jesus\n|\n|t:|1699150656\n|move|p2a: Chicky Wicky|Light Screen|p2a: Chicky Wicky\n|-sidestart|p2: Kittyredheart|move: Light Screen\n|move|p1a: Roaring Moon|Acrobatics|p2a: Chicky Wicky\n|-damage|p2a: Chicky Wicky|0 fnt\n|faint|p2a: Chicky Wicky\n|cant|p2b: Majestic Aqua|slp\n|move|p1b: Sinistcha|Matcha Gotcha|p2b: Majestic Aqua\n|-supereffective|p2b: Majestic Aqua\n|-damage|p2b: Majestic Aqua|63\/100 slp\n|\n|upkeep\n|\n|t:|1699150665\n|switch|p2a: Cloud Terra|Landorus-Therian, M, tera:Poison|9\/100\n|-ability|p2a: Cloud Terra|Intimidate|boost\n|-unboost|p1a: Roaring Moon|atk|1\n|-unboost|p1b: Sinistcha|atk|1\n|turn|27\n|\n|t:|1699150679\n|switch|p2a: Iron Wish|Jirachi|100\/100\n|move|p1a: Roaring Moon|Acrobatics|p2a: Iron Wish\n|-resisted|p2a: Iron Wish\n|-damage|p2a: Iron Wish|88\/100\n|-curestatus|p2b: Majestic Aqua|slp|[msg]\n|move|p2b: Majestic Aqua|Hypnosis|p1b: Sinistcha\n|-status|p1b: Sinistcha|slp|[from] move: Hypnosis\n|cant|p1b: Sinistcha|slp\n|\n|-heal|p2a: Iron Wish|94\/100|[from] item: Leftovers\n|upkeep\n|turn|28\n|\n|t:|1699150697\n|move|p1a: Roaring Moon|Knock Off|p2a: Iron Wish\n|-supereffective|p2a: Iron Wish\n|-damage|p2a: Iron Wish|53\/100\n|-enditem|p2a: Iron Wish|Leftovers|[from] move: Knock Off|[of] p1a: Roaring Moon\n|move|p2a: Iron Wish|Wish|p2a: Iron Wish\n|move|p2b: Majestic Aqua|Hypnosis|p1a: Roaring Moon\n|-status|p1a: Roaring Moon|slp|[from] move: Hypnosis\n|-curestatus|p1b: Sinistcha|slp|[msg]\n|move|p1b: Sinistcha|Matcha Gotcha|p2b: Majestic Aqua|[spread] p2b\n|-miss|p1b: Sinistcha|p2a: Iron Wish\n|-supereffective|p2b: Majestic Aqua\n|-damage|p2b: Majestic Aqua|50\/100\n|\n|upkeep\n|turn|29\n|\n|t:|1699150711\n|switch|p2a: Cloud Terra|Landorus-Therian, M, tera:Poison|9\/100\n|-ability|p2a: Cloud Terra|Intimidate|boost\n|-unboost|p1a: Roaring Moon|atk|1\n|-unboost|p1b: Sinistcha|atk|1\n|cant|p1a: Roaring Moon|slp\n|move|p2b: Majestic Aqua|Hypnosis|p1b: Sinistcha\n|-status|p1b: Sinistcha|slp|[from] move: Hypnosis\n|cant|p1b: Sinistcha|slp\n|\n|-heal|p2a: Cloud Terra|62\/100|[from] move: Wish|[wisher] Iron Wish\n|upkeep\n|turn|30\n|c|\u2606bigbranonbampus|Isnt hypnosis supposed to have bad accuracy\n|inactive|bigbranonbampus has 120 seconds left.\n|\n|t:|1699150750\n|-curestatus|p1a: Roaring Moon|slp|[msg]\n|move|p1a: Roaring Moon|Outrage|p2b: Majestic Aqua\n|-damage|p2b: Majestic Aqua|42\/100\n|move|p2a: Cloud Terra|Tera Blast|p1b: Sinistcha|[anim] Tera Blast Poison\n|-damage|p1b: Sinistcha|68\/100 slp\n|move|p2b: Majestic Aqua|Scald|p1b: Sinistcha\n|-resisted|p1b: Sinistcha\n|-damage|p1b: Sinistcha|54\/100 slp\n|cant|p1b: Sinistcha|slp\n|\n|-heal|p1b: Sinistcha|60\/100 slp|[from] item: Leftovers\n|upkeep\n|turn|31\n|\n|t:|1699150764\n|switch|p2a: Iron Wish|Jirachi|53\/100\n|move|p1a: Roaring Moon|Outrage|p2b: Majestic Aqua|[from]lockedmove\n|-damage|p2b: Majestic Aqua|34\/100\n|move|p2b: Majestic Aqua|Hypnosis|p1a: Roaring Moon\n|-status|p1a: Roaring Moon|slp|[from] move: Hypnosis\n|cant|p1b: Sinistcha|slp\n|\n|-heal|p1b: Sinistcha|66\/100 slp|[from] item: Leftovers\n|upkeep\n|turn|32\n|inactive|Kittyredheart has 120 seconds left.\n|\n|t:|1699150801\n|-curestatus|p1b: Sinistcha|slp|[msg]\n|move|p1b: Sinistcha|Protect|p1b: Sinistcha\n|-singleturn|p1b: Sinistcha|Protect\n|cant|p1a: Roaring Moon|slp\n|move|p2a: Iron Wish|Wish|p2a: Iron Wish\n|move|p2b: Majestic Aqua|Scald|p1a: Roaring Moon\n|-damage|p1a: Roaring Moon|59\/100 slp\n|\n|-heal|p1b: Sinistcha|72\/100|[from] item: Leftovers\n|upkeep\n|turn|33\n|\n|t:|1699150816\n|cant|p1a: Roaring Moon|slp\n|move|p2a: Iron Wish|Cosmic Power|p2a: Iron Wish\n|-boost|p2a: Iron Wish|def|1\n|-boost|p2a: Iron Wish|spd|1\n|move|p2b: Majestic Aqua|Hypnosis|p1b: Sinistcha\n|-status|p1b: Sinistcha|slp|[from] move: Hypnosis\n|cant|p1b: Sinistcha|slp\n|\n|-heal|p2a: Iron Wish|100\/100|[from] move: Wish|[wisher] Iron Wish\n|-heal|p1b: Sinistcha|78\/100 slp|[from] item: Leftovers\n|-sideend|p2: Kittyredheart|move: Light Screen\n|upkeep\n|turn|34\n|inactive|bigbranonbampus has 120 seconds left.\n|\n|t:|1699150846\n|-end|p1a: Roaring Moon|Protosynthesis|[silent]\n|switch|p1a: Flutter Mane|Flutter Mane|100\/100\n|-damage|p1a: Flutter Mane|88\/100|[from] Stealth Rock\n|-curestatus|p1b: Sinistcha|slp|[msg]\n|move|p1b: Sinistcha|Protect|p1b: Sinistcha\n|-singleturn|p1b: Sinistcha|Protect\n|move|p2a: Iron Wish|Cosmic Power|p2a: Iron Wish\n|-boost|p2a: Iron Wish|def|1\n|-boost|p2a: Iron Wish|spd|1\n|move|p2b: Majestic Aqua|Coil|p2b: Majestic Aqua\n|-boost|p2b: Majestic Aqua|atk|1\n|-boost|p2b: Majestic Aqua|def|1\n|-boost|p2b: Majestic Aqua|accuracy|1\n|\n|-heal|p1b: Sinistcha|84\/100|[from] item: Leftovers\n|upkeep\n|turn|35\n|inactive|bigbranonbampus has 120 seconds left.\n|\n|t:|1699150877\n|move|p1a: Flutter Mane|Energy Ball|p2b: Majestic Aqua\n|-supereffective|p2b: Majestic Aqua\n|-damage|p2b: Majestic Aqua|0 fnt\n|faint|p2b: Majestic Aqua\n|move|p2a: Iron Wish|Wish|p2a: Iron Wish\n|move|p1b: Sinistcha|Matcha Gotcha|p2a: Iron Wish\n|-resisted|p2a: Iron Wish\n|-damage|p2a: Iron Wish|97\/100\n|-heal|p1b: Sinistcha|86\/100|[from] drain|[of] p2a: Iron Wish\n|\n|-heal|p1b: Sinistcha|92\/100|[from] item: Leftovers\n|upkeep\n|\n|t:|1699150884\n|switch|p2b: Cloud Terra|Landorus-Therian, M, tera:Poison|62\/100\n|-ability|p2b: Cloud Terra|Intimidate|boost\n|-unboost|p1a: Flutter Mane|atk|1\n|-unboost|p1b: Sinistcha|atk|1\n|turn|36\n|\n|t:|1699150895\n|move|p1a: Flutter Mane|Shadow Ball|p2a: Iron Wish\n|-supereffective|p2a: Iron Wish\n|-damage|p2a: Iron Wish|65\/100\n|move|p2a: Iron Wish|Cosmic Power|p2a: Iron Wish\n|-boost|p2a: Iron Wish|def|1\n|-boost|p2a: Iron Wish|spd|1\n|move|p2b: Cloud Terra|Tera Blast|p1a: Flutter Mane|[anim] Tera Blast Poison\n|-damage|p1a: Flutter Mane|0 fnt\n|faint|p1a: Flutter Mane\n|-end|p1a: Flutter Mane|Protosynthesis|[silent]\n|move|p1b: Sinistcha|Shadow Ball|p2a: Iron Wish\n|-supereffective|p2a: Iron Wish\n|-damage|p2a: Iron Wish|52\/100\n|\n|-heal|p2a: Iron Wish|100\/100|[from] move: Wish|[wisher] Iron Wish\n|-heal|p1b: Sinistcha|98\/100|[from] item: Leftovers\n|upkeep\n|inactive|bigbranonbampus has 120 seconds left.\n|\n|t:|1699150928\n|switch|p1a: Ninetales|Ninetales-Alola, M|76\/100 slp\n|-damage|p1a: Ninetales|51\/100 slp|[from] Stealth Rock\n|-weather|Snow|[from] ability: Snow Warning|[of] p1a: Ninetales\n|turn|37\n|\n|t:|1699150939\n|move|p1b: Sinistcha|Protect|p1b: Sinistcha\n|-singleturn|p1b: Sinistcha|Protect\n|cant|p1a: Ninetales|slp\n|move|p2a: Iron Wish|Cosmic Power|p2a: Iron Wish\n|-boost|p2a: Iron Wish|def|1\n|-boost|p2a: Iron Wish|spd|1\n|move|p2b: Cloud Terra|Tera Blast|p1a: Ninetales|[anim] Tera Blast Poison\n|-supereffective|p1a: Ninetales\n|-damage|p1a: Ninetales|0 fnt\n|faint|p1a: Ninetales\n|\n|-weather|Snow|[upkeep]\n|-heal|p1b: Sinistcha|100\/100|[from] item: Leftovers\n|upkeep\n|inactive|bigbranonbampus has 120 seconds left.\n|\n|t:|1699150956\n|switch|p1a: Ceruledge|Ceruledge, M|53\/100\n|-damage|p1a: Ceruledge|28\/100|[from] Stealth Rock\n|turn|38\n|inactive|bigbranonbampus has 120 seconds left.\n|\n|t:|1699150983\n|move|p1b: Sinistcha|Protect|p1b: Sinistcha\n|-singleturn|p1b: Sinistcha|Protect\n|move|p1a: Ceruledge|Bitter Blade|p2a: Iron Wish\n|-supereffective|p2a: Iron Wish\n|-damage|p2a: Iron Wish|74\/100\n|-heal|p1a: Ceruledge|43\/100|[from] drain|[of] p2a: Iron Wish\n|move|p2a: Iron Wish|Wish|p2a: Iron Wish\n|move|p2b: Cloud Terra|Earth Power|p1a: Ceruledge\n|-supereffective|p1a: Ceruledge\n|-damage|p1a: Ceruledge|0 fnt\n|faint|p1a: Ceruledge\n|\n|-weather|Snow|[upkeep]\n|upkeep\n|\n|t:|1699150997\n|switch|p1a: Roaring Moon|Roaring Moon, tera:Flying|59\/100 slp\n|-damage|p1a: Roaring Moon|34\/100 slp|[from] Stealth Rock\n|turn|39\n|\n|t:|1699151009\n|switch|p1b: Gliscor|Gliscor, F|100\/100 tox\n|-damage|p1b: Gliscor|88\/100 tox|[from] Stealth Rock\n|-curestatus|p1a: Roaring Moon|slp|[msg]\n|move|p1a: Roaring Moon|Protect|p1a: Roaring Moon\n|-singleturn|p1a: Roaring Moon|Protect\n|move|p2a: Iron Wish|Cosmic Power|p2a: Iron Wish\n|-boost|p2a: Iron Wish|def|1\n|-boost|p2a: Iron Wish|spd|1\n|move|p2b: Cloud Terra|Rock Slide|p1a: Roaring Moon|[spread] p1b\n|-activate|p1a: Roaring Moon|move: Protect\n|-damage|p1b: Gliscor|64\/100 tox\n|\n|-weather|Snow|[upkeep]\n|-heal|p2a: Iron Wish|100\/100|[from] move: Wish|[wisher] Iron Wish\n|-heal|p1b: Gliscor|76\/100 tox|[from] ability: Poison Heal\n|upkeep\n|turn|40\n|\n|t:|1699151031\n|move|p1a: Roaring Moon|Outrage|p2a: Iron Wish\n|-resisted|p2a: Iron Wish\n|-damage|p2a: Iron Wish|93\/100\n|move|p1b: Gliscor|Earthquake|p2b: Cloud Terra|[spread] p2a,p2b\n|-immune|p1a: Roaring Moon\n|-supereffective|p2a: Iron Wish\n|-supereffective|p2b: Cloud Terra\n|-damage|p2a: Iron Wish|77\/100\n|-damage|p2b: Cloud Terra|0 fnt\n|faint|p2b: Cloud Terra\n|move|p2a: Iron Wish|Stored Power|p1b: Gliscor\n|-damage|p1b: Gliscor|0 fnt\n|faint|p1b: Gliscor\n|\n|-weather|Snow|[upkeep]\n|upkeep\n|\n|t:|1699151046\n|switch|p1b: Sinistcha|Sinistcha-Masterpiece|100\/100\n|-damage|p1b: Sinistcha|88\/100|[from] Stealth Rock\n|-heal|p1a: Roaring Moon|59\/100|[from] ability: Hospitality|[of] p1b: Sinistcha\n|turn|41\n|\n|t:|1699151053\n|move|p1a: Roaring Moon|Outrage|p2a: Iron Wish|[from]lockedmove\n|-resisted|p2a: Iron Wish\n|-damage|p2a: Iron Wish|69\/100\n|move|p2a: Iron Wish|Wish|p2a: Iron Wish\n|move|p1b: Sinistcha|Shadow Ball|p2a: Iron Wish\n|-supereffective|p2a: Iron Wish\n|-damage|p2a: Iron Wish|54\/100\n|\n|-weather|none\n|-heal|p1b: Sinistcha|94\/100|[from] item: Leftovers\n|upkeep\n|turn|42\n|\n|t:|1699151071\n|move|p1b: Sinistcha|Protect|p1b: Sinistcha\n|-singleturn|p1b: Sinistcha|Protect\n|move|p1a: Roaring Moon|Outrage|p2a: Iron Wish|[from]lockedmove\n|-resisted|p2a: Iron Wish\n|-damage|p2a: Iron Wish|47\/100\n|-start|p1a: Roaring Moon|confusion|[fatigue]\n|move|p2a: Iron Wish|Stored Power|p1a: Roaring Moon\n|-damage|p1a: Roaring Moon|0 fnt\n|faint|p1a: Roaring Moon\n|-end|p1a: Roaring Moon|Protosynthesis|[silent]\n|\n|-heal|p2a: Iron Wish|96\/100|[from] move: Wish|[wisher] Iron Wish\n|-heal|p1b: Sinistcha|99\/100|[from] item: Leftovers\n|upkeep\n|turn|43\n|\n|t:|1699151085\n|move|p2a: Iron Wish|Wish|p2a: Iron Wish\n|move|p1b: Sinistcha|Matcha Gotcha|p2a: Iron Wish\n|-resisted|p2a: Iron Wish\n|-damage|p2a: Iron Wish|93\/100\n|-heal|p1b: Sinistcha|100\/100|[from] drain|[of] p2a: Iron Wish\n|-status|p2a: Iron Wish|brn\n|\n|-damage|p2a: Iron Wish|87\/100 brn|[from] brn\n|upkeep\n|turn|44\n|\n|t:|1699151100\n|move|p1b: Sinistcha|Protect|p1b: Sinistcha\n|-singleturn|p1b: Sinistcha|Protect\n|move|p2a: Iron Wish|Cosmic Power|p2a: Iron Wish\n|-boost|p2a: Iron Wish|def|1\n|-boost|p2a: Iron Wish|spd|1\n|\n|-heal|p2a: Iron Wish|100\/100 brn|[from] move: Wish|[wisher] Iron Wish\n|-damage|p2a: Iron Wish|94\/100 brn|[from] brn\n|upkeep\n|turn|45\n|\n|t:|1699151108\n|move|p2a: Iron Wish|Stored Power|p1b: Sinistcha\n|-damage|p1b: Sinistcha|0 fnt\n|faint|p1b: Sinistcha\n|\n|win|Kittyredheart\n|raw|bigbranonbampus's rating: 1329 &rarr; <strong>1308<\/strong><br \/>(-21 for losing)\n|raw|Kittyredheart's rating: 1314 &rarr; <strong>1335<\/strong><br \/>(+21 for winning)\n|c|\u2606bigbranonbampus|Gg\n|c|\u2606Kittyredheart|Gg\n","uploadtime":1699151143,"views":21,"p1id":"bigbranonbampus","p2id":"kittyredheart","formatid":"gen9doublesou","rating":1308,"private":0,"password":""}