{"id":"gen9doublesou-1976301228","p1":"Drazzy3","p2":"Cicciogamba","format":"[Gen 9] Doubles OU","log":"|j|\u2606Drazzy3\n|j|\u2606Cicciogamba\n|t:|1698284050\n|gametype|doubles\n|player|p1|Drazzy3|akari|1305\n|player|p2|Cicciogamba|colress|1412\n|teamsize|p1|6\n|teamsize|p2|6\n|gen|9\n|tier|[Gen 9] Doubles OU\n|rated|\n|rule|Species Clause: Limit one of each Pok\u00e9mon\n|rule|OHKO Clause: OHKO moves are banned\n|rule|Evasion Moves Clause: Evasion moves are banned\n|rule|Gravity Sleep Clause: The combination of sleep-inducing moves with imperfect accuracy and Gravity or Gigantamax Orbeetle are banned\n|rule|Endless Battle Clause: Forcing endless battles is banned\n|rule|HP Percentage Mod: HP is shown in percentages\n|clearpoke\n|poke|p1|Goodra-Hisui, F|\n|poke|p1|Dragonite, M|\n|poke|p1|Cresselia, F|\n|poke|p1|Gastrodon, F|\n|poke|p1|Clodsire, M|\n|poke|p1|Dondozo, M|\n|poke|p2|Oranguru, F|\n|poke|p2|Torkoal, F|\n|poke|p2|Hatterene, F|\n|poke|p2|Amoonguss, F|\n|poke|p2|Armarouge, M|\n|poke|p2|Golem, F|\n|teampreview\n|\n|t:|1698284060\n|start\n|switch|p1a: Cresselia|Cresselia, F|100\/100\n|switch|p1b: Dondozo|Dondozo, M, shiny|100\/100\n|switch|p2a: Oranguru|Oranguru, F|100\/100\n|switch|p2b: Golem|Golem, F|100\/100\n|turn|1\n|\n|t:|1698284078\n|move|p2b: Golem|Protect|p2b: Golem\n|-singleturn|p2b: Golem|Protect\n|move|p1a: Cresselia|Substitute|p1a: Cresselia\n|-start|p1a: Cresselia|Substitute\n|-damage|p1a: Cresselia|76\/100\n|move|p1b: Dondozo|Curse|p1b: Dondozo\n|-unboost|p1b: Dondozo|spe|1\n|-boost|p1b: Dondozo|atk|1\n|-boost|p1b: Dondozo|def|1\n|move|p2a: Oranguru|Trick Room|p2a: Oranguru\n|-fieldstart|move: Trick Room|[of] p2a: Oranguru\n|\n|-heal|p1a: Cresselia|82\/100|[from] item: Leftovers\n|upkeep\n|turn|2\n|\n|t:|1698284123\n|move|p1b: Dondozo|Curse|p1b: Dondozo\n|-unboost|p1b: Dondozo|spe|1\n|-boost|p1b: Dondozo|atk|1\n|-boost|p1b: Dondozo|def|1\n|move|p2b: Golem|Explosion|p1b: Dondozo|[spread] p1a,p1b\n|-activate|p2a: Oranguru|ability: Telepathy\n|-end|p1a: Cresselia|Substitute\n|-damage|p1b: Dondozo|75\/100\n|faint|p2b: Golem\n|move|p2a: Oranguru|Foul Play|p1b: Dondozo\n|-damage|p1b: Dondozo|67\/100\n|move|p1a: Cresselia|Lunar Blessing|p1a: Cresselia|[spread] p1a,p1b\n|-heal|p1a: Cresselia|100\/100\n|-heal|p1b: Dondozo|92\/100\n|\n|-heal|p1b: Dondozo|99\/100|[from] item: Leftovers\n|upkeep\n|\n|t:|1698284148\n|switch|p2b: Amoonguss|Amoonguss, F|100\/100\n|turn|3\n|inactive|Battle timer is ON: inactive players will automatically lose when time's up. (requested by Cicciogamba)\n|\n|t:|1698284185\n|-terastallize|p1b: Dondozo|Grass\n|move|p1b: Dondozo|Curse|p1b: Dondozo\n|-unboost|p1b: Dondozo|spe|1\n|-boost|p1b: Dondozo|atk|1\n|-boost|p1b: Dondozo|def|1\n|move|p2b: Amoonguss|Spore|p1b: Dondozo\n|-immune|p1b: Dondozo\n|move|p2a: Oranguru|Foul Play|p1b: Dondozo\n|-damage|p1b: Dondozo|93\/100\n|move|p1a: Cresselia|Substitute|p1a: Cresselia\n|-start|p1a: Cresselia|Substitute\n|-damage|p1a: Cresselia|76\/100\n|\n|-heal|p1b: Dondozo|99\/100|[from] item: Leftovers\n|-heal|p1a: Cresselia|82\/100|[from] item: Leftovers\n|upkeep\n|turn|4\n|inactive|Cicciogamba has 120 seconds left.\n|\n|t:|1698284229\n|switch|p2b: Torkoal|Torkoal, F|100\/100\n|-weather|SunnyDay|[from] ability: Drought|[of] p2b: Torkoal\n|move|p1a: Cresselia|Ally Switch|p1a: Cresselia\n|swap|p1a: Cresselia|1|[from] move: Ally Switch\n|move|p1a: Dondozo|Curse|p1a: Dondozo\n|-unboost|p1a: Dondozo|spe|1\n|-boost|p1a: Dondozo|atk|1\n|-boost|p1a: Dondozo|def|1\n|move|p2a: Oranguru|Foul Play|p1b: Cresselia\n|-supereffective|p1b: Cresselia\n|-activate|p1b: Cresselia|move: Substitute|[damage]\n|\n|-weather|SunnyDay|[upkeep]\n|-heal|p1a: Dondozo|100\/100|[from] item: Leftovers\n|-heal|p1b: Cresselia|88\/100|[from] item: Leftovers\n|upkeep\n|turn|5\n|inactive|Cicciogamba has 120 seconds left.\n|\n|t:|1698284254\n|-terastallize|p2b: Torkoal|Fire\n|move|p1a: Dondozo|Earthquake|p2b: Torkoal|[spread] p2a,p2b\n|-immune|p1b: Cresselia|[from] ability: Levitate\n|-supereffective|p2b: Torkoal\n|-damage|p2a: Oranguru|61\/100\n|-damage|p2b: Torkoal|27\/100\n|move|p2b: Torkoal|Eruption|p1a: Dondozo|[spread] p1a,p1b\n|-end|p1b: Cresselia|Substitute\n|-supereffective|p1a: Dondozo\n|-damage|p1a: Dondozo|69\/100\n|move|p2a: Oranguru|Instruct|p2b: Torkoal\n|-singleturn|p2b: Torkoal|move: Instruct|[of] p2a: Oranguru\n|move|p2b: Torkoal|Eruption|p1a: Dondozo|[spread] p1a,p1b\n|-supereffective|p1a: Dondozo\n|-damage|p1a: Dondozo|37\/100\n|-damage|p1b: Cresselia|75\/100\n|move|p1b: Cresselia|Substitute|p1b: Cresselia\n|-start|p1b: Cresselia|Substitute\n|-damage|p1b: Cresselia|50\/100\n|\n|-weather|SunnyDay|[upkeep]\n|-heal|p1a: Dondozo|43\/100|[from] item: Leftovers\n|-heal|p1b: Cresselia|56\/100|[from] item: Leftovers\n|-fieldend|move: Trick Room\n|upkeep\n|turn|6\n|inactive|Cicciogamba has 120 seconds left.\n|inactive|Drazzy3 has 120 seconds left.\n|\n|t:|1698284308\n|move|p1b: Cresselia|Lunar Blessing|p1b: Cresselia|[spread] p1a,p1b\n|-heal|p1a: Dondozo|68\/100\n|-heal|p1b: Cresselia|81\/100\n|move|p2b: Torkoal|Lava Plume|p1a: Dondozo|[spread] p1a,p1b\n|-activate|p2a: Oranguru|ability: Telepathy\n|-end|p1b: Cresselia|Substitute\n|-supereffective|p1a: Dondozo\n|-damage|p1a: Dondozo|0 fnt\n|faint|p1a: Dondozo\n|move|p2a: Oranguru|Trick Room|p2a: Oranguru\n|-fieldstart|move: Trick Room|[of] p2a: Oranguru\n|\n|-weather|SunnyDay|[upkeep]\n|-heal|p1b: Cresselia|87\/100|[from] item: Leftovers\n|upkeep\n|inactive|Drazzy3 has 90 seconds left.\n|\n|t:|1698284335\n|switch|p1a: Dragonite|Dragonite, M, shiny|100\/100\n|turn|7\n|inactive|Drazzy3 has 90 seconds left.\n|\n|t:|1698284355\n|move|p1a: Dragonite|Extreme Speed|p2b: Torkoal\n|-damage|p2b: Torkoal|0 fnt\n|faint|p2b: Torkoal\n|move|p2a: Oranguru|Instruct|p2: Torkoal|[notarget]\n|-fail|p2a: Oranguru\n|move|p1b: Cresselia|Substitute|p1b: Cresselia\n|-start|p1b: Cresselia|Substitute\n|-damage|p1b: Cresselia|62\/100\n|\n|-weather|SunnyDay|[upkeep]\n|-heal|p1b: Cresselia|69\/100|[from] item: Leftovers\n|upkeep\n|\n|t:|1698284366\n|switch|p2b: Amoonguss|Amoonguss, F|100\/100\n|turn|8\n|\n|t:|1698284388\n|move|p1a: Dragonite|Extreme Speed|p2a: Oranguru\n|-damage|p2a: Oranguru|23\/100\n|move|p2b: Amoonguss|Spore|p1a: Dragonite\n|-status|p1a: Dragonite|slp|[from] move: Spore\n|move|p2a: Oranguru|Foul Play|p1a: Dragonite\n|-damage|p1a: Dragonite|84\/100 slp\n|move|p1b: Cresselia|Lunar Blessing|p1b: Cresselia|[spread] p1a,p1b\n|-heal|p1a: Dragonite|100\/100 slp\n|-curestatus|p1a: Dragonite|slp|[msg]\n|-heal|p1b: Cresselia|93\/100\n|\n|-weather|none\n|-heal|p1b: Cresselia|99\/100|[from] item: Leftovers\n|upkeep\n|turn|9\n|inactive|Drazzy3 has 120 seconds left.\n|\n|t:|1698284417\n|switch|p2a: Hatterene|Hatterene, F|100\/100\n|move|p1a: Dragonite|Extreme Speed|p2a: Hatterene\n|-damage|p2a: Hatterene|45\/100\n|move|p2b: Amoonguss|Spore|p1a: Dragonite\n|-status|p1a: Dragonite|slp|[from] move: Spore\n|move|p1b: Cresselia|Lunar Blessing|p1b: Cresselia|[spread] p1a,p1b\n|-curestatus|p1a: Dragonite|slp|[msg]\n|-heal|p1b: Cresselia|100\/100\n|\n|upkeep\n|turn|10\n|inactive|Drazzy3 has 120 seconds left.\n|\n|t:|1698284437\n|move|p1b: Cresselia|Ally Switch|p1b: Cresselia\n|swap|p1b: Cresselia|0|[from] move: Ally Switch\n|move|p1b: Dragonite|Extreme Speed|p2a: Hatterene\n|-damage|p2a: Hatterene|0 fnt\n|faint|p2a: Hatterene\n|move|p2b: Amoonguss|Spore||[still]\n|-fail|p2b: Amoonguss\n|\n|-fieldend|move: Trick Room\n|upkeep\n|\n|t:|1698284447\n|switch|p2a: Armarouge|Armarouge, M|100\/100\n|turn|11\n|\n|t:|1698284465\n|move|p1b: Dragonite|Extreme Speed|p2a: Armarouge\n|-damage|p2a: Armarouge|59\/100\n|move|p2a: Armarouge|Expanding Force|p1b: Dragonite\n|-damage|p1b: Dragonite|81\/100\n|move|p1a: Cresselia|Lunar Blessing|p1a: Cresselia|[spread] p1a,p1b\n|-heal|p1b: Dragonite|100\/100\n|move|p2b: Amoonguss|Giga Drain|p1b: Dragonite\n|-resisted|p1b: Dragonite\n|-damage|p1b: Dragonite|98\/100\n|\n|upkeep\n|turn|12\n|\n|t:|1698284492\n|move|p1b: Dragonite|Extreme Speed|p2a: Armarouge\n|-damage|p2a: Armarouge|14\/100\n|move|p1a: Cresselia|Ally Switch|p1a: Cresselia\n|swap|p1a: Cresselia|1|[from] move: Ally Switch\n|move|p2b: Amoonguss|Spore||[still]\n|-fail|p2b: Amoonguss\n|move|p2a: Armarouge|Trick Room|p2a: Armarouge\n|-fieldstart|move: Trick Room|[of] p2a: Armarouge\n|\n|upkeep\n|turn|13\n|\n|t:|1698284522\n|move|p1a: Dragonite|Extreme Speed|p2a: Armarouge\n|-damage|p2a: Armarouge|0 fnt\n|faint|p2a: Armarouge\n|move|p2b: Amoonguss|Giga Drain|p1b: Cresselia\n|-activate|p1b: Cresselia|move: Substitute|[damage]\n|move|p1b: Cresselia|Lunar Blessing|p1b: Cresselia|[spread] p1a,p1b\n|-heal|p1a: Dragonite|100\/100\n|\n|upkeep\n|\n|t:|1698284531\n|switch|p2a: Oranguru|Oranguru, F|23\/100\n|turn|14\n|\n|t:|1698284544\n|move|p1b: Cresselia|Ally Switch|p1b: Cresselia\n|swap|p1b: Cresselia|0|[from] move: Ally Switch\n|move|p1b: Dragonite|Extreme Speed|p2a: Oranguru\n|-damage|p2a: Oranguru|0 fnt\n|faint|p2a: Oranguru\n|move|p2b: Amoonguss|Giga Drain|p1b: Dragonite\n|-resisted|p1b: Dragonite\n|-damage|p1b: Dragonite|97\/100\n|\n|upkeep\n|turn|15\n|inactive|Drazzy3 has 120 seconds left.\n|\n|t:|1698284584\n|switch|p1b: Gastrodon|Gastrodon, F|100\/100\n|move|p1a: Cresselia|Ally Switch||[still]\n|-fail|p1a: Cresselia\n|move|p2b: Amoonguss|Giga Drain|p1a: Cresselia\n|-end|p1a: Cresselia|Substitute\n|\n|upkeep\n|turn|16\n|\n|t:|1698284595\n|switch|p1b: Goodra|Goodra-Hisui, F|100\/100\n|move|p2b: Amoonguss|Giga Drain|p1b: Goodra\n|-ability|p1b: Goodra|Sap Sipper|boost\n|-boost|p1b: Goodra|atk|1\n|move|p1a: Cresselia|Substitute|p1a: Cresselia\n|-start|p1a: Cresselia|Substitute\n|-damage|p1a: Cresselia|76\/100\n|\n|-heal|p1a: Cresselia|82\/100|[from] item: Leftovers\n|-fieldend|move: Trick Room\n|upkeep\n|turn|17\n|\n|t:|1698284612\n|move|p1a: Cresselia|Lunar Blessing|p1a: Cresselia|[spread] p1a,p1b\n|-heal|p1a: Cresselia|100\/100\n|move|p1b: Goodra|Body Press|p2b: Amoonguss\n|-resisted|p2b: Amoonguss\n|-damage|p2b: Amoonguss|89\/100\n|move|p2b: Amoonguss|Giga Drain|p1a: Cresselia\n|-activate|p1a: Cresselia|move: Substitute|[damage]\n|-heal|p2b: Amoonguss|97\/100|[from] drain|[of] p1a: Cresselia\n|\n|upkeep\n|turn|18\n|\n|t:|1698284628\n|move|p1a: Cresselia|Substitute|p1a: Cresselia\n|-fail|p1a: Cresselia|move: Substitute\n|move|p1b: Goodra|Acid Armor|p1b: Goodra\n|-boost|p1b: Goodra|def|2\n|move|p2b: Amoonguss|Giga Drain|p1a: Cresselia\n|-end|p1a: Cresselia|Substitute\n|-heal|p2b: Amoonguss|100\/100|[from] drain|[of] p1a: Cresselia\n|\n|upkeep\n|turn|19\n|\n|t:|1698284640\n|move|p1a: Cresselia|Substitute|p1a: Cresselia\n|-start|p1a: Cresselia|Substitute\n|-damage|p1a: Cresselia|76\/100\n|move|p1b: Goodra|Acid Armor|p1b: Goodra\n|-boost|p1b: Goodra|def|2\n|move|p2b: Amoonguss|Giga Drain|p1a: Cresselia\n|-activate|p1a: Cresselia|move: Substitute|[damage]\n|\n|-heal|p1a: Cresselia|82\/100|[from] item: Leftovers\n|upkeep\n|turn|20\n|\n|t:|1698284652\n|move|p1a: Cresselia|Ally Switch|p1a: Cresselia\n|swap|p1a: Cresselia|1|[from] move: Ally Switch\n|move|p1a: Goodra|Acid Armor|p1a: Goodra\n|-boost|p1a: Goodra|def|2\n|move|p2b: Amoonguss|Giga Drain|p1a: Goodra\n|-ability|p1a: Goodra|Sap Sipper|boost\n|-boost|p1a: Goodra|atk|1\n|\n|-heal|p1b: Cresselia|88\/100|[from] item: Leftovers\n|upkeep\n|turn|21\n|\n|t:|1698284662\n|move|p1b: Cresselia|Ally Switch||[still]\n|-fail|p1b: Cresselia\n|move|p1a: Goodra|Body Press|p2b: Amoonguss\n|-resisted|p2b: Amoonguss\n|-damage|p2b: Amoonguss|53\/100\n|move|p2b: Amoonguss|Giga Drain|p1b: Cresselia\n|-end|p1b: Cresselia|Substitute\n|-heal|p2b: Amoonguss|58\/100|[from] drain|[of] p1b: Cresselia\n|\n|-heal|p1b: Cresselia|94\/100|[from] item: Leftovers\n|upkeep\n|turn|22\n|\n|t:|1698284675\n|move|p1b: Cresselia|Substitute|p1b: Cresselia\n|-start|p1b: Cresselia|Substitute\n|-damage|p1b: Cresselia|69\/100\n|move|p1a: Goodra|Body Press|p2b: Amoonguss\n|-resisted|p2b: Amoonguss\n|-damage|p2b: Amoonguss|9\/100\n|move|p2b: Amoonguss|Spore|p1a: Goodra\n|-ability|p1a: Goodra|Sap Sipper|boost\n|-boost|p1a: Goodra|atk|1\n|\n|-heal|p1b: Cresselia|75\/100|[from] item: Leftovers\n|upkeep\n|turn|23\n|\n|t:|1698284690\n|move|p1b: Cresselia|Lunar Blessing|p1b: Cresselia|[spread] p1a,p1b\n|-heal|p1b: Cresselia|99\/100\n|move|p1a: Goodra|Body Press|p2b: Amoonguss\n|-resisted|p2b: Amoonguss\n|-damage|p2b: Amoonguss|0 fnt\n|faint|p2b: Amoonguss\n|\n|win|Drazzy3\n|raw|Drazzy3's rating: 1305 &rarr; <strong>1331<\/strong><br \/>(+26 for winning)\n|raw|Cicciogamba's rating: 1412 &rarr; <strong>1386<\/strong><br \/>(-26 for losing)\n|c|\u2606Drazzy3|gg\n","uploadtime":1698284703,"views":12,"p1id":"drazzy3","p2id":"cicciogamba","formatid":"gen9doublesou","rating":1331,"private":0,"password":""}