{"id":"gen9doublesou-1992711336","p1":"rasil chatta","p2":"SoloNecro","format":"[Gen 9] Doubles OU","log":"|j|\u2606rasil chatta\n|j|\u2606SoloNecro\n|t:|1700228000\n|gametype|doubles\n|player|p1|rasil chatta|265|\n|player|p2|SoloNecro|cynthia|\n|teamsize|p1|6\n|teamsize|p2|6\n|gen|9\n|tier|[Gen 9] Doubles OU\n|rule|Species Clause: Limit one of each Pok\u00e9mon\n|rule|OHKO Clause: OHKO moves are banned\n|rule|Evasion Moves Clause: Evasion moves are banned\n|rule|Gravity Sleep Clause: The combination of sleep-inducing moves with imperfect accuracy and Gravity or Gigantamax Orbeetle are banned\n|rule|Endless Battle Clause: Forcing endless battles is banned\n|rule|HP Percentage Mod: HP is shown in percentages\n|clearpoke\n|poke|p1|Volcarona, F|\n|poke|p1|Heracross, M|\n|poke|p1|Scizor, F|\n|poke|p1|Rabsca, F|\n|poke|p1|Kleavor, F|\n|poke|p1|Ribombee, M|\n|poke|p2|Ninetales-Alola, M|\n|poke|p2|Chien-Pao|\n|poke|p2|Cetitan, M|\n|poke|p2|Baxcalibur, F|\n|poke|p2|Mamoswine, F|\n|poke|p2|Sandslash-Alola, M|\n|teampreview\n|j| SD8008\n|\n|t:|1700228017\n|start\n|switch|p1a: sakshyam ko kal|Scizor, F|100\/100\n|switch|p1b: manoj|Kleavor, F|100\/100\n|switch|p2a: Mamoswine|Mamoswine, F|100\/100\n|switch|p2b: Sandslash|Sandslash-Alola, M|100\/100\n|turn|1\n|inactive|Battle timer is ON: inactive players will automatically lose when time's up. (requested by SoloNecro)\n|\n|t:|1700228099\n|move|p1b: manoj|Close Combat|p2a: Mamoswine\n|-supereffective|p2a: Mamoswine\n|-damage|p2a: Mamoswine|0 fnt\n|-unboost|p1b: manoj|def|1\n|-unboost|p1b: manoj|spd|1\n|faint|p2a: Mamoswine\n|move|p2b: Sandslash|Knock Off|p1a: sakshyam ko kal\n|-crit|p1a: sakshyam ko kal\n|-damage|p1a: sakshyam ko kal|51\/100\n|-enditem|p1a: sakshyam ko kal|Clear Amulet|[from] move: Knock Off|[of] p2b: Sandslash\n|move|p1a: sakshyam ko kal|Close Combat|p2b: Sandslash\n|-supereffective|p2b: Sandslash\n|-damage|p2b: Sandslash|0 fnt\n|-unboost|p1a: sakshyam ko kal|def|1\n|-unboost|p1a: sakshyam ko kal|spd|1\n|faint|p2b: Sandslash\n|\n|upkeep\n|inactive|SoloNecro has 270 seconds left.\n|\n|t:|1700228130\n|switch|p2b: Chien-Pao|Chien-Pao|100\/100\n|switch|p2a: Cetitan|Cetitan, M|100\/100\n|-ability|p2b: Chien-Pao|Sword of Ruin\n|turn|2\n|inactive|SoloNecro has 270 seconds left.\n|inactive|rasil chatta has 270 seconds left.\n|\n|t:|1700228179\n|switch|p1b: meinvalorant|Rabsca, F|100\/100\n|-terastallize|p2a: Cetitan|Fire\n|move|p2b: Chien-Pao|Protect|p2b: Chien-Pao\n|-singleturn|p2b: Chien-Pao|Protect\n|move|p1a: sakshyam ko kal|Protect|p1a: sakshyam ko kal\n|-singleturn|p1a: sakshyam ko kal|Protect\n|move|p2a: Cetitan|Belly Drum|p2a: Cetitan\n|-damage|p2a: Cetitan|50\/100\n|-setboost|p2a: Cetitan|atk|6|[from] move: Belly Drum\n|-enditem|p2a: Cetitan|Sitrus Berry|[eat]\n|-heal|p2a: Cetitan|75\/100|[from] item: Sitrus Berry\n|\n|upkeep\n|turn|3\n|inactive|rasil chatta has 270 seconds left.\n|inactive|SoloNecro has 270 seconds left.\n|inactive|rasil chatta has 240 seconds left.\n|\n|t:|1700228241\n|switch|p2b: Ninetales|Ninetales-Alola, M|100\/100\n|-weather|Snow|[from] ability: Snow Warning|[of] p2b: Ninetales\n|switch|p1a: Ribombee|Ribombee, M|100\/100\n|move|p1b: meinvalorant|Protect|p1b: meinvalorant\n|-singleturn|p1b: meinvalorant|Protect\n|move|p2a: Cetitan|Tera Blast|p1a: Ribombee|[anim] Tera Blast Fire\n|-supereffective|p1a: Ribombee\n|-enditem|p1a: Ribombee|Focus Sash\n|-damage|p1a: Ribombee|1\/100\n|\n|-weather|Snow|[upkeep]\n|upkeep\n|turn|4\n|inactive|rasil chatta has 240 seconds left.\n|inactive|rasil chatta has 210 seconds left.\n|\n|t:|1700228283\n|move|p2a: Cetitan|Icicle Crash|p1b: meinvalorant\n|-damage|p1b: meinvalorant|0 fnt\n|faint|p1b: meinvalorant\n|move|p2b: Ninetales|Freeze-Dry|p1a: Ribombee\n|-damage|p1a: Ribombee|0 fnt\n|faint|p1a: Ribombee\n|\n|-weather|Snow|[upkeep]\n|upkeep\n|\n|t:|1700228295\n|switch|p1a: sakshyam ko kal|Scizor, F|51\/100\n|switch|p1b: hatti kira|Heracross, M|100\/100\n|turn|5\n|inactive|SoloNecro has 270 seconds left.\n|\n|t:|1700228309\n|move|p2a: Cetitan|Protect|p2a: Cetitan\n|-singleturn|p2a: Cetitan|Protect\n|move|p2b: Ninetales|Protect|p2b: Ninetales\n|-singleturn|p2b: Ninetales|Protect\n|move|p1a: sakshyam ko kal|Bullet Punch|p2b: Ninetales\n|-activate|p2b: Ninetales|move: Protect\n|move|p1b: hatti kira|Close Combat|p2a: Cetitan\n|-activate|p2a: Cetitan|move: Protect\n|\n|-weather|Snow|[upkeep]\n|upkeep\n|turn|6\n|inactive|SoloNecro has 270 seconds left.\n|\n|t:|1700228330\n|move|p1a: sakshyam ko kal|Bullet Punch|p2b: Ninetales\n|-supereffective|p2b: Ninetales\n|-damage|p2b: Ninetales|0 fnt\n|faint|p2b: Ninetales\n|move|p2a: Cetitan|Tera Blast|p1a: sakshyam ko kal|[anim] Tera Blast Fire\n|-supereffective|p1a: sakshyam ko kal\n|-damage|p1a: sakshyam ko kal|0 fnt\n|faint|p1a: sakshyam ko kal\n|move|p1b: hatti kira|Close Combat|p2a: Cetitan\n|-damage|p2a: Cetitan|9\/100\n|-unboost|p1b: hatti kira|def|1\n|-unboost|p1b: hatti kira|spd|1\n|\n|-weather|Snow|[upkeep]\n|upkeep\n|inactive|rasil chatta has 240 seconds left.\n|\n|t:|1700228351\n|switch|p2b: Baxcalibur|Baxcalibur, F|100\/100\n|switch|p1a: kalo kira|Volcarona, F|100\/100\n|turn|7\n|inactive|rasil chatta has 240 seconds left.\n|inactive|rasil chatta has 210 seconds left.\n|\n|t:|1700228427\n|-terastallize|p1a: kalo kira|Steel\n|move|p2b: Baxcalibur|Protect|p2b: Baxcalibur\n|-singleturn|p2b: Baxcalibur|Protect\n|move|p2a: Cetitan|Tera Blast|p1b: hatti kira|[anim] Tera Blast Fire\n|-supereffective|p1b: hatti kira\n|-crit|p1b: hatti kira\n|-damage|p1b: hatti kira|0 fnt\n|faint|p1b: hatti kira\n|move|p1a: kalo kira|Quiver Dance|p1a: kalo kira\n|-boost|p1a: kalo kira|spa|1\n|-boost|p1a: kalo kira|spd|1\n|-boost|p1a: kalo kira|spe|1\n|\n|-weather|none\n|upkeep\n|inactive|rasil chatta has 180 seconds left.\n|\n|t:|1700228438\n|switch|p1b: manoj|Kleavor, F|100\/100\n|turn|8\n|inactive|rasil chatta has 180 seconds left.\n|inactive|SoloNecro has 270 seconds left.\n|\n|t:|1700228475\n|move|p1a: kalo kira|Heat Wave|p2b: Baxcalibur|[spread] p2a,p2b\n|-resisted|p2a: Cetitan\n|-damage|p2a: Cetitan|0 fnt\n|-damage|p2b: Baxcalibur|36\/100\n|-ability|p2b: Baxcalibur|Thermal Exchange|boost\n|-boost|p2b: Baxcalibur|atk|1\n|faint|p2a: Cetitan\n|move|p2b: Baxcalibur|Scale Shot|p1a: kalo kira\n|-resisted|p1a: kalo kira\n|-damage|p1a: kalo kira|82\/100\n|-resisted|p1a: kalo kira\n|-damage|p1a: kalo kira|64\/100\n|-resisted|p1a: kalo kira\n|-damage|p1a: kalo kira|46\/100\n|-resisted|p1a: kalo kira\n|-damage|p1a: kalo kira|28\/100\n|-hitcount|p1a: kalo kira|4\n|-unboost|p2b: Baxcalibur|def|1\n|-boost|p2b: Baxcalibur|spe|1\n|move|p1b: manoj|Stone Axe|p2b: Baxcalibur\n|-supereffective|p2b: Baxcalibur\n|-damage|p2b: Baxcalibur|0 fnt\n|-sidestart|p2: SoloNecro|move: Stealth Rock\n|faint|p2b: Baxcalibur\n|\n|upkeep\n|\n|t:|1700228495\n|switch|p2b: Chien-Pao|Chien-Pao|100\/100\n|-damage|p2b: Chien-Pao|76\/100|[from] Stealth Rock\n|-ability|p2b: Chien-Pao|Sword of Ruin\n|turn|9\n|inactive|SoloNecro has 270 seconds left.\n|inactive|rasil chatta has 180 seconds left.\n|\n|t:|1700228539\n|move|p2b: Chien-Pao|Sucker Punch||[still]\n|-fail|p2b: Chien-Pao\n|move|p1a: kalo kira|Quiver Dance|p1a: kalo kira\n|-boost|p1a: kalo kira|spa|1\n|-boost|p1a: kalo kira|spd|1\n|-boost|p1a: kalo kira|spe|1\n|move|p1b: manoj|Night Slash|p2b: Chien-Pao\n|-resisted|p2b: Chien-Pao\n|-damage|p2b: Chien-Pao|47\/100\n|\n|upkeep\n|turn|10\n|inactive|rasil chatta has 180 seconds left.\n|\n|t:|1700228550\n|move|p2b: Chien-Pao|Sucker Punch||[still]\n|-fail|p2b: Chien-Pao\n|move|p1a: kalo kira|Quiver Dance|p1a: kalo kira\n|-boost|p1a: kalo kira|spa|1\n|-boost|p1a: kalo kira|spd|1\n|-boost|p1a: kalo kira|spe|1\n|move|p1b: manoj|Night Slash|p2b: Chien-Pao\n|-resisted|p2b: Chien-Pao\n|-damage|p2b: Chien-Pao|19\/100\n|\n|upkeep\n|turn|11\n|\n|t:|1700228572\n|move|p2b: Chien-Pao|Sucker Punch||[still]\n|-fail|p2b: Chien-Pao\n|move|p1a: kalo kira|Quiver Dance|p1a: kalo kira\n|-boost|p1a: kalo kira|spa|1\n|-boost|p1a: kalo kira|spd|1\n|-boost|p1a: kalo kira|spe|1\n|move|p1b: manoj|Night Slash|p1a: kalo kira\n|-damage|p1a: kalo kira|0 fnt\n|-status|p1b: manoj|brn|[from] ability: Flame Body|[of] p1a: kalo kira\n|faint|p1a: kalo kira\n|\n|-damage|p1b: manoj|94\/100 brn|[from] brn\n|upkeep\n|turn|12\n|inactive|rasil chatta has 210 seconds left.\n|\n|t:|1700228587\n|move|p2b: Chien-Pao|Sucker Punch|p1b: manoj\n|-damage|p1b: manoj|5\/100 brn\n|move|p1b: manoj|Night Slash|p2b: Chien-Pao\n|-resisted|p2b: Chien-Pao\n|-damage|p2b: Chien-Pao|6\/100\n|\n|-damage|p1b: manoj|0 fnt|[from] brn\n|faint|p1b: manoj\n|\n|win|SoloNecro\n|upkeep\n|l|\u2606rasil chatta\n|l|\u2606SoloNecro\n|j|\u2606rasil chatta\n|player|p1|rasil chatta|265\n","uploadtime":1700229361,"views":13,"p1id":"rasilchatta","p2id":"solonecro","formatid":"gen9doublesou","rating":0,"private":0,"password":""}