{"id":"gen9doublesou-1997908618","p1":"Jtsmith86","p2":"Rungy","format":"[Gen 9] Doubles OU","log":"|j|\u2606Jtsmith86\n|j|\u2606Rungy\n|t:|1700866220\n|gametype|doubles\n|player|p1|Jtsmith86|ethan|1137\n|player|p2|Rungy|170|1129\n|teamsize|p1|6\n|teamsize|p2|6\n|gen|9\n|tier|[Gen 9] Doubles OU\n|rated|\n|rule|Species Clause: Limit one of each Pok\u00e9mon\n|rule|OHKO Clause: OHKO moves are banned\n|rule|Evasion Moves Clause: Evasion moves are banned\n|rule|Gravity Sleep Clause: The combination of sleep-inducing moves with imperfect accuracy and Gravity or Gigantamax Orbeetle are banned\n|rule|Endless Battle Clause: Forcing endless battles is banned\n|rule|HP Percentage Mod: HP is shown in percentages\n|clearpoke\n|poke|p1|Wo-Chien|\n|poke|p1|Skeledirge, F|\n|poke|p1|Clefairy, M|\n|poke|p1|Glimmora, M|\n|poke|p1|Blissey, F|\n|poke|p1|Sinistcha|\n|poke|p2|Weezing-Galar, F|\n|poke|p2|Farigiraf, M|\n|poke|p2|Infernape, F|\n|poke|p2|Gastrodon-East, M|\n|poke|p2|Wyrdeer, M|\n|poke|p2|Sinistcha|\n|teampreview\n|\n|t:|1700866233\n|start\n|switch|p1a: Wo-Chien|Wo-Chien|100\/100\n|switch|p1b: Glimmora|Glimmora, M, shiny|100\/100\n|switch|p2a: Assmar|Weezing-Galar, F|100\/100\n|switch|p2b: Mr. Rothschild|Farigiraf, M|100\/100\n|-ability|p1a: Wo-Chien|Tablets of Ruin\n|-fieldstart|move: Misty Terrain|[from] ability: Misty Surge|[of] p2a: Assmar\n|turn|1\n|\n|t:|1700866257\n|move|p2b: Mr. Rothschild|Psychic|p1b: Glimmora\n|-supereffective|p1b: Glimmora\n|-damage|p1b: Glimmora|29\/100\n|-unboost|p1b: Glimmora|spd|1\n|move|p1b: Glimmora|Mortal Spin|p2a: Assmar|[spread] p2a,p2b\n|-damage|p2a: Assmar|98\/100\n|-damage|p2b: Mr. Rothschild|96\/100\n|move|p1a: Wo-Chien|Leech Seed|p2b: Mr. Rothschild\n|-start|p2b: Mr. Rothschild|move: Leech Seed\n|move|p2a: Assmar|Strange Steam|p1a: Wo-Chien\n|-supereffective|p1a: Wo-Chien\n|-damage|p1a: Wo-Chien|54\/100\n|\n|-heal|p1b: Glimmora|35\/100|[from] item: Black Sludge\n|-damage|p2b: Mr. Rothschild|84\/100|[from] Leech Seed|[of] p1a: Wo-Chien\n|-heal|p1a: Wo-Chien|67\/100|[silent]\n|upkeep\n|turn|2\n|\n|t:|1700866280\n|switch|p2a: O\u2019deer|Wyrdeer, M|100\/100\n|move|p1b: Glimmora|Spiky Shield|p1b: Glimmora\n|-singleturn|p1b: Glimmora|move: Protect\n|move|p2b: Mr. Rothschild|Psychic|p1b: Glimmora\n|-activate|p1b: Glimmora|move: Protect\n|move|p1a: Wo-Chien|Knock Off|p2b: Mr. Rothschild\n|-supereffective|p2b: Mr. Rothschild\n|-damage|p2b: Mr. Rothschild|9\/100\n|-enditem|p2b: Mr. Rothschild|Throat Spray|[from] move: Knock Off|[of] p1a: Wo-Chien\n|\n|-heal|p1b: Glimmora|41\/100|[from] item: Black Sludge\n|-damage|p2b: Mr. Rothschild|0 fnt|[from] Leech Seed|[of] p1a: Wo-Chien\n|-heal|p1a: Wo-Chien|76\/100|[silent]\n|faint|p2b: Mr. Rothschild\n|upkeep\n|\n|t:|1700866300\n|switch|p2b: Johnny Pronoun|Infernape, F|100\/100\n|turn|3\n|\n|t:|1700866314\n|switch|p1b: Clefairy|Clefairy, M, shiny|100\/100\n|move|p2b: Johnny Pronoun|Drain Punch|p1b: Clefairy\n|-resisted|p1b: Clefairy\n|-damage|p1b: Clefairy|84\/100\n|move|p2a: O\u2019deer|Lunge|p1a: Wo-Chien\n|-supereffective|p1a: Wo-Chien\n|-damage|p1a: Wo-Chien|24\/100\n|-unboost|p1a: Wo-Chien|atk|1\n|move|p1a: Wo-Chien|Leech Seed|p2b: Johnny Pronoun\n|-start|p2b: Johnny Pronoun|move: Leech Seed\n|\n|-damage|p2b: Johnny Pronoun|88\/100|[from] Leech Seed|[of] p1a: Wo-Chien\n|-heal|p1a: Wo-Chien|34\/100|[silent]\n|upkeep\n|turn|4\n|\n|t:|1700866351\n|move|p1b: Clefairy|Follow Me|p1b: Clefairy\n|-singleturn|p1b: Clefairy|move: Follow Me\n|move|p2b: Johnny Pronoun|Poison Jab|p1b: Clefairy\n|-supereffective|p1b: Clefairy\n|-damage|p1b: Clefairy|48\/100\n|move|p2a: O\u2019deer|Lunge|p1b: Clefairy\n|-resisted|p1b: Clefairy\n|-crit|p1b: Clefairy\n|-damage|p1b: Clefairy|32\/100\n|-unboost|p1b: Clefairy|atk|1\n|move|p1a: Wo-Chien|Reflect|p1a: Wo-Chien\n|-sidestart|p1: Jtsmith86|Reflect\n|\n|-damage|p2b: Johnny Pronoun|76\/100|[from] Leech Seed|[of] p1a: Wo-Chien\n|-heal|p1a: Wo-Chien|44\/100|[silent]\n|upkeep\n|turn|5\n|\n|t:|1700866380\n|move|p2b: Johnny Pronoun|Poison Jab|p1b: Clefairy\n|-supereffective|p1b: Clefairy\n|-damage|p1b: Clefairy|9\/100\n|move|p2a: O\u2019deer|Lunge|p1b: Clefairy\n|-resisted|p1b: Clefairy\n|-damage|p1b: Clefairy|2\/100\n|-unboost|p1b: Clefairy|atk|1\n|move|p1a: Wo-Chien|Knock Off|p2b: Johnny Pronoun\n|-resisted|p2b: Johnny Pronoun\n|-damage|p2b: Johnny Pronoun|62\/100\n|-enditem|p2b: Johnny Pronoun|Punching Glove|[from] move: Knock Off|[of] p1a: Wo-Chien\n|move|p1b: Clefairy|Life Dew|p1b: Clefairy|[spread] p1a,p1b\n|-heal|p1a: Wo-Chien|69\/100\n|-heal|p1b: Clefairy|27\/100\n|\n|-damage|p2b: Johnny Pronoun|50\/100|[from] Leech Seed|[of] p1a: Wo-Chien\n|-heal|p1a: Wo-Chien|78\/100|[silent]\n|upkeep\n|turn|6\n|\n|t:|1700866415\n|switch|p1b: Glimmora|Glimmora, M, shiny|41\/100\n|move|p2b: Johnny Pronoun|Fire Punch|p1a: Wo-Chien\n|-supereffective|p1a: Wo-Chien\n|-damage|p1a: Wo-Chien|48\/100\n|move|p2a: O\u2019deer|Psyshield Bash|p1b: Glimmora\n|-supereffective|p1b: Glimmora\n|-damage|p1b: Glimmora|8\/100\n|-boost|p2a: O\u2019deer|def|1\n|-activate|p1b: Glimmora|ability: Toxic Debris\n|-sidestart|p2: Rungy|move: Toxic Spikes\n|move|p1a: Wo-Chien|Knock Off|p2a: O\u2019deer\n|-supereffective|p2a: O\u2019deer\n|-damage|p2a: O\u2019deer|64\/100\n|-enditem|p2a: O\u2019deer|Wide Lens|[from] move: Knock Off|[of] p1a: Wo-Chien\n|\n|-heal|p1b: Glimmora|14\/100|[from] item: Black Sludge\n|-damage|p2b: Johnny Pronoun|38\/100|[from] Leech Seed|[of] p1a: Wo-Chien\n|-heal|p1a: Wo-Chien|58\/100|[silent]\n|upkeep\n|turn|7\n|\n|t:|1700866463\n|switch|p1a: Skeledirge|Skeledirge, F, shiny|100\/100\n|move|p2b: Johnny Pronoun|Drain Punch|p1a: Skeledirge\n|-immune|p1a: Skeledirge\n|move|p2a: O\u2019deer|Psyshield Bash|p1b: Glimmora\n|-supereffective|p1b: Glimmora\n|-damage|p1b: Glimmora|0 fnt\n|-boost|p2a: O\u2019deer|def|1\n|-activate|p1b: Glimmora|ability: Toxic Debris\n|-sidestart|p2: Rungy|move: Toxic Spikes\n|faint|p1b: Glimmora\n|\n|-damage|p2b: Johnny Pronoun|25\/100|[from] Leech Seed|[of] p1a: Skeledirge\n|upkeep\n|\n|t:|1700866490\n|switch|p1b: Wo-Chien|Wo-Chien|58\/100\n|-ability|p1b: Wo-Chien|Tablets of Ruin\n|turn|8\n|\n|t:|1700866514\n|move|p2b: Johnny Pronoun|Drain Punch|p1b: Wo-Chien\n|-supereffective|p1b: Wo-Chien\n|-damage|p1b: Wo-Chien|21\/100\n|-heal|p2b: Johnny Pronoun|49\/100|[from] drain|[of] p1b: Wo-Chien\n|move|p2a: O\u2019deer|Lunge|p1b: Wo-Chien\n|-supereffective|p1b: Wo-Chien\n|-damage|p1b: Wo-Chien|0 fnt\n|faint|p1b: Wo-Chien\n|move|p1a: Skeledirge|Torch Song|p2a: O\u2019deer\n|-damage|p2a: O\u2019deer|18\/100\n|-boost|p1a: Skeledirge|spa|1\n|\n|-damage|p2b: Johnny Pronoun|36\/100|[from] Leech Seed|[of] p1a: Skeledirge\n|-sideend|p1: Jtsmith86|Reflect\n|-fieldend|Misty Terrain\n|upkeep\n|\n|t:|1700866537\n|switch|p1b: Clefairy|Clefairy, M, shiny|27\/100\n|turn|9\n|\n|t:|1700866554\n|move|p2b: Johnny Pronoun|Poison Jab|p1b: Clefairy\n|-supereffective|p1b: Clefairy\n|-damage|p1b: Clefairy|0 fnt\n|faint|p1b: Clefairy\n|move|p2a: O\u2019deer|High Horsepower|p1a: Skeledirge\n|-supereffective|p1a: Skeledirge\n|-damage|p1a: Skeledirge|37\/100\n|move|p1a: Skeledirge|Torch Song|p2a: O\u2019deer\n|-damage|p2a: O\u2019deer|0 fnt\n|-boost|p1a: Skeledirge|spa|1\n|faint|p2a: O\u2019deer\n|\n|-heal|p1a: Skeledirge|43\/100|[from] item: Leftovers\n|-damage|p2b: Johnny Pronoun|24\/100|[from] Leech Seed|[of] p1a: Skeledirge\n|-heal|p1a: Skeledirge|53\/100|[silent]\n|upkeep\n|\n|t:|1700866572\n|switch|p2a: Assmar|Weezing-Galar, F|98\/100\n|switch|p1b: Sinistcha|Sinistcha, shiny|100\/100\n|-heal|p1a: Skeledirge|78\/100|[from] ability: Hospitality|[of] p1b: Sinistcha\n|-sideend|p2: Rungy|move: Toxic Spikes|[of] p2a: Assmar\n|-fieldstart|move: Misty Terrain|[from] ability: Misty Surge|[of] p2a: Assmar\n|turn|10\n|\n|t:|1700866605\n|switch|p2b: Khan|Gastrodon-East, M|100\/100\n|-terastallize|p1a: Skeledirge|Water\n|move|p1b: Sinistcha|Matcha Gotcha|p2b: Khan|[spread] p2a,p2b\n|-resisted|p2a: Assmar\n|-supereffective|p2b: Khan\n|-crit|p2b: Khan\n|-damage|p2a: Assmar|80\/100\n|-damage|p2b: Khan|4\/100\n|move|p1a: Skeledirge|Tera Blast|p2b: Khan|[anim] Tera Blast Water\n|-activate|p2b: Khan|ability: Storm Drain\n|-ability|p2b: Khan|Storm Drain|boost\n|-boost|p2b: Khan|spa|1\n|move|p2a: Assmar|Haze|p2a: Assmar\n|-clearallboost\n|\n|-heal|p1a: Skeledirge|84\/100|[from] item: Leftovers\n|upkeep\n|turn|11\n|\n|t:|1700866639\n|switch|p2a: Kratom|Sinistcha|100\/100\n|-heal|p2b: Khan|29\/100|[from] ability: Hospitality|[of] p2a: Kratom\n|-terastallize|p2b: Khan|Fire\n|move|p1b: Sinistcha|Matcha Gotcha|p2a: Kratom|[spread] p2a,p2b\n|-resisted|p2a: Kratom\n|-resisted|p2b: Khan\n|-damage|p2a: Kratom|82\/100\n|-damage|p2b: Khan|20\/100\n|move|p1a: Skeledirge|Torch Song|p2a: Kratom\n|-supereffective|p2a: Kratom\n|-damage|p2a: Kratom|0 fnt\n|-boost|p1a: Skeledirge|spa|1\n|faint|p2a: Kratom\n|move|p2b: Khan|Ice Beam|p1b: Sinistcha\n|-supereffective|p1b: Sinistcha\n|-damage|p1b: Sinistcha|59\/100\n|-enditem|p1b: Sinistcha|Eject Button\n|\n|t:|1700866661\n|switch|p1b: Blissey|Blissey, F|100\/100\n|\n|-heal|p1a: Skeledirge|90\/100|[from] item: Leftovers\n|upkeep\n|\n|t:|1700866671\n|switch|p2a: Johnny Pronoun|Infernape, F|24\/100\n|turn|12\n|\n|t:|1700866698\n|move|p2a: Johnny Pronoun|Thunder Punch|p1a: Skeledirge\n|-supereffective|p1a: Skeledirge\n|-damage|p1a: Skeledirge|34\/100\n|move|p1a: Skeledirge|Torch Song|p2a: Johnny Pronoun\n|-resisted|p2a: Johnny Pronoun\n|-damage|p2a: Johnny Pronoun|0 fnt\n|-boost|p1a: Skeledirge|spa|1\n|faint|p2a: Johnny Pronoun\n|move|p1b: Blissey|Life Dew||[still]|[spread] p1a,p1b\n|-heal|p1a: Skeledirge|59\/100\n|-fail|p1b: Blissey|heal\n|move|p2b: Khan|Earth Power|p1a: Skeledirge\n|-damage|p1a: Skeledirge|25\/100\n|\n|-heal|p1a: Skeledirge|31\/100|[from] item: Leftovers\n|upkeep\n|\n|t:|1700866714\n|switch|p2a: Assmar|Weezing-Galar, F|80\/100\n|turn|13\n|-message|Rungy forfeited.\n|\n|win|Jtsmith86\n|raw|Jtsmith86's rating: 1137 &rarr; <strong>1161<\/strong><br \/>(+24 for winning)\n|raw|Rungy's rating: 1129 &rarr; <strong>1105<\/strong><br \/>(-24 for losing)\n|l|\u2606Rungy\n","uploadtime":1700866731,"views":17,"p1id":"jtsmith86","p2id":"rungy","formatid":"gen9doublesou","rating":1105,"private":0,"password":""}