{"id":"gen9doublesou-1998775829","p1":"buddhist ameba","p2":"MythAst","format":"[Gen 9] Doubles OU","log":"|j|\u2606buddhist ameba\n|j|\u2606MythAst\n|t:|1700988392\n|gametype|doubles\n|player|p1|buddhist ameba|101|1631\n|player|p2|MythAst|n-masters3|1586\n|teamsize|p1|6\n|teamsize|p2|6\n|gen|9\n|tier|[Gen 9] Doubles OU\n|rated|\n|rule|Species Clause: Limit one of each Pok\u00e9mon\n|rule|OHKO Clause: OHKO moves are banned\n|rule|Evasion Moves Clause: Evasion moves are banned\n|rule|Gravity Sleep Clause: The combination of sleep-inducing moves with imperfect accuracy and Gravity or Gigantamax Orbeetle are banned\n|rule|Endless Battle Clause: Forcing endless battles is banned\n|rule|HP Percentage Mod: HP is shown in percentages\n|clearpoke\n|poke|p1|Rillaboom, M|\n|poke|p1|Iron Bundle|\n|poke|p1|Chi-Yu|\n|poke|p1|Diancie|\n|poke|p1|Ninetales-Alola, F|\n|poke|p1|Heatran, F|\n|poke|p2|Tornadus, M|\n|poke|p2|Iron Hands|\n|poke|p2|Rillaboom, M|\n|poke|p2|Flutter Mane|\n|poke|p2|Ogerpon-Hearthflame, F|\n|poke|p2|Heatran, M|\n|teampreview\n|inactive|Battle timer is ON: inactive players will automatically lose when time's up. (requested by MythAst)\n|inactive|buddhist ameba has 120 seconds left.\n|\n|t:|1700988436\n|start\n|switch|p1a: Diancie|Diancie|100\/100\n|switch|p1b: Ninetales|Ninetales-Alola, F|100\/100\n|switch|p2a: Flutter Mane|Flutter Mane|100\/100\n|switch|p2b: Ogerpon|Ogerpon-Hearthflame, F|100\/100\n|-ability|p2b: Ogerpon|Mold Breaker\n|-weather|Snow|[from] ability: Snow Warning|[of] p1b: Ninetales\n|turn|1\n|\n|t:|1700988454\n|move|p1b: Ninetales|Protect|p1b: Ninetales\n|-singleturn|p1b: Ninetales|Protect\n|move|p2a: Flutter Mane|Moonblast|p1b: Ninetales\n|-activate|p1b: Ninetales|move: Protect\n|move|p2b: Ogerpon|Ivy Cudgel|p1b: Ninetales|[anim] Ivy Cudgel Fire\n|-activate|p1b: Ninetales|move: Protect\n|move|p1a: Diancie|Diamond Storm|p2a: Flutter Mane|[spread] p2a,p2b\n|-supereffective|p2b: Ogerpon\n|-damage|p2a: Flutter Mane|42\/100\n|-damage|p2b: Ogerpon|15\/100\n|\n|-weather|Snow|[upkeep]\n|upkeep\n|turn|2\n|\n|t:|1700988469\n|-end|p2a: Flutter Mane|Protosynthesis|[silent]\n|switch|p2a: Rillaboom|Rillaboom, M|100\/100\n|-fieldstart|move: Grassy Terrain|[from] ability: Grassy Surge|[of] p2a: Rillaboom\n|move|p1a: Diancie|Protect|p1a: Diancie\n|-singleturn|p1a: Diancie|Protect\n|move|p2b: Ogerpon|Horn Leech|p1a: Diancie\n|-activate|p1a: Diancie|move: Protect\n|move|p1b: Ninetales|Blizzard|p2b: Ogerpon|[spread] p2a,p2b\n|-supereffective|p2a: Rillaboom\n|-damage|p2a: Rillaboom|55\/100\n|-damage|p2b: Ogerpon|0 fnt\n|faint|p2b: Ogerpon\n|\n|-weather|Snow|[upkeep]\n|-heal|p2a: Rillaboom|62\/100|[from] Grassy Terrain\n|upkeep\n|\n|t:|1700988489\n|switch|p2b: Heatran|Heatran, M|100\/100\n|turn|3\n|\n|t:|1700988511\n|switch|p1a: Heatran|Heatran, F|100\/100\n|move|p2a: Rillaboom|Fake Out|p1a: Heatran\n|-resisted|p1a: Heatran\n|-damage|p1a: Heatran|94\/100\n|move|p1b: Ninetales|Aurora Veil|p1b: Ninetales\n|-sidestart|p1: buddhist ameba|move: Aurora Veil\n|move|p2b: Heatran|Flash Cannon|p1a: Heatran\n|-resisted|p1a: Heatran\n|-damage|p1a: Heatran|88\/100\n|\n|-weather|Snow|[upkeep]\n|-heal|p2a: Rillaboom|68\/100|[from] Grassy Terrain\n|-heal|p1a: Heatran|94\/100|[from] Grassy Terrain\n|upkeep\n|turn|4\n|inactive|buddhist ameba has 120 seconds left.\n|\n|t:|1700988542\n|switch|p2a: Tornadus|Tornadus, M|100\/100\n|move|p1b: Ninetales|Blizzard|p2b: Heatran|[spread] p2a,p2b\n|-supereffective|p2a: Tornadus\n|-resisted|p2b: Heatran\n|-damage|p2a: Tornadus|27\/100\n|-damage|p2b: Heatran|96\/100\n|move|p2b: Heatran|Earth Power|p1a: Heatran\n|-supereffective|p1a: Heatran\n|-damage|p1a: Heatran|24\/100\n|-enditem|p1a: Heatran|Sitrus Berry|[eat]\n|-heal|p1a: Heatran|49\/100|[from] item: Sitrus Berry\n|move|p1a: Heatran|Earth Power|p2b: Heatran\n|-supereffective|p2b: Heatran\n|-damage|p2b: Heatran|9\/100\n|\n|-weather|Snow|[upkeep]\n|-heal|p2b: Heatran|16\/100|[from] Grassy Terrain\n|-heal|p1a: Heatran|55\/100|[from] Grassy Terrain\n|upkeep\n|turn|5\n|\n|t:|1700988563\n|move|p1a: Heatran|Protect|p1a: Heatran\n|-singleturn|p1a: Heatran|Protect\n|move|p2a: Tornadus|Sunny Day|p2a: Tornadus\n|-weather|SunnyDay\n|move|p1b: Ninetales|Blizzard|p2a: Tornadus|[spread] p2a\n|-miss|p1b: Ninetales|p2b: Heatran\n|-supereffective|p2a: Tornadus\n|-damage|p2a: Tornadus|0 fnt\n|faint|p2a: Tornadus\n|move|p2b: Heatran|Earth Power|p1a: Heatran\n|-activate|p1a: Heatran|move: Protect\n|\n|-weather|SunnyDay|[upkeep]\n|-heal|p2b: Heatran|22\/100|[from] Grassy Terrain\n|-heal|p1a: Heatran|62\/100|[from] Grassy Terrain\n|upkeep\n|\n|t:|1700988577\n|switch|p2a: Iron Hands|Iron Hands|100\/100\n|turn|6\n|\n|t:|1700988607\n|switch|p1a: Rillaboom|Rillaboom, M|100\/100\n|move|p1b: Ninetales|Moonblast|p2a: Iron Hands\n|-supereffective|p2a: Iron Hands\n|-damage|p2a: Iron Hands|51\/100\n|move|p2b: Heatran|Earth Power|p1a: Rillaboom\n|-resisted|p1a: Rillaboom\n|-damage|p1a: Rillaboom|92\/100\n|move|p2a: Iron Hands|Swords Dance|p2a: Iron Hands\n|-boost|p2a: Iron Hands|atk|2\n|\n|-weather|SunnyDay|[upkeep]\n|-heal|p2b: Heatran|28\/100|[from] Grassy Terrain\n|-heal|p1a: Rillaboom|98\/100|[from] Grassy Terrain\n|-heal|p2a: Iron Hands|57\/100|[from] Grassy Terrain\n|-fieldend|move: Grassy Terrain\n|upkeep\n|turn|7\n|\n|t:|1700988633\n|move|p1a: Rillaboom|Fake Out|p2b: Heatran\n|-resisted|p2b: Heatran\n|-damage|p2b: Heatran|21\/100\n|move|p1b: Ninetales|Moonblast|p2a: Iron Hands\n|-supereffective|p2a: Iron Hands\n|-damage|p2a: Iron Hands|5\/100\n|-enditem|p2a: Iron Hands|Sitrus Berry|[eat]\n|-heal|p2a: Iron Hands|30\/100|[from] item: Sitrus Berry\n|cant|p2b: Heatran|flinch\n|move|p2a: Iron Hands|Drain Punch|p1b: Ninetales\n|-damage|p1b: Ninetales|14\/100\n|-heal|p2a: Iron Hands|57\/100|[from] drain|[of] p1b: Ninetales\n|\n|-weather|SunnyDay|[upkeep]\n|upkeep\n|turn|8\n|inactive|MythAst has 120 seconds left.\n|\n|t:|1700988670\n|move|p1b: Ninetales|Moonblast|p2a: Iron Hands\n|-supereffective|p2a: Iron Hands\n|-damage|p2a: Iron Hands|6\/100\n|-unboost|p2a: Iron Hands|spa|1\n|move|p2b: Heatran|Heat Wave|p1b: Ninetales|[spread] p1a,p1b\n|-supereffective|p1a: Rillaboom\n|-supereffective|p1b: Ninetales\n|-damage|p1a: Rillaboom|35\/100\n|-damage|p1b: Ninetales|0 fnt\n|faint|p1b: Ninetales\n|move|p1a: Rillaboom|Brick Break|p2b: Heatran\n|-supereffective|p2b: Heatran\n|-damage|p2b: Heatran|0 fnt\n|faint|p2b: Heatran\n|move|p2a: Iron Hands|Drain Punch|p1a: Rillaboom\n|-damage|p1a: Rillaboom|0 fnt\n|-heal|p2a: Iron Hands|21\/100|[from] drain|[of] p1a: Rillaboom\n|faint|p1a: Rillaboom\n|\n|-weather|SunnyDay|[upkeep]\n|upkeep\n|\n|t:|1700988697\n|switch|p1b: Iron Bundle|Iron Bundle|100\/100\n|switch|p2b: Flutter Mane|Flutter Mane|42\/100\n|switch|p1a: Chi-Yu|Chi-Yu|100\/100\n|-activate|p2b: Flutter Mane|ability: Protosynthesis\n|-start|p2b: Flutter Mane|protosynthesisspa\n|-ability|p1a: Chi-Yu|Beads of Ruin\n|-enditem|p1b: Iron Bundle|Booster Energy\n|-activate|p1b: Iron Bundle|ability: Quark Drive|[fromitem]\n|-start|p1b: Iron Bundle|quarkdrivespe\n|turn|9\n|\n|t:|1700988715\n|-end|p2b: Flutter Mane|Protosynthesis|[silent]\n|switch|p2b: Rillaboom|Rillaboom, M|68\/100\n|-fieldstart|move: Grassy Terrain|[from] ability: Grassy Surge|[of] p2b: Rillaboom\n|move|p1b: Iron Bundle|Freeze-Dry|p2b: Rillaboom\n|-supereffective|p2b: Rillaboom\n|-damage|p2b: Rillaboom|0 fnt\n|faint|p2b: Rillaboom\n|move|p1a: Chi-Yu|Heat Wave|p2a: Iron Hands\n|-damage|p2a: Iron Hands|0 fnt\n|faint|p2a: Iron Hands\n|-end|p2a: Iron Hands|Quark Drive|[silent]\n|\n|-weather|none\n|upkeep\n|-message|MythAst forfeited.\n|\n|win|buddhist ameba\n|raw|buddhist ameba's rating: 1631 &rarr; <strong>1648<\/strong><br \/>(+17 for winning)\n|raw|MythAst's rating: 1586 &rarr; <strong>1569<\/strong><br \/>(-17 for losing)\n|l|\u2606MythAst\n","uploadtime":1700988883,"views":5,"p1id":"buddhistameba","p2id":"mythast","formatid":"gen9doublesou","rating":1569,"private":0,"password":""}