{"id":"gen9doublesou-1981220684","p1":"BullishBandit","p2":"mikeyuwu","format":"[Gen 9] Doubles OU","log":"|j|\u2606BullishBandit\n|j|\u2606mikeyuwu\n|t:|1698873657\n|gametype|doubles\n|player|p1|BullishBandit|265|1157\n|player|p2|mikeyuwu|psychic-gen4|1330\n|teamsize|p1|6\n|teamsize|p2|6\n|gen|9\n|tier|[Gen 9] Doubles OU\n|rated|\n|rule|Species Clause: Limit one of each Pok\u00e9mon\n|rule|OHKO Clause: OHKO moves are banned\n|rule|Evasion Moves Clause: Evasion moves are banned\n|rule|Gravity Sleep Clause: The combination of sleep-inducing moves with imperfect accuracy and Gravity or Gigantamax Orbeetle are banned\n|rule|Endless Battle Clause: Forcing endless battles is banned\n|rule|HP Percentage Mod: HP is shown in percentages\n|clearpoke\n|poke|p1|Gholdengo|\n|poke|p1|Garganacl, F|\n|poke|p1|Maushold|\n|poke|p1|Toxapex, M|\n|poke|p1|Garchomp, M|\n|poke|p1|Tinkaton, F|\n|poke|p2|Garchomp, M|\n|poke|p2|Tyranitar, F|\n|poke|p2|Vaporeon, F|\n|poke|p2|Toxicroak, M|\n|poke|p2|Pelipper, F|\n|poke|p2|Abomasnow, M|\n|teampreview\n|\n|t:|1698873674\n|start\n|switch|p1a: Tinkaton|Tinkaton, F|100\/100\n|switch|p1b: Garganacl|Garganacl, F, shiny|100\/100\n|switch|p2a: OTLHPM|Toxicroak, M|100\/100\n|switch|p2b: Harmacy|Vaporeon, F|100\/100\n|turn|1\n|\n|t:|1698873695\n|switch|p2a: Weather War|Pelipper, F|100\/100\n|-weather|RainDance|[from] ability: Drizzle|[of] p2a: Weather War\n|move|p1a: Tinkaton|Gigaton Hammer|p2a: Weather War\n|-resisted|p2a: Weather War\n|-damage|p2a: Weather War|77\/100\n|move|p2b: Harmacy|Weather Ball|p1b: Garganacl\n|-supereffective|p1b: Garganacl\n|-damage|p1b: Garganacl|0 fnt\n|faint|p1b: Garganacl\n|\n|-weather|RainDance|[upkeep]\n|upkeep\n|\n|t:|1698873711\n|switch|p1b: Maushold|Maushold|100\/100\n|turn|2\n|\n|t:|1698873722\n|switch|p2b: Extra Spicy|Garchomp, M|100\/100\n|-terastallize|p1a: Tinkaton|Fairy\n|move|p1b: Maushold|Population Bomb|p2b: Extra Spicy\n|-damage|p2b: Extra Spicy|96\/100\n|-damage|p1b: Maushold|88\/100|[from] ability: Rough Skin|[of] p2b: Extra Spicy\n|-damage|p1b: Maushold|72\/100|[from] item: Rocky Helmet|[of] p2b: Extra Spicy\n|-damage|p2b: Extra Spicy|91\/100\n|-damage|p1b: Maushold|59\/100|[from] ability: Rough Skin|[of] p2b: Extra Spicy\n|-damage|p1b: Maushold|43\/100|[from] item: Rocky Helmet|[of] p2b: Extra Spicy\n|-damage|p2b: Extra Spicy|87\/100\n|-damage|p1b: Maushold|30\/100|[from] ability: Rough Skin|[of] p2b: Extra Spicy\n|-damage|p1b: Maushold|14\/100|[from] item: Rocky Helmet|[of] p2b: Extra Spicy\n|-damage|p2b: Extra Spicy|83\/100\n|-damage|p1b: Maushold|1\/100|[from] ability: Rough Skin|[of] p2b: Extra Spicy\n|-damage|p1b: Maushold|0 fnt|[from] item: Rocky Helmet|[of] p2b: Extra Spicy\n|faint|p1b: Maushold\n|-hitcount|p2b: Extra Spicy|4\n|move|p1a: Tinkaton|Play Rough|p2a: Weather War\n|-damage|p2a: Weather War|40\/100\n|move|p2a: Weather War|Chilling Water|p1a: Tinkaton\n|-damage|p1a: Tinkaton|77\/100\n|-unboost|p1a: Tinkaton|atk|1\n|\n|-weather|RainDance|[upkeep]\n|upkeep\n|c|\u2606mikeyuwu|Uno reverse\n|\n|t:|1698873735\n|switch|p1b: Garchomp|Garchomp, M|100\/100\n|turn|3\n|c|\u2606BullishBandit|nice play\n|\n|t:|1698873752\n|switch|p2b: Cold Shoulder|Abomasnow, M, shiny|100\/100\n|-weather|Snow|[from] ability: Snow Warning|[of] p2b: Cold Shoulder\n|move|p1b: Garchomp|Earth Power|p2b: Cold Shoulder\n|-resisted|p2b: Cold Shoulder\n|-damage|p2b: Cold Shoulder|87\/100\n|move|p1a: Tinkaton|Play Rough|p2b: Cold Shoulder\n|-damage|p2b: Cold Shoulder|70\/100\n|move|p2a: Weather War|Blizzard|p1a: Tinkaton|[spread] p1a,p1b\n|-supereffective|p1b: Garchomp\n|-damage|p1a: Tinkaton|61\/100\n|-damage|p1b: Garchomp|41\/100\n|\n|-weather|Snow|[upkeep]\n|upkeep\n|turn|4\n|c|\u2606mikeyuwu|Thanks\n|\n|t:|1698873783\n|switch|p1b: Gholdengo|Gholdengo|100\/100\n|switch|p2b: Harmacy|Vaporeon, F|100\/100\n|move|p1a: Tinkaton|Gigaton Hammer|p2b: Harmacy\n|-resisted|p2b: Harmacy\n|-damage|p2b: Harmacy|85\/100\n|move|p2a: Weather War|Blizzard|p1b: Gholdengo|[spread] p1a,p1b\n|-resisted|p1b: Gholdengo\n|-damage|p1a: Tinkaton|44\/100\n|-damage|p1b: Gholdengo|92\/100\n|\n|-weather|Snow|[upkeep]\n|-heal|p2b: Harmacy|91\/100|[from] item: Leftovers\n|upkeep\n|turn|5\n|\n|t:|1698873803\n|switch|p2a: Extra Spicy|Garchomp, M|83\/100\n|move|p1a: Tinkaton|Play Rough|p2a: Extra Spicy\n|-supereffective|p2a: Extra Spicy\n|-damage|p2a: Extra Spicy|43\/100\n|-damage|p1a: Tinkaton|32\/100|[from] ability: Rough Skin|[of] p2a: Extra Spicy\n|-damage|p1a: Tinkaton|15\/100|[from] item: Rocky Helmet|[of] p2a: Extra Spicy\n|move|p1b: Gholdengo|Nasty Plot|p1b: Gholdengo\n|-boost|p1b: Gholdengo|spa|2\n|move|p2b: Harmacy|Icy Wind|p1a: Tinkaton|[spread] p1a,p1b\n|-resisted|p1b: Gholdengo\n|-damage|p1a: Tinkaton|6\/100\n|-damage|p1b: Gholdengo|87\/100\n|-unboost|p1a: Tinkaton|spe|1\n|-unboost|p1b: Gholdengo|spe|1\n|\n|-weather|Snow|[upkeep]\n|-heal|p2b: Harmacy|97\/100|[from] item: Leftovers\n|upkeep\n|turn|6\n|\n|t:|1698873827\n|move|p1b: Gholdengo|Protect|p1b: Gholdengo\n|-singleturn|p1b: Gholdengo|Protect\n|move|p2a: Extra Spicy|Earthquake|p1b: Gholdengo|[spread] p2b,p1a\n|-activate|p1b: Gholdengo|move: Protect\n|-damage|p2b: Harmacy|75\/100\n|-damage|p1a: Tinkaton|0 fnt\n|faint|p1a: Tinkaton\n|move|p2b: Harmacy|Icy Wind|p1b: Gholdengo\n|-activate|p1b: Gholdengo|move: Protect\n|\n|-weather|Snow|[upkeep]\n|-heal|p2b: Harmacy|81\/100|[from] item: Leftovers\n|upkeep\n|\n|t:|1698873839\n|switch|p1a: Toxapex|Toxapex, M|100\/100\n|turn|7\n|\n|t:|1698873852\n|switch|p2a: Weather War|Pelipper, F|40\/100\n|-weather|RainDance|[from] ability: Drizzle|[of] p2a: Weather War\n|move|p1a: Toxapex|Wide Guard|p1a: Toxapex\n|-singleturn|p1a: Toxapex|Wide Guard\n|move|p2b: Harmacy|Weather Ball|p1b: Gholdengo\n|-damage|p1b: Gholdengo|31\/100\n|move|p1b: Gholdengo|Shadow Ball|p2a: Weather War\n|-damage|p2a: Weather War|0 fnt\n|faint|p2a: Weather War\n|\n|-weather|RainDance|[upkeep]\n|-heal|p2b: Harmacy|87\/100|[from] item: Leftovers\n|upkeep\n|\n|t:|1698873865\n|switch|p2a: OTLHPM|Toxicroak, M|100\/100\n|turn|8\n|c|\u2606mikeyuwu|Gg\n|\n|t:|1698873879\n|move|p1a: Toxapex|Wide Guard|p1a: Toxapex\n|-singleturn|p1a: Toxapex|Wide Guard\n|move|p2a: OTLHPM|Earthquake|p1a: Toxapex|[spread] p2b\n|-activate|p1a: Toxapex|move: Wide Guard\n|-activate|p1b: Gholdengo|move: Wide Guard\n|-damage|p2b: Harmacy|70\/100\n|move|p2b: Harmacy|Weather Ball|p1b: Gholdengo\n|-damage|p1b: Gholdengo|0 fnt\n|faint|p1b: Gholdengo\n|\n|-weather|RainDance|[upkeep]\n|-heal|p2b: Harmacy|76\/100|[from] item: Leftovers\n|upkeep\n|\n|t:|1698873893\n|switch|p1b: Garchomp|Garchomp, M|41\/100\n|turn|9\n|\n|t:|1698873903\n|switch|p2a: Cold Shoulder|Abomasnow, M, shiny|70\/100\n|-weather|Snow|[from] ability: Snow Warning|[of] p2a: Cold Shoulder\n|move|p1a: Toxapex|Wide Guard|p1a: Toxapex\n|-singleturn|p1a: Toxapex|Wide Guard\n|move|p1b: Garchomp|Earth Power|p2a: Cold Shoulder\n|-resisted|p2a: Cold Shoulder\n|-damage|p2a: Cold Shoulder|58\/100\n|move|p2b: Harmacy|Weather Ball|p1b: Garchomp\n|-supereffective|p1b: Garchomp\n|-damage|p1b: Garchomp|0 fnt\n|faint|p1b: Garchomp\n|\n|-weather|Snow|[upkeep]\n|-heal|p2b: Harmacy|82\/100|[from] item: Leftovers\n|upkeep\n|turn|10\n|-message|BullishBandit forfeited.\n|\n|win|mikeyuwu\n|raw|BullishBandit's rating: 1157 &rarr; <strong>1144<\/strong><br \/>(-13 for losing)\n|raw|mikeyuwu's rating: 1330 &rarr; <strong>1341<\/strong><br \/>(+11 for winning)\n|l|\u2606BullishBandit\n","uploadtime":1698873930,"views":22,"p1id":"bullishbandit","p2id":"mikeyuwu","formatid":"gen9doublesou","rating":1144,"private":0,"password":""}