{"id":"gen9doublesou-1972716877","p1":"Lucidkvn93","p2":"Rexluser","format":"[Gen 9] Doubles OU","log":"|j|\u2606Lucidkvn93\n|j|\u2606Rexluser\n|t:|1697883626\n|gametype|doubles\n|player|p1|Lucidkvn93|265|1000\n|player|p2|Rexluser|2|1153\n|teamsize|p1|6\n|teamsize|p2|6\n|gen|9\n|tier|[Gen 9] Doubles OU\n|rated|\n|rule|Species Clause: Limit one of each Pok\u00e9mon\n|rule|OHKO Clause: OHKO moves are banned\n|rule|Evasion Moves Clause: Evasion moves are banned\n|rule|Gravity Sleep Clause: The combination of sleep-inducing moves with imperfect accuracy and Gravity or Gigantamax Orbeetle are banned\n|rule|Endless Battle Clause: Forcing endless battles is banned\n|rule|HP Percentage Mod: HP is shown in percentages\n|clearpoke\n|poke|p1|Ninetales-Alola, F|\n|poke|p1|Baxcalibur, F|\n|poke|p1|Heatran, M|\n|poke|p1|Gyarados, M|\n|poke|p1|Amoonguss, F|\n|poke|p1|Murkrow, F|\n|poke|p2|Chien-Pao|\n|poke|p2|Basculegion-F, F|\n|poke|p2|Goodra-Hisui, F|\n|poke|p2|Iron Hands|\n|poke|p2|Ogerpon-Hearthflame, F|\n|poke|p2|Tornadus, M|\n|teampreview\n|inactive|Battle timer is ON: inactive players will automatically lose when time's up. (requested by Rexluser)\n|\n|t:|1697883655\n|start\n|switch|p1a: Ninetales|Ninetales-Alola, F|100\/100\n|switch|p1b: Baxcalibur|Baxcalibur, F|100\/100\n|switch|p2a: Tornadus|Tornadus, M|100\/100\n|switch|p2b: Chien-Pao|Chien-Pao|100\/100\n|-ability|p2b: Chien-Pao|Sword of Ruin\n|turn|1\n|\n|t:|1697883684\n|move|p2a: Tornadus|Tailwind|p2a: Tornadus\n|-sidestart|p2: Rexluser|move: Tailwind\n|move|p2b: Chien-Pao|Sacred Sword|p1b: Baxcalibur\n|-supereffective|p1b: Baxcalibur\n|-crit|p1b: Baxcalibur\n|-damage|p1b: Baxcalibur|0 fnt\n|faint|p1b: Baxcalibur\n|move|p1a: Ninetales|Aurora Veil||[still]\n|-fail|p1a: Ninetales\n|\n|upkeep\n|inactive|Lucidkvn93 has 120 seconds left.\n|\n|t:|1697883705\n|switch|p1b: Heatran|Heatran, M|100\/100\n|turn|2\n|inactive|Lucidkvn93 has 120 seconds left.\n|\n|t:|1697883738\n|move|p1a: Ninetales|Protect|p1a: Ninetales\n|-singleturn|p1a: Ninetales|Protect\n|move|p2b: Chien-Pao|Sacred Sword|p1b: Heatran\n|-supereffective|p1b: Heatran\n|-damage|p1b: Heatran|0 fnt\n|faint|p1b: Heatran\n|move|p2a: Tornadus|Bleakwind Storm|p1a: Ninetales\n|-activate|p1a: Ninetales|move: Protect\n|\n|upkeep\n|\n|t:|1697883749\n|switch|p1b: Murkrow|Murkrow, F|100\/100\n|turn|3\n|inactive|Lucidkvn93 has 120 seconds left.\n|\n|t:|1697883761\n|move|p2b: Chien-Pao|Sacred Sword|p1b: Murkrow\n|-damage|p1b: Murkrow|18\/100\n|move|p2a: Tornadus|Bleakwind Storm|p1a: Ninetales|[spread] p1a,p1b\n|-damage|p1a: Ninetales|59\/100\n|-damage|p1b: Murkrow|0 fnt\n|faint|p1b: Murkrow\n|move|p1a: Ninetales|Dazzling Gleam|p2a: Tornadus|[spread] p2a,p2b\n|-supereffective|p2b: Chien-Pao\n|-damage|p2a: Tornadus|69\/100\n|-damage|p2b: Chien-Pao|20\/100\n|\n|upkeep\n|inactive|Lucidkvn93 has 120 seconds left.\n|\n|t:|1697883773\n|switch|p1b: Gyarados|Gyarados, M, shiny|100\/100\n|turn|4\n|inactive|Lucidkvn93 has 120 seconds left.\n|inactive|Rexluser has 120 seconds left.\n|\n|t:|1697883810\n|switch|p2b: Iron Hands|Iron Hands|100\/100\n|-terastallize|p1b: Gyarados|Water\n|move|p2a: Tornadus|Protect|p2a: Tornadus\n|-singleturn|p2a: Tornadus|Protect\n|move|p1b: Gyarados|Waterfall|p2b: Iron Hands\n|-damage|p2b: Iron Hands|72\/100\n|move|p1a: Ninetales|Blizzard|p2b: Iron Hands|[spread] p2b\n|-activate|p2a: Tornadus|move: Protect\n|-crit|p2b: Iron Hands\n|-damage|p2b: Iron Hands|45\/100\n|\n|-sideend|p2: Rexluser|move: Tailwind\n|upkeep\n|turn|5\n|inactive|Lucidkvn93 has 120 seconds left.\n|\n|t:|1697883834\n|move|p2a: Tornadus|Tailwind|p2a: Tornadus\n|-sidestart|p2: Rexluser|move: Tailwind\n|move|p1b: Gyarados|Waterfall|p2b: Iron Hands\n|-damage|p2b: Iron Hands|14\/100\n|cant|p2b: Iron Hands|flinch\n|move|p1a: Ninetales|Blizzard|p2b: Iron Hands|[spread] p2b\n|-miss|p1a: Ninetales|p2a: Tornadus\n|-damage|p2b: Iron Hands|0 fnt\n|faint|p2b: Iron Hands\n|-end|p2b: Iron Hands|Quark Drive|[silent]\n|\n|upkeep\n|inactive|Rexluser has 120 seconds left.\n|\n|t:|1697883851\n|switch|p2b: Ogerpon|Ogerpon-Hearthflame, F|100\/100\n|-ability|p2b: Ogerpon|Mold Breaker\n|turn|6\n|\n|t:|1697883859\n|move|p1a: Ninetales|Protect|p1a: Ninetales\n|-singleturn|p1a: Ninetales|Protect\n|move|p2a: Tornadus|Bleakwind Storm|p1a: Ninetales|[spread] p1b\n|-activate|p1a: Ninetales|move: Protect\n|-damage|p1b: Gyarados|63\/100\n|-unboost|p1b: Gyarados|spe|1\n|move|p2b: Ogerpon|Horn Leech|p1b: Gyarados\n|-supereffective|p1b: Gyarados\n|-damage|p1b: Gyarados|0 fnt\n|faint|p1b: Gyarados\n|\n|upkeep\n|\n|t:|1697883872\n|switch|p1b: Amoonguss|Amoonguss, F|100\/100\n|turn|7\n|\n|t:|1697883891\n|-terastallize|p2b: Ogerpon|Fire\n|detailschange|p2b: Ogerpon|Ogerpon-Hearthflame-Tera, F, tera:Fire\n|-ability|p2b: Ogerpon|Embody Aspect (Hearthflame)|boost\n|-boost|p2b: Ogerpon|atk|1\n|move|p2a: Tornadus|Bleakwind Storm|p1b: Amoonguss|[spread] p1a,p1b\n|-supereffective|p1b: Amoonguss\n|-damage|p1a: Ninetales|23\/100\n|-damage|p1b: Amoonguss|49\/100\n|move|p2b: Ogerpon|Ivy Cudgel|p1a: Ninetales\n|-supereffective|p1a: Ninetales\n|-damage|p1a: Ninetales|0 fnt\n|faint|p1a: Ninetales\n|move|p1b: Amoonguss|Spore|p2a: Tornadus\n|-status|p2a: Tornadus|slp|[from] move: Spore\n|\n|-heal|p1b: Amoonguss|55\/100|[from] item: Leftovers\n|upkeep\n|turn|8\n|\n|t:|1697883916\n|cant|p2a: Tornadus|slp\n|move|p2b: Ogerpon|Ivy Cudgel|p1b: Amoonguss\n|-supereffective|p1b: Amoonguss\n|-damage|p1b: Amoonguss|0 fnt\n|faint|p1b: Amoonguss\n|\n|win|Rexluser\n|raw|Lucidkvn93's rating: 1000 &rarr; <strong>1000<\/strong><br \/>(+0 for losing)\n|raw|Rexluser's rating: 1153 &rarr; <strong>1168<\/strong><br \/>(+15 for winning)\n|l|\u2606Lucidkvn93\n","uploadtime":1697883931,"views":18,"p1id":"lucidkvn93","p2id":"rexluser","formatid":"gen9doublesou","rating":1000,"private":0,"password":""}