{"id":"gen9doublesou-1991374876","p1":"Raf","p2":"Nido-Rus","format":"[Gen 9] Doubles OU","log":"|j|\u2606Raf\n|j|\u2606Nido-Rus\n|t:|1700071853\n|gametype|doubles\n|player|p1|Raf|#scl3dynamos2|\n|player|p2|Nido-Rus|cheryl|\n|teamsize|p1|6\n|teamsize|p2|6\n|gen|9\n|tier|[Gen 9] Doubles OU\n|rule|Species Clause: Limit one of each Pok\u00e9mon\n|rule|OHKO Clause: OHKO moves are banned\n|rule|Evasion Moves Clause: Evasion moves are banned\n|rule|Gravity Sleep Clause: The combination of sleep-inducing moves with imperfect accuracy and Gravity or Gigantamax Orbeetle are banned\n|rule|Endless Battle Clause: Forcing endless battles is banned\n|rule|HP Percentage Mod: HP is shown in percentages\n|clearpoke\n|poke|p1|Roaring Moon|\n|poke|p1|Weezing, F|\n|poke|p1|Flutter Mane|\n|poke|p1|Iron Hands|\n|poke|p1|Palafin, F|\n|poke|p1|Landorus-Therian, M|\n|poke|p2|Kommo-o, M|\n|poke|p2|Rillaboom, F|\n|poke|p2|Flutter Mane|\n|poke|p2|Torkoal, M|\n|poke|p2|Diancie|\n|poke|p2|Landorus-Therian, M|\n|teampreview\n|inactive|Battle timer is ON: inactive players will automatically lose when time's up. (requested by Raf)\n|c|\u2606Nido-Rus|gl HF\n|c|\u2606Raf|U2\n|j| Feyette\n|inactive|Raf has 270 seconds left.\n|inactive|Nido-Rus has 270 seconds left.\n|j| R4ye\n|j|+Mizuhime\n|j| RelicanthPrimal<><\n|j| MADARAAAA\n|\n|t:|1700071926\n|start\n|switch|p1a: Palafin|Palafin, F|100\/100\n|switch|p1b: Landorus|Landorus-Therian, M|100\/100\n|switch|p2a: Kommo-o|Kommo-o, M|100\/100\n|switch|p2b: Torkoal|Torkoal, M|100\/100\n|-ability|p1b: Landorus|Intimidate|boost\n|-unboost|p2a: Kommo-o|atk|1\n|-unboost|p2b: Torkoal|atk|1\n|-weather|SunnyDay|[from] ability: Drought|[of] p2b: Torkoal\n|turn|1\n|c| Feyette|:torky:\n|\n|t:|1700071947\n|detailschange|p1a: Palafin|Palafin-Hero, F\n|switch|p1a: Weezing|Weezing, F|100\/100\n|-ability|p1a: Weezing|Neutralizing Gas\n|-block|p1b: Landorus|item: Ability Shield\n|move|p2a: Kommo-o|Iron Defense|p2a: Kommo-o\n|-boost|p2a: Kommo-o|def|2\n|move|p1b: Landorus|U-turn|p2a: Kommo-o\n|-resisted|p2a: Kommo-o\n|-damage|p2a: Kommo-o|97\/100\n|\n|t:|1700071955\n|switch|p1b: Flutter Mane|Flutter Mane|100\/100|[from] U-turn\n|-activate|p1b: Flutter Mane|ability: Protosynthesis\n|-start|p1b: Flutter Mane|protosynthesisspe\n|move|p2b: Torkoal|Heat Wave|p1b: Flutter Mane|[spread] p1a,p1b\n|-damage|p1a: Weezing|46\/100\n|-damage|p1b: Flutter Mane|61\/100\n|\n|-weather|SunnyDay|[upkeep]\n|-heal|p2a: Kommo-o|100\/100|[from] item: Leftovers\n|-heal|p1a: Weezing|52\/100|[from] item: Leftovers\n|upkeep\n|turn|2\n|j| qsns\n|j| theyummybagel\n|c|\u2606Raf|owie\n|j| Waffle2O23\n|inactive|Raf has 270 seconds left.\n|j| Eragon11145\n|\n|t:|1700071990\n|move|p2a: Kommo-o|Protect|p2a: Kommo-o\n|-singleturn|p2a: Kommo-o|Protect\n|move|p1b: Flutter Mane|Shadow Ball|p2b: Torkoal\n|-damage|p2b: Torkoal|18\/100\n|-enditem|p2b: Torkoal|Eject Button\n|\n|t:|1700071999\n|switch|p2b: Flutter Mane|Flutter Mane|100\/100\n|-activate|p2b: Flutter Mane|ability: Protosynthesis\n|-start|p2b: Flutter Mane|protosynthesisspe\n|move|p1a: Weezing|Clear Smog|p2a: Kommo-o\n|-activate|p2a: Kommo-o|move: Protect\n|\n|-weather|SunnyDay|[upkeep]\n|-heal|p1a: Weezing|58\/100|[from] item: Leftovers\n|upkeep\n|turn|3\n|inactive|Raf has 270 seconds left.\n|inactive|Nido-Rus has 270 seconds left.\n|inactive|Raf has 240 seconds left.\n|inactive|Nido-Rus has 240 seconds left.\n|inactive|Nido-Rus has 210 seconds left.\n|\n|t:|1700072113\n|-terastallize|p2a: Kommo-o|Fire\n|move|p1a: Weezing|Protect|p1a: Weezing\n|-singleturn|p1a: Weezing|Protect\n|move|p2b: Flutter Mane|Shadow Ball|p1b: Flutter Mane\n|-supereffective|p1b: Flutter Mane\n|-damage|p1b: Flutter Mane|0 fnt\n|faint|p1b: Flutter Mane\n|-end|p1b: Flutter Mane|Protosynthesis|[silent]\n|move|p2a: Kommo-o|Iron Defense|p2a: Kommo-o\n|-boost|p2a: Kommo-o|def|2\n|\n|-weather|SunnyDay|[upkeep]\n|-heal|p1a: Weezing|64\/100|[from] item: Leftovers\n|upkeep\n|\n|t:|1700072130\n|switch|p1b: Iron Hands|Iron Hands|100\/100\n|turn|4\n|inactive|Raf has 240 seconds left.\n|j| AIRedzone\n|inactive|Raf has 210 seconds left.\n|\n|t:|1700072181\n|-end|p1a: Weezing|ability: Neutralizing Gas\n|switch|p1a: Roaring Moon|Roaring Moon|100\/100\n|-activate|p1a: Roaring Moon|ability: Protosynthesis\n|-start|p1a: Roaring Moon|protosynthesisspe\n|move|p2a: Kommo-o|Protect|p2a: Kommo-o\n|-singleturn|p2a: Kommo-o|Protect\n|move|p2b: Flutter Mane|Shadow Ball|p1a: Roaring Moon\n|-resisted|p1a: Roaring Moon\n|-damage|p1a: Roaring Moon|73\/100\n|move|p1b: Iron Hands|Heavy Slam|p2b: Flutter Mane\n|-supereffective|p2b: Flutter Mane\n|-damage|p2b: Flutter Mane|0 fnt\n|faint|p2b: Flutter Mane\n|-end|p2b: Flutter Mane|Protosynthesis|[silent]\n|\n|-weather|SunnyDay|[upkeep]\n|upkeep\n|\n|t:|1700072195\n|switch|p2b: Landorus|Landorus-Therian, M|100\/100\n|-ability|p2b: Landorus|Intimidate|boost\n|-unboost|p1a: Roaring Moon|atk|1\n|-unboost|p1b: Iron Hands|atk|1\n|turn|5\n|j|+Frixel\n|inactive|Raf has 210 seconds left.\n|\n|t:|1700072220\n|-end|p1b: Iron Hands|Quark Drive|[silent]\n|switch|p1b: Landorus|Landorus-Therian, M|100\/100\n|-ability|p1b: Landorus|Intimidate|boost\n|-unboost|p2a: Kommo-o|atk|1\n|-unboost|p2b: Landorus|atk|1\n|move|p1a: Roaring Moon|Tailwind|p1a: Roaring Moon\n|-sidestart|p1: Raf|move: Tailwind\n|move|p2b: Landorus|U-turn|p1a: Roaring Moon\n|-supereffective|p1a: Roaring Moon\n|-damage|p1a: Roaring Moon|27\/100\n|inactive|Nido-Rus has 210 seconds left.\n|\n|t:|1700072236\n|switch|p2b: Rillaboom|Rillaboom, F|100\/100|[from] U-turn\n|-fieldstart|move: Grassy Terrain|[from] ability: Grassy Surge|[of] p2b: Rillaboom\n|move|p2a: Kommo-o|Iron Defense|p2a: Kommo-o\n|-boost|p2a: Kommo-o|def|2\n|\n|-weather|none\n|-end|p1a: Roaring Moon|Protosynthesis\n|-heal|p1a: Roaring Moon|33\/100|[from] Grassy Terrain\n|upkeep\n|-enditem|p1a: Roaring Moon|Booster Energy\n|-activate|p1a: Roaring Moon|ability: Protosynthesis|[fromitem]\n|-start|p1a: Roaring Moon|protosynthesisspe\n|turn|6\n|l|+Frixel\n|\n|t:|1700072260\n|move|p2b: Rillaboom|Fake Out|p1a: Roaring Moon\n|-damage|p1a: Roaring Moon|17\/100\n|cant|p1a: Roaring Moon|flinch\n|move|p1b: Landorus|U-turn|p2b: Rillaboom\n|-supereffective|p2b: Rillaboom\n|-damage|p2b: Rillaboom|51\/100\n|\n|t:|1700072267\n|switch|p1b: Weezing|Weezing, F|64\/100|[from] U-turn\n|-ability|p1b: Weezing|Neutralizing Gas\n|move|p2a: Kommo-o|Body Press|p1b: Weezing\n|-resisted|p1b: Weezing\n|-damage|p1b: Weezing|2\/100\n|\n|-heal|p1a: Roaring Moon|24\/100|[from] Grassy Terrain\n|-heal|p1b: Weezing|8\/100|[from] Grassy Terrain\n|-heal|p1b: Weezing|14\/100|[from] item: Leftovers\n|-heal|p2b: Rillaboom|57\/100|[from] Grassy Terrain\n|upkeep\n|turn|7\n|inactive|Raf has 240 seconds left.\n|\n|t:|1700072289\n|-end|p1a: Roaring Moon|Protosynthesis|[silent]\n|switch|p1a: Landorus|Landorus-Therian, M|100\/100\n|-ability|p1a: Landorus|Intimidate|boost\n|-unboost|p2a: Kommo-o|atk|1\n|-unboost|p2b: Rillaboom|atk|1\n|switch|p2b: Torkoal|Torkoal, M|18\/100\n|move|p2a: Kommo-o|Protect|p2a: Kommo-o\n|-singleturn|p2a: Kommo-o|Protect\n|move|p1b: Weezing|Clear Smog|p2a: Kommo-o\n|-activate|p2a: Kommo-o|move: Protect\n|\n|-heal|p1b: Weezing|20\/100|[from] Grassy Terrain\n|-heal|p1b: Weezing|26\/100|[from] item: Leftovers\n|-heal|p2b: Torkoal|24\/100|[from] Grassy Terrain\n|upkeep\n|turn|8\n|inactive|Nido-Rus has 270 seconds left.\n|inactive|Raf has 240 seconds left.\n|\n|t:|1700072318\n|move|p1a: Landorus|Taunt|p2a: Kommo-o\n|-start|p2a: Kommo-o|move: Taunt\n|move|p1b: Weezing|Clear Smog|p2a: Kommo-o\n|-damage|p2a: Kommo-o|89\/100\n|-clearboost|p2a: Kommo-o\n|cant|p2a: Kommo-o|move: Taunt|Iron Defense\n|move|p2b: Torkoal|Heat Wave|p1b: Weezing|[spread] p1a,p1b\n|-damage|p1a: Landorus|73\/100\n|-damage|p1b: Weezing|0 fnt\n|faint|p1b: Weezing\n|-end|p1b: Weezing|ability: Neutralizing Gas\n|-weather|SunnyDay|[from] ability: Drought|[of] p2b: Torkoal\n|\n|-weather|SunnyDay|[upkeep]\n|-heal|p2a: Kommo-o|95\/100|[from] Grassy Terrain\n|-heal|p2a: Kommo-o|100\/100|[from] item: Leftovers\n|-heal|p2b: Torkoal|31\/100|[from] Grassy Terrain\n|-sideend|p1: Raf|move: Tailwind\n|upkeep\n|\n|t:|1700072332\n|switch|p1b: Roaring Moon|Roaring Moon|24\/100\n|-activate|p1b: Roaring Moon|ability: Protosynthesis\n|-start|p1b: Roaring Moon|protosynthesisspe\n|turn|9\n|inactive|Nido-Rus has 270 seconds left.\n|j| pudim31\n|inactive|Nido-Rus has 240 seconds left.\n|inactive|Raf has 240 seconds left.\n|j| Demantoid (\u2299\ufe4f\u2299\u273f)\n|j| SingleThunder\n|inactive|Raf has 210 seconds left.\n|\n|t:|1700072445\n|switch|p2a: Diancie|Diancie|100\/100\n|switch|p2b: Landorus|Landorus-Therian, M|100\/100\n|-ability|p2b: Landorus|Intimidate|boost\n|-unboost|p1a: Landorus|atk|1\n|-unboost|p1b: Roaring Moon|atk|1\n|move|p1b: Roaring Moon|Knock Off|p2a: Diancie\n|-resisted|p2a: Diancie\n|-damage|p2a: Diancie|87\/100\n|-enditem|p2a: Diancie|Mental Herb|[from] move: Knock Off|[of] p1b: Roaring Moon\n|move|p1a: Landorus|Stealth Rock|p2b: Landorus\n|-sidestart|p2: Nido-Rus|move: Stealth Rock\n|\n|-weather|SunnyDay|[upkeep]\n|-heal|p1b: Roaring Moon|30\/100|[from] Grassy Terrain\n|-heal|p2a: Diancie|93\/100|[from] Grassy Terrain\n|-fieldend|move: Grassy Terrain\n|upkeep\n|turn|10\n|inactive|Raf has 210 seconds left.\n|\n|t:|1700072477\n|switch|p1a: Iron Hands|Iron Hands|100\/100\n|move|p1b: Roaring Moon|Knock Off|p2b: Landorus\n|-damage|p2b: Landorus|61\/100\n|-enditem|p2b: Landorus|Choice Scarf|[from] move: Knock Off|[of] p1b: Roaring Moon\n|move|p2b: Landorus|U-turn|p1b: Roaring Moon\n|-supereffective|p1b: Roaring Moon\n|-damage|p1b: Roaring Moon|0 fnt\n|faint|p1b: Roaring Moon\n|-end|p1b: Roaring Moon|Protosynthesis|[silent]\n|l| AIRedzone\n|\n|t:|1700072491\n|switch|p2b: Kommo-o|Kommo-o, M, tera:Fire|100\/100|[from] U-turn\n|-damage|p2b: Kommo-o|76\/100|[from] Stealth Rock\n|move|p2a: Diancie|Diamond Storm|p1a: Iron Hands\n|-resisted|p1a: Iron Hands\n|-damage|p1a: Iron Hands|86\/100\n|-boost|p2a: Diancie|def|2\n|\n|-weather|SunnyDay|[upkeep]\n|-heal|p2b: Kommo-o|82\/100|[from] item: Leftovers\n|upkeep\n|\n|t:|1700072497\n|switch|p1b: Landorus|Landorus-Therian, M|73\/100\n|-ability|p1b: Landorus|Intimidate|boost\n|-fail|p2a: Diancie|unboost|[from] ability: Clear Body|[of] p2a: Diancie\n|-unboost|p2b: Kommo-o|atk|1\n|turn|11\n|inactive|Raf has 210 seconds left.\n|inactive|Nido-Rus has 240 seconds left.\n|inactive|Raf has 180 seconds left.\n|inactive|Nido-Rus has 210 seconds left.\n|inactive|Raf has 150 seconds left.\n|inactive|Nido-Rus has 180 seconds left.\n|inactive|Raf has 120 seconds left.\n|j| AIRedzone\n|inactive|Raf has 90 seconds left.\n|\n|t:|1700072633\n|switch|p2a: Rillaboom|Rillaboom, F|57\/100\n|-damage|p2a: Rillaboom|45\/100|[from] Stealth Rock\n|-fieldstart|move: Grassy Terrain|[from] ability: Grassy Surge|[of] p2a: Rillaboom\n|move|p2b: Kommo-o|Protect|p2b: Kommo-o\n|-singleturn|p2b: Kommo-o|Protect\n|move|p1a: Iron Hands|Fake Out|p2b: Kommo-o\n|-activate|p2b: Kommo-o|move: Protect\n|move|p1b: Landorus|U-turn|p2a: Rillaboom\n|-supereffective|p2a: Rillaboom\n|-damage|p2a: Rillaboom|3\/100\n|\n|t:|1700072640\n|switch|p1b: Palafin|Palafin-Hero, F|100\/100|[from] U-turn\n|-activate|p1b: Palafin|ability: Zero to Hero\n|\n|-weather|SunnyDay|[upkeep]\n|-heal|p2b: Kommo-o|88\/100|[from] Grassy Terrain\n|-heal|p2b: Kommo-o|94\/100|[from] item: Leftovers\n|-heal|p2a: Rillaboom|9\/100|[from] Grassy Terrain\n|-heal|p1a: Iron Hands|92\/100|[from] Grassy Terrain\n|upkeep\n|turn|12\n|\n|t:|1700072654\n|move|p2a: Rillaboom|Fake Out|p1b: Palafin\n|-damage|p1b: Palafin|89\/100\n|cant|p1b: Palafin|flinch\n|move|p2b: Kommo-o|Iron Defense|p2b: Kommo-o\n|-boost|p2b: Kommo-o|def|2\n|move|p1a: Iron Hands|Volt Switch|p2b: Kommo-o\n|-damage|p2b: Kommo-o|82\/100\n|\n|t:|1700072657\n|-end|p1a: Iron Hands|Quark Drive|[silent]\n|switch|p1a: Landorus|Landorus-Therian, M|73\/100|[from] Volt Switch\n|-ability|p1a: Landorus|Intimidate|boost\n|-unboost|p2a: Rillaboom|atk|1\n|-unboost|p2b: Kommo-o|atk|1\n|\n|-weather|none\n|-heal|p1b: Palafin|95\/100|[from] Grassy Terrain\n|-heal|p2b: Kommo-o|89\/100|[from] Grassy Terrain\n|-heal|p2b: Kommo-o|95\/100|[from] item: Leftovers\n|-heal|p2a: Rillaboom|15\/100|[from] Grassy Terrain\n|upkeep\n|turn|13\n|inactive|Raf has 120 seconds left.\n|inactive|Nido-Rus has 210 seconds left.\n|\n|t:|1700072670\n|switch|p2a: Torkoal|Torkoal, M|31\/100\n|-damage|p2a: Torkoal|6\/100|[from] Stealth Rock\n|-weather|SunnyDay|[from] ability: Drought|[of] p2a: Torkoal\n|-terastallize|p1b: Palafin|Steel\n|move|p1b: Palafin|Bulk Up|p1b: Palafin\n|-boost|p1b: Palafin|atk|1\n|-boost|p1b: Palafin|def|1\n|move|p2b: Kommo-o|Iron Defense|p2b: Kommo-o\n|-boost|p2b: Kommo-o|def|2\n|move|p1a: Landorus|Taunt|p2b: Kommo-o\n|-start|p2b: Kommo-o|move: Taunt\n|\n|-weather|SunnyDay|[upkeep]\n|-heal|p1b: Palafin|100\/100|[from] Grassy Terrain\n|-heal|p2b: Kommo-o|100\/100|[from] Grassy Terrain\n|-heal|p2a: Torkoal|12\/100|[from] Grassy Terrain\n|upkeep\n|turn|14\n|\n|t:|1700072689\n|move|p1b: Palafin|Protect|p1b: Palafin\n|-singleturn|p1b: Palafin|Protect\n|move|p2b: Kommo-o|Body Press|p1b: Palafin\n|-activate|p1b: Palafin|move: Protect\n|move|p1a: Landorus|U-turn|p2a: Torkoal\n|-resisted|p2a: Torkoal\n|-damage|p2a: Torkoal|3\/100\n|\n|t:|1700072694\n|switch|p1a: Iron Hands|Iron Hands|92\/100|[from] U-turn\n|move|p2a: Torkoal|Heat Wave|p1a: Iron Hands|[spread] \n|-activate|p1b: Palafin|move: Protect\n|-miss|p2a: Torkoal|p1a: Iron Hands\n|\n|-weather|SunnyDay|[upkeep]\n|-heal|p1a: Iron Hands|98\/100|[from] Grassy Terrain\n|-heal|p2a: Torkoal|9\/100|[from] Grassy Terrain\n|upkeep\n|turn|15\n|inactive|Raf has 150 seconds left.\n|inactive|Nido-Rus has 240 seconds left.\n|inactive|Raf has 120 seconds left.\n|inactive|Raf has 90 seconds left.\n|\n|t:|1700072780\n|move|p2a: Torkoal|Helping Hand|p2b: Kommo-o\n|-singleturn|p2b: Kommo-o|Helping Hand|[of] p2a: Torkoal\n|move|p1a: Iron Hands|Fake Out|p2b: Kommo-o\n|-damage|p2b: Kommo-o|97\/100\n|move|p1b: Palafin|Bulk Up|p1b: Palafin\n|-boost|p1b: Palafin|atk|1\n|-boost|p1b: Palafin|def|1\n|cant|p2b: Kommo-o|flinch\n|\n|-weather|SunnyDay|[upkeep]\n|-heal|p2b: Kommo-o|100\/100|[from] Grassy Terrain\n|-heal|p1a: Iron Hands|100\/100|[from] Grassy Terrain\n|-heal|p2a: Torkoal|15\/100|[from] Grassy Terrain\n|-fieldend|move: Grassy Terrain\n|upkeep\n|turn|16\n|inactive|Raf has 90 seconds left.\n|inactive|Nido-Rus has 240 seconds left.\n|j| Jello1231\n|inactive|Raf has 60 seconds left.\n|inactive|Raf has 30 seconds left.\n|inactive|Raf has 20 seconds left.\n|inactive|Raf has 15 seconds left.\n|inactive|Raf has 10 seconds left.\n|inactive|Raf has 5 seconds left.\n|\n|t:|1700072873\n|move|p1b: Palafin|Bulk Up|p1b: Palafin\n|-boost|p1b: Palafin|atk|1\n|-boost|p1b: Palafin|def|1\n|move|p2b: Kommo-o|Body Press|p1b: Palafin\n|-supereffective|p1b: Palafin\n|-damage|p1b: Palafin|17\/100\n|move|p1a: Iron Hands|Volt Switch|p2a: Torkoal\n|-damage|p2a: Torkoal|0 fnt\n|faint|p2a: Torkoal\n|inactive|Raf has 10 seconds left this turn.\n|\n|t:|1700072876\n|-end|p1a: Iron Hands|Quark Drive|[silent]\n|switch|p1a: Landorus|Landorus-Therian, M|73\/100|[from] Volt Switch\n|-ability|p1a: Landorus|Intimidate|boost\n|-unboost|p2b: Kommo-o|atk|1\n|\n|-weather|SunnyDay|[upkeep]\n|-end|p2b: Kommo-o|move: Taunt\n|upkeep\n|inactive|Raf has 15 seconds left this turn.\n|inactive|Nido-Rus has 240 seconds left.\n|\n|t:|1700072887\n|switch|p2a: Rillaboom|Rillaboom, F|15\/100\n|-damage|p2a: Rillaboom|3\/100|[from] Stealth Rock\n|-fieldstart|move: Grassy Terrain|[from] ability: Grassy Surge|[of] p2a: Rillaboom\n|turn|17\n|inactive|Raf has 30 seconds left.\n|inactive|Raf has 20 seconds left.\n|inactive|Raf has 15 seconds left.\n|\n|t:|1700072914\n|move|p2a: Rillaboom|Fake Out|p1b: Palafin\n|-resisted|p1b: Palafin\n|-damage|p1b: Palafin|15\/100\n|cant|p1b: Palafin|flinch\n|move|p2b: Kommo-o|Iron Defense|p2b: Kommo-o\n|-boost|p2b: Kommo-o|def|2\n|move|p1a: Landorus|Stomping Tantrum|p2b: Kommo-o\n|-supereffective|p2b: Kommo-o\n|-crit|p2b: Kommo-o\n|-damage|p2b: Kommo-o|16\/100\n|\n|-weather|none\n|-heal|p1b: Palafin|21\/100|[from] Grassy Terrain\n|-heal|p2b: Kommo-o|22\/100|[from] Grassy Terrain\n|-heal|p2b: Kommo-o|28\/100|[from] item: Leftovers\n|-heal|p2a: Rillaboom|9\/100|[from] Grassy Terrain\n|upkeep\n|turn|18\n|inactive|Nido-Rus has 270 seconds left.\n|inactive|Raf has 30 seconds left.\n|c|\u2606Nido-Rus|oh\n|c|\u2606Raf|o lawd\n|c|\u2606Nido-Rus|hm\n|c| Demantoid (\u2299\ufe4f\u2299\u273f)|mish\n|\n|t:|1700072934\n|switch|p1a: Iron Hands|Iron Hands|100\/100\n|move|p2b: Kommo-o|Protect|p2b: Kommo-o\n|-singleturn|p2b: Kommo-o|Protect\n|move|p1b: Palafin|Jet Punch|p2b: Kommo-o\n|-activate|p2b: Kommo-o|move: Protect\n|move|p2a: Rillaboom|High Horsepower|p1b: Palafin\n|-supereffective|p1b: Palafin\n|-damage|p1b: Palafin|0 fnt\n|faint|p1b: Palafin\n|\n|-heal|p2b: Kommo-o|34\/100|[from] Grassy Terrain\n|-heal|p2b: Kommo-o|41\/100|[from] item: Leftovers\n|-heal|p2a: Rillaboom|15\/100|[from] Grassy Terrain\n|upkeep\n|inactive|Raf has 30 seconds left this turn.\n|c|\u2606Raf|fuk\n|c|\u2606Nido-Rus|okay that works\n|\n|t:|1700072944\n|switch|p1b: Landorus|Landorus-Therian, M|73\/100\n|-ability|p1b: Landorus|Intimidate|boost\n|-unboost|p2a: Rillaboom|atk|1\n|-unboost|p2b: Kommo-o|atk|1\n|turn|19\n|c|\u2606Nido-Rus|just need to not get tantrum crit a second time\n|c|\u2606Nido-Rus|trust\n|inactive|Nido-Rus has 270 seconds left.\n|\n|t:|1700072967\n|move|p1a: Iron Hands|Fake Out|p2b: Kommo-o\n|-damage|p2b: Kommo-o|38\/100\n|cant|p2b: Kommo-o|flinch\n|move|p1b: Landorus|Taunt|p2b: Kommo-o\n|-start|p2b: Kommo-o|move: Taunt\n|move|p2a: Rillaboom|Wood Hammer|p1b: Landorus\n|-damage|p1b: Landorus|28\/100\n|-damage|p2a: Rillaboom|1\/100|[from] Recoil\n|\n|-heal|p2b: Kommo-o|44\/100|[from] Grassy Terrain\n|-heal|p2b: Kommo-o|50\/100|[from] item: Leftovers\n|-heal|p2a: Rillaboom|7\/100|[from] Grassy Terrain\n|upkeep\n|turn|20\n|c| Feyette|reveal 5th move surging strikes\n|inactive|Raf has 60 seconds left.\n|j| tyo\n|\n|t:|1700072980\n|move|p2b: Kommo-o|Body Press|p1b: Landorus\n|-resisted|p1b: Landorus\n|-damage|p1b: Landorus|0 fnt\n|faint|p1b: Landorus\n|move|p2a: Rillaboom|High Horsepower|p1a: Iron Hands\n|-supereffective|p1a: Iron Hands\n|-damage|p1a: Iron Hands|75\/100\n|move|p1a: Iron Hands|Close Combat|p2b: Kommo-o\n|-damage|p2b: Kommo-o|39\/100\n|-unboost|p1a: Iron Hands|def|1\n|-unboost|p1a: Iron Hands|spd|1\n|\n|-heal|p2b: Kommo-o|45\/100|[from] Grassy Terrain\n|-heal|p2b: Kommo-o|51\/100|[from] item: Leftovers\n|-heal|p2a: Rillaboom|14\/100|[from] Grassy Terrain\n|-heal|p1a: Iron Hands|81\/100|[from] Grassy Terrain\n|upkeep\n|turn|21\n|c|\u2606Raf|ggs bro\n|\n|t:|1700072987\n|move|p2b: Kommo-o|Body Press|p1a: Iron Hands\n|-damage|p1a: Iron Hands|0 fnt\n|faint|p1a: Iron Hands\n|-end|p1a: Iron Hands|Quark Drive|[silent]\n|\n|win|Nido-Rus\n|c|\u2606Nido-Rus|ggs\n","uploadtime":1700072993,"views":65,"p1id":"raf","p2id":"nidorus","formatid":"gen9doublesou","rating":0,"private":0,"password":""}