{"id":"gen9doublesou-1974412124","p1":"cotesmcgotes","p2":"Domenico230","format":"[Gen 9] Doubles OU","log":"|j|\u2606cotesmcgotes\n|j|\u2606Domenico230\n|t:|1698084903\n|gametype|doubles\n|player|p1|cotesmcgotes|flannery|1447\n|player|p2|Domenico230|265|1479\n|teamsize|p1|6\n|teamsize|p2|6\n|gen|9\n|tier|[Gen 9] Doubles OU\n|rated|\n|rule|Species Clause: Limit one of each Pok\u00e9mon\n|rule|OHKO Clause: OHKO moves are banned\n|rule|Evasion Moves Clause: Evasion moves are banned\n|rule|Gravity Sleep Clause: The combination of sleep-inducing moves with imperfect accuracy and Gravity or Gigantamax Orbeetle are banned\n|rule|Endless Battle Clause: Forcing endless battles is banned\n|rule|HP Percentage Mod: HP is shown in percentages\n|clearpoke\n|poke|p1|Cresselia, F|\n|poke|p1|Manaphy|\n|poke|p1|Okidogi, M|\n|poke|p1|Sinistcha-Masterpiece|\n|poke|p1|Ogerpon-Hearthflame, F|\n|poke|p1|Roaring Moon|\n|poke|p2|Basculegion-F, F|\n|poke|p2|Iron Hands|\n|poke|p2|Arcanine-Hisui, F|\n|poke|p2|Landorus-Therian, M|\n|poke|p2|Tyranitar, M|\n|poke|p2|Ogerpon-Wellspring, F|\n|teampreview\n|inactive|Battle timer is ON: inactive players will automatically lose when time's up. (requested by cotesmcgotes)\n|\n|t:|1698084927\n|start\n|switch|p1a: Roaring Moon|Roaring Moon|100\/100\n|switch|p1b: Sinistcha|Sinistcha-Masterpiece|100\/100\n|switch|p2a: Ogerpon|Ogerpon-Wellspring, F|100\/100\n|switch|p2b: Basculegion|Basculegion-F, F|100\/100\n|-enditem|p1a: Roaring Moon|Booster Energy\n|-activate|p1a: Roaring Moon|ability: Protosynthesis|[fromitem]\n|-start|p1a: Roaring Moon|protosynthesisatk\n|turn|1\n|\n|t:|1698084944\n|move|p1b: Sinistcha|Rage Powder|p1b: Sinistcha\n|-singleturn|p1b: Sinistcha|move: Rage Powder\n|move|p2a: Ogerpon|Taunt|p1b: Sinistcha\n|-start|p1b: Sinistcha|move: Taunt\n|move|p1a: Roaring Moon|Crunch|p2b: Basculegion\n|-supereffective|p2b: Basculegion\n|-damage|p2b: Basculegion|0 fnt\n|faint|p2b: Basculegion\n|\n|upkeep\n|\n|t:|1698084954\n|switch|p2b: Arcanine|Arcanine-Hisui, F|100\/100\n|-ability|p2b: Arcanine|Intimidate|boost\n|-unboost|p1a: Roaring Moon|atk|1\n|-unboost|p1b: Sinistcha|atk|1\n|turn|2\n|inactive|Domenico230 has 120 seconds left.\n|\n|t:|1698084986\n|-end|p1a: Roaring Moon|Protosynthesis|[silent]\n|switch|p1a: Cresselia|Cresselia, F|100\/100\n|switch|p1b: Manaphy|Manaphy|100\/100\n|move|p2a: Ogerpon|Spiky Shield|p2a: Ogerpon\n|-singleturn|p2a: Ogerpon|move: Protect\n|move|p2b: Arcanine|Will-O-Wisp|p1a: Cresselia\n|-status|p1a: Cresselia|brn\n|\n|-damage|p1a: Cresselia|94\/100 brn|[from] brn\n|upkeep\n|turn|3\n|\n|t:|1698085003\n|switch|p2b: Iron Hands|Iron Hands|100\/100\n|-terastallize|p1b: Manaphy|Electric\n|move|p2a: Ogerpon|Taunt|p1a: Cresselia\n|-start|p1a: Cresselia|move: Taunt\n|move|p1b: Manaphy|Scald|p2b: Iron Hands\n|-damage|p2b: Iron Hands|62\/100\n|cant|p1a: Cresselia|move: Taunt|Skill Swap\n|\n|-damage|p1a: Cresselia|88\/100 brn|[from] brn\n|upkeep\n|turn|4\n|\n|t:|1698085024\n|move|p2a: Ogerpon|Follow Me|p2a: Ogerpon\n|-singleturn|p2a: Ogerpon|move: Follow Me\n|move|p1b: Manaphy|Tera Blast|p2a: Ogerpon|[anim] Tera Blast Electric\n|-damage|p2a: Ogerpon|58\/100\n|move|p1a: Cresselia|Icy Wind|p2b: Iron Hands|[spread] p2a,p2b\n|-crit|p2a: Ogerpon\n|-damage|p2a: Ogerpon|45\/100\n|-damage|p2b: Iron Hands|54\/100\n|-unboost|p2a: Ogerpon|spe|1\n|-unboost|p2b: Iron Hands|spe|1\n|move|p2b: Iron Hands|Drain Punch|p1b: Manaphy\n|-damage|p1b: Manaphy|63\/100\n|-heal|p2b: Iron Hands|71\/100|[from] drain|[of] p1b: Manaphy\n|\n|-heal|p1b: Manaphy|69\/100|[from] item: Leftovers\n|-damage|p1a: Cresselia|82\/100 brn|[from] brn\n|upkeep\n|turn|5\n|\n|t:|1698085052\n|switch|p2a: Landorus|Landorus-Therian, M|100\/100\n|-ability|p2a: Landorus|Intimidate|boost\n|-unboost|p1a: Cresselia|atk|1\n|-unboost|p1b: Manaphy|atk|1\n|move|p1b: Manaphy|Tera Blast|p2a: Landorus|[anim] Tera Blast Electric\n|-immune|p2a: Landorus\n|move|p1a: Cresselia|Icy Wind|p2a: Landorus|[spread] p2a,p2b\n|-supereffective|p2a: Landorus\n|-damage|p2a: Landorus|64\/100\n|-damage|p2b: Iron Hands|63\/100\n|-unboost|p2a: Landorus|spe|1\n|-unboost|p2b: Iron Hands|spe|1\n|move|p2b: Iron Hands|Wild Charge|p1b: Manaphy\n|-resisted|p1b: Manaphy\n|-damage|p1b: Manaphy|46\/100\n|-damage|p2b: Iron Hands|58\/100|[from] Recoil\n|\n|-heal|p1b: Manaphy|52\/100|[from] item: Leftovers\n|-damage|p1a: Cresselia|76\/100 brn|[from] brn\n|-end|p1a: Cresselia|move: Taunt\n|upkeep\n|turn|6\n|inactive|cotesmcgotes has 120 seconds left.\n|\n|t:|1698085087\n|switch|p2a: Ogerpon|Ogerpon-Wellspring, F|45\/100\n|switch|p1b: Sinistcha|Sinistcha-Masterpiece|100\/100\n|-heal|p1a: Cresselia|100\/100 brn|[from] ability: Hospitality|[of] p1b: Sinistcha\n|move|p1a: Cresselia|Icy Wind|p2b: Iron Hands|[spread] p2a,p2b\n|-damage|p2a: Ogerpon|36\/100\n|-damage|p2b: Iron Hands|49\/100\n|-unboost|p2a: Ogerpon|spe|1\n|-unboost|p2b: Iron Hands|spe|1\n|-enditem|p2b: Iron Hands|Sitrus Berry|[eat]\n|-heal|p2b: Iron Hands|74\/100|[from] item: Sitrus Berry\n|move|p2b: Iron Hands|Drain Punch|p1b: Sinistcha\n|-immune|p1b: Sinistcha\n|\n|-damage|p1a: Cresselia|94\/100 brn|[from] brn\n|upkeep\n|turn|7\n|inactive|cotesmcgotes has 120 seconds left.\n|-message|Domenico230 forfeited.\n|\n|win|cotesmcgotes\n|raw|cotesmcgotes's rating: 1447 &rarr; <strong>1469<\/strong><br \/>(+22 for winning)\n|raw|Domenico230's rating: 1479 &rarr; <strong>1457<\/strong><br \/>(-22 for losing)\n|l|\u2606Domenico230\n","uploadtime":1698085119,"views":10,"p1id":"cotesmcgotes","p2id":"domenico230","formatid":"gen9doublesou","rating":1457,"private":0,"password":""}