{"id":"gen9doublesou-1974367904","p1":"Ravvenn98","p2":"T-Robs","format":"[Gen 9] Doubles OU","log":"|j|\u2606Ravvenn98\n|j|\u2606T-Robs\n|t:|1698081414\n|gametype|doubles\n|player|p1|Ravvenn98|steven|1341\n|player|p2|T-Robs|ghetsis|1364\n|teamsize|p1|6\n|teamsize|p2|6\n|gen|9\n|tier|[Gen 9] Doubles OU\n|rated|\n|rule|Species Clause: Limit one of each Pok\u00e9mon\n|rule|OHKO Clause: OHKO moves are banned\n|rule|Evasion Moves Clause: Evasion moves are banned\n|rule|Gravity Sleep Clause: The combination of sleep-inducing moves with imperfect accuracy and Gravity or Gigantamax Orbeetle are banned\n|rule|Endless Battle Clause: Forcing endless battles is banned\n|rule|HP Percentage Mod: HP is shown in percentages\n|clearpoke\n|poke|p1|Gholdengo|\n|poke|p1|Quagsire, M|\n|poke|p1|Dipplin, F|\n|poke|p1|Tornadus, M|\n|poke|p1|Chien-Pao|\n|poke|p1|Volcanion|\n|poke|p2|Kommo-o, M|\n|poke|p2|Oricorio-Sensu, F|\n|poke|p2|Flamigo, F|\n|poke|p2|Quaquaval, F|\n|poke|p2|Volcarona, M|\n|poke|p2|Tsareena, F|\n|teampreview\n|inactive|Battle timer is ON: inactive players will automatically lose when time's up. (requested by T-Robs)\n|inactive|T-Robs has 120 seconds left.\n|\n|t:|1698081448\n|start\n|switch|p1a: Quagsire|Quagsire, M|100\/100\n|switch|p1b: Tornadus|Tornadus, M|100\/100\n|switch|p2a: Kommo-o|Kommo-o, M|100\/100\n|switch|p2b: Oricorio|Oricorio-Sensu, F|100\/100\n|turn|1\n|\n|t:|1698081460\n|move|p1b: Tornadus|Swagger|p1a: Quagsire\n|-boost|p1a: Quagsire|atk|2\n|-start|p1a: Quagsire|confusion\n|-enditem|p1a: Quagsire|Lum Berry|[eat]\n|-end|p1a: Quagsire|confusion\n|move|p2b: Oricorio|Tailwind|p2b: Oricorio\n|-sidestart|p2: T-Robs|move: Tailwind\n|move|p2a: Kommo-o|Clangorous Soul|p2a: Kommo-o\n|-boost|p2a: Kommo-o|atk|1\n|-boost|p2a: Kommo-o|def|1\n|-boost|p2a: Kommo-o|spa|1\n|-boost|p2a: Kommo-o|spd|1\n|-boost|p2a: Kommo-o|spe|1\n|-damage|p2a: Kommo-o|68\/100\n|-activate|p2b: Oricorio|ability: Dancer\n|move|p2b: Oricorio|Clangorous Soul|p2b: Oricorio|[from]ability: Dancer\n|-boost|p2b: Oricorio|atk|1\n|-boost|p2b: Oricorio|def|1\n|-boost|p2b: Oricorio|spa|1\n|-boost|p2b: Oricorio|spd|1\n|-boost|p2b: Oricorio|spe|1\n|-damage|p2b: Oricorio|68\/100\n|move|p1a: Quagsire|Ice Punch|p2a: Kommo-o\n|-supereffective|p2a: Kommo-o\n|-damage|p2a: Kommo-o|0 fnt\n|faint|p2a: Kommo-o\n|\n|upkeep\n|\n|t:|1698081483\n|switch|p2a: Flamigo|Flamigo, F|100\/100\n|-copyboost|p2a: Flamigo|p2b: Oricorio|[from] ability: Costar\n|turn|2\n|\n|t:|1698081502\n|move|p2b: Oricorio|Revelation Dance|p1b: Tornadus\n|-damage|p1b: Tornadus|43\/100\n|-enditem|p1b: Tornadus|Eject Button\n|\n|t:|1698081508\n|switch|p1b: Gholdengo|Gholdengo|100\/100\n|move|p2a: Flamigo|Copycat|p2a: Flamigo\n|move|p2a: Flamigo|Revelation Dance|p1a: Quagsire|[from]move: Copycat\n|-damage|p1a: Quagsire|67\/100\n|-damage|p2a: Flamigo|91\/100|[from] item: Life Orb\n|-activate|p2b: Oricorio|ability: Dancer\n|move|p2b: Oricorio|Revelation Dance|p1a: Quagsire|[from]ability: Dancer\n|-damage|p1a: Quagsire|16\/100\n|move|p1a: Quagsire|Ice Punch|p2b: Oricorio\n|-supereffective|p2b: Oricorio\n|-damage|p2b: Oricorio|0 fnt\n|faint|p2b: Oricorio\n|\n|upkeep\n|\n|t:|1698081527\n|switch|p2b: Volcarona|Volcarona, M|100\/100\n|turn|3\n|\n|t:|1698081542\n|-terastallize|p1b: Gholdengo|Flying\n|move|p2a: Flamigo|Brave Bird|p1a: Quagsire\n|-damage|p1a: Quagsire|0 fnt\n|faint|p1a: Quagsire\n|-damage|p2a: Flamigo|84\/100|[from] Recoil\n|-damage|p2a: Flamigo|74\/100|[from] item: Life Orb\n|move|p2b: Volcarona|Fiery Dance|p1b: Gholdengo\n|-damage|p1b: Gholdengo|42\/100\n|-boost|p2b: Volcarona|spa|1\n|move|p1b: Gholdengo|Tera Blast|p2b: Volcarona|[anim] Tera Blast Flying\n|-supereffective|p2b: Volcarona\n|-damage|p2b: Volcarona|12\/100\n|\n|-heal|p1b: Gholdengo|48\/100|[from] item: Leftovers\n|upkeep\n|\n|t:|1698081554\n|switch|p1a: Chien-Pao|Chien-Pao|100\/100\n|-ability|p1a: Chien-Pao|Sword of Ruin\n|turn|4\n|\n|t:|1698081567\n|move|p1a: Chien-Pao|Sucker Punch|p2b: Volcarona\n|-damage|p2b: Volcarona|0 fnt\n|faint|p2b: Volcarona\n|move|p2a: Flamigo|Close Combat|p1a: Chien-Pao\n|-supereffective|p1a: Chien-Pao\n|-enditem|p1a: Chien-Pao|Focus Sash\n|-damage|p1a: Chien-Pao|1\/100\n|-unboost|p2a: Flamigo|def|1\n|-unboost|p2a: Flamigo|spd|1\n|-damage|p2a: Flamigo|64\/100|[from] item: Life Orb\n|move|p1b: Gholdengo|Tera Blast|p2a: Flamigo|[anim] Tera Blast Flying\n|-supereffective|p2a: Flamigo\n|-damage|p2a: Flamigo|0 fnt\n|faint|p2a: Flamigo\n|\n|-heal|p1b: Gholdengo|54\/100|[from] item: Leftovers\n|-sideend|p2: T-Robs|move: Tailwind\n|upkeep\n|\n|t:|1698081571\n|switch|p2a: Quaquaval|Quaquaval, F|100\/100\n|switch|p2b: Tsareena|Tsareena, F|100\/100\n|turn|5\n|\n|t:|1698081585\n|move|p2a: Quaquaval|Aqua Jet|p1a: Chien-Pao\n|-damage|p1a: Chien-Pao|0 fnt\n|faint|p1a: Chien-Pao\n|-ability|p2a: Quaquaval|Moxie|boost\n|-boost|p2a: Quaquaval|atk|1\n|move|p1b: Gholdengo|Tera Blast|p2a: Quaquaval|[anim] Tera Blast Flying\n|-supereffective|p2a: Quaquaval\n|-damage|p2a: Quaquaval|0 fnt\n|faint|p2a: Quaquaval\n|move|p2b: Tsareena|Knock Off|p1b: Gholdengo\n|-damage|p1b: Gholdengo|18\/100\n|-enditem|p1b: Gholdengo|Leftovers|[from] move: Knock Off|[of] p2b: Tsareena\n|\n|upkeep\n|\n|t:|1698081595\n|switch|p1a: Volcanion|Volcanion|100\/100\n|turn|6\n|\n|t:|1698081611\n|-terastallize|p2b: Tsareena|Poison\n|move|p1b: Gholdengo|Tera Blast|p2b: Tsareena|[anim] Tera Blast Flying\n|-damage|p2b: Tsareena|57\/100\n|move|p2b: Tsareena|Play Rough|p1b: Gholdengo\n|-damage|p1b: Gholdengo|0 fnt\n|faint|p1b: Gholdengo\n|move|p1a: Volcanion|Fire Blast|p2b: Tsareena\n|-damage|p2b: Tsareena|0 fnt\n|faint|p2b: Tsareena\n|\n|win|Ravvenn98\n|raw|Ravvenn98's rating: 1341 &rarr; <strong>1362<\/strong><br \/>(+21 for winning)\n|raw|T-Robs's rating: 1364 &rarr; <strong>1343<\/strong><br \/>(-21 for losing)\n|l|\u2606T-Robs\n","uploadtime":1698081626,"views":18,"p1id":"ravvenn98","p2id":"trobs","formatid":"gen9doublesou","rating":1343,"private":0,"password":""}