{"id":"gen9doublesou-1988747209","p1":"Shadow Ballers","p2":"Jinx04","format":"[Gen 9] Doubles OU","log":"|j|\u2606Shadow Ballers\n|j|\u2606Jinx04\n|t:|1699757961\n|gametype|doubles\n|player|p1|Shadow Ballers|roughneck|1587\n|player|p2|Jinx04|palmer|1576\n|teamsize|p1|6\n|teamsize|p2|6\n|gen|9\n|tier|[Gen 9] Doubles OU\n|rated|\n|rule|Species Clause: Limit one of each Pok\u00e9mon\n|rule|OHKO Clause: OHKO moves are banned\n|rule|Evasion Moves Clause: Evasion moves are banned\n|rule|Gravity Sleep Clause: The combination of sleep-inducing moves with imperfect accuracy and Gravity or Gigantamax Orbeetle are banned\n|rule|Endless Battle Clause: Forcing endless battles is banned\n|rule|HP Percentage Mod: HP is shown in percentages\n|clearpoke\n|poke|p1|Bruxish, M|\n|poke|p1|Talonflame, M|\n|poke|p1|Weavile, M|\n|poke|p1|Weezing-Galar, M|\n|poke|p1|Sinistcha|\n|poke|p1|Kommo-o, F|\n|poke|p2|Ogerpon-Hearthflame, F|\n|poke|p2|Rillaboom, F|\n|poke|p2|Sneasler, M|\n|poke|p2|Palafin, F|\n|poke|p2|Landorus-Therian, M|\n|poke|p2|Clefable, F|\n|teampreview\n|inactive|Battle timer is ON: inactive players will automatically lose when time's up. (requested by Jinx04)\n|c|\u2606Jinx04|weezing x dazzle\n|c|\u2606Jinx04|cool team\n|inactive|Jinx04 has 120 seconds left.\n|c|\u2606Jinx04|x gale wings?\n|\n|t:|1699758003\n|start\n|switch|p1a: Weavile|Weavile, M, shiny|100\/100\n|switch|p1b: Weezing|Weezing-Galar, M, shiny|100\/100\n|switch|p2a: Melatonin|Sneasler, M|100\/100\n|switch|p2b: HGH|Rillaboom, F|100\/100\n|-ability|p1b: Weezing|Neutralizing Gas\n|turn|1\n|\n|t:|1699758031\n|-terastallize|p1a: Weavile|Ghost\n|move|p2a: Melatonin|Fake Out|p1b: Weezing\n|-damage|p1b: Weezing|86\/100\n|move|p1a: Weavile|Ice Spinner|p2a: Melatonin\n|-damage|p2a: Melatonin|37\/100\n|move|p2b: HGH|U-turn|p1a: Weavile\n|-resisted|p1a: Weavile\n|-damage|p1a: Weavile|81\/100\n|inactive|Jinx04 has 120 seconds left.\n|\n|t:|1699758045\n|switch|p2b: Testosterone|Landorus-Therian, M|100\/100|[from] U-turn\n|move|p1b: Weezing|Sludge Bomb|p2b: Testosterone\n|-resisted|p2b: Testosterone\n|-damage|p2b: Testosterone|74\/100\n|\n|upkeep\n|turn|2\n|inactive|Jinx04 has 120 seconds left.\n|\n|t:|1699758074\n|move|p2a: Melatonin|Protect|p2a: Melatonin\n|-singleturn|p2a: Melatonin|Protect\n|move|p2b: Testosterone|U-turn|p1a: Weavile\n|-resisted|p1a: Weavile\n|-damage|p1a: Weavile|57\/100\n|\n|t:|1699758079\n|switch|p2b: Dopamine|Palafin, F, shiny|100\/100|[from] U-turn\n|move|p1a: Weavile|Ice Spinner|p2b: Dopamine\n|-resisted|p2b: Dopamine\n|-damage|p2b: Dopamine|82\/100\n|move|p1b: Weezing|Strange Steam|p2a: Melatonin\n|-activate|p2a: Melatonin|move: Protect\n|\n|-heal|p2b: Dopamine|88\/100|[from] item: Leftovers\n|upkeep\n|turn|3\n|c|\u2606Shadow Ballers|Ty\n|c|\u2606Shadow Ballers|Still working on figuring it out\n|inactive|Jinx04 has 120 seconds left.\n|c|\u2606Jinx04|toadscrool?\n|c|\u2606Jinx04|fast spore\n|inactive|Jinx04 has 90 seconds left.\n|\n|t:|1699758147\n|switch|p1a: Bruxish|Bruxish, M, shiny|100\/100\n|switch|p2a: Adrenaline|Ogerpon-Hearthflame, F|100\/100\n|detailschange|p2b: Dopamine|Palafin-Hero, F, shiny\n|switch|p2b: HGH|Rillaboom, F|100\/100\n|move|p1b: Weezing|Strange Steam|p2a: Adrenaline\n|-resisted|p2a: Adrenaline\n|-damage|p2a: Adrenaline|77\/100\n|\n|upkeep\n|turn|4\n|inactive|Jinx04 has 90 seconds left.\n|\n|t:|1699758171\n|-terastallize|p2a: Adrenaline|Fire\n|detailschange|p2a: Adrenaline|Ogerpon-Hearthflame-Tera, F, tera:Fire\n|move|p1a: Bruxish|Protect|p1a: Bruxish\n|-singleturn|p1a: Bruxish|Protect\n|move|p2a: Adrenaline|Ivy Cudgel|p1b: Weezing\n|-crit|p1b: Weezing\n|-damage|p1b: Weezing|0 fnt\n|faint|p1b: Weezing\n|-end|p1b: Weezing|ability: Neutralizing Gas\n|-ability|p2a: Adrenaline|Embody Aspect (Hearthflame)|boost\n|-boost|p2a: Adrenaline|atk|1\n|-fieldstart|move: Grassy Terrain|[from] ability: Grassy Surge|[of] p2b: HGH\n|move|p2b: HGH|Wood Hammer|p1a: Bruxish\n|-activate|p1a: Bruxish|move: Protect\n|\n|-heal|p2a: Adrenaline|83\/100|[from] Grassy Terrain\n|upkeep\n|\n|t:|1699758190\n|switch|p1b: Talonflame|Talonflame, M, shiny|100\/100\n|turn|5\n|inactive|Shadow Ballers has 120 seconds left.\n|\n|t:|1699758223\n|switch|p1a: Kommo-o|Kommo-o, F, shiny|100\/100\n|switch|p2b: Testosterone|Landorus-Therian, M|74\/100\n|-ability|p2b: Testosterone|Intimidate|boost\n|-unboost|p1a: Kommo-o|atk|1\n|-unboost|p1b: Talonflame|atk|1\n|move|p1b: Talonflame|Tailwind|p1b: Talonflame\n|-sidestart|p1: Shadow Ballers|move: Tailwind\n|move|p2a: Adrenaline|Wood Hammer|p1a: Kommo-o\n|-resisted|p1a: Kommo-o\n|-damage|p1a: Kommo-o|33\/100\n|-damage|p2a: Adrenaline|61\/100|[from] Recoil\n|\n|-heal|p1a: Kommo-o|40\/100|[from] Grassy Terrain\n|-heal|p2a: Adrenaline|67\/100|[from] Grassy Terrain\n|upkeep\n|turn|6\n|inactive|Jinx04 has 120 seconds left.\n|\n|t:|1699758244\n|move|p1b: Talonflame|Brave Bird|p2a: Adrenaline\n|-crit|p2a: Adrenaline\n|-damage|p2a: Adrenaline|0 fnt\n|faint|p2a: Adrenaline\n|-damage|p1b: Talonflame|78\/100|[from] Recoil\n|move|p1a: Kommo-o|Clangorous Soul|p1a: Kommo-o\n|-boost|p1a: Kommo-o|atk|1\n|-boost|p1a: Kommo-o|def|1\n|-boost|p1a: Kommo-o|spa|1\n|-boost|p1a: Kommo-o|spd|1\n|-boost|p1a: Kommo-o|spe|1\n|-damage|p1a: Kommo-o|7\/100\n|-enditem|p1a: Kommo-o|Throat Spray\n|-boost|p1a: Kommo-o|spa|1|[from] item: Throat Spray\n|move|p2b: Testosterone|Rock Slide|p1a: Kommo-o|[spread] p1a,p1b\n|-resisted|p1a: Kommo-o\n|-supereffective|p1b: Talonflame\n|-damage|p1a: Kommo-o|0 fnt\n|-damage|p1b: Talonflame|0 fnt\n|faint|p1a: Kommo-o\n|faint|p1b: Talonflame\n|\n|upkeep\n|\n|t:|1699758264\n|switch|p1b: Bruxish|Bruxish, M, shiny|100\/100\n|switch|p2a: Estrogen|Clefable, F|100\/100\n|switch|p1a: Weavile|Weavile, M, shiny, tera:Ghost|57\/100\n|turn|7\n|\n|t:|1699758291\n|switch|p2b: HGH|Rillaboom, F|100\/100\n|move|p1a: Weavile|Fake Out|p2a: Estrogen\n|-damage|p2a: Estrogen|86\/100\n|move|p1b: Bruxish|Wave Crash|p2b: HGH\n|-resisted|p2b: HGH\n|-damage|p2b: HGH|65\/100\n|-damage|p1b: Bruxish|84\/100|[from] Recoil\n|-damage|p1b: Bruxish|74\/100|[from] item: Life Orb\n|cant|p2a: Estrogen|flinch\n|\n|-heal|p1a: Weavile|63\/100|[from] Grassy Terrain\n|-heal|p1b: Bruxish|80\/100|[from] Grassy Terrain\n|-heal|p2b: HGH|71\/100|[from] Grassy Terrain\n|-heal|p2a: Estrogen|92\/100|[from] Grassy Terrain\n|-heal|p2a: Estrogen|98\/100|[from] item: Leftovers\n|upkeep\n|turn|8\n|c|\u2606Shadow Ballers|Think I need a tank\n|c|\u2606Jinx04|if i didnt\n|c|\u2606Jinx04|crit weezing it would be closer\n|c|\u2606Shadow Ballers|Way too many frail mons\n|c|\u2606Shadow Ballers|Typ\n|inactive|Shadow Ballers has 120 seconds left.\n|inactive|Jinx04 has 120 seconds left.\n|\n|t:|1699758332\n|move|p2a: Estrogen|Follow Me|p2a: Estrogen\n|-singleturn|p2a: Estrogen|move: Follow Me\n|move|p1a: Weavile|Ice Spinner|p2a: Estrogen\n|-damage|p2a: Estrogen|53\/100\n|-fieldend|move: Grassy Terrain\n|move|p1b: Bruxish|Wave Crash|p2a: Estrogen\n|-damage|p2a: Estrogen|0 fnt\n|faint|p2a: Estrogen\n|-damage|p1b: Bruxish|57\/100|[from] Recoil\n|-damage|p1b: Bruxish|47\/100|[from] item: Life Orb\n|move|p2b: HGH|Wood Hammer|p1b: Bruxish\n|-supereffective|p1b: Bruxish\n|-damage|p1b: Bruxish|0 fnt\n|faint|p1b: Bruxish\n|-damage|p2b: HGH|60\/100|[from] Recoil\n|\n|-sideend|p1: Shadow Ballers|move: Tailwind\n|upkeep\n|c|\u2606Jinx04|why bruzish\n|inactive|Shadow Ballers has 120 seconds left.\n|inactive|Jinx04 has 120 seconds left.\n|\n|t:|1699758354\n|switch|p1b: Sinistcha|Sinistcha, shiny|100\/100\n|switch|p2a: Testosterone|Landorus-Therian, M|74\/100\n|-ability|p2a: Testosterone|Intimidate|boost\n|-unboost|p1a: Weavile|atk|1\n|-unboost|p1b: Sinistcha|atk|1\n|-heal|p1a: Weavile|88\/100|[from] ability: Hospitality|[of] p1b: Sinistcha\n|turn|9\n|c|\u2606Jinx04|expecialy on a ability disable team\n|\n|t:|1699758368\n|move|p1b: Sinistcha|Rage Powder|p1b: Sinistcha\n|-singleturn|p1b: Sinistcha|move: Rage Powder\n|move|p2a: Testosterone|Rock Slide|p1a: Weavile|[spread] p1a,p1b\n|-damage|p1a: Weavile|46\/100\n|-damage|p1b: Sinistcha|85\/100\n|move|p1a: Weavile|Ice Spinner|p2a: Testosterone\n|-supereffective|p2a: Testosterone\n|-damage|p2a: Testosterone|0 fnt\n|faint|p2a: Testosterone\n|move|p2b: HGH|U-turn|p1a: Weavile\n|-resisted|p1a: Weavile\n|-damage|p1a: Weavile|24\/100\n|\n|t:|1699758377\n|switch|p2b: Melatonin|Sneasler, M|37\/100|[from] U-turn\n|\n|-heal|p1b: Sinistcha|91\/100|[from] item: Leftovers\n|upkeep\n|\n|t:|1699758380\n|switch|p2a: HGH|Rillaboom, F|60\/100\n|-fieldstart|move: Grassy Terrain|[from] ability: Grassy Surge|[of] p2a: HGH\n|-enditem|p2b: Melatonin|Grassy Seed\n|-boost|p2b: Melatonin|def|1|[from] item: Grassy Seed\n|turn|10\n|\n|t:|1699758392\n|move|p2b: Melatonin|Acrobatics|p1b: Sinistcha\n|-supereffective|p1b: Sinistcha\n|-damage|p1b: Sinistcha|33\/100\n|move|p1a: Weavile|Ice Spinner|p2a: HGH\n|-supereffective|p2a: HGH\n|-damage|p2a: HGH|9\/100\n|-fieldend|move: Grassy Terrain\n|move|p2a: HGH|Wood Hammer|p1a: Weavile\n|-damage|p1a: Weavile|0 fnt\n|faint|p1a: Weavile\n|-damage|p2a: HGH|4\/100|[from] Recoil\n|move|p1b: Sinistcha|Shadow Ball|p2b: Melatonin\n|-damage|p2b: Melatonin|0 fnt\n|faint|p2b: Melatonin\n|\n|-heal|p1b: Sinistcha|39\/100|[from] item: Leftovers\n|upkeep\n|\n|t:|1699758396\n|switch|p2b: Dopamine|Palafin-Hero, F, shiny|88\/100\n|-activate|p2b: Dopamine|ability: Zero to Hero\n|turn|11\n|c|\u2606Jinx04|gg\n|l|\u2606Shadow Ballers\n|inactive|Shadow Ballers disconnected and has a minute to reconnect!\n|player|p1|\n|j|\u2606Shadow Ballers\n|inactive|Shadow Ballers reconnected and has 130 seconds left.\n|player|p1|Shadow Ballers|roughneck\n|inactive|Shadow Ballers has 120 seconds left.\n|c|\u2606Shadow Ballers|Yeah it would have been real close with weezing still up\n|\n|t:|1699758438\n|move|p2b: Dopamine|Jet Punch|p1b: Sinistcha\n|-resisted|p1b: Sinistcha\n|-damage|p1b: Sinistcha|25\/100\n|move|p2a: HGH|Wood Hammer|p1b: Sinistcha\n|-resisted|p1b: Sinistcha\n|-damage|p1b: Sinistcha|4\/100\n|-damage|p2a: HGH|0 fnt|[from] Recoil\n|faint|p2a: HGH\n|move|p1b: Sinistcha|Matcha Gotcha|p2b: Dopamine\n|-supereffective|p2b: Dopamine\n|-damage|p2b: Dopamine|20\/100\n|-heal|p1b: Sinistcha|40\/100|[from] drain|[of] p2b: Dopamine\n|\n|-heal|p2b: Dopamine|26\/100|[from] item: Leftovers\n|-heal|p1b: Sinistcha|46\/100|[from] item: Leftovers\n|upkeep\n|turn|12\n|c|\u2606Jinx04|agreed\n|c|\u2606Shadow Ballers|Ohh\n|c|\u2606Jinx04|bruh\n|inactive|Shadow Ballers has 120 seconds left.\n|c|\u2606Shadow Ballers|Hahaha\n|\n|t:|1699758458\n|move|p2b: Dopamine|Protect|p2b: Dopamine\n|-singleturn|p2b: Dopamine|Protect\n|move|p1b: Sinistcha|Matcha Gotcha|p2b: Dopamine\n|-activate|p2b: Dopamine|move: Protect\n|\n|-heal|p2b: Dopamine|32\/100|[from] item: Leftovers\n|-heal|p1b: Sinistcha|53\/100|[from] item: Leftovers\n|upkeep\n|turn|13\n|c|\u2606Jinx04|gg\n|c|\u2606Shadow Ballers|Well\n|c|\u2606Shadow Ballers|Gg\n|c|\u2606Shadow Ballers|This team isn't even close to it's full potential yet\n|\n|t:|1699758480\n|move|p2b: Dopamine|Jet Punch|p1b: Sinistcha\n|-resisted|p1b: Sinistcha\n|-damage|p1b: Sinistcha|40\/100\n|move|p1b: Sinistcha|Matcha Gotcha|p2b: Dopamine\n|-supereffective|p2b: Dopamine\n|-damage|p2b: Dopamine|0 fnt\n|-heal|p1b: Sinistcha|57\/100|[from] drain|[of] p2b: Dopamine\n|faint|p2b: Dopamine\n|\n|win|Shadow Ballers\n|raw|Shadow Ballers's rating: 1587 &rarr; <strong>1606<\/strong><br \/>(+19 for winning)\n|raw|Jinx04's rating: 1576 &rarr; <strong>1557<\/strong><br \/>(-19 for losing)\n|c|\u2606Shadow Ballers|That was fun\n|l|\u2606Jinx04\n","uploadtime":1699758507,"views":7,"p1id":"shadowballers","p2id":"jinx04","formatid":"gen9doublesou","rating":1557,"private":0,"password":""}