{"id":"gen9doublesou-1996653241","p1":"AWanderingFae","p2":"Jtsmith86","format":"[Gen 9] Doubles OU","log":"|j|\u2606AWanderingFae\n|j|\u2606Jtsmith86\n|t:|1700705545\n|gametype|doubles\n|player|p1|AWanderingFae|2|1047\n|player|p2|Jtsmith86|ethan|1089\n|teamsize|p1|6\n|teamsize|p2|6\n|gen|9\n|tier|[Gen 9] Doubles OU\n|rated|\n|rule|Species Clause: Limit one of each Pok\u00e9mon\n|rule|OHKO Clause: OHKO moves are banned\n|rule|Evasion Moves Clause: Evasion moves are banned\n|rule|Gravity Sleep Clause: The combination of sleep-inducing moves with imperfect accuracy and Gravity or Gigantamax Orbeetle are banned\n|rule|Endless Battle Clause: Forcing endless battles is banned\n|rule|HP Percentage Mod: HP is shown in percentages\n|clearpoke\n|poke|p1|Pelipper, F|\n|poke|p1|Landorus-Therian, M|\n|poke|p1|Goodra-Hisui, M|\n|poke|p1|Gholdengo|\n|poke|p1|Clefairy, F|\n|poke|p1|Thundurus-Therian, M|\n|poke|p2|Wo-Chien|\n|poke|p2|Skeledirge, M|\n|poke|p2|Clefairy, M|\n|poke|p2|Glimmora, F|\n|poke|p2|Blissey, F|\n|poke|p2|Sinistcha|\n|teampreview\n|inactive|Battle timer is ON: inactive players will automatically lose when time's up. (requested by Jtsmith86)\n|\n|t:|1700705590\n|start\n|switch|p1a: Pelipper|Pelipper, F|100\/100\n|switch|p1b: Goodra|Goodra-Hisui, M|100\/100\n|switch|p2a: Glimmora|Glimmora, F, shiny|100\/100\n|switch|p2b: Skeledirge|Skeledirge, M, shiny|100\/100\n|-weather|RainDance|[from] ability: Drizzle|[of] p1a: Pelipper\n|turn|1\n|\n|t:|1700705609\n|move|p2b: Skeledirge|Protect|p2b: Skeledirge\n|-singleturn|p2b: Skeledirge|Protect\n|move|p1a: Pelipper|Tailwind|p1a: Pelipper\n|-sidestart|p1: AWanderingFae|move: Tailwind\n|move|p1b: Goodra|Muddy Water|p2a: Glimmora|[spread] p2a\n|-activate|p2b: Skeledirge|move: Protect\n|-supereffective|p2a: Glimmora\n|-damage|p2a: Glimmora|45\/100\n|-unboost|p2a: Glimmora|accuracy|1\n|move|p2a: Glimmora|Mortal Spin|p1a: Pelipper|[spread] p1a\n|-immune|p1b: Goodra\n|-damage|p1a: Pelipper|96\/100\n|-status|p1a: Pelipper|psn\n|\n|-weather|RainDance|[upkeep]\n|-heal|p2a: Glimmora|51\/100|[from] item: Black Sludge\n|-damage|p1a: Pelipper|84\/100 psn|[from] psn\n|upkeep\n|turn|2\n|inactive|AWanderingFae has 120 seconds left.\n|inactive|Jtsmith86 has 120 seconds left.\n|\n|t:|1700705649\n|switch|p1a: Gholdengo|Gholdengo|100\/100\n|-terastallize|p2b: Skeledirge|Water\n|move|p2a: Glimmora|Spiky Shield|p2a: Glimmora\n|-singleturn|p2a: Glimmora|move: Protect\n|move|p1b: Goodra|Muddy Water|p2a: Glimmora|[spread] \n|-activate|p2a: Glimmora|move: Protect\n|-miss|p1b: Goodra|p2b: Skeledirge\n|move|p2b: Skeledirge|Torch Song|p1b: Goodra\n|-damage|p1b: Goodra|89\/100\n|-boost|p2b: Skeledirge|spa|1\n|\n|-weather|RainDance|[upkeep]\n|-heal|p1b: Goodra|95\/100|[from] item: Leftovers\n|-heal|p2a: Glimmora|57\/100|[from] item: Black Sludge\n|upkeep\n|turn|3\n|inactive|AWanderingFae has 120 seconds left.\n|inactive|Jtsmith86 has 120 seconds left.\n|\n|t:|1700705681\n|switch|p2a: Clefairy|Clefairy, M, shiny|100\/100\n|move|p1a: Gholdengo|Nasty Plot|p1a: Gholdengo\n|-boost|p1a: Gholdengo|spa|2\n|move|p1b: Goodra|Muddy Water|p2a: Clefairy|[spread] p2a,p2b\n|-resisted|p2b: Skeledirge\n|-crit|p2b: Skeledirge\n|-damage|p2a: Clefairy|80\/100\n|-damage|p2b: Skeledirge|86\/100\n|-unboost|p2a: Clefairy|accuracy|1\n|move|p2b: Skeledirge|Torch Song|p1a: Gholdengo\n|-supereffective|p1a: Gholdengo\n|-damage|p1a: Gholdengo|48\/100\n|-boost|p2b: Skeledirge|spa|1\n|\n|-weather|RainDance|[upkeep]\n|-heal|p1a: Gholdengo|54\/100|[from] item: Leftovers\n|-heal|p1b: Goodra|100\/100|[from] item: Leftovers\n|-heal|p2b: Skeledirge|92\/100|[from] item: Leftovers\n|upkeep\n|turn|4\n|inactive|AWanderingFae has 120 seconds left.\n|inactive|Jtsmith86 has 120 seconds left.\n|\n|t:|1700705729\n|switch|p1b: Thundurus|Thundurus-Therian, M|100\/100\n|move|p2b: Skeledirge|Protect|p2b: Skeledirge\n|-singleturn|p2b: Skeledirge|Protect\n|move|p1a: Gholdengo|Make It Rain|p2a: Clefairy|[spread] p2a\n|-activate|p2b: Skeledirge|move: Protect\n|-supereffective|p2a: Clefairy\n|-damage|p2a: Clefairy|0 fnt\n|-unboost|p1a: Gholdengo|spa|1\n|faint|p2a: Clefairy\n|\n|-weather|RainDance|[upkeep]\n|-heal|p1a: Gholdengo|60\/100|[from] item: Leftovers\n|-heal|p2b: Skeledirge|98\/100|[from] item: Leftovers\n|-sideend|p1: AWanderingFae|move: Tailwind\n|upkeep\n|inactive|Jtsmith86 has 90 seconds left.\n|\n|t:|1700705760\n|switch|p2a: Glimmora|Glimmora, F, shiny|57\/100\n|turn|5\n|inactive|Jtsmith86 has 90 seconds left.\n|j| Pollobanead\n|inactive|AWanderingFae has 120 seconds left.\n|\n|t:|1700705792\n|move|p1a: Gholdengo|Protect|p1a: Gholdengo\n|-singleturn|p1a: Gholdengo|Protect\n|move|p1b: Thundurus|Grass Knot|p2b: Skeledirge\n|-supereffective|p2b: Skeledirge\n|-damage|p2b: Skeledirge|30\/100\n|move|p2a: Glimmora|Mortal Spin|p1a: Gholdengo|[spread] p1b\n|-activate|p1a: Gholdengo|move: Protect\n|-damage|p1b: Thundurus|94\/100\n|-status|p1b: Thundurus|psn\n|move|p2b: Skeledirge|Slack Off|p2b: Skeledirge\n|-heal|p2b: Skeledirge|80\/100\n|\n|-weather|none\n|-heal|p1b: Thundurus|99\/100 psn|[from] item: Leftovers\n|-heal|p1a: Gholdengo|66\/100|[from] item: Leftovers\n|-heal|p2a: Glimmora|63\/100|[from] item: Black Sludge\n|-heal|p2b: Skeledirge|86\/100|[from] item: Leftovers\n|-damage|p1b: Thundurus|88\/100 psn|[from] psn\n|upkeep\n|turn|6\n|inactive|AWanderingFae has 120 seconds left.\n|inactive|Jtsmith86 has 90 seconds left.\n|inactive|Jtsmith86 has 60 seconds left.\n|\n|t:|1700705855\n|move|p2b: Skeledirge|Protect|p2b: Skeledirge\n|-singleturn|p2b: Skeledirge|Protect\n|move|p1b: Thundurus|Grass Knot|p2b: Skeledirge\n|-activate|p2b: Skeledirge|move: Protect\n|move|p1a: Gholdengo|Make It Rain|p2b: Skeledirge|[spread] p2a\n|-activate|p2b: Skeledirge|move: Protect\n|-supereffective|p2a: Glimmora\n|-damage|p2a: Glimmora|0 fnt\n|-unboost|p1a: Gholdengo|spa|1\n|faint|p2a: Glimmora\n|\n|-heal|p1b: Thundurus|94\/100 psn|[from] item: Leftovers\n|-heal|p1a: Gholdengo|72\/100|[from] item: Leftovers\n|-heal|p2b: Skeledirge|92\/100|[from] item: Leftovers\n|-damage|p1b: Thundurus|81\/100 psn|[from] psn\n|upkeep\n|\n|t:|1700705876\n|switch|p2a: Blissey|Blissey, F|100\/100\n|turn|7\n|inactive|Jtsmith86 has 60 seconds left.\n|inactive|AWanderingFae has 120 seconds left.\n|\n|t:|1700705900\n|move|p1a: Gholdengo|Protect|p1a: Gholdengo\n|-singleturn|p1a: Gholdengo|Protect\n|move|p1b: Thundurus|Wildbolt Storm|p2a: Blissey|[spread] p2a\n|-miss|p1b: Thundurus|p2b: Skeledirge\n|-damage|p2a: Blissey|85\/100\n|move|p2b: Skeledirge|Torch Song|p1a: Gholdengo\n|-activate|p1a: Gholdengo|move: Protect\n|move|p2a: Blissey|Life Dew|p2a: Blissey|[spread] p2a,p2b\n|-heal|p2a: Blissey|100\/100\n|-heal|p2b: Skeledirge|100\/100\n|\n|-heal|p1b: Thundurus|88\/100 psn|[from] item: Leftovers\n|-heal|p1a: Gholdengo|79\/100|[from] item: Leftovers\n|-damage|p1b: Thundurus|75\/100 psn|[from] psn\n|upkeep\n|turn|8\n|inactive|AWanderingFae has 120 seconds left.\n|inactive|Jtsmith86 has 60 seconds left.\n|\n|t:|1700705944\n|switch|p1b: Pelipper|Pelipper, F|84\/100 psn\n|-weather|RainDance|[from] ability: Drizzle|[of] p1b: Pelipper\n|-terastallize|p1a: Gholdengo|Dragon\n|move|p2b: Skeledirge|Protect|p2b: Skeledirge\n|-singleturn|p2b: Skeledirge|Protect\n|move|p1a: Gholdengo|Nasty Plot|p1a: Gholdengo\n|-boost|p1a: Gholdengo|spa|2\n|move|p2a: Blissey|Defense Curl|p2a: Blissey\n|-boost|p2a: Blissey|def|1\n|\n|-weather|RainDance|[upkeep]\n|-heal|p1a: Gholdengo|85\/100|[from] item: Leftovers\n|-damage|p1b: Pelipper|71\/100 psn|[from] psn\n|upkeep\n|turn|9\n|inactive|Jtsmith86 has 60 seconds left.\n|l| Pollobanead\n|inactive|AWanderingFae has 90 seconds left.\n|\n|t:|1700705986\n|move|p1a: Gholdengo|Make It Rain|p2a: Blissey|[spread] p2a,p2b\n|-resisted|p2b: Skeledirge\n|-damage|p2a: Blissey|68\/100\n|-damage|p2b: Skeledirge|80\/100\n|-unboost|p1a: Gholdengo|spa|1\n|move|p1b: Pelipper|Tailwind|p1b: Pelipper\n|-sidestart|p1: AWanderingFae|move: Tailwind\n|move|p2b: Skeledirge|Slack Off|p2b: Skeledirge\n|-heal|p2b: Skeledirge|100\/100\n|move|p2a: Blissey|Calm Mind|p2a: Blissey\n|-boost|p2a: Blissey|spa|1\n|-boost|p2a: Blissey|spd|1\n|\n|-weather|RainDance|[upkeep]\n|-heal|p1a: Gholdengo|91\/100|[from] item: Leftovers\n|-damage|p1b: Pelipper|59\/100 psn|[from] psn\n|upkeep\n|turn|10\n|inactive|AWanderingFae has 90 seconds left.\n|inactive|AWanderingFae has 60 seconds left.\n|\n|t:|1700706039\n|switch|p1b: Thundurus|Thundurus-Therian, M|75\/100 psn\n|move|p1a: Gholdengo|Nasty Plot|p1a: Gholdengo\n|-boost|p1a: Gholdengo|spa|2\n|move|p2b: Skeledirge|Tera Blast|p1a: Gholdengo|[anim] Tera Blast Water\n|-resisted|p1a: Gholdengo\n|-damage|p1a: Gholdengo|37\/100\n|move|p2a: Blissey|Calm Mind|p2a: Blissey\n|-boost|p2a: Blissey|spa|1\n|-boost|p2a: Blissey|spd|1\n|\n|-weather|RainDance|[upkeep]\n|-heal|p1b: Thundurus|81\/100 psn|[from] item: Leftovers\n|-heal|p1a: Gholdengo|43\/100|[from] item: Leftovers\n|-damage|p1b: Thundurus|69\/100 psn|[from] psn\n|upkeep\n|turn|11\n|inactive|Jtsmith86 has 60 seconds left.\n|\n|t:|1700706066\n|move|p1b: Thundurus|Wildbolt Storm|p2a: Blissey|[spread] p2a,p2b\n|-supereffective|p2b: Skeledirge\n|-crit|p2b: Skeledirge\n|-damage|p2a: Blissey|61\/100\n|-damage|p2b: Skeledirge|0 fnt\n|faint|p2b: Skeledirge\n|move|p1a: Gholdengo|Make It Rain|p2a: Blissey\n|-damage|p2a: Blissey|33\/100\n|-unboost|p1a: Gholdengo|spa|1\n|move|p2a: Blissey|Life Dew|p2a: Blissey\n|-heal|p2a: Blissey|58\/100\n|\n|-weather|RainDance|[upkeep]\n|-heal|p1b: Thundurus|75\/100 psn|[from] item: Leftovers\n|-heal|p1a: Gholdengo|49\/100|[from] item: Leftovers\n|-damage|p1b: Thundurus|63\/100 psn|[from] psn\n|upkeep\n|inactive|Jtsmith86 has 30 seconds left.\n|\n|t:|1700706087\n|switch|p2b: Wo-Chien|Wo-Chien|100\/100\n|-ability|p2b: Wo-Chien|Tablets of Ruin\n|turn|12\n|inactive|AWanderingFae has 90 seconds left.\n|\n|t:|1700706114\n|switch|p1a: Landorus|Landorus-Therian, M|100\/100\n|-ability|p1a: Landorus|Intimidate|boost\n|-unboost|p2a: Blissey|atk|1\n|-unboost|p2b: Wo-Chien|atk|1\n|move|p1b: Thundurus|Taunt|p2a: Blissey\n|-start|p2a: Blissey|move: Taunt\n|move|p2b: Wo-Chien|Leech Seed|p1a: Landorus\n|-start|p1a: Landorus|move: Leech Seed\n|cant|p2a: Blissey|move: Taunt|Life Dew\n|\n|-weather|none\n|-heal|p1b: Thundurus|69\/100 psn|[from] item: Leftovers\n|-damage|p1a: Landorus|88\/100|[from] Leech Seed|[of] p2b: Wo-Chien\n|-damage|p1b: Thundurus|57\/100 psn|[from] psn\n|-sideend|p1: AWanderingFae|move: Tailwind\n|upkeep\n|turn|13\n|inactive|AWanderingFae has 90 seconds left.\n|\n|t:|1700706135\n|switch|p1b: Pelipper|Pelipper, F|59\/100 psn\n|-weather|RainDance|[from] ability: Drizzle|[of] p1b: Pelipper\n|move|p1a: Landorus|U-turn|p2b: Wo-Chien\n|-supereffective|p2b: Wo-Chien\n|-damage|p2b: Wo-Chien|45\/100\n|\n|t:|1700706154\n|switch|p1a: Goodra|Goodra-Hisui, M|100\/100|[from] U-turn\n|move|p2b: Wo-Chien|Knock Off|p1a: Goodra\n|-damage|p1a: Goodra|80\/100\n|-enditem|p1a: Goodra|Leftovers|[from] move: Knock Off|[of] p2b: Wo-Chien\n|move|p2a: Blissey|Stored Power|p1b: Pelipper\n|-damage|p1b: Pelipper|0 fnt\n|faint|p1b: Pelipper\n|\n|-weather|RainDance|[upkeep]\n|upkeep\n|\n|t:|1700706167\n|switch|p1b: Landorus|Landorus-Therian, M|88\/100\n|-ability|p1b: Landorus|Intimidate|boost\n|-unboost|p2a: Blissey|atk|1\n|-unboost|p2b: Wo-Chien|atk|1\n|turn|14\n|inactive|Jtsmith86 has 60 seconds left.\n|inactive|AWanderingFae has 60 seconds left.\n|\n|t:|1700706198\n|switch|p2b: Sinistcha|Sinistcha, shiny|100\/100\n|-heal|p2a: Blissey|83\/100|[from] ability: Hospitality|[of] p2b: Sinistcha\n|move|p1b: Landorus|U-turn|p2b: Sinistcha\n|-damage|p2b: Sinistcha|79\/100\n|-enditem|p2b: Sinistcha|Eject Button\n|inactive|Jtsmith86 has 60 seconds left.\n|\n|t:|1700706204\n|switch|p2b: Wo-Chien|Wo-Chien|45\/100\n|-ability|p2b: Wo-Chien|Tablets of Ruin\n|move|p1a: Goodra|Sludge Bomb|p2b: Wo-Chien\n|-supereffective|p2b: Wo-Chien\n|-damage|p2b: Wo-Chien|11\/100\n|move|p2a: Blissey|Stored Power|p1b: Landorus\n|-damage|p1b: Landorus|56\/100\n|\n|-weather|RainDance|[upkeep]\n|-end|p2a: Blissey|move: Taunt\n|upkeep\n|turn|15\n|inactive|AWanderingFae has 60 seconds left.\n|\n|t:|1700706241\n|switch|p2b: Sinistcha|Sinistcha, shiny|79\/100\n|-heal|p2a: Blissey|100\/100|[from] ability: Hospitality|[of] p2b: Sinistcha\n|move|p1b: Landorus|Rock Slide|p2a: Blissey|[spread] p2a,p2b\n|-damage|p2a: Blissey|91\/100\n|-damage|p2b: Sinistcha|64\/100\n|move|p1a: Goodra|Sludge Bomb|p2b: Sinistcha\n|-crit|p2b: Sinistcha\n|-damage|p2b: Sinistcha|29\/100\n|move|p2a: Blissey|Defense Curl|p2a: Blissey\n|-boost|p2a: Blissey|def|1\n|\n|-weather|RainDance|[upkeep]\n|upkeep\n|turn|16\n|inactive|AWanderingFae has 60 seconds left.\n|\n|t:|1700706271\n|move|p1b: Landorus|Rock Slide|p2b: Sinistcha|[spread] p2a,p2b\n|-damage|p2a: Blissey|83\/100\n|-damage|p2b: Sinistcha|11\/100\n|move|p2b: Sinistcha|Strength Sap|p1b: Landorus\n|-unboost|p1b: Landorus|atk|1\n|-heal|p2b: Sinistcha|100\/100\n|move|p1a: Goodra|Sludge Bomb|p2b: Sinistcha\n|-damage|p2b: Sinistcha|78\/100\n|-status|p2b: Sinistcha|psn\n|move|p2a: Blissey|Life Dew|p2a: Blissey|[spread] p2a,p2b\n|-heal|p2a: Blissey|100\/100\n|-heal|p2b: Sinistcha|100\/100 psn\n|\n|-weather|RainDance|[upkeep]\n|-damage|p2b: Sinistcha|88\/100 psn|[from] psn\n|upkeep\n|turn|17\n|inactive|AWanderingFae has 60 seconds left.\n|inactive|Jtsmith86 has 60 seconds left.\n|\n|t:|1700706302\n|move|p1b: Landorus|U-turn|p2b: Sinistcha\n|-damage|p2b: Sinistcha|74\/100 psn\n|\n|t:|1700706310\n|switch|p1b: Thundurus|Thundurus-Therian, M|57\/100 psn|[from] U-turn\n|move|p2b: Sinistcha|Matcha Gotcha|p1a: Goodra|[spread] p1a,p1b\n|-resisted|p1a: Goodra\n|-resisted|p1b: Thundurus\n|-damage|p1a: Goodra|77\/100\n|-heal|p2b: Sinistcha|76\/100 psn|[from] drain|[of] p1a: Goodra\n|-damage|p1b: Thundurus|41\/100 psn\n|-heal|p2b: Sinistcha|83\/100 psn|[from] drain|[of] p1b: Thundurus\n|-status|p1a: Goodra|brn\n|move|p1a: Goodra|Sludge Bomb|p2a: Blissey\n|-damage|p2a: Blissey|95\/100\n|-status|p2a: Blissey|psn\n|move|p2a: Blissey|Stored Power|p1b: Thundurus\n|-damage|p1b: Thundurus|0 fnt\n|faint|p1b: Thundurus\n|\n|-weather|none\n|-damage|p2b: Sinistcha|71\/100 psn|[from] psn\n|-damage|p2a: Blissey|82\/100 psn|[from] psn\n|-damage|p1a: Goodra|71\/100 brn|[from] brn\n|upkeep\n|inactive|AWanderingFae has 30 seconds left.\n|\n|t:|1700706335\n|switch|p1b: Landorus|Landorus-Therian, M|56\/100\n|-ability|p1b: Landorus|Intimidate|boost\n|-unboost|p2a: Blissey|atk|1\n|-unboost|p2b: Sinistcha|atk|1\n|turn|18\n|inactive|Jtsmith86 has 90 seconds left.\n|\n|t:|1700706356\n|move|p1b: Landorus|Rock Slide|p2a: Blissey|[spread] p2a\n|-miss|p1b: Landorus|p2b: Sinistcha\n|-damage|p2a: Blissey|75\/100 psn\n|move|p2b: Sinistcha|Matcha Gotcha|p1b: Landorus|[spread] p1a,p1b\n|-resisted|p1a: Goodra\n|-damage|p1a: Goodra|67\/100 brn\n|-heal|p2b: Sinistcha|73\/100 psn|[from] drain|[of] p1a: Goodra\n|-damage|p1b: Landorus|40\/100\n|-heal|p2b: Sinistcha|81\/100 psn|[from] drain|[of] p1b: Landorus\n|move|p1a: Goodra|Sludge Bomb|p2b: Sinistcha\n|-damage|p2b: Sinistcha|60\/100 psn\n|cant|p2a: Blissey|flinch\n|\n|-damage|p2b: Sinistcha|47\/100 psn|[from] psn\n|-damage|p2a: Blissey|62\/100 psn|[from] psn\n|-damage|p1a: Goodra|61\/100 brn|[from] brn\n|upkeep\n|turn|19\n|inactive|Jtsmith86 has 90 seconds left.\n|inactive|AWanderingFae has 30 seconds left.\n|inactive|AWanderingFae has 20 seconds left.\n|inactive|AWanderingFae has 15 seconds left.\n|\n|t:|1700706403\n|move|p1b: Landorus|Rock Slide|p2a: Blissey|[spread] p2a\n|-miss|p1b: Landorus|p2b: Sinistcha\n|-damage|p2a: Blissey|54\/100 psn\n|move|p2b: Sinistcha|Strength Sap|p1b: Landorus\n|-unboost|p1b: Landorus|atk|1\n|-heal|p2b: Sinistcha|100\/100 psn\n|move|p1a: Goodra|Sludge Bomb|p2b: Sinistcha\n|-damage|p2b: Sinistcha|76\/100 psn\n|move|p2a: Blissey|Stored Power|p1b: Landorus\n|-damage|p1b: Landorus|5\/100\n|\n|-activate|p2a: Blissey|ability: Healer\n|-curestatus|p2b: Sinistcha|psn|[msg]\n|-damage|p2a: Blissey|41\/100 psn|[from] psn\n|-damage|p1a: Goodra|55\/100 brn|[from] brn\n|upkeep\n|turn|20\n|inactive|AWanderingFae has 30 seconds left.\n|inactive|Jtsmith86 has 90 seconds left.\n|inactive|AWanderingFae has 20 seconds left.\n|inactive|AWanderingFae has 15 seconds left.\n|inactive|AWanderingFae has 10 seconds left.\n|inactive|AWanderingFae has 5 seconds left.\n|-message|AWanderingFae lost due to inactivity.\n|\n|win|Jtsmith86\n|raw|AWanderingFae's rating: 1047 &rarr; <strong>1032<\/strong><br \/>(-15 for losing)\n|raw|Jtsmith86's rating: 1089 &rarr; <strong>1112<\/strong><br \/>(+23 for winning)\n|l|\u2606AWanderingFae\n","uploadtime":1700706448,"views":18,"p1id":"awanderingfae","p2id":"jtsmith86","formatid":"gen9doublesou","rating":1032,"private":0,"password":""}