{"id":"gen9doublesou-1990470707","p1":"mikeyuwu","p2":"redpkmntrainer14","format":"[Gen 9] Doubles OU","log":"|j|\u2606mikeyuwu\n|j|\u2606redpkmntrainer14\n|t:|1699973993\n|gametype|doubles\n|player|p1|mikeyuwu|psychic-gen4|1377\n|player|p2|redpkmntrainer14|guitarist|1413\n|teamsize|p1|6\n|teamsize|p2|6\n|gen|9\n|tier|[Gen 9] Doubles OU\n|rated|\n|rule|Species Clause: Limit one of each Pok\u00e9mon\n|rule|OHKO Clause: OHKO moves are banned\n|rule|Evasion Moves Clause: Evasion moves are banned\n|rule|Gravity Sleep Clause: The combination of sleep-inducing moves with imperfect accuracy and Gravity or Gigantamax Orbeetle are banned\n|rule|Endless Battle Clause: Forcing endless battles is banned\n|rule|HP Percentage Mod: HP is shown in percentages\n|clearpoke\n|poke|p1|Garchomp, M|\n|poke|p1|Tyranitar, F|\n|poke|p1|Vaporeon, F|\n|poke|p1|Toxicroak, M|\n|poke|p1|Pelipper, F|\n|poke|p1|Abomasnow, M|\n|poke|p2|Articuno-Galar|\n|poke|p2|Bruxish, F|\n|poke|p2|Scizor, M|\n|poke|p2|Pelipper, F|\n|poke|p2|Chien-Pao|\n|poke|p2|Sneasler, M|\n|teampreview\n|\n|t:|1699974021\n|start\n|switch|p1a: OTLHPM|Toxicroak, M|100\/100\n|switch|p1b: Harmacy|Vaporeon, F|100\/100\n|switch|p2a: ken carson|Chien-Pao|100\/100\n|switch|p2b: homixide meechie|Sneasler, M|100\/100\n|-ability|p2a: ken carson|Sword of Ruin\n|turn|1\n|\n|t:|1699974038\n|switch|p2a: ripjaws|Bruxish, F, shiny|100\/100\n|switch|p1a: Weather War|Pelipper, F|100\/100\n|-weather|RainDance|[from] ability: Drizzle|[of] p1a: Weather War\n|move|p2b: homixide meechie|Fake Out|p1b: Harmacy\n|-damage|p1b: Harmacy|86\/100\n|-status|p1b: Harmacy|psn|[from] ability: Poison Touch|[of] p2b: homixide meechie\n|-damage|p2b: homixide meechie|91\/100|[from] item: Life Orb\n|cant|p1b: Harmacy|flinch\n|\n|-weather|RainDance|[upkeep]\n|-activate|p1b: Harmacy|ability: Hydration\n|-curestatus|p1b: Harmacy|psn|[msg]\n|-heal|p1b: Harmacy|92\/100|[from] item: Leftovers\n|upkeep\n|turn|2\n|\n|t:|1699974108\n|move|p2b: homixide meechie|Dire Claw|p1a: Weather War\n|-damage|p1a: Weather War|53\/100\n|-damage|p2b: homixide meechie|81\/100|[from] item: Life Orb\n|move|p2a: ripjaws|Psychic Fangs|p1a: Weather War\n|-damage|p1a: Weather War|13\/100\n|-damage|p2a: ripjaws|91\/100|[from] item: Life Orb\n|move|p1a: Weather War|Hurricane|p2b: homixide meechie\n|-supereffective|p2b: homixide meechie\n|-damage|p2b: homixide meechie|0 fnt\n|faint|p2b: homixide meechie\n|move|p1b: Harmacy|Wish|p1b: Harmacy\n|\n|-weather|RainDance|[upkeep]\n|-heal|p1b: Harmacy|98\/100|[from] item: Leftovers\n|upkeep\n|\n|t:|1699974119\n|switch|p2b: jetray|Articuno-Galar|100\/100\n|turn|3\n|\n|t:|1699974129\n|switch|p1a: ThcrThnSnkr|Tyranitar, F|100\/100\n|-weather|Sandstorm|[from] ability: Sand Stream|[of] p1a: ThcrThnSnkr\n|move|p2b: jetray|Hurricane|p1b: Harmacy\n|-damage|p1b: Harmacy|39\/100\n|-damage|p2b: jetray|91\/100|[from] item: Life Orb\n|move|p2a: ripjaws|Psychic Fangs|p1a: ThcrThnSnkr\n|-immune|p1a: ThcrThnSnkr\n|move|p1b: Harmacy|Weather Ball|p2b: jetray\n|-supereffective|p2b: jetray\n|-damage|p2b: jetray|39\/100\n|\n|-weather|Sandstorm|[upkeep]\n|-damage|p2b: jetray|33\/100|[from] Sandstorm\n|-damage|p2a: ripjaws|85\/100|[from] Sandstorm\n|-damage|p1b: Harmacy|32\/100|[from] Sandstorm\n|-heal|p1b: Harmacy|82\/100|[from] move: Wish|[wisher] Harmacy\n|-heal|p1b: Harmacy|88\/100|[from] item: Leftovers\n|upkeep\n|turn|4\n|\n|t:|1699974150\n|switch|p2b: kingvamp|Scizor, M, shiny|100\/100\n|move|p2a: ripjaws|Psychic Fangs|p1b: Harmacy\n|-damage|p1b: Harmacy|47\/100\n|-damage|p2a: ripjaws|75\/100|[from] item: Life Orb\n|move|p1a: ThcrThnSnkr|Rock Slide|p2a: ripjaws|[spread] p2a,p2b\n|-damage|p2a: ripjaws|36\/100\n|-damage|p2b: kingvamp|76\/100\n|move|p1b: Harmacy|Weather Ball|p2b: kingvamp\n|-damage|p2b: kingvamp|38\/100\n|\n|-weather|Sandstorm|[upkeep]\n|-damage|p2a: ripjaws|30\/100|[from] Sandstorm\n|-damage|p1b: Harmacy|41\/100|[from] Sandstorm\n|-heal|p1b: Harmacy|47\/100|[from] item: Leftovers\n|upkeep\n|turn|5\n|\n|t:|1699974167\n|switch|p1a: Extra Spicy|Garchomp, M|100\/100\n|move|p2a: ripjaws|Aqua Jet|p1a: Extra Spicy\n|-damage|p1a: Extra Spicy|84\/100\n|-damage|p2a: ripjaws|17\/100|[from] ability: Rough Skin|[of] p1a: Extra Spicy\n|-damage|p2a: ripjaws|1\/100|[from] item: Rocky Helmet|[of] p1a: Extra Spicy\n|-damage|p2a: ripjaws|0 fnt|[from] item: Life Orb\n|faint|p2a: ripjaws\n|move|p2b: kingvamp|Bullet Punch|p1a: Extra Spicy\n|-damage|p1a: Extra Spicy|59\/100\n|-damage|p2b: kingvamp|25\/100|[from] ability: Rough Skin|[of] p1a: Extra Spicy\n|-damage|p2b: kingvamp|9\/100|[from] item: Rocky Helmet|[of] p1a: Extra Spicy\n|-damage|p2b: kingvamp|0 fnt|[from] item: Life Orb\n|faint|p2b: kingvamp\n|move|p1b: Harmacy|Weather Ball|p2: ripjaws|[notarget]\n|-fail|p1b: Harmacy\n|\n|-weather|Sandstorm|[upkeep]\n|-damage|p1b: Harmacy|41\/100|[from] Sandstorm\n|-heal|p1b: Harmacy|47\/100|[from] item: Leftovers\n|upkeep\n|\n|t:|1699974181\n|switch|p2a: jetray|Articuno-Galar|33\/100\n|switch|p2b: ken carson|Chien-Pao|100\/100\n|-ability|p2b: ken carson|Sword of Ruin\n|turn|6\n|\n|t:|1699974190\n|-terastallize|p1a: Extra Spicy|Steel\n|move|p2b: ken carson|Ice Spinner|p1a: Extra Spicy\n|-resisted|p1a: Extra Spicy\n|-damage|p1a: Extra Spicy|42\/100\n|-damage|p2b: ken carson|88\/100|[from] ability: Rough Skin|[of] p1a: Extra Spicy\n|-damage|p2b: ken carson|72\/100|[from] item: Rocky Helmet|[of] p1a: Extra Spicy\n|move|p2a: jetray|Hurricane|p1b: Harmacy\n|-damage|p1b: Harmacy|0 fnt\n|faint|p1b: Harmacy\n|-damage|p2a: jetray|23\/100|[from] item: Life Orb\n|move|p1a: Extra Spicy|Brick Break|p2b: ken carson\n|-supereffective|p2b: ken carson\n|-damage|p2b: ken carson|0 fnt\n|faint|p2b: ken carson\n|\n|-weather|Sandstorm|[upkeep]\n|-damage|p2a: jetray|17\/100|[from] Sandstorm\n|upkeep\n|\n|t:|1699974205\n|switch|p2b: bigchill|Pelipper, F, shiny|100\/100\n|switch|p1b: ThcrThnSnkr|Tyranitar, F|100\/100\n|-weather|RainDance|[from] ability: Drizzle|[of] p2b: bigchill\n|turn|7\n|c|\u2606mikeyuwu|Why still touch the garchomp\n|\n|t:|1699974232\n|move|p2a: jetray|Protect|p2a: jetray\n|-singleturn|p2a: jetray|Protect\n|move|p1a: Extra Spicy|Poison Jab|p2a: jetray\n|-activate|p2a: jetray|move: Protect\n|move|p1b: ThcrThnSnkr|Thunderbolt|p2b: bigchill\n|-supereffective|p2b: bigchill\n|-damage|p2b: bigchill|0 fnt\n|faint|p2b: bigchill\n|\n|-weather|RainDance|[upkeep]\n|upkeep\n|turn|8\n|c|\u2606redpkmntrainer14|mistakes have been made\n|c|\u2606mikeyuwu|Fair\n|c|\u2606redpkmntrainer14|and why does that thung have thunderbolt\n|c|\u2606redpkmntrainer14|lmao\n|\n|t:|1699974259\n|-terastallize|p2a: jetray|Psychic\n|move|p2a: jetray|Freezing Glare|p1a: Extra Spicy\n|-resisted|p1a: Extra Spicy\n|-damage|p1a: Extra Spicy|4\/100\n|-damage|p2a: jetray|7\/100|[from] item: Life Orb\n|move|p1a: Extra Spicy|Poison Jab|p2a: jetray\n|-crit|p2a: jetray\n|-damage|p2a: jetray|0 fnt\n|faint|p2a: jetray\n|\n|win|mikeyuwu\n|raw|mikeyuwu's rating: 1377 &rarr; <strong>1399<\/strong><br \/>(+22 for winning)\n|raw|redpkmntrainer14's rating: 1413 &rarr; <strong>1391<\/strong><br \/>(-22 for losing)\n|c|\u2606mikeyuwu|For vaporeon copycat\n|c|\u2606redpkmntrainer14|ohh okay\n|c|\u2606mikeyuwu|And weather war\n|c|\u2606redpkmntrainer14|gg\n|c|\u2606mikeyuwu|Ggs\n|l|\u2606redpkmntrainer14\n","uploadtime":1699974287,"views":10,"p1id":"mikeyuwu","p2id":"redpkmntrainer14","formatid":"gen9doublesou","rating":1391,"private":0,"password":""}