{"id":"gen9doublesou-1984862812","p1":"DontStepGrass1!","p2":"roxsloth","format":"[Gen 9] Doubles OU","log":"|j|\u2606DontStepGrass1!\n|j|\u2606roxsloth\n|t:|1699305479\n|gametype|doubles\n|player|p1|DontStepGrass1!|pokemaniac|1261\n|player|p2|roxsloth|clown|1314\n|teamsize|p1|6\n|teamsize|p2|6\n|gen|9\n|tier|[Gen 9] Doubles OU\n|rated|\n|rule|Species Clause: Limit one of each Pok\u00e9mon\n|rule|OHKO Clause: OHKO moves are banned\n|rule|Evasion Moves Clause: Evasion moves are banned\n|rule|Gravity Sleep Clause: The combination of sleep-inducing moves with imperfect accuracy and Gravity or Gigantamax Orbeetle are banned\n|rule|Endless Battle Clause: Forcing endless battles is banned\n|rule|HP Percentage Mod: HP is shown in percentages\n|clearpoke\n|poke|p1|Cetitan, F|\n|poke|p1|Ninetales-Alola, M|\n|poke|p1|Gholdengo|\n|poke|p1|Roaring Moon|\n|poke|p1|Iron Bundle|\n|poke|p1|Great Tusk|\n|poke|p2|Palafin, M|\n|poke|p2|Pelipper, F|\n|poke|p2|Amoonguss, M|\n|poke|p2|Basculegion-F, F|\n|poke|p2|Gyarados, F|\n|poke|p2|Landorus-Therian, M|\n|teampreview\n|inactive|Battle timer is ON: inactive players will automatically lose when time's up. (requested by DontStepGrass1!)\n|\n|t:|1699305514\n|start\n|switch|p1a: Roaring Moon|Roaring Moon|100\/100\n|switch|p1b: Iron Bundle|Iron Bundle|100\/100\n|switch|p2a: Palafin|Palafin, M, shiny|100\/100\n|switch|p2b: Amoonguss|Amoonguss, M, shiny|100\/100\n|-enditem|p1b: Iron Bundle|Booster Energy\n|-activate|p1b: Iron Bundle|ability: Quark Drive|[fromitem]\n|-start|p1b: Iron Bundle|quarkdrivespe\n|-enditem|p1a: Roaring Moon|Booster Energy\n|-activate|p1a: Roaring Moon|ability: Protosynthesis|[fromitem]\n|-start|p1a: Roaring Moon|protosynthesisspe\n|turn|1\n|inactive|DontStepGrass1! has 120 seconds left.\n|inactive|roxsloth has 120 seconds left.\n|\n|t:|1699305563\n|detailschange|p2a: Palafin|Palafin-Hero, M, shiny\n|switch|p2a: Landorus|Landorus-Therian, M|100\/100\n|-ability|p2a: Landorus|Intimidate|boost\n|-unboost|p1a: Roaring Moon|atk|1\n|-unboost|p1b: Iron Bundle|atk|1\n|-terastallize|p2b: Amoonguss|Steel\n|move|p2b: Amoonguss|Rage Powder|p2b: Amoonguss\n|-singleturn|p2b: Amoonguss|move: Rage Powder\n|move|p1b: Iron Bundle|Freeze-Dry|p2b: Amoonguss\n|-resisted|p2b: Amoonguss\n|-damage|p2b: Amoonguss|90\/100\n|move|p1a: Roaring Moon|Knock Off|p2b: Amoonguss\n|-damage|p2b: Amoonguss|59\/100\n|-enditem|p2b: Amoonguss|Black Sludge|[from] move: Knock Off|[of] p1a: Roaring Moon\n|\n|upkeep\n|turn|2\n|inactive|roxsloth has 120 seconds left.\n|inactive|DontStepGrass1! has 120 seconds left.\n|\n|t:|1699305595\n|move|p1b: Iron Bundle|Protect|p1b: Iron Bundle\n|-singleturn|p1b: Iron Bundle|Protect\n|move|p2b: Amoonguss|Rage Powder|p2b: Amoonguss\n|-singleturn|p2b: Amoonguss|move: Rage Powder\n|move|p1a: Roaring Moon|Breaking Swipe|p2a: Landorus|[spread] p2a,p2b\n|-resisted|p2b: Amoonguss\n|-damage|p2a: Landorus|85\/100\n|-damage|p2b: Amoonguss|52\/100\n|-unboost|p2a: Landorus|atk|1\n|-unboost|p2b: Amoonguss|atk|1\n|move|p2a: Landorus|Rock Slide|p1b: Iron Bundle|[spread] p1a\n|-activate|p1b: Iron Bundle|move: Protect\n|-damage|p1a: Roaring Moon|84\/100\n|\n|upkeep\n|turn|3\n|inactive|DontStepGrass1! has 120 seconds left.\n|inactive|roxsloth has 120 seconds left.\n|\n|t:|1699305634\n|switch|p2a: Gyarados|Gyarados, F, shiny|100\/100\n|-ability|p2a: Gyarados|Intimidate|boost\n|-unboost|p1a: Roaring Moon|atk|1\n|-unboost|p1b: Iron Bundle|atk|1\n|move|p2b: Amoonguss|Rage Powder|p2b: Amoonguss\n|-singleturn|p2b: Amoonguss|move: Rage Powder\n|move|p1b: Iron Bundle|Hydro Pump|p2b: Amoonguss\n|-damage|p2b: Amoonguss|13\/100\n|move|p1a: Roaring Moon|Knock Off|p2b: Amoonguss\n|-damage|p2b: Amoonguss|0 fnt\n|faint|p2b: Amoonguss\n|\n|upkeep\n|inactive|roxsloth has 120 seconds left.\n|\n|t:|1699305648\n|switch|p2b: Palafin|Palafin-Hero, M, shiny|100\/100\n|-activate|p2b: Palafin|ability: Zero to Hero\n|turn|4\n|inactive|DontStepGrass1! has 120 seconds left.\n|\n|t:|1699305671\n|switch|p2a: Pelipper|Pelipper, F, shiny|100\/100\n|-weather|RainDance|[from] ability: Drizzle|[of] p2a: Pelipper\n|move|p2b: Palafin|Jet Punch|p1b: Iron Bundle\n|-resisted|p1b: Iron Bundle\n|-crit|p1b: Iron Bundle\n|-damage|p1b: Iron Bundle|50\/100\n|move|p1b: Iron Bundle|Freeze-Dry|p2a: Pelipper\n|-supereffective|p2a: Pelipper\n|-damage|p2a: Pelipper|0 fnt\n|faint|p2a: Pelipper\n|move|p1a: Roaring Moon|Breaking Swipe|p2b: Palafin\n|-damage|p2b: Palafin|85\/100\n|-unboost|p2b: Palafin|atk|1\n|\n|-weather|RainDance|[upkeep]\n|upkeep\n|\n|t:|1699305687\n|switch|p2a: Basculegion|Basculegion-F, F, shiny|100\/100\n|turn|5\n|\n|t:|1699305697\n|-end|p1a: Roaring Moon|Protosynthesis|[silent]\n|switch|p1a: Ninetales|Ninetales-Alola, M|100\/100\n|-weather|Snow|[from] ability: Snow Warning|[of] p1a: Ninetales\n|move|p2b: Palafin|Jet Punch|p1b: Iron Bundle\n|-resisted|p1b: Iron Bundle\n|-damage|p1b: Iron Bundle|41\/100\n|move|p2a: Basculegion|Aqua Jet|p1b: Iron Bundle\n|-resisted|p1b: Iron Bundle\n|-damage|p1b: Iron Bundle|30\/100\n|move|p1b: Iron Bundle|Freeze-Dry|p2a: Basculegion\n|-supereffective|p2a: Basculegion\n|-damage|p2a: Basculegion|17\/100\n|-status|p2a: Basculegion|frz\n|\n|-weather|Snow|[upkeep]\n|upkeep\n|turn|6\n|c|\u2606roxsloth|bruuuuu\n|\n|t:|1699305723\n|cant|p2a: Basculegion|frz\n|move|p1b: Iron Bundle|Freeze-Dry|p2b: Palafin\n|-supereffective|p2b: Palafin\n|-damage|p2b: Palafin|31\/100\n|move|p1a: Ninetales|Aurora Veil|p1a: Ninetales\n|-sidestart|p1: DontStepGrass1!|move: Aurora Veil\n|move|p2b: Palafin|Drain Punch|p1b: Iron Bundle\n|-supereffective|p1b: Iron Bundle\n|-damage|p1b: Iron Bundle|7\/100\n|-heal|p2b: Palafin|40\/100|[from] drain|[of] p1b: Iron Bundle\n|\n|-weather|Snow|[upkeep]\n|upkeep\n|turn|7\n|c|\u2606DontStepGrass1!|bruh indeed\n|\n|t:|1699305745\n|move|p1b: Iron Bundle|Protect|p1b: Iron Bundle\n|-singleturn|p1b: Iron Bundle|Protect\n|move|p2b: Palafin|Jet Punch|p1b: Iron Bundle\n|-activate|p1b: Iron Bundle|move: Protect\n|cant|p2a: Basculegion|frz\n|move|p1a: Ninetales|Moonblast|p2b: Palafin\n|-damage|p2b: Palafin|18\/100\n|\n|-weather|Snow|[upkeep]\n|upkeep\n|turn|8\n|\n|t:|1699305768\n|move|p2b: Palafin|Jet Punch|p1b: Iron Bundle\n|-resisted|p1b: Iron Bundle\n|-crit|p1b: Iron Bundle\n|-damage|p1b: Iron Bundle|0 fnt\n|faint|p1b: Iron Bundle\n|-end|p1b: Iron Bundle|Quark Drive|[silent]\n|cant|p2a: Basculegion|frz\n|move|p1a: Ninetales|Moonblast|p2b: Palafin\n|-damage|p2b: Palafin|0 fnt\n|faint|p2b: Palafin\n|\n|-weather|Snow|[upkeep]\n|upkeep\n|\n|t:|1699305774\n|switch|p1b: Cetitan|Cetitan, F|100\/100\n|switch|p2b: Gyarados|Gyarados, F, shiny|100\/100\n|-ability|p2b: Gyarados|Intimidate|boost\n|-unboost|p1a: Ninetales|atk|1\n|-unboost|p1b: Cetitan|atk|1\n|turn|9\n|\n|t:|1699305791\n|switch|p1a: Roaring Moon|Roaring Moon|84\/100\n|cant|p2a: Basculegion|frz\n|move|p1b: Cetitan|Belly Drum|p1b: Cetitan\n|-damage|p1b: Cetitan|50\/100\n|-setboost|p1b: Cetitan|atk|6|[from] move: Belly Drum\n|-enditem|p1b: Cetitan|Sitrus Berry|[eat]\n|-heal|p1b: Cetitan|75\/100|[from] item: Sitrus Berry\n|move|p2b: Gyarados|Substitute|p2b: Gyarados\n|-start|p2b: Gyarados|Substitute\n|-damage|p2b: Gyarados|75\/100\n|\n|-weather|none\n|upkeep\n|turn|10\n|inactive|DontStepGrass1! has 120 seconds left.\n|\n|t:|1699305826\n|cant|p2a: Basculegion|frz\n|move|p1a: Roaring Moon|Breaking Swipe|p2b: Gyarados|[spread] p2a,p2b\n|-end|p2b: Gyarados|Substitute\n|-damage|p2a: Basculegion|0 fnt\n|faint|p2a: Basculegion\n|move|p1b: Cetitan|Ice Spinner|p2b: Gyarados\n|-damage|p2b: Gyarados|0 fnt\n|faint|p2b: Gyarados\n|\n|upkeep\n|\n|t:|1699305835\n|switch|p2b: Landorus|Landorus-Therian, M|85\/100\n|-ability|p2b: Landorus|Intimidate|boost\n|-unboost|p1a: Roaring Moon|atk|1\n|-unboost|p1b: Cetitan|atk|1\n|turn|11\n|\n|t:|1699305841\n|move|p2b: Landorus|Rock Slide|p1a: Roaring Moon|[spread] p1a,p1b\n|-supereffective|p1b: Cetitan\n|-crit|p1b: Cetitan\n|-damage|p1a: Roaring Moon|67\/100\n|-damage|p1b: Cetitan|15\/100\n|cant|p1a: Roaring Moon|flinch\n|cant|p1b: Cetitan|flinch\n|\n|upkeep\n|turn|12\n|c|\u2606roxsloth|my pain is unrelenting\n|c|\u2606DontStepGrass1!|ayo double flinch\n|\n|t:|1699305859\n|move|p1b: Cetitan|Protect|p1b: Cetitan\n|-singleturn|p1b: Cetitan|Protect\n|move|p2b: Landorus|Rock Slide|p1a: Roaring Moon|[spread] p1a\n|-activate|p1b: Cetitan|move: Protect\n|-damage|p1a: Roaring Moon|50\/100\n|cant|p1a: Roaring Moon|flinch\n|\n|upkeep\n|turn|13\n|c|\u2606DontStepGrass1!|AYO\n|c|\u2606roxsloth|if only these flinches were enough\n|\n|t:|1699305880\n|move|p2b: Landorus|Rock Slide|p1b: Cetitan|[spread] p1a,p1b\n|-supereffective|p1b: Cetitan\n|-damage|p1a: Roaring Moon|32\/100\n|-damage|p1b: Cetitan|0 fnt\n|faint|p1b: Cetitan\n|cant|p1a: Roaring Moon|flinch\n|\n|-sideend|p1: DontStepGrass1!|move: Aurora Veil\n|upkeep\n|c|\u2606roxsloth|holy shit\n|inactive|DontStepGrass1! has 120 seconds left.\n|c|\u2606DontStepGrass1!|No fucking way\n|\n|t:|1699305899\n|switch|p1b: Ninetales|Ninetales-Alola, M|100\/100\n|-weather|Snow|[from] ability: Snow Warning|[of] p1b: Ninetales\n|turn|14\n|c|\u2606roxsloth|i only need like 13 more now\n|\n|t:|1699305913\n|move|p2b: Landorus|Rock Slide|p1b: Ninetales|[spread] p1a,p1b\n|-supereffective|p1b: Ninetales\n|-damage|p1a: Roaring Moon|7\/100\n|-damage|p1b: Ninetales|65\/100\n|move|p1a: Roaring Moon|Tailwind|p1a: Roaring Moon\n|-sidestart|p1: DontStepGrass1!|move: Tailwind\n|move|p1b: Ninetales|Aurora Veil|p1b: Ninetales\n|-sidestart|p1: DontStepGrass1!|move: Aurora Veil\n|\n|-weather|Snow|[upkeep]\n|upkeep\n|turn|15\n|c|\u2606roxsloth|rats\n|\n|t:|1699305924\n|move|p1a: Roaring Moon|Breaking Swipe|p2b: Landorus\n|-damage|p2b: Landorus|64\/100\n|-unboost|p2b: Landorus|atk|1\n|move|p1b: Ninetales|Blizzard|p2b: Landorus\n|-supereffective|p2b: Landorus\n|-damage|p2b: Landorus|0 fnt\n|faint|p2b: Landorus\n|\n|win|DontStepGrass1!\n|raw|DontStepGrass1!'s rating: 1261 &rarr; <strong>1290<\/strong><br \/>(+29 for winning)\n|raw|roxsloth's rating: 1314 &rarr; <strong>1291<\/strong><br \/>(-23 for losing)\n|c|\u2606roxsloth|gg lmao\n|c|\u2606DontStepGrass1!|ggs though\n","uploadtime":1699305937,"views":27,"p1id":"dontstepgrass1","p2id":"roxsloth","formatid":"gen9doublesou","rating":1290,"private":0,"password":""}