{"id":"gen9doublesou-1976578606","p1":"DoerreKong","p2":"Admaaaaa","format":"[Gen 9] Doubles OU","log":"|j|\u2606DoerreKong\n|j|\u2606Admaaaaa\n|t:|1698323856\n|gametype|doubles\n|player|p1|DoerreKong|ltsurge|1540\n|player|p2|Admaaaaa|dahlia|1423\n|teamsize|p1|6\n|teamsize|p2|6\n|gen|9\n|tier|[Gen 9] Doubles OU\n|rated|\n|rule|Species Clause: Limit one of each Pok\u00e9mon\n|rule|OHKO Clause: OHKO moves are banned\n|rule|Evasion Moves Clause: Evasion moves are banned\n|rule|Gravity Sleep Clause: The combination of sleep-inducing moves with imperfect accuracy and Gravity or Gigantamax Orbeetle are banned\n|rule|Endless Battle Clause: Forcing endless battles is banned\n|rule|HP Percentage Mod: HP is shown in percentages\n|clearpoke\n|poke|p1|Torkoal, F|\n|poke|p1|Cresselia, F|\n|poke|p1|Diancie|\n|poke|p1|Iron Hands|\n|poke|p1|Farigiraf, F|\n|poke|p1|Amoonguss, F|\n|poke|p2|Heatran, F|\n|poke|p2|Milotic, F|\n|poke|p2|Goodra-Hisui, M|\n|poke|p2|Sinistcha|\n|poke|p2|Ninetales-Alola, F|\n|poke|p2|Yanmega, M|\n|teampreview\n|inactive|Battle timer is ON: inactive players will automatically lose when time's up. (requested by Admaaaaa)\n|inactive|DoerreKong also wants the timer to be on.\n|\n|t:|1698323868\n|start\n|switch|p1a: Iron Hands|Iron Hands|100\/100\n|switch|p1b: Diancie|Diancie|100\/100\n|switch|p2a: Ninetales|Ninetales-Alola, F|100\/100\n|switch|p2b: Yanmega|Yanmega, M, shiny|100\/100\n|-weather|Snow|[from] ability: Snow Warning|[of] p2a: Ninetales\n|turn|1\n|\n|t:|1698323878\n|move|p1a: Iron Hands|Fake Out|p2a: Ninetales\n|-damage|p2a: Ninetales|90\/100\n|cant|p2a: Ninetales|flinch\n|move|p2b: Yanmega|Air Slash|p1a: Iron Hands\n|-damage|p1a: Iron Hands|72\/100\n|move|p1b: Diancie|Trick Room|p1b: Diancie\n|-fieldstart|move: Trick Room|[of] p1b: Diancie\n|\n|-weather|Snow|[upkeep]\n|-heal|p1a: Iron Hands|78\/100|[from] item: Leftovers\n|-ability|p2b: Yanmega|Speed Boost|boost\n|-boost|p2b: Yanmega|spe|1\n|upkeep\n|turn|2\n|\n|t:|1698323897\n|-end|p1a: Iron Hands|Quark Drive|[silent]\n|switch|p1a: Torkoal|Torkoal, F|100\/100\n|-weather|SunnyDay|[from] ability: Drought|[of] p1a: Torkoal\n|-terastallize|p2b: Yanmega|Ground\n|move|p1b: Diancie|Diamond Storm|p2b: Yanmega|[spread] p2a,p2b\n|-supereffective|p2a: Ninetales\n|-resisted|p2b: Yanmega\n|-damage|p2a: Ninetales|21\/100\n|-damage|p2b: Yanmega|84\/100\n|move|p2a: Ninetales|Moonblast|p1a: Torkoal\n|-resisted|p1a: Torkoal\n|-damage|p1a: Torkoal|83\/100\n|move|p2b: Yanmega|Tera Blast|p1a: Torkoal|[anim] Tera Blast Ground\n|-supereffective|p1a: Torkoal\n|-damage|p1a: Torkoal|0 fnt\n|faint|p1a: Torkoal\n|\n|-weather|SunnyDay|[upkeep]\n|-ability|p2b: Yanmega|Speed Boost|boost\n|-boost|p2b: Yanmega|spe|1\n|upkeep\n|inactive|DoerreKong has 120 seconds left.\n|\n|t:|1698323919\n|switch|p1a: Amoonguss|Amoonguss, F|100\/100\n|turn|3\n|\n|t:|1698323944\n|switch|p2a: Sinistcha|Sinistcha|100\/100\n|-heal|p2b: Yanmega|100\/100|[from] ability: Hospitality|[of] p2a: Sinistcha\n|move|p1a: Amoonguss|Spore|p2b: Yanmega\n|-status|p2b: Yanmega|slp|[from] move: Spore\n|move|p1b: Diancie|Diamond Storm|p2a: Sinistcha|[spread] p2a,p2b\n|-resisted|p2b: Yanmega\n|-damage|p2a: Sinistcha|75\/100\n|-damage|p2b: Yanmega|85\/100 slp\n|-boost|p1b: Diancie|def|2\n|cant|p2b: Yanmega|slp\n|\n|-weather|SunnyDay|[upkeep]\n|-ability|p2b: Yanmega|Speed Boost|boost\n|-boost|p2b: Yanmega|spe|1\n|upkeep\n|turn|4\n|-activate|p1a: Amoonguss|item: Quick Claw\n|\n|t:|1698323960\n|move|p1a: Amoonguss|Substitute|p1a: Amoonguss\n|-start|p1a: Amoonguss|Substitute\n|-damage|p1a: Amoonguss|75\/100\n|move|p1b: Diancie|Diamond Storm|p2a: Sinistcha|[spread] p2a,p2b\n|-resisted|p2b: Yanmega\n|-damage|p2a: Sinistcha|50\/100\n|-damage|p2b: Yanmega|68\/100 slp\n|-boost|p1b: Diancie|def|2\n|move|p2a: Sinistcha|Life Dew|p2a: Sinistcha|[spread] p2a,p2b\n|-heal|p2a: Sinistcha|76\/100\n|-heal|p2b: Yanmega|93\/100 slp\n|-curestatus|p2b: Yanmega|slp|[msg]\n|move|p2b: Yanmega|Tera Blast|p1b: Diancie|[anim] Tera Blast Ground\n|-supereffective|p1b: Diancie\n|-damage|p1b: Diancie|38\/100\n|-enditem|p1b: Diancie|Weakness Policy\n|-boost|p1b: Diancie|atk|2|[from] item: Weakness Policy\n|-boost|p1b: Diancie|spa|2|[from] item: Weakness Policy\n|\n|-weather|SunnyDay|[upkeep]\n|-ability|p2b: Yanmega|Speed Boost|boost\n|-boost|p2b: Yanmega|spe|1\n|upkeep\n|turn|5\n|\n|t:|1698323981\n|-terastallize|p1b: Diancie|Grass\n|move|p1a: Amoonguss|Spore|p2b: Yanmega\n|-status|p2b: Yanmega|slp|[from] move: Spore\n|move|p1b: Diancie|Diamond Storm|p2a: Sinistcha|[spread] p2a,p2b\n|-resisted|p2b: Yanmega\n|-damage|p2a: Sinistcha|26\/100\n|-damage|p2b: Yanmega|64\/100 slp\n|-boost|p1b: Diancie|def|2\n|move|p2a: Sinistcha|Life Dew|p2a: Sinistcha|[spread] p2a,p2b\n|-heal|p2a: Sinistcha|51\/100\n|-heal|p2b: Yanmega|89\/100 slp\n|cant|p2b: Yanmega|slp\n|\n|-weather|SunnyDay|[upkeep]\n|-fieldend|move: Trick Room\n|-ability|p2b: Yanmega|Speed Boost|boost\n|-boost|p2b: Yanmega|spe|1\n|upkeep\n|turn|6\n|\n|t:|1698323997\n|cant|p2b: Yanmega|slp\n|move|p2a: Sinistcha|Life Dew|p2a: Sinistcha|[spread] p2a,p2b\n|-heal|p2a: Sinistcha|77\/100\n|-heal|p2b: Yanmega|100\/100 slp\n|move|p1a: Amoonguss|Pollen Puff|p1b: Diancie\n|-heal|p1b: Diancie|88\/100\n|move|p1b: Diancie|Trick Room|p1b: Diancie\n|-fieldstart|move: Trick Room|[of] p1b: Diancie\n|\n|-weather|none\n|-ability|p2b: Yanmega|Speed Boost|boost\n|-boost|p2b: Yanmega|spe|1\n|upkeep\n|turn|7\n|-activate|p1a: Amoonguss|item: Quick Claw\n|\n|t:|1698324014\n|move|p1a: Amoonguss|Sludge Bomb|p2a: Sinistcha\n|-damage|p2a: Sinistcha|42\/100\n|-status|p2a: Sinistcha|psn\n|move|p1b: Diancie|Body Press|p2b: Yanmega\n|-enditem|p2b: Yanmega|Focus Sash\n|-damage|p2b: Yanmega|1\/100 slp\n|move|p2a: Sinistcha|Shadow Ball|p1b: Diancie\n|-damage|p1b: Diancie|54\/100\n|-curestatus|p2b: Yanmega|slp|[msg]\n|move|p2b: Yanmega|Air Slash|p1b: Diancie\n|-supereffective|p1b: Diancie\n|-damage|p1b: Diancie|0 fnt\n|faint|p1b: Diancie\n|\n|-damage|p2a: Sinistcha|30\/100 psn|[from] psn\n|upkeep\n|\n|t:|1698324041\n|switch|p1b: Iron Hands|Iron Hands|78\/100\n|turn|8\n|\n|t:|1698324060\n|switch|p2b: Ninetales|Ninetales-Alola, F|21\/100\n|-weather|Snow|[from] ability: Snow Warning|[of] p2b: Ninetales\n|move|p1a: Amoonguss|Sludge Bomb|p2b: Ninetales\n|-supereffective|p2b: Ninetales\n|-damage|p2b: Ninetales|0 fnt\n|faint|p2b: Ninetales\n|move|p1b: Iron Hands|Iron Defense|p1b: Iron Hands\n|-boost|p1b: Iron Hands|def|2\n|move|p2a: Sinistcha|Matcha Gotcha|p1b: Iron Hands|[spread] p1a,p1b\n|-resisted|p1a: Amoonguss\n|-activate|p1a: Amoonguss|move: Substitute|[damage]\n|-heal|p2a: Sinistcha|33\/100 psn|[from] drain|[of] p1a: Amoonguss\n|-damage|p1b: Iron Hands|51\/100\n|-heal|p2a: Sinistcha|51\/100 psn|[from] drain|[of] p1b: Iron Hands\n|\n|-weather|Snow|[upkeep]\n|-heal|p1b: Iron Hands|58\/100|[from] item: Leftovers\n|-damage|p2a: Sinistcha|39\/100 psn|[from] psn\n|upkeep\n|inactive|Admaaaaa has 120 seconds left.\n|\n|t:|1698324083\n|switch|p2b: Milotic|Milotic, F|100\/100\n|turn|9\n|-activate|p1a: Amoonguss|item: Quick Claw\n|\n|t:|1698324088\n|move|p1a: Amoonguss|Pollen Puff|p1b: Iron Hands\n|-heal|p1b: Iron Hands|100\/100\n|move|p1b: Iron Hands|Iron Defense|p1b: Iron Hands\n|-boost|p1b: Iron Hands|def|2\n|move|p2a: Sinistcha|Matcha Gotcha|p1b: Iron Hands|[spread] p1a\n|-miss|p2a: Sinistcha|p1b: Iron Hands\n|-resisted|p1a: Amoonguss\n|-activate|p1a: Amoonguss|move: Substitute|[damage]\n|-heal|p2a: Sinistcha|42\/100 psn|[from] drain|[of] p1a: Amoonguss\n|move|p2b: Milotic|Blizzard|p1b: Iron Hands|[spread] p1a,p1b\n|-supereffective|p1a: Amoonguss\n|-end|p1a: Amoonguss|Substitute\n|-damage|p1b: Iron Hands|86\/100\n|\n|-weather|Snow|[upkeep]\n|-heal|p1b: Iron Hands|93\/100|[from] item: Leftovers\n|-damage|p2a: Sinistcha|30\/100 psn|[from] psn\n|upkeep\n|turn|10\n|\n|t:|1698324109\n|move|p2a: Sinistcha|Rage Powder|p2a: Sinistcha\n|-singleturn|p2a: Sinistcha|move: Rage Powder\n|move|p1a: Amoonguss|Spore|p2b: Milotic\n|-status|p2b: Milotic|slp|[from] move: Spore\n|move|p1b: Iron Hands|Iron Defense|p1b: Iron Hands\n|-boost|p1b: Iron Hands|def|2\n|cant|p2b: Milotic|slp\n|\n|-weather|Snow|[upkeep]\n|-heal|p1b: Iron Hands|99\/100|[from] item: Leftovers\n|-damage|p2a: Sinistcha|17\/100 psn|[from] psn\n|-fieldend|move: Trick Room\n|upkeep\n|-enditem|p2a: Sinistcha|Aguav Berry|[eat]\n|-heal|p2a: Sinistcha|50\/100 psn|[from] item: Aguav Berry\n|turn|11\n|\n|t:|1698324127\n|-curestatus|p2b: Milotic|slp|[msg]\n|move|p2b: Milotic|Blizzard|p1a: Amoonguss|[spread] p1a,p1b\n|-supereffective|p1a: Amoonguss\n|-crit|p1a: Amoonguss\n|-damage|p1a: Amoonguss|34\/100\n|-damage|p1b: Iron Hands|84\/100\n|move|p2a: Sinistcha|Matcha Gotcha|p1b: Iron Hands|[spread] p1a,p1b\n|-resisted|p1a: Amoonguss\n|-damage|p1a: Amoonguss|29\/100\n|-heal|p2a: Sinistcha|54\/100 psn|[from] drain|[of] p1a: Amoonguss\n|-damage|p1b: Iron Hands|60\/100\n|-heal|p2a: Sinistcha|70\/100 psn|[from] drain|[of] p1b: Iron Hands\n|-status|p1a: Amoonguss|brn\n|move|p1b: Iron Hands|Thunder Punch|p2a: Sinistcha\n|-resisted|p2a: Sinistcha\n|-crit|p2a: Sinistcha\n|-damage|p2a: Sinistcha|46\/100 psn\n|move|p1a: Amoonguss|Sludge Bomb|p2a: Sinistcha\n|-crit|p2a: Sinistcha\n|-damage|p2a: Sinistcha|0 fnt\n|faint|p2a: Sinistcha\n|\n|-weather|Snow|[upkeep]\n|-heal|p1b: Iron Hands|66\/100|[from] item: Leftovers\n|-damage|p1a: Amoonguss|23\/100 brn|[from] brn\n|upkeep\n|\n|t:|1698324151\n|switch|p2a: Heatran|Heatran, F|100\/100\n|-item|p2a: Heatran|Air Balloon\n|turn|12\n|\n|t:|1698324157\n|switch|p1a: Cresselia|Cresselia, F|100\/100\n|move|p2b: Milotic|Blizzard|p1b: Iron Hands|[spread] p1a,p1b\n|-damage|p1a: Cresselia|91\/100\n|-damage|p1b: Iron Hands|50\/100\n|move|p2a: Heatran|Earth Power|p1b: Iron Hands\n|-supereffective|p1b: Iron Hands\n|-damage|p1b: Iron Hands|0 fnt\n|faint|p1b: Iron Hands\n|-end|p1b: Iron Hands|Quark Drive|[silent]\n|\n|-weather|none\n|-heal|p1a: Cresselia|97\/100|[from] item: Leftovers\n|upkeep\n|\n|t:|1698324169\n|switch|p1b: Farigiraf|Farigiraf, F|100\/100\n|turn|13\n|\n|t:|1698324184\n|move|p2b: Milotic|Scald|p1b: Farigiraf\n|-damage|p1b: Farigiraf|78\/100\n|move|p2a: Heatran|Heat Wave|p1b: Farigiraf|[spread] p1b\n|-miss|p2a: Heatran|p1a: Cresselia\n|-damage|p1b: Farigiraf|42\/100\n|move|p1a: Cresselia|Calm Mind|p1a: Cresselia\n|-boost|p1a: Cresselia|spa|1\n|-boost|p1a: Cresselia|spd|1\n|move|p1b: Farigiraf|Trick Room|p1b: Farigiraf\n|-fieldstart|move: Trick Room|[of] p1b: Farigiraf\n|\n|-heal|p1b: Farigiraf|49\/100|[from] item: Leftovers\n|-heal|p1a: Cresselia|100\/100|[from] item: Leftovers\n|upkeep\n|turn|14\n|\n|t:|1698324199\n|move|p1b: Farigiraf|Dazzling Gleam|p2a: Heatran|[spread] p2a,p2b\n|-resisted|p2a: Heatran\n|-damage|p2a: Heatran|97\/100\n|-damage|p2b: Milotic|93\/100\n|-enditem|p2a: Heatran|Air Balloon\n|move|p1a: Cresselia|Calm Mind|p1a: Cresselia\n|-boost|p1a: Cresselia|spa|1\n|-boost|p1a: Cresselia|spd|1\n|move|p2a: Heatran|Heat Wave|p1b: Farigiraf|[spread] p1a,p1b\n|-damage|p1a: Cresselia|89\/100\n|-damage|p1b: Farigiraf|12\/100\n|move|p2b: Milotic|Scald|p1b: Farigiraf\n|-damage|p1b: Farigiraf|0 fnt\n|faint|p1b: Farigiraf\n|\n|-heal|p1a: Cresselia|95\/100|[from] item: Leftovers\n|upkeep\n|\n|t:|1698324206\n|switch|p1b: Amoonguss|Amoonguss, F|56\/100 brn\n|turn|15\n|\n|t:|1698324220\n|move|p1b: Amoonguss|Spore|p2a: Heatran\n|-status|p2a: Heatran|slp|[from] move: Spore\n|move|p1a: Cresselia|Calm Mind|p1a: Cresselia\n|-boost|p1a: Cresselia|spa|1\n|-boost|p1a: Cresselia|spd|1\n|cant|p2a: Heatran|slp\n|move|p2b: Milotic|Blizzard|p1a: Cresselia|[spread] p1b\n|-miss|p2b: Milotic|p1a: Cresselia\n|-supereffective|p1b: Amoonguss\n|-damage|p1b: Amoonguss|29\/100 brn\n|\n|-heal|p1a: Cresselia|100\/100|[from] item: Leftovers\n|-damage|p1b: Amoonguss|23\/100 brn|[from] brn\n|upkeep\n|turn|16\n|\n|t:|1698324229\n|move|p1b: Amoonguss|Spore|p2b: Milotic\n|-status|p2b: Milotic|slp|[from] move: Spore\n|move|p1a: Cresselia|Calm Mind|p1a: Cresselia\n|-boost|p1a: Cresselia|spa|1\n|-boost|p1a: Cresselia|spd|1\n|cant|p2a: Heatran|slp\n|cant|p2b: Milotic|slp\n|\n|-damage|p1b: Amoonguss|17\/100 brn|[from] brn\n|upkeep\n|turn|17\n|\n|t:|1698324237\n|move|p1b: Amoonguss|Sludge Bomb|p2b: Milotic\n|-damage|p2b: Milotic|79\/100 slp\n|move|p1a: Cresselia|Lunar Blessing|p1a: Cresselia|[spread] p1a,p1b\n|-heal|p1b: Amoonguss|42\/100 brn\n|-curestatus|p1b: Amoonguss|brn|[msg]\n|-curestatus|p2a: Heatran|slp|[msg]\n|move|p2a: Heatran|Heat Wave|p1b: Amoonguss|[spread] p1a,p1b\n|-supereffective|p1b: Amoonguss\n|-damage|p1a: Cresselia|94\/100\n|-damage|p1b: Amoonguss|0 fnt\n|faint|p1b: Amoonguss\n|cant|p2b: Milotic|slp\n|\n|-heal|p1a: Cresselia|99\/100|[from] item: Leftovers\n|-fieldend|move: Trick Room\n|upkeep\n|turn|18\n|\n|t:|1698324259\n|move|p2a: Heatran|Flash Cannon|p1a: Cresselia\n|-damage|p1a: Cresselia|91\/100\n|move|p1a: Cresselia|Calm Mind|p1a: Cresselia\n|-boost|p1a: Cresselia|spa|1\n|-boost|p1a: Cresselia|spd|1\n|cant|p2b: Milotic|slp\n|\n|-heal|p1a: Cresselia|98\/100|[from] item: Leftovers\n|upkeep\n|turn|19\n|\n|t:|1698324264\n|move|p2a: Heatran|Flash Cannon|p1a: Cresselia\n|-damage|p1a: Cresselia|91\/100\n|move|p1a: Cresselia|Calm Mind|p1a: Cresselia\n|-boost|p1a: Cresselia|spa|1\n|-boost|p1a: Cresselia|spd|1\n|-curestatus|p2b: Milotic|slp|[msg]\n|move|p2b: Milotic|Mirror Coat||[still]\n|-fail|p2b: Milotic\n|\n|-heal|p1a: Cresselia|97\/100|[from] item: Leftovers\n|upkeep\n|turn|20\n|\n|t:|1698324272\n|move|p2a: Heatran|Flash Cannon|p1a: Cresselia\n|-damage|p1a: Cresselia|91\/100\n|move|p1a: Cresselia|Stored Power|p2b: Milotic\n|-damage|p2b: Milotic|0 fnt\n|faint|p2b: Milotic\n|\n|-heal|p1a: Cresselia|97\/100|[from] item: Leftovers\n|upkeep\n|\n|t:|1698324283\n|switch|p2b: Yanmega|Yanmega, M, shiny, tera:Ground|1\/100\n|turn|21\n|\n|t:|1698324296\n|move|p2b: Yanmega|Air Slash|p1a: Cresselia\n|-damage|p1a: Cresselia|93\/100\n|move|p2a: Heatran|Flash Cannon|p1a: Cresselia\n|-damage|p1a: Cresselia|86\/100\n|-unboost|p1a: Cresselia|spd|1\n|move|p1a: Cresselia|Trick Room|p1a: Cresselia\n|-fieldstart|move: Trick Room|[of] p1a: Cresselia\n|\n|-heal|p1a: Cresselia|93\/100|[from] item: Leftovers\n|-ability|p2b: Yanmega|Speed Boost|boost\n|-boost|p2b: Yanmega|spe|1\n|upkeep\n|turn|22\n|-message|Admaaaaa forfeited.\n|\n|win|DoerreKong\n|raw|DoerreKong's rating: 1540 &rarr; <strong>1554<\/strong><br \/>(+14 for winning)\n|raw|Admaaaaa's rating: 1423 &rarr; <strong>1409<\/strong><br \/>(-14 for losing)\n|l|\u2606Admaaaaa\n","uploadtime":1698324311,"views":20,"p1id":"doerrekong","p2id":"admaaaaa","formatid":"gen9doublesou","rating":1409,"private":0,"password":""}