{"id":"gen9doublesou-1968367270","p1":"nduifjgvbfgtnh","p2":"vjgrkgb","format":"[Gen 9] Doubles OU","log":"|html|<div class=\"broadcast-blue\"><strong>[Gen 9] Doubles OU is currently suspecting Basculegion & Flutter Mane! For information on how to participate check out the <a href=\"https:\/\/www.smogon.com\/forums\/threads\/np-sv-dou-stage-8-double-trouble.3729153\/\">suspect thread<\/a>.<\/strong><\/div>\n|j|\u2606nduifjgvbfgtnh\n|j|\u2606vjgrkgb\n|t:|1697410776\n|gametype|doubles\n|player|p1|nduifjgvbfgtnh|flannery|1122\n|player|p2|vjgrkgb|170|1099\n|teamsize|p1|6\n|teamsize|p2|6\n|gen|9\n|tier|[Gen 9] Doubles OU\n|rated|\n|rule|Species Clause: Limit one of each Pok\u00e9mon\n|rule|OHKO Clause: OHKO moves are banned\n|rule|Evasion Moves Clause: Evasion moves are banned\n|rule|Gravity Sleep Clause: The combination of sleep-inducing moves with imperfect accuracy and Gravity or Gigantamax Orbeetle are banned\n|rule|Endless Battle Clause: Forcing endless battles is banned\n|rule|HP Percentage Mod: HP is shown in percentages\n|clearpoke\n|poke|p1|Bellibolt, M|\n|poke|p1|Hypno, M|\n|poke|p1|Hatterene, F|\n|poke|p1|Ambipom, F|\n|poke|p1|Iron Hands|\n|poke|p1|Pincurchin, M|\n|poke|p2|Basculegion-F, F|\n|poke|p2|Manaphy|\n|poke|p2|Arcanine-Hisui, M|\n|poke|p2|Dragapult, M|\n|poke|p2|Hatterene, F|\n|poke|p2|Pawmot, M|\n|teampreview\n|inactive|Battle timer is ON: inactive players will automatically lose when time's up. (requested by vjgrkgb)\n|\n|t:|1697410812\n|start\n|switch|p1a: Just war|Iron Hands|100\/100\n|switch|p1b: Little girl|Hatterene, F|100\/100\n|switch|p2a: Hatterene|Hatterene, F|100\/100\n|switch|p2b: Dragapult|Dragapult, M|100\/100\n|turn|1\n|inactive|vjgrkgb has 120 seconds left.\n|\n|t:|1697410843\n|move|p2b: Dragapult|Dragon Darts|p1a: Just war\n|-damage|p1a: Just war|83\/100\n|-anim|p2b: Dragapult|Dragon Darts|p1a: Just war\n|-damage|p1a: Just war|66\/100\n|move|p1a: Just war|Belly Drum|p1a: Just war\n|-damage|p1a: Just war|16\/100\n|-setboost|p1a: Just war|atk|6|[from] move: Belly Drum\n|move|p2a: Hatterene|Dazzling Gleam|p1b: Little girl|[spread] p1a,p1b\n|-supereffective|p1a: Just war\n|-damage|p1a: Just war|0 fnt\n|-damage|p1b: Little girl|72\/100\n|faint|p1a: Just war\n|-end|p1a: Just war|Quark Drive|[silent]\n|move|p1b: Little girl|Heal Pulse|p1: Just war|[notarget]\n|-fail|p1b: Little girl\n|\n|-heal|p1b: Little girl|78\/100|[from] item: Leftovers\n|upkeep\n|\n|t:|1697410860\n|switch|p1a: The Nuclear Bomb|Bellibolt, M|100\/100\n|turn|2\n|\n|t:|1697410872\n|move|p2b: Dragapult|Dragon Dance|p2b: Dragapult\n|-boost|p2b: Dragapult|atk|1\n|-boost|p2b: Dragapult|spe|1\n|move|p1a: The Nuclear Bomb|Soak|p2b: Dragapult\n|-start|p2b: Dragapult|typechange|Water\n|move|p2a: Hatterene|Shadow Claw|p1b: Little girl\n|-supereffective|p1b: Little girl\n|-crit|p1b: Little girl\n|-damage|p1b: Little girl|24\/100\n|move|p1b: Little girl|Trick Room|p1b: Little girl\n|-fieldstart|move: Trick Room|[of] p1b: Little girl\n|\n|-heal|p1b: Little girl|30\/100|[from] item: Leftovers\n|upkeep\n|turn|3\n|\n|t:|1697410894\n|move|p1b: Little girl|Helping Hand|p1a: The Nuclear Bomb\n|-singleturn|p1a: The Nuclear Bomb|Helping Hand|[of] p1b: Little girl\n|move|p2b: Dragapult|Sucker Punch||[still]\n|-fail|p2b: Dragapult\n|move|p2a: Hatterene|Calm Mind|p2a: Hatterene\n|-boost|p2a: Hatterene|spa|1\n|-boost|p2a: Hatterene|spd|1\n|move|p1a: The Nuclear Bomb|Parabolic Charge|p2b: Dragapult|[spread] p1b,p2a,p2b\n|-supereffective|p2b: Dragapult\n|-damage|p1b: Little girl|11\/100\n|-damage|p2a: Hatterene|81\/100\n|-damage|p2b: Dragapult|32\/100\n|\n|-heal|p1b: Little girl|17\/100|[from] item: Leftovers\n|upkeep\n|turn|4\n|\n|t:|1697410919\n|move|p1b: Little girl|Helping Hand|p1a: The Nuclear Bomb\n|-singleturn|p1a: The Nuclear Bomb|Helping Hand|[of] p1b: Little girl\n|move|p2a: Hatterene|Dazzling Gleam|p1b: Little girl|[spread] p1a,p1b\n|-damage|p1a: The Nuclear Bomb|54\/100\n|-damage|p1b: Little girl|0 fnt\n|-start|p1a: The Nuclear Bomb|Charge|Dazzling Gleam|[from] ability: Electromorphosis\n|faint|p1b: Little girl\n|move|p1a: The Nuclear Bomb|Parabolic Charge|p2a: Hatterene|[spread] p2a,p2b\n|-crit|p2a: Hatterene\n|-supereffective|p2b: Dragapult\n|-damage|p2a: Hatterene|0 fnt\n|-heal|p1a: The Nuclear Bomb|82\/100|[from] drain|[of] p2a: Hatterene\n|-damage|p2b: Dragapult|0 fnt\n|-heal|p1a: The Nuclear Bomb|94\/100|[from] drain|[of] p2b: Dragapult\n|faint|p2a: Hatterene\n|faint|p2b: Dragapult\n|-end|p1a: The Nuclear Bomb|Charge|[silent]\n|\n|upkeep\n|inactive|nduifjgvbfgtnh has 120 seconds left.\n|\n|t:|1697410954\n|switch|p1b: Stupid Monkey|Ambipom, F|100\/100\n|switch|p2a: Pawmot|Pawmot, M|100\/100\n|switch|p2b: Arcanine|Arcanine-Hisui, M|100\/100\n|turn|5\n|inactive|nduifjgvbfgtnh has 120 seconds left.\n|inactive|vjgrkgb has 120 seconds left.\n|\n|t:|1697410997\n|move|p1b: Stupid Monkey|Fake Out|p2a: Pawmot\n|-damage|p2a: Pawmot|71\/100\n|move|p1a: The Nuclear Bomb|Soak|p2a: Pawmot\n|-start|p2a: Pawmot|typechange|Water\n|move|p2b: Arcanine|Close Combat|p1b: Stupid Monkey\n|-supereffective|p1b: Stupid Monkey\n|-damage|p1b: Stupid Monkey|0 fnt\n|-unboost|p2b: Arcanine|def|1\n|-unboost|p2b: Arcanine|spd|1\n|faint|p1b: Stupid Monkey\n|cant|p2a: Pawmot|flinch\n|\n|upkeep\n|\n|t:|1697411008\n|switch|p1b: The soldier|Hypno, M|100\/100\n|turn|6\n|inactive|nduifjgvbfgtnh has 120 seconds left.\n|\n|t:|1697411019\n|move|p1b: The soldier|Helping Hand|p1a: The Nuclear Bomb\n|-singleturn|p1a: The Nuclear Bomb|Helping Hand|[of] p1b: The soldier\n|move|p1a: The Nuclear Bomb|Parabolic Charge|p2b: Arcanine|[spread] p1b,p2b\n|-heal|p2a: Pawmot|96\/100|[from] ability: Volt Absorb|[of] p1a: The Nuclear Bomb\n|-damage|p1b: The soldier|86\/100\n|-heal|p1a: The Nuclear Bomb|100\/100|[from] drain|[of] p1b: The soldier\n|-damage|p2b: Arcanine|52\/100\n|move|p2b: Arcanine|Head Smash|p1a: The Nuclear Bomb\n|-damage|p1a: The Nuclear Bomb|61\/100\n|-start|p1a: The Nuclear Bomb|Charge|Head Smash|[from] ability: Electromorphosis\n|move|p2a: Pawmot|Revival Blessing|p2a: Pawmot\n|inactive|vjgrkgb has 120 seconds left.\n|\n|t:|1697411038\n|-heal|p2: Dragapult|50\/100|[from] move: Revival Blessing\n|\n|-heal|p1b: The soldier|92\/100|[from] item: Leftovers\n|-fieldend|move: Trick Room\n|upkeep\n|turn|7\n|\n|t:|1697411054\n|move|p2a: Pawmot|Thunderbolt|p1b: The soldier\n|-damage|p1b: The soldier|82\/100\n|move|p2b: Arcanine|Head Smash|p1a: The Nuclear Bomb|[miss]\n|-miss|p2b: Arcanine|p1a: The Nuclear Bomb\n|move|p1b: The soldier|Toxic|p2a: Pawmot\n|-status|p2a: Pawmot|tox\n|move|p1a: The Nuclear Bomb|Muddy Water|p2b: Arcanine|[spread] p2a,p2b\n|-resisted|p2a: Pawmot\n|-supereffective|p2b: Arcanine\n|-damage|p2a: Pawmot|80\/100 tox\n|-damage|p2b: Arcanine|0 fnt\n|faint|p2b: Arcanine\n|\n|-heal|p1b: The soldier|88\/100|[from] item: Leftovers\n|-damage|p2a: Pawmot|74\/100 tox|[from] psn\n|upkeep\n|inactive|vjgrkgb has 120 seconds left.\n|\n|t:|1697411076\n|switch|p2b: Dragapult|Dragapult, M|50\/100\n|turn|8\n|\n|t:|1697411092\n|move|p1b: The soldier|Helping Hand|p1a: The Nuclear Bomb\n|-singleturn|p1a: The Nuclear Bomb|Helping Hand|[of] p1b: The soldier\n|move|p2b: Dragapult|Dragon Darts|p1a: The Nuclear Bomb\n|-damage|p1a: The Nuclear Bomb|44\/100\n|-start|p1a: The Nuclear Bomb|Charge|Dragon Darts|[from] ability: Electromorphosis\n|-anim|p2b: Dragapult|Dragon Darts|p1b: The soldier\n|-damage|p1b: The soldier|53\/100\n|move|p2a: Pawmot|Thunderbolt|p1b: The soldier\n|-damage|p1b: The soldier|44\/100\n|move|p1a: The Nuclear Bomb|Parabolic Charge|p2b: Dragapult|[spread] p1b,p2b\n|-heal|p2a: Pawmot|99\/100 tox|[from] ability: Volt Absorb|[of] p1a: The Nuclear Bomb\n|-resisted|p2b: Dragapult\n|-damage|p1b: The soldier|15\/100\n|-heal|p1a: The Nuclear Bomb|57\/100|[from] drain|[of] p1b: The soldier\n|-damage|p2b: Dragapult|15\/100\n|-heal|p1a: The Nuclear Bomb|70\/100|[from] drain|[of] p2b: Dragapult\n|-end|p1a: The Nuclear Bomb|Charge|[silent]\n|\n|-heal|p1b: The soldier|22\/100|[from] item: Leftovers\n|-damage|p2a: Pawmot|87\/100 tox|[from] psn\n|upkeep\n|turn|9\n|\n|t:|1697411119\n|move|p1b: The soldier|Helping Hand|p1a: The Nuclear Bomb\n|-singleturn|p1a: The Nuclear Bomb|Helping Hand|[of] p1b: The soldier\n|move|p2b: Dragapult|Sucker Punch||[still]\n|-fail|p2b: Dragapult\n|move|p2a: Pawmot|Close Combat|p1a: The Nuclear Bomb\n|-damage|p1a: The Nuclear Bomb|50\/100\n|-unboost|p2a: Pawmot|def|1\n|-unboost|p2a: Pawmot|spd|1\n|-start|p1a: The Nuclear Bomb|Charge|Close Combat|[from] ability: Electromorphosis\n|move|p1a: The Nuclear Bomb|Muddy Water|p2b: Dragapult|[spread] p2a,p2b\n|-resisted|p2a: Pawmot\n|-resisted|p2b: Dragapult\n|-crit|p2b: Dragapult\n|-damage|p2a: Pawmot|52\/100 tox\n|-damage|p2b: Dragapult|0 fnt\n|-unboost|p2a: Pawmot|accuracy|1\n|faint|p2b: Dragapult\n|\n|-heal|p1b: The soldier|28\/100|[from] item: Leftovers\n|-damage|p2a: Pawmot|34\/100 tox|[from] psn\n|upkeep\n|inactive|vjgrkgb has 120 seconds left.\n|\n|t:|1697411134\n|switch|p2b: Manaphy|Manaphy|100\/100\n|turn|10\n|\n|t:|1697411147\n|move|p2a: Pawmot|Close Combat|p1a: The Nuclear Bomb\n|-damage|p1a: The Nuclear Bomb|32\/100\n|-unboost|p2a: Pawmot|def|1\n|-unboost|p2a: Pawmot|spd|1\n|-start|p1a: The Nuclear Bomb|Charge|Close Combat|[from] ability: Electromorphosis\n|move|p2b: Manaphy|Knock Off|p1a: The Nuclear Bomb\n|-damage|p1a: The Nuclear Bomb|16\/100\n|-start|p1a: The Nuclear Bomb|Charge|Knock Off|[from] ability: Electromorphosis\n|-enditem|p1a: The Nuclear Bomb|Weakness Policy|[from] move: Knock Off|[of] p2b: Manaphy\n|move|p1b: The soldier|Toxic|p2b: Manaphy\n|-status|p2b: Manaphy|tox\n|move|p1a: The Nuclear Bomb|Muddy Water|p2b: Manaphy|[spread] p2a\n|-miss|p1a: The Nuclear Bomb|p2b: Manaphy\n|-resisted|p2a: Pawmot\n|-damage|p2a: Pawmot|6\/100 tox\n|-unboost|p2a: Pawmot|accuracy|1\n|\n|-heal|p1b: The soldier|34\/100|[from] item: Leftovers\n|-damage|p2a: Pawmot|0 fnt|[from] psn\n|faint|p2a: Pawmot\n|-damage|p2b: Manaphy|94\/100 tox|[from] psn\n|upkeep\n|\n|t:|1697411162\n|switch|p2a: Basculegion|Basculegion-F, F|100\/100\n|turn|11\n|\n|t:|1697411178\n|move|p1a: The Nuclear Bomb|Protect|p1a: The Nuclear Bomb\n|-singleturn|p1a: The Nuclear Bomb|Protect\n|move|p2b: Manaphy|Knock Off|p1a: The Nuclear Bomb\n|-activate|p1a: The Nuclear Bomb|move: Protect\n|move|p2a: Basculegion|Last Respects|p1b: The soldier\n|-supereffective|p1b: The soldier\n|-damage|p1b: The soldier|0 fnt\n|faint|p1b: The soldier\n|\n|-damage|p2b: Manaphy|82\/100 tox|[from] psn\n|upkeep\n|\n|t:|1697411187\n|switch|p1b: The dog|Pincurchin, M|100\/100\n|-fieldstart|move: Electric Terrain|[from] ability: Electric Surge|[of] p1b: The dog\n|turn|12\n|\n|t:|1697411204\n|move|p1b: The dog|Sucker Punch|p2a: Basculegion\n|-supereffective|p2a: Basculegion\n|-crit|p2a: Basculegion\n|-damage|p2a: Basculegion|36\/100\n|-enditem|p2a: Basculegion|Sitrus Berry|[eat]\n|-heal|p2a: Basculegion|61\/100|[from] item: Sitrus Berry\n|move|p2b: Manaphy|Knock Off|p1a: The Nuclear Bomb\n|-damage|p1a: The Nuclear Bomb|6\/100\n|-start|p1a: The Nuclear Bomb|Charge|Knock Off|[from] ability: Electromorphosis\n|move|p2a: Basculegion|Last Respects|p1b: The dog\n|-enditem|p1b: The dog|Focus Sash\n|-damage|p1b: The dog|1\/100\n|move|p1a: The Nuclear Bomb|Parabolic Charge|p2b: Manaphy|[spread] p1b,p2a,p2b\n|-resisted|p1b: The dog\n|-supereffective|p2a: Basculegion\n|-supereffective|p2b: Manaphy\n|-damage|p1b: The dog|0 fnt\n|-heal|p1a: The Nuclear Bomb|6\/100|[from] drain|[of] p1b: The dog\n|-damage|p2a: Basculegion|0 fnt\n|-heal|p1a: The Nuclear Bomb|34\/100|[from] drain|[of] p2a: Basculegion\n|-damage|p2b: Manaphy|0 fnt\n|-heal|p1a: The Nuclear Bomb|67\/100|[from] drain|[of] p2b: Manaphy\n|faint|p1b: The dog\n|faint|p2a: Basculegion\n|faint|p2b: Manaphy\n|-end|p1a: The Nuclear Bomb|Charge|[silent]\n|\n|win|nduifjgvbfgtnh\n|raw|nduifjgvbfgtnh's rating: 1122 &rarr; <strong>1145<\/strong><br \/>(+23 for winning)\n|raw|vjgrkgb's rating: 1099 &rarr; <strong>1076<\/strong><br \/>(-23 for losing)\n","uploadtime":1697411238,"views":19,"p1id":"nduifjgvbfgtnh","p2id":"vjgrkgb","formatid":"gen9doublesou","rating":1076,"private":0,"password":""}