{"id":"gen9doublesou-1970478546","p1":"cagoendios69","p2":"Insectassistant","format":"[Gen 9] Doubles OU","log":"|j|\u2606cagoendios69\n|j|\u2606Insectassistant\n|t:|1697642146\n|gametype|doubles\n|player|p1|cagoendios69|102|1233\n|player|p2|Insectassistant|101|1366\n|teamsize|p1|6\n|teamsize|p2|6\n|gen|9\n|tier|[Gen 9] Doubles OU\n|rated|\n|rule|Species Clause: Limit one of each Pok\u00e9mon\n|rule|OHKO Clause: OHKO moves are banned\n|rule|Evasion Moves Clause: Evasion moves are banned\n|rule|Gravity Sleep Clause: The combination of sleep-inducing moves with imperfect accuracy and Gravity or Gigantamax Orbeetle are banned\n|rule|Endless Battle Clause: Forcing endless battles is banned\n|rule|HP Percentage Mod: HP is shown in percentages\n|clearpoke\n|poke|p1|Tornadus, M|\n|poke|p1|Landorus-Therian, M|\n|poke|p1|Amoonguss, M|\n|poke|p1|Ogerpon-Wellspring, F|\n|poke|p1|Flutter Mane|\n|poke|p1|Goodra-Hisui, F|\n|poke|p2|Bruxish, F|\n|poke|p2|Gastrodon, M|\n|poke|p2|Farigiraf, F|\n|poke|p2|Crabominable, M|\n|poke|p2|Pincurchin, F|\n|poke|p2|Pelipper, F|\n|teampreview\n|inactive|Battle timer is ON: inactive players will automatically lose when time's up. (requested by Insectassistant)\n|inactive|cagoendios69 also wants the timer to be on.\n|\n|t:|1697642157\n|start\n|switch|p1a: Tornadus|Tornadus, M|100\/100\n|switch|p1b: Amoonguss|Amoonguss, M|100\/100\n|switch|p2a: Crabominable|Crabominable, M|100\/100\n|switch|p2b: Farigiraf|Farigiraf, F|100\/100\n|turn|1\n|\n|t:|1697642169\n|switch|p2a: Pincurchin|Pincurchin, F|100\/100\n|-fieldstart|move: Electric Terrain|[from] ability: Electric Surge|[of] p2a: Pincurchin\n|-enditem|p2a: Pincurchin|Electric Seed\n|-boost|p2a: Pincurchin|def|1|[from] item: Electric Seed\n|move|p1a: Tornadus|Taunt||[still]\n|cant|p2b: Farigiraf|ability: Armor Tail|Taunt|[of] p1a: Tornadus\n|move|p1b: Amoonguss|Spore|p2a: Pincurchin\n|-activate|p2a: Pincurchin|move: Electric Terrain\n|move|p2b: Farigiraf|Trick Room|p2b: Farigiraf\n|-fieldstart|move: Trick Room|[of] p2b: Farigiraf\n|\n|upkeep\n|turn|2\n|inactive|cagoendios69 has 120 seconds left.\n|\n|t:|1697642207\n|switch|p1b: Goodra|Goodra-Hisui, F|100\/100\n|switch|p2b: Gastrodon|Gastrodon, M|100\/100\n|switch|p1a: Landorus|Landorus-Therian, M|100\/100\n|-ability|p1a: Landorus|Intimidate|boost\n|-unboost|p2a: Pincurchin|atk|1\n|-unboost|p2b: Gastrodon|atk|1\n|move|p2a: Pincurchin|Discharge|p1a: Landorus|[spread] p1b\n|-immune|p2b: Gastrodon\n|-immune|p1a: Landorus\n|-resisted|p1b: Goodra\n|-damage|p1b: Goodra|95\/100\n|-status|p1b: Goodra|par\n|\n|upkeep\n|turn|3\n|\n|t:|1697642229\n|move|p1a: Landorus|Protect|p1a: Landorus\n|-singleturn|p1a: Landorus|Protect\n|move|p2a: Pincurchin|Surf|p1b: Goodra|[spread] p1b\n|-activate|p1a: Landorus|move: Protect\n|-ability|p2b: Gastrodon|Storm Drain|boost\n|-boost|p2b: Gastrodon|spa|1\n|-resisted|p1b: Goodra\n|-damage|p1b: Goodra|92\/100 par\n|move|p2b: Gastrodon|Blizzard|p1b: Goodra|[spread] p1b\n|-activate|p1a: Landorus|move: Protect\n|-damage|p1b: Goodra|75\/100 par\n|move|p1b: Goodra|Knock Off|p2a: Pincurchin\n|-damage|p2a: Pincurchin|92\/100\n|\n|upkeep\n|turn|4\n|\n|t:|1697642258\n|switch|p1a: Ogerpon|Ogerpon-Wellspring, F|100\/100\n|move|p2a: Pincurchin|Surf|p1a: Ogerpon|[spread] p1b\n|-ability|p2b: Gastrodon|Storm Drain|boost\n|-boost|p2b: Gastrodon|spa|1\n|-immune|p1a: Ogerpon|[from] ability: Water Absorb\n|-resisted|p1b: Goodra\n|-damage|p1b: Goodra|72\/100 par\n|move|p2b: Gastrodon|Earth Power|p1b: Goodra\n|-supereffective|p1b: Goodra\n|-damage|p1b: Goodra|6\/100 par\n|move|p1b: Goodra|Knock Off|p2b: Gastrodon\n|-damage|p2b: Gastrodon|80\/100\n|-enditem|p2b: Gastrodon|Wide Lens|[from] move: Knock Off|[of] p1b: Goodra\n|\n|upkeep\n|turn|5\n|\n|t:|1697642281\n|-terastallize|p2b: Gastrodon|Ice\n|move|p1a: Ogerpon|Spiky Shield|p1a: Ogerpon\n|-singleturn|p1a: Ogerpon|move: Protect\n|move|p2a: Pincurchin|Memento|p1a: Ogerpon\n|-activate|p1a: Ogerpon|move: Protect\n|move|p2b: Gastrodon|Blizzard|p1a: Ogerpon|[spread] \n|-activate|p1a: Ogerpon|move: Protect\n|-miss|p2b: Gastrodon|p1b: Goodra\n|move|p1b: Goodra|Flash Cannon|p2a: Pincurchin\n|-resisted|p2a: Pincurchin\n|-damage|p2a: Pincurchin|72\/100\n|\n|-fieldend|move: Trick Room\n|-fieldend|move: Electric Terrain\n|upkeep\n|turn|6\n|inactive|cagoendios69 has 120 seconds left.\n|\n|t:|1697642316\n|switch|p2b: Pelipper|Pelipper, F|100\/100\n|-weather|RainDance|[from] ability: Drizzle|[of] p2b: Pelipper\n|move|p1a: Ogerpon|Focus Energy|p1a: Ogerpon\n|-start|p1a: Ogerpon|move: Focus Energy\n|move|p1b: Goodra|Flash Cannon|p2b: Pelipper\n|-resisted|p2b: Pelipper\n|-damage|p2b: Pelipper|78\/100\n|move|p2a: Pincurchin|Memento|p1a: Ogerpon\n|-unboost|p1a: Ogerpon|atk|2\n|-unboost|p1a: Ogerpon|spa|2\n|faint|p2a: Pincurchin\n|\n|-weather|RainDance|[upkeep]\n|upkeep\n|\n|t:|1697642329\n|switch|p2a: Farigiraf|Farigiraf, F|100\/100\n|turn|7\n|\n|t:|1697642336\n|move|p1a: Ogerpon|Ivy Cudgel|p2a: Farigiraf\n|-crit|p2a: Farigiraf\n|-enditem|p2a: Farigiraf|Focus Sash\n|-damage|p2a: Farigiraf|1\/100\n|move|p2b: Pelipper|Hurricane|p1a: Ogerpon\n|-supereffective|p1a: Ogerpon\n|-damage|p1a: Ogerpon|0 fnt\n|faint|p1a: Ogerpon\n|cant|p1b: Goodra|par\n|move|p2a: Farigiraf|Trick Room|p2a: Farigiraf\n|-fieldstart|move: Trick Room|[of] p2a: Farigiraf\n|\n|-weather|RainDance|[upkeep]\n|upkeep\n|\n|t:|1697642347\n|switch|p1a: Flutter Mane|Flutter Mane|100\/100\n|turn|8\n|\n|t:|1697642363\n|cant|p1b: Goodra|par\n|move|p2a: Farigiraf|Psychic Fangs|p1a: Flutter Mane\n|-damage|p1a: Flutter Mane|68\/100\n|move|p2b: Pelipper|Hurricane|p1a: Flutter Mane\n|-damage|p1a: Flutter Mane|25\/100\n|move|p1a: Flutter Mane|Shadow Ball|p2b: Pelipper\n|-damage|p2b: Pelipper|29\/100\n|\n|-weather|RainDance|[upkeep]\n|upkeep\n|turn|9\n|\n|t:|1697642380\n|-end|p1a: Flutter Mane|Protosynthesis|[silent]\n|switch|p1a: Amoonguss|Amoonguss, M|100\/100\n|move|p1b: Goodra|Knock Off|p2a: Farigiraf\n|-supereffective|p2a: Farigiraf\n|-damage|p2a: Farigiraf|0 fnt\n|faint|p2a: Farigiraf\n|move|p2b: Pelipper|Surf|p1b: Goodra|[spread] p1a,p1b\n|-resisted|p1a: Amoonguss\n|-resisted|p1b: Goodra\n|-damage|p1a: Amoonguss|80\/100\n|-damage|p1b: Goodra|0 fnt\n|faint|p1b: Goodra\n|\n|-weather|RainDance|[upkeep]\n|-heal|p1a: Amoonguss|87\/100|[from] item: Black Sludge\n|upkeep\n|\n|t:|1697642388\n|switch|p2a: Crabominable|Crabominable, M|100\/100\n|switch|p1b: Landorus|Landorus-Therian, M|100\/100\n|-ability|p1b: Landorus|Intimidate|boost\n|-unboost|p2a: Crabominable|atk|1\n|-unboost|p2b: Pelipper|atk|1\n|turn|10\n|\n|t:|1697642396\n|move|p1a: Amoonguss|Rage Powder|p1a: Amoonguss\n|-singleturn|p1a: Amoonguss|move: Rage Powder\n|move|p2a: Crabominable|Ice Hammer|p1a: Amoonguss|[miss]\n|-miss|p2a: Crabominable|p1a: Amoonguss\n|move|p2b: Pelipper|Ice Beam|p1a: Amoonguss\n|-supereffective|p1a: Amoonguss\n|-damage|p1a: Amoonguss|44\/100\n|move|p1b: Landorus|Smack Down|p2b: Pelipper\n|-supereffective|p2b: Pelipper\n|-damage|p2b: Pelipper|0 fnt\n|faint|p2b: Pelipper\n|\n|-weather|RainDance|[upkeep]\n|-heal|p1a: Amoonguss|50\/100|[from] item: Black Sludge\n|upkeep\n|\n|t:|1697642409\n|switch|p2b: Bruxish|Bruxish, F|100\/100\n|turn|11\n|\n|t:|1697642423\n|move|p1b: Landorus|Protect|p1b: Landorus\n|-singleturn|p1b: Landorus|Protect\n|move|p2a: Crabominable|Ice Hammer|p1b: Landorus\n|-activate|p1b: Landorus|move: Protect\n|move|p1a: Amoonguss|Spore|p2a: Crabominable\n|-status|p2a: Crabominable|slp|[from] move: Spore\n|move|p2b: Bruxish|Psychic Fangs|p1a: Amoonguss\n|-supereffective|p1a: Amoonguss\n|-damage|p1a: Amoonguss|0 fnt\n|faint|p1a: Amoonguss\n|\n|-weather|RainDance|[upkeep]\n|-fieldend|move: Trick Room\n|upkeep\n|\n|t:|1697642436\n|switch|p1a: Flutter Mane|Flutter Mane|25\/100\n|turn|12\n|\n|t:|1697642444\n|move|p1a: Flutter Mane|Shadow Ball|p2b: Bruxish\n|-supereffective|p2b: Bruxish\n|-damage|p2b: Bruxish|37\/100\n|move|p1b: Landorus|Brick Break|p2a: Crabominable\n|-supereffective|p2a: Crabominable\n|-damage|p2a: Crabominable|46\/100 slp\n|cant|p2a: Crabominable|slp\n|move|p2b: Bruxish|Trick Room|p2b: Bruxish\n|-fieldstart|move: Trick Room|[of] p2b: Bruxish\n|\n|-weather|RainDance|[upkeep]\n|upkeep\n|turn|13\n|\n|t:|1697642462\n|-end|p1a: Flutter Mane|Protosynthesis|[silent]\n|switch|p1a: Tornadus|Tornadus, M|100\/100\n|move|p2b: Bruxish|Aqua Jet|p1a: Tornadus\n|-damage|p1a: Tornadus|80\/100\n|-curestatus|p2a: Crabominable|slp|[msg]\n|move|p2a: Crabominable|Ice Hammer|p1b: Landorus|[miss]\n|-miss|p2a: Crabominable|p1b: Landorus\n|move|p1b: Landorus|Brick Break|p2a: Crabominable\n|-supereffective|p2a: Crabominable\n|-damage|p2a: Crabominable|0 fnt\n|faint|p2a: Crabominable\n|\n|-weather|none\n|upkeep\n|\n|t:|1697642471\n|switch|p2a: Gastrodon|Gastrodon, M, tera:Ice|80\/100\n|turn|14\n|\n|t:|1697642484\n|move|p1b: Landorus|Protect|p1b: Landorus\n|-singleturn|p1b: Landorus|Protect\n|move|p2b: Bruxish|Aqua Jet|p2a: Gastrodon\n|-ability|p2a: Gastrodon|Storm Drain|boost\n|-boost|p2a: Gastrodon|spa|1\n|move|p2a: Gastrodon|Blizzard|p1a: Tornadus|[spread] p1a\n|-activate|p1b: Landorus|move: Protect\n|-supereffective|p1a: Tornadus\n|-damage|p1a: Tornadus|0 fnt\n|faint|p1a: Tornadus\n|\n|upkeep\n|\n|t:|1697642487\n|switch|p1a: Flutter Mane|Flutter Mane|25\/100\n|turn|15\n|\n|t:|1697642506\n|move|p2b: Bruxish|Aqua Jet|p2a: Gastrodon\n|-ability|p2a: Gastrodon|Storm Drain|boost\n|-boost|p2a: Gastrodon|spa|1\n|move|p2a: Gastrodon|Muddy Water|p1a: Flutter Mane|[spread] p1a,p1b\n|-supereffective|p1b: Landorus\n|-damage|p1a: Flutter Mane|0 fnt\n|-damage|p1b: Landorus|6\/100\n|faint|p1a: Flutter Mane\n|-end|p1a: Flutter Mane|Protosynthesis|[silent]\n|move|p1b: Landorus|Brick Break|p2b: Bruxish\n|-resisted|p2b: Bruxish\n|-damage|p2b: Bruxish|21\/100\n|\n|upkeep\n|turn|16\n|\n|t:|1697642519\n|move|p1b: Landorus|Protect|p1b: Landorus\n|-singleturn|p1b: Landorus|Protect\n|move|p2a: Gastrodon|Muddy Water|p1b: Landorus\n|-activate|p1b: Landorus|move: Protect\n|move|p2b: Bruxish|Surf|p1b: Landorus|[spread] \n|-activate|p1b: Landorus|move: Protect\n|-ability|p2a: Gastrodon|Storm Drain|boost\n|-boost|p2a: Gastrodon|spa|1\n|\n|-fieldend|move: Trick Room\n|upkeep\n|turn|17\n|\n|t:|1697642524\n|-terastallize|p1b: Landorus|Ground\n|move|p1b: Landorus|Bulldoze|p2a: Gastrodon|[spread] p2a,p2b\n|-damage|p2a: Gastrodon|51\/100\n|-damage|p2b: Bruxish|0 fnt\n|-unboost|p2a: Gastrodon|spe|1\n|faint|p2b: Bruxish\n|move|p2a: Gastrodon|Muddy Water|p1b: Landorus|[miss]\n|-miss|p2a: Gastrodon|p1b: Landorus\n|\n|upkeep\n|turn|18\n|\n|t:|1697642541\n|move|p1b: Landorus|Brick Break|p2a: Gastrodon\n|-supereffective|p2a: Gastrodon\n|-damage|p2a: Gastrodon|0 fnt\n|faint|p2a: Gastrodon\n|\n|win|cagoendios69\n|raw|cagoendios69's rating: 1233 &rarr; <strong>1267<\/strong><br \/>(+34 for winning)\n|raw|Insectassistant's rating: 1366 &rarr; <strong>1339<\/strong><br \/>(-27 for losing)\n|c|\u2606Insectassistant|Gg\n|l|\u2606Insectassistant\n|c|\u2606cagoendios69|gg\n","uploadtime":1697642557,"views":20,"p1id":"cagoendios69","p2id":"insectassistant","formatid":"gen9doublesou","rating":1267,"private":0,"password":""}