{"id":"gen9doublesou-1985516590","p1":"Rungy","p2":"oby schmoby","format":"[Gen 9] Doubles OU","log":"|j|\u2606Rungy\n|j|\u2606oby schmoby\n|t:|1699381101\n|gametype|doubles\n|player|p1|Rungy|gambler|1115\n|player|p2|oby schmoby|169|1058\n|teamsize|p1|6\n|teamsize|p2|6\n|gen|9\n|tier|[Gen 9] Doubles OU\n|rated|\n|rule|Species Clause: Limit one of each Pok\u00e9mon\n|rule|OHKO Clause: OHKO moves are banned\n|rule|Evasion Moves Clause: Evasion moves are banned\n|rule|Gravity Sleep Clause: The combination of sleep-inducing moves with imperfect accuracy and Gravity or Gigantamax Orbeetle are banned\n|rule|Endless Battle Clause: Forcing endless battles is banned\n|rule|HP Percentage Mod: HP is shown in percentages\n|clearpoke\n|poke|p1|Weezing-Galar, F|\n|poke|p1|Pelipper, M|\n|poke|p1|Farigiraf, M|\n|poke|p1|Gastrodon-East, M|\n|poke|p1|Wyrdeer, M|\n|poke|p1|Jolteon, M|\n|poke|p2|Falinks|\n|poke|p2|Flamigo, M|\n|poke|p2|Clefairy, F|\n|poke|p2|Armarouge, M|\n|poke|p2|Diancie|\n|poke|p2|Shaymin-Sky|\n|teampreview\n|inactive|Battle timer is ON: inactive players will automatically lose when time's up. (requested by oby schmoby)\n|c|\u2606Rungy|glhf!\n|c|\u2606oby schmoby|All my fellas! :D\n|\n|t:|1699381110\n|start\n|switch|p1a: Assmar|Weezing-Galar, F|100\/100\n|switch|p1b: Mr. Rothschild|Farigiraf, M|100\/100\n|switch|p2a: All my Fellas!|Falinks, shiny|100\/100\n|switch|p2b: Barbie|Clefairy, F|100\/100\n|-fieldstart|move: Misty Terrain|[from] ability: Misty Surge|[of] p1a: Assmar\n|turn|1\n|c|\u2606oby schmoby|!Data Misty Terrain\n|raw|<ul class=\"utilichart\"><li class=\"result\"><span class=\"col movenamecol\"><a href=\"https:\/\/dex.pokemonshowdown.com\/moves\/mistyterrain\">Misty Terrain<\/a><\/span> <span class=\"col typecol\"><img src=\"\/\/play.pokemonshowdown.com\/sprites\/types\/Fairy.png\" alt=\"Fairy\" width=\"32\" height=\"14\"><img src=\"\/\/play.pokemonshowdown.com\/sprites\/categories\/Status.png\" alt=\"Status\" width=\"32\" height=\"14\"><\/span> <span class=\"col widelabelcol\"><em>Accuracy<\/em><br>\u2014<\/span> <span class=\"col pplabelcol\"><em>PP<\/em><br>16<\/span> <span class=\"col movedesccol\">5 turns. Can't status,-Dragon power vs grounded.<\/span> <\/li><li style=\"clear:both\"><\/li><\/ul>\n\n|\n|t:|1699381140\n|move|p2b: Barbie|Follow Me|p2b: Barbie\n|-singleturn|p2b: Barbie|move: Follow Me\n|move|p1b: Mr. Rothschild|Nasty Plot|p1b: Mr. Rothschild\n|-boost|p1b: Mr. Rothschild|spa|2\n|move|p2a: All my Fellas!|No Retreat|p2a: All my Fellas!\n|-boost|p2a: All my Fellas!|atk|1\n|-boost|p2a: All my Fellas!|def|1\n|-boost|p2a: All my Fellas!|spa|1\n|-boost|p2a: All my Fellas!|spd|1\n|-boost|p2a: All my Fellas!|spe|1\n|-start|p2a: All my Fellas!|move: No Retreat\n|move|p1a: Assmar|Strange Steam|p2b: Barbie\n|-damage|p2b: Barbie|75\/100\n|\n|upkeep\n|turn|2\n|\n|t:|1699381167\n|switch|p1a: Khan|Gastrodon-East, M|100\/100\n|move|p2b: Barbie|Follow Me|p2b: Barbie\n|-singleturn|p2b: Barbie|move: Follow Me\n|move|p2a: All my Fellas!|Rock Slide|p1a: Khan|[spread] p1a,p1b\n|-resisted|p1a: Khan\n|-damage|p1a: Khan|85\/100\n|-damage|p1b: Mr. Rothschild|71\/100\n|move|p1b: Mr. Rothschild|Dazzling Gleam|p2b: Barbie|[spread] p2a,p2b\n|-supereffective|p2a: All my Fellas!\n|-damage|p2a: All my Fellas!|31\/100\n|-damage|p2b: Barbie|52\/100\n|\n|upkeep\n|turn|3\n|\n|t:|1699381196\n|-terastallize|p2a: All my Fellas!|Dark\n|move|p2a: All my Fellas!|Tera Blast|p1b: Mr. Rothschild|[anim] Tera Blast Dark\n|-supereffective|p1b: Mr. Rothschild\n|-damage|p1b: Mr. Rothschild|0 fnt\n|faint|p1b: Mr. Rothschild\n|move|p2b: Barbie|Heal Pulse|p2a: All my Fellas!\n|-heal|p2a: All my Fellas!|81\/100\n|move|p1a: Khan|Sludge Bomb|p2b: Barbie\n|-supereffective|p2b: Barbie\n|-damage|p2b: Barbie|19\/100\n|\n|upkeep\n|\n|t:|1699381206\n|switch|p1b: Assmar|Weezing-Galar, F|100\/100\n|turn|4\n|\n|t:|1699381217\n|move|p2b: Barbie|Follow Me|p2b: Barbie\n|-singleturn|p2b: Barbie|move: Follow Me\n|move|p2a: All my Fellas!|Rock Slide|p1b: Assmar|[spread] p1a,p1b\n|-resisted|p1a: Khan\n|-damage|p1a: Khan|71\/100\n|-damage|p1b: Assmar|77\/100\n|move|p1b: Assmar|Haze|p1b: Assmar\n|-clearallboost\n|cant|p1a: Khan|flinch\n|\n|upkeep\n|turn|5\n|c|\u2606oby schmoby|aww poo\n|\n|t:|1699381241\n|move|p2b: Barbie|Protect|p2b: Barbie\n|-singleturn|p2b: Barbie|Protect\n|move|p2a: All my Fellas!|Tera Blast|p1a: Khan|[anim] Tera Blast Dark\n|-damage|p1a: Khan|28\/100\n|move|p1b: Assmar|Strange Steam|p2a: All my Fellas!\n|-supereffective|p2a: All my Fellas!\n|-damage|p2a: All my Fellas!|0 fnt\n|faint|p2a: All my Fellas!\n|move|p1a: Khan|Sludge Bomb|p2b: Barbie\n|-activate|p2b: Barbie|move: Protect\n|\n|upkeep\n|inactive|oby schmoby has 120 seconds left.\n|\n|t:|1699381257\n|switch|p2a: Pink Diamond|Diancie|100\/100\n|turn|6\n|c|\u2606Rungy|Is that a Charli XCX reference??\n|\n|t:|1699381286\n|switch|p2b: Token Legendary|Shaymin-Sky|100\/100\n|move|p1b: Assmar|Shadow Ball|p2b: Token Legendary\n|-damage|p2b: Token Legendary|77\/100\n|-unboost|p2b: Token Legendary|spd|1\n|move|p2a: Pink Diamond|Diamond Storm|p1a: Khan|[spread] p1a,p1b\n|-resisted|p1a: Khan\n|-damage|p1a: Khan|14\/100\n|-damage|p1b: Assmar|54\/100\n|move|p1a: Khan|Earth Power|p2a: Pink Diamond\n|-supereffective|p2a: Pink Diamond\n|-damage|p2a: Pink Diamond|39\/100\n|\n|-heal|p2b: Token Legendary|83\/100|[from] item: Leftovers\n|-heal|p2a: Pink Diamond|45\/100|[from] item: Leftovers\n|upkeep\n|turn|7\n|c|\u2606oby schmoby|no, i just lost.\n|inactive|oby schmoby has 120 seconds left.\n|\n|t:|1699381322\n|switch|p1a: O'deer|Wyrdeer, M|100\/100\n|move|p2b: Token Legendary|Air Slash|p1b: Assmar\n|-damage|p1b: Assmar|15\/100\n|cant|p1b: Assmar|flinch\n|move|p2a: Pink Diamond|Draining Kiss|p1a: O'deer\n|-damage|p1a: O'deer|69\/100\n|-heal|p2a: Pink Diamond|72\/100|[from] drain|[of] p1a: O'deer\n|\n|-heal|p2b: Token Legendary|89\/100|[from] item: Leftovers\n|-heal|p2a: Pink Diamond|78\/100|[from] item: Leftovers\n|upkeep\n|turn|8\n|\n|t:|1699381338\n|move|p2b: Token Legendary|Leech Seed|p1a: O'deer\n|-ability|p1a: O'deer|Sap Sipper|boost\n|-boost|p1a: O'deer|atk|1\n|move|p1a: O'deer|High Horsepower|p2a: Pink Diamond\n|-supereffective|p2a: Pink Diamond\n|-damage|p2a: Pink Diamond|8\/100\n|move|p1b: Assmar|Flamethrower|p2b: Token Legendary\n|-supereffective|p2b: Token Legendary\n|-damage|p2b: Token Legendary|4\/100\n|move|p2a: Pink Diamond|Diamond Storm|p1b: Assmar|[spread] p1a,p1b\n|-damage|p1a: O'deer|37\/100\n|-damage|p1b: Assmar|0 fnt\n|faint|p1b: Assmar\n|\n|-heal|p2b: Token Legendary|11\/100|[from] item: Leftovers\n|-heal|p2a: Pink Diamond|14\/100|[from] item: Leftovers\n|-fieldend|Misty Terrain\n|upkeep\n|\n|t:|1699381353\n|switch|p1b: LIPS INC|Pelipper, M|100\/100\n|-weather|RainDance|[from] ability: Drizzle|[of] p1b: LIPS INC\n|turn|9\n|\n|t:|1699381363\n|move|p2b: Token Legendary|Air Slash|p1a: O'deer\n|-damage|p1a: O'deer|1\/100\n|move|p1a: O'deer|High Horsepower|p2a: Pink Diamond\n|-supereffective|p2a: Pink Diamond\n|-damage|p2a: Pink Diamond|0 fnt\n|faint|p2a: Pink Diamond\n|move|p1b: LIPS INC|Ice Beam|p2b: Token Legendary\n|-supereffective|p2b: Token Legendary\n|-damage|p2b: Token Legendary|0 fnt\n|faint|p2b: Token Legendary\n|\n|-weather|RainDance|[upkeep]\n|upkeep\n|\n|t:|1699381378\n|switch|p2b: Karma|Armarouge, M, shiny|100\/100\n|switch|p2a: Rocky|Flamigo, M|100\/100\n|-copyboost|p2a: Rocky|p2b: Karma|[from] ability: Costar\n|turn|10\n|\n|t:|1699381395\n|move|p2a: Rocky|U-turn|p1a: O'deer\n|-supereffective|p1a: O'deer\n|-damage|p1a: O'deer|0 fnt\n|faint|p1a: O'deer\n|\n|t:|1699381400\n|switch|p2a: Barbie|Clefairy, F|19\/100|[from] U-turn\n|move|p2b: Karma|Calm Mind|p2b: Karma\n|-boost|p2b: Karma|spa|1\n|-boost|p2b: Karma|spd|1\n|move|p1b: LIPS INC|Tailwind|p1b: LIPS INC\n|-sidestart|p1: Rungy|move: Tailwind\n|\n|-weather|RainDance|[upkeep]\n|upkeep\n|\n|t:|1699381408\n|switch|p1a: BOLT|Jolteon, M|100\/100\n|turn|11\n|\n|t:|1699381415\n|move|p1a: BOLT|Weather Ball|p2b: Karma\n|-supereffective|p2b: Karma\n|-damage|p2b: Karma|30\/100\n|-enditem|p2b: Karma|Weakness Policy\n|-boost|p2b: Karma|atk|2|[from] item: Weakness Policy\n|-boost|p2b: Karma|spa|2|[from] item: Weakness Policy\n|-damage|p1a: BOLT|91\/100|[from] item: Life Orb\n|move|p1b: LIPS INC|Hurricane|p2a: Barbie\n|-damage|p2a: Barbie|0 fnt\n|faint|p2a: Barbie\n|move|p2b: Karma|Calm Mind|p2b: Karma\n|-boost|p2b: Karma|spa|1\n|-boost|p2b: Karma|spd|1\n|\n|-weather|RainDance|[upkeep]\n|upkeep\n|\n|t:|1699381429\n|switch|p2a: Rocky|Flamigo, M|100\/100\n|-copyboost|p2a: Rocky|p2b: Karma|[from] ability: Costar\n|turn|12\n|c|\u2606Rungy|gg!\n|c|\u2606oby schmoby|gg xd\n|\n|t:|1699381454\n|move|p1a: BOLT|Weather Ball|p2b: Karma\n|-supereffective|p2b: Karma\n|-damage|p2b: Karma|0 fnt\n|faint|p2b: Karma\n|-damage|p1a: BOLT|81\/100|[from] item: Life Orb\n|move|p1b: LIPS INC|Hurricane|p2a: Rocky\n|-supereffective|p2a: Rocky\n|-damage|p2a: Rocky|21\/100\n|move|p2a: Rocky|Close Combat|p1a: BOLT\n|-damage|p1a: BOLT|0 fnt\n|-unboost|p2a: Rocky|def|1\n|-unboost|p2a: Rocky|spd|1\n|faint|p1a: BOLT\n|\n|-weather|RainDance|[upkeep]\n|upkeep\n|\n|t:|1699381468\n|switch|p1a: Khan|Gastrodon-East, M|14\/100\n|turn|13\n|\n|t:|1699381475\n|move|p1b: LIPS INC|Hurricane|p2a: Rocky\n|-supereffective|p2a: Rocky\n|-damage|p2a: Rocky|0 fnt\n|faint|p2a: Rocky\n|\n|win|Rungy\n|raw|Rungy's rating: 1115 &rarr; <strong>1136<\/strong><br \/>(+21 for winning)\n|raw|oby schmoby's rating: 1058 &rarr; <strong>1042<\/strong><br \/>(-16 for losing)\n|l|\u2606oby schmoby\n","uploadtime":1699381482,"views":9,"p1id":"rungy","p2id":"obyschmoby","formatid":"gen9doublesou","rating":1042,"private":0,"password":""}