{"id":"gen9doublesou-1974049642","p1":"guru000","p2":"banwobDPP","format":"[Gen 9] Doubles OU","log":"|j|\u2606guru000\n|j|\u2606banwobDPP\n|inactive|Battle timer is ON: inactive players will automatically lose when time's up.\n|t:|1698048050\n|gametype|doubles\n|player|p1|guru000|1|\n|player|p2|banwobDPP|n-masters|\n|teamsize|p1|6\n|teamsize|p2|6\n|gen|9\n|tier|[Gen 9] Doubles OU\n|rated|Tournament battle\n|rule|Species Clause: Limit one of each Pok\u00e9mon\n|rule|OHKO Clause: OHKO moves are banned\n|rule|Evasion Moves Clause: Evasion moves are banned\n|rule|Gravity Sleep Clause: The combination of sleep-inducing moves with imperfect accuracy and Gravity or Gigantamax Orbeetle are banned\n|rule|Endless Battle Clause: Forcing endless battles is banned\n|rule|HP Percentage Mod: HP is shown in percentages\n|rule|2 Ability Clause: Limit 2 of each ability\n|clearpoke\n|poke|p1|Flutter Mane|\n|poke|p1|Okidogi, M|\n|poke|p1|Gholdengo|\n|poke|p1|Sinistcha|\n|poke|p1|Chi-Yu|\n|poke|p1|Ogerpon-Wellspring, F|\n|poke|p2|Rillaboom, F|\n|poke|p2|Ogerpon-Hearthflame, F|\n|poke|p2|Iron Hands|\n|poke|p2|Dragonite, F|\n|poke|p2|Flutter Mane|\n|poke|p2|Urshifu-*, F|\n|teampreview\n|j|*Lady Monita \u263d\n|inactive|guru000 has 120 seconds left.\n|inactive|banwobDPP has 120 seconds left.\n|\n|t:|1698048091\n|start\n|switch|p1a: Flutter Mane|Flutter Mane|100\/100\n|switch|p1b: Gholdengo|Gholdengo|100\/100\n|switch|p2a: Rillaboom|Rillaboom, F|100\/100\n|switch|p2b: Dragonite|Dragonite, F|100\/100\n|-fieldstart|move: Grassy Terrain|[from] ability: Grassy Surge|[of] p2a: Rillaboom\n|turn|1\n|inactive|banwobDPP has 120 seconds left.\n|\n|t:|1698048138\n|switch|p2a: Ogerpon|Ogerpon-Hearthflame, F|100\/100\n|-ability|p2a: Ogerpon|Mold Breaker\n|move|p2b: Dragonite|Extreme Speed|p1a: Flutter Mane\n|-damage|p1a: Flutter Mane|0 fnt\n|faint|p1a: Flutter Mane\n|move|p1b: Gholdengo|Dazzling Gleam|p2b: Dragonite|[spread] p2a,p2b\n|-resisted|p2a: Ogerpon\n|-supereffective|p2b: Dragonite\n|-damage|p2a: Ogerpon|88\/100\n|-damage|p2b: Dragonite|60\/100\n|\n|-heal|p2a: Ogerpon|94\/100|[from] Grassy Terrain\n|upkeep\n|\n|t:|1698048166\n|switch|p1a: Ogerpon|Ogerpon-Wellspring, F|100\/100\n|turn|2\n|inactive|banwobDPP has 120 seconds left.\n|\n|t:|1698048186\n|-terastallize|p1a: Ogerpon|Water\n|detailschange|p1a: Ogerpon|Ogerpon-Wellspring-Tera, F, tera:Water\n|-ability|p1a: Ogerpon|Embody Aspect (Wellspring)|boost\n|-boost|p1a: Ogerpon|spd|1\n|move|p2b: Dragonite|Extreme Speed|p1a: Ogerpon\n|-damage|p1a: Ogerpon|0 fnt\n|faint|p1a: Ogerpon\n|move|p2a: Ogerpon|Ivy Cudgel|p1b: Gholdengo\n|-supereffective|p1b: Gholdengo\n|-damage|p1b: Gholdengo|0 fnt\n|faint|p1b: Gholdengo\n|\n|-heal|p2a: Ogerpon|99\/100|[from] Grassy Terrain\n|upkeep\n|\n|t:|1698048203\n|switch|p1a: Okidogi|Okidogi, M|100\/100\n|switch|p1b: Chi-Yu|Chi-Yu|100\/100\n|-weather|DesolateLand|[from] ability: Desolate Land|[of] p1b: Chi-Yu\n|turn|3\n|\n|t:|1698048232\n|move|p2b: Dragonite|Extreme Speed|p1b: Chi-Yu\n|-damage|p1b: Chi-Yu|0 fnt\n|faint|p1b: Chi-Yu\n|-weather|none\n|move|p2a: Ogerpon|Ivy Cudgel|p1a: Okidogi\n|-damage|p1a: Okidogi|52\/100\n|move|p1a: Okidogi|Ice Punch|p2b: Dragonite\n|-supereffective|p2b: Dragonite\n|-damage|p2b: Dragonite|0 fnt\n|faint|p2b: Dragonite\n|\n|-heal|p2a: Ogerpon|100\/100|[from] Grassy Terrain\n|-heal|p1a: Okidogi|58\/100|[from] Grassy Terrain\n|-heal|p1a: Okidogi|64\/100|[from] item: Leftovers\n|upkeep\n|\n|t:|1698048245\n|switch|p1b: Sinistcha|Sinistcha|100\/100\n|switch|p2b: Flutter Mane|Flutter Mane|100\/100\n|turn|4\n|inactive|banwobDPP has 120 seconds left.\n|\n|t:|1698048276\n|switch|p2b: Iron Hands|Iron Hands|100\/100\n|move|p1a: Okidogi|Drain Punch|p2a: Ogerpon\n|-damage|p2a: Ogerpon|50\/100\n|-heal|p1a: Okidogi|85\/100|[from] drain|[of] p2a: Ogerpon\n|move|p2a: Ogerpon|Ivy Cudgel|p1b: Sinistcha\n|-supereffective|p1b: Sinistcha\n|-damage|p1b: Sinistcha|0 fnt\n|faint|p1b: Sinistcha\n|\n|-heal|p2a: Ogerpon|56\/100|[from] Grassy Terrain\n|-heal|p1a: Okidogi|91\/100|[from] Grassy Terrain\n|-heal|p1a: Okidogi|97\/100|[from] item: Leftovers\n|upkeep\n|turn|5\n|\n|t:|1698048288\n|move|p2a: Ogerpon|Swords Dance|p2a: Ogerpon\n|-boost|p2a: Ogerpon|atk|2\n|move|p1a: Okidogi|Bulk Up|p1a: Okidogi\n|-boost|p1a: Okidogi|atk|1\n|-boost|p1a: Okidogi|def|1\n|move|p2b: Iron Hands|Swords Dance|p2b: Iron Hands\n|-boost|p2b: Iron Hands|atk|2\n|\n|-heal|p2a: Ogerpon|62\/100|[from] Grassy Terrain\n|-heal|p1a: Okidogi|100\/100|[from] Grassy Terrain\n|-fieldend|move: Grassy Terrain\n|upkeep\n|turn|6\n|\n|t:|1698048303\n|move|p2a: Ogerpon|Spiky Shield|p2a: Ogerpon\n|-singleturn|p2a: Ogerpon|move: Protect\n|move|p1a: Okidogi|Drain Punch|p2a: Ogerpon\n|-activate|p2a: Ogerpon|move: Protect\n|-damage|p1a: Okidogi|88\/100|[from] Spiky Shield|[of] p2a: Ogerpon\n|move|p2b: Iron Hands|Thunder Punch|p1a: Okidogi\n|-damage|p1a: Okidogi|37\/100\n|\n|-heal|p1a: Okidogi|43\/100|[from] item: Leftovers\n|upkeep\n|turn|7\n|\n|t:|1698048318\n|move|p2a: Ogerpon|Ivy Cudgel|p1a: Okidogi\n|-damage|p1a: Okidogi|0 fnt\n|faint|p1a: Okidogi\n|\n|win|banwobDPP\n|n|\u2606guru000|guru000\n|n|\u2606banwobDPP|banwobdpp\n|n|*Lady Monita \u263d|ladymonita\n","uploadtime":1698048319,"views":21,"p1id":"guru000","p2id":"banwobdpp","formatid":"gen9doublesou","rating":0,"private":0,"password":""}