{"id":"gen9doublesou-1981731063","p1":"ChrolloLucilfer24","p2":"mikeyuwu","format":"[Gen 9] Doubles OU","log":"|j|\u2606ChrolloLucilfer24\n|j|\u2606mikeyuwu\n|t:|1698937298\n|gametype|doubles\n|player|p1|ChrolloLucilfer24|burglar|1052\n|player|p2|mikeyuwu|psychic-gen4|1172\n|teamsize|p1|6\n|teamsize|p2|6\n|gen|9\n|tier|[Gen 9] Doubles OU\n|rated|\n|rule|Species Clause: Limit one of each Pok\u00e9mon\n|rule|OHKO Clause: OHKO moves are banned\n|rule|Evasion Moves Clause: Evasion moves are banned\n|rule|Gravity Sleep Clause: The combination of sleep-inducing moves with imperfect accuracy and Gravity or Gigantamax Orbeetle are banned\n|rule|Endless Battle Clause: Forcing endless battles is banned\n|rule|HP Percentage Mod: HP is shown in percentages\n|clearpoke\n|poke|p1|Kingambit, M|\n|poke|p1|Farigiraf, M|\n|poke|p1|Iron Hands|\n|poke|p1|Gholdengo|\n|poke|p1|Sinistcha|\n|poke|p1|Goodra-Hisui, M|\n|poke|p2|Garchomp, M|\n|poke|p2|Tyranitar, F|\n|poke|p2|Vaporeon, F|\n|poke|p2|Toxicroak, M|\n|poke|p2|Pelipper, F|\n|poke|p2|Abomasnow, M|\n|teampreview\n|\n|t:|1698937306\n|start\n|switch|p1a: Farigiraf|Farigiraf, M|100\/100\n|switch|p1b: Iron Hands|Iron Hands|100\/100\n|switch|p2a: Extra Spicy|Garchomp, M|100\/100\n|switch|p2b: Cold Shoulder|Abomasnow, M, shiny|100\/100\n|-weather|Snow|[from] ability: Snow Warning|[of] p2b: Cold Shoulder\n|turn|1\n|\n|t:|1698937322\n|move|p1b: Iron Hands|Fake Out|p2a: Extra Spicy\n|-damage|p2a: Extra Spicy|93\/100\n|-damage|p1b: Iron Hands|88\/100|[from] ability: Rough Skin|[of] p2a: Extra Spicy\n|-damage|p1b: Iron Hands|72\/100|[from] item: Rocky Helmet|[of] p2a: Extra Spicy\n|cant|p2a: Extra Spicy|flinch\n|move|p2b: Cold Shoulder|Blizzard|p1a: Farigiraf|[spread] p1a,p1b\n|-damage|p1a: Farigiraf|74\/100\n|-damage|p1b: Iron Hands|56\/100\n|move|p1a: Farigiraf|Trick Room|p1a: Farigiraf\n|-fieldstart|move: Trick Room|[of] p1a: Farigiraf\n|\n|-weather|Snow|[upkeep]\n|upkeep\n|turn|2\n|\n|t:|1698937349\n|move|p1b: Iron Hands|Volt Switch|p2b: Cold Shoulder\n|-resisted|p2b: Cold Shoulder\n|-damage|p2b: Cold Shoulder|94\/100\n|\n|t:|1698937356\n|-end|p1b: Iron Hands|Quark Drive|[silent]\n|switch|p1b: Sinistcha|Sinistcha|100\/100|[from] Volt Switch\n|-heal|p1a: Farigiraf|99\/100|[from] ability: Hospitality|[of] p1b: Sinistcha\n|move|p1a: Farigiraf|Dazzling Gleam|p2b: Cold Shoulder|[spread] p2a,p2b\n|-supereffective|p2a: Extra Spicy\n|-crit|p2b: Cold Shoulder\n|-damage|p2a: Extra Spicy|62\/100\n|-damage|p2b: Cold Shoulder|65\/100\n|move|p2b: Cold Shoulder|Blizzard|p1b: Sinistcha|[spread] p1a,p1b\n|-supereffective|p1b: Sinistcha\n|-damage|p1a: Farigiraf|73\/100\n|-damage|p1b: Sinistcha|41\/100\n|move|p2a: Extra Spicy|Earthquake|p1a: Farigiraf|[spread] p2b,p1a,p1b\n|-resisted|p2b: Cold Shoulder\n|-resisted|p1b: Sinistcha\n|-damage|p2b: Cold Shoulder|56\/100\n|-damage|p1a: Farigiraf|47\/100\n|-damage|p1b: Sinistcha|28\/100\n|\n|-weather|Snow|[upkeep]\n|-heal|p1b: Sinistcha|34\/100|[from] item: Leftovers\n|upkeep\n|turn|3\n|\n|t:|1698937382\n|switch|p2a: OTLHPM|Toxicroak, M|100\/100\n|move|p1a: Farigiraf|Dazzling Gleam|p2b: Cold Shoulder|[spread] p2a,p2b\n|-damage|p2a: OTLHPM|82\/100\n|-damage|p2b: Cold Shoulder|38\/100\n|move|p1b: Sinistcha|Matcha Gotcha|p2a: OTLHPM|[spread] p2a,p2b\n|-resisted|p2a: OTLHPM\n|-resisted|p2b: Cold Shoulder\n|-damage|p2a: OTLHPM|68\/100\n|-heal|p1b: Sinistcha|42\/100|[from] drain|[of] p2a: OTLHPM\n|-damage|p2b: Cold Shoulder|23\/100\n|-heal|p1b: Sinistcha|50\/100|[from] drain|[of] p2b: Cold Shoulder\n|move|p2b: Cold Shoulder|Blizzard|p1b: Sinistcha|[spread] p1a,p1b\n|-supereffective|p1b: Sinistcha\n|-damage|p1a: Farigiraf|22\/100\n|-damage|p1b: Sinistcha|0 fnt\n|faint|p1b: Sinistcha\n|\n|-weather|Snow|[upkeep]\n|-heal|p2a: OTLHPM|74\/100|[from] item: Black Sludge\n|upkeep\n|\n|t:|1698937401\n|switch|p1b: Iron Hands|Iron Hands|56\/100\n|turn|4\n|\n|t:|1698937410\n|switch|p2b: Extra Spicy|Garchomp, M|62\/100\n|switch|p2a: ThcrThnSnkr|Tyranitar, F|100\/100\n|-weather|Sandstorm|[from] ability: Sand Stream|[of] p2a: ThcrThnSnkr\n|move|p1b: Iron Hands|Fake Out|p2b: Extra Spicy\n|-damage|p2b: Extra Spicy|53\/100\n|-damage|p1b: Iron Hands|43\/100|[from] ability: Rough Skin|[of] p2b: Extra Spicy\n|-damage|p1b: Iron Hands|27\/100|[from] item: Rocky Helmet|[of] p2b: Extra Spicy\n|move|p1a: Farigiraf|Psychic|p2a: ThcrThnSnkr\n|-immune|p2a: ThcrThnSnkr\n|\n|-weather|Sandstorm|[upkeep]\n|-damage|p1b: Iron Hands|21\/100|[from] Sandstorm\n|-damage|p1a: Farigiraf|16\/100|[from] Sandstorm\n|upkeep\n|turn|5\n|\n|t:|1698937441\n|switch|p2a: Weather War|Pelipper, F|100\/100\n|-weather|RainDance|[from] ability: Drizzle|[of] p2a: Weather War\n|move|p1b: Iron Hands|Body Press|p2a: Weather War\n|-resisted|p2a: Weather War\n|-damage|p2a: Weather War|84\/100\n|move|p1a: Farigiraf|Dazzling Gleam|p2b: Extra Spicy|[spread] p2a,p2b\n|-supereffective|p2b: Extra Spicy\n|-damage|p2a: Weather War|62\/100\n|-damage|p2b: Extra Spicy|21\/100\n|move|p2b: Extra Spicy|Earthquake|p1b: Iron Hands|[spread] p1a,p1b\n|-immune|p2a: Weather War\n|-supereffective|p1b: Iron Hands\n|-damage|p1a: Farigiraf|0 fnt\n|-damage|p1b: Iron Hands|0 fnt\n|faint|p1a: Farigiraf\n|faint|p1b: Iron Hands\n|-end|p1b: Iron Hands|Quark Drive|[silent]\n|\n|-weather|RainDance|[upkeep]\n|-fieldend|move: Trick Room\n|upkeep\n|\n|t:|1698937464\n|switch|p1a: Goodra|Goodra-Hisui, M|100\/100\n|switch|p1b: Gholdengo|Gholdengo|100\/100\n|turn|6\n|\n|t:|1698937476\n|move|p2b: Extra Spicy|Earthquake|p1b: Gholdengo|[spread] p1a,p1b\n|-immune|p2a: Weather War\n|-supereffective|p1a: Goodra\n|-supereffective|p1b: Gholdengo\n|-damage|p1a: Goodra|43\/100\n|-damage|p1b: Gholdengo|49\/100\n|move|p1b: Gholdengo|Make It Rain|p2a: Weather War|[spread] p2a,p2b\n|-resisted|p2a: Weather War\n|-damage|p2a: Weather War|10\/100\n|-damage|p2b: Extra Spicy|0 fnt\n|-unboost|p1b: Gholdengo|spa|1\n|faint|p2b: Extra Spicy\n|move|p2a: Weather War|Soak|p1a: Goodra\n|-start|p1a: Goodra|typechange|Water\n|move|p1a: Goodra|Acid Armor|p1a: Goodra\n|-boost|p1a: Goodra|def|2\n|\n|-weather|RainDance|[upkeep]\n|upkeep\n|\n|t:|1698937488\n|switch|p2b: OTLHPM|Toxicroak, M|74\/100\n|turn|7\n|\n|t:|1698937506\n|move|p2b: OTLHPM|Earthquake|p1b: Gholdengo|[spread] p1a,p1b\n|-immune|p2a: Weather War\n|-supereffective|p1b: Gholdengo\n|-damage|p1a: Goodra|31\/100\n|-damage|p1b: Gholdengo|10\/100\n|move|p1b: Gholdengo|Make It Rain|p2a: Weather War|[spread] p2a,p2b\n|-resisted|p2a: Weather War\n|-damage|p2a: Weather War|0 fnt\n|-damage|p2b: OTLHPM|17\/100\n|-unboost|p1b: Gholdengo|spa|1\n|faint|p2a: Weather War\n|move|p1a: Goodra|Life Dew|p1a: Goodra|[spread] p1a\n|-immune|p1b: Gholdengo|[from] ability: Good as Gold\n|-heal|p1a: Goodra|56\/100\n|\n|-weather|RainDance|[upkeep]\n|-heal|p2b: OTLHPM|30\/100|[from] ability: Dry Skin\n|-heal|p2b: OTLHPM|36\/100|[from] item: Black Sludge\n|upkeep\n|\n|t:|1698937515\n|switch|p2a: Harmacy|Vaporeon, F|100\/100\n|turn|8\n|\n|t:|1698937545\n|switch|p1b: Kingambit|Kingambit, M|100\/100\n|move|p2b: OTLHPM|Earthquake|p1b: Kingambit|[spread] p2a,p1a,p1b\n|-supereffective|p1b: Kingambit\n|-damage|p2a: Harmacy|81\/100\n|-damage|p1a: Goodra|46\/100\n|-damage|p1b: Kingambit|63\/100\n|move|p2a: Harmacy|Wish|p2a: Harmacy\n|move|p1a: Goodra|Acid Armor|p1a: Goodra\n|-boost|p1a: Goodra|def|2\n|\n|-weather|RainDance|[upkeep]\n|-heal|p2b: OTLHPM|48\/100|[from] ability: Dry Skin\n|-heal|p2b: OTLHPM|55\/100|[from] item: Black Sludge\n|-heal|p2a: Harmacy|88\/100|[from] item: Leftovers\n|upkeep\n|turn|9\n|\n|t:|1698937565\n|-terastallize|p1b: Kingambit|Dark\n|move|p2b: OTLHPM|Drain Punch|p1b: Kingambit\n|-supereffective|p1b: Kingambit\n|-damage|p1b: Kingambit|8\/100\n|-heal|p2b: OTLHPM|88\/100|[from] drain|[of] p1b: Kingambit\n|move|p2a: Harmacy|Weather Ball|p2b: OTLHPM\n|-heal|p2b: OTLHPM|100\/100|[from] ability: Dry Skin|[of] p2a: Harmacy\n|move|p1a: Goodra|Life Dew|p1a: Goodra|[spread] p1a,p1b\n|-heal|p1a: Goodra|71\/100\n|-heal|p1b: Kingambit|33\/100\n|move|p1b: Kingambit|Kowtow Cleave|p2b: OTLHPM\n|-resisted|p2b: OTLHPM\n|-damage|p2b: OTLHPM|44\/100\n|\n|-weather|none\n|-heal|p2a: Harmacy|100\/100|[from] move: Wish|[wisher] Harmacy\n|-heal|p2b: OTLHPM|51\/100|[from] item: Black Sludge\n|upkeep\n|turn|10\n|\n|t:|1698937590\n|move|p1b: Kingambit|Protect|p1b: Kingambit\n|-singleturn|p1b: Kingambit|Protect\n|move|p2b: OTLHPM|Earthquake|p1a: Goodra|[spread] p2a,p1a\n|-activate|p1b: Kingambit|move: Protect\n|-damage|p2a: Harmacy|81\/100\n|-damage|p1a: Goodra|63\/100\n|move|p2a: Harmacy|Icy Wind|p1b: Kingambit|[spread] p1a\n|-activate|p1b: Kingambit|move: Protect\n|-resisted|p1a: Goodra\n|-damage|p1a: Goodra|60\/100\n|-unboost|p1a: Goodra|spe|1\n|move|p1a: Goodra|Draco Meteor|p2b: OTLHPM\n|-damage|p2b: OTLHPM|1\/100\n|-unboost|p1a: Goodra|spa|2\n|\n|-heal|p2b: OTLHPM|7\/100|[from] item: Black Sludge\n|-heal|p2a: Harmacy|87\/100|[from] item: Leftovers\n|upkeep\n|turn|11\n|\n|t:|1698937611\n|move|p1b: Kingambit|Sucker Punch|p2b: OTLHPM\n|-resisted|p2b: OTLHPM\n|-damage|p2b: OTLHPM|0 fnt\n|faint|p2b: OTLHPM\n|move|p2a: Harmacy|Icy Wind|p1b: Kingambit|[spread] p1a,p1b\n|-resisted|p1a: Goodra\n|-damage|p1a: Goodra|56\/100\n|-damage|p1b: Kingambit|24\/100\n|-unboost|p1a: Goodra|spe|1\n|-unboost|p1b: Kingambit|spe|1\n|-ability|p1b: Kingambit|Defiant|boost\n|-boost|p1b: Kingambit|atk|2\n|move|p1a: Goodra|Life Dew|p1a: Goodra|[spread] p1a,p1b\n|-heal|p1a: Goodra|81\/100\n|-heal|p1b: Kingambit|49\/100\n|\n|-heal|p2a: Harmacy|93\/100|[from] item: Leftovers\n|upkeep\n|\n|t:|1698937621\n|switch|p2b: ThcrThnSnkr|Tyranitar, F|100\/100\n|-weather|Sandstorm|[from] ability: Sand Stream|[of] p2b: ThcrThnSnkr\n|turn|12\n|\n|t:|1698937654\n|move|p2b: ThcrThnSnkr|Thunderbolt|p1b: Kingambit\n|-damage|p1b: Kingambit|26\/100\n|move|p2a: Harmacy|Copycat|p2a: Harmacy\n|move|p2a: Harmacy|Thunderbolt|p1b: Kingambit|[from]move: Copycat\n|-crit|p1b: Kingambit\n|-damage|p1b: Kingambit|0 fnt\n|faint|p1b: Kingambit\n|move|p1a: Goodra|Life Dew|p1a: Goodra\n|-heal|p1a: Goodra|100\/100\n|\n|-weather|Sandstorm|[upkeep]\n|-damage|p2a: Harmacy|87\/100|[from] Sandstorm\n|-damage|p1a: Goodra|94\/100|[from] Sandstorm\n|-heal|p2a: Harmacy|93\/100|[from] item: Leftovers\n|upkeep\n|\n|t:|1698937668\n|switch|p1b: Gholdengo|Gholdengo|10\/100\n|turn|13\n|\n|t:|1698937690\n|move|p1b: Gholdengo|Make It Rain|p2b: ThcrThnSnkr|[spread] p2a,p2b\n|-resisted|p2a: Harmacy\n|-supereffective|p2b: ThcrThnSnkr\n|-damage|p2a: Harmacy|67\/100\n|-damage|p2b: ThcrThnSnkr|62\/100\n|-unboost|p1b: Gholdengo|spa|1\n|move|p2b: ThcrThnSnkr|Knock Off|p1b: Gholdengo\n|-supereffective|p1b: Gholdengo\n|-damage|p1b: Gholdengo|0 fnt\n|-enditem|p1b: Gholdengo|Choice Specs|[from] move: Knock Off|[of] p2b: ThcrThnSnkr\n|faint|p1b: Gholdengo\n|move|p2a: Harmacy|Icy Wind|p1a: Goodra\n|-resisted|p1a: Goodra\n|-damage|p1a: Goodra|90\/100\n|-unboost|p1a: Goodra|spe|1\n|move|p1a: Goodra|Muddy Water|p2a: Harmacy|[spread] p2a,p2b\n|-resisted|p2a: Harmacy\n|-crit|p2a: Harmacy\n|-supereffective|p2b: ThcrThnSnkr\n|-damage|p2a: Harmacy|51\/100\n|-damage|p2b: ThcrThnSnkr|53\/100\n|-unboost|p2a: Harmacy|accuracy|1\n|\n|-weather|Sandstorm|[upkeep]\n|-damage|p2a: Harmacy|45\/100|[from] Sandstorm\n|-damage|p1a: Goodra|84\/100|[from] Sandstorm\n|-heal|p2a: Harmacy|51\/100|[from] item: Leftovers\n|upkeep\n|turn|14\n|\n|t:|1698937719\n|move|p2b: ThcrThnSnkr|Thunderbolt|p1a: Goodra\n|-supereffective|p1a: Goodra\n|-damage|p1a: Goodra|50\/100\n|move|p2a: Harmacy|Copycat|p2a: Harmacy\n|move|p2a: Harmacy|Thunderbolt|p1a: Goodra|[from]move: Copycat\n|-supereffective|p1a: Goodra\n|-damage|p1a: Goodra|20\/100\n|-enditem|p1a: Goodra|Aguav Berry|[eat]\n|-heal|p1a: Goodra|53\/100|[from] item: Aguav Berry\n|move|p1a: Goodra|Draco Meteor|p2b: ThcrThnSnkr\n|-damage|p2b: ThcrThnSnkr|48\/100\n|-unboost|p1a: Goodra|spa|2\n|\n|-weather|Sandstorm|[upkeep]\n|-damage|p2a: Harmacy|45\/100|[from] Sandstorm\n|-damage|p1a: Goodra|47\/100|[from] Sandstorm\n|-heal|p2a: Harmacy|51\/100|[from] item: Leftovers\n|upkeep\n|turn|15\n|\n|t:|1698937735\n|move|p2b: ThcrThnSnkr|Thunderbolt|p1a: Goodra\n|-supereffective|p1a: Goodra\n|-damage|p1a: Goodra|16\/100\n|-status|p1a: Goodra|par\n|move|p2a: Harmacy|Copycat|p2a: Harmacy\n|move|p2a: Harmacy|Thunderbolt|p1a: Goodra|[from]move: Copycat\n|-supereffective|p1a: Goodra\n|-damage|p1a: Goodra|0 fnt\n|faint|p1a: Goodra\n|\n|win|mikeyuwu\n|raw|ChrolloLucilfer24's rating: 1052 &rarr; <strong>1040<\/strong><br \/>(-12 for losing)\n|raw|mikeyuwu's rating: 1172 &rarr; <strong>1189<\/strong><br \/>(+17 for winning)\n|c|\u2606mikeyuwu|Ggs\n|l|\u2606ChrolloLucilfer24\n","uploadtime":1698937752,"views":17,"p1id":"chrollolucilfer24","p2id":"mikeyuwu","formatid":"gen9doublesou","rating":1040,"private":0,"password":""}