{"id":"gen9doublesou-1979143351","p1":"Schister","p2":"acctotestdumdum","format":"[Gen 9] Doubles OU","log":"|j|\u2606Schister\n|j|\u2606acctotestdumdum\n|t:|1698638296\n|gametype|doubles\n|player|p1|Schister|clair|1597\n|player|p2|acctotestdumdum|madame-gen4|1640\n|teamsize|p1|6\n|teamsize|p2|6\n|gen|9\n|tier|[Gen 9] Doubles OU\n|rated|\n|rule|Species Clause: Limit one of each Pok\u00e9mon\n|rule|OHKO Clause: OHKO moves are banned\n|rule|Evasion Moves Clause: Evasion moves are banned\n|rule|Gravity Sleep Clause: The combination of sleep-inducing moves with imperfect accuracy and Gravity or Gigantamax Orbeetle are banned\n|rule|Endless Battle Clause: Forcing endless battles is banned\n|rule|HP Percentage Mod: HP is shown in percentages\n|clearpoke\n|poke|p1|Skeledirge, M|\n|poke|p1|Flutter Mane|\n|poke|p1|Ursaluna-Bloodmoon, M|\n|poke|p1|Iron Hands|\n|poke|p1|Cresselia, F|\n|poke|p1|Sinistcha-Masterpiece|\n|poke|p2|Torterra, F|\n|poke|p2|Cresselia, F|\n|poke|p2|Sinistcha|\n|poke|p2|Clefairy, M|\n|poke|p2|Indeedee-F, F|\n|poke|p2|Grimmsnarl, M|\n|teampreview\n|inactive|Battle timer is ON: inactive players will automatically lose when time's up. (requested by acctotestdumdum)\n|inactive|Schister also wants the timer to be on.\n|\n|t:|1698638320\n|start\n|switch|p1a: Flutter Mane|Flutter Mane|100\/100\n|switch|p1b: Ursaluna|Ursaluna-Bloodmoon, M|100\/100\n|switch|p2a: Torterra|Torterra, F|100\/100\n|switch|p2b: Grimmsnarl|Grimmsnarl, M|100\/100\n|turn|1\n|\n|t:|1698638325\n|move|p2b: Grimmsnarl|Light Screen|p2b: Grimmsnarl\n|-sidestart|p2: acctotestdumdum|move: Light Screen\n|move|p1a: Flutter Mane|Moonblast|p2b: Grimmsnarl\n|-supereffective|p2b: Grimmsnarl\n|-damage|p2b: Grimmsnarl|21\/100\n|-unboost|p2b: Grimmsnarl|spa|1\n|move|p2a: Torterra|Amnesia|p2a: Torterra\n|-boost|p2a: Torterra|spd|2\n|move|p1b: Ursaluna|Blood Moon|p2a: Torterra\n|-damage|p2a: Torterra|80\/100\n|\n|upkeep\n|turn|2\n|\n|t:|1698638349\n|switch|p1b: Skeledirge|Skeledirge, M|100\/100\n|move|p2b: Grimmsnarl|Parting Shot|p1a: Flutter Mane\n|-unboost|p1a: Flutter Mane|atk|1\n|-unboost|p1a: Flutter Mane|spa|1\n|\n|t:|1698638354\n|switch|p2b: Sinistcha|Sinistcha|100\/100|[from] Parting Shot\n|-heal|p2a: Torterra|100\/100|[from] ability: Hospitality|[of] p2b: Sinistcha\n|move|p1a: Flutter Mane|Moonblast|p2b: Sinistcha\n|-damage|p2b: Sinistcha|79\/100\n|move|p2a: Torterra|Amnesia|p2a: Torterra\n|-boost|p2a: Torterra|spd|2\n|\n|upkeep\n|turn|3\n|\n|t:|1698638365\n|-end|p1a: Flutter Mane|Protosynthesis|[silent]\n|switch|p1a: Cresselia|Cresselia, F|100\/100\n|move|p2b: Sinistcha|Scald|p1b: Skeledirge\n|-supereffective|p1b: Skeledirge\n|-damage|p1b: Skeledirge|58\/100\n|move|p2a: Torterra|Amnesia|p2a: Torterra\n|-boost|p2a: Torterra|spd|2\n|move|p1b: Skeledirge|Torch Song|p2b: Sinistcha\n|-supereffective|p2b: Sinistcha\n|-damage|p2b: Sinistcha|50\/100\n|-boost|p1b: Skeledirge|spa|1\n|\n|-heal|p1b: Skeledirge|65\/100|[from] item: Leftovers\n|upkeep\n|turn|4\n|\n|t:|1698638376\n|move|p1a: Cresselia|Lunar Blessing|p1a: Cresselia|[spread] p1a,p1b\n|-heal|p1b: Skeledirge|89\/100\n|move|p2b: Sinistcha|Hex|p1b: Skeledirge\n|-supereffective|p1b: Skeledirge\n|-damage|p1b: Skeledirge|41\/100\n|move|p2a: Torterra|Iron Defense|p2a: Torterra\n|-boost|p2a: Torterra|def|2\n|move|p1b: Skeledirge|Torch Song|p2b: Sinistcha\n|-supereffective|p2b: Sinistcha\n|-damage|p2b: Sinistcha|5\/100\n|-boost|p1b: Skeledirge|spa|1\n|\n|-heal|p1b: Skeledirge|47\/100|[from] item: Leftovers\n|upkeep\n|turn|5\n|\n|t:|1698638387\n|move|p1a: Cresselia|Psychic|p2b: Sinistcha\n|-damage|p2b: Sinistcha|0 fnt\n|faint|p2b: Sinistcha\n|move|p2a: Torterra|Iron Defense|p2a: Torterra\n|-boost|p2a: Torterra|def|2\n|move|p1b: Skeledirge|Torch Song|p2a: Torterra\n|-supereffective|p2a: Torterra\n|-damage|p2a: Torterra|39\/100\n|-boost|p1b: Skeledirge|spa|1\n|\n|-heal|p1b: Skeledirge|53\/100|[from] item: Leftovers\n|upkeep\n|\n|t:|1698638398\n|switch|p2b: Indeedee|Indeedee-F, F|100\/100\n|-fieldstart|move: Psychic Terrain|[from] ability: Psychic Surge|[of] p2b: Indeedee\n|turn|6\n|c|\u2606Schister|Dirge.\n|c|\u2606acctotestdumdum|yea i know\n|\n|t:|1698638419\n|-terastallize|p2a: Torterra|Dragon\n|move|p2b: Indeedee|Psych Up|p2a: Torterra\n|-copyboost|p2b: Indeedee|p2a: Torterra|[from] move: Psych Up\n|move|p1a: Cresselia|Lunar Blessing|p1a: Cresselia|[spread] p1a,p1b\n|-heal|p1b: Skeledirge|78\/100\n|move|p2a: Torterra|Synthesis|p2a: Torterra\n|-heal|p2a: Torterra|89\/100\n|move|p1b: Skeledirge|Torch Song|p2a: Torterra\n|-resisted|p2a: Torterra\n|-damage|p2a: Torterra|72\/100\n|-boost|p1b: Skeledirge|spa|1\n|\n|-heal|p1b: Skeledirge|84\/100|[from] item: Leftovers\n|upkeep\n|turn|7\n|c|\u2606Schister|Terra stall is very funny though i will not lie\n|\n|t:|1698638441\n|move|p1a: Cresselia|Ally Switch|p1a: Cresselia\n|swap|p1a: Cresselia|1|[from] move: Ally Switch\n|move|p2b: Indeedee|Stored Power|p1b: Cresselia\n|-resisted|p1b: Cresselia\n|-damage|p1b: Cresselia|61\/100\n|move|p2a: Torterra|Body Press|p1a: Skeledirge\n|-immune|p1a: Skeledirge\n|move|p1a: Skeledirge|Torch Song|p2b: Indeedee\n|-damage|p2b: Indeedee|30\/100\n|-boost|p1a: Skeledirge|spa|1\n|\n|-heal|p2b: Indeedee|36\/100|[from] item: Leftovers\n|-heal|p1b: Cresselia|67\/100|[from] item: Leftovers\n|-heal|p1a: Skeledirge|90\/100|[from] item: Leftovers\n|upkeep\n|turn|8\n|c|\u2606acctotestdumdum|yea its silly\n|\n|t:|1698638452\n|move|p1a: Skeledirge|Protect|p1a: Skeledirge\n|-singleturn|p1a: Skeledirge|Protect\n|move|p2b: Indeedee|Stored Power|p1a: Skeledirge\n|-activate|p1a: Skeledirge|move: Protect\n|move|p2a: Torterra|Body Press|p1b: Cresselia\n|-resisted|p1b: Cresselia\n|-damage|p1b: Cresselia|51\/100\n|move|p1b: Cresselia|Trick Room|p1b: Cresselia\n|-fieldstart|move: Trick Room|[of] p1b: Cresselia\n|\n|-heal|p1a: Skeledirge|97\/100|[from] item: Leftovers\n|-heal|p1b: Cresselia|57\/100|[from] item: Leftovers\n|-heal|p2b: Indeedee|42\/100|[from] item: Leftovers\n|-sideend|p2: acctotestdumdum|move: Light Screen\n|upkeep\n|turn|9\n|\n|t:|1698638471\n|move|p1a: Skeledirge|Torch Song|p2b: Indeedee\n|-damage|p2b: Indeedee|0 fnt\n|-boost|p1a: Skeledirge|spa|1\n|faint|p2b: Indeedee\n|move|p2a: Torterra|Body Press|p1a: Skeledirge\n|-immune|p1a: Skeledirge\n|move|p1b: Cresselia|Psychic|p2a: Torterra\n|-damage|p2a: Torterra|66\/100\n|\n|-heal|p1a: Skeledirge|100\/100|[from] item: Leftovers\n|-heal|p1b: Cresselia|63\/100|[from] item: Leftovers\n|upkeep\n|c|\u2606acctotestdumdum|yea i cant beat unaware\n|c|\u2606acctotestdumdum|gg\n|-message|acctotestdumdum forfeited.\n|\n|win|Schister\n|raw|Schister's rating: 1597 &rarr; <strong>1619<\/strong><br \/>(+22 for winning)\n|raw|acctotestdumdum's rating: 1640 &rarr; <strong>1618<\/strong><br \/>(-22 for losing)\n|c|\u2606Schister|gg\n|l|\u2606acctotestdumdum\n","uploadtime":1698638491,"views":25,"p1id":"schister","p2id":"acctotestdumdum","formatid":"gen9doublesou","rating":1618,"private":0,"password":""}