{"id":"gen9doublesou-1976184183","p1":"EkCantDrawLol","p2":"Joakane","format":"[Gen 9] Doubles OU","log":"|j|\u2606EkCantDrawLol\n|j|\u2606Joakane\n|t:|1698271410\n|gametype|doubles\n|player|p1|EkCantDrawLol|1|1456\n|player|p2|Joakane|2|1466\n|teamsize|p1|6\n|teamsize|p2|6\n|gen|9\n|tier|[Gen 9] Doubles OU\n|rated|\n|rule|Species Clause: Limit one of each Pok\u00e9mon\n|rule|OHKO Clause: OHKO moves are banned\n|rule|Evasion Moves Clause: Evasion moves are banned\n|rule|Gravity Sleep Clause: The combination of sleep-inducing moves with imperfect accuracy and Gravity or Gigantamax Orbeetle are banned\n|rule|Endless Battle Clause: Forcing endless battles is banned\n|rule|HP Percentage Mod: HP is shown in percentages\n|clearpoke\n|poke|p1|Kommo-o, F|\n|poke|p1|Tyranitar, M|\n|poke|p1|Flutter Mane|\n|poke|p1|Tornadus, M|\n|poke|p1|Amoonguss, F|\n|poke|p1|Ursaluna, F|\n|poke|p2|Chi-Yu|\n|poke|p2|Garchomp, F|\n|poke|p2|Murkrow, M|\n|poke|p2|Sylveon, F|\n|poke|p2|Gholdengo|\n|poke|p2|Wo-Chien|\n|teampreview\n|\n|t:|1698271427\n|start\n|switch|p1a: Tornadus|Tornadus, M, shiny|100\/100\n|switch|p1b: Tyranitar|Tyranitar, M, shiny|100\/100\n|switch|p2a: Murkrow|Murkrow, M|100\/100\n|switch|p2b: Sylveon|Sylveon, F|100\/100\n|-weather|Sandstorm|[from] ability: Sand Stream|[of] p1b: Tyranitar\n|turn|1\n|inactive|Battle timer is ON: inactive players will automatically lose when time's up. (requested by Joakane)\n|\n|t:|1698271436\n|-terastallize|p1b: Tyranitar|Flying\n|move|p1a: Tornadus|Tailwind|p1a: Tornadus\n|-sidestart|p1: EkCantDrawLol|move: Tailwind\n|move|p2a: Murkrow|Tailwind|p2a: Murkrow\n|-sidestart|p2: Joakane|move: Tailwind\n|move|p2b: Sylveon|Hyper Voice|p1a: Tornadus|[spread] p1a,p1b\n|-damage|p1a: Tornadus|22\/100\n|-damage|p1b: Tyranitar|46\/100\n|move|p1b: Tyranitar|Rock Slide|p2b: Sylveon|[spread] p2a,p2b\n|-supereffective|p2a: Murkrow\n|-damage|p2a: Murkrow|26\/100\n|-damage|p2b: Sylveon|60\/100\n|\n|-weather|Sandstorm|[upkeep]\n|-damage|p1a: Tornadus|16\/100|[from] Sandstorm\n|-damage|p2b: Sylveon|54\/100|[from] Sandstorm\n|-damage|p2a: Murkrow|20\/100|[from] Sandstorm\n|-damage|p1b: Tyranitar|40\/100|[from] Sandstorm\n|upkeep\n|turn|2\n|\n|t:|1698271458\n|switch|p2a: Wo-Chien|Wo-Chien|100\/100\n|-ability|p2a: Wo-Chien|Tablets of Ruin\n|move|p1a: Tornadus|Bleakwind Storm|p2b: Sylveon|[spread] p2a,p2b\n|-supereffective|p2a: Wo-Chien\n|-damage|p2a: Wo-Chien|51\/100\n|-damage|p2b: Sylveon|19\/100\n|move|p2b: Sylveon|Hyper Voice|p1a: Tornadus|[spread] p1a,p1b\n|-damage|p1a: Tornadus|0 fnt\n|-damage|p1b: Tyranitar|0 fnt\n|faint|p1a: Tornadus\n|faint|p1b: Tyranitar\n|\n|-weather|Sandstorm|[upkeep]\n|-damage|p2b: Sylveon|13\/100|[from] Sandstorm\n|-damage|p2a: Wo-Chien|45\/100|[from] Sandstorm\n|upkeep\n|\n|t:|1698271471\n|switch|p1a: Flutter Mane|Flutter Mane, shiny|100\/100\n|switch|p1b: Kommo-o|Kommo-o, F, shiny|100\/100\n|-enditem|p1a: Flutter Mane|Booster Energy\n|-activate|p1a: Flutter Mane|ability: Protosynthesis|[fromitem]\n|-start|p1a: Flutter Mane|protosynthesisspe\n|turn|3\n|inactive|Joakane has 120 seconds left.\n|\n|t:|1698271530\n|switch|p2b: Gholdengo|Gholdengo|100\/100\n|move|p1a: Flutter Mane|Shadow Ball|p2b: Gholdengo\n|-supereffective|p2b: Gholdengo\n|-damage|p2b: Gholdengo|0 fnt\n|faint|p2b: Gholdengo\n|move|p1b: Kommo-o|Clangorous Soul|p1b: Kommo-o\n|-boost|p1b: Kommo-o|atk|1\n|-boost|p1b: Kommo-o|def|1\n|-boost|p1b: Kommo-o|spa|1\n|-boost|p1b: Kommo-o|spd|1\n|-boost|p1b: Kommo-o|spe|1\n|-damage|p1b: Kommo-o|68\/100\n|move|p2a: Wo-Chien|Leech Seed|p1a: Flutter Mane|[miss]\n|-miss|p2a: Wo-Chien|p1a: Flutter Mane\n|\n|-weather|Sandstorm|[upkeep]\n|-damage|p1a: Flutter Mane|95\/100|[from] Sandstorm\n|-damage|p2a: Wo-Chien|38\/100|[from] Sandstorm\n|upkeep\n|inactive|Joakane has 90 seconds left.\n|\n|t:|1698271561\n|switch|p2b: Garchomp|Garchomp, F|100\/100\n|turn|4\n|inactive|Joakane has 90 seconds left.\n|\n|t:|1698271576\n|move|p2b: Garchomp|Protect|p2b: Garchomp\n|-singleturn|p2b: Garchomp|Protect\n|move|p1a: Flutter Mane|Icy Wind|p2a: Wo-Chien|[spread] p2a\n|-activate|p2b: Garchomp|move: Protect\n|-supereffective|p2a: Wo-Chien\n|-damage|p2a: Wo-Chien|19\/100\n|-unboost|p2a: Wo-Chien|spe|1\n|move|p1b: Kommo-o|Drain Punch|p2b: Garchomp\n|-activate|p2b: Garchomp|move: Protect\n|move|p2a: Wo-Chien|Leech Seed|p1b: Kommo-o\n|-start|p1b: Kommo-o|move: Leech Seed\n|\n|-weather|Sandstorm|[upkeep]\n|-damage|p1a: Flutter Mane|89\/100|[from] Sandstorm\n|-damage|p2a: Wo-Chien|13\/100|[from] Sandstorm\n|-damage|p1b: Kommo-o|55\/100|[from] Leech Seed|[of] p2a: Wo-Chien\n|-heal|p2a: Wo-Chien|26\/100|[silent]\n|-sideend|p1: EkCantDrawLol|move: Tailwind\n|-sideend|p2: Joakane|move: Tailwind\n|upkeep\n|turn|5\n|inactive|Joakane has 90 seconds left.\n|\n|t:|1698271607\n|move|p2a: Wo-Chien|Protect|p2a: Wo-Chien\n|-singleturn|p2a: Wo-Chien|Protect\n|move|p1a: Flutter Mane|Moonblast|p2b: Garchomp\n|-supereffective|p2b: Garchomp\n|-damage|p2b: Garchomp|0 fnt\n|faint|p2b: Garchomp\n|move|p1b: Kommo-o|Drain Punch|p2a: Wo-Chien\n|-activate|p2a: Wo-Chien|move: Protect\n|\n|-weather|none\n|-damage|p1b: Kommo-o|43\/100|[from] Leech Seed|[of] p2a: Wo-Chien\n|-heal|p2a: Wo-Chien|38\/100|[silent]\n|upkeep\n|\n|t:|1698271611\n|switch|p2b: Murkrow|Murkrow, M|20\/100\n|turn|6\n|\n|t:|1698271621\n|move|p2b: Murkrow|Tailwind|p2b: Murkrow\n|-sidestart|p2: Joakane|move: Tailwind\n|move|p1a: Flutter Mane|Icy Wind|p2b: Murkrow|[spread] p2a,p2b\n|-supereffective|p2a: Wo-Chien\n|-supereffective|p2b: Murkrow\n|-damage|p2a: Wo-Chien|19\/100\n|-damage|p2b: Murkrow|0 fnt\n|-unboost|p2a: Wo-Chien|spe|1\n|faint|p2b: Murkrow\n|move|p1b: Kommo-o|Drain Punch|p2a: Wo-Chien\n|-supereffective|p2a: Wo-Chien\n|-damage|p2a: Wo-Chien|0 fnt\n|-heal|p1b: Kommo-o|55\/100|[from] drain|[of] p2a: Wo-Chien\n|faint|p2a: Wo-Chien\n|\n|upkeep\n|\n|t:|1698271626\n|switch|p2b: Sylveon|Sylveon, F|13\/100\n|switch|p2a: Chi-Yu|Chi-Yu|100\/100\n|-ability|p2a: Chi-Yu|Beads of Ruin\n|turn|7\n|\n|t:|1698271642\n|move|p1b: Kommo-o|Protect|p1b: Kommo-o\n|-singleturn|p1b: Kommo-o|Protect\n|move|p1a: Flutter Mane|Icy Wind|p2b: Sylveon|[spread] p2a,p2b\n|-resisted|p2a: Chi-Yu\n|-damage|p2a: Chi-Yu|91\/100\n|-damage|p2b: Sylveon|0 fnt\n|-unboost|p2a: Chi-Yu|spe|1\n|faint|p2b: Sylveon\n|move|p2a: Chi-Yu|Heat Wave|p1b: Kommo-o|[spread] p1a\n|-activate|p1b: Kommo-o|move: Protect\n|-damage|p1a: Flutter Mane|31\/100\n|\n|-damage|p1b: Kommo-o|43\/100|[from] Leech Seed|[of] p2a: Chi-Yu\n|-heal|p2a: Chi-Yu|100\/100|[silent]\n|upkeep\n|turn|8\n|\n|t:|1698271656\n|move|p1a: Flutter Mane|Icy Wind|p2a: Chi-Yu\n|-resisted|p2a: Chi-Yu\n|-damage|p2a: Chi-Yu|89\/100\n|-unboost|p2a: Chi-Yu|spe|1\n|move|p1b: Kommo-o|Drain Punch|p2a: Chi-Yu\n|-supereffective|p2a: Chi-Yu\n|-damage|p2a: Chi-Yu|0 fnt\n|-heal|p1b: Kommo-o|81\/100|[from] drain|[of] p2a: Chi-Yu\n|faint|p2a: Chi-Yu\n|\n|win|EkCantDrawLol\n|raw|EkCantDrawLol's rating: 1456 &rarr; <strong>1477<\/strong><br \/>(+21 for winning)\n|raw|Joakane's rating: 1466 &rarr; <strong>1445<\/strong><br \/>(-21 for losing)\n|c|\u2606EkCantDrawLol|Gg\n","uploadtime":1698271665,"views":16,"p1id":"ekcantdrawlol","p2id":"joakane","formatid":"gen9doublesou","rating":1445,"private":0,"password":""}