{"id":"gen9doublesou-1991567601","p1":"EirOrIre","p2":"Michaelwichael","format":"[Gen 9] Doubles OU","log":"|j|\u2606EirOrIre\n|j|\u2606Michaelwichael\n|t:|1700089190\n|gametype|doubles\n|player|p1|EirOrIre|iris-gen5bw2|1129\n|player|p2|Michaelwichael|102|1180\n|teamsize|p1|6\n|teamsize|p2|6\n|gen|9\n|tier|[Gen 9] Doubles OU\n|rated|\n|rule|Species Clause: Limit one of each Pok\u00e9mon\n|rule|OHKO Clause: OHKO moves are banned\n|rule|Evasion Moves Clause: Evasion moves are banned\n|rule|Gravity Sleep Clause: The combination of sleep-inducing moves with imperfect accuracy and Gravity or Gigantamax Orbeetle are banned\n|rule|Endless Battle Clause: Forcing endless battles is banned\n|rule|HP Percentage Mod: HP is shown in percentages\n|clearpoke\n|poke|p1|Ogerpon-Wellspring, F|\n|poke|p1|Ninetales-Alola, M|\n|poke|p1|Sinistcha-Masterpiece|\n|poke|p1|Chi-Yu|\n|poke|p1|Kommo-o, M|\n|poke|p1|Hatterene, F|\n|poke|p2|Flutter Mane|\n|poke|p2|Hydreigon, F|\n|poke|p2|Kingambit, M|\n|poke|p2|Meowscarada, M|\n|poke|p2|Skeledirge, M|\n|poke|p2|Dusclops, F|\n|teampreview\n|\n|t:|1700089206\n|start\n|switch|p1a: Ninetales|Ninetales-Alola, M|100\/100\n|switch|p1b: Hatterene|Hatterene, F|100\/100\n|switch|p2a: Dusclops|Dusclops, F|100\/100\n|switch|p2b: Meowscarada|Meowscarada, M|100\/100\n|-weather|Snow|[from] ability: Snow Warning|[of] p1a: Ninetales\n|-item|p1a: Ninetales|Leftovers|[from] ability: Frisk|[of] p2a: Dusclops|[identify]\n|-item|p1b: Hatterene|Leftovers|[from] ability: Frisk|[of] p2a: Dusclops|[identify]\n|turn|1\n|\n|t:|1700089226\n|move|p2b: Meowscarada|Taunt|p1a: Ninetales\n|-start|p1a: Ninetales|move: Taunt\n|cant|p1a: Ninetales|move: Taunt|Aurora Veil\n|move|p1b: Hatterene|Calm Mind|p1b: Hatterene\n|-boost|p1b: Hatterene|spa|1\n|-boost|p1b: Hatterene|spd|1\n|move|p2a: Dusclops|Icy Wind|p1a: Ninetales|[spread] p1a,p1b\n|-resisted|p1a: Ninetales\n|-damage|p1a: Ninetales|97\/100\n|-damage|p1b: Hatterene|97\/100\n|-unboost|p1a: Ninetales|spe|1\n|-unboost|p1b: Hatterene|spe|1\n|\n|-weather|Snow|[upkeep]\n|-heal|p1a: Ninetales|100\/100|[from] item: Leftovers\n|-heal|p1b: Hatterene|100\/100|[from] item: Leftovers\n|upkeep\n|turn|2\n|\n|t:|1700089248\n|move|p2b: Meowscarada|Taunt|p1b: Hatterene\n|move|p1b: Hatterene|Taunt|p2b: Meowscarada|[from]ability: Magic Bounce\n|-start|p2b: Meowscarada|move: Taunt\n|move|p1a: Ninetales|Blizzard|p2a: Dusclops|[spread] p2a,p2b\n|-supereffective|p2b: Meowscarada\n|-damage|p2a: Dusclops|84\/100\n|-damage|p2b: Meowscarada|2\/100\n|move|p2a: Dusclops|Icy Wind|p1a: Ninetales|[spread] p1a\n|-miss|p2a: Dusclops|p1b: Hatterene\n|-resisted|p1a: Ninetales\n|-damage|p1a: Ninetales|97\/100\n|-unboost|p1a: Ninetales|spe|1\n|move|p1b: Hatterene|Baton Pass|p1b: Hatterene\n|\n|t:|1700089267\n|switch|p1b: Chi-Yu|Chi-Yu|100\/100|[from] Baton Pass\n|-ability|p1b: Chi-Yu|Beads of Ruin\n|\n|-weather|Snow|[upkeep]\n|-heal|p1a: Ninetales|100\/100|[from] item: Leftovers\n|upkeep\n|turn|3\n|\n|t:|1700089282\n|move|p2b: Meowscarada|Flower Trick|p1b: Chi-Yu\n|-resisted|p1b: Chi-Yu\n|-crit|p1b: Chi-Yu\n|-damage|p1b: Chi-Yu|43\/100\n|move|p1b: Chi-Yu|Heat Wave|p2a: Dusclops|[spread] p2a,p2b\n|-supereffective|p2b: Meowscarada\n|-damage|p2a: Dusclops|48\/100\n|-damage|p2b: Meowscarada|0 fnt\n|faint|p2b: Meowscarada\n|move|p1a: Ninetales|Blizzard|p2a: Dusclops\n|-damage|p2a: Dusclops|18\/100\n|move|p2a: Dusclops|Pain Split|p1b: Chi-Yu\n|-sethp|p1b: Chi-Yu|31\/100|[from] move: Pain Split|[silent]\n|-sethp|p2a: Dusclops|28\/100|[from] move: Pain Split\n|\n|-weather|Snow|[upkeep]\n|-end|p1a: Ninetales|move: Taunt\n|upkeep\n|\n|t:|1700089298\n|switch|p2b: Skeledirge|Skeledirge, M|100\/100\n|turn|4\n|\n|t:|1700089305\n|switch|p1a: Ogerpon|Ogerpon-Wellspring, F|100\/100\n|move|p2b: Skeledirge|Protect|p2b: Skeledirge\n|-singleturn|p2b: Skeledirge|Protect\n|move|p1b: Chi-Yu|Heat Wave|p2b: Skeledirge|[spread] p2a\n|-activate|p2b: Skeledirge|move: Protect\n|-damage|p2a: Dusclops|0 fnt\n|faint|p2a: Dusclops\n|\n|-weather|Snow|[upkeep]\n|upkeep\n|\n|t:|1700089315\n|switch|p2a: Hydreigon|Hydreigon, F|100\/100\n|turn|5\n|\n|t:|1700089325\n|switch|p1b: Ninetales|Ninetales-Alola, M|100\/100\n|-terastallize|p2b: Skeledirge|Fire\n|move|p1a: Ogerpon|Ivy Cudgel|p2b: Skeledirge|[anim] Ivy Cudgel Water\n|-supereffective|p2b: Skeledirge\n|-damage|p2b: Skeledirge|2\/100\n|move|p2a: Hydreigon|Earth Power|p1b: Ninetales\n|-damage|p1b: Ninetales|51\/100\n|-damage|p2a: Hydreigon|91\/100|[from] item: Life Orb\n|move|p2b: Skeledirge|Shadow Ball|p1a: Ogerpon\n|-damage|p1a: Ogerpon|60\/100\n|\n|-weather|none\n|-heal|p1b: Ninetales|57\/100|[from] item: Leftovers\n|-heal|p2b: Skeledirge|9\/100|[from] item: Leftovers\n|upkeep\n|turn|6\n|\n|t:|1700089346\n|move|p2b: Skeledirge|Protect|p2b: Skeledirge\n|-singleturn|p2b: Skeledirge|Protect\n|move|p1a: Ogerpon|Horn Leech|p2a: Hydreigon\n|-resisted|p2a: Hydreigon\n|-damage|p2a: Hydreigon|67\/100\n|-heal|p1a: Ogerpon|71\/100|[from] drain|[of] p2a: Hydreigon\n|move|p1b: Ninetales|Blizzard|p2a: Hydreigon|[spread] p2a\n|-activate|p2b: Skeledirge|move: Protect\n|-supereffective|p2a: Hydreigon\n|-damage|p2a: Hydreigon|0 fnt\n|faint|p2a: Hydreigon\n|\n|-heal|p1b: Ninetales|63\/100|[from] item: Leftovers\n|-heal|p2b: Skeledirge|15\/100|[from] item: Leftovers\n|upkeep\n|l|\u2606Michaelwichael\n|player|p2|\n|inactive|Battle timer is ON: inactive players will automatically lose when time's up. (requested by EirOrIre)\n|inactive|Michaelwichael has 30 seconds to reconnect!\n|inactive|Michaelwichael has 20 seconds to reconnect!\n|inactive|Michaelwichael has 15 seconds to reconnect!\n|inactive|Michaelwichael has 10 seconds to reconnect!\n|inactive|Michaelwichael has 5 seconds to reconnect!\n|-message|Michaelwichael lost due to inactivity.\n|\n|win|EirOrIre\n|raw|EirOrIre's rating: 1129 &rarr; <strong>1158<\/strong><br \/>(+29 for winning)\n|raw|Michaelwichael's rating: 1180 &rarr; <strong>1151<\/strong><br \/>(-29 for losing)\n","uploadtime":1700089444,"views":8,"p1id":"eirorire","p2id":"michaelwichael","formatid":"gen9doublesou","rating":1151,"private":0,"password":""}