{"id":"gen9doublesou-1969047380","p1":"edgypunishment","p2":"codyreborn","format":"[Gen 9] Doubles OU","log":"|j|\u2606edgypunishment\n|j|\u2606codyreborn\n|t:|1697485546\n|gametype|doubles\n|player|p1|edgypunishment|dawn|1241\n|player|p2|codyreborn|pokemaniac|1284\n|teamsize|p1|6\n|teamsize|p2|6\n|gen|9\n|tier|[Gen 9] Doubles OU\n|rated|\n|rule|Species Clause: Limit one of each Pok\u00e9mon\n|rule|OHKO Clause: OHKO moves are banned\n|rule|Evasion Moves Clause: Evasion moves are banned\n|rule|Gravity Sleep Clause: The combination of sleep-inducing moves with imperfect accuracy and Gravity or Gigantamax Orbeetle are banned\n|rule|Endless Battle Clause: Forcing endless battles is banned\n|rule|HP Percentage Mod: HP is shown in percentages\n|clearpoke\n|poke|p1|Mabosstiff, F|\n|poke|p1|Grimmsnarl, M|\n|poke|p1|Kingambit, F|\n|poke|p1|Iron Jugulis|\n|poke|p1|Sableye, M|\n|poke|p1|Overqwil, F|\n|poke|p2|Raichu, M|\n|poke|p2|Sylveon, M|\n|poke|p2|Heatran, M|\n|poke|p2|Dragapult, M|\n|poke|p2|Scizor, M|\n|poke|p2|Milotic, F|\n|teampreview\n|\n|t:|1697485560\n|start\n|switch|p1a: Mabosstiff|Mabosstiff, F|100\/100\n|switch|p1b: Grimmsnarl|Grimmsnarl, M|100\/100\n|switch|p2a: Milotic|Milotic, F, shiny|100\/100\n|switch|p2b: Heatran|Heatran, M, shiny|100\/100\n|turn|1\n|\n|t:|1697485585\n|move|p1b: Grimmsnarl|Light Screen|p1b: Grimmsnarl\n|-sidestart|p1: edgypunishment|move: Light Screen\n|move|p1a: Mabosstiff|Trailblaze|p2a: Milotic\n|-supereffective|p2a: Milotic\n|-crit|p2a: Milotic\n|-damage|p2a: Milotic|51\/100\n|-boost|p1a: Mabosstiff|spe|1\n|move|p2b: Heatran|Will-O-Wisp|p1a: Mabosstiff\n|-status|p1a: Mabosstiff|brn\n|move|p2a: Milotic|Attract|p1b: Grimmsnarl\n|-start|p1b: Grimmsnarl|Attract\n|\n|-damage|p1a: Mabosstiff|94\/100 brn|[from] brn\n|-status|p2a: Milotic|brn|[from] item: Flame Orb\n|upkeep\n|turn|2\n|\n|t:|1697485614\n|move|p1a: Mabosstiff|Trailblaze|p2a: Milotic\n|-supereffective|p2a: Milotic\n|-damage|p2a: Milotic|39\/100 brn\n|-boost|p1a: Mabosstiff|spe|1\n|move|p2b: Heatran|Magma Storm|p1a: Mabosstiff\n|-damage|p1a: Mabosstiff|70\/100 brn\n|-activate|p1a: Mabosstiff|move: Magma Storm|[of] p2b: Heatran\n|move|p2a: Milotic|Recover|p2a: Milotic\n|-heal|p2a: Milotic|89\/100 brn\n|-activate|p1b: Grimmsnarl|move: Attract|[of] p2a: Milotic\n|move|p1b: Grimmsnarl|Spirit Break|p2a: Milotic\n|-damage|p2a: Milotic|64\/100 brn\n|-unboost|p2a: Milotic|spa|1\n|\n|-damage|p1a: Mabosstiff|64\/100 brn|[from] brn\n|-damage|p2a: Milotic|58\/100 brn|[from] brn\n|-damage|p1a: Mabosstiff|51\/100 brn|[from] move: Magma Storm|[partiallytrapped]\n|upkeep\n|turn|3\n|\n|t:|1697485649\n|move|p1a: Mabosstiff|Jaw Lock|p2b: Heatran\n|-damage|p2b: Heatran|83\/100\n|-activate|p1a: Mabosstiff|trapped\n|-activate|p2b: Heatran|trapped\n|move|p2b: Heatran|Magma Storm|p1b: Grimmsnarl\n|-damage|p1b: Grimmsnarl|65\/100\n|-activate|p1b: Grimmsnarl|move: Magma Storm|[of] p2b: Heatran\n|move|p2a: Milotic|Scald|p1b: Grimmsnarl\n|-damage|p1b: Grimmsnarl|50\/100\n|-status|p1b: Grimmsnarl|brn\n|-activate|p1b: Grimmsnarl|move: Attract|[of] p2a: Milotic\n|cant|p1b: Grimmsnarl|Attract\n|\n|-heal|p2b: Heatran|90\/100|[from] item: Leftovers\n|-damage|p1a: Mabosstiff|45\/100 brn|[from] brn\n|-damage|p2a: Milotic|52\/100 brn|[from] brn\n|-damage|p1b: Grimmsnarl|44\/100 brn|[from] brn\n|-damage|p1a: Mabosstiff|33\/100 brn|[from] move: Magma Storm|[partiallytrapped]\n|-damage|p1b: Grimmsnarl|32\/100 brn|[from] move: Magma Storm|[partiallytrapped]\n|upkeep\n|turn|4\n|\n|t:|1697485670\n|move|p1a: Mabosstiff|Jaw Lock|p2b: Heatran\n|-damage|p2b: Heatran|70\/100\n|move|p2b: Heatran|Earth Power|p1a: Mabosstiff\n|-damage|p1a: Mabosstiff|19\/100 brn\n|move|p2a: Milotic|Recover|p2a: Milotic\n|-heal|p2a: Milotic|100\/100 brn\n|-activate|p1b: Grimmsnarl|move: Attract|[of] p2a: Milotic\n|move|p1b: Grimmsnarl|Spirit Break|p2b: Heatran\n|-resisted|p2b: Heatran\n|-damage|p2b: Heatran|66\/100\n|-unboost|p2b: Heatran|spa|1\n|\n|-heal|p2b: Heatran|72\/100|[from] item: Leftovers\n|-damage|p1a: Mabosstiff|13\/100 brn|[from] brn\n|-damage|p2a: Milotic|94\/100 brn|[from] brn\n|-damage|p1b: Grimmsnarl|26\/100 brn|[from] brn\n|-damage|p1a: Mabosstiff|1\/100 brn|[from] move: Magma Storm|[partiallytrapped]\n|-damage|p1b: Grimmsnarl|13\/100 brn|[from] move: Magma Storm|[partiallytrapped]\n|upkeep\n|turn|5\n|\n|t:|1697485698\n|switch|p2a: Raichu|Raichu, M, shiny|100\/100\n|-end|p1b: Grimmsnarl|Attract|[silent]\n|-item|p2a: Raichu|Air Balloon\n|move|p1a: Mabosstiff|Jaw Lock|p2b: Heatran\n|-damage|p2b: Heatran|55\/100\n|move|p2b: Heatran|Earth Power|p1b: Grimmsnarl\n|-damage|p1b: Grimmsnarl|0 fnt\n|faint|p1b: Grimmsnarl\n|\n|-heal|p2b: Heatran|61\/100|[from] item: Leftovers\n|-damage|p1a: Mabosstiff|0 fnt|[from] brn\n|faint|p1a: Mabosstiff\n|upkeep\n|\n|t:|1697485726\n|switch|p1a: Sableye|Sableye, M|100\/100\n|switch|p1b: Overqwil|Overqwil, F|100\/100\n|-ability|p1b: Overqwil|Intimidate|boost\n|-unboost|p2a: Raichu|atk|1\n|-unboost|p2b: Heatran|atk|1\n|-item|p1b: Overqwil|Air Balloon\n|turn|6\n|inactive|Battle timer is ON: inactive players will automatically lose when time's up. (requested by codyreborn)\n|inactive|edgypunishment has 120 seconds left.\n|\n|t:|1697485764\n|move|p1a: Sableye|Will-O-Wisp|p2a: Raichu|[miss]\n|-miss|p1a: Sableye|p2a: Raichu\n|move|p2a: Raichu|Nuzzle|p1b: Overqwil\n|-damage|p1b: Overqwil|95\/100\n|-status|p1b: Overqwil|par\n|-enditem|p1b: Overqwil|Air Balloon\n|move|p2b: Heatran|Taunt|p1a: Sableye\n|-start|p1a: Sableye|move: Taunt\n|move|p1b: Overqwil|Swords Dance|p1b: Overqwil\n|-boost|p1b: Overqwil|atk|2\n|\n|-heal|p2b: Heatran|68\/100|[from] item: Leftovers\n|upkeep\n|turn|7\n|\n|t:|1697485787\n|move|p2a: Raichu|Thunderbolt|p1b: Overqwil\n|-damage|p1b: Overqwil|68\/100 par\n|move|p2b: Heatran|Magma Storm|p1b: Overqwil\n|-damage|p1b: Overqwil|46\/100 par\n|-activate|p1b: Overqwil|move: Magma Storm|[of] p2b: Heatran\n|-activate|p1a: Sableye|move: Struggle\n|move|p1a: Sableye|Struggle|p2b: Heatran\n|-damage|p2b: Heatran|61\/100\n|-damage|p1a: Sableye|75\/100|[from] recoil\n|move|p1b: Overqwil|Liquidation|p2b: Heatran\n|-supereffective|p2b: Heatran\n|-damage|p2b: Heatran|0 fnt\n|faint|p2b: Heatran\n|\n|-end|p1b: Overqwil|Magma Storm|[partiallytrapped]|[silent]\n|upkeep\n|inactive|codyreborn has 120 seconds left.\n|\n|t:|1697485808\n|switch|p2b: Scizor|Scizor, M, shiny|100\/100\n|turn|8\n|\n|t:|1697485821\n|move|p2a: Raichu|Thunderbolt|p1b: Overqwil\n|-damage|p1b: Overqwil|18\/100 par\n|move|p2b: Scizor|Swords Dance|p2b: Scizor\n|-boost|p2b: Scizor|atk|2\n|-activate|p1a: Sableye|move: Struggle\n|move|p1a: Sableye|Struggle|p2a: Raichu\n|-damage|p2a: Raichu|85\/100\n|-enditem|p2a: Raichu|Air Balloon\n|-damage|p1a: Sableye|50\/100|[from] recoil\n|move|p1b: Overqwil|Crunch|p2b: Scizor\n|-damage|p2b: Scizor|0 fnt\n|faint|p2b: Scizor\n|\n|-sideend|p1: edgypunishment|move: Light Screen\n|upkeep\n|\n|t:|1697485838\n|switch|p2b: Milotic|Milotic, F, shiny|94\/100 brn\n|turn|9\n|\n|t:|1697485846\n|move|p2a: Raichu|Thunderbolt|p1b: Overqwil\n|-damage|p1b: Overqwil|0 fnt\n|faint|p1b: Overqwil\n|move|p2b: Milotic|Attract|p1a: Sableye\n|-start|p1a: Sableye|Attract\n|-activate|p1a: Sableye|move: Attract|[of] p2b: Milotic\n|cant|p1a: Sableye|Attract\n|\n|-damage|p2b: Milotic|88\/100 brn|[from] brn\n|-end|p1a: Sableye|move: Taunt\n|upkeep\n|\n|t:|1697485862\n|switch|p1b: Kingambit|Kingambit, F|100\/100\n|-activate|p1b: Kingambit|ability: Supreme Overlord\n|-start|p1b: Kingambit|fallen3|[silent]\n|turn|10\n|\n|t:|1697485876\n|-activate|p1a: Sableye|move: Attract|[of] p2b: Milotic\n|cant|p1a: Sableye|Attract\n|move|p2a: Raichu|Nuzzle|p1b: Kingambit\n|-damage|p1b: Kingambit|97\/100\n|-status|p1b: Kingambit|par\n|move|p2b: Milotic|Scald|p1b: Kingambit\n|-damage|p1b: Kingambit|72\/100 par\n|cant|p1b: Kingambit|par\n|\n|-heal|p1b: Kingambit|78\/100 par|[from] item: Leftovers\n|-damage|p2b: Milotic|82\/100 brn|[from] brn\n|upkeep\n|turn|11\n|\n|t:|1697485899\n|-activate|p1a: Sableye|move: Attract|[of] p2b: Milotic\n|move|p1a: Sableye|Quash|p2a: Raichu\n|-activate|p2a: Raichu|move: Quash\n|move|p2b: Milotic|Scald|p1b: Kingambit\n|-damage|p1b: Kingambit|55\/100 par\n|move|p1b: Kingambit|Kowtow Cleave|p2a: Raichu\n|-damage|p2a: Raichu|0 fnt\n|faint|p2a: Raichu\n|\n|-heal|p1b: Kingambit|61\/100 par|[from] item: Leftovers\n|-damage|p2b: Milotic|76\/100 brn|[from] brn\n|upkeep\n|\n|t:|1697485919\n|switch|p2a: Sylveon|Sylveon, M, shiny|100\/100\n|turn|12\n|\n|t:|1697485928\n|-terastallize|p2a: Sylveon|Fairy\n|-activate|p1a: Sableye|move: Attract|[of] p2b: Milotic\n|move|p1a: Sableye|Quash|p2a: Sylveon\n|-activate|p2a: Sylveon|move: Quash\n|move|p2b: Milotic|Scald|p1b: Kingambit\n|-damage|p1b: Kingambit|38\/100 par\n|move|p1b: Kingambit|Iron Head|p2a: Sylveon\n|-supereffective|p2a: Sylveon\n|-damage|p2a: Sylveon|0 fnt\n|faint|p2a: Sylveon\n|\n|-heal|p1b: Kingambit|44\/100 par|[from] item: Leftovers\n|-damage|p2b: Milotic|70\/100 brn|[from] brn\n|upkeep\n|\n|t:|1697485940\n|switch|p2a: Dragapult|Dragapult, M, shiny|100\/100\n|turn|13\n|\n|t:|1697485953\n|-terastallize|p1b: Kingambit|Dark\n|-activate|p1a: Sableye|move: Attract|[of] p2b: Milotic\n|move|p1a: Sableye|Disable|p2b: Milotic\n|-start|p2b: Milotic|Disable|Scald\n|move|p2a: Dragapult|Dragon Darts|p1b: Kingambit\n|-damage|p1b: Kingambit|10\/100 par\n|-anim|p2a: Dragapult|Dragon Darts|p1a: Sableye\n|-damage|p1a: Sableye|0 fnt\n|faint|p1a: Sableye\n|cant|p2b: Milotic|Disable|Scald\n|move|p1b: Kingambit|Kowtow Cleave|p2b: Milotic\n|-crit|p2b: Milotic\n|-damage|p2b: Milotic|0 fnt\n|faint|p2b: Milotic\n|\n|-heal|p1b: Kingambit|16\/100 par|[from] item: Leftovers\n|upkeep\n|\n|t:|1697485971\n|switch|p1a: Iron Jugulis|Iron Jugulis|100\/100\n|-enditem|p1a: Iron Jugulis|Booster Energy\n|-activate|p1a: Iron Jugulis|ability: Quark Drive|[fromitem]\n|-start|p1a: Iron Jugulis|quarkdrivespa\n|turn|14\n|c|\u2606codyreborn|PARA not doin a damn thing. F\n|\n|t:|1697485979\n|cant|p1b: Kingambit|par\n|move|p2a: Dragapult|Dragon Darts|p1a: Iron Jugulis\n|-damage|p1a: Iron Jugulis|57\/100\n|-anim|p2a: Dragapult|Dragon Darts|p1b: Kingambit\n|-damage|p1b: Kingambit|0 fnt\n|faint|p1b: Kingambit\n|-end|p1b: Kingambit|fallen3|[silent]\n|move|p1a: Iron Jugulis|Dark Pulse|p2a: Dragapult\n|-supereffective|p2a: Dragapult\n|-damage|p2a: Dragapult|0 fnt\n|faint|p2a: Dragapult\n|\n|win|edgypunishment\n|raw|edgypunishment's rating: 1241 &rarr; <strong>1269<\/strong><br \/>(+28 for winning)\n|raw|codyreborn's rating: 1284 &rarr; <strong>1256<\/strong><br \/>(-28 for losing)\n|c|\u2606codyreborn|thats pokemon though all luck\n","uploadtime":1697485993,"views":10,"p1id":"edgypunishment","p2id":"codyreborn","formatid":"gen9doublesou","rating":1256,"private":0,"password":""}