{"id":"gen9doublesou-1995935611","p1":"Bitter Resolve","p2":"Slimthickens","format":"[Gen 9] Doubles OU","log":"|j|\u2606Bitter Resolve\n|j|\u2606Slimthickens\n|t:|1700619305\n|gametype|doubles\n|player|p1|Bitter Resolve|2|1104\n|player|p2|Slimthickens|102|1090\n|teamsize|p1|6\n|teamsize|p2|6\n|gen|9\n|tier|[Gen 9] Doubles OU\n|rated|\n|rule|Species Clause: Limit one of each Pok\u00e9mon\n|rule|OHKO Clause: OHKO moves are banned\n|rule|Evasion Moves Clause: Evasion moves are banned\n|rule|Gravity Sleep Clause: The combination of sleep-inducing moves with imperfect accuracy and Gravity or Gigantamax Orbeetle are banned\n|rule|Endless Battle Clause: Forcing endless battles is banned\n|rule|HP Percentage Mod: HP is shown in percentages\n|clearpoke\n|poke|p1|Diancie|\n|poke|p1|Tornadus, M|\n|poke|p1|Ogerpon-Wellspring, F|\n|poke|p1|Roaring Moon|\n|poke|p1|Heatran, M|\n|poke|p1|Clefairy, M|\n|poke|p2|Flutter Mane|\n|poke|p2|Ninetales, M|\n|poke|p2|Oranguru, F|\n|poke|p2|Hydreigon, M|\n|poke|p2|Politoed, M|\n|poke|p2|Pincurchin, F|\n|teampreview\n|inactive|Battle timer is ON: inactive players will automatically lose when time's up. (requested by Bitter Resolve)\n|c|\u2606Slimthickens|Fucking go\n|c|\u2606Slimthickens|why are you fucking stupid children allowed to play this\n|c|\u2606Slimthickens|its not hard just fucking move\n|inactive|Bitter Resolve has 120 seconds left.\n|\n|t:|1700619358\n|start\n|switch|p1a: Tornadus|Tornadus, M|100\/100\n|switch|p1b: Ogerpon|Ogerpon-Wellspring, F|100\/100\n|switch|p2a: Bye|Flutter Mane|100\/100\n|switch|p2b: Ninetales|Ninetales, M|100\/100\n|-weather|SunnyDay|[from] ability: Drought|[of] p2b: Ninetales\n|-activate|p2a: Bye|ability: Protosynthesis\n|-start|p2a: Bye|protosynthesisspa\n|turn|1\n|c|\u2606Slimthickens|Here we go again\n|\n|t:|1700619386\n|switch|p2b: Politoed|Politoed, M|100\/100\n|-weather|RainDance|[from] ability: Drizzle|[of] p2b: Politoed\n|-end|p2a: Bye|Protosynthesis\n|-terastallize|p2a: Bye|Fire\n|move|p1a: Tornadus|Protect|p1a: Tornadus\n|-singleturn|p1a: Tornadus|Protect\n|move|p1b: Ogerpon|Spiky Shield|p1b: Ogerpon\n|-singleturn|p1b: Ogerpon|move: Protect\n|move|p2a: Bye|Thunderbolt|p1b: Ogerpon\n|-activate|p1b: Ogerpon|move: Protect\n|\n|-weather|RainDance|[upkeep]\n|upkeep\n|turn|2\n|c|\u2606Slimthickens|trash 12 year old takes 5 minutes every move every decision\n|\n|t:|1700619409\n|switch|p2b: Oranguru|Oranguru, F|100\/100\n|switch|p1b: Clefairy|Clefairy, M|100\/100\n|move|p2a: Bye|Thunderbolt|p1a: Tornadus\n|-supereffective|p1a: Tornadus\n|-damage|p1a: Tornadus|30\/100\n|move|p1a: Tornadus|Bleakwind Storm|p2b: Oranguru|[spread] p2a,p2b\n|-damage|p2a: Bye|61\/100\n|-damage|p2b: Oranguru|73\/100\n|-unboost|p2b: Oranguru|spe|1\n|\n|-weather|RainDance|[upkeep]\n|upkeep\n|turn|3\n|\n|t:|1700619428\n|move|p1a: Tornadus|Protect|p1a: Tornadus\n|-singleturn|p1a: Tornadus|Protect\n|move|p2a: Bye|Thunderbolt|p1a: Tornadus\n|-activate|p1a: Tornadus|move: Protect\n|move|p1b: Clefairy|Knock Off|p2a: Bye\n|-damage|p2a: Bye|38\/100\n|-enditem|p2a: Bye|Choice Scarf|[from] move: Knock Off|[of] p1b: Clefairy\n|move|p2b: Oranguru|Trick Room|p2b: Oranguru\n|-fieldstart|move: Trick Room|[of] p2b: Oranguru\n|\n|-weather|RainDance|[upkeep]\n|upkeep\n|turn|4\n|\n|t:|1700619451\n|switch|p2b: Pincurchin|Pincurchin, F|100\/100\n|-fieldstart|move: Electric Terrain|[from] ability: Electric Surge|[of] p2b: Pincurchin\n|switch|p1a: Diancie|Diancie|100\/100\n|-end|p2a: Bye|Protosynthesis|[silent]\n|switch|p2a: Ninetales|Ninetales, M|100\/100\n|-weather|SunnyDay|[from] ability: Drought|[of] p2a: Ninetales\n|move|p1b: Clefairy|Knock Off|p2b: Pincurchin\n|-damage|p2b: Pincurchin|87\/100\n|-enditem|p2b: Pincurchin|Choice Band|[from] move: Knock Off|[of] p1b: Clefairy\n|\n|-weather|SunnyDay|[upkeep]\n|upkeep\n|turn|5\n|\n|t:|1700619473\n|switch|p2a: Politoed|Politoed, M|100\/100\n|-weather|RainDance|[from] ability: Drizzle|[of] p2a: Politoed\n|move|p1b: Clefairy|Protect|p1b: Clefairy\n|-singleturn|p1b: Clefairy|Protect\n|move|p2b: Pincurchin|Liquidation|p1a: Diancie\n|-supereffective|p1a: Diancie\n|-damage|p1a: Diancie|53\/100\n|move|p1a: Diancie|Diamond Storm|p2a: Politoed|[spread] p2b\n|-miss|p1a: Diancie|p2a: Politoed\n|-damage|p2b: Pincurchin|58\/100\n|\n|-weather|RainDance|[upkeep]\n|upkeep\n|turn|6\n|l|\u2606Slimthickens\n|inactive|Slimthickens disconnected and has a minute to reconnect!\n|player|p2|\n|inactive|Slimthickens has 30 seconds to reconnect!\n|inactive|Slimthickens has 20 seconds to reconnect!\n|inactive|Slimthickens has 15 seconds to reconnect!\n|inactive|Slimthickens has 10 seconds to reconnect!\n|inactive|Slimthickens has 5 seconds to reconnect!\n|-message|Slimthickens lost due to inactivity.\n|\n|win|Bitter Resolve\n|raw|Bitter Resolve's rating: 1104 &rarr; <strong>1126<\/strong><br \/>(+22 for winning)\n|raw|Slimthickens's rating: 1064 &rarr; <strong>1047<\/strong><br \/>(-17 for losing)\n","uploadtime":1700619326,"views":0,"p1id":"bitterresolve","p2id":"slimthickens","formatid":"gen9doublesou","rating":1047,"private":0,"password":""}