{"id":"gen9doublesou-1983808725","p1":"1103c","p2":"Vil3plum3","format":"[Gen 9] Doubles OU","log":"|j|\u26061103c\n|j|\u2606Vil3plum3\n|t:|1699185046\n|gametype|doubles\n|player|p1|1103c|266|1020\n|player|p2|Vil3plum3|265|1110\n|teamsize|p1|6\n|teamsize|p2|6\n|gen|9\n|tier|[Gen 9] Doubles OU\n|rated|\n|rule|Species Clause: Limit one of each Pok\u00e9mon\n|rule|OHKO Clause: OHKO moves are banned\n|rule|Evasion Moves Clause: Evasion moves are banned\n|rule|Gravity Sleep Clause: The combination of sleep-inducing moves with imperfect accuracy and Gravity or Gigantamax Orbeetle are banned\n|rule|Endless Battle Clause: Forcing endless battles is banned\n|rule|HP Percentage Mod: HP is shown in percentages\n|clearpoke\n|poke|p1|Luxray, M|\n|poke|p1|Chien-Pao|\n|poke|p1|Meowscarada, F|\n|poke|p1|Pyroar, M|\n|poke|p1|Perrserker, M|\n|poke|p1|Landorus-Therian, M|\n|poke|p2|Amoonguss, M|\n|poke|p2|Lilligant, F|\n|poke|p2|Landorus-Therian, M|\n|poke|p2|Pelipper, M|\n|poke|p2|Kingambit, F|\n|poke|p2|Sinistcha|\n|teampreview\n|inactive|Battle timer is ON: inactive players will automatically lose when time's up. (requested by 1103c)\n|\n|t:|1699185074\n|start\n|switch|p1a: Perrserker|Perrserker, M|100\/100\n|switch|p1b: Meowscarada|Meowscarada, F|100\/100\n|switch|p2a: Landorus|Landorus-Therian, M, shiny|100\/100\n|switch|p2b: Pelipper|Pelipper, M, shiny|100\/100\n|-ability|p2a: Landorus|Intimidate|boost\n|-unboost|p1a: Perrserker|atk|1\n|-unboost|p1b: Meowscarada|atk|1\n|-weather|RainDance|[from] ability: Drizzle|[of] p2b: Pelipper\n|turn|1\n|\n|t:|1699185098\n|-terastallize|p2a: Landorus|Flying\n|move|p1b: Meowscarada|Petal Blizzard|p2b: Pelipper|[spread] p1a,p2a,p2b\n|-start|p1b: Meowscarada|typechange|Grass|[from] ability: Protean\n|-resisted|p1a: Perrserker\n|-resisted|p2a: Landorus\n|-damage|p1a: Perrserker|88\/100\n|-damage|p2a: Landorus|84\/100\n|-damage|p2b: Pelipper|82\/100\n|-damage|p1b: Meowscarada|91\/100|[from] item: Life Orb\n|move|p2a: Landorus|Earthquake|p1a: Perrserker|[spread] p1a,p1b\n|-immune|p2b: Pelipper\n|-supereffective|p1a: Perrserker\n|-resisted|p1b: Meowscarada\n|-damage|p1a: Perrserker|0 fnt\n|-damage|p1b: Meowscarada|41\/100\n|faint|p1a: Perrserker\n|move|p2b: Pelipper|Blizzard|p1b: Meowscarada\n|-supereffective|p1b: Meowscarada\n|-damage|p1b: Meowscarada|0 fnt\n|faint|p1b: Meowscarada\n|\n|-weather|RainDance|[upkeep]\n|-heal|p2b: Pelipper|88\/100|[from] item: Leftovers\n|upkeep\n|inactive|1103c has 120 seconds left.\n|\n|t:|1699185140\n|switch|p1b: Chien-Pao|Chien-Pao|100\/100\n|switch|p1a: Luxray|Luxray, M, shiny|100\/100\n|-ability|p1b: Chien-Pao|Sword of Ruin\n|turn|2\n|inactive|1103c has 120 seconds left.\n|\n|t:|1699185159\n|move|p2b: Pelipper|Protect|p2b: Pelipper\n|-singleturn|p2b: Pelipper|Protect\n|move|p1b: Chien-Pao|Ice Spinner|p2a: Landorus\n|-supereffective|p2a: Landorus\n|-damage|p2a: Landorus|0 fnt\n|faint|p2a: Landorus\n|move|p1a: Luxray|Wild Charge|p2b: Pelipper\n|-activate|p2b: Pelipper|move: Protect\n|\n|-weather|RainDance|[upkeep]\n|-heal|p2b: Pelipper|94\/100|[from] item: Leftovers\n|-status|p1a: Luxray|brn|[from] item: Flame Orb\n|upkeep\n|\n|t:|1699185173\n|switch|p2a: Kingambit|Kingambit, F, shiny|100\/100\n|turn|3\n|inactive|1103c has 120 seconds left.\n|\n|t:|1699185211\n|switch|p2b: Lilligant|Lilligant, F, shiny|100\/100\n|move|p1b: Chien-Pao|Brick Break|p2a: Kingambit\n|-supereffective|p2a: Kingambit\n|-damage|p2a: Kingambit|38\/100\n|-enditem|p2a: Kingambit|Red Card|[of] p1b: Chien-Pao\n|drag|p1b: Landorus|Landorus-Therian, M|100\/100\n|-ability|p1b: Landorus|Intimidate|boost\n|-unboost|p2a: Kingambit|atk|1\n|-ability|p2a: Kingambit|Defiant|boost\n|-boost|p2a: Kingambit|atk|2\n|-unboost|p2b: Lilligant|atk|1\n|move|p1a: Luxray|Wild Charge|p2b: Lilligant\n|-resisted|p2b: Lilligant\n|-damage|p2b: Lilligant|47\/100\n|-damage|p1a: Luxray|88\/100 brn|[from] Recoil\n|move|p2a: Kingambit|Brick Break|p1b: Landorus\n|-resisted|p1b: Landorus\n|-damage|p1b: Landorus|83\/100\n|\n|-weather|RainDance|[upkeep]\n|-damage|p1a: Luxray|82\/100 brn|[from] brn\n|upkeep\n|turn|4\n|inactive|1103c has 120 seconds left.\n|inactive|1103c has 90 seconds left.\n|\n|t:|1699185262\n|move|p2b: Lilligant|Protect|p2b: Lilligant\n|-singleturn|p2b: Lilligant|Protect\n|move|p2a: Kingambit|Protect|p2a: Kingambit\n|-singleturn|p2a: Kingambit|Protect\n|move|p1a: Luxray|Facade|p2b: Lilligant\n|-activate|p2b: Lilligant|move: Protect\n|move|p1b: Landorus|Brick Break|p2a: Kingambit\n|-activate|p2a: Kingambit|move: Protect\n|\n|-weather|RainDance|[upkeep]\n|-damage|p1a: Luxray|76\/100 brn|[from] brn\n|upkeep\n|turn|5\n|inactive|1103c has 90 seconds left.\n|\n|t:|1699185284\n|switch|p2b: Sinistcha|Sinistcha, shiny|100\/100\n|-heal|p2a: Kingambit|63\/100|[from] ability: Hospitality|[of] p2b: Sinistcha\n|switch|p2a: Amoonguss|Amoonguss, M, shiny|100\/100\n|move|p1a: Luxray|Facade|p2b: Sinistcha\n|-immune|p2b: Sinistcha\n|move|p1b: Landorus|Brick Break|p2a: Amoonguss\n|-resisted|p2a: Amoonguss\n|-damage|p2a: Amoonguss|88\/100\n|-damage|p1b: Landorus|67\/100|[from] item: Rocky Helmet|[of] p2a: Amoonguss\n|\n|-weather|none\n|-damage|p1a: Luxray|70\/100 brn|[from] brn\n|upkeep\n|turn|6\n|inactive|1103c has 90 seconds left.\n|\n|t:|1699185312\n|move|p2a: Amoonguss|Protect|p2a: Amoonguss\n|-singleturn|p2a: Amoonguss|Protect\n|move|p1a: Luxray|Facade|p2a: Amoonguss\n|-activate|p2a: Amoonguss|move: Protect\n|move|p1b: Landorus|U-turn|p2b: Sinistcha\n|-damage|p2b: Sinistcha|82\/100\n|inactive|1103c has 90 seconds left.\n|\n|t:|1699185323\n|switch|p1b: Pyroar|Pyroar, M|100\/100|[from] U-turn\n|-ability|p1b: Pyroar|Unnerve\n|move|p2b: Sinistcha|Matcha Gotcha|p1a: Luxray|[spread] p1a,p1b\n|-resisted|p1b: Pyroar\n|-damage|p1a: Luxray|36\/100 brn\n|-heal|p2b: Sinistcha|97\/100|[from] drain|[of] p1a: Luxray\n|-damage|p1b: Pyroar|84\/100\n|-heal|p2b: Sinistcha|100\/100|[from] drain|[of] p1b: Pyroar\n|\n|-damage|p1a: Luxray|30\/100 brn|[from] brn\n|upkeep\n|turn|7\n|inactive|1103c has 90 seconds left.\n|\n|t:|1699185352\n|-terastallize|p1a: Luxray|Normal\n|move|p2a: Amoonguss|Rage Powder|p2a: Amoonguss\n|-singleturn|p2a: Amoonguss|move: Rage Powder\n|move|p1b: Pyroar|Hyper Voice|p2b: Sinistcha|[spread] p2a\n|-immune|p2b: Sinistcha\n|-damage|p2a: Amoonguss|60\/100\n|move|p1a: Luxray|Facade|p2a: Amoonguss\n|-damage|p2a: Amoonguss|0 fnt\n|-damage|p1a: Luxray|14\/100 brn|[from] item: Rocky Helmet|[of] p2a: Amoonguss\n|faint|p2a: Amoonguss\n|move|p2b: Sinistcha|Hex|p1b: Pyroar\n|-immune|p1b: Pyroar\n|\n|-damage|p1a: Luxray|8\/100 brn|[from] brn\n|upkeep\n|inactive|Vil3plum3 has 120 seconds left.\n|\n|t:|1699185372\n|switch|p2a: Pelipper|Pelipper, M, shiny|94\/100\n|-weather|RainDance|[from] ability: Drizzle|[of] p2a: Pelipper\n|turn|8\n|inactive|Vil3plum3 has 120 seconds left.\n|\n|t:|1699185388\n|move|p2b: Sinistcha|Protect|p2b: Sinistcha\n|-singleturn|p2b: Sinistcha|Protect\n|move|p1b: Pyroar|Flamethrower|p2b: Sinistcha\n|-activate|p2b: Sinistcha|move: Protect\n|move|p1a: Luxray|Facade|p2a: Pelipper\n|-damage|p2a: Pelipper|16\/100\n|move|p2a: Pelipper|Liquidation|p1b: Pyroar\n|-supereffective|p1b: Pyroar\n|-damage|p1b: Pyroar|6\/100\n|\n|-weather|RainDance|[upkeep]\n|-heal|p2a: Pelipper|22\/100|[from] item: Leftovers\n|-damage|p1a: Luxray|2\/100 brn|[from] brn\n|upkeep\n|turn|9\n|inactive|1103c has 120 seconds left.\n|\n|t:|1699185415\n|move|p2b: Sinistcha|Protect||[still]\n|-fail|p2b: Sinistcha\n|move|p2a: Pelipper|Protect|p2a: Pelipper\n|-singleturn|p2a: Pelipper|Protect\n|move|p1b: Pyroar|Flamethrower|p2b: Sinistcha\n|-supereffective|p2b: Sinistcha\n|-damage|p2b: Sinistcha|52\/100\n|move|p1a: Luxray|Facade|p2a: Pelipper\n|-activate|p2a: Pelipper|move: Protect\n|\n|-weather|RainDance|[upkeep]\n|-heal|p2b: Sinistcha|58\/100|[from] item: Leftovers\n|-heal|p2a: Pelipper|29\/100|[from] item: Leftovers\n|-damage|p1a: Luxray|0 fnt|[from] brn\n|faint|p1a: Luxray\n|upkeep\n|\n|t:|1699185434\n|switch|p1a: Chien-Pao|Chien-Pao|100\/100\n|-ability|p1a: Chien-Pao|Sword of Ruin\n|turn|10\n|\n|t:|1699185453\n|switch|p2a: Kingambit|Kingambit, F, shiny|63\/100\n|move|p1a: Chien-Pao|Ice Spinner|p2b: Sinistcha\n|-supereffective|p2b: Sinistcha\n|-damage|p2b: Sinistcha|0 fnt\n|faint|p2b: Sinistcha\n|move|p1b: Pyroar|Flamethrower|p2a: Kingambit\n|-supereffective|p2a: Kingambit\n|-damage|p2a: Kingambit|24\/100\n|\n|-weather|RainDance|[upkeep]\n|upkeep\n|\n|t:|1699185464\n|switch|p2b: Pelipper|Pelipper, M, shiny|29\/100\n|turn|11\n|inactive|1103c has 120 seconds left.\n|\n|t:|1699185510\n|move|p1a: Chien-Pao|Crunch|p2b: Pelipper\n|-damage|p2b: Pelipper|0 fnt\n|faint|p2b: Pelipper\n|move|p1b: Pyroar|Flamethrower|p2a: Kingambit\n|-supereffective|p2a: Kingambit\n|-damage|p2a: Kingambit|0 fnt\n|faint|p2a: Kingambit\n|\n|-weather|RainDance|[upkeep]\n|upkeep\n|\n|t:|1699185533\n|switch|p2b: Lilligant|Lilligant, F, shiny|47\/100\n|turn|12\n|inactive|1103c has 120 seconds left.\n|\n|t:|1699185542\n|move|p2b: Lilligant|Protect|p2b: Lilligant\n|-singleturn|p2b: Lilligant|Protect\n|move|p1a: Chien-Pao|Ice Spinner|p2b: Lilligant\n|-activate|p2b: Lilligant|move: Protect\n|move|p1b: Pyroar|Flamethrower|p2b: Lilligant\n|-activate|p2b: Lilligant|move: Protect\n|\n|-weather|none\n|upkeep\n|turn|13\n|\n|t:|1699185556\n|move|p2b: Lilligant|Protect||[still]\n|-fail|p2b: Lilligant\n|move|p1a: Chien-Pao|Ice Spinner|p2b: Lilligant\n|-supereffective|p2b: Lilligant\n|-damage|p2b: Lilligant|0 fnt\n|faint|p2b: Lilligant\n|\n|win|1103c\n|raw|1103c's rating: 1020 &rarr; <strong>1066<\/strong><br \/>(+46 for winning)\n|raw|Vil3plum3's rating: 1110 &rarr; <strong>1079<\/strong><br \/>(-31 for losing)\n","uploadtime":1699185566,"views":16,"p1id":"1103c","p2id":"vil3plum3","formatid":"gen9doublesou","rating":1066,"private":0,"password":""}