{"id":"gen9doublesou-1986552781","p1":"cg3002","p2":"Th3K1ng123","format":"[Gen 9] Doubles OU","log":"|j|\u2606cg3002\n|j|\u2606Th3K1ng123\n|t:|1699491194\n|gametype|doubles\n|player|p1|cg3002|dancer|1335\n|player|p2|Th3K1ng123|turo|1289\n|teamsize|p1|6\n|teamsize|p2|6\n|gen|9\n|tier|[Gen 9] Doubles OU\n|rated|\n|rule|Species Clause: Limit one of each Pok\u00e9mon\n|rule|OHKO Clause: OHKO moves are banned\n|rule|Evasion Moves Clause: Evasion moves are banned\n|rule|Gravity Sleep Clause: The combination of sleep-inducing moves with imperfect accuracy and Gravity or Gigantamax Orbeetle are banned\n|rule|Endless Battle Clause: Forcing endless battles is banned\n|rule|HP Percentage Mod: HP is shown in percentages\n|clearpoke\n|poke|p1|Tyranitar, M|\n|poke|p1|Klefki, M|\n|poke|p1|Stonjourner, M|\n|poke|p1|Copperajah, F|\n|poke|p1|Perrserker, F|\n|poke|p1|Houndstone, M|\n|poke|p2|Tornadus, M|\n|poke|p2|Dragonite, M|\n|poke|p2|Heatran, M|\n|poke|p2|Rillaboom, M|\n|poke|p2|Ninetales-Alola, F|\n|poke|p2|Pawmot, F|\n|teampreview\n|\n|t:|1699491208\n|start\n|switch|p1a: Klefki|Klefki, M|100\/100\n|switch|p1b: Perrserker|Perrserker, F|100\/100\n|switch|p2a: Windy|Tornadus, M, shiny|100\/100\n|switch|p2b: Furnace|Heatran, M, shiny|100\/100\n|turn|1\n|\n|t:|1699491218\n|move|p1b: Perrserker|Fake Out|p2a: Windy\n|-crit|p2a: Windy\n|-damage|p2a: Windy|86\/100\n|cant|p2a: Windy|flinch\n|move|p1a: Klefki|Light Screen|p1a: Klefki\n|-sidestart|p1: cg3002|move: Light Screen\n|move|p2b: Furnace|Heat Wave|p1b: Perrserker|[spread] p1b\n|-miss|p2b: Furnace|p1a: Klefki\n|-supereffective|p1b: Perrserker\n|-damage|p1b: Perrserker|14\/100\n|-enditem|p1b: Perrserker|Eject Button\n|\n|t:|1699491235\n|switch|p1b: Tyranitar|Tyranitar, M|100\/100\n|-weather|Sandstorm|[from] ability: Sand Stream|[of] p1b: Tyranitar\n|\n|-weather|Sandstorm|[upkeep]\n|-damage|p2a: Windy|80\/100|[from] Sandstorm\n|upkeep\n|turn|2\n|\n|t:|1699491249\n|switch|p1a: Stonjourner|Stonjourner, M|100\/100\n|move|p2a: Windy|Tailwind|p2a: Windy\n|-sidestart|p2: Th3K1ng123|move: Tailwind\n|move|p2b: Furnace|Heat Wave|p1a: Stonjourner|[spread] p1a,p1b\n|-resisted|p1a: Stonjourner\n|-crit|p1a: Stonjourner\n|-resisted|p1b: Tyranitar\n|-crit|p1b: Tyranitar\n|-damage|p1a: Stonjourner|61\/100\n|-damage|p1b: Tyranitar|81\/100\n|move|p1b: Tyranitar|Stone Edge|p2a: Windy\n|-supereffective|p2a: Windy\n|-damage|p2a: Windy|0 fnt\n|faint|p2a: Windy\n|\n|-weather|Sandstorm|[upkeep]\n|-heal|p1b: Tyranitar|87\/100|[from] item: Leftovers\n|upkeep\n|\n|t:|1699491269\n|switch|p2a: Pomni|Pawmot, F, shiny|100\/100\n|turn|3\n|\n|t:|1699491281\n|switch|p1b: Houndstone|Houndstone, M|100\/100\n|move|p1a: Stonjourner|Wide Guard|p1a: Stonjourner\n|-singleturn|p1a: Stonjourner|Wide Guard\n|move|p2a: Pomni|Mach Punch|p1b: Houndstone\n|-immune|p1b: Houndstone\n|move|p2b: Furnace|Heat Wave|p1b: Houndstone|[spread] \n|-activate|p1a: Stonjourner|move: Wide Guard\n|-activate|p1b: Houndstone|move: Wide Guard\n|\n|-weather|Sandstorm|[upkeep]\n|-damage|p2a: Pomni|94\/100|[from] Sandstorm\n|upkeep\n|turn|4\n|\n|t:|1699491307\n|move|p1b: Houndstone|Ally Switch|p1b: Houndstone\n|swap|p1b: Houndstone|0|[from] move: Ally Switch\n|move|p2a: Pomni|Close Combat|p1a: Houndstone\n|-immune|p1a: Houndstone\n|move|p2b: Furnace|Heat Wave|p1a: Houndstone|[spread] p1a,p1b\n|-resisted|p1b: Stonjourner\n|-damage|p1a: Houndstone|47\/100\n|-damage|p1b: Stonjourner|42\/100\n|-status|p1b: Stonjourner|brn\n|move|p1b: Stonjourner|Body Press|p2b: Furnace\n|-supereffective|p2b: Furnace\n|-damage|p2b: Furnace|78\/100\n|\n|-weather|Sandstorm|[upkeep]\n|-damage|p2a: Pomni|88\/100|[from] Sandstorm\n|-damage|p1b: Stonjourner|36\/100 brn|[from] brn\n|upkeep\n|turn|5\n|\n|t:|1699491323\n|move|p2a: Pomni|Revival Blessing|p2a: Pomni\n|-enditem|p2a: Pomni|Leppa Berry|[eat]\n|-activate|p2a: Pomni|item: Leppa Berry|Revival Blessing|[consumed]\n|\n|t:|1699491326\n|-heal|p2: Windy|50\/100|[from] move: Revival Blessing\n|move|p2b: Furnace|Heat Wave|p1a: Houndstone|[spread] p1a,p1b\n|-resisted|p1b: Stonjourner\n|-damage|p1a: Houndstone|0 fnt\n|-damage|p1b: Stonjourner|17\/100 brn\n|faint|p1a: Houndstone\n|move|p1b: Stonjourner|Gravity|p1b: Stonjourner\n|-fieldstart|move: Gravity\n|\n|-weather|none\n|-damage|p1b: Stonjourner|10\/100 brn|[from] brn\n|-sideend|p1: cg3002|move: Light Screen\n|-sideend|p2: Th3K1ng123|move: Tailwind\n|upkeep\n|\n|t:|1699491347\n|switch|p1a: Copperajah|Copperajah, F|100\/100\n|turn|6\n|\n|t:|1699491365\n|switch|p2b: Windy|Tornadus, M, shiny|50\/100\n|move|p1a: Copperajah|Protect|p1a: Copperajah\n|-singleturn|p1a: Copperajah|Protect\n|move|p2a: Pomni|Close Combat|p1a: Copperajah\n|-activate|p1a: Copperajah|move: Protect\n|move|p1b: Stonjourner|Body Press|p2b: Windy\n|-resisted|p2b: Windy\n|-damage|p2b: Windy|45\/100\n|\n|-damage|p1b: Stonjourner|4\/100 brn|[from] brn\n|upkeep\n|turn|7\n|\n|t:|1699491392\n|-terastallize|p1a: Copperajah|Fairy\n|move|p2a: Pomni|Close Combat|p1a: Copperajah\n|-resisted|p1a: Copperajah\n|-damage|p1a: Copperajah|74\/100\n|-unboost|p2a: Pomni|def|1\n|-unboost|p2a: Pomni|spd|1\n|move|p2b: Windy|Heat Wave|p1b: Stonjourner|[spread] p1a,p1b\n|-resisted|p1b: Stonjourner\n|-damage|p1a: Copperajah|49\/100\n|-damage|p1b: Stonjourner|0 fnt\n|faint|p1b: Stonjourner\n|move|p1a: Copperajah|Play Rough|p2a: Pomni\n|-supereffective|p2a: Pomni\n|-damage|p2a: Pomni|0 fnt\n|faint|p2a: Pomni\n|\n|upkeep\n|\n|t:|1699491416\n|switch|p2a: Furnace|Heatran, M, shiny|78\/100\n|switch|p1b: Tyranitar|Tyranitar, M|87\/100\n|-weather|Sandstorm|[from] ability: Sand Stream|[of] p1b: Tyranitar\n|turn|8\n|\n|t:|1699491424\n|move|p1a: Copperajah|Protect|p1a: Copperajah\n|-singleturn|p1a: Copperajah|Protect\n|move|p2b: Windy|Tailwind|p2b: Windy\n|-sidestart|p2: Th3K1ng123|move: Tailwind\n|move|p2a: Furnace|Heat Wave|p1a: Copperajah|[spread] p1b\n|-activate|p1a: Copperajah|move: Protect\n|-resisted|p1b: Tyranitar\n|-damage|p1b: Tyranitar|74\/100\n|move|p1b: Tyranitar|Stone Edge|p2a: Furnace\n|-damage|p2a: Furnace|31\/100\n|\n|-weather|Sandstorm|[upkeep]\n|-damage|p2b: Windy|39\/100|[from] Sandstorm\n|-damage|p1a: Copperajah|42\/100|[from] Sandstorm\n|-heal|p1b: Tyranitar|80\/100|[from] item: Leftovers\n|upkeep\n|turn|9\n|\n|t:|1699491449\n|switch|p1a: Klefki|Klefki, M|100\/100\n|move|p2b: Windy|Air Slash|p1a: Klefki\n|-resisted|p1a: Klefki\n|-damage|p1a: Klefki|83\/100\n|move|p2a: Furnace|Heat Wave|p1b: Tyranitar|[spread] p1a,p1b\n|-supereffective|p1a: Klefki\n|-resisted|p1b: Tyranitar\n|-damage|p1a: Klefki|0 fnt\n|-damage|p1b: Tyranitar|69\/100\n|faint|p1a: Klefki\n|move|p1b: Tyranitar|Stone Edge|p2a: Furnace\n|-damage|p2a: Furnace|0 fnt\n|faint|p2a: Furnace\n|\n|-weather|Sandstorm|[upkeep]\n|-damage|p2b: Windy|33\/100|[from] Sandstorm\n|-heal|p1b: Tyranitar|75\/100|[from] item: Leftovers\n|-fieldend|move: Gravity\n|upkeep\n|\n|t:|1699491464\n|switch|p2a: Harambe|Rillaboom, M, shiny|100\/100\n|switch|p1a: Perrserker|Perrserker, F|14\/100\n|-fieldstart|move: Grassy Terrain|[from] ability: Grassy Surge|[of] p2a: Harambe\n|-enditem|p2a: Harambe|Grassy Seed\n|-boost|p2a: Harambe|def|1|[from] item: Grassy Seed\n|turn|10\n|\n|t:|1699491477\n|switch|p1a: Copperajah|Copperajah, F, tera:Fairy|42\/100\n|move|p2b: Windy|Heat Wave|p1b: Tyranitar|[spread] p1a,p1b\n|-resisted|p1b: Tyranitar\n|-damage|p1a: Copperajah|18\/100\n|-damage|p1b: Tyranitar|70\/100\n|-status|p1b: Tyranitar|brn\n|move|p2a: Harambe|Drain Punch|p1b: Tyranitar\n|-supereffective|p1b: Tyranitar\n|-damage|p1b: Tyranitar|0 fnt\n|faint|p1b: Tyranitar\n|\n|-weather|Sandstorm|[upkeep]\n|-damage|p2b: Windy|26\/100|[from] Sandstorm\n|-damage|p2a: Harambe|94\/100|[from] Sandstorm\n|-damage|p1a: Copperajah|12\/100|[from] Sandstorm\n|-heal|p2a: Harambe|100\/100|[from] Grassy Terrain\n|-heal|p1a: Copperajah|18\/100|[from] Grassy Terrain\n|upkeep\n|\n|t:|1699491485\n|switch|p1b: Perrserker|Perrserker, F|14\/100\n|turn|11\n|\n|t:|1699491499\n|move|p1b: Perrserker|Fake Out|p2a: Harambe\n|-damage|p2a: Harambe|95\/100\n|cant|p2a: Harambe|flinch\n|move|p2b: Windy|Heat Wave|p1b: Perrserker|[spread] p1a,p1b\n|-supereffective|p1b: Perrserker\n|-damage|p1a: Copperajah|0 fnt\n|-damage|p1b: Perrserker|0 fnt\n|faint|p1a: Copperajah\n|faint|p1b: Perrserker\n|\n|win|Th3K1ng123\n|raw|cg3002's rating: 1335 &rarr; <strong>1312<\/strong><br \/>(-23 for losing)\n|raw|Th3K1ng123's rating: 1289 &rarr; <strong>1317<\/strong><br \/>(+28 for winning)\n","uploadtime":1699491508,"views":9,"p1id":"cg3002","p2id":"th3k1ng123","formatid":"gen9doublesou","rating":1312,"private":0,"password":""}