{"id":"gen9doublesou-1970348204","p1":"robbstark31","p2":"Razzlemcdazzle","format":"[Gen 9] Doubles OU","log":"|j|\u2606robbstark31\n|j|\u2606Razzlemcdazzle\n|t:|1697630532\n|gametype|doubles\n|player|p1|robbstark31|102|1409\n|player|p2|Razzlemcdazzle|fisherman-gen4|1494\n|teamsize|p1|6\n|teamsize|p2|6\n|gen|9\n|tier|[Gen 9] Doubles OU\n|rated|\n|rule|Species Clause: Limit one of each Pok\u00e9mon\n|rule|OHKO Clause: OHKO moves are banned\n|rule|Evasion Moves Clause: Evasion moves are banned\n|rule|Gravity Sleep Clause: The combination of sleep-inducing moves with imperfect accuracy and Gravity or Gigantamax Orbeetle are banned\n|rule|Endless Battle Clause: Forcing endless battles is banned\n|rule|HP Percentage Mod: HP is shown in percentages\n|clearpoke\n|poke|p1|Glimmora, F|\n|poke|p1|Chi-Yu|\n|poke|p1|Torkoal, M|\n|poke|p1|Flutter Mane|\n|poke|p1|Walking Wake|\n|poke|p1|Grimmsnarl, M|\n|poke|p2|Indeedee-F, F|\n|poke|p2|Armarouge, F|\n|poke|p2|Tyranitar, M|\n|poke|p2|Hatterene, F|\n|poke|p2|Iron Hands|\n|poke|p2|Oranguru, F|\n|teampreview\n|inactive|Battle timer is ON: inactive players will automatically lose when time's up. (requested by Razzlemcdazzle)\n|\n|t:|1697630541\n|start\n|switch|p1a: Grimmsnarl|Grimmsnarl, M|100\/100\n|switch|p1b: Glimmora|Glimmora, F|100\/100\n|switch|p2a: Hatterene|Hatterene, F|100\/100\n|switch|p2b: Iron Hands|Iron Hands|100\/100\n|turn|1\n|\n|t:|1697630558\n|switch|p1b: Torkoal|Torkoal, M|100\/100\n|-weather|SunnyDay|[from] ability: Drought|[of] p1b: Torkoal\n|move|p2b: Iron Hands|Fake Out|p1a: Grimmsnarl\n|-damage|p1a: Grimmsnarl|83\/100\n|cant|p1a: Grimmsnarl|flinch\n|move|p2a: Hatterene|Trick Room|p2a: Hatterene\n|-fieldstart|move: Trick Room|[of] p2a: Hatterene\n|\n|-weather|SunnyDay|[upkeep]\n|upkeep\n|turn|2\n|\n|t:|1697630575\n|-terastallize|p2a: Hatterene|Fire\n|move|p1a: Grimmsnarl|Reflect|p1a: Grimmsnarl\n|-sidestart|p1: robbstark31|Reflect\n|move|p2a: Hatterene|Psychic|p1b: Torkoal\n|-damage|p1b: Torkoal|28\/100\n|move|p1b: Torkoal|Eruption|p2b: Iron Hands|[spread] p2a,p2b\n|-resisted|p2a: Hatterene\n|-damage|p2a: Hatterene|90\/100\n|-damage|p2b: Iron Hands|88\/100\n|move|p2b: Iron Hands|Brick Break|p1a: Grimmsnarl\n|-sideend|p1: robbstark31|Reflect\n|-damage|p1a: Grimmsnarl|35\/100\n|\n|-weather|SunnyDay|[upkeep]\n|-heal|p1b: Torkoal|34\/100|[from] item: Leftovers\n|upkeep\n|turn|3\n|\n|t:|1697630595\n|move|p1b: Torkoal|Protect|p1b: Torkoal\n|-singleturn|p1b: Torkoal|Protect\n|move|p2a: Hatterene|Dazzling Gleam|p1b: Torkoal|[spread] p1a\n|-activate|p1b: Torkoal|move: Protect\n|-supereffective|p1a: Grimmsnarl\n|-damage|p1a: Grimmsnarl|0 fnt\n|faint|p1a: Grimmsnarl\n|move|p2b: Iron Hands|Brick Break|p1b: Torkoal\n|-activate|p1b: Torkoal|move: Protect\n|\n|-weather|SunnyDay|[upkeep]\n|-heal|p1b: Torkoal|40\/100|[from] item: Leftovers\n|upkeep\n|\n|t:|1697630611\n|switch|p1a: Flutter Mane|Flutter Mane|100\/100\n|-activate|p1a: Flutter Mane|ability: Protosynthesis\n|-start|p1a: Flutter Mane|protosynthesisspe\n|turn|4\n|\n|t:|1697630620\n|-terastallize|p1a: Flutter Mane|Fairy\n|move|p2a: Hatterene|Psychic|p1b: Torkoal\n|-damage|p1b: Torkoal|0 fnt\n|faint|p1b: Torkoal\n|move|p2b: Iron Hands|Wild Charge|p1a: Flutter Mane\n|-damage|p1a: Flutter Mane|0 fnt\n|faint|p1a: Flutter Mane\n|-end|p1a: Flutter Mane|Protosynthesis|[silent]\n|-damage|p2b: Iron Hands|76\/100|[from] Recoil\n|\n|-weather|SunnyDay|[upkeep]\n|upkeep\n|\n|t:|1697630626\n|switch|p1b: Chi-Yu|Chi-Yu|100\/100\n|switch|p1a: Walking Wake|Walking Wake|100\/100\n|-ability|p1b: Chi-Yu|Beads of Ruin\n|-activate|p1a: Walking Wake|ability: Protosynthesis\n|-start|p1a: Walking Wake|protosynthesisspa\n|turn|5\n|\n|t:|1697630638\n|move|p2a: Hatterene|Dazzling Gleam|p1b: Chi-Yu|[spread] p1a,p1b\n|-supereffective|p1a: Walking Wake\n|-damage|p1a: Walking Wake|0 fnt\n|-damage|p1b: Chi-Yu|68\/100\n|faint|p1a: Walking Wake\n|-end|p1a: Walking Wake|Protosynthesis|[silent]\n|move|p2b: Iron Hands|Close Combat|p1b: Chi-Yu\n|-supereffective|p1b: Chi-Yu\n|-damage|p1b: Chi-Yu|0 fnt\n|-unboost|p2b: Iron Hands|def|1\n|-unboost|p2b: Iron Hands|spd|1\n|faint|p1b: Chi-Yu\n|\n|-weather|none\n|-fieldend|move: Trick Room\n|upkeep\n|\n|t:|1697630648\n|switch|p1b: Glimmora|Glimmora, F|100\/100\n|turn|6\n|\n|t:|1697630656\n|move|p1b: Glimmora|Mortal Spin|p2b: Iron Hands|[spread] p2a,p2b\n|-crit|p2a: Hatterene\n|-damage|p2a: Hatterene|84\/100\n|-damage|p2b: Iron Hands|73\/100\n|-status|p2b: Iron Hands|psn\n|move|p2b: Iron Hands|Close Combat|p1b: Glimmora\n|-damage|p1b: Glimmora|31\/100\n|-unboost|p2b: Iron Hands|def|1\n|-unboost|p2b: Iron Hands|spd|1\n|-activate|p1b: Glimmora|ability: Toxic Debris\n|-sidestart|p2: Razzlemcdazzle|move: Toxic Spikes\n|move|p2a: Hatterene|Psychic|p1b: Glimmora\n|-supereffective|p1b: Glimmora\n|-damage|p1b: Glimmora|0 fnt\n|faint|p1b: Glimmora\n|\n|win|Razzlemcdazzle\n|raw|robbstark31's rating: 1409 &rarr; <strong>1394<\/strong><br \/>(-15 for losing)\n|raw|Razzlemcdazzle's rating: 1494 &rarr; <strong>1509<\/strong><br \/>(+15 for winning)\n|l|\u2606robbstark31\n","uploadtime":1697630684,"views":16,"p1id":"robbstark31","p2id":"razzlemcdazzle","formatid":"gen9doublesou","rating":1394,"private":0,"password":""}