{"id":"gen9doublesou-1989184258","p1":"MajicMark","p2":"dirtymike10","format":"[Gen 9] Doubles OU","log":"|j|\u2606MajicMark\n|j|\u2606dirtymike10\n|t:|1699821079\n|gametype|doubles\n|player|p1|MajicMark|102|1206\n|player|p2|dirtymike10|266|1106\n|teamsize|p1|6\n|teamsize|p2|6\n|gen|9\n|tier|[Gen 9] Doubles OU\n|rated|\n|rule|Species Clause: Limit one of each Pok\u00e9mon\n|rule|OHKO Clause: OHKO moves are banned\n|rule|Evasion Moves Clause: Evasion moves are banned\n|rule|Gravity Sleep Clause: The combination of sleep-inducing moves with imperfect accuracy and Gravity or Gigantamax Orbeetle are banned\n|rule|Endless Battle Clause: Forcing endless battles is banned\n|rule|HP Percentage Mod: HP is shown in percentages\n|clearpoke\n|poke|p1|Fezandipiti, M|\n|poke|p1|Torterra, M|\n|poke|p1|Flutter Mane|\n|poke|p1|Ursaluna-Bloodmoon, M|\n|poke|p1|Cresselia, F|\n|poke|p1|Armarouge, M|\n|poke|p2|Toxapex, M|\n|poke|p2|Kingambit, M|\n|poke|p2|Grimmsnarl, M|\n|poke|p2|Volcanion|\n|poke|p2|Breloom, M|\n|poke|p2|Gastrodon, M|\n|teampreview\n|inactive|Battle timer is ON: inactive players will automatically lose when time's up. (requested by dirtymike10)\n|\n|t:|1699821087\n|start\n|switch|p1a: Dezanfipiti|Fezandipiti, M|100\/100\n|switch|p1b: Mr. Continental|Torterra, M|100\/100\n|switch|p2a: Grimmsnarl|Grimmsnarl, M|100\/100\n|switch|p2b: Toxapex|Toxapex, M|100\/100\n|turn|1\n|\n|t:|1699821115\n|move|p2a: Grimmsnarl|Light Screen|p2a: Grimmsnarl\n|-sidestart|p2: dirtymike10|move: Light Screen\n|move|p1a: Dezanfipiti|Icy Wind|p2b: Toxapex|[spread] p2a,p2b\n|-resisted|p2b: Toxapex\n|-damage|p2a: Grimmsnarl|95\/100\n|-damage|p2b: Toxapex|99\/100\n|-unboost|p2a: Grimmsnarl|spe|1\n|-unboost|p2b: Toxapex|spe|1\n|move|p1b: Mr. Continental|Shell Smash|p1b: Mr. Continental\n|-unboost|p1b: Mr. Continental|def|1\n|-unboost|p1b: Mr. Continental|spd|1\n|-boost|p1b: Mr. Continental|atk|2\n|-boost|p1b: Mr. Continental|spa|2\n|-boost|p1b: Mr. Continental|spe|2\n|move|p2b: Toxapex|Toxic|p1b: Mr. Continental\n|-status|p1b: Mr. Continental|tox\n|\n|-heal|p2b: Toxapex|100\/100|[from] item: Black Sludge\n|-damage|p1b: Mr. Continental|94\/100 tox|[from] psn\n|upkeep\n|turn|2\n|inactive|dirtymike10 has 120 seconds left.\n|\n|t:|1699821153\n|move|p2b: Toxapex|Baneful Bunker|p2b: Toxapex\n|-singleturn|p2b: Toxapex|move: Protect\n|move|p2a: Grimmsnarl|Reflect|p2a: Grimmsnarl\n|-sidestart|p2: dirtymike10|Reflect\n|move|p1b: Mr. Continental|Headlong Rush|p2b: Toxapex\n|-activate|p2b: Toxapex|move: Protect\n|move|p1a: Dezanfipiti|Icy Wind|p2a: Grimmsnarl|[spread] p2a\n|-activate|p2b: Toxapex|move: Protect\n|-damage|p2a: Grimmsnarl|89\/100\n|-unboost|p2a: Grimmsnarl|spe|1\n|\n|-damage|p1b: Mr. Continental|82\/100 tox|[from] psn\n|upkeep\n|turn|3\n|inactive|dirtymike10 has 120 seconds left.\n|inactive|MajicMark has 120 seconds left.\n|\n|t:|1699821193\n|switch|p2b: Gastrodon|Gastrodon, M|100\/100\n|move|p1b: Mr. Continental|Headlong Rush|p2b: Gastrodon\n|-crit|p2b: Gastrodon\n|-damage|p2b: Gastrodon|0 fnt\n|-unboost|p1b: Mr. Continental|def|1\n|-unboost|p1b: Mr. Continental|spd|1\n|faint|p2b: Gastrodon\n|move|p1a: Dezanfipiti|Icy Wind|p2a: Grimmsnarl\n|-damage|p2a: Grimmsnarl|81\/100\n|-unboost|p2a: Grimmsnarl|spe|1\n|move|p2a: Grimmsnarl|Spirit Break|p1b: Mr. Continental\n|-damage|p1b: Mr. Continental|7\/100 tox\n|-unboost|p1b: Mr. Continental|spa|1\n|\n|-damage|p1b: Mr. Continental|0 fnt|[from] psn\n|faint|p1b: Mr. Continental\n|upkeep\n|inactive|dirtymike10 has 120 seconds left.\n|inactive|MajicMark has 120 seconds left.\n|\n|t:|1699821246\n|switch|p1b: booga wooga|Flutter Mane|100\/100\n|switch|p2b: Kingambit|Kingambit, M|100\/100\n|-activate|p2b: Kingambit|ability: Supreme Overlord\n|-start|p2b: Kingambit|fallen1|[silent]\n|turn|4\n|\n|t:|1699821265\n|-end|p1b: booga wooga|Protosynthesis|[silent]\n|switch|p1b: MOONMAN|Cresselia, F, shiny|100\/100\n|switch|p1a: Fazbear|Ursaluna-Bloodmoon, M|100\/100\n|move|p2b: Kingambit|Iron Head|p1a: Fazbear\n|-crit|p1a: Fazbear\n|-damage|p1a: Fazbear|41\/100\n|move|p2a: Grimmsnarl|Spirit Break|p1b: MOONMAN\n|-damage|p1b: MOONMAN|75\/100\n|-unboost|p1b: MOONMAN|spa|1\n|\n|-heal|p1a: Fazbear|47\/100|[from] item: Leftovers\n|upkeep\n|turn|5\n|inactive|MajicMark has 120 seconds left.\n|inactive|dirtymike10 has 120 seconds left.\n|\n|t:|1699821289\n|-end|p2b: Kingambit|fallen1|[silent]\n|switch|p2b: Breloom|Breloom, M|100\/100\n|move|p1a: Fazbear|Protect|p1a: Fazbear\n|-singleturn|p1a: Fazbear|Protect\n|move|p1b: MOONMAN|Lunar Blessing|p1b: MOONMAN|[spread] p1a,p1b\n|-heal|p1a: Fazbear|72\/100\n|-heal|p1b: MOONMAN|100\/100\n|move|p2a: Grimmsnarl|Spirit Break|p1a: Fazbear\n|-activate|p1a: Fazbear|move: Protect\n|\n|-heal|p1a: Fazbear|78\/100|[from] item: Leftovers\n|upkeep\n|turn|6\n|inactive|MajicMark has 120 seconds left.\n|inactive|dirtymike10 has 120 seconds left.\n|\n|t:|1699821325\n|move|p2b: Breloom|Mach Punch|p1a: Fazbear\n|-supereffective|p1a: Fazbear\n|-damage|p1a: Fazbear|35\/100\n|move|p1b: MOONMAN|Psychic|p2b: Breloom\n|-supereffective|p2b: Breloom\n|-damage|p2b: Breloom|55\/100\n|move|p1a: Fazbear|Calm Mind|p1a: Fazbear\n|-boost|p1a: Fazbear|spa|1\n|-boost|p1a: Fazbear|spd|1\n|move|p2a: Grimmsnarl|Spirit Break|p1b: MOONMAN\n|-damage|p1b: MOONMAN|75\/100\n|-unboost|p1b: MOONMAN|spa|1\n|\n|-heal|p1a: Fazbear|41\/100|[from] item: Leftovers\n|upkeep\n|turn|7\n|inactive|MajicMark has 120 seconds left.\n|inactive|dirtymike10 has 120 seconds left.\n|\n|t:|1699821342\n|move|p1a: Fazbear|Protect|p1a: Fazbear\n|-singleturn|p1a: Fazbear|Protect\n|move|p2b: Breloom|Mach Punch|p1a: Fazbear\n|-activate|p1a: Fazbear|move: Protect\n|move|p2a: Grimmsnarl|Sucker Punch||[still]\n|-fail|p2a: Grimmsnarl\n|move|p1b: MOONMAN|Trick Room|p1b: MOONMAN\n|-fieldstart|move: Trick Room|[of] p1b: MOONMAN\n|\n|-heal|p1a: Fazbear|47\/100|[from] item: Leftovers\n|upkeep\n|turn|8\n|inactive|MajicMark has 120 seconds left.\n|\n|t:|1699821366\n|move|p1b: MOONMAN|Helping Hand|p1a: Fazbear\n|-singleturn|p1a: Fazbear|Helping Hand|[of] p1b: MOONMAN\n|move|p2a: Grimmsnarl|Sucker Punch||[still]\n|-fail|p2a: Grimmsnarl\n|move|p1a: Fazbear|Hyper Voice|p2b: Breloom|[spread] p2a,p2b\n|-damage|p2a: Grimmsnarl|19\/100\n|-damage|p2b: Breloom|0 fnt\n|faint|p2b: Breloom\n|\n|-heal|p1a: Fazbear|53\/100|[from] item: Leftovers\n|-sideend|p2: dirtymike10|move: Light Screen\n|upkeep\n|\n|t:|1699821379\n|switch|p2b: Kingambit|Kingambit, M|100\/100\n|-activate|p2b: Kingambit|ability: Supreme Overlord\n|-start|p2b: Kingambit|fallen2|[silent]\n|turn|9\n|\n|t:|1699821405\n|switch|p1b: GuggitaGuggita|Armarouge, M|100\/100\n|move|p1a: Fazbear|Protect|p1a: Fazbear\n|-singleturn|p1a: Fazbear|Protect\n|move|p2a: Grimmsnarl|Light Screen|p2a: Grimmsnarl\n|-sidestart|p2: dirtymike10|move: Light Screen\n|move|p2b: Kingambit|Kowtow Cleave|p1b: GuggitaGuggita\n|-supereffective|p1b: GuggitaGuggita\n|-damage|p1b: GuggitaGuggita|0 fnt\n|faint|p1b: GuggitaGuggita\n|\n|-heal|p1a: Fazbear|59\/100|[from] item: Leftovers\n|-sideend|p2: dirtymike10|Reflect\n|upkeep\n|inactive|MajicMark has 120 seconds left.\n|\n|t:|1699821421\n|switch|p1b: booga wooga|Flutter Mane|100\/100\n|turn|10\n|\n|t:|1699821434\n|-terastallize|p1a: Fazbear|Normal\n|move|p2a: Grimmsnarl|Reflect|p2a: Grimmsnarl\n|-sidestart|p2: dirtymike10|Reflect\n|move|p1a: Fazbear|Hyper Voice|p2a: Grimmsnarl|[spread] p2a,p2b\n|-resisted|p2b: Kingambit\n|-damage|p2a: Grimmsnarl|0 fnt\n|-damage|p2b: Kingambit|82\/100\n|faint|p2a: Grimmsnarl\n|move|p2b: Kingambit|Iron Head|p1b: booga wooga\n|-supereffective|p1b: booga wooga\n|-damage|p1b: booga wooga|0 fnt\n|faint|p1b: booga wooga\n|-end|p1b: booga wooga|Protosynthesis|[silent]\n|\n|-heal|p1a: Fazbear|65\/100|[from] item: Leftovers\n|upkeep\n|\n|t:|1699821453\n|switch|p2a: Toxapex|Toxapex, M|100\/100\n|switch|p1b: MOONMAN|Cresselia, F, shiny|75\/100\n|turn|11\n|\n|t:|1699821463\n|move|p1b: MOONMAN|Helping Hand|p1a: Fazbear\n|-singleturn|p1a: Fazbear|Helping Hand|[of] p1b: MOONMAN\n|move|p2a: Toxapex|Toxic|p1b: MOONMAN\n|-status|p1b: MOONMAN|tox\n|move|p1a: Fazbear|Earth Power|p2b: Kingambit\n|-supereffective|p2b: Kingambit\n|-damage|p2b: Kingambit|0 fnt\n|faint|p2b: Kingambit\n|-end|p2b: Kingambit|fallen2|[silent]\n|\n|-heal|p1a: Fazbear|71\/100|[from] item: Leftovers\n|-damage|p1b: MOONMAN|69\/100 tox|[from] psn\n|-fieldend|move: Trick Room\n|upkeep\n|\n|t:|1699821474\n|switch|p2b: Volcanion|Volcanion|100\/100\n|turn|12\n|\n|t:|1699821484\n|move|p1b: MOONMAN|Helping Hand|p1a: Fazbear\n|-singleturn|p1a: Fazbear|Helping Hand|[of] p1b: MOONMAN\n|move|p2b: Volcanion|Flash Cannon|p1b: MOONMAN\n|-damage|p1b: MOONMAN|51\/100 tox\n|-unboost|p1b: MOONMAN|spd|1\n|move|p1a: Fazbear|Hyper Voice|p2a: Toxapex|[spread] p2a,p2b\n|-damage|p2a: Toxapex|45\/100\n|-damage|p2b: Volcanion|54\/100\n|move|p2a: Toxapex|Toxic|p1a: Fazbear\n|-status|p1a: Fazbear|tox\n|\n|-heal|p1a: Fazbear|77\/100 tox|[from] item: Leftovers\n|-heal|p2a: Toxapex|51\/100|[from] item: Black Sludge\n|-damage|p1b: MOONMAN|39\/100 tox|[from] psn\n|-damage|p1a: Fazbear|71\/100 tox|[from] psn\n|upkeep\n|turn|13\n|\n|t:|1699821509\n|move|p2a: Toxapex|Baneful Bunker|p2a: Toxapex\n|-singleturn|p2a: Toxapex|move: Protect\n|move|p1b: MOONMAN|Lunar Blessing|p1b: MOONMAN|[spread] p1a,p1b\n|-heal|p1a: Fazbear|96\/100 tox\n|-curestatus|p1a: Fazbear|tox|[msg]\n|-heal|p1b: MOONMAN|64\/100 tox\n|-curestatus|p1b: MOONMAN|tox|[msg]\n|move|p2b: Volcanion|Steam Eruption|p1a: Fazbear\n|-damage|p1a: Fazbear|54\/100\n|move|p1a: Fazbear|Hyper Voice|p2a: Toxapex|[spread] p2b\n|-activate|p2a: Toxapex|move: Protect\n|-damage|p2b: Volcanion|19\/100\n|\n|-heal|p1a: Fazbear|60\/100|[from] item: Leftovers\n|-heal|p2a: Toxapex|57\/100|[from] item: Black Sludge\n|upkeep\n|turn|14\n|\n|t:|1699821538\n|move|p1b: MOONMAN|Psychic|p2a: Toxapex\n|-supereffective|p2a: Toxapex\n|-damage|p2a: Toxapex|32\/100\n|move|p2b: Volcanion|Steam Eruption|p1a: Fazbear\n|-damage|p1a: Fazbear|18\/100\n|move|p1a: Fazbear|Hyper Voice|p2b: Volcanion|[spread] p2a,p2b\n|-damage|p2a: Toxapex|0 fnt\n|-damage|p2b: Volcanion|0 fnt\n|faint|p2a: Toxapex\n|faint|p2b: Volcanion\n|\n|win|MajicMark\n|raw|MajicMark's rating: 1206 &rarr; <strong>1224<\/strong><br \/>(+18 for winning)\n|raw|dirtymike10's rating: 1106 &rarr; <strong>1088<\/strong><br \/>(-18 for losing)\n|l|\u2606dirtymike10\n","uploadtime":1699821554,"views":9,"p1id":"majicmark","p2id":"dirtymike10","formatid":"gen9doublesou","rating":1088,"private":0,"password":""}