{"id":"gen9doublesou-1979341782","p1":"xinyuhang","p2":"Da1mon!","format":"[Gen 9] Doubles OU","log":"|j|\u2606xinyuhang\n|j|\u2606Da1mon!\n|t:|1698673214\n|gametype|doubles\n|player|p1|xinyuhang|volkner|1147\n|player|p2|Da1mon!|wallace|1329\n|teamsize|p1|6\n|teamsize|p2|6\n|gen|9\n|tier|[Gen 9] Doubles OU\n|rated|\n|rule|Species Clause: Limit one of each Pok\u00e9mon\n|rule|OHKO Clause: OHKO moves are banned\n|rule|Evasion Moves Clause: Evasion moves are banned\n|rule|Gravity Sleep Clause: The combination of sleep-inducing moves with imperfect accuracy and Gravity or Gigantamax Orbeetle are banned\n|rule|Endless Battle Clause: Forcing endless battles is banned\n|rule|HP Percentage Mod: HP is shown in percentages\n|clearpoke\n|poke|p1|Pelipper, F|\n|poke|p1|Amoonguss, F|\n|poke|p1|Basculegion-F, F|\n|poke|p1|Iron Bundle|\n|poke|p1|Ogerpon-Wellspring, F|\n|poke|p1|Sinistcha-Masterpiece|\n|poke|p2|Ursaluna-Bloodmoon, M|\n|poke|p2|Sinistcha-Masterpiece|\n|poke|p2|Goodra-Hisui, F|\n|poke|p2|Arcanine, F|\n|poke|p2|Iron Hands|\n|poke|p2|Chien-Pao|\n|teampreview\n|inactive|Battle timer is ON: inactive players will automatically lose when time's up. (requested by xinyuhang)\n|\n|t:|1698673222\n|start\n|switch|p1a: Pelipper|Pelipper, F|100\/100\n|switch|p1b: Amoonguss|Amoonguss, F, shiny|100\/100\n|switch|p2a: Ursaluna|Ursaluna-Bloodmoon, M|100\/100\n|switch|p2b: Iron Hands|Iron Hands|100\/100\n|-weather|RainDance|[from] ability: Drizzle|[of] p1a: Pelipper\n|turn|1\n|\n|t:|1698673234\n|move|p2b: Iron Hands|Fake Out|p1a: Pelipper\n|-damage|p1a: Pelipper|81\/100\n|move|p1b: Amoonguss|Rage Powder|p1b: Amoonguss\n|-singleturn|p1b: Amoonguss|move: Rage Powder\n|cant|p1a: Pelipper|flinch\n|move|p2a: Ursaluna|Blood Moon|p1b: Amoonguss\n|-damage|p1b: Amoonguss|16\/100\n|-damage|p2a: Ursaluna|91\/100|[from] item: Life Orb\n|\n|-weather|RainDance|[upkeep]\n|-heal|p1b: Amoonguss|22\/100|[from] item: Black Sludge\n|upkeep\n|turn|2\n|inactive|Da1mon! has 120 seconds left.\n|\n|t:|1698673270\n|switch|p2a: Chien-Pao|Chien-Pao|100\/100\n|-ability|p2a: Chien-Pao|Sword of Ruin\n|-end|p2b: Iron Hands|Quark Drive|[silent]\n|switch|p2b: Arcanine|Arcanine, F|100\/100\n|-ability|p2b: Arcanine|Intimidate|boost\n|-unboost|p1a: Pelipper|atk|1\n|-unboost|p1b: Amoonguss|atk|1\n|move|p1a: Pelipper|U-turn|p2b: Arcanine\n|-resisted|p2b: Arcanine\n|-damage|p2b: Arcanine|97\/100\n|\n|t:|1698673282\n|switch|p1a: Basculegion|Basculegion-F, F|100\/100|[from] U-turn\n|move|p1b: Amoonguss|Spore|p2a: Chien-Pao\n|-status|p2a: Chien-Pao|slp|[from] move: Spore\n|\n|-weather|RainDance|[upkeep]\n|-heal|p1b: Amoonguss|28\/100|[from] item: Black Sludge\n|upkeep\n|turn|3\n|\n|t:|1698673301\n|switch|p1b: Ogerpon|Ogerpon-Wellspring, F|100\/100\n|-terastallize|p1a: Basculegion|Water\n|move|p2b: Arcanine|Protect|p2b: Arcanine\n|-singleturn|p2b: Arcanine|Protect\n|move|p1a: Basculegion|Surf|p2b: Arcanine|[spread] p2a\n|-activate|p2b: Arcanine|move: Protect\n|-immune|p1b: Ogerpon|[from] ability: Water Absorb\n|-enditem|p2a: Chien-Pao|Focus Sash\n|-damage|p2a: Chien-Pao|1\/100 slp\n|-damage|p1a: Basculegion|91\/100|[from] item: Life Orb\n|cant|p2a: Chien-Pao|slp\n|\n|-weather|RainDance|[upkeep]\n|upkeep\n|turn|4\n|\n|t:|1698673318\n|cant|p2a: Chien-Pao|slp\n|move|p1a: Basculegion|Surf|p2a: Chien-Pao|[spread] p2a,p2b\n|-immune|p1b: Ogerpon|[from] ability: Water Absorb\n|-supereffective|p2b: Arcanine\n|-damage|p2a: Chien-Pao|0 fnt\n|-damage|p2b: Arcanine|0 fnt\n|faint|p2a: Chien-Pao\n|faint|p2b: Arcanine\n|-damage|p1a: Basculegion|81\/100|[from] item: Life Orb\n|move|p1b: Ogerpon|Encore|p2: Chien-Pao|[notarget]\n|-fail|p1b: Ogerpon\n|\n|-weather|RainDance|[upkeep]\n|upkeep\n|\n|t:|1698673331\n|switch|p2a: Iron Hands|Iron Hands|100\/100\n|switch|p2b: Ursaluna|Ursaluna-Bloodmoon, M|91\/100\n|turn|5\n|\n|t:|1698673348\n|move|p1b: Ogerpon|Helping Hand|p1a: Basculegion\n|-singleturn|p1a: Basculegion|Helping Hand|[of] p1b: Ogerpon\n|move|p2a: Iron Hands|Fake Out|p1a: Basculegion\n|-damage|p1a: Basculegion|58\/100\n|cant|p1a: Basculegion|flinch\n|move|p2b: Ursaluna|Blood Moon|p1a: Basculegion\n|-damage|p1a: Basculegion|0 fnt\n|faint|p1a: Basculegion\n|-damage|p2b: Ursaluna|81\/100|[from] item: Life Orb\n|\n|-weather|RainDance|[upkeep]\n|upkeep\n|\n|t:|1698673360\n|switch|p1a: Sinistcha|Sinistcha-Masterpiece|100\/100\n|turn|6\n|\n|t:|1698673370\n|-end|p2a: Iron Hands|Quark Drive|[silent]\n|switch|p2a: Sinistcha|Sinistcha-Masterpiece|100\/100\n|-heal|p2b: Ursaluna|100\/100|[from] ability: Hospitality|[of] p2a: Sinistcha\n|move|p2b: Ursaluna|Protect|p2b: Ursaluna\n|-singleturn|p2b: Ursaluna|Protect\n|move|p1b: Ogerpon|Encore|p2b: Ursaluna\n|-activate|p2b: Ursaluna|move: Protect\n|move|p1a: Sinistcha|Matcha Gotcha|p2b: Ursaluna|[spread] p2a\n|-activate|p2b: Ursaluna|move: Protect\n|-resisted|p2a: Sinistcha\n|-damage|p2a: Sinistcha|88\/100\n|\n|-weather|RainDance|[upkeep]\n|-heal|p2a: Sinistcha|94\/100|[from] item: Leftovers\n|upkeep\n|turn|7\n|inactive|Da1mon! has 120 seconds left.\n|\n|t:|1698673401\n|switch|p2b: Iron Hands|Iron Hands|100\/100\n|move|p1b: Ogerpon|Encore||[still]\n|-fail|p1b: Ogerpon\n|move|p2a: Sinistcha|Imprison|p2a: Sinistcha\n|-start|p2a: Sinistcha|move: Imprison\n|move|p1a: Sinistcha|Shadow Ball|p2a: Sinistcha\n|-supereffective|p2a: Sinistcha\n|-damage|p2a: Sinistcha|27\/100\n|\n|-weather|RainDance|[upkeep]\n|-heal|p2a: Sinistcha|34\/100|[from] item: Leftovers\n|upkeep\n|turn|8\n|\n|t:|1698673424\n|switch|p2a: Goodra|Goodra-Hisui, F|100\/100\n|move|p2b: Iron Hands|Fake Out|p1b: Ogerpon\n|-damage|p1b: Ogerpon|78\/100\n|cant|p1b: Ogerpon|flinch\n|move|p1a: Sinistcha|Shadow Ball|p2a: Goodra\n|-damage|p2a: Goodra|75\/100\n|\n|-weather|none\n|upkeep\n|turn|9\n|inactive|Da1mon! has 120 seconds left.\n|\n|t:|1698673456\n|-end|p2b: Iron Hands|Quark Drive|[silent]\n|switch|p2b: Sinistcha|Sinistcha-Masterpiece|34\/100\n|-heal|p2a: Goodra|100\/100|[from] ability: Hospitality|[of] p2b: Sinistcha\n|move|p1b: Ogerpon|Helping Hand|p1a: Sinistcha\n|-singleturn|p1a: Sinistcha|Helping Hand|[of] p1b: Ogerpon\n|move|p1a: Sinistcha|Matcha Gotcha|p2a: Goodra|[spread] p2a,p2b\n|-resisted|p2a: Goodra\n|-resisted|p2b: Sinistcha\n|-damage|p2a: Goodra|94\/100\n|-damage|p2b: Sinistcha|14\/100\n|move|p2a: Goodra|Curse|p2a: Goodra\n|-unboost|p2a: Goodra|spe|1\n|-boost|p2a: Goodra|atk|1\n|-boost|p2a: Goodra|def|1\n|\n|-heal|p2b: Sinistcha|20\/100|[from] item: Leftovers\n|upkeep\n|turn|10\n|\n|t:|1698673480\n|switch|p1a: Pelipper|Pelipper, F|81\/100\n|-weather|RainDance|[from] ability: Drizzle|[of] p1a: Pelipper\n|move|p2a: Goodra|Protect|p2a: Goodra\n|-singleturn|p2a: Goodra|Protect\n|move|p1b: Ogerpon|Encore|p2a: Goodra\n|-activate|p2a: Goodra|move: Protect\n|move|p2b: Sinistcha|Matcha Gotcha|p1a: Pelipper|[spread] p1a,p1b\n|-damage|p1a: Pelipper|41\/100\n|-heal|p2b: Sinistcha|35\/100|[from] drain|[of] p1a: Pelipper\n|-damage|p1b: Ogerpon|52\/100\n|-heal|p2b: Sinistcha|46\/100|[from] drain|[of] p1b: Ogerpon\n|-status|p1b: Ogerpon|brn\n|\n|-weather|RainDance|[upkeep]\n|-heal|p2b: Sinistcha|52\/100|[from] item: Leftovers\n|-damage|p1b: Ogerpon|46\/100 brn|[from] brn\n|upkeep\n|turn|11\n|\n|t:|1698673505\n|switch|p2a: Iron Hands|Iron Hands|100\/100\n|move|p1b: Ogerpon|Encore||[still]\n|-fail|p1b: Ogerpon\n|move|p1a: Pelipper|Tailwind|p1a: Pelipper\n|-sidestart|p1: xinyuhang|move: Tailwind\n|move|p2b: Sinistcha|Matcha Gotcha|p1a: Pelipper|[spread] p1a,p1b\n|-damage|p1a: Pelipper|2\/100\n|-heal|p2b: Sinistcha|67\/100|[from] drain|[of] p1a: Pelipper\n|-damage|p1b: Ogerpon|16\/100 brn\n|-heal|p2b: Sinistcha|80\/100|[from] drain|[of] p1b: Ogerpon\n|\n|-weather|RainDance|[upkeep]\n|-heal|p2b: Sinistcha|86\/100|[from] item: Leftovers\n|-damage|p1b: Ogerpon|10\/100 brn|[from] brn\n|upkeep\n|turn|12\n|\n|t:|1698673521\n|switch|p1b: Amoonguss|Amoonguss, F, shiny|61\/100\n|switch|p1a: Sinistcha|Sinistcha-Masterpiece|100\/100\n|-heal|p1b: Amoonguss|86\/100|[from] ability: Hospitality|[of] p1a: Sinistcha\n|move|p2b: Sinistcha|Matcha Gotcha|p1b: Amoonguss|[spread] p1a,p1b\n|-resisted|p1a: Sinistcha\n|-resisted|p1b: Amoonguss\n|-damage|p1a: Sinistcha|87\/100\n|-heal|p2b: Sinistcha|92\/100|[from] drain|[of] p1a: Sinistcha\n|-damage|p1b: Amoonguss|82\/100\n|-heal|p2b: Sinistcha|95\/100|[from] drain|[of] p1b: Amoonguss\n|-status|p1b: Amoonguss|brn\n|move|p2a: Iron Hands|Wild Charge|p1a: Sinistcha\n|-resisted|p1a: Sinistcha\n|-damage|p1a: Sinistcha|55\/100\n|-damage|p2a: Iron Hands|95\/100|[from] Recoil\n|\n|-weather|RainDance|[upkeep]\n|-heal|p1a: Sinistcha|61\/100|[from] item: Leftovers\n|-heal|p1b: Amoonguss|88\/100 brn|[from] item: Black Sludge\n|-heal|p2b: Sinistcha|100\/100|[from] item: Leftovers\n|-damage|p1b: Amoonguss|82\/100 brn|[from] brn\n|upkeep\n|turn|13\n|\n|t:|1698673542\n|move|p1a: Sinistcha|Shadow Ball|p2b: Sinistcha\n|-supereffective|p2b: Sinistcha\n|-damage|p2b: Sinistcha|29\/100\n|move|p1b: Amoonguss|Spore|p2a: Iron Hands\n|-status|p2a: Iron Hands|slp|[from] move: Spore\n|move|p2b: Sinistcha|Imprison|p2b: Sinistcha\n|-start|p2b: Sinistcha|move: Imprison\n|cant|p2a: Iron Hands|slp\n|\n|-weather|RainDance|[upkeep]\n|-heal|p1a: Sinistcha|67\/100|[from] item: Leftovers\n|-heal|p1b: Amoonguss|88\/100 brn|[from] item: Black Sludge\n|-heal|p2b: Sinistcha|35\/100|[from] item: Leftovers\n|-damage|p1b: Amoonguss|82\/100 brn|[from] brn\n|upkeep\n|turn|14\n|\n|t:|1698673568\n|switch|p2b: Ursaluna|Ursaluna-Bloodmoon, M|100\/100\n|move|p1a: Sinistcha|Shadow Ball|p2b: Ursaluna\n|-immune|p2b: Ursaluna\n|move|p1b: Amoonguss|Pollen Puff|p1a: Sinistcha\n|-heal|p1a: Sinistcha|100\/100\n|cant|p2a: Iron Hands|slp\n|\n|-weather|RainDance|[upkeep]\n|-heal|p1b: Amoonguss|88\/100 brn|[from] item: Black Sludge\n|-damage|p1b: Amoonguss|82\/100 brn|[from] brn\n|-sideend|p1: xinyuhang|move: Tailwind\n|upkeep\n|turn|15\n|\n|t:|1698673589\n|-end|p2a: Iron Hands|Quark Drive|[silent]\n|switch|p2a: Sinistcha|Sinistcha-Masterpiece|35\/100\n|move|p2b: Ursaluna|Protect|p2b: Ursaluna\n|-singleturn|p2b: Ursaluna|Protect\n|move|p1a: Sinistcha|Rage Powder|p1a: Sinistcha\n|-singleturn|p1a: Sinistcha|move: Rage Powder\n|move|p1b: Amoonguss|Pollen Puff|p2b: Ursaluna\n|-activate|p2b: Ursaluna|move: Protect\n|\n|-weather|RainDance|[upkeep]\n|-heal|p2a: Sinistcha|41\/100|[from] item: Leftovers\n|-heal|p1b: Amoonguss|88\/100 brn|[from] item: Black Sludge\n|-damage|p1b: Amoonguss|82\/100 brn|[from] brn\n|upkeep\n|turn|16\n|\n|t:|1698673617\n|move|p2a: Sinistcha|Rage Powder|p2a: Sinistcha\n|-singleturn|p2a: Sinistcha|move: Rage Powder\n|move|p1a: Sinistcha|Rage Powder|p1a: Sinistcha\n|-singleturn|p1a: Sinistcha|move: Rage Powder\n|move|p2b: Ursaluna|Blood Moon|p1a: Sinistcha\n|-damage|p1a: Sinistcha|0 fnt\n|faint|p1a: Sinistcha\n|-damage|p2b: Ursaluna|91\/100|[from] item: Life Orb\n|move|p1b: Amoonguss|Pollen Puff|p2a: Sinistcha\n|-damage|p2a: Sinistcha|25\/100\n|\n|-weather|RainDance|[upkeep]\n|-heal|p2a: Sinistcha|31\/100|[from] item: Leftovers\n|-heal|p1b: Amoonguss|88\/100 brn|[from] item: Black Sludge\n|-damage|p1b: Amoonguss|82\/100 brn|[from] brn\n|upkeep\n|\n|t:|1698673630\n|switch|p1a: Iron Bundle|Iron Bundle, shiny|100\/100\n|-enditem|p1a: Iron Bundle|Booster Energy\n|-activate|p1a: Iron Bundle|ability: Quark Drive|[fromitem]\n|-start|p1a: Iron Bundle|quarkdrivespe\n|turn|17\n|\n|t:|1698673657\n|move|p2b: Ursaluna|Protect|p2b: Ursaluna\n|-singleturn|p2b: Ursaluna|Protect\n|move|p1a: Iron Bundle|Ice Beam|p2a: Sinistcha\n|-supereffective|p2a: Sinistcha\n|-damage|p2a: Sinistcha|0 fnt\n|faint|p2a: Sinistcha\n|move|p1b: Amoonguss|Pollen Puff|p2b: Ursaluna\n|-activate|p2b: Ursaluna|move: Protect\n|\n|-weather|none\n|-heal|p1b: Amoonguss|88\/100 brn|[from] item: Black Sludge\n|-damage|p1b: Amoonguss|82\/100 brn|[from] brn\n|upkeep\n|inactive|Da1mon! has 120 seconds left.\n|\n|t:|1698673672\n|switch|p2a: Iron Hands|Iron Hands|95\/100 slp\n|turn|18\n|\n|t:|1698673683\n|-terastallize|p2b: Ursaluna|Fighting\n|-curestatus|p2a: Iron Hands|slp|[msg]\n|move|p2a: Iron Hands|Fake Out|p1a: Iron Bundle\n|-damage|p1a: Iron Bundle|81\/100\n|move|p1b: Amoonguss|Rage Powder|p1b: Amoonguss\n|-singleturn|p1b: Amoonguss|move: Rage Powder\n|move|p2b: Ursaluna|Vacuum Wave|p1b: Amoonguss\n|-resisted|p1b: Amoonguss\n|-damage|p1b: Amoonguss|70\/100 brn\n|-damage|p2b: Ursaluna|81\/100|[from] item: Life Orb\n|cant|p1a: Iron Bundle|flinch\n|\n|-heal|p1b: Amoonguss|76\/100 brn|[from] item: Black Sludge\n|-damage|p1b: Amoonguss|70\/100 brn|[from] brn\n|upkeep\n|turn|19\n|\n|t:|1698673710\n|switch|p2b: Goodra|Goodra-Hisui, F|94\/100\n|move|p1b: Amoonguss|Rage Powder|p1b: Amoonguss\n|-singleturn|p1b: Amoonguss|move: Rage Powder\n|move|p1a: Iron Bundle|Ice Beam|p2a: Iron Hands\n|-damage|p2a: Iron Hands|73\/100\n|move|p2a: Iron Hands|Wild Charge|p1b: Amoonguss\n|-resisted|p1b: Amoonguss\n|-damage|p1b: Amoonguss|48\/100 brn\n|-damage|p2a: Iron Hands|68\/100|[from] Recoil\n|\n|-heal|p1b: Amoonguss|54\/100 brn|[from] item: Black Sludge\n|-damage|p1b: Amoonguss|48\/100 brn|[from] brn\n|upkeep\n|turn|20\n|\n|t:|1698673732\n|switch|p1b: Pelipper|Pelipper, F|2\/100\n|-weather|RainDance|[from] ability: Drizzle|[of] p1b: Pelipper\n|move|p1a: Iron Bundle|Ice Beam|p2b: Goodra\n|-damage|p2b: Goodra|63\/100\n|move|p2b: Goodra|Curse|p2b: Goodra\n|-unboost|p2b: Goodra|spe|1\n|-boost|p2b: Goodra|atk|1\n|-boost|p2b: Goodra|def|1\n|move|p2a: Iron Hands|Ice Punch|p1b: Pelipper\n|-damage|p1b: Pelipper|0 fnt\n|faint|p1b: Pelipper\n|\n|-weather|RainDance|[upkeep]\n|upkeep\n|\n|t:|1698673745\n|switch|p1b: Amoonguss|Amoonguss, F, shiny|82\/100 brn\n|turn|21\n|\n|t:|1698673758\n|move|p2b: Goodra|Protect|p2b: Goodra\n|-singleturn|p2b: Goodra|Protect\n|move|p1a: Iron Bundle|Hydro Pump|p2a: Iron Hands\n|-damage|p2a: Iron Hands|22\/100\n|move|p2a: Iron Hands|Ice Punch|p1b: Amoonguss\n|-supereffective|p1b: Amoonguss\n|-damage|p1b: Amoonguss|30\/100 brn\n|move|p1b: Amoonguss|Spore|p2a: Iron Hands\n|-status|p2a: Iron Hands|slp|[from] move: Spore\n|\n|-weather|RainDance|[upkeep]\n|-heal|p1b: Amoonguss|36\/100 brn|[from] item: Black Sludge\n|-damage|p1b: Amoonguss|30\/100 brn|[from] brn\n|upkeep\n|turn|22\n|\n|t:|1698673788\n|move|p1a: Iron Bundle|Hydro Pump|p2a: Iron Hands\n|-damage|p2a: Iron Hands|0 fnt\n|faint|p2a: Iron Hands\n|-end|p2a: Iron Hands|Quark Drive|[silent]\n|move|p2b: Goodra|Heavy Slam|p1b: Amoonguss\n|-damage|p1b: Amoonguss|0 fnt\n|faint|p1b: Amoonguss\n|\n|-weather|RainDance|[upkeep]\n|upkeep\n|\n|t:|1698673795\n|switch|p2a: Ursaluna|Ursaluna-Bloodmoon, M, tera:Fighting|81\/100\n|switch|p1b: Ogerpon|Ogerpon-Wellspring, F|10\/100 brn\n|turn|23\n|\n|t:|1698673817\n|move|p1b: Ogerpon|Follow Me|p1b: Ogerpon\n|-singleturn|p1b: Ogerpon|move: Follow Me\n|move|p2a: Ursaluna|Vacuum Wave|p1b: Ogerpon\n|-damage|p1b: Ogerpon|0 fnt\n|faint|p1b: Ogerpon\n|-damage|p2a: Ursaluna|71\/100|[from] item: Life Orb\n|move|p1a: Iron Bundle|Hydro Pump|p2a: Ursaluna\n|-damage|p2a: Ursaluna|0 fnt\n|faint|p2a: Ursaluna\n|move|p2b: Goodra|Body Press|p1a: Iron Bundle\n|-supereffective|p1a: Iron Bundle\n|-damage|p1a: Iron Bundle|0 fnt\n|faint|p1a: Iron Bundle\n|-end|p1a: Iron Bundle|Quark Drive|[silent]\n|\n|win|Da1mon!\n|raw|xinyuhang's rating: 1147 &rarr; <strong>1134<\/strong><br \/>(-13 for losing)\n|raw|Da1mon!'s rating: 1329 &rarr; <strong>1339<\/strong><br \/>(+10 for winning)\n|c|\u2606Da1mon!|Gg\n|l|\u2606xinyuhang\n","uploadtime":1698673879,"views":20,"p1id":"xinyuhang","p2id":"da1mon","formatid":"gen9doublesou","rating":1134,"private":0,"password":""}