{"id":"gen9doublesou-1975278793","p1":"oceanofmemes","p2":"Brawler206","format":"[Gen 9] Doubles OU","log":"|j|\u2606oceanofmemes\n|j|\u2606Brawler206\n|t:|1698175994\n|gametype|doubles\n|player|p1|oceanofmemes|fisherman|1204\n|player|p2|Brawler206|marshal|1061\n|teamsize|p1|6\n|teamsize|p2|6\n|gen|9\n|tier|[Gen 9] Doubles OU\n|rated|\n|rule|Species Clause: Limit one of each Pok\u00e9mon\n|rule|OHKO Clause: OHKO moves are banned\n|rule|Evasion Moves Clause: Evasion moves are banned\n|rule|Gravity Sleep Clause: The combination of sleep-inducing moves with imperfect accuracy and Gravity or Gigantamax Orbeetle are banned\n|rule|Endless Battle Clause: Forcing endless battles is banned\n|rule|HP Percentage Mod: HP is shown in percentages\n|clearpoke\n|poke|p1|Scyther, M|\n|poke|p1|Tyranitar, F|\n|poke|p1|Ursaluna, M|\n|poke|p1|Decidueye-Hisui, F|\n|poke|p1|Toxtricity, F|\n|poke|p1|Typhlosion-Hisui, M|\n|poke|p2|Zapdos-Galar|\n|poke|p2|Ribombee, M|\n|poke|p2|Talonflame, F|\n|poke|p2|Weezing-Galar, M|\n|poke|p2|Electrode|\n|poke|p2|Sinistcha|\n|teampreview\n|\n|t:|1698176014\n|start\n|switch|p1a: big boy himself|Scyther, M|100\/100\n|switch|p1b: rawrr|Tyranitar, F, shiny|100\/100\n|switch|p2a: Zapdos|Zapdos-Galar|100\/100\n|switch|p2b: Ribombee|Ribombee, M|100\/100\n|-weather|Sandstorm|[from] ability: Sand Stream|[of] p1b: rawrr\n|turn|1\n|\n|t:|1698176028\n|-terastallize|p1b: rawrr|Ground\n|move|p2b: Ribombee|Acrobatics|p2a: Zapdos\n|-supereffective|p2a: Zapdos\n|-damage|p2a: Zapdos|82\/100\n|-enditem|p2a: Zapdos|Weakness Policy\n|-boost|p2a: Zapdos|atk|2|[from] item: Weakness Policy\n|-boost|p2a: Zapdos|spa|2|[from] item: Weakness Policy\n|move|p1a: big boy himself|Tailwind|p1a: big boy himself\n|-sidestart|p1: oceanofmemes|move: Tailwind\n|move|p1b: rawrr|Rock Slide|p2b: Ribombee|[spread] p2a,p2b\n|-supereffective|p2b: Ribombee\n|-damage|p2a: Zapdos|43\/100\n|-damage|p2b: Ribombee|0 fnt\n|faint|p2b: Ribombee\n|cant|p2a: Zapdos|flinch\n|\n|-weather|Sandstorm|[upkeep]\n|-damage|p1a: big boy himself|94\/100|[from] Sandstorm\n|-damage|p2a: Zapdos|37\/100|[from] Sandstorm\n|upkeep\n|\n|t:|1698176044\n|switch|p2b: Talonflame|Talonflame, F|100\/100\n|turn|2\n|\n|t:|1698176068\n|-terastallize|p2a: Zapdos|Fighting\n|move|p2b: Talonflame|Tailwind|p2b: Talonflame\n|-sidestart|p2: Brawler206|move: Tailwind\n|move|p1a: big boy himself|Dual Wingbeat|p2a: Zapdos|[miss]\n|-miss|p1a: big boy himself|p2a: Zapdos\n|move|p2a: Zapdos|Acrobatics|p1a: big boy himself\n|-supereffective|p1a: big boy himself\n|-damage|p1a: big boy himself|0 fnt\n|faint|p1a: big boy himself\n|move|p1b: rawrr|Rock Slide|p2b: Talonflame|[spread] p2a,p2b\n|-resisted|p2a: Zapdos\n|-supereffective|p2b: Talonflame\n|-damage|p2a: Zapdos|18\/100\n|-enditem|p2b: Talonflame|Focus Sash\n|-damage|p2b: Talonflame|1\/100\n|\n|-weather|Sandstorm|[upkeep]\n|-damage|p2b: Talonflame|0 fnt|[from] Sandstorm\n|-damage|p2a: Zapdos|12\/100|[from] Sandstorm\n|faint|p2b: Talonflame\n|upkeep\n|\n|t:|1698176104\n|switch|p2b: Sinistcha|Sinistcha|100\/100\n|switch|p1a: weed smoker|Typhlosion-Hisui, M, shiny|100\/100\n|-heal|p2a: Zapdos|37\/100|[from] ability: Hospitality|[of] p2b: Sinistcha\n|turn|3\n|\n|t:|1698176141\n|switch|p2b: Electrode|Electrode|100\/100\n|move|p1a: weed smoker|Shadow Ball|p2b: Electrode\n|-damage|p2b: Electrode|48\/100\n|move|p2a: Zapdos|Thunderous Kick|p1b: rawrr\n|-damage|p1b: rawrr|0 fnt\n|faint|p1b: rawrr\n|\n|-weather|Sandstorm|[upkeep]\n|-damage|p2b: Electrode|42\/100|[from] Sandstorm\n|-damage|p1a: weed smoker|95\/100|[from] Sandstorm\n|-damage|p2a: Zapdos|31\/100|[from] Sandstorm\n|-heal|p1a: weed smoker|100\/100|[from] item: Leftovers\n|upkeep\n|\n|t:|1698176154\n|switch|p1b: feddy fazbore|Ursaluna, M, shiny|100\/100\n|turn|4\n|\n|t:|1698176162\n|move|p2b: Electrode|Eerie Impulse|p1a: weed smoker\n|-unboost|p1a: weed smoker|spa|2\n|move|p1a: weed smoker|Extrasensory|p2a: Zapdos\n|-supereffective|p2a: Zapdos\n|-damage|p2a: Zapdos|0 fnt\n|faint|p2a: Zapdos\n|move|p1b: feddy fazbore|Headlong Rush|p2b: Electrode\n|-supereffective|p2b: Electrode\n|-damage|p2b: Electrode|0 fnt\n|-unboost|p1b: feddy fazbore|def|1\n|-unboost|p1b: feddy fazbore|spd|1\n|faint|p2b: Electrode\n|\n|-weather|Sandstorm|[upkeep]\n|-damage|p1a: weed smoker|95\/100|[from] Sandstorm\n|-heal|p1a: weed smoker|100\/100|[from] item: Leftovers\n|-sideend|p1: oceanofmemes|move: Tailwind\n|-status|p1b: feddy fazbore|brn|[from] item: Flame Orb\n|upkeep\n|\n|t:|1698176178\n|switch|p2b: Sinistcha|Sinistcha|100\/100\n|switch|p2a: Weezing|Weezing-Galar, M|100\/100\n|-ability|p2a: Weezing|Neutralizing Gas\n|turn|5\n|-message|Brawler206 forfeited.\n|\n|win|oceanofmemes\n|raw|oceanofmemes's rating: 1204 &rarr; <strong>1219<\/strong><br \/>(+15 for winning)\n|raw|Brawler206's rating: 1061 &rarr; <strong>1049<\/strong><br \/>(-12 for losing)\n|l|\u2606Brawler206\n","uploadtime":1698176215,"views":18,"p1id":"oceanofmemes","p2id":"brawler206","formatid":"gen9doublesou","rating":1049,"private":0,"password":""}