{"id":"gen9doublesou-1989104442","p1":"Twink1","p2":"promotheus","format":"[Gen 9] Doubles OU","log":"|j|\u2606Twink1\n|j|\u2606promotheus\n|t:|1699812655\n|gametype|doubles\n|player|p1|Twink1|101|1172\n|player|p2|promotheus|benga|1245\n|teamsize|p1|6\n|teamsize|p2|6\n|gen|9\n|tier|[Gen 9] Doubles OU\n|rated|\n|rule|Species Clause: Limit one of each Pok\u00e9mon\n|rule|OHKO Clause: OHKO moves are banned\n|rule|Evasion Moves Clause: Evasion moves are banned\n|rule|Gravity Sleep Clause: The combination of sleep-inducing moves with imperfect accuracy and Gravity or Gigantamax Orbeetle are banned\n|rule|Endless Battle Clause: Forcing endless battles is banned\n|rule|HP Percentage Mod: HP is shown in percentages\n|clearpoke\n|poke|p1|Lycanroc, M|\n|poke|p1|Sandslash, M|\n|poke|p1|Tyranitar, M|\n|poke|p1|Gliscor, M|\n|poke|p1|Orthworm, M|\n|poke|p1|Mismagius, M|\n|poke|p2|Lurantis, M|\n|poke|p2|Farigiraf, M|\n|poke|p2|Oranguru, F|\n|poke|p2|Dragonite, M|\n|poke|p2|Heatran, M|\n|poke|p2|Cyclizar, M|\n|teampreview\n|\n|t:|1699812665\n|start\n|switch|p1a: Tyranitar|Tyranitar, M|100\/100\n|switch|p1b: Sandslash|Sandslash, M|100\/100\n|switch|p2a: Lurantis|Lurantis, M|100\/100\n|switch|p2b: Oranguru|Oranguru, F|100\/100\n|-weather|Sandstorm|[from] ability: Sand Stream|[of] p1a: Tyranitar\n|turn|1\n|\n|t:|1699812681\n|move|p1b: Sandslash|Knock Off|p2b: Oranguru\n|-supereffective|p2b: Oranguru\n|-damage|p2b: Oranguru|39\/100\n|-enditem|p2b: Oranguru|Leftovers|[from] move: Knock Off|[of] p1b: Sandslash\n|move|p1a: Tyranitar|Dark Pulse|p2b: Oranguru\n|-supereffective|p2b: Oranguru\n|-damage|p2b: Oranguru|0 fnt\n|faint|p2b: Oranguru\n|move|p2a: Lurantis|Superpower|p1a: Tyranitar\n|-supereffective|p1a: Tyranitar\n|-damage|p1a: Tyranitar|0 fnt\n|-boost|p2a: Lurantis|atk|1\n|-boost|p2a: Lurantis|def|1\n|faint|p1a: Tyranitar\n|\n|-weather|Sandstorm|[upkeep]\n|-damage|p2a: Lurantis|94\/100|[from] Sandstorm\n|upkeep\n|\n|t:|1699812703\n|switch|p1a: Mismagius|Mismagius, M|100\/100\n|switch|p2b: Cyclizar|Cyclizar, M|100\/100\n|turn|2\n|\n|t:|1699812734\n|move|p1b: Sandslash|Knock Off|p2b: Cyclizar\n|-damage|p2b: Cyclizar|44\/100\n|-enditem|p2b: Cyclizar|Leftovers|[from] move: Knock Off|[of] p1b: Sandslash\n|move|p2b: Cyclizar|Shed Tail|p2b: Cyclizar\n|-fail|p2b: Cyclizar|move: Shed Tail|[weak]\n|move|p1a: Mismagius|Mystical Fire|p2a: Lurantis\n|-supereffective|p2a: Lurantis\n|-damage|p2a: Lurantis|58\/100\n|-boost|p2a: Lurantis|spa|1\n|move|p2a: Lurantis|Superpower|p1b: Sandslash\n|-damage|p1b: Sandslash|32\/100\n|-boost|p2a: Lurantis|atk|1\n|-boost|p2a: Lurantis|def|1\n|\n|-weather|Sandstorm|[upkeep]\n|-damage|p2b: Cyclizar|38\/100|[from] Sandstorm\n|-damage|p2a: Lurantis|52\/100|[from] Sandstorm\n|upkeep\n|turn|3\n|\n|t:|1699812797\n|move|p1b: Sandslash|Knock Off|p2a: Lurantis\n|-damage|p2a: Lurantis|33\/100\n|-enditem|p2a: Lurantis|Assault Vest|[from] move: Knock Off|[of] p1b: Sandslash\n|move|p2b: Cyclizar|Aqua Tail|p1a: Mismagius\n|-damage|p1a: Mismagius|54\/100\n|move|p1a: Mismagius|Mystical Fire|p2a: Lurantis\n|-supereffective|p2a: Lurantis\n|-damage|p2a: Lurantis|0 fnt\n|faint|p2a: Lurantis\n|\n|-weather|Sandstorm|[upkeep]\n|-damage|p2b: Cyclizar|32\/100|[from] Sandstorm\n|upkeep\n|\n|t:|1699812813\n|switch|p2a: Dragonite|Dragonite, M|100\/100\n|turn|4\n|\n|t:|1699812854\n|move|p2a: Dragonite|Extreme Speed|p1b: Sandslash\n|-damage|p1b: Sandslash|0 fnt\n|faint|p1b: Sandslash\n|move|p2b: Cyclizar|Aqua Tail|p1a: Mismagius\n|-damage|p1a: Mismagius|4\/100\n|move|p1a: Mismagius|Thunderbolt|p2b: Cyclizar\n|-resisted|p2b: Cyclizar\n|-damage|p2b: Cyclizar|8\/100\n|\n|-weather|Sandstorm|[upkeep]\n|-damage|p2b: Cyclizar|2\/100|[from] Sandstorm\n|-damage|p2a: Dragonite|94\/100|[from] Sandstorm\n|-heal|p2a: Dragonite|100\/100|[from] item: Leftovers\n|upkeep\n|\n|t:|1699812876\n|switch|p1b: Gliscor|Gliscor, M|100\/100\n|turn|5\n|\n|t:|1699812903\n|-terastallize|p1a: Mismagius|Electric\n|move|p2b: Cyclizar|Aqua Tail|p1a: Mismagius\n|-damage|p1a: Mismagius|0 fnt\n|faint|p1a: Mismagius\n|move|p1b: Gliscor|Lunge|p2a: Dragonite\n|-resisted|p2a: Dragonite\n|-damage|p2a: Dragonite|94\/100\n|-unboost|p2a: Dragonite|atk|1\n|move|p2a: Dragonite|Dragon Dance|p2a: Dragonite\n|-boost|p2a: Dragonite|atk|1\n|-boost|p2a: Dragonite|spe|1\n|\n|-weather|none\n|-heal|p2a: Dragonite|99\/100|[from] item: Leftovers\n|-status|p1b: Gliscor|tox|[from] item: Toxic Orb\n|upkeep\n|\n|t:|1699812921\n|switch|p1a: Lycanroc|Lycanroc, M|100\/100\n|turn|6\n|\n|t:|1699812939\n|move|p2a: Dragonite|Extreme Speed|p1b: Gliscor\n|-damage|p1b: Gliscor|72\/100 tox\n|move|p1a: Lycanroc|Accelerock|p2b: Cyclizar\n|-crit|p2b: Cyclizar\n|-damage|p2b: Cyclizar|0 fnt\n|faint|p2b: Cyclizar\n|move|p1b: Gliscor|Tailwind|p1b: Gliscor\n|-sidestart|p1: Twink1|move: Tailwind\n|\n|-heal|p2a: Dragonite|100\/100|[from] item: Leftovers\n|-heal|p1b: Gliscor|84\/100 tox|[from] ability: Poison Heal\n|upkeep\n|\n|t:|1699812960\n|switch|p2b: Farigiraf|Farigiraf, M|100\/100\n|turn|7\n|\n|t:|1699812976\n|move|p1a: Lycanroc|Crunch|p2b: Farigiraf\n|-supereffective|p2b: Farigiraf\n|-damage|p2b: Farigiraf|42\/100\n|move|p1b: Gliscor|Lunge|p2b: Farigiraf\n|-supereffective|p2b: Farigiraf\n|-damage|p2b: Farigiraf|0 fnt\n|faint|p2b: Farigiraf\n|move|p2a: Dragonite|Dragon Dance|p2a: Dragonite\n|-boost|p2a: Dragonite|atk|1\n|-boost|p2a: Dragonite|spe|1\n|\n|-heal|p1b: Gliscor|96\/100 tox|[from] ability: Poison Heal\n|upkeep\n|\n|t:|1699812987\n|switch|p2b: Heatran|Heatran, M|100\/100\n|turn|8\n|\n|t:|1699813016\n|-terastallize|p2a: Dragonite|Normal\n|move|p2a: Dragonite|Extreme Speed|p1b: Gliscor\n|-damage|p1b: Gliscor|23\/100 tox\n|move|p1a: Lycanroc|Accelerock|p2b: Heatran\n|-damage|p2b: Heatran|82\/100\n|move|p1b: Gliscor|Crabhammer|p2b: Heatran\n|-supereffective|p2b: Heatran\n|-crit|p2b: Heatran\n|-damage|p2b: Heatran|8\/100\n|move|p2b: Heatran|Will-O-Wisp|p1a: Lycanroc|[miss]\n|-miss|p2b: Heatran|p1a: Lycanroc\n|\n|-heal|p2b: Heatran|14\/100|[from] item: Leftovers\n|-heal|p1b: Gliscor|35\/100 tox|[from] ability: Poison Heal\n|upkeep\n|turn|9\n|\n|t:|1699813054\n|move|p2a: Dragonite|Extreme Speed|p1b: Gliscor\n|-damage|p1b: Gliscor|0 fnt\n|faint|p1b: Gliscor\n|move|p1a: Lycanroc|Accelerock|p2b: Heatran\n|-crit|p2b: Heatran\n|-damage|p2b: Heatran|0 fnt\n|faint|p2b: Heatran\n|\n|-sideend|p1: Twink1|move: Tailwind\n|upkeep\n|\n|t:|1699813064\n|switch|p1b: Orthworm|Orthworm, M|100\/100\n|turn|10\n|\n|t:|1699813072\n|move|p2a: Dragonite|Extreme Speed|p1a: Lycanroc\n|-resisted|p1a: Lycanroc\n|-damage|p1a: Lycanroc|44\/100\n|move|p1a: Lycanroc|Accelerock|p2a: Dragonite\n|-damage|p2a: Dragonite|89\/100\n|move|p1b: Orthworm|Iron Defense|p1b: Orthworm\n|-boost|p1b: Orthworm|def|2\n|\n|-heal|p2a: Dragonite|96\/100|[from] item: Leftovers\n|upkeep\n|turn|11\n|\n|t:|1699813087\n|move|p2a: Dragonite|Extreme Speed|p1a: Lycanroc\n|-resisted|p1a: Lycanroc\n|-crit|p1a: Lycanroc\n|-damage|p1a: Lycanroc|0 fnt\n|faint|p1a: Lycanroc\n|move|p1b: Orthworm|Iron Defense|p1b: Orthworm\n|-boost|p1b: Orthworm|def|2\n|\n|-heal|p2a: Dragonite|100\/100|[from] item: Leftovers\n|upkeep\n|turn|12\n|\n|t:|1699813097\n|move|p2a: Dragonite|Extreme Speed|p1b: Orthworm\n|-resisted|p1b: Orthworm\n|-damage|p1b: Orthworm|92\/100\n|move|p1b: Orthworm|Iron Defense|p1b: Orthworm\n|-boost|p1b: Orthworm|def|2\n|\n|-heal|p1b: Orthworm|98\/100|[from] item: Leftovers\n|upkeep\n|turn|13\n|\n|t:|1699813108\n|move|p2a: Dragonite|Dragon Dance|p2a: Dragonite\n|-boost|p2a: Dragonite|atk|1\n|-boost|p2a: Dragonite|spe|1\n|move|p1b: Orthworm|Body Press|p2a: Dragonite\n|-supereffective|p2a: Dragonite\n|-damage|p2a: Dragonite|0 fnt\n|faint|p2a: Dragonite\n|\n|win|Twink1\n|raw|Twink1's rating: 1172 &rarr; <strong>1202<\/strong><br \/>(+30 for winning)\n|raw|promotheus's rating: 1245 &rarr; <strong>1215<\/strong><br \/>(-30 for losing)\n|c|\u2606promotheus|oh\n|c|\u2606promotheus|gg\n|c|\u2606Twink1|gg\n|c|\u2606Twink1|thx for being normal\n|c|\u2606Twink1|that tera saved me\n|c|\u2606promotheus|ahahahah\n|c|\u2606Twink1|I just had to kill heatran and you kept not sending him out\n","uploadtime":1699813210,"views":9,"p1id":"twink1","p2id":"promotheus","formatid":"gen9doublesou","rating":1202,"private":0,"password":""}