{"id":"gen9doublesou-1988073833","p1":"Wadzo","p2":"BorkGod12","format":"[Gen 9] Doubles OU","log":"|j|\u2606Wadzo\n|j|\u2606BorkGod12\n|t:|1699666312\n|gametype|doubles\n|player|p1|Wadzo|170|1088\n|player|p2|BorkGod12|veteranf|1085\n|teamsize|p1|6\n|teamsize|p2|6\n|gen|9\n|tier|[Gen 9] Doubles OU\n|rated|\n|rule|Species Clause: Limit one of each Pok\u00e9mon\n|rule|OHKO Clause: OHKO moves are banned\n|rule|Evasion Moves Clause: Evasion moves are banned\n|rule|Gravity Sleep Clause: The combination of sleep-inducing moves with imperfect accuracy and Gravity or Gigantamax Orbeetle are banned\n|rule|Endless Battle Clause: Forcing endless battles is banned\n|rule|HP Percentage Mod: HP is shown in percentages\n|clearpoke\n|poke|p1|Pelipper, M|\n|poke|p1|Ludicolo, F|\n|poke|p1|Gholdengo|\n|poke|p1|Meowscarada, F|\n|poke|p1|Tornadus, M|\n|poke|p1|Tauros-Paldea-Aqua, M|\n|poke|p2|Klefki, F|\n|poke|p2|Kommo-o, F|\n|poke|p2|Farigiraf, F|\n|poke|p2|Conkeldurr, F|\n|poke|p2|Armarouge, F|\n|poke|p2|Scizor, M|\n|teampreview\n|inactive|Battle timer is ON: inactive players will automatically lose when time's up. (requested by BorkGod12)\n|\n|t:|1699666323\n|start\n|switch|p1a: Meowscarada|Meowscarada, F|100\/100\n|switch|p1b: Tauros|Tauros-Paldea-Aqua, M|100\/100\n|switch|p2a: Klefki|Klefki, F|100\/100\n|switch|p2b: Conkeldurr|Conkeldurr, F|100\/100\n|turn|1\n|\n|t:|1699666349\n|-terastallize|p1b: Tauros|Fire\n|move|p2a: Klefki|Switcheroo|p1b: Tauros\n|-activate|p2a: Klefki|move: Trick|[of] p1b: Tauros\n|-item|p1b: Tauros|Black Sludge|[from] move: Switcheroo\n|-item|p2a: Klefki|Shell Bell|[from] move: Switcheroo\n|move|p2b: Conkeldurr|Mach Punch|p1a: Meowscarada\n|-supereffective|p1a: Meowscarada\n|-damage|p1a: Meowscarada|32\/100\n|move|p1a: Meowscarada|Flower Trick|p1b: Tauros\n|-start|p1a: Meowscarada|typechange|Grass|[from] ability: Protean\n|-resisted|p1b: Tauros\n|-crit|p1b: Tauros\n|-damage|p1b: Tauros|58\/100\n|-setboost|p1b: Tauros|atk|6|[from] ability: Anger Point\n|move|p1b: Tauros|Earthquake|p2b: Conkeldurr|[spread] p1a,p2a,p2b\n|-resisted|p1a: Meowscarada\n|-supereffective|p2a: Klefki\n|-damage|p1a: Meowscarada|0 fnt\n|-damage|p2a: Klefki|0 fnt\n|-damage|p2b: Conkeldurr|18\/100\n|faint|p1a: Meowscarada\n|faint|p2a: Klefki\n|\n|-damage|p1b: Tauros|45\/100|[from] item: Black Sludge\n|-status|p2b: Conkeldurr|brn|[from] item: Flame Orb\n|upkeep\n|\n|t:|1699666378\n|switch|p1a: Pelipper|Pelipper, M|100\/100\n|switch|p2a: Farigiraf|Farigiraf, F|100\/100\n|-weather|RainDance|[from] ability: Drizzle|[of] p1a: Pelipper\n|turn|2\n|\n|t:|1699666392\n|move|p2b: Conkeldurr|Mach Punch|p1b: Tauros\n|-damage|p1b: Tauros|10\/100\n|move|p1b: Tauros|Earthquake|p2a: Farigiraf|[spread] p2a,p2b\n|-immune|p1a: Pelipper\n|-damage|p2a: Farigiraf|10\/100\n|-damage|p2b: Conkeldurr|0 fnt\n|faint|p2b: Conkeldurr\n|move|p1a: Pelipper|Tailwind|p1a: Pelipper\n|-sidestart|p1: Wadzo|move: Tailwind\n|move|p2a: Farigiraf|Calm Mind|p2a: Farigiraf\n|-boost|p2a: Farigiraf|spa|1\n|-boost|p2a: Farigiraf|spd|1\n|\n|-weather|RainDance|[upkeep]\n|-damage|p1b: Tauros|0 fnt|[from] item: Black Sludge\n|faint|p1b: Tauros\n|-heal|p2a: Farigiraf|16\/100|[from] item: Leftovers\n|upkeep\n|\n|t:|1699666403\n|switch|p1b: Tornadus|Tornadus, M|100\/100\n|switch|p2b: Kommo-o|Kommo-o, F|100\/100\n|turn|3\n|\n|t:|1699666416\n|move|p1b: Tornadus|Bleakwind Storm|p2a: Farigiraf|[spread] p2a,p2b\n|-crit|p2a: Farigiraf\n|-supereffective|p2b: Kommo-o\n|-damage|p2a: Farigiraf|0 fnt\n|-damage|p2b: Kommo-o|28\/100\n|faint|p2a: Farigiraf\n|move|p1a: Pelipper|Blizzard|p2b: Kommo-o|[miss]\n|-miss|p1a: Pelipper|p2b: Kommo-o\n|move|p2b: Kommo-o|Clangorous Soul||[still]\n|-fail|p2b: Kommo-o\n|\n|-weather|RainDance|[upkeep]\n|-heal|p2b: Kommo-o|34\/100|[from] item: Leftovers\n|upkeep\n|\n|t:|1699666426\n|switch|p2a: Scizor|Scizor, M|100\/100\n|turn|4\n|\n|t:|1699666435\n|move|p1b: Tornadus|Heat Wave|p2a: Scizor|[spread] p2b\n|-miss|p1b: Tornadus|p2a: Scizor\n|-resisted|p2b: Kommo-o\n|-damage|p2b: Kommo-o|29\/100\n|move|p1a: Pelipper|Blizzard|p2b: Kommo-o|[spread] p2b\n|-miss|p1a: Pelipper|p2a: Scizor\n|-supereffective|p2b: Kommo-o\n|-damage|p2b: Kommo-o|0 fnt\n|faint|p2b: Kommo-o\n|move|p2a: Scizor|Swords Dance|p2a: Scizor\n|-boost|p2a: Scizor|atk|2\n|\n|-weather|RainDance|[upkeep]\n|upkeep\n|\n|t:|1699666446\n|switch|p2b: Armarouge|Armarouge, F|100\/100\n|turn|5\n|\n|t:|1699666468\n|move|p2a: Scizor|Bullet Punch|p1b: Tornadus\n|-damage|p1b: Tornadus|0 fnt\n|faint|p1b: Tornadus\n|move|p1a: Pelipper|Blizzard|p2a: Scizor|[spread] p2a,p2b\n|-resisted|p2a: Scizor\n|-resisted|p2b: Armarouge\n|-damage|p2a: Scizor|91\/100\n|-damage|p2b: Armarouge|91\/100\n|-status|p2b: Armarouge|frz\n|cant|p2b: Armarouge|frz\n|\n|-weather|RainDance|[upkeep]\n|-sideend|p1: Wadzo|move: Tailwind\n|upkeep\n|\n|t:|1699666475\n|switch|p1b: Gholdengo|Gholdengo|100\/100\n|turn|6\n|\n|t:|1699666492\n|move|p2a: Scizor|Bullet Punch|p1b: Gholdengo\n|-resisted|p1b: Gholdengo\n|-damage|p1b: Gholdengo|61\/100\n|move|p1b: Gholdengo|Nasty Plot|p1b: Gholdengo\n|-boost|p1b: Gholdengo|spa|2\n|cant|p2b: Armarouge|frz\n|move|p1a: Pelipper|Stockpile|p1a: Pelipper\n|-start|p1a: Pelipper|stockpile1\n|-boost|p1a: Pelipper|def|1\n|-boost|p1a: Pelipper|spd|1\n|\n|-weather|RainDance|[upkeep]\n|upkeep\n|turn|7\n|\n|t:|1699666516\n|move|p2a: Scizor|Bullet Punch|p1b: Gholdengo\n|-resisted|p1b: Gholdengo\n|-damage|p1b: Gholdengo|19\/100\n|move|p1b: Gholdengo|Make It Rain|p2b: Armarouge|[spread] p2a,p2b\n|-resisted|p2a: Scizor\n|-resisted|p2b: Armarouge\n|-damage|p2a: Scizor|35\/100\n|-damage|p2b: Armarouge|37\/100 frz\n|-unboost|p1b: Gholdengo|spa|1\n|cant|p2b: Armarouge|frz\n|move|p1a: Pelipper|Stockpile|p1a: Pelipper\n|-start|p1a: Pelipper|stockpile2\n|-boost|p1a: Pelipper|def|1\n|-boost|p1a: Pelipper|spd|1\n|\n|-weather|RainDance|[upkeep]\n|upkeep\n|turn|8\n|\n|t:|1699666533\n|move|p2a: Scizor|Bullet Punch|p1b: Gholdengo\n|-resisted|p1b: Gholdengo\n|-damage|p1b: Gholdengo|0 fnt\n|faint|p1b: Gholdengo\n|cant|p2b: Armarouge|frz\n|move|p1a: Pelipper|Blizzard|p2b: Armarouge|[spread] p2a\n|-miss|p1a: Pelipper|p2b: Armarouge\n|-resisted|p2a: Scizor\n|-damage|p2a: Scizor|24\/100\n|\n|-weather|RainDance|[upkeep]\n|upkeep\n|\n|t:|1699666535\n|switch|p1b: Ludicolo|Ludicolo, F|100\/100\n|turn|9\n|\n|t:|1699666545\n|cant|p2b: Armarouge|frz\n|move|p1b: Ludicolo|Blizzard|p2b: Armarouge|[spread] p2a,p2b\n|-resisted|p2a: Scizor\n|-resisted|p2b: Armarouge\n|-damage|p2a: Scizor|11\/100\n|-damage|p2b: Armarouge|24\/100 frz\n|move|p2a: Scizor|Bug Bite|p1b: Ludicolo\n|-supereffective|p1b: Ludicolo\n|-damage|p1b: Ludicolo|0 fnt\n|faint|p1b: Ludicolo\n|move|p1a: Pelipper|Blizzard|p2b: Armarouge|[spread] p2a,p2b\n|-resisted|p2a: Scizor\n|-resisted|p2b: Armarouge\n|-damage|p2a: Scizor|1\/100\n|-damage|p2b: Armarouge|15\/100 frz\n|\n|-weather|none\n|upkeep\n|turn|10\n|\n|t:|1699666569\n|cant|p2b: Armarouge|frz\n|move|p2a: Scizor|Dual Wingbeat|p1a: Pelipper\n|-damage|p1a: Pelipper|84\/100\n|-damage|p1a: Pelipper|69\/100\n|-hitcount|p1a: Pelipper|2\n|move|p1a: Pelipper|Blizzard|p2a: Scizor|[spread] p2a,p2b\n|-resisted|p2a: Scizor\n|-resisted|p2b: Armarouge\n|-damage|p2a: Scizor|0 fnt\n|-damage|p2b: Armarouge|6\/100 frz\n|faint|p2a: Scizor\n|\n|upkeep\n|turn|11\n|\n|t:|1699666584\n|cant|p2b: Armarouge|frz\n|move|p1a: Pelipper|Blizzard|p2b: Armarouge|[miss]\n|-miss|p1a: Pelipper|p2b: Armarouge\n|\n|upkeep\n|turn|12\n|\n|t:|1699666588\n|cant|p2b: Armarouge|frz\n|move|p1a: Pelipper|Blizzard|p2b: Armarouge\n|-resisted|p2b: Armarouge\n|-damage|p2b: Armarouge|0 fnt\n|faint|p2b: Armarouge\n|\n|win|Wadzo\n|raw|Wadzo's rating: 1088 &rarr; <strong>1115<\/strong><br \/>(+27 for winning)\n|raw|BorkGod12's rating: 1085 &rarr; <strong>1062<\/strong><br \/>(-23 for losing)\n|l|\u2606BorkGod12\n","uploadtime":1699666600,"views":12,"p1id":"wadzo","p2id":"borkgod12","formatid":"gen9doublesou","rating":1062,"private":0,"password":""}