{"id":"gen9doublesou-1986668948","p1":"waf1st","p2":"papi dani flow","format":"[Gen 9] Doubles OU","log":"|j|\u2606waf1st\n|j|\u2606papi dani flow\n|t:|1699505033\n|gametype|doubles\n|player|p1|waf1st|wallace|1126\n|player|p2|papi dani flow|169|1000\n|teamsize|p1|6\n|teamsize|p2|6\n|gen|9\n|tier|[Gen 9] Doubles OU\n|rated|\n|rule|Species Clause: Limit one of each Pok\u00e9mon\n|rule|OHKO Clause: OHKO moves are banned\n|rule|Evasion Moves Clause: Evasion moves are banned\n|rule|Gravity Sleep Clause: The combination of sleep-inducing moves with imperfect accuracy and Gravity or Gigantamax Orbeetle are banned\n|rule|Endless Battle Clause: Forcing endless battles is banned\n|rule|HP Percentage Mod: HP is shown in percentages\n|clearpoke\n|poke|p1|Lilligant-Hisui, F|\n|poke|p1|Ninetales, M|\n|poke|p1|Rillaboom, F|\n|poke|p1|Kommo-o, F|\n|poke|p1|Gothitelle, M|\n|poke|p1|Leafeon, F|\n|poke|p2|Baxcalibur, F|\n|poke|p2|Iron Hands|\n|poke|p2|Flutter Mane|\n|poke|p2|Gyarados, M|\n|poke|p2|Cresselia, F|\n|poke|p2|Volcarona, M|\n|teampreview\n|inactive|Battle timer is ON: inactive players will automatically lose when time's up. (requested by waf1st)\n|\n|t:|1699505046\n|start\n|switch|p1a: Rillaboom|Rillaboom, F|100\/100\n|switch|p1b: Ninetales|Ninetales, M|100\/100\n|switch|p2a: Volcarona|Volcarona, M|100\/100\n|switch|p2b: Iron Hands|Iron Hands, shiny|100\/100\n|-weather|SunnyDay|[from] ability: Drought|[of] p1b: Ninetales\n|-fieldstart|move: Grassy Terrain|[from] ability: Grassy Surge|[of] p1a: Rillaboom\n|-enditem|p1a: Rillaboom|Grassy Seed\n|-boost|p1a: Rillaboom|def|1|[from] item: Grassy Seed\n|turn|1\n|\n|t:|1699505072\n|switch|p1b: Lilligant|Lilligant-Hisui, F|100\/100\n|-enditem|p1b: Lilligant|Grassy Seed\n|-boost|p1b: Lilligant|def|1|[from] item: Grassy Seed\n|move|p2b: Iron Hands|Fake Out|p1a: Rillaboom\n|-damage|p1a: Rillaboom|88\/100\n|move|p2a: Volcarona|Quiver Dance|p2a: Volcarona\n|-boost|p2a: Volcarona|spa|1\n|-boost|p2a: Volcarona|spd|1\n|-boost|p2a: Volcarona|spe|1\n|cant|p1a: Rillaboom|flinch\n|\n|-weather|SunnyDay|[upkeep]\n|-heal|p1a: Rillaboom|94\/100|[from] Grassy Terrain\n|upkeep\n|turn|2\n|\n|t:|1699505092\n|move|p1a: Rillaboom|Grassy Glide|p2b: Iron Hands\n|-damage|p2b: Iron Hands|79\/100\n|move|p1b: Lilligant|Acrobatics|p2a: Volcarona\n|-supereffective|p2a: Volcarona\n|-damage|p2a: Volcarona|0 fnt\n|faint|p2a: Volcarona\n|move|p2b: Iron Hands|Volt Switch|p1b: Lilligant\n|-resisted|p1b: Lilligant\n|-damage|p1b: Lilligant|91\/100\n|\n|t:|1699505102\n|-end|p2b: Iron Hands|Quark Drive|[silent]\n|switch|p2b: Cresselia|Cresselia, F|100\/100|[from] Volt Switch\n|\n|-weather|SunnyDay|[upkeep]\n|-heal|p1b: Lilligant|97\/100|[from] Grassy Terrain\n|-heal|p1a: Rillaboom|99\/100|[from] Grassy Terrain\n|upkeep\n|\n|t:|1699505105\n|switch|p2a: Baxcalibur|Baxcalibur, F, shiny|100\/100\n|turn|3\n|\n|t:|1699505119\n|move|p2b: Cresselia|Ally Switch|p2b: Cresselia\n|swap|p2b: Cresselia|0|[from] move: Ally Switch\n|move|p1b: Lilligant|Victory Dance|p1b: Lilligant\n|-boost|p1b: Lilligant|atk|1\n|-boost|p1b: Lilligant|def|1\n|-boost|p1b: Lilligant|spe|1\n|move|p2b: Baxcalibur|Icicle Spear|p1b: Lilligant\n|-supereffective|p1b: Lilligant\n|-damage|p1b: Lilligant|76\/100\n|-supereffective|p1b: Lilligant\n|-damage|p1b: Lilligant|54\/100\n|-supereffective|p1b: Lilligant\n|-damage|p1b: Lilligant|32\/100\n|-supereffective|p1b: Lilligant\n|-damage|p1b: Lilligant|9\/100\n|-supereffective|p1b: Lilligant\n|-damage|p1b: Lilligant|0 fnt\n|faint|p1b: Lilligant\n|-hitcount|p1: Lilligant|5\n|move|p1a: Rillaboom|Bulk Up|p1a: Rillaboom\n|-boost|p1a: Rillaboom|atk|1\n|-boost|p1a: Rillaboom|def|1\n|\n|-weather|SunnyDay|[upkeep]\n|-heal|p1a: Rillaboom|100\/100|[from] Grassy Terrain\n|upkeep\n|\n|t:|1699505138\n|switch|p1b: Kommo-o|Kommo-o, F|100\/100\n|turn|4\n|\n|t:|1699505157\n|-terastallize|p1b: Kommo-o|Steel\n|move|p2a: Cresselia|Helping Hand|p2b: Baxcalibur\n|-singleturn|p2b: Baxcalibur|Helping Hand|[of] p2a: Cresselia\n|move|p1a: Rillaboom|Grassy Glide|p2b: Baxcalibur\n|-resisted|p2b: Baxcalibur\n|-damage|p2b: Baxcalibur|74\/100\n|move|p2b: Baxcalibur|Icicle Spear|p1a: Rillaboom\n|-supereffective|p1a: Rillaboom\n|-damage|p1a: Rillaboom|78\/100\n|-supereffective|p1a: Rillaboom\n|-damage|p1a: Rillaboom|56\/100\n|-supereffective|p1a: Rillaboom\n|-damage|p1a: Rillaboom|35\/100\n|-supereffective|p1a: Rillaboom\n|-damage|p1a: Rillaboom|12\/100\n|-supereffective|p1a: Rillaboom\n|-damage|p1a: Rillaboom|0 fnt\n|faint|p1a: Rillaboom\n|-hitcount|p1: Rillaboom|5\n|move|p1b: Kommo-o|Clangorous Soul|p1b: Kommo-o\n|-boost|p1b: Kommo-o|atk|1\n|-boost|p1b: Kommo-o|def|1\n|-boost|p1b: Kommo-o|spa|1\n|-boost|p1b: Kommo-o|spd|1\n|-boost|p1b: Kommo-o|spe|1\n|-damage|p1b: Kommo-o|68\/100\n|-enditem|p1b: Kommo-o|Throat Spray\n|-boost|p1b: Kommo-o|spa|1|[from] item: Throat Spray\n|\n|-weather|SunnyDay|[upkeep]\n|-heal|p1b: Kommo-o|74\/100|[from] Grassy Terrain\n|-heal|p2b: Baxcalibur|80\/100|[from] Grassy Terrain\n|upkeep\n|inactive|waf1st has 120 seconds left.\n|\n|t:|1699505182\n|switch|p1a: Gothitelle|Gothitelle, M|100\/100\n|turn|5\n|\n|t:|1699505201\n|move|p2a: Cresselia|Helping Hand|p2b: Baxcalibur\n|-singleturn|p2b: Baxcalibur|Helping Hand|[of] p2a: Cresselia\n|move|p1b: Kommo-o|Clanging Scales|p2a: Cresselia|[spread] p2a,p2b\n|-supereffective|p2b: Baxcalibur\n|-damage|p2a: Cresselia|66\/100\n|-damage|p2b: Baxcalibur|0 fnt\n|faint|p2b: Baxcalibur\n|-unboost|p1b: Kommo-o|def|1\n|move|p1a: Gothitelle|Psych Up|p1b: Kommo-o\n|-copyboost|p1a: Gothitelle|p1b: Kommo-o|[from] move: Psych Up\n|\n|-weather|none\n|-heal|p1b: Kommo-o|80\/100|[from] Grassy Terrain\n|-fieldend|move: Grassy Terrain\n|upkeep\n|\n|t:|1699505212\n|switch|p2b: Flutter Mane|Flutter Mane|100\/100\n|turn|6\n|\n|t:|1699505224\n|move|p2a: Cresselia|Helping Hand|p2b: Flutter Mane\n|-singleturn|p2b: Flutter Mane|Helping Hand|[of] p2a: Cresselia\n|move|p1b: Kommo-o|Iron Head|p2a: Cresselia\n|-damage|p2a: Cresselia|37\/100\n|-damage|p1b: Kommo-o|63\/100|[from] item: Rocky Helmet|[of] p2a: Cresselia\n|move|p2b: Flutter Mane|Shadow Ball|p1a: Gothitelle\n|-supereffective|p1a: Gothitelle\n|-damage|p1a: Gothitelle|0 fnt\n|faint|p1a: Gothitelle\n|\n|upkeep\n|\n|t:|1699505236\n|switch|p1a: Ninetales|Ninetales, M|100\/100\n|-weather|SunnyDay|[from] ability: Drought|[of] p1a: Ninetales\n|-activate|p2b: Flutter Mane|ability: Protosynthesis\n|-start|p2b: Flutter Mane|protosynthesisspe\n|turn|7\n|\n|t:|1699505249\n|-end|p2b: Flutter Mane|Protosynthesis|[silent]\n|switch|p2b: Gyarados|Gyarados, M|100\/100\n|-ability|p2b: Gyarados|Intimidate|boost\n|-unboost|p1a: Ninetales|atk|1\n|-unboost|p1b: Kommo-o|atk|1\n|switch|p2a: Iron Hands|Iron Hands, shiny|79\/100\n|move|p1b: Kommo-o|Aura Sphere|p2a: Iron Hands\n|-damage|p2a: Iron Hands|34\/100\n|move|p1a: Ninetales|Dark Pulse|p2b: Gyarados\n|-damage|p2b: Gyarados|73\/100\n|-damage|p1a: Ninetales|91\/100|[from] item: Life Orb\n|\n|-weather|SunnyDay|[upkeep]\n|upkeep\n|turn|8\n|\n|t:|1699505275\n|switch|p1a: Leafeon|Leafeon, F|100\/100\n|move|p2a: Iron Hands|Fake Out|p1b: Kommo-o\n|-resisted|p1b: Kommo-o\n|-damage|p1b: Kommo-o|55\/100\n|cant|p1b: Kommo-o|flinch\n|move|p2b: Gyarados|Thunder Wave|p1b: Kommo-o\n|-status|p1b: Kommo-o|par\n|\n|-weather|SunnyDay|[upkeep]\n|upkeep\n|turn|9\n|\n|t:|1699505297\n|-end|p2a: Iron Hands|Quark Drive|[silent]\n|switch|p2a: Cresselia|Cresselia, F|37\/100\n|-terastallize|p2b: Gyarados|Ground\n|move|p1a: Leafeon|Leaf Blade|p2b: Gyarados\n|-supereffective|p2b: Gyarados\n|-damage|p2b: Gyarados|0 fnt\n|faint|p2b: Gyarados\n|move|p1b: Kommo-o|Aura Sphere|p2a: Cresselia\n|-resisted|p2a: Cresselia\n|-crit|p2a: Cresselia\n|-damage|p2a: Cresselia|10\/100\n|\n|-weather|SunnyDay|[upkeep]\n|upkeep\n|\n|t:|1699505306\n|switch|p2b: Flutter Mane|Flutter Mane|100\/100\n|-activate|p2b: Flutter Mane|ability: Protosynthesis\n|-start|p2b: Flutter Mane|protosynthesisspe\n|turn|10\n|\n|t:|1699505322\n|move|p2a: Cresselia|Ally Switch|p2a: Cresselia\n|swap|p2a: Cresselia|1|[from] move: Ally Switch\n|move|p2a: Flutter Mane|Mystical Fire|p1b: Kommo-o\n|-supereffective|p1b: Kommo-o\n|-damage|p1b: Kommo-o|0 fnt\n|faint|p1b: Kommo-o\n|move|p1a: Leafeon|Trailblaze|p2b: Cresselia\n|-damage|p2b: Cresselia|0 fnt\n|-boost|p1a: Leafeon|spe|1\n|-damage|p1a: Leafeon|84\/100|[from] item: Rocky Helmet|[of] p2b: Cresselia\n|faint|p2b: Cresselia\n|\n|-weather|SunnyDay|[upkeep]\n|upkeep\n|\n|t:|1699505333\n|switch|p1b: Ninetales|Ninetales, M|91\/100\n|switch|p2b: Iron Hands|Iron Hands, shiny|34\/100\n|turn|11\n|\n|t:|1699505354\n|move|p1a: Leafeon|Helping Hand|p1b: Ninetales\n|-singleturn|p1b: Ninetales|Helping Hand|[of] p1a: Leafeon\n|move|p2b: Iron Hands|Fake Out|p1a: Leafeon\n|-damage|p1a: Leafeon|68\/100\n|move|p2a: Flutter Mane|Mystical Fire|p1a: Leafeon\n|-supereffective|p1a: Leafeon\n|-damage|p1a: Leafeon|0 fnt\n|faint|p1a: Leafeon\n|move|p1b: Ninetales|Flamethrower|p2a: Flutter Mane\n|-damage|p2a: Flutter Mane|0 fnt\n|faint|p2a: Flutter Mane\n|-end|p2a: Flutter Mane|Protosynthesis|[silent]\n|-damage|p1b: Ninetales|81\/100|[from] item: Life Orb\n|\n|-weather|none\n|upkeep\n|turn|12\n|\n|t:|1699505374\n|move|p1b: Ninetales|Flamethrower|p2b: Iron Hands\n|-damage|p2b: Iron Hands|6\/100\n|-damage|p1b: Ninetales|71\/100|[from] item: Life Orb\n|move|p2b: Iron Hands|Wild Charge|p1b: Ninetales\n|-damage|p1b: Ninetales|0 fnt\n|faint|p1b: Ninetales\n|-damage|p2b: Iron Hands|0 fnt|[from] Recoil\n|faint|p2b: Iron Hands\n|-end|p2b: Iron Hands|Quark Drive|[silent]\n|\n|win|papi dani flow\n|raw|waf1st's rating: 1126 &rarr; <strong>1092<\/strong><br \/>(-34 for losing)\n|raw|papi dani flow's rating: 1000 &rarr; <strong>1054<\/strong><br \/>(+54 for winning)\n","uploadtime":1699505416,"views":18,"p1id":"waf1st","p2id":"papidaniflow","formatid":"gen9doublesou","rating":1054,"private":0,"password":""}