{"id":"gen9doublesou-1993627547","p1":"shwika","p2":"Kiky14","format":"[Gen 9] Doubles OU","log":"|j|\u2606shwika\n|j|\u2606Kiky14\n|t:|1700339084\n|gametype|doubles\n|player|p1|shwika|maid|1424\n|player|p2|Kiky14|hilda-wonderlauncher|1355\n|teamsize|p1|6\n|teamsize|p2|6\n|gen|9\n|tier|[Gen 9] Doubles OU\n|rated|\n|rule|Species Clause: Limit one of each Pok\u00e9mon\n|rule|OHKO Clause: OHKO moves are banned\n|rule|Evasion Moves Clause: Evasion moves are banned\n|rule|Gravity Sleep Clause: The combination of sleep-inducing moves with imperfect accuracy and Gravity or Gigantamax Orbeetle are banned\n|rule|Endless Battle Clause: Forcing endless battles is banned\n|rule|HP Percentage Mod: HP is shown in percentages\n|clearpoke\n|poke|p1|Tyranitar, M|\n|poke|p1|Garchomp, M|\n|poke|p1|Glimmora, F|\n|poke|p1|Palafin, M|\n|poke|p1|Volcarona, F|\n|poke|p1|Flutter Mane|\n|poke|p2|Sinistcha|\n|poke|p2|Moltres-Galar|\n|poke|p2|Arcanine-Hisui, F|\n|poke|p2|Ogerpon-Wellspring, F|\n|poke|p2|Klefki, F|\n|poke|p2|Okidogi, M|\n|teampreview\n|l|\u2606Kiky14\n|player|p2|\n|inactive|Battle timer is ON: inactive players will automatically lose when time's up. (requested by shwika)\n|j|\u2606Kiky14\n|inactive|Kiky14 reconnected and has 135 seconds left.\n|player|p2|Kiky14|hilda-wonderlauncher\n|inactive|Kiky14 has 120 seconds left.\n|\n|t:|1700339130\n|start\n|switch|p1a: Glimmora|Glimmora, F|100\/100\n|switch|p1b: Saitama|Palafin, M|100\/100\n|switch|p2a: Ogerpon|Ogerpon-Wellspring, F|100\/100\n|switch|p2b: Arcanine|Arcanine-Hisui, F|100\/100\n|-ability|p2b: Arcanine|Intimidate|boost\n|-unboost|p1a: Glimmora|atk|1\n|-unboost|p1b: Saitama|atk|1\n|-item|p1a: Glimmora|Air Balloon\n|turn|1\n|\n|t:|1700339156\n|switch|p2b: Klefki|Klefki, F|100\/100\n|detailschange|p1b: Saitama|Palafin-Hero, M\n|switch|p1b: Earl|Garchomp, M|100\/100\n|move|p1a: Glimmora|Stealth Rock|p2b: Klefki\n|-sidestart|p2: Kiky14|move: Stealth Rock\n|move|p2a: Ogerpon|Ivy Cudgel|p1a: Glimmora|[anim] Ivy Cudgel Water\n|-supereffective|p1a: Glimmora\n|-damage|p1a: Glimmora|0 fnt\n|-activate|p1a: Glimmora|ability: Toxic Debris\n|-sidestart|p2: Kiky14|move: Toxic Spikes\n|-enditem|p1a: Glimmora|Air Balloon\n|faint|p1a: Glimmora\n|\n|upkeep\n|inactive|shwika has 120 seconds left.\n|\n|t:|1700339193\n|switch|p1a: B\u00e9|Volcarona, F|100\/100\n|turn|2\n|l|\u2606Kiky14\n|inactive|Kiky14 disconnected and has a minute to reconnect!\n|player|p2|\n|inactive|shwika has 120 seconds left.\n|j|\u2606Kiky14\n|inactive|Kiky14 reconnected and has 140 seconds left.\n|player|p2|Kiky14|hilda-wonderlauncher\n|inactive|Kiky14 has 120 seconds left.\n|\n|t:|1700339223\n|-terastallize|p1a: B\u00e9|Grass\n|move|p2b: Klefki|Reflect|p2b: Klefki\n|-sidestart|p2: Kiky14|Reflect\n|move|p1b: Earl|Dragon Claw|p2a: Ogerpon\n|-damage|p2a: Ogerpon|70\/100\n|move|p1a: B\u00e9|Struggle Bug|p2a: Ogerpon|[spread] p2a,p2b\n|-supereffective|p2a: Ogerpon\n|-resisted|p2b: Klefki\n|-damage|p2a: Ogerpon|30\/100\n|-damage|p2b: Klefki|95\/100\n|-unboost|p2a: Ogerpon|spa|1\n|-unboost|p2b: Klefki|spa|1\n|move|p2a: Ogerpon|Leech Seed|p1a: B\u00e9\n|-immune|p1a: B\u00e9\n|\n|upkeep\n|turn|3\n|inactive|shwika has 120 seconds left.\n|\n|t:|1700339269\n|move|p2a: Ogerpon|Spiky Shield|p2a: Ogerpon\n|-singleturn|p2a: Ogerpon|move: Protect\n|move|p2b: Klefki|Thunder Wave|p1a: B\u00e9\n|-status|p1a: B\u00e9|par\n|move|p1b: Earl|Dragon Claw|p2a: Ogerpon\n|-activate|p2a: Ogerpon|move: Protect\n|-damage|p1b: Earl|88\/100|[from] Spiky Shield|[of] p2a: Ogerpon\n|move|p1a: B\u00e9|Heat Wave|p2b: Klefki|[spread] p2b\n|-activate|p2a: Ogerpon|move: Protect\n|-supereffective|p2b: Klefki\n|-damage|p2b: Klefki|8\/100\n|\n|upkeep\n|turn|4\n|\n|t:|1700339292\n|move|p2b: Klefki|Light Screen|p2b: Klefki\n|-sidestart|p2: Kiky14|move: Light Screen\n|move|p1b: Earl|Dragon Claw|p2a: Ogerpon\n|-damage|p2a: Ogerpon|1\/100\n|move|p2a: Ogerpon|Leech Seed|p1b: Earl\n|-start|p1b: Earl|move: Leech Seed\n|cant|p1a: B\u00e9|par\n|\n|-damage|p1b: Earl|76\/100|[from] Leech Seed|[of] p2a: Ogerpon\n|-heal|p2a: Ogerpon|16\/100|[silent]\n|upkeep\n|turn|5\n|inactive|shwika has 120 seconds left.\n|\n|t:|1700339328\n|move|p1b: Earl|Protect|p1b: Earl\n|-singleturn|p1b: Earl|Protect\n|move|p2a: Ogerpon|Spiky Shield|p2a: Ogerpon\n|-singleturn|p2a: Ogerpon|move: Protect\n|move|p2b: Klefki|Dazzling Gleam|p1b: Earl|[spread] p1a\n|-activate|p1b: Earl|move: Protect\n|-damage|p1a: B\u00e9|88\/100 par\n|move|p1a: B\u00e9|Heat Wave|p2b: Klefki|[spread] p2b\n|-activate|p2a: Ogerpon|move: Protect\n|-supereffective|p2b: Klefki\n|-damage|p2b: Klefki|0 fnt\n|faint|p2b: Klefki\n|\n|-damage|p1b: Earl|64\/100|[from] Leech Seed|[of] p2a: Ogerpon\n|-heal|p2a: Ogerpon|30\/100|[silent]\n|upkeep\n|\n|t:|1700339344\n|switch|p2b: Okidogi|Okidogi, M|100\/100\n|-damage|p2b: Okidogi|94\/100|[from] Stealth Rock\n|-sideend|p2: Kiky14|move: Toxic Spikes|[of] p2b: Okidogi\n|turn|6\n|inactive|shwika has 120 seconds left.\n|\n|t:|1700339380\n|switch|p1b: Flutter Mane|Flutter Mane|100\/100\n|move|p2a: Ogerpon|Ivy Cudgel|p1b: Flutter Mane|[anim] Ivy Cudgel Water\n|-crit|p1b: Flutter Mane\n|-damage|p1b: Flutter Mane|0 fnt\n|faint|p1b: Flutter Mane\n|-end|p1b: Flutter Mane|Protosynthesis|[silent]\n|move|p2b: Okidogi|Poison Jab|p1a: B\u00e9\n|-supereffective|p1a: B\u00e9\n|-damage|p1a: B\u00e9|0 fnt\n|faint|p1a: B\u00e9\n|-damage|p2b: Okidogi|84\/100|[from] item: Life Orb\n|\n|upkeep\n|inactive|shwika has 90 seconds left.\n|\n|t:|1700339414\n|switch|p1b: Saitama|Palafin-Hero, M|100\/100\n|switch|p1a: Gojira|Tyranitar, M|100\/100\n|-activate|p1b: Saitama|ability: Zero to Hero\n|-weather|Sandstorm|[from] ability: Sand Stream|[of] p1a: Gojira\n|turn|7\n|\n|t:|1700339439\n|switch|p2b: Sinistcha|Sinistcha|100\/100\n|-damage|p2b: Sinistcha|88\/100|[from] Stealth Rock\n|-heal|p2a: Ogerpon|55\/100|[from] ability: Hospitality|[of] p2b: Sinistcha\n|move|p1b: Saitama|Jet Punch|p2b: Sinistcha\n|-resisted|p2b: Sinistcha\n|-damage|p2b: Sinistcha|77\/100\n|move|p2a: Ogerpon|Wood Hammer|p1b: Saitama\n|-supereffective|p1b: Saitama\n|-damage|p1b: Saitama|2\/100\n|-damage|p2a: Ogerpon|12\/100|[from] Recoil\n|move|p1a: Gojira|Crunch|p2a: Ogerpon\n|-damage|p2a: Ogerpon|0 fnt\n|faint|p2a: Ogerpon\n|\n|-weather|Sandstorm|[upkeep]\n|-damage|p1b: Saitama|0 fnt|[from] Sandstorm\n|-damage|p2b: Sinistcha|71\/100|[from] Sandstorm\n|faint|p1b: Saitama\n|-heal|p2b: Sinistcha|77\/100|[from] item: Leftovers\n|upkeep\n|\n|t:|1700339458\n|switch|p2a: Arcanine|Arcanine-Hisui, F|100\/100\n|switch|p1b: Earl|Garchomp, M|64\/100\n|-damage|p2a: Arcanine|76\/100|[from] Stealth Rock\n|-ability|p2a: Arcanine|Intimidate|boost\n|-unboost|p1a: Gojira|atk|1\n|-unboost|p1b: Earl|atk|1\n|turn|8\n|\n|t:|1700339477\n|switch|p2a: Moltres|Moltres-Galar|100\/100\n|-damage|p2a: Moltres|75\/100|[from] Stealth Rock\n|move|p2b: Sinistcha|Protect|p2b: Sinistcha\n|-singleturn|p2b: Sinistcha|Protect\n|move|p1b: Earl|Rock Slide|p2b: Sinistcha|[spread] p2a\n|-activate|p2b: Sinistcha|move: Protect\n|-supereffective|p2a: Moltres\n|-damage|p2a: Moltres|58\/100\n|-enditem|p2a: Moltres|Weakness Policy\n|-boost|p2a: Moltres|atk|2|[from] item: Weakness Policy\n|-boost|p2a: Moltres|spa|2|[from] item: Weakness Policy\n|move|p1a: Gojira|Crunch|p2b: Sinistcha\n|-activate|p2b: Sinistcha|move: Protect\n|\n|-weather|Sandstorm|[upkeep]\n|-damage|p2a: Moltres|52\/100|[from] Sandstorm\n|-damage|p2b: Sinistcha|71\/100|[from] Sandstorm\n|-heal|p2b: Sinistcha|77\/100|[from] item: Leftovers\n|upkeep\n|turn|9\n|\n|t:|1700339504\n|move|p1b: Earl|Rock Slide|p2b: Sinistcha|[spread] p2a,p2b\n|-supereffective|p2a: Moltres\n|-damage|p2a: Moltres|35\/100\n|-damage|p2b: Sinistcha|70\/100\n|-ability|p2a: Moltres|Berserk|boost\n|-boost|p2a: Moltres|spa|1\n|cant|p2a: Moltres|flinch\n|move|p2b: Sinistcha|Matcha Gotcha|p1a: Gojira|[spread] p1a\n|-miss|p2b: Sinistcha|p1b: Earl\n|-supereffective|p1a: Gojira\n|-damage|p1a: Gojira|82\/100\n|-heal|p2b: Sinistcha|80\/100|[from] drain|[of] p1a: Gojira\n|move|p1a: Gojira|Crunch|p2b: Sinistcha\n|-supereffective|p2b: Sinistcha\n|-damage|p2b: Sinistcha|48\/100\n|\n|-weather|Sandstorm|[upkeep]\n|-damage|p2a: Moltres|29\/100|[from] Sandstorm\n|-damage|p2b: Sinistcha|42\/100|[from] Sandstorm\n|-heal|p2b: Sinistcha|48\/100|[from] item: Leftovers\n|-sideend|p2: Kiky14|Reflect\n|upkeep\n|turn|10\n|inactive|shwika has 120 seconds left.\n|\n|t:|1700339542\n|move|p1b: Earl|Rock Slide|p2b: Sinistcha|[spread] p2a,p2b\n|-supereffective|p2a: Moltres\n|-crit|p2a: Moltres\n|-damage|p2a: Moltres|0 fnt\n|-damage|p2b: Sinistcha|37\/100\n|faint|p2a: Moltres\n|cant|p2b: Sinistcha|flinch\n|move|p1a: Gojira|Crunch|p2b: Sinistcha\n|-supereffective|p2b: Sinistcha\n|-damage|p2b: Sinistcha|0 fnt\n|faint|p2b: Sinistcha\n|\n|-weather|Sandstorm|[upkeep]\n|upkeep\n|\n|t:|1700339553\n|switch|p2a: Okidogi|Okidogi, M|84\/100\n|switch|p2b: Arcanine|Arcanine-Hisui, F|76\/100\n|-damage|p2b: Arcanine|51\/100|[from] Stealth Rock\n|-ability|p2b: Arcanine|Intimidate|boost\n|-unboost|p1a: Gojira|atk|1\n|-unboost|p1b: Earl|atk|1\n|-damage|p2a: Okidogi|78\/100|[from] Stealth Rock\n|turn|11\n|\n|t:|1700339574\n|-terastallize|p2a: Okidogi|Dark\n|move|p1b: Earl|Earthquake|p2a: Okidogi|[spread] p1a,p2a,p2b\n|-supereffective|p1a: Gojira\n|-supereffective|p2b: Arcanine\n|-damage|p1a: Gojira|52\/100\n|-damage|p2a: Okidogi|63\/100\n|-damage|p2b: Arcanine|0 fnt\n|faint|p2b: Arcanine\n|move|p2a: Okidogi|Drain Punch|p1a: Gojira\n|-supereffective|p1a: Gojira\n|-damage|p1a: Gojira|0 fnt\n|-heal|p2a: Okidogi|91\/100|[from] drain|[of] p1a: Gojira\n|faint|p1a: Gojira\n|-damage|p2a: Okidogi|81\/100|[from] item: Life Orb\n|\n|-weather|none\n|-sideend|p2: Kiky14|move: Light Screen\n|upkeep\n|turn|12\n|\n|t:|1700339601\n|move|p1b: Earl|Earthquake|p2a: Okidogi\n|-damage|p2a: Okidogi|61\/100\n|move|p2a: Okidogi|Drain Punch|p1b: Earl\n|-damage|p1b: Earl|15\/100\n|-heal|p2a: Okidogi|84\/100|[from] drain|[of] p1b: Earl\n|-damage|p2a: Okidogi|74\/100|[from] item: Life Orb\n|\n|upkeep\n|turn|13\n|c|\u2606shwika|:\/\n|-message|shwika forfeited.\n|\n|win|Kiky14\n|raw|shwika's rating: 1424 &rarr; <strong>1400<\/strong><br \/>(-24 for losing)\n|raw|Kiky14's rating: 1355 &rarr; <strong>1379<\/strong><br \/>(+24 for winning)\n|l|\u2606shwika\n","uploadtime":1700339620,"views":4,"p1id":"shwika","p2id":"kiky14","formatid":"gen9doublesou","rating":1379,"private":0,"password":""}