{"id":"gen9doublesou-1980777458","p1":"5a678","p2":"talhabiggboi3","format":"[Gen 9] Doubles OU","log":"|j|\u26065a678\n|j|\u2606talhabiggboi3\n|t:|1698831228\n|gametype|doubles\n|player|p1|5a678|steven|1535\n|player|p2|talhabiggboi3|101|1394\n|teamsize|p1|6\n|teamsize|p2|6\n|gen|9\n|tier|[Gen 9] Doubles OU\n|rated|\n|rule|Species Clause: Limit one of each Pok\u00e9mon\n|rule|OHKO Clause: OHKO moves are banned\n|rule|Evasion Moves Clause: Evasion moves are banned\n|rule|Gravity Sleep Clause: The combination of sleep-inducing moves with imperfect accuracy and Gravity or Gigantamax Orbeetle are banned\n|rule|Endless Battle Clause: Forcing endless battles is banned\n|rule|HP Percentage Mod: HP is shown in percentages\n|clearpoke\n|poke|p1|Flutter Mane|\n|poke|p1|Chi-Yu|\n|poke|p1|Chien-Pao|\n|poke|p1|Farigiraf, F|\n|poke|p1|Rillaboom, M|\n|poke|p1|Iron Hands|\n|poke|p2|Murkrow, F|\n|poke|p2|Garchomp, F|\n|poke|p2|Hydreigon, M|\n|poke|p2|Armarouge, M|\n|poke|p2|Maushold-Four|\n|poke|p2|Gholdengo|\n|teampreview\n|inactive|Battle timer is ON: inactive players will automatically lose when time's up. (requested by 5a678)\n|inactive|5a678 has 120 seconds left.\n|inactive|talhabiggboi3 has 120 seconds left.\n|inactive|talhabiggboi3 has 90 seconds left.\n|\n|t:|1698831300\n|start\n|switch|p1a: Chien-Pao|Chien-Pao|100\/100\n|switch|p1b: Rillaboom|Rillaboom, M|100\/100\n|switch|p2a: Murkrow|Murkrow, F|100\/100\n|switch|p2b: Gholdengo|Gholdengo|100\/100\n|-ability|p1a: Chien-Pao|Sword of Ruin\n|-fieldstart|move: Grassy Terrain|[from] ability: Grassy Surge|[of] p1b: Rillaboom\n|turn|1\n|\n|t:|1698831322\n|-terastallize|p2b: Gholdengo|Steel\n|move|p1b: Rillaboom|Fake Out|p2a: Murkrow\n|-damage|p2a: Murkrow|75\/100\n|cant|p2a: Murkrow|flinch\n|move|p1a: Chien-Pao|Icicle Crash|p2a: Murkrow\n|-supereffective|p2a: Murkrow\n|-damage|p2a: Murkrow|0 fnt\n|faint|p2a: Murkrow\n|-damage|p1a: Chien-Pao|91\/100|[from] item: Life Orb\n|move|p2b: Gholdengo|Make It Rain|p1a: Chien-Pao|[spread] p1a,p1b\n|-supereffective|p1a: Chien-Pao\n|-damage|p1a: Chien-Pao|0 fnt\n|-damage|p1b: Rillaboom|23\/100\n|-unboost|p2b: Gholdengo|spa|1\n|faint|p1a: Chien-Pao\n|\n|-heal|p1b: Rillaboom|29\/100|[from] Grassy Terrain\n|upkeep\n|inactive|5a678 has 120 seconds left.\n|inactive|talhabiggboi3 has 120 seconds left.\n|\n|t:|1698831357\n|switch|p1a: Chi-Yu|Chi-Yu|100\/100\n|switch|p2a: Hydreigon|Hydreigon, M|100\/100\n|-ability|p1a: Chi-Yu|Beads of Ruin\n|turn|2\n|\n|t:|1698831369\n|switch|p2b: Armarouge|Armarouge, M|100\/100\n|move|p1a: Chi-Yu|Heat Wave|p2a: Hydreigon|[spread] p2a\n|-start|p2b: Armarouge|ability: Flash Fire\n|-resisted|p2a: Hydreigon\n|-damage|p2a: Hydreigon|60\/100\n|move|p2a: Hydreigon|Tailwind|p2a: Hydreigon\n|-sidestart|p2: talhabiggboi3|move: Tailwind\n|move|p1b: Rillaboom|Brick Break|p2a: Hydreigon\n|-supereffective|p2a: Hydreigon\n|-damage|p2a: Hydreigon|0 fnt\n|faint|p2a: Hydreigon\n|\n|-heal|p1b: Rillaboom|35\/100|[from] Grassy Terrain\n|upkeep\n|\n|t:|1698831387\n|switch|p2a: Gholdengo|Gholdengo, tera:Steel|100\/100\n|turn|3\n|\n|t:|1698831406\n|move|p1b: Rillaboom|Grassy Glide|p2b: Armarouge\n|-resisted|p2b: Armarouge\n|-damage|p2b: Armarouge|83\/100\n|move|p2a: Gholdengo|Focus Blast|p1a: Chi-Yu|[miss]\n|-miss|p2a: Gholdengo|p1a: Chi-Yu\n|move|p2b: Armarouge|Armor Cannon|p1b: Rillaboom\n|-supereffective|p1b: Rillaboom\n|-damage|p1b: Rillaboom|0 fnt\n|-unboost|p2b: Armarouge|def|1\n|-unboost|p2b: Armarouge|spd|1\n|faint|p1b: Rillaboom\n|-damage|p2b: Armarouge|73\/100|[from] item: Life Orb\n|move|p1a: Chi-Yu|Heat Wave|p2b: Armarouge|[spread] p2a\n|-immune|p2b: Armarouge|[from] ability: Flash Fire\n|-supereffective|p2a: Gholdengo\n|-damage|p2a: Gholdengo|0 fnt\n|faint|p2a: Gholdengo\n|\n|-heal|p2b: Armarouge|79\/100|[from] Grassy Terrain\n|upkeep\n|n|\u203dtalhabiggboi3|talhabiggboi3\n|\n|t:|1698831424\n|switch|p2a: Garchomp|Garchomp, F|100\/100\n|switch|p1b: Iron Hands|Iron Hands|100\/100\n|turn|4\n|\n|t:|1698831449\n|switch|p1a: Farigiraf|Farigiraf, F|100\/100\n|-terastallize|p1b: Iron Hands|Grass\n|move|p2a: Garchomp|Protect|p2a: Garchomp\n|-singleturn|p2a: Garchomp|Protect\n|move|p1b: Iron Hands|Ice Punch|p2a: Garchomp\n|-activate|p2a: Garchomp|move: Protect\n|move|p2b: Armarouge|Trick Room|p2b: Armarouge\n|-fieldstart|move: Trick Room|[of] p2b: Armarouge\n|\n|-heal|p2b: Armarouge|85\/100|[from] Grassy Terrain\n|upkeep\n|turn|5\n|\n|t:|1698831468\n|move|p1b: Iron Hands|Ice Punch|p2a: Garchomp\n|-supereffective|p2a: Garchomp\n|-damage|p2a: Garchomp|0 fnt\n|-damage|p1b: Iron Hands|88\/100|[from] ability: Rough Skin|[of] p2a: Garchomp\n|faint|p2a: Garchomp\n|move|p1a: Farigiraf|Psychic|p2b: Armarouge\n|-resisted|p2b: Armarouge\n|-damage|p2b: Armarouge|57\/100\n|move|p2b: Armarouge|Armor Cannon|p1b: Iron Hands\n|-supereffective|p1b: Iron Hands\n|-damage|p1b: Iron Hands|0 fnt\n|-unboost|p2b: Armarouge|def|1\n|-unboost|p2b: Armarouge|spd|1\n|faint|p1b: Iron Hands\n|-end|p1b: Iron Hands|Quark Drive|[silent]\n|-damage|p2b: Armarouge|47\/100|[from] item: Life Orb\n|\n|-heal|p2b: Armarouge|53\/100|[from] Grassy Terrain\n|-sideend|p2: talhabiggboi3|move: Tailwind\n|-fieldend|move: Grassy Terrain\n|upkeep\n|\n|t:|1698831484\n|switch|p1b: Flutter Mane|Flutter Mane|100\/100\n|switch|p2a: Maushold|Maushold-Four|100\/100\n|-enditem|p1b: Flutter Mane|Booster Energy\n|-activate|p1b: Flutter Mane|ability: Protosynthesis|[fromitem]\n|-start|p1b: Flutter Mane|protosynthesisspa\n|turn|6\n|\n|t:|1698831501\n|move|p1b: Flutter Mane|Protect|p1b: Flutter Mane\n|-singleturn|p1b: Flutter Mane|Protect\n|move|p2b: Armarouge|Armor Cannon|p1b: Flutter Mane\n|-activate|p1b: Flutter Mane|move: Protect\n|move|p2a: Maushold|Population Bomb|p1a: Farigiraf\n|-damage|p1a: Farigiraf|96\/100\n|-damage|p1a: Farigiraf|91\/100\n|-damage|p1a: Farigiraf|85\/100\n|-damage|p1a: Farigiraf|80\/100\n|-damage|p1a: Farigiraf|75\/100\n|-damage|p1a: Farigiraf|71\/100\n|-damage|p1a: Farigiraf|66\/100\n|-damage|p1a: Farigiraf|60\/100\n|-damage|p1a: Farigiraf|55\/100\n|-damage|p1a: Farigiraf|50\/100\n|-hitcount|p1a: Farigiraf|10\n|move|p1a: Farigiraf|Trick Room|p1a: Farigiraf\n|-fieldend|move: Trick Room\n|\n|upkeep\n|turn|7\n|\n|t:|1698831522\n|move|p2a: Maushold|Follow Me|p2a: Maushold\n|-singleturn|p2a: Maushold|move: Follow Me\n|move|p1b: Flutter Mane|Shadow Ball|p2a: Maushold\n|-immune|p2a: Maushold\n|move|p2b: Armarouge|Armor Cannon|p1b: Flutter Mane\n|-damage|p1b: Flutter Mane|0 fnt\n|-unboost|p2b: Armarouge|def|1\n|-unboost|p2b: Armarouge|spd|1\n|faint|p1b: Flutter Mane\n|-end|p1b: Flutter Mane|Protosynthesis|[silent]\n|-damage|p2b: Armarouge|44\/100|[from] item: Life Orb\n|move|p1a: Farigiraf|Psychic|p2a: Maushold\n|-damage|p2a: Maushold|49\/100\n|\n|upkeep\n|\n|t:|1698831527\n|switch|p1b: Chi-Yu|Chi-Yu|100\/100\n|-ability|p1b: Chi-Yu|Beads of Ruin\n|turn|8\n|\n|t:|1698831555\n|move|p1a: Farigiraf|Ally Switch|p1a: Farigiraf\n|swap|p1a: Farigiraf|1|[from] move: Ally Switch\n|move|p1a: Chi-Yu|Dark Pulse|p2a: Maushold\n|-damage|p2a: Maushold|0 fnt\n|faint|p2a: Maushold\n|move|p2b: Armarouge|Armor Cannon|p1b: Farigiraf\n|-damage|p1b: Farigiraf|0 fnt\n|-unboost|p2b: Armarouge|def|1\n|-unboost|p2b: Armarouge|spd|1\n|faint|p1b: Farigiraf\n|-damage|p2b: Armarouge|34\/100|[from] item: Life Orb\n|\n|upkeep\n|turn|9\n|\n|t:|1698831566\n|move|p2b: Armarouge|Protect|p2b: Armarouge\n|-singleturn|p2b: Armarouge|Protect\n|move|p1a: Chi-Yu|Dark Pulse|p2b: Armarouge\n|-activate|p2b: Armarouge|move: Protect\n|\n|upkeep\n|turn|10\n|l|\u203dtalhabiggboi3\n|inactive|talhabiggboi3 disconnected and has a minute to reconnect!\n|player|p2|\n|inactive|talhabiggboi3 has 30 seconds to reconnect!\n|inactive|talhabiggboi3 has 20 seconds to reconnect!\n|inactive|talhabiggboi3 has 15 seconds to reconnect!\n|inactive|talhabiggboi3 has 10 seconds to reconnect!\n|inactive|talhabiggboi3 has 5 seconds to reconnect!\n|-message|talhabiggboi3 lost due to inactivity.\n|\n|win|5a678\n|raw|5a678's rating: 1535 &rarr; <strong>1547<\/strong><br \/>(+12 for winning)\n|raw|talhabiggboi3's rating: 1394 &rarr; <strong>1382<\/strong><br \/>(-12 for losing)\n","uploadtime":1698831419,"views":29,"p1id":"5a678","p2id":"talhabiggboi3","formatid":"gen9doublesou","rating":1382,"private":0,"password":""}