{"id":"gen9doublesou-1992514468","p1":"pawmmy","p2":"Happy1912owl","format":"[Gen 9] Doubles OU","log":"|j|\u2606pawmmy\n|j|\u2606Happy1912owl\n|t:|1700197780\n|gametype|doubles\n|player|p1|pawmmy|lady-gen4|\n|player|p2|Happy1912owl|steven|\n|teamsize|p1|6\n|teamsize|p2|6\n|gen|9\n|tier|[Gen 9] Doubles OU\n|rule|Species Clause: Limit one of each Pok\u00e9mon\n|rule|OHKO Clause: OHKO moves are banned\n|rule|Evasion Moves Clause: Evasion moves are banned\n|rule|Gravity Sleep Clause: The combination of sleep-inducing moves with imperfect accuracy and Gravity or Gigantamax Orbeetle are banned\n|rule|Endless Battle Clause: Forcing endless battles is banned\n|rule|HP Percentage Mod: HP is shown in percentages\n|clearpoke\n|poke|p1|Chien-Pao|\n|poke|p1|Dragonite, F|\n|poke|p1|Spewpa, M|\n|poke|p1|Tsareena, F|\n|poke|p1|Arcanine, M|\n|poke|p1|Goodra-Hisui, M|\n|poke|p2|Dipplin, F|\n|poke|p2|Scovillain, M|\n|poke|p2|Tropius, F|\n|poke|p2|Scream Tail|\n|poke|p2|Farigiraf, M|\n|poke|p2|Azumarill, M|\n|teampreview\n|\n|t:|1700197790\n|start\n|switch|p1a: Chien-Pao|Chien-Pao|100\/100\n|switch|p1b: Spewpa|Spewpa, M|100\/100\n|switch|p2a: Carolina Reaper|Scovillain, M, shiny|100\/100\n|switch|p2b: Flying mower|Tropius, F, shiny|100\/100\n|-ability|p1a: Chien-Pao|Sword of Ruin\n|turn|1\n|c|\u2606pawmmy|glhf!\n|\n|t:|1700197805\n|move|p1b: Spewpa|Rage Powder|p1b: Spewpa\n|-singleturn|p1b: Spewpa|move: Rage Powder\n|move|p1a: Chien-Pao|Swords Dance|p1a: Chien-Pao\n|-boost|p1a: Chien-Pao|atk|2\n|move|p2a: Carolina Reaper|Fire Fang|p1a: Chien-Pao\n|-supereffective|p1a: Chien-Pao\n|-damage|p1a: Chien-Pao|53\/100\n|move|p2b: Flying mower|Sunny Day|p2b: Flying mower\n|-weather|SunnyDay\n|\n|-weather|SunnyDay|[upkeep]\n|upkeep\n|turn|2\n|\n|t:|1700197821\n|move|p1b: Spewpa|Rage Powder|p1b: Spewpa\n|-singleturn|p1b: Spewpa|move: Rage Powder\n|move|p2a: Carolina Reaper|Fire Fang|p1a: Chien-Pao\n|-supereffective|p1a: Chien-Pao\n|-damage|p1a: Chien-Pao|0 fnt\n|faint|p1a: Chien-Pao\n|move|p2b: Flying mower|Tailwind|p2b: Flying mower\n|-sidestart|p2: Happy1912owl|move: Tailwind\n|\n|-weather|SunnyDay|[upkeep]\n|upkeep\n|\n|t:|1700197829\n|switch|p1a: Dragonite|Dragonite, F|100\/100\n|turn|3\n|\n|t:|1700197842\n|-terastallize|p1a: Dragonite|Normal\n|move|p1a: Dragonite|Extreme Speed|p2a: Carolina Reaper\n|-enditem|p2a: Carolina Reaper|Focus Sash\n|-damage|p2a: Carolina Reaper|1\/100\n|move|p1b: Spewpa|Rage Powder|p1b: Spewpa\n|-singleturn|p1b: Spewpa|move: Rage Powder\n|move|p2a: Carolina Reaper|Lash Out|p1b: Spewpa\n|-damage|p1b: Spewpa|81\/100\n|move|p2b: Flying mower|Leech Seed|p1a: Dragonite\n|-start|p1a: Dragonite|move: Leech Seed\n|\n|-weather|SunnyDay|[upkeep]\n|-damage|p1a: Dragonite|88\/100|[from] Leech Seed|[of] p2b: Flying mower\n|upkeep\n|turn|4\n|\n|t:|1700197867\n|switch|p1b: Arcanine|Arcanine, M|100\/100\n|-ability|p1b: Arcanine|Intimidate|boost\n|-unboost|p2a: Carolina Reaper|atk|1\n|-unboost|p2b: Flying mower|atk|1\n|move|p2a: Carolina Reaper|Helping Hand|p2b: Flying mower\n|-singleturn|p2b: Flying mower|Helping Hand|[of] p2a: Carolina Reaper\n|move|p1a: Dragonite|Extreme Speed|p2a: Carolina Reaper\n|-damage|p2a: Carolina Reaper|0 fnt\n|faint|p2a: Carolina Reaper\n|move|p2b: Flying mower|Giga Drain|p1b: Arcanine\n|-resisted|p1b: Arcanine\n|-damage|p1b: Arcanine|87\/100\n|\n|-weather|SunnyDay|[upkeep]\n|-heal|p1b: Arcanine|93\/100|[from] item: Leftovers\n|-damage|p1a: Dragonite|76\/100|[from] Leech Seed|[of] p2b: Flying mower\n|upkeep\n|\n|t:|1700197885\n|switch|p2a: Zombie Happy|Scream Tail, shiny|100\/100\n|-activate|p2a: Zombie Happy|ability: Protosynthesis\n|-start|p2a: Zombie Happy|protosynthesisspd\n|turn|5\n|\n|t:|1700197897\n|switch|p1a: Goodra|Goodra-Hisui, M|100\/100\n|move|p2b: Flying mower|Leech Seed|p1b: Arcanine\n|-start|p1b: Arcanine|move: Leech Seed\n|move|p2a: Zombie Happy|Ice Punch|p1a: Goodra\n|-crit|p1a: Goodra\n|-damage|p1a: Goodra|77\/100\n|-ability|p1a: Goodra|Gooey\n|-fail|p2a: Zombie Happy|unboost|[from] item: Clear Amulet|[of] p2a: Zombie Happy\n|move|p1b: Arcanine|Flare Blitz|p2b: Flying mower\n|-supereffective|p2b: Flying mower\n|-damage|p2b: Flying mower|0 fnt\n|faint|p2b: Flying mower\n|-damage|p1b: Arcanine|64\/100|[from] Recoil\n|\n|-weather|none\n|-end|p2a: Zombie Happy|Protosynthesis\n|-heal|p1b: Arcanine|70\/100|[from] item: Leftovers\n|-sideend|p2: Happy1912owl|move: Tailwind\n|upkeep\n|\n|t:|1700197919\n|switch|p2b: Safari Guardians|Farigiraf, M, shiny|100\/100\n|turn|6\n|\n|t:|1700197935\n|switch|p1b: Spewpa|Spewpa, M|81\/100\n|move|p2a: Zombie Happy|Ice Punch|p1a: Goodra\n|-crit|p1a: Goodra\n|-damage|p1a: Goodra|62\/100\n|-status|p1a: Goodra|frz\n|-ability|p1a: Goodra|Gooey\n|-fail|p2a: Zombie Happy|unboost|[from] item: Clear Amulet|[of] p2a: Zombie Happy\n|move|p2b: Safari Guardians|Psychic|p1b: Spewpa\n|-damage|p1b: Spewpa|0 fnt\n|faint|p1b: Spewpa\n|-curestatus|p1a: Goodra|frz|[msg]\n|move|p1a: Goodra|Knock Off|p2b: Safari Guardians\n|-supereffective|p2b: Safari Guardians\n|-damage|p2b: Safari Guardians|55\/100\n|-enditem|p2b: Safari Guardians|Expert Belt|[from] move: Knock Off|[of] p1a: Goodra\n|\n|upkeep\n|\n|t:|1700197951\n|switch|p1b: Dragonite|Dragonite, F, tera:Normal|76\/100\n|turn|7\n|\n|t:|1700197972\n|move|p2a: Zombie Happy|Ice Punch|p1a: Goodra\n|-damage|p1a: Goodra|47\/100\n|-ability|p1a: Goodra|Gooey\n|-fail|p2a: Zombie Happy|unboost|[from] item: Clear Amulet|[of] p2a: Zombie Happy\n|move|p1b: Dragonite|Dragon Claw|p2b: Safari Guardians\n|-damage|p2b: Safari Guardians|0 fnt\n|faint|p2b: Safari Guardians\n|move|p1a: Goodra|Flash Cannon|p2a: Zombie Happy\n|-supereffective|p2a: Zombie Happy\n|-damage|p2a: Zombie Happy|50\/100\n|\n|upkeep\n|\n|t:|1700197987\n|switch|p2b: Belly rubs please|Azumarill, M, shiny|100\/100\n|turn|8\n|\n|t:|1700197996\n|switch|p1b: Arcanine|Arcanine, M|70\/100\n|-ability|p1b: Arcanine|Intimidate|boost\n|-fail|p2a: Zombie Happy|unboost|[from] item: Clear Amulet|[of] p2a: Zombie Happy\n|-unboost|p2b: Belly rubs please|atk|1\n|move|p2a: Zombie Happy|Ice Punch|p1b: Arcanine\n|-resisted|p1b: Arcanine\n|-damage|p1b: Arcanine|62\/100\n|move|p1a: Goodra|Flash Cannon|p2a: Zombie Happy\n|-supereffective|p2a: Zombie Happy\n|-damage|p2a: Zombie Happy|0 fnt\n|faint|p2a: Zombie Happy\n|-end|p2a: Zombie Happy|Protosynthesis|[silent]\n|move|p2b: Belly rubs please|Play Rough|p1a: Goodra\n|-damage|p1a: Goodra|15\/100\n|-ability|p1a: Goodra|Gooey\n|-unboost|p2b: Belly rubs please|spe|1\n|\n|-heal|p1b: Arcanine|68\/100|[from] item: Leftovers\n|upkeep\n|\n|t:|1700198016\n|switch|p2a: Happy\u2019s revenge|Dipplin, F, shiny|100\/100\n|-ability|p2a: Happy\u2019s revenge|Supersweet Syrup\n|-ability|p2a: Happy\u2019s revenge|Supersweet Syrup|boost\n|-unboost|p1a: Goodra|evasion|1\n|-unboost|p1b: Arcanine|evasion|1\n|turn|9\n|\n|t:|1700198030\n|switch|p1a: Tsareena|Tsareena, F|100\/100\n|move|p2b: Belly rubs please|Aqua Jet||[still]\n|cant|p1a: Tsareena|ability: Queenly Majesty|Aqua Jet|[of] p2b: Belly rubs please\n|move|p1b: Arcanine|Will-O-Wisp|p2b: Belly rubs please|[miss]\n|-miss|p1b: Arcanine|p2b: Belly rubs please\n|move|p2a: Happy\u2019s revenge|Leaf Storm|p1a: Tsareena\n|-resisted|p1a: Tsareena\n|-damage|p1a: Tsareena|82\/100\n|-unboost|p2a: Happy\u2019s revenge|spa|2\n|\n|-heal|p1b: Arcanine|75\/100|[from] item: Leftovers\n|-heal|p1a: Tsareena|88\/100|[from] item: Leftovers\n|upkeep\n|turn|10\n|\n|t:|1700198055\n|move|p1b: Arcanine|Protect|p1b: Arcanine\n|-singleturn|p1b: Arcanine|Protect\n|move|p1a: Tsareena|Knock Off|p2a: Happy\u2019s revenge\n|-crit|p2a: Happy\u2019s revenge\n|-damage|p2a: Happy\u2019s revenge|68\/100\n|-enditem|p2a: Happy\u2019s revenge|Leftovers|[from] move: Knock Off|[of] p1a: Tsareena\n|move|p2a: Happy\u2019s revenge|Leaf Storm|p1a: Tsareena\n|-resisted|p1a: Tsareena\n|-damage|p1a: Tsareena|77\/100\n|-unboost|p2a: Happy\u2019s revenge|spa|2\n|move|p2b: Belly rubs please|Knock Off|p1b: Arcanine\n|-activate|p1b: Arcanine|move: Protect\n|\n|-heal|p1b: Arcanine|81\/100|[from] item: Leftovers\n|-heal|p1a: Tsareena|83\/100|[from] item: Leftovers\n|upkeep\n|turn|11\n|\n|t:|1700198082\n|move|p1b: Arcanine|Will-O-Wisp|p2b: Belly rubs please\n|-status|p2b: Belly rubs please|brn\n|move|p1a: Tsareena|Knock Off|p2b: Belly rubs please\n|-resisted|p2b: Belly rubs please\n|-damage|p2b: Belly rubs please|87\/100 brn\n|-enditem|p2b: Belly rubs please|Black Glasses|[from] move: Knock Off|[of] p1a: Tsareena\n|move|p2a: Happy\u2019s revenge|Draco Meteor|p1a: Tsareena|[miss]\n|-miss|p2a: Happy\u2019s revenge|p1a: Tsareena\n|move|p2b: Belly rubs please|Play Rough|p1a: Tsareena\n|-damage|p1a: Tsareena|66\/100\n|\n|-heal|p1b: Arcanine|87\/100|[from] item: Leftovers\n|-heal|p1a: Tsareena|72\/100|[from] item: Leftovers\n|-damage|p2b: Belly rubs please|81\/100 brn|[from] brn\n|upkeep\n|turn|12\n|\n|t:|1700198111\n|move|p1b: Arcanine|Flare Blitz|p2a: Happy\u2019s revenge\n|-crit|p2a: Happy\u2019s revenge\n|-damage|p2a: Happy\u2019s revenge|18\/100\n|-damage|p1b: Arcanine|73\/100|[from] Recoil\n|move|p1a: Tsareena|Seed Bomb|p2b: Belly rubs please\n|-supereffective|p2b: Belly rubs please\n|-damage|p2b: Belly rubs please|13\/100 brn\n|move|p2a: Happy\u2019s revenge|Syrup Bomb|p1b: Arcanine\n|-resisted|p1b: Arcanine\n|-damage|p1b: Arcanine|70\/100\n|-start|p1b: Arcanine|Syrup Bomb\n|move|p2b: Belly rubs please|Play Rough|p1b: Arcanine\n|-resisted|p1b: Arcanine\n|-damage|p1b: Arcanine|60\/100\n|\n|-heal|p1b: Arcanine|67\/100|[from] item: Leftovers\n|-heal|p1a: Tsareena|78\/100|[from] item: Leftovers\n|-damage|p2b: Belly rubs please|7\/100 brn|[from] brn\n|-unboost|p1b: Arcanine|spe|1\n|upkeep\n|turn|13\n|\n|t:|1700198142\n|move|p1a: Tsareena|Protect|p1a: Tsareena\n|-singleturn|p1a: Tsareena|Protect\n|move|p1b: Arcanine|Extreme Speed|p2a: Happy\u2019s revenge\n|-damage|p2a: Happy\u2019s revenge|2\/100\n|move|p2a: Happy\u2019s revenge|Leaf Storm|p1a: Tsareena\n|-activate|p1a: Tsareena|move: Protect\n|move|p2b: Belly rubs please|Play Rough|p1b: Arcanine\n|-resisted|p1b: Arcanine\n|-damage|p1b: Arcanine|56\/100\n|-unboost|p1b: Arcanine|atk|1\n|\n|-heal|p1a: Tsareena|84\/100|[from] item: Leftovers\n|-heal|p1b: Arcanine|62\/100|[from] item: Leftovers\n|-damage|p2b: Belly rubs please|1\/100 brn|[from] brn\n|-unboost|p1b: Arcanine|spe|1\n|upkeep\n|turn|14\n|\n|t:|1700198167\n|move|p1b: Arcanine|Protect|p1b: Arcanine\n|-singleturn|p1b: Arcanine|Protect\n|move|p1a: Tsareena|Seed Bomb|p2a: Happy\u2019s revenge\n|-resisted|p2a: Happy\u2019s revenge\n|-damage|p2a: Happy\u2019s revenge|0 fnt\n|faint|p2a: Happy\u2019s revenge\n|move|p2b: Belly rubs please|Knock Off|p1a: Tsareena\n|-damage|p1a: Tsareena|70\/100\n|-enditem|p1a: Tsareena|Leftovers|[from] move: Knock Off|[of] p2b: Belly rubs please\n|\n|-heal|p1b: Arcanine|69\/100|[from] item: Leftovers\n|-damage|p2b: Belly rubs please|0 fnt|[from] brn\n|faint|p2b: Belly rubs please\n|\n|win|pawmmy\n|upkeep\n","uploadtime":1700198183,"views":7,"p1id":"pawmmy","p2id":"happy1912owl","formatid":"gen9doublesou","rating":0,"private":0,"password":""}