{"id":"gen9doublesou-1995630502","p1":"Blooga","p2":"Alexander545","format":"[Gen 9] Doubles OU","log":"|j|\u2606Blooga\n|j|\u2606Alexander545\n|t:|1700589044\n|gametype|doubles\n|player|p1|Blooga|shadowtriad|1292\n|player|p2|Alexander545|pokemonranger-gen4|1268\n|teamsize|p1|6\n|teamsize|p2|6\n|gen|9\n|tier|[Gen 9] Doubles OU\n|rated|\n|rule|Species Clause: Limit one of each Pok\u00e9mon\n|rule|OHKO Clause: OHKO moves are banned\n|rule|Evasion Moves Clause: Evasion moves are banned\n|rule|Gravity Sleep Clause: The combination of sleep-inducing moves with imperfect accuracy and Gravity or Gigantamax Orbeetle are banned\n|rule|Endless Battle Clause: Forcing endless battles is banned\n|rule|HP Percentage Mod: HP is shown in percentages\n|clearpoke\n|poke|p1|Shiftry, M|\n|poke|p1|Tornadus, M|\n|poke|p1|Ogerpon-Wellspring, F|\n|poke|p1|Farigiraf, F|\n|poke|p1|Chien-Pao|\n|poke|p1|Clefairy, M|\n|poke|p2|Sinistcha|\n|poke|p2|Armarouge, M|\n|poke|p2|Ogerpon-Wellspring, F|\n|poke|p2|Corviknight, M|\n|poke|p2|Hippowdon, F|\n|poke|p2|Maushold-Four|\n|teampreview\n|inactive|Battle timer is ON: inactive players will automatically lose when time's up. (requested by Blooga)\n|inactive|Alexander545 also wants the timer to be on.\n|\n|t:|1700589064\n|start\n|switch|p1a: Chien-Pao|Chien-Pao|100\/100\n|switch|p1b: Farigiraf|Farigiraf, F|100\/100\n|switch|p2a: Armarouge|Armarouge, M|100\/100\n|switch|p2b: Sinistcha|Sinistcha|100\/100\n|-ability|p1a: Chien-Pao|Sword of Ruin\n|turn|1\n|\n|t:|1700589075\n|move|p2a: Armarouge|Protect|p2a: Armarouge\n|-singleturn|p2a: Armarouge|Protect\n|move|p1a: Chien-Pao|Ice Spinner|p2b: Sinistcha\n|-supereffective|p2b: Sinistcha\n|-damage|p2b: Sinistcha|0 fnt\n|faint|p2b: Sinistcha\n|move|p1b: Farigiraf|Nasty Plot|p1b: Farigiraf\n|-boost|p1b: Farigiraf|spa|2\n|\n|upkeep\n|\n|t:|1700589085\n|switch|p2b: Hippowdon|Hippowdon, F|100\/100\n|turn|2\n|\n|t:|1700589094\n|switch|p2a: Corviknight|Corviknight, M|100\/100\n|move|p1a: Chien-Pao|Throat Chop|p2a: Corviknight\n|-damage|p2a: Corviknight|50\/100\n|-start|p2a: Corviknight|Throat Chop|[silent]\n|-damage|p1a: Chien-Pao|84\/100|[from] item: Rocky Helmet|[of] p2a: Corviknight\n|move|p1b: Farigiraf|Nasty Plot|p1b: Farigiraf\n|-boost|p1b: Farigiraf|spa|2\n|move|p2b: Hippowdon|Body Press|p1a: Chien-Pao\n|-supereffective|p1a: Chien-Pao\n|-damage|p1a: Chien-Pao|0 fnt\n|faint|p1a: Chien-Pao\n|\n|upkeep\n|\n|t:|1700589100\n|switch|p1a: Ogerpon|Ogerpon-Wellspring, F|100\/100\n|turn|3\n|\n|t:|1700589112\n|move|p1a: Ogerpon|Ivy Cudgel|p2b: Hippowdon|[anim] Ivy Cudgel Water\n|-supereffective|p2b: Hippowdon\n|-damage|p2b: Hippowdon|42\/100\n|move|p2a: Corviknight|Tailwind|p2a: Corviknight\n|-sidestart|p2: Alexander545|move: Tailwind\n|move|p2b: Hippowdon|Yawn|p1b: Farigiraf\n|-start|p1b: Farigiraf|move: Yawn|[of] p2b: Hippowdon\n|move|p1b: Farigiraf|Stored Power|p2a: Corviknight\n|-resisted|p2a: Corviknight\n|-damage|p2a: Corviknight|0 fnt\n|faint|p2a: Corviknight\n|\n|upkeep\n|\n|t:|1700589127\n|switch|p2a: Ogerpon|Ogerpon-Wellspring, F|100\/100\n|turn|4\n|\n|t:|1700589147\n|move|p2a: Ogerpon|Ivy Cudgel|p1a: Ogerpon|[anim] Ivy Cudgel Water\n|-immune|p1a: Ogerpon|[from] ability: Water Absorb\n|move|p2b: Hippowdon|Slack Off|p2b: Hippowdon\n|-heal|p2b: Hippowdon|92\/100\n|move|p1a: Ogerpon|Horn Leech|p2b: Hippowdon\n|-supereffective|p2b: Hippowdon\n|-damage|p2b: Hippowdon|49\/100\n|move|p1b: Farigiraf|Baton Pass|p1b: Farigiraf\n|\n|t:|1700589160\n|switch|p1b: Tornadus|Tornadus, M|100\/100|[from] Baton Pass\n|\n|upkeep\n|turn|5\n|-message|Alexander545 forfeited.\n|\n|win|Blooga\n|raw|Blooga's rating: 1292 &rarr; <strong>1315<\/strong><br \/>(+23 for winning)\n|raw|Alexander545's rating: 1268 &rarr; <strong>1245<\/strong><br \/>(-23 for losing)\n|l|\u2606Alexander545\n","uploadtime":1700589167,"views":0,"p1id":"blooga","p2id":"alexander545","formatid":"gen9doublesou","rating":1245,"private":0,"password":""}