{"id":"gen9doublesou-1995473697","p1":"Mibombilla","p2":"carmen_pkm","format":"[Gen 9] Doubles OU","log":"|j|\u2606Mibombilla\n|j|\u2606carmen_pkm\n|t:|1700574767\n|gametype|doubles\n|player|p1|Mibombilla|benga|\n|player|p2|carmen_pkm|n|\n|teamsize|p1|6\n|teamsize|p2|6\n|gen|9\n|tier|[Gen 9] Doubles OU\n|rule|Species Clause: Limit one of each Pok\u00e9mon\n|rule|OHKO Clause: OHKO moves are banned\n|rule|Evasion Moves Clause: Evasion moves are banned\n|rule|Gravity Sleep Clause: The combination of sleep-inducing moves with imperfect accuracy and Gravity or Gigantamax Orbeetle are banned\n|rule|Endless Battle Clause: Forcing endless battles is banned\n|rule|HP Percentage Mod: HP is shown in percentages\n|clearpoke\n|poke|p1|Vaporeon, M|\n|poke|p1|Umbreon, F|\n|poke|p1|Espeon, M|\n|poke|p1|Leafeon, F|\n|poke|p1|Glaceon, F|\n|poke|p1|Sylveon, F|\n|poke|p2|Clawitzer, F|\n|poke|p2|Torkoal, M|\n|poke|p2|Leafeon, M|\n|poke|p2|Grafaiai, M|\n|poke|p2|Bronzong|\n|poke|p2|Krookodile, F|\n|teampreview\n|\n|t:|1700574809\n|start\n|switch|p1a: Veganeon|Leafeon, F|100\/100\n|switch|p1b: Kafka|Espeon, M|100\/100\n|switch|p2a: Torkoal|Torkoal, M|100\/100\n|switch|p2b: Grafaiai|Grafaiai, M|100\/100\n|-weather|SunnyDay|[from] ability: Drought|[of] p2a: Torkoal\n|turn|1\n|\n|t:|1700574832\n|move|p2b: Grafaiai|Toxic|p1b: Kafka\n|move|p1b: Kafka|Toxic|p2b: Grafaiai|[from]ability: Magic Bounce\n|-immune|p2b: Grafaiai\n|move|p1a: Veganeon|Swords Dance|p1a: Veganeon\n|-boost|p1a: Veganeon|atk|2\n|move|p1b: Kafka|Reflect|p1b: Kafka\n|-sidestart|p1: Mibombilla|Reflect\n|move|p2a: Torkoal|Eruption|p1b: Kafka|[spread] p1a,p1b\n|-supereffective|p1a: Veganeon\n|-enditem|p1a: Veganeon|Focus Sash\n|-damage|p1a: Veganeon|1\/100\n|-damage|p1b: Kafka|21\/100\n|\n|-weather|SunnyDay|[upkeep]\n|upkeep\n|turn|2\n|\n|t:|1700574849\n|move|p1a: Veganeon|Quick Attack|p2a: Torkoal\n|-damage|p2a: Torkoal|85\/100\n|move|p1b: Kafka|Light Screen|p1b: Kafka\n|-sidestart|p1: Mibombilla|move: Light Screen\n|move|p2b: Grafaiai|Super Fang|p1a: Veganeon\n|-damage|p1a: Veganeon|0 fnt\n|faint|p1a: Veganeon\n|move|p2a: Torkoal|Earth Power|p1b: Kafka\n|-damage|p1b: Kafka|4\/100\n|\n|-weather|SunnyDay|[upkeep]\n|upkeep\n|\n|t:|1700574859\n|switch|p1a: En t\u00e9rminos de...|Vaporeon, M|100\/100\n|turn|3\n|\n|t:|1700574869\n|move|p2b: Grafaiai|Super Fang|p1b: Kafka\n|-damage|p1b: Kafka|2\/100\n|move|p1b: Kafka|Calm Mind|p1b: Kafka\n|-boost|p1b: Kafka|spa|1\n|-boost|p1b: Kafka|spd|1\n|move|p1a: En t\u00e9rminos de...|Rain Dance|p1a: En t\u00e9rminos de...\n|-weather|RainDance\n|move|p2a: Torkoal|Earth Power|p1a: En t\u00e9rminos de...\n|-damage|p1a: En t\u00e9rminos de...|93\/100\n|\n|-weather|RainDance|[upkeep]\n|-heal|p1a: En t\u00e9rminos de...|99\/100|[from] item: Leftovers\n|upkeep\n|turn|4\n|\n|t:|1700574884\n|move|p2b: Grafaiai|Toxic|p1a: En t\u00e9rminos de...\n|-status|p1a: En t\u00e9rminos de...|tox\n|move|p1b: Kafka|Calm Mind|p1b: Kafka\n|-boost|p1b: Kafka|spa|1\n|-boost|p1b: Kafka|spd|1\n|move|p1a: En t\u00e9rminos de...|Aqua Ring|p1a: En t\u00e9rminos de...\n|-start|p1a: En t\u00e9rminos de...|Aqua Ring\n|move|p2a: Torkoal|Eruption|p1b: Kafka|[spread] p1a,p1b\n|-resisted|p1a: En t\u00e9rminos de...\n|-damage|p1a: En t\u00e9rminos de...|97\/100 tox\n|-damage|p1b: Kafka|0 fnt\n|faint|p1b: Kafka\n|\n|-weather|RainDance|[upkeep]\n|-activate|p1a: En t\u00e9rminos de...|ability: Hydration\n|-curestatus|p1a: En t\u00e9rminos de...|tox|[msg]\n|-heal|p1a: En t\u00e9rminos de...|100\/100|[from] item: Leftovers\n|upkeep\n|\n|t:|1700574899\n|switch|p1b: Hela|Glaceon, F|100\/100\n|turn|5\n|\n|t:|1700574911\n|move|p2b: Grafaiai|Parting Shot|p1a: En t\u00e9rminos de...\n|-unboost|p1a: En t\u00e9rminos de...|atk|1\n|-unboost|p1a: En t\u00e9rminos de...|spa|1\n|\n|t:|1700574915\n|switch|p2b: Clawitzer|Clawitzer, F|100\/100|[from] Parting Shot\n|move|p1b: Hela|Calm Mind|p1b: Hela\n|-boost|p1b: Hela|spa|1\n|-boost|p1b: Hela|spd|1\n|move|p1a: En t\u00e9rminos de...|Scald|p2a: Torkoal\n|-supereffective|p2a: Torkoal\n|-damage|p2a: Torkoal|1\/100\n|move|p2a: Torkoal|Eruption|p1a: En t\u00e9rminos de...|[spread] p1a,p1b\n|-resisted|p1a: En t\u00e9rminos de...\n|-supereffective|p1b: Hela\n|-damage|p1a: En t\u00e9rminos de...|99\/100\n|-damage|p1b: Hela|99\/100\n|\n|-weather|RainDance|[upkeep]\n|-heal|p1a: En t\u00e9rminos de...|100\/100|[from] item: Leftovers\n|upkeep\n|turn|6\n|\n|t:|1700574942\n|move|p2a: Torkoal|Protect|p2a: Torkoal\n|-singleturn|p2a: Torkoal|Protect\n|move|p2b: Clawitzer|Hydro Pump|p1b: Hela\n|-crit|p1b: Hela\n|-damage|p1b: Hela|0 fnt\n|faint|p1b: Hela\n|move|p1a: En t\u00e9rminos de...|Acid Armor|p1a: En t\u00e9rminos de...\n|-boost|p1a: En t\u00e9rminos de...|def|2\n|\n|-weather|RainDance|[upkeep]\n|upkeep\n|\n|t:|1700574950\n|switch|p1b: My Black Bro|Umbreon, F|100\/100\n|turn|7\n|\n|t:|1700574961\n|move|p2b: Clawitzer|Hydro Pump|p1b: My Black Bro\n|-damage|p1b: My Black Bro|65\/100\n|move|p1b: My Black Bro|Calm Mind|p1b: My Black Bro\n|-boost|p1b: My Black Bro|spa|1\n|-boost|p1b: My Black Bro|spd|1\n|move|p1a: En t\u00e9rminos de...|Acid Armor|p1a: En t\u00e9rminos de...\n|-boost|p1a: En t\u00e9rminos de...|def|2\n|move|p2a: Torkoal|Earth Power|p1b: My Black Bro\n|-damage|p1b: My Black Bro|59\/100\n|\n|-weather|none\n|upkeep\n|turn|8\n|\n|t:|1700574980\n|move|p2b: Clawitzer|Dark Pulse|p1a: En t\u00e9rminos de...\n|-damage|p1a: En t\u00e9rminos de...|85\/100\n|move|p1b: My Black Bro|Wish|p1b: My Black Bro\n|move|p1a: En t\u00e9rminos de...|Rain Dance|p1a: En t\u00e9rminos de...\n|-weather|RainDance\n|move|p2a: Torkoal|Eruption|p1a: En t\u00e9rminos de...|[spread] p1a,p1b\n|-resisted|p1a: En t\u00e9rminos de...\n|-damage|p1a: En t\u00e9rminos de...|85\/100\n|-damage|p1b: My Black Bro|59\/100\n|\n|-weather|RainDance|[upkeep]\n|-heal|p1a: En t\u00e9rminos de...|91\/100|[from] item: Leftovers\n|-heal|p1a: En t\u00e9rminos de...|97\/100|[from] Aqua Ring\n|-sideend|p1: Mibombilla|Reflect\n|upkeep\n|turn|9\n|\n|t:|1700574997\n|move|p2b: Clawitzer|Hydro Pump|p1b: My Black Bro\n|-damage|p1b: My Black Bro|32\/100\n|-enditem|p1b: My Black Bro|Sitrus Berry|[eat]\n|-heal|p1b: My Black Bro|57\/100|[from] item: Sitrus Berry\n|move|p1b: My Black Bro|Calm Mind|p1b: My Black Bro\n|-boost|p1b: My Black Bro|spa|1\n|-boost|p1b: My Black Bro|spd|1\n|move|p1a: En t\u00e9rminos de...|Acid Armor|p1a: En t\u00e9rminos de...\n|-boost|p1a: En t\u00e9rminos de...|def|2\n|move|p2a: Torkoal|Earth Power|p1b: My Black Bro\n|-damage|p1b: My Black Bro|54\/100\n|\n|-weather|RainDance|[upkeep]\n|-heal|p1b: My Black Bro|100\/100|[from] move: Wish|[wisher] My Black Bro\n|-heal|p1a: En t\u00e9rminos de...|100\/100|[from] item: Leftovers\n|-sideend|p1: Mibombilla|move: Light Screen\n|upkeep\n|turn|10\n|\n|t:|1700575020\n|move|p2b: Clawitzer|Hydro Pump|p1b: My Black Bro\n|-damage|p1b: My Black Bro|73\/100\n|move|p1b: My Black Bro|Calm Mind|p1b: My Black Bro\n|-boost|p1b: My Black Bro|spa|1\n|-boost|p1b: My Black Bro|spd|1\n|move|p1a: En t\u00e9rminos de...|Scald|p2b: Clawitzer\n|-resisted|p2b: Clawitzer\n|-damage|p2b: Clawitzer|83\/100\n|move|p2a: Torkoal|Earth Power|p1a: En t\u00e9rminos de...\n|-damage|p1a: En t\u00e9rminos de...|90\/100\n|\n|-weather|RainDance|[upkeep]\n|-heal|p1a: En t\u00e9rminos de...|96\/100|[from] item: Leftovers\n|-heal|p1a: En t\u00e9rminos de...|100\/100|[from] Aqua Ring\n|upkeep\n|turn|11\n|\n|t:|1700575045\n|switch|p2a: Leafeon|Leafeon, M|100\/100\n|move|p2b: Clawitzer|Hydro Pump|p1b: My Black Bro\n|-damage|p1b: My Black Bro|49\/100\n|move|p1a: En t\u00e9rminos de...|Scald|p2a: Leafeon\n|-resisted|p2a: Leafeon\n|-damage|p2a: Leafeon|76\/100\n|move|p1b: My Black Bro|Wish|p1b: My Black Bro\n|\n|-weather|RainDance|[upkeep]\n|upkeep\n|turn|12\n|\n|t:|1700575066\n|move|p2b: Clawitzer|Aqua Jet|p1b: My Black Bro\n|-damage|p1b: My Black Bro|42\/100\n|move|p2a: Leafeon|Leaf Blade|p1a: En t\u00e9rminos de...\n|-supereffective|p1a: En t\u00e9rminos de...\n|-damage|p1a: En t\u00e9rminos de...|70\/100\n|-damage|p2a: Leafeon|66\/100|[from] item: Life Orb\n|move|p1a: En t\u00e9rminos de...|Scald|p2b: Clawitzer\n|-resisted|p2b: Clawitzer\n|-damage|p2b: Clawitzer|66\/100\n|move|p1b: My Black Bro|Calm Mind|p1b: My Black Bro\n|-boost|p1b: My Black Bro|spa|1\n|-boost|p1b: My Black Bro|spd|1\n|\n|-weather|none\n|-heal|p1b: My Black Bro|92\/100|[from] move: Wish|[wisher] My Black Bro\n|-heal|p1a: En t\u00e9rminos de...|76\/100|[from] item: Leftovers\n|-heal|p1a: En t\u00e9rminos de...|82\/100|[from] Aqua Ring\n|upkeep\n|turn|13\n|\n|t:|1700575137\n|move|p2a: Leafeon|Swords Dance|p2a: Leafeon\n|-boost|p2a: Leafeon|atk|2\n|move|p2b: Clawitzer|Dark Pulse|p1a: En t\u00e9rminos de...\n|-damage|p1a: En t\u00e9rminos de...|59\/100\n|cant|p1a: En t\u00e9rminos de...|flinch\n|move|p1b: My Black Bro|Dark Pulse|p2b: Clawitzer\n|-damage|p2b: Clawitzer|0 fnt\n|faint|p2b: Clawitzer\n|\n|-heal|p1a: En t\u00e9rminos de...|66\/100|[from] item: Leftovers\n|-heal|p1a: En t\u00e9rminos de...|72\/100|[from] Aqua Ring\n|upkeep\n|\n|t:|1700575149\n|switch|p2b: Grafaiai|Grafaiai, M|100\/100\n|turn|14\n|\n|t:|1700575159\n|move|p2b: Grafaiai|Toxic|p1a: En t\u00e9rminos de...\n|-status|p1a: En t\u00e9rminos de...|tox\n|move|p2a: Leafeon|Swords Dance|p2a: Leafeon\n|-boost|p2a: Leafeon|atk|2\n|move|p1a: En t\u00e9rminos de...|Rain Dance|p1a: En t\u00e9rminos de...\n|-weather|RainDance\n|move|p1b: My Black Bro|Calm Mind|p1b: My Black Bro\n|-boost|p1b: My Black Bro|spa|1\n|-boost|p1b: My Black Bro|spd|1\n|\n|-weather|RainDance|[upkeep]\n|-activate|p1a: En t\u00e9rminos de...|ability: Hydration\n|-curestatus|p1a: En t\u00e9rminos de...|tox|[msg]\n|-heal|p1a: En t\u00e9rminos de...|78\/100|[from] item: Leftovers\n|-heal|p1a: En t\u00e9rminos de...|84\/100|[from] Aqua Ring\n|upkeep\n|turn|15\n|\n|t:|1700575180\n|move|p2b: Grafaiai|Super Fang|p1b: My Black Bro\n|-damage|p1b: My Black Bro|46\/100\n|move|p2a: Leafeon|Leaf Blade|p1a: En t\u00e9rminos de...\n|-supereffective|p1a: En t\u00e9rminos de...\n|-damage|p1a: En t\u00e9rminos de...|0 fnt\n|faint|p1a: En t\u00e9rminos de...\n|-damage|p2a: Leafeon|56\/100|[from] item: Life Orb\n|move|p1b: My Black Bro|Dark Pulse|p2a: Leafeon\n|-damage|p2a: Leafeon|0 fnt\n|faint|p2a: Leafeon\n|\n|-weather|RainDance|[upkeep]\n|upkeep\n|\n|t:|1700575191\n|switch|p2a: Bronzong|Bronzong|100\/100\n|switch|p1a: La Oshi no Ko|Sylveon, F|100\/100\n|turn|16\n|\n|t:|1700575201\n|move|p2b: Grafaiai|Super Fang|p1b: My Black Bro\n|-damage|p1b: My Black Bro|23\/100\n|move|p1b: My Black Bro|Wish|p1b: My Black Bro\n|move|p1a: La Oshi no Ko|Calm Mind|p1a: La Oshi no Ko\n|-boost|p1a: La Oshi no Ko|spa|1\n|-boost|p1a: La Oshi no Ko|spd|1\n|move|p2a: Bronzong|Rock Slide|p1a: La Oshi no Ko|[spread] p1a,p1b\n|-damage|p1a: La Oshi no Ko|87\/100\n|-damage|p1b: My Black Bro|17\/100\n|\n|-weather|RainDance|[upkeep]\n|upkeep\n|turn|17\n|\n|t:|1700575215\n|move|p2b: Grafaiai|Super Fang|p1b: My Black Bro\n|-damage|p1b: My Black Bro|9\/100\n|move|p1b: My Black Bro|Calm Mind|p1b: My Black Bro\n|-boost|p1b: My Black Bro|spa|1\n|-boost|p1b: My Black Bro|spd|1\n|move|p1a: La Oshi no Ko|Calm Mind|p1a: La Oshi no Ko\n|-boost|p1a: La Oshi no Ko|spa|1\n|-boost|p1a: La Oshi no Ko|spd|1\n|move|p2a: Bronzong|Light Screen|p2a: Bronzong\n|-sidestart|p2: carmen_pkm|move: Light Screen\n|\n|-weather|RainDance|[upkeep]\n|-heal|p1b: My Black Bro|59\/100|[from] move: Wish|[wisher] My Black Bro\n|upkeep\n|turn|18\n|\n|t:|1700575231\n|move|p2b: Grafaiai|Super Fang|p1b: My Black Bro\n|-damage|p1b: My Black Bro|30\/100\n|move|p1b: My Black Bro|Toxic|p2a: Bronzong\n|-immune|p2a: Bronzong\n|move|p1a: La Oshi no Ko|Hyper Voice|p2a: Bronzong|[spread] p2a,p2b\n|-resisted|p2a: Bronzong\n|-resisted|p2b: Grafaiai\n|-damage|p2a: Bronzong|83\/100\n|-damage|p2b: Grafaiai|54\/100\n|-enditem|p1a: La Oshi no Ko|Throat Spray\n|-boost|p1a: La Oshi no Ko|spa|1|[from] item: Throat Spray\n|move|p2a: Bronzong|Weather Ball|p1a: La Oshi no Ko\n|-damage|p1a: La Oshi no Ko|76\/100\n|\n|-weather|none\n|-heal|p2a: Bronzong|89\/100|[from] item: Leftovers\n|upkeep\n|turn|19\n|\n|t:|1700575249\n|move|p2b: Grafaiai|Super Fang|p1b: My Black Bro\n|-damage|p1b: My Black Bro|15\/100\n|move|p1b: My Black Bro|Wish|p1b: My Black Bro\n|move|p1a: La Oshi no Ko|Calm Mind|p1a: La Oshi no Ko\n|-boost|p1a: La Oshi no Ko|spa|1\n|-boost|p1a: La Oshi no Ko|spd|1\n|move|p2a: Bronzong|Rock Slide|p1a: La Oshi no Ko|[spread] p1b\n|-miss|p2a: Bronzong|p1a: La Oshi no Ko\n|-damage|p1b: My Black Bro|9\/100\n|\n|-heal|p2a: Bronzong|95\/100|[from] item: Leftovers\n|upkeep\n|turn|20\n|\n|t:|1700575266\n|move|p2b: Grafaiai|Super Fang|p1b: My Black Bro|[miss]\n|-miss|p2b: Grafaiai|p1b: My Black Bro\n|move|p1b: My Black Bro|Dark Pulse|p2a: Bronzong\n|-supereffective|p2a: Bronzong\n|-damage|p2a: Bronzong|32\/100\n|move|p1a: La Oshi no Ko|Hyper Voice|p2b: Grafaiai|[spread] p2a,p2b\n|-resisted|p2a: Bronzong\n|-resisted|p2b: Grafaiai\n|-damage|p2a: Bronzong|3\/100\n|-damage|p2b: Grafaiai|0 fnt\n|faint|p2b: Grafaiai\n|move|p2a: Bronzong|Rock Slide|p1b: My Black Bro|[spread] p1a,p1b\n|-damage|p1a: La Oshi no Ko|63\/100\n|-damage|p1b: My Black Bro|1\/100\n|\n|-heal|p1b: My Black Bro|51\/100|[from] move: Wish|[wisher] My Black Bro\n|-heal|p2a: Bronzong|9\/100|[from] item: Leftovers\n|upkeep\n|\n|t:|1700575270\n|switch|p2b: Krookodile|Krookodile, F|100\/100\n|-ability|p2b: Krookodile|Intimidate|boost\n|-unboost|p1a: La Oshi no Ko|atk|1\n|-unboost|p1b: My Black Bro|atk|1\n|turn|21\n|\n|t:|1700575287\n|move|p2a: Bronzong|Protect|p2a: Bronzong\n|-singleturn|p2a: Bronzong|Protect\n|move|p2b: Krookodile|Stomping Tantrum|p1a: La Oshi no Ko\n|-damage|p1a: La Oshi no Ko|16\/100\n|move|p1b: My Black Bro|Wish|p1b: My Black Bro\n|move|p1a: La Oshi no Ko|Calm Mind|p1a: La Oshi no Ko\n|-boost|p1a: La Oshi no Ko|spa|1\n|-boost|p1a: La Oshi no Ko|spd|1\n|\n|-heal|p2a: Bronzong|15\/100|[from] item: Leftovers\n|-sideend|p2: carmen_pkm|move: Light Screen\n|upkeep\n|turn|22\n|\n|t:|1700575317\n|move|p2b: Krookodile|Stomping Tantrum|p1a: La Oshi no Ko\n|-damage|p1a: La Oshi no Ko|0 fnt\n|faint|p1a: La Oshi no Ko\n|move|p1b: My Black Bro|Dark Pulse|p2b: Krookodile\n|-resisted|p2b: Krookodile\n|-damage|p2b: Krookodile|69\/100\n|move|p2a: Bronzong|Light Screen|p2a: Bronzong\n|-sidestart|p2: carmen_pkm|move: Light Screen\n|\n|-heal|p1b: My Black Bro|100\/100|[from] move: Wish|[wisher] My Black Bro\n|-heal|p2a: Bronzong|21\/100|[from] item: Leftovers\n|upkeep\n|turn|23\n|\n|t:|1700575331\n|-terastallize|p2b: Krookodile|Rock\n|move|p2b: Krookodile|Rock Slide|p1b: My Black Bro\n|-damage|p1b: My Black Bro|80\/100\n|move|p1b: My Black Bro|Toxic|p2b: Krookodile\n|-status|p2b: Krookodile|tox\n|move|p2a: Bronzong|Rock Slide|p1b: My Black Bro\n|-damage|p1b: My Black Bro|71\/100\n|\n|-heal|p2a: Bronzong|27\/100|[from] item: Leftovers\n|-damage|p2b: Krookodile|63\/100 tox|[from] psn\n|upkeep\n|turn|24\n|\n|t:|1700575348\n|move|p2b: Krookodile|Fire Fang|p1b: My Black Bro\n|-damage|p1b: My Black Bro|59\/100\n|move|p1b: My Black Bro|Dark Pulse|p2b: Krookodile\n|-damage|p2b: Krookodile|18\/100 tox\n|move|p2a: Bronzong|Rock Slide|p1b: My Black Bro\n|-damage|p1b: My Black Bro|49\/100\n|\n|-heal|p2a: Bronzong|34\/100|[from] item: Leftovers\n|-damage|p2b: Krookodile|6\/100 tox|[from] psn\n|upkeep\n|turn|25\n|\n|t:|1700575363\n|move|p2b: Krookodile|Crunch|p1b: My Black Bro\n|-resisted|p1b: My Black Bro\n|-damage|p1b: My Black Bro|37\/100\n|move|p1b: My Black Bro|Wish|p1b: My Black Bro\n|move|p2a: Bronzong|Rock Slide|p1b: My Black Bro\n|-damage|p1b: My Black Bro|27\/100\n|\n|-heal|p2a: Bronzong|40\/100|[from] item: Leftovers\n|-damage|p2b: Krookodile|0 fnt|[from] psn\n|faint|p2b: Krookodile\n|upkeep\n|\n|t:|1700575368\n|switch|p2b: Torkoal|Torkoal, M|1\/100\n|-weather|SunnyDay|[from] ability: Drought|[of] p2b: Torkoal\n|turn|26\n|\n|t:|1700575381\n|move|p1b: My Black Bro|Dark Pulse|p2b: Torkoal\n|-damage|p2b: Torkoal|0 fnt\n|faint|p2b: Torkoal\n|move|p2a: Bronzong|Weather Ball|p1b: My Black Bro\n|-damage|p1b: My Black Bro|22\/100\n|\n|-weather|SunnyDay|[upkeep]\n|-heal|p1b: My Black Bro|72\/100|[from] move: Wish|[wisher] My Black Bro\n|-heal|p2a: Bronzong|46\/100|[from] item: Leftovers\n|-sideend|p2: carmen_pkm|move: Light Screen\n|upkeep\n|turn|27\n|\n|t:|1700575398\n|move|p1b: My Black Bro|Toxic|p2a: Bronzong|[miss]\n|-miss|p1b: My Black Bro|p2a: Bronzong\n|move|p2a: Bronzong|Rock Slide|p1b: My Black Bro\n|-damage|p1b: My Black Bro|63\/100\n|\n|-weather|SunnyDay|[upkeep]\n|-heal|p2a: Bronzong|52\/100|[from] item: Leftovers\n|upkeep\n|turn|28\n|\n|t:|1700575408\n|move|p1b: My Black Bro|Wish|p1b: My Black Bro\n|move|p2a: Bronzong|Weather Ball|p1b: My Black Bro\n|-damage|p1b: My Black Bro|58\/100\n|\n|-weather|SunnyDay|[upkeep]\n|-heal|p2a: Bronzong|58\/100|[from] item: Leftovers\n|upkeep\n|turn|29\n|\n|t:|1700575415\n|move|p1b: My Black Bro|Toxic|p2a: Bronzong\n|-immune|p2a: Bronzong\n|move|p2a: Bronzong|Light Screen|p2a: Bronzong\n|-sidestart|p2: carmen_pkm|move: Light Screen\n|\n|-weather|SunnyDay|[upkeep]\n|-heal|p1b: My Black Bro|100\/100|[from] move: Wish|[wisher] My Black Bro\n|-heal|p2a: Bronzong|65\/100|[from] item: Leftovers\n|upkeep\n|turn|30\n|\n|t:|1700575422\n|move|p1b: My Black Bro|Dark Pulse|p2a: Bronzong\n|-supereffective|p2a: Bronzong\n|-damage|p2a: Bronzong|0 fnt\n|faint|p2a: Bronzong\n|\n|win|Mibombilla\n","uploadtime":1700575431,"views":9,"p1id":"mibombilla","p2id":"carmenpkm","formatid":"gen9doublesou","rating":0,"private":0,"password":""}