{"id":"gen9doublesou-1988880398","p1":"UY QUE RICO PAPI","p2":"ScholasticDragn","format":"[Gen 9] Doubles OU","log":"|j|\u2606UY QUE RICO PAPI\n|j|\u2606ScholasticDragn\n|t:|1699779955\n|gametype|doubles\n|player|p1|UY QUE RICO PAPI|101|1373\n|player|p2|ScholasticDragn|iris-gen5bw2|1204\n|teamsize|p1|6\n|teamsize|p2|6\n|gen|9\n|tier|[Gen 9] Doubles OU\n|rated|\n|rule|Species Clause: Limit one of each Pok\u00e9mon\n|rule|OHKO Clause: OHKO moves are banned\n|rule|Evasion Moves Clause: Evasion moves are banned\n|rule|Gravity Sleep Clause: The combination of sleep-inducing moves with imperfect accuracy and Gravity or Gigantamax Orbeetle are banned\n|rule|Endless Battle Clause: Forcing endless battles is banned\n|rule|HP Percentage Mod: HP is shown in percentages\n|clearpoke\n|poke|p1|Sinistcha|\n|poke|p1|Sableye, F|\n|poke|p1|Garganacl, M|\n|poke|p1|Ting-Lu|\n|poke|p1|Cresselia, F|\n|poke|p1|Scream Tail|\n|poke|p2|Landorus-Therian, M|\n|poke|p2|Torkoal, M|\n|poke|p2|Armarouge, M|\n|poke|p2|Gastrodon, F|\n|poke|p2|Walking Wake|\n|poke|p2|Garganacl, M|\n|teampreview\n|inactive|Battle timer is ON: inactive players will automatically lose when time's up. (requested by ScholasticDragn)\n|inactive|UY QUE RICO PAPI has 120 seconds left.\n|\n|t:|1699780000\n|start\n|switch|p1a: Sableye|Sableye, F|100\/100\n|switch|p1b: Scream Tail|Scream Tail|100\/100\n|switch|p2a: Pacifism \/ Gummi|Gastrodon, F|100\/100\n|switch|p2b: Truth|Walking Wake|100\/100\n|turn|1\n|\n|t:|1699780020\n|move|p1a: Sableye|Skill Swap|p2a: Pacifism \/ Gummi\n|-activate|p1a: Sableye|move: Skill Swap|Storm Drain|Prankster|[of] p2a: Pacifism \/ Gummi\n|move|p2b: Truth|Surf|p1b: Scream Tail|[spread] p2a,p1b\n|-ability|p1a: Sableye|Storm Drain|boost\n|-boost|p1a: Sableye|spa|1\n|-damage|p2a: Pacifism \/ Gummi|62\/100\n|-damage|p1b: Scream Tail|75\/100\n|move|p1b: Scream Tail|Amnesia|p1b: Scream Tail\n|-boost|p1b: Scream Tail|spd|2\n|move|p2a: Pacifism \/ Gummi|Earth Power|p1a: Sableye\n|-damage|p1a: Sableye|54\/100\n|\n|-heal|p2a: Pacifism \/ Gummi|68\/100|[from] item: Leftovers\n|upkeep\n|turn|2\n|\n|t:|1699780037\n|switch|p2a: Temperance|Torkoal, M|100\/100\n|-weather|SunnyDay|[from] ability: Drought|[of] p2a: Temperance\n|-activate|p2b: Truth|ability: Protosynthesis\n|-start|p2b: Truth|protosynthesisspe\n|-activate|p1b: Scream Tail|ability: Protosynthesis\n|-start|p1b: Scream Tail|protosynthesisspd\n|move|p2b: Truth|Flamethrower|p1a: Sableye\n|-damage|p1a: Sableye|3\/100\n|move|p1b: Scream Tail|Amnesia|p1b: Scream Tail\n|-boost|p1b: Scream Tail|spd|2\n|move|p1a: Sableye|Light Screen|p1a: Sableye\n|-sidestart|p1: UY QUE RICO PAPI|move: Light Screen\n|\n|-weather|SunnyDay|[upkeep]\n|upkeep\n|turn|3\n|inactive|UY QUE RICO PAPI has 120 seconds left.\n|\n|t:|1699780071\n|switch|p1a: Cresselia|Cresselia, F|100\/100\n|move|p2b: Truth|Hydro Steam|p1a: Cresselia\n|-damage|p1a: Cresselia|69\/100\n|move|p1b: Scream Tail|Stealth Rock|p2b: Truth\n|-sidestart|p2: ScholasticDragn|move: Stealth Rock\n|move|p2a: Temperance|Gyro Ball|p1b: Scream Tail\n|-supereffective|p1b: Scream Tail\n|-damage|p1b: Scream Tail|38\/100\n|-enditem|p1b: Scream Tail|Sitrus Berry|[eat]\n|-heal|p1b: Scream Tail|63\/100|[from] item: Sitrus Berry\n|\n|-weather|SunnyDay|[upkeep]\n|upkeep\n|turn|4\n|\n|t:|1699780091\n|-end|p2b: Truth|Protosynthesis|[silent]\n|switch|p2b: Love|Armarouge, M|100\/100\n|-damage|p2b: Love|76\/100|[from] Stealth Rock\n|move|p1b: Scream Tail|Baton Pass|p1b: Scream Tail\n|\n|t:|1699780099\n|-end|p1b: Scream Tail|Protosynthesis|[silent]\n|switch|p1b: Garganacl|Garganacl, M|100\/100|[from] Baton Pass\n|move|p1a: Cresselia|Lunar Blessing|p1a: Cresselia|[spread] p1a,p1b\n|-heal|p1a: Cresselia|94\/100\n|move|p2a: Temperance|Gyro Ball|p1b: Garganacl\n|-supereffective|p1b: Garganacl\n|-damage|p1b: Garganacl|87\/100\n|\n|-weather|SunnyDay|[upkeep]\n|-heal|p1b: Garganacl|93\/100|[from] item: Leftovers\n|upkeep\n|turn|5\n|\n|t:|1699780115\n|move|p1a: Cresselia|Lunar Blessing|p1a: Cresselia|[spread] p1a,p1b\n|-heal|p1a: Cresselia|100\/100\n|-heal|p1b: Garganacl|100\/100\n|move|p1b: Garganacl|Curse|p1b: Garganacl\n|-unboost|p1b: Garganacl|spe|1\n|-boost|p1b: Garganacl|atk|1\n|-boost|p1b: Garganacl|def|1\n|move|p2a: Temperance|Body Press|p1b: Garganacl\n|-supereffective|p1b: Garganacl\n|-damage|p1b: Garganacl|83\/100\n|move|p2b: Love|Trick Room|p2b: Love\n|-fieldstart|move: Trick Room|[of] p2b: Love\n|\n|-weather|SunnyDay|[upkeep]\n|-heal|p1b: Garganacl|89\/100|[from] item: Leftovers\n|upkeep\n|turn|6\n|\n|t:|1699780135\n|move|p2a: Temperance|Gyro Ball|p1b: Garganacl\n|-supereffective|p1b: Garganacl\n|-damage|p1b: Garganacl|83\/100\n|move|p1b: Garganacl|Curse|p1b: Garganacl\n|-unboost|p1b: Garganacl|spe|1\n|-boost|p1b: Garganacl|atk|1\n|-boost|p1b: Garganacl|def|1\n|move|p2b: Love|Flash Cannon|p1b: Garganacl\n|-supereffective|p1b: Garganacl\n|-damage|p1b: Garganacl|67\/100\n|move|p1a: Cresselia|Lunar Blessing|p1a: Cresselia|[spread] p1a,p1b\n|-heal|p1b: Garganacl|92\/100\n|\n|-weather|SunnyDay|[upkeep]\n|-heal|p1b: Garganacl|98\/100|[from] item: Leftovers\n|upkeep\n|turn|7\n|\n|t:|1699780162\n|switch|p2a: Pacifism \/ Gummi|Gastrodon, F|68\/100\n|-damage|p2a: Pacifism \/ Gummi|62\/100|[from] Stealth Rock\n|-terastallize|p1b: Garganacl|Ghost\n|move|p2b: Love|Protect|p2b: Love\n|-singleturn|p2b: Love|Protect\n|move|p1b: Garganacl|Salt Cure|p2a: Pacifism \/ Gummi\n|-resisted|p2a: Pacifism \/ Gummi\n|-crit|p2a: Pacifism \/ Gummi\n|-damage|p2a: Pacifism \/ Gummi|38\/100\n|-start|p2a: Pacifism \/ Gummi|Salt Cure\n|move|p1a: Cresselia|Lunar Blessing|p1a: Cresselia|[spread] p1a,p1b\n|-heal|p1b: Garganacl|100\/100\n|\n|-weather|SunnyDay|[upkeep]\n|-heal|p2a: Pacifism \/ Gummi|44\/100|[from] item: Leftovers\n|-damage|p2a: Pacifism \/ Gummi|19\/100|[from] Salt Cure\n|upkeep\n|turn|8\n|\n|t:|1699780182\n|move|p1b: Garganacl|Curse|p2b: Love\n|-start|p2b: Love|Curse|[of] p1b: Garganacl\n|-damage|p1b: Garganacl|50\/100\n|move|p2a: Pacifism \/ Gummi|Clear Smog|p1b: Garganacl\n|-resisted|p1b: Garganacl\n|-damage|p1b: Garganacl|49\/100\n|-clearboost|p1b: Garganacl\n|move|p2b: Love|Flash Cannon|p1b: Garganacl\n|-damage|p1b: Garganacl|31\/100\n|move|p1a: Cresselia|Lunar Blessing|p1a: Cresselia|[spread] p1a,p1b\n|-heal|p1b: Garganacl|56\/100\n|\n|-weather|SunnyDay|[upkeep]\n|-heal|p1b: Garganacl|62\/100|[from] item: Leftovers\n|-heal|p2a: Pacifism \/ Gummi|25\/100|[from] item: Leftovers\n|-damage|p2b: Love|51\/100|[from] Curse\n|-damage|p2a: Pacifism \/ Gummi|0 fnt|[from] Salt Cure\n|faint|p2a: Pacifism \/ Gummi\n|upkeep\n|\n|t:|1699780201\n|switch|p2a: Truth|Walking Wake|100\/100\n|-damage|p2a: Truth|88\/100|[from] Stealth Rock\n|-activate|p2a: Truth|ability: Protosynthesis\n|-start|p2a: Truth|protosynthesisspe\n|turn|9\n|\n|t:|1699780226\n|move|p1b: Garganacl|Protect|p1b: Garganacl\n|-singleturn|p1b: Garganacl|Protect\n|move|p1a: Cresselia|Lunar Blessing|p1a: Cresselia|[spread] p1a,p1b\n|-heal|p1b: Garganacl|87\/100\n|move|p2a: Truth|Hydro Steam|p1b: Garganacl\n|-activate|p1b: Garganacl|move: Protect\n|move|p2b: Love|Trick Room|p2b: Love\n|-fieldend|move: Trick Room\n|\n|-weather|none\n|-end|p2a: Truth|Protosynthesis\n|-heal|p1b: Garganacl|94\/100|[from] item: Leftovers\n|-damage|p2b: Love|26\/100|[from] Curse\n|-sideend|p1: UY QUE RICO PAPI|move: Light Screen\n|upkeep\n|turn|10\n|inactive|UY QUE RICO PAPI has 120 seconds left.\n|\n|t:|1699780275\n|switch|p2b: Temperance|Torkoal, M|100\/100\n|-damage|p2b: Temperance|76\/100|[from] Stealth Rock\n|-weather|SunnyDay|[from] ability: Drought|[of] p2b: Temperance\n|-activate|p2a: Truth|ability: Protosynthesis\n|-start|p2a: Truth|protosynthesisspe\n|move|p2a: Truth|Hydro Steam|p1b: Garganacl\n|-damage|p1b: Garganacl|32\/100\n|move|p1a: Cresselia|Light Screen|p1a: Cresselia\n|-sidestart|p1: UY QUE RICO PAPI|move: Light Screen\n|move|p1b: Garganacl|Recover|p1b: Garganacl\n|-heal|p1b: Garganacl|82\/100\n|\n|-weather|SunnyDay|[upkeep]\n|-heal|p1b: Garganacl|89\/100|[from] item: Leftovers\n|upkeep\n|turn|11\n|inactive|UY QUE RICO PAPI has 120 seconds left.\n|\n|t:|1699780306\n|switch|p2b: Piety|Landorus-Therian, M|100\/100\n|-damage|p2b: Piety|88\/100|[from] Stealth Rock\n|-ability|p2b: Piety|Intimidate|boost\n|-unboost|p1a: Cresselia|atk|1\n|-unboost|p1b: Garganacl|atk|1\n|move|p1a: Cresselia|Ally Switch|p1a: Cresselia\n|swap|p1a: Cresselia|1|[from] move: Ally Switch\n|move|p2a: Truth|Hydro Steam|p1a: Garganacl\n|-damage|p1a: Garganacl|44\/100\n|move|p1a: Garganacl|Salt Cure|p2a: Truth\n|-damage|p2a: Truth|78\/100\n|-start|p2a: Truth|Salt Cure\n|\n|-weather|SunnyDay|[upkeep]\n|-heal|p1a: Garganacl|50\/100|[from] item: Leftovers\n|-damage|p2a: Truth|53\/100|[from] Salt Cure\n|upkeep\n|turn|12\n|inactive|UY QUE RICO PAPI has 120 seconds left.\n|\n|t:|1699780330\n|-end|p2a: Truth|Protosynthesis|[silent]\n|switch|p2a: Faith|Garganacl, M|100\/100\n|-damage|p2a: Faith|88\/100|[from] Stealth Rock\n|move|p1a: Garganacl|Protect|p1a: Garganacl\n|-singleturn|p1a: Garganacl|Protect\n|move|p2b: Piety|Brick Break|p1b: Cresselia\n|-sideend|p1: UY QUE RICO PAPI|move: Light Screen\n|-resisted|p1b: Cresselia\n|-damage|p1b: Cresselia|93\/100\n|move|p1b: Cresselia|Lunar Blessing|p1b: Cresselia|[spread] p1a,p1b\n|-heal|p1a: Garganacl|75\/100\n|-heal|p1b: Cresselia|100\/100\n|\n|-weather|SunnyDay|[upkeep]\n|-heal|p2a: Faith|94\/100|[from] item: Leftovers\n|-heal|p1a: Garganacl|81\/100|[from] item: Leftovers\n|upkeep\n|turn|13\n|inactive|UY QUE RICO PAPI has 120 seconds left.\n|\n|t:|1699780358\n|switch|p1b: Sinistcha|Sinistcha|100\/100\n|-heal|p1a: Garganacl|100\/100|[from] ability: Hospitality|[of] p1b: Sinistcha\n|move|p2a: Faith|Wide Guard|p2a: Faith\n|-singleturn|p2a: Faith|Wide Guard\n|move|p2b: Piety|Earthquake|p1b: Sinistcha|[spread] p1a,p1b\n|-activate|p2a: Faith|move: Wide Guard\n|-resisted|p1b: Sinistcha\n|-crit|p1b: Sinistcha\n|-damage|p1a: Garganacl|77\/100\n|-damage|p1b: Sinistcha|79\/100\n|move|p1a: Garganacl|Curse|p2a: Faith\n|-start|p2a: Faith|Curse|[of] p1a: Garganacl\n|-damage|p1a: Garganacl|27\/100\n|\n|-weather|SunnyDay|[upkeep]\n|-heal|p1b: Sinistcha|85\/100|[from] item: Leftovers\n|-heal|p2a: Faith|100\/100|[from] item: Leftovers\n|-heal|p1a: Garganacl|33\/100|[from] item: Leftovers\n|-damage|p2a: Faith|75\/100|[from] Curse\n|upkeep\n|turn|14\n|inactive|UY QUE RICO PAPI has 120 seconds left.\n|\n|t:|1699780388\n|switch|p2a: Truth|Walking Wake|53\/100\n|-damage|p2a: Truth|41\/100|[from] Stealth Rock\n|-activate|p2a: Truth|ability: Protosynthesis\n|-start|p2a: Truth|protosynthesisspe\n|move|p1a: Garganacl|Protect|p1a: Garganacl\n|-singleturn|p1a: Garganacl|Protect\n|move|p2b: Piety|Grass Knot|p1a: Garganacl\n|-activate|p1a: Garganacl|move: Protect\n|move|p1b: Sinistcha|Life Dew|p1b: Sinistcha|[spread] p1a,p1b\n|-heal|p1a: Garganacl|58\/100\n|-heal|p1b: Sinistcha|100\/100\n|\n|-weather|SunnyDay|[upkeep]\n|-heal|p1a: Garganacl|65\/100|[from] item: Leftovers\n|upkeep\n|turn|15\n|\n|t:|1699780409\n|move|p1b: Sinistcha|Rage Powder|p1b: Sinistcha\n|-singleturn|p1b: Sinistcha|move: Rage Powder\n|move|p2a: Truth|Flamethrower|p1b: Sinistcha\n|-supereffective|p1b: Sinistcha\n|-damage|p1b: Sinistcha|0 fnt\n|faint|p1b: Sinistcha\n|move|p2b: Piety|Grass Knot|p1a: Garganacl\n|-damage|p1a: Garganacl|37\/100\n|move|p1a: Garganacl|Salt Cure|p2a: Truth\n|-damage|p2a: Truth|31\/100\n|-start|p2a: Truth|Salt Cure\n|\n|-weather|SunnyDay|[upkeep]\n|-heal|p1a: Garganacl|44\/100|[from] item: Leftovers\n|-damage|p2a: Truth|6\/100|[from] Salt Cure\n|upkeep\n|inactive|UY QUE RICO PAPI has 120 seconds left.\n|\n|t:|1699780437\n|switch|p1b: Sableye|Sableye, F|3\/100\n|turn|16\n|inactive|UY QUE RICO PAPI has 120 seconds left.\n|\n|t:|1699780465\n|move|p1a: Garganacl|Protect|p1a: Garganacl\n|-singleturn|p1a: Garganacl|Protect\n|move|p1b: Sableye|Light Screen|p1b: Sableye\n|-sidestart|p1: UY QUE RICO PAPI|move: Light Screen\n|move|p2a: Truth|Surf|p1a: Garganacl|[spread] p2b,p1b\n|-activate|p1a: Garganacl|move: Protect\n|-supereffective|p2b: Piety\n|-damage|p2b: Piety|30\/100\n|-damage|p1b: Sableye|0 fnt\n|faint|p1b: Sableye\n|move|p2b: Piety|Earthquake|p1a: Garganacl|[spread] p2a\n|-activate|p1a: Garganacl|move: Protect\n|-damage|p2a: Truth|0 fnt\n|faint|p2a: Truth\n|-end|p2a: Truth|Protosynthesis|[silent]\n|\n|-weather|SunnyDay|[upkeep]\n|-heal|p1a: Garganacl|50\/100|[from] item: Leftovers\n|upkeep\n|inactive|UY QUE RICO PAPI has 120 seconds left.\n|\n|t:|1699780484\n|switch|p2a: Faith|Garganacl, M|75\/100\n|switch|p1b: Scream Tail|Scream Tail|63\/100\n|-activate|p1b: Scream Tail|ability: Protosynthesis\n|-start|p1b: Scream Tail|protosynthesisdef\n|-damage|p2a: Faith|63\/100|[from] Stealth Rock\n|turn|17\n|inactive|UY QUE RICO PAPI has 120 seconds left.\n|\n|t:|1699780516\n|move|p2b: Piety|Grass Knot|p1a: Garganacl\n|-damage|p1a: Garganacl|32\/100\n|move|p1b: Scream Tail|Amnesia|p1b: Scream Tail\n|-boost|p1b: Scream Tail|spd|2\n|move|p1a: Garganacl|Recover|p1a: Garganacl\n|-heal|p1a: Garganacl|82\/100\n|move|p2a: Faith|Salt Cure|p1a: Garganacl\n|-damage|p1a: Garganacl|75\/100\n|-start|p1a: Garganacl|Salt Cure\n|\n|-weather|none\n|-end|p1b: Scream Tail|Protosynthesis\n|-heal|p2a: Faith|69\/100|[from] item: Leftovers\n|-heal|p1a: Garganacl|81\/100|[from] item: Leftovers\n|-damage|p1a: Garganacl|69\/100|[from] Salt Cure\n|upkeep\n|turn|18\n|inactive|UY QUE RICO PAPI has 120 seconds left.\n|inactive|ScholasticDragn has 120 seconds left.\n|\n|t:|1699780564\n|move|p2a: Faith|Wide Guard|p2a: Faith\n|-singleturn|p2a: Faith|Wide Guard\n|move|p2b: Piety|Earthquake|p1a: Garganacl|[spread] p1a,p1b\n|-activate|p2a: Faith|move: Wide Guard\n|-damage|p1a: Garganacl|49\/100\n|-damage|p1b: Scream Tail|37\/100\n|move|p1b: Scream Tail|Baton Pass|p1b: Scream Tail\n|inactive|UY QUE RICO PAPI has 120 seconds left.\n|\n|t:|1699780577\n|-end|p1b: Scream Tail|Protosynthesis|[silent]\n|switch|p1b: Ting-Lu|Ting-Lu|100\/100|[from] Baton Pass\n|-ability|p1b: Ting-Lu|Vessel of Ruin\n|move|p1a: Garganacl|Recover|p1a: Garganacl\n|-heal|p1a: Garganacl|99\/100\n|\n|-heal|p1a: Garganacl|100\/100|[from] item: Leftovers\n|-heal|p2a: Faith|75\/100|[from] item: Leftovers\n|-damage|p1a: Garganacl|88\/100|[from] Salt Cure\n|upkeep\n|turn|19\n|inactive|ScholasticDragn has 120 seconds left.\n|inactive|UY QUE RICO PAPI has 120 seconds left.\n|\n|t:|1699780598\n|switch|p1a: Scream Tail|Scream Tail|37\/100\n|move|p2b: Piety|Grass Knot|p1b: Ting-Lu\n|-supereffective|p1b: Ting-Lu\n|-damage|p1b: Ting-Lu|88\/100\n|move|p1b: Ting-Lu|Spikes|p2a: Faith\n|-sidestart|p2: ScholasticDragn|Spikes\n|move|p2a: Faith|Salt Cure|p1a: Scream Tail\n|-damage|p1a: Scream Tail|30\/100\n|-start|p1a: Scream Tail|Salt Cure\n|\n|-heal|p1b: Ting-Lu|94\/100|[from] item: Leftovers\n|-heal|p2a: Faith|82\/100|[from] item: Leftovers\n|-damage|p1a: Scream Tail|17\/100|[from] Salt Cure\n|upkeep\n|turn|20\n|inactive|UY QUE RICO PAPI has 120 seconds left.\n|\n|t:|1699780624\n|move|p2b: Piety|Brick Break|p1b: Ting-Lu\n|-sideend|p1: UY QUE RICO PAPI|move: Light Screen\n|-supereffective|p1b: Ting-Lu\n|-damage|p1b: Ting-Lu|69\/100\n|move|p1a: Scream Tail|Perish Song|p1a: Scream Tail\n|-start|p1a: Scream Tail|perish3|[silent]\n|-start|p1b: Ting-Lu|perish3|[silent]\n|-start|p2a: Faith|perish3|[silent]\n|-start|p2b: Piety|perish3|[silent]\n|-fieldactivate|move: Perish Song\n|move|p1b: Ting-Lu|Mean Look|p2a: Faith\n|-activate|p2a: Faith|trapped\n|move|p2a: Faith|Body Press|p1b: Ting-Lu\n|-supereffective|p1b: Ting-Lu\n|-damage|p1b: Ting-Lu|49\/100\n|\n|-heal|p1b: Ting-Lu|55\/100|[from] item: Leftovers\n|-heal|p2a: Faith|88\/100|[from] item: Leftovers\n|-damage|p1a: Scream Tail|5\/100|[from] Salt Cure\n|-start|p2b: Piety|perish3\n|-start|p1a: Scream Tail|perish3\n|-start|p1b: Ting-Lu|perish3\n|-start|p2a: Faith|perish3\n|upkeep\n|turn|21\n|inactive|ScholasticDragn has 120 seconds left.\n|\n|t:|1699780661\n|-end|p1a: Scream Tail|Protosynthesis|[silent]\n|switch|p1a: Cresselia|Cresselia, F|100\/100\n|move|p1b: Ting-Lu|Protect|p1b: Ting-Lu\n|-singleturn|p1b: Ting-Lu|Protect\n|move|p2b: Piety|Grass Knot|p1b: Ting-Lu\n|-activate|p1b: Ting-Lu|move: Protect\n|move|p2a: Faith|Salt Cure|p1a: Cresselia\n|-damage|p1a: Cresselia|93\/100\n|-start|p1a: Cresselia|Salt Cure\n|\n|-heal|p1b: Ting-Lu|61\/100|[from] item: Leftovers\n|-heal|p2a: Faith|94\/100|[from] item: Leftovers\n|-damage|p1a: Cresselia|81\/100|[from] Salt Cure\n|-start|p2b: Piety|perish2\n|-start|p1b: Ting-Lu|perish2\n|-start|p2a: Faith|perish2\n|upkeep\n|turn|22\n|inactive|ScholasticDragn has 120 seconds left.\n|inactive|UY QUE RICO PAPI has 120 seconds left.\n|\n|t:|1699780703\n|move|p2a: Faith|Wide Guard|p2a: Faith\n|-singleturn|p2a: Faith|Wide Guard\n|move|p2b: Piety|Earthquake|p1b: Ting-Lu|[spread] p1b\n|-activate|p2a: Faith|move: Wide Guard\n|-immune|p1a: Cresselia|[from] ability: Levitate\n|-damage|p1b: Ting-Lu|43\/100\n|move|p1a: Cresselia|Lunar Blessing|p1a: Cresselia|[spread] p1a,p1b\n|-heal|p1a: Cresselia|100\/100\n|-heal|p1b: Ting-Lu|68\/100\n|-enditem|p1a: Cresselia|Leppa Berry|[eat]\n|-activate|p1a: Cresselia|item: Leppa Berry|Lunar Blessing|[consumed]\n|move|p1b: Ting-Lu|Spikes|p2a: Faith\n|-sidestart|p2: ScholasticDragn|Spikes\n|\n|-heal|p1b: Ting-Lu|74\/100|[from] item: Leftovers\n|-heal|p2a: Faith|99\/100|[from] item: Leftovers\n|-damage|p1a: Cresselia|88\/100|[from] Salt Cure\n|-start|p2b: Piety|perish1\n|-start|p1b: Ting-Lu|perish1\n|-start|p2a: Faith|perish1\n|upkeep\n|turn|23\n|inactive|ScholasticDragn has 120 seconds left.\n|inactive|UY QUE RICO PAPI has 120 seconds left.\n|\n|t:|1699780742\n|switch|p2b: Temperance|Torkoal, M|76\/100\n|-damage|p2b: Temperance|51\/100|[from] Stealth Rock\n|-damage|p2b: Temperance|34\/100|[from] Spikes\n|-weather|SunnyDay|[from] ability: Drought|[of] p2b: Temperance\n|switch|p1b: Scream Tail|Scream Tail|5\/100\n|-activate|p1b: Scream Tail|ability: Protosynthesis\n|-start|p1b: Scream Tail|protosynthesisdef\n|move|p1a: Cresselia|Lunar Blessing|p1a: Cresselia|[spread] p1a,p1b\n|-heal|p1a: Cresselia|100\/100\n|-heal|p1b: Scream Tail|30\/100\n|move|p2a: Faith|Salt Cure|p1a: Cresselia\n|-damage|p1a: Cresselia|93\/100\n|\n|-weather|SunnyDay|[upkeep]\n|-heal|p2a: Faith|100\/100|[from] item: Leftovers\n|-damage|p1a: Cresselia|80\/100|[from] Salt Cure\n|-start|p2a: Faith|perish0\n|upkeep\n|faint|p2a: Faith\n|inactive|ScholasticDragn has 90 seconds left.\n|-message|ScholasticDragn forfeited.\n|\n|win|UY QUE RICO PAPI\n|raw|UY QUE RICO PAPI's rating: 1373 &rarr; <strong>1384<\/strong><br \/>(+11 for winning)\n|raw|ScholasticDragn's rating: 1204 &rarr; <strong>1190<\/strong><br \/>(-14 for losing)\n|l|\u2606ScholasticDragn\n","uploadtime":1699780764,"views":14,"p1id":"uyquericopapi","p2id":"scholasticdragn","formatid":"gen9doublesou","rating":1190,"private":0,"password":""}