{"id":"gen9doublesou-1991515777","p1":"DIMU179","p2":"Kisuke_on_crack","format":"[Gen 9] Doubles OU","log":"|j|\u2606DIMU179\n|j|\u2606Kisuke_on_crack\n|inactive|Battle timer is ON: inactive players will automatically lose when time's up.\n|t:|1700084065\n|gametype|doubles\n|player|p1|DIMU179|benga|\n|player|p2|Kisuke_on_crack|burglar|\n|teamsize|p1|6\n|teamsize|p2|6\n|gen|9\n|tier|[Gen 9] Doubles OU\n|rated|Tournament battle\n|rule|Species Clause: Limit one of each Pok\u00e9mon\n|rule|OHKO Clause: OHKO moves are banned\n|rule|Evasion Moves Clause: Evasion moves are banned\n|rule|Gravity Sleep Clause: The combination of sleep-inducing moves with imperfect accuracy and Gravity or Gigantamax Orbeetle are banned\n|rule|Endless Battle Clause: Forcing endless battles is banned\n|rule|HP Percentage Mod: HP is shown in percentages\n|clearpoke\n|poke|p1|Bellibolt, M|\n|poke|p1|Espathra, F|\n|poke|p1|Pawmi, F|\n|poke|p1|Murkrow, F|\n|poke|p1|Grookey, F|\n|poke|p1|Venonat, M|\n|poke|p2|Vigoroth, M|\n|poke|p2|Yanma, M|\n|poke|p2|Ducklett, F|\n|poke|p2|Duskull, F|\n|poke|p2|Hippopotas, F|\n|poke|p2|Dolliv, F|\n|teampreview\n|j|*Lady Monita \u2746\n|inactive|DIMU179 also wants the timer to be on.\n|j| Im dumb srly\n|j| mystiic2812\n|c|\u2606Kisuke_on_crack|;-;\n|c|\u2606Kisuke_on_crack|God help me\n|j| Calamarimar\n|c| mystiic2812|glhf\n|c| Im dumb srly|You fr got the rng luck\n|inactive|DIMU179 has 120 seconds left.\n|\n|t:|1700084112\n|start\n|switch|p1a: Venonat|Venonat, M|100\/100\n|switch|p1b: Bellibolt|Bellibolt, M|100\/100\n|switch|p2a: Vigoroth|Vigoroth, M|100\/100\n|switch|p2b: Dolliv|Dolliv, F|100\/100\n|turn|1\n|\n|t:|1700084128\n|move|p2a: Vigoroth|Earthquake|p1a: Venonat|[spread] p2b,p1a,p1b\n|-resisted|p2b: Dolliv\n|-supereffective|p1b: Bellibolt\n|-damage|p2b: Dolliv|90\/100\n|-damage|p1a: Venonat|65\/100\n|-damage|p1b: Bellibolt|77\/100\n|move|p1b: Bellibolt|Soak|p2a: Vigoroth\n|-start|p2a: Vigoroth|typechange|Water\n|move|p1a: Venonat|Toxic Spikes|p2b: Dolliv\n|-sidestart|p2: Kisuke_on_crack|move: Toxic Spikes\n|move|p2b: Dolliv|Strength Sap|p1a: Venonat\n|-unboost|p1a: Venonat|atk|1\n|-heal|p2b: Dolliv|100\/100\n|\n|-heal|p1b: Bellibolt|83\/100|[from] item: Leftovers\n|-status|p2a: Vigoroth|brn|[from] item: Flame Orb\n|upkeep\n|turn|2\n|\n|t:|1700084148\n|switch|p1b: Murkrow|Murkrow, F|100\/100\n|move|p2a: Vigoroth|Facade|p1a: Venonat\n|-damage|p1a: Venonat|0 fnt\n|faint|p1a: Venonat\n|move|p2b: Dolliv|Earth Power|p1b: Murkrow\n|-immune|p1b: Murkrow\n|\n|-damage|p2a: Vigoroth|95\/100 brn|[from] brn\n|upkeep\n|\n|t:|1700084154\n|switch|p1a: Grookey|Grookey, F|100\/100\n|-fieldstart|move: Grassy Terrain|[from] ability: Grassy Surge|[of] p1a: Grookey\n|turn|3\n|\n|t:|1700084170\n|move|p1a: Grookey|Grassy Glide|p2a: Vigoroth\n|-supereffective|p2a: Vigoroth\n|-damage|p2a: Vigoroth|29\/100 brn\n|move|p2a: Vigoroth|Poison Jab|p1a: Grookey\n|-supereffective|p1a: Grookey\n|-damage|p1a: Grookey|70\/100\n|-status|p1a: Grookey|psn\n|move|p1b: Murkrow|Air Slash|p2a: Vigoroth\n|-crit|p2a: Vigoroth\n|-damage|p2a: Vigoroth|0 fnt\n|faint|p2a: Vigoroth\n|move|p2b: Dolliv|Strength Sap|p1b: Murkrow\n|-unboost|p1b: Murkrow|atk|1\n|\n|-heal|p1a: Grookey|76\/100 psn|[from] Grassy Terrain\n|-damage|p1a: Grookey|64\/100 psn|[from] psn\n|upkeep\n|\n|t:|1700084189\n|switch|p2a: Mosquito|Yanma, M|100\/100\n|turn|4\n|inactive|DIMU179 has 120 seconds left.\n|\n|t:|1700084226\n|move|p1a: Grookey|Protect|p1a: Grookey\n|-singleturn|p1a: Grookey|Protect\n|move|p2a: Mosquito|Air Slash|p1a: Grookey\n|-activate|p1a: Grookey|move: Protect\n|move|p1b: Murkrow|Air Slash|p2a: Mosquito\n|-supereffective|p2a: Mosquito\n|-damage|p2a: Mosquito|0 fnt\n|faint|p2a: Mosquito\n|move|p2b: Dolliv|Strength Sap|p1b: Murkrow\n|-unboost|p1b: Murkrow|atk|1\n|\n|-heal|p1a: Grookey|70\/100 psn|[from] Grassy Terrain\n|-damage|p1a: Grookey|57\/100 psn|[from] psn\n|upkeep\n|\n|t:|1700084241\n|switch|p2a: Ducklett|Ducklett, F|100\/100\n|turn|5\n|\n|t:|1700084254\n|switch|p2b: Duskull|Duskull, F|100\/100\n|move|p1b: Murkrow|Tailwind|p1b: Murkrow\n|-sidestart|p1: DIMU179|move: Tailwind\n|move|p1a: Grookey|Drain Punch|p2b: Duskull\n|-immune|p2b: Duskull\n|move|p2a: Ducklett|Brave Bird|p1a: Grookey\n|-supereffective|p1a: Grookey\n|-damage|p1a: Grookey|0 fnt\n|faint|p1a: Grookey\n|-damage|p2a: Ducklett|87\/100|[from] Recoil\n|\n|upkeep\n|\n|t:|1700084262\n|switch|p1a: Pawmi|Pawmi, F|100\/100\n|turn|6\n|\n|t:|1700084279\n|-terastallize|p2b: Duskull|Dragon\n|move|p1a: Pawmi|Wild Charge|p2a: Ducklett\n|-supereffective|p2a: Ducklett\n|-damage|p2a: Ducklett|0 fnt\n|faint|p2a: Ducklett\n|-damage|p1a: Pawmi|70\/100|[from] Recoil\n|move|p1b: Murkrow|Air Slash|p2b: Duskull\n|-damage|p2b: Duskull|75\/100\n|move|p2b: Duskull|Blizzard|p1a: Pawmi|[spread] p1a\n|-miss|p2b: Duskull|p1b: Murkrow\n|-damage|p1a: Pawmi|30\/100\n|\n|-heal|p1a: Pawmi|36\/100|[from] Grassy Terrain\n|upkeep\n|j| roahnshanker\n|\n|t:|1700084296\n|switch|p2a: Hippopotas|Hippopotas, F|100\/100\n|-status|p2a: Hippopotas|psn\n|-weather|Sandstorm|[from] ability: Sand Stream|[of] p2a: Hippopotas\n|turn|7\n|j| Yeet259\n|inactive|DIMU179 has 120 seconds left.\n|j| ArchenWarrior\n|c|\u2606Kisuke_on_crack|its basically gg\n|\n|t:|1700084346\n|move|p1a: Pawmi|Nuzzle|p2b: Duskull\n|-resisted|p2b: Duskull\n|-damage|p2b: Duskull|71\/100\n|-status|p2b: Duskull|par\n|move|p1b: Murkrow|Air Slash|p2b: Duskull\n|-damage|p2b: Duskull|46\/100 par\n|move|p2a: Hippopotas|Curse|p2a: Hippopotas\n|-unboost|p2a: Hippopotas|spe|1\n|-boost|p2a: Hippopotas|atk|1\n|-boost|p2a: Hippopotas|def|1\n|move|p2b: Duskull|Blizzard|p1a: Pawmi|[spread] p1a,p1b\n|-supereffective|p1b: Murkrow\n|-damage|p1a: Pawmi|0 fnt\n|-damage|p1b: Murkrow|77\/100\n|faint|p1a: Pawmi\n|\n|-weather|Sandstorm|[upkeep]\n|-damage|p1b: Murkrow|71\/100|[from] Sandstorm\n|-damage|p2b: Duskull|39\/100 par|[from] Sandstorm\n|-damage|p2a: Hippopotas|88\/100 psn|[from] psn\n|-fieldend|move: Grassy Terrain\n|upkeep\n|\n|t:|1700084354\n|switch|p1a: Espathra|Espathra, F|100\/100\n|turn|8\n|inactive|DIMU179 has 120 seconds left.\n|c| mystiic2812|not yet i can see this playing both ways\n|\n|t:|1700084371\n|move|p1b: Murkrow|Haze|p1b: Murkrow\n|-clearallboost\n|move|p1a: Espathra|Calm Mind|p1a: Espathra\n|-boost|p1a: Espathra|spa|1\n|-boost|p1a: Espathra|spd|1\n|move|p2a: Hippopotas|Crunch|p1a: Espathra\n|-supereffective|p1a: Espathra\n|-damage|p1a: Espathra|65\/100\n|move|p2b: Duskull|Tera Blast|p1b: Murkrow|[anim] Tera Blast Dragon\n|-damage|p1b: Murkrow|54\/100\n|\n|-weather|Sandstorm|[upkeep]\n|-damage|p1a: Espathra|59\/100|[from] Sandstorm\n|-damage|p1b: Murkrow|48\/100|[from] Sandstorm\n|-damage|p2b: Duskull|33\/100 par|[from] Sandstorm\n|-heal|p1a: Espathra|65\/100|[from] item: Leftovers\n|-damage|p2a: Hippopotas|76\/100 psn|[from] psn\n|-sideend|p1: DIMU179|move: Tailwind\n|-ability|p1a: Espathra|Speed Boost|boost\n|-boost|p1a: Espathra|spe|1\n|upkeep\n|turn|9\n|l| Im dumb srly\n|\n|t:|1700084396\n|move|p1a: Espathra|Dazzling Gleam|p2b: Duskull|[spread] p2a,p2b\n|-supereffective|p2b: Duskull\n|-damage|p2a: Hippopotas|43\/100 psn\n|-damage|p2b: Duskull|0 fnt\n|faint|p2b: Duskull\n|move|p1b: Murkrow|Air Slash|p2a: Hippopotas\n|-damage|p2a: Hippopotas|13\/100 psn\n|cant|p2a: Hippopotas|flinch\n|\n|-weather|Sandstorm|[upkeep]\n|-damage|p1a: Espathra|59\/100|[from] Sandstorm\n|-damage|p1b: Murkrow|41\/100|[from] Sandstorm\n|-heal|p1a: Espathra|65\/100|[from] item: Leftovers\n|-damage|p2a: Hippopotas|1\/100 psn|[from] psn\n|-ability|p1a: Espathra|Speed Boost|boost\n|-boost|p1a: Espathra|spe|1\n|upkeep\n|c|\u2606DIMU179|gg\n|\n|t:|1700084410\n|switch|p2b: Dolliv|Dolliv, F|100\/100\n|-status|p2b: Dolliv|psn\n|turn|10\n|c|\u2606Kisuke_on_crack|gg;-;\n|j| Kylo Reuniclus\n|c|\u2606Kisuke_on_crack|i knew winning was to good to be true\n|inactive|Kisuke_on_crack has 120 seconds left.\n|l| Kylo Reuniclus\n|l| roahnshanker\n|l| ArchenWarrior\n|c| mystiic2812|you def had a good run bro!\n|c|\u2606DIMU179|yes\n|inactive|Kisuke_on_crack has 90 seconds left.\n|\n|t:|1700084475\n|move|p1a: Espathra|Dazzling Gleam|p2a: Hippopotas|[spread] p2a,p2b\n|-damage|p2a: Hippopotas|0 fnt\n|-damage|p2b: Dolliv|77\/100 psn\n|faint|p2a: Hippopotas\n|move|p1b: Murkrow|Air Slash|p2b: Dolliv\n|-supereffective|p2b: Dolliv\n|-damage|p2b: Dolliv|36\/100 psn\n|move|p2b: Dolliv|Leaf Storm|p1a: Espathra\n|-damage|p1a: Espathra|23\/100\n|-unboost|p2b: Dolliv|spa|2\n|\n|-weather|Sandstorm|[upkeep]\n|-damage|p1a: Espathra|17\/100|[from] Sandstorm\n|-damage|p1b: Murkrow|35\/100|[from] Sandstorm\n|-damage|p2b: Dolliv|30\/100 psn|[from] Sandstorm\n|-heal|p1a: Espathra|23\/100|[from] item: Leftovers\n|-damage|p2b: Dolliv|17\/100 psn|[from] psn\n|-ability|p1a: Espathra|Speed Boost|boost\n|-boost|p1a: Espathra|spe|1\n|upkeep\n|turn|11\n|c| mystiic2812|didnt make it an easy win!\n|c|\u2606Kisuke_on_crack|yea lol\n|j| Im dumb srly\n|c|\u2606DIMU179|I wasnt expecting you in the finale because you said there was no way you can go throug\n|inactive|Kisuke_on_crack has 90 seconds left.\n|\n|t:|1700084504\n|move|p1b: Murkrow|Tailwind|p1b: Murkrow\n|-sidestart|p1: DIMU179|move: Tailwind\n|move|p1a: Espathra|Stored Power|p2b: Dolliv\n|-damage|p2b: Dolliv|0 fnt\n|faint|p2b: Dolliv\n|\n|win|DIMU179\n|n|\u2606DIMU179|dimu179\n|n|\u2606Kisuke_on_crack|kisukeoncrack\n|n|*Lady Monita \u2746|ladymonita\n|n| mystiic2812|mystiic2812\n|n| Calamarimar|calamarimar\n|n| Yeet259|yeet259\n|n| Im dumb srly|imdumbsrly\n|l|*Lady Monita \u2746\n|c|\u2606Kisuke_on_crack|yea lol\n|l| Im dumb srly\n|c|\u2606Kisuke_on_crack|ggs\n|c|\u2606DIMU179|ggs\n|l|\u2606DIMU179\n|j| Im dumb srly\n|l| Yeet259\n|l| mystiic2812\n|l|\u2606Kisuke_on_crack\n|l| Im dumb srly\n|l| Calamarimar\n|j| apoto\n|l| apoto\n|j|\u2606DIMU179\n|player|p1|DIMU179|benga\n|l|\u2606DIMU179\n|player|p1|\n|j|\u2606DIMU179\n|player|p1|DIMU179|benga\n|l|\u2606DIMU179\n|player|p1|\n|j|\u2606DIMU179\n|player|p1|DIMU179|benga\n","uploadtime":1700084505,"views":6,"p1id":"dimu179","p2id":"kisukeoncrack","formatid":"gen9doublesou","rating":0,"private":0,"password":""}