{"id":"gen9doublesou-1989232549","p1":"mikeyuwu","p2":"AlanDex8","format":"[Gen 9] Doubles OU","log":"|j|\u2606mikeyuwu\n|j|\u2606AlanDex8\n|t:|1699826112\n|gametype|doubles\n|player|p1|mikeyuwu|psychic-gen4|1282\n|player|p2|AlanDex8|2|1205\n|teamsize|p1|6\n|teamsize|p2|6\n|gen|9\n|tier|[Gen 9] Doubles OU\n|rated|\n|rule|Species Clause: Limit one of each Pok\u00e9mon\n|rule|OHKO Clause: OHKO moves are banned\n|rule|Evasion Moves Clause: Evasion moves are banned\n|rule|Gravity Sleep Clause: The combination of sleep-inducing moves with imperfect accuracy and Gravity or Gigantamax Orbeetle are banned\n|rule|Endless Battle Clause: Forcing endless battles is banned\n|rule|HP Percentage Mod: HP is shown in percentages\n|clearpoke\n|poke|p1|Garchomp, M|\n|poke|p1|Tyranitar, F|\n|poke|p1|Vaporeon, F|\n|poke|p1|Toxicroak, M|\n|poke|p1|Pelipper, F|\n|poke|p1|Abomasnow, M|\n|poke|p2|Ursaluna-Bloodmoon, M|\n|poke|p2|Armarouge, M|\n|poke|p2|Iron Hands|\n|poke|p2|Indeedee-F, F|\n|poke|p2|Chansey, F|\n|poke|p2|Pincurchin, M|\n|teampreview\n|inactive|Battle timer is ON: inactive players will automatically lose when time's up. (requested by AlanDex8)\n|\n|t:|1699826126\n|start\n|switch|p1a: Extra Spicy|Garchomp, M|100\/100\n|switch|p1b: Harmacy|Vaporeon, F|100\/100\n|switch|p2a: Anti-Priority|Indeedee-F, F|100\/100\n|switch|p2b: The Main|Ursaluna-Bloodmoon, M|100\/100\n|-fieldstart|move: Psychic Terrain|[from] ability: Psychic Surge|[of] p2a: Anti-Priority\n|-enditem|p2a: Anti-Priority|Psychic Seed\n|-boost|p2a: Anti-Priority|spd|1|[from] item: Psychic Seed\n|turn|1\n|\n|t:|1699826144\n|switch|p1a: Weather War|Pelipper, F|100\/100\n|-weather|RainDance|[from] ability: Drizzle|[of] p1a: Weather War\n|-terastallize|p2b: The Main|Normal\n|move|p1b: Harmacy|Weather Ball|p2b: The Main\n|-damage|p2b: The Main|37\/100\n|move|p2b: The Main|Hyper Voice|p1a: Weather War|[spread] p1a,p1b\n|-damage|p1a: Weather War|23\/100\n|-damage|p1b: Harmacy|58\/100\n|-enditem|p2b: The Main|Throat Spray\n|-boost|p2b: The Main|spa|1|[from] item: Throat Spray\n|move|p2a: Anti-Priority|Trick Room|p2a: Anti-Priority\n|-fieldstart|move: Trick Room|[of] p2a: Anti-Priority\n|\n|-weather|RainDance|[upkeep]\n|-heal|p1b: Harmacy|64\/100|[from] item: Leftovers\n|upkeep\n|turn|2\n|\n|t:|1699826161\n|switch|p1a: OTLHPM|Toxicroak, M|100\/100\n|move|p2b: The Main|Hyper Voice|p1a: OTLHPM|[spread] p1a,p1b\n|-damage|p1a: OTLHPM|4\/100\n|-damage|p1b: Harmacy|8\/100\n|move|p1b: Harmacy|Weather Ball|p2b: The Main\n|-damage|p2b: The Main|0 fnt\n|faint|p2b: The Main\n|move|p2a: Anti-Priority|Heal Pulse|p2: The Main|[notarget]\n|-fail|p2a: Anti-Priority\n|\n|-weather|RainDance|[upkeep]\n|-heal|p1a: OTLHPM|16\/100|[from] ability: Dry Skin\n|-heal|p1b: Harmacy|15\/100|[from] item: Leftovers\n|-heal|p1a: OTLHPM|22\/100|[from] item: Black Sludge\n|upkeep\n|\n|t:|1699826175\n|switch|p2b: Plan B|Iron Hands|100\/100\n|turn|3\n|\n|t:|1699826186\n|switch|p1b: Extra Spicy|Garchomp, M|100\/100\n|switch|p1a: ThcrThnSnkr|Tyranitar, F|100\/100\n|-weather|Sandstorm|[from] ability: Sand Stream|[of] p1a: ThcrThnSnkr\n|move|p2a: Anti-Priority|Follow Me|p2a: Anti-Priority\n|-singleturn|p2a: Anti-Priority|move: Follow Me\n|move|p2b: Plan B|Belly Drum|p2b: Plan B\n|-damage|p2b: Plan B|50\/100\n|-setboost|p2b: Plan B|atk|6|[from] move: Belly Drum\n|-enditem|p2b: Plan B|Sitrus Berry|[eat]\n|-heal|p2b: Plan B|75\/100|[from] item: Sitrus Berry\n|\n|-weather|Sandstorm|[upkeep]\n|-damage|p2b: Plan B|69\/100|[from] Sandstorm\n|-damage|p2a: Anti-Priority|94\/100|[from] Sandstorm\n|upkeep\n|turn|4\n|\n|t:|1699826208\n|switch|p1a: Weather War|Pelipper, F|23\/100\n|-weather|RainDance|[from] ability: Drizzle|[of] p1a: Weather War\n|move|p2a: Anti-Priority|Follow Me|p2a: Anti-Priority\n|-singleturn|p2a: Anti-Priority|move: Follow Me\n|move|p2b: Plan B|Drain Punch|p1a: Weather War\n|-resisted|p1a: Weather War\n|-damage|p1a: Weather War|0 fnt\n|-heal|p2b: Plan B|77\/100|[from] drain|[of] p1a: Weather War\n|faint|p1a: Weather War\n|move|p1b: Extra Spicy|Earthquake|p2a: Anti-Priority|[spread] p2a,p2b\n|-supereffective|p2b: Plan B\n|-crit|p2b: Plan B\n|-damage|p2a: Anti-Priority|56\/100\n|-damage|p2b: Plan B|10\/100\n|\n|-weather|RainDance|[upkeep]\n|upkeep\n|\n|t:|1699826223\n|switch|p1a: OTLHPM|Toxicroak, M|22\/100\n|turn|5\n|\n|t:|1699826228\n|move|p2b: Plan B|Drain Punch|p1b: Extra Spicy\n|-damage|p1b: Extra Spicy|0 fnt\n|-heal|p2b: Plan B|57\/100|[from] drain|[of] p1b: Extra Spicy\n|-damage|p2b: Plan B|44\/100|[from] ability: Rough Skin|[of] p1b: Extra Spicy\n|-damage|p2b: Plan B|28\/100|[from] item: Rocky Helmet|[of] p1b: Extra Spicy\n|faint|p1b: Extra Spicy\n|move|p1a: OTLHPM|Earthquake|p2a: Anti-Priority|[spread] p2a,p2b\n|-supereffective|p2b: Plan B\n|-damage|p2a: Anti-Priority|22\/100\n|-damage|p2b: Plan B|0 fnt\n|faint|p2b: Plan B\n|-end|p2b: Plan B|Quark Drive|[silent]\n|move|p2a: Anti-Priority|Heal Pulse|p2: Plan B|[notarget]\n|-fail|p2a: Anti-Priority\n|\n|-weather|RainDance|[upkeep]\n|-heal|p1a: OTLHPM|35\/100|[from] ability: Dry Skin\n|-heal|p1a: OTLHPM|41\/100|[from] item: Black Sludge\n|-fieldend|move: Trick Room\n|-fieldend|move: Psychic Terrain\n|upkeep\n|-message|AlanDex8 forfeited.\n|\n|win|mikeyuwu\n|raw|mikeyuwu's rating: 1282 &rarr; <strong>1302<\/strong><br \/>(+20 for winning)\n|raw|AlanDex8's rating: 1205 &rarr; <strong>1185<\/strong><br \/>(-20 for losing)\n|l|\u2606AlanDex8\n","uploadtime":1699826246,"views":10,"p1id":"mikeyuwu","p2id":"alandex8","formatid":"gen9doublesou","rating":1185,"private":0,"password":""}