{"id":"gen9doublesou-1988963879","p1":"Lp-$tylez","p2":"MosheahVOWS","format":"[Gen 9] Doubles OU","log":"|j|\u2606Lp-$tylez\n|j|\u2606MosheahVOWS\n|t:|1699795408\n|gametype|doubles\n|player|p1|Lp-$tylez|interviewers|\n|player|p2|MosheahVOWS|burglar|\n|teamsize|p1|6\n|teamsize|p2|6\n|gen|9\n|tier|[Gen 9] Doubles OU\n|rule|Species Clause: Limit one of each Pok\u00e9mon\n|rule|OHKO Clause: OHKO moves are banned\n|rule|Evasion Moves Clause: Evasion moves are banned\n|rule|Gravity Sleep Clause: The combination of sleep-inducing moves with imperfect accuracy and Gravity or Gigantamax Orbeetle are banned\n|rule|Endless Battle Clause: Forcing endless battles is banned\n|rule|HP Percentage Mod: HP is shown in percentages\n|clearpoke\n|poke|p1|Weezing, F|\n|poke|p1|Indeedee-F, F|\n|poke|p1|Hatterene, F|\n|poke|p1|Slaking, F|\n|poke|p1|Tornadus, M|\n|poke|p1|Regidrago|\n|poke|p2|Regidrago|\n|poke|p2|Hoopa|\n|poke|p2|Torkoal, F|\n|poke|p2|Great Tusk|\n|poke|p2|Thundurus, M|\n|poke|p2|Enamorus-Therian, F|\n|teampreview\n|\n|t:|1699795423\n|start\n|switch|p1a: Regidrago|Regidrago|100\/100\n|switch|p1b: Tornadus|Tornadus, M|100\/100\n|switch|p2a: Thundurus|Thundurus, M|100\/100\n|switch|p2b: Enamorus|Enamorus-Therian, F|100\/100\n|turn|1\n|\n|t:|1699795448\n|move|p2a: Thundurus|Protect|p2a: Thundurus\n|-singleturn|p2a: Thundurus|Protect\n|move|p1b: Tornadus|Tailwind|p1b: Tornadus\n|-sidestart|p1: Lp-$tylez|move: Tailwind\n|move|p1a: Regidrago|Dragon Energy|p2b: Enamorus|[spread] \n|-activate|p2a: Thundurus|move: Protect\n|-immune|p2b: Enamorus\n|move|p2b: Enamorus|Springtide Storm|p1a: Regidrago|[spread] p1a,p1b\n|-supereffective|p1a: Regidrago\n|-damage|p1a: Regidrago|0 fnt\n|-damage|p1b: Tornadus|15\/100\n|faint|p1a: Regidrago\n|-damage|p2b: Enamorus|91\/100|[from] item: Life Orb\n|\n|upkeep\n|\n|t:|1699795467\n|switch|p1a: Slaking|Slaking, F|100\/100\n|turn|2\n|\n|t:|1699795513\n|move|p2b: Enamorus|Protect|p2b: Enamorus\n|-singleturn|p2b: Enamorus|Protect\n|move|p2a: Thundurus|Substitute|p2a: Thundurus\n|-start|p2a: Thundurus|Substitute\n|-damage|p2a: Thundurus|76\/100\n|move|p1a: Slaking|Bulk Up|p1a: Slaking\n|-boost|p1a: Slaking|atk|1\n|-boost|p1a: Slaking|def|1\n|move|p1b: Tornadus|Air Slash|p2a: Thundurus\n|-resisted|p2a: Thundurus\n|-end|p2a: Thundurus|Substitute\n|\n|upkeep\n|turn|3\n|\n|t:|1699795541\n|switch|p1b: Weezing|Weezing, F|100\/100\n|-ability|p1b: Weezing|Neutralizing Gas\n|move|p1a: Slaking|Body Slam|p2b: Enamorus\n|-damage|p2b: Enamorus|22\/100\n|move|p2a: Thundurus|Thunderbolt|p1b: Weezing\n|-damage|p1b: Weezing|36\/100\n|move|p2b: Enamorus|Springtide Storm|p1a: Slaking|[spread] p1a,p1b\n|-resisted|p1b: Weezing\n|-damage|p1a: Slaking|41\/100\n|-damage|p1b: Weezing|0 fnt\n|faint|p1b: Weezing\n|-end|p1b: Weezing|ability: Neutralizing Gas\n|-damage|p2b: Enamorus|12\/100|[from] item: Life Orb\n|\n|upkeep\n|\n|t:|1699795559\n|switch|p1b: Indeedee|Indeedee-F, F|100\/100\n|-fieldstart|move: Psychic Terrain|[from] ability: Psychic Surge|[of] p1b: Indeedee\n|turn|4\n|c|\u2606MosheahVOWS|.... how did TRUANT not work?!\n|\n|t:|1699795653\n|move|p2a: Thundurus|Protect|p2a: Thundurus\n|-singleturn|p2a: Thundurus|Protect\n|move|p1b: Indeedee|Protect|p1b: Indeedee\n|-singleturn|p1b: Indeedee|Protect\n|move|p2b: Enamorus|Protect|p2b: Enamorus\n|-singleturn|p2b: Enamorus|Protect\n|cant|p1a: Slaking|ability: Truant\n|\n|-sideend|p1: Lp-$tylez|move: Tailwind\n|upkeep\n|turn|5\n|c|\u2606MosheahVOWS|WHAT THE\n|\n|t:|1699795735\n|switch|p1b: Tornadus|Tornadus, M|15\/100\n|switch|p2b: Hoopa|Hoopa|100\/100\n|move|p2a: Thundurus|Thunderbolt|p1b: Tornadus\n|-supereffective|p1b: Tornadus\n|-damage|p1b: Tornadus|0 fnt\n|faint|p1b: Tornadus\n|move|p1a: Slaking|Body Slam|p2a: Thundurus\n|-damage|p2a: Thundurus|0 fnt\n|faint|p2a: Thundurus\n|\n|upkeep\n|\n|t:|1699795759\n|switch|p2a: Torkoal|Torkoal, F|100\/100\n|switch|p1b: Indeedee|Indeedee-F, F|100\/100\n|-weather|SunnyDay|[from] ability: Drought|[of] p2a: Torkoal\n|-item|p2a: Torkoal|Air Balloon\n|turn|6\n|\n|t:|1699795796\n|move|p1b: Indeedee|Helping Hand|p1a: Slaking\n|-singleturn|p1a: Slaking|Helping Hand|[of] p1b: Indeedee\n|move|p2b: Hoopa|Psychic|p1a: Slaking\n|-damage|p1a: Slaking|0 fnt\n|faint|p1a: Slaking\n|move|p2a: Torkoal|Gyro Ball|p1b: Indeedee\n|-damage|p1b: Indeedee|80\/100\n|\n|-weather|SunnyDay|[upkeep]\n|-heal|p1b: Indeedee|86\/100|[from] item: Leftovers\n|upkeep\n|\n|t:|1699795807\n|switch|p1a: Hatterene|Hatterene, F|100\/100\n|turn|7\n|\n|t:|1699795825\n|move|p1b: Indeedee|Follow Me|p1b: Indeedee\n|-singleturn|p1b: Indeedee|move: Follow Me\n|move|p2b: Hoopa|Psychic|p1b: Indeedee\n|-resisted|p1b: Indeedee\n|-damage|p1b: Indeedee|52\/100\n|move|p1a: Hatterene|Dazzling Gleam|p2a: Torkoal|[spread] p2a,p2b\n|-resisted|p2a: Torkoal\n|-damage|p2a: Torkoal|67\/100\n|-damage|p2b: Hoopa|56\/100\n|-enditem|p2a: Torkoal|Air Balloon\n|-damage|p1a: Hatterene|91\/100|[from] item: Life Orb\n|move|p2a: Torkoal|Gyro Ball|p1b: Indeedee\n|-crit|p1b: Indeedee\n|-damage|p1b: Indeedee|18\/100\n|\n|-weather|SunnyDay|[upkeep]\n|-heal|p1b: Indeedee|24\/100|[from] item: Leftovers\n|upkeep\n|turn|8\n|\n|t:|1699795859\n|move|p1b: Indeedee|Helping Hand|p1a: Hatterene\n|-singleturn|p1a: Hatterene|Helping Hand|[of] p1b: Indeedee\n|move|p2a: Torkoal|Protect|p2a: Torkoal\n|-singleturn|p2a: Torkoal|Protect\n|move|p2b: Hoopa|Psychic|p1b: Indeedee\n|-resisted|p1b: Indeedee\n|-damage|p1b: Indeedee|0 fnt\n|faint|p1b: Indeedee\n|move|p1a: Hatterene|Psychic|p2a: Torkoal\n|-activate|p2a: Torkoal|move: Protect\n|\n|-weather|SunnyDay|[upkeep]\n|-fieldend|move: Psychic Terrain\n|upkeep\n|turn|9\n|\n|t:|1699795875\n|move|p2b: Hoopa|Psychic|p1a: Hatterene\n|-resisted|p1a: Hatterene\n|-damage|p1a: Hatterene|63\/100\n|move|p1a: Hatterene|Psychic|p2a: Torkoal\n|-damage|p2a: Torkoal|0 fnt\n|faint|p2a: Torkoal\n|-damage|p1a: Hatterene|53\/100|[from] item: Life Orb\n|\n|-weather|SunnyDay|[upkeep]\n|upkeep\n|\n|t:|1699795887\n|switch|p2a: Great Tusk|Great Tusk|100\/100\n|-activate|p2a: Great Tusk|ability: Protosynthesis\n|-start|p2a: Great Tusk|protosynthesisspe\n|turn|10\n|\n|t:|1699795897\n|switch|p2b: Enamorus|Enamorus-Therian, F|12\/100\n|move|p2a: Great Tusk|Earthquake|p1a: Hatterene|[spread] p1a\n|-immune|p2b: Enamorus\n|-damage|p1a: Hatterene|16\/100\n|move|p1a: Hatterene|Trick Room|p1a: Hatterene\n|-fieldstart|move: Trick Room|[of] p1a: Hatterene\n|\n|-weather|none\n|-end|p2a: Great Tusk|Protosynthesis\n|upkeep\n|turn|11\n|\n|t:|1699795931\n|move|p1a: Hatterene|Dazzling Gleam|p2a: Great Tusk|[spread] p2a,p2b\n|-supereffective|p2a: Great Tusk\n|-damage|p2a: Great Tusk|5\/100\n|-damage|p2b: Enamorus|0 fnt\n|faint|p2b: Enamorus\n|-damage|p1a: Hatterene|6\/100|[from] item: Life Orb\n|move|p2a: Great Tusk|Earthquake|p1a: Hatterene\n|-damage|p1a: Hatterene|0 fnt\n|faint|p1a: Hatterene\n|\n|win|MosheahVOWS\n|l|\u2606Lp-$tylez\n","uploadtime":1699795967,"views":13,"p1id":"lptylez","p2id":"mosheahvows","formatid":"gen9doublesou","rating":0,"private":0,"password":""}