{"id":"gen9doublesou-1993393598","p1":"aidan amoongus","p2":"iamafanofyou","format":"[Gen 9] Doubles OU","log":"|j|\u2606aidan amoongus\n|j|\u2606iamafanofyou\n|t:|1700311562\n|gametype|doubles\n|player|p1|aidan amoongus|1|1132\n|player|p2|iamafanofyou|colress-gen7|1111\n|teamsize|p1|6\n|teamsize|p2|6\n|gen|9\n|tier|[Gen 9] Doubles OU\n|rated|\n|rule|Species Clause: Limit one of each Pok\u00e9mon\n|rule|OHKO Clause: OHKO moves are banned\n|rule|Evasion Moves Clause: Evasion moves are banned\n|rule|Gravity Sleep Clause: The combination of sleep-inducing moves with imperfect accuracy and Gravity or Gigantamax Orbeetle are banned\n|rule|Endless Battle Clause: Forcing endless battles is banned\n|rule|HP Percentage Mod: HP is shown in percentages\n|clearpoke\n|poke|p1|Sylveon, F|\n|poke|p1|Ursaluna-Bloodmoon, M|\n|poke|p1|Thundurus, M|\n|poke|p1|Roaring Moon|\n|poke|p1|Ninetales, F|\n|poke|p1|Grafaiai, F|\n|poke|p2|Tauros-Paldea-Aqua, M|\n|poke|p2|Garchomp, F|\n|poke|p2|Arcanine-Hisui, F|\n|poke|p2|Iron Hands|\n|poke|p2|Tornadus, M|\n|poke|p2|Gholdengo|\n|teampreview\n|inactive|Battle timer is ON: inactive players will automatically lose when time's up. (requested by aidan amoongus)\n|\n|t:|1700311571\n|start\n|switch|p1a: Sylveon|Sylveon, F, shiny|100\/100\n|switch|p1b: Ursaluna|Ursaluna-Bloodmoon, M|100\/100\n|switch|p2a: Garchomp|Garchomp, F|100\/100\n|switch|p2b: Iron Hands|Iron Hands|100\/100\n|-enditem|p2b: Iron Hands|Booster Energy\n|-activate|p2b: Iron Hands|ability: Quark Drive|[fromitem]\n|-start|p2b: Iron Hands|quarkdriveatk\n|turn|1\n|\n|t:|1700311592\n|move|p2b: Iron Hands|Fake Out|p1b: Ursaluna\n|-damage|p1b: Ursaluna|87\/100\n|move|p2a: Garchomp|Stealth Rock|p1b: Ursaluna\n|-sidestart|p1: aidan amoongus|move: Stealth Rock\n|cant|p1b: Ursaluna|flinch\n|move|p1a: Sylveon|Hyper Voice|p2a: Garchomp|[spread] p2a,p2b\n|-supereffective|p2a: Garchomp\n|-supereffective|p2b: Iron Hands\n|-damage|p2a: Garchomp|15\/100\n|-damage|p2b: Iron Hands|28\/100\n|\n|upkeep\n|turn|2\n|inactive|aidan amoongus has 120 seconds left.\n|\n|t:|1700311633\n|move|p2a: Garchomp|Spikes|p1a: Sylveon\n|-sidestart|p1: aidan amoongus|Spikes\n|move|p2b: Iron Hands|Thunder Punch|p1a: Sylveon\n|-damage|p1a: Sylveon|30\/100\n|move|p1b: Ursaluna|Hyper Voice|p2a: Garchomp|[spread] p2a,p2b\n|-damage|p2a: Garchomp|0 fnt\n|-damage|p2b: Iron Hands|0 fnt\n|faint|p2a: Garchomp\n|faint|p2b: Iron Hands\n|-end|p2b: Iron Hands|Quark Drive|[silent]\n|move|p1a: Sylveon|Hyper Voice|p2: Garchomp|[notarget]\n|-fail|p1a: Sylveon\n|\n|upkeep\n|\n|t:|1700311642\n|switch|p2a: Tauros|Tauros-Paldea-Aqua, M|100\/100\n|switch|p2b: Tornadus|Tornadus, M|100\/100\n|turn|3\n|\n|t:|1700311651\n|move|p2b: Tornadus|Tailwind|p2b: Tornadus\n|-sidestart|p2: iamafanofyou|move: Tailwind\n|move|p2a: Tauros|Raging Bull|p1b: Ursaluna\n|-supereffective|p1b: Ursaluna\n|-damage|p1b: Ursaluna|28\/100\n|move|p1b: Ursaluna|Blood Moon|p2a: Tauros\n|-damage|p2a: Tauros|0 fnt\n|faint|p2a: Tauros\n|move|p1a: Sylveon|Copycat|p1a: Sylveon\n|move|p1a: Sylveon|Blood Moon|p2b: Tornadus|[from]move: Copycat\n|-damage|p2b: Tornadus|0 fnt\n|faint|p2b: Tornadus\n|\n|upkeep\n|\n|t:|1700311654\n|switch|p2b: Gholdengo|Gholdengo|100\/100\n|switch|p2a: Arcanine|Arcanine-Hisui, F|100\/100\n|turn|4\n|\n|t:|1700311674\n|move|p2a: Arcanine|Head Smash|p1b: Ursaluna\n|-resisted|p1b: Ursaluna\n|-damage|p1b: Ursaluna|0 fnt\n|faint|p1b: Ursaluna\n|-damage|p2a: Arcanine|91\/100|[from] item: Life Orb\n|move|p2b: Gholdengo|Flash Cannon|p1a: Sylveon\n|-supereffective|p1a: Sylveon\n|-damage|p1a: Sylveon|0 fnt\n|faint|p1a: Sylveon\n|\n|upkeep\n|\n|t:|1700311687\n|switch|p1a: Ninetales|Ninetales, F, shiny|100\/100\n|switch|p1b: Grafaiai|Grafaiai, F, shiny|100\/100\n|-damage|p1a: Ninetales|76\/100|[from] Stealth Rock\n|-damage|p1a: Ninetales|64\/100|[from] Spikes\n|-weather|SunnyDay|[from] ability: Drought|[of] p1a: Ninetales\n|-damage|p1b: Grafaiai|88\/100|[from] Stealth Rock\n|-damage|p1b: Grafaiai|76\/100|[from] Spikes\n|turn|5\n|\n|t:|1700311700\n|move|p1b: Grafaiai|Swagger|p2a: Arcanine\n|-boost|p2a: Arcanine|atk|2\n|-start|p2a: Arcanine|confusion\n|-activate|p2a: Arcanine|confusion\n|move|p2a: Arcanine|Head Smash|p1a: Ninetales\n|-supereffective|p1a: Ninetales\n|-crit|p1a: Ninetales\n|-damage|p1a: Ninetales|0 fnt\n|faint|p1a: Ninetales\n|-damage|p2a: Arcanine|81\/100|[from] item: Life Orb\n|move|p2b: Gholdengo|Thunder Wave|p1b: Grafaiai\n|-status|p1b: Grafaiai|par\n|\n|-weather|SunnyDay|[upkeep]\n|upkeep\n|\n|t:|1700311712\n|switch|p1a: Thundurus|Thundurus, M|100\/100\n|-damage|p1a: Thundurus|76\/100|[from] Stealth Rock\n|turn|6\n|\n|t:|1700311727\n|-activate|p2a: Arcanine|confusion\n|move|p2a: Arcanine|Protect|p2a: Arcanine\n|-singleturn|p2a: Arcanine|Protect\n|move|p2b: Gholdengo|Flash Cannon|p1b: Grafaiai\n|-damage|p1b: Grafaiai|21\/100 par\n|move|p1a: Thundurus|Thunderbolt|p2b: Gholdengo\n|-damage|p2b: Gholdengo|51\/100\n|-status|p2b: Gholdengo|par\n|move|p1b: Grafaiai|Super Fang|p2a: Arcanine\n|-activate|p2a: Arcanine|move: Protect\n|\n|-weather|SunnyDay|[upkeep]\n|-sideend|p2: iamafanofyou|move: Tailwind\n|upkeep\n|turn|7\n|\n|t:|1700311741\n|-activate|p2a: Arcanine|confusion\n|-damage|p2a: Arcanine|48\/100|[from] confusion\n|move|p1a: Thundurus|Thunderbolt|p2b: Gholdengo\n|-damage|p2b: Gholdengo|6\/100 par\n|move|p2b: Gholdengo|Flash Cannon|p1b: Grafaiai\n|-damage|p1b: Grafaiai|0 fnt\n|faint|p1b: Grafaiai\n|\n|-weather|SunnyDay|[upkeep]\n|upkeep\n|\n|t:|1700311751\n|switch|p1b: Roaring Moon|Roaring Moon, shiny|100\/100\n|-damage|p1b: Roaring Moon|88\/100|[from] Stealth Rock\n|-damage|p1b: Roaring Moon|76\/100|[from] Spikes\n|-activate|p1b: Roaring Moon|ability: Protosynthesis\n|-start|p1b: Roaring Moon|protosynthesisatk\n|turn|8\n|\n|t:|1700311762\n|-end|p2a: Arcanine|confusion\n|move|p2a: Arcanine|Protect|p2a: Arcanine\n|-singleturn|p2a: Arcanine|Protect\n|move|p1a: Thundurus|Eerie Impulse|p1b: Roaring Moon\n|-unboost|p1b: Roaring Moon|spa|2\n|move|p1b: Roaring Moon|Lash Out|p2a: Arcanine\n|-activate|p2a: Arcanine|move: Protect\n|move|p2b: Gholdengo|Flash Cannon|p1b: Roaring Moon\n|-damage|p1b: Roaring Moon|36\/100\n|\n|-weather|SunnyDay|[upkeep]\n|upkeep\n|turn|9\n|\n|t:|1700311779\n|move|p1a: Thundurus|Eerie Impulse|p1b: Roaring Moon\n|-unboost|p1b: Roaring Moon|spa|2\n|move|p1b: Roaring Moon|Lash Out|p2a: Arcanine\n|-damage|p2a: Arcanine|0 fnt\n|faint|p2a: Arcanine\n|cant|p2b: Gholdengo|par\n|\n|-weather|none\n|-end|p1b: Roaring Moon|Protosynthesis\n|upkeep\n|-enditem|p1b: Roaring Moon|Booster Energy\n|-activate|p1b: Roaring Moon|ability: Protosynthesis|[fromitem]\n|-start|p1b: Roaring Moon|protosynthesisatk\n|turn|10\n|\n|t:|1700311794\n|move|p1b: Roaring Moon|Dragon Claw|p2b: Gholdengo\n|-resisted|p2b: Gholdengo\n|-damage|p2b: Gholdengo|0 fnt\n|-damage|p1b: Roaring Moon|19\/100|[from] item: Rocky Helmet|[of] p2b: Gholdengo\n|faint|p2b: Gholdengo\n|\n|win|aidan amoongus\n|raw|aidan amoongus's rating: 1132 &rarr; <strong>1155<\/strong><br \/>(+23 for winning)\n|raw|iamafanofyou's rating: 1111 &rarr; <strong>1088<\/strong><br \/>(-23 for losing)\n|l|\u2606iamafanofyou\n","uploadtime":1700311802,"views":6,"p1id":"aidanamoongus","p2id":"iamafanofyou","formatid":"gen9doublesou","rating":1088,"private":0,"password":""}