{"id":"gen9doublesou-1984464829","p1":"bnm5g","p2":"Randomssp","format":"[Gen 9] Doubles OU","log":"|j|\u2606bnm5g\n|j|\u2606Randomssp\n|inactive|Battle timer is ON: inactive players will automatically lose when time's up.\n|t:|1699268037\n|gametype|doubles\n|player|p1|bnm5g|170|\n|player|p2|Randomssp|ghetsis-gen5bw|\n|teamsize|p1|2\n|teamsize|p2|2\n|gen|9\n|tier|[Gen 9] Doubles OU\n|rated|Tournament battle\n|rule|Species Clause: Limit one of each Pok\u00e9mon\n|rule|OHKO Clause: OHKO moves are banned\n|rule|Evasion Moves Clause: Evasion moves are banned\n|rule|Gravity Sleep Clause: The combination of sleep-inducing moves with imperfect accuracy and Gravity or Gigantamax Orbeetle are banned\n|rule|Endless Battle Clause: Forcing endless battles is banned\n|rule|HP Percentage Mod: HP is shown in percentages\n|clearpoke\n|poke|p1|Toxicroak, M|\n|poke|p1|Salamence, F|\n|poke|p2|Amoonguss, M|\n|poke|p2|Torterra, M|\n|teampreview\n|j|*Lady Monita \u263d\n|c|\u2606bnm5g|oh crap\n|\n|t:|1699268055\n|start\n|switch|p1a: Toxicroak|Toxicroak, M|100\/100\n|switch|p1b: Salamence|Salamence, F|100\/100\n|switch|p2a: Torterra|Torterra, M|100\/100\n|switch|p2b: Amoonguss|Amoonguss, M|100\/100\n|-ability|p1b: Salamence|Intimidate|boost\n|-unboost|p2a: Torterra|atk|1\n|-unboost|p2b: Amoonguss|atk|1\n|-enditem|p2a: Torterra|White Herb\n|-clearnegativeboost|p2a: Torterra|[silent]\n|turn|1\n|c|\u2606bnm5g|solid setup bro\n|c|\u2606Randomssp|well, lets see\n|c|\u2606Randomssp|because you counter me\n|c|\u2606Randomssp|very well\n|inactive|bnm5g has 120 seconds left.\n|c|\u2606bnm5g|nah\n|c|\u2606Randomssp|this salamence\n|c|\u2606Randomssp|might be a problem\n|inactive|bnm5g has 90 seconds left.\n|\n|t:|1699268120\n|move|p1a: Toxicroak|Fake Out|p2b: Amoonguss\n|-damage|p2b: Amoonguss|90\/100\n|cant|p2b: Amoonguss|flinch\n|move|p1b: Salamence|Tailwind|p1b: Salamence\n|-sidestart|p1: bnm5g|move: Tailwind\n|move|p2a: Torterra|Shell Smash|p2a: Torterra\n|-unboost|p2a: Torterra|def|1\n|-unboost|p2a: Torterra|spd|1\n|-boost|p2a: Torterra|atk|2\n|-boost|p2a: Torterra|spa|2\n|-boost|p2a: Torterra|spe|2\n|\n|-heal|p2b: Amoonguss|96\/100|[from] item: Black Sludge\n|upkeep\n|turn|2\n|j| Blonking\n|c|\u2606bnm5g|nah im doomed\n|\n|t:|1699268144\n|-terastallize|p2b: Amoonguss|Flying\n|move|p1b: Salamence|Rock Slide|p2a: Torterra|[spread] p2a,p2b\n|-resisted|p2a: Torterra\n|-supereffective|p2b: Amoonguss\n|-damage|p2a: Torterra|86\/100\n|-damage|p2b: Amoonguss|52\/100\n|move|p1a: Toxicroak|Knock Off|p2b: Amoonguss\n|-damage|p2b: Amoonguss|29\/100\n|-enditem|p2b: Amoonguss|Black Sludge|[from] move: Knock Off|[of] p1a: Toxicroak\n|cant|p2a: Torterra|flinch\n|move|p2b: Amoonguss|Spore|p1b: Salamence\n|-status|p1b: Salamence|slp|[from] move: Spore\n|\n|upkeep\n|turn|3\n|c|\u2606bnm5g|nice tera :))\n|\n|t:|1699268173\n|cant|p1b: Salamence|slp\n|move|p2b: Amoonguss|Protect|p2b: Amoonguss\n|-singleturn|p2b: Amoonguss|Protect\n|move|p1a: Toxicroak|Gunk Shot|p2b: Amoonguss\n|-activate|p2b: Amoonguss|move: Protect\n|move|p2a: Torterra|Earthquake|p1a: Toxicroak|[spread] p1a\n|-activate|p2b: Amoonguss|move: Protect\n|-immune|p1b: Salamence\n|-supereffective|p1a: Toxicroak\n|-damage|p1a: Toxicroak|0 fnt\n|faint|p1a: Toxicroak\n|\n|upkeep\n|turn|4\n|c|\u2606bnm5g|wood hammer?\n|\n|t:|1699268198\n|-curestatus|p1b: Salamence|slp|[msg]\n|move|p1b: Salamence|Rock Slide|p2a: Torterra|[spread] p2a,p2b\n|-resisted|p2a: Torterra\n|-supereffective|p2b: Amoonguss\n|-damage|p2a: Torterra|72\/100\n|-damage|p2b: Amoonguss|0 fnt\n|faint|p2b: Amoonguss\n|move|p2a: Torterra|Tera Blast|p1b: Salamence\n|-damage|p1b: Salamence|67\/100\n|\n|-sideend|p1: bnm5g|move: Tailwind\n|upkeep\n|turn|5\n|c|\u2606bnm5g|tera blast hmm\n|c|\u2606Randomssp|hmm\n|c|\u2606Randomssp|wood hamer is x4 resist\n|\n|t:|1699268218\n|move|p2a: Torterra|Wood Hammer|p1b: Salamence\n|-resisted|p1b: Salamence\n|-damage|p1b: Salamence|31\/100\n|-enditem|p1b: Salamence|Sitrus Berry|[eat]\n|-heal|p1b: Salamence|55\/100|[from] item: Sitrus Berry\n|-damage|p2a: Torterra|61\/100|[from] Recoil\n|move|p1b: Salamence|Dragon Claw|p2a: Torterra\n|-damage|p2a: Torterra|2\/100\n|\n|upkeep\n|turn|6\n|c|\u2606bnm5g|sitrus clutch\n|c|\u2606Randomssp|gg\n|c|\u2606bnm5g|gg\n|\n|t:|1699268237\n|move|p2a: Torterra|Tera Blast|p1b: Salamence\n|-damage|p1b: Salamence|23\/100\n|move|p1b: Salamence|Dragon Claw|p2a: Torterra\n|-damage|p2a: Torterra|0 fnt\n|faint|p2a: Torterra\n|\n|win|bnm5g\n|n|\u2606bnm5g|bnm5g\n|n|\u2606Randomssp|randomssp\n|n|*Lady Monita \u263d|ladymonita\n|n| Blonking|blonking\n","uploadtime":1699268238,"views":8,"p1id":"bnm5g","p2id":"randomssp","formatid":"gen9doublesou","rating":0,"private":0,"password":""}