{"id":"gen9doublesou-1983346547","p1":"MattCol","p2":"gonegeb","format":"[Gen 9] Doubles OU","log":"|j|\u2606MattCol\n|j|\u2606gonegeb\n|t:|1699120545\n|gametype|doubles\n|player|p1|MattCol|102|\n|player|p2|gonegeb|alain|\n|teamsize|p1|6\n|teamsize|p2|6\n|gen|9\n|tier|[Gen 9] Doubles OU\n|rule|Species Clause: Limit one of each Pok\u00e9mon\n|rule|OHKO Clause: OHKO moves are banned\n|rule|Evasion Moves Clause: Evasion moves are banned\n|rule|Gravity Sleep Clause: The combination of sleep-inducing moves with imperfect accuracy and Gravity or Gigantamax Orbeetle are banned\n|rule|Endless Battle Clause: Forcing endless battles is banned\n|rule|HP Percentage Mod: HP is shown in percentages\n|clearpoke\n|poke|p1|Quaquaval, F|\n|poke|p1|Baxcalibur, F|\n|poke|p1|Cinderace, M|\n|poke|p1|Slowbro-Galar, M|\n|poke|p1|Zarude-Dada|\n|poke|p1|Pelipper, F|\n|poke|p2|Lucario, M|\n|poke|p2|Umbreon, M|\n|poke|p2|Arcanine, F|\n|poke|p2|Ceruledge, M|\n|poke|p2|Maushold|\n|poke|p2|Fezandipiti, M|\n|teampreview\n|\n|t:|1699120557\n|start\n|switch|p1a: Cinderace|Cinderace, M|100\/100\n|switch|p1b: Baxcalibur|Baxcalibur, F|100\/100\n|switch|p2a: Anubis|Lucario, M|100\/100\n|switch|p2b: Tourmaline|Fezandipiti, M|100\/100\n|turn|1\n|\n|t:|1699120579\n|move|p1a: Cinderace|Taunt|p2b: Tourmaline\n|-start|p1a: Cinderace|typechange|Dark|[from] ability: Libero\n|-start|p2b: Tourmaline|move: Taunt\n|cant|p2b: Tourmaline|move: Taunt|Tailwind\n|move|p2a: Anubis|Swords Dance|p2a: Anubis\n|-boost|p2a: Anubis|atk|2\n|move|p1b: Baxcalibur|Swords Dance|p1b: Baxcalibur\n|-boost|p1b: Baxcalibur|atk|2\n|\n|upkeep\n|turn|2\n|\n|t:|1699120610\n|switch|p2b: Pryna|Arcanine, F, shiny|100\/100\n|-ability|p2b: Pryna|Intimidate|boost\n|-unboost|p1a: Cinderace|atk|1\n|-unboost|p1b: Baxcalibur|atk|1\n|-terastallize|p2a: Anubis|Normal\n|-terastallize|p1b: Baxcalibur|Fairy\n|move|p2a: Anubis|Extreme Speed|p1a: Cinderace\n|-damage|p1a: Cinderace|0 fnt\n|faint|p1a: Cinderace\n|move|p1b: Baxcalibur|Earthquake|p2a: Anubis|[spread] p2a,p2b\n|-supereffective|p2b: Pryna\n|-damage|p2a: Anubis|26\/100\n|-damage|p2b: Pryna|30\/100\n|-enditem|p2b: Pryna|Sitrus Berry|[eat]\n|-heal|p2b: Pryna|55\/100|[from] item: Sitrus Berry\n|\n|upkeep\n|\n|t:|1699120633\n|switch|p1a: Pelipper|Pelipper, F|100\/100\n|-weather|RainDance|[from] ability: Drizzle|[of] p1a: Pelipper\n|turn|3\n|\n|t:|1699120691\n|move|p1b: Baxcalibur|Protect|p1b: Baxcalibur\n|-singleturn|p1b: Baxcalibur|Protect\n|move|p2a: Anubis|Extreme Speed|p1b: Baxcalibur\n|-activate|p1b: Baxcalibur|move: Protect\n|move|p2b: Pryna|Extreme Speed|p1b: Baxcalibur\n|-activate|p1b: Baxcalibur|move: Protect\n|move|p1a: Pelipper|Tailwind|p1a: Pelipper\n|-sidestart|p1: MattCol|move: Tailwind\n|\n|-weather|RainDance|[upkeep]\n|upkeep\n|turn|4\n|\n|t:|1699120715\n|move|p1b: Baxcalibur|Protect||[still]\n|-fail|p1b: Baxcalibur\n|move|p2a: Anubis|Extreme Speed|p1b: Baxcalibur\n|-damage|p1b: Baxcalibur|29\/100\n|move|p2b: Pryna|Extreme Speed|p1b: Baxcalibur\n|-damage|p1b: Baxcalibur|9\/100\n|move|p1a: Pelipper|Hydro Pump|p2b: Pryna\n|-supereffective|p2b: Pryna\n|-crit|p2b: Pryna\n|-damage|p2b: Pryna|0 fnt\n|faint|p2b: Pryna\n|\n|-weather|RainDance|[upkeep]\n|upkeep\n|\n|t:|1699120735\n|switch|p2b: Tourmaline|Fezandipiti, M|100\/100\n|turn|5\n|\n|t:|1699120771\n|move|p2a: Anubis|Protect|p2a: Anubis\n|-singleturn|p2a: Anubis|Protect\n|move|p1b: Baxcalibur|Earthquake|p2a: Anubis|[spread] p2b\n|-activate|p2a: Anubis|move: Protect\n|-immune|p1a: Pelipper\n|-supereffective|p2b: Tourmaline\n|-damage|p2b: Tourmaline|3\/100\n|-enditem|p2b: Tourmaline|Figy Berry|[eat]\n|-heal|p2b: Tourmaline|36\/100|[from] item: Figy Berry\n|-start|p2b: Tourmaline|confusion\n|move|p1a: Pelipper|Hurricane|p2a: Anubis\n|-activate|p2a: Anubis|move: Protect\n|-activate|p2b: Tourmaline|confusion\n|move|p2b: Tourmaline|Dazzling Gleam|p1b: Baxcalibur|[spread] p1a,p1b\n|-damage|p1a: Pelipper|83\/100\n|-damage|p1b: Baxcalibur|0 fnt\n|-status|p1a: Pelipper|tox|[from] ability: Toxic Chain|[of] p2b: Tourmaline\n|faint|p1b: Baxcalibur\n|-enditem|p1a: Pelipper|Eject Button\n|\n|t:|1699120791\n|switch|p1a: Quaquaval|Quaquaval, F|100\/100\n|\n|-weather|RainDance|[upkeep]\n|upkeep\n|\n|t:|1699120799\n|switch|p1b: Slowbro|Slowbro-Galar, M|100\/100\n|turn|6\n|\n|t:|1699120811\n|move|p2a: Anubis|Extreme Speed|p1a: Quaquaval\n|-damage|p1a: Quaquaval|0 fnt\n|faint|p1a: Quaquaval\n|-activate|p2b: Tourmaline|confusion\n|-damage|p2b: Tourmaline|28\/100|[from] confusion\n|move|p1b: Slowbro|Nasty Plot|p1b: Slowbro\n|-boost|p1b: Slowbro|spa|2\n|\n|-weather|RainDance|[upkeep]\n|-sideend|p1: MattCol|move: Tailwind\n|upkeep\n|\n|t:|1699120825\n|switch|p1a: Zarude|Zarude-Dada|100\/100\n|turn|7\n|-activate|p1b: Slowbro|item: Quick Claw\n|\n|t:|1699120834\n|move|p2a: Anubis|Protect|p2a: Anubis\n|-singleturn|p2a: Anubis|Protect\n|move|p1b: Slowbro|Surf|p2b: Tourmaline|[spread] p1a,p2b\n|-activate|p2a: Anubis|move: Protect\n|-resisted|p1a: Zarude\n|-crit|p2b: Tourmaline\n|-damage|p1a: Zarude|70\/100\n|-damage|p2b: Tourmaline|0 fnt\n|faint|p2b: Tourmaline\n|move|p1a: Zarude|Jungle Healing|p1a: Zarude|[spread] p1a,p1b\n|-heal|p1a: Zarude|95\/100\n|\n|-weather|none\n|upkeep\n|\n|t:|1699120854\n|switch|p2b: Howlite|Maushold|100\/100\n|turn|8\n|-activate|p1b: Slowbro|ability: Quick Draw\n|\n|t:|1699120874\n|move|p2a: Anubis|Extreme Speed|p1b: Slowbro\n|-damage|p1b: Slowbro|31\/100\n|move|p1b: Slowbro|Shell Side Arm|p2a: Anubis|[anim] Shell Side Arm Special\n|-damage|p2a: Anubis|0 fnt\n|-hint|Special Shell Side Arm\n|faint|p2a: Anubis\n|move|p2b: Howlite|Taunt|p1a: Zarude\n|-start|p1a: Zarude|move: Taunt\n|move|p1a: Zarude|Drain Punch|p2b: Howlite\n|-supereffective|p2b: Howlite\n|-damage|p2b: Howlite|41\/100\n|-heal|p1a: Zarude|100\/100|[from] drain|[of] p2b: Howlite\n|-enditem|p2b: Howlite|Sitrus Berry|[eat]\n|-heal|p2b: Howlite|66\/100|[from] item: Sitrus Berry\n|-heal|p2b: Howlite|99\/100|[from] ability: Cheek Pouch\n|\n|upkeep\n|\n|t:|1699120895\n|switch|p2a: Obsidian|Ceruledge, M, shiny|100\/100\n|turn|9\n|\n|t:|1699120908\n|move|p2b: Howlite|Follow Me|p2b: Howlite\n|-singleturn|p2b: Howlite|move: Follow Me\n|move|p2a: Obsidian|Shadow Sneak|p1b: Slowbro\n|-supereffective|p1b: Slowbro\n|-damage|p1b: Slowbro|0 fnt\n|faint|p1b: Slowbro\n|move|p1a: Zarude|Knock Off|p2b: Howlite\n|-damage|p2b: Howlite|57\/100\n|\n|upkeep\n|\n|t:|1699120917\n|switch|p1b: Pelipper|Pelipper, F|83\/100 tox\n|-weather|RainDance|[from] ability: Drizzle|[of] p1b: Pelipper\n|turn|10\n|\n|t:|1699120929\n|move|p2b: Howlite|Follow Me|p2b: Howlite\n|-singleturn|p2b: Howlite|move: Follow Me\n|move|p1a: Zarude|Knock Off|p2b: Howlite\n|-damage|p2b: Howlite|16\/100\n|move|p2a: Obsidian|Bulk Up|p2a: Obsidian\n|-boost|p2a: Obsidian|atk|1\n|-boost|p2a: Obsidian|def|1\n|move|p1b: Pelipper|Hydro Pump|p2b: Howlite|[miss]\n|-miss|p1b: Pelipper|p2b: Howlite\n|\n|-weather|RainDance|[upkeep]\n|-damage|p1b: Pelipper|76\/100 tox|[from] psn\n|-end|p1a: Zarude|move: Taunt\n|upkeep\n|turn|11\n|l|\u2606MattCol\n|player|p1|\n|j|\u2606MattCol\n|player|p1|MattCol|102\n|\n|t:|1699122712\n|move|p2b: Howlite|Follow Me|p2b: Howlite\n|-singleturn|p2b: Howlite|move: Follow Me\n|move|p1a: Zarude|Knock Off|p2b: Howlite\n|-damage|p2b: Howlite|0 fnt\n|faint|p2b: Howlite\n|move|p2a: Obsidian|Bitter Blade|p1a: Zarude\n|-supereffective|p1a: Zarude\n|-damage|p1a: Zarude|49\/100\n|move|p1b: Pelipper|Hydro Pump|p2a: Obsidian\n|-supereffective|p2a: Obsidian\n|-damage|p2a: Obsidian|2\/100\n|-enditem|p2a: Obsidian|Weakness Policy\n|-boost|p2a: Obsidian|atk|2|[from] item: Weakness Policy\n|-boost|p2a: Obsidian|spa|2|[from] item: Weakness Policy\n|\n|-weather|RainDance|[upkeep]\n|-damage|p1b: Pelipper|64\/100 tox|[from] psn\n|upkeep\n|\n|t:|1699122848\n|switch|p2b: Umbra|Umbreon, M, shiny|100\/100\n|turn|12\n|\n|t:|1699122874\n|move|p2a: Obsidian|Shadow Sneak|p1b: Pelipper\n|-damage|p1b: Pelipper|22\/100 tox\n|move|p1a: Zarude|Drain Punch|p2b: Umbra\n|-supereffective|p2b: Umbra\n|-damage|p2b: Umbra|70\/100\n|-heal|p1a: Zarude|66\/100|[from] drain|[of] p2b: Umbra\n|move|p1b: Pelipper|Hurricane|p2a: Obsidian\n|-damage|p2a: Obsidian|0 fnt\n|faint|p2a: Obsidian\n|move|p2b: Umbra|Yawn|p1a: Zarude\n|-start|p1a: Zarude|move: Yawn|[of] p2b: Umbra\n|\n|-weather|RainDance|[upkeep]\n|-heal|p2b: Umbra|76\/100|[from] item: Leftovers\n|-damage|p1b: Pelipper|3\/100 tox|[from] psn\n|upkeep\n|turn|13\n|\n|t:|1699122897\n|move|p2b: Umbra|Protect|p2b: Umbra\n|-singleturn|p2b: Umbra|Protect\n|move|p1a: Zarude|Jungle Healing|p1a: Zarude|[spread] p1a,p1b\n|-heal|p1a: Zarude|91\/100\n|-heal|p1b: Pelipper|28\/100 tox\n|-curestatus|p1b: Pelipper|tox|[msg]\n|move|p1b: Pelipper|Hurricane|p2b: Umbra\n|-activate|p2b: Umbra|move: Protect\n|\n|-weather|RainDance|[upkeep]\n|-heal|p2b: Umbra|82\/100|[from] item: Leftovers\n|-end|p1a: Zarude|move: Yawn|[silent]\n|-status|p1a: Zarude|slp\n|upkeep\n|turn|14\n|\n|t:|1699122922\n|cant|p1a: Zarude|slp\n|move|p1b: Pelipper|Hurricane|p2b: Umbra\n|-damage|p2b: Umbra|56\/100\n|move|p2b: Umbra|Foul Play|p1b: Pelipper\n|-damage|p1b: Pelipper|14\/100\n|\n|-weather|none\n|-heal|p2b: Umbra|62\/100|[from] item: Leftovers\n|upkeep\n|turn|15\n|l|\u2606MattCol\n|player|p1|\n|j|\u2606MattCol\n|player|p1|MattCol|102\n|\n|t:|1699123356\n|-curestatus|p1a: Zarude|slp|[msg]\n|move|p1a: Zarude|Drain Punch|p2b: Umbra\n|-supereffective|p2b: Umbra\n|-damage|p2b: Umbra|30\/100\n|-heal|p1a: Zarude|100\/100|[from] drain|[of] p2b: Umbra\n|move|p1b: Pelipper|Hydro Pump|p2b: Umbra\n|-damage|p2b: Umbra|2\/100\n|move|p2b: Umbra|Foul Play|p1b: Pelipper\n|-damage|p1b: Pelipper|0 fnt\n|faint|p1b: Pelipper\n|\n|-heal|p2b: Umbra|8\/100|[from] item: Leftovers\n|upkeep\n|turn|16\n|l|\u2606MattCol\n|player|p1|\n|\n|t:|1699123440\n|move|p2b: Umbra|Protect|p2b: Umbra\n|-singleturn|p2b: Umbra|Protect\n|move|p1a: Zarude|Drain Punch|p2b: Umbra\n|-activate|p2b: Umbra|move: Protect\n|\n|-heal|p2b: Umbra|14\/100|[from] item: Leftovers\n|upkeep\n|turn|17\n|-message|gonegeb forfeited.\n|\n|win|MattCol\n","uploadtime":1699124112,"views":21,"p1id":"mattcol","p2id":"gonegeb","formatid":"gen9doublesou","rating":0,"private":0,"password":""}