{"id":"gen9doublesou-1978712344","p1":"DzSpinda","p2":"Mbozzo11","format":"[Gen 9] Doubles OU","log":"|j|\u2606DzSpinda\n|j|\u2606Mbozzo11\n|t:|1698585514\n|gametype|doubles\n|player|p1|DzSpinda|unknown|1000\n|player|p2|Mbozzo11|red|1039\n|teamsize|p1|2\n|teamsize|p2|6\n|gen|9\n|tier|[Gen 9] Doubles OU\n|rated|\n|rule|Species Clause: Limit one of each Pok\u00e9mon\n|rule|OHKO Clause: OHKO moves are banned\n|rule|Evasion Moves Clause: Evasion moves are banned\n|rule|Gravity Sleep Clause: The combination of sleep-inducing moves with imperfect accuracy and Gravity or Gigantamax Orbeetle are banned\n|rule|Endless Battle Clause: Forcing endless battles is banned\n|rule|HP Percentage Mod: HP is shown in percentages\n|clearpoke\n|poke|p1|Gholdengo|\n|poke|p1|Hoopa-Unbound|\n|poke|p2|Vivillon, M|\n|poke|p2|Mismagius, F|\n|poke|p2|Slaking, M|\n|poke|p2|Mandibuzz, F|\n|poke|p2|Azumarill, F|\n|poke|p2|Amoonguss, M|\n|teampreview\n|inactive|Battle timer is ON: inactive players will automatically lose when time's up. (requested by DzSpinda)\n|\n|t:|1698585517\n|start\n|switch|p1a: Gholdengo|Gholdengo|100\/100\n|switch|p1b: Hoopa|Hoopa-Unbound|100\/100\n|switch|p2a: Azumarill|Azumarill, F|100\/100\n|switch|p2b: Mismagius|Mismagius, F|100\/100\n|turn|1\n|\n|t:|1698585548\n|-terastallize|p1a: Gholdengo|Steel\n|move|p2b: Mismagius|Skill Swap|p2a: Azumarill\n|-activate|p2b: Mismagius|move: Skill Swap|||[of] p2a: Azumarill\n|move|p1a: Gholdengo|Make It Rain|p2b: Mismagius|[spread] p2a,p2b\n|-damage|p2a: Azumarill|35\/100\n|-damage|p2b: Mismagius|10\/100\n|-unboost|p1a: Gholdengo|spa|1\n|move|p1b: Hoopa|Dark Pulse|p2a: Azumarill\n|-resisted|p2a: Azumarill\n|-damage|p2a: Azumarill|6\/100\n|-enditem|p2a: Azumarill|Aguav Berry|[eat]\n|-heal|p2a: Azumarill|40\/100|[from] item: Aguav Berry\n|move|p2a: Azumarill|Soak|p1b: Hoopa\n|-start|p1b: Hoopa|typechange|Water\n|\n|-heal|p2b: Mismagius|16\/100|[from] item: Leftovers\n|upkeep\n|turn|2\n|\n|t:|1698585570\n|switch|p2a: Slaking|Slaking, M|100\/100\n|move|p2b: Mismagius|Skill Swap|p2a: Slaking\n|-activate|p2b: Mismagius|move: Skill Swap|||[of] p2a: Slaking\n|move|p1a: Gholdengo|Make It Rain|p2a: Slaking|[spread] p2a,p2b\n|-damage|p2a: Slaking|35\/100\n|-damage|p2b: Mismagius|0 fnt\n|-unboost|p1a: Gholdengo|spa|1\n|-enditem|p2a: Slaking|Sitrus Berry|[eat]\n|-heal|p2a: Slaking|60\/100|[from] item: Sitrus Berry\n|faint|p2b: Mismagius\n|move|p1b: Hoopa|Dark Pulse|p2a: Slaking\n|-damage|p2a: Slaking|13\/100\n|\n|upkeep\n|inactive|Mbozzo11 has 120 seconds left.\n|\n|t:|1698585589\n|switch|p2b: Vivillon|Vivillon, M|100\/100\n|turn|3\n|\n|t:|1698585598\n|move|p2b: Vivillon|Rage Powder|p2b: Vivillon\n|-singleturn|p2b: Vivillon|move: Rage Powder\n|move|p1a: Gholdengo|Make It Rain|p2b: Vivillon|[spread] p2a,p2b\n|-damage|p2a: Slaking|0 fnt\n|-damage|p2b: Vivillon|19\/100\n|-unboost|p1a: Gholdengo|spa|1\n|faint|p2a: Slaking\n|move|p1b: Hoopa|Dark Pulse|p2b: Vivillon\n|-damage|p2b: Vivillon|0 fnt\n|faint|p2b: Vivillon\n|\n|upkeep\n|\n|t:|1698585606\n|switch|p2a: Azumarill|Azumarill, F|40\/100\n|switch|p2b: Mandibuzz|Mandibuzz, F, shiny|100\/100\n|turn|4\n|\n|t:|1698585614\n|move|p1a: Gholdengo|Make It Rain|p2b: Mandibuzz|[spread] p2a,p2b\n|-damage|p2a: Azumarill|13\/100\n|-damage|p2b: Mandibuzz|70\/100\n|-unboost|p1a: Gholdengo|spa|1\n|move|p2b: Mandibuzz|Toxic|p1b: Hoopa\n|-status|p1b: Hoopa|tox\n|move|p1b: Hoopa|Dark Pulse|p2a: Azumarill\n|-resisted|p2a: Azumarill\n|-damage|p2a: Azumarill|0 fnt\n|faint|p2a: Azumarill\n|\n|-heal|p2b: Mandibuzz|76\/100|[from] item: Leftovers\n|-damage|p1b: Hoopa|95\/100 tox|[from] psn\n|upkeep\n|\n|t:|1698585626\n|switch|p2a: Amoonguss|Amoonguss, M|100\/100\n|turn|5\n|\n|t:|1698585639\n|move|p2a: Amoonguss|Rage Powder|p2a: Amoonguss\n|-singleturn|p2a: Amoonguss|move: Rage Powder\n|move|p1a: Gholdengo|Make It Rain|p2b: Mandibuzz|[spread] p2a,p2b\n|-damage|p2a: Amoonguss|71\/100\n|-damage|p2b: Mandibuzz|49\/100\n|-unboost|p1a: Gholdengo|spa|1\n|move|p2b: Mandibuzz|Taunt|p1a: Gholdengo\n|-immune|p1a: Gholdengo|[from] ability: Good as Gold\n|move|p1b: Hoopa|Dark Pulse|p2a: Amoonguss\n|-damage|p2a: Amoonguss|20\/100\n|\n|-heal|p2b: Mandibuzz|55\/100|[from] item: Leftovers\n|-heal|p2a: Amoonguss|26\/100|[from] item: Black Sludge\n|-damage|p1b: Hoopa|83\/100 tox|[from] psn\n|upkeep\n|turn|6\n|\n|t:|1698585664\n|move|p2a: Amoonguss|Rage Powder|p2a: Amoonguss\n|-singleturn|p2a: Amoonguss|move: Rage Powder\n|move|p1a: Gholdengo|Make It Rain|p2a: Amoonguss|[spread] p2a,p2b\n|-crit|p2a: Amoonguss\n|-damage|p2a: Amoonguss|0 fnt\n|-damage|p2b: Mandibuzz|32\/100\n|-unboost|p1a: Gholdengo|spa|1\n|faint|p2a: Amoonguss\n|move|p2b: Mandibuzz|Dark Pulse|p1b: Hoopa\n|-damage|p1b: Hoopa|71\/100 tox\n|move|p1b: Hoopa|Dark Pulse|p2b: Mandibuzz\n|-resisted|p2b: Mandibuzz\n|-damage|p2b: Mandibuzz|11\/100\n|\n|-heal|p2b: Mandibuzz|17\/100|[from] item: Leftovers\n|-damage|p1b: Hoopa|53\/100 tox|[from] psn\n|upkeep\n|turn|7\n|-message|Mbozzo11 forfeited.\n|\n|win|DzSpinda\n|raw|DzSpinda's rating: 1000 &rarr; <strong>1044<\/strong><br \/>(+44 for winning)\n|raw|Mbozzo11's rating: 1039 &rarr; <strong>1021<\/strong><br \/>(-18 for losing)\n|l|\u2606Mbozzo11\n","uploadtime":1698585683,"views":22,"p1id":"dzspinda","p2id":"mbozzo11","formatid":"gen9doublesou","rating":1021,"private":0,"password":""}