{"id":"gen9doublesou-1976935100","p1":"Testingchev2","p2":"mikeyuwu","format":"[Gen 9] Doubles OU","log":"|j|\u2606Testingchev2\n|j|\u2606mikeyuwu\n|t:|1698353883\n|gametype|doubles\n|player|p1|Testingchev2|101|1224\n|player|p2|mikeyuwu|psychic-gen4|1236\n|teamsize|p1|6\n|teamsize|p2|6\n|gen|9\n|tier|[Gen 9] Doubles OU\n|rated|\n|rule|Species Clause: Limit one of each Pok\u00e9mon\n|rule|OHKO Clause: OHKO moves are banned\n|rule|Evasion Moves Clause: Evasion moves are banned\n|rule|Gravity Sleep Clause: The combination of sleep-inducing moves with imperfect accuracy and Gravity or Gigantamax Orbeetle are banned\n|rule|Endless Battle Clause: Forcing endless battles is banned\n|rule|HP Percentage Mod: HP is shown in percentages\n|clearpoke\n|poke|p1|Garganacl, M|\n|poke|p1|Goodra-Hisui, F|\n|poke|p1|Volcanion|\n|poke|p1|Cresselia, F|\n|poke|p1|Glimmora, M|\n|poke|p1|Grimmsnarl, M|\n|poke|p2|Garchomp, M|\n|poke|p2|Tyranitar, F|\n|poke|p2|Vaporeon, F|\n|poke|p2|Toxicroak, M|\n|poke|p2|Pelipper, F|\n|poke|p2|Abomasnow, M|\n|teampreview\n|\n|t:|1698353894\n|start\n|switch|p1a: Glimmora|Glimmora, M|100\/100\n|switch|p1b: Garganacl|Garganacl, M|100\/100\n|switch|p2a: OTLHPM|Toxicroak, M|100\/100\n|switch|p2b: Harmacy|Vaporeon, F|100\/100\n|turn|1\n|inactive|Battle timer is ON: inactive players will automatically lose when time's up. (requested by Testingchev2)\n|\n|t:|1698353908\n|switch|p2a: Weather War|Pelipper, F|100\/100\n|-weather|RainDance|[from] ability: Drizzle|[of] p2a: Weather War\n|move|p1a: Glimmora|Spiky Shield|p1a: Glimmora\n|-singleturn|p1a: Glimmora|move: Protect\n|move|p2b: Harmacy|Weather Ball|p1b: Garganacl\n|-supereffective|p1b: Garganacl\n|-damage|p1b: Garganacl|21\/100\n|move|p1b: Garganacl|Salt Cure|p2b: Harmacy\n|-damage|p2b: Harmacy|89\/100\n|-start|p2b: Harmacy|Salt Cure\n|\n|-weather|RainDance|[upkeep]\n|-heal|p2b: Harmacy|96\/100|[from] item: Leftovers\n|-heal|p1b: Garganacl|27\/100|[from] item: Leftovers\n|-damage|p2b: Harmacy|71\/100|[from] Salt Cure\n|upkeep\n|turn|2\n|\n|t:|1698353929\n|switch|p2b: OTLHPM|Toxicroak, M|100\/100\n|switch|p1b: Volcanion|Volcanion|100\/100\n|move|p1a: Glimmora|Stealth Rock|p2a: Weather War\n|-sidestart|p2: mikeyuwu|move: Stealth Rock\n|move|p2a: Weather War|Chilling Water|p1b: Volcanion\n|-immune|p1b: Volcanion|[from] ability: Water Absorb\n|\n|-weather|RainDance|[upkeep]\n|upkeep\n|turn|3\n|\n|t:|1698353954\n|move|p1b: Volcanion|Protect|p1b: Volcanion\n|-singleturn|p1b: Volcanion|Protect\n|move|p1a: Glimmora|Sludge Bomb|p2a: Weather War\n|-damage|p2a: Weather War|42\/100\n|move|p2b: OTLHPM|Earthquake|p1a: Glimmora|[spread] p1a\n|-activate|p1b: Volcanion|move: Protect\n|-immune|p2a: Weather War\n|-supereffective|p1a: Glimmora\n|-damage|p1a: Glimmora|4\/100\n|-activate|p1a: Glimmora|ability: Toxic Debris\n|-sidestart|p2: mikeyuwu|move: Toxic Spikes\n|move|p2a: Weather War|Hurricane|p1b: Volcanion\n|-activate|p1b: Volcanion|move: Protect\n|\n|-weather|RainDance|[upkeep]\n|upkeep\n|turn|4\n|\n|t:|1698353975\n|switch|p2a: Harmacy|Vaporeon, F|71\/100\n|-damage|p2a: Harmacy|58\/100|[from] Stealth Rock\n|-status|p2a: Harmacy|psn\n|switch|p1b: Cresselia|Cresselia, F|100\/100\n|move|p1a: Glimmora|Spiky Shield|p1a: Glimmora\n|-singleturn|p1a: Glimmora|move: Protect\n|move|p2b: OTLHPM|Poison Jab|p1b: Cresselia\n|-damage|p1b: Cresselia|77\/100\n|\n|-weather|RainDance|[upkeep]\n|-activate|p2a: Harmacy|ability: Hydration\n|-curestatus|p2a: Harmacy|psn|[msg]\n|-heal|p2a: Harmacy|64\/100|[from] item: Leftovers\n|upkeep\n|turn|5\n|inactive|Testingchev2 has 120 seconds left.\n|\n|t:|1698354008\n|switch|p2b: Weather War|Pelipper, F|42\/100\n|move|p1b: Cresselia|Ally Switch|p1b: Cresselia\n|swap|p1b: Cresselia|0|[from] move: Ally Switch\n|move|p1b: Glimmora|Energy Ball|p2a: Harmacy\n|-supereffective|p2a: Harmacy\n|-damage|p2a: Harmacy|20\/100\n|move|p2a: Harmacy|Weather Ball|p1a: Cresselia\n|-damage|p1a: Cresselia|50\/100\n|\n|-weather|none\n|-heal|p2a: Harmacy|26\/100|[from] item: Leftovers\n|upkeep\n|turn|6\n|\n|t:|1698354031\n|switch|p2b: OTLHPM|Toxicroak, M|100\/100\n|-damage|p2b: OTLHPM|94\/100|[from] Stealth Rock\n|-sideend|p2: mikeyuwu|move: Toxic Spikes|[of] p2b: OTLHPM\n|switch|p2a: Extra Spicy|Garchomp, M|100\/100\n|-damage|p2a: Extra Spicy|94\/100|[from] Stealth Rock\n|move|p1b: Glimmora|Spiky Shield|p1b: Glimmora\n|-singleturn|p1b: Glimmora|move: Protect\n|move|p1a: Cresselia|Lunar Blessing|p1a: Cresselia|[spread] p1a,p1b\n|-heal|p1a: Cresselia|75\/100\n|-heal|p1b: Glimmora|29\/100\n|\n|-heal|p2b: OTLHPM|100\/100|[from] item: Black Sludge\n|upkeep\n|turn|7\n|\n|t:|1698354055\n|switch|p1b: Grimmsnarl|Grimmsnarl, M, shiny|100\/100\n|move|p2a: Extra Spicy|Poison Jab|p1a: Cresselia\n|-damage|p1a: Cresselia|59\/100\n|move|p2b: OTLHPM|Poison Jab|p1a: Cresselia\n|-damage|p1a: Cresselia|35\/100\n|move|p1a: Cresselia|Psychic|p2b: OTLHPM\n|-supereffective|p2b: OTLHPM\n|-damage|p2b: OTLHPM|0 fnt\n|faint|p2b: OTLHPM\n|\n|upkeep\n|\n|t:|1698354068\n|switch|p2b: ThcrThnSnkr|Tyranitar, F|100\/100\n|-damage|p2b: ThcrThnSnkr|88\/100|[from] Stealth Rock\n|-weather|Sandstorm|[from] ability: Sand Stream|[of] p2b: ThcrThnSnkr\n|turn|8\n|inactive|Testingchev2 has 120 seconds left.\n|\n|t:|1698354123\n|move|p1b: Grimmsnarl|Fake Out|p2b: ThcrThnSnkr\n|-resisted|p2b: ThcrThnSnkr\n|-damage|p2b: ThcrThnSnkr|81\/100\n|move|p2a: Extra Spicy|Brick Break|p1b: Grimmsnarl\n|-damage|p1b: Grimmsnarl|72\/100\n|cant|p2b: ThcrThnSnkr|flinch\n|move|p1a: Cresselia|Trick Room|p1a: Cresselia\n|-fieldstart|move: Trick Room|[of] p1a: Cresselia\n|\n|-weather|Sandstorm|[upkeep]\n|-damage|p1b: Grimmsnarl|66\/100|[from] Sandstorm\n|-damage|p1a: Cresselia|29\/100|[from] Sandstorm\n|upkeep\n|turn|9\n|inactive|Testingchev2 has 120 seconds left.\n|\n|t:|1698354142\n|move|p1b: Grimmsnarl|Spirit Break|p2a: Extra Spicy\n|-supereffective|p2a: Extra Spicy\n|-damage|p2a: Extra Spicy|45\/100\n|-unboost|p2a: Extra Spicy|spa|1\n|-damage|p1b: Grimmsnarl|54\/100|[from] ability: Rough Skin|[of] p2a: Extra Spicy\n|-damage|p1b: Grimmsnarl|37\/100|[from] item: Rocky Helmet|[of] p2a: Extra Spicy\n|move|p1a: Cresselia|Lunar Blessing|p1a: Cresselia|[spread] p1a,p1b\n|-heal|p1a: Cresselia|54\/100\n|-heal|p1b: Grimmsnarl|62\/100\n|move|p2b: ThcrThnSnkr|Knock Off|p1a: Cresselia\n|-supereffective|p1a: Cresselia\n|-damage|p1a: Cresselia|0 fnt\n|-enditem|p1a: Cresselia|Mental Herb|[from] move: Knock Off|[of] p2b: ThcrThnSnkr\n|faint|p1a: Cresselia\n|move|p2a: Extra Spicy|Poison Jab|p1b: Grimmsnarl\n|-supereffective|p1b: Grimmsnarl\n|-damage|p1b: Grimmsnarl|9\/100\n|\n|-weather|Sandstorm|[upkeep]\n|-damage|p1b: Grimmsnarl|3\/100|[from] Sandstorm\n|upkeep\n|\n|t:|1698354165\n|switch|p1a: Volcanion|Volcanion|100\/100\n|turn|10\n|\n|t:|1698354180\n|switch|p2b: Cold Shoulder|Abomasnow, M, shiny|100\/100\n|-damage|p2b: Cold Shoulder|76\/100|[from] Stealth Rock\n|-weather|Snow|[from] ability: Snow Warning|[of] p2b: Cold Shoulder\n|move|p1b: Grimmsnarl|Parting Shot|p2a: Extra Spicy\n|-unboost|p2a: Extra Spicy|atk|1\n|-unboost|p2a: Extra Spicy|spa|1\n|inactive|Testingchev2 has 90 seconds left.\n|inactive|Testingchev2 has 60 seconds left.\n|inactive|Testingchev2 has 30 seconds left.\n|inactive|Testingchev2 has 20 seconds left.\n|inactive|Testingchev2 has 15 seconds left.\n|\n|t:|1698354279\n|switch|p1b: Glimmora|Glimmora, M|29\/100|[from] Parting Shot\n|move|p1a: Volcanion|Steam Eruption|p2b: Cold Shoulder\n|-resisted|p2b: Cold Shoulder\n|-damage|p2b: Cold Shoulder|42\/100\n|move|p2a: Extra Spicy|Earthquake|p1a: Volcanion|[spread] p2b,p1a,p1b\n|-resisted|p2b: Cold Shoulder\n|-supereffective|p1a: Volcanion\n|-supereffective|p1b: Glimmora\n|-damage|p2b: Cold Shoulder|36\/100\n|-damage|p1a: Volcanion|68\/100\n|-damage|p1b: Glimmora|0 fnt\n|-activate|p1b: Glimmora|ability: Toxic Debris\n|-sidestart|p2: mikeyuwu|move: Toxic Spikes\n|faint|p1b: Glimmora\n|\n|-weather|Snow|[upkeep]\n|upkeep\n|inactive|Testingchev2 has 20 seconds left this turn.\n|inactive|Testingchev2 has 15 seconds left.\n|\n|t:|1698354286\n|switch|p1b: Garganacl|Garganacl, M|27\/100\n|turn|11\n|inactive|Testingchev2 has 30 seconds left.\n|\n|t:|1698354299\n|switch|p2a: Weather War|Pelipper, F|42\/100\n|-weather|RainDance|[from] ability: Drizzle|[of] p2a: Weather War\n|-terastallize|p2b: Cold Shoulder|Water\n|move|p1b: Garganacl|Wide Guard|p1b: Garganacl\n|-singleturn|p1b: Garganacl|Wide Guard\n|move|p1a: Volcanion|Heat Wave|p2b: Cold Shoulder|[spread] p2a,p2b\n|-resisted|p2a: Weather War\n|-resisted|p2b: Cold Shoulder\n|-damage|p2a: Weather War|27\/100\n|-damage|p2b: Cold Shoulder|26\/100\n|move|p2b: Cold Shoulder|Weather Ball|p1b: Garganacl\n|-supereffective|p1b: Garganacl\n|-damage|p1b: Garganacl|0 fnt\n|faint|p1b: Garganacl\n|\n|-weather|RainDance|[upkeep]\n|upkeep\n|inactive|Testingchev2 has 30 seconds left.\n|inactive|Testingchev2 has 20 seconds left.\n|inactive|Testingchev2 has 15 seconds left.\n|inactive|Testingchev2 has 10 seconds left.\n|\n|t:|1698354328\n|switch|p1b: Grimmsnarl|Grimmsnarl, M, shiny|3\/100\n|turn|12\n|inactive|Testingchev2 has 30 seconds left.\n|\n|t:|1698354342\n|move|p1b: Grimmsnarl|Fake Out|p2a: Weather War\n|-crit|p2a: Weather War\n|-damage|p2a: Weather War|10\/100\n|move|p1a: Volcanion|Earth Power|p2b: Cold Shoulder\n|-damage|p2b: Cold Shoulder|0 fnt\n|faint|p2b: Cold Shoulder\n|cant|p2a: Weather War|flinch\n|\n|-weather|RainDance|[upkeep]\n|-fieldend|move: Trick Room\n|upkeep\n|\n|t:|1698354347\n|switch|p2b: ThcrThnSnkr|Tyranitar, F|81\/100\n|-damage|p2b: ThcrThnSnkr|69\/100|[from] Stealth Rock\n|-status|p2b: ThcrThnSnkr|psn\n|-weather|Sandstorm|[from] ability: Sand Stream|[of] p2b: ThcrThnSnkr\n|turn|13\n|\n|t:|1698354356\n|move|p1b: Grimmsnarl|Sucker Punch|p2a: Weather War\n|-damage|p2a: Weather War|0 fnt\n|faint|p2a: Weather War\n|move|p2b: ThcrThnSnkr|Rock Slide|p1a: Volcanion|[spread] p1a,p1b\n|-supereffective|p1a: Volcanion\n|-damage|p1a: Volcanion|29\/100\n|-damage|p1b: Grimmsnarl|0 fnt\n|faint|p1b: Grimmsnarl\n|cant|p1a: Volcanion|flinch\n|\n|-weather|Sandstorm|[upkeep]\n|-damage|p1a: Volcanion|23\/100|[from] Sandstorm\n|-damage|p2b: ThcrThnSnkr|57\/100 psn|[from] psn\n|upkeep\n|\n|t:|1698354370\n|switch|p2a: Harmacy|Vaporeon, F|26\/100\n|switch|p1b: Goodra|Goodra-Hisui, F|100\/100\n|-damage|p2a: Harmacy|13\/100|[from] Stealth Rock\n|-status|p2a: Harmacy|psn\n|turn|14\n|inactive|Testingchev2 has 90 seconds left.\n|\n|t:|1698354378\n|move|p1a: Volcanion|Protect|p1a: Volcanion\n|-singleturn|p1a: Volcanion|Protect\n|move|p1b: Goodra|Protect|p1b: Goodra\n|-singleturn|p1b: Goodra|Protect\n|move|p2b: ThcrThnSnkr|Rock Slide|p1a: Volcanion|[spread] \n|-activate|p1a: Volcanion|move: Protect\n|-activate|p1b: Goodra|move: Protect\n|move|p2a: Harmacy|Weather Ball|p1a: Volcanion\n|-activate|p1a: Volcanion|move: Protect\n|\n|-weather|Sandstorm|[upkeep]\n|-damage|p2a: Harmacy|7\/100 psn|[from] Sandstorm\n|-damage|p1a: Volcanion|17\/100|[from] Sandstorm\n|-heal|p2a: Harmacy|13\/100 psn|[from] item: Leftovers\n|-damage|p2b: ThcrThnSnkr|44\/100 psn|[from] psn\n|-damage|p2a: Harmacy|1\/100 psn|[from] psn\n|upkeep\n|turn|15\n|\n|t:|1698354399\n|-terastallize|p1a: Volcanion|Ground\n|move|p2b: ThcrThnSnkr|Rock Slide|p1a: Volcanion|[spread] p1a,p1b\n|-resisted|p1a: Volcanion\n|-resisted|p1b: Goodra\n|-damage|p1a: Volcanion|6\/100\n|-damage|p1b: Goodra|90\/100\n|move|p2a: Harmacy|Wish|p2a: Harmacy\n|cant|p1a: Volcanion|flinch\n|cant|p1b: Goodra|flinch\n|\n|-weather|Sandstorm|[upkeep]\n|-damage|p2a: Harmacy|0 fnt|[from] Sandstorm\n|faint|p2a: Harmacy\n|-heal|p1b: Goodra|96\/100|[from] item: Leftovers\n|-damage|p2b: ThcrThnSnkr|32\/100 psn|[from] psn\n|upkeep\n|\n|t:|1698354409\n|switch|p2a: Extra Spicy|Garchomp, M|45\/100\n|-damage|p2a: Extra Spicy|39\/100|[from] Stealth Rock\n|-status|p2a: Extra Spicy|psn\n|turn|16\n|inactive|Testingchev2 has 120 seconds left.\n|\n|t:|1698354426\n|move|p1a: Volcanion|Protect|p1a: Volcanion\n|-singleturn|p1a: Volcanion|Protect\n|move|p1b: Goodra|Protect|p1b: Goodra\n|-singleturn|p1b: Goodra|Protect\n|move|p2a: Extra Spicy|Earthquake|p1a: Volcanion|[spread] p2b\n|-activate|p1a: Volcanion|move: Protect\n|-activate|p1b: Goodra|move: Protect\n|-supereffective|p2b: ThcrThnSnkr\n|-damage|p2b: ThcrThnSnkr|0 fnt\n|faint|p2b: ThcrThnSnkr\n|\n|-weather|Sandstorm|[upkeep]\n|-heal|p2a: Extra Spicy|94\/100 psn|[from] move: Wish|[wisher] Harmacy\n|-heal|p1b: Goodra|100\/100|[from] item: Leftovers\n|-damage|p2a: Extra Spicy|82\/100 psn|[from] psn\n|upkeep\n|turn|17\n|\n|t:|1698354435\n|move|p2a: Extra Spicy|Earthquake|p1b: Goodra|[spread] p1a,p1b\n|-supereffective|p1b: Goodra\n|-damage|p1a: Volcanion|0 fnt\n|-damage|p1b: Goodra|44\/100\n|faint|p1a: Volcanion\n|move|p1b: Goodra|Dragon Tail|p2a: Extra Spicy|[miss]\n|-miss|p1b: Goodra|p2a: Extra Spicy\n|\n|-weather|none\n|-heal|p1b: Goodra|50\/100|[from] item: Leftovers\n|-damage|p2a: Extra Spicy|69\/100 psn|[from] psn\n|upkeep\n|turn|18\n|\n|t:|1698354441\n|move|p1b: Goodra|Protect|p1b: Goodra\n|-singleturn|p1b: Goodra|Protect\n|move|p2a: Extra Spicy|Earthquake|p1b: Goodra\n|-activate|p1b: Goodra|move: Protect\n|\n|-heal|p1b: Goodra|57\/100|[from] item: Leftovers\n|-damage|p2a: Extra Spicy|57\/100 psn|[from] psn\n|upkeep\n|turn|19\n|c|\u2606mikeyuwu|Gg\n|\n|t:|1698354452\n|move|p2a: Extra Spicy|Earthquake|p1b: Goodra\n|-supereffective|p1b: Goodra\n|-damage|p1b: Goodra|0 fnt\n|faint|p1b: Goodra\n|\n|win|mikeyuwu\n|raw|Testingchev2's rating: 1224 &rarr; <strong>1200<\/strong><br \/>(-24 for losing)\n|raw|mikeyuwu's rating: 1236 &rarr; <strong>1260<\/strong><br \/>(+24 for winning)\n|l|\u2606Testingchev2\n","uploadtime":1698354536,"views":21,"p1id":"testingchev2","p2id":"mikeyuwu","formatid":"gen9doublesou","rating":1200,"private":0,"password":""}