{"id":"gen9doublesou-1972874216","p1":"wingminmon","p2":"wingwingy55","format":"[Gen 9] Doubles OU","log":"|j|\u2606wingminmon\n|j|\u2606wingwingy55\n|t:|1697904459\n|gametype|doubles\n|player|p1|wingminmon|preschooler|\n|player|p2|wingwingy55|preschooler|\n|teamsize|p1|6\n|teamsize|p2|6\n|gen|9\n|tier|[Gen 9] Doubles OU\n|rule|Species Clause: Limit one of each Pok\u00e9mon\n|rule|OHKO Clause: OHKO moves are banned\n|rule|Evasion Moves Clause: Evasion moves are banned\n|rule|Gravity Sleep Clause: The combination of sleep-inducing moves with imperfect accuracy and Gravity or Gigantamax Orbeetle are banned\n|rule|Endless Battle Clause: Forcing endless battles is banned\n|rule|HP Percentage Mod: HP is shown in percentages\n|clearpoke\n|poke|p1|Dragapult, M|\n|poke|p1|Heatran, F|\n|poke|p1|Ogerpon, F|\n|poke|p1|Cresselia, F|\n|poke|p1|Landorus-Therian, M|\n|poke|p1|Tornadus, M|\n|poke|p2|Dragapult, M|\n|poke|p2|Heatran, M|\n|poke|p2|Ogerpon, F|\n|poke|p2|Cresselia, F|\n|poke|p2|Landorus-Therian, M|\n|poke|p2|Tornadus, M|\n|teampreview\n|\n|t:|1697904463\n|start\n|switch|p1a: Tornadus|Tornadus, M|100\/100\n|switch|p1b: Landorus|Landorus-Therian, M|100\/100\n|switch|p2a: Landorus|Landorus-Therian, M|100\/100\n|switch|p2b: Tornadus|Tornadus, M|100\/100\n|-ability|p1b: Landorus|Intimidate|boost\n|-unboost|p2a: Landorus|atk|1\n|-unboost|p2b: Tornadus|atk|1\n|-ability|p2a: Landorus|Intimidate|boost\n|-unboost|p1a: Tornadus|atk|1\n|-unboost|p1b: Landorus|atk|1\n|turn|1\n|\n|t:|1697904499\n|move|p2b: Tornadus|Taunt|p1a: Tornadus\n|-start|p1a: Tornadus|move: Taunt\n|cant|p1a: Tornadus|move: Taunt|Taunt\n|move|p1b: Landorus|Rock Slide|p2a: Landorus|[spread] p2a\n|-miss|p1b: Landorus|p2b: Tornadus\n|-damage|p2a: Landorus|83\/100\n|move|p2a: Landorus|Rock Slide|p1b: Landorus|[spread] p1a,p1b\n|-supereffective|p1a: Tornadus\n|-crit|p1a: Tornadus\n|-damage|p1a: Tornadus|35\/100\n|-damage|p1b: Landorus|85\/100\n|\n|upkeep\n|turn|2\n|\n|t:|1697904519\n|move|p2b: Tornadus|Tailwind|p2b: Tornadus\n|-sidestart|p2: wingwingy55|move: Tailwind\n|move|p2a: Landorus|Rock Slide|p1a: Tornadus|[spread] p1a,p1b\n|-supereffective|p1a: Tornadus\n|-damage|p1a: Tornadus|4\/100\n|-damage|p1b: Landorus|69\/100\n|move|p1b: Landorus|Rock Slide|p2a: Landorus|[spread] p2a,p2b\n|-crit|p2a: Landorus\n|-supereffective|p2b: Tornadus\n|-damage|p2a: Landorus|43\/100\n|-damage|p2b: Tornadus|70\/100\n|move|p1a: Tornadus|Icy Wind|p2a: Landorus|[spread] p2a\n|-miss|p1a: Tornadus|p2b: Tornadus\n|-supereffective|p2a: Landorus\n|-damage|p2a: Landorus|0 fnt\n|faint|p2a: Landorus\n|\n|upkeep\n|\n|t:|1697904548\n|switch|p2a: Heatran|Heatran, M|100\/100\n|turn|3\n|\n|t:|1697904568\n|switch|p1a: Cresselia|Cresselia, F|100\/100\n|move|p2b: Tornadus|Icy Wind|p1a: Cresselia|[spread] p1a,p1b\n|-crit|p1a: Cresselia\n|-supereffective|p1b: Landorus\n|-damage|p1a: Cresselia|89\/100\n|-damage|p1b: Landorus|0 fnt\n|-unboost|p1a: Cresselia|spe|1\n|faint|p1b: Landorus\n|move|p2a: Heatran|Heat Wave|p1a: Cresselia\n|-damage|p1a: Cresselia|57\/100\n|-status|p1a: Cresselia|brn\n|\n|-damage|p1a: Cresselia|50\/100 brn|[from] brn\n|upkeep\n|-enditem|p1a: Cresselia|Sitrus Berry|[eat]\n|-heal|p1a: Cresselia|75\/100 brn|[from] item: Sitrus Berry\n|\n|t:|1697904583\n|switch|p1b: Ogerpon|Ogerpon, F|100\/100\n|turn|4\n|\n|t:|1697904601\n|move|p2b: Tornadus|Taunt|p1a: Cresselia\n|-start|p1a: Cresselia|move: Taunt\n|move|p2a: Heatran|Heat Wave|p1a: Cresselia|[spread] p1a,p1b\n|-supereffective|p1b: Ogerpon\n|-damage|p1a: Cresselia|54\/100 brn\n|-damage|p1b: Ogerpon|19\/100\n|move|p1b: Ogerpon|Stomping Tantrum|p2a: Heatran\n|-supereffective|p2a: Heatran\n|-damage|p2a: Heatran|21\/100\n|cant|p1a: Cresselia|move: Taunt|Lunar Blessing\n|\n|-heal|p1b: Ogerpon|25\/100|[from] item: Leftovers\n|-damage|p1a: Cresselia|48\/100 brn|[from] brn\n|upkeep\n|turn|5\n|\n|t:|1697904625\n|switch|p1b: Dragapult|Dragapult, M, shiny|100\/100\n|switch|p1a: Heatran|Heatran, F|100\/100\n|move|p2b: Tornadus|Bleakwind Storm|p1b: Dragapult|[spread] p1a\n|-miss|p2b: Tornadus|p1b: Dragapult\n|-resisted|p1a: Heatran\n|-damage|p1a: Heatran|92\/100\n|move|p2a: Heatran|Heat Wave|p1a: Heatran|[spread] p1b\n|-start|p1a: Heatran|ability: Flash Fire\n|-resisted|p1b: Dragapult\n|-damage|p1b: Dragapult|79\/100\n|\n|-sideend|p2: wingwingy55|move: Tailwind\n|upkeep\n|turn|6\n|\n|t:|1697904657\n|move|p2b: Tornadus|Tailwind|p2b: Tornadus\n|-sidestart|p2: wingwingy55|move: Tailwind\n|move|p1b: Dragapult|Phantom Force||[still]\n|-prepare|p1b: Dragapult|Phantom Force\n|move|p2a: Heatran|Magma Storm|p1b: Dragapult|[miss]\n|-miss|p2a: Heatran|p1b: Dragapult\n|move|p1a: Heatran|Magma Storm|p2b: Tornadus|[miss]\n|-miss|p1a: Heatran|p2b: Tornadus\n|\n|upkeep\n|turn|7\n|\n|t:|1697904682\n|switch|p2b: Cresselia|Cresselia, F|100\/100\n|move|p1b: Dragapult|Phantom Force|p2a: Heatran|[from]lockedmove\n|-damage|p2a: Heatran|0 fnt\n|faint|p2a: Heatran\n|-damage|p1b: Dragapult|69\/100|[from] item: Life Orb\n|move|p1a: Heatran|Magma Storm|p2b: Cresselia\n|-damage|p2b: Cresselia|53\/100\n|-activate|p2b: Cresselia|move: Magma Storm|[of] p1a: Heatran\n|\n|-damage|p2b: Cresselia|41\/100|[from] move: Magma Storm|[partiallytrapped]\n|upkeep\n|-enditem|p2b: Cresselia|Sitrus Berry|[eat]\n|-heal|p2b: Cresselia|66\/100|[from] item: Sitrus Berry\n|\n|t:|1697904701\n|switch|p2a: Dragapult|Dragapult, M, shiny|100\/100\n|turn|8\n|\n|t:|1697904729\n|switch|p1b: Cresselia|Cresselia, F|48\/100 brn\n|move|p2a: Dragapult|Dragon Darts|p1b: Cresselia\n|-damage|p1b: Cresselia|28\/100 brn\n|-anim|p2a: Dragapult|Dragon Darts|p1a: Heatran\n|-resisted|p1a: Heatran\n|-damage|p1a: Heatran|79\/100\n|-damage|p2a: Dragapult|91\/100|[from] item: Life Orb\n|move|p2b: Cresselia|Thunder Wave|p1a: Heatran\n|-status|p1a: Heatran|par\n|move|p1a: Heatran|Magma Storm|p2b: Cresselia|[miss]\n|-miss|p1a: Heatran|p2b: Cresselia\n|\n|-damage|p1b: Cresselia|22\/100 brn|[from] brn\n|-damage|p2b: Cresselia|53\/100|[from] move: Magma Storm|[partiallytrapped]\n|upkeep\n|turn|9\n|\n|t:|1697904751\n|move|p2a: Dragapult|Phantom Force||[still]\n|-prepare|p2a: Dragapult|Phantom Force\n|move|p2b: Cresselia|Lunar Blessing|p2b: Cresselia|[spread] p2b\n|-miss|p2b: Cresselia|p2a: Dragapult\n|-heal|p2b: Cresselia|78\/100\n|move|p1b: Cresselia|Lunar Blessing|p1b: Cresselia|[spread] p1a,p1b\n|-heal|p1a: Heatran|100\/100 par\n|-curestatus|p1a: Heatran|par|[msg]\n|-heal|p1b: Cresselia|47\/100 brn\n|-curestatus|p1b: Cresselia|brn|[msg]\n|move|p1a: Heatran|Magma Storm|p2b: Cresselia|[miss]\n|-miss|p1a: Heatran|p2b: Cresselia\n|\n|-damage|p2b: Cresselia|66\/100|[from] move: Magma Storm|[partiallytrapped]\n|-sideend|p2: wingwingy55|move: Tailwind\n|upkeep\n|turn|10\n|\n|t:|1697904778\n|move|p2a: Dragapult|Phantom Force|p1b: Cresselia|[from]lockedmove\n|-supereffective|p1b: Cresselia\n|-damage|p1b: Cresselia|0 fnt\n|faint|p1b: Cresselia\n|-damage|p2a: Dragapult|81\/100|[from] item: Life Orb\n|move|p2b: Cresselia|Lunar Blessing|p2b: Cresselia|[spread] p2a,p2b\n|-heal|p2a: Dragapult|100\/100\n|-heal|p2b: Cresselia|91\/100\n|move|p1a: Heatran|Magma Storm|p2b: Cresselia|[miss]\n|-miss|p1a: Heatran|p2b: Cresselia\n|\n|-damage|p2b: Cresselia|78\/100|[from] move: Magma Storm|[partiallytrapped]\n|upkeep\n|\n|t:|1697904791\n|switch|p1b: Dragapult|Dragapult, M, shiny|69\/100\n|turn|11\n|\n|t:|1697904804\n|move|p2a: Dragapult|Dragon Darts|p1b: Dragapult\n|-supereffective|p1b: Dragapult\n|-damage|p1b: Dragapult|0 fnt\n|-anim|p2a: Dragapult|Dragon Darts|p1a: Heatran\n|-resisted|p1a: Heatran\n|-damage|p1a: Heatran|88\/100\n|faint|p1b: Dragapult\n|-damage|p2a: Dragapult|91\/100|[from] item: Life Orb\n|move|p2b: Cresselia|Thunder Wave|p1a: Heatran\n|-status|p1a: Heatran|par\n|move|p1a: Heatran|Magma Storm|p2a: Dragapult\n|-resisted|p2a: Dragapult\n|-damage|p2a: Dragapult|42\/100\n|-activate|p2a: Dragapult|move: Magma Storm|[of] p1a: Heatran\n|\n|-damage|p2a: Dragapult|30\/100|[from] move: Magma Storm|[partiallytrapped]\n|-damage|p2b: Cresselia|66\/100|[from] move: Magma Storm|[partiallytrapped]\n|upkeep\n|\n|t:|1697904824\n|switch|p1b: Tornadus|Tornadus, M|4\/100\n|turn|12\n|\n|t:|1697904856\n|move|p2a: Dragapult|Phantom Force||[still]\n|-prepare|p2a: Dragapult|Phantom Force\n|move|p1b: Tornadus|Icy Wind|p2b: Cresselia|[spread] p2b\n|-miss|p1b: Tornadus|p2a: Dragapult\n|-damage|p2b: Cresselia|58\/100\n|-unboost|p2b: Cresselia|spe|1\n|move|p2b: Cresselia|Icy Wind|p1b: Tornadus|[spread] p1a\n|-miss|p2b: Cresselia|p1b: Tornadus\n|-resisted|p1a: Heatran\n|-damage|p1a: Heatran|87\/100 par\n|-unboost|p1a: Heatran|spe|1\n|move|p1a: Heatran|Magma Storm|p2b: Cresselia\n|-damage|p2b: Cresselia|14\/100\n|\n|-damage|p2a: Dragapult|17\/100|[from] move: Magma Storm|[partiallytrapped]\n|-end|p2b: Cresselia|Magma Storm|[partiallytrapped]\n|upkeep\n|turn|13\n|\n|t:|1697904901\n|move|p1b: Tornadus|Tailwind|p1b: Tornadus\n|-sidestart|p1: wingminmon|move: Tailwind\n|move|p2a: Dragapult|Phantom Force|p1a: Heatran|[from]lockedmove\n|-damage|p1a: Heatran|37\/100 par\n|-damage|p2a: Dragapult|7\/100|[from] item: Life Orb\n|move|p2b: Cresselia|Lunar Blessing|p2b: Cresselia|[spread] p2a,p2b\n|-heal|p2a: Dragapult|32\/100\n|-heal|p2b: Cresselia|39\/100\n|move|p1a: Heatran|Heat Wave|p2b: Cresselia|[spread] p2a,p2b\n|-resisted|p2a: Dragapult\n|-damage|p2a: Dragapult|0 fnt\n|-damage|p2b: Cresselia|4\/100\n|faint|p2a: Dragapult\n|\n|upkeep\n|\n|t:|1697904929\n|switch|p2a: Tornadus|Tornadus, M|70\/100\n|turn|14\n|\n|t:|1697904943\n|move|p1b: Tornadus|Taunt|p2a: Tornadus\n|-start|p2a: Tornadus|move: Taunt\n|move|p2a: Tornadus|Icy Wind|p1a: Heatran|[spread] p1a,p1b\n|-resisted|p1a: Heatran\n|-supereffective|p1b: Tornadus\n|-damage|p1a: Heatran|35\/100 par\n|-damage|p1b: Tornadus|0 fnt\n|-unboost|p1a: Heatran|spe|1\n|faint|p1b: Tornadus\n|move|p2b: Cresselia|Lunar Blessing|p2b: Cresselia|[spread] p2a,p2b\n|-heal|p2a: Tornadus|94\/100\n|-heal|p2b: Cresselia|29\/100\n|move|p1a: Heatran|Heat Wave|p2b: Cresselia|[spread] p2a,p2b\n|-damage|p2a: Tornadus|41\/100\n|-damage|p2b: Cresselia|0 fnt\n|faint|p2b: Cresselia\n|\n|upkeep\n|\n|t:|1697904961\n|switch|p1b: Ogerpon|Ogerpon, F|25\/100\n|switch|p2b: Ogerpon|Ogerpon, F|100\/100\n|turn|15\n|\n|t:|1697905005\n|-terastallize|p2b: Ogerpon|Grass\n|detailschange|p2b: Ogerpon|Ogerpon-Teal-Tera, F, tera:Grass\n|-ability|p2b: Ogerpon|Embody Aspect (Teal)|boost\n|-boost|p2b: Ogerpon|spe|1\n|-terastallize|p1a: Heatran|Grass\n|move|p1b: Ogerpon|Ivy Cudgel|p2a: Tornadus\n|-resisted|p2a: Tornadus\n|-damage|p2a: Tornadus|11\/100\n|move|p2b: Ogerpon|Stomping Tantrum|p1a: Heatran\n|-resisted|p1a: Heatran\n|-damage|p1a: Heatran|26\/100 par\n|move|p2a: Tornadus|Bleakwind Storm|p1b: Ogerpon|[spread] p1a,p1b\n|-supereffective|p1a: Heatran\n|-supereffective|p1b: Ogerpon\n|-damage|p1a: Heatran|0 fnt\n|-damage|p1b: Ogerpon|0 fnt\n|faint|p1a: Heatran\n|faint|p1b: Ogerpon\n|\n|win|wingwingy55\n","uploadtime":1697905100,"views":12,"p1id":"wingminmon","p2id":"wingwingy55","formatid":"gen9doublesou","rating":0,"private":0,"password":""}