{"id":"gen9doublesou-1976461934","p1":"Schister","p2":"Trickroom4dumies","format":"[Gen 9] Doubles OU","log":"|j|\u2606Schister\n|j|\u2606Trickroom4dumies\n|t:|1698307408\n|gametype|doubles\n|player|p1|Schister|clair|1698\n|player|p2|Trickroom4dumies|hexmaniac-gen3jp|1721\n|teamsize|p1|6\n|teamsize|p2|6\n|gen|9\n|tier|[Gen 9] Doubles OU\n|rated|\n|rule|Species Clause: Limit one of each Pok\u00e9mon\n|rule|OHKO Clause: OHKO moves are banned\n|rule|Evasion Moves Clause: Evasion moves are banned\n|rule|Gravity Sleep Clause: The combination of sleep-inducing moves with imperfect accuracy and Gravity or Gigantamax Orbeetle are banned\n|rule|Endless Battle Clause: Forcing endless battles is banned\n|rule|HP Percentage Mod: HP is shown in percentages\n|clearpoke\n|poke|p1|Ninetales-Alola, F|\n|poke|p1|Flutter Mane|\n|poke|p1|Volcanion|\n|poke|p1|Rillaboom, M|\n|poke|p1|Garganacl, M|\n|poke|p1|Baxcalibur, M|\n|poke|p2|Iron Hands|\n|poke|p2|Cresselia, F|\n|poke|p2|Indeedee-F, F|\n|poke|p2|Basculegion-F, F|\n|poke|p2|Ursaluna, F|\n|poke|p2|Armarouge, M|\n|teampreview\n|inactive|Battle timer is ON: inactive players will automatically lose when time's up. (requested by Schister)\n|\n|t:|1698307435\n|start\n|switch|p1a: Baxcalibur|Baxcalibur, M|100\/100\n|switch|p1b: Ninetales|Ninetales-Alola, F|100\/100\n|switch|p2a: Iron Hands|Iron Hands, shiny|100\/100\n|switch|p2b: Indeedee|Indeedee-F, F, shiny|100\/100\n|-weather|Snow|[from] ability: Snow Warning|[of] p1b: Ninetales\n|-fieldstart|move: Psychic Terrain|[from] ability: Psychic Surge|[of] p2b: Indeedee\n|-enditem|p2a: Iron Hands|Psychic Seed\n|-boost|p2a: Iron Hands|spd|1|[from] item: Psychic Seed\n|turn|1\n|\n|t:|1698307451\n|move|p1b: Ninetales|Aurora Veil|p1b: Ninetales\n|-sidestart|p1: Schister|move: Aurora Veil\n|move|p1a: Baxcalibur|Glaive Rush|p2b: Indeedee\n|-damage|p2b: Indeedee|19\/100\n|-singlemove|p1a: Baxcalibur|Glaive Rush|[silent]\n|-enditem|p2b: Indeedee|Sitrus Berry|[eat]\n|-heal|p2b: Indeedee|44\/100|[from] item: Sitrus Berry\n|move|p2a: Iron Hands|Swords Dance|p2a: Iron Hands\n|-boost|p2a: Iron Hands|atk|2\n|move|p2b: Indeedee|Trick Room|p2b: Indeedee\n|-fieldstart|move: Trick Room|[of] p2b: Indeedee\n|\n|-weather|Snow|[upkeep]\n|upkeep\n|turn|2\n|\n|t:|1698307480\n|move|p1a: Baxcalibur|Protect|p1a: Baxcalibur\n|-singleturn|p1a: Baxcalibur|Protect\n|move|p2a: Iron Hands|Swords Dance|p2a: Iron Hands\n|-boost|p2a: Iron Hands|atk|2\n|move|p2b: Indeedee|Light Screen|p2b: Indeedee\n|-sidestart|p2: Trickroom4dumies|move: Light Screen\n|move|p1b: Ninetales|Encore|p2a: Iron Hands\n|-start|p2a: Iron Hands|Encore\n|\n|-weather|Snow|[upkeep]\n|upkeep\n|turn|3\n|\n|t:|1698307495\n|-terastallize|p1a: Baxcalibur|Ground\n|move|p2b: Indeedee|Follow Me|p2b: Indeedee\n|-singleturn|p2b: Indeedee|move: Follow Me\n|move|p2a: Iron Hands|Swords Dance|p2a: Iron Hands\n|-boost|p2a: Iron Hands|atk|2\n|move|p1a: Baxcalibur|High Horsepower|p2b: Indeedee\n|-damage|p2b: Indeedee|0 fnt\n|faint|p2b: Indeedee\n|move|p1b: Ninetales|Blizzard|p2a: Iron Hands\n|-crit|p2a: Iron Hands\n|-damage|p2a: Iron Hands|60\/100\n|\n|-weather|Snow|[upkeep]\n|upkeep\n|\n|t:|1698307512\n|switch|p2b: Armarouge|Armarouge, M, shiny|100\/100\n|turn|4\n|\n|t:|1698307522\n|switch|p1b: Rillaboom|Rillaboom, M|100\/100\n|-fieldstart|move: Grassy Terrain|[from] ability: Grassy Surge|[of] p1b: Rillaboom\n|-terastallize|p2a: Iron Hands|Fairy\n|move|p2b: Armarouge|Expanding Force|p1a: Baxcalibur\n|-damage|p1a: Baxcalibur|68\/100\n|move|p2a: Iron Hands|Swords Dance|p2a: Iron Hands\n|-boost|p2a: Iron Hands|atk|0\n|move|p1a: Baxcalibur|High Horsepower|p2a: Iron Hands\n|-damage|p2a: Iron Hands|21\/100\n|\n|-weather|Snow|[upkeep]\n|-heal|p2a: Iron Hands|27\/100|[from] Grassy Terrain\n|-heal|p1a: Baxcalibur|74\/100|[from] Grassy Terrain\n|upkeep\n|turn|5\n|\n|t:|1698307541\n|move|p1b: Rillaboom|Grassy Glide|p2a: Iron Hands\n|-damage|p2a: Iron Hands|2\/100\n|move|p2b: Armarouge|Heat Wave|p1a: Baxcalibur|[spread] p1a\n|-miss|p2b: Armarouge|p1b: Rillaboom\n|-damage|p1a: Baxcalibur|53\/100\n|-ability|p1a: Baxcalibur|Thermal Exchange|boost\n|-boost|p1a: Baxcalibur|atk|1\n|move|p2a: Iron Hands|Swords Dance|p2a: Iron Hands\n|-boost|p2a: Iron Hands|atk|0\n|move|p1a: Baxcalibur|High Horsepower|p2b: Armarouge\n|-supereffective|p2b: Armarouge\n|-damage|p2b: Armarouge|0 fnt\n|faint|p2b: Armarouge\n|\n|-weather|none\n|-heal|p2a: Iron Hands|9\/100|[from] Grassy Terrain\n|-heal|p1a: Baxcalibur|59\/100|[from] Grassy Terrain\n|-end|p2a: Iron Hands|Encore\n|-fieldend|move: Trick Room\n|upkeep\n|inactive|Trickroom4dumies has 120 seconds left.\n|\n|t:|1698307562\n|switch|p2b: Cresselia|Cresselia, F, shiny|100\/100\n|turn|6\n|\n|t:|1698307569\n|move|p1a: Baxcalibur|Protect|p1a: Baxcalibur\n|-singleturn|p1a: Baxcalibur|Protect\n|move|p2a: Iron Hands|Detect|p2a: Iron Hands\n|-singleturn|p2a: Iron Hands|Protect\n|move|p1b: Rillaboom|Grassy Glide|p2b: Cresselia\n|-damage|p2b: Cresselia|75\/100\n|move|p2b: Cresselia|Lunar Blessing|p2b: Cresselia|[spread] p2a,p2b\n|-heal|p2a: Iron Hands|34\/100\n|-heal|p2b: Cresselia|99\/100\n|\n|-heal|p1a: Baxcalibur|65\/100|[from] Grassy Terrain\n|-heal|p2a: Iron Hands|40\/100|[from] Grassy Terrain\n|-sideend|p2: Trickroom4dumies|move: Light Screen\n|upkeep\n|turn|7\n|\n|t:|1698307584\n|move|p2b: Cresselia|Ally Switch|p2b: Cresselia\n|swap|p2b: Cresselia|0|[from] move: Ally Switch\n|move|p1a: Baxcalibur|Glaive Rush|p2b: Iron Hands\n|-immune|p2b: Iron Hands\n|move|p1b: Rillaboom|Wood Hammer|p2a: Cresselia\n|-damage|p2a: Cresselia|48\/100\n|-damage|p1b: Rillaboom|81\/100|[from] Recoil\n|move|p2b: Iron Hands|Drain Punch|p1a: Baxcalibur\n|-damage|p1a: Baxcalibur|0 fnt\n|-heal|p2b: Iron Hands|69\/100|[from] drain|[of] p1a: Baxcalibur\n|faint|p1a: Baxcalibur\n|\n|-heal|p1b: Rillaboom|87\/100|[from] Grassy Terrain\n|-heal|p2b: Iron Hands|75\/100|[from] Grassy Terrain\n|upkeep\n|\n|t:|1698307590\n|switch|p1a: Flutter Mane|Flutter Mane|100\/100\n|turn|8\n|\n|t:|1698307605\n|move|p1a: Flutter Mane|Moonblast|p2a: Cresselia\n|-damage|p2a: Cresselia|9\/100\n|move|p1b: Rillaboom|Wood Hammer|p2b: Iron Hands\n|-damage|p2b: Iron Hands|14\/100\n|-damage|p1b: Rillaboom|63\/100|[from] Recoil\n|move|p2a: Cresselia|Lunar Blessing|p2a: Cresselia|[spread] p2a,p2b\n|-heal|p2a: Cresselia|34\/100\n|-heal|p2b: Iron Hands|39\/100\n|move|p2b: Iron Hands|Thunder Punch|p1a: Flutter Mane\n|-damage|p1a: Flutter Mane|0 fnt\n|faint|p1a: Flutter Mane\n|-end|p1a: Flutter Mane|Protosynthesis|[silent]\n|\n|-heal|p1b: Rillaboom|69\/100|[from] Grassy Terrain\n|-heal|p2b: Iron Hands|45\/100|[from] Grassy Terrain\n|-sideend|p1: Schister|move: Aurora Veil\n|-fieldend|move: Grassy Terrain\n|upkeep\n|\n|t:|1698307615\n|switch|p1a: Volcanion|Volcanion|100\/100\n|turn|9\n|\n|t:|1698307631\n|move|p2b: Iron Hands|Detect|p2b: Iron Hands\n|-singleturn|p2b: Iron Hands|Protect\n|move|p1b: Rillaboom|Wood Hammer|p2a: Cresselia\n|-damage|p2a: Cresselia|0 fnt\n|faint|p2a: Cresselia\n|-damage|p1b: Rillaboom|56\/100|[from] Recoil\n|move|p1a: Volcanion|Sludge Bomb|p2b: Iron Hands\n|-activate|p2b: Iron Hands|move: Protect\n|\n|upkeep\n|\n|t:|1698307642\n|switch|p2a: Basculegion|Basculegion-F, F|100\/100\n|turn|10\n|\n|t:|1698307647\n|switch|p1b: Ninetales|Ninetales-Alola, F|100\/100\n|-weather|Snow|[from] ability: Snow Warning|[of] p1b: Ninetales\n|move|p1a: Volcanion|Protect|p1a: Volcanion\n|-singleturn|p1a: Volcanion|Protect\n|move|p2a: Basculegion|Last Respects|p1a: Volcanion\n|-activate|p1a: Volcanion|move: Protect\n|move|p2b: Iron Hands|Drain Punch|p1b: Ninetales\n|-damage|p1b: Ninetales|0 fnt\n|-heal|p2b: Iron Hands|81\/100|[from] drain|[of] p1b: Ninetales\n|faint|p1b: Ninetales\n|\n|-weather|Snow|[upkeep]\n|upkeep\n|\n|t:|1698307660\n|switch|p1b: Rillaboom|Rillaboom, M|56\/100\n|-fieldstart|move: Grassy Terrain|[from] ability: Grassy Surge|[of] p1b: Rillaboom\n|turn|11\n|\n|t:|1698307686\n|move|p1b: Rillaboom|Grassy Glide|p2a: Basculegion\n|-supereffective|p2a: Basculegion\n|-damage|p2a: Basculegion|3\/100\n|move|p2a: Basculegion|Last Respects|p1b: Rillaboom\n|-damage|p1b: Rillaboom|0 fnt\n|faint|p1b: Rillaboom\n|move|p1a: Volcanion|Sludge Bomb|p2b: Iron Hands\n|-supereffective|p2b: Iron Hands\n|-damage|p2b: Iron Hands|49\/100\n|-status|p2b: Iron Hands|psn\n|move|p2b: Iron Hands|Drain Punch|p1a: Volcanion\n|-damage|p1a: Volcanion|0 fnt\n|-heal|p2b: Iron Hands|87\/100 psn|[from] drain|[of] p1a: Volcanion\n|faint|p1a: Volcanion\n|\n|-weather|Snow|[upkeep]\n|-heal|p2a: Basculegion|9\/100|[from] Grassy Terrain\n|-heal|p2b: Iron Hands|93\/100 psn|[from] Grassy Terrain\n|-damage|p2b: Iron Hands|80\/100 psn|[from] psn\n|upkeep\n|-message|Schister forfeited.\n|\n|win|Trickroom4dumies\n|raw|Schister's rating: 1698 &rarr; <strong>1679<\/strong><br \/>(-19 for losing)\n|raw|Trickroom4dumies's rating: 1721 &rarr; <strong>1740<\/strong><br \/>(+19 for winning)\n|l|\u2606Schister\n|j|\u2606Schister\n|player|p1|Schister|clair\n","uploadtime":1698307728,"views":25,"p1id":"schister","p2id":"trickroom4dumies","formatid":"gen9doublesou","rating":1679,"private":0,"password":""}