{"id":"gen9doublesou-1994997527","p1":"Isjshebe","p2":"Pohja","format":"[Gen 9] Doubles OU","log":"|j|\u2606Isjshebe\n|j|\u2606Pohja\n|t:|1700511819\n|gametype|doubles\n|player|p1|Isjshebe|170|1057\n|player|p2|Pohja|liza|1114\n|teamsize|p1|6\n|teamsize|p2|6\n|gen|9\n|tier|[Gen 9] Doubles OU\n|rated|\n|rule|Species Clause: Limit one of each Pok\u00e9mon\n|rule|OHKO Clause: OHKO moves are banned\n|rule|Evasion Moves Clause: Evasion moves are banned\n|rule|Gravity Sleep Clause: The combination of sleep-inducing moves with imperfect accuracy and Gravity or Gigantamax Orbeetle are banned\n|rule|Endless Battle Clause: Forcing endless battles is banned\n|rule|HP Percentage Mod: HP is shown in percentages\n|clearpoke\n|poke|p1|Ralts, M|\n|poke|p1|Marill, M|\n|poke|p1|Landorus-Therian, M|\n|poke|p1|Starly, F|\n|poke|p1|Amoonguss, F|\n|poke|p1|Skeledirge, M|\n|poke|p2|Thundurus-Therian, M|\n|poke|p2|Blissey, F|\n|poke|p2|Ceruledge, M|\n|poke|p2|Conkeldurr, M|\n|poke|p2|Talonflame, M|\n|poke|p2|Gastrodon-East, M|\n|teampreview\n|inactive|Battle timer is ON: inactive players will automatically lose when time's up. (requested by Pohja)\n|c|\u2606Pohja|Woah what is this team\n|\n|t:|1700511838\n|start\n|switch|p1a: Skeledirge|Skeledirge, M, shiny|100\/100\n|switch|p1b: Amoonguss|Amoonguss, F, shiny|100\/100\n|switch|p2a: Thundurus|Thundurus-Therian, M, shiny|100\/100\n|switch|p2b: Ceruledge|Ceruledge, M|100\/100\n|turn|1\n|inactive|Isjshebe has 120 seconds left.\n|inactive|Pohja has 120 seconds left.\n|\n|t:|1700511886\n|move|p2a: Thundurus|Psychic|p1b: Amoonguss\n|-supereffective|p1b: Amoonguss\n|-damage|p1b: Amoonguss|40\/100\n|move|p2b: Ceruledge|Bitter Blade|p1b: Amoonguss\n|-supereffective|p1b: Amoonguss\n|-damage|p1b: Amoonguss|0 fnt\n|faint|p1b: Amoonguss\n|move|p1a: Skeledirge|Torch Song|p2a: Thundurus\n|-damage|p2a: Thundurus|61\/100\n|-boost|p1a: Skeledirge|spa|1\n|\n|upkeep\n|\n|t:|1700511901\n|switch|p1b: Landorus|Landorus-Therian, M, shiny|100\/100\n|-ability|p1b: Landorus|Intimidate|boost\n|-unboost|p2a: Thundurus|atk|1\n|-unboost|p2b: Ceruledge|atk|1\n|turn|2\n|inactive|Isjshebe has 120 seconds left.\n|\n|t:|1700511922\n|switch|p2b: Gastrodon|Gastrodon-East, M|100\/100\n|move|p2a: Thundurus|Volt Switch|p1a: Skeledirge\n|-damage|p1a: Skeledirge|59\/100\n|\n|t:|1700511930\n|switch|p2a: Conkeldurr|Conkeldurr, M|100\/100|[from] Volt Switch\n|move|p1b: Landorus|Rock Slide|p2b: Gastrodon|[spread] p2b\n|-miss|p1b: Landorus|p2a: Conkeldurr\n|-resisted|p2b: Gastrodon\n|-damage|p2b: Gastrodon|85\/100\n|-damage|p1b: Landorus|90\/100|[from] item: Life Orb\n|move|p1a: Skeledirge|Shadow Ball|p2b: Gastrodon\n|-damage|p2b: Gastrodon|50\/100\n|\n|-heal|p1a: Skeledirge|65\/100|[from] item: Leftovers\n|-status|p2a: Conkeldurr|brn|[from] item: Flame Orb\n|upkeep\n|turn|3\n|inactive|Isjshebe has 120 seconds left.\n|\n|t:|1700511961\n|-terastallize|p1a: Skeledirge|Fairy\n|move|p1b: Landorus|U-turn|p2b: Gastrodon\n|-damage|p2b: Gastrodon|13\/100\n|-damage|p1b: Landorus|80\/100|[from] item: Life Orb\n|\n|t:|1700511971\n|switch|p1b: Marill|Marill, M, shiny|100\/100|[from] U-turn\n|move|p1a: Skeledirge|Tera Blast|p2a: Conkeldurr|[anim] Tera Blast Fairy\n|-supereffective|p2a: Conkeldurr\n|-damage|p2a: Conkeldurr|0 fnt\n|faint|p2a: Conkeldurr\n|move|p2b: Gastrodon|Surf|p1a: Skeledirge|[spread] p1a,p1b\n|-resisted|p1b: Marill\n|-crit|p1b: Marill\n|-damage|p1a: Skeledirge|32\/100\n|-damage|p1b: Marill|64\/100\n|\n|-heal|p1a: Skeledirge|38\/100|[from] item: Leftovers\n|upkeep\n|c|\u2606Pohja|Why u using marill\n|inactive|Pohja has 120 seconds left.\n|\n|t:|1700511999\n|switch|p2a: Thundurus|Thundurus-Therian, M, shiny|61\/100\n|turn|4\n|\n|t:|1700512019\n|move|p1b: Marill|Aqua Jet|p2b: Gastrodon\n|-activate|p2b: Gastrodon|ability: Storm Drain\n|-ability|p2b: Gastrodon|Storm Drain|boost\n|-boost|p2b: Gastrodon|spa|1\n|move|p2a: Thundurus|Wildbolt Storm|p1a: Skeledirge|[spread] p1a\n|-miss|p2a: Thundurus|p1b: Marill\n|-damage|p1a: Skeledirge|0 fnt\n|faint|p1a: Skeledirge\n|move|p2b: Gastrodon|Surf|p1b: Marill|[spread] p2a,p1b\n|-resisted|p1b: Marill\n|-damage|p2a: Thundurus|19\/100\n|-damage|p1b: Marill|26\/100\n|\n|upkeep\n|inactive|Isjshebe has 120 seconds left.\n|\n|t:|1700512041\n|switch|p1a: Starly|Starly, F, shiny|100\/100\n|turn|5\n|\n|t:|1700512051\n|move|p1a: Starly|Quick Attack|p2b: Gastrodon\n|-damage|p2b: Gastrodon|0 fnt\n|faint|p2b: Gastrodon\n|move|p1b: Marill|Aqua Jet|p2a: Thundurus\n|-damage|p2a: Thundurus|0 fnt\n|faint|p2a: Thundurus\n|-damage|p1b: Marill|16\/100|[from] item: Life Orb\n|\n|upkeep\n|\n|t:|1700512066\n|switch|p2a: Blissey|Blissey, F|100\/100\n|switch|p2b: Ceruledge|Ceruledge, M|100\/100\n|turn|6\n|\n|t:|1700512080\n|move|p1b: Marill|Aqua Jet|p2b: Ceruledge\n|-supereffective|p2b: Ceruledge\n|-damage|p2b: Ceruledge|36\/100\n|-ability|p2b: Ceruledge|Weak Armor|boost\n|-unboost|p2b: Ceruledge|def|1\n|-boost|p2b: Ceruledge|spe|2\n|-damage|p1b: Marill|7\/100|[from] item: Life Orb\n|move|p2b: Ceruledge|Bitter Blade|p1b: Marill\n|-resisted|p1b: Marill\n|-damage|p1b: Marill|0 fnt\n|-heal|p2b: Ceruledge|40\/100|[from] drain|[of] p1b: Marill\n|faint|p1b: Marill\n|move|p1a: Starly|Double-Edge|p2a: Blissey\n|-damage|p2a: Blissey|59\/100\n|-damage|p1a: Starly|56\/100|[from] Recoil\n|move|p2a: Blissey|Seismic Toss|p1a: Starly\n|-damage|p1a: Starly|11\/100\n|\n|-heal|p2a: Blissey|65\/100|[from] item: Leftovers\n|upkeep\n|\n|t:|1700512103\n|switch|p1b: Ralts|Ralts, M, shiny|100\/100\n|-ability|p1b: Ralts|Weak Armor|[from] ability: Trace|[of] p2b: Ceruledge\n|turn|7\n|\n|t:|1700512114\n|move|p1a: Starly|Quick Attack|p2a: Blissey\n|-damage|p2a: Blissey|54\/100\n|move|p2b: Ceruledge|Bitter Blade|p1b: Ralts\n|-enditem|p1b: Ralts|Focus Sash\n|-damage|p1b: Ralts|1\/100\n|-heal|p2b: Ceruledge|85\/100|[from] drain|[of] p1b: Ralts\n|-ability|p1b: Ralts|Weak Armor|boost\n|-unboost|p1b: Ralts|def|1\n|-boost|p1b: Ralts|spe|2\n|move|p1b: Ralts|Destiny Bond|p1b: Ralts\n|-singlemove|p1b: Ralts|Destiny Bond\n|move|p2a: Blissey|Heal Pulse|p2b: Ceruledge\n|-heal|p2b: Ceruledge|100\/100\n|\n|-heal|p2a: Blissey|60\/100|[from] item: Leftovers\n|upkeep\n|turn|8\n|\n|t:|1700512145\n|move|p2b: Ceruledge|Bitter Blade|p1a: Starly\n|-damage|p1a: Starly|0 fnt\n|faint|p1a: Starly\n|move|p1b: Ralts|Shadow Ball|p2b: Ceruledge\n|-supereffective|p2b: Ceruledge\n|-damage|p2b: Ceruledge|59\/100\n|move|p2a: Blissey|Heal Pulse|p2b: Ceruledge\n|-heal|p2b: Ceruledge|100\/100\n|\n|-heal|p2a: Blissey|66\/100|[from] item: Leftovers\n|upkeep\n|\n|t:|1700512159\n|switch|p1a: Landorus|Landorus-Therian, M, shiny|80\/100\n|-ability|p1a: Landorus|Intimidate|boost\n|-unboost|p2a: Blissey|atk|1\n|-unboost|p2b: Ceruledge|atk|1\n|turn|9\n|\n|t:|1700512170\n|move|p2b: Ceruledge|Bitter Blade|p1a: Landorus\n|-damage|p1a: Landorus|28\/100\n|move|p1a: Landorus|Rock Slide|p2a: Blissey|[spread] p2b\n|-miss|p1a: Landorus|p2a: Blissey\n|-supereffective|p2b: Ceruledge\n|-damage|p2b: Ceruledge|0 fnt\n|faint|p2b: Ceruledge\n|-damage|p1a: Landorus|18\/100|[from] item: Life Orb\n|move|p1b: Ralts|Destiny Bond|p1b: Ralts\n|-singlemove|p1b: Ralts|Destiny Bond\n|move|p2a: Blissey|Seismic Toss|p1b: Ralts\n|-damage|p1b: Ralts|0 fnt\n|faint|p1b: Ralts\n|-activate|p1b: Ralts|move: Destiny Bond\n|faint|p2a: Blissey\n|\n|upkeep\n|\n|t:|1700512191\n|switch|p2b: Talonflame|Talonflame, M|100\/100\n|turn|10\n|\n|t:|1700512217\n|move|p2b: Talonflame|Brave Bird|p1a: Landorus\n|-damage|p1a: Landorus|0 fnt\n|faint|p1a: Landorus\n|-damage|p2b: Talonflame|94\/100|[from] Recoil\n|\n|win|Pohja\n|raw|Isjshebe's rating: 1057 &rarr; <strong>1041<\/strong><br \/>(-16 for losing)\n|raw|Pohja's rating: 1114 &rarr; <strong>1135<\/strong><br \/>(+21 for winning)\n","uploadtime":1700512226,"views":4,"p1id":"isjshebe","p2id":"pohja","formatid":"gen9doublesou","rating":1041,"private":0,"password":""}