{"id":"gen9doublesou-1993294063","p1":"InformJig23","p2":"Miss Toni","format":"[Gen 9] Doubles OU","log":"|j|\u2606InformJig23\n|j|\u2606Miss Toni\n|t:|1700292146\n|gametype|doubles\n|player|p1|InformJig23|1|1303\n|player|p2|Miss Toni|swimmerf-gen3rs|1492\n|teamsize|p1|6\n|teamsize|p2|6\n|gen|9\n|tier|[Gen 9] Doubles OU\n|rated|\n|rule|Species Clause: Limit one of each Pok\u00e9mon\n|rule|OHKO Clause: OHKO moves are banned\n|rule|Evasion Moves Clause: Evasion moves are banned\n|rule|Gravity Sleep Clause: The combination of sleep-inducing moves with imperfect accuracy and Gravity or Gigantamax Orbeetle are banned\n|rule|Endless Battle Clause: Forcing endless battles is banned\n|rule|HP Percentage Mod: HP is shown in percentages\n|clearpoke\n|poke|p1|Rillaboom, F|\n|poke|p1|Farigiraf, F|\n|poke|p1|Iron Bundle|\n|poke|p1|Magcargo, F|\n|poke|p1|Flamigo, M|\n|poke|p1|Clefairy, F|\n|poke|p2|Iron Jugulis|\n|poke|p2|Brute Bonnet|\n|poke|p2|Ting-Lu|\n|poke|p2|Landorus, M|\n|poke|p2|Tauros-Paldea-Combat, M|\n|poke|p2|Klefki, F|\n|teampreview\n|inactive|Battle timer is ON: inactive players will automatically lose when time's up. (requested by Miss Toni)\n|\n|t:|1700292172\n|start\n|switch|p1a: Iron Bundle|Iron Bundle|100\/100\n|switch|p1b: Rillaboom|Rillaboom, F, shiny|100\/100\n|switch|p2a: Tauros|Tauros-Paldea-Combat, M|100\/100\n|switch|p2b: Klefki|Klefki, F|100\/100\n|-ability|p2a: Tauros|Intimidate|boost\n|-unboost|p1a: Iron Bundle|atk|1\n|-unboost|p1b: Rillaboom|atk|1\n|-fieldstart|move: Grassy Terrain|[from] ability: Grassy Surge|[of] p1b: Rillaboom\n|-enditem|p1a: Iron Bundle|Booster Energy\n|-activate|p1a: Iron Bundle|ability: Quark Drive|[fromitem]\n|-start|p1a: Iron Bundle|quarkdrivespe\n|turn|1\n|\n|t:|1700292195\n|-terastallize|p2a: Tauros|Fighting\n|move|p1b: Rillaboom|Fake Out|p2b: Klefki\n|-resisted|p2b: Klefki\n|-damage|p2b: Klefki|95\/100\n|cant|p2b: Klefki|flinch\n|move|p1a: Iron Bundle|Hydro Pump|p2a: Tauros\n|-damage|p2a: Tauros|12\/100\n|move|p2a: Tauros|Close Combat|p1b: Rillaboom\n|-damage|p1b: Rillaboom|8\/100\n|-unboost|p2a: Tauros|def|1\n|-unboost|p2a: Tauros|spd|1\n|\n|-heal|p2a: Tauros|18\/100|[from] Grassy Terrain\n|-heal|p1b: Rillaboom|14\/100|[from] Grassy Terrain\n|-heal|p2b: Klefki|100\/100|[from] Grassy Terrain\n|upkeep\n|turn|2\n|\n|t:|1700292218\n|switch|p2a: Brute Bonnet|Brute Bonnet|100\/100\n|-enditem|p2a: Brute Bonnet|Booster Energy\n|-activate|p2a: Brute Bonnet|ability: Protosynthesis|[fromitem]\n|-start|p2a: Brute Bonnet|protosynthesisatk\n|move|p1b: Rillaboom|Grassy Glide|p2a: Brute Bonnet\n|-resisted|p2a: Brute Bonnet\n|-damage|p2a: Brute Bonnet|87\/100\n|move|p2b: Klefki|Light Screen|p2b: Klefki\n|-sidestart|p2: Miss Toni|move: Light Screen\n|move|p1a: Iron Bundle|Hydro Pump|p2b: Klefki\n|-damage|p2b: Klefki|70\/100\n|\n|-heal|p1b: Rillaboom|20\/100|[from] Grassy Terrain\n|-heal|p2b: Klefki|76\/100|[from] Grassy Terrain\n|-heal|p2a: Brute Bonnet|93\/100|[from] Grassy Terrain\n|upkeep\n|turn|3\n|\n|t:|1700292236\n|switch|p1b: Clefairy|Clefairy, F, shiny|100\/100\n|move|p1a: Iron Bundle|Protect|p1a: Iron Bundle\n|-singleturn|p1a: Iron Bundle|Protect\n|move|p2a: Brute Bonnet|Protect|p2a: Brute Bonnet\n|-singleturn|p2a: Brute Bonnet|Protect\n|move|p2b: Klefki|Reflect|p2b: Klefki\n|-sidestart|p2: Miss Toni|Reflect\n|\n|-heal|p2b: Klefki|82\/100|[from] Grassy Terrain\n|-heal|p2a: Brute Bonnet|99\/100|[from] Grassy Terrain\n|upkeep\n|turn|4\n|\n|t:|1700292265\n|move|p1a: Iron Bundle|Freeze-Dry|p2a: Brute Bonnet\n|-supereffective|p2a: Brute Bonnet\n|-damage|p2a: Brute Bonnet|62\/100\n|move|p2b: Klefki|Steel Beam|p1a: Iron Bundle\n|-damage|p1a: Iron Bundle|42\/100\n|-damage|p2b: Klefki|32\/100|[from] steelbeam\n|move|p2a: Brute Bonnet|Spore|p1b: Clefairy\n|-status|p1b: Clefairy|slp|[from] move: Spore\n|cant|p1b: Clefairy|slp\n|\n|-heal|p1a: Iron Bundle|48\/100|[from] Grassy Terrain\n|-heal|p2b: Klefki|38\/100|[from] Grassy Terrain\n|-heal|p2a: Brute Bonnet|68\/100|[from] Grassy Terrain\n|upkeep\n|turn|5\n|\n|t:|1700292283\n|move|p1a: Iron Bundle|Protect|p1a: Iron Bundle\n|-singleturn|p1a: Iron Bundle|Protect\n|move|p2a: Brute Bonnet|Sucker Punch||[still]\n|-fail|p2a: Brute Bonnet\n|move|p2b: Klefki|Steel Beam|p1b: Clefairy\n|-supereffective|p1b: Clefairy\n|-damage|p1b: Clefairy|42\/100 slp\n|-damage|p2b: Klefki|0 fnt|[from] steelbeam\n|faint|p2b: Klefki\n|cant|p1b: Clefairy|slp\n|\n|-heal|p1a: Iron Bundle|54\/100|[from] Grassy Terrain\n|-heal|p2a: Brute Bonnet|74\/100|[from] Grassy Terrain\n|-heal|p1b: Clefairy|48\/100 slp|[from] Grassy Terrain\n|-fieldend|move: Grassy Terrain\n|upkeep\n|\n|t:|1700292296\n|switch|p2b: Tauros|Tauros-Paldea-Combat, M, tera:Fighting|18\/100\n|-ability|p2b: Tauros|Intimidate|boost\n|-unboost|p1a: Iron Bundle|atk|1\n|-unboost|p1b: Clefairy|atk|1\n|turn|6\n|\n|t:|1700292322\n|cant|p1b: Clefairy|slp\n|move|p2a: Brute Bonnet|Sucker Punch|p1a: Iron Bundle\n|-damage|p1a: Iron Bundle|4\/100\n|move|p1a: Iron Bundle|Icy Wind|p2a: Brute Bonnet|[spread] p2a,p2b\n|-supereffective|p2a: Brute Bonnet\n|-crit|p2b: Tauros\n|-damage|p2a: Brute Bonnet|49\/100\n|-damage|p2b: Tauros|0 fnt\n|-unboost|p2a: Brute Bonnet|spe|1\n|faint|p2b: Tauros\n|\n|upkeep\n|\n|t:|1700292332\n|switch|p2b: Ting-Lu|Ting-Lu|100\/100\n|-ability|p2b: Ting-Lu|Vessel of Ruin\n|turn|7\n|\n|t:|1700292344\n|move|p2a: Brute Bonnet|Protect|p2a: Brute Bonnet\n|-singleturn|p2a: Brute Bonnet|Protect\n|-curestatus|p1b: Clefairy|slp|[msg]\n|move|p1b: Clefairy|Follow Me|p1b: Clefairy\n|-singleturn|p1b: Clefairy|move: Follow Me\n|move|p1a: Iron Bundle|Icy Wind|p2b: Ting-Lu|[spread] p2b\n|-activate|p2a: Brute Bonnet|move: Protect\n|-supereffective|p2b: Ting-Lu\n|-damage|p2b: Ting-Lu|83\/100\n|-unboost|p2b: Ting-Lu|spe|1\n|-enditem|p2b: Ting-Lu|Weakness Policy\n|-boost|p2b: Ting-Lu|atk|2|[from] item: Weakness Policy\n|-boost|p2b: Ting-Lu|spa|2|[from] item: Weakness Policy\n|move|p2b: Ting-Lu|Stomping Tantrum|p1b: Clefairy\n|-damage|p1b: Clefairy|0 fnt\n|faint|p1b: Clefairy\n|\n|upkeep\n|\n|t:|1700292367\n|switch|p1b: Rillaboom|Rillaboom, F, shiny|20\/100\n|-fieldstart|move: Grassy Terrain|[from] ability: Grassy Surge|[of] p1b: Rillaboom\n|turn|8\n|\n|t:|1700292380\n|move|p1b: Rillaboom|Fake Out|p2a: Brute Bonnet\n|-damage|p2a: Brute Bonnet|42\/100\n|cant|p2a: Brute Bonnet|flinch\n|move|p1a: Iron Bundle|Hydro Pump|p2b: Ting-Lu|[miss]\n|-miss|p1a: Iron Bundle|p2b: Ting-Lu\n|move|p2b: Ting-Lu|Payback|p1a: Iron Bundle\n|-damage|p1a: Iron Bundle|0 fnt\n|faint|p1a: Iron Bundle\n|-end|p1a: Iron Bundle|Quark Drive|[silent]\n|\n|-heal|p1b: Rillaboom|26\/100|[from] Grassy Terrain\n|-heal|p2a: Brute Bonnet|48\/100|[from] Grassy Terrain\n|-heal|p2b: Ting-Lu|89\/100|[from] Grassy Terrain\n|upkeep\n|\n|t:|1700292389\n|switch|p1a: Magcargo|Magcargo, F|100\/100\n|turn|9\n|\n|t:|1700292399\n|move|p1b: Rillaboom|Grassy Glide|p2b: Ting-Lu\n|-supereffective|p2b: Ting-Lu\n|-damage|p2b: Ting-Lu|53\/100\n|move|p1a: Magcargo|Shell Smash|p1a: Magcargo\n|-unboost|p1a: Magcargo|def|1\n|-unboost|p1a: Magcargo|spd|1\n|-boost|p1a: Magcargo|atk|2\n|-boost|p1a: Magcargo|spa|2\n|-boost|p1a: Magcargo|spe|2\n|move|p2a: Brute Bonnet|Spore|p1a: Magcargo\n|-status|p1a: Magcargo|slp|[from] move: Spore\n|move|p2b: Ting-Lu|Payback|p1b: Rillaboom\n|-crit|p1b: Rillaboom\n|-damage|p1b: Rillaboom|0 fnt\n|faint|p1b: Rillaboom\n|\n|-heal|p2a: Brute Bonnet|54\/100|[from] Grassy Terrain\n|-heal|p2b: Ting-Lu|59\/100|[from] Grassy Terrain\n|-sideend|p2: Miss Toni|move: Light Screen\n|upkeep\n|\n|t:|1700292413\n|switch|p1b: Flamigo|Flamigo, M|100\/100\n|-copyboost|p1b: Flamigo|p1a: Magcargo|[from] ability: Costar\n|-enditem|p1b: Flamigo|White Herb\n|-clearnegativeboost|p1b: Flamigo|[silent]\n|turn|10\n|\n|t:|1700292428\n|move|p1b: Flamigo|Detect|p1b: Flamigo\n|-singleturn|p1b: Flamigo|Protect\n|cant|p1a: Magcargo|slp\n|move|p2a: Brute Bonnet|Spore|p1b: Flamigo\n|-activate|p1b: Flamigo|move: Protect\n|move|p2b: Ting-Lu|Stone Edge|p1b: Flamigo\n|-activate|p1b: Flamigo|move: Protect\n|\n|-heal|p2a: Brute Bonnet|60\/100|[from] Grassy Terrain\n|-heal|p2b: Ting-Lu|65\/100|[from] Grassy Terrain\n|-sideend|p2: Miss Toni|Reflect\n|upkeep\n|turn|11\n|\n|t:|1700292443\n|-terastallize|p1b: Flamigo|Steel\n|move|p2a: Brute Bonnet|Sucker Punch|p1b: Flamigo\n|-damage|p1b: Flamigo|23\/100\n|move|p1b: Flamigo|Acrobatics|p2a: Brute Bonnet\n|-supereffective|p2a: Brute Bonnet\n|-damage|p2a: Brute Bonnet|0 fnt\n|faint|p2a: Brute Bonnet\n|-end|p2a: Brute Bonnet|Protosynthesis|[silent]\n|cant|p1a: Magcargo|slp\n|move|p2b: Ting-Lu|Stomping Tantrum|p1a: Magcargo\n|-supereffective|p1a: Magcargo\n|-enditem|p1a: Magcargo|Focus Sash\n|-damage|p1a: Magcargo|1\/100 slp\n|-ability|p1a: Magcargo|Weak Armor|boost\n|-unboost|p1a: Magcargo|def|1\n|-boost|p1a: Magcargo|spe|2\n|\n|-heal|p1b: Flamigo|29\/100|[from] Grassy Terrain\n|-heal|p1a: Magcargo|7\/100 slp|[from] Grassy Terrain\n|-heal|p2b: Ting-Lu|71\/100|[from] Grassy Terrain\n|upkeep\n|\n|t:|1700292461\n|switch|p2a: Iron Jugulis|Iron Jugulis|100\/100\n|-enditem|p2a: Iron Jugulis|Booster Energy\n|-activate|p2a: Iron Jugulis|ability: Quark Drive|[fromitem]\n|-start|p2a: Iron Jugulis|quarkdrivespa\n|turn|12\n|\n|t:|1700292481\n|move|p1b: Flamigo|Close Combat|p2b: Ting-Lu\n|-supereffective|p2b: Ting-Lu\n|-damage|p2b: Ting-Lu|0 fnt\n|-unboost|p1b: Flamigo|def|1\n|-unboost|p1b: Flamigo|spd|1\n|faint|p2b: Ting-Lu\n|-curestatus|p1a: Magcargo|slp|[msg]\n|move|p1a: Magcargo|Power Gem|p2a: Iron Jugulis\n|-supereffective|p2a: Iron Jugulis\n|-damage|p2a: Iron Jugulis|0 fnt\n|faint|p2a: Iron Jugulis\n|-end|p2a: Iron Jugulis|Quark Drive|[silent]\n|\n|-heal|p1b: Flamigo|35\/100|[from] Grassy Terrain\n|-heal|p1a: Magcargo|13\/100|[from] Grassy Terrain\n|-fieldend|move: Grassy Terrain\n|upkeep\n|\n|t:|1700292494\n|switch|p2b: Landorus|Landorus, M|100\/100\n|turn|13\n|\n|t:|1700292505\n|move|p1b: Flamigo|Acrobatics|p2b: Landorus\n|-damage|p2b: Landorus|0 fnt\n|faint|p2b: Landorus\n|\n|win|InformJig23\n|raw|InformJig23's rating: 1303 &rarr; <strong>1333<\/strong><br \/>(+30 for winning)\n|raw|Miss Toni's rating: 1492 &rarr; <strong>1462<\/strong><br \/>(-30 for losing)\n|l|\u2606Miss Toni\n","uploadtime":1700292520,"views":10,"p1id":"informjig23","p2id":"misstoni","formatid":"gen9doublesou","rating":1333,"private":0,"password":""}