{"id":"gen9doublesou-1999331970","p1":"1000s are weird","p2":"XxPeruxX Jedset83","format":"[Gen 9] Doubles OU","log":"|j|\u26061000s are weird\n|j|\u203dXxPeruxX Jedset83\n|t:|1701061662\n|gametype|doubles\n|player|p1|1000s are weird|cynthia|1124\n|player|p2|XxPeruxX Jedset83|265|1222\n|teamsize|p1|6\n|teamsize|p2|6\n|gen|9\n|tier|[Gen 9] Doubles OU\n|rated|\n|rule|Species Clause: Limit one of each Pok\u00e9mon\n|rule|OHKO Clause: OHKO moves are banned\n|rule|Evasion Moves Clause: Evasion moves are banned\n|rule|Gravity Sleep Clause: The combination of sleep-inducing moves with imperfect accuracy and Gravity or Gigantamax Orbeetle are banned\n|rule|Endless Battle Clause: Forcing endless battles is banned\n|rule|HP Percentage Mod: HP is shown in percentages\n|clearpoke\n|poke|p1|Wyrdeer, M|\n|poke|p1|Slowbro, M|\n|poke|p1|Gastrodon-East, M|\n|poke|p1|Ninetales-Alola, F|\n|poke|p1|Milotic, F|\n|poke|p1|Amoonguss, M|\n|poke|p2|Roaring Moon|\n|poke|p2|Rillaboom, M|\n|poke|p2|Arbok, M|\n|poke|p2|Kingambit, M|\n|poke|p2|Mudsdale, M|\n|poke|p2|Rotom-Wash|\n|teampreview\n|\n|t:|1701061685\n|start\n|switch|p1a: Wyrdeer|Wyrdeer, M, shiny|100\/100\n|switch|p1b: Amoonguss|Amoonguss, M|100\/100\n|switch|p2a: Roaring Moon|Roaring Moon|100\/100\n|switch|p2b: Rillaboom|Rillaboom, M, shiny|100\/100\n|-ability|p1a: Wyrdeer|Intimidate|boost\n|-unboost|p2a: Roaring Moon|atk|1\n|-unboost|p2b: Rillaboom|atk|1\n|-fieldstart|move: Grassy Terrain|[from] ability: Grassy Surge|[of] p2b: Rillaboom\n|-enditem|p2a: Roaring Moon|Booster Energy\n|-activate|p2a: Roaring Moon|ability: Protosynthesis|[fromitem]\n|-start|p2a: Roaring Moon|protosynthesisspe\n|turn|1\n|\n|t:|1701061707\n|move|p2b: Rillaboom|Fake Out|p1a: Wyrdeer\n|-damage|p1a: Wyrdeer|90\/100\n|move|p2a: Roaring Moon|Crunch|p1a: Wyrdeer\n|-supereffective|p1a: Wyrdeer\n|-damage|p1a: Wyrdeer|25\/100\n|cant|p1a: Wyrdeer|flinch\n|move|p1b: Amoonguss|Spore|p2a: Roaring Moon\n|-status|p2a: Roaring Moon|slp|[from] move: Spore\n|\n|-heal|p1a: Wyrdeer|31\/100|[from] Grassy Terrain\n|upkeep\n|turn|2\n|\n|t:|1701061733\n|switch|p1b: Milotic|Milotic, F|100\/100\n|cant|p2a: Roaring Moon|slp\n|move|p1a: Wyrdeer|Skill Swap|p2b: Rillaboom\n|-activate|p1a: Wyrdeer|move: Skill Swap|Grassy Surge|Intimidate|[of] p2b: Rillaboom\n|-ability|p2b: Rillaboom|Intimidate|boost\n|-unboost|p1a: Wyrdeer|atk|1\n|-enditem|p1a: Wyrdeer|Eject Pack\n|-unboost|p1b: Milotic|atk|1\n|-ability|p1b: Milotic|Competitive|boost\n|-boost|p1b: Milotic|spa|2\n|-enditem|p1b: Milotic|Adrenaline Orb\n|-boost|p1b: Milotic|spe|1|[from] item: Adrenaline Orb\n|inactive|Battle timer is ON: inactive players will automatically lose when time's up. (requested by XxPeruxX Jedset83)\n|\n|t:|1701061771\n|switch|p1a: Gastrodon|Gastrodon-East, M|100\/100\n|move|p2b: Rillaboom|U-turn|p1a: Gastrodon\n|-damage|p1a: Gastrodon|86\/100\n|\n|t:|1701061785\n|switch|p2b: Arbok|Arbok, M|100\/100|[from] U-turn\n|-ability|p2b: Arbok|Intimidate|boost\n|-unboost|p1a: Gastrodon|atk|1\n|-unboost|p1b: Milotic|atk|1\n|-ability|p1b: Milotic|Competitive|boost\n|-boost|p1b: Milotic|spa|2\n|\n|-heal|p1a: Gastrodon|92\/100|[from] Grassy Terrain\n|upkeep\n|turn|3\n|\n|t:|1701061807\n|-curestatus|p2a: Roaring Moon|slp|[msg]\n|move|p2a: Roaring Moon|Acrobatics|p1b: Milotic\n|-damage|p1b: Milotic|72\/100\n|move|p1b: Milotic|Surf|p2b: Arbok|[spread] p2a,p2b\n|-ability|p1a: Gastrodon|Storm Drain|boost\n|-boost|p1a: Gastrodon|spa|1\n|-resisted|p2a: Roaring Moon\n|-damage|p2a: Roaring Moon|60\/100\n|-enditem|p2b: Arbok|Focus Sash\n|-damage|p2b: Arbok|1\/100\n|move|p2b: Arbok|Glare|p1b: Milotic\n|-status|p1b: Milotic|par\n|move|p1a: Gastrodon|Stockpile|p1a: Gastrodon\n|-start|p1a: Gastrodon|stockpile1\n|-boost|p1a: Gastrodon|def|1\n|-boost|p1a: Gastrodon|spd|1\n|\n|-heal|p2a: Roaring Moon|66\/100|[from] Grassy Terrain\n|-heal|p2b: Arbok|7\/100|[from] Grassy Terrain\n|-heal|p1b: Milotic|78\/100 par|[from] Grassy Terrain\n|-heal|p1a: Gastrodon|98\/100|[from] Grassy Terrain\n|upkeep\n|turn|4\n|inactive|XxPeruxX Jedset83 has 120 seconds left.\n|\n|t:|1701061843\n|move|p2a: Roaring Moon|Dragon Claw|p1b: Milotic\n|-damage|p1b: Milotic|46\/100 par\n|move|p2b: Arbok|Coil|p2b: Arbok\n|-boost|p2b: Arbok|atk|1\n|-boost|p2b: Arbok|def|1\n|-boost|p2b: Arbok|accuracy|1\n|move|p1b: Milotic|Life Dew|p1b: Milotic|[spread] p1b\n|-ability|p1a: Gastrodon|Storm Drain|boost\n|-boost|p1a: Gastrodon|spa|1\n|-heal|p1b: Milotic|71\/100 par\n|move|p1a: Gastrodon|Stockpile|p1a: Gastrodon\n|-start|p1a: Gastrodon|stockpile2\n|-boost|p1a: Gastrodon|def|1\n|-boost|p1a: Gastrodon|spd|1\n|\n|-heal|p2a: Roaring Moon|72\/100|[from] Grassy Terrain\n|-heal|p2b: Arbok|13\/100|[from] Grassy Terrain\n|-heal|p1b: Milotic|77\/100 par|[from] Grassy Terrain\n|-heal|p1a: Gastrodon|100\/100|[from] Grassy Terrain\n|upkeep\n|turn|5\n|inactive|XxPeruxX Jedset83 has 120 seconds left.\n|inactive|1000s are weird has 120 seconds left.\n|\n|t:|1701061874\n|move|p2a: Roaring Moon|Dragon Claw|p1b: Milotic\n|-damage|p1b: Milotic|41\/100 par\n|move|p2b: Arbok|Poison Fang|p1b: Milotic\n|-damage|p1b: Milotic|11\/100 par\n|move|p1b: Milotic|Surf|p2b: Arbok|[spread] p2a,p2b\n|-ability|p1a: Gastrodon|Storm Drain|boost\n|-boost|p1a: Gastrodon|spa|1\n|-resisted|p2a: Roaring Moon\n|-crit|p2a: Roaring Moon\n|-damage|p2a: Roaring Moon|10\/100\n|-damage|p2b: Arbok|0 fnt\n|faint|p2b: Arbok\n|move|p1a: Gastrodon|Stockpile|p1a: Gastrodon\n|-start|p1a: Gastrodon|stockpile3\n|-boost|p1a: Gastrodon|def|1\n|-boost|p1a: Gastrodon|spd|1\n|\n|-heal|p2a: Roaring Moon|16\/100|[from] Grassy Terrain\n|-heal|p1b: Milotic|18\/100 par|[from] Grassy Terrain\n|-fieldend|move: Grassy Terrain\n|upkeep\n|inactive|XxPeruxX Jedset83 has 120 seconds left.\n|\n|t:|1701061891\n|switch|p2b: Rillaboom|Rillaboom, M, shiny|100\/100\n|-fieldstart|move: Grassy Terrain|[from] ability: Grassy Surge|[of] p2b: Rillaboom\n|turn|6\n|\n|t:|1701061902\n|switch|p1b: Ninetales|Ninetales-Alola, F|100\/100\n|-weather|Snow|[from] ability: Snow Warning|[of] p1b: Ninetales\n|-terastallize|p1a: Gastrodon|Ice\n|move|p2b: Rillaboom|Grassy Glide|p1a: Gastrodon\n|-damage|p1a: Gastrodon|92\/100\n|move|p2a: Roaring Moon|Dragon Claw|p1a: Gastrodon\n|-damage|p1a: Gastrodon|85\/100\n|move|p1a: Gastrodon|Blizzard|p2b: Rillaboom|[spread] p2a,p2b\n|-supereffective|p2a: Roaring Moon\n|-supereffective|p2b: Rillaboom\n|-damage|p2a: Roaring Moon|0 fnt\n|-damage|p2b: Rillaboom|0 fnt\n|faint|p2a: Roaring Moon\n|-end|p2a: Roaring Moon|Protosynthesis|[silent]\n|faint|p2b: Rillaboom\n|\n|-weather|Snow|[upkeep]\n|-heal|p1a: Gastrodon|91\/100|[from] Grassy Terrain\n|upkeep\n|inactive|XxPeruxX Jedset83 has 120 seconds left.\n|\n|t:|1701061925\n|switch|p2a: Kingambit|Kingambit, M|100\/100\n|switch|p2b: Mudsdale|Mudsdale, M, shiny|100\/100\n|turn|7\n|\n|t:|1701061939\n|move|p1b: Ninetales|Aurora Veil|p1b: Ninetales\n|-sidestart|p1: 1000s are weird|move: Aurora Veil\n|move|p2a: Kingambit|Metal Claw|p1a: Gastrodon\n|-supereffective|p1a: Gastrodon\n|-damage|p1a: Gastrodon|83\/100\n|move|p1a: Gastrodon|Muddy Water|p2a: Kingambit|[spread] p2a,p2b\n|-supereffective|p2b: Mudsdale\n|-damage|p2a: Kingambit|42\/100\n|-damage|p2b: Mudsdale|0 fnt\n|faint|p2b: Mudsdale\n|\n|-weather|Snow|[upkeep]\n|-heal|p2a: Kingambit|48\/100|[from] Grassy Terrain\n|-heal|p1a: Gastrodon|89\/100|[from] Grassy Terrain\n|upkeep\n|inactive|XxPeruxX Jedset83 has 120 seconds left.\n|\n|t:|1701061951\n|switch|p2b: Rotom|Rotom-Wash|100\/100\n|turn|8\n|\n|t:|1701061961\n|move|p2a: Kingambit|Protect|p2a: Kingambit\n|-singleturn|p2a: Kingambit|Protect\n|move|p1b: Ninetales|Freeze-Dry|p2b: Rotom\n|-supereffective|p2b: Rotom\n|-damage|p2b: Rotom|23\/100\n|-enditem|p2b: Rotom|Aguav Berry|[eat]\n|-heal|p2b: Rotom|56\/100|[from] item: Aguav Berry\n|move|p2b: Rotom|Light Screen|p2b: Rotom\n|-sidestart|p2: XxPeruxX Jedset83|move: Light Screen\n|move|p1a: Gastrodon|Blizzard|p2b: Rotom|[spread] p2b\n|-activate|p2a: Kingambit|move: Protect\n|-resisted|p2b: Rotom\n|-damage|p2b: Rotom|29\/100\n|-status|p2b: Rotom|frz\n|\n|-weather|Snow|[upkeep]\n|-heal|p2a: Kingambit|55\/100|[from] Grassy Terrain\n|-heal|p1a: Gastrodon|95\/100|[from] Grassy Terrain\n|upkeep\n|turn|9\n|inactive|XxPeruxX Jedset83 has 120 seconds left.\n|\n|t:|1701061996\n|move|p1b: Ninetales|Blizzard|p2b: Rotom|[spread] p2a,p2b\n|-resisted|p2a: Kingambit\n|-resisted|p2b: Rotom\n|-damage|p2a: Kingambit|42\/100\n|-damage|p2b: Rotom|14\/100 frz\n|-curestatus|p2b: Rotom|frz|[msg]\n|move|p2b: Rotom|Charge Beam|p1a: Gastrodon\n|-damage|p1a: Gastrodon|90\/100\n|move|p2a: Kingambit|Kowtow Cleave|p1b: Ninetales\n|-resisted|p1b: Ninetales\n|-damage|p1b: Ninetales|85\/100\n|move|p1a: Gastrodon|Blizzard|p2a: Kingambit|[spread] p2a,p2b\n|-resisted|p2a: Kingambit\n|-resisted|p2b: Rotom\n|-damage|p2a: Kingambit|17\/100\n|-damage|p2b: Rotom|0 fnt\n|faint|p2b: Rotom\n|\n|-weather|Snow|[upkeep]\n|-heal|p1b: Ninetales|91\/100|[from] Grassy Terrain\n|-heal|p2a: Kingambit|23\/100|[from] Grassy Terrain\n|-heal|p1a: Gastrodon|96\/100|[from] Grassy Terrain\n|upkeep\n|turn|10\n|-message|XxPeruxX Jedset83 forfeited.\n|\n|win|1000s are weird\n|raw|1000s are weird's rating: 1124 &rarr; <strong>1156<\/strong><br \/>(+32 for winning)\n|raw|XxPeruxX Jedset83's rating: 1222 &rarr; <strong>1190<\/strong><br \/>(-32 for losing)\n|l|\u203dXxPeruxX Jedset83\n","uploadtime":1701062188,"views":8,"p1id":"1000sareweird","p2id":"xxperuxxjedset83","formatid":"gen9doublesou","rating":1156,"private":0,"password":""}