{"id":"gen9doublesou-1984697206","p1":"fsdfsdfgsdfsdf","p2":"Sinfuless","format":"[Gen 9] Doubles OU","log":"|j|\u2606fsdfsdfgsdfsdf\n|j|\u2606Sinfuless\n|t:|1699291698\n|gametype|doubles\n|player|p1|fsdfsdfgsdfsdf|cynthia-gen4|1065\n|player|p2|Sinfuless|veteranf|1064\n|teamsize|p1|6\n|teamsize|p2|6\n|gen|9\n|tier|[Gen 9] Doubles OU\n|rated|\n|rule|Species Clause: Limit one of each Pok\u00e9mon\n|rule|OHKO Clause: OHKO moves are banned\n|rule|Evasion Moves Clause: Evasion moves are banned\n|rule|Gravity Sleep Clause: The combination of sleep-inducing moves with imperfect accuracy and Gravity or Gigantamax Orbeetle are banned\n|rule|Endless Battle Clause: Forcing endless battles is banned\n|rule|HP Percentage Mod: HP is shown in percentages\n|clearpoke\n|poke|p1|Torterra, M|\n|poke|p1|Grumpig, M|\n|poke|p1|Sinistcha-Masterpiece|\n|poke|p1|Sableye, M|\n|poke|p1|Diancie|\n|poke|p1|Corviknight, M|\n|poke|p2|Tornadus, M|\n|poke|p2|Rillaboom, F|\n|poke|p2|Landorus-Therian, M|\n|poke|p2|Arcanine-Hisui, M|\n|poke|p2|Thundurus, M|\n|poke|p2|Ogerpon-Wellspring, F|\n|teampreview\n|\n|t:|1699291719\n|start\n|switch|p1a: MONARCH|Corviknight, M|100\/100\n|switch|p1b: BEEFCAKE|Diancie|100\/100\n|switch|p2a: Tornadus|Tornadus, M|100\/100\n|switch|p2b: Rillaboom|Rillaboom, F|100\/100\n|-fieldstart|move: Grassy Terrain|[from] ability: Grassy Surge|[of] p2b: Rillaboom\n|-enditem|p2b: Rillaboom|Grassy Seed\n|-boost|p2b: Rillaboom|def|1|[from] item: Grassy Seed\n|turn|1\n|\n|t:|1699291738\n|move|p2b: Rillaboom|Fake Out|p1b: BEEFCAKE\n|-resisted|p1b: BEEFCAKE\n|-damage|p1b: BEEFCAKE|95\/100\n|move|p2a: Tornadus|Taunt|p1a: MONARCH\n|-start|p1a: MONARCH|move: Taunt\n|cant|p1a: MONARCH|move: Taunt|Tailwind\n|cant|p1b: BEEFCAKE|flinch\n|\n|-heal|p1b: BEEFCAKE|100\/100|[from] Grassy Terrain\n|upkeep\n|turn|2\n|inactive|Battle timer is ON: inactive players will automatically lose when time's up. (requested by fsdfsdfgsdfsdf)\n|\n|t:|1699291750\n|move|p2a: Tornadus|Tailwind|p2a: Tornadus\n|-sidestart|p2: Sinfuless|move: Tailwind\n|move|p2b: Rillaboom|Swords Dance|p2b: Rillaboom\n|-boost|p2b: Rillaboom|atk|2\n|move|p1a: MONARCH|Brave Bird|p2b: Rillaboom\n|-supereffective|p2b: Rillaboom\n|-damage|p2b: Rillaboom|41\/100\n|-damage|p1a: MONARCH|84\/100|[from] Recoil\n|move|p1b: BEEFCAKE|Diamond Storm|p2b: Rillaboom|[spread] p2a,p2b\n|-supereffective|p2a: Tornadus\n|-damage|p2a: Tornadus|32\/100\n|-damage|p2b: Rillaboom|21\/100\n|-boost|p1b: BEEFCAKE|def|2\n|\n|-heal|p2b: Rillaboom|27\/100|[from] Grassy Terrain\n|upkeep\n|turn|3\n|inactive|Sinfuless has 120 seconds left.\n|\n|t:|1699291784\n|switch|p2b: Arcanine|Arcanine-Hisui, M|100\/100\n|-ability|p2b: Arcanine|Intimidate|boost\n|-ability|p1a: MONARCH|Mirror Armor\n|-unboost|p2b: Arcanine|atk|1\n|-fail|p1b: BEEFCAKE|unboost|[from] ability: Clear Body|[of] p1b: BEEFCAKE\n|-terastallize|p1b: BEEFCAKE|Fire\n|move|p2a: Tornadus|U-turn|p1b: BEEFCAKE\n|-resisted|p1b: BEEFCAKE\n|-damage|p1b: BEEFCAKE|97\/100\n|inactive|Sinfuless has 120 seconds left.\n|\n|t:|1699291795\n|switch|p2a: Landorus|Landorus-Therian, M|100\/100|[from] U-turn\n|-ability|p2a: Landorus|Intimidate|boost\n|-ability|p1a: MONARCH|Mirror Armor\n|-unboost|p2a: Landorus|atk|1\n|-fail|p1b: BEEFCAKE|unboost|[from] ability: Clear Body|[of] p1b: BEEFCAKE\n|move|p1a: MONARCH|Brave Bird|p2b: Arcanine\n|-resisted|p2b: Arcanine\n|-damage|p2b: Arcanine|80\/100\n|-damage|p1a: MONARCH|77\/100|[from] Recoil\n|move|p1b: BEEFCAKE|Diamond Storm|p2a: Landorus|[spread] p2a,p2b\n|-supereffective|p2b: Arcanine\n|-damage|p2a: Landorus|70\/100\n|-damage|p2b: Arcanine|24\/100\n|-boost|p1b: BEEFCAKE|def|2\n|\n|-heal|p2b: Arcanine|30\/100|[from] Grassy Terrain\n|-heal|p1b: BEEFCAKE|100\/100|[from] Grassy Terrain\n|-end|p1a: MONARCH|move: Taunt\n|upkeep\n|turn|4\n|inactive|Sinfuless has 120 seconds left.\n|\n|t:|1699291817\n|move|p2a: Landorus|Stone Edge|p1a: MONARCH\n|-damage|p1a: MONARCH|59\/100\n|move|p2b: Arcanine|Rock Slide|p1a: MONARCH|[spread] p1a,p1b\n|-supereffective|p1b: BEEFCAKE\n|-damage|p1a: MONARCH|48\/100\n|-damage|p1b: BEEFCAKE|90\/100\n|-enditem|p1b: BEEFCAKE|Weakness Policy\n|-boost|p1b: BEEFCAKE|atk|2|[from] item: Weakness Policy\n|-boost|p1b: BEEFCAKE|spa|2|[from] item: Weakness Policy\n|move|p1a: MONARCH|Tailwind|p1a: MONARCH\n|-sidestart|p1: fsdfsdfgsdfsdf|move: Tailwind\n|move|p1b: BEEFCAKE|Diamond Storm|p2b: Arcanine|[spread] p2a,p2b\n|-supereffective|p2b: Arcanine\n|-damage|p2a: Landorus|7\/100\n|-damage|p2b: Arcanine|0 fnt\n|-boost|p1b: BEEFCAKE|def|2\n|faint|p2b: Arcanine\n|\n|-heal|p1b: BEEFCAKE|96\/100|[from] Grassy Terrain\n|upkeep\n|inactive|Sinfuless has 120 seconds left.\n|\n|t:|1699291823\n|switch|p2b: Thundurus|Thundurus, M|100\/100\n|turn|5\n|-message|Sinfuless forfeited.\n|\n|win|fsdfsdfgsdfsdf\n|raw|fsdfsdfgsdfsdf's rating: 1065 &rarr; <strong>1095<\/strong><br \/>(+30 for winning)\n|raw|Sinfuless's rating: 1064 &rarr; <strong>1044<\/strong><br \/>(-20 for losing)\n|l|\u2606Sinfuless\n","uploadtime":1699291838,"views":9,"p1id":"fsdfsdfgsdfsdf","p2id":"sinfuless","formatid":"gen9doublesou","rating":1044,"private":0,"password":""}