{"id":"gen9doublesou-1971851607","p1":"Asde_21777","p2":"Blazeloltr","format":"[Gen 9] Doubles OU","log":"|j|\u2606Asde_21777\n|j|\u2606Blazeloltr\n|t:|1697781446\n|gametype|doubles\n|player|p1|Asde_21777|plasmagrunt-gen5bw|1174\n|player|p2|Blazeloltr|170|1098\n|teamsize|p1|6\n|teamsize|p2|6\n|gen|9\n|tier|[Gen 9] Doubles OU\n|rated|\n|rule|Species Clause: Limit one of each Pok\u00e9mon\n|rule|OHKO Clause: OHKO moves are banned\n|rule|Evasion Moves Clause: Evasion moves are banned\n|rule|Gravity Sleep Clause: The combination of sleep-inducing moves with imperfect accuracy and Gravity or Gigantamax Orbeetle are banned\n|rule|Endless Battle Clause: Forcing endless battles is banned\n|rule|HP Percentage Mod: HP is shown in percentages\n|clearpoke\n|poke|p1|Sinistcha-Masterpiece|\n|poke|p1|Iron Hands|\n|poke|p1|Kingambit, M|\n|poke|p1|Iron Bundle|\n|poke|p1|Tornadus, M|\n|poke|p1|Ogerpon-Hearthflame, F|\n|poke|p2|Gengar, F|\n|poke|p2|Empoleon, F|\n|poke|p2|Haxorus, M|\n|poke|p2|Snorlax, M|\n|poke|p2|Ceruledge, F|\n|poke|p2|Armarouge, M|\n|teampreview\n|\n|t:|1697781465\n|start\n|switch|p1a: Kingambit|Kingambit, M, shiny|100\/100\n|switch|p1b: Ogerpon|Ogerpon-Hearthflame, F|100\/100\n|switch|p2a: Armarouge|Armarouge, M|100\/100\n|switch|p2b: Snorlax|Snorlax, M|100\/100\n|-ability|p1b: Ogerpon|Mold Breaker\n|turn|1\n|\n|t:|1697781483\n|move|p1a: Kingambit|Sucker Punch|p2a: Armarouge\n|-supereffective|p2a: Armarouge\n|-damage|p2a: Armarouge|0 fnt\n|faint|p2a: Armarouge\n|move|p1b: Ogerpon|Swords Dance|p1b: Ogerpon\n|-boost|p1b: Ogerpon|atk|2\n|move|p2b: Snorlax|Focus Blast|p1b: Ogerpon\n|-damage|p1b: Ogerpon|79\/100\n|\n|upkeep\n|\n|t:|1697781495\n|switch|p2a: Gengar|Gengar, F|100\/100\n|turn|2\n|\n|t:|1697781509\n|move|p1a: Kingambit|Sucker Punch||[still]\n|-fail|p1a: Kingambit\n|move|p1b: Ogerpon|Ivy Cudgel|p2a: Gengar\n|-enditem|p2a: Gengar|Focus Sash\n|-damage|p2a: Gengar|1\/100\n|-start|p1b: Ogerpon|Disable|Ivy Cudgel|[from] ability: Cursed Body|[of] p2a: Gengar\n|move|p2a: Gengar|Destiny Bond|p2a: Gengar\n|-singlemove|p2a: Gengar|Destiny Bond\n|move|p2b: Snorlax|Focus Blast|p1a: Kingambit|[miss]\n|-miss|p2b: Snorlax|p1a: Kingambit\n|\n|upkeep\n|turn|3\n|\n|t:|1697781531\n|switch|p1a: Iron Hands|Iron Hands|100\/100\n|move|p1b: Ogerpon|Swords Dance|p1b: Ogerpon\n|-boost|p1b: Ogerpon|atk|2\n|move|p2a: Gengar|Disable||[still]\n|-fail|p2a: Gengar\n|move|p2b: Snorlax|Focus Blast|p1a: Iron Hands\n|-damage|p1a: Iron Hands|88\/100\n|\n|upkeep\n|turn|4\n|\n|t:|1697781555\n|move|p1b: Ogerpon|Play Rough|p2a: Gengar\n|-resisted|p2a: Gengar\n|-damage|p2a: Gengar|0 fnt\n|faint|p2a: Gengar\n|move|p1a: Iron Hands|Drain Punch|p2b: Snorlax\n|-supereffective|p2b: Snorlax\n|-crit|p2b: Snorlax\n|-damage|p2b: Snorlax|4\/100\n|-heal|p1a: Iron Hands|100\/100|[from] drain|[of] p2b: Snorlax\n|move|p2b: Snorlax|Focus Blast|p1b: Ogerpon\n|-damage|p1b: Ogerpon|57\/100\n|\n|-heal|p2b: Snorlax|10\/100|[from] item: Leftovers\n|upkeep\n|\n|t:|1697781570\n|switch|p2a: Ceruledge|Ceruledge, F|100\/100\n|turn|5\n|\n|t:|1697781597\n|move|p1b: Ogerpon|Play Rough|p2a: Ceruledge\n|-resisted|p2a: Ceruledge\n|-damage|p2a: Ceruledge|37\/100\n|-unboost|p2a: Ceruledge|atk|1\n|move|p2a: Ceruledge|Bitter Blade|p1b: Ogerpon\n|-damage|p1b: Ogerpon|22\/100\n|-heal|p2a: Ceruledge|54\/100|[from] drain|[of] p1b: Ogerpon\n|move|p1a: Iron Hands|Volt Switch|p2b: Snorlax\n|-damage|p2b: Snorlax|3\/100\n|\n|t:|1697781616\n|-end|p1a: Iron Hands|Quark Drive|[silent]\n|switch|p1a: Sinistcha|Sinistcha-Masterpiece|100\/100|[from] Volt Switch\n|-heal|p1b: Ogerpon|47\/100|[from] ability: Hospitality|[of] p1a: Sinistcha\n|move|p2b: Snorlax|Rest|p2b: Snorlax\n|-status|p2b: Snorlax|slp|[from] move: Rest\n|-heal|p2b: Snorlax|100\/100 slp|[silent]\n|\n|-end|p1b: Ogerpon|Disable\n|upkeep\n|turn|6\n|\n|t:|1697781641\n|move|p1b: Ogerpon|Play Rough|p2a: Ceruledge\n|-resisted|p2a: Ceruledge\n|-damage|p2a: Ceruledge|0 fnt\n|faint|p2a: Ceruledge\n|move|p1a: Sinistcha|Strength Sap|p2b: Snorlax\n|-unboost|p2b: Snorlax|atk|1\n|cant|p2b: Snorlax|slp\n|move|p2b: Snorlax|Sleep Talk|p2b: Snorlax\n|move|p2b: Snorlax|Last Resort|p1b: Ogerpon|[from]move: Sleep Talk\n|-damage|p1b: Ogerpon|5\/100\n|\n|upkeep\n|\n|t:|1697781656\n|switch|p2a: Haxorus|Haxorus, M|100\/100\n|turn|7\n|\n|t:|1697781671\n|move|p1a: Sinistcha|Rage Powder|p1a: Sinistcha\n|-singleturn|p1a: Sinistcha|move: Rage Powder\n|move|p1b: Ogerpon|Play Rough|p2a: Haxorus\n|-supereffective|p2a: Haxorus\n|-damage|p2a: Haxorus|0 fnt\n|faint|p2a: Haxorus\n|cant|p2b: Snorlax|slp\n|move|p2b: Snorlax|Sleep Talk|p2b: Snorlax\n|move|p2b: Snorlax|Focus Blast|p1a: Sinistcha|[from]move: Sleep Talk\n|-immune|p1a: Sinistcha\n|\n|upkeep\n|\n|t:|1697781686\n|switch|p2a: Empoleon|Empoleon, F|100\/100\n|turn|8\n|\n|t:|1697781707\n|move|p1b: Ogerpon|Horn Leech|p2a: Empoleon\n|-damage|p2a: Empoleon|0 fnt\n|-heal|p1b: Ogerpon|60\/100|[from] drain|[of] p2a: Empoleon\n|faint|p2a: Empoleon\n|move|p1a: Sinistcha|Matcha Gotcha|p2b: Snorlax\n|-damage|p2b: Snorlax|81\/100 slp\n|-curestatus|p2b: Snorlax|slp|[msg]\n|move|p2b: Snorlax|Sleep Talk||[still]\n|-fail|p2b: Snorlax\n|\n|-heal|p2b: Snorlax|87\/100|[from] item: Leftovers\n|upkeep\n|turn|9\n|\n|t:|1697781733\n|-terastallize|p2b: Snorlax|Normal\n|move|p1b: Ogerpon|Ivy Cudgel|p2b: Snorlax\n|-damage|p2b: Snorlax|0 fnt\n|faint|p2b: Snorlax\n|\n|win|Asde_21777\n|raw|Asde_21777's rating: 1174 &rarr; <strong>1194<\/strong><br \/>(+20 for winning)\n|raw|Blazeloltr's rating: 1098 &rarr; <strong>1079<\/strong><br \/>(-19 for losing)\n|l|\u2606Blazeloltr\n","uploadtime":1697781758,"views":15,"p1id":"asde21777","p2id":"blazeloltr","formatid":"gen9doublesou","rating":1079,"private":0,"password":""}