{"id":"gen9doublesou-1983138612","p1":"nknaitik","p2":"blazingk11","format":"[Gen 9] Doubles OU","log":"|j|\u2606nknaitik\n|j|\u2606blazingk11\n|t:|1699094265\n|gametype|doubles\n|player|p1|nknaitik|1|1147\n|player|p2|blazingk11|170|1120\n|teamsize|p1|6\n|teamsize|p2|6\n|gen|9\n|tier|[Gen 9] Doubles OU\n|rated|\n|rule|Species Clause: Limit one of each Pok\u00e9mon\n|rule|OHKO Clause: OHKO moves are banned\n|rule|Evasion Moves Clause: Evasion moves are banned\n|rule|Gravity Sleep Clause: The combination of sleep-inducing moves with imperfect accuracy and Gravity or Gigantamax Orbeetle are banned\n|rule|Endless Battle Clause: Forcing endless battles is banned\n|rule|HP Percentage Mod: HP is shown in percentages\n|clearpoke\n|poke|p1|Ogerpon-Hearthflame, F|\n|poke|p1|Landorus-Therian, M|\n|poke|p1|Flutter Mane|\n|poke|p1|Kingambit, M|\n|poke|p1|Roaring Moon|\n|poke|p1|Okidogi, M|\n|poke|p2|Baxcalibur, F|\n|poke|p2|Chien-Pao|\n|poke|p2|Iron Bundle|\n|poke|p2|Ninetales-Alola, M|\n|poke|p2|Mamoswine, F|\n|poke|p2|Dragonite, M|\n|teampreview\n|\n|t:|1699094276\n|start\n|switch|p1a: Landorus|Landorus-Therian, M|100\/100\n|switch|p1b: Okidogi|Okidogi, M|100\/100\n|switch|p2a: Ninetales|Ninetales-Alola, M, shiny|100\/100\n|switch|p2b: Baxcalibur|Baxcalibur, F|100\/100\n|-ability|p1a: Landorus|Intimidate|boost\n|-unboost|p2a: Ninetales|atk|1\n|-unboost|p2b: Baxcalibur|atk|1\n|-weather|Snow|[from] ability: Snow Warning|[of] p2a: Ninetales\n|turn|1\n|l|\u2606nknaitik\n|player|p1|\n|j|\u2606nknaitik\n|player|p1|nknaitik|1\n|\n|t:|1699094313\n|move|p1a: Landorus|U-turn|p2b: Baxcalibur\n|-damage|p2b: Baxcalibur|86\/100\n|\n|t:|1699094322\n|switch|p1a: Ogerpon|Ogerpon-Hearthflame, F|100\/100|[from] U-turn\n|-ability|p1a: Ogerpon|Mold Breaker\n|move|p2a: Ninetales|Aurora Veil|p2a: Ninetales\n|-sidestart|p2: blazingk11|move: Aurora Veil\n|move|p1b: Okidogi|Fling|p2a: Ninetales\n|-resisted|p2a: Ninetales\n|-damage|p2a: Ninetales|97\/100\n|-status|p2a: Ninetales|tox\n|-enditem|p1b: Okidogi|Toxic Orb|[from] move: Fling\n|move|p2b: Baxcalibur|Dragon Dance|p2b: Baxcalibur\n|-boost|p2b: Baxcalibur|atk|1\n|-boost|p2b: Baxcalibur|spe|1\n|\n|-weather|Snow|[upkeep]\n|-damage|p2a: Ninetales|90\/100 tox|[from] psn\n|upkeep\n|turn|2\n|\n|t:|1699094353\n|-terastallize|p1a: Ogerpon|Fire\n|detailschange|p1a: Ogerpon|Ogerpon-Hearthflame-Tera, F, tera:Fire\n|-ability|p1a: Ogerpon|Embody Aspect (Hearthflame)|boost\n|-boost|p1a: Ogerpon|atk|1\n|move|p1a: Ogerpon|Ivy Cudgel|p2b: Baxcalibur\n|-crit|p2b: Baxcalibur\n|-damage|p2b: Baxcalibur|0 fnt\n|faint|p2b: Baxcalibur\n|move|p2a: Ninetales|Blizzard|p1b: Okidogi|[spread] p1a,p1b\n|-resisted|p1a: Ogerpon\n|-damage|p1a: Ogerpon|81\/100\n|-damage|p1b: Okidogi|65\/100\n|move|p1b: Okidogi|Fire Punch|p2a: Ninetales\n|-supereffective|p2a: Ninetales\n|-damage|p2a: Ninetales|57\/100 tox\n|\n|-weather|Snow|[upkeep]\n|-damage|p2a: Ninetales|45\/100 tox|[from] psn\n|upkeep\n|\n|t:|1699094386\n|switch|p2b: Iron Bundle|Iron Bundle|100\/100\n|turn|3\n|\n|t:|1699094408\n|move|p1a: Ogerpon|Spiky Shield|p1a: Ogerpon\n|-singleturn|p1a: Ogerpon|move: Protect\n|move|p2b: Iron Bundle|Hydro Pump|p1a: Ogerpon\n|-activate|p1a: Ogerpon|move: Protect\n|move|p2a: Ninetales|Moonblast|p1b: Okidogi\n|-damage|p1b: Okidogi|22\/100\n|-unboost|p1b: Okidogi|spa|1\n|move|p1b: Okidogi|Poison Fang|p2b: Iron Bundle\n|-damage|p2b: Iron Bundle|88\/100\n|-status|p2b: Iron Bundle|tox\n|\n|-weather|Snow|[upkeep]\n|-damage|p2b: Iron Bundle|82\/100 tox|[from] psn\n|-damage|p2a: Ninetales|26\/100 tox|[from] psn\n|upkeep\n|turn|4\n|\n|t:|1699094443\n|switch|p1a: Roaring Moon|Roaring Moon|100\/100\n|-enditem|p1a: Roaring Moon|Booster Energy\n|-activate|p1a: Roaring Moon|ability: Protosynthesis|[fromitem]\n|-start|p1a: Roaring Moon|protosynthesisatk\n|move|p2b: Iron Bundle|Hydro Pump|p1a: Roaring Moon\n|-resisted|p1a: Roaring Moon\n|-damage|p1a: Roaring Moon|60\/100\n|move|p2a: Ninetales|Blizzard|p1b: Okidogi|[spread] p1a,p1b\n|-supereffective|p1a: Roaring Moon\n|-damage|p1a: Roaring Moon|4\/100\n|-damage|p1b: Okidogi|0 fnt\n|faint|p1b: Okidogi\n|\n|-weather|Snow|[upkeep]\n|-damage|p2b: Iron Bundle|70\/100 tox|[from] psn\n|-damage|p2a: Ninetales|1\/100 tox|[from] psn\n|upkeep\n|\n|t:|1699094460\n|switch|p1b: Ogerpon|Ogerpon-Hearthflame-Tera, F, tera:Fire|81\/100\n|-ability|p1b: Ogerpon|Embody Aspect (Hearthflame)|boost\n|-boost|p1b: Ogerpon|atk|1\n|turn|5\n|\n|t:|1699094486\n|switch|p2a: Dragonite|Dragonite, M|100\/100\n|-terastallize|p2b: Iron Bundle|Poison\n|move|p1b: Ogerpon|Spiky Shield|p1b: Ogerpon\n|-singleturn|p1b: Ogerpon|move: Protect\n|move|p2b: Iron Bundle|Hydro Pump|p1b: Ogerpon\n|-activate|p1b: Ogerpon|move: Protect\n|move|p1a: Roaring Moon|Acrobatics|p2b: Iron Bundle\n|-damage|p2b: Iron Bundle|31\/100 tox\n|\n|-weather|none\n|-damage|p2b: Iron Bundle|13\/100 tox|[from] psn\n|upkeep\n|turn|6\n|c|\u2606blazingk11|stop switching and get yo bitch ass hydro pump lolol\n|c|\u2606nknaitik|no\n|\n|t:|1699094527\n|move|p2a: Dragonite|Extreme Speed|p1a: Roaring Moon\n|-damage|p1a: Roaring Moon|0 fnt\n|faint|p1a: Roaring Moon\n|-end|p1a: Roaring Moon|Protosynthesis|[silent]\n|move|p2b: Iron Bundle|Hydro Pump|p1b: Ogerpon\n|-supereffective|p1b: Ogerpon\n|-damage|p1b: Ogerpon|0 fnt\n|faint|p1b: Ogerpon\n|\n|-damage|p2b: Iron Bundle|0 fnt|[from] psn\n|faint|p2b: Iron Bundle\n|-end|p2b: Iron Bundle|Quark Drive|[silent]\n|upkeep\n|c|\u2606nknaitik|why\n|c|\u2606blazingk11|lolololol\n|c|\u2606blazingk11|im sorry\n|c|\u2606blazingk11|this battle is hilarious\n|c|\u2606nknaitik|k\n|\n|t:|1699094579\n|switch|p2b: Ninetales|Ninetales-Alola, M, shiny|1\/100 tox\n|switch|p1a: Flutter Mane|Flutter Mane|100\/100\n|switch|p1b: Landorus|Landorus-Therian, M|100\/100\n|-ability|p1b: Landorus|Intimidate|boost\n|-fail|p2a: Dragonite|unboost|Attack|[from] ability: Inner Focus|[of] p2a: Dragonite\n|-unboost|p2b: Ninetales|atk|1\n|-weather|Snow|[from] ability: Snow Warning|[of] p2b: Ninetales\n|-enditem|p1a: Flutter Mane|Booster Energy\n|-activate|p1a: Flutter Mane|ability: Protosynthesis|[fromitem]\n|-start|p1a: Flutter Mane|protosynthesisspa\n|turn|7\n|\n|t:|1699094603\n|move|p1b: Landorus|Rock Slide|p2b: Ninetales|[spread] p2a,p2b\n|-supereffective|p2a: Dragonite\n|-supereffective|p2b: Ninetales\n|-crit|p2b: Ninetales\n|-damage|p2a: Dragonite|79\/100\n|-damage|p2b: Ninetales|0 fnt\n|faint|p2b: Ninetales\n|move|p1a: Flutter Mane|Dazzling Gleam|p2a: Dragonite\n|-supereffective|p2a: Dragonite\n|-damage|p2a: Dragonite|11\/100\n|move|p2a: Dragonite|Light Screen|p2a: Dragonite\n|-sidestart|p2: blazingk11|move: Light Screen\n|\n|-weather|Snow|[upkeep]\n|-heal|p2a: Dragonite|18\/100|[from] item: Leftovers\n|upkeep\n|\n|t:|1699094616\n|switch|p2b: Chien-Pao|Chien-Pao|100\/100\n|-ability|p2b: Chien-Pao|Sword of Ruin\n|turn|8\n|\n|t:|1699094630\n|move|p2a: Dragonite|Extreme Speed|p1b: Landorus\n|-crit|p1b: Landorus\n|-damage|p1b: Landorus|40\/100\n|move|p1b: Landorus|Rock Slide|p2b: Chien-Pao|[spread] p2b\n|-miss|p1b: Landorus|p2a: Dragonite\n|-supereffective|p2b: Chien-Pao\n|-damage|p2b: Chien-Pao|73\/100\n|move|p2b: Chien-Pao|Ice Spinner|p1a: Flutter Mane\n|-crit|p1a: Flutter Mane\n|-damage|p1a: Flutter Mane|0 fnt\n|faint|p1a: Flutter Mane\n|-end|p1a: Flutter Mane|Protosynthesis|[silent]\n|\n|-weather|Snow|[upkeep]\n|-heal|p2a: Dragonite|24\/100|[from] item: Leftovers\n|-sideend|p2: blazingk11|move: Aurora Veil\n|upkeep\n|\n|t:|1699094637\n|switch|p1a: Kingambit|Kingambit, M, shiny|100\/100\n|-activate|p1a: Kingambit|ability: Supreme Overlord\n|-start|p1a: Kingambit|fallen4|[silent]\n|turn|9\n|inactive|Battle timer is ON: inactive players will automatically lose when time's up. (requested by nknaitik)\n|c|\u2606nknaitik|hmm\n|\n|t:|1699094679\n|move|p1a: Kingambit|Protect|p1a: Kingambit\n|-singleturn|p1a: Kingambit|Protect\n|move|p2a: Dragonite|Extreme Speed|p1b: Landorus\n|-crit|p1b: Landorus\n|-damage|p1b: Landorus|0 fnt\n|faint|p1b: Landorus\n|move|p2b: Chien-Pao|Brick Break|p1a: Kingambit\n|-activate|p1a: Kingambit|move: Protect\n|\n|-weather|Snow|[upkeep]\n|-heal|p2a: Dragonite|30\/100|[from] item: Leftovers\n|upkeep\n|turn|10\n|c|\u2606blazingk11|well\n|c|\u2606blazingk11|gg?\n|c|\u2606nknaitik|gg\n|\n|t:|1699094705\n|move|p2b: Chien-Pao|Brick Break|p1a: Kingambit\n|-supereffective|p1a: Kingambit\n|-damage|p1a: Kingambit|6\/100\n|move|p2a: Dragonite|Thunder Wave|p1a: Kingambit\n|-status|p1a: Kingambit|par\n|move|p1a: Kingambit|Kowtow Cleave|p2b: Chien-Pao\n|-resisted|p2b: Chien-Pao\n|-damage|p2b: Chien-Pao|34\/100\n|\n|-weather|Snow|[upkeep]\n|-heal|p2a: Dragonite|36\/100|[from] item: Leftovers\n|upkeep\n|turn|11\n|c|\u2606nknaitik|gg\n|\n|t:|1699094722\n|move|p2a: Dragonite|Extreme Speed|p1a: Kingambit\n|-resisted|p1a: Kingambit\n|-damage|p1a: Kingambit|0 fnt\n|faint|p1a: Kingambit\n|-end|p1a: Kingambit|fallen4|[silent]\n|\n|win|blazingk11\n|raw|nknaitik's rating: 1147 &rarr; <strong>1120<\/strong><br \/>(-27 for losing)\n|raw|blazingk11's rating: 1120 &rarr; <strong>1147<\/strong><br \/>(+27 for winning)\n|c|\u2606blazingk11|yay\n|l|\u2606nknaitik\n|c|\u2606blazingk11|great battle\n|l|\u2606blazingk11\n|j|\u2606blazingk11\n|player|p2|blazingk11|170\n","uploadtime":1699094519,"views":30,"p1id":"nknaitik","p2id":"blazingk11","formatid":"gen9doublesou","rating":1120,"private":0,"password":""}