{"id":"gen9doublesou-1972337691","p1":"GoDDanteX","p2":"Redzone92","format":"[Gen 9] Doubles OU","log":"|j|\u2606GoDDanteX\n|j|\u2606Redzone92\n|t:|1697832662\n|gametype|doubles\n|player|p1|GoDDanteX|red-masters|\n|player|p2|Redzone92|alder|\n|teamsize|p1|6\n|teamsize|p2|6\n|gen|9\n|tier|[Gen 9] Doubles OU\n|rule|Species Clause: Limit one of each Pok\u00e9mon\n|rule|OHKO Clause: OHKO moves are banned\n|rule|Evasion Moves Clause: Evasion moves are banned\n|rule|Gravity Sleep Clause: The combination of sleep-inducing moves with imperfect accuracy and Gravity or Gigantamax Orbeetle are banned\n|rule|Endless Battle Clause: Forcing endless battles is banned\n|rule|HP Percentage Mod: HP is shown in percentages\n|clearpoke\n|poke|p1|Pawmot, M|\n|poke|p1|Arcanine, M|\n|poke|p1|Dragapult, M|\n|poke|p1|Iron Valiant|\n|poke|p1|Umbreon, M|\n|poke|p1|Espeon, F|\n|poke|p2|Farigiraf, F|\n|poke|p2|Landorus-Therian, M|\n|poke|p2|Diancie|\n|poke|p2|Iron Moth|\n|poke|p2|Hydreigon, F|\n|poke|p2|Kleavor, M|\n|teampreview\n|\n|t:|1697832681\n|start\n|switch|p1a: Ali|Pawmot, M, shiny|100\/100\n|switch|p1b: Minx|Umbreon, M, shiny|100\/100\n|switch|p2a: Martty|Farigiraf, F|100\/100\n|switch|p2b: Edward|Kleavor, M, shiny|100\/100\n|turn|1\n|j| Wookiebacon\n|\n|t:|1697832698\n|move|p1a: Ali|Fake Out||[still]\n|cant|p2a: Martty|ability: Armor Tail|Fake Out|[of] p1a: Ali\n|move|p2b: Edward|X-Scissor|p1b: Minx\n|-supereffective|p1b: Minx\n|-damage|p1b: Minx|0 fnt\n|faint|p1b: Minx\n|move|p2a: Martty|Dazzling Gleam|p1a: Ali\n|-supereffective|p1a: Ali\n|-damage|p1a: Ali|0 fnt\n|faint|p1a: Ali\n|\n|upkeep\n|\n|t:|1697832711\n|switch|p1a: Anakin|Iron Valiant, shiny|100\/100\n|switch|p1b: H|Espeon, F, shiny|100\/100\n|-enditem|p1a: Anakin|Booster Energy\n|-activate|p1a: Anakin|ability: Quark Drive|[fromitem]\n|-start|p1a: Anakin|quarkdrivespe\n|turn|2\n|\n|t:|1697832725\n|switch|p1b: Spike|Arcanine, M, shiny|100\/100\n|-ability|p1b: Spike|Intimidate|boost\n|-unboost|p2a: Martty|atk|1\n|-unboost|p2b: Edward|atk|1\n|-terastallize|p1a: Anakin|Water\n|move|p1a: Anakin|Tera Blast|p2b: Edward|[anim] Tera Blast Water\n|-supereffective|p2b: Edward\n|-damage|p2b: Edward|0 fnt\n|faint|p2b: Edward\n|move|p2a: Martty|Dazzling Gleam|p1b: Spike|[spread] p1a,p1b\n|-crit|p1a: Anakin\n|-resisted|p1b: Spike\n|-damage|p1a: Anakin|46\/100\n|-damage|p1b: Spike|88\/100\n|-enditem|p1b: Spike|Red Card|[of] p2a: Martty\n|drag|p2a: Pete|Hydreigon, F|100\/100\n|\n|upkeep\n|\n|t:|1697832749\n|switch|p2b: Martty|Farigiraf, F|100\/100\n|turn|3\n|\n|t:|1697832763\n|-terastallize|p2a: Pete|Poison\n|move|p1a: Anakin|Dazzling Gleam|p2a: Pete|[spread] p2a,p2b\n|-resisted|p2a: Pete\n|-damage|p2a: Pete|85\/100\n|-damage|p2b: Martty|70\/100\n|move|p2a: Pete|Tailwind|p2a: Pete\n|-sidestart|p2: Redzone92|move: Tailwind\n|move|p1b: Spike|Flare Blitz|p2a: Pete\n|-damage|p2a: Pete|31\/100\n|-damage|p1b: Spike|67\/100|[from] Recoil\n|move|p2b: Martty|Dazzling Gleam|p1a: Anakin|[spread] p1a,p1b\n|-resisted|p1b: Spike\n|-damage|p1a: Anakin|9\/100\n|-damage|p1b: Spike|54\/100\n|\n|upkeep\n|turn|4\n|\n|t:|1697832791\n|move|p2a: Pete|Heat Wave|p1a: Anakin|[spread] p1a,p1b\n|-resisted|p1a: Anakin\n|-resisted|p1b: Spike\n|-damage|p1a: Anakin|0 fnt\n|-damage|p1b: Spike|41\/100\n|faint|p1a: Anakin\n|-end|p1a: Anakin|Quark Drive|[silent]\n|move|p1b: Spike|Flare Blitz|p2b: Martty\n|-crit|p2b: Martty\n|-damage|p2b: Martty|0 fnt\n|faint|p2b: Martty\n|-damage|p1b: Spike|9\/100|[from] Recoil\n|\n|upkeep\n|\n|t:|1697832815\n|switch|p1a: Danny|Dragapult, M, shiny|100\/100\n|switch|p2b: cyborg mothra|Iron Moth, shiny|100\/100\n|-enditem|p2b: cyborg mothra|Booster Energy\n|-activate|p2b: cyborg mothra|ability: Quark Drive|[fromitem]\n|-start|p2b: cyborg mothra|quarkdrivespa\n|turn|5\n|\n|t:|1697832825\n|move|p1b: Spike|Extreme Speed|p2a: Pete\n|-damage|p2a: Pete|8\/100\n|move|p2b: cyborg mothra|Dazzling Gleam|p1b: Spike|[spread] p1a,p1b\n|-supereffective|p1a: Danny\n|-resisted|p1b: Spike\n|-damage|p1a: Danny|49\/100\n|-damage|p1b: Spike|0 fnt\n|faint|p1b: Spike\n|move|p2a: Pete|Dark Pulse|p1a: Danny\n|-supereffective|p1a: Danny\n|-damage|p1a: Danny|0 fnt\n|faint|p1a: Danny\n|\n|upkeep\n|\n|t:|1697832835\n|switch|p1b: H|Espeon, F, shiny|100\/100\n|turn|6\n|\n|t:|1697832841\n|move|p2b: cyborg mothra|Fiery Dance|p1b: H\n|-damage|p1b: H|25\/100\n|move|p2a: Pete|Dark Pulse|p1b: H\n|-supereffective|p1b: H\n|-damage|p1b: H|0 fnt\n|faint|p1b: H\n|\n|win|Redzone92\n|l|\u2606GoDDanteX\n","uploadtime":1697832852,"views":18,"p1id":"goddantex","p2id":"redzone92","formatid":"gen9doublesou","rating":0,"private":0,"password":""}