{"id":"gen9doublesou-1983871782","p1":"saminferno","p2":"RimuruTempest88","format":"[Gen 9] Doubles OU","log":"|j|\u2606saminferno\n|j|\u2606RimuruTempest88\n|t:|1699194413\n|gametype|doubles\n|player|p1|saminferno|red|1118\n|player|p2|RimuruTempest88|170|1000\n|teamsize|p1|6\n|teamsize|p2|6\n|gen|9\n|tier|[Gen 9] Doubles OU\n|rated|\n|rule|Species Clause: Limit one of each Pok\u00e9mon\n|rule|OHKO Clause: OHKO moves are banned\n|rule|Evasion Moves Clause: Evasion moves are banned\n|rule|Gravity Sleep Clause: The combination of sleep-inducing moves with imperfect accuracy and Gravity or Gigantamax Orbeetle are banned\n|rule|Endless Battle Clause: Forcing endless battles is banned\n|rule|HP Percentage Mod: HP is shown in percentages\n|clearpoke\n|poke|p1|Snorlax, M|\n|poke|p1|Sinistcha-Masterpiece|\n|poke|p1|Clefairy, M|\n|poke|p1|Landorus-Therian, M|\n|poke|p1|Glimmora, F|\n|poke|p1|Iron Hands|\n|poke|p2|Flutter Mane|\n|poke|p2|Cresselia, F|\n|poke|p2|Ceruledge, M|\n|poke|p2|Sinistcha-Masterpiece|\n|poke|p2|Grimmsnarl, M|\n|poke|p2|Scyther, F|\n|teampreview\n|c|\u2606RimuruTempest88|glhf\n|inactive|Battle timer is ON: inactive players will automatically lose when time's up. (requested by RimuruTempest88)\n|c|\u2606saminferno|u too\n|\n|t:|1699194432\n|start\n|switch|p1a: Snorlax|Snorlax, M|100\/100\n|switch|p1b: Clefairy|Clefairy, M|100\/100\n|switch|p2a: Grimmsnarl|Grimmsnarl, M|100\/100\n|switch|p2b: Scyther|Scyther, F|100\/100\n|turn|1\n|\n|t:|1699194443\n|move|p1b: Clefairy|Follow Me|p1b: Clefairy\n|-singleturn|p1b: Clefairy|move: Follow Me\n|move|p2a: Grimmsnarl|Light Screen|p2a: Grimmsnarl\n|-sidestart|p2: RimuruTempest88|move: Light Screen\n|move|p2b: Scyther|Tailwind|p2b: Scyther\n|-sidestart|p2: RimuruTempest88|move: Tailwind\n|move|p1a: Snorlax|Belly Drum|p1a: Snorlax\n|-damage|p1a: Snorlax|50\/100\n|-setboost|p1a: Snorlax|atk|6|[from] move: Belly Drum\n|-enditem|p1a: Snorlax|Sitrus Berry|[eat]\n|-heal|p1a: Snorlax|75\/100|[from] item: Sitrus Berry\n|\n|upkeep\n|turn|2\n|\n|t:|1699194462\n|-terastallize|p1a: Snorlax|Normal\n|move|p2a: Grimmsnarl|Reflect|p2a: Grimmsnarl\n|-sidestart|p2: RimuruTempest88|Reflect\n|move|p2b: Scyther|Brick Break|p1a: Snorlax\n|-supereffective|p1a: Snorlax\n|-damage|p1a: Snorlax|32\/100\n|-damage|p2b: Scyther|91\/100|[from] item: Life Orb\n|move|p1b: Clefairy|Heal Pulse|p1a: Snorlax\n|-heal|p1a: Snorlax|82\/100\n|move|p1a: Snorlax|Facade|p2a: Grimmsnarl\n|-damage|p2a: Grimmsnarl|0 fnt\n|faint|p2a: Grimmsnarl\n|\n|upkeep\n|\n|t:|1699194475\n|switch|p2a: Ceruledge|Ceruledge, M|100\/100\n|turn|3\n|\n|t:|1699194488\n|move|p1b: Clefairy|Follow Me|p1b: Clefairy\n|-singleturn|p1b: Clefairy|move: Follow Me\n|move|p2b: Scyther|X-Scissor|p1b: Clefairy\n|-resisted|p1b: Clefairy\n|-crit|p1b: Clefairy\n|-damage|p1b: Clefairy|56\/100\n|-damage|p2b: Scyther|81\/100|[from] item: Life Orb\n|move|p2a: Ceruledge|Swords Dance|p2a: Ceruledge\n|-boost|p2a: Ceruledge|atk|2\n|move|p1a: Snorlax|Facade|p2b: Scyther\n|-damage|p2b: Scyther|0 fnt\n|faint|p2b: Scyther\n|\n|upkeep\n|\n|t:|1699194498\n|switch|p2b: Cresselia|Cresselia, F|100\/100\n|turn|4\n|\n|t:|1699194507\n|move|p2b: Cresselia|Ally Switch|p2b: Cresselia\n|swap|p2b: Cresselia|0|[from] move: Ally Switch\n|move|p1b: Clefairy|Follow Me|p1b: Clefairy\n|-singleturn|p1b: Clefairy|move: Follow Me\n|move|p2b: Ceruledge|Iron Head|p1b: Clefairy\n|-supereffective|p1b: Clefairy\n|-damage|p1b: Clefairy|0 fnt\n|faint|p1b: Clefairy\n|move|p1a: Snorlax|High Horsepower|p2a: Cresselia\n|-immune|p2a: Cresselia|[from] ability: Levitate\n|\n|-sideend|p2: RimuruTempest88|move: Tailwind\n|upkeep\n|\n|t:|1699194518\n|switch|p1b: Landorus|Landorus-Therian, M|100\/100\n|-ability|p1b: Landorus|Intimidate|boost\n|-unboost|p2a: Cresselia|atk|1\n|-unboost|p2b: Ceruledge|atk|1\n|turn|5\n|\n|t:|1699194543\n|move|p1b: Landorus|Rock Slide|p2a: Cresselia|[spread] p2a,p2b\n|-supereffective|p2b: Ceruledge\n|-damage|p2a: Cresselia|91\/100\n|-damage|p2b: Ceruledge|54\/100\n|-ability|p2b: Ceruledge|Weak Armor|boost\n|-unboost|p2b: Ceruledge|def|1\n|-boost|p2b: Ceruledge|spe|2\n|-enditem|p2b: Ceruledge|Weakness Policy\n|-boost|p2b: Ceruledge|atk|2|[from] item: Weakness Policy\n|-boost|p2b: Ceruledge|spa|2|[from] item: Weakness Policy\n|move|p2b: Ceruledge|Bitter Blade|p1a: Snorlax\n|-damage|p1a: Snorlax|34\/100\n|-heal|p2b: Ceruledge|98\/100|[from] drain|[of] p1a: Snorlax\n|cant|p2a: Cresselia|flinch\n|move|p1a: Snorlax|Facade|p2a: Cresselia\n|-damage|p2a: Cresselia|3\/100\n|-enditem|p2a: Cresselia|Sitrus Berry|[eat]\n|-heal|p2a: Cresselia|28\/100|[from] item: Sitrus Berry\n|\n|-sideend|p2: RimuruTempest88|move: Light Screen\n|upkeep\n|turn|6\n|\n|t:|1699194565\n|switch|p1b: Sinistcha|Sinistcha-Masterpiece|100\/100\n|-heal|p1a: Snorlax|59\/100|[from] ability: Hospitality|[of] p1b: Sinistcha\n|move|p2a: Cresselia|Ally Switch|p2a: Cresselia\n|swap|p2a: Cresselia|1|[from] move: Ally Switch\n|move|p2a: Ceruledge|Poltergeist|p1b: Sinistcha|[miss]\n|-miss|p2a: Ceruledge|p1b: Sinistcha\n|move|p1a: Snorlax|High Horsepower|p2b: Cresselia\n|-immune|p2b: Cresselia|[from] ability: Levitate\n|\n|-sideend|p2: RimuruTempest88|Reflect\n|upkeep\n|turn|7\n|\n|t:|1699194582\n|switch|p1b: Landorus|Landorus-Therian, M|100\/100\n|-ability|p1b: Landorus|Intimidate|boost\n|-unboost|p2a: Ceruledge|atk|1\n|-unboost|p2b: Cresselia|atk|1\n|move|p1a: Snorlax|Protect|p1a: Snorlax\n|-singleturn|p1a: Snorlax|Protect\n|move|p2a: Ceruledge|Bitter Blade|p1b: Landorus\n|-damage|p1b: Landorus|0 fnt\n|-heal|p2a: Ceruledge|100\/100|[from] drain|[of] p1b: Landorus\n|faint|p1b: Landorus\n|move|p2b: Cresselia|Dazzling Gleam|p1a: Snorlax\n|-activate|p1a: Snorlax|move: Protect\n|\n|upkeep\n|\n|t:|1699194595\n|switch|p1b: Sinistcha|Sinistcha-Masterpiece|100\/100\n|-heal|p1a: Snorlax|84\/100|[from] ability: Hospitality|[of] p1b: Sinistcha\n|turn|8\n|\n|t:|1699194608\n|move|p1b: Sinistcha|Rage Powder|p1b: Sinistcha\n|-singleturn|p1b: Sinistcha|move: Rage Powder\n|move|p2a: Ceruledge|Bitter Blade|p1b: Sinistcha\n|-supereffective|p1b: Sinistcha\n|-damage|p1b: Sinistcha|0 fnt\n|faint|p1b: Sinistcha\n|move|p2b: Cresselia|Dazzling Gleam|p1a: Snorlax\n|-damage|p1a: Snorlax|75\/100\n|move|p1a: Snorlax|Facade|p2b: Cresselia\n|-crit|p2b: Cresselia\n|-damage|p2b: Cresselia|0 fnt\n|faint|p2b: Cresselia\n|\n|upkeep\n|\n|t:|1699194622\n|switch|p2b: Flutter Mane|Flutter Mane|100\/100\n|switch|p1b: Iron Hands|Iron Hands|100\/100\n|-enditem|p1b: Iron Hands|Booster Energy\n|-activate|p1b: Iron Hands|ability: Quark Drive|[fromitem]\n|-start|p1b: Iron Hands|quarkdrivedef\n|turn|9\n|\n|t:|1699194644\n|move|p2a: Ceruledge|Bitter Blade|p1a: Snorlax\n|-damage|p1a: Snorlax|36\/100\n|move|p2b: Flutter Mane|Dazzling Gleam|p1b: Iron Hands|[spread] p1a,p1b\n|-supereffective|p1b: Iron Hands\n|-damage|p1a: Snorlax|8\/100\n|-damage|p1b: Iron Hands|18\/100\n|move|p1b: Iron Hands|Wild Charge|p2b: Flutter Mane\n|-damage|p2b: Flutter Mane|13\/100\n|-damage|p1b: Iron Hands|7\/100|[from] Recoil\n|move|p1a: Snorlax|High Horsepower|p2a: Ceruledge\n|-supereffective|p2a: Ceruledge\n|-damage|p2a: Ceruledge|0 fnt\n|faint|p2a: Ceruledge\n|\n|upkeep\n|\n|t:|1699194650\n|switch|p2a: Sinistcha|Sinistcha-Masterpiece|100\/100\n|-heal|p2b: Flutter Mane|38\/100|[from] ability: Hospitality|[of] p2a: Sinistcha\n|turn|10\n|\n|t:|1699194667\n|move|p1b: Iron Hands|Protect|p1b: Iron Hands\n|-singleturn|p1b: Iron Hands|Protect\n|move|p1a: Snorlax|Protect|p1a: Snorlax\n|-singleturn|p1a: Snorlax|Protect\n|move|p2b: Flutter Mane|Dazzling Gleam|p1a: Snorlax|[spread] \n|-activate|p1a: Snorlax|move: Protect\n|-activate|p1b: Iron Hands|move: Protect\n|move|p2a: Sinistcha|Nasty Plot|p2a: Sinistcha\n|-boost|p2a: Sinistcha|spa|2\n|\n|upkeep\n|turn|11\n|inactive|saminferno has 120 seconds left.\n|\n|t:|1699194698\n|move|p2b: Flutter Mane|Dazzling Gleam|p1b: Iron Hands|[spread] p1a,p1b\n|-supereffective|p1b: Iron Hands\n|-damage|p1a: Snorlax|0 fnt\n|-damage|p1b: Iron Hands|0 fnt\n|faint|p1a: Snorlax\n|faint|p1b: Iron Hands\n|-end|p1b: Iron Hands|Quark Drive|[silent]\n|move|p2a: Sinistcha|Matcha Gotcha|p1: Snorlax|[notarget]\n|-fail|p2a: Sinistcha\n|\n|upkeep\n|inactive|saminferno has 120 seconds left.\n|\n|t:|1699194714\n|switch|p1a: Glimmora|Glimmora, F|100\/100\n|turn|12\n|c|\u2606RimuruTempest88|G freaking G\n|\n|t:|1699194721\n|move|p2b: Flutter Mane|Dazzling Gleam|p1a: Glimmora\n|-resisted|p1a: Glimmora\n|-damage|p1a: Glimmora|64\/100\n|move|p1a: Glimmora|Toxic|p2b: Flutter Mane\n|-status|p2b: Flutter Mane|tox\n|move|p2a: Sinistcha|Matcha Gotcha|p1a: Glimmora\n|-damage|p1a: Glimmora|0 fnt\n|faint|p1a: Glimmora\n|\n|win|RimuruTempest88\n|raw|saminferno's rating: 1118 &rarr; <strong>1085<\/strong><br \/>(-33 for losing)\n|raw|RimuruTempest88's rating: 1000 &rarr; <strong>1053<\/strong><br \/>(+53 for winning)\n|l|\u2606saminferno\n|c|\u2606RimuruTempest88|I had fun\n|c|\u2606RimuruTempest88|thanks\n","uploadtime":1699194739,"views":12,"p1id":"saminferno","p2id":"rimurutempest88","formatid":"gen9doublesou","rating":1053,"private":0,"password":""}