{"id":"gen9doublesou-1996173670","p1":"Pipiundkaka","p2":"BucketWahoo","format":"[Gen 9] Doubles OU","log":"|j|\u2606Pipiundkaka\n|j|\u2606BucketWahoo\n|t:|1700654951\n|gametype|doubles\n|player|p1|Pipiundkaka|buck|1044\n|player|p2|BucketWahoo|102|1049\n|teamsize|p1|6\n|teamsize|p2|6\n|gen|9\n|tier|[Gen 9] Doubles OU\n|rated|\n|rule|Species Clause: Limit one of each Pok\u00e9mon\n|rule|OHKO Clause: OHKO moves are banned\n|rule|Evasion Moves Clause: Evasion moves are banned\n|rule|Gravity Sleep Clause: The combination of sleep-inducing moves with imperfect accuracy and Gravity or Gigantamax Orbeetle are banned\n|rule|Endless Battle Clause: Forcing endless battles is banned\n|rule|HP Percentage Mod: HP is shown in percentages\n|clearpoke\n|poke|p1|Oricorio-Pom-Pom, M|\n|poke|p1|Quaquaval, F|\n|poke|p1|Florges-White, F|\n|poke|p1|Volcarona, F|\n|poke|p1|Lilligant-Hisui, F|\n|poke|p1|Flamigo, F|\n|poke|p2|Amoonguss, M|\n|poke|p2|Kingambit, F|\n|poke|p2|Flutter Mane|\n|poke|p2|Palafin, M|\n|poke|p2|Roaring Moon|\n|poke|p2|Carbink|\n|teampreview\n|inactive|Battle timer is ON: inactive players will automatically lose when time's up. (requested by Pipiundkaka)\n|\n|t:|1700654963\n|start\n|switch|p1a: Oricorio|Oricorio-Pom-Pom, M, shiny|100\/100\n|switch|p1b: Volcarona|Volcarona, F, shiny|100\/100\n|switch|p2a: Sussy|Amoonguss, M, shiny|100\/100\n|switch|p2b: Bob|Palafin, M, shiny|100\/100\n|turn|1\n|inactiveoff|Battle timer is now OFF.\n|\n|t:|1700654985\n|detailschange|p2b: Bob|Palafin-Hero, M, shiny\n|switch|p2b: Bink|Carbink, shiny|100\/100\n|move|p1a: Oricorio|Protect|p1a: Oricorio\n|-singleturn|p1a: Oricorio|Protect\n|move|p1b: Volcarona|Quiver Dance|p1b: Volcarona\n|-boost|p1b: Volcarona|spa|1\n|-boost|p1b: Volcarona|spd|1\n|-boost|p1b: Volcarona|spe|1\n|-activate|p1a: Oricorio|ability: Dancer\n|move|p1a: Oricorio|Quiver Dance|p1a: Oricorio|[from]ability: Dancer\n|-boost|p1a: Oricorio|spa|1\n|-boost|p1a: Oricorio|spd|1\n|-boost|p1a: Oricorio|spe|1\n|move|p2a: Sussy|Spore|p1b: Volcarona\n|-status|p1b: Volcarona|slp|[from] move: Spore\n|\n|upkeep\n|turn|2\n|\n|t:|1700655035\n|move|p1a: Oricorio|Quiver Dance|p1a: Oricorio\n|-boost|p1a: Oricorio|spa|1\n|-boost|p1a: Oricorio|spd|1\n|-boost|p1a: Oricorio|spe|1\n|cant|p1b: Volcarona|slp\n|move|p2a: Sussy|Spore|p1a: Oricorio\n|-status|p1a: Oricorio|slp|[from] move: Spore\n|move|p2b: Bink|Trick Room|p2b: Bink\n|-fieldstart|move: Trick Room|[of] p2b: Bink\n|\n|upkeep\n|turn|3\n|\n|t:|1700655057\n|move|p2a: Sussy|Protect|p2a: Sussy\n|-singleturn|p2a: Sussy|Protect\n|cant|p1a: Oricorio|slp\n|move|p2b: Bink|Spikes|p1a: Oricorio\n|-sidestart|p1: Pipiundkaka|Spikes\n|cant|p1b: Volcarona|slp\n|\n|upkeep\n|turn|4\n|\n|t:|1700655074\n|move|p2a: Sussy|Rage Powder|p2a: Sussy\n|-singleturn|p2a: Sussy|move: Rage Powder\n|cant|p1b: Volcarona|slp\n|move|p2b: Bink|Body Press|p1b: Volcarona\n|-resisted|p1b: Volcarona\n|-damage|p1b: Volcarona|75\/100 slp\n|-curestatus|p1a: Oricorio|slp|[msg]\n|move|p1a: Oricorio|Quiver Dance|p1a: Oricorio\n|-boost|p1a: Oricorio|spa|1\n|-boost|p1a: Oricorio|spd|1\n|-boost|p1a: Oricorio|spe|1\n|\n|upkeep\n|turn|5\n|\n|t:|1700655098\n|switch|p1b: Flamigo|Flamigo, F|100\/100\n|-copyboost|p1b: Flamigo|p1a: Oricorio|[from] ability: Costar\n|move|p2b: Bink|Protect|p2b: Bink\n|-singleturn|p2b: Bink|Protect\n|move|p1a: Oricorio|Protect|p1a: Oricorio\n|-singleturn|p1a: Oricorio|Protect\n|move|p2a: Sussy|Spore|p1a: Oricorio\n|-activate|p1a: Oricorio|move: Protect\n|\n|upkeep\n|turn|6\n|\n|t:|1700655128\n|move|p2a: Sussy|Spore|p1a: Oricorio\n|-status|p1a: Oricorio|slp|[from] move: Spore\n|move|p2b: Bink|Body Press|p1a: Oricorio\n|-resisted|p1a: Oricorio\n|-damage|p1a: Oricorio|80\/100 slp\n|move|p1b: Flamigo|Taunt|p2a: Sussy\n|-start|p2a: Sussy|move: Taunt\n|cant|p1a: Oricorio|slp\n|\n|-heal|p1a: Oricorio|86\/100 slp|[from] item: Leftovers\n|-fieldend|move: Trick Room\n|upkeep\n|turn|7\n|\n|t:|1700655147\n|cant|p1a: Oricorio|slp\n|move|p1b: Flamigo|Taunt|p2b: Bink\n|-start|p2b: Bink|move: Taunt\n|move|p2a: Sussy|Pollen Puff|p1b: Flamigo\n|-resisted|p1b: Flamigo\n|-damage|p1b: Flamigo|98\/100\n|cant|p2b: Bink|move: Taunt|Trick Room\n|\n|-heal|p1a: Oricorio|93\/100 slp|[from] item: Leftovers\n|upkeep\n|turn|8\n|\n|t:|1700655163\n|-curestatus|p1a: Oricorio|slp|[msg]\n|move|p1a: Oricorio|Baton Pass|p1a: Oricorio\n|\n|t:|1700655168\n|switch|p1a: Florges|Florges-White, F, shiny|100\/100|[from] Baton Pass\n|-damage|p1a: Florges|88\/100|[from] Spikes\n|move|p1b: Flamigo|Acrobatics|p2a: Sussy\n|-supereffective|p2a: Sussy\n|-damage|p2a: Sussy|59\/100\n|move|p2b: Bink|Body Press|p1a: Florges\n|-resisted|p1a: Florges\n|-damage|p1a: Florges|68\/100\n|move|p2a: Sussy|Pollen Puff|p1b: Flamigo\n|-resisted|p1b: Flamigo\n|-damage|p1b: Flamigo|95\/100\n|\n|-heal|p1a: Florges|74\/100|[from] item: Leftovers\n|-heal|p2a: Sussy|65\/100|[from] item: Leftovers\n|upkeep\n|turn|9\n|\n|t:|1700655197\n|move|p1b: Flamigo|Acrobatics|p2a: Sussy\n|-supereffective|p2a: Sussy\n|-damage|p2a: Sussy|24\/100\n|move|p1a: Florges|Moonblast|p2a: Sussy\n|-resisted|p2a: Sussy\n|-damage|p2a: Sussy|0 fnt\n|faint|p2a: Sussy\n|move|p2b: Bink|Body Press|p1a: Florges\n|-resisted|p1a: Florges\n|-damage|p1a: Florges|56\/100\n|\n|-heal|p1a: Florges|62\/100|[from] item: Leftovers\n|-end|p2b: Bink|move: Taunt\n|upkeep\n|\n|t:|1700655216\n|switch|p2a: Long Hair|Flutter Mane, shiny|100\/100\n|turn|10\n|\n|t:|1700655235\n|move|p1b: Flamigo|Taunt|p2b: Bink\n|-start|p2b: Bink|move: Taunt\n|move|p1a: Florges|Wish|p1a: Florges\n|move|p2a: Long Hair|Moonblast|p1b: Flamigo\n|-supereffective|p1b: Flamigo\n|-damage|p1b: Flamigo|0 fnt\n|faint|p1b: Flamigo\n|cant|p2b: Bink|move: Taunt|Spikes\n|\n|-heal|p1a: Florges|68\/100|[from] item: Leftovers\n|upkeep\n|\n|t:|1700655247\n|switch|p1b: Oricorio|Oricorio-Pom-Pom, M, shiny|93\/100\n|turn|11\n|\n|t:|1700655266\n|move|p1b: Oricorio|Protect|p1b: Oricorio\n|-singleturn|p1b: Oricorio|Protect\n|move|p1a: Florges|Petal Dance|p2a: Long Hair\n|-damage|p2a: Long Hair|26\/100\n|-activate|p1b: Oricorio|ability: Dancer\n|move|p1b: Oricorio|Petal Dance|p2b: Bink|[from]ability: Dancer\n|-supereffective|p2b: Bink\n|-damage|p2b: Bink|58\/100\n|move|p2a: Long Hair|Moonblast|p1b: Oricorio\n|-activate|p1b: Oricorio|move: Protect\n|move|p2b: Bink|Body Press|p1b: Oricorio\n|-activate|p1b: Oricorio|move: Protect\n|\n|-heal|p1a: Florges|100\/100|[from] move: Wish|[wisher] Florges\n|-heal|p1b: Oricorio|99\/100|[from] item: Leftovers\n|-heal|p2b: Bink|65\/100|[from] item: Leftovers\n|upkeep\n|turn|12\n|\n|t:|1700655294\n|move|p1a: Florges|Petal Dance|p2b: Bink|[from]lockedmove\n|-supereffective|p2b: Bink\n|-damage|p2b: Bink|0 fnt\n|faint|p2b: Bink\n|-start|p1a: Florges|confusion|[fatigue]\n|-activate|p1b: Oricorio|ability: Dancer\n|move|p1b: Oricorio|Petal Dance|p2a: Long Hair|[from]ability: Dancer\n|-damage|p2a: Long Hair|0 fnt\n|faint|p2a: Long Hair\n|-end|p2a: Long Hair|Protosynthesis|[silent]\n|move|p1b: Oricorio|Quiver Dance|p1b: Oricorio\n|-boost|p1b: Oricorio|spa|1\n|-boost|p1b: Oricorio|spd|1\n|-boost|p1b: Oricorio|spe|1\n|\n|-heal|p1b: Oricorio|100\/100|[from] item: Leftovers\n|upkeep\n|\n|t:|1700655311\n|switch|p2a: Samurai|Kingambit, F, shiny|100\/100\n|switch|p2b: Dwaghon|Roaring Moon, shiny|100\/100\n|turn|13\n|\n|t:|1700655350\n|move|p1b: Oricorio|Quiver Dance|p1b: Oricorio\n|-boost|p1b: Oricorio|spa|1\n|-boost|p1b: Oricorio|spd|1\n|-boost|p1b: Oricorio|spe|1\n|-activate|p1a: Florges|confusion\n|move|p1a: Florges|Moonblast|p2b: Dwaghon\n|-supereffective|p2b: Dwaghon\n|-damage|p2b: Dwaghon|0 fnt\n|faint|p2b: Dwaghon\n|-end|p2b: Dwaghon|Protosynthesis|[silent]\n|move|p2a: Samurai|Iron Head|p1a: Florges\n|-supereffective|p1a: Florges\n|-damage|p1a: Florges|16\/100\n|\n|-heal|p1a: Florges|23\/100|[from] item: Leftovers\n|upkeep\n|\n|t:|1700655361\n|switch|p2b: Bob|Palafin-Hero, M, shiny|100\/100\n|-activate|p2b: Bob|ability: Zero to Hero\n|turn|14\n|\n|t:|1700655382\n|-terastallize|p1b: Oricorio|Fighting\n|-terastallize|p2b: Bob|Normal\n|move|p1b: Oricorio|Revelation Dance|p2a: Samurai\n|-supereffective|p2a: Samurai\n|-damage|p2a: Samurai|0 fnt\n|faint|p2a: Samurai\n|-activate|p1a: Florges|confusion\n|-damage|p1a: Florges|17\/100|[from] confusion\n|move|p2b: Bob|Tera Blast|p1b: Oricorio|[anim] Tera Blast Normal\n|-damage|p1b: Oricorio|37\/100\n|\n|-heal|p1b: Oricorio|43\/100|[from] item: Leftovers\n|-heal|p1a: Florges|23\/100|[from] item: Leftovers\n|upkeep\n|turn|15\n|-activate|p2b: Bob|item: Quick Claw\n|\n|t:|1700655402\n|move|p2b: Bob|Tera Blast|p1b: Oricorio|[anim] Tera Blast Normal\n|-damage|p1b: Oricorio|0 fnt\n|faint|p1b: Oricorio\n|-end|p1a: Florges|confusion\n|move|p1a: Florges|Wish|p1a: Florges\n|\n|-heal|p1a: Florges|29\/100|[from] item: Leftovers\n|upkeep\n|\n|t:|1700655416\n|switch|p1b: Lilligant|Lilligant-Hisui, F, shiny|100\/100\n|-damage|p1b: Lilligant|88\/100|[from] Spikes\n|turn|16\n|\n|t:|1700655441\n|move|p1a: Florges|Protect|p1a: Florges\n|-singleturn|p1a: Florges|Protect\n|move|p1b: Lilligant|Protect|p1b: Lilligant\n|-singleturn|p1b: Lilligant|Protect\n|move|p2b: Bob|Acrobatics|p1b: Lilligant\n|-activate|p1b: Lilligant|move: Protect\n|\n|-heal|p1a: Florges|79\/100|[from] move: Wish|[wisher] Florges\n|-heal|p1a: Florges|85\/100|[from] item: Leftovers\n|upkeep\n|turn|17\n|\n|t:|1700655465\n|move|p1a: Florges|Moonblast|p2b: Bob\n|-damage|p2b: Bob|0 fnt\n|faint|p2b: Bob\n|\n|win|Pipiundkaka\n|raw|Pipiundkaka's rating: 1044 &rarr; <strong>1078<\/strong><br \/>(+34 for winning)\n|raw|BucketWahoo's rating: 1049 &rarr; <strong>1031<\/strong><br \/>(-18 for losing)\n|l|\u2606BucketWahoo\n","uploadtime":1700655481,"views":0,"p1id":"pipiundkaka","p2id":"bucketwahoo","formatid":"gen9doublesou","rating":1031,"private":0,"password":""}