{"id":"gen9doublesou-1972078812","p1":"Daskhiel02","p2":"vshoegaze","format":"[Gen 9] Doubles OU","log":"|j|\u2606Daskhiel02\n|j|\u2606vshoegaze\n|t:|1697811026\n|gametype|doubles\n|player|p1|Daskhiel02|266|1334\n|player|p2|vshoegaze|larry|1399\n|teamsize|p1|6\n|teamsize|p2|6\n|gen|9\n|tier|[Gen 9] Doubles OU\n|rated|\n|rule|Species Clause: Limit one of each Pok\u00e9mon\n|rule|OHKO Clause: OHKO moves are banned\n|rule|Evasion Moves Clause: Evasion moves are banned\n|rule|Gravity Sleep Clause: The combination of sleep-inducing moves with imperfect accuracy and Gravity or Gigantamax Orbeetle are banned\n|rule|Endless Battle Clause: Forcing endless battles is banned\n|rule|HP Percentage Mod: HP is shown in percentages\n|clearpoke\n|poke|p1|Indeedee-F, F|\n|poke|p1|Arcanine, F|\n|poke|p1|Noivern, F|\n|poke|p1|Sinistcha|\n|poke|p1|Ceruledge, F|\n|poke|p1|Kommo-o, M|\n|poke|p2|Ogerpon, F|\n|poke|p2|Rillaboom, F|\n|poke|p2|Chien-Pao|\n|poke|p2|Breloom, F|\n|poke|p2|Ting-Lu|\n|poke|p2|Sinistcha|\n|teampreview\n|\n|t:|1697811050\n|start\n|switch|p1a: Ceruledge|Ceruledge, F|100\/100\n|switch|p1b: Noivern|Noivern, F|100\/100\n|switch|p2a: Chien-Pao|Chien-Pao|100\/100\n|switch|p2b: Breloom|Breloom, F|100\/100\n|-ability|p2a: Chien-Pao|Sword of Ruin\n|turn|1\n|\n|t:|1697811071\n|-terastallize|p1b: Noivern|Normal\n|move|p2a: Chien-Pao|Ice Shard|p1b: Noivern\n|-damage|p1b: Noivern|52\/100\n|-damage|p2a: Chien-Pao|91\/100|[from] item: Life Orb\n|move|p1a: Ceruledge|Vacuum Wave|p1b: Noivern\n|-supereffective|p1b: Noivern\n|-damage|p1b: Noivern|35\/100\n|-enditem|p1b: Noivern|Weakness Policy\n|-boost|p1b: Noivern|atk|2|[from] item: Weakness Policy\n|-boost|p1b: Noivern|spa|2|[from] item: Weakness Policy\n|-damage|p1a: Ceruledge|91\/100|[from] item: Life Orb\n|move|p1b: Noivern|Boomburst|p2b: Breloom|[spread] p2a,p2b\n|-immune|p1a: Ceruledge\n|-damage|p2a: Chien-Pao|0 fnt\n|-damage|p2b: Breloom|0 fnt\n|faint|p2a: Chien-Pao\n|faint|p2b: Breloom\n|\n|upkeep\n|\n|t:|1697811096\n|switch|p2a: Ting-Lu|Ting-Lu|100\/100\n|switch|p2b: Ogerpon|Ogerpon, F|100\/100\n|-ability|p2a: Ting-Lu|Vessel of Ruin\n|turn|2\n|\n|t:|1697811110\n|move|p1b: Noivern|Protect|p1b: Noivern\n|-singleturn|p1b: Noivern|Protect\n|move|p2b: Ogerpon|Spiky Shield|p2b: Ogerpon\n|-singleturn|p2b: Ogerpon|move: Protect\n|move|p1a: Ceruledge|Bitter Blade|p2b: Ogerpon\n|-activate|p2b: Ogerpon|move: Protect\n|-damage|p1a: Ceruledge|78\/100|[from] Spiky Shield|[of] p2b: Ogerpon\n|move|p2a: Ting-Lu|Whirlwind|p1b: Noivern\n|drag|p1b: Arcanine|Arcanine, F, shiny|100\/100\n|-ability|p1b: Arcanine|Intimidate|boost\n|-unboost|p2a: Ting-Lu|atk|1\n|-unboost|p2b: Ogerpon|atk|1\n|-ability|p2b: Ogerpon|Defiant|boost\n|-boost|p2b: Ogerpon|atk|2\n|-enditem|p2b: Ogerpon|Adrenaline Orb\n|-boost|p2b: Ogerpon|spe|1|[from] item: Adrenaline Orb\n|\n|upkeep\n|turn|3\n|\n|t:|1697811140\n|-terastallize|p2b: Ogerpon|Grass\n|detailschange|p2b: Ogerpon|Ogerpon-Teal-Tera, F, tera:Grass\n|-ability|p2b: Ogerpon|Embody Aspect (Teal)|boost\n|-boost|p2b: Ogerpon|spe|1\n|move|p2b: Ogerpon|Ivy Cudgel|p1a: Ceruledge\n|-resisted|p1a: Ceruledge\n|-damage|p1a: Ceruledge|19\/100\n|move|p1b: Arcanine|Close Combat|p2a: Ting-Lu\n|-supereffective|p2a: Ting-Lu\n|-damage|p2a: Ting-Lu|58\/100\n|-unboost|p1b: Arcanine|def|1\n|-unboost|p1b: Arcanine|spd|1\n|-damage|p1b: Arcanine|91\/100|[from] item: Life Orb\n|move|p1a: Ceruledge|Bitter Blade|p2b: Ogerpon\n|-supereffective|p2b: Ogerpon\n|-damage|p2b: Ogerpon|0 fnt\n|-heal|p1a: Ceruledge|62\/100|[from] drain|[of] p2b: Ogerpon\n|faint|p2b: Ogerpon\n|-damage|p1a: Ceruledge|52\/100|[from] item: Life Orb\n|move|p2a: Ting-Lu|Stealth Rock|p1a: Ceruledge\n|-sidestart|p1: Daskhiel02|move: Stealth Rock\n|\n|upkeep\n|\n|t:|1697811159\n|switch|p2b: Sinistcha|Sinistcha|100\/100\n|-heal|p2a: Ting-Lu|83\/100|[from] ability: Hospitality|[of] p2b: Sinistcha\n|turn|4\n|\n|t:|1697811195\n|move|p1a: Ceruledge|Ally Switch|p1a: Ceruledge\n|swap|p1a: Ceruledge|1|[from] move: Ally Switch\n|move|p1a: Arcanine|Flare Blitz|p2b: Sinistcha\n|-supereffective|p2b: Sinistcha\n|-damage|p2b: Sinistcha|0 fnt\n|faint|p2b: Sinistcha\n|-damage|p1a: Arcanine|55\/100|[from] Recoil\n|-damage|p1a: Arcanine|45\/100|[from] item: Life Orb\n|move|p2a: Ting-Lu|Whirlwind|p1a: Arcanine\n|drag|p1a: Kommo-o|Kommo-o, M|100\/100\n|-damage|p1a: Kommo-o|94\/100|[from] Stealth Rock\n|\n|upkeep\n|\n|t:|1697811207\n|switch|p2b: Rillaboom|Rillaboom, F|100\/100\n|-fieldstart|move: Grassy Terrain|[from] ability: Grassy Surge|[of] p2b: Rillaboom\n|turn|5\n|\n|t:|1697811216\n|switch|p1b: Indeedee|Indeedee-F, F|100\/100\n|-damage|p1b: Indeedee|88\/100|[from] Stealth Rock\n|-fieldstart|move: Psychic Terrain|[from] ability: Psychic Surge|[of] p1b: Indeedee\n|move|p1a: Kommo-o|Protect|p1a: Kommo-o\n|-singleturn|p1a: Kommo-o|Protect\n|move|p2b: Rillaboom|Knock Off|p1b: Indeedee\n|-supereffective|p1b: Indeedee\n|-damage|p1b: Indeedee|0 fnt\n|-enditem|p1b: Indeedee|Sitrus Berry|[from] move: Knock Off|[of] p2b: Rillaboom\n|faint|p1b: Indeedee\n|move|p2a: Ting-Lu|Whirlwind|p1a: Kommo-o\n|drag|p1a: Arcanine|Arcanine, F, shiny|45\/100\n|-damage|p1a: Arcanine|20\/100|[from] Stealth Rock\n|-ability|p1a: Arcanine|Intimidate|boost\n|-unboost|p2a: Ting-Lu|atk|1\n|-unboost|p2b: Rillaboom|atk|1\n|\n|upkeep\n|\n|t:|1697811232\n|switch|p1b: Kommo-o|Kommo-o, M|94\/100\n|-damage|p1b: Kommo-o|88\/100|[from] Stealth Rock\n|turn|6\n|inactive|Battle timer is ON: inactive players will automatically lose when time's up. (requested by vshoegaze)\n|\n|t:|1697811242\n|move|p1a: Arcanine|Flare Blitz|p2b: Rillaboom\n|-supereffective|p2b: Rillaboom\n|-damage|p2b: Rillaboom|0 fnt\n|faint|p2b: Rillaboom\n|-damage|p1a: Arcanine|0 fnt|[from] Recoil\n|faint|p1a: Arcanine\n|move|p1b: Kommo-o|Clangorous Soul|p1b: Kommo-o\n|-boost|p1b: Kommo-o|atk|1\n|-boost|p1b: Kommo-o|def|1\n|-boost|p1b: Kommo-o|spa|1\n|-boost|p1b: Kommo-o|spd|1\n|-boost|p1b: Kommo-o|spe|1\n|-damage|p1b: Kommo-o|55\/100\n|-enditem|p1b: Kommo-o|Throat Spray\n|-boost|p1b: Kommo-o|spa|1|[from] item: Throat Spray\n|move|p2a: Ting-Lu|Body Press|p1b: Kommo-o\n|-damage|p1b: Kommo-o|37\/100\n|\n|upkeep\n|-message|vshoegaze forfeited.\n|\n|win|Daskhiel02\n|raw|Daskhiel02's rating: 1334 &rarr; <strong>1358<\/strong><br \/>(+24 for winning)\n|raw|vshoegaze's rating: 1399 &rarr; <strong>1375<\/strong><br \/>(-24 for losing)\n|l|\u2606vshoegaze\n","uploadtime":1697811255,"views":11,"p1id":"daskhiel02","p2id":"vshoegaze","formatid":"gen9doublesou","rating":1358,"private":0,"password":""}