{"id":"gen9doublesou-2000590680","p1":"FabioLunar","p2":"Jairogammer","format":"[Gen 9] Doubles OU","log":"|j|\u2606FabioLunar\n|j|\u2606Jairogammer\n|t:|1701208267\n|gametype|doubles\n|player|p1|FabioLunar|zinnia|1043\n|player|p2|Jairogammer|bruno|1103\n|teamsize|p1|6\n|teamsize|p2|6\n|gen|9\n|tier|[Gen 9] Doubles OU\n|rated|\n|rule|Species Clause: Limit one of each Pok\u00e9mon\n|rule|OHKO Clause: OHKO moves are banned\n|rule|Evasion Moves Clause: Evasion moves are banned\n|rule|Gravity Sleep Clause: The combination of sleep-inducing moves with imperfect accuracy and Gravity or Gigantamax Orbeetle are banned\n|rule|Endless Battle Clause: Forcing endless battles is banned\n|rule|HP Percentage Mod: HP is shown in percentages\n|clearpoke\n|poke|p1|Golduck, F|\n|poke|p1|Rabsca, M|\n|poke|p1|Sylveon, F|\n|poke|p1|Grimmsnarl, M|\n|poke|p1|Cresselia, F|\n|poke|p1|Espeon, F|\n|poke|p2|Goodra-Hisui, F|\n|poke|p2|Palafin, M|\n|poke|p2|Kleavor, F|\n|poke|p2|Ursaluna-Bloodmoon, M|\n|poke|p2|Gholdengo|\n|poke|p2|Iron Valiant|\n|teampreview\n|c|\u2606FabioLunar|glhf\n|inactive|Battle timer is ON: inactive players will automatically lose when time's up. (requested by FabioLunar)\n|\n|t:|1701208329\n|start\n|switch|p1a: Rabsca|Rabsca, M|100\/100\n|switch|p1b: Golduck|Golduck, F|100\/100\n|switch|p2a: Palafin|Palafin, M|100\/100\n|switch|p2b: Ursaluna|Ursaluna-Bloodmoon, M|100\/100\n|-ability|p1b: Golduck|Cloud Nine\n|turn|1\n|inactiveoff|Battle timer is now OFF.\n|\n|t:|1701208361\n|move|p2a: Palafin|Flip Turn|p1b: Golduck\n|-resisted|p1b: Golduck\n|-damage|p1b: Golduck|90\/100\n|\n|t:|1701208371\n|detailschange|p2a: Palafin|Palafin-Hero, M\n|switch|p2a: Iron Valiant|Iron Valiant|100\/100|[from] Flip Turn\n|-enditem|p2a: Iron Valiant|Booster Energy\n|-activate|p2a: Iron Valiant|ability: Quark Drive|[fromitem]\n|-start|p2a: Iron Valiant|quarkdrivespe\n|move|p1b: Golduck|Simple Beam|p1a: Rabsca\n|-endability|p1a: Rabsca|Synchronize|[from] move: Simple Beam\n|-ability|p1a: Rabsca|Simple|[from] move: Simple Beam\n|move|p2b: Ursaluna|Blood Moon|p1a: Rabsca\n|-damage|p1a: Rabsca|32\/100\n|move|p1a: Rabsca|Cosmic Power|p1a: Rabsca\n|-boost|p1a: Rabsca|def|2\n|-boost|p1a: Rabsca|spd|2\n|\n|-heal|p1a: Rabsca|39\/100|[from] item: Leftovers\n|upkeep\n|turn|2\n|\n|t:|1701208397\n|move|p2b: Ursaluna|Protect|p2b: Ursaluna\n|-singleturn|p2b: Ursaluna|Protect\n|move|p2a: Iron Valiant|Thunder Punch|p1b: Golduck\n|-supereffective|p1b: Golduck\n|-damage|p1b: Golduck|37\/100\n|move|p1b: Golduck|Skill Swap||[still]\n|-fail|p1b: Golduck\n|move|p1a: Rabsca|Cosmic Power|p1a: Rabsca\n|-boost|p1a: Rabsca|def|2\n|-boost|p1a: Rabsca|spd|2\n|\n|-heal|p1a: Rabsca|45\/100|[from] item: Leftovers\n|upkeep\n|turn|3\n|\n|t:|1701208428\n|move|p2a: Iron Valiant|Thunder Punch|p1b: Golduck\n|-supereffective|p1b: Golduck\n|-damage|p1b: Golduck|0 fnt\n|faint|p1b: Golduck\n|move|p2b: Ursaluna|Blood Moon|p1a: Rabsca\n|-damage|p1a: Rabsca|24\/100\n|move|p1a: Rabsca|Cosmic Power|p1a: Rabsca\n|-boost|p1a: Rabsca|def|2\n|-boost|p1a: Rabsca|spd|2\n|\n|-heal|p1a: Rabsca|30\/100|[from] item: Leftovers\n|upkeep\n|\n|t:|1701208433\n|switch|p1b: Cresselia|Cresselia, F|100\/100\n|turn|4\n|\n|t:|1701208447\n|move|p2b: Ursaluna|Protect|p2b: Ursaluna\n|-singleturn|p2b: Ursaluna|Protect\n|move|p2a: Iron Valiant|Swords Dance|p2a: Iron Valiant\n|-boost|p2a: Iron Valiant|atk|2\n|move|p1b: Cresselia|Lunar Blessing|p1b: Cresselia|[spread] p1a,p1b\n|-heal|p1a: Rabsca|55\/100\n|move|p1a: Rabsca|Calm Mind|p1a: Rabsca\n|-boost|p1a: Rabsca|spa|2\n|-boost|p1a: Rabsca|spd|0\n|\n|-heal|p1a: Rabsca|62\/100|[from] item: Leftovers\n|upkeep\n|turn|5\n|\n|t:|1701208471\n|move|p1b: Cresselia|Helping Hand|p1a: Rabsca\n|-singleturn|p1a: Rabsca|Helping Hand|[of] p1b: Cresselia\n|move|p2a: Iron Valiant|Swords Dance|p2a: Iron Valiant\n|-boost|p2a: Iron Valiant|atk|2\n|move|p2b: Ursaluna|Blood Moon|p1b: Cresselia\n|-damage|p1b: Cresselia|53\/100\n|move|p1a: Rabsca|Dazzling Gleam|p2a: Iron Valiant|[spread] p2a,p2b\n|-supereffective|p2a: Iron Valiant\n|-damage|p2a: Iron Valiant|0 fnt\n|-damage|p2b: Ursaluna|42\/100\n|faint|p2a: Iron Valiant\n|-end|p2a: Iron Valiant|Quark Drive|[silent]\n|\n|-heal|p1a: Rabsca|68\/100|[from] item: Leftovers\n|upkeep\n|\n|t:|1701208491\n|switch|p2a: Kleavor|Kleavor, F|100\/100\n|turn|6\n|\n|t:|1701208529\n|-terastallize|p1a: Rabsca|Water\n|move|p2a: Kleavor|Stone Axe|p1a: Rabsca|[miss]\n|-miss|p2a: Kleavor|p1a: Rabsca\n|move|p1b: Cresselia|Lunar Blessing|p1b: Cresselia|[spread] p1a,p1b\n|-heal|p1a: Rabsca|93\/100\n|-heal|p1b: Cresselia|77\/100\n|move|p2b: Ursaluna|Uproar|p1a: Rabsca\n|-damage|p1a: Rabsca|81\/100\n|-start|p2b: Ursaluna|Uproar\n|move|p1a: Rabsca|Stored Power|p2a: Kleavor\n|-damage|p2a: Kleavor|0 fnt\n|faint|p2a: Kleavor\n|\n|-heal|p1a: Rabsca|87\/100|[from] item: Leftovers\n|-start|p2b: Ursaluna|Uproar|[upkeep]\n|upkeep\n|\n|t:|1701208549\n|switch|p2a: Goodra|Goodra-Hisui, F|100\/100\n|turn|7\n|\n|t:|1701208583\n|move|p1b: Cresselia|Helping Hand|p1a: Rabsca\n|-singleturn|p1a: Rabsca|Helping Hand|[of] p1b: Cresselia\n|move|p2a: Goodra|Draco Meteor|p1b: Cresselia\n|-damage|p1b: Cresselia|16\/100\n|-unboost|p2a: Goodra|spa|2\n|move|p2b: Ursaluna|Uproar|p1b: Cresselia|[from]lockedmove\n|-damage|p1b: Cresselia|0 fnt\n|faint|p1b: Cresselia\n|move|p1a: Rabsca|Dazzling Gleam|p2b: Ursaluna|[spread] p2a,p2b\n|-damage|p2a: Goodra|68\/100\n|-damage|p2b: Ursaluna|0 fnt\n|faint|p2b: Ursaluna\n|\n|-heal|p1a: Rabsca|93\/100|[from] item: Leftovers\n|upkeep\n|\n|t:|1701208601\n|switch|p1b: Espeon|Espeon, F|100\/100\n|switch|p2b: Gholdengo|Gholdengo|100\/100\n|turn|8\n|\n|t:|1701208616\n|move|p1b: Espeon|Psych Up|p1a: Rabsca\n|-copyboost|p1b: Espeon|p1a: Rabsca|[from] move: Psych Up\n|move|p2b: Gholdengo|Nasty Plot|p2b: Gholdengo\n|-boost|p2b: Gholdengo|spa|2\n|move|p2a: Goodra|Draco Meteor|p1a: Rabsca\n|-damage|p1a: Rabsca|83\/100\n|-unboost|p2a: Goodra|spa|2\n|move|p1a: Rabsca|Stored Power|p2b: Gholdengo\n|-resisted|p2b: Gholdengo\n|-damage|p2b: Gholdengo|0 fnt\n|faint|p2b: Gholdengo\n|\n|-heal|p1a: Rabsca|89\/100|[from] item: Leftovers\n|upkeep\n|l|\u2606Jairogammer\n|player|p2|\n|inactive|Battle timer is ON: inactive players will automatically lose when time's up. (requested by FabioLunar)\n|c|\u2606FabioLunar|gg wp\n|inactive|Jairogammer has 30 seconds to reconnect!\n|inactive|Jairogammer has 20 seconds to reconnect!\n|inactive|Jairogammer has 15 seconds to reconnect!\n|inactive|Jairogammer has 10 seconds to reconnect!\n|inactive|Jairogammer has 5 seconds to reconnect!\n|-message|Jairogammer lost due to inactivity.\n|\n|win|FabioLunar\n|raw|FabioLunar's rating: 1043 &rarr; <strong>1082<\/strong><br \/>(+39 for winning)\n|raw|Jairogammer's rating: 1103 &rarr; <strong>1074<\/strong><br \/>(-29 for losing)\n","uploadtime":1701208772,"views":1,"p1id":"fabiolunar","p2id":"jairogammer","formatid":"gen9doublesou","rating":1074,"private":0,"password":""}