{"id":"gen9doublesou-1969296574","p1":"Diall.Up","p2":"Gallant Admin Aero","format":"[Gen 9] Doubles OU","log":"|j|\u203dDiall.Up\n|j|\u2606Gallant Admin Aero\n|t:|1697511007\n|gametype|doubles\n|player|p1|Diall.Up|bellelba|1091\n|player|p2|Gallant Admin Aero|101|1058\n|teamsize|p1|6\n|teamsize|p2|6\n|gen|9\n|tier|[Gen 9] Doubles OU\n|rated|\n|rule|Species Clause: Limit one of each Pok\u00e9mon\n|rule|OHKO Clause: OHKO moves are banned\n|rule|Evasion Moves Clause: Evasion moves are banned\n|rule|Gravity Sleep Clause: The combination of sleep-inducing moves with imperfect accuracy and Gravity or Gigantamax Orbeetle are banned\n|rule|Endless Battle Clause: Forcing endless battles is banned\n|rule|HP Percentage Mod: HP is shown in percentages\n|clearpoke\n|poke|p1|Politoed, M|\n|poke|p1|Zapdos|\n|poke|p1|Manaphy|\n|poke|p1|Corviknight, M|\n|poke|p1|Basculegion-F, F|\n|poke|p1|Volbeat, M|\n|poke|p2|Pincurchin, F|\n|poke|p2|Iron Hands|\n|poke|p2|Indeedee-F, F|\n|poke|p2|Armarouge, M|\n|poke|p2|Amoonguss, M|\n|poke|p2|Goodra-Hisui, F|\n|teampreview\n|inactive|Battle timer is ON: inactive players will automatically lose when time's up. (requested by Diall.Up)\n|\n|t:|1697511013\n|start\n|switch|p1a: Politoed|Politoed, M, shiny|100\/100\n|switch|p1b: Zapdos|Zapdos, shiny|100\/100\n|switch|p2a: Indeedee|Indeedee-F, F|100\/100\n|switch|p2b: Amoonguss|Amoonguss, M|100\/100\n|-ability|p1b: Zapdos|Pressure\n|-weather|RainDance|[from] ability: Drizzle|[of] p1a: Politoed\n|-fieldstart|move: Psychic Terrain|[from] ability: Psychic Surge|[of] p2a: Indeedee\n|turn|1\n|\n|t:|1697511037\n|move|p1b: Zapdos|Hurricane|p2b: Amoonguss\n|-supereffective|p2b: Amoonguss\n|-damage|p2b: Amoonguss|23\/100\n|move|p1a: Politoed|Weather Ball|p2a: Indeedee\n|-damage|p2a: Indeedee|41\/100\n|move|p2b: Amoonguss|Spore|p1b: Zapdos\n|-status|p1b: Zapdos|slp|[from] move: Spore\n|move|p2a: Indeedee|Trick Room|p2a: Indeedee\n|-fieldstart|move: Trick Room|[of] p2a: Indeedee\n|\n|-weather|RainDance|[upkeep]\n|-heal|p2b: Amoonguss|29\/100|[from] item: Black Sludge\n|upkeep\n|turn|2\n|inactive|Gallant Admin Aero has 120 seconds left.\n|\n|t:|1697511070\n|switch|p2b: Armarouge|Armarouge, M|100\/100\n|cant|p1b: Zapdos|slp\n|move|p2a: Indeedee|Follow Me|p2a: Indeedee\n|-singleturn|p2a: Indeedee|move: Follow Me\n|move|p1a: Politoed|Weather Ball|p2a: Indeedee\n|-damage|p2a: Indeedee|0 fnt\n|faint|p2a: Indeedee\n|\n|-weather|RainDance|[upkeep]\n|upkeep\n|inactive|Gallant Admin Aero has 120 seconds left.\n|\n|t:|1697511089\n|switch|p2a: Goodra|Goodra-Hisui, F|100\/100\n|turn|3\n|\n|t:|1697511104\n|-terastallize|p2b: Armarouge|Grass\n|cant|p1b: Zapdos|slp\n|move|p2b: Armarouge|Expanding Force|p1b: Zapdos|[spread] p1a,p1b\n|-damage|p1a: Politoed|3\/100\n|-damage|p1b: Zapdos|0 fnt\n|faint|p1b: Zapdos\n|-damage|p2b: Armarouge|91\/100|[from] item: Life Orb\n|move|p2a: Goodra|Acid Armor|p2a: Goodra\n|-boost|p2a: Goodra|def|2\n|move|p1a: Politoed|Weather Ball|p2b: Armarouge\n|-resisted|p2b: Armarouge\n|-damage|p2b: Armarouge|55\/100\n|\n|-weather|RainDance|[upkeep]\n|upkeep\n|\n|t:|1697511118\n|switch|p1b: Volbeat|Volbeat, M, shiny|100\/100\n|turn|4\n|\n|t:|1697511139\n|move|p1b: Volbeat|Tail Glow|p1b: Volbeat\n|-boost|p1b: Volbeat|spa|3\n|move|p2b: Armarouge|Expanding Force|p1b: Volbeat|[spread] p1a,p1b\n|-damage|p1a: Politoed|0 fnt\n|-damage|p1b: Volbeat|18\/100\n|faint|p1a: Politoed\n|-damage|p2b: Armarouge|46\/100|[from] item: Life Orb\n|move|p2a: Goodra|Heavy Slam|p1b: Volbeat\n|-damage|p1b: Volbeat|0 fnt\n|-damage|p2a: Goodra|84\/100|[from] item: Rocky Helmet|[of] p1b: Volbeat\n|faint|p1b: Volbeat\n|\n|-weather|RainDance|[upkeep]\n|-heal|p2a: Goodra|90\/100|[from] item: Leftovers\n|upkeep\n|inactive|Diall.Up has 120 seconds left.\n|\n|t:|1697511177\n|switch|p1b: Basculegion|Basculegion-F, F, shiny|100\/100\n|switch|p1a: Corviknight|Corviknight, M, shiny|100\/100\n|turn|5\n|inactive|Diall.Up has 120 seconds left.\n|\n|t:|1697511209\n|-terastallize|p1a: Corviknight|Fighting\n|move|p2b: Armarouge|Energy Ball|p1b: Basculegion\n|-supereffective|p1b: Basculegion\n|-damage|p1b: Basculegion|0 fnt\n|faint|p1b: Basculegion\n|-damage|p2b: Armarouge|36\/100|[from] item: Life Orb\n|move|p2a: Goodra|Body Press|p1a: Corviknight\n|-damage|p1a: Corviknight|74\/100\n|move|p1a: Corviknight|Body Press|p2a: Goodra\n|-supereffective|p2a: Goodra\n|-damage|p2a: Goodra|53\/100\n|\n|-weather|none\n|-heal|p2a: Goodra|59\/100|[from] item: Leftovers\n|-heal|p1a: Corviknight|80\/100|[from] item: Leftovers\n|-fieldend|move: Trick Room\n|-fieldend|move: Psychic Terrain\n|upkeep\n|\n|t:|1697511224\n|switch|p1b: Manaphy|Manaphy, shiny|100\/100\n|turn|6\n|inactive|Diall.Up has 120 seconds left.\n|\n|t:|1697511244\n|move|p2b: Armarouge|Protect|p2b: Armarouge\n|-singleturn|p2b: Armarouge|Protect\n|move|p1b: Manaphy|Tail Glow|p1b: Manaphy\n|-boost|p1b: Manaphy|spa|3\n|move|p1a: Corviknight|Body Press|p2b: Armarouge\n|-activate|p2b: Armarouge|move: Protect\n|move|p2a: Goodra|Earthquake|p1a: Corviknight|[spread] p1a,p1b\n|-activate|p2b: Armarouge|move: Protect\n|-damage|p1a: Corviknight|64\/100\n|-damage|p1b: Manaphy|82\/100\n|\n|-heal|p1a: Corviknight|70\/100|[from] item: Leftovers\n|-heal|p2a: Goodra|65\/100|[from] item: Leftovers\n|upkeep\n|turn|7\n|inactive|Diall.Up has 120 seconds left.\n|\n|t:|1697511270\n|move|p1b: Manaphy|Stored Power|p2b: Armarouge\n|-damage|p2b: Armarouge|0 fnt\n|faint|p2b: Armarouge\n|move|p1a: Corviknight|Body Press|p2a: Goodra\n|-supereffective|p2a: Goodra\n|-damage|p2a: Goodra|26\/100\n|move|p2a: Goodra|Body Press|p1b: Manaphy\n|-damage|p1b: Manaphy|52\/100\n|\n|-heal|p1a: Corviknight|77\/100|[from] item: Leftovers\n|-heal|p2a: Goodra|32\/100|[from] item: Leftovers\n|upkeep\n|inactive|Gallant Admin Aero has 120 seconds left.\n|\n|t:|1697511282\n|switch|p2b: Amoonguss|Amoonguss, M|62\/100\n|turn|8\n|\n|t:|1697511290\n|move|p1b: Manaphy|Stored Power|p2b: Amoonguss\n|-supereffective|p2b: Amoonguss\n|-damage|p2b: Amoonguss|6\/100\n|move|p1a: Corviknight|Body Press|p2a: Goodra\n|-supereffective|p2a: Goodra\n|-damage|p2a: Goodra|0 fnt\n|faint|p2a: Goodra\n|move|p2b: Amoonguss|Spore|p1b: Manaphy\n|-status|p1b: Manaphy|slp|[from] move: Spore\n|\n|-heal|p1a: Corviknight|83\/100|[from] item: Leftovers\n|-heal|p2b: Amoonguss|12\/100|[from] item: Black Sludge\n|upkeep\n|\n|t:|1697511297\n|switch|p2a: Pincurchin|Pincurchin, F|100\/100\n|-fieldstart|move: Electric Terrain|[from] ability: Electric Surge|[of] p2a: Pincurchin\n|-item|p2a: Pincurchin|Air Balloon\n|turn|9\n|\n|t:|1697511324\n|cant|p1b: Manaphy|slp\n|move|p1a: Corviknight|Body Press|p2a: Pincurchin\n|-damage|p2a: Pincurchin|65\/100\n|-enditem|p2a: Pincurchin|Air Balloon\n|move|p2b: Amoonguss|Clear Smog|p1b: Manaphy\n|-damage|p1b: Manaphy|39\/100 slp\n|-clearboost|p1b: Manaphy\n|move|p2a: Pincurchin|Liquidation|p1a: Corviknight\n|-damage|p1a: Corviknight|70\/100\n|\n|-heal|p1a: Corviknight|76\/100|[from] item: Leftovers\n|-heal|p2b: Amoonguss|18\/100|[from] item: Black Sludge\n|upkeep\n|turn|10\n|\n|t:|1697511349\n|switch|p2b: Iron Hands|Iron Hands|100\/100\n|-activate|p2b: Iron Hands|ability: Quark Drive\n|-start|p2b: Iron Hands|quarkdriveatk\n|cant|p1b: Manaphy|slp\n|move|p1a: Corviknight|Body Press|p2b: Iron Hands\n|-damage|p2b: Iron Hands|70\/100\n|move|p2a: Pincurchin|Liquidation|p1a: Corviknight\n|-damage|p1a: Corviknight|62\/100\n|\n|-heal|p1a: Corviknight|68\/100|[from] item: Leftovers\n|upkeep\n|turn|11\n|\n|t:|1697511369\n|move|p2b: Iron Hands|Fake Out|p1a: Corviknight\n|-damage|p1a: Corviknight|55\/100\n|-curestatus|p1b: Manaphy|slp|[msg]\n|move|p1b: Manaphy|Stored Power|p2b: Iron Hands\n|-supereffective|p2b: Iron Hands\n|-damage|p2b: Iron Hands|64\/100\n|cant|p1a: Corviknight|flinch\n|move|p2a: Pincurchin|Acupressure|p2b: Iron Hands\n|-boost|p2b: Iron Hands|spa|2\n|\n|-heal|p1a: Corviknight|61\/100|[from] item: Leftovers\n|upkeep\n|turn|12\n|\n|t:|1697511388\n|switch|p2a: Amoonguss|Amoonguss, M|52\/100\n|move|p1b: Manaphy|Tail Glow|p1b: Manaphy\n|-boost|p1b: Manaphy|spa|3\n|move|p1a: Corviknight|Body Press|p2b: Iron Hands\n|-damage|p2b: Iron Hands|36\/100\n|move|p2b: Iron Hands|Wild Charge|p1b: Manaphy\n|-supereffective|p1b: Manaphy\n|-damage|p1b: Manaphy|0 fnt\n|faint|p1b: Manaphy\n|-damage|p2b: Iron Hands|29\/100|[from] Recoil\n|\n|-heal|p1a: Corviknight|67\/100|[from] item: Leftovers\n|-heal|p2a: Amoonguss|58\/100|[from] item: Black Sludge\n|upkeep\n|turn|13\n|\n|t:|1697511406\n|-end|p2b: Iron Hands|Quark Drive|[silent]\n|switch|p2b: Pincurchin|Pincurchin, F|65\/100\n|move|p1a: Corviknight|Body Press|p2b: Pincurchin\n|-damage|p2b: Pincurchin|34\/100\n|move|p2a: Amoonguss|Spore|p1a: Corviknight\n|-activate|p1a: Corviknight|move: Electric Terrain\n|\n|-heal|p1a: Corviknight|73\/100|[from] item: Leftovers\n|-heal|p2a: Amoonguss|64\/100|[from] item: Black Sludge\n|-fieldend|move: Electric Terrain\n|upkeep\n|turn|14\n|\n|t:|1697511421\n|move|p1a: Corviknight|Body Press|p2b: Pincurchin\n|-damage|p2b: Pincurchin|2\/100\n|move|p2a: Amoonguss|Spore|p1a: Corviknight\n|-status|p1a: Corviknight|slp|[from] move: Spore\n|move|p2b: Pincurchin|Recover|p2b: Pincurchin\n|-heal|p2b: Pincurchin|52\/100\n|\n|-heal|p1a: Corviknight|79\/100 slp|[from] item: Leftovers\n|-heal|p2a: Amoonguss|70\/100|[from] item: Black Sludge\n|upkeep\n|turn|15\n|l|\u203dDiall.Up\n|inactive|Diall.Up disconnected and has a minute to reconnect!\n|player|p1|\n|inactive|Diall.Up has 30 seconds to reconnect!\n|inactive|Diall.Up has 20 seconds to reconnect!\n|inactive|Diall.Up has 15 seconds to reconnect!\n|inactive|Diall.Up has 10 seconds to reconnect!\n|inactive|Diall.Up has 5 seconds to reconnect!\n|-message|Diall.Up lost due to inactivity.\n|\n|win|Gallant Admin Aero\n|raw|Diall.Up's rating: 1091 &rarr; <strong>1065<\/strong><br \/>(-26 for losing)\n|raw|Gallant Admin Aero's rating: 1058 &rarr; <strong>1092<\/strong><br \/>(+34 for winning)\n","uploadtime":1697511499,"views":12,"p1id":"diallup","p2id":"gallantadminaero","formatid":"gen9doublesou","rating":1065,"private":0,"password":""}