{"id":"gen9doublesou-1992531354","p1":"DoerreKong","p2":"Joecheve13","format":"[Gen 9] Doubles OU","log":"|j|\u2606DoerreKong\n|j|\u2606Joecheve13\n|t:|1700200597\n|gametype|doubles\n|player|p1|DoerreKong|ltsurge|1598\n|player|p2|Joecheve13|rood|1555\n|teamsize|p1|6\n|teamsize|p2|6\n|gen|9\n|tier|[Gen 9] Doubles OU\n|rated|\n|rule|Species Clause: Limit one of each Pok\u00e9mon\n|rule|OHKO Clause: OHKO moves are banned\n|rule|Evasion Moves Clause: Evasion moves are banned\n|rule|Gravity Sleep Clause: The combination of sleep-inducing moves with imperfect accuracy and Gravity or Gigantamax Orbeetle are banned\n|rule|Endless Battle Clause: Forcing endless battles is banned\n|rule|HP Percentage Mod: HP is shown in percentages\n|clearpoke\n|poke|p1|Torkoal, M|\n|poke|p1|Cresselia, F|\n|poke|p1|Diancie|\n|poke|p1|Iron Hands|\n|poke|p1|Amoonguss, F|\n|poke|p1|Dragonite, M|\n|poke|p2|Tinkaton, F|\n|poke|p2|Tornadus, M|\n|poke|p2|Ogerpon-Wellspring, F|\n|poke|p2|Baxcalibur, F|\n|poke|p2|Landorus, M|\n|poke|p2|Pelipper, M|\n|teampreview\n|inactive|Battle timer is ON: inactive players will automatically lose when time's up. (requested by DoerreKong)\n|\n|t:|1700200612\n|start\n|switch|p1a: Cresselia|Cresselia, F|100\/100\n|switch|p1b: Iron Hands|Iron Hands|100\/100\n|switch|p2a: Ogerpon|Ogerpon-Wellspring, F|100\/100\n|switch|p2b: Tinkaton|Tinkaton, F|100\/100\n|turn|1\n|\n|t:|1700200624\n|move|p2b: Tinkaton|Fake Out|p1b: Iron Hands\n|-damage|p1b: Iron Hands|94\/100\n|cant|p1b: Iron Hands|flinch\n|move|p2a: Ogerpon|Taunt|p1a: Cresselia\n|-start|p1a: Cresselia|move: Taunt\n|cant|p1a: Cresselia|move: Taunt|Calm Mind\n|\n|-heal|p1b: Iron Hands|100\/100|[from] item: Leftovers\n|upkeep\n|turn|2\n|inactive|Joecheve13 has 120 seconds left.\n|\n|t:|1700200667\n|switch|p1a: Amoonguss|Amoonguss, F|100\/100\n|move|p2a: Ogerpon|Spiky Shield|p2a: Ogerpon\n|-singleturn|p2a: Ogerpon|move: Protect\n|move|p2b: Tinkaton|Play Rough|p1b: Iron Hands\n|-supereffective|p1b: Iron Hands\n|-damage|p1b: Iron Hands|64\/100\n|move|p1b: Iron Hands|Iron Defense|p1b: Iron Hands\n|-boost|p1b: Iron Hands|def|2\n|\n|-heal|p1b: Iron Hands|71\/100|[from] item: Leftovers\n|upkeep\n|turn|3\n|inactive|Joecheve13 has 120 seconds left.\n|\n|t:|1700200689\n|move|p2a: Ogerpon|Taunt|p1a: Amoonguss\n|-start|p1a: Amoonguss|move: Taunt\n|move|p2b: Tinkaton|Knock Off|p1b: Iron Hands\n|-resisted|p1b: Iron Hands\n|-damage|p1b: Iron Hands|67\/100\n|-enditem|p1b: Iron Hands|Leftovers|[from] move: Knock Off|[of] p2b: Tinkaton\n|move|p1b: Iron Hands|Iron Defense|p1b: Iron Hands\n|-boost|p1b: Iron Hands|def|2\n|cant|p1a: Amoonguss|move: Taunt|Spore\n|\n|upkeep\n|turn|4\n|inactive|Joecheve13 has 120 seconds left.\n|\n|t:|1700200730\n|switch|p2a: Landorus|Landorus, M|100\/100\n|move|p2b: Tinkaton|Gigaton Hammer|p1a: Amoonguss\n|-damage|p1a: Amoonguss|44\/100\n|move|p1b: Iron Hands|Iron Defense|p1b: Iron Hands\n|-boost|p1b: Iron Hands|def|2\n|move|p1a: Amoonguss|Pollen Puff|p1b: Iron Hands\n|-heal|p1b: Iron Hands|100\/100\n|\n|upkeep\n|turn|5\n|inactive|Joecheve13 has 120 seconds left.\n|\n|t:|1700200754\n|switch|p1a: Cresselia|Cresselia, F|100\/100\n|move|p2a: Landorus|Stealth Rock|p1b: Iron Hands\n|-sidestart|p1: DoerreKong|move: Stealth Rock\n|move|p2b: Tinkaton|Play Rough|p1b: Iron Hands\n|-supereffective|p1b: Iron Hands\n|-damage|p1b: Iron Hands|90\/100\n|move|p1b: Iron Hands|Body Press|p2b: Tinkaton\n|-damage|p2b: Tinkaton|0 fnt\n|faint|p2b: Tinkaton\n|\n|upkeep\n|inactive|Joecheve13 has 90 seconds left.\n|\n|t:|1700200786\n|switch|p2b: Pelipper|Pelipper, M|100\/100\n|-weather|RainDance|[from] ability: Drizzle|[of] p2b: Pelipper\n|turn|6\n|\n|t:|1700200792\n|move|p2b: Pelipper|Protect|p2b: Pelipper\n|-singleturn|p2b: Pelipper|Protect\n|move|p2a: Landorus|Sandsear Storm|p1a: Cresselia|[spread] p1b\n|-immune|p1a: Cresselia|[from] ability: Levitate\n|-supereffective|p1b: Iron Hands\n|-damage|p1b: Iron Hands|11\/100\n|move|p1b: Iron Hands|Thunder Punch|p2b: Pelipper\n|-activate|p2b: Pelipper|move: Protect\n|move|p1a: Cresselia|Trick Room|p1a: Cresselia\n|-fieldstart|move: Trick Room|[of] p1a: Cresselia\n|\n|-weather|RainDance|[upkeep]\n|upkeep\n|turn|7\n|inactive|Joecheve13 has 120 seconds left.\n|\n|t:|1700200807\n|move|p1b: Iron Hands|Thunder Punch|p2b: Pelipper\n|-supereffective|p2b: Pelipper\n|-enditem|p2b: Pelipper|Focus Sash\n|-damage|p2b: Pelipper|1\/100\n|move|p1a: Cresselia|Calm Mind|p1a: Cresselia\n|-boost|p1a: Cresselia|spa|1\n|-boost|p1a: Cresselia|spd|1\n|move|p2b: Pelipper|Hurricane|p1b: Iron Hands\n|-damage|p1b: Iron Hands|0 fnt\n|faint|p1b: Iron Hands\n|-end|p1b: Iron Hands|Quark Drive|[silent]\n|move|p2a: Landorus|Sandsear Storm|p1a: Cresselia\n|-immune|p1a: Cresselia|[from] ability: Levitate\n|\n|-weather|RainDance|[upkeep]\n|upkeep\n|\n|t:|1700200821\n|switch|p1b: Amoonguss|Amoonguss, F|77\/100\n|-damage|p1b: Amoonguss|65\/100|[from] Stealth Rock\n|turn|8\n|\n|t:|1700200835\n|switch|p2b: Ogerpon|Ogerpon-Wellspring, F|100\/100\n|move|p2a: Landorus|Protect|p2a: Landorus\n|-singleturn|p2a: Landorus|Protect\n|move|p1b: Amoonguss|Spore|p2a: Landorus\n|-activate|p2a: Landorus|move: Protect\n|move|p1a: Cresselia|Stored Power|p2b: Ogerpon\n|-damage|p2b: Ogerpon|73\/100\n|\n|-weather|RainDance|[upkeep]\n|upkeep\n|turn|9\n|\n|t:|1700200856\n|switch|p2a: Pelipper|Pelipper, M|1\/100\n|move|p1b: Amoonguss|Sludge Bomb|p2b: Ogerpon\n|-supereffective|p2b: Ogerpon\n|-damage|p2b: Ogerpon|14\/100\n|move|p1a: Cresselia|Calm Mind|p1a: Cresselia\n|-boost|p1a: Cresselia|spa|1\n|-boost|p1a: Cresselia|spd|1\n|move|p2b: Ogerpon|Taunt|p1b: Amoonguss\n|-start|p1b: Amoonguss|move: Taunt\n|\n|-weather|RainDance|[upkeep]\n|upkeep\n|turn|10\n|-activate|p1b: Amoonguss|item: Quick Claw\n|\n|t:|1700200881\n|move|p2a: Pelipper|Protect|p2a: Pelipper\n|-singleturn|p2a: Pelipper|Protect\n|move|p1b: Amoonguss|Sludge Bomb|p2b: Ogerpon\n|-supereffective|p2b: Ogerpon\n|-damage|p2b: Ogerpon|0 fnt\n|faint|p2b: Ogerpon\n|move|p1a: Cresselia|Calm Mind|p1a: Cresselia\n|-boost|p1a: Cresselia|spa|1\n|-boost|p1a: Cresselia|spd|1\n|\n|-weather|none\n|-fieldend|move: Trick Room\n|upkeep\n|\n|t:|1700200889\n|switch|p2b: Baxcalibur|Baxcalibur, F|100\/100\n|turn|11\n|\n|t:|1700200908\n|switch|p2a: Landorus|Landorus, M|100\/100\n|switch|p1b: Torkoal|Torkoal, M|100\/100\n|-damage|p1b: Torkoal|76\/100|[from] Stealth Rock\n|-weather|SunnyDay|[from] ability: Drought|[of] p1b: Torkoal\n|move|p2b: Baxcalibur|Dragon Tail|p1a: Cresselia\n|-damage|p1a: Cresselia|76\/100\n|drag|p1a: Diancie|Diancie|100\/100\n|-damage|p1a: Diancie|88\/100|[from] Stealth Rock\n|\n|-weather|SunnyDay|[upkeep]\n|upkeep\n|turn|12\n|\n|t:|1700200923\n|switch|p2b: Pelipper|Pelipper, M|1\/100\n|-weather|RainDance|[from] ability: Drizzle|[of] p2b: Pelipper\n|switch|p1b: Amoonguss|Amoonguss, F|98\/100\n|-damage|p1b: Amoonguss|85\/100|[from] Stealth Rock\n|move|p2a: Landorus|Sandsear Storm|p1a: Diancie|[spread] p1a,p1b\n|-supereffective|p1a: Diancie\n|-damage|p1a: Diancie|2\/100\n|-damage|p1b: Amoonguss|49\/100\n|-enditem|p1a: Diancie|Weakness Policy\n|-boost|p1a: Diancie|atk|2|[from] item: Weakness Policy\n|-boost|p1a: Diancie|spa|2|[from] item: Weakness Policy\n|move|p1a: Diancie|Trick Room|p1a: Diancie\n|-fieldstart|move: Trick Room|[of] p1a: Diancie\n|\n|-weather|RainDance|[upkeep]\n|upkeep\n|turn|13\n|\n|t:|1700200947\n|move|p2b: Pelipper|Protect|p2b: Pelipper\n|-singleturn|p2b: Pelipper|Protect\n|move|p2a: Landorus|Protect|p2a: Landorus\n|-singleturn|p2a: Landorus|Protect\n|move|p1b: Amoonguss|Pollen Puff|p1a: Diancie\n|-heal|p1a: Diancie|52\/100\n|move|p1a: Diancie|Diamond Storm|p2b: Pelipper|[spread] \n|-activate|p2a: Landorus|move: Protect\n|-activate|p2b: Pelipper|move: Protect\n|\n|-weather|RainDance|[upkeep]\n|upkeep\n|turn|14\n|\n|t:|1700200961\n|move|p2b: Pelipper|Wide Guard|p2b: Pelipper\n|-singleturn|p2b: Pelipper|Wide Guard\n|move|p1b: Amoonguss|Spore|p2a: Landorus\n|-status|p2a: Landorus|slp|[from] move: Spore\n|move|p1a: Diancie|Diamond Storm|p2b: Pelipper|[spread] \n|-activate|p2a: Landorus|move: Wide Guard\n|-activate|p2b: Pelipper|move: Wide Guard\n|cant|p2a: Landorus|slp\n|\n|-weather|RainDance|[upkeep]\n|upkeep\n|turn|15\n|-activate|p1b: Amoonguss|item: Quick Claw\n|\n|t:|1700200987\n|move|p1b: Amoonguss|Substitute|p1b: Amoonguss\n|-start|p1b: Amoonguss|Substitute\n|-damage|p1b: Amoonguss|24\/100\n|move|p1a: Diancie|Body Press|p2b: Pelipper\n|-resisted|p2b: Pelipper\n|-damage|p2b: Pelipper|0 fnt\n|faint|p2b: Pelipper\n|cant|p2a: Landorus|slp\n|\n|-weather|RainDance|[upkeep]\n|upkeep\n|inactive|Joecheve13 has 120 seconds left.\n|\n|t:|1700201008\n|switch|p2b: Tornadus|Tornadus, M|100\/100\n|turn|16\n|\n|t:|1700201020\n|move|p1b: Amoonguss|Pollen Puff|p1a: Diancie\n|-heal|p1a: Diancie|100\/100\n|move|p1a: Diancie|Diamond Storm|p2b: Tornadus|[spread] p2a,p2b\n|-supereffective|p2b: Tornadus\n|-damage|p2a: Landorus|44\/100 slp\n|-damage|p2b: Tornadus|0 fnt\n|-boost|p1a: Diancie|def|2\n|faint|p2b: Tornadus\n|cant|p2a: Landorus|slp\n|\n|-weather|none\n|-fieldend|move: Trick Room\n|upkeep\n|inactive|Joecheve13 has 120 seconds left.\n|\n|t:|1700201031\n|switch|p2b: Baxcalibur|Baxcalibur, F|100\/100\n|turn|17\n|-activate|p1b: Amoonguss|item: Quick Claw\n|\n|t:|1700201036\n|move|p2b: Baxcalibur|Ice Shard|p1b: Amoonguss\n|-supereffective|p1b: Amoonguss\n|-crit|p1b: Amoonguss\n|-end|p1b: Amoonguss|Substitute\n|move|p1b: Amoonguss|Spore|p2b: Baxcalibur\n|-status|p2b: Baxcalibur|slp|[from] move: Spore\n|-curestatus|p2a: Landorus|slp|[msg]\n|move|p2a: Landorus|Sandsear Storm|p1a: Diancie|[spread] p1a\n|-miss|p2a: Landorus|p1b: Amoonguss\n|-supereffective|p1a: Diancie\n|-damage|p1a: Diancie|21\/100\n|move|p1a: Diancie|Trick Room|p1a: Diancie\n|-fieldstart|move: Trick Room|[of] p1a: Diancie\n|\n|upkeep\n|turn|18\n|-message|Joecheve13 forfeited.\n|\n|win|DoerreKong\n|raw|DoerreKong's rating: 1598 &rarr; <strong>1616<\/strong><br \/>(+18 for winning)\n|raw|Joecheve13's rating: 1555 &rarr; <strong>1537<\/strong><br \/>(-18 for losing)\n|l|\u2606Joecheve13\n","uploadtime":1700201054,"views":6,"p1id":"doerrekong","p2id":"joecheve13","formatid":"gen9doublesou","rating":1537,"private":0,"password":""}