{"id":"gen9doublesou-1998287715","p1":"Sir GrandMaster","p2":"TheGriffinKing2O","format":"[Gen 9] Doubles OU","log":"|j|\u2606Sir GrandMaster\n|j|\u2606TheGriffinKing2O\n|inactive|Battle timer is ON: inactive players will automatically lose when time's up.\n|t:|1700925013\n|gametype|doubles\n|player|p1|Sir GrandMaster|ghetsis|\n|player|p2|TheGriffinKing2O|n-masters3|\n|teamsize|p1|6\n|teamsize|p2|6\n|gen|9\n|tier|[Gen 9] Doubles OU\n|rated|Tournament battle\n|rule|Species Clause: Limit one of each Pok\u00e9mon\n|rule|OHKO Clause: OHKO moves are banned\n|rule|Evasion Moves Clause: Evasion moves are banned\n|rule|Gravity Sleep Clause: The combination of sleep-inducing moves with imperfect accuracy and Gravity or Gigantamax Orbeetle are banned\n|rule|Endless Battle Clause: Forcing endless battles is banned\n|rule|HP Percentage Mod: HP is shown in percentages\n|clearpoke\n|poke|p1|Rillaboom, M|\n|poke|p1|Gholdengo|\n|poke|p1|Palafin, F|\n|poke|p1|Pelipper, F|\n|poke|p1|Landorus, M|\n|poke|p1|Iron Hands|\n|poke|p2|Tornadus, M|\n|poke|p2|Iron Hands|\n|poke|p2|Rillaboom, M|\n|poke|p2|Flutter Mane|\n|poke|p2|Ogerpon-Hearthflame, F|\n|poke|p2|Heatran, F|\n|teampreview\n|j|*Lady Monita \u2746\n|c|\u2606TheGriffinKing2O|glhf goat\n|inactive|Sir GrandMaster has 120 seconds left.\n|c|\u2606Sir GrandMaster|u too\n|\n|t:|1700925053\n|start\n|switch|p1a: Pelipper|Pelipper, F|100\/100\n|switch|p1b: Palafin|Palafin, F|100\/100\n|switch|p2a: Tornadus|Tornadus, M|100\/100\n|switch|p2b: Flutter Mane|Flutter Mane|100\/100\n|-weather|RainDance|[from] ability: Drizzle|[of] p1a: Pelipper\n|turn|1\n|\n|t:|1700925081\n|detailschange|p1b: Palafin|Palafin-Hero, F\n|switch|p1b: Gholdengo|Gholdengo|100\/100\n|move|p2b: Flutter Mane|Power Gem|p1a: Pelipper\n|-supereffective|p1a: Pelipper\n|-crit|p1a: Pelipper\n|-damage|p1a: Pelipper|0 fnt\n|faint|p1a: Pelipper\n|move|p2a: Tornadus|Icy Wind|p1b: Gholdengo\n|-resisted|p1b: Gholdengo\n|-damage|p1b: Gholdengo|92\/100\n|-unboost|p1b: Gholdengo|spe|1\n|\n|-weather|RainDance|[upkeep]\n|-heal|p1b: Gholdengo|98\/100|[from] item: Leftovers\n|upkeep\n|\n|t:|1700925095\n|switch|p1a: Rillaboom|Rillaboom, M|100\/100\n|-fieldstart|move: Grassy Terrain|[from] ability: Grassy Surge|[of] p1a: Rillaboom\n|turn|2\n|\n|t:|1700925111\n|-end|p2b: Flutter Mane|Protosynthesis|[silent]\n|switch|p2b: Rillaboom|Rillaboom, M|100\/100\n|move|p1a: Rillaboom|Fake Out|p2a: Tornadus\n|-damage|p2a: Tornadus|89\/100\n|move|p2a: Tornadus|Bleakwind Storm|p1b: Gholdengo|[spread] p1a,p1b\n|-supereffective|p1a: Rillaboom\n|-resisted|p1b: Gholdengo\n|-damage|p1a: Rillaboom|44\/100\n|-damage|p1b: Gholdengo|83\/100\n|-enditem|p1a: Rillaboom|Sitrus Berry|[eat]\n|-heal|p1a: Rillaboom|69\/100|[from] item: Sitrus Berry\n|move|p1b: Gholdengo|Thunder|p2a: Tornadus\n|-supereffective|p2a: Tornadus\n|-damage|p2a: Tornadus|0 fnt\n|faint|p2a: Tornadus\n|\n|-weather|RainDance|[upkeep]\n|-heal|p1a: Rillaboom|75\/100|[from] Grassy Terrain\n|-heal|p1b: Gholdengo|89\/100|[from] Grassy Terrain\n|-heal|p1b: Gholdengo|95\/100|[from] item: Leftovers\n|upkeep\n|inactive|TheGriffinKing2O has 120 seconds left.\n|\n|t:|1700925132\n|switch|p2a: Flutter Mane|Flutter Mane|100\/100\n|turn|3\n|\n|t:|1700925140\n|move|p2b: Rillaboom|Fake Out|p1a: Rillaboom\n|-damage|p1a: Rillaboom|60\/100\n|move|p2a: Flutter Mane|Shadow Ball|p1b: Gholdengo\n|-supereffective|p1b: Gholdengo\n|-damage|p1b: Gholdengo|0 fnt\n|faint|p1b: Gholdengo\n|cant|p1a: Rillaboom|flinch\n|\n|-weather|RainDance|[upkeep]\n|-heal|p1a: Rillaboom|67\/100|[from] Grassy Terrain\n|upkeep\n|\n|t:|1700925147\n|switch|p1b: Landorus|Landorus, M|100\/100\n|turn|4\n|\n|t:|1700925158\n|move|p2b: Rillaboom|Grassy Glide|p1b: Landorus\n|-damage|p1b: Landorus|51\/100\n|move|p1b: Landorus|Sandsear Storm|p2a: Flutter Mane|[spread] p2a,p2b\n|-resisted|p2b: Rillaboom\n|-damage|p2a: Flutter Mane|55\/100\n|-damage|p2b: Rillaboom|83\/100\n|move|p2a: Flutter Mane|Shadow Ball|p1a: Rillaboom\n|-damage|p1a: Rillaboom|9\/100\n|move|p1a: Rillaboom|Wood Hammer|p2a: Flutter Mane\n|-damage|p2a: Flutter Mane|0 fnt\n|faint|p2a: Flutter Mane\n|-end|p2a: Flutter Mane|Protosynthesis|[silent]\n|-damage|p1a: Rillaboom|0 fnt|[from] Recoil\n|faint|p1a: Rillaboom\n|\n|-weather|RainDance|[upkeep]\n|-heal|p2b: Rillaboom|89\/100|[from] Grassy Terrain\n|upkeep\n|\n|t:|1700925173\n|switch|p2a: Iron Hands|Iron Hands|100\/100\n|switch|p1a: Iron Hands|Iron Hands|100\/100\n|turn|5\n|\n|t:|1700925184\n|move|p1a: Iron Hands|Fake Out|p2a: Iron Hands\n|-damage|p2a: Iron Hands|89\/100\n|move|p2b: Rillaboom|Grassy Glide|p1b: Landorus\n|-damage|p1b: Landorus|6\/100\n|move|p1b: Landorus|Sandsear Storm|p2b: Rillaboom|[spread] p2a,p2b\n|-supereffective|p2a: Iron Hands\n|-resisted|p2b: Rillaboom\n|-damage|p2a: Iron Hands|8\/100\n|-damage|p2b: Rillaboom|70\/100\n|-enditem|p2a: Iron Hands|Sitrus Berry|[eat]\n|-heal|p2a: Iron Hands|33\/100|[from] item: Sitrus Berry\n|cant|p2a: Iron Hands|flinch\n|\n|-weather|RainDance|[upkeep]\n|-heal|p2b: Rillaboom|76\/100|[from] Grassy Terrain\n|-heal|p2a: Iron Hands|39\/100|[from] Grassy Terrain\n|upkeep\n|turn|6\n|\n|t:|1700925203\n|move|p1b: Landorus|Sandsear Storm|p2a: Iron Hands|[spread] p2a,p2b\n|-supereffective|p2a: Iron Hands\n|-resisted|p2b: Rillaboom\n|-damage|p2a: Iron Hands|0 fnt\n|-damage|p2b: Rillaboom|56\/100\n|faint|p2a: Iron Hands\n|-end|p2a: Iron Hands|Quark Drive|[silent]\n|move|p2b: Rillaboom|U-turn|p1b: Landorus\n|-resisted|p1b: Landorus\n|-damage|p1b: Landorus|0 fnt\n|faint|p1b: Landorus\n|\n|t:|1700925216\n|switch|p2b: Heatran|Heatran, F|100\/100|[from] U-turn\n|move|p1a: Iron Hands|Drain Punch|p2b: Heatran\n|-supereffective|p2b: Heatran\n|-damage|p2b: Heatran|27\/100\n|\n|-weather|RainDance|[upkeep]\n|-heal|p2b: Heatran|34\/100|[from] Grassy Terrain\n|-fieldend|move: Grassy Terrain\n|upkeep\n|\n|t:|1700925221\n|switch|p1b: Palafin|Palafin-Hero, F|100\/100\n|switch|p2a: Rillaboom|Rillaboom, M|56\/100\n|-activate|p1b: Palafin|ability: Zero to Hero\n|-fieldstart|move: Grassy Terrain|[from] ability: Grassy Surge|[of] p2a: Rillaboom\n|turn|7\n|\n|t:|1700925242\n|-terastallize|p1b: Palafin|Grass\n|move|p2a: Rillaboom|Fake Out|p1b: Palafin\n|-damage|p1b: Palafin|87\/100\n|cant|p1b: Palafin|flinch\n|move|p2b: Heatran|Heat Wave|p1a: Iron Hands|[spread] p1a,p1b\n|-supereffective|p1b: Palafin\n|-crit|p1b: Palafin\n|-damage|p1a: Iron Hands|90\/100\n|-damage|p1b: Palafin|30\/100\n|move|p1a: Iron Hands|Drain Punch|p2b: Heatran\n|-supereffective|p2b: Heatran\n|-damage|p2b: Heatran|0 fnt\n|-heal|p1a: Iron Hands|100\/100|[from] drain|[of] p2b: Heatran\n|faint|p2b: Heatran\n|\n|-weather|RainDance|[upkeep]\n|-heal|p1b: Palafin|37\/100|[from] Grassy Terrain\n|-heal|p2a: Rillaboom|62\/100|[from] Grassy Terrain\n|upkeep\n|\n|t:|1700925245\n|switch|p2b: Ogerpon|Ogerpon-Hearthflame, F|100\/100\n|-ability|p2b: Ogerpon|Mold Breaker\n|turn|8\n|\n|t:|1700925264\n|move|p2b: Ogerpon|Spiky Shield|p2b: Ogerpon\n|-singleturn|p2b: Ogerpon|move: Protect\n|move|p1b: Palafin|Jet Punch|p2b: Ogerpon\n|-activate|p2b: Ogerpon|move: Protect\n|-damage|p1b: Palafin|24\/100|[from] Spiky Shield|[of] p2b: Ogerpon\n|move|p2a: Rillaboom|Grassy Glide|p1b: Palafin\n|-resisted|p1b: Palafin\n|-damage|p1b: Palafin|7\/100\n|move|p1a: Iron Hands|Drain Punch|p2b: Ogerpon\n|-activate|p2b: Ogerpon|move: Protect\n|-damage|p1a: Iron Hands|88\/100|[from] Spiky Shield|[of] p2b: Ogerpon\n|\n|-weather|none\n|-heal|p1b: Palafin|13\/100|[from] Grassy Terrain\n|-heal|p2a: Rillaboom|68\/100|[from] Grassy Terrain\n|-heal|p1a: Iron Hands|94\/100|[from] Grassy Terrain\n|upkeep\n|turn|9\n|inactive|TheGriffinKing2O has 120 seconds left.\n|\n|t:|1700925298\n|-terastallize|p2b: Ogerpon|Fire\n|detailschange|p2b: Ogerpon|Ogerpon-Hearthflame-Tera, F, tera:Fire\n|-ability|p2b: Ogerpon|Embody Aspect (Hearthflame)|boost\n|-boost|p2b: Ogerpon|atk|1\n|move|p1b: Palafin|Jet Punch|p2b: Ogerpon\n|-supereffective|p2b: Ogerpon\n|-damage|p2b: Ogerpon|0 fnt\n|faint|p2b: Ogerpon\n|move|p2a: Rillaboom|Grassy Glide|p1b: Palafin\n|-resisted|p1b: Palafin\n|-damage|p1b: Palafin|0 fnt\n|faint|p1b: Palafin\n|move|p1a: Iron Hands|Drain Punch|p2a: Rillaboom\n|-damage|p2a: Rillaboom|28\/100\n|-heal|p1a: Iron Hands|100\/100|[from] drain|[of] p2a: Rillaboom\n|\n|-heal|p2a: Rillaboom|34\/100|[from] Grassy Terrain\n|upkeep\n|turn|10\n|c|\u2606TheGriffinKing2O|ggs\n|c|\u2606Sir GrandMaster|gg\n|\n|t:|1700925312\n|move|p2a: Rillaboom|Grassy Glide|p1a: Iron Hands\n|-damage|p1a: Iron Hands|74\/100\n|move|p1a: Iron Hands|Drain Punch|p2a: Rillaboom\n|-damage|p2a: Rillaboom|0 fnt\n|-heal|p1a: Iron Hands|89\/100|[from] drain|[of] p2a: Rillaboom\n|faint|p2a: Rillaboom\n|\n|win|Sir GrandMaster\n|n|\u2606Sir GrandMaster|sirgrandmaster\n|n|\u2606TheGriffinKing2O|thegriffinking2o\n|n|*Lady Monita \u2746|ladymonita\n|l|*Lady Monita \u2746\n|l|\u2606Sir GrandMaster\n|l|\u2606TheGriffinKing2O\n|j| RUMYMOME\n|l| RUMYMOME\n|j| RUMYMOME\n","uploadtime":1700925781,"views":3,"p1id":"sirgrandmaster","p2id":"thegriffinking2o","formatid":"gen9doublesou","rating":0,"private":0,"password":""}