{"id":"gen9doublesou-1987934868","p1":"abbabareal2","p2":"little timmy 2013","format":"[Gen 9] Doubles OU","log":"|j|\u2606abbabareal2\n|j|\u2606little timmy 2013\n|t:|1699650727\n|gametype|doubles\n|player|p1|abbabareal2|1|1258\n|player|p2|little timmy 2013|linebacker|1180\n|teamsize|p1|6\n|teamsize|p2|6\n|gen|9\n|tier|[Gen 9] Doubles OU\n|rated|\n|rule|Species Clause: Limit one of each Pok\u00e9mon\n|rule|OHKO Clause: OHKO moves are banned\n|rule|Evasion Moves Clause: Evasion moves are banned\n|rule|Gravity Sleep Clause: The combination of sleep-inducing moves with imperfect accuracy and Gravity or Gigantamax Orbeetle are banned\n|rule|Endless Battle Clause: Forcing endless battles is banned\n|rule|HP Percentage Mod: HP is shown in percentages\n|clearpoke\n|poke|p1|Iron Hands|\n|poke|p1|Armarouge, M|\n|poke|p1|Indeedee-F, F|\n|poke|p1|Torkoal, M|\n|poke|p1|Diancie|\n|poke|p1|Amoonguss, F|\n|poke|p2|Armarouge, F|\n|poke|p2|Ogerpon-Wellspring, F|\n|poke|p2|Sinistcha-Masterpiece|\n|poke|p2|Garchomp, F|\n|poke|p2|Hawlucha, F|\n|poke|p2|Clefairy, F|\n|teampreview\n|\n|t:|1699650772\n|start\n|switch|p1a: Armarouge|Armarouge, M|100\/100\n|switch|p1b: Indeedee|Indeedee-F, F|100\/100\n|switch|p2a: Ogerpon|Ogerpon-Wellspring, F|100\/100\n|switch|p2b: Clefairy|Clefairy, F|100\/100\n|-fieldstart|move: Psychic Terrain|[from] ability: Psychic Surge|[of] p1b: Indeedee\n|turn|1\n|inactive|Battle timer is ON: inactive players will automatically lose when time's up. (requested by abbabareal2)\n|\n|t:|1699650799\n|move|p1a: Armarouge|Protect|p1a: Armarouge\n|-singleturn|p1a: Armarouge|Protect\n|move|p2b: Clefairy|Follow Me|p2b: Clefairy\n|-singleturn|p2b: Clefairy|move: Follow Me\n|move|p2a: Ogerpon|Swords Dance|p2a: Ogerpon\n|-boost|p2a: Ogerpon|atk|2\n|move|p1b: Indeedee|Trick Room|p1b: Indeedee\n|-fieldstart|move: Trick Room|[of] p1b: Indeedee\n|\n|upkeep\n|turn|2\n|\n|t:|1699650821\n|move|p1b: Indeedee|Helping Hand|p1a: Armarouge\n|-singleturn|p1a: Armarouge|Helping Hand|[of] p1b: Indeedee\n|move|p2b: Clefairy|Follow Me|p2b: Clefairy\n|-singleturn|p2b: Clefairy|move: Follow Me\n|move|p1a: Armarouge|Expanding Force|p2a: Ogerpon|[spread] p2a,p2b\n|-damage|p2a: Ogerpon|0 fnt\n|-damage|p2b: Clefairy|22\/100\n|faint|p2a: Ogerpon\n|-damage|p1a: Armarouge|91\/100|[from] item: Life Orb\n|\n|upkeep\n|inactive|little timmy 2013 has 120 seconds left.\n|\n|t:|1699650852\n|switch|p2a: Garchomp|Garchomp, F|100\/100\n|turn|3\n|inactive|little timmy 2013 has 120 seconds left.\n|\n|t:|1699650877\n|move|p1b: Indeedee|Follow Me|p1b: Indeedee\n|-singleturn|p1b: Indeedee|move: Follow Me\n|move|p2b: Clefairy|Life Dew||[still]|[spread] p2a,p2b\n|-fail|p2a: Garchomp|heal\n|-heal|p2b: Clefairy|47\/100\n|move|p1a: Armarouge|Expanding Force|p2b: Clefairy|[spread] p2a,p2b\n|-damage|p2a: Garchomp|39\/100\n|-damage|p2b: Clefairy|0 fnt\n|faint|p2b: Clefairy\n|-damage|p1a: Armarouge|81\/100|[from] item: Life Orb\n|move|p2a: Garchomp|Stomping Tantrum|p1b: Indeedee\n|-crit|p1b: Indeedee\n|-damage|p1b: Indeedee|32\/100\n|\n|upkeep\n|inactive|little timmy 2013 has 120 seconds left.\n|\n|t:|1699650894\n|switch|p2b: Armarouge|Armarouge, F|100\/100\n|turn|4\n|inactive|little timmy 2013 has 120 seconds left.\n|inactive|abbabareal2 has 120 seconds left.\n|\n|t:|1699650924\n|move|p1a: Armarouge|Expanding Force|p2b: Armarouge|[spread] p2a,p2b\n|-resisted|p2b: Armarouge\n|-damage|p2a: Garchomp|0 fnt\n|-damage|p2b: Armarouge|46\/100\n|faint|p2a: Garchomp\n|-damage|p1a: Armarouge|71\/100|[from] item: Life Orb\n|move|p1b: Indeedee|Psychic|p2b: Armarouge\n|-resisted|p2b: Armarouge\n|-damage|p2b: Armarouge|21\/100\n|-unboost|p2b: Armarouge|spd|1\n|move|p2b: Armarouge|Psychic|p1a: Armarouge\n|-resisted|p1a: Armarouge\n|-damage|p1a: Armarouge|29\/100\n|-damage|p2b: Armarouge|11\/100|[from] item: Life Orb\n|\n|upkeep\n|inactive|little timmy 2013 has 120 seconds left.\n|\n|t:|1699650941\n|switch|p2a: Sinistcha|Sinistcha-Masterpiece|100\/100\n|-heal|p2b: Armarouge|36\/100|[from] ability: Hospitality|[of] p2a: Sinistcha\n|turn|5\n|\n|t:|1699650958\n|move|p1b: Indeedee|Helping Hand|p1a: Armarouge\n|-singleturn|p1a: Armarouge|Helping Hand|[of] p1b: Indeedee\n|move|p1a: Armarouge|Expanding Force|p2a: Sinistcha|[spread] p2a,p2b\n|-resisted|p2b: Armarouge\n|-damage|p2a: Sinistcha|0 fnt\n|-damage|p2b: Armarouge|0 fnt\n|faint|p2a: Sinistcha\n|faint|p2b: Armarouge\n|-damage|p1a: Armarouge|19\/100|[from] item: Life Orb\n|\n|-fieldend|move: Trick Room\n|-fieldend|move: Psychic Terrain\n|upkeep\n|inactive|little timmy 2013 has 120 seconds left.\n|\n|t:|1699650971\n|switch|p2b: Hawlucha|Hawlucha, F|100\/100\n|turn|6\n|\n|t:|1699650981\n|move|p1b: Indeedee|Follow Me|p1b: Indeedee\n|-singleturn|p1b: Indeedee|move: Follow Me\n|move|p2b: Hawlucha|Close Combat|p1b: Indeedee\n|-damage|p1b: Indeedee|0 fnt\n|-unboost|p2b: Hawlucha|def|1\n|-unboost|p2b: Hawlucha|spd|1\n|-enditem|p2b: Hawlucha|White Herb\n|-clearnegativeboost|p2b: Hawlucha|[silent]\n|faint|p1b: Indeedee\n|move|p1a: Armarouge|Expanding Force|p2b: Hawlucha\n|-supereffective|p2b: Hawlucha\n|-damage|p2b: Hawlucha|0 fnt\n|faint|p2b: Hawlucha\n|-damage|p1a: Armarouge|9\/100|[from] item: Life Orb\n|\n|win|abbabareal2\n|raw|abbabareal2's rating: 1258 &rarr; <strong>1277<\/strong><br \/>(+19 for winning)\n|raw|little timmy 2013's rating: 1180 &rarr; <strong>1161<\/strong><br \/>(-19 for losing)\n|l|\u2606little timmy 2013\n|c|\u2606abbabareal2|gg\n","uploadtime":1699651004,"views":11,"p1id":"abbabareal2","p2id":"littletimmy2013","formatid":"gen9doublesou","rating":1161,"private":0,"password":""}