{"id":"gen9doublesou-1998392359","p1":"Gretchin","p2":"BullishBandit","format":"[Gen 9] Doubles OU","log":"|j|\u2606Gretchin\n|j|\u2606BullishBandit\n|t:|1700937186\n|gametype|doubles\n|player|p1|Gretchin|giovanni|1062\n|player|p2|BullishBandit|102|1079\n|teamsize|p1|6\n|teamsize|p2|6\n|gen|9\n|tier|[Gen 9] Doubles OU\n|rated|\n|rule|Species Clause: Limit one of each Pok\u00e9mon\n|rule|OHKO Clause: OHKO moves are banned\n|rule|Evasion Moves Clause: Evasion moves are banned\n|rule|Gravity Sleep Clause: The combination of sleep-inducing moves with imperfect accuracy and Gravity or Gigantamax Orbeetle are banned\n|rule|Endless Battle Clause: Forcing endless battles is banned\n|rule|HP Percentage Mod: HP is shown in percentages\n|clearpoke\n|poke|p1|Heatran, M|\n|poke|p1|Chi-Yu|\n|poke|p1|Farigiraf, F|\n|poke|p1|Hatterene, F|\n|poke|p1|Sinistcha-Masterpiece|\n|poke|p1|Kommo-o, M|\n|poke|p2|Gholdengo|\n|poke|p2|Garganacl, M|\n|poke|p2|Maushold|\n|poke|p2|Toxapex, F|\n|poke|p2|Garchomp, F|\n|poke|p2|Tinkaton, F|\n|teampreview\n|\n|t:|1700937195\n|start\n|switch|p1a: Chi-Yu|Chi-Yu|100\/100\n|switch|p1b: Kommo-o|Kommo-o, M|100\/100\n|switch|p2a: Tinkaton|Tinkaton, F|100\/100\n|switch|p2b: Garganacl|Garganacl, M, shiny|100\/100\n|-ability|p1a: Chi-Yu|Beads of Ruin\n|turn|1\n|\n|t:|1700937216\n|switch|p1b: Heatran|Heatran, M|100\/100\n|move|p2a: Tinkaton|Fake Out|p1b: Heatran\n|-resisted|p1b: Heatran\n|-damage|p1b: Heatran|97\/100\n|move|p1a: Chi-Yu|Light Screen|p1a: Chi-Yu\n|-sidestart|p1: Gretchin|move: Light Screen\n|move|p2b: Garganacl|Salt Cure|p1b: Heatran\n|-damage|p1b: Heatran|84\/100\n|-start|p1b: Heatran|Salt Cure\n|\n|-heal|p1b: Heatran|90\/100|[from] item: Leftovers\n|-damage|p1b: Heatran|66\/100|[from] Salt Cure\n|upkeep\n|turn|2\n|\n|t:|1700937232\n|switch|p2a: Garchomp|Garchomp, F|100\/100\n|move|p1a: Chi-Yu|Will-O-Wisp|p2a: Garchomp\n|-status|p2a: Garchomp|brn\n|move|p1b: Heatran|Earth Power|p2b: Garganacl\n|-supereffective|p2b: Garganacl\n|-damage|p2b: Garganacl|19\/100\n|-unboost|p2b: Garganacl|spd|1\n|move|p2b: Garganacl|Salt Cure|p1a: Chi-Yu\n|-supereffective|p1a: Chi-Yu\n|-damage|p1a: Chi-Yu|50\/100\n|-start|p1a: Chi-Yu|Salt Cure\n|\n|-heal|p1b: Heatran|72\/100|[from] item: Leftovers\n|-heal|p2b: Garganacl|25\/100|[from] item: Leftovers\n|-damage|p2a: Garchomp|94\/100 brn|[from] brn\n|-damage|p1a: Chi-Yu|37\/100|[from] Salt Cure\n|-damage|p1b: Heatran|47\/100|[from] Salt Cure\n|upkeep\n|turn|3\n|\n|t:|1700937257\n|switch|p1a: Sinistcha|Sinistcha-Masterpiece|100\/100\n|-heal|p1b: Heatran|72\/100|[from] ability: Hospitality|[of] p1a: Sinistcha\n|move|p2b: Garganacl|Protect|p2b: Garganacl\n|-singleturn|p2b: Garganacl|Protect\n|move|p2a: Garchomp|Earthquake|p1b: Heatran|[spread] p1a,p1b\n|-activate|p2b: Garganacl|move: Protect\n|-resisted|p1a: Sinistcha\n|-crit|p1a: Sinistcha\n|-supereffective|p1b: Heatran\n|-damage|p1a: Sinistcha|91\/100\n|-damage|p1b: Heatran|11\/100\n|move|p1b: Heatran|Heat Wave|p2a: Garchomp|[spread] p2a\n|-activate|p2b: Garganacl|move: Protect\n|-resisted|p2a: Garchomp\n|-damage|p2a: Garchomp|79\/100 brn\n|\n|-heal|p1b: Heatran|17\/100|[from] item: Leftovers\n|-heal|p2b: Garganacl|31\/100|[from] item: Leftovers\n|-damage|p2a: Garchomp|73\/100 brn|[from] brn\n|-damage|p1b: Heatran|0 fnt|[from] Salt Cure\n|faint|p1b: Heatran\n|upkeep\n|\n|t:|1700937285\n|switch|p1b: Farigiraf|Farigiraf, F|100\/100\n|turn|4\n|\n|t:|1700937308\n|switch|p2b: Toxapex|Toxapex, F|100\/100\n|move|p2a: Garchomp|Earth Power|p1b: Farigiraf\n|-damage|p1b: Farigiraf|89\/100\n|move|p1b: Farigiraf|Psychic|p2b: Toxapex\n|-supereffective|p2b: Toxapex\n|-damage|p2b: Toxapex|35\/100\n|-unboost|p2b: Toxapex|spd|1\n|move|p1a: Sinistcha|Trick Room|p1a: Sinistcha\n|-fieldstart|move: Trick Room|[of] p1a: Sinistcha\n|\n|-damage|p2a: Garchomp|67\/100 brn|[from] brn\n|upkeep\n|turn|5\n|\n|t:|1700937329\n|move|p2b: Toxapex|Baneful Bunker|p2b: Toxapex\n|-singleturn|p2b: Toxapex|move: Protect\n|move|p1b: Farigiraf|Psychic|p2a: Garchomp\n|-damage|p2a: Garchomp|38\/100 brn\n|move|p1a: Sinistcha|Giga Drain|p2b: Toxapex\n|-activate|p2b: Toxapex|move: Protect\n|move|p2a: Garchomp|Earthquake|p1b: Farigiraf|[spread] p1a,p1b\n|-activate|p2b: Toxapex|move: Protect\n|-resisted|p1a: Sinistcha\n|-damage|p1a: Sinistcha|85\/100\n|-damage|p1b: Farigiraf|72\/100\n|\n|-damage|p2a: Garchomp|32\/100 brn|[from] brn\n|-sideend|p1: Gretchin|move: Light Screen\n|upkeep\n|turn|6\n|\n|t:|1700937354\n|move|p1b: Farigiraf|Psychic|p2a: Garchomp\n|-damage|p2a: Garchomp|2\/100 brn\n|move|p2b: Toxapex|Recover|p2b: Toxapex\n|-heal|p2b: Toxapex|85\/100\n|move|p1a: Sinistcha|Giga Drain|p2b: Toxapex\n|-damage|p2b: Toxapex|42\/100\n|-heal|p1a: Sinistcha|100\/100|[from] drain|[of] p2b: Toxapex\n|move|p2a: Garchomp|Earth Power|p1b: Farigiraf\n|-damage|p1b: Farigiraf|57\/100\n|\n|-damage|p2a: Garchomp|0 fnt|[from] brn\n|faint|p2a: Garchomp\n|upkeep\n|\n|t:|1700937366\n|switch|p2a: Garganacl|Garganacl, M, shiny|31\/100\n|turn|7\n|\n|t:|1700937391\n|move|p2a: Garganacl|Protect|p2a: Garganacl\n|-singleturn|p2a: Garganacl|Protect\n|move|p2b: Toxapex|Baneful Bunker|p2b: Toxapex\n|-singleturn|p2b: Toxapex|move: Protect\n|move|p1b: Farigiraf|Psychic|p2a: Garganacl\n|-activate|p2a: Garganacl|move: Protect\n|move|p1a: Sinistcha|Giga Drain|p2b: Toxapex\n|-activate|p2b: Toxapex|move: Protect\n|\n|-heal|p2a: Garganacl|37\/100|[from] item: Leftovers\n|upkeep\n|turn|8\n|\n|t:|1700937408\n|move|p2a: Garganacl|Recover|p2a: Garganacl\n|-heal|p2a: Garganacl|87\/100\n|move|p1b: Farigiraf|Psychic|p2a: Garganacl\n|-damage|p2a: Garganacl|55\/100\n|move|p2b: Toxapex|Recover|p2b: Toxapex\n|-heal|p2b: Toxapex|92\/100\n|move|p1a: Sinistcha|Giga Drain|p2b: Toxapex\n|-damage|p2b: Toxapex|51\/100\n|\n|-heal|p2a: Garganacl|62\/100|[from] item: Leftovers\n|-fieldend|move: Trick Room\n|upkeep\n|turn|9\n|\n|t:|1700937425\n|switch|p1a: Kommo-o|Kommo-o, M|100\/100\n|switch|p2b: Gholdengo|Gholdengo|100\/100\n|move|p2a: Garganacl|Protect|p2a: Garganacl\n|-singleturn|p2a: Garganacl|Protect\n|move|p1b: Farigiraf|Thunder Wave|p2a: Garganacl\n|-activate|p2a: Garganacl|move: Protect\n|\n|-heal|p2a: Garganacl|68\/100|[from] item: Leftovers\n|upkeep\n|turn|10\n|\n|t:|1700937457\n|switch|p2a: Toxapex|Toxapex, F|51\/100\n|move|p1a: Kommo-o|Clangorous Soul|p1a: Kommo-o\n|-boost|p1a: Kommo-o|atk|1\n|-boost|p1a: Kommo-o|def|1\n|-boost|p1a: Kommo-o|spa|1\n|-boost|p1a: Kommo-o|spd|1\n|-boost|p1a: Kommo-o|spe|1\n|-damage|p1a: Kommo-o|68\/100\n|-enditem|p1a: Kommo-o|Throat Spray\n|-boost|p1a: Kommo-o|spa|1|[from] item: Throat Spray\n|move|p2b: Gholdengo|Nasty Plot|p2b: Gholdengo\n|-boost|p2b: Gholdengo|spa|2\n|move|p1b: Farigiraf|Thunder Wave|p2b: Gholdengo\n|-immune|p2b: Gholdengo|[from] ability: Good as Gold\n|\n|upkeep\n|turn|11\n|\n|t:|1700937485\n|switch|p1b: Sinistcha|Sinistcha-Masterpiece|100\/100\n|-heal|p1a: Kommo-o|92\/100|[from] ability: Hospitality|[of] p1b: Sinistcha\n|-terastallize|p2b: Gholdengo|Steel\n|move|p2a: Toxapex|Wide Guard|p2a: Toxapex\n|-singleturn|p2a: Toxapex|Wide Guard\n|move|p1a: Kommo-o|Clanging Scales|p2b: Gholdengo|[spread] \n|-activate|p2a: Toxapex|move: Wide Guard\n|-activate|p2b: Gholdengo|move: Wide Guard\n|move|p2b: Gholdengo|Make It Rain|p1b: Sinistcha|[spread] p1a,p1b\n|-damage|p1a: Kommo-o|0 fnt\n|-damage|p1b: Sinistcha|0 fnt\n|-unboost|p2b: Gholdengo|spa|1\n|faint|p1a: Kommo-o\n|faint|p1b: Sinistcha\n|\n|upkeep\n|c|\u2606BullishBandit|oof\n|\n|t:|1700937501\n|switch|p1a: Chi-Yu|Chi-Yu|37\/100\n|switch|p1b: Hatterene|Hatterene, F|100\/100\n|-ability|p1a: Chi-Yu|Beads of Ruin\n|turn|12\n|\n|t:|1700937522\n|switch|p2b: Maushold|Maushold|100\/100\n|move|p1a: Chi-Yu|Flamethrower|p2b: Maushold\n|-damage|p2b: Maushold|21\/100\n|move|p2a: Toxapex|Recover|p2a: Toxapex\n|-heal|p2a: Toxapex|100\/100\n|move|p1b: Hatterene|Life Dew||[still]|[spread] p1a,p1b\n|-heal|p1a: Chi-Yu|62\/100\n|-fail|p1b: Hatterene|heal\n|\n|upkeep\n|turn|13\n|\n|t:|1700937543\n|move|p1a: Chi-Yu|Flamethrower|p2b: Maushold\n|-damage|p2b: Maushold|0 fnt\n|faint|p2b: Maushold\n|move|p2a: Toxapex|Iron Defense|p2a: Toxapex\n|-boost|p2a: Toxapex|def|2\n|move|p1b: Hatterene|Dazzling Gleam|p2a: Toxapex\n|-resisted|p2a: Toxapex\n|-damage|p2a: Toxapex|65\/100\n|-damage|p1b: Hatterene|91\/100|[from] item: Life Orb\n|\n|upkeep\n|\n|t:|1700937553\n|switch|p2b: Garganacl|Garganacl, M, shiny|68\/100\n|turn|14\n|\n|t:|1700937562\n|-terastallize|p1b: Hatterene|Fairy\n|move|p2a: Toxapex|Wide Guard|p2a: Toxapex\n|-singleturn|p2a: Toxapex|Wide Guard\n|move|p1a: Chi-Yu|Will-O-Wisp|p2b: Garganacl\n|-immune|p2b: Garganacl|[from] ability: Purifying Salt\n|move|p2b: Garganacl|Salt Cure|p1a: Chi-Yu\n|-supereffective|p1a: Chi-Yu\n|-damage|p1a: Chi-Yu|6\/100\n|-start|p1a: Chi-Yu|Salt Cure\n|move|p1b: Hatterene|Dazzling Gleam|p2b: Garganacl|[spread] \n|-activate|p2a: Toxapex|move: Wide Guard\n|-activate|p2b: Garganacl|move: Wide Guard\n|\n|-heal|p2b: Garganacl|74\/100|[from] item: Leftovers\n|-damage|p1a: Chi-Yu|0 fnt|[from] Salt Cure\n|faint|p1a: Chi-Yu\n|upkeep\n|\n|t:|1700937570\n|switch|p1a: Farigiraf|Farigiraf, F|57\/100\n|turn|15\n|\n|t:|1700937586\n|switch|p2a: Gholdengo|Gholdengo, tera:Steel|100\/100\n|move|p1a: Farigiraf|Thunder Wave|p2b: Garganacl|[miss]\n|-miss|p1a: Farigiraf|p2b: Garganacl\n|move|p2b: Garganacl|Recover|p2b: Garganacl\n|-heal|p2b: Garganacl|100\/100\n|move|p1b: Hatterene|Dazzling Gleam|p2b: Garganacl|[spread] p2a,p2b\n|-resisted|p2a: Gholdengo\n|-damage|p2a: Gholdengo|68\/100\n|-damage|p2b: Garganacl|50\/100\n|-damage|p1b: Hatterene|81\/100|[from] item: Life Orb\n|\n|-heal|p2b: Garganacl|56\/100|[from] item: Leftovers\n|upkeep\n|turn|16\n|\n|t:|1700937608\n|move|p2a: Gholdengo|Make It Rain|p1b: Hatterene|[spread] p1a,p1b\n|-supereffective|p1b: Hatterene\n|-damage|p1a: Farigiraf|11\/100\n|-damage|p1b: Hatterene|0 fnt\n|-unboost|p2a: Gholdengo|spa|1\n|faint|p1b: Hatterene\n|move|p1a: Farigiraf|Thunder Wave|p2a: Gholdengo\n|-immune|p2a: Gholdengo|[from] ability: Good as Gold\n|move|p2b: Garganacl|Salt Cure|p1a: Farigiraf\n|-damage|p1a: Farigiraf|0 fnt\n|faint|p1a: Farigiraf\n|\n|win|BullishBandit\n|raw|Gretchin's rating: 1062 &rarr; <strong>1044<\/strong><br \/>(-18 for losing)\n|raw|BullishBandit's rating: 1079 &rarr; <strong>1106<\/strong><br \/>(+27 for winning)\n|l|\u2606Gretchin\n|c|\u2606BullishBandit|gg\n","uploadtime":1700937627,"views":5,"p1id":"gretchin","p2id":"bullishbandit","formatid":"gen9doublesou","rating":1044,"private":0,"password":""}