{"id":"gen9doublesou-1983939210","p1":"Deathbang","p2":"dez45","format":"[Gen 9] Doubles OU","log":"|j|\u2606Deathbang\n|j|\u2606dez45\n|t:|1699202120\n|gametype|doubles\n|player|p1|Deathbang|swimmerf-gen4|1170\n|player|p2|dez45|jupiter|1172\n|teamsize|p1|6\n|teamsize|p2|6\n|gen|9\n|tier|[Gen 9] Doubles OU\n|rated|\n|rule|Species Clause: Limit one of each Pok\u00e9mon\n|rule|OHKO Clause: OHKO moves are banned\n|rule|Evasion Moves Clause: Evasion moves are banned\n|rule|Gravity Sleep Clause: The combination of sleep-inducing moves with imperfect accuracy and Gravity or Gigantamax Orbeetle are banned\n|rule|Endless Battle Clause: Forcing endless battles is banned\n|rule|HP Percentage Mod: HP is shown in percentages\n|clearpoke\n|poke|p1|Sneasler, M|\n|poke|p1|Electrode-Hisui|\n|poke|p1|Ursaluna-Bloodmoon, M|\n|poke|p1|Sinistcha-Masterpiece|\n|poke|p1|Baxcalibur, F|\n|poke|p1|Fezandipiti, M|\n|poke|p2|Snorlax, F|\n|poke|p2|Zoroark-Hisui, M|\n|poke|p2|Arcanine-Hisui, F|\n|poke|p2|Iron Valiant|\n|poke|p2|Goodra-Hisui, M|\n|poke|p2|Gliscor, M|\n|teampreview\n|\n|t:|1699202130\n|start\n|switch|p1a: Sneasler|Sneasler, M|100\/100\n|switch|p1b: Electrode|Electrode-Hisui|100\/100\n|switch|p2a: Snorlax|Snorlax, F, shiny|100\/100\n|switch|p2b: Gliscor|Gliscor, M|100\/100\n|turn|1\n|\n|t:|1699202216\n|move|p1a: Sneasler|Fake Out|p2b: Gliscor\n|-enditem|p1a: Sneasler|Normal Gem|[from] gem\n|-damage|p2b: Gliscor|82\/100\n|move|p1b: Electrode|Taunt|p2a: Snorlax\n|-start|p2a: Snorlax|move: Taunt\n|cant|p2a: Snorlax|move: Taunt|Nasty Plot\n|cant|p2b: Gliscor|flinch\n|\n|-status|p2b: Gliscor|tox|[from] item: Toxic Orb\n|upkeep\n|turn|2\n|inactive|Battle timer is ON: inactive players will automatically lose when time's up. (requested by dez45)\n|inactive|Deathbang has 120 seconds left.\n|inactive|Deathbang has 90 seconds left.\n|inactive|Deathbang has 60 seconds left.\n|\n|t:|1699202335\n|-terastallize|p1a: Sneasler|Flying\n|move|p1a: Sneasler|Acrobatics|p2b: Gliscor\n|-damage|p2b: Gliscor|16\/100 tox\n|move|p1b: Electrode|Chloroblast|p2b: Gliscor\n|-damage|p2b: Gliscor|0 fnt\n|faint|p2b: Gliscor\n|-damage|p1b: Electrode|50\/100|[from] Recoil\n|-enditem|p1b: Electrode|Sitrus Berry|[eat]\n|-heal|p1b: Electrode|75\/100|[from] item: Sitrus Berry\n|move|p2a: Snorlax|Extrasensory|p1a: Sneasler\n|-damage|p1a: Sneasler|60\/100\n|\n|upkeep\n|\n|t:|1699202352\n|switch|p2b: Iron Valiant|Iron Valiant|100\/100\n|-enditem|p2b: Iron Valiant|Booster Energy\n|-activate|p2b: Iron Valiant|ability: Quark Drive|[fromitem]\n|-start|p2b: Iron Valiant|quarkdrivespe\n|turn|3\n|inactive|Deathbang has 120 seconds left.\n|inactive|Deathbang has 90 seconds left.\n|j| pepe0\n|\n|t:|1699202398\n|move|p1a: Sneasler|Dire Claw|p2b: Iron Valiant\n|-supereffective|p2b: Iron Valiant\n|-damage|p2b: Iron Valiant|0 fnt\n|faint|p2b: Iron Valiant\n|-end|p2b: Iron Valiant|Quark Drive|[silent]\n|move|p1b: Electrode|Leech Seed|p2a: Snorlax\n|-start|p2a: Snorlax|move: Leech Seed\n|move|p2a: Snorlax|Hyper Beam|p1b: Electrode\n|-damage|p1b: Electrode|0 fnt\n|-mustrecharge|p2a: Snorlax\n|faint|p1b: Electrode\n|\n|-end|p2a: Snorlax|move: Taunt\n|upkeep\n|\n|t:|1699202414\n|switch|p1b: Sinistcha|Sinistcha-Masterpiece|100\/100\n|switch|p2b: Goodra|Goodra-Hisui, M|100\/100\n|-heal|p1a: Sneasler|85\/100|[from] ability: Hospitality|[of] p1b: Sinistcha\n|turn|4\n|\n|t:|1699202443\n|move|p1a: Sneasler|Close Combat|p2b: Goodra\n|-supereffective|p2b: Goodra\n|-damage|p2b: Goodra|9\/100\n|-unboost|p1a: Sneasler|def|1\n|-unboost|p1a: Sneasler|spd|1\n|-ability|p2b: Goodra|Gooey\n|-unboost|p1a: Sneasler|spe|1\n|cant|p2a: Snorlax|recharge\n|move|p1b: Sinistcha|Matcha Gotcha|p2b: Goodra|[spread] p2a\n|-miss|p1b: Sinistcha|p2b: Goodra\n|-damage|p2a: Snorlax|50\/100\n|replace|p2a: Zoroark|Zoroark-Hisui, M\n|-end|p2a: Zoroark|Illusion\n|move|p2b: Goodra|Flamethrower|p1b: Sinistcha\n|-supereffective|p1b: Sinistcha\n|-damage|p1b: Sinistcha|46\/100\n|\n|-heal|p2b: Goodra|15\/100|[from] item: Leftovers\n|-damage|p2a: Zoroark|38\/100|[from] Leech Seed|[of] p1b: Sinistcha\n|-heal|p1b: Sinistcha|55\/100|[silent]\n|upkeep\n|turn|5\n|inactive|Deathbang has 120 seconds left.\n|l| pepe0\n|inactive|dez45 has 120 seconds left.\n|\n|t:|1699202483\n|move|p1a: Sneasler|Dire Claw|p2a: Zoroark\n|-resisted|p2a: Zoroark\n|-damage|p2a: Zoroark|0 fnt\n|faint|p2a: Zoroark\n|move|p1b: Sinistcha|Matcha Gotcha|p2b: Goodra\n|-resisted|p2b: Goodra\n|-damage|p2b: Goodra|10\/100\n|-heal|p1b: Sinistcha|57\/100|[from] drain|[of] p2b: Goodra\n|move|p2b: Goodra|Flamethrower|p1b: Sinistcha\n|-supereffective|p1b: Sinistcha\n|-damage|p1b: Sinistcha|6\/100\n|\n|-heal|p2b: Goodra|16\/100|[from] item: Leftovers\n|upkeep\n|inactive|dez45 has 90 seconds left.\n|\n|t:|1699202515\n|switch|p2a: Snorlax|Snorlax, F, shiny|100\/100\n|turn|6\n|j| pepe0\n|\n|t:|1699202526\n|move|p1b: Sinistcha|Rage Powder|p1b: Sinistcha\n|-singleturn|p1b: Sinistcha|move: Rage Powder\n|move|p1a: Sneasler|Close Combat|p2a: Snorlax\n|-supereffective|p2a: Snorlax\n|-damage|p2a: Snorlax|13\/100\n|-unboost|p1a: Sneasler|def|1\n|-unboost|p1a: Sneasler|spd|1\n|-damage|p1a: Sneasler|69\/100|[from] item: Rocky Helmet|[of] p2a: Snorlax\n|move|p2b: Goodra|Flamethrower|p1b: Sinistcha\n|-supereffective|p1b: Sinistcha\n|-damage|p1b: Sinistcha|0 fnt\n|faint|p1b: Sinistcha\n|move|p2a: Snorlax|Giga Impact|p1a: Sneasler\n|-damage|p1a: Sneasler|0 fnt\n|-mustrecharge|p2a: Snorlax\n|faint|p1a: Sneasler\n|\n|-heal|p2b: Goodra|22\/100|[from] item: Leftovers\n|upkeep\n|\n|t:|1699202545\n|switch|p1a: Fezandipiti|Fezandipiti, M|100\/100\n|switch|p1b: Baxcalibur|Baxcalibur, F|100\/100\n|turn|7\n|inactive|dez45 has 120 seconds left.\n|\n|t:|1699202570\n|switch|p1a: Ursaluna|Ursaluna-Bloodmoon, M|100\/100\n|move|p1b: Baxcalibur|Earthquake|p2a: Snorlax|[spread] p1a,p2a,p2b\n|-supereffective|p2b: Goodra\n|-damage|p1a: Ursaluna|80\/100\n|-damage|p2a: Snorlax|0 fnt\n|-damage|p2b: Goodra|0 fnt\n|faint|p2a: Snorlax\n|faint|p2b: Goodra\n|\n|-heal|p1a: Ursaluna|86\/100|[from] item: Leftovers\n|upkeep\n|-message|dez45 forfeited.\n|\n|win|Deathbang\n|raw|Deathbang's rating: 1170 &rarr; <strong>1195<\/strong><br \/>(+25 for winning)\n|raw|dez45's rating: 1172 &rarr; <strong>1147<\/strong><br \/>(-25 for losing)\n|l|\u2606dez45\n","uploadtime":1699202583,"views":18,"p1id":"deathbang","p2id":"dez45","formatid":"gen9doublesou","rating":1147,"private":0,"password":""}