{"id":"gen9doublesou-1990704273","p1":"klimz","p2":"ArCKony","format":"[Gen 9] Doubles OU","log":"|j|\u2606klimz\n|j|\u203dArCKony\n|t:|1699993269\n|gametype|doubles\n|player|p1|klimz|roxie|1289\n|player|p2|ArCKony|flannery|1114\n|teamsize|p1|6\n|teamsize|p2|6\n|gen|9\n|tier|[Gen 9] Doubles OU\n|rated|\n|rule|Species Clause: Limit one of each Pok\u00e9mon\n|rule|OHKO Clause: OHKO moves are banned\n|rule|Evasion Moves Clause: Evasion moves are banned\n|rule|Gravity Sleep Clause: The combination of sleep-inducing moves with imperfect accuracy and Gravity or Gigantamax Orbeetle are banned\n|rule|Endless Battle Clause: Forcing endless battles is banned\n|rule|HP Percentage Mod: HP is shown in percentages\n|clearpoke\n|poke|p1|Ninetales-Alola, F|\n|poke|p1|Kommo-o, F|\n|poke|p1|Iron Hands|\n|poke|p1|Sinistcha|\n|poke|p1|Iron Bundle|\n|poke|p1|Arcanine, F|\n|poke|p2|Scovillain, M|\n|poke|p2|Talonflame, F|\n|poke|p2|Typhlosion, F|\n|poke|p2|Torkoal, M|\n|poke|p2|Chi-Yu|\n|poke|p2|Arcanine, M|\n|teampreview\n|\n|t:|1699993287\n|start\n|switch|p1a: \ud83e\udd76|Iron Bundle, shiny|100\/100\n|switch|p1b: asian cuisine|Arcanine, F, shiny|100\/100\n|switch|p2a: Torkoal|Torkoal, M|100\/100\n|switch|p2b: Talonflame|Talonflame, F|100\/100\n|-ability|p1b: asian cuisine|Intimidate|boost\n|-unboost|p2a: Torkoal|atk|1\n|-unboost|p2b: Talonflame|atk|1\n|-weather|SunnyDay|[from] ability: Drought|[of] p2a: Torkoal\n|turn|1\n|inactive|Battle timer is ON: inactive players will automatically lose when time's up. (requested by ArCKony)\n|inactive|ArCKony has 120 seconds left.\n|\n|t:|1699993319\n|switch|p2b: Chi-Yu|Chi-Yu|100\/100\n|-ability|p2b: Chi-Yu|Beads of Ruin\n|switch|p1b: white trash|Ninetales-Alola, F, shiny|100\/100\n|-weather|Snow|[from] ability: Snow Warning|[of] p1b: white trash\n|-terastallize|p2a: Torkoal|Fire\n|move|p1a: \ud83e\udd76|Aurora Veil|p1a: \ud83e\udd76\n|-sidestart|p1: klimz|move: Aurora Veil\n|move|p2a: Torkoal|Eruption|p1b: white trash|[spread] p1a,p1b\n|-crit|p1a: \ud83e\udd76\n|-supereffective|p1b: white trash\n|-damage|p1a: \ud83e\udd76|0 fnt\n|-damage|p1b: white trash|0 fnt\n|faint|p1a: \ud83e\udd76\n|-end|p1a: \ud83e\udd76|Quark Drive|[silent]\n|faint|p1b: white trash\n|\n|-weather|Snow|[upkeep]\n|upkeep\n|inactive|klimz has 120 seconds left.\n|\n|t:|1699993365\n|switch|p1a: \ud83d\udc7a|Kommo-o, F, shiny|100\/100\n|switch|p1b: Sin City|Sinistcha, shiny|100\/100\n|turn|2\n|inactive|klimz has 120 seconds left.\n|inactive|ArCKony has 120 seconds left.\n|\n|t:|1699993409\n|switch|p2a: Arcanine|Arcanine, M|100\/100\n|-ability|p2a: Arcanine|Intimidate|boost\n|-unboost|p1a: \ud83d\udc7a|atk|1\n|-unboost|p1b: Sin City|atk|1\n|-terastallize|p1b: Sin City|Water\n|move|p2b: Chi-Yu|Protect|p2b: Chi-Yu\n|-singleturn|p2b: Chi-Yu|Protect\n|move|p1a: \ud83d\udc7a|Drain Punch|p2b: Chi-Yu\n|-activate|p2b: Chi-Yu|move: Protect\n|move|p1b: Sin City|Scald|p2a: Arcanine\n|-supereffective|p2a: Arcanine\n|-damage|p2a: Arcanine|0 fnt\n|faint|p2a: Arcanine\n|\n|-weather|Snow|[upkeep]\n|upkeep\n|\n|t:|1699993424\n|switch|p2a: Torkoal|Torkoal, M, tera:Fire|100\/100\n|-weather|SunnyDay|[from] ability: Drought|[of] p2a: Torkoal\n|turn|3\n|inactive|klimz has 120 seconds left.\n|inactive|ArCKony has 120 seconds left.\n|\n|t:|1699993462\n|move|p2b: Chi-Yu|Dark Pulse|p1b: Sin City\n|-damage|p1b: Sin City|57\/100\n|move|p1a: \ud83d\udc7a|Clangorous Soul|p1a: \ud83d\udc7a\n|-boost|p1a: \ud83d\udc7a|atk|1\n|-boost|p1a: \ud83d\udc7a|def|1\n|-boost|p1a: \ud83d\udc7a|spa|1\n|-boost|p1a: \ud83d\udc7a|spd|1\n|-boost|p1a: \ud83d\udc7a|spe|1\n|-damage|p1a: \ud83d\udc7a|68\/100\n|-enditem|p1a: \ud83d\udc7a|Throat Spray\n|-boost|p1a: \ud83d\udc7a|spa|1|[from] item: Throat Spray\n|move|p1b: Sin City|Scald|p2a: Torkoal\n|-supereffective|p2a: Torkoal\n|-damage|p2a: Torkoal|35\/100\n|move|p2a: Torkoal|Eruption|p1a: \ud83d\udc7a|[spread] p1a,p1b\n|-resisted|p1a: \ud83d\udc7a\n|-resisted|p1b: Sin City\n|-damage|p1a: \ud83d\udc7a|59\/100\n|-damage|p1b: Sin City|38\/100\n|\n|-weather|SunnyDay|[upkeep]\n|upkeep\n|turn|4\n|inactive|klimz has 90 seconds left.\n|inactive|ArCKony has 120 seconds left.\n|\n|t:|1699993508\n|switch|p2b: Talonflame|Talonflame, F|100\/100\n|move|p2a: Torkoal|Protect|p2a: Torkoal\n|-singleturn|p2a: Torkoal|Protect\n|move|p1a: \ud83d\udc7a|Clanging Scales|p2b: Talonflame|[spread] p2b\n|-activate|p2a: Torkoal|move: Protect\n|-damage|p2b: Talonflame|0 fnt\n|faint|p2b: Talonflame\n|-unboost|p1a: \ud83d\udc7a|def|1\n|move|p1b: Sin City|Scald|p2a: Torkoal\n|-activate|p2a: Torkoal|move: Protect\n|\n|-weather|SunnyDay|[upkeep]\n|upkeep\n|\n|t:|1699993526\n|switch|p2b: Scovillain|Scovillain, M|100\/100\n|turn|5\n|\n|t:|1699993541\n|move|p2b: Scovillain|Will-O-Wisp|p1a: \ud83d\udc7a\n|-status|p1a: \ud83d\udc7a|brn\n|move|p1a: \ud83d\udc7a|Clanging Scales|p2a: Torkoal|[spread] p2a,p2b\n|-damage|p2a: Torkoal|0 fnt\n|-damage|p2b: Scovillain|0 fnt\n|faint|p2a: Torkoal\n|faint|p2b: Scovillain\n|-unboost|p1a: \ud83d\udc7a|def|1\n|move|p1b: Sin City|Scald|p2: Torkoal|[notarget]\n|-fail|p1b: Sin City\n|\n|-weather|SunnyDay|[upkeep]\n|-damage|p1a: \ud83d\udc7a|53\/100 brn|[from] brn\n|upkeep\n|inactive|ArCKony has 120 seconds left.\n|\n|t:|1699993554\n|switch|p2b: Chi-Yu|Chi-Yu|100\/100\n|switch|p2a: Typhlosion|Typhlosion, F|100\/100\n|-ability|p2b: Chi-Yu|Beads of Ruin\n|turn|6\n|inactive|klimz has 120 seconds left.\n|\n|t:|1699993572\n|move|p2b: Chi-Yu|Protect|p2b: Chi-Yu\n|-singleturn|p2b: Chi-Yu|Protect\n|move|p1b: Sin City|Rage Powder|p1b: Sin City\n|-singleturn|p1b: Sin City|move: Rage Powder\n|move|p2a: Typhlosion|Eruption|p1a: \ud83d\udc7a|[spread] p1a,p1b\n|-resisted|p1a: \ud83d\udc7a\n|-resisted|p1b: Sin City\n|-damage|p1a: \ud83d\udc7a|16\/100 brn\n|-damage|p1b: Sin City|0 fnt\n|faint|p1b: Sin City\n|move|p1a: \ud83d\udc7a|Clanging Scales|p2b: Chi-Yu|[spread] p2a\n|-activate|p2b: Chi-Yu|move: Protect\n|-damage|p2a: Typhlosion|0 fnt\n|faint|p2a: Typhlosion\n|-unboost|p1a: \ud83d\udc7a|def|1\n|\n|-weather|SunnyDay|[upkeep]\n|-damage|p1a: \ud83d\udc7a|10\/100 brn|[from] brn\n|upkeep\n|\n|t:|1699993593\n|switch|p1b: asian cuisine|Arcanine, F, shiny|100\/100\n|-ability|p1b: asian cuisine|Intimidate|boost\n|-unboost|p2b: Chi-Yu|atk|1\n|turn|7\n|\n|t:|1699993604\n|move|p2b: Chi-Yu|Lava Plume|p1b: asian cuisine|[spread] p1a,p1b\n|-resisted|p1a: \ud83d\udc7a\n|-resisted|p1b: asian cuisine\n|-damage|p1a: \ud83d\udc7a|0 fnt\n|-damage|p1b: asian cuisine|83\/100\n|faint|p1a: \ud83d\udc7a\n|move|p1b: asian cuisine|Close Combat|p2b: Chi-Yu\n|-supereffective|p2b: Chi-Yu\n|-enditem|p2b: Chi-Yu|Focus Sash\n|-damage|p2b: Chi-Yu|1\/100\n|-unboost|p1b: asian cuisine|def|1\n|-unboost|p1b: asian cuisine|spd|1\n|\n|-weather|SunnyDay|[upkeep]\n|upkeep\n|\n|t:|1699993616\n|switch|p1a: Good With Hands|Iron Hands, shiny|100\/100\n|turn|8\n|\n|t:|1699993624\n|move|p1a: Good With Hands|Fake Out|p2b: Chi-Yu\n|-damage|p2b: Chi-Yu|0 fnt\n|faint|p2b: Chi-Yu\n|\n|win|klimz\n|raw|klimz's rating: 1289 &rarr; <strong>1302<\/strong><br \/>(+13 for winning)\n|raw|ArCKony's rating: 1114 &rarr; <strong>1101<\/strong><br \/>(-13 for losing)\n|l|\u203dArCKony\n","uploadtime":1699993651,"views":12,"p1id":"klimz","p2id":"arckony","formatid":"gen9doublesou","rating":1101,"private":0,"password":""}