{"id":"gen9doublesou-1974858338","p1":"Thehombre","p2":"Lelovet","format":"[Gen 9] Doubles OU","log":"|j|\u2606Thehombre\n|j|\u2606Lelovet\n|t:|1698135881\n|gametype|doubles\n|player|p1|Thehombre|1|1112\n|player|p2|Lelovet|bellelba|1030\n|teamsize|p1|6\n|teamsize|p2|6\n|gen|9\n|tier|[Gen 9] Doubles OU\n|rated|\n|rule|Species Clause: Limit one of each Pok\u00e9mon\n|rule|OHKO Clause: OHKO moves are banned\n|rule|Evasion Moves Clause: Evasion moves are banned\n|rule|Gravity Sleep Clause: The combination of sleep-inducing moves with imperfect accuracy and Gravity or Gigantamax Orbeetle are banned\n|rule|Endless Battle Clause: Forcing endless battles is banned\n|rule|HP Percentage Mod: HP is shown in percentages\n|clearpoke\n|poke|p1|Fezandipiti, M|\n|poke|p1|Ninetales-Alola, F|\n|poke|p1|Infernape, M|\n|poke|p1|Umbreon, F|\n|poke|p1|Maushold-Four|\n|poke|p1|Great Tusk|\n|poke|p2|Crabominable, M|\n|poke|p2|Scovillain, F|\n|poke|p2|Chimecho, M|\n|poke|p2|Luvdisc, F|\n|poke|p2|Swalot, M|\n|poke|p2|Hypno, M|\n|teampreview\n|inactive|Battle timer is ON: inactive players will automatically lose when time's up. (requested by Thehombre)\n|\n|t:|1698135885\n|start\n|switch|p1a: Fezandipiti|Fezandipiti, M|100\/100\n|switch|p1b: Ninetales|Ninetales-Alola, F|100\/100\n|switch|p2a: Hypno|Hypno, M, shiny|100\/100\n|switch|p2b: Swalot|Swalot, M, shiny|100\/100\n|-weather|Snow|[from] ability: Snow Warning|[of] p1b: Ninetales\n|turn|1\n|\n|t:|1698135899\n|move|p1b: Ninetales|Blizzard|p2b: Swalot|[spread] p2a,p2b\n|-damage|p2a: Hypno|72\/100\n|-damage|p2b: Swalot|70\/100\n|move|p1a: Fezandipiti|Beat Up|p2a: Hypno\n|-supereffective|p2a: Hypno\n|-damage|p2a: Hypno|63\/100\n|-status|p2a: Hypno|tox|[from] ability: Toxic Chain|[of] p1a: Fezandipiti\n|-supereffective|p2a: Hypno\n|-damage|p2a: Hypno|55\/100 tox\n|-supereffective|p2a: Hypno\n|-damage|p2a: Hypno|44\/100 tox\n|-supereffective|p2a: Hypno\n|-damage|p2a: Hypno|36\/100 tox\n|-supereffective|p2a: Hypno\n|-damage|p2a: Hypno|28\/100 tox\n|-supereffective|p2a: Hypno\n|-damage|p2a: Hypno|15\/100 tox\n|-hitcount|p2a: Hypno|6\n|move|p2a: Hypno|Skill Swap|p1a: Fezandipiti\n|-activate|p2a: Hypno|move: Skill Swap|Toxic Chain|Inner Focus|[of] p1a: Fezandipiti\n|move|p2b: Swalot|Toxic|p1b: Ninetales\n|-status|p1b: Ninetales|tox\n|\n|-weather|Snow|[upkeep]\n|-heal|p2b: Swalot|77\/100|[from] item: Black Sludge\n|-damage|p1b: Ninetales|95\/100 tox|[from] psn\n|-damage|p2a: Hypno|9\/100 tox|[from] psn\n|upkeep\n|turn|2\n|\n|t:|1698135927\n|switch|p1a: Maushold|Maushold-Four|100\/100\n|move|p1b: Ninetales|Blizzard|p2a: Hypno|[spread] p2a,p2b\n|-damage|p2a: Hypno|0 fnt\n|-damage|p2b: Swalot|49\/100\n|faint|p2a: Hypno\n|move|p2b: Swalot|Body Press|p1b: Ninetales\n|-damage|p1b: Ninetales|71\/100 tox\n|\n|-weather|Snow|[upkeep]\n|-heal|p2b: Swalot|55\/100|[from] item: Black Sludge\n|-damage|p1b: Ninetales|59\/100 tox|[from] psn\n|upkeep\n|inactive|Lelovet has 120 seconds left.\n|\n|t:|1698135946\n|switch|p2a: Luvdisc|Luvdisc, F, shiny|100\/100\n|turn|3\n|inactive|Lelovet has 120 seconds left.\n|\n|t:|1698135992\n|switch|p1a: Fezandipiti|Fezandipiti, M|100\/100\n|move|p1b: Ninetales|Aurora Veil|p1b: Ninetales\n|-sidestart|p1: Thehombre|move: Aurora Veil\n|move|p2a: Luvdisc|Icy Wind|p1a: Fezandipiti|[spread] p1a,p1b\n|-resisted|p1b: Ninetales\n|-damage|p1a: Fezandipiti|98\/100\n|-damage|p1b: Ninetales|57\/100 tox\n|-unboost|p1a: Fezandipiti|spe|1\n|-unboost|p1b: Ninetales|spe|1\n|move|p2b: Swalot|Body Press|p1a: Fezandipiti\n|-resisted|p1a: Fezandipiti\n|-damage|p1a: Fezandipiti|93\/100\n|\n|-weather|Snow|[upkeep]\n|-heal|p1a: Fezandipiti|99\/100|[from] item: Leftovers\n|-heal|p2b: Swalot|61\/100|[from] item: Black Sludge\n|-damage|p1b: Ninetales|39\/100 tox|[from] psn\n|upkeep\n|turn|4\n|\n|t:|1698136020\n|switch|p1b: Infernape|Infernape, M|100\/100\n|move|p2a: Luvdisc|Sweet Kiss|p1a: Fezandipiti\n|-start|p1a: Fezandipiti|confusion\n|-activate|p1a: Fezandipiti|confusion\n|move|p1a: Fezandipiti|Beat Up|p2a: Luvdisc\n|-damage|p2a: Luvdisc|92\/100\n|-status|p2a: Luvdisc|tox|[from] ability: Toxic Chain|[of] p1a: Fezandipiti\n|-damage|p2a: Luvdisc|84\/100 tox\n|-damage|p2a: Luvdisc|77\/100 tox\n|-damage|p2a: Luvdisc|70\/100 tox\n|-damage|p2a: Luvdisc|60\/100 tox\n|-hitcount|p2a: Luvdisc|5\n|move|p2b: Swalot|Destiny Bond|p2b: Swalot\n|-singlemove|p2b: Swalot|Destiny Bond\n|\n|-weather|Snow|[upkeep]\n|-heal|p1a: Fezandipiti|100\/100|[from] item: Leftovers\n|-heal|p2b: Swalot|67\/100|[from] item: Black Sludge\n|-damage|p2a: Luvdisc|53\/100 tox|[from] psn\n|upkeep\n|turn|5\n|-message|Lelovet forfeited.\n|\n|win|Thehombre\n|raw|Thehombre's rating: 1112 &rarr; <strong>1131<\/strong><br \/>(+19 for winning)\n|raw|Lelovet's rating: 1030 &rarr; <strong>1019<\/strong><br \/>(-11 for losing)\n|l|\u2606Lelovet\n","uploadtime":1698136049,"views":12,"p1id":"thehombre","p2id":"lelovet","formatid":"gen9doublesou","rating":1019,"private":0,"password":""}