{"id":"gen9doublesou-1994031121","p1":"prassai","p2":"AquaHombre","format":"[Gen 9] Doubles OU","log":"|j|\u2606prassai\n|j|\u2606AquaHombre\n|t:|1700396758\n|gametype|doubles\n|player|p1|prassai|2|1227\n|player|p2|AquaHombre|crasherwake|1102\n|teamsize|p1|6\n|teamsize|p2|6\n|gen|9\n|tier|[Gen 9] Doubles OU\n|rated|\n|rule|Species Clause: Limit one of each Pok\u00e9mon\n|rule|OHKO Clause: OHKO moves are banned\n|rule|Evasion Moves Clause: Evasion moves are banned\n|rule|Gravity Sleep Clause: The combination of sleep-inducing moves with imperfect accuracy and Gravity or Gigantamax Orbeetle are banned\n|rule|Endless Battle Clause: Forcing endless battles is banned\n|rule|HP Percentage Mod: HP is shown in percentages\n|clearpoke\n|poke|p1|Regidrago|\n|poke|p1|Walking Wake|\n|poke|p1|Cresselia, F|\n|poke|p1|Skeledirge, M|\n|poke|p1|Murkrow, M|\n|poke|p1|Roaring Moon|\n|poke|p2|Tornadus, M|\n|poke|p2|Iron Hands|\n|poke|p2|Rillaboom, M|\n|poke|p2|Flutter Mane|\n|poke|p2|Ogerpon-Hearthflame, F|\n|poke|p2|Heatran, F|\n|teampreview\n|inactive|Battle timer is ON: inactive players will automatically lose when time's up. (requested by prassai)\n|\n|t:|1700396789\n|start\n|switch|p1a: Murkrow|Murkrow, M|100\/100\n|switch|p1b: Walking Wake|Walking Wake|100\/100\n|switch|p2a: Flutter Mane|Flutter Mane|100\/100\n|switch|p2b: Tornadus|Tornadus, M|100\/100\n|-enditem|p1b: Walking Wake|Booster Energy\n|-activate|p1b: Walking Wake|ability: Protosynthesis|[fromitem]\n|-start|p1b: Walking Wake|protosynthesisspa\n|turn|1\n|\n|t:|1700396809\n|-terastallize|p1b: Walking Wake|Water\n|move|p1a: Murkrow|Thunder Wave|p2a: Flutter Mane\n|-status|p2a: Flutter Mane|par\n|move|p2b: Tornadus|Tailwind|p2b: Tornadus\n|-sidestart|p2: AquaHombre|move: Tailwind\n|cant|p2a: Flutter Mane|par\n|move|p1b: Walking Wake|Surf|p2a: Flutter Mane|[spread] p1a,p2a,p2b\n|-enditem|p1a: Murkrow|Focus Sash\n|-damage|p1a: Murkrow|1\/100\n|-damage|p2a: Flutter Mane|43\/100 par\n|-damage|p2b: Tornadus|29\/100\n|\n|upkeep\n|turn|2\n|\n|t:|1700396818\n|move|p1a: Murkrow|Tailwind|p1a: Murkrow\n|-sidestart|p1: prassai|move: Tailwind\n|move|p2b: Tornadus|Bleakwind Storm|p1a: Murkrow|[spread] p1a,p1b\n|-crit|p1b: Walking Wake\n|-damage|p1a: Murkrow|0 fnt\n|-damage|p1b: Walking Wake|54\/100\n|faint|p1a: Murkrow\n|move|p1b: Walking Wake|Surf|p2a: Flutter Mane|[spread] p2a,p2b\n|-damage|p2a: Flutter Mane|0 fnt\n|-damage|p2b: Tornadus|0 fnt\n|faint|p2a: Flutter Mane\n|-end|p2a: Flutter Mane|Protosynthesis|[silent]\n|faint|p2b: Tornadus\n|\n|upkeep\n|\n|t:|1700396836\n|switch|p2a: Rillaboom|Rillaboom, M|100\/100\n|switch|p1a: Regidrago|Regidrago|100\/100\n|switch|p2b: Ogerpon|Ogerpon-Hearthflame, F|100\/100\n|-ability|p2b: Ogerpon|Mold Breaker\n|-fieldstart|move: Grassy Terrain|[from] ability: Grassy Surge|[of] p2a: Rillaboom\n|turn|3\n|\n|t:|1700396858\n|move|p2a: Rillaboom|Fake Out|p1a: Regidrago\n|-damage|p1a: Regidrago|88\/100\n|move|p2b: Ogerpon|Horn Leech|p1b: Walking Wake\n|-supereffective|p1b: Walking Wake\n|-damage|p1b: Walking Wake|0 fnt\n|faint|p1b: Walking Wake\n|-end|p1b: Walking Wake|Protosynthesis|[silent]\n|cant|p1a: Regidrago|flinch\n|\n|-heal|p1a: Regidrago|94\/100|[from] Grassy Terrain\n|upkeep\n|\n|t:|1700396873\n|switch|p1b: Cresselia|Cresselia, F|100\/100\n|turn|4\n|inactive|AquaHombre has 120 seconds left.\n|\n|t:|1700396913\n|move|p1a: Regidrago|Protect|p1a: Regidrago\n|-singleturn|p1a: Regidrago|Protect\n|move|p2b: Ogerpon|Substitute|p2b: Ogerpon\n|-start|p2b: Ogerpon|Substitute\n|-damage|p2b: Ogerpon|76\/100\n|move|p1b: Cresselia|Icy Wind|p2a: Rillaboom|[spread] p2a,p2b\n|-crit|p2b: Ogerpon\n|-activate|p2b: Ogerpon|move: Substitute|[damage]\n|-supereffective|p2a: Rillaboom\n|-crit|p2a: Rillaboom\n|-damage|p2a: Rillaboom|83\/100\n|-unboost|p2a: Rillaboom|spe|1\n|move|p2a: Rillaboom|U-turn|p1b: Cresselia\n|-supereffective|p1b: Cresselia\n|-damage|p1b: Cresselia|69\/100\n|\n|t:|1700396934\n|switch|p2a: Iron Hands|Iron Hands|100\/100|[from] U-turn\n|\n|-heal|p2b: Ogerpon|82\/100|[from] Grassy Terrain\n|-heal|p1b: Cresselia|75\/100|[from] item: Leftovers\n|-heal|p1a: Regidrago|99\/100|[from] Grassy Terrain\n|-sideend|p2: AquaHombre|move: Tailwind\n|upkeep\n|turn|5\n|\n|t:|1700396968\n|move|p2a: Iron Hands|Protect|p2a: Iron Hands\n|-singleturn|p2a: Iron Hands|Protect\n|move|p1b: Cresselia|Icy Wind|p2a: Iron Hands|[spread] p2b\n|-activate|p2a: Iron Hands|move: Protect\n|-activate|p2b: Ogerpon|move: Substitute|[damage]\n|move|p1a: Regidrago|Dragon Energy|p2a: Iron Hands|[spread] p2b\n|-activate|p2a: Iron Hands|move: Protect\n|-end|p2b: Ogerpon|Substitute\n|move|p2b: Ogerpon|Ivy Cudgel|p1b: Cresselia|[anim] Ivy Cudgel Fire\n|-damage|p1b: Cresselia|39\/100\n|\n|-heal|p1b: Cresselia|45\/100|[from] item: Leftovers\n|-heal|p1a: Regidrago|100\/100|[from] Grassy Terrain\n|-heal|p2b: Ogerpon|88\/100|[from] Grassy Terrain\n|-sideend|p1: prassai|move: Tailwind\n|upkeep\n|turn|6\n|inactive|AquaHombre has 120 seconds left.\n|\n|t:|1700396991\n|move|p2b: Ogerpon|Spiky Shield|p2b: Ogerpon\n|-singleturn|p2b: Ogerpon|move: Protect\n|move|p1b: Cresselia|Icy Wind|p2b: Ogerpon|[spread] \n|-activate|p2b: Ogerpon|move: Protect\n|-miss|p1b: Cresselia|p2a: Iron Hands\n|move|p1a: Regidrago|Dragon Energy|p2a: Iron Hands|[spread] p2a\n|-activate|p2b: Ogerpon|move: Protect\n|-damage|p2a: Iron Hands|40\/100\n|-enditem|p2a: Iron Hands|Sitrus Berry|[eat]\n|-heal|p2a: Iron Hands|65\/100|[from] item: Sitrus Berry\n|move|p2a: Iron Hands|Drain Punch|p1a: Regidrago\n|-crit|p1a: Regidrago\n|-damage|p1a: Regidrago|50\/100\n|-heal|p2a: Iron Hands|95\/100|[from] drain|[of] p1a: Regidrago\n|\n|-heal|p2b: Ogerpon|94\/100|[from] Grassy Terrain\n|-heal|p1b: Cresselia|52\/100|[from] item: Leftovers\n|-heal|p1a: Regidrago|56\/100|[from] Grassy Terrain\n|-heal|p2a: Iron Hands|100\/100|[from] Grassy Terrain\n|upkeep\n|turn|7\n|inactive|AquaHombre has 120 seconds left.\n|\n|t:|1700397009\n|move|p2b: Ogerpon|Ivy Cudgel|p1b: Cresselia|[anim] Ivy Cudgel Fire\n|-damage|p1b: Cresselia|16\/100\n|move|p1b: Cresselia|Icy Wind|p2b: Ogerpon|[spread] p2a,p2b\n|-damage|p2a: Iron Hands|95\/100\n|-damage|p2b: Ogerpon|84\/100\n|-unboost|p2a: Iron Hands|spe|1\n|-unboost|p2b: Ogerpon|spe|1\n|move|p1a: Regidrago|Dragon Energy|p2b: Ogerpon|[spread] p2a,p2b\n|-damage|p2a: Iron Hands|62\/100\n|-damage|p2b: Ogerpon|35\/100\n|move|p2a: Iron Hands|Drain Punch|p1a: Regidrago\n|-damage|p1a: Regidrago|17\/100\n|-heal|p2a: Iron Hands|85\/100|[from] drain|[of] p1a: Regidrago\n|\n|-heal|p2b: Ogerpon|41\/100|[from] Grassy Terrain\n|-heal|p1b: Cresselia|22\/100|[from] item: Leftovers\n|-heal|p1a: Regidrago|23\/100|[from] Grassy Terrain\n|-heal|p2a: Iron Hands|91\/100|[from] Grassy Terrain\n|-fieldend|move: Grassy Terrain\n|upkeep\n|turn|8\n|inactive|AquaHombre has 120 seconds left.\n|inactive|prassai has 120 seconds left.\n|\n|t:|1700397060\n|switch|p2b: Heatran|Heatran, F|100\/100\n|-end|p2a: Iron Hands|Quark Drive|[silent]\n|switch|p2a: Rillaboom|Rillaboom, M|83\/100\n|-fieldstart|move: Grassy Terrain|[from] ability: Grassy Surge|[of] p2a: Rillaboom\n|move|p1a: Regidrago|Protect|p1a: Regidrago\n|-singleturn|p1a: Regidrago|Protect\n|move|p1b: Cresselia|Icy Wind|p2a: Rillaboom|[spread] p2a,p2b\n|-supereffective|p2a: Rillaboom\n|-crit|p2a: Rillaboom\n|-resisted|p2b: Heatran\n|-damage|p2a: Rillaboom|62\/100\n|-damage|p2b: Heatran|99\/100\n|-unboost|p2a: Rillaboom|spe|1\n|-unboost|p2b: Heatran|spe|1\n|\n|-heal|p1b: Cresselia|28\/100|[from] item: Leftovers\n|-heal|p1a: Regidrago|30\/100|[from] Grassy Terrain\n|-heal|p2b: Heatran|100\/100|[from] Grassy Terrain\n|-heal|p2a: Rillaboom|69\/100|[from] Grassy Terrain\n|upkeep\n|turn|9\n|inactive|AquaHombre has 120 seconds left.\n|\n|t:|1700397076\n|move|p2a: Rillaboom|Grassy Glide|p1a: Regidrago\n|-resisted|p1a: Regidrago\n|-damage|p1a: Regidrago|13\/100\n|move|p1b: Cresselia|Lunar Blessing|p1b: Cresselia|[spread] p1a,p1b\n|-heal|p1a: Regidrago|37\/100\n|-heal|p1b: Cresselia|53\/100\n|move|p1a: Regidrago|Earth Power|p2b: Heatran\n|-supereffective|p2b: Heatran\n|-damage|p2b: Heatran|34\/100\n|move|p2b: Heatran|Flash Cannon|p1b: Cresselia\n|-damage|p1b: Cresselia|24\/100\n|\n|-heal|p1b: Cresselia|30\/100|[from] item: Leftovers\n|-heal|p1a: Regidrago|44\/100|[from] Grassy Terrain\n|-heal|p2b: Heatran|40\/100|[from] Grassy Terrain\n|-heal|p2a: Rillaboom|75\/100|[from] Grassy Terrain\n|upkeep\n|turn|10\n|\n|t:|1700397091\n|switch|p2b: Ogerpon|Ogerpon-Hearthflame, F|41\/100\n|-ability|p2b: Ogerpon|Mold Breaker\n|move|p1b: Cresselia|Lunar Blessing|p1b: Cresselia|[spread] p1a,p1b\n|-heal|p1a: Regidrago|69\/100\n|-heal|p1b: Cresselia|55\/100\n|move|p1a: Regidrago|Earth Power|p2b: Ogerpon\n|-damage|p2b: Ogerpon|7\/100\n|move|p2a: Rillaboom|U-turn|p1b: Cresselia\n|-supereffective|p1b: Cresselia\n|-damage|p1b: Cresselia|24\/100\n|\n|t:|1700397098\n|switch|p2a: Iron Hands|Iron Hands|91\/100|[from] U-turn\n|\n|-heal|p2b: Ogerpon|13\/100|[from] Grassy Terrain\n|-heal|p1b: Cresselia|30\/100|[from] item: Leftovers\n|-heal|p1a: Regidrago|75\/100|[from] Grassy Terrain\n|-heal|p2a: Iron Hands|97\/100|[from] Grassy Terrain\n|upkeep\n|turn|11\n|\n|t:|1700397110\n|move|p1a: Regidrago|Protect|p1a: Regidrago\n|-singleturn|p1a: Regidrago|Protect\n|move|p2b: Ogerpon|Ivy Cudgel|p1b: Cresselia|[anim] Ivy Cudgel Fire\n|-damage|p1b: Cresselia|0 fnt\n|faint|p1b: Cresselia\n|move|p2a: Iron Hands|Swords Dance|p2a: Iron Hands\n|-boost|p2a: Iron Hands|atk|2\n|\n|-heal|p2b: Ogerpon|19\/100|[from] Grassy Terrain\n|-heal|p1a: Regidrago|81\/100|[from] Grassy Terrain\n|-heal|p2a: Iron Hands|100\/100|[from] Grassy Terrain\n|upkeep\n|\n|t:|1700397117\n|switch|p1b: Roaring Moon|Roaring Moon|100\/100\n|-enditem|p1b: Roaring Moon|Booster Energy\n|-activate|p1b: Roaring Moon|ability: Protosynthesis|[fromitem]\n|-start|p1b: Roaring Moon|protosynthesisatk\n|turn|12\n|inactive|AquaHombre has 120 seconds left.\n|\n|t:|1700397152\n|move|p1a: Regidrago|Protect|p1a: Regidrago\n|-singleturn|p1a: Regidrago|Protect\n|move|p1b: Roaring Moon|Tailwind|p1b: Roaring Moon\n|-sidestart|p1: prassai|move: Tailwind\n|move|p2b: Ogerpon|Horn Leech|p1a: Regidrago\n|-activate|p1a: Regidrago|move: Protect\n|move|p2a: Iron Hands|Drain Punch|p1b: Roaring Moon\n|-supereffective|p1b: Roaring Moon\n|-damage|p1b: Roaring Moon|0 fnt\n|faint|p1b: Roaring Moon\n|-end|p1b: Roaring Moon|Protosynthesis|[silent]\n|\n|-heal|p1a: Regidrago|87\/100|[from] Grassy Terrain\n|-heal|p2b: Ogerpon|25\/100|[from] Grassy Terrain\n|-fieldend|move: Grassy Terrain\n|upkeep\n|\n|t:|1700397155\n|switch|p1b: Skeledirge|Skeledirge, M|100\/100\n|turn|13\n|\n|t:|1700397170\n|move|p1a: Regidrago|Dragon Energy|p2a: Iron Hands|[spread] p2a,p2b\n|-crit|p2b: Ogerpon\n|-damage|p2a: Iron Hands|45\/100\n|-damage|p2b: Ogerpon|0 fnt\n|faint|p2b: Ogerpon\n|move|p1b: Skeledirge|Substitute|p1b: Skeledirge\n|-start|p1b: Skeledirge|Substitute\n|-damage|p1b: Skeledirge|75\/100\n|move|p2a: Iron Hands|Drain Punch|p1a: Regidrago\n|-damage|p1a: Regidrago|13\/100\n|-heal|p2a: Iron Hands|89\/100|[from] drain|[of] p1a: Regidrago\n|\n|upkeep\n|\n|t:|1700397186\n|switch|p2b: Rillaboom|Rillaboom, M|75\/100\n|-fieldstart|move: Grassy Terrain|[from] ability: Grassy Surge|[of] p2b: Rillaboom\n|turn|14\n|\n|t:|1700397198\n|move|p1a: Regidrago|Protect|p1a: Regidrago\n|-singleturn|p1a: Regidrago|Protect\n|move|p2b: Rillaboom|Grassy Glide|p1a: Regidrago\n|-activate|p1a: Regidrago|move: Protect\n|move|p1b: Skeledirge|Torch Song|p2b: Rillaboom\n|-supereffective|p2b: Rillaboom\n|-damage|p2b: Rillaboom|22\/100\n|-boost|p1b: Skeledirge|spa|1\n|-heal|p1b: Skeledirge|83\/100|[from] item: Shell Bell|[of] p2b: Rillaboom\n|move|p2a: Iron Hands|Fire Punch|p1b: Skeledirge\n|-resisted|p1b: Skeledirge\n|-activate|p1b: Skeledirge|move: Substitute|[damage]\n|\n|-heal|p1a: Regidrago|20\/100|[from] Grassy Terrain\n|-heal|p1b: Skeledirge|89\/100|[from] Grassy Terrain\n|-heal|p2b: Rillaboom|28\/100|[from] Grassy Terrain\n|-heal|p2a: Iron Hands|95\/100|[from] Grassy Terrain\n|upkeep\n|turn|15\n|\n|t:|1700397210\n|move|p1a: Regidrago|Earth Power|p2a: Iron Hands\n|-supereffective|p2a: Iron Hands\n|-damage|p2a: Iron Hands|48\/100\n|move|p1b: Skeledirge|Torch Song|p2b: Rillaboom\n|-supereffective|p2b: Rillaboom\n|-damage|p2b: Rillaboom|0 fnt\n|-boost|p1b: Skeledirge|spa|1\n|faint|p2b: Rillaboom\n|-heal|p1b: Skeledirge|93\/100|[from] item: Shell Bell|[of] p2: Rillaboom\n|move|p2a: Iron Hands|Drain Punch|p1a: Regidrago\n|-damage|p1a: Regidrago|0 fnt\n|-heal|p2a: Iron Hands|59\/100|[from] drain|[of] p1a: Regidrago\n|faint|p1a: Regidrago\n|\n|-heal|p1b: Skeledirge|99\/100|[from] Grassy Terrain\n|-heal|p2a: Iron Hands|65\/100|[from] Grassy Terrain\n|-sideend|p1: prassai|move: Tailwind\n|upkeep\n|\n|t:|1700397214\n|switch|p2b: Heatran|Heatran, F|40\/100\n|turn|16\n|inactive|AquaHombre has 120 seconds left.\n|\n|t:|1700397257\n|-terastallize|p2b: Heatran|Fairy\n|move|p2b: Heatran|Earth Power|p1b: Skeledirge\n|-supereffective|p1b: Skeledirge\n|-end|p1b: Skeledirge|Substitute\n|move|p2a: Iron Hands|Fire Punch|p1b: Skeledirge\n|-resisted|p1b: Skeledirge\n|-damage|p1b: Skeledirge|87\/100\n|move|p1b: Skeledirge|Torch Song|p2a: Iron Hands\n|-damage|p2a: Iron Hands|12\/100\n|-boost|p1b: Skeledirge|spa|1\n|-heal|p1b: Skeledirge|95\/100|[from] item: Shell Bell|[of] p2a: Iron Hands\n|\n|-heal|p2b: Heatran|46\/100|[from] Grassy Terrain\n|-heal|p2a: Iron Hands|18\/100|[from] Grassy Terrain\n|-heal|p1b: Skeledirge|100\/100|[from] Grassy Terrain\n|upkeep\n|turn|17\n|\n|t:|1700397266\n|move|p2b: Heatran|Earth Power|p1b: Skeledirge\n|-supereffective|p1b: Skeledirge\n|-damage|p1b: Skeledirge|49\/100\n|move|p2a: Iron Hands|Fire Punch|p1b: Skeledirge\n|-resisted|p1b: Skeledirge\n|-damage|p1b: Skeledirge|39\/100\n|move|p1b: Skeledirge|Torch Song|p2b: Heatran\n|-start|p2b: Heatran|ability: Flash Fire\n|\n|-heal|p2b: Heatran|52\/100|[from] Grassy Terrain\n|-heal|p2a: Iron Hands|25\/100|[from] Grassy Terrain\n|-heal|p1b: Skeledirge|45\/100|[from] Grassy Terrain\n|upkeep\n|turn|18\n|\n|t:|1700397273\n|move|p2b: Heatran|Earth Power|p1b: Skeledirge\n|-supereffective|p1b: Skeledirge\n|-damage|p1b: Skeledirge|0 fnt\n|faint|p1b: Skeledirge\n|\n|win|AquaHombre\n|raw|prassai's rating: 1227 &rarr; <strong>1193<\/strong><br \/>(-34 for losing)\n|raw|AquaHombre's rating: 1102 &rarr; <strong>1136<\/strong><br \/>(+34 for winning)\n","uploadtime":1700397279,"views":7,"p1id":"prassai","p2id":"aquahombre","formatid":"gen9doublesou","rating":1136,"private":0,"password":""}