{"id":"gen9doublesou-1995679473","p1":"DarwinNarwhal","p2":"dropthemike","format":"[Gen 9] Doubles OU","log":"|j|\u2606DarwinNarwhal\n|j|\u2606dropthemike\n|t:|1700593309\n|gametype|doubles\n|player|p1|DarwinNarwhal|backersf|1146\n|player|p2|dropthemike|roxie|1074\n|teamsize|p1|6\n|teamsize|p2|6\n|gen|9\n|tier|[Gen 9] Doubles OU\n|rated|\n|rule|Species Clause: Limit one of each Pok\u00e9mon\n|rule|OHKO Clause: OHKO moves are banned\n|rule|Evasion Moves Clause: Evasion moves are banned\n|rule|Gravity Sleep Clause: The combination of sleep-inducing moves with imperfect accuracy and Gravity or Gigantamax Orbeetle are banned\n|rule|Endless Battle Clause: Forcing endless battles is banned\n|rule|HP Percentage Mod: HP is shown in percentages\n|clearpoke\n|poke|p1|Dragonite, M|\n|poke|p1|Dragapult, F|\n|poke|p1|Ribombee, F|\n|poke|p1|Arcanine, F|\n|poke|p1|Glimmora, M|\n|poke|p1|Palafin, F|\n|poke|p2|Skeledirge, F|\n|poke|p2|Diancie|\n|poke|p2|Noivern, M|\n|poke|p2|Regieleki|\n|poke|p2|Samurott, M|\n|poke|p2|Chesnaught, F|\n|teampreview\n|inactive|Battle timer is ON: inactive players will automatically lose when time's up. (requested by dropthemike)\n|\n|t:|1700593346\n|start\n|switch|p1a: Palafin|Palafin, F|100\/100\n|switch|p1b: Ribombee|Ribombee, F|100\/100\n|switch|p2a: Skeledirge|Skeledirge, F|100\/100\n|switch|p2b: Chesnaught|Chesnaught, F|100\/100\n|turn|1\n|\n|t:|1700593358\n|move|p1b: Ribombee|Tailwind|p1b: Ribombee\n|-sidestart|p1: DarwinNarwhal|move: Tailwind\n|move|p1a: Palafin|Flip Turn|p2a: Skeledirge\n|-supereffective|p2a: Skeledirge\n|-damage|p2a: Skeledirge|54\/100\n|-damage|p1a: Palafin|91\/100|[from] item: Life Orb\n|\n|t:|1700593364\n|detailschange|p1a: Palafin|Palafin-Hero, F\n|switch|p1a: Dragonite|Dragonite, M|100\/100|[from] Flip Turn\n|move|p2a: Skeledirge|Fire Pledge|p1b: Ribombee\n|-waiting|p2a: Skeledirge|p2b: Chesnaught\n|move|p2b: Chesnaught|Grass Pledge|p1b: Ribombee|[from]move: Fire Pledge\n|-combine\n|-supereffective|p1b: Ribombee\n|-damage|p1b: Ribombee|2\/100\n|-sidestart|p1: DarwinNarwhal|Fire Pledge\n|\n|-damage|p1b: Ribombee|0 fnt|[from] Fire Pledge\n|faint|p1b: Ribombee\n|-damage|p1a: Dragonite|88\/100|[from] Fire Pledge\n|upkeep\n|\n|t:|1700593376\n|switch|p1b: Glimmora|Glimmora, M|100\/100\n|turn|2\n|\n|t:|1700593386\n|move|p1b: Glimmora|Mortal Spin|p2b: Chesnaught|[spread] p2a,p2b\n|-resisted|p2a: Skeledirge\n|-supereffective|p2b: Chesnaught\n|-damage|p2a: Skeledirge|53\/100\n|-damage|p2b: Chesnaught|96\/100\n|-status|p2a: Skeledirge|psn\n|-status|p2b: Chesnaught|psn\n|move|p1a: Dragonite|Air Slash|p2b: Chesnaught\n|-supereffective|p2b: Chesnaught\n|-damage|p2b: Chesnaught|0 fnt\n|faint|p2b: Chesnaught\n|move|p2a: Skeledirge|Torch Song|p1a: Dragonite\n|-resisted|p1a: Dragonite\n|-damage|p1a: Dragonite|66\/100\n|-boost|p2a: Skeledirge|spa|1\n|-enditem|p1a: Dragonite|Mirror Herb\n|-boost|p1a: Dragonite|spa|1|[from] item: Mirror Herb\n|\n|-damage|p1b: Glimmora|88\/100|[from] Fire Pledge\n|-heal|p1b: Glimmora|94\/100|[from] item: Leftovers\n|-damage|p1a: Dragonite|53\/100|[from] Fire Pledge\n|-damage|p2a: Skeledirge|40\/100 psn|[from] psn\n|upkeep\n|\n|t:|1700593406\n|switch|p2b: Samurott|Samurott, M|100\/100\n|turn|3\n|\n|t:|1700593418\n|move|p1a: Dragonite|Extreme Speed|p2a: Skeledirge\n|-immune|p2a: Skeledirge\n|move|p1b: Glimmora|Mortal Spin|p2a: Skeledirge|[spread] p2a,p2b\n|-resisted|p2a: Skeledirge\n|-damage|p2a: Skeledirge|38\/100 psn\n|-damage|p2b: Samurott|96\/100\n|-status|p2b: Samurott|psn\n|move|p2b: Samurott|Water Pledge|p1b: Glimmora\n|-waiting|p2b: Samurott|p2a: Skeledirge\n|move|p2a: Skeledirge|Fire Pledge|p1b: Glimmora|[from]move: Water Pledge\n|-combine\n|-supereffective|p1b: Glimmora\n|-damage|p1b: Glimmora|0 fnt\n|-sidestart|p2: dropthemike|Water Pledge\n|faint|p1b: Glimmora\n|\n|-damage|p1a: Dragonite|41\/100|[from] Fire Pledge\n|-damage|p2b: Samurott|84\/100 psn|[from] psn\n|-damage|p2a: Skeledirge|26\/100 psn|[from] psn\n|upkeep\n|\n|t:|1700593425\n|switch|p1b: Palafin|Palafin-Hero, F|91\/100\n|-activate|p1b: Palafin|ability: Zero to Hero\n|turn|4\n|\n|t:|1700593442\n|move|p1a: Dragonite|Extreme Speed|p2b: Samurott\n|-damage|p2b: Samurott|63\/100 psn\n|move|p1b: Palafin|Waterfall|p2a: Skeledirge\n|-supereffective|p2a: Skeledirge\n|-damage|p2a: Skeledirge|0 fnt\n|faint|p2a: Skeledirge\n|-damage|p1b: Palafin|81\/100|[from] item: Life Orb\n|move|p2b: Samurott|Water Pulse|p1b: Palafin\n|-resisted|p1b: Palafin\n|-damage|p1b: Palafin|64\/100\n|-start|p1b: Palafin|confusion\n|\n|-damage|p1b: Palafin|52\/100|[from] Fire Pledge\n|-damage|p1a: Dragonite|29\/100|[from] Fire Pledge\n|-damage|p2b: Samurott|51\/100 psn|[from] psn\n|-sideend|p1: DarwinNarwhal|move: Tailwind\n|-sideend|p1: DarwinNarwhal|Fire Pledge\n|upkeep\n|\n|t:|1700593456\n|switch|p2a: Diancie|Diancie|100\/100\n|turn|5\n|\n|t:|1700593469\n|-activate|p1b: Palafin|confusion\n|move|p1b: Palafin|Waterfall|p2a: Diancie\n|-supereffective|p2a: Diancie\n|-damage|p2a: Diancie|0 fnt\n|faint|p2a: Diancie\n|-damage|p1b: Palafin|42\/100|[from] item: Life Orb\n|move|p1a: Dragonite|Draco Meteor|p2b: Samurott\n|-damage|p2b: Samurott|0 fnt\n|-unboost|p1a: Dragonite|spa|2\n|faint|p2b: Samurott\n|\n|upkeep\n|\n|t:|1700593480\n|switch|p2a: Noivern|Noivern, M|100\/100\n|switch|p2b: Regieleki|Regieleki|100\/100\n|turn|6\n|\n|t:|1700593497\n|-terastallize|p2b: Regieleki|Electric\n|move|p1a: Dragonite|Extreme Speed|p2b: Regieleki\n|-damage|p2b: Regieleki|62\/100\n|move|p2b: Regieleki|Electro Ball|p1b: Palafin\n|-supereffective|p1b: Palafin\n|-damage|p1b: Palafin|0 fnt\n|faint|p1b: Palafin\n|move|p2a: Noivern|Dragon Pulse|p1a: Dragonite\n|-supereffective|p1a: Dragonite\n|-damage|p1a: Dragonite|0 fnt\n|faint|p1a: Dragonite\n|\n|-sideend|p2: dropthemike|Water Pledge\n|upkeep\n|\n|t:|1700593503\n|switch|p1b: Arcanine|Arcanine, F|100\/100\n|switch|p1a: Dragapult|Dragapult, F|100\/100\n|-ability|p1b: Arcanine|Intimidate|boost\n|-unboost|p2a: Noivern|atk|1\n|-unboost|p2b: Regieleki|atk|1\n|turn|7\n|\n|t:|1700593527\n|move|p1b: Arcanine|Extreme Speed|p2b: Regieleki\n|-damage|p2b: Regieleki|13\/100\n|move|p2b: Regieleki|Electro Ball|p1b: Arcanine\n|-crit|p1b: Arcanine\n|-damage|p1b: Arcanine|19\/100\n|move|p1a: Dragapult|Draco Meteor|p2b: Regieleki\n|-crit|p2b: Regieleki\n|-damage|p2b: Regieleki|0 fnt\n|-unboost|p1a: Dragapult|spa|2\n|faint|p2b: Regieleki\n|move|p2a: Noivern|Tailwind|p2a: Noivern\n|-sidestart|p2: dropthemike|move: Tailwind\n|\n|upkeep\n|turn|8\n|\n|t:|1700593542\n|move|p1b: Arcanine|Extreme Speed|p2a: Noivern\n|-damage|p2a: Noivern|70\/100\n|move|p2a: Noivern|Dragon Pulse|p1a: Dragapult\n|-supereffective|p1a: Dragapult\n|-damage|p1a: Dragapult|0 fnt\n|faint|p1a: Dragapult\n|\n|-heal|p2a: Noivern|76\/100|[from] item: Leftovers\n|upkeep\n|turn|9\n|-message|DarwinNarwhal forfeited.\n|\n|win|dropthemike\n|raw|DarwinNarwhal's rating: 1146 &rarr; <strong>1116<\/strong><br \/>(-30 for losing)\n|raw|dropthemike's rating: 1074 &rarr; <strong>1109<\/strong><br \/>(+35 for winning)\n|l|\u2606DarwinNarwhal\n|c|\u2606dropthemike|gg\n","uploadtime":1700593560,"views":4,"p1id":"darwinnarwhal","p2id":"dropthemike","formatid":"gen9doublesou","rating":1109,"private":0,"password":""}