{"id":"gen9doublesou-1985747239","p1":"Thehombre","p2":"Silverrey","format":"[Gen 9] Doubles OU","log":"|j|\u2606Thehombre\n|j|\u2606Silverrey\n|t:|1699401948\n|gametype|doubles\n|player|p1|Thehombre|170|1242\n|player|p2|Silverrey|acetrainer-gen4|1237\n|teamsize|p1|6\n|teamsize|p2|6\n|gen|9\n|tier|[Gen 9] Doubles OU\n|rated|\n|rule|Species Clause: Limit one of each Pok\u00e9mon\n|rule|OHKO Clause: OHKO moves are banned\n|rule|Evasion Moves Clause: Evasion moves are banned\n|rule|Gravity Sleep Clause: The combination of sleep-inducing moves with imperfect accuracy and Gravity or Gigantamax Orbeetle are banned\n|rule|Endless Battle Clause: Forcing endless battles is banned\n|rule|HP Percentage Mod: HP is shown in percentages\n|clearpoke\n|poke|p1|Copperajah, M|\n|poke|p1|Bronzong|\n|poke|p1|Armarouge, F|\n|poke|p1|Torkoal, M|\n|poke|p1|Dipplin, M|\n|poke|p1|Great Tusk|\n|poke|p2|Wo-Chien|\n|poke|p2|Farigiraf, M|\n|poke|p2|Typhlosion-Hisui, M|\n|poke|p2|Samurott-Hisui, M|\n|poke|p2|Quagsire, M|\n|poke|p2|Murkrow, M|\n|teampreview\n|inactive|Battle timer is ON: inactive players will automatically lose when time's up. (requested by Silverrey)\n|\n|t:|1699401969\n|start\n|switch|p1a: Bronzong|Bronzong|100\/100\n|switch|p1b: Copperajah|Copperajah, M|100\/100\n|switch|p2a: Quagsire|Quagsire, M|100\/100\n|switch|p2b: Wo-Chien|Wo-Chien|100\/100\n|-ability|p2b: Wo-Chien|Tablets of Ruin\n|turn|1\n|\n|t:|1699401980\n|move|p2b: Wo-Chien|Leech Seed|p1a: Bronzong\n|-start|p1a: Bronzong|move: Leech Seed\n|move|p2a: Quagsire|Stealth Rock|p1a: Bronzong\n|-sidestart|p1: Thehombre|move: Stealth Rock\n|move|p1b: Copperajah|Curse|p1b: Copperajah\n|-unboost|p1b: Copperajah|spe|1\n|-boost|p1b: Copperajah|atk|1\n|-boost|p1b: Copperajah|def|1\n|move|p1a: Bronzong|Iron Defense|p1a: Bronzong\n|-boost|p1a: Bronzong|def|2\n|\n|-damage|p1a: Bronzong|88\/100|[from] Leech Seed|[of] p2b: Wo-Chien\n|upkeep\n|turn|2\n|\n|t:|1699401996\n|switch|p2a: Samurott|Samurott-Hisui, M|100\/100\n|move|p2b: Wo-Chien|Leech Seed|p1b: Copperajah\n|-start|p1b: Copperajah|move: Leech Seed\n|move|p1b: Copperajah|Curse|p1b: Copperajah\n|-unboost|p1b: Copperajah|spe|1\n|-boost|p1b: Copperajah|atk|1\n|-boost|p1b: Copperajah|def|1\n|move|p1a: Bronzong|Trick Room|p1a: Bronzong\n|-fieldstart|move: Trick Room|[of] p1a: Bronzong\n|\n|-heal|p1a: Bronzong|94\/100|[from] item: Leftovers\n|-damage|p1b: Copperajah|88\/100|[from] Leech Seed|[of] p2b: Wo-Chien\n|-damage|p1a: Bronzong|82\/100|[from] Leech Seed|[of] p2b: Wo-Chien\n|upkeep\n|turn|3\n|\n|t:|1699402008\n|switch|p2b: Typhlosion|Typhlosion-Hisui, M|100\/100\n|-item|p1a: Bronzong|Leftovers|[from] ability: Frisk|[of] p2b: Typhlosion|[identify]\n|-item|p1b: Copperajah|Leftovers|[from] ability: Frisk|[of] p2b: Typhlosion|[identify]\n|move|p1b: Copperajah|Heat Crash|p2b: Typhlosion\n|-resisted|p2b: Typhlosion\n|-damage|p2b: Typhlosion|28\/100\n|move|p1a: Bronzong|Body Press|p2a: Samurott\n|-supereffective|p2a: Samurott\n|-damage|p2a: Samurott|0 fnt\n|faint|p2a: Samurott\n|\n|-heal|p1b: Copperajah|94\/100|[from] item: Leftovers\n|-heal|p1a: Bronzong|88\/100|[from] item: Leftovers\n|-damage|p1b: Copperajah|82\/100|[from] Leech Seed|[of] p2b: Typhlosion\n|-heal|p2b: Typhlosion|48\/100|[silent]\n|-damage|p1a: Bronzong|76\/100|[from] Leech Seed|[of] p2b: Typhlosion\n|-heal|p2b: Typhlosion|63\/100|[silent]\n|upkeep\n|\n|t:|1699402026\n|switch|p2a: Wo-Chien|Wo-Chien|100\/100\n|-ability|p2a: Wo-Chien|Tablets of Ruin\n|turn|4\n|\n|t:|1699402035\n|switch|p2b: Quagsire|Quagsire, M|100\/100\n|move|p1b: Copperajah|Heat Crash|p2b: Quagsire\n|-resisted|p2b: Quagsire\n|-damage|p2b: Quagsire|89\/100\n|move|p1a: Bronzong|Body Press|p2a: Wo-Chien\n|-supereffective|p2a: Wo-Chien\n|-damage|p2a: Wo-Chien|39\/100\n|move|p2a: Wo-Chien|Body Press|p1b: Copperajah\n|-supereffective|p1b: Copperajah\n|-damage|p1b: Copperajah|62\/100\n|\n|-heal|p1b: Copperajah|68\/100|[from] item: Leftovers\n|-heal|p1a: Bronzong|82\/100|[from] item: Leftovers\n|-heal|p2b: Quagsire|95\/100|[from] item: Leftovers\n|-heal|p2a: Wo-Chien|46\/100|[from] item: Leftovers\n|-damage|p1b: Copperajah|55\/100|[from] Leech Seed|[of] p2b: Quagsire\n|-heal|p2b: Quagsire|100\/100|[silent]\n|-damage|p1a: Bronzong|69\/100|[from] Leech Seed|[of] p2b: Quagsire\n|upkeep\n|turn|5\n|\n|t:|1699402063\n|switch|p2a: Typhlosion|Typhlosion-Hisui, M|63\/100\n|-item|p1a: Bronzong|Leftovers|[from] ability: Frisk|[of] p2a: Typhlosion|[identify]\n|-item|p1b: Copperajah|Leftovers|[from] ability: Frisk|[of] p2a: Typhlosion|[identify]\n|move|p1b: Copperajah|Heavy Slam|p2a: Typhlosion\n|-resisted|p2a: Typhlosion\n|-damage|p2a: Typhlosion|0 fnt\n|faint|p2a: Typhlosion\n|move|p1a: Bronzong|Body Press|p2b: Quagsire\n|-damage|p2b: Quagsire|85\/100\n|move|p2b: Quagsire|Recover|p2b: Quagsire\n|-heal|p2b: Quagsire|100\/100\n|\n|-heal|p1b: Copperajah|62\/100|[from] item: Leftovers\n|-heal|p1a: Bronzong|76\/100|[from] item: Leftovers\n|-damage|p1b: Copperajah|49\/100|[from] Leech Seed|[of] p2b: Quagsire\n|-damage|p1a: Bronzong|63\/100|[from] Leech Seed|[of] p2b: Quagsire\n|upkeep\n|inactive|Silverrey has 120 seconds left.\n|\n|t:|1699402083\n|switch|p2a: Murkrow|Murkrow, M|100\/100\n|turn|6\n|\n|t:|1699402093\n|switch|p2b: Wo-Chien|Wo-Chien|46\/100\n|-ability|p2b: Wo-Chien|Tablets of Ruin\n|move|p1b: Copperajah|Heavy Slam|p2a: Murkrow\n|-enditem|p2a: Murkrow|Focus Sash\n|-damage|p2a: Murkrow|1\/100\n|move|p1a: Bronzong|Iron Defense|p1a: Bronzong\n|-boost|p1a: Bronzong|def|2\n|move|p2a: Murkrow|Icy Wind|p1b: Copperajah|[spread] p1a,p1b\n|-resisted|p1a: Bronzong\n|-resisted|p1b: Copperajah\n|-damage|p1a: Bronzong|61\/100\n|-damage|p1b: Copperajah|45\/100\n|-unboost|p1a: Bronzong|spe|1\n|-unboost|p1b: Copperajah|spe|1\n|\n|-heal|p1b: Copperajah|51\/100|[from] item: Leftovers\n|-heal|p1a: Bronzong|67\/100|[from] item: Leftovers\n|-heal|p2b: Wo-Chien|52\/100|[from] item: Leftovers\n|-damage|p1b: Copperajah|39\/100|[from] Leech Seed|[of] p2b: Wo-Chien\n|-heal|p2b: Wo-Chien|67\/100|[silent]\n|-damage|p1a: Bronzong|54\/100|[from] Leech Seed|[of] p2b: Wo-Chien\n|-heal|p2b: Wo-Chien|78\/100|[silent]\n|-fieldend|move: Trick Room\n|upkeep\n|turn|7\n|\n|t:|1699402107\n|move|p2a: Murkrow|Icy Wind|p1a: Bronzong|[spread] p1a,p1b\n|-resisted|p1a: Bronzong\n|-resisted|p1b: Copperajah\n|-damage|p1a: Bronzong|52\/100\n|-damage|p1b: Copperajah|35\/100\n|-unboost|p1a: Bronzong|spe|1\n|-unboost|p1b: Copperajah|spe|1\n|move|p2b: Wo-Chien|Giga Drain|p1b: Copperajah\n|-resisted|p1b: Copperajah\n|-damage|p1b: Copperajah|23\/100\n|-heal|p2b: Wo-Chien|85\/100|[from] drain|[of] p1b: Copperajah\n|move|p1b: Copperajah|Heat Crash|p2b: Wo-Chien\n|-supereffective|p2b: Wo-Chien\n|-damage|p2b: Wo-Chien|0 fnt\n|faint|p2b: Wo-Chien\n|move|p1a: Bronzong|Trick Room|p1a: Bronzong\n|-fieldstart|move: Trick Room|[of] p1a: Bronzong\n|\n|-heal|p1a: Bronzong|58\/100|[from] item: Leftovers\n|-heal|p1b: Copperajah|30\/100|[from] item: Leftovers\n|upkeep\n|\n|t:|1699402109\n|switch|p2b: Quagsire|Quagsire, M|100\/100\n|turn|8\n|-message|Silverrey forfeited.\n|\n|win|Thehombre\n|raw|Thehombre's rating: 1242 &rarr; <strong>1267<\/strong><br \/>(+25 for winning)\n|raw|Silverrey's rating: 1237 &rarr; <strong>1212<\/strong><br \/>(-25 for losing)\n|l|\u2606Silverrey\n","uploadtime":1699402130,"views":8,"p1id":"thehombre","p2id":"silverrey","formatid":"gen9doublesou","rating":1212,"private":0,"password":""}