{"id":"gen9doublesou-1975008424","p1":"eusociality","p2":"hg_lit","format":"[Gen 9] Doubles OU","log":"|j|\u2606eusociality\n|j|\u203dhg_lit\n|t:|1698154473\n|gametype|doubles\n|player|p1|eusociality|hugh|1326\n|player|p2|hg_lit|dawn|1377\n|teamsize|p1|6\n|teamsize|p2|6\n|gen|9\n|tier|[Gen 9] Doubles OU\n|rated|\n|rule|Species Clause: Limit one of each Pok\u00e9mon\n|rule|OHKO Clause: OHKO moves are banned\n|rule|Evasion Moves Clause: Evasion moves are banned\n|rule|Gravity Sleep Clause: The combination of sleep-inducing moves with imperfect accuracy and Gravity or Gigantamax Orbeetle are banned\n|rule|Endless Battle Clause: Forcing endless battles is banned\n|rule|HP Percentage Mod: HP is shown in percentages\n|clearpoke\n|poke|p1|Zapdos|\n|poke|p1|Chi-Yu|\n|poke|p1|Flutter Mane|\n|poke|p1|Roaring Moon|\n|poke|p1|Walking Wake|\n|poke|p1|Weezing-Galar, F|\n|poke|p2|Ursaluna, F|\n|poke|p2|Talonflame, F|\n|poke|p2|Amoonguss, F|\n|poke|p2|Cresselia, F|\n|poke|p2|Ogerpon-Wellspring, F|\n|poke|p2|Sylveon, M|\n|teampreview\n|inactive|Battle timer is ON: inactive players will automatically lose when time's up. (requested by eusociality)\n|\n|t:|1698154491\n|start\n|switch|p1a: Zapdos|Zapdos|100\/100\n|switch|p1b: Chi-Yu|Chi-Yu|100\/100\n|switch|p2a: Talonflame|Talonflame, F|100\/100\n|switch|p2b: Sylveon|Sylveon, M|100\/100\n|-ability|p1b: Chi-Yu|Beads of Ruin\n|turn|1\n|inactive|hg_lit has 120 seconds left.\n|\n|t:|1698154521\n|switch|p1b: Weezing|Weezing-Galar, F|100\/100\n|-ability|p1b: Weezing|Neutralizing Gas\n|move|p2a: Talonflame|Tailwind|p2a: Talonflame\n|-sidestart|p2: hg_lit|move: Tailwind\n|move|p2b: Sylveon|Hyper Voice|p1a: Zapdos|[spread] p1a,p1b\n|-damage|p1a: Zapdos|70\/100\n|-damage|p1b: Weezing|70\/100\n|move|p1a: Zapdos|Sunny Day|p1a: Zapdos\n|-weather|SunnyDay\n|\n|-weather|SunnyDay|[upkeep]\n|-heal|p1b: Weezing|76\/100|[from] item: Leftovers\n|upkeep\n|turn|2\n|\n|t:|1698154540\n|move|p2a: Talonflame|Flare Blitz|p1b: Weezing\n|-damage|p1b: Weezing|16\/100\n|-damage|p2a: Talonflame|78\/100|[from] Recoil\n|move|p2b: Sylveon|Hyper Voice|p1b: Weezing|[spread] p1a,p1b\n|-damage|p1a: Zapdos|40\/100\n|-damage|p1b: Weezing|0 fnt\n|faint|p1b: Weezing\n|-end|p1b: Weezing|ability: Neutralizing Gas\n|move|p1a: Zapdos|Tailwind|p1a: Zapdos\n|-sidestart|p1: eusociality|move: Tailwind\n|\n|-weather|SunnyDay|[upkeep]\n|upkeep\n|\n|t:|1698154549\n|switch|p1b: Chi-Yu|Chi-Yu|100\/100\n|-ability|p1b: Chi-Yu|Beads of Ruin\n|turn|3\n|\n|t:|1698154562\n|move|p1a: Zapdos|Helping Hand|p1b: Chi-Yu\n|-singleturn|p1b: Chi-Yu|Helping Hand|[of] p1a: Zapdos\n|move|p2a: Talonflame|Acrobatics|p1b: Chi-Yu\n|-damage|p1b: Chi-Yu|64\/100\n|move|p1b: Chi-Yu|Heat Wave|p2a: Talonflame|[spread] p2a,p2b\n|-resisted|p2a: Talonflame\n|-damage|p2a: Talonflame|0 fnt\n|-damage|p2b: Sylveon|0 fnt\n|-enditem|p2a: Talonflame|Rowap Berry|[eat]\n|-damage|p1b: Chi-Yu|52\/100|[from] item: Rowap Berry|[of] p2a: Talonflame\n|faint|p2a: Talonflame\n|faint|p2b: Sylveon\n|\n|-weather|SunnyDay|[upkeep]\n|upkeep\n|\n|t:|1698154581\n|switch|p2a: Cresselia|Cresselia, F|100\/100\n|switch|p2b: Ogerpon|Ogerpon-Wellspring, F|100\/100\n|turn|4\n|\n|t:|1698154589\n|-terastallize|p1b: Chi-Yu|Grass\n|move|p1a: Zapdos|Helping Hand|p1b: Chi-Yu\n|-singleturn|p1b: Chi-Yu|Helping Hand|[of] p1a: Zapdos\n|move|p1b: Chi-Yu|Heat Wave|p2a: Cresselia|[spread] p2a,p2b\n|-damage|p2a: Cresselia|6\/100\n|-damage|p2b: Ogerpon|0 fnt\n|faint|p2b: Ogerpon\n|move|p2a: Cresselia|Trick Room|p2a: Cresselia\n|-fieldstart|move: Trick Room|[of] p2a: Cresselia\n|\n|-weather|SunnyDay|[upkeep]\n|-sideend|p2: hg_lit|move: Tailwind\n|upkeep\n|\n|t:|1698154594\n|switch|p2b: Ursaluna|Ursaluna, F|100\/100\n|turn|5\n|\n|t:|1698154606\n|move|p2b: Ursaluna|Earthquake|p1b: Chi-Yu|[spread] p1b\n|-immune|p2a: Cresselia|[from] ability: Levitate\n|-immune|p1a: Zapdos\n|-resisted|p1b: Chi-Yu\n|-damage|p1b: Chi-Yu|14\/100\n|move|p2a: Cresselia|Lunar Blessing|p2a: Cresselia|[spread] p2a,p2b\n|-heal|p2a: Cresselia|31\/100\n|move|p1a: Zapdos|Roost|p1a: Zapdos\n|-heal|p1a: Zapdos|91\/100\n|-singleturn|p1a: Zapdos|move: Roost\n|move|p1b: Chi-Yu|Heat Wave|p2a: Cresselia|[spread] p2a,p2b\n|-damage|p2a: Cresselia|0 fnt\n|-damage|p2b: Ursaluna|0 fnt\n|faint|p2a: Cresselia\n|faint|p2b: Ursaluna\n|\n|-weather|SunnyDay|[upkeep]\n|-sideend|p1: eusociality|move: Tailwind\n|upkeep\n|\n|t:|1698154614\n|switch|p2a: Amoonguss|Amoonguss, F|100\/100\n|turn|6\n|-message|hg_lit forfeited.\n|\n|win|eusociality\n|raw|eusociality's rating: 1326 &rarr; <strong>1349<\/strong><br \/>(+23 for winning)\n|raw|hg_lit's rating: 1377 &rarr; <strong>1354<\/strong><br \/>(-23 for losing)\n","uploadtime":1698154651,"views":25,"p1id":"eusociality","p2id":"hglit","formatid":"gen9doublesou","rating":1349,"private":0,"password":""}