{"id":"gen9doublesou-1999961866","p1":"MageDream\/UHE","p2":"Commander_Wolffy","format":"[Gen 9] Doubles OU","log":"|j|\u2606MageDream\/UHE\n|j|\u2606Commander_Wolffy\n|t:|1701135011\n|gametype|doubles\n|player|p1|MageDream\/UHE|chuck|1326\n|player|p2|Commander_Wolffy|169|1418\n|teamsize|p1|6\n|teamsize|p2|6\n|gen|9\n|tier|[Gen 9] Doubles OU\n|rated|\n|rule|Species Clause: Limit one of each Pok\u00e9mon\n|rule|OHKO Clause: OHKO moves are banned\n|rule|Evasion Moves Clause: Evasion moves are banned\n|rule|Gravity Sleep Clause: The combination of sleep-inducing moves with imperfect accuracy and Gravity or Gigantamax Orbeetle are banned\n|rule|Endless Battle Clause: Forcing endless battles is banned\n|rule|HP Percentage Mod: HP is shown in percentages\n|clearpoke\n|poke|p1|Arcanine, M|\n|poke|p1|Rillaboom, M|\n|poke|p1|Walking Wake|\n|poke|p1|Sableye, M|\n|poke|p1|Lilligant-Hisui, F|\n|poke|p1|Ninetales, M|\n|poke|p2|Ogerpon-Wellspring, F|\n|poke|p2|Gholdengo|\n|poke|p2|Glimmora, F|\n|poke|p2|Kommo-o, M|\n|poke|p2|Ninetales-Alola, F|\n|poke|p2|Arcanine-Hisui, F|\n|teampreview\n|inactive|Battle timer is ON: inactive players will automatically lose when time's up. (requested by Commander_Wolffy)\n|\n|t:|1701135022\n|start\n|switch|p1a: Walking Wake|Walking Wake|100\/100\n|switch|p1b: Sableye|Sableye, M|100\/100\n|switch|p2a: Glimmora|Glimmora, F|100\/100\n|switch|p2b: Gholdengo|Gholdengo|100\/100\n|turn|1\n|inactive|MageDream\/UHE has 120 seconds left.\n|\n|t:|1701135059\n|move|p1b: Sableye|Fake Out|p2a: Glimmora\n|-resisted|p2a: Glimmora\n|-damage|p2a: Glimmora|96\/100\n|-activate|p2a: Glimmora|ability: Toxic Debris\n|-sidestart|p1: MageDream\/UHE|move: Toxic Spikes\n|move|p1a: Walking Wake|Flamethrower|p2b: Gholdengo\n|-supereffective|p2b: Gholdengo\n|-crit|p2b: Gholdengo\n|-damage|p2b: Gholdengo|25\/100\n|move|p2b: Gholdengo|Make It Rain|p1b: Sableye|[spread] p1a,p1b\n|-resisted|p1a: Walking Wake\n|-crit|p1b: Sableye\n|-damage|p1a: Walking Wake|81\/100\n|-damage|p1b: Sableye|0 fnt\n|-unboost|p2b: Gholdengo|spa|1\n|faint|p1b: Sableye\n|cant|p2a: Glimmora|flinch\n|\n|upkeep\n|\n|t:|1701135076\n|switch|p1b: Ninetales|Ninetales, M, shiny|100\/100\n|-status|p1b: Ninetales|psn\n|-enditem|p1b: Ninetales|Lum Berry|[eat]\n|-curestatus|p1b: Ninetales|psn|[msg]\n|-weather|SunnyDay|[from] ability: Drought|[of] p1b: Ninetales\n|-activate|p1a: Walking Wake|ability: Protosynthesis\n|-start|p1a: Walking Wake|protosynthesisspa\n|turn|2\n|inactive|MageDream\/UHE has 120 seconds left.\n|\n|t:|1701135099\n|switch|p2b: Ninetales|Ninetales-Alola, F|100\/100\n|-weather|Snow|[from] ability: Snow Warning|[of] p2b: Ninetales\n|-end|p1a: Walking Wake|Protosynthesis\n|move|p1a: Walking Wake|Draco Meteor|p2a: Glimmora\n|-damage|p2a: Glimmora|16\/100\n|-unboost|p1a: Walking Wake|spa|2\n|move|p1b: Ninetales|Heat Wave|p2a: Glimmora|[spread] p2b\n|-miss|p1b: Ninetales|p2a: Glimmora\n|-supereffective|p2b: Ninetales\n|-damage|p2b: Ninetales|36\/100\n|move|p2a: Glimmora|Mortal Spin|p1b: Ninetales|[spread] p1a,p1b\n|-damage|p1a: Walking Wake|76\/100\n|-damage|p1b: Ninetales|94\/100\n|-status|p1a: Walking Wake|psn\n|-status|p1b: Ninetales|psn\n|\n|-weather|Snow|[upkeep]\n|-damage|p1a: Walking Wake|64\/100 psn|[from] psn\n|-damage|p1b: Ninetales|82\/100 psn|[from] psn\n|upkeep\n|turn|3\n|inactive|MageDream\/UHE has 120 seconds left.\n|\n|t:|1701135129\n|move|p1a: Walking Wake|Hydro Steam|p2b: Ninetales\n|-damage|p2b: Ninetales|12\/100\n|move|p2b: Ninetales|Freeze-Dry|p1a: Walking Wake\n|-supereffective|p1a: Walking Wake\n|-damage|p1a: Walking Wake|0 fnt\n|faint|p1a: Walking Wake\n|-end|p1a: Walking Wake|Protosynthesis|[silent]\n|move|p1b: Ninetales|Heat Wave|p2b: Ninetales|[spread] p2b\n|-miss|p1b: Ninetales|p2a: Glimmora\n|-supereffective|p2b: Ninetales\n|-damage|p2b: Ninetales|0 fnt\n|faint|p2b: Ninetales\n|move|p2a: Glimmora|Power Gem|p1b: Ninetales\n|-supereffective|p1b: Ninetales\n|-damage|p1b: Ninetales|0 fnt\n|faint|p1b: Ninetales\n|\n|-weather|Snow|[upkeep]\n|upkeep\n|inactive|MageDream\/UHE has 120 seconds left.\n|c|\u2606MageDream\/UHE|hax\n|inactive|Commander_Wolffy has 120 seconds left.\n|c|\u2606Commander_Wolffy|what\n|\n|t:|1701135168\n|switch|p1a: Arcanine|Arcanine, M, shiny|100\/100\n|switch|p2b: Gholdengo|Gholdengo|25\/100\n|switch|p1b: Lilligant|Lilligant-Hisui, F|100\/100\n|-status|p1b: Lilligant|psn\n|-status|p1a: Arcanine|psn\n|-ability|p1a: Arcanine|Intimidate|boost\n|-unboost|p2a: Glimmora|atk|1\n|-unboost|p2b: Gholdengo|atk|1\n|turn|4\n|c|\u2606MageDream\/UHE|missed a simple OKO heat wave twice\n|inactive|MageDream\/UHE has 120 seconds left.\n|c|\u2606Commander_Wolffy|that happens\n|c|\u2606Commander_Wolffy|!dt heat wave\n|raw|<ul class=\"utilichart\"><li class=\"result\"><span class=\"col movenamecol\"><a href=\"https:\/\/dex.pokemonshowdown.com\/moves\/heatwave\">Heat Wave<\/a><\/span> <span class=\"col typecol\"><img src=\"\/\/play.pokemonshowdown.com\/sprites\/types\/Fire.png\" alt=\"Fire\" width=\"32\" height=\"14\"><img src=\"\/\/play.pokemonshowdown.com\/sprites\/categories\/Special.png\" alt=\"Special\" width=\"32\" height=\"14\"><\/span> <span class=\"col labelcol\"><em>Power<\/em><br>95<\/span> <span class=\"col widelabelcol\"><em>Accuracy<\/em><br>90%<\/span> <span class=\"col pplabelcol\"><em>PP<\/em><br>16<\/span> <span class=\"col movedesccol\">10% chance to burn the foe(s).<\/span> <\/li><li style=\"clear:both\"><\/li><\/ul>\n|raw|<font size=\"1\"><font color=\"#686868\">Priority:<\/font> 0&nbsp;|&ThickSpace;<font color=\"#686868\">Gen:<\/font> 3&nbsp;|&ThickSpace;&#10003; Boosted by Sheer Force&nbsp;|&ThickSpace;&#10003; Wind move&nbsp;|&ThickSpace;<font color=\"#686868\">Z-Power:<\/font> 175&nbsp;|&ThickSpace;<font color=\"#686868\">Dynamax Power:<\/font> 130&nbsp;|&ThickSpace;<font color=\"#686868\">Target:<\/font> All Adjacent Opponents<\/font>\n\n|\n|t:|1701135205\n|move|p1b: Lilligant|Leaf Blade|p2a: Glimmora\n|-damage|p2a: Glimmora|0 fnt\n|-activate|p2a: Glimmora|ability: Toxic Debris\n|-sidestart|p1: MageDream\/UHE|move: Toxic Spikes\n|faint|p2a: Glimmora\n|move|p2b: Gholdengo|Shadow Ball|p1a: Arcanine\n|-damage|p1a: Arcanine|49\/100 psn\n|-unboost|p1a: Arcanine|spd|1\n|move|p1a: Arcanine|Flare Blitz|p2b: Gholdengo\n|-supereffective|p2b: Gholdengo\n|-damage|p2b: Gholdengo|0 fnt\n|faint|p2b: Gholdengo\n|-damage|p1a: Arcanine|41\/100 psn|[from] Recoil\n|\n|-weather|Snow|[upkeep]\n|-damage|p1b: Lilligant|88\/100 psn|[from] psn\n|-damage|p1a: Arcanine|29\/100 psn|[from] psn\n|upkeep\n|c|\u2606Commander_Wolffy|95 only for one\n|inactive|Commander_Wolffy has 120 seconds left.\n|\n|t:|1701135229\n|switch|p2b: Ogerpon|Ogerpon-Wellspring, F|100\/100\n|switch|p2a: Arcanine|Arcanine-Hisui, F|100\/100\n|-ability|p2a: Arcanine|Intimidate|boost\n|-unboost|p1a: Arcanine|atk|1\n|-unboost|p1b: Lilligant|atk|1\n|turn|5\n|c|\u2606MageDream\/UHE|shit sucks shit sux\n|inactive|Commander_Wolffy has 120 seconds left.\n|\n|t:|1701135252\n|switch|p1a: Rillaboom|Rillaboom, M|100\/100\n|-status|p1a: Rillaboom|tox\n|-fieldstart|move: Grassy Terrain|[from] ability: Grassy Surge|[of] p1a: Rillaboom\n|-terastallize|p1b: Lilligant|Rock\n|move|p2b: Ogerpon|Ivy Cudgel|p1a: Rillaboom|[anim] Ivy Cudgel Water\n|-resisted|p1a: Rillaboom\n|-damage|p1a: Rillaboom|66\/100 tox\n|move|p1b: Lilligant|Victory Dance|p1b: Lilligant\n|-boost|p1b: Lilligant|atk|1\n|-boost|p1b: Lilligant|def|1\n|-boost|p1b: Lilligant|spe|1\n|move|p2a: Arcanine|Flare Blitz|p1b: Lilligant\n|-resisted|p1b: Lilligant\n|-damage|p1b: Lilligant|62\/100 psn\n|-damage|p2a: Arcanine|93\/100|[from] Recoil\n|\n|-weather|Snow|[upkeep]\n|-heal|p1b: Lilligant|69\/100 psn|[from] Grassy Terrain\n|-heal|p2a: Arcanine|99\/100|[from] Grassy Terrain\n|-heal|p1a: Rillaboom|72\/100 tox|[from] Grassy Terrain\n|-damage|p1b: Lilligant|56\/100 psn|[from] psn\n|-damage|p1a: Rillaboom|66\/100 tox|[from] psn\n|upkeep\n|turn|6\n|\n|t:|1701135281\n|move|p1b: Lilligant|Leaf Blade|p2b: Ogerpon\n|-damage|p2b: Ogerpon|36\/100\n|move|p2b: Ogerpon|Ivy Cudgel|p1b: Lilligant|[anim] Ivy Cudgel Water\n|-supereffective|p1b: Lilligant\n|-damage|p1b: Lilligant|0 fnt\n|faint|p1b: Lilligant\n|move|p2a: Arcanine|Flare Blitz|p1a: Rillaboom\n|-supereffective|p1a: Rillaboom\n|-crit|p1a: Rillaboom\n|-damage|p1a: Rillaboom|0 fnt\n|faint|p1a: Rillaboom\n|-damage|p2a: Arcanine|76\/100|[from] Recoil\n|\n|-weather|none\n|-heal|p2b: Ogerpon|42\/100|[from] Grassy Terrain\n|-heal|p2a: Arcanine|82\/100|[from] Grassy Terrain\n|upkeep\n|-message|MageDream\/UHE forfeited.\n|\n|win|Commander_Wolffy\n|raw|MageDream&#x2f;UHE's rating: 1326 &rarr; <strong>1311<\/strong><br \/>(-15 for losing)\n|raw|Commander_Wolffy's rating: 1418 &rarr; <strong>1433<\/strong><br \/>(+15 for winning)\n|c|\u2606Commander_Wolffy|ggs\n","uploadtime":1701135234,"views":5,"p1id":"magedreamuhe","p2id":"commanderwolffy","formatid":"gen9doublesou","rating":1311,"private":0,"password":""}