{"id":"gen9doublesou-1972404300","p1":"evanumxl","p2":"DratiniKing10","format":"[Gen 9] Doubles OU","log":"|j|\u2606evanumxl\n|j|\u2606DratiniKing10\n|t:|1697839154\n|gametype|doubles\n|player|p1|evanumxl|169|1135\n|player|p2|DratiniKing10|lucas|1240\n|teamsize|p1|6\n|teamsize|p2|6\n|gen|9\n|tier|[Gen 9] Doubles OU\n|rated|\n|rule|Species Clause: Limit one of each Pok\u00e9mon\n|rule|OHKO Clause: OHKO moves are banned\n|rule|Evasion Moves Clause: Evasion moves are banned\n|rule|Gravity Sleep Clause: The combination of sleep-inducing moves with imperfect accuracy and Gravity or Gigantamax Orbeetle are banned\n|rule|Endless Battle Clause: Forcing endless battles is banned\n|rule|HP Percentage Mod: HP is shown in percentages\n|clearpoke\n|poke|p1|Farigiraf, F|\n|poke|p1|Amoonguss, M|\n|poke|p1|Armarouge, F|\n|poke|p1|Indeedee-F, F|\n|poke|p1|Grimmsnarl, M|\n|poke|p1|Rillaboom, F|\n|poke|p2|Ting-Lu|\n|poke|p2|Arcanine, M|\n|poke|p2|Kingambit, M|\n|poke|p2|Tornadus, M|\n|poke|p2|Sneasler, M|\n|poke|p2|Ogerpon-Wellspring, F|\n|teampreview\n|\n|t:|1697839167\n|start\n|switch|p1a: Farigiraf|Farigiraf, F, shiny|100\/100\n|switch|p1b: Amoonguss|Amoonguss, M|100\/100\n|switch|p2a: Julica|Ogerpon-Wellspring, F|100\/100\n|switch|p2b: &IHaveAnAxe|Kingambit, M, shiny|100\/100\n|turn|1\n|\n|t:|1697839188\n|-terastallize|p1a: Farigiraf|Normal\n|move|p2a: Julica|Spiky Shield|p2a: Julica\n|-singleturn|p2a: Julica|move: Protect\n|move|p1b: Amoonguss|Rage Powder|p1b: Amoonguss\n|-singleturn|p1b: Amoonguss|move: Rage Powder\n|move|p2b: &IHaveAnAxe|Kowtow Cleave|p1b: Amoonguss\n|-damage|p1b: Amoonguss|40\/100\n|-damage|p2b: &IHaveAnAxe|84\/100|[from] item: Rocky Helmet|[of] p1b: Amoonguss\n|-damage|p2b: &IHaveAnAxe|74\/100|[from] item: Life Orb\n|move|p1a: Farigiraf|Trick Room|p1a: Farigiraf\n|-fieldstart|move: Trick Room|[of] p1a: Farigiraf\n|\n|upkeep\n|turn|2\n|\n|t:|1697839216\n|move|p2a: Julica|Follow Me|p2a: Julica\n|-singleturn|p2a: Julica|move: Follow Me\n|move|p2b: &IHaveAnAxe|Sucker Punch||[still]\n|cant|p1a: Farigiraf|ability: Armor Tail|Sucker Punch|[of] p2b: &IHaveAnAxe\n|move|p1b: Amoonguss|Spore|p2a: Julica\n|-immune|p2a: Julica\n|move|p1a: Farigiraf|Hyper Voice|p2a: Julica|[spread] p2a,p2b\n|-resisted|p2b: &IHaveAnAxe\n|-damage|p2a: Julica|54\/100\n|-damage|p2b: &IHaveAnAxe|55\/100\n|-enditem|p1a: Farigiraf|Throat Spray\n|-boost|p1a: Farigiraf|spa|1|[from] item: Throat Spray\n|\n|upkeep\n|turn|3\n|\n|t:|1697839242\n|move|p2a: Julica|Follow Me|p2a: Julica\n|-singleturn|p2a: Julica|move: Follow Me\n|move|p1b: Amoonguss|Spore|p2a: Julica\n|-immune|p2a: Julica\n|move|p2b: &IHaveAnAxe|Kowtow Cleave|p1a: Farigiraf\n|-damage|p1a: Farigiraf|39\/100\n|-damage|p2b: &IHaveAnAxe|46\/100|[from] item: Life Orb\n|move|p1a: Farigiraf|Twin Beam|p2a: Julica\n|-damage|p2a: Julica|25\/100\n|-damage|p2a: Julica|0 fnt\n|faint|p2a: Julica\n|-hitcount|p2: Julica|2\n|\n|upkeep\n|\n|t:|1697839257\n|switch|p2a: MooseCraft|Ting-Lu|100\/100\n|-ability|p2a: MooseCraft|Vessel of Ruin\n|turn|4\n|\n|t:|1697839271\n|move|p1b: Amoonguss|Pollen Puff|p1a: Farigiraf\n|-heal|p1a: Farigiraf|89\/100\n|move|p2a: MooseCraft|Ruination|p1b: Amoonguss\n|-damage|p1b: Amoonguss|20\/100\n|move|p2b: &IHaveAnAxe|Kowtow Cleave|p1b: Amoonguss\n|-damage|p1b: Amoonguss|0 fnt\n|-damage|p2b: &IHaveAnAxe|29\/100|[from] item: Rocky Helmet|[of] p1b: Amoonguss\n|faint|p1b: Amoonguss\n|-damage|p2b: &IHaveAnAxe|19\/100|[from] item: Life Orb\n|move|p1a: Farigiraf|Hyper Voice|p2a: MooseCraft|[spread] p2a,p2b\n|-resisted|p2b: &IHaveAnAxe\n|-damage|p2a: MooseCraft|70\/100\n|-damage|p2b: &IHaveAnAxe|0 fnt\n|faint|p2b: &IHaveAnAxe\n|\n|-heal|p2a: MooseCraft|77\/100|[from] item: Leftovers\n|upkeep\n|\n|t:|1697839291\n|switch|p1b: Grimmsnarl|Grimmsnarl, M|100\/100\n|switch|p2b: Zach|Arcanine, M, shiny|100\/100\n|-ability|p2b: Zach|Intimidate|boost\n|-unboost|p1a: Farigiraf|atk|1\n|-unboost|p1b: Grimmsnarl|atk|1\n|turn|5\n|\n|t:|1697839310\n|move|p1b: Grimmsnarl|Reflect|p1b: Grimmsnarl\n|-sidestart|p1: evanumxl|Reflect\n|move|p2a: MooseCraft|Heavy Slam|p1b: Grimmsnarl\n|-supereffective|p1b: Grimmsnarl\n|-damage|p1b: Grimmsnarl|54\/100\n|move|p1a: Farigiraf|Hyper Voice|p2b: Zach|[spread] p2a,p2b\n|-damage|p2a: MooseCraft|46\/100\n|-damage|p2b: Zach|49\/100\n|move|p2b: Zach|Will-O-Wisp|p1a: Farigiraf\n|-status|p1a: Farigiraf|brn\n|\n|-heal|p2a: MooseCraft|52\/100|[from] item: Leftovers\n|-damage|p1a: Farigiraf|83\/100 brn|[from] brn\n|-fieldend|move: Trick Room\n|upkeep\n|turn|6\n|\n|t:|1697839337\n|move|p2b: Zach|Protect|p2b: Zach\n|-singleturn|p2b: Zach|Protect\n|move|p1a: Farigiraf|Hyper Voice|p2b: Zach|[spread] p2a\n|-activate|p2b: Zach|move: Protect\n|-damage|p2a: MooseCraft|22\/100\n|move|p1b: Grimmsnarl|Spirit Break|p2a: MooseCraft\n|-supereffective|p2a: MooseCraft\n|-damage|p2a: MooseCraft|0 fnt\n|faint|p2a: MooseCraft\n|\n|-damage|p1a: Farigiraf|77\/100 brn|[from] brn\n|upkeep\n|\n|t:|1697839348\n|switch|p2a: Tavi|Sneasler, M|100\/100\n|turn|7\n|\n|t:|1697839362\n|move|p1b: Grimmsnarl|Bulk Up|p1b: Grimmsnarl\n|-boost|p1b: Grimmsnarl|atk|1\n|-boost|p1b: Grimmsnarl|def|1\n|move|p2a: Tavi|Dire Claw|p1b: Grimmsnarl\n|-supereffective|p1b: Grimmsnarl\n|-damage|p1b: Grimmsnarl|4\/100\n|move|p2b: Zach|Flare Blitz|p1a: Farigiraf\n|-damage|p1a: Farigiraf|48\/100 brn\n|-damage|p2b: Zach|38\/100|[from] Recoil\n|move|p1a: Farigiraf|Twin Beam|p2a: Tavi\n|-supereffective|p2a: Tavi\n|-enditem|p2a: Tavi|Focus Sash\n|-damage|p2a: Tavi|1\/100\n|-supereffective|p2a: Tavi\n|-damage|p2a: Tavi|0 fnt\n|faint|p2a: Tavi\n|-hitcount|p2: Tavi|2\n|\n|-damage|p1a: Farigiraf|42\/100 brn|[from] brn\n|upkeep\n|\n|t:|1697839379\n|switch|p2a: Miles|Tornadus, M|100\/100\n|turn|8\n|\n|t:|1697839386\n|move|p2b: Zach|Extreme Speed||[still]\n|cant|p1a: Farigiraf|ability: Armor Tail|Extreme Speed|[of] p2b: Zach\n|move|p2a: Miles|Rain Dance|p2a: Miles\n|-weather|RainDance\n|move|p1b: Grimmsnarl|Light Screen|p1b: Grimmsnarl\n|-sidestart|p1: evanumxl|move: Light Screen\n|move|p1a: Farigiraf|Hyper Voice|p2a: Miles|[spread] p2a,p2b\n|-damage|p2a: Miles|42\/100\n|-damage|p2b: Zach|0 fnt\n|-enditem|p2a: Miles|Sitrus Berry|[eat]\n|-heal|p2a: Miles|67\/100|[from] item: Sitrus Berry\n|faint|p2b: Zach\n|\n|-weather|RainDance|[upkeep]\n|-damage|p1a: Farigiraf|36\/100 brn|[from] brn\n|upkeep\n|turn|9\n|\n|t:|1697839405\n|move|p2a: Miles|Bleakwind Storm|p1b: Grimmsnarl|[spread] p1a,p1b\n|-damage|p1a: Farigiraf|15\/100 brn\n|-damage|p1b: Grimmsnarl|0 fnt\n|faint|p1b: Grimmsnarl\n|move|p1a: Farigiraf|Hyper Voice|p2a: Miles\n|-damage|p2a: Miles|0 fnt\n|faint|p2a: Miles\n|\n|win|evanumxl\n|raw|evanumxl's rating: 1135 &rarr; <strong>1167<\/strong><br \/>(+32 for winning)\n|raw|DratiniKing10's rating: 1240 &rarr; <strong>1208<\/strong><br \/>(-32 for losing)\n","uploadtime":1697839414,"views":8,"p1id":"evanumxl","p2id":"dratiniking10","formatid":"gen9doublesou","rating":1167,"private":0,"password":""}