{"id":"gen9doublesou-1982528835","p1":"Grimvalor","p2":"hax is my god","format":"[Gen 9] Doubles OU","log":"|j|\u2606Grimvalor\n|j|\u2606hax is my god\n|t:|1699023054\n|gametype|doubles\n|player|p1|Grimvalor|clerk-boss|1073\n|player|p2|hax is my god|170|1112\n|teamsize|p1|6\n|teamsize|p2|6\n|gen|9\n|tier|[Gen 9] Doubles OU\n|rated|\n|rule|Species Clause: Limit one of each Pok\u00e9mon\n|rule|OHKO Clause: OHKO moves are banned\n|rule|Evasion Moves Clause: Evasion moves are banned\n|rule|Gravity Sleep Clause: The combination of sleep-inducing moves with imperfect accuracy and Gravity or Gigantamax Orbeetle are banned\n|rule|Endless Battle Clause: Forcing endless battles is banned\n|rule|HP Percentage Mod: HP is shown in percentages\n|clearpoke\n|poke|p1|Lycanroc-Dusk, M|\n|poke|p1|Hawlucha, M|\n|poke|p1|Volbeat, M|\n|poke|p1|Shiftry, F|\n|poke|p1|Cinderace, M|\n|poke|p1|Golduck, F|\n|poke|p2|Rillaboom, F|\n|poke|p2|Arcanine-Hisui, M|\n|poke|p2|Heatran, F|\n|poke|p2|Gliscor, M|\n|poke|p2|Houndstone, F|\n|poke|p2|Volcarona, M|\n|teampreview\n|\n|t:|1699023087\n|start\n|switch|p1a: Hawlucha|Hawlucha, M|100\/100\n|switch|p1b: Volbeat|Volbeat, M|100\/100\n|switch|p2a: Gliscor|Gliscor, M|100\/100\n|switch|p2b: Houndstone|Houndstone, F|100\/100\n|turn|1\n|inactive|Battle timer is ON: inactive players will automatically lose when time's up. (requested by hax is my god)\n|\n|t:|1699023098\n|move|p1b: Volbeat|Swagger|p1a: Hawlucha|[miss]\n|-miss|p1b: Volbeat|p1a: Hawlucha\n|move|p2b: Houndstone|Trick|p1b: Volbeat\n|-activate|p2b: Houndstone|move: Trick|[of] p1b: Volbeat\n|-item|p1b: Volbeat|Choice Scarf|[from] move: Trick\n|-item|p2b: Houndstone|Focus Sash|[from] move: Trick\n|move|p1a: Hawlucha|Hone Claws|p1a: Hawlucha\n|-boost|p1a: Hawlucha|atk|1\n|-boost|p1a: Hawlucha|accuracy|1\n|move|p2a: Gliscor|Dual Wingbeat|p1a: Hawlucha\n|-supereffective|p1a: Hawlucha\n|-damage|p1a: Hawlucha|52\/100\n|-supereffective|p1a: Hawlucha\n|-damage|p1a: Hawlucha|4\/100\n|-hitcount|p1a: Hawlucha|2\n|\n|-status|p2a: Gliscor|tox|[from] item: Toxic Orb\n|upkeep\n|turn|2\n|\n|t:|1699023123\n|switch|p2b: Arcanine|Arcanine-Hisui, M|100\/100\n|move|p1b: Volbeat|Tailwind|p1b: Volbeat\n|-sidestart|p1: Grimvalor|move: Tailwind\n|move|p1a: Hawlucha|Stone Edge|p2a: Gliscor\n|-damage|p2a: Gliscor|59\/100 tox\n|move|p2a: Gliscor|Facade|p1a: Hawlucha\n|-damage|p1a: Hawlucha|0 fnt\n|faint|p1a: Hawlucha\n|\n|-heal|p2a: Gliscor|72\/100 tox|[from] ability: Poison Heal\n|upkeep\n|\n|t:|1699023134\n|switch|p1a: Shiftry|Shiftry, F|100\/100\n|-ability|p1a: Shiftry|Wind Rider|boost\n|-boost|p1a: Shiftry|atk|1\n|turn|3\n|\n|t:|1699023150\n|switch|p1b: Lycanroc|Lycanroc-Dusk, M|100\/100\n|move|p1a: Shiftry|Fake Out|p2b: Arcanine\n|-resisted|p2b: Arcanine\n|-damage|p2b: Arcanine|93\/100\n|move|p2a: Gliscor|Dual Wingbeat|p1a: Shiftry\n|-supereffective|p1a: Shiftry\n|-damage|p1a: Shiftry|38\/100\n|-supereffective|p1a: Shiftry\n|-damage|p1a: Shiftry|0 fnt\n|faint|p1a: Shiftry\n|-hitcount|p1: Shiftry|2\n|cant|p2b: Arcanine|flinch\n|\n|-heal|p2a: Gliscor|84\/100 tox|[from] ability: Poison Heal\n|upkeep\n|\n|t:|1699023159\n|switch|p1a: Golduck|Golduck, F|100\/100\n|-ability|p1a: Golduck|Cloud Nine\n|turn|4\n|\n|t:|1699023183\n|-terastallize|p2b: Arcanine|Normal\n|move|p2b: Arcanine|Extreme Speed|p1a: Golduck\n|-damage|p1a: Golduck|35\/100\n|move|p1b: Lycanroc|Drill Run|p2b: Arcanine\n|-crit|p2b: Arcanine\n|-damage|p2b: Arcanine|14\/100\n|-damage|p1b: Lycanroc|91\/100|[from] item: Life Orb\n|move|p1a: Golduck|Disable|p2a: Gliscor\n|-start|p2a: Gliscor|Disable|Dual Wingbeat\n|move|p2a: Gliscor|High Horsepower|p1b: Lycanroc\n|-supereffective|p1b: Lycanroc\n|-damage|p1b: Lycanroc|0 fnt\n|faint|p1b: Lycanroc\n|\n|-heal|p2a: Gliscor|96\/100 tox|[from] ability: Poison Heal\n|upkeep\n|\n|t:|1699023197\n|switch|p1b: Volbeat|Volbeat, M|100\/100\n|turn|5\n|\n|t:|1699023212\n|move|p2b: Arcanine|Extreme Speed|p1a: Golduck\n|-damage|p1a: Golduck|0 fnt\n|faint|p1a: Golduck\n|move|p1b: Volbeat|Swagger|p2a: Gliscor\n|-boost|p2a: Gliscor|atk|2\n|-start|p2a: Gliscor|confusion\n|-activate|p2a: Gliscor|confusion\n|move|p2a: Gliscor|Facade|p1b: Volbeat\n|-damage|p1b: Volbeat|0 fnt\n|faint|p1b: Volbeat\n|\n|-heal|p2a: Gliscor|100\/100 tox|[from] ability: Poison Heal\n|-sideend|p1: Grimvalor|move: Tailwind\n|upkeep\n|\n|t:|1699023217\n|switch|p1b: Cinderace|Cinderace, M|100\/100\n|turn|6\n|\n|t:|1699023229\n|switch|p2b: Houndstone|Houndstone, F|100\/100\n|move|p1b: Cinderace|Zen Headbutt|p2b: Houndstone\n|-start|p1b: Cinderace|typechange|Psychic|[from] ability: Libero\n|-damage|p2b: Houndstone|79\/100\n|-activate|p2a: Gliscor|confusion\n|move|p2a: Gliscor|Facade|p1b: Cinderace\n|-damage|p1b: Cinderace|0 fnt\n|faint|p1b: Cinderace\n|\n|win|hax is my god\n|raw|Grimvalor's rating: 1073 &rarr; <strong>1054<\/strong><br \/>(-19 for losing)\n|raw|hax is my god's rating: 1112 &rarr; <strong>1134<\/strong><br \/>(+22 for winning)\n|l|\u2606Grimvalor\n","uploadtime":1699023241,"views":22,"p1id":"grimvalor","p2id":"haxismygod","formatid":"gen9doublesou","rating":1054,"private":0,"password":""}