{"id":"gen9doublesou-1982207448","p1":"imasnekk123","p2":"chippers76","format":"[Gen 9] Doubles OU","log":"|j|\u2606imasnekk123\n|j|\u2606chippers76\n|t:|1698979266\n|gametype|doubles\n|player|p1|imasnekk123|clay|1183\n|player|p2|chippers76|hilda-wonderlauncher|1180\n|teamsize|p1|6\n|teamsize|p2|6\n|gen|9\n|tier|[Gen 9] Doubles OU\n|rated|\n|rule|Species Clause: Limit one of each Pok\u00e9mon\n|rule|OHKO Clause: OHKO moves are banned\n|rule|Evasion Moves Clause: Evasion moves are banned\n|rule|Gravity Sleep Clause: The combination of sleep-inducing moves with imperfect accuracy and Gravity or Gigantamax Orbeetle are banned\n|rule|Endless Battle Clause: Forcing endless battles is banned\n|rule|HP Percentage Mod: HP is shown in percentages\n|clearpoke\n|poke|p1|Cresselia, F|\n|poke|p1|Sinistcha-Masterpiece|\n|poke|p1|Moltres-Galar|\n|poke|p1|Okidogi, M|\n|poke|p1|Gengar, F|\n|poke|p1|Glimmora, M|\n|poke|p2|Toedscruel, F|\n|poke|p2|Scyther, M|\n|poke|p2|Mamoswine, F|\n|poke|p2|Poliwrath, M|\n|poke|p2|Eelektross, F|\n|poke|p2|Ogerpon-Hearthflame, F|\n|teampreview\n|j| mothsnake\n|j| Zangoosefriend96\n|j| Lonsol\n|j| Adamanzane\n|j| discord raider\n|\n|t:|1698979288\n|start\n|switch|p1a: Glimmora|Glimmora, M|100\/100\n|switch|p1b: Gengar|Gengar, F|100\/100\n|switch|p2a: Repetician|Scyther, M|100\/100\n|switch|p2b: Eeeeeeeeeeeel|Eelektross, F|100\/100\n|turn|1\n|j| mistahmerrikuu\n|c| mothsnake|banded caterpie\n|\n|t:|1698979312\n|switch|p2a: BIG HOGE|Mamoswine, F|100\/100\n|move|p1b: Gengar|Confuse Ray|p2b: Eeeeeeeeeeeel\n|-start|p2b: Eeeeeeeeeeeel|confusion\n|move|p1a: Glimmora|Ancient Power|p2a: BIG HOGE\n|-damage|p2a: BIG HOGE|61\/100\n|-activate|p2b: Eeeeeeeeeeeel|confusion\n|move|p2b: Eeeeeeeeeeeel|Coil|p2b: Eeeeeeeeeeeel\n|-boost|p2b: Eeeeeeeeeeeel|atk|1\n|-boost|p2b: Eeeeeeeeeeeel|def|1\n|-boost|p2b: Eeeeeeeeeeeel|accuracy|1\n|\n|upkeep\n|turn|2\n|j| Gayspotter2\n|\n|t:|1698979347\n|move|p1b: Gengar|Clear Smog|p2b: Eeeeeeeeeeeel\n|-damage|p2b: Eeeeeeeeeeeel|79\/100\n|-clearboost|p2b: Eeeeeeeeeeeel\n|move|p2a: BIG HOGE|Earthquake|p1a: Glimmora|[spread] p1a,p1b\n|-immune|p2b: Eeeeeeeeeeeel|[from] ability: Levitate\n|-supereffective|p1a: Glimmora\n|-supereffective|p1b: Gengar\n|-damage|p1a: Glimmora|0 fnt\n|-enditem|p1b: Gengar|Focus Sash\n|-damage|p1b: Gengar|1\/100\n|-activate|p1a: Glimmora|ability: Toxic Debris\n|-sidestart|p2: chippers76|move: Toxic Spikes\n|faint|p1a: Glimmora\n|-damage|p2a: BIG HOGE|51\/100|[from] item: Life Orb\n|-activate|p2b: Eeeeeeeeeeeel|confusion\n|-damage|p2b: Eeeeeeeeeeeel|68\/100|[from] confusion\n|\n|-heal|p2b: Eeeeeeeeeeeel|74\/100|[from] item: Leftovers\n|upkeep\n|\n|t:|1698979371\n|switch|p1a: Cresselia|Cresselia, F|100\/100\n|turn|3\n|\n|t:|1698979386\n|move|p2a: BIG HOGE|Ice Shard|p1b: Gengar\n|-damage|p1b: Gengar|0 fnt\n|faint|p1b: Gengar\n|-damage|p2a: BIG HOGE|41\/100|[from] item: Life Orb\n|move|p1a: Cresselia|Mud-Slap|p2a: BIG HOGE\n|-damage|p2a: BIG HOGE|36\/100\n|-unboost|p2a: BIG HOGE|accuracy|1\n|-end|p2b: Eeeeeeeeeeeel|confusion\n|move|p2b: Eeeeeeeeeeeel|Coil|p2b: Eeeeeeeeeeeel\n|-boost|p2b: Eeeeeeeeeeeel|atk|1\n|-boost|p2b: Eeeeeeeeeeeel|def|1\n|-boost|p2b: Eeeeeeeeeeeel|accuracy|1\n|\n|-heal|p2b: Eeeeeeeeeeeel|80\/100|[from] item: Leftovers\n|upkeep\n|\n|t:|1698979406\n|switch|p1b: Okidogi|Okidogi, M|100\/100\n|turn|4\n|\n|t:|1698979420\n|switch|p2a: Repetician|Scyther, M|100\/100\n|-terastallize|p1b: Okidogi|Dark\n|move|p1b: Okidogi|Drain Punch|p2a: Repetician\n|-resisted|p2a: Repetician\n|-damage|p2a: Repetician|89\/100\n|move|p1a: Cresselia|Lunar Blessing||[still]|[spread] \n|-fail|p1a: Cresselia\n|move|p2b: Eeeeeeeeeeeel|Coil|p2b: Eeeeeeeeeeeel\n|-boost|p2b: Eeeeeeeeeeeel|atk|1\n|-boost|p2b: Eeeeeeeeeeeel|def|1\n|-boost|p2b: Eeeeeeeeeeeel|accuracy|1\n|\n|-heal|p2b: Eeeeeeeeeeeel|86\/100|[from] item: Leftovers\n|upkeep\n|turn|5\n|\n|t:|1698979437\n|move|p2a: Repetician|Tailwind|p2a: Repetician\n|-sidestart|p2: chippers76|move: Tailwind\n|move|p2b: Eeeeeeeeeeeel|Drain Punch|p1b: Okidogi\n|-supereffective|p1b: Okidogi\n|-damage|p1b: Okidogi|50\/100\n|-heal|p2b: Eeeeeeeeeeeel|100\/100|[from] drain|[of] p1b: Okidogi\n|move|p1b: Okidogi|Knock Off|p2b: Eeeeeeeeeeeel\n|-damage|p2b: Eeeeeeeeeeeel|75\/100\n|-enditem|p2b: Eeeeeeeeeeeel|Leftovers|[from] move: Knock Off|[of] p1b: Okidogi\n|move|p1a: Cresselia|Thunder Wave|p2a: Repetician\n|-status|p2a: Repetician|par\n|\n|upkeep\n|turn|6\n|-message|imasnekk123 forfeited.\n|\n|win|chippers76\n|raw|imasnekk123's rating: 1183 &rarr; <strong>1158<\/strong><br \/>(-25 for losing)\n|raw|chippers76's rating: 1180 &rarr; <strong>1205<\/strong><br \/>(+25 for winning)\n|l|\u2606imasnekk123\n","uploadtime":1698979449,"views":22,"p1id":"imasnekk123","p2id":"chippers76","formatid":"gen9doublesou","rating":1158,"private":0,"password":""}