{"id":"gen9doublesou-1974996550","p1":"LooneyTunesShow","p2":"Absolitary37","format":"[Gen 9] Doubles OU","log":"|j|\u2606LooneyTunesShow\n|j|\u2606Absolitary37\n|t:|1698153373\n|gametype|doubles\n|player|p1|LooneyTunesShow|chili|1044\n|player|p2|Absolitary37|grimsley|1042\n|teamsize|p1|6\n|teamsize|p2|6\n|gen|9\n|tier|[Gen 9] Doubles OU\n|rated|\n|rule|Species Clause: Limit one of each Pok\u00e9mon\n|rule|OHKO Clause: OHKO moves are banned\n|rule|Evasion Moves Clause: Evasion moves are banned\n|rule|Gravity Sleep Clause: The combination of sleep-inducing moves with imperfect accuracy and Gravity or Gigantamax Orbeetle are banned\n|rule|Endless Battle Clause: Forcing endless battles is banned\n|rule|HP Percentage Mod: HP is shown in percentages\n|clearpoke\n|poke|p1|Braviary-Hisui, M|\n|poke|p1|Palafin, M|\n|poke|p1|Cresselia, F|\n|poke|p1|Enamorus, F|\n|poke|p1|Grimmsnarl, M|\n|poke|p1|Great Tusk|\n|poke|p2|Torkoal, F|\n|poke|p2|Chandelure, M|\n|poke|p2|Sinistcha-Masterpiece|\n|poke|p2|Ogerpon-Wellspring, F|\n|poke|p2|Leavanny, M|\n|poke|p2|Ceruledge, F|\n|teampreview\n|inactive|Battle timer is ON: inactive players will automatically lose when time's up. (requested by LooneyTunesShow)\n|c|\u2606Absolitary37|glhf\n|\n|t:|1698153383\n|start\n|switch|p1a: Grimmsnarl|Grimmsnarl, M|100\/100\n|switch|p1b: Palafin|Palafin, M|100\/100\n|switch|p2a: bombastic|Torkoal, F|100\/100\n|switch|p2b: special fire|Chandelure, M|100\/100\n|-weather|SunnyDay|[from] ability: Drought|[of] p2a: bombastic\n|turn|1\n|\n|t:|1698153412\n|switch|p2b: somehow DUU|Leavanny, M|100\/100\n|move|p1a: Grimmsnarl|Taunt|p2a: bombastic\n|-start|p2a: bombastic|move: Taunt\n|move|p1b: Palafin|Flip Turn|p2b: somehow DUU\n|-resisted|p2b: somehow DUU\n|-damage|p2b: somehow DUU|89\/100\n|\n|t:|1698153423\n|detailschange|p1b: Palafin|Palafin-Hero, M\n|switch|p1b: Cresselia|Cresselia, F|100\/100|[from] Flip Turn\n|move|p2a: bombastic|Solar Beam||[still]\n|-prepare|p2a: bombastic|Solar Beam\n|-anim|p2a: bombastic|Solar Beam|p1b: Cresselia\n|-damage|p1b: Cresselia|83\/100\n|\n|-weather|SunnyDay|[upkeep]\n|upkeep\n|turn|2\n|\n|t:|1698153439\n|move|p1b: Cresselia|Protect|p1b: Cresselia\n|-singleturn|p1b: Cresselia|Protect\n|move|p1a: Grimmsnarl|Parting Shot|p2a: bombastic\n|-unboost|p2a: bombastic|atk|1\n|-unboost|p2a: bombastic|spa|1\n|c|\u2606Absolitary37|well that sucks.\n|\n|t:|1698153446\n|switch|p1a: Braviary|Braviary-Hisui, M|100\/100|[from] Parting Shot\n|move|p2b: somehow DUU|Sticky Web|p1b: Cresselia\n|-sidestart|p1: LooneyTunesShow|move: Sticky Web\n|move|p2a: bombastic|Lava Plume|p1b: Cresselia|[spread] p2b,p1a\n|-activate|p1b: Cresselia|move: Protect\n|-supereffective|p2b: somehow DUU\n|-damage|p2b: somehow DUU|0 fnt\n|-damage|p1a: Braviary|75\/100\n|faint|p2b: somehow DUU\n|\n|-weather|SunnyDay|[upkeep]\n|upkeep\n|\n|t:|1698153456\n|switch|p2b: special fire|Chandelure, M|100\/100\n|turn|3\n|\n|t:|1698153466\n|-terastallize|p2b: special fire|Fire\n|-terastallize|p1a: Braviary|Fairy\n|move|p2b: special fire|Overheat|p1a: Braviary\n|-damage|p1a: Braviary|0 fnt\n|-unboost|p2b: special fire|spa|2\n|faint|p1a: Braviary\n|move|p1b: Cresselia|Lunar Blessing|p1b: Cresselia\n|-heal|p1b: Cresselia|100\/100\n|move|p2a: bombastic|Lava Plume|p1b: Cresselia|[spread] p1b\n|-start|p2b: special fire|ability: Flash Fire\n|-damage|p1b: Cresselia|88\/100\n|\n|-weather|SunnyDay|[upkeep]\n|-end|p2a: bombastic|move: Taunt\n|upkeep\n|\n|t:|1698153475\n|switch|p1a: Enamorus|Enamorus, F|100\/100\n|turn|4\n|\n|t:|1698153486\n|move|p1b: Cresselia|Protect|p1b: Cresselia\n|-singleturn|p1b: Cresselia|Protect\n|move|p1a: Enamorus|Superpower|p2a: bombastic\n|-damage|p2a: bombastic|74\/100\n|-boost|p1a: Enamorus|atk|1\n|-boost|p1a: Enamorus|def|1\n|move|p2b: special fire|Overheat|p1a: Enamorus\n|-damage|p1a: Enamorus|0 fnt\n|-unboost|p2b: special fire|spa|2\n|faint|p1a: Enamorus\n|move|p2a: bombastic|Lava Plume|p1b: Cresselia|[spread] \n|-activate|p1b: Cresselia|move: Protect\n|-immune|p2b: special fire|[from] ability: Flash Fire\n|\n|-weather|SunnyDay|[upkeep]\n|upkeep\n|\n|t:|1698153496\n|switch|p1a: Great Tusk|Great Tusk|100\/100\n|-activate|p1a: Great Tusk|move: Sticky Web\n|-unboost|p1a: Great Tusk|spe|1\n|-activate|p1a: Great Tusk|ability: Protosynthesis\n|-start|p1a: Great Tusk|protosynthesisatk\n|turn|5\n|\n|t:|1698153504\n|move|p2b: special fire|Overheat|p1b: Cresselia\n|-damage|p1b: Cresselia|31\/100\n|-unboost|p2b: special fire|spa|2\n|move|p1b: Cresselia|Lunar Blessing|p1b: Cresselia|[spread] p1a,p1b\n|-heal|p1b: Cresselia|56\/100\n|move|p1a: Great Tusk|Earthquake|p2b: special fire|[spread] p2a,p2b\n|-immune|p1b: Cresselia|[from] ability: Levitate\n|-supereffective|p2a: bombastic\n|-supereffective|p2b: special fire\n|-damage|p2a: bombastic|0 fnt\n|-damage|p2b: special fire|0 fnt\n|faint|p2a: bombastic\n|faint|p2b: special fire\n|\n|-weather|SunnyDay|[upkeep]\n|upkeep\n|\n|t:|1698153519\n|switch|p2b: cutie pie|Ogerpon-Wellspring, F|100\/100\n|switch|p2a: burn fisher|Sinistcha-Masterpiece|100\/100\n|turn|6\n|\n|t:|1698153533\n|move|p1b: Cresselia|Helping Hand|p1a: Great Tusk\n|-singleturn|p1a: Great Tusk|Helping Hand|[of] p1b: Cresselia\n|move|p2b: cutie pie|Horn Leech|p1a: Great Tusk\n|-supereffective|p1a: Great Tusk\n|-damage|p1a: Great Tusk|37\/100\n|move|p1a: Great Tusk|Ice Spinner|p2b: cutie pie\n|-damage|p2b: cutie pie|24\/100\n|move|p2a: burn fisher|Matcha Gotcha|p1a: Great Tusk|[spread] p1a,p1b\n|-supereffective|p1a: Great Tusk\n|-damage|p1a: Great Tusk|0 fnt\n|-damage|p1b: Cresselia|39\/100\n|-status|p1b: Cresselia|brn\n|faint|p1a: Great Tusk\n|-end|p1a: Great Tusk|Protosynthesis|[silent]\n|\n|-weather|SunnyDay|[upkeep]\n|-damage|p1b: Cresselia|33\/100 brn|[from] brn\n|upkeep\n|\n|t:|1698153545\n|switch|p1a: Palafin|Palafin-Hero, M|100\/100\n|-activate|p1a: Palafin|move: Sticky Web\n|-unboost|p1a: Palafin|spe|1\n|-activate|p1a: Palafin|ability: Zero to Hero\n|turn|7\n|\n|t:|1698153557\n|move|p2b: cutie pie|Horn Leech|p1a: Palafin\n|-supereffective|p1a: Palafin\n|-damage|p1a: Palafin|14\/100\n|-heal|p2b: cutie pie|73\/100|[from] drain|[of] p1a: Palafin\n|move|p1a: Palafin|Flip Turn|p2b: cutie pie\n|-heal|p2b: cutie pie|98\/100|[from] ability: Water Absorb|[of] p1a: Palafin\n|move|p1b: Cresselia|Lunar Blessing|p1b: Cresselia|[spread] p1a,p1b\n|-heal|p1a: Palafin|39\/100\n|-heal|p1b: Cresselia|58\/100 brn\n|-curestatus|p1b: Cresselia|brn|[msg]\n|move|p2a: burn fisher|Matcha Gotcha|p1b: Cresselia|[spread] p1a,p1b\n|-supereffective|p1a: Palafin\n|-damage|p1a: Palafin|0 fnt\n|-damage|p1b: Cresselia|42\/100\n|faint|p1a: Palafin\n|\n|-weather|SunnyDay|[upkeep]\n|upkeep\n|\n|t:|1698153568\n|switch|p1a: Grimmsnarl|Grimmsnarl, M|100\/100\n|-activate|p1a: Grimmsnarl|move: Sticky Web\n|-unboost|p1a: Grimmsnarl|spe|1\n|turn|8\n|\n|t:|1698153580\n|move|p1a: Grimmsnarl|Bulk Up|p1a: Grimmsnarl\n|-boost|p1a: Grimmsnarl|atk|1\n|-boost|p1a: Grimmsnarl|def|1\n|move|p2b: cutie pie|Play Rough|p1a: Grimmsnarl\n|-supereffective|p1a: Grimmsnarl\n|-crit|p1a: Grimmsnarl\n|-damage|p1a: Grimmsnarl|0 fnt\n|faint|p1a: Grimmsnarl\n|move|p1b: Cresselia|Lunar Blessing|p1b: Cresselia\n|-heal|p1b: Cresselia|67\/100\n|move|p2a: burn fisher|Shadow Ball|p1b: Cresselia\n|-supereffective|p1b: Cresselia\n|-damage|p1b: Cresselia|26\/100\n|-unboost|p1b: Cresselia|spd|1\n|\n|-weather|none\n|upkeep\n|turn|9\n|c|\u2606Absolitary37|crit mattered?\n|-message|LooneyTunesShow forfeited.\n|\n|win|Absolitary37\n|raw|LooneyTunesShow's rating: 1044 &rarr; <strong>1027<\/strong><br \/>(-17 for losing)\n|raw|Absolitary37's rating: 1042 &rarr; <strong>1076<\/strong><br \/>(+34 for winning)\n|l|\u2606LooneyTunesShow\n","uploadtime":1698153600,"views":21,"p1id":"looneytunesshow","p2id":"absolitary37","formatid":"gen9doublesou","rating":1027,"private":0,"password":""}