{"id":"gen9doublesou-1978444558","p1":"guzmfran","p2":"VGCsavant","format":"[Gen 9] Doubles OU","log":"|j|\u2606guzmfran\n|j|\u2606VGCsavant\n|t:|1698539804\n|gametype|doubles\n|player|p1|guzmfran|265|\n|player|p2|VGCsavant|salvatore|\n|teamsize|p1|6\n|teamsize|p2|6\n|gen|9\n|tier|[Gen 9] Doubles OU\n|rule|Species Clause: Limit one of each Pok\u00e9mon\n|rule|OHKO Clause: OHKO moves are banned\n|rule|Evasion Moves Clause: Evasion moves are banned\n|rule|Gravity Sleep Clause: The combination of sleep-inducing moves with imperfect accuracy and Gravity or Gigantamax Orbeetle are banned\n|rule|Endless Battle Clause: Forcing endless battles is banned\n|rule|HP Percentage Mod: HP is shown in percentages\n|clearpoke\n|poke|p1|Rillaboom, F|\n|poke|p1|Gholdengo|\n|poke|p1|Palafin, F|\n|poke|p1|Pelipper, M|\n|poke|p1|Landorus, M|\n|poke|p1|Iron Hands|\n|poke|p2|Ting-Lu|\n|poke|p2|Dondozo, F|\n|poke|p2|Flutter Mane|\n|poke|p2|Chien-Pao|\n|poke|p2|Iron Hands|\n|poke|p2|Glimmora, F|\n|teampreview\n|inactive|Battle timer is ON: inactive players will automatically lose when time's up. (requested by guzmfran)\n|inactive|VGCsavant also wants the timer to be on.\n|c|\u2606guzmfran|Mm i seee\n|inactive|VGCsavant has 270 seconds left.\n|j| LogIce\n|c|\u2606guzmfran|Hazard team\n|l|\u2606VGCsavant\n|inactive|VGCsavant disconnected and has 300 seconds to reconnect!\n|player|p2|\n|c| LogIce|Ooo I\u2019ve played this rain team before \ud83d\ude06\n|c|\u2606guzmfran|I only have 3 team \ud83d\ude02\ud83d\ude02\n|j|\u2606VGCsavant\n|inactive|VGCsavant reconnected and has 245 seconds left.\n|player|p2|VGCsavant|salvatore\n|inactive|VGCsavant has 240 seconds left.\n|c|\u2606VGCsavant|causal internet breaking lol\n|inactive|VGCsavant has 210 seconds left.\n|c| LogIce|Savant have you laddered since basc ban\n|c|\u2606VGCsavant|zee team\n|inactive|VGCsavant has 180 seconds left.\n|inactive|guzmfran no longer wants the timer on, but the timer is staying on because vgcsavant still does.\n|\n|t:|1698539953\n|start\n|switch|p1a: Landorus|Landorus, M|100\/100\n|switch|p1b: Palafin|Palafin, F|100\/100\n|switch|p2a: Glimmora|Glimmora, F|100\/100\n|switch|p2b: Iron Hands|Iron Hands|100\/100\n|turn|1\n|c|\u2606VGCsavant|yes i have been\n|c| LogIce|I haven\u2019t in a min\n|c| LogIce|is it more balanced\n|\n|t:|1698539980\n|detailschange|p1b: Palafin|Palafin-Hero, F\n|switch|p1b: Pelipper|Pelipper, M|100\/100\n|-weather|RainDance|[from] ability: Drizzle|[of] p1b: Pelipper\n|-terastallize|p1a: Landorus|Ghost\n|move|p2b: Iron Hands|Fake Out|p1a: Landorus\n|-immune|p1a: Landorus\n|move|p1a: Landorus|Sandsear Storm|p2b: Iron Hands|[spread] p2a,p2b\n|-supereffective|p2a: Glimmora\n|-supereffective|p2b: Iron Hands\n|-enditem|p2a: Glimmora|Focus Sash\n|-damage|p2a: Glimmora|1\/100\n|-damage|p2b: Iron Hands|48\/100\n|move|p2a: Glimmora|Stealth Rock|p1b: Pelipper\n|-sidestart|p1: guzmfran|move: Stealth Rock\n|\n|-weather|RainDance|[upkeep]\n|upkeep\n|turn|2\n|\n|t:|1698540008\n|-end|p2b: Iron Hands|Quark Drive|[silent]\n|switch|p2b: Ting-Lu|Ting-Lu|100\/100\n|-ability|p2b: Ting-Lu|Vessel of Ruin\n|move|p2a: Glimmora|Spiky Shield|p2a: Glimmora\n|-singleturn|p2a: Glimmora|move: Protect\n|move|p1a: Landorus|Sandsear Storm|p2a: Glimmora|[spread] p2b\n|-activate|p2a: Glimmora|move: Protect\n|-damage|p2b: Ting-Lu|74\/100\n|move|p1b: Pelipper|Hurricane|p2b: Ting-Lu\n|-damage|p2b: Ting-Lu|57\/100\n|\n|-weather|RainDance|[upkeep]\n|-heal|p2b: Ting-Lu|63\/100|[from] item: Leftovers\n|upkeep\n|turn|3\n|inactive|VGCsavant has 270 seconds left.\n|\n|t:|1698540043\n|move|p2b: Ting-Lu|Protect|p2b: Ting-Lu\n|-singleturn|p2b: Ting-Lu|Protect\n|move|p1a: Landorus|Sandsear Storm|p2b: Ting-Lu|[spread] p2a\n|-activate|p2b: Ting-Lu|move: Protect\n|-supereffective|p2a: Glimmora\n|-damage|p2a: Glimmora|0 fnt\n|faint|p2a: Glimmora\n|move|p1b: Pelipper|Tailwind|p1b: Pelipper\n|-sidestart|p1: guzmfran|move: Tailwind\n|\n|-weather|RainDance|[upkeep]\n|-heal|p2b: Ting-Lu|70\/100|[from] item: Leftovers\n|upkeep\n|\n|t:|1698540051\n|switch|p2a: Chien-Pao|Chien-Pao|100\/100\n|-ability|p2a: Chien-Pao|Sword of Ruin\n|turn|4\n|inactive|VGCsavant has 240 seconds left.\n|\n|t:|1698540084\n|switch|p1a: Rillaboom|Rillaboom, F|100\/100\n|-damage|p1a: Rillaboom|88\/100|[from] Stealth Rock\n|-fieldstart|move: Grassy Terrain|[from] ability: Grassy Surge|[of] p1a: Rillaboom\n|switch|p2b: Dondozo|Dondozo, F|100\/100\n|move|p2a: Chien-Pao|Sucker Punch||[still]\n|-fail|p2a: Chien-Pao\n|move|p1b: Pelipper|Hurricane|p2a: Chien-Pao\n|-damage|p2a: Chien-Pao|41\/100\n|\n|-weather|RainDance|[upkeep]\n|-heal|p1a: Rillaboom|94\/100|[from] Grassy Terrain\n|-heal|p2a: Chien-Pao|47\/100|[from] Grassy Terrain\n|upkeep\n|turn|5\n|inactive|VGCsavant has 240 seconds left.\n|l|\u2606VGCsavant\n|inactive|VGCsavant disconnected and has 275 seconds to reconnect!\n|player|p2|\n|inactive|VGCsavant has 270 seconds to reconnect!\n|l| LogIce\n|inactive|VGCsavant has 240 seconds to reconnect!\n|j| LogIce\n|j|\u2606VGCsavant\n|inactive|VGCsavant reconnected and has 220 seconds left.\n|player|p2|VGCsavant|salvatore\n|inactive|VGCsavant has 210 seconds left.\n|\n|t:|1698540214\n|switch|p2a: Iron Hands|Iron Hands|48\/100\n|-terastallize|p2b: Dondozo|Grass\n|move|p1a: Rillaboom|Grassy Glide|p2b: Dondozo\n|-resisted|p2b: Dondozo\n|-damage|p2b: Dondozo|90\/100\n|move|p1b: Pelipper|Hurricane|p2a: Iron Hands\n|-damage|p2a: Iron Hands|30\/100\n|move|p2b: Dondozo|Wave Crash|p1b: Pelipper\n|-resisted|p1b: Pelipper\n|-damage|p1b: Pelipper|56\/100\n|-damage|p2b: Dondozo|79\/100|[from] Recoil\n|-enditem|p1b: Pelipper|Eject Button\n|\n|t:|1698540233\n|switch|p1b: Landorus|Landorus, M, tera:Ghost|100\/100\n|-damage|p1b: Landorus|88\/100|[from] Stealth Rock\n|\n|-weather|none\n|-heal|p1b: Landorus|94\/100|[from] Grassy Terrain\n|-heal|p1a: Rillaboom|100\/100|[from] Grassy Terrain\n|-heal|p2a: Iron Hands|36\/100|[from] Grassy Terrain\n|-heal|p2b: Dondozo|86\/100|[from] Grassy Terrain\n|-heal|p2b: Dondozo|92\/100|[from] item: Leftovers\n|upkeep\n|turn|6\n|inactive|VGCsavant has 210 seconds left.\n|inactive|VGCsavant has 180 seconds left.\n|\n|t:|1698540285\n|switch|p1a: Gholdengo|Gholdengo|100\/100\n|-damage|p1a: Gholdengo|94\/100|[from] Stealth Rock\n|-end|p2a: Iron Hands|Quark Drive|[silent]\n|switch|p2a: Ting-Lu|Ting-Lu|70\/100\n|-ability|p2a: Ting-Lu|Vessel of Ruin\n|move|p1b: Landorus|Sludge Bomb|p2b: Dondozo\n|-supereffective|p2b: Dondozo\n|-damage|p2b: Dondozo|40\/100\n|move|p2b: Dondozo|Wave Crash|p1b: Landorus\n|-damage|p1b: Landorus|36\/100\n|-damage|p2b: Dondozo|27\/100|[from] Recoil\n|\n|-heal|p1b: Landorus|42\/100|[from] Grassy Terrain\n|-heal|p1a: Gholdengo|100\/100|[from] Grassy Terrain\n|-heal|p2a: Ting-Lu|76\/100|[from] Grassy Terrain\n|-heal|p2a: Ting-Lu|82\/100|[from] item: Leftovers\n|-heal|p2b: Dondozo|33\/100|[from] Grassy Terrain\n|-heal|p2b: Dondozo|39\/100|[from] item: Leftovers\n|-sideend|p1: guzmfran|move: Tailwind\n|upkeep\n|turn|7\n|inactive|VGCsavant has 180 seconds left.\n|\n|t:|1698540325\n|move|p2b: Dondozo|Protect|p2b: Dondozo\n|-singleturn|p2b: Dondozo|Protect\n|move|p1b: Landorus|Sludge Bomb|p2b: Dondozo\n|-activate|p2b: Dondozo|move: Protect\n|move|p1a: Gholdengo|Nasty Plot|p1a: Gholdengo\n|-boost|p1a: Gholdengo|spa|2\n|move|p2a: Ting-Lu|Throat Chop|p1b: Landorus\n|-supereffective|p1b: Landorus\n|-damage|p1b: Landorus|0 fnt\n|faint|p1b: Landorus\n|\n|-heal|p2a: Ting-Lu|88\/100|[from] Grassy Terrain\n|-heal|p2a: Ting-Lu|94\/100|[from] item: Leftovers\n|-heal|p2b: Dondozo|45\/100|[from] Grassy Terrain\n|-heal|p2b: Dondozo|52\/100|[from] item: Leftovers\n|upkeep\n|inactive|guzmfran has 270 seconds left.\n|\n|t:|1698540343\n|switch|p1b: Palafin|Palafin-Hero, F|100\/100\n|-damage|p1b: Palafin|88\/100|[from] Stealth Rock\n|-activate|p1b: Palafin|ability: Zero to Hero\n|turn|8\n|inactive|VGCsavant has 180 seconds left.\n|inactive|guzmfran has 270 seconds left.\n|\n|t:|1698540383\n|move|p2a: Ting-Lu|Protect|p2a: Ting-Lu\n|-singleturn|p2a: Ting-Lu|Protect\n|move|p1b: Palafin|Flip Turn|p2a: Ting-Lu\n|-activate|p2a: Ting-Lu|move: Protect\n|move|p1a: Gholdengo|Make It Rain|p2a: Ting-Lu|[spread] p2b\n|-activate|p2a: Ting-Lu|move: Protect\n|-damage|p2b: Dondozo|0 fnt\n|-unboost|p1a: Gholdengo|spa|1\n|faint|p2b: Dondozo\n|\n|-heal|p1b: Palafin|94\/100|[from] Grassy Terrain\n|-heal|p2a: Ting-Lu|99\/100|[from] Grassy Terrain\n|-heal|p2a: Ting-Lu|100\/100|[from] item: Leftovers\n|-fieldend|move: Grassy Terrain\n|upkeep\n|\n|t:|1698540400\n|switch|p2b: Iron Hands|Iron Hands|36\/100\n|turn|9\n|inactive|VGCsavant has 180 seconds left.\n|\n|t:|1698540417\n|switch|p1b: Rillaboom|Rillaboom, F|100\/100\n|-damage|p1b: Rillaboom|88\/100|[from] Stealth Rock\n|-fieldstart|move: Grassy Terrain|[from] ability: Grassy Surge|[of] p1b: Rillaboom\n|move|p1a: Gholdengo|Protect|p1a: Gholdengo\n|-singleturn|p1a: Gholdengo|Protect\n|move|p2b: Iron Hands|Fake Out|p1b: Rillaboom\n|-damage|p1b: Rillaboom|73\/100\n|move|p2a: Ting-Lu|Whirlwind|p1a: Gholdengo\n|-immune|p1a: Gholdengo|[from] ability: Good as Gold\n|\n|-heal|p1b: Rillaboom|79\/100|[from] Grassy Terrain\n|-heal|p2b: Iron Hands|43\/100|[from] Grassy Terrain\n|upkeep\n|turn|10\n|inactive|VGCsavant has 180 seconds left.\n|c| LogIce|I did that the other day in a draft match\n|inactive|guzmfran has 270 seconds left.\n|\n|t:|1698540467\n|move|p1b: Rillaboom|Grassy Glide|p2b: Iron Hands\n|-damage|p2b: Iron Hands|18\/100\n|move|p1a: Gholdengo|Make It Rain|p2a: Ting-Lu|[spread] p2a,p2b\n|-resisted|p2b: Iron Hands\n|-damage|p2a: Ting-Lu|63\/100\n|-damage|p2b: Iron Hands|5\/100\n|-unboost|p1a: Gholdengo|spa|1\n|move|p2b: Iron Hands|Drain Punch|p1b: Rillaboom\n|-damage|p1b: Rillaboom|41\/100\n|-heal|p2b: Iron Hands|22\/100|[from] drain|[of] p1b: Rillaboom\n|-enditem|p1b: Rillaboom|Sitrus Berry|[eat]\n|-heal|p1b: Rillaboom|66\/100|[from] item: Sitrus Berry\n|move|p2a: Ting-Lu|Throat Chop|p1a: Gholdengo\n|-supereffective|p1a: Gholdengo\n|-damage|p1a: Gholdengo|28\/100\n|-start|p1a: Gholdengo|Throat Chop|[silent]\n|\n|-heal|p1a: Gholdengo|34\/100|[from] Grassy Terrain\n|-heal|p1a: Gholdengo|41\/100|[from] item: Leftovers\n|-heal|p1b: Rillaboom|73\/100|[from] Grassy Terrain\n|-heal|p2b: Iron Hands|28\/100|[from] Grassy Terrain\n|-heal|p2a: Ting-Lu|69\/100|[from] Grassy Terrain\n|-heal|p2a: Ting-Lu|75\/100|[from] item: Leftovers\n|upkeep\n|turn|11\n|c| LogIce|i always forget it blocks whirlwind lol\n|inactive|guzmfran has 270 seconds left.\n|c|\u2606VGCsavant|lol\n|inactive|VGCsavant has 150 seconds left.\n|l|\u2606guzmfran\n|inactive|guzmfran disconnected and has 300 seconds to reconnect!\n|player|p1|\n|inactive|VGCsavant has 120 seconds left.\n|\n|t:|1698540529\n|move|p1a: Gholdengo|Protect|p1a: Gholdengo\n|-singleturn|p1a: Gholdengo|Protect\n|move|p1b: Rillaboom|U-turn|p2a: Ting-Lu\n|-supereffective|p2a: Ting-Lu\n|-damage|p2a: Ting-Lu|49\/100\n|j|\u2606guzmfran\n|inactive|guzmfran reconnected and has 255 seconds left.\n|player|p1|guzmfran|265\n|inactive|guzmfran also wants the timer to be on.\n|inactive|guzmfran has 240 seconds left.\n|\n|t:|1698540559\n|switch|p1b: Pelipper|Pelipper, M|56\/100|[from] U-turn\n|-damage|p1b: Pelipper|31\/100|[from] Stealth Rock\n|-weather|RainDance|[from] ability: Drizzle|[of] p1b: Pelipper\n|move|p2b: Iron Hands|Drain Punch|p1b: Pelipper\n|-resisted|p1b: Pelipper\n|-damage|p1b: Pelipper|9\/100\n|-heal|p2b: Iron Hands|36\/100|[from] drain|[of] p1b: Pelipper\n|move|p2a: Ting-Lu|Whirlwind|p1b: Pelipper\n|drag|p1b: Rillaboom|Rillaboom, F|73\/100\n|-damage|p1b: Rillaboom|60\/100|[from] Stealth Rock\n|\n|-weather|RainDance|[upkeep]\n|-heal|p1a: Gholdengo|47\/100|[from] Grassy Terrain\n|-heal|p1a: Gholdengo|53\/100|[from] item: Leftovers\n|-heal|p1b: Rillaboom|66\/100|[from] Grassy Terrain\n|-heal|p2b: Iron Hands|42\/100|[from] Grassy Terrain\n|-heal|p2a: Ting-Lu|56\/100|[from] Grassy Terrain\n|-heal|p2a: Ting-Lu|62\/100|[from] item: Leftovers\n|-end|p1a: Gholdengo|Throat Chop|[silent]\n|upkeep\n|turn|12\n|inactive|guzmfran has 240 seconds left.\n|inactive|VGCsavant has 120 seconds left.\n|\n|t:|1698540610\n|move|p1b: Rillaboom|Grassy Glide|p2a: Ting-Lu\n|-supereffective|p2a: Ting-Lu\n|-damage|p2a: Ting-Lu|20\/100\n|move|p1a: Gholdengo|Nasty Plot|p1a: Gholdengo\n|-boost|p1a: Gholdengo|spa|2\n|move|p2b: Iron Hands|Drain Punch|p1b: Rillaboom\n|-damage|p1b: Rillaboom|26\/100\n|-heal|p2b: Iron Hands|60\/100|[from] drain|[of] p1b: Rillaboom\n|move|p2a: Ting-Lu|Throat Chop|p1b: Rillaboom\n|-damage|p1b: Rillaboom|0 fnt\n|faint|p1b: Rillaboom\n|\n|-weather|RainDance|[upkeep]\n|-heal|p1a: Gholdengo|59\/100|[from] Grassy Terrain\n|-heal|p1a: Gholdengo|66\/100|[from] item: Leftovers\n|-heal|p2b: Iron Hands|67\/100|[from] Grassy Terrain\n|-heal|p2a: Ting-Lu|26\/100|[from] Grassy Terrain\n|-heal|p2a: Ting-Lu|32\/100|[from] item: Leftovers\n|upkeep\n|\n|t:|1698540631\n|switch|p1b: Palafin|Palafin-Hero, F|94\/100\n|-damage|p1b: Palafin|82\/100|[from] Stealth Rock\n|turn|13\n|inactive|VGCsavant has 120 seconds left.\n|l| LogIce\n|\n|t:|1698540680\n|move|p1b: Palafin|Jet Punch|p2b: Iron Hands\n|-damage|p2b: Iron Hands|1\/100\n|move|p1a: Gholdengo|Make It Rain|p2a: Ting-Lu|[spread] p2a,p2b\n|-crit|p2a: Ting-Lu\n|-resisted|p2b: Iron Hands\n|-damage|p2a: Ting-Lu|0 fnt\n|-damage|p2b: Iron Hands|0 fnt\n|-unboost|p1a: Gholdengo|spa|1\n|faint|p2a: Ting-Lu\n|faint|p2b: Iron Hands\n|-end|p2b: Iron Hands|Quark Drive|[silent]\n|\n|-weather|RainDance|[upkeep]\n|-heal|p1b: Palafin|88\/100|[from] Grassy Terrain\n|-heal|p1a: Gholdengo|72\/100|[from] Grassy Terrain\n|-heal|p1a: Gholdengo|78\/100|[from] item: Leftovers\n|-fieldend|move: Grassy Terrain\n|upkeep\n|j| LogIce\n|\n|t:|1698540688\n|switch|p2b: Chien-Pao|Chien-Pao|47\/100\n|switch|p2a: Flutter Mane|Flutter Mane|100\/100\n|-ability|p2b: Chien-Pao|Sword of Ruin\n|-enditem|p2a: Flutter Mane|Booster Energy\n|-activate|p2a: Flutter Mane|ability: Protosynthesis|[fromitem]\n|-start|p2a: Flutter Mane|protosynthesisspe\n|turn|14\n|inactive|guzmfran has 240 seconds left.\n|inactive|VGCsavant has 90 seconds left.\n|\n|t:|1698540747\n|move|p2a: Flutter Mane|Protect|p2a: Flutter Mane\n|-singleturn|p2a: Flutter Mane|Protect\n|move|p1a: Gholdengo|Protect|p1a: Gholdengo\n|-singleturn|p1a: Gholdengo|Protect\n|move|p2b: Chien-Pao|Sucker Punch||[still]\n|-fail|p2b: Chien-Pao\n|move|p1b: Palafin|Jet Punch|p2a: Flutter Mane\n|-activate|p2a: Flutter Mane|move: Protect\n|\n|-weather|RainDance|[upkeep]\n|-heal|p1a: Gholdengo|84\/100|[from] item: Leftovers\n|upkeep\n|turn|15\n|inactive|guzmfran has 240 seconds left.\n|\n|t:|1698540779\n|move|p2b: Chien-Pao|Sucker Punch|p1b: Palafin\n|-damage|p1b: Palafin|34\/100\n|-damage|p2b: Chien-Pao|37\/100|[from] item: Life Orb\n|move|p1b: Palafin|Jet Punch|p2a: Flutter Mane\n|-damage|p2a: Flutter Mane|0 fnt\n|faint|p2a: Flutter Mane\n|-end|p2a: Flutter Mane|Protosynthesis|[silent]\n|move|p1a: Gholdengo|Make It Rain|p2b: Chien-Pao\n|-supereffective|p2b: Chien-Pao\n|-damage|p2b: Chien-Pao|0 fnt\n|-unboost|p1a: Gholdengo|spa|1\n|faint|p2b: Chien-Pao\n|\n|win|guzmfran\n|c|\u2606VGCsavant|dam ggs\n|l| LogIce\n","uploadtime":1698540795,"views":17,"p1id":"guzmfran","p2id":"vgcsavant","formatid":"gen9doublesou","rating":0,"private":0,"password":""}