{"id":"gen9doublesou-1993433973","p1":"SD8008","p2":"Claushasblackduck","format":"[Gen 9] Doubles OU","log":"|j|\u2606SD8008\n|j|\u2606Claushasblackduck\n|t:|1700317379\n|gametype|doubles\n|player|p1|SD8008|acetrainerf|\n|player|p2|Claushasblackduck|101|\n|teamsize|p1|6\n|teamsize|p2|6\n|gen|9\n|tier|[Gen 9] Doubles OU\n|rule|Species Clause: Limit one of each Pok\u00e9mon\n|rule|OHKO Clause: OHKO moves are banned\n|rule|Evasion Moves Clause: Evasion moves are banned\n|rule|Gravity Sleep Clause: The combination of sleep-inducing moves with imperfect accuracy and Gravity or Gigantamax Orbeetle are banned\n|rule|Endless Battle Clause: Forcing endless battles is banned\n|rule|HP Percentage Mod: HP is shown in percentages\n|clearpoke\n|poke|p1|Iron Moth|\n|poke|p1|Salazzle, F|\n|poke|p1|Gengar, M|\n|poke|p1|Weezing-Galar, M|\n|poke|p1|Sneasler, M|\n|poke|p1|Amoonguss, F|\n|poke|p2|Iron Leaves|\n|poke|p2|Shaymin-Sky|\n|poke|p2|Decidueye, F|\n|poke|p2|Calyrex|\n|poke|p2|Sinistcha-Masterpiece|\n|poke|p2|Leavanny, F|\n|teampreview\n|inactive|Battle timer is ON: inactive players will automatically lose when time's up. (requested by SD8008)\n|inactive|Claushasblackduck has 270 seconds left.\n|\n|t:|1700317420\n|start\n|switch|p1a: Sneasler|Sneasler, M, shiny|100\/100\n|switch|p1b: Iron Moth|Iron Moth, shiny|100\/100\n|switch|p2a: Calyrex|Calyrex|100\/100\n|switch|p2b: Leavanny|Leavanny, F|100\/100\n|-ability|p2a: Calyrex|Unnerve\n|-enditem|p1b: Iron Moth|Booster Energy\n|-activate|p1b: Iron Moth|ability: Quark Drive|[fromitem]\n|-start|p1b: Iron Moth|quarkdrivespa\n|turn|1\n|inactive|Claushasblackduck has 270 seconds left.\n|\n|t:|1700317469\n|move|p1a: Sneasler|Fake Out|p2a: Calyrex\n|-damage|p2a: Calyrex|81\/100\n|move|p1b: Iron Moth|Fiery Dance|p2b: Leavanny\n|-supereffective|p2b: Leavanny\n|-enditem|p2b: Leavanny|Focus Sash\n|-damage|p2b: Leavanny|1\/100\n|move|p2b: Leavanny|Air Slash|p1a: Sneasler\n|-supereffective|p1a: Sneasler\n|-damage|p1a: Sneasler|71\/100\n|cant|p2a: Calyrex|flinch\n|\n|upkeep\n|turn|2\n|j| CheeseofGods\n|inactive|Claushasblackduck has 270 seconds left.\n|inactive|SD8008 has 270 seconds left.\n|\n|t:|1700317505\n|move|p1b: Iron Moth|Fiery Dance|p2a: Calyrex\n|-supereffective|p2a: Calyrex\n|-damage|p2a: Calyrex|0 fnt\n|-boost|p1b: Iron Moth|spa|1\n|faint|p2a: Calyrex\n|move|p1a: Sneasler|Dire Claw|p2b: Leavanny\n|-supereffective|p2b: Leavanny\n|-damage|p2b: Leavanny|0 fnt\n|faint|p2b: Leavanny\n|\n|upkeep\n|\n|t:|1700317518\n|switch|p2b: Iron Leaves|Iron Leaves|100\/100\n|switch|p2a: Decidueye|Decidueye, F|100\/100\n|turn|3\n|inactive|Claushasblackduck has 270 seconds left.\n|\n|t:|1700317539\n|move|p1b: Iron Moth|Bug Buzz|p2b: Iron Leaves\n|-supereffective|p2b: Iron Leaves\n|-damage|p2b: Iron Leaves|0 fnt\n|faint|p2b: Iron Leaves\n|-end|p2b: Iron Leaves|Quark Drive|[silent]\n|move|p1a: Sneasler|Dire Claw|p2a: Decidueye\n|-damage|p2a: Decidueye|35\/100\n|move|p2a: Decidueye|Hurricane|p1a: Sneasler\n|-supereffective|p1a: Sneasler\n|-damage|p1a: Sneasler|5\/100\n|-start|p1a: Sneasler|confusion\n|\n|upkeep\n|\n|t:|1700317552\n|switch|p2b: Shaymin|Shaymin-Sky|100\/100\n|turn|4\n|inactive|Claushasblackduck has 270 seconds left.\n|\n|t:|1700317585\n|move|p2b: Shaymin|Play Rough|p1b: Iron Moth|[miss]\n|-miss|p2b: Shaymin|p1b: Iron Moth\n|move|p1b: Iron Moth|Sludge Wave|p2b: Shaymin|[spread] p1a,p2a,p2b\n|-resisted|p1a: Sneasler\n|-supereffective|p2b: Shaymin\n|-damage|p1a: Sneasler|0 fnt\n|-damage|p2a: Decidueye|0 fnt\n|-damage|p2b: Shaymin|0 fnt\n|faint|p1a: Sneasler\n|faint|p2a: Decidueye\n|faint|p2b: Shaymin\n|\n|upkeep\n|inactive|Claushasblackduck has 270 seconds left.\n|c|\u2606SD8008|1 point given\n|\n|t:|1700317604\n|switch|p2b: Sinistcha|Sinistcha-Masterpiece|100\/100\n|switch|p1a: Salazzle|Salazzle, F, shiny|100\/100\n|turn|5\n|\n|t:|1700317613\n|move|p1b: Iron Moth|Fiery Dance|p2b: Sinistcha\n|-supereffective|p2b: Sinistcha\n|-damage|p2b: Sinistcha|0 fnt\n|-boost|p1b: Iron Moth|spa|1\n|faint|p2b: Sinistcha\n|\n|win|SD8008\n","uploadtime":1700317621,"views":7,"p1id":"sd8008","p2id":"claushasblackduck","formatid":"gen9doublesou","rating":0,"private":0,"password":""}