{"id":"gen9doublesou-1986789360","p1":"GoldTheSnail0531","p2":"Todaisal","format":"[Gen 9] Doubles OU","log":"|j|\u2606GoldTheSnail0531\n|j|\u2606Todaisal\n|t:|1699525526\n|gametype|doubles\n|player|p1|GoldTheSnail0531|1|1082\n|player|p2|Todaisal|2|1209\n|teamsize|p1|6\n|teamsize|p2|6\n|gen|9\n|tier|[Gen 9] Doubles OU\n|rated|\n|rule|Species Clause: Limit one of each Pok\u00e9mon\n|rule|OHKO Clause: OHKO moves are banned\n|rule|Evasion Moves Clause: Evasion moves are banned\n|rule|Gravity Sleep Clause: The combination of sleep-inducing moves with imperfect accuracy and Gravity or Gigantamax Orbeetle are banned\n|rule|Endless Battle Clause: Forcing endless battles is banned\n|rule|HP Percentage Mod: HP is shown in percentages\n|clearpoke\n|poke|p1|Indeedee-F, F|\n|poke|p1|Armarouge, F|\n|poke|p1|Meowscarada, F|\n|poke|p1|Iron Hands|\n|poke|p1|Amoonguss, M|\n|poke|p1|Flutter Mane|\n|poke|p2|Oricorio-Pom-Pom, M|\n|poke|p2|Volcarona, M|\n|poke|p2|Maushold-Four|\n|poke|p2|Lilligant-Hisui, F|\n|poke|p2|Krookodile, F|\n|poke|p2|Ninetales, F|\n|teampreview\n|inactive|Battle timer is ON: inactive players will automatically lose when time's up. (requested by Todaisal)\n|\n|t:|1699525551\n|start\n|switch|p1a: Iron Hands|Iron Hands|100\/100\n|switch|p1b: Amoonguss|Amoonguss, M|100\/100\n|switch|p2a: Oricorio|Oricorio-Pom-Pom, M|100\/100\n|switch|p2b: Volcarona|Volcarona, M|100\/100\n|turn|1\n|\n|t:|1699525581\n|move|p2b: Volcarona|Quiver Dance|p2b: Volcarona\n|-boost|p2b: Volcarona|spa|1\n|-boost|p2b: Volcarona|spd|1\n|-boost|p2b: Volcarona|spe|1\n|-activate|p2a: Oricorio|ability: Dancer\n|move|p2a: Oricorio|Quiver Dance|p2a: Oricorio|[from]ability: Dancer\n|-boost|p2a: Oricorio|spa|1\n|-boost|p2a: Oricorio|spd|1\n|-boost|p2a: Oricorio|spe|1\n|move|p2a: Oricorio|Air Cutter|p1a: Iron Hands|[spread] p1a,p1b\n|-supereffective|p1b: Amoonguss\n|-damage|p1a: Iron Hands|81\/100\n|-damage|p1b: Amoonguss|65\/100\n|move|p1a: Iron Hands|Thunder Punch|p2a: Oricorio\n|-damage|p2a: Oricorio|56\/100\n|move|p1b: Amoonguss|Spore|p2b: Volcarona\n|-status|p2b: Volcarona|slp|[from] move: Spore\n|\n|-heal|p1a: Iron Hands|87\/100|[from] item: Leftovers\n|upkeep\n|turn|2\n|\n|t:|1699525606\n|move|p2a: Oricorio|Protect|p2a: Oricorio\n|-singleturn|p2a: Oricorio|Protect\n|move|p1b: Amoonguss|Rage Powder|p1b: Amoonguss\n|-singleturn|p1b: Amoonguss|move: Rage Powder\n|cant|p2b: Volcarona|slp\n|move|p1a: Iron Hands|Swords Dance|p1a: Iron Hands\n|-boost|p1a: Iron Hands|atk|2\n|-activate|p2a: Oricorio|ability: Dancer\n|move|p2a: Oricorio|Swords Dance|p2a: Oricorio|[from]ability: Dancer\n|-boost|p2a: Oricorio|atk|2\n|\n|-heal|p1a: Iron Hands|94\/100|[from] item: Leftovers\n|upkeep\n|turn|3\n|\n|t:|1699525633\n|cant|p2b: Volcarona|slp\n|move|p2a: Oricorio|Air Cutter|p1b: Amoonguss|[spread] p1a,p1b\n|-supereffective|p1b: Amoonguss\n|-damage|p1a: Iron Hands|75\/100\n|-damage|p1b: Amoonguss|31\/100\n|move|p1a: Iron Hands|Thunder Punch|p2a: Oricorio\n|-damage|p2a: Oricorio|0 fnt\n|faint|p2a: Oricorio\n|move|p1b: Amoonguss|Pollen Puff|p1a: Iron Hands\n|-heal|p1a: Iron Hands|100\/100\n|\n|upkeep\n|\n|t:|1699525642\n|switch|p2a: Ninetales|Ninetales, F|100\/100\n|-weather|SunnyDay|[from] ability: Drought|[of] p2a: Ninetales\n|turn|4\n|\n|t:|1699525658\n|move|p1b: Amoonguss|Rage Powder|p1b: Amoonguss\n|-singleturn|p1b: Amoonguss|move: Rage Powder\n|cant|p2b: Volcarona|slp\n|move|p2a: Ninetales|Will-O-Wisp|p1b: Amoonguss\n|-status|p1b: Amoonguss|brn\n|move|p1a: Iron Hands|Drain Punch|p2b: Volcarona\n|-resisted|p2b: Volcarona\n|-damage|p2b: Volcarona|47\/100 slp\n|\n|-weather|SunnyDay|[upkeep]\n|-damage|p1b: Amoonguss|25\/100 brn|[from] brn\n|upkeep\n|turn|5\n|\n|t:|1699525681\n|move|p1b: Amoonguss|Protect|p1b: Amoonguss\n|-singleturn|p1b: Amoonguss|Protect\n|-curestatus|p2b: Volcarona|slp|[msg]\n|move|p2b: Volcarona|Fiery Dance|p1b: Amoonguss\n|-activate|p1b: Amoonguss|move: Protect\n|move|p2a: Ninetales|Will-O-Wisp|p1a: Iron Hands\n|-status|p1a: Iron Hands|brn\n|move|p1a: Iron Hands|Thunder Punch|p2b: Volcarona\n|-damage|p2b: Volcarona|0 fnt\n|faint|p2b: Volcarona\n|\n|-weather|SunnyDay|[upkeep]\n|-damage|p1a: Iron Hands|94\/100 brn|[from] brn\n|-damage|p1b: Amoonguss|19\/100 brn|[from] brn\n|upkeep\n|\n|t:|1699525686\n|switch|p2b: Lilligant|Lilligant-Hisui, F|100\/100\n|turn|6\n|\n|t:|1699525705\n|switch|p1b: Flutter Mane|Flutter Mane|100\/100\n|-activate|p1b: Flutter Mane|ability: Protosynthesis\n|-start|p1b: Flutter Mane|protosynthesisspa\n|move|p1a: Iron Hands|Protect|p1a: Iron Hands\n|-singleturn|p1a: Iron Hands|Protect\n|move|p2b: Lilligant|Victory Dance|p2b: Lilligant\n|-boost|p2b: Lilligant|atk|1\n|-boost|p2b: Lilligant|def|1\n|-boost|p2b: Lilligant|spe|1\n|move|p2a: Ninetales|Heat Wave|p1b: Flutter Mane|[spread] p1b\n|-activate|p1a: Iron Hands|move: Protect\n|-damage|p1b: Flutter Mane|42\/100\n|\n|-weather|SunnyDay|[upkeep]\n|-heal|p1a: Iron Hands|100\/100 brn|[from] item: Leftovers\n|-damage|p1a: Iron Hands|94\/100 brn|[from] brn\n|upkeep\n|turn|7\n|\n|t:|1699525727\n|move|p1b: Flutter Mane|Protect|p1b: Flutter Mane\n|-singleturn|p1b: Flutter Mane|Protect\n|move|p2b: Lilligant|Poison Jab|p1b: Flutter Mane\n|-activate|p1b: Flutter Mane|move: Protect\n|move|p2a: Ninetales|Heat Wave|p1a: Iron Hands|[spread] p1a\n|-activate|p1b: Flutter Mane|move: Protect\n|-damage|p1a: Iron Hands|47\/100 brn\n|move|p1a: Iron Hands|Thunder Punch|p2a: Ninetales\n|-damage|p2a: Ninetales|42\/100\n|\n|-weather|SunnyDay|[upkeep]\n|-heal|p1a: Iron Hands|53\/100 brn|[from] item: Leftovers\n|-damage|p1a: Iron Hands|47\/100 brn|[from] brn\n|upkeep\n|turn|8\n|\n|t:|1699525747\n|-terastallize|p1b: Flutter Mane|Fairy\n|move|p2b: Lilligant|Poison Jab|p1b: Flutter Mane\n|-supereffective|p1b: Flutter Mane\n|-damage|p1b: Flutter Mane|0 fnt\n|faint|p1b: Flutter Mane\n|-end|p1b: Flutter Mane|Protosynthesis|[silent]\n|-damage|p2b: Lilligant|91\/100|[from] item: Life Orb\n|move|p2a: Ninetales|Heat Wave|p1a: Iron Hands\n|-damage|p1a: Iron Hands|0 fnt\n|faint|p1a: Iron Hands\n|-end|p1a: Iron Hands|Quark Drive|[silent]\n|\n|-weather|none\n|upkeep\n|\n|t:|1699525760\n|switch|p1b: Indeedee|Indeedee-F, F|100\/100\n|switch|p1a: Armarouge|Armarouge, F|100\/100\n|-fieldstart|move: Psychic Terrain|[from] ability: Psychic Surge|[of] p1b: Indeedee\n|-enditem|p1b: Indeedee|Psychic Seed\n|-boost|p1b: Indeedee|spd|1|[from] item: Psychic Seed\n|turn|9\n|\n|t:|1699525775\n|move|p1b: Indeedee|Follow Me|p1b: Indeedee\n|-singleturn|p1b: Indeedee|move: Follow Me\n|move|p2b: Lilligant|Ice Spinner|p1b: Indeedee\n|-damage|p1b: Indeedee|34\/100\n|-fieldend|move: Psychic Terrain\n|-damage|p2b: Lilligant|81\/100|[from] item: Life Orb\n|move|p2a: Ninetales|Heat Wave|p1a: Armarouge|[spread] p1b\n|-start|p1a: Armarouge|ability: Flash Fire\n|-damage|p1b: Indeedee|17\/100\n|move|p1a: Armarouge|Trick Room|p1a: Armarouge\n|-fieldstart|move: Trick Room|[of] p1a: Armarouge\n|\n|upkeep\n|turn|10\n|\n|t:|1699525797\n|switch|p2b: Krookodile|Krookodile, F|100\/100\n|-ability|p2b: Krookodile|Intimidate|boost\n|-unboost|p1a: Armarouge|atk|1\n|-unboost|p1b: Indeedee|atk|1\n|move|p1b: Indeedee|Helping Hand|p1a: Armarouge\n|-singleturn|p1a: Armarouge|Helping Hand|[of] p1b: Indeedee\n|move|p1a: Armarouge|Armor Cannon|p2b: Krookodile\n|-damage|p2b: Krookodile|0 fnt\n|-unboost|p1a: Armarouge|def|1\n|-unboost|p1a: Armarouge|spd|1\n|faint|p2b: Krookodile\n|-damage|p1a: Armarouge|91\/100|[from] item: Life Orb\n|move|p2a: Ninetales|Hex|p1a: Armarouge\n|-supereffective|p1a: Armarouge\n|-damage|p1a: Armarouge|33\/100\n|\n|upkeep\n|\n|t:|1699525809\n|switch|p2b: Maushold|Maushold-Four|100\/100\n|turn|11\n|\n|t:|1699525822\n|switch|p2a: Lilligant|Lilligant-Hisui, F|81\/100\n|move|p1b: Indeedee|Helping Hand|p1a: Armarouge\n|-singleturn|p1a: Armarouge|Helping Hand|[of] p1b: Indeedee\n|move|p2b: Maushold|Follow Me|p2b: Maushold\n|-singleturn|p2b: Maushold|move: Follow Me\n|move|p1a: Armarouge|Expanding Force|p2b: Maushold\n|-crit|p2b: Maushold\n|-damage|p2b: Maushold|0 fnt\n|faint|p2b: Maushold\n|-damage|p1a: Armarouge|23\/100|[from] item: Life Orb\n|\n|upkeep\n|\n|t:|1699525831\n|switch|p2b: Ninetales|Ninetales, F|42\/100\n|-weather|SunnyDay|[from] ability: Drought|[of] p2b: Ninetales\n|turn|12\n|\n|t:|1699525842\n|move|p1b: Indeedee|Helping Hand|p1a: Armarouge\n|-singleturn|p1a: Armarouge|Helping Hand|[of] p1b: Indeedee\n|move|p1a: Armarouge|Expanding Force|p2a: Lilligant\n|-supereffective|p2a: Lilligant\n|-damage|p2a: Lilligant|0 fnt\n|faint|p2a: Lilligant\n|-damage|p1a: Armarouge|14\/100|[from] item: Life Orb\n|move|p2b: Ninetales|Hex|p1a: Armarouge\n|-supereffective|p1a: Armarouge\n|-damage|p1a: Armarouge|0 fnt\n|faint|p1a: Armarouge\n|\n|-weather|SunnyDay|[upkeep]\n|upkeep\n|\n|t:|1699525854\n|switch|p1a: Meowscarada|Meowscarada, F|100\/100\n|turn|13\n|\n|t:|1699525869\n|-terastallize|p2b: Ninetales|Fire\n|move|p1b: Indeedee|Helping Hand|p1a: Meowscarada\n|-singleturn|p1a: Meowscarada|Helping Hand|[of] p1b: Indeedee\n|move|p2b: Ninetales|Heat Wave|p1a: Meowscarada|[spread] p1a,p1b\n|-supereffective|p1a: Meowscarada\n|-damage|p1a: Meowscarada|0 fnt\n|-damage|p1b: Indeedee|0 fnt\n|faint|p1a: Meowscarada\n|faint|p1b: Indeedee\n|\n|-weather|SunnyDay|[upkeep]\n|-fieldend|move: Trick Room\n|upkeep\n|\n|t:|1699525880\n|switch|p1a: Amoonguss|Amoonguss, M|52\/100 brn\n|turn|14\n|\n|t:|1699525889\n|move|p2b: Ninetales|Hex|p1a: Amoonguss\n|-damage|p1a: Amoonguss|27\/100 brn\n|move|p1a: Amoonguss|Spore|p2b: Ninetales\n|-status|p2b: Ninetales|slp|[from] move: Spore\n|\n|-weather|SunnyDay|[upkeep]\n|-damage|p1a: Amoonguss|21\/100 brn|[from] brn\n|upkeep\n|turn|15\n|\n|t:|1699525898\n|cant|p2b: Ninetales|slp\n|move|p1a: Amoonguss|Pollen Puff|p2b: Ninetales\n|-resisted|p2b: Ninetales\n|-damage|p2b: Ninetales|33\/100 slp\n|\n|-weather|SunnyDay|[upkeep]\n|-damage|p1a: Amoonguss|15\/100 brn|[from] brn\n|upkeep\n|turn|16\n|\n|t:|1699525908\n|cant|p2b: Ninetales|slp\n|move|p1a: Amoonguss|Pollen Puff|p2b: Ninetales\n|-resisted|p2b: Ninetales\n|-damage|p2b: Ninetales|22\/100 slp\n|\n|-weather|none\n|-damage|p1a: Amoonguss|9\/100 brn|[from] brn\n|upkeep\n|turn|17\n|\n|t:|1699525917\n|cant|p2b: Ninetales|slp\n|move|p1a: Amoonguss|Pollen Puff|p2b: Ninetales\n|-resisted|p2b: Ninetales\n|-damage|p2b: Ninetales|13\/100 slp\n|\n|-damage|p1a: Amoonguss|3\/100 brn|[from] brn\n|upkeep\n|turn|18\n|\n|t:|1699525925\n|-curestatus|p2b: Ninetales|slp|[msg]\n|move|p2b: Ninetales|Hex|p1a: Amoonguss\n|-crit|p1a: Amoonguss\n|-damage|p1a: Amoonguss|0 fnt\n|faint|p1a: Amoonguss\n|\n|win|Todaisal\n|raw|GoldTheSnail0531's rating: 1082 &rarr; <strong>1068<\/strong><br \/>(-14 for losing)\n|raw|Todaisal's rating: 1209 &rarr; <strong>1225<\/strong><br \/>(+16 for winning)\n|c|\u2606Todaisal|Gg\n|c|\u2606GoldTheSnail0531|gg\n|l|\u2606GoldTheSnail0531\n|l|\u2606Todaisal\n|j|\u2606Todaisal\n|player|p2|Todaisal|2\n","uploadtime":1699526253,"views":17,"p1id":"goldthesnail0531","p2id":"todaisal","formatid":"gen9doublesou","rating":1068,"private":0,"password":""}