{"id":"gen9doublesou-1970022336","p1":"StephenStone1130","p2":"Leaguespinsir2.0","format":"[Gen 9] Doubles OU","log":"|j|\u2606StephenStone1130\n|j|\u2606Leaguespinsir2.0\n|t:|1697586058\n|gametype|doubles\n|player|p1|StephenStone1130|1|\n|player|p2|Leaguespinsir2.0|1|\n|teamsize|p1|6\n|teamsize|p2|6\n|gen|9\n|tier|[Gen 9] Doubles OU\n|rule|Species Clause: Limit one of each Pok\u00e9mon\n|rule|OHKO Clause: OHKO moves are banned\n|rule|Evasion Moves Clause: Evasion moves are banned\n|rule|Gravity Sleep Clause: The combination of sleep-inducing moves with imperfect accuracy and Gravity or Gigantamax Orbeetle are banned\n|rule|Endless Battle Clause: Forcing endless battles is banned\n|rule|HP Percentage Mod: HP is shown in percentages\n|clearpoke\n|poke|p1|Krookodile, F|\n|poke|p1|Cresselia, F|\n|poke|p1|Gyarados, M|\n|poke|p1|Iron Jugulis|\n|poke|p1|Lucario, F|\n|poke|p1|Typhlosion-Hisui, F|\n|poke|p2|Roaring Moon|\n|poke|p2|Tyranitar, F|\n|poke|p2|Vikavolt, M|\n|poke|p2|Houndoom, M|\n|poke|p2|Goodra-Hisui, M|\n|poke|p2|Torterra, M|\n|teampreview\n|j| Redzone92\n|j| Kevin Dickey12\n|\n|t:|1697586082\n|start\n|switch|p1a: Krookodile|Krookodile, F|100\/100\n|switch|p1b: Iron Jugulis|Iron Jugulis|100\/100\n|switch|p2a: Torterra|Torterra, M|100\/100\n|switch|p2b: Roaring Moon|Roaring Moon|100\/100\n|-enditem|p2b: Roaring Moon|Booster Energy\n|-activate|p2b: Roaring Moon|ability: Protosynthesis|[fromitem]\n|-start|p2b: Roaring Moon|protosynthesisspe\n|-enditem|p1b: Iron Jugulis|Booster Energy\n|-activate|p1b: Iron Jugulis|ability: Quark Drive|[fromitem]\n|-start|p1b: Iron Jugulis|quarkdrivespe\n|turn|1\n|\n|t:|1697586112\n|-terastallize|p1a: Krookodile|Fairy\n|move|p1b: Iron Jugulis|Protect|p1b: Iron Jugulis\n|-singleturn|p1b: Iron Jugulis|Protect\n|move|p2b: Roaring Moon|Dragon Claw|p1b: Iron Jugulis\n|-activate|p1b: Iron Jugulis|move: Protect\n|move|p1a: Krookodile|Tera Blast|p2b: Roaring Moon|[anim] Tera Blast Fairy\n|-supereffective|p2b: Roaring Moon\n|-damage|p2b: Roaring Moon|0 fnt\n|faint|p2b: Roaring Moon\n|-end|p2b: Roaring Moon|Protosynthesis|[silent]\n|-ability|p1a: Krookodile|Moxie|boost\n|-boost|p1a: Krookodile|atk|1\n|move|p2a: Torterra|Seed Bomb|p1b: Iron Jugulis\n|-activate|p1b: Iron Jugulis|move: Protect\n|\n|upkeep\n|\n|t:|1697586137\n|switch|p2b: Goodra|Goodra-Hisui, M|100\/100\n|turn|2\n|\n|t:|1697586156\n|move|p1b: Iron Jugulis|Flamethrower|p2a: Torterra\n|-supereffective|p2a: Torterra\n|-damage|p2a: Torterra|32\/100\n|move|p1a: Krookodile|Tera Blast|p2a: Torterra|[anim] Tera Blast Fairy\n|-damage|p2a: Torterra|0 fnt\n|faint|p2a: Torterra\n|-ability|p1a: Krookodile|Moxie|boost\n|-boost|p1a: Krookodile|atk|1\n|move|p2b: Goodra|Flash Cannon|p1a: Krookodile\n|-supereffective|p1a: Krookodile\n|-damage|p1a: Krookodile|1\/100\n|\n|upkeep\n|\n|t:|1697586175\n|switch|p2a: Tyranitar|Tyranitar, F|100\/100\n|-weather|Sandstorm|[from] ability: Sand Stream|[of] p2a: Tyranitar\n|turn|3\n|\n|t:|1697586186\n|move|p1b: Iron Jugulis|Earth Power|p2b: Goodra\n|-supereffective|p2b: Goodra\n|-damage|p2b: Goodra|64\/100\n|move|p1a: Krookodile|Tera Blast|p2a: Tyranitar|[anim] Tera Blast Fairy\n|-supereffective|p2a: Tyranitar\n|-damage|p2a: Tyranitar|0 fnt\n|faint|p2a: Tyranitar\n|-ability|p1a: Krookodile|Moxie|boost\n|-boost|p1a: Krookodile|atk|1\n|move|p2b: Goodra|Flash Cannon|p1a: Krookodile\n|-supereffective|p1a: Krookodile\n|-damage|p1a: Krookodile|0 fnt\n|faint|p1a: Krookodile\n|\n|-weather|Sandstorm|[upkeep]\n|-damage|p1b: Iron Jugulis|94\/100|[from] Sandstorm\n|-heal|p2b: Goodra|70\/100|[from] item: Leftovers\n|upkeep\n|\n|t:|1697586216\n|switch|p1a: Lucario|Lucario, F|100\/100\n|switch|p2a: Houndoom|Houndoom, M|100\/100\n|turn|4\n|\n|t:|1697586239\n|move|p1b: Iron Jugulis|Earth Power|p2a: Houndoom\n|-supereffective|p2a: Houndoom\n|-damage|p2a: Houndoom|14\/100\n|move|p2a: Houndoom|Flamethrower|p1a: Lucario\n|-supereffective|p1a: Lucario\n|-enditem|p1a: Lucario|Focus Sash\n|-damage|p1a: Lucario|1\/100\n|move|p1a: Lucario|Drain Punch|p2a: Houndoom\n|-supereffective|p2a: Houndoom\n|-damage|p2a: Houndoom|0 fnt\n|-heal|p1a: Lucario|8\/100|[from] drain|[of] p2a: Houndoom\n|faint|p2a: Houndoom\n|move|p2b: Goodra|Draco Meteor|p1b: Iron Jugulis\n|-damage|p1b: Iron Jugulis|29\/100\n|-unboost|p2b: Goodra|spa|2\n|\n|-weather|Sandstorm|[upkeep]\n|-damage|p1b: Iron Jugulis|23\/100|[from] Sandstorm\n|-heal|p2b: Goodra|76\/100|[from] item: Leftovers\n|upkeep\n|\n|t:|1697586259\n|switch|p2a: Vikavolt|Vikavolt, M|100\/100\n|turn|5\n|\n|t:|1697586277\n|move|p1a: Lucario|Extreme Speed|p2a: Vikavolt\n|-crit|p2a: Vikavolt\n|-damage|p2a: Vikavolt|62\/100\n|move|p1b: Iron Jugulis|Flamethrower|p2a: Vikavolt\n|-supereffective|p2a: Vikavolt\n|-damage|p2a: Vikavolt|0 fnt\n|faint|p2a: Vikavolt\n|move|p2b: Goodra|Flamethrower|p1a: Lucario\n|-supereffective|p1a: Lucario\n|-damage|p1a: Lucario|0 fnt\n|faint|p1a: Lucario\n|\n|-weather|Sandstorm|[upkeep]\n|-damage|p1b: Iron Jugulis|17\/100|[from] Sandstorm\n|-heal|p2b: Goodra|82\/100|[from] item: Leftovers\n|upkeep\n|\n|t:|1697586294\n|switch|p1a: Gyarados|Gyarados, M|100\/100\n|-ability|p1a: Gyarados|Intimidate|boost\n|-unboost|p2b: Goodra|atk|1\n|turn|6\n|\n|t:|1697586312\n|move|p1b: Iron Jugulis|Earth Power|p2b: Goodra\n|-supereffective|p2b: Goodra\n|-damage|p2b: Goodra|48\/100\n|-unboost|p2b: Goodra|spd|1\n|move|p1a: Gyarados|Earthquake|p2b: Goodra|[spread] p2b\n|-immune|p1b: Iron Jugulis\n|-supereffective|p2b: Goodra\n|-damage|p2b: Goodra|4\/100\n|move|p2b: Goodra|Flamethrower|p1a: Gyarados\n|-resisted|p1a: Gyarados\n|-crit|p1a: Gyarados\n|-damage|p1a: Gyarados|84\/100\n|\n|-weather|Sandstorm|[upkeep]\n|-damage|p1b: Iron Jugulis|11\/100|[from] Sandstorm\n|-damage|p1a: Gyarados|78\/100|[from] Sandstorm\n|-heal|p2b: Goodra|10\/100|[from] item: Leftovers\n|upkeep\n|turn|7\n|\n|t:|1697586336\n|move|p1b: Iron Jugulis|Protect|p1b: Iron Jugulis\n|-singleturn|p1b: Iron Jugulis|Protect\n|move|p1a: Gyarados|Earthquake|p2b: Goodra|[spread] p2b\n|-activate|p1b: Iron Jugulis|move: Protect\n|-supereffective|p2b: Goodra\n|-damage|p2b: Goodra|0 fnt\n|faint|p2b: Goodra\n|\n|win|StephenStone1130\n|l|\u2606Leaguespinsir2.0\n","uploadtime":1697586348,"views":23,"p1id":"stephenstone1130","p2id":"leaguespinsir20","formatid":"gen9doublesou","rating":0,"private":0,"password":""}