{"id":"gen9doublesou-1988760079","p1":"MajorPeter","p2":"goodbye oreo","format":"[Gen 9] Doubles OU","log":"|j|\u2606MajorPeter\n|j|\u2606goodbye oreo\n|t:|1699759593\n|gametype|doubles\n|player|p1|MajorPeter|nessa|1259\n|player|p2|goodbye oreo|steven|1335\n|teamsize|p1|6\n|teamsize|p2|6\n|gen|9\n|tier|[Gen 9] Doubles OU\n|rated|\n|rule|Species Clause: Limit one of each Pok\u00e9mon\n|rule|OHKO Clause: OHKO moves are banned\n|rule|Evasion Moves Clause: Evasion moves are banned\n|rule|Gravity Sleep Clause: The combination of sleep-inducing moves with imperfect accuracy and Gravity or Gigantamax Orbeetle are banned\n|rule|Endless Battle Clause: Forcing endless battles is banned\n|rule|HP Percentage Mod: HP is shown in percentages\n|clearpoke\n|poke|p1|Masquerain, M|\n|poke|p1|Espeon, F|\n|poke|p1|Passimian, M|\n|poke|p1|Wigglytuff, F|\n|poke|p1|Gothitelle, M|\n|poke|p1|Kingambit, F|\n|poke|p2|Regidrago|\n|poke|p2|Tornadus, M|\n|poke|p2|Gholdengo|\n|poke|p2|Landorus-Therian, M|\n|poke|p2|Amoonguss, F|\n|poke|p2|Typhlosion-Hisui, M|\n|teampreview\n|inactive|Battle timer is ON: inactive players will automatically lose when time's up. (requested by goodbye oreo)\n|\n|t:|1699759611\n|start\n|switch|p1a: Masquerain|Masquerain, M|100\/100\n|switch|p1b: Espeon|Espeon, F|100\/100\n|switch|p2a: Regidrago|Regidrago|100\/100\n|switch|p2b: Amoonguss|Amoonguss, F|100\/100\n|-ability|p1a: Masquerain|Intimidate|boost\n|-unboost|p2a: Regidrago|atk|1\n|-unboost|p2b: Amoonguss|atk|1\n|turn|1\n|\n|t:|1699759629\n|move|p1b: Espeon|Skill Swap|p2a: Regidrago\n|-activate|p1b: Espeon|move: Skill Swap|Dragon's Maw|Magic Bounce|[of] p2a: Regidrago\n|move|p1a: Masquerain|Sticky Web|p2a: Regidrago\n|move|p2a: Regidrago|Sticky Web|p1a: Masquerain|[from]ability: Magic Bounce\n|-sidestart|p1: MajorPeter|move: Sticky Web\n|move|p2a: Regidrago|Dragon Energy|p1b: Espeon|[spread] p1a,p1b\n|-damage|p1a: Masquerain|10\/100\n|-damage|p1b: Espeon|21\/100\n|move|p2b: Amoonguss|Toxic|p1a: Masquerain\n|-status|p1a: Masquerain|tox\n|\n|-damage|p1a: Masquerain|4\/100 tox|[from] psn\n|upkeep\n|turn|2\n|\n|t:|1699759654\n|move|p2b: Amoonguss|Protect|p2b: Amoonguss\n|-singleturn|p2b: Amoonguss|Protect\n|move|p1b: Espeon|Light Screen|p1b: Espeon\n|-sidestart|p1: MajorPeter|move: Light Screen\n|move|p1a: Masquerain|Power Split|p2a: Regidrago\n|-activate|p1a: Masquerain|move: Power Split|[of] p2a: Regidrago\n|move|p2a: Regidrago|Dragon Energy|p1a: Masquerain|[spread] p1a,p1b\n|-damage|p1a: Masquerain|0 fnt\n|-damage|p1b: Espeon|0 fnt\n|faint|p1a: Masquerain\n|faint|p1b: Espeon\n|\n|upkeep\n|inactive|MajorPeter has 120 seconds left.\n|\n|t:|1699759672\n|switch|p1b: Gothitelle|Gothitelle, M|100\/100\n|switch|p1a: Wigglytuff|Wigglytuff, F|100\/100\n|-activate|p1b: Gothitelle|move: Sticky Web\n|-unboost|p1b: Gothitelle|spe|1\n|-ability|p1b: Gothitelle|Competitive|boost\n|-boost|p1b: Gothitelle|spa|2\n|-activate|p1a: Wigglytuff|move: Sticky Web\n|-unboost|p1a: Wigglytuff|spe|1\n|-ability|p1a: Wigglytuff|Competitive|boost\n|-boost|p1a: Wigglytuff|spa|2\n|turn|3\n|inactive|goodbye oreo has 120 seconds left.\n|\n|t:|1699759727\n|move|p2a: Regidrago|Dragon Energy|p1a: Wigglytuff|[spread] p1b\n|-immune|p1a: Wigglytuff\n|-damage|p1b: Gothitelle|58\/100\n|move|p2b: Amoonguss|Spore|p1a: Wigglytuff\n|-status|p1a: Wigglytuff|slp|[from] move: Spore\n|cant|p1a: Wigglytuff|slp\n|move|p1b: Gothitelle|Trick Room|p1b: Gothitelle\n|-fieldstart|move: Trick Room|[of] p1b: Gothitelle\n|\n|upkeep\n|turn|4\n|\n|t:|1699759744\n|cant|p1a: Wigglytuff|slp\n|move|p1b: Gothitelle|Psychic|p2b: Amoonguss\n|-supereffective|p2b: Amoonguss\n|-damage|p2b: Amoonguss|0 fnt\n|faint|p2b: Amoonguss\n|move|p2a: Regidrago|Dragon Energy|p1b: Gothitelle|[spread] p1b\n|-immune|p1a: Wigglytuff\n|-damage|p1b: Gothitelle|20\/100\n|\n|upkeep\n|\n|t:|1699759764\n|switch|p2b: Landorus|Landorus-Therian, M|100\/100\n|-ability|p2b: Landorus|Intimidate|boost\n|-unboost|p1a: Wigglytuff|atk|1\n|-ability|p1a: Wigglytuff|Competitive|boost\n|-boost|p1a: Wigglytuff|spa|2\n|-unboost|p1b: Gothitelle|atk|1\n|-ability|p1b: Gothitelle|Competitive|boost\n|-boost|p1b: Gothitelle|spa|2\n|turn|5\n|\n|t:|1699759779\n|cant|p1a: Wigglytuff|slp\n|move|p1b: Gothitelle|Psychic|p2a: Regidrago\n|-damage|p2a: Regidrago|0 fnt\n|faint|p2a: Regidrago\n|move|p2b: Landorus|U-turn|p1a: Wigglytuff\n|-resisted|p1a: Wigglytuff\n|-damage|p1a: Wigglytuff|83\/100 slp\n|inactive|goodbye oreo has 120 seconds left.\n|\n|t:|1699759790\n|switch|p2b: Gholdengo|Gholdengo|100\/100|[from] U-turn\n|\n|upkeep\n|\n|t:|1699759793\n|switch|p2a: Landorus|Landorus-Therian, M|100\/100\n|-ability|p2a: Landorus|Intimidate|boost\n|-unboost|p1a: Wigglytuff|atk|1\n|-ability|p1a: Wigglytuff|Competitive|boost\n|-boost|p1a: Wigglytuff|spa|2\n|-unboost|p1b: Gothitelle|atk|1\n|-ability|p1b: Gothitelle|Competitive|boost\n|-boost|p1b: Gothitelle|spa|2\n|turn|6\n|\n|t:|1699759808\n|-curestatus|p1a: Wigglytuff|slp|[msg]\n|move|p1a: Wigglytuff|Dazzling Gleam|p2b: Gholdengo|[spread] p2a,p2b\n|-resisted|p2b: Gholdengo\n|-damage|p2a: Landorus|0 fnt\n|-damage|p2b: Gholdengo|12\/100\n|faint|p2a: Landorus\n|move|p1b: Gothitelle|Shadow Ball|p2b: Gholdengo\n|-supereffective|p2b: Gholdengo\n|-damage|p2b: Gholdengo|0 fnt\n|faint|p2b: Gholdengo\n|\n|-sideend|p1: MajorPeter|move: Light Screen\n|upkeep\n|\n|t:|1699759829\n|switch|p2b: Typhlosion|Typhlosion-Hisui, M|100\/100\n|switch|p2a: Tornadus|Tornadus, M|100\/100\n|-item|p1a: Wigglytuff|Choice Specs|[from] ability: Frisk|[of] p2b: Typhlosion|[identify]\n|-item|p1b: Gothitelle|Focus Sash|[from] ability: Frisk|[of] p2b: Typhlosion|[identify]\n|turn|7\n|\n|t:|1699759847\n|-terastallize|p2b: Typhlosion|Fire\n|move|p2a: Tornadus|Tailwind|p2a: Tornadus\n|-sidestart|p2: goodbye oreo|move: Tailwind\n|move|p1a: Wigglytuff|Dazzling Gleam|p2b: Typhlosion|[spread] p2a,p2b\n|-resisted|p2b: Typhlosion\n|-enditem|p2a: Tornadus|Focus Sash\n|-damage|p2a: Tornadus|1\/100\n|-damage|p2b: Typhlosion|0 fnt\n|faint|p2b: Typhlosion\n|move|p1b: Gothitelle|Psychic|p2a: Tornadus\n|-damage|p2a: Tornadus|0 fnt\n|faint|p2a: Tornadus\n|\n|win|MajorPeter\n|raw|MajorPeter's rating: 1259 &rarr; <strong>1289<\/strong><br \/>(+30 for winning)\n|raw|goodbye oreo's rating: 1335 &rarr; <strong>1311<\/strong><br \/>(-24 for losing)\n|l|\u2606goodbye oreo\n","uploadtime":1699759866,"views":13,"p1id":"majorpeter","p2id":"goodbyeoreo","formatid":"gen9doublesou","rating":1289,"private":0,"password":""}