{"id":"gen9doublesou-1999288735","p1":"Brawler206","p2":"RekeJG","format":"[Gen 9] Doubles OU","log":"|j|\u2606Brawler206\n|j|\u2606RekeJG\n|t:|1701055518\n|gametype|doubles\n|player|p1|Brawler206|dancer|1067\n|player|p2|RekeJG|170|1117\n|teamsize|p1|6\n|teamsize|p2|6\n|gen|9\n|tier|[Gen 9] Doubles OU\n|rated|\n|rule|Species Clause: Limit one of each Pok\u00e9mon\n|rule|OHKO Clause: OHKO moves are banned\n|rule|Evasion Moves Clause: Evasion moves are banned\n|rule|Gravity Sleep Clause: The combination of sleep-inducing moves with imperfect accuracy and Gravity or Gigantamax Orbeetle are banned\n|rule|Endless Battle Clause: Forcing endless battles is banned\n|rule|HP Percentage Mod: HP is shown in percentages\n|clearpoke\n|poke|p1|Tornadus, M|\n|poke|p1|Weavile, M|\n|poke|p1|Gengar, M|\n|poke|p1|Iron Treads|\n|poke|p1|Scream Tail|\n|poke|p1|Thundurus, M|\n|poke|p2|Weezing, M|\n|poke|p2|Roaring Moon|\n|poke|p2|Flutter Mane|\n|poke|p2|Klefki, M|\n|poke|p2|Gastrodon, M|\n|poke|p2|Tyranitar, M|\n|teampreview\n|\n|t:|1701055537\n|start\n|switch|p1a: Weavile|Weavile, M|100\/100\n|switch|p1b: Gengar|Gengar, M|100\/100\n|switch|p2a: Weezing|Weezing, M, shiny|100\/100\n|switch|p2b: Melenaleteo|Flutter Mane, shiny|100\/100\n|-ability|p2a: Weezing|Neutralizing Gas\n|-enditem|p2b: Melenaleteo|Booster Energy\n|-activate|p2b: Melenaleteo|ability: Protosynthesis|[fromitem]\n|-start|p2b: Melenaleteo|protosynthesisspe\n|turn|1\n|\n|t:|1701055579\n|-terastallize|p2b: Melenaleteo|Normal\n|move|p2b: Melenaleteo|Icy Wind|p1b: Gengar|[spread] p1a,p1b\n|-resisted|p1a: Weavile\n|-damage|p1a: Weavile|90\/100\n|-damage|p1b: Gengar|81\/100\n|-unboost|p1a: Weavile|spe|1\n|-unboost|p1b: Gengar|spe|1\n|move|p1a: Weavile|Knock Off|p2b: Melenaleteo\n|-damage|p2b: Melenaleteo|28\/100\n|move|p1b: Gengar|Taunt|p2a: Weezing\n|-start|p2a: Weezing|move: Taunt\n|cant|p2a: Weezing|move: Taunt|Poison Gas\n|\n|upkeep\n|turn|2\n|\n|t:|1701055615\n|-end|p2a: Weezing|ability: Neutralizing Gas\n|-ability|p1a: Weavile|Pressure\n|switch|p2a: Tyranitar|Tyranitar, M|100\/100\n|-weather|Sandstorm|[from] ability: Sand Stream|[of] p2a: Tyranitar\n|move|p2b: Melenaleteo|Icy Wind|p1a: Weavile|[spread] p1a,p1b\n|-resisted|p1a: Weavile\n|-damage|p1a: Weavile|80\/100\n|-damage|p1b: Gengar|63\/100\n|-unboost|p1a: Weavile|spe|1\n|-unboost|p1b: Gengar|spe|1\n|move|p1a: Weavile|Knock Off|p2b: Melenaleteo\n|-damage|p2b: Melenaleteo|0 fnt\n|faint|p2b: Melenaleteo\n|-end|p2b: Melenaleteo|Protosynthesis|[silent]\n|move|p1b: Gengar|Will-O-Wisp|p2a: Tyranitar|[miss]\n|-miss|p1b: Gengar|p2a: Tyranitar\n|\n|-weather|Sandstorm|[upkeep]\n|-damage|p1a: Weavile|74\/100|[from] Sandstorm\n|-damage|p1b: Gengar|56\/100|[from] Sandstorm\n|upkeep\n|\n|t:|1701055643\n|switch|p2b: Gastrodon|Gastrodon, M, shiny|100\/100\n|turn|3\n|\n|t:|1701055658\n|move|p2b: Gastrodon|Helping Hand|p2a: Tyranitar\n|-singleturn|p2a: Tyranitar|Helping Hand|[of] p2b: Gastrodon\n|move|p1a: Weavile|Knock Off|p2b: Gastrodon\n|-damage|p2b: Gastrodon|61\/100\n|-enditem|p2b: Gastrodon|Leftovers|[from] move: Knock Off|[of] p1a: Weavile\n|move|p1b: Gengar|Will-O-Wisp|p2a: Tyranitar\n|-status|p2a: Tyranitar|brn\n|move|p2a: Tyranitar|Rock Slide|p1b: Gengar|[spread] p1a,p1b\n|-supereffective|p1a: Weavile\n|-damage|p1a: Weavile|9\/100\n|-damage|p1b: Gengar|25\/100\n|\n|-weather|Sandstorm|[upkeep]\n|-damage|p1a: Weavile|3\/100|[from] Sandstorm\n|-damage|p1b: Gengar|19\/100|[from] Sandstorm\n|-damage|p2a: Tyranitar|94\/100 brn|[from] brn\n|upkeep\n|turn|4\n|inactive|Battle timer is ON: inactive players will automatically lose when time's up. (requested by RekeJG)\n|inactive|RekeJG has 120 seconds left.\n|\n|t:|1701055703\n|move|p1a: Weavile|Taunt|p2b: Gastrodon\n|-start|p2b: Gastrodon|move: Taunt\n|move|p1b: Gengar|Encore|p2b: Gastrodon\n|-start|p2b: Gastrodon|Encore\n|move|p2a: Tyranitar|Rock Slide|p1a: Weavile|[spread] p1b\n|-miss|p2a: Tyranitar|p1a: Weavile\n|-damage|p1b: Gengar|0 fnt\n|faint|p1b: Gengar\n|cant|p2b: Gastrodon|move: Taunt|Helping Hand\n|\n|-weather|Sandstorm|[upkeep]\n|-damage|p1a: Weavile|0 fnt|[from] Sandstorm\n|faint|p1a: Weavile\n|-damage|p2a: Tyranitar|88\/100 brn|[from] brn\n|upkeep\n|\n|t:|1701055718\n|switch|p1a: Iron Treads|Iron Treads|100\/100\n|switch|p1b: Scream Tail|Scream Tail|100\/100\n|-enditem|p1b: Scream Tail|Booster Energy\n|-activate|p1b: Scream Tail|ability: Protosynthesis|[fromitem]\n|-start|p1b: Scream Tail|protosynthesisspe\n|-enditem|p1a: Iron Treads|Booster Energy\n|-activate|p1a: Iron Treads|ability: Quark Drive|[fromitem]\n|-start|p1a: Iron Treads|quarkdrivespe\n|turn|5\n|inactive|RekeJG has 120 seconds left.\n|\n|t:|1701055750\n|switch|p2b: Klefki|Klefki, M, shiny|100\/100\n|move|p1b: Scream Tail|Howl|p1b: Scream Tail|[spread] p1a,p1b\n|-boost|p1a: Iron Treads|atk|1\n|-boost|p1b: Scream Tail|atk|1\n|move|p1a: Iron Treads|High Horsepower|p2a: Tyranitar\n|-supereffective|p2a: Tyranitar\n|-damage|p2a: Tyranitar|0 fnt\n|faint|p2a: Tyranitar\n|\n|-weather|Sandstorm|[upkeep]\n|-damage|p1b: Scream Tail|94\/100|[from] Sandstorm\n|upkeep\n|inactive|RekeJG has 120 seconds left.\n|\n|t:|1701055773\n|switch|p2a: Gastrodon|Gastrodon, M, shiny|61\/100\n|turn|6\n|inactive|RekeJG has 120 seconds left.\n|\n|t:|1701055787\n|move|p1a: Iron Treads|Protect|p1a: Iron Treads\n|-singleturn|p1a: Iron Treads|Protect\n|move|p2b: Klefki|Reflect|p2b: Klefki\n|-sidestart|p2: RekeJG|Reflect\n|move|p1b: Scream Tail|Encore|p2b: Klefki\n|-start|p2b: Klefki|Encore\n|move|p2a: Gastrodon|Muddy Water|p1a: Iron Treads|[spread] p1b\n|-activate|p1a: Iron Treads|move: Protect\n|-damage|p1b: Scream Tail|78\/100\n|\n|-weather|none\n|upkeep\n|turn|7\n|\n|t:|1701055812\n|switch|p2b: Weezing|Weezing, M, shiny|100\/100\n|-ability|p2b: Weezing|Neutralizing Gas\n|move|p1b: Scream Tail|Howl|p1b: Scream Tail|[spread] p1a,p1b\n|-boost|p1a: Iron Treads|atk|1\n|-boost|p1b: Scream Tail|atk|1\n|move|p1a: Iron Treads|High Horsepower|p2a: Gastrodon\n|-damage|p2a: Gastrodon|11\/100\n|move|p2a: Gastrodon|Muddy Water|p1b: Scream Tail|[spread] p1a\n|-miss|p2a: Gastrodon|p1b: Scream Tail\n|-supereffective|p1a: Iron Treads\n|-damage|p1a: Iron Treads|40\/100\n|-unboost|p1a: Iron Treads|accuracy|1\n|\n|upkeep\n|turn|8\n|\n|t:|1701055837\n|move|p1b: Scream Tail|Misty Terrain|p1b: Scream Tail\n|-fieldstart|move: Misty Terrain\n|move|p1a: Iron Treads|Steel Roller|p2b: Weezing\n|-damage|p2b: Weezing|25\/100\n|-fieldend|Misty Terrain\n|move|p2b: Weezing|Poison Gas|p1b: Scream Tail|[spread] \n|-miss|p2b: Weezing|p1b: Scream Tail\n|-immune|p1a: Iron Treads\n|move|p2a: Gastrodon|Muddy Water|p1b: Scream Tail|[spread] p1a\n|-miss|p2a: Gastrodon|p1b: Scream Tail\n|-supereffective|p1a: Iron Treads\n|-damage|p1a: Iron Treads|0 fnt\n|faint|p1a: Iron Treads\n|-end|p1a: Iron Treads|Quark Drive|[silent]\n|\n|-heal|p2b: Weezing|31\/100|[from] item: Leftovers\n|upkeep\n|\n|t:|1701055853\n|switch|p1a: Thundurus|Thundurus, M|100\/100\n|turn|9\n|\n|t:|1701055873\n|move|p1b: Scream Tail|Howl|p1b: Scream Tail|[spread] p1a,p1b\n|-boost|p1a: Thundurus|atk|1\n|-boost|p1b: Scream Tail|atk|1\n|move|p1a: Thundurus|Crunch|p2a: Gastrodon\n|-damage|p2a: Gastrodon|0 fnt\n|faint|p2a: Gastrodon\n|move|p2b: Weezing|Poison Gas|p1b: Scream Tail|[spread] p1a,p1b\n|-status|p1a: Thundurus|psn\n|-status|p1b: Scream Tail|psn\n|\n|-heal|p2b: Weezing|37\/100|[from] item: Leftovers\n|-damage|p1b: Scream Tail|65\/100 psn|[from] psn\n|-damage|p1a: Thundurus|88\/100 psn|[from] psn\n|upkeep\n|inactive|RekeJG has 120 seconds left.\n|\n|t:|1701055892\n|switch|p2a: Bramaluna|Roaring Moon|100\/100\n|-enditem|p2a: Bramaluna|Booster Energy\n|-activate|p2a: Bramaluna|ability: Protosynthesis|[fromitem]\n|-start|p2a: Bramaluna|protosynthesisatk\n|turn|10\n|\n|t:|1701055905\n|move|p1a: Thundurus|Protect|p1a: Thundurus\n|-singleturn|p1a: Thundurus|Protect\n|move|p1b: Scream Tail|Encore|p2b: Weezing\n|-start|p2b: Weezing|Encore\n|move|p2a: Bramaluna|Rock Slide|p1b: Scream Tail|[spread] p1b\n|-activate|p1a: Thundurus|move: Protect\n|-crit|p1b: Scream Tail\n|-damage|p1b: Scream Tail|33\/100 psn\n|move|p2b: Weezing|Poison Gas|p1b: Scream Tail|[spread] \n|-activate|p1a: Thundurus|move: Protect\n|-fail|p1b: Scream Tail|psn\n|\n|-heal|p2b: Weezing|43\/100|[from] item: Leftovers\n|-damage|p1b: Scream Tail|21\/100 psn|[from] psn\n|-damage|p1a: Thundurus|76\/100 psn|[from] psn\n|upkeep\n|turn|11\n|inactive|RekeJG has 120 seconds left.\n|\n|t:|1701055936\n|move|p1b: Scream Tail|Howl|p1b: Scream Tail|[spread] p1a,p1b\n|-boost|p1a: Thundurus|atk|1\n|-boost|p1b: Scream Tail|atk|1\n|move|p2a: Bramaluna|Rock Slide|p1a: Thundurus|[spread] p1a,p1b\n|-supereffective|p1a: Thundurus\n|-damage|p1a: Thundurus|0 fnt\n|-damage|p1b: Scream Tail|0 fnt\n|faint|p1a: Thundurus\n|faint|p1b: Scream Tail\n|-end|p1b: Scream Tail|Protosynthesis|[silent]\n|move|p2b: Weezing|Poison Gas|p1: Thundurus|[notarget]\n|-fail|p2b: Weezing\n|\n|-heal|p2b: Weezing|49\/100|[from] item: Leftovers\n|upkeep\n|-message|Brawler206 forfeited.\n|\n|win|RekeJG\n|raw|Brawler206's rating: 1067 &rarr; <strong>1050<\/strong><br \/>(-17 for losing)\n|raw|RekeJG's rating: 1117 &rarr; <strong>1138<\/strong><br \/>(+21 for winning)\n|l|\u2606Brawler206\n","uploadtime":1701055957,"views":10,"p1id":"brawler206","p2id":"rekejg","formatid":"gen9doublesou","rating":1050,"private":0,"password":""}