{"id":"gen9doublesou-1976996918","p1":"da real stein","p2":"yeBastion","format":"[Gen 9] Doubles OU","log":"|j|\u2606da real stein\n|j|\u2606yeBastion\n|t:|1698360063\n|gametype|doubles\n|player|p1|da real stein|1|1328\n|player|p2|yeBastion|winona|1424\n|teamsize|p1|6\n|teamsize|p2|6\n|gen|9\n|tier|[Gen 9] Doubles OU\n|rated|\n|rule|Species Clause: Limit one of each Pok\u00e9mon\n|rule|OHKO Clause: OHKO moves are banned\n|rule|Evasion Moves Clause: Evasion moves are banned\n|rule|Gravity Sleep Clause: The combination of sleep-inducing moves with imperfect accuracy and Gravity or Gigantamax Orbeetle are banned\n|rule|Endless Battle Clause: Forcing endless battles is banned\n|rule|HP Percentage Mod: HP is shown in percentages\n|clearpoke\n|poke|p1|Arcanine, M|\n|poke|p1|Torkoal, F|\n|poke|p1|Dachsbun, F|\n|poke|p1|Bronzong|\n|poke|p1|Gastrodon, F|\n|poke|p1|Goodra, F|\n|poke|p2|Politoed, M|\n|poke|p2|Basculegion-F, F|\n|poke|p2|Pelipper, M|\n|poke|p2|Overqwil, F|\n|poke|p2|Thundurus-Therian, M|\n|poke|p2|Baxcalibur, M|\n|teampreview\n|inactive|Battle timer is ON: inactive players will automatically lose when time's up. (requested by yeBastion)\n|\n|t:|1698360079\n|start\n|switch|p1a: Big Smoke|Torkoal, F|100\/100\n|switch|p1b: Snoop Dogg|Arcanine, M|100\/100\n|switch|p2a: Baxcalibur|Baxcalibur, M|100\/100\n|switch|p2b: Pelipper|Pelipper, M|100\/100\n|-ability|p1b: Snoop Dogg|Intimidate|boost\n|-unboost|p2a: Baxcalibur|atk|1\n|-unboost|p2b: Pelipper|atk|1\n|-weather|RainDance|[from] ability: Drizzle|[of] p2b: Pelipper\n|-weather|SunnyDay|[from] ability: Drought|[of] p1a: Big Smoke\n|turn|1\n|inactive|da real stein has 120 seconds left.\n|inactive|yeBastion has 120 seconds left.\n|\n|t:|1698360115\n|switch|p1b: Pillsbury|Dachsbun, F|100\/100\n|switch|p2a: Politoed|Politoed, M, shiny|100\/100\n|-weather|RainDance|[from] ability: Drizzle|[of] p2a: Politoed\n|move|p2b: Pelipper|Hydro Pump|p1a: Big Smoke\n|-supereffective|p1a: Big Smoke\n|-damage|p1a: Big Smoke|37\/100\n|move|p1a: Big Smoke|Lava Plume|p2a: Politoed|[spread] p2a,p2b\n|-ability|p1b: Pillsbury|Well-Baked Body|boost\n|-boost|p1b: Pillsbury|def|2\n|-resisted|p2a: Politoed\n|-resisted|p2b: Pelipper\n|-damage|p2a: Politoed|98\/100\n|-damage|p2b: Pelipper|94\/100\n|\n|-weather|RainDance|[upkeep]\n|upkeep\n|turn|2\n|inactive|da real stein has 120 seconds left.\n|\n|t:|1698360156\n|switch|p1a: Shelly|Gastrodon, F|100\/100\n|move|p1b: Pillsbury|Yawn|p2a: Politoed\n|-start|p2a: Politoed|move: Yawn|[of] p1b: Pillsbury\n|move|p2b: Pelipper|Hurricane|p1b: Pillsbury\n|-damage|p1b: Pillsbury|53\/100\n|move|p2a: Politoed|Muddy Water|p1a: Shelly|[spread] \n|-ability|p1a: Shelly|Storm Drain|boost\n|-boost|p1a: Shelly|spa|1\n|-miss|p2a: Politoed|p1b: Pillsbury\n|\n|-weather|RainDance|[upkeep]\n|-heal|p1b: Pillsbury|59\/100|[from] item: Leftovers\n|upkeep\n|turn|3\n|inactive|da real stein has 120 seconds left.\n|inactive|da real stein has 90 seconds left.\n|\n|t:|1698360193\n|switch|p2a: Overqwil|Overqwil, F|100\/100\n|move|p1b: Pillsbury|Yawn|p2b: Pelipper\n|-start|p2b: Pelipper|move: Yawn|[of] p1b: Pillsbury\n|move|p2b: Pelipper|Tailwind|p2b: Pelipper\n|-sidestart|p2: yeBastion|move: Tailwind\n|move|p1a: Shelly|Ice Beam|p2b: Pelipper\n|-damage|p2b: Pelipper|56\/100\n|\n|-weather|RainDance|[upkeep]\n|-heal|p1b: Pillsbury|65\/100|[from] item: Leftovers\n|upkeep\n|turn|4\n|\n|t:|1698360214\n|switch|p2b: Baxcalibur|Baxcalibur, M|100\/100\n|-terastallize|p1b: Pillsbury|Steel\n|move|p2a: Overqwil|Gunk Shot|p1b: Pillsbury\n|-immune|p1b: Pillsbury\n|move|p1b: Pillsbury|Body Press|p2a: Overqwil\n|-damage|p2a: Overqwil|52\/100\n|move|p1a: Shelly|Muddy Water|p2a: Overqwil|[spread] p2a,p2b\n|-resisted|p2b: Baxcalibur\n|-damage|p2a: Overqwil|0 fnt\n|-damage|p2b: Baxcalibur|85\/100\n|faint|p2a: Overqwil\n|\n|-weather|RainDance|[upkeep]\n|-heal|p1b: Pillsbury|71\/100|[from] item: Leftovers\n|upkeep\n|\n|t:|1698360227\n|switch|p2a: Basculegion|Basculegion-F, F|100\/100\n|turn|5\n|inactive|da real stein has 120 seconds left.\n|\n|t:|1698360243\n|move|p2a: Basculegion|Ice Beam|p1a: Shelly\n|-damage|p1a: Shelly|67\/100\n|-damage|p2a: Basculegion|91\/100|[from] item: Life Orb\n|move|p2b: Baxcalibur|Stomping Tantrum|p1b: Pillsbury\n|-supereffective|p1b: Pillsbury\n|-damage|p1b: Pillsbury|39\/100\n|move|p1b: Pillsbury|Body Press|p2b: Baxcalibur\n|-supereffective|p2b: Baxcalibur\n|-damage|p2b: Baxcalibur|13\/100\n|move|p1a: Shelly|Earth Power|p2b: Baxcalibur\n|-crit|p2b: Baxcalibur\n|-damage|p2b: Baxcalibur|0 fnt\n|faint|p2b: Baxcalibur\n|\n|-weather|RainDance|[upkeep]\n|-heal|p1b: Pillsbury|45\/100|[from] item: Leftovers\n|-heal|p1a: Shelly|73\/100|[from] item: Leftovers\n|upkeep\n|\n|t:|1698360255\n|switch|p2b: Pelipper|Pelipper, M|56\/100\n|turn|6\n|\n|t:|1698360273\n|move|p1a: Shelly|Protect|p1a: Shelly\n|-singleturn|p1a: Shelly|Protect\n|move|p2a: Basculegion|Last Respects|p1a: Shelly\n|-activate|p1a: Shelly|move: Protect\n|move|p2b: Pelipper|Hurricane|p1b: Pillsbury\n|-resisted|p1b: Pillsbury\n|-damage|p1b: Pillsbury|21\/100\n|move|p1b: Pillsbury|Crunch|p2a: Basculegion\n|-supereffective|p2a: Basculegion\n|-damage|p2a: Basculegion|43\/100\n|\n|-weather|RainDance|[upkeep]\n|-heal|p1b: Pillsbury|27\/100|[from] item: Leftovers\n|-heal|p1a: Shelly|79\/100|[from] item: Leftovers\n|-sideend|p2: yeBastion|move: Tailwind\n|upkeep\n|turn|7\n|\n|t:|1698360301\n|move|p2a: Basculegion|Last Respects|p1a: Shelly\n|-damage|p1a: Shelly|22\/100\n|-damage|p2a: Basculegion|33\/100|[from] item: Life Orb\n|move|p1b: Pillsbury|Crunch|p2a: Basculegion\n|-supereffective|p2a: Basculegion\n|-damage|p2a: Basculegion|0 fnt\n|faint|p2a: Basculegion\n|move|p2b: Pelipper|Hurricane|p1b: Pillsbury\n|-resisted|p1b: Pillsbury\n|-damage|p1b: Pillsbury|5\/100\n|-start|p1b: Pillsbury|confusion\n|move|p1a: Shelly|Earth Power|p2b: Pelipper\n|-immune|p2b: Pelipper\n|\n|-weather|RainDance|[upkeep]\n|-heal|p1b: Pillsbury|11\/100|[from] item: Leftovers\n|-heal|p1a: Shelly|28\/100|[from] item: Leftovers\n|upkeep\n|\n|t:|1698360306\n|switch|p2a: Thundurus|Thundurus-Therian, M|100\/100\n|turn|8\n|inactive|da real stein has 120 seconds left.\n|inactive|da real stein has 90 seconds left.\n|inactive|da real stein has 60 seconds left.\n|\n|t:|1698360401\n|switch|p1b: Norte Dame|Bronzong|100\/100\n|switch|p1a: Big Smoke|Torkoal, F|37\/100\n|-weather|SunnyDay|[from] ability: Drought|[of] p1a: Big Smoke\n|move|p2a: Thundurus|Nasty Plot|p2a: Thundurus\n|-boost|p2a: Thundurus|spa|2\n|move|p2b: Pelipper|Hurricane|p1b: Norte Dame|[miss]\n|-miss|p2b: Pelipper|p1b: Norte Dame\n|\n|-weather|SunnyDay|[upkeep]\n|upkeep\n|turn|9\n|\n|t:|1698360418\n|switch|p2b: Politoed|Politoed, M, shiny|98\/100\n|-weather|RainDance|[from] ability: Drizzle|[of] p2b: Politoed\n|move|p2a: Thundurus|Wildbolt Storm|p1b: Norte Dame|[spread] p1a,p1b\n|-damage|p1a: Big Smoke|0 fnt\n|-damage|p1b: Norte Dame|33\/100\n|faint|p1a: Big Smoke\n|move|p1b: Norte Dame|Trick Room|p1b: Norte Dame\n|-fieldstart|move: Trick Room|[of] p1b: Norte Dame\n|\n|-weather|RainDance|[upkeep]\n|-heal|p1b: Norte Dame|39\/100|[from] item: Leftovers\n|upkeep\n|inactive|da real stein has 60 seconds left.\n|\n|t:|1698360436\n|switch|p1a: Shelly|Gastrodon, F|28\/100\n|turn|10\n|inactive|yeBastion has 120 seconds left.\n|\n|t:|1698360469\n|-terastallize|p2a: Thundurus|Flying\n|move|p1b: Norte Dame|Hypnosis|p2a: Thundurus\n|-status|p2a: Thundurus|slp|[from] move: Hypnosis\n|move|p1a: Shelly|Ice Beam|p2a: Thundurus\n|-supereffective|p2a: Thundurus\n|-damage|p2a: Thundurus|47\/100 slp\n|move|p2b: Politoed|Icy Wind|p1a: Shelly|[spread] p1a,p1b\n|-resisted|p1b: Norte Dame\n|-damage|p1a: Shelly|20\/100\n|-damage|p1b: Norte Dame|35\/100\n|-unboost|p1a: Shelly|spe|1\n|-unboost|p1b: Norte Dame|spe|1\n|cant|p2a: Thundurus|slp\n|\n|-weather|RainDance|[upkeep]\n|-heal|p1b: Norte Dame|42\/100|[from] item: Leftovers\n|-heal|p1a: Shelly|26\/100|[from] item: Leftovers\n|upkeep\n|turn|11\n|inactive|da real stein has 90 seconds left.\n|\n|t:|1698360493\n|cant|p2a: Thundurus|slp\n|move|p1b: Norte Dame|Psychic|p2b: Politoed\n|-damage|p2b: Politoed|80\/100\n|move|p1a: Shelly|Ice Beam|p2a: Thundurus\n|-supereffective|p2a: Thundurus\n|-damage|p2a: Thundurus|0 fnt\n|faint|p2a: Thundurus\n|move|p2b: Politoed|Icy Wind|p1b: Norte Dame|[spread] p1a,p1b\n|-resisted|p1b: Norte Dame\n|-damage|p1a: Shelly|18\/100\n|-damage|p1b: Norte Dame|38\/100\n|-unboost|p1a: Shelly|spe|1\n|-unboost|p1b: Norte Dame|spe|1\n|\n|-weather|RainDance|[upkeep]\n|-heal|p1b: Norte Dame|44\/100|[from] item: Leftovers\n|-heal|p1a: Shelly|24\/100|[from] item: Leftovers\n|upkeep\n|\n|t:|1698360497\n|switch|p2a: Pelipper|Pelipper, M|56\/100\n|turn|12\n|inactive|da real stein has 90 seconds left.\n|\n|t:|1698360521\n|move|p1a: Shelly|Protect|p1a: Shelly\n|-singleturn|p1a: Shelly|Protect\n|move|p1b: Norte Dame|Hypnosis|p2a: Pelipper\n|-status|p2a: Pelipper|slp|[from] move: Hypnosis\n|move|p2b: Politoed|Icy Wind|p1b: Norte Dame|[spread] p1b\n|-activate|p1a: Shelly|move: Protect\n|-resisted|p1b: Norte Dame\n|-damage|p1b: Norte Dame|41\/100\n|-unboost|p1b: Norte Dame|spe|1\n|cant|p2a: Pelipper|slp\n|\n|-weather|RainDance|[upkeep]\n|-heal|p1b: Norte Dame|47\/100|[from] item: Leftovers\n|-heal|p1a: Shelly|30\/100|[from] item: Leftovers\n|upkeep\n|turn|13\n|-message|yeBastion forfeited.\n|\n|win|da real stein\n|raw|da real stein's rating: 1328 &rarr; <strong>1353<\/strong><br \/>(+25 for winning)\n|raw|yeBastion's rating: 1424 &rarr; <strong>1399<\/strong><br \/>(-25 for losing)\n|l|\u2606yeBastion\n","uploadtime":1698360614,"views":26,"p1id":"darealstein","p2id":"yebastion","formatid":"gen9doublesou","rating":1353,"private":0,"password":""}