{"id":"gen9doublesou-1970301295","p1":"Rufflet_Rowlet","p2":"RocketsViability","format":"[Gen 9] Doubles OU","log":"|j|\u2606Rufflet_Rowlet\n|j|\u2606RocketsViability\n|t:|1697624596\n|gametype|doubles\n|player|p1|Rufflet_Rowlet|darach-caitlin|1291\n|player|p2|RocketsViability|266|1083\n|teamsize|p1|6\n|teamsize|p2|6\n|gen|9\n|tier|[Gen 9] Doubles OU\n|rated|\n|rule|Species Clause: Limit one of each Pok\u00e9mon\n|rule|OHKO Clause: OHKO moves are banned\n|rule|Evasion Moves Clause: Evasion moves are banned\n|rule|Gravity Sleep Clause: The combination of sleep-inducing moves with imperfect accuracy and Gravity or Gigantamax Orbeetle are banned\n|rule|Endless Battle Clause: Forcing endless battles is banned\n|rule|HP Percentage Mod: HP is shown in percentages\n|clearpoke\n|poke|p1|Sylveon, F|\n|poke|p1|Espeon, F|\n|poke|p1|Umbreon, F|\n|poke|p1|Glaceon, F|\n|poke|p1|Leafeon, F|\n|poke|p1|Vaporeon, F|\n|poke|p2|Ninetales-Alola, M|\n|poke|p2|Vikavolt, M|\n|poke|p2|Goodra-Hisui, F|\n|poke|p2|Sandslash-Alola, F|\n|poke|p2|Torterra, F|\n|poke|p2|Empoleon, M|\n|teampreview\n|c|\u2606RocketsViability|u got best team\n|c|\u2606Rufflet_Rowlet|eevees!\n|inactive|Battle timer is ON: inactive players will automatically lose when time's up. (requested by RocketsViability)\n|inactive|Rufflet_Rowlet has 120 seconds left.\n|\n|t:|1697624719\n|start\n|switch|p1a: Linnea\ud83c\udf40|Leafeon, F|100\/100\n|switch|p1b: Sakura\u2600\ufe0f|Espeon, F|100\/100\n|switch|p2a: Torterra|Torterra, F|100\/100\n|switch|p2b: Empoleon|Empoleon, M|100\/100\n|turn|1\n|inactiveoff|Battle timer is now OFF.\n|\n|t:|1697624744\n|switch|p1a: Rainer\u2614|Vaporeon, F|100\/100\n|move|p2b: Empoleon|Protect|p2b: Empoleon\n|-singleturn|p2b: Empoleon|Protect\n|move|p1b: Sakura\u2600\ufe0f|Shadow Ball|p2a: Torterra\n|-damage|p2a: Torterra|53\/100\n|move|p2a: Torterra|Shell Smash|p2a: Torterra\n|-unboost|p2a: Torterra|def|1\n|-unboost|p2a: Torterra|spd|1\n|-boost|p2a: Torterra|atk|2\n|-boost|p2a: Torterra|spa|2\n|-boost|p2a: Torterra|spe|2\n|\n|upkeep\n|turn|2\n|\n|t:|1697624771\n|switch|p1b: Tamao\ud83c\udf19|Umbreon, F|100\/100\n|switch|p2b: Ninetales|Ninetales-Alola, M|100\/100\n|-weather|Snow|[from] ability: Snow Warning|[of] p2b: Ninetales\n|-terastallize|p2a: Torterra|Ice\n|move|p2a: Torterra|Bullet Seed|p1a: Rainer\u2614\n|-supereffective|p1a: Rainer\u2614\n|-damage|p1a: Rainer\u2614|48\/100\n|-supereffective|p1a: Rainer\u2614\n|-damage|p1a: Rainer\u2614|0 fnt\n|faint|p1a: Rainer\u2614\n|-hitcount|p1: Rainer\u2614|2\n|\n|-weather|Snow|[upkeep]\n|upkeep\n|\n|t:|1697624797\n|switch|p1a: Rea\u2744\ufe0f|Glaceon, F|100\/100\n|turn|3\n|\n|t:|1697624804\n|move|p1a: Rea\u2744\ufe0f|Protect|p1a: Rea\u2744\ufe0f\n|-singleturn|p1a: Rea\u2744\ufe0f|Protect\n|move|p2a: Torterra|Rock Blast|p1a: Rea\u2744\ufe0f\n|-activate|p1a: Rea\u2744\ufe0f|move: Protect\n|move|p2b: Ninetales|Dazzling Gleam|p1a: Rea\u2744\ufe0f|[spread] p1b\n|-activate|p1a: Rea\u2744\ufe0f|move: Protect\n|-supereffective|p1b: Tamao\ud83c\udf19\n|-damage|p1b: Tamao\ud83c\udf19|78\/100\n|move|p1b: Tamao\ud83c\udf19|Thunder Wave|p2a: Torterra\n|-status|p2a: Torterra|par\n|\n|-weather|Snow|[upkeep]\n|upkeep\n|turn|4\n|\n|t:|1697624820\n|move|p2b: Ninetales|Aurora Veil|p2b: Ninetales\n|-sidestart|p2: RocketsViability|move: Aurora Veil\n|cant|p2a: Torterra|par\n|move|p1b: Tamao\ud83c\udf19|Substitute|p1b: Tamao\ud83c\udf19\n|-start|p1b: Tamao\ud83c\udf19|Substitute\n|-damage|p1b: Tamao\ud83c\udf19|53\/100\n|move|p1a: Rea\u2744\ufe0f|Icy Wind|p2b: Ninetales|[spread] p2a,p2b\n|-resisted|p2a: Torterra\n|-resisted|p2b: Ninetales\n|-damage|p2a: Torterra|41\/100 par\n|-damage|p2b: Ninetales|92\/100\n|-unboost|p2a: Torterra|spe|1\n|-unboost|p2b: Ninetales|spe|1\n|\n|-weather|Snow|[upkeep]\n|upkeep\n|turn|5\n|\n|t:|1697624835\n|move|p2b: Ninetales|Dazzling Gleam|p1a: Rea\u2744\ufe0f|[spread] p1a,p1b\n|-supereffective|p1b: Tamao\ud83c\udf19\n|-activate|p1b: Tamao\ud83c\udf19|move: Substitute|[damage]\n|-damage|p1a: Rea\u2744\ufe0f|76\/100\n|move|p1b: Tamao\ud83c\udf19|Thunder Wave|p2b: Ninetales\n|-status|p2b: Ninetales|par\n|move|p2a: Torterra|Shell Smash|p2a: Torterra\n|-unboost|p2a: Torterra|def|1\n|-unboost|p2a: Torterra|spd|1\n|-boost|p2a: Torterra|atk|2\n|-boost|p2a: Torterra|spa|2\n|-boost|p2a: Torterra|spe|2\n|move|p1a: Rea\u2744\ufe0f|Icy Wind|p2b: Ninetales|[spread] p2a,p2b\n|-resisted|p2a: Torterra\n|-resisted|p2b: Ninetales\n|-damage|p2a: Torterra|23\/100 par\n|-damage|p2b: Ninetales|84\/100 par\n|-unboost|p2a: Torterra|spe|1\n|-unboost|p2b: Ninetales|spe|1\n|\n|-weather|Snow|[upkeep]\n|-heal|p1a: Rea\u2744\ufe0f|82\/100|[from] ability: Ice Body\n|upkeep\n|turn|6\n|\n|t:|1697624857\n|move|p2a: Torterra|Rock Blast|p1a: Rea\u2744\ufe0f\n|-supereffective|p1a: Rea\u2744\ufe0f\n|-damage|p1a: Rea\u2744\ufe0f|59\/100\n|-supereffective|p1a: Rea\u2744\ufe0f\n|-damage|p1a: Rea\u2744\ufe0f|36\/100\n|-supereffective|p1a: Rea\u2744\ufe0f\n|-damage|p1a: Rea\u2744\ufe0f|13\/100\n|-supereffective|p1a: Rea\u2744\ufe0f\n|-damage|p1a: Rea\u2744\ufe0f|0 fnt\n|faint|p1a: Rea\u2744\ufe0f\n|-hitcount|p1: Rea\u2744\ufe0f|4\n|move|p1b: Tamao\ud83c\udf19|Foul Play|p2a: Torterra\n|-damage|p2a: Torterra|0 fnt\n|faint|p2a: Torterra\n|move|p2b: Ninetales|Dazzling Gleam|p1b: Tamao\ud83c\udf19\n|-supereffective|p1b: Tamao\ud83c\udf19\n|-end|p1b: Tamao\ud83c\udf19|Substitute\n|\n|-weather|Snow|[upkeep]\n|upkeep\n|\n|t:|1697624874\n|switch|p2a: Empoleon|Empoleon, M|100\/100\n|switch|p1a: Linnea\ud83c\udf40|Leafeon, F|100\/100\n|turn|7\n|\n|t:|1697624900\n|-terastallize|p1a: Linnea\ud83c\udf40|Fire\n|move|p1a: Linnea\ud83c\udf40|Tera Blast|p2b: Ninetales|[anim] Tera Blast Fire\n|-supereffective|p2b: Ninetales\n|-damage|p2b: Ninetales|0 fnt\n|faint|p2b: Ninetales\n|move|p1b: Tamao\ud83c\udf19|Thunder Wave|p2a: Empoleon\n|-status|p2a: Empoleon|par\n|move|p2a: Empoleon|Blizzard|p1a: Linnea\ud83c\udf40|[spread] p1a,p1b\n|-resisted|p1a: Linnea\ud83c\udf40\n|-damage|p1a: Linnea\ud83c\udf40|73\/100\n|-damage|p1b: Tamao\ud83c\udf19|39\/100\n|\n|-weather|Snow|[upkeep]\n|upkeep\n|\n|t:|1697624914\n|switch|p2b: Goodra|Goodra-Hisui, F|100\/100\n|turn|8\n|\n|t:|1697624970\n|move|p2b: Goodra|Protect|p2b: Goodra\n|-singleturn|p2b: Goodra|Protect\n|move|p1a: Linnea\ud83c\udf40|Tera Blast|p2a: Empoleon|[anim] Tera Blast Fire\n|-damage|p2a: Empoleon|60\/100 par\n|move|p1b: Tamao\ud83c\udf19|Wish|p1b: Tamao\ud83c\udf19\n|move|p2a: Empoleon|Hydro Pump|p1a: Linnea\ud83c\udf40\n|-supereffective|p1a: Linnea\ud83c\udf40\n|-damage|p1a: Linnea\ud83c\udf40|0 fnt\n|faint|p1a: Linnea\ud83c\udf40\n|-heal|p2a: Empoleon|66\/100 par|[from] item: Shell Bell|[of] p1: Linnea\ud83c\udf40\n|\n|-weather|Snow|[upkeep]\n|-sideend|p2: RocketsViability|move: Aurora Veil\n|upkeep\n|\n|t:|1697624978\n|switch|p1a: Sakura\u2600\ufe0f|Espeon, F|100\/100\n|turn|9\n|\n|t:|1697624990\n|move|p1a: Sakura\u2600\ufe0f|Shadow Ball|p2a: Empoleon\n|-damage|p2a: Empoleon|31\/100 par\n|move|p1b: Tamao\ud83c\udf19|Substitute|p1b: Tamao\ud83c\udf19\n|-start|p1b: Tamao\ud83c\udf19|Substitute\n|-damage|p1b: Tamao\ud83c\udf19|14\/100\n|move|p2b: Goodra|Blizzard|p1b: Tamao\ud83c\udf19|[spread] p1a,p1b\n|-activate|p1b: Tamao\ud83c\udf19|move: Substitute|[damage]\n|-damage|p1a: Sakura\u2600\ufe0f|61\/100\n|move|p2a: Empoleon|Blizzard|p1a: Sakura\u2600\ufe0f|[spread] p1a,p1b\n|-end|p1b: Tamao\ud83c\udf19|Substitute\n|-damage|p1a: Sakura\u2600\ufe0f|26\/100\n|-heal|p2a: Empoleon|34\/100 par|[from] item: Shell Bell|[of] p1b: Tamao\ud83c\udf19\n|\n|-weather|none\n|-heal|p1b: Tamao\ud83c\udf19|64\/100|[from] move: Wish|[wisher] Tamao\ud83c\udf19\n|upkeep\n|turn|10\n|\n|t:|1697625012\n|move|p1a: Sakura\u2600\ufe0f|Shadow Ball|p2a: Empoleon\n|-damage|p2a: Empoleon|0 fnt\n|faint|p2a: Empoleon\n|move|p1b: Tamao\ud83c\udf19|Foul Play|p2b: Goodra\n|-damage|p2b: Goodra|74\/100\n|-damage|p1b: Tamao\ud83c\udf19|48\/100|[from] item: Rocky Helmet|[of] p2b: Goodra\n|move|p2b: Goodra|Blizzard|p1b: Tamao\ud83c\udf19|[spread] p1b\n|-miss|p2b: Goodra|p1a: Sakura\u2600\ufe0f\n|-damage|p1b: Tamao\ud83c\udf19|34\/100\n|\n|upkeep\n|\n|t:|1697625017\n|switch|p2a: Sandslash|Sandslash-Alola, F|100\/100\n|turn|11\n|\n|t:|1697625040\n|move|p1a: Sakura\u2600\ufe0f|Shadow Ball|p2a: Sandslash\n|-damage|p2a: Sandslash|47\/100\n|move|p2a: Sandslash|Leech Life|p1a: Sakura\u2600\ufe0f\n|-supereffective|p1a: Sakura\u2600\ufe0f\n|-damage|p1a: Sakura\u2600\ufe0f|0 fnt\n|-heal|p2a: Sandslash|56\/100|[from] drain|[of] p1a: Sakura\u2600\ufe0f\n|faint|p1a: Sakura\u2600\ufe0f\n|move|p1b: Tamao\ud83c\udf19|Thunder Wave|p2a: Sandslash\n|-status|p2a: Sandslash|par\n|move|p2b: Goodra|Flamethrower|p1b: Tamao\ud83c\udf19\n|-damage|p1b: Tamao\ud83c\udf19|18\/100\n|\n|upkeep\n|\n|t:|1697625043\n|switch|p1a: Kira\u2764\ufe0f|Sylveon, F|100\/100\n|turn|12\n|\n|t:|1697625063\n|move|p1b: Tamao\ud83c\udf19|Foul Play|p2a: Sandslash\n|-damage|p2a: Sandslash|21\/100 par\n|move|p1a: Kira\u2764\ufe0f|Hyper Voice|p2b: Goodra|[spread] p2b\n|-miss|p1a: Kira\u2764\ufe0f|p2a: Sandslash\n|-damage|p2b: Goodra|48\/100\n|-enditem|p1a: Kira\u2764\ufe0f|Throat Spray\n|-boost|p1a: Kira\u2764\ufe0f|spa|1|[from] item: Throat Spray\n|move|p2b: Goodra|Blizzard|p1b: Tamao\ud83c\udf19|[spread] p1a,p1b\n|-damage|p1a: Kira\u2764\ufe0f|81\/100\n|-damage|p1b: Tamao\ud83c\udf19|5\/100\n|move|p2a: Sandslash|Leech Life|p1b: Tamao\ud83c\udf19\n|-supereffective|p1b: Tamao\ud83c\udf19\n|-damage|p1b: Tamao\ud83c\udf19|0 fnt\n|-heal|p2a: Sandslash|23\/100 par|[from] drain|[of] p1b: Tamao\ud83c\udf19\n|-damage|p2a: Sandslash|7\/100 par|[from] item: Rocky Helmet|[of] p1b: Tamao\ud83c\udf19\n|faint|p1b: Tamao\ud83c\udf19\n|\n|upkeep\n|turn|13\n|\n|t:|1697625087\n|move|p2a: Sandslash|Ice Shard|p1a: Kira\u2764\ufe0f\n|-damage|p1a: Kira\u2764\ufe0f|57\/100\n|move|p2b: Goodra|Flamethrower|p1a: Kira\u2764\ufe0f\n|-damage|p1a: Kira\u2764\ufe0f|36\/100\n|-status|p1a: Kira\u2764\ufe0f|brn\n|move|p1a: Kira\u2764\ufe0f|Hyper Voice|p2b: Goodra|[spread] p2a,p2b\n|-resisted|p2a: Sandslash\n|-damage|p2a: Sandslash|0 fnt\n|-damage|p2b: Goodra|8\/100\n|faint|p2a: Sandslash\n|\n|-damage|p1a: Kira\u2764\ufe0f|30\/100 brn|[from] brn\n|upkeep\n|\n|t:|1697625096\n|switch|p2a: Vikavolt|Vikavolt, M|100\/100\n|turn|14\n|\n|t:|1697625106\n|move|p2b: Goodra|Flamethrower|p1a: Kira\u2764\ufe0f\n|-damage|p1a: Kira\u2764\ufe0f|10\/100 brn\n|move|p1a: Kira\u2764\ufe0f|Hyper Voice|p2a: Vikavolt|[spread] p2a,p2b\n|-damage|p2a: Vikavolt|36\/100\n|-damage|p2b: Goodra|0 fnt\n|faint|p2b: Goodra\n|move|p2a: Vikavolt|Discharge|p1a: Kira\u2764\ufe0f\n|-damage|p1a: Kira\u2764\ufe0f|0 fnt\n|faint|p1a: Kira\u2764\ufe0f\n|\n|win|RocketsViability\n|raw|Rufflet_Rowlet's rating: 1291 &rarr; <strong>1253<\/strong><br \/>(-38 for losing)\n|raw|RocketsViability's rating: 1083 &rarr; <strong>1125<\/strong><br \/>(+42 for winning)\n|c|\u2606RocketsViability|gg\n","uploadtime":1697625120,"views":13,"p1id":"ruffletrowlet","p2id":"rocketsviability","formatid":"gen9doublesou","rating":1125,"private":0,"password":""}