{"id":"gen9doublesou-1981778796","p1":"chidioos","p2":"Darkrai5555","format":"[Gen 9] Doubles OU","log":"|j|\u2606chidioos\n|j|\u2606Darkrai5555\n|t:|1698940954\n|gametype|doubles\n|player|p1|chidioos|sailor|1090\n|player|p2|Darkrai5555|nate|1100\n|teamsize|p1|6\n|teamsize|p2|6\n|gen|9\n|tier|[Gen 9] Doubles OU\n|rated|\n|rule|Species Clause: Limit one of each Pok\u00e9mon\n|rule|OHKO Clause: OHKO moves are banned\n|rule|Evasion Moves Clause: Evasion moves are banned\n|rule|Gravity Sleep Clause: The combination of sleep-inducing moves with imperfect accuracy and Gravity or Gigantamax Orbeetle are banned\n|rule|Endless Battle Clause: Forcing endless battles is banned\n|rule|HP Percentage Mod: HP is shown in percentages\n|clearpoke\n|poke|p1|Iron Bundle|\n|poke|p1|Gengar, F|\n|poke|p1|Ditto|\n|poke|p1|Bronzong|\n|poke|p1|Polteageist|\n|poke|p1|Oranguru, F|\n|poke|p2|Indeedee-F, F|\n|poke|p2|Armarouge, F|\n|poke|p2|Sneasler, F|\n|poke|p2|Dondozo, F|\n|poke|p2|Ting-Lu|\n|poke|p2|Gholdengo|\n|teampreview\n|inactive|Battle timer is ON: inactive players will automatically lose when time's up. (requested by Darkrai5555)\n|c|\u2606chidioos|Hey would you wanna follow my new podcast after this game?\n|\n|t:|1698940966\n|start\n|switch|p1a: Gengar|Gengar, F|100\/100\n|switch|p1b: Bronzong|Bronzong|100\/100\n|switch|p2a: Armarouge|Armarouge, F, shiny|100\/100\n|switch|p2b: Indeedee|Indeedee-F, F, shiny|100\/100\n|-fieldstart|move: Psychic Terrain|[from] ability: Psychic Surge|[of] p2b: Indeedee\n|turn|1\n|c|\u2606chidioos|www.youtube.com\/channel\/UCknTcbw95qdfdfkcylIgMOw\n|c|\u2606chidioos|https:\/\/www.instagram.com\/pitchpod\/\n|c|\u2606chidioos|it would mean a lot\n|\n|t:|1698940992\n|move|p2b: Indeedee|Protect|p2b: Indeedee\n|-singleturn|p2b: Indeedee|Protect\n|move|p1a: Gengar|Perish Song|p1a: Gengar\n|-start|p1a: Gengar|perish3|[silent]\n|-start|p1b: Bronzong|perish3|[silent]\n|-start|p2a: Armarouge|perish3|[silent]\n|-start|p2b: Indeedee|perish3|[silent]\n|-fieldactivate|move: Perish Song\n|move|p2a: Armarouge|Heat Wave|p1b: Bronzong|[spread] p1b\n|-miss|p2a: Armarouge|p1a: Gengar\n|-supereffective|p1b: Bronzong\n|-damage|p1b: Bronzong|19\/100\n|move|p1b: Bronzong|Stealth Rock|p2a: Armarouge\n|-sidestart|p2: Darkrai5555|move: Stealth Rock\n|\n|-heal|p1b: Bronzong|25\/100|[from] item: Leftovers\n|-start|p1a: Gengar|perish3\n|-start|p2a: Armarouge|perish3\n|-start|p2b: Indeedee|perish3\n|-start|p1b: Bronzong|perish3\n|upkeep\n|turn|2\n|\n|t:|1698941017\n|move|p1a: Gengar|Protect|p1a: Gengar\n|-singleturn|p1a: Gengar|Protect\n|move|p1b: Bronzong|Protect|p1b: Bronzong\n|-singleturn|p1b: Bronzong|Protect\n|move|p2a: Armarouge|Heat Wave|p1b: Bronzong|[spread] \n|-activate|p1a: Gengar|move: Protect\n|-activate|p1b: Bronzong|move: Protect\n|move|p2b: Indeedee|Trick Room|p2b: Indeedee\n|-fieldstart|move: Trick Room|[of] p2b: Indeedee\n|\n|-heal|p1b: Bronzong|32\/100|[from] item: Leftovers\n|-start|p1b: Bronzong|perish2\n|-start|p2b: Indeedee|perish2\n|-start|p2a: Armarouge|perish2\n|-start|p1a: Gengar|perish2\n|upkeep\n|turn|3\n|c|\u2606chidioos|- (First Episode is)\n|c|\u2606chidioos|https:\/\/www.instagram.com\/p\/Cv1NmodNazQ\/?utm_source=ig_web_copy_link&igshid=MzRlODBiNWFlZA==\n|inactive|Darkrai5555 has 120 seconds left.\n|\n|t:|1698941049\n|switch|p1b: Iron Bundle|Iron Bundle|100\/100\n|switch|p2b: Ting-Lu|Ting-Lu|100\/100\n|-damage|p2b: Ting-Lu|94\/100|[from] Stealth Rock\n|-ability|p2b: Ting-Lu|Vessel of Ruin\n|switch|p1a: Oranguru|Oranguru, F|100\/100\n|move|p2a: Armarouge|Heat Wave|p1b: Iron Bundle|[spread] p1a,p1b\n|-damage|p1a: Oranguru|80\/100\n|-damage|p1b: Iron Bundle|40\/100\n|-status|p1b: Iron Bundle|brn\n|\n|-heal|p2b: Ting-Lu|100\/100|[from] item: Leftovers\n|-damage|p1b: Iron Bundle|34\/100 brn|[from] brn\n|-start|p2a: Armarouge|perish1\n|upkeep\n|turn|4\n|inactive|Darkrai5555 has 120 seconds left.\n|\n|t:|1698941088\n|switch|p2a: Gholdengo|Gholdengo, shiny|100\/100\n|-damage|p2a: Gholdengo|94\/100|[from] Stealth Rock\n|-item|p2a: Gholdengo|Air Balloon\n|move|p1a: Oranguru|Protect|p1a: Oranguru\n|-singleturn|p1a: Oranguru|Protect\n|move|p2b: Ting-Lu|Stealth Rock|p1b: Iron Bundle\n|-sidestart|p1: chidioos|move: Stealth Rock\n|move|p1b: Iron Bundle|Freeze-Dry|p2b: Ting-Lu\n|-supereffective|p2b: Ting-Lu\n|-damage|p2b: Ting-Lu|66\/100\n|\n|-heal|p2b: Ting-Lu|73\/100|[from] item: Leftovers\n|-damage|p1b: Iron Bundle|28\/100 brn|[from] brn\n|upkeep\n|turn|5\n|inactive|Darkrai5555 has 120 seconds left.\n|\n|t:|1698941111\n|move|p1a: Oranguru|Protect||[still]\n|-fail|p1a: Oranguru\n|move|p2b: Ting-Lu|Throat Chop|p1a: Oranguru\n|-supereffective|p1a: Oranguru\n|-damage|p1a: Oranguru|8\/100\n|-start|p1a: Oranguru|Throat Chop|[silent]\n|-enditem|p1a: Oranguru|Sitrus Berry|[eat]\n|-heal|p1a: Oranguru|33\/100|[from] item: Sitrus Berry\n|move|p2a: Gholdengo|Make It Rain|p1b: Iron Bundle|[spread] p1a,p1b\n|-damage|p1a: Oranguru|5\/100\n|-damage|p1b: Iron Bundle|0 fnt\n|-unboost|p2a: Gholdengo|spa|1\n|faint|p1b: Iron Bundle\n|-end|p1b: Iron Bundle|Quark Drive|[silent]\n|\n|-heal|p2b: Ting-Lu|79\/100|[from] item: Leftovers\n|-fieldend|move: Psychic Terrain\n|upkeep\n|\n|t:|1698941129\n|switch|p1b: Gengar|Gengar, F|100\/100\n|-damage|p1b: Gengar|88\/100|[from] Stealth Rock\n|turn|6\n|\n|t:|1698941140\n|move|p1b: Gengar|Protect|p1b: Gengar\n|-singleturn|p1b: Gengar|Protect\n|move|p2b: Ting-Lu|Earthquake|p1b: Gengar|[spread] p1a\n|-activate|p1b: Gengar|move: Protect\n|-immune|p2a: Gholdengo\n|-damage|p1a: Oranguru|0 fnt\n|faint|p1a: Oranguru\n|move|p2a: Gholdengo|Nasty Plot|p2a: Gholdengo\n|-boost|p2a: Gholdengo|spa|2\n|\n|-heal|p2b: Ting-Lu|85\/100|[from] item: Leftovers\n|-fieldend|move: Trick Room\n|upkeep\n|\n|t:|1698941155\n|switch|p1a: Polteageist|Polteageist|100\/100\n|-damage|p1a: Polteageist|88\/100|[from] Stealth Rock\n|turn|7\n|\n|t:|1698941169\n|-terastallize|p2a: Gholdengo|Normal\n|move|p1b: Gengar|Lick|p2a: Gholdengo\n|-immune|p2a: Gholdengo\n|move|p2a: Gholdengo|Shadow Ball|p1a: Polteageist\n|-supereffective|p1a: Polteageist\n|-damage|p1a: Polteageist|0 fnt\n|faint|p1a: Polteageist\n|move|p2b: Ting-Lu|Earthquake|p1b: Gengar|[spread] p1b\n|-immune|p2a: Gholdengo\n|-supereffective|p1b: Gengar\n|-damage|p1b: Gengar|0 fnt\n|faint|p1b: Gengar\n|\n|-heal|p2b: Ting-Lu|91\/100|[from] item: Leftovers\n|upkeep\n|\n|t:|1698941186\n|switch|p1b: Bronzong|Bronzong|32\/100\n|switch|p1a: Ditto|Ditto|100\/100\n|-damage|p1a: Ditto|88\/100|[from] Stealth Rock\n|-damage|p1b: Bronzong|25\/100|[from] Stealth Rock\n|turn|8\n|c|\u2606chidioos|good sweep\n|\n|t:|1698941199\n|move|p1a: Ditto|Transform|p2b: Ting-Lu\n|-transform|p1a: Ditto|p2b: Ting-Lu\n|-ability|p1a: Ditto|Vessel of Ruin\n|move|p2a: Gholdengo|Shadow Ball|p1b: Bronzong\n|-supereffective|p1b: Bronzong\n|-damage|p1b: Bronzong|0 fnt\n|faint|p1b: Bronzong\n|move|p2b: Ting-Lu|Earthquake|p1a: Ditto|[spread] p1a\n|-immune|p2a: Gholdengo\n|-damage|p1a: Ditto|55\/100\n|\n|-heal|p2b: Ting-Lu|97\/100|[from] item: Leftovers\n|upkeep\n|turn|9\n|c|\u2606chidioos|Please subscribe on YouTube & follow on Insta!!!! First episode drops December\/January 30th!!\n|c|\u2606chidioos|www.youtube.com\/channel\/\n|c|\u2606chidioos|gg\n|\n|t:|1698941223\n|move|p2a: Gholdengo|Nasty Plot|p2a: Gholdengo\n|-boost|p2a: Gholdengo|spa|2\n|move|p1a: Ditto|Throat Chop|p2a: Gholdengo\n|-damage|p2a: Gholdengo|61\/100\n|-start|p2a: Gholdengo|Throat Chop|[silent]\n|-enditem|p2a: Gholdengo|Air Balloon\n|move|p2b: Ting-Lu|Earthquake|p1a: Ditto|[spread] p2a,p1a\n|-damage|p2a: Gholdengo|29\/100\n|-damage|p1a: Ditto|25\/100\n|\n|-heal|p2b: Ting-Lu|100\/100|[from] item: Leftovers\n|upkeep\n|turn|10\n|\n|t:|1698941245\n|move|p2a: Gholdengo|Make It Rain|p1a: Ditto\n|-damage|p1a: Ditto|0 fnt\n|-unboost|p2a: Gholdengo|spa|1\n|faint|p1a: Ditto\n|\n|win|Darkrai5555\n|raw|chidioos's rating: 1090 &rarr; <strong>1067<\/strong><br \/>(-23 for losing)\n|raw|Darkrai5555's rating: 1100 &rarr; <strong>1124<\/strong><br \/>(+24 for winning)\n","uploadtime":1698941251,"views":15,"p1id":"chidioos","p2id":"darkrai5555","formatid":"gen9doublesou","rating":1067,"private":0,"password":""}