{"id":"gen9doublesou-1986066291","p1":"100VaNS","p2":"cgtuh.ocgoj\u201dfyxtg9","format":"[Gen 9] Doubles OU","log":"|j|\u2606100VaNS\n|j|\u2606cgtuh.ocgoj\u201dfyxtg9\n|t:|1699446133\n|gametype|doubles\n|player|p1|100VaNS|ethan|1217\n|player|p2|cgtuh.ocgoj\u201dfyxtg9|169|1294\n|teamsize|p1|6\n|teamsize|p2|6\n|gen|9\n|tier|[Gen 9] Doubles OU\n|rated|\n|rule|Species Clause: Limit one of each Pok\u00e9mon\n|rule|OHKO Clause: OHKO moves are banned\n|rule|Evasion Moves Clause: Evasion moves are banned\n|rule|Gravity Sleep Clause: The combination of sleep-inducing moves with imperfect accuracy and Gravity or Gigantamax Orbeetle are banned\n|rule|Endless Battle Clause: Forcing endless battles is banned\n|rule|HP Percentage Mod: HP is shown in percentages\n|clearpoke\n|poke|p1|Indeedee, M|\n|poke|p1|Armarouge, M|\n|poke|p1|Rillaboom, M|\n|poke|p1|Ogerpon-Hearthflame, F|\n|poke|p1|Ninetales-Alola, M|\n|poke|p1|Heatran, M|\n|poke|p2|Talonflame, M|\n|poke|p2|Meowscarada, F|\n|poke|p2|Shiftry, F|\n|poke|p2|Dragonite, M|\n|poke|p2|Ribombee, M|\n|poke|p2|Brambleghast, F|\n|teampreview\n|inactive|Battle timer is ON: inactive players will automatically lose when time's up. (requested by 100VaNS)\n|\n|t:|1699446183\n|start\n|switch|p1a: Indeedee|Indeedee, M|100\/100\n|switch|p1b: Armarouge|Armarouge, M|100\/100\n|switch|p2a: palm tree|Dragonite, M, shiny|100\/100\n|switch|p2b: wimby|Shiftry, F|100\/100\n|-fieldstart|move: Psychic Terrain|[from] ability: Psychic Surge|[of] p1a: Indeedee\n|turn|1\n|\n|t:|1699446205\n|move|p2b: wimby|Knock Off|p1b: Armarouge\n|-supereffective|p1b: Armarouge\n|-damage|p1b: Armarouge|11\/100\n|-enditem|p1b: Armarouge|Assault Vest|[from] move: Knock Off|[of] p2b: wimby\n|move|p2a: palm tree|Iron Head|p1b: Armarouge\n|-resisted|p1b: Armarouge\n|-damage|p1b: Armarouge|0 fnt\n|faint|p1b: Armarouge\n|move|p1a: Indeedee|Trick Room|p1a: Indeedee\n|-fieldstart|move: Trick Room|[of] p1a: Indeedee\n|\n|upkeep\n|\n|t:|1699446218\n|switch|p1b: Rillaboom|Rillaboom, M|100\/100\n|-fieldstart|move: Grassy Terrain|[from] ability: Grassy Surge|[of] p1b: Rillaboom\n|turn|2\n|\n|t:|1699446244\n|move|p2a: palm tree|Extreme Speed|p1a: Indeedee\n|-damage|p1a: Indeedee|50\/100\n|-damage|p2a: palm tree|84\/100|[from] item: Rocky Helmet|[of] p1a: Indeedee\n|move|p1b: Rillaboom|Brick Break|p2b: wimby\n|-supereffective|p2b: wimby\n|-damage|p2b: wimby|16\/100\n|move|p1a: Indeedee|Hyper Voice|p2a: palm tree|[spread] p2a,p2b\n|-damage|p2a: palm tree|48\/100\n|-damage|p2b: wimby|0 fnt\n|faint|p2b: wimby\n|\n|-heal|p1a: Indeedee|56\/100|[from] Grassy Terrain\n|-heal|p2a: palm tree|55\/100|[from] item: Leftovers\n|upkeep\n|\n|t:|1699446258\n|switch|p2b: winby|Ribombee, M|100\/100\n|turn|3\n|\n|t:|1699446284\n|-terastallize|p1b: Rillaboom|Fire\n|-terastallize|p2a: palm tree|Normal\n|move|p2a: palm tree|Extreme Speed|p1a: Indeedee\n|-damage|p1a: Indeedee|0 fnt\n|-damage|p2a: palm tree|38\/100|[from] item: Rocky Helmet|[of] p1a: Indeedee\n|faint|p1a: Indeedee\n|move|p1b: Rillaboom|Tera Blast|p2b: winby|[anim] Tera Blast Fire\n|-supereffective|p2b: winby\n|-damage|p2b: winby|0 fnt\n|faint|p2b: winby\n|\n|-heal|p2a: palm tree|44\/100|[from] Grassy Terrain\n|-heal|p2a: palm tree|51\/100|[from] item: Leftovers\n|upkeep\n|\n|t:|1699446312\n|switch|p1a: Ogerpon|Ogerpon-Hearthflame, F|100\/100\n|switch|p2b: wimdy|Talonflame, M|100\/100\n|-ability|p1a: Ogerpon|Mold Breaker\n|turn|4\n|inactive|100VaNS has 120 seconds left.\n|\n|t:|1699446344\n|move|p1a: Ogerpon|Spiky Shield|p1a: Ogerpon\n|-singleturn|p1a: Ogerpon|move: Protect\n|move|p2a: palm tree|Extreme Speed|p1a: Ogerpon\n|-activate|p1a: Ogerpon|move: Protect\n|-damage|p2a: palm tree|38\/100|[from] Spiky Shield|[of] p1a: Ogerpon\n|move|p2b: wimdy|Air Slash|p1a: Ogerpon\n|-activate|p1a: Ogerpon|move: Protect\n|move|p1b: Rillaboom|Wood Hammer|p2a: palm tree\n|-damage|p2a: palm tree|0 fnt\n|faint|p2a: palm tree\n|-damage|p1b: Rillaboom|91\/100|[from] Recoil\n|\n|-heal|p1b: Rillaboom|97\/100|[from] Grassy Terrain\n|upkeep\n|\n|t:|1699446352\n|switch|p2a: wimbdy|Brambleghast, F|100\/100\n|turn|5\n|inactive|100VaNS has 120 seconds left.\n|inactive|cgtuh.ocgoj\u201dfyxtg9 has 120 seconds left.\n|\n|t:|1699446388\n|move|p2b: wimdy|Air Slash|p1a: Ogerpon\n|-supereffective|p1a: Ogerpon\n|-damage|p1a: Ogerpon|54\/100\n|move|p1b: Rillaboom|Tera Blast|p2a: wimbdy|[anim] Tera Blast Fire\n|-supereffective|p2a: wimbdy\n|-enditem|p2a: wimbdy|Focus Sash\n|-damage|p2a: wimbdy|1\/100\n|move|p2a: wimbdy|Strength Sap|p1b: Rillaboom\n|-unboost|p1b: Rillaboom|atk|1\n|-heal|p2a: wimbdy|100\/100\n|cant|p1a: Ogerpon|flinch\n|\n|-heal|p1b: Rillaboom|100\/100|[from] Grassy Terrain\n|-heal|p1a: Ogerpon|60\/100|[from] Grassy Terrain\n|-fieldend|move: Trick Room\n|upkeep\n|turn|6\n|inactive|cgtuh.ocgoj\u201dfyxtg9 has 120 seconds left.\n|inactive|100VaNS has 120 seconds left.\n|\n|t:|1699446420\n|switch|p1a: Heatran|Heatran, M|100\/100\n|switch|p1b: Ninetales|Ninetales-Alola, M|100\/100\n|-weather|Snow|[from] ability: Snow Warning|[of] p1b: Ninetales\n|move|p2b: wimdy|Tailwind|p2b: wimdy\n|-sidestart|p2: cgtuh.ocgoj\u201dfyxtg9|move: Tailwind\n|-ability|p2a: wimbdy|Wind Rider|boost\n|-boost|p2a: wimbdy|atk|1\n|move|p2a: wimbdy|Poltergeist|p1b: Ninetales\n|-activate|p1b: Ninetales|move: Poltergeist|Rocky Helmet\n|-damage|p1b: Ninetales|27\/100\n|\n|-weather|Snow|[upkeep]\n|-heal|p1b: Ninetales|33\/100|[from] Grassy Terrain\n|-fieldend|move: Grassy Terrain\n|upkeep\n|turn|7\n|inactive|100VaNS has 120 seconds left.\n|\n|t:|1699446448\n|move|p2b: wimdy|Air Slash|p1b: Ninetales\n|-crit|p1b: Ninetales\n|-damage|p1b: Ninetales|0 fnt\n|faint|p1b: Ninetales\n|move|p2a: wimbdy|Poltergeist|p1a: Heatran\n|-activate|p1a: Heatran|move: Poltergeist|Assault Vest\n|-damage|p1a: Heatran|33\/100\n|move|p1a: Heatran|Heat Wave|p2a: wimbdy|[spread] p2b\n|-ability|p2a: wimbdy|Wind Rider|boost\n|-boost|p2a: wimbdy|atk|1\n|-resisted|p2b: wimdy\n|-damage|p2b: wimdy|76\/100\n|\n|-weather|Snow|[upkeep]\n|upkeep\n|\n|t:|1699446468\n|switch|p1b: Rillaboom|Rillaboom, M, tera:Fire|100\/100\n|-fieldstart|move: Grassy Terrain|[from] ability: Grassy Surge|[of] p1b: Rillaboom\n|turn|8\n|inactive|100VaNS has 120 seconds left.\n|\n|t:|1699446485\n|move|p1b: Rillaboom|Fake Out|p2b: wimdy\n|-damage|p2b: wimdy|58\/100\n|cant|p2b: wimdy|flinch\n|move|p2a: wimbdy|Poltergeist|p1b: Rillaboom\n|-activate|p1b: Rillaboom|move: Poltergeist|Assault Vest\n|-damage|p1b: Rillaboom|0 fnt\n|faint|p1b: Rillaboom\n|move|p1a: Heatran|Flash Cannon|p2a: wimbdy\n|-damage|p2a: wimbdy|10\/100\n|\n|-weather|Snow|[upkeep]\n|-heal|p2a: wimbdy|16\/100|[from] Grassy Terrain\n|-heal|p1a: Heatran|39\/100|[from] Grassy Terrain\n|upkeep\n|\n|t:|1699446500\n|switch|p1b: Ogerpon|Ogerpon-Hearthflame, F|60\/100\n|-ability|p1b: Ogerpon|Mold Breaker\n|turn|9\n|inactive|100VaNS has 120 seconds left.\n|\n|t:|1699446513\n|move|p1b: Ogerpon|Spiky Shield|p1b: Ogerpon\n|-singleturn|p1b: Ogerpon|move: Protect\n|move|p2b: wimdy|Air Slash|p1a: Heatran\n|-resisted|p1a: Heatran\n|-damage|p1a: Heatran|33\/100\n|move|p2a: wimbdy|Poltergeist|p1b: Ogerpon\n|-activate|p1b: Ogerpon|move: Protect\n|move|p1a: Heatran|Flash Cannon|p2a: wimbdy\n|-damage|p2a: wimbdy|0 fnt\n|faint|p2a: wimbdy\n|\n|-weather|Snow|[upkeep]\n|-heal|p1b: Ogerpon|66\/100|[from] Grassy Terrain\n|-heal|p1a: Heatran|39\/100|[from] Grassy Terrain\n|-sideend|p2: cgtuh.ocgoj\u201dfyxtg9|move: Tailwind\n|upkeep\n|\n|t:|1699446521\n|switch|p2a: windy|Meowscarada, F|100\/100\n|turn|10\n|\n|t:|1699446544\n|move|p2b: wimdy|Air Slash|p1b: Ogerpon\n|-supereffective|p1b: Ogerpon\n|-damage|p1b: Ogerpon|18\/100\n|move|p2a: windy|Knock Off|p1a: Heatran\n|-start|p2a: windy|typechange|Dark|[from] ability: Protean\n|-damage|p1a: Heatran|3\/100\n|-enditem|p1a: Heatran|Assault Vest|[from] move: Knock Off|[of] p2a: windy\n|cant|p1b: Ogerpon|flinch\n|move|p1a: Heatran|Heat Wave|p2a: windy|[spread] p2a,p2b\n|-resisted|p2b: wimdy\n|-damage|p2a: windy|41\/100\n|-damage|p2b: wimdy|31\/100\n|-status|p2a: windy|brn\n|-enditem|p2a: windy|Lum Berry|[eat]\n|-curestatus|p2a: windy|brn|[msg]\n|\n|-weather|none\n|-heal|p2a: windy|47\/100|[from] Grassy Terrain\n|-heal|p1b: Ogerpon|24\/100|[from] Grassy Terrain\n|-heal|p1a: Heatran|10\/100|[from] Grassy Terrain\n|upkeep\n|turn|11\n|inactive|100VaNS has 120 seconds left.\n|\n|t:|1699446587\n|move|p2b: wimdy|Air Slash|p1b: Ogerpon\n|-supereffective|p1b: Ogerpon\n|-damage|p1b: Ogerpon|0 fnt\n|faint|p1b: Ogerpon\n|move|p2a: windy|Knock Off|p1a: Heatran\n|-damage|p1a: Heatran|0 fnt\n|faint|p1a: Heatran\n|\n|win|cgtuh.ocgoj\u201dfyxtg9\n|raw|100VaNS's rating: 1217 &rarr; <strong>1197<\/strong><br \/>(-20 for losing)\n|raw|cgtuh.ocgoj\u201dfyxtg9's rating: 1294 &rarr; <strong>1314<\/strong><br \/>(+20 for winning)\n|l|\u2606100VaNS\n|c|\u2606cgtuh.ocgoj\u201dfyxtg9|glhf\n","uploadtime":1699446603,"views":17,"p1id":"100vans","p2id":"cgtuhocgojfyxtg9","formatid":"gen9doublesou","rating":1197,"private":0,"password":""}