{"id":"gen9doublesou-1988121218","p1":"LpZ IV","p2":"Memoriies","format":"[Gen 9] Doubles OU","log":"|j|\u2606LpZ IV\n|j|\u2606Memoriies\n|t:|1699672160\n|gametype|doubles\n|player|p1|LpZ IV|#scl3shoguns|\n|player|p2|Memoriies|acetrainerf-gen4dp|\n|teamsize|p1|6\n|teamsize|p2|6\n|gen|9\n|tier|[Gen 9] Doubles OU\n|rule|Species Clause: Limit one of each Pok\u00e9mon\n|rule|OHKO Clause: OHKO moves are banned\n|rule|Evasion Moves Clause: Evasion moves are banned\n|rule|Gravity Sleep Clause: The combination of sleep-inducing moves with imperfect accuracy and Gravity or Gigantamax Orbeetle are banned\n|rule|Endless Battle Clause: Forcing endless battles is banned\n|rule|HP Percentage Mod: HP is shown in percentages\n|clearpoke\n|poke|p1|Ogerpon-Hearthflame, F|\n|poke|p1|Iron Hands|\n|poke|p1|Flutter Mane|\n|poke|p1|Tornadus, M|\n|poke|p1|Rillaboom, F|\n|poke|p1|Landorus-Therian, M|\n|poke|p2|Cresselia, F|\n|poke|p2|Rillaboom, F|\n|poke|p2|Iron Hands|\n|poke|p2|Ursaluna-Bloodmoon, M|\n|poke|p2|Basculegion-F, F|\n|poke|p2|Kingambit, M|\n|teampreview\n|c|\u2606LpZ IV|hf\n|j| Ninja\n|j| RiloBR\n|j| SeraphZ\u2605\n|\n|t:|1699672221\n|start\n|switch|p1a: Flutter Mane|Flutter Mane|100\/100\n|switch|p1b: Landorus|Landorus-Therian, M|100\/100\n|switch|p2a: Kingambit|Kingambit, M|100\/100\n|switch|p2b: Iron Hands|Iron Hands|100\/100\n|-ability|p1b: Landorus|Intimidate|boost\n|-unboost|p2a: Kingambit|atk|1\n|-ability|p2a: Kingambit|Defiant|boost\n|-boost|p2a: Kingambit|atk|2\n|-unboost|p2b: Iron Hands|atk|1\n|turn|1\n|j| steelpupa\n|j| err0\n|j| FEIrisfans\n|j| Food_Steamer\n|l| steelpupa\n|l| Food_Steamer\n|\n|t:|1699672281\n|switch|p1b: Iron Hands|Iron Hands|100\/100\n|-end|p1a: Flutter Mane|Protosynthesis|[silent]\n|switch|p1a: Rillaboom|Rillaboom, F|100\/100\n|-fieldstart|move: Grassy Terrain|[from] ability: Grassy Surge|[of] p1a: Rillaboom\n|move|p2b: Iron Hands|Fake Out|p1b: Iron Hands\n|-damage|p1b: Iron Hands|93\/100\n|move|p2a: Kingambit|Swords Dance|p2a: Kingambit\n|-boost|p2a: Kingambit|atk|2\n|\n|-heal|p1b: Iron Hands|99\/100|[from] Grassy Terrain\n|upkeep\n|turn|2\n|\n|t:|1699672324\n|-end|p2b: Iron Hands|Quark Drive|[silent]\n|switch|p2b: Rillaboom|Rillaboom, F|100\/100\n|move|p2a: Kingambit|Protect|p2a: Kingambit\n|-singleturn|p2a: Kingambit|Protect\n|move|p1b: Iron Hands|Fake Out|p2a: Kingambit\n|-activate|p2a: Kingambit|move: Protect\n|move|p1a: Rillaboom|High Horsepower|p2a: Kingambit\n|-activate|p2a: Kingambit|move: Protect\n|\n|-heal|p1b: Iron Hands|100\/100|[from] Grassy Terrain\n|upkeep\n|turn|3\n|\n|t:|1699672353\n|move|p2b: Rillaboom|Fake Out|p1b: Iron Hands\n|-damage|p1b: Iron Hands|91\/100\n|move|p1a: Rillaboom|U-turn|p2b: Rillaboom\n|-supereffective|p2b: Rillaboom\n|-damage|p2b: Rillaboom|56\/100\n|j| cocakk\n|\n|t:|1699672362\n|switch|p1a: Ogerpon|Ogerpon-Hearthflame, F|100\/100|[from] U-turn\n|-ability|p1a: Ogerpon|Mold Breaker\n|cant|p1b: Iron Hands|flinch\n|move|p2a: Kingambit|Kowtow Cleave|p1a: Ogerpon\n|-damage|p1a: Ogerpon|0 fnt\n|faint|p1a: Ogerpon\n|\n|-heal|p2b: Rillaboom|62\/100|[from] Grassy Terrain\n|-heal|p1b: Iron Hands|97\/100|[from] Grassy Terrain\n|upkeep\n|j| lbwllj\n|l| lbwllj\n|\n|t:|1699672394\n|switch|p1a: Rillaboom|Rillaboom, F|100\/100\n|turn|4\n|\n|t:|1699672421\n|switch|p2b: Iron Hands|Iron Hands|100\/100\n|move|p2a: Kingambit|Protect|p2a: Kingambit\n|-singleturn|p2a: Kingambit|Protect\n|move|p1a: Rillaboom|U-turn|p2b: Iron Hands\n|-resisted|p2b: Iron Hands\n|-damage|p2b: Iron Hands|92\/100\n|\n|t:|1699672434\n|switch|p1a: Flutter Mane|Flutter Mane|100\/100|[from] U-turn\n|move|p1b: Iron Hands|Drain Punch|p2b: Iron Hands\n|-damage|p2b: Iron Hands|63\/100\n|-heal|p1b: Iron Hands|100\/100|[from] drain|[of] p2b: Iron Hands\n|\n|-heal|p2b: Iron Hands|69\/100|[from] Grassy Terrain\n|upkeep\n|turn|5\n|\n|t:|1699672445\n|move|p2b: Iron Hands|Fake Out|p1b: Iron Hands\n|-damage|p1b: Iron Hands|88\/100\n|move|p1a: Flutter Mane|Perish Song|p1a: Flutter Mane\n|-start|p1a: Flutter Mane|perish3|[silent]\n|-start|p1b: Iron Hands|perish3|[silent]\n|-start|p2a: Kingambit|perish3|[silent]\n|-start|p2b: Iron Hands|perish3|[silent]\n|-fieldactivate|move: Perish Song\n|cant|p1b: Iron Hands|flinch\n|move|p2a: Kingambit|Kowtow Cleave|p1a: Flutter Mane\n|-damage|p1a: Flutter Mane|0 fnt\n|faint|p1a: Flutter Mane\n|-end|p1a: Flutter Mane|Protosynthesis|[silent]\n|\n|-heal|p1b: Iron Hands|95\/100|[from] Grassy Terrain\n|-heal|p2b: Iron Hands|75\/100|[from] Grassy Terrain\n|-start|p1b: Iron Hands|perish3\n|-start|p2b: Iron Hands|perish3\n|-start|p2a: Kingambit|perish3\n|-fieldend|move: Grassy Terrain\n|upkeep\n|\n|t:|1699672451\n|switch|p1a: Rillaboom|Rillaboom, F|100\/100\n|-fieldstart|move: Grassy Terrain|[from] ability: Grassy Surge|[of] p1a: Rillaboom\n|turn|6\n|j|+Actuarily\n|\n|t:|1699672473\n|move|p2a: Kingambit|Protect|p2a: Kingambit\n|-singleturn|p2a: Kingambit|Protect\n|move|p1a: Rillaboom|Fake Out|p2b: Iron Hands\n|-damage|p2b: Iron Hands|64\/100\n|move|p1b: Iron Hands|Drain Punch|p2a: Kingambit\n|-activate|p2a: Kingambit|move: Protect\n|cant|p2b: Iron Hands|flinch\n|\n|-heal|p1b: Iron Hands|100\/100|[from] Grassy Terrain\n|-heal|p2b: Iron Hands|71\/100|[from] Grassy Terrain\n|-start|p1b: Iron Hands|perish2\n|-start|p2b: Iron Hands|perish2\n|-start|p2a: Kingambit|perish2\n|upkeep\n|turn|7\n|\n|t:|1699672495\n|move|p1a: Rillaboom|High Horsepower|p2b: Iron Hands\n|-supereffective|p2b: Iron Hands\n|-damage|p2b: Iron Hands|18\/100\n|move|p1b: Iron Hands|Drain Punch|p2a: Kingambit\n|-supereffective|p2a: Kingambit\n|-crit|p2a: Kingambit\n|-damage|p2a: Kingambit|0 fnt\n|faint|p2a: Kingambit\n|move|p2b: Iron Hands|Close Combat|p1b: Iron Hands\n|-damage|p1b: Iron Hands|50\/100\n|-unboost|p2b: Iron Hands|def|1\n|-unboost|p2b: Iron Hands|spd|1\n|\n|-heal|p1b: Iron Hands|57\/100|[from] Grassy Terrain\n|-heal|p2b: Iron Hands|24\/100|[from] Grassy Terrain\n|-start|p1b: Iron Hands|perish1\n|-start|p2b: Iron Hands|perish1\n|upkeep\n|l| err0\n|\n|t:|1699672510\n|switch|p2a: Cresselia|Cresselia, F|100\/100\n|turn|8\n|j| qsns\n|l|+Actuarily\n|\n|t:|1699672532\n|-end|p1b: Iron Hands|Quark Drive|[silent]\n|switch|p1b: Landorus|Landorus-Therian, M|100\/100\n|-ability|p1b: Landorus|Intimidate|boost\n|-unboost|p2a: Cresselia|atk|1\n|-unboost|p2b: Iron Hands|atk|1\n|-end|p2b: Iron Hands|Quark Drive|[silent]\n|switch|p2b: Ursaluna|Ursaluna-Bloodmoon, M|100\/100\n|move|p1a: Rillaboom|U-turn|p2b: Ursaluna\n|-damage|p2b: Ursaluna|83\/100\n|\n|t:|1699672542\n|switch|p1a: Iron Hands|Iron Hands|57\/100|[from] U-turn\n|move|p2a: Cresselia|Trick Room|p2a: Cresselia\n|-fieldstart|move: Trick Room|[of] p2a: Cresselia\n|\n|-heal|p2b: Ursaluna|89\/100|[from] Grassy Terrain\n|-heal|p1a: Iron Hands|63\/100|[from] Grassy Terrain\n|upkeep\n|turn|9\n|\n|t:|1699672574\n|switch|p2a: Iron Hands|Iron Hands|24\/100\n|move|p2b: Ursaluna|Protect|p2b: Ursaluna\n|-singleturn|p2b: Ursaluna|Protect\n|move|p1a: Iron Hands|Fake Out|p2b: Ursaluna\n|-activate|p2b: Ursaluna|move: Protect\n|move|p1b: Landorus|U-turn|p2a: Iron Hands\n|-resisted|p2a: Iron Hands\n|-damage|p2a: Iron Hands|15\/100\n|\n|t:|1699672580\n|switch|p1b: Rillaboom|Rillaboom, F|100\/100|[from] U-turn\n|\n|-heal|p2a: Iron Hands|21\/100|[from] Grassy Terrain\n|-heal|p2b: Ursaluna|95\/100|[from] Grassy Terrain\n|-heal|p1a: Iron Hands|69\/100|[from] Grassy Terrain\n|upkeep\n|turn|10\n|j|+ryo yamada2001\n|j| theyummybagel\n|\n|t:|1699672602\n|-end|p1a: Iron Hands|Quark Drive|[silent]\n|switch|p1a: Landorus|Landorus-Therian, M|100\/100\n|-ability|p1a: Landorus|Intimidate|boost\n|-unboost|p2a: Iron Hands|atk|1\n|-unboost|p2b: Ursaluna|atk|1\n|-terastallize|p2b: Ursaluna|Poison\n|move|p2a: Iron Hands|Fake Out|p1b: Rillaboom\n|-damage|p1b: Rillaboom|91\/100\n|cant|p1b: Rillaboom|flinch\n|move|p2b: Ursaluna|Hyper Voice|p1a: Landorus|[spread] p1a,p1b\n|-damage|p1a: Landorus|50\/100\n|-damage|p1b: Rillaboom|61\/100\n|-enditem|p2b: Ursaluna|Throat Spray\n|-boost|p2b: Ursaluna|spa|1|[from] item: Throat Spray\n|\n|-heal|p2a: Iron Hands|27\/100|[from] Grassy Terrain\n|-heal|p2b: Ursaluna|100\/100|[from] Grassy Terrain\n|-heal|p1b: Rillaboom|67\/100|[from] Grassy Terrain\n|-fieldend|move: Grassy Terrain\n|upkeep\n|turn|11\n|j| Penter\n|\n|t:|1699672637\n|switch|p1a: Iron Hands|Iron Hands|69\/100\n|move|p2a: Iron Hands|Ice Punch|p1a: Iron Hands\n|-damage|p1a: Iron Hands|56\/100\n|move|p2b: Ursaluna|Hyper Voice|p1a: Iron Hands|[spread] p1a,p1b\n|-damage|p1a: Iron Hands|27\/100\n|-damage|p1b: Rillaboom|26\/100\n|move|p1b: Rillaboom|High Horsepower|p2a: Iron Hands|[miss]\n|-miss|p1b: Rillaboom|p2a: Iron Hands\n|\n|upkeep\n|turn|12\n|\n|t:|1699672668\n|-end|p2a: Iron Hands|Quark Drive|[silent]\n|switch|p2a: Cresselia|Cresselia, F|100\/100\n|switch|p1b: Tornadus|Tornadus, M|100\/100\n|move|p1a: Iron Hands|Fake Out|p2b: Ursaluna\n|-damage|p2b: Ursaluna|90\/100\n|cant|p2b: Ursaluna|flinch\n|\n|-fieldend|move: Trick Room\n|upkeep\n|turn|13\n|\n|t:|1699672685\n|move|p1b: Tornadus|Taunt|p2a: Cresselia\n|-start|p2a: Cresselia|move: Taunt\n|move|p1a: Iron Hands|Wild Charge|p2b: Ursaluna\n|-damage|p2b: Ursaluna|54\/100\n|-damage|p1a: Iron Hands|19\/100|[from] Recoil\n|move|p2b: Ursaluna|Hyper Voice|p1a: Iron Hands|[spread] p1a,p1b\n|-damage|p1a: Iron Hands|0 fnt\n|-damage|p1b: Tornadus|33\/100\n|faint|p1a: Iron Hands\n|-end|p1a: Iron Hands|Quark Drive|[silent]\n|cant|p2a: Cresselia|move: Taunt|Trick Room\n|\n|upkeep\n|j| Nido-Rus\n|\n|t:|1699672695\n|switch|p1a: Landorus|Landorus-Therian, M|50\/100\n|-ability|p1a: Landorus|Intimidate|boost\n|-unboost|p2a: Cresselia|atk|1\n|-unboost|p2b: Ursaluna|atk|1\n|turn|14\n|\n|t:|1699672705\n|switch|p2a: Iron Hands|Iron Hands|27\/100\n|move|p2b: Ursaluna|Protect|p2b: Ursaluna\n|-singleturn|p2b: Ursaluna|Protect\n|move|p1a: Landorus|Stomping Tantrum|p2b: Ursaluna\n|-activate|p2b: Ursaluna|move: Protect\n|move|p1b: Tornadus|Bleakwind Storm|p2b: Ursaluna|[spread] p2a\n|-activate|p2b: Ursaluna|move: Protect\n|-damage|p2a: Iron Hands|12\/100\n|\n|upkeep\n|turn|15\n|j| Schister\n|l| Ninja\n|\n|t:|1699672735\n|-terastallize|p1b: Tornadus|Flying\n|move|p2a: Iron Hands|Fake Out|p1a: Landorus\n|-damage|p1a: Landorus|33\/100\n|cant|p1a: Landorus|flinch\n|move|p1b: Tornadus|Bleakwind Storm|p2a: Iron Hands|[spread] p2b\n|-miss|p1b: Tornadus|p2a: Iron Hands\n|-damage|p2b: Ursaluna|15\/100\n|move|p2b: Ursaluna|Hyper Voice|p1a: Landorus|[spread] p1a,p1b\n|-damage|p1a: Landorus|0 fnt\n|-damage|p1b: Tornadus|0 fnt\n|faint|p1a: Landorus\n|faint|p1b: Tornadus\n|\n|upkeep\n|\n|t:|1699672752\n|switch|p1a: Rillaboom|Rillaboom, F|26\/100\n|-fieldstart|move: Grassy Terrain|[from] ability: Grassy Surge|[of] p1a: Rillaboom\n|turn|16\n|l| Schister\n|j| Schister\n|\n|t:|1699672771\n|move|p1a: Rillaboom|Grassy Glide|p2a: Iron Hands\n|-damage|p2a: Iron Hands|0 fnt\n|faint|p2a: Iron Hands\n|-end|p2a: Iron Hands|Quark Drive|[silent]\n|move|p2b: Ursaluna|Blood Moon|p1a: Rillaboom\n|-crit|p1a: Rillaboom\n|-damage|p1a: Rillaboom|0 fnt\n|faint|p1a: Rillaboom\n|\n|win|Memoriies\n","uploadtime":1699672776,"views":110,"p1id":"lpziv","p2id":"memoriies","formatid":"gen9doublesou","rating":0,"private":0,"password":""}