{"id":"gen9doublesou-1997811029","p1":"Animepedia","p2":"Magiquaza","format":"[Gen 9] Doubles OU","log":"|j|\u2606Animepedia\n|j|\u2606Magiquaza\n|inactive|Battle timer is ON: inactive players will automatically lose when time's up.\n|t:|1700855221\n|gametype|doubles\n|player|p1|Animepedia|cynthia-gen4|\n|player|p2|Magiquaza|266|\n|teamsize|p1|6\n|teamsize|p2|6\n|gen|9\n|tier|[Gen 9] Doubles OU\n|rated|Tournament battle\n|rule|Species Clause: Limit one of each Pok\u00e9mon\n|rule|OHKO Clause: OHKO moves are banned\n|rule|Evasion Moves Clause: Evasion moves are banned\n|rule|Gravity Sleep Clause: The combination of sleep-inducing moves with imperfect accuracy and Gravity or Gigantamax Orbeetle are banned\n|rule|Endless Battle Clause: Forcing endless battles is banned\n|rule|HP Percentage Mod: HP is shown in percentages\n|clearpoke\n|poke|p1|Mamoswine, F|\n|poke|p1|Flaaffy, F|\n|poke|p1|Skiddo, M|\n|poke|p1|Salamence, M|\n|poke|p1|Clefable, F|\n|poke|p1|Infernape, F|\n|poke|p2|Ariados, M|\n|poke|p2|Espathra, M|\n|poke|p2|Beartic, M|\n|poke|p2|Yanmega, M|\n|poke|p2|Lilligant, F|\n|poke|p2|Swanna, F|\n|teampreview\n|j|*Lady Monita \u2746\n|inactive|Animepedia also wants the timer to be on.\n|inactive|Magiquaza also wants the timer to be on.\n|\n|t:|1700855232\n|start\n|switch|p1a: Mamoswine|Mamoswine, F|100\/100\n|switch|p1b: Infernape|Infernape, F|100\/100\n|switch|p2a: Ariados|Ariados, M|100\/100\n|switch|p2b: Beartic|Beartic, M|100\/100\n|turn|1\n|c|\u2606Magiquaza|lumina core ftwwww\n|\n|t:|1700855249\n|move|p1b: Infernape|Fake Out|p2b: Beartic\n|-damage|p2b: Beartic|88\/100\n|cant|p2b: Beartic|flinch\n|move|p1a: Mamoswine|High Horsepower|p2a: Ariados\n|-damage|p2a: Ariados|27\/100\n|-enditem|p2a: Ariados|Sitrus Berry|[eat]\n|-heal|p2a: Ariados|52\/100|[from] item: Sitrus Berry\n|move|p2a: Ariados|Sticky Web|p1b: Infernape\n|-sidestart|p1: Animepedia|move: Sticky Web\n|\n|upkeep\n|turn|2\n|\n|t:|1700855264\n|move|p1b: Infernape|Will-O-Wisp|p2b: Beartic|[miss]\n|-miss|p1b: Infernape|p2b: Beartic\n|move|p2b: Beartic|Liquidation|p1b: Infernape\n|-supereffective|p1b: Infernape\n|-damage|p1b: Infernape|7\/100\n|move|p1a: Mamoswine|High Horsepower|p2a: Ariados\n|-damage|p2a: Ariados|0 fnt\n|faint|p2a: Ariados\n|\n|upkeep\n|inactive|Magiquaza has 120 seconds left.\n|\n|t:|1700855285\n|switch|p2a: Yanmega|Yanmega, M|100\/100\n|turn|3\n|\n|t:|1700855292\n|move|p2a: Yanmega|Protect|p2a: Yanmega\n|-singleturn|p2a: Yanmega|Protect\n|move|p1b: Infernape|Overheat|p2b: Beartic\n|-supereffective|p2b: Beartic\n|-damage|p2b: Beartic|0 fnt\n|-unboost|p1b: Infernape|spa|2\n|faint|p2b: Beartic\n|move|p1a: Mamoswine|Icicle Crash|p2a: Yanmega\n|-activate|p2a: Yanmega|move: Protect\n|\n|-ability|p2a: Yanmega|Speed Boost|boost\n|-boost|p2a: Yanmega|spe|1\n|upkeep\n|\n|t:|1700855302\n|switch|p2b: Lilligant|Lilligant, F|100\/100\n|turn|4\n|\n|t:|1700855314\n|move|p2a: Yanmega|Bug Buzz|p1b: Infernape\n|-resisted|p1b: Infernape\n|-damage|p1b: Infernape|0 fnt\n|faint|p1b: Infernape\n|move|p2b: Lilligant|Leaf Storm|p1a: Mamoswine|[miss]\n|-miss|p2b: Lilligant|p1a: Mamoswine\n|move|p1a: Mamoswine|Icicle Crash|p2a: Yanmega\n|-supereffective|p2a: Yanmega\n|-enditem|p2a: Yanmega|Focus Sash\n|-damage|p2a: Yanmega|1\/100\n|\n|-ability|p2a: Yanmega|Speed Boost|boost\n|-boost|p2a: Yanmega|spe|1\n|upkeep\n|\n|t:|1700855325\n|switch|p1b: Clefable|Clefable, F|100\/100\n|-activate|p1b: Clefable|move: Sticky Web\n|-unboost|p1b: Clefable|spe|1\n|turn|5\n|\n|t:|1700855334\n|move|p2a: Yanmega|Protect|p2a: Yanmega\n|-singleturn|p2a: Yanmega|Protect\n|move|p1a: Mamoswine|Ice Shard|p2a: Yanmega\n|-activate|p2a: Yanmega|move: Protect\n|move|p2b: Lilligant|Leaf Storm|p1a: Mamoswine\n|-supereffective|p1a: Mamoswine\n|-damage|p1a: Mamoswine|18\/100\n|-unboost|p2b: Lilligant|spa|2\n|move|p1b: Clefable|Calm Mind|p1b: Clefable\n|-boost|p1b: Clefable|spa|1\n|-boost|p1b: Clefable|spd|1\n|\n|-ability|p2a: Yanmega|Speed Boost|boost\n|-boost|p2a: Yanmega|spe|1\n|upkeep\n|turn|6\n|inactive|Animepedia has 120 seconds left.\n|\n|t:|1700855373\n|switch|p2a: Espathra|Espathra, M|100\/100\n|move|p1a: Mamoswine|Ice Shard|p2a: Espathra\n|-damage|p2a: Espathra|66\/100\n|move|p2b: Lilligant|Giga Drain|p1a: Mamoswine\n|-supereffective|p1a: Mamoswine\n|-damage|p1a: Mamoswine|0 fnt\n|faint|p1a: Mamoswine\n|move|p1b: Clefable|Calm Mind|p1b: Clefable\n|-boost|p1b: Clefable|spa|1\n|-boost|p1b: Clefable|spd|1\n|\n|-heal|p2a: Espathra|72\/100|[from] item: Leftovers\n|upkeep\n|\n|t:|1700855382\n|switch|p1a: Salamence|Salamence, M|100\/100\n|turn|7\n|\n|t:|1700855401\n|move|p2a: Espathra|Lumina Crash|p1a: Salamence\n|-damage|p1a: Salamence|55\/100\n|-unboost|p1a: Salamence|spd|2\n|move|p2b: Lilligant|Tera Blast|p1a: Salamence\n|-damage|p1a: Salamence|27\/100\n|move|p1a: Salamence|Dragon Dance|p1a: Salamence\n|-boost|p1a: Salamence|atk|1\n|-boost|p1a: Salamence|spe|1\n|move|p1b: Clefable|Flamethrower|p2b: Lilligant\n|-supereffective|p2b: Lilligant\n|-damage|p2b: Lilligant|0 fnt\n|faint|p2b: Lilligant\n|\n|-heal|p2a: Espathra|78\/100|[from] item: Leftovers\n|-ability|p2a: Espathra|Speed Boost|boost\n|-boost|p2a: Espathra|spe|1\n|upkeep\n|\n|t:|1700855413\n|switch|p2b: Yanmega|Yanmega, M|1\/100\n|turn|8\n|j|^HEAVY-DUTY B0OTY\n|\n|t:|1700855435\n|-terastallize|p1b: Clefable|Fairy\n|move|p2a: Espathra|Protect|p2a: Espathra\n|-singleturn|p2a: Espathra|Protect\n|move|p1a: Salamence|Protect|p1a: Salamence\n|-singleturn|p1a: Salamence|Protect\n|move|p2b: Yanmega|Protect|p2b: Yanmega\n|-singleturn|p2b: Yanmega|Protect\n|move|p1b: Clefable|Moonblast|p2a: Espathra\n|-activate|p2a: Espathra|move: Protect\n|\n|-heal|p2a: Espathra|84\/100|[from] item: Leftovers\n|-ability|p2a: Espathra|Speed Boost|boost\n|-boost|p2a: Espathra|spe|1\n|-ability|p2b: Yanmega|Speed Boost|boost\n|-boost|p2b: Yanmega|spe|1\n|upkeep\n|turn|9\n|j| 41exe\n|\n|t:|1700855458\n|switch|p1a: Skiddo|Skiddo, M|100\/100\n|-activate|p1a: Skiddo|move: Sticky Web\n|-unboost|p1a: Skiddo|spe|1\n|-terastallize|p2a: Espathra|Fire\n|move|p2a: Espathra|Dazzling Gleam|p1a: Skiddo|[spread] p1a,p1b\n|-damage|p1a: Skiddo|80\/100\n|-damage|p1b: Clefable|91\/100\n|move|p2b: Yanmega|Air Slash|p1b: Clefable\n|-crit|p1b: Clefable\n|-damage|p1b: Clefable|37\/100\n|move|p1b: Clefable|Moonblast|p2a: Espathra\n|-resisted|p2a: Espathra\n|-damage|p2a: Espathra|0 fnt\n|faint|p2a: Espathra\n|\n|-ability|p2b: Yanmega|Speed Boost|boost\n|-boost|p2b: Yanmega|spe|1\n|upkeep\n|c|\u2606Magiquaza|oh shit\n|inactive|Magiquaza has 120 seconds left.\n|\n|t:|1700855474\n|switch|p2a: Swanna|Swanna, F|100\/100\n|turn|10\n|\n|t:|1700855498\n|move|p1b: Clefable|Protect|p1b: Clefable\n|-singleturn|p1b: Clefable|Protect\n|move|p2b: Yanmega|Bug Buzz|p1a: Skiddo\n|-supereffective|p1a: Skiddo\n|-damage|p1a: Skiddo|0 fnt\n|faint|p1a: Skiddo\n|move|p2a: Swanna|Hydro Pump|p1b: Clefable\n|-activate|p1b: Clefable|move: Protect\n|\n|-ability|p2b: Yanmega|Speed Boost|boost\n|-boost|p2b: Yanmega|spe|1\n|upkeep\n|\n|t:|1700855507\n|switch|p1a: Flaaffy|Flaaffy, F|100\/100\n|-activate|p1a: Flaaffy|move: Sticky Web\n|-unboost|p1a: Flaaffy|spe|1\n|turn|11\n|\n|t:|1700855523\n|move|p2b: Yanmega|Air Slash|p1b: Clefable|[miss]\n|-miss|p2b: Yanmega|p1b: Clefable\n|move|p2a: Swanna|Hydro Pump|p1a: Flaaffy\n|-damage|p1a: Flaaffy|56\/100\n|move|p1b: Clefable|Moonblast|p2a: Swanna\n|-enditem|p2a: Swanna|Focus Sash\n|-damage|p2a: Swanna|1\/100\n|-unboost|p2a: Swanna|spa|1\n|move|p1a: Flaaffy|Electroweb|p2b: Yanmega|[spread] p2a,p2b\n|-supereffective|p2a: Swanna\n|-supereffective|p2b: Yanmega\n|-damage|p2a: Swanna|0 fnt\n|-damage|p2b: Yanmega|0 fnt\n|faint|p2a: Swanna\n|faint|p2b: Yanmega\n|\n|win|Animepedia\n|n|\u2606Animepedia|animepedia\n|n|\u2606Magiquaza|magiquaza\n|n|*Lady Monita \u2746|ladymonita\n|n| HEAVY-DUTY B0OTY|heavydutyb0oty\n|n| 41exe|41exe\n","uploadtime":1700855524,"views":2,"p1id":"animepedia","p2id":"magiquaza","formatid":"gen9doublesou","rating":0,"private":0,"password":""}