{"id":"gen9doublesou-1983128687","p1":"Sleepoligy","p2":"Ghhhhhhj","format":"[Gen 9] Doubles OU","log":"|j|\u2606Sleepoligy\n|j|\u2606Ghhhhhhj\n|t:|1699092285\n|gametype|doubles\n|player|p1|Sleepoligy|brycen|1140\n|player|p2|Ghhhhhhj|1|1000\n|teamsize|p1|6\n|teamsize|p2|6\n|gen|9\n|tier|[Gen 9] Doubles OU\n|rated|\n|rule|Species Clause: Limit one of each Pok\u00e9mon\n|rule|OHKO Clause: OHKO moves are banned\n|rule|Evasion Moves Clause: Evasion moves are banned\n|rule|Gravity Sleep Clause: The combination of sleep-inducing moves with imperfect accuracy and Gravity or Gigantamax Orbeetle are banned\n|rule|Endless Battle Clause: Forcing endless battles is banned\n|rule|HP Percentage Mod: HP is shown in percentages\n|clearpoke\n|poke|p1|Hippowdon, M|\n|poke|p1|Gligar, F|\n|poke|p1|Toedscruel, F|\n|poke|p1|Landorus-Therian, M|\n|poke|p1|Ursaluna-Bloodmoon, M|\n|poke|p1|Great Tusk|\n|poke|p2|Clefairy, M|\n|poke|p2|Thundurus, M|\n|poke|p2|Iron Leaves|\n|poke|p2|Walking Wake|\n|poke|p2|Charizard, M|\n|poke|p2|Dragonite, F|\n|teampreview\n|inactive|Battle timer is ON: inactive players will automatically lose when time's up. (requested by Ghhhhhhj)\n|\n|t:|1699092321\n|start\n|switch|p1a: Toedscruel|Toedscruel, F|100\/100\n|switch|p1b: Hippowdon|Hippowdon, M|100\/100\n|switch|p2a: Thundurus|Thundurus, M|100\/100\n|switch|p2b: Walking Wake|Walking Wake|100\/100\n|-weather|Sandstorm|[from] ability: Sand Stream|[of] p1b: Hippowdon\n|turn|1\n|inactive|Sleepoligy has 120 seconds left.\n|\n|t:|1699092366\n|-terastallize|p1b: Hippowdon|Fighting\n|move|p2a: Thundurus|Sunny Day|p2a: Thundurus\n|-weather|SunnyDay\n|-activate|p2b: Walking Wake|ability: Protosynthesis\n|-start|p2b: Walking Wake|protosynthesisspa\n|move|p2b: Walking Wake|Hydro Steam|p1b: Hippowdon\n|-damage|p1b: Hippowdon|34\/100\n|move|p1b: Hippowdon|Stealth Rock|p2a: Thundurus\n|-sidestart|p2: Ghhhhhhj|move: Stealth Rock\n|move|p1a: Toedscruel|Light Screen|p1a: Toedscruel\n|-sidestart|p1: Sleepoligy|move: Light Screen\n|\n|-weather|SunnyDay|[upkeep]\n|upkeep\n|turn|2\n|inactive|Sleepoligy has 120 seconds left.\n|\n|t:|1699092406\n|switch|p1b: Ursaluna|Ursaluna-Bloodmoon, M|100\/100\n|move|p2a: Thundurus|Electric Terrain|p2a: Thundurus\n|-fieldstart|move: Electric Terrain\n|move|p2b: Walking Wake|Hydro Steam|p1b: Ursaluna\n|-supereffective|p1b: Ursaluna\n|-damage|p1b: Ursaluna|31\/100\n|move|p1a: Toedscruel|Trick Room|p1a: Toedscruel\n|-fieldstart|move: Trick Room|[of] p1a: Toedscruel\n|\n|-weather|SunnyDay|[upkeep]\n|upkeep\n|turn|3\n|inactive|Sleepoligy has 120 seconds left.\n|\n|t:|1699092427\n|move|p1a: Toedscruel|Rage Powder|p1a: Toedscruel\n|-singleturn|p1a: Toedscruel|move: Rage Powder\n|move|p1b: Ursaluna|Hyper Voice|p2b: Walking Wake|[spread] p2a,p2b\n|-damage|p2a: Thundurus|47\/100\n|-damage|p2b: Walking Wake|71\/100\n|move|p2b: Walking Wake|Hydro Steam|p1a: Toedscruel\n|-damage|p1a: Toedscruel|63\/100\n|move|p2a: Thundurus|Wildbolt Storm|p1a: Toedscruel|[spread] \n|-immune|p1a: Toedscruel\n|-immune|p1b: Ursaluna\n|\n|-weather|SunnyDay|[upkeep]\n|upkeep\n|turn|4\n|\n|t:|1699092450\n|switch|p2a: Clefairy|Clefairy, M|100\/100\n|-damage|p2a: Clefairy|88\/100|[from] Stealth Rock\n|move|p1a: Toedscruel|Rage Powder|p1a: Toedscruel\n|-singleturn|p1a: Toedscruel|move: Rage Powder\n|move|p1b: Ursaluna|Blood Moon|p2b: Walking Wake\n|-damage|p2b: Walking Wake|20\/100\n|move|p2b: Walking Wake|Snarl|p1b: Ursaluna|[spread] p1a,p1b\n|-damage|p1a: Toedscruel|54\/100\n|-damage|p1b: Ursaluna|23\/100\n|-unboost|p1a: Toedscruel|spa|1\n|-unboost|p1b: Ursaluna|spa|1\n|\n|-weather|SunnyDay|[upkeep]\n|upkeep\n|turn|5\n|\n|t:|1699092470\n|move|p2a: Clefairy|Follow Me|p2a: Clefairy\n|-singleturn|p2a: Clefairy|move: Follow Me\n|move|p1b: Ursaluna|Hyper Voice|p2a: Clefairy|[spread] p2a,p2b\n|-damage|p2a: Clefairy|71\/100\n|-damage|p2b: Walking Wake|4\/100\n|move|p1a: Toedscruel|Hex|p2a: Clefairy\n|-damage|p2a: Clefairy|66\/100\n|move|p2b: Walking Wake|Hydro Steam|p1b: Ursaluna\n|-supereffective|p1b: Ursaluna\n|-damage|p1b: Ursaluna|0 fnt\n|faint|p1b: Ursaluna\n|\n|-weather|none\n|-end|p2b: Walking Wake|Protosynthesis\n|-sideend|p1: Sleepoligy|move: Light Screen\n|upkeep\n|\n|t:|1699092485\n|switch|p1b: Hippowdon|Hippowdon, M, tera:Fighting|34\/100\n|-weather|Sandstorm|[from] ability: Sand Stream|[of] p1b: Hippowdon\n|turn|6\n|\n|t:|1699092503\n|move|p1b: Hippowdon|Slack Off|p1b: Hippowdon\n|-heal|p1b: Hippowdon|84\/100\n|move|p2a: Clefairy|Gravity|p2a: Clefairy\n|-fieldstart|move: Gravity\n|move|p2b: Walking Wake|Hydro Steam|p1b: Hippowdon\n|-damage|p1b: Hippowdon|51\/100\n|move|p1a: Toedscruel|Light Screen|p1a: Toedscruel\n|-sidestart|p1: Sleepoligy|move: Light Screen\n|\n|-weather|Sandstorm|[upkeep]\n|-damage|p1b: Hippowdon|45\/100|[from] Sandstorm\n|-damage|p2a: Clefairy|60\/100|[from] Sandstorm\n|-damage|p2b: Walking Wake|0 fnt|[from] Sandstorm\n|faint|p2b: Walking Wake\n|-end|p2b: Walking Wake|Protosynthesis|[silent]\n|-fieldend|move: Trick Room\n|-fieldend|move: Electric Terrain\n|upkeep\n|\n|t:|1699092518\n|switch|p2b: Thundurus|Thundurus, M|47\/100\n|-damage|p2b: Thundurus|23\/100|[from] Stealth Rock\n|turn|7\n|inactive|Sleepoligy has 120 seconds left.\n|\n|t:|1699092551\n|move|p2b: Thundurus|Sunny Day|p2b: Thundurus\n|-weather|SunnyDay\n|move|p1a: Toedscruel|Hex|p2b: Thundurus\n|-damage|p2b: Thundurus|14\/100\n|move|p2a: Clefairy|Dazzling Gleam|p1a: Toedscruel|[spread] p1a,p1b\n|-supereffective|p1b: Hippowdon\n|-damage|p1a: Toedscruel|47\/100\n|-damage|p1b: Hippowdon|30\/100\n|move|p1b: Hippowdon|Slack Off|p1b: Hippowdon\n|-heal|p1b: Hippowdon|80\/100\n|\n|-weather|SunnyDay|[upkeep]\n|upkeep\n|turn|8\n|\n|t:|1699092575\n|switch|p1b: Gligar|Gligar, F|100\/100\n|move|p2a: Clefairy|Follow Me|p2a: Clefairy\n|-singleturn|p2a: Clefairy|move: Follow Me\n|move|p2b: Thundurus|Electric Terrain|p2b: Thundurus\n|-fieldstart|move: Electric Terrain\n|move|p1a: Toedscruel|Hex|p2a: Clefairy\n|-damage|p2a: Clefairy|54\/100\n|\n|-weather|SunnyDay|[upkeep]\n|upkeep\n|turn|9\n|inactive|Sleepoligy has 120 seconds left.\n|\n|t:|1699092615\n|switch|p2b: Charizard|Charizard, M, shiny|100\/100\n|-damage|p2b: Charizard|51\/100|[from] Stealth Rock\n|move|p1a: Toedscruel|Hex|p2b: Charizard\n|-damage|p2b: Charizard|45\/100\n|move|p1b: Gligar|Tailwind|p1b: Gligar\n|-sidestart|p1: Sleepoligy|move: Tailwind\n|move|p2a: Clefairy|Dazzling Gleam|p1a: Toedscruel|[spread] p1a,p1b\n|-damage|p1a: Toedscruel|40\/100\n|-damage|p1b: Gligar|95\/100\n|\n|-weather|SunnyDay|[upkeep]\n|-damage|p2b: Charizard|32\/100|[from] ability: Solar Power|[of] p2b: Charizard\n|upkeep\n|turn|10\n|\n|t:|1699092643\n|switch|p1a: Hippowdon|Hippowdon, M, tera:Fighting|80\/100\n|-weather|Sandstorm|[from] ability: Sand Stream|[of] p1a: Hippowdon\n|move|p2a: Clefairy|Follow Me|p2a: Clefairy\n|-singleturn|p2a: Clefairy|move: Follow Me\n|move|p1b: Gligar|Struggle Bug|p2a: Clefairy|[spread] p2a,p2b\n|-resisted|p2a: Clefairy\n|-resisted|p2b: Charizard\n|-damage|p2a: Clefairy|53\/100\n|-damage|p2b: Charizard|32\/100\n|-unboost|p2a: Clefairy|spa|1\n|-unboost|p2b: Charizard|spa|1\n|move|p2b: Charizard|Fire Blast|p1a: Hippowdon\n|-damage|p1a: Hippowdon|61\/100\n|\n|-weather|Sandstorm|[upkeep]\n|-damage|p2b: Charizard|26\/100|[from] Sandstorm\n|-damage|p1a: Hippowdon|55\/100|[from] Sandstorm\n|-damage|p2a: Clefairy|47\/100|[from] Sandstorm\n|-sideend|p1: Sleepoligy|move: Light Screen\n|-fieldend|move: Gravity\n|upkeep\n|turn|11\n|inactive|Sleepoligy has 120 seconds left.\n|inactive|Ghhhhhhj has 120 seconds left.\n|\n|t:|1699092679\n|switch|p2b: Thundurus|Thundurus, M|14\/100\n|-damage|p2b: Thundurus|0 fnt|[from] Stealth Rock\n|faint|p2b: Thundurus\n|move|p2a: Clefairy|Follow Me|p2a: Clefairy\n|-singleturn|p2a: Clefairy|move: Follow Me\n|move|p1b: Gligar|Struggle Bug|p2a: Clefairy\n|-resisted|p2a: Clefairy\n|-damage|p2a: Clefairy|45\/100\n|-unboost|p2a: Clefairy|spa|1\n|move|p1a: Hippowdon|Slack Off|p1a: Hippowdon\n|-heal|p1a: Hippowdon|100\/100\n|\n|-weather|Sandstorm|[upkeep]\n|-damage|p1a: Hippowdon|94\/100|[from] Sandstorm\n|-damage|p2a: Clefairy|39\/100|[from] Sandstorm\n|upkeep\n|inactive|Ghhhhhhj has 120 seconds left.\n|\n|t:|1699092702\n|switch|p2b: Iron Leaves|Iron Leaves|100\/100\n|-damage|p2b: Iron Leaves|88\/100|[from] Stealth Rock\n|-activate|p2b: Iron Leaves|ability: Quark Drive\n|-start|p2b: Iron Leaves|quarkdriveatk\n|turn|12\n|inactive|Ghhhhhhj has 120 seconds left.\n|\n|t:|1699092723\n|switch|p1a: Landorus|Landorus-Therian, M|100\/100\n|-ability|p1a: Landorus|Intimidate|boost\n|-unboost|p2a: Clefairy|atk|1\n|-unboost|p2b: Iron Leaves|atk|1\n|move|p2a: Clefairy|Follow Me|p2a: Clefairy\n|-singleturn|p2a: Clefairy|move: Follow Me\n|move|p1b: Gligar|Struggle Bug|p2a: Clefairy|[spread] p2a,p2b\n|-resisted|p2a: Clefairy\n|-crit|p2a: Clefairy\n|-supereffective|p2b: Iron Leaves\n|-damage|p2a: Clefairy|38\/100\n|-damage|p2b: Iron Leaves|76\/100\n|-unboost|p2a: Clefairy|spa|1\n|-unboost|p2b: Iron Leaves|spa|1\n|move|p2b: Iron Leaves|Psyblade|p1a: Landorus\n|-damage|p1a: Landorus|6\/100\n|\n|-weather|Sandstorm|[upkeep]\n|-damage|p2b: Iron Leaves|70\/100|[from] Sandstorm\n|-damage|p2a: Clefairy|31\/100|[from] Sandstorm\n|-sideend|p1: Sleepoligy|move: Tailwind\n|-fieldend|move: Electric Terrain\n|-end|p2b: Iron Leaves|Quark Drive\n|upkeep\n|turn|13\n|inactive|Ghhhhhhj has 120 seconds left.\n|\n|t:|1699092749\n|move|p2a: Clefairy|Follow Me|p2a: Clefairy\n|-singleturn|p2a: Clefairy|move: Follow Me\n|move|p1a: Landorus|U-turn|p2a: Clefairy\n|-resisted|p2a: Clefairy\n|-damage|p2a: Clefairy|13\/100\n|\n|t:|1699092758\n|switch|p1a: Toedscruel|Toedscruel, F|40\/100|[from] U-turn\n|move|p2b: Iron Leaves|Psyblade|p1a: Toedscruel\n|-damage|p1a: Toedscruel|0 fnt\n|faint|p1a: Toedscruel\n|move|p1b: Gligar|Tailwind|p1b: Gligar\n|-sidestart|p1: Sleepoligy|move: Tailwind\n|\n|-weather|Sandstorm|[upkeep]\n|-damage|p2b: Iron Leaves|63\/100|[from] Sandstorm\n|-damage|p2a: Clefairy|7\/100|[from] Sandstorm\n|upkeep\n|\n|t:|1699092766\n|switch|p1a: Landorus|Landorus-Therian, M|6\/100\n|-ability|p1a: Landorus|Intimidate|boost\n|-unboost|p2a: Clefairy|atk|1\n|-unboost|p2b: Iron Leaves|atk|1\n|turn|14\n|\n|t:|1699092775\n|move|p2a: Clefairy|Follow Me|p2a: Clefairy\n|-singleturn|p2a: Clefairy|move: Follow Me\n|move|p1a: Landorus|Earthquake|p2b: Iron Leaves|[spread] p2a,p2b\n|-immune|p1b: Gligar\n|-resisted|p2b: Iron Leaves\n|-damage|p2a: Clefairy|0 fnt\n|-damage|p2b: Iron Leaves|43\/100\n|faint|p2a: Clefairy\n|move|p1b: Gligar|Struggle Bug|p2b: Iron Leaves\n|-supereffective|p2b: Iron Leaves\n|-damage|p2b: Iron Leaves|21\/100\n|-unboost|p2b: Iron Leaves|spa|1\n|move|p2b: Iron Leaves|Psyblade|p1a: Landorus\n|-damage|p1a: Landorus|0 fnt\n|faint|p1a: Landorus\n|\n|-weather|Sandstorm|[upkeep]\n|-damage|p2b: Iron Leaves|15\/100|[from] Sandstorm\n|upkeep\n|\n|t:|1699092793\n|switch|p1a: Great Tusk|Great Tusk|100\/100\n|switch|p2a: Charizard|Charizard, M, shiny|26\/100\n|-damage|p2a: Charizard|0 fnt|[from] Stealth Rock\n|faint|p2a: Charizard\n|-enditem|p1a: Great Tusk|Booster Energy\n|-activate|p1a: Great Tusk|ability: Protosynthesis|[fromitem]\n|-start|p1a: Great Tusk|protosynthesisatk\n|\n|t:|1699092802\n|switch|p2a: Nuts|Dragonite, F, shiny|100\/100\n|-damage|p2a: Nuts|76\/100|[from] Stealth Rock\n|turn|15\n|\n|t:|1699092817\n|-terastallize|p2a: Nuts|Ice\n|move|p1a: Great Tusk|Protect|p1a: Great Tusk\n|-singleturn|p1a: Great Tusk|Protect\n|move|p1b: Gligar|Struggle Bug|p2b: Iron Leaves|[spread] p2a,p2b\n|-crit|p2a: Nuts\n|-supereffective|p2b: Iron Leaves\n|-damage|p2a: Nuts|70\/100\n|-damage|p2b: Iron Leaves|0 fnt\n|-unboost|p2a: Nuts|spa|1\n|faint|p2b: Iron Leaves\n|-end|p2b: Iron Leaves|Quark Drive|[silent]\n|move|p2a: Nuts|Ice Spinner|p1a: Great Tusk\n|-activate|p1a: Great Tusk|move: Protect\n|\n|-weather|Sandstorm|[upkeep]\n|-damage|p2a: Nuts|64\/100|[from] Sandstorm\n|upkeep\n|turn|16\n|\n|t:|1699092834\n|move|p1a: Great Tusk|Close Combat|p2a: Nuts\n|-supereffective|p2a: Nuts\n|-damage|p2a: Nuts|0 fnt\n|-unboost|p1a: Great Tusk|def|1\n|-unboost|p1a: Great Tusk|spd|1\n|faint|p2a: Nuts\n|\n|win|Sleepoligy\n|raw|Sleepoligy's rating: 1140 &rarr; <strong>1155<\/strong><br \/>(+15 for winning)\n|raw|Ghhhhhhj's rating: 1000 &rarr; <strong>1000<\/strong><br \/>(+0 for losing)\n","uploadtime":1699092844,"views":24,"p1id":"sleepoligy","p2id":"ghhhhhhj","formatid":"gen9doublesou","rating":1000,"private":0,"password":""}