{"id":"gen9doublesou-1990809193","p1":"Toppyslug","p2":"vegetasfeet","format":"[Gen 9] Doubles OU","log":"|j|\u2606Toppyslug\n|j|\u2606vegetasfeet\n|t:|1700003029\n|gametype|doubles\n|player|p1|Toppyslug|richboy|1121\n|player|p2|vegetasfeet|brycen|1218\n|teamsize|p1|6\n|teamsize|p2|6\n|gen|9\n|tier|[Gen 9] Doubles OU\n|rated|\n|rule|Species Clause: Limit one of each Pok\u00e9mon\n|rule|OHKO Clause: OHKO moves are banned\n|rule|Evasion Moves Clause: Evasion moves are banned\n|rule|Gravity Sleep Clause: The combination of sleep-inducing moves with imperfect accuracy and Gravity or Gigantamax Orbeetle are banned\n|rule|Endless Battle Clause: Forcing endless battles is banned\n|rule|HP Percentage Mod: HP is shown in percentages\n|clearpoke\n|poke|p1|Torterra, M|\n|poke|p1|Rillaboom, M|\n|poke|p1|Goodra-Hisui, M|\n|poke|p1|Bruxish, M|\n|poke|p1|Pelipper, F|\n|poke|p1|Ogerpon-Wellspring, F|\n|poke|p2|Amoonguss, F|\n|poke|p2|Glimmora, F|\n|poke|p2|Heatran, M|\n|poke|p2|Tyranitar, M|\n|poke|p2|Landorus, M|\n|poke|p2|Cresselia, F|\n|teampreview\n|\n|t:|1700003050\n|start\n|switch|p1a: Bruxish|Bruxish, M|100\/100\n|switch|p1b: Rillaboom|Rillaboom, M|100\/100\n|switch|p2a: Trippie Redd|Tyranitar, M|100\/100\n|switch|p2b: Ball Guy|Amoonguss, F|100\/100\n|-fieldstart|move: Grassy Terrain|[from] ability: Grassy Surge|[of] p1b: Rillaboom\n|-weather|Sandstorm|[from] ability: Sand Stream|[of] p2a: Trippie Redd\n|turn|1\n|\n|t:|1700003075\n|switch|p1a: Pelipper|Pelipper, F, shiny|100\/100\n|-weather|RainDance|[from] ability: Drizzle|[of] p1a: Pelipper\n|move|p2a: Trippie Redd|Protect|p2a: Trippie Redd\n|-singleturn|p2a: Trippie Redd|Protect\n|move|p1b: Rillaboom|Drain Punch|p2a: Trippie Redd\n|-activate|p2a: Trippie Redd|move: Protect\n|move|p2b: Ball Guy|Spore|p1a: Pelipper\n|-status|p1a: Pelipper|slp|[from] move: Spore\n|\n|-weather|RainDance|[upkeep]\n|upkeep\n|turn|2\n|inactive|Battle timer is ON: inactive players will automatically lose when time's up. (requested by Toppyslug)\n|\n|t:|1700003103\n|switch|p2a: Nicki Minaj|Cresselia, F|100\/100\n|move|p1b: Rillaboom|Drum Beating|p2b: Ball Guy\n|-resisted|p2b: Ball Guy\n|-damage|p2b: Ball Guy|90\/100\n|-unboost|p2b: Ball Guy|spe|1\n|cant|p1a: Pelipper|slp\n|move|p2b: Ball Guy|Pollen Puff|p1b: Rillaboom\n|-supereffective|p1b: Rillaboom\n|-damage|p1b: Rillaboom|66\/100\n|\n|-weather|RainDance|[upkeep]\n|-heal|p1b: Rillaboom|72\/100|[from] Grassy Terrain\n|-heal|p2b: Ball Guy|97\/100|[from] Grassy Terrain\n|upkeep\n|turn|3\n|\n|t:|1700003131\n|move|p1b: Rillaboom|Drain Punch|p2b: Ball Guy\n|-resisted|p2b: Ball Guy\n|-damage|p2b: Ball Guy|85\/100\n|-heal|p1b: Rillaboom|79\/100|[from] drain|[of] p2b: Ball Guy\n|move|p2a: Nicki Minaj|Reflect|p2a: Nicki Minaj\n|-sidestart|p2: vegetasfeet|Reflect\n|-curestatus|p1a: Pelipper|slp|[msg]\n|move|p1a: Pelipper|Knock Off|p2a: Nicki Minaj\n|-supereffective|p2a: Nicki Minaj\n|-damage|p2a: Nicki Minaj|89\/100\n|-enditem|p2a: Nicki Minaj|Safety Goggles|[from] move: Knock Off|[of] p1a: Pelipper\n|move|p2b: Ball Guy|Pollen Puff|p1b: Rillaboom\n|-supereffective|p1b: Rillaboom\n|-damage|p1b: Rillaboom|42\/100\n|-enditem|p1b: Rillaboom|Sitrus Berry|[eat]\n|-heal|p1b: Rillaboom|67\/100|[from] item: Sitrus Berry\n|\n|-weather|RainDance|[upkeep]\n|-heal|p1b: Rillaboom|73\/100|[from] Grassy Terrain\n|-heal|p2b: Ball Guy|91\/100|[from] Grassy Terrain\n|upkeep\n|turn|4\n|inactive|Toppyslug has 120 seconds left.\n|inactive|vegetasfeet has 120 seconds left.\n|\n|t:|1700003179\n|switch|p2b: ROOT BEER|Landorus, M|100\/100\n|move|p1b: Rillaboom|Drum Beating|p2a: Nicki Minaj\n|-damage|p2a: Nicki Minaj|64\/100\n|-unboost|p2a: Nicki Minaj|spe|1\n|move|p1a: Pelipper|Knock Off|p2b: ROOT BEER\n|-damage|p2b: ROOT BEER|91\/100\n|-enditem|p2b: ROOT BEER|Leftovers|[from] move: Knock Off|[of] p1a: Pelipper\n|move|p2a: Nicki Minaj|Psychic|p1b: Rillaboom\n|-damage|p1b: Rillaboom|50\/100\n|\n|-weather|RainDance|[upkeep]\n|-heal|p1b: Rillaboom|56\/100|[from] Grassy Terrain\n|upkeep\n|turn|5\n|inactive|vegetasfeet has 120 seconds left.\n|\n|t:|1700003201\n|switch|p2a: Gobba Goo|Heatran, M|100\/100\n|move|p1b: Rillaboom|Grassy Glide|p2b: ROOT BEER\n|-damage|p2b: ROOT BEER|63\/100\n|move|p2b: ROOT BEER|Rock Slide|p1a: Pelipper|[spread] p1a\n|-miss|p2b: ROOT BEER|p1b: Rillaboom\n|-supereffective|p1a: Pelipper\n|-damage|p1a: Pelipper|59\/100\n|move|p1a: Pelipper|Icy Wind|p2b: ROOT BEER|[spread] p2a,p2b\n|-resisted|p2a: Gobba Goo\n|-supereffective|p2b: ROOT BEER\n|-damage|p2a: Gobba Goo|99\/100\n|-damage|p2b: ROOT BEER|12\/100\n|-unboost|p2a: Gobba Goo|spe|1\n|-unboost|p2b: ROOT BEER|spe|1\n|\n|-weather|none\n|-heal|p1b: Rillaboom|62\/100|[from] Grassy Terrain\n|-heal|p2a: Gobba Goo|100\/100|[from] Grassy Terrain\n|-fieldend|move: Grassy Terrain\n|upkeep\n|turn|6\n|inactive|vegetasfeet has 120 seconds left.\n|inactive|Toppyslug has 120 seconds left.\n|\n|t:|1700003232\n|switch|p2b: Trippie Redd|Tyranitar, M|100\/100\n|-weather|Sandstorm|[from] ability: Sand Stream|[of] p2b: Trippie Redd\n|switch|p2a: Nicki Minaj|Cresselia, F|64\/100\n|move|p1b: Rillaboom|Drain Punch|p2a: Nicki Minaj\n|-resisted|p2a: Nicki Minaj\n|-damage|p2a: Nicki Minaj|58\/100\n|-heal|p1b: Rillaboom|66\/100|[from] drain|[of] p2a: Nicki Minaj\n|move|p1a: Pelipper|Icy Wind|p2b: Trippie Redd|[spread] p2a,p2b\n|-damage|p2a: Nicki Minaj|54\/100\n|-damage|p2b: Trippie Redd|97\/100\n|-unboost|p2a: Nicki Minaj|spe|1\n|-unboost|p2b: Trippie Redd|spe|1\n|\n|-weather|Sandstorm|[upkeep]\n|-damage|p1b: Rillaboom|60\/100|[from] Sandstorm\n|-damage|p1a: Pelipper|52\/100|[from] Sandstorm\n|-damage|p2a: Nicki Minaj|48\/100|[from] Sandstorm\n|upkeep\n|turn|7\n|inactive|vegetasfeet has 120 seconds left.\n|inactive|Toppyslug has 120 seconds left.\n|\n|t:|1700003267\n|move|p1b: Rillaboom|Drain Punch|p2b: Trippie Redd\n|-supereffective|p2b: Trippie Redd\n|-damage|p2b: Trippie Redd|48\/100\n|-heal|p1b: Rillaboom|86\/100|[from] drain|[of] p2b: Trippie Redd\n|move|p1a: Pelipper|Icy Wind|p2b: Trippie Redd|[spread] p2a,p2b\n|-damage|p2a: Nicki Minaj|43\/100\n|-damage|p2b: Trippie Redd|45\/100\n|-unboost|p2a: Nicki Minaj|spe|1\n|-unboost|p2b: Trippie Redd|spe|1\n|move|p2a: Nicki Minaj|Lunar Blessing|p2a: Nicki Minaj|[spread] p2a,p2b\n|-heal|p2a: Nicki Minaj|68\/100\n|-heal|p2b: Trippie Redd|70\/100\n|move|p2b: Trippie Redd|Icy Wind|p1a: Pelipper|[spread] p1a,p1b\n|-supereffective|p1b: Rillaboom\n|-damage|p1a: Pelipper|46\/100\n|-damage|p1b: Rillaboom|66\/100\n|-unboost|p1a: Pelipper|spe|1\n|-unboost|p1b: Rillaboom|spe|1\n|\n|-weather|Sandstorm|[upkeep]\n|-damage|p1b: Rillaboom|60\/100|[from] Sandstorm\n|-damage|p1a: Pelipper|40\/100|[from] Sandstorm\n|-damage|p2a: Nicki Minaj|62\/100|[from] Sandstorm\n|-sideend|p2: vegetasfeet|Reflect\n|upkeep\n|turn|8\n|inactive|vegetasfeet has 120 seconds left.\n|inactive|Toppyslug has 120 seconds left.\n|inactive|vegetasfeet has 90 seconds left.\n|\n|t:|1700003303\n|switch|p2b: Ball Guy|Amoonguss, F|100\/100\n|move|p1b: Rillaboom|Drum Beating|p2b: Ball Guy\n|-resisted|p2b: Ball Guy\n|-damage|p2b: Ball Guy|92\/100\n|-unboost|p2b: Ball Guy|spe|1\n|move|p1a: Pelipper|Knock Off|p2b: Ball Guy\n|-damage|p2b: Ball Guy|83\/100\n|-enditem|p2b: Ball Guy|Sitrus Berry|[from] move: Knock Off|[of] p1a: Pelipper\n|move|p2a: Nicki Minaj|Lunar Blessing|p2a: Nicki Minaj|[spread] p2a,p2b\n|-heal|p2a: Nicki Minaj|87\/100\n|-heal|p2b: Ball Guy|100\/100\n|\n|-weather|Sandstorm|[upkeep]\n|-damage|p1b: Rillaboom|54\/100|[from] Sandstorm\n|-damage|p1a: Pelipper|34\/100|[from] Sandstorm\n|-damage|p2a: Nicki Minaj|81\/100|[from] Sandstorm\n|-damage|p2b: Ball Guy|94\/100|[from] Sandstorm\n|upkeep\n|turn|9\n|inactive|Toppyslug has 120 seconds left.\n|\n|t:|1700003348\n|switch|p1b: Goodra|Goodra-Hisui, M|100\/100\n|move|p1a: Pelipper|U-turn|p2b: Ball Guy\n|-damage|p2b: Ball Guy|87\/100\n|\n|t:|1700003356\n|switch|p1a: Bruxish|Bruxish, M|100\/100|[from] U-turn\n|move|p2a: Nicki Minaj|Reflect|p2a: Nicki Minaj\n|-sidestart|p2: vegetasfeet|Reflect\n|move|p2b: Ball Guy|Pollen Puff|p1b: Goodra\n|-resisted|p1b: Goodra\n|-damage|p1b: Goodra|95\/100\n|\n|-weather|Sandstorm|[upkeep]\n|-damage|p1a: Bruxish|94\/100|[from] Sandstorm\n|-damage|p2a: Nicki Minaj|75\/100|[from] Sandstorm\n|-damage|p2b: Ball Guy|81\/100|[from] Sandstorm\n|upkeep\n|turn|10\n|inactive|vegetasfeet has 120 seconds left.\n|inactive|Toppyslug has 120 seconds left.\n|\n|t:|1700003389\n|move|p1a: Bruxish|Crunch|p2a: Nicki Minaj\n|-supereffective|p2a: Nicki Minaj\n|-damage|p2a: Nicki Minaj|40\/100\n|move|p1b: Goodra|Blizzard|p2a: Nicki Minaj|[spread] p2a,p2b\n|-supereffective|p2b: Ball Guy\n|-damage|p2a: Nicki Minaj|30\/100\n|-damage|p2b: Ball Guy|45\/100\n|-status|p2b: Ball Guy|frz\n|move|p2a: Nicki Minaj|Lunar Blessing|p2a: Nicki Minaj|[spread] p2a,p2b\n|-heal|p2a: Nicki Minaj|55\/100\n|-heal|p2b: Ball Guy|70\/100 frz\n|-curestatus|p2b: Ball Guy|frz|[msg]\n|move|p2b: Ball Guy|Spore|p1a: Bruxish\n|-status|p1a: Bruxish|slp|[from] move: Spore\n|\n|-weather|Sandstorm|[upkeep]\n|-damage|p1a: Bruxish|88\/100 slp|[from] Sandstorm\n|-damage|p2a: Nicki Minaj|48\/100|[from] Sandstorm\n|-damage|p2b: Ball Guy|64\/100|[from] Sandstorm\n|upkeep\n|turn|11\n|inactive|Toppyslug has 120 seconds left.\n|inactive|vegetasfeet has 90 seconds left.\n|\n|t:|1700003428\n|cant|p1a: Bruxish|slp\n|move|p1b: Goodra|Knock Off|p2a: Nicki Minaj\n|-supereffective|p2a: Nicki Minaj\n|-damage|p2a: Nicki Minaj|34\/100\n|move|p2a: Nicki Minaj|Lunar Blessing|p2a: Nicki Minaj|[spread] p2a,p2b\n|-heal|p2a: Nicki Minaj|59\/100\n|-heal|p2b: Ball Guy|89\/100\n|move|p2b: Ball Guy|Spore|p1b: Goodra\n|-ability|p1b: Goodra|Sap Sipper|boost\n|-boost|p1b: Goodra|atk|1\n|\n|-weather|Sandstorm|[upkeep]\n|-damage|p1a: Bruxish|82\/100 slp|[from] Sandstorm\n|-damage|p2a: Nicki Minaj|53\/100|[from] Sandstorm\n|-damage|p2b: Ball Guy|83\/100|[from] Sandstorm\n|upkeep\n|turn|12\n|inactive|Toppyslug has 120 seconds left.\n|inactive|vegetasfeet has 90 seconds left.\n|inactive|vegetasfeet has 60 seconds left.\n|\n|t:|1700003480\n|switch|p2a: Gobba Goo|Heatran, M|100\/100\n|cant|p1a: Bruxish|slp\n|move|p1b: Goodra|Blizzard|p2b: Ball Guy|[spread] p2b\n|-miss|p1b: Goodra|p2a: Gobba Goo\n|-supereffective|p2b: Ball Guy\n|-damage|p2b: Ball Guy|46\/100\n|move|p2b: Ball Guy|Pollen Puff|p1a: Bruxish\n|-supereffective|p1a: Bruxish\n|-damage|p1a: Bruxish|25\/100 slp\n|-enditem|p1a: Bruxish|Sitrus Berry|[eat]\n|-heal|p1a: Bruxish|50\/100 slp|[from] item: Sitrus Berry\n|\n|-weather|Sandstorm|[upkeep]\n|-damage|p1a: Bruxish|44\/100 slp|[from] Sandstorm\n|-damage|p2b: Ball Guy|40\/100|[from] Sandstorm\n|upkeep\n|turn|13\n|inactive|Toppyslug has 120 seconds left.\n|inactive|vegetasfeet has 60 seconds left.\n|\n|t:|1700003529\n|switch|p2b: Nicki Minaj|Cresselia, F|53\/100\n|-terastallize|p2a: Gobba Goo|Grass\n|-curestatus|p1a: Bruxish|slp|[msg]\n|move|p1a: Bruxish|Flip Turn|p2a: Gobba Goo\n|-resisted|p2a: Gobba Goo\n|-damage|p2a: Gobba Goo|92\/100\n|\n|t:|1700003549\n|switch|p1a: Rillaboom|Rillaboom, M|54\/100|[from] Flip Turn\n|-fieldstart|move: Grassy Terrain|[from] ability: Grassy Surge|[of] p1a: Rillaboom\n|-enditem|p1b: Goodra|Grassy Seed\n|-boost|p1b: Goodra|def|1|[from] item: Grassy Seed\n|move|p2a: Gobba Goo|Earth Power|p1b: Goodra\n|-supereffective|p1b: Goodra\n|-crit|p1b: Goodra\n|-damage|p1b: Goodra|18\/100\n|move|p1b: Goodra|Life Dew|p1b: Goodra|[spread] p1a,p1b\n|-heal|p1a: Rillaboom|79\/100\n|-heal|p1b: Goodra|43\/100\n|\n|-weather|none\n|-heal|p1a: Rillaboom|85\/100|[from] Grassy Terrain\n|-heal|p2a: Gobba Goo|98\/100|[from] Grassy Terrain\n|-heal|p1b: Goodra|49\/100|[from] Grassy Terrain\n|-sideend|p2: vegetasfeet|Reflect\n|upkeep\n|turn|14\n|inactive|Toppyslug has 120 seconds left.\n|inactive|vegetasfeet has 60 seconds left.\n|\n|t:|1700003575\n|move|p1a: Rillaboom|Fake Out|p2b: Nicki Minaj\n|-damage|p2b: Nicki Minaj|44\/100\n|cant|p2b: Nicki Minaj|flinch\n|move|p2a: Gobba Goo|Earth Power|p1b: Goodra\n|-supereffective|p1b: Goodra\n|-damage|p1b: Goodra|2\/100\n|move|p1b: Goodra|Knock Off|p2b: Nicki Minaj\n|-supereffective|p2b: Nicki Minaj\n|-damage|p2b: Nicki Minaj|13\/100\n|\n|-heal|p1a: Rillaboom|91\/100|[from] Grassy Terrain\n|-heal|p2a: Gobba Goo|100\/100|[from] Grassy Terrain\n|-heal|p1b: Goodra|9\/100|[from] Grassy Terrain\n|upkeep\n|turn|15\n|inactive|Toppyslug has 120 seconds left.\n|inactive|vegetasfeet has 60 seconds left.\n|\n|t:|1700003604\n|switch|p2b: Ball Guy|Amoonguss, F|73\/100\n|move|p1a: Rillaboom|Grassy Glide|p2b: Ball Guy\n|-resisted|p2b: Ball Guy\n|-damage|p2b: Ball Guy|65\/100\n|move|p2a: Gobba Goo|Earth Power|p1b: Goodra\n|-supereffective|p1b: Goodra\n|-damage|p1b: Goodra|0 fnt\n|faint|p1b: Goodra\n|\n|-heal|p1a: Rillaboom|97\/100|[from] Grassy Terrain\n|-heal|p2b: Ball Guy|71\/100|[from] Grassy Terrain\n|upkeep\n|\n|t:|1700003628\n|switch|p1b: Torterra|Torterra, M|100\/100\n|turn|16\n|inactive|Toppyslug has 120 seconds left.\n|\n|t:|1700003653\n|move|p1a: Rillaboom|Drain Punch|p2a: Gobba Goo\n|-damage|p2a: Gobba Goo|78\/100\n|-heal|p1a: Rillaboom|100\/100|[from] drain|[of] p2a: Gobba Goo\n|move|p2a: Gobba Goo|Heat Wave|p1a: Rillaboom|[spread] p1a,p1b\n|-supereffective|p1a: Rillaboom\n|-supereffective|p1b: Torterra\n|-damage|p1a: Rillaboom|23\/100\n|-damage|p1b: Torterra|37\/100\n|move|p1b: Torterra|Headlong Rush|p2a: Gobba Goo\n|-resisted|p2a: Gobba Goo\n|-damage|p2a: Gobba Goo|57\/100\n|-unboost|p1b: Torterra|def|1\n|-unboost|p1b: Torterra|spd|1\n|-enditem|p1b: Torterra|White Herb\n|-clearnegativeboost|p1b: Torterra|[silent]\n|move|p2b: Ball Guy|Pollen Puff|p1a: Rillaboom\n|-supereffective|p1a: Rillaboom\n|-damage|p1a: Rillaboom|0 fnt\n|faint|p1a: Rillaboom\n|\n|-heal|p2a: Gobba Goo|63\/100|[from] Grassy Terrain\n|-heal|p1b: Torterra|43\/100|[from] Grassy Terrain\n|-heal|p2b: Ball Guy|77\/100|[from] Grassy Terrain\n|upkeep\n|inactive|Toppyslug has 90 seconds left.\n|inactive|Toppyslug has 60 seconds left.\n|\n|t:|1700003717\n|switch|p1a: Pelipper|Pelipper, F, shiny|34\/100\n|-weather|RainDance|[from] ability: Drizzle|[of] p1a: Pelipper\n|turn|17\n|inactive|Toppyslug has 60 seconds left.\n|\n|t:|1700003729\n|switch|p2b: Trippie Redd|Tyranitar, M|70\/100\n|-weather|Sandstorm|[from] ability: Sand Stream|[of] p2b: Trippie Redd\n|move|p2a: Gobba Goo|Heat Wave|p1b: Torterra|[spread] p1a,p1b\n|-resisted|p1a: Pelipper\n|-supereffective|p1b: Torterra\n|-damage|p1a: Pelipper|21\/100\n|-damage|p1b: Torterra|0 fnt\n|-status|p1a: Pelipper|brn\n|faint|p1b: Torterra\n|move|p1a: Pelipper|Icy Wind|p2a: Gobba Goo|[spread] p2a,p2b\n|-supereffective|p2a: Gobba Goo\n|-damage|p2a: Gobba Goo|53\/100\n|-damage|p2b: Trippie Redd|66\/100\n|-unboost|p2a: Gobba Goo|spe|1\n|-unboost|p2b: Trippie Redd|spe|1\n|\n|-weather|Sandstorm|[upkeep]\n|-damage|p1a: Pelipper|15\/100 brn|[from] Sandstorm\n|-damage|p2a: Gobba Goo|47\/100|[from] Sandstorm\n|-heal|p2a: Gobba Goo|53\/100|[from] Grassy Terrain\n|-heal|p2b: Trippie Redd|72\/100|[from] Grassy Terrain\n|-damage|p1a: Pelipper|9\/100 brn|[from] brn\n|-fieldend|move: Grassy Terrain\n|upkeep\n|inactive|Toppyslug has 60 seconds left.\n|\n|t:|1700003749\n|switch|p1b: Bruxish|Bruxish, M|44\/100\n|turn|18\n|inactive|vegetasfeet has 120 seconds left.\n|inactive|Toppyslug has 60 seconds left.\n|\n|t:|1700003782\n|switch|p2b: Nicki Minaj|Cresselia, F|13\/100\n|move|p1b: Bruxish|Psychic Fangs|p2a: Gobba Goo\n|-crit|p2a: Gobba Goo\n|-damage|p2a: Gobba Goo|0 fnt\n|faint|p2a: Gobba Goo\n|move|p1a: Pelipper|Icy Wind|p2b: Nicki Minaj\n|-damage|p2b: Nicki Minaj|7\/100\n|-unboost|p2b: Nicki Minaj|spe|1\n|\n|-weather|Sandstorm|[upkeep]\n|-damage|p1b: Bruxish|38\/100|[from] Sandstorm\n|-damage|p1a: Pelipper|3\/100 brn|[from] Sandstorm\n|-damage|p2b: Nicki Minaj|0 fnt|[from] Sandstorm\n|faint|p2b: Nicki Minaj\n|-damage|p1a: Pelipper|0 fnt|[from] brn\n|faint|p1a: Pelipper\n|upkeep\n|inactive|Toppyslug has 60 seconds left.\n|inactive|vegetasfeet has 120 seconds left.\n|\n|t:|1700003802\n|switch|p2b: Oran Berry|Glimmora, F|100\/100\n|switch|p2a: Ball Guy|Amoonguss, F|100\/100\n|switch|p1a: Ogerpon|Ogerpon-Wellspring, F|100\/100\n|turn|19\n|inactive|Toppyslug has 60 seconds left.\n|\n|t:|1700003822\n|-terastallize|p1a: Ogerpon|Water\n|detailschange|p1a: Ogerpon|Ogerpon-Wellspring-Tera, F, tera:Water\n|-ability|p1a: Ogerpon|Embody Aspect (Wellspring)|boost\n|-boost|p1a: Ogerpon|spd|1\n|move|p1a: Ogerpon|Ivy Cudgel|p2a: Ball Guy|[anim] Ivy Cudgel Water\n|-resisted|p2a: Ball Guy\n|-damage|p2a: Ball Guy|68\/100\n|move|p1b: Bruxish|Crunch|p2a: Ball Guy\n|-crit|p2a: Ball Guy\n|-damage|p2a: Ball Guy|25\/100\n|move|p2b: Oran Berry|Mortal Spin|p1a: Ogerpon|[spread] p1a,p1b\n|-damage|p1a: Ogerpon|95\/100\n|-damage|p1b: Bruxish|31\/100\n|-status|p1a: Ogerpon|psn\n|-status|p1b: Bruxish|psn\n|move|p2a: Ball Guy|Pollen Puff|p1a: Ogerpon\n|-damage|p1a: Ogerpon|80\/100 psn\n|\n|-weather|Sandstorm|[upkeep]\n|-damage|p1a: Ogerpon|74\/100 psn|[from] Sandstorm\n|-damage|p1b: Bruxish|25\/100 psn|[from] Sandstorm\n|-damage|p2a: Ball Guy|19\/100|[from] Sandstorm\n|-damage|p1a: Ogerpon|62\/100 psn|[from] psn\n|-damage|p1b: Bruxish|12\/100 psn|[from] psn\n|upkeep\n|turn|20\n|inactive|Toppyslug has 60 seconds left.\n|inactive|vegetasfeet has 120 seconds left.\n|-message|Toppyslug forfeited.\n|\n|win|vegetasfeet\n|raw|Toppyslug's rating: 1121 &rarr; <strong>1103<\/strong><br \/>(-18 for losing)\n|raw|vegetasfeet's rating: 1218 &rarr; <strong>1236<\/strong><br \/>(+18 for winning)\n","uploadtime":1700003873,"views":19,"p1id":"toppyslug","p2id":"vegetasfeet","formatid":"gen9doublesou","rating":1103,"private":0,"password":""}