{"id":"gen9doublesou-2000192909","p1":"DMartz64","p2":"pokeblock_chiwda","format":"[Gen 9] Doubles OU","log":"|j|\u203dDMartz64\n|j|\u2606pokeblock_chiwda\n|t:|1701170113\n|gametype|doubles\n|player|p1|DMartz64|brock|1176\n|player|p2|pokeblock_chiwda|red|1069\n|teamsize|p1|6\n|teamsize|p2|6\n|gen|9\n|tier|[Gen 9] Doubles OU\n|rated|\n|rule|Species Clause: Limit one of each Pok\u00e9mon\n|rule|OHKO Clause: OHKO moves are banned\n|rule|Evasion Moves Clause: Evasion moves are banned\n|rule|Gravity Sleep Clause: The combination of sleep-inducing moves with imperfect accuracy and Gravity or Gigantamax Orbeetle are banned\n|rule|Endless Battle Clause: Forcing endless battles is banned\n|rule|HP Percentage Mod: HP is shown in percentages\n|clearpoke\n|poke|p1|Garganacl, M|\n|poke|p1|Kleavor, M|\n|poke|p1|Tyranitar, M|\n|poke|p1|Arcanine-Hisui, F|\n|poke|p1|Coalossal, M|\n|poke|p1|Glimmora, F|\n|poke|p2|Mew|\n|poke|p2|Oricorio-Pom-Pom, F|\n|poke|p2|Volcarona, F|\n|poke|p2|Oranguru, M|\n|poke|p2|Toxtricity, F|\n|poke|p2|Bombirdier, F|\n|teampreview\n|\n|t:|1701170118\n|start\n|switch|p1a: Glimmora|Glimmora, F|100\/100\n|switch|p1b: Kleavor|Kleavor, M|100\/100\n|switch|p2a: Toxtricity|Toxtricity, F|100\/100\n|switch|p2b: Oranguru|Oranguru, M|100\/100\n|turn|1\n|\n|t:|1701170136\n|move|p1b: Kleavor|Stone Axe|p2b: Oranguru|[miss]\n|-miss|p1b: Kleavor|p2b: Oranguru\n|move|p1a: Glimmora|Spikes|p2b: Oranguru\n|-sidestart|p2: pokeblock_chiwda|Spikes\n|move|p2a: Toxtricity|Shift Gear|p2a: Toxtricity\n|-boost|p2a: Toxtricity|spe|2\n|-boost|p2a: Toxtricity|atk|1\n|move|p2b: Oranguru|Instruct|p2a: Toxtricity\n|-singleturn|p2a: Toxtricity|move: Instruct|[of] p2b: Oranguru\n|move|p2a: Toxtricity|Shift Gear|p2a: Toxtricity\n|-boost|p2a: Toxtricity|spe|2\n|-boost|p2a: Toxtricity|atk|1\n|\n|upkeep\n|turn|2\n|\n|t:|1701170164\n|move|p2a: Toxtricity|Stored Power|p1a: Glimmora\n|-supereffective|p1a: Glimmora\n|-enditem|p1a: Glimmora|Focus Sash\n|-damage|p1a: Glimmora|1\/100\n|move|p1b: Kleavor|Stone Axe|p2a: Toxtricity\n|-damage|p2a: Toxtricity|14\/100\n|-sidestart|p2: pokeblock_chiwda|move: Stealth Rock\n|move|p1a: Glimmora|Spikes|p2b: Oranguru\n|-sidestart|p2: pokeblock_chiwda|Spikes\n|move|p2b: Oranguru|Instruct|p2a: Toxtricity\n|-singleturn|p2a: Toxtricity|move: Instruct|[of] p2b: Oranguru\n|move|p2a: Toxtricity|Stored Power|p1a: Glimmora\n|-supereffective|p1a: Glimmora\n|-damage|p1a: Glimmora|0 fnt\n|faint|p1a: Glimmora\n|\n|upkeep\n|\n|t:|1701170181\n|switch|p1a: Arcanine|Arcanine-Hisui, F|100\/100\n|-ability|p1a: Arcanine|Intimidate|boost\n|-unboost|p2a: Toxtricity|atk|1\n|-unboost|p2b: Oranguru|atk|1\n|turn|3\n|\n|t:|1701170202\n|move|p1a: Arcanine|Extreme Speed|p2a: Toxtricity\n|-damage|p2a: Toxtricity|0 fnt\n|faint|p2a: Toxtricity\n|move|p1b: Kleavor|Stone Axe|p2b: Oranguru|[miss]\n|-miss|p1b: Kleavor|p2b: Oranguru\n|move|p2b: Oranguru|Yawn|p1a: Arcanine\n|-start|p1a: Arcanine|move: Yawn|[of] p2b: Oranguru\n|\n|upkeep\n|\n|t:|1701170212\n|switch|p2a: Oricorio|Oricorio-Pom-Pom, F|100\/100\n|-damage|p2a: Oricorio|76\/100|[from] Stealth Rock\n|turn|4\n|\n|t:|1701170225\n|move|p1a: Arcanine|Extreme Speed|p2b: Oranguru\n|-damage|p2b: Oranguru|49\/100\n|move|p1b: Kleavor|Stone Axe|p2a: Oricorio\n|-supereffective|p2a: Oricorio\n|-damage|p2a: Oricorio|0 fnt\n|faint|p2a: Oricorio\n|move|p2b: Oranguru|Instruct|p2: Oricorio|[notarget]\n|-fail|p2b: Oranguru\n|\n|-heal|p2b: Oranguru|55\/100|[from] item: Leftovers\n|-end|p1a: Arcanine|move: Yawn|[silent]\n|-status|p1a: Arcanine|slp\n|upkeep\n|\n|t:|1701170239\n|switch|p2a: Mew|Mew|100\/100\n|-damage|p2a: Mew|84\/100|[from] Spikes\n|-damage|p2a: Mew|72\/100|[from] Stealth Rock\n|turn|5\n|\n|t:|1701170247\n|cant|p1a: Arcanine|slp\n|move|p1b: Kleavor|Stone Axe|p2a: Mew\n|-damage|p2a: Mew|20\/100\n|move|p2a: Mew|Icy Wind|p1b: Kleavor|[spread] p1a,p1b\n|-resisted|p1a: Arcanine\n|-damage|p1a: Arcanine|92\/100 slp\n|-damage|p1b: Kleavor|80\/100\n|-unboost|p1a: Arcanine|spe|1\n|-unboost|p1b: Kleavor|spe|1\n|move|p2b: Oranguru|Yawn|p1b: Kleavor\n|-start|p1b: Kleavor|move: Yawn|[of] p2b: Oranguru\n|\n|-heal|p2b: Oranguru|62\/100|[from] item: Leftovers\n|upkeep\n|turn|6\n|\n|t:|1701170270\n|cant|p1a: Arcanine|slp\n|move|p2a: Mew|Dazzling Gleam|p1b: Kleavor|[spread] p1a,p1b\n|-resisted|p1a: Arcanine\n|-damage|p1a: Arcanine|81\/100 slp\n|-damage|p1b: Kleavor|50\/100\n|move|p1b: Kleavor|Stone Axe|p2b: Oranguru|[miss]\n|-miss|p1b: Kleavor|p2b: Oranguru\n|move|p2b: Oranguru|Instruct|p2a: Mew\n|-singleturn|p2a: Mew|move: Instruct|[of] p2b: Oranguru\n|move|p2a: Mew|Dazzling Gleam|p1b: Kleavor|[spread] p1a,p1b\n|-resisted|p1a: Arcanine\n|-damage|p1a: Arcanine|69\/100 slp\n|-damage|p1b: Kleavor|18\/100\n|\n|-heal|p2b: Oranguru|68\/100|[from] item: Leftovers\n|-end|p1b: Kleavor|move: Yawn|[silent]\n|-status|p1b: Kleavor|slp\n|upkeep\n|turn|7\n|\n|t:|1701170301\n|-curestatus|p1a: Arcanine|slp|[msg]\n|move|p1a: Arcanine|Extreme Speed|p2a: Mew\n|-damage|p2a: Mew|0 fnt\n|faint|p2a: Mew\n|cant|p1b: Kleavor|slp\n|move|p2b: Oranguru|Instruct|p2: Mew|[notarget]\n|-fail|p2b: Oranguru\n|\n|-heal|p2b: Oranguru|74\/100|[from] item: Leftovers\n|upkeep\n|\n|t:|1701170314\n|switch|p2a: Bombirdier|Bombirdier, F|100\/100\n|-damage|p2a: Bombirdier|76\/100|[from] Stealth Rock\n|turn|8\n|\n|t:|1701170325\n|move|p1a: Arcanine|Extreme Speed|p2a: Bombirdier\n|-damage|p2a: Bombirdier|18\/100\n|cant|p1b: Kleavor|slp\n|move|p2a: Bombirdier|Drill Run|p1a: Arcanine\n|-supereffective|p1a: Arcanine\n|-damage|p1a: Arcanine|0 fnt\n|faint|p1a: Arcanine\n|move|p2b: Oranguru|Instruct|p2a: Bombirdier\n|-singleturn|p2a: Bombirdier|move: Instruct|[of] p2b: Oranguru\n|move|p2a: Bombirdier|Drill Run|p1b: Kleavor\n|-damage|p1b: Kleavor|0 fnt\n|faint|p1b: Kleavor\n|\n|-heal|p2b: Oranguru|80\/100|[from] item: Leftovers\n|upkeep\n|\n|t:|1701170344\n|switch|p1a: Coalossal|Coalossal, M|100\/100\n|switch|p1b: Tyranitar|Tyranitar, M|100\/100\n|-weather|Sandstorm|[from] ability: Sand Stream|[of] p1b: Tyranitar\n|turn|9\n|\n|t:|1701170354\n|-terastallize|p1a: Coalossal|Grass\n|move|p2a: Bombirdier|Drill Run|p1a: Coalossal\n|-resisted|p1a: Coalossal\n|-damage|p1a: Coalossal|93\/100\n|move|p2b: Oranguru|Instruct|p2a: Bombirdier\n|-singleturn|p2a: Bombirdier|move: Instruct|[of] p2b: Oranguru\n|move|p2a: Bombirdier|Drill Run|p1a: Coalossal\n|-resisted|p1a: Coalossal\n|-damage|p1a: Coalossal|85\/100\n|move|p1a: Coalossal|Heat Wave|p2b: Oranguru|[spread] p2a,p2b\n|-damage|p2a: Bombirdier|0 fnt\n|-damage|p2b: Oranguru|62\/100\n|faint|p2a: Bombirdier\n|move|p1b: Tyranitar|Surf|p2b: Oranguru|[spread] p1a,p2b\n|-resisted|p1a: Coalossal\n|-damage|p1a: Coalossal|80\/100\n|-damage|p2b: Oranguru|50\/100\n|-ability|p1a: Coalossal|Steam Engine|boost\n|-boost|p1a: Coalossal|spe|6\n|-enditem|p1a: Coalossal|Absorb Bulb\n|-boost|p1a: Coalossal|spa|1|[from] item: Absorb Bulb\n|\n|-weather|Sandstorm|[upkeep]\n|-damage|p1a: Coalossal|73\/100|[from] Sandstorm\n|-damage|p2b: Oranguru|43\/100|[from] Sandstorm\n|-heal|p2b: Oranguru|50\/100|[from] item: Leftovers\n|upkeep\n|\n|t:|1701170378\n|switch|p2a: Volcarona|Volcarona, F|100\/100\n|-damage|p2a: Volcarona|84\/100|[from] Spikes\n|-damage|p2a: Volcarona|34\/100|[from] Stealth Rock\n|turn|10\n|\n|t:|1701170390\n|move|p1a: Coalossal|Power Gem|p2a: Volcarona\n|-supereffective|p2a: Volcarona\n|-damage|p2a: Volcarona|0 fnt\n|faint|p2a: Volcarona\n|move|p2b: Oranguru|Instruct|p2: Volcarona|[notarget]\n|-fail|p2b: Oranguru\n|move|p1b: Tyranitar|Rock Slide|p2b: Oranguru\n|-damage|p2b: Oranguru|0 fnt\n|faint|p2b: Oranguru\n|\n|win|DMartz64\n|raw|DMartz64's rating: 1176 &rarr; <strong>1194<\/strong><br \/>(+18 for winning)\n|raw|pokeblock_chiwda's rating: 1069 &rarr; <strong>1055<\/strong><br \/>(-14 for losing)\n|l|\u2606pokeblock_chiwda\n","uploadtime":1701170423,"views":18,"p1id":"dmartz64","p2id":"pokeblockchiwda","formatid":"gen9doublesou","rating":1055,"private":0,"password":""}