{"id":"gen9doublesou-1984241818","p1":"MisterPoke","p2":"mikeyuwu","format":"[Gen 9] Doubles OU","log":"|j|\u2606MisterPoke\n|j|\u2606mikeyuwu\n|t:|1699234051\n|gametype|doubles\n|player|p1|MisterPoke|archie-gen6|1418\n|player|p2|mikeyuwu|psychic-gen4|1388\n|teamsize|p1|6\n|teamsize|p2|6\n|gen|9\n|tier|[Gen 9] Doubles OU\n|rated|\n|rule|Species Clause: Limit one of each Pok\u00e9mon\n|rule|OHKO Clause: OHKO moves are banned\n|rule|Evasion Moves Clause: Evasion moves are banned\n|rule|Gravity Sleep Clause: The combination of sleep-inducing moves with imperfect accuracy and Gravity or Gigantamax Orbeetle are banned\n|rule|Endless Battle Clause: Forcing endless battles is banned\n|rule|HP Percentage Mod: HP is shown in percentages\n|clearpoke\n|poke|p1|Pelipper, M|\n|poke|p1|Gastrodon-East, M|\n|poke|p1|Lumineon, M|\n|poke|p1|Goodra-Hisui, M|\n|poke|p1|Empoleon, M|\n|poke|p1|Toxicroak, M|\n|poke|p2|Garchomp, M|\n|poke|p2|Tyranitar, F|\n|poke|p2|Vaporeon, F|\n|poke|p2|Toxicroak, M|\n|poke|p2|Pelipper, F|\n|poke|p2|Abomasnow, M|\n|teampreview\n|inactive|Battle timer is ON: inactive players will automatically lose when time's up. (requested by MisterPoke)\n|\n|t:|1699234061\n|start\n|switch|p1a: Lumineon|Lumineon, M|100\/100\n|switch|p1b: Gastrodon|Gastrodon-East, M|100\/100\n|switch|p2a: OTLHPM|Toxicroak, M|100\/100\n|switch|p2b: Harmacy|Vaporeon, F|100\/100\n|turn|1\n|\n|t:|1699234070\n|switch|p2a: Cold Shoulder|Abomasnow, M, shiny|100\/100\n|-weather|Snow|[from] ability: Snow Warning|[of] p2a: Cold Shoulder\n|move|p1a: Lumineon|Surf|p2b: Harmacy|[spread] p2a,p2b\n|-ability|p1b: Gastrodon|Storm Drain|boost\n|-boost|p1b: Gastrodon|spa|1\n|-resisted|p2a: Cold Shoulder\n|-resisted|p2b: Harmacy\n|-damage|p2a: Cold Shoulder|79\/100\n|-damage|p2b: Harmacy|85\/100\n|move|p2b: Harmacy|Icy Wind|p1b: Gastrodon|[spread] p1a,p1b\n|-resisted|p1a: Lumineon\n|-crit|p1b: Gastrodon\n|-damage|p1a: Lumineon|94\/100\n|-damage|p1b: Gastrodon|87\/100\n|-unboost|p1a: Lumineon|spe|1\n|-unboost|p1b: Gastrodon|spe|1\n|move|p1b: Gastrodon|Earth Power|p2a: Cold Shoulder\n|-resisted|p2a: Cold Shoulder\n|-damage|p2a: Cold Shoulder|47\/100\n|\n|-weather|Snow|[upkeep]\n|-heal|p2b: Harmacy|91\/100|[from] item: Leftovers\n|-heal|p1b: Gastrodon|93\/100|[from] item: Leftovers\n|upkeep\n|turn|2\n|\n|t:|1699234091\n|switch|p1a: Goodra|Goodra-Hisui, M|100\/100\n|switch|p1b: Toxicroak|Toxicroak, M, shiny|100\/100\n|move|p2a: Cold Shoulder|Giga Drain|p1b: Toxicroak\n|-resisted|p1b: Toxicroak\n|-damage|p1b: Toxicroak|79\/100\n|-heal|p2a: Cold Shoulder|57\/100|[from] drain|[of] p1b: Toxicroak\n|move|p2b: Harmacy|Copycat|p2b: Harmacy\n|move|p2b: Harmacy|Giga Drain|p1a: Goodra|[from]move: Copycat\n|-ability|p1a: Goodra|Sap Sipper|boost\n|-boost|p1a: Goodra|atk|1\n|\n|-weather|Snow|[upkeep]\n|-heal|p2b: Harmacy|97\/100|[from] item: Leftovers\n|upkeep\n|turn|3\n|\n|t:|1699234108\n|switch|p2a: Extra Spicy|Garchomp, M|100\/100\n|move|p1b: Toxicroak|Fake Out|p2b: Harmacy\n|-damage|p2b: Harmacy|85\/100\n|-damage|p1b: Toxicroak|69\/100|[from] item: Life Orb\n|cant|p2b: Harmacy|flinch\n|move|p1a: Goodra|Flash Cannon|p2a: Extra Spicy\n|-damage|p2a: Extra Spicy|65\/100\n|\n|-weather|Snow|[upkeep]\n|-heal|p2b: Harmacy|91\/100|[from] item: Leftovers\n|upkeep\n|turn|4\n|\n|t:|1699234126\n|switch|p1b: Gastrodon|Gastrodon-East, M|93\/100\n|switch|p1a: Pelipper|Pelipper, M|100\/100\n|-weather|RainDance|[from] ability: Drizzle|[of] p1a: Pelipper\n|move|p2a: Extra Spicy|Earthquake|p1b: Gastrodon|[spread] p2b,p1b\n|-immune|p1a: Pelipper\n|-crit|p1b: Gastrodon\n|-damage|p2b: Harmacy|69\/100\n|-damage|p1b: Gastrodon|37\/100\n|move|p2b: Harmacy|Wish|p2b: Harmacy\n|\n|-weather|RainDance|[upkeep]\n|-heal|p2b: Harmacy|75\/100|[from] item: Leftovers\n|-heal|p1b: Gastrodon|43\/100|[from] item: Leftovers\n|upkeep\n|turn|5\n|\n|t:|1699234136\n|switch|p2a: ThcrThnSnkr|Tyranitar, F|100\/100\n|-weather|Sandstorm|[from] ability: Sand Stream|[of] p2a: ThcrThnSnkr\n|move|p2b: Harmacy|Weather Ball|p1a: Pelipper\n|-supereffective|p1a: Pelipper\n|-damage|p1a: Pelipper|34\/100\n|move|p1a: Pelipper|Surf|p2b: Harmacy|[spread] p2a,p2b\n|-ability|p1b: Gastrodon|Storm Drain|boost\n|-boost|p1b: Gastrodon|spa|1\n|-supereffective|p2a: ThcrThnSnkr\n|-resisted|p2b: Harmacy\n|-damage|p2a: ThcrThnSnkr|86\/100\n|-damage|p2b: Harmacy|66\/100\n|move|p1b: Gastrodon|Recover|p1b: Gastrodon\n|-heal|p1b: Gastrodon|93\/100\n|\n|-weather|Sandstorm|[upkeep]\n|-damage|p2b: Harmacy|60\/100|[from] Sandstorm\n|-damage|p1a: Pelipper|28\/100|[from] Sandstorm\n|-heal|p2b: Harmacy|100\/100|[from] move: Wish|[wisher] Harmacy\n|-heal|p1b: Gastrodon|99\/100|[from] item: Leftovers\n|upkeep\n|turn|6\n|\n|t:|1699234154\n|switch|p1a: Toxicroak|Toxicroak, M, shiny|69\/100\n|move|p2a: ThcrThnSnkr|Thunderbolt|p1a: Toxicroak\n|-damage|p1a: Toxicroak|33\/100\n|move|p2b: Harmacy|Icy Wind|p1a: Toxicroak|[spread] p1a,p1b\n|-damage|p1a: Toxicroak|16\/100\n|-damage|p1b: Gastrodon|90\/100\n|-unboost|p1a: Toxicroak|spe|1\n|-unboost|p1b: Gastrodon|spe|1\n|move|p1b: Gastrodon|Surf|p2b: Harmacy|[spread] p2a,p2b\n|-heal|p1a: Toxicroak|41\/100|[from] ability: Dry Skin|[of] p1b: Gastrodon\n|-supereffective|p2a: ThcrThnSnkr\n|-resisted|p2b: Harmacy\n|-damage|p2a: ThcrThnSnkr|57\/100\n|-damage|p2b: Harmacy|83\/100\n|\n|-weather|Sandstorm|[upkeep]\n|-damage|p1a: Toxicroak|35\/100|[from] Sandstorm\n|-damage|p2b: Harmacy|77\/100|[from] Sandstorm\n|-heal|p2b: Harmacy|83\/100|[from] item: Leftovers\n|-heal|p1b: Gastrodon|96\/100|[from] item: Leftovers\n|upkeep\n|turn|7\n|\n|t:|1699234169\n|switch|p2a: Weather War|Pelipper, F|100\/100\n|-weather|RainDance|[from] ability: Drizzle|[of] p2a: Weather War\n|move|p1a: Toxicroak|Fake Out|p2a: Weather War\n|-damage|p2a: Weather War|87\/100\n|-damage|p1a: Toxicroak|25\/100|[from] item: Life Orb\n|move|p2b: Harmacy|Icy Wind|p1a: Toxicroak|[spread] p1a,p1b\n|-damage|p1a: Toxicroak|7\/100\n|-damage|p1b: Gastrodon|86\/100\n|-unboost|p1a: Toxicroak|spe|1\n|-unboost|p1b: Gastrodon|spe|1\n|move|p1b: Gastrodon|Earth Power|p2a: Weather War\n|-immune|p2a: Weather War\n|\n|-weather|RainDance|[upkeep]\n|-heal|p1a: Toxicroak|20\/100|[from] ability: Dry Skin\n|-heal|p2b: Harmacy|89\/100|[from] item: Leftovers\n|-heal|p1b: Gastrodon|93\/100|[from] item: Leftovers\n|upkeep\n|turn|8\n|\n|t:|1699234183\n|switch|p1a: Goodra|Goodra-Hisui, M|100\/100\n|move|p2a: Weather War|Hurricane|p1a: Goodra\n|-resisted|p1a: Goodra\n|-damage|p1a: Goodra|89\/100\n|-start|p1a: Goodra|confusion\n|move|p2b: Harmacy|Copycat|p2b: Harmacy\n|move|p2b: Harmacy|Hurricane|p1a: Goodra|[from]move: Copycat\n|-resisted|p1a: Goodra\n|-damage|p1a: Goodra|80\/100\n|move|p1b: Gastrodon|Earth Power|p2b: Harmacy\n|-damage|p2b: Harmacy|43\/100\n|\n|-weather|RainDance|[upkeep]\n|-heal|p2b: Harmacy|50\/100|[from] item: Leftovers\n|-heal|p1a: Goodra|86\/100|[from] item: Leftovers\n|-heal|p1b: Gastrodon|99\/100|[from] item: Leftovers\n|upkeep\n|turn|9\n|\n|t:|1699234198\n|switch|p2b: Cold Shoulder|Abomasnow, M, shiny|57\/100\n|-weather|Snow|[from] ability: Snow Warning|[of] p2b: Cold Shoulder\n|move|p2a: Weather War|Blizzard|p1b: Gastrodon|[spread] p1a,p1b\n|-damage|p1a: Goodra|74\/100\n|-damage|p1b: Gastrodon|81\/100\n|-status|p1a: Goodra|frz\n|-curestatus|p1a: Goodra|frz|[msg]\n|-activate|p1a: Goodra|confusion\n|move|p1a: Goodra|Thunder|p2a: Weather War\n|-supereffective|p2a: Weather War\n|-damage|p2a: Weather War|0 fnt\n|faint|p2a: Weather War\n|move|p1b: Gastrodon|Earth Power|p2b: Cold Shoulder\n|-resisted|p2b: Cold Shoulder\n|-damage|p2b: Cold Shoulder|22\/100\n|\n|-weather|Snow|[upkeep]\n|-heal|p1a: Goodra|80\/100|[from] item: Leftovers\n|-heal|p1b: Gastrodon|87\/100|[from] item: Leftovers\n|upkeep\n|\n|t:|1699234212\n|switch|p2a: OTLHPM|Toxicroak, M|100\/100\n|turn|10\n|\n|t:|1699234227\n|switch|p1b: Toxicroak|Toxicroak, M, shiny|20\/100\n|move|p2a: OTLHPM|Drain Punch|p1a: Goodra\n|-supereffective|p1a: Goodra\n|-damage|p1a: Goodra|12\/100\n|move|p2b: Cold Shoulder|Giga Drain|p1b: Toxicroak\n|-resisted|p1b: Toxicroak\n|-damage|p1b: Toxicroak|0 fnt\n|-heal|p2b: Cold Shoulder|31\/100|[from] drain|[of] p1b: Toxicroak\n|faint|p1b: Toxicroak\n|-activate|p1a: Goodra|confusion\n|-damage|p1a: Goodra|5\/100|[from] confusion\n|\n|-weather|Snow|[upkeep]\n|-heal|p1a: Goodra|11\/100|[from] item: Leftovers\n|upkeep\n|\n|t:|1699234237\n|switch|p1b: Lumineon|Lumineon, M|94\/100\n|turn|11\n|\n|t:|1699234243\n|switch|p1a: Pelipper|Pelipper, M|28\/100\n|-weather|RainDance|[from] ability: Drizzle|[of] p1a: Pelipper\n|move|p1b: Lumineon|Air Slash|p2a: OTLHPM\n|-supereffective|p2a: OTLHPM\n|-damage|p2a: OTLHPM|30\/100\n|move|p2a: OTLHPM|Drain Punch|p1a: Pelipper\n|-resisted|p1a: Pelipper\n|-damage|p1a: Pelipper|13\/100\n|-heal|p2a: OTLHPM|37\/100|[from] drain|[of] p1a: Pelipper\n|move|p2b: Cold Shoulder|Giga Drain|p1b: Lumineon\n|-supereffective|p1b: Lumineon\n|-damage|p1b: Lumineon|21\/100\n|-heal|p2b: Cold Shoulder|60\/100|[from] drain|[of] p1b: Lumineon\n|\n|-weather|RainDance|[upkeep]\n|-heal|p2a: OTLHPM|50\/100|[from] ability: Dry Skin\n|-heal|p2a: OTLHPM|56\/100|[from] item: Black Sludge\n|upkeep\n|turn|12\n|\n|t:|1699234252\n|move|p1b: Lumineon|Air Slash|p2a: OTLHPM\n|-supereffective|p2a: OTLHPM\n|-damage|p2a: OTLHPM|0 fnt\n|faint|p2a: OTLHPM\n|move|p2b: Cold Shoulder|Blizzard|p1a: Pelipper|[spread] p1a,p1b\n|-resisted|p1b: Lumineon\n|-damage|p1a: Pelipper|0 fnt\n|-damage|p1b: Lumineon|0 fnt\n|faint|p1a: Pelipper\n|faint|p1b: Lumineon\n|\n|-weather|RainDance|[upkeep]\n|upkeep\n|\n|t:|1699234262\n|switch|p1b: Gastrodon|Gastrodon-East, M|87\/100\n|switch|p2a: Extra Spicy|Garchomp, M|65\/100\n|switch|p1a: Empoleon|Empoleon, M|100\/100\n|turn|13\n|\n|t:|1699234273\n|-terastallize|p1b: Gastrodon|Poison\n|move|p2a: Extra Spicy|Earthquake|p1b: Gastrodon|[spread] p2b,p1a,p1b\n|-resisted|p2b: Cold Shoulder\n|-supereffective|p1a: Empoleon\n|-supereffective|p1b: Gastrodon\n|-damage|p2b: Cold Shoulder|45\/100\n|-damage|p1a: Empoleon|40\/100\n|-damage|p1b: Gastrodon|15\/100\n|move|p2b: Cold Shoulder|Giga Drain|p1a: Empoleon\n|-damage|p1a: Empoleon|22\/100\n|-heal|p2b: Cold Shoulder|55\/100|[from] drain|[of] p1a: Empoleon\n|move|p1a: Empoleon|Surf|p2b: Cold Shoulder|[spread] p2a,p2b\n|-ability|p1b: Gastrodon|Storm Drain|boost\n|-boost|p1b: Gastrodon|spa|1\n|-resisted|p2b: Cold Shoulder\n|-damage|p2a: Extra Spicy|15\/100\n|-damage|p2b: Cold Shoulder|23\/100\n|move|p1b: Gastrodon|Earth Power|p2a: Extra Spicy\n|-damage|p2a: Extra Spicy|0 fnt\n|faint|p2a: Extra Spicy\n|\n|-weather|RainDance|[upkeep]\n|-heal|p1b: Gastrodon|21\/100|[from] item: Leftovers\n|upkeep\n|\n|t:|1699234288\n|switch|p2a: ThcrThnSnkr|Tyranitar, F|57\/100\n|-weather|Sandstorm|[from] ability: Sand Stream|[of] p2a: ThcrThnSnkr\n|turn|14\n|\n|t:|1699234297\n|move|p2b: Cold Shoulder|Weather Ball|p1b: Gastrodon\n|-damage|p1b: Gastrodon|0 fnt\n|faint|p1b: Gastrodon\n|move|p2a: ThcrThnSnkr|Thunderbolt|p1a: Empoleon\n|-supereffective|p1a: Empoleon\n|-damage|p1a: Empoleon|0 fnt\n|faint|p1a: Empoleon\n|\n|-weather|Sandstorm|[upkeep]\n|-damage|p2b: Cold Shoulder|17\/100|[from] Sandstorm\n|upkeep\n|\n|t:|1699234300\n|switch|p1b: Goodra|Goodra-Hisui, M|11\/100\n|turn|15\n|c|\u2606MisterPoke|gg\n|\n|t:|1699234306\n|move|p2b: Cold Shoulder|Weather Ball|p1b: Goodra\n|-resisted|p1b: Goodra\n|-damage|p1b: Goodra|3\/100\n|move|p2a: ThcrThnSnkr|Knock Off|p1b: Goodra\n|-damage|p1b: Goodra|0 fnt\n|-enditem|p1b: Goodra|Leftovers|[from] move: Knock Off|[of] p2a: ThcrThnSnkr\n|faint|p1b: Goodra\n|\n|win|mikeyuwu\n|raw|MisterPoke's rating: 1418 &rarr; <strong>1396<\/strong><br \/>(-22 for losing)\n|raw|mikeyuwu's rating: 1388 &rarr; <strong>1410<\/strong><br \/>(+22 for winning)\n|l|\u2606MisterPoke\n","uploadtime":1699234320,"views":7,"p1id":"misterpoke","p2id":"mikeyuwu","formatid":"gen9doublesou","rating":1396,"private":0,"password":""}