{"id":"gen9doublesou-1981407103","p1":"Thetree333","p2":"plantshrine","format":"[Gen 9] Doubles OU","log":"|j|\u2606Thetree333\n|j|\u2606plantshrine\n|t:|1698892363\n|gametype|doubles\n|player|p1|Thetree333|brycenman|1202\n|player|p2|plantshrine|gardenia|1279\n|teamsize|p1|6\n|teamsize|p2|6\n|gen|9\n|tier|[Gen 9] Doubles OU\n|rated|\n|rule|Species Clause: Limit one of each Pok\u00e9mon\n|rule|OHKO Clause: OHKO moves are banned\n|rule|Evasion Moves Clause: Evasion moves are banned\n|rule|Gravity Sleep Clause: The combination of sleep-inducing moves with imperfect accuracy and Gravity or Gigantamax Orbeetle are banned\n|rule|Endless Battle Clause: Forcing endless battles is banned\n|rule|HP Percentage Mod: HP is shown in percentages\n|clearpoke\n|poke|p1|Snorlax, F|\n|poke|p1|Sinistcha|\n|poke|p1|Landorus-Therian, M|\n|poke|p1|Iron Hands|\n|poke|p1|Kommo-o, M|\n|poke|p1|Clefairy, M|\n|poke|p2|Poliwrath, M|\n|poke|p2|Grimmsnarl, M|\n|poke|p2|Sinistcha-Masterpiece|\n|poke|p2|Murkrow, M|\n|poke|p2|Chien-Pao|\n|poke|p2|Farigiraf, F|\n|teampreview\n|\n|t:|1698892390\n|start\n|switch|p1a: Kommo-o|Kommo-o, M|100\/100\n|switch|p1b: Landorus|Landorus-Therian, M|100\/100\n|switch|p2a: Grimmsnarl|Grimmsnarl, M, shiny|100\/100\n|switch|p2b: Poliwrath|Poliwrath, M, shiny|100\/100\n|-ability|p1b: Landorus|Intimidate|boost\n|-unboost|p2a: Grimmsnarl|atk|1\n|-unboost|p2b: Poliwrath|atk|1\n|turn|1\n|\n|t:|1698892428\n|move|p2a: Grimmsnarl|Light Screen|p2a: Grimmsnarl\n|-sidestart|p2: plantshrine|move: Light Screen\n|move|p1b: Landorus|U-turn|p2a: Grimmsnarl\n|-damage|p2a: Grimmsnarl|73\/100\n|\n|t:|1698892442\n|switch|p1b: Iron Hands|Iron Hands|100\/100|[from] U-turn\n|move|p1a: Kommo-o|Clangorous Soul|p1a: Kommo-o\n|-boost|p1a: Kommo-o|atk|1\n|-boost|p1a: Kommo-o|def|1\n|-boost|p1a: Kommo-o|spa|1\n|-boost|p1a: Kommo-o|spd|1\n|-boost|p1a: Kommo-o|spe|1\n|-damage|p1a: Kommo-o|68\/100\n|-enditem|p1a: Kommo-o|Throat Spray\n|-boost|p1a: Kommo-o|spa|1|[from] item: Throat Spray\n|move|p2b: Poliwrath|Belly Drum|p2b: Poliwrath\n|-damage|p2b: Poliwrath|51\/100\n|-setboost|p2b: Poliwrath|atk|6|[from] move: Belly Drum\n|\n|upkeep\n|turn|2\n|c|\u2606Thetree333|Glhf\n|\n|t:|1698892514\n|-terastallize|p2b: Poliwrath|Electric\n|move|p1b: Iron Hands|Fake Out|p2b: Poliwrath\n|-damage|p2b: Poliwrath|34\/100\n|-enditem|p2b: Poliwrath|Sitrus Berry|[eat]\n|-heal|p2b: Poliwrath|59\/100|[from] item: Sitrus Berry\n|move|p2a: Grimmsnarl|Parting Shot|p1a: Kommo-o\n|-unboost|p1a: Kommo-o|atk|1\n|-unboost|p1a: Kommo-o|spa|1\n|\n|t:|1698892523\n|switch|p2a: Sinistcha|Sinistcha-Masterpiece, shiny|100\/100|[from] Parting Shot\n|-heal|p2b: Poliwrath|84\/100|[from] ability: Hospitality|[of] p2a: Sinistcha\n|move|p1a: Kommo-o|Clanging Scales|p2a: Sinistcha|[spread] p2a,p2b\n|-damage|p2a: Sinistcha|61\/100\n|-damage|p2b: Poliwrath|48\/100\n|-unboost|p1a: Kommo-o|def|1\n|cant|p2b: Poliwrath|flinch\n|\n|upkeep\n|turn|3\n|\n|t:|1698892552\n|-end|p1b: Iron Hands|Quark Drive|[silent]\n|switch|p1b: Sinistcha|Sinistcha|100\/100\n|-heal|p1a: Kommo-o|93\/100|[from] ability: Hospitality|[of] p1b: Sinistcha\n|move|p1a: Kommo-o|Protect|p1a: Kommo-o\n|-singleturn|p1a: Kommo-o|Protect\n|move|p2a: Sinistcha|Rage Powder|p2a: Sinistcha\n|-singleturn|p2a: Sinistcha|move: Rage Powder\n|move|p2b: Poliwrath|Drain Punch|p1a: Kommo-o\n|-activate|p1a: Kommo-o|move: Protect\n|\n|upkeep\n|turn|4\n|\n|t:|1698892592\n|switch|p2a: Murkrow|Murkrow, M|100\/100\n|move|p1b: Sinistcha|Rage Powder|p1b: Sinistcha\n|-singleturn|p1b: Sinistcha|move: Rage Powder\n|move|p1a: Kommo-o|Clanging Scales|p2a: Murkrow|[spread] p2a,p2b\n|-damage|p2a: Murkrow|66\/100\n|-damage|p2b: Poliwrath|14\/100\n|-unboost|p1a: Kommo-o|def|1\n|move|p2b: Poliwrath|Earthquake|p1b: Sinistcha|[spread] p1a,p1b\n|-immune|p2a: Murkrow\n|-resisted|p1b: Sinistcha\n|-damage|p1a: Kommo-o|0 fnt\n|-damage|p1b: Sinistcha|62\/100\n|faint|p1a: Kommo-o\n|\n|upkeep\n|\n|t:|1698892611\n|switch|p1a: Iron Hands|Iron Hands|100\/100\n|turn|5\n|\n|t:|1698892630\n|switch|p2a: Farigiraf|Farigiraf, F|100\/100\n|move|p1a: Iron Hands|Fake Out||[still]\n|cant|p2a: Farigiraf|ability: Armor Tail|Fake Out|[of] p1a: Iron Hands\n|move|p2b: Poliwrath|Earthquake|p1a: Iron Hands|[spread] p2a,p1a,p1b\n|-supereffective|p1a: Iron Hands\n|-resisted|p1b: Sinistcha\n|-damage|p2a: Farigiraf|13\/100\n|-damage|p1a: Iron Hands|0 fnt\n|-damage|p1b: Sinistcha|25\/100\n|faint|p1a: Iron Hands\n|-end|p1a: Iron Hands|Quark Drive|[silent]\n|move|p1b: Sinistcha|Strength Sap|p2b: Poliwrath\n|-unboost|p2b: Poliwrath|atk|1\n|-heal|p1b: Sinistcha|100\/100\n|\n|upkeep\n|\n|t:|1698892646\n|switch|p1a: Landorus|Landorus-Therian, M|100\/100\n|-ability|p1a: Landorus|Intimidate|boost\n|-unboost|p2a: Farigiraf|atk|1\n|-unboost|p2b: Poliwrath|atk|1\n|turn|6\n|\n|t:|1698892659\n|move|p1b: Sinistcha|Rage Powder|p1b: Sinistcha\n|-singleturn|p1b: Sinistcha|move: Rage Powder\n|move|p2a: Farigiraf|Ally Switch|p2a: Farigiraf\n|swap|p2a: Farigiraf|1|[from] move: Ally Switch\n|move|p1a: Landorus|Rock Slide|p2a: Poliwrath|[spread] p2a,p2b\n|-damage|p2a: Poliwrath|0 fnt\n|-damage|p2b: Farigiraf|0 fnt\n|faint|p2a: Poliwrath\n|faint|p2b: Farigiraf\n|\n|upkeep\n|\n|t:|1698892684\n|switch|p2a: Chien-Pao|Chien-Pao|100\/100\n|switch|p2b: Grimmsnarl|Grimmsnarl, M, shiny|73\/100\n|-ability|p2a: Chien-Pao|Sword of Ruin\n|turn|7\n|\n|t:|1698892705\n|move|p1b: Sinistcha|Rage Powder|p1b: Sinistcha\n|-singleturn|p1b: Sinistcha|move: Rage Powder\n|move|p2b: Grimmsnarl|Reflect|p2b: Grimmsnarl\n|-sidestart|p2: plantshrine|Reflect\n|move|p1a: Landorus|Rock Slide|p2a: Chien-Pao|[spread] p2a,p2b\n|-supereffective|p2a: Chien-Pao\n|-crit|p2b: Grimmsnarl\n|-damage|p2a: Chien-Pao|65\/100\n|-damage|p2b: Grimmsnarl|27\/100\n|move|p2a: Chien-Pao|Icicle Crash|p1b: Sinistcha\n|-supereffective|p1b: Sinistcha\n|-damage|p1b: Sinistcha|0 fnt\n|faint|p1b: Sinistcha\n|-damage|p2a: Chien-Pao|55\/100|[from] item: Life Orb\n|\n|upkeep\n|\n|t:|1698892726\n|switch|p1b: Clefairy|Clefairy, M|100\/100\n|turn|8\n|\n|t:|1698892748\n|switch|p2a: Sinistcha|Sinistcha-Masterpiece, shiny|61\/100\n|-heal|p2b: Grimmsnarl|52\/100|[from] ability: Hospitality|[of] p2a: Sinistcha\n|move|p1b: Clefairy|Follow Me|p1b: Clefairy\n|-singleturn|p1b: Clefairy|move: Follow Me\n|move|p2b: Grimmsnarl|Parting Shot|p1b: Clefairy\n|-unboost|p1b: Clefairy|atk|1\n|-unboost|p1b: Clefairy|spa|1\n|\n|t:|1698892764\n|switch|p2b: Murkrow|Murkrow, M|66\/100|[from] Parting Shot\n|move|p1a: Landorus|Rock Slide|p2b: Murkrow|[spread] p2a,p2b\n|-supereffective|p2b: Murkrow\n|-damage|p2a: Sinistcha|48\/100\n|-damage|p2b: Murkrow|35\/100\n|\n|-sideend|p2: plantshrine|move: Light Screen\n|upkeep\n|turn|9\n|\n|t:|1698892784\n|move|p1b: Clefairy|Follow Me|p1b: Clefairy\n|-singleturn|p1b: Clefairy|move: Follow Me\n|move|p2b: Murkrow|Thunder Wave|p1b: Clefairy\n|-status|p1b: Clefairy|par\n|move|p1a: Landorus|Rock Slide|p2b: Murkrow|[spread] p2a,p2b\n|-supereffective|p2b: Murkrow\n|-damage|p2a: Sinistcha|35\/100\n|-damage|p2b: Murkrow|2\/100\n|move|p2a: Sinistcha|Life Dew|p2a: Sinistcha|[spread] p2a,p2b\n|-heal|p2a: Sinistcha|61\/100\n|-heal|p2b: Murkrow|27\/100\n|\n|upkeep\n|turn|10\n|\n|t:|1698892818\n|move|p1b: Clefairy|Follow Me|p1b: Clefairy\n|-singleturn|p1b: Clefairy|move: Follow Me\n|move|p2b: Murkrow|Feather Dance|p1b: Clefairy\n|-unboost|p1b: Clefairy|atk|2\n|move|p1a: Landorus|Rock Slide|p2a: Sinistcha|[spread] p2a,p2b\n|-supereffective|p2b: Murkrow\n|-damage|p2a: Sinistcha|48\/100\n|-damage|p2b: Murkrow|0 fnt\n|faint|p2b: Murkrow\n|move|p2a: Sinistcha|Nasty Plot|p2a: Sinistcha\n|-boost|p2a: Sinistcha|spa|2\n|\n|upkeep\n|\n|t:|1698892840\n|switch|p2b: Grimmsnarl|Grimmsnarl, M, shiny|52\/100\n|turn|11\n|\n|t:|1698892856\n|switch|p1a: Snorlax|Snorlax, F|100\/100\n|move|p1b: Clefairy|Protect|p1b: Clefairy\n|-singleturn|p1b: Clefairy|Protect\n|move|p2a: Sinistcha|Matcha Gotcha|p1b: Clefairy|[spread] \n|-activate|p1b: Clefairy|move: Protect\n|-miss|p2a: Sinistcha|p1a: Snorlax\n|move|p2b: Grimmsnarl|Spirit Break|p1a: Snorlax\n|-damage|p1a: Snorlax|81\/100\n|-unboost|p1a: Snorlax|spa|1\n|\n|upkeep\n|turn|12\n|\n|t:|1698892893\n|move|p2a: Sinistcha|Matcha Gotcha|p1b: Clefairy|[spread] p1a\n|-miss|p2a: Sinistcha|p1b: Clefairy\n|-damage|p1a: Snorlax|53\/100\n|-heal|p2a: Sinistcha|70\/100|[from] drain|[of] p1a: Snorlax\n|move|p2b: Grimmsnarl|Spirit Break|p1a: Snorlax\n|-damage|p1a: Snorlax|32\/100\n|-unboost|p1a: Snorlax|spa|1\n|-enditem|p1a: Snorlax|Sitrus Berry|[eat]\n|-heal|p1a: Snorlax|57\/100|[from] item: Sitrus Berry\n|move|p1a: Snorlax|Belly Drum|p1a: Snorlax\n|-damage|p1a: Snorlax|7\/100\n|-setboost|p1a: Snorlax|atk|6|[from] move: Belly Drum\n|cant|p1b: Clefairy|par\n|\n|upkeep\n|turn|13\n|\n|t:|1698892920\n|move|p2a: Sinistcha|Rage Powder|p2a: Sinistcha\n|-singleturn|p2a: Sinistcha|move: Rage Powder\n|move|p1b: Clefairy|Follow Me|p1b: Clefairy\n|-singleturn|p1b: Clefairy|move: Follow Me\n|move|p2b: Grimmsnarl|Spirit Break|p1b: Clefairy\n|-crit|p1b: Clefairy\n|-damage|p1b: Clefairy|53\/100 par\n|-unboost|p1b: Clefairy|spa|1\n|move|p1a: Snorlax|Facade|p2a: Sinistcha\n|-immune|p2a: Sinistcha\n|\n|upkeep\n|turn|14\n|\n|t:|1698892940\n|move|p2a: Sinistcha|Rage Powder|p2a: Sinistcha\n|-singleturn|p2a: Sinistcha|move: Rage Powder\n|move|p1b: Clefairy|Follow Me|p1b: Clefairy\n|-singleturn|p1b: Clefairy|move: Follow Me\n|move|p2b: Grimmsnarl|Spirit Break|p1b: Clefairy\n|-damage|p1b: Clefairy|25\/100 par\n|-unboost|p1b: Clefairy|spa|1\n|move|p1a: Snorlax|High Horsepower|p2a: Sinistcha\n|-resisted|p2a: Sinistcha\n|-damage|p2a: Sinistcha|30\/100\n|\n|-sideend|p2: plantshrine|Reflect\n|upkeep\n|turn|15\n|\n|t:|1698892972\n|move|p1b: Clefairy|Follow Me|p1b: Clefairy\n|-singleturn|p1b: Clefairy|move: Follow Me\n|move|p2b: Grimmsnarl|Reflect|p2b: Grimmsnarl\n|-sidestart|p2: plantshrine|Reflect\n|move|p2a: Sinistcha|Matcha Gotcha|p1a: Snorlax|[spread] p1a,p1b\n|-damage|p1a: Snorlax|0 fnt\n|-heal|p2a: Sinistcha|35\/100|[from] drain|[of] p1a: Snorlax\n|-damage|p1b: Clefairy|0 fnt\n|-heal|p2a: Sinistcha|49\/100|[from] drain|[of] p1b: Clefairy\n|faint|p1a: Snorlax\n|faint|p1b: Clefairy\n|\n|upkeep\n|\n|t:|1698892984\n|switch|p1b: Landorus|Landorus-Therian, M|100\/100\n|-ability|p1b: Landorus|Intimidate|boost\n|-unboost|p2a: Sinistcha|atk|1\n|-unboost|p2b: Grimmsnarl|atk|1\n|turn|16\n|\n|t:|1698893000\n|-terastallize|p1b: Landorus|Flying\n|move|p2b: Grimmsnarl|Parting Shot|p1b: Landorus\n|-unboost|p1b: Landorus|atk|1\n|-unboost|p1b: Landorus|spa|1\n|\n|t:|1698893005\n|switch|p2b: Chien-Pao|Chien-Pao|55\/100|[from] Parting Shot\n|-ability|p2b: Chien-Pao|Sword of Ruin\n|move|p1b: Landorus|U-turn|p2a: Sinistcha\n|-damage|p2a: Sinistcha|35\/100\n|move|p2a: Sinistcha|Matcha Gotcha|p1b: Landorus\n|-resisted|p1b: Landorus\n|-damage|p1b: Landorus|53\/100\n|-heal|p2a: Sinistcha|61\/100|[from] drain|[of] p1b: Landorus\n|-status|p1b: Landorus|brn\n|\n|-damage|p1b: Landorus|46\/100 brn|[from] brn\n|upkeep\n|turn|17\n|-message|Thetree333 forfeited.\n|\n|win|plantshrine\n|raw|Thetree333's rating: 1202 &rarr; <strong>1182<\/strong><br \/>(-20 for losing)\n|raw|plantshrine's rating: 1279 &rarr; <strong>1299<\/strong><br \/>(+20 for winning)\n|l|\u2606Thetree333\n","uploadtime":1698893070,"views":17,"p1id":"thetree333","p2id":"plantshrine","formatid":"gen9doublesou","rating":1182,"private":0,"password":""}