{"id":"gen9doublesou-1993742863","p1":"leo1245","p2":"Critian Caceorte","format":"[Gen 9] Doubles OU","log":"|j|\u2606leo1245\n|j|\u2606Critian Caceorte\n|t:|1700351914\n|gametype|doubles\n|player|p1|leo1245|clay|1168\n|player|p2|Critian Caceorte|hilda|1284\n|teamsize|p1|6\n|teamsize|p2|6\n|gen|9\n|tier|[Gen 9] Doubles OU\n|rated|\n|rule|Species Clause: Limit one of each Pok\u00e9mon\n|rule|OHKO Clause: OHKO moves are banned\n|rule|Evasion Moves Clause: Evasion moves are banned\n|rule|Gravity Sleep Clause: The combination of sleep-inducing moves with imperfect accuracy and Gravity or Gigantamax Orbeetle are banned\n|rule|Endless Battle Clause: Forcing endless battles is banned\n|rule|HP Percentage Mod: HP is shown in percentages\n|clearpoke\n|poke|p1|Tauros-Paldea-Blaze, M|\n|poke|p1|Froslass, F|\n|poke|p1|Flamigo, F|\n|poke|p1|Diancie|\n|poke|p1|Dragapult, M|\n|poke|p1|Sableye, F|\n|poke|p2|Torkoal, F|\n|poke|p2|Ninetales, M|\n|poke|p2|Scovillain, M|\n|poke|p2|Lilligant-Hisui, F|\n|poke|p2|Dachsbun, M|\n|poke|p2|Walking Wake|\n|teampreview\n|c|\u2606leo1245|glhf\n|\n|t:|1700351918\n|start\n|switch|p1a: Froslass|Froslass, F|100\/100\n|switch|p1b: Tauros|Tauros-Paldea-Blaze, M|100\/100\n|switch|p2a: Torkoal|Torkoal, F|100\/100\n|switch|p2b: Dachsbun|Dachsbun, M|100\/100\n|-weather|SunnyDay|[from] ability: Drought|[of] p2a: Torkoal\n|turn|1\n|c|\u2606Critian Caceorte|glhf\n|\n|t:|1700351930\n|-terastallize|p2a: Torkoal|Fire\n|move|p1a: Froslass|Frost Breath|p1b: Tauros\n|-resisted|p1b: Tauros\n|-crit|p1b: Tauros\n|-damage|p1b: Tauros|78\/100\n|-setboost|p1b: Tauros|atk|6|[from] ability: Anger Point\n|-enditem|p2b: Dachsbun|Mirror Herb\n|-boost|p2b: Dachsbun|atk|6|[from] item: Mirror Herb\n|move|p1b: Tauros|Earthquake|p2a: Torkoal|[spread] p1a,p2a,p2b\n|-supereffective|p2a: Torkoal\n|-damage|p1a: Froslass|0 fnt\n|-damage|p2a: Torkoal|0 fnt\n|-damage|p2b: Dachsbun|0 fnt\n|faint|p1a: Froslass\n|faint|p2a: Torkoal\n|faint|p2b: Dachsbun\n|\n|-weather|SunnyDay|[upkeep]\n|upkeep\n|\n|t:|1700351947\n|switch|p1a: Flamigo|Flamigo, F|100\/100\n|switch|p2b: Walking Wake|Walking Wake|100\/100\n|switch|p2a: Lilligant|Lilligant-Hisui, F|100\/100\n|-activate|p2b: Walking Wake|ability: Protosynthesis\n|-start|p2b: Walking Wake|protosynthesisspa\n|-copyboost|p1a: Flamigo|p1b: Tauros|[from] ability: Costar\n|turn|2\n|\n|t:|1700351968\n|move|p2a: Lilligant|Axe Kick|p1b: Tauros\n|-crit|p1b: Tauros\n|-damage|p1b: Tauros|0 fnt\n|faint|p1b: Tauros\n|move|p2b: Walking Wake|Hydro Steam|p1a: Flamigo\n|-enditem|p1a: Flamigo|Focus Sash\n|-damage|p1a: Flamigo|1\/100\n|move|p1a: Flamigo|Dual Wingbeat|p2a: Lilligant\n|-supereffective|p2a: Lilligant\n|-enditem|p2a: Lilligant|Focus Sash\n|-damage|p2a: Lilligant|1\/100\n|-supereffective|p2a: Lilligant\n|-damage|p2a: Lilligant|0 fnt\n|faint|p2a: Lilligant\n|-hitcount|p2: Lilligant|2\n|\n|-weather|SunnyDay|[upkeep]\n|upkeep\n|\n|t:|1700351982\n|switch|p2a: Scovillain|Scovillain, M|100\/100\n|switch|p1b: Sableye|Sableye, F|100\/100\n|turn|3\n|\n|t:|1700351997\n|move|p1b: Sableye|Skill Swap|p1a: Flamigo\n|-activate|p1b: Sableye|move: Skill Swap|||[of] p1a: Flamigo\n|-copyboost|p1b: Sableye|p1a: Flamigo|[from] ability: Costar\n|move|p2a: Scovillain|Flamethrower|p1b: Sableye\n|-damage|p1b: Sableye|0 fnt\n|faint|p1b: Sableye\n|-damage|p2a: Scovillain|91\/100|[from] item: Life Orb\n|move|p2b: Walking Wake|Hydro Steam|p1a: Flamigo\n|-crit|p1a: Flamigo\n|-damage|p1a: Flamigo|0 fnt\n|faint|p1a: Flamigo\n|\n|-weather|SunnyDay|[upkeep]\n|upkeep\n|\n|t:|1700352009\n|switch|p1a: Diancie|Diancie|100\/100\n|switch|p1b: Dragapult|Dragapult, M|100\/100\n|turn|4\n|\n|t:|1700352020\n|-terastallize|p1a: Diancie|Rock\n|move|p2a: Scovillain|Solar Beam||[still]\n|-prepare|p2a: Scovillain|Solar Beam\n|-anim|p2a: Scovillain|Solar Beam|p1a: Diancie\n|-supereffective|p1a: Diancie\n|-damage|p1a: Diancie|0 fnt\n|faint|p1a: Diancie\n|-damage|p2a: Scovillain|81\/100|[from] item: Life Orb\n|move|p1b: Dragapult|Dragon Darts|p2b: Walking Wake\n|-supereffective|p2b: Walking Wake\n|-damage|p2b: Walking Wake|39\/100\n|-anim|p1b: Dragapult|Dragon Darts|p2a: Scovillain\n|-damage|p2a: Scovillain|24\/100\n|move|p2b: Walking Wake|Hydro Steam|p1b: Dragapult\n|-resisted|p1b: Dragapult\n|-damage|p1b: Dragapult|42\/100\n|\n|-weather|SunnyDay|[upkeep]\n|upkeep\n|turn|5\n|\n|t:|1700352042\n|move|p2a: Scovillain|Flamethrower|p1b: Dragapult\n|-resisted|p1b: Dragapult\n|-damage|p1b: Dragapult|0 fnt\n|faint|p1b: Dragapult\n|-damage|p2a: Scovillain|14\/100|[from] item: Life Orb\n|\n|win|Critian Caceorte\n|raw|leo1245's rating: 1168 &rarr; <strong>1151<\/strong><br \/>(-17 for losing)\n|raw|Critian Caceorte's rating: 1284 &rarr; <strong>1301<\/strong><br \/>(+17 for winning)\n|c|\u2606leo1245|gg\n|c|\u2606Critian Caceorte|gg\n","uploadtime":1700352051,"views":4,"p1id":"leo1245","p2id":"critiancaceorte","formatid":"gen9doublesou","rating":1151,"private":0,"password":""}