{"id":"gen9doublesou-1997980080","p1":"Ichigo_MIKE","p2":"Sunfish tamer","format":"[Gen 9] Doubles OU","log":"|j|\u2606Ichigo_MIKE\n|j|\u2606Sunfish tamer\n|t:|1700874838\n|gametype|doubles\n|player|p1|Ichigo_MIKE|266|1000\n|player|p2|Sunfish tamer|102|1000\n|teamsize|p1|6\n|teamsize|p2|6\n|gen|9\n|tier|[Gen 9] Doubles OU\n|rated|\n|rule|Species Clause: Limit one of each Pok\u00e9mon\n|rule|OHKO Clause: OHKO moves are banned\n|rule|Evasion Moves Clause: Evasion moves are banned\n|rule|Gravity Sleep Clause: The combination of sleep-inducing moves with imperfect accuracy and Gravity or Gigantamax Orbeetle are banned\n|rule|Endless Battle Clause: Forcing endless battles is banned\n|rule|HP Percentage Mod: HP is shown in percentages\n|clearpoke\n|poke|p1|Oricorio, M|\n|poke|p1|Lilligant, F|\n|poke|p1|Sableye, F|\n|poke|p1|Blissey, F|\n|poke|p1|Quaquaval, F|\n|poke|p1|Vivillon-Fancy, F|\n|poke|p2|Iron Hands|\n|poke|p2|Landorus-Therian, M|\n|poke|p2|Ambipom, F|\n|poke|p2|Pachirisu, F|\n|poke|p2|Tornadus, M|\n|poke|p2|Chien-Pao|\n|teampreview\n|\n|t:|1700874855\n|start\n|switch|p1a: Sableye|Sableye, F|100\/100\n|switch|p1b: Quaquaval|Quaquaval, F|100\/100\n|switch|p2a: Iron Hands|Iron Hands|100\/100\n|switch|p2b: Chien-Pao|Chien-Pao|100\/100\n|-ability|p2b: Chien-Pao|Sword of Ruin\n|turn|1\n|\n|t:|1700874875\n|move|p2a: Iron Hands|Fake Out|p1b: Quaquaval\n|-damage|p1b: Quaquaval|71\/100\n|move|p1a: Sableye|Fake Out|p2a: Iron Hands\n|-damage|p2a: Iron Hands|93\/100\n|move|p2b: Chien-Pao|Ice Spinner|p1a: Sableye\n|-damage|p1a: Sableye|0 fnt\n|faint|p1a: Sableye\n|-damage|p2b: Chien-Pao|91\/100|[from] item: Life Orb\n|cant|p1b: Quaquaval|flinch\n|\n|upkeep\n|\n|t:|1700874891\n|switch|p1a: Oricorio|Oricorio, M|100\/100\n|turn|2\n|\n|t:|1700874916\n|-terastallize|p1a: Oricorio|Fairy\n|move|p2b: Chien-Pao|Ice Spinner|p1a: Oricorio\n|-damage|p1a: Oricorio|0 fnt\n|faint|p1a: Oricorio\n|-damage|p2b: Chien-Pao|81\/100|[from] item: Life Orb\n|move|p1b: Quaquaval|Flip Turn|p2a: Iron Hands\n|-damage|p2a: Iron Hands|66\/100\n|\n|t:|1700874925\n|switch|p1b: Lilligant|Lilligant, F|100\/100|[from] Flip Turn\n|move|p2a: Iron Hands|Wild Charge|p1b: Lilligant\n|-resisted|p1b: Lilligant\n|-damage|p1b: Lilligant|51\/100\n|-damage|p2a: Iron Hands|57\/100|[from] Recoil\n|\n|upkeep\n|\n|t:|1700874935\n|switch|p1a: Vivillon|Vivillon-Fancy, F, shiny|100\/100\n|turn|3\n|\n|t:|1700874945\n|move|p1b: Lilligant|Protect|p1b: Lilligant\n|-singleturn|p1b: Lilligant|Protect\n|move|p2b: Chien-Pao|Ice Spinner|p1b: Lilligant\n|-activate|p1b: Lilligant|move: Protect\n|move|p1a: Vivillon|Sleep Powder|p2b: Chien-Pao\n|-status|p2b: Chien-Pao|slp|[from] move: Sleep Powder\n|move|p2a: Iron Hands|Wild Charge|p1a: Vivillon\n|-supereffective|p1a: Vivillon\n|-damage|p1a: Vivillon|0 fnt\n|faint|p1a: Vivillon\n|-damage|p2a: Iron Hands|37\/100|[from] Recoil\n|\n|upkeep\n|\n|t:|1700874960\n|switch|p1a: Quaquaval|Quaquaval, F|71\/100\n|turn|4\n|\n|t:|1700874972\n|switch|p2b: Ambipom|Ambipom, F|100\/100\n|move|p1a: Quaquaval|Aqua Step|p2b: Ambipom\n|-crit|p2b: Ambipom\n|-damage|p2b: Ambipom|7\/100\n|-boost|p1a: Quaquaval|spe|1\n|move|p1b: Lilligant|Sleep Powder|p2a: Iron Hands\n|-status|p2a: Iron Hands|slp|[from] move: Sleep Powder\n|cant|p2a: Iron Hands|slp\n|\n|upkeep\n|turn|5\n|\n|t:|1700874999\n|-end|p2a: Iron Hands|Quark Drive|[silent]\n|switch|p2a: Tornadus|Tornadus, M|100\/100\n|move|p2b: Ambipom|Fake Out|p1a: Quaquaval\n|-damage|p1a: Quaquaval|49\/100\n|-enditem|p1a: Quaquaval|Sitrus Berry|[eat]\n|-heal|p1a: Quaquaval|73\/100|[from] item: Sitrus Berry\n|cant|p1a: Quaquaval|flinch\n|move|p1b: Lilligant|Quiver Dance|p1b: Lilligant\n|-boost|p1b: Lilligant|spa|1\n|-boost|p1b: Lilligant|spd|1\n|-boost|p1b: Lilligant|spe|1\n|\n|upkeep\n|turn|6\n|\n|t:|1700875020\n|move|p2a: Tornadus|Tailwind|p2a: Tornadus\n|-sidestart|p2: Sunfish tamer|move: Tailwind\n|move|p2b: Ambipom|Fling|p1b: Lilligant\n|-damage|p1b: Lilligant|40\/100\n|-enditem|p2b: Ambipom|King's Rock|[from] move: Fling\n|-enditem|p1b: Lilligant|Sitrus Berry|[eat]\n|-heal|p1b: Lilligant|65\/100|[from] item: Sitrus Berry\n|move|p1a: Quaquaval|Aqua Step|p2a: Tornadus\n|-damage|p2a: Tornadus|43\/100\n|-boost|p1a: Quaquaval|spe|1\n|cant|p1b: Lilligant|flinch\n|\n|-item|p2b: Ambipom|Sitrus Berry|[from] ability: Pickup\n|upkeep\n|-enditem|p2b: Ambipom|Sitrus Berry|[eat]\n|-heal|p2b: Ambipom|31\/100|[from] item: Sitrus Berry\n|turn|7\n|\n|t:|1700875042\n|move|p2b: Ambipom|Double Hit|p1a: Quaquaval\n|-damage|p1a: Quaquaval|52\/100\n|-damage|p1a: Quaquaval|30\/100\n|-hitcount|p1a: Quaquaval|2\n|move|p2a: Tornadus|Bleakwind Storm|p1b: Lilligant|[spread] p1a,p1b\n|-supereffective|p1a: Quaquaval\n|-supereffective|p1b: Lilligant\n|-damage|p1a: Quaquaval|0 fnt\n|-damage|p1b: Lilligant|0 fnt\n|faint|p1a: Quaquaval\n|faint|p1b: Lilligant\n|\n|upkeep\n|\n|t:|1700875053\n|switch|p1b: Blissey|Blissey, F|100\/100\n|turn|8\n|\n|t:|1700875064\n|switch|p2b: Pachirisu|Pachirisu, F|100\/100\n|move|p2a: Tornadus|Taunt|p1b: Blissey\n|-start|p1b: Blissey|move: Taunt\n|move|p1b: Blissey|Icy Wind|p2b: Pachirisu|[spread] p2a,p2b\n|-supereffective|p2a: Tornadus\n|-damage|p2a: Tornadus|23\/100\n|-damage|p2b: Pachirisu|89\/100\n|-unboost|p2a: Tornadus|spe|1\n|-unboost|p2b: Pachirisu|spe|1\n|\n|upkeep\n|turn|9\n|\n|t:|1700875097\n|switch|p2a: Ambipom|Ambipom, F|31\/100\n|move|p2b: Pachirisu|Fling|p1b: Blissey\n|-damage|p1b: Blissey|97\/100\n|-enditem|p2b: Pachirisu|King's Rock|[from] move: Fling\n|cant|p1b: Blissey|flinch\n|\n|-heal|p1b: Blissey|100\/100|[from] item: Leftovers\n|-sideend|p2: Sunfish tamer|move: Tailwind\n|-item|p2a: Ambipom|King's Rock|[from] ability: Pickup\n|upkeep\n|turn|10\n|\n|t:|1700875113\n|move|p2a: Ambipom|Fling|p1b: Blissey\n|-damage|p1b: Blissey|93\/100\n|-enditem|p2a: Ambipom|King's Rock|[from] move: Fling\n|move|p2b: Pachirisu|Fling||[still]\n|-fail|p2b: Pachirisu\n|cant|p1b: Blissey|flinch\n|\n|-heal|p1b: Blissey|99\/100|[from] item: Leftovers\n|-end|p1b: Blissey|move: Taunt\n|-item|p2b: Pachirisu|King's Rock|[from] ability: Pickup\n|upkeep\n|turn|11\n|\n|t:|1700875129\n|move|p2a: Ambipom|Double Hit|p1b: Blissey\n|-damage|p1b: Blissey|87\/100\n|-damage|p1b: Blissey|74\/100\n|-hitcount|p1b: Blissey|2\n|move|p2b: Pachirisu|Fling|p1b: Blissey\n|-damage|p1b: Blissey|71\/100\n|-enditem|p2b: Pachirisu|King's Rock|[from] move: Fling\n|cant|p1b: Blissey|flinch\n|\n|-heal|p1b: Blissey|77\/100|[from] item: Leftovers\n|-item|p2a: Ambipom|King's Rock|[from] ability: Pickup\n|upkeep\n|turn|12\n|\n|t:|1700875145\n|move|p2a: Ambipom|Fling|p1b: Blissey\n|-damage|p1b: Blissey|69\/100\n|-enditem|p2a: Ambipom|King's Rock|[from] move: Fling\n|move|p2b: Pachirisu|Thunderbolt|p1b: Blissey\n|-damage|p1b: Blissey|60\/100\n|cant|p1b: Blissey|flinch\n|\n|-heal|p1b: Blissey|66\/100|[from] item: Leftovers\n|-item|p2b: Pachirisu|King's Rock|[from] ability: Pickup\n|upkeep\n|turn|13\n|\n|t:|1700875151\n|move|p2a: Ambipom|Double Hit|p1b: Blissey\n|-crit|p1b: Blissey\n|-damage|p1b: Blissey|47\/100\n|-damage|p1b: Blissey|34\/100\n|-hitcount|p1b: Blissey|2\n|move|p2b: Pachirisu|Fling|p1b: Blissey\n|-damage|p1b: Blissey|31\/100\n|-enditem|p2b: Pachirisu|King's Rock|[from] move: Fling\n|cant|p1b: Blissey|flinch\n|\n|-heal|p1b: Blissey|37\/100|[from] item: Leftovers\n|-item|p2a: Ambipom|King's Rock|[from] ability: Pickup\n|upkeep\n|turn|14\n|\n|t:|1700875159\n|move|p2a: Ambipom|Fling|p1b: Blissey\n|-damage|p1b: Blissey|29\/100\n|-enditem|p2a: Ambipom|King's Rock|[from] move: Fling\n|move|p2b: Pachirisu|Thunderbolt|p1b: Blissey\n|-damage|p1b: Blissey|21\/100\n|cant|p1b: Blissey|flinch\n|\n|-heal|p1b: Blissey|27\/100|[from] item: Leftovers\n|-item|p2b: Pachirisu|King's Rock|[from] ability: Pickup\n|upkeep\n|turn|15\n|\n|t:|1700875171\n|move|p2a: Ambipom|Double Hit|p1b: Blissey\n|-damage|p1b: Blissey|14\/100\n|-damage|p1b: Blissey|1\/100\n|-hitcount|p1b: Blissey|2\n|move|p2b: Pachirisu|Fling|p1b: Blissey\n|-damage|p1b: Blissey|0 fnt\n|-enditem|p2b: Pachirisu|King's Rock|[from] move: Fling\n|faint|p1b: Blissey\n|\n|win|Sunfish tamer\n|raw|Ichigo_MIKE's rating: 1000 &rarr; <strong>1000<\/strong><br \/>(+0 for losing)\n|raw|Sunfish tamer's rating: 1000 &rarr; <strong>1040<\/strong><br \/>(+40 for winning)\n|l|\u2606Ichigo_MIKE\n","uploadtime":1700875182,"views":2,"p1id":"ichigomike","p2id":"sunfishtamer","formatid":"gen9doublesou","rating":1000,"private":0,"password":""}