{"id":"gen9doublesou-1978996126","p1":"ReznikVI","p2":"Undead_Redhead","format":"[Gen 9] Doubles OU","log":"|j|\u2606ReznikVI\n|j|\u2606Undead_Redhead\n|t:|1698619031\n|gametype|doubles\n|player|p1|ReznikVI|benga|1285\n|player|p2|Undead_Redhead|flannery|1214\n|teamsize|p1|6\n|teamsize|p2|6\n|gen|9\n|tier|[Gen 9] Doubles OU\n|rated|\n|rule|Species Clause: Limit one of each Pok\u00e9mon\n|rule|OHKO Clause: OHKO moves are banned\n|rule|Evasion Moves Clause: Evasion moves are banned\n|rule|Gravity Sleep Clause: The combination of sleep-inducing moves with imperfect accuracy and Gravity or Gigantamax Orbeetle are banned\n|rule|Endless Battle Clause: Forcing endless battles is banned\n|rule|HP Percentage Mod: HP is shown in percentages\n|clearpoke\n|poke|p1|Gholdengo|\n|poke|p1|Quaquaval, F|\n|poke|p1|Electrode-Hisui|\n|poke|p1|Clefable, F|\n|poke|p1|Dragapult, F|\n|poke|p1|Glimmora, F|\n|poke|p2|Ninetales-Alola, F|\n|poke|p2|Abomasnow, M|\n|poke|p2|Cetitan, F|\n|poke|p2|Froslass, F|\n|poke|p2|Baxcalibur, M|\n|poke|p2|Beartic, M|\n|teampreview\n|\n|t:|1698619049\n|start\n|switch|p1a: Clefable|Clefable, F|100\/100\n|switch|p1b: Glimmora|Glimmora, F|100\/100\n|switch|p2a: Ninetales|Ninetales-Alola, F|100\/100\n|switch|p2b: Cetitan|Cetitan, F|100\/100\n|-weather|Snow|[from] ability: Snow Warning|[of] p2a: Ninetales\n|turn|1\n|\n|t:|1698619065\n|move|p2b: Cetitan|Belly Drum|p2b: Cetitan\n|-damage|p2b: Cetitan|50\/100\n|-setboost|p2b: Cetitan|atk|6|[from] move: Belly Drum\n|-enditem|p2b: Cetitan|Sitrus Berry|[eat]\n|-heal|p2b: Cetitan|75\/100|[from] item: Sitrus Berry\n|move|p2a: Ninetales|Aurora Veil|p2a: Ninetales\n|-sidestart|p2: Undead_Redhead|move: Aurora Veil\n|move|p1b: Glimmora|Power Gem|p2a: Ninetales\n|-supereffective|p2a: Ninetales\n|-damage|p2a: Ninetales|42\/100\n|move|p1a: Clefable|Stealth Rock|p2a: Ninetales\n|-sidestart|p2: Undead_Redhead|move: Stealth Rock\n|\n|-weather|Snow|[upkeep]\n|upkeep\n|turn|2\n|\n|t:|1698619085\n|move|p2b: Cetitan|Liquidation|p1b: Glimmora\n|-supereffective|p1b: Glimmora\n|-damage|p1b: Glimmora|0 fnt\n|-damage|p2b: Cetitan|59\/100|[from] item: Rocky Helmet|[of] p1b: Glimmora\n|-activate|p1b: Glimmora|ability: Toxic Debris\n|-sidestart|p2: Undead_Redhead|move: Toxic Spikes\n|faint|p1b: Glimmora\n|move|p2a: Ninetales|Blizzard|p1a: Clefable\n|-damage|p1a: Clefable|59\/100\n|move|p1a: Clefable|Moonblast|p2b: Cetitan\n|-damage|p2b: Cetitan|36\/100\n|\n|-weather|Snow|[upkeep]\n|-heal|p1a: Clefable|65\/100|[from] item: Leftovers\n|upkeep\n|\n|t:|1698619098\n|switch|p1b: Electrode|Electrode-Hisui|100\/100\n|turn|3\n|\n|t:|1698619126\n|move|p2b: Cetitan|Knock Off|p1a: Clefable\n|-resisted|p1a: Clefable\n|-damage|p1a: Clefable|18\/100\n|-enditem|p1a: Clefable|Leftovers|[from] move: Knock Off|[of] p2b: Cetitan\n|move|p1b: Electrode|Thunderbolt|p2b: Cetitan\n|-damage|p2b: Cetitan|13\/100\n|move|p2a: Ninetales|Blizzard|p1a: Clefable|[spread] p1a,p1b\n|-supereffective|p1b: Electrode\n|-damage|p1a: Clefable|0 fnt\n|-damage|p1b: Electrode|5\/100\n|faint|p1a: Clefable\n|\n|-weather|Snow|[upkeep]\n|upkeep\n|\n|t:|1698619140\n|switch|p1a: Gholdengo|Gholdengo|100\/100\n|-item|p1a: Gholdengo|Air Balloon\n|turn|4\n|\n|t:|1698619153\n|-terastallize|p1a: Gholdengo|Steel\n|move|p2b: Cetitan|Knock Off|p1a: Gholdengo\n|-crit|p1a: Gholdengo\n|-damage|p1a: Gholdengo|0 fnt\n|-enditem|p1a: Gholdengo|Air Balloon\n|faint|p1a: Gholdengo\n|move|p1b: Electrode|Volt Switch|p2b: Cetitan\n|-damage|p2b: Cetitan|0 fnt\n|faint|p2b: Cetitan\n|\n|t:|1698619163\n|switch|p1b: Quaquaval|Quaquaval, F|100\/100|[from] Volt Switch\n|move|p2a: Ninetales|Blizzard|p1b: Quaquaval\n|-resisted|p1b: Quaquaval\n|-damage|p1b: Quaquaval|70\/100\n|\n|-weather|Snow|[upkeep]\n|upkeep\n|\n|t:|1698619173\n|switch|p2b: Beartic|Beartic, M|100\/100\n|switch|p1a: Electrode|Electrode-Hisui|5\/100\n|-damage|p2b: Beartic|76\/100|[from] Stealth Rock\n|-status|p2b: Beartic|psn\n|turn|5\n|\n|t:|1698619189\n|move|p1a: Electrode|Thunderbolt|p2a: Ninetales\n|-damage|p2a: Ninetales|15\/100\n|move|p2b: Beartic|Play Rough|p1b: Quaquaval\n|-supereffective|p1b: Quaquaval\n|-damage|p1b: Quaquaval|0 fnt\n|faint|p1b: Quaquaval\n|move|p2a: Ninetales|Blizzard|p1a: Electrode\n|-supereffective|p1a: Electrode\n|-damage|p1a: Electrode|0 fnt\n|faint|p1a: Electrode\n|\n|-weather|none\n|-damage|p2b: Beartic|63\/100 psn|[from] psn\n|upkeep\n|-message|ReznikVI forfeited.\n|\n|win|Undead_Redhead\n|raw|ReznikVI's rating: 1285 &rarr; <strong>1255<\/strong><br \/>(-30 for losing)\n|raw|Undead_Redhead's rating: 1214 &rarr; <strong>1244<\/strong><br \/>(+30 for winning)\n|c|\u2606Undead_Redhead|GG :)\n","uploadtime":1698619216,"views":16,"p1id":"reznikvi","p2id":"undeadredhead","formatid":"gen9doublesou","rating":1244,"private":0,"password":""}