{"id":"gen9doublesou-1970041178","p1":"pakiavatar9434","p2":"jazzcabbage2000","format":"[Gen 9] Doubles OU","log":"|j|\u2606pakiavatar9434\n|j|\u2606jazzcabbage2000\n|t:|1697588047\n|gametype|doubles\n|player|p1|pakiavatar9434|dragontamer|1136\n|player|p2|jazzcabbage2000|caitlin|1205\n|teamsize|p1|6\n|teamsize|p2|6\n|gen|9\n|tier|[Gen 9] Doubles OU\n|rated|\n|rule|Species Clause: Limit one of each Pok\u00e9mon\n|rule|OHKO Clause: OHKO moves are banned\n|rule|Evasion Moves Clause: Evasion moves are banned\n|rule|Gravity Sleep Clause: The combination of sleep-inducing moves with imperfect accuracy and Gravity or Gigantamax Orbeetle are banned\n|rule|Endless Battle Clause: Forcing endless battles is banned\n|rule|HP Percentage Mod: HP is shown in percentages\n|clearpoke\n|poke|p1|Iron Moth|\n|poke|p1|Grimmsnarl, M|\n|poke|p1|Ogerpon-Wellspring, F|\n|poke|p1|Oricorio-Pom-Pom, F|\n|poke|p1|Kommo-o, M|\n|poke|p1|Sinistcha|\n|poke|p2|Clefable, F|\n|poke|p2|Ogerpon-Hearthflame, F|\n|poke|p2|Ninetales-Alola, F|\n|poke|p2|Chien-Pao|\n|poke|p2|Sableye, F|\n|poke|p2|Jirachi|\n|teampreview\n|inactive|Battle timer is ON: inactive players will automatically lose when time's up. (requested by jazzcabbage2000)\n|\n|t:|1697588064\n|start\n|switch|p1a: Ogerpon|Ogerpon-Wellspring, F|100\/100\n|switch|p1b: Grimmsnarl|Grimmsnarl, M|100\/100\n|switch|p2a: Ogerpon|Ogerpon-Hearthflame, F|100\/100\n|switch|p2b: Clefable|Clefable, F, shiny|100\/100\n|-ability|p2a: Ogerpon|Mold Breaker\n|turn|1\n|inactive|jazzcabbage2000 has 120 seconds left.\n|\n|t:|1697588096\n|move|p1b: Grimmsnarl|Fake Out|p2a: Ogerpon\n|-damage|p2a: Ogerpon|87\/100\n|cant|p2a: Ogerpon|flinch\n|move|p1a: Ogerpon|Ivy Cudgel|p2b: Clefable\n|-crit|p2b: Clefable\n|-damage|p2b: Clefable|16\/100\n|move|p2b: Clefable|Charge Beam|p1a: Ogerpon\n|-damage|p1a: Ogerpon|85\/100\n|-boost|p2b: Clefable|spa|1\n|\n|-heal|p2b: Clefable|22\/100|[from] item: Leftovers\n|upkeep\n|turn|2\n|inactive|jazzcabbage2000 has 120 seconds left.\n|inactive|pakiavatar9434 has 120 seconds left.\n|\n|t:|1697588127\n|move|p2b: Clefable|Follow Me|p2b: Clefable\n|-singleturn|p2b: Clefable|move: Follow Me\n|move|p1b: Grimmsnarl|Reflect|p1b: Grimmsnarl\n|-sidestart|p1: pakiavatar9434|Reflect\n|move|p2a: Ogerpon|Ivy Cudgel|p1a: Ogerpon\n|-damage|p1a: Ogerpon|30\/100\n|move|p1a: Ogerpon|Ivy Cudgel|p2b: Clefable\n|-damage|p2b: Clefable|0 fnt\n|faint|p2b: Clefable\n|\n|upkeep\n|inactive|jazzcabbage2000 has 120 seconds left.\n|\n|t:|1697588139\n|switch|p2b: Chien-Pao|Chien-Pao|100\/100\n|-ability|p2b: Chien-Pao|Sword of Ruin\n|turn|3\n|inactive|pakiavatar9434 has 120 seconds left.\n|\n|t:|1697588170\n|move|p2b: Chien-Pao|Sucker Punch|p1a: Ogerpon\n|-damage|p1a: Ogerpon|0 fnt\n|faint|p1a: Ogerpon\n|move|p1b: Grimmsnarl|Parting Shot|p2a: Ogerpon\n|-unboost|p2a: Ogerpon|atk|1\n|-unboost|p2a: Ogerpon|spa|1\n|\n|t:|1697588174\n|switch|p1b: Kommo-o|Kommo-o, M|100\/100|[from] Parting Shot\n|move|p2a: Ogerpon|Horn Leech|p1b: Kommo-o\n|-resisted|p1b: Kommo-o\n|-damage|p1b: Kommo-o|89\/100\n|-heal|p2a: Ogerpon|93\/100|[from] drain|[of] p1b: Kommo-o\n|\n|upkeep\n|\n|t:|1697588180\n|switch|p1a: Grimmsnarl|Grimmsnarl, M|100\/100\n|turn|4\n|\n|t:|1697588201\n|switch|p2a: Ninetales|Ninetales-Alola, F, shiny|100\/100\n|-weather|Snow|[from] ability: Snow Warning|[of] p2a: Ninetales\n|move|p1a: Grimmsnarl|Parting Shot|p2a: Ninetales\n|-unboost|p2a: Ninetales|atk|1\n|-unboost|p2a: Ninetales|spa|1\n|\n|t:|1697588208\n|switch|p1a: Oricorio|Oricorio-Pom-Pom, F|100\/100|[from] Parting Shot\n|move|p2b: Chien-Pao|Icicle Crash|p1b: Kommo-o\n|-supereffective|p1b: Kommo-o\n|-damage|p1b: Kommo-o|14\/100\n|move|p1b: Kommo-o|Clangorous Soul||[still]\n|-fail|p1b: Kommo-o\n|\n|-weather|Snow|[upkeep]\n|upkeep\n|turn|5\n|\n|t:|1697588222\n|-terastallize|p1a: Oricorio|Ice\n|move|p2b: Chien-Pao|Sucker Punch|p1b: Kommo-o\n|-resisted|p1b: Kommo-o\n|-damage|p1b: Kommo-o|0 fnt\n|faint|p1b: Kommo-o\n|move|p2a: Ninetales|Aurora Veil|p2a: Ninetales\n|-sidestart|p2: jazzcabbage2000|move: Aurora Veil\n|move|p1a: Oricorio|Quiver Dance|p1a: Oricorio\n|-boost|p1a: Oricorio|spa|1\n|-boost|p1a: Oricorio|spd|1\n|-boost|p1a: Oricorio|spe|1\n|\n|-weather|Snow|[upkeep]\n|upkeep\n|\n|t:|1697588232\n|switch|p1b: Iron Moth|Iron Moth|100\/100\n|-enditem|p1b: Iron Moth|Booster Energy\n|-activate|p1b: Iron Moth|ability: Quark Drive|[fromitem]\n|-start|p1b: Iron Moth|quarkdrivespa\n|turn|6\n|\n|t:|1697588246\n|switch|p2a: Ogerpon|Ogerpon-Hearthflame, F|93\/100\n|-ability|p2a: Ogerpon|Mold Breaker\n|move|p1a: Oricorio|Feather Dance|p2b: Chien-Pao\n|-unboost|p2b: Chien-Pao|atk|2\n|move|p2b: Chien-Pao|Sacred Sword|p1a: Oricorio\n|-supereffective|p1a: Oricorio\n|-damage|p1a: Oricorio|71\/100\n|move|p1b: Iron Moth|Fiery Dance|p2b: Chien-Pao\n|-supereffective|p2b: Chien-Pao\n|-enditem|p2b: Chien-Pao|Focus Sash\n|-damage|p2b: Chien-Pao|1\/100\n|-boost|p1b: Iron Moth|spa|1\n|-activate|p1a: Oricorio|ability: Dancer\n|move|p1a: Oricorio|Fiery Dance|p2b: Chien-Pao|[from]ability: Dancer\n|-supereffective|p2b: Chien-Pao\n|-damage|p2b: Chien-Pao|0 fnt\n|faint|p2b: Chien-Pao\n|\n|-weather|Snow|[upkeep]\n|-sideend|p1: pakiavatar9434|Reflect\n|upkeep\n|inactive|jazzcabbage2000 has 120 seconds left.\n|\n|t:|1697588285\n|switch|p2b: Sableye|Sableye, F, shiny|100\/100\n|turn|7\n|\n|t:|1697588303\n|-terastallize|p2a: Ogerpon|Fire\n|detailschange|p2a: Ogerpon|Ogerpon-Hearthflame-Tera, F, tera:Fire\n|-ability|p2a: Ogerpon|Embody Aspect (Hearthflame)|boost\n|-boost|p2a: Ogerpon|atk|1\n|move|p2b: Sableye|Fake Out|p1b: Iron Moth\n|-damage|p1b: Iron Moth|87\/100\n|move|p1a: Oricorio|Revelation Dance|p2a: Ogerpon\n|-resisted|p2a: Ogerpon\n|-damage|p2a: Ogerpon|69\/100\n|move|p2a: Ogerpon|Ivy Cudgel|p1a: Oricorio\n|-supereffective|p1a: Oricorio\n|-damage|p1a: Oricorio|0 fnt\n|faint|p1a: Oricorio\n|cant|p1b: Iron Moth|flinch\n|\n|-weather|Snow|[upkeep]\n|upkeep\n|\n|t:|1697588317\n|switch|p1a: Grimmsnarl|Grimmsnarl, M|100\/100\n|turn|8\n|\n|t:|1697588333\n|move|p1a: Grimmsnarl|Fake Out|p2a: Ogerpon\n|-damage|p2a: Ogerpon|60\/100\n|move|p1b: Iron Moth|Fiery Dance|p2b: Sableye\n|-damage|p2b: Sableye|36\/100\n|-boost|p1b: Iron Moth|spa|1\n|-enditem|p2b: Sableye|Sitrus Berry|[eat]\n|-heal|p2b: Sableye|61\/100|[from] item: Sitrus Berry\n|cant|p2a: Ogerpon|flinch\n|move|p2b: Sableye|Gyro Ball|p1a: Grimmsnarl\n|-supereffective|p1a: Grimmsnarl\n|-damage|p1a: Grimmsnarl|83\/100\n|\n|-weather|none\n|upkeep\n|turn|9\n|inactive|pakiavatar9434 has 120 seconds left.\n|\n|t:|1697588376\n|move|p2b: Sableye|Will-O-Wisp|p1a: Grimmsnarl\n|-hint|Since gen 7, Dark is immune to Prankster moves.\n|-immune|p1a: Grimmsnarl\n|move|p1a: Grimmsnarl|Parting Shot|p2a: Ogerpon\n|-unboost|p2a: Ogerpon|atk|1\n|-unboost|p2a: Ogerpon|spa|1\n|\n|t:|1697588381\n|switch|p1a: Sinistcha|Sinistcha|100\/100|[from] Parting Shot\n|-heal|p1b: Iron Moth|100\/100|[from] ability: Hospitality|[of] p1a: Sinistcha\n|move|p1b: Iron Moth|Fiery Dance|p2b: Sableye\n|-damage|p2b: Sableye|0 fnt\n|-boost|p1b: Iron Moth|spa|1\n|faint|p2b: Sableye\n|move|p2a: Ogerpon|Ivy Cudgel|p1b: Iron Moth\n|-resisted|p1b: Iron Moth\n|-damage|p1b: Iron Moth|22\/100\n|\n|upkeep\n|\n|t:|1697588396\n|switch|p2b: Ninetales|Ninetales-Alola, F, shiny|100\/100\n|-weather|Snow|[from] ability: Snow Warning|[of] p2b: Ninetales\n|turn|10\n|\n|t:|1697588410\n|switch|p1a: Grimmsnarl|Grimmsnarl, M|83\/100\n|move|p1b: Iron Moth|Protect|p1b: Iron Moth\n|-singleturn|p1b: Iron Moth|Protect\n|move|p2a: Ogerpon|Ivy Cudgel|p1b: Iron Moth\n|-activate|p1b: Iron Moth|move: Protect\n|move|p2b: Ninetales|Blizzard|p1a: Grimmsnarl|[spread] p1a\n|-activate|p1b: Iron Moth|move: Protect\n|-damage|p1a: Grimmsnarl|58\/100\n|\n|-weather|Snow|[upkeep]\n|upkeep\n|turn|11\n|\n|t:|1697588432\n|move|p1a: Grimmsnarl|Fake Out|p2a: Ogerpon\n|-damage|p2a: Ogerpon|51\/100\n|cant|p2a: Ogerpon|flinch\n|move|p1b: Iron Moth|Fiery Dance|p2b: Ninetales\n|-supereffective|p2b: Ninetales\n|-damage|p2b: Ninetales|0 fnt\n|faint|p2b: Ninetales\n|\n|-weather|Snow|[upkeep]\n|upkeep\n|\n|t:|1697588441\n|switch|p2b: Jirachi|Jirachi|100\/100\n|turn|12\n|\n|t:|1697588457\n|move|p1b: Iron Moth|Protect|p1b: Iron Moth\n|-singleturn|p1b: Iron Moth|Protect\n|move|p1a: Grimmsnarl|Parting Shot|p2a: Ogerpon\n|-unboost|p2a: Ogerpon|atk|1\n|-unboost|p2a: Ogerpon|spa|1\n|\n|t:|1697588462\n|switch|p1a: Sinistcha|Sinistcha|100\/100|[from] Parting Shot\n|-heal|p1b: Iron Moth|47\/100|[from] ability: Hospitality|[of] p1a: Sinistcha\n|move|p2a: Ogerpon|Ivy Cudgel|p1b: Iron Moth\n|-activate|p1b: Iron Moth|move: Protect\n|move|p2b: Jirachi|Psyshock|p1b: Iron Moth\n|-activate|p1b: Iron Moth|move: Protect\n|\n|-weather|Snow|[upkeep]\n|-sideend|p2: jazzcabbage2000|move: Aurora Veil\n|upkeep\n|turn|13\n|inactive|jazzcabbage2000 has 120 seconds left.\n|\n|t:|1697588517\n|move|p2a: Ogerpon|Ivy Cudgel|p1b: Iron Moth\n|-resisted|p1b: Iron Moth\n|-damage|p1b: Iron Moth|0 fnt\n|faint|p1b: Iron Moth\n|-end|p1b: Iron Moth|Quark Drive|[silent]\n|move|p2b: Jirachi|Calm Mind|p2b: Jirachi\n|-boost|p2b: Jirachi|spa|1\n|-boost|p2b: Jirachi|spd|1\n|move|p1a: Sinistcha|Scald|p2a: Ogerpon\n|-supereffective|p2a: Ogerpon\n|-damage|p2a: Ogerpon|0 fnt\n|faint|p2a: Ogerpon\n|\n|-weather|Snow|[upkeep]\n|upkeep\n|\n|t:|1697588525\n|switch|p1b: Grimmsnarl|Grimmsnarl, M|58\/100\n|turn|14\n|inactive|jazzcabbage2000 has 120 seconds left.\n|\n|t:|1697588549\n|move|p1b: Grimmsnarl|Fake Out|p2b: Jirachi\n|-resisted|p2b: Jirachi\n|-damage|p2b: Jirachi|96\/100\n|cant|p2b: Jirachi|flinch\n|move|p1a: Sinistcha|Strength Sap|p2b: Jirachi\n|-unboost|p2b: Jirachi|atk|1\n|\n|-weather|none\n|upkeep\n|turn|15\n|\n|t:|1697588563\n|move|p1b: Grimmsnarl|Trick|p2b: Jirachi\n|-activate|p1b: Grimmsnarl|move: Trick|[of] p2b: Jirachi\n|-item|p2b: Jirachi|Lagging Tail|[from] move: Trick\n|-item|p1b: Grimmsnarl|Heavy-Duty Boots|[from] move: Trick\n|move|p2b: Jirachi|Calm Mind|p2b: Jirachi\n|-boost|p2b: Jirachi|spa|1\n|-boost|p2b: Jirachi|spd|1\n|move|p1a: Sinistcha|Life Dew||[still]|[spread] p1a,p1b\n|-fail|p1a: Sinistcha|heal\n|-heal|p1b: Grimmsnarl|83\/100\n|\n|upkeep\n|turn|16\n|\n|t:|1697588575\n|move|p1b: Grimmsnarl|Parting Shot|p2b: Jirachi\n|-unboost|p2b: Jirachi|atk|1\n|-unboost|p2b: Jirachi|spa|1\n|move|p1a: Sinistcha|Strength Sap|p2b: Jirachi\n|-unboost|p2b: Jirachi|atk|1\n|move|p2b: Jirachi|Psyshock|p1a: Sinistcha\n|-damage|p1a: Sinistcha|65\/100\n|\n|upkeep\n|turn|17\n|\n|t:|1697588594\n|move|p1b: Grimmsnarl|Parting Shot|p2b: Jirachi\n|-unboost|p2b: Jirachi|atk|1\n|-unboost|p2b: Jirachi|spa|1\n|move|p1a: Sinistcha|Strength Sap|p2b: Jirachi\n|-unboost|p2b: Jirachi|atk|1\n|-heal|p1a: Sinistcha|83\/100\n|move|p2b: Jirachi|Steel Beam|p1b: Grimmsnarl\n|-supereffective|p1b: Grimmsnarl\n|-damage|p1b: Grimmsnarl|0 fnt\n|-damage|p2b: Jirachi|46\/100|[from] steelbeam\n|faint|p1b: Grimmsnarl\n|\n|upkeep\n|turn|18\n|\n|t:|1697588606\n|move|p1a: Sinistcha|Scald|p2b: Jirachi\n|-damage|p2b: Jirachi|36\/100\n|move|p2b: Jirachi|Calm Mind|p2b: Jirachi\n|-boost|p2b: Jirachi|spa|1\n|-boost|p2b: Jirachi|spd|1\n|\n|upkeep\n|turn|19\n|\n|t:|1697588616\n|move|p1a: Sinistcha|Scald|p2b: Jirachi\n|-damage|p2b: Jirachi|27\/100\n|move|p2b: Jirachi|Psyshock|p1a: Sinistcha\n|-damage|p1a: Sinistcha|50\/100\n|\n|upkeep\n|turn|20\n|\n|t:|1697588628\n|move|p1a: Sinistcha|Scald|p2b: Jirachi\n|-damage|p2b: Jirachi|18\/100\n|-status|p2b: Jirachi|brn\n|move|p2b: Jirachi|Psyshock|p1a: Sinistcha\n|-damage|p1a: Sinistcha|13\/100\n|\n|-damage|p2b: Jirachi|12\/100 brn|[from] brn\n|upkeep\n|turn|21\n|\n|t:|1697588637\n|move|p1a: Sinistcha|Scald|p2b: Jirachi\n|-damage|p2b: Jirachi|3\/100 brn\n|move|p2b: Jirachi|Psyshock|p1a: Sinistcha\n|-damage|p1a: Sinistcha|0 fnt\n|faint|p1a: Sinistcha\n|\n|win|jazzcabbage2000\n|raw|pakiavatar9434's rating: 1136 &rarr; <strong>1116<\/strong><br \/>(-20 for losing)\n|raw|jazzcabbage2000's rating: 1205 &rarr; <strong>1225<\/strong><br \/>(+20 for winning)\n|c|\u2606jazzcabbage2000|gg\n|c|\u2606pakiavatar9434|gg\n|c|\u2606jazzcabbage2000|that was so clsoe\n|c|\u2606jazzcabbage2000|close\n","uploadtime":1697588655,"views":8,"p1id":"pakiavatar9434","p2id":"jazzcabbage2000","formatid":"gen9doublesou","rating":1116,"private":0,"password":""}