{"id":"gen9doublesou-1976942072","p1":"Invincible43","p2":"we up","format":"[Gen 9] Doubles OU","log":"|j|\u2606Invincible43\n|j|\u2606we up\n|inactive|Battle timer is ON: inactive players will automatically lose when time's up.\n|t:|1698354546\n|gametype|doubles\n|player|p1|Invincible43|shadowtriad|\n|player|p2|we up|caitlin-masters|\n|teamsize|p1|6\n|teamsize|p2|6\n|gen|9\n|tier|[Gen 9] Doubles OU\n|rated|Tournament battle\n|rule|Species Clause: Limit one of each Pok\u00e9mon\n|rule|OHKO Clause: OHKO moves are banned\n|rule|Evasion Moves Clause: Evasion moves are banned\n|rule|Gravity Sleep Clause: The combination of sleep-inducing moves with imperfect accuracy and Gravity or Gigantamax Orbeetle are banned\n|rule|Endless Battle Clause: Forcing endless battles is banned\n|rule|HP Percentage Mod: HP is shown in percentages\n|rule|2 Ability Clause: Limit 2 of each ability\n|clearpoke\n|poke|p1|Clefairy, F|\n|poke|p1|Kommo-o, M|\n|poke|p1|Rillaboom, M|\n|poke|p1|Landorus-Therian, M|\n|poke|p1|Ursaluna, F|\n|poke|p1|Sinistcha|\n|poke|p2|Ogerpon-Hearthflame, F|\n|poke|p2|Chien-Pao|\n|poke|p2|Dragonite, M|\n|poke|p2|Roaring Moon|\n|poke|p2|Flutter Mane|\n|poke|p2|Iron Hands|\n|teampreview\n|j|*Lady Monita \u263d\n|inactive|we up also wants the timer to be on.\n|\n|t:|1698354572\n|start\n|switch|p1a: Clefairy|Clefairy, F|100\/100\n|switch|p1b: Kommo-o|Kommo-o, M|100\/100\n|switch|p2a: Roaring Moon|Roaring Moon|100\/100\n|switch|p2b: Dragonite|Dragonite, M|100\/100\n|-ability|p2a: Roaring Moon|Sword of Ruin\n|turn|1\n|\n|t:|1698354586\n|move|p2b: Dragonite|Extreme Speed|p1b: Kommo-o\n|-supereffective|p1b: Kommo-o\n|-crit|p1b: Kommo-o\n|-damage|p1b: Kommo-o|0 fnt\n|faint|p1b: Kommo-o\n|move|p1a: Clefairy|Follow Me|p1a: Clefairy\n|-singleturn|p1a: Clefairy|move: Follow Me\n|move|p2a: Roaring Moon|Taunt|p1a: Clefairy\n|-start|p1a: Clefairy|move: Taunt\n|\n|upkeep\n|\n|t:|1698354597\n|switch|p1b: Rillaboom|Rillaboom, M|100\/100\n|-fieldstart|move: Grassy Terrain|[from] ability: Grassy Surge|[of] p1b: Rillaboom\n|turn|2\n|inactive|we up has 120 seconds left.\n|\n|t:|1698354648\n|move|p2b: Dragonite|Extreme Speed|p1b: Rillaboom\n|-supereffective|p1b: Rillaboom\n|-damage|p1b: Rillaboom|0 fnt\n|faint|p1b: Rillaboom\n|move|p2a: Roaring Moon|Knock Off|p1a: Clefairy\n|-resisted|p1a: Clefairy\n|-damage|p1a: Clefairy|77\/100\n|-enditem|p1a: Clefairy|Eviolite|[from] move: Knock Off|[of] p2a: Roaring Moon\n|-activate|p1a: Clefairy|move: Struggle\n|move|p1a: Clefairy|Struggle|p2b: Dragonite\n|-damage|p2b: Dragonite|95\/100\n|-damage|p1a: Clefairy|52\/100|[from] recoil\n|\n|-heal|p1a: Clefairy|58\/100|[from] Grassy Terrain\n|upkeep\n|\n|t:|1698354662\n|switch|p1b: Landorus|Landorus-Therian, M|100\/100\n|-ability|p1b: Landorus|Intimidate|boost\n|-unboost|p2a: Roaring Moon|atk|1\n|-unboost|p2b: Dragonite|atk|1\n|turn|3\n|inactive|we up has 120 seconds left.\n|inactive|we up has 90 seconds left.\n|\n|t:|1698354706\n|move|p2b: Dragonite|Extreme Speed|p1b: Landorus\n|-damage|p1b: Landorus|39\/100\n|move|p1b: Landorus|Rock Slide|p2b: Dragonite|[spread] p2a,p2b\n|-supereffective|p2b: Dragonite\n|-damage|p2a: Roaring Moon|78\/100\n|-damage|p2b: Dragonite|31\/100\n|move|p2a: Roaring Moon|Knock Off|p1b: Landorus\n|-damage|p1b: Landorus|4\/100\n|-enditem|p1b: Landorus|Choice Scarf|[from] move: Knock Off|[of] p2a: Roaring Moon\n|-activate|p1a: Clefairy|move: Struggle\n|move|p1a: Clefairy|Struggle|p2a: Roaring Moon\n|-damage|p2a: Roaring Moon|73\/100\n|-damage|p1a: Clefairy|33\/100|[from] recoil\n|\n|-heal|p2a: Roaring Moon|79\/100|[from] Grassy Terrain\n|-heal|p1a: Clefairy|39\/100|[from] Grassy Terrain\n|upkeep\n|turn|4\n|\n|t:|1698354713\n|move|p2b: Dragonite|Extreme Speed|p1a: Clefairy\n|-damage|p1a: Clefairy|0 fnt\n|faint|p1a: Clefairy\n|move|p2a: Roaring Moon|Knock Off|p1b: Landorus\n|-damage|p1b: Landorus|0 fnt\n|faint|p1b: Landorus\n|\n|-heal|p2a: Roaring Moon|85\/100|[from] Grassy Terrain\n|upkeep\n|\n|t:|1698354717\n|switch|p1b: Ursaluna|Ursaluna, F|100\/100\n|switch|p1a: Sinistcha|Sinistcha|100\/100\n|turn|5\n|\n|t:|1698354733\n|-terastallize|p1a: Sinistcha|Dark\n|move|p2b: Dragonite|Extreme Speed|p1a: Sinistcha\n|-damage|p1a: Sinistcha|32\/100\n|-enditem|p1a: Sinistcha|Sitrus Berry|[eat]\n|-heal|p1a: Sinistcha|57\/100|[from] item: Sitrus Berry\n|move|p2a: Roaring Moon|Knock Off|p1a: Sinistcha\n|-resisted|p1a: Sinistcha\n|-damage|p1a: Sinistcha|44\/100\n|move|p1b: Ursaluna|Swords Dance|p1b: Ursaluna\n|-boost|p1b: Ursaluna|atk|2\n|move|p1a: Sinistcha|Stun Spore|p2b: Dragonite\n|-status|p2b: Dragonite|par\n|\n|-heal|p2a: Roaring Moon|91\/100|[from] Grassy Terrain\n|-heal|p1a: Sinistcha|50\/100|[from] Grassy Terrain\n|-status|p1b: Ursaluna|brn|[from] item: Flame Orb\n|upkeep\n|turn|6\n|\n|t:|1698354752\n|move|p2b: Dragonite|Extreme Speed|p1a: Sinistcha\n|-damage|p1a: Sinistcha|0 fnt\n|faint|p1a: Sinistcha\n|move|p2a: Roaring Moon|Taunt|p1b: Ursaluna\n|-start|p1b: Ursaluna|move: Taunt\n|move|p1b: Ursaluna|Facade|p2b: Dragonite\n|-damage|p2b: Dragonite|0 fnt\n|faint|p2b: Dragonite\n|\n|-heal|p2a: Roaring Moon|97\/100|[from] Grassy Terrain\n|-damage|p1b: Ursaluna|94\/100 brn|[from] brn\n|-fieldend|move: Grassy Terrain\n|upkeep\n|\n|t:|1698354758\n|switch|p2b: Ogerpon|Ogerpon-Hearthflame, F|100\/100\n|-weather|SunnyDay|[from] ability: Orichalcum Pulse|[of] p2b: Ogerpon\n|-activate|p2b: Ogerpon|Orichalcum Pulse|[source]\n|turn|7\n|\n|t:|1698354765\n|-terastallize|p2b: Ogerpon|Fire\n|detailschange|p2b: Ogerpon|Ogerpon-Hearthflame-Tera, F, tera:Fire\n|-ability|p2b: Ogerpon|Embody Aspect (Hearthflame)|boost\n|-boost|p2b: Ogerpon|atk|1\n|move|p2a: Roaring Moon|Knock Off|p1b: Ursaluna\n|-damage|p1b: Ursaluna|65\/100 brn\n|-enditem|p1b: Ursaluna|Flame Orb|[from] move: Knock Off|[of] p2a: Roaring Moon\n|move|p2b: Ogerpon|Ivy Cudgel|p1b: Ursaluna\n|-damage|p1b: Ursaluna|0 fnt\n|faint|p1b: Ursaluna\n|\n|win|we up\n|n|\u2606Invincible43|invincible43\n|n|\u2606we up|weup\n|n|*Lady Monita \u263d|ladymonita\n","uploadtime":1698354766,"views":23,"p1id":"invincible43","p2id":"weup","formatid":"gen9doublesou","rating":0,"private":0,"password":""}