{"id":"gen9doublesou-1972473651","p1":"Crona212","p2":"Laughs2Giggles","format":"[Gen 9] Doubles OU","log":"|j|\u2606Crona212\n|j|\u2606Laughs2Giggles\n|t:|1697846850\n|gametype|doubles\n|player|p1|Crona212|1|1085\n|player|p2|Laughs2Giggles|flint|1144\n|teamsize|p1|6\n|teamsize|p2|6\n|gen|9\n|tier|[Gen 9] Doubles OU\n|rated|\n|rule|Species Clause: Limit one of each Pok\u00e9mon\n|rule|OHKO Clause: OHKO moves are banned\n|rule|Evasion Moves Clause: Evasion moves are banned\n|rule|Gravity Sleep Clause: The combination of sleep-inducing moves with imperfect accuracy and Gravity or Gigantamax Orbeetle are banned\n|rule|Endless Battle Clause: Forcing endless battles is banned\n|rule|HP Percentage Mod: HP is shown in percentages\n|clearpoke\n|poke|p1|Torkoal, F|\n|poke|p1|Walking Wake|\n|poke|p1|Cinderace, M|\n|poke|p1|Iron Moth|\n|poke|p1|Toxapex, M|\n|poke|p1|Roaring Moon|\n|poke|p2|Typhlosion-Hisui, F|\n|poke|p2|Tornadus, M|\n|poke|p2|Walking Wake|\n|poke|p2|Torkoal, M|\n|poke|p2|Flutter Mane|\n|poke|p2|Rillaboom, F|\n|teampreview\n|inactive|Battle timer is ON: inactive players will automatically lose when time's up. (requested by Laughs2Giggles)\n|\n|t:|1697846870\n|start\n|switch|p1a: Toxapex|Toxapex, M|100\/100\n|switch|p1b: Cinderace|Cinderace, M|100\/100\n|switch|p2a: Tornadus|Tornadus, M|100\/100\n|switch|p2b: Walking Wake|Walking Wake|100\/100\n|turn|1\n|\n|t:|1697846881\n|move|p2b: Walking Wake|Protect|p2b: Walking Wake\n|-singleturn|p2b: Walking Wake|Protect\n|move|p2a: Tornadus|Tailwind|p2a: Tornadus\n|-sidestart|p2: Laughs2Giggles|move: Tailwind\n|move|p1b: Cinderace|U-turn|p2a: Tornadus\n|-start|p1b: Cinderace|typechange|Bug|[from] ability: Libero\n|-resisted|p2a: Tornadus\n|-damage|p2a: Tornadus|84\/100\n|\n|t:|1697846897\n|switch|p1b: Roaring Moon|Roaring Moon|100\/100|[from] U-turn\n|move|p1a: Toxapex|Toxic Spikes|p2b: Walking Wake\n|-sidestart|p2: Laughs2Giggles|move: Toxic Spikes\n|\n|upkeep\n|turn|2\n|\n|t:|1697846916\n|move|p2a: Tornadus|Sunny Day|p2a: Tornadus\n|-weather|SunnyDay\n|-activate|p2b: Walking Wake|ability: Protosynthesis\n|-start|p2b: Walking Wake|protosynthesisspa\n|-activate|p1b: Roaring Moon|ability: Protosynthesis\n|-start|p1b: Roaring Moon|protosynthesisspe\n|move|p2b: Walking Wake|Dragon Pulse|p1b: Roaring Moon\n|-supereffective|p1b: Roaring Moon\n|-damage|p1b: Roaring Moon|10\/100\n|move|p1b: Roaring Moon|Dragon Dance|p1b: Roaring Moon\n|-boost|p1b: Roaring Moon|atk|1\n|-boost|p1b: Roaring Moon|spe|1\n|move|p1a: Toxapex|Toxic Spikes|p2a: Tornadus\n|-sidestart|p2: Laughs2Giggles|move: Toxic Spikes\n|\n|-weather|SunnyDay|[upkeep]\n|-heal|p1b: Roaring Moon|16\/100|[from] item: Leftovers\n|upkeep\n|turn|3\n|\n|t:|1697846939\n|move|p2b: Walking Wake|Protect|p2b: Walking Wake\n|-singleturn|p2b: Walking Wake|Protect\n|move|p1b: Roaring Moon|Dragon Claw|p2b: Walking Wake\n|-activate|p2b: Walking Wake|move: Protect\n|move|p2a: Tornadus|Bleakwind Storm|p1b: Roaring Moon|[spread] p1a,p1b\n|-damage|p1a: Toxapex|74\/100\n|-damage|p1b: Roaring Moon|0 fnt\n|faint|p1b: Roaring Moon\n|-end|p1b: Roaring Moon|Protosynthesis|[silent]\n|move|p1a: Toxapex|Sludge Bomb|p2a: Tornadus\n|-damage|p2a: Tornadus|62\/100\n|\n|-weather|SunnyDay|[upkeep]\n|upkeep\n|\n|t:|1697846953\n|switch|p1b: Cinderace|Cinderace, M|100\/100\n|turn|4\n|\n|t:|1697846964\n|move|p2a: Tornadus|Taunt|p1a: Toxapex\n|-start|p1a: Toxapex|move: Taunt\n|move|p2b: Walking Wake|Hydro Steam|p1b: Cinderace\n|-supereffective|p1b: Cinderace\n|-damage|p1b: Cinderace|0 fnt\n|faint|p1b: Cinderace\n|move|p1a: Toxapex|Sludge Bomb|p2a: Tornadus\n|-damage|p2a: Tornadus|39\/100\n|\n|-weather|SunnyDay|[upkeep]\n|-sideend|p2: Laughs2Giggles|move: Tailwind\n|upkeep\n|\n|t:|1697846977\n|switch|p1b: Iron Moth|Iron Moth|100\/100\n|-enditem|p1b: Iron Moth|Booster Energy\n|-activate|p1b: Iron Moth|ability: Quark Drive|[fromitem]\n|-start|p1b: Iron Moth|quarkdrivespa\n|turn|5\n|\n|t:|1697846984\n|move|p2a: Tornadus|Tailwind|p2a: Tornadus\n|-sidestart|p2: Laughs2Giggles|move: Tailwind\n|move|p2b: Walking Wake|Hydro Steam|p1b: Iron Moth\n|-supereffective|p1b: Iron Moth\n|-crit|p1b: Iron Moth\n|-damage|p1b: Iron Moth|0 fnt\n|faint|p1b: Iron Moth\n|-end|p1b: Iron Moth|Quark Drive|[silent]\n|move|p1a: Toxapex|Sludge Bomb|p2a: Tornadus\n|-damage|p2a: Tornadus|18\/100\n|\n|-weather|SunnyDay|[upkeep]\n|upkeep\n|-message|Crona212 forfeited.\n|\n|win|Laughs2Giggles\n|raw|Crona212's rating: 1085 &rarr; <strong>1066<\/strong><br \/>(-19 for losing)\n|raw|Laughs2Giggles's rating: 1144 &rarr; <strong>1165<\/strong><br \/>(+21 for winning)\n|l|\u2606Crona212\n","uploadtime":1697846998,"views":18,"p1id":"crona212","p2id":"laughs2giggles","formatid":"gen9doublesou","rating":1066,"private":0,"password":""}