{"id":"gen9doublesou-1985090977","p1":"jumpingjordan","p2":"Light kitten","format":"[Gen 9] Doubles OU","log":"|j|\u2606jumpingjordan\n|j|\u2606Light kitten\n|t:|1699329600\n|gametype|doubles\n|player|p1|jumpingjordan|lucas|1000\n|player|p2|Light kitten|169|1080\n|teamsize|p1|6\n|teamsize|p2|6\n|gen|9\n|tier|[Gen 9] Doubles OU\n|rated|\n|rule|Species Clause: Limit one of each Pok\u00e9mon\n|rule|OHKO Clause: OHKO moves are banned\n|rule|Evasion Moves Clause: Evasion moves are banned\n|rule|Gravity Sleep Clause: The combination of sleep-inducing moves with imperfect accuracy and Gravity or Gigantamax Orbeetle are banned\n|rule|Endless Battle Clause: Forcing endless battles is banned\n|rule|HP Percentage Mod: HP is shown in percentages\n|clearpoke\n|poke|p1|Snorlax, F|\n|poke|p1|Sinistcha-Masterpiece|\n|poke|p1|Iron Hands|\n|poke|p1|Landorus-Therian, M|\n|poke|p1|Clefairy, M|\n|poke|p1|Kommo-o, F|\n|poke|p2|Iron Bundle|\n|poke|p2|Ogerpon-Hearthflame, F|\n|poke|p2|Iron Hands|\n|poke|p2|Meowscarada, M|\n|poke|p2|Chien-Pao|\n|poke|p2|Grimmsnarl, M|\n|teampreview\n|\n|t:|1699329612\n|start\n|switch|p1a: Snorlax|Snorlax, F|100\/100\n|switch|p1b: Landorus|Landorus-Therian, M|100\/100\n|switch|p2a: Iron Bundle|Iron Bundle|100\/100\n|switch|p2b: Grimmsnarl|Grimmsnarl, M|100\/100\n|-ability|p1b: Landorus|Intimidate|boost\n|-unboost|p2a: Iron Bundle|atk|1\n|-unboost|p2b: Grimmsnarl|atk|1\n|-enditem|p2a: Iron Bundle|Booster Energy\n|-activate|p2a: Iron Bundle|ability: Quark Drive|[fromitem]\n|-start|p2a: Iron Bundle|quarkdrivespa\n|turn|1\n|\n|t:|1699329645\n|switch|p1b: Clefairy|Clefairy, M|100\/100\n|move|p2b: Grimmsnarl|Reflect|p2b: Grimmsnarl\n|-sidestart|p2: Light kitten|Reflect\n|move|p2a: Iron Bundle|Icy Wind|p1a: Snorlax|[spread] p1a,p1b\n|-damage|p1a: Snorlax|94\/100\n|-damage|p1b: Clefairy|78\/100\n|-unboost|p1a: Snorlax|spe|1\n|-unboost|p1b: Clefairy|spe|1\n|move|p1a: Snorlax|Belly Drum|p1a: Snorlax\n|-damage|p1a: Snorlax|44\/100\n|-setboost|p1a: Snorlax|atk|6|[from] move: Belly Drum\n|-enditem|p1a: Snorlax|Sitrus Berry|[eat]\n|-heal|p1a: Snorlax|69\/100|[from] item: Sitrus Berry\n|\n|upkeep\n|turn|2\n|\n|t:|1699329676\n|move|p1b: Clefairy|Follow Me|p1b: Clefairy\n|-singleturn|p1b: Clefairy|move: Follow Me\n|move|p2b: Grimmsnarl|Thunder Wave|p1b: Clefairy\n|-status|p1b: Clefairy|par\n|move|p2a: Iron Bundle|Icy Wind|p1a: Snorlax|[spread] p1a,p1b\n|-damage|p1a: Snorlax|63\/100\n|-damage|p1b: Clefairy|57\/100 par\n|-unboost|p1a: Snorlax|spe|1\n|-unboost|p1b: Clefairy|spe|1\n|move|p1a: Snorlax|High Horsepower|p2b: Grimmsnarl\n|-damage|p2b: Grimmsnarl|6\/100\n|\n|-heal|p2b: Grimmsnarl|12\/100|[from] item: Leftovers\n|upkeep\n|turn|3\n|\n|t:|1699329709\n|move|p1b: Clefairy|Helping Hand|p1a: Snorlax\n|-singleturn|p1a: Snorlax|Helping Hand|[of] p1b: Clefairy\n|move|p2b: Grimmsnarl|Light Screen|p2b: Grimmsnarl\n|-sidestart|p2: Light kitten|move: Light Screen\n|move|p2a: Iron Bundle|Icy Wind|p1a: Snorlax|[spread] p1a,p1b\n|-damage|p1a: Snorlax|57\/100\n|-damage|p1b: Clefairy|32\/100 par\n|-unboost|p1a: Snorlax|spe|1\n|-unboost|p1b: Clefairy|spe|1\n|move|p1a: Snorlax|High Horsepower|p2a: Iron Bundle\n|-damage|p2a: Iron Bundle|0 fnt\n|faint|p2a: Iron Bundle\n|-end|p2a: Iron Bundle|Quark Drive|[silent]\n|\n|-heal|p2b: Grimmsnarl|19\/100|[from] item: Leftovers\n|upkeep\n|\n|t:|1699329722\n|switch|p2a: Chien-Pao|Chien-Pao|100\/100\n|-ability|p2a: Chien-Pao|Sword of Ruin\n|turn|4\n|\n|t:|1699329740\n|switch|p1b: Sinistcha|Sinistcha-Masterpiece|100\/100\n|-heal|p1a: Snorlax|81\/100|[from] ability: Hospitality|[of] p1b: Sinistcha\n|move|p2b: Grimmsnarl|Thunder Wave|p1a: Snorlax\n|-status|p1a: Snorlax|par\n|move|p2a: Chien-Pao|Sacred Sword|p1a: Snorlax\n|-supereffective|p1a: Snorlax\n|-damage|p1a: Snorlax|19\/100 par\n|move|p1a: Snorlax|High Horsepower|p2a: Chien-Pao\n|-enditem|p2a: Chien-Pao|Focus Sash\n|-damage|p2a: Chien-Pao|1\/100\n|\n|-heal|p2b: Grimmsnarl|25\/100|[from] item: Leftovers\n|upkeep\n|turn|5\n|\n|t:|1699329763\n|move|p1a: Snorlax|Protect|p1a: Snorlax\n|-singleturn|p1a: Snorlax|Protect\n|move|p2b: Grimmsnarl|Thunder Wave|p1b: Sinistcha\n|-status|p1b: Sinistcha|par\n|move|p2a: Chien-Pao|Sacred Sword|p1a: Snorlax\n|-activate|p1a: Snorlax|move: Protect\n|cant|p1b: Sinistcha|par\n|\n|-heal|p2b: Grimmsnarl|31\/100|[from] item: Leftovers\n|-sideend|p2: Light kitten|Reflect\n|upkeep\n|turn|6\n|\n|t:|1699329780\n|move|p1a: Snorlax|Protect||[still]\n|-fail|p1a: Snorlax\n|move|p2b: Grimmsnarl|Reflect|p2b: Grimmsnarl\n|-sidestart|p2: Light kitten|Reflect\n|move|p2a: Chien-Pao|Sacred Sword|p1a: Snorlax\n|-supereffective|p1a: Snorlax\n|-damage|p1a: Snorlax|0 fnt\n|faint|p1a: Snorlax\n|cant|p1b: Sinistcha|par\n|\n|-heal|p2b: Grimmsnarl|37\/100|[from] item: Leftovers\n|upkeep\n|\n|t:|1699329798\n|switch|p1a: Iron Hands|Iron Hands|100\/100\n|turn|7\n|\n|t:|1699329819\n|switch|p1b: Landorus|Landorus-Therian, M|100\/100\n|-ability|p1b: Landorus|Intimidate|boost\n|-unboost|p2a: Chien-Pao|atk|1\n|-unboost|p2b: Grimmsnarl|atk|1\n|move|p2a: Chien-Pao|Protect|p2a: Chien-Pao\n|-singleturn|p2a: Chien-Pao|Protect\n|move|p2b: Grimmsnarl|Spirit Break|p1a: Iron Hands\n|-supereffective|p1a: Iron Hands\n|-damage|p1a: Iron Hands|74\/100\n|-unboost|p1a: Iron Hands|spa|1\n|move|p1a: Iron Hands|Heavy Slam|p2a: Chien-Pao\n|-activate|p2a: Chien-Pao|move: Protect\n|\n|-heal|p2b: Grimmsnarl|43\/100|[from] item: Leftovers\n|-sideend|p2: Light kitten|move: Light Screen\n|upkeep\n|turn|8\n|\n|t:|1699329841\n|move|p1b: Landorus|Stomping Tantrum|p2b: Grimmsnarl\n|-damage|p2b: Grimmsnarl|0 fnt\n|faint|p2b: Grimmsnarl\n|move|p2a: Chien-Pao|Ice Spinner|p1b: Landorus\n|-supereffective|p1b: Landorus\n|-damage|p1b: Landorus|0 fnt\n|faint|p1b: Landorus\n|move|p1a: Iron Hands|Heavy Slam|p2a: Chien-Pao\n|-supereffective|p2a: Chien-Pao\n|-damage|p2a: Chien-Pao|0 fnt\n|faint|p2a: Chien-Pao\n|\n|upkeep\n|\n|t:|1699329854\n|switch|p2a: Iron Hands|Iron Hands|100\/100\n|switch|p1b: Sinistcha|Sinistcha-Masterpiece|100\/100 par\n|switch|p2b: Ogerpon|Ogerpon-Hearthflame, F|100\/100\n|-ability|p2b: Ogerpon|Mold Breaker\n|-heal|p1a: Iron Hands|99\/100|[from] ability: Hospitality|[of] p1b: Sinistcha\n|turn|9\n|\n|t:|1699329886\n|-terastallize|p2b: Ogerpon|Fire\n|detailschange|p2b: Ogerpon|Ogerpon-Hearthflame-Tera, F, tera:Fire\n|-ability|p2b: Ogerpon|Embody Aspect (Hearthflame)|boost\n|-boost|p2b: Ogerpon|atk|1\n|move|p2a: Iron Hands|Fake Out|p1b: Sinistcha\n|-immune|p1b: Sinistcha\n|move|p2b: Ogerpon|Ivy Cudgel|p1a: Iron Hands\n|-damage|p1a: Iron Hands|11\/100\n|move|p1a: Iron Hands|Wild Charge|p2b: Ogerpon\n|-damage|p2b: Ogerpon|54\/100\n|-damage|p1a: Iron Hands|3\/100|[from] Recoil\n|move|p1b: Sinistcha|Trick Room|p1b: Sinistcha\n|-fieldstart|move: Trick Room|[of] p1b: Sinistcha\n|\n|upkeep\n|turn|10\n|\n|t:|1699329907\n|move|p2b: Ogerpon|Spiky Shield|p2b: Ogerpon\n|-singleturn|p2b: Ogerpon|move: Protect\n|cant|p1b: Sinistcha|par\n|move|p2a: Iron Hands|Drain Punch|p1a: Iron Hands\n|-damage|p1a: Iron Hands|0 fnt\n|faint|p1a: Iron Hands\n|-end|p1a: Iron Hands|Quark Drive|[silent]\n|\n|-sideend|p2: Light kitten|Reflect\n|upkeep\n|\n|t:|1699329916\n|switch|p1a: Kommo-o|Kommo-o, F|100\/100\n|turn|11\n|\n|t:|1699329937\n|move|p1b: Sinistcha|Rage Powder|p1b: Sinistcha\n|-singleturn|p1b: Sinistcha|move: Rage Powder\n|move|p2a: Iron Hands|Drain Punch|p1b: Sinistcha\n|-immune|p1b: Sinistcha\n|move|p1a: Kommo-o|Clangorous Soul|p1a: Kommo-o\n|-boost|p1a: Kommo-o|atk|1\n|-boost|p1a: Kommo-o|def|1\n|-boost|p1a: Kommo-o|spa|1\n|-boost|p1a: Kommo-o|spd|1\n|-boost|p1a: Kommo-o|spe|1\n|-damage|p1a: Kommo-o|68\/100\n|-enditem|p1a: Kommo-o|Throat Spray\n|-boost|p1a: Kommo-o|spa|1|[from] item: Throat Spray\n|move|p2b: Ogerpon|Ivy Cudgel|p1b: Sinistcha\n|-supereffective|p1b: Sinistcha\n|-damage|p1b: Sinistcha|0 fnt\n|faint|p1b: Sinistcha\n|\n|upkeep\n|\n|t:|1699329951\n|switch|p1b: Clefairy|Clefairy, M|32\/100 par\n|turn|12\n|\n|t:|1699329970\n|move|p1b: Clefairy|Follow Me|p1b: Clefairy\n|-singleturn|p1b: Clefairy|move: Follow Me\n|move|p2a: Iron Hands|Drain Punch|p1b: Clefairy\n|-resisted|p1b: Clefairy\n|-damage|p1b: Clefairy|11\/100 par\n|move|p2b: Ogerpon|Ivy Cudgel|p1b: Clefairy\n|-damage|p1b: Clefairy|0 fnt\n|faint|p1b: Clefairy\n|move|p1a: Kommo-o|Clanging Scales|p2a: Iron Hands|[spread] p2a,p2b\n|-damage|p2a: Iron Hands|31\/100\n|-damage|p2b: Ogerpon|0 fnt\n|faint|p2b: Ogerpon\n|-unboost|p1a: Kommo-o|def|1\n|\n|-heal|p2a: Iron Hands|38\/100|[from] item: Leftovers\n|upkeep\n|\n|t:|1699329981\n|switch|p2b: Meowscarada|Meowscarada, M|100\/100\n|turn|13\n|\n|t:|1699330026\n|-terastallize|p1a: Kommo-o|Steel\n|move|p2b: Meowscarada|Sucker Punch|p1a: Kommo-o\n|-start|p2b: Meowscarada|typechange|Dark|[from] ability: Protean\n|-damage|p1a: Kommo-o|41\/100\n|move|p2a: Iron Hands|Drain Punch|p1a: Kommo-o\n|-supereffective|p1a: Kommo-o\n|-damage|p1a: Kommo-o|0 fnt\n|-heal|p2a: Iron Hands|51\/100|[from] drain|[of] p1a: Kommo-o\n|faint|p1a: Kommo-o\n|\n|win|Light kitten\n|raw|jumpingjordan's rating: 1000 &rarr; <strong>1000<\/strong><br \/>(+0 for losing)\n|raw|Light kitten's rating: 1080 &rarr; <strong>1102<\/strong><br \/>(+22 for winning)\n|l|\u2606jumpingjordan\n","uploadtime":1699330097,"views":11,"p1id":"jumpingjordan","p2id":"lightkitten","formatid":"gen9doublesou","rating":1000,"private":0,"password":""}