{"id":"gen9doublesou-1968852630","p1":"VikrThe","p2":"Kiri*Spirit","format":"[Gen 9] Doubles OU","log":"|j|\u2606VikrThe\n|j|\u2606Kiri*Spirit\n|t:|1697470133\n|gametype|doubles\n|player|p1|VikrThe|2|1277\n|player|p2|Kiri*Spirit|elio|1234\n|teamsize|p1|6\n|teamsize|p2|6\n|gen|9\n|tier|[Gen 9] Doubles OU\n|rated|\n|rule|Species Clause: Limit one of each Pok\u00e9mon\n|rule|OHKO Clause: OHKO moves are banned\n|rule|Evasion Moves Clause: Evasion moves are banned\n|rule|Gravity Sleep Clause: The combination of sleep-inducing moves with imperfect accuracy and Gravity or Gigantamax Orbeetle are banned\n|rule|Endless Battle Clause: Forcing endless battles is banned\n|rule|HP Percentage Mod: HP is shown in percentages\n|clearpoke\n|poke|p1|Ogerpon-Hearthflame, F|\n|poke|p1|Torkoal, F|\n|poke|p1|Flutter Mane|\n|poke|p1|Lilligant-Hisui, F|\n|poke|p1|Talonflame, F|\n|poke|p1|Walking Wake|\n|poke|p2|Charizard, M|\n|poke|p2|Ninetales, M|\n|poke|p2|Flareon, F|\n|poke|p2|Ceruledge, F|\n|poke|p2|Chandelure, M|\n|poke|p2|Heatran, M|\n|teampreview\n|\n|t:|1697470185\n|start\n|switch|p1a: Torkoal|Torkoal, F|100\/100\n|switch|p1b: Walking Wake|Walking Wake|100\/100\n|switch|p2a: Ninetales|Ninetales, M|100\/100\n|switch|p2b: Heatran|Heatran, M|100\/100\n|-weather|SunnyDay|[from] ability: Drought|[of] p1a: Torkoal\n|-activate|p1b: Walking Wake|ability: Protosynthesis\n|-start|p1b: Walking Wake|protosynthesisspa\n|turn|1\n|\n|t:|1697470204\n|move|p1b: Walking Wake|Hydro Steam|p2a: Ninetales\n|-supereffective|p2a: Ninetales\n|-damage|p2a: Ninetales|0 fnt\n|faint|p2a: Ninetales\n|move|p2b: Heatran|Lava Plume|p1b: Walking Wake|[spread] p1a,p1b\n|-resisted|p1a: Torkoal\n|-resisted|p1b: Walking Wake\n|-damage|p1a: Torkoal|65\/100\n|-damage|p1b: Walking Wake|86\/100\n|-status|p1b: Walking Wake|brn\n|move|p1a: Torkoal|Earth Power|p2b: Heatran\n|-supereffective|p2b: Heatran\n|-damage|p2b: Heatran|32\/100\n|\n|-weather|SunnyDay|[upkeep]\n|-damage|p1b: Walking Wake|80\/100 brn|[from] brn\n|upkeep\n|\n|t:|1697470217\n|switch|p2a: Flareon|Flareon, F|100\/100\n|turn|2\n|\n|t:|1697470241\n|move|p1b: Walking Wake|Hydro Steam|p2a: Flareon\n|-supereffective|p2a: Flareon\n|-damage|p2a: Flareon|0 fnt\n|faint|p2a: Flareon\n|move|p2b: Heatran|Ancient Power|p1a: Torkoal\n|-supereffective|p1a: Torkoal\n|-damage|p1a: Torkoal|3\/100\n|move|p1a: Torkoal|Earth Power|p2b: Heatran\n|-supereffective|p2b: Heatran\n|-damage|p2b: Heatran|0 fnt\n|faint|p2b: Heatran\n|\n|-weather|SunnyDay|[upkeep]\n|-damage|p1b: Walking Wake|73\/100 brn|[from] brn\n|upkeep\n|\n|t:|1697470255\n|switch|p2a: Ceruledge|Ceruledge, F|100\/100\n|switch|p2b: Charizard|Charizard, M|100\/100\n|turn|3\n|\n|t:|1697470275\n|move|p1a: Torkoal|Protect|p1a: Torkoal\n|-singleturn|p1a: Torkoal|Protect\n|move|p1b: Walking Wake|Hydro Steam|p2b: Charizard\n|-supereffective|p2b: Charizard\n|-damage|p2b: Charizard|0 fnt\n|faint|p2b: Charizard\n|move|p2a: Ceruledge|Flame Charge|p1a: Torkoal\n|-activate|p1a: Torkoal|move: Protect\n|\n|-weather|SunnyDay|[upkeep]\n|-damage|p1b: Walking Wake|67\/100 brn|[from] brn\n|upkeep\n|\n|t:|1697470278\n|switch|p2b: Chandelure|Chandelure, M|100\/100\n|turn|4\n|\n|t:|1697470292\n|move|p1b: Walking Wake|Hydro Steam|p2a: Ceruledge\n|-supereffective|p2a: Ceruledge\n|-damage|p2a: Ceruledge|0 fnt\n|faint|p2a: Ceruledge\n|move|p2b: Chandelure|Trick|p1b: Walking Wake\n|-activate|p2b: Chandelure|move: Trick|[of] p1b: Walking Wake\n|-item|p1b: Walking Wake|Toxic Orb|[from] move: Trick\n|-item|p2b: Chandelure|Choice Specs|[from] move: Trick\n|move|p1a: Torkoal|Earth Power|p2b: Chandelure\n|-supereffective|p2b: Chandelure\n|-damage|p2b: Chandelure|33\/100\n|\n|-weather|SunnyDay|[upkeep]\n|-damage|p1b: Walking Wake|61\/100 brn|[from] brn\n|upkeep\n|turn|5\n|\n|t:|1697470310\n|move|p1b: Walking Wake|Hydro Steam|p2b: Chandelure\n|-supereffective|p2b: Chandelure\n|-damage|p2b: Chandelure|0 fnt\n|faint|p2b: Chandelure\n|\n|win|VikrThe\n|raw|VikrThe's rating: 1277 &rarr; <strong>1299<\/strong><br \/>(+22 for winning)\n|raw|Kiri*Spirit's rating: 1234 &rarr; <strong>1212<\/strong><br \/>(-22 for losing)\n|l|\u2606Kiri*Spirit\n","uploadtime":1697470314,"views":28,"p1id":"vikrthe","p2id":"kirispirit","formatid":"gen9doublesou","rating":1212,"private":0,"password":""}