{"id":"gen9doublesou-1974444076","p1":"AtomBomb69","p2":"TigerSpace02","format":"[Gen 9] Doubles OU","log":"|j|\u2606AtomBomb69\n|j|\u2606TigerSpace02\n|t:|1698087473\n|gametype|doubles\n|player|p1|AtomBomb69|swimmerf-gen4|\n|player|p2|TigerSpace02|blackbelt-gen4dp|\n|teamsize|p1|6\n|teamsize|p2|6\n|gen|9\n|tier|[Gen 9] Doubles OU\n|rule|Species Clause: Limit one of each Pok\u00e9mon\n|rule|OHKO Clause: OHKO moves are banned\n|rule|Evasion Moves Clause: Evasion moves are banned\n|rule|Gravity Sleep Clause: The combination of sleep-inducing moves with imperfect accuracy and Gravity or Gigantamax Orbeetle are banned\n|rule|Endless Battle Clause: Forcing endless battles is banned\n|rule|HP Percentage Mod: HP is shown in percentages\n|clearpoke\n|poke|p1|Diancie|\n|poke|p1|Landorus-Therian, M|\n|poke|p1|Iron Hands|\n|poke|p1|Rillaboom, F|\n|poke|p1|Volcanion|\n|poke|p1|Cresselia, F|\n|poke|p2|Cresselia, F|\n|poke|p2|Diancie|\n|poke|p2|Ursaluna, F|\n|poke|p2|Volcanion|\n|poke|p2|Regidrago|\n|poke|p2|Kleavor, F|\n|teampreview\n|inactive|Battle timer is ON: inactive players will automatically lose when time's up. (requested by AtomBomb69)\n|c|\u2606TigerSpace02|glhf!\n|\n|t:|1698087497\n|start\n|switch|p1a: Iron Hands|Iron Hands|100\/100\n|switch|p1b: Rillaboom|Rillaboom, F|100\/100\n|switch|p2a: Cresselia|Cresselia, F, shiny|100\/100\n|switch|p2b: Volcanion|Volcanion|100\/100\n|-fieldstart|move: Grassy Terrain|[from] ability: Grassy Surge|[of] p1b: Rillaboom\n|turn|1\n|\n|t:|1698087522\n|move|p1a: Iron Hands|Fake Out|p2b: Volcanion\n|-crit|p2b: Volcanion\n|-damage|p2b: Volcanion|80\/100\n|move|p1b: Rillaboom|U-turn|p2a: Cresselia\n|-supereffective|p2a: Cresselia\n|-damage|p2a: Cresselia|68\/100\n|\n|t:|1698087535\n|switch|p1b: Splash meh|Volcanion|100\/100|[from] U-turn\n|move|p2a: Cresselia|Ice Beam|p1b: Splash meh\n|-resisted|p1b: Splash meh\n|-damage|p1b: Splash meh|97\/100\n|cant|p2b: Volcanion|flinch\n|\n|-heal|p2b: Volcanion|86\/100|[from] Grassy Terrain\n|-heal|p1b: Splash meh|100\/100|[from] Grassy Terrain\n|upkeep\n|turn|2\n|\n|t:|1698087563\n|move|p2a: Cresselia|Lunar Blessing|p2a: Cresselia|[spread] p2a,p2b\n|-heal|p2a: Cresselia|93\/100\n|-heal|p2b: Volcanion|100\/100\n|move|p2b: Volcanion|Earth Power|p1b: Splash meh\n|-supereffective|p1b: Splash meh\n|-damage|p1b: Splash meh|26\/100\n|-enditem|p1b: Splash meh|Weakness Policy\n|-boost|p1b: Splash meh|atk|2|[from] item: Weakness Policy\n|-boost|p1b: Splash meh|spa|2|[from] item: Weakness Policy\n|move|p1b: Splash meh|Earth Power|p2b: Volcanion\n|-supereffective|p2b: Volcanion\n|-damage|p2b: Volcanion|0 fnt\n|faint|p2b: Volcanion\n|move|p1a: Iron Hands|Wild Charge|p2a: Cresselia\n|-damage|p2a: Cresselia|53\/100\n|-damage|p1a: Iron Hands|92\/100|[from] Recoil\n|\n|-heal|p1b: Splash meh|32\/100|[from] Grassy Terrain\n|-heal|p1a: Iron Hands|98\/100|[from] Grassy Terrain\n|upkeep\n|inactive|TigerSpace02 has 270 seconds left.\n|\n|t:|1698087581\n|switch|p2b: Regidrago|Regidrago|100\/100\n|turn|3\n|\n|t:|1698087595\n|-end|p1a: Iron Hands|Quark Drive|[silent]\n|switch|p1a: Diancie|Diancie, shiny|100\/100\n|move|p2b: Regidrago|Dragon Energy|p1a: Diancie|[spread] p1b\n|-immune|p1a: Diancie\n|-damage|p1b: Splash meh|0 fnt\n|faint|p1b: Splash meh\n|move|p2a: Cresselia|Lunar Blessing|p2a: Cresselia|[spread] p2a,p2b\n|-heal|p2a: Cresselia|78\/100\n|\n|upkeep\n|\n|t:|1698087610\n|switch|p1b: Iron Hands|Iron Hands|98\/100\n|turn|4\n|\n|t:|1698087639\n|switch|p2b: Ursaluna|Ursaluna, F, shiny|100\/100\n|move|p1b: Iron Hands|Fake Out|p2b: Ursaluna\n|-damage|p2b: Ursaluna|89\/100\n|move|p1a: Diancie|Draining Kiss|p2b: Ursaluna\n|-damage|p2b: Ursaluna|75\/100\n|move|p2a: Cresselia|Trick Room|p2a: Cresselia\n|-fieldstart|move: Trick Room|[of] p2a: Cresselia\n|\n|-heal|p2b: Ursaluna|81\/100|[from] Grassy Terrain\n|-heal|p1b: Iron Hands|100\/100|[from] Grassy Terrain\n|-status|p2b: Ursaluna|brn|[from] item: Flame Orb\n|upkeep\n|turn|5\n|\n|t:|1698087663\n|-terastallize|p1a: Diancie|Grass\n|move|p2a: Cresselia|Ally Switch|p2a: Cresselia\n|swap|p2a: Cresselia|1|[from] move: Ally Switch\n|move|p2a: Ursaluna|Swords Dance|p2a: Ursaluna\n|-boost|p2a: Ursaluna|atk|2\n|move|p1a: Diancie|Diamond Storm|p2a: Ursaluna|[spread] p2a,p2b\n|-resisted|p2a: Ursaluna\n|-damage|p2a: Ursaluna|72\/100 brn\n|-damage|p2b: Cresselia|58\/100\n|move|p1b: Iron Hands|Drain Punch|p2b: Cresselia\n|-resisted|p2b: Cresselia\n|-damage|p2b: Cresselia|42\/100\n|\n|-heal|p2a: Ursaluna|78\/100 brn|[from] Grassy Terrain\n|-damage|p2a: Ursaluna|72\/100 brn|[from] brn\n|-fieldend|move: Grassy Terrain\n|upkeep\n|turn|6\n|\n|t:|1698087690\n|move|p2a: Ursaluna|Facade|p1b: Iron Hands\n|-damage|p1b: Iron Hands|0 fnt\n|faint|p1b: Iron Hands\n|-end|p1b: Iron Hands|Quark Drive|[silent]\n|move|p1a: Diancie|Body Press|p2a: Ursaluna\n|-supereffective|p2a: Ursaluna\n|-damage|p2a: Ursaluna|21\/100 brn\n|move|p2b: Cresselia|Lunar Blessing|p2b: Cresselia|[spread] p2a,p2b\n|-heal|p2a: Ursaluna|46\/100 brn\n|-curestatus|p2a: Ursaluna|brn|[msg]\n|-heal|p2b: Cresselia|67\/100\n|\n|-status|p2a: Ursaluna|brn|[from] item: Flame Orb\n|upkeep\n|inactive|AtomBomb69 has 270 seconds left.\n|\n|t:|1698087706\n|switch|p1b: Rillaboom|Rillaboom, F|100\/100\n|-fieldstart|move: Grassy Terrain|[from] ability: Grassy Surge|[of] p1b: Rillaboom\n|turn|7\n|\n|t:|1698087727\n|move|p2a: Ursaluna|Protect|p2a: Ursaluna\n|-singleturn|p2a: Ursaluna|Protect\n|move|p1a: Diancie|Diamond Storm|p2a: Ursaluna|[spread] p2b\n|-activate|p2a: Ursaluna|move: Protect\n|-damage|p2b: Cresselia|49\/100\n|move|p2b: Cresselia|Lunar Blessing|p2b: Cresselia|[spread] p2a,p2b\n|-heal|p2a: Ursaluna|71\/100 brn\n|-curestatus|p2a: Ursaluna|brn|[msg]\n|-heal|p2b: Cresselia|74\/100\n|move|p1b: Rillaboom|Drum Beating|p2a: Ursaluna\n|-activate|p2a: Ursaluna|move: Protect\n|\n|-heal|p2a: Ursaluna|77\/100|[from] Grassy Terrain\n|-status|p2a: Ursaluna|brn|[from] item: Flame Orb\n|upkeep\n|turn|8\n|\n|t:|1698087756\n|switch|p1b: Landorus|Landorus-Therian, M|100\/100\n|-ability|p1b: Landorus|Intimidate|boost\n|-unboost|p2a: Ursaluna|atk|1\n|-unboost|p2b: Cresselia|atk|1\n|move|p2a: Ursaluna|Facade|p1b: Landorus\n|-damage|p1b: Landorus|0 fnt\n|faint|p1b: Landorus\n|move|p1a: Diancie|Diamond Storm|p2a: Ursaluna|[spread] p2a,p2b\n|-resisted|p2a: Ursaluna\n|-damage|p2a: Ursaluna|69\/100 brn\n|-damage|p2b: Cresselia|56\/100\n|move|p2b: Cresselia|Ice Beam|p1a: Diancie\n|-supereffective|p1a: Diancie\n|-damage|p1a: Diancie|75\/100\n|-enditem|p1a: Diancie|Weakness Policy\n|-boost|p1a: Diancie|atk|2|[from] item: Weakness Policy\n|-boost|p1a: Diancie|spa|2|[from] item: Weakness Policy\n|\n|-heal|p2a: Ursaluna|75\/100 brn|[from] Grassy Terrain\n|-heal|p1a: Diancie|81\/100|[from] Grassy Terrain\n|-damage|p2a: Ursaluna|69\/100 brn|[from] brn\n|-fieldend|move: Trick Room\n|upkeep\n|inactive|AtomBomb69 has 270 seconds left.\n|\n|t:|1698087778\n|switch|p1b: Cresselia|Cresselia, F|100\/100\n|turn|9\n|inactive|AtomBomb69 has 270 seconds left.\n|\n|t:|1698087800\n|move|p2b: Cresselia|Ice Beam|p1a: Diancie\n|-supereffective|p1a: Diancie\n|-damage|p1a: Diancie|52\/100\n|move|p1b: Cresselia|Lunar Blessing|p1b: Cresselia|[spread] p1a,p1b\n|-heal|p1a: Diancie|77\/100\n|move|p1a: Diancie|Diamond Storm|p2a: Ursaluna|[spread] p2a,p2b\n|-resisted|p2a: Ursaluna\n|-damage|p2a: Ursaluna|49\/100 brn\n|-damage|p2b: Cresselia|17\/100\n|move|p2a: Ursaluna|Facade|p1b: Cresselia\n|-damage|p1b: Cresselia|0 fnt\n|faint|p1b: Cresselia\n|\n|-heal|p1a: Diancie|83\/100|[from] Grassy Terrain\n|-heal|p2a: Ursaluna|55\/100 brn|[from] Grassy Terrain\n|-damage|p2a: Ursaluna|49\/100 brn|[from] brn\n|upkeep\n|\n|t:|1698087820\n|switch|p1b: Rillaboom|Rillaboom, F|100\/100\n|turn|10\n|inactive|AtomBomb69 has 270 seconds left.\n|\n|t:|1698087827\n|move|p2a: Ursaluna|Protect|p2a: Ursaluna\n|-singleturn|p2a: Ursaluna|Protect\n|move|p1b: Rillaboom|Fake Out|p2a: Ursaluna\n|-activate|p2a: Ursaluna|move: Protect\n|move|p2b: Cresselia|Lunar Blessing|p2b: Cresselia|[spread] p2a,p2b\n|-heal|p2a: Ursaluna|74\/100 brn\n|-curestatus|p2a: Ursaluna|brn|[msg]\n|-heal|p2b: Cresselia|42\/100\n|move|p1a: Diancie|Diamond Storm|p2b: Cresselia|[spread] p2b\n|-activate|p2a: Ursaluna|move: Protect\n|-damage|p2b: Cresselia|2\/100\n|\n|-heal|p1a: Diancie|90\/100|[from] Grassy Terrain\n|-heal|p2a: Ursaluna|80\/100|[from] Grassy Terrain\n|-status|p2a: Ursaluna|brn|[from] item: Flame Orb\n|upkeep\n|turn|11\n|inactive|AtomBomb69 has 270 seconds left.\n|\n|t:|1698087855\n|move|p1a: Diancie|Protect|p1a: Diancie\n|-singleturn|p1a: Diancie|Protect\n|move|p1b: Rillaboom|Drum Beating|p2a: Ursaluna\n|-supereffective|p2a: Ursaluna\n|-damage|p2a: Ursaluna|2\/100 brn\n|-unboost|p2a: Ursaluna|spe|1\n|move|p2b: Cresselia|Ice Beam|p1a: Diancie\n|-activate|p1a: Diancie|move: Protect\n|move|p2a: Ursaluna|Facade|p1b: Rillaboom\n|-damage|p1b: Rillaboom|0 fnt\n|faint|p1b: Rillaboom\n|\n|-heal|p1a: Diancie|96\/100|[from] Grassy Terrain\n|-heal|p2a: Ursaluna|8\/100 brn|[from] Grassy Terrain\n|-damage|p2a: Ursaluna|2\/100 brn|[from] brn\n|-fieldend|move: Grassy Terrain\n|upkeep\n|turn|12\n|\n|t:|1698087876\n|move|p2b: Cresselia|Ally Switch|p2b: Cresselia\n|swap|p2b: Cresselia|0|[from] move: Ally Switch\n|move|p1a: Diancie|Diamond Storm|p2a: Cresselia|[spread] p2a,p2b\n|-crit|p2a: Cresselia\n|-resisted|p2b: Ursaluna\n|-damage|p2a: Cresselia|0 fnt\n|-damage|p2b: Ursaluna|0 fnt\n|-boost|p1a: Diancie|def|2\n|faint|p2a: Cresselia\n|faint|p2b: Ursaluna\n|\n|upkeep\n|\n|t:|1698087886\n|switch|p2a: Kleavor|Kleavor, F|100\/100\n|switch|p2b: Regidrago|Regidrago|100\/100\n|turn|13\n|\n|t:|1698087894\n|move|p2b: Regidrago|Dragon Energy|p1a: Diancie\n|-damage|p1a: Diancie|15\/100\n|move|p2a: Kleavor|X-Scissor|p1a: Diancie\n|-supereffective|p1a: Diancie\n|-damage|p1a: Diancie|0 fnt\n|faint|p1a: Diancie\n|\n|win|TigerSpace02\n|c|\u2606TigerSpace02|ggs\n|c|\u2606AtomBomb69|Gg\n","uploadtime":1698087901,"views":13,"p1id":"atombomb69","p2id":"tigerspace02","formatid":"gen9doublesou","rating":0,"private":0,"password":""}