{"id":"gen9doublesou-1991819357","p1":"test 99 ou","p2":"Azathoth461","format":"[Gen 9] Doubles OU","log":"|j|\u2606test 99 ou\n|j|\u2606Azathoth461\n|t:|1700123091\n|gametype|doubles\n|player|p1|test 99 ou|lady|1673\n|player|p2|Azathoth461|n|1494\n|teamsize|p1|6\n|teamsize|p2|6\n|gen|9\n|tier|[Gen 9] Doubles OU\n|rated|\n|rule|Species Clause: Limit one of each Pok\u00e9mon\n|rule|OHKO Clause: OHKO moves are banned\n|rule|Evasion Moves Clause: Evasion moves are banned\n|rule|Gravity Sleep Clause: The combination of sleep-inducing moves with imperfect accuracy and Gravity or Gigantamax Orbeetle are banned\n|rule|Endless Battle Clause: Forcing endless battles is banned\n|rule|HP Percentage Mod: HP is shown in percentages\n|clearpoke\n|poke|p1|Tornadus, M|\n|poke|p1|Flutter Mane|\n|poke|p1|Chi-Yu|\n|poke|p1|Iron Hands|\n|poke|p1|Ursaluna-Bloodmoon, M|\n|poke|p1|Ogerpon-Wellspring, F|\n|poke|p2|Kingambit, M|\n|poke|p2|Armarouge, F|\n|poke|p2|Indeedee-F, F|\n|poke|p2|Ogerpon-Wellspring, F|\n|poke|p2|Ursaluna-Bloodmoon, M|\n|poke|p2|Sinistcha|\n|teampreview\n|\n|t:|1700123102\n|start\n|switch|p1a: Chi-Yu|Chi-Yu|100\/100\n|switch|p1b: Ursaluna|Ursaluna-Bloodmoon, M|100\/100\n|switch|p2a: Morgan|Indeedee-F, F|100\/100\n|switch|p2b: Gawain|Armarouge, F, shiny|100\/100\n|-ability|p1a: Chi-Yu|Beads of Ruin\n|-fieldstart|move: Psychic Terrain|[from] ability: Psychic Surge|[of] p2a: Morgan\n|turn|1\n|\n|t:|1700123114\n|-terastallize|p2b: Gawain|Grass\n|move|p1a: Chi-Yu|Snarl|p2b: Gawain|[spread] p2a,p2b\n|-supereffective|p2a: Morgan\n|-damage|p2a: Morgan|20\/100\n|-damage|p2b: Gawain|56\/100\n|-unboost|p2a: Morgan|spa|1\n|-unboost|p2b: Gawain|spa|1\n|-enditem|p2a: Morgan|Mago Berry|[eat]\n|-heal|p2a: Morgan|53\/100|[from] item: Mago Berry\n|move|p1b: Ursaluna|Blood Moon|p2a: Morgan\n|-damage|p2a: Morgan|0 fnt\n|faint|p2a: Morgan\n|move|p2b: Gawain|Expanding Force|p1a: Chi-Yu|[spread] p1b\n|-immune|p1a: Chi-Yu\n|-damage|p1b: Ursaluna|0 fnt\n|faint|p1b: Ursaluna\n|\n|upkeep\n|\n|t:|1700123133\n|switch|p2a: Ibaraki|Ogerpon-Wellspring, F|100\/100\n|switch|p1b: Flutter Mane|Flutter Mane|100\/100\n|-enditem|p1b: Flutter Mane|Booster Energy\n|-activate|p1b: Flutter Mane|ability: Protosynthesis|[fromitem]\n|-start|p1b: Flutter Mane|protosynthesisspe\n|turn|2\n|\n|t:|1700123143\n|switch|p2b: Beowulf|Ursaluna-Bloodmoon, M|100\/100\n|-terastallize|p1b: Flutter Mane|Fairy\n|move|p1b: Flutter Mane|Dazzling Gleam|p2b: Beowulf|[spread] p2a,p2b\n|-damage|p2a: Ibaraki|39\/100\n|-damage|p2b: Beowulf|61\/100\n|move|p1a: Chi-Yu|Snarl|p2b: Beowulf|[spread] p2a,p2b\n|-damage|p2a: Ibaraki|0 fnt\n|-damage|p2b: Beowulf|25\/100\n|-unboost|p2b: Beowulf|spa|1\n|faint|p2a: Ibaraki\n|\n|upkeep\n|\n|t:|1700123156\n|switch|p2a: Rikyu|Sinistcha|100\/100\n|-heal|p2b: Beowulf|50\/100|[from] ability: Hospitality|[of] p2a: Rikyu\n|turn|3\n|\n|t:|1700123168\n|move|p1b: Flutter Mane|Dazzling Gleam|p2b: Beowulf|[spread] p2a,p2b\n|-damage|p2a: Rikyu|61\/100\n|-damage|p2b: Beowulf|15\/100\n|move|p1a: Chi-Yu|Snarl|p2a: Rikyu|[spread] p2a,p2b\n|-supereffective|p2a: Rikyu\n|-damage|p2a: Rikyu|0 fnt\n|-damage|p2b: Beowulf|0 fnt\n|faint|p2a: Rikyu\n|faint|p2b: Beowulf\n|\n|upkeep\n|\n|t:|1700123174\n|switch|p2a: Gawain|Armarouge, F, shiny, tera:Grass|56\/100\n|switch|p2b: Muramasa|Kingambit, M|100\/100\n|-activate|p2b: Muramasa|ability: Supreme Overlord\n|-start|p2b: Muramasa|fallen4|[silent]\n|turn|4\n|\n|t:|1700123187\n|move|p1b: Flutter Mane|Dazzling Gleam|p2a: Gawain|[spread] p2a,p2b\n|-damage|p2a: Gawain|0 fnt\n|-damage|p2b: Muramasa|68\/100\n|faint|p2a: Gawain\n|move|p1a: Chi-Yu|Snarl|p2b: Muramasa|[miss]\n|-miss|p1a: Chi-Yu|p2b: Muramasa\n|move|p2b: Muramasa|Brick Break|p1a: Chi-Yu\n|-supereffective|p1a: Chi-Yu\n|-damage|p1a: Chi-Yu|0 fnt\n|faint|p1a: Chi-Yu\n|\n|upkeep\n|\n|t:|1700123195\n|switch|p1a: Iron Hands|Iron Hands|100\/100\n|turn|5\n|c|\u2606Azathoth461|ggs\n|c|\u2606test 99 ou|gg\n|\n|t:|1700123202\n|move|p1b: Flutter Mane|Moonblast|p2b: Muramasa\n|-crit|p2b: Muramasa\n|-damage|p2b: Muramasa|16\/100\n|-unboost|p2b: Muramasa|spa|1\n|move|p1a: Iron Hands|Close Combat|p2b: Muramasa\n|-supereffective|p2b: Muramasa\n|-damage|p2b: Muramasa|0 fnt\n|-unboost|p1a: Iron Hands|def|1\n|-unboost|p1a: Iron Hands|spd|1\n|faint|p2b: Muramasa\n|-end|p2b: Muramasa|fallen4|[silent]\n|\n|win|test 99 ou\n|raw|test 99 ou's rating: 1673 &rarr; <strong>1684<\/strong><br \/>(+11 for winning)\n|raw|Azathoth461's rating: 1494 &rarr; <strong>1483<\/strong><br \/>(-11 for losing)\n|l|\u2606Azathoth461\n","uploadtime":1700123211,"views":14,"p1id":"test99ou","p2id":"azathoth461","formatid":"gen9doublesou","rating":1483,"private":0,"password":""}