{"id":"gen9doublesou-1995680869","p1":"eragon11145","p2":"Peter Pan GC","format":"[Gen 9] Doubles OU","log":"|j|\u2606eragon11145\n|j|\u2606Peter Pan GC\n|t:|1700593431\n|gametype|doubles\n|player|p1|eragon11145|#dwcopiii|\n|player|p2|Peter Pan GC|lucas|\n|teamsize|p1|6\n|teamsize|p2|6\n|gen|9\n|tier|[Gen 9] Doubles OU\n|rule|Species Clause: Limit one of each Pok\u00e9mon\n|rule|OHKO Clause: OHKO moves are banned\n|rule|Evasion Moves Clause: Evasion moves are banned\n|rule|Gravity Sleep Clause: The combination of sleep-inducing moves with imperfect accuracy and Gravity or Gigantamax Orbeetle are banned\n|rule|Endless Battle Clause: Forcing endless battles is banned\n|rule|HP Percentage Mod: HP is shown in percentages\n|clearpoke\n|poke|p1|Piloswine, M|\n|poke|p1|Wo-Chien|\n|poke|p1|Regidrago|\n|poke|p1|Tornadus, M|\n|poke|p1|Chi-Yu|\n|poke|p1|Ogerpon-Wellspring, F|\n|poke|p2|Dusclops, M|\n|poke|p2|Lilligant-Hisui, F|\n|poke|p2|Torkoal, F|\n|poke|p2|Armarouge, F|\n|poke|p2|Ursaluna-Bloodmoon, M|\n|poke|p2|Indeedee-F, F|\n|teampreview\n|inactive|Battle timer is ON: inactive players will automatically lose when time's up. (requested by eragon11145)\n|c|\u2606Peter Pan GC|\/log Peter Pan GC made this room public.\n|l|\u2606eragon11145\n|inactive|eragon11145 disconnected and has 300 seconds to reconnect!\n|player|p1|\n|inactive|Peter Pan GC has 270 seconds left.\n|j|\u2606eragon11145\n|inactive|eragon11145 reconnected and has 280 seconds left.\n|player|p1|eragon11145|#dwcopiii\n|inactive|eragon11145 has 270 seconds left.\n|j| smudgerox\n|c|\u2606eragon11145|glhf\n|j|+Frixel\n|inactive|eragon11145 has 240 seconds left.\n|j| Bruhverly Hills\n|\n|t:|1700593507\n|start\n|switch|p1a: Ogerpon|Ogerpon-Wellspring, F|100\/100\n|switch|p1b: Chi-Yu|Chi-Yu|100\/100\n|switch|p2a: Indeedee|Indeedee-F, F|100\/100\n|switch|p2b: Armarouge|Armarouge, F|100\/100\n|-ability|p1b: Chi-Yu|Beads of Ruin\n|-fieldstart|move: Psychic Terrain|[from] ability: Psychic Surge|[of] p2a: Indeedee\n|turn|1\n|l|+Frixel\n|j| AIRedzone\n|c| AIRedzone|Westoats\n|j| theyummybagel\n|j| Shiritu\n|j| Burning Dawn\n|j|+Frixel\n|j| RDL93\n|j| ina fable\n|j| SusejVGC\n|j| Feyette\n|\n|t:|1700593535\n|-terastallize|p2a: Indeedee|Fairy\n|move|p2b: Armarouge|Protect|p2b: Armarouge\n|-singleturn|p2b: Armarouge|Protect\n|move|p1b: Chi-Yu|Snarl|p2b: Armarouge|[spread] p2a\n|-activate|p2b: Armarouge|move: Protect\n|-resisted|p2a: Indeedee\n|-crit|p2a: Indeedee\n|-damage|p2a: Indeedee|86\/100\n|-unboost|p2a: Indeedee|spa|1\n|move|p1a: Ogerpon|Ivy Cudgel|p2b: Armarouge|[anim] Ivy Cudgel Water\n|-activate|p2b: Armarouge|move: Protect\n|move|p2a: Indeedee|Trick Room|p2a: Indeedee\n|-fieldstart|move: Trick Room|[of] p2a: Indeedee\n|\n|upkeep\n|turn|2\n|l| AIRedzone\n|j|+zoe\n|\n|t:|1700593558\n|move|p1a: Ogerpon|Spiky Shield|p1a: Ogerpon\n|-singleturn|p1a: Ogerpon|move: Protect\n|move|p2b: Armarouge|Expanding Force|p1b: Chi-Yu|[spread] \n|-activate|p1a: Ogerpon|move: Protect\n|-immune|p1b: Chi-Yu\n|move|p2a: Indeedee|Dazzling Gleam|p1b: Chi-Yu|[spread] p1b\n|-activate|p1a: Ogerpon|move: Protect\n|-damage|p1b: Chi-Yu|87\/100\n|move|p1b: Chi-Yu|Snarl|p2b: Armarouge|[spread] p2a,p2b\n|-resisted|p2a: Indeedee\n|-supereffective|p2b: Armarouge\n|-damage|p2a: Indeedee|76\/100\n|-damage|p2b: Armarouge|44\/100\n|-unboost|p2a: Indeedee|spa|1\n|-unboost|p2b: Armarouge|spa|1\n|\n|upkeep\n|turn|3\n|j| EternalSnowman\n|j| AIRedzone\n|\n|t:|1700593576\n|switch|p1a: Wo-Chien|Wo-Chien|100\/100\n|-ability|p1a: Wo-Chien|Tablets of Ruin\n|move|p2b: Armarouge|Expanding Force|p1b: Chi-Yu|[spread] \n|-immune|p1a: Wo-Chien\n|-immune|p1b: Chi-Yu\n|move|p2a: Indeedee|Dazzling Gleam|p1a: Wo-Chien|[spread] p1a,p1b\n|-supereffective|p1a: Wo-Chien\n|-damage|p1a: Wo-Chien|86\/100\n|-damage|p1b: Chi-Yu|76\/100\n|move|p1b: Chi-Yu|Snarl|p2a: Indeedee|[spread] p2a,p2b\n|-resisted|p2a: Indeedee\n|-supereffective|p2b: Armarouge\n|-damage|p2a: Indeedee|66\/100\n|-damage|p2b: Armarouge|0 fnt\n|-unboost|p2a: Indeedee|spa|1\n|faint|p2b: Armarouge\n|\n|-heal|p1a: Wo-Chien|92\/100|[from] item: Leftovers\n|upkeep\n|j| Grandmas Cookin\n|\n|t:|1700593581\n|switch|p2b: Torkoal|Torkoal, F|100\/100\n|-weather|SunnyDay|[from] ability: Drought|[of] p2b: Torkoal\n|turn|4\n|j| ratpacker\n|j| RelicanthPrimal<><\n|\n|t:|1700593602\n|move|p2b: Torkoal|Protect|p2b: Torkoal\n|-singleturn|p2b: Torkoal|Protect\n|move|p1a: Wo-Chien|Protect|p1a: Wo-Chien\n|-singleturn|p1a: Wo-Chien|Protect\n|move|p2a: Indeedee|Dazzling Gleam|p1a: Wo-Chien|[spread] p1b\n|-activate|p1a: Wo-Chien|move: Protect\n|-damage|p1b: Chi-Yu|68\/100\n|move|p1b: Chi-Yu|Snarl|p2a: Indeedee|[spread] p2a\n|-activate|p2b: Torkoal|move: Protect\n|-resisted|p2a: Indeedee\n|-damage|p2a: Indeedee|57\/100\n|-unboost|p2a: Indeedee|spa|1\n|\n|-weather|SunnyDay|[upkeep]\n|-heal|p1a: Wo-Chien|98\/100|[from] item: Leftovers\n|upkeep\n|turn|5\n|inactive|eragon11145 has 270 seconds left.\n|\n|t:|1700593645\n|switch|p1b: Tornadus|Tornadus, M|100\/100\n|-terastallize|p1a: Wo-Chien|Poison\n|move|p2a: Indeedee|Helping Hand|p2b: Torkoal\n|-singleturn|p2b: Torkoal|Helping Hand|[of] p2a: Indeedee\n|move|p2b: Torkoal|Eruption|p1a: Wo-Chien|[spread] p1a,p1b\n|-damage|p1a: Wo-Chien|23\/100\n|-damage|p1b: Tornadus|0 fnt\n|faint|p1b: Tornadus\n|move|p1a: Wo-Chien|Ruination|p2a: Indeedee\n|-damage|p2a: Indeedee|29\/100\n|\n|-weather|SunnyDay|[upkeep]\n|-heal|p1a: Wo-Chien|29\/100|[from] item: Leftovers\n|-fieldend|move: Trick Room\n|-fieldend|move: Psychic Terrain\n|upkeep\n|\n|t:|1700593654\n|switch|p1b: Chi-Yu|Chi-Yu|68\/100\n|-ability|p1b: Chi-Yu|Beads of Ruin\n|turn|6\n|j|+Yoda2798\n|\n|t:|1700593663\n|move|p2b: Torkoal|Protect|p2b: Torkoal\n|-singleturn|p2b: Torkoal|Protect\n|move|p1b: Chi-Yu|Heat Wave|p2a: Indeedee|[spread] p2a\n|-activate|p2b: Torkoal|move: Protect\n|-damage|p2a: Indeedee|0 fnt\n|faint|p2a: Indeedee\n|move|p1a: Wo-Chien|Pollen Puff|p1b: Chi-Yu\n|-heal|p1b: Chi-Yu|100\/100\n|\n|-weather|SunnyDay|[upkeep]\n|-heal|p1a: Wo-Chien|36\/100|[from] item: Leftovers\n|upkeep\n|\n|t:|1700593666\n|switch|p2a: Lilligant|Lilligant-Hisui, F|100\/100\n|turn|7\n|inactive|eragon11145 has 270 seconds left.\n|inactive|Peter Pan GC has 270 seconds left.\n|l| AIRedzone\n|\n|t:|1700593720\n|move|p2a: Lilligant|Sleep Powder|p1b: Chi-Yu\n|-status|p1b: Chi-Yu|slp|[from] move: Sleep Powder\n|cant|p1b: Chi-Yu|slp\n|move|p1a: Wo-Chien|Ruination|p2a: Lilligant\n|-damage|p2a: Lilligant|51\/100\n|move|p2b: Torkoal|Flamethrower|p1a: Wo-Chien\n|-damage|p1a: Wo-Chien|0 fnt\n|faint|p1a: Wo-Chien\n|\n|-weather|SunnyDay|[upkeep]\n|upkeep\n|inactive|eragon11145 has 240 seconds left.\n|\n|t:|1700593736\n|switch|p1a: Ogerpon|Ogerpon-Wellspring, F|100\/100\n|turn|8\n|\n|t:|1700593743\n|move|p1a: Ogerpon|Spiky Shield|p1a: Ogerpon\n|-singleturn|p1a: Ogerpon|move: Protect\n|move|p2a: Lilligant|After You|p2b: Torkoal\n|-activate|p2b: Torkoal|move: After You\n|move|p2b: Torkoal|Eruption|p1a: Ogerpon|[spread] p1b\n|-activate|p1a: Ogerpon|move: Protect\n|-resisted|p1b: Chi-Yu\n|-damage|p1b: Chi-Yu|55\/100 slp\n|cant|p1b: Chi-Yu|slp\n|\n|-weather|none\n|upkeep\n|turn|9\n|l| Burning Dawn\n|j| qsns\n|j| AIRedzone\n|inactive|eragon11145 has 270 seconds left.\n|inactive|Peter Pan GC has 270 seconds left.\n|\n|t:|1700593786\n|-curestatus|p1b: Chi-Yu|slp|[msg]\n|move|p1b: Chi-Yu|Heat Wave|p2b: Torkoal|[spread] p2a\n|-miss|p1b: Chi-Yu|p2b: Torkoal\n|-supereffective|p2a: Lilligant\n|-damage|p2a: Lilligant|0 fnt\n|faint|p2a: Lilligant\n|move|p1a: Ogerpon|Ivy Cudgel|p2b: Torkoal|[anim] Ivy Cudgel Water\n|-supereffective|p2b: Torkoal\n|-damage|p2b: Torkoal|22\/100\n|move|p2b: Torkoal|Flamethrower|p1a: Ogerpon\n|-damage|p1a: Ogerpon|45\/100\n|\n|upkeep\n|j| Bellakath\n|\n|t:|1700593791\n|switch|p2a: Dusclops|Dusclops, M|100\/100\n|-ability|p2a: Dusclops|Pressure\n|turn|10\n|inactive|eragon11145 has 270 seconds left.\n|inactive|Peter Pan GC has 270 seconds left.\n|\n|t:|1700593810\n|switch|p1a: Regidrago|Regidrago|100\/100\n|move|p1b: Chi-Yu|Heat Wave|p2b: Torkoal|[spread] p2a,p2b\n|-resisted|p2b: Torkoal\n|-damage|p2a: Dusclops|72\/100\n|-damage|p2b: Torkoal|0 fnt\n|faint|p2b: Torkoal\n|move|p2a: Dusclops|Trick Room|p2a: Dusclops\n|-fieldstart|move: Trick Room|[of] p2a: Dusclops\n|\n|upkeep\n|\n|t:|1700593813\n|switch|p2b: Ursaluna|Ursaluna-Bloodmoon, M|100\/100\n|turn|11\n|\n|t:|1700593825\n|switch|p1b: Piloswine|Piloswine, M|100\/100\n|move|p2a: Dusclops|Brick Break|p2b: Ursaluna\n|-supereffective|p2b: Ursaluna\n|-damage|p2b: Ursaluna|82\/100\n|-enditem|p2b: Ursaluna|Weakness Policy\n|-boost|p2b: Ursaluna|atk|2|[from] item: Weakness Policy\n|-boost|p2b: Ursaluna|spa|2|[from] item: Weakness Policy\n|move|p2b: Ursaluna|Hyper Voice|p1a: Regidrago|[spread] p1a,p1b\n|-damage|p1a: Regidrago|32\/100\n|-damage|p1b: Piloswine|47\/100\n|move|p1a: Regidrago|Draco Meteor|p2b: Ursaluna|[miss]\n|-miss|p1a: Regidrago|p2b: Ursaluna\n|\n|upkeep\n|turn|12\n|c|\u2606eragon11145|nice\n|\n|t:|1700593842\n|move|p1a: Regidrago|Protect|p1a: Regidrago\n|-singleturn|p1a: Regidrago|Protect\n|move|p2a: Dusclops|Brick Break|p1b: Piloswine\n|-supereffective|p1b: Piloswine\n|-damage|p1b: Piloswine|29\/100\n|move|p2b: Ursaluna|Hyper Voice|p1b: Piloswine|[spread] p1b\n|-activate|p1a: Regidrago|move: Protect\n|-damage|p1b: Piloswine|0 fnt\n|faint|p1b: Piloswine\n|\n|upkeep\n|\n|t:|1700593853\n|switch|p1b: Ogerpon|Ogerpon-Wellspring, F|45\/100\n|turn|13\n|l| Grandmas Cookin\n|inactive|eragon11145 has 270 seconds left.\n|\n|t:|1700593911\n|switch|p1a: Chi-Yu|Chi-Yu|55\/100\n|-ability|p1a: Chi-Yu|Beads of Ruin\n|move|p1b: Ogerpon|Spiky Shield|p1b: Ogerpon\n|-singleturn|p1b: Ogerpon|move: Protect\n|move|p2a: Dusclops|Brick Break|p1b: Ogerpon\n|-activate|p1b: Ogerpon|move: Protect\n|-damage|p2a: Dusclops|60\/100|[from] Spiky Shield|[of] p1b: Ogerpon\n|move|p2b: Ursaluna|Hyper Voice|p1a: Chi-Yu|[spread] p1a\n|-activate|p1b: Ogerpon|move: Protect\n|-damage|p1a: Chi-Yu|0 fnt\n|faint|p1a: Chi-Yu\n|\n|upkeep\n|\n|t:|1700593915\n|switch|p1a: Regidrago|Regidrago|32\/100\n|turn|14\n|inactive|eragon11145 has 270 seconds left.\n|\n|t:|1700593929\n|move|p1a: Regidrago|Protect|p1a: Regidrago\n|-singleturn|p1a: Regidrago|Protect\n|move|p1b: Ogerpon|Spiky Shield|p1b: Ogerpon\n|-singleturn|p1b: Ogerpon|move: Protect\n|move|p2a: Dusclops|Will-O-Wisp|p1b: Ogerpon\n|-activate|p1b: Ogerpon|move: Protect\n|move|p2b: Ursaluna|Hyper Voice|p1a: Regidrago|[spread] \n|-activate|p1a: Regidrago|move: Protect\n|-activate|p1b: Ogerpon|move: Protect\n|\n|-fieldend|move: Trick Room\n|upkeep\n|turn|15\n|\n|t:|1700593943\n|move|p1b: Ogerpon|Encore|p2a: Dusclops\n|-start|p2a: Dusclops|Encore\n|move|p1a: Regidrago|Draco Meteor|p2b: Ursaluna\n|-damage|p2b: Ursaluna|0 fnt\n|-unboost|p1a: Regidrago|spa|2\n|faint|p2b: Ursaluna\n|move|p2a: Dusclops|Will-O-Wisp|p1a: Regidrago\n|-status|p1a: Regidrago|brn\n|\n|-damage|p1a: Regidrago|26\/100 brn|[from] brn\n|upkeep\n|turn|16\n|\n|t:|1700593955\n|move|p1b: Ogerpon|Ivy Cudgel|p2a: Dusclops|[anim] Ivy Cudgel Water\n|-damage|p2a: Dusclops|36\/100\n|move|p1a: Regidrago|Draco Meteor|p2a: Dusclops\n|-damage|p2a: Dusclops|5\/100\n|-unboost|p1a: Regidrago|spa|2\n|move|p2a: Dusclops|Will-O-Wisp|p1b: Ogerpon\n|-status|p1b: Ogerpon|brn\n|\n|-damage|p1b: Ogerpon|39\/100 brn|[from] brn\n|-damage|p1a: Regidrago|20\/100 brn|[from] brn\n|upkeep\n|turn|17\n|j| jomatoes\n|c| AIRedzone|ERAGAMING\n|l| SusejVGC\n|j| KeanuVGC\n|c|\u2606Peter Pan GC|gg\n|c|\u2606eragon11145|gg\n|-message|Peter Pan GC forfeited.\n|\n|win|eragon11145\n|l| theyummybagel\n|l|\u2606Peter Pan GC\n|l| RDL93\n|c| EternalSnowman|eragod\n|l| AIRedzone\n|l| ratpacker\n|l| KeanuVGC\n|l| ina fable\n|j| Grandmas Cookin\n|l| Grandmas Cookin\n|l| qsns\n|j| KeanuVGC\n|l| KeanuVGC\n|j| ina fable\n|j| qsns\n|l| qsns\n|l|+zoe\n|j| lka Musume\n|l| EternalSnowman\n|l| RelicanthPrimal<><\n|l| ina fable\n|j|+Arcticblast\n|l| smudgerox\n|l| Bellakath\n|l| lka Musume\n|j| SEROO\n|l| SEROO\n|l|+Frixel\n|l| Shiritu\n|j|+Paraplegic\n|l|+Paraplegic\n|l|+Arcticblast\n|j| KeanuVGC\n|l| KeanuVGC\n|j| Sunrose\n|j| Burning Dawn\n|l| Bruhverly Hills\n|l| Sunrose\n|j|+ryo yamada2001\n","uploadtime":1700593990,"views":88,"p1id":"eragon11145","p2id":"peterpangc","formatid":"gen9doublesou","rating":0,"private":0,"password":""}