{"id":"gen9doublesou-1981793806","p1":"seapicle","p2":"quagyquag","format":"[Gen 9] Doubles OU","log":"|j|\u2606seapicle\n|j|\u2606quagyquag\n|t:|1698942089\n|gametype|doubles\n|player|p1|seapicle|psychic-gen4|1054\n|player|p2|quagyquag|flannery|1075\n|teamsize|p1|6\n|teamsize|p2|6\n|gen|9\n|tier|[Gen 9] Doubles OU\n|rated|\n|rule|Species Clause: Limit one of each Pok\u00e9mon\n|rule|OHKO Clause: OHKO moves are banned\n|rule|Evasion Moves Clause: Evasion moves are banned\n|rule|Gravity Sleep Clause: The combination of sleep-inducing moves with imperfect accuracy and Gravity or Gigantamax Orbeetle are banned\n|rule|Endless Battle Clause: Forcing endless battles is banned\n|rule|HP Percentage Mod: HP is shown in percentages\n|clearpoke\n|poke|p1|Amoonguss, M|\n|poke|p1|Hariyama, F|\n|poke|p1|Sneasler, F|\n|poke|p1|Empoleon, M|\n|poke|p1|Clefairy, M|\n|poke|p1|Hatterene, F|\n|poke|p2|Landorus-Therian, M|\n|poke|p2|Snorlax, M|\n|poke|p2|Sinistcha-Masterpiece|\n|poke|p2|Iron Hands|\n|poke|p2|Kommo-o, F|\n|poke|p2|Clefairy, F|\n|teampreview\n|inactive|Battle timer is ON: inactive players will automatically lose when time's up. (requested by seapicle)\n|inactive|quagyquag also wants the timer to be on.\n|\n|t:|1698942118\n|start\n|switch|p1a: Amoonguss|Amoonguss, M|100\/100\n|switch|p1b: Sneasler|Sneasler, F|100\/100\n|switch|p2a: Landorus|Landorus-Therian, M|100\/100\n|switch|p2b: Snorlax|Snorlax, M|100\/100\n|-ability|p2a: Landorus|Intimidate|boost\n|-unboost|p1a: Amoonguss|atk|1\n|-unboost|p1b: Sneasler|atk|1\n|turn|1\n|inactive|seapicle has 120 seconds left.\n|inactive|quagyquag has 120 seconds left.\n|\n|t:|1698942156\n|switch|p1b: Hatterene|Hatterene, F|100\/100\n|move|p2a: Landorus|U-turn|p1b: Hatterene\n|-damage|p1b: Hatterene|64\/100\n|inactive|quagyquag has 120 seconds left.\n|\n|t:|1698942162\n|switch|p2a: Sinistcha|Sinistcha-Masterpiece|100\/100|[from] U-turn\n|move|p2b: Snorlax|Belly Drum|p2b: Snorlax\n|-damage|p2b: Snorlax|50\/100\n|-setboost|p2b: Snorlax|atk|6|[from] move: Belly Drum\n|-enditem|p2b: Snorlax|Sitrus Berry|[eat]\n|-heal|p2b: Snorlax|75\/100|[from] item: Sitrus Berry\n|move|p1a: Amoonguss|Body Slam|p2a: Sinistcha\n|-immune|p2a: Sinistcha\n|\n|-heal|p1b: Hatterene|70\/100|[from] item: Leftovers\n|upkeep\n|turn|2\n|inactive|seapicle has 120 seconds left.\n|inactive|quagyquag has 120 seconds left.\n|\n|t:|1698942204\n|move|p2a: Sinistcha|Matcha Gotcha|p1b: Hatterene|[spread] p1a,p1b\n|-resisted|p1a: Amoonguss\n|-damage|p1a: Amoonguss|93\/100\n|-damage|p1b: Hatterene|36\/100\n|move|p1b: Hatterene|Calm Mind|p1b: Hatterene\n|-boost|p1b: Hatterene|spa|1\n|-boost|p1b: Hatterene|spd|1\n|move|p2b: Snorlax|Facade|p1b: Hatterene\n|-damage|p1b: Hatterene|0 fnt\n|faint|p1b: Hatterene\n|move|p1a: Amoonguss|Pollen Puff|p2a: Sinistcha\n|-damage|p2a: Sinistcha|72\/100\n|\n|-heal|p1a: Amoonguss|99\/100|[from] item: Leftovers\n|upkeep\n|\n|t:|1698942223\n|switch|p1b: Hariyama|Hariyama, F|100\/100\n|turn|3\n|inactive|quagyquag has 120 seconds left.\n|\n|t:|1698942244\n|move|p2a: Sinistcha|Rage Powder|p2a: Sinistcha\n|-singleturn|p2a: Sinistcha|move: Rage Powder\n|move|p1a: Amoonguss|Rage Powder|p1a: Amoonguss\n|-singleturn|p1a: Amoonguss|move: Rage Powder\n|move|p1b: Hariyama|Bulk Up|p1b: Hariyama\n|-boost|p1b: Hariyama|atk|1\n|-boost|p1b: Hariyama|def|1\n|move|p2b: Snorlax|High Horsepower|p1a: Amoonguss\n|-damage|p1a: Amoonguss|8\/100\n|\n|-heal|p1a: Amoonguss|14\/100|[from] item: Leftovers\n|-status|p1b: Hariyama|brn|[from] item: Flame Orb\n|upkeep\n|turn|4\n|inactive|seapicle has 120 seconds left.\n|inactive|quagyquag has 120 seconds left.\n|\n|t:|1698942281\n|move|p2a: Sinistcha|Rage Powder|p2a: Sinistcha\n|-singleturn|p2a: Sinistcha|move: Rage Powder\n|move|p1b: Hariyama|Facade|p2a: Sinistcha\n|-immune|p2a: Sinistcha\n|move|p2b: Snorlax|High Horsepower|p1b: Hariyama\n|-damage|p1b: Hariyama|38\/100 brn\n|move|p1a: Amoonguss|Body Slam|p2b: Snorlax\n|-damage|p2b: Snorlax|64\/100\n|\n|-heal|p1a: Amoonguss|20\/100|[from] item: Leftovers\n|-damage|p1b: Hariyama|32\/100 brn|[from] brn\n|upkeep\n|turn|5\n|inactive|seapicle has 120 seconds left.\n|inactive|quagyquag has 120 seconds left.\n|\n|t:|1698942313\n|move|p2a: Sinistcha|Rage Powder|p2a: Sinistcha\n|-singleturn|p2a: Sinistcha|move: Rage Powder\n|move|p1b: Hariyama|Facade|p2a: Sinistcha\n|-immune|p2a: Sinistcha\n|move|p2b: Snorlax|High Horsepower|p1b: Hariyama\n|-damage|p1b: Hariyama|0 fnt\n|faint|p1b: Hariyama\n|move|p1a: Amoonguss|Pollen Puff|p1: Hariyama|[notarget]\n|-fail|p1a: Amoonguss\n|\n|-heal|p1a: Amoonguss|27\/100|[from] item: Leftovers\n|upkeep\n|inactive|seapicle has 90 seconds left.\n|\n|t:|1698942328\n|switch|p1b: Sneasler|Sneasler, F|100\/100\n|turn|6\n|inactive|seapicle has 90 seconds left.\n|\n|t:|1698942368\n|-terastallize|p1b: Sneasler|Dark\n|move|p1a: Amoonguss|Rage Powder|p1a: Amoonguss\n|-singleturn|p1a: Amoonguss|move: Rage Powder\n|move|p1b: Sneasler|Dire Claw|p2b: Snorlax\n|-damage|p2b: Snorlax|14\/100\n|-status|p2b: Snorlax|psn\n|-damage|p1b: Sneasler|91\/100|[from] item: Life Orb\n|move|p2b: Snorlax|High Horsepower|p1a: Amoonguss\n|-damage|p1a: Amoonguss|0 fnt\n|faint|p1a: Amoonguss\n|move|p2a: Sinistcha|Trick Room|p2a: Sinistcha\n|-fieldstart|move: Trick Room|[of] p2a: Sinistcha\n|\n|-damage|p2b: Snorlax|1\/100 psn|[from] psn\n|upkeep\n|inactive|seapicle has 60 seconds left.\n|\n|t:|1698942386\n|switch|p1a: Clefairy|Clefairy, M|100\/100\n|turn|7\n|inactive|quagyquag has 120 seconds left.\n|\n|t:|1698942423\n|move|p2b: Snorlax|Facade|p1b: Sneasler\n|-damage|p1b: Sneasler|0 fnt\n|faint|p1b: Sneasler\n|move|p1a: Clefairy|Dazzling Gleam|p2b: Snorlax|[spread] p2a,p2b\n|-damage|p2a: Sinistcha|46\/100\n|-damage|p2b: Snorlax|0 fnt\n|faint|p2b: Snorlax\n|move|p2a: Sinistcha|Strength Sap|p1a: Clefairy\n|-unboost|p1a: Clefairy|atk|1\n|-heal|p2a: Sinistcha|80\/100\n|\n|upkeep\n|inactive|quagyquag has 120 seconds left.\n|\n|t:|1698942447\n|switch|p2b: Kommo-o|Kommo-o, F|100\/100\n|switch|p1b: Empoleon|Empoleon, M|100\/100\n|turn|8\n|inactive|seapicle has 90 seconds left.\n|inactive|seapicle has 60 seconds left.\n|\n|t:|1698942502\n|switch|p2b: Landorus|Landorus-Therian, M|100\/100\n|-ability|p2b: Landorus|Intimidate|boost\n|-unboost|p1a: Clefairy|atk|1\n|-unboost|p1b: Empoleon|atk|1\n|-ability|p1b: Empoleon|Competitive|boost\n|-boost|p1b: Empoleon|spa|2\n|move|p1a: Clefairy|Dazzling Gleam|p2b: Landorus|[spread] p2a,p2b\n|-damage|p2a: Sinistcha|57\/100\n|-damage|p2b: Landorus|79\/100\n|move|p2a: Sinistcha|Matcha Gotcha|p1a: Clefairy|[spread] p1a,p1b\n|-damage|p1a: Clefairy|56\/100\n|-heal|p2a: Sinistcha|79\/100|[from] drain|[of] p1a: Clefairy\n|-damage|p1b: Empoleon|73\/100\n|-heal|p2a: Sinistcha|94\/100|[from] drain|[of] p1b: Empoleon\n|-status|p1b: Empoleon|brn\n|move|p1b: Empoleon|Air Slash|p2a: Sinistcha\n|-supereffective|p2a: Sinistcha\n|-damage|p2a: Sinistcha|0 fnt\n|faint|p2a: Sinistcha\n|\n|-damage|p1b: Empoleon|67\/100 brn|[from] brn\n|upkeep\n|inactive|quagyquag has 120 seconds left.\n|\n|t:|1698942537\n|switch|p2a: Iron Hands|Iron Hands|100\/100\n|turn|9\n|inactive|seapicle has 60 seconds left.\n|\n|t:|1698942566\n|-terastallize|p2a: Iron Hands|Water\n|move|p2a: Iron Hands|Fake Out|p1a: Clefairy\n|-damage|p1a: Clefairy|42\/100\n|cant|p1a: Clefairy|flinch\n|move|p1b: Empoleon|Ice Beam|p2b: Landorus\n|-supereffective|p2b: Landorus\n|-damage|p2b: Landorus|0 fnt\n|faint|p2b: Landorus\n|\n|-damage|p1b: Empoleon|61\/100 brn|[from] brn\n|upkeep\n|inactive|quagyquag has 90 seconds left.\n|\n|t:|1698942578\n|switch|p2b: Clefairy|Clefairy, F|100\/100\n|turn|10\n|inactive|seapicle has 60 seconds left.\n|\n|t:|1698942632\n|move|p2b: Clefairy|Follow Me|p2b: Clefairy\n|-singleturn|p2b: Clefairy|move: Follow Me\n|move|p2a: Iron Hands|Wild Charge|p1b: Empoleon\n|-supereffective|p1b: Empoleon\n|-damage|p1b: Empoleon|0 fnt\n|faint|p1b: Empoleon\n|-damage|p2a: Iron Hands|91\/100|[from] Recoil\n|move|p1a: Clefairy|Reflect|p1a: Clefairy\n|-sidestart|p1: seapicle|Reflect\n|\n|-fieldend|move: Trick Room\n|upkeep\n|turn|11\n|inactive|seapicle has 60 seconds left.\n|\n|t:|1698942651\n|move|p2b: Clefairy|Helping Hand|p2a: Iron Hands\n|-singleturn|p2a: Iron Hands|Helping Hand|[of] p2b: Clefairy\n|move|p1a: Clefairy|Dazzling Gleam|p2b: Clefairy|[spread] p2a,p2b\n|-damage|p2a: Iron Hands|83\/100\n|-damage|p2b: Clefairy|87\/100\n|move|p2a: Iron Hands|Heavy Slam|p1a: Clefairy\n|-supereffective|p1a: Clefairy\n|-damage|p1a: Clefairy|0 fnt\n|faint|p1a: Clefairy\n|\n|win|quagyquag\n|raw|seapicle's rating: 1054 &rarr; <strong>1037<\/strong><br \/>(-17 for losing)\n|raw|quagyquag's rating: 1075 &rarr; <strong>1102<\/strong><br \/>(+27 for winning)\n|l|\u2606seapicle\n","uploadtime":1698942664,"views":21,"p1id":"seapicle","p2id":"quagyquag","formatid":"gen9doublesou","rating":1037,"private":0,"password":""}