{"id":"gen9doublesou-1972927470","p1":"Kurs8it","p2":"cotesmcgotes","format":"[Gen 9] Doubles OU","log":"|j|\u2606Kurs8it\n|j|\u2606cotesmcgotes\n|t:|1697909705\n|gametype|doubles\n|player|p1|Kurs8it|266|1177\n|player|p2|cotesmcgotes|flannery|1372\n|teamsize|p1|6\n|teamsize|p2|6\n|gen|9\n|tier|[Gen 9] Doubles OU\n|rated|\n|rule|Species Clause: Limit one of each Pok\u00e9mon\n|rule|OHKO Clause: OHKO moves are banned\n|rule|Evasion Moves Clause: Evasion moves are banned\n|rule|Gravity Sleep Clause: The combination of sleep-inducing moves with imperfect accuracy and Gravity or Gigantamax Orbeetle are banned\n|rule|Endless Battle Clause: Forcing endless battles is banned\n|rule|HP Percentage Mod: HP is shown in percentages\n|clearpoke\n|poke|p1|Vaporeon, M|\n|poke|p1|Hariyama, M|\n|poke|p1|Gastrodon, F|\n|poke|p1|Goodra-Hisui, F|\n|poke|p1|Dragapult, M|\n|poke|p1|Snorlax, F|\n|poke|p2|Manaphy|\n|poke|p2|Espathra, F|\n|poke|p2|Goodra-Hisui, M|\n|poke|p2|Ursaluna-Bloodmoon, M|\n|poke|p2|Ogerpon-Hearthflame, F|\n|poke|p2|Chien-Pao|\n|teampreview\n|inactive|Battle timer is ON: inactive players will automatically lose when time's up. (requested by Kurs8it)\n|\n|t:|1697909737\n|start\n|switch|p1a: Dragapult|Dragapult, M|100\/100\n|switch|p1b: Snorlax|Snorlax, F|100\/100\n|switch|p2a: Ogerpon|Ogerpon-Hearthflame, F|100\/100\n|switch|p2b: Espathra|Espathra, F|100\/100\n|-ability|p2a: Ogerpon|Mold Breaker\n|turn|1\n|inactive|cotesmcgotes has 120 seconds left.\n|\n|t:|1697909786\n|move|p2a: Ogerpon|Spiky Shield|p2a: Ogerpon\n|-singleturn|p2a: Ogerpon|move: Protect\n|move|p2b: Espathra|Protect|p2b: Espathra\n|-singleturn|p2b: Espathra|Protect\n|move|p1a: Dragapult|Draco Meteor|p2a: Ogerpon\n|-activate|p2a: Ogerpon|move: Protect\n|move|p1b: Snorlax|Curse|p1b: Snorlax\n|-unboost|p1b: Snorlax|spe|1\n|-boost|p1b: Snorlax|atk|1\n|-boost|p1b: Snorlax|def|1\n|\n|-ability|p2b: Espathra|Speed Boost|boost\n|-boost|p2b: Espathra|spe|1\n|upkeep\n|turn|2\n|inactive|cotesmcgotes has 120 seconds left.\n|\n|t:|1697909808\n|switch|p1a: Goodra|Goodra-Hisui, F|100\/100\n|switch|p2a: Goodra|Goodra-Hisui, M|100\/100\n|move|p2b: Espathra|Lumina Crash|p1b: Snorlax\n|-damage|p1b: Snorlax|81\/100\n|-unboost|p1b: Snorlax|spd|2\n|move|p1b: Snorlax|Gunk Shot|p2a: Goodra\n|-immune|p2a: Goodra\n|\n|-ability|p2b: Espathra|Speed Boost|boost\n|-boost|p2b: Espathra|spe|1\n|upkeep\n|turn|3\n|inactive|cotesmcgotes has 120 seconds left.\n|inactive|cotesmcgotes has 90 seconds left.\n|\n|t:|1697909858\n|move|p2b: Espathra|Lumina Crash|p1b: Snorlax\n|-damage|p1b: Snorlax|43\/100\n|-unboost|p1b: Snorlax|spd|2\n|-enditem|p1b: Snorlax|Sitrus Berry|[eat]\n|-heal|p1b: Snorlax|68\/100|[from] item: Sitrus Berry\n|move|p2a: Goodra|Acid Armor|p2a: Goodra\n|-boost|p2a: Goodra|def|2\n|move|p1b: Snorlax|Curse|p1b: Snorlax\n|-unboost|p1b: Snorlax|spe|1\n|-boost|p1b: Snorlax|atk|1\n|-boost|p1b: Snorlax|def|1\n|move|p1a: Goodra|Dragon Tail|p2b: Espathra\n|-damage|p2b: Espathra|72\/100\n|drag|p2b: Ursaluna|Ursaluna-Bloodmoon, M|100\/100\n|\n|upkeep\n|turn|4\n|inactive|cotesmcgotes has 90 seconds left.\n|inactive|Kurs8it has 120 seconds left.\n|\n|t:|1697909889\n|move|p2a: Goodra|Body Press|p1a: Goodra\n|-supereffective|p1a: Goodra\n|-crit|p1a: Goodra\n|-damage|p1a: Goodra|15\/100\n|move|p2b: Ursaluna|Blood Moon|p1b: Snorlax\n|-damage|p1b: Snorlax|0 fnt\n|faint|p1b: Snorlax\n|move|p1a: Goodra|Dragon Tail|p2a: Goodra|[miss]\n|-miss|p1a: Goodra|p2a: Goodra\n|\n|upkeep\n|inactive|Kurs8it has 120 seconds left.\n|\n|t:|1697909900\n|switch|p1b: Hariyama|Hariyama, M, shiny|100\/100\n|turn|5\n|inactive|cotesmcgotes has 90 seconds left.\n|\n|t:|1697909944\n|switch|p2a: Espathra|Espathra, F|72\/100\n|move|p2b: Ursaluna|Vacuum Wave|p1a: Goodra\n|-supereffective|p1a: Goodra\n|-damage|p1a: Goodra|3\/100\n|move|p1b: Hariyama|Belly Drum|p1b: Hariyama\n|-damage|p1b: Hariyama|50\/100\n|-setboost|p1b: Hariyama|atk|6|[from] move: Belly Drum\n|-enditem|p1b: Hariyama|Sitrus Berry|[eat]\n|-heal|p1b: Hariyama|75\/100|[from] item: Sitrus Berry\n|move|p1a: Goodra|Dragon Tail|p2a: Espathra\n|-damage|p2a: Espathra|46\/100\n|drag|p2a: Ogerpon|Ogerpon-Hearthflame, F|100\/100\n|-ability|p2a: Ogerpon|Mold Breaker\n|\n|upkeep\n|turn|6\n|inactive|cotesmcgotes has 90 seconds left.\n|inactive|Kurs8it has 120 seconds left.\n|\n|t:|1697909997\n|move|p2a: Ogerpon|Spiky Shield|p2a: Ogerpon\n|-singleturn|p2a: Ogerpon|move: Protect\n|move|p2b: Ursaluna|Vacuum Wave|p1a: Goodra\n|-supereffective|p1a: Goodra\n|-damage|p1a: Goodra|0 fnt\n|faint|p1a: Goodra\n|move|p1b: Hariyama|Drain Punch|p2b: Ursaluna\n|-supereffective|p2b: Ursaluna\n|-damage|p2b: Ursaluna|0 fnt\n|-heal|p1b: Hariyama|100\/100|[from] drain|[of] p2b: Ursaluna\n|faint|p2b: Ursaluna\n|\n|upkeep\n|inactive|Kurs8it has 120 seconds left.\n|\n|t:|1697910020\n|switch|p2b: Chien-Pao|Chien-Pao|100\/100\n|switch|p1a: Dragapult|Dragapult, M|100\/100\n|-ability|p2b: Chien-Pao|Sword of Ruin\n|turn|7\n|\n|t:|1697910032\n|switch|p1a: Vaporeon|Vaporeon, M|100\/100\n|-terastallize|p2b: Chien-Pao|Ghost\n|move|p2b: Chien-Pao|Sucker Punch||[still]\n|-fail|p2b: Chien-Pao\n|move|p1b: Hariyama|Bullet Punch|p2b: Chien-Pao\n|-damage|p2b: Chien-Pao|32\/100\n|move|p2a: Ogerpon|Ivy Cudgel|p1b: Hariyama\n|-crit|p1b: Hariyama\n|-damage|p1b: Hariyama|0 fnt\n|faint|p1b: Hariyama\n|\n|upkeep\n|\n|t:|1697910044\n|switch|p1b: Gastrodon|Gastrodon, F|100\/100\n|turn|8\n|\n|t:|1697910061\n|-terastallize|p1b: Gastrodon|Fire\n|move|p2b: Chien-Pao|Crunch|p1a: Vaporeon\n|-damage|p1a: Vaporeon|56\/100\n|move|p2a: Ogerpon|Horn Leech|p1b: Gastrodon\n|-resisted|p1b: Gastrodon\n|-damage|p1b: Gastrodon|75\/100\n|move|p1a: Vaporeon|Surf|p2a: Ogerpon|[spread] p2a,p2b\n|-ability|p1b: Gastrodon|Storm Drain|boost\n|-boost|p1b: Gastrodon|spa|1\n|-damage|p2a: Ogerpon|68\/100\n|-damage|p2b: Chien-Pao|4\/100\n|move|p1b: Gastrodon|Surf|p2a: Ogerpon|[spread] p2a,p2b\n|-heal|p1a: Vaporeon|80\/100|[from] ability: Water Absorb|[of] p1b: Gastrodon\n|-damage|p2a: Ogerpon|27\/100\n|-damage|p2b: Chien-Pao|0 fnt\n|faint|p2b: Chien-Pao\n|\n|-heal|p1a: Vaporeon|87\/100|[from] item: Leftovers\n|-heal|p1b: Gastrodon|81\/100|[from] item: Leftovers\n|upkeep\n|inactive|cotesmcgotes has 120 seconds left.\n|\n|t:|1697910094\n|switch|p2b: Espathra|Espathra, F|46\/100\n|turn|9\n|inactive|cotesmcgotes has 120 seconds left.\n|\n|t:|1697910101\n|switch|p1a: Dragapult|Dragapult, M|100\/100\n|move|p2b: Espathra|Protect|p2b: Espathra\n|-singleturn|p2b: Espathra|Protect\n|move|p2a: Ogerpon|Horn Leech|p1a: Dragapult\n|-resisted|p1a: Dragapult\n|-damage|p1a: Dragapult|71\/100\n|-heal|p2a: Ogerpon|43\/100|[from] drain|[of] p1a: Dragapult\n|move|p1b: Gastrodon|Surf|p2a: Ogerpon|[spread] p1a,p2a\n|-activate|p2b: Espathra|move: Protect\n|-resisted|p1a: Dragapult\n|-damage|p1a: Dragapult|44\/100\n|-damage|p2a: Ogerpon|4\/100\n|\n|-heal|p1b: Gastrodon|87\/100|[from] item: Leftovers\n|-ability|p2b: Espathra|Speed Boost|boost\n|-boost|p2b: Espathra|spe|1\n|upkeep\n|turn|10\n|inactive|cotesmcgotes has 120 seconds left.\n|\n|t:|1697910131\n|move|p2a: Ogerpon|Spiky Shield|p2a: Ogerpon\n|-singleturn|p2a: Ogerpon|move: Protect\n|move|p2b: Espathra|Skill Swap|p1b: Gastrodon\n|-activate|p2b: Espathra|move: Skill Swap|Storm Drain|Speed Boost|[of] p1b: Gastrodon\n|move|p1a: Dragapult|Shadow Ball|p2b: Espathra\n|-supereffective|p2b: Espathra\n|-damage|p2b: Espathra|0 fnt\n|faint|p2b: Espathra\n|move|p1b: Gastrodon|Surf|p2a: Ogerpon|[spread] p1a\n|-activate|p2a: Ogerpon|move: Protect\n|-resisted|p1a: Dragapult\n|-damage|p1a: Dragapult|19\/100\n|\n|-heal|p1b: Gastrodon|93\/100|[from] item: Leftovers\n|-ability|p1b: Gastrodon|Speed Boost|boost\n|-boost|p1b: Gastrodon|spe|1\n|upkeep\n|\n|t:|1697910142\n|switch|p2b: Manaphy|Manaphy|100\/100\n|turn|11\n|\n|t:|1697910156\n|switch|p2a: Goodra|Goodra-Hisui, M|100\/100\n|move|p1b: Gastrodon|Protect|p1b: Gastrodon\n|-singleturn|p1b: Gastrodon|Protect\n|move|p1a: Dragapult|Draco Meteor|p2b: Manaphy\n|-damage|p2b: Manaphy|42\/100\n|-unboost|p1a: Dragapult|spa|2\n|-enditem|p2b: Manaphy|Sitrus Berry|[eat]\n|-heal|p2b: Manaphy|67\/100|[from] item: Sitrus Berry\n|move|p2b: Manaphy|Scald|p1b: Gastrodon\n|-activate|p1b: Gastrodon|move: Protect\n|\n|-heal|p1b: Gastrodon|99\/100|[from] item: Leftovers\n|-ability|p1b: Gastrodon|Speed Boost|boost\n|-boost|p1b: Gastrodon|spe|1\n|upkeep\n|turn|12\n|\n|t:|1697910183\n|switch|p1a: Vaporeon|Vaporeon, M|87\/100\n|move|p2b: Manaphy|Scald|p1b: Gastrodon\n|-supereffective|p1b: Gastrodon\n|-damage|p1b: Gastrodon|40\/100\n|move|p1b: Gastrodon|Surf|p2b: Manaphy|[spread] p2a,p2b\n|-heal|p1a: Vaporeon|100\/100|[from] ability: Water Absorb|[of] p1b: Gastrodon\n|-resisted|p2a: Goodra\n|-resisted|p2b: Manaphy\n|-damage|p2a: Goodra|91\/100\n|-damage|p2b: Manaphy|48\/100\n|move|p2a: Goodra|Iron Head|p1a: Vaporeon\n|-resisted|p1a: Vaporeon\n|-damage|p1a: Vaporeon|87\/100\n|\n|-heal|p1b: Gastrodon|47\/100|[from] item: Leftovers\n|-heal|p1a: Vaporeon|94\/100|[from] item: Leftovers\n|-heal|p2a: Goodra|97\/100|[from] item: Leftovers\n|-ability|p1b: Gastrodon|Speed Boost|boost\n|-boost|p1b: Gastrodon|spe|1\n|upkeep\n|turn|13\n|\n|t:|1697910213\n|move|p1b: Gastrodon|Protect|p1b: Gastrodon\n|-singleturn|p1b: Gastrodon|Protect\n|move|p2b: Manaphy|Scald|p1b: Gastrodon\n|-activate|p1b: Gastrodon|move: Protect\n|move|p1a: Vaporeon|Acid Armor|p1a: Vaporeon\n|-boost|p1a: Vaporeon|def|2\n|move|p2a: Goodra|Life Dew|p2a: Goodra|[spread] p2a,p2b\n|-heal|p2a: Goodra|100\/100\n|-heal|p2b: Manaphy|73\/100\n|\n|-heal|p1b: Gastrodon|53\/100|[from] item: Leftovers\n|-heal|p1a: Vaporeon|99\/100|[from] item: Leftovers\n|-ability|p1b: Gastrodon|Speed Boost|boost\n|-boost|p1b: Gastrodon|spe|1\n|upkeep\n|turn|14\n|\n|t:|1697910237\n|move|p1b: Gastrodon|Earth Power|p2a: Goodra\n|-supereffective|p2a: Goodra\n|-damage|p2a: Goodra|54\/100\n|move|p2b: Manaphy|Scald|p1b: Gastrodon\n|-supereffective|p1b: Gastrodon\n|-damage|p1b: Gastrodon|0 fnt\n|faint|p1b: Gastrodon\n|move|p1a: Vaporeon|Acid Armor|p1a: Vaporeon\n|-boost|p1a: Vaporeon|def|2\n|move|p2a: Goodra|Life Dew|p2a: Goodra|[spread] p2a,p2b\n|-heal|p2a: Goodra|79\/100\n|-heal|p2b: Manaphy|98\/100\n|\n|-heal|p1a: Vaporeon|100\/100|[from] item: Leftovers\n|-heal|p2a: Goodra|85\/100|[from] item: Leftovers\n|upkeep\n|\n|t:|1697910249\n|switch|p1b: Dragapult|Dragapult, M|19\/100\n|turn|15\n|\n|t:|1697910264\n|move|p1b: Dragapult|Shadow Ball|p2a: Goodra\n|-damage|p2a: Goodra|66\/100\n|move|p2b: Manaphy|Tail Glow|p2b: Manaphy\n|-boost|p2b: Manaphy|spa|3\n|move|p1a: Vaporeon|Calm Mind|p1a: Vaporeon\n|-boost|p1a: Vaporeon|spa|1\n|-boost|p1a: Vaporeon|spd|1\n|move|p2a: Goodra|Iron Head|p1b: Dragapult\n|-damage|p1b: Dragapult|0 fnt\n|faint|p1b: Dragapult\n|\n|-heal|p2a: Goodra|72\/100|[from] item: Leftovers\n|upkeep\n|turn|16\n|inactive|cotesmcgotes has 120 seconds left.\n|\n|t:|1697910296\n|switch|p2b: Ogerpon|Ogerpon-Hearthflame, F|4\/100\n|-ability|p2b: Ogerpon|Mold Breaker\n|move|p1a: Vaporeon|Stored Power|p2b: Ogerpon\n|-damage|p2b: Ogerpon|0 fnt\n|faint|p2b: Ogerpon\n|move|p2a: Goodra|Acid Armor|p2a: Goodra\n|-boost|p2a: Goodra|def|2\n|\n|-heal|p2a: Goodra|78\/100|[from] item: Leftovers\n|upkeep\n|inactive|cotesmcgotes has 120 seconds left.\n|\n|t:|1697910308\n|switch|p2b: Manaphy|Manaphy|98\/100\n|turn|17\n|\n|t:|1697910313\n|move|p2b: Manaphy|Heart Swap|p1a: Vaporeon\n|-swapboost|p2b: Manaphy|p1a: Vaporeon|[from] move: Heart Swap\n|move|p1a: Vaporeon|Stored Power|p2b: Manaphy\n|-damage|p2b: Manaphy|94\/100\n|move|p2a: Goodra|Acid Armor|p2a: Goodra\n|-boost|p2a: Goodra|def|2\n|\n|-heal|p2a: Goodra|84\/100|[from] item: Leftovers\n|upkeep\n|turn|18\n|\n|t:|1697910327\n|move|p2b: Manaphy|Stored Power|p1a: Vaporeon\n|-damage|p1a: Vaporeon|52\/100\n|move|p1a: Vaporeon|Acid Armor|p1a: Vaporeon\n|-boost|p1a: Vaporeon|def|2\n|move|p2a: Goodra|Body Press|p1a: Vaporeon\n|-damage|p1a: Vaporeon|26\/100\n|\n|-heal|p1a: Vaporeon|33\/100|[from] item: Leftovers\n|-heal|p2a: Goodra|90\/100|[from] item: Leftovers\n|upkeep\n|turn|19\n|\n|t:|1697910337\n|move|p2b: Manaphy|Stored Power|p1a: Vaporeon\n|-damage|p1a: Vaporeon|0 fnt\n|faint|p1a: Vaporeon\n|\n|win|cotesmcgotes\n|raw|Kurs8it's rating: 1177 &rarr; <strong>1165<\/strong><br \/>(-12 for losing)\n|raw|cotesmcgotes's rating: 1372 &rarr; <strong>1382<\/strong><br \/>(+10 for winning)\n|l|\u2606Kurs8it\n","uploadtime":1697910343,"views":19,"p1id":"kurs8it","p2id":"cotesmcgotes","formatid":"gen9doublesou","rating":1165,"private":0,"password":""}