{"id":"gen9doublesou-1998597102","p1":"maybenotxand","p2":"bjzhangj","format":"[Gen 9] Doubles OU","log":"|j|\u2606maybenotxand\n|j|\u2606bjzhangj\n|t:|1700960991\n|gametype|doubles\n|player|p1|maybenotxand|dawn|1077\n|player|p2|bjzhangj|battlegirl|1117\n|teamsize|p1|6\n|teamsize|p2|6\n|gen|9\n|tier|[Gen 9] Doubles OU\n|rated|\n|rule|Species Clause: Limit one of each Pok\u00e9mon\n|rule|OHKO Clause: OHKO moves are banned\n|rule|Evasion Moves Clause: Evasion moves are banned\n|rule|Gravity Sleep Clause: The combination of sleep-inducing moves with imperfect accuracy and Gravity or Gigantamax Orbeetle are banned\n|rule|Endless Battle Clause: Forcing endless battles is banned\n|rule|HP Percentage Mod: HP is shown in percentages\n|clearpoke\n|poke|p1|Ceruledge, M|\n|poke|p1|Meowscarada, F|\n|poke|p1|Dragonite, M|\n|poke|p1|Iron Bundle|\n|poke|p1|Scizor, M|\n|poke|p1|Iron Valiant|\n|poke|p2|Pawmot, F|\n|poke|p2|Golem-Alola, F|\n|poke|p2|Grafaiai, F|\n|poke|p2|Rabsca, F|\n|poke|p2|Pelipper, F|\n|poke|p2|Basculegion-F, F|\n|teampreview\n|inactive|Battle timer is ON: inactive players will automatically lose when time's up. (requested by bjzhangj)\n|\n|t:|1700961001\n|start\n|switch|p1a: Fryden|Ceruledge, M|100\/100\n|switch|p1b: Nitee|Dragonite, M, shiny|100\/100\n|switch|p2a: Pawmot|Pawmot, F|100\/100\n|switch|p2b: Golem|Golem-Alola, F|100\/100\n|turn|1\n|\n|t:|1700961028\n|switch|p1a: L Pokemon|Meowscarada, F|100\/100\n|move|p2a: Pawmot|Fake Out|p1b: Nitee\n|-damage|p1b: Nitee|88\/100\n|move|p1b: Nitee|Earthquake|p2b: Golem|[spread] p1a,p2a,p2b\n|-resisted|p1a: L Pokemon\n|-supereffective|p2a: Pawmot\n|-supereffective|p2b: Golem\n|-damage|p1a: L Pokemon|83\/100\n|-damage|p2a: Pawmot|27\/100\n|-damage|p2b: Golem|35\/100\n|move|p2b: Golem|Explosion|p1a: L Pokemon|[spread] p1a,p1b\n|-heal|p2a: Pawmot|52\/100|[from] ability: Volt Absorb|[of] p2b: Golem\n|-resisted|p1a: L Pokemon\n|-damage|p1a: L Pokemon|0 fnt\n|-damage|p1b: Nitee|0 fnt\n|faint|p2b: Golem\n|faint|p1a: L Pokemon\n|faint|p1b: Nitee\n|\n|upkeep\n|\n|t:|1700961050\n|switch|p1a: Jetlag|Iron Valiant, shiny|100\/100\n|switch|p1b: Fryden|Ceruledge, M|100\/100\n|switch|p2b: Grafaiai|Grafaiai, F|100\/100\n|turn|2\n|\n|t:|1700961061\n|switch|p2a: Rabsca|Rabsca, F|100\/100\n|-terastallize|p2b: Grafaiai|Normal\n|move|p2b: Grafaiai|Copycat|p2b: Grafaiai\n|move|p2b: Grafaiai|Explosion|p1b: Fryden|[from]move: Copycat|[spread] p1a\n|-activate|p2a: Rabsca|ability: Telepathy\n|-immune|p1b: Fryden\n|-damage|p1a: Jetlag|0 fnt\n|faint|p2b: Grafaiai\n|faint|p1a: Jetlag\n|-end|p1a: Jetlag|Quark Drive|[silent]\n|move|p1b: Fryden|Bitter Blade|p2a: Rabsca\n|-supereffective|p2a: Rabsca\n|-damage|p2a: Rabsca|24\/100\n|\n|upkeep\n|\n|t:|1700961080\n|switch|p1a: P3ngu1n|Iron Bundle, shiny|100\/100\n|switch|p2b: Pelipper|Pelipper, F|100\/100\n|-weather|RainDance|[from] ability: Drizzle|[of] p2b: Pelipper\n|-enditem|p1a: P3ngu1n|Booster Energy\n|-activate|p1a: P3ngu1n|ability: Quark Drive|[fromitem]\n|-start|p1a: P3ngu1n|quarkdrivespe\n|turn|3\n|\n|t:|1700961101\n|-terastallize|p1a: P3ngu1n|Flying\n|move|p1b: Fryden|Ally Switch|p1b: Fryden\n|swap|p1b: Fryden|0|[from] move: Ally Switch\n|move|p1b: P3ngu1n|Acrobatics|p2b: Pelipper\n|-damage|p2b: Pelipper|66\/100\n|move|p2b: Pelipper|Hurricane|p1a: Fryden\n|-damage|p1a: Fryden|43\/100\n|move|p2a: Rabsca|Revival Blessing|p2a: Rabsca\n|\n|t:|1700961113\n|-heal|p2: Golem|50\/100|[from] move: Revival Blessing\n|\n|-weather|RainDance|[upkeep]\n|upkeep\n|turn|4\n|\n|t:|1700961134\n|move|p1a: Fryden|Shadow Sneak|p2b: Pelipper\n|-damage|p2b: Pelipper|46\/100\n|-enditem|p2b: Pelipper|Sitrus Berry|[eat]\n|-heal|p2b: Pelipper|71\/100|[from] item: Sitrus Berry\n|move|p1b: P3ngu1n|Hydro Pump|p2a: Rabsca\n|-damage|p2a: Rabsca|0 fnt\n|faint|p2a: Rabsca\n|move|p2b: Pelipper|Hurricane|p1a: Fryden\n|-damage|p1a: Fryden|0 fnt\n|faint|p1a: Fryden\n|\n|-weather|RainDance|[upkeep]\n|upkeep\n|\n|t:|1700961147\n|switch|p1a: Reaper|Scizor, M|100\/100\n|switch|p2a: Golem|Golem-Alola, F|50\/100\n|turn|5\n|\n|t:|1700961163\n|move|p2a: Golem|Endure|p2a: Golem\n|-singleturn|p2a: Golem|move: Endure\n|move|p1b: P3ngu1n|Hydro Pump|p2a: Golem|[miss]\n|-miss|p1b: P3ngu1n|p2a: Golem\n|move|p1a: Reaper|Tailwind|p1a: Reaper\n|-sidestart|p1: maybenotxand|move: Tailwind\n|move|p2b: Pelipper|Tailwind|p2b: Pelipper\n|-sidestart|p2: bjzhangj|move: Tailwind\n|\n|-weather|RainDance|[upkeep]\n|upkeep\n|turn|6\n|\n|t:|1700961189\n|switch|p2a: Pawmot|Pawmot, F|52\/100\n|move|p1b: P3ngu1n|Blizzard|p2a: Pawmot|[spread] p2a\n|-miss|p1b: P3ngu1n|p2b: Pelipper\n|-damage|p2a: Pawmot|0 fnt\n|faint|p2a: Pawmot\n|move|p1a: Reaper|Close Combat|p2b: Pelipper\n|-resisted|p2b: Pelipper\n|-damage|p2b: Pelipper|38\/100\n|-unboost|p1a: Reaper|def|1\n|-unboost|p1a: Reaper|spd|1\n|-damage|p1a: Reaper|90\/100|[from] item: Life Orb\n|move|p2b: Pelipper|Weather Ball|p1b: P3ngu1n\n|-damage|p1b: P3ngu1n|0 fnt\n|faint|p1b: P3ngu1n\n|-end|p1b: P3ngu1n|Quark Drive|[silent]\n|\n|-weather|RainDance|[upkeep]\n|upkeep\n|inactive|bjzhangj has 120 seconds left.\n|\n|t:|1700961206\n|switch|p2a: Golem|Golem-Alola, F|50\/100\n|turn|7\n|\n|t:|1700961219\n|move|p2a: Golem|Endure|p2a: Golem\n|-singleturn|p2a: Golem|move: Endure\n|move|p1a: Reaper|Close Combat|p2a: Golem\n|-supereffective|p2a: Golem\n|-activate|p2a: Golem|move: Endure\n|-damage|p2a: Golem|1\/100\n|-unboost|p1a: Reaper|def|1\n|-unboost|p1a: Reaper|spd|1\n|-damage|p1a: Reaper|80\/100|[from] item: Life Orb\n|move|p2b: Pelipper|Weather Ball|p1a: Reaper\n|-damage|p1a: Reaper|0 fnt\n|faint|p1a: Reaper\n|\n|win|bjzhangj\n|raw|maybenotxand's rating: 1077 &rarr; <strong>1058<\/strong><br \/>(-19 for losing)\n|raw|bjzhangj's rating: 1117 &rarr; <strong>1139<\/strong><br \/>(+22 for winning)\n|l|\u2606maybenotxand\n","uploadtime":1700961239,"views":10,"p1id":"maybenotxand","p2id":"bjzhangj","formatid":"gen9doublesou","rating":1058,"private":0,"password":""}