{"id":"gen9doublesou-1997977338","p1":"Lemurro","p2":"V4 Zigh","format":"[Gen 9] Doubles OU","log":"|j|\u2606Lemurro\n|j|\u2606V4 Zigh\n|t:|1700874497\n|gametype|doubles\n|player|p1|Lemurro|#dwcopiii|\n|player|p2|V4 Zigh|clair|\n|teamsize|p1|6\n|teamsize|p2|6\n|gen|9\n|tier|[Gen 9] Doubles OU\n|rule|Species Clause: Limit one of each Pok\u00e9mon\n|rule|OHKO Clause: OHKO moves are banned\n|rule|Evasion Moves Clause: Evasion moves are banned\n|rule|Gravity Sleep Clause: The combination of sleep-inducing moves with imperfect accuracy and Gravity or Gigantamax Orbeetle are banned\n|rule|Endless Battle Clause: Forcing endless battles is banned\n|rule|HP Percentage Mod: HP is shown in percentages\n|clearpoke\n|poke|p1|Ninetales-Alola, F|\n|poke|p1|Sinistcha|\n|poke|p1|Baxcalibur, F|\n|poke|p1|Arcanine-Hisui, F|\n|poke|p1|Iron Hands|\n|poke|p1|Roaring Moon|\n|poke|p2|Flutter Mane|\n|poke|p2|Landorus-Therian, M|\n|poke|p2|Kingambit, F|\n|poke|p2|Zapdos|\n|poke|p2|Rillaboom, M|\n|poke|p2|Volcanion|\n|teampreview\n|inactive|Battle timer is ON: inactive players will automatically lose when time's up. (requested by V4 Zigh)\n|inactiveoff|Battle timer is now OFF.\n|c|\u2606V4 Zigh|let's wait 5 min for ppl\n|c|\u2606Lemurro|okay\n|j| Losconosciuto\n|j| R4ye\n|j| NinjaSnapple\n|j| Shiritu\n|j| Eragon11145\n|j| BurntSkywalker\n|j| theyummybagel\n|j|+zoe\n|j|+Yoda2798\n|j| Murphy Lawden\n|c| Shiritu|Los espa\u00f1oles tan dormidos todos xd\n|l| theyummybagel\n|j| KeanuVGC\n|j|+Frixel\n|j| theyummybagel\n|l| Murphy Lawden\n|c|\u2606V4 Zigh|aight, gl\n|j| Nido-Rus\n|\n|t:|1700874743\n|start\n|switch|p1a: Patterns of Force|Iron Hands|100\/100\n|switch|p1b: Windie|Arcanine-Hisui, F|100\/100\n|switch|p2a: Rillaboom|Rillaboom, M|100\/100\n|switch|p2b: Volcanion|Volcanion|100\/100\n|-ability|p1b: Windie|Intimidate|boost\n|-unboost|p2a: Rillaboom|atk|1\n|-unboost|p2b: Volcanion|atk|1\n|-fieldstart|move: Grassy Terrain|[from] ability: Grassy Surge|[of] p2a: Rillaboom\n|turn|1\n|inactive|Battle timer is ON: inactive players will automatically lose when time's up. (requested by V4 Zigh)\n|inactive|Lemurro has 270 seconds left.\n|\n|t:|1700874802\n|switch|p1b: Cold as Ice|Ninetales-Alola, F|100\/100\n|-weather|Snow|[from] ability: Snow Warning|[of] p1b: Cold as Ice\n|move|p2a: Rillaboom|Fake Out|p1a: Patterns of Force\n|-damage|p1a: Patterns of Force|94\/100\n|move|p2b: Volcanion|Steam Eruption|p1b: Cold as Ice\n|-damage|p1b: Cold as Ice|36\/100\n|-status|p1b: Cold as Ice|brn\n|cant|p1a: Patterns of Force|flinch\n|\n|-weather|Snow|[upkeep]\n|-heal|p1b: Cold as Ice|42\/100 brn|[from] Grassy Terrain\n|-heal|p1a: Patterns of Force|100\/100|[from] Grassy Terrain\n|-damage|p1b: Cold as Ice|36\/100 brn|[from] brn\n|upkeep\n|turn|2\n|j| SeraphZ\u2605\n|j| Exi0022\n|inactive|V4 Zigh has 270 seconds left.\n|inactive|Lemurro has 240 seconds left.\n|inactive|V4 Zigh has 240 seconds left.\n|\n|t:|1700874887\n|move|p1b: Cold as Ice|Protect|p1b: Cold as Ice\n|-singleturn|p1b: Cold as Ice|Protect\n|move|p2a: Rillaboom|U-turn|p1a: Patterns of Force\n|-resisted|p1a: Patterns of Force\n|-damage|p1a: Patterns of Force|95\/100\n|\n|t:|1700874892\n|switch|p2a: Landorus|Landorus-Therian, M|100\/100|[from] U-turn\n|-ability|p2a: Landorus|Intimidate|boost\n|-unboost|p1a: Patterns of Force|atk|1\n|-unboost|p1b: Cold as Ice|atk|1\n|move|p2b: Volcanion|Heat Wave|p1a: Patterns of Force|[spread] p1a\n|-activate|p1b: Cold as Ice|move: Protect\n|-damage|p1a: Patterns of Force|74\/100\n|-status|p1a: Patterns of Force|brn\n|move|p1a: Patterns of Force|Wild Charge|p2b: Volcanion\n|-supereffective|p2b: Volcanion\n|-damage|p2b: Volcanion|75\/100\n|-damage|p1a: Patterns of Force|69\/100 brn|[from] Recoil\n|\n|-weather|Snow|[upkeep]\n|-heal|p1b: Cold as Ice|42\/100 brn|[from] Grassy Terrain\n|-heal|p2b: Volcanion|81\/100|[from] Grassy Terrain\n|-heal|p2b: Volcanion|87\/100|[from] item: Leftovers\n|-heal|p1a: Patterns of Force|76\/100 brn|[from] Grassy Terrain\n|-damage|p1b: Cold as Ice|36\/100 brn|[from] brn\n|-damage|p1a: Patterns of Force|69\/100 brn|[from] brn\n|upkeep\n|turn|3\n|inactive|Lemurro has 240 seconds left.\n|c|\u2606V4 Zigh|sorry for that 2nd one\n|inactive|V4 Zigh has 240 seconds left.\n|inactive|Lemurro has 210 seconds left.\n|inactive|V4 Zigh has 210 seconds left.\n|\n|t:|1700874953\n|-end|p1a: Patterns of Force|Quark Drive|[silent]\n|switch|p1a: Windie|Arcanine-Hisui, F|100\/100\n|-ability|p1a: Windie|Intimidate|boost\n|-unboost|p2a: Landorus|atk|1\n|-unboost|p2b: Volcanion|atk|1\n|move|p2a: Landorus|Rock Slide|p1b: Cold as Ice|[spread] p1a,p1b\n|-supereffective|p1a: Windie\n|-supereffective|p1b: Cold as Ice\n|-damage|p1a: Windie|71\/100\n|-damage|p1b: Cold as Ice|10\/100 brn\n|move|p1b: Cold as Ice|Aurora Veil|p1b: Cold as Ice\n|-sidestart|p1: Lemurro|move: Aurora Veil\n|move|p2b: Volcanion|Heat Wave|p1b: Cold as Ice|[spread] p1a,p1b\n|-resisted|p1a: Windie\n|-supereffective|p1b: Cold as Ice\n|-damage|p1a: Windie|63\/100\n|-damage|p1b: Cold as Ice|0 fnt\n|faint|p1b: Cold as Ice\n|\n|-weather|Snow|[upkeep]\n|-heal|p1a: Windie|69\/100|[from] Grassy Terrain\n|-heal|p2b: Volcanion|93\/100|[from] Grassy Terrain\n|-heal|p2b: Volcanion|99\/100|[from] item: Leftovers\n|upkeep\n|j|+ryo yamada2001\n|\n|t:|1700874972\n|switch|p1b: Kelvin|Baxcalibur, F|100\/100\n|turn|4\n|inactive|Lemurro has 210 seconds left.\n|inactive|V4 Zigh has 210 seconds left.\n|j| EternalSnowman\n|inactive|Lemurro has 180 seconds left.\n|l|+ryo yamada2001\n|\n|t:|1700875036\n|switch|p2a: Rillaboom|Rillaboom, M|100\/100\n|-terastallize|p2b: Volcanion|Dragon\n|move|p1a: Windie|Howl|p1a: Windie|[spread] p1a,p1b\n|-boost|p1a: Windie|atk|1\n|-boost|p1b: Kelvin|atk|1\n|move|p1b: Kelvin|High Horsepower|p2b: Volcanion\n|-damage|p2b: Volcanion|48\/100\n|move|p2b: Volcanion|Steam Eruption|p1a: Windie\n|-supereffective|p1a: Windie\n|-damage|p1a: Windie|0 fnt\n|faint|p1a: Windie\n|\n|-weather|Snow|[upkeep]\n|-heal|p2b: Volcanion|54\/100|[from] Grassy Terrain\n|-heal|p2b: Volcanion|61\/100|[from] item: Leftovers\n|upkeep\n|\n|t:|1700875047\n|switch|p1a: Savage Curtain|Roaring Moon|100\/100\n|-enditem|p1a: Savage Curtain|Booster Energy\n|-activate|p1a: Savage Curtain|ability: Protosynthesis|[fromitem]\n|-start|p1a: Savage Curtain|protosynthesisspe\n|turn|5\n|inactive|V4 Zigh has 210 seconds left.\n|\n|t:|1700875059\n|switch|p2b: Landorus|Landorus-Therian, M|100\/100\n|-ability|p2b: Landorus|Intimidate|boost\n|-unboost|p1a: Savage Curtain|atk|1\n|-fail|p1b: Kelvin|unboost|[from] item: Clear Amulet|[of] p1b: Kelvin\n|move|p2a: Rillaboom|Fake Out|p1b: Kelvin\n|-crit|p1b: Kelvin\n|-damage|p1b: Kelvin|86\/100\n|move|p1a: Savage Curtain|Taunt|p2b: Landorus\n|-start|p2b: Landorus|move: Taunt\n|cant|p1b: Kelvin|flinch\n|\n|-weather|none\n|-heal|p1b: Kelvin|92\/100|[from] Grassy Terrain\n|-fieldend|move: Grassy Terrain\n|upkeep\n|turn|6\n|inactive|V4 Zigh has 210 seconds left.\n|\n|t:|1700875083\n|move|p1a: Savage Curtain|Tailwind|p1a: Savage Curtain\n|-sidestart|p1: Lemurro|move: Tailwind\n|move|p1b: Kelvin|Icicle Crash|p2b: Landorus\n|-supereffective|p2b: Landorus\n|-damage|p2b: Landorus|0 fnt\n|faint|p2b: Landorus\n|move|p2a: Rillaboom|U-turn|p1a: Savage Curtain\n|-supereffective|p1a: Savage Curtain\n|-damage|p1a: Savage Curtain|65\/100\n|inactive|V4 Zigh has 210 seconds left.\n|j| ina fable\n|\n|t:|1700875094\n|switch|p2a: Flutter Mane|Flutter Mane|100\/100|[from] U-turn\n|\n|upkeep\n|\n|t:|1700875097\n|switch|p2b: Rillaboom|Rillaboom, M|100\/100\n|-fieldstart|move: Grassy Terrain|[from] ability: Grassy Surge|[of] p2b: Rillaboom\n|turn|7\n|c| ina fable|Go zighhh\n|inactive|Lemurro has 210 seconds left.\n|inactive|V4 Zigh has 210 seconds left.\n|\n|t:|1700875146\n|-end|p1a: Savage Curtain|Protosynthesis|[silent]\n|switch|p1a: Nature Feels|Sinistcha|100\/100\n|-heal|p1b: Kelvin|100\/100|[from] ability: Hospitality|[of] p1a: Nature Feels\n|switch|p2b: Volcanion|Volcanion, tera:Dragon|61\/100\n|-terastallize|p1b: Kelvin|Fire\n|move|p1b: Kelvin|Dragon Dance|p1b: Kelvin\n|-boost|p1b: Kelvin|atk|1\n|-boost|p1b: Kelvin|spe|1\n|move|p2a: Flutter Mane|Moonblast|p1a: Nature Feels\n|-damage|p1a: Nature Feels|51\/100\n|\n|-heal|p1a: Nature Feels|57\/100|[from] Grassy Terrain\n|-heal|p2b: Volcanion|67\/100|[from] Grassy Terrain\n|-heal|p2b: Volcanion|73\/100|[from] item: Leftovers\n|upkeep\n|turn|8\n|inactive|Lemurro has 210 seconds left.\n|inactive|V4 Zigh has 210 seconds left.\n|inactive|V4 Zigh has 180 seconds left.\n|\n|t:|1700875185\n|move|p2b: Volcanion|Protect|p2b: Volcanion\n|-singleturn|p2b: Volcanion|Protect\n|move|p1b: Kelvin|Icicle Crash|p2b: Volcanion\n|-activate|p2b: Volcanion|move: Protect\n|move|p2a: Flutter Mane|Moonblast|p1a: Nature Feels\n|-damage|p1a: Nature Feels|8\/100\n|-enditem|p1a: Nature Feels|Sitrus Berry|[eat]\n|-heal|p1a: Nature Feels|33\/100|[from] item: Sitrus Berry\n|move|p1a: Nature Feels|Matcha Gotcha|p2a: Flutter Mane|[spread] p2a\n|-activate|p2b: Volcanion|move: Protect\n|-damage|p2a: Flutter Mane|64\/100\n|-heal|p1a: Nature Feels|50\/100|[from] drain|[of] p2a: Flutter Mane\n|\n|-heal|p2a: Flutter Mane|70\/100|[from] Grassy Terrain\n|-heal|p1a: Nature Feels|56\/100|[from] Grassy Terrain\n|-heal|p2b: Volcanion|79\/100|[from] Grassy Terrain\n|-heal|p2b: Volcanion|86\/100|[from] item: Leftovers\n|upkeep\n|turn|9\n|inactive|V4 Zigh has 180 seconds left.\n|l| SeraphZ\u2605\n|\n|t:|1700875212\n|switch|p2b: Zapdos|Zapdos|100\/100\n|move|p1b: Kelvin|Icicle Crash|p2a: Flutter Mane\n|-damage|p2a: Flutter Mane|0 fnt\n|faint|p2a: Flutter Mane\n|-end|p2a: Flutter Mane|Protosynthesis|[silent]\n|move|p1a: Nature Feels|Matcha Gotcha|p2b: Zapdos|[miss]\n|-miss|p1a: Nature Feels|p2b: Zapdos\n|\n|-heal|p1a: Nature Feels|62\/100|[from] Grassy Terrain\n|-sideend|p1: Lemurro|move: Tailwind\n|upkeep\n|inactive|V4 Zigh has 180 seconds left.\n|\n|t:|1700875225\n|switch|p2a: Volcanion|Volcanion, tera:Dragon|86\/100\n|turn|10\n|inactive|Lemurro has 240 seconds left.\n|inactive|V4 Zigh has 180 seconds left.\n|j|+GenOne\n|inactive|V4 Zigh has 150 seconds left.\n|inactive|V4 Zigh has 120 seconds left.\n|inactive|V4 Zigh has 90 seconds left.\n|\n|t:|1700875361\n|switch|p2b: Kingambit|Kingambit, F, shiny|100\/100\n|-activate|p2b: Kingambit|ability: Supreme Overlord\n|-start|p2b: Kingambit|fallen2|[silent]\n|switch|p1a: Patterns of Force|Iron Hands|69\/100 brn\n|move|p1b: Kelvin|Icicle Crash|p2b: Kingambit\n|-resisted|p2b: Kingambit\n|-damage|p2b: Kingambit|67\/100\n|move|p2a: Volcanion|Steam Eruption|p1b: Kelvin|[miss]\n|-miss|p2a: Volcanion|p1b: Kelvin\n|\n|-heal|p2a: Volcanion|92\/100|[from] Grassy Terrain\n|-heal|p2a: Volcanion|98\/100|[from] item: Leftovers\n|-heal|p1a: Patterns of Force|76\/100 brn|[from] Grassy Terrain\n|-heal|p2b: Kingambit|73\/100|[from] Grassy Terrain\n|-damage|p1a: Patterns of Force|69\/100 brn|[from] brn\n|-sideend|p1: Lemurro|move: Aurora Veil\n|upkeep\n|turn|11\n|c| ina fable|Nahhhh\n|inactive|V4 Zigh has 60 seconds left.\n|c| Shiritu|:(\n|c| KeanuVGC|bro pulled a me\n|\n|t:|1700875400\n|-end|p2b: Kingambit|fallen2|[silent]\n|switch|p2b: Rillaboom|Rillaboom, M|100\/100\n|move|p2a: Volcanion|Protect|p2a: Volcanion\n|-singleturn|p2a: Volcanion|Protect\n|move|p1b: Kelvin|Icicle Crash|p2a: Volcanion\n|-activate|p2a: Volcanion|move: Protect\n|move|p1a: Patterns of Force|Drain Punch|p2b: Rillaboom\n|-damage|p2b: Rillaboom|83\/100\n|-heal|p1a: Patterns of Force|77\/100 brn|[from] drain|[of] p2b: Rillaboom\n|\n|-heal|p2b: Rillaboom|89\/100|[from] Grassy Terrain\n|-heal|p2a: Volcanion|100\/100|[from] Grassy Terrain\n|-heal|p1a: Patterns of Force|83\/100 brn|[from] Grassy Terrain\n|-damage|p1a: Patterns of Force|77\/100 brn|[from] brn\n|-fieldend|move: Grassy Terrain\n|upkeep\n|turn|12\n|inactive|Lemurro has 270 seconds left.\n|inactive|V4 Zigh has 60 seconds left.\n|\n|t:|1700875440\n|move|p1b: Kelvin|Protect|p1b: Kelvin\n|-singleturn|p1b: Kelvin|Protect\n|move|p2b: Rillaboom|U-turn|p1a: Patterns of Force\n|-resisted|p1a: Patterns of Force\n|-damage|p1a: Patterns of Force|69\/100 brn\n|\n|t:|1700875446\n|switch|p2b: Zapdos|Zapdos|100\/100|[from] U-turn\n|move|p2a: Volcanion|Steam Eruption|p1a: Patterns of Force\n|-damage|p1a: Patterns of Force|36\/100 brn\n|move|p1a: Patterns of Force|Drain Punch|p2b: Zapdos\n|-resisted|p2b: Zapdos\n|-damage|p2b: Zapdos|92\/100\n|-heal|p1a: Patterns of Force|40\/100 brn|[from] drain|[of] p2b: Zapdos\n|\n|-damage|p1a: Patterns of Force|33\/100 brn|[from] brn\n|upkeep\n|turn|13\n|inactive|V4 Zigh has 60 seconds left.\n|\n|t:|1700875464\n|-end|p1a: Patterns of Force|Quark Drive|[silent]\n|switch|p1a: Savage Curtain|Roaring Moon|65\/100\n|move|p2a: Volcanion|Protect|p2a: Volcanion\n|-singleturn|p2a: Volcanion|Protect\n|move|p1b: Kelvin|Icicle Crash|p2a: Volcanion\n|-activate|p2a: Volcanion|move: Protect\n|move|p2b: Zapdos|Tailwind|p2b: Zapdos\n|-sidestart|p2: V4 Zigh|move: Tailwind\n|\n|upkeep\n|turn|14\n|j| Entrenador angel\n|inactive|V4 Zigh has 60 seconds left.\n|inactive|Lemurro has 270 seconds left.\n|\n|t:|1700875501\n|switch|p2b: Rillaboom|Rillaboom, M|89\/100\n|-fieldstart|move: Grassy Terrain|[from] ability: Grassy Surge|[of] p2b: Rillaboom\n|move|p1b: Kelvin|Protect|p1b: Kelvin\n|-singleturn|p1b: Kelvin|Protect\n|move|p1a: Savage Curtain|Tailwind|p1a: Savage Curtain\n|-sidestart|p1: Lemurro|move: Tailwind\n|move|p2a: Volcanion|Steam Eruption|p1b: Kelvin\n|-activate|p1b: Kelvin|move: Protect\n|\n|-heal|p1a: Savage Curtain|72\/100|[from] Grassy Terrain\n|-heal|p2b: Rillaboom|96\/100|[from] Grassy Terrain\n|upkeep\n|turn|15\n|\n|t:|1700875510\n|switch|p1b: Nature Feels|Sinistcha|62\/100\n|-heal|p1a: Savage Curtain|96\/100|[from] ability: Hospitality|[of] p1b: Nature Feels\n|move|p2b: Rillaboom|Fake Out|p1b: Nature Feels\n|-immune|p1b: Nature Feels\n|move|p1a: Savage Curtain|Breaking Swipe|p2b: Rillaboom|[spread] p2a,p2b\n|-supereffective|p2a: Volcanion\n|-damage|p2a: Volcanion|62\/100\n|-damage|p2b: Rillaboom|74\/100\n|-unboost|p2a: Volcanion|atk|1\n|-unboost|p2b: Rillaboom|atk|1\n|move|p2a: Volcanion|Steam Eruption|p1b: Nature Feels\n|-resisted|p1b: Nature Feels\n|-damage|p1b: Nature Feels|27\/100\n|\n|-heal|p1a: Savage Curtain|100\/100|[from] Grassy Terrain\n|-heal|p2b: Rillaboom|81\/100|[from] Grassy Terrain\n|-heal|p1b: Nature Feels|33\/100|[from] Grassy Terrain\n|-heal|p2a: Volcanion|69\/100|[from] Grassy Terrain\n|-heal|p2a: Volcanion|75\/100|[from] item: Leftovers\n|upkeep\n|turn|16\n|\n|t:|1700875526\n|switch|p2b: Zapdos|Zapdos|92\/100\n|move|p1a: Savage Curtain|Breaking Swipe|p2a: Volcanion|[spread] p2a,p2b\n|-supereffective|p2a: Volcanion\n|-damage|p2a: Volcanion|41\/100\n|-damage|p2b: Zapdos|75\/100\n|-unboost|p2a: Volcanion|atk|1\n|-unboost|p2b: Zapdos|atk|1\n|move|p1b: Nature Feels|Matcha Gotcha|p2b: Zapdos|[spread] p2a,p2b\n|-resisted|p2a: Volcanion\n|-crit|p2a: Volcanion\n|-resisted|p2b: Zapdos\n|-damage|p2a: Volcanion|9\/100\n|-heal|p1b: Nature Feels|50\/100|[from] drain|[of] p2a: Volcanion\n|-damage|p2b: Zapdos|57\/100\n|-heal|p1b: Nature Feels|60\/100|[from] drain|[of] p2b: Zapdos\n|-status|p2b: Zapdos|brn\n|move|p2a: Volcanion|Heat Wave|p1b: Nature Feels|[spread] p1a,p1b\n|-resisted|p1a: Savage Curtain\n|-supereffective|p1b: Nature Feels\n|-damage|p1a: Savage Curtain|82\/100\n|-damage|p1b: Nature Feels|0 fnt\n|-status|p1a: Savage Curtain|brn\n|faint|p1b: Nature Feels\n|\n|-heal|p1a: Savage Curtain|88\/100 brn|[from] Grassy Terrain\n|-heal|p2a: Volcanion|15\/100|[from] Grassy Terrain\n|-heal|p2a: Volcanion|21\/100|[from] item: Leftovers\n|-damage|p1a: Savage Curtain|82\/100 brn|[from] brn\n|-damage|p2b: Zapdos|51\/100 brn|[from] brn\n|-sideend|p2: V4 Zigh|move: Tailwind\n|upkeep\n|inactive|Lemurro has 270 seconds left.\n|\n|t:|1700875549\n|switch|p1b: Kelvin|Baxcalibur, F, tera:Fire|100\/100\n|turn|17\n|inactive|V4 Zigh has 120 seconds left.\n|c|\u2606V4 Zigh|damn, my heat waves are on point tonigh\n|inactive|Lemurro has 270 seconds left.\n|inactive|V4 Zigh has 90 seconds left.\n|inactive|Lemurro has 240 seconds left.\n|\n|t:|1700875605\n|move|p2a: Volcanion|Protect|p2a: Volcanion\n|-singleturn|p2a: Volcanion|Protect\n|move|p1a: Savage Curtain|Knock Off|p2b: Zapdos\n|-damage|p2b: Zapdos|31\/100 brn\n|-enditem|p2b: Zapdos|Sitrus Berry|[from] move: Knock Off|[of] p1a: Savage Curtain\n|move|p1b: Kelvin|Icicle Crash|p2a: Volcanion\n|-activate|p2a: Volcanion|move: Protect\n|move|p2b: Zapdos|Tailwind|p2b: Zapdos\n|-sidestart|p2: V4 Zigh|move: Tailwind\n|\n|-heal|p1a: Savage Curtain|88\/100 brn|[from] Grassy Terrain\n|-heal|p2a: Volcanion|27\/100|[from] Grassy Terrain\n|-heal|p2a: Volcanion|34\/100|[from] item: Leftovers\n|-damage|p1a: Savage Curtain|82\/100 brn|[from] brn\n|-damage|p2b: Zapdos|25\/100 brn|[from] brn\n|-sideend|p1: Lemurro|move: Tailwind\n|upkeep\n|turn|18\n|inactive|V4 Zigh has 90 seconds left.\n|inactive|Lemurro has 240 seconds left.\n|inactive|Lemurro has 210 seconds left.\n|inactive|V4 Zigh has 60 seconds left.\n|\n|t:|1700875689\n|switch|p2b: Rillaboom|Rillaboom, M|81\/100\n|move|p1a: Savage Curtain|Tailwind|p1a: Savage Curtain\n|-sidestart|p1: Lemurro|move: Tailwind\n|move|p1b: Kelvin|Icicle Crash|p2a: Volcanion\n|-supereffective|p2a: Volcanion\n|-damage|p2a: Volcanion|0 fnt\n|faint|p2a: Volcanion\n|\n|-heal|p1a: Savage Curtain|88\/100 brn|[from] Grassy Terrain\n|-heal|p2b: Rillaboom|87\/100|[from] Grassy Terrain\n|-damage|p1a: Savage Curtain|82\/100 brn|[from] brn\n|-fieldend|move: Grassy Terrain\n|upkeep\n|inactive|V4 Zigh has 30 seconds left.\n|l| NinjaSnapple\n|inactive|V4 Zigh has 20 seconds left.\n|\n|t:|1700875729\n|switch|p2a: Zapdos|Zapdos|25\/100 brn\n|turn|19\n|inactive|Lemurro has 210 seconds left.\n|\n|t:|1700875743\n|move|p2b: Rillaboom|Fake Out|p1b: Kelvin\n|-damage|p1b: Kelvin|87\/100\n|move|p1a: Savage Curtain|Knock Off|p2a: Zapdos\n|-damage|p2a: Zapdos|13\/100 brn\n|cant|p1b: Kelvin|flinch\n|move|p2a: Zapdos|Roost|p2a: Zapdos\n|-heal|p2a: Zapdos|63\/100 brn\n|-singleturn|p2a: Zapdos|move: Roost\n|\n|-damage|p1a: Savage Curtain|76\/100 brn|[from] brn\n|-damage|p2a: Zapdos|57\/100 brn|[from] brn\n|upkeep\n|turn|20\n|inactive|V4 Zigh has 60 seconds left.\n|inactive|Lemurro has 210 seconds left.\n|inactive|V4 Zigh has 30 seconds left.\n|inactive|V4 Zigh has 20 seconds left.\n|inactive|V4 Zigh has 15 seconds left.\n|\n|t:|1700875796\n|move|p1a: Savage Curtain|Taunt|p2a: Zapdos\n|-start|p2a: Zapdos|move: Taunt\n|move|p1b: Kelvin|Icicle Crash|p2b: Rillaboom\n|-supereffective|p2b: Rillaboom\n|-damage|p2b: Rillaboom|0 fnt\n|faint|p2b: Rillaboom\n|move|p2a: Zapdos|Hurricane|p1b: Kelvin\n|-damage|p1b: Kelvin|35\/100\n|\n|-damage|p1a: Savage Curtain|70\/100 brn|[from] brn\n|-damage|p2a: Zapdos|51\/100 brn|[from] brn\n|-sideend|p2: V4 Zigh|move: Tailwind\n|upkeep\n|inactive|V4 Zigh has 20 seconds left this turn.\n|inactive|V4 Zigh has 15 seconds left.\n|inactive|V4 Zigh has 10 seconds left.\n|\n|t:|1700875806\n|switch|p2b: Kingambit|Kingambit, F, shiny|73\/100\n|-activate|p2b: Kingambit|ability: Supreme Overlord\n|-start|p2b: Kingambit|fallen4|[silent]\n|turn|21\n|inactive|V4 Zigh has 30 seconds left.\n|inactive|Lemurro has 210 seconds left.\n|\n|t:|1700875835\n|move|p2b: Kingambit|Sucker Punch|p1b: Kelvin\n|-damage|p1b: Kelvin|0 fnt\n|faint|p1b: Kelvin\n|move|p1a: Savage Curtain|Breaking Swipe|p2b: Kingambit|[spread] p2a,p2b\n|-resisted|p2b: Kingambit\n|-damage|p2a: Zapdos|43\/100 brn\n|-damage|p2b: Kingambit|70\/100\n|-unboost|p2a: Zapdos|atk|1\n|-unboost|p2b: Kingambit|atk|1\n|move|p2a: Zapdos|Hurricane|p1a: Savage Curtain\n|-damage|p1a: Savage Curtain|33\/100 brn\n|-start|p1a: Savage Curtain|confusion\n|\n|-damage|p1a: Savage Curtain|27\/100 brn|[from] brn\n|-damage|p2a: Zapdos|37\/100 brn|[from] brn\n|-sideend|p1: Lemurro|move: Tailwind\n|upkeep\n|\n|t:|1700875838\n|switch|p1b: Patterns of Force|Iron Hands|33\/100 brn\n|turn|22\n|inactive|V4 Zigh has 30 seconds left.\n|l| Entrenador angel\n|inactive|V4 Zigh has 20 seconds left.\n|inactive|V4 Zigh has 15 seconds left.\n|\n|t:|1700875886\n|move|p2b: Kingambit|Protect|p2b: Kingambit\n|-singleturn|p2b: Kingambit|Protect\n|-activate|p1a: Savage Curtain|confusion\n|move|p1a: Savage Curtain|Tailwind|p1a: Savage Curtain\n|-sidestart|p1: Lemurro|move: Tailwind\n|move|p1b: Patterns of Force|Drain Punch|p2b: Kingambit\n|-activate|p2b: Kingambit|move: Protect\n|move|p2a: Zapdos|Thunderbolt|p1b: Patterns of Force\n|-resisted|p1b: Patterns of Force\n|-damage|p1b: Patterns of Force|25\/100 brn\n|\n|-damage|p1a: Savage Curtain|21\/100 brn|[from] brn\n|-damage|p1b: Patterns of Force|19\/100 brn|[from] brn\n|-damage|p2a: Zapdos|31\/100 brn|[from] brn\n|-end|p2a: Zapdos|move: Taunt\n|upkeep\n|turn|23\n|inactive|V4 Zigh has 30 seconds left.\n|inactive|Lemurro has 240 seconds left.\n|inactive|V4 Zigh has 20 seconds left.\n|\n|t:|1700875909\n|move|p2b: Kingambit|Sucker Punch|p1b: Patterns of Force\n|-resisted|p1b: Patterns of Force\n|-damage|p1b: Patterns of Force|6\/100 brn\n|-activate|p1a: Savage Curtain|confusion\n|move|p1a: Savage Curtain|Taunt|p2a: Zapdos\n|-start|p2a: Zapdos|move: Taunt\n|move|p1b: Patterns of Force|Drain Punch|p2b: Kingambit\n|-supereffective|p2b: Kingambit\n|-damage|p2b: Kingambit|6\/100\n|-heal|p1b: Patterns of Force|33\/100 brn|[from] drain|[of] p2b: Kingambit\n|move|p2a: Zapdos|Thunderbolt|p1a: Savage Curtain\n|-resisted|p1a: Savage Curtain\n|-damage|p1a: Savage Curtain|6\/100 brn\n|\n|-damage|p1a: Savage Curtain|0 fnt|[from] brn\n|faint|p1a: Savage Curtain\n|-end|p1a: Savage Curtain|Protosynthesis|[silent]\n|-damage|p1b: Patterns of Force|27\/100 brn|[from] brn\n|-damage|p2a: Zapdos|25\/100 brn|[from] brn\n|upkeep\n|turn|24\n|inactive|V4 Zigh has 30 seconds left.\n|inactive|Lemurro has 240 seconds left.\n|inactive|V4 Zigh has 20 seconds left.\n|\n|t:|1700875958\n|move|p2b: Kingambit|Sucker Punch|p1b: Patterns of Force\n|-resisted|p1b: Patterns of Force\n|-damage|p1b: Patterns of Force|13\/100 brn\n|move|p1b: Patterns of Force|Wild Charge|p2a: Zapdos\n|-damage|p2a: Zapdos|4\/100 brn\n|-damage|p1b: Patterns of Force|9\/100 brn|[from] Recoil\n|move|p2a: Zapdos|Hurricane|p1b: Patterns of Force|[miss]\n|-miss|p2a: Zapdos|p1b: Patterns of Force\n|\n|-damage|p1b: Patterns of Force|2\/100 brn|[from] brn\n|-damage|p2a: Zapdos|0 fnt|[from] brn\n|faint|p2a: Zapdos\n|upkeep\n|turn|25\n|l|+GenOne\n|inactive|Lemurro has 240 seconds left.\n|\n|t:|1700875971\n|move|p2b: Kingambit|Sucker Punch|p1b: Patterns of Force\n|-resisted|p1b: Patterns of Force\n|-damage|p1b: Patterns of Force|0 fnt\n|faint|p1b: Patterns of Force\n|-end|p1b: Patterns of Force|Quark Drive|[silent]\n|\n|win|V4 Zigh\n|l| KeanuVGC\n|l| Eragon11145\n|c| Shiritu|Buenisima\n|c| Shiritu|:)\n|l| theyummybagel\n|l|+zoe\n|c|\u2606V4 Zigh|ggs, and sorry for the multiple burns\n|l| ina fable\n|c|\u2606Lemurro|I would say gg but it really wasn't\n|j| AIRedzone\n|j| Lunarr\n|l| AIRedzone\n|l| Losconosciuto\n|j| colgatex\n","uploadtime":1700876008,"views":62,"p1id":"lemurro","p2id":"v4zigh","formatid":"gen9doublesou","rating":0,"private":0,"password":""}