{"id":"gen9doublesou-1970687492","p1":"Moss_Ocean","p2":"Daskhiel02","format":"[Gen 9] Doubles OU","log":"|j|\u2606Moss_Ocean\n|j|\u2606Daskhiel02\n|t:|1697658274\n|gametype|doubles\n|player|p1|Moss_Ocean|backpacker|1408\n|player|p2|Daskhiel02|102|1447\n|teamsize|p1|6\n|teamsize|p2|6\n|gen|9\n|tier|[Gen 9] Doubles OU\n|rated|\n|rule|Species Clause: Limit one of each Pok\u00e9mon\n|rule|OHKO Clause: OHKO moves are banned\n|rule|Evasion Moves Clause: Evasion moves are banned\n|rule|Gravity Sleep Clause: The combination of sleep-inducing moves with imperfect accuracy and Gravity or Gigantamax Orbeetle are banned\n|rule|Endless Battle Clause: Forcing endless battles is banned\n|rule|HP Percentage Mod: HP is shown in percentages\n|clearpoke\n|poke|p1|Armarouge, F|\n|poke|p1|Indeedee-F, F|\n|poke|p1|Palafin, F|\n|poke|p1|Tornadus, M|\n|poke|p1|Goodra-Hisui, M|\n|poke|p1|Chien-Pao|\n|poke|p2|Dachsbun, F|\n|poke|p2|Indeedee-F, F|\n|poke|p2|Ribombee, F|\n|poke|p2|Tauros-Paldea-Aqua, M|\n|poke|p2|Typhlosion, F|\n|poke|p2|Armarouge, M|\n|teampreview\n|\n|t:|1697658294\n|start\n|switch|p1a: Goodra|Goodra-Hisui, M|100\/100\n|switch|p1b: Palafin|Palafin, F|100\/100\n|switch|p2a: Tauros|Tauros-Paldea-Aqua, M|100\/100\n|switch|p2b: Ribombee|Ribombee, F|100\/100\n|-ability|p2a: Tauros|Intimidate|boost\n|-unboost|p1a: Goodra|atk|1\n|-enditem|p1a: Goodra|Eject Pack\n|-unboost|p1b: Palafin|atk|1\n|j| Marreant\n|\n|t:|1697658311\n|switch|p1a: Armarouge|Armarouge, F|100\/100\n|turn|1\n|\n|t:|1697658328\n|detailschange|p1b: Palafin|Palafin-Hero, F\n|switch|p1b: Indeedee|Indeedee-F, F|100\/100\n|-fieldstart|move: Psychic Terrain|[from] ability: Psychic Surge|[of] p1b: Indeedee\n|-enditem|p1a: Armarouge|Psychic Seed\n|-boost|p1a: Armarouge|spd|1|[from] item: Psychic Seed\n|-terastallize|p1a: Armarouge|Grass\n|move|p2b: Ribombee|Sticky Web|p1b: Indeedee\n|-sidestart|p1: Moss_Ocean|move: Sticky Web\n|move|p2a: Tauros|Raging Bull|p1a: Armarouge\n|-resisted|p1a: Armarouge\n|-damage|p1a: Armarouge|75\/100\n|-damage|p2a: Tauros|91\/100|[from] item: Life Orb\n|move|p1a: Armarouge|Expanding Force|p2b: Ribombee|[spread] p2a,p2b\n|-supereffective|p2a: Tauros\n|-damage|p2a: Tauros|0 fnt\n|-enditem|p2b: Ribombee|Focus Sash\n|-damage|p2b: Ribombee|1\/100\n|faint|p2a: Tauros\n|\n|upkeep\n|\n|t:|1697658352\n|switch|p2a: Armarouge|Armarouge, M|100\/100\n|turn|2\n|\n|t:|1697658363\n|move|p1b: Indeedee|Helping Hand|p1a: Armarouge\n|-singleturn|p1a: Armarouge|Helping Hand|[of] p1b: Indeedee\n|move|p2b: Ribombee|Pollen Puff|p1a: Armarouge\n|-supereffective|p1a: Armarouge\n|-damage|p1a: Armarouge|23\/100\n|move|p2a: Armarouge|Dark Pulse|p1a: Armarouge\n|-damage|p1a: Armarouge|2\/100\n|move|p1a: Armarouge|Expanding Force|p2b: Ribombee|[spread] p2a,p2b\n|-resisted|p2a: Armarouge\n|-damage|p2a: Armarouge|58\/100\n|-damage|p2b: Ribombee|0 fnt\n|faint|p2b: Ribombee\n|\n|upkeep\n|\n|t:|1697658377\n|switch|p2b: Typhlosion|Typhlosion, F|100\/100\n|turn|3\n|\n|t:|1697658408\n|move|p1a: Armarouge|Protect|p1a: Armarouge\n|-singleturn|p1a: Armarouge|Protect\n|move|p2b: Typhlosion|Lava Plume|p1a: Armarouge|[spread] p1b\n|-activate|p1a: Armarouge|move: Protect\n|-start|p2a: Armarouge|ability: Flash Fire\n|-damage|p1b: Indeedee|58\/100\n|move|p2a: Armarouge|Expanding Force|p1b: Indeedee|[spread] p1b\n|-activate|p1a: Armarouge|move: Protect\n|-resisted|p1b: Indeedee\n|-damage|p1b: Indeedee|32\/100\n|move|p1b: Indeedee|Trick Room|p1b: Indeedee\n|-fieldstart|move: Trick Room|[of] p1b: Indeedee\n|\n|-heal|p1b: Indeedee|39\/100|[from] item: Leftovers\n|upkeep\n|turn|4\n|\n|t:|1697658446\n|switch|p2b: Indeedee|Indeedee-F, F|100\/100\n|-terastallize|p2a: Armarouge|Dark\n|move|p1b: Indeedee|Helping Hand|p1a: Armarouge\n|-singleturn|p1a: Armarouge|Helping Hand|[of] p1b: Indeedee\n|move|p1a: Armarouge|Expanding Force|p2a: Armarouge|[spread] p2b\n|-immune|p2a: Armarouge\n|-resisted|p2b: Indeedee\n|-damage|p2b: Indeedee|57\/100\n|move|p2a: Armarouge|Expanding Force|p1a: Armarouge|[spread] p1a,p1b\n|-resisted|p1b: Indeedee\n|-damage|p1a: Armarouge|0 fnt\n|-damage|p1b: Indeedee|12\/100\n|faint|p1a: Armarouge\n|\n|-heal|p1b: Indeedee|19\/100|[from] item: Leftovers\n|upkeep\n|\n|t:|1697658463\n|switch|p1a: Goodra|Goodra-Hisui, M|100\/100\n|-activate|p1a: Goodra|move: Sticky Web\n|-unboost|p1a: Goodra|spe|1\n|turn|5\n|\n|t:|1697658475\n|move|p1b: Indeedee|Protect|p1b: Indeedee\n|-singleturn|p1b: Indeedee|Protect\n|move|p1a: Goodra|Body Press|p2a: Armarouge\n|-supereffective|p2a: Armarouge\n|-damage|p2a: Armarouge|0 fnt\n|faint|p2a: Armarouge\n|move|p2b: Indeedee|Trick Room|p2b: Indeedee\n|-fieldend|move: Trick Room\n|\n|-heal|p1b: Indeedee|25\/100|[from] item: Leftovers\n|-fieldend|move: Psychic Terrain\n|upkeep\n|\n|t:|1697658485\n|switch|p2a: Dachsbun|Dachsbun, F|100\/100\n|turn|6\n|\n|t:|1697658495\n|move|p2a: Dachsbun|Body Press|p1a: Goodra\n|-supereffective|p1a: Goodra\n|-damage|p1a: Goodra|65\/100\n|move|p2b: Indeedee|Imprison|p2b: Indeedee\n|-start|p2b: Indeedee|move: Imprison\n|move|p1a: Goodra|Draco Meteor|p2b: Indeedee|[miss]\n|-miss|p1a: Goodra|p2b: Indeedee\n|cant|p1b: Indeedee|move: Imprison|Trick Room\n|\n|-heal|p1b: Indeedee|31\/100|[from] item: Leftovers\n|upkeep\n|turn|7\n|\n|t:|1697658525\n|move|p1b: Indeedee|Helping Hand|p1a: Goodra\n|-singleturn|p1a: Goodra|Helping Hand|[of] p1b: Indeedee\n|move|p2b: Indeedee|Follow Me|p2b: Indeedee\n|-singleturn|p2b: Indeedee|move: Follow Me\n|move|p2a: Dachsbun|Play Rough|p1b: Indeedee\n|-damage|p1b: Indeedee|0 fnt\n|faint|p1b: Indeedee\n|move|p1a: Goodra|Draco Meteor|p2b: Indeedee\n|-damage|p2b: Indeedee|0 fnt\n|-unboost|p1a: Goodra|spa|2\n|faint|p2b: Indeedee\n|\n|upkeep\n|\n|t:|1697658546\n|switch|p2b: Typhlosion|Typhlosion, F|100\/100\n|switch|p1b: Chien-Pao|Chien-Pao|100\/100\n|-activate|p1b: Chien-Pao|move: Sticky Web\n|-unboost|p1b: Chien-Pao|spe|1\n|-ability|p1b: Chien-Pao|Sword of Ruin\n|turn|8\n|\n|t:|1697658562\n|move|p1b: Chien-Pao|Sucker Punch|p2b: Typhlosion\n|-damage|p2b: Typhlosion|33\/100\n|move|p2b: Typhlosion|Lava Plume|p1b: Chien-Pao|[spread] p1a,p1b\n|-ability|p2a: Dachsbun|Well-Baked Body|boost\n|-boost|p2a: Dachsbun|def|2\n|-supereffective|p1b: Chien-Pao\n|-damage|p1a: Goodra|16\/100\n|-enditem|p1b: Chien-Pao|Focus Sash\n|-damage|p1b: Chien-Pao|1\/100\n|move|p2a: Dachsbun|Body Press|p1b: Chien-Pao\n|-supereffective|p1b: Chien-Pao\n|-damage|p1b: Chien-Pao|0 fnt\n|faint|p1b: Chien-Pao\n|move|p1a: Goodra|Muddy Water|p2b: Typhlosion|[spread] p2a,p2b\n|-supereffective|p2b: Typhlosion\n|-damage|p2a: Dachsbun|91\/100\n|-damage|p2b: Typhlosion|7\/100\n|\n|upkeep\n|\n|t:|1697658583\n|switch|p1b: Palafin|Palafin-Hero, F|100\/100\n|-activate|p1b: Palafin|move: Sticky Web\n|-unboost|p1b: Palafin|spe|1\n|-activate|p1b: Palafin|ability: Zero to Hero\n|turn|9\n|\n|t:|1697658592\n|switch|p1a: Tornadus|Tornadus, M|100\/100\n|move|p1b: Palafin|Protect|p1b: Palafin\n|-singleturn|p1b: Palafin|Protect\n|move|p2b: Typhlosion|Lava Plume|p1a: Tornadus|[spread] p1a\n|-activate|p1b: Palafin|move: Protect\n|-ability|p2a: Dachsbun|Well-Baked Body|boost\n|-boost|p2a: Dachsbun|def|2\n|-damage|p1a: Tornadus|26\/100\n|move|p2a: Dachsbun|Body Press|p1b: Palafin\n|-activate|p1b: Palafin|move: Protect\n|\n|upkeep\n|turn|10\n|\n|t:|1697658613\n|move|p1a: Tornadus|Tailwind|p1a: Tornadus\n|-sidestart|p1: Moss_Ocean|move: Tailwind\n|move|p1b: Palafin|Liquidation|p2b: Typhlosion\n|-supereffective|p2b: Typhlosion\n|-damage|p2b: Typhlosion|0 fnt\n|faint|p2b: Typhlosion\n|move|p2a: Dachsbun|Play Rough|p1a: Tornadus\n|-damage|p1a: Tornadus|0 fnt\n|faint|p1a: Tornadus\n|\n|upkeep\n|\n|t:|1697658624\n|switch|p1a: Goodra|Goodra-Hisui, M|16\/100\n|-activate|p1a: Goodra|move: Sticky Web\n|-unboost|p1a: Goodra|spe|1\n|turn|11\n|\n|t:|1697658643\n|move|p1b: Palafin|Liquidation|p2a: Dachsbun\n|-damage|p2a: Dachsbun|78\/100\n|move|p2a: Dachsbun|Body Press|p1a: Goodra\n|-supereffective|p1a: Goodra\n|-damage|p1a: Goodra|0 fnt\n|faint|p1a: Goodra\n|\n|upkeep\n|turn|12\n|\n|t:|1697658653\n|move|p1b: Palafin|Liquidation|p2a: Dachsbun\n|-damage|p2a: Dachsbun|64\/100\n|move|p2a: Dachsbun|Body Press|p1b: Palafin\n|-damage|p1b: Palafin|44\/100\n|\n|upkeep\n|turn|13\n|-message|Moss_Ocean forfeited.\n|\n|win|Daskhiel02\n|raw|Moss_Ocean's rating: 1408 &rarr; <strong>1390<\/strong><br \/>(-18 for losing)\n|raw|Daskhiel02's rating: 1447 &rarr; <strong>1465<\/strong><br \/>(+18 for winning)\n|l|\u2606Moss_Ocean\n|c|\u2606Daskhiel02|Well played!\n","uploadtime":1697658672,"views":25,"p1id":"mossocean","p2id":"daskhiel02","formatid":"gen9doublesou","rating":1390,"private":0,"password":""}