{"id":"gen9doublesou-1999270748","p1":"sion0911","p2":"Zulneily","format":"[Gen 9] Doubles OU","log":"|j|\u2606sion0911\n|j|\u2606Zulneily\n|t:|1701053252\n|gametype|doubles\n|player|p1|sion0911|red|1222\n|player|p2|Zulneily|hilda-wonderlauncher|1321\n|teamsize|p1|6\n|teamsize|p2|6\n|gen|9\n|tier|[Gen 9] Doubles OU\n|rated|\n|rule|Species Clause: Limit one of each Pok\u00e9mon\n|rule|OHKO Clause: OHKO moves are banned\n|rule|Evasion Moves Clause: Evasion moves are banned\n|rule|Gravity Sleep Clause: The combination of sleep-inducing moves with imperfect accuracy and Gravity or Gigantamax Orbeetle are banned\n|rule|Endless Battle Clause: Forcing endless battles is banned\n|rule|HP Percentage Mod: HP is shown in percentages\n|clearpoke\n|poke|p1|Armarouge, M|\n|poke|p1|Iron Bundle|\n|poke|p1|Indeedee-F, F|\n|poke|p1|Maushold-Four|\n|poke|p1|Ursaluna-Bloodmoon, M|\n|poke|p1|Sinistcha-Masterpiece|\n|poke|p2|Cinderace, M|\n|poke|p2|Chien-Pao|\n|poke|p2|Indeedee-F, F|\n|poke|p2|Amoonguss, M|\n|poke|p2|Flutter Mane|\n|poke|p2|Palafin, M|\n|teampreview\n|inactive|Battle timer is ON: inactive players will automatically lose when time's up. (requested by sion0911)\n|inactive|Zulneily has 120 seconds left.\n|\n|t:|1701053282\n|start\n|switch|p1a: Maushold|Maushold-Four|100\/100\n|switch|p1b: Ursaluna|Ursaluna-Bloodmoon, M|100\/100\n|switch|p2a: Chien-Pao|Chien-Pao|100\/100\n|switch|p2b: Amoonguss|Amoonguss, M|100\/100\n|-ability|p2a: Chien-Pao|Sword of Ruin\n|turn|1\n|inactive|sion0911 has 120 seconds left.\n|\n|t:|1701053321\n|-terastallize|p1a: Maushold|Flying\n|move|p2a: Chien-Pao|Protect|p2a: Chien-Pao\n|-singleturn|p2a: Chien-Pao|Protect\n|move|p1a: Maushold|Aerial Ace|p2b: Amoonguss\n|-supereffective|p2b: Amoonguss\n|-damage|p2b: Amoonguss|28\/100\n|move|p1b: Ursaluna|Moonblast|p2a: Chien-Pao\n|-activate|p2a: Chien-Pao|move: Protect\n|move|p2b: Amoonguss|Spore|p1b: Ursaluna\n|-status|p1b: Ursaluna|slp|[from] move: Spore\n|\n|-heal|p2b: Amoonguss|34\/100|[from] item: Black Sludge\n|upkeep\n|turn|2\n|inactive|sion0911 has 120 seconds left.\n|inactive|Zulneily has 120 seconds left.\n|\n|t:|1701053357\n|switch|p2b: Palafin|Palafin, M|100\/100\n|cant|p1b: Ursaluna|slp\n|move|p2a: Chien-Pao|Icicle Crash|p1a: Maushold\n|-supereffective|p1a: Maushold\n|-damage|p1a: Maushold|0 fnt\n|faint|p1a: Maushold\n|\n|upkeep\n|\n|t:|1701053362\n|switch|p1a: Iron Bundle|Iron Bundle|100\/100\n|turn|3\n|\n|t:|1701053377\n|switch|p1b: Armarouge|Armarouge, M|100\/100\n|move|p1a: Iron Bundle|U-turn|p1b: Armarouge\n|-damage|p1b: Armarouge|83\/100\n|-ability|p1b: Armarouge|Weak Armor|boost\n|-unboost|p1b: Armarouge|def|1\n|-boost|p1b: Armarouge|spe|2\n|\n|t:|1701053384\n|-end|p1a: Iron Bundle|Quark Drive|[silent]\n|switch|p1a: Indeedee|Indeedee-F, F|100\/100|[from] U-turn\n|-fieldstart|move: Psychic Terrain|[from] ability: Psychic Surge|[of] p1a: Indeedee\n|move|p2a: Chien-Pao|Sacred Sword|p1a: Indeedee\n|-damage|p1a: Indeedee|53\/100\n|move|p2b: Palafin|Flip Turn|p1b: Armarouge\n|-supereffective|p1b: Armarouge\n|-damage|p1b: Armarouge|12\/100\n|-ability|p1b: Armarouge|Weak Armor|boost\n|-unboost|p1b: Armarouge|def|1\n|-boost|p1b: Armarouge|spe|2\n|-enditem|p1b: Armarouge|Weakness Policy\n|-boost|p1b: Armarouge|atk|2|[from] item: Weakness Policy\n|-boost|p1b: Armarouge|spa|2|[from] item: Weakness Policy\n|inactive|Zulneily has 120 seconds left.\n|\n|t:|1701053416\n|detailschange|p2b: Palafin|Palafin-Hero, M\n|switch|p2b: Indeedee|Indeedee-F, F|100\/100|[from] Flip Turn\n|\n|upkeep\n|turn|4\n|\n|t:|1701053430\n|move|p2b: Indeedee|Follow Me|p2b: Indeedee\n|-singleturn|p2b: Indeedee|move: Follow Me\n|move|p1a: Indeedee|Follow Me|p1a: Indeedee\n|-singleturn|p1a: Indeedee|move: Follow Me\n|move|p1b: Armarouge|Armor Cannon|p2b: Indeedee\n|-crit|p2b: Indeedee\n|-damage|p2b: Indeedee|0 fnt\n|-unboost|p1b: Armarouge|def|1\n|-unboost|p1b: Armarouge|spd|1\n|faint|p2b: Indeedee\n|move|p2a: Chien-Pao|Crunch|p1a: Indeedee\n|-supereffective|p1a: Indeedee\n|-damage|p1a: Indeedee|0 fnt\n|faint|p1a: Indeedee\n|\n|upkeep\n|\n|t:|1701053441\n|switch|p1a: Sinistcha|Sinistcha-Masterpiece|100\/100\n|switch|p2b: Amoonguss|Amoonguss, M|67\/100\n|turn|5\n|\n|t:|1701053450\n|move|p1a: Sinistcha|Rage Powder|p1a: Sinistcha\n|-singleturn|p1a: Sinistcha|move: Rage Powder\n|move|p2b: Amoonguss|Rage Powder|p2b: Amoonguss\n|-singleturn|p2b: Amoonguss|move: Rage Powder\n|move|p1b: Armarouge|Expanding Force|p2b: Amoonguss|[spread] p2b\n|-immune|p2a: Chien-Pao\n|-supereffective|p2b: Amoonguss\n|-damage|p2b: Amoonguss|0 fnt\n|faint|p2b: Amoonguss\n|move|p2a: Chien-Pao|Crunch|p1a: Sinistcha\n|-supereffective|p1a: Sinistcha\n|-damage|p1a: Sinistcha|0 fnt\n|faint|p1a: Sinistcha\n|\n|upkeep\n|\n|t:|1701053480\n|switch|p1a: Ursaluna|Ursaluna-Bloodmoon, M|100\/100 slp\n|switch|p2b: Palafin|Palafin-Hero, M|100\/100\n|-activate|p2b: Palafin|ability: Zero to Hero\n|turn|6\n|\n|t:|1701053489\n|cant|p1a: Ursaluna|slp\n|move|p1b: Armarouge|Armor Cannon|p2a: Chien-Pao\n|-supereffective|p2a: Chien-Pao\n|-enditem|p2a: Chien-Pao|Focus Sash\n|-damage|p2a: Chien-Pao|1\/100\n|-unboost|p1b: Armarouge|def|1\n|-unboost|p1b: Armarouge|spd|1\n|move|p2a: Chien-Pao|Crunch|p1b: Armarouge\n|-supereffective|p1b: Armarouge\n|-damage|p1b: Armarouge|0 fnt\n|faint|p1b: Armarouge\n|move|p2b: Palafin|Flip Turn|p1a: Ursaluna\n|-supereffective|p1a: Ursaluna\n|-damage|p1a: Ursaluna|32\/100 slp\n|\n|t:|1701053510\n|switch|p2b: Flutter Mane|Flutter Mane|100\/100|[from] Flip Turn\n|-enditem|p2b: Flutter Mane|Booster Energy\n|-activate|p2b: Flutter Mane|ability: Protosynthesis|[fromitem]\n|-start|p2b: Flutter Mane|protosynthesisspe\n|\n|upkeep\n|\n|t:|1701053517\n|switch|p1b: Iron Bundle|Iron Bundle|100\/100\n|turn|7\n|\n|t:|1701053530\n|cant|p1a: Ursaluna|slp\n|move|p2b: Flutter Mane|Dazzling Gleam|p1a: Ursaluna|[spread] p1a,p1b\n|-damage|p1a: Ursaluna|6\/100 slp\n|-damage|p1b: Iron Bundle|32\/100\n|move|p1b: Iron Bundle|Hydro Pump|p2b: Flutter Mane|[miss]\n|-miss|p1b: Iron Bundle|p2b: Flutter Mane\n|move|p2a: Chien-Pao|Sacred Sword|p1b: Iron Bundle\n|-supereffective|p1b: Iron Bundle\n|-damage|p1b: Iron Bundle|0 fnt\n|faint|p1b: Iron Bundle\n|-end|p1b: Iron Bundle|Quark Drive|[silent]\n|\n|upkeep\n|turn|8\n|-message|sion0911 forfeited.\n|\n|win|Zulneily\n|raw|sion0911's rating: 1222 &rarr; <strong>1204<\/strong><br \/>(-18 for losing)\n|raw|Zulneily's rating: 1321 &rarr; <strong>1335<\/strong><br \/>(+14 for winning)\n|l|\u2606sion0911\n","uploadtime":1701053562,"views":12,"p1id":"sion0911","p2id":"zulneily","formatid":"gen9doublesou","rating":1204,"private":0,"password":""}