{"id":"gen9doublesou-1998987900","p1":"UltraTales","p2":"liveIaughIove123","format":"[Gen 9] Doubles OU","log":"|j|\u2606UltraTales\n|j|\u2606liveIaughIove123\n|t:|1701021125\n|gametype|doubles\n|player|p1|UltraTales|170|1109\n|player|p2|liveIaughIove123|102|1066\n|teamsize|p1|6\n|teamsize|p2|4\n|gen|9\n|tier|[Gen 9] Doubles OU\n|rated|\n|rule|Species Clause: Limit one of each Pok\u00e9mon\n|rule|OHKO Clause: OHKO moves are banned\n|rule|Evasion Moves Clause: Evasion moves are banned\n|rule|Gravity Sleep Clause: The combination of sleep-inducing moves with imperfect accuracy and Gravity or Gigantamax Orbeetle are banned\n|rule|Endless Battle Clause: Forcing endless battles is banned\n|rule|HP Percentage Mod: HP is shown in percentages\n|clearpoke\n|poke|p1|Kommo-o, F|\n|poke|p1|Amoonguss, M|\n|poke|p1|Gyarados, M|\n|poke|p1|Cresselia, F|\n|poke|p1|Sylveon, M|\n|poke|p1|Heatran, F|\n|poke|p2|Oricorio-Sensu, F|\n|poke|p2|Lilligant, F|\n|poke|p2|Florges-White, F|\n|poke|p2|Jirachi|\n|teampreview\n|\n|t:|1701021129\n|start\n|switch|p1a: Kommo-o|Kommo-o, F|100\/100\n|switch|p1b: Cresselia|Cresselia, F|100\/100\n|switch|p2a: Oricorio|Oricorio-Sensu, F|100\/100\n|switch|p2b: Lilligant|Lilligant, F, shiny|100\/100\n|turn|1\n|inactive|Battle timer is ON: inactive players will automatically lose when time's up. (requested by liveIaughIove123)\n|\n|t:|1701021145\n|move|p2b: Lilligant|Quiver Dance|p2b: Lilligant\n|-boost|p2b: Lilligant|spa|1\n|-boost|p2b: Lilligant|spd|1\n|-boost|p2b: Lilligant|spe|1\n|-activate|p2a: Oricorio|ability: Dancer\n|move|p2a: Oricorio|Quiver Dance|p2a: Oricorio|[from]ability: Dancer\n|-boost|p2a: Oricorio|spa|1\n|-boost|p2a: Oricorio|spd|1\n|-boost|p2a: Oricorio|spe|1\n|move|p2a: Oricorio|Calm Mind|p2a: Oricorio\n|-boost|p2a: Oricorio|spa|1\n|-boost|p2a: Oricorio|spd|1\n|move|p1a: Kommo-o|Clangorous Soul|p1a: Kommo-o\n|-boost|p1a: Kommo-o|atk|1\n|-boost|p1a: Kommo-o|def|1\n|-boost|p1a: Kommo-o|spa|1\n|-boost|p1a: Kommo-o|spd|1\n|-boost|p1a: Kommo-o|spe|1\n|-damage|p1a: Kommo-o|68\/100\n|-activate|p2a: Oricorio|ability: Dancer\n|move|p2a: Oricorio|Clangorous Soul|p2a: Oricorio|[from]ability: Dancer\n|-boost|p2a: Oricorio|atk|1\n|-boost|p2a: Oricorio|def|1\n|-boost|p2a: Oricorio|spa|1\n|-boost|p2a: Oricorio|spd|1\n|-boost|p2a: Oricorio|spe|1\n|-damage|p2a: Oricorio|68\/100\n|move|p1b: Cresselia|Icy Wind|p2a: Oricorio|[spread] p2a,p2b\n|-supereffective|p2a: Oricorio\n|-supereffective|p2b: Lilligant\n|-damage|p2a: Oricorio|59\/100\n|-damage|p2b: Lilligant|87\/100\n|-unboost|p2a: Oricorio|spe|1\n|-unboost|p2b: Lilligant|spe|1\n|\n|upkeep\n|turn|2\n|inactive|UltraTales has 120 seconds left.\n|inactive|liveIaughIove123 has 120 seconds left.\n|\n|t:|1701021185\n|switch|p1b: Heatran|Heatran, F|100\/100\n|-terastallize|p1a: Kommo-o|Normal\n|move|p1a: Kommo-o|Boomburst|p2b: Lilligant|[spread] p1b,p2b\n|-immune|p2a: Oricorio\n|-resisted|p1b: Heatran\n|-damage|p1b: Heatran|74\/100\n|-damage|p2b: Lilligant|30\/100\n|move|p2a: Oricorio|Baton Pass|p2a: Oricorio\n|inactive|liveIaughIove123 has 120 seconds left.\n|\n|t:|1701021194\n|switch|p2a: Jirachi|Jirachi|100\/100|[from] Baton Pass\n|move|p2b: Lilligant|Encore|p1a: Kommo-o\n|-start|p1a: Kommo-o|Encore\n|\n|-heal|p1b: Heatran|80\/100|[from] item: Leftovers\n|upkeep\n|turn|3\n|\n|t:|1701021208\n|-terastallize|p2a: Jirachi|Psychic\n|move|p2b: Lilligant|Protect|p2b: Lilligant\n|-singleturn|p2b: Lilligant|Protect\n|move|p1a: Kommo-o|Boomburst|p2a: Jirachi|[spread] p1b,p2a\n|-activate|p2b: Lilligant|move: Protect\n|-resisted|p1b: Heatran\n|-damage|p1b: Heatran|49\/100\n|-damage|p2a: Jirachi|76\/100\n|move|p2a: Jirachi|Stored Power|p1b: Heatran\n|-resisted|p1b: Heatran\n|-damage|p1b: Heatran|0 fnt\n|faint|p1b: Heatran\n|-damage|p2a: Jirachi|66\/100|[from] item: Life Orb\n|\n|upkeep\n|inactive|UltraTales has 120 seconds left.\n|\n|t:|1701021235\n|switch|p1b: Amoonguss|Amoonguss, M|100\/100\n|turn|4\n|\n|t:|1701021255\n|move|p1b: Amoonguss|Rage Powder|p1b: Amoonguss\n|-singleturn|p1b: Amoonguss|move: Rage Powder\n|move|p1a: Kommo-o|Boomburst|p2b: Lilligant|[spread] p1b,p2a,p2b\n|-damage|p1b: Amoonguss|48\/100\n|-damage|p2a: Jirachi|40\/100\n|-damage|p2b: Lilligant|0 fnt\n|faint|p2b: Lilligant\n|move|p2a: Jirachi|Stored Power|p1b: Amoonguss\n|-supereffective|p1b: Amoonguss\n|-damage|p1b: Amoonguss|0 fnt\n|faint|p1b: Amoonguss\n|-damage|p2a: Jirachi|30\/100|[from] item: Life Orb\n|\n|upkeep\n|\n|t:|1701021280\n|switch|p2b: Florges|Florges-White, F, shiny|100\/100\n|switch|p1b: Gyarados|Gyarados, M|100\/100\n|-ability|p1b: Gyarados|Intimidate|boost\n|-unboost|p2a: Jirachi|atk|1\n|-unboost|p2b: Florges|atk|1\n|turn|5\n|\n|t:|1701021288\n|move|p2a: Jirachi|Protect|p2a: Jirachi\n|-singleturn|p2a: Jirachi|Protect\n|move|p1b: Gyarados|Protect|p1b: Gyarados\n|-singleturn|p1b: Gyarados|Protect\n|move|p1a: Kommo-o|Boomburst|p2b: Florges|[spread] p2b\n|-activate|p1b: Gyarados|move: Protect\n|-activate|p2a: Jirachi|move: Protect\n|-damage|p2b: Florges|60\/100\n|move|p2b: Florges|Pollen Puff|p2a: Jirachi\n|-activate|p2a: Jirachi|move: Protect\n|\n|-end|p1a: Kommo-o|Encore\n|upkeep\n|turn|6\n|\n|t:|1701021317\n|move|p1a: Kommo-o|Protect|p1a: Kommo-o\n|-singleturn|p1a: Kommo-o|Protect\n|move|p2a: Jirachi|Stored Power|p1a: Kommo-o\n|-activate|p1a: Kommo-o|move: Protect\n|move|p2b: Florges|Pollen Puff|p2a: Jirachi\n|-heal|p2a: Jirachi|80\/100\n|move|p1b: Gyarados|Earthquake|p2a: Jirachi|[spread] p2a,p2b\n|-activate|p1a: Kommo-o|move: Protect\n|-damage|p2a: Jirachi|62\/100\n|-damage|p2b: Florges|21\/100\n|-enditem|p2b: Florges|Aguav Berry|[eat]\n|-heal|p2b: Florges|54\/100|[from] item: Aguav Berry\n|\n|upkeep\n|turn|7\n|\n|t:|1701021343\n|move|p1b: Gyarados|Protect|p1b: Gyarados\n|-singleturn|p1b: Gyarados|Protect\n|move|p1a: Kommo-o|Boomburst|p2a: Jirachi|[spread] p2a,p2b\n|-activate|p1b: Gyarados|move: Protect\n|-damage|p2a: Jirachi|36\/100\n|-damage|p2b: Florges|13\/100\n|move|p2a: Jirachi|Stored Power|p1a: Kommo-o\n|-damage|p1a: Kommo-o|0 fnt\n|faint|p1a: Kommo-o\n|-damage|p2a: Jirachi|26\/100|[from] item: Life Orb\n|move|p2b: Florges|Pollen Puff|p2a: Jirachi\n|-heal|p2a: Jirachi|76\/100\n|\n|upkeep\n|\n|t:|1701021355\n|switch|p1a: Cresselia|Cresselia, F|100\/100\n|turn|8\n|\n|t:|1701021364\n|move|p1a: Cresselia|Helping Hand|p1b: Gyarados\n|-singleturn|p1b: Gyarados|Helping Hand|[of] p1a: Cresselia\n|move|p2a: Jirachi|Stored Power|p1b: Gyarados\n|-damage|p1b: Gyarados|0 fnt\n|faint|p1b: Gyarados\n|-damage|p2a: Jirachi|66\/100|[from] item: Life Orb\n|move|p2b: Florges|Rest|p2b: Florges\n|-status|p2b: Florges|slp|[from] move: Rest\n|-heal|p2b: Florges|100\/100 slp|[silent]\n|\n|upkeep\n|\n|t:|1701021367\n|switch|p1b: Sylveon|Sylveon, M|100\/100\n|turn|9\n|c|\u2606UltraTales|Vai se fuder vc e esse seu time cancerigeno\n|c|\u2606UltraTales|Doente\n|-message|UltraTales forfeited.\n|\n|win|liveIaughIove123\n|raw|UltraTales's rating: 1109 &rarr; <strong>1080<\/strong><br \/>(-29 for losing)\n|raw|liveIaughIove123's rating: 1053 &rarr; <strong>1090<\/strong><br \/>(+37 for winning)\n","uploadtime":1701021378,"views":6,"p1id":"ultratales","p2id":"liveiaughiove123","formatid":"gen9doublesou","rating":1080,"private":0,"password":""}