{"id":"gen9doublesou-1988778139","p1":"Shakafool","p2":"Champion Wesker","format":"[Gen 9] Doubles OU","log":"|j|\u2606Shakafool\n|j|\u2606Champion Wesker\n|t:|1699761903\n|gametype|doubles\n|player|p1|Shakafool|169|1070\n|player|p2|Champion Wesker|crasherwake|1102\n|teamsize|p1|6\n|teamsize|p2|6\n|gen|9\n|tier|[Gen 9] Doubles OU\n|rated|\n|rule|Species Clause: Limit one of each Pok\u00e9mon\n|rule|OHKO Clause: OHKO moves are banned\n|rule|Evasion Moves Clause: Evasion moves are banned\n|rule|Gravity Sleep Clause: The combination of sleep-inducing moves with imperfect accuracy and Gravity or Gigantamax Orbeetle are banned\n|rule|Endless Battle Clause: Forcing endless battles is banned\n|rule|HP Percentage Mod: HP is shown in percentages\n|clearpoke\n|poke|p1|Ambipom, M|\n|poke|p1|Empoleon, M|\n|poke|p1|Mamoswine, M|\n|poke|p1|Copperajah, F|\n|poke|p1|Charizard, F|\n|poke|p1|Wigglytuff, F|\n|poke|p2|Toxapex, F|\n|poke|p2|Gastrodon, F|\n|poke|p2|Iron Moth|\n|poke|p2|Grimmsnarl, M|\n|poke|p2|Garchomp, M|\n|poke|p2|Spiritomb, M|\n|teampreview\n|\n|t:|1699761957\n|start\n|switch|p1a: Copperajah|Copperajah, F|100\/100\n|switch|p1b: Mamoswine|Mamoswine, M|100\/100\n|switch|p2a: Spiritomb|Spiritomb, M|100\/100\n|switch|p2b: Grimmsnarl|Grimmsnarl, M|100\/100\n|-item|p1a: Copperajah|Air Balloon\n|-ability|p2a: Spiritomb|Pressure\n|turn|1\n|inactive|Battle timer is ON: inactive players will automatically lose when time's up. (requested by Champion Wesker)\n|inactive|Champion Wesker has 120 seconds left.\n|\n|t:|1699762007\n|move|p2b: Grimmsnarl|Reflect|p2b: Grimmsnarl\n|-sidestart|p2: Champion Wesker|Reflect\n|move|p1b: Mamoswine|High Horsepower|p2b: Grimmsnarl\n|-damage|p2b: Grimmsnarl|66\/100\n|move|p1a: Copperajah|Heavy Slam|p2b: Grimmsnarl\n|-supereffective|p2b: Grimmsnarl\n|-damage|p2b: Grimmsnarl|0 fnt\n|faint|p2b: Grimmsnarl\n|move|p2a: Spiritomb|Will-O-Wisp|p1a: Copperajah\n|-status|p1a: Copperajah|brn\n|\n|-damage|p1a: Copperajah|94\/100 brn|[from] brn\n|upkeep\n|\n|t:|1699762018\n|switch|p2b: Garchomp|Garchomp, M|100\/100\n|turn|2\n|\n|t:|1699762044\n|switch|p1a: Charizard|Charizard, F|100\/100\n|move|p2b: Garchomp|Iron Head|p1b: Mamoswine\n|-supereffective|p1b: Mamoswine\n|-crit|p1b: Mamoswine\n|-damage|p1b: Mamoswine|27\/100\n|move|p1b: Mamoswine|Charm|p2b: Garchomp\n|-unboost|p2b: Garchomp|atk|2\n|move|p2a: Spiritomb|Will-O-Wisp|p1b: Mamoswine\n|-status|p1b: Mamoswine|brn\n|-enditem|p1b: Mamoswine|Lum Berry|[eat]\n|-curestatus|p1b: Mamoswine|brn|[msg]\n|\n|upkeep\n|turn|3\n|\n|t:|1699762066\n|move|p2b: Garchomp|Iron Head|p1b: Mamoswine\n|-supereffective|p1b: Mamoswine\n|-damage|p1b: Mamoswine|5\/100\n|move|p1a: Charizard|Belly Drum|p1a: Charizard\n|-damage|p1a: Charizard|50\/100\n|-setboost|p1a: Charizard|atk|6|[from] move: Belly Drum\n|-enditem|p1a: Charizard|Sitrus Berry|[eat]\n|-heal|p1a: Charizard|75\/100|[from] item: Sitrus Berry\n|move|p1b: Mamoswine|Icicle Crash|p2b: Garchomp\n|-supereffective|p2b: Garchomp\n|-enditem|p2b: Garchomp|Focus Sash\n|-damage|p2b: Garchomp|1\/100\n|move|p2a: Spiritomb|Snarl|p1a: Charizard|[spread] p1a,p1b\n|-damage|p1a: Charizard|56\/100\n|-damage|p1b: Mamoswine|0 fnt\n|-unboost|p1a: Charizard|spa|1\n|faint|p1b: Mamoswine\n|\n|upkeep\n|\n|t:|1699762085\n|switch|p1b: Copperajah|Copperajah, F|94\/100 brn\n|-item|p1b: Copperajah|Air Balloon\n|turn|4\n|\n|t:|1699762094\n|move|p2b: Garchomp|Rock Slide|p1a: Charizard|[spread] p1a,p1b\n|-supereffective|p1a: Charizard\n|-resisted|p1b: Copperajah\n|-damage|p1a: Charizard|5\/100\n|-damage|p1b: Copperajah|89\/100 brn\n|-enditem|p1b: Copperajah|Air Balloon\n|move|p1a: Charizard|Flame Charge|p2b: Garchomp\n|-resisted|p2b: Garchomp\n|-damage|p2b: Garchomp|0 fnt\n|-boost|p1a: Charizard|spe|1\n|-damage|p1a: Charizard|0 fnt|[from] ability: Rough Skin|[of] p2b: Garchomp\n|faint|p2b: Garchomp\n|faint|p1a: Charizard\n|move|p1b: Copperajah|Heavy Slam|p2a: Spiritomb\n|-damage|p2a: Spiritomb|82\/100\n|move|p2a: Spiritomb|Snarl|p1b: Copperajah\n|-damage|p1b: Copperajah|69\/100 brn\n|-unboost|p1b: Copperajah|spa|1\n|\n|-heal|p2a: Spiritomb|88\/100|[from] item: Leftovers\n|-damage|p1b: Copperajah|63\/100 brn|[from] brn\n|upkeep\n|\n|t:|1699762123\n|switch|p2b: Gastrodon|Gastrodon, F|100\/100\n|switch|p1a: Empoleon|Empoleon, M|100\/100\n|turn|5\n|inactive|Champion Wesker has 120 seconds left.\n|\n|t:|1699762177\n|move|p1b: Copperajah|Iron Defense|p1b: Copperajah\n|-boost|p1b: Copperajah|def|2\n|move|p1a: Empoleon|Yawn|p2b: Gastrodon\n|-start|p2b: Gastrodon|move: Yawn|[of] p1a: Empoleon\n|move|p2b: Gastrodon|Yawn|p1a: Empoleon\n|-start|p1a: Empoleon|move: Yawn|[of] p2b: Gastrodon\n|move|p2a: Spiritomb|Calm Mind|p2a: Spiritomb\n|-boost|p2a: Spiritomb|spa|1\n|-boost|p2a: Spiritomb|spd|1\n|\n|-heal|p2a: Spiritomb|95\/100|[from] item: Leftovers\n|-damage|p1b: Copperajah|57\/100 brn|[from] brn\n|-sideend|p2: Champion Wesker|Reflect\n|upkeep\n|turn|6\n|inactive|Champion Wesker has 120 seconds left.\n|inactive|Shakafool has 120 seconds left.\n|\n|t:|1699762214\n|switch|p2b: Iron Moth|Iron Moth|100\/100\n|move|p1b: Copperajah|Heavy Slam|p2a: Spiritomb\n|-damage|p2a: Spiritomb|66\/100\n|move|p1a: Empoleon|Haze|p1a: Empoleon\n|-clearallboost\n|move|p2a: Spiritomb|Hex|p1b: Copperajah\n|-damage|p1b: Copperajah|9\/100 brn\n|\n|-heal|p2a: Spiritomb|72\/100|[from] item: Leftovers\n|-damage|p1b: Copperajah|2\/100 brn|[from] brn\n|-end|p1a: Empoleon|move: Yawn|[silent]\n|-status|p1a: Empoleon|slp\n|upkeep\n|turn|7\n|inactive|Champion Wesker has 120 seconds left.\n|\n|t:|1699762254\n|move|p2b: Iron Moth|Fiery Dance|p1b: Copperajah\n|-supereffective|p1b: Copperajah\n|-damage|p1b: Copperajah|0 fnt\n|-boost|p2b: Iron Moth|spa|1\n|faint|p1b: Copperajah\n|cant|p1a: Empoleon|slp\n|move|p2a: Spiritomb|Calm Mind|p2a: Spiritomb\n|-boost|p2a: Spiritomb|spa|1\n|-boost|p2a: Spiritomb|spd|1\n|\n|-heal|p2a: Spiritomb|78\/100|[from] item: Leftovers\n|upkeep\n|\n|t:|1699762260\n|switch|p1b: 1 Two|Ambipom, M|100\/100\n|turn|8\n|inactive|Champion Wesker has 120 seconds left.\n|\n|t:|1699762270\n|move|p1b: 1 Two|Fake Out|p2b: Iron Moth\n|-damage|p2b: Iron Moth|38\/100\n|-damage|p1b: 1 Two|91\/100|[from] item: Life Orb\n|cant|p2b: Iron Moth|flinch\n|cant|p1a: Empoleon|slp\n|move|p2a: Spiritomb|Will-O-Wisp|p1b: 1 Two|[miss]\n|-miss|p2a: Spiritomb|p1b: 1 Two\n|\n|-heal|p2a: Spiritomb|84\/100|[from] item: Leftovers\n|upkeep\n|turn|9\n|\n|t:|1699762293\n|switch|p1b: Wigglytuff|Wigglytuff, F|100\/100\n|move|p2b: Iron Moth|Energy Ball|p1a: Empoleon\n|-crit|p1a: Empoleon\n|-damage|p1a: Empoleon|50\/100 slp\n|-curestatus|p1a: Empoleon|slp|[msg]\n|move|p1a: Empoleon|Haze|p1a: Empoleon\n|-clearallboost\n|move|p2a: Spiritomb|Will-O-Wisp|p1b: Wigglytuff\n|-status|p1b: Wigglytuff|brn\n|\n|-heal|p2a: Spiritomb|91\/100|[from] item: Leftovers\n|-damage|p1b: Wigglytuff|94\/100 brn|[from] brn\n|upkeep\n|turn|10\n|\n|t:|1699762320\n|move|p2b: Iron Moth|Fiery Dance|p1a: Empoleon\n|-damage|p1a: Empoleon|17\/100\n|-boost|p2b: Iron Moth|spa|1\n|move|p1a: Empoleon|Water Pledge|p2b: Iron Moth\n|-supereffective|p2b: Iron Moth\n|-damage|p2b: Iron Moth|0 fnt\n|faint|p2b: Iron Moth\n|-end|p2b: Iron Moth|Quark Drive|[silent]\n|move|p1b: Wigglytuff|Dazzling Gleam|p2a: Spiritomb\n|-supereffective|p2a: Spiritomb\n|-damage|p2a: Spiritomb|21\/100\n|move|p2a: Spiritomb|Snarl|p1a: Empoleon|[spread] p1a,p1b\n|-resisted|p1b: Wigglytuff\n|-damage|p1a: Empoleon|6\/100\n|-damage|p1b: Wigglytuff|90\/100 brn\n|-unboost|p1a: Empoleon|spa|1\n|-ability|p1a: Empoleon|Competitive|boost\n|-boost|p1a: Empoleon|spa|2\n|-unboost|p1b: Wigglytuff|spa|1\n|-ability|p1b: Wigglytuff|Competitive|boost\n|-boost|p1b: Wigglytuff|spa|2\n|\n|-heal|p2a: Spiritomb|27\/100|[from] item: Leftovers\n|-damage|p1b: Wigglytuff|83\/100 brn|[from] brn\n|upkeep\n|inactive|Champion Wesker has 120 seconds left.\n|c|\u2606Shakafool|Ohh shit\n|inactive|Champion Wesker has 90 seconds left.\n|\n|t:|1699762383\n|switch|p2b: Gastrodon|Gastrodon, F|100\/100\n|turn|11\n|inactive|Champion Wesker has 90 seconds left.\n|inactive|Champion Wesker has 60 seconds left.\n|inactive|Champion Wesker has 30 seconds left.\n|\n|t:|1699762459\n|move|p1a: Empoleon|Helping Hand|p1b: Wigglytuff\n|-singleturn|p1b: Wigglytuff|Helping Hand|[of] p1a: Empoleon\n|move|p1b: Wigglytuff|Dazzling Gleam|p2b: Gastrodon|[spread] p2a,p2b\n|-supereffective|p2a: Spiritomb\n|-damage|p2a: Spiritomb|0 fnt\n|-damage|p2b: Gastrodon|48\/100\n|faint|p2a: Spiritomb\n|move|p2b: Gastrodon|Mud-Slap|p1a: Empoleon\n|-supereffective|p1a: Empoleon\n|-damage|p1a: Empoleon|0 fnt\n|faint|p1a: Empoleon\n|\n|-heal|p2b: Gastrodon|54\/100|[from] item: Leftovers\n|-damage|p1b: Wigglytuff|77\/100 brn|[from] brn\n|upkeep\n|\n|t:|1699762474\n|switch|p1a: 1 Two|Ambipom, M|91\/100\n|switch|p2a: Toxapex|Toxapex, F|100\/100\n|turn|12\n|\n|t:|1699762486\n|move|p2b: Gastrodon|Protect|p2b: Gastrodon\n|-singleturn|p2b: Gastrodon|Protect\n|move|p2a: Toxapex|Baneful Bunker|p2a: Toxapex\n|-singleturn|p2a: Toxapex|move: Protect\n|move|p1a: 1 Two|Fake Out|p2b: Gastrodon\n|-activate|p2b: Gastrodon|move: Protect\n|move|p1b: Wigglytuff|Hyper Voice|p2b: Gastrodon|[spread] \n|-activate|p2a: Toxapex|move: Protect\n|-activate|p2b: Gastrodon|move: Protect\n|\n|-heal|p2b: Gastrodon|60\/100|[from] item: Leftovers\n|-damage|p1b: Wigglytuff|71\/100 brn|[from] brn\n|upkeep\n|turn|13\n|inactive|Champion Wesker has 90 seconds left.\n|\n|t:|1699762499\n|-terastallize|p1a: 1 Two|Flying\n|move|p1a: 1 Two|Trailblaze|p2b: Gastrodon\n|-supereffective|p2b: Gastrodon\n|-damage|p2b: Gastrodon|0 fnt\n|-boost|p1a: 1 Two|spe|1\n|faint|p2b: Gastrodon\n|-damage|p1a: 1 Two|81\/100|[from] item: Life Orb\n|move|p1b: Wigglytuff|Thunderbolt|p2a: Toxapex\n|-supereffective|p2a: Toxapex\n|-damage|p2a: Toxapex|27\/100\n|move|p2a: Toxapex|Infestation|p1b: Wigglytuff\n|-resisted|p1b: Wigglytuff\n|-damage|p1b: Wigglytuff|70\/100 brn\n|-activate|p1b: Wigglytuff|move: Infestation|[of] p2a: Toxapex\n|\n|-heal|p2a: Toxapex|33\/100|[from] item: Leftovers\n|-damage|p1b: Wigglytuff|64\/100 brn|[from] brn\n|-damage|p1b: Wigglytuff|52\/100 brn|[from] move: Infestation|[partiallytrapped]\n|upkeep\n|turn|14\n|\n|t:|1699762521\n|move|p2a: Toxapex|Baneful Bunker|p2a: Toxapex\n|-singleturn|p2a: Toxapex|move: Protect\n|move|p1a: 1 Two|Fake Out||[still]\n|-hint|Fake Out only works on your first turn out.\n|-fail|p1a: 1 Two\n|move|p1b: Wigglytuff|Hyper Voice|p2a: Toxapex\n|-activate|p2a: Toxapex|move: Protect\n|\n|-heal|p2a: Toxapex|39\/100|[from] item: Leftovers\n|-damage|p1b: Wigglytuff|45\/100 brn|[from] brn\n|-damage|p1b: Wigglytuff|33\/100 brn|[from] move: Infestation|[partiallytrapped]\n|upkeep\n|turn|15\n|inactive|Champion Wesker has 120 seconds left.\n|inactive|Champion Wesker has 90 seconds left.\n|inactive|Champion Wesker has 60 seconds left.\n|c|\u2606Shakafool|Gg\n|\n|t:|1699762629\n|move|p2a: Toxapex|Baneful Bunker|p2a: Toxapex\n|-singleturn|p2a: Toxapex|move: Protect\n|move|p1a: 1 Two|Trailblaze|p2a: Toxapex\n|-activate|p2a: Toxapex|move: Protect\n|-status|p1a: 1 Two|psn\n|move|p1b: Wigglytuff|Thunderbolt|p2a: Toxapex\n|-activate|p2a: Toxapex|move: Protect\n|\n|-heal|p2a: Toxapex|45\/100|[from] item: Leftovers\n|-damage|p1a: 1 Two|68\/100 psn|[from] psn\n|-damage|p1b: Wigglytuff|27\/100 brn|[from] brn\n|-damage|p1b: Wigglytuff|15\/100 brn|[from] move: Infestation|[partiallytrapped]\n|upkeep\n|turn|16\n|\n|t:|1699762652\n|move|p2a: Toxapex|Baneful Bunker||[still]\n|-fail|p2a: Toxapex\n|move|p1a: 1 Two|Trailblaze|p2a: Toxapex\n|-damage|p2a: Toxapex|20\/100\n|-boost|p1a: 1 Two|spe|1\n|-damage|p1a: 1 Two|58\/100 psn|[from] item: Life Orb\n|move|p1b: Wigglytuff|Thunderbolt|p2a: Toxapex\n|-supereffective|p2a: Toxapex\n|-damage|p2a: Toxapex|0 fnt\n|faint|p2a: Toxapex\n|\n|win|Shakafool\n|raw|Shakafool's rating: 1070 &rarr; <strong>1102<\/strong><br \/>(+32 for winning)\n|raw|Champion Wesker's rating: 1102 &rarr; <strong>1075<\/strong><br \/>(-27 for losing)\n","uploadtime":1699762672,"views":9,"p1id":"shakafool","p2id":"championwesker","formatid":"gen9doublesou","rating":1075,"private":0,"password":""}