{"id":"gen9doublesou-1986606708","p1":"That0doggo","p2":"BKDAFEARLESS1","format":"[Gen 9] Doubles OU","log":"|j|\u2606That0doggo\n|j|\u2606BKDAFEARLESS1\n|t:|1699497202\n|gametype|doubles\n|player|p1|That0doggo|harlequin|1027\n|player|p2|BKDAFEARLESS1|hiker-gen4|1101\n|teamsize|p1|6\n|teamsize|p2|6\n|gen|9\n|tier|[Gen 9] Doubles OU\n|rated|\n|rule|Species Clause: Limit one of each Pok\u00e9mon\n|rule|OHKO Clause: OHKO moves are banned\n|rule|Evasion Moves Clause: Evasion moves are banned\n|rule|Gravity Sleep Clause: The combination of sleep-inducing moves with imperfect accuracy and Gravity or Gigantamax Orbeetle are banned\n|rule|Endless Battle Clause: Forcing endless battles is banned\n|rule|HP Percentage Mod: HP is shown in percentages\n|clearpoke\n|poke|p1|Ursaluna, M|\n|poke|p1|Goodra-Hisui, M|\n|poke|p1|Talonflame, F|\n|poke|p1|Iron Moth|\n|poke|p1|Blissey, F|\n|poke|p1|Glimmora, F|\n|poke|p2|Slaking, F|\n|poke|p2|Grafaiai, F|\n|poke|p2|Infernape, F|\n|poke|p2|Munkidori, M|\n|poke|p2|Rillaboom, M|\n|poke|p2|Passimian, M|\n|teampreview\n|inactive|Battle timer is ON: inactive players will automatically lose when time's up. (requested by BKDAFEARLESS1)\n|\n|t:|1699497214\n|start\n|switch|p1a: Blissey|Blissey, F, shiny|100\/100\n|switch|p1b: Glimmora|Glimmora, F|100\/100\n|switch|p2a: Slaking|Slaking, F|100\/100\n|switch|p2b: Grafaiai|Grafaiai, F|100\/100\n|turn|1\n|\n|t:|1699497227\n|move|p2b: Grafaiai|Doodle|p1b: Glimmora\n|-endability|p2a: Slaking|Truant|[from] move: Doodle\n|-ability|p2a: Slaking|Toxic Debris|[from] move: Doodle\n|-endability|p2b: Grafaiai|Prankster|[from] move: Doodle\n|-ability|p2b: Grafaiai|Toxic Debris|[from] move: Doodle\n|move|p2a: Slaking|Drain Punch|p1a: Blissey\n|-supereffective|p1a: Blissey\n|-damage|p1a: Blissey|39\/100\n|move|p1b: Glimmora|Acid Armor|p1b: Glimmora\n|-boost|p1b: Glimmora|def|2\n|move|p1a: Blissey|Stealth Rock|p2b: Grafaiai\n|-sidestart|p2: BKDAFEARLESS1|move: Stealth Rock\n|\n|-heal|p1a: Blissey|45\/100|[from] item: Leftovers\n|upkeep\n|turn|2\n|\n|t:|1699497248\n|move|p2b: Grafaiai|Parting Shot|p1b: Glimmora\n|-unboost|p1b: Glimmora|atk|1\n|-unboost|p1b: Glimmora|spa|1\n|inactive|BKDAFEARLESS1 has 120 seconds left.\n|\n|t:|1699497266\n|switch|p2b: Passimian|Passimian, M|100\/100|[from] Parting Shot\n|-damage|p2b: Passimian|94\/100|[from] Stealth Rock\n|move|p2a: Slaking|Drain Punch|p1a: Blissey\n|-supereffective|p1a: Blissey\n|-damage|p1a: Blissey|0 fnt\n|faint|p1a: Blissey\n|move|p1b: Glimmora|Acid Armor|p1b: Glimmora\n|-boost|p1b: Glimmora|def|2\n|\n|upkeep\n|\n|t:|1699497282\n|switch|p1a: Big Bertha|Ursaluna, M|100\/100\n|turn|3\n|inactiveoff|Battle timer is now OFF.\n|\n|t:|1699497343\n|-terastallize|p1a: Big Bertha|Fighting\n|move|p2b: Passimian|Knock Off|p1a: Big Bertha\n|-resisted|p1a: Big Bertha\n|-damage|p1a: Big Bertha|88\/100\n|-enditem|p1a: Big Bertha|Flame Orb|[from] move: Knock Off|[of] p2b: Passimian\n|move|p2a: Slaking|High Horsepower|p1b: Glimmora\n|-supereffective|p1b: Glimmora\n|-damage|p1b: Glimmora|44\/100\n|-activate|p1b: Glimmora|ability: Toxic Debris\n|-sidestart|p2: BKDAFEARLESS1|move: Toxic Spikes\n|move|p1b: Glimmora|Acid Armor|p1b: Glimmora\n|-boost|p1b: Glimmora|def|2\n|move|p1a: Big Bertha|Cross Chop|p2a: Slaking\n|-supereffective|p2a: Slaking\n|-damage|p2a: Slaking|18\/100\n|-activate|p2a: Slaking|ability: Toxic Debris\n|-sidestart|p1: That0doggo|move: Toxic Spikes\n|\n|-heal|p2a: Slaking|24\/100|[from] item: Leftovers\n|upkeep\n|turn|4\n|\n|t:|1699497375\n|switch|p2b: Rillaboom|Rillaboom, M|100\/100\n|-damage|p2b: Rillaboom|88\/100|[from] Stealth Rock\n|-status|p2b: Rillaboom|psn\n|-fieldstart|move: Grassy Terrain|[from] ability: Grassy Surge|[of] p2b: Rillaboom\n|move|p2a: Slaking|High Horsepower|p1b: Glimmora\n|-supereffective|p1b: Glimmora\n|-damage|p1b: Glimmora|1\/100\n|-activate|p1b: Glimmora|ability: Toxic Debris\n|-sidestart|p2: BKDAFEARLESS1|move: Toxic Spikes\n|-enditem|p1b: Glimmora|Figy Berry|[eat]\n|-heal|p1b: Glimmora|34\/100|[from] item: Figy Berry\n|-start|p1b: Glimmora|confusion\n|-activate|p1b: Glimmora|confusion\n|move|p1b: Glimmora|Spikes|p2b: Rillaboom\n|-sidestart|p2: BKDAFEARLESS1|Spikes\n|move|p1a: Big Bertha|Earthquake|p2a: Slaking|[spread] p1b,p2a,p2b\n|-supereffective|p1b: Glimmora\n|-resisted|p2b: Rillaboom\n|-damage|p1b: Glimmora|10\/100\n|-damage|p2a: Slaking|9\/100\n|-damage|p2b: Rillaboom|76\/100 psn\n|-activate|p2a: Slaking|ability: Toxic Debris\n|-sidestart|p1: That0doggo|move: Toxic Spikes\n|\n|-heal|p2b: Rillaboom|82\/100 psn|[from] Grassy Terrain\n|-heal|p2a: Slaking|15\/100|[from] Grassy Terrain\n|-heal|p2a: Slaking|21\/100|[from] item: Leftovers\n|-heal|p1b: Glimmora|17\/100|[from] Grassy Terrain\n|-heal|p1a: Big Bertha|94\/100|[from] Grassy Terrain\n|-damage|p2b: Rillaboom|70\/100 psn|[from] psn\n|upkeep\n|turn|5\n|\n|t:|1699497410\n|move|p2b: Rillaboom|Fake Out|p1a: Big Bertha\n|-damage|p1a: Big Bertha|84\/100\n|move|p2a: Slaking|High Horsepower|p1b: Glimmora\n|-supereffective|p1b: Glimmora\n|-damage|p1b: Glimmora|0 fnt\n|faint|p1b: Glimmora\n|cant|p1a: Big Bertha|flinch\n|\n|-heal|p2b: Rillaboom|76\/100 psn|[from] Grassy Terrain\n|-heal|p2a: Slaking|27\/100|[from] Grassy Terrain\n|-heal|p2a: Slaking|33\/100|[from] item: Leftovers\n|-heal|p1a: Big Bertha|90\/100|[from] Grassy Terrain\n|-damage|p2b: Rillaboom|64\/100 psn|[from] psn\n|upkeep\n|\n|t:|1699497415\n|switch|p1b: Talonflame|Talonflame, F|100\/100\n|turn|6\n|\n|t:|1699497449\n|-terastallize|p2b: Rillaboom|Grass\n|move|p1b: Talonflame|Acrobatics|p2a: Slaking\n|-damage|p2a: Slaking|2\/100\n|move|p2b: Rillaboom|Wood Hammer|p1a: Big Bertha\n|-damage|p1a: Big Bertha|16\/100\n|-damage|p2b: Rillaboom|30\/100 psn|[from] Recoil\n|move|p2a: Slaking|Body Slam|p1b: Talonflame\n|-damage|p1b: Talonflame|21\/100\n|move|p1a: Big Bertha|Earthquake|p2b: Rillaboom|[spread] p2a,p2b\n|-immune|p1b: Talonflame\n|-resisted|p2b: Rillaboom\n|-damage|p2a: Slaking|0 fnt\n|-damage|p2b: Rillaboom|18\/100 psn\n|faint|p2a: Slaking\n|\n|-heal|p2b: Rillaboom|24\/100 psn|[from] Grassy Terrain\n|-heal|p1a: Big Bertha|22\/100|[from] Grassy Terrain\n|-damage|p2b: Rillaboom|11\/100 psn|[from] psn\n|upkeep\n|\n|t:|1699497489\n|switch|p2a: Infernape|Infernape, F|100\/100\n|-damage|p2a: Infernape|88\/100|[from] Stealth Rock\n|-status|p2a: Infernape|tox\n|-damage|p2a: Infernape|76\/100 tox|[from] Spikes\n|turn|7\n|\n|t:|1699497505\n|move|p2a: Infernape|Fake Out|p1b: Talonflame\n|-damage|p1b: Talonflame|0 fnt\n|faint|p1b: Talonflame\n|-damage|p2a: Infernape|66\/100 tox|[from] item: Life Orb\n|move|p2b: Rillaboom|Wood Hammer|p1a: Big Bertha\n|-damage|p1a: Big Bertha|0 fnt\n|faint|p1a: Big Bertha\n|-damage|p2b: Rillaboom|2\/100 psn|[from] Recoil\n|\n|-heal|p2a: Infernape|72\/100 tox|[from] Grassy Terrain\n|-heal|p2b: Rillaboom|8\/100 psn|[from] Grassy Terrain\n|-damage|p2a: Infernape|66\/100 tox|[from] psn\n|-damage|p2b: Rillaboom|0 fnt|[from] psn\n|faint|p2b: Rillaboom\n|upkeep\n|inactive|Battle timer is ON: inactive players will automatically lose when time's up. (requested by That0doggo)\n|inactive|BKDAFEARLESS1 has 120 seconds left.\n|inactive|BKDAFEARLESS1 has 90 seconds left.\n|l|\u2606That0doggo\n|inactive|That0doggo disconnected and has a minute to reconnect!\n|player|p1|\n|j|\u2606That0doggo\n|inactive|That0doggo reconnected.\n|player|p1|That0doggo|harlequin\n|\n|t:|1699497648\n|switch|p1b: Goodra|Goodra-Hisui, M|100\/100\n|switch|p2b: Munkidori|Munkidori, M|100\/100\n|switch|p1a: Iron Moth|Iron Moth|100\/100\n|-damage|p2b: Munkidori|88\/100|[from] Stealth Rock\n|-sideend|p2: BKDAFEARLESS1|move: Toxic Spikes|[of] p2b: Munkidori\n|-damage|p2b: Munkidori|76\/100|[from] Spikes\n|-item|p1a: Iron Moth|Aguav Berry|[from] ability: Frisk|[of] p2b: Munkidori|[identify]\n|-item|p1b: Goodra|Leftovers|[from] ability: Frisk|[of] p2b: Munkidori|[identify]\n|-sideend|p1: That0doggo|move: Toxic Spikes|[of] p1a: Iron Moth\n|turn|8\n|\n|t:|1699497665\n|move|p1a: Iron Moth|Protect|p1a: Iron Moth\n|-singleturn|p1a: Iron Moth|Protect\n|move|p2a: Infernape|Will-O-Wisp|p1b: Goodra\n|-status|p1b: Goodra|brn\n|move|p2b: Munkidori|Future Sight|p1a: Iron Moth\n|-start|p2b: Munkidori|move: Future Sight\n|move|p1b: Goodra|Substitute|p1b: Goodra\n|-start|p1b: Goodra|Substitute\n|-damage|p1b: Goodra|76\/100 brn\n|\n|-heal|p2a: Infernape|72\/100 tox|[from] Grassy Terrain\n|-heal|p2b: Munkidori|82\/100|[from] Grassy Terrain\n|-heal|p1b: Goodra|82\/100 brn|[from] Grassy Terrain\n|-heal|p1b: Goodra|88\/100 brn|[from] item: Leftovers\n|-damage|p2a: Infernape|60\/100 tox|[from] psn\n|-damage|p1b: Goodra|82\/100 brn|[from] brn\n|-fieldend|move: Grassy Terrain\n|upkeep\n|turn|9\n|inactive|BKDAFEARLESS1 has 90 seconds left.\n|\n|t:|1699497697\n|move|p2a: Infernape|Fire Punch|p1b: Goodra\n|-end|p1b: Goodra|Substitute\n|-damage|p2a: Infernape|50\/100 tox|[from] item: Life Orb\n|move|p2b: Munkidori|Shadow Ball|p1b: Goodra\n|-damage|p1b: Goodra|67\/100 brn\n|move|p1a: Iron Moth|Fiery Dance|p2b: Munkidori\n|-damage|p2b: Munkidori|29\/100\n|move|p1b: Goodra|Dragon Tail|p2a: Infernape\n|-damage|p2a: Infernape|32\/100 tox\n|drag|p2a: Passimian|Passimian, M|94\/100\n|-damage|p2a: Passimian|88\/100|[from] Stealth Rock\n|-damage|p2a: Passimian|76\/100|[from] Spikes\n|\n|-heal|p1b: Goodra|74\/100 brn|[from] item: Leftovers\n|-damage|p1b: Goodra|67\/100 brn|[from] brn\n|upkeep\n|turn|10\n|inactive|BKDAFEARLESS1 has 90 seconds left.\n|inactive|That0doggo has 120 seconds left.\n|\n|t:|1699497728\n|move|p2a: Passimian|Close Combat|p1b: Goodra\n|-supereffective|p1b: Goodra\n|-damage|p1b: Goodra|0 fnt\n|-unboost|p2a: Passimian|def|1\n|-unboost|p2a: Passimian|spd|1\n|faint|p1b: Goodra\n|move|p2b: Munkidori|Shadow Ball|p1a: Iron Moth\n|-damage|p1a: Iron Moth|69\/100\n|move|p1a: Iron Moth|Fiery Dance|p2b: Munkidori\n|-damage|p2b: Munkidori|0 fnt\n|faint|p2b: Munkidori\n|\n|-end|p1a: Iron Moth|move: Future Sight\n|-supereffective|p1a: Iron Moth\n|-damage|p1a: Iron Moth|0 fnt\n|faint|p1a: Iron Moth\n|-end|p1a: Iron Moth|Quark Drive|[silent]\n|\n|win|BKDAFEARLESS1\n|upkeep\n|raw|That0doggo's rating: 1027 &rarr; <strong>1016<\/strong><br \/>(-11 for losing)\n|raw|BKDAFEARLESS1's rating: 1101 &rarr; <strong>1121<\/strong><br \/>(+20 for winning)\n|l|\u2606That0doggo\n|l|\u2606BKDAFEARLESS1\n|j|\u2606BKDAFEARLESS1\n|player|p2|BKDAFEARLESS1|hiker-gen4\n","uploadtime":1699497810,"views":26,"p1id":"that0doggo","p2id":"bkdafearless1","formatid":"gen9doublesou","rating":1016,"private":0,"password":""}