{"id":"gen9doublesou-1969962339","p1":"dweebballs99","p2":"WickedWaze","format":"[Gen 9] Doubles OU","log":"|j|\u2606dweebballs99\n|j|\u2606WickedWaze\n|t:|1697579925\n|gametype|doubles\n|player|p1|dweebballs99|sabrina|1539\n|player|p2|WickedWaze|ghetsis|1495\n|teamsize|p1|6\n|teamsize|p2|6\n|gen|9\n|tier|[Gen 9] Doubles OU\n|rated|\n|rule|Species Clause: Limit one of each Pok\u00e9mon\n|rule|OHKO Clause: OHKO moves are banned\n|rule|Evasion Moves Clause: Evasion moves are banned\n|rule|Gravity Sleep Clause: The combination of sleep-inducing moves with imperfect accuracy and Gravity or Gigantamax Orbeetle are banned\n|rule|Endless Battle Clause: Forcing endless battles is banned\n|rule|HP Percentage Mod: HP is shown in percentages\n|clearpoke\n|poke|p1|Okidogi, M|\n|poke|p1|Ogerpon-Hearthflame, F|\n|poke|p1|Flutter Mane|\n|poke|p1|Landorus-Therian, M|\n|poke|p1|Baxcalibur, M|\n|poke|p1|Weezing-Galar, M|\n|poke|p2|Maushold-Four|\n|poke|p2|Dudunsparce-*, F|\n|poke|p2|Flamigo, M|\n|poke|p2|Indeedee-F, F|\n|poke|p2|Corviknight, M|\n|poke|p2|Tyranitar, M|\n|teampreview\n|inactive|Battle timer is ON: inactive players will automatically lose when time's up. (requested by WickedWaze)\n|inactive|dweebballs99 also wants the timer to be on.\n|\n|t:|1697579943\n|start\n|switch|p1a: Ogerpon|Ogerpon-Hearthflame, F|100\/100\n|switch|p1b: Okidogi|Okidogi, M|100\/100\n|switch|p2a: A Means To|Maushold-Four|100\/100\n|switch|p2b: An End|Dudunsparce-Three-Segment, F|100\/100\n|-ability|p1a: Ogerpon|Mold Breaker\n|turn|1\n|j| JewelAlien\n|\n|t:|1697579963\n|-terastallize|p2b: An End|Psychic\n|move|p2a: A Means To|Beat Up|p2b: An End\n|-supereffective|p2b: An End\n|-damage|p2b: An End|98\/100\n|-ability|p2b: An End|Rattled|boost\n|-boost|p2b: An End|spe|1\n|-enditem|p2b: An End|Weakness Policy\n|-boost|p2b: An End|atk|2|[from] item: Weakness Policy\n|-boost|p2b: An End|spa|2|[from] item: Weakness Policy\n|-supereffective|p2b: An End\n|-damage|p2b: An End|94\/100\n|-ability|p2b: An End|Rattled|boost\n|-boost|p2b: An End|spe|1\n|-supereffective|p2b: An End\n|-crit|p2b: An End\n|-damage|p2b: An End|89\/100\n|-ability|p2b: An End|Rattled|boost\n|-boost|p2b: An End|spe|1\n|-supereffective|p2b: An End\n|-damage|p2b: An End|87\/100\n|-ability|p2b: An End|Rattled|boost\n|-boost|p2b: An End|spe|1\n|-supereffective|p2b: An End\n|-damage|p2b: An End|84\/100\n|-ability|p2b: An End|Rattled|boost\n|-boost|p2b: An End|spe|1\n|-supereffective|p2b: An End\n|-damage|p2b: An End|80\/100\n|-ability|p2b: An End|Rattled|boost\n|-boost|p2b: An End|spe|1\n|-hitcount|p2b: An End|6\n|move|p2b: An End|Coil|p2b: An End\n|-boost|p2b: An End|atk|1\n|-boost|p2b: An End|def|1\n|-boost|p2b: An End|accuracy|1\n|move|p1a: Ogerpon|Ivy Cudgel|p2b: An End\n|-damage|p2b: An End|51\/100\n|move|p1b: Okidogi|High Horsepower|p2b: An End\n|-damage|p2b: An End|32\/100\n|\n|upkeep\n|turn|2\n|inactive|WickedWaze has 120 seconds left.\n|\n|t:|1697579995\n|-terastallize|p1a: Ogerpon|Fire\n|detailschange|p1a: Ogerpon|Ogerpon-Hearthflame-Tera, F, tera:Fire\n|-ability|p1a: Ogerpon|Embody Aspect (Hearthflame)|boost\n|-boost|p1a: Ogerpon|atk|1\n|move|p2a: A Means To|Follow Me|p2a: A Means To\n|-singleturn|p2a: A Means To|move: Follow Me\n|move|p2b: An End|Baton Pass|p2b: An End\n|inactive|WickedWaze has 120 seconds left.\n|\n|t:|1697580003\n|switch|p2b: Tyranitar|Tyranitar, M|100\/100|[from] Baton Pass\n|-weather|Sandstorm|[from] ability: Sand Stream|[of] p2b: Tyranitar\n|move|p1a: Ogerpon|Ivy Cudgel|p2a: A Means To\n|-crit|p2a: A Means To\n|-enditem|p2a: A Means To|Focus Sash\n|-damage|p2a: A Means To|1\/100\n|move|p1b: Okidogi|High Horsepower|p2a: A Means To\n|-damage|p2a: A Means To|0 fnt\n|faint|p2a: A Means To\n|\n|-weather|Sandstorm|[upkeep]\n|-damage|p1a: Ogerpon|95\/100|[from] Sandstorm\n|-damage|p1b: Okidogi|94\/100|[from] Sandstorm\n|upkeep\n|inactive|WickedWaze has 120 seconds left.\n|\n|t:|1697580014\n|switch|p2a: Indeedee|Indeedee-F, F|100\/100\n|-fieldstart|move: Psychic Terrain|[from] ability: Psychic Surge|[of] p2a: Indeedee\n|turn|3\n|\n|t:|1697580020\n|move|p1a: Ogerpon|Spiky Shield|p1a: Ogerpon\n|-singleturn|p1a: Ogerpon|move: Protect\n|move|p2b: Tyranitar|Rock Slide|p1a: Ogerpon|[spread] p1b\n|-activate|p1a: Ogerpon|move: Protect\n|-resisted|p1b: Okidogi\n|-damage|p1b: Okidogi|66\/100\n|move|p1b: Okidogi|High Horsepower|p2b: Tyranitar\n|-supereffective|p2b: Tyranitar\n|-damage|p2b: Tyranitar|42\/100\n|move|p2a: Indeedee|Psych Up|p2b: Tyranitar\n|-copyboost|p2a: Indeedee|p2b: Tyranitar|[from] move: Psych Up\n|\n|-weather|Sandstorm|[upkeep]\n|-damage|p2a: Indeedee|94\/100|[from] Sandstorm\n|-damage|p1a: Ogerpon|89\/100|[from] Sandstorm\n|-damage|p1b: Okidogi|60\/100|[from] Sandstorm\n|upkeep\n|turn|4\n|\n|t:|1697580040\n|move|p2b: Tyranitar|Protect|p2b: Tyranitar\n|-singleturn|p2b: Tyranitar|Protect\n|move|p2a: Indeedee|Baton Pass|p2a: Indeedee\n|\n|t:|1697580044\n|switch|p2a: Corviknight|Corviknight, M|100\/100|[from] Baton Pass\n|move|p1a: Ogerpon|Horn Leech|p2b: Tyranitar\n|-activate|p2b: Tyranitar|move: Protect\n|move|p1b: Okidogi|High Horsepower|p2b: Tyranitar\n|-activate|p2b: Tyranitar|move: Protect\n|\n|-weather|Sandstorm|[upkeep]\n|-damage|p1a: Ogerpon|83\/100|[from] Sandstorm\n|-damage|p1b: Okidogi|53\/100|[from] Sandstorm\n|upkeep\n|turn|5\n|\n|t:|1697580060\n|move|p2a: Corviknight|Brave Bird|p1b: Okidogi\n|-supereffective|p1b: Okidogi\n|-damage|p1b: Okidogi|0 fnt\n|faint|p1b: Okidogi\n|-damage|p2a: Corviknight|85\/100|[from] Recoil\n|move|p2b: Tyranitar|Rock Slide|p1a: Ogerpon\n|-supereffective|p1a: Ogerpon\n|-damage|p1a: Ogerpon|0 fnt\n|faint|p1a: Ogerpon\n|\n|-weather|Sandstorm|[upkeep]\n|upkeep\n|\n|t:|1697580084\n|switch|p1a: Weezing|Weezing-Galar, M|100\/100\n|switch|p1b: Baxcalibur|Baxcalibur, M|100\/100\n|-ability|p1a: Weezing|Neutralizing Gas\n|turn|6\n|\n|t:|1697580100\n|move|p2b: Tyranitar|Protect|p2b: Tyranitar\n|-singleturn|p2b: Tyranitar|Protect\n|move|p2a: Corviknight|Power Trip|p1b: Baxcalibur\n|-damage|p1b: Baxcalibur|0 fnt\n|faint|p1b: Baxcalibur\n|move|p1a: Weezing|Thunder|p2a: Corviknight|[miss]\n|-miss|p1a: Weezing|p2a: Corviknight\n|\n|-weather|none\n|upkeep\n|\n|t:|1697580112\n|switch|p1b: Flutter Mane|Flutter Mane|100\/100\n|turn|7\n|\n|t:|1697580121\n|move|p2a: Corviknight|Power Trip|p1b: Flutter Mane\n|-damage|p1b: Flutter Mane|0 fnt\n|faint|p1b: Flutter Mane\n|-end|p1b: Flutter Mane|Protosynthesis|[silent]\n|move|p2b: Tyranitar|Rock Slide|p1a: Weezing\n|-damage|p1a: Weezing|16\/100\n|move|p1a: Weezing|Thunder|p2a: Corviknight\n|-supereffective|p2a: Corviknight\n|-damage|p2a: Corviknight|42\/100\n|-enditem|p2a: Corviknight|Sitrus Berry|[eat]\n|-heal|p2a: Corviknight|67\/100|[from] item: Sitrus Berry\n|\n|-fieldend|move: Psychic Terrain\n|upkeep\n|\n|t:|1697580132\n|switch|p1b: Landorus|Landorus-Therian, M|100\/100\n|turn|8\n|\n|t:|1697580141\n|move|p2a: Corviknight|Power Trip|p1b: Landorus\n|-damage|p1b: Landorus|0 fnt\n|faint|p1b: Landorus\n|move|p2b: Tyranitar|Rock Slide|p1a: Weezing\n|-damage|p1a: Weezing|0 fnt\n|faint|p1a: Weezing\n|-end|p1a: Weezing|ability: Neutralizing Gas\n|-weather|Sandstorm|[from] ability: Sand Stream|[of] p2b: Tyranitar\n|\n|win|WickedWaze\n|raw|dweebballs99's rating: 1539 &rarr; <strong>1516<\/strong><br \/>(-23 for losing)\n|raw|WickedWaze's rating: 1495 &rarr; <strong>1518<\/strong><br \/>(+23 for winning)\n|l|\u2606WickedWaze\n|l|\u2606dweebballs99\n","uploadtime":1697580170,"views":28,"p1id":"dweebballs99","p2id":"wickedwaze","formatid":"gen9doublesou","rating":1516,"private":0,"password":""}