{"id":"gen9doublesou-1998969566","p1":"Zulneily","p2":"UltraTales","format":"[Gen 9] Doubles OU","log":"|j|\u2606Zulneily\n|j|\u2606UltraTales\n|t:|1701019071\n|gametype|doubles\n|player|p1|Zulneily|hilda-wonderlauncher|1153\n|player|p2|UltraTales|170|1158\n|teamsize|p1|6\n|teamsize|p2|6\n|gen|9\n|tier|[Gen 9] Doubles OU\n|rated|\n|rule|Species Clause: Limit one of each Pok\u00e9mon\n|rule|OHKO Clause: OHKO moves are banned\n|rule|Evasion Moves Clause: Evasion moves are banned\n|rule|Gravity Sleep Clause: The combination of sleep-inducing moves with imperfect accuracy and Gravity or Gigantamax Orbeetle are banned\n|rule|Endless Battle Clause: Forcing endless battles is banned\n|rule|HP Percentage Mod: HP is shown in percentages\n|clearpoke\n|poke|p1|Cinderace, F|\n|poke|p1|Chien-Pao|\n|poke|p1|Indeedee-F, F|\n|poke|p1|Amoonguss, M|\n|poke|p1|Flutter Mane|\n|poke|p1|Palafin, F|\n|poke|p2|Kommo-o, F|\n|poke|p2|Amoonguss, F|\n|poke|p2|Gyarados, F|\n|poke|p2|Cresselia, F|\n|poke|p2|Sylveon, F|\n|poke|p2|Heatran, M|\n|teampreview\n|\n|t:|1701019108\n|start\n|switch|p1a: Indeedee|Indeedee-F, F|100\/100\n|switch|p1b: Cinderace|Cinderace, F|100\/100\n|switch|p2a: Kommo-o|Kommo-o, F|100\/100\n|switch|p2b: Amoonguss|Amoonguss, F|100\/100\n|-fieldstart|move: Psychic Terrain|[from] ability: Psychic Surge|[of] p1a: Indeedee\n|turn|1\n|\n|t:|1701019135\n|move|p2b: Amoonguss|Rage Powder|p2b: Amoonguss\n|-singleturn|p2b: Amoonguss|move: Rage Powder\n|move|p1b: Cinderace|Pyro Ball|p2b: Amoonguss\n|-supereffective|p2b: Amoonguss\n|-damage|p2b: Amoonguss|24\/100\n|move|p2a: Kommo-o|Clangorous Soul|p2a: Kommo-o\n|-boost|p2a: Kommo-o|atk|1\n|-boost|p2a: Kommo-o|def|1\n|-boost|p2a: Kommo-o|spa|1\n|-boost|p2a: Kommo-o|spd|1\n|-boost|p2a: Kommo-o|spe|1\n|-damage|p2a: Kommo-o|68\/100\n|-enditem|p2a: Kommo-o|Throat Spray\n|-boost|p2a: Kommo-o|spa|1|[from] item: Throat Spray\n|move|p1a: Indeedee|Psychic|p2b: Amoonguss\n|-supereffective|p2b: Amoonguss\n|-damage|p2b: Amoonguss|0 fnt\n|faint|p2b: Amoonguss\n|\n|upkeep\n|\n|t:|1701019156\n|switch|p2b: Cresselia|Cresselia, F|100\/100\n|turn|2\n|\n|t:|1701019185\n|switch|p1b: Palafin|Palafin, F|100\/100\n|move|p2a: Kommo-o|Clanging Scales|p1b: Palafin|[spread] p1a,p1b\n|-damage|p1a: Indeedee|46\/100\n|-damage|p1b: Palafin|39\/100\n|-unboost|p2a: Kommo-o|def|1\n|move|p1a: Indeedee|Psychic|p2a: Kommo-o\n|-supereffective|p2a: Kommo-o\n|-damage|p2a: Kommo-o|5\/100\n|move|p2b: Cresselia|Lunar Blessing|p2b: Cresselia|[spread] p2a,p2b\n|-heal|p2a: Kommo-o|30\/100\n|\n|upkeep\n|turn|3\n|inactive|Battle timer is ON: inactive players will automatically lose when time's up. (requested by Zulneily)\n|\n|t:|1701019214\n|detailschange|p1b: Palafin|Palafin-Hero, F\n|switch|p1b: Flutter Mane|Flutter Mane|100\/100\n|-enditem|p1b: Flutter Mane|Booster Energy\n|-activate|p1b: Flutter Mane|ability: Protosynthesis|[fromitem]\n|-start|p1b: Flutter Mane|protosynthesisspe\n|move|p1a: Indeedee|Protect|p1a: Indeedee\n|-singleturn|p1a: Indeedee|Protect\n|move|p2a: Kommo-o|Clanging Scales|p1b: Flutter Mane|[spread] \n|-activate|p1a: Indeedee|move: Protect\n|-immune|p1b: Flutter Mane\n|move|p2b: Cresselia|Lunar Blessing|p2b: Cresselia|[spread] p2a,p2b\n|-heal|p2a: Kommo-o|55\/100\n|\n|upkeep\n|turn|4\n|inactive|UltraTales has 120 seconds left.\n|\n|t:|1701019258\n|move|p2b: Cresselia|Helping Hand|p2a: Kommo-o\n|-singleturn|p2a: Kommo-o|Helping Hand|[of] p2b: Cresselia\n|move|p1a: Indeedee|Helping Hand|p1b: Flutter Mane\n|-singleturn|p1b: Flutter Mane|Helping Hand|[of] p1a: Indeedee\n|move|p1b: Flutter Mane|Dazzling Gleam|p2a: Kommo-o|[spread] p2a,p2b\n|-supereffective|p2a: Kommo-o\n|-damage|p2a: Kommo-o|0 fnt\n|-damage|p2b: Cresselia|69\/100\n|faint|p2a: Kommo-o\n|\n|-heal|p2b: Cresselia|75\/100|[from] item: Leftovers\n|upkeep\n|\n|t:|1701019273\n|switch|p2a: Heatran|Heatran, M|100\/100\n|turn|5\n|\n|t:|1701019287\n|move|p1a: Indeedee|Helping Hand|p1b: Flutter Mane\n|-singleturn|p1b: Flutter Mane|Helping Hand|[of] p1a: Indeedee\n|move|p1b: Flutter Mane|Shadow Ball|p2b: Cresselia\n|-supereffective|p2b: Cresselia\n|-damage|p2b: Cresselia|0 fnt\n|faint|p2b: Cresselia\n|move|p2a: Heatran|Flash Cannon|p1b: Flutter Mane\n|-supereffective|p1b: Flutter Mane\n|-damage|p1b: Flutter Mane|29\/100\n|-unboost|p1b: Flutter Mane|spd|1\n|\n|upkeep\n|inactive|UltraTales has 120 seconds left.\n|-message|UltraTales forfeited.\n|\n|win|Zulneily\n|raw|Zulneily's rating: 1153 &rarr; <strong>1178<\/strong><br \/>(+25 for winning)\n|raw|UltraTales's rating: 1158 &rarr; <strong>1133<\/strong><br \/>(-25 for losing)\n|l|\u2606UltraTales\n","uploadtime":1701019314,"views":6,"p1id":"zulneily","p2id":"ultratales","formatid":"gen9doublesou","rating":1133,"private":0,"password":""}