{"id":"gen9doublesou-1968322553","p1":"Traxsu","p2":"bellenguer2","format":"[Gen 9] Doubles OU","log":"|html|<div class=\"broadcast-blue\"><strong>[Gen 9] Doubles OU is currently suspecting Basculegion & Flutter Mane! For information on how to participate check out the <a href=\"https:\/\/www.smogon.com\/forums\/threads\/np-sv-dou-stage-8-double-trouble.3729153\/\">suspect thread<\/a>.<\/strong><\/div>\n|j|\u2606Traxsu\n|j|\u2606bellenguer2\n|t:|1697406030\n|gametype|doubles\n|player|p1|Traxsu|169|1242\n|player|p2|bellenguer2|265|1218\n|teamsize|p1|6\n|teamsize|p2|6\n|gen|9\n|tier|[Gen 9] Doubles OU\n|rated|\n|rule|Species Clause: Limit one of each Pok\u00e9mon\n|rule|OHKO Clause: OHKO moves are banned\n|rule|Evasion Moves Clause: Evasion moves are banned\n|rule|Gravity Sleep Clause: The combination of sleep-inducing moves with imperfect accuracy and Gravity or Gigantamax Orbeetle are banned\n|rule|Endless Battle Clause: Forcing endless battles is banned\n|rule|HP Percentage Mod: HP is shown in percentages\n|clearpoke\n|poke|p1|Chien-Pao|\n|poke|p1|Dragapult, M|\n|poke|p1|Ogerpon-Hearthflame, F|\n|poke|p1|Tornadus, M|\n|poke|p1|Farigiraf, F|\n|poke|p1|Basculegion, M|\n|poke|p2|Conkeldurr, F|\n|poke|p2|Glastrier|\n|poke|p2|Ursaluna, F|\n|poke|p2|Slowking-Galar, F|\n|poke|p2|Mesprit|\n|poke|p2|Oranguru, F|\n|teampreview\n|\n|t:|1697406046\n|start\n|switch|p1a: Basculegion|Basculegion, M|100\/100\n|switch|p1b: Dragapult|Dragapult, M|100\/100\n|switch|p2a: Oranguru|Oranguru, F|100\/100\n|switch|p2b: Mesprit|Mesprit|100\/100\n|turn|1\n|\n|t:|1697406063\n|move|p1b: Dragapult|U-turn|p2a: Oranguru\n|-supereffective|p2a: Oranguru\n|-damage|p2a: Oranguru|46\/100\n|\n|t:|1697406067\n|switch|p1b: Farigiraf|Farigiraf, F|100\/100|[from] U-turn\n|move|p1a: Basculegion|Wave Crash|p2a: Oranguru\n|-damage|p2a: Oranguru|0 fnt\n|faint|p2a: Oranguru\n|-damage|p1a: Basculegion|85\/100|[from] Recoil\n|move|p2b: Mesprit|Knock Off|p1a: Basculegion\n|-supereffective|p1a: Basculegion\n|-damage|p1a: Basculegion|16\/100\n|-enditem|p1a: Basculegion|Choice Scarf|[from] move: Knock Off|[of] p2b: Mesprit\n|\n|upkeep\n|\n|t:|1697406080\n|switch|p2a: Slowking|Slowking-Galar, F|100\/100\n|turn|2\n|\n|t:|1697406104\n|-terastallize|p2a: Slowking|Poison\n|move|p1a: Basculegion|Head Smash|p2b: Mesprit\n|-damage|p2b: Mesprit|65\/100\n|-damage|p1a: Basculegion|0 fnt|[from] Recoil\n|faint|p1a: Basculegion\n|move|p1b: Farigiraf|Psychic|p2a: Slowking\n|-supereffective|p2a: Slowking\n|-damage|p2a: Slowking|41\/100\n|move|p2b: Mesprit|U-turn|p1b: Farigiraf\n|-supereffective|p1b: Farigiraf\n|-damage|p1b: Farigiraf|61\/100\n|\n|t:|1697406120\n|switch|p2b: Conkeldurr|Conkeldurr, F|100\/100|[from] U-turn\n|move|p2a: Slowking|Trick Room|p2a: Slowking\n|-fieldstart|move: Trick Room|[of] p2a: Slowking\n|\n|-heal|p2a: Slowking|47\/100|[from] item: Leftovers\n|-status|p2b: Conkeldurr|brn|[from] item: Flame Orb\n|upkeep\n|\n|t:|1697406136\n|switch|p1a: Ogerpon|Ogerpon-Hearthflame, F|100\/100\n|-ability|p1a: Ogerpon|Mold Breaker\n|turn|3\n|\n|t:|1697406150\n|switch|p2a: Mesprit|Mesprit|65\/100\n|move|p1a: Ogerpon|Follow Me|p1a: Ogerpon\n|-singleturn|p1a: Ogerpon|move: Follow Me\n|move|p2b: Conkeldurr|Earthquake|p1a: Ogerpon|[spread] p1a,p1b\n|-immune|p2a: Mesprit|[from] ability: Levitate\n|-crit|p1a: Ogerpon\n|-damage|p1a: Ogerpon|4\/100\n|-damage|p1b: Farigiraf|13\/100\n|-enditem|p1b: Farigiraf|Sitrus Berry|[eat]\n|-heal|p1b: Farigiraf|38\/100|[from] item: Sitrus Berry\n|move|p1b: Farigiraf|Psychic|p2a: Mesprit\n|-resisted|p2a: Mesprit\n|-damage|p2a: Mesprit|49\/100\n|\n|-heal|p2a: Mesprit|55\/100|[from] item: Leftovers\n|-damage|p2b: Conkeldurr|94\/100 brn|[from] brn\n|upkeep\n|turn|4\n|\n|t:|1697406179\n|move|p1a: Ogerpon|Spiky Shield|p1a: Ogerpon\n|-singleturn|p1a: Ogerpon|move: Protect\n|move|p2b: Conkeldurr|Earthquake|p1b: Farigiraf|[spread] p1b\n|-activate|p1a: Ogerpon|move: Protect\n|-immune|p2a: Mesprit|[from] ability: Levitate\n|-damage|p1b: Farigiraf|0 fnt\n|faint|p1b: Farigiraf\n|move|p2a: Mesprit|Knock Off|p1a: Ogerpon\n|-activate|p1a: Ogerpon|move: Protect\n|-damage|p2a: Mesprit|43\/100|[from] Spiky Shield|[of] p1a: Ogerpon\n|\n|-heal|p2a: Mesprit|49\/100|[from] item: Leftovers\n|-damage|p2b: Conkeldurr|88\/100 brn|[from] brn\n|upkeep\n|\n|t:|1697406191\n|switch|p1b: Tornadus|Tornadus, M|100\/100\n|turn|5\n|\n|t:|1697406204\n|move|p1a: Ogerpon|Follow Me|p1a: Ogerpon\n|-singleturn|p1a: Ogerpon|move: Follow Me\n|move|p2b: Conkeldurr|Ice Punch|p1a: Ogerpon\n|-damage|p1a: Ogerpon|0 fnt\n|faint|p1a: Ogerpon\n|move|p2a: Mesprit|U-turn|p1b: Tornadus\n|-resisted|p1b: Tornadus\n|-damage|p1b: Tornadus|85\/100\n|\n|t:|1697406213\n|switch|p2a: Slowking|Slowking-Galar, F, tera:Poison|80\/100|[from] U-turn\n|move|p1b: Tornadus|Bleakwind Storm|p2a: Slowking|[spread] p2a,p2b\n|-supereffective|p2b: Conkeldurr\n|-damage|p2a: Slowking|55\/100\n|-damage|p2b: Conkeldurr|0 fnt\n|faint|p2b: Conkeldurr\n|\n|-heal|p2a: Slowking|61\/100|[from] item: Leftovers\n|upkeep\n|\n|t:|1697406227\n|switch|p2b: Ursaluna|Ursaluna, F|100\/100\n|switch|p1a: Dragapult|Dragapult, M|100\/100\n|turn|6\n|\n|t:|1697406242\n|-terastallize|p1a: Dragapult|Ghost\n|move|p1b: Tornadus|Protect|p1b: Tornadus\n|-singleturn|p1b: Tornadus|Protect\n|move|p2b: Ursaluna|Thunder Punch|p1b: Tornadus\n|-activate|p1b: Tornadus|move: Protect\n|move|p2a: Slowking|Future Sight|p1a: Dragapult\n|-start|p2a: Slowking|move: Future Sight\n|move|p1a: Dragapult|Dragon Darts|p2a: Slowking\n|-damage|p2a: Slowking|28\/100\n|-anim|p1a: Dragapult|Dragon Darts|p2b: Ursaluna\n|-damage|p2b: Ursaluna|75\/100\n|\n|-heal|p2a: Slowking|35\/100|[from] item: Leftovers\n|-fieldend|move: Trick Room\n|-status|p2b: Ursaluna|brn|[from] item: Flame Orb\n|upkeep\n|turn|7\n|\n|t:|1697406263\n|move|p1a: Dragapult|Dragon Darts|p2a: Slowking\n|-damage|p2a: Slowking|3\/100\n|-anim|p1a: Dragapult|Dragon Darts|p2b: Ursaluna\n|-damage|p2b: Ursaluna|50\/100 brn\n|move|p1b: Tornadus|Bleakwind Storm|p2b: Ursaluna|[spread] p2a\n|-miss|p1b: Tornadus|p2b: Ursaluna\n|-damage|p2a: Slowking|0 fnt\n|faint|p2a: Slowking\n|move|p2b: Ursaluna|Thunder Punch|p1b: Tornadus\n|-supereffective|p1b: Tornadus\n|-crit|p1b: Tornadus\n|-damage|p1b: Tornadus|0 fnt\n|faint|p1b: Tornadus\n|\n|-damage|p2b: Ursaluna|44\/100 brn|[from] brn\n|upkeep\n|\n|t:|1697406284\n|switch|p1b: Chien-Pao|Chien-Pao|100\/100\n|switch|p2a: Mesprit|Mesprit|49\/100\n|-ability|p1b: Chien-Pao|Sword of Ruin\n|turn|8\n|\n|t:|1697406313\n|move|p1a: Dragapult|Dragon Darts|p2b: Ursaluna\n|-damage|p2b: Ursaluna|7\/100 brn\n|-anim|p1a: Dragapult|Dragon Darts|p2a: Mesprit\n|-damage|p2a: Mesprit|10\/100\n|move|p1b: Chien-Pao|Crunch|p2a: Mesprit\n|-supereffective|p2a: Mesprit\n|-damage|p2a: Mesprit|0 fnt\n|faint|p2a: Mesprit\n|move|p2b: Ursaluna|Close Combat|p1b: Chien-Pao\n|-supereffective|p1b: Chien-Pao\n|-enditem|p1b: Chien-Pao|Focus Sash\n|-damage|p1b: Chien-Pao|1\/100\n|-unboost|p2b: Ursaluna|def|1\n|-unboost|p2b: Ursaluna|spd|1\n|\n|-end|p1a: Dragapult|move: Future Sight\n|-damage|p1a: Dragapult|37\/100\n|-damage|p2b: Ursaluna|1\/100 brn|[from] brn\n|upkeep\n|\n|t:|1697406325\n|switch|p2a: Glastrier|Glastrier|100\/100\n|turn|9\n|\n|t:|1697406336\n|move|p1a: Dragapult|Dragon Darts|p2a: Glastrier\n|-damage|p2a: Glastrier|66\/100\n|-anim|p1a: Dragapult|Dragon Darts|p2b: Ursaluna\n|-damage|p2b: Ursaluna|0 fnt\n|faint|p2b: Ursaluna\n|move|p1b: Chien-Pao|Brick Break|p2a: Glastrier\n|-supereffective|p2a: Glastrier\n|-damage|p2a: Glastrier|24\/100\n|move|p2a: Glastrier|Heavy Slam|p1a: Dragapult\n|-damage|p1a: Dragapult|0 fnt\n|faint|p1a: Dragapult\n|-ability|p2a: Glastrier|Chilling Neigh|boost\n|-boost|p2a: Glastrier|atk|1\n|\n|-heal|p2a: Glastrier|30\/100|[from] item: Leftovers\n|upkeep\n|turn|10\n|\n|t:|1697406356\n|move|p1b: Chien-Pao|Brick Break|p2a: Glastrier\n|-supereffective|p2a: Glastrier\n|-damage|p2a: Glastrier|0 fnt\n|faint|p2a: Glastrier\n|\n|win|Traxsu\n|raw|Traxsu's rating: 1242 &rarr; <strong>1265<\/strong><br \/>(+23 for winning)\n|raw|bellenguer2's rating: 1218 &rarr; <strong>1195<\/strong><br \/>(-23 for losing)\n","uploadtime":1697406361,"views":14,"p1id":"traxsu","p2id":"bellenguer2","formatid":"gen9doublesou","rating":1195,"private":0,"password":""}