{"id":"gen9doublesou-1996339020","p1":"s1uttyst0ner555","p2":"poisonous_cheeto","format":"[Gen 9] Doubles OU","log":"|j|\u2606s1uttyst0ner555\n|j|\u2606poisonous_cheeto\n|t:|1700672627\n|gametype|doubles\n|player|p1|s1uttyst0ner555|marlon|1164\n|player|p2|poisonous_cheeto|wallace|1079\n|teamsize|p1|6\n|teamsize|p2|6\n|gen|9\n|tier|[Gen 9] Doubles OU\n|rated|\n|rule|Species Clause: Limit one of each Pok\u00e9mon\n|rule|OHKO Clause: OHKO moves are banned\n|rule|Evasion Moves Clause: Evasion moves are banned\n|rule|Gravity Sleep Clause: The combination of sleep-inducing moves with imperfect accuracy and Gravity or Gigantamax Orbeetle are banned\n|rule|Endless Battle Clause: Forcing endless battles is banned\n|rule|HP Percentage Mod: HP is shown in percentages\n|clearpoke\n|poke|p1|Meowscarada, F|\n|poke|p1|Chien-Pao|\n|poke|p1|Sinistcha-Masterpiece|\n|poke|p1|Krookodile, F|\n|poke|p1|Arcanine-Hisui, F|\n|poke|p1|Tornadus, M|\n|poke|p2|Dragapult, M|\n|poke|p2|Flutter Mane|\n|poke|p2|Diancie|\n|poke|p2|Oranguru, F|\n|poke|p2|Cresselia, F|\n|poke|p2|Heatran, F|\n|teampreview\n|\n|t:|1700672637\n|start\n|switch|p1a: Meowscarada|Meowscarada, F, shiny|100\/100\n|switch|p1b: Krookodile|Krookodile, F, shiny|100\/100\n|switch|p2a: Monke|Oranguru, F|100\/100\n|switch|p2b: Annoyance|Flutter Mane|100\/100\n|-enditem|p2b: Annoyance|Booster Energy\n|-activate|p2b: Annoyance|ability: Protosynthesis|[fromitem]\n|-start|p2b: Annoyance|protosynthesisspe\n|turn|1\n|inactive|Battle timer is ON: inactive players will automatically lose when time's up. (requested by s1uttyst0ner555)\n|\n|t:|1700672663\n|-terastallize|p1b: Krookodile|Dragon\n|move|p2b: Annoyance|Dazzling Gleam|p1a: Meowscarada|[spread] p1a,p1b\n|-supereffective|p1a: Meowscarada\n|-supereffective|p1b: Krookodile\n|-damage|p1a: Meowscarada|31\/100\n|-damage|p1b: Krookodile|29\/100\n|move|p1a: Meowscarada|Flower Trick|p1b: Krookodile\n|-resisted|p1b: Krookodile\n|-crit|p1b: Krookodile\n|-damage|p1b: Krookodile|0 fnt\n|faint|p1b: Krookodile\n|move|p2a: Monke|Instruct|p2b: Annoyance\n|-singleturn|p2b: Annoyance|move: Instruct|[of] p2a: Monke\n|move|p2b: Annoyance|Dazzling Gleam|p1a: Meowscarada\n|-supereffective|p1a: Meowscarada\n|-damage|p1a: Meowscarada|0 fnt\n|faint|p1a: Meowscarada\n|\n|upkeep\n|\n|t:|1700672682\n|switch|p1a: Tornadus|Tornadus, M, shiny|100\/100\n|switch|p1b: Arcanine|Arcanine-Hisui, F|100\/100\n|-ability|p1b: Arcanine|Intimidate|boost\n|-fail|p2a: Monke|unboost|Attack|[from] ability: Inner Focus|[of] p2a: Monke\n|-unboost|p2b: Annoyance|atk|1\n|turn|2\n|\n|t:|1700672704\n|move|p2b: Annoyance|Protect|p2b: Annoyance\n|-singleturn|p2b: Annoyance|Protect\n|move|p1a: Tornadus|Tailwind|p1a: Tornadus\n|-sidestart|p1: s1uttyst0ner555|move: Tailwind\n|move|p1b: Arcanine|Flare Blitz|p2b: Annoyance\n|-activate|p2b: Annoyance|move: Protect\n|move|p2a: Monke|Foul Play|p1b: Arcanine\n|-damage|p1b: Arcanine|62\/100\n|\n|upkeep\n|turn|3\n|\n|t:|1700672720\n|move|p1a: Tornadus|Bleakwind Storm|p2b: Annoyance|[spread] p2a,p2b\n|-damage|p2a: Monke|77\/100\n|-damage|p2b: Annoyance|66\/100\n|-unboost|p2b: Annoyance|spe|1\n|move|p1b: Arcanine|Flare Blitz|p2a: Monke\n|-damage|p2a: Monke|0 fnt\n|faint|p2a: Monke\n|-damage|p1b: Arcanine|33\/100|[from] Recoil\n|move|p2b: Annoyance|Dazzling Gleam|p1a: Tornadus|[spread] p1a,p1b\n|-resisted|p1b: Arcanine\n|-damage|p1a: Tornadus|64\/100\n|-damage|p1b: Arcanine|14\/100\n|\n|upkeep\n|\n|t:|1700672733\n|switch|p2a: Daniel|Dragapult, M, shiny|100\/100\n|turn|4\n|\n|t:|1700672749\n|-terastallize|p2a: Daniel|Dragon\n|move|p1a: Tornadus|Protect|p1a: Tornadus\n|-singleturn|p1a: Tornadus|Protect\n|move|p1b: Arcanine|Flare Blitz|p2b: Annoyance\n|-damage|p2b: Annoyance|0 fnt\n|faint|p2b: Annoyance\n|-end|p2b: Annoyance|Protosynthesis|[silent]\n|-damage|p1b: Arcanine|0 fnt|[from] Recoil\n|faint|p1b: Arcanine\n|move|p2a: Daniel|Dragon Darts|p1a: Tornadus\n|-activate|p1a: Tornadus|move: Protect\n|\n|upkeep\n|\n|t:|1700672767\n|switch|p2b: Princess|Diancie|100\/100\n|switch|p1b: Chien-Pao|Chien-Pao|100\/100\n|-ability|p1b: Chien-Pao|Sword of Ruin\n|turn|5\n|\n|t:|1700672793\n|move|p1b: Chien-Pao|Icicle Crash|p2a: Daniel\n|-supereffective|p2a: Daniel\n|-damage|p2a: Daniel|0 fnt\n|faint|p2a: Daniel\n|-damage|p1b: Chien-Pao|91\/100|[from] item: Life Orb\n|move|p1a: Tornadus|Bleakwind Storm|p2b: Princess\n|-resisted|p2b: Princess\n|-damage|p2b: Princess|84\/100\n|move|p2b: Princess|Trick Room|p2b: Princess\n|-fieldstart|move: Trick Room|[of] p2b: Princess\n|\n|-sideend|p1: s1uttyst0ner555|move: Tailwind\n|upkeep\n|\n|t:|1700672807\n|switch|p2a: La Luna|Cresselia, F|100\/100\n|turn|6\n|\n|t:|1700672836\n|move|p1b: Chien-Pao|Sucker Punch|p2a: La Luna\n|-supereffective|p2a: La Luna\n|-damage|p2a: La Luna|19\/100\n|-damage|p1b: Chien-Pao|81\/100|[from] item: Life Orb\n|move|p2b: Princess|Diamond Storm|p1b: Chien-Pao|[spread] p1a,p1b\n|-supereffective|p1a: Tornadus\n|-supereffective|p1b: Chien-Pao\n|-damage|p1a: Tornadus|0 fnt\n|-damage|p1b: Chien-Pao|0 fnt\n|-boost|p2b: Princess|def|2\n|faint|p1a: Tornadus\n|faint|p1b: Chien-Pao\n|move|p2a: La Luna|Psychic|p1: Tornadus|[notarget]\n|-fail|p2a: La Luna\n|\n|upkeep\n|inactive|s1uttyst0ner555 has 120 seconds left.\n|\n|t:|1700672851\n|switch|p1b: Sinistcha|Sinistcha-Masterpiece, shiny|100\/100\n|turn|7\n|\n|t:|1700672861\n|move|p2a: La Luna|Ally Switch|p2a: La Luna\n|swap|p2a: La Luna|1|[from] move: Ally Switch\n|move|p2a: Princess|Diamond Storm|p1b: Sinistcha\n|-damage|p1b: Sinistcha|61\/100\n|move|p1b: Sinistcha|Matcha Gotcha|p2a: Princess|[spread] p2a,p2b\n|-supereffective|p2a: Princess\n|-crit|p2a: Princess\n|-crit|p2b: La Luna\n|-damage|p2a: Princess|28\/100\n|-heal|p1b: Sinistcha|86\/100|[from] drain|[of] p2a: Princess\n|-damage|p2b: La Luna|0 fnt\n|-heal|p1b: Sinistcha|98\/100|[from] drain|[of] p2b: La Luna\n|-enditem|p2a: Princess|Weakness Policy\n|-boost|p2a: Princess|atk|2|[from] item: Weakness Policy\n|-boost|p2a: Princess|spa|2|[from] item: Weakness Policy\n|faint|p2b: La Luna\n|\n|-heal|p1b: Sinistcha|100\/100|[from] item: Leftovers\n|upkeep\n|\n|t:|1700672879\n|switch|p2b: Frogg|Heatran, F|100\/100\n|turn|8\n|\n|t:|1700672888\n|move|p2a: Princess|Diamond Storm|p1b: Sinistcha\n|-damage|p1b: Sinistcha|18\/100\n|move|p1b: Sinistcha|Matcha Gotcha|p2a: Princess|[spread] p2a\n|-miss|p1b: Sinistcha|p2b: Frogg\n|-supereffective|p2a: Princess\n|-damage|p2a: Princess|0 fnt\n|-heal|p1b: Sinistcha|30\/100|[from] drain|[of] p2a: Princess\n|faint|p2a: Princess\n|move|p2b: Frogg|Heat Wave|p1b: Sinistcha\n|-supereffective|p1b: Sinistcha\n|-damage|p1b: Sinistcha|0 fnt\n|faint|p1b: Sinistcha\n|\n|win|poisonous_cheeto\n|raw|s1uttyst0ner555's rating: 1164 &rarr; <strong>1133<\/strong><br \/>(-31 for losing)\n|raw|poisonous_cheeto's rating: 1079 &rarr; <strong>1114<\/strong><br \/>(+35 for winning)\n|l|\u2606s1uttyst0ner555\n","uploadtime":1700672920,"views":14,"p1id":"s1uttyst0ner555","p2id":"poisonouscheeto","formatid":"gen9doublesou","rating":1114,"private":0,"password":""}