{"id":"gen9doublesou-1996037035","p1":"Jackmim","p2":"johnnyranking","format":"[Gen 9] Doubles OU","log":"|j|\u2606Jackmim\n|j|\u203djohnnyranking\n|t:|1700633212\n|gametype|doubles\n|player|p1|Jackmim|ltsurge|1074\n|player|p2|johnnyranking|swimmer-gen4|1134\n|teamsize|p1|6\n|teamsize|p2|6\n|gen|9\n|tier|[Gen 9] Doubles OU\n|rated|\n|rule|Species Clause: Limit one of each Pok\u00e9mon\n|rule|OHKO Clause: OHKO moves are banned\n|rule|Evasion Moves Clause: Evasion moves are banned\n|rule|Gravity Sleep Clause: The combination of sleep-inducing moves with imperfect accuracy and Gravity or Gigantamax Orbeetle are banned\n|rule|Endless Battle Clause: Forcing endless battles is banned\n|rule|HP Percentage Mod: HP is shown in percentages\n|clearpoke\n|poke|p1|Iron Hands|\n|poke|p1|Magnezone|\n|poke|p1|Jolteon, F|\n|poke|p1|Regieleki|\n|poke|p1|Bellibolt, F|\n|poke|p1|Raichu-Alola, F|\n|poke|p2|Clawitzer, F|\n|poke|p2|Dragonite, F|\n|poke|p2|Froslass, F|\n|poke|p2|Hatterene, F|\n|poke|p2|Sinistcha-Masterpiece|\n|poke|p2|Tauros-Paldea-Blaze, M|\n|teampreview\n|\n|t:|1700633232\n|start\n|switch|p1a: World Zone|Iron Hands, shiny|100\/100\n|switch|p1b: Flat Zone|Magnezone, shiny|100\/100\n|switch|p2a: Dragonite|Dragonite, F|100\/100\n|switch|p2b: Hatterene|Hatterene, F|100\/100\n|-item|p1b: Flat Zone|Air Balloon\n|turn|1\n|\n|t:|1700633262\n|move|p2a: Dragonite|Fire Punch|p1b: Flat Zone\n|-supereffective|p1b: Flat Zone\n|-damage|p1b: Flat Zone|50\/100\n|-enditem|p1b: Flat Zone|Air Balloon\n|move|p1b: Flat Zone|Heavy Slam|p2b: Hatterene\n|-supereffective|p2b: Hatterene\n|-damage|p2b: Hatterene|58\/100\n|move|p1a: World Zone|Ice Punch|p2a: Dragonite\n|-supereffective|p2a: Dragonite\n|-damage|p2a: Dragonite|42\/100\n|move|p2b: Hatterene|Calm Mind|p2b: Hatterene\n|-boost|p2b: Hatterene|spa|1\n|-boost|p2b: Hatterene|spd|1\n|\n|-heal|p2b: Hatterene|64\/100|[from] item: Leftovers\n|upkeep\n|turn|2\n|\n|t:|1700633296\n|move|p2a: Dragonite|Fire Punch|p1b: Flat Zone\n|-supereffective|p1b: Flat Zone\n|-crit|p1b: Flat Zone\n|-damage|p1b: Flat Zone|0 fnt\n|faint|p1b: Flat Zone\n|move|p1a: World Zone|Ice Punch|p2a: Dragonite\n|-supereffective|p2a: Dragonite\n|-damage|p2a: Dragonite|0 fnt\n|faint|p2a: Dragonite\n|move|p2b: Hatterene|Draining Kiss|p1a: World Zone\n|-supereffective|p1a: World Zone\n|-damage|p1a: World Zone|38\/100\n|-heal|p2b: Hatterene|100\/100|[from] drain|[of] p1a: World Zone\n|\n|upkeep\n|\n|t:|1700633316\n|switch|p2a: Tauros|Tauros-Paldea-Blaze, M|100\/100\n|switch|p1b: Eye of the Sturm|Bellibolt, F, shiny|100\/100\n|turn|3\n|\n|t:|1700633344\n|move|p2a: Tauros|Earthquake|p1a: World Zone|[spread] p2b,p1a,p1b\n|-crit|p2b: Hatterene\n|-supereffective|p1a: World Zone\n|-supereffective|p1b: Eye of the Sturm\n|-damage|p2b: Hatterene|69\/100\n|-damage|p1a: World Zone|7\/100\n|-damage|p1b: Eye of the Sturm|53\/100\n|-start|p1b: Eye of the Sturm|Charge|Earthquake|[from] ability: Electromorphosis\n|move|p1a: World Zone|Drain Punch|p2a: Tauros\n|-damage|p2a: Tauros|45\/100\n|-heal|p1a: World Zone|22\/100|[from] drain|[of] p2a: Tauros\n|move|p1b: Eye of the Sturm|Muddy Water|p2a: Tauros|[spread] p2b\n|-miss|p1b: Eye of the Sturm|p2a: Tauros\n|-damage|p2b: Hatterene|48\/100\n|-damage|p1b: Eye of the Sturm|43\/100|[from] item: Life Orb\n|move|p2b: Hatterene|Psyshock|p1b: Eye of the Sturm\n|-damage|p1b: Eye of the Sturm|0 fnt\n|faint|p1b: Eye of the Sturm\n|\n|-heal|p2b: Hatterene|54\/100|[from] item: Leftovers\n|upkeep\n|\n|t:|1700633365\n|switch|p1b: Wave Surge|Raichu-Alola, F, shiny|100\/100\n|turn|4\n|\n|t:|1700633376\n|switch|p2b: Sinistcha|Sinistcha-Masterpiece|100\/100\n|-heal|p2a: Tauros|70\/100|[from] ability: Hospitality|[of] p2b: Sinistcha\n|move|p1b: Wave Surge|Psyshock|p2a: Tauros\n|-supereffective|p2a: Tauros\n|-damage|p2a: Tauros|0 fnt\n|faint|p2a: Tauros\n|move|p1a: World Zone|Thunder Punch|p2b: Sinistcha\n|-resisted|p2b: Sinistcha\n|-damage|p2b: Sinistcha|82\/100\n|\n|-heal|p2b: Sinistcha|88\/100|[from] item: Leftovers\n|upkeep\n|\n|t:|1700633388\n|switch|p2a: Froslass|Froslass, F|100\/100\n|turn|5\n|\n|t:|1700633401\n|move|p2a: Froslass|Will-O-Wisp|p1b: Wave Surge\n|-status|p1b: Wave Surge|brn\n|move|p1b: Wave Surge|Skill Swap|p2b: Sinistcha\n|-activate|p1b: Wave Surge|move: Skill Swap|Hospitality|Surge Surfer|[of] p2b: Sinistcha\n|-heal|p1a: World Zone|47\/100|[from] ability: Hospitality|[of] p1b: Wave Surge\n|move|p2b: Sinistcha|Matcha Gotcha|p1b: Wave Surge|[spread] p1a\n|-miss|p2b: Sinistcha|p1b: Wave Surge\n|-damage|p1a: World Zone|25\/100\n|-heal|p2b: Sinistcha|100\/100|[from] drain|[of] p1a: World Zone\n|move|p1a: World Zone|Ice Punch|p2b: Sinistcha\n|-supereffective|p2b: Sinistcha\n|-damage|p2b: Sinistcha|54\/100\n|\n|-heal|p2b: Sinistcha|60\/100|[from] item: Leftovers\n|-damage|p1b: Wave Surge|94\/100 brn|[from] brn\n|upkeep\n|turn|6\n|\n|t:|1700633438\n|-terastallize|p2b: Sinistcha|Poison\n|move|p2a: Froslass|Will-O-Wisp|p1a: World Zone\n|-status|p1a: World Zone|brn\n|move|p1b: Wave Surge|Thunderbolt|p2a: Froslass\n|-damage|p2a: Froslass|50\/100\n|move|p2b: Sinistcha|Matcha Gotcha|p1b: Wave Surge|[spread] p1a,p1b\n|-damage|p1a: World Zone|1\/100 brn\n|-heal|p2b: Sinistcha|78\/100|[from] drain|[of] p1a: World Zone\n|-damage|p1b: Wave Surge|58\/100 brn\n|-heal|p2b: Sinistcha|92\/100|[from] drain|[of] p1b: Wave Surge\n|move|p1a: World Zone|Ice Punch|p2b: Sinistcha\n|-damage|p2b: Sinistcha|80\/100\n|\n|-heal|p2b: Sinistcha|86\/100|[from] item: Leftovers\n|-damage|p1b: Wave Surge|52\/100 brn|[from] brn\n|-damage|p1a: World Zone|0 fnt|[from] brn\n|faint|p1a: World Zone\n|-end|p1a: World Zone|Quark Drive|[silent]\n|upkeep\n|\n|t:|1700633459\n|switch|p1a: Junction Zone|Jolteon, F, shiny|100\/100\n|turn|7\n|\n|t:|1700633471\n|-terastallize|p1a: Junction Zone|Grass\n|move|p2a: Froslass|Helping Hand|p2b: Sinistcha\n|-singleturn|p2b: Sinistcha|Helping Hand|[of] p2a: Froslass\n|move|p1a: Junction Zone|Calm Mind|p1a: Junction Zone\n|-boost|p1a: Junction Zone|spa|1\n|-boost|p1a: Junction Zone|spd|1\n|move|p1b: Wave Surge|Psyshock|p2b: Sinistcha\n|-supereffective|p2b: Sinistcha\n|-damage|p2b: Sinistcha|33\/100\n|move|p2b: Sinistcha|Matcha Gotcha|p1b: Wave Surge|[spread] p1a,p1b\n|-resisted|p1a: Junction Zone\n|-damage|p1a: Junction Zone|84\/100\n|-heal|p2b: Sinistcha|40\/100|[from] drain|[of] p1a: Junction Zone\n|-damage|p1b: Wave Surge|0 fnt\n|-heal|p2b: Sinistcha|59\/100|[from] drain|[of] p1b: Wave Surge\n|faint|p1b: Wave Surge\n|\n|-heal|p2b: Sinistcha|66\/100|[from] item: Leftovers\n|upkeep\n|\n|t:|1700633489\n|switch|p1b: Boss Zone|Regieleki|100\/100\n|turn|8\n|\n|t:|1700633498\n|move|p1b: Boss Zone|Thunder|p2b: Sinistcha|[miss]\n|-miss|p1b: Boss Zone|p2b: Sinistcha\n|-enditem|p1b: Boss Zone|Blunder Policy\n|-boost|p1b: Boss Zone|spe|2\n|move|p1a: Junction Zone|Calm Mind|p1a: Junction Zone\n|-boost|p1a: Junction Zone|spa|1\n|-boost|p1a: Junction Zone|spd|1\n|move|p2a: Froslass|Will-O-Wisp|p1a: Junction Zone\n|-status|p1a: Junction Zone|brn\n|move|p2b: Sinistcha|Calm Mind|p2b: Sinistcha\n|-boost|p2b: Sinistcha|spa|1\n|-boost|p2b: Sinistcha|spd|1\n|\n|-heal|p2b: Sinistcha|72\/100|[from] item: Leftovers\n|-damage|p1a: Junction Zone|78\/100 brn|[from] brn\n|upkeep\n|turn|9\n|\n|t:|1700633520\n|move|p2a: Froslass|Helping Hand|p2b: Sinistcha\n|-singleturn|p2b: Sinistcha|Helping Hand|[of] p2a: Froslass\n|move|p1b: Boss Zone|Acrobatics|p2a: Froslass\n|-damage|p2a: Froslass|15\/100\n|-start|p1b: Boss Zone|Disable|Acrobatics|[from] ability: Cursed Body|[of] p2a: Froslass\n|move|p1a: Junction Zone|Yawn|p2b: Sinistcha\n|-start|p2b: Sinistcha|move: Yawn|[of] p1a: Junction Zone\n|move|p2b: Sinistcha|Matcha Gotcha|p1a: Junction Zone|[spread] p1a,p1b\n|-resisted|p1a: Junction Zone\n|-damage|p1a: Junction Zone|60\/100 brn\n|-heal|p2b: Sinistcha|79\/100|[from] drain|[of] p1a: Junction Zone\n|-damage|p1b: Boss Zone|12\/100\n|-heal|p2b: Sinistcha|100\/100|[from] drain|[of] p1b: Boss Zone\n|\n|-damage|p1a: Junction Zone|54\/100 brn|[from] brn\n|upkeep\n|turn|10\n|\n|t:|1700633548\n|move|p2a: Froslass|Helping Hand|p2b: Sinistcha\n|-singleturn|p2b: Sinistcha|Helping Hand|[of] p2a: Froslass\n|move|p1b: Boss Zone|Thunder|p2a: Froslass\n|-damage|p2a: Froslass|0 fnt\n|faint|p2a: Froslass\n|move|p1a: Junction Zone|Calm Mind|p1a: Junction Zone\n|-boost|p1a: Junction Zone|spa|1\n|-boost|p1a: Junction Zone|spd|1\n|move|p2b: Sinistcha|Matcha Gotcha|p1a: Junction Zone|[spread] p1a,p1b\n|-resisted|p1a: Junction Zone\n|-damage|p1a: Junction Zone|39\/100 brn\n|-damage|p1b: Boss Zone|0 fnt\n|faint|p1b: Boss Zone\n|\n|-damage|p1a: Junction Zone|33\/100 brn|[from] brn\n|-end|p2b: Sinistcha|move: Yawn|[silent]\n|-status|p2b: Sinistcha|slp\n|upkeep\n|\n|t:|1700633567\n|switch|p2a: Clawitzer|Clawitzer, F|100\/100\n|turn|11\n|\n|t:|1700633599\n|move|p1a: Junction Zone|Discharge|p2b: Sinistcha|[spread] p2a,p2b\n|-supereffective|p2a: Clawitzer\n|-crit|p2b: Sinistcha\n|-damage|p2a: Clawitzer|0 fnt\n|-damage|p2b: Sinistcha|0 fnt\n|faint|p2a: Clawitzer\n|faint|p2b: Sinistcha\n|\n|-damage|p1a: Junction Zone|27\/100 brn|[from] brn\n|upkeep\n|\n|t:|1700633610\n|switch|p2a: Hatterene|Hatterene, F|54\/100\n|turn|12\n|\n|t:|1700633621\n|move|p1a: Junction Zone|Discharge|p2a: Hatterene\n|-damage|p2a: Hatterene|0 fnt\n|faint|p2a: Hatterene\n|\n|win|Jackmim\n|raw|Jackmim's rating: 1074 &rarr; <strong>1108<\/strong><br \/>(+34 for winning)\n|raw|johnnyranking's rating: 1134 &rarr; <strong>1105<\/strong><br \/>(-29 for losing)\n|l|\u203djohnnyranking\n|c|\u2606Jackmim|gg\n","uploadtime":1700633629,"views":6,"p1id":"jackmim","p2id":"johnnyranking","formatid":"gen9doublesou","rating":1105,"private":0,"password":""}