{"id":"gen9doublesou-1985846153","p1":"GSTERS","p2":"cotesmcgotes","format":"[Gen 9] Doubles OU","log":"|j|\u2606GSTERS\n|j|\u2606cotesmcgotes\n|t:|1699412581\n|gametype|doubles\n|player|p1|GSTERS|clair|1355\n|player|p2|cotesmcgotes|flannery|1285\n|teamsize|p1|6\n|teamsize|p2|6\n|gen|9\n|tier|[Gen 9] Doubles OU\n|rated|\n|rule|Species Clause: Limit one of each Pok\u00e9mon\n|rule|OHKO Clause: OHKO moves are banned\n|rule|Evasion Moves Clause: Evasion moves are banned\n|rule|Gravity Sleep Clause: The combination of sleep-inducing moves with imperfect accuracy and Gravity or Gigantamax Orbeetle are banned\n|rule|Endless Battle Clause: Forcing endless battles is banned\n|rule|HP Percentage Mod: HP is shown in percentages\n|clearpoke\n|poke|p1|Skeledirge, F|\n|poke|p1|Arboliva, M|\n|poke|p1|Farigiraf, M|\n|poke|p1|Empoleon, F|\n|poke|p1|Ribombee, F|\n|poke|p1|Landorus-Therian, M|\n|poke|p2|Cresselia, F|\n|poke|p2|Tsareena, F|\n|poke|p2|Chien-Pao|\n|poke|p2|Gliscor, F|\n|poke|p2|Ursaluna-Bloodmoon, M|\n|poke|p2|Walking Wake|\n|teampreview\n|\n|t:|1699412607\n|start\n|switch|p1a: Farigiraf|Farigiraf, M|100\/100\n|switch|p1b: Ribombee|Ribombee, F|100\/100\n|switch|p2a: Chien-Pao|Chien-Pao|100\/100\n|switch|p2b: Ursaluna|Ursaluna-Bloodmoon, M|100\/100\n|-ability|p2a: Chien-Pao|Sword of Ruin\n|turn|1\n|inactive|Battle timer is ON: inactive players will automatically lose when time's up. (requested by cotesmcgotes)\n|\n|t:|1699412634\n|move|p1b: Ribombee|Switcheroo|p2a: Chien-Pao\n|-activate|p1b: Ribombee|move: Trick|[of] p2a: Chien-Pao\n|-item|p2a: Chien-Pao|Choice Scarf|[from] move: Switcheroo\n|-item|p1b: Ribombee|Assault Vest|[from] move: Switcheroo\n|move|p2a: Chien-Pao|Crunch|p1a: Farigiraf\n|-supereffective|p1a: Farigiraf\n|-damage|p1a: Farigiraf|0 fnt\n|faint|p1a: Farigiraf\n|move|p2b: Ursaluna|Blood Moon|p1b: Ribombee\n|-damage|p1b: Ribombee|22\/100\n|\n|upkeep\n|\n|t:|1699412644\n|switch|p1a: Landorus|Landorus-Therian, M|100\/100\n|-ability|p1a: Landorus|Intimidate|boost\n|-unboost|p2a: Chien-Pao|atk|1\n|-unboost|p2b: Ursaluna|atk|1\n|turn|2\n|\n|t:|1699412663\n|switch|p2a: Gliscor|Gliscor, F, shiny|100\/100\n|switch|p1a: Empoleon|Empoleon, F|100\/100\n|move|p1b: Ribombee|Moonblast|p2a: Gliscor\n|-damage|p2a: Gliscor|54\/100\n|move|p2b: Ursaluna|Earth Power|p1b: Ribombee\n|-resisted|p1b: Ribombee\n|-damage|p1b: Ribombee|0 fnt\n|faint|p1b: Ribombee\n|\n|-status|p2a: Gliscor|tox|[from] item: Toxic Orb\n|upkeep\n|\n|t:|1699412677\n|switch|p1b: Landorus|Landorus-Therian, M|100\/100\n|-ability|p1b: Landorus|Intimidate|boost\n|-unboost|p2a: Gliscor|atk|1\n|-unboost|p2b: Ursaluna|atk|1\n|turn|3\n|\n|t:|1699412690\n|switch|p2a: Cresselia|Cresselia, F, shiny|100\/100\n|move|p1b: Landorus|Stealth Rock|p2b: Ursaluna\n|-sidestart|p2: cotesmcgotes|move: Stealth Rock\n|move|p2b: Ursaluna|Earth Power|p1a: Empoleon\n|-supereffective|p1a: Empoleon\n|-damage|p1a: Empoleon|12\/100\n|move|p1a: Empoleon|Hydro Pump|p2b: Ursaluna|[miss]\n|-miss|p1a: Empoleon|p2b: Ursaluna\n|\n|upkeep\n|turn|4\n|\n|t:|1699412714\n|move|p2b: Ursaluna|Vacuum Wave|p1a: Empoleon\n|-supereffective|p1a: Empoleon\n|-damage|p1a: Empoleon|0 fnt\n|faint|p1a: Empoleon\n|move|p2a: Cresselia|Calm Mind|p2a: Cresselia\n|-boost|p2a: Cresselia|spa|1\n|-boost|p2a: Cresselia|spd|1\n|move|p1b: Landorus|U-turn|p2a: Cresselia\n|-supereffective|p2a: Cresselia\n|-damage|p2a: Cresselia|62\/100\n|\n|t:|1699412727\n|switch|p1b: Skeledirge|Skeledirge, F|100\/100|[from] U-turn\n|\n|upkeep\n|\n|t:|1699412733\n|switch|p1a: Landorus|Landorus-Therian, M|100\/100\n|-ability|p1a: Landorus|Intimidate|boost\n|-unboost|p2a: Cresselia|atk|1\n|-unboost|p2b: Ursaluna|atk|1\n|turn|5\n|\n|t:|1699412744\n|-terastallize|p2a: Cresselia|Electric\n|move|p2a: Cresselia|Calm Mind|p2a: Cresselia\n|-boost|p2a: Cresselia|spa|1\n|-boost|p2a: Cresselia|spd|1\n|move|p1a: Landorus|U-turn|p2a: Cresselia\n|-damage|p2a: Cresselia|41\/100\n|\n|t:|1699412750\n|switch|p1a: Arboliva|Arboliva, M|100\/100|[from] U-turn\n|move|p2b: Ursaluna|Earth Power|p1b: Skeledirge\n|-supereffective|p1b: Skeledirge\n|-damage|p1b: Skeledirge|30\/100\n|move|p1b: Skeledirge|Shadow Ball|p2a: Cresselia\n|-damage|p2a: Cresselia|12\/100\n|\n|upkeep\n|turn|6\n|\n|t:|1699412771\n|switch|p1b: Landorus|Landorus-Therian, M|100\/100\n|-ability|p1b: Landorus|Intimidate|boost\n|-unboost|p2a: Cresselia|atk|1\n|-unboost|p2b: Ursaluna|atk|1\n|move|p2a: Cresselia|Stored Power|p1a: Arboliva\n|-damage|p1a: Arboliva|35\/100\n|-fieldstart|move: Grassy Terrain|[from] ability: Seed Sower|[of] p1a: Arboliva\n|move|p2b: Ursaluna|Earth Power|p1b: Landorus\n|-immune|p1b: Landorus\n|move|p1a: Arboliva|Terrain Pulse|p2b: Ursaluna\n|-supereffective|p2b: Ursaluna\n|-damage|p2b: Ursaluna|0 fnt\n|faint|p2b: Ursaluna\n|\n|-heal|p1a: Arboliva|41\/100|[from] Grassy Terrain\n|upkeep\n|inactive|cotesmcgotes has 120 seconds left.\n|\n|t:|1699412796\n|switch|p2b: Walking Wake|Walking Wake|100\/100\n|-damage|p2b: Walking Wake|88\/100|[from] Stealth Rock\n|turn|7\n|\n|t:|1699412807\n|move|p2b: Walking Wake|Flamethrower|p1a: Arboliva\n|-supereffective|p1a: Arboliva\n|-damage|p1a: Arboliva|0 fnt\n|faint|p1a: Arboliva\n|move|p2a: Cresselia|Stored Power|p1b: Landorus\n|-damage|p1b: Landorus|20\/100\n|move|p1b: Landorus|Stomping Tantrum|p2b: Walking Wake\n|-damage|p2b: Walking Wake|46\/100\n|\n|-heal|p2b: Walking Wake|52\/100|[from] Grassy Terrain\n|-heal|p1b: Landorus|26\/100|[from] item: Leftovers\n|upkeep\n|\n|t:|1699412815\n|switch|p1a: Skeledirge|Skeledirge, F|30\/100\n|turn|8\n|\n|t:|1699412836\n|-terastallize|p1a: Skeledirge|Flying\n|move|p2b: Walking Wake|Hydro Steam|p1b: Landorus\n|-supereffective|p1b: Landorus\n|-damage|p1b: Landorus|0 fnt\n|faint|p1b: Landorus\n|move|p2a: Cresselia|Stored Power|p1a: Skeledirge\n|-damage|p1a: Skeledirge|4\/100\n|move|p1a: Skeledirge|Snarl|p2b: Walking Wake|[spread] p2a,p2b\n|-damage|p2a: Cresselia|1\/100\n|-damage|p2b: Walking Wake|41\/100\n|-unboost|p2a: Cresselia|spa|1\n|-unboost|p2b: Walking Wake|spa|1\n|\n|-heal|p2b: Walking Wake|47\/100|[from] Grassy Terrain\n|upkeep\n|turn|9\n|-message|GSTERS forfeited.\n|\n|win|cotesmcgotes\n|raw|GSTERS's rating: 1355 &rarr; <strong>1331<\/strong><br \/>(-24 for losing)\n|raw|cotesmcgotes's rating: 1285 &rarr; <strong>1315<\/strong><br \/>(+30 for winning)\n|l|\u2606GSTERS\n","uploadtime":1699412852,"views":8,"p1id":"gsters","p2id":"cotesmcgotes","formatid":"gen9doublesou","rating":1315,"private":0,"password":""}