{"id":"gen9doublesou-1987355800","p1":"mikeyuwu","p2":"ityourboi5","format":"[Gen 9] Doubles OU","log":"|j|\u2606mikeyuwu\n|j|\u2606ityourboi5\n|t:|1699581158\n|gametype|doubles\n|player|p1|mikeyuwu|psychic-gen4|1332\n|player|p2|ityourboi5|1|1194\n|teamsize|p1|6\n|teamsize|p2|6\n|gen|9\n|tier|[Gen 9] Doubles OU\n|rated|\n|rule|Species Clause: Limit one of each Pok\u00e9mon\n|rule|OHKO Clause: OHKO moves are banned\n|rule|Evasion Moves Clause: Evasion moves are banned\n|rule|Gravity Sleep Clause: The combination of sleep-inducing moves with imperfect accuracy and Gravity or Gigantamax Orbeetle are banned\n|rule|Endless Battle Clause: Forcing endless battles is banned\n|rule|HP Percentage Mod: HP is shown in percentages\n|clearpoke\n|poke|p1|Garchomp, M|\n|poke|p1|Tyranitar, F|\n|poke|p1|Vaporeon, F|\n|poke|p1|Toxicroak, M|\n|poke|p1|Pelipper, F|\n|poke|p1|Abomasnow, M|\n|poke|p2|Tornadus, M|\n|poke|p2|Pyroar, M|\n|poke|p2|Glimmora, F|\n|poke|p2|Ambipom, F|\n|poke|p2|Spectrier|\n|poke|p2|Farigiraf, M|\n|teampreview\n|c|\u2606ityourboi5|gl\n|\n|t:|1699581166\n|start\n|switch|p1a: OTLHPM|Toxicroak, M|100\/100\n|switch|p1b: Harmacy|Vaporeon, F|100\/100\n|switch|p2a: Tornadus|Tornadus, M|100\/100\n|switch|p2b: Ambipom|Ambipom, F|100\/100\n|turn|1\n|\n|t:|1699581176\n|switch|p1a: Extra Spicy|Garchomp, M|100\/100\n|move|p2b: Ambipom|Fake Out|p1a: Extra Spicy\n|-damage|p1a: Extra Spicy|83\/100\n|-damage|p2b: Ambipom|88\/100|[from] ability: Rough Skin|[of] p1a: Extra Spicy\n|-damage|p2b: Ambipom|72\/100|[from] item: Rocky Helmet|[of] p1a: Extra Spicy\n|move|p2a: Tornadus|Tailwind|p2a: Tornadus\n|-sidestart|p2: ityourboi5|move: Tailwind\n|move|p1b: Harmacy|Icy Wind|p2b: Ambipom|[spread] p2a,p2b\n|-supereffective|p2a: Tornadus\n|-damage|p2a: Tornadus|75\/100\n|-damage|p2b: Ambipom|54\/100\n|-unboost|p2a: Tornadus|spe|1\n|-unboost|p2b: Ambipom|spe|1\n|\n|upkeep\n|turn|2\n|\n|t:|1699581196\n|switch|p1b: Weather War|Pelipper, F|100\/100\n|-weather|RainDance|[from] ability: Drizzle|[of] p1b: Weather War\n|move|p2b: Ambipom|Covet|p1a: Extra Spicy\n|-damage|p1a: Extra Spicy|56\/100\n|-damage|p2b: Ambipom|42\/100|[from] ability: Rough Skin|[of] p1a: Extra Spicy\n|-damage|p2b: Ambipom|25\/100|[from] item: Rocky Helmet|[of] p1a: Extra Spicy\n|-item|p2b: Ambipom|Rocky Helmet|[from] move: Covet|[of] p1a: Extra Spicy\n|move|p2a: Tornadus|U-turn|p1b: Weather War\n|-resisted|p1b: Weather War\n|-damage|p1b: Weather War|94\/100\n|\n|t:|1699581212\n|switch|p2a: Glimmora|Glimmora, F|100\/100|[from] U-turn\n|move|p1a: Extra Spicy|Brick Break|p2b: Ambipom\n|-supereffective|p2b: Ambipom\n|-damage|p2b: Ambipom|0 fnt\n|-damage|p1a: Extra Spicy|39\/100|[from] item: Rocky Helmet|[of] p2b: Ambipom\n|faint|p2b: Ambipom\n|\n|-weather|RainDance|[upkeep]\n|upkeep\n|\n|t:|1699581220\n|switch|p2b: Tornadus|Tornadus, M|75\/100\n|turn|3\n|\n|t:|1699581227\n|switch|p1a: ThcrThnSnkr|Tyranitar, F|100\/100\n|-weather|Sandstorm|[from] ability: Sand Stream|[of] p1a: ThcrThnSnkr\n|switch|p1b: Harmacy|Vaporeon, F|100\/100\n|move|p2b: Tornadus|Icy Wind|p1b: Harmacy|[spread] p1a,p1b\n|-resisted|p1b: Harmacy\n|-damage|p1a: ThcrThnSnkr|96\/100\n|-damage|p1b: Harmacy|94\/100\n|-unboost|p1a: ThcrThnSnkr|spe|1\n|-unboost|p1b: Harmacy|spe|1\n|move|p2a: Glimmora|Power Gem|p1b: Harmacy\n|-damage|p1b: Harmacy|62\/100\n|\n|-weather|Sandstorm|[upkeep]\n|-damage|p2b: Tornadus|69\/100|[from] Sandstorm\n|-damage|p1b: Harmacy|56\/100|[from] Sandstorm\n|-heal|p1b: Harmacy|62\/100|[from] item: Leftovers\n|upkeep\n|turn|4\n|\n|t:|1699581248\n|move|p2a: Glimmora|Spiky Shield|p2a: Glimmora\n|-singleturn|p2a: Glimmora|move: Protect\n|move|p2b: Tornadus|U-turn|p1a: ThcrThnSnkr\n|-supereffective|p1a: ThcrThnSnkr\n|-damage|p1a: ThcrThnSnkr|64\/100\n|\n|t:|1699581260\n|switch|p2b: Farigiraf|Farigiraf, M|100\/100|[from] U-turn\n|move|p1a: ThcrThnSnkr|Thunderbolt|p2b: Farigiraf\n|-damage|p2b: Farigiraf|79\/100\n|move|p1b: Harmacy|Wish|p1b: Harmacy\n|\n|-weather|Sandstorm|[upkeep]\n|-damage|p2b: Farigiraf|73\/100|[from] Sandstorm\n|-damage|p1b: Harmacy|56\/100|[from] Sandstorm\n|-heal|p2b: Farigiraf|79\/100|[from] item: Leftovers\n|-heal|p1b: Harmacy|62\/100|[from] item: Leftovers\n|-sideend|p2: ityourboi5|move: Tailwind\n|upkeep\n|turn|5\n|\n|t:|1699581277\n|switch|p1a: Weather War|Pelipper, F|94\/100\n|-weather|RainDance|[from] ability: Drizzle|[of] p1a: Weather War\n|move|p2b: Farigiraf|Protect|p2b: Farigiraf\n|-singleturn|p2b: Farigiraf|Protect\n|move|p2a: Glimmora|Energy Ball|p1b: Harmacy\n|-supereffective|p1b: Harmacy\n|-damage|p1b: Harmacy|0 fnt\n|faint|p1b: Harmacy\n|\n|-weather|RainDance|[upkeep]\n|-heal|p2b: Farigiraf|85\/100|[from] item: Leftovers\n|upkeep\n|\n|t:|1699581289\n|switch|p1b: ThcrThnSnkr|Tyranitar, F|64\/100\n|-weather|Sandstorm|[from] ability: Sand Stream|[of] p1b: ThcrThnSnkr\n|turn|6\n|\n|t:|1699581300\n|switch|p1a: OTLHPM|Toxicroak, M|100\/100\n|move|p2a: Glimmora|Dazzling Gleam|p1b: ThcrThnSnkr|[spread] p1a,p1b\n|-supereffective|p1b: ThcrThnSnkr\n|-damage|p1a: OTLHPM|71\/100\n|-damage|p1b: ThcrThnSnkr|47\/100\n|move|p1b: ThcrThnSnkr|Knock Off|p2b: Farigiraf\n|-supereffective|p2b: Farigiraf\n|-damage|p2b: Farigiraf|0 fnt\n|-enditem|p2b: Farigiraf|Leftovers|[from] move: Knock Off|[of] p1b: ThcrThnSnkr\n|faint|p2b: Farigiraf\n|\n|-weather|Sandstorm|[upkeep]\n|-damage|p1a: OTLHPM|64\/100|[from] Sandstorm\n|-heal|p1a: OTLHPM|71\/100|[from] item: Black Sludge\n|upkeep\n|\n|t:|1699581312\n|switch|p2b: Tornadus|Tornadus, M|69\/100\n|turn|7\n|\n|t:|1699581324\n|move|p2b: Tornadus|Bleakwind Storm|p1a: OTLHPM|[spread] p1a,p1b\n|-supereffective|p1a: OTLHPM\n|-resisted|p1b: ThcrThnSnkr\n|-damage|p1a: OTLHPM|0 fnt\n|-damage|p1b: ThcrThnSnkr|42\/100\n|-unboost|p1b: ThcrThnSnkr|spe|1\n|faint|p1a: OTLHPM\n|move|p2a: Glimmora|Energy Ball|p1b: ThcrThnSnkr\n|-supereffective|p1b: ThcrThnSnkr\n|-damage|p1b: ThcrThnSnkr|16\/100\n|-unboost|p1b: ThcrThnSnkr|spd|1\n|move|p1b: ThcrThnSnkr|Thunderbolt|p2b: Tornadus\n|-supereffective|p2b: Tornadus\n|-damage|p2b: Tornadus|10\/100\n|\n|-weather|Sandstorm|[upkeep]\n|-damage|p2b: Tornadus|4\/100|[from] Sandstorm\n|upkeep\n|\n|t:|1699581328\n|switch|p1a: Cold Shoulder|Abomasnow, M, shiny|100\/100\n|-weather|Snow|[from] ability: Snow Warning|[of] p1a: Cold Shoulder\n|turn|8\n|\n|t:|1699581343\n|switch|p1b: Weather War|Pelipper, F|94\/100\n|-weather|RainDance|[from] ability: Drizzle|[of] p1b: Weather War\n|-terastallize|p1a: Cold Shoulder|Water\n|move|p2b: Tornadus|Bleakwind Storm|p1b: Weather War|[spread] p1a,p1b\n|-damage|p1a: Cold Shoulder|56\/100\n|-damage|p1b: Weather War|39\/100\n|move|p2a: Glimmora|Dazzling Gleam|p1a: Cold Shoulder|[spread] p1a,p1b\n|-damage|p1a: Cold Shoulder|30\/100\n|-damage|p1b: Weather War|9\/100\n|move|p1a: Cold Shoulder|Weather Ball|p2a: Glimmora\n|-supereffective|p2a: Glimmora\n|-damage|p2a: Glimmora|0 fnt\n|faint|p2a: Glimmora\n|\n|-weather|RainDance|[upkeep]\n|upkeep\n|\n|t:|1699581357\n|switch|p2a: Spectrier|Spectrier|100\/100\n|turn|9\n|\n|t:|1699581365\n|switch|p1a: ThcrThnSnkr|Tyranitar, F|16\/100\n|-weather|Sandstorm|[from] ability: Sand Stream|[of] p1a: ThcrThnSnkr\n|move|p2a: Spectrier|Shadow Ball|p1a: ThcrThnSnkr\n|-resisted|p1a: ThcrThnSnkr\n|-damage|p1a: ThcrThnSnkr|8\/100\n|move|p2b: Tornadus|U-turn|p1b: Weather War\n|-resisted|p1b: Weather War\n|-damage|p1b: Weather War|3\/100\n|\n|t:|1699581374\n|switch|p2b: Pyroar|Pyroar, M, shiny|100\/100|[from] U-turn\n|move|p1b: Weather War|Chilling Water|p2b: Pyroar\n|-supereffective|p2b: Pyroar\n|-damage|p2b: Pyroar|51\/100\n|-unboost|p2b: Pyroar|atk|1\n|\n|-weather|Sandstorm|[upkeep]\n|-damage|p2a: Spectrier|94\/100|[from] Sandstorm\n|-damage|p2b: Pyroar|45\/100|[from] Sandstorm\n|-damage|p1b: Weather War|0 fnt|[from] Sandstorm\n|faint|p1b: Weather War\n|upkeep\n|\n|t:|1699581379\n|switch|p1b: Extra Spicy|Garchomp, M|39\/100\n|turn|10\n|\n|t:|1699581398\n|-terastallize|p2b: Pyroar|Fire\n|move|p2a: Spectrier|Shadow Ball|p1b: Extra Spicy\n|-damage|p1b: Extra Spicy|0 fnt\n|faint|p1b: Extra Spicy\n|-ability|p2a: Spectrier|Grim Neigh|boost\n|-boost|p2a: Spectrier|spa|1\n|move|p2b: Pyroar|Heat Wave|p1a: ThcrThnSnkr\n|-resisted|p1a: ThcrThnSnkr\n|-damage|p1a: ThcrThnSnkr|1\/100\n|move|p1a: ThcrThnSnkr|Knock Off|p2a: Spectrier\n|-supereffective|p2a: Spectrier\n|-damage|p2a: Spectrier|0 fnt\n|-enditem|p2a: Spectrier|Spooky Plate|[from] move: Knock Off|[of] p1a: ThcrThnSnkr\n|faint|p2a: Spectrier\n|\n|-weather|Sandstorm|[upkeep]\n|-damage|p2b: Pyroar|39\/100|[from] Sandstorm\n|upkeep\n|\n|t:|1699581412\n|switch|p2a: Tornadus|Tornadus, M|4\/100\n|switch|p1b: Cold Shoulder|Abomasnow, M, shiny, tera:Water|30\/100\n|-weather|Snow|[from] ability: Snow Warning|[of] p1b: Cold Shoulder\n|turn|11\n|\n|t:|1699581419\n|move|p2b: Pyroar|Heat Wave|p1a: ThcrThnSnkr|[spread] p1a,p1b\n|-resisted|p1a: ThcrThnSnkr\n|-resisted|p1b: Cold Shoulder\n|-damage|p1a: ThcrThnSnkr|0 fnt\n|-damage|p1b: Cold Shoulder|0 fnt\n|faint|p1a: ThcrThnSnkr\n|faint|p1b: Cold Shoulder\n|\n|win|ityourboi5\n|raw|mikeyuwu's rating: 1332 &rarr; <strong>1304<\/strong><br \/>(-28 for losing)\n|raw|ityourboi5's rating: 1194 &rarr; <strong>1228<\/strong><br \/>(+34 for winning)\n|l|\u2606mikeyuwu\n|c|\u2606ityourboi5|gg\n","uploadtime":1699581436,"views":6,"p1id":"mikeyuwu","p2id":"ityourboi5","formatid":"gen9doublesou","rating":1228,"private":0,"password":""}