{"id":"gen9doublesou-1998722149","p1":"Kuzwa","p2":"Orthrus Learning","format":"[Gen 9] Doubles OU","log":"|j|\u2606Kuzwa\n|j|\u2606Orthrus Learning\n|t:|1700977893\n|gametype|doubles\n|player|p1|Kuzwa|pokemonbreeder-gen4|1179\n|player|p2|Orthrus Learning|1|1194\n|teamsize|p1|6\n|teamsize|p2|6\n|gen|9\n|tier|[Gen 9] Doubles OU\n|rated|\n|rule|Species Clause: Limit one of each Pok\u00e9mon\n|rule|OHKO Clause: OHKO moves are banned\n|rule|Evasion Moves Clause: Evasion moves are banned\n|rule|Gravity Sleep Clause: The combination of sleep-inducing moves with imperfect accuracy and Gravity or Gigantamax Orbeetle are banned\n|rule|Endless Battle Clause: Forcing endless battles is banned\n|rule|HP Percentage Mod: HP is shown in percentages\n|clearpoke\n|poke|p1|Gallade, M|\n|poke|p1|Glimmora, F|\n|poke|p1|Chien-Pao|\n|poke|p1|Sableye, M|\n|poke|p1|Iron Bundle|\n|poke|p1|Ogerpon-Wellspring, F|\n|poke|p2|Iron Hands|\n|poke|p2|Skeledirge, M|\n|poke|p2|Crawdaunt, F|\n|poke|p2|Amoonguss, M|\n|poke|p2|Glastrier|\n|poke|p2|Farigiraf, M|\n|teampreview\n|\n|t:|1700977908\n|start\n|switch|p1a: Castro|Glimmora, F|100\/100\n|switch|p1b: Rango|Sableye, M|100\/100\n|switch|p2a: Farigiraf|Farigiraf, M|100\/100\n|switch|p2b: Iron Hands|Iron Hands|100\/100\n|-item|p1a: Castro|Air Balloon\n|turn|1\n|\n|t:|1700977927\n|move|p1b: Rango|Helping Hand|p1a: Castro\n|-singleturn|p1a: Castro|Helping Hand|[of] p1b: Rango\n|move|p1a: Castro|Mortal Spin|p2b: Iron Hands|[spread] p2a,p2b\n|-damage|p2a: Farigiraf|93\/100\n|-damage|p2b: Iron Hands|96\/100\n|-status|p2a: Farigiraf|psn\n|-status|p2b: Iron Hands|psn\n|move|p2b: Iron Hands|Wild Charge|p1b: Rango\n|-damage|p1b: Rango|51\/100\n|-damage|p2b: Iron Hands|88\/100 psn|[from] Recoil\n|move|p2a: Farigiraf|Trick Room|p2a: Farigiraf\n|-fieldstart|move: Trick Room|[of] p2a: Farigiraf\n|\n|-damage|p2b: Iron Hands|76\/100 psn|[from] psn\n|-damage|p2a: Farigiraf|81\/100 psn|[from] psn\n|upkeep\n|turn|2\n|\n|t:|1700977949\n|move|p1b: Rango|Helping Hand|p1a: Castro\n|-singleturn|p1a: Castro|Helping Hand|[of] p1b: Rango\n|move|p2b: Iron Hands|Drain Punch|p1a: Castro\n|-damage|p1a: Castro|45\/100\n|-heal|p2b: Iron Hands|93\/100 psn|[from] drain|[of] p1a: Castro\n|-activate|p1a: Castro|ability: Toxic Debris\n|-sidestart|p2: Orthrus Learning|move: Toxic Spikes\n|-enditem|p1a: Castro|Air Balloon\n|move|p2a: Farigiraf|Dazzling Gleam|p1a: Castro|[spread] p1a,p1b\n|-resisted|p1a: Castro\n|-supereffective|p1b: Rango\n|-damage|p1a: Castro|29\/100\n|-damage|p1b: Rango|0 fnt\n|faint|p1b: Rango\n|move|p1a: Castro|Power Gem|p2b: Iron Hands\n|-resisted|p2b: Iron Hands\n|-crit|p2b: Iron Hands\n|-damage|p2b: Iron Hands|62\/100 psn\n|\n|-damage|p2b: Iron Hands|50\/100 psn|[from] psn\n|-damage|p2a: Farigiraf|68\/100 psn|[from] psn\n|upkeep\n|\n|t:|1700977957\n|switch|p1b: Astro|Gallade, M|100\/100\n|turn|3\n|\n|t:|1700977975\n|move|p2b: Iron Hands|Wild Charge|p1b: Astro\n|-damage|p1b: Astro|7\/100\n|-damage|p2b: Iron Hands|37\/100 psn|[from] Recoil\n|move|p2a: Farigiraf|Dazzling Gleam|p1a: Castro|[spread] p1a,p1b\n|-resisted|p1a: Castro\n|-supereffective|p1b: Astro\n|-damage|p1a: Castro|15\/100\n|-damage|p1b: Astro|0 fnt\n|faint|p1b: Astro\n|move|p1a: Castro|Power Gem|p2a: Farigiraf\n|-damage|p2a: Farigiraf|26\/100 psn\n|\n|-damage|p2b: Iron Hands|24\/100 psn|[from] psn\n|-damage|p2a: Farigiraf|13\/100 psn|[from] psn\n|upkeep\n|\n|t:|1700977983\n|switch|p1b: Tango|Iron Bundle|100\/100\n|-enditem|p1b: Tango|Booster Energy\n|-activate|p1b: Tango|ability: Quark Drive|[fromitem]\n|-start|p1b: Tango|quarkdrivespa\n|turn|4\n|\n|t:|1700978001\n|move|p1b: Tango|Protect|p1b: Tango\n|-singleturn|p1b: Tango|Protect\n|move|p2b: Iron Hands|Drain Punch|p1b: Tango\n|-activate|p1b: Tango|move: Protect\n|move|p2a: Farigiraf|Dazzling Gleam|p1b: Tango|[spread] p1a\n|-activate|p1b: Tango|move: Protect\n|-resisted|p1a: Castro\n|-damage|p1a: Castro|0 fnt\n|faint|p1a: Castro\n|\n|-damage|p2b: Iron Hands|12\/100 psn|[from] psn\n|-damage|p2a: Farigiraf|1\/100 psn|[from] psn\n|upkeep\n|\n|t:|1700978010\n|switch|p1a: Neon|Ogerpon-Wellspring, F|100\/100\n|turn|5\n|\n|t:|1700978021\n|move|p2a: Farigiraf|Helping Hand|p2b: Iron Hands\n|-singleturn|p2b: Iron Hands|Helping Hand|[of] p2a: Farigiraf\n|move|p1a: Neon|Spiky Shield|p1a: Neon\n|-singleturn|p1a: Neon|move: Protect\n|move|p1b: Tango|Protect|p1b: Tango\n|-singleturn|p1b: Tango|Protect\n|move|p2b: Iron Hands|Drain Punch|p1b: Tango\n|-activate|p1b: Tango|move: Protect\n|\n|-damage|p2b: Iron Hands|0 fnt|[from] psn\n|faint|p2b: Iron Hands\n|-end|p2b: Iron Hands|Quark Drive|[silent]\n|-damage|p2a: Farigiraf|0 fnt|[from] psn\n|faint|p2a: Farigiraf\n|-fieldend|move: Trick Room\n|upkeep\n|\n|t:|1700978044\n|switch|p2a: Amoonguss|Amoonguss, M|100\/100\n|switch|p2b: Glastrier|Glastrier|100\/100\n|-sideend|p2: Orthrus Learning|move: Toxic Spikes|[of] p2a: Amoonguss\n|turn|6\n|\n|t:|1700978061\n|move|p1b: Tango|Freeze-Dry|p2a: Amoonguss\n|-supereffective|p2a: Amoonguss\n|-damage|p2a: Amoonguss|13\/100\n|move|p1a: Neon|Ivy Cudgel|p2b: Glastrier|[anim] Ivy Cudgel Water\n|-damage|p2b: Glastrier|63\/100\n|move|p2a: Amoonguss|Spore|p1b: Tango\n|-status|p1b: Tango|slp|[from] move: Spore\n|move|p2b: Glastrier|Icicle Crash|p1a: Neon\n|-damage|p1a: Neon|32\/100\n|\n|-heal|p2a: Amoonguss|19\/100|[from] item: Black Sludge\n|upkeep\n|turn|7\n|\n|t:|1700978082\n|cant|p1b: Tango|slp\n|move|p1a: Neon|Ivy Cudgel|p2b: Glastrier|[anim] Ivy Cudgel Water\n|-damage|p2b: Glastrier|21\/100\n|move|p2a: Amoonguss|Pollen Puff|p2b: Glastrier\n|-heal|p2b: Glastrier|71\/100\n|move|p2b: Glastrier|Icicle Crash|p1a: Neon\n|-damage|p1a: Neon|0 fnt\n|faint|p1a: Neon\n|-ability|p2b: Glastrier|Chilling Neigh|boost\n|-boost|p2b: Glastrier|atk|1\n|\n|-heal|p2a: Amoonguss|25\/100|[from] item: Black Sludge\n|upkeep\n|\n|t:|1700978085\n|switch|p1a: Eon|Chien-Pao|100\/100\n|-ability|p1a: Eon|Sword of Ruin\n|turn|8\n|\n|t:|1700978105\n|move|p1a: Eon|Sacred Sword|p2b: Glastrier\n|-supereffective|p2b: Glastrier\n|-damage|p2b: Glastrier|22\/100\n|-curestatus|p1b: Tango|slp|[msg]\n|move|p1b: Tango|Freeze-Dry|p2a: Amoonguss\n|-supereffective|p2a: Amoonguss\n|-damage|p2a: Amoonguss|0 fnt\n|faint|p2a: Amoonguss\n|move|p2b: Glastrier|Close Combat|p1a: Eon\n|-supereffective|p1a: Eon\n|-enditem|p1a: Eon|Focus Sash\n|-damage|p1a: Eon|1\/100\n|-unboost|p2b: Glastrier|def|1\n|-unboost|p2b: Glastrier|spd|1\n|\n|upkeep\n|\n|t:|1700978120\n|switch|p2a: Crawdaunt|Crawdaunt, F|100\/100\n|turn|9\n|\n|t:|1700978130\n|move|p1a: Eon|Sucker Punch|p2b: Glastrier\n|-damage|p2b: Glastrier|0 fnt\n|faint|p2b: Glastrier\n|move|p2a: Crawdaunt|Aqua Jet|p1a: Eon\n|-damage|p1a: Eon|0 fnt\n|faint|p1a: Eon\n|move|p1b: Tango|Freeze-Dry|p2a: Crawdaunt\n|-supereffective|p2a: Crawdaunt\n|-enditem|p2a: Crawdaunt|Focus Sash\n|-damage|p2a: Crawdaunt|1\/100\n|\n|upkeep\n|\n|t:|1700978143\n|switch|p2b: Skeledirge|Skeledirge, M|100\/100\n|turn|10\n|\n|t:|1700978159\n|move|p1b: Tango|Protect|p1b: Tango\n|-singleturn|p1b: Tango|Protect\n|move|p2b: Skeledirge|Torch Song|p1b: Tango\n|-activate|p1b: Tango|move: Protect\n|move|p2a: Crawdaunt|Rock Slide|p1b: Tango\n|-activate|p1b: Tango|move: Protect\n|\n|upkeep\n|turn|11\n|\n|t:|1700978172\n|-terastallize|p1b: Tango|Water\n|move|p1b: Tango|Hydro Pump|p2b: Skeledirge\n|-supereffective|p2b: Skeledirge\n|-damage|p2b: Skeledirge|0 fnt\n|faint|p2b: Skeledirge\n|move|p2a: Crawdaunt|Rock Slide|p1b: Tango\n|-damage|p1b: Tango|70\/100\n|\n|upkeep\n|turn|12\n|\n|t:|1700978184\n|move|p1b: Tango|Freeze-Dry|p2a: Crawdaunt\n|-supereffective|p2a: Crawdaunt\n|-damage|p2a: Crawdaunt|0 fnt\n|faint|p2a: Crawdaunt\n|\n|win|Kuzwa\n|raw|Kuzwa's rating: 1179 &rarr; <strong>1205<\/strong><br \/>(+26 for winning)\n|raw|Orthrus Learning's rating: 1194 &rarr; <strong>1168<\/strong><br \/>(-26 for losing)\n","uploadtime":1700978190,"views":5,"p1id":"kuzwa","p2id":"orthruslearning","formatid":"gen9doublesou","rating":1168,"private":0,"password":""}