{"id":"gen9doublesou-1974475990","p1":"Reddypuller","p2":"Geniusatstuff","format":"[Gen 9] Doubles OU","log":"|j|\u2606Reddypuller\n|j|\u2606Geniusatstuff\n|t:|1698090116\n|gametype|doubles\n|player|p1|Reddypuller|102|1127\n|player|p2|Geniusatstuff|1|1084\n|teamsize|p1|6\n|teamsize|p2|6\n|gen|9\n|tier|[Gen 9] Doubles OU\n|rated|\n|rule|Species Clause: Limit one of each Pok\u00e9mon\n|rule|OHKO Clause: OHKO moves are banned\n|rule|Evasion Moves Clause: Evasion moves are banned\n|rule|Gravity Sleep Clause: The combination of sleep-inducing moves with imperfect accuracy and Gravity or Gigantamax Orbeetle are banned\n|rule|Endless Battle Clause: Forcing endless battles is banned\n|rule|HP Percentage Mod: HP is shown in percentages\n|clearpoke\n|poke|p1|Grimmsnarl, M|\n|poke|p1|Goodra-Hisui, F|\n|poke|p1|Enamorus, F|\n|poke|p1|Overqwil, F|\n|poke|p1|Brute Bonnet|\n|poke|p1|Clodsire, M|\n|poke|p2|Baxcalibur, F|\n|poke|p2|Milotic, M|\n|poke|p2|Oricorio-Pom-Pom, F|\n|poke|p2|Flamigo, F|\n|poke|p2|Volcarona, F|\n|poke|p2|Wyrdeer, F|\n|teampreview\n|inactive|Battle timer is ON: inactive players will automatically lose when time's up. (requested by Reddypuller)\n|\n|t:|1698090145\n|start\n|switch|p1a: Grimmsnarl|Grimmsnarl, M|100\/100\n|switch|p1b: Enamorus|Enamorus, F|100\/100\n|switch|p2a: Oricorio|Oricorio-Pom-Pom, F, shiny|100\/100\n|switch|p2b: Wyrdeer|Wyrdeer, F, shiny|100\/100\n|-ability|p2b: Wyrdeer|Intimidate|boost\n|-unboost|p1a: Grimmsnarl|atk|1\n|-boost|p1b: Enamorus|atk|1\n|turn|1\n|inactive|Geniusatstuff has 120 seconds left.\n|\n|t:|1698090176\n|move|p1a: Grimmsnarl|Parting Shot|p1b: Enamorus\n|-boost|p1b: Enamorus|atk|1\n|-boost|p1b: Enamorus|spa|1\n|\n|t:|1698090180\n|switch|p1a: Overqwil|Overqwil, F|100\/100|[from] Parting Shot\n|-ability|p1a: Overqwil|Intimidate|boost\n|-unboost|p2a: Oricorio|atk|1\n|-unboost|p2b: Wyrdeer|atk|1\n|move|p2a: Oricorio|Tailwind|p2a: Oricorio\n|-sidestart|p2: Geniusatstuff|move: Tailwind\n|move|p2b: Wyrdeer|Skill Swap|p2a: Oricorio\n|-activate|p2b: Wyrdeer|move: Skill Swap|||[of] p2a: Oricorio\n|-ability|p2a: Oricorio|Intimidate|boost\n|-unboost|p1a: Overqwil|atk|1\n|-boost|p1b: Enamorus|atk|1\n|move|p1b: Enamorus|Superpower|p2b: Wyrdeer\n|-damage|p2b: Wyrdeer|44\/100\n|-boost|p1b: Enamorus|atk|1\n|-boost|p1b: Enamorus|def|1\n|\n|upkeep\n|turn|2\n|\n|t:|1698090206\n|move|p2a: Oricorio|Quiver Dance|p2a: Oricorio\n|-boost|p2a: Oricorio|spa|1\n|-boost|p2a: Oricorio|spd|1\n|-boost|p2a: Oricorio|spe|1\n|-activate|p2b: Wyrdeer|ability: Dancer\n|move|p2b: Wyrdeer|Quiver Dance|p2b: Wyrdeer|[from]ability: Dancer\n|-boost|p2b: Wyrdeer|spa|1\n|-boost|p2b: Wyrdeer|spd|1\n|-boost|p2b: Wyrdeer|spe|1\n|move|p2b: Wyrdeer|Rest|p2b: Wyrdeer\n|-status|p2b: Wyrdeer|slp|[from] move: Rest\n|-enditem|p2b: Wyrdeer|Lum Berry|[eat]\n|-curestatus|p2b: Wyrdeer|slp|[msg]\n|-heal|p2b: Wyrdeer|100\/100|[silent]\n|move|p1b: Enamorus|Superpower|p2b: Wyrdeer\n|-damage|p2b: Wyrdeer|26\/100\n|-boost|p1b: Enamorus|atk|1\n|-boost|p1b: Enamorus|def|1\n|move|p1a: Overqwil|Acupressure|p1a: Overqwil\n|-boost|p1a: Overqwil|evasion|2\n|\n|upkeep\n|turn|3\n|inactive|Geniusatstuff has 120 seconds left.\n|\n|t:|1698090244\n|switch|p2a: Milotic|Milotic, M, shiny|100\/100\n|move|p2b: Wyrdeer|Skill Swap|p2a: Milotic\n|-activate|p2b: Wyrdeer|move: Skill Swap|||[of] p2a: Milotic\n|move|p1b: Enamorus|Superpower|p2b: Wyrdeer\n|-damage|p2b: Wyrdeer|0 fnt\n|-boost|p1b: Enamorus|atk|1\n|-boost|p1b: Enamorus|def|1\n|faint|p2b: Wyrdeer\n|move|p1a: Overqwil|Acupressure|p1a: Overqwil\n|-boost|p1a: Overqwil|spa|2\n|\n|upkeep\n|\n|t:|1698090259\n|switch|p2b: Oricorio|Oricorio-Pom-Pom, F, shiny|100\/100\n|turn|4\n|inactive|Geniusatstuff has 120 seconds left.\n|\n|t:|1698090271\n|move|p2b: Oricorio|Quiver Dance|p2b: Oricorio\n|-boost|p2b: Oricorio|spa|1\n|-boost|p2b: Oricorio|spd|1\n|-boost|p2b: Oricorio|spe|1\n|-activate|p2a: Milotic|ability: Dancer\n|move|p2a: Milotic|Quiver Dance|p2a: Milotic|[from]ability: Dancer\n|-boost|p2a: Milotic|spa|1\n|-boost|p2a: Milotic|spd|1\n|-boost|p2a: Milotic|spe|1\n|move|p2a: Milotic|Coil|p2a: Milotic\n|-boost|p2a: Milotic|atk|1\n|-boost|p2a: Milotic|def|1\n|-boost|p2a: Milotic|accuracy|1\n|move|p1b: Enamorus|Superpower|p2b: Oricorio\n|-resisted|p2b: Oricorio\n|-damage|p2b: Oricorio|16\/100\n|-boost|p1b: Enamorus|def|1\n|move|p1a: Overqwil|Barb Barrage|p2a: Milotic\n|-damage|p2a: Milotic|91\/100\n|\n|-heal|p2a: Milotic|97\/100|[from] item: Leftovers\n|-sideend|p2: Geniusatstuff|move: Tailwind\n|upkeep\n|turn|5\n|inactive|Geniusatstuff has 120 seconds left.\n|inactive|Reddypuller has 120 seconds left.\n|\n|t:|1698090306\n|switch|p1a: Brute Bonnet|Brute Bonnet|100\/100\n|-enditem|p1a: Brute Bonnet|Booster Energy\n|-activate|p1a: Brute Bonnet|ability: Protosynthesis|[fromitem]\n|-start|p1a: Brute Bonnet|protosynthesisspd\n|move|p2b: Oricorio|Quiver Dance|p2b: Oricorio\n|-boost|p2b: Oricorio|spa|1\n|-boost|p2b: Oricorio|spd|1\n|-boost|p2b: Oricorio|spe|1\n|-activate|p2a: Milotic|ability: Dancer\n|move|p2a: Milotic|Quiver Dance|p2a: Milotic|[from]ability: Dancer\n|-boost|p2a: Milotic|spa|1\n|-boost|p2a: Milotic|spd|1\n|-boost|p2a: Milotic|spe|1\n|move|p2a: Milotic|Blizzard|p1b: Enamorus|[spread] p1a,p1b\n|-supereffective|p1a: Brute Bonnet\n|-supereffective|p1b: Enamorus\n|-damage|p1a: Brute Bonnet|58\/100\n|-damage|p1b: Enamorus|2\/100\n|-status|p1b: Enamorus|frz\n|-enditem|p1b: Enamorus|Aguav Berry|[eat]\n|-heal|p1b: Enamorus|35\/100 frz|[from] item: Aguav Berry\n|cant|p1b: Enamorus|frz\n|\n|-heal|p2a: Milotic|100\/100|[from] item: Leftovers\n|upkeep\n|turn|6\n|inactive|Geniusatstuff has 120 seconds left.\n|\n|t:|1698090340\n|move|p2b: Oricorio|Tailwind|p2b: Oricorio\n|-sidestart|p2: Geniusatstuff|move: Tailwind\n|move|p2a: Milotic|Blizzard|p1b: Enamorus|[spread] p1a,p1b\n|-supereffective|p1a: Brute Bonnet\n|-supereffective|p1b: Enamorus\n|-damage|p1a: Brute Bonnet|11\/100\n|-damage|p1b: Enamorus|0 fnt\n|faint|p1b: Enamorus\n|move|p1a: Brute Bonnet|Clear Smog|p2a: Milotic\n|-damage|p2a: Milotic|97\/100\n|-clearboost|p2a: Milotic\n|\n|-heal|p2a: Milotic|100\/100|[from] item: Leftovers\n|upkeep\n|inactive|Reddypuller has 120 seconds left.\n|\n|t:|1698090356\n|switch|p1b: Grimmsnarl|Grimmsnarl, M|100\/100\n|turn|7\n|\n|t:|1698090364\n|move|p1b: Grimmsnarl|Thunder Wave|p2a: Milotic|[miss]\n|-miss|p1b: Grimmsnarl|p2a: Milotic\n|move|p2b: Oricorio|Quiver Dance|p2b: Oricorio\n|-boost|p2b: Oricorio|spa|1\n|-boost|p2b: Oricorio|spd|1\n|-boost|p2b: Oricorio|spe|1\n|-activate|p2a: Milotic|ability: Dancer\n|move|p2a: Milotic|Quiver Dance|p2a: Milotic|[from]ability: Dancer\n|-boost|p2a: Milotic|spa|1\n|-boost|p2a: Milotic|spd|1\n|-boost|p2a: Milotic|spe|1\n|move|p2a: Milotic|Coil|p2a: Milotic\n|-boost|p2a: Milotic|atk|1\n|-boost|p2a: Milotic|def|1\n|-boost|p2a: Milotic|accuracy|1\n|move|p1a: Brute Bonnet|Clear Smog|p2b: Oricorio\n|-damage|p2b: Oricorio|11\/100\n|-clearboost|p2b: Oricorio\n|\n|upkeep\n|turn|8\n|\n|t:|1698090386\n|move|p1b: Grimmsnarl|Parting Shot|p2a: Milotic\n|-unboost|p2a: Milotic|atk|1\n|-unboost|p2a: Milotic|spa|1\n|\n|t:|1698090389\n|switch|p1b: Overqwil|Overqwil, F|100\/100|[from] Parting Shot\n|-ability|p1b: Overqwil|Intimidate|boost\n|-unboost|p2a: Milotic|atk|1\n|-unboost|p2b: Oricorio|atk|1\n|move|p2b: Oricorio|Quiver Dance|p2b: Oricorio\n|-boost|p2b: Oricorio|spa|1\n|-boost|p2b: Oricorio|spd|1\n|-boost|p2b: Oricorio|spe|1\n|-activate|p2a: Milotic|ability: Dancer\n|move|p2a: Milotic|Quiver Dance|p2a: Milotic|[from]ability: Dancer\n|-boost|p2a: Milotic|spa|1\n|-boost|p2a: Milotic|spd|1\n|-boost|p2a: Milotic|spe|1\n|move|p2a: Milotic|Blizzard|p1b: Overqwil|[spread] p1a,p1b\n|-supereffective|p1a: Brute Bonnet\n|-damage|p1a: Brute Bonnet|0 fnt\n|-damage|p1b: Overqwil|66\/100\n|faint|p1a: Brute Bonnet\n|-end|p1a: Brute Bonnet|Protosynthesis|[silent]\n|\n|-heal|p1b: Overqwil|72\/100|[from] item: Black Sludge\n|upkeep\n|\n|t:|1698090401\n|switch|p1a: Grimmsnarl|Grimmsnarl, M|100\/100\n|turn|9\n|\n|t:|1698090417\n|move|p1a: Grimmsnarl|Thunder Wave|p2a: Milotic\n|-status|p2a: Milotic|par\n|move|p2b: Oricorio|Quiver Dance|p2b: Oricorio\n|-boost|p2b: Oricorio|spa|1\n|-boost|p2b: Oricorio|spd|1\n|-boost|p2b: Oricorio|spe|1\n|-activate|p2a: Milotic|ability: Dancer\n|move|p2a: Milotic|Quiver Dance|p2a: Milotic|[from]ability: Dancer\n|-boost|p2a: Milotic|spa|1\n|-boost|p2a: Milotic|spd|1\n|-boost|p2a: Milotic|spe|1\n|move|p2a: Milotic|Coil|p2a: Milotic\n|-boost|p2a: Milotic|atk|1\n|-boost|p2a: Milotic|def|1\n|-boost|p2a: Milotic|accuracy|1\n|move|p1b: Overqwil|Barb Barrage|p2b: Oricorio\n|-damage|p2b: Oricorio|0 fnt\n|faint|p2b: Oricorio\n|\n|-heal|p1b: Overqwil|78\/100|[from] item: Black Sludge\n|-sideend|p2: Geniusatstuff|move: Tailwind\n|upkeep\n|inactive|Geniusatstuff has 120 seconds left.\n|\n|t:|1698090445\n|switch|p2b: Volcarona|Volcarona, F, shiny|100\/100\n|turn|10\n|\n|t:|1698090459\n|move|p1a: Grimmsnarl|Parting Shot|p2b: Volcarona\n|-unboost|p2b: Volcarona|atk|1\n|-unboost|p2b: Volcarona|spa|1\n|\n|t:|1698090462\n|switch|p1a: Clodsire|Clodsire, M|100\/100|[from] Parting Shot\n|move|p2b: Volcarona|Fiery Dance|p1a: Clodsire\n|-damage|p1a: Clodsire|70\/100\n|-activate|p2a: Milotic|ability: Dancer\n|cant|p2a: Milotic|par\n|cant|p2a: Milotic|par\n|move|p1b: Overqwil|Acupressure|p1b: Overqwil\n|-boost|p1b: Overqwil|atk|2\n|\n|-heal|p1b: Overqwil|84\/100|[from] item: Black Sludge\n|-heal|p1a: Clodsire|77\/100|[from] item: Leftovers\n|upkeep\n|turn|11\n|\n|t:|1698090483\n|move|p2b: Volcarona|Quiver Dance|p2b: Volcarona\n|-boost|p2b: Volcarona|spa|1\n|-boost|p2b: Volcarona|spd|1\n|-boost|p2b: Volcarona|spe|1\n|-activate|p2a: Milotic|ability: Dancer\n|move|p2a: Milotic|Quiver Dance|p2a: Milotic|[from]ability: Dancer\n|-boost|p2a: Milotic|spa|1\n|-boost|p2a: Milotic|spd|1\n|-boost|p2a: Milotic|spe|1\n|move|p2a: Milotic|Blizzard|p1a: Clodsire|[spread] p1b\n|-miss|p2a: Milotic|p1a: Clodsire\n|-damage|p1b: Overqwil|29\/100\n|move|p1b: Overqwil|Acupressure|p1a: Clodsire\n|-boost|p1a: Clodsire|spd|2\n|move|p1a: Clodsire|Toxic|p2b: Volcarona\n|-status|p2b: Volcarona|tox\n|\n|-heal|p1b: Overqwil|35\/100|[from] item: Black Sludge\n|-heal|p1a: Clodsire|83\/100|[from] item: Leftovers\n|-damage|p2b: Volcarona|94\/100 tox|[from] psn\n|upkeep\n|turn|12\n|\n|t:|1698090510\n|move|p2b: Volcarona|Quiver Dance|p2b: Volcarona\n|-boost|p2b: Volcarona|spa|1\n|-boost|p2b: Volcarona|spd|1\n|-boost|p2b: Volcarona|spe|1\n|-activate|p2a: Milotic|ability: Dancer\n|move|p2a: Milotic|Quiver Dance|p2a: Milotic|[from]ability: Dancer\n|-boost|p2a: Milotic|spa|1\n|-boost|p2a: Milotic|spd|1\n|-boost|p2a: Milotic|spe|1\n|move|p2a: Milotic|Blizzard|p1a: Clodsire|[spread] p1a,p1b\n|-supereffective|p1a: Clodsire\n|-damage|p1a: Clodsire|68\/100\n|-damage|p1b: Overqwil|0 fnt\n|faint|p1b: Overqwil\n|move|p1a: Clodsire|Liquidation|p2b: Volcarona\n|-supereffective|p2b: Volcarona\n|-damage|p2b: Volcarona|38\/100 tox\n|-status|p1a: Clodsire|brn|[from] ability: Flame Body|[of] p2b: Volcarona\n|-enditem|p2b: Volcarona|Sitrus Berry|[eat]\n|-heal|p2b: Volcarona|63\/100 tox|[from] item: Sitrus Berry\n|\n|-heal|p1a: Clodsire|74\/100 brn|[from] item: Leftovers\n|-damage|p2b: Volcarona|50\/100 tox|[from] psn\n|-damage|p1a: Clodsire|68\/100 brn|[from] brn\n|upkeep\n|\n|t:|1698090520\n|switch|p1b: Grimmsnarl|Grimmsnarl, M|100\/100\n|turn|13\n|\n|t:|1698090547\n|move|p1b: Grimmsnarl|Nasty Plot|p1b: Grimmsnarl\n|-boost|p1b: Grimmsnarl|spa|2\n|move|p2b: Volcarona|Fiery Dance|p1b: Grimmsnarl\n|-damage|p1b: Grimmsnarl|39\/100\n|-enditem|p1b: Grimmsnarl|Red Card|[of] p2b: Volcarona\n|-activate|p2a: Milotic|ability: Dancer\n|move|p2a: Milotic|Fiery Dance|p1b: Grimmsnarl|[from]ability: Dancer\n|-damage|p1b: Grimmsnarl|0 fnt\n|faint|p1b: Grimmsnarl\n|drag|p2b: Baxcalibur|Baxcalibur, F, shiny|100\/100\n|cant|p2a: Milotic|par\n|move|p1a: Clodsire|High Horsepower|p2b: Baxcalibur\n|-damage|p2b: Baxcalibur|84\/100\n|\n|-heal|p1a: Clodsire|74\/100 brn|[from] item: Leftovers\n|-damage|p1a: Clodsire|68\/100 brn|[from] brn\n|upkeep\n|\n|t:|1698090556\n|switch|p1b: Goodra|Goodra-Hisui, F|100\/100\n|turn|14\n|\n|t:|1698090574\n|move|p2a: Milotic|Blizzard|p1b: Goodra|[spread] p1b\n|-miss|p2a: Milotic|p1a: Clodsire\n|-damage|p1b: Goodra|53\/100\n|move|p2b: Baxcalibur|Dragon Dance|p2b: Baxcalibur\n|-boost|p2b: Baxcalibur|atk|1\n|-boost|p2b: Baxcalibur|spe|1\n|-activate|p2a: Milotic|ability: Dancer\n|move|p2a: Milotic|Dragon Dance|p2a: Milotic|[from]ability: Dancer\n|-boost|p2a: Milotic|atk|1\n|-boost|p2a: Milotic|spe|1\n|move|p1b: Goodra|Acid Armor|p1b: Goodra\n|-boost|p1b: Goodra|def|2\n|move|p1a: Clodsire|High Horsepower|p2a: Milotic\n|-damage|p2a: Milotic|86\/100 par\n|\n|-heal|p2a: Milotic|92\/100 par|[from] item: Leftovers\n|-heal|p1a: Clodsire|74\/100 brn|[from] item: Leftovers\n|-damage|p1a: Clodsire|68\/100 brn|[from] brn\n|upkeep\n|turn|15\n|inactive|Geniusatstuff has 120 seconds left.\n|\n|t:|1698090605\n|move|p2b: Baxcalibur|Icicle Spear|p1a: Clodsire\n|-supereffective|p1a: Clodsire\n|-damage|p1a: Clodsire|39\/100 brn\n|-supereffective|p1a: Clodsire\n|-damage|p1a: Clodsire|15\/100 brn\n|-supereffective|p1a: Clodsire\n|-crit|p1a: Clodsire\n|-damage|p1a: Clodsire|0 fnt\n|faint|p1a: Clodsire\n|-hitcount|p1: Clodsire|3\n|move|p2a: Milotic|Blizzard|p1b: Goodra\n|-damage|p1b: Goodra|0 fnt\n|faint|p1b: Goodra\n|\n|win|Geniusatstuff\n|raw|Reddypuller's rating: 1127 &rarr; <strong>1099<\/strong><br \/>(-28 for losing)\n|raw|Geniusatstuff's rating: 1084 &rarr; <strong>1115<\/strong><br \/>(+31 for winning)\n","uploadtime":1698090621,"views":9,"p1id":"reddypuller","p2id":"geniusatstuff","formatid":"gen9doublesou","rating":1099,"private":0,"password":""}