{"id":"gen9doublesou-1989831357","p1":"Kittyredheart","p2":"Cristaldu41","format":"[Gen 9] Doubles OU","log":"|j|\u2606Kittyredheart\n|j|\u2606Cristaldu41\n|t:|1699899386\n|gametype|doubles\n|player|p1|Kittyredheart|elesa|1392\n|player|p2|Cristaldu41|palmer|1436\n|teamsize|p1|6\n|teamsize|p2|6\n|gen|9\n|tier|[Gen 9] Doubles OU\n|rated|\n|rule|Species Clause: Limit one of each Pok\u00e9mon\n|rule|OHKO Clause: OHKO moves are banned\n|rule|Evasion Moves Clause: Evasion moves are banned\n|rule|Gravity Sleep Clause: The combination of sleep-inducing moves with imperfect accuracy and Gravity or Gigantamax Orbeetle are banned\n|rule|Endless Battle Clause: Forcing endless battles is banned\n|rule|HP Percentage Mod: HP is shown in percentages\n|clearpoke\n|poke|p1|Milotic, F|\n|poke|p1|Grimmsnarl, M|\n|poke|p1|Jirachi|\n|poke|p1|Espathra, M|\n|poke|p1|Landorus-Therian, M|\n|poke|p1|Chien-Pao|\n|poke|p2|Chien-Pao|\n|poke|p2|Flutter Mane|\n|poke|p2|Tornadus, M|\n|poke|p2|Dragonite, F|\n|poke|p2|Kingambit, F|\n|poke|p2|Sinistcha-Masterpiece|\n|teampreview\n|inactive|Battle timer is ON: inactive players will automatically lose when time's up. (requested by Kittyredheart)\n|\n|t:|1699899394\n|start\n|switch|p1a: Chicky Wicky|Grimmsnarl, M, shiny|100\/100\n|switch|p1b: Iron Fangs|Chien-Pao|100\/100\n|switch|p2a: Kingambit|Kingambit, F|100\/100\n|switch|p2b: Tornadus|Tornadus, M|100\/100\n|-ability|p1b: Iron Fangs|Sword of Ruin\n|turn|1\n|\n|t:|1699899404\n|move|p2a: Kingambit|Protect|p2a: Kingambit\n|-singleturn|p2a: Kingambit|Protect\n|move|p2b: Tornadus|Tailwind|p2b: Tornadus\n|-sidestart|p2: Cristaldu41|move: Tailwind\n|move|p1a: Chicky Wicky|Thunder Wave|p2b: Tornadus\n|-status|p2b: Tornadus|par\n|move|p1b: Iron Fangs|Sacred Sword|p2a: Kingambit\n|-activate|p2a: Kingambit|move: Protect\n|\n|upkeep\n|turn|2\n|\n|t:|1699899422\n|switch|p2a: Flutter Mane|Flutter Mane|100\/100\n|move|p1a: Chicky Wicky|Parting Shot|p2b: Tornadus\n|-unboost|p2b: Tornadus|atk|1\n|-unboost|p2b: Tornadus|spa|1\n|\n|t:|1699899433\n|switch|p1a: Majestic Aqua|Milotic, F|100\/100|[from] Parting Shot\n|move|p1b: Iron Fangs|Sacred Sword|p2a: Flutter Mane\n|-immune|p2a: Flutter Mane\n|move|p2b: Tornadus|Bleakwind Storm|p1b: Iron Fangs|[spread] p1a,p1b\n|-damage|p1a: Majestic Aqua|84\/100\n|-damage|p1b: Iron Fangs|66\/100\n|\n|upkeep\n|turn|3\n|\n|t:|1699899449\n|switch|p1b: Iron Wish|Jirachi|100\/100\n|move|p2b: Tornadus|Taunt|p1a: Majestic Aqua\n|-start|p1a: Majestic Aqua|move: Taunt\n|move|p2a: Flutter Mane|Moonblast|p1b: Iron Wish\n|-resisted|p1b: Iron Wish\n|-damage|p1b: Iron Wish|74\/100\n|move|p1a: Majestic Aqua|Scald|p2a: Flutter Mane\n|-damage|p2a: Flutter Mane|75\/100\n|\n|-heal|p1b: Iron Wish|80\/100|[from] item: Leftovers\n|upkeep\n|turn|4\n|\n|t:|1699899468\n|-end|p2a: Flutter Mane|Protosynthesis|[silent]\n|switch|p2a: Kingambit|Kingambit, F|100\/100\n|move|p2b: Tornadus|Taunt|p1b: Iron Wish\n|-start|p1b: Iron Wish|move: Taunt\n|cant|p1b: Iron Wish|move: Taunt|Wish\n|move|p1a: Majestic Aqua|Scald|p2a: Kingambit\n|-damage|p2a: Kingambit|70\/100\n|-status|p2a: Kingambit|brn\n|\n|-heal|p1b: Iron Wish|86\/100|[from] item: Leftovers\n|-damage|p2a: Kingambit|64\/100 brn|[from] brn\n|-sideend|p2: Cristaldu41|move: Tailwind\n|upkeep\n|turn|5\n|inactive|Kittyredheart has 120 seconds left.\n|\n|t:|1699899516\n|switch|p1b: Chicky Wicky|Grimmsnarl, M, shiny|100\/100\n|move|p2a: Kingambit|Kowtow Cleave|p1b: Chicky Wicky\n|-resisted|p1b: Chicky Wicky\n|-damage|p1b: Chicky Wicky|93\/100\n|move|p1a: Majestic Aqua|Scald|p2b: Tornadus\n|-damage|p2b: Tornadus|78\/100 par\n|move|p2b: Tornadus|Bleakwind Storm|p1b: Chicky Wicky|[spread] p1a,p1b\n|-damage|p1a: Majestic Aqua|69\/100\n|-damage|p1b: Chicky Wicky|67\/100\n|\n|-damage|p2a: Kingambit|58\/100 brn|[from] brn\n|-end|p1a: Majestic Aqua|move: Taunt\n|upkeep\n|turn|6\n|inactive|Kittyredheart has 120 seconds left.\n|\n|t:|1699899534\n|move|p1b: Chicky Wicky|Fake Out|p2b: Tornadus\n|-damage|p2b: Tornadus|66\/100 par\n|cant|p2b: Tornadus|par\n|move|p2a: Kingambit|Iron Head|p1b: Chicky Wicky\n|-supereffective|p1b: Chicky Wicky\n|-damage|p1b: Chicky Wicky|24\/100\n|move|p1a: Majestic Aqua|Coil|p1a: Majestic Aqua\n|-boost|p1a: Majestic Aqua|atk|1\n|-boost|p1a: Majestic Aqua|def|1\n|-boost|p1a: Majestic Aqua|accuracy|1\n|\n|-damage|p2a: Kingambit|52\/100 brn|[from] brn\n|upkeep\n|turn|7\n|\n|t:|1699899551\n|move|p1b: Chicky Wicky|Parting Shot|p2b: Tornadus\n|-unboost|p2b: Tornadus|atk|1\n|-unboost|p2b: Tornadus|spa|1\n|\n|t:|1699899556\n|switch|p1b: Iron Wish|Jirachi|86\/100|[from] Parting Shot\n|cant|p2b: Tornadus|par\n|move|p2a: Kingambit|Iron Head|p1b: Iron Wish\n|-resisted|p1b: Iron Wish\n|-damage|p1b: Iron Wish|77\/100\n|move|p1a: Majestic Aqua|Coil|p1a: Majestic Aqua\n|-boost|p1a: Majestic Aqua|atk|1\n|-boost|p1a: Majestic Aqua|def|1\n|-boost|p1a: Majestic Aqua|accuracy|1\n|\n|-heal|p1b: Iron Wish|83\/100|[from] item: Leftovers\n|-damage|p2a: Kingambit|46\/100 brn|[from] brn\n|upkeep\n|turn|8\n|\n|t:|1699899578\n|move|p2b: Tornadus|Taunt|p1a: Majestic Aqua\n|-start|p1a: Majestic Aqua|move: Taunt\n|move|p1b: Iron Wish|Wish|p1b: Iron Wish\n|move|p2a: Kingambit|Iron Head|p1b: Iron Wish\n|-resisted|p1b: Iron Wish\n|-damage|p1b: Iron Wish|75\/100\n|move|p1a: Majestic Aqua|Scald|p2b: Tornadus\n|-damage|p2b: Tornadus|40\/100 par\n|\n|-heal|p1b: Iron Wish|81\/100|[from] item: Leftovers\n|-damage|p2a: Kingambit|40\/100 brn|[from] brn\n|upkeep\n|turn|9\n|\n|t:|1699899606\n|cant|p2b: Tornadus|par\n|move|p1b: Iron Wish|Stored Power|p2b: Tornadus\n|-damage|p2b: Tornadus|34\/100 par\n|move|p2a: Kingambit|Kowtow Cleave|p1b: Iron Wish\n|-supereffective|p1b: Iron Wish\n|-damage|p1b: Iron Wish|32\/100\n|move|p1a: Majestic Aqua|Scald|p2b: Tornadus\n|-damage|p2b: Tornadus|9\/100 par\n|\n|-heal|p1b: Iron Wish|82\/100|[from] move: Wish|[wisher] Iron Wish\n|-heal|p1b: Iron Wish|88\/100|[from] item: Leftovers\n|-damage|p2a: Kingambit|34\/100 brn|[from] brn\n|upkeep\n|turn|10\n|\n|t:|1699899627\n|switch|p1b: Chicky Wicky|Grimmsnarl, M, shiny|24\/100\n|move|p2b: Tornadus|Taunt|p1b: Chicky Wicky\n|-hint|Since gen 7, Dark is immune to Prankster moves.\n|-immune|p1b: Chicky Wicky\n|move|p2a: Kingambit|Kowtow Cleave|p1b: Chicky Wicky\n|-resisted|p1b: Chicky Wicky\n|-damage|p1b: Chicky Wicky|16\/100\n|move|p1a: Majestic Aqua|Scald|p2b: Tornadus\n|-damage|p2b: Tornadus|0 fnt\n|faint|p2b: Tornadus\n|\n|-damage|p2a: Kingambit|27\/100 brn|[from] brn\n|-end|p1a: Majestic Aqua|move: Taunt\n|upkeep\n|\n|t:|1699899640\n|switch|p2b: Flutter Mane|Flutter Mane|75\/100\n|turn|11\n|\n|t:|1699899649\n|move|p1b: Chicky Wicky|Light Screen|p1b: Chicky Wicky\n|-sidestart|p1: Kittyredheart|move: Light Screen\n|move|p2b: Flutter Mane|Thunderbolt|p1a: Majestic Aqua\n|-supereffective|p1a: Majestic Aqua\n|-damage|p1a: Majestic Aqua|26\/100\n|move|p2a: Kingambit|Iron Head|p1b: Chicky Wicky\n|-supereffective|p1b: Chicky Wicky\n|-crit|p1b: Chicky Wicky\n|-damage|p1b: Chicky Wicky|0 fnt\n|faint|p1b: Chicky Wicky\n|move|p1a: Majestic Aqua|Hypnosis|p2b: Flutter Mane\n|-status|p2b: Flutter Mane|slp|[from] move: Hypnosis\n|\n|-damage|p2a: Kingambit|21\/100 brn|[from] brn\n|upkeep\n|\n|t:|1699899661\n|switch|p1b: Iron Wish|Jirachi|88\/100\n|turn|12\n|\n|t:|1699899670\n|-end|p2b: Flutter Mane|Protosynthesis|[silent]\n|switch|p2b: Sinistcha|Sinistcha-Masterpiece|100\/100\n|-heal|p2a: Kingambit|46\/100 brn|[from] ability: Hospitality|[of] p2b: Sinistcha\n|move|p1b: Iron Wish|Wish|p1b: Iron Wish\n|move|p2a: Kingambit|Kowtow Cleave|p1b: Iron Wish\n|-supereffective|p1b: Iron Wish\n|-damage|p1b: Iron Wish|39\/100\n|move|p1a: Majestic Aqua|Rest|p1a: Majestic Aqua\n|-status|p1a: Majestic Aqua|slp|[from] move: Rest\n|-heal|p1a: Majestic Aqua|100\/100 slp|[silent]\n|-enditem|p1a: Majestic Aqua|Chesto Berry|[eat]\n|-curestatus|p1a: Majestic Aqua|slp|[msg]\n|\n|-heal|p1b: Iron Wish|45\/100|[from] item: Leftovers\n|-damage|p2a: Kingambit|40\/100 brn|[from] brn\n|upkeep\n|turn|13\n|\n|t:|1699899696\n|-terastallize|p1b: Iron Wish|Dark\n|move|p1b: Iron Wish|Cosmic Power|p1b: Iron Wish\n|-boost|p1b: Iron Wish|def|1\n|-boost|p1b: Iron Wish|spd|1\n|move|p2a: Kingambit|Kowtow Cleave|p1b: Iron Wish\n|-resisted|p1b: Iron Wish\n|-damage|p1b: Iron Wish|38\/100\n|move|p1a: Majestic Aqua|Hypnosis|p2b: Sinistcha\n|-status|p2b: Sinistcha|slp|[from] move: Hypnosis\n|cant|p2b: Sinistcha|slp\n|\n|-heal|p1b: Iron Wish|88\/100|[from] move: Wish|[wisher] Iron Wish\n|-heal|p1b: Iron Wish|94\/100|[from] item: Leftovers\n|-damage|p2a: Kingambit|34\/100 brn|[from] brn\n|upkeep\n|turn|14\n|\n|t:|1699899711\n|move|p1b: Iron Wish|Wish|p1b: Iron Wish\n|move|p2a: Kingambit|Iron Head|p1b: Iron Wish\n|-damage|p1b: Iron Wish|81\/100\n|move|p1a: Majestic Aqua|Coil|p1a: Majestic Aqua\n|-boost|p1a: Majestic Aqua|atk|1\n|-boost|p1a: Majestic Aqua|def|1\n|-boost|p1a: Majestic Aqua|accuracy|1\n|cant|p2b: Sinistcha|slp\n|\n|-heal|p1b: Iron Wish|87\/100|[from] item: Leftovers\n|-damage|p2a: Kingambit|28\/100 brn|[from] brn\n|upkeep\n|turn|15\n|\n|t:|1699899724\n|switch|p2a: Chien-Pao|Chien-Pao|100\/100\n|-ability|p2a: Chien-Pao|Sword of Ruin\n|move|p1b: Iron Wish|Cosmic Power|p1b: Iron Wish\n|-boost|p1b: Iron Wish|def|1\n|-boost|p1b: Iron Wish|spd|1\n|move|p1a: Majestic Aqua|Coil|p1a: Majestic Aqua\n|-boost|p1a: Majestic Aqua|atk|1\n|-boost|p1a: Majestic Aqua|def|1\n|-boost|p1a: Majestic Aqua|accuracy|1\n|-curestatus|p2b: Sinistcha|slp|[msg]\n|move|p2b: Sinistcha|Matcha Gotcha|p1a: Majestic Aqua|[spread] p1a,p1b\n|-supereffective|p1a: Majestic Aqua\n|-damage|p1a: Majestic Aqua|79\/100\n|-damage|p1b: Iron Wish|81\/100\n|\n|-heal|p1b: Iron Wish|100\/100|[from] move: Wish|[wisher] Iron Wish\n|-sideend|p1: Kittyredheart|move: Light Screen\n|upkeep\n|turn|16\n|\n|t:|1699899749\n|move|p2a: Chien-Pao|Sacred Sword|p1b: Iron Wish\n|-supereffective|p1b: Iron Wish\n|-damage|p1b: Iron Wish|36\/100\n|move|p1b: Iron Wish|Cosmic Power|p1b: Iron Wish\n|-boost|p1b: Iron Wish|def|1\n|-boost|p1b: Iron Wish|spd|1\n|move|p1a: Majestic Aqua|Hypnosis|p2a: Chien-Pao\n|-status|p2a: Chien-Pao|slp|[from] move: Hypnosis\n|move|p2b: Sinistcha|Matcha Gotcha|p1b: Iron Wish|[spread] p1a,p1b\n|-supereffective|p1a: Majestic Aqua\n|-damage|p1a: Majestic Aqua|47\/100\n|-damage|p1b: Iron Wish|30\/100\n|-status|p1b: Iron Wish|brn\n|\n|-heal|p1b: Iron Wish|36\/100 brn|[from] item: Leftovers\n|-damage|p1b: Iron Wish|30\/100 brn|[from] brn\n|upkeep\n|turn|17\n|\n|t:|1699899766\n|cant|p2a: Chien-Pao|slp\n|move|p1b: Iron Wish|Fire Punch|p2a: Chien-Pao\n|-supereffective|p2a: Chien-Pao\n|-damage|p2a: Chien-Pao|77\/100 slp\n|move|p1a: Majestic Aqua|Hypnosis|p2b: Sinistcha\n|-status|p2b: Sinistcha|slp|[from] move: Hypnosis\n|cant|p2b: Sinistcha|slp\n|\n|-heal|p1b: Iron Wish|36\/100 brn|[from] item: Leftovers\n|-damage|p1b: Iron Wish|30\/100 brn|[from] brn\n|upkeep\n|turn|18\n|\n|t:|1699899781\n|-curestatus|p2a: Chien-Pao|slp|[msg]\n|move|p2a: Chien-Pao|Sacred Sword|p1b: Iron Wish\n|-supereffective|p1b: Iron Wish\n|-damage|p1b: Iron Wish|0 fnt\n|faint|p1b: Iron Wish\n|move|p1a: Majestic Aqua|Scald|p2a: Chien-Pao\n|-damage|p2a: Chien-Pao|35\/100\n|-status|p2a: Chien-Pao|brn\n|cant|p2b: Sinistcha|slp\n|\n|-damage|p2a: Chien-Pao|29\/100 brn|[from] brn\n|upkeep\n|\n|t:|1699899797\n|switch|p1b: Wig Snatcher|Espathra, M|100\/100\n|turn|19\n|\n|t:|1699899805\n|move|p2a: Chien-Pao|Icicle Crash|p1b: Wig Snatcher\n|-damage|p1b: Wig Snatcher|56\/100\n|move|p1b: Wig Snatcher|Calm Mind|p1b: Wig Snatcher\n|-boost|p1b: Wig Snatcher|spa|1\n|-boost|p1b: Wig Snatcher|spd|1\n|move|p1a: Majestic Aqua|Scald|p2a: Chien-Pao\n|-damage|p2a: Chien-Pao|0 fnt\n|faint|p2a: Chien-Pao\n|cant|p2b: Sinistcha|slp\n|\n|-ability|p1b: Wig Snatcher|Speed Boost|boost\n|-boost|p1b: Wig Snatcher|spe|1\n|upkeep\n|\n|t:|1699899817\n|switch|p2a: Dragonite|Dragonite, F|100\/100\n|turn|20\n|\n|t:|1699899821\n|move|p1b: Wig Snatcher|Protect|p1b: Wig Snatcher\n|-singleturn|p1b: Wig Snatcher|Protect\n|move|p2a: Dragonite|Outrage|p1a: Majestic Aqua\n|-damage|p1a: Majestic Aqua|18\/100\n|move|p1a: Majestic Aqua|Hypnosis|p2a: Dragonite\n|-status|p2a: Dragonite|slp|[from] move: Hypnosis\n|-curestatus|p2b: Sinistcha|slp|[msg]\n|move|p2b: Sinistcha|Matcha Gotcha|p1b: Wig Snatcher|[spread] p1a\n|-activate|p1b: Wig Snatcher|move: Protect\n|-supereffective|p1a: Majestic Aqua\n|-damage|p1a: Majestic Aqua|0 fnt\n|faint|p1a: Majestic Aqua\n|\n|-ability|p1b: Wig Snatcher|Speed Boost|boost\n|-boost|p1b: Wig Snatcher|spe|1\n|upkeep\n|\n|t:|1699899828\n|switch|p1a: Iron Fangs|Chien-Pao|66\/100\n|-ability|p1a: Iron Fangs|Sword of Ruin\n|turn|21\n|\n|t:|1699899842\n|switch|p2a: Kingambit|Kingambit, F|28\/100 brn\n|move|p1b: Wig Snatcher|Calm Mind|p1b: Wig Snatcher\n|-boost|p1b: Wig Snatcher|spa|1\n|-boost|p1b: Wig Snatcher|spd|1\n|move|p1a: Iron Fangs|Crunch|p2b: Sinistcha\n|-supereffective|p2b: Sinistcha\n|-damage|p2b: Sinistcha|0 fnt\n|faint|p2b: Sinistcha\n|\n|-damage|p2a: Kingambit|22\/100 brn|[from] brn\n|-ability|p1b: Wig Snatcher|Speed Boost|boost\n|-boost|p1b: Wig Snatcher|spe|1\n|upkeep\n|\n|t:|1699899852\n|switch|p2b: Dragonite|Dragonite, F|100\/100 slp\n|turn|22\n|\n|t:|1699899861\n|-terastallize|p2b: Dragonite|Normal\n|move|p1b: Wig Snatcher|Calm Mind|p1b: Wig Snatcher\n|-boost|p1b: Wig Snatcher|spa|1\n|-boost|p1b: Wig Snatcher|spd|1\n|move|p1a: Iron Fangs|Crunch|p2a: Kingambit\n|-resisted|p2a: Kingambit\n|-damage|p2a: Kingambit|0 fnt\n|faint|p2a: Kingambit\n|cant|p2b: Dragonite|slp\n|\n|-ability|p1b: Wig Snatcher|Speed Boost|boost\n|-boost|p1b: Wig Snatcher|spe|1\n|upkeep\n|\n|t:|1699899870\n|switch|p2a: Flutter Mane|Flutter Mane|75\/100 slp\n|turn|23\n|\n|t:|1699899876\n|move|p1b: Wig Snatcher|Dazzling Gleam|p2a: Flutter Mane|[spread] p2a,p2b\n|-damage|p2a: Flutter Mane|10\/100 slp\n|-damage|p2b: Dragonite|68\/100 slp\n|cant|p2a: Flutter Mane|slp\n|move|p1a: Iron Fangs|Crunch|p2b: Dragonite\n|-damage|p2b: Dragonite|0 fnt\n|faint|p2b: Dragonite\n|\n|-ability|p1b: Wig Snatcher|Speed Boost|boost\n|-boost|p1b: Wig Snatcher|spe|1\n|upkeep\n|turn|24\n|c|\u2606Cristaldu41|your fucking luck\n|c|\u2606Kittyredheart|Gg\n|\n|t:|1699899894\n|move|p1b: Wig Snatcher|Dazzling Gleam|p2a: Flutter Mane\n|-damage|p2a: Flutter Mane|0 fnt\n|faint|p2a: Flutter Mane\n|-end|p2a: Flutter Mane|Protosynthesis|[silent]\n|\n|win|Kittyredheart\n|raw|Kittyredheart's rating: 1392 &rarr; <strong>1415<\/strong><br \/>(+23 for winning)\n|raw|Cristaldu41's rating: 1436 &rarr; <strong>1413<\/strong><br \/>(-23 for losing)\n|c|\u2606Cristaldu41|not gg\n|c|\u2606Cristaldu41|noob\n|c|\u2606Kittyredheart|Gg\n|c|\u2606Kittyredheart|Gg\n|c|\u2606Cristaldu41|you are just so lucky\n|c|\u2606Kittyredheart|g\n|c|\u2606Kittyredheart|g\n|c|\u2606Kittyredheart|g g\n|c|\u2606Cristaldu41|and toxic\n|c|\u2606Kittyredheart|gg\n|c|\u2606Kittyredheart|and gg\n|c|\u2606Kittyredheart|g-g\n","uploadtime":1699899948,"views":4,"p1id":"kittyredheart","p2id":"cristaldu41","formatid":"gen9doublesou","rating":1413,"private":0,"password":""}