{"id":"gen9doublesou-1987755759","p1":"Keepitsimple20223","p2":"Martin80","format":"[Gen 9] Doubles OU","log":"|j|\u2606Keepitsimple20223\n|j|\u2606Martin80\n|t:|1699634024\n|gametype|doubles\n|player|p1|Keepitsimple20223|265|1057\n|player|p2|Martin80|steven|1113\n|teamsize|p1|6\n|teamsize|p2|6\n|gen|9\n|tier|[Gen 9] Doubles OU\n|rated|\n|rule|Species Clause: Limit one of each Pok\u00e9mon\n|rule|OHKO Clause: OHKO moves are banned\n|rule|Evasion Moves Clause: Evasion moves are banned\n|rule|Gravity Sleep Clause: The combination of sleep-inducing moves with imperfect accuracy and Gravity or Gigantamax Orbeetle are banned\n|rule|Endless Battle Clause: Forcing endless battles is banned\n|rule|HP Percentage Mod: HP is shown in percentages\n|clearpoke\n|poke|p1|Clefable, F|\n|poke|p1|Indeedee-F, F|\n|poke|p1|Garchomp, F|\n|poke|p1|Dondozo, F|\n|poke|p1|Slowking-Galar, F|\n|poke|p1|Iron Moth|\n|poke|p2|Garganacl, F|\n|poke|p2|Tinkaton, F|\n|poke|p2|Lokix, F|\n|poke|p2|Quaquaval, F|\n|poke|p2|Arboliva, F|\n|poke|p2|Ceruledge, F|\n|teampreview\n|inactive|Battle timer is ON: inactive players will automatically lose when time's up. (requested by Keepitsimple20223)\n|\n|t:|1699634040\n|start\n|switch|p1a: Clefable|Clefable, F|100\/100\n|switch|p1b: Dondozo|Dondozo, F|100\/100\n|switch|p2a: Jolyne|Quaquaval, F, shiny|100\/100\n|switch|p2b: Ceruledge|Ceruledge, F, shiny|100\/100\n|turn|1\n|j| Elite4Zak\n|\n|t:|1699634055\n|switch|p2a: Arboliva|Arboliva, F, shiny|100\/100\n|switch|p2b: Tinkaton|Tinkaton, F, shiny|100\/100\n|-ability|p2b: Tinkaton|Mold Breaker\n|move|p1a: Clefable|Light Screen|p1a: Clefable\n|-sidestart|p1: Keepitsimple20223|move: Light Screen\n|move|p1b: Dondozo|Substitute|p1b: Dondozo\n|-start|p1b: Dondozo|Substitute\n|-damage|p1b: Dondozo|76\/100\n|\n|-heal|p1b: Dondozo|82\/100|[from] item: Leftovers\n|upkeep\n|turn|2\n|\n|t:|1699634071\n|move|p2b: Tinkaton|Gigaton Hammer|p1a: Clefable\n|-supereffective|p1a: Clefable\n|-damage|p1a: Clefable|0 fnt\n|faint|p1a: Clefable\n|move|p2a: Arboliva|Giga Drain|p1b: Dondozo\n|-supereffective|p1b: Dondozo\n|-end|p1b: Dondozo|Substitute\n|move|p1b: Dondozo|Curse|p1b: Dondozo\n|-unboost|p1b: Dondozo|spe|1\n|-boost|p1b: Dondozo|atk|1\n|-boost|p1b: Dondozo|def|1\n|\n|-heal|p1b: Dondozo|88\/100|[from] item: Leftovers\n|upkeep\n|c|\u2606Martin80|no more cleafable\n|c|\u2606Keepitsimple20223|hha\n|\n|t:|1699634090\n|switch|p1a: Iron Moth|Iron Moth|100\/100\n|-enditem|p1a: Iron Moth|Booster Energy\n|-activate|p1a: Iron Moth|ability: Quark Drive|[fromitem]\n|-start|p1a: Iron Moth|quarkdrivespe\n|turn|3\n|\n|t:|1699634103\n|move|p2b: Tinkaton|Helping Hand|p2a: Arboliva\n|-singleturn|p2a: Arboliva|Helping Hand|[of] p2b: Tinkaton\n|move|p1a: Iron Moth|Flamethrower|p2b: Tinkaton\n|-supereffective|p2b: Tinkaton\n|-damage|p2b: Tinkaton|10\/100\n|move|p2a: Arboliva|Giga Drain|p1b: Dondozo\n|-supereffective|p1b: Dondozo\n|-damage|p1b: Dondozo|32\/100\n|move|p1b: Dondozo|Avalanche|p2a: Arboliva\n|-supereffective|p2a: Arboliva\n|-damage|p2a: Arboliva|5\/100\n|-fieldstart|move: Grassy Terrain|[from] ability: Seed Sower|[of] p2a: Arboliva\n|\n|-heal|p2b: Tinkaton|16\/100|[from] Grassy Terrain\n|-heal|p2b: Tinkaton|22\/100|[from] item: Leftovers\n|-heal|p2a: Arboliva|11\/100|[from] Grassy Terrain\n|-heal|p2a: Arboliva|17\/100|[from] item: Leftovers\n|-heal|p1b: Dondozo|38\/100|[from] Grassy Terrain\n|-heal|p1b: Dondozo|44\/100|[from] item: Leftovers\n|upkeep\n|turn|4\n|\n|t:|1699634129\n|move|p2a: Arboliva|Protect|p2a: Arboliva\n|-singleturn|p2a: Arboliva|Protect\n|move|p1a: Iron Moth|Flamethrower|p2b: Tinkaton\n|-supereffective|p2b: Tinkaton\n|-damage|p2b: Tinkaton|0 fnt\n|faint|p2b: Tinkaton\n|move|p1b: Dondozo|Avalanche|p2a: Arboliva\n|-activate|p2a: Arboliva|move: Protect\n|\n|-heal|p2a: Arboliva|23\/100|[from] Grassy Terrain\n|-heal|p2a: Arboliva|29\/100|[from] item: Leftovers\n|-heal|p1b: Dondozo|50\/100|[from] Grassy Terrain\n|-heal|p1b: Dondozo|56\/100|[from] item: Leftovers\n|upkeep\n|c|\u2606Keepitsimple20223|no more tinkaton\n|inactive|Martin80 has 120 seconds left.\n|\n|t:|1699634144\n|switch|p2b: Jolyne|Quaquaval, F, shiny|100\/100\n|turn|5\n|\n|t:|1699634153\n|move|p1a: Iron Moth|Discharge|p2a: Arboliva|[spread] p1b,p2a,p2b\n|-supereffective|p1b: Dondozo\n|-resisted|p2a: Arboliva\n|-supereffective|p2b: Jolyne\n|-damage|p1b: Dondozo|38\/100\n|-damage|p2a: Arboliva|22\/100\n|-damage|p2b: Jolyne|52\/100\n|-status|p1b: Dondozo|par\n|-status|p2b: Jolyne|par\n|move|p2b: Jolyne|Aqua Step|p1a: Iron Moth\n|-supereffective|p1a: Iron Moth\n|-damage|p1a: Iron Moth|0 fnt\n|-boost|p2b: Jolyne|spe|1\n|faint|p1a: Iron Moth\n|-end|p1a: Iron Moth|Quark Drive|[silent]\n|-ability|p2b: Jolyne|Moxie|boost\n|-boost|p2b: Jolyne|atk|1\n|move|p2a: Arboliva|Giga Drain|p1b: Dondozo\n|-supereffective|p1b: Dondozo\n|-damage|p1b: Dondozo|0 fnt\n|-heal|p2a: Arboliva|45\/100|[from] drain|[of] p1b: Dondozo\n|faint|p1b: Dondozo\n|\n|-heal|p2b: Jolyne|58\/100 par|[from] Grassy Terrain\n|-heal|p2a: Arboliva|51\/100|[from] Grassy Terrain\n|-heal|p2a: Arboliva|57\/100|[from] item: Leftovers\n|-sideend|p1: Keepitsimple20223|move: Light Screen\n|upkeep\n|c|\u2606Martin80|no more dondozo?\n|\n|t:|1699634176\n|switch|p1a: Indeedee|Indeedee-F, F|100\/100\n|switch|p1b: Garchomp|Garchomp, F|100\/100\n|-fieldstart|move: Psychic Terrain|[from] ability: Psychic Surge|[of] p1a: Indeedee\n|turn|6\n|c|\u2606Martin80|and no more light screen?\n|c|\u2606Keepitsimple20223|ya\n|\n|t:|1699634192\n|switch|p2b: Ceruledge|Ceruledge, F, shiny|100\/100\n|move|p1a: Indeedee|Follow Me|p1a: Indeedee\n|-singleturn|p1a: Indeedee|move: Follow Me\n|move|p1b: Garchomp|Swords Dance|p1b: Garchomp\n|-boost|p1b: Garchomp|atk|2\n|move|p2a: Arboliva|Dazzling Gleam|p1a: Indeedee|[spread] p1a,p1b\n|-supereffective|p1b: Garchomp\n|-damage|p1a: Indeedee|83\/100\n|-damage|p1b: Garchomp|62\/100\n|\n|-heal|p1a: Indeedee|89\/100|[from] item: Leftovers\n|-heal|p2a: Arboliva|63\/100|[from] item: Leftovers\n|upkeep\n|turn|7\n|\n|t:|1699634216\n|move|p2b: Ceruledge|Protect|p2b: Ceruledge\n|-singleturn|p2b: Ceruledge|Protect\n|move|p1b: Garchomp|Poison Jab|p2a: Arboliva\n|-supereffective|p2a: Arboliva\n|-damage|p2a: Arboliva|0 fnt\n|-fieldstart|move: Grassy Terrain|[from] ability: Seed Sower|[of] p2a: Arboliva\n|faint|p2a: Arboliva\n|move|p1a: Indeedee|Light Screen|p1a: Indeedee\n|-sidestart|p1: Keepitsimple20223|move: Light Screen\n|\n|-heal|p1b: Garchomp|69\/100|[from] Grassy Terrain\n|-heal|p1a: Indeedee|95\/100|[from] Grassy Terrain\n|-heal|p1a: Indeedee|100\/100|[from] item: Leftovers\n|upkeep\n|c|\u2606Martin80|no more misty terrain?\n|\n|t:|1699634233\n|switch|p2a: Bichota|Lokix, F, shiny|100\/100\n|turn|8\n|c|\u2606Keepitsimple20223|haha\n|l|\u2606Keepitsimple20223\n|inactive|Keepitsimple20223 disconnected and has a minute to reconnect!\n|player|p1|\n|inactive|Keepitsimple20223 has 30 seconds to reconnect!\n|inactive|Keepitsimple20223 has 20 seconds to reconnect!\n|inactive|Keepitsimple20223 has 15 seconds to reconnect!\n|inactive|Keepitsimple20223 has 10 seconds to reconnect!\n|inactive|Keepitsimple20223 has 5 seconds to reconnect!\n|c|\u2606Martin80|do you know what mean?\n|-message|Keepitsimple20223 lost due to inactivity.\n|\n|win|Martin80\n|raw|Keepitsimple20223's rating: 1057 &rarr; <strong>1041<\/strong><br \/>(-16 for losing)\n|raw|Martin80's rating: 1113 &rarr; <strong>1134<\/strong><br \/>(+21 for winning)\n","uploadtime":1699634306,"views":14,"p1id":"keepitsimple20223","p2id":"martin80","formatid":"gen9doublesou","rating":1041,"private":0,"password":""}