{"id":"gen9doublesou-1978421920","p1":"loch2009","p2":"WilmaFingerdo","format":"[Gen 9] Doubles OU","log":"|j|\u2606loch2009\n|j|\u2606WilmaFingerdo\n|t:|1698536858\n|gametype|doubles\n|player|p1|loch2009|cynthia-gen4|1274\n|player|p2|WilmaFingerdo|guitarist|1192\n|teamsize|p1|6\n|teamsize|p2|6\n|gen|9\n|tier|[Gen 9] Doubles OU\n|rated|\n|rule|Species Clause: Limit one of each Pok\u00e9mon\n|rule|OHKO Clause: OHKO moves are banned\n|rule|Evasion Moves Clause: Evasion moves are banned\n|rule|Gravity Sleep Clause: The combination of sleep-inducing moves with imperfect accuracy and Gravity or Gigantamax Orbeetle are banned\n|rule|Endless Battle Clause: Forcing endless battles is banned\n|rule|HP Percentage Mod: HP is shown in percentages\n|clearpoke\n|poke|p1|Chandelure, F|\n|poke|p1|Typhlosion, F|\n|poke|p1|Chi-Yu|\n|poke|p1|Cresselia, F|\n|poke|p1|Iron Moth|\n|poke|p1|Goodra-Hisui, M|\n|poke|p2|Tornadus, M|\n|poke|p2|Hoopa|\n|poke|p2|Indeedee-F, F|\n|poke|p2|Diancie|\n|poke|p2|Ariados, M|\n|poke|p2|Dragapult, F|\n|teampreview\n|inactive|Battle timer is ON: inactive players will automatically lose when time's up. (requested by WilmaFingerdo)\n|inactive|loch2009 has 120 seconds left.\n|c|\u2606WilmaFingerdo|Fire fire fire i need tp for my bunghole\n|c|\u2606loch2009|o\n|\n|t:|1698536916\n|start\n|switch|p1a: Chi-Yu|Chi-Yu|100\/100\n|switch|p1b: Typhlosion|Typhlosion, F|100\/100\n|switch|p2a: Tornadus|Tornadus, M|100\/100\n|switch|p2b: Ariados|Ariados, M|100\/100\n|-ability|p1a: Chi-Yu|Beads of Ruin\n|turn|1\n|c|\u2606loch2009|alot of fire resist\n|\n|t:|1698536933\n|move|p2a: Tornadus|Tailwind|p2a: Tornadus\n|-sidestart|p2: WilmaFingerdo|move: Tailwind\n|move|p1a: Chi-Yu|Lava Plume|p2a: Tornadus|[spread] p2a,p2b\n|-start|p1b: Typhlosion|ability: Flash Fire\n|-supereffective|p2b: Ariados\n|-crit|p2b: Ariados\n|-damage|p2a: Tornadus|39\/100\n|-enditem|p2b: Ariados|Focus Sash\n|-damage|p2b: Ariados|1\/100\n|-status|p2a: Tornadus|brn\n|move|p1b: Typhlosion|Eruption|p2b: Ariados|[spread] p2a,p2b\n|-supereffective|p2b: Ariados\n|-damage|p2a: Tornadus|0 fnt\n|-damage|p2b: Ariados|0 fnt\n|faint|p2a: Tornadus\n|faint|p2b: Ariados\n|\n|upkeep\n|inactive|WilmaFingerdo has 120 seconds left.\n|\n|t:|1698536959\n|switch|p2a: Hoopa|Hoopa|100\/100\n|switch|p2b: Indeedee|Indeedee-F, F|100\/100\n|-fieldstart|move: Psychic Terrain|[from] ability: Psychic Surge|[of] p2b: Indeedee\n|-enditem|p2b: Indeedee|Psychic Seed\n|-boost|p2b: Indeedee|spd|1|[from] item: Psychic Seed\n|turn|2\n|\n|t:|1698536967\n|move|p2b: Indeedee|Helping Hand|p2a: Hoopa\n|-singleturn|p2a: Hoopa|Helping Hand|[of] p2b: Indeedee\n|move|p1a: Chi-Yu|Lava Plume|p2b: Indeedee|[spread] p2a,p2b\n|-immune|p1b: Typhlosion|[from] ability: Flash Fire\n|-damage|p2a: Hoopa|67\/100\n|-damage|p2b: Indeedee|73\/100\n|-status|p2b: Indeedee|brn\n|move|p1b: Typhlosion|Eruption|p2b: Indeedee|[spread] p2a,p2b\n|-damage|p2a: Hoopa|0 fnt\n|-damage|p2b: Indeedee|11\/100 brn\n|faint|p2a: Hoopa\n|\n|-damage|p2b: Indeedee|5\/100 brn|[from] brn\n|upkeep\n|inactive|WilmaFingerdo has 120 seconds left.\n|c|\u2606WilmaFingerdo|Oh we double scarfed\n|c|\u2606WilmaFingerdo|Gg\n|c|\u2606loch2009|yes\n|\n|t:|1698536997\n|switch|p2a: Diancie|Diancie|100\/100\n|turn|3\n|c|\u2606loch2009|gg\n|\n|t:|1698537003\n|move|p2b: Indeedee|Helping Hand|p2a: Diancie\n|-singleturn|p2a: Diancie|Helping Hand|[of] p2b: Indeedee\n|move|p1a: Chi-Yu|Lava Plume|p2a: Diancie|[spread] p2a,p2b\n|-immune|p1b: Typhlosion|[from] ability: Flash Fire\n|-resisted|p2a: Diancie\n|-damage|p2a: Diancie|83\/100\n|-damage|p2b: Indeedee|0 fnt\n|-status|p2a: Diancie|brn\n|faint|p2b: Indeedee\n|move|p1b: Typhlosion|Eruption|p2a: Diancie\n|-resisted|p2a: Diancie\n|-damage|p2a: Diancie|33\/100 brn\n|move|p2a: Diancie|Diamond Storm|p1b: Typhlosion|[spread] p1a,p1b\n|-supereffective|p1a: Chi-Yu\n|-supereffective|p1b: Typhlosion\n|-damage|p1a: Chi-Yu|38\/100\n|-damage|p1b: Typhlosion|46\/100\n|-boost|p2a: Diancie|def|2\n|\n|-heal|p2a: Diancie|39\/100 brn|[from] item: Leftovers\n|-damage|p2a: Diancie|33\/100 brn|[from] brn\n|upkeep\n|c|\u2606loch2009|unless\n|inactive|WilmaFingerdo has 120 seconds left.\n|\n|t:|1698537023\n|switch|p2b: Dragapult|Dragapult, F|100\/100\n|turn|4\n|\n|t:|1698537032\n|-end|p1b: Typhlosion|ability: Flash Fire|[silent]\n|switch|p1b: Goodra|Goodra-Hisui, M|100\/100\n|switch|p1a: Cresselia|Cresselia, F|100\/100\n|move|p2b: Dragapult|Dragon Darts|p1b: Goodra\n|-damage|p1b: Goodra|75\/100\n|-anim|p2b: Dragapult|Dragon Darts|p1a: Cresselia\n|-damage|p1a: Cresselia|84\/100\n|move|p2a: Diancie|Diamond Storm|p1b: Goodra|[spread] p1a,p1b\n|-resisted|p1b: Goodra\n|-damage|p1a: Cresselia|74\/100\n|-damage|p1b: Goodra|69\/100\n|\n|-heal|p2a: Diancie|39\/100 brn|[from] item: Leftovers\n|-heal|p1b: Goodra|75\/100|[from] item: Leftovers\n|-damage|p2a: Diancie|33\/100 brn|[from] brn\n|-sideend|p2: WilmaFingerdo|move: Tailwind\n|upkeep\n|turn|5\n|\n|t:|1698537050\n|move|p2b: Dragapult|Flamethrower|p1b: Goodra\n|-damage|p1b: Goodra|61\/100\n|-status|p1b: Goodra|brn\n|move|p1a: Cresselia|Dazzling Gleam|p2b: Dragapult|[spread] p2a,p2b\n|-supereffective|p2b: Dragapult\n|-damage|p2a: Diancie|21\/100 brn\n|-damage|p2b: Dragapult|60\/100\n|move|p1b: Goodra|Shelter|p1b: Goodra\n|-boost|p1b: Goodra|def|2\n|move|p2a: Diancie|Body Press|p1b: Goodra\n|-supereffective|p1b: Goodra\n|-damage|p1b: Goodra|35\/100 brn\n|\n|-heal|p1b: Goodra|41\/100 brn|[from] item: Leftovers\n|-heal|p2a: Diancie|27\/100 brn|[from] item: Leftovers\n|-damage|p1b: Goodra|35\/100 brn|[from] brn\n|-damage|p2a: Diancie|21\/100 brn|[from] brn\n|upkeep\n|turn|6\n|\n|t:|1698537068\n|move|p2b: Dragapult|Phantom Force||[still]\n|-prepare|p2b: Dragapult|Phantom Force\n|move|p1a: Cresselia|Dazzling Gleam|p2b: Dragapult|[spread] p2a\n|-miss|p1a: Cresselia|p2b: Dragapult\n|-damage|p2a: Diancie|8\/100 brn\n|move|p1b: Goodra|Flash Cannon|p2a: Diancie\n|-supereffective|p2a: Diancie\n|-damage|p2a: Diancie|0 fnt\n|faint|p2a: Diancie\n|\n|-heal|p1b: Goodra|41\/100 brn|[from] item: Leftovers\n|-damage|p1b: Goodra|35\/100 brn|[from] brn\n|-fieldend|move: Psychic Terrain\n|upkeep\n|turn|7\n|\n|t:|1698537085\n|move|p1a: Cresselia|Ally Switch|p1a: Cresselia\n|swap|p1a: Cresselia|1|[from] move: Ally Switch\n|move|p2b: Dragapult|Phantom Force|p1a: Goodra|[from]lockedmove\n|-damage|p1a: Goodra|13\/100 brn\n|move|p1a: Goodra|Dragon Pulse|p2b: Dragapult\n|-supereffective|p2b: Dragapult\n|-damage|p2b: Dragapult|0 fnt\n|faint|p2b: Dragapult\n|\n|win|loch2009\n|raw|loch2009's rating: 1274 &rarr; <strong>1293<\/strong><br \/>(+19 for winning)\n|raw|WilmaFingerdo's rating: 1192 &rarr; <strong>1173<\/strong><br \/>(-19 for losing)\n|c|\u2606WilmaFingerdo|Gg wp\n|c|\u2606loch2009|gg\n|c|\u2606loch2009|i like fire\n","uploadtime":1698537099,"views":17,"p1id":"loch2009","p2id":"wilmafingerdo","formatid":"gen9doublesou","rating":1173,"private":0,"password":""}