{"id":"gen9doublesou-1999430040","p1":"Sojjjy","p2":"GGCCD","format":"[Gen 9] Doubles OU","log":"|j|\u2606Sojjjy\n|j|\u2606GGCCD\n|t:|1701079162\n|gametype|doubles\n|player|p1|Sojjjy|nate|1197\n|player|p2|GGCCD|170|1208\n|teamsize|p1|6\n|teamsize|p2|6\n|gen|9\n|tier|[Gen 9] Doubles OU\n|rated|\n|rule|Species Clause: Limit one of each Pok\u00e9mon\n|rule|OHKO Clause: OHKO moves are banned\n|rule|Evasion Moves Clause: Evasion moves are banned\n|rule|Gravity Sleep Clause: The combination of sleep-inducing moves with imperfect accuracy and Gravity or Gigantamax Orbeetle are banned\n|rule|Endless Battle Clause: Forcing endless battles is banned\n|rule|HP Percentage Mod: HP is shown in percentages\n|clearpoke\n|poke|p1|Kommo-o, M|\n|poke|p1|Gardevoir, M|\n|poke|p1|Kingambit, M|\n|poke|p1|Samurott-Hisui, M|\n|poke|p1|Gholdengo|\n|poke|p1|Ceruledge, M|\n|poke|p2|Arcanine, M|\n|poke|p2|Cresselia, F|\n|poke|p2|Ursaluna, M|\n|poke|p2|Glimmora, M|\n|poke|p2|Sinistcha-Masterpiece|\n|poke|p2|Wo-Chien|\n|teampreview\n|\n|t:|1701079180\n|start\n|switch|p1a: Kommo-o|Kommo-o, M|100\/100\n|switch|p1b: Gardevoir|Gardevoir, M|100\/100\n|switch|p2a: Glimmora|Glimmora, M|100\/100\n|switch|p2b: Ursaluna|Ursaluna, M, shiny|100\/100\n|-ability|p1b: Gardevoir|Toxic Debris|[from] ability: Trace|[of] p2a: Glimmora\n|turn|1\n|inactive|Battle timer is ON: inactive players will automatically lose when time's up. (requested by GGCCD)\n|\n|t:|1701079205\n|-terastallize|p2b: Ursaluna|Normal\n|move|p2a: Glimmora|Toxic Spikes|p1a: Kommo-o\n|-sidestart|p1: Sojjjy|move: Toxic Spikes\n|move|p1a: Kommo-o|Clangorous Soul|p1a: Kommo-o\n|-boost|p1a: Kommo-o|atk|1\n|-boost|p1a: Kommo-o|def|1\n|-boost|p1a: Kommo-o|spa|1\n|-boost|p1a: Kommo-o|spd|1\n|-boost|p1a: Kommo-o|spe|1\n|-damage|p1a: Kommo-o|68\/100\n|-enditem|p1a: Kommo-o|Throat Spray\n|-boost|p1a: Kommo-o|spa|1|[from] item: Throat Spray\n|move|p1b: Gardevoir|Heal Pulse|p1a: Kommo-o\n|-heal|p1a: Kommo-o|100\/100\n|move|p2b: Ursaluna|Facade|p1b: Gardevoir\n|-damage|p1b: Gardevoir|25\/100\n|-activate|p1b: Gardevoir|ability: Toxic Debris\n|-sidestart|p2: GGCCD|move: Toxic Spikes\n|\n|-heal|p1b: Gardevoir|31\/100|[from] item: Leftovers\n|-status|p2b: Ursaluna|brn|[from] item: Flame Orb\n|upkeep\n|turn|2\n|inactive|GGCCD has 120 seconds left.\n|\n|t:|1701079252\n|move|p2b: Ursaluna|Protect|p2b: Ursaluna\n|-singleturn|p2b: Ursaluna|Protect\n|move|p1a: Kommo-o|Clangorous Soul|p1a: Kommo-o\n|-boost|p1a: Kommo-o|atk|1\n|-boost|p1a: Kommo-o|def|1\n|-boost|p1a: Kommo-o|spa|1\n|-boost|p1a: Kommo-o|spd|1\n|-boost|p1a: Kommo-o|spe|1\n|-damage|p1a: Kommo-o|68\/100\n|move|p2a: Glimmora|Mortal Spin|p1b: Gardevoir|[spread] p1a,p1b\n|-crit|p1a: Kommo-o\n|-supereffective|p1b: Gardevoir\n|-damage|p1a: Kommo-o|61\/100\n|-damage|p1b: Gardevoir|20\/100\n|-status|p1a: Kommo-o|psn\n|-status|p1b: Gardevoir|psn\n|-activate|p1b: Gardevoir|ability: Toxic Debris\n|-sidestart|p2: GGCCD|move: Toxic Spikes\n|-sideend|p2: GGCCD|Toxic Spikes|[from] move: Mortal Spin|[of] p2a: Glimmora\n|move|p1b: Gardevoir|Heal Pulse|p1a: Kommo-o\n|-heal|p1a: Kommo-o|100\/100 psn\n|\n|-heal|p1b: Gardevoir|26\/100 psn|[from] item: Leftovers\n|-damage|p1a: Kommo-o|88\/100 psn|[from] psn\n|-damage|p1b: Gardevoir|14\/100 psn|[from] psn\n|-damage|p2b: Ursaluna|94\/100 brn|[from] brn\n|upkeep\n|turn|3\n|inactive|GGCCD has 120 seconds left.\n|inactive|Sojjjy has 120 seconds left.\n|\n|t:|1701079282\n|move|p2a: Glimmora|Spiky Shield|p2a: Glimmora\n|-singleturn|p2a: Glimmora|move: Protect\n|move|p1a: Kommo-o|Clanging Scales|p2a: Glimmora|[spread] p2b\n|-activate|p2a: Glimmora|move: Protect\n|-damage|p2b: Ursaluna|5\/100 brn\n|-unboost|p1a: Kommo-o|def|1\n|move|p1b: Gardevoir|Heal Pulse|p1a: Kommo-o\n|-heal|p1a: Kommo-o|100\/100 psn\n|move|p2b: Ursaluna|Facade|p1a: Kommo-o\n|-damage|p1a: Kommo-o|0 fnt\n|faint|p1a: Kommo-o\n|\n|-heal|p1b: Gardevoir|20\/100 psn|[from] item: Leftovers\n|-damage|p1b: Gardevoir|7\/100 psn|[from] psn\n|-damage|p2b: Ursaluna|0 fnt|[from] brn\n|faint|p2b: Ursaluna\n|upkeep\n|inactive|GGCCD has 120 seconds left.\n|\n|t:|1701079306\n|switch|p1a: Samurott|Samurott-Hisui, M|100\/100\n|switch|p2b: Wo-Chien|Wo-Chien|100\/100\n|-status|p1a: Samurott|psn\n|-ability|p2b: Wo-Chien|Tablets of Ruin\n|turn|4\n|\n|t:|1701079316\n|move|p2a: Glimmora|Toxic Spikes|p1b: Gardevoir\n|-sidestart|p1: Sojjjy|move: Toxic Spikes\n|move|p1a: Samurott|X-Scissor|p2b: Wo-Chien\n|-supereffective|p2b: Wo-Chien\n|-damage|p2b: Wo-Chien|0 fnt\n|faint|p2b: Wo-Chien\n|-damage|p1a: Samurott|91\/100 psn|[from] item: Life Orb\n|move|p1b: Gardevoir|Psychic|p2a: Glimmora\n|-supereffective|p2a: Glimmora\n|-damage|p2a: Glimmora|1\/100\n|\n|-heal|p1b: Gardevoir|13\/100 psn|[from] item: Leftovers\n|-damage|p1a: Samurott|78\/100 psn|[from] psn\n|-damage|p1b: Gardevoir|1\/100 psn|[from] psn\n|upkeep\n|\n|t:|1701079334\n|switch|p2b: Sinistcha|Sinistcha-Masterpiece|100\/100\n|-heal|p2a: Glimmora|26\/100|[from] ability: Hospitality|[of] p2b: Sinistcha\n|turn|5\n|\n|t:|1701079346\n|move|p2a: Glimmora|Spiky Shield|p2a: Glimmora\n|-singleturn|p2a: Glimmora|move: Protect\n|move|p1a: Samurott|Ceaseless Edge|p2b: Sinistcha|[miss]\n|-miss|p1a: Samurott|p2b: Sinistcha\n|move|p1b: Gardevoir|Psychic|p2a: Glimmora\n|-activate|p2a: Glimmora|move: Protect\n|move|p2b: Sinistcha|Matcha Gotcha|p1a: Samurott|[spread] p1a,p1b\n|-supereffective|p1a: Samurott\n|-damage|p1a: Samurott|0 fnt\n|-damage|p1b: Gardevoir|0 fnt\n|faint|p1a: Samurott\n|faint|p1b: Gardevoir\n|\n|-status|p2b: Sinistcha|tox|[from] item: Toxic Orb\n|upkeep\n|\n|t:|1701079363\n|switch|p1a: Kingambit|Kingambit, M|100\/100\n|switch|p1b: Gholdengo|Gholdengo|100\/100\n|-activate|p1a: Kingambit|ability: Supreme Overlord\n|-start|p1a: Kingambit|fallen3|[silent]\n|turn|6\n|\n|t:|1701079376\n|move|p2a: Glimmora|Spiky Shield||[still]\n|-fail|p2a: Glimmora\n|move|p1b: Gholdengo|Nasty Plot|p1b: Gholdengo\n|-boost|p1b: Gholdengo|spa|2\n|move|p2b: Sinistcha|Scald|p1a: Kingambit\n|-damage|p1a: Kingambit|72\/100\n|-status|p1a: Kingambit|brn\n|move|p1a: Kingambit|Swords Dance|p1a: Kingambit\n|-boost|p1a: Kingambit|atk|2\n|\n|-heal|p1a: Kingambit|78\/100 brn|[from] item: Leftovers\n|-damage|p2b: Sinistcha|94\/100 tox|[from] psn\n|-damage|p1a: Kingambit|72\/100 brn|[from] brn\n|upkeep\n|turn|7\n|inactive|GGCCD has 120 seconds left.\n|\n|t:|1701079415\n|switch|p2a: Cresselia|Cresselia, F|100\/100\n|move|p1b: Gholdengo|Shadow Ball|p2a: Cresselia\n|-supereffective|p2a: Cresselia\n|-damage|p2a: Cresselia|6\/100\n|move|p2b: Sinistcha|Hex|p1b: Gholdengo\n|-supereffective|p1b: Gholdengo\n|-damage|p1b: Gholdengo|35\/100\n|move|p1a: Kingambit|Kowtow Cleave|p2b: Sinistcha\n|-supereffective|p2b: Sinistcha\n|-damage|p2b: Sinistcha|0 fnt\n|faint|p2b: Sinistcha\n|\n|-heal|p2a: Cresselia|12\/100|[from] item: Leftovers\n|-heal|p1a: Kingambit|78\/100 brn|[from] item: Leftovers\n|-damage|p1a: Kingambit|72\/100 brn|[from] brn\n|upkeep\n|\n|t:|1701079433\n|switch|p2b: Arcanine|Arcanine, M|100\/100\n|-ability|p2b: Arcanine|Intimidate|boost\n|-unboost|p1a: Kingambit|atk|1\n|-unboost|p1b: Gholdengo|atk|1\n|turn|8\n|inactive|GGCCD has 120 seconds left.\n|\n|t:|1701079458\n|-terastallize|p1a: Kingambit|Flying\n|move|p2b: Arcanine|Flamethrower|p1a: Kingambit\n|-damage|p1a: Kingambit|41\/100 brn\n|move|p1b: Gholdengo|Make It Rain|p2b: Arcanine|[spread] p2a,p2b\n|-resisted|p2b: Arcanine\n|-damage|p2a: Cresselia|0 fnt\n|-damage|p2b: Arcanine|65\/100\n|-unboost|p1b: Gholdengo|spa|1\n|faint|p2a: Cresselia\n|move|p1a: Kingambit|Kowtow Cleave|p2b: Arcanine\n|-damage|p2b: Arcanine|15\/100\n|-enditem|p2b: Arcanine|Sitrus Berry|[eat]\n|-heal|p2b: Arcanine|40\/100|[from] item: Sitrus Berry\n|\n|-heal|p1a: Kingambit|47\/100 brn|[from] item: Leftovers\n|-damage|p1a: Kingambit|41\/100 brn|[from] brn\n|upkeep\n|\n|t:|1701079476\n|switch|p2a: Glimmora|Glimmora, M|26\/100\n|turn|9\n|\n|t:|1701079483\n|move|p2a: Glimmora|Mortal Spin|p1a: Kingambit|[spread] p1a\n|-immune|p1b: Gholdengo\n|-damage|p1a: Kingambit|38\/100 brn\n|move|p2b: Arcanine|Snarl|p1a: Kingambit|[spread] p1a,p1b\n|-supereffective|p1b: Gholdengo\n|-damage|p1a: Kingambit|29\/100 brn\n|-damage|p1b: Gholdengo|17\/100\n|-unboost|p1a: Kingambit|spa|1\n|move|p1b: Gholdengo|Make It Rain|p2a: Glimmora|[spread] p2a,p2b\n|-supereffective|p2a: Glimmora\n|-resisted|p2b: Arcanine\n|-damage|p2a: Glimmora|0 fnt\n|-damage|p2b: Arcanine|16\/100\n|-unboost|p1b: Gholdengo|spa|1\n|faint|p2a: Glimmora\n|move|p1a: Kingambit|Kowtow Cleave|p2b: Arcanine\n|-damage|p2b: Arcanine|0 fnt\n|faint|p2b: Arcanine\n|\n|win|Sojjjy\n|raw|Sojjjy's rating: 1197 &rarr; <strong>1223<\/strong><br \/>(+26 for winning)\n|raw|GGCCD's rating: 1208 &rarr; <strong>1182<\/strong><br \/>(-26 for losing)\n|l|\u2606GGCCD\n","uploadtime":1701079508,"views":6,"p1id":"sojjjy","p2id":"ggccd","formatid":"gen9doublesou","rating":1182,"private":0,"password":""}