{"id":"gen9doublesou-1981666291","p1":"Deviray","p2":"Followers of Roxy","format":"[Gen 9] Doubles OU","log":"|j|\u2606Deviray\n|j|\u2606Followers of Roxy\n|t:|1698931809\n|gametype|doubles\n|player|p1|Deviray|170|1131\n|player|p2|Followers of Roxy|riley|1153\n|teamsize|p1|6\n|teamsize|p2|6\n|gen|9\n|tier|[Gen 9] Doubles OU\n|rated|\n|rule|Species Clause: Limit one of each Pok\u00e9mon\n|rule|OHKO Clause: OHKO moves are banned\n|rule|Evasion Moves Clause: Evasion moves are banned\n|rule|Gravity Sleep Clause: The combination of sleep-inducing moves with imperfect accuracy and Gravity or Gigantamax Orbeetle are banned\n|rule|Endless Battle Clause: Forcing endless battles is banned\n|rule|HP Percentage Mod: HP is shown in percentages\n|clearpoke\n|poke|p1|Cresselia, F|\n|poke|p1|Ursaluna, F|\n|poke|p1|Farigiraf, M|\n|poke|p1|Grimmsnarl, M|\n|poke|p1|Sinistcha-Masterpiece|\n|poke|p1|Indeedee-F, F|\n|poke|p2|Palafin, M|\n|poke|p2|Blissey, F|\n|poke|p2|Chien-Pao|\n|poke|p2|Rillaboom, M|\n|poke|p2|Iron Hands|\n|poke|p2|Maushold|\n|teampreview\n|inactive|Battle timer is ON: inactive players will automatically lose when time's up. (requested by Deviray)\n|\n|t:|1698931825\n|start\n|switch|p1a: Indeedee|Indeedee-F, F|100\/100\n|switch|p1b: Grimmsnarl|Grimmsnarl, M|100\/100\n|switch|p2a: Iron Hands|Iron Hands|100\/100\n|switch|p2b: Blissey|Blissey, F|100\/100\n|-fieldstart|move: Psychic Terrain|[from] ability: Psychic Surge|[of] p1a: Indeedee\n|turn|1\n|\n|t:|1698931836\n|-terastallize|p2a: Iron Hands|Steel\n|move|p1b: Grimmsnarl|Reflect|p1b: Grimmsnarl\n|-sidestart|p1: Deviray|Reflect\n|move|p2b: Blissey|Blizzard|p1b: Grimmsnarl|[spread] p1b\n|-miss|p2b: Blissey|p1a: Indeedee\n|-enditem|p2b: Blissey|Blunder Policy\n|-boost|p2b: Blissey|spe|2\n|-crit|p1b: Grimmsnarl\n|-damage|p1b: Grimmsnarl|82\/100\n|move|p2a: Iron Hands|Heavy Slam|p1b: Grimmsnarl\n|-supereffective|p1b: Grimmsnarl\n|-damage|p1b: Grimmsnarl|0 fnt\n|faint|p1b: Grimmsnarl\n|move|p1a: Indeedee|Trick Room|p1a: Indeedee\n|-fieldstart|move: Trick Room|[of] p1a: Indeedee\n|\n|upkeep\n|\n|t:|1698931855\n|switch|p1b: Ursaluna|Ursaluna, F|100\/100\n|turn|2\n|\n|t:|1698931873\n|-end|p2a: Iron Hands|Quark Drive|[silent]\n|switch|p2a: Rillaboom|Rillaboom, M|100\/100\n|-fieldstart|move: Grassy Terrain|[from] ability: Grassy Surge|[of] p2a: Rillaboom\n|move|p1a: Indeedee|Follow Me|p1a: Indeedee\n|-singleturn|p1a: Indeedee|move: Follow Me\n|move|p1b: Ursaluna|Earthquake|p2a: Rillaboom|[spread] p1a,p2a,p2b\n|-resisted|p2a: Rillaboom\n|-damage|p1a: Indeedee|83\/100\n|-damage|p2a: Rillaboom|91\/100\n|-damage|p2b: Blissey|76\/100\n|move|p2b: Blissey|Blizzard|p1a: Indeedee|[spread] p1b\n|-miss|p2b: Blissey|p1a: Indeedee\n|-supereffective|p1b: Ursaluna\n|-damage|p1b: Ursaluna|75\/100\n|\n|-heal|p1b: Ursaluna|82\/100|[from] Grassy Terrain\n|-heal|p1a: Indeedee|89\/100|[from] Grassy Terrain\n|-heal|p2a: Rillaboom|97\/100|[from] Grassy Terrain\n|-heal|p2b: Blissey|82\/100|[from] Grassy Terrain\n|-status|p1b: Ursaluna|brn|[from] item: Flame Orb\n|upkeep\n|turn|3\n|inactive|Followers of Roxy has 120 seconds left.\n|\n|t:|1698931908\n|switch|p1a: Farigiraf|Farigiraf, M|100\/100\n|-terastallize|p1b: Ursaluna|Normal\n|move|p2a: Rillaboom|Fake Out||[still]\n|cant|p1a: Farigiraf|ability: Armor Tail|Fake Out|[of] p2a: Rillaboom\n|move|p1b: Ursaluna|Facade|p2a: Rillaboom\n|-damage|p2a: Rillaboom|0 fnt\n|faint|p2a: Rillaboom\n|move|p2b: Blissey|Rock Slide|p1a: Farigiraf|[spread] p1a,p1b\n|-damage|p1a: Farigiraf|98\/100\n|-damage|p1b: Ursaluna|80\/100 brn\n|\n|-heal|p1b: Ursaluna|86\/100 brn|[from] Grassy Terrain\n|-heal|p1a: Farigiraf|100\/100|[from] Grassy Terrain\n|-heal|p2b: Blissey|88\/100|[from] Grassy Terrain\n|-damage|p1b: Ursaluna|80\/100 brn|[from] brn\n|upkeep\n|inactive|Followers of Roxy has 120 seconds left.\n|\n|t:|1698931936\n|switch|p2a: Maushold|Maushold|100\/100\n|turn|4\n|inactive|Followers of Roxy has 120 seconds left.\n|\n|t:|1698931958\n|move|p2a: Maushold|Protect|p2a: Maushold\n|-singleturn|p2a: Maushold|Protect\n|move|p2b: Blissey|Protect|p2b: Blissey\n|-singleturn|p2b: Blissey|Protect\n|move|p1b: Ursaluna|Facade|p2b: Blissey\n|-activate|p2b: Blissey|move: Protect\n|move|p1a: Farigiraf|Psychic|p2a: Maushold\n|-activate|p2a: Maushold|move: Protect\n|\n|-heal|p1b: Ursaluna|86\/100 brn|[from] Grassy Terrain\n|-heal|p2b: Blissey|94\/100|[from] Grassy Terrain\n|-damage|p1b: Ursaluna|80\/100 brn|[from] brn\n|upkeep\n|turn|5\n|inactive|Followers of Roxy has 120 seconds left.\n|\n|t:|1698931979\n|move|p1b: Ursaluna|Facade|p2a: Maushold\n|-damage|p2a: Maushold|0 fnt\n|faint|p2a: Maushold\n|move|p1a: Farigiraf|Nasty Plot|p1a: Farigiraf\n|-boost|p1a: Farigiraf|spa|2\n|move|p2b: Blissey|Blizzard|p1a: Farigiraf|[spread] \n|-miss|p2b: Blissey|p1a: Farigiraf\n|-miss|p2b: Blissey|p1b: Ursaluna\n|\n|-heal|p1b: Ursaluna|86\/100 brn|[from] Grassy Terrain\n|-heal|p2b: Blissey|100\/100|[from] Grassy Terrain\n|-damage|p1b: Ursaluna|80\/100 brn|[from] brn\n|-fieldend|move: Trick Room\n|upkeep\n|\n|t:|1698931988\n|switch|p2a: Palafin|Palafin, M|100\/100\n|turn|6\n|\n|t:|1698932006\n|move|p2b: Blissey|Rock Slide|p1a: Farigiraf|[spread] p1a,p1b\n|-damage|p1a: Farigiraf|98\/100\n|-damage|p1b: Ursaluna|79\/100 brn\n|move|p2a: Palafin|Flip Turn|p1b: Ursaluna\n|-damage|p1b: Ursaluna|69\/100 brn\n|\n|t:|1698932015\n|detailschange|p2a: Palafin|Palafin-Hero, M\n|switch|p2a: Iron Hands|Iron Hands, tera:Steel|100\/100|[from] Flip Turn\n|cant|p1a: Farigiraf|flinch\n|cant|p1b: Ursaluna|flinch\n|\n|-heal|p1a: Farigiraf|100\/100|[from] Grassy Terrain\n|-heal|p1b: Ursaluna|75\/100 brn|[from] Grassy Terrain\n|-damage|p1b: Ursaluna|69\/100 brn|[from] brn\n|-fieldend|move: Grassy Terrain\n|upkeep\n|turn|7\n|\n|t:|1698932036\n|switch|p1a: Indeedee|Indeedee-F, F|89\/100\n|-fieldstart|move: Psychic Terrain|[from] ability: Psychic Surge|[of] p1a: Indeedee\n|switch|p1b: Cresselia|Cresselia, F|100\/100\n|move|p2b: Blissey|Rock Slide|p1a: Indeedee|[spread] p1a,p1b\n|-damage|p1a: Indeedee|87\/100\n|-damage|p1b: Cresselia|99\/100\n|move|p2a: Iron Hands|Drain Punch|p1b: Cresselia\n|-resisted|p1b: Cresselia\n|-damage|p1b: Cresselia|90\/100\n|\n|-heal|p1b: Cresselia|96\/100|[from] item: Leftovers\n|upkeep\n|turn|8\n|inactive|Deviray has 120 seconds left.\n|\n|t:|1698932072\n|move|p1a: Indeedee|Follow Me|p1a: Indeedee\n|-singleturn|p1a: Indeedee|move: Follow Me\n|move|p2b: Blissey|Electric Terrain|p2b: Blissey\n|-fieldstart|move: Electric Terrain\n|-activate|p2a: Iron Hands|ability: Quark Drive\n|-start|p2a: Iron Hands|quarkdriveatk\n|move|p2a: Iron Hands|Heavy Slam|p1a: Indeedee\n|-damage|p1a: Indeedee|19\/100\n|move|p1b: Cresselia|Trick Room|p1b: Cresselia\n|-fieldstart|move: Trick Room|[of] p1b: Cresselia\n|\n|-heal|p1b: Cresselia|100\/100|[from] item: Leftovers\n|-sideend|p1: Deviray|Reflect\n|upkeep\n|turn|9\n|inactive|Followers of Roxy has 120 seconds left.\n|\n|t:|1698932105\n|switch|p1a: Ursaluna|Ursaluna, F, tera:Normal|69\/100 brn\n|switch|p1b: Sinistcha|Sinistcha-Masterpiece|100\/100\n|-heal|p1a: Ursaluna|94\/100 brn|[from] ability: Hospitality|[of] p1b: Sinistcha\n|move|p2a: Iron Hands|Heavy Slam|p1a: Ursaluna\n|-damage|p1a: Ursaluna|72\/100 brn\n|move|p2b: Blissey|Blizzard|p1a: Ursaluna|[spread] p1a,p1b\n|-supereffective|p1b: Sinistcha\n|-damage|p1a: Ursaluna|60\/100 brn\n|-damage|p1b: Sinistcha|78\/100\n|\n|-damage|p1a: Ursaluna|54\/100 brn|[from] brn\n|upkeep\n|turn|10\n|inactive|Followers of Roxy has 120 seconds left.\n|\n|t:|1698932132\n|move|p1a: Ursaluna|Earthquake|p2a: Iron Hands|[spread] p1b,p2a,p2b\n|-resisted|p1b: Sinistcha\n|-supereffective|p2a: Iron Hands\n|-damage|p1b: Sinistcha|46\/100\n|-damage|p2a: Iron Hands|15\/100\n|-damage|p2b: Blissey|36\/100\n|move|p2a: Iron Hands|Drain Punch|p1a: Ursaluna\n|-supereffective|p1a: Ursaluna\n|-damage|p1a: Ursaluna|0 fnt\n|-heal|p2a: Iron Hands|42\/100|[from] drain|[of] p1a: Ursaluna\n|faint|p1a: Ursaluna\n|move|p1b: Sinistcha|Scald|p2a: Iron Hands\n|-damage|p2a: Iron Hands|25\/100\n|-status|p2a: Iron Hands|brn\n|move|p2b: Blissey|Rock Slide|p1b: Sinistcha\n|-damage|p1b: Sinistcha|42\/100\n|\n|-damage|p2a: Iron Hands|18\/100 brn|[from] brn\n|upkeep\n|inactive|Deviray has 120 seconds left.\n|\n|t:|1698932147\n|switch|p1a: Farigiraf|Farigiraf, M|100\/100\n|turn|11\n|\n|t:|1698932165\n|-end|p2a: Iron Hands|Quark Drive|[silent]\n|switch|p2a: Palafin|Palafin-Hero, M|100\/100\n|-activate|p2a: Palafin|ability: Zero to Hero\n|move|p1a: Farigiraf|Thunderbolt|p2a: Palafin\n|-supereffective|p2a: Palafin\n|-damage|p2a: Palafin|0 fnt\n|faint|p2a: Palafin\n|move|p1b: Sinistcha|Matcha Gotcha|p2b: Blissey\n|-damage|p2b: Blissey|18\/100\n|-heal|p1b: Sinistcha|59\/100|[from] drain|[of] p2b: Blissey\n|move|p2b: Blissey|Blizzard|p1b: Sinistcha|[spread] p1b\n|-miss|p2b: Blissey|p1a: Farigiraf\n|-supereffective|p1b: Sinistcha\n|-damage|p1b: Sinistcha|35\/100\n|\n|upkeep\n|\n|t:|1698932183\n|switch|p2a: Chien-Pao|Chien-Pao|100\/100\n|-ability|p2a: Chien-Pao|Sword of Ruin\n|turn|12\n|\n|t:|1698932193\n|move|p2a: Chien-Pao|Protect|p2a: Chien-Pao\n|-singleturn|p2a: Chien-Pao|Protect\n|move|p2b: Blissey|Protect|p2b: Blissey\n|-singleturn|p2b: Blissey|Protect\n|move|p1a: Farigiraf|Dazzling Gleam|p2a: Chien-Pao|[spread] \n|-activate|p2a: Chien-Pao|move: Protect\n|-activate|p2b: Blissey|move: Protect\n|move|p1b: Sinistcha|Matcha Gotcha|p2a: Chien-Pao|[spread] \n|-activate|p2a: Chien-Pao|move: Protect\n|-activate|p2b: Blissey|move: Protect\n|\n|-fieldend|move: Trick Room\n|-fieldend|move: Electric Terrain\n|upkeep\n|turn|13\n|\n|t:|1698932210\n|switch|p1a: Indeedee|Indeedee-F, F|19\/100\n|-fieldstart|move: Psychic Terrain|[from] ability: Psychic Surge|[of] p1a: Indeedee\n|move|p2b: Blissey|Rock Slide|p1b: Sinistcha|[spread] p1a,p1b\n|-damage|p1a: Indeedee|15\/100\n|-damage|p1b: Sinistcha|31\/100\n|move|p2a: Chien-Pao|Throat Chop|p1b: Sinistcha\n|-supereffective|p1b: Sinistcha\n|-damage|p1b: Sinistcha|0 fnt\n|faint|p1b: Sinistcha\n|\n|upkeep\n|\n|t:|1698932221\n|switch|p1b: Cresselia|Cresselia, F|100\/100\n|turn|14\n|\n|t:|1698932231\n|move|p1a: Indeedee|Follow Me|p1a: Indeedee\n|-singleturn|p1a: Indeedee|move: Follow Me\n|move|p2b: Blissey|Rock Slide|p1b: Cresselia|[spread] p1a,p1b\n|-damage|p1a: Indeedee|10\/100\n|-damage|p1b: Cresselia|98\/100\n|move|p2a: Chien-Pao|Throat Chop|p1a: Indeedee\n|-supereffective|p1a: Indeedee\n|-damage|p1a: Indeedee|0 fnt\n|faint|p1a: Indeedee\n|cant|p1b: Cresselia|flinch\n|\n|-heal|p1b: Cresselia|100\/100|[from] item: Leftovers\n|upkeep\n|\n|t:|1698932242\n|switch|p1a: Farigiraf|Farigiraf, M|100\/100\n|turn|15\n|\n|t:|1698932248\n|move|p2b: Blissey|Rock Slide|p1b: Cresselia|[spread] p1b\n|-miss|p2b: Blissey|p1a: Farigiraf\n|-damage|p1b: Cresselia|98\/100\n|move|p2a: Chien-Pao|Throat Chop|p1a: Farigiraf\n|-supereffective|p1a: Farigiraf\n|-damage|p1a: Farigiraf|0 fnt\n|faint|p1a: Farigiraf\n|move|p1b: Cresselia|Trick Room|p1b: Cresselia\n|-fieldstart|move: Trick Room|[of] p1b: Cresselia\n|\n|-heal|p1b: Cresselia|100\/100|[from] item: Leftovers\n|upkeep\n|turn|16\n|-message|Deviray forfeited.\n|\n|win|Followers of Roxy\n|raw|Deviray's rating: 1131 &rarr; <strong>1108<\/strong><br \/>(-23 for losing)\n|raw|Followers of Roxy's rating: 1153 &rarr; <strong>1176<\/strong><br \/>(+23 for winning)\n|l|\u2606Deviray\n","uploadtime":1698932275,"views":23,"p1id":"deviray","p2id":"followersofroxy","formatid":"gen9doublesou","rating":1108,"private":0,"password":""}