{"id":"gen9doublesou-1969444198","p1":"VikrThe","p2":"Mollymauk678","format":"[Gen 9] Doubles OU","log":"|j|\u2606VikrThe\n|j|\u2606Mollymauk678\n|t:|1697532441\n|gametype|doubles\n|player|p1|VikrThe|169|1268\n|player|p2|Mollymauk678|guitarist-gen4|1212\n|teamsize|p1|6\n|teamsize|p2|6\n|gen|9\n|tier|[Gen 9] Doubles OU\n|rated|\n|rule|Species Clause: Limit one of each Pok\u00e9mon\n|rule|OHKO Clause: OHKO moves are banned\n|rule|Evasion Moves Clause: Evasion moves are banned\n|rule|Gravity Sleep Clause: The combination of sleep-inducing moves with imperfect accuracy and Gravity or Gigantamax Orbeetle are banned\n|rule|Endless Battle Clause: Forcing endless battles is banned\n|rule|HP Percentage Mod: HP is shown in percentages\n|clearpoke\n|poke|p1|Okidogi, M|\n|poke|p1|Tornadus, M|\n|poke|p1|Roaring Moon|\n|poke|p1|Iron Bundle|\n|poke|p1|Chien-Pao|\n|poke|p1|Indeedee-F, F|\n|poke|p2|Rillaboom, F|\n|poke|p2|Gholdengo|\n|poke|p2|Palafin, M|\n|poke|p2|Pelipper, F|\n|poke|p2|Landorus, M|\n|poke|p2|Iron Hands|\n|teampreview\n|\n|t:|1697532447\n|start\n|switch|p1a: Okidogi|Okidogi, M|100\/100\n|switch|p1b: Tornadus|Tornadus, M|100\/100\n|switch|p2a: Palafin|Palafin, M|100\/100\n|switch|p2b: Gholdengo|Gholdengo|100\/100\n|turn|1\n|\n|t:|1697532468\n|detailschange|p2a: Palafin|Palafin-Hero, M\n|switch|p2a: Pelipper|Pelipper, F|100\/100\n|-weather|RainDance|[from] ability: Drizzle|[of] p2a: Pelipper\n|switch|p1a: Indeedee|Indeedee-F, F|100\/100\n|-fieldstart|move: Psychic Terrain|[from] ability: Psychic Surge|[of] p1a: Indeedee\n|move|p1b: Tornadus|Tailwind|p1b: Tornadus\n|-sidestart|p1: VikrThe|move: Tailwind\n|move|p2b: Gholdengo|Thunder|p1b: Tornadus\n|-supereffective|p1b: Tornadus\n|-damage|p1b: Tornadus|30\/100\n|\n|-weather|RainDance|[upkeep]\n|upkeep\n|turn|2\n|\n|t:|1697532493\n|move|p1a: Indeedee|Follow Me|p1a: Indeedee\n|-singleturn|p1a: Indeedee|move: Follow Me\n|move|p1b: Tornadus|Taunt|p2a: Pelipper\n|-start|p2a: Pelipper|move: Taunt\n|move|p2b: Gholdengo|Thunder|p1a: Indeedee\n|-damage|p1a: Indeedee|63\/100\n|-status|p1a: Indeedee|par\n|cant|p2a: Pelipper|move: Taunt|Tailwind\n|\n|-weather|RainDance|[upkeep]\n|upkeep\n|turn|3\n|\n|t:|1697532509\n|move|p1a: Indeedee|Helping Hand|p1b: Tornadus\n|-singleturn|p1b: Tornadus|Helping Hand|[of] p1a: Indeedee\n|move|p1b: Tornadus|Bleakwind Storm|p2b: Gholdengo|[spread] p2a,p2b\n|-resisted|p2b: Gholdengo\n|-damage|p2a: Pelipper|53\/100\n|-damage|p2b: Gholdengo|77\/100\n|-enditem|p2a: Pelipper|Eject Button\n|\n|t:|1697532517\n|switch|p2a: Palafin|Palafin-Hero, M|100\/100\n|-activate|p2a: Palafin|ability: Zero to Hero\n|move|p2b: Gholdengo|Thunder|p1b: Tornadus\n|-supereffective|p1b: Tornadus\n|-crit|p1b: Tornadus\n|-damage|p1b: Tornadus|0 fnt\n|faint|p1b: Tornadus\n|\n|-weather|RainDance|[upkeep]\n|-heal|p2b: Gholdengo|83\/100|[from] item: Leftovers\n|upkeep\n|\n|t:|1697532529\n|switch|p1b: Iron Bundle|Iron Bundle|100\/100\n|-enditem|p1b: Iron Bundle|Booster Energy\n|-activate|p1b: Iron Bundle|ability: Quark Drive|[fromitem]\n|-start|p1b: Iron Bundle|quarkdrivespe\n|turn|4\n|\n|t:|1697532540\n|move|p1a: Indeedee|Follow Me|p1a: Indeedee\n|-singleturn|p1a: Indeedee|move: Follow Me\n|move|p2a: Palafin|Jet Punch|p1a: Indeedee\n|-activate|p1a: Indeedee|move: Psychic Terrain\n|move|p1b: Iron Bundle|Freeze-Dry|p2a: Palafin\n|-supereffective|p2a: Palafin\n|-damage|p2a: Palafin|35\/100\n|move|p2b: Gholdengo|Thunder|p1a: Indeedee\n|-damage|p1a: Indeedee|26\/100 par\n|-enditem|p1a: Indeedee|Sitrus Berry|[eat]\n|-heal|p1a: Indeedee|51\/100 par|[from] item: Sitrus Berry\n|\n|-weather|RainDance|[upkeep]\n|-heal|p2b: Gholdengo|89\/100|[from] item: Leftovers\n|-sideend|p1: VikrThe|move: Tailwind\n|upkeep\n|turn|5\n|\n|t:|1697532560\n|switch|p2a: Rillaboom|Rillaboom, F|100\/100\n|-fieldstart|move: Grassy Terrain|[from] ability: Grassy Surge|[of] p2a: Rillaboom\n|move|p1a: Indeedee|Follow Me|p1a: Indeedee\n|-singleturn|p1a: Indeedee|move: Follow Me\n|move|p1b: Iron Bundle|Freeze-Dry|p2a: Rillaboom\n|-supereffective|p2a: Rillaboom\n|-damage|p2a: Rillaboom|32\/100\n|-enditem|p2a: Rillaboom|Sitrus Berry|[eat]\n|-heal|p2a: Rillaboom|57\/100|[from] item: Sitrus Berry\n|move|p2b: Gholdengo|Thunder|p1a: Indeedee\n|-damage|p1a: Indeedee|10\/100 par\n|\n|-weather|none\n|-heal|p2b: Gholdengo|96\/100|[from] Grassy Terrain\n|-heal|p2b: Gholdengo|100\/100|[from] item: Leftovers\n|-heal|p2a: Rillaboom|63\/100|[from] Grassy Terrain\n|-heal|p1a: Indeedee|16\/100 par|[from] Grassy Terrain\n|upkeep\n|turn|6\n|\n|t:|1697532581\n|switch|p1a: Roaring Moon|Roaring Moon|100\/100\n|-enditem|p1a: Roaring Moon|Booster Energy\n|-activate|p1a: Roaring Moon|ability: Protosynthesis|[fromitem]\n|-start|p1a: Roaring Moon|protosynthesisatk\n|move|p1b: Iron Bundle|Protect|p1b: Iron Bundle\n|-singleturn|p1b: Iron Bundle|Protect\n|move|p2a: Rillaboom|Fake Out|p1b: Iron Bundle\n|-activate|p1b: Iron Bundle|move: Protect\n|move|p2b: Gholdengo|Make It Rain|p1a: Roaring Moon|[spread] p1a\n|-activate|p1b: Iron Bundle|move: Protect\n|-damage|p1a: Roaring Moon|55\/100\n|-unboost|p2b: Gholdengo|spa|1\n|\n|-heal|p1a: Roaring Moon|61\/100|[from] Grassy Terrain\n|-heal|p2a: Rillaboom|70\/100|[from] Grassy Terrain\n|upkeep\n|turn|7\n|\n|t:|1697532621\n|move|p2b: Gholdengo|Protect|p2b: Gholdengo\n|-singleturn|p2b: Gholdengo|Protect\n|move|p1b: Iron Bundle|Freeze-Dry|p2a: Rillaboom\n|-supereffective|p2a: Rillaboom\n|-damage|p2a: Rillaboom|8\/100\n|move|p1a: Roaring Moon|Tailwind|p1a: Roaring Moon\n|-sidestart|p1: VikrThe|move: Tailwind\n|move|p2a: Rillaboom|Wood Hammer|p1b: Iron Bundle\n|-supereffective|p1b: Iron Bundle\n|-damage|p1b: Iron Bundle|0 fnt\n|faint|p1b: Iron Bundle\n|-end|p1b: Iron Bundle|Quark Drive|[silent]\n|-damage|p2a: Rillaboom|0 fnt|[from] Recoil\n|faint|p2a: Rillaboom\n|\n|-heal|p1a: Roaring Moon|67\/100|[from] Grassy Terrain\n|upkeep\n|\n|t:|1697532640\n|switch|p1b: Indeedee|Indeedee-F, F|16\/100 par\n|switch|p2a: Iron Hands|Iron Hands|100\/100\n|-fieldstart|move: Psychic Terrain|[from] ability: Psychic Surge|[of] p1b: Indeedee\n|turn|8\n|\n|t:|1697532658\n|move|p1b: Indeedee|Helping Hand|p1a: Roaring Moon\n|-singleturn|p1a: Roaring Moon|Helping Hand|[of] p1b: Indeedee\n|move|p1a: Roaring Moon|Knock Off|p2b: Gholdengo\n|-supereffective|p2b: Gholdengo\n|-damage|p2b: Gholdengo|0 fnt\n|-enditem|p2b: Gholdengo|Leftovers|[from] move: Knock Off|[of] p1a: Roaring Moon\n|faint|p2b: Gholdengo\n|move|p2a: Iron Hands|Drain Punch|p1a: Roaring Moon\n|-supereffective|p1a: Roaring Moon\n|-damage|p1a: Roaring Moon|0 fnt\n|faint|p1a: Roaring Moon\n|-end|p1a: Roaring Moon|Protosynthesis|[silent]\n|\n|upkeep\n|\n|t:|1697532672\n|switch|p1a: Okidogi|Okidogi, M|100\/100\n|switch|p2b: Landorus|Landorus, M|100\/100\n|turn|9\n|\n|t:|1697532695\n|-terastallize|p1a: Okidogi|Psychic\n|move|p2b: Landorus|Sandsear Storm|p1a: Okidogi|[spread] p1a,p1b\n|-damage|p1a: Okidogi|46\/100\n|-damage|p1b: Indeedee|0 fnt\n|faint|p1b: Indeedee\n|move|p1a: Okidogi|Bulk Up|p1a: Okidogi\n|-boost|p1a: Okidogi|atk|1\n|-boost|p1a: Okidogi|def|1\n|move|p2a: Iron Hands|Heavy Slam|p1a: Okidogi\n|-damage|p1a: Okidogi|26\/100\n|\n|upkeep\n|\n|t:|1697532707\n|switch|p1b: Chien-Pao|Chien-Pao|100\/100\n|-ability|p1b: Chien-Pao|Sword of Ruin\n|turn|10\n|\n|t:|1697532721\n|move|p1b: Chien-Pao|Icicle Crash|p2b: Landorus\n|-supereffective|p2b: Landorus\n|-damage|p2b: Landorus|0 fnt\n|faint|p2b: Landorus\n|move|p1a: Okidogi|Drain Punch|p2a: Iron Hands\n|-damage|p2a: Iron Hands|41\/100\n|-heal|p1a: Okidogi|64\/100|[from] drain|[of] p2a: Iron Hands\n|move|p2a: Iron Hands|Heavy Slam|p1a: Okidogi\n|-damage|p1a: Okidogi|36\/100\n|\n|-sideend|p1: VikrThe|move: Tailwind\n|upkeep\n|\n|t:|1697532733\n|switch|p2b: Palafin|Palafin-Hero, M|35\/100\n|turn|11\n|\n|t:|1697532743\n|move|p2b: Palafin|Jet Punch|p1a: Okidogi\n|-activate|p1a: Okidogi|move: Psychic Terrain\n|move|p1b: Chien-Pao|Sacred Sword|p2b: Palafin\n|-damage|p2b: Palafin|0 fnt\n|faint|p2b: Palafin\n|move|p1a: Okidogi|Drain Punch|p2a: Iron Hands\n|-damage|p2a: Iron Hands|0 fnt\n|-heal|p1a: Okidogi|62\/100|[from] drain|[of] p2a: Iron Hands\n|faint|p2a: Iron Hands\n|-end|p2a: Iron Hands|Quark Drive|[silent]\n|\n|upkeep\n|-message|Mollymauk678 forfeited.\n|\n|win|VikrThe\n|raw|VikrThe's rating: 1268 &rarr; <strong>1289<\/strong><br \/>(+21 for winning)\n|raw|Mollymauk678's rating: 1212 &rarr; <strong>1191<\/strong><br \/>(-21 for losing)\n|l|\u2606Mollymauk678\n","uploadtime":1697532756,"views":26,"p1id":"vikrthe","p2id":"mollymauk678","formatid":"gen9doublesou","rating":1191,"private":0,"password":""}