{"id":"gen9doublesou-1971343306","p1":"Hacks1341","p2":"ppunto","format":"[Gen 9] Doubles OU","log":"|j|\u2606Hacks1341\n|j|\u2606ppunto\n|t:|1697731036\n|gametype|doubles\n|player|p1|Hacks1341|juggler|1127\n|player|p2|ppunto|medium|1115\n|teamsize|p1|6\n|teamsize|p2|6\n|gen|9\n|tier|[Gen 9] Doubles OU\n|rated|\n|rule|Species Clause: Limit one of each Pok\u00e9mon\n|rule|OHKO Clause: OHKO moves are banned\n|rule|Evasion Moves Clause: Evasion moves are banned\n|rule|Gravity Sleep Clause: The combination of sleep-inducing moves with imperfect accuracy and Gravity or Gigantamax Orbeetle are banned\n|rule|Endless Battle Clause: Forcing endless battles is banned\n|rule|HP Percentage Mod: HP is shown in percentages\n|clearpoke\n|poke|p1|Sinistcha|\n|poke|p1|Iron Hands|\n|poke|p1|Farigiraf, M|\n|poke|p1|Chien-Pao|\n|poke|p1|Palafin, F|\n|poke|p1|Armarouge, F|\n|poke|p2|Weezing-Galar, M|\n|poke|p2|Slaking, M|\n|poke|p2|Alomomola, F|\n|poke|p2|Honchkrow, M|\n|poke|p2|Mimikyu, F|\n|poke|p2|Donphan, M|\n|teampreview\n|inactive|Battle timer is ON: inactive players will automatically lose when time's up. (requested by ppunto)\n|\n|t:|1697731053\n|start\n|switch|p1a: Iron Hands|Iron Hands|100\/100\n|switch|p1b: Palafin|Palafin, F|100\/100\n|switch|p2a: Weezing|Weezing-Galar, M|100\/100\n|switch|p2b: Slaking|Slaking, M|100\/100\n|-ability|p2a: Weezing|Neutralizing Gas\n|turn|1\n|\n|t:|1697731078\n|move|p1a: Iron Hands|Fake Out|p2b: Slaking\n|-damage|p2b: Slaking|88\/100\n|cant|p2b: Slaking|flinch\n|move|p1b: Palafin|Flip Turn|p2b: Slaking\n|-damage|p2b: Slaking|68\/100\n|-damage|p1b: Palafin|91\/100|[from] item: Life Orb\n|\n|t:|1697731093\n|detailschange|p1b: Palafin|Palafin-Hero, F\n|switch|p1b: Sinistcha|Sinistcha|100\/100|[from] Flip Turn\n|move|p2a: Weezing|Will-O-Wisp|p1a: Iron Hands\n|-status|p1a: Iron Hands|brn\n|\n|-heal|p2b: Slaking|74\/100|[from] item: Leftovers\n|-damage|p1a: Iron Hands|94\/100 brn|[from] brn\n|upkeep\n|turn|2\n|\n|t:|1697731121\n|-end|p1a: Iron Hands|Quark Drive|[silent]\n|switch|p1a: Armarouge|Armarouge, F|100\/100\n|move|p2b: Slaking|Sucker Punch|p1b: Sinistcha\n|-supereffective|p1b: Sinistcha\n|-damage|p1b: Sinistcha|35\/100\n|-enditem|p1b: Sinistcha|Sitrus Berry|[eat]\n|-heal|p1b: Sinistcha|60\/100|[from] item: Sitrus Berry\n|move|p1b: Sinistcha|Matcha Gotcha|p2a: Weezing|[spread] p2a,p2b\n|-resisted|p2a: Weezing\n|-damage|p2a: Weezing|87\/100\n|-heal|p1b: Sinistcha|68\/100|[from] drain|[of] p2a: Weezing\n|-damage|p2b: Slaking|43\/100\n|-heal|p1b: Sinistcha|93\/100|[from] drain|[of] p2b: Slaking\n|move|p2a: Weezing|Toxic|p1b: Sinistcha\n|-status|p1b: Sinistcha|tox\n|\n|-heal|p2b: Slaking|49\/100|[from] item: Leftovers\n|-heal|p2a: Weezing|93\/100|[from] item: Leftovers\n|-damage|p1b: Sinistcha|87\/100 tox|[from] psn\n|upkeep\n|turn|3\n|\n|t:|1697731150\n|move|p2a: Weezing|Protect|p2a: Weezing\n|-singleturn|p2a: Weezing|Protect\n|move|p2b: Slaking|Earthquake|p1b: Sinistcha|[spread] p1a,p1b\n|-activate|p2a: Weezing|move: Protect\n|-supereffective|p1a: Armarouge\n|-resisted|p1b: Sinistcha\n|-damage|p1a: Armarouge|32\/100\n|-damage|p1b: Sinistcha|69\/100 tox\n|-enditem|p1a: Armarouge|Weakness Policy\n|-boost|p1a: Armarouge|atk|2|[from] item: Weakness Policy\n|-boost|p1a: Armarouge|spa|2|[from] item: Weakness Policy\n|move|p1a: Armarouge|Heat Wave|p2a: Weezing|[spread] p2b\n|-activate|p2a: Weezing|move: Protect\n|-damage|p2b: Slaking|0 fnt\n|faint|p2b: Slaking\n|move|p1b: Sinistcha|Calm Mind|p1b: Sinistcha\n|-boost|p1b: Sinistcha|spa|1\n|-boost|p1b: Sinistcha|spd|1\n|\n|-heal|p2a: Weezing|99\/100|[from] item: Leftovers\n|-damage|p1b: Sinistcha|57\/100 tox|[from] psn\n|upkeep\n|inactive|ppunto has 120 seconds left.\n|\n|t:|1697731170\n|switch|p2b: Honchkrow|Honchkrow, M|100\/100\n|turn|4\n|\n|t:|1697731188\n|move|p1a: Armarouge|Destiny Bond|p1a: Armarouge\n|-singlemove|p1a: Armarouge|Destiny Bond\n|move|p1b: Sinistcha|Strength Sap|p2b: Honchkrow\n|-unboost|p2b: Honchkrow|atk|1\n|-heal|p1b: Sinistcha|100\/100 tox\n|move|p2b: Honchkrow|Air Cutter|p1b: Sinistcha|[spread] p1a,p1b\n|-supereffective|p1b: Sinistcha\n|-crit|p1b: Sinistcha\n|-damage|p1a: Armarouge|13\/100\n|-damage|p1b: Sinistcha|43\/100 tox\n|move|p2a: Weezing|Strange Steam|p1b: Sinistcha\n|-damage|p1b: Sinistcha|19\/100 tox\n|\n|-heal|p2a: Weezing|100\/100|[from] item: Leftovers\n|-damage|p1b: Sinistcha|1\/100 tox|[from] psn\n|upkeep\n|turn|5\n|\n|t:|1697731216\n|move|p1a: Armarouge|Heat Wave|p2b: Honchkrow|[spread] p2a,p2b\n|-damage|p2a: Weezing|41\/100\n|-damage|p2b: Honchkrow|22\/100\n|move|p1b: Sinistcha|Matcha Gotcha|p2a: Weezing|[spread] p2a,p2b\n|-resisted|p2a: Weezing\n|-resisted|p2b: Honchkrow\n|-damage|p2a: Weezing|21\/100\n|-heal|p1b: Sinistcha|13\/100 tox|[from] drain|[of] p2a: Weezing\n|-damage|p2b: Honchkrow|0 fnt\n|-heal|p1b: Sinistcha|28\/100 tox|[from] drain|[of] p2b: Honchkrow\n|faint|p2b: Honchkrow\n|move|p2a: Weezing|Toxic|p1a: Armarouge\n|-status|p1a: Armarouge|tox\n|\n|-heal|p2a: Weezing|27\/100|[from] item: Leftovers\n|-damage|p1a: Armarouge|7\/100 tox|[from] psn\n|-damage|p1b: Sinistcha|4\/100 tox|[from] psn\n|upkeep\n|inactive|ppunto has 120 seconds left.\n|\n|t:|1697731232\n|switch|p2b: Mimikyu|Mimikyu, F|100\/100\n|turn|6\n|\n|t:|1697731240\n|move|p2a: Weezing|Protect|p2a: Weezing\n|-singleturn|p2a: Weezing|Protect\n|move|p2b: Mimikyu|Shadow Sneak|p1a: Armarouge\n|-supereffective|p1a: Armarouge\n|-damage|p1a: Armarouge|0 fnt\n|faint|p1a: Armarouge\n|-damage|p2b: Mimikyu|91\/100|[from] item: Life Orb\n|move|p1b: Sinistcha|Strength Sap|p2b: Mimikyu\n|-unboost|p2b: Mimikyu|atk|1\n|-heal|p1b: Sinistcha|100\/100 tox\n|\n|-heal|p2a: Weezing|33\/100|[from] item: Leftovers\n|-damage|p1b: Sinistcha|70\/100 tox|[from] psn\n|upkeep\n|\n|t:|1697731262\n|switch|p1a: Farigiraf|Farigiraf, M|100\/100\n|turn|7\n|\n|t:|1697731279\n|switch|p1b: Iron Hands|Iron Hands|94\/100 brn\n|move|p2b: Mimikyu|Leech Life|p1a: Farigiraf\n|-supereffective|p1a: Farigiraf\n|-damage|p1a: Farigiraf|58\/100\n|-heal|p2b: Mimikyu|100\/100|[from] drain|[of] p1a: Farigiraf\n|-damage|p2b: Mimikyu|91\/100|[from] item: Life Orb\n|move|p2a: Weezing|Toxic|p1a: Farigiraf\n|-status|p1a: Farigiraf|tox\n|move|p1a: Farigiraf|Hyper Voice|p2b: Mimikyu|[spread] p2a\n|-immune|p2b: Mimikyu\n|-damage|p2a: Weezing|2\/100\n|-enditem|p1a: Farigiraf|Throat Spray\n|-boost|p1a: Farigiraf|spa|1|[from] item: Throat Spray\n|\n|-heal|p2a: Weezing|8\/100|[from] item: Leftovers\n|-damage|p1a: Farigiraf|51\/100 tox|[from] psn\n|-damage|p1b: Iron Hands|88\/100 brn|[from] brn\n|upkeep\n|turn|8\n|\n|t:|1697731304\n|move|p2a: Weezing|Protect|p2a: Weezing\n|-singleturn|p2a: Weezing|Protect\n|move|p2b: Mimikyu|Play Rough|p1b: Iron Hands\n|-supereffective|p1b: Iron Hands\n|-damage|p1b: Iron Hands|47\/100 brn\n|-damage|p2b: Mimikyu|81\/100|[from] item: Life Orb\n|move|p1a: Farigiraf|Wish|p1a: Farigiraf\n|move|p1b: Iron Hands|Wild Charge|p2b: Mimikyu\n|-activate|p2b: Mimikyu|ability: Disguise\n|-damage|p2b: Mimikyu|81\/100\n|detailschange|p2b: Mimikyu|Mimikyu-Busted, F\n|-damage|p2b: Mimikyu|68\/100|[from] pokemon: Mimikyu-Busted\n|\n|-heal|p2a: Weezing|14\/100|[from] item: Leftovers\n|-damage|p1a: Farigiraf|39\/100 tox|[from] psn\n|-damage|p1b: Iron Hands|40\/100 brn|[from] brn\n|upkeep\n|turn|9\n|\n|t:|1697731331\n|-end|p1b: Iron Hands|Quark Drive|[silent]\n|switch|p1b: Sinistcha|Sinistcha|70\/100 tox\n|move|p1a: Farigiraf|Ally Switch|p1a: Farigiraf\n|swap|p1a: Farigiraf|1|[from] move: Ally Switch\n|move|p2b: Mimikyu|Leech Life|p1a: Sinistcha\n|-damage|p1a: Sinistcha|49\/100 tox\n|-heal|p2b: Mimikyu|81\/100|[from] drain|[of] p1a: Sinistcha\n|-damage|p2b: Mimikyu|71\/100|[from] item: Life Orb\n|move|p2a: Weezing|Strange Steam|p1b: Farigiraf\n|-damage|p1b: Farigiraf|12\/100 tox\n|\n|-heal|p1a: Sinistcha|100\/100 tox|[from] move: Wish|[wisher] Farigiraf\n|-heal|p2a: Weezing|20\/100|[from] item: Leftovers\n|-damage|p1a: Sinistcha|94\/100 tox|[from] psn\n|-damage|p1b: Farigiraf|0 fnt|[from] psn\n|faint|p1b: Farigiraf\n|upkeep\n|inactive|Hacks1341 has 120 seconds left.\n|\n|t:|1697731355\n|switch|p1b: Palafin|Palafin-Hero, F|91\/100\n|-activate|p1b: Palafin|ability: Zero to Hero\n|turn|10\n|\n|t:|1697731369\n|-terastallize|p1a: Sinistcha|Fire\n|move|p2b: Mimikyu|Shadow Claw|p1a: Sinistcha\n|-damage|p1a: Sinistcha|64\/100 tox\n|-damage|p2b: Mimikyu|61\/100|[from] item: Life Orb\n|move|p1b: Palafin|Flip Turn|p2a: Weezing\n|-damage|p2a: Weezing|0 fnt\n|faint|p2a: Weezing\n|-end|p2a: Weezing|ability: Neutralizing Gas\n|-heal|p1b: Palafin|100\/100|[from] ability: Hospitality|[of] p1a: Sinistcha\n|-damage|p1b: Palafin|91\/100|[from] item: Life Orb\n|inactive|Hacks1341 has 120 seconds left.\n|\n|t:|1697731387\n|switch|p1b: Iron Hands|Iron Hands|40\/100 brn|[from] Flip Turn\n|move|p1a: Sinistcha|Matcha Gotcha|p2b: Mimikyu\n|-damage|p2b: Mimikyu|8\/100\n|-heal|p1a: Sinistcha|87\/100 tox|[from] drain|[of] p2b: Mimikyu\n|\n|-damage|p1a: Sinistcha|75\/100 tox|[from] psn\n|-damage|p1b: Iron Hands|34\/100 brn|[from] brn\n|upkeep\n|\n|t:|1697731397\n|switch|p2a: Alomomola|Alomomola, F|100\/100\n|turn|11\n|\n|t:|1697731420\n|switch|p1a: Palafin|Palafin-Hero, F|91\/100\n|move|p2b: Mimikyu|Play Rough|p1b: Iron Hands\n|-supereffective|p1b: Iron Hands\n|-damage|p1b: Iron Hands|0 fnt\n|faint|p1b: Iron Hands\n|-end|p1b: Iron Hands|Quark Drive|[silent]\n|-damage|p2b: Mimikyu|0 fnt|[from] item: Life Orb\n|faint|p2b: Mimikyu\n|move|p2a: Alomomola|Scald|p1a: Palafin\n|-resisted|p1a: Palafin\n|-damage|p1a: Palafin|85\/100\n|\n|upkeep\n|\n|t:|1697731437\n|switch|p2b: Donphan|Donphan, M|100\/100\n|switch|p1b: Sinistcha|Sinistcha, tera:Fire|75\/100 tox\n|-heal|p1a: Palafin|100\/100|[from] ability: Hospitality|[of] p1b: Sinistcha\n|turn|12\n|inactive|ppunto has 120 seconds left.\n|\n|t:|1697731497\n|-terastallize|p2b: Donphan|Ground\n|move|p1a: Palafin|Bulk Up|p1a: Palafin\n|-boost|p1a: Palafin|atk|1\n|-boost|p1a: Palafin|def|1\n|move|p1b: Sinistcha|Matcha Gotcha|p2a: Alomomola|[spread] p2b\n|-miss|p1b: Sinistcha|p2a: Alomomola\n|-supereffective|p2b: Donphan\n|-damage|p2b: Donphan|27\/100\n|-heal|p1b: Sinistcha|100\/100 tox|[from] drain|[of] p2b: Donphan\n|move|p2a: Alomomola|Scald|p1b: Sinistcha\n|-supereffective|p1b: Sinistcha\n|-damage|p1b: Sinistcha|70\/100 tox\n|move|p2b: Donphan|High Horsepower|p1b: Sinistcha\n|-supereffective|p1b: Sinistcha\n|-damage|p1b: Sinistcha|0 fnt\n|faint|p1b: Sinistcha\n|\n|upkeep\n|\n|t:|1697731514\n|switch|p1b: Chien-Pao|Chien-Pao|100\/100\n|-ability|p1b: Chien-Pao|Sword of Ruin\n|turn|13\n|inactive|ppunto has 120 seconds left.\n|-message|ppunto forfeited.\n|\n|win|Hacks1341\n|raw|Hacks1341's rating: 1127 &rarr; <strong>1151<\/strong><br \/>(+24 for winning)\n|raw|ppunto's rating: 1115 &rarr; <strong>1091<\/strong><br \/>(-24 for losing)\n|l|\u2606ppunto\n","uploadtime":1697731569,"views":20,"p1id":"hacks1341","p2id":"ppunto","formatid":"gen9doublesou","rating":1091,"private":0,"password":""}