{"id":"gen9doublesou-1997581409","p1":"showitben","p2":"JumpCuz","format":"[Gen 9] Doubles OU","log":"|j|\u2606showitben\n|j|\u2606JumpCuz\n|t:|1700828705\n|gametype|doubles\n|player|p1|showitben|2|1121\n|player|p2|JumpCuz|fisherman|1111\n|teamsize|p1|6\n|teamsize|p2|6\n|gen|9\n|tier|[Gen 9] Doubles OU\n|rated|\n|rule|Species Clause: Limit one of each Pok\u00e9mon\n|rule|OHKO Clause: OHKO moves are banned\n|rule|Evasion Moves Clause: Evasion moves are banned\n|rule|Gravity Sleep Clause: The combination of sleep-inducing moves with imperfect accuracy and Gravity or Gigantamax Orbeetle are banned\n|rule|Endless Battle Clause: Forcing endless battles is banned\n|rule|HP Percentage Mod: HP is shown in percentages\n|clearpoke\n|poke|p1|Golem-Alola, M|\n|poke|p1|Oranguru, F|\n|poke|p1|Ursaluna-Bloodmoon, M|\n|poke|p1|Amoonguss, M|\n|poke|p1|Rabsca, F|\n|poke|p1|Ogerpon-Hearthflame, F|\n|poke|p2|Moltres-Galar|\n|poke|p2|Munkidori, M|\n|poke|p2|Arcanine-Hisui, F|\n|poke|p2|Grimmsnarl, M|\n|poke|p2|Sinistcha|\n|poke|p2|Milotic, F|\n|teampreview\n|\n|t:|1700828724\n|start\n|switch|p1a: Golem|Golem-Alola, M|100\/100\n|switch|p1b: Oranguru|Oranguru, F|100\/100\n|switch|p2a: Grimmsnarl|Grimmsnarl, M|100\/100\n|switch|p2b: Munkidori|Munkidori, M|100\/100\n|-item|p1a: Golem|Life Orb|[from] ability: Frisk|[of] p2b: Munkidori|[identify]\n|-item|p1b: Oranguru|Mental Herb|[from] ability: Frisk|[of] p2b: Munkidori|[identify]\n|turn|1\n|\n|t:|1700828763\n|move|p2b: Munkidori|Fake Out|p1b: Oranguru\n|-damage|p1b: Oranguru|94\/100\n|move|p2a: Grimmsnarl|Reflect|p2a: Grimmsnarl\n|-sidestart|p2: JumpCuz|Reflect\n|move|p1a: Golem|Explosion|p2b: Munkidori|[spread] p2a,p2b\n|-activate|p1b: Oranguru|ability: Telepathy\n|-damage|p2a: Grimmsnarl|0 fnt\n|-enditem|p2b: Munkidori|Focus Sash\n|-damage|p2b: Munkidori|1\/100\n|faint|p1a: Golem\n|faint|p2a: Grimmsnarl\n|cant|p1b: Oranguru|flinch\n|\n|upkeep\n|\n|t:|1700828808\n|switch|p2a: Moltres|Moltres-Galar|100\/100\n|switch|p1a: Ogerpon|Ogerpon-Hearthflame, F|100\/100\n|-ability|p1a: Ogerpon|Mold Breaker\n|turn|2\n|\n|t:|1700828824\n|switch|p1a: Ursaluna|Ursaluna-Bloodmoon, M|100\/100\n|move|p2b: Munkidori|Parting Shot|p1a: Ursaluna\n|-unboost|p1a: Ursaluna|atk|1\n|-unboost|p1a: Ursaluna|spa|1\n|\n|t:|1700828847\n|switch|p2b: Sinistcha|Sinistcha|100\/100|[from] Parting Shot\n|move|p2a: Moltres|Nasty Plot|p2a: Moltres\n|-boost|p2a: Moltres|spa|2\n|move|p1b: Oranguru|Trick Room|p1b: Oranguru\n|-fieldstart|move: Trick Room|[of] p1b: Oranguru\n|\n|upkeep\n|turn|3\n|\n|t:|1700828867\n|switch|p1a: Amoonguss|Amoonguss, M|100\/100\n|move|p1b: Oranguru|Knock Off|p2b: Sinistcha\n|-supereffective|p2b: Sinistcha\n|-damage|p2b: Sinistcha|82\/100\n|-damage|p1b: Oranguru|78\/100|[from] item: Rocky Helmet|[of] p2b: Sinistcha\n|-enditem|p2b: Sinistcha|Rocky Helmet|[from] move: Knock Off|[of] p1b: Oranguru\n|move|p2b: Sinistcha|Matcha Gotcha|p1a: Amoonguss|[spread] p1a,p1b\n|-resisted|p1a: Amoonguss\n|-damage|p1a: Amoonguss|94\/100\n|-heal|p2b: Sinistcha|86\/100|[from] drain|[of] p1a: Amoonguss\n|-damage|p1b: Oranguru|61\/100\n|-heal|p2b: Sinistcha|95\/100|[from] drain|[of] p1b: Oranguru\n|move|p2a: Moltres|Fiery Wrath|p1a: Amoonguss|[spread] p1a,p1b\n|-supereffective|p1b: Oranguru\n|-damage|p1a: Amoonguss|42\/100\n|-damage|p1b: Oranguru|0 fnt\n|faint|p1b: Oranguru\n|\n|upkeep\n|\n|t:|1700828887\n|switch|p1b: Ursaluna|Ursaluna-Bloodmoon, M|100\/100\n|turn|4\n|\n|t:|1700828894\n|-terastallize|p1b: Ursaluna|Normal\n|move|p2a: Moltres|Protect|p2a: Moltres\n|-singleturn|p2a: Moltres|Protect\n|move|p1a: Amoonguss|Spore|p2a: Moltres\n|-activate|p2a: Moltres|move: Protect\n|move|p1b: Ursaluna|Blood Moon|p2b: Sinistcha\n|-damage|p2b: Sinistcha|0 fnt\n|faint|p2b: Sinistcha\n|\n|upkeep\n|\n|t:|1700828909\n|switch|p2b: Arcanine|Arcanine-Hisui, F|100\/100\n|-ability|p2b: Arcanine|Intimidate|boost\n|-unboost|p1a: Amoonguss|atk|1\n|-unboost|p1b: Ursaluna|atk|1\n|turn|5\n|\n|t:|1700828928\n|move|p2b: Arcanine|Extreme Speed|p1a: Amoonguss\n|-damage|p1a: Amoonguss|15\/100\n|-damage|p2b: Arcanine|84\/100|[from] item: Rocky Helmet|[of] p1a: Amoonguss\n|move|p1a: Amoonguss|Clear Smog|p2a: Moltres\n|-damage|p2a: Moltres|83\/100\n|-clearboost|p2a: Moltres\n|move|p1b: Ursaluna|Earth Power|p2b: Arcanine\n|-supereffective|p2b: Arcanine\n|-damage|p2b: Arcanine|0 fnt\n|faint|p2b: Arcanine\n|move|p2a: Moltres|Air Slash|p1a: Amoonguss\n|-supereffective|p1a: Amoonguss\n|-damage|p1a: Amoonguss|0 fnt\n|faint|p1a: Amoonguss\n|\n|upkeep\n|\n|t:|1700828947\n|switch|p1a: Ogerpon|Ogerpon-Hearthflame, F|100\/100\n|switch|p2b: Munkidori|Munkidori, M|1\/100\n|-item|p1a: Ogerpon|Hearthflame Mask|[from] ability: Frisk|[of] p2b: Munkidori|[identify]\n|-item|p1b: Ursaluna|Assault Vest|[from] ability: Frisk|[of] p2b: Munkidori|[identify]\n|-ability|p1a: Ogerpon|Mold Breaker\n|turn|6\n|\n|t:|1700828963\n|move|p2b: Munkidori|Fake Out|p1b: Ursaluna\n|-damage|p1b: Ursaluna|96\/100\n|move|p1a: Ogerpon|Follow Me|p1a: Ogerpon\n|-singleturn|p1a: Ogerpon|move: Follow Me\n|cant|p1b: Ursaluna|flinch\n|move|p2a: Moltres|Nasty Plot|p2a: Moltres\n|-boost|p2a: Moltres|spa|2\n|\n|-fieldend|move: Trick Room\n|upkeep\n|turn|7\n|\n|t:|1700828982\n|move|p1b: Ursaluna|Vacuum Wave|p2b: Munkidori\n|-resisted|p2b: Munkidori\n|-damage|p2b: Munkidori|0 fnt\n|faint|p2b: Munkidori\n|move|p1a: Ogerpon|Ivy Cudgel|p2a: Moltres|[anim] Ivy Cudgel Fire\n|-damage|p2a: Moltres|47\/100\n|-ability|p2a: Moltres|Berserk|boost\n|-boost|p2a: Moltres|spa|1\n|-enditem|p2a: Moltres|Sitrus Berry|[eat]\n|-heal|p2a: Moltres|72\/100|[from] item: Sitrus Berry\n|move|p2a: Moltres|Fiery Wrath|p1b: Ursaluna|[spread] p1a,p1b\n|-damage|p1a: Ogerpon|13\/100\n|-damage|p1b: Ursaluna|43\/100\n|\n|upkeep\n|\n|t:|1700828995\n|switch|p2b: Milotic|Milotic, F|100\/100\n|turn|8\n|\n|t:|1700829007\n|move|p1a: Ogerpon|Horn Leech|p2b: Milotic\n|-supereffective|p2b: Milotic\n|-crit|p2b: Milotic\n|-damage|p2b: Milotic|0 fnt\n|-heal|p1a: Ogerpon|74\/100|[from] drain|[of] p2b: Milotic\n|faint|p2b: Milotic\n|move|p2a: Moltres|Fiery Wrath|p1b: Ursaluna|[spread] p1a,p1b\n|-damage|p1a: Ogerpon|0 fnt\n|-damage|p1b: Ursaluna|0 fnt\n|faint|p1a: Ogerpon\n|faint|p1b: Ursaluna\n|\n|-sideend|p2: JumpCuz|Reflect\n|upkeep\n|\n|t:|1700829019\n|switch|p1a: Rabsca|Rabsca, F|100\/100\n|turn|9\n|\n|t:|1700829025\n|move|p2a: Moltres|Air Slash|p1a: Rabsca|[miss]\n|-miss|p2a: Moltres|p1a: Rabsca\n|move|p1a: Rabsca|Revival Blessing|p1a: Rabsca\n|-enditem|p1a: Rabsca|Leppa Berry|[eat]\n|-activate|p1a: Rabsca|item: Leppa Berry|Revival Blessing|[consumed]\n|\n|t:|1700829035\n|-heal|p1: Golem|50\/100|[from] move: Revival Blessing\n|\n|upkeep\n|\n|t:|1700829038\n|switch|p1b: Golem|Golem-Alola, M|50\/100\n|turn|10\n|\n|t:|1700829043\n|move|p2a: Moltres|Protect|p2a: Moltres\n|-singleturn|p2a: Moltres|Protect\n|move|p1a: Rabsca|Revival Blessing|p1a: Rabsca\n|\n|t:|1700829055\n|-heal|p1: Ogerpon|50\/100|[from] move: Revival Blessing\n|move|p1b: Golem|Explosion|p2a: Moltres|[spread] \n|-activate|p2a: Moltres|move: Protect\n|-activate|p1a: Rabsca|ability: Telepathy\n|faint|p1b: Golem\n|\n|upkeep\n|\n|t:|1700829063\n|switch|p1b: Ogerpon|Ogerpon-Hearthflame, F|50\/100\n|-ability|p1b: Ogerpon|Mold Breaker\n|turn|11\n|\n|t:|1700829078\n|move|p1b: Ogerpon|Ivy Cudgel|p2a: Moltres|[anim] Ivy Cudgel Fire\n|-damage|p2a: Moltres|15\/100\n|-ability|p2a: Moltres|Berserk|boost\n|-boost|p2a: Moltres|spa|1\n|move|p2a: Moltres|Fiery Wrath|p1a: Rabsca|[spread] p1a,p1b\n|-supereffective|p1a: Rabsca\n|-damage|p1a: Rabsca|0 fnt\n|-damage|p1b: Ogerpon|0 fnt\n|faint|p1a: Rabsca\n|faint|p1b: Ogerpon\n|\n|win|JumpCuz\n|raw|showitben's rating: 1121 &rarr; <strong>1095<\/strong><br \/>(-26 for losing)\n|raw|JumpCuz's rating: 1111 &rarr; <strong>1137<\/strong><br \/>(+26 for winning)\n|l|\u2606showitben\n","uploadtime":1700829122,"views":10,"p1id":"showitben","p2id":"jumpcuz","formatid":"gen9doublesou","rating":1095,"private":0,"password":""}