{"id":"gen9doublesou-1999668280","p1":"Thehombre","p2":"EliiezerOdair","format":"[Gen 9] Doubles OU","log":"|j|\u2606Thehombre\n|j|\u203dEliiezerOdair\n|t:|1701106182\n|gametype|doubles\n|player|p1|Thehombre|101|1150\n|player|p2|EliiezerOdair|steven|1125\n|teamsize|p1|6\n|teamsize|p2|6\n|gen|9\n|tier|[Gen 9] Doubles OU\n|rated|\n|rule|Species Clause: Limit one of each Pok\u00e9mon\n|rule|OHKO Clause: OHKO moves are banned\n|rule|Evasion Moves Clause: Evasion moves are banned\n|rule|Gravity Sleep Clause: The combination of sleep-inducing moves with imperfect accuracy and Gravity or Gigantamax Orbeetle are banned\n|rule|Endless Battle Clause: Forcing endless battles is banned\n|rule|HP Percentage Mod: HP is shown in percentages\n|clearpoke\n|poke|p1|Copperajah, F|\n|poke|p1|Bronzong|\n|poke|p1|Armarouge, F|\n|poke|p1|Torkoal, F|\n|poke|p1|Dipplin, M|\n|poke|p1|Great Tusk|\n|poke|p2|Pachirisu, F|\n|poke|p2|Medicham, M|\n|poke|p2|Dragapult, M|\n|poke|p2|Kleavor, M|\n|poke|p2|Iron Bundle|\n|poke|p2|Amoonguss, M|\n|teampreview\n|inactive|Battle timer is ON: inactive players will automatically lose when time's up. (requested by Thehombre)\n|\n|t:|1701106210\n|start\n|switch|p1a: Copperajah|Copperajah, F|100\/100\n|switch|p1b: Bronzong|Bronzong|100\/100\n|switch|p2a: Medicham|Medicham, M, shiny|100\/100\n|switch|p2b: Dragapult|Dragapult, M|100\/100\n|turn|1\n|\n|t:|1701106229\n|move|p2a: Medicham|Fake Out|p1b: Bronzong\n|-resisted|p1b: Bronzong\n|-damage|p1b: Bronzong|93\/100\n|move|p2b: Dragapult|Dragon Dance|p2b: Dragapult\n|-boost|p2b: Dragapult|atk|1\n|-boost|p2b: Dragapult|spe|1\n|move|p1a: Copperajah|Curse|p1a: Copperajah\n|-unboost|p1a: Copperajah|spe|1\n|-boost|p1a: Copperajah|atk|1\n|-boost|p1a: Copperajah|def|1\n|cant|p1b: Bronzong|flinch\n|\n|-heal|p1b: Bronzong|99\/100|[from] item: Leftovers\n|upkeep\n|turn|2\n|\n|t:|1701106241\n|switch|p1b: Great Tusk|Great Tusk|100\/100\n|move|p2b: Dragapult|Phantom Force||[still]\n|-prepare|p2b: Dragapult|Phantom Force\n|move|p2a: Medicham|Drain Punch|p1b: Great Tusk\n|-damage|p1b: Great Tusk|71\/100\n|move|p1a: Copperajah|Heavy Slam|p2b: Dragapult|[miss]\n|-miss|p1a: Copperajah|p2b: Dragapult\n|\n|-heal|p1b: Great Tusk|78\/100|[from] item: Leftovers\n|upkeep\n|turn|3\n|\n|t:|1701106264\n|move|p2b: Dragapult|Phantom Force|p1b: Great Tusk|[from]lockedmove\n|-damage|p1b: Great Tusk|19\/100\n|-damage|p2b: Dragapult|91\/100|[from] item: Life Orb\n|move|p2a: Medicham|Drain Punch|p1a: Copperajah\n|-supereffective|p1a: Copperajah\n|-damage|p1a: Copperajah|36\/100\n|move|p1b: Great Tusk|High Horsepower|p2a: Medicham\n|-damage|p2a: Medicham|8\/100\n|move|p1a: Copperajah|Heavy Slam|p2b: Dragapult\n|-damage|p2b: Dragapult|0 fnt\n|faint|p2b: Dragapult\n|\n|-heal|p1b: Great Tusk|25\/100|[from] item: Leftovers\n|-heal|p1a: Copperajah|42\/100|[from] item: Leftovers\n|upkeep\n|\n|t:|1701106272\n|switch|p2b: Iron Bundle|Iron Bundle|100\/100\n|-enditem|p2b: Iron Bundle|Booster Energy\n|-activate|p2b: Iron Bundle|ability: Quark Drive|[fromitem]\n|-start|p2b: Iron Bundle|quarkdrivespa\n|turn|4\n|\n|t:|1701106283\n|move|p2b: Iron Bundle|Chilling Water|p1b: Great Tusk\n|-supereffective|p1b: Great Tusk\n|-damage|p1b: Great Tusk|0 fnt\n|faint|p1b: Great Tusk\n|-end|p1b: Great Tusk|Protosynthesis|[silent]\n|move|p2a: Medicham|Drain Punch|p1a: Copperajah\n|-supereffective|p1a: Copperajah\n|-damage|p1a: Copperajah|0 fnt\n|-heal|p2a: Medicham|44\/100|[from] drain|[of] p1a: Copperajah\n|faint|p1a: Copperajah\n|\n|upkeep\n|\n|t:|1701106287\n|switch|p1b: Armarouge|Armarouge, F|100\/100\n|switch|p1a: Bronzong|Bronzong|99\/100\n|turn|5\n|\n|t:|1701106315\n|move|p2b: Iron Bundle|Chilling Water|p1b: Armarouge\n|-supereffective|p1b: Armarouge\n|-damage|p1b: Armarouge|21\/100\n|-unboost|p1b: Armarouge|atk|1\n|move|p2a: Medicham|Drain Punch|p1a: Bronzong\n|-damage|p1a: Bronzong|58\/100\n|-heal|p2a: Medicham|71\/100|[from] drain|[of] p1a: Bronzong\n|move|p1b: Armarouge|Heat Wave|p2b: Iron Bundle|[spread] p2b\n|-miss|p1b: Armarouge|p2a: Medicham\n|-damage|p2b: Iron Bundle|15\/100\n|move|p1a: Bronzong|Trick Room|p1a: Bronzong\n|-fieldstart|move: Trick Room|[of] p1a: Bronzong\n|\n|-heal|p1a: Bronzong|64\/100|[from] item: Leftovers\n|-heal|p1b: Armarouge|28\/100|[from] item: Leftovers\n|upkeep\n|turn|6\n|\n|t:|1701106326\n|move|p1a: Bronzong|Iron Defense|p1a: Bronzong\n|-boost|p1a: Bronzong|def|2\n|move|p1b: Armarouge|Heat Wave|p2a: Medicham|[spread] p2a,p2b\n|-damage|p2a: Medicham|0 fnt\n|-damage|p2b: Iron Bundle|0 fnt\n|faint|p2a: Medicham\n|faint|p2b: Iron Bundle\n|-end|p2b: Iron Bundle|Quark Drive|[silent]\n|\n|-heal|p1a: Bronzong|70\/100|[from] item: Leftovers\n|-heal|p1b: Armarouge|34\/100|[from] item: Leftovers\n|upkeep\n|\n|t:|1701106348\n|switch|p2a: Pachirisu|Pachirisu, F, shiny|100\/100\n|switch|p2b: Amoonguss|Amoonguss, M, shiny|100\/100\n|turn|7\n|\n|t:|1701106359\n|move|p1a: Bronzong|Body Press|p2a: Pachirisu\n|-damage|p2a: Pachirisu|63\/100\n|move|p2b: Amoonguss|Spore|p1b: Armarouge\n|-status|p1b: Armarouge|slp|[from] move: Spore\n|cant|p1b: Armarouge|slp\n|move|p2a: Pachirisu|Encore|p1a: Bronzong\n|-start|p1a: Bronzong|Encore\n|\n|-heal|p1a: Bronzong|76\/100|[from] item: Leftovers\n|-heal|p1b: Armarouge|40\/100 slp|[from] item: Leftovers\n|upkeep\n|turn|8\n|\n|t:|1701106370\n|move|p1a: Bronzong|Body Press|p2a: Pachirisu\n|-damage|p2a: Pachirisu|24\/100\n|-enditem|p2a: Pachirisu|Sitrus Berry|[eat]\n|-heal|p2a: Pachirisu|49\/100|[from] item: Sitrus Berry\n|move|p2b: Amoonguss|Giga Drain|p1b: Armarouge\n|-resisted|p1b: Armarouge\n|-damage|p1b: Armarouge|28\/100 slp\n|cant|p1b: Armarouge|slp\n|move|p2a: Pachirisu|Nuzzle|p1a: Bronzong\n|-damage|p1a: Bronzong|74\/100\n|-status|p1a: Bronzong|par\n|\n|-heal|p1a: Bronzong|81\/100 par|[from] item: Leftovers\n|-heal|p1b: Armarouge|34\/100 slp|[from] item: Leftovers\n|upkeep\n|turn|9\n|\n|t:|1701106383\n|move|p1a: Bronzong|Body Press|p2a: Pachirisu\n|-damage|p2a: Pachirisu|11\/100\n|move|p2b: Amoonguss|Giga Drain|p1b: Armarouge\n|-resisted|p1b: Armarouge\n|-damage|p1b: Armarouge|22\/100 slp\n|-curestatus|p1b: Armarouge|slp|[msg]\n|move|p1b: Armarouge|Heat Wave|p2a: Pachirisu|[spread] p2a,p2b\n|-crit|p2a: Pachirisu\n|-supereffective|p2b: Amoonguss\n|-damage|p2a: Pachirisu|0 fnt\n|-damage|p2b: Amoonguss|30\/100\n|faint|p2a: Pachirisu\n|\n|-heal|p1a: Bronzong|87\/100 par|[from] item: Leftovers\n|-heal|p1b: Armarouge|29\/100|[from] item: Leftovers\n|-fieldend|move: Trick Room\n|upkeep\n|\n|t:|1701106402\n|switch|p2a: Kleavor|Kleavor, M|100\/100\n|turn|10\n|\n|t:|1701106415\n|move|p2a: Kleavor|Stone Axe|p1b: Armarouge\n|-supereffective|p1b: Armarouge\n|-damage|p1b: Armarouge|0 fnt\n|faint|p1b: Armarouge\n|move|p2b: Amoonguss|Giga Drain|p1a: Bronzong\n|-resisted|p1a: Bronzong\n|-damage|p1a: Bronzong|79\/100 par\n|-heal|p2b: Amoonguss|33\/100|[from] drain|[of] p1a: Bronzong\n|move|p1a: Bronzong|Body Press|p2a: Kleavor\n|-crit|p2a: Kleavor\n|-damage|p2a: Kleavor|25\/100\n|\n|-heal|p1a: Bronzong|85\/100 par|[from] item: Leftovers\n|-end|p1a: Bronzong|Encore\n|upkeep\n|\n|t:|1701106422\n|switch|p1b: Dipplin|Dipplin, M|100\/100\n|-ability|p1b: Dipplin|Supersweet Syrup\n|-ability|p1b: Dipplin|Supersweet Syrup|boost\n|-unboost|p2a: Kleavor|evasion|1\n|-unboost|p2b: Amoonguss|evasion|1\n|turn|11\n|\n|t:|1701106433\n|move|p2b: Amoonguss|Rage Powder|p2b: Amoonguss\n|-singleturn|p2b: Amoonguss|move: Rage Powder\n|move|p2a: Kleavor|Stone Axe|p1b: Dipplin|[miss]\n|-miss|p2a: Kleavor|p1b: Dipplin\n|move|p1b: Dipplin|Giga Drain|p2a: Kleavor\n|-damage|p2a: Kleavor|0 fnt\n|faint|p2a: Kleavor\n|move|p1a: Bronzong|Body Press|p2b: Amoonguss\n|-resisted|p2b: Amoonguss\n|-damage|p2b: Amoonguss|16\/100\n|\n|-heal|p1a: Bronzong|91\/100 par|[from] item: Leftovers\n|upkeep\n|turn|12\n|-message|EliiezerOdair forfeited.\n|\n|win|Thehombre\n|raw|Thehombre's rating: 1150 &rarr; <strong>1172<\/strong><br \/>(+22 for winning)\n|raw|EliiezerOdair's rating: 1106 &rarr; <strong>1084<\/strong><br \/>(-22 for losing)\n|l|\u203dEliiezerOdair\n","uploadtime":1701106443,"views":10,"p1id":"thehombre","p2id":"eliiezerodair","formatid":"gen9doublesou","rating":1084,"private":0,"password":""}