{"id":"gen9doublesou-1976618509","p1":"messy fighter","p2":"marios tzavaaras","format":"[Gen 9] Doubles OU","log":"|j|\u2606messy fighter\n|j|\u2606marios tzavaaras\n|t:|1698327740\n|gametype|doubles\n|player|p1|messy fighter|265|1206\n|player|p2|marios tzavaaras|giovanni|1168\n|teamsize|p1|6\n|teamsize|p2|6\n|gen|9\n|tier|[Gen 9] Doubles OU\n|rated|\n|rule|Species Clause: Limit one of each Pok\u00e9mon\n|rule|OHKO Clause: OHKO moves are banned\n|rule|Evasion Moves Clause: Evasion moves are banned\n|rule|Gravity Sleep Clause: The combination of sleep-inducing moves with imperfect accuracy and Gravity or Gigantamax Orbeetle are banned\n|rule|Endless Battle Clause: Forcing endless battles is banned\n|rule|HP Percentage Mod: HP is shown in percentages\n|clearpoke\n|poke|p1|Ursaluna-Bloodmoon, M|\n|poke|p1|Cresselia, F|\n|poke|p1|Iron Hands|\n|poke|p1|Basculegion-F, F|\n|poke|p1|Farigiraf, M|\n|poke|p1|Roaring Moon|\n|poke|p2|Clefairy, M|\n|poke|p2|Cresselia, F|\n|poke|p2|Iron Hands|\n|poke|p2|Ninetales-Alola, M|\n|poke|p2|Baxcalibur, M|\n|poke|p2|Flutter Mane|\n|teampreview\n|\n|t:|1698327745\n|start\n|switch|p1a: Ursaluna|Ursaluna-Bloodmoon, M|100\/100\n|switch|p1b: Cresselia|Cresselia, F|100\/100\n|switch|p2a: Naruto-Alola|Ninetales-Alola, M|100\/100\n|switch|p2b: zabon|Baxcalibur, M|100\/100\n|-weather|Snow|[from] ability: Snow Warning|[of] p2a: Naruto-Alola\n|turn|1\n|\n|t:|1698327755\n|move|p2a: Naruto-Alola|Aurora Veil|p2a: Naruto-Alola\n|-sidestart|p2: marios tzavaaras|move: Aurora Veil\n|move|p2b: zabon|Icicle Spear|p1a: Ursaluna\n|-supereffective|p1a: Ursaluna\n|-damage|p1a: Ursaluna|80\/100\n|-supereffective|p1a: Ursaluna\n|-damage|p1a: Ursaluna|60\/100\n|-supereffective|p1a: Ursaluna\n|-damage|p1a: Ursaluna|40\/100\n|-supereffective|p1a: Ursaluna\n|-damage|p1a: Ursaluna|18\/100\n|-hitcount|p1a: Ursaluna|4\n|move|p1a: Ursaluna|Hyper Voice|p2a: Naruto-Alola|[spread] p2a,p2b\n|-damage|p2a: Naruto-Alola|74\/100\n|-damage|p2b: zabon|74\/100\n|-enditem|p1a: Ursaluna|Throat Spray\n|-boost|p1a: Ursaluna|spa|1|[from] item: Throat Spray\n|move|p1b: Cresselia|Trick Room|p1b: Cresselia\n|-fieldstart|move: Trick Room|[of] p1b: Cresselia\n|\n|-weather|Snow|[upkeep]\n|-heal|p2b: zabon|80\/100|[from] ability: Ice Body\n|upkeep\n|turn|2\n|\n|t:|1698327781\n|move|p2b: zabon|Protect|p2b: zabon\n|-singleturn|p2b: zabon|Protect\n|move|p1a: Ursaluna|Moonblast|p2b: zabon\n|-activate|p2b: zabon|move: Protect\n|move|p1b: Cresselia|Lunar Blessing|p1b: Cresselia|[spread] p1a,p1b\n|-heal|p1a: Ursaluna|43\/100\n|move|p2a: Naruto-Alola|Encore|p1b: Cresselia\n|-start|p1b: Cresselia|Encore\n|\n|-weather|Snow|[upkeep]\n|-heal|p2b: zabon|86\/100|[from] ability: Ice Body\n|upkeep\n|turn|3\n|\n|t:|1698327802\n|switch|p2b: Granny|Cresselia, F|100\/100\n|move|p1a: Ursaluna|Moonblast|p2b: Granny\n|-damage|p2b: Granny|79\/100\n|move|p1b: Cresselia|Lunar Blessing|p1b: Cresselia|[spread] p1a,p1b\n|-heal|p1a: Ursaluna|68\/100\n|move|p2a: Naruto-Alola|Blizzard|p1a: Ursaluna|[spread] p1a,p1b\n|-supereffective|p1a: Ursaluna\n|-damage|p1a: Ursaluna|14\/100\n|-damage|p1b: Cresselia|84\/100\n|-status|p1b: Cresselia|frz\n|\n|-weather|Snow|[upkeep]\n|-heal|p1b: Cresselia|90\/100 frz|[from] item: Leftovers\n|upkeep\n|turn|4\n|\n|t:|1698327831\n|move|p1a: Ursaluna|Blood Moon|p2a: Naruto-Alola\n|-damage|p2a: Naruto-Alola|0 fnt\n|faint|p2a: Naruto-Alola\n|cant|p1b: Cresselia|frz\n|move|p2b: Granny|Lunar Blessing|p2b: Granny\n|-heal|p2b: Granny|100\/100\n|\n|-weather|Snow|[upkeep]\n|-heal|p1b: Cresselia|96\/100 frz|[from] item: Leftovers\n|upkeep\n|\n|t:|1698327839\n|switch|p2a: zabon|Baxcalibur, M|86\/100\n|turn|5\n|\n|t:|1698327858\n|move|p2b: Granny|Ally Switch|p2b: Granny\n|swap|p2b: Granny|0|[from] move: Ally Switch\n|move|p1a: Ursaluna|Moonblast|p2a: Granny\n|-damage|p2a: Granny|82\/100\n|cant|p1b: Cresselia|frz\n|move|p2b: zabon|Dragon Dance|p2b: zabon\n|-boost|p2b: zabon|atk|1\n|-boost|p2b: zabon|spe|1\n|\n|-weather|none\n|-heal|p1b: Cresselia|100\/100 frz|[from] item: Leftovers\n|-end|p1b: Cresselia|Encore\n|-fieldend|move: Trick Room\n|upkeep\n|turn|6\n|\n|t:|1698327876\n|cant|p1b: Cresselia|frz\n|move|p1a: Ursaluna|Vacuum Wave|p2b: zabon\n|-supereffective|p2b: zabon\n|-damage|p2b: zabon|53\/100\n|move|p2b: zabon|Icicle Spear|p1b: Cresselia\n|-damage|p1b: Cresselia|84\/100 frz\n|-damage|p1b: Cresselia|68\/100 frz\n|-damage|p1b: Cresselia|51\/100 frz\n|-damage|p1b: Cresselia|34\/100 frz\n|-damage|p1b: Cresselia|17\/100 frz\n|-hitcount|p1b: Cresselia|5\n|move|p2a: Granny|Moonblast|p1a: Ursaluna\n|-damage|p1a: Ursaluna|0 fnt\n|faint|p1a: Ursaluna\n|\n|-heal|p1b: Cresselia|23\/100 frz|[from] item: Leftovers\n|upkeep\n|inactive|Battle timer is ON: inactive players will automatically lose when time's up. (requested by marios tzavaaras)\n|\n|t:|1698327912\n|switch|p1a: Roaring Moon|Roaring Moon|100\/100\n|turn|7\n|\n|t:|1698327929\n|move|p1a: Roaring Moon|Dragon Claw|p2b: zabon\n|-supereffective|p2b: zabon\n|-damage|p2b: zabon|0 fnt\n|faint|p2b: zabon\n|move|p2a: Granny|Lunar Blessing|p2a: Granny\n|-heal|p2a: Granny|100\/100\n|cant|p1b: Cresselia|frz\n|\n|-heal|p1b: Cresselia|29\/100 frz|[from] item: Leftovers\n|upkeep\n|\n|t:|1698327935\n|switch|p2b: Filter|Flutter Mane|100\/100\n|-enditem|p2b: Filter|Booster Energy\n|-activate|p2b: Filter|ability: Protosynthesis|[fromitem]\n|-start|p2b: Filter|protosynthesisspe\n|turn|8\n|\n|t:|1698327960\n|-end|p1a: Roaring Moon|Protosynthesis|[silent]\n|switch|p1a: Farigiraf|Farigiraf, M|100\/100\n|move|p2b: Filter|Shadow Ball|p1b: Cresselia\n|-supereffective|p1b: Cresselia\n|-damage|p1b: Cresselia|0 fnt\n|faint|p1b: Cresselia\n|move|p2a: Granny|Moonblast|p1a: Farigiraf\n|-damage|p1a: Farigiraf|88\/100\n|\n|-sideend|p2: marios tzavaaras|move: Aurora Veil\n|upkeep\n|inactive|messy fighter has 120 seconds left.\n|\n|t:|1698327974\n|switch|p1b: Roaring Moon|Roaring Moon|100\/100\n|turn|9\n|inactive|marios tzavaaras has 120 seconds left.\n|\n|t:|1698328014\n|move|p2a: Granny|Ally Switch|p2a: Granny\n|swap|p2a: Granny|1|[from] move: Ally Switch\n|move|p1b: Roaring Moon|Iron Head|p2b: Granny\n|-damage|p2b: Granny|83\/100\n|move|p2a: Filter|Moonblast|p1b: Roaring Moon\n|-supereffective|p1b: Roaring Moon\n|-damage|p1b: Roaring Moon|0 fnt\n|faint|p1b: Roaring Moon\n|-end|p1b: Roaring Moon|Protosynthesis|[silent]\n|move|p1a: Farigiraf|Trick Room|p1a: Farigiraf\n|-fieldstart|move: Trick Room|[of] p1a: Farigiraf\n|\n|upkeep\n|\n|t:|1698328027\n|switch|p1b: Basculegion|Basculegion-F, F|100\/100\n|turn|10\n|\n|t:|1698328045\n|move|p2a: Filter|Protect|p2a: Filter\n|-singleturn|p2a: Filter|Protect\n|move|p1a: Farigiraf|Ally Switch|p1a: Farigiraf\n|swap|p1a: Farigiraf|1|[from] move: Ally Switch\n|move|p1a: Basculegion|Last Respects|p2b: Granny\n|-supereffective|p2b: Granny\n|-damage|p2b: Granny|0 fnt\n|faint|p2b: Granny\n|\n|upkeep\n|\n|t:|1698328052\n|switch|p2b: Not Granny|Clefairy, M|100\/100\n|turn|11\n|\n|t:|1698328065\n|move|p2b: Not Granny|Follow Me|p2b: Not Granny\n|-singleturn|p2b: Not Granny|move: Follow Me\n|move|p1b: Farigiraf|Twin Beam|p2b: Not Granny\n|-damage|p2b: Not Granny|91\/100\n|-damage|p2b: Not Granny|82\/100\n|-hitcount|p2b: Not Granny|2\n|move|p1a: Basculegion|Last Respects|p2b: Not Granny\n|-damage|p2b: Not Granny|0 fnt\n|faint|p2b: Not Granny\n|move|p2a: Filter|Shadow Ball|p1b: Farigiraf\n|-immune|p1b: Farigiraf\n|\n|upkeep\n|\n|t:|1698328071\n|switch|p2b: Brian|Iron Hands|100\/100\n|turn|12\n|\n|t:|1698328085\n|move|p1b: Farigiraf|Twin Beam|p2b: Brian\n|-supereffective|p2b: Brian\n|-crit|p2b: Brian\n|-damage|p2b: Brian|79\/100\n|-supereffective|p2b: Brian\n|-damage|p2b: Brian|64\/100\n|-hitcount|p2b: Brian|2\n|move|p2b: Brian|Wild Charge|p1b: Farigiraf\n|-damage|p1b: Farigiraf|27\/100\n|-damage|p2b: Brian|49\/100|[from] Recoil\n|move|p1a: Basculegion|Last Respects|p2a: Filter\n|-supereffective|p2a: Filter\n|-damage|p2a: Filter|0 fnt\n|faint|p2a: Filter\n|-end|p2a: Filter|Protosynthesis|[silent]\n|\n|upkeep\n|turn|13\n|\n|t:|1698328106\n|-terastallize|p1a: Basculegion|Psychic\n|move|p1b: Farigiraf|Ally Switch|p1b: Farigiraf\n|swap|p1b: Farigiraf|0|[from] move: Ally Switch\n|move|p2b: Brian|Wild Charge|p1a: Farigiraf\n|-damage|p1a: Farigiraf|0 fnt\n|faint|p1a: Farigiraf\n|-damage|p2b: Brian|42\/100|[from] Recoil\n|move|p1b: Basculegion|Psychic Fangs|p2b: Brian\n|-supereffective|p2b: Brian\n|-damage|p2b: Brian|0 fnt\n|faint|p2b: Brian\n|-end|p2b: Brian|Quark Drive|[silent]\n|\n|win|messy fighter\n|raw|messy fighter's rating: 1206 &rarr; <strong>1228<\/strong><br \/>(+22 for winning)\n|raw|marios tzavaaras's rating: 1168 &rarr; <strong>1146<\/strong><br \/>(-22 for losing)\n|c|\u2606messy fighter|Gg\n|c|\u2606marios tzavaaras|gg\n|l|\u2606marios tzavaaras\n","uploadtime":1698328123,"views":18,"p1id":"messyfighter","p2id":"mariostzavaaras","formatid":"gen9doublesou","rating":1146,"private":0,"password":""}