{"id":"gen9doublesou-1973136811","p1":"Blitz3rrr","p2":"Ghastlypixie","format":"[Gen 9] Doubles OU","log":"|j|\u2606Blitz3rrr\n|j|\u2606Ghastlypixie\n|t:|1697931710\n|gametype|doubles\n|player|p1|Blitz3rrr|pokemonranger-gen4|1165\n|player|p2|Ghastlypixie|plasmagruntf|1179\n|teamsize|p1|6\n|teamsize|p2|6\n|gen|9\n|tier|[Gen 9] Doubles OU\n|rated|\n|rule|Species Clause: Limit one of each Pok\u00e9mon\n|rule|OHKO Clause: OHKO moves are banned\n|rule|Evasion Moves Clause: Evasion moves are banned\n|rule|Gravity Sleep Clause: The combination of sleep-inducing moves with imperfect accuracy and Gravity or Gigantamax Orbeetle are banned\n|rule|Endless Battle Clause: Forcing endless battles is banned\n|rule|HP Percentage Mod: HP is shown in percentages\n|clearpoke\n|poke|p1|Corviknight, M|\n|poke|p1|Illumise, F|\n|poke|p1|Gallade, M|\n|poke|p1|Ogerpon-Hearthflame, F|\n|poke|p1|Ursaluna-Bloodmoon, M|\n|poke|p1|Barraskewda, F|\n|poke|p2|Landorus-Therian, M|\n|poke|p2|Weezing, F|\n|poke|p2|Heatran, F|\n|poke|p2|Tornadus, M|\n|poke|p2|Flutter Mane|\n|poke|p2|Rillaboom, F|\n|teampreview\n|inactive|Battle timer is ON: inactive players will automatically lose when time's up. (requested by Blitz3rrr)\n|\n|t:|1697931720\n|start\n|switch|p1a: Ogerpon|Ogerpon-Hearthflame, F|100\/100\n|switch|p1b: Illumise|Illumise, F|100\/100\n|switch|p2a: Weezing|Weezing, F, shiny|100\/100\n|switch|p2b: Landorus|Landorus-Therian, M|100\/100\n|-ability|p2a: Weezing|Neutralizing Gas\n|-block|p2b: Landorus|item: Ability Shield\n|-ability|p2b: Landorus|Intimidate|boost\n|-unboost|p1a: Ogerpon|atk|1\n|-unboost|p1b: Illumise|atk|1\n|-enditem|p1b: Illumise|White Herb\n|-clearnegativeboost|p1b: Illumise|[silent]\n|turn|1\n|\n|t:|1697931744\n|-terastallize|p2b: Landorus|Flying\n|move|p1a: Ogerpon|Swords Dance|p1a: Ogerpon\n|-boost|p1a: Ogerpon|atk|2\n|move|p2b: Landorus|Tera Blast|p1a: Ogerpon|[anim] Tera Blast Flying\n|-supereffective|p1a: Ogerpon\n|-damage|p1a: Ogerpon|0 fnt\n|faint|p1a: Ogerpon\n|move|p1b: Illumise|Tailwind|p1b: Illumise\n|-sidestart|p1: Blitz3rrr|move: Tailwind\n|move|p2a: Weezing|Taunt|p1b: Illumise\n|-start|p1b: Illumise|move: Taunt\n|\n|upkeep\n|inactive|Blitz3rrr has 120 seconds left.\n|\n|t:|1697931767\n|switch|p1a: Ursaluna|Ursaluna-Bloodmoon, M|100\/100\n|turn|2\n|\n|t:|1697931782\n|switch|p2b: Flutter Mane|Flutter Mane, shiny|100\/100\n|-end|p2a: Weezing|ability: Neutralizing Gas\n|switch|p2a: Tornadus|Tornadus, M|100\/100\n|move|p1b: Illumise|Struggle Bug|p2a: Tornadus|[spread] p2a,p2b\n|-resisted|p2a: Tornadus\n|-resisted|p2b: Flutter Mane\n|-damage|p2a: Tornadus|96\/100\n|-damage|p2b: Flutter Mane|98\/100\n|-unboost|p2b: Flutter Mane|spa|1\n|move|p1a: Ursaluna|Blood Moon|p2b: Flutter Mane\n|-damage|p2b: Flutter Mane|0 fnt\n|faint|p2b: Flutter Mane\n|-end|p2b: Flutter Mane|Protosynthesis|[silent]\n|-damage|p1a: Ursaluna|90\/100|[from] item: Life Orb\n|\n|upkeep\n|\n|t:|1697931798\n|switch|p2b: Heatran|Heatran, F|100\/100\n|turn|3\n|\n|t:|1697931812\n|move|p2b: Heatran|Protect|p2b: Heatran\n|-singleturn|p2b: Heatran|Protect\n|move|p2a: Tornadus|Tailwind|p2a: Tornadus\n|-sidestart|p2: Ghastlypixie|move: Tailwind\n|move|p1b: Illumise|Struggle Bug|p2b: Heatran|[spread] p2a\n|-activate|p2b: Heatran|move: Protect\n|-resisted|p2a: Tornadus\n|-damage|p2a: Tornadus|93\/100\n|move|p1a: Ursaluna|Earth Power|p2b: Heatran\n|-activate|p2b: Heatran|move: Protect\n|\n|upkeep\n|turn|4\n|\n|t:|1697931834\n|switch|p2b: Landorus|Landorus-Therian, M, tera:Flying|100\/100\n|-ability|p2b: Landorus|Intimidate|boost\n|-unboost|p1a: Ursaluna|atk|1\n|-unboost|p1b: Illumise|atk|1\n|move|p2a: Tornadus|Bleakwind Storm|p1a: Ursaluna|[spread] p1a,p1b\n|-supereffective|p1b: Illumise\n|-damage|p1a: Ursaluna|58\/100\n|-damage|p1b: Illumise|23\/100\n|move|p1b: Illumise|Infestation|p2a: Tornadus\n|-resisted|p2a: Tornadus\n|-damage|p2a: Tornadus|91\/100\n|-activate|p2a: Tornadus|move: Infestation|[of] p1b: Illumise\n|move|p1a: Ursaluna|Earth Power|p2b: Landorus\n|-immune|p2b: Landorus\n|\n|-damage|p2a: Tornadus|78\/100|[from] move: Infestation|[partiallytrapped]\n|-end|p1b: Illumise|move: Taunt\n|-sideend|p1: Blitz3rrr|move: Tailwind\n|upkeep\n|turn|5\n|inactive|Blitz3rrr has 120 seconds left.\n|inactive|Ghastlypixie has 120 seconds left.\n|\n|t:|1697931881\n|move|p2a: Tornadus|Taunt|p1b: Illumise\n|-start|p1b: Illumise|move: Taunt\n|move|p2b: Landorus|Tera Blast|p1a: Ursaluna|[anim] Tera Blast Flying\n|-damage|p1a: Ursaluna|18\/100\n|move|p1b: Illumise|Infestation|p2b: Landorus\n|-resisted|p2b: Landorus\n|-damage|p2b: Landorus|97\/100\n|-activate|p2b: Landorus|move: Infestation|[of] p1b: Illumise\n|move|p1a: Ursaluna|Blood Moon|p2a: Tornadus\n|-damage|p2a: Tornadus|0 fnt\n|faint|p2a: Tornadus\n|-damage|p1a: Ursaluna|8\/100|[from] item: Life Orb\n|\n|-damage|p2b: Landorus|85\/100|[from] move: Infestation|[partiallytrapped]\n|upkeep\n|l|\u2606Blitz3rrr\n|inactive|Blitz3rrr disconnected and has a minute to reconnect!\n|player|p1|\n|\n|t:|1697931898\n|switch|p2a: Rillaboom|Rillaboom, F|100\/100\n|-fieldstart|move: Grassy Terrain|[from] ability: Grassy Surge|[of] p2a: Rillaboom\n|turn|6\n|inactive|Ghastlypixie has 120 seconds left.\n|j|\u2606Blitz3rrr\n|inactive|Blitz3rrr reconnected and has 120 seconds left.\n|player|p1|Blitz3rrr|pokemonranger-gen4\n|\n|t:|1697931926\n|move|p2a: Rillaboom|Fake Out|p1a: Ursaluna\n|-damage|p1a: Ursaluna|0 fnt\n|faint|p1a: Ursaluna\n|move|p2b: Landorus|Tera Blast|p1b: Illumise|[anim] Tera Blast Flying\n|-supereffective|p1b: Illumise\n|-damage|p1b: Illumise|0 fnt\n|faint|p1b: Illumise\n|\n|-end|p2b: Landorus|Infestation|[partiallytrapped]|[silent]\n|-sideend|p2: Ghastlypixie|move: Tailwind\n|upkeep\n|\n|t:|1697931944\n|switch|p1b: Corviknight|Corviknight, M|100\/100\n|switch|p1a: Barraskewda|Barraskewda, F|100\/100\n|turn|7\n|inactive|Blitz3rrr has 120 seconds left.\n|\n|t:|1697931959\n|-terastallize|p1a: Barraskewda|Poison\n|move|p2a: Rillaboom|Grassy Glide|p1a: Barraskewda\n|-resisted|p1a: Barraskewda\n|-damage|p1a: Barraskewda|58\/100\n|move|p1a: Barraskewda|Poison Jab|p2a: Rillaboom\n|-supereffective|p2a: Rillaboom\n|-damage|p2a: Rillaboom|32\/100\n|move|p2b: Landorus|U-turn|p1b: Corviknight\n|-resisted|p1b: Corviknight\n|-damage|p1b: Corviknight|97\/100\n|\n|t:|1697931971\n|switch|p2b: Weezing|Weezing, F, shiny|100\/100|[from] U-turn\n|-ability|p2b: Weezing|Neutralizing Gas\n|move|p1b: Corviknight|Brave Bird|p2b: Weezing\n|-damage|p2b: Weezing|70\/100\n|-damage|p1b: Corviknight|88\/100|[from] Recoil\n|\n|-heal|p1a: Barraskewda|64\/100|[from] Grassy Terrain\n|-heal|p2a: Rillaboom|38\/100|[from] Grassy Terrain\n|-heal|p1b: Corviknight|95\/100|[from] item: Leftovers\n|-heal|p2b: Weezing|76\/100|[from] Grassy Terrain\n|-heal|p2b: Weezing|82\/100|[from] item: Black Sludge\n|upkeep\n|turn|8\n|\n|t:|1697931992\n|move|p1a: Barraskewda|Drill Run|p2b: Weezing\n|-supereffective|p2b: Weezing\n|-damage|p2b: Weezing|36\/100\n|move|p2a: Rillaboom|U-turn|p1a: Barraskewda\n|-resisted|p1a: Barraskewda\n|-damage|p1a: Barraskewda|37\/100\n|\n|t:|1697931998\n|switch|p2a: Landorus|Landorus-Therian, M, tera:Flying|85\/100|[from] U-turn\n|-ability|p2a: Landorus|Intimidate|boost\n|-unboost|p1a: Barraskewda|atk|1\n|-unboost|p1b: Corviknight|atk|1\n|move|p1b: Corviknight|Brave Bird|p2a: Landorus\n|-damage|p2a: Landorus|53\/100\n|-damage|p1b: Corviknight|86\/100|[from] Recoil\n|move|p2b: Weezing|Will-O-Wisp|p1b: Corviknight\n|-status|p1b: Corviknight|brn\n|\n|-heal|p1a: Barraskewda|43\/100|[from] Grassy Terrain\n|-heal|p1b: Corviknight|93\/100 brn|[from] item: Leftovers\n|-heal|p2b: Weezing|42\/100|[from] Grassy Terrain\n|-heal|p2b: Weezing|48\/100|[from] item: Black Sludge\n|-damage|p1b: Corviknight|86\/100 brn|[from] brn\n|upkeep\n|turn|9\n|inactive|Blitz3rrr has 120 seconds left.\n|\n|t:|1697932034\n|move|p1a: Barraskewda|Poison Jab|p2a: Landorus\n|-damage|p2a: Landorus|19\/100\n|move|p2a: Landorus|Stomping Tantrum|p1a: Barraskewda\n|-supereffective|p1a: Barraskewda\n|-damage|p1a: Barraskewda|0 fnt\n|faint|p1a: Barraskewda\n|move|p1b: Corviknight|Iron Head|p2b: Weezing\n|-damage|p2b: Weezing|41\/100\n|cant|p2b: Weezing|flinch\n|\n|-heal|p1b: Corviknight|93\/100 brn|[from] item: Leftovers\n|-heal|p2b: Weezing|47\/100|[from] Grassy Terrain\n|-heal|p2b: Weezing|53\/100|[from] item: Black Sludge\n|-damage|p1b: Corviknight|86\/100 brn|[from] brn\n|upkeep\n|\n|t:|1697932051\n|switch|p1a: Gallade|Gallade, M|100\/100\n|turn|10\n|inactive|Blitz3rrr has 120 seconds left.\n|\n|t:|1697932061\n|move|p2a: Landorus|Tera Blast|p1a: Gallade|[anim] Tera Blast Flying\n|-supereffective|p1a: Gallade\n|-damage|p1a: Gallade|0 fnt\n|faint|p1a: Gallade\n|move|p1b: Corviknight|Brave Bird|p2a: Landorus\n|-damage|p2a: Landorus|5\/100\n|-damage|p1b: Corviknight|82\/100 brn|[from] Recoil\n|move|p2b: Weezing|Taunt|p1b: Corviknight\n|-start|p1b: Corviknight|move: Taunt\n|\n|-heal|p1b: Corviknight|89\/100 brn|[from] item: Leftovers\n|-heal|p2b: Weezing|59\/100|[from] Grassy Terrain\n|-heal|p2b: Weezing|65\/100|[from] item: Black Sludge\n|-damage|p1b: Corviknight|82\/100 brn|[from] brn\n|-fieldend|move: Grassy Terrain\n|upkeep\n|turn|11\n|-message|Blitz3rrr forfeited.\n|\n|win|Ghastlypixie\n|raw|Blitz3rrr's rating: 1165 &rarr; <strong>1141<\/strong><br \/>(-24 for losing)\n|raw|Ghastlypixie's rating: 1179 &rarr; <strong>1203<\/strong><br \/>(+24 for winning)\n|l|\u2606Blitz3rrr\n","uploadtime":1697932081,"views":13,"p1id":"blitz3rrr","p2id":"ghastlypixie","formatid":"gen9doublesou","rating":1141,"private":0,"password":""}