{"id":"gen9doublesou-1993071676","p1":"Kiky14","p2":"80lpos31don","format":"[Gen 9] Doubles OU","log":"|j|\u2606Kiky14\n|j|\u260680lpos31don\n|t:|1700261526\n|gametype|doubles\n|player|p1|Kiky14|hilda-wonderlauncher|1372\n|player|p2|80lpos31don|170|1414\n|teamsize|p1|6\n|teamsize|p2|6\n|gen|9\n|tier|[Gen 9] Doubles OU\n|rated|\n|rule|Species Clause: Limit one of each Pok\u00e9mon\n|rule|OHKO Clause: OHKO moves are banned\n|rule|Evasion Moves Clause: Evasion moves are banned\n|rule|Gravity Sleep Clause: The combination of sleep-inducing moves with imperfect accuracy and Gravity or Gigantamax Orbeetle are banned\n|rule|Endless Battle Clause: Forcing endless battles is banned\n|rule|HP Percentage Mod: HP is shown in percentages\n|clearpoke\n|poke|p1|Sinistcha|\n|poke|p1|Iron Hands|\n|poke|p1|Arcanine-Hisui, M|\n|poke|p1|Ogerpon-Wellspring, F|\n|poke|p1|Cresselia, F|\n|poke|p1|Landorus-Therian, M|\n|poke|p2|Murkrow, F|\n|poke|p2|Torkoal, M|\n|poke|p2|Typhlosion-Hisui, F|\n|poke|p2|Arcanine-Hisui, M|\n|poke|p2|Walking Wake|\n|poke|p2|Ninetales, F|\n|teampreview\n|l|\u2606Kiky14\n|player|p1|\n|j|\u2606Kiky14\n|player|p1|Kiky14|hilda-wonderlauncher\n|inactive|Battle timer is ON: inactive players will automatically lose when time's up. (requested by 80lpos31don)\n|\n|t:|1700261568\n|start\n|switch|p1a: Landorus|Landorus-Therian, M|100\/100\n|switch|p1b: Cresselia|Cresselia, F|100\/100\n|switch|p2a: Torkoal|Torkoal, M|100\/100\n|switch|p2b: Murkrow|Murkrow, F|100\/100\n|-ability|p1a: Landorus|Intimidate|boost\n|-unboost|p2a: Torkoal|atk|1\n|-unboost|p2b: Murkrow|atk|1\n|-weather|SunnyDay|[from] ability: Drought|[of] p2a: Torkoal\n|turn|1\n|\n|t:|1700261589\n|move|p2b: Murkrow|Taunt|p1b: Cresselia\n|-start|p1b: Cresselia|move: Taunt\n|move|p1a: Landorus|Earthquake|p2a: Torkoal|[spread] p2a\n|-immune|p1b: Cresselia|[from] ability: Levitate\n|-immune|p2b: Murkrow\n|-supereffective|p2a: Torkoal\n|-damage|p2a: Torkoal|40\/100\n|cant|p1b: Cresselia|move: Taunt|Light Screen\n|move|p2a: Torkoal|Stealth Rock|p1b: Cresselia\n|-sidestart|p1: Kiky14|move: Stealth Rock\n|\n|-weather|SunnyDay|[upkeep]\n|upkeep\n|turn|2\n|inactive|80lpos31don has 120 seconds left.\n|\n|t:|1700261630\n|move|p2b: Murkrow|Tailwind|p2b: Murkrow\n|-sidestart|p2: 80lpos31don|move: Tailwind\n|move|p1a: Landorus|Earthquake|p2b: Murkrow|[spread] p2a\n|-immune|p1b: Cresselia|[from] ability: Levitate\n|-immune|p2b: Murkrow\n|-supereffective|p2a: Torkoal\n|-damage|p2a: Torkoal|0 fnt\n|faint|p2a: Torkoal\n|move|p1b: Cresselia|Icy Wind|p2b: Murkrow\n|-supereffective|p2b: Murkrow\n|-damage|p2b: Murkrow|80\/100\n|-unboost|p2b: Murkrow|spe|1\n|\n|-weather|SunnyDay|[upkeep]\n|upkeep\n|\n|t:|1700261642\n|switch|p2a: Typhlosion|Typhlosion-Hisui, F, shiny|100\/100\n|-item|p1a: Landorus|Choice Scarf|[from] ability: Frisk|[of] p2a: Typhlosion|[identify]\n|-item|p1b: Cresselia|Light Clay|[from] ability: Frisk|[of] p2a: Typhlosion|[identify]\n|turn|3\n|inactive|80lpos31don has 120 seconds left.\n|inactive|Kiky14 has 120 seconds left.\n|\n|t:|1700261674\n|switch|p2b: Arcanine|Arcanine-Hisui, M, shiny|100\/100\n|-ability|p2b: Arcanine|Intimidate|boost\n|-unboost|p1a: Landorus|atk|1\n|-unboost|p1b: Cresselia|atk|1\n|switch|p1b: Arcanine|Arcanine-Hisui, M|100\/100\n|-damage|p1b: Arcanine|76\/100|[from] Stealth Rock\n|-ability|p1b: Arcanine|Intimidate|boost\n|-unboost|p2a: Typhlosion|atk|1\n|-unboost|p2b: Arcanine|atk|1\n|-terastallize|p2a: Typhlosion|Fire\n|move|p2a: Typhlosion|Eruption|p1a: Landorus|[spread] p1a,p1b\n|-resisted|p1b: Arcanine\n|-damage|p1a: Landorus|0 fnt\n|-damage|p1b: Arcanine|34\/100\n|faint|p1a: Landorus\n|\n|-weather|SunnyDay|[upkeep]\n|-heal|p1b: Arcanine|40\/100|[from] item: Leftovers\n|upkeep\n|inactive|Kiky14 has 120 seconds left.\n|\n|t:|1700261689\n|switch|p1a: Ogerpon|Ogerpon-Wellspring, F|100\/100\n|-damage|p1a: Ogerpon|88\/100|[from] Stealth Rock\n|turn|4\n|inactive|Kiky14 has 120 seconds left.\n|\n|t:|1700261711\n|switch|p2b: Walking Wake|Walking Wake|100\/100\n|-activate|p2b: Walking Wake|ability: Protosynthesis\n|-start|p2b: Walking Wake|protosynthesisspa\n|-terastallize|p1a: Ogerpon|Water\n|detailschange|p1a: Ogerpon|Ogerpon-Wellspring-Tera, F, tera:Water\n|-ability|p1a: Ogerpon|Embody Aspect (Wellspring)|boost\n|-boost|p1a: Ogerpon|spd|1\n|move|p1b: Arcanine|Protect|p1b: Arcanine\n|-singleturn|p1b: Arcanine|Protect\n|move|p2a: Typhlosion|Eruption|p1a: Ogerpon|[spread] p1a\n|-activate|p1b: Arcanine|move: Protect\n|-resisted|p1a: Ogerpon\n|-damage|p1a: Ogerpon|38\/100\n|move|p1a: Ogerpon|Leech Seed|p2a: Typhlosion\n|-start|p2a: Typhlosion|move: Leech Seed\n|\n|-weather|SunnyDay|[upkeep]\n|-heal|p1b: Arcanine|47\/100|[from] item: Leftovers\n|-damage|p2a: Typhlosion|88\/100|[from] Leech Seed|[of] p1a: Ogerpon\n|-heal|p1a: Ogerpon|50\/100|[silent]\n|upkeep\n|turn|5\n|inactive|Kiky14 has 120 seconds left.\n|inactive|80lpos31don has 120 seconds left.\n|\n|t:|1700261747\n|move|p1a: Ogerpon|Spiky Shield|p1a: Ogerpon\n|-singleturn|p1a: Ogerpon|move: Protect\n|move|p2b: Walking Wake|Hydro Steam|p1a: Ogerpon\n|-activate|p1a: Ogerpon|move: Protect\n|move|p2a: Typhlosion|Eruption|p1b: Arcanine|[spread] p1b\n|-activate|p1a: Ogerpon|move: Protect\n|-resisted|p1b: Arcanine\n|-damage|p1b: Arcanine|9\/100\n|move|p1b: Arcanine|Rock Slide|p2b: Walking Wake|[spread] p2a,p2b\n|-supereffective|p2a: Typhlosion\n|-damage|p2a: Typhlosion|12\/100\n|-damage|p2b: Walking Wake|73\/100\n|\n|-weather|SunnyDay|[upkeep]\n|-heal|p1b: Arcanine|15\/100|[from] item: Leftovers\n|-damage|p2a: Typhlosion|0 fnt|[from] Leech Seed|[of] p1a: Ogerpon\n|-heal|p1a: Ogerpon|61\/100|[silent]\n|faint|p2a: Typhlosion\n|-sideend|p2: 80lpos31don|move: Tailwind\n|upkeep\n|\n|t:|1700261761\n|switch|p2a: Murkrow|Murkrow, F|80\/100\n|turn|6\n|inactive|Kiky14 has 120 seconds left.\n|l|\u260680lpos31don\n|inactive|80lpos31don disconnected and has a minute to reconnect!\n|player|p2|\n|\n|t:|1700261795\n|switch|p1a: Sinistcha|Sinistcha|100\/100\n|-damage|p1a: Sinistcha|88\/100|[from] Stealth Rock\n|-heal|p1b: Arcanine|40\/100|[from] ability: Hospitality|[of] p1a: Sinistcha\n|move|p2a: Murkrow|Tailwind|p2a: Murkrow\n|-sidestart|p2: 80lpos31don|move: Tailwind\n|move|p2b: Walking Wake|Hydro Steam|p1a: Sinistcha\n|-resisted|p1a: Sinistcha\n|-damage|p1a: Sinistcha|50\/100\n|move|p1b: Arcanine|Snarl|p2a: Murkrow|[spread] p2a,p2b\n|-resisted|p2a: Murkrow\n|-damage|p2a: Murkrow|75\/100\n|-damage|p2b: Walking Wake|63\/100\n|-unboost|p2a: Murkrow|spa|1\n|-unboost|p2b: Walking Wake|spa|1\n|\n|-weather|SunnyDay|[upkeep]\n|-heal|p1b: Arcanine|47\/100|[from] item: Leftovers\n|-heal|p1a: Sinistcha|56\/100|[from] item: Leftovers\n|upkeep\n|turn|7\n|j|\u260680lpos31don\n|inactive|80lpos31don reconnected and has 150 seconds left.\n|player|p2|80lpos31don|170\n|inactive|Kiky14 has 120 seconds left.\n|l|\u260680lpos31don\n|inactive|80lpos31don disconnected and has a minute to reconnect!\n|player|p2|\n|j|\u260680lpos31don\n|inactive|80lpos31don reconnected.\n|player|p2|80lpos31don|170\n|\n|t:|1700261844\n|move|p2a: Murkrow|Haze|p2a: Murkrow\n|-clearallboost\n|move|p2b: Walking Wake|Hydro Steam|p1a: Sinistcha\n|-resisted|p1a: Sinistcha\n|-damage|p1a: Sinistcha|18\/100\n|move|p1b: Arcanine|Rock Slide|p2a: Murkrow|[spread] p2a,p2b\n|-supereffective|p2a: Murkrow\n|-damage|p2a: Murkrow|20\/100\n|-damage|p2b: Walking Wake|37\/100\n|move|p1a: Sinistcha|Matcha Gotcha|p2a: Murkrow|[spread] p2a,p2b\n|-resisted|p2a: Murkrow\n|-crit|p2a: Murkrow\n|-crit|p2b: Walking Wake\n|-damage|p2a: Murkrow|1\/100\n|-heal|p1a: Sinistcha|26\/100|[from] drain|[of] p2a: Murkrow\n|-damage|p2b: Walking Wake|0 fnt\n|-heal|p1a: Sinistcha|44\/100|[from] drain|[of] p2b: Walking Wake\n|faint|p2b: Walking Wake\n|-end|p2b: Walking Wake|Protosynthesis|[silent]\n|\n|-weather|SunnyDay|[upkeep]\n|-heal|p1b: Arcanine|53\/100|[from] item: Leftovers\n|-heal|p1a: Sinistcha|50\/100|[from] item: Leftovers\n|upkeep\n|\n|t:|1700261855\n|switch|p2b: Arcanine|Arcanine-Hisui, M, shiny|100\/100\n|-ability|p2b: Arcanine|Intimidate|boost\n|-unboost|p1a: Sinistcha|atk|1\n|-unboost|p1b: Arcanine|atk|1\n|turn|8\n|inactive|Kiky14 has 120 seconds left.\n|\n|t:|1700261863\n|move|p1a: Sinistcha|Protect|p1a: Sinistcha\n|-singleturn|p1a: Sinistcha|Protect\n|move|p2b: Arcanine|Rock Slide|p1b: Arcanine|[spread] p1b\n|-activate|p1a: Sinistcha|move: Protect\n|-supereffective|p1b: Arcanine\n|-damage|p1b: Arcanine|0 fnt\n|faint|p1b: Arcanine\n|move|p2a: Murkrow|Foul Play|p1a: Sinistcha\n|-activate|p1a: Sinistcha|move: Protect\n|\n|-weather|none\n|-heal|p1a: Sinistcha|56\/100|[from] item: Leftovers\n|upkeep\n|inactive|Kiky14 has 120 seconds left.\n|\n|t:|1700261874\n|switch|p1b: Cresselia|Cresselia, F|100\/100\n|-damage|p1b: Cresselia|88\/100|[from] Stealth Rock\n|turn|9\n|\n|t:|1700261886\n|switch|p2b: Ninetales|Ninetales, F, shiny|100\/100\n|-weather|SunnyDay|[from] ability: Drought|[of] p2b: Ninetales\n|move|p2a: Murkrow|Taunt|p1b: Cresselia\n|-start|p1b: Cresselia|move: Taunt\n|move|p1b: Cresselia|Icy Wind|p2a: Murkrow|[spread] p2a,p2b\n|-supereffective|p2a: Murkrow\n|-resisted|p2b: Ninetales\n|-damage|p2a: Murkrow|0 fnt\n|-damage|p2b: Ninetales|97\/100\n|-unboost|p2b: Ninetales|spe|1\n|faint|p2a: Murkrow\n|move|p1a: Sinistcha|Strength Sap|p2b: Ninetales\n|-unboost|p2b: Ninetales|atk|1\n|-heal|p1a: Sinistcha|97\/100\n|\n|-weather|SunnyDay|[upkeep]\n|-heal|p1a: Sinistcha|100\/100|[from] item: Leftovers\n|-sideend|p2: 80lpos31don|move: Tailwind\n|upkeep\n|\n|t:|1700261892\n|switch|p2a: Arcanine|Arcanine-Hisui, M, shiny|100\/100\n|-ability|p2a: Arcanine|Intimidate|boost\n|-unboost|p1a: Sinistcha|atk|1\n|-unboost|p1b: Cresselia|atk|1\n|turn|10\n|\n|t:|1700261919\n|move|p1a: Sinistcha|Protect|p1a: Sinistcha\n|-singleturn|p1a: Sinistcha|Protect\n|move|p2a: Arcanine|Rock Slide|p1a: Sinistcha|[spread] p1b\n|-activate|p1a: Sinistcha|move: Protect\n|-damage|p1b: Cresselia|62\/100\n|cant|p1b: Cresselia|flinch\n|move|p2b: Ninetales|Will-O-Wisp|p1b: Cresselia\n|-status|p1b: Cresselia|brn\n|\n|-weather|SunnyDay|[upkeep]\n|-damage|p1b: Cresselia|56\/100 brn|[from] brn\n|upkeep\n|turn|11\n|\n|t:|1700261937\n|move|p2a: Arcanine|Rock Slide|p1a: Sinistcha|[spread] p1a,p1b\n|-damage|p1a: Sinistcha|66\/100\n|-damage|p1b: Cresselia|29\/100 brn\n|cant|p1b: Cresselia|flinch\n|move|p1a: Sinistcha|Strength Sap|p2a: Arcanine\n|-unboost|p2a: Arcanine|atk|1\n|-heal|p1a: Sinistcha|100\/100\n|move|p2b: Ninetales|Will-O-Wisp|p1a: Sinistcha\n|-status|p1a: Sinistcha|brn\n|\n|-weather|SunnyDay|[upkeep]\n|-damage|p1b: Cresselia|23\/100 brn|[from] brn\n|-damage|p1a: Sinistcha|94\/100 brn|[from] brn\n|-end|p1b: Cresselia|move: Taunt\n|upkeep\n|turn|12\n|\n|t:|1700261957\n|move|p2a: Arcanine|Rock Slide|p1b: Cresselia|[spread] p1a,p1b\n|-damage|p1a: Sinistcha|72\/100 brn\n|-damage|p1b: Cresselia|6\/100 brn\n|move|p1b: Cresselia|Moonlight|p1b: Cresselia\n|-heal|p1b: Cresselia|73\/100 brn\n|move|p1a: Sinistcha|Matcha Gotcha|p2b: Ninetales|[spread] p2a\n|-miss|p1a: Sinistcha|p2b: Ninetales\n|-damage|p2a: Arcanine|72\/100\n|-heal|p1a: Sinistcha|86\/100 brn|[from] drain|[of] p2a: Arcanine\n|move|p2b: Ninetales|Roar|p1a: Sinistcha\n|drag|p1a: Iron Hands|Iron Hands|100\/100\n|-damage|p1a: Iron Hands|94\/100|[from] Stealth Rock\n|\n|-weather|SunnyDay|[upkeep]\n|-damage|p1b: Cresselia|67\/100 brn|[from] brn\n|upkeep\n|turn|13\n|\n|t:|1700261980\n|move|p1a: Iron Hands|Fake Out|p2b: Ninetales\n|-damage|p2b: Ninetales|84\/100\n|move|p2a: Arcanine|Rock Slide|p1b: Cresselia|[spread] p1a,p1b\n|-resisted|p1a: Iron Hands\n|-damage|p1a: Iron Hands|86\/100\n|-damage|p1b: Cresselia|48\/100 brn\n|cant|p1b: Cresselia|flinch\n|cant|p2b: Ninetales|flinch\n|\n|-weather|SunnyDay|[upkeep]\n|-damage|p1b: Cresselia|42\/100 brn|[from] brn\n|upkeep\n|turn|14\n|\n|t:|1700262006\n|move|p2a: Arcanine|Rock Slide|p1a: Iron Hands|[spread] p1b\n|-miss|p2a: Arcanine|p1a: Iron Hands\n|-damage|p1b: Cresselia|25\/100 brn\n|cant|p1b: Cresselia|flinch\n|move|p2b: Ninetales|Will-O-Wisp|p1a: Iron Hands\n|-status|p1a: Iron Hands|brn\n|move|p1a: Iron Hands|Drain Punch|p2a: Arcanine\n|-supereffective|p2a: Arcanine\n|-damage|p2a: Arcanine|18\/100\n|-heal|p1a: Iron Hands|100\/100 brn|[from] drain|[of] p2a: Arcanine\n|\n|-weather|SunnyDay|[upkeep]\n|-damage|p1b: Cresselia|18\/100 brn|[from] brn\n|-damage|p1a: Iron Hands|94\/100 brn|[from] brn\n|upkeep\n|turn|15\n|\n|t:|1700262024\n|move|p2a: Arcanine|Rock Slide|p1a: Iron Hands|[spread] p1a,p1b\n|-resisted|p1a: Iron Hands\n|-damage|p1a: Iron Hands|87\/100 brn\n|-damage|p1b: Cresselia|2\/100 brn\n|move|p1b: Cresselia|Moonlight|p1b: Cresselia\n|-heal|p1b: Cresselia|69\/100 brn\n|move|p2b: Ninetales|Calm Mind|p2b: Ninetales\n|-boost|p2b: Ninetales|spa|1\n|-boost|p2b: Ninetales|spd|1\n|move|p1a: Iron Hands|Drain Punch|p2a: Arcanine\n|-supereffective|p2a: Arcanine\n|-damage|p2a: Arcanine|0 fnt\n|-heal|p1a: Iron Hands|93\/100 brn|[from] drain|[of] p2a: Arcanine\n|faint|p2a: Arcanine\n|\n|-weather|SunnyDay|[upkeep]\n|-damage|p1b: Cresselia|62\/100 brn|[from] brn\n|-damage|p1a: Iron Hands|87\/100 brn|[from] brn\n|upkeep\n|turn|16\n|\n|t:|1700262036\n|move|p1b: Cresselia|Light Screen|p1b: Cresselia\n|-sidestart|p1: Kiky14|move: Light Screen\n|move|p2b: Ninetales|Calm Mind|p2b: Ninetales\n|-boost|p2b: Ninetales|spa|1\n|-boost|p2b: Ninetales|spd|1\n|move|p1a: Iron Hands|Wild Charge|p2b: Ninetales\n|-damage|p2b: Ninetales|61\/100\n|-damage|p1a: Iron Hands|83\/100 brn|[from] Recoil\n|\n|-weather|none\n|-damage|p1b: Cresselia|56\/100 brn|[from] brn\n|-damage|p1a: Iron Hands|76\/100 brn|[from] brn\n|upkeep\n|turn|17\n|\n|t:|1700262056\n|switch|p1b: Ogerpon|Ogerpon-Wellspring-Tera, F, tera:Water|61\/100\n|-damage|p1b: Ogerpon|49\/100|[from] Stealth Rock\n|-ability|p1b: Ogerpon|Embody Aspect (Wellspring)|boost\n|-boost|p1b: Ogerpon|spd|1\n|-end|p1a: Iron Hands|Quark Drive|[silent]\n|switch|p1a: Sinistcha|Sinistcha|86\/100 brn\n|-damage|p1a: Sinistcha|74\/100 brn|[from] Stealth Rock\n|-heal|p1b: Ogerpon|74\/100|[from] ability: Hospitality|[of] p1a: Sinistcha\n|move|p2b: Ninetales|Roar|p1a: Sinistcha\n|drag|p1a: Cresselia|Cresselia, F|56\/100 brn\n|-damage|p1a: Cresselia|44\/100 brn|[from] Stealth Rock\n|\n|-damage|p1a: Cresselia|38\/100 brn|[from] brn\n|upkeep\n|turn|18\n|\n|t:|1700262076\n|switch|p1a: Sinistcha|Sinistcha|74\/100 brn\n|-damage|p1a: Sinistcha|61\/100 brn|[from] Stealth Rock\n|-heal|p1b: Ogerpon|99\/100|[from] ability: Hospitality|[of] p1a: Sinistcha\n|move|p1b: Ogerpon|Ivy Cudgel|p2b: Ninetales|[anim] Ivy Cudgel Water\n|-supereffective|p2b: Ninetales\n|-damage|p2b: Ninetales|0 fnt\n|faint|p2b: Ninetales\n|\n|win|Kiky14\n|raw|Kiky14's rating: 1372 &rarr; <strong>1394<\/strong><br \/>(+22 for winning)\n|raw|80lpos31don's rating: 1414 &rarr; <strong>1392<\/strong><br \/>(-22 for losing)\n|l|\u260680lpos31don\n","uploadtime":1700262120,"views":6,"p1id":"kiky14","p2id":"80lpos31don","formatid":"gen9doublesou","rating":1392,"private":0,"password":""}