{"id":"gen9doublesou-1974469522","p1":"ChimeBliss","p2":"Testingchev2","format":"[Gen 9] Doubles OU","log":"|j|\u2606ChimeBliss\n|j|\u2606Testingchev2\n|t:|1698089575\n|gametype|doubles\n|player|p1|ChimeBliss|dawn-gen4pt|1318\n|player|p2|Testingchev2|266|1415\n|teamsize|p1|6\n|teamsize|p2|6\n|gen|9\n|tier|[Gen 9] Doubles OU\n|rated|\n|rule|Species Clause: Limit one of each Pok\u00e9mon\n|rule|OHKO Clause: OHKO moves are banned\n|rule|Evasion Moves Clause: Evasion moves are banned\n|rule|Gravity Sleep Clause: The combination of sleep-inducing moves with imperfect accuracy and Gravity or Gigantamax Orbeetle are banned\n|rule|Endless Battle Clause: Forcing endless battles is banned\n|rule|HP Percentage Mod: HP is shown in percentages\n|clearpoke\n|poke|p1|Chien-Pao|\n|poke|p1|Tornadus, M|\n|poke|p1|Dragonite, M|\n|poke|p1|Chi-Yu|\n|poke|p1|Flutter Mane|\n|poke|p1|Landorus, M|\n|poke|p2|Dipplin, M|\n|poke|p2|Walking Wake|\n|poke|p2|Torkoal, M|\n|poke|p2|Iron Hands|\n|poke|p2|Roaring Moon|\n|poke|p2|Heatran, M|\n|teampreview\n|inactive|Battle timer is ON: inactive players will automatically lose when time's up. (requested by ChimeBliss)\n|\n|t:|1698089602\n|start\n|switch|p1a: Tornadus|Tornadus, M|100\/100\n|switch|p1b: Landorus|Landorus, M|100\/100\n|switch|p2a: Torkoal|Torkoal, M|100\/100\n|switch|p2b: Iron Hands|Iron Hands|100\/100\n|-weather|SunnyDay|[from] ability: Drought|[of] p2a: Torkoal\n|turn|1\n|inactive|ChimeBliss has 120 seconds left.\n|\n|t:|1698089634\n|move|p1a: Tornadus|Protect|p1a: Tornadus\n|-singleturn|p1a: Tornadus|Protect\n|move|p1b: Landorus|Earth Power|p2a: Torkoal\n|-supereffective|p2a: Torkoal\n|-damage|p2a: Torkoal|0 fnt\n|faint|p2a: Torkoal\n|move|p2b: Iron Hands|Ice Punch|p1b: Landorus\n|-supereffective|p1b: Landorus\n|-damage|p1b: Landorus|0 fnt\n|faint|p1b: Landorus\n|\n|-weather|SunnyDay|[upkeep]\n|upkeep\n|\n|t:|1698089654\n|switch|p1b: Chi-Yu|Chi-Yu|100\/100\n|switch|p2a: Dipplin|Dipplin, M|100\/100\n|-ability|p1b: Chi-Yu|Beads of Ruin\n|turn|2\n|\n|t:|1698089668\n|move|p1b: Chi-Yu|Overheat|p2b: Iron Hands\n|-damage|p2b: Iron Hands|11\/100\n|-unboost|p1b: Chi-Yu|spa|2\n|move|p1a: Tornadus|Bleakwind Storm|p2b: Iron Hands|[spread] p2a\n|-miss|p1a: Tornadus|p2b: Iron Hands\n|-supereffective|p2a: Dipplin\n|-damage|p2a: Dipplin|43\/100\n|move|p2b: Iron Hands|Wild Charge|p1a: Tornadus\n|-supereffective|p1a: Tornadus\n|-enditem|p1a: Tornadus|Focus Sash\n|-damage|p1a: Tornadus|1\/100\n|-damage|p2b: Iron Hands|0 fnt|[from] Recoil\n|faint|p2b: Iron Hands\n|-end|p2b: Iron Hands|Quark Drive|[silent]\n|move|p2a: Dipplin|Growth|p2a: Dipplin\n|-boost|p2a: Dipplin|atk|2\n|-boost|p2a: Dipplin|spa|2\n|\n|-weather|SunnyDay|[upkeep]\n|upkeep\n|inactive|Testingchev2 has 120 seconds left.\n|\n|t:|1698089694\n|switch|p2b: Heatran|Heatran, M|100\/100\n|-item|p2b: Heatran|Air Balloon\n|turn|3\n|\n|t:|1698089708\n|move|p1a: Tornadus|Tailwind|p1a: Tornadus\n|-sidestart|p1: ChimeBliss|move: Tailwind\n|move|p1b: Chi-Yu|Overheat|p2a: Dipplin\n|-damage|p2a: Dipplin|1\/100\n|-unboost|p1b: Chi-Yu|spa|2\n|move|p2b: Heatran|Earth Power|p1b: Chi-Yu\n|-supereffective|p1b: Chi-Yu\n|-damage|p1b: Chi-Yu|23\/100\n|-unboost|p1b: Chi-Yu|spd|1\n|move|p2a: Dipplin|Giga Drain|p1a: Tornadus\n|-resisted|p1a: Tornadus\n|-damage|p1a: Tornadus|0 fnt\n|-heal|p2a: Dipplin|1\/100|[from] drain|[of] p1a: Tornadus\n|faint|p1a: Tornadus\n|\n|-weather|SunnyDay|[upkeep]\n|upkeep\n|\n|t:|1698089717\n|switch|p1a: Chien-Pao|Chien-Pao|100\/100\n|-ability|p1a: Chien-Pao|Sword of Ruin\n|turn|4\n|inactive|Testingchev2 has 120 seconds left.\n|\n|t:|1698089747\n|move|p2b: Heatran|Protect|p2b: Heatran\n|-singleturn|p2b: Heatran|Protect\n|move|p1b: Chi-Yu|Overheat|p2a: Dipplin\n|-damage|p2a: Dipplin|0 fnt\n|-unboost|p1b: Chi-Yu|spa|2\n|faint|p2a: Dipplin\n|move|p1a: Chien-Pao|Sacred Sword|p2b: Heatran\n|-activate|p2b: Heatran|move: Protect\n|\n|-weather|SunnyDay|[upkeep]\n|upkeep\n|inactive|Testingchev2 has 120 seconds left.\n|\n|t:|1698089760\n|switch|p2a: Roaring Moon|Roaring Moon|100\/100\n|-activate|p2a: Roaring Moon|ability: Protosynthesis\n|-start|p2a: Roaring Moon|protosynthesisatk\n|turn|5\n|\n|t:|1698089777\n|switch|p1b: Dragonite|Dragonite, M, shiny|100\/100\n|move|p1a: Chien-Pao|Sacred Sword|p2b: Heatran\n|-supereffective|p2b: Heatran\n|-damage|p2b: Heatran|32\/100\n|-enditem|p2b: Heatran|Air Balloon\n|move|p2a: Roaring Moon|Rock Slide|p1b: Dragonite|[spread] p1a,p1b\n|-supereffective|p1a: Chien-Pao\n|-supereffective|p1b: Dragonite\n|-damage|p1a: Chien-Pao|21\/100\n|-damage|p1b: Dragonite|28\/100\n|move|p2b: Heatran|Heat Wave|p1b: Dragonite|[spread] p1a,p1b\n|-supereffective|p1a: Chien-Pao\n|-resisted|p1b: Dragonite\n|-damage|p1a: Chien-Pao|0 fnt\n|-damage|p1b: Dragonite|0 fnt\n|faint|p1a: Chien-Pao\n|faint|p1b: Dragonite\n|\n|-weather|SunnyDay|[upkeep]\n|upkeep\n|\n|t:|1698089783\n|switch|p1a: Chi-Yu|Chi-Yu|23\/100\n|switch|p1b: Flutter Mane|Flutter Mane|100\/100\n|-ability|p1a: Chi-Yu|Beads of Ruin\n|-activate|p1b: Flutter Mane|ability: Protosynthesis\n|-start|p1b: Flutter Mane|protosynthesisspe\n|turn|6\n|inactive|ChimeBliss has 120 seconds left.\n|inactive|ChimeBliss has 90 seconds left.\n|\n|t:|1698089851\n|move|p1b: Flutter Mane|Shadow Ball|p2a: Roaring Moon\n|-resisted|p2a: Roaring Moon\n|-damage|p2a: Roaring Moon|59\/100\n|move|p1a: Chi-Yu|Snarl|p2b: Heatran|[spread] p2a,p2b\n|-resisted|p2a: Roaring Moon\n|-damage|p2a: Roaring Moon|45\/100\n|-damage|p2b: Heatran|8\/100\n|-unboost|p2a: Roaring Moon|spa|1\n|-unboost|p2b: Heatran|spa|1\n|move|p2a: Roaring Moon|Rock Slide|p1a: Chi-Yu|[spread] p1a,p1b\n|-supereffective|p1a: Chi-Yu\n|-damage|p1a: Chi-Yu|0 fnt\n|-damage|p1b: Flutter Mane|41\/100\n|faint|p1a: Chi-Yu\n|move|p2b: Heatran|Flash Cannon|p1b: Flutter Mane\n|-supereffective|p1b: Flutter Mane\n|-damage|p1b: Flutter Mane|0 fnt\n|faint|p1b: Flutter Mane\n|-end|p1b: Flutter Mane|Protosynthesis|[silent]\n|\n|win|Testingchev2\n|raw|ChimeBliss's rating: 1318 &rarr; <strong>1303<\/strong><br \/>(-15 for losing)\n|raw|Testingchev2's rating: 1415 &rarr; <strong>1430<\/strong><br \/>(+15 for winning)\n","uploadtime":1698089855,"views":12,"p1id":"chimebliss","p2id":"testingchev2","formatid":"gen9doublesou","rating":1303,"private":0,"password":""}