{"id":"gen9doublesou-1977941537","p1":"drmsang","p2":"eric445667","format":"[Gen 9] Doubles OU","log":"|j|\u2606drmsang\n|j|\u2606eric445667\n|t:|1698470038\n|gametype|doubles\n|player|p1|drmsang|1|1064\n|player|p2|eric445667|colress|1103\n|teamsize|p1|6\n|teamsize|p2|6\n|gen|9\n|tier|[Gen 9] Doubles OU\n|rated|\n|rule|Species Clause: Limit one of each Pok\u00e9mon\n|rule|OHKO Clause: OHKO moves are banned\n|rule|Evasion Moves Clause: Evasion moves are banned\n|rule|Gravity Sleep Clause: The combination of sleep-inducing moves with imperfect accuracy and Gravity or Gigantamax Orbeetle are banned\n|rule|Endless Battle Clause: Forcing endless battles is banned\n|rule|HP Percentage Mod: HP is shown in percentages\n|clearpoke\n|poke|p1|Kilowattrel, F|\n|poke|p1|Garganacl, M|\n|poke|p1|Brambleghast, M|\n|poke|p1|Ceruledge, F|\n|poke|p1|Rabsca, M|\n|poke|p1|Iron Valiant|\n|poke|p2|Sableye, F|\n|poke|p2|Munchlax, F|\n|poke|p2|Uxie|\n|poke|p2|Clodsire, M|\n|poke|p2|Ditto|\n|poke|p2|Clefable, M|\n|teampreview\n|inactive|Battle timer is ON: inactive players will automatically lose when time's up. (requested by eric445667)\n|\n|t:|1698470059\n|start\n|switch|p1a: Garganacl|Garganacl, M|100\/100\n|switch|p1b: Ceruledge|Ceruledge, F|100\/100\n|switch|p2a: Sableye|Sableye, F|100\/100\n|switch|p2b: Clefable|Clefable, M|100\/100\n|turn|1\n|\n|t:|1698470087\n|-terastallize|p1b: Ceruledge|Fire\n|move|p2a: Sableye|Trick|p1a: Garganacl\n|-activate|p2a: Sableye|move: Trick|[of] p1a: Garganacl\n|-item|p1a: Garganacl|Sticky Barb|[from] move: Trick\n|-item|p2a: Sableye|Leftovers|[from] move: Trick\n|move|p1b: Ceruledge|Swords Dance|p1b: Ceruledge\n|-boost|p1b: Ceruledge|atk|2\n|move|p2b: Clefable|Icy Wind|p1b: Ceruledge|[spread] p1a,p1b\n|-resisted|p1b: Ceruledge\n|-damage|p1a: Garganacl|89\/100\n|-damage|p1b: Ceruledge|93\/100\n|-unboost|p1a: Garganacl|spe|1\n|-unboost|p1b: Ceruledge|spe|1\n|move|p1a: Garganacl|Salt Cure|p2a: Sableye\n|-damage|p2a: Sableye|79\/100\n|-start|p2a: Sableye|Salt Cure\n|\n|-heal|p2a: Sableye|86\/100|[from] item: Leftovers\n|-damage|p2a: Sableye|73\/100|[from] Salt Cure\n|-damage|p1a: Garganacl|76\/100|[from] item: Sticky Barb\n|upkeep\n|turn|2\n|inactive|drmsang has 120 seconds left.\n|\n|t:|1698470118\n|move|p2a: Sableye|Encore|p1b: Ceruledge\n|-start|p1b: Ceruledge|Encore\n|move|p1b: Ceruledge|Swords Dance|p1b: Ceruledge\n|-boost|p1b: Ceruledge|atk|2\n|move|p2b: Clefable|Icy Wind|p1b: Ceruledge|[spread] p1a,p1b\n|-resisted|p1b: Ceruledge\n|-damage|p1a: Garganacl|65\/100\n|-damage|p1b: Ceruledge|86\/100\n|-unboost|p1a: Garganacl|spe|1\n|-unboost|p1b: Ceruledge|spe|1\n|move|p1a: Garganacl|Salt Cure|p2b: Clefable\n|-damage|p2b: Clefable|86\/100\n|-start|p2b: Clefable|Salt Cure\n|\n|-heal|p2b: Clefable|92\/100|[from] item: Leftovers\n|-heal|p2a: Sableye|79\/100|[from] item: Leftovers\n|-damage|p2a: Sableye|67\/100|[from] Salt Cure\n|-damage|p1a: Garganacl|53\/100|[from] item: Sticky Barb\n|upkeep\n|turn|3\n|\n|t:|1698470141\n|switch|p1a: Kilowattrel|Kilowattrel, F|100\/100\n|move|p2a: Sableye|Reflect|p2a: Sableye\n|-sidestart|p2: eric445667|Reflect\n|move|p2b: Clefable|Metronome|p2b: Clefable\n|move|p2b: Clefable|Ice Fang|p1a: Kilowattrel|[from]move: Metronome\n|-supereffective|p1a: Kilowattrel\n|-damage|p1a: Kilowattrel|61\/100\n|move|p1b: Ceruledge|Swords Dance|p1b: Ceruledge\n|-boost|p1b: Ceruledge|atk|2\n|\n|-heal|p2b: Clefable|98\/100|[from] item: Leftovers\n|-heal|p2a: Sableye|73\/100|[from] item: Leftovers\n|-damage|p2a: Sableye|61\/100|[from] Salt Cure\n|upkeep\n|turn|4\n|inactive|drmsang has 120 seconds left.\n|inactive|eric445667 has 120 seconds left.\n|\n|t:|1698470181\n|switch|p1b: Brambleghast|Brambleghast, M|100\/100\n|switch|p2a: Clodsire|Clodsire, M|100\/100\n|move|p1a: Kilowattrel|Discharge|p2b: Clefable|[spread] p1b,p2b\n|-immune|p2a: Clodsire\n|-resisted|p1b: Brambleghast\n|-damage|p1b: Brambleghast|78\/100\n|-damage|p2b: Clefable|71\/100\n|-status|p1b: Brambleghast|par\n|move|p2b: Clefable|Moonblast|p1a: Kilowattrel\n|-damage|p1a: Kilowattrel|0 fnt\n|faint|p1a: Kilowattrel\n|\n|-heal|p2b: Clefable|77\/100|[from] item: Leftovers\n|upkeep\n|\n|t:|1698470201\n|switch|p1a: Iron Valiant|Iron Valiant|100\/100\n|-enditem|p1a: Iron Valiant|Booster Energy\n|-activate|p1a: Iron Valiant|ability: Quark Drive|[fromitem]\n|-start|p1a: Iron Valiant|quarkdriveatk\n|turn|5\n|inactive|drmsang has 120 seconds left.\n|\n|t:|1698470218\n|move|p1a: Iron Valiant|Spirit Break|p2b: Clefable\n|-damage|p2b: Clefable|37\/100\n|-unboost|p2b: Clefable|spa|1\n|move|p2b: Clefable|Moonblast|p1b: Brambleghast\n|-damage|p1b: Brambleghast|22\/100 par\n|-enditem|p1b: Brambleghast|Sitrus Berry|[eat]\n|-heal|p1b: Brambleghast|47\/100 par|[from] item: Sitrus Berry\n|move|p1b: Brambleghast|Strength Sap|p2a: Clodsire\n|-unboost|p2a: Clodsire|atk|1\n|-heal|p1b: Brambleghast|100\/100 par\n|move|p2a: Clodsire|Toxic|p1a: Iron Valiant\n|-status|p1a: Iron Valiant|tox\n|\n|-heal|p2b: Clefable|43\/100|[from] item: Leftovers\n|-damage|p1a: Iron Valiant|94\/100 tox|[from] psn\n|upkeep\n|turn|6\n|inactive|drmsang has 120 seconds left.\n|\n|t:|1698470245\n|move|p1b: Brambleghast|Protect|p1b: Brambleghast\n|-singleturn|p1b: Brambleghast|Protect\n|move|p2a: Clodsire|Protect|p2a: Clodsire\n|-singleturn|p2a: Clodsire|Protect\n|move|p1a: Iron Valiant|Spirit Break|p2b: Clefable\n|-damage|p2b: Clefable|5\/100\n|-unboost|p2b: Clefable|spa|1\n|move|p2b: Clefable|Icy Wind|p1a: Iron Valiant|[spread] p1a\n|-activate|p1b: Brambleghast|move: Protect\n|-damage|p1a: Iron Valiant|83\/100 tox\n|-unboost|p1a: Iron Valiant|spe|1\n|\n|-heal|p2b: Clefable|11\/100|[from] item: Leftovers\n|-damage|p1a: Iron Valiant|71\/100 tox|[from] psn\n|upkeep\n|turn|7\n|inactive|drmsang has 120 seconds left.\n|\n|t:|1698470271\n|move|p1a: Iron Valiant|Drain Punch|p2b: Clefable\n|-resisted|p2b: Clefable\n|-damage|p2b: Clefable|0 fnt\n|-heal|p1a: Iron Valiant|78\/100 tox|[from] drain|[of] p2b: Clefable\n|faint|p2b: Clefable\n|cant|p1b: Brambleghast|par\n|move|p2a: Clodsire|Earthquake|p1a: Iron Valiant|[spread] p1a,p1b\n|-resisted|p1b: Brambleghast\n|-damage|p1a: Iron Valiant|60\/100 tox\n|-damage|p1b: Brambleghast|87\/100 par\n|\n|-damage|p1a: Iron Valiant|42\/100 tox|[from] psn\n|-sideend|p2: eric445667|Reflect\n|upkeep\n|\n|t:|1698470285\n|switch|p2b: Munchlax|Munchlax, F|100\/100\n|turn|8\n|\n|t:|1698470293\n|move|p2a: Clodsire|Protect|p2a: Clodsire\n|-singleturn|p2a: Clodsire|Protect\n|move|p1a: Iron Valiant|Drain Punch|p2b: Munchlax\n|-supereffective|p2b: Munchlax\n|-damage|p2b: Munchlax|30\/100\n|-heal|p1a: Iron Valiant|91\/100 tox|[from] drain|[of] p2b: Munchlax\n|move|p1b: Brambleghast|Power Whip|p2a: Clodsire\n|-activate|p2a: Clodsire|move: Protect\n|move|p2b: Munchlax|Charm|p1a: Iron Valiant\n|-unboost|p1a: Iron Valiant|atk|2\n|\n|-damage|p1a: Iron Valiant|67\/100 tox|[from] psn\n|upkeep\n|turn|9\n|\n|t:|1698470321\n|-end|p1a: Iron Valiant|Quark Drive|[silent]\n|switch|p1a: Garganacl|Garganacl, M|53\/100\n|move|p1b: Brambleghast|Power Whip|p2a: Clodsire\n|-damage|p2a: Clodsire|35\/100\n|move|p2a: Clodsire|Earthquake|p1b: Brambleghast|[spread] p2b,p1a,p1b\n|-supereffective|p1a: Garganacl\n|-resisted|p1b: Brambleghast\n|-damage|p2b: Munchlax|21\/100\n|-damage|p1a: Garganacl|40\/100\n|-damage|p1b: Brambleghast|75\/100 par\n|move|p2b: Munchlax|Chilling Water|p1b: Brambleghast\n|-resisted|p1b: Brambleghast\n|-damage|p1b: Brambleghast|70\/100 par\n|-unboost|p1b: Brambleghast|atk|1\n|\n|-heal|p2a: Clodsire|41\/100|[from] item: Black Sludge\n|-damage|p1a: Garganacl|27\/100|[from] item: Sticky Barb\n|upkeep\n|turn|10\n|\n|t:|1698470347\n|move|p1a: Garganacl|Protect|p1a: Garganacl\n|-singleturn|p1a: Garganacl|Protect\n|move|p2a: Clodsire|Protect|p2a: Clodsire\n|-singleturn|p2a: Clodsire|Protect\n|move|p1b: Brambleghast|Power Whip|p2b: Munchlax\n|-damage|p2b: Munchlax|0 fnt\n|faint|p2b: Munchlax\n|\n|-heal|p2a: Clodsire|47\/100|[from] item: Black Sludge\n|-damage|p1a: Garganacl|15\/100|[from] item: Sticky Barb\n|upkeep\n|\n|t:|1698470361\n|switch|p2b: Sableye|Sableye, F|61\/100\n|turn|11\n|\n|t:|1698470375\n|move|p2b: Sableye|Reflect|p2b: Sableye\n|-sidestart|p2: eric445667|Reflect\n|cant|p1b: Brambleghast|par\n|move|p1a: Garganacl|Recover|p1a: Garganacl\n|-heal|p1a: Garganacl|65\/100\n|move|p2a: Clodsire|Recover|p2a: Clodsire\n|-heal|p2a: Clodsire|97\/100\n|\n|-heal|p2b: Sableye|67\/100|[from] item: Leftovers\n|-heal|p2a: Clodsire|100\/100|[from] item: Black Sludge\n|-damage|p1a: Garganacl|52\/100|[from] item: Sticky Barb\n|upkeep\n|turn|12\n|\n|t:|1698470397\n|switch|p2b: Ditto|Ditto|100\/100\n|-transform|p2b: Ditto|p1a: Garganacl|[from] ability: Imposter\n|move|p1b: Brambleghast|Power Whip|p2a: Clodsire\n|-damage|p2a: Clodsire|72\/100\n|move|p1a: Garganacl|Salt Cure|p2b: Ditto\n|-damage|p2b: Ditto|94\/100\n|-start|p2b: Ditto|Salt Cure\n|move|p2a: Clodsire|Toxic|p1a: Garganacl\n|-immune|p1a: Garganacl|[from] ability: Purifying Salt\n|\n|-heal|p2a: Clodsire|79\/100|[from] item: Black Sludge\n|-damage|p2b: Ditto|81\/100|[from] Salt Cure\n|-damage|p1a: Garganacl|40\/100|[from] item: Sticky Barb\n|upkeep\n|turn|13\n|\n|t:|1698470426\n|move|p2a: Clodsire|Protect|p2a: Clodsire\n|-singleturn|p2a: Clodsire|Protect\n|move|p1b: Brambleghast|Strength Sap|p2b: Ditto\n|-unboost|p2b: Ditto|atk|1\n|-heal|p1b: Brambleghast|100\/100 par\n|-enditem|p2b: Ditto|White Herb\n|-clearnegativeboost|p2b: Ditto|[silent]\n|move|p2b: Ditto|Salt Cure|p1a: Garganacl\n|-crit|p1a: Garganacl\n|-damage|p1a: Garganacl|29\/100\n|-start|p1a: Garganacl|Salt Cure\n|move|p1a: Garganacl|Recover|p1a: Garganacl\n|-heal|p1a: Garganacl|79\/100\n|\n|-heal|p2a: Clodsire|85\/100|[from] item: Black Sludge\n|-damage|p2b: Ditto|69\/100|[from] Salt Cure\n|-damage|p1a: Garganacl|67\/100|[from] Salt Cure\n|-damage|p1a: Garganacl|54\/100|[from] item: Sticky Barb\n|upkeep\n|turn|14\n|\n|t:|1698470451\n|move|p1b: Brambleghast|Power Whip|p2a: Clodsire\n|-damage|p2a: Clodsire|54\/100\n|move|p1a: Garganacl|Salt Cure|p2a: Clodsire\n|-resisted|p2a: Clodsire\n|-damage|p2a: Clodsire|49\/100\n|-start|p2a: Clodsire|Salt Cure\n|move|p2b: Ditto|Salt Cure|p1b: Brambleghast\n|-damage|p1b: Brambleghast|75\/100 par\n|-start|p1b: Brambleghast|Salt Cure\n|move|p2a: Clodsire|Earthquake|p1a: Garganacl|[spread] p2b,p1a,p1b\n|-supereffective|p2b: Ditto\n|-supereffective|p1a: Garganacl\n|-resisted|p1b: Brambleghast\n|-damage|p2b: Ditto|56\/100\n|-damage|p1a: Garganacl|42\/100\n|-damage|p1b: Brambleghast|64\/100 par\n|\n|-heal|p2a: Clodsire|55\/100|[from] item: Black Sludge\n|-damage|p1b: Brambleghast|51\/100 par|[from] Salt Cure\n|-damage|p1a: Garganacl|29\/100|[from] Salt Cure\n|-damage|p2b: Ditto|43\/100|[from] Salt Cure\n|-damage|p2a: Clodsire|43\/100|[from] Salt Cure\n|-damage|p1a: Garganacl|17\/100|[from] item: Sticky Barb\n|upkeep\n|turn|15\n|inactive|drmsang has 120 seconds left.\n|\n|t:|1698470484\n|move|p1b: Brambleghast|Strength Sap|p2a: Clodsire\n|-unboost|p2a: Clodsire|atk|1\n|-heal|p1b: Brambleghast|100\/100 par\n|move|p1a: Garganacl|Recover|p1a: Garganacl\n|-heal|p1a: Garganacl|67\/100\n|move|p2b: Ditto|Recover|p2b: Ditto\n|-heal|p2b: Ditto|93\/100\n|move|p2a: Clodsire|Recover|p2a: Clodsire\n|-heal|p2a: Clodsire|93\/100\n|\n|-heal|p2a: Clodsire|99\/100|[from] item: Black Sludge\n|-damage|p1b: Brambleghast|88\/100 par|[from] Salt Cure\n|-damage|p1a: Garganacl|55\/100|[from] Salt Cure\n|-damage|p2b: Ditto|81\/100|[from] Salt Cure\n|-damage|p2a: Clodsire|86\/100|[from] Salt Cure\n|-sideend|p2: eric445667|Reflect\n|-damage|p1a: Garganacl|42\/100|[from] item: Sticky Barb\n|upkeep\n|turn|16\n|inactive|drmsang has 120 seconds left.\n|\n|t:|1698470510\n|switch|p2a: Uxie|Uxie|100\/100\n|move|p2b: Ditto|Protect|p2b: Ditto\n|-singleturn|p2b: Ditto|Protect\n|move|p1b: Brambleghast|Power Whip|p2b: Ditto\n|-activate|p2b: Ditto|move: Protect\n|move|p1a: Garganacl|Stomping Tantrum|p2b: Ditto\n|-activate|p2b: Ditto|move: Protect\n|\n|-damage|p1b: Brambleghast|76\/100 par|[from] Salt Cure\n|-damage|p2b: Ditto|69\/100|[from] Salt Cure\n|-damage|p1a: Garganacl|30\/100|[from] Salt Cure\n|-damage|p1a: Garganacl|18\/100|[from] item: Sticky Barb\n|upkeep\n|turn|17\n|\n|t:|1698470529\n|switch|p2b: Clodsire|Clodsire, M|86\/100\n|move|p1a: Garganacl|Protect|p1a: Garganacl\n|-singleturn|p1a: Garganacl|Protect\n|move|p2a: Uxie|Mystical Power|p1b: Brambleghast|[miss]\n|-miss|p2a: Uxie|p1b: Brambleghast\n|move|p1b: Brambleghast|Power Whip|p2b: Clodsire\n|-damage|p2b: Clodsire|40\/100\n|\n|-heal|p2b: Clodsire|46\/100|[from] item: Black Sludge\n|-damage|p1b: Brambleghast|63\/100 par|[from] Salt Cure\n|-damage|p1a: Garganacl|5\/100|[from] Salt Cure\n|-damage|p1a: Garganacl|0 fnt|[from] item: Sticky Barb\n|faint|p1a: Garganacl\n|upkeep\n|inactive|drmsang has 120 seconds left.\n|\n|t:|1698470546\n|switch|p1a: Ceruledge|Ceruledge, F, tera:Fire|86\/100\n|turn|18\n|\n|t:|1698470561\n|move|p2b: Clodsire|Protect|p2b: Clodsire\n|-singleturn|p2b: Clodsire|Protect\n|move|p1a: Ceruledge|Shadow Sneak|p2a: Uxie\n|-supereffective|p2a: Uxie\n|-damage|p2a: Uxie|73\/100\n|move|p2a: Uxie|Mystical Power|p1b: Brambleghast\n|-damage|p1b: Brambleghast|30\/100 par\n|-boost|p2a: Uxie|spa|1\n|move|p1b: Brambleghast|Strength Sap|p2b: Clodsire\n|-activate|p2b: Clodsire|move: Protect\n|\n|-heal|p2a: Uxie|79\/100|[from] item: Leftovers\n|-heal|p2b: Clodsire|53\/100|[from] item: Black Sludge\n|-damage|p1b: Brambleghast|18\/100 par|[from] Salt Cure\n|upkeep\n|turn|19\n|\n|t:|1698470582\n|cant|p1b: Brambleghast|par\n|move|p1a: Ceruledge|Bitter Blade|p2a: Uxie\n|-damage|p2a: Uxie|37\/100\n|-heal|p1a: Ceruledge|100\/100|[from] drain|[of] p2a: Uxie\n|move|p2a: Uxie|Yawn|p1a: Ceruledge\n|-start|p1a: Ceruledge|move: Yawn|[of] p2a: Uxie\n|move|p2b: Clodsire|Recover|p2b: Clodsire\n|-heal|p2b: Clodsire|100\/100\n|\n|-heal|p2a: Uxie|43\/100|[from] item: Leftovers\n|-damage|p1b: Brambleghast|5\/100 par|[from] Salt Cure\n|upkeep\n|turn|20\n|\n|t:|1698470605\n|move|p1a: Ceruledge|Shadow Sneak|p2a: Uxie\n|-supereffective|p2a: Uxie\n|-damage|p2a: Uxie|17\/100\n|move|p1b: Brambleghast|Shadow Sneak|p2a: Uxie\n|-supereffective|p2a: Uxie\n|-crit|p2a: Uxie\n|-damage|p2a: Uxie|0 fnt\n|faint|p2a: Uxie\n|move|p2b: Clodsire|Toxic|p1a: Ceruledge\n|-status|p1a: Ceruledge|tox\n|\n|-damage|p1a: Ceruledge|94\/100 tox|[from] psn\n|-damage|p1b: Brambleghast|0 fnt|[from] Salt Cure\n|faint|p1b: Brambleghast\n|-end|p1a: Ceruledge|move: Yawn|[silent]\n|upkeep\n|\n|t:|1698470621\n|switch|p1b: Rabsca|Rabsca, M|100\/100\n|switch|p2a: Sableye|Sableye, F|67\/100\n|turn|21\n|\n|t:|1698470645\n|move|p2a: Sableye|Reflect|p2a: Sableye\n|-sidestart|p2: eric445667|Reflect\n|move|p1a: Ceruledge|Bitter Blade|p2a: Sableye\n|-damage|p2a: Sableye|13\/100\n|-heal|p1a: Ceruledge|100\/100 tox|[from] drain|[of] p2a: Sableye\n|move|p1b: Rabsca|Reflect|p1b: Rabsca\n|-sidestart|p1: drmsang|Reflect\n|move|p2b: Clodsire|Toxic|p1b: Rabsca\n|-status|p1b: Rabsca|tox\n|-activate|p1b: Rabsca|ability: Synchronize\n|-immune|p2b: Clodsire\n|\n|-heal|p2a: Sableye|20\/100|[from] item: Leftovers\n|-damage|p1a: Ceruledge|88\/100 tox|[from] psn\n|-damage|p1b: Rabsca|94\/100 tox|[from] psn\n|upkeep\n|turn|22\n|inactive|eric445667 has 120 seconds left.\n|\n|t:|1698470682\n|move|p2a: Sableye|Encore|p1b: Rabsca\n|-start|p1b: Rabsca|Encore\n|move|p1a: Ceruledge|Bitter Blade|p2a: Sableye\n|-damage|p2a: Sableye|0 fnt\n|-heal|p1a: Ceruledge|98\/100 tox|[from] drain|[of] p2a: Sableye\n|faint|p2a: Sableye\n|move|p1b: Rabsca|Reflect||[still]\n|-fail|p1b: Rabsca\n|move|p2b: Clodsire|Earthquake|p1b: Rabsca|[spread] p1a,p1b\n|-supereffective|p1a: Ceruledge\n|-resisted|p1b: Rabsca\n|-damage|p1a: Ceruledge|58\/100 tox\n|-damage|p1b: Rabsca|88\/100 tox\n|\n|-damage|p1a: Ceruledge|39\/100 tox|[from] psn\n|-damage|p1b: Rabsca|75\/100 tox|[from] psn\n|upkeep\n|\n|t:|1698470695\n|switch|p2a: Ditto|Ditto|69\/100\n|-transform|p2a: Ditto|p1b: Rabsca|[from] ability: Imposter\n|turn|23\n|\n|t:|1698470711\n|switch|p1b: Iron Valiant|Iron Valiant|67\/100 tox\n|move|p2b: Clodsire|Protect|p2b: Clodsire\n|-singleturn|p2b: Clodsire|Protect\n|move|p1a: Ceruledge|Shadow Sneak|p2a: Ditto\n|-supereffective|p2a: Ditto\n|-damage|p2a: Ditto|32\/100\n|move|p2a: Ditto|Revival Blessing|p2a: Ditto\n|\n|t:|1698470720\n|-heal|p2: Clefable|50\/100|[from] move: Revival Blessing\n|\n|-damage|p1b: Iron Valiant|61\/100 tox|[from] psn\n|-damage|p1a: Ceruledge|15\/100 tox|[from] psn\n|upkeep\n|turn|24\n|\n|t:|1698470735\n|move|p2a: Ditto|Protect|p2a: Ditto\n|-singleturn|p2a: Ditto|Protect\n|move|p1b: Iron Valiant|Shadow Sneak|p2a: Ditto\n|-activate|p2a: Ditto|move: Protect\n|move|p1a: Ceruledge|Shadow Sneak|p2a: Ditto\n|-activate|p2a: Ditto|move: Protect\n|move|p2b: Clodsire|Earthquake|p1b: Iron Valiant|[spread] p1a,p1b\n|-activate|p2a: Ditto|move: Protect\n|-supereffective|p1a: Ceruledge\n|-damage|p1a: Ceruledge|0 fnt\n|-damage|p1b: Iron Valiant|44\/100 tox\n|faint|p1a: Ceruledge\n|\n|-damage|p1b: Iron Valiant|31\/100 tox|[from] psn\n|upkeep\n|\n|t:|1698470750\n|switch|p1a: Rabsca|Rabsca, M|75\/100 tox\n|turn|25\n|\n|t:|1698470757\n|switch|p2a: Clefable|Clefable, M|50\/100\n|move|p1b: Iron Valiant|Shadow Sneak|p2a: Clefable\n|-damage|p2a: Clefable|41\/100\n|move|p1a: Rabsca|Revival Blessing|p1a: Rabsca\n|\n|t:|1698470769\n|-heal|p1: Brambleghast|50\/100|[from] move: Revival Blessing\n|move|p2b: Clodsire|Recover||[still]\n|-fail|p2b: Clodsire|heal\n|\n|-heal|p2a: Clefable|47\/100|[from] item: Leftovers\n|-damage|p1b: Iron Valiant|13\/100 tox|[from] psn\n|-damage|p1a: Rabsca|69\/100 tox|[from] psn\n|-sideend|p1: drmsang|Reflect\n|-sideend|p2: eric445667|Reflect\n|upkeep\n|turn|26\n|\n|t:|1698470791\n|move|p2b: Clodsire|Protect|p2b: Clodsire\n|-singleturn|p2b: Clodsire|Protect\n|move|p1b: Iron Valiant|Drain Punch|p2a: Clefable\n|-resisted|p2a: Clefable\n|-damage|p2a: Clefable|26\/100\n|-heal|p1b: Iron Valiant|27\/100 tox|[from] drain|[of] p2a: Clefable\n|move|p2a: Clefable|Life Dew|p2a: Clefable|[spread] p2a\n|-immune|p2b: Clodsire|[from] ability: Water Absorb\n|-heal|p2a: Clefable|51\/100\n|move|p1a: Rabsca|Reflect|p1a: Rabsca\n|-sidestart|p1: drmsang|Reflect\n|\n|-heal|p2a: Clefable|57\/100|[from] item: Leftovers\n|-damage|p1b: Iron Valiant|3\/100 tox|[from] psn\n|-damage|p1a: Rabsca|56\/100 tox|[from] psn\n|upkeep\n|turn|27\n|\n|t:|1698470817\n|move|p1b: Iron Valiant|Spirit Break|p2a: Clefable\n|-damage|p2a: Clefable|13\/100\n|-unboost|p2a: Clefable|spa|1\n|move|p2a: Clefable|Moonblast|p1b: Iron Valiant\n|-supereffective|p1b: Iron Valiant\n|-damage|p1b: Iron Valiant|0 fnt\n|faint|p1b: Iron Valiant\n|-end|p1b: Iron Valiant|Quark Drive|[silent]\n|move|p1a: Rabsca|Light Screen|p1a: Rabsca\n|-sidestart|p1: drmsang|move: Light Screen\n|move|p2b: Clodsire|Earthquake|p1a: Rabsca|[spread] p2a,p1a\n|-resisted|p1a: Rabsca\n|-damage|p2a: Clefable|0 fnt\n|-damage|p1a: Rabsca|49\/100 tox\n|faint|p2a: Clefable\n|\n|-damage|p1a: Rabsca|31\/100 tox|[from] psn\n|upkeep\n|\n|t:|1698470834\n|switch|p1b: Brambleghast|Brambleghast, M|50\/100\n|switch|p2a: Ditto|Ditto|32\/100\n|-transform|p2a: Ditto|p1b: Brambleghast|[from] ability: Imposter\n|turn|28\n|\n|t:|1698470852\n|move|p2a: Ditto|Protect|p2a: Ditto\n|-singleturn|p2a: Ditto|Protect\n|move|p1a: Rabsca|Protect|p1a: Rabsca\n|-singleturn|p1a: Rabsca|Protect\n|move|p1b: Brambleghast|Strength Sap|p2b: Clodsire\n|-unboost|p2b: Clodsire|atk|1\n|-heal|p1b: Brambleghast|100\/100\n|move|p2b: Clodsire|Toxic|p1b: Brambleghast\n|-status|p1b: Brambleghast|tox\n|\n|-damage|p1b: Brambleghast|95\/100 tox|[from] psn\n|-damage|p1a: Rabsca|6\/100 tox|[from] psn\n|upkeep\n|turn|29\n|-enditem|p1a: Rabsca|Custap Berry|[eat]\n|-activate|p1a: Rabsca|item: Custap Berry|[consumed]\n|\n|t:|1698470876\n|move|p1a: Rabsca|Protect|p1a: Rabsca\n|-singleturn|p1a: Rabsca|Protect\n|move|p2b: Clodsire|Protect|p2b: Clodsire\n|-singleturn|p2b: Clodsire|Protect\n|move|p1b: Brambleghast|Shadow Sneak|p2a: Ditto\n|-supereffective|p2a: Ditto\n|-damage|p2a: Ditto|0 fnt\n|faint|p2a: Ditto\n|\n|-damage|p1b: Brambleghast|83\/100 tox|[from] psn\n|-damage|p1a: Rabsca|0 fnt|[from] psn\n|faint|p1a: Rabsca\n|upkeep\n|turn|30\n|\n|t:|1698470894\n|move|p1b: Brambleghast|Power Whip|p2b: Clodsire\n|-damage|p2b: Clodsire|34\/100\n|move|p2b: Clodsire|Recover|p2b: Clodsire\n|-heal|p2b: Clodsire|84\/100\n|\n|-heal|p2b: Clodsire|91\/100|[from] item: Black Sludge\n|-damage|p1b: Brambleghast|65\/100 tox|[from] psn\n|-sideend|p1: drmsang|Reflect\n|upkeep\n|turn|31\n|\n|t:|1698470905\n|move|p2b: Clodsire|Protect|p2b: Clodsire\n|-singleturn|p2b: Clodsire|Protect\n|move|p1b: Brambleghast|Power Whip|p2b: Clodsire\n|-activate|p2b: Clodsire|move: Protect\n|\n|-heal|p2b: Clodsire|97\/100|[from] item: Black Sludge\n|-damage|p1b: Brambleghast|41\/100 tox|[from] psn\n|-sideend|p1: drmsang|move: Light Screen\n|upkeep\n|turn|32\n|\n|t:|1698470917\n|move|p1b: Brambleghast|Strength Sap|p2b: Clodsire\n|-unboost|p2b: Clodsire|atk|1\n|-heal|p1b: Brambleghast|90\/100 tox\n|move|p2b: Clodsire|Recover|p2b: Clodsire\n|-heal|p2b: Clodsire|100\/100\n|\n|-damage|p1b: Brambleghast|60\/100 tox|[from] psn\n|upkeep\n|turn|33\n|\n|t:|1698470930\n|move|p2b: Clodsire|Protect|p2b: Clodsire\n|-singleturn|p2b: Clodsire|Protect\n|move|p1b: Brambleghast|Power Whip|p2b: Clodsire\n|-activate|p2b: Clodsire|move: Protect\n|\n|-damage|p1b: Brambleghast|24\/100 tox|[from] psn\n|upkeep\n|turn|34\n|\n|t:|1698470941\n|move|p1b: Brambleghast|Strength Sap|p2b: Clodsire\n|-unboost|p2b: Clodsire|atk|1\n|-heal|p1b: Brambleghast|61\/100 tox\n|move|p2b: Clodsire|Recover||[still]\n|-fail|p2b: Clodsire|heal\n|\n|-damage|p1b: Brambleghast|20\/100 tox|[from] psn\n|upkeep\n|turn|35\n|\n|t:|1698470951\n|move|p2b: Clodsire|Protect|p2b: Clodsire\n|-singleturn|p2b: Clodsire|Protect\n|move|p1b: Brambleghast|Power Whip|p2b: Clodsire\n|-activate|p2b: Clodsire|move: Protect\n|\n|-damage|p1b: Brambleghast|0 fnt|[from] psn\n|faint|p1b: Brambleghast\n|\n|win|eric445667\n|upkeep\n|raw|drmsang's rating: 1064 &rarr; <strong>1047<\/strong><br \/>(-17 for losing)\n|raw|eric445667's rating: 1103 &rarr; <strong>1125<\/strong><br \/>(+22 for winning)\n|c|\u2606eric445667|gg\n","uploadtime":1698470962,"views":22,"p1id":"drmsang","p2id":"eric445667","formatid":"gen9doublesou","rating":1047,"private":0,"password":""}