{"id":"gen9doublesou-1983914539","p1":"SingleThunder","p2":"Yoda2798","format":"[Gen 9] Doubles OU","log":"|j|\u2606SingleThunder\n|j|\u2606Yoda2798\n|t:|1699199433\n|gametype|doubles\n|player|p1|SingleThunder|#dpl8ducks|\n|player|p2|Yoda2798|unknown|\n|teamsize|p1|6\n|teamsize|p2|6\n|gen|9\n|tier|[Gen 9] Doubles OU\n|rule|Species Clause: Limit one of each Pok\u00e9mon\n|rule|OHKO Clause: OHKO moves are banned\n|rule|Evasion Moves Clause: Evasion moves are banned\n|rule|Gravity Sleep Clause: The combination of sleep-inducing moves with imperfect accuracy and Gravity or Gigantamax Orbeetle are banned\n|rule|Endless Battle Clause: Forcing endless battles is banned\n|rule|HP Percentage Mod: HP is shown in percentages\n|clearpoke\n|poke|p1|Volcanion|\n|poke|p1|Landorus-Therian, M|\n|poke|p1|Rillaboom, M|\n|poke|p1|Kommo-o, M|\n|poke|p1|Flutter Mane|\n|poke|p1|Tornadus, M|\n|poke|p2|Iron Hands|\n|poke|p2|Ogerpon-Cornerstone, F|\n|poke|p2|Landorus-Therian, M|\n|poke|p2|Flutter Mane|\n|poke|p2|Tornadus, M|\n|poke|p2|Kommo-o, F|\n|teampreview\n|c|\u2606Yoda2798|glhf\n|c|\u2606SingleThunder|hf\n|j| blfitcrofter\n|j| Lunarr\n|j| Feyette\n|c|\u2606SingleThunder|clang clang\n|j| ratpacker\n|c|\u2606Yoda2798|clanger? I hardly know her!\n|c| Feyette|i hate it here\n|j| theyummybagel\n|c|\u2606SingleThunder|clanger? I've done nothing wrong!\n|inactive|Battle timer is ON: inactive players will automatically lose when time's up. (requested by Yoda2798)\n|j| RelicanthPrimal<><\n|\n|t:|1699199587\n|start\n|switch|p1a: Landorus|Landorus-Therian, M|100\/100\n|switch|p1b: Tornadus|Tornadus, M|100\/100\n|switch|p2a: Landorus|Landorus-Therian, M|100\/100\n|switch|p2b: Flutter Mane|Flutter Mane|100\/100\n|-ability|p2a: Landorus|Intimidate|boost\n|-unboost|p1a: Landorus|atk|1\n|-unboost|p1b: Tornadus|atk|1\n|-ability|p1a: Landorus|Intimidate|boost\n|-unboost|p2a: Landorus|atk|1\n|-unboost|p2b: Flutter Mane|atk|1\n|turn|1\n|j| Eragon11145\n|l| Eragon11145\n|inactive|SingleThunder has 270 seconds left.\n|inactive|Yoda2798 has 270 seconds left.\n|inactive|Yoda2798 has 240 seconds left.\n|j| Eragon11145\n|l| Eragon11145\n|j| F3rrari450\n|inactive|Yoda2798 has 210 seconds left.\n|j| MADARAAAA\n|\n|t:|1699199698\n|move|p1b: Tornadus|Tailwind|p1b: Tornadus\n|-sidestart|p1: SingleThunder|move: Tailwind\n|move|p1a: Landorus|Stealth Rock|p2b: Flutter Mane\n|-sidestart|p2: Yoda2798|move: Stealth Rock\n|move|p2a: Landorus|U-turn|p1b: Tornadus\n|-resisted|p1b: Tornadus\n|-damage|p1b: Tornadus|87\/100\n|j|+Actuarily\n|inactive|Yoda2798 has 180 seconds left.\n|\n|t:|1699199714\n|switch|p2a: Iron Hands|Iron Hands|100\/100|[from] U-turn\n|-damage|p2a: Iron Hands|94\/100|[from] Stealth Rock\n|move|p2b: Flutter Mane|Dazzling Gleam|p1a: Landorus|[spread] p1a,p1b\n|-damage|p1a: Landorus|64\/100\n|-damage|p1b: Tornadus|28\/100\n|\n|upkeep\n|turn|2\n|inactive|SingleThunder has 270 seconds left.\n|inactive|Yoda2798 has 180 seconds left.\n|inactive|SingleThunder has 240 seconds left.\n|l|+Actuarily\n|inactive|Yoda2798 has 150 seconds left.\n|j| Iceberg77\n|inactive|SingleThunder has 210 seconds left.\n|\n|t:|1699199787\n|-end|p2a: Iron Hands|Quark Drive|[silent]\n|switch|p2a: Landorus|Landorus-Therian, M|100\/100\n|-damage|p2a: Landorus|88\/100|[from] Stealth Rock\n|-ability|p2a: Landorus|Intimidate|boost\n|-unboost|p1a: Landorus|atk|1\n|-unboost|p1b: Tornadus|atk|1\n|move|p1b: Tornadus|Protect|p1b: Tornadus\n|-singleturn|p1b: Tornadus|Protect\n|move|p1a: Landorus|Stomping Tantrum|p2a: Landorus\n|-immune|p2a: Landorus\n|move|p2b: Flutter Mane|Dazzling Gleam|p1b: Tornadus|[spread] p1a\n|-activate|p1b: Tornadus|move: Protect\n|-damage|p1a: Landorus|28\/100\n|-enditem|p1a: Landorus|Sitrus Berry|[eat]\n|-heal|p1a: Landorus|52\/100|[from] item: Sitrus Berry\n|\n|upkeep\n|turn|3\n|inactive|SingleThunder has 210 seconds left.\n|inactive|Yoda2798 has 150 seconds left.\n|inactive|SingleThunder has 180 seconds left.\n|\n|t:|1699199863\n|switch|p1b: Volcanion|Volcanion|100\/100\n|-end|p2b: Flutter Mane|Protosynthesis|[silent]\n|switch|p2b: Tornadus|Tornadus, M|100\/100\n|-damage|p2b: Tornadus|76\/100|[from] Stealth Rock\n|move|p1a: Landorus|U-turn|p2b: Tornadus\n|-resisted|p2b: Tornadus\n|-damage|p2b: Tornadus|69\/100\n|inactive|SingleThunder has 150 seconds left.\n|l| Feyette\n|\n|t:|1699199877\n|switch|p1a: Rillaboom|Rillaboom, M|100\/100|[from] U-turn\n|-fieldstart|move: Grassy Terrain|[from] ability: Grassy Surge|[of] p1a: Rillaboom\n|move|p2a: Landorus|Stone Edge|p1b: Volcanion\n|-supereffective|p1b: Volcanion\n|-damage|p1b: Volcanion|33\/100\n|\n|-heal|p1b: Volcanion|39\/100|[from] Grassy Terrain\n|-heal|p1b: Volcanion|45\/100|[from] item: Leftovers\n|upkeep\n|turn|4\n|inactive|SingleThunder has 150 seconds left.\n|inactive|Yoda2798 has 150 seconds left.\n|j|+Actuarily\n|l|+Actuarily\n|inactive|SingleThunder has 120 seconds left.\n|inactive|Yoda2798 has 120 seconds left.\n|inactive|SingleThunder has 90 seconds left.\n|inactive|Yoda2798 has 90 seconds left.\n|j| Raf\n|\n|t:|1699199971\n|switch|p2a: Kommo-o|Kommo-o, F|100\/100\n|-damage|p2a: Kommo-o|94\/100|[from] Stealth Rock\n|move|p1a: Rillaboom|Fake Out|p2a: Kommo-o\n|-damage|p2a: Kommo-o|84\/100\n|move|p2b: Tornadus|Tailwind|p2b: Tornadus\n|-sidestart|p2: Yoda2798|move: Tailwind\n|move|p1b: Volcanion|Will-O-Wisp|p2a: Kommo-o\n|-status|p2a: Kommo-o|brn\n|\n|-heal|p2a: Kommo-o|91\/100 brn|[from] Grassy Terrain\n|-heal|p2a: Kommo-o|97\/100 brn|[from] item: Leftovers\n|-heal|p1b: Volcanion|51\/100|[from] Grassy Terrain\n|-heal|p1b: Volcanion|57\/100|[from] item: Leftovers\n|-damage|p2a: Kommo-o|91\/100 brn|[from] brn\n|-sideend|p1: SingleThunder|move: Tailwind\n|upkeep\n|turn|5\n|inactive|SingleThunder has 90 seconds left.\n|\n|t:|1699200005\n|move|p2b: Tornadus|Bleakwind Storm|p1a: Rillaboom|[spread] p1a,p1b\n|-supereffective|p1a: Rillaboom\n|-damage|p1a: Rillaboom|51\/100\n|-damage|p1b: Volcanion|22\/100\n|move|p2a: Kommo-o|Iron Defense|p2a: Kommo-o\n|-boost|p2a: Kommo-o|def|2\n|move|p1a: Rillaboom|U-turn|p2b: Tornadus\n|-resisted|p2b: Tornadus\n|-crit|p2b: Tornadus\n|-damage|p2b: Tornadus|49\/100\n|\n|t:|1699200017\n|switch|p1a: Tornadus|Tornadus, M|28\/100|[from] U-turn\n|move|p1b: Volcanion|Steam Eruption|p2b: Tornadus\n|-damage|p2b: Tornadus|0 fnt\n|faint|p2b: Tornadus\n|\n|-heal|p2a: Kommo-o|97\/100 brn|[from] Grassy Terrain\n|-heal|p2a: Kommo-o|100\/100 brn|[from] item: Leftovers\n|-heal|p1b: Volcanion|28\/100|[from] Grassy Terrain\n|-heal|p1b: Volcanion|34\/100|[from] item: Leftovers\n|-damage|p2a: Kommo-o|94\/100 brn|[from] brn\n|upkeep\n|inactive|Yoda2798 has 90 seconds left.\n|inactive|Yoda2798 has 60 seconds left.\n|\n|t:|1699200070\n|switch|p2b: Flutter Mane|Flutter Mane|100\/100\n|-damage|p2b: Flutter Mane|88\/100|[from] Stealth Rock\n|turn|6\n|inactive|SingleThunder has 90 seconds left.\n|inactive|Yoda2798 has 60 seconds left.\n|inactive|SingleThunder has 60 seconds left.\n|j| Feyette\n|\n|t:|1699200131\n|switch|p1b: Flutter Mane|Flutter Mane|100\/100\n|move|p1a: Tornadus|Protect|p1a: Tornadus\n|-singleturn|p1a: Tornadus|Protect\n|move|p2b: Flutter Mane|Dazzling Gleam|p1a: Tornadus|[spread] p1b\n|-activate|p1a: Tornadus|move: Protect\n|-damage|p1b: Flutter Mane|57\/100\n|move|p2a: Kommo-o|Iron Defense|p2a: Kommo-o\n|-boost|p2a: Kommo-o|def|2\n|\n|-heal|p2b: Flutter Mane|94\/100|[from] Grassy Terrain\n|-heal|p2a: Kommo-o|100\/100 brn|[from] Grassy Terrain\n|-heal|p1b: Flutter Mane|63\/100|[from] Grassy Terrain\n|-damage|p2a: Kommo-o|94\/100 brn|[from] brn\n|upkeep\n|turn|7\n|inactive|SingleThunder has 60 seconds left.\n|\n|t:|1699200168\n|switch|p1a: Rillaboom|Rillaboom, M|51\/100\n|-terastallize|p2a: Kommo-o|Fire\n|move|p2b: Flutter Mane|Dazzling Gleam|p1b: Flutter Mane|[spread] p1a,p1b\n|-damage|p1a: Rillaboom|21\/100\n|-damage|p1b: Flutter Mane|22\/100\n|move|p2a: Kommo-o|Iron Head|p1b: Flutter Mane\n|-supereffective|p1b: Flutter Mane\n|-damage|p1b: Flutter Mane|0 fnt\n|faint|p1b: Flutter Mane\n|-end|p1b: Flutter Mane|Protosynthesis|[silent]\n|\n|-heal|p2b: Flutter Mane|100\/100|[from] Grassy Terrain\n|-heal|p2a: Kommo-o|100\/100 brn|[from] Grassy Terrain\n|-heal|p1a: Rillaboom|27\/100|[from] Grassy Terrain\n|-damage|p2a: Kommo-o|94\/100 brn|[from] brn\n|-sideend|p2: Yoda2798|move: Tailwind\n|-fieldend|move: Grassy Terrain\n|upkeep\n|inactive|SingleThunder has 30 seconds left.\n|inactive|SingleThunder has 20 seconds left.\n|inactive|SingleThunder has 15 seconds left.\n|\n|t:|1699200199\n|switch|p1b: Tornadus|Tornadus, M|28\/100\n|turn|8\n|inactive|Yoda2798 has 90 seconds left.\n|inactive|SingleThunder has 30 seconds left.\n|inactive|Yoda2798 has 60 seconds left.\n|\n|t:|1699200253\n|-end|p2b: Flutter Mane|Protosynthesis|[silent]\n|switch|p2b: Landorus|Landorus-Therian, M|88\/100\n|-damage|p2b: Landorus|76\/100|[from] Stealth Rock\n|-ability|p2b: Landorus|Intimidate|boost\n|-unboost|p1a: Rillaboom|atk|1\n|-unboost|p1b: Tornadus|atk|1\n|move|p1a: Rillaboom|Fake Out|p2a: Kommo-o\n|-damage|p2a: Kommo-o|92\/100 brn\n|move|p1b: Tornadus|Tailwind|p1b: Tornadus\n|-sidestart|p1: SingleThunder|move: Tailwind\n|cant|p2a: Kommo-o|flinch\n|\n|-heal|p2a: Kommo-o|98\/100 brn|[from] item: Leftovers\n|-damage|p2a: Kommo-o|92\/100 brn|[from] brn\n|upkeep\n|turn|9\n|inactive|Yoda2798 has 60 seconds left.\n|c|\u2606Yoda2798|rude\n|inactive|SingleThunder has 30 seconds left.\n|inactive|SingleThunder has 20 seconds left.\n|inactive|SingleThunder has 15 seconds left.\n|j| Jello1231\n|inactive|SingleThunder has 10 seconds left.\n|\n|t:|1699200293\n|switch|p1b: Landorus|Landorus-Therian, M|52\/100\n|-ability|p1b: Landorus|Intimidate|boost\n|-unboost|p2a: Kommo-o|atk|1\n|-unboost|p2b: Landorus|atk|1\n|move|p2b: Landorus|U-turn|p1a: Rillaboom\n|-supereffective|p1a: Rillaboom\n|-damage|p1a: Rillaboom|0 fnt\n|faint|p1a: Rillaboom\n|inactive|SingleThunder has 15 seconds left this turn.\n|\n|t:|1699200308\n|switch|p2b: Iron Hands|Iron Hands|94\/100|[from] U-turn\n|-damage|p2b: Iron Hands|88\/100|[from] Stealth Rock\n|move|p2a: Kommo-o|Body Press|p1b: Landorus\n|-resisted|p1b: Landorus\n|-damage|p1b: Landorus|26\/100\n|\n|-heal|p2a: Kommo-o|98\/100 brn|[from] item: Leftovers\n|-damage|p2a: Kommo-o|92\/100 brn|[from] brn\n|upkeep\n|inactive|SingleThunder has 20 seconds left this turn.\n|inactive|SingleThunder has 15 seconds left.\n|\n|t:|1699200317\n|switch|p1a: Kommo-o|Kommo-o, M|100\/100\n|turn|10\n|inactive|SingleThunder has 30 seconds left.\n|inactive|Yoda2798 has 60 seconds left.\n|l| Jello1231\n|\n|t:|1699200349\n|-end|p2b: Iron Hands|Quark Drive|[silent]\n|switch|p2b: Landorus|Landorus-Therian, M|76\/100\n|-damage|p2b: Landorus|64\/100|[from] Stealth Rock\n|-ability|p2b: Landorus|Intimidate|boost\n|-unboost|p1a: Kommo-o|atk|1\n|-unboost|p1b: Landorus|atk|1\n|move|p1a: Kommo-o|Iron Defense|p1a: Kommo-o\n|-boost|p1a: Kommo-o|def|2\n|move|p1b: Landorus|Stomping Tantrum|p2b: Landorus\n|-immune|p2b: Landorus\n|move|p2a: Kommo-o|Body Press|p1a: Kommo-o\n|-damage|p1a: Kommo-o|74\/100\n|\n|-heal|p1a: Kommo-o|80\/100|[from] item: Leftovers\n|-heal|p2a: Kommo-o|98\/100 brn|[from] item: Leftovers\n|-damage|p2a: Kommo-o|92\/100 brn|[from] brn\n|upkeep\n|turn|11\n|inactive|Yoda2798 has 60 seconds left.\n|inactive|Yoda2798 has 30 seconds left.\n|\n|t:|1699200389\n|move|p1a: Kommo-o|Iron Defense|p1a: Kommo-o\n|-boost|p1a: Kommo-o|def|2\n|move|p1b: Landorus|Stomping Tantrum|p2a: Kommo-o\n|-supereffective|p2a: Kommo-o\n|-damage|p2a: Kommo-o|67\/100 brn\n|move|p2b: Landorus|U-turn|p1b: Landorus\n|-resisted|p1b: Landorus\n|-damage|p1b: Landorus|14\/100\n|inactive|Yoda2798 has 30 seconds left this turn.\n|inactive|Yoda2798 has 20 seconds left.\n|\n|t:|1699200401\n|switch|p2b: Iron Hands|Iron Hands|88\/100|[from] U-turn\n|-damage|p2b: Iron Hands|82\/100|[from] Stealth Rock\n|move|p2a: Kommo-o|Body Press|p1b: Landorus\n|-resisted|p1b: Landorus\n|-damage|p1b: Landorus|0 fnt\n|faint|p1b: Landorus\n|\n|-heal|p1a: Kommo-o|87\/100|[from] item: Leftovers\n|-heal|p2a: Kommo-o|73\/100 brn|[from] item: Leftovers\n|-damage|p2a: Kommo-o|67\/100 brn|[from] brn\n|-sideend|p1: SingleThunder|move: Tailwind\n|upkeep\n|inactive|Yoda2798 has 25 seconds left this turn.\n|\n|t:|1699200414\n|switch|p1b: Tornadus|Tornadus, M|28\/100\n|turn|12\n|j|+Actuarily\n|l|+Actuarily\n|\n|t:|1699200436\n|move|p2b: Iron Hands|Fake Out|p1a: Kommo-o\n|-damage|p1a: Kommo-o|83\/100\n|move|p1b: Tornadus|Tailwind|p1b: Tornadus\n|-sidestart|p1: SingleThunder|move: Tailwind\n|cant|p1a: Kommo-o|flinch\n|move|p2a: Kommo-o|Body Press|p1b: Tornadus\n|-resisted|p1b: Tornadus\n|-damage|p1b: Tornadus|0 fnt\n|faint|p1b: Tornadus\n|\n|-heal|p1a: Kommo-o|89\/100|[from] item: Leftovers\n|-heal|p2a: Kommo-o|73\/100 brn|[from] item: Leftovers\n|-damage|p2a: Kommo-o|67\/100 brn|[from] brn\n|upkeep\n|\n|t:|1699200438\n|switch|p1b: Volcanion|Volcanion|34\/100\n|turn|13\n|inactive|SingleThunder has 60 seconds left.\n|inactive|Yoda2798 has 60 seconds left.\n|inactive|Yoda2798 has 30 seconds left.\n|\n|t:|1699200491\n|-end|p2b: Iron Hands|Quark Drive|[silent]\n|switch|p2b: Landorus|Landorus-Therian, M|64\/100\n|-damage|p2b: Landorus|52\/100|[from] Stealth Rock\n|-ability|p2b: Landorus|Intimidate|boost\n|-unboost|p1a: Kommo-o|atk|1\n|-unboost|p1b: Volcanion|atk|1\n|move|p1b: Volcanion|Protect|p1b: Volcanion\n|-singleturn|p1b: Volcanion|Protect\n|move|p1a: Kommo-o|Body Press|p2b: Landorus\n|-resisted|p2b: Landorus\n|-damage|p2b: Landorus|0 fnt\n|faint|p2b: Landorus\n|move|p2a: Kommo-o|Body Press|p1b: Volcanion\n|-activate|p1b: Volcanion|move: Protect\n|\n|-heal|p1a: Kommo-o|95\/100|[from] item: Leftovers\n|-heal|p1b: Volcanion|40\/100|[from] item: Leftovers\n|-heal|p2a: Kommo-o|73\/100 brn|[from] item: Leftovers\n|-damage|p2a: Kommo-o|67\/100 brn|[from] brn\n|upkeep\n|inactive|Yoda2798 has 30 seconds left this turn.\n|j| Jello1231\n|\n|t:|1699200501\n|switch|p2b: Iron Hands|Iron Hands|82\/100\n|-damage|p2b: Iron Hands|76\/100|[from] Stealth Rock\n|turn|14\n|inactive|SingleThunder has 60 seconds left.\n|\n|t:|1699200521\n|move|p1b: Volcanion|Protect||[still]\n|-fail|p1b: Volcanion\n|move|p2b: Iron Hands|Fake Out|p1b: Volcanion\n|-damage|p1b: Volcanion|28\/100\n|move|p1a: Kommo-o|Body Press|p2b: Iron Hands\n|-crit|p2b: Iron Hands\n|-damage|p2b: Iron Hands|0 fnt\n|faint|p2b: Iron Hands\n|-end|p2b: Iron Hands|Quark Drive|[silent]\n|move|p2a: Kommo-o|Body Press|p1b: Volcanion\n|-damage|p1b: Volcanion|0 fnt\n|faint|p1b: Volcanion\n|\n|-heal|p1a: Kommo-o|100\/100|[from] item: Leftovers\n|-heal|p2a: Kommo-o|73\/100 brn|[from] item: Leftovers\n|-damage|p2a: Kommo-o|67\/100 brn|[from] brn\n|upkeep\n|\n|t:|1699200544\n|switch|p2b: Ogerpon|Ogerpon-Cornerstone, F|100\/100\n|-damage|p2b: Ogerpon|88\/100|[from] Stealth Rock\n|turn|15\n|\n|t:|1699200557\n|switch|p2a: Flutter Mane|Flutter Mane|100\/100\n|-damage|p2a: Flutter Mane|88\/100|[from] Stealth Rock\n|move|p2b: Ogerpon|Spiky Shield|p2b: Ogerpon\n|-singleturn|p2b: Ogerpon|move: Protect\n|move|p1a: Kommo-o|Body Press|p2a: Flutter Mane\n|-immune|p2a: Flutter Mane\n|\n|-sideend|p1: SingleThunder|move: Tailwind\n|upkeep\n|turn|16\n|inactive|SingleThunder has 90 seconds left.\n|inactive|Yoda2798 has 60 seconds left.\n|inactive|Yoda2798 has 30 seconds left.\n|inactive|Yoda2798 has 20 seconds left.\n|\n|t:|1699200613\n|switch|p2b: Kommo-o|Kommo-o, F, tera:Fire|67\/100 brn\n|-damage|p2b: Kommo-o|42\/100 brn|[from] Stealth Rock\n|move|p1a: Kommo-o|Protect|p1a: Kommo-o\n|-singleturn|p1a: Kommo-o|Protect\n|move|p2a: Flutter Mane|Power Gem|p1a: Kommo-o\n|-activate|p1a: Kommo-o|move: Protect\n|\n|-heal|p2b: Kommo-o|48\/100 brn|[from] item: Leftovers\n|-damage|p2b: Kommo-o|42\/100 brn|[from] brn\n|upkeep\n|turn|17\n|inactive|Yoda2798 has 30 seconds left.\n|inactive|SingleThunder has 90 seconds left.\n|\n|t:|1699200640\n|-end|p2a: Flutter Mane|Protosynthesis|[silent]\n|switch|p2a: Ogerpon|Ogerpon-Cornerstone, F|88\/100\n|-damage|p2a: Ogerpon|76\/100|[from] Stealth Rock\n|move|p2b: Kommo-o|Protect|p2b: Kommo-o\n|-singleturn|p2b: Kommo-o|Protect\n|move|p1a: Kommo-o|Body Press|p2b: Kommo-o\n|-activate|p2b: Kommo-o|move: Protect\n|\n|-heal|p2b: Kommo-o|48\/100 brn|[from] item: Leftovers\n|-damage|p2b: Kommo-o|42\/100 brn|[from] brn\n|upkeep\n|turn|18\n|inactive|SingleThunder has 90 seconds left.\n|\n|t:|1699200668\n|switch|p2a: Flutter Mane|Flutter Mane|88\/100\n|-damage|p2a: Flutter Mane|76\/100|[from] Stealth Rock\n|move|p2b: Kommo-o|Iron Defense|p2b: Kommo-o\n|-boost|p2b: Kommo-o|def|2\n|move|p1a: Kommo-o|Body Press|p2b: Kommo-o\n|-damage|p2b: Kommo-o|8\/100 brn\n|\n|-heal|p2b: Kommo-o|15\/100 brn|[from] item: Leftovers\n|-damage|p2b: Kommo-o|8\/100 brn|[from] brn\n|upkeep\n|turn|19\n|inactive|Yoda2798 has 60 seconds left.\n|\n|t:|1699200692\n|move|p2b: Kommo-o|Protect|p2b: Kommo-o\n|-singleturn|p2b: Kommo-o|Protect\n|move|p1a: Kommo-o|Protect|p1a: Kommo-o\n|-singleturn|p1a: Kommo-o|Protect\n|move|p2a: Flutter Mane|Moonblast|p1a: Kommo-o\n|-activate|p1a: Kommo-o|move: Protect\n|\n|-heal|p2b: Kommo-o|15\/100 brn|[from] item: Leftovers\n|-damage|p2b: Kommo-o|8\/100 brn|[from] brn\n|upkeep\n|turn|20\n|inactive|SingleThunder has 120 seconds left.\n|inactive|Yoda2798 has 60 seconds left.\n|\n|t:|1699200711\n|-end|p2a: Flutter Mane|Protosynthesis|[silent]\n|switch|p2a: Ogerpon|Ogerpon-Cornerstone, F|76\/100\n|-damage|p2a: Ogerpon|64\/100|[from] Stealth Rock\n|-terastallize|p1a: Kommo-o|Fire\n|move|p2b: Kommo-o|Protect||[still]\n|-fail|p2b: Kommo-o\n|move|p1a: Kommo-o|Body Press|p2b: Kommo-o\n|-damage|p2b: Kommo-o|0 fnt\n|faint|p2b: Kommo-o\n|\n|upkeep\n|j| mishimono\n|\n|t:|1699200719\n|switch|p2b: Flutter Mane|Flutter Mane|76\/100\n|-damage|p2b: Flutter Mane|63\/100|[from] Stealth Rock\n|turn|21\n|inactive|SingleThunder has 120 seconds left.\n|\n|t:|1699200771\n|move|p1a: Kommo-o|Protect|p1a: Kommo-o\n|-singleturn|p1a: Kommo-o|Protect\n|move|p2a: Ogerpon|Follow Me|p2a: Ogerpon\n|-singleturn|p2a: Ogerpon|move: Follow Me\n|move|p2b: Flutter Mane|Power Gem|p1a: Kommo-o\n|-activate|p1a: Kommo-o|move: Protect\n|\n|upkeep\n|turn|22\n|inactive|Yoda2798 has 90 seconds left.\n|\n|t:|1699200780\n|move|p2a: Ogerpon|Follow Me|p2a: Ogerpon\n|-singleturn|p2a: Ogerpon|move: Follow Me\n|move|p2b: Flutter Mane|Power Gem|p1a: Kommo-o\n|-supereffective|p1a: Kommo-o\n|-damage|p1a: Kommo-o|46\/100\n|move|p1a: Kommo-o|Body Press|p2a: Ogerpon\n|-supereffective|p2a: Ogerpon\n|-damage|p2a: Ogerpon|0 fnt\n|faint|p2a: Ogerpon\n|\n|-heal|p1a: Kommo-o|52\/100|[from] item: Leftovers\n|upkeep\n|turn|23\n|\n|t:|1699200791\n|move|p1a: Kommo-o|Protect|p1a: Kommo-o\n|-singleturn|p1a: Kommo-o|Protect\n|move|p2b: Flutter Mane|Power Gem|p1a: Kommo-o\n|-activate|p1a: Kommo-o|move: Protect\n|\n|-heal|p1a: Kommo-o|58\/100|[from] item: Leftovers\n|upkeep\n|turn|24\n|inactive|SingleThunder has 150 seconds left.\n|c|\u2606Yoda2798|I have dun goofed up\n|\n|t:|1699200807\n|move|p2b: Flutter Mane|Power Gem|p1a: Kommo-o\n|-supereffective|p1a: Kommo-o\n|-damage|p1a: Kommo-o|6\/100\n|move|p1a: Kommo-o|Flamethrower|p2b: Flutter Mane\n|-damage|p2b: Flutter Mane|36\/100\n|\n|-heal|p1a: Kommo-o|12\/100|[from] item: Leftovers\n|upkeep\n|turn|25\n|inactive|Yoda2798 has 150 seconds left.\n|c|\u2606SingleThunder|you didnt\n|c|\u2606SingleThunder|I chose thrower over flash\n|inactive|SingleThunder has 150 seconds left.\n|\n|t:|1699200824\n|move|p1a: Kommo-o|Protect|p1a: Kommo-o\n|-singleturn|p1a: Kommo-o|Protect\n|move|p2b: Flutter Mane|Power Gem|p1a: Kommo-o\n|-activate|p1a: Kommo-o|move: Protect\n|\n|-heal|p1a: Kommo-o|18\/100|[from] item: Leftovers\n|upkeep\n|turn|26\n|c|\u2606Yoda2798|okay phew\n|l| theyummybagel\n|\n|t:|1699200837\n|move|p1a: Kommo-o|Protect|p1a: Kommo-o\n|-singleturn|p1a: Kommo-o|Protect\n|move|p2b: Flutter Mane|Power Gem|p1a: Kommo-o\n|-activate|p1a: Kommo-o|move: Protect\n|\n|-heal|p1a: Kommo-o|24\/100|[from] item: Leftovers\n|upkeep\n|turn|27\n|inactive|SingleThunder has 180 seconds left.\n|\n|t:|1699200847\n|move|p2b: Flutter Mane|Power Gem|p1a: Kommo-o\n|-supereffective|p1a: Kommo-o\n|-damage|p1a: Kommo-o|0 fnt\n|faint|p1a: Kommo-o\n|\n|win|Yoda2798\n|c|\u2606Yoda2798|gg\n|c|\u2606SingleThunder|gg\n|j| qsns\n|j| Flying Beagle\n|l| Flying Beagle\n|l| Raf\n|j| Demantoid (\u2299\ufe4f\u2299\u273f)\n|l| Iceberg77\n|l| Demantoid (\u2299\ufe4f\u2299\u273f)\n|l| F3rrari450\n|l| ratpacker\n|j| F3rrari450\n|j| ratpacker\n|l| ratpacker\n|l| F3rrari450\n|l| blfitcrofter\n|l| MADARAAAA\n|j| Smudge\n|l| Feyette\n|l| Smudge\n|j| Eragon11145\n|l| Eragon11145\n|l| Jello1231\n|l| RelicanthPrimal<><\n|l| qsns\n|l| Lunarr\n|l| mishimono\n","uploadtime":1699200851,"views":61,"p1id":"singlethunder","p2id":"yoda2798","formatid":"gen9doublesou","rating":0,"private":0,"password":""}