{"id":"gen9doublesou-1994129586","p1":"ionnss","p2":"Lenoxum","format":"[Gen 9] Doubles OU","log":"|inactive|Battle timer is ON: inactive players will automatically lose when time's up.\n|j|\u2606ionnss\n|j|\u2606Lenoxum\n|t:|1700410373\n|gametype|doubles\n|player|p1|ionnss|pokekid-gen8|\n|player|p2|Lenoxum|turo-ai|\n|teamsize|p1|6\n|teamsize|p2|6\n|gen|9\n|tier|[Gen 9] Doubles OU\n|rated|Tournament battle\n|rule|Species Clause: Limit one of each Pok\u00e9mon\n|rule|OHKO Clause: OHKO moves are banned\n|rule|Evasion Moves Clause: Evasion moves are banned\n|rule|Gravity Sleep Clause: The combination of sleep-inducing moves with imperfect accuracy and Gravity or Gigantamax Orbeetle are banned\n|rule|Endless Battle Clause: Forcing endless battles is banned\n|rule|HP Percentage Mod: HP is shown in percentages\n|rule|Blitz: Super-fast timer\n|clearpoke\n|poke|p1|Grookey, M|\n|poke|p1|Crabrawler, M|\n|poke|p1|Tynamo, F|\n|poke|p1|Skwovet, F|\n|poke|p1|Milotic, F|\n|poke|p1|Qwilfish-Hisui, M|\n|poke|p2|Smoliv, M|\n|poke|p2|Corviknight, M|\n|poke|p2|Azumarill, F|\n|poke|p2|Cetoddle, M|\n|poke|p2|Vulpix-Alola, M|\n|poke|p2|Fennekin, F|\n|teampreview\n|j|*Lady Monita \u2746\n|\n|t:|1700410380\n|start\n|switch|p1a: Milotic|Milotic, F|100\/100\n|switch|p1b: Tynamo|Tynamo, F|100\/100\n|switch|p2a: Vulpix|Vulpix-Alola, M, shiny|100\/100\n|switch|p2b: Cetoddle|Cetoddle, M, shiny|100\/100\n|-weather|Snow|[from] ability: Snow Warning|[of] p2a: Vulpix\n|turn|1\n|j| DabBuster184\n|inactive|ionnss has 10 seconds left.\n|inactive|Lenoxum has 10 seconds left.\n|\n|t:|1700410386\n|move|p2a: Vulpix|Aurora Veil|p2a: Vulpix\n|-sidestart|p2: Lenoxum|move: Aurora Veil\n|move|p1b: Tynamo|Thunder Wave|p2b: Cetoddle\n|-status|p2b: Cetoddle|par\n|move|p1a: Milotic|Coil|p1a: Milotic\n|-boost|p1a: Milotic|atk|1\n|-boost|p1a: Milotic|def|1\n|-boost|p1a: Milotic|accuracy|1\n|cant|p2b: Cetoddle|par\n|\n|-weather|Snow|[upkeep]\n|upkeep\n|turn|2\n|inactive|ionnss has 10 seconds left.\n|inactive|Lenoxum has 10 seconds left.\n|\n|t:|1700410394\n|move|p2a: Vulpix|Blizzard|p1b: Tynamo|[spread] p1a,p1b\n|-resisted|p1a: Milotic\n|-damage|p1a: Milotic|91\/100\n|-damage|p1b: Tynamo|59\/100\n|move|p1b: Tynamo|Thunder Wave|p2a: Vulpix\n|-status|p2a: Vulpix|par\n|move|p1a: Milotic|Coil|p1a: Milotic\n|-boost|p1a: Milotic|atk|1\n|-boost|p1a: Milotic|def|1\n|-boost|p1a: Milotic|accuracy|1\n|cant|p2b: Cetoddle|par\n|\n|-weather|Snow|[upkeep]\n|-heal|p1a: Milotic|97\/100|[from] item: Leftovers\n|upkeep\n|turn|3\n|inactive|ionnss has 10 seconds left.\n|inactive|Lenoxum has 10 seconds left.\n|\n|t:|1700410402\n|switch|p1b: Qwilfish|Qwilfish-Hisui, M|100\/100\n|-ability|p1b: Qwilfish|Intimidate|boost\n|-unboost|p2a: Vulpix|atk|1\n|-unboost|p2b: Cetoddle|atk|1\n|move|p1a: Milotic|Coil|p1a: Milotic\n|-boost|p1a: Milotic|atk|1\n|-boost|p1a: Milotic|def|1\n|-boost|p1a: Milotic|accuracy|1\n|move|p2a: Vulpix|Blizzard|p1b: Qwilfish|[spread] p1a,p1b\n|-resisted|p1a: Milotic\n|-damage|p1a: Milotic|89\/100\n|-damage|p1b: Qwilfish|84\/100\n|move|p2b: Cetoddle|Knock Off|p1a: Milotic\n|-damage|p1a: Milotic|84\/100\n|-enditem|p1a: Milotic|Leftovers|[from] move: Knock Off|[of] p2b: Cetoddle\n|\n|-weather|Snow|[upkeep]\n|upkeep\n|turn|4\n|inactive|ionnss has 10 seconds left.\n|inactive|Lenoxum has 10 seconds left.\n|inactive|Lenoxum has 5 seconds left.\n|\n|t:|1700410414\n|move|p1b: Qwilfish|Gunk Shot|p2b: Cetoddle|[miss]\n|-miss|p1b: Qwilfish|p2b: Cetoddle\n|move|p1a: Milotic|Scald|p2a: Vulpix\n|-damage|p2a: Vulpix|73\/100 par\n|move|p2a: Vulpix|Freeze-Dry|p1a: Milotic\n|-supereffective|p1a: Milotic\n|-damage|p1a: Milotic|55\/100\n|-status|p1a: Milotic|frz\n|move|p2b: Cetoddle|High Horsepower|p1b: Qwilfish\n|-supereffective|p1b: Qwilfish\n|-crit|p1b: Qwilfish\n|-damage|p1b: Qwilfish|29\/100\n|\n|-weather|Snow|[upkeep]\n|upkeep\n|turn|5\n|inactive|Lenoxum has 10 seconds left this turn.\n|inactive|Lenoxum has 5 seconds left.\n|\n|t:|1700410424\n|move|p1b: Qwilfish|Gunk Shot|p2b: Cetoddle\n|-damage|p2b: Cetoddle|81\/100 par\n|-curestatus|p1a: Milotic|frz|[from] move: Scald\n|move|p1a: Milotic|Scald|p2a: Vulpix\n|-damage|p2a: Vulpix|45\/100 par\n|move|p2a: Vulpix|Freeze-Dry|p1a: Milotic\n|-supereffective|p1a: Milotic\n|-damage|p1a: Milotic|24\/100\n|move|p2b: Cetoddle|High Horsepower|p1b: Qwilfish\n|-supereffective|p1b: Qwilfish\n|-damage|p1b: Qwilfish|3\/100\n|\n|-weather|none\n|-sideend|p2: Lenoxum|move: Aurora Veil\n|upkeep\n|turn|6\n|inactive|Lenoxum has 10 seconds left this turn.\n|inactive|ionnss has 10 seconds left.\n|inactive|Lenoxum has 5 seconds left.\n|\n|t:|1700410431\n|move|p1b: Qwilfish|Gunk Shot|p2a: Vulpix\n|-damage|p2a: Vulpix|0 fnt\n|faint|p2a: Vulpix\n|move|p1a: Milotic|Recover|p1a: Milotic\n|-heal|p1a: Milotic|74\/100\n|cant|p2b: Cetoddle|par\n|\n|upkeep\n|inactive|Lenoxum has 10 seconds left this turn.\n|inactive|Lenoxum has 5 seconds left.\n|\n|t:|1700410436\n|switch|p2a: Smoliv|Smoliv, M, shiny|100\/100\n|turn|7\n|inactive|Lenoxum has 10 seconds left this turn.\n|inactive|Lenoxum has 5 seconds left.\n|\n|t:|1700410442\n|switch|p1b: Grookey|Grookey, M|100\/100\n|-fieldstart|move: Grassy Terrain|[from] ability: Grassy Surge|[of] p1b: Grookey\n|move|p2b: Cetoddle|Ice Shard|p1b: Grookey\n|-supereffective|p1b: Grookey\n|-damage|p1b: Grookey|74\/100\n|move|p1a: Milotic|Hypnosis|p2a: Smoliv\n|-status|p2a: Smoliv|slp|[from] move: Hypnosis\n|cant|p2a: Smoliv|slp\n|\n|-heal|p1a: Milotic|80\/100|[from] Grassy Terrain\n|-heal|p1b: Grookey|80\/100|[from] Grassy Terrain\n|-heal|p2b: Cetoddle|87\/100 par|[from] Grassy Terrain\n|upkeep\n|turn|8\n|inactive|Lenoxum has 10 seconds left this turn.\n|j| Yeet259\n|inactive|Lenoxum has 5 seconds left.\n|-message|Lenoxum lost due to inactivity.\n|\n|win|ionnss\n|n|\u2606ionnss|ionnss\n|n|\u2606Lenoxum|lenoxum\n|n|*Lady Monita \u2746|ladymonita\n|n| DabBuster184|dabbuster184\n|n| Yeet259|yeet259\n","uploadtime":1700410453,"views":4,"p1id":"ionnss","p2id":"lenoxum","formatid":"gen9doublesou","rating":0,"private":0,"password":""}