{"id":"gen9doublesou-1967977728","p1":"ByakkoLeo","p2":"Philip19292","format":"[Gen 9] Doubles OU","log":"|html|<div class=\"broadcast-blue\"><strong>[Gen 9] Doubles OU is currently suspecting Basculegion & Flutter Mane! For information on how to participate check out the <a href=\"https:\/\/www.smogon.com\/forums\/threads\/np-sv-dou-stage-8-double-trouble.3729153\/\">suspect thread<\/a>.<\/strong><\/div>\n|j|\u2606ByakkoLeo\n|j|\u2606Philip19292\n|t:|1697368631\n|gametype|doubles\n|player|p1|ByakkoLeo|pokemaniac|1140\n|player|p2|Philip19292|265|1301\n|teamsize|p1|6\n|teamsize|p2|6\n|gen|9\n|tier|[Gen 9] Doubles OU\n|rated|\n|rule|Species Clause: Limit one of each Pok\u00e9mon\n|rule|OHKO Clause: OHKO moves are banned\n|rule|Evasion Moves Clause: Evasion moves are banned\n|rule|Gravity Sleep Clause: The combination of sleep-inducing moves with imperfect accuracy and Gravity or Gigantamax Orbeetle are banned\n|rule|Endless Battle Clause: Forcing endless battles is banned\n|rule|HP Percentage Mod: HP is shown in percentages\n|clearpoke\n|poke|p1|Ninetales-Alola, M|\n|poke|p1|Baxcalibur, M|\n|poke|p1|Abomasnow, M|\n|poke|p1|Chien-Pao|\n|poke|p1|Iron Bundle|\n|poke|p1|Glastrier|\n|poke|p2|Iron Hands|\n|poke|p2|Hatterene, F|\n|poke|p2|Cresselia, F|\n|poke|p2|Goodra-Hisui, M|\n|poke|p2|Appletun, F|\n|poke|p2|Gholdengo|\n|teampreview\n|\n|t:|1697368649\n|start\n|switch|p1a: Ninetales|Ninetales-Alola, M|100\/100\n|switch|p1b: Baxcalibur|Baxcalibur, M|100\/100\n|switch|p2a: Iron Hands|Iron Hands|100\/100\n|switch|p2b: Hatterene|Hatterene, F|100\/100\n|-weather|Snow|[from] ability: Snow Warning|[of] p1a: Ninetales\n|turn|1\n|\n|t:|1697368664\n|move|p1a: Ninetales|Aurora Veil|p1a: Ninetales\n|-sidestart|p1: ByakkoLeo|move: Aurora Veil\n|move|p1b: Baxcalibur|Dragon Dance|p1b: Baxcalibur\n|-boost|p1b: Baxcalibur|atk|1\n|-boost|p1b: Baxcalibur|spe|1\n|move|p2a: Iron Hands|Close Combat|p1b: Baxcalibur\n|-supereffective|p1b: Baxcalibur\n|-damage|p1b: Baxcalibur|7\/100\n|-unboost|p2a: Iron Hands|def|1\n|-unboost|p2a: Iron Hands|spd|1\n|-enditem|p1b: Baxcalibur|Weakness Policy\n|-boost|p1b: Baxcalibur|atk|2|[from] item: Weakness Policy\n|-boost|p1b: Baxcalibur|spa|2|[from] item: Weakness Policy\n|move|p2b: Hatterene|Trick Room|p2b: Hatterene\n|-fieldstart|move: Trick Room|[of] p2b: Hatterene\n|\n|-weather|Snow|[upkeep]\n|-heal|p1b: Baxcalibur|13\/100|[from] ability: Ice Body\n|upkeep\n|turn|2\n|\n|t:|1697368698\n|move|p1a: Ninetales|Helping Hand|p1b: Baxcalibur\n|-singleturn|p1b: Baxcalibur|Helping Hand|[of] p1a: Ninetales\n|move|p1b: Baxcalibur|Ice Shard|p2a: Iron Hands\n|-damage|p2a: Iron Hands|12\/100\n|move|p2b: Hatterene|Draining Kiss|p1b: Baxcalibur\n|-supereffective|p1b: Baxcalibur\n|-damage|p1b: Baxcalibur|0 fnt\n|faint|p1b: Baxcalibur\n|move|p2a: Iron Hands|Close Combat|p1a: Ninetales\n|-damage|p1a: Ninetales|42\/100\n|-unboost|p2a: Iron Hands|def|1\n|-unboost|p2a: Iron Hands|spd|1\n|\n|-weather|Snow|[upkeep]\n|upkeep\n|\n|t:|1697368709\n|switch|p1b: Glastrier|Glastrier|100\/100\n|turn|3\n|\n|t:|1697368724\n|-terastallize|p1b: Glastrier|Ghost\n|move|p2b: Hatterene|Mystical Fire|p1a: Ninetales\n|-supereffective|p1a: Ninetales\n|-damage|p1a: Ninetales|7\/100\n|-unboost|p1a: Ninetales|spa|1\n|move|p1b: Glastrier|Tera Blast|p2b: Hatterene|[anim] Tera Blast Ghost\n|-supereffective|p2b: Hatterene\n|-damage|p2b: Hatterene|14\/100\n|move|p2a: Iron Hands|Close Combat|p1b: Glastrier\n|-immune|p1b: Glastrier\n|move|p1a: Ninetales|Draining Kiss|p2a: Iron Hands\n|-supereffective|p2a: Iron Hands\n|-damage|p2a: Iron Hands|0 fnt\n|-heal|p1a: Ninetales|20\/100|[from] drain|[of] p2a: Iron Hands\n|faint|p2a: Iron Hands\n|-end|p2a: Iron Hands|Quark Drive|[silent]\n|\n|-weather|Snow|[upkeep]\n|upkeep\n|\n|t:|1697368746\n|switch|p2a: Gholdengo|Gholdengo|100\/100\n|turn|4\n|\n|t:|1697368779\n|-terastallize|p2a: Gholdengo|Water\n|move|p1a: Ninetales|Helping Hand|p1b: Glastrier\n|-singleturn|p1b: Glastrier|Helping Hand|[of] p1a: Ninetales\n|move|p2b: Hatterene|Mystical Fire|p1a: Ninetales\n|-supereffective|p1a: Ninetales\n|-damage|p1a: Ninetales|0 fnt\n|faint|p1a: Ninetales\n|move|p1b: Glastrier|Tera Blast|p2a: Gholdengo|[anim] Tera Blast Ghost\n|-damage|p2a: Gholdengo|38\/100\n|move|p2a: Gholdengo|Shadow Ball|p1b: Glastrier\n|-supereffective|p1b: Glastrier\n|-damage|p1b: Glastrier|60\/100\n|-unboost|p1b: Glastrier|spd|1\n|\n|-weather|Snow|[upkeep]\n|upkeep\n|\n|t:|1697368805\n|switch|p1a: Chien-Pao|Chien-Pao|100\/100\n|-ability|p1a: Chien-Pao|Sword of Ruin\n|turn|5\n|\n|t:|1697368826\n|move|p1a: Chien-Pao|Sucker Punch|p2a: Gholdengo\n|-crit|p2a: Gholdengo\n|-damage|p2a: Gholdengo|0 fnt\n|faint|p2a: Gholdengo\n|-damage|p1a: Chien-Pao|91\/100|[from] item: Life Orb\n|move|p2b: Hatterene|Draining Kiss|p1a: Chien-Pao\n|-supereffective|p1a: Chien-Pao\n|-damage|p1a: Chien-Pao|31\/100\n|-heal|p2b: Hatterene|56\/100|[from] drain|[of] p1a: Chien-Pao\n|move|p1b: Glastrier|Tera Blast|p2b: Hatterene|[anim] Tera Blast Ghost\n|-supereffective|p2b: Hatterene\n|-damage|p2b: Hatterene|0 fnt\n|faint|p2b: Hatterene\n|-ability|p1b: Glastrier|Chilling Neigh|boost\n|-boost|p1b: Glastrier|atk|1\n|\n|-weather|Snow|[upkeep]\n|-sideend|p1: ByakkoLeo|move: Aurora Veil\n|-fieldend|move: Trick Room\n|upkeep\n|\n|t:|1697368842\n|switch|p2a: Cresselia|Cresselia, F|100\/100\n|switch|p2b: Goodra|Goodra-Hisui, M|100\/100\n|turn|6\n|\n|t:|1697368866\n|move|p1a: Chien-Pao|Brick Break|p2b: Goodra\n|-supereffective|p2b: Goodra\n|-damage|p2b: Goodra|21\/100\n|-damage|p1a: Chien-Pao|21\/100|[from] item: Life Orb\n|move|p2b: Goodra|Fire Blast|p1a: Chien-Pao|[miss]\n|-miss|p2b: Goodra|p1a: Chien-Pao\n|move|p1b: Glastrier|Tera Blast|p2a: Cresselia|[anim] Tera Blast Ghost\n|-supereffective|p2a: Cresselia\n|-damage|p2a: Cresselia|0 fnt\n|faint|p2a: Cresselia\n|-ability|p1b: Glastrier|Chilling Neigh|boost\n|-boost|p1b: Glastrier|atk|1\n|\n|-weather|Snow|[upkeep]\n|upkeep\n|\n|t:|1697368878\n|switch|p2a: Appletun|Appletun, F|100\/100\n|turn|7\n|-message|Philip19292 forfeited.\n|\n|win|ByakkoLeo\n|raw|ByakkoLeo's rating: 1140 &rarr; <strong>1176<\/strong><br \/>(+36 for winning)\n|raw|Philip19292's rating: 1301 &rarr; <strong>1272<\/strong><br \/>(-29 for losing)\n|l|\u2606Philip19292\n","uploadtime":1697368889,"views":15,"p1id":"byakkoleo","p2id":"philip19292","formatid":"gen9doublesou","rating":1176,"private":0,"password":""}