{"id":"gen9doublesou-1968707152","p1":"cotesmcgotes","p2":"88NASSULLY","format":"[Gen 9] Doubles OU","log":"|j|\u2606cotesmcgotes\n|j|\u260688NASSULLY\n|t:|1697456263\n|gametype|doubles\n|player|p1|cotesmcgotes|flannery|1355\n|player|p2|88NASSULLY|flint|1400\n|teamsize|p1|6\n|teamsize|p2|6\n|gen|9\n|tier|[Gen 9] Doubles OU\n|rated|\n|rule|Species Clause: Limit one of each Pok\u00e9mon\n|rule|OHKO Clause: OHKO moves are banned\n|rule|Evasion Moves Clause: Evasion moves are banned\n|rule|Gravity Sleep Clause: The combination of sleep-inducing moves with imperfect accuracy and Gravity or Gigantamax Orbeetle are banned\n|rule|Endless Battle Clause: Forcing endless battles is banned\n|rule|HP Percentage Mod: HP is shown in percentages\n|clearpoke\n|poke|p1|Manaphy|\n|poke|p1|Espathra, M|\n|poke|p1|Goodra-Hisui, F|\n|poke|p1|Ursaluna-Bloodmoon, M|\n|poke|p1|Ogerpon-Hearthflame, F|\n|poke|p1|Chien-Pao|\n|poke|p2|Medicham, M|\n|poke|p2|Slaking, M|\n|poke|p2|Arbok, M|\n|poke|p2|Milotic, F|\n|poke|p2|Rotom-Wash|\n|poke|p2|Scizor, M|\n|teampreview\n|\n|t:|1697456281\n|start\n|switch|p1a: Chien-Pao|Chien-Pao|100\/100\n|switch|p1b: Ogerpon|Ogerpon-Hearthflame, F|100\/100\n|switch|p2a: Cham|Medicham, M|100\/100\n|switch|p2b: washewashe|Rotom-Wash|100\/100\n|-ability|p1a: Chien-Pao|Sword of Ruin\n|-ability|p1b: Ogerpon|Mold Breaker\n|turn|1\n|inactive|Battle timer is ON: inactive players will automatically lose when time's up. (requested by cotesmcgotes)\n|\n|t:|1697456307\n|move|p2a: Cham|Fake Out|p1a: Chien-Pao\n|-damage|p1a: Chien-Pao|80\/100\n|move|p2b: washewashe|Volt Switch|p1a: Chien-Pao\n|-damage|p1a: Chien-Pao|49\/100\n|\n|t:|1697456313\n|switch|p2b: Dalamadur|Arbok, M|100\/100|[from] Volt Switch\n|-ability|p2b: Dalamadur|Intimidate|boost\n|-unboost|p1a: Chien-Pao|atk|1\n|-unboost|p1b: Ogerpon|atk|1\n|cant|p1a: Chien-Pao|flinch\n|move|p1b: Ogerpon|Ivy Cudgel|p2a: Cham\n|-damage|p2a: Cham|17\/100\n|\n|upkeep\n|turn|2\n|\n|t:|1697456338\n|switch|p2a: washewashe|Rotom-Wash|100\/100\n|move|p1a: Chien-Pao|Crunch|p2a: washewashe\n|-damage|p2a: washewashe|57\/100\n|move|p1b: Ogerpon|Ivy Cudgel|p2a: washewashe\n|-resisted|p2a: washewashe\n|-damage|p2a: washewashe|26\/100\n|move|p2b: Dalamadur|Gunk Shot|p1b: Ogerpon|[miss]\n|-miss|p2b: Dalamadur|p1b: Ogerpon\n|\n|upkeep\n|turn|3\n|\n|t:|1697456355\n|switch|p1b: Goodra|Goodra-Hisui, F|100\/100\n|move|p2a: washewashe|Hydro Pump|p1a: Chien-Pao\n|-damage|p1a: Chien-Pao|0 fnt\n|faint|p1a: Chien-Pao\n|move|p2b: Dalamadur|Gunk Shot|p1b: Goodra\n|-immune|p1b: Goodra\n|\n|upkeep\n|\n|t:|1697456364\n|switch|p1a: Ursaluna|Ursaluna-Bloodmoon, M|100\/100\n|turn|4\n|\n|t:|1697456374\n|move|p2a: washewashe|Hydro Pump|p1a: Ursaluna\n|-supereffective|p1a: Ursaluna\n|-damage|p1a: Ursaluna|28\/100\n|move|p2b: Dalamadur|Stomping Tantrum|p1b: Goodra\n|-supereffective|p1b: Goodra\n|-damage|p1b: Goodra|8\/100\n|move|p1b: Goodra|Acid Armor|p1b: Goodra\n|-boost|p1b: Goodra|def|2\n|move|p1a: Ursaluna|Earth Power|p2b: Dalamadur\n|-supereffective|p2b: Dalamadur\n|-damage|p2b: Dalamadur|0 fnt\n|faint|p2b: Dalamadur\n|\n|-heal|p1b: Goodra|14\/100|[from] item: Leftovers\n|upkeep\n|\n|t:|1697456400\n|switch|p2b: Scizor|Scizor, M|100\/100\n|turn|5\n|\n|t:|1697456412\n|move|p2b: Scizor|Bullet Punch|p1a: Ursaluna\n|-damage|p1a: Ursaluna|6\/100\n|move|p1a: Ursaluna|Vacuum Wave|p2a: washewashe\n|-damage|p2a: washewashe|6\/100\n|move|p2a: washewashe|Hydro Pump|p1b: Goodra\n|-resisted|p1b: Goodra\n|-damage|p1b: Goodra|1\/100\n|move|p1b: Goodra|Life Dew|p1b: Goodra|[spread] p1a,p1b\n|-heal|p1a: Ursaluna|31\/100\n|-heal|p1b: Goodra|26\/100\n|\n|-heal|p1b: Goodra|32\/100|[from] item: Leftovers\n|upkeep\n|turn|6\n|\n|t:|1697456433\n|switch|p2a: Soo Pretty|Milotic, F, shiny|100\/100\n|move|p1a: Ursaluna|Vacuum Wave|p2a: Soo Pretty\n|-damage|p2a: Soo Pretty|90\/100\n|move|p2b: Scizor|Swords Dance|p2b: Scizor\n|-boost|p2b: Scizor|atk|2\n|move|p1b: Goodra|Life Dew|p1b: Goodra|[spread] p1a,p1b\n|-heal|p1a: Ursaluna|56\/100\n|-heal|p1b: Goodra|57\/100\n|\n|-heal|p2a: Soo Pretty|96\/100|[from] item: Leftovers\n|-heal|p1b: Goodra|63\/100|[from] item: Leftovers\n|upkeep\n|turn|7\n|inactive|cotesmcgotes has 120 seconds left.\n|\n|t:|1697456465\n|move|p2b: Scizor|U-turn|p1a: Ursaluna\n|-damage|p1a: Ursaluna|7\/100\n|\n|t:|1697456469\n|switch|p2b: washewashe|Rotom-Wash|6\/100|[from] U-turn\n|move|p2a: Soo Pretty|Scald|p1a: Ursaluna\n|-supereffective|p1a: Ursaluna\n|-damage|p1a: Ursaluna|0 fnt\n|faint|p1a: Ursaluna\n|move|p1b: Goodra|Body Press|p2b: washewashe\n|-damage|p2b: washewashe|0 fnt\n|faint|p2b: washewashe\n|\n|-heal|p2a: Soo Pretty|100\/100|[from] item: Leftovers\n|-heal|p1b: Goodra|69\/100|[from] item: Leftovers\n|upkeep\n|\n|t:|1697456484\n|switch|p2b: Cham|Medicham, M|17\/100\n|switch|p1a: Ogerpon|Ogerpon-Hearthflame, F|100\/100\n|-ability|p1a: Ogerpon|Mold Breaker\n|turn|8\n|\n|t:|1697456497\n|switch|p2a: Cranky Kong|Slaking, M|100\/100\n|move|p1a: Ogerpon|Ivy Cudgel|p2b: Cham\n|-damage|p2b: Cham|0 fnt\n|faint|p2b: Cham\n|move|p1b: Goodra|Body Press|p2a: Cranky Kong\n|-supereffective|p2a: Cranky Kong\n|-damage|p2a: Cranky Kong|42\/100\n|\n|-heal|p1b: Goodra|75\/100|[from] item: Leftovers\n|upkeep\n|-message|88NASSULLY forfeited.\n|\n|win|cotesmcgotes\n|raw|cotesmcgotes's rating: 1355 &rarr; <strong>1378<\/strong><br \/>(+23 for winning)\n|raw|88NASSULLY's rating: 1400 &rarr; <strong>1377<\/strong><br \/>(-23 for losing)\n|l|\u260688NASSULLY\n","uploadtime":1697456509,"views":18,"p1id":"cotesmcgotes","p2id":"88nassully","formatid":"gen9doublesou","rating":1377,"private":0,"password":""}