{"id":"gen9doublesou-1981537037","p1":"json.f","p2":"BuggsMcFuckz","format":"[Gen 9] Doubles OU","log":"|j|\u2606json.f\n|j|\u2606BuggsMcFuckz\n|t:|1698914460\n|gametype|doubles\n|player|p1|json.f|guitarist-gen4|1113\n|player|p2|BuggsMcFuckz|2|1040\n|teamsize|p1|6\n|teamsize|p2|6\n|gen|9\n|tier|[Gen 9] Doubles OU\n|rated|\n|rule|Species Clause: Limit one of each Pok\u00e9mon\n|rule|OHKO Clause: OHKO moves are banned\n|rule|Evasion Moves Clause: Evasion moves are banned\n|rule|Gravity Sleep Clause: The combination of sleep-inducing moves with imperfect accuracy and Gravity or Gigantamax Orbeetle are banned\n|rule|Endless Battle Clause: Forcing endless battles is banned\n|rule|HP Percentage Mod: HP is shown in percentages\n|clearpoke\n|poke|p1|Tyranitar, M|\n|poke|p1|Glimmora, M|\n|poke|p1|Sinistcha-Masterpiece|\n|poke|p1|Grimmsnarl, M|\n|poke|p1|Amoonguss, M|\n|poke|p1|Kleavor, F|\n|poke|p2|Armarouge, M|\n|poke|p2|Articuno-Galar|\n|poke|p2|Oranguru, F|\n|poke|p2|Wyrdeer, F|\n|poke|p2|Indeedee-F, F|\n|poke|p2|Gallade, M|\n|teampreview\n|inactive|Battle timer is ON: inactive players will automatically lose when time's up. (requested by BuggsMcFuckz)\n|inactive|json.f has 120 seconds left.\n|\n|t:|1698914496\n|start\n|switch|p1a: Tyranitar|Tyranitar, M|100\/100\n|switch|p1b: Kleavor|Kleavor, F|100\/100\n|switch|p2a: Articuno|Articuno-Galar|100\/100\n|switch|p2b: Wyrdeer|Wyrdeer, F|100\/100\n|-ability|p2b: Wyrdeer|Intimidate|boost\n|-unboost|p1a: Tyranitar|atk|1\n|-unboost|p1b: Kleavor|atk|1\n|-weather|Sandstorm|[from] ability: Sand Stream|[of] p1a: Tyranitar\n|turn|1\n|\n|t:|1698914522\n|move|p2a: Articuno|Protect|p2a: Articuno\n|-singleturn|p2a: Articuno|Protect\n|move|p1b: Kleavor|Close Combat|p2b: Wyrdeer\n|-damage|p2b: Wyrdeer|69\/100\n|-unboost|p1b: Kleavor|def|1\n|-unboost|p1b: Kleavor|spd|1\n|move|p2b: Wyrdeer|Skill Swap|p1b: Kleavor\n|-activate|p2b: Wyrdeer|move: Skill Swap|Sharpness|Intimidate|[of] p1b: Kleavor\n|-ability|p1b: Kleavor|Intimidate|boost\n|-unboost|p2a: Articuno|atk|1\n|-ability|p2a: Articuno|Competitive|boost\n|-boost|p2a: Articuno|spa|2\n|-enditem|p2a: Articuno|Adrenaline Orb\n|-boost|p2a: Articuno|spe|1|[from] item: Adrenaline Orb\n|-unboost|p2b: Wyrdeer|atk|1\n|move|p1a: Tyranitar|Rock Slide|p2b: Wyrdeer|[spread] p2b\n|-activate|p2a: Articuno|move: Protect\n|-damage|p2b: Wyrdeer|47\/100\n|\n|-weather|Sandstorm|[upkeep]\n|-damage|p2a: Articuno|94\/100|[from] Sandstorm\n|-damage|p2b: Wyrdeer|41\/100|[from] Sandstorm\n|upkeep\n|turn|2\n|inactive|json.f has 120 seconds left.\n|\n|t:|1698914563\n|switch|p1b: Grimmsnarl|Grimmsnarl, M|100\/100\n|-terastallize|p2a: Articuno|Fighting\n|move|p1a: Tyranitar|Protect|p1a: Tyranitar\n|-singleturn|p1a: Tyranitar|Protect\n|move|p2a: Articuno|Tera Blast|p1a: Tyranitar|[anim] Tera Blast Fighting\n|-activate|p1a: Tyranitar|move: Protect\n|move|p2b: Wyrdeer|Hypnosis|p1b: Grimmsnarl|[miss]\n|-miss|p2b: Wyrdeer|p1b: Grimmsnarl\n|\n|-weather|Sandstorm|[upkeep]\n|-damage|p2a: Articuno|88\/100|[from] Sandstorm\n|-damage|p2b: Wyrdeer|35\/100|[from] Sandstorm\n|-damage|p1b: Grimmsnarl|94\/100|[from] Sandstorm\n|upkeep\n|turn|3\n|inactive|json.f has 120 seconds left.\n|\n|t:|1698914587\n|-terastallize|p1a: Tyranitar|Ghost\n|move|p2a: Articuno|Protect|p2a: Articuno\n|-singleturn|p2a: Articuno|Protect\n|move|p1b: Grimmsnarl|Fake Out|p2b: Wyrdeer\n|-damage|p2b: Wyrdeer|23\/100\n|cant|p2b: Wyrdeer|flinch\n|move|p1a: Tyranitar|Rock Slide|p2a: Articuno|[spread] p2b\n|-activate|p2a: Articuno|move: Protect\n|-damage|p2b: Wyrdeer|0 fnt\n|faint|p2b: Wyrdeer\n|\n|-weather|Sandstorm|[upkeep]\n|-damage|p2a: Articuno|82\/100|[from] Sandstorm\n|-damage|p1a: Tyranitar|94\/100|[from] Sandstorm\n|-damage|p1b: Grimmsnarl|88\/100|[from] Sandstorm\n|-heal|p1a: Tyranitar|100\/100|[from] item: Leftovers\n|upkeep\n|inactive|BuggsMcFuckz has 120 seconds left.\n|\n|t:|1698914603\n|switch|p2b: Indeedee|Indeedee-F, F|100\/100\n|-fieldstart|move: Psychic Terrain|[from] ability: Psychic Surge|[of] p2b: Indeedee\n|turn|4\n|\n|t:|1698914625\n|switch|p1b: Amoonguss|Amoonguss, M|100\/100\n|move|p2b: Indeedee|Helping Hand|p2a: Articuno\n|-singleturn|p2a: Articuno|Helping Hand|[of] p2b: Indeedee\n|move|p2a: Articuno|Freezing Glare|p1a: Tyranitar\n|-damage|p1a: Tyranitar|0 fnt\n|faint|p1a: Tyranitar\n|\n|-weather|Sandstorm|[upkeep]\n|-damage|p2a: Articuno|76\/100|[from] Sandstorm\n|-damage|p2b: Indeedee|94\/100|[from] Sandstorm\n|-damage|p1b: Amoonguss|94\/100|[from] Sandstorm\n|upkeep\n|inactive|json.f has 120 seconds left.\n|\n|t:|1698914644\n|switch|p1a: Kleavor|Kleavor, F|100\/100\n|turn|5\n|\n|t:|1698914653\n|move|p2b: Indeedee|Follow Me|p2b: Indeedee\n|-singleturn|p2b: Indeedee|move: Follow Me\n|move|p2a: Articuno|Freezing Glare|p1b: Amoonguss\n|-supereffective|p1b: Amoonguss\n|-crit|p1b: Amoonguss\n|-damage|p1b: Amoonguss|0 fnt\n|faint|p1b: Amoonguss\n|move|p1a: Kleavor|Stone Axe|p2b: Indeedee\n|-damage|p2b: Indeedee|38\/100\n|-sidestart|p2: BuggsMcFuckz|move: Stealth Rock\n|-enditem|p2b: Indeedee|Eject Button\n|-message|json.f forfeited.\n|\n|win|BuggsMcFuckz\n|raw|json.f's rating: 1113 &rarr; <strong>1083<\/strong><br \/>(-30 for losing)\n|raw|BuggsMcFuckz's rating: 1040 &rarr; <strong>1081<\/strong><br \/>(+41 for winning)\n|l|\u2606json.f\n","uploadtime":1698914668,"views":30,"p1id":"jsonf","p2id":"buggsmcfuckz","formatid":"gen9doublesou","rating":1081,"private":0,"password":""}