{"id":"gen9doublesou-1998971695","p1":"MrLukis","p2":"CaAalvi","format":"[Gen 9] Doubles OU","log":"|j|\u2606MrLukis\n|j|\u2606CaAalvi\n|t:|1701019310\n|gametype|doubles\n|player|p1|MrLukis|hugh|\n|player|p2|CaAalvi|169|\n|teamsize|p1|6\n|teamsize|p2|6\n|gen|9\n|tier|[Gen 9] Doubles OU\n|rule|Species Clause: Limit one of each Pok\u00e9mon\n|rule|OHKO Clause: OHKO moves are banned\n|rule|Evasion Moves Clause: Evasion moves are banned\n|rule|Gravity Sleep Clause: The combination of sleep-inducing moves with imperfect accuracy and Gravity or Gigantamax Orbeetle are banned\n|rule|Endless Battle Clause: Forcing endless battles is banned\n|rule|HP Percentage Mod: HP is shown in percentages\n|clearpoke\n|poke|p1|Ogerpon-Hearthflame, F|\n|poke|p1|Tyranitar, F|\n|poke|p1|Amoonguss, F|\n|poke|p1|Tornadus, M|\n|poke|p1|Flutter Mane|\n|poke|p1|Snorlax, M|\n|poke|p2|Torterra, M|\n|poke|p2|Azelf|\n|poke|p2|Sinistcha-Masterpiece|\n|poke|p2|Kingambit, M|\n|poke|p2|Ninetales-Alola, M|\n|poke|p2|Armarouge, M|\n|teampreview\n|inactive|Battle timer is ON: inactive players will automatically lose when time's up. (requested by MrLukis)\n|\n|t:|1701019316\n|start\n|switch|p1a: Ogerpon|Ogerpon-Hearthflame, F|100\/100\n|switch|p1b: Snorlax|Snorlax, M|100\/100\n|switch|p2a: Azelf|Azelf, shiny|100\/100\n|switch|p2b: Sinistcha|Sinistcha-Masterpiece, shiny|100\/100\n|-ability|p1a: Ogerpon|Mold Breaker\n|turn|1\n|\n|t:|1701019330\n|-terastallize|p1a: Ogerpon|Fire\n|detailschange|p1a: Ogerpon|Ogerpon-Hearthflame-Tera, F, tera:Fire\n|-ability|p1a: Ogerpon|Embody Aspect (Hearthflame)|boost\n|-boost|p1a: Ogerpon|atk|1\n|-terastallize|p2b: Sinistcha|Ghost\n|move|p1a: Ogerpon|Ivy Cudgel|p2a: Azelf|[anim] Ivy Cudgel Fire\n|-crit|p2a: Azelf\n|-damage|p2a: Azelf|0 fnt\n|faint|p2a: Azelf\n|move|p2b: Sinistcha|Shadow Ball|p1a: Ogerpon\n|-damage|p1a: Ogerpon|35\/100\n|move|p1b: Snorlax|Belly Drum|p1b: Snorlax\n|-damage|p1b: Snorlax|50\/100\n|-setboost|p1b: Snorlax|atk|6|[from] move: Belly Drum\n|-enditem|p1b: Snorlax|Sitrus Berry|[eat]\n|-heal|p1b: Snorlax|75\/100|[from] item: Sitrus Berry\n|\n|upkeep\n|\n|t:|1701019347\n|switch|p2a: Armarouge|Armarouge, M, shiny|100\/100\n|turn|2\n|\n|t:|1701019374\n|move|p1a: Ogerpon|Knock Off|p2a: Armarouge\n|-supereffective|p2a: Armarouge\n|-damage|p2a: Armarouge|0 fnt\n|-enditem|p2a: Armarouge|Life Orb|[from] move: Knock Off|[of] p1a: Ogerpon\n|faint|p2a: Armarouge\n|move|p2b: Sinistcha|Calm Mind|p2b: Sinistcha\n|-boost|p2b: Sinistcha|spa|1\n|-boost|p2b: Sinistcha|spd|1\n|move|p1b: Snorlax|Heat Crash|p2b: Sinistcha\n|-crit|p2b: Sinistcha\n|-damage|p2b: Sinistcha|0 fnt\n|faint|p2b: Sinistcha\n|\n|upkeep\n|\n|t:|1701019387\n|switch|p2a: Ninetales|Ninetales-Alola, M, shiny|100\/100\n|switch|p2b: Torterra|Torterra, M, shiny|100\/100\n|turn|3\n|\n|t:|1701019399\n|move|p1a: Ogerpon|Ivy Cudgel|p2a: Ninetales|[anim] Ivy Cudgel Fire\n|-supereffective|p2a: Ninetales\n|-crit|p2a: Ninetales\n|-damage|p2a: Ninetales|0 fnt\n|faint|p2a: Ninetales\n|move|p2b: Torterra|Headlong Rush|p1b: Snorlax\n|-damage|p1b: Snorlax|20\/100\n|-unboost|p2b: Torterra|def|1\n|-unboost|p2b: Torterra|spd|1\n|move|p1b: Snorlax|Body Slam|p2b: Torterra\n|-damage|p2b: Torterra|0 fnt\n|faint|p2b: Torterra\n|\n|upkeep\n|\n|t:|1701019414\n|switch|p2a: Kingambit|Kingambit, M, shiny|100\/100\n|-activate|p2a: Kingambit|ability: Supreme Overlord\n|-start|p2a: Kingambit|fallen5|[silent]\n|turn|4\n|\n|t:|1701019424\n|move|p1a: Ogerpon|Spiky Shield|p1a: Ogerpon\n|-singleturn|p1a: Ogerpon|move: Protect\n|move|p2a: Kingambit|Kowtow Cleave|p1b: Snorlax\n|-damage|p1b: Snorlax|0 fnt\n|faint|p1b: Snorlax\n|-damage|p2a: Kingambit|91\/100|[from] item: Life Orb\n|\n|upkeep\n|\n|t:|1701019436\n|switch|p1b: Flutter Mane|Flutter Mane|100\/100\n|turn|5\n|\n|t:|1701019445\n|move|p1b: Flutter Mane|Shadow Ball|p2a: Kingambit\n|-resisted|p2a: Kingambit\n|-damage|p2a: Kingambit|69\/100\n|move|p1a: Ogerpon|Ivy Cudgel|p2a: Kingambit|[anim] Ivy Cudgel Fire\n|-supereffective|p2a: Kingambit\n|-crit|p2a: Kingambit\n|-damage|p2a: Kingambit|0 fnt\n|faint|p2a: Kingambit\n|-end|p2a: Kingambit|fallen5|[silent]\n|\n|win|MrLukis\n","uploadtime":1701019462,"views":10,"p1id":"mrlukis","p2id":"caaalvi","formatid":"gen9doublesou","rating":0,"private":0,"password":""}