{"id":"gen9doublesou-1988935553","p1":"GentlemanTorchick","p2":"ThaiboyGoon123","format":"[Gen 9] Doubles OU","log":"|j|\u2606GentlemanTorchick\n|j|\u2606ThaiboyGoon123\n|t:|1699790767\n|gametype|doubles\n|player|p1|GentlemanTorchick|169|1260\n|player|p2|ThaiboyGoon123|265|1310\n|teamsize|p1|6\n|teamsize|p2|6\n|gen|9\n|tier|[Gen 9] Doubles OU\n|rated|\n|rule|Species Clause: Limit one of each Pok\u00e9mon\n|rule|OHKO Clause: OHKO moves are banned\n|rule|Evasion Moves Clause: Evasion moves are banned\n|rule|Gravity Sleep Clause: The combination of sleep-inducing moves with imperfect accuracy and Gravity or Gigantamax Orbeetle are banned\n|rule|Endless Battle Clause: Forcing endless battles is banned\n|rule|HP Percentage Mod: HP is shown in percentages\n|clearpoke\n|poke|p1|Brute Bonnet|\n|poke|p1|Torkoal, F|\n|poke|p1|Tornadus, M|\n|poke|p1|Great Tusk|\n|poke|p1|Volcarona, M|\n|poke|p1|Flutter Mane|\n|poke|p2|Basculegion-F, F|\n|poke|p2|Gastrodon, M|\n|poke|p2|Empoleon, M|\n|poke|p2|Volcanion|\n|poke|p2|Ogerpon-Wellspring, F|\n|poke|p2|Politoed, F|\n|teampreview\n|j| djlars25\n|\n|t:|1699790776\n|start\n|switch|p1a: Brute Bonnet|Brute Bonnet|100\/100\n|switch|p1b: Tornadus|Tornadus, M|100\/100\n|switch|p2a: Empoleon|Empoleon, M, shiny|100\/100\n|switch|p2b: Volcanion|Volcanion|100\/100\n|turn|1\n|inactive|Battle timer is ON: inactive players will automatically lose when time's up. (requested by ThaiboyGoon123)\n|\n|t:|1699790794\n|move|p1b: Tornadus|Sunny Day|p1b: Tornadus\n|-weather|SunnyDay\n|-activate|p1a: Brute Bonnet|ability: Protosynthesis\n|-start|p1a: Brute Bonnet|protosynthesisspd\n|move|p1a: Brute Bonnet|Spore|p2b: Volcanion\n|-status|p2b: Volcanion|slp|[from] move: Spore\n|cant|p2b: Volcanion|slp\n|move|p2a: Empoleon|Surf|p1b: Tornadus|[spread] p1a,p1b\n|-immune|p2b: Volcanion|[from] ability: Water Absorb\n|-resisted|p1a: Brute Bonnet\n|-damage|p1a: Brute Bonnet|97\/100\n|-damage|p1b: Tornadus|88\/100\n|\n|-weather|SunnyDay|[upkeep]\n|upkeep\n|turn|2\n|l| djlars25\n|\n|t:|1699790817\n|move|p1a: Brute Bonnet|Spore|p2a: Empoleon\n|-status|p2a: Empoleon|slp|[from] move: Spore\n|move|p1b: Tornadus|Bleakwind Storm|p2a: Empoleon|[spread] p2a,p2b\n|-resisted|p2a: Empoleon\n|-damage|p2a: Empoleon|88\/100 slp\n|-damage|p2b: Volcanion|56\/100 slp\n|-unboost|p2a: Empoleon|spe|1\n|-ability|p2a: Empoleon|Competitive|boost\n|-boost|p2a: Empoleon|spa|2\n|cant|p2b: Volcanion|slp\n|cant|p2a: Empoleon|slp\n|\n|-weather|SunnyDay|[upkeep]\n|upkeep\n|turn|3\n|\n|t:|1699790842\n|-end|p1a: Brute Bonnet|Protosynthesis|[silent]\n|switch|p1a: Volcarona|Volcarona, M|100\/100\n|move|p1b: Tornadus|Bleakwind Storm|p2b: Volcanion|[spread] p2a\n|-miss|p1b: Tornadus|p2b: Volcanion\n|-resisted|p2a: Empoleon\n|-damage|p2a: Empoleon|75\/100 slp\n|-unboost|p2a: Empoleon|spe|1\n|-ability|p2a: Empoleon|Competitive|boost\n|-boost|p2a: Empoleon|spa|2\n|cant|p2b: Volcanion|slp\n|cant|p2a: Empoleon|slp\n|\n|-weather|SunnyDay|[upkeep]\n|upkeep\n|turn|4\n|\n|t:|1699790863\n|move|p1b: Tornadus|Tailwind|p1b: Tornadus\n|-sidestart|p1: GentlemanTorchick|move: Tailwind\n|move|p1a: Volcarona|Quiver Dance|p1a: Volcarona\n|-boost|p1a: Volcarona|spa|1\n|-boost|p1a: Volcarona|spd|1\n|-boost|p1a: Volcarona|spe|1\n|-curestatus|p2b: Volcanion|slp|[msg]\n|move|p2b: Volcanion|Earth Power|p1a: Volcarona\n|-damage|p1a: Volcarona|75\/100\n|cant|p2a: Empoleon|slp\n|\n|-weather|SunnyDay|[upkeep]\n|upkeep\n|turn|5\n|\n|t:|1699790884\n|switch|p1b: Brute Bonnet|Brute Bonnet|97\/100\n|-activate|p1b: Brute Bonnet|ability: Protosynthesis\n|-start|p1b: Brute Bonnet|protosynthesisspd\n|move|p1a: Volcarona|Fiery Dance|p2a: Empoleon\n|-damage|p2a: Empoleon|5\/100 slp\n|-boost|p1a: Volcarona|spa|1\n|move|p2b: Volcanion|Earth Power|p1a: Volcarona\n|-damage|p1a: Volcarona|48\/100\n|-curestatus|p2a: Empoleon|slp|[msg]\n|move|p2a: Empoleon|Surf|p1b: Brute Bonnet|[spread] p1a,p1b\n|-heal|p2b: Volcanion|80\/100|[from] ability: Water Absorb|[of] p2a: Empoleon\n|-supereffective|p1a: Volcarona\n|-resisted|p1b: Brute Bonnet\n|-damage|p1a: Volcarona|0 fnt\n|-damage|p1b: Brute Bonnet|86\/100\n|faint|p1a: Volcarona\n|\n|-weather|none\n|-end|p1b: Brute Bonnet|Protosynthesis\n|upkeep\n|inactive|GentlemanTorchick has 120 seconds left.\n|\n|t:|1699790905\n|switch|p1a: Flutter Mane|Flutter Mane|100\/100\n|turn|6\n|\n|t:|1699790917\n|-terastallize|p1a: Flutter Mane|Fairy\n|move|p1a: Flutter Mane|Dazzling Gleam|p2a: Empoleon|[spread] p2a,p2b\n|-resisted|p2a: Empoleon\n|-resisted|p2b: Volcanion\n|-damage|p2a: Empoleon|0 fnt\n|-damage|p2b: Volcanion|48\/100\n|faint|p2a: Empoleon\n|move|p1b: Brute Bonnet|Spore|p2b: Volcanion\n|-status|p2b: Volcanion|slp|[from] move: Spore\n|cant|p2b: Volcanion|slp\n|\n|upkeep\n|\n|t:|1699790927\n|switch|p2a: Politoed|Politoed, F|100\/100\n|-weather|RainDance|[from] ability: Drizzle|[of] p2a: Politoed\n|turn|7\n|\n|t:|1699790934\n|move|p1a: Flutter Mane|Dazzling Gleam|p2a: Politoed|[spread] p2a,p2b\n|-resisted|p2b: Volcanion\n|-damage|p2a: Politoed|47\/100\n|-damage|p2b: Volcanion|16\/100 slp\n|-enditem|p2b: Volcanion|Aguav Berry|[eat]\n|-heal|p2b: Volcanion|49\/100 slp|[from] item: Aguav Berry\n|move|p1b: Brute Bonnet|Spore|p2a: Politoed\n|-status|p2a: Politoed|slp|[from] move: Spore\n|-curestatus|p2b: Volcanion|slp|[msg]\n|move|p2b: Volcanion|Sludge Bomb|p1b: Brute Bonnet\n|-supereffective|p1b: Brute Bonnet\n|-damage|p1b: Brute Bonnet|34\/100\n|cant|p2a: Politoed|slp\n|\n|-weather|RainDance|[upkeep]\n|-sideend|p1: GentlemanTorchick|move: Tailwind\n|upkeep\n|turn|8\n|\n|t:|1699790953\n|move|p1a: Flutter Mane|Dazzling Gleam|p2a: Politoed|[spread] p2a,p2b\n|-resisted|p2b: Volcanion\n|-damage|p2a: Politoed|0 fnt\n|-damage|p2b: Volcanion|15\/100\n|faint|p2a: Politoed\n|move|p1b: Brute Bonnet|Spore|p2b: Volcanion\n|-status|p2b: Volcanion|slp|[from] move: Spore\n|cant|p2b: Volcanion|slp\n|\n|-weather|RainDance|[upkeep]\n|upkeep\n|\n|t:|1699790964\n|switch|p2a: Ogerpon|Ogerpon-Wellspring, F|100\/100\n|turn|9\n|\n|t:|1699790976\n|-end|p1b: Brute Bonnet|Protosynthesis|[silent]\n|switch|p1b: Torkoal|Torkoal, F|100\/100\n|-weather|SunnyDay|[from] ability: Drought|[of] p1b: Torkoal\n|-activate|p1a: Flutter Mane|ability: Protosynthesis\n|-start|p1a: Flutter Mane|protosynthesisspe\n|move|p1a: Flutter Mane|Dazzling Gleam|p2b: Volcanion|[spread] p2a,p2b\n|-resisted|p2b: Volcanion\n|-damage|p2a: Ogerpon|29\/100\n|-damage|p2b: Volcanion|0 fnt\n|faint|p2b: Volcanion\n|move|p2a: Ogerpon|Knock Off|p1b: Torkoal\n|-damage|p1b: Torkoal|72\/100\n|-enditem|p1b: Torkoal|Heat Rock|[from] move: Knock Off|[of] p2a: Ogerpon\n|\n|-weather|SunnyDay|[upkeep]\n|upkeep\n|inactive|ThaiboyGoon123 has 120 seconds left.\n|-message|ThaiboyGoon123 forfeited.\n|\n|win|GentlemanTorchick\n|raw|GentlemanTorchick's rating: 1260 &rarr; <strong>1289<\/strong><br \/>(+29 for winning)\n|raw|ThaiboyGoon123's rating: 1310 &rarr; <strong>1287<\/strong><br \/>(-23 for losing)\n|l|\u2606ThaiboyGoon123\n","uploadtime":1699791018,"views":9,"p1id":"gentlemantorchick","p2id":"thaiboygoon123","formatid":"gen9doublesou","rating":1287,"private":0,"password":""}