{"id":"gen9doublesou-1968514838","p1":"Imptail","p2":"Granolant","format":"[Gen 9] Doubles OU","log":"|j|\u2606Imptail\n|j|\u2606Granolant\n|t:|1697427111\n|gametype|doubles\n|player|p1|Imptail|266|1093\n|player|p2|Granolant|102|1053\n|teamsize|p1|6\n|teamsize|p2|6\n|gen|9\n|tier|[Gen 9] Doubles OU\n|rated|\n|rule|Species Clause: Limit one of each Pok\u00e9mon\n|rule|OHKO Clause: OHKO moves are banned\n|rule|Evasion Moves Clause: Evasion moves are banned\n|rule|Gravity Sleep Clause: The combination of sleep-inducing moves with imperfect accuracy and Gravity or Gigantamax Orbeetle are banned\n|rule|Endless Battle Clause: Forcing endless battles is banned\n|rule|HP Percentage Mod: HP is shown in percentages\n|clearpoke\n|poke|p1|Snorlax, M|\n|poke|p1|Murkrow, F|\n|poke|p1|Ogerpon-Wellspring, F|\n|poke|p1|Talonflame, F|\n|poke|p1|Iron Hands|\n|poke|p1|Gardevoir, M|\n|poke|p2|Pelipper, M|\n|poke|p2|Flutter Mane|\n|poke|p2|Iron Hands|\n|poke|p2|Dragonite, M|\n|poke|p2|Basculegion-F, F|\n|poke|p2|Hydreigon, M|\n|teampreview\n|\n|t:|1697427122\n|start\n|switch|p1a: Iron Hands|Iron Hands|100\/100\n|switch|p1b: Murkrow|Murkrow, F|100\/100\n|switch|p2a: Iron Hands|Iron Hands|100\/100\n|switch|p2b: Hydreigon|Hydreigon, M|100\/100\n|turn|1\n|\n|t:|1697427135\n|move|p1a: Iron Hands|Fake Out|p2a: Iron Hands\n|-damage|p2a: Iron Hands|91\/100\n|move|p1b: Murkrow|Tailwind|p1b: Murkrow\n|-sidestart|p1: Imptail|move: Tailwind\n|move|p2b: Hydreigon|Earth Power|p1a: Iron Hands\n|-supereffective|p1a: Iron Hands\n|-damage|p1a: Iron Hands|44\/100\n|cant|p2a: Iron Hands|flinch\n|\n|-heal|p2a: Iron Hands|97\/100|[from] item: Leftovers\n|upkeep\n|turn|2\n|\n|t:|1697427153\n|move|p1b: Murkrow|U-turn|p2b: Hydreigon\n|-supereffective|p2b: Hydreigon\n|-damage|p2b: Hydreigon|73\/100\n|\n|t:|1697427161\n|switch|p1b: Snorlax|Snorlax, M|100\/100|[from] U-turn\n|move|p2b: Hydreigon|Earth Power|p1a: Iron Hands\n|-supereffective|p1a: Iron Hands\n|-damage|p1a: Iron Hands|0 fnt\n|faint|p1a: Iron Hands\n|-end|p1a: Iron Hands|Quark Drive|[silent]\n|move|p2a: Iron Hands|Thunder Punch|p1b: Snorlax\n|-damage|p1b: Snorlax|60\/100\n|-status|p1b: Snorlax|par\n|\n|-heal|p2a: Iron Hands|100\/100|[from] item: Leftovers\n|upkeep\n|\n|t:|1697427184\n|switch|p1a: Talonflame|Talonflame, F|100\/100\n|turn|3\n|\n|t:|1697427213\n|-end|p2a: Iron Hands|Quark Drive|[silent]\n|switch|p2a: Pelipper|Pelipper, M|100\/100\n|-weather|RainDance|[from] ability: Drizzle|[of] p2a: Pelipper\n|-terastallize|p1a: Talonflame|Ground\n|move|p1a: Talonflame|Brave Bird|p2a: Pelipper\n|-damage|p2a: Pelipper|49\/100\n|-damage|p1a: Talonflame|82\/100|[from] Recoil\n|move|p2b: Hydreigon|Earth Power|p1b: Snorlax\n|-damage|p1b: Snorlax|33\/100 par\n|move|p1b: Snorlax|Ice Punch|p2b: Hydreigon\n|-supereffective|p2b: Hydreigon\n|-damage|p2b: Hydreigon|0 fnt\n|faint|p2b: Hydreigon\n|\n|-weather|RainDance|[upkeep]\n|upkeep\n|\n|t:|1697427228\n|switch|p2b: Basculegion|Basculegion-F, F|100\/100\n|turn|4\n|\n|t:|1697427243\n|switch|p1a: Ogerpon|Ogerpon-Wellspring, F|100\/100\n|switch|p2a: Flutter Mane|Flutter Mane|100\/100\n|-enditem|p2a: Flutter Mane|Booster Energy\n|-activate|p2a: Flutter Mane|ability: Protosynthesis|[fromitem]\n|-start|p2a: Flutter Mane|protosynthesisspe\n|move|p2b: Basculegion|Hydro Pump|p1a: Ogerpon\n|-immune|p1a: Ogerpon|[from] ability: Water Absorb\n|move|p1b: Snorlax|Ice Punch|p2a: Flutter Mane\n|-damage|p2a: Flutter Mane|12\/100\n|\n|-weather|RainDance|[upkeep]\n|-sideend|p1: Imptail|move: Tailwind\n|upkeep\n|turn|5\n|\n|t:|1697427260\n|move|p2a: Flutter Mane|Protect|p2a: Flutter Mane\n|-singleturn|p2a: Flutter Mane|Protect\n|move|p1a: Ogerpon|Follow Me|p1a: Ogerpon\n|-singleturn|p1a: Ogerpon|move: Follow Me\n|move|p2b: Basculegion|Blizzard|p1a: Ogerpon|[spread] p1a,p1b\n|-damage|p1a: Ogerpon|77\/100\n|-damage|p1b: Snorlax|25\/100 par\n|move|p1b: Snorlax|Ice Punch|p2a: Flutter Mane\n|-activate|p2a: Flutter Mane|move: Protect\n|\n|-weather|RainDance|[upkeep]\n|upkeep\n|turn|6\n|\n|t:|1697427285\n|-end|p2a: Flutter Mane|Protosynthesis|[silent]\n|switch|p2a: Iron Hands|Iron Hands|100\/100\n|switch|p2b: Dragonite|Dragonite, M|100\/100\n|move|p1a: Ogerpon|Giga Drain|p2b: Dragonite\n|-resisted|p2b: Dragonite\n|-damage|p2b: Dragonite|96\/100\n|-heal|p1a: Ogerpon|79\/100|[from] drain|[of] p2b: Dragonite\n|move|p1b: Snorlax|Ice Punch|p2b: Dragonite\n|-supereffective|p2b: Dragonite\n|-damage|p2b: Dragonite|0 fnt\n|faint|p2b: Dragonite\n|\n|-weather|RainDance|[upkeep]\n|upkeep\n|\n|t:|1697427297\n|switch|p2b: Pelipper|Pelipper, M|49\/100\n|turn|7\n|\n|t:|1697427309\n|switch|p1b: Talonflame|Talonflame, F, tera:Ground|82\/100\n|move|p1a: Ogerpon|Spiky Shield|p1a: Ogerpon\n|-singleturn|p1a: Ogerpon|move: Protect\n|move|p2a: Iron Hands|Fake Out|p1a: Ogerpon\n|-activate|p1a: Ogerpon|move: Protect\n|-damage|p2a: Iron Hands|88\/100|[from] Spiky Shield|[of] p1a: Ogerpon\n|move|p2b: Pelipper|Hurricane|p1a: Ogerpon\n|-activate|p1a: Ogerpon|move: Protect\n|\n|-weather|RainDance|[upkeep]\n|-heal|p2a: Iron Hands|94\/100|[from] item: Leftovers\n|upkeep\n|turn|8\n|\n|t:|1697427333\n|-end|p2a: Iron Hands|Quark Drive|[silent]\n|switch|p2a: Basculegion|Basculegion-F, F|100\/100\n|move|p1a: Ogerpon|Follow Me|p1a: Ogerpon\n|-singleturn|p1a: Ogerpon|move: Follow Me\n|move|p1b: Talonflame|Brave Bird|p2b: Pelipper\n|-damage|p2b: Pelipper|0 fnt\n|faint|p2b: Pelipper\n|-damage|p1b: Talonflame|64\/100|[from] Recoil\n|\n|-weather|RainDance|[upkeep]\n|upkeep\n|\n|t:|1697427343\n|switch|p2b: Iron Hands|Iron Hands|94\/100\n|turn|9\n|\n|t:|1697427355\n|move|p1a: Ogerpon|Spiky Shield|p1a: Ogerpon\n|-singleturn|p1a: Ogerpon|move: Protect\n|move|p2a: Basculegion|Hydro Pump|p1b: Talonflame\n|-supereffective|p1b: Talonflame\n|-damage|p1b: Talonflame|0 fnt\n|faint|p1b: Talonflame\n|move|p2b: Iron Hands|Thunder Punch|p1a: Ogerpon\n|-activate|p1a: Ogerpon|move: Protect\n|-damage|p2b: Iron Hands|82\/100|[from] Spiky Shield|[of] p1a: Ogerpon\n|\n|-weather|RainDance|[upkeep]\n|-heal|p2b: Iron Hands|88\/100|[from] item: Leftovers\n|upkeep\n|\n|t:|1697427368\n|switch|p1b: Snorlax|Snorlax, M|25\/100 par\n|turn|10\n|\n|t:|1697427377\n|move|p1a: Ogerpon|Spiky Shield|p1a: Ogerpon\n|-singleturn|p1a: Ogerpon|move: Protect\n|move|p2a: Basculegion|Shadow Ball|p1a: Ogerpon\n|-activate|p1a: Ogerpon|move: Protect\n|move|p2b: Iron Hands|Close Combat|p1b: Snorlax\n|-supereffective|p1b: Snorlax\n|-damage|p1b: Snorlax|0 fnt\n|-unboost|p2b: Iron Hands|def|1\n|-unboost|p2b: Iron Hands|spd|1\n|faint|p1b: Snorlax\n|\n|-weather|none\n|-heal|p2b: Iron Hands|94\/100|[from] item: Leftovers\n|upkeep\n|\n|t:|1697427389\n|switch|p1b: Murkrow|Murkrow, F|100\/100\n|turn|11\n|\n|t:|1697427401\n|move|p1b: Murkrow|Tailwind|p1b: Murkrow\n|-sidestart|p1: Imptail|move: Tailwind\n|move|p1a: Ogerpon|Giga Drain|p2a: Basculegion\n|-supereffective|p2a: Basculegion\n|-damage|p2a: Basculegion|62\/100\n|-heal|p1a: Ogerpon|99\/100|[from] drain|[of] p2a: Basculegion\n|-enditem|p2a: Basculegion|Weakness Policy\n|-boost|p2a: Basculegion|atk|2|[from] item: Weakness Policy\n|-boost|p2a: Basculegion|spa|2|[from] item: Weakness Policy\n|move|p2a: Basculegion|Blizzard|p1b: Murkrow|[spread] p1b\n|-miss|p2a: Basculegion|p1a: Ogerpon\n|-supereffective|p1b: Murkrow\n|-damage|p1b: Murkrow|0 fnt\n|faint|p1b: Murkrow\n|move|p2b: Iron Hands|Thunder Punch|p1a: Ogerpon\n|-damage|p1a: Ogerpon|54\/100\n|\n|-heal|p2b: Iron Hands|100\/100|[from] item: Leftovers\n|upkeep\n|\n|t:|1697427416\n|switch|p1b: Gardevoir|Gardevoir, M|100\/100\n|-item|p1b: Gardevoir|Air Balloon\n|-ability|p1b: Gardevoir|Swift Swim|[from] ability: Trace|[of] p2a: Basculegion\n|turn|12\n|\n|t:|1697427432\n|-end|p2b: Iron Hands|Quark Drive|[silent]\n|switch|p2b: Flutter Mane|Flutter Mane|12\/100\n|move|p1a: Ogerpon|Giga Drain|p2a: Basculegion\n|-supereffective|p2a: Basculegion\n|-damage|p2a: Basculegion|21\/100\n|-heal|p1a: Ogerpon|75\/100|[from] drain|[of] p2a: Basculegion\n|move|p1b: Gardevoir|Psychic|p2a: Basculegion\n|-damage|p2a: Basculegion|0 fnt\n|faint|p2a: Basculegion\n|\n|upkeep\n|\n|t:|1697427441\n|switch|p2a: Iron Hands|Iron Hands|100\/100\n|turn|13\n|\n|t:|1697427450\n|-terastallize|p2b: Flutter Mane|Fairy\n|move|p2a: Iron Hands|Fake Out|p1b: Gardevoir\n|-damage|p1b: Gardevoir|73\/100\n|-enditem|p1b: Gardevoir|Air Balloon\n|move|p1a: Ogerpon|Follow Me|p1a: Ogerpon\n|-singleturn|p1a: Ogerpon|move: Follow Me\n|cant|p1b: Gardevoir|flinch\n|move|p2b: Flutter Mane|Dazzling Gleam|p1a: Ogerpon|[spread] p1a,p1b\n|-damage|p1a: Ogerpon|33\/100\n|-damage|p1b: Gardevoir|37\/100\n|\n|upkeep\n|turn|14\n|\n|t:|1697427476\n|move|p1a: Ogerpon|Spiky Shield|p1a: Ogerpon\n|-singleturn|p1a: Ogerpon|move: Protect\n|move|p1b: Gardevoir|Psychic|p2a: Iron Hands\n|-supereffective|p2a: Iron Hands\n|-damage|p2a: Iron Hands|20\/100\n|move|p2b: Flutter Mane|Shadow Ball|p1b: Gardevoir\n|-supereffective|p1b: Gardevoir\n|-damage|p1b: Gardevoir|0 fnt\n|faint|p1b: Gardevoir\n|move|p2a: Iron Hands|Thunder Punch|p1a: Ogerpon\n|-activate|p1a: Ogerpon|move: Protect\n|-damage|p2a: Iron Hands|8\/100|[from] Spiky Shield|[of] p1a: Ogerpon\n|\n|-heal|p2a: Iron Hands|14\/100|[from] item: Leftovers\n|-sideend|p1: Imptail|move: Tailwind\n|upkeep\n|turn|15\n|\n|t:|1697427494\n|move|p2b: Flutter Mane|Moonblast|p1a: Ogerpon\n|-damage|p1a: Ogerpon|0 fnt\n|faint|p1a: Ogerpon\n|\n|win|Granolant\n|raw|Imptail's rating: 1093 &rarr; <strong>1066<\/strong><br \/>(-27 for losing)\n|raw|Granolant's rating: 1053 &rarr; <strong>1089<\/strong><br \/>(+36 for winning)\n|c|\u2606Imptail|gg\n|c|\u2606Granolant|gg\n|l|\u2606Imptail\n","uploadtime":1697427507,"views":5,"p1id":"imptail","p2id":"granolant","formatid":"gen9doublesou","rating":1066,"private":0,"password":""}