{"id":"gen9doublesou-1995214143","p1":"patatin08","p2":"SakuramajiMaya","format":"[Gen 9] Doubles OU","log":"|j|\u2606patatin08\n|j|\u203dSakuramajiMaya\n|t:|1700535454\n|gametype|doubles\n|player|p1|patatin08|dancer|1341\n|player|p2|SakuramajiMaya|102|1409\n|teamsize|p1|6\n|teamsize|p2|6\n|gen|9\n|tier|[Gen 9] Doubles OU\n|rated|\n|rule|Species Clause: Limit one of each Pok\u00e9mon\n|rule|OHKO Clause: OHKO moves are banned\n|rule|Evasion Moves Clause: Evasion moves are banned\n|rule|Gravity Sleep Clause: The combination of sleep-inducing moves with imperfect accuracy and Gravity or Gigantamax Orbeetle are banned\n|rule|Endless Battle Clause: Forcing endless battles is banned\n|rule|HP Percentage Mod: HP is shown in percentages\n|clearpoke\n|poke|p1|Overqwil, M|\n|poke|p1|Pelipper, M|\n|poke|p1|Beartic, M|\n|poke|p1|Goodra-Hisui, F|\n|poke|p1|Lurantis, F|\n|poke|p1|Kilowattrel, M|\n|poke|p2|Torkoal, F|\n|poke|p2|Ogerpon-Hearthflame, F|\n|poke|p2|Flutter Mane|\n|poke|p2|Lilligant-Hisui, F|\n|poke|p2|Tornadus, M|\n|poke|p2|Landorus-Therian, M|\n|teampreview\n|\n|t:|1700535472\n|start\n|switch|p1a: Goodra|Goodra-Hisui, F|100\/100\n|switch|p1b: Lurantis|Lurantis, F|100\/100\n|switch|p2a: Ogerpon|Ogerpon-Hearthflame, F|100\/100\n|switch|p2b: Tornadus|Tornadus, M|100\/100\n|-ability|p2a: Ogerpon|Mold Breaker\n|turn|1\n|\n|t:|1700535507\n|move|p2b: Tornadus|Taunt|p1a: Goodra\n|-start|p1a: Goodra|move: Taunt\n|move|p2a: Ogerpon|Ivy Cudgel|p1b: Lurantis|[anim] Ivy Cudgel Fire\n|-supereffective|p1b: Lurantis\n|-damage|p1b: Lurantis|0 fnt\n|faint|p1b: Lurantis\n|move|p1a: Goodra|Rock Slide|p2b: Tornadus|[spread] p2a,p2b\n|-supereffective|p2a: Ogerpon\n|-supereffective|p2b: Tornadus\n|-damage|p2a: Ogerpon|67\/100\n|-damage|p2b: Tornadus|67\/100\n|\n|upkeep\n|\n|t:|1700535528\n|switch|p1b: Beartic|Beartic, M|100\/100\n|turn|2\n|\n|t:|1700535551\n|-terastallize|p1b: Beartic|Fighting\n|move|p2b: Tornadus|Tailwind|p2b: Tornadus\n|-sidestart|p2: SakuramajiMaya|move: Tailwind\n|move|p2a: Ogerpon|Ivy Cudgel|p1b: Beartic|[anim] Ivy Cudgel Fire\n|-damage|p1b: Beartic|26\/100\n|move|p1b: Beartic|Close Combat|p2a: Ogerpon\n|-damage|p2a: Ogerpon|0 fnt\n|-unboost|p1b: Beartic|def|1\n|-unboost|p1b: Beartic|spd|1\n|faint|p2a: Ogerpon\n|move|p1a: Goodra|Rock Slide|p2b: Tornadus|[miss]\n|-miss|p1a: Goodra|p2b: Tornadus\n|\n|upkeep\n|\n|t:|1700535571\n|switch|p2a: Lilligant|Lilligant-Hisui, F|100\/100\n|turn|3\n|\n|t:|1700535604\n|switch|p1b: Kilowattrel|Kilowattrel, M|100\/100\n|move|p2a: Lilligant|Sleep Powder|p1a: Goodra\n|-ability|p1a: Goodra|Sap Sipper|boost\n|-boost|p1a: Goodra|atk|1\n|move|p2b: Tornadus|Bleakwind Storm|p1b: Kilowattrel|[spread] p1a,p1b\n|-resisted|p1a: Goodra\n|-resisted|p1b: Kilowattrel\n|-damage|p1a: Goodra|91\/100\n|-damage|p1b: Kilowattrel|70\/100\n|-unboost|p1a: Goodra|spe|1\n|-unboost|p1b: Kilowattrel|spe|1\n|move|p1a: Goodra|Draco Meteor|p2a: Lilligant\n|-damage|p2a: Lilligant|30\/100\n|-unboost|p1a: Goodra|spa|2\n|\n|-heal|p1a: Goodra|97\/100|[from] item: Leftovers\n|-end|p1a: Goodra|move: Taunt\n|upkeep\n|turn|4\n|\n|t:|1700535647\n|switch|p2b: Landorus|Landorus-Therian, M|100\/100\n|-ability|p2b: Landorus|Intimidate|boost\n|-unboost|p1a: Goodra|atk|1\n|-unboost|p1b: Kilowattrel|atk|1\n|move|p1b: Kilowattrel|Protect|p1b: Kilowattrel\n|-singleturn|p1b: Kilowattrel|Protect\n|move|p2a: Lilligant|Sleep Powder|p1b: Kilowattrel\n|-activate|p1b: Kilowattrel|move: Protect\n|move|p1a: Goodra|Rock Slide|p2b: Landorus|[spread] p2a,p2b\n|-resisted|p2a: Lilligant\n|-damage|p2a: Lilligant|20\/100\n|-damage|p2b: Landorus|88\/100\n|\n|-heal|p1a: Goodra|100\/100|[from] item: Leftovers\n|upkeep\n|turn|5\n|\n|t:|1700535673\n|switch|p1b: Beartic|Beartic, M, tera:Fighting|26\/100\n|switch|p1a: Pelipper|Pelipper, M|100\/100\n|-weather|RainDance|[from] ability: Drizzle|[of] p1a: Pelipper\n|move|p2a: Lilligant|Sleep Powder|p1b: Beartic\n|-status|p1b: Beartic|slp|[from] move: Sleep Powder\n|move|p2b: Landorus|Stomping Tantrum|p1a: Pelipper\n|-immune|p1a: Pelipper\n|\n|-weather|RainDance|[upkeep]\n|-sideend|p2: SakuramajiMaya|move: Tailwind\n|upkeep\n|turn|6\n|\n|t:|1700535700\n|switch|p2a: Torkoal|Torkoal, F|100\/100\n|-weather|SunnyDay|[from] ability: Drought|[of] p2a: Torkoal\n|switch|p1a: Goodra|Goodra-Hisui, F|100\/100\n|move|p2b: Landorus|Rock Slide|p1a: Goodra|[spread] p1a\n|-miss|p2b: Landorus|p1b: Beartic\n|-resisted|p1a: Goodra\n|-damage|p1a: Goodra|94\/100\n|cant|p1b: Beartic|slp\n|\n|-weather|SunnyDay|[upkeep]\n|-heal|p1a: Goodra|100\/100|[from] item: Leftovers\n|upkeep\n|turn|7\n|\n|t:|1700535730\n|switch|p1b: Pelipper|Pelipper, M|100\/100\n|-weather|RainDance|[from] ability: Drizzle|[of] p1b: Pelipper\n|move|p2b: Landorus|Stomping Tantrum|p1a: Goodra\n|-supereffective|p1a: Goodra\n|-damage|p1a: Goodra|53\/100\n|move|p1a: Goodra|Rock Slide|p2a: Torkoal|[spread] p2a,p2b\n|-supereffective|p2a: Torkoal\n|-damage|p2a: Torkoal|81\/100\n|-damage|p2b: Landorus|77\/100\n|move|p2a: Torkoal|Overheat|p1b: Pelipper\n|-resisted|p1b: Pelipper\n|-damage|p1b: Pelipper|81\/100\n|-unboost|p2a: Torkoal|spa|2\n|-enditem|p2a: Torkoal|Eject Pack\n|\n|t:|1700535751\n|switch|p2a: Tornadus|Tornadus, M|67\/100\n|\n|-weather|RainDance|[upkeep]\n|-heal|p1b: Pelipper|87\/100|[from] item: Leftovers\n|-heal|p1a: Goodra|59\/100|[from] item: Leftovers\n|upkeep\n|turn|8\n|\n|t:|1700535786\n|move|p2a: Tornadus|Tailwind|p2a: Tornadus\n|-sidestart|p2: SakuramajiMaya|move: Tailwind\n|move|p2b: Landorus|Stomping Tantrum|p1a: Goodra\n|-supereffective|p1a: Goodra\n|-damage|p1a: Goodra|7\/100\n|move|p1b: Pelipper|Tailwind|p1b: Pelipper\n|-sidestart|p1: patatin08|move: Tailwind\n|move|p1a: Goodra|Draco Meteor|p2a: Tornadus\n|-damage|p2a: Tornadus|31\/100\n|-unboost|p1a: Goodra|spa|2\n|\n|-weather|RainDance|[upkeep]\n|-heal|p1b: Pelipper|93\/100|[from] item: Leftovers\n|-heal|p1a: Goodra|13\/100|[from] item: Leftovers\n|upkeep\n|turn|9\n|\n|t:|1700535830\n|switch|p1a: Kilowattrel|Kilowattrel, M|70\/100\n|move|p2a: Tornadus|Bleakwind Storm|p1a: Kilowattrel|[spread] p1a,p1b\n|-resisted|p1a: Kilowattrel\n|-damage|p1a: Kilowattrel|40\/100\n|-damage|p1b: Pelipper|51\/100\n|move|p2b: Landorus|Rock Slide|p1a: Kilowattrel|[spread] p1a,p1b\n|-supereffective|p1a: Kilowattrel\n|-supereffective|p1b: Pelipper\n|-damage|p1a: Kilowattrel|0 fnt\n|-damage|p1b: Pelipper|14\/100\n|faint|p1a: Kilowattrel\n|cant|p1b: Pelipper|flinch\n|\n|-weather|RainDance|[upkeep]\n|-heal|p1b: Pelipper|21\/100|[from] item: Leftovers\n|upkeep\n|\n|t:|1700535846\n|switch|p1a: Overqwil|Overqwil, M|100\/100\n|turn|10\n|\n|t:|1700535868\n|switch|p1b: Beartic|Beartic, M, tera:Fighting|26\/100 slp\n|move|p2a: Tornadus|Sunny Day|p2a: Tornadus\n|-weather|SunnyDay\n|move|p1a: Overqwil|Liquidation|p2b: Landorus\n|-supereffective|p2b: Landorus\n|-damage|p2b: Landorus|50\/100\n|move|p2b: Landorus|Rock Slide|p1b: Beartic|[spread] p1a,p1b\n|-resisted|p1b: Beartic\n|-damage|p1a: Overqwil|81\/100\n|-damage|p1b: Beartic|14\/100 slp\n|\n|-weather|SunnyDay|[upkeep]\n|upkeep\n|turn|11\n|\n|t:|1700535903\n|switch|p1b: Pelipper|Pelipper, M|21\/100\n|-weather|RainDance|[from] ability: Drizzle|[of] p1b: Pelipper\n|move|p2a: Tornadus|Sunny Day|p2a: Tornadus\n|-weather|SunnyDay\n|move|p1a: Overqwil|Crunch|p2b: Landorus\n|-damage|p2b: Landorus|14\/100\n|-enditem|p2b: Landorus|Aguav Berry|[eat]\n|-heal|p2b: Landorus|48\/100|[from] item: Aguav Berry\n|move|p2b: Landorus|Stomping Tantrum|p1a: Overqwil\n|-supereffective|p1a: Overqwil\n|-damage|p1a: Overqwil|0 fnt\n|faint|p1a: Overqwil\n|\n|-weather|SunnyDay|[upkeep]\n|-heal|p1b: Pelipper|27\/100|[from] item: Leftovers\n|-sideend|p2: SakuramajiMaya|move: Tailwind\n|-sideend|p1: patatin08|move: Tailwind\n|upkeep\n|\n|t:|1700535917\n|switch|p1a: Goodra|Goodra-Hisui, F|13\/100\n|turn|12\n|-message|patatin08 forfeited.\n|\n|win|SakuramajiMaya\n|raw|patatin08's rating: 1341 &rarr; <strong>1325<\/strong><br \/>(-16 for losing)\n|raw|SakuramajiMaya's rating: 1409 &rarr; <strong>1425<\/strong><br \/>(+16 for winning)\n|l|\u2606patatin08\n","uploadtime":1700535947,"views":3,"p1id":"patatin08","p2id":"sakuramajimaya","formatid":"gen9doublesou","rating":1325,"private":0,"password":""}