{"id":"gen9doublesou-1985526424","p1":"grayck","p2":"Unknownkirdy","format":"[Gen 9] Doubles OU","log":"|j|\u2606grayck\n|j|\u2606Unknownkirdy\n|t:|1699381895\n|gametype|doubles\n|player|p1|grayck|rocketgrunt|1088\n|player|p2|Unknownkirdy|101|1010\n|teamsize|p1|6\n|teamsize|p2|6\n|gen|9\n|tier|[Gen 9] Doubles OU\n|rated|\n|rule|Species Clause: Limit one of each Pok\u00e9mon\n|rule|OHKO Clause: OHKO moves are banned\n|rule|Evasion Moves Clause: Evasion moves are banned\n|rule|Gravity Sleep Clause: The combination of sleep-inducing moves with imperfect accuracy and Gravity or Gigantamax Orbeetle are banned\n|rule|Endless Battle Clause: Forcing endless battles is banned\n|rule|HP Percentage Mod: HP is shown in percentages\n|clearpoke\n|poke|p1|Politoed, M|\n|poke|p1|Beartic, M|\n|poke|p1|Raichu, M|\n|poke|p1|Ludicolo, F|\n|poke|p1|Drednaw, M|\n|poke|p1|Basculegion-F, F|\n|poke|p2|Furret, F|\n|poke|p2|Ogerpon-Wellspring, F|\n|poke|p2|Glimmora, M|\n|poke|p2|Murkrow, F|\n|poke|p2|Ceruledge, M|\n|poke|p2|Dipplin, F|\n|teampreview\n|\n|t:|1699381907\n|start\n|switch|p1a: Politoed|Politoed, M|100\/100\n|switch|p1b: Ludicolo|Ludicolo, F|100\/100\n|switch|p2a: Furret|Furret, F, shiny|100\/100\n|switch|p2b: Ogerpon|Ogerpon-Wellspring, F|100\/100\n|-weather|RainDance|[from] ability: Drizzle|[of] p1a: Politoed\n|turn|1\n|\n|t:|1699381917\n|move|p2b: Ogerpon|Follow Me|p2b: Ogerpon\n|-singleturn|p2b: Ogerpon|move: Follow Me\n|move|p1b: Ludicolo|Surf|p2a: Furret|[spread] p1a,p2a\n|-immune|p2b: Ogerpon|[from] ability: Water Absorb\n|-resisted|p1a: Politoed\n|-damage|p1a: Politoed|73\/100\n|-damage|p2a: Furret|0 fnt\n|faint|p2a: Furret\n|-damage|p1b: Ludicolo|91\/100|[from] item: Life Orb\n|move|p1a: Politoed|Muddy Water|p2b: Ogerpon\n|-immune|p2b: Ogerpon|[from] ability: Water Absorb\n|\n|-weather|RainDance|[upkeep]\n|upkeep\n|\n|t:|1699381931\n|switch|p2a: Dipplin|Dipplin, F, shiny|100\/100\n|-ability|p2a: Dipplin|Supersweet Syrup\n|-ability|p2a: Dipplin|Supersweet Syrup|boost\n|-unboost|p1a: Politoed|evasion|1\n|-unboost|p1b: Ludicolo|evasion|1\n|turn|2\n|\n|t:|1699381945\n|move|p1a: Politoed|Helping Hand|p1b: Ludicolo\n|-singleturn|p1b: Ludicolo|Helping Hand|[of] p1a: Politoed\n|move|p1b: Ludicolo|Ice Beam|p2b: Ogerpon\n|-damage|p2b: Ogerpon|53\/100\n|-status|p2b: Ogerpon|frz\n|-damage|p1b: Ludicolo|81\/100|[from] item: Life Orb\n|-curestatus|p2b: Ogerpon|frz|[msg]\n|move|p2b: Ogerpon|Horn Leech|p1a: Politoed\n|-supereffective|p1a: Politoed\n|-damage|p1a: Politoed|0 fnt\n|-heal|p2b: Ogerpon|91\/100|[from] drain|[of] p1a: Politoed\n|faint|p1a: Politoed\n|move|p2a: Dipplin|Recover||[still]\n|-fail|p2a: Dipplin|heal\n|\n|-weather|RainDance|[upkeep]\n|upkeep\n|\n|t:|1699381961\n|switch|p1a: Raichu|Raichu, M|100\/100\n|turn|3\n|\n|t:|1699381982\n|move|p1b: Ludicolo|Ice Beam|p2b: Ogerpon\n|-damage|p2b: Ogerpon|63\/100\n|-damage|p1b: Ludicolo|71\/100|[from] item: Life Orb\n|move|p1a: Raichu|Nasty Plot|p1a: Raichu\n|-boost|p1a: Raichu|spa|2\n|move|p2b: Ogerpon|Synthesis|p2b: Ogerpon\n|-heal|p2b: Ogerpon|88\/100\n|move|p2a: Dipplin|Draco Meteor|p1a: Raichu\n|-damage|p1a: Raichu|32\/100\n|-unboost|p2a: Dipplin|spa|2\n|\n|-weather|RainDance|[upkeep]\n|upkeep\n|turn|4\n|\n|t:|1699382003\n|move|p1b: Ludicolo|Ice Beam|p2a: Dipplin\n|-supereffective|p2a: Dipplin\n|-damage|p2a: Dipplin|30\/100\n|-damage|p1b: Ludicolo|61\/100|[from] item: Life Orb\n|move|p1a: Raichu|Thunder|p2b: Ogerpon\n|-damage|p2b: Ogerpon|16\/100\n|move|p2b: Ogerpon|Horn Leech|p1a: Raichu\n|-damage|p1a: Raichu|0 fnt\n|-heal|p2b: Ogerpon|27\/100|[from] drain|[of] p1a: Raichu\n|faint|p1a: Raichu\n|move|p2a: Dipplin|Syrup Bomb|p1b: Ludicolo\n|-damage|p1b: Ludicolo|48\/100\n|-start|p1b: Ludicolo|Syrup Bomb\n|\n|-weather|RainDance|[upkeep]\n|-unboost|p1b: Ludicolo|spe|1\n|upkeep\n|\n|t:|1699382022\n|switch|p1a: Beartic|Beartic, M|100\/100\n|turn|5\n|\n|t:|1699382036\n|switch|p2b: Glimmora|Glimmora, M|100\/100\n|move|p1a: Beartic|Stone Edge|p2b: Glimmora\n|-damage|p2b: Glimmora|52\/100\n|-activate|p2b: Glimmora|ability: Toxic Debris\n|-sidestart|p1: grayck|move: Toxic Spikes\n|-damage|p1a: Beartic|91\/100|[from] item: Life Orb\n|move|p1b: Ludicolo|Ice Beam|p2a: Dipplin\n|-supereffective|p2a: Dipplin\n|-damage|p2a: Dipplin|0 fnt\n|faint|p2a: Dipplin\n|-damage|p1b: Ludicolo|38\/100|[from] item: Life Orb\n|\n|-weather|RainDance|[upkeep]\n|-heal|p2b: Glimmora|58\/100|[from] item: Leftovers\n|-unboost|p1b: Ludicolo|spe|1\n|upkeep\n|\n|t:|1699382040\n|switch|p2a: Murkrow|Murkrow, F|100\/100\n|turn|6\n|\n|t:|1699382060\n|move|p2a: Murkrow|Tailwind|p2a: Murkrow\n|-sidestart|p2: Unknownkirdy|move: Tailwind\n|move|p1a: Beartic|Stone Edge|p2a: Murkrow\n|-supereffective|p2a: Murkrow\n|-damage|p2a: Murkrow|0 fnt\n|faint|p2a: Murkrow\n|-damage|p1a: Beartic|81\/100|[from] item: Life Orb\n|move|p2b: Glimmora|Mortal Spin|p1b: Ludicolo|[spread] p1a,p1b\n|-supereffective|p1b: Ludicolo\n|-damage|p1a: Beartic|74\/100\n|-damage|p1b: Ludicolo|23\/100\n|-status|p1a: Beartic|psn\n|-status|p1b: Ludicolo|psn\n|move|p1b: Ludicolo|Grass Knot|p2b: Glimmora\n|-damage|p2b: Glimmora|33\/100\n|-damage|p1b: Ludicolo|13\/100 psn|[from] item: Life Orb\n|\n|-weather|RainDance|[upkeep]\n|-heal|p2b: Glimmora|39\/100|[from] item: Leftovers\n|-damage|p1a: Beartic|62\/100 psn|[from] psn\n|-damage|p1b: Ludicolo|1\/100 psn|[from] psn\n|-unboost|p1b: Ludicolo|spe|1\n|upkeep\n|\n|t:|1699382079\n|switch|p2a: Ogerpon|Ogerpon-Wellspring, F|27\/100\n|turn|7\n|\n|t:|1699382101\n|-terastallize|p2a: Ogerpon|Water\n|detailschange|p2a: Ogerpon|Ogerpon-Wellspring-Tera, F, tera:Water\n|-ability|p2a: Ogerpon|Embody Aspect (Wellspring)|boost\n|-boost|p2a: Ogerpon|spd|1\n|move|p2a: Ogerpon|Horn Leech|p1a: Beartic\n|-damage|p1a: Beartic|16\/100 psn\n|-heal|p2a: Ogerpon|48\/100|[from] drain|[of] p1a: Beartic\n|move|p1a: Beartic|Icicle Crash|p2b: Glimmora\n|-damage|p2b: Glimmora|0 fnt\n|-activate|p2b: Glimmora|ability: Toxic Debris\n|-sidestart|p1: grayck|move: Toxic Spikes\n|faint|p2b: Glimmora\n|-damage|p1a: Beartic|7\/100 psn|[from] item: Life Orb\n|move|p1b: Ludicolo|Ice Beam|p2a: Ogerpon\n|-resisted|p2a: Ogerpon\n|-damage|p2a: Ogerpon|37\/100\n|-status|p2a: Ogerpon|frz\n|-damage|p1b: Ludicolo|0 fnt|[from] item: Life Orb\n|faint|p1b: Ludicolo\n|\n|-weather|RainDance|[upkeep]\n|-damage|p1a: Beartic|0 fnt|[from] psn\n|faint|p1a: Beartic\n|upkeep\n|inactive|Battle timer is ON: inactive players will automatically lose when time's up. (requested by Unknownkirdy)\n|\n|t:|1699382123\n|switch|p1b: Basculegion|Basculegion-F, F|100\/100\n|switch|p1a: Drednaw|Drednaw, M|100\/100\n|switch|p2b: Ceruledge|Ceruledge, M|100\/100\n|-status|p1b: Basculegion|tox\n|-status|p1a: Drednaw|tox\n|turn|8\n|\n|t:|1699382147\n|move|p2b: Ceruledge|Bitter Blade|p2a: Ogerpon\n|-resisted|p2a: Ogerpon\n|-damage|p2a: Ogerpon|25\/100 frz\n|-curestatus|p2a: Ogerpon|frz|[msg]\n|-damage|p2b: Ceruledge|91\/100|[from] item: Life Orb\n|move|p2a: Ogerpon|Horn Leech|p1a: Drednaw\n|-supereffective|p1a: Drednaw\n|-damage|p1a: Drednaw|0 fnt\n|-heal|p2a: Ogerpon|78\/100|[from] drain|[of] p1a: Drednaw\n|faint|p1a: Drednaw\n|move|p1b: Basculegion|Shadow Ball|p2b: Ceruledge\n|-supereffective|p2b: Ceruledge\n|-damage|p2b: Ceruledge|10\/100\n|-damage|p1b: Basculegion|91\/100 tox|[from] item: Life Orb\n|\n|-weather|none\n|-damage|p1b: Basculegion|84\/100 tox|[from] psn\n|upkeep\n|turn|9\n|inactive|grayck has 120 seconds left.\n|\n|t:|1699382181\n|move|p2b: Ceruledge|Shadow Sneak|p1b: Basculegion\n|-supereffective|p1b: Basculegion\n|-damage|p1b: Basculegion|15\/100 tox\n|-damage|p2b: Ceruledge|0 fnt|[from] item: Life Orb\n|faint|p2b: Ceruledge\n|move|p2a: Ogerpon|Horn Leech|p1b: Basculegion\n|-supereffective|p1b: Basculegion\n|-damage|p1b: Basculegion|0 fnt\n|-heal|p2a: Ogerpon|85\/100|[from] drain|[of] p1b: Basculegion\n|faint|p1b: Basculegion\n|\n|win|Unknownkirdy\n|raw|grayck's rating: 1088 &rarr; <strong>1060<\/strong><br \/>(-28 for losing)\n|raw|Unknownkirdy's rating: 1010 &rarr; <strong>1057<\/strong><br \/>(+47 for winning)\n|c|\u2606grayck|gg\n|l|\u2606grayck\n","uploadtime":1699382198,"views":9,"p1id":"grayck","p2id":"unknownkirdy","formatid":"gen9doublesou","rating":1057,"private":0,"password":""}