{"id":"gen9doublesou-1988237531","p1":"balloongrapes","p2":"Philofdafuture","format":"[Gen 9] Doubles OU","log":"|j|\u203dballoongrapes\n|j|\u2606Philofdafuture\n|t:|1699691629\n|gametype|doubles\n|player|p1|balloongrapes|266|1294\n|player|p2|Philofdafuture|cynthia|1213\n|teamsize|p1|6\n|teamsize|p2|6\n|gen|9\n|tier|[Gen 9] Doubles OU\n|rated|\n|rule|Species Clause: Limit one of each Pok\u00e9mon\n|rule|OHKO Clause: OHKO moves are banned\n|rule|Evasion Moves Clause: Evasion moves are banned\n|rule|Gravity Sleep Clause: The combination of sleep-inducing moves with imperfect accuracy and Gravity or Gigantamax Orbeetle are banned\n|rule|Endless Battle Clause: Forcing endless battles is banned\n|rule|HP Percentage Mod: HP is shown in percentages\n|clearpoke\n|poke|p1|Maushold-Four|\n|poke|p1|Roaring Moon|\n|poke|p1|Klefki, F|\n|poke|p1|Talonflame, M|\n|poke|p1|Ceruledge, M|\n|poke|p1|Rabsca, F|\n|poke|p2|Great Tusk|\n|poke|p2|Gastrodon, F|\n|poke|p2|Rillaboom, F|\n|poke|p2|Arcanine-Hisui, F|\n|poke|p2|Bisharp, M|\n|poke|p2|Cresselia, F|\n|teampreview\n|inactive|Battle timer is ON: inactive players will automatically lose when time's up. (requested by balloongrapes)\n|\n|t:|1699691644\n|start\n|switch|p1a: Talonflame|Talonflame, M|100\/100\n|switch|p1b: Ceruledge|Ceruledge, M|100\/100\n|switch|p2a: Great Tusk|Great Tusk|100\/100\n|switch|p2b: Arcanine|Arcanine-Hisui, F|100\/100\n|-ability|p2b: Arcanine|Intimidate|boost\n|-unboost|p1a: Talonflame|atk|1\n|-unboost|p1b: Ceruledge|atk|1\n|turn|1\n|inactive|balloongrapes has 120 seconds left.\n|\n|t:|1699691674\n|-terastallize|p1b: Ceruledge|Ice\n|move|p1a: Talonflame|Tailwind|p1a: Talonflame\n|-sidestart|p1: balloongrapes|move: Tailwind\n|move|p1b: Ceruledge|Tera Blast|p2a: Great Tusk|[anim] Tera Blast Ice\n|-supereffective|p2a: Great Tusk\n|-damage|p2a: Great Tusk|60\/100\n|move|p2a: Great Tusk|Headlong Rush|p1b: Ceruledge\n|-damage|p1b: Ceruledge|14\/100\n|-unboost|p2a: Great Tusk|def|1\n|-unboost|p2a: Great Tusk|spd|1\n|move|p2b: Arcanine|Rock Slide|p1b: Ceruledge|[spread] p1a,p1b\n|-supereffective|p1a: Talonflame\n|-supereffective|p1b: Ceruledge\n|-crit|p1b: Ceruledge\n|-damage|p1a: Talonflame|0 fnt\n|-damage|p1b: Ceruledge|0 fnt\n|faint|p1a: Talonflame\n|faint|p1b: Ceruledge\n|\n|upkeep\n|inactive|balloongrapes has 120 seconds left.\n|inactive|balloongrapes has 90 seconds left.\n|\n|t:|1699691710\n|switch|p1a: Roaring Moon|Roaring Moon|100\/100\n|switch|p1b: Rabsca|Rabsca, F|100\/100\n|turn|2\n|\n|t:|1699691718\n|-end|p2a: Great Tusk|Protosynthesis|[silent]\n|switch|p2a: Rillaboom|Rillaboom, F|100\/100\n|-fieldstart|move: Grassy Terrain|[from] ability: Grassy Surge|[of] p2a: Rillaboom\n|move|p1a: Roaring Moon|Earthquake|p2a: Rillaboom|[spread] p2a,p2b\n|-activate|p1b: Rabsca|ability: Telepathy\n|-resisted|p2a: Rillaboom\n|-supereffective|p2b: Arcanine\n|-damage|p2a: Rillaboom|94\/100\n|-damage|p2b: Arcanine|20\/100\n|move|p2b: Arcanine|Rock Slide|p1b: Rabsca|[spread] p1a,p1b\n|-supereffective|p1b: Rabsca\n|-damage|p1a: Roaring Moon|48\/100\n|-damage|p1b: Rabsca|9\/100\n|move|p1b: Rabsca|Psychic|p2a: Rillaboom\n|-damage|p2a: Rillaboom|57\/100\n|\n|-heal|p1a: Roaring Moon|54\/100|[from] Grassy Terrain\n|-heal|p2b: Arcanine|26\/100|[from] Grassy Terrain\n|-heal|p2a: Rillaboom|64\/100|[from] Grassy Terrain\n|-heal|p1b: Rabsca|15\/100|[from] Grassy Terrain\n|upkeep\n|turn|3\n|inactive|balloongrapes has 120 seconds left.\n|\n|t:|1699691741\n|switch|p1b: Klefki|Klefki, F|100\/100\n|move|p2a: Rillaboom|Fake Out|p1a: Roaring Moon\n|-damage|p1a: Roaring Moon|37\/100\n|cant|p1a: Roaring Moon|flinch\n|move|p2b: Arcanine|Rock Slide|p1a: Roaring Moon|[spread] p1a,p1b\n|-resisted|p1b: Klefki\n|-damage|p1a: Roaring Moon|0 fnt\n|-damage|p1b: Klefki|79\/100\n|faint|p1a: Roaring Moon\n|-end|p1a: Roaring Moon|Protosynthesis|[silent]\n|\n|-heal|p1b: Klefki|85\/100|[from] Grassy Terrain\n|-heal|p2b: Arcanine|32\/100|[from] Grassy Terrain\n|-heal|p2a: Rillaboom|70\/100|[from] Grassy Terrain\n|upkeep\n|\n|t:|1699691750\n|switch|p1a: Maushold|Maushold-Four|100\/100\n|turn|4\n|\n|t:|1699691763\n|switch|p2b: Bisharp|Bisharp, M|100\/100\n|move|p1a: Maushold|Encore|p2a: Rillaboom\n|-start|p2a: Rillaboom|Encore\n|move|p1b: Klefki|Steel Beam|p2b: Bisharp\n|-resisted|p2b: Bisharp\n|-damage|p2b: Bisharp|87\/100\n|-damage|p1b: Klefki|35\/100|[from] steelbeam\n|move|p2a: Rillaboom|Fake Out||[still]\n|-hint|Fake Out only works on your first turn out.\n|-fail|p2a: Rillaboom\n|\n|-heal|p1b: Klefki|41\/100|[from] Grassy Terrain\n|-heal|p2a: Rillaboom|76\/100|[from] Grassy Terrain\n|-heal|p2b: Bisharp|93\/100|[from] Grassy Terrain\n|-sideend|p1: balloongrapes|move: Tailwind\n|upkeep\n|turn|5\n|\n|t:|1699691786\n|switch|p2a: Great Tusk|Great Tusk|60\/100\n|move|p1b: Klefki|Reflect|p1b: Klefki\n|-sidestart|p1: balloongrapes|Reflect\n|move|p1a: Maushold|Super Fang|p2b: Bisharp\n|-damage|p2b: Bisharp|47\/100\n|move|p2b: Bisharp|Iron Head|p1a: Maushold\n|-damage|p1a: Maushold|70\/100\n|\n|-heal|p2a: Great Tusk|66\/100|[from] Grassy Terrain\n|-heal|p1a: Maushold|77\/100|[from] Grassy Terrain\n|-heal|p1b: Klefki|47\/100|[from] Grassy Terrain\n|-heal|p2b: Bisharp|53\/100|[from] Grassy Terrain\n|upkeep\n|turn|6\n|\n|t:|1699691810\n|move|p2a: Great Tusk|Close Combat|p1b: Klefki\n|-damage|p1b: Klefki|12\/100\n|-unboost|p2a: Great Tusk|def|1\n|-unboost|p2a: Great Tusk|spd|1\n|move|p1a: Maushold|Super Fang|p2a: Great Tusk\n|-damage|p2a: Great Tusk|33\/100\n|move|p1b: Klefki|Steel Beam|p2a: Great Tusk\n|-crit|p2a: Great Tusk\n|-damage|p2a: Great Tusk|0 fnt\n|-damage|p1b: Klefki|0 fnt|[from] steelbeam\n|faint|p1b: Klefki\n|faint|p2a: Great Tusk\n|-end|p2a: Great Tusk|Protosynthesis|[silent]\n|move|p2b: Bisharp|Iron Head|p1a: Maushold\n|-damage|p1a: Maushold|48\/100\n|\n|-heal|p1a: Maushold|54\/100|[from] Grassy Terrain\n|-heal|p2b: Bisharp|59\/100|[from] Grassy Terrain\n|-fieldend|move: Grassy Terrain\n|upkeep\n|\n|t:|1699691827\n|switch|p2a: Rillaboom|Rillaboom, F|76\/100\n|switch|p1b: Rabsca|Rabsca, F|15\/100\n|-fieldstart|move: Grassy Terrain|[from] ability: Grassy Surge|[of] p2a: Rillaboom\n|turn|7\n|\n|t:|1699691837\n|move|p1a: Maushold|Follow Me|p1a: Maushold\n|-singleturn|p1a: Maushold|move: Follow Me\n|move|p2a: Rillaboom|Grassy Glide|p1a: Maushold\n|-damage|p1a: Maushold|28\/100\n|move|p2b: Bisharp|Sucker Punch||[still]\n|-fail|p2b: Bisharp\n|move|p1b: Rabsca|Revival Blessing|p1b: Rabsca\n|-enditem|p1b: Rabsca|Leppa Berry|[eat]\n|-activate|p1b: Rabsca|item: Leppa Berry|Revival Blessing|[consumed]\n|\n|t:|1699691857\n|-heal|p1: Ceruledge|50\/100|[from] move: Revival Blessing\n|\n|-heal|p1a: Maushold|34\/100|[from] Grassy Terrain\n|-heal|p2a: Rillaboom|82\/100|[from] Grassy Terrain\n|-heal|p2b: Bisharp|65\/100|[from] Grassy Terrain\n|-heal|p1b: Rabsca|21\/100|[from] Grassy Terrain\n|upkeep\n|turn|8\n|\n|t:|1699691869\n|move|p1a: Maushold|Encore|p2b: Bisharp\n|-start|p2b: Bisharp|Encore\n|move|p2a: Rillaboom|U-turn|p1a: Maushold\n|-damage|p1a: Maushold|16\/100\n|\n|t:|1699691877\n|switch|p2a: Arcanine|Arcanine-Hisui, F|32\/100|[from] U-turn\n|-ability|p2a: Arcanine|Intimidate|boost\n|-unboost|p1a: Maushold|atk|1\n|-unboost|p1b: Rabsca|atk|1\n|move|p2b: Bisharp|Sucker Punch||[still]\n|-fail|p2b: Bisharp\n|move|p1b: Rabsca|Revival Blessing|p1b: Rabsca\n|\n|t:|1699691885\n|-heal|p1: Roaring Moon|50\/100|[from] move: Revival Blessing\n|\n|-heal|p1a: Maushold|23\/100|[from] Grassy Terrain\n|-heal|p2a: Arcanine|38\/100|[from] Grassy Terrain\n|-heal|p2b: Bisharp|71\/100|[from] Grassy Terrain\n|-heal|p1b: Rabsca|28\/100|[from] Grassy Terrain\n|upkeep\n|turn|9\n|inactive|balloongrapes has 120 seconds left.\n|\n|t:|1699691920\n|switch|p2b: Cresselia|Cresselia, F|100\/100\n|move|p1a: Maushold|Follow Me|p1a: Maushold\n|-singleturn|p1a: Maushold|move: Follow Me\n|move|p2a: Arcanine|Rock Slide|p1b: Rabsca|[spread] p1a,p1b\n|-supereffective|p1b: Rabsca\n|-damage|p1a: Maushold|0 fnt\n|-damage|p1b: Rabsca|0 fnt\n|faint|p1a: Maushold\n|faint|p1b: Rabsca\n|\n|-heal|p2a: Arcanine|44\/100|[from] Grassy Terrain\n|upkeep\n|inactive|balloongrapes has 120 seconds left.\n|\n|t:|1699691928\n|switch|p1a: Roaring Moon|Roaring Moon|50\/100\n|switch|p1b: Ceruledge|Ceruledge, M|50\/100\n|turn|10\n|inactive|balloongrapes has 120 seconds left.\n|\n|t:|1699691960\n|move|p1a: Roaring Moon|Rock Slide|p2a: Arcanine|[spread] p2a,p2b\n|-supereffective|p2a: Arcanine\n|-crit|p2a: Arcanine\n|-damage|p2a: Arcanine|0 fnt\n|-damage|p2b: Cresselia|87\/100\n|faint|p2a: Arcanine\n|move|p1b: Ceruledge|Disable||[still]\n|-fail|p1b: Ceruledge\n|cant|p2b: Cresselia|flinch\n|\n|-heal|p1a: Roaring Moon|57\/100|[from] Grassy Terrain\n|-heal|p1b: Ceruledge|57\/100|[from] Grassy Terrain\n|-heal|p2b: Cresselia|93\/100|[from] item: Leftovers\n|upkeep\n|\n|t:|1699691974\n|switch|p2a: Rillaboom|Rillaboom, F|82\/100\n|turn|11\n|\n|t:|1699691982\n|move|p2a: Rillaboom|Fake Out|p1a: Roaring Moon\n|-damage|p1a: Roaring Moon|45\/100\n|cant|p1a: Roaring Moon|flinch\n|move|p1b: Ceruledge|Bitter Blade|p2a: Rillaboom\n|-supereffective|p2a: Rillaboom\n|-damage|p2a: Rillaboom|0 fnt\n|-heal|p1b: Ceruledge|100\/100|[from] drain|[of] p2a: Rillaboom\n|faint|p2a: Rillaboom\n|move|p2b: Cresselia|Dazzling Gleam|p1b: Ceruledge|[spread] p1a,p1b\n|-supereffective|p1a: Roaring Moon\n|-resisted|p1b: Ceruledge\n|-crit|p1b: Ceruledge\n|-damage|p1a: Roaring Moon|7\/100\n|-damage|p1b: Ceruledge|91\/100\n|\n|-heal|p1a: Roaring Moon|13\/100|[from] Grassy Terrain\n|-heal|p1b: Ceruledge|97\/100|[from] Grassy Terrain\n|-heal|p2b: Cresselia|99\/100|[from] item: Leftovers\n|-fieldend|move: Grassy Terrain\n|upkeep\n|\n|t:|1699691999\n|switch|p2a: Bisharp|Bisharp, M|71\/100\n|turn|12\n|\n|t:|1699692011\n|move|p2a: Bisharp|Sucker Punch||[still]\n|-fail|p2a: Bisharp\n|move|p1a: Roaring Moon|Rock Slide|p2a: Bisharp|[spread] p2a,p2b\n|-resisted|p2a: Bisharp\n|-damage|p2a: Bisharp|63\/100\n|-damage|p2b: Cresselia|85\/100\n|move|p1b: Ceruledge|Swords Dance|p1b: Ceruledge\n|-boost|p1b: Ceruledge|atk|2\n|move|p2b: Cresselia|Dazzling Gleam|p1b: Ceruledge|[spread] p1a,p1b\n|-supereffective|p1a: Roaring Moon\n|-resisted|p1b: Ceruledge\n|-damage|p1a: Roaring Moon|0 fnt\n|-damage|p1b: Ceruledge|92\/100\n|faint|p1a: Roaring Moon\n|-end|p1a: Roaring Moon|Protosynthesis|[silent]\n|\n|-heal|p2b: Cresselia|92\/100|[from] item: Leftovers\n|-sideend|p1: balloongrapes|Reflect\n|upkeep\n|turn|13\n|\n|t:|1699692029\n|move|p2a: Bisharp|Sucker Punch||[still]\n|-fail|p2a: Bisharp\n|move|p1b: Ceruledge|Disable|p2a: Bisharp\n|-start|p2a: Bisharp|Disable|Sucker Punch\n|move|p2b: Cresselia|Thunder Wave|p1b: Ceruledge\n|-status|p1b: Ceruledge|par\n|\n|-heal|p2b: Cresselia|98\/100|[from] item: Leftovers\n|upkeep\n|turn|14\n|\n|t:|1699692047\n|move|p2b: Cresselia|Lunar Blessing|p2b: Cresselia|[spread] p2a,p2b\n|-heal|p2a: Bisharp|88\/100\n|-heal|p2b: Cresselia|100\/100\n|move|p2a: Bisharp|Swords Dance|p2a: Bisharp\n|-boost|p2a: Bisharp|atk|2\n|move|p1b: Ceruledge|Bitter Blade|p2a: Bisharp\n|-supereffective|p2a: Bisharp\n|-damage|p2a: Bisharp|0 fnt\n|-heal|p1b: Ceruledge|100\/100 par|[from] drain|[of] p2a: Bisharp\n|faint|p2a: Bisharp\n|\n|upkeep\n|\n|t:|1699692058\n|switch|p2a: Gastrodon|Gastrodon, F|100\/100\n|turn|15\n|\n|t:|1699692083\n|move|p2b: Cresselia|Dazzling Gleam|p1b: Ceruledge\n|-resisted|p1b: Ceruledge\n|-damage|p1b: Ceruledge|93\/100 par\n|move|p1b: Ceruledge|Bitter Blade|p2b: Cresselia\n|-damage|p2b: Cresselia|45\/100\n|-heal|p1b: Ceruledge|100\/100 par|[from] drain|[of] p2b: Cresselia\n|move|p2a: Gastrodon|Earth Power|p1b: Ceruledge\n|-supereffective|p1b: Ceruledge\n|-damage|p1b: Ceruledge|29\/100 par\n|\n|-heal|p2b: Cresselia|51\/100|[from] item: Leftovers\n|upkeep\n|turn|16\n|\n|t:|1699692104\n|move|p2b: Cresselia|Protect|p2b: Cresselia\n|-singleturn|p2b: Cresselia|Protect\n|move|p1b: Ceruledge|Disable|p2a: Gastrodon\n|-start|p2a: Gastrodon|Disable|Earth Power\n|cant|p2a: Gastrodon|Disable|Earth Power\n|\n|-heal|p2b: Cresselia|57\/100|[from] item: Leftovers\n|upkeep\n|turn|17\n|\n|t:|1699692115\n|move|p2b: Cresselia|Lunar Blessing|p2b: Cresselia|[spread] p2a,p2b\n|-heal|p2b: Cresselia|82\/100\n|move|p1b: Ceruledge|Bitter Blade|p2b: Cresselia\n|-damage|p2b: Cresselia|25\/100\n|-heal|p1b: Ceruledge|80\/100 par|[from] drain|[of] p2b: Cresselia\n|move|p2a: Gastrodon|Icy Wind|p1b: Ceruledge\n|-resisted|p1b: Ceruledge\n|-damage|p1b: Ceruledge|73\/100 par\n|-unboost|p1b: Ceruledge|spe|1\n|\n|-heal|p2b: Cresselia|31\/100|[from] item: Leftovers\n|upkeep\n|turn|18\n|\n|t:|1699692135\n|move|p2b: Cresselia|Lunar Blessing|p2b: Cresselia|[spread] p2a,p2b\n|-heal|p2b: Cresselia|56\/100\n|move|p2a: Gastrodon|Icy Wind|p1b: Ceruledge\n|-resisted|p1b: Ceruledge\n|-damage|p1b: Ceruledge|66\/100 par\n|-unboost|p1b: Ceruledge|spe|1\n|move|p1b: Ceruledge|Swords Dance|p1b: Ceruledge\n|-boost|p1b: Ceruledge|atk|2\n|\n|-heal|p2b: Cresselia|62\/100|[from] item: Leftovers\n|upkeep\n|turn|19\n|\n|t:|1699692148\n|move|p2b: Cresselia|Lunar Blessing|p2b: Cresselia|[spread] p2a,p2b\n|-heal|p2b: Cresselia|87\/100\n|move|p2a: Gastrodon|Icy Wind|p1b: Ceruledge\n|-resisted|p1b: Ceruledge\n|-damage|p1b: Ceruledge|59\/100 par\n|-unboost|p1b: Ceruledge|spe|1\n|move|p1b: Ceruledge|Bitter Blade|p2b: Cresselia\n|-damage|p2b: Cresselia|0 fnt\n|-heal|p1b: Ceruledge|100\/100 par|[from] drain|[of] p2b: Cresselia\n|faint|p2b: Cresselia\n|\n|-end|p2a: Gastrodon|Disable\n|upkeep\n|turn|20\n|\n|t:|1699692168\n|move|p2a: Gastrodon|Earth Power|p1b: Ceruledge\n|-supereffective|p1b: Ceruledge\n|-damage|p1b: Ceruledge|32\/100 par\n|move|p1b: Ceruledge|Disable|p2a: Gastrodon\n|-start|p2a: Gastrodon|Disable|Earth Power\n|\n|upkeep\n|turn|21\n|\n|t:|1699692181\n|move|p2a: Gastrodon|Protect|p2a: Gastrodon\n|-singleturn|p2a: Gastrodon|Protect\n|move|p1b: Ceruledge|Bitter Blade|p2a: Gastrodon\n|-activate|p2a: Gastrodon|move: Protect\n|\n|upkeep\n|turn|22\n|\n|t:|1699692186\n|move|p2a: Gastrodon|Icy Wind|p1b: Ceruledge\n|-resisted|p1b: Ceruledge\n|-damage|p1b: Ceruledge|25\/100 par\n|-unboost|p1b: Ceruledge|spe|1\n|move|p1b: Ceruledge|Bitter Blade|p2a: Gastrodon\n|-resisted|p2a: Gastrodon\n|-damage|p2a: Gastrodon|30\/100\n|-heal|p1b: Ceruledge|80\/100 par|[from] drain|[of] p2a: Gastrodon\n|-damage|p1b: Ceruledge|63\/100 par|[from] item: Rocky Helmet|[of] p2a: Gastrodon\n|\n|upkeep\n|turn|23\n|\n|t:|1699692196\n|move|p2a: Gastrodon|Protect|p2a: Gastrodon\n|-singleturn|p2a: Gastrodon|Protect\n|move|p1b: Ceruledge|Swords Dance|p1b: Ceruledge\n|-boost|p1b: Ceruledge|atk|2\n|\n|upkeep\n|turn|24\n|\n|t:|1699692204\n|move|p2a: Gastrodon|Recover|p2a: Gastrodon\n|-heal|p2a: Gastrodon|80\/100\n|move|p1b: Ceruledge|Bitter Blade|p2a: Gastrodon\n|-resisted|p2a: Gastrodon\n|-damage|p2a: Gastrodon|0 fnt\n|-heal|p1b: Ceruledge|100\/100 par|[from] drain|[of] p2a: Gastrodon\n|-damage|p1b: Ceruledge|84\/100 par|[from] item: Rocky Helmet|[of] p2a: Gastrodon\n|faint|p2a: Gastrodon\n|\n|win|balloongrapes\n|raw|balloongrapes's rating: 1294 &rarr; <strong>1313<\/strong><br \/>(+19 for winning)\n|raw|Philofdafuture's rating: 1213 &rarr; <strong>1194<\/strong><br \/>(-19 for losing)\n|l|\u2606Philofdafuture\n","uploadtime":1699692528,"views":12,"p1id":"balloongrapes","p2id":"philofdafuture","formatid":"gen9doublesou","rating":1194,"private":0,"password":""}