{"id":"gen9doublesou-1998954036","p1":"iqlevel10000","p2":"Idktn","format":"[Gen 9] Doubles OU","log":"|j|\u2606iqlevel10000\n|j|\u2606Idktn\n|t:|1701017278\n|gametype|doubles\n|player|p1|iqlevel10000|preschooler|1032\n|player|p2|Idktn|ghetsis|1031\n|teamsize|p1|6\n|teamsize|p2|6\n|gen|9\n|tier|[Gen 9] Doubles OU\n|rated|\n|rule|Species Clause: Limit one of each Pok\u00e9mon\n|rule|OHKO Clause: OHKO moves are banned\n|rule|Evasion Moves Clause: Evasion moves are banned\n|rule|Gravity Sleep Clause: The combination of sleep-inducing moves with imperfect accuracy and Gravity or Gigantamax Orbeetle are banned\n|rule|Endless Battle Clause: Forcing endless battles is banned\n|rule|HP Percentage Mod: HP is shown in percentages\n|clearpoke\n|poke|p1|Ursaluna, M|\n|poke|p1|Sinistcha-Masterpiece|\n|poke|p1|Ursaring, F|\n|poke|p1|Murkrow, F|\n|poke|p1|Flutter Mane|\n|poke|p1|Gardevoir, F|\n|poke|p2|Greninja-*, M|\n|poke|p2|Blissey, F|\n|poke|p2|Mew|\n|poke|p2|Infernape, M|\n|poke|p2|Thundurus-Therian, M|\n|poke|p2|Pelipper, F|\n|teampreview\n|inactive|Battle timer is ON: inactive players will automatically lose when time's up. (requested by Idktn)\n|\n|t:|1701017308\n|start\n|switch|p1a: Ursaring|Ursaring, F|100\/100\n|switch|p1b: Murkrow|Murkrow, F|100\/100\n|switch|p2a: Infernape|Infernape, M|100\/100\n|switch|p2b: Mew|Mew|100\/100\n|turn|1\n|\n|t:|1701017329\n|move|p1b: Murkrow|Thunder Wave|p1a: Ursaring\n|-status|p1a: Ursaring|par\n|move|p2a: Infernape|Fire Pledge|p1a: Ursaring\n|-waiting|p2a: Infernape|p2b: Mew\n|move|p2b: Mew|Water Pledge|p1a: Ursaring|[from]move: Fire Pledge\n|-combine\n|-damage|p1a: Ursaring|65\/100 par\n|-sidestart|p2: Idktn|Water Pledge\n|cant|p1a: Ursaring|par\n|\n|upkeep\n|turn|2\n|\n|t:|1701017357\n|switch|p2a: Blissey|Blissey, F|100\/100\n|move|p2b: Mew|Snowscape|p2b: Mew\n|-weather|Snow\n|cant|p1a: Ursaring|par\n|move|p1b: Murkrow|Whirlwind|p2b: Mew\n|drag|p2b: Infernape|Infernape, M|100\/100\n|\n|-weather|Snow|[upkeep]\n|upkeep\n|turn|3\n|inactive|Idktn has 120 seconds left.\n|inactive|Idktn has 90 seconds left.\n|inactive|Idktn has 60 seconds left.\n|inactive|Idktn has 30 seconds left.\n|inactive|Idktn has 20 seconds left.\n|inactive|Idktn has 15 seconds left.\n|\n|t:|1701017496\n|switch|p2b: Mew|Mew|100\/100\n|switch|p1b: Sinistcha|Sinistcha-Masterpiece|100\/100\n|-heal|p1a: Ursaring|90\/100 par|[from] ability: Hospitality|[of] p1b: Sinistcha\n|cant|p1a: Ursaring|par\n|move|p2a: Blissey|Blizzard|p1a: Ursaring|[spread] p1a,p1b\n|-supereffective|p1b: Sinistcha\n|-damage|p1a: Ursaring|79\/100 par\n|-damage|p1b: Sinistcha|66\/100\n|-status|p1b: Sinistcha|frz\n|-enditem|p1b: Sinistcha|Eject Button\n|inactive|Idktn has 20 seconds left this turn.\n|inactive|iqlevel10000 has 120 seconds left.\n|\n|t:|1701017528\n|switch|p1b: Ursaluna|Ursaluna, M|100\/100\n|\n|-weather|Snow|[upkeep]\n|upkeep\n|turn|4\n|inactive|iqlevel10000 has 120 seconds left.\n|inactive|Idktn has 30 seconds left.\n|\n|t:|1701017553\n|move|p2b: Mew|Water Pledge|p1b: Ursaluna\n|-supereffective|p1b: Ursaluna\n|-damage|p1b: Ursaluna|65\/100\n|move|p1a: Ursaring|Belly Drum|p1a: Ursaring\n|-damage|p1a: Ursaring|29\/100 par\n|-setboost|p1a: Ursaring|atk|6|[from] move: Belly Drum\n|move|p2a: Blissey|Blizzard|p1b: Ursaluna|[spread] p1a,p1b\n|-supereffective|p1b: Ursaluna\n|-damage|p1a: Ursaring|17\/100 par\n|-damage|p1b: Ursaluna|36\/100\n|-status|p1b: Ursaluna|frz\n|-curestatus|p1b: Ursaluna|frz|[msg]\n|move|p1b: Ursaluna|Belly Drum||[still]\n|-fail|p1b: Ursaluna\n|\n|-weather|Snow|[upkeep]\n|-heal|p1b: Ursaluna|43\/100|[from] item: Leftovers\n|-sideend|p2: Idktn|Water Pledge\n|upkeep\n|turn|5\n|inactive|iqlevel10000 has 120 seconds left.\n|inactive|Idktn has 30 seconds left.\n|\n|t:|1701017587\n|move|p2b: Mew|Transform|p1a: Ursaring\n|-transform|p2b: Mew|p1a: Ursaring\n|move|p1a: Ursaring|Close Combat|p2a: Blissey\n|-supereffective|p2a: Blissey\n|-damage|p2a: Blissey|0 fnt\n|-unboost|p1a: Ursaring|def|1\n|-unboost|p1a: Ursaring|spd|1\n|faint|p2a: Blissey\n|move|p1b: Ursaluna|Drain Punch|p2b: Mew\n|-supereffective|p2b: Mew\n|-damage|p2b: Mew|37\/100\n|-heal|p1b: Ursaluna|70\/100|[from] drain|[of] p2b: Mew\n|-enditem|p2b: Mew|Sitrus Berry|[eat]\n|-heal|p2b: Mew|62\/100|[from] item: Sitrus Berry\n|\n|-weather|Snow|[upkeep]\n|-heal|p1b: Ursaluna|77\/100|[from] item: Leftovers\n|upkeep\n|inactive|Idktn has 30 seconds left this turn.\n|inactive|Idktn has 20 seconds left.\n|inactive|Idktn has 15 seconds left.\n|inactive|Idktn has 10 seconds left.\n|inactive|Idktn has 5 seconds left.\n|-message|Idktn lost due to inactivity.\n|\n|win|iqlevel10000\n|raw|iqlevel10000's rating: 1100 &rarr; <strong>1120<\/strong><br \/>(+20 for winning)\n|raw|Idktn's rating: 1031 &rarr; <strong>1019<\/strong><br \/>(-12 for losing)\n|l|\u2606iqlevel10000\n","uploadtime":1701017671,"views":7,"p1id":"iqlevel10000","p2id":"idktn","formatid":"gen9doublesou","rating":1019,"private":0,"password":""}