{"id":"gen9doublesou-1970124575","p1":"Mania_ZX","p2":"erce1234","format":"[Gen 9] Doubles OU","log":"|j|\u2606Mania_ZX\n|j|\u2606erce1234\n|t:|1697596895\n|gametype|doubles\n|player|p1|Mania_ZX|acetrainerf-gen4|\n|player|p2|erce1234|bugsy|\n|teamsize|p1|6\n|teamsize|p2|6\n|gen|9\n|tier|[Gen 9] Doubles OU\n|rule|Species Clause: Limit one of each Pok\u00e9mon\n|rule|OHKO Clause: OHKO moves are banned\n|rule|Evasion Moves Clause: Evasion moves are banned\n|rule|Gravity Sleep Clause: The combination of sleep-inducing moves with imperfect accuracy and Gravity or Gigantamax Orbeetle are banned\n|rule|Endless Battle Clause: Forcing endless battles is banned\n|rule|HP Percentage Mod: HP is shown in percentages\n|clearpoke\n|poke|p1|Whiscash, M|\n|poke|p1|Houndoom, M|\n|poke|p1|Kommo-o, M|\n|poke|p1|Ogerpon-Cornerstone, F|\n|poke|p1|Scizor, F|\n|poke|p1|Snorlax, F|\n|poke|p2|Mew|\n|poke|p2|Enamorus, F|\n|poke|p2|Lokix, M|\n|poke|p2|Amoonguss, F|\n|poke|p2|Arcanine-Hisui, M|\n|poke|p2|Sneasler, F|\n|teampreview\n|c|\u2606Mania_ZX|nice lineup ^^\n|\n|t:|1697596938\n|start\n|switch|p1a: we hate grass|Whiscash, M, shiny|100\/100\n|switch|p1b: Scyther (real)|Scizor, F, shiny|100\/100\n|switch|p2a: Mew|Mew|100\/100\n|switch|p2b: Enamorus|Enamorus, F|100\/100\n|turn|1\n|c|\u2606erce1234|sry was texting someone\n|\n|t:|1697596972\n|move|p2b: Enamorus|Mystical Fire|p1b: Scyther (real)\n|-supereffective|p1b: Scyther (real)\n|-damage|p1b: Scyther (real)|0 fnt\n|faint|p1b: Scyther (real)\n|move|p2a: Mew|Skill Swap|p2b: Enamorus\n|-activate|p2a: Mew|move: Skill Swap|||[of] p2b: Enamorus\n|move|p1a: we hate grass|Stealth Rock|p2b: Enamorus\n|-sidestart|p2: erce1234|move: Stealth Rock\n|\n|upkeep\n|c|\u2606Mania_ZX|its ok\n|\n|t:|1697596999\n|switch|p1b: Shrek|Ogerpon-Cornerstone, F|100\/100\n|turn|2\n|\n|t:|1697597032\n|move|p1b: Shrek|Ivy Cudgel|p2b: Enamorus\n|-supereffective|p2b: Enamorus\n|-enditem|p2b: Enamorus|Focus Sash\n|-damage|p2b: Enamorus|1\/100\n|move|p2b: Enamorus|Calm Mind|p2b: Enamorus\n|-boost|p2b: Enamorus|spa|1\n|-boost|p2b: Enamorus|spd|1\n|move|p2a: Mew|Leaf Storm|p1a: we hate grass\n|-supereffective|p1a: we hate grass\n|-damage|p1a: we hate grass|0 fnt\n|-boost|p2a: Mew|spa|2\n|faint|p1a: we hate grass\n|-damage|p2a: Mew|91\/100|[from] item: Life Orb\n|\n|upkeep\n|\n|t:|1697597056\n|switch|p1a: Dr. Delicate touch|Houndoom, M|100\/100\n|turn|3\n|\n|t:|1697597085\n|move|p1b: Shrek|Ivy Cudgel|p2b: Enamorus\n|-supereffective|p2b: Enamorus\n|-damage|p2b: Enamorus|0 fnt\n|faint|p2b: Enamorus\n|move|p2a: Mew|Draco Meteor|p1a: Dr. Delicate touch\n|-damage|p1a: Dr. Delicate touch|0 fnt\n|-boost|p2a: Mew|spa|2\n|faint|p1a: Dr. Delicate touch\n|-damage|p2a: Mew|81\/100|[from] item: Life Orb\n|\n|upkeep\n|\n|t:|1697597113\n|switch|p2b: Sneasler|Sneasler, F|100\/100\n|switch|p1a: King|Snorlax, F|100\/100\n|-damage|p2b: Sneasler|95\/100|[from] Stealth Rock\n|turn|4\n|\n|t:|1697597130\n|move|p1b: Shrek|Ivy Cudgel|p2a: Mew\n|-damage|p2a: Mew|21\/100\n|move|p2b: Sneasler|Close Combat|p1a: King\n|-supereffective|p1a: King\n|-damage|p1a: King|0 fnt\n|-unboost|p2b: Sneasler|def|1\n|-unboost|p2b: Sneasler|spd|1\n|-enditem|p2b: Sneasler|White Herb\n|-clearnegativeboost|p2b: Sneasler|[silent]\n|faint|p1a: King\n|move|p2a: Mew|Draco Meteor|p1b: Shrek\n|-ability|p1b: Shrek|Sturdy\n|-damage|p1b: Shrek|1\/100\n|-boost|p2a: Mew|spa|2\n|-damage|p2a: Mew|11\/100|[from] item: Life Orb\n|\n|upkeep\n|\n|t:|1697597147\n|switch|p1a: Combo King|Kommo-o, M|100\/100\n|turn|5\n|raw|<div class=\"broadcast-red\"><b>The server is restarting soon.<\/b><br \/>Please finish your battles quickly. No new battles can be started until the server resets in a few minutes.<\/div>\n|inactive|Battle timer is ON: inactive players will automatically lose when time's up.\n|raw|<div class=\"broadcast-red\"><b>Moderated chat was set to +!<\/b><br \/>Only users of rank + and higher can talk.<\/div>\n|c|\u2606erce1234|uawhofiwo\n|\n|t:|1697597173\n|move|p2b: Sneasler|Acrobatics|p1b: Shrek\n|-damage|p1b: Shrek|0 fnt\n|faint|p1b: Shrek\n|move|p2a: Mew|Draco Meteor|p1a: Combo King\n|-supereffective|p1a: Combo King\n|-damage|p1a: Combo King|0 fnt\n|faint|p1a: Combo King\n|-damage|p2a: Mew|1\/100|[from] item: Life Orb\n|\n|win|erce1234\n","uploadtime":1697597185,"views":17,"p1id":"maniazx","p2id":"erce1234","formatid":"gen9doublesou","rating":0,"private":0,"password":""}