{"id":"gen9doublesou-1976396127","p1":"justjuann","p2":"mikeyuwu","format":"[Gen 9] Doubles OU","log":"|j|\u2606justjuann\n|j|\u2606mikeyuwu\n|t:|1698296185\n|gametype|doubles\n|player|p1|justjuann|lady-gen4|1124\n|player|p2|mikeyuwu|psychic-gen4|1227\n|teamsize|p1|6\n|teamsize|p2|6\n|gen|9\n|tier|[Gen 9] Doubles OU\n|rated|\n|rule|Species Clause: Limit one of each Pok\u00e9mon\n|rule|OHKO Clause: OHKO moves are banned\n|rule|Evasion Moves Clause: Evasion moves are banned\n|rule|Gravity Sleep Clause: The combination of sleep-inducing moves with imperfect accuracy and Gravity or Gigantamax Orbeetle are banned\n|rule|Endless Battle Clause: Forcing endless battles is banned\n|rule|HP Percentage Mod: HP is shown in percentages\n|clearpoke\n|poke|p1|Mudsdale, F|\n|poke|p1|Hippowdon, F|\n|poke|p1|Sandaconda, M|\n|poke|p1|Clodsire, F|\n|poke|p1|Krookodile, M|\n|poke|p1|Ursaluna-Bloodmoon, M|\n|poke|p2|Garchomp, M|\n|poke|p2|Tyranitar, F|\n|poke|p2|Vaporeon, F|\n|poke|p2|Toxicroak, M|\n|poke|p2|Pelipper, F|\n|poke|p2|Abomasnow, M|\n|teampreview\n|\n|t:|1698296191\n|start\n|switch|p1a: Star|Hippowdon, F|100\/100\n|switch|p1b: Sandaconda|Sandaconda, M|100\/100\n|switch|p2a: Cold Shoulder|Abomasnow, M, shiny|100\/100\n|switch|p2b: Harmacy|Vaporeon, F|100\/100\n|-weather|Snow|[from] ability: Snow Warning|[of] p2a: Cold Shoulder\n|-weather|Sandstorm|[from] ability: Sand Stream|[of] p1a: Star\n|turn|1\n|\n|t:|1698296232\n|switch|p2a: Weather War|Pelipper, F|100\/100\n|-weather|RainDance|[from] ability: Drizzle|[of] p2a: Weather War\n|move|p1b: Sandaconda|Thunder Fang|p2b: Harmacy|[miss]\n|-miss|p1b: Sandaconda|p2b: Harmacy\n|move|p2b: Harmacy|Weather Ball|p1b: Sandaconda|[miss]\n|-miss|p2b: Harmacy|p1b: Sandaconda\n|move|p1a: Star|Stealth Rock|p2a: Weather War\n|-sidestart|p2: mikeyuwu|move: Stealth Rock\n|\n|-weather|RainDance|[upkeep]\n|upkeep\n|turn|2\n|\n|t:|1698296251\n|switch|p2a: Extra Spicy|Garchomp, M|100\/100\n|-damage|p2a: Extra Spicy|94\/100|[from] Stealth Rock\n|move|p1b: Sandaconda|Thunder Fang|p2a: Extra Spicy\n|-immune|p2a: Extra Spicy\n|move|p2b: Harmacy|Weather Ball|p1b: Sandaconda\n|-supereffective|p1b: Sandaconda\n|-damage|p1b: Sandaconda|0 fnt\n|faint|p1b: Sandaconda\n|move|p1a: Star|Rock Slide|p2a: Extra Spicy|[spread] p2a,p2b\n|-resisted|p2a: Extra Spicy\n|-damage|p2a: Extra Spicy|89\/100\n|-damage|p2b: Harmacy|86\/100\n|\n|-weather|RainDance|[upkeep]\n|-heal|p2b: Harmacy|93\/100|[from] item: Leftovers\n|upkeep\n|c|\u2606mikeyuwu|Bright powder?\n|\n|t:|1698296267\n|switch|p1b: Clodsire|Clodsire, F|100\/100\n|turn|3\n|\n|t:|1698296281\n|switch|p2a: Weather War|Pelipper, F|100\/100\n|move|p2b: Harmacy|Icy Wind|p1a: Star|[spread] p1a,p1b\n|-supereffective|p1a: Star\n|-supereffective|p1b: Clodsire\n|-damage|p1a: Star|73\/100\n|-damage|p1b: Clodsire|87\/100\n|-unboost|p1a: Star|spe|1\n|-unboost|p1b: Clodsire|spe|1\n|move|p1a: Star|Ice Fang|p2a: Weather War\n|-damage|p2a: Weather War|84\/100\n|move|p1b: Clodsire|Trailblaze|p2b: Harmacy\n|-supereffective|p2b: Harmacy\n|-crit|p2b: Harmacy\n|-damage|p2b: Harmacy|72\/100\n|-boost|p1b: Clodsire|spe|1\n|\n|-weather|RainDance|[upkeep]\n|-heal|p2b: Harmacy|78\/100|[from] item: Leftovers\n|-heal|p1b: Clodsire|93\/100|[from] item: Black Sludge\n|upkeep\n|turn|4\n|\n|t:|1698296310\n|move|p2a: Weather War|Blizzard|p1a: Star|[spread] p1a\n|-miss|p2a: Weather War|p1b: Clodsire\n|-supereffective|p1a: Star\n|-damage|p1a: Star|25\/100\n|move|p2b: Harmacy|Copycat|p2b: Harmacy\n|move|p2b: Harmacy|Blizzard|p1b: Clodsire|[from]move: Copycat|[spread] p1a\n|-miss|p2b: Harmacy|p1b: Clodsire\n|-supereffective|p1a: Star\n|-damage|p1a: Star|0 fnt\n|faint|p1a: Star\n|move|p1b: Clodsire|Trailblaze|p2b: Harmacy\n|-supereffective|p2b: Harmacy\n|-damage|p2b: Harmacy|64\/100\n|-boost|p1b: Clodsire|spe|1\n|\n|-weather|RainDance|[upkeep]\n|-heal|p2b: Harmacy|70\/100|[from] item: Leftovers\n|-heal|p1b: Clodsire|99\/100|[from] item: Black Sludge\n|upkeep\n|\n|t:|1698296333\n|switch|p1a: Ursaluna|Ursaluna-Bloodmoon, M|100\/100\n|turn|5\n|\n|t:|1698296351\n|switch|p2b: Cold Shoulder|Abomasnow, M, shiny|100\/100\n|-damage|p2b: Cold Shoulder|76\/100|[from] Stealth Rock\n|-weather|Snow|[from] ability: Snow Warning|[of] p2b: Cold Shoulder\n|-terastallize|p1a: Ursaluna|Normal\n|move|p2a: Weather War|Blizzard|p1a: Ursaluna|[spread] p1a,p1b\n|-supereffective|p1b: Clodsire\n|-crit|p1b: Clodsire\n|-damage|p1a: Ursaluna|77\/100\n|-damage|p1b: Clodsire|67\/100\n|move|p1a: Ursaluna|Blood Moon|p2b: Cold Shoulder\n|-damage|p2b: Cold Shoulder|0 fnt\n|faint|p2b: Cold Shoulder\n|-damage|p1a: Ursaluna|68\/100|[from] item: Life Orb\n|move|p1b: Clodsire|Toxic|p2a: Weather War\n|-status|p2a: Weather War|tox\n|\n|-weather|Snow|[upkeep]\n|-heal|p1b: Clodsire|74\/100|[from] item: Black Sludge\n|-damage|p2a: Weather War|78\/100 tox|[from] psn\n|upkeep\n|\n|t:|1698296365\n|switch|p2b: OTLHPM|Toxicroak, M|100\/100\n|-damage|p2b: OTLHPM|94\/100|[from] Stealth Rock\n|turn|6\n|\n|t:|1698296391\n|move|p2b: OTLHPM|Drain Punch|p1a: Ursaluna\n|-supereffective|p1a: Ursaluna\n|-damage|p1a: Ursaluna|24\/100\n|-heal|p2b: OTLHPM|100\/100|[from] drain|[of] p1a: Ursaluna\n|move|p2a: Weather War|Blizzard|p1a: Ursaluna|[spread] p1a,p1b\n|-supereffective|p1b: Clodsire\n|-damage|p1a: Ursaluna|0 fnt\n|-damage|p1b: Clodsire|53\/100\n|faint|p1a: Ursaluna\n|move|p1b: Clodsire|Poison Jab|p2a: Weather War\n|-damage|p2a: Weather War|59\/100 tox\n|\n|-weather|Snow|[upkeep]\n|-heal|p1b: Clodsire|60\/100|[from] item: Black Sludge\n|-damage|p2a: Weather War|47\/100 tox|[from] psn\n|upkeep\n|\n|t:|1698296408\n|switch|p1a: Lilandra|Mudsdale, F|100\/100\n|turn|7\n|\n|t:|1698296420\n|switch|p2b: Extra Spicy|Garchomp, M|89\/100\n|-damage|p2b: Extra Spicy|82\/100|[from] Stealth Rock\n|switch|p2a: Harmacy|Vaporeon, F|70\/100\n|-damage|p2a: Harmacy|57\/100|[from] Stealth Rock\n|move|p1b: Clodsire|Earthquake|p2b: Extra Spicy|[spread] p1a,p2a,p2b\n|-damage|p1a: Lilandra|85\/100\n|-damage|p2a: Harmacy|41\/100\n|-damage|p2b: Extra Spicy|70\/100\n|-ability|p1a: Lilandra|Stamina|boost\n|-boost|p1a: Lilandra|def|1\n|move|p1a: Lilandra|Stone Edge|p2a: Harmacy\n|-damage|p2a: Harmacy|16\/100\n|\n|-weather|Snow|[upkeep]\n|-heal|p2a: Harmacy|23\/100|[from] item: Leftovers\n|-heal|p1b: Clodsire|66\/100|[from] item: Black Sludge\n|upkeep\n|turn|8\n|\n|t:|1698296446\n|move|p2b: Extra Spicy|Liquidation|p1a: Lilandra\n|-supereffective|p1a: Lilandra\n|-damage|p1a: Lilandra|61\/100\n|-unboost|p1a: Lilandra|def|1\n|-ability|p1a: Lilandra|Stamina|boost\n|-boost|p1a: Lilandra|def|1\n|move|p2a: Harmacy|Wish|p2a: Harmacy\n|move|p1b: Clodsire|Trailblaze|p2a: Harmacy\n|-supereffective|p2a: Harmacy\n|-damage|p2a: Harmacy|8\/100\n|-boost|p1b: Clodsire|spe|1\n|move|p1a: Lilandra|Body Press|p2b: Extra Spicy\n|-damage|p2b: Extra Spicy|47\/100\n|-damage|p1a: Lilandra|49\/100|[from] ability: Rough Skin|[of] p2b: Extra Spicy\n|-damage|p1a: Lilandra|32\/100|[from] item: Rocky Helmet|[of] p2b: Extra Spicy\n|\n|-weather|Snow|[upkeep]\n|-heal|p2a: Harmacy|14\/100|[from] item: Leftovers\n|-heal|p1b: Clodsire|72\/100|[from] item: Black Sludge\n|upkeep\n|turn|9\n|\n|t:|1698296478\n|switch|p2b: Weather War|Pelipper, F|47\/100 tox\n|-weather|RainDance|[from] ability: Drizzle|[of] p2b: Weather War\n|move|p2a: Harmacy|Weather Ball|p1a: Lilandra\n|-supereffective|p1a: Lilandra\n|-damage|p1a: Lilandra|0 fnt\n|faint|p1a: Lilandra\n|move|p1b: Clodsire|Trailblaze|p2b: Weather War\n|-damage|p2b: Weather War|39\/100 tox\n|-boost|p1b: Clodsire|spe|1\n|\n|-weather|RainDance|[upkeep]\n|-heal|p2a: Harmacy|64\/100|[from] move: Wish|[wisher] Harmacy\n|-heal|p1b: Clodsire|78\/100|[from] item: Black Sludge\n|-heal|p2a: Harmacy|70\/100|[from] item: Leftovers\n|-damage|p2b: Weather War|33\/100 tox|[from] psn\n|upkeep\n|\n|t:|1698296495\n|switch|p1a: Krookodile|Krookodile, M|100\/100\n|-ability|p1a: Krookodile|Intimidate|boost\n|-unboost|p2a: Harmacy|atk|1\n|-unboost|p2b: Weather War|atk|1\n|turn|10\n|\n|t:|1698296518\n|switch|p2b: OTLHPM|Toxicroak, M|100\/100\n|-damage|p2b: OTLHPM|94\/100|[from] Stealth Rock\n|move|p1b: Clodsire|Poison Jab|p2b: OTLHPM\n|-resisted|p2b: OTLHPM\n|-damage|p2b: OTLHPM|76\/100\n|move|p2a: Harmacy|Weather Ball|p1a: Krookodile\n|-supereffective|p1a: Krookodile\n|-damage|p1a: Krookodile|0 fnt\n|faint|p1a: Krookodile\n|\n|-weather|RainDance|[upkeep]\n|-heal|p2b: OTLHPM|88\/100|[from] ability: Dry Skin\n|-heal|p2b: OTLHPM|95\/100|[from] item: Black Sludge\n|-heal|p1b: Clodsire|85\/100|[from] item: Black Sludge\n|-heal|p2a: Harmacy|76\/100|[from] item: Leftovers\n|upkeep\n|turn|11\n|\n|t:|1698296534\n|switch|p2b: ThcrThnSnkr|Tyranitar, F|100\/100\n|-damage|p2b: ThcrThnSnkr|88\/100|[from] Stealth Rock\n|-weather|Sandstorm|[from] ability: Sand Stream|[of] p2b: ThcrThnSnkr\n|move|p1b: Clodsire|Earthquake|p2b: ThcrThnSnkr|[spread] p2a,p2b\n|-supereffective|p2b: ThcrThnSnkr\n|-damage|p2a: Harmacy|60\/100\n|-damage|p2b: ThcrThnSnkr|45\/100\n|move|p2a: Harmacy|Wish|p2a: Harmacy\n|\n|-weather|Sandstorm|[upkeep]\n|-damage|p2a: Harmacy|54\/100|[from] Sandstorm\n|-heal|p1b: Clodsire|91\/100|[from] item: Black Sludge\n|-heal|p2a: Harmacy|60\/100|[from] item: Leftovers\n|upkeep\n|turn|12\n|\n|t:|1698296549\n|switch|p2a: Weather War|Pelipper, F|33\/100 tox\n|-weather|RainDance|[from] ability: Drizzle|[of] p2a: Weather War\n|move|p1b: Clodsire|Trailblaze|p2a: Weather War\n|-damage|p2a: Weather War|25\/100 tox\n|-boost|p1b: Clodsire|spe|1\n|move|p2b: ThcrThnSnkr|Knock Off|p1b: Clodsire\n|-damage|p1b: Clodsire|46\/100\n|-enditem|p1b: Clodsire|Black Sludge|[from] move: Knock Off|[of] p2b: ThcrThnSnkr\n|\n|-weather|RainDance|[upkeep]\n|-heal|p2a: Weather War|97\/100 tox|[from] move: Wish|[wisher] Harmacy\n|-damage|p2a: Weather War|91\/100 tox|[from] psn\n|upkeep\n|turn|13\n|\n|t:|1698296563\n|switch|p2a: Harmacy|Vaporeon, F|60\/100\n|-damage|p2a: Harmacy|48\/100|[from] Stealth Rock\n|switch|p2b: Extra Spicy|Garchomp, M|47\/100\n|-damage|p2b: Extra Spicy|41\/100|[from] Stealth Rock\n|move|p1b: Clodsire|Earthquake|p2a: Harmacy|[spread] p2a,p2b\n|-crit|p2a: Harmacy\n|-damage|p2a: Harmacy|25\/100\n|-damage|p2b: Extra Spicy|27\/100\n|\n|-weather|RainDance|[upkeep]\n|-heal|p2a: Harmacy|31\/100|[from] item: Leftovers\n|upkeep\n|turn|14\n|\n|t:|1698296577\n|switch|p2a: Weather War|Pelipper, F|91\/100 tox\n|move|p2b: Extra Spicy|Earthquake|p1b: Clodsire|[spread] p1b\n|-immune|p2a: Weather War\n|-supereffective|p1b: Clodsire\n|-damage|p1b: Clodsire|0 fnt\n|faint|p1b: Clodsire\n|\n|win|mikeyuwu\n|raw|justjuann's rating: 1124 &rarr; <strong>1106<\/strong><br \/>(-18 for losing)\n|raw|mikeyuwu's rating: 1227 &rarr; <strong>1245<\/strong><br \/>(+18 for winning)\n|c|\u2606mikeyuwu|Gg\n|l|\u2606justjuann\n","uploadtime":1698296590,"views":31,"p1id":"justjuann","p2id":"mikeyuwu","formatid":"gen9doublesou","rating":1106,"private":0,"password":""}