{"id":"gen9doublesou-1979362705","p1":"magicgril","p2":"Guycvu","format":"[Gen 9] Doubles OU","log":"|j|\u2606magicgril\n|j|\u2606Guycvu\n|t:|1698676435\n|gametype|doubles\n|player|p1|magicgril|rosa-masters|1143\n|player|p2|Guycvu|karen|1159\n|teamsize|p1|6\n|teamsize|p2|6\n|gen|9\n|tier|[Gen 9] Doubles OU\n|rated|\n|rule|Species Clause: Limit one of each Pok\u00e9mon\n|rule|OHKO Clause: OHKO moves are banned\n|rule|Evasion Moves Clause: Evasion moves are banned\n|rule|Gravity Sleep Clause: The combination of sleep-inducing moves with imperfect accuracy and Gravity or Gigantamax Orbeetle are banned\n|rule|Endless Battle Clause: Forcing endless battles is banned\n|rule|HP Percentage Mod: HP is shown in percentages\n|clearpoke\n|poke|p1|Tornadus, M|\n|poke|p1|Chi-Yu|\n|poke|p1|Indeedee-F, F|\n|poke|p1|Armarouge, M|\n|poke|p1|Chien-Pao|\n|poke|p1|Ogerpon-Hearthflame, F|\n|poke|p2|Fezandipiti, M|\n|poke|p2|Gholdengo|\n|poke|p2|Murkrow, M|\n|poke|p2|Amoonguss, M|\n|poke|p2|Kingambit, F|\n|poke|p2|Ludicolo, M|\n|teampreview\n|\n|t:|1698676464\n|start\n|switch|p1a: Tornadus|Tornadus, M|100\/100\n|switch|p1b: Chi-Yu|Chi-Yu|100\/100\n|switch|p2a: roblox|Amoonguss, M|100\/100\n|switch|p2b: Will of D|Gholdengo, shiny|100\/100\n|-ability|p1b: Chi-Yu|Beads of Ruin\n|turn|1\n|inactive|Battle timer is ON: inactive players will automatically lose when time's up. (requested by magicgril)\n|\n|t:|1698676480\n|switch|p2b: Happy man|Ludicolo, M|100\/100\n|move|p1a: Tornadus|Bleakwind Storm|p2a: roblox|[spread] p2a,p2b\n|-supereffective|p2a: roblox\n|-supereffective|p2b: Happy man\n|-damage|p2a: roblox|12\/100\n|-damage|p2b: Happy man|15\/100\n|-unboost|p2a: roblox|spe|1\n|move|p1b: Chi-Yu|Heat Wave|p2b: Happy man|[spread] p2a,p2b\n|-supereffective|p2a: roblox\n|-damage|p2a: roblox|0 fnt\n|-damage|p2b: Happy man|0 fnt\n|faint|p2a: roblox\n|faint|p2b: Happy man\n|-damage|p1b: Chi-Yu|91\/100|[from] item: Life Orb\n|\n|upkeep\n|\n|t:|1698676500\n|switch|p2b: Will of D|Gholdengo, shiny|100\/100\n|switch|p2a: Hoot hoot|Murkrow, M|100\/100\n|turn|2\n|\n|t:|1698676514\n|move|p1a: Tornadus|Tailwind|p1a: Tornadus\n|-sidestart|p1: magicgril|move: Tailwind\n|move|p2a: Hoot hoot|Tailwind|p2a: Hoot hoot\n|-sidestart|p2: Guycvu|move: Tailwind\n|move|p1b: Chi-Yu|Heat Wave|p2b: Will of D|[spread] p2a,p2b\n|-supereffective|p2b: Will of D\n|-damage|p2a: Hoot hoot|30\/100\n|-damage|p2b: Will of D|0 fnt\n|faint|p2b: Will of D\n|-damage|p1b: Chi-Yu|81\/100|[from] item: Life Orb\n|\n|upkeep\n|\n|t:|1698676525\n|switch|p2b: KING|Kingambit, F|100\/100\n|-activate|p2b: KING|ability: Supreme Overlord\n|-start|p2b: KING|fallen3|[silent]\n|turn|3\n|\n|t:|1698676544\n|-terastallize|p2b: KING|Dark\n|move|p2a: Hoot hoot|Quash|p1a: Tornadus\n|-activate|p1a: Tornadus|move: Quash\n|move|p1b: Chi-Yu|Heat Wave|p2b: KING|[spread] p2a,p2b\n|-damage|p2a: Hoot hoot|0 fnt\n|-damage|p2b: KING|58\/100\n|faint|p2a: Hoot hoot\n|-damage|p1b: Chi-Yu|71\/100|[from] item: Life Orb\n|move|p2b: KING|Brick Break|p1b: Chi-Yu\n|-supereffective|p1b: Chi-Yu\n|-crit|p1b: Chi-Yu\n|-damage|p1b: Chi-Yu|0 fnt\n|faint|p1b: Chi-Yu\n|move|p1a: Tornadus|Bleakwind Storm|p2b: KING\n|-damage|p2b: KING|27\/100\n|\n|upkeep\n|\n|t:|1698676560\n|switch|p1b: Ogerpon|Ogerpon-Hearthflame, F|100\/100\n|switch|p2a: Peacock|Fezandipiti, M|100\/100\n|-ability|p1b: Ogerpon|Mold Breaker\n|turn|4\n|\n|t:|1698676570\n|-terastallize|p1b: Ogerpon|Fire\n|detailschange|p1b: Ogerpon|Ogerpon-Hearthflame-Tera, F, tera:Fire\n|-ability|p1b: Ogerpon|Embody Aspect (Hearthflame)|boost\n|-boost|p1b: Ogerpon|atk|1\n|move|p2b: KING|Sucker Punch|p1b: Ogerpon\n|-damage|p1b: Ogerpon|14\/100\n|move|p1a: Tornadus|Bleakwind Storm|p2b: KING|[spread] p2a,p2b\n|-damage|p2a: Peacock|81\/100\n|-damage|p2b: KING|2\/100\n|move|p1b: Ogerpon|Ivy Cudgel|p2a: Peacock\n|-damage|p2a: Peacock|0 fnt\n|faint|p2a: Peacock\n|\n|upkeep\n|turn|5\n|\n|t:|1698676589\n|move|p1b: Ogerpon|Spiky Shield|p1b: Ogerpon\n|-singleturn|p1b: Ogerpon|move: Protect\n|move|p2b: KING|Sucker Punch||[still]\n|-fail|p2b: KING\n|move|p1a: Tornadus|Bleakwind Storm|p2b: KING\n|-damage|p2b: KING|0 fnt\n|faint|p2b: KING\n|-end|p2b: KING|fallen3|[silent]\n|\n|win|magicgril\n|raw|magicgril's rating: 1143 &rarr; <strong>1169<\/strong><br \/>(+26 for winning)\n|raw|Guycvu's rating: 1159 &rarr; <strong>1133<\/strong><br \/>(-26 for losing)\n|l|\u2606Guycvu\n","uploadtime":1698676620,"views":20,"p1id":"magicgril","p2id":"guycvu","formatid":"gen9doublesou","rating":1133,"private":0,"password":""}