{"id":"gen9doublesou-1983071104","p1":"Ilikemegabeedrill","p2":"lordofthediscs","format":"[Gen 9] Doubles OU","log":"|j|\u2606Ilikemegabeedrill\n|j|\u203dlordofthediscs\n|t:|1699079488\n|gametype|doubles\n|player|p1|Ilikemegabeedrill|flint|1082\n|player|p2|lordofthediscs|swimmer-gen4|1109\n|teamsize|p1|6\n|teamsize|p2|6\n|gen|9\n|tier|[Gen 9] Doubles OU\n|rated|\n|rule|Species Clause: Limit one of each Pok\u00e9mon\n|rule|OHKO Clause: OHKO moves are banned\n|rule|Evasion Moves Clause: Evasion moves are banned\n|rule|Gravity Sleep Clause: The combination of sleep-inducing moves with imperfect accuracy and Gravity or Gigantamax Orbeetle are banned\n|rule|Endless Battle Clause: Forcing endless battles is banned\n|rule|HP Percentage Mod: HP is shown in percentages\n|clearpoke\n|poke|p1|Clefairy, F|\n|poke|p1|Grimmsnarl, M|\n|poke|p1|Sinistcha-Masterpiece|\n|poke|p1|Amoonguss, F|\n|poke|p1|Glalie, F|\n|poke|p1|Kommo-o, M|\n|poke|p2|Oricorio-Pom-Pom, F|\n|poke|p2|Uxie|\n|poke|p2|Delphox, F|\n|poke|p2|Venomoth, M|\n|poke|p2|Indeedee-F, F|\n|poke|p2|Sylveon, F|\n|teampreview\n|\n|t:|1699079522\n|start\n|switch|p1a: Glalie|Glalie, F|100\/100\n|switch|p1b: #1 galar mon|Grimmsnarl, M|100\/100\n|switch|p2a: Oricorio|Oricorio-Pom-Pom, F, shiny|100\/100\n|switch|p2b: Uxie|Uxie|100\/100\n|turn|1\n|\n|t:|1699079552\n|move|p1a: Glalie|Protect|p1a: Glalie\n|-singleturn|p1a: Glalie|Protect\n|move|p1b: #1 galar mon|Light Screen|p1b: #1 galar mon\n|-sidestart|p1: Ilikemegabeedrill|move: Light Screen\n|move|p2b: Uxie|Skill Swap|p2a: Oricorio\n|-activate|p2b: Uxie|move: Skill Swap|||[of] p2a: Oricorio\n|move|p2a: Oricorio|Quiver Dance|p2a: Oricorio\n|-boost|p2a: Oricorio|spa|1\n|-boost|p2a: Oricorio|spd|1\n|-boost|p2a: Oricorio|spe|1\n|-activate|p2b: Uxie|ability: Dancer\n|move|p2b: Uxie|Quiver Dance|p2b: Uxie|[from]ability: Dancer\n|-boost|p2b: Uxie|spa|1\n|-boost|p2b: Uxie|spd|1\n|-boost|p2b: Uxie|spe|1\n|\n|-ability|p1a: Glalie|Moody|boost\n|-boost|p1a: Glalie|spe|2\n|-unboost|p1a: Glalie|def|1\n|upkeep\n|turn|2\n|\n|t:|1699079576\n|move|p2b: Uxie|Protect|p2b: Uxie\n|-singleturn|p2b: Uxie|Protect\n|move|p1b: #1 galar mon|Parting Shot|p2a: Oricorio\n|-unboost|p2a: Oricorio|atk|1\n|-unboost|p2a: Oricorio|spa|1\n|\n|t:|1699079582\n|switch|p1b: Pkachu|Clefairy, F|100\/100|[from] Parting Shot\n|move|p1a: Glalie|Iron Head|p2b: Uxie\n|-activate|p2b: Uxie|move: Protect\n|move|p2a: Oricorio|Quiver Dance|p2a: Oricorio\n|-boost|p2a: Oricorio|spa|1\n|-boost|p2a: Oricorio|spd|1\n|-boost|p2a: Oricorio|spe|1\n|-activate|p2b: Uxie|ability: Dancer\n|move|p2b: Uxie|Quiver Dance|p2b: Uxie|[from]ability: Dancer\n|-boost|p2b: Uxie|spa|1\n|-boost|p2b: Uxie|spd|1\n|-boost|p2b: Uxie|spe|1\n|\n|-ability|p1a: Glalie|Moody|boost\n|-boost|p1a: Glalie|atk|2\n|-unboost|p1a: Glalie|spe|1\n|upkeep\n|turn|3\n|\n|t:|1699079610\n|move|p2b: Uxie|Stored Power|p1a: Glalie\n|-damage|p1a: Glalie|56\/100\n|move|p2a: Oricorio|Revelation Dance|p1a: Glalie\n|-damage|p1a: Glalie|31\/100\n|-activate|p2b: Uxie|ability: Dancer\n|move|p2b: Uxie|Revelation Dance|p1a: Glalie|[from]ability: Dancer\n|-damage|p1a: Glalie|4\/100\n|-enditem|p1a: Glalie|Salac Berry|[eat]\n|-boost|p1a: Glalie|spe|1|[from] item: Salac Berry\n|move|p1a: Glalie|Ice Spinner|p2a: Oricorio\n|-supereffective|p2a: Oricorio\n|-enditem|p2a: Oricorio|Focus Sash\n|-damage|p2a: Oricorio|1\/100\n|move|p1b: Pkachu|Encore|p2a: Oricorio\n|-start|p2a: Oricorio|Encore\n|\n|-ability|p1a: Glalie|Moody|boost\n|-boost|p1a: Glalie|atk|2\n|-unboost|p1a: Glalie|spd|1\n|upkeep\n|turn|4\n|\n|t:|1699079647\n|move|p1a: Glalie|Protect|p1a: Glalie\n|-singleturn|p1a: Glalie|Protect\n|move|p2b: Uxie|Stored Power|p1a: Glalie\n|-activate|p1a: Glalie|move: Protect\n|move|p2a: Oricorio|Revelation Dance|p1a: Glalie\n|-activate|p1a: Glalie|move: Protect\n|move|p1b: Pkachu|Life Dew||[still]|[spread] p1a,p1b\n|-heal|p1a: Glalie|29\/100\n|-fail|p1b: Pkachu|heal\n|\n|-ability|p1a: Glalie|Moody|boost\n|-boost|p1a: Glalie|spa|2\n|-unboost|p1a: Glalie|atk|1\n|upkeep\n|turn|5\n|\n|t:|1699079667\n|move|p1b: Pkachu|Follow Me|p1b: Pkachu\n|-singleturn|p1b: Pkachu|move: Follow Me\n|move|p2b: Uxie|Stored Power|p1b: Pkachu\n|-damage|p1b: Pkachu|70\/100\n|move|p2a: Oricorio|Revelation Dance|p1b: Pkachu\n|-damage|p1b: Pkachu|50\/100\n|-activate|p2b: Uxie|ability: Dancer\n|move|p2b: Uxie|Revelation Dance|p1b: Pkachu|[from]ability: Dancer\n|-damage|p1b: Pkachu|30\/100\n|move|p1a: Glalie|Ice Spinner|p2a: Oricorio\n|-supereffective|p2a: Oricorio\n|-damage|p2a: Oricorio|0 fnt\n|faint|p2a: Oricorio\n|\n|-ability|p1a: Glalie|Moody|boost\n|-boost|p1a: Glalie|spe|2\n|-unboost|p1a: Glalie|spa|1\n|upkeep\n|\n|t:|1699079687\n|switch|p2a: Venomoth|Venomoth, M|100\/100\n|turn|6\n|\n|t:|1699079701\n|move|p1a: Glalie|Protect|p1a: Glalie\n|-singleturn|p1a: Glalie|Protect\n|move|p2b: Uxie|Stored Power|p1b: Pkachu\n|-damage|p1b: Pkachu|0 fnt\n|faint|p1b: Pkachu\n|move|p2a: Venomoth|Quiver Dance|p2a: Venomoth\n|-boost|p2a: Venomoth|spa|1\n|-boost|p2a: Venomoth|spd|1\n|-boost|p2a: Venomoth|spe|1\n|-activate|p2b: Uxie|ability: Dancer\n|move|p2b: Uxie|Quiver Dance|p2b: Uxie|[from]ability: Dancer\n|-boost|p2b: Uxie|spa|1\n|-boost|p2b: Uxie|spd|1\n|-boost|p2b: Uxie|spe|1\n|\n|-ability|p1a: Glalie|Moody|boost\n|-boost|p1a: Glalie|atk|2\n|-unboost|p1a: Glalie|spa|1\n|upkeep\n|\n|t:|1699079714\n|switch|p1b: Alcohol|Sinistcha-Masterpiece|100\/100\n|-heal|p1a: Glalie|54\/100|[from] ability: Hospitality|[of] p1b: Alcohol\n|turn|7\n|\n|t:|1699079733\n|-terastallize|p1a: Glalie|Water\n|move|p1b: Alcohol|Rage Powder|p1b: Alcohol\n|-singleturn|p1b: Alcohol|move: Rage Powder\n|move|p2b: Uxie|Stored Power|p1b: Alcohol\n|-damage|p1b: Alcohol|2\/100\n|-enditem|p1b: Alcohol|Aguav Berry|[eat]\n|-heal|p1b: Alcohol|35\/100|[from] item: Aguav Berry\n|move|p1a: Glalie|Tera Blast|p2b: Uxie|[anim] Tera Blast Water\n|-damage|p2b: Uxie|40\/100\n|move|p2a: Venomoth|Quiver Dance|p2a: Venomoth\n|-boost|p2a: Venomoth|spa|1\n|-boost|p2a: Venomoth|spd|1\n|-boost|p2a: Venomoth|spe|1\n|-activate|p2b: Uxie|ability: Dancer\n|move|p2b: Uxie|Quiver Dance|p2b: Uxie|[from]ability: Dancer\n|-boost|p2b: Uxie|spa|1\n|-boost|p2b: Uxie|spd|1\n|-boost|p2b: Uxie|spe|1\n|\n|-heal|p2b: Uxie|47\/100|[from] item: Leftovers\n|-ability|p1a: Glalie|Moody|boost\n|-boost|p1a: Glalie|atk|1\n|-unboost|p1a: Glalie|spa|1\n|upkeep\n|turn|8\n|\n|t:|1699079764\n|move|p1b: Alcohol|Rage Powder|p1b: Alcohol\n|-singleturn|p1b: Alcohol|move: Rage Powder\n|move|p2b: Uxie|Stored Power|p1b: Alcohol\n|-damage|p1b: Alcohol|0 fnt\n|faint|p1b: Alcohol\n|move|p1a: Glalie|Tera Blast|p2b: Uxie|[anim] Tera Blast Water\n|-damage|p2b: Uxie|0 fnt\n|faint|p2b: Uxie\n|move|p2a: Venomoth|Bug Buzz|p1a: Glalie\n|-damage|p1a: Glalie|0 fnt\n|faint|p1a: Glalie\n|-enditem|p2a: Venomoth|Throat Spray\n|-boost|p2a: Venomoth|spa|1|[from] item: Throat Spray\n|\n|-sideend|p1: Ilikemegabeedrill|move: Light Screen\n|upkeep\n|\n|t:|1699079782\n|switch|p2b: Sylveon|Sylveon, F|100\/100\n|switch|p1a: Kommo-o|Kommo-o, M|100\/100\n|switch|p1b: *among us joke*|Amoonguss, F|100\/100\n|turn|9\n|\n|t:|1699079797\n|move|p1a: Kommo-o|Protect|p1a: Kommo-o\n|-singleturn|p1a: Kommo-o|Protect\n|move|p2a: Venomoth|Sludge Bomb|p1a: Kommo-o\n|-activate|p1a: Kommo-o|move: Protect\n|move|p2b: Sylveon|Psych Up|p2a: Venomoth\n|-copyboost|p2b: Sylveon|p2a: Venomoth|[from] move: Psych Up\n|move|p1b: *among us joke*|Spore|p2b: Sylveon\n|-status|p2b: Sylveon|slp|[from] move: Spore\n|\n|upkeep\n|turn|10\n|\n|t:|1699079818\n|move|p2a: Venomoth|Sludge Bomb|p1a: Kommo-o\n|-immune|p1a: Kommo-o|[from] ability: Bulletproof\n|cant|p2b: Sylveon|slp\n|move|p1a: Kommo-o|Clangorous Soul|p1a: Kommo-o\n|-boost|p1a: Kommo-o|atk|1\n|-boost|p1a: Kommo-o|def|1\n|-boost|p1a: Kommo-o|spa|1\n|-boost|p1a: Kommo-o|spd|1\n|-boost|p1a: Kommo-o|spe|1\n|-damage|p1a: Kommo-o|68\/100\n|-enditem|p1a: Kommo-o|Throat Spray\n|-boost|p1a: Kommo-o|spa|1|[from] item: Throat Spray\n|move|p1b: *among us joke*|Spore|p2a: Venomoth\n|-status|p2a: Venomoth|slp|[from] move: Spore\n|\n|upkeep\n|turn|11\n|\n|t:|1699079848\n|cant|p2a: Venomoth|slp\n|move|p1a: Kommo-o|Flash Cannon|p2b: Sylveon\n|-supereffective|p2b: Sylveon\n|-damage|p2b: Sylveon|66\/100 slp\n|cant|p2b: Sylveon|slp\n|move|p1b: *among us joke*|Pollen Puff|p1a: Kommo-o\n|-immune|p1a: Kommo-o|[from] ability: Bulletproof\n|\n|upkeep\n|turn|12\n|\n|t:|1699079861\n|move|p1a: Kommo-o|Protect|p1a: Kommo-o\n|-singleturn|p1a: Kommo-o|Protect\n|cant|p2a: Venomoth|slp\n|cant|p2b: Sylveon|slp\n|move|p1b: *among us joke*|Spore|p2b: Sylveon\n|-fail|p2b: Sylveon|slp\n|\n|upkeep\n|turn|13\n|\n|t:|1699079878\n|cant|p2a: Venomoth|slp\n|move|p1a: Kommo-o|Flash Cannon|p2b: Sylveon\n|-supereffective|p2b: Sylveon\n|-damage|p2b: Sylveon|36\/100 slp\n|-curestatus|p2b: Sylveon|slp|[msg]\n|move|p2b: Sylveon|Stored Power|p1a: Kommo-o\n|-supereffective|p1a: Kommo-o\n|-damage|p1a: Kommo-o|0 fnt\n|faint|p1a: Kommo-o\n|move|p1b: *among us joke*|Spore|p2b: Sylveon\n|-status|p2b: Sylveon|slp|[from] move: Spore\n|\n|upkeep\n|\n|t:|1699079885\n|switch|p1a: #1 galar mon|Grimmsnarl, M|100\/100\n|turn|14\n|-message|Ilikemegabeedrill forfeited.\n|\n|win|lordofthediscs\n|raw|Ilikemegabeedrill's rating: 1110 &rarr; <strong>1085<\/strong><br \/>(-25 for losing)\n|raw|lordofthediscs's rating: 1109 &rarr; <strong>1134<\/strong><br \/>(+25 for winning)\n|l|\u2606Ilikemegabeedrill\n","uploadtime":1699079893,"views":13,"p1id":"ilikemegabeedrill","p2id":"lordofthediscs","formatid":"gen9doublesou","rating":1085,"private":0,"password":""}