{"id":"gen9doublesou-1989466630","p1":"GSTERS","p2":"mikeyuwu","format":"[Gen 9] Doubles OU","log":"|j|\u2606GSTERS\n|j|\u2606mikeyuwu\n|t:|1699854982\n|gametype|doubles\n|player|p1|GSTERS|clair|1390\n|player|p2|mikeyuwu|psychic-gen4|1318\n|teamsize|p1|6\n|teamsize|p2|6\n|gen|9\n|tier|[Gen 9] Doubles OU\n|rated|\n|rule|Species Clause: Limit one of each Pok\u00e9mon\n|rule|OHKO Clause: OHKO moves are banned\n|rule|Evasion Moves Clause: Evasion moves are banned\n|rule|Gravity Sleep Clause: The combination of sleep-inducing moves with imperfect accuracy and Gravity or Gigantamax Orbeetle are banned\n|rule|Endless Battle Clause: Forcing endless battles is banned\n|rule|HP Percentage Mod: HP is shown in percentages\n|clearpoke\n|poke|p1|Skeledirge, M|\n|poke|p1|Arboliva, F|\n|poke|p1|Farigiraf, M|\n|poke|p1|Empoleon, M|\n|poke|p1|Ribombee, F|\n|poke|p1|Landorus-Therian, M|\n|poke|p2|Garchomp, M|\n|poke|p2|Tyranitar, F|\n|poke|p2|Vaporeon, F|\n|poke|p2|Toxicroak, M|\n|poke|p2|Pelipper, F|\n|poke|p2|Abomasnow, M|\n|teampreview\n|\n|t:|1699855000\n|start\n|switch|p1a: Farigiraf|Farigiraf, M|100\/100\n|switch|p1b: Ribombee|Ribombee, F|100\/100\n|switch|p2a: OTLHPM|Toxicroak, M|100\/100\n|switch|p2b: Harmacy|Vaporeon, F|100\/100\n|turn|1\n|\n|t:|1699855022\n|switch|p2a: ThcrThnSnkr|Tyranitar, F|100\/100\n|-weather|Sandstorm|[from] ability: Sand Stream|[of] p2a: ThcrThnSnkr\n|move|p1b: Ribombee|Switcheroo|p2a: ThcrThnSnkr\n|-activate|p1b: Ribombee|move: Trick|[of] p2a: ThcrThnSnkr\n|-item|p2a: ThcrThnSnkr|Choice Scarf|[from] move: Switcheroo\n|-item|p1b: Ribombee|Assault Vest|[from] move: Switcheroo\n|move|p2b: Harmacy|Weather Ball|p1b: Ribombee\n|-supereffective|p1b: Ribombee\n|-damage|p1b: Ribombee|55\/100\n|move|p1a: Farigiraf|Trick Room|p1a: Farigiraf\n|-fieldstart|move: Trick Room|[of] p1a: Farigiraf\n|\n|-weather|Sandstorm|[upkeep]\n|-damage|p1a: Farigiraf|94\/100|[from] Sandstorm\n|-damage|p2b: Harmacy|94\/100|[from] Sandstorm\n|-damage|p1b: Ribombee|49\/100|[from] Sandstorm\n|-heal|p1a: Farigiraf|100\/100|[from] item: Leftovers\n|-heal|p2b: Harmacy|100\/100|[from] item: Leftovers\n|upkeep\n|turn|2\n|\n|t:|1699855041\n|switch|p1b: Landorus|Landorus-Therian, M|100\/100\n|-ability|p1b: Landorus|Intimidate|boost\n|-unboost|p2a: ThcrThnSnkr|atk|1\n|-unboost|p2b: Harmacy|atk|1\n|move|p1a: Farigiraf|Reflect|p1a: Farigiraf\n|-sidestart|p1: GSTERS|Reflect\n|move|p2b: Harmacy|Copycat|p2b: Harmacy\n|move|p2b: Harmacy|Reflect|p2b: Harmacy|[from]move: Copycat\n|-sidestart|p2: mikeyuwu|Reflect\n|move|p2a: ThcrThnSnkr|Rock Slide|p1b: Landorus|[spread] p1a,p1b\n|-damage|p1a: Farigiraf|89\/100\n|-damage|p1b: Landorus|92\/100\n|\n|-weather|Sandstorm|[upkeep]\n|-damage|p1a: Farigiraf|83\/100|[from] Sandstorm\n|-damage|p2b: Harmacy|94\/100|[from] Sandstorm\n|-heal|p1a: Farigiraf|89\/100|[from] item: Leftovers\n|-heal|p2b: Harmacy|100\/100|[from] item: Leftovers\n|-heal|p1b: Landorus|98\/100|[from] item: Leftovers\n|upkeep\n|turn|3\n|\n|t:|1699855057\n|switch|p2a: Cold Shoulder|Abomasnow, M, shiny|100\/100\n|-weather|Snow|[from] ability: Snow Warning|[of] p2a: Cold Shoulder\n|move|p1a: Farigiraf|Psychic|p2b: Harmacy\n|-damage|p2b: Harmacy|76\/100\n|move|p2b: Harmacy|Copycat|p2b: Harmacy\n|move|p2b: Harmacy|Psychic|p1a: Farigiraf|[from]move: Copycat\n|-resisted|p1a: Farigiraf\n|-damage|p1a: Farigiraf|81\/100\n|move|p1b: Landorus|Stealth Rock|p2a: Cold Shoulder\n|-sidestart|p2: mikeyuwu|move: Stealth Rock\n|\n|-weather|Snow|[upkeep]\n|-heal|p1a: Farigiraf|87\/100|[from] item: Leftovers\n|-heal|p2b: Harmacy|82\/100|[from] item: Leftovers\n|-heal|p1b: Landorus|100\/100|[from] item: Leftovers\n|upkeep\n|turn|4\n|\n|t:|1699855074\n|switch|p1b: Skeledirge|Skeledirge, M|100\/100\n|move|p1a: Farigiraf|Psychic|p2b: Harmacy\n|-damage|p2b: Harmacy|56\/100\n|move|p2b: Harmacy|Weather Ball|p1b: Skeledirge\n|-resisted|p1b: Skeledirge\n|-damage|p1b: Skeledirge|92\/100\n|move|p2a: Cold Shoulder|Blizzard|p1b: Skeledirge|[spread] p1a,p1b\n|-resisted|p1b: Skeledirge\n|-damage|p1a: Farigiraf|66\/100\n|-damage|p1b: Skeledirge|81\/100\n|\n|-weather|Snow|[upkeep]\n|-heal|p1a: Farigiraf|72\/100|[from] item: Leftovers\n|-heal|p2b: Harmacy|62\/100|[from] item: Leftovers\n|upkeep\n|turn|5\n|\n|t:|1699855087\n|switch|p2a: Weather War|Pelipper, F|100\/100\n|-weather|RainDance|[from] ability: Drizzle|[of] p2a: Weather War\n|move|p1a: Farigiraf|Psychic|p2b: Harmacy\n|-damage|p2b: Harmacy|34\/100\n|move|p1b: Skeledirge|Torch Song|p2a: Weather War\n|-resisted|p2a: Weather War\n|-damage|p2a: Weather War|86\/100\n|-boost|p1b: Skeledirge|spa|1\n|move|p2b: Harmacy|Weather Ball|p1b: Skeledirge\n|-supereffective|p1b: Skeledirge\n|-damage|p1b: Skeledirge|0 fnt\n|faint|p1b: Skeledirge\n|\n|-weather|RainDance|[upkeep]\n|-heal|p1a: Farigiraf|78\/100|[from] item: Leftovers\n|-heal|p2b: Harmacy|40\/100|[from] item: Leftovers\n|-fieldend|move: Trick Room\n|upkeep\n|\n|t:|1699855094\n|switch|p1b: Arboliva|Arboliva, F|100\/100\n|turn|6\n|\n|t:|1699855099\n|switch|p2b: OTLHPM|Toxicroak, M|100\/100\n|-damage|p2b: OTLHPM|94\/100|[from] Stealth Rock\n|move|p1b: Arboliva|Protect|p1b: Arboliva\n|-singleturn|p1b: Arboliva|Protect\n|move|p2a: Weather War|Hurricane|p1b: Arboliva\n|-activate|p1b: Arboliva|move: Protect\n|move|p1a: Farigiraf|Trick Room|p1a: Farigiraf\n|-fieldstart|move: Trick Room|[of] p1a: Farigiraf\n|\n|-weather|RainDance|[upkeep]\n|-heal|p2b: OTLHPM|100\/100|[from] ability: Dry Skin\n|-heal|p1a: Farigiraf|84\/100|[from] item: Leftovers\n|-sideend|p1: GSTERS|Reflect\n|-sideend|p2: mikeyuwu|Reflect\n|upkeep\n|turn|7\n|\n|t:|1699855112\n|switch|p2b: Cold Shoulder|Abomasnow, M, shiny|100\/100\n|-damage|p2b: Cold Shoulder|76\/100|[from] Stealth Rock\n|-weather|Snow|[from] ability: Snow Warning|[of] p2b: Cold Shoulder\n|move|p1b: Arboliva|Energy Ball|p2a: Weather War\n|-damage|p2a: Weather War|20\/100\n|move|p1a: Farigiraf|Psychic|p2b: Cold Shoulder\n|-damage|p2b: Cold Shoulder|39\/100\n|move|p2a: Weather War|Blizzard|p1a: Farigiraf|[spread] p1a,p1b\n|-supereffective|p1b: Arboliva\n|-damage|p1a: Farigiraf|71\/100\n|-damage|p1b: Arboliva|69\/100\n|-status|p1a: Farigiraf|frz\n|-fieldstart|move: Grassy Terrain|[from] ability: Seed Sower|[of] p1b: Arboliva\n|\n|-weather|Snow|[upkeep]\n|-heal|p1b: Arboliva|75\/100|[from] Grassy Terrain\n|-heal|p1a: Farigiraf|77\/100 frz|[from] Grassy Terrain\n|-heal|p1a: Farigiraf|84\/100 frz|[from] item: Leftovers\n|-heal|p2b: Cold Shoulder|45\/100|[from] Grassy Terrain\n|upkeep\n|turn|8\n|\n|t:|1699855130\n|switch|p2a: OTLHPM|Toxicroak, M|100\/100\n|-damage|p2a: OTLHPM|94\/100|[from] Stealth Rock\n|move|p1b: Arboliva|Dazzling Gleam|p2a: OTLHPM|[spread] p2a,p2b\n|-damage|p2a: OTLHPM|65\/100\n|-damage|p2b: Cold Shoulder|20\/100\n|-curestatus|p1a: Farigiraf|frz|[msg]\n|move|p1a: Farigiraf|Psychic|p2a: OTLHPM\n|-supereffective|p2a: OTLHPM\n|-damage|p2a: OTLHPM|0 fnt\n|faint|p2a: OTLHPM\n|move|p2b: Cold Shoulder|Blizzard|p1a: Farigiraf|[spread] p1a,p1b\n|-supereffective|p1b: Arboliva\n|-damage|p1a: Farigiraf|61\/100\n|-damage|p1b: Arboliva|20\/100\n|-status|p1b: Arboliva|frz\n|\n|-weather|Snow|[upkeep]\n|-heal|p1b: Arboliva|26\/100 frz|[from] Grassy Terrain\n|-heal|p1a: Farigiraf|67\/100|[from] Grassy Terrain\n|-heal|p1a: Farigiraf|73\/100|[from] item: Leftovers\n|-heal|p2b: Cold Shoulder|26\/100|[from] Grassy Terrain\n|upkeep\n|\n|t:|1699855140\n|switch|p2a: ThcrThnSnkr|Tyranitar, F|100\/100\n|-damage|p2a: ThcrThnSnkr|88\/100|[from] Stealth Rock\n|-weather|Sandstorm|[from] ability: Sand Stream|[of] p2a: ThcrThnSnkr\n|turn|9\n|\n|t:|1699855146\n|cant|p1b: Arboliva|frz\n|move|p1a: Farigiraf|Psychic|p2b: Cold Shoulder\n|-crit|p2b: Cold Shoulder\n|-damage|p2b: Cold Shoulder|0 fnt\n|faint|p2b: Cold Shoulder\n|move|p2a: ThcrThnSnkr|Knock Off|p1a: Farigiraf\n|-supereffective|p1a: Farigiraf\n|-damage|p1a: Farigiraf|0 fnt\n|-enditem|p1a: Farigiraf|Leftovers|[from] move: Knock Off|[of] p2a: ThcrThnSnkr\n|faint|p1a: Farigiraf\n|\n|-weather|Sandstorm|[upkeep]\n|-damage|p1b: Arboliva|20\/100 frz|[from] Sandstorm\n|-heal|p1b: Arboliva|26\/100 frz|[from] Grassy Terrain\n|-heal|p2a: ThcrThnSnkr|94\/100|[from] Grassy Terrain\n|upkeep\n|\n|t:|1699855157\n|switch|p1a: Empoleon|Empoleon, M|100\/100\n|switch|p2b: Harmacy|Vaporeon, F|40\/100\n|-damage|p2b: Harmacy|28\/100|[from] Stealth Rock\n|turn|10\n|\n|t:|1699855170\n|switch|p1a: Landorus|Landorus-Therian, M|100\/100\n|-ability|p1a: Landorus|Intimidate|boost\n|-unboost|p2a: ThcrThnSnkr|atk|1\n|-unboost|p2b: Harmacy|atk|1\n|switch|p2a: Extra Spicy|Garchomp, M|100\/100\n|-damage|p2a: Extra Spicy|94\/100|[from] Stealth Rock\n|cant|p1b: Arboliva|frz\n|move|p2b: Harmacy|Icy Wind|p1b: Arboliva|[spread] p1a,p1b\n|-supereffective|p1a: Landorus\n|-crit|p1a: Landorus\n|-supereffective|p1b: Arboliva\n|-damage|p1a: Landorus|36\/100\n|-damage|p1b: Arboliva|9\/100 frz\n|-unboost|p1a: Landorus|spe|1\n|-unboost|p1b: Arboliva|spe|1\n|\n|-weather|Sandstorm|[upkeep]\n|-damage|p1b: Arboliva|2\/100 frz|[from] Sandstorm\n|-damage|p2b: Harmacy|22\/100|[from] Sandstorm\n|-heal|p1b: Arboliva|9\/100 frz|[from] Grassy Terrain\n|-heal|p1a: Landorus|42\/100|[from] item: Leftovers\n|-heal|p2b: Harmacy|28\/100|[from] Grassy Terrain\n|-heal|p2b: Harmacy|34\/100|[from] item: Leftovers\n|-heal|p2a: Extra Spicy|100\/100|[from] Grassy Terrain\n|-fieldend|move: Trick Room\n|upkeep\n|turn|11\n|\n|t:|1699855188\n|move|p2a: Extra Spicy|Poison Jab|p1b: Arboliva\n|-supereffective|p1b: Arboliva\n|-damage|p1b: Arboliva|0 fnt\n|faint|p1b: Arboliva\n|move|p2b: Harmacy|Icy Wind|p1a: Landorus\n|-supereffective|p1a: Landorus\n|-damage|p1a: Landorus|0 fnt\n|faint|p1a: Landorus\n|\n|-weather|Sandstorm|[upkeep]\n|-damage|p2b: Harmacy|28\/100|[from] Sandstorm\n|-heal|p2b: Harmacy|34\/100|[from] Grassy Terrain\n|-heal|p2b: Harmacy|40\/100|[from] item: Leftovers\n|-fieldend|move: Grassy Terrain\n|upkeep\n|\n|t:|1699855191\n|switch|p1a: Ribombee|Ribombee, F|49\/100\n|switch|p1b: Empoleon|Empoleon, M|100\/100\n|turn|12\n|\n|t:|1699855203\n|switch|p2a: Weather War|Pelipper, F|20\/100\n|-weather|RainDance|[from] ability: Drizzle|[of] p2a: Weather War\n|-terastallize|p1b: Empoleon|Water\n|move|p1a: Ribombee|Moonblast|p2b: Harmacy\n|-damage|p2b: Harmacy|5\/100\n|-unboost|p2b: Harmacy|spa|1\n|move|p2b: Harmacy|Wish|p2b: Harmacy\n|move|p1b: Empoleon|Ice Beam|p2a: Weather War\n|-damage|p2a: Weather War|0 fnt\n|faint|p2a: Weather War\n|\n|-weather|RainDance|[upkeep]\n|-heal|p2b: Harmacy|11\/100|[from] item: Leftovers\n|upkeep\n|\n|t:|1699855217\n|switch|p2a: Extra Spicy|Garchomp, M|100\/100\n|-damage|p2a: Extra Spicy|94\/100|[from] Stealth Rock\n|turn|13\n|\n|t:|1699855224\n|switch|p2b: ThcrThnSnkr|Tyranitar, F|94\/100\n|-damage|p2b: ThcrThnSnkr|82\/100|[from] Stealth Rock\n|-weather|Sandstorm|[from] ability: Sand Stream|[of] p2b: ThcrThnSnkr\n|-terastallize|p2a: Extra Spicy|Steel\n|move|p1a: Ribombee|Moonblast|p2a: Extra Spicy\n|-resisted|p2a: Extra Spicy\n|-crit|p2a: Extra Spicy\n|-damage|p2a: Extra Spicy|65\/100\n|move|p2a: Extra Spicy|Poison Jab|p1a: Ribombee\n|-supereffective|p1a: Ribombee\n|-damage|p1a: Ribombee|0 fnt\n|faint|p1a: Ribombee\n|move|p1b: Empoleon|Ice Beam|p2a: Extra Spicy\n|-resisted|p2a: Extra Spicy\n|-damage|p2a: Extra Spicy|51\/100\n|-status|p2a: Extra Spicy|frz\n|\n|-weather|Sandstorm|[upkeep]\n|-damage|p1b: Empoleon|94\/100|[from] Sandstorm\n|-heal|p2b: ThcrThnSnkr|100\/100|[from] move: Wish|[wisher] Harmacy\n|upkeep\n|turn|14\n|\n|t:|1699855240\n|move|p2b: ThcrThnSnkr|Thunderbolt|p1b: Empoleon\n|-supereffective|p1b: Empoleon\n|-damage|p1b: Empoleon|54\/100\n|-curestatus|p2a: Extra Spicy|frz|[msg]\n|move|p2a: Extra Spicy|Poison Jab|p1b: Empoleon\n|-damage|p1b: Empoleon|29\/100\n|-damage|p2a: Extra Spicy|34\/100|[from] item: Rocky Helmet|[of] p1b: Empoleon\n|move|p1b: Empoleon|Hydro Pump|p2b: ThcrThnSnkr\n|-supereffective|p2b: ThcrThnSnkr\n|-damage|p2b: ThcrThnSnkr|26\/100\n|\n|-weather|Sandstorm|[upkeep]\n|-damage|p1b: Empoleon|23\/100|[from] Sandstorm\n|upkeep\n|turn|15\n|\n|t:|1699855256\n|move|p2b: ThcrThnSnkr|Thunderbolt|p1b: Empoleon\n|-supereffective|p1b: Empoleon\n|-damage|p1b: Empoleon|0 fnt\n|faint|p1b: Empoleon\n|\n|win|mikeyuwu\n|raw|GSTERS's rating: 1390 &rarr; <strong>1366<\/strong><br \/>(-24 for losing)\n|raw|mikeyuwu's rating: 1318 &rarr; <strong>1342<\/strong><br \/>(+24 for winning)\n|l|\u2606GSTERS\n|c|\u2606mikeyuwu|Gg\n","uploadtime":1699855266,"views":8,"p1id":"gsters","p2id":"mikeyuwu","formatid":"gen9doublesou","rating":1342,"private":0,"password":""}