{"id":"gen9doublesou-1983489846","p1":"gonegeb","p2":"cotesmcgotes","format":"[Gen 9] Doubles OU","log":"|j|\u2606gonegeb\n|j|\u2606cotesmcgotes\n|t:|1699135686\n|gametype|doubles\n|player|p1|gonegeb|alain|1250\n|player|p2|cotesmcgotes|flannery|1286\n|teamsize|p1|6\n|teamsize|p2|6\n|gen|9\n|tier|[Gen 9] Doubles OU\n|rated|\n|rule|Species Clause: Limit one of each Pok\u00e9mon\n|rule|OHKO Clause: OHKO moves are banned\n|rule|Evasion Moves Clause: Evasion moves are banned\n|rule|Gravity Sleep Clause: The combination of sleep-inducing moves with imperfect accuracy and Gravity or Gigantamax Orbeetle are banned\n|rule|Endless Battle Clause: Forcing endless battles is banned\n|rule|HP Percentage Mod: HP is shown in percentages\n|clearpoke\n|poke|p1|Lucario, M|\n|poke|p1|Umbreon, M|\n|poke|p1|Arcanine, F|\n|poke|p1|Ceruledge, M|\n|poke|p1|Maushold|\n|poke|p1|Fezandipiti, M|\n|poke|p2|Sinistcha|\n|poke|p2|Grimmsnarl, M|\n|poke|p2|Glimmora, M|\n|poke|p2|Chien-Pao|\n|poke|p2|Landorus-Therian, M|\n|poke|p2|Manaphy|\n|teampreview\n|inactive|Battle timer is ON: inactive players will automatically lose when time's up. (requested by cotesmcgotes)\n|\n|t:|1699135717\n|start\n|switch|p1a: Howlite|Maushold|100\/100\n|switch|p1b: Tourmaline|Fezandipiti, M|100\/100\n|switch|p2a: Sinistcha|Sinistcha|100\/100\n|switch|p2b: Landorus|Landorus-Therian, M|100\/100\n|-ability|p2b: Landorus|Intimidate|boost\n|-unboost|p1a: Howlite|atk|1\n|-unboost|p1b: Tourmaline|atk|1\n|turn|1\n|inactive|gonegeb has 120 seconds left.\n|\n|t:|1699135753\n|move|p1a: Howlite|Follow Me|p1a: Howlite\n|-singleturn|p1a: Howlite|move: Follow Me\n|move|p2a: Sinistcha|Rage Powder|p2a: Sinistcha\n|-singleturn|p2a: Sinistcha|move: Rage Powder\n|move|p1b: Tourmaline|Tailwind|p1b: Tourmaline\n|-sidestart|p1: gonegeb|move: Tailwind\n|move|p2b: Landorus|Swords Dance|p2b: Landorus\n|-boost|p2b: Landorus|atk|2\n|\n|upkeep\n|turn|2\n|\n|t:|1699135769\n|move|p2a: Sinistcha|Rage Powder|p2a: Sinistcha\n|-singleturn|p2a: Sinistcha|move: Rage Powder\n|move|p1a: Howlite|Encore|p2a: Sinistcha\n|-start|p2a: Sinistcha|Encore\n|move|p1b: Tourmaline|Taunt|p2a: Sinistcha\n|-start|p2a: Sinistcha|move: Taunt\n|move|p2b: Landorus|Stomping Tantrum|p1b: Tourmaline\n|-supereffective|p1b: Tourmaline\n|-damage|p1b: Tourmaline|0 fnt\n|faint|p1b: Tourmaline\n|\n|upkeep\n|inactive|gonegeb has 120 seconds left.\n|\n|t:|1699135782\n|switch|p1b: Anubis|Lucario, M|100\/100\n|turn|3\n|inactive|gonegeb has 120 seconds left.\n|\n|t:|1699135821\n|switch|p1b: Umbra|Umbreon, M, shiny|100\/100\n|switch|p2a: Glimmora|Glimmora, M|100\/100\n|move|p1a: Howlite|Follow Me|p1a: Howlite\n|-singleturn|p1a: Howlite|move: Follow Me\n|move|p2b: Landorus|Stomping Tantrum|p1a: Howlite\n|-damage|p1a: Howlite|0 fnt\n|faint|p1a: Howlite\n|\n|upkeep\n|\n|t:|1699135833\n|switch|p1a: Anubis|Lucario, M|100\/100\n|turn|4\n|\n|t:|1699135856\n|move|p1a: Anubis|Swords Dance|p1a: Anubis\n|-boost|p1a: Anubis|atk|2\n|move|p1b: Umbra|Foul Play|p2b: Landorus\n|-damage|p2b: Landorus|0 fnt\n|faint|p2b: Landorus\n|move|p2a: Glimmora|Sludge Bomb|p1b: Umbra\n|-damage|p1b: Umbra|70\/100\n|\n|-heal|p1b: Umbra|76\/100|[from] item: Leftovers\n|-sideend|p1: gonegeb|move: Tailwind\n|upkeep\n|\n|t:|1699135866\n|switch|p2b: Grimmsnarl|Grimmsnarl, M|100\/100\n|turn|5\n|inactive|gonegeb has 120 seconds left.\n|\n|t:|1699135897\n|switch|p2a: Chien-Pao|Chien-Pao|100\/100\n|-ability|p2a: Chien-Pao|Sword of Ruin\n|move|p1a: Anubis|Protect|p1a: Anubis\n|-singleturn|p1a: Anubis|Protect\n|move|p2b: Grimmsnarl|Thunder Wave|p1a: Anubis\n|-activate|p1a: Anubis|move: Protect\n|move|p1b: Umbra|Yawn|p2a: Chien-Pao\n|-start|p2a: Chien-Pao|move: Yawn|[of] p1b: Umbra\n|\n|-heal|p1b: Umbra|82\/100|[from] item: Leftovers\n|upkeep\n|turn|6\n|inactive|gonegeb has 120 seconds left.\n|inactive|gonegeb has 90 seconds left.\n|inactive|gonegeb has 60 seconds left.\n|\n|t:|1699135997\n|switch|p2a: Sinistcha|Sinistcha|100\/100\n|-terastallize|p1a: Anubis|Normal\n|move|p1a: Anubis|Extreme Speed|p2a: Sinistcha\n|-immune|p2a: Sinistcha\n|move|p2b: Grimmsnarl|Thunder Wave|p1a: Anubis\n|-status|p1a: Anubis|par\n|move|p1b: Umbra|Yawn|p2b: Grimmsnarl\n|-start|p2b: Grimmsnarl|move: Yawn|[of] p1b: Umbra\n|\n|-heal|p1b: Umbra|88\/100|[from] item: Leftovers\n|upkeep\n|turn|7\n|inactive|gonegeb has 60 seconds left.\n|inactive|cotesmcgotes has 120 seconds left.\n|\n|t:|1699136030\n|move|p2a: Sinistcha|Rage Powder|p2a: Sinistcha\n|-singleturn|p2a: Sinistcha|move: Rage Powder\n|move|p1b: Umbra|Yawn|p2a: Sinistcha\n|-start|p2a: Sinistcha|move: Yawn|[of] p1b: Umbra\n|move|p2b: Grimmsnarl|Play Rough|p1b: Umbra\n|-supereffective|p1b: Umbra\n|-damage|p1b: Umbra|42\/100\n|move|p1a: Anubis|Swords Dance|p1a: Anubis\n|-boost|p1a: Anubis|atk|2\n|\n|-heal|p1b: Umbra|48\/100|[from] item: Leftovers\n|-end|p2b: Grimmsnarl|move: Yawn|[silent]\n|-status|p2b: Grimmsnarl|slp\n|upkeep\n|turn|8\n|inactive|gonegeb has 60 seconds left.\n|inactive|gonegeb has 30 seconds left.\n|inactive|gonegeb has 20 seconds left.\n|\n|t:|1699136099\n|switch|p2a: Glimmora|Glimmora, M|100\/100\n|cant|p2b: Grimmsnarl|slp\n|move|p1b: Umbra|Wish|p1b: Umbra\n|move|p1a: Anubis|Drain Punch|p2b: Grimmsnarl\n|-damage|p2b: Grimmsnarl|0 fnt\n|faint|p2b: Grimmsnarl\n|\n|-heal|p1b: Umbra|55\/100|[from] item: Leftovers\n|upkeep\n|inactive|gonegeb has 25 seconds left this turn.\n|inactive|cotesmcgotes has 120 seconds left.\n|\n|t:|1699136115\n|switch|p2b: Sinistcha|Sinistcha|100\/100\n|turn|9\n|inactive|cotesmcgotes has 120 seconds left.\n|\n|t:|1699136141\n|move|p2b: Sinistcha|Rage Powder|p2b: Sinistcha\n|-singleturn|p2b: Sinistcha|move: Rage Powder\n|move|p2a: Glimmora|Sludge Bomb|p1a: Anubis\n|-damage|p1a: Anubis|23\/100 par\n|move|p1b: Umbra|Yawn|p2b: Sinistcha\n|-start|p2b: Sinistcha|move: Yawn|[of] p1b: Umbra\n|cant|p1a: Anubis|par\n|\n|-heal|p1b: Umbra|100\/100|[from] move: Wish|[wisher] Umbra\n|upkeep\n|turn|10\n|inactive|gonegeb has 60 seconds left.\n|\n|t:|1699136164\n|move|p1a: Anubis|Protect|p1a: Anubis\n|-singleturn|p1a: Anubis|Protect\n|move|p2b: Sinistcha|Rage Powder|p2b: Sinistcha\n|-singleturn|p2b: Sinistcha|move: Rage Powder\n|move|p2a: Glimmora|Sludge Bomb|p1a: Anubis\n|-activate|p1a: Anubis|move: Protect\n|move|p1b: Umbra|Yawn||[still]\n|-fail|p1b: Umbra\n|\n|-end|p2b: Sinistcha|move: Yawn|[silent]\n|-status|p2b: Sinistcha|slp\n|upkeep\n|turn|11\n|inactive|gonegeb has 60 seconds left.\n|\n|t:|1699136194\n|cant|p1a: Anubis|par\n|move|p2a: Glimmora|Sludge Bomb|p1a: Anubis\n|-damage|p1a: Anubis|0 fnt\n|faint|p1a: Anubis\n|cant|p2b: Sinistcha|slp\n|move|p1b: Umbra|Foul Play|p2b: Sinistcha\n|-supereffective|p2b: Sinistcha\n|-damage|p2b: Sinistcha|71\/100 slp\n|\n|upkeep\n|\n|t:|1699136205\n|switch|p1a: Obsidian|Ceruledge, M, shiny|100\/100\n|turn|12\n|inactive|gonegeb has 60 seconds left.\n|\n|t:|1699136232\n|switch|p2b: Manaphy|Manaphy|100\/100\n|move|p2a: Glimmora|Power Gem|p1a: Obsidian\n|-supereffective|p1a: Obsidian\n|-damage|p1a: Obsidian|36\/100\n|-enditem|p1a: Obsidian|Weakness Policy\n|-boost|p1a: Obsidian|atk|2|[from] item: Weakness Policy\n|-boost|p1a: Obsidian|spa|2|[from] item: Weakness Policy\n|move|p1a: Obsidian|Bitter Blade|p2b: Manaphy\n|-resisted|p2b: Manaphy\n|-damage|p2b: Manaphy|61\/100\n|-heal|p1a: Obsidian|55\/100|[from] drain|[of] p2b: Manaphy\n|move|p1b: Umbra|Yawn|p2a: Glimmora\n|-start|p2a: Glimmora|move: Yawn|[of] p1b: Umbra\n|\n|upkeep\n|turn|13\n|inactive|gonegeb has 60 seconds left.\n|inactive|gonegeb has 30 seconds left.\n|inactive|gonegeb has 20 seconds left.\n|inactive|gonegeb has 15 seconds left.\n|inactive|gonegeb has 10 seconds left.\n|inactive|gonegeb has 5 seconds left.\n|\n|t:|1699136313\n|switch|p2a: Chien-Pao|Chien-Pao|100\/100\n|-ability|p2a: Chien-Pao|Sword of Ruin\n|move|p2b: Manaphy|Scald|p1a: Obsidian\n|-supereffective|p1a: Obsidian\n|-damage|p1a: Obsidian|4\/100\n|move|p1a: Obsidian|Bitter Blade|p2a: Chien-Pao\n|-supereffective|p2a: Chien-Pao\n|-damage|p2a: Chien-Pao|0 fnt\n|-heal|p1a: Obsidian|47\/100|[from] drain|[of] p2a: Chien-Pao\n|faint|p2a: Chien-Pao\n|move|p1b: Umbra|Yawn|p2b: Manaphy\n|-start|p2b: Manaphy|move: Yawn|[of] p1b: Umbra\n|\n|upkeep\n|inactive|gonegeb has 10 seconds left this turn.\n|inactive|cotesmcgotes has 120 seconds left.\n|\n|t:|1699136330\n|switch|p2a: Glimmora|Glimmora, M|100\/100\n|turn|14\n|inactive|gonegeb has 30 seconds left.\n|\n|t:|1699136343\n|move|p2b: Manaphy|Scald|p1a: Obsidian\n|-supereffective|p1a: Obsidian\n|-damage|p1a: Obsidian|0 fnt\n|faint|p1a: Obsidian\n|move|p2a: Glimmora|Power Gem|p1b: Umbra\n|-damage|p1b: Umbra|72\/100\n|move|p1b: Umbra|Yawn|p2a: Glimmora\n|-start|p2a: Glimmora|move: Yawn|[of] p1b: Umbra\n|\n|-heal|p1b: Umbra|78\/100|[from] item: Leftovers\n|-end|p2b: Manaphy|move: Yawn|[silent]\n|-status|p2b: Manaphy|slp\n|upkeep\n|inactive|gonegeb has 30 seconds left this turn.\n|\n|t:|1699136347\n|switch|p1a: Pryna|Arcanine, F, shiny|100\/100\n|-ability|p1a: Pryna|Intimidate|boost\n|-unboost|p2a: Glimmora|atk|1\n|-unboost|p2b: Manaphy|atk|1\n|turn|15\n|inactive|cotesmcgotes has 120 seconds left.\n|\n|t:|1699136390\n|switch|p2b: Sinistcha|Sinistcha|71\/100 slp\n|move|p2a: Glimmora|Mortal Spin|p1a: Pryna|[spread] p1a,p1b\n|-damage|p1a: Pryna|98\/100\n|-damage|p1b: Umbra|76\/100\n|-status|p1a: Pryna|psn\n|-status|p1b: Umbra|psn\n|move|p1a: Pryna|Flare Blitz|p2b: Sinistcha\n|-supereffective|p2b: Sinistcha\n|-damage|p2b: Sinistcha|0 fnt\n|faint|p2b: Sinistcha\n|-damage|p1a: Pryna|77\/100 psn|[from] Recoil\n|move|p1b: Umbra|Foul Play|p2a: Glimmora\n|-damage|p2a: Glimmora|85\/100\n|-activate|p2a: Glimmora|ability: Toxic Debris\n|-sidestart|p1: gonegeb|move: Toxic Spikes\n|\n|-heal|p1b: Umbra|82\/100 psn|[from] item: Leftovers\n|-damage|p1a: Pryna|64\/100 psn|[from] psn\n|-damage|p1b: Umbra|70\/100 psn|[from] psn\n|-end|p2a: Glimmora|move: Yawn|[silent]\n|-status|p2a: Glimmora|slp\n|upkeep\n|\n|t:|1699136402\n|switch|p2b: Manaphy|Manaphy|61\/100 slp\n|turn|16\n|inactive|cotesmcgotes has 120 seconds left.\n|inactive|gonegeb has 60 seconds left.\n|\n|t:|1699136425\n|-terastallize|p2a: Glimmora|Flying\n|cant|p2b: Manaphy|slp\n|cant|p2a: Glimmora|slp\n|move|p1a: Pryna|Flare Blitz|p2b: Manaphy\n|-resisted|p2b: Manaphy\n|-damage|p2b: Manaphy|40\/100 slp\n|-damage|p1a: Pryna|58\/100 psn|[from] Recoil\n|move|p1b: Umbra|Foul Play|p2b: Manaphy\n|-damage|p2b: Manaphy|14\/100 slp\n|\n|-heal|p1b: Umbra|76\/100 psn|[from] item: Leftovers\n|-damage|p1a: Pryna|46\/100 psn|[from] psn\n|-damage|p1b: Umbra|63\/100 psn|[from] psn\n|upkeep\n|-enditem|p1a: Pryna|Sitrus Berry|[eat]\n|-heal|p1a: Pryna|71\/100 psn|[from] item: Sitrus Berry\n|turn|17\n|inactive|gonegeb has 60 seconds left.\n|inactive|cotesmcgotes has 120 seconds left.\n|inactive|cotesmcgotes has 90 seconds left.\n|\n|t:|1699136486\n|move|p1a: Pryna|Extreme Speed|p2b: Manaphy\n|-damage|p2b: Manaphy|0 fnt\n|faint|p2b: Manaphy\n|-curestatus|p2a: Glimmora|slp|[msg]\n|move|p2a: Glimmora|Power Gem|p1a: Pryna\n|-supereffective|p1a: Pryna\n|-damage|p1a: Pryna|0 fnt\n|faint|p1a: Pryna\n|move|p1b: Umbra|Wish|p1b: Umbra\n|\n|-heal|p1b: Umbra|69\/100 psn|[from] item: Leftovers\n|-damage|p1b: Umbra|57\/100 psn|[from] psn\n|upkeep\n|turn|18\n|inactive|gonegeb has 60 seconds left.\n|\n|t:|1699136512\n|move|p2a: Glimmora|Sludge Bomb|p1b: Umbra\n|-damage|p1b: Umbra|27\/100 psn\n|move|p1b: Umbra|Wish||[still]\n|-fail|p1b: Umbra\n|\n|-heal|p1b: Umbra|77\/100 psn|[from] move: Wish|[wisher] Umbra\n|-heal|p1b: Umbra|83\/100 psn|[from] item: Leftovers\n|-damage|p1b: Umbra|71\/100 psn|[from] psn\n|upkeep\n|turn|19\n|\n|t:|1699136526\n|move|p2a: Glimmora|Sludge Bomb|p1b: Umbra\n|-damage|p1b: Umbra|41\/100 psn\n|move|p1b: Umbra|Yawn|p2a: Glimmora\n|-start|p2a: Glimmora|move: Yawn|[of] p1b: Umbra\n|\n|-heal|p1b: Umbra|47\/100 psn|[from] item: Leftovers\n|-damage|p1b: Umbra|35\/100 psn|[from] psn\n|upkeep\n|turn|20\n|\n|t:|1699136531\n|move|p1b: Umbra|Protect|p1b: Umbra\n|-singleturn|p1b: Umbra|Protect\n|move|p2a: Glimmora|Sludge Bomb|p1b: Umbra\n|-activate|p1b: Umbra|move: Protect\n|\n|-heal|p1b: Umbra|41\/100 psn|[from] item: Leftovers\n|-damage|p1b: Umbra|29\/100 psn|[from] psn\n|-end|p2a: Glimmora|move: Yawn|[silent]\n|-status|p2a: Glimmora|slp\n|upkeep\n|turn|21\n|inactive|gonegeb has 120 seconds left.\n|\n|t:|1699136539\n|cant|p2a: Glimmora|slp\n|move|p1b: Umbra|Wish|p1b: Umbra\n|\n|-heal|p1b: Umbra|35\/100 psn|[from] item: Leftovers\n|-damage|p1b: Umbra|22\/100 psn|[from] psn\n|upkeep\n|turn|22\n|\n|t:|1699136547\n|-curestatus|p2a: Glimmora|slp|[msg]\n|move|p2a: Glimmora|Sludge Bomb|p1b: Umbra\n|-damage|p1b: Umbra|0 fnt\n|faint|p1b: Umbra\n|\n|win|cotesmcgotes\n|raw|gonegeb's rating: 1250 &rarr; <strong>1228<\/strong><br \/>(-22 for losing)\n|raw|cotesmcgotes's rating: 1286 &rarr; <strong>1308<\/strong><br \/>(+22 for winning)\n|c|\u2606gonegeb|dangit\n|c|\u2606gonegeb|lol gg\n|c|\u2606cotesmcgotes|Gg\n|l|\u2606gonegeb\n","uploadtime":1699136560,"views":10,"p1id":"gonegeb","p2id":"cotesmcgotes","formatid":"gen9doublesou","rating":1228,"private":0,"password":""}