{"id":"gen9doublesou-1993133649","p1":"user27323","p2":"zKalaxe","format":"[Gen 9] Doubles OU","log":"|j|\u2606user27323\n|j|\u2606zKalaxe\n|t:|1700268738\n|gametype|doubles\n|player|p1|user27323|caitlin|1632\n|player|p2|zKalaxe|n|1775\n|teamsize|p1|6\n|teamsize|p2|6\n|gen|9\n|tier|[Gen 9] Doubles OU\n|rated|\n|rule|Species Clause: Limit one of each Pok\u00e9mon\n|rule|OHKO Clause: OHKO moves are banned\n|rule|Evasion Moves Clause: Evasion moves are banned\n|rule|Gravity Sleep Clause: The combination of sleep-inducing moves with imperfect accuracy and Gravity or Gigantamax Orbeetle are banned\n|rule|Endless Battle Clause: Forcing endless battles is banned\n|rule|HP Percentage Mod: HP is shown in percentages\n|clearpoke\n|poke|p1|Flutter Mane|\n|poke|p1|Sylveon, F|\n|poke|p1|Jirachi|\n|poke|p1|Dragonite, M|\n|poke|p1|Iron Bundle|\n|poke|p1|Volcanion|\n|poke|p2|Iron Hands|\n|poke|p2|Roaring Moon|\n|poke|p2|Landorus-Therian, M|\n|poke|p2|Heatran, F|\n|poke|p2|Flutter Mane|\n|poke|p2|Rillaboom, M|\n|teampreview\n|inactive|Battle timer is ON: inactive players will automatically lose when time's up. (requested by user27323)\n|c|\u2606zKalaxe|gl\n|c|\u2606user27323|gl !\n|inactive|zKalaxe has 120 seconds left.\n|\n|t:|1700268784\n|start\n|switch|p1a: shooting star \u2606|Jirachi|100\/100\n|switch|p1b: barbie moviegoer|Dragonite, M|100\/100\n|switch|p2a: Iron Hands|Iron Hands|100\/100\n|switch|p2b: Flutter Mane|Flutter Mane|100\/100\n|turn|1\n|\n|t:|1700268797\n|switch|p1b: ariana's ender \u2661|Sylveon, F|100\/100\n|move|p2a: Iron Hands|Fake Out|p1a: shooting star \u2606\n|-resisted|p1a: shooting star \u2606\n|-damage|p1a: shooting star \u2606|93\/100\n|cant|p1a: shooting star \u2606|flinch\n|move|p2b: Flutter Mane|Moonblast|p1b: ariana's ender \u2661\n|-damage|p1b: ariana's ender \u2661|56\/100\n|-damage|p2b: Flutter Mane|91\/100|[from] item: Life Orb\n|\n|upkeep\n|turn|2\n|\n|t:|1700268822\n|-end|p2a: Iron Hands|Quark Drive|[silent]\n|switch|p2a: Heatran|Heatran, F|100\/100\n|-terastallize|p1b: ariana's ender \u2661|Fairy\n|move|p2b: Flutter Mane|Protect|p2b: Flutter Mane\n|-singleturn|p2b: Flutter Mane|Protect\n|move|p1a: shooting star \u2606|Iron Head|p2b: Flutter Mane\n|-activate|p2b: Flutter Mane|move: Protect\n|move|p1b: ariana's ender \u2661|Hyper Voice|p2a: Heatran|[spread] p2a\n|-activate|p2b: Flutter Mane|move: Protect\n|-resisted|p2a: Heatran\n|-damage|p2a: Heatran|83\/100\n|\n|-heal|p2a: Heatran|90\/100|[from] item: Leftovers\n|upkeep\n|turn|3\n|\n|t:|1700268843\n|switch|p1a: barbie moviegoer|Dragonite, M|100\/100\n|-end|p2b: Flutter Mane|Protosynthesis|[silent]\n|switch|p2b: Landorus|Landorus-Therian, M|100\/100\n|-ability|p2b: Landorus|Intimidate|boost\n|-fail|p1a: barbie moviegoer|unboost|Attack|[from] ability: Inner Focus|[of] p1a: barbie moviegoer\n|-unboost|p1b: ariana's ender \u2661|atk|1\n|switch|p1b: kenergy|Volcanion|100\/100\n|move|p2a: Heatran|Heat Wave|p1a: barbie moviegoer|[spread] p1b\n|-miss|p2a: Heatran|p1a: barbie moviegoer\n|-resisted|p1b: kenergy\n|-damage|p1b: kenergy|91\/100\n|\n|-heal|p2a: Heatran|96\/100|[from] item: Leftovers\n|upkeep\n|turn|4\n|\n|t:|1700268866\n|move|p1a: barbie moviegoer|Ice Spinner|p2b: Landorus\n|-supereffective|p2b: Landorus\n|-damage|p2b: Landorus|0 fnt\n|faint|p2b: Landorus\n|-damage|p1a: barbie moviegoer|91\/100|[from] item: Life Orb\n|move|p2a: Heatran|Will-O-Wisp|p1a: barbie moviegoer\n|-status|p1a: barbie moviegoer|brn\n|move|p1b: kenergy|Earth Power|p2a: Heatran\n|-supereffective|p2a: Heatran\n|-damage|p2a: Heatran|0 fnt\n|faint|p2a: Heatran\n|\n|-damage|p1a: barbie moviegoer|84\/100 brn|[from] brn\n|upkeep\n|inactive|zKalaxe has 120 seconds left.\n|\n|t:|1700268885\n|switch|p2a: Flutter Mane|Flutter Mane|91\/100\n|switch|p2b: Roaring Moon|Roaring Moon|100\/100\n|-enditem|p2b: Roaring Moon|Booster Energy\n|-activate|p2b: Roaring Moon|ability: Protosynthesis|[fromitem]\n|-start|p2b: Roaring Moon|protosynthesisatk\n|turn|5\n|\n|t:|1700268894\n|-terastallize|p2b: Roaring Moon|Flying\n|move|p2a: Flutter Mane|Dazzling Gleam|p1a: barbie moviegoer|[spread] p1a,p1b\n|-supereffective|p1a: barbie moviegoer\n|-resisted|p1b: kenergy\n|-damage|p1a: barbie moviegoer|11\/100 brn\n|-damage|p1b: kenergy|67\/100\n|-damage|p2a: Flutter Mane|81\/100|[from] item: Life Orb\n|move|p2b: Roaring Moon|Acrobatics|p1b: kenergy\n|-damage|p1b: kenergy|0 fnt\n|faint|p1b: kenergy\n|move|p1a: barbie moviegoer|Ice Spinner|p2b: Roaring Moon\n|-supereffective|p2b: Roaring Moon\n|-damage|p2b: Roaring Moon|61\/100\n|-damage|p1a: barbie moviegoer|1\/100 brn|[from] item: Life Orb\n|\n|-damage|p1a: barbie moviegoer|0 fnt|[from] brn\n|faint|p1a: barbie moviegoer\n|upkeep\n|\n|t:|1700268911\n|switch|p1a: qu33fed|Iron Bundle|100\/100\n|switch|p1b: shooting star \u2606|Jirachi|93\/100\n|turn|6\n|\n|t:|1700268920\n|-end|p2a: Flutter Mane|Protosynthesis|[silent]\n|switch|p2a: Iron Hands|Iron Hands|100\/100\n|move|p2b: Roaring Moon|Protect|p2b: Roaring Moon\n|-singleturn|p2b: Roaring Moon|Protect\n|move|p1b: shooting star \u2606|Iron Head|p2a: Iron Hands\n|-resisted|p2a: Iron Hands\n|-damage|p2a: Iron Hands|86\/100\n|move|p1a: qu33fed|Freeze-Dry|p2b: Roaring Moon\n|-activate|p2b: Roaring Moon|move: Protect\n|\n|upkeep\n|turn|7\n|\n|t:|1700268935\n|switch|p1b: bella thorns x|Flutter Mane|100\/100\n|-enditem|p1b: bella thorns x|Booster Energy\n|-activate|p1b: bella thorns x|ability: Protosynthesis|[fromitem]\n|-start|p1b: bella thorns x|protosynthesisspa\n|move|p2a: Iron Hands|Fake Out|p1a: qu33fed\n|-damage|p1a: qu33fed|81\/100\n|cant|p1a: qu33fed|flinch\n|move|p2b: Roaring Moon|Knock Off|p1b: bella thorns x\n|-damage|p1b: bella thorns x|0 fnt\n|faint|p1b: bella thorns x\n|-end|p1b: bella thorns x|Protosynthesis|[silent]\n|\n|upkeep\n|\n|t:|1700268945\n|switch|p1b: ariana's ender \u2661|Sylveon, F, tera:Fairy|56\/100\n|turn|8\n|inactive|zKalaxe has 120 seconds left.\n|\n|t:|1700268978\n|move|p2b: Roaring Moon|Protect|p2b: Roaring Moon\n|-singleturn|p2b: Roaring Moon|Protect\n|move|p1a: qu33fed|Freeze-Dry|p2b: Roaring Moon\n|-activate|p2b: Roaring Moon|move: Protect\n|move|p1b: ariana's ender \u2661|Hyper Voice|p2a: Iron Hands|[spread] p2a\n|-activate|p2b: Roaring Moon|move: Protect\n|-supereffective|p2a: Iron Hands\n|-damage|p2a: Iron Hands|0 fnt\n|faint|p2a: Iron Hands\n|-end|p2a: Iron Hands|Quark Drive|[silent]\n|\n|upkeep\n|inactive|zKalaxe has 120 seconds left.\n|\n|t:|1700268988\n|switch|p2a: Rillaboom|Rillaboom, M|100\/100\n|-fieldstart|move: Grassy Terrain|[from] ability: Grassy Surge|[of] p2a: Rillaboom\n|turn|9\n|\n|t:|1700268995\n|-end|p1a: qu33fed|Quark Drive|[silent]\n|switch|p1a: shooting star \u2606|Jirachi|93\/100\n|move|p2a: Rillaboom|Grassy Glide|p1a: shooting star \u2606\n|-resisted|p1a: shooting star \u2606\n|-crit|p1a: shooting star \u2606\n|-damage|p1a: shooting star \u2606|65\/100\n|move|p2b: Roaring Moon|Acrobatics|p1b: ariana's ender \u2661\n|-damage|p1b: ariana's ender \u2661|0 fnt\n|faint|p1b: ariana's ender \u2661\n|\n|-heal|p1a: shooting star \u2606|71\/100|[from] Grassy Terrain\n|upkeep\n|\n|t:|1700269003\n|switch|p1b: qu33fed|Iron Bundle|81\/100\n|turn|10\n|\n|t:|1700269012\n|move|p2b: Roaring Moon|Protect|p2b: Roaring Moon\n|-singleturn|p2b: Roaring Moon|Protect\n|move|p2a: Rillaboom|Grassy Glide|p1b: qu33fed\n|-supereffective|p1b: qu33fed\n|-damage|p1b: qu33fed|0 fnt\n|faint|p1b: qu33fed\n|-end|p1b: qu33fed|Quark Drive|[silent]\n|move|p1a: shooting star \u2606|Iron Head|p2b: Roaring Moon\n|-activate|p2b: Roaring Moon|move: Protect\n|\n|-heal|p1a: shooting star \u2606|77\/100|[from] Grassy Terrain\n|upkeep\n|turn|11\n|c|\u2606user27323|gg\n|c|\u2606zKalaxe|gg\n|\n|t:|1700269029\n|move|p1a: shooting star \u2606|Iron Head|p2b: Roaring Moon\n|-damage|p2b: Roaring Moon|22\/100\n|cant|p2b: Roaring Moon|flinch\n|move|p2a: Rillaboom|U-turn|p1a: shooting star \u2606\n|-damage|p1a: shooting star \u2606|52\/100\n|\n|t:|1700269035\n|switch|p2a: Flutter Mane|Flutter Mane|81\/100|[from] U-turn\n|\n|-heal|p1a: shooting star \u2606|59\/100|[from] Grassy Terrain\n|-heal|p2a: Flutter Mane|87\/100|[from] Grassy Terrain\n|upkeep\n|turn|12\n|\n|t:|1700269039\n|move|p2a: Flutter Mane|Protect|p2a: Flutter Mane\n|-singleturn|p2a: Flutter Mane|Protect\n|move|p1a: shooting star \u2606|Iron Head|p2a: Flutter Mane\n|-activate|p2a: Flutter Mane|move: Protect\n|move|p2b: Roaring Moon|Knock Off|p1a: shooting star \u2606\n|-supereffective|p1a: shooting star \u2606\n|-damage|p1a: shooting star \u2606|0 fnt\n|-enditem|p1a: shooting star \u2606|Choice Scarf|[from] move: Knock Off|[of] p2b: Roaring Moon\n|faint|p1a: shooting star \u2606\n|\n|win|zKalaxe\n|raw|user27323's rating: 1632 &rarr; <strong>1620<\/strong><br \/>(-12 for losing)\n|raw|zKalaxe's rating: 1775 &rarr; <strong>1787<\/strong><br \/>(+12 for winning)\n|l|\u2606user27323\n","uploadtime":1700269052,"views":16,"p1id":"user27323","p2id":"zkalaxe","formatid":"gen9doublesou","rating":1620,"private":0,"password":""}