{"id":"gen9doublesou-1980379578","p1":"nicofer044","p2":"New_2_Da_Scene_","format":"[Gen 9] Doubles OU","log":"|j|\u2606nicofer044\n|j|\u2606New_2_Da_Scene_\n|t:|1698779843\n|gametype|doubles\n|player|p1|nicofer044|red|1098\n|player|p2|New_2_Da_Scene_|2|1040\n|teamsize|p1|6\n|teamsize|p2|6\n|gen|9\n|tier|[Gen 9] Doubles OU\n|rated|\n|rule|Species Clause: Limit one of each Pok\u00e9mon\n|rule|OHKO Clause: OHKO moves are banned\n|rule|Evasion Moves Clause: Evasion moves are banned\n|rule|Gravity Sleep Clause: The combination of sleep-inducing moves with imperfect accuracy and Gravity or Gigantamax Orbeetle are banned\n|rule|Endless Battle Clause: Forcing endless battles is banned\n|rule|HP Percentage Mod: HP is shown in percentages\n|clearpoke\n|poke|p1|Grimmsnarl, M|\n|poke|p1|Toxapex, F|\n|poke|p1|Snorlax, F|\n|poke|p1|Arcanine-Hisui, M|\n|poke|p1|Charizard, F|\n|poke|p1|Lilligant, F|\n|poke|p2|Ogerpon-Cornerstone, F|\n|poke|p2|Tyranitar, M|\n|poke|p2|Munkidori, M|\n|poke|p2|Kommo-o, F|\n|poke|p2|Dugtrio-Alola, F|\n|poke|p2|Tornadus, M|\n|teampreview\n|\n|t:|1698779867\n|start\n|switch|p1a: Grimmsnarl|Grimmsnarl, M, shiny|100\/100\n|switch|p1b: Snorlax|Snorlax, F, shiny|100\/100\n|switch|p2a: Ogerpon|Ogerpon-Cornerstone, F|100\/100\n|switch|p2b: Tyranitar|Tyranitar, M|100\/100\n|-weather|Sandstorm|[from] ability: Sand Stream|[of] p2b: Tyranitar\n|turn|1\n|inactive|Battle timer is ON: inactive players will automatically lose when time's up. (requested by nicofer044)\n|\n|t:|1698779880\n|move|p1a: Grimmsnarl|Fake Out|p2a: Ogerpon\n|-resisted|p2a: Ogerpon\n|-damage|p2a: Ogerpon|95\/100\n|cant|p2a: Ogerpon|flinch\n|move|p2b: Tyranitar|Body Press|p1b: Snorlax\n|-supereffective|p1b: Snorlax\n|-damage|p1b: Snorlax|64\/100\n|move|p1b: Snorlax|Belly Drum|p1b: Snorlax\n|-damage|p1b: Snorlax|14\/100\n|-setboost|p1b: Snorlax|atk|6|[from] move: Belly Drum\n|\n|-weather|Sandstorm|[upkeep]\n|-damage|p1a: Grimmsnarl|94\/100|[from] Sandstorm\n|-damage|p1b: Snorlax|8\/100|[from] Sandstorm\n|-heal|p1a: Grimmsnarl|100\/100|[from] item: Leftovers\n|-heal|p1b: Snorlax|14\/100|[from] item: Leftovers\n|upkeep\n|turn|2\n|\n|t:|1698779900\n|switch|p1a: Lilligant|Lilligant, F, shiny|100\/100\n|move|p1b: Snorlax|Protect|p1b: Snorlax\n|-singleturn|p1b: Snorlax|Protect\n|move|p2a: Ogerpon|Brick Break|p1b: Snorlax\n|-activate|p1b: Snorlax|move: Protect\n|move|p2b: Tyranitar|Body Press|p1b: Snorlax\n|-activate|p1b: Snorlax|move: Protect\n|\n|-weather|Sandstorm|[upkeep]\n|-damage|p1a: Lilligant|94\/100|[from] Sandstorm\n|-damage|p1b: Snorlax|8\/100|[from] Sandstorm\n|-heal|p1a: Lilligant|100\/100|[from] item: Leftovers\n|-heal|p1b: Snorlax|14\/100|[from] item: Leftovers\n|upkeep\n|turn|3\n|\n|t:|1698779917\n|move|p2a: Ogerpon|Brick Break|p1b: Snorlax\n|-supereffective|p1b: Snorlax\n|-damage|p1b: Snorlax|0 fnt\n|faint|p1b: Snorlax\n|move|p1a: Lilligant|Pollen Puff|p1: Snorlax|[notarget]\n|-fail|p1a: Lilligant\n|move|p2b: Tyranitar|Body Press|p1a: Lilligant\n|-damage|p1a: Lilligant|67\/100\n|\n|-weather|Sandstorm|[upkeep]\n|-damage|p1a: Lilligant|61\/100|[from] Sandstorm\n|-heal|p1a: Lilligant|67\/100|[from] item: Leftovers\n|upkeep\n|\n|t:|1698779928\n|switch|p1b: Arcanine|Arcanine-Hisui, M, shiny|100\/100\n|-ability|p1b: Arcanine|Intimidate|boost\n|-unboost|p2a: Ogerpon|atk|1\n|-unboost|p2b: Tyranitar|atk|1\n|turn|4\n|\n|t:|1698779939\n|move|p1b: Arcanine|Protect|p1b: Arcanine\n|-singleturn|p1b: Arcanine|Protect\n|move|p2a: Ogerpon|Brick Break|p1b: Arcanine\n|-activate|p1b: Arcanine|move: Protect\n|move|p1a: Lilligant|Quiver Dance|p1a: Lilligant\n|-boost|p1a: Lilligant|spa|1\n|-boost|p1a: Lilligant|spd|1\n|-boost|p1a: Lilligant|spe|1\n|move|p2b: Tyranitar|Body Press|p1b: Arcanine\n|-activate|p1b: Arcanine|move: Protect\n|\n|-weather|Sandstorm|[upkeep]\n|-damage|p1a: Lilligant|61\/100|[from] Sandstorm\n|-heal|p1a: Lilligant|67\/100|[from] item: Leftovers\n|upkeep\n|turn|5\n|\n|t:|1698779960\n|switch|p1b: Grimmsnarl|Grimmsnarl, M, shiny|100\/100\n|move|p1a: Lilligant|Giga Drain|p2b: Tyranitar\n|-supereffective|p2b: Tyranitar\n|-crit|p2b: Tyranitar\n|-damage|p2b: Tyranitar|37\/100\n|-heal|p1a: Lilligant|100\/100|[from] drain|[of] p2b: Tyranitar\n|move|p2a: Ogerpon|Brick Break|p1b: Grimmsnarl\n|-crit|p1b: Grimmsnarl\n|-damage|p1b: Grimmsnarl|53\/100\n|move|p2b: Tyranitar|Body Press|p1b: Grimmsnarl\n|-damage|p1b: Grimmsnarl|26\/100\n|\n|-weather|none\n|-heal|p1b: Grimmsnarl|32\/100|[from] item: Leftovers\n|upkeep\n|turn|6\n|\n|t:|1698779981\n|move|p1b: Grimmsnarl|Fake Out|p2a: Ogerpon\n|-resisted|p2a: Ogerpon\n|-damage|p2a: Ogerpon|89\/100\n|move|p1a: Lilligant|Quiver Dance|p1a: Lilligant\n|-boost|p1a: Lilligant|spa|1\n|-boost|p1a: Lilligant|spd|1\n|-boost|p1a: Lilligant|spe|1\n|cant|p2a: Ogerpon|flinch\n|move|p2b: Tyranitar|Body Press|p1b: Grimmsnarl\n|-damage|p1b: Grimmsnarl|4\/100\n|\n|-heal|p1b: Grimmsnarl|10\/100|[from] item: Leftovers\n|upkeep\n|turn|7\n|\n|t:|1698779997\n|move|p1b: Grimmsnarl|Reflect|p1b: Grimmsnarl\n|-sidestart|p1: nicofer044|Reflect\n|move|p1a: Lilligant|Quiver Dance|p1a: Lilligant\n|-boost|p1a: Lilligant|spa|1\n|-boost|p1a: Lilligant|spd|1\n|-boost|p1a: Lilligant|spe|1\n|move|p2a: Ogerpon|Brick Break|p1b: Grimmsnarl\n|-sideend|p1: nicofer044|Reflect\n|-damage|p1b: Grimmsnarl|0 fnt\n|faint|p1b: Grimmsnarl\n|move|p2b: Tyranitar|Body Press|p1a: Lilligant\n|-damage|p1a: Lilligant|65\/100\n|\n|-heal|p1a: Lilligant|71\/100|[from] item: Leftovers\n|upkeep\n|\n|t:|1698780010\n|switch|p1b: Arcanine|Arcanine-Hisui, M, shiny|100\/100\n|-ability|p1b: Arcanine|Intimidate|boost\n|-unboost|p2a: Ogerpon|atk|1\n|-unboost|p2b: Tyranitar|atk|1\n|turn|8\n|\n|t:|1698780030\n|switch|p2b: Kommo-o|Kommo-o, F|100\/100\n|move|p1b: Arcanine|Protect|p1b: Arcanine\n|-singleturn|p1b: Arcanine|Protect\n|move|p1a: Lilligant|Giga Drain|p2a: Ogerpon\n|-damage|p2a: Ogerpon|0 fnt\n|-heal|p1a: Lilligant|100\/100|[from] drain|[of] p2a: Ogerpon\n|faint|p2a: Ogerpon\n|\n|upkeep\n|\n|t:|1698780041\n|switch|p2a: Tyranitar|Tyranitar, M|37\/100\n|-weather|Sandstorm|[from] ability: Sand Stream|[of] p2a: Tyranitar\n|turn|9\n|\n|t:|1698780055\n|switch|p1b: Toxapex|Toxapex, F, shiny|100\/100\n|move|p1a: Lilligant|Protect|p1a: Lilligant\n|-singleturn|p1a: Lilligant|Protect\n|move|p2b: Kommo-o|Dragon Pulse|p1a: Lilligant\n|-activate|p1a: Lilligant|move: Protect\n|move|p2a: Tyranitar|Knock Off|p1a: Lilligant\n|-activate|p1a: Lilligant|move: Protect\n|\n|-weather|Sandstorm|[upkeep]\n|-damage|p1a: Lilligant|94\/100|[from] Sandstorm\n|-damage|p2b: Kommo-o|94\/100|[from] Sandstorm\n|-damage|p1b: Toxapex|94\/100|[from] Sandstorm\n|-heal|p1a: Lilligant|100\/100|[from] item: Leftovers\n|-heal|p1b: Toxapex|100\/100|[from] item: Leftovers\n|upkeep\n|turn|10\n|\n|t:|1698780076\n|move|p1a: Lilligant|Giga Drain|p2b: Kommo-o\n|-resisted|p2b: Kommo-o\n|-damage|p2b: Kommo-o|41\/100\n|move|p2b: Kommo-o|Dragon Pulse|p1a: Lilligant\n|-damage|p1a: Lilligant|74\/100\n|-damage|p2b: Kommo-o|31\/100|[from] item: Life Orb\n|move|p2a: Tyranitar|Knock Off|p1b: Toxapex\n|-damage|p1b: Toxapex|53\/100\n|-enditem|p1b: Toxapex|Leftovers|[from] move: Knock Off|[of] p2a: Tyranitar\n|move|p1b: Toxapex|Liquidation|p2a: Tyranitar\n|-supereffective|p2a: Tyranitar\n|-damage|p2a: Tyranitar|0 fnt\n|faint|p2a: Tyranitar\n|\n|-weather|Sandstorm|[upkeep]\n|-damage|p1a: Lilligant|68\/100|[from] Sandstorm\n|-damage|p2b: Kommo-o|25\/100|[from] Sandstorm\n|-damage|p1b: Toxapex|47\/100|[from] Sandstorm\n|-heal|p1a: Lilligant|74\/100|[from] item: Leftovers\n|upkeep\n|\n|t:|1698780095\n|switch|p2a: Tornadus|Tornadus, M|100\/100\n|turn|11\n|\n|t:|1698780105\n|move|p1a: Lilligant|Protect|p1a: Lilligant\n|-singleturn|p1a: Lilligant|Protect\n|move|p2a: Tornadus|Tailwind|p2a: Tornadus\n|-sidestart|p2: New_2_Da_Scene_|move: Tailwind\n|move|p2b: Kommo-o|Dragon Pulse|p1a: Lilligant\n|-activate|p1a: Lilligant|move: Protect\n|move|p1b: Toxapex|Poison Jab|p2a: Tornadus\n|-damage|p2a: Tornadus|65\/100\n|\n|-weather|Sandstorm|[upkeep]\n|-damage|p1a: Lilligant|68\/100|[from] Sandstorm\n|-damage|p2a: Tornadus|59\/100|[from] Sandstorm\n|-damage|p2b: Kommo-o|19\/100|[from] Sandstorm\n|-damage|p1b: Toxapex|40\/100|[from] Sandstorm\n|-heal|p1a: Lilligant|74\/100|[from] item: Leftovers\n|upkeep\n|turn|12\n|\n|t:|1698780130\n|move|p1a: Lilligant|Giga Drain|p2a: Tornadus\n|-resisted|p2a: Tornadus\n|-damage|p2a: Tornadus|0 fnt\n|-heal|p1a: Lilligant|100\/100|[from] drain|[of] p2a: Tornadus\n|faint|p2a: Tornadus\n|move|p2b: Kommo-o|Dragon Pulse|p1a: Lilligant\n|-damage|p1a: Lilligant|73\/100\n|-damage|p2b: Kommo-o|9\/100|[from] item: Life Orb\n|move|p1b: Toxapex|Poison Jab|p2b: Kommo-o\n|-damage|p2b: Kommo-o|0 fnt\n|faint|p2b: Kommo-o\n|\n|-weather|Sandstorm|[upkeep]\n|-damage|p1a: Lilligant|67\/100|[from] Sandstorm\n|-damage|p1b: Toxapex|34\/100|[from] Sandstorm\n|-heal|p1a: Lilligant|73\/100|[from] item: Leftovers\n|upkeep\n|\n|t:|1698780146\n|switch|p2a: Dugtrio|Dugtrio-Alola, F|100\/100\n|switch|p2b: Munkidori|Munkidori, M|100\/100\n|turn|13\n|\n|t:|1698780169\n|move|p1a: Lilligant|Protect|p1a: Lilligant\n|-singleturn|p1a: Lilligant|Protect\n|move|p2a: Dugtrio|Stone Edge|p1a: Lilligant\n|-activate|p1a: Lilligant|move: Protect\n|move|p2b: Munkidori|Sludge Bomb|p1a: Lilligant\n|-activate|p1a: Lilligant|move: Protect\n|move|p1b: Toxapex|Liquidation|p2a: Dugtrio\n|-supereffective|p2a: Dugtrio\n|-damage|p2a: Dugtrio|0 fnt\n|faint|p2a: Dugtrio\n|\n|-weather|none\n|-heal|p1a: Lilligant|79\/100|[from] item: Leftovers\n|upkeep\n|turn|14\n|\n|t:|1698780194\n|switch|p1b: Arcanine|Arcanine-Hisui, M, shiny|100\/100\n|-ability|p1b: Arcanine|Intimidate|boost\n|-unboost|p2b: Munkidori|atk|1\n|-terastallize|p2b: Munkidori|Ghost\n|move|p1a: Lilligant|Pollen Puff|p2b: Munkidori\n|-resisted|p2b: Munkidori\n|-damage|p2b: Munkidori|60\/100\n|move|p2b: Munkidori|Sludge Bomb|p1a: Lilligant\n|-supereffective|p1a: Lilligant\n|-damage|p1a: Lilligant|18\/100\n|\n|-heal|p1a: Lilligant|24\/100|[from] item: Leftovers\n|-heal|p2b: Munkidori|66\/100|[from] item: Leftovers\n|-sideend|p2: New_2_Da_Scene_|move: Tailwind\n|upkeep\n|turn|15\n|c|\u2606New_2_Da_Scene_|gg\n|c|\u2606nicofer044|gg\n|inactive|New_2_Da_Scene_ has 120 seconds left.\n|l|\u2606New_2_Da_Scene_\n|inactive|New_2_Da_Scene_ disconnected and has a minute to reconnect!\n|player|p2|\n|c|\u2606nicofer044|hijo deputa\n|inactive|New_2_Da_Scene_ has 30 seconds to reconnect!\n|c|\u2606nicofer044|hijo de putaaaaaaaaaaaaaaaaaaaaaaaaaaaaaaaaaaaaaaaaaaaaa\n|inactive|New_2_Da_Scene_ has 20 seconds to reconnect!\n|inactive|New_2_Da_Scene_ has 15 seconds to reconnect!\n|inactive|New_2_Da_Scene_ has 10 seconds to reconnect!\n|inactive|New_2_Da_Scene_ has 5 seconds to reconnect!\n|-message|New_2_Da_Scene_ lost due to inactivity.\n|\n|win|nicofer044\n|raw|nicofer044's rating: 1098 &rarr; <strong>1119<\/strong><br \/>(+21 for winning)\n|raw|New_2_Da_Scene_'s rating: 1040 &rarr; <strong>1027<\/strong><br \/>(-13 for losing)\n","uploadtime":1698780261,"views":11,"p1id":"nicofer044","p2id":"new2dascene","formatid":"gen9doublesou","rating":1027,"private":0,"password":""}