{"id":"gen9doublesou-1995923699","p1":"TheHighGroun20","p2":"icantanyofanythinf","format":"[Gen 9] Doubles OU","log":"|j|\u2606TheHighGroun20\n|j|\u2606icantanyofanythinf\n|t:|1700617910\n|gametype|doubles\n|player|p1|TheHighGroun20|marlon|1094\n|player|p2|icantanyofanythinf|iris-gen5bw2|1159\n|teamsize|p1|6\n|teamsize|p2|6\n|gen|9\n|tier|[Gen 9] Doubles OU\n|rated|\n|rule|Species Clause: Limit one of each Pok\u00e9mon\n|rule|OHKO Clause: OHKO moves are banned\n|rule|Evasion Moves Clause: Evasion moves are banned\n|rule|Gravity Sleep Clause: The combination of sleep-inducing moves with imperfect accuracy and Gravity or Gigantamax Orbeetle are banned\n|rule|Endless Battle Clause: Forcing endless battles is banned\n|rule|HP Percentage Mod: HP is shown in percentages\n|clearpoke\n|poke|p1|Chien-Pao|\n|poke|p1|Poliwrath, F|\n|poke|p1|Pelipper, F|\n|poke|p1|Maushold|\n|poke|p1|Grimmsnarl, M|\n|poke|p1|Regieleki|\n|poke|p2|Mew|\n|poke|p2|Appletun, M|\n|poke|p2|Gothorita, F|\n|poke|p2|Arcanine-Hisui, M|\n|poke|p2|Ursaluna-Bloodmoon, M|\n|poke|p2|Amoonguss, F|\n|teampreview\n|inactive|Battle timer is ON: inactive players will automatically lose when time's up. (requested by icantanyofanythinf)\n|\n|t:|1700617920\n|start\n|switch|p1a: Grimmsnarl|Grimmsnarl, M|100\/100\n|switch|p1b: Pelipper|Pelipper, F|100\/100\n|switch|p2a: Mew|Mew|100\/100\n|switch|p2b: Appletun|Appletun, M|100\/100\n|-weather|RainDance|[from] ability: Drizzle|[of] p1b: Pelipper\n|turn|1\n|\n|t:|1700617935\n|move|p1a: Grimmsnarl|Light Screen|p1a: Grimmsnarl\n|-sidestart|p1: TheHighGroun20|move: Light Screen\n|move|p2a: Mew|Sand Tomb|p1a: Grimmsnarl|[miss]\n|-miss|p2a: Mew|p1a: Grimmsnarl\n|move|p1b: Pelipper|U-turn|p2a: Mew\n|-supereffective|p2a: Mew\n|-damage|p2a: Mew|84\/100\n|\n|t:|1700617951\n|switch|p1b: Maushold|Maushold|100\/100|[from] U-turn\n|move|p2b: Appletun|Leech Seed|p1b: Maushold\n|-start|p1b: Maushold|move: Leech Seed\n|\n|-weather|RainDance|[upkeep]\n|-heal|p2a: Mew|90\/100|[from] item: Leftovers\n|-damage|p1b: Maushold|88\/100|[from] Leech Seed|[of] p2b: Appletun\n|upkeep\n|turn|2\n|\n|t:|1700617970\n|switch|p1a: Poliwrath|Poliwrath, F|100\/100\n|move|p1b: Maushold|Taunt|p2a: Mew\n|-start|p2a: Mew|move: Taunt\n|move|p2a: Mew|Fire Spin|p1b: Maushold\n|-damage|p1b: Maushold|84\/100\n|-activate|p1b: Maushold|move: Fire Spin|[of] p2a: Mew\n|move|p2b: Appletun|Leech Seed|p1a: Poliwrath\n|-start|p1a: Poliwrath|move: Leech Seed\n|\n|-weather|RainDance|[upkeep]\n|-heal|p2a: Mew|97\/100|[from] item: Leftovers\n|-damage|p1a: Poliwrath|88\/100|[from] Leech Seed|[of] p2b: Appletun\n|-damage|p1b: Maushold|72\/100|[from] Leech Seed|[of] p2b: Appletun\n|-damage|p1b: Maushold|59\/100|[from] move: Fire Spin|[partiallytrapped]\n|upkeep\n|turn|3\n|\n|t:|1700617992\n|move|p1b: Maushold|Follow Me|p1b: Maushold\n|-singleturn|p1b: Maushold|move: Follow Me\n|move|p1a: Poliwrath|Belly Drum|p1a: Poliwrath\n|-damage|p1a: Poliwrath|38\/100\n|-setboost|p1a: Poliwrath|atk|6|[from] move: Belly Drum\n|move|p2a: Mew|Sand Tomb|p1b: Maushold\n|-crit|p1b: Maushold\n|-damage|p1b: Maushold|41\/100\n|move|p2b: Appletun|Apple Acid|p1b: Maushold\n|-damage|p1b: Maushold|15\/100\n|-unboost|p1b: Maushold|spd|1\n|\n|-weather|RainDance|[upkeep]\n|-heal|p2a: Mew|100\/100|[from] item: Leftovers\n|-damage|p1a: Poliwrath|26\/100|[from] Leech Seed|[of] p2b: Appletun\n|-damage|p1b: Maushold|3\/100|[from] Leech Seed|[of] p2b: Appletun\n|-damage|p1b: Maushold|0 fnt|[from] move: Fire Spin|[partiallytrapped]\n|faint|p1b: Maushold\n|upkeep\n|\n|t:|1700617997\n|switch|p1b: Chien-Pao|Chien-Pao|100\/100\n|-ability|p1b: Chien-Pao|Sword of Ruin\n|turn|4\n|\n|t:|1700618015\n|move|p1b: Chien-Pao|Sucker Punch|p2a: Mew\n|-supereffective|p2a: Mew\n|-damage|p2a: Mew|0 fnt\n|faint|p2a: Mew\n|-damage|p1b: Chien-Pao|91\/100|[from] item: Life Orb\n|move|p1a: Poliwrath|Drain Punch|p2b: Appletun\n|-damage|p2b: Appletun|0 fnt\n|-heal|p1a: Poliwrath|91\/100|[from] drain|[of] p2b: Appletun\n|faint|p2b: Appletun\n|\n|-weather|RainDance|[upkeep]\n|upkeep\n|\n|t:|1700618026\n|switch|p2a: Gothorita|Gothorita, F|100\/100\n|switch|p2b: Ursaluna|Ursaluna-Bloodmoon, M|100\/100\n|-item|p1a: Poliwrath|Aguav Berry|[from] ability: Frisk|[of] p2a: Gothorita|[identify]\n|-item|p1b: Chien-Pao|Life Orb|[from] ability: Frisk|[of] p2a: Gothorita|[identify]\n|turn|5\n|\n|t:|1700618042\n|-terastallize|p2b: Ursaluna|Ghost\n|move|p1a: Poliwrath|Drain Punch|p2b: Ursaluna\n|-immune|p2b: Ursaluna\n|move|p1b: Chien-Pao|Ice Spinner|p2b: Ursaluna\n|-damage|p2b: Ursaluna|51\/100\n|-damage|p1b: Chien-Pao|81\/100|[from] item: Life Orb\n|move|p2a: Gothorita|Future Sight|p1a: Poliwrath\n|-start|p2a: Gothorita|move: Future Sight\n|move|p2b: Ursaluna|Moonblast|p1a: Poliwrath\n|-supereffective|p1a: Poliwrath\n|-damage|p1a: Poliwrath|38\/100\n|\n|-weather|RainDance|[upkeep]\n|-damage|p1a: Poliwrath|26\/100|[from] Leech Seed|[of] p2b: Ursaluna\n|-heal|p2b: Ursaluna|60\/100|[silent]\n|upkeep\n|turn|6\n|\n|t:|1700618067\n|move|p1b: Chien-Pao|Sucker Punch|p2b: Ursaluna\n|-supereffective|p2b: Ursaluna\n|-damage|p2b: Ursaluna|0 fnt\n|faint|p2b: Ursaluna\n|-damage|p1b: Chien-Pao|71\/100|[from] item: Life Orb\n|move|p1a: Poliwrath|Liquidation|p2a: Gothorita\n|-damage|p2a: Gothorita|0 fnt\n|faint|p2a: Gothorita\n|\n|-weather|RainDance|[upkeep]\n|upkeep\n|\n|t:|1700618072\n|switch|p2a: Arcanine|Arcanine-Hisui, M|100\/100\n|switch|p2b: Amoonguss|Amoonguss, F|100\/100\n|turn|7\n|\n|t:|1700618084\n|move|p1a: Poliwrath|Liquidation|p2a: Arcanine\n|-supereffective|p2a: Arcanine\n|-damage|p2a: Arcanine|0 fnt\n|faint|p2a: Arcanine\n|move|p1b: Chien-Pao|Ice Spinner|p2b: Amoonguss\n|-supereffective|p2b: Amoonguss\n|-damage|p2b: Amoonguss|0 fnt\n|faint|p2b: Amoonguss\n|-damage|p1b: Chien-Pao|61\/100|[from] item: Life Orb\n|\n|win|TheHighGroun20\n|raw|TheHighGroun20's rating: 1094 &rarr; <strong>1125<\/strong><br \/>(+31 for winning)\n|raw|icantanyofanythinf's rating: 1159 &rarr; <strong>1129<\/strong><br \/>(-30 for losing)\n|c|\u2606TheHighGroun20|gg\n|l|\u2606icantanyofanythinf\n","uploadtime":1700618385,"views":1,"p1id":"thehighgroun20","p2id":"icantanyofanythinf","formatid":"gen9doublesou","rating":1125,"private":0,"password":""}