{"id":"gen9doublesou-1998598046","p1":"Dante vail","p2":"hmercury","format":"[Gen 9] Doubles OU","log":"|j|\u2606Dante vail\n|j|\u2606hmercury\n|t:|1700961112\n|gametype|doubles\n|player|p1|Dante vail|102|1386\n|player|p2|hmercury|valerie|1333\n|teamsize|p1|6\n|teamsize|p2|6\n|gen|9\n|tier|[Gen 9] Doubles OU\n|rated|\n|rule|Species Clause: Limit one of each Pok\u00e9mon\n|rule|OHKO Clause: OHKO moves are banned\n|rule|Evasion Moves Clause: Evasion moves are banned\n|rule|Gravity Sleep Clause: The combination of sleep-inducing moves with imperfect accuracy and Gravity or Gigantamax Orbeetle are banned\n|rule|Endless Battle Clause: Forcing endless battles is banned\n|rule|HP Percentage Mod: HP is shown in percentages\n|clearpoke\n|poke|p1|Moltres-Galar|\n|poke|p1|Cresselia, F|\n|poke|p1|Sinistcha|\n|poke|p1|Torterra, F|\n|poke|p1|Chi-Yu|\n|poke|p1|Iron Bundle|\n|poke|p2|Arcanine-Hisui, F|\n|poke|p2|Flutter Mane|\n|poke|p2|Rillaboom, F|\n|poke|p2|Chien-Pao|\n|poke|p2|Ninetales-Alola, F|\n|poke|p2|Ogerpon-Wellspring, F|\n|teampreview\n|inactive|Battle timer is ON: inactive players will automatically lose when time's up. (requested by hmercury)\n|\n|t:|1700961127\n|start\n|switch|p1a: Moltres|Moltres-Galar|100\/100\n|switch|p1b: Cresselia|Cresselia, F|100\/100\n|switch|p2a: Rillaboom|Rillaboom, F|100\/100\n|switch|p2b: Flutter Mane|Flutter Mane|100\/100\n|-fieldstart|move: Grassy Terrain|[from] ability: Grassy Surge|[of] p2a: Rillaboom\n|-enditem|p2b: Flutter Mane|Booster Energy\n|-activate|p2b: Flutter Mane|ability: Protosynthesis|[fromitem]\n|-start|p2b: Flutter Mane|protosynthesisspe\n|turn|1\n|\n|t:|1700961146\n|-terastallize|p1a: Moltres|Fairy\n|move|p2a: Rillaboom|Fake Out|p1b: Cresselia\n|-damage|p1b: Cresselia|93\/100\n|cant|p1b: Cresselia|flinch\n|move|p2b: Flutter Mane|Moonblast|p1a: Moltres\n|-damage|p1a: Moltres|58\/100\n|-unboost|p1a: Moltres|spa|1\n|move|p1a: Moltres|Nasty Plot|p1a: Moltres\n|-boost|p1a: Moltres|spa|2\n|\n|-heal|p1a: Moltres|64\/100|[from] Grassy Terrain\n|upkeep\n|turn|2\n|\n|t:|1700961161\n|move|p1b: Cresselia|Ally Switch|p1b: Cresselia\n|swap|p1b: Cresselia|0|[from] move: Ally Switch\n|move|p2b: Flutter Mane|Icy Wind|p1a: Cresselia|[spread] p1a,p1b\n|-damage|p1a: Cresselia|85\/100\n|-damage|p1b: Moltres|50\/100\n|-unboost|p1a: Cresselia|spe|1\n|-unboost|p1b: Moltres|spe|1\n|-ability|p1b: Moltres|Berserk|boost\n|-boost|p1b: Moltres|spa|1\n|-enditem|p1b: Moltres|Sitrus Berry|[eat]\n|-heal|p1b: Moltres|75\/100|[from] item: Sitrus Berry\n|move|p2a: Rillaboom|Taunt|p1b: Moltres\n|-start|p1b: Moltres|move: Taunt\n|move|p1b: Moltres|Fiery Wrath|p2a: Rillaboom|[spread] p2a,p2b\n|-crit|p2a: Rillaboom\n|-damage|p2a: Rillaboom|22\/100\n|-damage|p2b: Flutter Mane|44\/100\n|\n|-heal|p2b: Flutter Mane|50\/100|[from] Grassy Terrain\n|-heal|p2a: Rillaboom|28\/100|[from] Grassy Terrain\n|-heal|p2a: Rillaboom|35\/100|[from] item: Leftovers\n|-heal|p1b: Moltres|81\/100|[from] Grassy Terrain\n|upkeep\n|turn|3\n|\n|t:|1700961188\n|move|p2b: Flutter Mane|Shadow Ball|p1b: Moltres\n|-damage|p1b: Moltres|47\/100\n|-ability|p1b: Moltres|Berserk|boost\n|-boost|p1b: Moltres|spa|1\n|move|p2a: Rillaboom|U-turn|p1a: Cresselia\n|-supereffective|p1a: Cresselia\n|-damage|p1a: Cresselia|54\/100\n|\n|t:|1700961196\n|switch|p2a: Ninetales|Ninetales-Alola, F, shiny|100\/100|[from] U-turn\n|-weather|Snow|[from] ability: Snow Warning|[of] p2a: Ninetales\n|move|p1b: Moltres|Fiery Wrath|p2b: Flutter Mane|[spread] p2a,p2b\n|-resisted|p2a: Ninetales\n|-damage|p2a: Ninetales|62\/100\n|-damage|p2b: Flutter Mane|0 fnt\n|faint|p2b: Flutter Mane\n|-end|p2b: Flutter Mane|Protosynthesis|[silent]\n|move|p1a: Cresselia|Psychic|p2a: Ninetales\n|-damage|p2a: Ninetales|37\/100\n|\n|-weather|Snow|[upkeep]\n|-heal|p2a: Ninetales|43\/100|[from] Grassy Terrain\n|-heal|p1b: Moltres|53\/100|[from] Grassy Terrain\n|upkeep\n|\n|t:|1700961205\n|switch|p2b: Arcanine|Arcanine-Hisui, F|100\/100\n|-ability|p2b: Arcanine|Intimidate|boost\n|-unboost|p1a: Cresselia|atk|1\n|-unboost|p1b: Moltres|atk|1\n|turn|4\n|\n|t:|1700961224\n|-terastallize|p2b: Arcanine|Steel\n|move|p1a: Cresselia|Ally Switch|p1a: Cresselia\n|swap|p1a: Cresselia|1|[from] move: Ally Switch\n|move|p2a: Ninetales|Aurora Veil|p2a: Ninetales\n|-sidestart|p2: hmercury|move: Aurora Veil\n|move|p2b: Arcanine|Iron Head|p1b: Cresselia\n|-damage|p1b: Cresselia|21\/100\n|move|p1a: Moltres|Tera Blast|p2a: Ninetales|[anim] Tera Blast Fairy\n|-damage|p2a: Ninetales|0 fnt\n|faint|p2a: Ninetales\n|\n|-weather|Snow|[upkeep]\n|-heal|p1a: Moltres|59\/100|[from] Grassy Terrain\n|-end|p1a: Moltres|move: Taunt\n|upkeep\n|\n|t:|1700961239\n|switch|p2a: Rillaboom|Rillaboom, F|35\/100\n|turn|5\n|\n|t:|1700961248\n|move|p1a: Moltres|Protect|p1a: Moltres\n|-singleturn|p1a: Moltres|Protect\n|move|p2a: Rillaboom|Fake Out|p1b: Cresselia\n|-damage|p1b: Cresselia|12\/100\n|move|p2b: Arcanine|Iron Head|p1a: Moltres\n|-activate|p1a: Moltres|move: Protect\n|cant|p1b: Cresselia|flinch\n|\n|-weather|Snow|[upkeep]\n|-heal|p2a: Rillaboom|41\/100|[from] Grassy Terrain\n|-heal|p2a: Rillaboom|47\/100|[from] item: Leftovers\n|-heal|p1a: Moltres|65\/100|[from] Grassy Terrain\n|-fieldend|move: Grassy Terrain\n|upkeep\n|turn|6\n|\n|t:|1700961271\n|move|p1b: Cresselia|Ally Switch|p1b: Cresselia\n|swap|p1b: Cresselia|0|[from] move: Ally Switch\n|move|p2b: Arcanine|Iron Head|p1a: Cresselia\n|-damage|p1a: Cresselia|0 fnt\n|faint|p1a: Cresselia\n|move|p2a: Rillaboom|U-turn|p1b: Moltres\n|-resisted|p1b: Moltres\n|-damage|p1b: Moltres|52\/100\n|\n|t:|1700961278\n|switch|p2a: Ogerpon|Ogerpon-Wellspring, F|100\/100|[from] U-turn\n|move|p1b: Moltres|Fiery Wrath|p2b: Arcanine|[spread] p2a,p2b\n|-damage|p2a: Ogerpon|40\/100\n|-damage|p2b: Arcanine|35\/100\n|\n|-weather|Snow|[upkeep]\n|upkeep\n|\n|t:|1700961290\n|switch|p1a: Sinistcha|Sinistcha|100\/100\n|-heal|p1b: Moltres|77\/100|[from] ability: Hospitality|[of] p1a: Sinistcha\n|turn|7\n|\n|t:|1700961298\n|move|p1a: Sinistcha|Rage Powder|p1a: Sinistcha\n|-singleturn|p1a: Sinistcha|move: Rage Powder\n|move|p2a: Ogerpon|Knock Off|p1a: Sinistcha\n|-supereffective|p1a: Sinistcha\n|-damage|p1a: Sinistcha|48\/100\n|-enditem|p1a: Sinistcha|Leftovers|[from] move: Knock Off|[of] p2a: Ogerpon\n|move|p2b: Arcanine|Iron Head|p1a: Sinistcha\n|-damage|p1a: Sinistcha|6\/100\n|move|p1b: Moltres|Fiery Wrath|p2b: Arcanine|[spread] p2a,p2b\n|-crit|p2a: Ogerpon\n|-damage|p2a: Ogerpon|0 fnt\n|-damage|p2b: Arcanine|0 fnt\n|faint|p2a: Ogerpon\n|faint|p2b: Arcanine\n|\n|-weather|none\n|upkeep\n|\n|t:|1700961312\n|switch|p2a: Chien-Pao|Chien-Pao|100\/100\n|switch|p2b: Rillaboom|Rillaboom, F|47\/100\n|-ability|p2a: Chien-Pao|Sword of Ruin\n|-fieldstart|move: Grassy Terrain|[from] ability: Grassy Surge|[of] p2b: Rillaboom\n|turn|8\n|\n|t:|1700961328\n|move|p2b: Rillaboom|Fake Out|p1b: Moltres\n|-damage|p1b: Moltres|58\/100\n|move|p2a: Chien-Pao|Icicle Crash|p1b: Moltres\n|-damage|p1b: Moltres|0 fnt\n|faint|p1b: Moltres\n|-damage|p2a: Chien-Pao|91\/100|[from] item: Life Orb\n|move|p1a: Sinistcha|Life Dew|p1a: Sinistcha\n|-heal|p1a: Sinistcha|31\/100\n|\n|-heal|p2a: Chien-Pao|97\/100|[from] Grassy Terrain\n|-heal|p2b: Rillaboom|53\/100|[from] Grassy Terrain\n|-heal|p2b: Rillaboom|59\/100|[from] item: Leftovers\n|-heal|p1a: Sinistcha|37\/100|[from] Grassy Terrain\n|upkeep\n|\n|t:|1700961342\n|switch|p1b: Chi-Yu|Chi-Yu|100\/100\n|-ability|p1b: Chi-Yu|Beads of Ruin\n|turn|9\n|\n|t:|1700961359\n|move|p1b: Chi-Yu|Heat Wave|p2a: Chien-Pao|[spread] p2a,p2b\n|-supereffective|p2a: Chien-Pao\n|-supereffective|p2b: Rillaboom\n|-damage|p2a: Chien-Pao|0 fnt\n|-damage|p2b: Rillaboom|0 fnt\n|faint|p2a: Chien-Pao\n|faint|p2b: Rillaboom\n|\n|win|Dante vail\n|raw|Dante vail's rating: 1386 &rarr; <strong>1403<\/strong><br \/>(+17 for winning)\n|raw|hmercury's rating: 1333 &rarr; <strong>1316<\/strong><br \/>(-17 for losing)\n|l|\u2606hmercury\n","uploadtime":1700961503,"views":49,"p1id":"dantevail","p2id":"hmercury","formatid":"gen9doublesou","rating":1316,"private":0,"password":""}