{"id":"gen9doublesou-1993191988","p1":"DracoAxel","p2":"CrisWWE","format":"[Gen 9] Doubles OU","log":"|j|\u2606DracoAxel\n|j|\u2606CrisWWE\n|t:|1700276099\n|gametype|doubles\n|player|p1|DracoAxel|nate|\n|player|p2|CrisWWE|shadowtriad|\n|teamsize|p1|6\n|teamsize|p2|6\n|gen|9\n|tier|[Gen 9] Doubles OU\n|rule|Species Clause: Limit one of each Pok\u00e9mon\n|rule|OHKO Clause: OHKO moves are banned\n|rule|Evasion Moves Clause: Evasion moves are banned\n|rule|Gravity Sleep Clause: The combination of sleep-inducing moves with imperfect accuracy and Gravity or Gigantamax Orbeetle are banned\n|rule|Endless Battle Clause: Forcing endless battles is banned\n|rule|HP Percentage Mod: HP is shown in percentages\n|clearpoke\n|poke|p1|Iron Bundle|\n|poke|p1|Pincurchin, F|\n|poke|p1|Ninetales-Alola, M|\n|poke|p1|Iron Hands|\n|poke|p1|Iron Valiant|\n|poke|p1|Skeledirge, M|\n|poke|p2|Sinistcha-Masterpiece|\n|poke|p2|Garchomp, M|\n|poke|p2|Moltres-Galar|\n|poke|p2|Zoroark-Hisui, F|\n|poke|p2|Sableye, F|\n|poke|p2|Tornadus, M|\n|teampreview\n|\n|t:|1700276113\n|start\n|switch|p1a: Ninetales|Ninetales-Alola, M|100\/100\n|switch|p1b: Iron Bundle|Iron Bundle|100\/100\n|switch|p2a: Tornadus|Tornadus, M|100\/100\n|switch|p2b: Moltres|Moltres-Galar|100\/100\n|-weather|Snow|[from] ability: Snow Warning|[of] p1a: Ninetales\n|turn|1\n|\n|t:|1700276123\n|-terastallize|p2b: Moltres|Steel\n|move|p2a: Tornadus|Taunt|p1a: Ninetales\n|-start|p1a: Ninetales|move: Taunt\n|move|p1b: Iron Bundle|Blizzard|p2a: Tornadus|[spread] p2a,p2b\n|-supereffective|p2a: Tornadus\n|-resisted|p2b: Moltres\n|-damage|p2a: Tornadus|0 fnt\n|-damage|p2b: Moltres|76\/100\n|faint|p2a: Tornadus\n|move|p2b: Moltres|Nasty Plot|p2b: Moltres\n|-boost|p2b: Moltres|spa|2\n|cant|p1a: Ninetales|move: Taunt|Aurora Veil\n|\n|-weather|Snow|[upkeep]\n|upkeep\n|\n|t:|1700276139\n|switch|p2a: Sableye|Sableye, F|100\/100\n|turn|2\n|\n|t:|1700276151\n|switch|p1a: Pincurchin|Pincurchin, F|100\/100\n|-fieldstart|move: Electric Terrain|[from] ability: Electric Surge|[of] p1a: Pincurchin\n|-activate|p1b: Iron Bundle|ability: Quark Drive\n|-start|p1b: Iron Bundle|quarkdrivespe\n|move|p1b: Iron Bundle|Blizzard|p2b: Moltres|[spread] p2a,p2b\n|-resisted|p2b: Moltres\n|-enditem|p2a: Sableye|Focus Sash\n|-damage|p2a: Sableye|1\/100\n|-damage|p2b: Moltres|46\/100\n|-status|p2a: Sableye|frz\n|replace|p2a: Zoroark|Zoroark-Hisui, F\n|-end|p2a: Zoroark|Illusion\n|-ability|p2b: Moltres|Berserk|boost\n|-boost|p2b: Moltres|spa|1\n|-enditem|p2b: Moltres|Sitrus Berry|[eat]\n|-heal|p2b: Moltres|71\/100|[from] item: Sitrus Berry\n|cant|p2a: Zoroark|frz\n|move|p2b: Moltres|Fiery Wrath|p1b: Iron Bundle|[spread] p1a,p1b\n|-damage|p1a: Pincurchin|10\/100\n|-damage|p1b: Iron Bundle|0 fnt\n|faint|p1b: Iron Bundle\n|-end|p1b: Iron Bundle|Quark Drive|[silent]\n|\n|-weather|Snow|[upkeep]\n|upkeep\n|\n|t:|1700276172\n|switch|p1b: Iron Valiant|Iron Valiant|100\/100\n|-activate|p1b: Iron Valiant|ability: Quark Drive\n|-start|p1b: Iron Valiant|quarkdrivespe\n|turn|3\n|\n|t:|1700276188\n|move|p1b: Iron Valiant|Dazzling Gleam|p2a: Zoroark|[spread] p2a,p2b\n|-resisted|p2b: Moltres\n|-damage|p2a: Zoroark|0 fnt\n|-damage|p2b: Moltres|53\/100\n|faint|p2a: Zoroark\n|move|p2b: Moltres|Air Slash|p1b: Iron Valiant\n|-supereffective|p1b: Iron Valiant\n|-damage|p1b: Iron Valiant|0 fnt\n|faint|p1b: Iron Valiant\n|-end|p1b: Iron Valiant|Quark Drive|[silent]\n|move|p1a: Pincurchin|Toxic Spikes|p2b: Moltres\n|-sidestart|p2: CrisWWE|move: Toxic Spikes\n|\n|-weather|Snow|[upkeep]\n|upkeep\n|\n|t:|1700276203\n|switch|p1b: Skeledirge|Skeledirge, M|100\/100\n|switch|p2a: Garchomp|Garchomp, M|100\/100\n|-status|p2a: Garchomp|psn\n|turn|4\n|\n|t:|1700276217\n|move|p2a: Garchomp|Swords Dance|p2a: Garchomp\n|-boost|p2a: Garchomp|atk|2\n|move|p2b: Moltres|Fiery Wrath|p1a: Pincurchin|[spread] p1a,p1b\n|-supereffective|p1b: Skeledirge\n|-damage|p1a: Pincurchin|0 fnt\n|-damage|p1b: Skeledirge|48\/100\n|faint|p1a: Pincurchin\n|move|p1b: Skeledirge|Heat Wave|p2b: Moltres|[spread] p2a\n|-miss|p1b: Skeledirge|p2b: Moltres\n|-resisted|p2a: Garchomp\n|-damage|p2a: Garchomp|83\/100 psn\n|\n|-weather|Snow|[upkeep]\n|-damage|p2a: Garchomp|71\/100 psn|[from] psn\n|upkeep\n|\n|t:|1700276229\n|switch|p1a: Iron Hands|Iron Hands|100\/100\n|-activate|p1a: Iron Hands|ability: Quark Drive\n|-start|p1a: Iron Hands|quarkdriveatk\n|turn|5\n|\n|t:|1700276242\n|move|p1a: Iron Hands|Fake Out|p2b: Moltres\n|-resisted|p2b: Moltres\n|-damage|p2b: Moltres|42\/100\n|-ability|p2b: Moltres|Berserk|boost\n|-boost|p2b: Moltres|spa|1\n|move|p2a: Garchomp|Scale Shot|p1a: Iron Hands\n|-damage|p1a: Iron Hands|81\/100\n|-damage|p1a: Iron Hands|62\/100\n|-damage|p1a: Iron Hands|44\/100\n|-damage|p1a: Iron Hands|26\/100\n|-damage|p1a: Iron Hands|7\/100\n|-hitcount|p1a: Iron Hands|5\n|-unboost|p2a: Garchomp|def|1\n|-boost|p2a: Garchomp|spe|1\n|cant|p2b: Moltres|flinch\n|move|p1b: Skeledirge|Hex|p2a: Garchomp\n|-damage|p2a: Garchomp|7\/100 psn\n|\n|-weather|none\n|-damage|p2a: Garchomp|0 fnt|[from] psn\n|faint|p2a: Garchomp\n|upkeep\n|\n|t:|1700276255\n|switch|p2a: Sinistcha|Sinistcha-Masterpiece|100\/100\n|-status|p2a: Sinistcha|psn\n|-heal|p2b: Moltres|67\/100|[from] ability: Hospitality|[of] p2a: Sinistcha\n|turn|6\n|\n|t:|1700276273\n|-end|p1a: Iron Hands|Quark Drive|[silent]\n|switch|p1a: Ninetales|Ninetales-Alola, M|100\/100\n|-weather|Snow|[from] ability: Snow Warning|[of] p1a: Ninetales\n|move|p2b: Moltres|Fiery Wrath|p1a: Ninetales|[spread] p1a,p1b\n|-resisted|p1a: Ninetales\n|-supereffective|p1b: Skeledirge\n|-damage|p1a: Ninetales|57\/100\n|-damage|p1b: Skeledirge|0 fnt\n|faint|p1b: Skeledirge\n|move|p2a: Sinistcha|Life Dew||[still]|[spread] p2a,p2b\n|-fail|p2a: Sinistcha|heal\n|-heal|p2b: Moltres|91\/100\n|\n|-weather|Snow|[upkeep]\n|-damage|p2a: Sinistcha|88\/100 psn|[from] psn\n|upkeep\n|\n|t:|1700276281\n|switch|p1b: Iron Hands|Iron Hands|7\/100\n|-activate|p1b: Iron Hands|ability: Quark Drive\n|-start|p1b: Iron Hands|quarkdriveatk\n|turn|7\n|\n|t:|1700276298\n|move|p2a: Sinistcha|Rage Powder|p2a: Sinistcha\n|-singleturn|p2a: Sinistcha|move: Rage Powder\n|move|p2b: Moltres|Tera Blast|p1a: Ninetales|[anim] Tera Blast Steel\n|-supereffective|p1a: Ninetales\n|-damage|p1a: Ninetales|0 fnt\n|faint|p1a: Ninetales\n|move|p1b: Iron Hands|Earthquake|p2a: Sinistcha|[spread] p2a,p2b\n|-resisted|p2a: Sinistcha\n|-supereffective|p2b: Moltres\n|-damage|p2a: Sinistcha|75\/100 psn\n|-damage|p2b: Moltres|0 fnt\n|faint|p2b: Moltres\n|\n|-weather|Snow|[upkeep]\n|-heal|p2a: Sinistcha|81\/100 psn|[from] item: Leftovers\n|-damage|p2a: Sinistcha|69\/100 psn|[from] psn\n|upkeep\n|\n|t:|1700276312\n|switch|p2b: Sableye|Sableye, F|100\/100\n|-status|p2b: Sableye|psn\n|turn|8\n|\n|t:|1700276321\n|move|p2a: Sinistcha|Matcha Gotcha|p1b: Iron Hands\n|-damage|p1b: Iron Hands|0 fnt\n|-heal|p2a: Sinistcha|73\/100 psn|[from] drain|[of] p1b: Iron Hands\n|faint|p1b: Iron Hands\n|-end|p1b: Iron Hands|Quark Drive|[silent]\n|\n|win|CrisWWE\n|l|\u2606DracoAxel\n","uploadtime":1700276330,"views":11,"p1id":"dracoaxel","p2id":"criswwe","formatid":"gen9doublesou","rating":0,"private":0,"password":""}