{"id":"gen9doublesou-1993895471","p1":"windsage35","p2":"Secks_Robot","format":"[Gen 9] Doubles OU","log":"|j|\u2606windsage35\n|j|\u2606Secks_Robot\n|t:|1700371543\n|gametype|doubles\n|player|p1|windsage35|265|1052\n|player|p2|Secks_Robot|hilda|1000\n|teamsize|p1|6\n|teamsize|p2|6\n|gen|9\n|tier|[Gen 9] Doubles OU\n|rated|\n|rule|Species Clause: Limit one of each Pok\u00e9mon\n|rule|OHKO Clause: OHKO moves are banned\n|rule|Evasion Moves Clause: Evasion moves are banned\n|rule|Gravity Sleep Clause: The combination of sleep-inducing moves with imperfect accuracy and Gravity or Gigantamax Orbeetle are banned\n|rule|Endless Battle Clause: Forcing endless battles is banned\n|rule|HP Percentage Mod: HP is shown in percentages\n|clearpoke\n|poke|p1|Lucario, F|\n|poke|p1|Decidueye, F|\n|poke|p1|Salamence, M|\n|poke|p1|Grimmsnarl, M|\n|poke|p1|Typhlosion-Hisui, F|\n|poke|p1|Walking Wake|\n|poke|p2|Chi-Yu|\n|poke|p2|Flutter Mane|\n|poke|p2|Ursaluna, M|\n|poke|p2|Pawmot, F|\n|poke|p2|Palafin, M|\n|poke|p2|Landorus-Therian, M|\n|teampreview\n|\n|t:|1700371577\n|start\n|switch|p1a: Grimmsnarl|Grimmsnarl, M|100\/100\n|switch|p1b: Lucario|Lucario, F, shiny|100\/100\n|switch|p2a: Palafin|Palafin, M|100\/100\n|switch|p2b: Pawmot|Pawmot, F|100\/100\n|turn|1\n|inactive|Battle timer is ON: inactive players will automatically lose when time's up. (requested by windsage35)\n|\n|t:|1700371616\n|detailschange|p2a: Palafin|Palafin-Hero, M\n|switch|p2a: Ursaluna|Ursaluna, M|100\/100\n|move|p1a: Grimmsnarl|Fake Out|p2b: Pawmot\n|-damage|p2b: Pawmot|87\/100\n|cant|p2b: Pawmot|flinch\n|move|p1b: Lucario|Swords Dance|p1b: Lucario\n|-boost|p1b: Lucario|atk|2\n|\n|-status|p2a: Ursaluna|brn|[from] item: Flame Orb\n|upkeep\n|turn|2\n|inactive|Secks_Robot has 120 seconds left.\n|\n|t:|1700371651\n|move|p1a: Grimmsnarl|Reflect|p1a: Grimmsnarl\n|-sidestart|p1: windsage35|Reflect\n|move|p2b: Pawmot|Encore|p1a: Grimmsnarl\n|-start|p1a: Grimmsnarl|Encore\n|-enditem|p1a: Grimmsnarl|Mental Herb\n|-end|p1a: Grimmsnarl|Encore\n|move|p1b: Lucario|Earthquake|p2b: Pawmot|[spread] p1a,p2a,p2b\n|-supereffective|p2b: Pawmot\n|-damage|p1a: Grimmsnarl|61\/100\n|-damage|p2a: Ursaluna|70\/100 brn\n|-damage|p2b: Pawmot|0 fnt\n|faint|p2b: Pawmot\n|move|p2a: Ursaluna|Headlong Rush|p1b: Lucario\n|-supereffective|p1b: Lucario\n|-crit|p1b: Lucario\n|-enditem|p1b: Lucario|Focus Sash\n|-damage|p1b: Lucario|1\/100\n|-unboost|p2a: Ursaluna|def|1\n|-unboost|p2a: Ursaluna|spd|1\n|\n|-damage|p2a: Ursaluna|63\/100 brn|[from] brn\n|upkeep\n|inactive|Secks_Robot has 120 seconds left.\n|\n|t:|1700371671\n|switch|p2b: Palafin|Palafin-Hero, M|100\/100\n|-activate|p2b: Palafin|ability: Zero to Hero\n|turn|3\n|inactive|Secks_Robot has 120 seconds left.\n|\n|t:|1700371692\n|move|p1a: Grimmsnarl|Protect|p1a: Grimmsnarl\n|-singleturn|p1a: Grimmsnarl|Protect\n|move|p2b: Palafin|Jet Punch|p1b: Lucario\n|-damage|p1b: Lucario|0 fnt\n|faint|p1b: Lucario\n|move|p2a: Ursaluna|Facade|p1a: Grimmsnarl\n|-activate|p1a: Grimmsnarl|move: Protect\n|\n|-damage|p2a: Ursaluna|57\/100 brn|[from] brn\n|upkeep\n|\n|t:|1700371705\n|switch|p1b: Decidueye|Decidueye, F|100\/100\n|turn|4\n|inactive|Secks_Robot has 120 seconds left.\n|\n|t:|1700371746\n|switch|p1a: Salamence|Salamence, M|100\/100\n|-ability|p1a: Salamence|Intimidate|boost\n|-unboost|p2a: Ursaluna|atk|1\n|-unboost|p2b: Palafin|atk|1\n|move|p2b: Palafin|Ice Punch|p1b: Decidueye\n|-supereffective|p1b: Decidueye\n|-damage|p1b: Decidueye|59\/100\n|move|p1b: Decidueye|Tailwind|p1b: Decidueye\n|-sidestart|p1: windsage35|move: Tailwind\n|move|p2a: Ursaluna|Facade|p1a: Salamence\n|-damage|p1a: Salamence|36\/100\n|\n|-damage|p2a: Ursaluna|51\/100 brn|[from] brn\n|upkeep\n|turn|5\n|inactive|Secks_Robot has 120 seconds left.\n|\n|t:|1700371787\n|switch|p2a: Landorus|Landorus-Therian, M|100\/100\n|-ability|p2a: Landorus|Intimidate|boost\n|-unboost|p1a: Salamence|atk|1\n|-unboost|p1b: Decidueye|atk|1\n|-enditem|p1b: Decidueye|White Herb\n|-clearnegativeboost|p1b: Decidueye|[silent]\n|move|p1a: Salamence|Hydro Pump|p2a: Landorus\n|-supereffective|p2a: Landorus\n|-damage|p2a: Landorus|0 fnt\n|faint|p2a: Landorus\n|move|p1b: Decidueye|Leaf Storm|p2b: Palafin\n|-supereffective|p2b: Palafin\n|-damage|p2b: Palafin|12\/100\n|-unboost|p1b: Decidueye|spa|2\n|move|p2b: Palafin|Ice Punch|p1a: Salamence\n|-supereffective|p1a: Salamence\n|-damage|p1a: Salamence|0 fnt\n|faint|p1a: Salamence\n|\n|upkeep\n|\n|t:|1700371817\n|switch|p1a: Typhlosion|Typhlosion-Hisui, F|100\/100\n|switch|p2a: Chi-Yu|Chi-Yu|100\/100\n|-ability|p2a: Chi-Yu|Beads of Ruin\n|turn|6\n|inactive|Secks_Robot has 120 seconds left.\n|inactive|windsage35 has 120 seconds left.\n|\n|t:|1700371856\n|switch|p1b: Grimmsnarl|Grimmsnarl, M|61\/100\n|-terastallize|p1a: Typhlosion|Water\n|move|p2b: Palafin|Jet Punch|p1a: Typhlosion\n|-resisted|p1a: Typhlosion\n|-damage|p1a: Typhlosion|89\/100\n|move|p1a: Typhlosion|Tera Blast|p2a: Chi-Yu|[anim] Tera Blast Water\n|-supereffective|p2a: Chi-Yu\n|-damage|p2a: Chi-Yu|7\/100\n|move|p2a: Chi-Yu|Burning Jealousy|p1a: Typhlosion|[spread] p1a,p1b\n|-resisted|p1a: Typhlosion\n|-damage|p1a: Typhlosion|61\/100\n|-damage|p1b: Grimmsnarl|19\/100\n|\n|-sideend|p1: windsage35|Reflect\n|upkeep\n|turn|7\n|inactive|Secks_Robot has 120 seconds left.\n|inactive|windsage35 has 120 seconds left.\n|\n|t:|1700371884\n|move|p2a: Chi-Yu|Protect|p2a: Chi-Yu\n|-singleturn|p2a: Chi-Yu|Protect\n|move|p1b: Grimmsnarl|Fake Out|p2b: Palafin\n|-damage|p2b: Palafin|2\/100\n|cant|p2b: Palafin|flinch\n|move|p1a: Typhlosion|Tera Blast|p2a: Chi-Yu|[anim] Tera Blast Water\n|-activate|p2a: Chi-Yu|move: Protect\n|\n|-sideend|p1: windsage35|move: Tailwind\n|upkeep\n|turn|8\n|inactive|Secks_Robot has 120 seconds left.\n|\n|t:|1700371904\n|move|p2b: Palafin|Jet Punch|p1b: Grimmsnarl\n|-damage|p1b: Grimmsnarl|0 fnt\n|faint|p1b: Grimmsnarl\n|move|p1a: Typhlosion|Tera Blast|p2a: Chi-Yu|[anim] Tera Blast Water\n|-supereffective|p2a: Chi-Yu\n|-damage|p2a: Chi-Yu|0 fnt\n|faint|p2a: Chi-Yu\n|\n|upkeep\n|\n|t:|1700371919\n|switch|p2a: Flutter Mane|Flutter Mane|100\/100\n|switch|p1b: Decidueye|Decidueye, F|59\/100\n|-enditem|p2a: Flutter Mane|Booster Energy\n|-activate|p2a: Flutter Mane|ability: Protosynthesis|[fromitem]\n|-start|p2a: Flutter Mane|protosynthesisspa\n|turn|9\n|inactive|Secks_Robot has 120 seconds left.\n|\n|t:|1700371965\n|move|p2b: Palafin|Jet Punch|p1a: Typhlosion\n|-resisted|p1a: Typhlosion\n|-damage|p1a: Typhlosion|45\/100\n|move|p2a: Flutter Mane|Moonblast|p1a: Typhlosion\n|-damage|p1a: Typhlosion|0 fnt\n|faint|p1a: Typhlosion\n|move|p1b: Decidueye|Shadow Ball|p2b: Palafin\n|-damage|p2b: Palafin|0 fnt\n|faint|p2b: Palafin\n|\n|upkeep\n|inactive|Secks_Robot has 120 seconds left.\n|\n|t:|1700371975\n|switch|p2b: Ursaluna|Ursaluna, M|51\/100 brn\n|switch|p1a: Walking Wake|Walking Wake|100\/100\n|-enditem|p1a: Walking Wake|Booster Energy\n|-activate|p1a: Walking Wake|ability: Protosynthesis|[fromitem]\n|-start|p1a: Walking Wake|protosynthesisspe\n|turn|10\n|inactive|Secks_Robot has 120 seconds left.\n|\n|t:|1700372010\n|-terastallize|p2a: Flutter Mane|Grass\n|move|p2b: Ursaluna|Protect|p2b: Ursaluna\n|-singleturn|p2b: Ursaluna|Protect\n|move|p1a: Walking Wake|Hydro Steam|p2b: Ursaluna\n|-activate|p2b: Ursaluna|move: Protect\n|move|p2a: Flutter Mane|Moonblast|p1a: Walking Wake\n|-supereffective|p1a: Walking Wake\n|-damage|p1a: Walking Wake|0 fnt\n|faint|p1a: Walking Wake\n|-end|p1a: Walking Wake|Protosynthesis|[silent]\n|move|p1b: Decidueye|Shadow Ball|p2a: Flutter Mane\n|-damage|p2a: Flutter Mane|63\/100\n|\n|-damage|p2b: Ursaluna|45\/100 brn|[from] brn\n|upkeep\n|turn|11\n|inactive|Secks_Robot has 120 seconds left.\n|\n|t:|1700372037\n|move|p2a: Flutter Mane|Shadow Ball|p1b: Decidueye\n|-supereffective|p1b: Decidueye\n|-damage|p1b: Decidueye|0 fnt\n|faint|p1b: Decidueye\n|\n|win|Secks_Robot\n|raw|windsage35's rating: 1052 &rarr; <strong>1032<\/strong><br \/>(-20 for losing)\n|raw|Secks_Robot's rating: 1000 &rarr; <strong>1046<\/strong><br \/>(+46 for winning)\n|l|\u2606windsage35\n","uploadtime":1700372092,"views":38,"p1id":"windsage35","p2id":"secksrobot","formatid":"gen9doublesou","rating":1032,"private":0,"password":""}