{"id":"gen9doublesou-1990743362","p1":"bigbranonbampus","p2":"Travenant Forestry","format":"[Gen 9] Doubles OU","log":"|j|\u2606bigbranonbampus\n|j|\u2606Travenant Forestry\n|t:|1699996688\n|gametype|doubles\n|player|p1|bigbranonbampus|hiker|1192\n|player|p2|Travenant Forestry|2|1138\n|teamsize|p1|6\n|teamsize|p2|6\n|gen|9\n|tier|[Gen 9] Doubles OU\n|rated|\n|rule|Species Clause: Limit one of each Pok\u00e9mon\n|rule|OHKO Clause: OHKO moves are banned\n|rule|Evasion Moves Clause: Evasion moves are banned\n|rule|Gravity Sleep Clause: The combination of sleep-inducing moves with imperfect accuracy and Gravity or Gigantamax Orbeetle are banned\n|rule|Endless Battle Clause: Forcing endless battles is banned\n|rule|HP Percentage Mod: HP is shown in percentages\n|clearpoke\n|poke|p1|Great Tusk|\n|poke|p1|Sinistcha|\n|poke|p1|Iron Moth|\n|poke|p1|Thundurus, M|\n|poke|p1|Lucario, M|\n|poke|p1|Ninetales, F|\n|poke|p2|Torkoal, M|\n|poke|p2|Scovillain, M|\n|poke|p2|Ninetales, F|\n|poke|p2|Ceruledge, M|\n|poke|p2|Chi-Yu|\n|poke|p2|Moltres|\n|teampreview\n|inactive|Battle timer is ON: inactive players will automatically lose when time's up. (requested by bigbranonbampus)\n|\n|t:|1699996700\n|start\n|switch|p1a: Iron Moth|Iron Moth|100\/100\n|switch|p1b: Thundurus|Thundurus, M|100\/100\n|switch|p2a: Ninetales|Ninetales, F, shiny|100\/100\n|switch|p2b: Ceruledge|Ceruledge, M|100\/100\n|-weather|SunnyDay|[from] ability: Drought|[of] p2a: Ninetales\n|turn|1\n|\n|t:|1699996720\n|move|p1b: Thundurus|Electric Terrain|p1b: Thundurus\n|-fieldstart|move: Electric Terrain\n|-activate|p1a: Iron Moth|ability: Quark Drive\n|-start|p1a: Iron Moth|quarkdrivespa\n|move|p1a: Iron Moth|Discharge|p2b: Ceruledge|[spread] p1b,p2a,p2b\n|-damage|p1b: Thundurus|54\/100\n|-damage|p2a: Ninetales|42\/100\n|-damage|p2b: Ceruledge|47\/100\n|-status|p2b: Ceruledge|par\n|move|p2a: Ninetales|Extrasensory|p1a: Iron Moth\n|-supereffective|p1a: Iron Moth\n|-damage|p1a: Iron Moth|61\/100\n|move|p2b: Ceruledge|Bulk Up|p2b: Ceruledge\n|-boost|p2b: Ceruledge|atk|1\n|-boost|p2b: Ceruledge|def|1\n|\n|-weather|SunnyDay|[upkeep]\n|upkeep\n|turn|2\n|\n|t:|1699996742\n|switch|p1b: Great Tusk|Great Tusk|100\/100\n|-activate|p1b: Great Tusk|ability: Protosynthesis\n|-start|p1b: Great Tusk|protosynthesisatk\n|move|p2a: Ninetales|Protect|p2a: Ninetales\n|-singleturn|p2a: Ninetales|Protect\n|move|p2b: Ceruledge|Shadow Sneak|p1a: Iron Moth\n|-damage|p1a: Iron Moth|11\/100\n|move|p1a: Iron Moth|Discharge|p2a: Ninetales|[spread] p2b\n|-activate|p2a: Ninetales|move: Protect\n|-immune|p1b: Great Tusk\n|-damage|p2b: Ceruledge|0 fnt\n|faint|p2b: Ceruledge\n|\n|-weather|SunnyDay|[upkeep]\n|upkeep\n|inactive|Travenant Forestry has 120 seconds left.\n|\n|t:|1699996761\n|switch|p2b: Scovillain|Scovillain, M|100\/100\n|turn|3\n|\n|t:|1699996774\n|move|p1b: Great Tusk|Headlong Rush|p2b: Scovillain\n|-damage|p2b: Scovillain|0 fnt\n|-unboost|p1b: Great Tusk|def|1\n|-unboost|p1b: Great Tusk|spd|1\n|faint|p2b: Scovillain\n|move|p1a: Iron Moth|Discharge|p2a: Ninetales|[spread] p2a\n|-immune|p1b: Great Tusk\n|-damage|p2a: Ninetales|0 fnt\n|faint|p2a: Ninetales\n|\n|-weather|SunnyDay|[upkeep]\n|upkeep\n|\n|t:|1699996788\n|switch|p2a: Torkoal|Torkoal, M, shiny|100\/100\n|switch|p2b: Chi-Yu|Chi-Yu|100\/100\n|-ability|p2b: Chi-Yu|Beads of Ruin\n|turn|4\n|\n|t:|1699996814\n|-terastallize|p2a: Torkoal|Grass\n|move|p1b: Great Tusk|Headlong Rush|p2b: Chi-Yu\n|-supereffective|p2b: Chi-Yu\n|-damage|p2b: Chi-Yu|0 fnt\n|-unboost|p1b: Great Tusk|def|1\n|-unboost|p1b: Great Tusk|spd|1\n|faint|p2b: Chi-Yu\n|move|p1a: Iron Moth|Discharge|p2a: Torkoal|[spread] p2a\n|-immune|p1b: Great Tusk\n|-resisted|p2a: Torkoal\n|-damage|p2a: Torkoal|75\/100\n|move|p2a: Torkoal|Solar Beam||[still]\n|-prepare|p2a: Torkoal|Solar Beam\n|-anim|p2a: Torkoal|Solar Beam|p1b: Great Tusk\n|-supereffective|p1b: Great Tusk\n|-damage|p1b: Great Tusk|0 fnt\n|faint|p1b: Great Tusk\n|-end|p1b: Great Tusk|Protosynthesis|[silent]\n|\n|-weather|SunnyDay|[upkeep]\n|upkeep\n|\n|t:|1699996835\n|switch|p2b: Moltres|Moltres, shiny|100\/100\n|switch|p1b: Sinistcha|Sinistcha|100\/100\n|-heal|p1a: Iron Moth|36\/100|[from] ability: Hospitality|[of] p1b: Sinistcha\n|turn|5\n|\n|t:|1699996853\n|move|p1a: Iron Moth|Discharge|p2b: Moltres|[spread] p1b,p2a,p2b\n|-resisted|p1b: Sinistcha\n|-resisted|p2a: Torkoal\n|-crit|p2a: Torkoal\n|-supereffective|p2b: Moltres\n|-damage|p1b: Sinistcha|68\/100\n|-damage|p2a: Torkoal|37\/100\n|-damage|p2b: Moltres|0 fnt\n|faint|p2b: Moltres\n|move|p1b: Sinistcha|Shadow Ball|p2a: Torkoal\n|-damage|p2a: Torkoal|0 fnt\n|faint|p2a: Torkoal\n|\n|win|bigbranonbampus\n|raw|bigbranonbampus's rating: 1192 &rarr; <strong>1213<\/strong><br \/>(+21 for winning)\n|raw|Travenant Forestry's rating: 1138 &rarr; <strong>1117<\/strong><br \/>(-21 for losing)\n|c|\u2606bigbranonbampus|Gg\n|c|\u2606Travenant Forestry|gg\n|l|\u2606Travenant Forestry\n","uploadtime":1699996884,"views":22,"p1id":"bigbranonbampus","p2id":"travenantforestry","formatid":"gen9doublesou","rating":1117,"private":0,"password":""}