{"id":"gen9doublesou-1986369866","p1":"dangarzam","p2":"GuitarheroVGC","format":"[Gen 9] Doubles OU","log":"|j|\u2606dangarzam\n|j|\u2606GuitarheroVGC\n|t:|1699473091\n|gametype|doubles\n|player|p1|dangarzam|lance|1601\n|player|p2|GuitarheroVGC|kimonogirl|1728\n|teamsize|p1|6\n|teamsize|p2|6\n|gen|9\n|tier|[Gen 9] Doubles OU\n|rated|\n|rule|Species Clause: Limit one of each Pok\u00e9mon\n|rule|OHKO Clause: OHKO moves are banned\n|rule|Evasion Moves Clause: Evasion moves are banned\n|rule|Gravity Sleep Clause: The combination of sleep-inducing moves with imperfect accuracy and Gravity or Gigantamax Orbeetle are banned\n|rule|Endless Battle Clause: Forcing endless battles is banned\n|rule|HP Percentage Mod: HP is shown in percentages\n|clearpoke\n|poke|p1|Garchomp, M|\n|poke|p1|Zapdos|\n|poke|p1|Dragonite, M|\n|poke|p1|Tyranitar, F|\n|poke|p1|Typhlosion, M|\n|poke|p1|Cresselia, F|\n|poke|p2|Landorus-Therian, M|\n|poke|p2|Heatran, F|\n|poke|p2|Rillaboom, F|\n|poke|p2|Ogerpon-Hearthflame, F|\n|poke|p2|Iron Bundle|\n|poke|p2|Iron Hands|\n|teampreview\n|inactive|Battle timer is ON: inactive players will automatically lose when time's up. (requested by GuitarheroVGC)\n|inactive|GuitarheroVGC has 120 seconds left.\n|\n|t:|1699473123\n|start\n|switch|p1a: Dragonite|Dragonite, M, shiny|100\/100\n|switch|p1b: Cresselia|Cresselia, F|100\/100\n|switch|p2a: Iron Bundle|Iron Bundle|100\/100\n|switch|p2b: Landorus|Landorus-Therian, M|100\/100\n|-ability|p2b: Landorus|Intimidate|boost\n|-fail|p1a: Dragonite|unboost|Attack|[from] ability: Inner Focus|[of] p1a: Dragonite\n|-unboost|p1b: Cresselia|atk|1\n|-enditem|p2a: Iron Bundle|Booster Energy\n|-activate|p2a: Iron Bundle|ability: Quark Drive|[fromitem]\n|-start|p2a: Iron Bundle|quarkdrivespe\n|turn|1\n|\n|t:|1699473147\n|-terastallize|p2a: Iron Bundle|Ghost\n|-terastallize|p1a: Dragonite|Normal\n|move|p1a: Dragonite|Extreme Speed|p2a: Iron Bundle\n|-immune|p2a: Iron Bundle\n|move|p2a: Iron Bundle|Freeze-Dry|p1a: Dragonite\n|-damage|p1a: Dragonite|70\/100\n|move|p2b: Landorus|U-turn|p1b: Cresselia\n|-supereffective|p1b: Cresselia\n|-damage|p1b: Cresselia|64\/100\n|\n|t:|1699473162\n|switch|p2b: Iron Hands|Iron Hands|100\/100|[from] U-turn\n|move|p1b: Cresselia|Calm Mind|p1b: Cresselia\n|-boost|p1b: Cresselia|spa|1\n|-boost|p1b: Cresselia|spd|1\n|\n|-heal|p1b: Cresselia|71\/100|[from] item: Leftovers\n|upkeep\n|turn|2\n|\n|t:|1699473174\n|move|p1a: Dragonite|Extreme Speed|p2b: Iron Hands\n|-damage|p2b: Iron Hands|54\/100\n|move|p2a: Iron Bundle|Encore|p1b: Cresselia\n|-start|p1b: Cresselia|Encore\n|move|p1b: Cresselia|Calm Mind|p1b: Cresselia\n|-boost|p1b: Cresselia|spa|1\n|-boost|p1b: Cresselia|spd|1\n|move|p2b: Iron Hands|Drain Punch|p1a: Dragonite\n|-supereffective|p1a: Dragonite\n|-damage|p1a: Dragonite|0 fnt\n|-heal|p2b: Iron Hands|79\/100|[from] drain|[of] p1a: Dragonite\n|faint|p1a: Dragonite\n|\n|-heal|p1b: Cresselia|77\/100|[from] item: Leftovers\n|upkeep\n|\n|t:|1699473192\n|switch|p1a: Zapdos|Zapdos|100\/100\n|turn|3\n|\n|t:|1699473209\n|move|p2a: Iron Bundle|Freeze-Dry|p1a: Zapdos\n|-supereffective|p1a: Zapdos\n|-damage|p1a: Zapdos|53\/100\n|move|p1a: Zapdos|Thunderbolt|p2a: Iron Bundle\n|-damage|p2a: Iron Bundle|38\/100\n|move|p1b: Cresselia|Calm Mind|p1b: Cresselia\n|-boost|p1b: Cresselia|spa|1\n|-boost|p1b: Cresselia|spd|1\n|move|p2b: Iron Hands|Wild Charge|p1a: Zapdos\n|-crit|p1a: Zapdos\n|-damage|p1a: Zapdos|0 fnt\n|faint|p1a: Zapdos\n|-damage|p2b: Iron Hands|69\/100|[from] Recoil\n|\n|-heal|p1b: Cresselia|83\/100|[from] item: Leftovers\n|upkeep\n|\n|t:|1699473226\n|switch|p1a: Typhlosion|Typhlosion, M, shiny|100\/100\n|turn|4\n|\n|t:|1699473232\n|move|p2a: Iron Bundle|Protect|p2a: Iron Bundle\n|-singleturn|p2a: Iron Bundle|Protect\n|move|p1a: Typhlosion|Eruption|p2b: Iron Hands|[spread] p2b\n|-activate|p2a: Iron Bundle|move: Protect\n|-damage|p2b: Iron Hands|43\/100\n|move|p1b: Cresselia|Calm Mind|p1b: Cresselia\n|-boost|p1b: Cresselia|spa|1\n|-boost|p1b: Cresselia|spd|1\n|move|p2b: Iron Hands|Drain Punch|p1a: Typhlosion\n|-damage|p1a: Typhlosion|39\/100\n|-heal|p2b: Iron Hands|64\/100|[from] drain|[of] p1a: Typhlosion\n|\n|-heal|p1b: Cresselia|89\/100|[from] item: Leftovers\n|-end|p1b: Cresselia|Encore\n|upkeep\n|turn|5\n|\n|t:|1699473245\n|move|p2a: Iron Bundle|Encore|p1b: Cresselia\n|-start|p1b: Cresselia|Encore\n|move|p1a: Typhlosion|Eruption|p2b: Iron Hands|[spread] p2a,p2b\n|-damage|p2a: Iron Bundle|11\/100\n|-damage|p2b: Iron Hands|53\/100\n|move|p1b: Cresselia|Calm Mind|p1b: Cresselia\n|-boost|p1b: Cresselia|spa|1\n|-boost|p1b: Cresselia|spd|1\n|move|p2b: Iron Hands|Drain Punch|p1a: Typhlosion\n|-damage|p1a: Typhlosion|0 fnt\n|-heal|p2b: Iron Hands|66\/100|[from] drain|[of] p1a: Typhlosion\n|faint|p1a: Typhlosion\n|\n|-heal|p1b: Cresselia|95\/100|[from] item: Leftovers\n|upkeep\n|\n|t:|1699473252\n|switch|p1a: Tyranitar|Tyranitar, F|100\/100\n|-weather|Sandstorm|[from] ability: Sand Stream|[of] p1a: Tyranitar\n|turn|6\n|\n|t:|1699473259\n|move|p1a: Tyranitar|Protect|p1a: Tyranitar\n|-singleturn|p1a: Tyranitar|Protect\n|move|p2a: Iron Bundle|Icy Wind|p1b: Cresselia|[spread] p1b\n|-activate|p1a: Tyranitar|move: Protect\n|-damage|p1b: Cresselia|91\/100\n|-unboost|p1b: Cresselia|spe|1\n|move|p2b: Iron Hands|Drain Punch|p1a: Tyranitar\n|-activate|p1a: Tyranitar|move: Protect\n|move|p1b: Cresselia|Calm Mind|p1b: Cresselia\n|-boost|p1b: Cresselia|spa|1\n|-boost|p1b: Cresselia|spd|1\n|\n|-weather|Sandstorm|[upkeep]\n|-damage|p2a: Iron Bundle|5\/100|[from] Sandstorm\n|-damage|p2b: Iron Hands|59\/100|[from] Sandstorm\n|-damage|p1b: Cresselia|85\/100|[from] Sandstorm\n|-heal|p1b: Cresselia|91\/100|[from] item: Leftovers\n|upkeep\n|turn|7\n|\n|t:|1699473265\n|switch|p1a: Garchomp|Garchomp, M, shiny|100\/100\n|move|p2a: Iron Bundle|Icy Wind|p1a: Garchomp|[spread] p1a,p1b\n|-supereffective|p1a: Garchomp\n|-damage|p1a: Garchomp|19\/100\n|-damage|p1b: Cresselia|89\/100\n|-unboost|p1a: Garchomp|spe|1\n|-unboost|p1b: Cresselia|spe|1\n|move|p2b: Iron Hands|Drain Punch|p1a: Garchomp\n|-damage|p1a: Garchomp|0 fnt\n|-heal|p2b: Iron Hands|67\/100|[from] drain|[of] p1a: Garchomp\n|-damage|p2b: Iron Hands|54\/100|[from] ability: Rough Skin|[of] p1a: Garchomp\n|faint|p1a: Garchomp\n|move|p1b: Cresselia|Calm Mind|p1b: Cresselia\n|-boost|p1b: Cresselia|spa|0\n|-boost|p1b: Cresselia|spd|0\n|\n|-weather|Sandstorm|[upkeep]\n|-damage|p2a: Iron Bundle|0 fnt|[from] Sandstorm\n|-damage|p2b: Iron Hands|48\/100|[from] Sandstorm\n|-damage|p1b: Cresselia|82\/100|[from] Sandstorm\n|faint|p2a: Iron Bundle\n|-end|p2a: Iron Bundle|Quark Drive|[silent]\n|-heal|p1b: Cresselia|89\/100|[from] item: Leftovers\n|-end|p1b: Cresselia|Encore\n|upkeep\n|\n|t:|1699473273\n|switch|p2a: Landorus|Landorus-Therian, M|100\/100\n|switch|p1a: Tyranitar|Tyranitar, F|100\/100\n|-ability|p2a: Landorus|Intimidate|boost\n|-unboost|p1a: Tyranitar|atk|1\n|-unboost|p1b: Cresselia|atk|1\n|turn|8\n|\n|t:|1699473283\n|move|p2a: Landorus|Stomping Tantrum|p1a: Tyranitar\n|-supereffective|p1a: Tyranitar\n|-damage|p1a: Tyranitar|21\/100\n|move|p1a: Tyranitar|Rock Slide|p2b: Iron Hands|[spread] p2a\n|-miss|p1a: Tyranitar|p2b: Iron Hands\n|-damage|p2a: Landorus|73\/100\n|-damage|p1a: Tyranitar|11\/100|[from] item: Life Orb\n|move|p2b: Iron Hands|Drain Punch|p1a: Tyranitar\n|-supereffective|p1a: Tyranitar\n|-damage|p1a: Tyranitar|0 fnt\n|-heal|p2b: Iron Hands|52\/100|[from] drain|[of] p1a: Tyranitar\n|faint|p1a: Tyranitar\n|move|p1b: Cresselia|Dazzling Gleam|p2b: Iron Hands|[spread] p2a,p2b\n|-supereffective|p2b: Iron Hands\n|-damage|p2a: Landorus|5\/100\n|-damage|p2b: Iron Hands|0 fnt\n|faint|p2b: Iron Hands\n|-end|p2b: Iron Hands|Quark Drive|[silent]\n|\n|-weather|Sandstorm|[upkeep]\n|-damage|p1b: Cresselia|82\/100|[from] Sandstorm\n|-heal|p1b: Cresselia|89\/100|[from] item: Leftovers\n|upkeep\n|\n|t:|1699473297\n|switch|p2b: Rillaboom|Rillaboom, F|100\/100\n|-fieldstart|move: Grassy Terrain|[from] ability: Grassy Surge|[of] p2b: Rillaboom\n|turn|9\n|\n|t:|1699473308\n|switch|p2a: Heatran|Heatran, F|100\/100\n|move|p2b: Rillaboom|Fake Out|p1b: Cresselia\n|-damage|p1b: Cresselia|79\/100\n|cant|p1b: Cresselia|flinch\n|\n|-weather|Sandstorm|[upkeep]\n|-damage|p2b: Rillaboom|94\/100|[from] Sandstorm\n|-damage|p1b: Cresselia|73\/100|[from] Sandstorm\n|-heal|p2b: Rillaboom|100\/100|[from] Grassy Terrain\n|-heal|p1b: Cresselia|79\/100|[from] item: Leftovers\n|upkeep\n|turn|10\n|\n|t:|1699473320\n|move|p2a: Heatran|Heat Wave|p1b: Cresselia\n|-damage|p1b: Cresselia|67\/100\n|-damage|p2a: Heatran|90\/100|[from] item: Life Orb\n|move|p2b: Rillaboom|Wood Hammer|p1b: Cresselia\n|-damage|p1b: Cresselia|9\/100\n|-damage|p2b: Rillaboom|79\/100|[from] Recoil\n|move|p1b: Cresselia|Psychic|p2b: Rillaboom\n|-damage|p2b: Rillaboom|0 fnt\n|faint|p2b: Rillaboom\n|\n|-weather|none\n|-heal|p2a: Heatran|97\/100|[from] Grassy Terrain\n|-heal|p1b: Cresselia|15\/100|[from] item: Leftovers\n|upkeep\n|\n|t:|1699473327\n|switch|p2b: Ogerpon|Ogerpon-Hearthflame, F|100\/100\n|-ability|p2b: Ogerpon|Mold Breaker\n|turn|11\n|\n|t:|1699473336\n|move|p2b: Ogerpon|Ivy Cudgel|p1b: Cresselia\n|-damage|p1b: Cresselia|0 fnt\n|faint|p1b: Cresselia\n|\n|win|GuitarheroVGC\n|raw|dangarzam's rating: 1601 &rarr; <strong>1588<\/strong><br \/>(-13 for losing)\n|raw|GuitarheroVGC's rating: 1728 &rarr; <strong>1741<\/strong><br \/>(+13 for winning)\n|l|\u2606dangarzam\n","uploadtime":1699473599,"views":30,"p1id":"dangarzam","p2id":"guitarherovgc","formatid":"gen9doublesou","rating":1588,"private":0,"password":""}