{"id":"gen9doublesou-1996389175","p1":"shubham12091999","p2":"GBarmada","format":"[Gen 9] Doubles OU","log":"|j|\u2606shubham12091999\n|j|\u2606GBarmada\n|t:|1700677376\n|gametype|doubles\n|player|p1|shubham12091999|striker|1336\n|player|p2|GBarmada|nate|1364\n|teamsize|p1|6\n|teamsize|p2|6\n|gen|9\n|tier|[Gen 9] Doubles OU\n|rated|\n|rule|Species Clause: Limit one of each Pok\u00e9mon\n|rule|OHKO Clause: OHKO moves are banned\n|rule|Evasion Moves Clause: Evasion moves are banned\n|rule|Gravity Sleep Clause: The combination of sleep-inducing moves with imperfect accuracy and Gravity or Gigantamax Orbeetle are banned\n|rule|Endless Battle Clause: Forcing endless battles is banned\n|rule|HP Percentage Mod: HP is shown in percentages\n|clearpoke\n|poke|p1|Indeedee-F, F|\n|poke|p1|Armarouge, M|\n|poke|p1|Iron Hands|\n|poke|p1|Ursaluna, M|\n|poke|p1|Iron Bundle|\n|poke|p1|Dragonite, F|\n|poke|p2|Flutter Mane|\n|poke|p2|Landorus-Therian, M|\n|poke|p2|Roaring Moon|\n|poke|p2|Sinistcha-Masterpiece|\n|poke|p2|Torkoal, F|\n|poke|p2|Tornadus, M|\n|teampreview\n|inactive|Battle timer is ON: inactive players will automatically lose when time's up. (requested by shubham12091999)\n|c|\u2606GBarmada|GLHF\n|\n|t:|1700677402\n|start\n|switch|p1a: Iron Hands|Iron Hands|100\/100\n|switch|p1b: Iron Bundle|Iron Bundle|100\/100\n|switch|p2a: Landorus|Landorus-Therian, M|100\/100\n|switch|p2b: Roaring Moon|Roaring Moon|100\/100\n|-ability|p2a: Landorus|Intimidate|boost\n|-unboost|p1a: Iron Hands|atk|1\n|-unboost|p1b: Iron Bundle|atk|1\n|-enditem|p1b: Iron Bundle|Booster Energy\n|-activate|p1b: Iron Bundle|ability: Quark Drive|[fromitem]\n|-start|p1b: Iron Bundle|quarkdrivespe\n|turn|1\n|inactive|GBarmada has 120 seconds left.\n|\n|t:|1700677432\n|switch|p2a: Torkoal|Torkoal, F|100\/100\n|-weather|SunnyDay|[from] ability: Drought|[of] p2a: Torkoal\n|-activate|p2b: Roaring Moon|ability: Protosynthesis\n|-start|p2b: Roaring Moon|protosynthesisatk\n|move|p2b: Roaring Moon|Protect|p2b: Roaring Moon\n|-singleturn|p2b: Roaring Moon|Protect\n|move|p1a: Iron Hands|Fake Out|p2b: Roaring Moon\n|-activate|p2b: Roaring Moon|move: Protect\n|move|p1b: Iron Bundle|Freeze-Dry|p2a: Torkoal\n|-resisted|p2a: Torkoal\n|-damage|p2a: Torkoal|82\/100\n|\n|-weather|SunnyDay|[upkeep]\n|upkeep\n|turn|2\n|inactive|GBarmada has 120 seconds left.\n|inactive|GBarmada has 90 seconds left.\n|\n|t:|1700677497\n|-end|p2b: Roaring Moon|Protosynthesis|[silent]\n|switch|p2b: Sinistcha|Sinistcha-Masterpiece|100\/100\n|-heal|p2a: Torkoal|100\/100|[from] ability: Hospitality|[of] p2b: Sinistcha\n|-terastallize|p2a: Torkoal|Grass\n|move|p1b: Iron Bundle|Freeze-Dry|p2b: Sinistcha\n|-supereffective|p2b: Sinistcha\n|-damage|p2b: Sinistcha|16\/100\n|move|p1a: Iron Hands|Drain Punch|p2b: Sinistcha\n|-immune|p2b: Sinistcha\n|move|p2a: Torkoal|Solar Beam||[still]\n|-prepare|p2a: Torkoal|Solar Beam\n|-anim|p2a: Torkoal|Solar Beam|p1b: Iron Bundle\n|-supereffective|p1b: Iron Bundle\n|-damage|p1b: Iron Bundle|0 fnt\n|faint|p1b: Iron Bundle\n|-end|p1b: Iron Bundle|Quark Drive|[silent]\n|\n|-weather|SunnyDay|[upkeep]\n|upkeep\n|inactive|shubham12091999 has 120 seconds left.\n|\n|t:|1700677520\n|switch|p1b: Armarouge|Armarouge, M|100\/100\n|turn|3\n|\n|t:|1700677530\n|switch|p2b: Landorus|Landorus-Therian, M|100\/100\n|-ability|p2b: Landorus|Intimidate|boost\n|-unboost|p1a: Iron Hands|atk|1\n|-unboost|p1b: Armarouge|atk|1\n|move|p2a: Torkoal|Protect|p2a: Torkoal\n|-singleturn|p2a: Torkoal|Protect\n|move|p1b: Armarouge|Armor Cannon|p2a: Torkoal\n|-activate|p2a: Torkoal|move: Protect\n|move|p1a: Iron Hands|Wild Charge|p2b: Landorus\n|-immune|p2b: Landorus\n|\n|-weather|SunnyDay|[upkeep]\n|upkeep\n|turn|4\n|inactive|GBarmada has 120 seconds left.\n|inactive|GBarmada has 90 seconds left.\n|\n|t:|1700677594\n|-end|p1a: Iron Hands|Quark Drive|[silent]\n|switch|p1a: Indeedee|Indeedee-F, F|100\/100\n|-fieldstart|move: Psychic Terrain|[from] ability: Psychic Surge|[of] p1a: Indeedee\n|move|p1b: Armarouge|Wide Guard|p1b: Armarouge\n|-singleturn|p1b: Armarouge|Wide Guard\n|move|p2b: Landorus|Stomping Tantrum|p1b: Armarouge\n|-supereffective|p1b: Armarouge\n|-damage|p1b: Armarouge|18\/100\n|move|p2a: Torkoal|Will-O-Wisp|p1a: Indeedee\n|-status|p1a: Indeedee|brn\n|\n|-weather|SunnyDay|[upkeep]\n|-damage|p1a: Indeedee|94\/100 brn|[from] brn\n|upkeep\n|turn|5\n|inactive|GBarmada has 90 seconds left.\n|\n|t:|1700677622\n|switch|p2a: Roaring Moon|Roaring Moon|100\/100\n|-activate|p2a: Roaring Moon|ability: Protosynthesis\n|-start|p2a: Roaring Moon|protosynthesisatk\n|move|p2b: Landorus|Stomping Tantrum|p1b: Armarouge\n|-supereffective|p1b: Armarouge\n|-damage|p1b: Armarouge|0 fnt\n|faint|p1b: Armarouge\n|move|p1a: Indeedee|Trick Room|p1a: Indeedee\n|-fieldstart|move: Trick Room|[of] p1a: Indeedee\n|\n|-weather|none\n|-end|p2a: Roaring Moon|Protosynthesis\n|-damage|p1a: Indeedee|88\/100 brn|[from] brn\n|upkeep\n|\n|t:|1700677634\n|switch|p1b: Iron Hands|Iron Hands|100\/100\n|turn|6\n|\n|t:|1700677643\n|switch|p2b: Sinistcha|Sinistcha-Masterpiece|16\/100\n|move|p2a: Roaring Moon|Protect|p2a: Roaring Moon\n|-singleturn|p2a: Roaring Moon|Protect\n|move|p1a: Indeedee|Follow Me|p1a: Indeedee\n|-singleturn|p1a: Indeedee|move: Follow Me\n|move|p1b: Iron Hands|Drain Punch|p2a: Roaring Moon\n|-activate|p2a: Roaring Moon|move: Protect\n|\n|-damage|p1a: Indeedee|82\/100 brn|[from] brn\n|upkeep\n|turn|7\n|inactive|GBarmada has 120 seconds left.\n|\n|t:|1700677659\n|switch|p2b: Torkoal|Torkoal, F, tera:Grass|100\/100\n|-weather|SunnyDay|[from] ability: Drought|[of] p2b: Torkoal\n|-activate|p2a: Roaring Moon|ability: Protosynthesis\n|-start|p2a: Roaring Moon|protosynthesisatk\n|switch|p1a: Ursaluna|Ursaluna, M|100\/100\n|-end|p2a: Roaring Moon|Protosynthesis|[silent]\n|switch|p2a: Landorus|Landorus-Therian, M|100\/100\n|-ability|p2a: Landorus|Intimidate|boost\n|-unboost|p1a: Ursaluna|atk|1\n|-unboost|p1b: Iron Hands|atk|1\n|move|p1b: Iron Hands|Drain Punch|p2a: Landorus\n|-resisted|p2a: Landorus\n|-damage|p2a: Landorus|84\/100\n|\n|-weather|SunnyDay|[upkeep]\n|-status|p1a: Ursaluna|brn|[from] item: Flame Orb\n|upkeep\n|turn|8\n|inactive|GBarmada has 120 seconds left.\n|inactive|shubham12091999 has 120 seconds left.\n|inactive|GBarmada has 90 seconds left.\n|\n|t:|1700677714\n|switch|p2a: Sinistcha|Sinistcha-Masterpiece|16\/100\n|move|p1a: Ursaluna|Protect|p1a: Ursaluna\n|-singleturn|p1a: Ursaluna|Protect\n|move|p2b: Torkoal|Solar Beam||[still]\n|-prepare|p2b: Torkoal|Solar Beam\n|-anim|p2b: Torkoal|Solar Beam|p1a: Ursaluna\n|-activate|p1a: Ursaluna|move: Protect\n|move|p1b: Iron Hands|Drain Punch|p2b: Torkoal\n|-damage|p2b: Torkoal|74\/100\n|\n|-weather|SunnyDay|[upkeep]\n|-damage|p1a: Ursaluna|94\/100 brn|[from] brn\n|-fieldend|move: Psychic Terrain\n|upkeep\n|turn|9\n|inactive|GBarmada has 90 seconds left.\n|\n|t:|1700677740\n|-end|p1b: Iron Hands|Quark Drive|[silent]\n|switch|p1b: Indeedee|Indeedee-F, F|82\/100 brn\n|-fieldstart|move: Psychic Terrain|[from] ability: Psychic Surge|[of] p1b: Indeedee\n|switch|p1a: Dragonite|Dragonite, F|100\/100\n|move|p2b: Torkoal|Protect|p2b: Torkoal\n|-singleturn|p2b: Torkoal|Protect\n|move|p2a: Sinistcha|Strength Sap|p1a: Dragonite\n|-unboost|p1a: Dragonite|atk|1\n|-heal|p2a: Sinistcha|100\/100\n|\n|-weather|SunnyDay|[upkeep]\n|-damage|p1b: Indeedee|76\/100 brn|[from] brn\n|-fieldend|move: Trick Room\n|upkeep\n|turn|10\n|inactive|GBarmada has 90 seconds left.\n|\n|t:|1700677765\n|move|p1a: Dragonite|Ice Spinner|p2b: Torkoal\n|-supereffective|p2b: Torkoal\n|-damage|p2b: Torkoal|43\/100\n|-fieldend|move: Psychic Terrain\n|move|p2b: Torkoal|Will-O-Wisp|p1a: Dragonite\n|-status|p1a: Dragonite|brn\n|move|p1b: Indeedee|Trick Room|p1b: Indeedee\n|-fieldstart|move: Trick Room|[of] p1b: Indeedee\n|move|p2a: Sinistcha|Trick Room|p2a: Sinistcha\n|-fieldend|move: Trick Room\n|\n|-weather|SunnyDay|[upkeep]\n|-damage|p1a: Dragonite|94\/100 brn|[from] brn\n|-damage|p1b: Indeedee|70\/100 brn|[from] brn\n|upkeep\n|turn|11\n|inactive|GBarmada has 90 seconds left.\n|\n|t:|1700677800\n|move|p1a: Dragonite|Dragon Dance|p1a: Dragonite\n|-boost|p1a: Dragonite|atk|1\n|-boost|p1a: Dragonite|spe|1\n|move|p1b: Indeedee|Heal Pulse|p1a: Dragonite\n|-heal|p1a: Dragonite|100\/100 brn\n|move|p2b: Torkoal|Flamethrower|p1a: Dragonite\n|-resisted|p1a: Dragonite\n|-damage|p1a: Dragonite|88\/100 brn\n|move|p2a: Sinistcha|Trick Room|p2a: Sinistcha\n|-fieldstart|move: Trick Room|[of] p2a: Sinistcha\n|\n|-weather|none\n|-damage|p1b: Indeedee|64\/100 brn|[from] brn\n|-damage|p1a: Dragonite|82\/100 brn|[from] brn\n|upkeep\n|turn|12\n|inactive|GBarmada has 90 seconds left.\n|\n|t:|1700677821\n|switch|p2b: Flutter Mane|Flutter Mane|100\/100\n|move|p2a: Sinistcha|Rage Powder|p2a: Sinistcha\n|-singleturn|p2a: Sinistcha|move: Rage Powder\n|move|p1b: Indeedee|Heal Pulse|p2a: Sinistcha\n|-fail|p2a: Sinistcha|heal\n|move|p1a: Dragonite|Dragon Dance|p1a: Dragonite\n|-boost|p1a: Dragonite|atk|1\n|-boost|p1a: Dragonite|spe|1\n|\n|-damage|p1b: Indeedee|58\/100 brn|[from] brn\n|-damage|p1a: Dragonite|76\/100 brn|[from] brn\n|upkeep\n|turn|13\n|inactive|GBarmada has 90 seconds left.\n|\n|t:|1700677861\n|-end|p2b: Flutter Mane|Protosynthesis|[silent]\n|switch|p2b: Landorus|Landorus-Therian, M|84\/100\n|-ability|p2b: Landorus|Intimidate|boost\n|-unboost|p1a: Dragonite|atk|1\n|-unboost|p1b: Indeedee|atk|1\n|move|p2a: Sinistcha|Strength Sap|p1a: Dragonite\n|-unboost|p1a: Dragonite|atk|1\n|move|p1b: Indeedee|Heal Pulse|p1a: Dragonite\n|-heal|p1a: Dragonite|100\/100 brn\n|move|p1a: Dragonite|Rock Slide|p2b: Landorus|[spread] p2a,p2b\n|-crit|p2b: Landorus\n|-damage|p2a: Sinistcha|96\/100\n|-damage|p2b: Landorus|67\/100\n|\n|-damage|p1b: Indeedee|52\/100 brn|[from] brn\n|-damage|p1a: Dragonite|94\/100 brn|[from] brn\n|upkeep\n|turn|14\n|inactive|GBarmada has 90 seconds left.\n|\n|t:|1700677896\n|move|p2a: Sinistcha|Matcha Gotcha|p1b: Indeedee|[spread] p1a,p1b\n|-resisted|p1a: Dragonite\n|-damage|p1a: Dragonite|89\/100 brn\n|-heal|p2a: Sinistcha|99\/100|[from] drain|[of] p1a: Dragonite\n|-damage|p1b: Indeedee|28\/100 brn\n|-heal|p2a: Sinistcha|100\/100|[from] drain|[of] p1b: Indeedee\n|move|p1b: Indeedee|Heal Pulse|p1a: Dragonite\n|-heal|p1a: Dragonite|100\/100 brn\n|move|p2b: Landorus|U-turn|p1b: Indeedee\n|-supereffective|p1b: Indeedee\n|-damage|p1b: Indeedee|0 fnt\n|-damage|p2b: Landorus|50\/100|[from] item: Rocky Helmet|[of] p1b: Indeedee\n|faint|p1b: Indeedee\n|\n|t:|1700677912\n|switch|p2b: Torkoal|Torkoal, F, tera:Grass|43\/100|[from] U-turn\n|-weather|SunnyDay|[from] ability: Drought|[of] p2b: Torkoal\n|move|p1a: Dragonite|Ice Spinner|p2b: Torkoal\n|-supereffective|p2b: Torkoal\n|-damage|p2b: Torkoal|29\/100\n|\n|-weather|SunnyDay|[upkeep]\n|-damage|p1a: Dragonite|94\/100 brn|[from] brn\n|upkeep\n|\n|t:|1700677919\n|switch|p1b: Iron Hands|Iron Hands|100\/100\n|turn|15\n|inactive|GBarmada has 90 seconds left.\n|inactive|GBarmada has 60 seconds left.\n|\n|t:|1700677960\n|move|p2b: Torkoal|Protect|p2b: Torkoal\n|-singleturn|p2b: Torkoal|Protect\n|move|p1b: Iron Hands|Fake Out|p2b: Torkoal\n|-activate|p2b: Torkoal|move: Protect\n|move|p2a: Sinistcha|Strength Sap|p1b: Iron Hands\n|-unboost|p1b: Iron Hands|atk|1\n|move|p1a: Dragonite|Dragon Dance|p1a: Dragonite\n|-boost|p1a: Dragonite|atk|1\n|-boost|p1a: Dragonite|spe|1\n|\n|-weather|SunnyDay|[upkeep]\n|-damage|p1a: Dragonite|88\/100 brn|[from] brn\n|-fieldend|move: Trick Room\n|upkeep\n|turn|16\n|\n|t:|1700677978\n|-end|p1b: Iron Hands|Quark Drive|[silent]\n|switch|p1b: Ursaluna|Ursaluna, M|94\/100 brn\n|move|p1a: Dragonite|Ice Spinner|p2a: Sinistcha\n|-supereffective|p2a: Sinistcha\n|-damage|p2a: Sinistcha|82\/100\n|move|p2a: Sinistcha|Strength Sap|p1a: Dragonite\n|-unboost|p1a: Dragonite|atk|1\n|-heal|p2a: Sinistcha|100\/100\n|move|p2b: Torkoal|Flamethrower|p1a: Dragonite\n|-resisted|p1a: Dragonite\n|-damage|p1a: Dragonite|66\/100 brn\n|\n|-weather|SunnyDay|[upkeep]\n|-damage|p1a: Dragonite|59\/100 brn|[from] brn\n|-damage|p1b: Ursaluna|88\/100 brn|[from] brn\n|upkeep\n|turn|17\n|\n|t:|1700678001\n|switch|p1b: Iron Hands|Iron Hands|100\/100\n|move|p2b: Torkoal|Protect|p2b: Torkoal\n|-singleturn|p2b: Torkoal|Protect\n|move|p1a: Dragonite|Rock Slide|p2b: Torkoal|[spread] p2a\n|-activate|p2b: Torkoal|move: Protect\n|-damage|p2a: Sinistcha|96\/100\n|move|p2a: Sinistcha|Trick Room|p2a: Sinistcha\n|-fieldstart|move: Trick Room|[of] p2a: Sinistcha\n|\n|-weather|SunnyDay|[upkeep]\n|-damage|p1a: Dragonite|53\/100 brn|[from] brn\n|upkeep\n|turn|18\n|inactive|GBarmada has 90 seconds left.\n|\n|t:|1700678032\n|switch|p2b: Flutter Mane|Flutter Mane|100\/100\n|-activate|p2b: Flutter Mane|ability: Protosynthesis\n|-start|p2b: Flutter Mane|protosynthesisspe\n|move|p1b: Iron Hands|Heavy Slam|p2a: Sinistcha\n|-damage|p2a: Sinistcha|62\/100\n|move|p2a: Sinistcha|Matcha Gotcha|p1b: Iron Hands|[spread] p1a,p1b\n|-resisted|p1a: Dragonite\n|-damage|p1a: Dragonite|48\/100 brn\n|-heal|p2a: Sinistcha|65\/100|[from] drain|[of] p1a: Dragonite\n|-damage|p1b: Iron Hands|87\/100\n|-heal|p2a: Sinistcha|75\/100|[from] drain|[of] p1b: Iron Hands\n|move|p1a: Dragonite|Rock Slide|p2b: Flutter Mane|[spread] p2a,p2b\n|-damage|p2a: Sinistcha|71\/100\n|-damage|p2b: Flutter Mane|86\/100\n|\n|-weather|none\n|-end|p2b: Flutter Mane|Protosynthesis\n|-damage|p1a: Dragonite|42\/100 brn|[from] brn\n|upkeep\n|turn|19\n|inactive|GBarmada has 90 seconds left.\n|\n|t:|1700678059\n|move|p2a: Sinistcha|Rage Powder|p2a: Sinistcha\n|-singleturn|p2a: Sinistcha|move: Rage Powder\n|move|p1b: Iron Hands|Heavy Slam|p2a: Sinistcha\n|-damage|p2a: Sinistcha|36\/100\n|move|p2b: Flutter Mane|Moonblast|p1a: Dragonite\n|-supereffective|p1a: Dragonite\n|-damage|p1a: Dragonite|0 fnt\n|faint|p1a: Dragonite\n|\n|upkeep\n|\n|t:|1700678069\n|switch|p1a: Ursaluna|Ursaluna, M|88\/100 brn\n|turn|20\n|\n|t:|1700678085\n|-end|p2b: Flutter Mane|Protosynthesis|[silent]\n|switch|p2b: Torkoal|Torkoal, F, tera:Grass|29\/100\n|-weather|SunnyDay|[from] ability: Drought|[of] p2b: Torkoal\n|move|p1b: Iron Hands|Heavy Slam|p2a: Sinistcha\n|-damage|p2a: Sinistcha|1\/100\n|move|p1a: Ursaluna|Headlong Rush|p2a: Sinistcha\n|-resisted|p2a: Sinistcha\n|-damage|p2a: Sinistcha|0 fnt\n|-unboost|p1a: Ursaluna|def|1\n|-unboost|p1a: Ursaluna|spd|1\n|faint|p2a: Sinistcha\n|\n|-weather|SunnyDay|[upkeep]\n|-damage|p1a: Ursaluna|82\/100 brn|[from] brn\n|upkeep\n|inactive|GBarmada has 90 seconds left.\n|\n|t:|1700678097\n|switch|p2a: Roaring Moon|Roaring Moon|100\/100\n|-activate|p2a: Roaring Moon|ability: Protosynthesis\n|-start|p2a: Roaring Moon|protosynthesisatk\n|turn|21\n|\n|t:|1700678104\n|move|p1a: Ursaluna|Protect|p1a: Ursaluna\n|-singleturn|p1a: Ursaluna|Protect\n|move|p2a: Roaring Moon|Protect|p2a: Roaring Moon\n|-singleturn|p2a: Roaring Moon|Protect\n|move|p2b: Torkoal|Solar Beam||[still]\n|-prepare|p2b: Torkoal|Solar Beam\n|-anim|p2b: Torkoal|Solar Beam|p1a: Ursaluna\n|-activate|p1a: Ursaluna|move: Protect\n|move|p1b: Iron Hands|Drain Punch|p2a: Roaring Moon\n|-activate|p2a: Roaring Moon|move: Protect\n|\n|-weather|SunnyDay|[upkeep]\n|-damage|p1a: Ursaluna|75\/100 brn|[from] brn\n|-fieldend|move: Trick Room\n|upkeep\n|turn|22\n|\n|t:|1700678123\n|move|p2a: Roaring Moon|Knock Off|p1a: Ursaluna\n|-damage|p1a: Ursaluna|6\/100 brn\n|-enditem|p1a: Ursaluna|Flame Orb|[from] move: Knock Off|[of] p2a: Roaring Moon\n|move|p1a: Ursaluna|Facade|p2b: Torkoal\n|-damage|p2b: Torkoal|0 fnt\n|faint|p2b: Torkoal\n|move|p1b: Iron Hands|Drain Punch|p2a: Roaring Moon\n|-supereffective|p2a: Roaring Moon\n|-damage|p2a: Roaring Moon|0 fnt\n|-heal|p1b: Iron Hands|100\/100|[from] drain|[of] p2a: Roaring Moon\n|faint|p2a: Roaring Moon\n|-end|p2a: Roaring Moon|Protosynthesis|[silent]\n|\n|-weather|SunnyDay|[upkeep]\n|-damage|p1a: Ursaluna|0 fnt|[from] brn\n|faint|p1a: Ursaluna\n|upkeep\n|inactive|GBarmada has 120 seconds left.\n|\n|t:|1700678136\n|switch|p2a: Flutter Mane|Flutter Mane|86\/100\n|switch|p2b: Tornadus|Tornadus, M|100\/100\n|-activate|p2a: Flutter Mane|ability: Protosynthesis\n|-start|p2a: Flutter Mane|protosynthesisspe\n|turn|23\n|\n|t:|1700678141\n|move|p2a: Flutter Mane|Moonblast|p1b: Iron Hands\n|-supereffective|p1b: Iron Hands\n|-damage|p1b: Iron Hands|8\/100\n|-unboost|p1b: Iron Hands|spa|1\n|move|p2b: Tornadus|Bleakwind Storm|p1b: Iron Hands\n|-damage|p1b: Iron Hands|0 fnt\n|faint|p1b: Iron Hands\n|-end|p1b: Iron Hands|Quark Drive|[silent]\n|\n|win|GBarmada\n|raw|shubham12091999's rating: 1336 &rarr; <strong>1318<\/strong><br \/>(-18 for losing)\n|raw|GBarmada's rating: 1364 &rarr; <strong>1382<\/strong><br \/>(+18 for winning)\n|c|\u2606GBarmada|GG WP\n|c|\u2606shubham12091999|Gg\n|l|\u2606shubham12091999\n","uploadtime":1700678163,"views":19,"p1id":"shubham12091999","p2id":"gbarmada","formatid":"gen9doublesou","rating":1318,"private":0,"password":""}