{"id":"gen9doublesou-1995656045","p1":"pawmmy","p2":"Bahg3012","format":"[Gen 9] Doubles OU","log":"|j|\u2606pawmmy\n|j|\u2606Bahg3012\n|t:|1700591281\n|gametype|doubles\n|player|p1|pawmmy|lady-gen4|\n|player|p2|Bahg3012|marlon|\n|teamsize|p1|6\n|teamsize|p2|6\n|gen|9\n|tier|[Gen 9] Doubles OU\n|rule|Species Clause: Limit one of each Pok\u00e9mon\n|rule|OHKO Clause: OHKO moves are banned\n|rule|Evasion Moves Clause: Evasion moves are banned\n|rule|Gravity Sleep Clause: The combination of sleep-inducing moves with imperfect accuracy and Gravity or Gigantamax Orbeetle are banned\n|rule|Endless Battle Clause: Forcing endless battles is banned\n|rule|HP Percentage Mod: HP is shown in percentages\n|clearpoke\n|poke|p1|Chien-Pao|\n|poke|p1|Dragonite, M|\n|poke|p1|Spewpa, M|\n|poke|p1|Arcanine, M|\n|poke|p1|Goodra-Hisui, F|\n|poke|p1|Tsareena, F|\n|poke|p2|Ogerpon-Hearthflame, F|\n|poke|p2|Tornadus, M|\n|poke|p2|Perrserker, M|\n|poke|p2|Gastrodon, F|\n|poke|p2|Arcanine-Hisui, M|\n|poke|p2|Ditto|\n|teampreview\n|c|\u2606pawmmy|glhf\n|l|\u2606pawmmy\n|player|p1|\n|c|\u2606Bahg3012|Glhf!\n|j|\u2606pawmmy\n|player|p1|pawmmy|lady-gen4\n|c|\u2606pawmmy|sry my wif\n|c|\u2606pawmmy|wifi\n|\n|t:|1700591376\n|start\n|switch|p1a: Arcanine|Arcanine, M|100\/100\n|switch|p1b: Chien-Pao|Chien-Pao|100\/100\n|switch|p2a: Tornadus|Tornadus, M|100\/100\n|switch|p2b: Ogerpon|Ogerpon-Hearthflame, F|100\/100\n|-ability|p1b: Chien-Pao|Sword of Ruin\n|-ability|p2b: Ogerpon|Mold Breaker\n|-ability|p1a: Arcanine|Intimidate|boost\n|-unboost|p2a: Tornadus|atk|1\n|-unboost|p2b: Ogerpon|atk|1\n|turn|1\n|c|\u2606Bahg3012|Lol np\n|\n|t:|1700591397\n|move|p2a: Tornadus|Protect|p2a: Tornadus\n|-singleturn|p2a: Tornadus|Protect\n|move|p1b: Chien-Pao|Protect|p1b: Chien-Pao\n|-singleturn|p1b: Chien-Pao|Protect\n|move|p2b: Ogerpon|Spiky Shield|p2b: Ogerpon\n|-singleturn|p2b: Ogerpon|move: Protect\n|move|p1a: Arcanine|Flare Blitz|p2b: Ogerpon\n|-activate|p2b: Ogerpon|move: Protect\n|-damage|p1a: Arcanine|88\/100|[from] Spiky Shield|[of] p2b: Ogerpon\n|\n|-heal|p1a: Arcanine|94\/100|[from] item: Leftovers\n|upkeep\n|turn|2\n|\n|t:|1700591438\n|switch|p2b: Ditto|Ditto|100\/100\n|-transform|p2b: Ditto|p1a: Arcanine|[from] ability: Imposter\n|-ability|p2b: Ditto|Intimidate|boost\n|-unboost|p1a: Arcanine|atk|1\n|-unboost|p1b: Chien-Pao|atk|1\n|move|p2a: Tornadus|Tailwind|p2a: Tornadus\n|-sidestart|p2: Bahg3012|move: Tailwind\n|move|p1b: Chien-Pao|Ice Spinner|p2b: Ditto\n|-resisted|p2b: Ditto\n|-damage|p2b: Ditto|78\/100\n|move|p1a: Arcanine|Flare Blitz|p2b: Ditto\n|-resisted|p2b: Ditto\n|-damage|p2b: Ditto|48\/100\n|-damage|p1a: Arcanine|87\/100|[from] Recoil\n|\n|-heal|p1a: Arcanine|93\/100|[from] item: Leftovers\n|upkeep\n|turn|3\n|\n|t:|1700591479\n|switch|p2b: Arcanine|Arcanine-Hisui, M|100\/100\n|-ability|p2b: Arcanine|Intimidate|boost\n|-unboost|p1a: Arcanine|atk|1\n|-unboost|p1b: Chien-Pao|atk|1\n|move|p1b: Chien-Pao|Protect|p1b: Chien-Pao\n|-singleturn|p1b: Chien-Pao|Protect\n|move|p1a: Arcanine|Extreme Speed|p2b: Arcanine\n|-resisted|p2b: Arcanine\n|-damage|p2b: Arcanine|92\/100\n|move|p2a: Tornadus|Bleakwind Storm|p1a: Arcanine|[spread] p1a\n|-activate|p1b: Chien-Pao|move: Protect\n|-damage|p1a: Arcanine|62\/100\n|-unboost|p1a: Arcanine|spe|1\n|\n|-heal|p1a: Arcanine|69\/100|[from] item: Leftovers\n|upkeep\n|turn|4\n|\n|t:|1700591504\n|switch|p1b: Goodra|Goodra-Hisui, F|100\/100\n|move|p1a: Arcanine|Protect|p1a: Arcanine\n|-singleturn|p1a: Arcanine|Protect\n|move|p2a: Tornadus|Bleakwind Storm|p1a: Arcanine|[spread] p1b\n|-activate|p1a: Arcanine|move: Protect\n|-resisted|p1b: Goodra\n|-damage|p1b: Goodra|91\/100\n|move|p2b: Arcanine|Rock Slide|p1a: Arcanine|[spread] p1b\n|-activate|p1a: Arcanine|move: Protect\n|-resisted|p1b: Goodra\n|-damage|p1b: Goodra|71\/100\n|\n|-heal|p1a: Arcanine|75\/100|[from] item: Leftovers\n|-heal|p1b: Goodra|77\/100|[from] item: Leftovers\n|upkeep\n|turn|5\n|\n|t:|1700591551\n|switch|p1a: Tsareena|Tsareena, F|100\/100\n|move|p2a: Tornadus|Taunt||[still]\n|cant|p1a: Tsareena|ability: Queenly Majesty|Taunt|[of] p2a: Tornadus\n|move|p2b: Arcanine|Rock Slide|p1b: Goodra|[spread] p1a,p1b\n|-resisted|p1b: Goodra\n|-damage|p1a: Tsareena|63\/100\n|-damage|p1b: Goodra|56\/100\n|move|p1b: Goodra|Knock Off|p2a: Tornadus\n|-damage|p2a: Tornadus|68\/100\n|-enditem|p2a: Tornadus|Covert Cloak|[from] move: Knock Off|[of] p1b: Goodra\n|\n|-heal|p1a: Tsareena|69\/100|[from] item: Leftovers\n|-heal|p1b: Goodra|62\/100|[from] item: Leftovers\n|-sideend|p2: Bahg3012|move: Tailwind\n|upkeep\n|turn|6\n|\n|t:|1700591589\n|switch|p2b: Ogerpon|Ogerpon-Hearthflame, F|100\/100\n|-ability|p2b: Ogerpon|Mold Breaker\n|move|p2a: Tornadus|Protect|p2a: Tornadus\n|-singleturn|p2a: Tornadus|Protect\n|move|p1a: Tsareena|Protect|p1a: Tsareena\n|-singleturn|p1a: Tsareena|Protect\n|move|p1b: Goodra|Knock Off|p2b: Ogerpon\n|-damage|p2b: Ogerpon|82\/100\n|\n|-heal|p1a: Tsareena|75\/100|[from] item: Leftovers\n|-heal|p1b: Goodra|68\/100|[from] item: Leftovers\n|upkeep\n|turn|7\n|\n|t:|1700591618\n|switch|p1a: Arcanine|Arcanine, M|75\/100\n|-ability|p1a: Arcanine|Intimidate|boost\n|-unboost|p2a: Tornadus|atk|1\n|-unboost|p2b: Ogerpon|atk|1\n|move|p2a: Tornadus|Bleakwind Storm|p1b: Goodra|[spread] p1a,p1b\n|-resisted|p1b: Goodra\n|-damage|p1a: Arcanine|48\/100\n|-damage|p1b: Goodra|59\/100\n|move|p2b: Ogerpon|Ivy Cudgel|p1a: Arcanine|[anim] Ivy Cudgel Fire\n|-resisted|p1a: Arcanine\n|-damage|p1a: Arcanine|27\/100\n|move|p1b: Goodra|Flash Cannon|p2a: Tornadus\n|-damage|p2a: Tornadus|23\/100\n|\n|-heal|p1a: Arcanine|34\/100|[from] item: Leftovers\n|-heal|p1b: Goodra|65\/100|[from] item: Leftovers\n|upkeep\n|turn|8\n|\n|t:|1700591666\n|switch|p2b: Gastrodon|Gastrodon, F|100\/100\n|move|p1a: Arcanine|Extreme Speed|p2a: Tornadus\n|-damage|p2a: Tornadus|0 fnt\n|faint|p2a: Tornadus\n|move|p1b: Goodra|Flash Cannon|p2b: Gastrodon\n|-resisted|p2b: Gastrodon\n|-damage|p2b: Gastrodon|88\/100\n|\n|-heal|p1a: Arcanine|40\/100|[from] item: Leftovers\n|-heal|p1b: Goodra|71\/100|[from] item: Leftovers\n|-heal|p2b: Gastrodon|94\/100|[from] item: Leftovers\n|upkeep\n|\n|t:|1700591685\n|switch|p2a: Perrserker|Perrserker, M|100\/100\n|turn|9\n|\n|t:|1700591706\n|move|p1a: Arcanine|Protect|p1a: Arcanine\n|-singleturn|p1a: Arcanine|Protect\n|move|p2a: Perrserker|Fake Out|p1a: Arcanine\n|-activate|p1a: Arcanine|move: Protect\n|move|p1b: Goodra|Knock Off|p2b: Gastrodon\n|-damage|p2b: Gastrodon|75\/100\n|-enditem|p2b: Gastrodon|Leftovers|[from] move: Knock Off|[of] p1b: Goodra\n|move|p2b: Gastrodon|Earth Power|p1b: Goodra\n|-supereffective|p1b: Goodra\n|-damage|p1b: Goodra|41\/100\n|\n|-heal|p1a: Arcanine|46\/100|[from] item: Leftovers\n|-heal|p1b: Goodra|47\/100|[from] item: Leftovers\n|upkeep\n|turn|10\n|\n|t:|1700591756\n|switch|p1a: Tsareena|Tsareena, F|75\/100\n|move|p1b: Goodra|Flamethrower|p2a: Perrserker\n|-supereffective|p2a: Perrserker\n|-damage|p2a: Perrserker|70\/100\n|-status|p2a: Perrserker|brn\n|move|p2a: Perrserker|Knock Off|p1b: Goodra\n|-damage|p1b: Goodra|31\/100\n|-ability|p1b: Goodra|Gooey\n|-unboost|p2a: Perrserker|spe|1\n|-enditem|p1b: Goodra|Leftovers|[from] move: Knock Off|[of] p2a: Perrserker\n|move|p2b: Gastrodon|Earth Power|p1b: Goodra\n|-supereffective|p1b: Goodra\n|-damage|p1b: Goodra|0 fnt\n|faint|p1b: Goodra\n|\n|-heal|p1a: Tsareena|81\/100|[from] item: Leftovers\n|-damage|p2a: Perrserker|64\/100 brn|[from] brn\n|upkeep\n|\n|t:|1700591782\n|switch|p1b: Chien-Pao|Chien-Pao|100\/100\n|-ability|p1b: Chien-Pao|Sword of Ruin\n|turn|11\n|\n|t:|1700591848\n|switch|p2b: Arcanine|Arcanine-Hisui, M|92\/100\n|-ability|p2b: Arcanine|Intimidate|boost\n|-unboost|p1a: Tsareena|atk|1\n|-unboost|p1b: Chien-Pao|atk|1\n|move|p1b: Chien-Pao|Swords Dance|p1b: Chien-Pao\n|-boost|p1b: Chien-Pao|atk|2\n|move|p1a: Tsareena|Seed Bomb|p2b: Arcanine\n|-damage|p2b: Arcanine|55\/100\n|move|p2a: Perrserker|U-turn|p1a: Tsareena\n|-supereffective|p1a: Tsareena\n|-damage|p1a: Tsareena|49\/100\n|\n|t:|1700591862\n|switch|p2a: Ditto|Ditto|48\/100|[from] U-turn\n|-transform|p2a: Ditto|p1b: Chien-Pao|[from] ability: Imposter\n|-ability|p2a: Ditto|Sword of Ruin\n|\n|-heal|p1a: Tsareena|55\/100|[from] item: Leftovers\n|upkeep\n|turn|12\n|\n|t:|1700591901\n|switch|p2b: Perrserker|Perrserker, M|64\/100 brn\n|switch|p1a: Spewpa|Spewpa, M|100\/100\n|move|p1b: Chien-Pao|Protect|p1b: Chien-Pao\n|-singleturn|p1b: Chien-Pao|Protect\n|move|p2a: Ditto|Sucker Punch||[still]\n|-fail|p2a: Ditto\n|\n|-damage|p2b: Perrserker|57\/100 brn|[from] brn\n|upkeep\n|turn|13\n|\n|t:|1700591934\n|switch|p1a: Arcanine|Arcanine, M|46\/100\n|-ability|p1a: Arcanine|Intimidate|boost\n|-unboost|p2a: Ditto|atk|1\n|-unboost|p2b: Perrserker|atk|1\n|move|p2b: Perrserker|Fake Out|p1a: Arcanine\n|-damage|p1a: Arcanine|40\/100\n|move|p2a: Ditto|Sucker Punch|p1b: Chien-Pao\n|-resisted|p1b: Chien-Pao\n|-damage|p1b: Chien-Pao|78\/100\n|move|p1b: Chien-Pao|Sucker Punch||[still]\n|-fail|p1b: Chien-Pao\n|\n|-heal|p1a: Arcanine|46\/100|[from] item: Leftovers\n|-damage|p2b: Perrserker|51\/100 brn|[from] brn\n|upkeep\n|turn|14\n|\n|t:|1700591971\n|switch|p2a: Gastrodon|Gastrodon, F|75\/100\n|move|p1a: Arcanine|Extreme Speed|p2a: Gastrodon\n|-damage|p2a: Gastrodon|55\/100\n|move|p1b: Chien-Pao|Sucker Punch|p2b: Perrserker\n|-damage|p2b: Perrserker|0 fnt\n|faint|p2b: Perrserker\n|\n|-heal|p1a: Arcanine|53\/100|[from] item: Leftovers\n|upkeep\n|\n|t:|1700591985\n|switch|p2b: Ditto|Ditto|48\/100\n|-transform|p2b: Ditto|p1a: Arcanine|[from] ability: Imposter\n|-ability|p2b: Ditto|Intimidate|boost\n|-unboost|p1a: Arcanine|atk|1\n|-unboost|p1b: Chien-Pao|atk|1\n|turn|15\n|\n|t:|1700592011\n|switch|p1a: Dragonite|Dragonite, M|100\/100\n|move|p1b: Chien-Pao|Protect|p1b: Chien-Pao\n|-singleturn|p1b: Chien-Pao|Protect\n|move|p2b: Ditto|Extreme Speed|p1b: Chien-Pao\n|-activate|p1b: Chien-Pao|move: Protect\n|move|p2a: Gastrodon|Yawn|p1b: Chien-Pao\n|-activate|p1b: Chien-Pao|move: Protect\n|\n|upkeep\n|turn|16\n|\n|t:|1700592032\n|-terastallize|p1a: Dragonite|Normal\n|move|p2b: Ditto|Extreme Speed|p1b: Chien-Pao\n|-damage|p1b: Chien-Pao|51\/100\n|move|p1a: Dragonite|Extreme Speed|p2b: Ditto\n|-damage|p2b: Ditto|0 fnt\n|faint|p2b: Ditto\n|move|p1b: Chien-Pao|Ice Spinner|p2a: Gastrodon\n|-damage|p2a: Gastrodon|12\/100\n|move|p2a: Gastrodon|Yawn|p1a: Dragonite\n|-start|p1a: Dragonite|move: Yawn|[of] p2a: Gastrodon\n|\n|upkeep\n|\n|t:|1700592049\n|switch|p2b: Arcanine|Arcanine-Hisui, M|55\/100\n|-ability|p2b: Arcanine|Intimidate|boost\n|-fail|p1a: Dragonite|unboost|Attack|[from] ability: Inner Focus|[of] p1a: Dragonite\n|-unboost|p1b: Chien-Pao|atk|1\n|turn|17\n|\n|t:|1700592087\n|switch|p1a: Arcanine|Arcanine, M|53\/100\n|-ability|p1a: Arcanine|Intimidate|boost\n|-unboost|p2a: Gastrodon|atk|1\n|-unboost|p2b: Arcanine|atk|1\n|move|p1b: Chien-Pao|Protect|p1b: Chien-Pao\n|-singleturn|p1b: Chien-Pao|Protect\n|move|p2b: Arcanine|Rock Slide|p1b: Chien-Pao|[spread] p1a\n|-activate|p1b: Chien-Pao|move: Protect\n|-supereffective|p1a: Arcanine\n|-damage|p1a: Arcanine|0 fnt\n|faint|p1a: Arcanine\n|move|p2a: Gastrodon|Recover|p2a: Gastrodon\n|-heal|p2a: Gastrodon|62\/100\n|\n|upkeep\n|\n|t:|1700592100\n|switch|p1a: Dragonite|Dragonite, M, tera:Normal|100\/100\n|turn|18\n|\n|t:|1700592122\n|move|p1b: Chien-Pao|Protect||[still]\n|-fail|p1b: Chien-Pao\n|move|p1a: Dragonite|Extreme Speed|p2a: Gastrodon\n|-crit|p2a: Gastrodon\n|-damage|p2a: Gastrodon|0 fnt\n|faint|p2a: Gastrodon\n|move|p2b: Arcanine|Rock Slide|p1b: Chien-Pao|[spread] p1a,p1b\n|-supereffective|p1b: Chien-Pao\n|-damage|p1a: Dragonite|64\/100\n|-damage|p1b: Chien-Pao|0 fnt\n|faint|p1b: Chien-Pao\n|\n|upkeep\n|\n|t:|1700592134\n|switch|p1b: Spewpa|Spewpa, M|100\/100\n|switch|p2a: Ogerpon|Ogerpon-Hearthflame, F|82\/100\n|-ability|p2a: Ogerpon|Mold Breaker\n|turn|19\n|\n|t:|1700592158\n|move|p2a: Ogerpon|Spiky Shield|p2a: Ogerpon\n|-singleturn|p2a: Ogerpon|move: Protect\n|move|p1a: Dragonite|Extreme Speed|p2b: Arcanine\n|-resisted|p2b: Arcanine\n|-damage|p2b: Arcanine|11\/100\n|move|p1b: Spewpa|Rage Powder|p1b: Spewpa\n|-singleturn|p1b: Spewpa|move: Rage Powder\n|move|p2b: Arcanine|Rock Slide|p1b: Spewpa|[spread] p1a,p1b\n|-supereffective|p1b: Spewpa\n|-damage|p1a: Dragonite|46\/100\n|-damage|p1b: Spewpa|39\/100\n|\n|upkeep\n|turn|20\n|\n|t:|1700592175\n|move|p2a: Ogerpon|Follow Me|p2a: Ogerpon\n|-singleturn|p2a: Ogerpon|move: Follow Me\n|move|p1a: Dragonite|Extreme Speed|p2a: Ogerpon\n|-damage|p2a: Ogerpon|0 fnt\n|faint|p2a: Ogerpon\n|move|p1b: Spewpa|Rage Powder|p1b: Spewpa\n|-singleturn|p1b: Spewpa|move: Rage Powder\n|move|p2b: Arcanine|Rock Slide|p1a: Dragonite|[spread] p1b\n|-miss|p2b: Arcanine|p1a: Dragonite\n|-supereffective|p1b: Spewpa\n|-damage|p1b: Spewpa|0 fnt\n|faint|p1b: Spewpa\n|\n|upkeep\n|\n|t:|1700592181\n|switch|p1b: Tsareena|Tsareena, F|55\/100\n|turn|21\n|\n|t:|1700592192\n|move|p1a: Dragonite|Extreme Speed|p2b: Arcanine\n|-resisted|p2b: Arcanine\n|-damage|p2b: Arcanine|0 fnt\n|faint|p2b: Arcanine\n|\n|win|pawmmy\n|c|\u2606pawmmy|gg!\n|c|\u2606Bahg3012|Gg!\n|c|\u2606pawmmy|damn that was a close one\n|l|\u2606Bahg3012\n|c|\u2606pawmmy|your team was scaryyy\n|l|\u2606pawmmy\n|j|\u2606pawmmy\n|player|p1|pawmmy|lady-gen4\n","uploadtime":1700592263,"views":0,"p1id":"pawmmy","p2id":"bahg3012","formatid":"gen9doublesou","rating":0,"private":0,"password":""}