{"id":"gen9doublesou-1982714221","p1":"liljkalltheway","p2":"not howfalcons","format":"[Gen 9] Doubles OU","log":"|j|\u2606liljkalltheway\n|j|\u2606not howfalcons\n|t:|1699038141\n|gametype|doubles\n|player|p1|liljkalltheway|psychic-gen4|1630\n|player|p2|not howfalcons|clown|1592\n|teamsize|p1|6\n|teamsize|p2|6\n|gen|9\n|tier|[Gen 9] Doubles OU\n|rated|\n|rule|Species Clause: Limit one of each Pok\u00e9mon\n|rule|OHKO Clause: OHKO moves are banned\n|rule|Evasion Moves Clause: Evasion moves are banned\n|rule|Gravity Sleep Clause: The combination of sleep-inducing moves with imperfect accuracy and Gravity or Gigantamax Orbeetle are banned\n|rule|Endless Battle Clause: Forcing endless battles is banned\n|rule|HP Percentage Mod: HP is shown in percentages\n|clearpoke\n|poke|p1|Ogerpon-Wellspring, F|\n|poke|p1|Fezandipiti, M|\n|poke|p1|Ursaluna-Bloodmoon, M|\n|poke|p1|Golem-Alola, F|\n|poke|p1|Chien-Pao|\n|poke|p1|Sinistcha|\n|poke|p2|Grimmsnarl, M|\n|poke|p2|Palafin, F|\n|poke|p2|Iron Hands|\n|poke|p2|Cresselia, F|\n|poke|p2|Rillaboom, F|\n|poke|p2|Heatran, M|\n|teampreview\n|\n|t:|1699038147\n|start\n|switch|p1a: Golem|Golem-Alola, F|100\/100\n|switch|p1b: Chien-Pao|Chien-Pao|100\/100\n|switch|p2a: Billygoats Gruff|Grimmsnarl, M, shiny|100\/100\n|switch|p2b: Dolph Lundgren|Palafin, F|100\/100\n|-ability|p1b: Chien-Pao|Sword of Ruin\n|turn|1\n|\n|t:|1699038165\n|detailschange|p2b: Dolph Lundgren|Palafin-Hero, F\n|switch|p2b: Sweet Science|Iron Hands|100\/100\n|move|p1b: Chien-Pao|Protect|p1b: Chien-Pao\n|-singleturn|p1b: Chien-Pao|Protect\n|move|p2a: Billygoats Gruff|Reflect|p2a: Billygoats Gruff\n|-sidestart|p2: not howfalcons|Reflect\n|move|p1a: Golem|Thunder Punch|p2b: Sweet Science\n|-resisted|p2b: Sweet Science\n|-damage|p2b: Sweet Science|87\/100\n|\n|-heal|p2b: Sweet Science|94\/100|[from] item: Leftovers\n|upkeep\n|turn|2\n|\n|t:|1699038186\n|switch|p1b: Sinistcha|Sinistcha|100\/100\n|move|p2a: Billygoats Gruff|Light Screen|p2a: Billygoats Gruff\n|-sidestart|p2: not howfalcons|move: Light Screen\n|move|p2b: Sweet Science|Swords Dance|p2b: Sweet Science\n|-boost|p2b: Sweet Science|atk|2\n|move|p1a: Golem|Stealth Rock|p2a: Billygoats Gruff\n|-sidestart|p2: not howfalcons|move: Stealth Rock\n|\n|-heal|p2b: Sweet Science|99\/100|[from] item: Leftovers\n|upkeep\n|turn|3\n|inactive|Battle timer is ON: inactive players will automatically lose when time's up. (requested by liljkalltheway)\n|\n|t:|1699038214\n|move|p2a: Billygoats Gruff|Parting Shot|p1b: Sinistcha\n|-unboost|p1b: Sinistcha|atk|1\n|-unboost|p1b: Sinistcha|spa|1\n|\n|t:|1699038218\n|switch|p2a: Froggetabout it|Heatran, M|100\/100|[from] Parting Shot\n|-damage|p2a: Froggetabout it|88\/100|[from] Stealth Rock\n|move|p1b: Sinistcha|Calm Mind|p1b: Sinistcha\n|-boost|p1b: Sinistcha|spa|1\n|-boost|p1b: Sinistcha|spd|1\n|move|p2b: Sweet Science|Drain Punch|p1a: Golem\n|-supereffective|p1a: Golem\n|-ability|p1a: Golem|Sturdy\n|-damage|p1a: Golem|1\/100\n|-heal|p2b: Sweet Science|100\/100|[from] drain|[of] p1a: Golem\n|move|p1a: Golem|Rock Slide|p2a: Froggetabout it|[spread] p2a,p2b\n|-resisted|p2b: Sweet Science\n|-damage|p2a: Froggetabout it|70\/100\n|-damage|p2b: Sweet Science|93\/100\n|\n|-heal|p2b: Sweet Science|99\/100|[from] item: Leftovers\n|upkeep\n|turn|4\n|-enditem|p1a: Golem|Custap Berry|[eat]\n|-activate|p1a: Golem|item: Custap Berry|[consumed]\n|\n|t:|1699038246\n|move|p1a: Golem|Rock Slide|p2a: Froggetabout it|[spread] p2a,p2b\n|-resisted|p2b: Sweet Science\n|-damage|p2a: Froggetabout it|52\/100\n|-damage|p2b: Sweet Science|92\/100\n|move|p2a: Froggetabout it|Heat Wave|p1a: Golem|[spread] p1a\n|-miss|p2a: Froggetabout it|p1b: Sinistcha\n|-resisted|p1a: Golem\n|-damage|p1a: Golem|0 fnt\n|faint|p1a: Golem\n|move|p1b: Sinistcha|Strength Sap|p2b: Sweet Science\n|-unboost|p2b: Sweet Science|atk|1\n|move|p2b: Sweet Science|Thunder Punch|p1b: Sinistcha\n|-resisted|p1b: Sinistcha\n|-damage|p1b: Sinistcha|77\/100\n|\n|-heal|p1b: Sinistcha|83\/100|[from] item: Leftovers\n|-heal|p2b: Sweet Science|98\/100|[from] item: Leftovers\n|upkeep\n|inactive|liljkalltheway has 120 seconds left.\n|\n|t:|1699038263\n|switch|p1a: Ogerpon|Ogerpon-Wellspring, F|100\/100\n|turn|5\n|inactive|not howfalcons has 120 seconds left.\n|\n|t:|1699038293\n|move|p1a: Ogerpon|Ivy Cudgel|p2a: Froggetabout it\n|-supereffective|p2a: Froggetabout it\n|-damage|p2a: Froggetabout it|0 fnt\n|faint|p2a: Froggetabout it\n|move|p1b: Sinistcha|Calm Mind|p1b: Sinistcha\n|-boost|p1b: Sinistcha|spa|1\n|-boost|p1b: Sinistcha|spd|1\n|move|p2b: Sweet Science|Swords Dance|p2b: Sweet Science\n|-boost|p2b: Sweet Science|atk|2\n|\n|-heal|p1b: Sinistcha|89\/100|[from] item: Leftovers\n|-heal|p2b: Sweet Science|100\/100|[from] item: Leftovers\n|upkeep\n|inactive|not howfalcons has 120 seconds left.\n|\n|t:|1699038305\n|switch|p2a: Dolph Lundgren|Palafin-Hero, F|100\/100\n|-damage|p2a: Dolph Lundgren|88\/100|[from] Stealth Rock\n|-activate|p2a: Dolph Lundgren|ability: Zero to Hero\n|turn|6\n|\n|t:|1699038314\n|-terastallize|p2a: Dolph Lundgren|Grass\n|move|p1a: Ogerpon|Horn Leech|p2a: Dolph Lundgren\n|-resisted|p2a: Dolph Lundgren\n|-damage|p2a: Dolph Lundgren|77\/100\n|move|p2a: Dolph Lundgren|Bulk Up|p2a: Dolph Lundgren\n|-boost|p2a: Dolph Lundgren|atk|1\n|-boost|p2a: Dolph Lundgren|def|1\n|move|p1b: Sinistcha|Matcha Gotcha|p2a: Dolph Lundgren|[spread] p2a,p2b\n|-resisted|p2a: Dolph Lundgren\n|-damage|p2a: Dolph Lundgren|69\/100\n|-heal|p1b: Sinistcha|94\/100|[from] drain|[of] p2a: Dolph Lundgren\n|-damage|p2b: Sweet Science|80\/100\n|-heal|p1b: Sinistcha|100\/100|[from] drain|[of] p2b: Sweet Science\n|-status|p2b: Sweet Science|brn\n|move|p2b: Sweet Science|Drain Punch|p1a: Ogerpon\n|-damage|p1a: Ogerpon|40\/100\n|-heal|p2b: Sweet Science|100\/100 brn|[from] drain|[of] p1a: Ogerpon\n|\n|-heal|p2a: Dolph Lundgren|75\/100|[from] item: Leftovers\n|-damage|p2b: Sweet Science|94\/100 brn|[from] brn\n|upkeep\n|turn|7\n|\n|t:|1699038339\n|move|p1a: Ogerpon|Spiky Shield|p1a: Ogerpon\n|-singleturn|p1a: Ogerpon|move: Protect\n|move|p2a: Dolph Lundgren|Bulk Up|p2a: Dolph Lundgren\n|-boost|p2a: Dolph Lundgren|atk|1\n|-boost|p2a: Dolph Lundgren|def|1\n|move|p1b: Sinistcha|Shadow Ball|p2a: Dolph Lundgren\n|-damage|p2a: Dolph Lundgren|51\/100\n|move|p2b: Sweet Science|Thunder Punch|p1a: Ogerpon\n|-activate|p1a: Ogerpon|move: Protect\n|-damage|p2b: Sweet Science|82\/100 brn|[from] Spiky Shield|[of] p1a: Ogerpon\n|\n|-heal|p2a: Dolph Lundgren|58\/100|[from] item: Leftovers\n|-heal|p2b: Sweet Science|88\/100 brn|[from] item: Leftovers\n|-damage|p2b: Sweet Science|82\/100 brn|[from] brn\n|upkeep\n|turn|8\n|inactive|liljkalltheway has 120 seconds left.\n|\n|t:|1699038370\n|switch|p1a: Ursaluna|Ursaluna-Bloodmoon, M|100\/100\n|-end|p2b: Sweet Science|Quark Drive|[silent]\n|switch|p2b: Billygoats Gruff|Grimmsnarl, M, shiny|100\/100\n|-damage|p2b: Billygoats Gruff|88\/100|[from] Stealth Rock\n|move|p2a: Dolph Lundgren|Drain Punch|p1a: Ursaluna\n|-supereffective|p1a: Ursaluna\n|-damage|p1a: Ursaluna|34\/100\n|-heal|p2a: Dolph Lundgren|93\/100|[from] drain|[of] p1a: Ursaluna\n|move|p1b: Sinistcha|Shadow Ball|p2a: Dolph Lundgren\n|-crit|p2a: Dolph Lundgren\n|-damage|p2a: Dolph Lundgren|39\/100\n|\n|-heal|p2a: Dolph Lundgren|45\/100|[from] item: Leftovers\n|-heal|p1a: Ursaluna|40\/100|[from] item: Leftovers\n|-sideend|p2: not howfalcons|Reflect\n|upkeep\n|turn|9\n|\n|t:|1699038392\n|move|p1a: Ursaluna|Protect|p1a: Ursaluna\n|-singleturn|p1a: Ursaluna|Protect\n|move|p2a: Dolph Lundgren|Jet Punch|p1a: Ursaluna\n|-activate|p1a: Ursaluna|move: Protect\n|move|p1b: Sinistcha|Shadow Ball|p2a: Dolph Lundgren\n|-damage|p2a: Dolph Lundgren|23\/100\n|move|p2b: Billygoats Gruff|Spirit Break|p1b: Sinistcha\n|-damage|p1b: Sinistcha|77\/100\n|-unboost|p1b: Sinistcha|spa|1\n|\n|-heal|p2a: Dolph Lundgren|29\/100|[from] item: Leftovers\n|-heal|p1b: Sinistcha|83\/100|[from] item: Leftovers\n|-heal|p1a: Ursaluna|47\/100|[from] item: Leftovers\n|-sideend|p2: not howfalcons|move: Light Screen\n|upkeep\n|turn|10\n|\n|t:|1699038416\n|switch|p1a: Ogerpon|Ogerpon-Wellspring, F|40\/100\n|move|p2b: Billygoats Gruff|Light Screen|p2b: Billygoats Gruff\n|-sidestart|p2: not howfalcons|move: Light Screen\n|move|p2a: Dolph Lundgren|Drain Punch|p1a: Ogerpon\n|-damage|p1a: Ogerpon|0 fnt\n|-heal|p2a: Dolph Lundgren|47\/100|[from] drain|[of] p1a: Ogerpon\n|faint|p1a: Ogerpon\n|move|p1b: Sinistcha|Shadow Ball|p2a: Dolph Lundgren\n|-damage|p2a: Dolph Lundgren|33\/100\n|-unboost|p2a: Dolph Lundgren|spd|1\n|\n|-heal|p2a: Dolph Lundgren|39\/100|[from] item: Leftovers\n|-heal|p1b: Sinistcha|89\/100|[from] item: Leftovers\n|upkeep\n|inactive|liljkalltheway has 120 seconds left.\n|\n|t:|1699038432\n|switch|p1a: Fezandipiti|Fezandipiti, M|100\/100\n|turn|11\n|\n|t:|1699038446\n|move|p2a: Dolph Lundgren|Jet Punch|p1a: Fezandipiti\n|-damage|p1a: Fezandipiti|41\/100\n|-enditem|p1a: Fezandipiti|Sitrus Berry|[eat]\n|-heal|p1a: Fezandipiti|66\/100|[from] item: Sitrus Berry\n|move|p1a: Fezandipiti|Icy Wind|p2a: Dolph Lundgren|[spread] p2a,p2b\n|-supereffective|p2a: Dolph Lundgren\n|-damage|p2a: Dolph Lundgren|29\/100\n|-damage|p2b: Billygoats Gruff|83\/100\n|-unboost|p2a: Dolph Lundgren|spe|1\n|-unboost|p2b: Billygoats Gruff|spe|1\n|move|p1b: Sinistcha|Shadow Ball|p2a: Dolph Lundgren\n|-damage|p2a: Dolph Lundgren|6\/100\n|move|p2b: Billygoats Gruff|Spirit Break|p1b: Sinistcha\n|-crit|p1b: Sinistcha\n|-damage|p1b: Sinistcha|55\/100\n|-unboost|p1b: Sinistcha|spa|1\n|\n|-heal|p1b: Sinistcha|61\/100|[from] item: Leftovers\n|-heal|p2a: Dolph Lundgren|12\/100|[from] item: Leftovers\n|upkeep\n|turn|12\n|inactive|liljkalltheway has 120 seconds left.\n|inactive|not howfalcons has 120 seconds left.\n|\n|t:|1699038480\n|move|p2a: Dolph Lundgren|Protect|p2a: Dolph Lundgren\n|-singleturn|p2a: Dolph Lundgren|Protect\n|move|p1a: Fezandipiti|Dazzling Gleam|p2b: Billygoats Gruff|[spread] p2b\n|-activate|p2a: Dolph Lundgren|move: Protect\n|-supereffective|p2b: Billygoats Gruff\n|-damage|p2b: Billygoats Gruff|60\/100\n|move|p1b: Sinistcha|Calm Mind|p1b: Sinistcha\n|-boost|p1b: Sinistcha|spa|1\n|-boost|p1b: Sinistcha|spd|1\n|move|p2b: Billygoats Gruff|Spirit Break|p1b: Sinistcha\n|-damage|p1b: Sinistcha|37\/100\n|-unboost|p1b: Sinistcha|spa|1\n|\n|-heal|p1b: Sinistcha|43\/100|[from] item: Leftovers\n|-heal|p2a: Dolph Lundgren|18\/100|[from] item: Leftovers\n|upkeep\n|turn|13\n|\n|t:|1699038498\n|move|p2a: Dolph Lundgren|Jet Punch|p1a: Fezandipiti\n|-damage|p1a: Fezandipiti|5\/100\n|move|p1a: Fezandipiti|Dazzling Gleam|p2b: Billygoats Gruff|[spread] p2a,p2b\n|-supereffective|p2b: Billygoats Gruff\n|-damage|p2a: Dolph Lundgren|7\/100\n|-damage|p2b: Billygoats Gruff|37\/100\n|move|p1b: Sinistcha|Strength Sap|p2a: Dolph Lundgren\n|-unboost|p2a: Dolph Lundgren|atk|1\n|-heal|p1b: Sinistcha|100\/100\n|move|p2b: Billygoats Gruff|Spirit Break|p1b: Sinistcha\n|-damage|p1b: Sinistcha|77\/100\n|-unboost|p1b: Sinistcha|spa|1\n|\n|-heal|p1b: Sinistcha|83\/100|[from] item: Leftovers\n|-heal|p2a: Dolph Lundgren|14\/100|[from] item: Leftovers\n|upkeep\n|turn|14\n|\n|t:|1699038524\n|move|p2a: Dolph Lundgren|Jet Punch|p1a: Fezandipiti\n|-damage|p1a: Fezandipiti|0 fnt\n|faint|p1a: Fezandipiti\n|move|p1b: Sinistcha|Shadow Ball|p2a: Dolph Lundgren\n|-damage|p2a: Dolph Lundgren|3\/100\n|move|p2b: Billygoats Gruff|Spirit Break|p1b: Sinistcha\n|-damage|p1b: Sinistcha|61\/100\n|-unboost|p1b: Sinistcha|spa|1\n|\n|-heal|p1b: Sinistcha|67\/100|[from] item: Leftovers\n|-heal|p2a: Dolph Lundgren|9\/100|[from] item: Leftovers\n|upkeep\n|inactive|liljkalltheway has 120 seconds left.\n|\n|t:|1699038535\n|switch|p1a: Chien-Pao|Chien-Pao|100\/100\n|-ability|p1a: Chien-Pao|Sword of Ruin\n|turn|15\n|\n|t:|1699038543\n|move|p2a: Dolph Lundgren|Protect|p2a: Dolph Lundgren\n|-singleturn|p2a: Dolph Lundgren|Protect\n|move|p1a: Chien-Pao|Ice Shard|p2a: Dolph Lundgren\n|-activate|p2a: Dolph Lundgren|move: Protect\n|move|p2b: Billygoats Gruff|Reflect|p2b: Billygoats Gruff\n|-sidestart|p2: not howfalcons|Reflect\n|move|p1b: Sinistcha|Calm Mind|p1b: Sinistcha\n|-boost|p1b: Sinistcha|spa|1\n|-boost|p1b: Sinistcha|spd|1\n|\n|-heal|p1b: Sinistcha|73\/100|[from] item: Leftovers\n|-heal|p2a: Dolph Lundgren|16\/100|[from] item: Leftovers\n|upkeep\n|turn|16\n|\n|t:|1699038564\n|move|p1a: Chien-Pao|Ice Spinner|p2a: Dolph Lundgren\n|-supereffective|p2a: Dolph Lundgren\n|-damage|p2a: Dolph Lundgren|0 fnt\n|faint|p2a: Dolph Lundgren\n|-damage|p1a: Chien-Pao|91\/100|[from] item: Life Orb\n|move|p1b: Sinistcha|Calm Mind|p1b: Sinistcha\n|-boost|p1b: Sinistcha|spa|1\n|-boost|p1b: Sinistcha|spd|1\n|move|p2b: Billygoats Gruff|Spirit Break|p1b: Sinistcha\n|-damage|p1b: Sinistcha|43\/100\n|-unboost|p1b: Sinistcha|spa|1\n|\n|-heal|p1b: Sinistcha|49\/100|[from] item: Leftovers\n|upkeep\n|\n|t:|1699038574\n|switch|p2a: Duck and Cover|Cresselia, F|100\/100\n|-damage|p2a: Duck and Cover|88\/100|[from] Stealth Rock\n|turn|17\n|\n|t:|1699038589\n|move|p1a: Chien-Pao|Ice Spinner|p2b: Billygoats Gruff\n|-damage|p2b: Billygoats Gruff|0 fnt\n|faint|p2b: Billygoats Gruff\n|-damage|p1a: Chien-Pao|81\/100|[from] item: Life Orb\n|move|p1b: Sinistcha|Calm Mind|p1b: Sinistcha\n|-boost|p1b: Sinistcha|spa|1\n|-boost|p1b: Sinistcha|spd|1\n|move|p2a: Duck and Cover|Trick Room|p2a: Duck and Cover\n|-fieldstart|move: Trick Room|[of] p2a: Duck and Cover\n|\n|-heal|p1b: Sinistcha|55\/100|[from] item: Leftovers\n|-sideend|p2: not howfalcons|move: Light Screen\n|upkeep\n|\n|t:|1699038591\n|switch|p2b: Sweet Science|Iron Hands|82\/100 brn\n|-damage|p2b: Sweet Science|76\/100 brn|[from] Stealth Rock\n|turn|18\n|\n|t:|1699038606\n|move|p1a: Chien-Pao|Protect|p1a: Chien-Pao\n|-singleturn|p1a: Chien-Pao|Protect\n|move|p2b: Sweet Science|Swords Dance|p2b: Sweet Science\n|-boost|p2b: Sweet Science|atk|2\n|move|p1b: Sinistcha|Strength Sap|p2b: Sweet Science\n|-unboost|p2b: Sweet Science|atk|1\n|-heal|p1b: Sinistcha|100\/100\n|move|p2a: Duck and Cover|Lunar Blessing|p2a: Duck and Cover|[spread] p2a,p2b\n|-heal|p2a: Duck and Cover|100\/100\n|-heal|p2b: Sweet Science|100\/100 brn\n|-curestatus|p2b: Sweet Science|brn|[msg]\n|\n|upkeep\n|turn|19\n|inactive|liljkalltheway has 120 seconds left.\n|\n|t:|1699038639\n|switch|p1a: Ursaluna|Ursaluna-Bloodmoon, M|47\/100\n|move|p2b: Sweet Science|Drain Punch|p1a: Ursaluna\n|-supereffective|p1a: Ursaluna\n|-damage|p1a: Ursaluna|0 fnt\n|faint|p1a: Ursaluna\n|move|p1b: Sinistcha|Calm Mind|p1b: Sinistcha\n|-boost|p1b: Sinistcha|spa|1\n|-boost|p1b: Sinistcha|spd|0\n|move|p2a: Duck and Cover|Calm Mind|p2a: Duck and Cover\n|-boost|p2a: Duck and Cover|spa|1\n|-boost|p2a: Duck and Cover|spd|1\n|\n|upkeep\n|inactive|liljkalltheway has 120 seconds left.\n|\n|t:|1699038649\n|switch|p1a: Chien-Pao|Chien-Pao|81\/100\n|-ability|p1a: Chien-Pao|Sword of Ruin\n|turn|20\n|\n|t:|1699038659\n|move|p1a: Chien-Pao|Protect|p1a: Chien-Pao\n|-singleturn|p1a: Chien-Pao|Protect\n|move|p2b: Sweet Science|Swords Dance|p2b: Sweet Science\n|-boost|p2b: Sweet Science|atk|2\n|move|p1b: Sinistcha|Matcha Gotcha|p2a: Duck and Cover|[spread] p2a,p2b\n|-damage|p2a: Duck and Cover|92\/100\n|-damage|p2b: Sweet Science|82\/100\n|-status|p2a: Duck and Cover|brn\n|-status|p2b: Sweet Science|brn\n|move|p2a: Duck and Cover|Calm Mind|p2a: Duck and Cover\n|-boost|p2a: Duck and Cover|spa|1\n|-boost|p2a: Duck and Cover|spd|1\n|\n|-heal|p2b: Sweet Science|89\/100 brn|[from] item: Leftovers\n|-damage|p2b: Sweet Science|82\/100 brn|[from] brn\n|-damage|p2a: Duck and Cover|86\/100 brn|[from] brn\n|upkeep\n|turn|21\n|\n|t:|1699038684\n|move|p2b: Sweet Science|Drain Punch|p1a: Chien-Pao\n|-supereffective|p1a: Chien-Pao\n|-damage|p1a: Chien-Pao|0 fnt\n|-heal|p2b: Sweet Science|100\/100 brn|[from] drain|[of] p1a: Chien-Pao\n|faint|p1a: Chien-Pao\n|move|p1b: Sinistcha|Matcha Gotcha|p2a: Duck and Cover|[spread] p2a,p2b\n|-crit|p2b: Sweet Science\n|-damage|p2a: Duck and Cover|79\/100 brn\n|-damage|p2b: Sweet Science|72\/100 brn\n|move|p2a: Duck and Cover|Calm Mind|p2a: Duck and Cover\n|-boost|p2a: Duck and Cover|spa|1\n|-boost|p2a: Duck and Cover|spd|1\n|\n|-heal|p2b: Sweet Science|78\/100 brn|[from] item: Leftovers\n|-damage|p2b: Sweet Science|72\/100 brn|[from] brn\n|-damage|p2a: Duck and Cover|73\/100 brn|[from] brn\n|-fieldend|move: Trick Room\n|upkeep\n|turn|22\n|\n|t:|1699038701\n|move|p2a: Duck and Cover|Lunar Blessing|p2a: Duck and Cover|[spread] p2a,p2b\n|-heal|p2a: Duck and Cover|98\/100 brn\n|-curestatus|p2a: Duck and Cover|brn|[msg]\n|-heal|p2b: Sweet Science|96\/100 brn\n|-curestatus|p2b: Sweet Science|brn|[msg]\n|move|p1b: Sinistcha|Calm Mind|p1b: Sinistcha\n|-boost|p1b: Sinistcha|spa|1\n|-boost|p1b: Sinistcha|spd|0\n|move|p2b: Sweet Science|Thunder Punch|p1b: Sinistcha\n|-resisted|p1b: Sinistcha\n|-crit|p1b: Sinistcha\n|-damage|p1b: Sinistcha|37\/100\n|\n|-heal|p1b: Sinistcha|43\/100|[from] item: Leftovers\n|-heal|p2b: Sweet Science|100\/100|[from] item: Leftovers\n|-sideend|p2: not howfalcons|Reflect\n|upkeep\n|turn|23\n|\n|t:|1699038717\n|move|p2a: Duck and Cover|Calm Mind|p2a: Duck and Cover\n|-boost|p2a: Duck and Cover|spa|1\n|-boost|p2a: Duck and Cover|spd|1\n|move|p1b: Sinistcha|Matcha Gotcha|p2b: Sweet Science|[spread] p2a,p2b\n|-damage|p2a: Duck and Cover|91\/100\n|-heal|p1b: Sinistcha|48\/100|[from] drain|[of] p2a: Duck and Cover\n|-damage|p2b: Sweet Science|71\/100\n|-heal|p1b: Sinistcha|67\/100|[from] drain|[of] p2b: Sweet Science\n|move|p2b: Sweet Science|Thunder Punch|p1b: Sinistcha\n|-resisted|p1b: Sinistcha\n|-damage|p1b: Sinistcha|23\/100\n|\n|-heal|p1b: Sinistcha|29\/100|[from] item: Leftovers\n|-heal|p2b: Sweet Science|77\/100|[from] item: Leftovers\n|upkeep\n|turn|24\n|\n|t:|1699038734\n|move|p2a: Duck and Cover|Psychic|p1b: Sinistcha\n|-damage|p1b: Sinistcha|6\/100\n|move|p1b: Sinistcha|Strength Sap|p2b: Sweet Science\n|-unboost|p2b: Sweet Science|atk|1\n|-heal|p1b: Sinistcha|100\/100\n|move|p2b: Sweet Science|Thunder Punch|p1b: Sinistcha\n|-resisted|p1b: Sinistcha\n|-damage|p1b: Sinistcha|65\/100\n|\n|-heal|p1b: Sinistcha|71\/100|[from] item: Leftovers\n|-heal|p2b: Sweet Science|84\/100|[from] item: Leftovers\n|upkeep\n|turn|25\n|\n|t:|1699038746\n|move|p2a: Duck and Cover|Calm Mind|p2a: Duck and Cover\n|-boost|p2a: Duck and Cover|spa|1\n|-boost|p2a: Duck and Cover|spd|1\n|move|p1b: Sinistcha|Matcha Gotcha|p2b: Sweet Science|[spread] p2a,p2b\n|-damage|p2a: Duck and Cover|85\/100\n|-heal|p1b: Sinistcha|75\/100|[from] drain|[of] p2a: Duck and Cover\n|-damage|p2b: Sweet Science|55\/100\n|-heal|p1b: Sinistcha|94\/100|[from] drain|[of] p2b: Sweet Science\n|move|p2b: Sweet Science|Swords Dance|p2b: Sweet Science\n|-boost|p2b: Sweet Science|atk|2\n|\n|-heal|p1b: Sinistcha|99\/100|[from] item: Leftovers\n|-heal|p2b: Sweet Science|61\/100|[from] item: Leftovers\n|upkeep\n|turn|26\n|\n|t:|1699038761\n|move|p2a: Duck and Cover|Calm Mind|p2a: Duck and Cover\n|-boost|p2a: Duck and Cover|spa|1\n|-boost|p2a: Duck and Cover|spd|1\n|move|p1b: Sinistcha|Matcha Gotcha|p2b: Sweet Science|[spread] p2a,p2b\n|-damage|p2a: Duck and Cover|80\/100\n|-heal|p1b: Sinistcha|100\/100|[from] drain|[of] p2a: Duck and Cover\n|-damage|p2b: Sweet Science|32\/100\n|-status|p2a: Duck and Cover|brn\n|move|p2b: Sweet Science|Thunder Punch|p1b: Sinistcha\n|-resisted|p1b: Sinistcha\n|-damage|p1b: Sinistcha|46\/100\n|\n|-heal|p1b: Sinistcha|52\/100|[from] item: Leftovers\n|-heal|p2b: Sweet Science|38\/100|[from] item: Leftovers\n|-damage|p2a: Duck and Cover|74\/100 brn|[from] brn\n|upkeep\n|turn|27\n|\n|t:|1699038780\n|move|p2b: Sweet Science|Protect|p2b: Sweet Science\n|-singleturn|p2b: Sweet Science|Protect\n|move|p2a: Duck and Cover|Psychic|p1b: Sinistcha\n|-damage|p1b: Sinistcha|25\/100\n|move|p1b: Sinistcha|Strength Sap|p2b: Sweet Science\n|-activate|p2b: Sweet Science|move: Protect\n|\n|-heal|p1b: Sinistcha|31\/100|[from] item: Leftovers\n|-heal|p2b: Sweet Science|44\/100|[from] item: Leftovers\n|-damage|p2a: Duck and Cover|68\/100 brn|[from] brn\n|upkeep\n|turn|28\n|\n|t:|1699038792\n|move|p2a: Duck and Cover|Psychic|p1b: Sinistcha\n|-damage|p1b: Sinistcha|5\/100\n|move|p1b: Sinistcha|Strength Sap|p2b: Sweet Science\n|-unboost|p2b: Sweet Science|atk|1\n|-heal|p1b: Sinistcha|100\/100\n|move|p2b: Sweet Science|Thunder Punch|p1b: Sinistcha\n|-resisted|p1b: Sinistcha\n|-damage|p1b: Sinistcha|57\/100\n|\n|-heal|p1b: Sinistcha|64\/100|[from] item: Leftovers\n|-heal|p2b: Sweet Science|50\/100|[from] item: Leftovers\n|-damage|p2a: Duck and Cover|62\/100 brn|[from] brn\n|upkeep\n|turn|29\n|\n|t:|1699038807\n|move|p2b: Sweet Science|Protect|p2b: Sweet Science\n|-singleturn|p2b: Sweet Science|Protect\n|move|p2a: Duck and Cover|Lunar Blessing|p2a: Duck and Cover|[spread] p2a,p2b\n|-heal|p2a: Duck and Cover|87\/100 brn\n|-curestatus|p2a: Duck and Cover|brn|[msg]\n|-heal|p2b: Sweet Science|75\/100\n|move|p1b: Sinistcha|Calm Mind|p1b: Sinistcha\n|-boost|p1b: Sinistcha|spa|1\n|-boost|p1b: Sinistcha|spd|0\n|\n|-heal|p1b: Sinistcha|70\/100|[from] item: Leftovers\n|-heal|p2b: Sweet Science|82\/100|[from] item: Leftovers\n|upkeep\n|turn|30\n|\n|t:|1699038819\n|move|p2a: Duck and Cover|Psychic|p1b: Sinistcha\n|-damage|p1b: Sinistcha|41\/100\n|move|p1b: Sinistcha|Matcha Gotcha|p2a: Duck and Cover|[spread] p2a\n|-miss|p1b: Sinistcha|p2b: Sweet Science\n|-damage|p2a: Duck and Cover|80\/100\n|-heal|p1b: Sinistcha|45\/100|[from] drain|[of] p2a: Duck and Cover\n|move|p2b: Sweet Science|Thunder Punch|p1b: Sinistcha\n|-resisted|p1b: Sinistcha\n|-damage|p1b: Sinistcha|2\/100\n|\n|-heal|p1b: Sinistcha|8\/100|[from] item: Leftovers\n|-heal|p2b: Sweet Science|88\/100|[from] item: Leftovers\n|upkeep\n|turn|31\n|\n|t:|1699038834\n|move|p2a: Duck and Cover|Psychic|p1b: Sinistcha\n|-damage|p1b: Sinistcha|0 fnt\n|faint|p1b: Sinistcha\n|\n|win|not howfalcons\n|raw|liljkalltheway's rating: 1630 &rarr; <strong>1608<\/strong><br \/>(-22 for losing)\n|raw|not howfalcons's rating: 1592 &rarr; <strong>1614<\/strong><br \/>(+22 for winning)\n|l|\u2606liljkalltheway\n|c|\u2606not howfalcons|GG\n|c|\u2606not howfalcons|Wp\n|c|\u2606not howfalcons|Close one\n","uploadtime":1699038844,"views":34,"p1id":"liljkalltheway","p2id":"nothowfalcons","formatid":"gen9doublesou","rating":1608,"private":0,"password":""}