{"id":"gen9doublesou-1988194620","p1":"Kingkhy25","p2":"SaturnFr3ak","format":"[Gen 9] Doubles OU","log":"|j|\u2606Kingkhy25\n|j|\u2606SaturnFr3ak\n|t:|1699682968\n|gametype|doubles\n|player|p1|Kingkhy25|harlequin|1348\n|player|p2|SaturnFr3ak|mina|1397\n|teamsize|p1|6\n|teamsize|p2|6\n|gen|9\n|tier|[Gen 9] Doubles OU\n|rated|\n|rule|Species Clause: Limit one of each Pok\u00e9mon\n|rule|OHKO Clause: OHKO moves are banned\n|rule|Evasion Moves Clause: Evasion moves are banned\n|rule|Gravity Sleep Clause: The combination of sleep-inducing moves with imperfect accuracy and Gravity or Gigantamax Orbeetle are banned\n|rule|Endless Battle Clause: Forcing endless battles is banned\n|rule|HP Percentage Mod: HP is shown in percentages\n|clearpoke\n|poke|p1|Kommo-o, M|\n|poke|p1|Grimmsnarl, M|\n|poke|p1|Pincurchin, M|\n|poke|p1|Iron Valiant|\n|poke|p1|Milotic, M|\n|poke|p1|Moltres-Galar|\n|poke|p2|Stonjourner, F|\n|poke|p2|Chi-Yu|\n|poke|p2|Passimian, M|\n|poke|p2|Flutter Mane|\n|poke|p2|Muk-Alola, M|\n|poke|p2|Sinistcha-Masterpiece|\n|teampreview\n|inactive|Battle timer is ON: inactive players will automatically lose when time's up. (requested by Kingkhy25)\n|\n|t:|1699682987\n|start\n|switch|p1a: Grimmsnarl|Grimmsnarl, M, shiny|100\/100\n|switch|p1b: Moltres|Moltres-Galar, shiny|100\/100\n|switch|p2a: OJ|Passimian, M, shiny|100\/100\n|switch|p2b: Roxie|Stonjourner, F, shiny|100\/100\n|turn|1\n|\n|t:|1699683012\n|switch|p1b: Pincurchin|Pincurchin, M, shiny|100\/100\n|-fieldstart|move: Electric Terrain|[from] ability: Electric Surge|[of] p1b: Pincurchin\n|move|p1a: Grimmsnarl|Reflect|p1a: Grimmsnarl\n|-sidestart|p1: Kingkhy25|Reflect\n|move|p2a: OJ|Close Combat|p1a: Grimmsnarl\n|-damage|p1a: Grimmsnarl|45\/100\n|-unboost|p2a: OJ|def|1\n|-unboost|p2a: OJ|spd|1\n|move|p2b: Roxie|Sunny Day|p2b: Roxie\n|-weather|SunnyDay\n|\n|-weather|SunnyDay|[upkeep]\n|upkeep\n|turn|2\n|\n|t:|1699683032\n|move|p2a: OJ|Close Combat|p1a: Grimmsnarl\n|-damage|p1a: Grimmsnarl|0 fnt\n|-unboost|p2a: OJ|def|1\n|-unboost|p2a: OJ|spd|1\n|faint|p1a: Grimmsnarl\n|move|p2b: Roxie|Heat Crash|p1b: Pincurchin\n|-damage|p1b: Pincurchin|71\/100\n|-enditem|p1b: Pincurchin|Red Card|[of] p2b: Roxie\n|drag|p2b: Nemo|Chi-Yu|100\/100\n|-ability|p2b: Nemo|Beads of Ruin\n|move|p1b: Pincurchin|Spikes|p2b: Nemo\n|-sidestart|p2: SaturnFr3ak|Spikes\n|\n|-weather|SunnyDay|[upkeep]\n|upkeep\n|inactive|Kingkhy25 has 120 seconds left.\n|\n|t:|1699683049\n|switch|p1a: Milotic|Milotic, M, shiny|100\/100\n|turn|3\n|\n|t:|1699683072\n|switch|p2a: Roxie|Stonjourner, F, shiny|100\/100\n|-damage|p2a: Roxie|88\/100|[from] Spikes\n|move|p2b: Nemo|Heat Wave|p1a: Milotic|[spread] p1a,p1b\n|-resisted|p1a: Milotic\n|-damage|p1a: Milotic|47\/100\n|-damage|p1b: Pincurchin|0 fnt\n|faint|p1b: Pincurchin\n|move|p1a: Milotic|Scald|p2a: Roxie\n|-supereffective|p2a: Roxie\n|-damage|p2a: Roxie|21\/100\n|\n|-weather|SunnyDay|[upkeep]\n|-heal|p1a: Milotic|54\/100|[from] item: Leftovers\n|upkeep\n|\n|t:|1699683087\n|switch|p1b: Kommo-o|Kommo-o, M, shiny|100\/100\n|turn|4\n|\n|t:|1699683114\n|switch|p2b: OJ|Passimian, M, shiny|100\/100\n|-damage|p2b: OJ|88\/100|[from] Spikes\n|-terastallize|p1b: Kommo-o|Water\n|move|p1a: Milotic|Protect|p1a: Milotic\n|-singleturn|p1a: Milotic|Protect\n|move|p1b: Kommo-o|Drain Punch|p2b: OJ\n|-damage|p2b: OJ|56\/100\n|move|p2a: Roxie|Body Press|p1b: Kommo-o\n|-damage|p1b: Kommo-o|84\/100\n|\n|-weather|SunnyDay|[upkeep]\n|-heal|p1a: Milotic|60\/100|[from] item: Leftovers\n|upkeep\n|turn|5\n|inactive|SaturnFr3ak has 120 seconds left.\n|\n|t:|1699683146\n|move|p2b: OJ|Close Combat|p1a: Milotic\n|-damage|p1a: Milotic|20\/100\n|-unboost|p2b: OJ|def|1\n|-unboost|p2b: OJ|spd|1\n|move|p1b: Kommo-o|Clangorous Soul|p1b: Kommo-o\n|-boost|p1b: Kommo-o|atk|1\n|-boost|p1b: Kommo-o|def|1\n|-boost|p1b: Kommo-o|spa|1\n|-boost|p1b: Kommo-o|spd|1\n|-boost|p1b: Kommo-o|spe|1\n|-damage|p1b: Kommo-o|52\/100\n|move|p1a: Milotic|Life Dew|p1a: Milotic|[spread] p1a,p1b\n|-heal|p1a: Milotic|45\/100\n|-heal|p1b: Kommo-o|77\/100\n|move|p2a: Roxie|Body Press|p1a: Milotic\n|-damage|p1a: Milotic|29\/100\n|\n|-weather|SunnyDay|[upkeep]\n|-heal|p1a: Milotic|35\/100|[from] item: Leftovers\n|-sideend|p1: Kingkhy25|Reflect\n|-fieldend|move: Electric Terrain\n|upkeep\n|turn|6\n|inactive|SaturnFr3ak has 120 seconds left.\n|inactive|Kingkhy25 has 120 seconds left.\n|\n|t:|1699683182\n|switch|p2b: Greed|Muk-Alola, M, shiny|100\/100\n|-damage|p2b: Greed|88\/100|[from] Spikes\n|move|p1b: Kommo-o|Substitute|p1b: Kommo-o\n|-start|p1b: Kommo-o|Substitute\n|-damage|p1b: Kommo-o|52\/100\n|move|p1a: Milotic|Scald|p2a: Roxie\n|-supereffective|p2a: Roxie\n|-damage|p2a: Roxie|0 fnt\n|faint|p2a: Roxie\n|-ability|p2b: Greed|Power Spot|[from] ability: Power of Alchemy|[of] p2a: Roxie\n|\n|-weather|SunnyDay|[upkeep]\n|-heal|p1a: Milotic|41\/100|[from] item: Leftovers\n|upkeep\n|\n|t:|1699683202\n|switch|p2a: OJ|Passimian, M, shiny|56\/100\n|-damage|p2a: OJ|44\/100|[from] Spikes\n|turn|7\n|inactive|SaturnFr3ak has 120 seconds left.\n|inactive|Kingkhy25 has 120 seconds left.\n|\n|t:|1699683234\n|move|p1b: Kommo-o|Clangorous Soul|p1b: Kommo-o\n|-boost|p1b: Kommo-o|atk|1\n|-boost|p1b: Kommo-o|def|1\n|-boost|p1b: Kommo-o|spa|1\n|-boost|p1b: Kommo-o|spd|1\n|-boost|p1b: Kommo-o|spe|1\n|-damage|p1b: Kommo-o|19\/100\n|-enditem|p1b: Kommo-o|Aguav Berry|[eat]\n|-heal|p1b: Kommo-o|52\/100|[from] item: Aguav Berry\n|move|p2a: OJ|Close Combat|p1b: Kommo-o\n|-end|p1b: Kommo-o|Substitute\n|-unboost|p2a: OJ|def|1\n|-unboost|p2a: OJ|spd|1\n|move|p1a: Milotic|Life Dew|p1a: Milotic|[spread] p1a,p1b\n|-heal|p1a: Milotic|66\/100\n|-heal|p1b: Kommo-o|78\/100\n|move|p2b: Greed|Knock Off|p1b: Kommo-o\n|-damage|p1b: Kommo-o|65\/100\n|\n|-weather|SunnyDay|[upkeep]\n|-heal|p1a: Milotic|72\/100|[from] item: Leftovers\n|upkeep\n|turn|8\n|inactive|SaturnFr3ak has 120 seconds left.\n|inactive|Kingkhy25 has 120 seconds left.\n|\n|t:|1699683264\n|move|p1b: Kommo-o|Drain Punch|p2a: OJ\n|-damage|p2a: OJ|0 fnt\n|-heal|p1b: Kommo-o|86\/100|[from] drain|[of] p2a: OJ\n|faint|p2a: OJ\n|move|p1a: Milotic|Life Dew|p1a: Milotic|[spread] p1a,p1b\n|-heal|p1a: Milotic|97\/100\n|-heal|p1b: Kommo-o|100\/100\n|move|p2b: Greed|Poison Jab|p1b: Kommo-o\n|-damage|p1b: Kommo-o|84\/100\n|-status|p1b: Kommo-o|psn\n|\n|-weather|none\n|-heal|p1a: Milotic|100\/100|[from] item: Leftovers\n|-damage|p1b: Kommo-o|72\/100 psn|[from] psn\n|upkeep\n|inactive|SaturnFr3ak has 120 seconds left.\n|\n|t:|1699683276\n|switch|p2a: Soba|Sinistcha-Masterpiece|100\/100\n|-damage|p2a: Soba|88\/100|[from] Spikes\n|-heal|p2b: Greed|100\/100|[from] ability: Hospitality|[of] p2a: Soba\n|turn|9\n|\n|t:|1699683295\n|-terastallize|p2a: Soba|Fairy\n|move|p1b: Kommo-o|Ice Punch|p2a: Soba\n|-damage|p2a: Soba|61\/100\n|-status|p2a: Soba|frz\n|move|p1a: Milotic|Scald|p2b: Greed\n|-damage|p2b: Greed|84\/100\n|move|p2b: Greed|Poison Jab|p1b: Kommo-o\n|-damage|p1b: Kommo-o|58\/100 psn\n|cant|p2a: Soba|frz\n|\n|-damage|p1b: Kommo-o|45\/100 psn|[from] psn\n|upkeep\n|turn|10\n|\n|t:|1699683324\n|move|p1b: Kommo-o|Substitute|p1b: Kommo-o\n|-start|p1b: Kommo-o|Substitute\n|-damage|p1b: Kommo-o|20\/100 psn\n|move|p1a: Milotic|Life Dew||[still]|[spread] p1a,p1b\n|-fail|p1a: Milotic|heal\n|-heal|p1b: Kommo-o|45\/100 psn\n|move|p2b: Greed|Knock Off|p1a: Milotic\n|-crit|p1a: Milotic\n|-damage|p1a: Milotic|49\/100\n|-enditem|p1a: Milotic|Leftovers|[from] move: Knock Off|[of] p2b: Greed\n|cant|p2a: Soba|frz\n|\n|-damage|p1b: Kommo-o|33\/100 psn|[from] psn\n|upkeep\n|turn|11\n|\n|t:|1699683349\n|move|p1b: Kommo-o|Drain Punch|p2b: Greed\n|-damage|p2b: Greed|26\/100\n|-heal|p1b: Kommo-o|67\/100 psn|[from] drain|[of] p2b: Greed\n|move|p1a: Milotic|Life Dew|p1a: Milotic|[spread] p1a,p1b\n|-heal|p1a: Milotic|74\/100\n|-heal|p1b: Kommo-o|93\/100 psn\n|move|p2b: Greed|Poison Jab|p1a: Milotic\n|-damage|p1a: Milotic|47\/100\n|cant|p2a: Soba|frz\n|\n|-damage|p1b: Kommo-o|80\/100 psn|[from] psn\n|upkeep\n|turn|12\n|inactive|SaturnFr3ak has 120 seconds left.\n|inactive|Kingkhy25 has 120 seconds left.\n|\n|t:|1699683397\n|move|p1b: Kommo-o|Clangorous Soul|p1b: Kommo-o\n|-boost|p1b: Kommo-o|atk|1\n|-boost|p1b: Kommo-o|def|1\n|-boost|p1b: Kommo-o|spa|1\n|-boost|p1b: Kommo-o|spd|1\n|-boost|p1b: Kommo-o|spe|1\n|-damage|p1b: Kommo-o|47\/100 psn\n|move|p1a: Milotic|Scald|p2b: Greed\n|-damage|p2b: Greed|11\/100\n|-curestatus|p2a: Soba|frz|[from] move: Matcha Gotcha\n|move|p2a: Soba|Matcha Gotcha|p1a: Milotic|[spread] p1a,p1b\n|-supereffective|p1b: Kommo-o\n|-activate|p1b: Kommo-o|move: Substitute|[damage]\n|-heal|p2a: Soba|72\/100|[from] drain|[of] p1b: Kommo-o\n|-supereffective|p1a: Milotic\n|-damage|p1a: Milotic|0 fnt\n|-heal|p2a: Soba|99\/100|[from] drain|[of] p1a: Milotic\n|faint|p1a: Milotic\n|move|p2b: Greed|Poison Jab|p1b: Kommo-o\n|-end|p1b: Kommo-o|Substitute\n|\n|-damage|p1b: Kommo-o|35\/100 psn|[from] psn\n|upkeep\n|\n|t:|1699683420\n|switch|p1a: Iron Valiant|Iron Valiant, shiny|100\/100\n|-enditem|p1a: Iron Valiant|Booster Energy\n|-activate|p1a: Iron Valiant|ability: Quark Drive|[fromitem]\n|-start|p1a: Iron Valiant|quarkdrivespe\n|turn|13\n|inactive|Kingkhy25 has 120 seconds left.\n|\n|t:|1699683438\n|move|p1b: Kommo-o|Drain Punch|p2b: Greed\n|-damage|p2b: Greed|0 fnt\n|-heal|p1b: Kommo-o|41\/100 psn|[from] drain|[of] p2b: Greed\n|faint|p2b: Greed\n|move|p1a: Iron Valiant|Spirit Break|p2a: Soba\n|-damage|p2a: Soba|72\/100\n|-unboost|p2a: Soba|spa|1\n|move|p2a: Soba|Trick Room|p2a: Soba\n|-fieldstart|move: Trick Room|[of] p2a: Soba\n|\n|-damage|p1b: Kommo-o|29\/100 psn|[from] psn\n|upkeep\n|inactive|SaturnFr3ak has 120 seconds left.\n|\n|t:|1699683465\n|switch|p2b: Missy|Flutter Mane|100\/100\n|-damage|p2b: Missy|88\/100|[from] Spikes\n|turn|14\n|\n|t:|1699683475\n|move|p2a: Soba|Matcha Gotcha|p1a: Iron Valiant|[spread] p1a,p1b\n|-supereffective|p1b: Kommo-o\n|-damage|p1a: Iron Valiant|72\/100\n|-heal|p2a: Soba|83\/100|[from] drain|[of] p1a: Iron Valiant\n|-damage|p1b: Kommo-o|17\/100 psn\n|-heal|p2a: Soba|90\/100|[from] drain|[of] p1b: Kommo-o\n|move|p2b: Missy|Dazzling Gleam|p1a: Iron Valiant|[spread] p1a,p1b\n|-supereffective|p1a: Iron Valiant\n|-damage|p1a: Iron Valiant|0 fnt\n|-damage|p1b: Kommo-o|0 fnt\n|faint|p1a: Iron Valiant\n|-end|p1a: Iron Valiant|Quark Drive|[silent]\n|faint|p1b: Kommo-o\n|\n|upkeep\n|c|\u2606SaturnFr3ak|Yeah\n|c|\u2606SaturnFr3ak|I had a backup plan\n|c|\u2606SaturnFr3ak|Not bad, right?\n|\n|t:|1699683489\n|switch|p1b: Moltres|Moltres-Galar, shiny|100\/100\n|turn|15\n|\n|t:|1699683496\n|move|p2a: Soba|Rage Powder|p2a: Soba\n|-singleturn|p2a: Soba|move: Rage Powder\n|move|p1b: Moltres|Fiery Wrath|p2b: Missy|[spread] p2a,p2b\n|-resisted|p2a: Soba\n|-damage|p2a: Soba|71\/100\n|-damage|p2b: Missy|56\/100\n|move|p2b: Missy|Dazzling Gleam|p1b: Moltres\n|-supereffective|p1b: Moltres\n|-damage|p1b: Moltres|0 fnt\n|faint|p1b: Moltres\n|\n|win|SaturnFr3ak\n|raw|Kingkhy25's rating: 1348 &rarr; <strong>1331<\/strong><br \/>(-17 for losing)\n|raw|SaturnFr3ak's rating: 1397 &rarr; <strong>1414<\/strong><br \/>(+17 for winning)\n|l|\u2606Kingkhy25\n","uploadtime":1699683508,"views":11,"p1id":"kingkhy25","p2id":"saturnfr3ak","formatid":"gen9doublesou","rating":1331,"private":0,"password":""}