{"id":"gen9doublesou-1983442709","p1":"Leblades123","p2":"JojoFanAccount117","format":"[Gen 9] Doubles OU","log":"|j|\u2606Leblades123\n|j|\u2606JojoFanAccount117\n|t:|1699130641\n|gametype|doubles\n|player|p1|Leblades123|hiker-gen4|1255\n|player|p2|JojoFanAccount117|265|1246\n|teamsize|p1|6\n|teamsize|p2|6\n|gen|9\n|tier|[Gen 9] Doubles OU\n|rated|\n|rule|Species Clause: Limit one of each Pok\u00e9mon\n|rule|OHKO Clause: OHKO moves are banned\n|rule|Evasion Moves Clause: Evasion moves are banned\n|rule|Gravity Sleep Clause: The combination of sleep-inducing moves with imperfect accuracy and Gravity or Gigantamax Orbeetle are banned\n|rule|Endless Battle Clause: Forcing endless battles is banned\n|rule|HP Percentage Mod: HP is shown in percentages\n|clearpoke\n|poke|p1|Empoleon, M|\n|poke|p1|Dragonite, M|\n|poke|p1|Weezing-Galar, M|\n|poke|p1|Kleavor, F|\n|poke|p1|Typhlosion-Hisui, M|\n|poke|p1|Rillaboom, M|\n|poke|p2|Crawdaunt, M|\n|poke|p2|Pelipper, F|\n|poke|p2|Floatzel, F|\n|poke|p2|Clefairy, F|\n|poke|p2|Ogerpon-Wellspring, F|\n|poke|p2|Azumarill, F|\n|teampreview\n|\n|t:|1699130651\n|start\n|switch|p1a: Empoleon|Empoleon, M|100\/100\n|switch|p1b: Kleavor|Kleavor, F|100\/100\n|switch|p2a: Pelipper|Pelipper, F|100\/100\n|switch|p2b: Azumarill|Azumarill, F, shiny|100\/100\n|-weather|RainDance|[from] ability: Drizzle|[of] p2a: Pelipper\n|turn|1\n|inactive|Battle timer is ON: inactive players will automatically lose when time's up. (requested by Leblades123)\n|\n|t:|1699130674\n|move|p1b: Kleavor|Stone Axe|p2a: Pelipper\n|-supereffective|p2a: Pelipper\n|-damage|p2a: Pelipper|0 fnt\n|-sidestart|p2: JojoFanAccount117|move: Stealth Rock\n|faint|p2a: Pelipper\n|move|p1a: Empoleon|Flash Cannon|p2b: Azumarill\n|-damage|p2b: Azumarill|70\/100\n|move|p2b: Azumarill|Aqua Ring|p2b: Azumarill\n|-start|p2b: Azumarill|Aqua Ring\n|\n|-weather|RainDance|[upkeep]\n|-heal|p2b: Azumarill|76\/100|[from] item: Leftovers\n|-heal|p2b: Azumarill|82\/100|[from] Aqua Ring\n|upkeep\n|\n|t:|1699130681\n|switch|p2a: Clefairy|Clefairy, F|100\/100\n|-damage|p2a: Clefairy|88\/100|[from] Stealth Rock\n|turn|2\n|\n|t:|1699130695\n|move|p2a: Clefairy|Follow Me|p2a: Clefairy\n|-singleturn|p2a: Clefairy|move: Follow Me\n|move|p1b: Kleavor|Stone Axe|p2a: Clefairy\n|-damage|p2a: Clefairy|14\/100\n|move|p1a: Empoleon|Flash Cannon|p2a: Clefairy\n|-supereffective|p2a: Clefairy\n|-damage|p2a: Clefairy|0 fnt\n|faint|p2a: Clefairy\n|move|p2b: Azumarill|Amnesia|p2b: Azumarill\n|-boost|p2b: Azumarill|spd|2\n|\n|-weather|RainDance|[upkeep]\n|-heal|p2b: Azumarill|89\/100|[from] item: Leftovers\n|-heal|p2b: Azumarill|95\/100|[from] Aqua Ring\n|upkeep\n|\n|t:|1699130708\n|switch|p2a: Floatzel|Floatzel, F|100\/100\n|-damage|p2a: Floatzel|88\/100|[from] Stealth Rock\n|turn|3\n|\n|t:|1699130724\n|switch|p1b: Rillaboom|Rillaboom, M|100\/100\n|-fieldstart|move: Grassy Terrain|[from] ability: Grassy Surge|[of] p1b: Rillaboom\n|-enditem|p1b: Rillaboom|Grassy Seed\n|-boost|p1b: Rillaboom|def|1|[from] item: Grassy Seed\n|move|p2a: Floatzel|Flip Turn|p1b: Rillaboom\n|-resisted|p1b: Rillaboom\n|-damage|p1b: Rillaboom|80\/100\n|\n|t:|1699130749\n|switch|p2a: Crawdaunt|Crawdaunt, M|100\/100|[from] Flip Turn\n|-damage|p2a: Crawdaunt|88\/100|[from] Stealth Rock\n|move|p1a: Empoleon|Flash Cannon|p2b: Azumarill\n|-damage|p2b: Azumarill|78\/100\n|move|p2b: Azumarill|Substitute|p2b: Azumarill\n|-start|p2b: Azumarill|Substitute\n|-damage|p2b: Azumarill|53\/100\n|\n|-weather|RainDance|[upkeep]\n|-heal|p2a: Crawdaunt|94\/100|[from] Grassy Terrain\n|-heal|p1b: Rillaboom|87\/100|[from] Grassy Terrain\n|-heal|p2b: Azumarill|60\/100|[from] Grassy Terrain\n|-heal|p2b: Azumarill|66\/100|[from] item: Leftovers\n|-heal|p2b: Azumarill|72\/100|[from] Aqua Ring\n|upkeep\n|turn|4\n|\n|t:|1699130772\n|-terastallize|p2b: Azumarill|Steel\n|move|p2a: Crawdaunt|Crabhammer|p1a: Empoleon\n|-resisted|p1a: Empoleon\n|-damage|p1a: Empoleon|47\/100\n|move|p1b: Rillaboom|Drum Beating|p2b: Azumarill\n|-ability|p2b: Azumarill|Sap Sipper|boost\n|-boost|p2b: Azumarill|atk|1\n|move|p1a: Empoleon|Flash Cannon|p2b: Azumarill\n|-resisted|p2b: Azumarill\n|-activate|p2b: Azumarill|move: Substitute|[damage]\n|move|p2b: Azumarill|Metronome|p2b: Azumarill\n|move|p2b: Azumarill|Dig||[from]move: Metronome|[still]\n|-prepare|p2b: Azumarill|Dig\n|\n|-weather|RainDance|[upkeep]\n|-heal|p2a: Crawdaunt|99\/100|[from] Grassy Terrain\n|-heal|p1b: Rillaboom|93\/100|[from] Grassy Terrain\n|-heal|p1a: Empoleon|53\/100|[from] Grassy Terrain\n|-heal|p2b: Azumarill|78\/100|[from] item: Leftovers\n|-heal|p2b: Azumarill|84\/100|[from] Aqua Ring\n|upkeep\n|turn|5\n|inactive|Leblades123 has 120 seconds left.\n|\n|t:|1699130818\n|switch|p1a: Kleavor|Kleavor, F|100\/100\n|move|p1b: Rillaboom|Grassy Glide|p2a: Crawdaunt\n|-supereffective|p2a: Crawdaunt\n|-damage|p2a: Crawdaunt|0 fnt\n|faint|p2a: Crawdaunt\n|move|p2b: Azumarill|Dig|p1a: Kleavor|[from]lockedmove\n|-damage|p1a: Kleavor|83\/100\n|\n|-weather|RainDance|[upkeep]\n|-heal|p1a: Kleavor|89\/100|[from] Grassy Terrain\n|-heal|p1b: Rillaboom|99\/100|[from] Grassy Terrain\n|-heal|p2b: Azumarill|91\/100|[from] Grassy Terrain\n|-heal|p2b: Azumarill|97\/100|[from] item: Leftovers\n|-heal|p2b: Azumarill|100\/100|[from] Aqua Ring\n|upkeep\n|\n|t:|1699130830\n|switch|p2a: Floatzel|Floatzel, F|88\/100\n|-damage|p2a: Floatzel|76\/100|[from] Stealth Rock\n|turn|6\n|\n|t:|1699130839\n|move|p1b: Rillaboom|Grassy Glide|p2a: Floatzel\n|-supereffective|p2a: Floatzel\n|-damage|p2a: Floatzel|0 fnt\n|faint|p2a: Floatzel\n|move|p1a: Kleavor|X-Scissor|p2b: Azumarill\n|-resisted|p2b: Azumarill\n|-crit|p2b: Azumarill\n|-end|p2b: Azumarill|Substitute\n|move|p2b: Azumarill|Amnesia|p2b: Azumarill\n|-boost|p2b: Azumarill|spd|2\n|\n|-weather|RainDance|[upkeep]\n|-heal|p1a: Kleavor|96\/100|[from] Grassy Terrain\n|-heal|p1b: Rillaboom|100\/100|[from] Grassy Terrain\n|upkeep\n|\n|t:|1699130843\n|switch|p2a: Ogerpon|Ogerpon-Wellspring, F|100\/100\n|-damage|p2a: Ogerpon|88\/100|[from] Stealth Rock\n|turn|7\n|\n|t:|1699130860\n|move|p2a: Ogerpon|U-turn|p1b: Rillaboom\n|-supereffective|p1b: Rillaboom\n|-damage|p1b: Rillaboom|67\/100\n|move|p1a: Kleavor|X-Scissor|p2a: Ogerpon\n|-supereffective|p2a: Ogerpon\n|-damage|p2a: Ogerpon|0 fnt\n|faint|p2a: Ogerpon\n|move|p1b: Rillaboom|Drum Beating|p2b: Azumarill\n|-ability|p2b: Azumarill|Sap Sipper|boost\n|-boost|p2b: Azumarill|atk|1\n|move|p2b: Azumarill|Metronome|p2b: Azumarill\n|move|p2b: Azumarill|Wish|p2b: Azumarill|[from]move: Metronome\n|\n|-weather|RainDance|[upkeep]\n|-heal|p1a: Kleavor|100\/100|[from] Grassy Terrain\n|-heal|p1b: Rillaboom|74\/100|[from] Grassy Terrain\n|-fieldend|move: Grassy Terrain\n|upkeep\n|turn|8\n|\n|t:|1699130879\n|move|p1a: Kleavor|X-Scissor|p2b: Azumarill\n|-resisted|p2b: Azumarill\n|-damage|p2b: Azumarill|50\/100\n|move|p1b: Rillaboom|High Horsepower|p2b: Azumarill\n|-supereffective|p2b: Azumarill\n|-damage|p2b: Azumarill|0 fnt\n|faint|p2b: Azumarill\n|\n|win|Leblades123\n|raw|Leblades123's rating: 1255 &rarr; <strong>1279<\/strong><br \/>(+24 for winning)\n|raw|JojoFanAccount117's rating: 1246 &rarr; <strong>1222<\/strong><br \/>(-24 for losing)\n|l|\u2606JojoFanAccount117\n|c|\u2606Leblades123|Ggs\n","uploadtime":1699130959,"views":15,"p1id":"leblades123","p2id":"jojofanaccount117","formatid":"gen9doublesou","rating":1222,"private":0,"password":""}