{"id":"gen9doublesou-1999622479","p1":"manumagic202","p2":"Karaesthetic","format":"[Gen 9] Doubles OU","log":"|j|\u2606manumagic202\n|j|\u2606Karaesthetic\n|t:|1701102071\n|gametype|doubles\n|player|p1|manumagic202|roxie|1141\n|player|p2|Karaesthetic|erika|1122\n|teamsize|p1|6\n|teamsize|p2|6\n|gen|9\n|tier|[Gen 9] Doubles OU\n|rated|\n|rule|Species Clause: Limit one of each Pok\u00e9mon\n|rule|OHKO Clause: OHKO moves are banned\n|rule|Evasion Moves Clause: Evasion moves are banned\n|rule|Gravity Sleep Clause: The combination of sleep-inducing moves with imperfect accuracy and Gravity or Gigantamax Orbeetle are banned\n|rule|Endless Battle Clause: Forcing endless battles is banned\n|rule|HP Percentage Mod: HP is shown in percentages\n|clearpoke\n|poke|p1|Quaquaval, F|\n|poke|p1|Torterra, F|\n|poke|p1|Azumarill, F|\n|poke|p1|Flutter Mane|\n|poke|p1|Iron Valiant|\n|poke|p1|Arcanine, M|\n|poke|p2|Heatran, M|\n|poke|p2|Talonflame, M|\n|poke|p2|Uxie|\n|poke|p2|Torkoal, F|\n|poke|p2|Ogerpon-Wellspring, F|\n|poke|p2|Breloom, M|\n|teampreview\n|inactive|Battle timer is ON: inactive players will automatically lose when time's up. (requested by Karaesthetic)\n|inactive|manumagic202 also wants the timer to be on.\n|\n|t:|1701102074\n|start\n|switch|p1a: Quaquaval|Quaquaval, F|100\/100\n|switch|p1b: Torterra|Torterra, F|100\/100\n|switch|p2a: Talonflame|Talonflame, M|100\/100\n|switch|p2b: Heatran|Heatran, M|100\/100\n|turn|1\n|\n|t:|1701102089\n|-terastallize|p2b: Heatran|Fire\n|move|p2a: Talonflame|Flame Charge|p2b: Heatran\n|-start|p2b: Heatran|ability: Flash Fire\n|move|p1a: Quaquaval|Water Pledge|p2a: Talonflame\n|-waiting|p1a: Quaquaval|p1b: Torterra\n|move|p1b: Torterra|Grass Pledge|p2a: Talonflame|[from]move: Water Pledge\n|-combine\n|-resisted|p2a: Talonflame\n|-damage|p2a: Talonflame|86\/100\n|-sidestart|p2: Karaesthetic|Grass Pledge\n|move|p2b: Heatran|Heat Wave|p1b: Torterra|[spread] p1a,p1b\n|-resisted|p1a: Quaquaval\n|-supereffective|p1b: Torterra\n|-damage|p1a: Quaquaval|18\/100\n|-damage|p1b: Torterra|0 fnt\n|faint|p1b: Torterra\n|\n|upkeep\n|\n|t:|1701102105\n|switch|p1b: Azumarill|Azumarill, F, shiny|100\/100\n|turn|2\n|\n|t:|1701102117\n|move|p1a: Quaquaval|Aqua Step|p2b: Heatran\n|-supereffective|p2b: Heatran\n|-damage|p2b: Heatran|0 fnt\n|-boost|p1a: Quaquaval|spe|1\n|faint|p2b: Heatran\n|-ability|p1a: Quaquaval|Moxie|boost\n|-boost|p1a: Quaquaval|atk|1\n|-damage|p1a: Quaquaval|8\/100|[from] item: Life Orb\n|move|p1b: Azumarill|Belly Drum|p1b: Azumarill\n|-damage|p1b: Azumarill|51\/100\n|-setboost|p1b: Azumarill|atk|6|[from] move: Belly Drum\n|move|p2a: Talonflame|Tailwind|p2a: Talonflame\n|-sidestart|p2: Karaesthetic|move: Tailwind\n|\n|upkeep\n|\n|t:|1701102122\n|switch|p2b: Breloom|Breloom, M|100\/100\n|turn|3\n|inactive|manumagic202 has 120 seconds left.\n|\n|t:|1701102173\n|switch|p1a: Arcanine|Arcanine, M|100\/100\n|-ability|p1a: Arcanine|Intimidate|boost\n|-unboost|p2a: Talonflame|atk|1\n|-unboost|p2b: Breloom|atk|1\n|-item|p1a: Arcanine|Air Balloon\n|move|p1b: Azumarill|Aqua Jet|p2a: Talonflame\n|-supereffective|p2a: Talonflame\n|-damage|p2a: Talonflame|0 fnt\n|-damage|p1b: Azumarill|34\/100|[from] item: Rocky Helmet|[of] p2a: Talonflame\n|faint|p2a: Talonflame\n|move|p2b: Breloom|Bullet Seed|p1b: Azumarill\n|-supereffective|p1b: Azumarill\n|-damage|p1b: Azumarill|1\/100\n|-supereffective|p1b: Azumarill\n|-damage|p1b: Azumarill|0 fnt\n|faint|p1b: Azumarill\n|-hitcount|p1: Azumarill|2\n|\n|upkeep\n|inactive|manumagic202 has 120 seconds left.\n|\n|t:|1701102190\n|switch|p2a: Ogerpon|Ogerpon-Wellspring, F|100\/100\n|switch|p1b: Iron Valiant|Iron Valiant, shiny|100\/100\n|-enditem|p1b: Iron Valiant|Booster Energy\n|-activate|p1b: Iron Valiant|ability: Quark Drive|[fromitem]\n|-start|p1b: Iron Valiant|quarkdrivespe\n|turn|4\n|inactive|manumagic202 has 120 seconds left.\n|\n|t:|1701102216\n|switch|p2b: Uxie|Uxie, shiny|100\/100\n|-terastallize|p1a: Arcanine|Normal\n|move|p2a: Ogerpon|Spiky Shield|p2a: Ogerpon\n|-singleturn|p2a: Ogerpon|move: Protect\n|move|p1b: Iron Valiant|Moonblast|p2b: Uxie\n|-damage|p2b: Uxie|76\/100\n|move|p1a: Arcanine|Wild Charge|p2a: Ogerpon\n|-activate|p2a: Ogerpon|move: Protect\n|-damage|p1a: Arcanine|88\/100|[from] Spiky Shield|[of] p2a: Ogerpon\n|\n|-sideend|p2: Karaesthetic|Grass Pledge\n|upkeep\n|turn|5\n|inactive|manumagic202 has 120 seconds left.\n|\n|t:|1701102242\n|switch|p2a: Torkoal|Torkoal, F|100\/100\n|-weather|SunnyDay|[from] ability: Drought|[of] p2a: Torkoal\n|move|p1a: Arcanine|Extreme Speed|p2b: Uxie\n|-damage|p2b: Uxie|45\/100\n|move|p1b: Iron Valiant|Moonblast|p2b: Uxie\n|-damage|p2b: Uxie|22\/100\n|move|p2b: Uxie|Trick Room|p2b: Uxie\n|-fieldstart|move: Trick Room|[of] p2b: Uxie\n|\n|-weather|SunnyDay|[upkeep]\n|-sideend|p2: Karaesthetic|move: Tailwind\n|upkeep\n|turn|6\n|inactive|manumagic202 has 120 seconds left.\n|\n|t:|1701102271\n|move|p1a: Arcanine|Extreme Speed|p2b: Uxie\n|-damage|p2b: Uxie|0 fnt\n|faint|p2b: Uxie\n|move|p2a: Torkoal|Eruption|p1b: Iron Valiant|[spread] p1a,p1b\n|-damage|p1a: Arcanine|18\/100\n|-damage|p1b: Iron Valiant|0 fnt\n|-enditem|p1a: Arcanine|Air Balloon\n|faint|p1b: Iron Valiant\n|-end|p1b: Iron Valiant|Quark Drive|[silent]\n|\n|-weather|SunnyDay|[upkeep]\n|upkeep\n|\n|t:|1701102284\n|switch|p2b: Ogerpon|Ogerpon-Wellspring, F|100\/100\n|switch|p1b: Quaquaval|Quaquaval, F|8\/100\n|turn|7\n|\n|t:|1701102303\n|move|p1a: Arcanine|Extreme Speed|p2b: Ogerpon\n|-damage|p2b: Ogerpon|54\/100\n|move|p2b: Ogerpon|Follow Me|p2b: Ogerpon\n|-singleturn|p2b: Ogerpon|move: Follow Me\n|move|p2a: Torkoal|Eruption|p1a: Arcanine|[spread] p1a,p1b\n|-resisted|p1b: Quaquaval\n|-damage|p1a: Arcanine|0 fnt\n|-damage|p1b: Quaquaval|0 fnt\n|faint|p1a: Arcanine\n|faint|p1b: Quaquaval\n|\n|-weather|SunnyDay|[upkeep]\n|upkeep\n|\n|t:|1701102313\n|switch|p1b: Flutter Mane|Flutter Mane|100\/100\n|-activate|p1b: Flutter Mane|ability: Protosynthesis\n|-start|p1b: Flutter Mane|protosynthesisspa\n|turn|8\n|\n|t:|1701102322\n|move|p2b: Ogerpon|Helping Hand|p2a: Torkoal\n|-singleturn|p2a: Torkoal|Helping Hand|[of] p2b: Ogerpon\n|move|p2a: Torkoal|Eruption|p1b: Flutter Mane\n|-damage|p1b: Flutter Mane|0 fnt\n|faint|p1b: Flutter Mane\n|-end|p1b: Flutter Mane|Protosynthesis|[silent]\n|\n|win|Karaesthetic\n|raw|manumagic202's rating: 1141 &rarr; <strong>1115<\/strong><br \/>(-26 for losing)\n|raw|Karaesthetic's rating: 1122 &rarr; <strong>1148<\/strong><br \/>(+26 for winning)\n|c|\u2606Karaesthetic|gg\n|l|\u2606manumagic202\n","uploadtime":1701102332,"views":9,"p1id":"manumagic202","p2id":"karaesthetic","formatid":"gen9doublesou","rating":1115,"private":0,"password":""}