{"id":"gen9doublesou-1973622301","p1":"silverhawk123_56","p2":"darkstarkiwi","format":"[Gen 9] Doubles OU","log":"|j|\u203dsilverhawk123_56\n|j|\u2606darkstarkiwi\n|t:|1697997086\n|gametype|doubles\n|player|p1|silverhawk123_56|cynthia|1000\n|player|p2|darkstarkiwi|2|1085\n|teamsize|p1|6\n|teamsize|p2|6\n|gen|9\n|tier|[Gen 9] Doubles OU\n|rated|\n|rule|Species Clause: Limit one of each Pok\u00e9mon\n|rule|OHKO Clause: OHKO moves are banned\n|rule|Evasion Moves Clause: Evasion moves are banned\n|rule|Gravity Sleep Clause: The combination of sleep-inducing moves with imperfect accuracy and Gravity or Gigantamax Orbeetle are banned\n|rule|Endless Battle Clause: Forcing endless battles is banned\n|rule|HP Percentage Mod: HP is shown in percentages\n|clearpoke\n|poke|p1|Empoleon, M|\n|poke|p1|Zapdos|\n|poke|p1|Ninetales-Alola, F|\n|poke|p1|Goodra-Hisui, M|\n|poke|p1|Landorus-Therian, M|\n|poke|p1|Flutter Mane|\n|poke|p2|Farigiraf, F|\n|poke|p2|Torkoal, M|\n|poke|p2|Arboliva, F|\n|poke|p2|Indeedee-F, F|\n|poke|p2|Slither Wing|\n|poke|p2|Walking Wake|\n|teampreview\n|\n|t:|1697997094\n|start\n|switch|p1a: Empoleon|Empoleon, M|100\/100\n|switch|p1b: Ninetales|Ninetales-Alola, F|100\/100\n|switch|p2a: Torkoal|Torkoal, M|100\/100\n|switch|p2b: Indeedee|Indeedee-F, F|100\/100\n|-weather|Snow|[from] ability: Snow Warning|[of] p1b: Ninetales\n|-fieldstart|move: Psychic Terrain|[from] ability: Psychic Surge|[of] p2b: Indeedee\n|-weather|SunnyDay|[from] ability: Drought|[of] p2a: Torkoal\n|turn|1\n|\n|t:|1697997108\n|switch|p2a: Arboliva|Arboliva, F|100\/100\n|move|p1b: Ninetales|Aurora Veil||[still]\n|-fail|p1b: Ninetales\n|move|p1a: Empoleon|Surf|p2b: Indeedee|[spread] p1b,p2a,p2b\n|-resisted|p2a: Arboliva\n|-damage|p1b: Ninetales|85\/100\n|-damage|p2a: Arboliva|93\/100\n|-damage|p2b: Indeedee|86\/100\n|-enditem|p2b: Indeedee|Red Card|[of] p1a: Empoleon\n|drag|p1a: Zapdos|Zapdos|100\/100\n|move|p2b: Indeedee|Trick Room|p2b: Indeedee\n|-fieldstart|move: Trick Room|[of] p2b: Indeedee\n|\n|-weather|SunnyDay|[upkeep]\n|upkeep\n|turn|2\n|\n|t:|1697997124\n|switch|p2b: Farigiraf|Farigiraf, F|100\/100\n|move|p2a: Arboliva|Fling|p2b: Farigiraf\n|-supereffective|p2b: Farigiraf\n|-damage|p2b: Farigiraf|96\/100\n|-boost|p2b: Farigiraf|spa|1|[from] item: Petaya Berry\n|-enditem|p2b: Farigiraf|Weakness Policy\n|-boost|p2b: Farigiraf|atk|2|[from] item: Weakness Policy\n|-boost|p2b: Farigiraf|spa|2|[from] item: Weakness Policy\n|-enditem|p2a: Arboliva|Petaya Berry|[from] move: Fling\n|move|p1a: Zapdos|Tailwind|p1a: Zapdos\n|-sidestart|p1: silverhawk123_56|move: Tailwind\n|move|p1b: Ninetales|Encore|p2a: Arboliva\n|-start|p2a: Arboliva|Encore\n|\n|-weather|SunnyDay|[upkeep]\n|-item|p2a: Arboliva|Petaya Berry|[from] ability: Harvest\n|upkeep\n|turn|3\n|inactive|Battle timer is ON: inactive players will automatically lose when time's up. (requested by darkstarkiwi)\n|inactive|silverhawk123_56 has 120 seconds left.\n|\n|t:|1697997156\n|move|p2a: Arboliva|Fling|p2b: Farigiraf\n|-supereffective|p2b: Farigiraf\n|-crit|p2b: Farigiraf\n|-damage|p2b: Farigiraf|91\/100\n|-boost|p2b: Farigiraf|spa|1|[from] item: Petaya Berry\n|-enditem|p2a: Arboliva|Petaya Berry|[from] move: Fling\n|move|p2b: Farigiraf|Stored Power|p1b: Ninetales\n|-damage|p1b: Ninetales|0 fnt\n|faint|p1b: Ninetales\n|move|p1a: Zapdos|Hurricane|p2a: Arboliva\n|-supereffective|p2a: Arboliva\n|-damage|p2a: Arboliva|13\/100\n|-start|p2a: Arboliva|confusion\n|\n|-weather|SunnyDay|[upkeep]\n|-item|p2a: Arboliva|Petaya Berry|[from] ability: Harvest\n|upkeep\n|-enditem|p2a: Arboliva|Petaya Berry|[eat]\n|-boost|p2a: Arboliva|spa|1|[from] item: Petaya Berry\n|\n|t:|1697997173\n|switch|p1b: Empoleon|Empoleon, M|100\/100\n|turn|4\n|\n|t:|1697997185\n|switch|p2a: Indeedee|Indeedee-F, F|86\/100\n|move|p2b: Farigiraf|Stored Power|p1b: Empoleon\n|-resisted|p1b: Empoleon\n|-damage|p1b: Empoleon|0 fnt\n|faint|p1b: Empoleon\n|move|p1a: Zapdos|Hurricane|p2a: Indeedee\n|-damage|p2a: Indeedee|41\/100\n|\n|-weather|SunnyDay|[upkeep]\n|-activate|p2b: Farigiraf|ability: Cud Chew\n|-enditem|p2b: Farigiraf|Petaya Berry|[eat]\n|-boost|p2b: Farigiraf|spa|1|[from] item: Petaya Berry\n|upkeep\n|\n|t:|1697997197\n|switch|p1b: Goodra|Goodra-Hisui, M|100\/100\n|turn|5\n|\n|t:|1697997205\n|move|p2a: Indeedee|Follow Me|p2a: Indeedee\n|-singleturn|p2a: Indeedee|move: Follow Me\n|move|p2b: Farigiraf|Stored Power|p1a: Zapdos\n|-damage|p1a: Zapdos|0 fnt\n|faint|p1a: Zapdos\n|move|p1b: Goodra|Draco Meteor|p2a: Indeedee\n|-damage|p2a: Indeedee|0 fnt\n|-unboost|p1b: Goodra|spa|2\n|faint|p2a: Indeedee\n|\n|-weather|none\n|-sideend|p1: silverhawk123_56|move: Tailwind\n|-fieldend|move: Trick Room\n|-fieldend|move: Psychic Terrain\n|upkeep\n|\n|t:|1697997219\n|switch|p1a: Landorus|Landorus-Therian, M|100\/100\n|switch|p2a: Torkoal|Torkoal, M|100\/100\n|-ability|p1a: Landorus|Intimidate|boost\n|-unboost|p2a: Torkoal|atk|1\n|-unboost|p2b: Farigiraf|atk|1\n|-weather|SunnyDay|[from] ability: Drought|[of] p2a: Torkoal\n|turn|6\n|\n|t:|1697997234\n|switch|p2a: Walking Wake|Walking Wake|100\/100\n|-activate|p2a: Walking Wake|ability: Protosynthesis\n|-start|p2a: Walking Wake|protosynthesisspa\n|move|p1a: Landorus|Earthquake|p2a: Walking Wake|[spread] p1b,p2a,p2b\n|-supereffective|p1b: Goodra\n|-damage|p1b: Goodra|24\/100\n|-damage|p2a: Walking Wake|54\/100\n|-damage|p2b: Farigiraf|47\/100\n|move|p1b: Goodra|Draco Meteor|p2b: Farigiraf\n|-damage|p2b: Farigiraf|24\/100\n|-unboost|p1b: Goodra|spa|2\n|move|p2b: Farigiraf|Trick Room|p2b: Farigiraf\n|-fieldstart|move: Trick Room|[of] p2b: Farigiraf\n|\n|-weather|SunnyDay|[upkeep]\n|-heal|p1b: Goodra|30\/100|[from] item: Leftovers\n|upkeep\n|turn|7\n|\n|t:|1697997264\n|-end|p2a: Walking Wake|Protosynthesis|[silent]\n|switch|p2a: Arboliva|Arboliva, F|13\/100\n|move|p2b: Farigiraf|Stored Power|p1a: Landorus\n|-damage|p1a: Landorus|0 fnt\n|faint|p1a: Landorus\n|move|p1b: Goodra|Draco Meteor|p2a: Arboliva\n|-damage|p2a: Arboliva|0 fnt\n|-unboost|p1b: Goodra|spa|2\n|faint|p2a: Arboliva\n|\n|-weather|SunnyDay|[upkeep]\n|-heal|p1b: Goodra|36\/100|[from] item: Leftovers\n|upkeep\n|\n|t:|1697997279\n|switch|p2a: Torkoal|Torkoal, M|100\/100\n|switch|p1a: Flutter Mane|Flutter Mane|100\/100\n|-activate|p1a: Flutter Mane|ability: Protosynthesis\n|-start|p1a: Flutter Mane|protosynthesisspe\n|turn|8\n|\n|t:|1697997292\n|move|p2a: Torkoal|Helping Hand|p2b: Farigiraf\n|-singleturn|p2b: Farigiraf|Helping Hand|[of] p2a: Torkoal\n|move|p2b: Farigiraf|Stored Power|p1a: Flutter Mane\n|-damage|p1a: Flutter Mane|0 fnt\n|faint|p1a: Flutter Mane\n|-end|p1a: Flutter Mane|Protosynthesis|[silent]\n|move|p1b: Goodra|Draco Meteor|p2a: Torkoal\n|-damage|p2a: Torkoal|83\/100\n|\n|-weather|SunnyDay|[upkeep]\n|-heal|p1b: Goodra|42\/100|[from] item: Leftovers\n|upkeep\n|turn|9\n|\n|t:|1697997308\n|move|p2a: Torkoal|Helping Hand|p2b: Farigiraf\n|-singleturn|p2b: Farigiraf|Helping Hand|[of] p2a: Torkoal\n|move|p2b: Farigiraf|Stored Power|p1b: Goodra\n|-resisted|p1b: Goodra\n|-damage|p1b: Goodra|0 fnt\n|faint|p1b: Goodra\n|\n|win|darkstarkiwi\n|raw|silverhawk123_56's rating: 1000 &rarr; <strong>1000<\/strong><br \/>(+0 for losing)\n|raw|darkstarkiwi's rating: 1085 &rarr; <strong>1106<\/strong><br \/>(+21 for winning)\n|c|\u2606darkstarkiwi|gg\n|l|\u2606darkstarkiwi\n","uploadtime":1697997317,"views":14,"p1id":"silverhawk12356","p2id":"darkstarkiwi","formatid":"gen9doublesou","rating":1000,"private":0,"password":""}