{"id":"gen9doublesou-1976392236","p1":"SXD2002","p2":"Artmis03","format":"[Gen 9] Doubles OU","log":"|j|\u2606SXD2002\n|j|\u2606Artmis03\n|t:|1698295575\n|gametype|doubles\n|player|p1|SXD2002|silver-masters|1109\n|player|p2|Artmis03|richboy|1154\n|teamsize|p1|6\n|teamsize|p2|6\n|gen|9\n|tier|[Gen 9] Doubles OU\n|rated|\n|rule|Species Clause: Limit one of each Pok\u00e9mon\n|rule|OHKO Clause: OHKO moves are banned\n|rule|Evasion Moves Clause: Evasion moves are banned\n|rule|Gravity Sleep Clause: The combination of sleep-inducing moves with imperfect accuracy and Gravity or Gigantamax Orbeetle are banned\n|rule|Endless Battle Clause: Forcing endless battles is banned\n|rule|HP Percentage Mod: HP is shown in percentages\n|clearpoke\n|poke|p1|Lurantis, F|\n|poke|p1|Murkrow, F|\n|poke|p1|Grimmsnarl, M|\n|poke|p1|Clefairy, F|\n|poke|p1|Talonflame, M|\n|poke|p1|Espeon, F|\n|poke|p2|Dugtrio, M|\n|poke|p2|Bramblin, L1, M|\n|poke|p2|Masquerain, M|\n|poke|p2|Toxapex, F|\n|poke|p2|Sandslash, M|\n|poke|p2|Mienshao, M|\n|teampreview\n|inactive|Battle timer is ON: inactive players will automatically lose when time's up. (requested by SXD2002)\n|c|\u2606Artmis03|gl hf\n|\n|t:|1698295589\n|start\n|switch|p1a: Murkrow|Murkrow, F|100\/100\n|switch|p1b: Lurantis|Lurantis, F|100\/100\n|switch|p2a: Masquerain|Masquerain, M|100\/100\n|switch|p2b: Sandslash|Sandslash, M|100\/100\n|-ability|p2a: Masquerain|Intimidate|boost\n|-unboost|p1a: Murkrow|atk|1\n|-boost|p1b: Lurantis|atk|1\n|turn|1\n|c|\u2606SXD2002|tysm same to u\n|\n|t:|1698295610\n|move|p1a: Murkrow|Screech|p1b: Lurantis|[miss]\n|-miss|p1a: Murkrow|p1b: Lurantis\n|move|p2a: Masquerain|Ice Beam|p1b: Lurantis\n|-supereffective|p1b: Lurantis\n|-damage|p1b: Lurantis|66\/100\n|move|p2b: Sandslash|Stealth Rock|p1b: Lurantis\n|-sidestart|p1: SXD2002|move: Stealth Rock\n|move|p1b: Lurantis|Leaf Storm|p2b: Sandslash\n|-supereffective|p2b: Sandslash\n|-damage|p2b: Sandslash|0 fnt\n|-boost|p1b: Lurantis|spa|2\n|faint|p2b: Sandslash\n|\n|-heal|p1b: Lurantis|72\/100|[from] item: Leftovers\n|upkeep\n|\n|t:|1698295621\n|switch|p2b: Mienshao|Mienshao, M|100\/100\n|turn|2\n|\n|t:|1698295628\n|move|p1b: Lurantis|Protect|p1b: Lurantis\n|-singleturn|p1b: Lurantis|Protect\n|move|p2b: Mienshao|Fake Out|p1b: Lurantis\n|-activate|p1b: Lurantis|move: Protect\n|move|p1a: Murkrow|Thunder Wave|p2b: Mienshao|[miss]\n|-miss|p1a: Murkrow|p2b: Mienshao\n|move|p2a: Masquerain|Ice Beam|p1b: Lurantis\n|-activate|p1b: Lurantis|move: Protect\n|\n|-heal|p1b: Lurantis|78\/100|[from] item: Leftovers\n|upkeep\n|turn|3\n|\n|t:|1698295644\n|-terastallize|p1b: Lurantis|Steel\n|move|p1a: Murkrow|Feather Dance|p1b: Lurantis\n|-boost|p1b: Lurantis|atk|2\n|move|p2b: Mienshao|U-turn|p1b: Lurantis\n|-resisted|p1b: Lurantis\n|-damage|p1b: Lurantis|64\/100\n|\n|t:|1698295651\n|switch|p2b: Toxapex|Toxapex, F|100\/100|[from] U-turn\n|move|p2a: Masquerain|Tailwind|p2a: Masquerain\n|-sidestart|p2: Artmis03|move: Tailwind\n|move|p1b: Lurantis|Superpower|p2b: Toxapex\n|-resisted|p2b: Toxapex\n|-crit|p2b: Toxapex\n|-damage|p2b: Toxapex|66\/100\n|-boost|p1b: Lurantis|atk|1\n|-boost|p1b: Lurantis|def|1\n|\n|-heal|p2b: Toxapex|72\/100|[from] item: Black Sludge\n|-heal|p1b: Lurantis|70\/100|[from] item: Leftovers\n|upkeep\n|turn|4\n|inactive|SXD2002 has 120 seconds left.\n|\n|t:|1698295687\n|move|p1a: Murkrow|Thunder Wave|p2b: Toxapex\n|-status|p2b: Toxapex|par\n|move|p2a: Masquerain|Ice Beam|p1b: Lurantis\n|-resisted|p1b: Lurantis\n|-damage|p1b: Lurantis|62\/100\n|move|p1b: Lurantis|Leaf Storm|p2b: Toxapex\n|-damage|p2b: Toxapex|14\/100 par\n|-boost|p1b: Lurantis|spa|2\n|move|p2b: Toxapex|Haze|p2b: Toxapex\n|-clearallboost\n|\n|-heal|p1b: Lurantis|68\/100|[from] item: Leftovers\n|-heal|p2b: Toxapex|20\/100 par|[from] item: Black Sludge\n|upkeep\n|turn|5\n|\n|t:|1698295705\n|switch|p2b: Bramblin|Bramblin, L1, M|100\/100\n|-ability|p2b: Bramblin|Wind Rider|boost\n|-boost|p2b: Bramblin|atk|1\n|move|p1a: Murkrow|Thunder Wave|p2a: Masquerain\n|-status|p2a: Masquerain|par\n|move|p2a: Masquerain|Sticky Web|p1b: Lurantis\n|-sidestart|p1: SXD2002|move: Sticky Web\n|move|p1b: Lurantis|Leaf Storm|p2b: Bramblin\n|-resisted|p2b: Bramblin\n|-damage|p2b: Bramblin|0 fnt\n|-boost|p1b: Lurantis|spa|2\n|faint|p2b: Bramblin\n|\n|-heal|p1b: Lurantis|75\/100|[from] item: Leftovers\n|upkeep\n|\n|t:|1698295720\n|switch|p2b: Mienshao|Mienshao, M|100\/100\n|turn|6\n|\n|t:|1698295727\n|move|p1b: Lurantis|Protect|p1b: Lurantis\n|-singleturn|p1b: Lurantis|Protect\n|move|p1a: Murkrow|Thunder Wave|p2b: Mienshao\n|-status|p2b: Mienshao|par\n|move|p2b: Mienshao|High Jump Kick|p1b: Lurantis\n|-activate|p1b: Lurantis|move: Protect\n|-damage|p2b: Mienshao|51\/100 par|[from] highjumpkick\n|move|p2a: Masquerain|Ice Beam|p1a: Murkrow\n|-supereffective|p1a: Murkrow\n|-damage|p1a: Murkrow|66\/100\n|\n|-heal|p1b: Lurantis|81\/100|[from] item: Leftovers\n|-sideend|p2: Artmis03|move: Tailwind\n|upkeep\n|turn|7\n|\n|t:|1698295746\n|switch|p2b: Dugtrio|Dugtrio, M|100\/100\n|move|p1a: Murkrow|Feather Dance|p2b: Dugtrio\n|-unboost|p2b: Dugtrio|atk|2\n|move|p2a: Masquerain|Tailwind|p2a: Masquerain\n|-sidestart|p2: Artmis03|move: Tailwind\n|move|p1b: Lurantis|Leaf Storm|p2b: Dugtrio\n|-supereffective|p2b: Dugtrio\n|-damage|p2b: Dugtrio|0 fnt\n|-boost|p1b: Lurantis|spa|2\n|faint|p2b: Dugtrio\n|\n|-heal|p1b: Lurantis|87\/100|[from] item: Leftovers\n|upkeep\n|\n|t:|1698295767\n|switch|p2b: Mienshao|Mienshao, M|84\/100 par\n|turn|8\n|\n|t:|1698295784\n|move|p1b: Lurantis|Protect|p1b: Lurantis\n|-singleturn|p1b: Lurantis|Protect\n|move|p2b: Mienshao|Fake Out|p1a: Murkrow\n|-damage|p1a: Murkrow|48\/100\n|move|p2a: Masquerain|Haze|p2a: Masquerain\n|-clearallboost\n|cant|p1a: Murkrow|flinch\n|\n|-heal|p1b: Lurantis|93\/100|[from] item: Leftovers\n|upkeep\n|turn|9\n|\n|t:|1698295800\n|move|p1a: Murkrow|Screech|p1b: Lurantis\n|-boost|p1b: Lurantis|def|2\n|move|p2b: Mienshao|High Jump Kick|p1b: Lurantis\n|-supereffective|p1b: Lurantis\n|-damage|p1b: Lurantis|21\/100\n|cant|p2a: Masquerain|par\n|move|p1b: Lurantis|Superpower|p2b: Mienshao\n|-crit|p2b: Mienshao\n|-damage|p2b: Mienshao|4\/100 par\n|-boost|p1b: Lurantis|atk|1\n|-boost|p1b: Lurantis|def|1\n|\n|-heal|p1b: Lurantis|27\/100|[from] item: Leftovers\n|upkeep\n|turn|10\n|\n|t:|1698295816\n|switch|p2b: Toxapex|Toxapex, F|53\/100 par\n|move|p1b: Lurantis|Protect|p1b: Lurantis\n|-singleturn|p1b: Lurantis|Protect\n|move|p2a: Masquerain|Haze|p2a: Masquerain\n|-clearallboost\n|move|p1a: Murkrow|Snarl|p2b: Toxapex|[spread] p2a,p2b\n|-damage|p2a: Masquerain|84\/100 par\n|-damage|p2b: Toxapex|42\/100 par\n|-unboost|p2a: Masquerain|spa|1\n|-unboost|p2b: Toxapex|spa|1\n|\n|-heal|p1b: Lurantis|33\/100|[from] item: Leftovers\n|-heal|p2b: Toxapex|48\/100 par|[from] item: Black Sludge\n|-sideend|p2: Artmis03|move: Tailwind\n|upkeep\n|turn|11\n|\n|t:|1698295837\n|move|p2b: Toxapex|Baneful Bunker|p2b: Toxapex\n|-singleturn|p2b: Toxapex|move: Protect\n|move|p1a: Murkrow|Screech|p2b: Toxapex\n|-activate|p2b: Toxapex|move: Protect\n|move|p2a: Masquerain|Ice Beam|p1a: Murkrow\n|-supereffective|p1a: Murkrow\n|-damage|p1a: Murkrow|26\/100\n|move|p1b: Lurantis|Superpower|p2b: Toxapex\n|-activate|p2b: Toxapex|move: Protect\n|\n|-heal|p1b: Lurantis|40\/100|[from] item: Leftovers\n|-heal|p2b: Toxapex|54\/100 par|[from] item: Black Sludge\n|upkeep\n|turn|12\n|\n|t:|1698295860\n|move|p1a: Murkrow|Feather Dance|p1b: Lurantis\n|-boost|p1b: Lurantis|atk|2\n|move|p2a: Masquerain|Tailwind|p2a: Masquerain\n|-sidestart|p2: Artmis03|move: Tailwind\n|move|p1b: Lurantis|Superpower|p2b: Toxapex\n|-resisted|p2b: Toxapex\n|-crit|p2b: Toxapex\n|-damage|p2b: Toxapex|27\/100 par\n|-boost|p1b: Lurantis|atk|1\n|-boost|p1b: Lurantis|def|1\n|move|p2b: Toxapex|Toxic Spikes|p1b: Lurantis\n|-sidestart|p1: SXD2002|move: Toxic Spikes\n|\n|-heal|p1b: Lurantis|46\/100|[from] item: Leftovers\n|-heal|p2b: Toxapex|33\/100 par|[from] item: Black Sludge\n|upkeep\n|turn|13\n|\n|t:|1698295876\n|switch|p2b: Mienshao|Mienshao, M|37\/100 par\n|move|p1a: Murkrow|Feather Dance|p1b: Lurantis\n|-boost|p1b: Lurantis|atk|2\n|move|p2a: Masquerain|Ice Beam|p1a: Murkrow\n|-supereffective|p1a: Murkrow\n|-damage|p1a: Murkrow|4\/100\n|move|p1b: Lurantis|Superpower|p2b: Mienshao\n|-damage|p2b: Mienshao|0 fnt\n|-boost|p1b: Lurantis|atk|1\n|-boost|p1b: Lurantis|def|1\n|faint|p2b: Mienshao\n|\n|-heal|p1b: Lurantis|52\/100|[from] item: Leftovers\n|upkeep\n|\n|t:|1698295878\n|switch|p2b: Toxapex|Toxapex, F|66\/100 par\n|turn|14\n|\n|t:|1698295900\n|cant|p2a: Masquerain|par\n|move|p1a: Murkrow|Snarl|p2a: Masquerain|[spread] p2a,p2b\n|-damage|p2a: Masquerain|71\/100 par\n|-damage|p2b: Toxapex|56\/100 par\n|-unboost|p2a: Masquerain|spa|1\n|-unboost|p2b: Toxapex|spa|1\n|move|p1b: Lurantis|Superpower|p2b: Toxapex\n|-resisted|p2b: Toxapex\n|-damage|p2b: Toxapex|21\/100 par\n|-boost|p1b: Lurantis|def|1\n|move|p2b: Toxapex|Toxic Spikes|p1a: Murkrow\n|-sidestart|p1: SXD2002|move: Toxic Spikes\n|\n|-heal|p1b: Lurantis|58\/100|[from] item: Leftovers\n|-heal|p2b: Toxapex|27\/100 par|[from] item: Black Sludge\n|upkeep\n|turn|15\n|\n|t:|1698295921\n|cant|p2a: Masquerain|par\n|move|p1a: Murkrow|Snarl|p2a: Masquerain|[spread] p2a,p2b\n|-damage|p2a: Masquerain|56\/100 par\n|-damage|p2b: Toxapex|17\/100 par\n|-unboost|p2a: Masquerain|spa|1\n|-unboost|p2b: Toxapex|spa|1\n|move|p1b: Lurantis|Superpower|p2b: Toxapex\n|-resisted|p2b: Toxapex\n|-damage|p2b: Toxapex|0 fnt\n|-boost|p1b: Lurantis|def|1\n|faint|p2b: Toxapex\n|\n|-heal|p1b: Lurantis|64\/100|[from] item: Leftovers\n|-sideend|p2: Artmis03|move: Tailwind\n|upkeep\n|turn|16\n|c|\u2606Artmis03|gg\n|c|\u2606SXD2002|gg\n|\n|t:|1698295940\n|move|p1a: Murkrow|Screech|p2a: Masquerain\n|-unboost|p2a: Masquerain|def|2\n|move|p2a: Masquerain|Haze|p2a: Masquerain\n|-clearallboost\n|move|p1b: Lurantis|Leech Life|p2a: Masquerain\n|-resisted|p2a: Masquerain\n|-damage|p2a: Masquerain|43\/100 par\n|-heal|p1b: Lurantis|71\/100|[from] drain|[of] p2a: Masquerain\n|\n|-heal|p1b: Lurantis|77\/100|[from] item: Leftovers\n|upkeep\n|turn|17\n|\n|t:|1698295948\n|move|p1a: Murkrow|Screech|p2a: Masquerain\n|-unboost|p2a: Masquerain|def|2\n|move|p2a: Masquerain|Ice Beam|p1a: Murkrow\n|-supereffective|p1a: Murkrow\n|-damage|p1a: Murkrow|0 fnt\n|faint|p1a: Murkrow\n|move|p1b: Lurantis|Leech Life|p2a: Masquerain\n|-resisted|p2a: Masquerain\n|-damage|p2a: Masquerain|16\/100 par\n|-heal|p1b: Lurantis|90\/100|[from] drain|[of] p2a: Masquerain\n|\n|-heal|p1b: Lurantis|96\/100|[from] item: Leftovers\n|upkeep\n|\n|t:|1698295953\n|switch|p1a: Talonflame|Talonflame, M|100\/100\n|turn|18\n|\n|t:|1698295961\n|move|p1a: Talonflame|Defog|p1b: Lurantis\n|-boost|p1b: Lurantis|evasion|1\n|-sideend|p1: SXD2002|Toxic Spikes|[from] move: Defog|[of] p1a: Talonflame\n|-sideend|p1: SXD2002|Stealth Rock|[from] move: Defog|[of] p1a: Talonflame\n|-sideend|p1: SXD2002|Sticky Web|[from] move: Defog|[of] p1a: Talonflame\n|move|p2a: Masquerain|Ice Beam|p1b: Lurantis\n|-resisted|p1b: Lurantis\n|-damage|p1b: Lurantis|88\/100\n|move|p1b: Lurantis|Superpower|p2a: Masquerain\n|-resisted|p2a: Masquerain\n|-damage|p2a: Masquerain|0 fnt\n|-boost|p1b: Lurantis|atk|1\n|-boost|p1b: Lurantis|def|1\n|faint|p2a: Masquerain\n|\n|win|SXD2002\n|raw|SXD2002's rating: 1109 &rarr; <strong>1137<\/strong><br \/>(+28 for winning)\n|raw|Artmis03's rating: 1154 &rarr; <strong>1126<\/strong><br \/>(-28 for losing)\n|l|\u2606Artmis03\n","uploadtime":1698295976,"views":25,"p1id":"sxd2002","p2id":"artmis03","formatid":"gen9doublesou","rating":1126,"private":0,"password":""}