{"id":"gen9doublesou-1989863586","p1":"nrg1999","p2":"UY QUE RICO PAPI","format":"[Gen 9] Doubles OU","log":"|j|\u2606nrg1999\n|j|\u2606UY QUE RICO PAPI\n|t:|1699902047\n|gametype|doubles\n|player|p1|nrg1999|169|1263\n|player|p2|UY QUE RICO PAPI|169|1294\n|teamsize|p1|6\n|teamsize|p2|6\n|gen|9\n|tier|[Gen 9] Doubles OU\n|rated|\n|rule|Species Clause: Limit one of each Pok\u00e9mon\n|rule|OHKO Clause: OHKO moves are banned\n|rule|Evasion Moves Clause: Evasion moves are banned\n|rule|Gravity Sleep Clause: The combination of sleep-inducing moves with imperfect accuracy and Gravity or Gigantamax Orbeetle are banned\n|rule|Endless Battle Clause: Forcing endless battles is banned\n|rule|HP Percentage Mod: HP is shown in percentages\n|clearpoke\n|poke|p1|Sylveon, F|\n|poke|p1|Vaporeon, M|\n|poke|p1|Leafeon, F|\n|poke|p1|Umbreon, F|\n|poke|p1|Flareon, M|\n|poke|p1|Espeon, F|\n|poke|p2|Iron Bundle|\n|poke|p2|Indeedee-F, F|\n|poke|p2|Cyclizar, M|\n|poke|p2|Flamigo, F|\n|poke|p2|Dudunsparce-*, M|\n|poke|p2|Falinks|\n|teampreview\n|inactive|Battle timer is ON: inactive players will automatically lose when time's up. (requested by nrg1999)\n|\n|t:|1699902067\n|start\n|switch|p1a: Umbreon|Umbreon, F, shiny|100\/100\n|switch|p1b: Espeon|Espeon, F, shiny|100\/100\n|switch|p2a: Iron Bundle|Iron Bundle|100\/100\n|switch|p2b: Dudunsparce|Dudunsparce, M|100\/100\n|turn|1\n|\n|t:|1699902086\n|move|p2a: Iron Bundle|Protect|p2a: Iron Bundle\n|-singleturn|p2a: Iron Bundle|Protect\n|move|p1b: Espeon|Calm Mind|p1b: Espeon\n|-boost|p1b: Espeon|spa|1\n|-boost|p1b: Espeon|spd|1\n|move|p1a: Umbreon|Thunder Wave|p2a: Iron Bundle\n|-activate|p2a: Iron Bundle|move: Protect\n|move|p2b: Dudunsparce|Coil|p2b: Dudunsparce\n|-boost|p2b: Dudunsparce|atk|1\n|-boost|p2b: Dudunsparce|def|1\n|-boost|p2b: Dudunsparce|accuracy|1\n|\n|upkeep\n|turn|2\n|\n|t:|1699902111\n|-terastallize|p2b: Dudunsparce|Psychic\n|move|p2a: Iron Bundle|U-turn|p2b: Dudunsparce\n|-supereffective|p2b: Dudunsparce\n|-damage|p2b: Dudunsparce|89\/100\n|-ability|p2b: Dudunsparce|Rattled|boost\n|-boost|p2b: Dudunsparce|spe|1\n|-enditem|p2b: Dudunsparce|Weakness Policy\n|-boost|p2b: Dudunsparce|atk|2|[from] item: Weakness Policy\n|-boost|p2b: Dudunsparce|spa|2|[from] item: Weakness Policy\n|\n|t:|1699902123\n|-end|p2a: Iron Bundle|Quark Drive|[silent]\n|switch|p2a: Cyclizar|Cyclizar, M|100\/100|[from] U-turn\n|move|p1b: Espeon|Calm Mind|p1b: Espeon\n|-boost|p1b: Espeon|spa|1\n|-boost|p1b: Espeon|spd|1\n|move|p1a: Umbreon|Thunder Wave|p2a: Cyclizar\n|-status|p2a: Cyclizar|par\n|move|p2b: Dudunsparce|Coil|p2b: Dudunsparce\n|-boost|p2b: Dudunsparce|atk|1\n|-boost|p2b: Dudunsparce|def|1\n|-boost|p2b: Dudunsparce|accuracy|1\n|\n|upkeep\n|turn|3\n|\n|t:|1699902144\n|move|p1b: Espeon|Dazzling Gleam|p2b: Dudunsparce|[spread] p2a,p2b\n|-supereffective|p2a: Cyclizar\n|-damage|p2a: Cyclizar|0 fnt\n|-damage|p2b: Dudunsparce|61\/100\n|faint|p2a: Cyclizar\n|move|p1a: Umbreon|Thunder Wave|p2b: Dudunsparce|[miss]\n|-miss|p1a: Umbreon|p2b: Dudunsparce\n|move|p2b: Dudunsparce|Coil|p2b: Dudunsparce\n|-boost|p2b: Dudunsparce|atk|1\n|-boost|p2b: Dudunsparce|def|1\n|-boost|p2b: Dudunsparce|accuracy|1\n|\n|upkeep\n|inactive|UY QUE RICO PAPI has 120 seconds left.\n|\n|t:|1699902179\n|switch|p2a: Indeedee|Indeedee-F, F|100\/100\n|-fieldstart|move: Psychic Terrain|[from] ability: Psychic Surge|[of] p2a: Indeedee\n|turn|4\n|inactive|UY QUE RICO PAPI has 120 seconds left.\n|inactive|nrg1999 has 120 seconds left.\n|\n|t:|1699902209\n|move|p2a: Indeedee|Follow Me|p2a: Indeedee\n|-singleturn|p2a: Indeedee|move: Follow Me\n|move|p1b: Espeon|Dazzling Gleam|p2a: Indeedee|[spread] p2a,p2b\n|-damage|p2a: Indeedee|59\/100\n|-damage|p2b: Dudunsparce|36\/100\n|move|p1a: Umbreon|Thunder Wave|p2a: Indeedee\n|-status|p2a: Indeedee|par\n|move|p2b: Dudunsparce|Rock Slide|p1b: Espeon|[spread] p1a,p1b\n|-damage|p1a: Umbreon|60\/100\n|-damage|p1b: Espeon|9\/100\n|\n|-heal|p1b: Espeon|15\/100|[from] item: Leftovers\n|-heal|p1a: Umbreon|66\/100|[from] item: Leftovers\n|upkeep\n|turn|5\n|inactive|UY QUE RICO PAPI has 120 seconds left.\n|\n|t:|1699902231\n|move|p1b: Espeon|Protect|p1b: Espeon\n|-singleturn|p1b: Espeon|Protect\n|move|p2a: Indeedee|Follow Me|p2a: Indeedee\n|-singleturn|p2a: Indeedee|move: Follow Me\n|move|p1a: Umbreon|Crunch|p2a: Indeedee\n|-supereffective|p2a: Indeedee\n|-damage|p2a: Indeedee|0 fnt\n|faint|p2a: Indeedee\n|move|p2b: Dudunsparce|Earthquake|p1a: Umbreon|[spread] p1a\n|-activate|p1b: Espeon|move: Protect\n|-damage|p1a: Umbreon|9\/100\n|\n|-heal|p1b: Espeon|21\/100|[from] item: Leftovers\n|-heal|p1a: Umbreon|15\/100|[from] item: Leftovers\n|upkeep\n|inactive|UY QUE RICO PAPI has 90 seconds left.\n|\n|t:|1699902268\n|switch|p2a: Iron Bundle|Iron Bundle|100\/100\n|turn|6\n|\n|t:|1699902279\n|move|p2a: Iron Bundle|U-turn|p1b: Espeon\n|-supereffective|p1b: Espeon\n|-damage|p1b: Espeon|0 fnt\n|faint|p1b: Espeon\n|\n|t:|1699902283\n|-end|p2a: Iron Bundle|Quark Drive|[silent]\n|switch|p2a: Flamigo|Flamigo, F|100\/100|[from] U-turn\n|-copyboost|p2a: Flamigo|p2b: Dudunsparce|[from] ability: Costar\n|move|p1a: Umbreon|Thunder Wave|p2b: Dudunsparce\n|-status|p2b: Dudunsparce|par\n|move|p2b: Dudunsparce|Earthquake|p1a: Umbreon|[spread] p1a\n|-immune|p2a: Flamigo\n|-damage|p1a: Umbreon|0 fnt\n|faint|p1a: Umbreon\n|\n|upkeep\n|\n|t:|1699902304\n|switch|p1b: Vaporeon|Vaporeon, M, shiny|100\/100\n|switch|p1a: Sylveon|Sylveon, F, shiny|100\/100\n|turn|7\n|inactive|UY QUE RICO PAPI has 120 seconds left.\n|\n|t:|1699902334\n|move|p2a: Flamigo|Throat Chop|p1a: Sylveon\n|-resisted|p1a: Sylveon\n|-damage|p1a: Sylveon|54\/100\n|-start|p1a: Sylveon|Throat Chop|[silent]\n|move|p1b: Vaporeon|Icy Wind|p2b: Dudunsparce|[spread] p2a,p2b\n|-supereffective|p2a: Flamigo\n|-damage|p2a: Flamigo|65\/100\n|-damage|p2b: Dudunsparce|29\/100 par\n|-unboost|p2a: Flamigo|spe|1\n|-unboost|p2b: Dudunsparce|spe|1\n|cant|p1a: Sylveon|move: Throat Chop\n|move|p2b: Dudunsparce|Earthquake|p1b: Vaporeon|[spread] p1a,p1b\n|-immune|p2a: Flamigo\n|-damage|p1a: Sylveon|0 fnt\n|-damage|p1b: Vaporeon|47\/100\n|faint|p1a: Sylveon\n|\n|-heal|p1b: Vaporeon|53\/100|[from] item: Leftovers\n|upkeep\n|\n|t:|1699902349\n|switch|p1a: Flareon|Flareon, M, shiny|100\/100\n|turn|8\n|\n|t:|1699902365\n|-terastallize|p1a: Flareon|Water\n|move|p2a: Flamigo|Liquidation|p1a: Flareon\n|-resisted|p1a: Flareon\n|-damage|p1a: Flareon|25\/100\n|-unboost|p1a: Flareon|def|1\n|-heal|p2a: Flamigo|73\/100|[from] item: Shell Bell|[of] p1a: Flareon\n|move|p1b: Vaporeon|Icy Wind|p2a: Flamigo|[spread] p2a,p2b\n|-supereffective|p2a: Flamigo\n|-damage|p2a: Flamigo|36\/100\n|-damage|p2b: Dudunsparce|21\/100 par\n|-unboost|p2a: Flamigo|spe|1\n|-unboost|p2b: Dudunsparce|spe|1\n|move|p1a: Flareon|Will-O-Wisp|p2a: Flamigo\n|-status|p2a: Flamigo|brn\n|cant|p2b: Dudunsparce|par\n|\n|-heal|p1b: Vaporeon|60\/100|[from] item: Leftovers\n|-heal|p1a: Flareon|31\/100|[from] item: Leftovers\n|-damage|p2a: Flamigo|30\/100 brn|[from] brn\n|upkeep\n|turn|9\n|inactive|UY QUE RICO PAPI has 120 seconds left.\n|\n|t:|1699902417\n|move|p1a: Flareon|Protect|p1a: Flareon\n|-singleturn|p1a: Flareon|Protect\n|move|p1b: Vaporeon|Muddy Water|p2b: Dudunsparce|[spread] p2a,p2b\n|-damage|p2a: Flamigo|0 fnt\n|-damage|p2b: Dudunsparce|2\/100 par\n|faint|p2a: Flamigo\n|move|p2b: Dudunsparce|Earthquake|p1a: Flareon|[spread] p1b\n|-activate|p1a: Flareon|move: Protect\n|-damage|p1b: Vaporeon|4\/100\n|\n|-heal|p1b: Vaporeon|11\/100|[from] item: Leftovers\n|-heal|p1a: Flareon|37\/100|[from] item: Leftovers\n|upkeep\n|inactive|UY QUE RICO PAPI has 90 seconds left.\n|\n|t:|1699902435\n|switch|p2a: Iron Bundle|Iron Bundle|100\/100\n|turn|10\n|\n|t:|1699902455\n|move|p2a: Iron Bundle|Icy Wind|p1b: Vaporeon|[spread] p1a,p1b\n|-resisted|p1a: Flareon\n|-resisted|p1b: Vaporeon\n|-damage|p1a: Flareon|27\/100\n|-damage|p1b: Vaporeon|1\/100\n|-unboost|p1a: Flareon|spe|1\n|-unboost|p1b: Vaporeon|spe|1\n|move|p1a: Flareon|Fire Fang|p2a: Iron Bundle\n|-damage|p2a: Iron Bundle|62\/100\n|move|p1b: Vaporeon|Icy Wind|p2b: Dudunsparce|[spread] p2a\n|-miss|p1b: Vaporeon|p2b: Dudunsparce\n|-resisted|p2a: Iron Bundle\n|-damage|p2a: Iron Bundle|56\/100\n|-unboost|p2a: Iron Bundle|spe|1\n|move|p2b: Dudunsparce|Rock Slide|p1b: Vaporeon|[spread] p1a,p1b\n|-damage|p1a: Flareon|0 fnt\n|-damage|p1b: Vaporeon|0 fnt\n|faint|p1a: Flareon\n|faint|p1b: Vaporeon\n|\n|upkeep\n|inactive|nrg1999 has 120 seconds left.\n|\n|t:|1699902475\n|switch|p1b: Leafeon|Leafeon, F, shiny|100\/100\n|turn|11\n|\n|t:|1699902488\n|move|p1b: Leafeon|Leaf Blade|p2a: Iron Bundle\n|-supereffective|p2a: Iron Bundle\n|-damage|p2a: Iron Bundle|0 fnt\n|faint|p2a: Iron Bundle\n|-end|p2a: Iron Bundle|Quark Drive|[silent]\n|move|p2b: Dudunsparce|Zen Headbutt|p1b: Leafeon\n|-damage|p1b: Leafeon|0 fnt\n|-damage|p2b: Dudunsparce|0 fnt|[from] item: Rocky Helmet|[of] p1b: Leafeon\n|faint|p1b: Leafeon\n|faint|p2b: Dudunsparce\n|\n|win|UY QUE RICO PAPI\n|raw|nrg1999's rating: 1263 &rarr; <strong>1240<\/strong><br \/>(-23 for losing)\n|raw|UY QUE RICO PAPI's rating: 1294 &rarr; <strong>1317<\/strong><br \/>(+23 for winning)\n","uploadtime":1699902500,"views":5,"p1id":"nrg1999","p2id":"uyquericopapi","formatid":"gen9doublesou","rating":1240,"private":0,"password":""}