{"id":"gen9doublesou-1999230511","p1":"dalmelforever1234","p2":"ButterDeButtery","format":"[Gen 9] Doubles OU","log":"|j|\u2606dalmelforever1234\n|j|\u2606ButterDeButtery\n|t:|1701048338\n|gametype|doubles\n|player|p1|dalmelforever1234|dawn|1075\n|player|p2|ButterDeButtery|waitress|1206\n|teamsize|p1|6\n|teamsize|p2|6\n|gen|9\n|tier|[Gen 9] Doubles OU\n|rated|\n|rule|Species Clause: Limit one of each Pok\u00e9mon\n|rule|OHKO Clause: OHKO moves are banned\n|rule|Evasion Moves Clause: Evasion moves are banned\n|rule|Gravity Sleep Clause: The combination of sleep-inducing moves with imperfect accuracy and Gravity or Gigantamax Orbeetle are banned\n|rule|Endless Battle Clause: Forcing endless battles is banned\n|rule|HP Percentage Mod: HP is shown in percentages\n|clearpoke\n|poke|p1|Ninetales, F|\n|poke|p1|Walking Wake|\n|poke|p1|Torkoal, M|\n|poke|p1|Roaring Moon|\n|poke|p1|Clefairy, F|\n|poke|p1|Ogerpon-Hearthflame, F|\n|poke|p2|Garganacl, F|\n|poke|p2|Amoonguss, M|\n|poke|p2|Chandelure, F|\n|poke|p2|Orthworm, F|\n|poke|p2|Vikavolt, M|\n|poke|p2|Iron Bundle|\n|teampreview\n|\n|t:|1701048351\n|start\n|switch|p1a: afterlyfe|Walking Wake|100\/100\n|switch|p1b: lyfe|Ninetales, F, shiny|100\/100\n|switch|p2a: Chandelure|Chandelure, F|100\/100\n|switch|p2b: Vikavolt|Vikavolt, M|100\/100\n|-weather|SunnyDay|[from] ability: Drought|[of] p1b: lyfe\n|-activate|p1a: afterlyfe|ability: Protosynthesis\n|-start|p1a: afterlyfe|protosynthesisspa\n|turn|1\n|\n|t:|1701048369\n|move|p2a: Chandelure|Shadow Ball|p1a: afterlyfe\n|-damage|p1a: afterlyfe|46\/100\n|move|p1b: lyfe|Hypnosis|p2b: Vikavolt\n|-status|p2b: Vikavolt|slp|[from] move: Hypnosis\n|move|p1a: afterlyfe|Hydro Steam|p2a: Chandelure\n|-supereffective|p2a: Chandelure\n|-damage|p2a: Chandelure|0 fnt\n|faint|p2a: Chandelure\n|cant|p2b: Vikavolt|slp\n|\n|-weather|SunnyDay|[upkeep]\n|upkeep\n|\n|t:|1701048384\n|switch|p2a: Amoonguss|Amoonguss, M|100\/100\n|turn|2\n|\n|t:|1701048414\n|move|p1b: lyfe|Hypnosis|p2a: Amoonguss\n|-status|p2a: Amoonguss|slp|[from] move: Hypnosis\n|move|p1a: afterlyfe|Hydro Steam|p2a: Amoonguss\n|-resisted|p2a: Amoonguss\n|-damage|p2a: Amoonguss|56\/100 slp\n|-curestatus|p2b: Vikavolt|slp|[msg]\n|move|p2b: Vikavolt|Sticky Web|p1a: afterlyfe\n|-sidestart|p1: dalmelforever1234|move: Sticky Web\n|cant|p2a: Amoonguss|slp\n|\n|-weather|SunnyDay|[upkeep]\n|-heal|p2a: Amoonguss|62\/100 slp|[from] item: Leftovers\n|upkeep\n|turn|3\n|\n|t:|1701048438\n|-curestatus|p2a: Amoonguss|slp|[msg]\n|move|p2a: Amoonguss|Rage Powder|p2a: Amoonguss\n|-singleturn|p2a: Amoonguss|move: Rage Powder\n|move|p1b: lyfe|Heat Wave|p2a: Amoonguss|[spread] p2a,p2b\n|-supereffective|p2a: Amoonguss\n|-supereffective|p2b: Vikavolt\n|-damage|p2a: Amoonguss|18\/100\n|-damage|p2b: Vikavolt|21\/100\n|-status|p2a: Amoonguss|brn\n|move|p1a: afterlyfe|Hydro Steam|p2a: Amoonguss\n|-resisted|p2a: Amoonguss\n|-damage|p2a: Amoonguss|0 fnt\n|faint|p2a: Amoonguss\n|move|p2b: Vikavolt|Eerie Impulse|p1a: afterlyfe\n|-unboost|p1a: afterlyfe|spa|2\n|\n|-weather|SunnyDay|[upkeep]\n|-heal|p2b: Vikavolt|27\/100|[from] item: Leftovers\n|upkeep\n|inactive|Battle timer is ON: inactive players will automatically lose when time's up. (requested by dalmelforever1234)\n|\n|t:|1701048451\n|switch|p2a: Iron Bundle|Iron Bundle|100\/100\n|turn|4\n|\n|t:|1701048459\n|move|p2a: Iron Bundle|Freeze-Dry|p1a: afterlyfe\n|-supereffective|p1a: afterlyfe\n|-damage|p1a: afterlyfe|0 fnt\n|faint|p1a: afterlyfe\n|-end|p1a: afterlyfe|Protosynthesis|[silent]\n|move|p1b: lyfe|Heat Wave|p2a: Iron Bundle|[spread] p2a,p2b\n|-supereffective|p2b: Vikavolt\n|-damage|p2a: Iron Bundle|41\/100\n|-damage|p2b: Vikavolt|0 fnt\n|faint|p2b: Vikavolt\n|\n|-weather|SunnyDay|[upkeep]\n|upkeep\n|\n|t:|1701048469\n|switch|p1a: 4L|Torkoal, M|100\/100\n|switch|p2b: Garganacl|Garganacl, F|100\/100\n|-activate|p1a: 4L|move: Sticky Web\n|-unboost|p1a: 4L|spe|1\n|turn|5\n|\n|t:|1701048481\n|-end|p2a: Iron Bundle|Quark Drive|[silent]\n|switch|p2a: Orthworm|Orthworm, F|100\/100\n|move|p1b: lyfe|Helping Hand|p1a: 4L\n|-singleturn|p1a: 4L|Helping Hand|[of] p1b: lyfe\n|move|p2b: Garganacl|Wide Guard|p2b: Garganacl\n|-singleturn|p2b: Garganacl|Wide Guard\n|move|p1a: 4L|Eruption|p2b: Garganacl|[spread] \n|-activate|p2a: Orthworm|move: Wide Guard\n|-activate|p2b: Garganacl|move: Wide Guard\n|\n|-weather|none\n|upkeep\n|turn|6\n|inactive|dalmelforever1234 has 120 seconds left.\n|\n|t:|1701048515\n|move|p1b: lyfe|Helping Hand|p1a: 4L\n|-singleturn|p1a: 4L|Helping Hand|[of] p1b: lyfe\n|move|p2b: Garganacl|Wide Guard|p2b: Garganacl\n|-singleturn|p2b: Garganacl|Wide Guard\n|move|p2a: Orthworm|Earthquake|p1b: lyfe|[spread] p1a,p1b\n|-activate|p2b: Garganacl|move: Wide Guard\n|-supereffective|p1a: 4L\n|-supereffective|p1b: lyfe\n|-damage|p1a: 4L|67\/100\n|-damage|p1b: lyfe|51\/100\n|move|p1a: 4L|Eruption|p2b: Garganacl|[spread] \n|-activate|p2a: Orthworm|move: Wide Guard\n|-activate|p2b: Garganacl|move: Wide Guard\n|\n|-heal|p1b: lyfe|57\/100|[from] item: Leftovers\n|upkeep\n|turn|7\n|\n|t:|1701048536\n|move|p2b: Garganacl|Wide Guard|p2b: Garganacl\n|-singleturn|p2b: Garganacl|Wide Guard\n|move|p1b: lyfe|Hypnosis|p2a: Orthworm|[miss]\n|-miss|p1b: lyfe|p2a: Orthworm\n|move|p2a: Orthworm|Earthquake|p1b: lyfe|[spread] p1a,p1b\n|-activate|p2b: Garganacl|move: Wide Guard\n|-supereffective|p1a: 4L\n|-supereffective|p1b: lyfe\n|-damage|p1a: 4L|34\/100\n|-damage|p1b: lyfe|5\/100\n|-enditem|p1a: 4L|Sitrus Berry|[eat]\n|-heal|p1a: 4L|59\/100|[from] item: Sitrus Berry\n|move|p1a: 4L|Yawn|p2b: Garganacl\n|-immune|p2b: Garganacl|[from] ability: Purifying Salt\n|\n|-heal|p1b: lyfe|11\/100|[from] item: Leftovers\n|upkeep\n|turn|8\n|\n|t:|1701048566\n|move|p2b: Garganacl|Wide Guard|p2b: Garganacl\n|-singleturn|p2b: Garganacl|Wide Guard\n|move|p1b: lyfe|Heat Wave|p2a: Orthworm|[spread] \n|-activate|p2a: Orthworm|move: Wide Guard\n|-activate|p2b: Garganacl|move: Wide Guard\n|move|p2a: Orthworm|Earthquake|p1b: lyfe|[spread] p1a,p1b\n|-activate|p2b: Garganacl|move: Wide Guard\n|-supereffective|p1a: 4L\n|-supereffective|p1b: lyfe\n|-damage|p1a: 4L|25\/100\n|-damage|p1b: lyfe|0 fnt\n|faint|p1b: lyfe\n|move|p1a: 4L|Yawn|p2a: Orthworm\n|-start|p2a: Orthworm|move: Yawn|[of] p1a: 4L\n|\n|upkeep\n|\n|t:|1701048572\n|switch|p1b: Alive|Clefairy, F, shiny|100\/100\n|-activate|p1b: Alive|move: Sticky Web\n|-unboost|p1b: Alive|spe|1\n|turn|9\n|\n|t:|1701048598\n|switch|p2a: Iron Bundle|Iron Bundle|41\/100\n|move|p1b: Alive|Heal Pulse|p1a: 4L\n|-heal|p1a: 4L|75\/100\n|move|p2b: Garganacl|Salt Cure|p1a: 4L\n|-supereffective|p1a: 4L\n|-damage|p1a: 4L|61\/100\n|-start|p1a: 4L|Salt Cure\n|move|p1a: 4L|Eruption|p2b: Garganacl|[spread] p2a,p2b\n|-crit|p2a: Iron Bundle\n|-resisted|p2b: Garganacl\n|-damage|p2a: Iron Bundle|0 fnt\n|-damage|p2b: Garganacl|91\/100\n|faint|p2a: Iron Bundle\n|-end|p2a: Iron Bundle|Quark Drive|[silent]\n|\n|-heal|p2b: Garganacl|98\/100|[from] item: Leftovers\n|-damage|p1a: 4L|48\/100|[from] Salt Cure\n|upkeep\n|\n|t:|1701048603\n|switch|p2a: Orthworm|Orthworm, F|100\/100\n|turn|10\n|\n|t:|1701048612\n|-terastallize|p2a: Orthworm|Electric\n|move|p2b: Garganacl|Wide Guard|p2b: Garganacl\n|-singleturn|p2b: Garganacl|Wide Guard\n|move|p2a: Orthworm|Coil|p2a: Orthworm\n|-boost|p2a: Orthworm|atk|1\n|-boost|p2a: Orthworm|def|1\n|-boost|p2a: Orthworm|accuracy|1\n|move|p1b: Alive|Heal Pulse|p1a: 4L\n|-heal|p1a: 4L|98\/100\n|move|p1a: 4L|Eruption|p2a: Orthworm|[spread] \n|-activate|p2a: Orthworm|move: Wide Guard\n|-activate|p2b: Garganacl|move: Wide Guard\n|\n|-heal|p2b: Garganacl|100\/100|[from] item: Leftovers\n|-damage|p1a: 4L|86\/100|[from] Salt Cure\n|upkeep\n|turn|11\n|-message|dalmelforever1234 forfeited.\n|\n|win|ButterDeButtery\n|raw|dalmelforever1234's rating: 1098 &rarr; <strong>1081<\/strong><br \/>(-17 for losing)\n|raw|ButterDeButtery's rating: 1206 &rarr; <strong>1223<\/strong><br \/>(+17 for winning)\n|l|\u2606dalmelforever1234\n","uploadtime":1701048630,"views":7,"p1id":"dalmelforever1234","p2id":"butterdebuttery","formatid":"gen9doublesou","rating":1081,"private":0,"password":""}