{"id":"gen9doublesou-1990988615","p1":"OPieceOfHeroGhost","p2":"silvaasunto","format":"[Gen 9] Doubles OU","log":"|j|\u2606OPieceOfHeroGhost\n|j|\u2606silvaasunto\n|t:|1700023981\n|gametype|doubles\n|player|p1|OPieceOfHeroGhost|morty|1453\n|player|p2|silvaasunto|winona|1454\n|teamsize|p1|6\n|teamsize|p2|6\n|gen|9\n|tier|[Gen 9] Doubles OU\n|rated|\n|rule|Species Clause: Limit one of each Pok\u00e9mon\n|rule|OHKO Clause: OHKO moves are banned\n|rule|Evasion Moves Clause: Evasion moves are banned\n|rule|Gravity Sleep Clause: The combination of sleep-inducing moves with imperfect accuracy and Gravity or Gigantamax Orbeetle are banned\n|rule|Endless Battle Clause: Forcing endless battles is banned\n|rule|HP Percentage Mod: HP is shown in percentages\n|clearpoke\n|poke|p1|Flutter Mane|\n|poke|p1|Amoonguss, M|\n|poke|p1|Chien-Pao|\n|poke|p1|Iron Hands|\n|poke|p1|Landorus-Therian, M|\n|poke|p1|Heatran, F|\n|poke|p2|Chien-Pao|\n|poke|p2|Baxcalibur, M|\n|poke|p2|Froslass, F|\n|poke|p2|Iron Bundle|\n|poke|p2|Abomasnow, F|\n|poke|p2|Ninetales-Alola, F|\n|teampreview\n|\n|t:|1700023992\n|start\n|switch|p1a: \u523a\u86c7\u4e0d\u5982\u87d1\u8782|Heatran, F|100\/100\n|switch|p1b: \u5927\u866b|Landorus-Therian, M|100\/100\n|switch|p2a: OBAMAsnow|Abomasnow, F|100\/100\n|switch|p2b: Yuh|Froslass, F|100\/100\n|-ability|p1b: \u5927\u866b|Intimidate|boost\n|-unboost|p2a: OBAMAsnow|atk|1\n|-unboost|p2b: Yuh|atk|1\n|-weather|Snow|[from] ability: Snow Warning|[of] p2a: OBAMAsnow\n|turn|1\n|\n|t:|1700024010\n|-terastallize|p2a: OBAMAsnow|Fire\n|move|p2b: Yuh|Blizzard|p1a: \u523a\u86c7\u4e0d\u5982\u87d1\u8782|[spread] p1a,p1b\n|-resisted|p1a: \u523a\u86c7\u4e0d\u5982\u87d1\u8782\n|-crit|p1a: \u523a\u86c7\u4e0d\u5982\u87d1\u8782\n|-supereffective|p1b: \u5927\u866b\n|-damage|p1a: \u523a\u86c7\u4e0d\u5982\u87d1\u8782|90\/100\n|-damage|p1b: \u5927\u866b|0 fnt\n|faint|p1b: \u5927\u866b\n|move|p1a: \u523a\u86c7\u4e0d\u5982\u87d1\u8782|Heat Wave|p2b: Yuh|[spread] p2a,p2b\n|-resisted|p2a: OBAMAsnow\n|-supereffective|p2b: Yuh\n|-crit|p2b: Yuh\n|-damage|p2a: OBAMAsnow|84\/100\n|-damage|p2b: Yuh|0 fnt\n|-start|p1a: \u523a\u86c7\u4e0d\u5982\u87d1\u8782|Disable|Heat Wave|[from] ability: Cursed Body|[of] p2b: Yuh\n|faint|p2b: Yuh\n|move|p2a: OBAMAsnow|Aurora Veil|p2a: OBAMAsnow\n|-sidestart|p2: silvaasunto|move: Aurora Veil\n|\n|-weather|Snow|[upkeep]\n|-heal|p1a: \u523a\u86c7\u4e0d\u5982\u87d1\u8782|97\/100|[from] item: Leftovers\n|upkeep\n|\n|t:|1700024029\n|switch|p2b: Shes EXTRA-libur|Baxcalibur, M|100\/100\n|switch|p1b: \u6211\u63a8\u7684\u632f\u7ffc\u53d1|Flutter Mane|100\/100\n|turn|2\n|\n|t:|1700024043\n|move|p1a: \u523a\u86c7\u4e0d\u5982\u87d1\u8782|Protect|p1a: \u523a\u86c7\u4e0d\u5982\u87d1\u8782\n|-singleturn|p1a: \u523a\u86c7\u4e0d\u5982\u87d1\u8782|Protect\n|move|p1b: \u6211\u63a8\u7684\u632f\u7ffc\u53d1|Moonblast|p2b: Shes EXTRA-libur\n|-supereffective|p2b: Shes EXTRA-libur\n|-damage|p2b: Shes EXTRA-libur|12\/100\n|-enditem|p2b: Shes EXTRA-libur|Aguav Berry|[eat]\n|-heal|p2b: Shes EXTRA-libur|46\/100|[from] item: Aguav Berry\n|move|p2b: Shes EXTRA-libur|Icicle Crash|p1b: \u6211\u63a8\u7684\u632f\u7ffc\u53d1\n|-damage|p1b: \u6211\u63a8\u7684\u632f\u7ffc\u53d1|6\/100\n|move|p2a: OBAMAsnow|Blizzard|p1a: \u523a\u86c7\u4e0d\u5982\u87d1\u8782|[spread] p1b\n|-activate|p1a: \u523a\u86c7\u4e0d\u5982\u87d1\u8782|move: Protect\n|-damage|p1b: \u6211\u63a8\u7684\u632f\u7ffc\u53d1|0 fnt\n|faint|p1b: \u6211\u63a8\u7684\u632f\u7ffc\u53d1\n|-end|p1b: \u6211\u63a8\u7684\u632f\u7ffc\u53d1|Protosynthesis|[silent]\n|\n|-weather|Snow|[upkeep]\n|-heal|p1a: \u523a\u86c7\u4e0d\u5982\u87d1\u8782|100\/100|[from] item: Leftovers\n|upkeep\n|\n|t:|1700024064\n|switch|p1b: \u8bf4\u7684\u9053\u8389\uff5e\uff5e\uff5e\uff5e|Iron Hands|100\/100\n|turn|3\n|\n|t:|1700024078\n|switch|p1a: \u4e00\uff01\u4e94\uff01|Chien-Pao|100\/100\n|-ability|p1a: \u4e00\uff01\u4e94\uff01|Sword of Ruin\n|move|p1b: \u8bf4\u7684\u9053\u8389\uff5e\uff5e\uff5e\uff5e|Fake Out|p2b: Shes EXTRA-libur\n|-damage|p2b: Shes EXTRA-libur|38\/100\n|cant|p2b: Shes EXTRA-libur|flinch\n|move|p2a: OBAMAsnow|Leech Seed|p1a: \u4e00\uff01\u4e94\uff01|[miss]\n|-miss|p2a: OBAMAsnow|p1a: \u4e00\uff01\u4e94\uff01\n|\n|-weather|Snow|[upkeep]\n|upkeep\n|turn|4\n|\n|t:|1700024098\n|move|p1a: \u4e00\uff01\u4e94\uff01|Sacred Sword|p2b: Shes EXTRA-libur\n|-supereffective|p2b: Shes EXTRA-libur\n|-damage|p2b: Shes EXTRA-libur|9\/100\n|move|p2b: Shes EXTRA-libur|Dragon Claw|p1b: \u8bf4\u7684\u9053\u8389\uff5e\uff5e\uff5e\uff5e\n|-damage|p1b: \u8bf4\u7684\u9053\u8389\uff5e\uff5e\uff5e\uff5e|56\/100\n|move|p2a: OBAMAsnow|Leech Seed|p1b: \u8bf4\u7684\u9053\u8389\uff5e\uff5e\uff5e\uff5e\n|-start|p1b: \u8bf4\u7684\u9053\u8389\uff5e\uff5e\uff5e\uff5e|move: Leech Seed\n|move|p1b: \u8bf4\u7684\u9053\u8389\uff5e\uff5e\uff5e\uff5e|Drain Punch|p2a: OBAMAsnow\n|-damage|p2a: OBAMAsnow|43\/100\n|-heal|p1b: \u8bf4\u7684\u9053\u8389\uff5e\uff5e\uff5e\uff5e|72\/100|[from] drain|[of] p2a: OBAMAsnow\n|\n|-weather|Snow|[upkeep]\n|-damage|p1b: \u8bf4\u7684\u9053\u8389\uff5e\uff5e\uff5e\uff5e|60\/100|[from] Leech Seed|[of] p2a: OBAMAsnow\n|-heal|p2a: OBAMAsnow|59\/100|[silent]\n|upkeep\n|turn|5\n|\n|t:|1700024119\n|-end|p1b: \u8bf4\u7684\u9053\u8389\uff5e\uff5e\uff5e\uff5e|Quark Drive|[silent]\n|switch|p1b: \u523a\u86c7\u4e0d\u5982\u87d1\u8782|Heatran, F|100\/100\n|move|p1a: \u4e00\uff01\u4e94\uff01|Sacred Sword|p2b: Shes EXTRA-libur\n|-supereffective|p2b: Shes EXTRA-libur\n|-damage|p2b: Shes EXTRA-libur|0 fnt\n|faint|p2b: Shes EXTRA-libur\n|move|p2a: OBAMAsnow|Blizzard|p1a: \u4e00\uff01\u4e94\uff01|[spread] p1a,p1b\n|-resisted|p1a: \u4e00\uff01\u4e94\uff01\n|-resisted|p1b: \u523a\u86c7\u4e0d\u5982\u87d1\u8782\n|-damage|p1a: \u4e00\uff01\u4e94\uff01|79\/100\n|-damage|p1b: \u523a\u86c7\u4e0d\u5982\u87d1\u8782|95\/100\n|\n|-weather|none\n|-heal|p1b: \u523a\u86c7\u4e0d\u5982\u87d1\u8782|100\/100|[from] item: Leftovers\n|upkeep\n|\n|t:|1700024134\n|switch|p2b: Min-pao|Chien-Pao|100\/100\n|-ability|p2b: Min-pao|Sword of Ruin\n|turn|6\n|\n|t:|1700024142\n|move|p1a: \u4e00\uff01\u4e94\uff01|Protect|p1a: \u4e00\uff01\u4e94\uff01\n|-singleturn|p1a: \u4e00\uff01\u4e94\uff01|Protect\n|move|p1b: \u523a\u86c7\u4e0d\u5982\u87d1\u8782|Protect|p1b: \u523a\u86c7\u4e0d\u5982\u87d1\u8782\n|-singleturn|p1b: \u523a\u86c7\u4e0d\u5982\u87d1\u8782|Protect\n|move|p2b: Min-pao|Brick Break|p1a: \u4e00\uff01\u4e94\uff01\n|-activate|p1a: \u4e00\uff01\u4e94\uff01|move: Protect\n|move|p2a: OBAMAsnow|Leech Seed|p1b: \u523a\u86c7\u4e0d\u5982\u87d1\u8782\n|-activate|p1b: \u523a\u86c7\u4e0d\u5982\u87d1\u8782|move: Protect\n|\n|upkeep\n|turn|7\n|\n|t:|1700024164\n|switch|p1a: \u8bf4\u7684\u9053\u8389\uff5e\uff5e\uff5e\uff5e|Iron Hands|60\/100\n|switch|p2a: NineInches|Ninetales-Alola, F|100\/100\n|-weather|Snow|[from] ability: Snow Warning|[of] p2a: NineInches\n|-terastallize|p1b: \u523a\u86c7\u4e0d\u5982\u87d1\u8782|Grass\n|move|p2b: Min-pao|Brick Break|p1b: \u523a\u86c7\u4e0d\u5982\u87d1\u8782\n|-damage|p1b: \u523a\u86c7\u4e0d\u5982\u87d1\u8782|75\/100\n|move|p1b: \u523a\u86c7\u4e0d\u5982\u87d1\u8782|Heat Wave|p2a: NineInches|[spread] p2a,p2b\n|-supereffective|p2a: NineInches\n|-supereffective|p2b: Min-pao\n|-damage|p2a: NineInches|42\/100\n|-damage|p2b: Min-pao|16\/100\n|-enditem|p2b: Min-pao|Sitrus Berry|[eat]\n|-heal|p2b: Min-pao|41\/100|[from] item: Sitrus Berry\n|-enditem|p2a: NineInches|Sitrus Berry|[eat]\n|-heal|p2a: NineInches|67\/100|[from] item: Sitrus Berry\n|\n|-weather|Snow|[upkeep]\n|-heal|p1b: \u523a\u86c7\u4e0d\u5982\u87d1\u8782|81\/100|[from] item: Leftovers\n|upkeep\n|turn|8\n|\n|t:|1700024193\n|move|p1a: \u8bf4\u7684\u9053\u8389\uff5e\uff5e\uff5e\uff5e|Fake Out|p2b: Min-pao\n|-damage|p2b: Min-pao|31\/100\n|cant|p2b: Min-pao|flinch\n|move|p2a: NineInches|Blizzard|p1b: \u523a\u86c7\u4e0d\u5982\u87d1\u8782|[spread] p1a,p1b\n|-supereffective|p1b: \u523a\u86c7\u4e0d\u5982\u87d1\u8782\n|-damage|p1a: \u8bf4\u7684\u9053\u8389\uff5e\uff5e\uff5e\uff5e|46\/100\n|-damage|p1b: \u523a\u86c7\u4e0d\u5982\u87d1\u8782|26\/100\n|move|p1b: \u523a\u86c7\u4e0d\u5982\u87d1\u8782|Heat Wave|p2a: NineInches|[spread] p2a,p2b\n|-supereffective|p2a: NineInches\n|-supereffective|p2b: Min-pao\n|-damage|p2a: NineInches|5\/100\n|-damage|p2b: Min-pao|0 fnt\n|faint|p2b: Min-pao\n|\n|-weather|Snow|[upkeep]\n|-heal|p1b: \u523a\u86c7\u4e0d\u5982\u87d1\u8782|33\/100|[from] item: Leftovers\n|-sideend|p2: silvaasunto|move: Aurora Veil\n|upkeep\n|\n|t:|1700024205\n|switch|p2b: The same bundles..|Iron Bundle|100\/100\n|-enditem|p2b: The same bundles..|Booster Energy\n|-activate|p2b: The same bundles..|ability: Quark Drive|[fromitem]\n|-start|p2b: The same bundles..|quarkdrivespe\n|turn|9\n|\n|t:|1700024219\n|move|p1b: \u523a\u86c7\u4e0d\u5982\u87d1\u8782|Protect|p1b: \u523a\u86c7\u4e0d\u5982\u87d1\u8782\n|-singleturn|p1b: \u523a\u86c7\u4e0d\u5982\u87d1\u8782|Protect\n|move|p2b: The same bundles..|Encore|p1a: \u8bf4\u7684\u9053\u8389\uff5e\uff5e\uff5e\uff5e\n|-start|p1a: \u8bf4\u7684\u9053\u8389\uff5e\uff5e\uff5e\uff5e|Encore\n|move|p2a: NineInches|Blizzard|p1b: \u523a\u86c7\u4e0d\u5982\u87d1\u8782|[spread] p1a\n|-activate|p1b: \u523a\u86c7\u4e0d\u5982\u87d1\u8782|move: Protect\n|-damage|p1a: \u8bf4\u7684\u9053\u8389\uff5e\uff5e\uff5e\uff5e|30\/100\n|move|p1a: \u8bf4\u7684\u9053\u8389\uff5e\uff5e\uff5e\uff5e|Fake Out||[still]\n|-hint|Fake Out only works on your first turn out.\n|-fail|p1a: \u8bf4\u7684\u9053\u8389\uff5e\uff5e\uff5e\uff5e\n|\n|-weather|Snow|[upkeep]\n|-heal|p1b: \u523a\u86c7\u4e0d\u5982\u87d1\u8782|39\/100|[from] item: Leftovers\n|upkeep\n|turn|10\n|\n|t:|1700024236\n|switch|p1b: \u4e00\uff01\u4e94\uff01|Chien-Pao|79\/100\n|-ability|p1b: \u4e00\uff01\u4e94\uff01|Sword of Ruin\n|-end|p1a: \u8bf4\u7684\u9053\u8389\uff5e\uff5e\uff5e\uff5e|Quark Drive|[silent]\n|switch|p1a: \u6211\u4e49\u7236|Amoonguss, M|100\/100\n|move|p2b: The same bundles..|Blizzard|p1a: \u6211\u4e49\u7236|[spread] p1a,p1b\n|-supereffective|p1a: \u6211\u4e49\u7236\n|-resisted|p1b: \u4e00\uff01\u4e94\uff01\n|-damage|p1a: \u6211\u4e49\u7236|28\/100\n|-damage|p1b: \u4e00\uff01\u4e94\uff01|44\/100\n|-enditem|p1a: \u6211\u4e49\u7236|Sitrus Berry|[eat]\n|-heal|p1a: \u6211\u4e49\u7236|53\/100|[from] item: Sitrus Berry\n|move|p2a: NineInches|Moonblast|p1a: \u6211\u4e49\u7236\n|-resisted|p1a: \u6211\u4e49\u7236\n|-damage|p1a: \u6211\u4e49\u7236|37\/100\n|\n|-weather|Snow|[upkeep]\n|upkeep\n|turn|11\n|\n|t:|1700024259\n|move|p1a: \u6211\u4e49\u7236|Rage Powder|p1a: \u6211\u4e49\u7236\n|-singleturn|p1a: \u6211\u4e49\u7236|move: Rage Powder\n|move|p2b: The same bundles..|Blizzard|p1b: \u4e00\uff01\u4e94\uff01|[spread] p1a,p1b\n|-supereffective|p1a: \u6211\u4e49\u7236\n|-resisted|p1b: \u4e00\uff01\u4e94\uff01\n|-damage|p1a: \u6211\u4e49\u7236|0 fnt\n|-damage|p1b: \u4e00\uff01\u4e94\uff01|10\/100\n|faint|p1a: \u6211\u4e49\u7236\n|move|p1b: \u4e00\uff01\u4e94\uff01|Sacred Sword|p2b: The same bundles..\n|-supereffective|p2b: The same bundles..\n|-damage|p2b: The same bundles..|33\/100\n|move|p2a: NineInches|Moonblast|p1b: \u4e00\uff01\u4e94\uff01\n|-supereffective|p1b: \u4e00\uff01\u4e94\uff01\n|-damage|p1b: \u4e00\uff01\u4e94\uff01|0 fnt\n|faint|p1b: \u4e00\uff01\u4e94\uff01\n|\n|-weather|none\n|upkeep\n|\n|t:|1700024275\n|switch|p1b: \u523a\u86c7\u4e0d\u5982\u87d1\u8782|Heatran, F, tera:Grass|39\/100\n|switch|p1a: \u8bf4\u7684\u9053\u8389\uff5e\uff5e\uff5e\uff5e|Iron Hands|30\/100\n|turn|12\n|\n|t:|1700024285\n|switch|p2a: OBAMAsnow|Abomasnow, F, tera:Fire|59\/100\n|-weather|Snow|[from] ability: Snow Warning|[of] p2a: OBAMAsnow\n|move|p1a: \u8bf4\u7684\u9053\u8389\uff5e\uff5e\uff5e\uff5e|Fake Out|p2b: The same bundles..\n|-damage|p2b: The same bundles..|21\/100\n|cant|p2b: The same bundles..|flinch\n|move|p1b: \u523a\u86c7\u4e0d\u5982\u87d1\u8782|Heat Wave|p2a: OBAMAsnow|[spread] p2a,p2b\n|-resisted|p2a: OBAMAsnow\n|-damage|p2a: OBAMAsnow|43\/100\n|-damage|p2b: The same bundles..|0 fnt\n|faint|p2b: The same bundles..\n|-end|p2b: The same bundles..|Quark Drive|[silent]\n|\n|-weather|Snow|[upkeep]\n|-heal|p1b: \u523a\u86c7\u4e0d\u5982\u87d1\u8782|45\/100|[from] item: Leftovers\n|upkeep\n|\n|t:|1700024295\n|switch|p2b: NineInches|Ninetales-Alola, F|5\/100\n|turn|13\n|\n|t:|1700024313\n|move|p2b: NineInches|Blizzard|p1a: \u8bf4\u7684\u9053\u8389\uff5e\uff5e\uff5e\uff5e|[spread] p1a,p1b\n|-supereffective|p1b: \u523a\u86c7\u4e0d\u5982\u87d1\u8782\n|-damage|p1a: \u8bf4\u7684\u9053\u8389\uff5e\uff5e\uff5e\uff5e|14\/100\n|-damage|p1b: \u523a\u86c7\u4e0d\u5982\u87d1\u8782|0 fnt\n|-status|p1a: \u8bf4\u7684\u9053\u8389\uff5e\uff5e\uff5e\uff5e|frz\n|faint|p1b: \u523a\u86c7\u4e0d\u5982\u87d1\u8782\n|move|p2a: OBAMAsnow|Blizzard|p1a: \u8bf4\u7684\u9053\u8389\uff5e\uff5e\uff5e\uff5e\n|-damage|p1a: \u8bf4\u7684\u9053\u8389\uff5e\uff5e\uff5e\uff5e|0 fnt\n|faint|p1a: \u8bf4\u7684\u9053\u8389\uff5e\uff5e\uff5e\uff5e\n|-end|p1a: \u8bf4\u7684\u9053\u8389\uff5e\uff5e\uff5e\uff5e|Quark Drive|[silent]\n|\n|win|silvaasunto\n|raw|OPieceOfHeroGhost's rating: 1453 &rarr; <strong>1433<\/strong><br \/>(-20 for losing)\n|raw|silvaasunto's rating: 1454 &rarr; <strong>1474<\/strong><br \/>(+20 for winning)\n|c|\u2606silvaasunto|Omg\n|c|\u2606silvaasunto|Gg\n","uploadtime":1700024337,"views":16,"p1id":"opieceofheroghost","p2id":"silvaasunto","formatid":"gen9doublesou","rating":1433,"private":0,"password":""}