{"id":"gen9doublesou-1993448669","p1":"OPieceOfHeroGhost","p2":"An archaeologist","format":"[Gen 9] Doubles OU","log":"|j|\u2606OPieceOfHeroGhost\n|j|\u2606An archaeologist\n|t:|1700319229\n|gametype|doubles\n|player|p1|OPieceOfHeroGhost|morty|1478\n|player|p2|An archaeologist|hiker-gen4|1355\n|teamsize|p1|6\n|teamsize|p2|6\n|gen|9\n|tier|[Gen 9] Doubles OU\n|rated|\n|rule|Species Clause: Limit one of each Pok\u00e9mon\n|rule|OHKO Clause: OHKO moves are banned\n|rule|Evasion Moves Clause: Evasion moves are banned\n|rule|Gravity Sleep Clause: The combination of sleep-inducing moves with imperfect accuracy and Gravity or Gigantamax Orbeetle are banned\n|rule|Endless Battle Clause: Forcing endless battles is banned\n|rule|HP Percentage Mod: HP is shown in percentages\n|clearpoke\n|poke|p1|Regieleki|\n|poke|p1|Sneasler, M|\n|poke|p1|Rillaboom, F|\n|poke|p1|Ogerpon-Hearthflame, F|\n|poke|p1|Farigiraf, M|\n|poke|p1|Landorus-Therian, M|\n|poke|p2|Pelipper, F|\n|poke|p2|Drednaw, F|\n|poke|p2|Basculegion-F, F|\n|poke|p2|Glimmora, M|\n|poke|p2|Tornadus, M|\n|poke|p2|Sneasler, F|\n|teampreview\n|\n|t:|1700319238\n|start\n|switch|p1a: Regieleki|Regieleki|100\/100\n|switch|p1b: Landorus|Landorus-Therian, M|100\/100\n|switch|p2a: Tornadus|Tornadus, M|100\/100\n|switch|p2b: Sneasler|Sneasler, F|100\/100\n|-ability|p1b: Landorus|Intimidate|boost\n|-unboost|p2a: Tornadus|atk|1\n|-unboost|p2b: Sneasler|atk|1\n|turn|1\n|\n|t:|1700319253\n|-terastallize|p2b: Sneasler|Flying\n|move|p2b: Sneasler|Fake Out|p1a: Regieleki\n|-damage|p1a: Regieleki|84\/100\n|move|p2a: Tornadus|Swagger|p1b: Landorus|[miss]\n|-miss|p2a: Tornadus|p1b: Landorus\n|cant|p1a: Regieleki|flinch\n|move|p1b: Landorus|U-turn|p2b: Sneasler\n|-resisted|p2b: Sneasler\n|-damage|p2b: Sneasler|75\/100\n|\n|t:|1700319266\n|switch|p1b: Rillaboom|Rillaboom, F|100\/100|[from] U-turn\n|-fieldstart|move: Grassy Terrain|[from] ability: Grassy Surge|[of] p1b: Rillaboom\n|\n|-heal|p1a: Regieleki|90\/100|[from] Grassy Terrain\n|upkeep\n|turn|2\n|\n|t:|1700319278\n|move|p1b: Rillaboom|Fake Out|p2b: Sneasler\n|-damage|p2b: Sneasler|52\/100\n|move|p2a: Tornadus|Swagger|p1a: Regieleki\n|-boost|p1a: Regieleki|atk|2\n|-enditem|p2b: Sneasler|Mirror Herb\n|-boost|p2b: Sneasler|atk|2|[from] item: Mirror Herb\n|-start|p1a: Regieleki|confusion\n|cant|p2b: Sneasler|flinch\n|-activate|p1a: Regieleki|confusion\n|-damage|p1a: Regieleki|65\/100|[from] confusion\n|\n|-heal|p1a: Regieleki|71\/100|[from] Grassy Terrain\n|upkeep\n|turn|3\n|\n|t:|1700319308\n|switch|p1b: Landorus|Landorus-Therian, M|100\/100\n|-ability|p1b: Landorus|Intimidate|boost\n|-unboost|p2a: Tornadus|atk|1\n|-unboost|p2b: Sneasler|atk|1\n|move|p2b: Sneasler|Dire Claw|p1a: Regieleki\n|-damage|p1a: Regieleki|0 fnt\n|faint|p1a: Regieleki\n|move|p2a: Tornadus|Sludge Bomb|p1b: Landorus\n|-resisted|p1b: Landorus\n|-damage|p1b: Landorus|82\/100\n|\n|upkeep\n|\n|t:|1700319320\n|switch|p1a: Rillaboom|Rillaboom, F|100\/100\n|turn|4\n|\n|t:|1700319327\n|move|p1a: Rillaboom|Fake Out|p2b: Sneasler\n|-damage|p2b: Sneasler|29\/100\n|cant|p2b: Sneasler|flinch\n|move|p1b: Landorus|Rock Slide|p2a: Tornadus|[spread] p2a,p2b\n|-supereffective|p2a: Tornadus\n|-supereffective|p2b: Sneasler\n|-damage|p2a: Tornadus|38\/100\n|-damage|p2b: Sneasler|0 fnt\n|faint|p2b: Sneasler\n|move|p2a: Tornadus|Sludge Bomb|p1a: Rillaboom\n|-supereffective|p1a: Rillaboom\n|-damage|p1a: Rillaboom|59\/100\n|-status|p1a: Rillaboom|psn\n|\n|-heal|p2a: Tornadus|44\/100|[from] item: Leftovers\n|-heal|p1a: Rillaboom|65\/100 psn|[from] Grassy Terrain\n|-damage|p1a: Rillaboom|53\/100 psn|[from] psn\n|upkeep\n|\n|t:|1700319350\n|switch|p2b: Pelipper|Pelipper, F|100\/100\n|-weather|RainDance|[from] ability: Drizzle|[of] p2b: Pelipper\n|turn|5\n|\n|t:|1700319359\n|move|p2a: Tornadus|Tailwind|p2a: Tornadus\n|-sidestart|p2: An archaeologist|move: Tailwind\n|move|p1b: Landorus|Rock Slide|p2a: Tornadus|[spread] p2a,p2b\n|-supereffective|p2a: Tornadus\n|-supereffective|p2b: Pelipper\n|-damage|p2a: Tornadus|0 fnt\n|-damage|p2b: Pelipper|50\/100\n|faint|p2a: Tornadus\n|cant|p2b: Pelipper|flinch\n|move|p1a: Rillaboom|U-turn|p2b: Pelipper\n|-resisted|p2b: Pelipper\n|-crit|p2b: Pelipper\n|-damage|p2b: Pelipper|31\/100\n|\n|t:|1700319377\n|switch|p1a: Sneasler|Sneasler, M|100\/100|[from] U-turn\n|-enditem|p1a: Sneasler|Grassy Seed\n|-boost|p1a: Sneasler|def|1|[from] item: Grassy Seed\n|\n|-weather|RainDance|[upkeep]\n|-fieldend|move: Grassy Terrain\n|upkeep\n|\n|t:|1700319385\n|switch|p2a: Drednaw|Drednaw, F|100\/100\n|turn|6\n|\n|t:|1700319410\n|move|p2a: Drednaw|Liquidation|p1b: Landorus\n|-supereffective|p1b: Landorus\n|-damage|p1b: Landorus|0 fnt\n|faint|p1b: Landorus\n|move|p1a: Sneasler|Close Combat|p2a: Drednaw\n|-supereffective|p2a: Drednaw\n|-enditem|p2a: Drednaw|Focus Sash\n|-damage|p2a: Drednaw|1\/100\n|-unboost|p1a: Sneasler|def|1\n|-unboost|p1a: Sneasler|spd|1\n|move|p2b: Pelipper|Weather Ball|p1a: Sneasler\n|-damage|p1a: Sneasler|0 fnt\n|faint|p1a: Sneasler\n|\n|-weather|RainDance|[upkeep]\n|upkeep\n|\n|t:|1700319427\n|switch|p1a: Ogerpon|Ogerpon-Hearthflame, F|100\/100\n|switch|p1b: Rillaboom|Rillaboom, F|53\/100 psn\n|-ability|p1a: Ogerpon|Mold Breaker\n|-fieldstart|move: Grassy Terrain|[from] ability: Grassy Surge|[of] p1b: Rillaboom\n|turn|7\n|\n|t:|1700319444\n|-terastallize|p1a: Ogerpon|Fire\n|detailschange|p1a: Ogerpon|Ogerpon-Hearthflame-Tera, F, tera:Fire\n|-ability|p1a: Ogerpon|Embody Aspect (Hearthflame)|boost\n|-boost|p1a: Ogerpon|atk|1\n|move|p1b: Rillaboom|Fake Out|p2b: Pelipper\n|-crit|p2b: Pelipper\n|-damage|p2b: Pelipper|6\/100\n|move|p1a: Ogerpon|Grassy Glide|p2a: Drednaw\n|-supereffective|p2a: Drednaw\n|-damage|p2a: Drednaw|0 fnt\n|faint|p2a: Drednaw\n|cant|p2b: Pelipper|flinch\n|\n|-weather|RainDance|[upkeep]\n|-heal|p1b: Rillaboom|59\/100 psn|[from] Grassy Terrain\n|-damage|p1b: Rillaboom|46\/100 psn|[from] psn\n|upkeep\n|\n|t:|1700319463\n|switch|p2a: Basculegion|Basculegion-F, F|100\/100\n|turn|8\n|\n|t:|1700319472\n|move|p1a: Ogerpon|Grassy Glide|p2a: Basculegion\n|-supereffective|p2a: Basculegion\n|-damage|p2a: Basculegion|0 fnt\n|faint|p2a: Basculegion\n|move|p2b: Pelipper|Hurricane|p1b: Rillaboom\n|-supereffective|p1b: Rillaboom\n|-damage|p1b: Rillaboom|0 fnt\n|faint|p1b: Rillaboom\n|\n|-weather|RainDance|[upkeep]\n|-sideend|p2: An archaeologist|move: Tailwind\n|upkeep\n|\n|t:|1700319483\n|switch|p2a: Glimmora|Glimmora, M|100\/100\n|switch|p1b: Farigiraf|Farigiraf, M|100\/100\n|turn|9\n|\n|t:|1700319499\n|move|p1a: Ogerpon|Spiky Shield|p1a: Ogerpon\n|-singleturn|p1a: Ogerpon|move: Protect\n|move|p2a: Glimmora|Power Gem|p1a: Ogerpon\n|-activate|p1a: Ogerpon|move: Protect\n|move|p2b: Pelipper|Weather Ball|p1a: Ogerpon\n|-activate|p1a: Ogerpon|move: Protect\n|move|p1b: Farigiraf|Psychic|p2b: Pelipper\n|-damage|p2b: Pelipper|0 fnt\n|faint|p2b: Pelipper\n|\n|-weather|RainDance|[upkeep]\n|upkeep\n|turn|10\n|c|\u2606An archaeologist|Gg\n|\n|t:|1700319519\n|move|p1a: Ogerpon|Grassy Glide|p2a: Glimmora\n|-damage|p2a: Glimmora|23\/100\n|-activate|p2a: Glimmora|ability: Toxic Debris\n|-sidestart|p1: OPieceOfHeroGhost|move: Toxic Spikes\n|move|p2a: Glimmora|Power Gem|p1a: Ogerpon\n|-supereffective|p1a: Ogerpon\n|-damage|p1a: Ogerpon|20\/100\n|move|p1b: Farigiraf|Psychic|p2a: Glimmora\n|-supereffective|p2a: Glimmora\n|-damage|p2a: Glimmora|0 fnt\n|faint|p2a: Glimmora\n|\n|win|OPieceOfHeroGhost\n|raw|OPieceOfHeroGhost's rating: 1478 &rarr; <strong>1491<\/strong><br \/>(+13 for winning)\n|raw|An archaeologist's rating: 1355 &rarr; <strong>1342<\/strong><br \/>(-13 for losing)\n|l|\u2606An archaeologist\n","uploadtime":1700319533,"views":5,"p1id":"opieceofheroghost","p2id":"anarchaeologist","formatid":"gen9doublesou","rating":1342,"private":0,"password":""}