{"id":"gen9doublesou-1982458630","p1":"Pikesito","p2":"Lenoxum","format":"[Gen 9] Doubles OU","log":"|j|\u2606Pikesito\n|j|\u2606Lenoxum\n|inactive|Battle timer is ON: inactive players will automatically lose when time's up.\n|t:|1699016781\n|gametype|doubles\n|player|p1|Pikesito|penny|\n|player|p2|Lenoxum|turo-ai|\n|teamsize|p1|6\n|teamsize|p2|6\n|gen|9\n|tier|[Gen 9] Doubles OU\n|rated|Tournament battle\n|rule|Species Clause: Limit one of each Pok\u00e9mon\n|rule|OHKO Clause: OHKO moves are banned\n|rule|Evasion Moves Clause: Evasion moves are banned\n|rule|Gravity Sleep Clause: The combination of sleep-inducing moves with imperfect accuracy and Gravity or Gigantamax Orbeetle are banned\n|rule|Endless Battle Clause: Forcing endless battles is banned\n|rule|HP Percentage Mod: HP is shown in percentages\n|clearpoke\n|poke|p1|Lumineon, M|\n|poke|p1|Trevenant, M|\n|poke|p1|Grumpig, M|\n|poke|p1|Palafin, F|\n|poke|p1|Slowking-Galar, F|\n|poke|p1|Farigiraf, M|\n|poke|p2|Yanmega, F|\n|poke|p2|Meowscarada, F|\n|poke|p2|Houndoom, F|\n|poke|p2|Krookodile, M|\n|poke|p2|Sneasler, M|\n|poke|p2|Amoonguss, M|\n|teampreview\n|j|*Lady Monita \u263d\n|inactive|Pikesito also wants the timer to be on.\n|c|\u2606Lenoxum|finally\n|c|\u2606Lenoxum|gawddaim\n|inactive|Lenoxum has 120 seconds left.\n|\n|t:|1699016817\n|start\n|switch|p1a: Palafin|Palafin, F|100\/100\n|switch|p1b: Slowking|Slowking-Galar, F|100\/100\n|switch|p2a: Krookodile|Krookodile, M, shiny|100\/100\n|switch|p2b: Sneasler|Sneasler, M, shiny|100\/100\n|-ability|p2a: Krookodile|Intimidate|boost\n|-unboost|p1a: Palafin|atk|1\n|-unboost|p1b: Slowking|atk|1\n|turn|1\n|j| Calamarimar\n|\n|t:|1699016847\n|detailschange|p1a: Palafin|Palafin-Hero, F\n|switch|p1a: Lumineon|Lumineon, M|100\/100\n|move|p2b: Sneasler|Fake Out|p1a: Lumineon\n|-crit|p1a: Lumineon\n|-damage|p1a: Lumineon|63\/100\n|move|p2a: Krookodile|Knock Off|p1b: Slowking\n|-supereffective|p1b: Slowking\n|-damage|p1b: Slowking|0 fnt\n|-enditem|p1b: Slowking|Choice Specs|[from] move: Knock Off|[of] p2a: Krookodile\n|faint|p1b: Slowking\n|\n|upkeep\n|inactive|Pikesito has 120 seconds left.\n|j| Zwellish\n|l| Zwellish\n|inactive|Pikesito has 90 seconds left.\n|l| Calamarimar\n|\n|t:|1699016922\n|switch|p1b: Palafin|Palafin-Hero, F|100\/100\n|-activate|p1b: Palafin|ability: Zero to Hero\n|turn|2\n|inactive|Lenoxum has 120 seconds left.\n|\n|t:|1699016965\n|move|p2b: Sneasler|Dire Claw|p1b: Palafin\n|-damage|p1b: Palafin|63\/100\n|-status|p1b: Palafin|par\n|move|p2a: Krookodile|Knock Off|p1b: Palafin\n|-damage|p1b: Palafin|25\/100 par\n|-enditem|p1b: Palafin|Leftovers|[from] move: Knock Off|[of] p2a: Krookodile\n|move|p1a: Lumineon|Flip Turn|p2a: Krookodile\n|-supereffective|p2a: Krookodile\n|-damage|p2a: Krookodile|63\/100\n|\n|t:|1699016982\n|switch|p1a: Grumpig|Grumpig, M|100\/100|[from] Flip Turn\n|cant|p1b: Palafin|par\n|\n|upkeep\n|turn|3\n|\n|t:|1699016995\n|move|p1b: Palafin|Jet Punch|p2a: Krookodile\n|-supereffective|p2a: Krookodile\n|-damage|p2a: Krookodile|0 fnt\n|faint|p2a: Krookodile\n|move|p2b: Sneasler|Dire Claw|p1b: Palafin\n|-damage|p1b: Palafin|0 fnt\n|faint|p1b: Palafin\n|move|p1a: Grumpig|Reflect|p1a: Grumpig\n|-sidestart|p1: Pikesito|Reflect\n|\n|upkeep\n|\n|t:|1699017008\n|switch|p1b: Farigiraf|Farigiraf, M|100\/100\n|switch|p2a: Houndoom|Houndoom, F, shiny|100\/100\n|turn|4\n|inactive|Pikesito has 120 seconds left.\n|\n|t:|1699017027\n|move|p2b: Sneasler|U-turn|p1b: Farigiraf\n|-supereffective|p1b: Farigiraf\n|-damage|p1b: Farigiraf|61\/100\n|-status|p1b: Farigiraf|psn|[from] ability: Poison Touch|[of] p2b: Sneasler\n|\n|t:|1699017033\n|switch|p2b: Meowscarada|Meowscarada, F, shiny|100\/100|[from] U-turn\n|move|p2a: Houndoom|Dark Pulse|p1b: Farigiraf\n|-supereffective|p1b: Farigiraf\n|-damage|p1b: Farigiraf|0 fnt\n|faint|p1b: Farigiraf\n|move|p1a: Grumpig|Light Screen|p1a: Grumpig\n|-sidestart|p1: Pikesito|move: Light Screen\n|\n|upkeep\n|\n|t:|1699017038\n|switch|p1b: Lumineon|Lumineon, M|63\/100\n|turn|5\n|-message|Pikesito forfeited.\n|\n|win|Lenoxum\n|n|\u2606Pikesito|pikesito\n|n|\u2606Lenoxum|lenoxum\n|n|*Lady Monita \u263d|ladymonita\n","uploadtime":1699017044,"views":14,"p1id":"pikesito","p2id":"lenoxum","formatid":"gen9doublesou","rating":0,"private":0,"password":""}