{"id":"gen9doublesou-1970980180","p1":"huoyibu","p2":"Hokusaid","format":"[Gen 9] Doubles OU","log":"|j|\u2606huoyibu\n|j|\u2606Hokusaid\n|t:|1697687852\n|gametype|doubles\n|player|p1|huoyibu|skier|1063\n|player|p2|Hokusaid|veteran|1084\n|teamsize|p1|6\n|teamsize|p2|6\n|gen|9\n|tier|[Gen 9] Doubles OU\n|rated|\n|rule|Species Clause: Limit one of each Pok\u00e9mon\n|rule|OHKO Clause: OHKO moves are banned\n|rule|Evasion Moves Clause: Evasion moves are banned\n|rule|Gravity Sleep Clause: The combination of sleep-inducing moves with imperfect accuracy and Gravity or Gigantamax Orbeetle are banned\n|rule|Endless Battle Clause: Forcing endless battles is banned\n|rule|HP Percentage Mod: HP is shown in percentages\n|clearpoke\n|poke|p1|Arcanine-Hisui, M|\n|poke|p1|Grimmsnarl, M|\n|poke|p1|Moltres-Galar|\n|poke|p1|Ogerpon-Wellspring, F|\n|poke|p1|Iron Hands|\n|poke|p1|Sinistcha|\n|poke|p2|Skeledirge, F|\n|poke|p2|Garganacl, F|\n|poke|p2|Iron Hands|\n|poke|p2|Ting-Lu|\n|poke|p2|Gardevoir, F|\n|poke|p2|Empoleon, F|\n|teampreview\n|inactive|Battle timer is ON: inactive players will automatically lose when time's up. (requested by Hokusaid)\n|\n|t:|1697687917\n|start\n|switch|p1a: Grimmsnarl|Grimmsnarl, M|100\/100\n|switch|p1b: Ogerpon|Ogerpon-Wellspring, F|100\/100\n|switch|p2a: Empoleon|Empoleon, F|100\/100\n|switch|p2b: Gardevoir|Gardevoir, F, shiny|100\/100\n|-ability|p2b: Gardevoir|Water Absorb|[from] ability: Trace|[of] p1b: Ogerpon\n|turn|1\n|inactive|Hokusaid has 120 seconds left.\n|\n|t:|1697687956\n|switch|p2b: Iron Hands|Iron Hands, shiny|100\/100\n|-enditem|p2b: Iron Hands|Booster Energy\n|-activate|p2b: Iron Hands|ability: Quark Drive|[fromitem]\n|-start|p2b: Iron Hands|quarkdriveatk\n|move|p1a: Grimmsnarl|Light Screen|p1a: Grimmsnarl\n|-sidestart|p1: huoyibu|move: Light Screen\n|move|p1b: Ogerpon|Leech Seed|p2a: Empoleon\n|-start|p2a: Empoleon|move: Leech Seed\n|move|p2a: Empoleon|Yawn|p1b: Ogerpon\n|-start|p1b: Ogerpon|move: Yawn|[of] p2a: Empoleon\n|\n|-damage|p2a: Empoleon|88\/100|[from] Leech Seed|[of] p1b: Ogerpon\n|upkeep\n|turn|2\n|inactive|Hokusaid has 120 seconds left.\n|inactive|huoyibu has 120 seconds left.\n|\n|t:|1697687990\n|switch|p1b: Iron Hands|Iron Hands|100\/100\n|move|p2b: Iron Hands|Fake Out|p1a: Grimmsnarl\n|-damage|p1a: Grimmsnarl|83\/100\n|cant|p1a: Grimmsnarl|flinch\n|move|p2a: Empoleon|Flash Cannon|p1a: Grimmsnarl\n|-supereffective|p1a: Grimmsnarl\n|-damage|p1a: Grimmsnarl|47\/100\n|\n|-damage|p2a: Empoleon|76\/100|[from] Leech Seed|[of] p1b: Iron Hands\n|upkeep\n|turn|3\n|inactive|Hokusaid has 120 seconds left.\n|inactive|huoyibu has 120 seconds left.\n|\n|t:|1697688020\n|switch|p2a: Ting-Lu|Ting-Lu|100\/100\n|-ability|p2a: Ting-Lu|Vessel of Ruin\n|move|p1a: Grimmsnarl|Parting Shot|p2b: Iron Hands\n|-unboost|p2b: Iron Hands|atk|1\n|-unboost|p2b: Iron Hands|spa|1\n|inactive|huoyibu has 120 seconds left.\n|\n|t:|1697688030\n|switch|p1a: Arcanine|Arcanine-Hisui, M|100\/100|[from] Parting Shot\n|-ability|p1a: Arcanine|Intimidate|boost\n|-unboost|p2a: Ting-Lu|atk|1\n|-unboost|p2b: Iron Hands|atk|1\n|move|p1b: Iron Hands|Drain Punch|p2a: Ting-Lu\n|-supereffective|p2a: Ting-Lu\n|-damage|p2a: Ting-Lu|57\/100\n|move|p2b: Iron Hands|Swords Dance|p2b: Iron Hands\n|-boost|p2b: Iron Hands|atk|2\n|\n|upkeep\n|turn|4\n|inactive|huoyibu has 120 seconds left.\n|inactive|Hokusaid has 120 seconds left.\n|\n|t:|1697688071\n|-terastallize|p1a: Arcanine|Grass\n|-terastallize|p2b: Iron Hands|Flying\n|move|p1a: Arcanine|Tera Blast|p2a: Ting-Lu|[anim] Tera Blast Grass\n|-supereffective|p2a: Ting-Lu\n|-damage|p2a: Ting-Lu|0 fnt\n|faint|p2a: Ting-Lu\n|move|p1b: Iron Hands|Drain Punch|p2b: Iron Hands\n|-resisted|p2b: Iron Hands\n|-damage|p2b: Iron Hands|87\/100\n|move|p2b: Iron Hands|Swords Dance|p2b: Iron Hands\n|-boost|p2b: Iron Hands|atk|2\n|\n|upkeep\n|\n|t:|1697688088\n|switch|p2a: Gardevoir|Gardevoir, F, shiny|100\/100\n|-ability|p2a: Gardevoir|Intimidate|boost\n|-unboost|p1a: Arcanine|atk|1\n|-unboost|p1b: Iron Hands|atk|1\n|-ability|p2a: Gardevoir|Intimidate|[from] ability: Trace|[of] p1a: Arcanine\n|turn|5\n|inactive|huoyibu has 120 seconds left.\n|\n|t:|1697688108\n|switch|p1a: Grimmsnarl|Grimmsnarl, M|47\/100\n|move|p1b: Iron Hands|Wild Charge|p2b: Iron Hands\n|-supereffective|p2b: Iron Hands\n|-damage|p2b: Iron Hands|42\/100\n|-damage|p1b: Iron Hands|89\/100|[from] Recoil\n|move|p2b: Iron Hands|Drain Punch|p1b: Iron Hands\n|-damage|p1b: Iron Hands|31\/100\n|-heal|p2b: Iron Hands|71\/100|[from] drain|[of] p1b: Iron Hands\n|move|p2a: Gardevoir|Trick Room|p2a: Gardevoir\n|-fieldstart|move: Trick Room|[of] p2a: Gardevoir\n|\n|upkeep\n|turn|6\n|inactive|Hokusaid has 120 seconds left.\n|\n|t:|1697688141\n|switch|p2a: Empoleon|Empoleon, F|76\/100\n|move|p1a: Grimmsnarl|Parting Shot|p2b: Iron Hands\n|-unboost|p2b: Iron Hands|atk|1\n|-unboost|p2b: Iron Hands|spa|1\n|inactive|huoyibu has 120 seconds left.\n|\n|t:|1697688161\n|switch|p1a: Arcanine|Arcanine-Hisui, M, tera:Grass|100\/100|[from] Parting Shot\n|-ability|p1a: Arcanine|Intimidate|boost\n|-unboost|p2a: Empoleon|atk|1\n|-ability|p2a: Empoleon|Competitive|boost\n|-boost|p2a: Empoleon|spa|2\n|-unboost|p2b: Iron Hands|atk|1\n|move|p2b: Iron Hands|Drain Punch|p1a: Arcanine\n|-damage|p1a: Arcanine|35\/100\n|-heal|p2b: Iron Hands|93\/100|[from] drain|[of] p1a: Arcanine\n|move|p1b: Iron Hands|Heavy Slam|p2a: Empoleon\n|-resisted|p2a: Empoleon\n|-damage|p2a: Empoleon|70\/100\n|\n|upkeep\n|turn|7\n|inactive|Hokusaid has 120 seconds left.\n|inactive|huoyibu has 120 seconds left.\n|\n|t:|1697688188\n|move|p2b: Iron Hands|Drain Punch|p1a: Arcanine\n|-damage|p1a: Arcanine|0 fnt\n|-heal|p2b: Iron Hands|100\/100|[from] drain|[of] p1a: Arcanine\n|faint|p1a: Arcanine\n|move|p2a: Empoleon|Hydro Pump|p1b: Iron Hands\n|-damage|p1b: Iron Hands|0 fnt\n|faint|p1b: Iron Hands\n|-end|p1b: Iron Hands|Quark Drive|[silent]\n|\n|upkeep\n|inactive|huoyibu has 120 seconds left.\n|-message|huoyibu forfeited.\n|\n|win|Hokusaid\n|raw|huoyibu's rating: 1063 &rarr; <strong>1045<\/strong><br \/>(-18 for losing)\n|raw|Hokusaid's rating: 1084 &rarr; <strong>1110<\/strong><br \/>(+26 for winning)\n|l|\u2606huoyibu\n","uploadtime":1697688223,"views":15,"p1id":"huoyibu","p2id":"hokusaid","formatid":"gen9doublesou","rating":1045,"private":0,"password":""}