{"id":"gen9doublesou-1994675402","p1":"shadowme4","p2":"vovicken","format":"[Gen 9] Doubles OU","log":"|j|\u2606shadowme4\n|j|\u2606vovicken\n|t:|1700479367\n|gametype|doubles\n|player|p1|shadowme4|169|1434\n|player|p2|vovicken|169|1428\n|teamsize|p1|6\n|teamsize|p2|6\n|gen|9\n|tier|[Gen 9] Doubles OU\n|rated|\n|rule|Species Clause: Limit one of each Pok\u00e9mon\n|rule|OHKO Clause: OHKO moves are banned\n|rule|Evasion Moves Clause: Evasion moves are banned\n|rule|Gravity Sleep Clause: The combination of sleep-inducing moves with imperfect accuracy and Gravity or Gigantamax Orbeetle are banned\n|rule|Endless Battle Clause: Forcing endless battles is banned\n|rule|HP Percentage Mod: HP is shown in percentages\n|clearpoke\n|poke|p1|Murkrow, F|\n|poke|p1|Gholdengo|\n|poke|p1|Flutter Mane|\n|poke|p1|Palafin, F|\n|poke|p1|Chien-Pao|\n|poke|p1|Ursaluna-Bloodmoon, M|\n|poke|p2|Indeedee-F, F|\n|poke|p2|Armarouge, F|\n|poke|p2|Torkoal, M|\n|poke|p2|Vikavolt, M|\n|poke|p2|Cresselia, F|\n|poke|p2|Conkeldurr, M|\n|teampreview\n|\n|t:|1700479398\n|start\n|switch|p1a: Murkrow|Murkrow, F|100\/100\n|switch|p1b: Gholdengo|Gholdengo|100\/100\n|switch|p2a: Indeedee|Indeedee-F, F|100\/100\n|switch|p2b: Armarouge|Armarouge, F|100\/100\n|-fieldstart|move: Psychic Terrain|[from] ability: Psychic Surge|[of] p2a: Indeedee\n|turn|1\n|\n|t:|1700479459\n|move|p2a: Indeedee|Follow Me|p2a: Indeedee\n|-singleturn|p2a: Indeedee|move: Follow Me\n|move|p1b: Gholdengo|Shadow Ball|p2a: Indeedee\n|-immune|p2a: Indeedee\n|move|p1a: Murkrow|Brave Bird|p2a: Indeedee\n|-damage|p2a: Indeedee|52\/100\n|-damage|p1a: Murkrow|87\/100|[from] Recoil\n|move|p2b: Armarouge|Trick Room|p2b: Armarouge\n|-fieldstart|move: Trick Room|[of] p2b: Armarouge\n|\n|upkeep\n|turn|2\n|\n|t:|1700479475\n|move|p2a: Indeedee|Follow Me|p2a: Indeedee\n|-singleturn|p2a: Indeedee|move: Follow Me\n|move|p2b: Armarouge|Heat Wave|p1a: Murkrow|[spread] p1a,p1b\n|-supereffective|p1b: Gholdengo\n|-damage|p1a: Murkrow|51\/100\n|-damage|p1b: Gholdengo|9\/100\n|move|p1a: Murkrow|Brave Bird|p2a: Indeedee\n|-damage|p2a: Indeedee|5\/100\n|-damage|p1a: Murkrow|37\/100|[from] Recoil\n|move|p1b: Gholdengo|Shadow Ball|p2a: Indeedee\n|-immune|p2a: Indeedee\n|\n|upkeep\n|turn|3\n|\n|t:|1700479490\n|move|p2a: Indeedee|Follow Me|p2a: Indeedee\n|-singleturn|p2a: Indeedee|move: Follow Me\n|move|p2b: Armarouge|Heat Wave|p1b: Gholdengo|[spread] p1a,p1b\n|-supereffective|p1b: Gholdengo\n|-damage|p1a: Murkrow|7\/100\n|-damage|p1b: Gholdengo|0 fnt\n|faint|p1b: Gholdengo\n|move|p1a: Murkrow|Brave Bird|p2a: Indeedee\n|-damage|p2a: Indeedee|0 fnt\n|faint|p2a: Indeedee\n|-damage|p1a: Murkrow|5\/100|[from] Recoil\n|\n|upkeep\n|j| djdod jdjughw\n|l| djdod jdjughw\n|inactive|Battle timer is ON: inactive players will automatically lose when time's up. (requested by shadowme4)\n|\n|t:|1700479536\n|switch|p2a: Torkoal|Torkoal, M|100\/100\n|switch|p1b: Palafin|Palafin, F|100\/100\n|-weather|SunnyDay|[from] ability: Drought|[of] p2a: Torkoal\n|turn|4\n|\n|t:|1700479548\n|move|p1b: Palafin|Protect|p1b: Palafin\n|-singleturn|p1b: Palafin|Protect\n|move|p2a: Torkoal|Lava Plume|p1b: Palafin|[spread] p1a\n|-activate|p1b: Palafin|move: Protect\n|-start|p2b: Armarouge|ability: Flash Fire\n|-damage|p1a: Murkrow|0 fnt\n|faint|p1a: Murkrow\n|move|p2b: Armarouge|Heat Wave|p1b: Palafin\n|-activate|p1b: Palafin|move: Protect\n|\n|-weather|SunnyDay|[upkeep]\n|upkeep\n|\n|t:|1700479557\n|switch|p1a: Chien-Pao|Chien-Pao|100\/100\n|-ability|p1a: Chien-Pao|Sword of Ruin\n|turn|5\n|\n|t:|1700479566\n|detailschange|p1b: Palafin|Palafin-Hero, F\n|switch|p1b: Ursaluna|Ursaluna-Bloodmoon, M|100\/100\n|move|p1a: Chien-Pao|Protect|p1a: Chien-Pao\n|-singleturn|p1a: Chien-Pao|Protect\n|move|p2a: Torkoal|Eruption|p1a: Chien-Pao|[spread] p1b\n|-activate|p1a: Chien-Pao|move: Protect\n|-damage|p1b: Ursaluna|4\/100\n|move|p2b: Armarouge|Heat Wave|p1b: Ursaluna|[spread] p1b\n|-activate|p1a: Chien-Pao|move: Protect\n|-damage|p1b: Ursaluna|0 fnt\n|faint|p1b: Ursaluna\n|\n|-weather|SunnyDay|[upkeep]\n|-fieldend|move: Trick Room\n|-fieldend|move: Psychic Terrain\n|upkeep\n|\n|t:|1700479573\n|switch|p1b: Palafin|Palafin-Hero, F|100\/100\n|-activate|p1b: Palafin|ability: Zero to Hero\n|turn|6\n|\n|t:|1700479596\n|switch|p2a: Cresselia|Cresselia, F|100\/100\n|-terastallize|p1b: Palafin|Water\n|move|p1a: Chien-Pao|Crunch|p2b: Armarouge\n|-supereffective|p2b: Armarouge\n|-enditem|p2b: Armarouge|Focus Sash\n|-damage|p2b: Armarouge|1\/100\n|-damage|p1a: Chien-Pao|91\/100|[from] item: Life Orb\n|move|p1b: Palafin|Wave Crash|p2a: Cresselia\n|-damage|p2a: Cresselia|53\/100\n|-damage|p1b: Palafin|80\/100|[from] Recoil\n|-damage|p1b: Palafin|70\/100|[from] item: Life Orb\n|move|p2b: Armarouge|Trick Room|p2b: Armarouge\n|-fieldstart|move: Trick Room|[of] p2b: Armarouge\n|\n|-weather|SunnyDay|[upkeep]\n|upkeep\n|turn|7\n|\n|t:|1700479618\n|move|p1b: Palafin|Jet Punch|p2b: Armarouge\n|-supereffective|p2b: Armarouge\n|-crit|p2b: Armarouge\n|-damage|p2b: Armarouge|0 fnt\n|faint|p2b: Armarouge\n|-damage|p1b: Palafin|60\/100|[from] item: Life Orb\n|move|p2a: Cresselia|Calm Mind|p2a: Cresselia\n|-boost|p2a: Cresselia|spa|1\n|-boost|p2a: Cresselia|spd|1\n|move|p1a: Chien-Pao|Crunch|p2a: Cresselia\n|-supereffective|p2a: Cresselia\n|-damage|p2a: Cresselia|0 fnt\n|faint|p2a: Cresselia\n|-damage|p1a: Chien-Pao|81\/100|[from] item: Life Orb\n|\n|-weather|SunnyDay|[upkeep]\n|upkeep\n|inactive|vovicken has 120 seconds left.\n|\n|t:|1700479639\n|switch|p2b: Vikavolt|Vikavolt, M|100\/100\n|switch|p2a: Torkoal|Torkoal, M|100\/100\n|turn|8\n|\n|t:|1700479649\n|move|p1b: Palafin|Protect|p1b: Palafin\n|-singleturn|p1b: Palafin|Protect\n|move|p1a: Chien-Pao|Protect|p1a: Chien-Pao\n|-singleturn|p1a: Chien-Pao|Protect\n|move|p2a: Torkoal|Eruption|p1b: Palafin|[spread] \n|-activate|p1a: Chien-Pao|move: Protect\n|-activate|p1b: Palafin|move: Protect\n|move|p2b: Vikavolt|Flash Cannon|p1a: Chien-Pao\n|-activate|p1a: Chien-Pao|move: Protect\n|\n|-weather|none\n|upkeep\n|turn|9\n|\n|t:|1700479664\n|move|p1b: Palafin|Jet Punch|p2a: Torkoal\n|-supereffective|p2a: Torkoal\n|-damage|p2a: Torkoal|0 fnt\n|faint|p2a: Torkoal\n|-damage|p1b: Palafin|50\/100|[from] item: Life Orb\n|move|p2b: Vikavolt|Flash Cannon|p1a: Chien-Pao\n|-supereffective|p1a: Chien-Pao\n|-damage|p1a: Chien-Pao|0 fnt\n|faint|p1a: Chien-Pao\n|-damage|p2b: Vikavolt|91\/100|[from] item: Life Orb\n|\n|upkeep\n|\n|t:|1700479676\n|switch|p2a: Conkeldurr|Conkeldurr, M|100\/100\n|switch|p1a: Flutter Mane|Flutter Mane|100\/100\n|-enditem|p1a: Flutter Mane|Booster Energy\n|-activate|p1a: Flutter Mane|ability: Protosynthesis|[fromitem]\n|-start|p1a: Flutter Mane|protosynthesisspe\n|turn|10\n|\n|t:|1700479688\n|-terastallize|p2a: Conkeldurr|Fighting\n|move|p1b: Palafin|Jet Punch|p2b: Vikavolt\n|-damage|p2b: Vikavolt|25\/100\n|-damage|p1b: Palafin|40\/100|[from] item: Life Orb\n|move|p2b: Vikavolt|Flash Cannon|p1a: Flutter Mane\n|-supereffective|p1a: Flutter Mane\n|-damage|p1a: Flutter Mane|5\/100\n|-damage|p2b: Vikavolt|16\/100|[from] item: Life Orb\n|move|p2a: Conkeldurr|Drain Punch|p1b: Palafin\n|-damage|p1b: Palafin|0 fnt\n|faint|p1b: Palafin\n|-damage|p2a: Conkeldurr|91\/100|[from] item: Life Orb\n|move|p1a: Flutter Mane|Moonblast|p2a: Conkeldurr\n|-supereffective|p2a: Conkeldurr\n|-damage|p2a: Conkeldurr|0 fnt\n|faint|p2a: Conkeldurr\n|\n|-fieldend|move: Trick Room\n|upkeep\n|turn|11\n|c|\u2606shadowme4|well well well\n|\n|t:|1700479710\n|move|p1a: Flutter Mane|Moonblast|p2b: Vikavolt\n|-damage|p2b: Vikavolt|0 fnt\n|faint|p2b: Vikavolt\n|\n|win|shadowme4\n|raw|shadowme4's rating: 1434 &rarr; <strong>1454<\/strong><br \/>(+20 for winning)\n|raw|vovicken's rating: 1428 &rarr; <strong>1408<\/strong><br \/>(-20 for losing)\n|c|\u2606shadowme4|gg\n|c|\u2606vovicken|Gg\n|c|\u2606vovicken|Indeed\n|l|\u2606shadowme4\n","uploadtime":1700479728,"views":9,"p1id":"shadowme4","p2id":"vovicken","formatid":"gen9doublesou","rating":1408,"private":0,"password":""}