{"id":"gen9doublesou-1993641856","p1":"ApplinFan773","p2":"MimitheBunnyRabbit","format":"[Gen 9] Doubles OU","log":"|j|\u2606ApplinFan773\n|j|\u2606MimitheBunnyRabbit\n|t:|1700340639\n|gametype|doubles\n|player|p1|ApplinFan773|cilan|\n|player|p2|MimitheBunnyRabbit|shauntal|\n|teamsize|p1|6\n|teamsize|p2|6\n|gen|9\n|tier|[Gen 9] Doubles OU\n|rule|Species Clause: Limit one of each Pok\u00e9mon\n|rule|OHKO Clause: OHKO moves are banned\n|rule|Evasion Moves Clause: Evasion moves are banned\n|rule|Gravity Sleep Clause: The combination of sleep-inducing moves with imperfect accuracy and Gravity or Gigantamax Orbeetle are banned\n|rule|Endless Battle Clause: Forcing endless battles is banned\n|rule|HP Percentage Mod: HP is shown in percentages\n|clearpoke\n|poke|p1|Torterra, M|\n|poke|p1|Rillaboom, M|\n|poke|p1|Basculegion-F, F|\n|poke|p1|Kingambit, M|\n|poke|p1|Sinistcha|\n|poke|p1|Chandelure, F|\n|poke|p2|Gyarados, M|\n|poke|p2|Clodsire, M|\n|poke|p2|Lucario, M|\n|poke|p2|Greedent, F|\n|poke|p2|Mandibuzz, F|\n|poke|p2|Vikavolt, M|\n|teampreview\n|inactive|Battle timer is ON: inactive players will automatically lose when time's up. (requested by ApplinFan773)\n|c|\u2606ApplinFan773|Glhf!\n|c|\u2606ApplinFan773|I forgot if round 3 is just OU or 3v3\n|c|\u2606MimitheBunnyRabbit|glhf!\n|c|\u2606MimitheBunnyRabbit|Aight\n|inactive|ApplinFan773 has 270 seconds left.\n|c|\u2606MimitheBunnyRabbit|WAIT\n|c|\u2606ApplinFan773|Ah wait i forgot kingambit is on this team, eh i just won't use it\n|c|\u2606MimitheBunnyRabbit|You still have kingambit\n|\n|t:|1700340693\n|start\n|switch|p1a: Mauteh|Sinistcha, shiny|100\/100\n|switch|p1b: Vincent|Torterra, M, shiny|100\/100\n|switch|p2a: ZipZapZop|Vikavolt, M|100\/100\n|switch|p2b: TheBoi|Clodsire, M|100\/100\n|turn|1\n|c|\u2606ApplinFan773|Yeah im not using him so whenever my 5 go down ill forfeit\n|inactive|ApplinFan773 has 270 seconds left.\n|c|\u2606ApplinFan773|Om my sets are wrong\n|\n|t:|1700340752\n|move|p1b: Vincent|Protect|p1b: Vincent\n|-singleturn|p1b: Vincent|Protect\n|move|p2a: ZipZapZop|Sticky Web|p1a: Mauteh\n|-sidestart|p1: ApplinFan773|move: Sticky Web\n|move|p1a: Mauteh|Matcha Gotcha|p2a: ZipZapZop|[spread] p2b\n|-miss|p1a: Mauteh|p2a: ZipZapZop\n|-damage|p2b: TheBoi|87\/100\n|move|p2b: TheBoi|Toxic|p1b: Vincent\n|-activate|p1b: Vincent|move: Protect\n|\n|-heal|p2b: TheBoi|93\/100|[from] item: Leftovers\n|upkeep\n|turn|2\n|\n|t:|1700340778\n|switch|p1a: Hanakko|Chandelure, F|100\/100\n|-activate|p1a: Hanakko|move: Sticky Web\n|-unboost|p1a: Hanakko|spe|1\n|move|p2a: ZipZapZop|Volt Switch|p1a: Hanakko\n|-crit|p1a: Hanakko\n|-damage|p1a: Hanakko|31\/100\n|inactive|MimitheBunnyRabbit has 270 seconds left.\n|\n|t:|1700340789\n|switch|p2a: Yzma|Mandibuzz, F|100\/100|[from] Volt Switch\n|move|p1b: Vincent|Swords Dance|p1b: Vincent\n|-boost|p1b: Vincent|atk|2\n|move|p2b: TheBoi|Toxic|p1b: Vincent\n|-status|p1b: Vincent|tox\n|\n|-heal|p2b: TheBoi|99\/100|[from] item: Leftovers\n|-damage|p1b: Vincent|94\/100 tox|[from] psn\n|upkeep\n|turn|3\n|inactive|ApplinFan773 has 270 seconds left.\n|\n|t:|1700340806\n|move|p2a: Yzma|Foul Play|p1b: Vincent\n|-damage|p1b: Vincent|16\/100 tox\n|move|p1b: Vincent|High Horsepower|p2b: TheBoi\n|-supereffective|p2b: TheBoi\n|-damage|p2b: TheBoi|0 fnt\n|faint|p2b: TheBoi\n|move|p1a: Hanakko|Trick Room|p1a: Hanakko\n|-fieldstart|move: Trick Room|[of] p1a: Hanakko\n|\n|-damage|p1b: Vincent|4\/100 tox|[from] psn\n|upkeep\n|inactive|MimitheBunnyRabbit has 270 seconds left.\n|\n|t:|1700340823\n|switch|p2b: ZipZapZop|Vikavolt, M|100\/100\n|turn|4\n|\n|t:|1700340839\n|move|p1a: Hanakko|Heat Wave|p2a: Yzma|[spread] p2a,p2b\n|-supereffective|p2b: ZipZapZop\n|-damage|p2a: Yzma|51\/100\n|-damage|p2b: ZipZapZop|0 fnt\n|faint|p2b: ZipZapZop\n|-enditem|p2a: Yzma|Red Card|[of] p1a: Hanakko\n|drag|p1a: Basculegion|Basculegion-F, F|100\/100\n|-activate|p1a: Basculegion|move: Sticky Web\n|-unboost|p1a: Basculegion|spe|1\n|move|p1b: Vincent|Bullet Seed|p2a: Yzma\n|-resisted|p2a: Yzma\n|-damage|p2a: Yzma|44\/100\n|-resisted|p2a: Yzma\n|-damage|p2a: Yzma|37\/100\n|-resisted|p2a: Yzma\n|-damage|p2a: Yzma|30\/100\n|-resisted|p2a: Yzma\n|-crit|p2a: Yzma\n|-damage|p2a: Yzma|19\/100\n|-resisted|p2a: Yzma\n|-damage|p2a: Yzma|12\/100\n|-hitcount|p2a: Yzma|5\n|move|p2a: Yzma|Foul Play|p1b: Vincent\n|-damage|p1b: Vincent|0 fnt\n|faint|p1b: Vincent\n|\n|upkeep\n|\n|t:|1700340866\n|switch|p1b: Mauteh|Sinistcha, shiny|100\/100\n|switch|p2b: Sandy|Greedent, F, shiny|100\/100\n|-activate|p1b: Mauteh|move: Sticky Web\n|-unboost|p1b: Mauteh|spe|1\n|turn|5\n|\n|t:|1700340887\n|move|p2b: Sandy|Swords Dance|p2b: Sandy\n|-boost|p2b: Sandy|atk|2\n|move|p1b: Mauteh|Matcha Gotcha|p2a: Yzma|[spread] p2a,p2b\n|-resisted|p2a: Yzma\n|-damage|p2a: Yzma|2\/100\n|-damage|p2b: Sandy|75\/100\n|move|p1a: Basculegion|Ice Beam|p2a: Yzma\n|-supereffective|p2a: Yzma\n|-damage|p2a: Yzma|0 fnt\n|faint|p2a: Yzma\n|-damage|p1a: Basculegion|91\/100|[from] item: Life Orb\n|\n|upkeep\n|\n|t:|1700340905\n|switch|p2a: Goku|Lucario, M|100\/100\n|turn|6\n|\n|t:|1700340931\n|move|p2b: Sandy|Psychic Fangs|p1b: Mauteh\n|-damage|p1b: Mauteh|61\/100\n|move|p1b: Mauteh|Matcha Gotcha|p2b: Sandy|[spread] p2a,p2b\n|-resisted|p2a: Goku\n|-damage|p2a: Goku|81\/100\n|-heal|p1b: Mauteh|70\/100|[from] drain|[of] p2a: Goku\n|-damage|p2b: Sandy|53\/100\n|-heal|p1b: Mauteh|84\/100|[from] drain|[of] p2b: Sandy\n|move|p1a: Basculegion|Hydro Pump|p2b: Sandy\n|-damage|p2b: Sandy|0 fnt\n|faint|p2b: Sandy\n|-damage|p1a: Basculegion|81\/100|[from] item: Life Orb\n|move|p2a: Goku|Shadow Claw|p1a: Basculegion\n|-supereffective|p1a: Basculegion\n|-damage|p1a: Basculegion|16\/100\n|-damage|p2a: Goku|71\/100|[from] item: Life Orb\n|\n|upkeep\n|inactive|MimitheBunnyRabbit has 270 seconds left.\n|\n|t:|1700340952\n|switch|p2b: L\u00e9viator|Gyarados, M|100\/100\n|-ability|p2b: L\u00e9viator|Intimidate|boost\n|-unboost|p1a: Basculegion|atk|1\n|-unboost|p1b: Mauteh|atk|1\n|turn|7\n|\n|t:|1700340967\n|move|p1b: Mauteh|Matcha Gotcha|p2a: Goku|[spread] p2b\n|-miss|p1b: Mauteh|p2a: Goku\n|-damage|p2b: L\u00e9viator|77\/100\n|-heal|p1b: Mauteh|95\/100|[from] drain|[of] p2b: L\u00e9viator\n|move|p1a: Basculegion|Shadow Ball|p2b: L\u00e9viator\n|-damage|p2b: L\u00e9viator|12\/100\n|-damage|p1a: Basculegion|7\/100|[from] item: Life Orb\n|move|p2b: L\u00e9viator|Dragon Dance|p2b: L\u00e9viator\n|-boost|p2b: L\u00e9viator|atk|1\n|-boost|p2b: L\u00e9viator|spe|1\n|move|p2a: Goku|Shadow Claw|p1a: Basculegion\n|-supereffective|p1a: Basculegion\n|-damage|p1a: Basculegion|0 fnt\n|faint|p1a: Basculegion\n|-damage|p2a: Goku|61\/100|[from] item: Life Orb\n|\n|-fieldend|move: Trick Room\n|upkeep\n|\n|t:|1700340989\n|switch|p1a: Hanakko|Chandelure, F|31\/100\n|-activate|p1a: Hanakko|move: Sticky Web\n|-unboost|p1a: Hanakko|spe|1\n|turn|8\n|\n|t:|1700341001\n|move|p1a: Hanakko|Protect|p1a: Hanakko\n|-singleturn|p1a: Hanakko|Protect\n|move|p2b: L\u00e9viator|Waterfall|p1a: Hanakko\n|-activate|p1a: Hanakko|move: Protect\n|move|p2a: Goku|Shadow Claw|p1b: Mauteh\n|-supereffective|p1b: Mauteh\n|-damage|p1b: Mauteh|48\/100\n|-damage|p2a: Goku|51\/100|[from] item: Life Orb\n|move|p1b: Mauteh|Shadow Ball|p2b: L\u00e9viator\n|-damage|p2b: L\u00e9viator|0 fnt\n|faint|p2b: L\u00e9viator\n|\n|upkeep\n|turn|9\n|\n|t:|1700341026\n|-terastallize|p2a: Goku|Ghost\n|move|p2a: Goku|Shadow Claw|p1b: Mauteh\n|-supereffective|p1b: Mauteh\n|-damage|p1b: Mauteh|0 fnt\n|faint|p1b: Mauteh\n|-damage|p2a: Goku|41\/100|[from] item: Life Orb\n|move|p1a: Hanakko|Heat Wave|p2a: Goku\n|-damage|p2a: Goku|0 fnt\n|faint|p2a: Goku\n|-damage|p1a: Hanakko|21\/100|[from] item: Life Orb\n|\n|win|ApplinFan773\n|c|\u2606MimitheBunnyRabbit|Man, gg\n|c|\u2606ApplinFan773|gg dude, i really liked your team\n|c|\u2606MimitheBunnyRabbit|You did?\n|c|\u2606ApplinFan773|Yeah man, greedent was cool to see and the support mandibuzz was cool too\n|c|\u2606MimitheBunnyRabbit|Thanks man, I appreciate it\n|c|\u2606ApplinFan773|Of course! Trick room is really difficult to play around if you aren't experienced with it\n|c|\u2606MimitheBunnyRabbit|Yeah, pretty unique that I had ghost type shadow claw Lucario right?\n|c|\u2606ApplinFan773|Oh yeah definitely, didn't expect that at all haha\n|c|\u2606MimitheBunnyRabbit|And I actually named my Gyarados after the one that caused the most infamous showdown ragequit\n|c|\u2606ApplinFan773|OHHHH THAT'S WHAT I KNEW IT FROM\n|c|\u2606ApplinFan773|I SWEAR I KNEW IT FROM SOMEWHERE\n|c|\u2606MimitheBunnyRabbit|Yeah, almost the same moveset too, but tera rock tera blast instead of stone edge\n|c|\u2606ApplinFan773|oooooh nice nice\n|c|\u2606MimitheBunnyRabbit|Yeah, more safer option imo with the new gimmik\n|c|\u2606ApplinFan773|True reue\n|c|\u2606ApplinFan773|That makes sense\n|c|\u2606MimitheBunnyRabbit|Plus had the lum berry and taunt\n|c|\u2606ApplinFan773|Oh wow i didn't know you were running taunt\n|c|\u2606MimitheBunnyRabbit|Yeah, in case someone wanted to try and use sleep or burn status moves or whatever\n|c|\u2606ApplinFan773|Yeah that makes sense\n|c|\u2606MimitheBunnyRabbit|After all, that's what ended up crippling the Breloom\n|c|\u2606ApplinFan773|Ohhh yeah i remember that, really cool play\n|c|\u2606MimitheBunnyRabbit|And of course, the infamous waterfall that ties it all together\n|c|\u2606ApplinFan773|Lol couldn't forget it\n|c|\u2606MimitheBunnyRabbit|It's practically famous\n|c|\u2606ApplinFan773|I wouldn't doubt it haha\n|c|\u2606ApplinFan773|But yeah you played well with what you had and that was a super cool team\n|c|\u2606MimitheBunnyRabbit|Thanks dude, honestly I'm just happy that you think my team is cool\n|c|\u2606ApplinFan773|No problem man!\n","uploadtime":1700341135,"views":15,"p1id":"applinfan773","p2id":"mimithebunnyrabbit","formatid":"gen9doublesou","rating":0,"private":0,"password":""}