{"id":"gen9doublesou-1979069913","p1":"Magiquaza","p2":"StellarEcl1pse","format":"[Gen 9] Doubles OU","log":"|j|\u2606Magiquaza\n|j|\u2606StellarEcl1pse\n|inactive|Battle timer is ON: inactive players will automatically lose when time's up.\n|t:|1698628306\n|gametype|doubles\n|player|p1|Magiquaza|morty-masters|\n|player|p2|StellarEcl1pse|liza-masters|\n|teamsize|p1|6\n|teamsize|p2|6\n|gen|9\n|tier|[Gen 9] Doubles OU\n|rated|Tournament battle\n|rule|Species Clause: Limit one of each Pok\u00e9mon\n|rule|OHKO Clause: OHKO moves are banned\n|rule|Evasion Moves Clause: Evasion moves are banned\n|rule|Gravity Sleep Clause: The combination of sleep-inducing moves with imperfect accuracy and Gravity or Gigantamax Orbeetle are banned\n|rule|Endless Battle Clause: Forcing endless battles is banned\n|rule|HP Percentage Mod: HP is shown in percentages\n|clearpoke\n|poke|p1|Palafin, M|\n|poke|p1|Kingambit, M|\n|poke|p1|Haunter, M|\n|poke|p1|Dragonite, M|\n|poke|p1|Abomasnow, M|\n|poke|p1|Clawitzer, F|\n|poke|p2|Pelipper, M|\n|poke|p2|Pikachu-Partner, M|\n|poke|p2|Ariados, F|\n|poke|p2|Gholdengo|\n|poke|p2|Cetitan, M|\n|poke|p2|Grumpig, M|\n|teampreview\n|j|*Lady Monita \u263d\n|inactive|StellarEcl1pse also wants the timer to be on.\n|inactive|Magiquaza also wants the timer to be on.\n|c|\u2606Magiquaza|gholdengo has no effect\n|c|\u2606Magiquaza|wait pelipper lol this will be hilarious\n|c|\u2606StellarEcl1pse|wdym?\n|inactive|Magiquaza has 120 seconds left.\n|\n|t:|1698628336\n|start\n|switch|p1a: Palafin|Palafin, M|100\/100\n|switch|p1b: Haunter|Haunter, M|100\/100\n|switch|p2a: Pelipper|Pelipper, M|100\/100\n|switch|p2b: Ariados|Ariados, F|100\/100\n|-weather|RainDance|[from] ability: Drizzle|[of] p2a: Pelipper\n|turn|1\n|\n|t:|1698628352\n|move|p1a: Palafin|Flip Turn|p2b: Ariados\n|-damage|p2b: Ariados|27\/100\n|\n|t:|1698628366\n|detailschange|p1a: Palafin|Palafin-Hero, M\n|switch|p1a: Abomasnow|Abomasnow, M|100\/100|[from] Flip Turn\n|-weather|Snow|[from] ability: Snow Warning|[of] p1a: Abomasnow\n|move|p1b: Haunter|Shadow Ball|p2b: Ariados\n|-damage|p2b: Ariados|0 fnt\n|faint|p2b: Ariados\n|move|p2a: Pelipper|Tailwind|p2a: Pelipper\n|-sidestart|p2: StellarEcl1pse|move: Tailwind\n|\n|-weather|Snow|[upkeep]\n|upkeep\n|\n|t:|1698628388\n|switch|p2b: Gholdengo|Gholdengo|100\/100\n|turn|2\n|\n|t:|1698628413\n|move|p2b: Gholdengo|Make It Rain|p1a: Abomasnow|[spread] p1a,p1b\n|-supereffective|p1a: Abomasnow\n|-damage|p1a: Abomasnow|8\/100\n|-enditem|p1b: Haunter|Focus Sash\n|-damage|p1b: Haunter|1\/100\n|-unboost|p2b: Gholdengo|spa|1\n|move|p2a: Pelipper|Air Slash|p1a: Abomasnow\n|-supereffective|p1a: Abomasnow\n|-damage|p1a: Abomasnow|0 fnt\n|faint|p1a: Abomasnow\n|move|p1b: Haunter|Shadow Ball|p2b: Gholdengo\n|-supereffective|p2b: Gholdengo\n|-damage|p2b: Gholdengo|40\/100\n|-unboost|p2b: Gholdengo|spd|1\n|\n|-weather|Snow|[upkeep]\n|upkeep\n|inactive|Magiquaza has 120 seconds left.\n|\n|t:|1698628437\n|switch|p1a: Kingambit|Kingambit, M|100\/100\n|turn|3\n|inactive|Magiquaza has 120 seconds left.\n|inactive|StellarEcl1pse has 120 seconds left.\n|\n|t:|1698628480\n|move|p1b: Haunter|Protect|p1b: Haunter\n|-singleturn|p1b: Haunter|Protect\n|move|p2b: Gholdengo|Thunderbolt|p1a: Kingambit\n|-damage|p1a: Kingambit|78\/100\n|move|p2a: Pelipper|Air Slash|p1b: Haunter\n|-activate|p1b: Haunter|move: Protect\n|move|p1a: Kingambit|Kowtow Cleave|p2b: Gholdengo\n|-supereffective|p2b: Gholdengo\n|-damage|p2b: Gholdengo|0 fnt\n|faint|p2b: Gholdengo\n|\n|-weather|Snow|[upkeep]\n|upkeep\n|\n|t:|1698628493\n|switch|p2b: The OG|Pikachu-Partner, M|100\/100\n|turn|4\n|inactive|StellarEcl1pse has 120 seconds left.\n|\n|t:|1698628509\n|switch|p1b: Clawitzer|Clawitzer, F|100\/100\n|move|p1a: Kingambit|Sucker Punch|p2b: The OG\n|-damage|p2b: The OG|0 fnt\n|faint|p2b: The OG\n|move|p2a: Pelipper|Air Slash|p1b: Clawitzer\n|-damage|p1b: Clawitzer|73\/100\n|\n|-weather|Snow|[upkeep]\n|-sideend|p2: StellarEcl1pse|move: Tailwind\n|upkeep\n|inactive|StellarEcl1pse has 120 seconds left.\n|\n|t:|1698628519\n|switch|p2b: Grumpig|Grumpig, M|100\/100\n|turn|5\n|\n|t:|1698628539\n|move|p2b: Grumpig|Reflect|p2b: Grumpig\n|-sidestart|p2: StellarEcl1pse|Reflect\n|move|p2a: Pelipper|Tailwind|p2a: Pelipper\n|-sidestart|p2: StellarEcl1pse|move: Tailwind\n|move|p1b: Clawitzer|Dragon Pulse|p2a: Pelipper\n|-damage|p2a: Pelipper|1\/100\n|-damage|p1b: Clawitzer|63\/100|[from] item: Life Orb\n|move|p1a: Kingambit|Kowtow Cleave|p2b: Grumpig\n|-supereffective|p2b: Grumpig\n|-damage|p2b: Grumpig|0 fnt\n|faint|p2b: Grumpig\n|\n|-weather|none\n|upkeep\n|j| PenguGuy\n|inactive|StellarEcl1pse has 120 seconds left.\n|\n|t:|1698628550\n|switch|p2b: Cetitan|Cetitan, M, shiny|100\/100\n|turn|6\n|inactive|StellarEcl1pse has 120 seconds left.\n|c|\u2606Magiquaza|my team is pretty unfair\n|\n|t:|1698628587\n|move|p2a: Pelipper|Air Slash|p1b: Clawitzer\n|-damage|p1b: Clawitzer|36\/100\n|move|p2b: Cetitan|Play Rough|p1a: Kingambit\n|-damage|p1a: Kingambit|39\/100\n|-enditem|p1a: Kingambit|Sitrus Berry|[eat]\n|-heal|p1a: Kingambit|64\/100|[from] item: Sitrus Berry\n|cant|p1b: Clawitzer|flinch\n|move|p1a: Kingambit|Iron Head|p2b: Cetitan\n|-supereffective|p2b: Cetitan\n|-damage|p2b: Cetitan|49\/100\n|\n|upkeep\n|turn|7\n|\n|t:|1698628602\n|-terastallize|p2b: Cetitan|Water\n|move|p2a: Pelipper|Air Slash|p1b: Clawitzer\n|-damage|p1b: Clawitzer|9\/100\n|move|p2b: Cetitan|Play Rough|p1a: Kingambit\n|-damage|p1a: Kingambit|24\/100\n|cant|p1b: Clawitzer|flinch\n|move|p1a: Kingambit|Iron Head|p2b: Cetitan\n|-resisted|p2b: Cetitan\n|-damage|p2b: Cetitan|34\/100\n|\n|upkeep\n|turn|8\n|j| Captain Love\n|\n|t:|1698628620\n|move|p1a: Kingambit|Sucker Punch|p2a: Pelipper\n|-damage|p2a: Pelipper|0 fnt\n|faint|p2a: Pelipper\n|move|p2b: Cetitan|Play Rough|p1a: Kingambit\n|-damage|p1a: Kingambit|0 fnt\n|faint|p1a: Kingambit\n|move|p1b: Clawitzer|Dragon Pulse|p2b: Cetitan\n|-damage|p2b: Cetitan|0 fnt\n|faint|p2b: Cetitan\n|-damage|p1b: Clawitzer|0 fnt|[from] item: Life Orb\n|faint|p1b: Clawitzer\n|\n|win|Magiquaza\n|n|\u2606Magiquaza|magiquaza\n|n|\u2606StellarEcl1pse|stellarecl1pse\n|n|*Lady Monita \u263d|ladymonita\n|n| PenguGuy|penguguy\n|n| Captain Love|captainlove\n","uploadtime":1698628621,"views":12,"p1id":"magiquaza","p2id":"stellarecl1pse","formatid":"gen9doublesou","rating":0,"private":0,"password":""}