{"id":"gen9doublesou-1972157781","p1":"Thehombre","p2":"rngsway","format":"[Gen 9] Doubles OU","log":"|j|\u2606Thehombre\n|j|\u2606rngsway\n|t:|1697817521\n|gametype|doubles\n|player|p1|Thehombre|101|1000\n|player|p2|rngsway|pokefanf-gen4|1052\n|teamsize|p1|6\n|teamsize|p2|6\n|gen|9\n|tier|[Gen 9] Doubles OU\n|rated|\n|rule|Species Clause: Limit one of each Pok\u00e9mon\n|rule|OHKO Clause: OHKO moves are banned\n|rule|Evasion Moves Clause: Evasion moves are banned\n|rule|Gravity Sleep Clause: The combination of sleep-inducing moves with imperfect accuracy and Gravity or Gigantamax Orbeetle are banned\n|rule|Endless Battle Clause: Forcing endless battles is banned\n|rule|HP Percentage Mod: HP is shown in percentages\n|clearpoke\n|poke|p1|Chi-Yu|\n|poke|p1|Torkoal, F|\n|poke|p1|Gastrodon, M|\n|poke|p1|Iron Moth|\n|poke|p1|Houndoom, M|\n|poke|p1|Dragonite, M|\n|poke|p2|Quaquaval, F|\n|poke|p2|Cinderace, F|\n|poke|p2|Krookodile, M|\n|poke|p2|Enamorus, F|\n|poke|p2|Rillaboom, F|\n|poke|p2|Chandelure, M|\n|teampreview\n|\n|t:|1697817537\n|start\n|switch|p1a: Iron Moth|Iron Moth|100\/100\n|switch|p1b: Dragonite|Dragonite, M|100\/100\n|switch|p2a: Quaquaval|Quaquaval, F|100\/100\n|switch|p2b: Cinderace|Cinderace, F|100\/100\n|turn|1\n|inactive|Battle timer is ON: inactive players will automatically lose when time's up. (requested by Thehombre)\n|\n|t:|1697817545\n|switch|p1b: Gastrodon|Gastrodon, M|100\/100\n|move|p1a: Iron Moth|Discharge|p2a: Quaquaval|[spread] p2a,p2b\n|-immune|p1b: Gastrodon\n|-supereffective|p2a: Quaquaval\n|-damage|p2a: Quaquaval|37\/100\n|-damage|p2b: Cinderace|68\/100\n|move|p2b: Cinderace|Pyro Ball|p1b: Gastrodon\n|-resisted|p1b: Gastrodon\n|-damage|p1b: Gastrodon|69\/100\n|move|p2a: Quaquaval|Aqua Step|p1b: Gastrodon\n|-activate|p1b: Gastrodon|ability: Storm Drain\n|-ability|p1b: Gastrodon|Storm Drain|boost\n|-boost|p1b: Gastrodon|spa|1\n|\n|-heal|p1b: Gastrodon|75\/100|[from] item: Leftovers\n|upkeep\n|turn|2\n|\n|t:|1697817561\n|move|p1a: Iron Moth|Heat Wave|p2b: Cinderace|[spread] \n|-miss|p1a: Iron Moth|p2a: Quaquaval\n|-miss|p1a: Iron Moth|p2b: Cinderace\n|move|p2b: Cinderace|Pyro Ball|p1a: Iron Moth\n|-resisted|p1a: Iron Moth\n|-damage|p1a: Iron Moth|46\/100\n|move|p2a: Quaquaval|Close Combat|p1b: Gastrodon\n|-damage|p1b: Gastrodon|11\/100\n|-unboost|p2a: Quaquaval|def|1\n|-unboost|p2a: Quaquaval|spd|1\n|move|p1b: Gastrodon|Stealth Rock|p2b: Cinderace\n|-sidestart|p2: rngsway|move: Stealth Rock\n|\n|-heal|p1b: Gastrodon|17\/100|[from] item: Leftovers\n|upkeep\n|turn|3\n|\n|t:|1697817577\n|move|p2b: Cinderace|Sucker Punch|p1a: Iron Moth\n|-start|p2b: Cinderace|typechange|Dark|[from] ability: Libero\n|-damage|p1a: Iron Moth|0 fnt\n|faint|p1a: Iron Moth\n|-end|p1a: Iron Moth|Quark Drive|[silent]\n|move|p2a: Quaquaval|Close Combat|p1b: Gastrodon\n|-damage|p1b: Gastrodon|0 fnt\n|-unboost|p2a: Quaquaval|def|1\n|-unboost|p2a: Quaquaval|spd|1\n|faint|p1b: Gastrodon\n|-ability|p2a: Quaquaval|Moxie|boost\n|-boost|p2a: Quaquaval|atk|1\n|\n|upkeep\n|\n|t:|1697817588\n|switch|p1a: Chi-Yu|Chi-Yu|100\/100\n|switch|p1b: Torkoal|Torkoal, F|100\/100\n|-ability|p1a: Chi-Yu|Beads of Ruin\n|-weather|SunnyDay|[from] ability: Drought|[of] p1b: Torkoal\n|turn|4\n|\n|t:|1697817600\n|move|p2a: Quaquaval|Aqua Jet|p1a: Chi-Yu\n|-supereffective|p1a: Chi-Yu\n|-damage|p1a: Chi-Yu|54\/100\n|move|p2b: Cinderace|High Jump Kick|p1a: Chi-Yu\n|-supereffective|p1a: Chi-Yu\n|-damage|p1a: Chi-Yu|0 fnt\n|faint|p1a: Chi-Yu\n|move|p1b: Torkoal|Heat Wave|p2b: Cinderace|[spread] p2a,p2b\n|-resisted|p2a: Quaquaval\n|-damage|p2a: Quaquaval|0 fnt\n|-damage|p2b: Cinderace|0 fnt\n|faint|p2a: Quaquaval\n|faint|p2b: Cinderace\n|\n|-weather|SunnyDay|[upkeep]\n|upkeep\n|\n|t:|1697817614\n|switch|p2b: Chandelure|Chandelure, M|100\/100\n|switch|p1a: Houndoom|Houndoom, M|100\/100\n|switch|p2a: Enamorus|Enamorus, F|100\/100\n|-damage|p2a: Enamorus|76\/100|[from] Stealth Rock\n|-damage|p2b: Chandelure|76\/100|[from] Stealth Rock\n|turn|5\n|\n|t:|1697817622\n|move|p2a: Enamorus|Superpower|p1a: Houndoom\n|-supereffective|p1a: Houndoom\n|-damage|p1a: Houndoom|0 fnt\n|-boost|p2a: Enamorus|atk|1\n|-boost|p2a: Enamorus|def|1\n|faint|p1a: Houndoom\n|move|p2b: Chandelure|Shadow Ball|p1b: Torkoal\n|-damage|p1b: Torkoal|44\/100\n|move|p1b: Torkoal|Heat Wave|p2b: Chandelure|[spread] p2a,p2b\n|-resisted|p2b: Chandelure\n|-damage|p2a: Enamorus|0 fnt\n|-damage|p2b: Chandelure|38\/100\n|faint|p2a: Enamorus\n|\n|-weather|SunnyDay|[upkeep]\n|upkeep\n|\n|t:|1697817627\n|switch|p2a: Krookodile|Krookodile, M|100\/100\n|switch|p1a: Dragonite|Dragonite, M|100\/100\n|-damage|p2a: Krookodile|94\/100|[from] Stealth Rock\n|turn|6\n|\n|t:|1697817636\n|move|p2a: Krookodile|Knock Off|p1a: Dragonite\n|-damage|p1a: Dragonite|74\/100\n|-enditem|p1a: Dragonite|Charti Berry|[from] move: Knock Off|[of] p2a: Krookodile\n|move|p1a: Dragonite|Tailwind|p1a: Dragonite\n|-sidestart|p1: Thehombre|move: Tailwind\n|move|p2b: Chandelure|Shadow Ball|p1a: Dragonite\n|-damage|p1a: Dragonite|25\/100\n|move|p1b: Torkoal|Heat Wave|p2b: Chandelure|[spread] p2a,p2b\n|-resisted|p2b: Chandelure\n|-damage|p2a: Krookodile|18\/100\n|-damage|p2b: Chandelure|0 fnt\n|faint|p2b: Chandelure\n|\n|-weather|SunnyDay|[upkeep]\n|upkeep\n|\n|t:|1697817639\n|switch|p2b: Rillaboom|Rillaboom, F|100\/100\n|-damage|p2b: Rillaboom|88\/100|[from] Stealth Rock\n|-fieldstart|move: Grassy Terrain|[from] ability: Grassy Surge|[of] p2b: Rillaboom\n|turn|7\n|\n|t:|1697817649\n|-terastallize|p2b: Rillaboom|Rock\n|move|p1a: Dragonite|Heat Wave|p2a: Krookodile|[spread] p2a,p2b\n|-resisted|p2b: Rillaboom\n|-damage|p2a: Krookodile|0 fnt\n|-damage|p2b: Rillaboom|67\/100\n|faint|p2a: Krookodile\n|move|p2b: Rillaboom|Tera Blast|p1a: Dragonite|[anim] Tera Blast Rock\n|-supereffective|p1a: Dragonite\n|-damage|p1a: Dragonite|0 fnt\n|faint|p1a: Dragonite\n|move|p1b: Torkoal|Heat Wave|p2b: Rillaboom\n|-resisted|p2b: Rillaboom\n|-damage|p2b: Rillaboom|18\/100\n|\n|-weather|SunnyDay|[upkeep]\n|-heal|p2b: Rillaboom|24\/100|[from] Grassy Terrain\n|-heal|p1b: Torkoal|50\/100|[from] Grassy Terrain\n|upkeep\n|turn|8\n|\n|t:|1697817657\n|-terastallize|p1b: Torkoal|Fire\n|move|p2b: Rillaboom|Tera Blast|p1b: Torkoal|[anim] Tera Blast Rock\n|-supereffective|p1b: Torkoal\n|-damage|p1b: Torkoal|0 fnt\n|faint|p1b: Torkoal\n|\n|win|rngsway\n|raw|Thehombre's rating: 1000 &rarr; <strong>1000<\/strong><br \/>(+0 for losing)\n|raw|rngsway's rating: 1052 &rarr; <strong>1079<\/strong><br \/>(+27 for winning)\n|c|\u2606Thehombre|F u\n|c|\u2606rngsway|gg imdabest\n|l|\u2606Thehombre\n","uploadtime":1697817713,"views":11,"p1id":"thehombre","p2id":"rngsway","formatid":"gen9doublesou","rating":1000,"private":0,"password":""}