{"id":"gen9doublesou-1997127333","p1":"PoliteGhost","p2":"Engelhard","format":"[Gen 9] Doubles OU","log":"|j|\u2606PoliteGhost\n|j|\u2606Engelhard\n|t:|1700767252\n|gametype|doubles\n|player|p1|PoliteGhost|giovanni|1442\n|player|p2|Engelhard|1|1557\n|teamsize|p1|6\n|teamsize|p2|6\n|gen|9\n|tier|[Gen 9] Doubles OU\n|rated|\n|rule|Species Clause: Limit one of each Pok\u00e9mon\n|rule|OHKO Clause: OHKO moves are banned\n|rule|Evasion Moves Clause: Evasion moves are banned\n|rule|Gravity Sleep Clause: The combination of sleep-inducing moves with imperfect accuracy and Gravity or Gigantamax Orbeetle are banned\n|rule|Endless Battle Clause: Forcing endless battles is banned\n|rule|HP Percentage Mod: HP is shown in percentages\n|clearpoke\n|poke|p1|Amoonguss, M|\n|poke|p1|Iron Hands|\n|poke|p1|Landorus-Therian, M|\n|poke|p1|Flutter Mane|\n|poke|p1|Iron Bundle|\n|poke|p1|Chi-Yu|\n|poke|p2|Tornadus, M|\n|poke|p2|Iron Hands|\n|poke|p2|Rillaboom, F|\n|poke|p2|Flutter Mane|\n|poke|p2|Ogerpon-Hearthflame, F|\n|poke|p2|Heatran, F|\n|teampreview\n|inactive|Battle timer is ON: inactive players will automatically lose when time's up. (requested by Engelhard)\n|\n|t:|1700767290\n|start\n|switch|p1a: Iron Hands|Iron Hands|100\/100\n|switch|p1b: Landorus|Landorus-Therian, M|100\/100\n|switch|p2a: Ogerpon|Ogerpon-Hearthflame, F|100\/100\n|switch|p2b: Tornadus|Tornadus, M|100\/100\n|-ability|p2a: Ogerpon|Mold Breaker\n|-ability|p1b: Landorus|Intimidate|boost\n|-unboost|p2a: Ogerpon|atk|1\n|-unboost|p2b: Tornadus|atk|1\n|turn|1\n|\n|t:|1700767305\n|-terastallize|p2a: Ogerpon|Fire\n|detailschange|p2a: Ogerpon|Ogerpon-Hearthflame-Tera, F, tera:Fire\n|-ability|p2a: Ogerpon|Embody Aspect (Hearthflame)|boost\n|-boost|p2a: Ogerpon|atk|1\n|move|p2b: Tornadus|Sunny Day|p2b: Tornadus\n|-weather|SunnyDay\n|move|p2a: Ogerpon|Ivy Cudgel|p1b: Landorus|[anim] Ivy Cudgel Fire\n|-damage|p1b: Landorus|0 fnt\n|faint|p1b: Landorus\n|move|p1a: Iron Hands|Wild Charge|p2b: Tornadus\n|-supereffective|p2b: Tornadus\n|-damage|p2b: Tornadus|0 fnt\n|faint|p2b: Tornadus\n|-damage|p1a: Iron Hands|82\/100|[from] Recoil\n|\n|-weather|SunnyDay|[upkeep]\n|upkeep\n|\n|t:|1700767330\n|switch|p2b: Flutter Mane|Flutter Mane|100\/100\n|switch|p1b: Iron Bundle|Iron Bundle|100\/100\n|-activate|p2b: Flutter Mane|ability: Protosynthesis\n|-start|p2b: Flutter Mane|protosynthesisspa\n|turn|2\n|\n|t:|1700767347\n|move|p1b: Iron Bundle|Hydro Pump|p2a: Ogerpon\n|-supereffective|p2a: Ogerpon\n|-crit|p2a: Ogerpon\n|-damage|p2a: Ogerpon|12\/100\n|move|p2b: Flutter Mane|Dazzling Gleam|p1a: Iron Hands|[spread] p1a,p1b\n|-supereffective|p1a: Iron Hands\n|-damage|p1a: Iron Hands|18\/100\n|-enditem|p1b: Iron Bundle|Focus Sash\n|-damage|p1b: Iron Bundle|1\/100\n|move|p2a: Ogerpon|Ivy Cudgel|p1b: Iron Bundle|[anim] Ivy Cudgel Fire\n|-damage|p1b: Iron Bundle|0 fnt\n|faint|p1b: Iron Bundle\n|-end|p1b: Iron Bundle|Quark Drive|[silent]\n|move|p1a: Iron Hands|Heavy Slam|p2b: Flutter Mane\n|-supereffective|p2b: Flutter Mane\n|-damage|p2b: Flutter Mane|0 fnt\n|faint|p2b: Flutter Mane\n|-end|p2b: Flutter Mane|Protosynthesis|[silent]\n|\n|-weather|SunnyDay|[upkeep]\n|upkeep\n|\n|t:|1700767373\n|switch|p1b: Flutter Mane|Flutter Mane|100\/100\n|switch|p2b: Heatran|Heatran, F|100\/100\n|-activate|p1b: Flutter Mane|ability: Protosynthesis\n|-start|p1b: Flutter Mane|protosynthesisspe\n|turn|3\n|\n|t:|1700767385\n|move|p1b: Flutter Mane|Protect|p1b: Flutter Mane\n|-singleturn|p1b: Flutter Mane|Protect\n|move|p2a: Ogerpon|Spiky Shield|p2a: Ogerpon\n|-singleturn|p2a: Ogerpon|move: Protect\n|move|p2b: Heatran|Flash Cannon|p1b: Flutter Mane\n|-activate|p1b: Flutter Mane|move: Protect\n|move|p1a: Iron Hands|Drain Punch|p2b: Heatran\n|-supereffective|p2b: Heatran\n|-damage|p2b: Heatran|23\/100\n|-heal|p1a: Iron Hands|48\/100|[from] drain|[of] p2b: Heatran\n|\n|-weather|SunnyDay|[upkeep]\n|upkeep\n|turn|4\n|\n|t:|1700767400\n|move|p1b: Flutter Mane|Moonblast|p2a: Ogerpon\n|-resisted|p2a: Ogerpon\n|-damage|p2a: Ogerpon|0 fnt\n|faint|p2a: Ogerpon\n|move|p2b: Heatran|Flash Cannon|p1b: Flutter Mane\n|-supereffective|p1b: Flutter Mane\n|-damage|p1b: Flutter Mane|7\/100\n|move|p1a: Iron Hands|Drain Punch|p2b: Heatran\n|-supereffective|p2b: Heatran\n|-damage|p2b: Heatran|0 fnt\n|-heal|p1a: Iron Hands|56\/100|[from] drain|[of] p2b: Heatran\n|faint|p2b: Heatran\n|\n|-weather|SunnyDay|[upkeep]\n|upkeep\n|inactive|Engelhard has 120 seconds left.\n|\n|t:|1700767435\n|switch|p2a: Rillaboom|Rillaboom, F|100\/100\n|switch|p2b: Iron Hands|Iron Hands|100\/100\n|-fieldstart|move: Grassy Terrain|[from] ability: Grassy Surge|[of] p2a: Rillaboom\n|turn|5\n|\n|t:|1700767451\n|move|p1b: Flutter Mane|Protect|p1b: Flutter Mane\n|-singleturn|p1b: Flutter Mane|Protect\n|move|p2a: Rillaboom|Grassy Glide|p1b: Flutter Mane\n|-activate|p1b: Flutter Mane|move: Protect\n|move|p2b: Iron Hands|Swords Dance|p2b: Iron Hands\n|-boost|p2b: Iron Hands|atk|2\n|move|p1a: Iron Hands|Drain Punch|p2a: Rillaboom\n|-damage|p2a: Rillaboom|59\/100\n|-heal|p1a: Iron Hands|74\/100|[from] drain|[of] p2a: Rillaboom\n|\n|-weather|none\n|-end|p1b: Flutter Mane|Protosynthesis\n|-heal|p1b: Flutter Mane|13\/100|[from] Grassy Terrain\n|-heal|p2a: Rillaboom|65\/100|[from] Grassy Terrain\n|-heal|p1a: Iron Hands|80\/100|[from] Grassy Terrain\n|upkeep\n|-enditem|p1b: Flutter Mane|Booster Energy\n|-activate|p1b: Flutter Mane|ability: Protosynthesis|[fromitem]\n|-start|p1b: Flutter Mane|protosynthesisspe\n|turn|6\n|\n|t:|1700767469\n|-end|p1b: Flutter Mane|Protosynthesis|[silent]\n|switch|p1b: Amoonguss|Amoonguss, M|100\/100\n|move|p2a: Rillaboom|Grassy Glide|p1b: Amoonguss\n|-resisted|p1b: Amoonguss\n|-damage|p1b: Amoonguss|92\/100\n|-damage|p2a: Rillaboom|49\/100|[from] item: Rocky Helmet|[of] p1b: Amoonguss\n|move|p2b: Iron Hands|Drain Punch|p1a: Iron Hands\n|-damage|p1a: Iron Hands|24\/100\n|move|p1a: Iron Hands|Drain Punch|p2a: Rillaboom\n|-damage|p2a: Rillaboom|7\/100\n|-heal|p1a: Iron Hands|41\/100|[from] drain|[of] p2a: Rillaboom\n|\n|-heal|p2a: Rillaboom|14\/100|[from] Grassy Terrain\n|-heal|p1a: Iron Hands|47\/100|[from] Grassy Terrain\n|-heal|p1b: Amoonguss|98\/100|[from] Grassy Terrain\n|upkeep\n|turn|7\n|\n|t:|1700767487\n|move|p2a: Rillaboom|High Horsepower|p1b: Amoonguss|[miss]\n|-miss|p2a: Rillaboom|p1b: Amoonguss\n|move|p2b: Iron Hands|Drain Punch|p1a: Iron Hands\n|-damage|p1a: Iron Hands|0 fnt\n|faint|p1a: Iron Hands\n|-end|p1a: Iron Hands|Quark Drive|[silent]\n|move|p1b: Amoonguss|Clear Smog|p2b: Iron Hands\n|-damage|p2b: Iron Hands|90\/100\n|-clearboost|p2b: Iron Hands\n|\n|-heal|p2a: Rillaboom|20\/100|[from] Grassy Terrain\n|-heal|p2b: Iron Hands|96\/100|[from] Grassy Terrain\n|-heal|p1b: Amoonguss|100\/100|[from] Grassy Terrain\n|upkeep\n|\n|t:|1700767497\n|switch|p1a: Chi-Yu|Chi-Yu|100\/100\n|-ability|p1a: Chi-Yu|Beads of Ruin\n|turn|8\n|\n|t:|1700767505\n|-terastallize|p1a: Chi-Yu|Ghost\n|move|p1a: Chi-Yu|Heat Wave|p2b: Iron Hands|[spread] p2a,p2b\n|-supereffective|p2a: Rillaboom\n|-damage|p2a: Rillaboom|0 fnt\n|-damage|p2b: Iron Hands|55\/100\n|faint|p2a: Rillaboom\n|move|p2b: Iron Hands|Drain Punch|p1a: Chi-Yu\n|-immune|p1a: Chi-Yu\n|move|p1b: Amoonguss|Spore|p2b: Iron Hands\n|-status|p2b: Iron Hands|slp|[from] move: Spore\n|\n|-heal|p2b: Iron Hands|61\/100 slp|[from] Grassy Terrain\n|upkeep\n|turn|9\n|inactive|Engelhard has 120 seconds left.\n|\n|t:|1700767560\n|switch|p1b: Flutter Mane|Flutter Mane|13\/100\n|move|p1a: Chi-Yu|Heat Wave|p2b: Iron Hands\n|-damage|p2b: Iron Hands|9\/100 slp\n|-enditem|p2b: Iron Hands|Sitrus Berry|[eat]\n|-heal|p2b: Iron Hands|34\/100 slp|[from] item: Sitrus Berry\n|cant|p2b: Iron Hands|slp\n|\n|-heal|p1b: Flutter Mane|19\/100|[from] Grassy Terrain\n|-heal|p2b: Iron Hands|40\/100 slp|[from] Grassy Terrain\n|-fieldend|move: Grassy Terrain\n|upkeep\n|turn|10\n|\n|t:|1700767570\n|cant|p2b: Iron Hands|slp\n|move|p1b: Flutter Mane|Moonblast|p2b: Iron Hands\n|-supereffective|p2b: Iron Hands\n|-damage|p2b: Iron Hands|0 fnt\n|faint|p2b: Iron Hands\n|-end|p2b: Iron Hands|Quark Drive|[silent]\n|\n|win|PoliteGhost\n|raw|PoliteGhost's rating: 1442 &rarr; <strong>1468<\/strong><br \/>(+26 for winning)\n|raw|Engelhard's rating: 1557 &rarr; <strong>1531<\/strong><br \/>(-26 for losing)\n|c|\u2606Engelhard|ggwp\n|c|\u2606PoliteGhost|gg\n|l|\u2606Engelhard\n","uploadtime":1700767601,"views":11,"p1id":"politeghost","p2id":"engelhard","formatid":"gen9doublesou","rating":1468,"private":0,"password":""}