{"id":"gen9doublesou-1998944727","p1":"SMB","p2":"qsns","format":"[Gen 9] Doubles OU","log":"|j|\u2606SMB\n|j|\u2606qsns\n|t:|1701016171\n|gametype|doubles\n|player|p1|SMB|#dpl8ducks|\n|player|p2|qsns|#bssplviiidavesdragonairs|\n|teamsize|p1|6\n|teamsize|p2|6\n|gen|9\n|tier|[Gen 9] Doubles OU\n|rule|Species Clause: Limit one of each Pok\u00e9mon\n|rule|OHKO Clause: OHKO moves are banned\n|rule|Evasion Moves Clause: Evasion moves are banned\n|rule|Gravity Sleep Clause: The combination of sleep-inducing moves with imperfect accuracy and Gravity or Gigantamax Orbeetle are banned\n|rule|Endless Battle Clause: Forcing endless battles is banned\n|rule|HP Percentage Mod: HP is shown in percentages\n|clearpoke\n|poke|p1|Kommo-o, F|\n|poke|p1|Ogerpon-Hearthflame, F|\n|poke|p1|Rillaboom, M|\n|poke|p1|Flutter Mane|\n|poke|p1|Glimmora, F|\n|poke|p1|Tornadus, M|\n|poke|p2|Landorus-Therian, M|\n|poke|p2|Gholdengo|\n|poke|p2|Ogerpon-Hearthflame, F|\n|poke|p2|Tornadus, M|\n|poke|p2|Rillaboom, F|\n|poke|p2|Flutter Mane|\n|teampreview\n|inactive|Battle timer is ON: inactive players will automatically lose when time's up. (requested by qsns)\n|c|\u2606qsns|hf\n|c|\u2606SMB|glhf\n|j|+Yoda2798\n|j| The JRL\n|inactive|SMB has 270 seconds left.\n|inactive|qsns has 270 seconds left.\n|j| eric versus\u30c4\n|j| FrostPixel\n|j|+daawesomedude1 (\n|j| lunarr\n|inactive|SMB has 240 seconds left.\n|inactive|qsns has 240 seconds left.\n|j| ratpacker\n|j| teambuilder bot\n|j| Peter Pan GC\n|j| AIRedzone\n|j| Yoshino Himekawa\n|inactive|qsns has 210 seconds left.\n|j| glimmeraqua\n|l| AIRedzone\n|\n|t:|1701016284\n|start\n|switch|p1a: Glimmora|Glimmora, F|100\/100\n|switch|p1b: Tornadus|Tornadus, M|100\/100\n|switch|p2a: Gholdengo|Gholdengo|100\/100\n|switch|p2b: Rillaboom|Rillaboom, F|100\/100\n|-fieldstart|move: Grassy Terrain|[from] ability: Grassy Surge|[of] p2b: Rillaboom\n|turn|1\n|inactive|qsns has 270 seconds left.\n|\n|t:|1701016307\n|switch|p1b: Ogerpon|Ogerpon-Hearthflame, F|100\/100\n|-ability|p1b: Ogerpon|Mold Breaker\n|-terastallize|p2a: Gholdengo|Steel\n|move|p2b: Rillaboom|Fake Out|p1a: Glimmora\n|-resisted|p1a: Glimmora\n|-damage|p1a: Glimmora|91\/100\n|-activate|p1a: Glimmora|ability: Toxic Debris\n|-sidestart|p2: qsns|move: Toxic Spikes\n|cant|p1a: Glimmora|flinch\n|move|p2a: Gholdengo|Make It Rain|p1a: Glimmora|[spread] p1a,p1b\n|-supereffective|p1a: Glimmora\n|-resisted|p1b: Ogerpon\n|-damage|p1a: Glimmora|0 fnt\n|-damage|p1b: Ogerpon|53\/100\n|-unboost|p2a: Gholdengo|spa|1\n|faint|p1a: Glimmora\n|\n|-heal|p1b: Ogerpon|59\/100|[from] Grassy Terrain\n|upkeep\n|j| Schister\n|inactive|SMB has 270 seconds left.\n|\n|t:|1701016346\n|switch|p1a: Kommo-o|Kommo-o, F|100\/100\n|turn|2\n|j| Jello1231\n|inactive|SMB has 270 seconds left.\n|\n|t:|1701016364\n|switch|p2a: Landorus|Landorus-Therian, M|100\/100\n|-ability|p2a: Landorus|Intimidate|boost\n|-unboost|p1a: Kommo-o|atk|1\n|-unboost|p1b: Ogerpon|atk|1\n|move|p1b: Ogerpon|Ivy Cudgel|p2b: Rillaboom|[anim] Ivy Cudgel Fire\n|-supereffective|p2b: Rillaboom\n|-damage|p2b: Rillaboom|32\/100\n|move|p1a: Kommo-o|Iron Defense|p1a: Kommo-o\n|-boost|p1a: Kommo-o|def|2\n|move|p2b: Rillaboom|U-turn|p1b: Ogerpon\n|-damage|p1b: Ogerpon|32\/100\n|j| frania\n|\n|t:|1701016368\n|switch|p2b: Flutter Mane|Flutter Mane|100\/100|[from] U-turn\n|-status|p2b: Flutter Mane|psn\n|\n|-heal|p1b: Ogerpon|38\/100|[from] Grassy Terrain\n|-damage|p2b: Flutter Mane|88\/100 psn|[from] psn\n|upkeep\n|turn|3\n|j|+Actuarily\n|l| frania\n|inactive|SMB has 270 seconds left.\n|inactive|SMB has 240 seconds left.\n|j| frania\n|\n|t:|1701016439\n|move|p1a: Kommo-o|Protect|p1a: Kommo-o\n|-singleturn|p1a: Kommo-o|Protect\n|move|p1b: Ogerpon|Grassy Glide|p2b: Flutter Mane\n|-damage|p2b: Flutter Mane|43\/100 psn\n|move|p2b: Flutter Mane|Dazzling Gleam|p1a: Kommo-o|[spread] p1b\n|-activate|p1a: Kommo-o|move: Protect\n|-resisted|p1b: Ogerpon\n|-damage|p1b: Ogerpon|16\/100\n|move|p2a: Landorus|U-turn|p1b: Ogerpon\n|-damage|p1b: Ogerpon|0 fnt\n|faint|p1b: Ogerpon\n|inactive|qsns has 270 seconds left.\n|\n|t:|1701016450\n|switch|p2a: Tornadus|Tornadus, M|100\/100|[from] U-turn\n|\n|-heal|p2b: Flutter Mane|50\/100 psn|[from] Grassy Terrain\n|-damage|p2b: Flutter Mane|37\/100 psn|[from] psn\n|upkeep\n|inactive|SMB has 240 seconds left.\n|j| theyummybagel\n|\n|t:|1701016465\n|switch|p1b: Flutter Mane|Flutter Mane|100\/100\n|turn|4\n|j| AIRedzone\n|inactive|SMB has 240 seconds left.\n|\n|t:|1701016487\n|-terastallize|p1a: Kommo-o|Fire\n|move|p2a: Tornadus|Tailwind|p2a: Tornadus\n|-sidestart|p2: qsns|move: Tailwind\n|move|p2b: Flutter Mane|Dazzling Gleam|p1b: Flutter Mane|[spread] p1a,p1b\n|-resisted|p1a: Kommo-o\n|-damage|p1a: Kommo-o|84\/100\n|-damage|p1b: Flutter Mane|65\/100\n|move|p1b: Flutter Mane|Dazzling Gleam|p2b: Flutter Mane|[spread] p2a,p2b\n|-damage|p2a: Tornadus|58\/100\n|-damage|p2b: Flutter Mane|0 fnt\n|faint|p2b: Flutter Mane\n|-end|p2b: Flutter Mane|Protosynthesis|[silent]\n|move|p1a: Kommo-o|Body Press|p2a: Tornadus\n|-resisted|p2a: Tornadus\n|-damage|p2a: Tornadus|16\/100\n|\n|-heal|p1b: Flutter Mane|71\/100|[from] Grassy Terrain\n|-heal|p1a: Kommo-o|91\/100|[from] Grassy Terrain\n|-heal|p1a: Kommo-o|97\/100|[from] item: Leftovers\n|upkeep\n|\n|t:|1701016494\n|switch|p2b: Gholdengo|Gholdengo, tera:Steel|100\/100\n|turn|5\n|\n|t:|1701016520\n|move|p2a: Tornadus|Bleakwind Storm|p1a: Kommo-o|[spread] p1a,p1b\n|-damage|p1a: Kommo-o|73\/100\n|-damage|p1b: Flutter Mane|43\/100\n|move|p2b: Gholdengo|Power Gem|p1a: Kommo-o\n|-supereffective|p1a: Kommo-o\n|-damage|p1a: Kommo-o|2\/100\n|move|p1b: Flutter Mane|Dazzling Gleam|p2a: Tornadus|[spread] p2a,p2b\n|-resisted|p2b: Gholdengo\n|-damage|p2a: Tornadus|0 fnt\n|-damage|p2b: Gholdengo|79\/100\n|faint|p2a: Tornadus\n|move|p1a: Kommo-o|Body Press|p2b: Gholdengo\n|-supereffective|p2b: Gholdengo\n|-damage|p2b: Gholdengo|0 fnt\n|faint|p2b: Gholdengo\n|\n|-heal|p1b: Flutter Mane|50\/100|[from] Grassy Terrain\n|-heal|p1a: Kommo-o|8\/100|[from] Grassy Terrain\n|-heal|p1a: Kommo-o|14\/100|[from] item: Leftovers\n|-fieldend|move: Grassy Terrain\n|upkeep\n|\n|t:|1701016527\n|switch|p2a: Ogerpon|Ogerpon-Hearthflame, F|100\/100\n|switch|p2b: Landorus|Landorus-Therian, M|100\/100\n|-status|p2a: Ogerpon|psn\n|-ability|p2a: Ogerpon|Mold Breaker\n|-ability|p2b: Landorus|Intimidate|boost\n|-unboost|p1a: Kommo-o|atk|1\n|-unboost|p1b: Flutter Mane|atk|1\n|turn|6\n|inactive|SMB has 270 seconds left.\n|\n|t:|1701016547\n|-end|p1b: Flutter Mane|Protosynthesis|[silent]\n|switch|p1b: Rillaboom|Rillaboom, M|100\/100\n|-fieldstart|move: Grassy Terrain|[from] ability: Grassy Surge|[of] p1b: Rillaboom\n|move|p1a: Kommo-o|Protect|p1a: Kommo-o\n|-singleturn|p1a: Kommo-o|Protect\n|move|p2a: Ogerpon|Ivy Cudgel|p1b: Rillaboom|[anim] Ivy Cudgel Fire\n|-supereffective|p1b: Rillaboom\n|-damage|p1b: Rillaboom|0 fnt\n|faint|p1b: Rillaboom\n|move|p2b: Landorus|Stomping Tantrum|p1a: Kommo-o\n|-activate|p1a: Kommo-o|move: Protect\n|\n|-heal|p1a: Kommo-o|20\/100|[from] Grassy Terrain\n|-heal|p1a: Kommo-o|27\/100|[from] item: Leftovers\n|-damage|p2a: Ogerpon|88\/100 psn|[from] psn\n|upkeep\n|j|+sundays.n_sundaes\n|inactive|SMB has 240 seconds left.\n|inactive|SMB has 210 seconds left.\n|j| Nido-Rus\n|\n|t:|1701016617\n|switch|p1b: Tornadus|Tornadus, M|100\/100\n|turn|7\n|l| ratpacker\n|inactive|SMB has 210 seconds left.\n|l| theyummybagel\n|\n|t:|1701016643\n|move|p1a: Kommo-o|Protect|p1a: Kommo-o\n|-singleturn|p1a: Kommo-o|Protect\n|move|p2a: Ogerpon|Ivy Cudgel|p1b: Tornadus|[anim] Ivy Cudgel Fire\n|-damage|p1b: Tornadus|16\/100\n|-enditem|p1b: Tornadus|Sitrus Berry|[eat]\n|-heal|p1b: Tornadus|41\/100|[from] item: Sitrus Berry\n|move|p2b: Landorus|Stomping Tantrum|p1a: Kommo-o\n|-activate|p1a: Kommo-o|move: Protect\n|move|p1b: Tornadus|Bleakwind Storm|p2b: Landorus|[spread] p2a\n|-miss|p1b: Tornadus|p2b: Landorus\n|-supereffective|p2a: Ogerpon\n|-damage|p2a: Ogerpon|23\/100 psn\n|-unboost|p2a: Ogerpon|spe|1\n|\n|-heal|p2a: Ogerpon|29\/100 psn|[from] Grassy Terrain\n|-heal|p1a: Kommo-o|33\/100|[from] Grassy Terrain\n|-heal|p1a: Kommo-o|39\/100|[from] item: Leftovers\n|-damage|p2a: Ogerpon|17\/100 psn|[from] psn\n|-sideend|p2: qsns|move: Tailwind\n|upkeep\n|turn|8\n|inactive|SMB has 210 seconds left.\n|l| AIRedzone\n|j|+talkingtree\n|j| theyummybagel\n|inactive|qsns has 270 seconds left.\n|\n|t:|1701016675\n|move|p2a: Ogerpon|Grassy Glide|p1b: Tornadus\n|-resisted|p1b: Tornadus\n|-damage|p1b: Tornadus|14\/100\n|move|p1b: Tornadus|Bleakwind Storm|p2b: Landorus|[spread] p2a,p2b\n|-supereffective|p2a: Ogerpon\n|-damage|p2a: Ogerpon|0 fnt\n|-damage|p2b: Landorus|69\/100\n|faint|p2a: Ogerpon\n|move|p2b: Landorus|Stomping Tantrum|p1a: Kommo-o\n|-supereffective|p1a: Kommo-o\n|-damage|p1a: Kommo-o|6\/100\n|move|p1a: Kommo-o|Body Press|p2b: Landorus\n|-resisted|p2b: Landorus\n|-damage|p2b: Landorus|35\/100\n|-enditem|p2b: Landorus|Sitrus Berry|[eat]\n|-heal|p2b: Landorus|59\/100|[from] item: Sitrus Berry\n|\n|-heal|p1a: Kommo-o|12\/100|[from] Grassy Terrain\n|-heal|p1a: Kommo-o|19\/100|[from] item: Leftovers\n|upkeep\n|\n|t:|1701016679\n|switch|p2a: Rillaboom|Rillaboom, F|32\/100\n|-status|p2a: Rillaboom|psn\n|turn|9\n|j| Fritz420\n|inactive|SMB has 210 seconds left.\n|\n|t:|1701016716\n|switch|p1b: Flutter Mane|Flutter Mane|50\/100\n|move|p1a: Kommo-o|Protect|p1a: Kommo-o\n|-singleturn|p1a: Kommo-o|Protect\n|move|p2a: Rillaboom|Grassy Glide|p1b: Flutter Mane\n|-damage|p1b: Flutter Mane|0 fnt\n|faint|p1b: Flutter Mane\n|-end|p1b: Flutter Mane|Protosynthesis|[silent]\n|move|p2b: Landorus|Stomping Tantrum|p1a: Kommo-o\n|-activate|p1a: Kommo-o|move: Protect\n|\n|-heal|p1a: Kommo-o|25\/100|[from] Grassy Terrain\n|-heal|p1a: Kommo-o|31\/100|[from] item: Leftovers\n|-heal|p2a: Rillaboom|38\/100 psn|[from] Grassy Terrain\n|-damage|p2a: Rillaboom|26\/100 psn|[from] psn\n|upkeep\n|inactive|SMB has 180 seconds left.\n|\n|t:|1701016733\n|switch|p1b: Tornadus|Tornadus, M|14\/100\n|turn|10\n|l| frania\n|j| Laptops\n|\n|t:|1701016754\n|move|p2a: Rillaboom|Grassy Glide|p1b: Tornadus\n|-resisted|p1b: Tornadus\n|-damage|p1b: Tornadus|0 fnt\n|faint|p1b: Tornadus\n|move|p2b: Landorus|Stomping Tantrum|p1a: Kommo-o\n|-supereffective|p1a: Kommo-o\n|-damage|p1a: Kommo-o|0 fnt\n|faint|p1a: Kommo-o\n|\n|win|qsns\n|c|\u2606qsns|gg\n|c|\u2606SMB|gg\n|l| theyummybagel\n|l|+Actuarily\n|l| Laptops\n|l|+daawesomedude1 (\n|l| The JRL\n|l|+talkingtree\n|j| AIRedzone\n|l| Fritz420\n|l|+sundays.n_sundaes\n|l| AIRedzone\n|j| The JRL\n|j| frania\n|l| frania\n|l| The JRL\n|l| glimmeraqua\n|l| Schister\n|l| lunarr\n|j| GuitarheroVGC\n|l| GuitarheroVGC\n|l| FrostPixel\n|l| Yoshino Himekawa\n|l|\u2606qsns\n|j| spurrific\n|l| teambuilder bot\n|l| Peter Pan GC\n","uploadtime":1701016761,"views":169,"p1id":"smb","p2id":"qsns","formatid":"gen9doublesou","rating":0,"private":0,"password":""}