{"id":"gen9doublesou-1999810429","p1":"Artemis Vera","p2":"aldogoom","format":"[Gen 9] Doubles OU","log":"|j|\u2606Artemis Vera\n|j|\u2606aldogoom\n|t:|1701118810\n|gametype|doubles\n|player|p1|Artemis Vera|giovanni|1427\n|player|p2|aldogoom|medium|1370\n|teamsize|p1|6\n|teamsize|p2|6\n|gen|9\n|tier|[Gen 9] Doubles OU\n|rated|\n|rule|Species Clause: Limit one of each Pok\u00e9mon\n|rule|OHKO Clause: OHKO moves are banned\n|rule|Evasion Moves Clause: Evasion moves are banned\n|rule|Gravity Sleep Clause: The combination of sleep-inducing moves with imperfect accuracy and Gravity or Gigantamax Orbeetle are banned\n|rule|Endless Battle Clause: Forcing endless battles is banned\n|rule|HP Percentage Mod: HP is shown in percentages\n|clearpoke\n|poke|p1|Cresselia, F|\n|poke|p1|Amoonguss, F|\n|poke|p1|Kingambit, F|\n|poke|p1|Ursaluna-Bloodmoon, M|\n|poke|p1|Clefairy, F|\n|poke|p1|Diancie|\n|poke|p2|Alomomola, F|\n|poke|p2|Iron Valiant|\n|poke|p2|Zoroark-Hisui, F|\n|poke|p2|Clodsire, M|\n|poke|p2|Corviknight, F|\n|poke|p2|Meowscarada, M|\n|teampreview\n|inactive|Battle timer is ON: inactive players will automatically lose when time's up. (requested by aldogoom)\n|\n|t:|1701118831\n|start\n|switch|p1a: Cressy|Cresselia, F|100\/100\n|switch|p1b: Mong Sus|Amoonguss, F|100\/100\n|switch|p2a: Hugs|Alomomola, F|100\/100\n|switch|p2b: Gordito|Clodsire, M|100\/100\n|turn|1\n|\n|t:|1701118850\n|move|p1a: Cressy|Light Screen|p1a: Cressy\n|-sidestart|p1: Artemis Vera|move: Light Screen\n|move|p2a: Hugs|Safeguard|p2a: Hugs\n|-sidestart|p2: aldogoom|Safeguard\n|move|p2b: Gordito|Yawn|p1b: Mong Sus\n|-start|p1b: Mong Sus|move: Yawn|[of] p2b: Gordito\n|move|p1b: Mong Sus|Spore|p2a: Hugs\n|-activate|p2a: Hugs|move: Safeguard\n|\n|upkeep\n|turn|2\n|\n|t:|1701118875\n|switch|p1b: Luna|Ursaluna-Bloodmoon, M|100\/100\n|move|p1a: Cressy|Reflect|p1a: Cressy\n|-sidestart|p1: Artemis Vera|Reflect\n|move|p2a: Hugs|Whirlpool|p1a: Cressy\n|-damage|p1a: Cressy|98\/100\n|-activate|p1a: Cressy|move: Whirlpool|[of] p2a: Hugs\n|move|p2b: Gordito|Toxic|p1a: Cressy\n|-status|p1a: Cressy|tox\n|\n|-damage|p1a: Cressy|92\/100 tox|[from] psn\n|-damage|p1a: Cressy|75\/100 tox|[from] move: Whirlpool|[partiallytrapped]\n|upkeep\n|turn|3\n|\n|t:|1701118899\n|move|p1a: Cressy|Lunar Blessing|p1a: Cressy|[spread] p1a,p1b\n|-heal|p1a: Cressy|99\/100 tox\n|-curestatus|p1a: Cressy|tox|[msg]\n|move|p2a: Hugs|Whirlpool|p1b: Luna\n|-supereffective|p1b: Luna\n|-damage|p1b: Luna|94\/100\n|-activate|p1b: Luna|move: Whirlpool|[of] p2a: Hugs\n|move|p1b: Luna|Earth Power|p2b: Gordito\n|-supereffective|p2b: Gordito\n|-damage|p2b: Gordito|24\/100\n|-enditem|p2b: Gordito|Sitrus Berry|[eat]\n|-heal|p2b: Gordito|49\/100|[from] item: Sitrus Berry\n|move|p2b: Gordito|Yawn|p1b: Luna\n|-start|p1b: Luna|move: Yawn|[of] p2b: Gordito\n|\n|-damage|p1a: Cressy|83\/100|[from] move: Whirlpool|[partiallytrapped]\n|-damage|p1b: Luna|78\/100|[from] move: Whirlpool|[partiallytrapped]\n|upkeep\n|turn|4\n|inactive|aldogoom has 120 seconds left.\n|\n|t:|1701118933\n|switch|p2b: Fierro Pariente|Corviknight, F|100\/100\n|move|p1a: Cressy|Lunar Blessing|p1a: Cressy|[spread] p1a,p1b\n|-heal|p1a: Cressy|100\/100\n|-heal|p1b: Luna|100\/100\n|move|p2a: Hugs|Wish|p2a: Hugs\n|move|p1b: Luna|Earth Power|p2b: Fierro Pariente\n|-immune|p2b: Fierro Pariente\n|\n|-damage|p1a: Cressy|84\/100|[from] move: Whirlpool|[partiallytrapped]\n|-damage|p1b: Luna|84\/100|[from] move: Whirlpool|[partiallytrapped]\n|-end|p1b: Luna|move: Yawn|[silent]\n|-status|p1b: Luna|slp\n|upkeep\n|turn|5\n|\n|t:|1701118960\n|move|p1a: Cressy|Lunar Blessing|p1a: Cressy|[spread] p1a,p1b\n|-heal|p1a: Cressy|100\/100\n|-heal|p1b: Luna|100\/100 slp\n|-curestatus|p1b: Luna|slp|[msg]\n|move|p2b: Fierro Pariente|Light Screen|p2b: Fierro Pariente\n|-sidestart|p2: aldogoom|move: Light Screen\n|move|p2a: Hugs|Whirlpool|p1b: Luna\n|-supereffective|p1b: Luna\n|-damage|p1b: Luna|94\/100\n|move|p1b: Luna|Blood Moon|p2b: Fierro Pariente\n|-resisted|p2b: Fierro Pariente\n|-damage|p2b: Fierro Pariente|78\/100\n|\n|-damage|p1a: Cressy|84\/100|[from] move: Whirlpool|[partiallytrapped]\n|-damage|p1b: Luna|78\/100|[from] move: Whirlpool|[partiallytrapped]\n|-sideend|p2: aldogoom|Safeguard\n|upkeep\n|turn|6\n|inactive|aldogoom has 120 seconds left.\n|\n|t:|1701118996\n|move|p2b: Fierro Pariente|Reflect|p2b: Fierro Pariente\n|-sidestart|p2: aldogoom|Reflect\n|move|p2a: Hugs|Wish|p2a: Hugs\n|move|p1b: Luna|Hyper Voice|p2b: Fierro Pariente|[spread] p2a,p2b\n|-resisted|p2b: Fierro Pariente\n|-crit|p2b: Fierro Pariente\n|-damage|p2a: Hugs|82\/100\n|-damage|p2b: Fierro Pariente|55\/100\n|move|p1a: Cressy|Trick Room|p1a: Cressy\n|-fieldstart|move: Trick Room|[of] p1a: Cressy\n|\n|-damage|p1b: Luna|61\/100|[from] move: Whirlpool|[partiallytrapped]\n|-damage|p1a: Cressy|68\/100|[from] move: Whirlpool|[partiallytrapped]\n|upkeep\n|turn|7\n|\n|t:|1701119020\n|switch|p2a: Gordito|Clodsire, M|49\/100\n|move|p1b: Luna|Hyper Voice|p2a: Gordito|[spread] p2a,p2b\n|-resisted|p2b: Fierro Pariente\n|-damage|p2a: Gordito|32\/100\n|-damage|p2b: Fierro Pariente|44\/100\n|move|p2b: Fierro Pariente|Roost|p2b: Fierro Pariente\n|-heal|p2b: Fierro Pariente|94\/100\n|-singleturn|p2b: Fierro Pariente|move: Roost\n|move|p1a: Cressy|Lunar Blessing|p1a: Cressy|[spread] p1a,p1b\n|-heal|p1a: Cressy|92\/100\n|-heal|p1b: Luna|86\/100\n|\n|-heal|p2a: Gordito|90\/100|[from] move: Wish|[wisher] Hugs\n|-end|p1b: Luna|Whirlpool|[partiallytrapped]|[silent]\n|-end|p1a: Cressy|Whirlpool|[partiallytrapped]\n|upkeep\n|turn|8\n|\n|t:|1701119047\n|move|p2a: Gordito|Yawn|p1a: Cressy\n|-start|p1a: Cressy|move: Yawn|[of] p2a: Gordito\n|move|p1b: Luna|Earth Power|p2a: Gordito\n|-supereffective|p2a: Gordito\n|-damage|p2a: Gordito|40\/100\n|move|p2b: Fierro Pariente|Brave Bird|p1b: Luna\n|-damage|p1b: Luna|65\/100\n|-damage|p2b: Fierro Pariente|87\/100|[from] Recoil\n|move|p1a: Cressy|Trick Room|p1a: Cressy\n|-fieldend|move: Trick Room\n|\n|-sideend|p1: Artemis Vera|move: Light Screen\n|upkeep\n|turn|9\n|\n|t:|1701119065\n|switch|p2a: Hugs|Alomomola, F|100\/100\n|move|p1a: Cressy|Lunar Blessing|p1a: Cressy|[spread] p1a,p1b\n|-heal|p1a: Cressy|100\/100\n|-heal|p1b: Luna|90\/100\n|move|p2b: Fierro Pariente|Brave Bird|p1b: Luna\n|-damage|p1b: Luna|70\/100\n|-damage|p2b: Fierro Pariente|80\/100|[from] Recoil\n|move|p1b: Luna|Earth Power|p2a: Hugs\n|-crit|p2a: Hugs\n|-damage|p2a: Hugs|42\/100\n|\n|-end|p1a: Cressy|move: Yawn|[silent]\n|-status|p1a: Cressy|slp\n|-sideend|p1: Artemis Vera|Reflect\n|upkeep\n|turn|10\n|\n|t:|1701119085\n|switch|p2b: Sailor Moon|Iron Valiant|100\/100\n|cant|p1a: Cressy|slp\n|move|p2a: Hugs|Wish|p2a: Hugs\n|move|p1b: Luna|Blood Moon|p2a: Hugs\n|-damage|p2a: Hugs|3\/100\n|\n|upkeep\n|turn|11\n|\n|t:|1701119097\n|move|p2a: Hugs|Protect|p2a: Hugs\n|-singleturn|p2a: Hugs|Protect\n|move|p2b: Sailor Moon|Close Combat|p1b: Luna\n|-supereffective|p1b: Luna\n|-damage|p1b: Luna|0 fnt\n|-unboost|p2b: Sailor Moon|def|1\n|-unboost|p2b: Sailor Moon|spd|1\n|faint|p1b: Luna\n|-damage|p2b: Sailor Moon|91\/100|[from] item: Life Orb\n|cant|p1a: Cressy|slp\n|\n|-heal|p2a: Hugs|53\/100|[from] move: Wish|[wisher] Hugs\n|upkeep\n|inactive|Artemis Vera has 120 seconds left.\n|\n|t:|1701119133\n|switch|p1b: Cleffy|Clefairy, F|100\/100\n|turn|12\n|inactive|aldogoom has 120 seconds left.\n|\n|t:|1701119170\n|-end|p2b: Sailor Moon|Quark Drive|[silent]\n|switch|p2b: Fierro Pariente|Corviknight, F|80\/100\n|switch|p1a: Hakari|Kingambit, F|100\/100\n|-activate|p1a: Hakari|ability: Supreme Overlord\n|-start|p1a: Hakari|fallen1|[silent]\n|move|p1b: Cleffy|Follow Me|p1b: Cleffy\n|-singleturn|p1b: Cleffy|move: Follow Me\n|move|p2a: Hugs|Wish|p2a: Hugs\n|\n|-sideend|p2: aldogoom|move: Light Screen\n|upkeep\n|turn|13\n|\n|t:|1701119201\n|switch|p2a: Gordito|Clodsire, M|40\/100\n|move|p1b: Cleffy|Helping Hand|p1a: Hakari\n|-singleturn|p1a: Hakari|Helping Hand|[of] p1b: Cleffy\n|move|p2b: Fierro Pariente|Light Screen|p2b: Fierro Pariente\n|-sidestart|p2: aldogoom|move: Light Screen\n|move|p1a: Hakari|Kowtow Cleave|p2a: Gordito\n|-damage|p2a: Gordito|1\/100\n|\n|-heal|p2a: Gordito|59\/100|[from] move: Wish|[wisher] Hugs\n|-sideend|p2: aldogoom|Reflect\n|upkeep\n|turn|14\n|\n|t:|1701119227\n|switch|p2a: Hugs|Alomomola, F|86\/100\n|-terastallize|p1a: Hakari|Dark\n|move|p1b: Cleffy|Helping Hand|p1a: Hakari\n|-singleturn|p1a: Hakari|Helping Hand|[of] p1b: Cleffy\n|move|p2b: Fierro Pariente|Reflect|p2b: Fierro Pariente\n|-sidestart|p2: aldogoom|Reflect\n|move|p1a: Hakari|Kowtow Cleave|p2a: Hugs\n|-damage|p2a: Hugs|39\/100\n|\n|upkeep\n|turn|15\n|inactive|aldogoom has 120 seconds left.\n|\n|t:|1701119260\n|move|p1b: Cleffy|Helping Hand|p1a: Hakari\n|-singleturn|p1a: Hakari|Helping Hand|[of] p1b: Cleffy\n|move|p2a: Hugs|Protect|p2a: Hugs\n|-singleturn|p2a: Hugs|Protect\n|move|p2b: Fierro Pariente|Brave Bird|p1a: Hakari\n|-damage|p1a: Hakari|74\/100\n|-damage|p2b: Fierro Pariente|72\/100|[from] Recoil\n|move|p1a: Hakari|Kowtow Cleave|p2a: Hugs\n|-activate|p2a: Hugs|move: Protect\n|\n|upkeep\n|turn|16\n|\n|t:|1701119275\n|switch|p2a: Sailor Moon|Iron Valiant|91\/100\n|move|p1b: Cleffy|Follow Me|p1b: Cleffy\n|-singleturn|p1b: Cleffy|move: Follow Me\n|move|p2b: Fierro Pariente|Brave Bird|p1b: Cleffy\n|-damage|p1b: Cleffy|55\/100\n|-damage|p2b: Fierro Pariente|61\/100|[from] Recoil\n|move|p1a: Hakari|Brick Break|p2b: Fierro Pariente\n|-sideend|p2: aldogoom|Reflect\n|-sideend|p2: aldogoom|move: Light Screen\n|-damage|p2b: Fierro Pariente|37\/100\n|\n|upkeep\n|turn|17\n|\n|t:|1701119295\n|move|p1b: Cleffy|Follow Me|p1b: Cleffy\n|-singleturn|p1b: Cleffy|move: Follow Me\n|move|p2a: Sailor Moon|Spirit Break|p1b: Cleffy\n|-damage|p1b: Cleffy|9\/100\n|-unboost|p1b: Cleffy|spa|1\n|-damage|p2a: Sailor Moon|81\/100|[from] item: Life Orb\n|move|p2b: Fierro Pariente|Reflect|p2b: Fierro Pariente\n|-sidestart|p2: aldogoom|Reflect\n|move|p1a: Hakari|Iron Head|p2a: Sailor Moon\n|-supereffective|p2a: Sailor Moon\n|-damage|p2a: Sailor Moon|17\/100\n|\n|upkeep\n|turn|18\n|\n|t:|1701119311\n|move|p1b: Cleffy|Follow Me|p1b: Cleffy\n|-singleturn|p1b: Cleffy|move: Follow Me\n|move|p2a: Sailor Moon|Spirit Break|p1b: Cleffy\n|-damage|p1b: Cleffy|0 fnt\n|faint|p1b: Cleffy\n|-damage|p2a: Sailor Moon|7\/100|[from] item: Life Orb\n|move|p2b: Fierro Pariente|Roost|p2b: Fierro Pariente\n|-heal|p2b: Fierro Pariente|87\/100\n|-singleturn|p2b: Fierro Pariente|move: Roost\n|move|p1a: Hakari|Iron Head|p2a: Sailor Moon\n|-supereffective|p2a: Sailor Moon\n|-crit|p2a: Sailor Moon\n|-damage|p2a: Sailor Moon|0 fnt\n|faint|p2a: Sailor Moon\n|-end|p2a: Sailor Moon|Quark Drive|[silent]\n|\n|upkeep\n|\n|t:|1701119332\n|switch|p2a: Hugs|Alomomola, F|73\/100\n|switch|p1b: Mong Sus|Amoonguss, F|100\/100\n|turn|19\n|\n|t:|1701119360\n|-end|p1a: Hakari|fallen1|[silent]\n|switch|p1a: Cressy|Cresselia, F|100\/100 slp\n|move|p2b: Fierro Pariente|Brave Bird|p1b: Mong Sus\n|-supereffective|p1b: Mong Sus\n|-damage|p1b: Mong Sus|30\/100\n|-damage|p2b: Fierro Pariente|63\/100|[from] Recoil\n|move|p2a: Hugs|Safeguard|p2a: Hugs\n|-sidestart|p2: aldogoom|Safeguard\n|move|p1b: Mong Sus|Spore|p2a: Hugs\n|-activate|p2a: Hugs|move: Safeguard\n|\n|-heal|p1b: Mong Sus|36\/100|[from] item: Black Sludge\n|upkeep\n|turn|20\n|\n|t:|1701119379\n|cant|p1a: Cressy|slp\n|move|p2b: Fierro Pariente|Brave Bird|p1b: Mong Sus\n|-supereffective|p1b: Mong Sus\n|-damage|p1b: Mong Sus|0 fnt\n|faint|p1b: Mong Sus\n|-damage|p2b: Fierro Pariente|51\/100|[from] Recoil\n|move|p2a: Hugs|Wish|p2a: Hugs\n|\n|upkeep\n|\n|t:|1701119392\n|switch|p1b: DeeDee|Diancie|100\/100\n|turn|21\n|\n|t:|1701119407\n|switch|p2b: Gordito|Clodsire, M|59\/100\n|-curestatus|p1a: Cressy|slp|[msg]\n|move|p1a: Cressy|Reflect|p1a: Cressy\n|-sidestart|p1: Artemis Vera|Reflect\n|move|p2a: Hugs|Whirlpool|p1b: DeeDee\n|-supereffective|p1b: DeeDee\n|-damage|p1b: DeeDee|90\/100\n|-activate|p1b: DeeDee|move: Whirlpool|[of] p2a: Hugs\n|move|p1b: DeeDee|Diamond Storm|p2b: Gordito|[spread] p2a,p2b\n|-crit|p2a: Hugs\n|-resisted|p2b: Gordito\n|-damage|p2a: Hugs|42\/100\n|-damage|p2b: Gordito|52\/100\n|-boost|p1b: DeeDee|def|2\n|\n|-heal|p2a: Hugs|92\/100|[from] move: Wish|[wisher] Hugs\n|-heal|p1b: DeeDee|96\/100|[from] item: Leftovers\n|-damage|p1b: DeeDee|80\/100|[from] move: Whirlpool|[partiallytrapped]\n|upkeep\n|turn|22\n|inactive|Artemis Vera has 120 seconds left.\n|\n|t:|1701119449\n|move|p1a: Cressy|Lunar Blessing|p1a: Cressy|[spread] p1a,p1b\n|-heal|p1b: DeeDee|100\/100\n|move|p2a: Hugs|Whirlpool|p1a: Cressy\n|-damage|p1a: Cressy|96\/100\n|-activate|p1a: Cressy|move: Whirlpool|[of] p2a: Hugs\n|move|p1b: DeeDee|Dazzling Gleam|p2b: Gordito|[spread] p2a,p2b\n|-resisted|p2b: Gordito\n|-damage|p2a: Hugs|74\/100\n|-damage|p2b: Gordito|43\/100\n|move|p2b: Gordito|Yawn|p1a: Cressy\n|-start|p1a: Cressy|move: Yawn|[of] p2b: Gordito\n|\n|-damage|p1a: Cressy|80\/100|[from] move: Whirlpool|[partiallytrapped]\n|-damage|p1b: DeeDee|84\/100|[from] move: Whirlpool|[partiallytrapped]\n|upkeep\n|turn|23\n|inactive|Artemis Vera has 120 seconds left.\n|\n|t:|1701119469\n|switch|p2b: Dark Magician|Meowscarada, M, shiny|100\/100\n|move|p1a: Cressy|Light Screen|p1a: Cressy\n|-sidestart|p1: Artemis Vera|move: Light Screen\n|move|p2a: Hugs|Wish|p2a: Hugs\n|move|p1b: DeeDee|Diamond Storm|p2a: Hugs|[spread] p2a,p2b\n|-damage|p2a: Hugs|59\/100\n|-damage|p2b: Dark Magician|78\/100\n|-boost|p1b: DeeDee|def|2\n|\n|-heal|p1b: DeeDee|90\/100|[from] item: Leftovers\n|-damage|p1a: Cressy|63\/100|[from] move: Whirlpool|[partiallytrapped]\n|-damage|p1b: DeeDee|74\/100|[from] move: Whirlpool|[partiallytrapped]\n|-end|p1a: Cressy|move: Yawn|[silent]\n|-status|p1a: Cressy|slp\n|-sideend|p2: aldogoom|Safeguard\n|upkeep\n|turn|24\n|\n|t:|1701119486\n|switch|p2a: Gordito|Clodsire, M|43\/100\n|move|p2b: Dark Magician|Flower Trick|p1b: DeeDee\n|-start|p2b: Dark Magician|typechange|Grass|[from] ability: Protean\n|-supereffective|p1b: DeeDee\n|-crit|p1b: DeeDee\n|-damage|p1b: DeeDee|3\/100\n|cant|p1a: Cressy|slp\n|move|p1b: DeeDee|Dazzling Gleam|p2b: Dark Magician|[spread] p2a,p2b\n|-resisted|p2a: Gordito\n|-damage|p2a: Gordito|34\/100\n|-damage|p2b: Dark Magician|51\/100\n|\n|-heal|p2a: Gordito|92\/100|[from] move: Wish|[wisher] Hugs\n|-heal|p1b: DeeDee|9\/100|[from] item: Leftovers\n|-end|p1a: Cressy|Whirlpool|[partiallytrapped]|[silent]\n|-end|p1b: DeeDee|Whirlpool|[partiallytrapped]|[silent]\n|-sideend|p2: aldogoom|Reflect\n|upkeep\n|turn|25\n|\n|t:|1701119512\n|switch|p2a: Hugs|Alomomola, F|92\/100\n|move|p2b: Dark Magician|Flower Trick|p1b: DeeDee\n|-supereffective|p1b: DeeDee\n|-crit|p1b: DeeDee\n|-damage|p1b: DeeDee|0 fnt\n|faint|p1b: DeeDee\n|-curestatus|p1a: Cressy|slp|[msg]\n|move|p1a: Cressy|Lunar Blessing|p1a: Cressy\n|-heal|p1a: Cressy|88\/100\n|\n|upkeep\n|\n|t:|1701119517\n|switch|p1b: Hakari|Kingambit, F, tera:Dark|74\/100\n|-activate|p1b: Hakari|ability: Supreme Overlord\n|-start|p1b: Hakari|fallen4|[silent]\n|turn|26\n|\n|t:|1701119534\n|move|p1b: Hakari|Sucker Punch|p2b: Dark Magician\n|-damage|p2b: Dark Magician|0 fnt\n|faint|p2b: Dark Magician\n|move|p2a: Hugs|Whirlpool|p1b: Hakari\n|-damage|p1b: Hakari|72\/100\n|-activate|p1b: Hakari|move: Whirlpool|[of] p2a: Hugs\n|move|p1a: Cressy|Trick Room|p1a: Cressy\n|-fieldstart|move: Trick Room|[of] p1a: Cressy\n|\n|-damage|p1b: Hakari|55\/100|[from] move: Whirlpool|[partiallytrapped]\n|upkeep\n|\n|t:|1701119548\n|switch|p2b: Fierro Pariente|Corviknight, F|51\/100\n|turn|27\n|\n|t:|1701119558\n|move|p1b: Hakari|Kowtow Cleave|p2b: Fierro Pariente\n|-damage|p2b: Fierro Pariente|0 fnt\n|faint|p2b: Fierro Pariente\n|move|p2a: Hugs|Wish|p2a: Hugs\n|move|p1a: Cressy|Lunar Blessing|p1a: Cressy|[spread] p1a,p1b\n|-heal|p1a: Cressy|100\/100\n|-heal|p1b: Hakari|80\/100\n|\n|-damage|p1b: Hakari|64\/100|[from] move: Whirlpool|[partiallytrapped]\n|upkeep\n|\n|t:|1701119569\n|switch|p2b: Gordito|Clodsire, M|100\/100\n|turn|28\n|\n|t:|1701119596\n|move|p2b: Gordito|Protect|p2b: Gordito\n|-singleturn|p2b: Gordito|Protect\n|move|p1b: Hakari|Kowtow Cleave|p2b: Gordito\n|-activate|p2b: Gordito|move: Protect\n|move|p2a: Hugs|Whirlpool|p1a: Cressy\n|-damage|p1a: Cressy|98\/100\n|-activate|p1a: Cressy|move: Whirlpool|[of] p2a: Hugs\n|move|p1a: Cressy|Trick Room|p1a: Cressy\n|-fieldend|move: Trick Room\n|\n|-heal|p2a: Hugs|100\/100|[from] move: Wish|[wisher] Hugs\n|-damage|p1a: Cressy|81\/100|[from] move: Whirlpool|[partiallytrapped]\n|-damage|p1b: Hakari|47\/100|[from] move: Whirlpool|[partiallytrapped]\n|-sideend|p1: Artemis Vera|Reflect\n|upkeep\n|turn|29\n|\n|t:|1701119624\n|move|p2b: Gordito|Will-O-Wisp|p1b: Hakari|[miss]\n|-miss|p2b: Gordito|p1b: Hakari\n|move|p1a: Cressy|Reflect|p1a: Cressy\n|-sidestart|p1: Artemis Vera|Reflect\n|move|p2a: Hugs|Wish|p2a: Hugs\n|move|p1b: Hakari|Kowtow Cleave|p2b: Gordito\n|-supereffective|p2b: Gordito\n|-enditem|p2b: Gordito|Focus Sash\n|-damage|p2b: Gordito|1\/100\n|replace|p2b: Danny Phantom|Zoroark-Hisui, F, shiny\n|-end|p2b: Danny Phantom|Illusion\n|\n|-damage|p1a: Cressy|65\/100|[from] move: Whirlpool|[partiallytrapped]\n|-damage|p1b: Hakari|30\/100|[from] move: Whirlpool|[partiallytrapped]\n|upkeep\n|turn|30\n|\n|t:|1701119644\n|switch|p2a: Gordito|Clodsire, M|92\/100\n|move|p1b: Hakari|Sucker Punch||[still]\n|-fail|p1b: Hakari\n|move|p2b: Danny Phantom|Will-O-Wisp|p1b: Hakari\n|-status|p1b: Hakari|brn\n|move|p1a: Cressy|Trick Room|p1a: Cressy\n|-fieldstart|move: Trick Room|[of] p1a: Cressy\n|\n|-heal|p2a: Gordito|100\/100|[from] move: Wish|[wisher] Hugs\n|-damage|p1b: Hakari|24\/100 brn|[from] brn\n|-end|p1b: Hakari|Whirlpool|[partiallytrapped]|[silent]\n|-end|p1a: Cressy|Whirlpool|[partiallytrapped]|[silent]\n|-sideend|p1: Artemis Vera|move: Light Screen\n|upkeep\n|turn|31\n|\n|t:|1701119669\n|move|p2b: Danny Phantom|Protect|p2b: Danny Phantom\n|-singleturn|p2b: Danny Phantom|Protect\n|move|p2a: Gordito|Toxic|p1a: Cressy\n|-status|p1a: Cressy|tox\n|move|p1b: Hakari|Kowtow Cleave|p2a: Gordito\n|-damage|p2a: Gordito|70\/100\n|move|p1a: Cressy|Trick Room|p1a: Cressy\n|-fieldend|move: Trick Room\n|\n|-damage|p1a: Cressy|59\/100 tox|[from] psn\n|-damage|p1b: Hakari|18\/100 brn|[from] brn\n|upkeep\n|turn|32\n|\n|t:|1701119691\n|switch|p2b: Hugs|Alomomola, F|100\/100\n|move|p1a: Cressy|Light Screen|p1a: Cressy\n|-sidestart|p1: Artemis Vera|move: Light Screen\n|move|p1b: Hakari|Kowtow Cleave|p2a: Gordito\n|-damage|p2a: Gordito|38\/100\n|move|p2a: Gordito|Recover|p2a: Gordito\n|-heal|p2a: Gordito|88\/100\n|\n|-damage|p1a: Cressy|47\/100 tox|[from] psn\n|-damage|p1b: Hakari|12\/100 brn|[from] brn\n|upkeep\n|turn|33\n|c|\u2606Artemis Vera|gg\n|-message|Artemis Vera forfeited.\n|\n|win|aldogoom\n|raw|Artemis Vera's rating: 1427 &rarr; <strong>1404<\/strong><br \/>(-23 for losing)\n|raw|aldogoom's rating: 1370 &rarr; <strong>1393<\/strong><br \/>(+23 for winning)\n|l|\u2606Artemis Vera\n","uploadtime":1701119724,"views":3,"p1id":"artemisvera","p2id":"aldogoom","formatid":"gen9doublesou","rating":1393,"private":0,"password":""}