{"id":"gen9doublesou-1971927731","p1":"mahameloplatano","p2":"Jaiper_Showdown","format":"[Gen 9] Doubles OU","log":"|j|\u2606mahameloplatano\n|j|\u2606Jaiper_Showdown\n|t:|1697793371\n|gametype|doubles\n|player|p1|mahameloplatano|1|1563\n|player|p2|Jaiper_Showdown|nate|1667\n|teamsize|p1|6\n|teamsize|p2|6\n|gen|9\n|tier|[Gen 9] Doubles OU\n|rated|\n|rule|Species Clause: Limit one of each Pok\u00e9mon\n|rule|OHKO Clause: OHKO moves are banned\n|rule|Evasion Moves Clause: Evasion moves are banned\n|rule|Gravity Sleep Clause: The combination of sleep-inducing moves with imperfect accuracy and Gravity or Gigantamax Orbeetle are banned\n|rule|Endless Battle Clause: Forcing endless battles is banned\n|rule|HP Percentage Mod: HP is shown in percentages\n|clearpoke\n|poke|p1|Iron Hands|\n|poke|p1|Rillaboom, F|\n|poke|p1|Volcanion|\n|poke|p1|Sinistcha-Masterpiece|\n|poke|p1|Heatran, M|\n|poke|p1|Ninetales-Alola, M|\n|poke|p2|Glastrier|\n|poke|p2|Gallade, M|\n|poke|p2|Ting-Lu|\n|poke|p2|Ninetales-Alola, M|\n|poke|p2|Ogerpon-Hearthflame, F|\n|poke|p2|Salamence, M|\n|teampreview\n|inactive|Battle timer is ON: inactive players will automatically lose when time's up. (requested by mahameloplatano)\n|\n|t:|1697793399\n|start\n|switch|p1a: Heatran|Heatran, M|100\/100\n|switch|p1b: Ninetales|Ninetales-Alola, M|100\/100\n|switch|p2a: Gallade|Gallade, M|100\/100\n|switch|p2b: Ninetales|Ninetales-Alola, M|100\/100\n|-weather|Snow|[from] ability: Snow Warning|[of] p1b: Ninetales\n|turn|1\n|\n|t:|1697793416\n|move|p2b: Ninetales|Protect|p2b: Ninetales\n|-singleturn|p2b: Ninetales|Protect\n|move|p1b: Ninetales|Aurora Veil|p1b: Ninetales\n|-sidestart|p1: mahameloplatano|move: Aurora Veil\n|move|p2a: Gallade|Sacred Sword|p1a: Heatran\n|-supereffective|p1a: Heatran\n|-crit|p1a: Heatran\n|-damage|p1a: Heatran|0 fnt\n|faint|p1a: Heatran\n|\n|-weather|Snow|[upkeep]\n|upkeep\n|\n|t:|1697793429\n|switch|p1a: Iron Hands|Iron Hands|100\/100\n|turn|2\n|\n|t:|1697793442\n|-terastallize|p1a: Iron Hands|Electric\n|move|p1b: Ninetales|Calm Mind|p1b: Ninetales\n|-boost|p1b: Ninetales|spa|1\n|-boost|p1b: Ninetales|spd|1\n|move|p2b: Ninetales|Aurora Veil|p2b: Ninetales\n|-sidestart|p2: Jaiper_Showdown|move: Aurora Veil\n|move|p2a: Gallade|Psycho Cut|p1a: Iron Hands\n|-damage|p1a: Iron Hands|75\/100\n|move|p1a: Iron Hands|Wild Charge|p2a: Gallade\n|-damage|p2a: Gallade|18\/100\n|-damage|p1a: Iron Hands|62\/100|[from] Recoil\n|\n|-weather|Snow|[upkeep]\n|upkeep\n|turn|3\n|\n|t:|1697793465\n|move|p2a: Gallade|Wide Guard|p2a: Gallade\n|-singleturn|p2a: Gallade|Wide Guard\n|move|p2b: Ninetales|Moonblast|p1b: Ninetales\n|-damage|p1b: Ninetales|86\/100\n|-unboost|p1b: Ninetales|spa|1\n|move|p1b: Ninetales|Draining Kiss|p2a: Gallade\n|-supereffective|p2a: Gallade\n|-damage|p2a: Gallade|0 fnt\n|-heal|p1b: Ninetales|98\/100|[from] drain|[of] p2a: Gallade\n|faint|p2a: Gallade\n|move|p1a: Iron Hands|Drain Punch|p2b: Ninetales\n|-damage|p2b: Ninetales|79\/100\n|-heal|p1a: Iron Hands|70\/100|[from] drain|[of] p2b: Ninetales\n|\n|-weather|Snow|[upkeep]\n|upkeep\n|\n|t:|1697793475\n|switch|p2a: Ogerpon|Ogerpon-Hearthflame, F|100\/100\n|-ability|p2a: Ogerpon|Mold Breaker\n|turn|4\n|\n|t:|1697793491\n|switch|p1b: Volcanion|Volcanion|100\/100\n|switch|p2b: Glastrier|Glastrier|100\/100\n|move|p2a: Ogerpon|Swords Dance|p2a: Ogerpon\n|-boost|p2a: Ogerpon|atk|2\n|move|p1a: Iron Hands|Bulldoze|p2a: Ogerpon|[spread] p1b,p2a,p2b\n|-supereffective|p1b: Volcanion\n|-damage|p1b: Volcanion|82\/100\n|-damage|p2a: Ogerpon|86\/100\n|-damage|p2b: Glastrier|96\/100\n|-unboost|p1b: Volcanion|spe|1\n|-unboost|p2a: Ogerpon|spe|1\n|-unboost|p2b: Glastrier|spe|1\n|\n|-weather|Snow|[upkeep]\n|upkeep\n|turn|5\n|\n|t:|1697793517\n|switch|p2b: Salamence|Salamence, M, shiny|100\/100\n|-ability|p2b: Salamence|Intimidate|boost\n|-unboost|p1a: Iron Hands|atk|1\n|-unboost|p1b: Volcanion|atk|1\n|move|p2a: Ogerpon|Spiky Shield|p2a: Ogerpon\n|-singleturn|p2a: Ogerpon|move: Protect\n|move|p1a: Iron Hands|Drain Punch|p2b: Salamence\n|-resisted|p2b: Salamence\n|-damage|p2b: Salamence|89\/100\n|-heal|p1a: Iron Hands|75\/100|[from] drain|[of] p2b: Salamence\n|move|p1b: Volcanion|Heat Wave|p2b: Salamence|[spread] p2b\n|-activate|p2a: Ogerpon|move: Protect\n|-resisted|p2b: Salamence\n|-damage|p2b: Salamence|71\/100\n|\n|-weather|none\n|upkeep\n|turn|6\n|\n|t:|1697793543\n|switch|p1b: Rillaboom|Rillaboom, F|100\/100\n|-fieldstart|move: Grassy Terrain|[from] ability: Grassy Surge|[of] p1b: Rillaboom\n|move|p2b: Salamence|Draco Meteor|p1b: Rillaboom\n|-damage|p1b: Rillaboom|62\/100\n|-unboost|p2b: Salamence|spa|2\n|move|p2a: Ogerpon|Ivy Cudgel|p1a: Iron Hands\n|-damage|p1a: Iron Hands|21\/100\n|move|p1a: Iron Hands|Drain Punch|p2a: Ogerpon\n|-damage|p2a: Ogerpon|62\/100\n|-heal|p1a: Iron Hands|29\/100|[from] drain|[of] p2a: Ogerpon\n|\n|-heal|p1b: Rillaboom|68\/100|[from] Grassy Terrain\n|-heal|p2a: Ogerpon|68\/100|[from] Grassy Terrain\n|-heal|p1a: Iron Hands|35\/100|[from] Grassy Terrain\n|upkeep\n|turn|7\n|\n|t:|1697793571\n|switch|p2b: Glastrier|Glastrier|96\/100\n|-end|p1a: Iron Hands|Quark Drive|[silent]\n|switch|p1a: Ninetales|Ninetales-Alola, M|98\/100\n|-weather|Snow|[from] ability: Snow Warning|[of] p1a: Ninetales\n|move|p2a: Ogerpon|Spiky Shield|p2a: Ogerpon\n|-singleturn|p2a: Ogerpon|move: Protect\n|move|p1b: Rillaboom|Fake Out|p2a: Ogerpon\n|-activate|p2a: Ogerpon|move: Protect\n|-damage|p1b: Rillaboom|56\/100|[from] Spiky Shield|[of] p2a: Ogerpon\n|\n|-weather|Snow|[upkeep]\n|-heal|p1a: Ninetales|100\/100|[from] Grassy Terrain\n|-heal|p1b: Rillaboom|62\/100|[from] Grassy Terrain\n|-heal|p2a: Ogerpon|74\/100|[from] Grassy Terrain\n|-heal|p2b: Glastrier|100\/100|[from] Grassy Terrain\n|upkeep\n|turn|8\n|inactive|mahameloplatano has 120 seconds left.\n|\n|t:|1697793606\n|switch|p1a: Sinistcha|Sinistcha-Masterpiece|100\/100\n|-heal|p1b: Rillaboom|87\/100|[from] ability: Hospitality|[of] p1a: Sinistcha\n|move|p1b: Rillaboom|U-turn|p2a: Ogerpon\n|-damage|p2a: Ogerpon|53\/100\n|inactive|mahameloplatano has 120 seconds left.\n|\n|t:|1697793612\n|switch|p1b: Volcanion|Volcanion|82\/100|[from] U-turn\n|move|p2a: Ogerpon|Horn Leech|p1b: Volcanion\n|-damage|p1b: Volcanion|17\/100\n|-heal|p2a: Ogerpon|93\/100|[from] drain|[of] p1b: Volcanion\n|move|p2b: Glastrier|Heavy Slam|p1a: Sinistcha\n|-damage|p1a: Sinistcha|68\/100\n|\n|-weather|Snow|[upkeep]\n|-heal|p2a: Ogerpon|99\/100|[from] Grassy Terrain\n|-heal|p1b: Volcanion|23\/100|[from] Grassy Terrain\n|-heal|p1a: Sinistcha|74\/100|[from] Grassy Terrain\n|-heal|p1a: Sinistcha|80\/100|[from] item: Leftovers\n|-sideend|p1: mahameloplatano|move: Aurora Veil\n|upkeep\n|turn|9\n|\n|t:|1697793635\n|move|p2a: Ogerpon|Ivy Cudgel|p1b: Volcanion\n|-resisted|p1b: Volcanion\n|-damage|p1b: Volcanion|0 fnt\n|faint|p1b: Volcanion\n|move|p1a: Sinistcha|Matcha Gotcha|p2b: Glastrier|[spread] p2a,p2b\n|-resisted|p2a: Ogerpon\n|-damage|p2a: Ogerpon|90\/100\n|-heal|p1a: Sinistcha|84\/100|[from] drain|[of] p2a: Ogerpon\n|-damage|p2b: Glastrier|86\/100\n|-heal|p1a: Sinistcha|93\/100|[from] drain|[of] p2b: Glastrier\n|move|p2b: Glastrier|Icicle Crash|p1a: Sinistcha\n|-supereffective|p1a: Sinistcha\n|-damage|p1a: Sinistcha|0 fnt\n|faint|p1a: Sinistcha\n|-ability|p2b: Glastrier|Chilling Neigh|boost\n|-boost|p2b: Glastrier|atk|1\n|\n|-weather|Snow|[upkeep]\n|-heal|p2a: Ogerpon|96\/100|[from] Grassy Terrain\n|-heal|p2b: Glastrier|92\/100|[from] Grassy Terrain\n|-sideend|p2: Jaiper_Showdown|move: Aurora Veil\n|upkeep\n|inactive|mahameloplatano has 120 seconds left.\n|\n|t:|1697793663\n|switch|p1a: Iron Hands|Iron Hands, tera:Electric|35\/100\n|switch|p1b: Rillaboom|Rillaboom, F|87\/100\n|turn|10\n|inactive|mahameloplatano has 120 seconds left.\n|\n|t:|1697793684\n|move|p1b: Rillaboom|Wood Hammer|p2a: Ogerpon\n|-resisted|p2a: Ogerpon\n|-damage|p2a: Ogerpon|71\/100\n|-damage|p1b: Rillaboom|80\/100|[from] Recoil\n|move|p2a: Ogerpon|Ivy Cudgel|p1b: Rillaboom\n|-supereffective|p1b: Rillaboom\n|-damage|p1b: Rillaboom|0 fnt\n|faint|p1b: Rillaboom\n|move|p1a: Iron Hands|Drain Punch|p2b: Glastrier\n|-supereffective|p2b: Glastrier\n|-damage|p2b: Glastrier|58\/100\n|-heal|p1a: Iron Hands|50\/100|[from] drain|[of] p2b: Glastrier\n|move|p2b: Glastrier|High Horsepower|p1a: Iron Hands\n|-supereffective|p1a: Iron Hands\n|-damage|p1a: Iron Hands|0 fnt\n|faint|p1a: Iron Hands\n|-end|p1a: Iron Hands|Quark Drive|[silent]\n|-ability|p2b: Glastrier|Chilling Neigh|boost\n|-boost|p2b: Glastrier|atk|1\n|\n|-weather|Snow|[upkeep]\n|-heal|p2a: Ogerpon|77\/100|[from] Grassy Terrain\n|-heal|p2b: Glastrier|64\/100|[from] Grassy Terrain\n|-fieldend|move: Grassy Terrain\n|upkeep\n|-message|mahameloplatano forfeited.\n|\n|win|Jaiper_Showdown\n|raw|mahameloplatano's rating: 1563 &rarr; <strong>1549<\/strong><br \/>(-14 for losing)\n|raw|Jaiper_Showdown's rating: 1667 &rarr; <strong>1681<\/strong><br \/>(+14 for winning)\n|l|\u2606mahameloplatano\n","uploadtime":1697793839,"views":23,"p1id":"mahameloplatano","p2id":"jaipershowdown","formatid":"gen9doublesou","rating":1549,"private":0,"password":""}