{"id":"gen9doublesou-1980101998","p1":"Derpanium","p2":"zarif07","format":"[Gen 9] Doubles OU","log":"|j|\u2606Derpanium\n|j|\u2606zarif07\n|t:|1698757395\n|gametype|doubles\n|player|p1|Derpanium|102|1166\n|player|p2|zarif07|cynthia-gen4|1135\n|teamsize|p1|6\n|teamsize|p2|6\n|gen|9\n|tier|[Gen 9] Doubles OU\n|rated|\n|rule|Species Clause: Limit one of each Pok\u00e9mon\n|rule|OHKO Clause: OHKO moves are banned\n|rule|Evasion Moves Clause: Evasion moves are banned\n|rule|Gravity Sleep Clause: The combination of sleep-inducing moves with imperfect accuracy and Gravity or Gigantamax Orbeetle are banned\n|rule|Endless Battle Clause: Forcing endless battles is banned\n|rule|HP Percentage Mod: HP is shown in percentages\n|clearpoke\n|poke|p1|Grimmsnarl, M|\n|poke|p1|Okidogi, M|\n|poke|p1|Iron Bundle|\n|poke|p1|Pelipper, F|\n|poke|p1|Flutter Mane|\n|poke|p1|Roaring Moon|\n|poke|p2|Sinistcha|\n|poke|p2|Landorus-Therian, M|\n|poke|p2|Chi-Yu|\n|poke|p2|Grimmsnarl, M|\n|poke|p2|Ogerpon-Wellspring, F|\n|poke|p2|Walking Wake|\n|teampreview\n|\n|t:|1698757422\n|start\n|switch|p1a: Iron Bundle|Iron Bundle|100\/100\n|switch|p1b: Pelipper|Pelipper, F|100\/100\n|switch|p2a: Landorus|Landorus-Therian, M|100\/100\n|switch|p2b: Grimmsnarl|Grimmsnarl, M|100\/100\n|-ability|p2a: Landorus|Intimidate|boost\n|-unboost|p1a: Iron Bundle|atk|1\n|-unboost|p1b: Pelipper|atk|1\n|-weather|RainDance|[from] ability: Drizzle|[of] p1b: Pelipper\n|turn|1\n|\n|t:|1698757441\n|switch|p2a: Walking Wake|Walking Wake|100\/100\n|move|p2b: Grimmsnarl|Light Screen|p2b: Grimmsnarl\n|-sidestart|p2: zarif07|move: Light Screen\n|move|p1a: Iron Bundle|Icy Wind|p2b: Grimmsnarl|[spread] p2a,p2b\n|-damage|p2a: Walking Wake|87\/100\n|-damage|p2b: Grimmsnarl|89\/100\n|-unboost|p2a: Walking Wake|spe|1\n|-unboost|p2b: Grimmsnarl|spe|1\n|move|p1b: Pelipper|Tailwind|p1b: Pelipper\n|-sidestart|p1: Derpanium|move: Tailwind\n|\n|-weather|RainDance|[upkeep]\n|upkeep\n|turn|2\n|\n|t:|1698757497\n|move|p2b: Grimmsnarl|Parting Shot|p1a: Iron Bundle\n|-unboost|p1a: Iron Bundle|atk|1\n|-unboost|p1a: Iron Bundle|spa|1\n|\n|t:|1698757505\n|switch|p2b: Ogerpon|Ogerpon-Wellspring, F|100\/100|[from] Parting Shot\n|move|p1a: Iron Bundle|Freeze-Dry|p2a: Walking Wake\n|-supereffective|p2a: Walking Wake\n|-damage|p2a: Walking Wake|26\/100\n|move|p1b: Pelipper|Hurricane|p2a: Walking Wake\n|-damage|p2a: Walking Wake|0 fnt\n|faint|p2a: Walking Wake\n|-end|p2a: Walking Wake|Protosynthesis|[silent]\n|\n|-weather|RainDance|[upkeep]\n|upkeep\n|\n|t:|1698757521\n|switch|p2a: Sinistcha|Sinistcha|100\/100\n|turn|3\n|\n|t:|1698757542\n|-end|p1a: Iron Bundle|Quark Drive|[silent]\n|switch|p1a: Grimmsnarl|Grimmsnarl, M|100\/100\n|move|p2b: Ogerpon|Follow Me|p2b: Ogerpon\n|-singleturn|p2b: Ogerpon|move: Follow Me\n|move|p1b: Pelipper|Hurricane|p2b: Ogerpon\n|-supereffective|p2b: Ogerpon\n|-damage|p2b: Ogerpon|23\/100\n|-start|p2b: Ogerpon|confusion\n|move|p2a: Sinistcha|Matcha Gotcha|p1a: Grimmsnarl|[spread] p1a\n|-miss|p2a: Sinistcha|p1b: Pelipper\n|-damage|p1a: Grimmsnarl|78\/100\n|\n|-weather|RainDance|[upkeep]\n|upkeep\n|turn|4\n|\n|t:|1698757566\n|-activate|p2b: Ogerpon|confusion\n|move|p2b: Ogerpon|Horn Leech|p1b: Pelipper\n|-damage|p1b: Pelipper|51\/100\n|-heal|p2b: Ogerpon|50\/100|[from] drain|[of] p1b: Pelipper\n|move|p1b: Pelipper|Hurricane|p2a: Sinistcha\n|-supereffective|p2a: Sinistcha\n|-damage|p2a: Sinistcha|44\/100\n|-start|p2a: Sinistcha|confusion\n|move|p1a: Grimmsnarl|Spirit Break|p2b: Ogerpon\n|-crit|p2b: Ogerpon\n|-damage|p2b: Ogerpon|0 fnt\n|faint|p2b: Ogerpon\n|-activate|p2a: Sinistcha|confusion\n|-damage|p2a: Sinistcha|40\/100|[from] confusion\n|\n|-weather|RainDance|[upkeep]\n|-sideend|p1: Derpanium|move: Tailwind\n|upkeep\n|\n|t:|1698757594\n|switch|p2b: Chi-Yu|Chi-Yu|100\/100\n|-ability|p2b: Chi-Yu|Beads of Ruin\n|turn|5\n|\n|t:|1698757613\n|move|p1a: Grimmsnarl|Light Screen|p1a: Grimmsnarl\n|-sidestart|p1: Derpanium|move: Light Screen\n|move|p2b: Chi-Yu|Dark Pulse|p1b: Pelipper\n|-damage|p1b: Pelipper|0 fnt\n|faint|p1b: Pelipper\n|-activate|p2a: Sinistcha|confusion\n|move|p2a: Sinistcha|Strength Sap|p1a: Grimmsnarl\n|-unboost|p1a: Grimmsnarl|atk|1\n|-heal|p2a: Sinistcha|100\/100\n|\n|-weather|RainDance|[upkeep]\n|-sideend|p2: zarif07|move: Light Screen\n|upkeep\n|\n|t:|1698757623\n|switch|p1b: Flutter Mane|Flutter Mane|100\/100\n|turn|6\n|\n|t:|1698757647\n|-terastallize|p1b: Flutter Mane|Fairy\n|move|p1a: Grimmsnarl|Parting Shot|p2b: Chi-Yu\n|-hint|Since gen 7, Dark is immune to Prankster moves.\n|-immune|p2b: Chi-Yu\n|move|p2b: Chi-Yu|Dark Pulse|p1b: Flutter Mane\n|-resisted|p1b: Flutter Mane\n|-damage|p1b: Flutter Mane|84\/100\n|move|p1b: Flutter Mane|Moonblast|p2b: Chi-Yu\n|-damage|p2b: Chi-Yu|0 fnt\n|faint|p2b: Chi-Yu\n|-activate|p2a: Sinistcha|confusion\n|-damage|p2a: Sinistcha|96\/100|[from] confusion\n|\n|-weather|RainDance|[upkeep]\n|upkeep\n|\n|t:|1698757664\n|switch|p2b: Grimmsnarl|Grimmsnarl, M|89\/100\n|turn|7\n|\n|t:|1698757671\n|move|p1a: Grimmsnarl|Reflect|p1a: Grimmsnarl\n|-sidestart|p1: Derpanium|Reflect\n|move|p2b: Grimmsnarl|Light Screen|p2b: Grimmsnarl\n|-sidestart|p2: zarif07|move: Light Screen\n|move|p1b: Flutter Mane|Moonblast|p2b: Grimmsnarl\n|-supereffective|p2b: Grimmsnarl\n|-damage|p2b: Grimmsnarl|0 fnt\n|faint|p2b: Grimmsnarl\n|-end|p2a: Sinistcha|confusion\n|move|p2a: Sinistcha|Matcha Gotcha|p1a: Grimmsnarl|[spread] p1b\n|-miss|p2a: Sinistcha|p1a: Grimmsnarl\n|-damage|p1b: Flutter Mane|69\/100\n|-heal|p2a: Sinistcha|100\/100|[from] drain|[of] p1b: Flutter Mane\n|\n|-weather|RainDance|[upkeep]\n|upkeep\n|\n|t:|1698757679\n|switch|p2b: Landorus|Landorus-Therian, M|100\/100\n|-ability|p2b: Landorus|Intimidate|boost\n|-unboost|p1a: Grimmsnarl|atk|1\n|-unboost|p1b: Flutter Mane|atk|1\n|turn|8\n|\n|t:|1698757691\n|move|p1b: Flutter Mane|Moonblast|p2b: Landorus\n|-damage|p2b: Landorus|20\/100\n|move|p2b: Landorus|Earthquake|p1a: Grimmsnarl|[spread] p2a,p1a,p1b\n|-resisted|p2a: Sinistcha\n|-damage|p2a: Sinistcha|83\/100\n|-damage|p1a: Grimmsnarl|51\/100\n|-damage|p1b: Flutter Mane|33\/100\n|move|p2a: Sinistcha|Life Dew|p2a: Sinistcha|[spread] p2a,p2b\n|-heal|p2a: Sinistcha|100\/100\n|-heal|p2b: Landorus|45\/100\n|move|p1a: Grimmsnarl|Spirit Break|p2a: Sinistcha\n|-damage|p2a: Sinistcha|86\/100\n|-unboost|p2a: Sinistcha|spa|1\n|\n|-weather|none\n|upkeep\n|turn|9\n|\n|t:|1698757715\n|move|p1b: Flutter Mane|Moonblast|p2b: Landorus\n|-crit|p2b: Landorus\n|-damage|p2b: Landorus|0 fnt\n|faint|p2b: Landorus\n|move|p2a: Sinistcha|Life Dew|p2a: Sinistcha\n|-heal|p2a: Sinistcha|100\/100\n|move|p1a: Grimmsnarl|Spirit Break|p2a: Sinistcha\n|-damage|p2a: Sinistcha|88\/100\n|-unboost|p2a: Sinistcha|spa|1\n|\n|upkeep\n|turn|10\n|c|\u2606Derpanium|gg\n|l|\u2606zarif07\n|player|p2|\n|inactive|Battle timer is ON: inactive players will automatically lose when time's up. (requested by Derpanium)\n|inactive|zarif07 has 30 seconds to reconnect!\n|inactive|zarif07 has 20 seconds to reconnect!\n|inactive|zarif07 has 15 seconds to reconnect!\n|inactive|zarif07 has 10 seconds to reconnect!\n|inactive|zarif07 has 5 seconds to reconnect!\n|-message|zarif07 lost due to inactivity.\n|\n|win|Derpanium\n|raw|Derpanium's rating: 1166 &rarr; <strong>1189<\/strong><br \/>(+23 for winning)\n|raw|zarif07's rating: 1135 &rarr; <strong>1112<\/strong><br \/>(-23 for losing)\n","uploadtime":1698757891,"views":19,"p1id":"derpanium","p2id":"zarif07","formatid":"gen9doublesou","rating":1112,"private":0,"password":""}