{"id":"gen9doublesou-1984609796","p1":"Fjfjdjdbbdbd","p2":"darkninj7676","format":"[Gen 9] Doubles OU","log":"|j|\u2606Fjfjdjdbbdbd\n|j|\u2606darkninj7676\n|t:|1699284356\n|gametype|doubles\n|player|p1|Fjfjdjdbbdbd|101|1082\n|player|p2|darkninj7676|n|1163\n|teamsize|p1|6\n|teamsize|p2|6\n|gen|9\n|tier|[Gen 9] Doubles OU\n|rated|\n|rule|Species Clause: Limit one of each Pok\u00e9mon\n|rule|OHKO Clause: OHKO moves are banned\n|rule|Evasion Moves Clause: Evasion moves are banned\n|rule|Gravity Sleep Clause: The combination of sleep-inducing moves with imperfect accuracy and Gravity or Gigantamax Orbeetle are banned\n|rule|Endless Battle Clause: Forcing endless battles is banned\n|rule|HP Percentage Mod: HP is shown in percentages\n|clearpoke\n|poke|p1|Dipplin, F|\n|poke|p1|Armarouge, F|\n|poke|p1|Flamigo, M|\n|poke|p1|Magnezone|\n|poke|p1|Illumise, F|\n|poke|p1|Zoroark-Hisui, F|\n|poke|p2|Iron Hands|\n|poke|p2|Snorlax, M|\n|poke|p2|Sinistcha|\n|poke|p2|Kommo-o, F|\n|poke|p2|Landorus-Therian, M|\n|poke|p2|Clefairy, F|\n|teampreview\n|inactive|Battle timer is ON: inactive players will automatically lose when time's up. (requested by darkninj7676)\n|inactive|Fjfjdjdbbdbd has 120 seconds left.\n|\n|t:|1699284389\n|start\n|switch|p1a: Illumise|Illumise, F|100\/100\n|switch|p1b: Armarouge|Armarouge, F|100\/100\n|switch|p2a: Snorlax|Snorlax, M|100\/100\n|switch|p2b: Clefairy|Clefairy, F|100\/100\n|turn|1\n|\n|t:|1699284419\n|move|p2b: Clefairy|Follow Me|p2b: Clefairy\n|-singleturn|p2b: Clefairy|move: Follow Me\n|move|p1a: Illumise|Fake Tears|p2b: Clefairy\n|-unboost|p2b: Clefairy|spd|2\n|move|p1b: Armarouge|Taunt|p2b: Clefairy\n|-start|p2b: Clefairy|move: Taunt\n|move|p2a: Snorlax|Belly Drum|p2a: Snorlax\n|-damage|p2a: Snorlax|50\/100\n|-setboost|p2a: Snorlax|atk|6|[from] move: Belly Drum\n|-enditem|p2a: Snorlax|Sitrus Berry|[eat]\n|-heal|p2a: Snorlax|75\/100|[from] item: Sitrus Berry\n|\n|upkeep\n|turn|2\n|\n|t:|1699284446\n|switch|p2b: Sinistcha|Sinistcha|100\/100\n|-heal|p2a: Snorlax|99\/100|[from] ability: Hospitality|[of] p2b: Sinistcha\n|move|p2a: Snorlax|Protect|p2a: Snorlax\n|-singleturn|p2a: Snorlax|Protect\n|move|p1a: Illumise|Encore|p2a: Snorlax\n|-activate|p2a: Snorlax|move: Protect\n|move|p1b: Armarouge|Hyper Voice|p2b: Sinistcha|[spread] \n|-activate|p2a: Snorlax|move: Protect\n|-immune|p2b: Sinistcha\n|\n|upkeep\n|turn|3\n|\n|t:|1699284474\n|move|p2b: Sinistcha|Rage Powder|p2b: Sinistcha\n|-singleturn|p2b: Sinistcha|move: Rage Powder\n|move|p1a: Illumise|Encore|p2b: Sinistcha\n|-start|p2b: Sinistcha|Encore\n|-enditem|p2b: Sinistcha|Mental Herb\n|-end|p2b: Sinistcha|Encore\n|move|p1b: Armarouge|Shadow Ball|p2b: Sinistcha\n|-supereffective|p2b: Sinistcha\n|-damage|p2b: Sinistcha|16\/100\n|move|p2a: Snorlax|Facade|p1a: Illumise\n|-damage|p1a: Illumise|0 fnt\n|faint|p1a: Illumise\n|\n|upkeep\n|inactive|Fjfjdjdbbdbd has 120 seconds left.\n|\n|t:|1699284501\n|switch|p1a: Flamigo|Flamigo, M|100\/100\n|-copyboost|p1a: Flamigo|p1b: Armarouge|[from] ability: Costar\n|turn|4\n|\n|t:|1699284515\n|move|p2b: Sinistcha|Rage Powder|p2b: Sinistcha\n|-singleturn|p2b: Sinistcha|move: Rage Powder\n|move|p1b: Armarouge|Shadow Ball|p2b: Sinistcha\n|-supereffective|p2b: Sinistcha\n|-damage|p2b: Sinistcha|0 fnt\n|faint|p2b: Sinistcha\n|move|p1a: Flamigo|Close Combat|p2a: Snorlax\n|-supereffective|p2a: Snorlax\n|-damage|p2a: Snorlax|9\/100\n|-unboost|p1a: Flamigo|def|1\n|-unboost|p1a: Flamigo|spd|1\n|move|p2a: Snorlax|High Horsepower|p1b: Armarouge|[miss]\n|-miss|p2a: Snorlax|p1b: Armarouge\n|\n|upkeep\n|\n|t:|1699284529\n|switch|p2b: Clefairy|Clefairy, F|100\/100\n|turn|5\n|\n|t:|1699284549\n|move|p2b: Clefairy|Follow Me|p2b: Clefairy\n|-singleturn|p2b: Clefairy|move: Follow Me\n|move|p1b: Armarouge|Hyper Voice|p2b: Clefairy|[spread] p2a,p2b\n|-damage|p2a: Snorlax|0 fnt\n|-damage|p2b: Clefairy|72\/100\n|faint|p2a: Snorlax\n|move|p1a: Flamigo|Brave Bird|p2b: Clefairy\n|-crit|p2b: Clefairy\n|-damage|p2b: Clefairy|0 fnt\n|faint|p2b: Clefairy\n|-damage|p1a: Flamigo|76\/100|[from] Recoil\n|\n|upkeep\n|\n|t:|1699284576\n|switch|p2b: Kommo-o|Kommo-o, F, shiny|100\/100\n|switch|p2a: Iron Hands|Iron Hands|100\/100\n|turn|6\n|inactive|Fjfjdjdbbdbd has 120 seconds left.\n|\n|t:|1699284609\n|move|p1a: Flamigo|Protect|p1a: Flamigo\n|-singleturn|p1a: Flamigo|Protect\n|move|p2a: Iron Hands|Fake Out|p1a: Flamigo\n|-activate|p1a: Flamigo|move: Protect\n|move|p1b: Armarouge|Taunt|p2b: Kommo-o\n|-start|p2b: Kommo-o|move: Taunt\n|cant|p2b: Kommo-o|move: Taunt|Clangorous Soul\n|\n|upkeep\n|turn|7\n|c|\u2606darkninj7676|I know this armouryge is zoroak\n|\n|t:|1699284630\n|move|p1b: Armarouge|Hyper Voice|p2b: Kommo-o|[spread] p2a,p2b\n|-damage|p2a: Iron Hands|80\/100\n|-damage|p2b: Kommo-o|65\/100\n|move|p1a: Flamigo|Brave Bird|p2b: Kommo-o\n|-supereffective|p2b: Kommo-o\n|-damage|p2b: Kommo-o|0 fnt\n|faint|p2b: Kommo-o\n|-damage|p1a: Flamigo|56\/100|[from] Recoil\n|move|p2a: Iron Hands|Wild Charge|p1a: Flamigo\n|-supereffective|p1a: Flamigo\n|-damage|p1a: Flamigo|0 fnt\n|faint|p1a: Flamigo\n|-damage|p2a: Iron Hands|69\/100|[from] Recoil\n|\n|upkeep\n|\n|t:|1699284656\n|switch|p1a: Magnezone|Magnezone|100\/100\n|switch|p2b: Landorus|Landorus-Therian, M|100\/100\n|-ability|p2b: Landorus|Intimidate|boost\n|-unboost|p1a: Magnezone|atk|1\n|-unboost|p1b: Armarouge|atk|1\n|turn|8\n|\n|t:|1699284669\n|move|p2b: Landorus|Stomping Tantrum|p1a: Magnezone\n|-supereffective|p1a: Magnezone\n|-ability|p1a: Magnezone|Sturdy\n|-damage|p1a: Magnezone|1\/100\n|move|p1b: Armarouge|Hyper Voice|p2a: Iron Hands|[spread] p2a,p2b\n|-damage|p2a: Iron Hands|49\/100\n|-damage|p2b: Landorus|53\/100\n|move|p1a: Magnezone|Flash Cannon|p2b: Landorus\n|-damage|p2b: Landorus|0 fnt\n|faint|p2b: Landorus\n|move|p2a: Iron Hands|Wild Charge|p1b: Armarouge\n|-enditem|p1b: Armarouge|Focus Sash\n|-damage|p1b: Armarouge|1\/100\n|replace|p1b: Zoroark|Zoroark-Hisui, F\n|-end|p1b: Zoroark|Illusion\n|-damage|p2a: Iron Hands|35\/100|[from] Recoil\n|\n|upkeep\n|turn|9\n|-message|darkninj7676 forfeited.\n|\n|win|Fjfjdjdbbdbd\n|raw|Fjfjdjdbbdbd's rating: 1082 &rarr; <strong>1116<\/strong><br \/>(+34 for winning)\n|raw|darkninj7676's rating: 1163 &rarr; <strong>1132<\/strong><br \/>(-31 for losing)\n|l|\u2606darkninj7676\n","uploadtime":1699284795,"views":13,"p1id":"fjfjdjdbbdbd","p2id":"darkninj7676","formatid":"gen9doublesou","rating":1116,"private":0,"password":""}