{"id":"gen9doublesou-1974973700","p1":"Mbozzo11","p2":"Cranberru22","format":"[Gen 9] Doubles OU","log":"|j|\u2606Mbozzo11\n|j|\u2606Cranberru22\n|t:|1698151092\n|gametype|doubles\n|player|p1|Mbozzo11|2|1094\n|player|p2|Cranberru22|elesa-masters2|1142\n|teamsize|p1|6\n|teamsize|p2|5\n|gen|9\n|tier|[Gen 9] Doubles OU\n|rated|\n|rule|Species Clause: Limit one of each Pok\u00e9mon\n|rule|OHKO Clause: OHKO moves are banned\n|rule|Evasion Moves Clause: Evasion moves are banned\n|rule|Gravity Sleep Clause: The combination of sleep-inducing moves with imperfect accuracy and Gravity or Gigantamax Orbeetle are banned\n|rule|Endless Battle Clause: Forcing endless battles is banned\n|rule|HP Percentage Mod: HP is shown in percentages\n|clearpoke\n|poke|p1|Pelipper, M|\n|poke|p1|Gastrodon, M|\n|poke|p1|Gliscor, M|\n|poke|p1|Misdreavus, M|\n|poke|p1|Ambipom, F|\n|poke|p1|Brambleghast, F|\n|poke|p2|Salazzle, F|\n|poke|p2|Toxapex, F|\n|poke|p2|Mew|\n|poke|p2|Fezandipiti, M|\n|poke|p2|Ogerpon-Hearthflame, F|\n|teampreview\n|\n|t:|1698151100\n|start\n|switch|p1a: Brambleghast|Brambleghast, F|100\/100\n|switch|p1b: Ambipom|Ambipom, F|100\/100\n|switch|p2a: Salazzle|Salazzle, F|100\/100\n|switch|p2b: Toxapex|Toxapex, F|100\/100\n|-item|p2a: Salazzle|Air Balloon\n|turn|1\n|\n|t:|1698151115\n|move|p1b: Ambipom|Fake Out|p2a: Salazzle\n|-crit|p2a: Salazzle\n|-damage|p2a: Salazzle|24\/100\n|-enditem|p2a: Salazzle|Air Balloon\n|cant|p2a: Salazzle|flinch\n|move|p1a: Brambleghast|Spikes|p2a: Salazzle\n|-sidestart|p2: Cranberru22|Spikes\n|move|p2b: Toxapex|Gunk Shot|p1a: Brambleghast\n|-damage|p1a: Brambleghast|4\/100\n|\n|-heal|p1a: Brambleghast|10\/100|[from] item: Leftovers\n|upkeep\n|turn|2\n|\n|t:|1698151135\n|move|p2a: Salazzle|Poison Gas|p1b: Ambipom|[spread] p1a,p1b\n|-status|p1a: Brambleghast|psn\n|-status|p1b: Ambipom|psn\n|move|p1b: Ambipom|Double Hit|p2b: Toxapex\n|-damage|p2b: Toxapex|82\/100\n|-damage|p2b: Toxapex|64\/100\n|-hitcount|p2b: Toxapex|2\n|move|p1a: Brambleghast|Leech Seed|p2b: Toxapex|[miss]\n|-miss|p1a: Brambleghast|p2b: Toxapex\n|move|p2b: Toxapex|Gunk Shot|p1b: Ambipom\n|-crit|p1b: Ambipom\n|-damage|p1b: Ambipom|0 fnt\n|faint|p1b: Ambipom\n|\n|-heal|p1a: Brambleghast|16\/100 psn|[from] item: Leftovers\n|-damage|p1a: Brambleghast|4\/100 psn|[from] psn\n|upkeep\n|\n|t:|1698151158\n|switch|p1b: Gliscor|Gliscor, M|100\/100\n|turn|3\n|\n|t:|1698151173\n|switch|p2b: Ogerpon|Ogerpon-Hearthflame, F|100\/100\n|-damage|p2b: Ogerpon|88\/100|[from] Spikes\n|-ability|p2b: Ogerpon|Mold Breaker\n|move|p2a: Salazzle|Sludge Bomb|p1b: Gliscor\n|-resisted|p1b: Gliscor\n|-damage|p1b: Gliscor|70\/100\n|move|p1b: Gliscor|Earthquake|p2a: Salazzle|[spread] p1a,p2a,p2b\n|-resisted|p1a: Brambleghast\n|-supereffective|p2a: Salazzle\n|-damage|p1a: Brambleghast|0 fnt\n|-damage|p2a: Salazzle|0 fnt\n|-damage|p2b: Ogerpon|44\/100\n|faint|p1a: Brambleghast\n|faint|p2a: Salazzle\n|\n|-status|p1b: Gliscor|tox|[from] item: Toxic Orb\n|upkeep\n|\n|t:|1698151192\n|switch|p2a: Toxapex|Toxapex, F|64\/100\n|switch|p1a: Misdreavus|Misdreavus, M|100\/100\n|-damage|p2a: Toxapex|51\/100|[from] Spikes\n|turn|4\n|inactive|Battle timer is ON: inactive players will automatically lose when time's up. (requested by Cranberru22)\n|\n|t:|1698151204\n|move|p2b: Ogerpon|Wood Hammer|p1b: Gliscor\n|-damage|p1b: Gliscor|4\/100 tox\n|-damage|p2b: Ogerpon|23\/100|[from] Recoil\n|move|p1b: Gliscor|Earthquake|p2b: Ogerpon|[spread] p2a,p2b\n|-immune|p1a: Misdreavus|[from] ability: Levitate\n|-supereffective|p2a: Toxapex\n|-damage|p2a: Toxapex|4\/100\n|-damage|p2b: Ogerpon|0 fnt\n|faint|p2b: Ogerpon\n|move|p1a: Misdreavus|Perish Song|p1a: Misdreavus\n|-start|p1a: Misdreavus|perish3|[silent]\n|-start|p1b: Gliscor|perish3|[silent]\n|-start|p2a: Toxapex|perish3|[silent]\n|-fieldactivate|move: Perish Song\n|move|p2a: Toxapex|Liquidation|p1b: Gliscor\n|-supereffective|p1b: Gliscor\n|-crit|p1b: Gliscor\n|-damage|p1b: Gliscor|0 fnt\n|faint|p1b: Gliscor\n|\n|-start|p1a: Misdreavus|perish3\n|-start|p2a: Toxapex|perish3\n|upkeep\n|\n|t:|1698151224\n|switch|p2b: Mew|Mew|100\/100\n|switch|p1b: Gastrodon|Gastrodon, M|100\/100\n|-damage|p2b: Mew|88\/100|[from] Spikes\n|turn|5\n|\n|t:|1698151236\n|switch|p1a: Pelipper|Pelipper, M|100\/100\n|-weather|RainDance|[from] ability: Drizzle|[of] p1a: Pelipper\n|move|p2b: Mew|Skill Swap|p2a: Toxapex\n|-activate|p2b: Mew|move: Skill Swap|||[of] p2a: Toxapex\n|move|p1b: Gastrodon|Earth Power|p2a: Toxapex\n|-supereffective|p2a: Toxapex\n|-damage|p2a: Toxapex|0 fnt\n|faint|p2a: Toxapex\n|\n|-weather|RainDance|[upkeep]\n|upkeep\n|\n|t:|1698151247\n|switch|p2a: Fezandipiti|Fezandipiti, M|100\/100\n|-item|p2a: Fezandipiti|Air Balloon\n|turn|6\n|\n|t:|1698151259\n|move|p2b: Mew|Rock Blast|p1a: Pelipper|[miss]\n|-miss|p2b: Mew|p1a: Pelipper\n|move|p2a: Fezandipiti|Poison Gas|p1b: Gastrodon|[spread] p1a,p1b\n|-status|p1a: Pelipper|psn\n|-status|p1b: Gastrodon|psn\n|move|p1a: Pelipper|Hurricane|p2b: Mew\n|-damage|p2b: Mew|54\/100\n|move|p1b: Gastrodon|Earth Power|p2a: Fezandipiti\n|-immune|p2a: Fezandipiti\n|\n|-weather|RainDance|[upkeep]\n|-damage|p1a: Pelipper|88\/100 psn|[from] psn\n|-damage|p1b: Gastrodon|88\/100 psn|[from] psn\n|upkeep\n|turn|7\n|\n|t:|1698151283\n|move|p2b: Mew|Icicle Spear|p1a: Pelipper\n|-crit|p1a: Pelipper\n|-damage|p1a: Pelipper|79\/100 psn\n|-crit|p1a: Pelipper\n|-damage|p1a: Pelipper|70\/100 psn\n|-crit|p1a: Pelipper\n|-damage|p1a: Pelipper|62\/100 psn\n|-crit|p1a: Pelipper\n|-damage|p1a: Pelipper|53\/100 psn\n|-crit|p1a: Pelipper\n|-damage|p1a: Pelipper|44\/100 psn\n|-hitcount|p1a: Pelipper|5\n|move|p2a: Fezandipiti|Icy Wind|p1b: Gastrodon|[spread] p1a,p1b\n|-damage|p1a: Pelipper|31\/100 psn\n|-damage|p1b: Gastrodon|82\/100 psn\n|-unboost|p1a: Pelipper|spe|1\n|-unboost|p1b: Gastrodon|spe|1\n|move|p1a: Pelipper|Hurricane|p2b: Mew\n|-damage|p2b: Mew|16\/100\n|-start|p2b: Mew|confusion\n|move|p1b: Gastrodon|Ice Beam|p2a: Fezandipiti\n|-damage|p2a: Fezandipiti|84\/100\n|-enditem|p2a: Fezandipiti|Air Balloon\n|\n|-weather|RainDance|[upkeep]\n|-heal|p1b: Gastrodon|88\/100 psn|[from] item: Leftovers\n|-damage|p1a: Pelipper|18\/100 psn|[from] psn\n|-damage|p1b: Gastrodon|75\/100 psn|[from] psn\n|upkeep\n|turn|8\n|c|\u2606Cranberru22|!dt merciless\n|raw|<ul class=\"utilichart\"><li class=\"result\"><span class=\"col namecol\"><a href=\"https:\/\/dex.pokemonshowdown.com\/abilities\/merciless\">Merciless<\/a><\/span> <span class=\"col abilitydesccol\">This Pokemon's attacks are critical hits if the target is poisoned.<\/span> <\/li><li style=\"clear:both\"><\/li><\/ul>\n|raw|<font size=\"1\"><font color=\"#686868\">Gen:<\/font> 7<\/font>\n\n|inactive|Mbozzo11 has 120 seconds left.\n|inactive|Cranberru22 has 120 seconds left.\n|\n|t:|1698151319\n|-activate|p2b: Mew|confusion\n|-damage|p2b: Mew|5\/100|[from] confusion\n|move|p2a: Fezandipiti|Dazzling Gleam|p1b: Gastrodon|[spread] p1a,p1b\n|-crit|p1a: Pelipper\n|-crit|p1b: Gastrodon\n|-damage|p1a: Pelipper|0 fnt\n|-damage|p1b: Gastrodon|54\/100 psn\n|faint|p1a: Pelipper\n|move|p1b: Gastrodon|Earth Power|p2a: Fezandipiti\n|-supereffective|p2a: Fezandipiti\n|-damage|p2a: Fezandipiti|33\/100\n|\n|-weather|RainDance|[upkeep]\n|-heal|p1b: Gastrodon|60\/100 psn|[from] item: Leftovers\n|-damage|p1b: Gastrodon|48\/100 psn|[from] psn\n|upkeep\n|inactive|Mbozzo11 has 120 seconds left.\n|\n|t:|1698151333\n|switch|p1a: Misdreavus|Misdreavus, M|100\/100\n|turn|9\n|\n|t:|1698151358\n|-activate|p2b: Mew|confusion\n|move|p2b: Mew|Icicle Spear|p1b: Gastrodon\n|-crit|p1b: Gastrodon\n|-damage|p1b: Gastrodon|36\/100 psn\n|-crit|p1b: Gastrodon\n|-damage|p1b: Gastrodon|23\/100 psn\n|-crit|p1b: Gastrodon\n|-damage|p1b: Gastrodon|11\/100 psn\n|-crit|p1b: Gastrodon\n|-damage|p1b: Gastrodon|0 fnt\n|faint|p1b: Gastrodon\n|-hitcount|p1: Gastrodon|4\n|move|p2a: Fezandipiti|Dazzling Gleam|p1a: Misdreavus\n|-damage|p1a: Misdreavus|84\/100\n|move|p1a: Misdreavus|Dazzling Gleam|p2b: Mew|[spread] p2a,p2b\n|-resisted|p2a: Fezandipiti\n|-damage|p2a: Fezandipiti|28\/100\n|-damage|p2b: Mew|0 fnt\n|faint|p2b: Mew\n|\n|-weather|RainDance|[upkeep]\n|upkeep\n|turn|10\n|\n|t:|1698151383\n|move|p2a: Fezandipiti|Poison Gas|p1a: Misdreavus\n|-status|p1a: Misdreavus|psn\n|move|p1a: Misdreavus|Perish Song|p1a: Misdreavus\n|-start|p1a: Misdreavus|perish3|[silent]\n|-start|p2a: Fezandipiti|perish3|[silent]\n|-fieldactivate|move: Perish Song\n|\n|-weather|RainDance|[upkeep]\n|-damage|p1a: Misdreavus|71\/100 psn|[from] psn\n|-start|p2a: Fezandipiti|perish3\n|-start|p1a: Misdreavus|perish3\n|upkeep\n|turn|11\n|\n|t:|1698151394\n|move|p2a: Fezandipiti|Dazzling Gleam|p1a: Misdreavus\n|-damage|p1a: Misdreavus|55\/100 psn\n|move|p1a: Misdreavus|Dazzling Gleam|p2a: Fezandipiti\n|-resisted|p2a: Fezandipiti\n|-damage|p2a: Fezandipiti|20\/100\n|\n|-weather|RainDance|[upkeep]\n|-damage|p1a: Misdreavus|43\/100 psn|[from] psn\n|-start|p2a: Fezandipiti|perish2\n|-start|p1a: Misdreavus|perish2\n|upkeep\n|turn|12\n|\n|t:|1698151404\n|move|p2a: Fezandipiti|Dazzling Gleam|p1a: Misdreavus\n|-damage|p1a: Misdreavus|25\/100 psn\n|move|p1a: Misdreavus|Dazzling Gleam|p2a: Fezandipiti\n|-resisted|p2a: Fezandipiti\n|-damage|p2a: Fezandipiti|13\/100\n|\n|-weather|none\n|-damage|p1a: Misdreavus|13\/100 psn|[from] psn\n|-start|p2a: Fezandipiti|perish1\n|-start|p1a: Misdreavus|perish1\n|upkeep\n|turn|13\n|c|\u2606Cranberru22|its joever\n|\n|t:|1698151415\n|move|p2a: Fezandipiti|Dazzling Gleam|p1a: Misdreavus\n|-damage|p1a: Misdreavus|0 fnt\n|faint|p1a: Misdreavus\n|\n|win|Cranberru22\n|raw|Mbozzo11's rating: 1094 &rarr; <strong>1073<\/strong><br \/>(-21 for losing)\n|raw|Cranberru22's rating: 1142 &rarr; <strong>1164<\/strong><br \/>(+22 for winning)\n|c|\u2606Cranberru22|came down to the wire\n|c|\u2606Cranberru22|gg\n|l|\u2606Mbozzo11\n","uploadtime":1698151433,"views":19,"p1id":"mbozzo11","p2id":"cranberru22","formatid":"gen9doublesou","rating":1073,"private":0,"password":""}