{"id":"gen9doublesou-1989711206","p1":"viscusman","p2":"oskar_nilssson","format":"[Gen 9] Doubles OU","log":"|j|\u2606viscusman\n|j|\u2606oskar_nilssson\n|t:|1699889118\n|gametype|doubles\n|player|p1|viscusman|hilbert-wonderlauncher|1055\n|player|p2|oskar_nilssson|101|1078\n|teamsize|p1|6\n|teamsize|p2|6\n|gen|9\n|tier|[Gen 9] Doubles OU\n|rated|\n|rule|Species Clause: Limit one of each Pok\u00e9mon\n|rule|OHKO Clause: OHKO moves are banned\n|rule|Evasion Moves Clause: Evasion moves are banned\n|rule|Gravity Sleep Clause: The combination of sleep-inducing moves with imperfect accuracy and Gravity or Gigantamax Orbeetle are banned\n|rule|Endless Battle Clause: Forcing endless battles is banned\n|rule|HP Percentage Mod: HP is shown in percentages\n|clearpoke\n|poke|p1|Glimmora, F|\n|poke|p1|Tyranitar, M|\n|poke|p1|Landorus, M|\n|poke|p1|Palossand, F|\n|poke|p1|Clefairy, F|\n|poke|p1|Rabsca, F|\n|poke|p2|Indeedee-F, F|\n|poke|p2|Armarouge, F|\n|poke|p2|Ribombee, M|\n|poke|p2|Amoonguss, F|\n|poke|p2|Ninetales-Alola, M|\n|poke|p2|Tinkaton, F|\n|teampreview\n|inactive|Battle timer is ON: inactive players will automatically lose when time's up. (requested by viscusman)\n|\n|t:|1699889134\n|start\n|switch|p1a: Glimmora|Glimmora, F, shiny|100\/100\n|switch|p1b: Tyranitar|Tyranitar, M, shiny|100\/100\n|switch|p2a: Ribombee|Ribombee, M|100\/100\n|switch|p2b: Ninetales|Ninetales-Alola, M|100\/100\n|-weather|Snow|[from] ability: Snow Warning|[of] p2b: Ninetales\n|-weather|Sandstorm|[from] ability: Sand Stream|[of] p1b: Tyranitar\n|turn|1\n|\n|t:|1699889160\n|switch|p2b: Amoonguss|Amoonguss, F|100\/100\n|move|p2a: Ribombee|Sticky Web|p1b: Tyranitar\n|-sidestart|p1: viscusman|move: Sticky Web\n|move|p1a: Glimmora|Stealth Rock|p2a: Ribombee\n|-sidestart|p2: oskar_nilssson|move: Stealth Rock\n|move|p1b: Tyranitar|Icy Wind|p2b: Amoonguss|[spread] p2a,p2b\n|-supereffective|p2b: Amoonguss\n|-damage|p2a: Ribombee|78\/100\n|-damage|p2b: Amoonguss|82\/100\n|-unboost|p2b: Amoonguss|spe|1\n|\n|-weather|Sandstorm|[upkeep]\n|-damage|p2a: Ribombee|72\/100|[from] Sandstorm\n|-damage|p2b: Amoonguss|75\/100|[from] Sandstorm\n|-heal|p2b: Amoonguss|82\/100|[from] item: Black Sludge\n|upkeep\n|turn|2\n|inactive|oskar_nilssson has 120 seconds left.\n|\n|t:|1699889198\n|switch|p2a: Ninetales|Ninetales-Alola, M|100\/100\n|-damage|p2a: Ninetales|75\/100|[from] Stealth Rock\n|-weather|Snow|[from] ability: Snow Warning|[of] p2a: Ninetales\n|move|p2b: Amoonguss|Rage Powder|p2b: Amoonguss\n|-singleturn|p2b: Amoonguss|move: Rage Powder\n|move|p1a: Glimmora|Spikes|p2b: Amoonguss\n|-sidestart|p2: oskar_nilssson|Spikes\n|move|p1b: Tyranitar|Icy Wind|p2b: Amoonguss|[spread] p2a,p2b\n|-resisted|p2a: Ninetales\n|-supereffective|p2b: Amoonguss\n|-damage|p2a: Ninetales|69\/100\n|-damage|p2b: Amoonguss|64\/100\n|-unboost|p2a: Ninetales|spe|1\n|-unboost|p2b: Amoonguss|spe|1\n|\n|-weather|Snow|[upkeep]\n|-heal|p2b: Amoonguss|71\/100|[from] item: Black Sludge\n|upkeep\n|turn|3\n|inactive|oskar_nilssson has 120 seconds left.\n|\n|t:|1699889226\n|move|p2a: Ninetales|Nasty Plot|p2a: Ninetales\n|-boost|p2a: Ninetales|spa|2\n|move|p1a: Glimmora|Spikes|p2b: Amoonguss\n|-sidestart|p2: oskar_nilssson|Spikes\n|move|p1b: Tyranitar|Snarl|p2a: Ninetales|[spread] p2a,p2b\n|-resisted|p2a: Ninetales\n|-damage|p2a: Ninetales|58\/100\n|-damage|p2b: Amoonguss|57\/100\n|-unboost|p2a: Ninetales|spa|1\n|-unboost|p2b: Amoonguss|spa|1\n|move|p2b: Amoonguss|Toxic|p1b: Tyranitar\n|-status|p1b: Tyranitar|tox\n|\n|-weather|Snow|[upkeep]\n|-heal|p2b: Amoonguss|63\/100|[from] item: Black Sludge\n|-damage|p1b: Tyranitar|94\/100 tox|[from] psn\n|upkeep\n|turn|4\n|inactive|oskar_nilssson has 120 seconds left.\n|\n|t:|1699889248\n|move|p2b: Amoonguss|Rage Powder|p2b: Amoonguss\n|-singleturn|p2b: Amoonguss|move: Rage Powder\n|move|p2a: Ninetales|Aurora Veil|p2a: Ninetales\n|-sidestart|p2: oskar_nilssson|move: Aurora Veil\n|move|p1a: Glimmora|Sandstorm|p1a: Glimmora\n|-weather|Sandstorm\n|move|p1b: Tyranitar|Snarl|p2b: Amoonguss|[spread] p2a,p2b\n|-resisted|p2a: Ninetales\n|-damage|p2a: Ninetales|51\/100\n|-damage|p2b: Amoonguss|55\/100\n|-unboost|p2a: Ninetales|spa|1\n|-unboost|p2b: Amoonguss|spa|1\n|\n|-weather|Sandstorm|[upkeep]\n|-damage|p2a: Ninetales|45\/100|[from] Sandstorm\n|-damage|p2b: Amoonguss|48\/100|[from] Sandstorm\n|-heal|p2b: Amoonguss|55\/100|[from] item: Black Sludge\n|-damage|p1b: Tyranitar|82\/100 tox|[from] psn\n|upkeep\n|turn|5\n|inactive|oskar_nilssson has 120 seconds left.\n|\n|t:|1699889274\n|move|p2a: Ninetales|Nasty Plot|p2a: Ninetales\n|-boost|p2a: Ninetales|spa|2\n|move|p1a: Glimmora|Spikes|p2b: Amoonguss\n|-sidestart|p2: oskar_nilssson|Spikes\n|move|p1b: Tyranitar|Snarl|p2b: Amoonguss|[spread] p2a,p2b\n|-resisted|p2a: Ninetales\n|-damage|p2a: Ninetales|38\/100\n|-damage|p2b: Amoonguss|45\/100\n|-unboost|p2a: Ninetales|spa|1\n|-unboost|p2b: Amoonguss|spa|1\n|move|p2b: Amoonguss|Pollen Puff|p1b: Tyranitar\n|-supereffective|p1b: Tyranitar\n|-damage|p1b: Tyranitar|76\/100 tox\n|\n|-weather|Sandstorm|[upkeep]\n|-damage|p2a: Ninetales|31\/100|[from] Sandstorm\n|-damage|p2b: Amoonguss|39\/100|[from] Sandstorm\n|-heal|p2b: Amoonguss|45\/100|[from] item: Black Sludge\n|-damage|p1b: Tyranitar|57\/100 tox|[from] psn\n|upkeep\n|turn|6\n|\n|t:|1699889292\n|move|p2a: Ninetales|Blizzard|p1b: Tyranitar|[spread] p1b\n|-miss|p2a: Ninetales|p1a: Glimmora\n|-damage|p1b: Tyranitar|35\/100 tox\n|move|p1a: Glimmora|Sandstorm||[still]\n|-fail|p1a: Glimmora\n|move|p1b: Tyranitar|Snarl|p2a: Ninetales|[spread] p2a,p2b\n|-resisted|p2a: Ninetales\n|-damage|p2a: Ninetales|25\/100\n|-damage|p2b: Amoonguss|36\/100\n|-unboost|p2a: Ninetales|spa|1\n|-unboost|p2b: Amoonguss|spa|1\n|move|p2b: Amoonguss|Pollen Puff|p2a: Ninetales\n|-heal|p2a: Ninetales|75\/100\n|\n|-weather|Sandstorm|[upkeep]\n|-damage|p2a: Ninetales|69\/100|[from] Sandstorm\n|-damage|p2b: Amoonguss|30\/100|[from] Sandstorm\n|-heal|p2b: Amoonguss|36\/100|[from] item: Black Sludge\n|-damage|p1b: Tyranitar|10\/100 tox|[from] psn\n|upkeep\n|turn|7\n|\n|t:|1699889321\n|move|p2a: Ninetales|Blizzard|p1b: Tyranitar|[spread] p1a,p1b\n|-damage|p1a: Glimmora|80\/100\n|-damage|p1b: Tyranitar|0 fnt\n|faint|p1b: Tyranitar\n|move|p1a: Glimmora|Sandstorm||[still]\n|-fail|p1a: Glimmora\n|move|p2b: Amoonguss|Spore|p1a: Glimmora\n|-status|p1a: Glimmora|slp|[from] move: Spore\n|\n|-weather|Sandstorm|[upkeep]\n|-damage|p2a: Ninetales|62\/100|[from] Sandstorm\n|-damage|p2b: Amoonguss|30\/100|[from] Sandstorm\n|-heal|p2b: Amoonguss|36\/100|[from] item: Black Sludge\n|upkeep\n|\n|t:|1699889336\n|switch|p1b: Landorus|Landorus, M, shiny|100\/100\n|turn|8\n|\n|t:|1699889349\n|move|p2b: Amoonguss|Rage Powder|p2b: Amoonguss\n|-singleturn|p2b: Amoonguss|move: Rage Powder\n|move|p1b: Landorus|Rock Slide|p2b: Amoonguss|[spread] p2a\n|-miss|p1b: Landorus|p2b: Amoonguss\n|-supereffective|p2a: Ninetales\n|-damage|p2a: Ninetales|0 fnt\n|faint|p2a: Ninetales\n|-damage|p1b: Landorus|91\/100|[from] item: Life Orb\n|cant|p1a: Glimmora|slp\n|\n|-weather|none\n|-heal|p2b: Amoonguss|43\/100|[from] item: Black Sludge\n|upkeep\n|\n|t:|1699889365\n|switch|p2a: Ribombee|Ribombee, M|72\/100\n|-damage|p2a: Ribombee|47\/100|[from] Stealth Rock\n|-damage|p2a: Ribombee|22\/100|[from] Spikes\n|turn|9\n|\n|t:|1699889390\n|switch|p1b: Rabsca|Rabsca, F, shiny|100\/100\n|-activate|p1b: Rabsca|move: Sticky Web\n|-unboost|p1b: Rabsca|spe|1\n|move|p2a: Ribombee|Tailwind|p2a: Ribombee\n|-sidestart|p2: oskar_nilssson|move: Tailwind\n|cant|p1a: Glimmora|slp\n|move|p2b: Amoonguss|Spore|p1b: Rabsca\n|-status|p1b: Rabsca|slp|[from] move: Spore\n|\n|-heal|p2b: Amoonguss|49\/100|[from] item: Black Sludge\n|upkeep\n|turn|10\n|inactive|oskar_nilssson has 120 seconds left.\n|\n|t:|1699889421\n|switch|p2a: Armarouge|Armarouge, F|100\/100\n|-damage|p2a: Armarouge|76\/100|[from] Stealth Rock\n|-damage|p2a: Armarouge|51\/100|[from] Spikes\n|switch|p2b: Tinkaton|Tinkaton, F|100\/100\n|-damage|p2b: Tinkaton|94\/100|[from] Stealth Rock\n|-damage|p2b: Tinkaton|69\/100|[from] Spikes\n|-ability|p2b: Tinkaton|Mold Breaker\n|-curestatus|p1a: Glimmora|slp|[msg]\n|move|p1a: Glimmora|Sandstorm|p1a: Glimmora\n|-weather|Sandstorm\n|cant|p1b: Rabsca|slp\n|\n|-weather|Sandstorm|[upkeep]\n|-damage|p2a: Armarouge|45\/100|[from] Sandstorm\n|-damage|p1b: Rabsca|94\/100 slp|[from] Sandstorm\n|-heal|p2b: Tinkaton|76\/100|[from] item: Leftovers\n|upkeep\n|turn|11\n|inactive|oskar_nilssson has 120 seconds left.\n|\n|t:|1699889448\n|switch|p1b: Clefairy|Clefairy, F, shiny|100\/100\n|-activate|p1b: Clefairy|move: Sticky Web\n|-unboost|p1b: Clefairy|spe|1\n|move|p2b: Tinkaton|Brutal Swing|p1b: Clefairy|[spread] p2a,p1a,p1b\n|-supereffective|p2a: Armarouge\n|-resisted|p1b: Clefairy\n|-damage|p2a: Armarouge|35\/100\n|-damage|p1a: Glimmora|72\/100\n|-damage|p1b: Clefairy|96\/100\n|-damage|p2b: Tinkaton|59\/100|[from] item: Rocky Helmet|[of] p1a: Glimmora\n|-ability|p2a: Armarouge|Weak Armor|boost\n|-unboost|p2a: Armarouge|def|1\n|-boost|p2a: Armarouge|spe|2\n|-enditem|p2a: Armarouge|Weakness Policy\n|-boost|p2a: Armarouge|atk|2|[from] item: Weakness Policy\n|-boost|p2a: Armarouge|spa|2|[from] item: Weakness Policy\n|-activate|p1a: Glimmora|ability: Toxic Debris\n|-sidestart|p2: oskar_nilssson|move: Toxic Spikes\n|move|p2a: Armarouge|Expanding Force|p1a: Glimmora\n|-supereffective|p1a: Glimmora\n|-damage|p1a: Glimmora|0 fnt\n|faint|p1a: Glimmora\n|\n|-weather|Sandstorm|[upkeep]\n|-damage|p2a: Armarouge|28\/100|[from] Sandstorm\n|-damage|p1b: Clefairy|90\/100|[from] Sandstorm\n|-heal|p2b: Tinkaton|65\/100|[from] item: Leftovers\n|-sideend|p2: oskar_nilssson|move: Aurora Veil\n|upkeep\n|inactive|viscusman has 120 seconds left.\n|\n|t:|1699889471\n|switch|p1a: Landorus|Landorus, M, shiny|91\/100\n|turn|12\n|\n|t:|1699889477\n|switch|p2b: Indeedee|Indeedee-F, F|100\/100\n|-damage|p2b: Indeedee|88\/100|[from] Stealth Rock\n|-damage|p2b: Indeedee|63\/100|[from] Spikes\n|-status|p2b: Indeedee|psn\n|-fieldstart|move: Psychic Terrain|[from] ability: Psychic Surge|[of] p2b: Indeedee\n|move|p1b: Clefairy|Follow Me|p1b: Clefairy\n|-singleturn|p1b: Clefairy|move: Follow Me\n|move|p2a: Armarouge|Expanding Force|p1a: Landorus|[spread] p1a,p1b\n|-damage|p1a: Landorus|0 fnt\n|-damage|p1b: Clefairy|14\/100\n|faint|p1a: Landorus\n|\n|-weather|Sandstorm|[upkeep]\n|-damage|p2a: Armarouge|22\/100|[from] Sandstorm\n|-damage|p2b: Indeedee|57\/100 psn|[from] Sandstorm\n|-damage|p1b: Clefairy|8\/100|[from] Sandstorm\n|-damage|p2b: Indeedee|45\/100 psn|[from] psn\n|-sideend|p2: oskar_nilssson|move: Tailwind\n|upkeep\n|\n|t:|1699889490\n|switch|p1a: Palossand|Palossand, F, shiny|100\/100\n|-activate|p1a: Palossand|move: Sticky Web\n|-unboost|p1a: Palossand|spe|1\n|turn|13\n|\n|t:|1699889509\n|move|p1b: Clefairy|Protect|p1b: Clefairy\n|-singleturn|p1b: Clefairy|Protect\n|move|p2a: Armarouge|Expanding Force|p1b: Clefairy|[spread] p1a\n|-activate|p1b: Clefairy|move: Protect\n|-damage|p1a: Palossand|4\/100\n|move|p2b: Indeedee|Shadow Ball|p1a: Palossand|[miss]\n|-miss|p2b: Indeedee|p1a: Palossand\n|move|p1a: Palossand|Shore Up|p1a: Palossand\n|-heal|p1a: Palossand|71\/100\n|\n|-weather|Sandstorm|[upkeep]\n|-damage|p2a: Armarouge|16\/100|[from] Sandstorm\n|-damage|p2b: Indeedee|39\/100 psn|[from] Sandstorm\n|-damage|p1b: Clefairy|2\/100|[from] Sandstorm\n|-damage|p2b: Indeedee|26\/100 psn|[from] psn\n|upkeep\n|turn|14\n|\n|t:|1699889527\n|move|p2a: Armarouge|Expanding Force|p1b: Clefairy|[spread] p1b\n|-miss|p2a: Armarouge|p1a: Palossand\n|-damage|p1b: Clefairy|0 fnt\n|faint|p1b: Clefairy\n|move|p2b: Indeedee|Shadow Ball|p1a: Palossand\n|-supereffective|p1a: Palossand\n|-damage|p1a: Palossand|21\/100\n|-unboost|p1a: Palossand|spd|1\n|move|p1a: Palossand|Shadow Ball|p2a: Armarouge\n|-supereffective|p2a: Armarouge\n|-crit|p2a: Armarouge\n|-damage|p2a: Armarouge|0 fnt\n|faint|p2a: Armarouge\n|\n|-weather|none\n|-damage|p2b: Indeedee|14\/100 psn|[from] psn\n|upkeep\n|\n|t:|1699889554\n|switch|p2a: Tinkaton|Tinkaton, F|65\/100\n|switch|p1b: Rabsca|Rabsca, F, shiny|94\/100 slp\n|-damage|p2a: Tinkaton|59\/100|[from] Stealth Rock\n|-damage|p2a: Tinkaton|34\/100|[from] Spikes\n|-ability|p2a: Tinkaton|Mold Breaker\n|-activate|p1b: Rabsca|move: Sticky Web\n|-unboost|p1b: Rabsca|spe|1\n|turn|15\n|\n|t:|1699889573\n|move|p2a: Tinkaton|Helping Hand|p2b: Indeedee\n|-singleturn|p2b: Indeedee|Helping Hand|[of] p2a: Tinkaton\n|move|p2b: Indeedee|Shadow Ball|p1a: Palossand\n|-supereffective|p1a: Palossand\n|-damage|p1a: Palossand|0 fnt\n|faint|p1a: Palossand\n|cant|p1b: Rabsca|slp\n|\n|-heal|p2a: Tinkaton|40\/100|[from] item: Leftovers\n|-damage|p2b: Indeedee|1\/100 psn|[from] psn\n|upkeep\n|turn|16\n|\n|t:|1699889588\n|move|p2a: Tinkaton|Helping Hand|p2b: Indeedee\n|-singleturn|p2b: Indeedee|Helping Hand|[of] p2a: Tinkaton\n|move|p2b: Indeedee|Shadow Ball|p1b: Rabsca\n|-supereffective|p1b: Rabsca\n|-damage|p1b: Rabsca|50\/100 slp\n|-curestatus|p1b: Rabsca|slp|[msg]\n|move|p1b: Rabsca|Revival Blessing|p1b: Rabsca\n|\n|t:|1699889598\n|-heal|p1: Landorus|50\/100|[from] move: Revival Blessing\n|\n|-heal|p2a: Tinkaton|46\/100|[from] item: Leftovers\n|-damage|p2b: Indeedee|0 fnt|[from] psn\n|faint|p2b: Indeedee\n|upkeep\n|\n|t:|1699889607\n|switch|p2b: Amoonguss|Amoonguss, F|49\/100\n|switch|p1a: Landorus|Landorus, M, shiny|50\/100\n|-damage|p2b: Amoonguss|36\/100|[from] Stealth Rock\n|-damage|p2b: Amoonguss|11\/100|[from] Spikes\n|-sideend|p2: oskar_nilssson|move: Toxic Spikes|[of] p2b: Amoonguss\n|turn|17\n|\n|t:|1699889635\n|move|p1a: Landorus|Brick Break|p2a: Tinkaton\n|-damage|p2a: Tinkaton|10\/100\n|-damage|p1a: Landorus|41\/100|[from] item: Life Orb\n|move|p2a: Tinkaton|Thunder Wave|p1b: Rabsca\n|-status|p1b: Rabsca|par\n|-activate|p1b: Rabsca|ability: Synchronize\n|-status|p2a: Tinkaton|par\n|move|p2b: Amoonguss|Toxic|p1a: Landorus\n|-status|p1a: Landorus|tox\n|move|p1b: Rabsca|Recover|p1b: Rabsca\n|-heal|p1b: Rabsca|99\/100 par\n|\n|-heal|p2a: Tinkaton|17\/100 par|[from] item: Leftovers\n|-heal|p2b: Amoonguss|18\/100|[from] item: Black Sludge\n|-damage|p1a: Landorus|35\/100 tox|[from] psn\n|upkeep\n|turn|18\n|inactive|oskar_nilssson has 120 seconds left.\n|\n|t:|1699889668\n|move|p2a: Tinkaton|Helping Hand|p2b: Amoonguss\n|-singleturn|p2b: Amoonguss|Helping Hand|[of] p2a: Tinkaton\n|move|p1a: Landorus|Rock Slide|p2a: Tinkaton|[spread] p2a\n|-miss|p1a: Landorus|p2b: Amoonguss\n|-resisted|p2a: Tinkaton\n|-damage|p2a: Tinkaton|2\/100 par\n|-damage|p1a: Landorus|25\/100 tox|[from] item: Life Orb\n|move|p2b: Amoonguss|Pollen Puff|p1a: Landorus\n|-resisted|p1a: Landorus\n|-damage|p1a: Landorus|9\/100 tox\n|move|p1b: Rabsca|Bug Buzz|p2b: Amoonguss\n|-damage|p2b: Amoonguss|0 fnt\n|faint|p2b: Amoonguss\n|\n|-heal|p2a: Tinkaton|9\/100 par|[from] item: Leftovers\n|-damage|p1a: Landorus|0 fnt|[from] psn\n|faint|p1a: Landorus\n|upkeep\n|inactive|oskar_nilssson has 120 seconds left.\n|\n|t:|1699889686\n|switch|p2b: Ribombee|Ribombee, M|22\/100\n|-damage|p2b: Ribombee|0 fnt|[from] Stealth Rock\n|faint|p2b: Ribombee\n|turn|19\n|inactive|oskar_nilssson has 120 seconds left.\n|\n|t:|1699889709\n|move|p2a: Tinkaton|Brutal Swing|p1b: Rabsca\n|-supereffective|p1b: Rabsca\n|-damage|p1b: Rabsca|79\/100 par\n|move|p1b: Rabsca|Tera Blast|p2a: Tinkaton\n|-resisted|p2a: Tinkaton\n|-damage|p2a: Tinkaton|0 fnt\n|faint|p2a: Tinkaton\n|\n|win|viscusman\n|raw|viscusman's rating: 1055 &rarr; <strong>1089<\/strong><br \/>(+34 for winning)\n|raw|oskar_nilssson's rating: 1078 &rarr; <strong>1055<\/strong><br \/>(-23 for losing)\n|l|\u2606oskar_nilssson\n","uploadtime":1699889722,"views":10,"p1id":"viscusman","p2id":"oskarnilssson","formatid":"gen9doublesou","rating":1055,"private":0,"password":""}