{"id":"gen9doublesou-1993488135","p1":"dsaca","p2":"Big W7124","format":"[Gen 9] Doubles OU","log":"|j|\u2606dsaca\n|j|\u2606Big W7124\n|t:|1700323883\n|gametype|doubles\n|player|p1|dsaca|veteran|1093\n|player|p2|Big W7124|drayden|1027\n|teamsize|p1|6\n|teamsize|p2|6\n|gen|9\n|tier|[Gen 9] Doubles OU\n|rated|\n|rule|Species Clause: Limit one of each Pok\u00e9mon\n|rule|OHKO Clause: OHKO moves are banned\n|rule|Evasion Moves Clause: Evasion moves are banned\n|rule|Gravity Sleep Clause: The combination of sleep-inducing moves with imperfect accuracy and Gravity or Gigantamax Orbeetle are banned\n|rule|Endless Battle Clause: Forcing endless battles is banned\n|rule|HP Percentage Mod: HP is shown in percentages\n|clearpoke\n|poke|p1|Milotic, M|\n|poke|p1|Rillaboom, F|\n|poke|p1|Landorus-Therian, M|\n|poke|p1|Illumise, F|\n|poke|p1|Heatran, M|\n|poke|p1|Flutter Mane|\n|poke|p2|Coalossal, F|\n|poke|p2|Palafin, M|\n|poke|p2|Sinistcha-Masterpiece|\n|poke|p2|Flamigo, F|\n|poke|p2|Clefairy, F|\n|poke|p2|Iron Hands|\n|teampreview\n|inactive|Battle timer is ON: inactive players will automatically lose when time's up. (requested by Big W7124)\n|\n|t:|1700323921\n|start\n|switch|p1a: Illumise|Illumise, F|100\/100\n|switch|p1b: Landorus|Landorus-Therian, M|100\/100\n|switch|p2a: Coalossal|Coalossal, F|100\/100\n|switch|p2b: Palafin|Palafin, M|100\/100\n|-ability|p1b: Landorus|Intimidate|boost\n|-unboost|p2a: Coalossal|atk|1\n|-unboost|p2b: Palafin|atk|1\n|turn|1\n|\n|t:|1700323945\n|move|p1a: Illumise|Tailwind|p1a: Illumise\n|-sidestart|p1: dsaca|move: Tailwind\n|move|p1b: Landorus|Stomping Tantrum|p2a: Coalossal\n|-supereffective|p2a: Coalossal\n|-damage|p2a: Coalossal|13\/100\n|-enditem|p2a: Coalossal|Weakness Policy\n|-boost|p2a: Coalossal|atk|2|[from] item: Weakness Policy\n|-boost|p2a: Coalossal|spa|2|[from] item: Weakness Policy\n|move|p2b: Palafin|Flip Turn|p1b: Landorus\n|-supereffective|p1b: Landorus\n|-damage|p1b: Landorus|73\/100\n|\n|t:|1700323955\n|detailschange|p2b: Palafin|Palafin-Hero, M\n|switch|p2b: Sinistcha|Sinistcha-Masterpiece|100\/100|[from] Flip Turn\n|-heal|p2a: Coalossal|38\/100|[from] ability: Hospitality|[of] p2b: Sinistcha\n|move|p2a: Coalossal|Flamethrower|p1a: Illumise\n|-supereffective|p1a: Illumise\n|-damage|p1a: Illumise|0 fnt\n|faint|p1a: Illumise\n|\n|upkeep\n|\n|t:|1700323967\n|switch|p1a: Heatran|Heatran, M|100\/100\n|turn|2\n|\n|t:|1700323978\n|move|p2b: Sinistcha|Rage Powder|p2b: Sinistcha\n|-singleturn|p2b: Sinistcha|move: Rage Powder\n|move|p1b: Landorus|Stomping Tantrum|p2b: Sinistcha\n|-resisted|p2b: Sinistcha\n|-damage|p2b: Sinistcha|85\/100\n|move|p1a: Heatran|Heat Wave|p2b: Sinistcha|[spread] p2a\n|-miss|p1a: Heatran|p2b: Sinistcha\n|-resisted|p2a: Coalossal\n|-damage|p2a: Coalossal|27\/100\n|-ability|p2a: Coalossal|Steam Engine|boost\n|-boost|p2a: Coalossal|spe|6\n|-damage|p1a: Heatran|91\/100|[from] item: Life Orb\n|move|p2a: Coalossal|Scald|p1b: Landorus\n|-supereffective|p1b: Landorus\n|-damage|p1b: Landorus|0 fnt\n|faint|p1b: Landorus\n|\n|upkeep\n|\n|t:|1700323997\n|switch|p1b: Rillaboom|Rillaboom, F|100\/100\n|-fieldstart|move: Grassy Terrain|[from] ability: Grassy Surge|[of] p1b: Rillaboom\n|turn|3\n|\n|t:|1700324018\n|switch|p2b: Flamigo|Flamigo, F|100\/100\n|-copyboost|p2b: Flamigo|p2a: Coalossal|[from] ability: Costar\n|move|p2a: Coalossal|Protect|p2a: Coalossal\n|-singleturn|p2a: Coalossal|Protect\n|move|p1b: Rillaboom|Stomping Tantrum|p2a: Coalossal\n|-activate|p2a: Coalossal|move: Protect\n|move|p1a: Heatran|Heat Wave|p2a: Coalossal|[spread] p2b\n|-activate|p2a: Coalossal|move: Protect\n|-damage|p2b: Flamigo|14\/100\n|-status|p2b: Flamigo|brn\n|-damage|p1a: Heatran|81\/100|[from] item: Life Orb\n|\n|-heal|p1a: Heatran|87\/100|[from] Grassy Terrain\n|-heal|p2a: Coalossal|33\/100|[from] Grassy Terrain\n|-damage|p2b: Flamigo|8\/100 brn|[from] brn\n|upkeep\n|turn|4\n|\n|t:|1700324047\n|switch|p2a: Sinistcha|Sinistcha-Masterpiece|85\/100\n|-heal|p2b: Flamigo|32\/100 brn|[from] ability: Hospitality|[of] p2a: Sinistcha\n|move|p1b: Rillaboom|Grassy Glide|p2b: Flamigo\n|-resisted|p2b: Flamigo\n|-damage|p2b: Flamigo|8\/100 brn\n|move|p2b: Flamigo|Brave Bird|p1b: Rillaboom\n|-supereffective|p1b: Rillaboom\n|-damage|p1b: Rillaboom|0 fnt\n|faint|p1b: Rillaboom\n|-damage|p2b: Flamigo|0 fnt|[from] Recoil\n|faint|p2b: Flamigo\n|move|p1a: Heatran|Earth Power|p2a: Sinistcha\n|-resisted|p2a: Sinistcha\n|-damage|p2a: Sinistcha|61\/100\n|-damage|p1a: Heatran|77\/100|[from] item: Life Orb\n|\n|-heal|p1a: Heatran|83\/100|[from] Grassy Terrain\n|-heal|p2a: Sinistcha|67\/100|[from] Grassy Terrain\n|-sideend|p1: dsaca|move: Tailwind\n|upkeep\n|\n|t:|1700324074\n|switch|p2b: Palafin|Palafin-Hero, M|100\/100\n|switch|p1b: Flutter Mane|Flutter Mane|100\/100\n|-activate|p2b: Palafin|ability: Zero to Hero\n|turn|5\n|\n|t:|1700324099\n|-terastallize|p1b: Flutter Mane|Fairy\n|move|p2a: Sinistcha|Protect|p2a: Sinistcha\n|-singleturn|p2a: Sinistcha|Protect\n|move|p2b: Palafin|Iron Head|p1b: Flutter Mane\n|-supereffective|p1b: Flutter Mane\n|-enditem|p1b: Flutter Mane|Focus Sash\n|-damage|p1b: Flutter Mane|1\/100\n|cant|p1b: Flutter Mane|flinch\n|move|p1a: Heatran|Heat Wave|p2a: Sinistcha|[spread] p2b\n|-activate|p2a: Sinistcha|move: Protect\n|-resisted|p2b: Palafin\n|-damage|p2b: Palafin|75\/100\n|-damage|p1a: Heatran|74\/100|[from] item: Life Orb\n|\n|-heal|p2b: Palafin|81\/100|[from] Grassy Terrain\n|-heal|p1b: Flutter Mane|7\/100|[from] Grassy Terrain\n|-heal|p1a: Heatran|80\/100|[from] Grassy Terrain\n|-heal|p2a: Sinistcha|73\/100|[from] Grassy Terrain\n|upkeep\n|turn|6\n|inactive|Big W7124 has 120 seconds left.\n|\n|t:|1700324140\n|-end|p1b: Flutter Mane|Protosynthesis|[silent]\n|switch|p1b: Milotic|Milotic, M|100\/100\n|move|p2a: Sinistcha|Rage Powder|p2a: Sinistcha\n|-singleturn|p2a: Sinistcha|move: Rage Powder\n|move|p2b: Palafin|Iron Head|p1b: Milotic\n|-resisted|p1b: Milotic\n|-damage|p1b: Milotic|86\/100\n|move|p1a: Heatran|Heat Wave|p2b: Palafin|[spread] p2a,p2b\n|-supereffective|p2a: Sinistcha\n|-resisted|p2b: Palafin\n|-crit|p2b: Palafin\n|-damage|p2a: Sinistcha|0 fnt\n|-damage|p2b: Palafin|42\/100\n|-status|p2b: Palafin|brn\n|faint|p2a: Sinistcha\n|-damage|p1a: Heatran|70\/100|[from] item: Life Orb\n|\n|-heal|p2b: Palafin|48\/100 brn|[from] Grassy Terrain\n|-heal|p1a: Heatran|76\/100|[from] Grassy Terrain\n|-heal|p1b: Milotic|92\/100|[from] Grassy Terrain\n|-heal|p1b: Milotic|98\/100|[from] item: Leftovers\n|-damage|p2b: Palafin|42\/100 brn|[from] brn\n|upkeep\n|inactive|Big W7124 has 90 seconds left.\n|\n|t:|1700324167\n|switch|p2a: Iron Hands|Iron Hands|100\/100\n|turn|7\n|\n|t:|1700324180\n|switch|p2b: Coalossal|Coalossal, F|33\/100\n|move|p2a: Iron Hands|Fake Out|p1b: Milotic\n|-damage|p1b: Milotic|84\/100\n|move|p1a: Heatran|Earth Power|p2a: Iron Hands\n|-supereffective|p2a: Iron Hands\n|-damage|p2a: Iron Hands|52\/100\n|-damage|p1a: Heatran|66\/100|[from] item: Life Orb\n|cant|p1b: Milotic|flinch\n|\n|-heal|p1a: Heatran|73\/100|[from] Grassy Terrain\n|-heal|p1b: Milotic|90\/100|[from] Grassy Terrain\n|-heal|p1b: Milotic|96\/100|[from] item: Leftovers\n|-heal|p2a: Iron Hands|58\/100|[from] Grassy Terrain\n|-heal|p2b: Coalossal|39\/100|[from] Grassy Terrain\n|-fieldend|move: Grassy Terrain\n|upkeep\n|turn|8\n|inactive|Big W7124 has 120 seconds left.\n|inactive|dsaca has 120 seconds left.\n|\n|t:|1700324222\n|move|p1a: Heatran|Earth Power|p2b: Coalossal\n|-supereffective|p2b: Coalossal\n|-damage|p2b: Coalossal|0 fnt\n|faint|p2b: Coalossal\n|-damage|p1a: Heatran|63\/100|[from] item: Life Orb\n|move|p1b: Milotic|Scald|p2a: Iron Hands\n|-damage|p2a: Iron Hands|40\/100\n|-status|p2a: Iron Hands|brn\n|move|p2a: Iron Hands|Wild Charge|p1b: Milotic\n|-supereffective|p1b: Milotic\n|-damage|p1b: Milotic|49\/100\n|-damage|p2a: Iron Hands|30\/100 brn|[from] Recoil\n|\n|-heal|p1b: Milotic|55\/100|[from] item: Leftovers\n|-damage|p2a: Iron Hands|24\/100 brn|[from] brn\n|upkeep\n|inactive|Big W7124 has 90 seconds left.\n|\n|t:|1700324241\n|switch|p2b: Palafin|Palafin-Hero, M|42\/100 brn\n|turn|9\n|\n|t:|1700324260\n|move|p2b: Palafin|Liquidation|p1b: Milotic\n|-resisted|p1b: Milotic\n|-damage|p1b: Milotic|44\/100\n|move|p1a: Heatran|Flash Cannon|p2b: Palafin\n|-resisted|p2b: Palafin\n|-damage|p2b: Palafin|10\/100 brn\n|-damage|p1a: Heatran|53\/100|[from] item: Life Orb\n|move|p1b: Milotic|Scald|p2a: Iron Hands\n|-damage|p2a: Iron Hands|9\/100 brn\n|move|p2a: Iron Hands|Drain Punch|p1a: Heatran\n|-supereffective|p1a: Heatran\n|-damage|p1a: Heatran|18\/100\n|-heal|p2a: Iron Hands|23\/100 brn|[from] drain|[of] p1a: Heatran\n|\n|-heal|p1b: Milotic|50\/100|[from] item: Leftovers\n|-damage|p2b: Palafin|4\/100 brn|[from] brn\n|-damage|p2a: Iron Hands|17\/100 brn|[from] brn\n|upkeep\n|turn|10\n|inactive|Big W7124 has 120 seconds left.\n|\n|t:|1700324285\n|move|p2b: Palafin|Liquidation|p1a: Heatran\n|-supereffective|p1a: Heatran\n|-damage|p1a: Heatran|0 fnt\n|faint|p1a: Heatran\n|move|p1b: Milotic|Scald|p2a: Iron Hands\n|-damage|p2a: Iron Hands|0 fnt\n|faint|p2a: Iron Hands\n|-end|p2a: Iron Hands|Quark Drive|[silent]\n|\n|-heal|p1b: Milotic|57\/100|[from] item: Leftovers\n|-damage|p2b: Palafin|0 fnt|[from] brn\n|faint|p2b: Palafin\n|upkeep\n|inactive|Big W7124 has 120 seconds left.\n|\n|t:|1700324298\n|switch|p1a: Flutter Mane|Flutter Mane, tera:Fairy|7\/100\n|switch|p2a: Clefairy|Clefairy, F, shiny|100\/100\n|turn|11\n|-message|Big W7124 forfeited.\n|\n|win|dsaca\n|raw|dsaca's rating: 1093 &rarr; <strong>1114<\/strong><br \/>(+21 for winning)\n|raw|Big W7124's rating: 1027 &rarr; <strong>1016<\/strong><br \/>(-11 for losing)\n|l|\u2606Big W7124\n","uploadtime":1700324316,"views":6,"p1id":"dsaca","p2id":"bigw7124","formatid":"gen9doublesou","rating":1016,"private":0,"password":""}