{"id":"gen9doublesou-1987948288","p1":"Napikins","p2":"TY SM MY GUY","format":"[Gen 9] Doubles OU","log":"|j|\u2606Napikins\n|j|\u2606TY SM MY GUY\n|t:|1699652106\n|gametype|doubles\n|player|p1|Napikins|dawn|1177\n|player|p2|TY SM MY GUY|hoopster|1261\n|teamsize|p1|6\n|teamsize|p2|6\n|gen|9\n|tier|[Gen 9] Doubles OU\n|rated|\n|rule|Species Clause: Limit one of each Pok\u00e9mon\n|rule|OHKO Clause: OHKO moves are banned\n|rule|Evasion Moves Clause: Evasion moves are banned\n|rule|Gravity Sleep Clause: The combination of sleep-inducing moves with imperfect accuracy and Gravity or Gigantamax Orbeetle are banned\n|rule|Endless Battle Clause: Forcing endless battles is banned\n|rule|HP Percentage Mod: HP is shown in percentages\n|clearpoke\n|poke|p1|Oricorio-Pom-Pom, M|\n|poke|p1|Lilligant, F|\n|poke|p1|Torkoal, F|\n|poke|p1|Scream Tail|\n|poke|p1|Indeedee-F, F|\n|poke|p1|Iron Hands|\n|poke|p2|Kilowattrel, M|\n|poke|p2|Brambleghast, M|\n|poke|p2|Politoed, M|\n|poke|p2|Ting-Lu|\n|poke|p2|Hatterene, F|\n|poke|p2|Dragonite, M|\n|teampreview\n|inactive|Battle timer is ON: inactive players will automatically lose when time's up. (requested by Napikins)\n|\n|t:|1699652110\n|start\n|switch|p1a: Oricorio|Oricorio-Pom-Pom, M, shiny|100\/100\n|switch|p1b: Lilligant|Lilligant, F, shiny|100\/100\n|switch|p2a: Ting-Lu|Ting-Lu|100\/100\n|switch|p2b: Hatterene|Hatterene, F, shiny|100\/100\n|-ability|p2a: Ting-Lu|Vessel of Ruin\n|turn|1\n|\n|t:|1699652124\n|move|p1a: Oricorio|Tailwind|p1a: Oricorio\n|-sidestart|p1: Napikins|move: Tailwind\n|move|p1b: Lilligant|Quiver Dance|p1b: Lilligant\n|-boost|p1b: Lilligant|spa|1\n|-boost|p1b: Lilligant|spd|1\n|-boost|p1b: Lilligant|spe|1\n|-activate|p1a: Oricorio|ability: Dancer\n|move|p1a: Oricorio|Quiver Dance|p1a: Oricorio|[from]ability: Dancer\n|-boost|p1a: Oricorio|spa|1\n|-boost|p1a: Oricorio|spd|1\n|-boost|p1a: Oricorio|spe|1\n|move|p2a: Ting-Lu|Stealth Rock|p1a: Oricorio\n|-sidestart|p1: Napikins|move: Stealth Rock\n|move|p2b: Hatterene|Nuzzle|p1b: Lilligant\n|-resisted|p1b: Lilligant\n|-damage|p1b: Lilligant|98\/100\n|-status|p1b: Lilligant|par\n|\n|upkeep\n|turn|2\n|inactive|Napikins has 120 seconds left.\n|\n|t:|1699652162\n|move|p1a: Oricorio|Revelation Dance|p2b: Hatterene\n|-damage|p2b: Hatterene|69\/100\n|move|p1b: Lilligant|Quiver Dance|p1b: Lilligant\n|-boost|p1b: Lilligant|spa|1\n|-boost|p1b: Lilligant|spd|1\n|-boost|p1b: Lilligant|spe|1\n|-activate|p1a: Oricorio|ability: Dancer\n|move|p1a: Oricorio|Quiver Dance|p1a: Oricorio|[from]ability: Dancer\n|-boost|p1a: Oricorio|spa|1\n|-boost|p1a: Oricorio|spd|1\n|-boost|p1a: Oricorio|spe|1\n|move|p2b: Hatterene|Mystical Fire|p1b: Lilligant\n|-supereffective|p1b: Lilligant\n|-damage|p1b: Lilligant|64\/100 par\n|-unboost|p1b: Lilligant|spa|1\n|move|p2a: Ting-Lu|Whirlwind|p1a: Oricorio\n|drag|p1a: Torkoal|Torkoal, F|100\/100\n|-damage|p1a: Torkoal|75\/100|[from] Stealth Rock\n|-weather|SunnyDay|[from] ability: Drought|[of] p1a: Torkoal\n|\n|-weather|SunnyDay|[upkeep]\n|upkeep\n|turn|3\n|inactive|Napikins has 120 seconds left.\n|inactive|Napikins has 90 seconds left.\n|\n|t:|1699652217\n|move|p1b: Lilligant|Leaf Storm|p2a: Ting-Lu\n|-supereffective|p2a: Ting-Lu\n|-damage|p2a: Ting-Lu|0 fnt\n|-unboost|p1b: Lilligant|spa|2\n|faint|p2a: Ting-Lu\n|move|p2b: Hatterene|Nuzzle|p1a: Torkoal\n|-damage|p1a: Torkoal|72\/100\n|-status|p1a: Torkoal|par\n|move|p1a: Torkoal|Heat Wave|p2b: Hatterene\n|-damage|p2b: Hatterene|22\/100\n|-damage|p1a: Torkoal|62\/100 par|[from] item: Life Orb\n|\n|-weather|SunnyDay|[upkeep]\n|upkeep\n|\n|t:|1699652224\n|switch|p2a: Politoed|Politoed, M, shiny|100\/100\n|-weather|RainDance|[from] ability: Drizzle|[of] p2a: Politoed\n|turn|4\n|\n|t:|1699652241\n|move|p1a: Torkoal|Protect|p1a: Torkoal\n|-singleturn|p1a: Torkoal|Protect\n|move|p1b: Lilligant|Leaf Storm|p2a: Politoed\n|-supereffective|p2a: Politoed\n|-damage|p2a: Politoed|33\/100\n|-unboost|p1b: Lilligant|spa|2\n|move|p2a: Politoed|Icy Wind|p1b: Lilligant|[spread] p1b\n|-activate|p1a: Torkoal|move: Protect\n|-supereffective|p1b: Lilligant\n|-damage|p1b: Lilligant|46\/100 par\n|-unboost|p1b: Lilligant|spe|1\n|move|p2b: Hatterene|Draining Kiss|p1a: Torkoal\n|-activate|p1a: Torkoal|move: Protect\n|\n|-weather|RainDance|[upkeep]\n|-sideend|p1: Napikins|move: Tailwind\n|upkeep\n|turn|5\n|inactive|Napikins has 120 seconds left.\n|\n|t:|1699652266\n|move|p1b: Lilligant|Leaf Storm|p2a: Politoed\n|-supereffective|p2a: Politoed\n|-damage|p2a: Politoed|0 fnt\n|-unboost|p1b: Lilligant|spa|2\n|faint|p2a: Politoed\n|move|p2b: Hatterene|Psyshock|p1b: Lilligant\n|-damage|p1b: Lilligant|0 fnt\n|faint|p1b: Lilligant\n|cant|p1a: Torkoal|par\n|\n|-weather|RainDance|[upkeep]\n|upkeep\n|inactive|Napikins has 120 seconds left.\n|\n|t:|1699652280\n|switch|p1b: Iron Hands|Iron Hands|100\/100\n|switch|p2a: Kilowattrel|Kilowattrel, M, shiny|100\/100\n|-damage|p1b: Iron Hands|94\/100|[from] Stealth Rock\n|turn|6\n|\n|t:|1699652298\n|move|p1b: Iron Hands|Fake Out|p2b: Hatterene\n|-damage|p2b: Hatterene|4\/100\n|move|p2a: Kilowattrel|Tailwind|p2a: Kilowattrel\n|-sidestart|p2: TY SM MY GUY|move: Tailwind\n|cant|p2b: Hatterene|flinch\n|move|p1a: Torkoal|Heat Wave|p2a: Kilowattrel|[spread] p2a,p2b\n|-damage|p2a: Kilowattrel|67\/100\n|-damage|p2b: Hatterene|0 fnt\n|faint|p2b: Hatterene\n|-damage|p1a: Torkoal|53\/100 par|[from] item: Life Orb\n|\n|-weather|RainDance|[upkeep]\n|upkeep\n|\n|t:|1699652303\n|switch|p2b: Brambleghast|Brambleghast, M, shiny|100\/100\n|-ability|p2b: Brambleghast|Wind Rider|boost\n|-boost|p2b: Brambleghast|atk|1\n|turn|7\n|inactive|Napikins has 120 seconds left.\n|\n|t:|1699652345\n|-end|p1b: Iron Hands|Quark Drive|[silent]\n|switch|p1b: Scream Tail|Scream Tail|100\/100\n|-damage|p1b: Scream Tail|88\/100|[from] Stealth Rock\n|move|p2a: Kilowattrel|Hurricane|p1b: Scream Tail\n|-damage|p1b: Scream Tail|59\/100\n|move|p2b: Brambleghast|Poltergeist|p1b: Scream Tail\n|-activate|p1b: Scream Tail|move: Poltergeist|Figy Berry\n|-supereffective|p1b: Scream Tail\n|-damage|p1b: Scream Tail|0 fnt\n|faint|p1b: Scream Tail\n|-end|p1b: Scream Tail|Protosynthesis|[silent]\n|-damage|p2b: Brambleghast|91\/100|[from] item: Life Orb\n|move|p1a: Torkoal|Heat Wave|p2b: Brambleghast|[spread] p2a\n|-ability|p2b: Brambleghast|Wind Rider|boost\n|-boost|p2b: Brambleghast|atk|1\n|-damage|p2a: Kilowattrel|31\/100\n|-status|p2a: Kilowattrel|brn\n|-damage|p1a: Torkoal|43\/100 par|[from] item: Life Orb\n|\n|-weather|RainDance|[upkeep]\n|-damage|p2a: Kilowattrel|25\/100 brn|[from] brn\n|upkeep\n|\n|t:|1699652368\n|switch|p1b: Oricorio|Oricorio-Pom-Pom, M, shiny|100\/100\n|-damage|p1b: Oricorio|76\/100|[from] Stealth Rock\n|turn|8\n|\n|t:|1699652387\n|switch|p1a: Indeedee|Indeedee-F, F|100\/100\n|-damage|p1a: Indeedee|88\/100|[from] Stealth Rock\n|-fieldstart|move: Psychic Terrain|[from] ability: Psychic Surge|[of] p1a: Indeedee\n|-enditem|p1a: Indeedee|Psychic Seed\n|-boost|p1a: Indeedee|spd|1|[from] item: Psychic Seed\n|-terastallize|p2a: Kilowattrel|Ice\n|move|p1b: Oricorio|Protect|p1b: Oricorio\n|-singleturn|p1b: Oricorio|Protect\n|move|p2a: Kilowattrel|Tera Blast|p1b: Oricorio|[anim] Tera Blast Ice\n|-activate|p1b: Oricorio|move: Protect\n|move|p2b: Brambleghast|Rapid Spin|p1a: Indeedee\n|-damage|p1a: Indeedee|38\/100\n|-boost|p2b: Brambleghast|spe|1\n|-damage|p2b: Brambleghast|81\/100|[from] item: Life Orb\n|\n|-weather|RainDance|[upkeep]\n|-damage|p2a: Kilowattrel|19\/100 brn|[from] brn\n|upkeep\n|turn|9\n|inactive|Napikins has 120 seconds left.\n|\n|t:|1699652418\n|move|p1a: Indeedee|Follow Me|p1a: Indeedee\n|-singleturn|p1a: Indeedee|move: Follow Me\n|move|p2b: Brambleghast|Pounce|p1a: Indeedee\n|-supereffective|p1a: Indeedee\n|-damage|p1a: Indeedee|0 fnt\n|faint|p1a: Indeedee\n|-damage|p2b: Brambleghast|71\/100|[from] item: Life Orb\n|move|p2a: Kilowattrel|Tera Blast|p1b: Oricorio|[anim] Tera Blast Ice\n|-supereffective|p1b: Oricorio\n|-damage|p1b: Oricorio|0 fnt\n|faint|p1b: Oricorio\n|\n|-weather|RainDance|[upkeep]\n|-damage|p2a: Kilowattrel|13\/100 brn|[from] brn\n|-sideend|p2: TY SM MY GUY|move: Tailwind\n|upkeep\n|\n|t:|1699652430\n|switch|p1b: Torkoal|Torkoal, F|43\/100 par\n|switch|p1a: Iron Hands|Iron Hands|94\/100\n|-damage|p1a: Iron Hands|88\/100|[from] Stealth Rock\n|-damage|p1b: Torkoal|18\/100 par|[from] Stealth Rock\n|-weather|SunnyDay|[from] ability: Drought|[of] p1b: Torkoal\n|turn|10\n|\n|t:|1699652447\n|move|p1b: Torkoal|Protect|p1b: Torkoal\n|-singleturn|p1b: Torkoal|Protect\n|move|p1a: Iron Hands|Fake Out|p2b: Brambleghast\n|-activate|p2b: Brambleghast|move: Psychic Terrain\n|move|p2b: Brambleghast|Rapid Spin|p1b: Torkoal\n|-activate|p1b: Torkoal|move: Protect\n|move|p2a: Kilowattrel|Volt Switch|p1b: Torkoal\n|-activate|p1b: Torkoal|move: Protect\n|\n|-weather|SunnyDay|[upkeep]\n|-damage|p2a: Kilowattrel|7\/100 brn|[from] brn\n|upkeep\n|turn|11\n|inactive|Napikins has 120 seconds left.\n|\n|t:|1699652469\n|move|p2b: Brambleghast|Poltergeist|p1a: Iron Hands\n|-activate|p1a: Iron Hands|move: Poltergeist|Assault Vest\n|-damage|p1a: Iron Hands|4\/100\n|-damage|p2b: Brambleghast|61\/100|[from] item: Life Orb\n|move|p2a: Kilowattrel|Volt Switch|p1b: Torkoal\n|-damage|p1b: Torkoal|0 fnt\n|faint|p1b: Torkoal\n|\n|t:|1699652473\n|switch|p2a: Dragonite|Dragonite, M, shiny|100\/100|[from] Volt Switch\n|move|p1a: Iron Hands|Drain Punch|p2a: Dragonite\n|-resisted|p2a: Dragonite\n|-damage|p2a: Dragonite|90\/100\n|-heal|p1a: Iron Hands|8\/100|[from] drain|[of] p2a: Dragonite\n|\n|-weather|SunnyDay|[upkeep]\n|upkeep\n|turn|12\n|c|\u2606TY SM MY GUY|Gg\n|inactive|Napikins has 120 seconds left.\n|\n|t:|1699652494\n|move|p2b: Brambleghast|Seed Bomb|p1a: Iron Hands\n|-damage|p1a: Iron Hands|0 fnt\n|faint|p1a: Iron Hands\n|-end|p1a: Iron Hands|Quark Drive|[silent]\n|-damage|p2b: Brambleghast|51\/100|[from] item: Life Orb\n|\n|win|TY SM MY GUY\n|raw|Napikins's rating: 1177 &rarr; <strong>1158<\/strong><br \/>(-19 for losing)\n|raw|TY SM MY GUY's rating: 1261 &rarr; <strong>1280<\/strong><br \/>(+19 for winning)\n|c|\u2606Napikins|gg\n|l|\u2606Napikins\n","uploadtime":1699652505,"views":7,"p1id":"napikins","p2id":"tysmmyguy","formatid":"gen9doublesou","rating":1158,"private":0,"password":""}