{"id":"gen9doublesou-1973466407","p1":"rngsway","p2":"deadlydirt","format":"[Gen 9] Doubles OU","log":"|j|\u2606rngsway\n|j|\u2606deadlydirt\n|t:|1697979849\n|gametype|doubles\n|player|p1|rngsway|pokefanf-gen4|1128\n|player|p2|deadlydirt|harlequin|1054\n|teamsize|p1|6\n|teamsize|p2|6\n|gen|9\n|tier|[Gen 9] Doubles OU\n|rated|\n|rule|Species Clause: Limit one of each Pok\u00e9mon\n|rule|OHKO Clause: OHKO moves are banned\n|rule|Evasion Moves Clause: Evasion moves are banned\n|rule|Gravity Sleep Clause: The combination of sleep-inducing moves with imperfect accuracy and Gravity or Gigantamax Orbeetle are banned\n|rule|Endless Battle Clause: Forcing endless battles is banned\n|rule|HP Percentage Mod: HP is shown in percentages\n|clearpoke\n|poke|p1|Quaquaval, F|\n|poke|p1|Krookodile, F|\n|poke|p1|Enamorus, F|\n|poke|p1|Cinderace, M|\n|poke|p1|Dondozo, F|\n|poke|p1|Infernape, F|\n|poke|p2|Floatzel, M|\n|poke|p2|Pelipper, M|\n|poke|p2|Gholdengo|\n|poke|p2|Dragonite, M|\n|poke|p2|Goodra-Hisui, F|\n|poke|p2|Kingambit, M|\n|teampreview\n|\n|t:|1697979868\n|start\n|switch|p1a: Enamorus|Enamorus, F|100\/100\n|switch|p1b: Cinderace|Cinderace, M|100\/100\n|switch|p2a: Pelipper|Pelipper, M, shiny|100\/100\n|switch|p2b: Kingambit|Kingambit, M, shiny|100\/100\n|-weather|RainDance|[from] ability: Drizzle|[of] p2a: Pelipper\n|-ability|p2b: Kingambit|Pressure\n|turn|1\n|\n|t:|1697979880\n|-terastallize|p1a: Enamorus|Electric\n|move|p1a: Enamorus|Tera Blast|p2a: Pelipper|[anim] Tera Blast Electric\n|-supereffective|p2a: Pelipper\n|-enditem|p2a: Pelipper|Focus Sash\n|-damage|p2a: Pelipper|1\/100\n|move|p1b: Cinderace|High Jump Kick|p2b: Kingambit\n|-start|p1b: Cinderace|typechange|Fighting|[from] ability: Libero\n|-supereffective|p2b: Kingambit\n|-damage|p2b: Kingambit|0 fnt\n|faint|p2b: Kingambit\n|move|p2a: Pelipper|Tailwind|p2a: Pelipper\n|-sidestart|p2: deadlydirt|move: Tailwind\n|\n|-weather|RainDance|[upkeep]\n|upkeep\n|\n|t:|1697979895\n|switch|p2b: Gholdengo|Gholdengo, shiny|100\/100\n|turn|2\n|\n|t:|1697979925\n|-terastallize|p2b: Gholdengo|Fairy\n|move|p2a: Pelipper|Protect|p2a: Pelipper\n|-singleturn|p2a: Pelipper|Protect\n|move|p1b: Cinderace|Sucker Punch|p2b: Gholdengo\n|-resisted|p2b: Gholdengo\n|-damage|p2b: Gholdengo|89\/100\n|move|p2b: Gholdengo|Dazzling Gleam|p1a: Enamorus|[spread] p1a,p1b\n|-supereffective|p1b: Cinderace\n|-damage|p1a: Enamorus|31\/100\n|-damage|p1b: Cinderace|0 fnt\n|faint|p1b: Cinderace\n|move|p1a: Enamorus|Superpower|p2a: Pelipper\n|-activate|p2a: Pelipper|move: Protect\n|\n|-weather|RainDance|[upkeep]\n|upkeep\n|\n|t:|1697979933\n|switch|p1b: Dondozo|Dondozo, F|100\/100\n|turn|3\n|\n|t:|1697979946\n|move|p2b: Gholdengo|Dazzling Gleam|p1b: Dondozo|[spread] p1a,p1b\n|-damage|p1a: Enamorus|0 fnt\n|-damage|p1b: Dondozo|63\/100\n|faint|p1a: Enamorus\n|move|p2a: Pelipper|Hurricane|p1b: Dondozo\n|-damage|p1b: Dondozo|36\/100\n|move|p1b: Dondozo|Body Slam|p2a: Pelipper\n|-damage|p2a: Pelipper|0 fnt\n|faint|p2a: Pelipper\n|\n|-weather|RainDance|[upkeep]\n|-heal|p1b: Dondozo|42\/100|[from] item: Leftovers\n|upkeep\n|\n|t:|1697979961\n|switch|p1a: Quaquaval|Quaquaval, F|100\/100\n|switch|p2a: Dragonite|Dragonite, M, shiny|100\/100\n|turn|4\n|\n|t:|1697979969\n|move|p2b: Gholdengo|Dazzling Gleam|p1a: Quaquaval|[spread] p1a,p1b\n|-supereffective|p1a: Quaquaval\n|-damage|p1a: Quaquaval|0 fnt\n|-damage|p1b: Dondozo|8\/100\n|faint|p1a: Quaquaval\n|move|p2a: Dragonite|Dragon Dance|p2a: Dragonite\n|-boost|p2a: Dragonite|atk|1\n|-boost|p2a: Dragonite|spe|1\n|move|p1b: Dondozo|Curse|p1b: Dondozo\n|-unboost|p1b: Dondozo|spe|1\n|-boost|p1b: Dondozo|atk|1\n|-boost|p1b: Dondozo|def|1\n|\n|-weather|RainDance|[upkeep]\n|-heal|p1b: Dondozo|14\/100|[from] item: Leftovers\n|-sideend|p2: deadlydirt|move: Tailwind\n|upkeep\n|\n|t:|1697979974\n|switch|p1a: Krookodile|Krookodile, F|100\/100\n|turn|5\n|-message|rngsway forfeited.\n|\n|win|deadlydirt\n|raw|rngsway's rating: 1128 &rarr; <strong>1098<\/strong><br \/>(-30 for losing)\n|raw|deadlydirt's rating: 1054 &rarr; <strong>1093<\/strong><br \/>(+39 for winning)\n|l|\u2606rngsway\n","uploadtime":1697979992,"views":22,"p1id":"rngsway","p2id":"deadlydirt","formatid":"gen9doublesou","rating":1093,"private":0,"password":""}