{"id":"gen9doublesou-1982237049","p1":"Alobar","p2":"VikrThe","format":"[Gen 9] Doubles OU","log":"|j|\u2606Alobar\n|j|\u2606VikrThe\n|t:|1698982781\n|gametype|doubles\n|player|p1|Alobar|265|1441\n|player|p2|VikrThe|102|1349\n|teamsize|p1|6\n|teamsize|p2|6\n|gen|9\n|tier|[Gen 9] Doubles OU\n|rated|\n|rule|Species Clause: Limit one of each Pok\u00e9mon\n|rule|OHKO Clause: OHKO moves are banned\n|rule|Evasion Moves Clause: Evasion moves are banned\n|rule|Gravity Sleep Clause: The combination of sleep-inducing moves with imperfect accuracy and Gravity or Gigantamax Orbeetle are banned\n|rule|Endless Battle Clause: Forcing endless battles is banned\n|rule|HP Percentage Mod: HP is shown in percentages\n|clearpoke\n|poke|p1|Amoonguss, M|\n|poke|p1|Volcanion|\n|poke|p1|Ditto|\n|poke|p1|Dragapult, M|\n|poke|p1|Mew|\n|poke|p1|Grimmsnarl, M|\n|poke|p2|Iron Hands|\n|poke|p2|Grimmsnarl, M|\n|poke|p2|Ogerpon-Hearthflame, F|\n|poke|p2|Clefairy, M|\n|poke|p2|Roaring Moon|\n|poke|p2|Kommo-o, F|\n|teampreview\n|\n|t:|1698982786\n|start\n|switch|p1a: Mew|Mew|100\/100\n|switch|p1b: Grimmsnarl|Grimmsnarl, M|100\/100\n|switch|p2a: Grimmsnarl|Grimmsnarl, M|100\/100\n|switch|p2b: Iron Hands|Iron Hands|100\/100\n|turn|1\n|\n|t:|1698982797\n|move|p1b: Grimmsnarl|Fake Out|p2b: Iron Hands\n|-damage|p2b: Iron Hands|93\/100\n|cant|p2b: Iron Hands|flinch\n|move|p2a: Grimmsnarl|Swagger|p1a: Mew\n|-boost|p1a: Mew|atk|2\n|-enditem|p2b: Iron Hands|Mirror Herb\n|-boost|p2b: Iron Hands|atk|2|[from] item: Mirror Herb\n|-start|p1a: Mew|confusion\n|-activate|p1a: Mew|confusion\n|-damage|p1a: Mew|86\/100|[from] confusion\n|\n|upkeep\n|turn|2\n|\n|t:|1698982826\n|switch|p1a: Amoonguss|Amoonguss, M|100\/100\n|move|p2a: Grimmsnarl|Light Screen|p2a: Grimmsnarl\n|-sidestart|p2: VikrThe|move: Light Screen\n|move|p1b: Grimmsnarl|Reflect|p1b: Grimmsnarl\n|-sidestart|p1: Alobar|Reflect\n|move|p2b: Iron Hands|Thunder Punch|p1a: Amoonguss\n|-resisted|p1a: Amoonguss\n|-damage|p1a: Amoonguss|69\/100\n|\n|-heal|p1a: Amoonguss|75\/100|[from] item: Black Sludge\n|upkeep\n|turn|3\n|\n|t:|1698982848\n|switch|p2a: Roaring Moon|Roaring Moon|100\/100\n|move|p2b: Iron Hands|Protect|p2b: Iron Hands\n|-singleturn|p2b: Iron Hands|Protect\n|move|p1b: Grimmsnarl|Spirit Break|p2a: Roaring Moon\n|-supereffective|p2a: Roaring Moon\n|-damage|p2a: Roaring Moon|0 fnt\n|faint|p2a: Roaring Moon\n|-end|p2a: Roaring Moon|Protosynthesis|[silent]\n|move|p1a: Amoonguss|Spore|p2b: Iron Hands\n|-activate|p2b: Iron Hands|move: Protect\n|\n|-heal|p1a: Amoonguss|82\/100|[from] item: Black Sludge\n|upkeep\n|\n|t:|1698982868\n|switch|p2a: Ogerpon|Ogerpon-Hearthflame, F|100\/100\n|-ability|p2a: Ogerpon|Mold Breaker\n|turn|4\n|\n|t:|1698982878\n|-terastallize|p2a: Ogerpon|Fire\n|detailschange|p2a: Ogerpon|Ogerpon-Hearthflame-Tera, F, tera:Fire\n|-ability|p2a: Ogerpon|Embody Aspect (Hearthflame)|boost\n|-boost|p2a: Ogerpon|atk|1\n|move|p1b: Grimmsnarl|Light Screen|p1b: Grimmsnarl\n|-sidestart|p1: Alobar|move: Light Screen\n|move|p2a: Ogerpon|Ivy Cudgel|p1a: Amoonguss\n|-supereffective|p1a: Amoonguss\n|-damage|p1a: Amoonguss|0 fnt\n|faint|p1a: Amoonguss\n|move|p2b: Iron Hands|Drain Punch|p1b: Grimmsnarl\n|-damage|p1b: Grimmsnarl|27\/100\n|-heal|p2b: Iron Hands|100\/100|[from] drain|[of] p1b: Grimmsnarl\n|\n|upkeep\n|\n|t:|1698982887\n|switch|p1a: Ditto|Ditto|100\/100\n|-transform|p1a: Ditto|p2b: Iron Hands|[from] ability: Imposter\n|turn|5\n|\n|t:|1698982907\n|switch|p1b: Mew|Mew|86\/100\n|move|p2b: Iron Hands|Protect|p2b: Iron Hands\n|-singleturn|p2b: Iron Hands|Protect\n|move|p2a: Ogerpon|Ivy Cudgel|p1a: Ditto\n|-damage|p1a: Ditto|11\/100\n|move|p1a: Ditto|Drain Punch|p2a: Ogerpon\n|-damage|p2a: Ogerpon|0 fnt\n|-heal|p1a: Ditto|62\/100|[from] drain|[of] p2a: Ogerpon\n|faint|p2a: Ogerpon\n|\n|upkeep\n|\n|t:|1698982927\n|switch|p2a: Grimmsnarl|Grimmsnarl, M|100\/100\n|turn|6\n|\n|t:|1698982961\n|move|p2a: Grimmsnarl|Reflect|p2a: Grimmsnarl\n|-sidestart|p2: VikrThe|Reflect\n|move|p1b: Mew|Icy Wind|p2b: Iron Hands|[spread] p2a,p2b\n|-damage|p2a: Grimmsnarl|92\/100\n|-damage|p2b: Iron Hands|94\/100\n|-unboost|p2a: Grimmsnarl|spe|1\n|-unboost|p2b: Iron Hands|spe|1\n|move|p1a: Ditto|Drain Punch|p2b: Iron Hands\n|-damage|p2b: Iron Hands|48\/100\n|-heal|p1a: Ditto|97\/100|[from] drain|[of] p2b: Iron Hands\n|move|p2b: Iron Hands|Drain Punch|p1a: Ditto\n|-damage|p1a: Ditto|37\/100\n|-heal|p2b: Iron Hands|68\/100|[from] drain|[of] p1a: Ditto\n|\n|upkeep\n|turn|7\n|\n|t:|1698982983\n|move|p2a: Grimmsnarl|Parting Shot|p1a: Ditto\n|-unboost|p1a: Ditto|atk|1\n|-unboost|p1a: Ditto|spa|1\n|\n|t:|1698982986\n|switch|p2a: Clefairy|Clefairy, M|100\/100|[from] Parting Shot\n|move|p1b: Mew|Icy Wind|p2b: Iron Hands|[spread] p2a,p2b\n|-damage|p2a: Clefairy|95\/100\n|-damage|p2b: Iron Hands|63\/100\n|-unboost|p2a: Clefairy|spe|1\n|-unboost|p2b: Iron Hands|spe|1\n|move|p1a: Ditto|Drain Punch|p2b: Iron Hands\n|-damage|p2b: Iron Hands|37\/100\n|-heal|p1a: Ditto|57\/100|[from] drain|[of] p2b: Iron Hands\n|move|p2b: Iron Hands|Drain Punch|p1a: Ditto\n|-damage|p1a: Ditto|0 fnt\n|-heal|p2b: Iron Hands|56\/100|[from] drain|[of] p1a: Ditto\n|faint|p1a: Ditto\n|-end|p1a: Ditto|Quark Drive|[silent]\n|\n|upkeep\n|\n|t:|1698982993\n|switch|p1a: Volcanion|Volcanion|100\/100\n|turn|8\n|\n|t:|1698983013\n|switch|p1b: Grimmsnarl|Grimmsnarl, M|27\/100\n|-terastallize|p1a: Volcanion|Fire\n|move|p2b: Iron Hands|Protect|p2b: Iron Hands\n|-singleturn|p2b: Iron Hands|Protect\n|move|p1a: Volcanion|Heat Wave|p2a: Clefairy|[spread] p2a\n|-activate|p2b: Iron Hands|move: Protect\n|-damage|p2a: Clefairy|58\/100\n|move|p2a: Clefairy|Thunder Wave|p1a: Volcanion\n|-status|p1a: Volcanion|par\n|\n|upkeep\n|turn|9\n|\n|t:|1698983034\n|move|p1b: Grimmsnarl|Fake Out|p2b: Iron Hands\n|-damage|p2b: Iron Hands|52\/100\n|move|p1a: Volcanion|Heat Wave|p2a: Clefairy|[spread] p2a,p2b\n|-damage|p2a: Clefairy|22\/100\n|-damage|p2b: Iron Hands|22\/100\n|move|p2a: Clefairy|Life Dew|p2a: Clefairy|[spread] p2a,p2b\n|-heal|p2a: Clefairy|47\/100\n|-heal|p2b: Iron Hands|47\/100\n|cant|p2b: Iron Hands|flinch\n|\n|-sideend|p1: Alobar|Reflect\n|-sideend|p2: VikrThe|move: Light Screen\n|upkeep\n|turn|10\n|\n|t:|1698983056\n|move|p1b: Grimmsnarl|Reflect|p1b: Grimmsnarl\n|-sidestart|p1: Alobar|Reflect\n|cant|p1a: Volcanion|par\n|move|p2a: Clefairy|Life Dew|p2a: Clefairy|[spread] p2a,p2b\n|-heal|p2a: Clefairy|72\/100\n|-heal|p2b: Iron Hands|72\/100\n|move|p2b: Iron Hands|Drain Punch|p1a: Volcanion\n|-damage|p1a: Volcanion|55\/100 par\n|-heal|p2b: Iron Hands|90\/100|[from] drain|[of] p1a: Volcanion\n|\n|upkeep\n|turn|11\n|\n|t:|1698983077\n|move|p1b: Grimmsnarl|Spirit Break|p2b: Iron Hands\n|-supereffective|p2b: Iron Hands\n|-damage|p2b: Iron Hands|70\/100\n|-unboost|p2b: Iron Hands|spa|1\n|move|p1a: Volcanion|Heat Wave|p2a: Clefairy|[spread] p2a,p2b\n|-damage|p2a: Clefairy|12\/100\n|-damage|p2b: Iron Hands|21\/100\n|move|p2a: Clefairy|Life Dew|p2a: Clefairy|[spread] p2a,p2b\n|-heal|p2a: Clefairy|37\/100\n|-heal|p2b: Iron Hands|46\/100\n|move|p2b: Iron Hands|Drain Punch|p1b: Grimmsnarl\n|-damage|p1b: Grimmsnarl|0 fnt\n|-heal|p2b: Iron Hands|58\/100|[from] drain|[of] p1b: Grimmsnarl\n|faint|p1b: Grimmsnarl\n|\n|-sideend|p1: Alobar|move: Light Screen\n|upkeep\n|\n|t:|1698983086\n|switch|p1b: Mew|Mew|86\/100\n|turn|12\n|\n|t:|1698983103\n|move|p2b: Iron Hands|Protect|p2b: Iron Hands\n|-singleturn|p2b: Iron Hands|Protect\n|move|p1b: Mew|Trick|p2b: Iron Hands\n|-activate|p2b: Iron Hands|move: Protect\n|move|p1a: Volcanion|Heat Wave|p2b: Iron Hands|[spread] p2a\n|-activate|p2b: Iron Hands|move: Protect\n|-damage|p2a: Clefairy|0 fnt\n|faint|p2a: Clefairy\n|\n|upkeep\n|\n|t:|1698983114\n|switch|p2a: Grimmsnarl|Grimmsnarl, M|92\/100\n|turn|13\n|\n|t:|1698983123\n|move|p2a: Grimmsnarl|Light Screen|p2a: Grimmsnarl\n|-sidestart|p2: VikrThe|move: Light Screen\n|move|p1b: Mew|Trick|p2a: Grimmsnarl\n|-activate|p1b: Mew|move: Trick|[of] p2a: Grimmsnarl\n|-item|p2a: Grimmsnarl|Choice Scarf|[from] move: Trick\n|-item|p1b: Mew|Light Clay|[from] move: Trick\n|move|p1a: Volcanion|Heat Wave|p2a: Grimmsnarl|[spread] p2a,p2b\n|-damage|p2a: Grimmsnarl|31\/100\n|-damage|p2b: Iron Hands|18\/100\n|move|p2b: Iron Hands|Drain Punch|p1a: Volcanion\n|-damage|p1a: Volcanion|5\/100 par\n|-heal|p2b: Iron Hands|39\/100|[from] drain|[of] p1a: Volcanion\n|\n|-sideend|p2: VikrThe|Reflect\n|upkeep\n|turn|14\n|\n|t:|1698983152\n|move|p2a: Grimmsnarl|Parting Shot|p1a: Volcanion\n|-unboost|p1a: Volcanion|atk|1\n|-unboost|p1a: Volcanion|spa|1\n|\n|t:|1698983155\n|switch|p2a: Kommo-o|Kommo-o, F|100\/100|[from] Parting Shot\n|move|p1b: Mew|Icy Wind|p2b: Iron Hands|[spread] p2a,p2b\n|-supereffective|p2a: Kommo-o\n|-damage|p2a: Kommo-o|89\/100\n|-damage|p2b: Iron Hands|33\/100\n|-unboost|p2a: Kommo-o|spe|1\n|-unboost|p2b: Iron Hands|spe|1\n|move|p1a: Volcanion|Heat Wave|p2a: Kommo-o|[spread] p2a,p2b\n|-resisted|p2a: Kommo-o\n|-damage|p2a: Kommo-o|78\/100\n|-damage|p2b: Iron Hands|4\/100\n|move|p2b: Iron Hands|Thunder Punch|p1b: Mew\n|-damage|p1b: Mew|29\/100\n|-status|p1b: Mew|par\n|-activate|p1b: Mew|ability: Synchronize\n|-immune|p2b: Iron Hands\n|\n|-heal|p2a: Kommo-o|84\/100|[from] item: Leftovers\n|upkeep\n|turn|15\n|\n|t:|1698983172\n|move|p2b: Iron Hands|Protect|p2b: Iron Hands\n|-singleturn|p2b: Iron Hands|Protect\n|move|p1b: Mew|Icy Wind|p2b: Iron Hands|[spread] p2a\n|-activate|p2b: Iron Hands|move: Protect\n|-supereffective|p2a: Kommo-o\n|-damage|p2a: Kommo-o|74\/100\n|-unboost|p2a: Kommo-o|spe|1\n|move|p2a: Kommo-o|Body Press|p1a: Volcanion\n|-damage|p1a: Volcanion|0 fnt\n|faint|p1a: Volcanion\n|\n|-heal|p2a: Kommo-o|80\/100|[from] item: Leftovers\n|upkeep\n|\n|t:|1698983181\n|switch|p1a: Dragapult|Dragapult, M|100\/100\n|turn|16\n|\n|t:|1698983218\n|-end|p2b: Iron Hands|Quark Drive|[silent]\n|switch|p2b: Grimmsnarl|Grimmsnarl, M|31\/100\n|move|p1a: Dragapult|Dragon Darts|p2a: Kommo-o\n|-supereffective|p2a: Kommo-o\n|-damage|p2a: Kommo-o|19\/100\n|-anim|p1a: Dragapult|Dragon Darts|p2a: Kommo-o\n|-supereffective|p2a: Kommo-o\n|-damage|p2a: Kommo-o|0 fnt\n|faint|p2a: Kommo-o\n|-damage|p1a: Dragapult|91\/100|[from] item: Life Orb\n|move|p1b: Mew|Icy Wind|p2b: Grimmsnarl|[miss]\n|-miss|p1b: Mew|p2b: Grimmsnarl\n|\n|upkeep\n|\n|t:|1698983225\n|switch|p2a: Iron Hands|Iron Hands|4\/100\n|turn|17\n|\n|t:|1698983245\n|move|p2a: Iron Hands|Fake Out|p1b: Mew\n|-damage|p1b: Mew|18\/100 par\n|move|p2b: Grimmsnarl|Swagger|p1a: Dragapult\n|-boost|p1a: Dragapult|atk|2\n|-start|p1a: Dragapult|confusion\n|-activate|p1a: Dragapult|confusion\n|-damage|p1a: Dragapult|53\/100|[from] confusion\n|cant|p1b: Mew|flinch\n|\n|-sideend|p1: Alobar|Reflect\n|upkeep\n|turn|18\n|\n|t:|1698983262\n|move|p2b: Grimmsnarl|Swagger|p1b: Mew\n|-boost|p1b: Mew|atk|2\n|-start|p1b: Mew|confusion\n|-activate|p1a: Dragapult|confusion\n|move|p1a: Dragapult|Dragon Darts|p2a: Iron Hands\n|-damage|p2a: Iron Hands|0 fnt\n|faint|p2a: Iron Hands\n|-end|p2a: Iron Hands|Quark Drive|[silent]\n|-damage|p1a: Dragapult|43\/100|[from] item: Life Orb\n|-activate|p1b: Mew|confusion\n|-damage|p1b: Mew|3\/100 par|[from] confusion\n|\n|upkeep\n|turn|19\n|\n|t:|1698983275\n|move|p2b: Grimmsnarl|Swagger|p1a: Dragapult|[miss]\n|-miss|p2b: Grimmsnarl|p1a: Dragapult\n|-activate|p1a: Dragapult|confusion\n|move|p1a: Dragapult|Will-O-Wisp|p2b: Grimmsnarl\n|-status|p2b: Grimmsnarl|brn\n|-activate|p1b: Mew|confusion\n|-damage|p1b: Mew|0 fnt|[from] confusion\n|faint|p1b: Mew\n|\n|-damage|p2b: Grimmsnarl|25\/100 brn|[from] brn\n|upkeep\n|turn|20\n|\n|t:|1698983284\n|-activate|p1a: Dragapult|confusion\n|move|p1a: Dragapult|Sucker Punch||[still]\n|-fail|p1a: Dragapult\n|move|p2b: Grimmsnarl|Swagger|p1a: Dragapult\n|-boost|p1a: Dragapult|atk|2\n|\n|-damage|p2b: Grimmsnarl|19\/100 brn|[from] brn\n|-sideend|p2: VikrThe|move: Light Screen\n|upkeep\n|turn|21\n|\n|t:|1698983291\n|-end|p1a: Dragapult|confusion\n|move|p1a: Dragapult|Sucker Punch||[still]\n|-fail|p1a: Dragapult\n|move|p2b: Grimmsnarl|Swagger|p1a: Dragapult\n|-boost|p1a: Dragapult|atk|2\n|-start|p1a: Dragapult|confusion\n|\n|-damage|p2b: Grimmsnarl|13\/100 brn|[from] brn\n|upkeep\n|turn|22\n|\n|t:|1698983299\n|-activate|p1a: Dragapult|confusion\n|move|p1a: Dragapult|Sucker Punch||[still]\n|-fail|p1a: Dragapult\n|move|p2b: Grimmsnarl|Swagger||[still]\n|-boost|p1a: Dragapult|atk|0\n|-fail|p2b: Grimmsnarl\n|\n|-damage|p2b: Grimmsnarl|7\/100 brn|[from] brn\n|upkeep\n|turn|23\n|\n|t:|1698983303\n|-end|p1a: Dragapult|confusion\n|move|p1a: Dragapult|Sucker Punch||[still]\n|-fail|p1a: Dragapult\n|move|p2b: Grimmsnarl|Swagger|p1a: Dragapult\n|-boost|p1a: Dragapult|atk|0\n|-start|p1a: Dragapult|confusion\n|\n|-damage|p2b: Grimmsnarl|0 fnt|[from] brn\n|faint|p2b: Grimmsnarl\n|\n|win|Alobar\n|upkeep\n|raw|Alobar's rating: 1441 &rarr; <strong>1456<\/strong><br \/>(+15 for winning)\n|raw|VikrThe's rating: 1349 &rarr; <strong>1334<\/strong><br \/>(-15 for losing)\n","uploadtime":1698983319,"views":12,"p1id":"alobar","p2id":"vikrthe","formatid":"gen9doublesou","rating":1334,"private":0,"password":""}