{"id":"gen9doublesou-1983295866","p1":"asnax","p2":"PogRamsey","format":"[Gen 9] Doubles OU","log":"|j|\u2606asnax\n|j|\u2606PogRamsey\n|inactive|Battle timer is ON: inactive players will automatically lose when time's up.\n|t:|1699115291\n|gametype|doubles\n|player|p1|asnax|1|\n|player|p2|PogRamsey|chuck|\n|teamsize|p1|6\n|teamsize|p2|6\n|gen|9\n|tier|[Gen 9] Doubles OU\n|rated|Tournament battle\n|rule|Species Clause: Limit one of each Pok\u00e9mon\n|rule|OHKO Clause: OHKO moves are banned\n|rule|Evasion Moves Clause: Evasion moves are banned\n|rule|Gravity Sleep Clause: The combination of sleep-inducing moves with imperfect accuracy and Gravity or Gigantamax Orbeetle are banned\n|rule|Endless Battle Clause: Forcing endless battles is banned\n|rule|HP Percentage Mod: HP is shown in percentages\n|clearpoke\n|poke|p1|Delphox, M|\n|poke|p1|Dunsparce, F|\n|poke|p1|Copperajah, F|\n|poke|p1|Snorlax, M|\n|poke|p1|Jumpluff, F|\n|poke|p1|Chimecho, M|\n|poke|p2|Milotic, F|\n|poke|p2|Yanmega, F|\n|poke|p2|Zoroark-Hisui, M|\n|poke|p2|Sneasler, F|\n|poke|p2|Blissey, F|\n|poke|p2|Wyrdeer, F|\n|teampreview\n|j|*Lady Monita \u263d\n|inactive|asnax also wants the timer to be on.\n|inactive|PogRamsey also wants the timer to be on.\n|j| Oscarx90\n|c|\u2606PogRamsey|gl\n|c|\u2606asnax|glhf\n|inactive|asnax has 120 seconds left.\n|j| EasyWash\n|\n|t:|1699115337\n|start\n|switch|p1a: Copperajah|Copperajah, F|100\/100\n|switch|p1b: Chimecho|Chimecho, M|100\/100\n|switch|p2a: Blissey|Blissey, F|100\/100\n|switch|p2b: Sneasler|Sneasler, F|100\/100\n|turn|1\n|inactive|PogRamsey has 120 seconds left.\n|\n|t:|1699115381\n|move|p2b: Sneasler|U-turn|p1a: Copperajah\n|-resisted|p1a: Copperajah\n|-damage|p1a: Copperajah|87\/100\n|\n|t:|1699115388\n|switch|p2b: Wyrdeer|Wyrdeer, F|100\/100|[from] U-turn\n|-ability|p2b: Wyrdeer|Intimidate|boost\n|-unboost|p1a: Copperajah|atk|1\n|-unboost|p1b: Chimecho|atk|1\n|move|p1b: Chimecho|Psychic|p2b: Wyrdeer\n|-resisted|p2b: Wyrdeer\n|-damage|p2b: Wyrdeer|90\/100\n|move|p2a: Blissey|Thunder Wave|p1b: Chimecho\n|-status|p1b: Chimecho|par\n|move|p1a: Copperajah|Iron Head|p2a: Blissey\n|-damage|p2a: Blissey|65\/100\n|\n|-heal|p2a: Blissey|71\/100|[from] item: Leftovers\n|-heal|p1a: Copperajah|94\/100|[from] item: Leftovers\n|upkeep\n|turn|2\n|inactive|PogRamsey has 120 seconds left.\n|\n|t:|1699115415\n|switch|p1a: Snorlax|Snorlax, M|100\/100\n|move|p2b: Wyrdeer|Psyshield Bash|p1a: Snorlax\n|-damage|p1a: Snorlax|66\/100\n|-boost|p2b: Wyrdeer|def|1\n|move|p2a: Blissey|Thunder Wave|p1a: Snorlax\n|-status|p1a: Snorlax|par\n|move|p1b: Chimecho|Calm Mind|p1b: Chimecho\n|-boost|p1b: Chimecho|spa|1\n|-boost|p1b: Chimecho|spd|1\n|\n|-heal|p2a: Blissey|77\/100|[from] item: Leftovers\n|upkeep\n|turn|3\n|c|\u2606asnax|psyshield bash\n|inactive|PogRamsey has 120 seconds left.\n|c|\u2606asnax|oops lol\n|inactive|asnax has 120 seconds left.\n|l| Oscarx90\n|\n|t:|1699115452\n|move|p2a: Blissey|Helping Hand|p2b: Wyrdeer\n|-singleturn|p2b: Wyrdeer|Helping Hand|[of] p2a: Blissey\n|move|p2b: Wyrdeer|Psyshield Bash|p1a: Snorlax\n|-damage|p1a: Snorlax|21\/100 par\n|-boost|p2b: Wyrdeer|def|1\n|cant|p1b: Chimecho|par\n|move|p1a: Snorlax|Curse|p1a: Snorlax\n|-unboost|p1a: Snorlax|spe|1\n|-boost|p1a: Snorlax|atk|1\n|-boost|p1a: Snorlax|def|1\n|\n|-heal|p2a: Blissey|83\/100|[from] item: Leftovers\n|upkeep\n|turn|4\n|c|\u2606PogRamsey|why oops?\n|inactive|PogRamsey has 120 seconds left.\n|\n|t:|1699115479\n|move|p2b: Wyrdeer|Trailblaze|p1b: Chimecho\n|-damage|p1b: Chimecho|80\/100 par\n|-boost|p2b: Wyrdeer|spe|1\n|move|p2a: Blissey|Seismic Toss|p1a: Snorlax\n|-damage|p1a: Snorlax|2\/100 par\n|move|p1b: Chimecho|Calm Mind|p1b: Chimecho\n|-boost|p1b: Chimecho|spa|1\n|-boost|p1b: Chimecho|spd|1\n|move|p1a: Snorlax|Body Slam|p2a: Blissey\n|-damage|p2a: Blissey|35\/100\n|\n|-heal|p2a: Blissey|41\/100|[from] item: Leftovers\n|-heal|p1b: Chimecho|87\/100 par|[from] item: Leftovers\n|upkeep\n|turn|5\n|c|\u2606asnax|meant to \/data it\n|inactive|PogRamsey has 120 seconds left.\n|c|\u2606PogRamsey|oh lol\n|inactive|PogRamsey has 90 seconds left.\n|\n|t:|1699115517\n|move|p2b: Wyrdeer|Lunge|p1b: Chimecho\n|-supereffective|p1b: Chimecho\n|-damage|p1b: Chimecho|30\/100 par\n|-unboost|p1b: Chimecho|atk|1\n|move|p2a: Blissey|Seismic Toss|p1a: Snorlax\n|-damage|p1a: Snorlax|0 fnt\n|faint|p1a: Snorlax\n|move|p1b: Chimecho|Calm Mind|p1b: Chimecho\n|-boost|p1b: Chimecho|spa|1\n|-boost|p1b: Chimecho|spd|1\n|\n|-heal|p2a: Blissey|47\/100|[from] item: Leftovers\n|-heal|p1b: Chimecho|36\/100 par|[from] item: Leftovers\n|upkeep\n|inactive|asnax has 120 seconds left.\n|\n|t:|1699115539\n|switch|p1a: Copperajah|Copperajah, F|94\/100\n|turn|6\n|\n|t:|1699115560\n|move|p2b: Wyrdeer|High Horsepower|p1a: Copperajah\n|-supereffective|p1a: Copperajah\n|-damage|p1a: Copperajah|32\/100\n|move|p2a: Blissey|Seismic Toss|p1b: Chimecho\n|-damage|p1b: Chimecho|8\/100 par\n|move|p1a: Copperajah|Iron Head|p2a: Blissey\n|-damage|p2a: Blissey|0 fnt\n|faint|p2a: Blissey\n|move|p1b: Chimecho|Draining Kiss|p2b: Wyrdeer\n|-damage|p2b: Wyrdeer|71\/100\n|-heal|p1b: Chimecho|24\/100 par|[from] drain|[of] p2b: Wyrdeer\n|\n|-heal|p1a: Copperajah|38\/100|[from] item: Leftovers\n|-heal|p1b: Chimecho|30\/100 par|[from] item: Leftovers\n|upkeep\n|inactive|PogRamsey has 90 seconds left.\n|\n|t:|1699115577\n|switch|p2a: Yanmega|Yanmega, F|100\/100\n|turn|7\n|\n|t:|1699115595\n|move|p2a: Yanmega|Bug Buzz|p1b: Chimecho\n|-supereffective|p1b: Chimecho\n|-damage|p1b: Chimecho|0 fnt\n|faint|p1b: Chimecho\n|-damage|p2a: Yanmega|91\/100|[from] item: Life Orb\n|move|p2b: Wyrdeer|Trailblaze|p1a: Copperajah\n|-resisted|p1a: Copperajah\n|-damage|p1a: Copperajah|29\/100\n|-boost|p2b: Wyrdeer|spe|1\n|move|p1a: Copperajah|Iron Head|p2a: Yanmega\n|-crit|p2a: Yanmega\n|-damage|p2a: Yanmega|0 fnt\n|faint|p2a: Yanmega\n|\n|-heal|p1a: Copperajah|35\/100|[from] item: Leftovers\n|upkeep\n|inactive|PogRamsey has 120 seconds left.\n|\n|t:|1699115615\n|switch|p2a: Milotic|Milotic, F|100\/100\n|switch|p1b: Dunsparce|Dunsparce, F|100\/100\n|turn|8\n|inactive|PogRamsey has 120 seconds left.\n|\n|t:|1699115657\n|move|p1a: Copperajah|Protect|p1a: Copperajah\n|-singleturn|p1a: Copperajah|Protect\n|move|p2a: Milotic|Shadow Ball|p1a: Copperajah\n|-activate|p1a: Copperajah|move: Protect\n|move|p2b: Wyrdeer|Lunge|p1b: Dunsparce\n|-damage|p1b: Dunsparce|79\/100\n|-unboost|p1b: Dunsparce|atk|1\n|move|p1b: Dunsparce|Coil|p1b: Dunsparce\n|-boost|p1b: Dunsparce|atk|1\n|-boost|p1b: Dunsparce|def|1\n|-boost|p1b: Dunsparce|accuracy|1\n|\n|-heal|p1a: Copperajah|41\/100|[from] item: Leftovers\n|upkeep\n|turn|9\n|\n|t:|1699115678\n|move|p2a: Milotic|Nasty Plot|p2a: Milotic\n|-boost|p2a: Milotic|spa|2\n|move|p2b: Wyrdeer|Lunge|p1b: Dunsparce\n|-damage|p1b: Dunsparce|66\/100\n|-unboost|p1b: Dunsparce|atk|1\n|move|p1b: Dunsparce|Coil|p1b: Dunsparce\n|-boost|p1b: Dunsparce|atk|1\n|-boost|p1b: Dunsparce|def|1\n|-boost|p1b: Dunsparce|accuracy|1\n|move|p1a: Copperajah|Iron Head|p2b: Wyrdeer\n|-damage|p2b: Wyrdeer|40\/100\n|\n|-heal|p1a: Copperajah|48\/100|[from] item: Leftovers\n|upkeep\n|turn|10\n|inactive|PogRamsey has 120 seconds left.\n|\n|t:|1699115702\n|move|p2a: Milotic|Focus Blast|p1b: Dunsparce|[miss]\n|-miss|p2a: Milotic|p1b: Dunsparce\n|move|p2b: Wyrdeer|High Horsepower|p1a: Copperajah\n|-supereffective|p1a: Copperajah\n|-damage|p1a: Copperajah|0 fnt\n|faint|p1a: Copperajah\n|move|p1b: Dunsparce|Coil|p1b: Dunsparce\n|-boost|p1b: Dunsparce|atk|1\n|-boost|p1b: Dunsparce|def|1\n|-boost|p1b: Dunsparce|accuracy|1\n|\n|upkeep\n|\n|t:|1699115711\n|switch|p1a: Jumpluff|Jumpluff, F|100\/100\n|turn|11\n|inactive|PogRamsey has 120 seconds left.\n|\n|t:|1699115740\n|move|p1a: Jumpluff|Leech Seed|p2b: Wyrdeer\n|-start|p2b: Wyrdeer|move: Leech Seed\n|move|p2a: Milotic|Hyper Voice|p1a: Jumpluff|[spread] p1a,p1b\n|-damage|p1a: Jumpluff|4\/100\n|-damage|p1b: Dunsparce|16\/100\n|-damage|p2a: Milotic|91\/100|[from] item: Life Orb\n|move|p2b: Wyrdeer|Psyshield Bash|p1a: Jumpluff\n|-damage|p1a: Jumpluff|0 fnt\n|-boost|p2b: Wyrdeer|def|1\n|faint|p1a: Jumpluff\n|move|p1b: Dunsparce|Bite|p2a: Milotic\n|-supereffective|p2a: Milotic\n|-damage|p2a: Milotic|30\/100\n|replace|p2a: Zoroark|Zoroark-Hisui, M\n|-end|p2a: Zoroark|Illusion\n|\n|upkeep\n|\n|t:|1699115754\n|switch|p1a: Delphox|Delphox, M|100\/100\n|turn|12\n|\n|t:|1699115768\n|move|p2a: Zoroark|Hyper Voice|p1a: Delphox|[spread] p1a,p1b\n|-damage|p1a: Delphox|3\/100\n|-damage|p1b: Dunsparce|0 fnt\n|faint|p1b: Dunsparce\n|-damage|p2a: Zoroark|20\/100|[from] item: Life Orb\n|move|p1a: Delphox|Psyshock|p2a: Zoroark\n|-damage|p2a: Zoroark|0 fnt\n|faint|p2a: Zoroark\n|move|p2b: Wyrdeer|High Horsepower|p1a: Delphox\n|-supereffective|p1a: Delphox\n|-damage|p1a: Delphox|0 fnt\n|faint|p1a: Delphox\n|\n|win|PogRamsey\n|n|\u2606asnax|asnax\n|n|\u2606PogRamsey|pogramsey\n|n|*Lady Monita \u263d|ladymonita\n|n| EasyWash|easywash\n","uploadtime":1699115769,"views":19,"p1id":"asnax","p2id":"pogramsey","formatid":"gen9doublesou","rating":0,"private":0,"password":""}