{"id":"gen9doublesou-1992030834","p1":"MattCol","p2":"Disiswk","format":"[Gen 9] Doubles OU","log":"|j|\u2606MattCol\n|j|\u2606Disiswk\n|t:|1700149235\n|gametype|doubles\n|player|p1|MattCol|crasherwake|1119\n|player|p2|Disiswk|101|1014\n|teamsize|p1|6\n|teamsize|p2|6\n|gen|9\n|tier|[Gen 9] Doubles OU\n|rated|\n|rule|Species Clause: Limit one of each Pok\u00e9mon\n|rule|OHKO Clause: OHKO moves are banned\n|rule|Evasion Moves Clause: Evasion moves are banned\n|rule|Gravity Sleep Clause: The combination of sleep-inducing moves with imperfect accuracy and Gravity or Gigantamax Orbeetle are banned\n|rule|Endless Battle Clause: Forcing endless battles is banned\n|rule|HP Percentage Mod: HP is shown in percentages\n|clearpoke\n|poke|p1|Quaquaval, F|\n|poke|p1|Baxcalibur, M|\n|poke|p1|Cinderace, F|\n|poke|p1|Slowbro-Galar, M|\n|poke|p1|Zarude-Dada|\n|poke|p1|Pelipper, F|\n|poke|p2|Landorus-Therian, M|\n|poke|p2|Rillaboom, M|\n|poke|p2|Glimmora, F|\n|poke|p2|Clefairy, F|\n|poke|p2|Zapdos|\n|poke|p2|Cresselia, F|\n|teampreview\n|\n|t:|1700149240\n|start\n|switch|p1a: Cinderace|Cinderace, F|100\/100\n|switch|p1b: Slowbro|Slowbro-Galar, M|100\/100\n|switch|p2a: Glimmora|Glimmora, F|100\/100\n|switch|p2b: Landorus|Landorus-Therian, M|100\/100\n|-ability|p2b: Landorus|Intimidate|boost\n|-unboost|p1a: Cinderace|atk|1\n|-unboost|p1b: Slowbro|atk|1\n|turn|1\n|-activate|p1b: Slowbro|item: Quick Claw\n|\n|t:|1700149256\n|switch|p1a: Pelipper|Pelipper, F|100\/100\n|-weather|RainDance|[from] ability: Drizzle|[of] p1a: Pelipper\n|move|p1b: Slowbro|Nasty Plot|p1b: Slowbro\n|-boost|p1b: Slowbro|spa|2\n|move|p2b: Landorus|Rock Slide|p1a: Pelipper|[spread] p1a,p1b\n|-supereffective|p1a: Pelipper\n|-damage|p1a: Pelipper|59\/100\n|-damage|p1b: Slowbro|82\/100\n|-enditem|p1a: Pelipper|Eject Button\n|inactive|Battle timer is ON: inactive players will automatically lose when time's up. (requested by Disiswk)\n|\n|t:|1700149269\n|switch|p1a: Zarude|Zarude-Dada|100\/100\n|move|p2a: Glimmora|Mortal Spin|p1b: Slowbro|[spread] p1a,p1b\n|-supereffective|p1a: Zarude\n|-resisted|p1b: Slowbro\n|-damage|p1a: Zarude|91\/100\n|-damage|p1b: Slowbro|80\/100\n|-status|p1a: Zarude|psn\n|\n|-weather|RainDance|[upkeep]\n|-damage|p1a: Zarude|79\/100 psn|[from] psn\n|upkeep\n|turn|2\n|\n|t:|1700149288\n|switch|p2b: Cresselia|Cresselia, F|100\/100\n|move|p1a: Zarude|Jungle Healing|p1a: Zarude|[spread] p1a,p1b\n|-heal|p1a: Zarude|100\/100 psn\n|-curestatus|p1a: Zarude|psn|[msg]\n|-heal|p1b: Slowbro|100\/100\n|move|p2a: Glimmora|Toxic Spikes|p1b: Slowbro\n|-sidestart|p1: MattCol|move: Toxic Spikes\n|move|p1b: Slowbro|Surf|p2b: Cresselia|[spread] p1a,p2a,p2b\n|-resisted|p1a: Zarude\n|-supereffective|p2a: Glimmora\n|-damage|p1a: Zarude|68\/100\n|-damage|p2a: Glimmora|0 fnt\n|-damage|p2b: Cresselia|69\/100\n|faint|p2a: Glimmora\n|\n|-weather|RainDance|[upkeep]\n|-heal|p2b: Cresselia|75\/100|[from] item: Leftovers\n|upkeep\n|\n|t:|1700149303\n|switch|p2a: Zapdos|Zapdos|100\/100\n|turn|3\n|\n|t:|1700149312\n|move|p2b: Cresselia|Protect|p2b: Cresselia\n|-singleturn|p2b: Cresselia|Protect\n|move|p1a: Zarude|Knock Off|p2b: Cresselia\n|-activate|p2b: Cresselia|move: Protect\n|move|p2a: Zapdos|Thunderbolt|p1b: Slowbro\n|-damage|p1b: Slowbro|56\/100\n|-status|p1b: Slowbro|par\n|move|p1b: Slowbro|Shell Side Arm|p2a: Zapdos|[anim] Shell Side Arm Special\n|-damage|p2a: Zapdos|40\/100\n|-hint|Special Shell Side Arm\n|-status|p2a: Zapdos|psn\n|\n|-weather|RainDance|[upkeep]\n|-heal|p2a: Zapdos|47\/100 psn|[from] item: Leftovers\n|-heal|p2b: Cresselia|82\/100|[from] item: Leftovers\n|-damage|p2a: Zapdos|34\/100 psn|[from] psn\n|upkeep\n|turn|4\n|\n|t:|1700149339\n|switch|p2b: Landorus|Landorus-Therian, M|100\/100\n|-ability|p2b: Landorus|Intimidate|boost\n|-unboost|p1a: Zarude|atk|1\n|-unboost|p1b: Slowbro|atk|1\n|move|p2a: Zapdos|Protect|p2a: Zapdos\n|-singleturn|p2a: Zapdos|Protect\n|move|p1a: Zarude|Encore||[still]\n|-fail|p1a: Zarude\n|move|p1b: Slowbro|Shell Side Arm|p2a: Zapdos|[anim] Shell Side Arm Special\n|-activate|p2a: Zapdos|move: Protect\n|\n|-weather|RainDance|[upkeep]\n|-heal|p2a: Zapdos|40\/100 psn|[from] item: Leftovers\n|-damage|p2a: Zapdos|28\/100 psn|[from] psn\n|upkeep\n|turn|5\n|-activate|p1b: Slowbro|ability: Quick Draw\n|\n|t:|1700149353\n|move|p1b: Slowbro|Surf|p2b: Landorus|[spread] p1a,p2a,p2b\n|-resisted|p1a: Zarude\n|-supereffective|p2b: Landorus\n|-crit|p2b: Landorus\n|-damage|p1a: Zarude|33\/100\n|-damage|p2a: Zapdos|0 fnt\n|-damage|p2b: Landorus|0 fnt\n|faint|p2a: Zapdos\n|faint|p2b: Landorus\n|move|p1a: Zarude|Jungle Healing|p1a: Zarude|[spread] p1a,p1b\n|-heal|p1a: Zarude|58\/100\n|-heal|p1b: Slowbro|81\/100 par\n|-curestatus|p1b: Slowbro|par|[msg]\n|\n|-weather|none\n|upkeep\n|-message|Disiswk forfeited.\n|\n|win|MattCol\n|raw|MattCol's rating: 1119 &rarr; <strong>1137<\/strong><br \/>(+18 for winning)\n|raw|Disiswk's rating: 1014 &rarr; <strong>1005<\/strong><br \/>(-9 for losing)\n|l|\u2606Disiswk\n","uploadtime":1700149367,"views":5,"p1id":"mattcol","p2id":"disiswk","formatid":"gen9doublesou","rating":1005,"private":0,"password":""}