{"id":"gen9doublesou-1987097904","p1":"CrYMoDzZ","p2":"tiriti","format":"[Gen 9] Doubles OU","log":"|j|\u2606CrYMoDzZ\n|j|\u2606tiriti\n|t:|1699555865\n|gametype|doubles\n|player|p1|CrYMoDzZ|hugh|1456\n|player|p2|tiriti|lucas-gen4pt|1455\n|teamsize|p1|6\n|teamsize|p2|6\n|gen|9\n|tier|[Gen 9] Doubles OU\n|rated|\n|rule|Species Clause: Limit one of each Pok\u00e9mon\n|rule|OHKO Clause: OHKO moves are banned\n|rule|Evasion Moves Clause: Evasion moves are banned\n|rule|Gravity Sleep Clause: The combination of sleep-inducing moves with imperfect accuracy and Gravity or Gigantamax Orbeetle are banned\n|rule|Endless Battle Clause: Forcing endless battles is banned\n|rule|HP Percentage Mod: HP is shown in percentages\n|clearpoke\n|poke|p1|Sneasler, M|\n|poke|p1|Rillaboom, F|\n|poke|p1|Regieleki|\n|poke|p1|Arcanine, M|\n|poke|p1|Farigiraf, F|\n|poke|p1|Ogerpon-Wellspring, F|\n|poke|p2|Amoonguss, M|\n|poke|p2|Heatran, M|\n|poke|p2|Volcanion|\n|poke|p2|Landorus-Therian, M|\n|poke|p2|Basculegion-F, F|\n|poke|p2|Chien-Pao|\n|teampreview\n|inactive|Battle timer is ON: inactive players will automatically lose when time's up. (requested by tiriti)\n|\n|t:|1699555874\n|start\n|switch|p1a: Regieleki|Regieleki|100\/100\n|switch|p1b: Farigiraf|Farigiraf, F|100\/100\n|switch|p2a: Heatran|Heatran, M|100\/100\n|switch|p2b: Volcanion|Volcanion|100\/100\n|-item|p2a: Heatran|Air Balloon\n|turn|1\n|\n|t:|1699555895\n|-terastallize|p2b: Volcanion|Grass\n|move|p2a: Heatran|Protect|p2a: Heatran\n|-singleturn|p2a: Heatran|Protect\n|move|p1a: Regieleki|Volt Switch|p2b: Volcanion\n|-resisted|p2b: Volcanion\n|-damage|p2b: Volcanion|74\/100\n|\n|t:|1699555903\n|switch|p1a: Ogerpon|Ogerpon-Wellspring, F|100\/100|[from] Volt Switch\n|move|p2b: Volcanion|Flamethrower|p1a: Ogerpon\n|-damage|p1a: Ogerpon|41\/100\n|move|p1b: Farigiraf|Psychic|p2b: Volcanion\n|-damage|p2b: Volcanion|14\/100\n|\n|upkeep\n|turn|2\n|\n|t:|1699555920\n|switch|p2b: Chien-Pao|Chien-Pao|100\/100\n|-ability|p2b: Chien-Pao|Sword of Ruin\n|switch|p2a: Amoonguss|Amoonguss, M|100\/100\n|move|p1a: Ogerpon|Brick Break|p2a: Amoonguss\n|-resisted|p2a: Amoonguss\n|-damage|p2a: Amoonguss|76\/100\n|move|p1b: Farigiraf|Hyper Voice|p2a: Amoonguss|[spread] p2a,p2b\n|-damage|p2a: Amoonguss|43\/100\n|-damage|p2b: Chien-Pao|45\/100\n|-enditem|p1b: Farigiraf|Throat Spray\n|-boost|p1b: Farigiraf|spa|1|[from] item: Throat Spray\n|\n|-heal|p2a: Amoonguss|49\/100|[from] item: Leftovers\n|upkeep\n|turn|3\n|\n|t:|1699555940\n|move|p2b: Chien-Pao|Throat Chop|p1b: Farigiraf\n|-supereffective|p1b: Farigiraf\n|-damage|p1b: Farigiraf|0 fnt\n|faint|p1b: Farigiraf\n|move|p1a: Ogerpon|Brick Break|p2b: Chien-Pao\n|-supereffective|p2b: Chien-Pao\n|-damage|p2b: Chien-Pao|0 fnt\n|faint|p2b: Chien-Pao\n|move|p2a: Amoonguss|Pollen Puff|p2: Chien-Pao|[notarget]\n|-fail|p2a: Amoonguss\n|\n|-heal|p2a: Amoonguss|55\/100|[from] item: Leftovers\n|upkeep\n|\n|t:|1699555959\n|switch|p2b: Heatran|Heatran, M|100\/100\n|switch|p1b: Regieleki|Regieleki|100\/100\n|-item|p2b: Heatran|Air Balloon\n|turn|4\n|\n|t:|1699555969\n|-terastallize|p1b: Regieleki|Ice\n|move|p2b: Heatran|Protect|p2b: Heatran\n|-singleturn|p2b: Heatran|Protect\n|move|p1b: Regieleki|Tera Blast|p2a: Amoonguss|[anim] Tera Blast Ice\n|-supereffective|p2a: Amoonguss\n|-damage|p2a: Amoonguss|0 fnt\n|faint|p2a: Amoonguss\n|move|p1a: Ogerpon|Brick Break|p2b: Heatran\n|-activate|p2b: Heatran|move: Protect\n|\n|upkeep\n|\n|t:|1699555980\n|switch|p2a: Landorus|Landorus-Therian, M|100\/100\n|-ability|p2a: Landorus|Intimidate|boost\n|-unboost|p1a: Ogerpon|atk|1\n|-unboost|p1b: Regieleki|atk|1\n|turn|5\n|\n|t:|1699555984\n|move|p1b: Regieleki|Protect|p1b: Regieleki\n|-singleturn|p1b: Regieleki|Protect\n|move|p2a: Landorus|Protect|p2a: Landorus\n|-singleturn|p2a: Landorus|Protect\n|move|p1a: Ogerpon|Ivy Cudgel|p2a: Landorus\n|-activate|p2a: Landorus|move: Protect\n|move|p2b: Heatran|Heat Wave|p1b: Regieleki|[spread] \n|-activate|p1b: Regieleki|move: Protect\n|-miss|p2b: Heatran|p1a: Ogerpon\n|\n|upkeep\n|turn|6\n|\n|t:|1699556001\n|switch|p2a: Basculegion|Basculegion-F, F|100\/100\n|move|p1b: Regieleki|Tera Blast|p2a: Basculegion|[anim] Tera Blast Ice\n|-resisted|p2a: Basculegion\n|-damage|p2a: Basculegion|78\/100\n|move|p1a: Ogerpon|Brick Break|p2b: Heatran\n|-supereffective|p2b: Heatran\n|-damage|p2b: Heatran|61\/100\n|-enditem|p2b: Heatran|Air Balloon\n|move|p2b: Heatran|Heat Wave|p1b: Regieleki|[spread] p1a,p1b\n|-supereffective|p1b: Regieleki\n|-crit|p1b: Regieleki\n|-damage|p1a: Ogerpon|2\/100\n|-enditem|p1b: Regieleki|Focus Sash\n|-damage|p1b: Regieleki|1\/100\n|\n|upkeep\n|turn|7\n|\n|t:|1699556023\n|switch|p2a: Landorus|Landorus-Therian, M|100\/100\n|-ability|p2a: Landorus|Intimidate|boost\n|-unboost|p1a: Ogerpon|atk|1\n|-unboost|p1b: Regieleki|atk|1\n|switch|p2b: Volcanion|Volcanion, tera:Grass|14\/100\n|move|p1b: Regieleki|Protect|p1b: Regieleki\n|-singleturn|p1b: Regieleki|Protect\n|move|p1a: Ogerpon|Horn Leech|p2a: Landorus\n|-damage|p2a: Landorus|70\/100\n|-heal|p1a: Ogerpon|18\/100|[from] drain|[of] p2a: Landorus\n|\n|upkeep\n|turn|8\n|\n|t:|1699556046\n|move|p2a: Landorus|Protect|p2a: Landorus\n|-singleturn|p2a: Landorus|Protect\n|move|p1b: Regieleki|Tera Blast|p2a: Landorus|[anim] Tera Blast Ice\n|-activate|p2a: Landorus|move: Protect\n|move|p2b: Volcanion|Flamethrower|p1a: Ogerpon\n|-damage|p1a: Ogerpon|0 fnt\n|faint|p1a: Ogerpon\n|\n|upkeep\n|\n|t:|1699556053\n|switch|p1a: Arcanine|Arcanine, M|100\/100\n|-ability|p1a: Arcanine|Intimidate|boost\n|-unboost|p2a: Landorus|atk|1\n|-unboost|p2b: Volcanion|atk|1\n|turn|9\n|\n|t:|1699556064\n|switch|p2b: Basculegion|Basculegion-F, F|78\/100\n|switch|p2a: Heatran|Heatran, M|61\/100\n|move|p1a: Arcanine|Extreme Speed|p2b: Basculegion\n|-immune|p2b: Basculegion\n|move|p1b: Regieleki|Tera Blast|p2a: Heatran|[anim] Tera Blast Ice\n|-resisted|p2a: Heatran\n|-damage|p2a: Heatran|55\/100\n|\n|upkeep\n|turn|10\n|\n|t:|1699556073\n|move|p1b: Regieleki|Protect|p1b: Regieleki\n|-singleturn|p1b: Regieleki|Protect\n|move|p2a: Heatran|Protect|p2a: Heatran\n|-singleturn|p2a: Heatran|Protect\n|move|p2b: Basculegion|Wave Crash|p1a: Arcanine\n|-supereffective|p1a: Arcanine\n|-damage|p1a: Arcanine|0 fnt\n|faint|p1a: Arcanine\n|-damage|p2b: Basculegion|50\/100|[from] Recoil\n|\n|upkeep\n|\n|t:|1699556081\n|switch|p1a: Rillaboom|Rillaboom, F|100\/100\n|-fieldstart|move: Grassy Terrain|[from] ability: Grassy Surge|[of] p1a: Rillaboom\n|turn|11\n|\n|t:|1699556088\n|switch|p2b: Landorus|Landorus-Therian, M|70\/100\n|-ability|p2b: Landorus|Intimidate|boost\n|-unboost|p1a: Rillaboom|atk|1\n|-unboost|p1b: Regieleki|atk|1\n|move|p2a: Heatran|Protect|p2a: Heatran\n|-singleturn|p2a: Heatran|Protect\n|move|p1a: Rillaboom|Fake Out|p2a: Heatran\n|-activate|p2a: Heatran|move: Protect\n|move|p1b: Regieleki|Thunderbolt|p2b: Landorus\n|-immune|p2b: Landorus\n|\n|-heal|p1b: Regieleki|7\/100|[from] Grassy Terrain\n|-heal|p2a: Heatran|61\/100|[from] Grassy Terrain\n|upkeep\n|turn|12\n|\n|t:|1699556103\n|switch|p2b: Volcanion|Volcanion, tera:Grass|14\/100\n|move|p1b: Regieleki|Thunderbolt|p2a: Heatran\n|-damage|p2a: Heatran|25\/100\n|move|p1a: Rillaboom|Knock Off|p2a: Heatran\n|-damage|p2a: Heatran|12\/100\n|move|p2a: Heatran|Heat Wave|p1a: Rillaboom|[spread] p1a,p1b\n|-supereffective|p1a: Rillaboom\n|-supereffective|p1b: Regieleki\n|-damage|p1a: Rillaboom|58\/100\n|-damage|p1b: Regieleki|0 fnt\n|faint|p1b: Regieleki\n|\n|-heal|p2b: Volcanion|20\/100|[from] Grassy Terrain\n|-heal|p1a: Rillaboom|64\/100|[from] Grassy Terrain\n|-heal|p2a: Heatran|18\/100|[from] Grassy Terrain\n|upkeep\n|\n|t:|1699556111\n|switch|p1b: Sneasler|Sneasler, M|100\/100\n|-enditem|p1b: Sneasler|Grassy Seed\n|-boost|p1b: Sneasler|def|1|[from] item: Grassy Seed\n|turn|13\n|\n|t:|1699556131\n|move|p2a: Heatran|Protect|p2a: Heatran\n|-singleturn|p2a: Heatran|Protect\n|move|p1b: Sneasler|Acrobatics|p2a: Heatran\n|-activate|p2a: Heatran|move: Protect\n|move|p2b: Volcanion|Flamethrower|p1a: Rillaboom\n|-supereffective|p1a: Rillaboom\n|-damage|p1a: Rillaboom|5\/100\n|-status|p1a: Rillaboom|brn\n|move|p1a: Rillaboom|U-turn|p2b: Volcanion\n|-supereffective|p2b: Volcanion\n|-damage|p2b: Volcanion|3\/100\n|\n|-heal|p2b: Volcanion|9\/100|[from] Grassy Terrain\n|-heal|p1a: Rillaboom|11\/100 brn|[from] Grassy Terrain\n|-heal|p2a: Heatran|25\/100|[from] Grassy Terrain\n|-damage|p1a: Rillaboom|5\/100 brn|[from] brn\n|upkeep\n|turn|14\n|c|\u2606CrYMoDzZ|the luck\n|inactive|CrYMoDzZ has 120 seconds left.\n|\n|t:|1699556166\n|move|p1b: Sneasler|Close Combat|p2a: Heatran\n|-supereffective|p2a: Heatran\n|-crit|p2a: Heatran\n|-damage|p2a: Heatran|0 fnt\n|-unboost|p1b: Sneasler|def|1\n|-unboost|p1b: Sneasler|spd|1\n|faint|p2a: Heatran\n|move|p2b: Volcanion|Flamethrower|p1b: Sneasler\n|-damage|p1b: Sneasler|9\/100\n|move|p1a: Rillaboom|U-turn|p2b: Volcanion\n|-supereffective|p2b: Volcanion\n|-damage|p2b: Volcanion|0 fnt\n|faint|p2b: Volcanion\n|\n|-heal|p1b: Sneasler|15\/100|[from] Grassy Terrain\n|-heal|p1a: Rillaboom|11\/100 brn|[from] Grassy Terrain\n|-damage|p1a: Rillaboom|5\/100 brn|[from] brn\n|upkeep\n|\n|t:|1699556176\n|switch|p2b: Basculegion|Basculegion-F, F|50\/100\n|switch|p2a: Landorus|Landorus-Therian, M|70\/100\n|-ability|p2a: Landorus|Intimidate|boost\n|-unboost|p1a: Rillaboom|atk|1\n|-unboost|p1b: Sneasler|atk|1\n|turn|15\n|\n|t:|1699556187\n|move|p2a: Landorus|Protect|p2a: Landorus\n|-singleturn|p2a: Landorus|Protect\n|move|p1b: Sneasler|Dire Claw|p2b: Basculegion\n|-resisted|p2b: Basculegion\n|-damage|p2b: Basculegion|30\/100\n|-status|p2b: Basculegion|psn\n|move|p2b: Basculegion|Last Respects|p1b: Sneasler\n|-damage|p1b: Sneasler|0 fnt\n|faint|p1b: Sneasler\n|move|p1a: Rillaboom|Wood Hammer|p2a: Landorus\n|-activate|p2a: Landorus|move: Protect\n|\n|-heal|p2b: Basculegion|36\/100 psn|[from] Grassy Terrain\n|-heal|p1a: Rillaboom|11\/100 brn|[from] Grassy Terrain\n|-damage|p2b: Basculegion|24\/100 psn|[from] psn\n|-damage|p1a: Rillaboom|5\/100 brn|[from] brn\n|-fieldend|move: Grassy Terrain\n|upkeep\n|turn|16\n|-message|CrYMoDzZ forfeited.\n|\n|win|tiriti\n|raw|CrYMoDzZ's rating: 1456 &rarr; <strong>1436<\/strong><br \/>(-20 for losing)\n|raw|tiriti's rating: 1455 &rarr; <strong>1475<\/strong><br \/>(+20 for winning)\n|l|\u2606CrYMoDzZ\n","uploadtime":1699556217,"views":15,"p1id":"crymodzz","p2id":"tiriti","formatid":"gen9doublesou","rating":1436,"private":0,"password":""}