{"id":"gen9doublesou-1993213095","p1":"JarStarred","p2":"showitben","format":"[Gen 9] Doubles OU","log":"|j|\u2606JarStarred\n|j|\u2606showitben\n|t:|1700278857\n|gametype|doubles\n|player|p1|JarStarred|lucas-gen4pt|1150\n|player|p2|showitben|2|1123\n|teamsize|p1|6\n|teamsize|p2|6\n|gen|9\n|tier|[Gen 9] Doubles OU\n|rated|\n|rule|Species Clause: Limit one of each Pok\u00e9mon\n|rule|OHKO Clause: OHKO moves are banned\n|rule|Evasion Moves Clause: Evasion moves are banned\n|rule|Gravity Sleep Clause: The combination of sleep-inducing moves with imperfect accuracy and Gravity or Gigantamax Orbeetle are banned\n|rule|Endless Battle Clause: Forcing endless battles is banned\n|rule|HP Percentage Mod: HP is shown in percentages\n|clearpoke\n|poke|p1|Azumarill, F|\n|poke|p1|Clefable, F|\n|poke|p1|Flamigo, F|\n|poke|p1|Pelipper, M|\n|poke|p1|Volcarona, M|\n|poke|p1|Ursaluna, M|\n|poke|p2|Golem-Alola, M|\n|poke|p2|Oranguru, F|\n|poke|p2|Ursaluna-Bloodmoon, M|\n|poke|p2|Amoonguss, F|\n|poke|p2|Slowking-Galar, M|\n|poke|p2|Avalugg-Hisui, M|\n|teampreview\n|\n|t:|1700278862\n|start\n|switch|p1a: Azumarill|Azumarill, F|100\/100\n|switch|p1b: Clefable|Clefable, F|100\/100\n|switch|p2a: Golem|Golem-Alola, M|100\/100\n|switch|p2b: Oranguru|Oranguru, F|100\/100\n|turn|1\n|c|\u2606JarStarred|your golem scares me\n|\n|t:|1700278889\n|move|p1a: Azumarill|Protect|p1a: Azumarill\n|-singleturn|p1a: Azumarill|Protect\n|move|p1b: Clefable|Misty Terrain|p1b: Clefable\n|-fieldstart|move: Misty Terrain\n|move|p2a: Golem|Explosion|p1b: Clefable|[spread] p1b\n|-activate|p1a: Azumarill|move: Protect\n|-activate|p2b: Oranguru|ability: Telepathy\n|-crit|p1b: Clefable\n|-enditem|p1b: Clefable|Focus Sash\n|-damage|p1b: Clefable|1\/100\n|faint|p2a: Golem\n|move|p2b: Oranguru|Trick Room|p2b: Oranguru\n|-fieldstart|move: Trick Room|[of] p2b: Oranguru\n|\n|upkeep\n|\n|t:|1700278907\n|switch|p2a: Ursaluna|Ursaluna-Bloodmoon, M|100\/100\n|turn|2\n|\n|t:|1700278922\n|-terastallize|p2a: Ursaluna|Normal\n|-terastallize|p1a: Azumarill|Water\n|move|p1b: Clefable|Follow Me|p1b: Clefable\n|-singleturn|p1b: Clefable|move: Follow Me\n|move|p2a: Ursaluna|Blood Moon|p1b: Clefable\n|-damage|p1b: Clefable|0 fnt\n|faint|p1b: Clefable\n|move|p2b: Oranguru|Instruct|p2a: Ursaluna\n|-singleturn|p2a: Ursaluna|move: Instruct|[of] p2b: Oranguru\n|move|p2a: Ursaluna|Blood Moon|p1a: Azumarill\n|-damage|p1a: Azumarill|0 fnt\n|faint|p1a: Azumarill\n|-hint|Some effects can force a Pokemon to use Blood Moon again in a row.\n|\n|upkeep\n|c|\u2606JarStarred|oh boy\n|\n|t:|1700278966\n|switch|p1a: Volcarona|Volcarona, M|100\/100\n|switch|p1b: Pelipper|Pelipper, M|100\/100\n|-weather|RainDance|[from] ability: Drizzle|[of] p1b: Pelipper\n|turn|3\n|\n|t:|1700278998\n|move|p2a: Ursaluna|Hyper Voice|p1a: Volcarona|[spread] p1a,p1b\n|-damage|p1a: Volcarona|49\/100\n|-damage|p1b: Pelipper|31\/100\n|move|p2b: Oranguru|Instruct|p2a: Ursaluna\n|-singleturn|p2a: Ursaluna|move: Instruct|[of] p2b: Oranguru\n|move|p2a: Ursaluna|Hyper Voice|p1a: Volcarona|[spread] p1a,p1b\n|-damage|p1a: Volcarona|0 fnt\n|-damage|p1b: Pelipper|0 fnt\n|faint|p1a: Volcarona\n|faint|p1b: Pelipper\n|\n|-weather|RainDance|[upkeep]\n|upkeep\n|\n|t:|1700279009\n|switch|p1b: Ursaluna|Ursaluna, M|100\/100\n|switch|p1a: Flamigo|Flamigo, F|100\/100\n|-copyboost|p1a: Flamigo|p1b: Ursaluna|[from] ability: Costar\n|turn|4\n|\n|t:|1700279023\n|move|p1b: Ursaluna|Protect|p1b: Ursaluna\n|-singleturn|p1b: Ursaluna|Protect\n|move|p1a: Flamigo|Protect|p1a: Flamigo\n|-singleturn|p1a: Flamigo|Protect\n|move|p2a: Ursaluna|Blood Moon|p1b: Ursaluna\n|-activate|p1b: Ursaluna|move: Protect\n|move|p2b: Oranguru|Instruct|p2a: Ursaluna\n|-singleturn|p2a: Ursaluna|move: Instruct|[of] p2b: Oranguru\n|move|p2a: Ursaluna|Blood Moon|p1b: Ursaluna\n|-activate|p1b: Ursaluna|move: Protect\n|-hint|Some effects can force a Pokemon to use Blood Moon again in a row.\n|\n|-weather|RainDance|[upkeep]\n|upkeep\n|turn|5\n|\n|t:|1700279044\n|move|p2a: Ursaluna|Vacuum Wave|p1b: Ursaluna\n|-supereffective|p1b: Ursaluna\n|-damage|p1b: Ursaluna|73\/100\n|move|p2b: Oranguru|Taunt|p1a: Flamigo\n|-start|p1a: Flamigo|move: Taunt\n|move|p1b: Ursaluna|Earthquake|p2a: Ursaluna|[spread] p2a,p2b\n|-immune|p1a: Flamigo\n|-damage|p2a: Ursaluna|67\/100\n|-damage|p2b: Oranguru|65\/100\n|move|p1a: Flamigo|Low Sweep|p2a: Ursaluna\n|-supereffective|p2a: Ursaluna\n|-damage|p2a: Ursaluna|28\/100\n|-unboost|p2a: Ursaluna|spe|1\n|\n|-weather|RainDance|[upkeep]\n|-fieldend|move: Trick Room\n|-fieldend|Misty Terrain\n|-status|p1b: Ursaluna|brn|[from] item: Flame Orb\n|upkeep\n|turn|6\n|\n|t:|1700279070\n|switch|p2b: Avalugg|Avalugg-Hisui, M|100\/100\n|switch|p2a: Slowking|Slowking-Galar, M|100\/100\n|move|p1a: Flamigo|Low Sweep|p2b: Avalugg\n|-supereffective|p2b: Avalugg\n|-damage|p2b: Avalugg|46\/100\n|-unboost|p2b: Avalugg|spe|1\n|move|p1b: Ursaluna|Earthquake|p2a: Slowking|[spread] p2a,p2b\n|-immune|p1a: Flamigo\n|-supereffective|p2a: Slowking\n|-supereffective|p2b: Avalugg\n|-damage|p2a: Slowking|0 fnt\n|-damage|p2b: Avalugg|0 fnt\n|faint|p2a: Slowking\n|faint|p2b: Avalugg\n|\n|-weather|RainDance|[upkeep]\n|-damage|p1b: Ursaluna|67\/100 brn|[from] brn\n|upkeep\n|\n|t:|1700279093\n|switch|p2b: Oranguru|Oranguru, F|65\/100\n|switch|p2a: Amoonguss|Amoonguss, F|100\/100\n|turn|7\n|\n|t:|1700279103\n|move|p2a: Amoonguss|Rage Powder|p2a: Amoonguss\n|-singleturn|p2a: Amoonguss|move: Rage Powder\n|move|p1a: Flamigo|Aerial Ace|p2a: Amoonguss\n|-supereffective|p2a: Amoonguss\n|-damage|p2a: Amoonguss|36\/100\n|-damage|p1a: Flamigo|84\/100|[from] item: Rocky Helmet|[of] p2a: Amoonguss\n|move|p1b: Ursaluna|Earthquake|p2b: Oranguru|[spread] p2a,p2b\n|-immune|p1a: Flamigo\n|-damage|p2a: Amoonguss|0 fnt\n|-damage|p2b: Oranguru|9\/100\n|faint|p2a: Amoonguss\n|move|p2b: Oranguru|Trick Room|p2b: Oranguru\n|-fieldstart|move: Trick Room|[of] p2b: Oranguru\n|\n|-weather|RainDance|[upkeep]\n|-damage|p1b: Ursaluna|61\/100 brn|[from] brn\n|-end|p1a: Flamigo|move: Taunt\n|upkeep\n|\n|t:|1700279119\n|switch|p2a: Ursaluna|Ursaluna-Bloodmoon, M, tera:Normal|28\/100\n|turn|8\n|\n|t:|1700279145\n|move|p2a: Ursaluna|Blood Moon|p1a: Flamigo\n|-damage|p1a: Flamigo|0 fnt\n|faint|p1a: Flamigo\n|move|p2b: Oranguru|Instruct|p2a: Ursaluna\n|-singleturn|p2a: Ursaluna|move: Instruct|[of] p2b: Oranguru\n|move|p2a: Ursaluna|Blood Moon|p1b: Ursaluna\n|-damage|p1b: Ursaluna|0 fnt\n|faint|p1b: Ursaluna\n|-hint|Some effects can force a Pokemon to use Blood Moon again in a row.\n|\n|win|showitben\n|raw|JarStarred's rating: 1150 &rarr; <strong>1123<\/strong><br \/>(-27 for losing)\n|raw|showitben's rating: 1123 &rarr; <strong>1150<\/strong><br \/>(+27 for winning)\n|c|\u2606JarStarred|gg\n|l|\u2606JarStarred\n","uploadtime":1700279187,"views":7,"p1id":"jarstarred","p2id":"showitben","formatid":"gen9doublesou","rating":1123,"private":0,"password":""}