{"id":"gen9doublesou-1981490092","p1":"HUMONHAND","p2":"lolIwatchYT","format":"[Gen 9] Doubles OU","log":"|j|\u2606HUMONHAND\n|j|\u2606lolIwatchYT\n|t:|1698905478\n|gametype|doubles\n|player|p1|HUMONHAND|skier|1248\n|player|p2|lolIwatchYT|102|1238\n|teamsize|p1|6\n|teamsize|p2|6\n|gen|9\n|tier|[Gen 9] Doubles OU\n|rated|\n|rule|Species Clause: Limit one of each Pok\u00e9mon\n|rule|OHKO Clause: OHKO moves are banned\n|rule|Evasion Moves Clause: Evasion moves are banned\n|rule|Gravity Sleep Clause: The combination of sleep-inducing moves with imperfect accuracy and Gravity or Gigantamax Orbeetle are banned\n|rule|Endless Battle Clause: Forcing endless battles is banned\n|rule|HP Percentage Mod: HP is shown in percentages\n|clearpoke\n|poke|p1|Lilligant, F|\n|poke|p1|Torkoal, F|\n|poke|p1|Kingambit, F|\n|poke|p1|Dragonite, F|\n|poke|p1|Great Tusk|\n|poke|p1|Ting-Lu|\n|poke|p2|Azumarill, F|\n|poke|p2|Arcanine-Hisui, M|\n|poke|p2|Typhlosion-Hisui, M|\n|poke|p2|Gastrodon, F|\n|poke|p2|Tornadus, M|\n|poke|p2|Klefki, F|\n|teampreview\n|inactive|Battle timer is ON: inactive players will automatically lose when time's up. (requested by HUMONHAND)\n|\n|t:|1698905490\n|start\n|switch|p1a: TT|Lilligant, F, shiny|100\/100\n|switch|p1b: Breakthrough|Torkoal, F, shiny|100\/100\n|switch|p2a: Typhlosion|Typhlosion-Hisui, M|100\/100\n|switch|p2b: Arcanine|Arcanine-Hisui, M|100\/100\n|-item|p1a: TT|Focus Sash|[from] ability: Frisk|[of] p2a: Typhlosion|[identify]\n|-item|p1b: Breakthrough|Charcoal|[from] ability: Frisk|[of] p2a: Typhlosion|[identify]\n|-ability|p2b: Arcanine|Intimidate|boost\n|-unboost|p1a: TT|atk|1\n|-unboost|p1b: Breakthrough|atk|1\n|-item|p2b: Arcanine|Air Balloon\n|-weather|SunnyDay|[from] ability: Drought|[of] p1b: Breakthrough\n|turn|1\n|inactive|HUMONHAND has 120 seconds left.\n|\n|t:|1698905532\n|-terastallize|p2a: Typhlosion|Fire\n|move|p2b: Arcanine|Protect|p2b: Arcanine\n|-singleturn|p2b: Arcanine|Protect\n|move|p1b: Breakthrough|Protect|p1b: Breakthrough\n|-singleturn|p1b: Breakthrough|Protect\n|move|p1a: TT|Leaf Storm|p2b: Arcanine\n|-activate|p2b: Arcanine|move: Protect\n|move|p2a: Typhlosion|Eruption|p1a: TT|[spread] p1a\n|-activate|p1b: Breakthrough|move: Protect\n|-supereffective|p1a: TT\n|-enditem|p1a: TT|Focus Sash\n|-damage|p1a: TT|1\/100\n|\n|-weather|SunnyDay|[upkeep]\n|upkeep\n|turn|2\n|inactive|HUMONHAND has 120 seconds left.\n|inactive|HUMONHAND has 90 seconds left.\n|\n|t:|1698905578\n|move|p1a: TT|Sleep Powder|p2a: Typhlosion|[miss]\n|-miss|p1a: TT|p2a: Typhlosion\n|move|p2a: Typhlosion|Eruption|p1a: TT|[spread] p1a,p1b\n|-supereffective|p1a: TT\n|-resisted|p1b: Breakthrough\n|-damage|p1a: TT|0 fnt\n|-damage|p1b: Breakthrough|25\/100\n|faint|p1a: TT\n|move|p2b: Arcanine|Head Smash|p1b: Breakthrough\n|-supereffective|p1b: Breakthrough\n|-damage|p1b: Breakthrough|0 fnt\n|faint|p1b: Breakthrough\n|-damage|p2b: Arcanine|89\/100|[from] Recoil\n|\n|-weather|SunnyDay|[upkeep]\n|upkeep\n|inactive|HUMONHAND has 90 seconds left.\n|inactive|HUMONHAND has 60 seconds left.\n|\n|t:|1698905623\n|switch|p1a: Trouble|Great Tusk, shiny|100\/100\n|switch|p1b: Espresso|Dragonite, F|100\/100\n|-activate|p1a: Trouble|ability: Protosynthesis\n|-start|p1a: Trouble|protosynthesisatk\n|turn|3\n|\n|t:|1698905641\n|move|p1a: Trouble|Rock Slide|p2b: Arcanine|[spread] p2a,p2b\n|-supereffective|p2a: Typhlosion\n|-supereffective|p2b: Arcanine\n|-damage|p2a: Typhlosion|27\/100\n|-damage|p2b: Arcanine|34\/100\n|-enditem|p2b: Arcanine|Air Balloon\n|move|p2a: Typhlosion|Eruption|p1a: Trouble|[spread] p1a,p1b\n|-resisted|p1b: Espresso\n|-damage|p1a: Trouble|52\/100\n|-damage|p1b: Espresso|92\/100\n|move|p2b: Arcanine|Flare Blitz|p1a: Trouble\n|-damage|p1a: Trouble|0 fnt\n|faint|p1a: Trouble\n|-end|p1a: Trouble|Protosynthesis|[silent]\n|-damage|p2b: Arcanine|17\/100|[from] Recoil\n|move|p1b: Espresso|Ice Spinner|p2b: Arcanine\n|-resisted|p2b: Arcanine\n|-damage|p2b: Arcanine|0 fnt\n|faint|p2b: Arcanine\n|\n|-weather|SunnyDay|[upkeep]\n|upkeep\n|inactive|HUMONHAND has 90 seconds left.\n|inactive|lolIwatchYT has 120 seconds left.\n|inactive|HUMONHAND has 60 seconds left.\n|\n|t:|1698905691\n|switch|p2b: Klefki|Klefki, F|100\/100\n|switch|p1a: Ting-Lu|Ting-Lu|100\/100\n|-item|p2b: Klefki|Air Balloon\n|-ability|p1a: Ting-Lu|Vessel of Ruin\n|turn|4\n|inactive|HUMONHAND has 60 seconds left.\n|\n|t:|1698905717\n|move|p1b: Espresso|Protect|p1b: Espresso\n|-singleturn|p1b: Espresso|Protect\n|move|p2a: Typhlosion|Eruption|p1a: Ting-Lu|[spread] p1a\n|-activate|p1b: Espresso|move: Protect\n|-crit|p1a: Ting-Lu\n|-damage|p1a: Ting-Lu|82\/100\n|move|p2b: Klefki|Dazzling Gleam|p1b: Espresso|[spread] p1a\n|-activate|p1b: Espresso|move: Protect\n|-supereffective|p1a: Ting-Lu\n|-damage|p1a: Ting-Lu|67\/100\n|move|p1a: Ting-Lu|Stealth Rock|p2b: Klefki\n|-sidestart|p2: lolIwatchYT|move: Stealth Rock\n|\n|-weather|SunnyDay|[upkeep]\n|-heal|p1a: Ting-Lu|73\/100|[from] item: Leftovers\n|upkeep\n|turn|5\n|inactive|HUMONHAND has 60 seconds left.\n|\n|t:|1698905745\n|-terastallize|p1b: Espresso|Flying\n|move|p1b: Espresso|Extreme Speed|p2a: Typhlosion\n|-damage|p2a: Typhlosion|0 fnt\n|faint|p2a: Typhlosion\n|move|p2b: Klefki|Dazzling Gleam|p1b: Espresso|[spread] p1a,p1b\n|-supereffective|p1a: Ting-Lu\n|-damage|p1a: Ting-Lu|57\/100\n|-damage|p1b: Espresso|80\/100\n|move|p1a: Ting-Lu|Spikes|p2b: Klefki\n|-sidestart|p2: lolIwatchYT|Spikes\n|\n|-weather|none\n|-heal|p1a: Ting-Lu|63\/100|[from] item: Leftovers\n|upkeep\n|inactive|lolIwatchYT has 120 seconds left.\n|\n|t:|1698905760\n|switch|p2a: Azumarill|Azumarill, F|100\/100\n|-damage|p2a: Azumarill|88\/100|[from] Stealth Rock\n|-damage|p2a: Azumarill|76\/100|[from] Spikes\n|turn|6\n|inactive|HUMONHAND has 60 seconds left.\n|\n|t:|1698905784\n|move|p1b: Espresso|Protect|p1b: Espresso\n|-singleturn|p1b: Espresso|Protect\n|move|p2b: Klefki|Spikes|p1a: Ting-Lu\n|-sidestart|p1: HUMONHAND|Spikes\n|move|p2a: Azumarill|Liquidation|p1a: Ting-Lu\n|-supereffective|p1a: Ting-Lu\n|-damage|p1a: Ting-Lu|0 fnt\n|faint|p1a: Ting-Lu\n|\n|upkeep\n|inactive|HUMONHAND has 60 seconds left.\n|\n|t:|1698905792\n|switch|p1a: HOT|Kingambit, F, shiny|100\/100\n|-damage|p1a: HOT|88\/100|[from] Spikes\n|turn|7\n|\n|t:|1698905802\n|switch|p2a: Tornadus|Tornadus, M|100\/100\n|-damage|p2a: Tornadus|75\/100|[from] Stealth Rock\n|move|p1b: Espresso|Tera Blast|p2a: Tornadus|[anim] Tera Blast Flying\n|-damage|p2a: Tornadus|0 fnt\n|faint|p2a: Tornadus\n|move|p2b: Klefki|Dazzling Gleam|p1a: HOT|[spread] p1a,p1b\n|-damage|p1a: HOT|78\/100\n|-damage|p1b: Espresso|62\/100\n|move|p1a: HOT|Iron Head|p2b: Klefki\n|-damage|p2b: Klefki|55\/100\n|-enditem|p2b: Klefki|Air Balloon\n|\n|upkeep\n|\n|t:|1698905815\n|switch|p2a: Gastrodon|Gastrodon, F|100\/100\n|-damage|p2a: Gastrodon|94\/100|[from] Stealth Rock\n|-damage|p2a: Gastrodon|82\/100|[from] Spikes\n|turn|8\n|inactive|HUMONHAND has 90 seconds left.\n|\n|t:|1698905850\n|move|p1b: Espresso|Tera Blast|p2b: Klefki|[anim] Tera Blast Flying\n|-resisted|p2b: Klefki\n|-damage|p2b: Klefki|26\/100\n|move|p2b: Klefki|Dazzling Gleam|p1b: Espresso|[spread] p1a,p1b\n|-damage|p1a: HOT|65\/100\n|-damage|p1b: Espresso|44\/100\n|move|p1a: HOT|Iron Head|p2b: Klefki\n|-damage|p2b: Klefki|0 fnt\n|faint|p2b: Klefki\n|move|p2a: Gastrodon|Muddy Water|p1a: HOT|[spread] p1a,p1b\n|-damage|p1a: HOT|46\/100\n|-damage|p1b: Espresso|14\/100\n|-unboost|p1a: HOT|accuracy|1\n|-ability|p1a: HOT|Defiant|boost\n|-boost|p1a: HOT|atk|2\n|-unboost|p1b: Espresso|accuracy|1\n|\n|-heal|p2a: Gastrodon|88\/100|[from] item: Leftovers\n|upkeep\n|\n|t:|1698905866\n|switch|p2b: Azumarill|Azumarill, F|76\/100\n|-damage|p2b: Azumarill|63\/100|[from] Stealth Rock\n|-damage|p2b: Azumarill|51\/100|[from] Spikes\n|turn|9\n|inactive|HUMONHAND has 90 seconds left.\n|inactive|HUMONHAND has 60 seconds left.\n|\n|t:|1698905907\n|move|p1b: Espresso|Protect|p1b: Espresso\n|-singleturn|p1b: Espresso|Protect\n|move|p1a: HOT|Sucker Punch|p2b: Azumarill\n|-resisted|p2b: Azumarill\n|-damage|p2b: Azumarill|14\/100\n|-enditem|p2b: Azumarill|Sitrus Berry|[eat]\n|-heal|p2b: Azumarill|38\/100|[from] item: Sitrus Berry\n|move|p2b: Azumarill|Aqua Jet|p2a: Gastrodon\n|-ability|p2a: Gastrodon|Storm Drain|boost\n|-boost|p2a: Gastrodon|spa|1\n|move|p2a: Gastrodon|Earth Power|p1a: HOT\n|-supereffective|p1a: HOT\n|-damage|p1a: HOT|0 fnt\n|faint|p1a: HOT\n|\n|-heal|p2a: Gastrodon|94\/100|[from] item: Leftovers\n|upkeep\n|turn|10\n|c|\u2606lolIwatchYT|gg\n|inactive|HUMONHAND has 60 seconds left.\n|\n|t:|1698905939\n|move|p1b: Espresso|Extreme Speed|p2b: Azumarill\n|-damage|p2b: Azumarill|6\/100\n|move|p2b: Azumarill|Play Rough|p1b: Espresso\n|-damage|p1b: Espresso|0 fnt\n|faint|p1b: Espresso\n|\n|win|lolIwatchYT\n|raw|HUMONHAND's rating: 1248 &rarr; <strong>1225<\/strong><br \/>(-23 for losing)\n|raw|lolIwatchYT's rating: 1269 &rarr; <strong>1292<\/strong><br \/>(+23 for winning)\n|l|\u2606HUMONHAND\n","uploadtime":1698905965,"views":16,"p1id":"humonhand","p2id":"loliwatchyt","formatid":"gen9doublesou","rating":1225,"private":0,"password":""}