{"id":"gen9doublesou-1988604865","p1":"jgfdx","p2":"iDrinkPoolWater","format":"[Gen 9] Doubles OU","log":"|j|\u2606jgfdx\n|j|\u2606iDrinkPoolWater\n|t:|1699741074\n|gametype|doubles\n|player|p1|jgfdx|101|1040\n|player|p2|iDrinkPoolWater|cameraman|1000\n|teamsize|p1|6\n|teamsize|p2|6\n|gen|9\n|tier|[Gen 9] Doubles OU\n|rated|\n|rule|Species Clause: Limit one of each Pok\u00e9mon\n|rule|OHKO Clause: OHKO moves are banned\n|rule|Evasion Moves Clause: Evasion moves are banned\n|rule|Gravity Sleep Clause: The combination of sleep-inducing moves with imperfect accuracy and Gravity or Gigantamax Orbeetle are banned\n|rule|Endless Battle Clause: Forcing endless battles is banned\n|rule|HP Percentage Mod: HP is shown in percentages\n|clearpoke\n|poke|p1|Yanmega, F|\n|poke|p1|Salazzle, F|\n|poke|p1|Kingambit, M|\n|poke|p1|Spectrier|\n|poke|p1|Scizor, F|\n|poke|p1|Gliscor, M|\n|poke|p2|Pelipper, M|\n|poke|p2|Poliwrath, M|\n|poke|p2|Rotom-Wash|\n|poke|p2|Munkidori, M|\n|poke|p2|Amoonguss, F|\n|poke|p2|Moltres-Galar|\n|teampreview\n|\n|t:|1699741104\n|start\n|switch|p1a: Salazzle|Salazzle, F|100\/100\n|switch|p1b: Gliscor|Gliscor, M|100\/100\n|switch|p2a: Poliwrath|Poliwrath, M|100\/100\n|switch|p2b: Pelipper|Pelipper, M|100\/100\n|turn|1\n|\n|t:|1699741136\n|move|p1b: Gliscor|Protect|p1b: Gliscor\n|-singleturn|p1b: Gliscor|Protect\n|move|p1a: Salazzle|Toxic|p2a: Poliwrath\n|-status|p2a: Poliwrath|tox\n|move|p2a: Poliwrath|Chilling Water|p1a: Salazzle\n|-supereffective|p1a: Salazzle\n|-damage|p1a: Salazzle|63\/100\n|-unboost|p1a: Salazzle|atk|1\n|move|p2b: Pelipper|Tailwind|p2b: Pelipper\n|-sidestart|p2: iDrinkPoolWater|move: Tailwind\n|\n|-heal|p1a: Salazzle|70\/100|[from] item: Leftovers\n|-damage|p2a: Poliwrath|94\/100 tox|[from] psn\n|-status|p1b: Gliscor|tox|[from] item: Toxic Orb\n|upkeep\n|turn|2\n|\n|t:|1699741169\n|move|p2a: Poliwrath|Chilling Water|p1a: Salazzle\n|-supereffective|p1a: Salazzle\n|-damage|p1a: Salazzle|31\/100\n|-unboost|p1a: Salazzle|atk|1\n|move|p1a: Salazzle|Substitute|p1a: Salazzle\n|-start|p1a: Salazzle|Substitute\n|-damage|p1a: Salazzle|6\/100\n|move|p2b: Pelipper|Air Slash|p1a: Salazzle\n|-end|p1a: Salazzle|Substitute\n|move|p1b: Gliscor|Toxic|p2b: Pelipper|[miss]\n|-miss|p1b: Gliscor|p2b: Pelipper\n|\n|-heal|p1a: Salazzle|12\/100|[from] item: Leftovers\n|-damage|p2a: Poliwrath|82\/100 tox|[from] psn\n|upkeep\n|turn|3\n|\n|t:|1699741188\n|move|p2a: Poliwrath|Chilling Water|p1a: Salazzle\n|-supereffective|p1a: Salazzle\n|-damage|p1a: Salazzle|0 fnt\n|faint|p1a: Salazzle\n|move|p2b: Pelipper|Air Slash|p1b: Gliscor\n|-damage|p1b: Gliscor|71\/100 tox\n|cant|p1b: Gliscor|flinch\n|\n|-damage|p2a: Poliwrath|63\/100 tox|[from] psn\n|-heal|p1b: Gliscor|83\/100 tox|[from] ability: Poison Heal\n|upkeep\n|\n|t:|1699741198\n|switch|p1a: Yanmega|Yanmega, F|100\/100\n|turn|4\n|\n|t:|1699741228\n|-terastallize|p1a: Yanmega|Ground\n|move|p2b: Pelipper|Protect|p2b: Pelipper\n|-singleturn|p2b: Pelipper|Protect\n|move|p2a: Poliwrath|Drain Punch|p1b: Gliscor\n|-resisted|p1b: Gliscor\n|-damage|p1b: Gliscor|73\/100 tox\n|-heal|p2a: Poliwrath|69\/100 tox|[from] drain|[of] p1b: Gliscor\n|move|p1a: Yanmega|Air Slash|p2a: Poliwrath\n|-supereffective|p2a: Poliwrath\n|-damage|p2a: Poliwrath|0 fnt\n|faint|p2a: Poliwrath\n|move|p1b: Gliscor|Toxic|p2b: Pelipper\n|-activate|p2b: Pelipper|move: Protect\n|\n|-heal|p1b: Gliscor|86\/100 tox|[from] ability: Poison Heal\n|-sideend|p2: iDrinkPoolWater|move: Tailwind\n|upkeep\n|\n|t:|1699741259\n|switch|p2a: Amoonguss|Amoonguss, F|100\/100\n|turn|5\n|\n|t:|1699741283\n|move|p1a: Yanmega|Air Slash|p2a: Amoonguss\n|-supereffective|p2a: Amoonguss\n|-damage|p2a: Amoonguss|2\/100\n|move|p1b: Gliscor|Earthquake|p2b: Pelipper|[spread] p1a,p2a\n|-immune|p2b: Pelipper\n|-damage|p1a: Yanmega|71\/100\n|-damage|p2a: Amoonguss|0 fnt\n|faint|p2a: Amoonguss\n|move|p2b: Pelipper|Hurricane|p1a: Yanmega\n|-damage|p1a: Yanmega|5\/100\n|-start|p1a: Yanmega|confusion\n|\n|-heal|p1b: Gliscor|98\/100 tox|[from] ability: Poison Heal\n|upkeep\n|\n|t:|1699741295\n|switch|p2a: Moltres|Moltres-Galar|100\/100\n|turn|6\n|\n|t:|1699741306\n|-activate|p1a: Yanmega|confusion\n|move|p1a: Yanmega|Air Slash|p2a: Moltres\n|-damage|p2a: Moltres|56\/100\n|move|p2a: Moltres|Fiery Wrath|p1b: Gliscor|[spread] p1a,p1b\n|-damage|p1a: Yanmega|0 fnt\n|-damage|p1b: Gliscor|65\/100 tox\n|faint|p1a: Yanmega\n|move|p1b: Gliscor|Substitute|p1b: Gliscor\n|-start|p1b: Gliscor|Substitute\n|-damage|p1b: Gliscor|40\/100 tox\n|move|p2b: Pelipper|Air Slash|p1b: Gliscor\n|-end|p1b: Gliscor|Substitute\n|\n|-heal|p1b: Gliscor|52\/100 tox|[from] ability: Poison Heal\n|upkeep\n|\n|t:|1699741323\n|switch|p1a: Scizor|Scizor, F|100\/100\n|turn|7\n|\n|t:|1699741350\n|switch|p1b: Kingambit|Kingambit, M|100\/100\n|-activate|p1b: Kingambit|ability: Supreme Overlord\n|-start|p1b: Kingambit|fallen2|[silent]\n|move|p2a: Moltres|Fiery Wrath|p1b: Kingambit|[spread] p1a,p1b\n|-resisted|p1b: Kingambit\n|-damage|p1a: Scizor|65\/100\n|-damage|p1b: Kingambit|86\/100\n|move|p2b: Pelipper|Hurricane|p1b: Kingambit|[miss]\n|-miss|p2b: Pelipper|p1b: Kingambit\n|move|p1a: Scizor|Close Combat|p2a: Moltres\n|-damage|p2a: Moltres|7\/100\n|-unboost|p1a: Scizor|def|1\n|-unboost|p1a: Scizor|spd|1\n|-ability|p2a: Moltres|Berserk|boost\n|-boost|p2a: Moltres|spa|1\n|-enditem|p2a: Moltres|Sitrus Berry|[eat]\n|-heal|p2a: Moltres|32\/100|[from] item: Sitrus Berry\n|\n|-heal|p1a: Scizor|71\/100|[from] item: Leftovers\n|-heal|p1b: Kingambit|92\/100|[from] item: Leftovers\n|upkeep\n|turn|8\n|\n|t:|1699741394\n|move|p2a: Moltres|Hyper Voice|p1b: Kingambit|[spread] p1a,p1b\n|-resisted|p1a: Scizor\n|-resisted|p1b: Kingambit\n|-damage|p1a: Scizor|45\/100\n|-damage|p1b: Kingambit|78\/100\n|move|p2b: Pelipper|Air Slash|p1a: Scizor\n|-damage|p1a: Scizor|3\/100\n|move|p1a: Scizor|U-turn|p2a: Moltres\n|-damage|p2a: Moltres|0 fnt\n|faint|p2a: Moltres\n|\n|t:|1699741405\n|switch|p1a: Gliscor|Gliscor, M|52\/100 tox|[from] U-turn\n|move|p1b: Kingambit|Swords Dance|p1b: Kingambit\n|-boost|p1b: Kingambit|atk|2\n|\n|-heal|p1b: Kingambit|85\/100|[from] item: Leftovers\n|-heal|p1a: Gliscor|65\/100 tox|[from] ability: Poison Heal\n|upkeep\n|\n|t:|1699741415\n|switch|p2a: Munkidori|Munkidori, M|100\/100\n|turn|9\n|\n|t:|1699741445\n|move|p2a: Munkidori|Clear Smog|p1b: Kingambit\n|-immune|p1b: Kingambit\n|move|p1a: Gliscor|Earthquake|p2b: Pelipper|[spread] p1b,p2a\n|-immune|p2b: Pelipper\n|-supereffective|p1b: Kingambit\n|-supereffective|p2a: Munkidori\n|-damage|p1b: Kingambit|49\/100\n|-damage|p2a: Munkidori|31\/100\n|move|p2b: Pelipper|Tailwind|p2b: Pelipper\n|-sidestart|p2: iDrinkPoolWater|move: Tailwind\n|move|p1b: Kingambit|Iron Head|p2b: Pelipper\n|-resisted|p2b: Pelipper\n|-damage|p2b: Pelipper|45\/100\n|\n|-heal|p1b: Kingambit|55\/100|[from] item: Leftovers\n|-heal|p1a: Gliscor|77\/100 tox|[from] ability: Poison Heal\n|upkeep\n|turn|10\n|\n|t:|1699741483\n|move|p1a: Gliscor|Protect|p1a: Gliscor\n|-singleturn|p1a: Gliscor|Protect\n|move|p2a: Munkidori|Sludge Bomb|p1b: Kingambit\n|-immune|p1b: Kingambit\n|move|p2b: Pelipper|Air Slash|p1b: Kingambit\n|-resisted|p1b: Kingambit\n|-damage|p1b: Kingambit|44\/100\n|cant|p1b: Kingambit|flinch\n|\n|-heal|p1b: Kingambit|50\/100|[from] item: Leftovers\n|-heal|p1a: Gliscor|90\/100 tox|[from] ability: Poison Heal\n|upkeep\n|turn|11\n|\n|t:|1699741510\n|move|p2a: Munkidori|Fake Out||[still]\n|-hint|Fake Out only works on your first turn out.\n|-fail|p2a: Munkidori\n|move|p2b: Pelipper|Air Slash|p1b: Kingambit\n|-resisted|p1b: Kingambit\n|-damage|p1b: Kingambit|39\/100\n|move|p1a: Gliscor|Substitute|p1a: Gliscor\n|-start|p1a: Gliscor|Substitute\n|-damage|p1a: Gliscor|65\/100 tox\n|move|p1b: Kingambit|Kowtow Cleave|p2b: Pelipper\n|-damage|p2b: Pelipper|0 fnt\n|faint|p2b: Pelipper\n|\n|-heal|p1b: Kingambit|45\/100|[from] item: Leftovers\n|-heal|p1a: Gliscor|77\/100 tox|[from] ability: Poison Heal\n|upkeep\n|\n|t:|1699741524\n|switch|p2b: Rotom|Rotom-Wash|100\/100\n|turn|12\n|\n|t:|1699741546\n|move|p2a: Munkidori|Fake Out||[still]\n|-hint|Fake Out only works on your first turn out.\n|-fail|p2a: Munkidori\n|move|p2b: Rotom|Nasty Plot|p2b: Rotom\n|-boost|p2b: Rotom|spa|2\n|move|p1a: Gliscor|Toxic|p2b: Rotom\n|-status|p2b: Rotom|tox\n|move|p1b: Kingambit|Iron Head|p2a: Munkidori\n|-damage|p2a: Munkidori|0 fnt\n|faint|p2a: Munkidori\n|\n|-heal|p1b: Kingambit|51\/100|[from] item: Leftovers\n|-damage|p2b: Rotom|94\/100 tox|[from] psn\n|-heal|p1a: Gliscor|90\/100 tox|[from] ability: Poison Heal\n|-sideend|p2: iDrinkPoolWater|move: Tailwind\n|upkeep\n|turn|13\n|\n|t:|1699741572\n|move|p1a: Gliscor|Earthquake|p2b: Rotom|[spread] p1b\n|-immune|p2b: Rotom|[from] ability: Levitate\n|-supereffective|p1b: Kingambit\n|-damage|p1b: Kingambit|17\/100\n|move|p2b: Rotom|Discharge|p1b: Kingambit|[spread] p1b\n|-immune|p1a: Gliscor\n|-damage|p1b: Kingambit|0 fnt\n|faint|p1b: Kingambit\n|-end|p1b: Kingambit|fallen2|[silent]\n|\n|-heal|p1a: Gliscor|100\/100 tox|[from] ability: Poison Heal\n|-damage|p2b: Rotom|82\/100 tox|[from] psn\n|upkeep\n|\n|t:|1699741584\n|switch|p1b: Spectrier|Spectrier|100\/100\n|turn|14\n|\n|t:|1699741605\n|switch|p1a: Scizor|Scizor, F|3\/100\n|move|p1b: Spectrier|Shadow Ball|p2b: Rotom\n|-damage|p2b: Rotom|9\/100 tox\n|-damage|p1b: Spectrier|91\/100|[from] item: Life Orb\n|move|p2b: Rotom|Discharge|p1a: Scizor|[spread] p1a,p1b\n|-damage|p1a: Scizor|0 fnt\n|-damage|p1b: Spectrier|26\/100\n|faint|p1a: Scizor\n|\n|-damage|p2b: Rotom|0 fnt|[from] psn\n|faint|p2b: Rotom\n|\n|win|jgfdx\n|upkeep\n|raw|jgfdx's rating: 1040 &rarr; <strong>1070<\/strong><br \/>(+30 for winning)\n|raw|iDrinkPoolWater's rating: 1000 &rarr; <strong>1000<\/strong><br \/>(+0 for losing)\n","uploadtime":1699741660,"views":8,"p1id":"jgfdx","p2id":"idrinkpoolwater","formatid":"gen9doublesou","rating":1000,"private":0,"password":""}