{"id":"gen9doublesou-1972779223","p1":"edgypunishment","p2":"DiverSquid","format":"[Gen 9] Doubles OU","log":"|j|\u2606edgypunishment\n|j|\u2606DiverSquid\n|t:|1697893876\n|gametype|doubles\n|player|p1|edgypunishment|265|1284\n|player|p2|DiverSquid|teamrocket|1212\n|teamsize|p1|6\n|teamsize|p2|6\n|gen|9\n|tier|[Gen 9] Doubles OU\n|rated|\n|rule|Species Clause: Limit one of each Pok\u00e9mon\n|rule|OHKO Clause: OHKO moves are banned\n|rule|Evasion Moves Clause: Evasion moves are banned\n|rule|Gravity Sleep Clause: The combination of sleep-inducing moves with imperfect accuracy and Gravity or Gigantamax Orbeetle are banned\n|rule|Endless Battle Clause: Forcing endless battles is banned\n|rule|HP Percentage Mod: HP is shown in percentages\n|clearpoke\n|poke|p1|Mabosstiff, F|\n|poke|p1|Grimmsnarl, M|\n|poke|p1|Kingambit, F|\n|poke|p1|Iron Jugulis|\n|poke|p1|Sableye, M|\n|poke|p1|Overqwil, F|\n|poke|p2|Sableye, M|\n|poke|p2|Empoleon, M|\n|poke|p2|Glimmora, F|\n|poke|p2|Volcanion|\n|poke|p2|Chien-Pao|\n|poke|p2|Overqwil, M|\n|teampreview\n|inactive|Battle timer is ON: inactive players will automatically lose when time's up. (requested by edgypunishment)\n|\n|t:|1697893881\n|start\n|switch|p1a: Mabosstiff|Mabosstiff, F|100\/100\n|switch|p1b: Grimmsnarl|Grimmsnarl, M|100\/100\n|switch|p2a: Sableye|Sableye, M|100\/100\n|switch|p2b: Overqwil|Overqwil, M|100\/100\n|-ability|p2b: Overqwil|Intimidate|boost\n|-ability|p1a: Mabosstiff|Guard Dog|boost\n|-boost|p1a: Mabosstiff|atk|1\n|-unboost|p1b: Grimmsnarl|atk|1\n|turn|1\n|\n|t:|1697893909\n|move|p1b: Grimmsnarl|Reflect|p1b: Grimmsnarl\n|-sidestart|p1: edgypunishment|Reflect\n|move|p2a: Sableye|Reflect|p2a: Sableye\n|-sidestart|p2: DiverSquid|Reflect\n|move|p1a: Mabosstiff|Jaw Lock|p2a: Sableye\n|-damage|p2a: Sableye|62\/100\n|-activate|p1a: Mabosstiff|trapped\n|move|p2b: Overqwil|Taunt|p1b: Grimmsnarl\n|-start|p1b: Grimmsnarl|move: Taunt\n|\n|upkeep\n|turn|2\n|\n|t:|1697893930\n|move|p2a: Sableye|Disable|p1a: Mabosstiff\n|-hint|Since gen 7, Dark is immune to Prankster moves.\n|-immune|p1a: Mabosstiff\n|move|p2b: Overqwil|Barb Barrage|p1b: Grimmsnarl\n|-supereffective|p1b: Grimmsnarl\n|-crit|p1b: Grimmsnarl\n|-damage|p1b: Grimmsnarl|21\/100\n|-status|p1b: Grimmsnarl|psn\n|move|p1a: Mabosstiff|Jaw Lock|p2a: Sableye\n|-crit|p2a: Sableye\n|-damage|p2a: Sableye|0 fnt\n|faint|p2a: Sableye\n|move|p1b: Grimmsnarl|Spirit Break|p2b: Overqwil\n|-damage|p2b: Overqwil|83\/100\n|-unboost|p2b: Overqwil|spa|1\n|\n|-heal|p2b: Overqwil|89\/100|[from] item: Leftovers\n|-damage|p1b: Grimmsnarl|9\/100 psn|[from] psn\n|upkeep\n|inactive|DiverSquid has 120 seconds left.\n|\n|t:|1697893968\n|switch|p2a: Glimmora|Glimmora, F|100\/100\n|turn|3\n|inactive|DiverSquid has 120 seconds left.\n|\n|t:|1697893983\n|move|p2a: Glimmora|Toxic|p1a: Mabosstiff\n|-status|p1a: Mabosstiff|tox\n|move|p1a: Mabosstiff|Psychic Fangs|p2a: Glimmora\n|-sideend|p2: DiverSquid|Reflect\n|-supereffective|p2a: Glimmora\n|-damage|p2a: Glimmora|0 fnt\n|-activate|p2a: Glimmora|ability: Toxic Debris\n|-sidestart|p1: edgypunishment|move: Toxic Spikes\n|faint|p2a: Glimmora\n|move|p2b: Overqwil|Barb Barrage|p1a: Mabosstiff\n|-damage|p1a: Mabosstiff|69\/100 tox\n|move|p1b: Grimmsnarl|False Surrender|p2b: Overqwil\n|-resisted|p2b: Overqwil\n|-damage|p2b: Overqwil|76\/100\n|\n|-heal|p2b: Overqwil|82\/100|[from] item: Leftovers\n|-damage|p1a: Mabosstiff|63\/100 tox|[from] psn\n|-damage|p1b: Grimmsnarl|0 fnt|[from] psn\n|faint|p1b: Grimmsnarl\n|upkeep\n|\n|t:|1697894003\n|switch|p2a: Chien-Pao|Chien-Pao|100\/100\n|switch|p1b: Overqwil|Overqwil, F|100\/100\n|-ability|p2a: Chien-Pao|Sword of Ruin\n|-item|p1b: Overqwil|Air Balloon\n|turn|4\n|\n|t:|1697894024\n|move|p2a: Chien-Pao|Ice Spinner|p1b: Overqwil\n|-damage|p1b: Overqwil|45\/100\n|-status|p2a: Chien-Pao|psn|[from] ability: Poison Point|[of] p1b: Overqwil\n|-enditem|p1b: Overqwil|Air Balloon\n|move|p2b: Overqwil|Barb Barrage|p1a: Mabosstiff\n|-damage|p1a: Mabosstiff|25\/100 tox\n|move|p1a: Mabosstiff|Fire Fang|p2a: Chien-Pao\n|-supereffective|p2a: Chien-Pao\n|-damage|p2a: Chien-Pao|11\/100 psn\n|move|p1b: Overqwil|Liquidation|p2a: Chien-Pao\n|-damage|p2a: Chien-Pao|0 fnt\n|faint|p2a: Chien-Pao\n|\n|-heal|p2b: Overqwil|88\/100|[from] item: Leftovers\n|-damage|p1a: Mabosstiff|13\/100 tox|[from] psn\n|upkeep\n|\n|t:|1697894043\n|switch|p2a: Volcanion|Volcanion|100\/100\n|turn|5\n|\n|t:|1697894051\n|move|p2b: Overqwil|Barb Barrage|p1b: Overqwil\n|-resisted|p1b: Overqwil\n|-damage|p1b: Overqwil|36\/100\n|move|p1b: Overqwil|Crunch|p2a: Volcanion\n|-damage|p2a: Volcanion|67\/100\n|-damage|p1b: Overqwil|19\/100|[from] item: Rocky Helmet|[of] p2a: Volcanion\n|move|p1a: Mabosstiff|Jaw Lock|p2a: Volcanion\n|-damage|p2a: Volcanion|12\/100\n|-activate|p1a: Mabosstiff|trapped\n|-activate|p2a: Volcanion|trapped\n|-damage|p1a: Mabosstiff|0 fnt|[from] item: Rocky Helmet|[of] p2a: Volcanion\n|faint|p1a: Mabosstiff\n|move|p2a: Volcanion|Roar|p1b: Overqwil\n|drag|p1b: Sableye|Sableye, M|100\/100\n|-status|p1b: Sableye|psn\n|\n|-heal|p2b: Overqwil|94\/100|[from] item: Leftovers\n|-damage|p1b: Sableye|88\/100 psn|[from] psn\n|upkeep\n|\n|t:|1697894067\n|switch|p1a: Overqwil|Overqwil, F|19\/100\n|-sideend|p1: edgypunishment|move: Toxic Spikes|[of] p1a: Overqwil\n|turn|6\n|inactive|edgypunishment has 120 seconds left.\n|\n|t:|1697894102\n|switch|p2a: Empoleon|Empoleon, M|100\/100\n|move|p1b: Sableye|Disable||[still]\n|-fail|p1b: Sableye\n|move|p2b: Overqwil|Taunt|p1b: Sableye\n|-start|p1b: Sableye|move: Taunt\n|move|p1a: Overqwil|Crunch|p2a: Empoleon\n|-damage|p2a: Empoleon|56\/100\n|-unboost|p2a: Empoleon|def|1\n|-ability|p2a: Empoleon|Competitive|boost\n|-boost|p2a: Empoleon|spa|2\n|\n|-heal|p2b: Overqwil|99\/100|[from] item: Leftovers\n|-damage|p1b: Sableye|75\/100 psn|[from] psn\n|upkeep\n|turn|7\n|\n|t:|1697894120\n|switch|p2b: Volcanion|Volcanion|12\/100\n|-terastallize|p2a: Empoleon|Water\n|move|p1a: Overqwil|Crunch|p2a: Empoleon\n|-damage|p2a: Empoleon|0 fnt\n|faint|p2a: Empoleon\n|-activate|p1b: Sableye|move: Struggle\n|move|p1b: Sableye|Struggle|p2b: Volcanion\n|-crit|p2b: Volcanion\n|-damage|p2b: Volcanion|2\/100\n|-damage|p1b: Sableye|59\/100 psn|[from] item: Rocky Helmet|[of] p2b: Volcanion\n|-damage|p1b: Sableye|34\/100 psn|[from] recoil\n|\n|-damage|p1b: Sableye|22\/100 psn|[from] psn\n|upkeep\n|\n|t:|1697894136\n|switch|p2a: Overqwil|Overqwil, M|99\/100\n|-ability|p2a: Overqwil|Intimidate|boost\n|-unboost|p1a: Overqwil|atk|1\n|-unboost|p1b: Sableye|atk|1\n|turn|8\n|\n|t:|1697894149\n|move|p2a: Overqwil|Crunch|p1a: Overqwil\n|-resisted|p1a: Overqwil\n|-crit|p1a: Overqwil\n|-damage|p1a: Overqwil|0 fnt\n|faint|p1a: Overqwil\n|-activate|p1b: Sableye|move: Struggle\n|move|p1b: Sableye|Struggle|p2b: Volcanion\n|-damage|p2b: Volcanion|0 fnt\n|-damage|p1b: Sableye|5\/100 psn|[from] item: Rocky Helmet|[of] p2b: Volcanion\n|faint|p2b: Volcanion\n|-damage|p1b: Sableye|0 fnt|[from] recoil\n|faint|p1b: Sableye\n|\n|-heal|p2a: Overqwil|100\/100|[from] item: Leftovers\n|-sideend|p1: edgypunishment|Reflect\n|upkeep\n|\n|t:|1697894163\n|switch|p1a: Kingambit|Kingambit, F|100\/100\n|switch|p1b: Iron Jugulis|Iron Jugulis|100\/100\n|-activate|p1a: Kingambit|ability: Supreme Overlord\n|-start|p1a: Kingambit|fallen4|[silent]\n|-enditem|p1b: Iron Jugulis|Booster Energy\n|-activate|p1b: Iron Jugulis|ability: Quark Drive|[fromitem]\n|-start|p1b: Iron Jugulis|quarkdrivespa\n|turn|9\n|-message|DiverSquid forfeited.\n|\n|win|edgypunishment\n|raw|edgypunishment's rating: 1284 &rarr; <strong>1304<\/strong><br \/>(+20 for winning)\n|raw|DiverSquid's rating: 1212 &rarr; <strong>1192<\/strong><br \/>(-20 for losing)\n|l|\u2606DiverSquid\n","uploadtime":1697894178,"views":11,"p1id":"edgypunishment","p2id":"diversquid","formatid":"gen9doublesou","rating":1192,"private":0,"password":""}