{"id":"gen9doublesou-1975072079","p1":"Smol Rain Time","p2":"brebbers","format":"[Gen 9] Doubles OU","log":"|j|\u2606Smol Rain Time\n|j|\u2606brebbers\n|t:|1698159722\n|gametype|doubles\n|player|p1|Smol Rain Time|pryce|1165\n|player|p2|brebbers|cynthia-gen4|1106\n|teamsize|p1|6\n|teamsize|p2|6\n|gen|9\n|tier|[Gen 9] Doubles OU\n|rated|\n|rule|Species Clause: Limit one of each Pok\u00e9mon\n|rule|OHKO Clause: OHKO moves are banned\n|rule|Evasion Moves Clause: Evasion moves are banned\n|rule|Gravity Sleep Clause: The combination of sleep-inducing moves with imperfect accuracy and Gravity or Gigantamax Orbeetle are banned\n|rule|Endless Battle Clause: Forcing endless battles is banned\n|rule|HP Percentage Mod: HP is shown in percentages\n|clearpoke\n|poke|p1|Sinistcha|\n|poke|p1|Goodra-Hisui, F|\n|poke|p1|Basculegion-F, F|\n|poke|p1|Ogerpon-Wellspring, F|\n|poke|p1|Pelipper, F|\n|poke|p1|Walking Wake|\n|poke|p2|Ursaluna-Bloodmoon, M|\n|poke|p2|Cresselia, F|\n|poke|p2|Iron Hands|\n|poke|p2|Flutter Mane|\n|poke|p2|Heatran, M|\n|poke|p2|Ogerpon-Wellspring, F|\n|teampreview\n|inactive|Battle timer is ON: inactive players will automatically lose when time's up. (requested by brebbers)\n|\n|t:|1698159752\n|start\n|switch|p1a: Wally|Walking Wake|100\/100\n|switch|p1b: Perry|Pelipper, F|100\/100\n|switch|p2a: Freddy Fazbear|Ursaluna-Bloodmoon, M|100\/100\n|switch|p2b: Brian|Iron Hands|100\/100\n|-weather|RainDance|[from] ability: Drizzle|[of] p1b: Perry\n|turn|1\n|\n|t:|1698159773\n|move|p1a: Wally|Hydro Steam|p2a: Freddy Fazbear\n|-supereffective|p2a: Freddy Fazbear\n|-damage|p2a: Freddy Fazbear|0 fnt\n|faint|p2a: Freddy Fazbear\n|move|p1b: Perry|Tailwind|p1b: Perry\n|-sidestart|p1: Smol Rain Time|move: Tailwind\n|move|p2b: Brian|Wild Charge|p1b: Perry\n|-supereffective|p1b: Perry\n|-damage|p1b: Perry|0 fnt\n|faint|p1b: Perry\n|-damage|p2b: Brian|85\/100|[from] Recoil\n|\n|-weather|RainDance|[upkeep]\n|upkeep\n|\n|t:|1698159801\n|switch|p1b: Sirry|Sinistcha|100\/100\n|switch|p2a: Toothbrush|Flutter Mane|100\/100\n|-enditem|p2a: Toothbrush|Booster Energy\n|-activate|p2a: Toothbrush|ability: Protosynthesis|[fromitem]\n|-start|p2a: Toothbrush|protosynthesisspe\n|turn|2\n|\n|t:|1698159830\n|-terastallize|p1a: Wally|Fairy\n|move|p1b: Sirry|Rage Powder|p1b: Sirry\n|-singleturn|p1b: Sirry|move: Rage Powder\n|move|p1a: Wally|Hydro Steam|p2a: Toothbrush\n|-damage|p2a: Toothbrush|23\/100\n|move|p2a: Toothbrush|Shadow Ball|p1b: Sirry\n|-supereffective|p1b: Sirry\n|-crit|p1b: Sirry\n|-damage|p1b: Sirry|0 fnt\n|faint|p1b: Sirry\n|move|p2b: Brian|Drain Punch|p1a: Wally\n|-resisted|p1a: Wally\n|-damage|p1a: Wally|77\/100\n|-heal|p2b: Brian|92\/100|[from] drain|[of] p1a: Wally\n|\n|-weather|RainDance|[upkeep]\n|upkeep\n|inactive|Smol Rain Time has 120 seconds left.\n|\n|t:|1698159841\n|switch|p1b: Barry|Basculegion-F, F|100\/100\n|turn|3\n|\n|t:|1698159865\n|move|p1b: Barry|Protect|p1b: Barry\n|-singleturn|p1b: Barry|Protect\n|move|p1a: Wally|Hydro Steam|p2b: Brian\n|-damage|p2b: Brian|47\/100\n|move|p2a: Toothbrush|Shadow Ball|p1b: Barry\n|-activate|p1b: Barry|move: Protect\n|move|p2b: Brian|Heavy Slam|p1a: Wally\n|-supereffective|p1a: Wally\n|-damage|p1a: Wally|43\/100\n|\n|-weather|RainDance|[upkeep]\n|upkeep\n|turn|4\n|\n|t:|1698159898\n|switch|p1b: Ogerry|Ogerpon-Wellspring, F|100\/100\n|move|p1a: Wally|Surf|p2a: Toothbrush|[spread] p2a,p2b\n|-immune|p1b: Ogerry|[from] ability: Water Absorb\n|-damage|p2a: Toothbrush|0 fnt\n|-damage|p2b: Brian|7\/100\n|faint|p2a: Toothbrush\n|-end|p2a: Toothbrush|Protosynthesis|[silent]\n|move|p2b: Brian|Wild Charge|p1b: Ogerry\n|-damage|p1b: Ogerry|49\/100\n|-damage|p2b: Brian|0 fnt|[from] Recoil\n|faint|p2b: Brian\n|-end|p2b: Brian|Quark Drive|[silent]\n|\n|-weather|RainDance|[upkeep]\n|-sideend|p1: Smol Rain Time|move: Tailwind\n|upkeep\n|inactive|brebbers has 120 seconds left.\n|\n|t:|1698159917\n|switch|p2a: Fountain of Youth|Ogerpon-Wellspring, F|100\/100\n|switch|p2b: Supernova|Cresselia, F|100\/100\n|turn|5\n|\n|t:|1698159932\n|move|p2b: Supernova|Helping Hand|p2a: Fountain of Youth\n|-singleturn|p2a: Fountain of Youth|Helping Hand|[of] p2b: Supernova\n|move|p1a: Wally|Hurricane|p2a: Fountain of Youth\n|-supereffective|p2a: Fountain of Youth\n|-damage|p2a: Fountain of Youth|15\/100\n|move|p2a: Fountain of Youth|Horn Leech|p1b: Ogerry\n|-damage|p1b: Ogerry|0 fnt\n|-heal|p2a: Fountain of Youth|40\/100|[from] drain|[of] p1b: Ogerry\n|faint|p1b: Ogerry\n|\n|-weather|none\n|upkeep\n|\n|t:|1698159944\n|switch|p1b: Garry|Goodra-Hisui, F|100\/100\n|turn|6\n|\n|t:|1698159956\n|move|p2b: Supernova|Helping Hand|p2a: Fountain of Youth\n|-singleturn|p2a: Fountain of Youth|Helping Hand|[of] p2b: Supernova\n|move|p1a: Wally|Hurricane|p2a: Fountain of Youth\n|-supereffective|p2a: Fountain of Youth\n|-damage|p2a: Fountain of Youth|0 fnt\n|faint|p2a: Fountain of Youth\n|move|p1b: Garry|Shelter|p1b: Garry\n|-boost|p1b: Garry|def|2\n|\n|upkeep\n|-message|brebbers forfeited.\n|\n|win|Smol Rain Time\n|raw|Smol Rain Time's rating: 1165 &rarr; <strong>1186<\/strong><br \/>(+21 for winning)\n|raw|brebbers's rating: 1106 &rarr; <strong>1085<\/strong><br \/>(-21 for losing)\n|l|\u2606brebbers\n","uploadtime":1698159968,"views":13,"p1id":"smolraintime","p2id":"brebbers","formatid":"gen9doublesou","rating":1085,"private":0,"password":""}