{"id":"gen9doublesou-1975399765","p1":"100champs","p2":"Yu hung lo","format":"[Gen 9] Doubles OU","log":"|j|\u2606100champs\n|j|\u2606Yu hung lo\n|t:|1698187157\n|gametype|doubles\n|player|p1|100champs|2|1377\n|player|p2|Yu hung lo|janitor|1615\n|teamsize|p1|6\n|teamsize|p2|6\n|gen|9\n|tier|[Gen 9] Doubles OU\n|rated|\n|rule|Species Clause: Limit one of each Pok\u00e9mon\n|rule|OHKO Clause: OHKO moves are banned\n|rule|Evasion Moves Clause: Evasion moves are banned\n|rule|Gravity Sleep Clause: The combination of sleep-inducing moves with imperfect accuracy and Gravity or Gigantamax Orbeetle are banned\n|rule|Endless Battle Clause: Forcing endless battles is banned\n|rule|HP Percentage Mod: HP is shown in percentages\n|clearpoke\n|poke|p1|Ursaluna-Bloodmoon, M|\n|poke|p1|Indeedee-F, F|\n|poke|p1|Torkoal, F|\n|poke|p1|Armarouge, F|\n|poke|p1|Lilligant-Hisui, F|\n|poke|p1|Okidogi, M|\n|poke|p2|Dragapult, M|\n|poke|p2|Rillaboom, M|\n|poke|p2|Iron Hands|\n|poke|p2|Volcarona, M|\n|poke|p2|Zapdos-Galar|\n|poke|p2|Indeedee-F, F|\n|teampreview\n|inactive|Battle timer is ON: inactive players will automatically lose when time's up. (requested by Yu hung lo)\n|\n|t:|1698187185\n|start\n|switch|p1a: Indeedee|Indeedee-F, F|100\/100\n|switch|p1b: Armarouge|Armarouge, F|100\/100\n|switch|p2a: Indeedee|Indeedee-F, F|100\/100\n|switch|p2b: Dragapult|Dragapult, M|100\/100\n|-fieldstart|move: Psychic Terrain|[from] ability: Psychic Surge|[of] p1a: Indeedee\n|turn|1\n|\n|t:|1698187205\n|switch|p2a: Rillaboom|Rillaboom, M|100\/100\n|-fieldstart|move: Grassy Terrain|[from] ability: Grassy Surge|[of] p2a: Rillaboom\n|move|p2b: Dragapult|Dragon Darts|p1b: Armarouge\n|-damage|p1b: Armarouge|67\/100\n|-anim|p2b: Dragapult|Dragon Darts|p1a: Indeedee\n|-damage|p1a: Indeedee|47\/100\n|move|p1b: Armarouge|Expanding Force|p2b: Dragapult\n|-damage|p2b: Dragapult|28\/100\n|move|p1a: Indeedee|Trick Room|p1a: Indeedee\n|-fieldstart|move: Trick Room|[of] p1a: Indeedee\n|\n|-heal|p1b: Armarouge|73\/100|[from] Grassy Terrain\n|-heal|p1a: Indeedee|53\/100|[from] Grassy Terrain\n|-heal|p2b: Dragapult|34\/100|[from] Grassy Terrain\n|upkeep\n|turn|2\n|\n|t:|1698187231\n|switch|p1b: Okidogi|Okidogi, M|100\/100\n|switch|p1a: Torkoal|Torkoal, F|100\/100\n|-weather|SunnyDay|[from] ability: Drought|[of] p1a: Torkoal\n|switch|p2b: Indeedee|Indeedee-F, F|100\/100\n|-terastallize|p2a: Rillaboom|Water\n|move|p2a: Rillaboom|U-turn|p1a: Torkoal\n|-resisted|p1a: Torkoal\n|-damage|p1a: Torkoal|92\/100\n|-enditem|p1a: Torkoal|Red Card|[of] p2a: Rillaboom\n|drag|p2a: Dragapult|Dragapult, M|34\/100\n|\n|-weather|SunnyDay|[upkeep]\n|-heal|p1a: Torkoal|98\/100|[from] Grassy Terrain\n|-heal|p2a: Dragapult|40\/100|[from] Grassy Terrain\n|upkeep\n|turn|3\n|\n|t:|1698187256\n|switch|p2a: Rillaboom|Rillaboom, M, tera:Water|100\/100\n|move|p2b: Indeedee|Fake Out|p1a: Torkoal\n|-damage|p1a: Torkoal|92\/100\n|cant|p1a: Torkoal|flinch\n|move|p1b: Okidogi|Poison Jab|p2a: Rillaboom\n|-damage|p2a: Rillaboom|34\/100\n|-status|p2a: Rillaboom|psn\n|\n|-weather|SunnyDay|[upkeep]\n|-heal|p1a: Torkoal|98\/100|[from] Grassy Terrain\n|-heal|p2a: Rillaboom|40\/100 psn|[from] Grassy Terrain\n|-damage|p2a: Rillaboom|28\/100 psn|[from] psn\n|upkeep\n|turn|4\n|\n|t:|1698187272\n|switch|p1b: Indeedee|Indeedee-F, F|53\/100\n|-fieldstart|move: Psychic Terrain|[from] ability: Psychic Surge|[of] p1b: Indeedee\n|move|p1a: Torkoal|Eruption|p2b: Indeedee|[spread] p2a,p2b\n|-resisted|p2a: Rillaboom\n|-damage|p2a: Rillaboom|1\/100 psn\n|-damage|p2b: Indeedee|30\/100\n|-enditem|p2b: Indeedee|Sitrus Berry|[eat]\n|-heal|p2b: Indeedee|55\/100|[from] item: Sitrus Berry\n|move|p2b: Indeedee|Psychic|p1a: Torkoal\n|-damage|p1a: Torkoal|45\/100\n|move|p2a: Rillaboom|Grassy Glide|p1a: Torkoal\n|-resisted|p1a: Torkoal\n|-damage|p1a: Torkoal|33\/100\n|\n|-weather|SunnyDay|[upkeep]\n|-damage|p2a: Rillaboom|0 fnt|[from] psn\n|faint|p2a: Rillaboom\n|upkeep\n|\n|t:|1698187277\n|switch|p2a: Volcarona|Volcarona, M|100\/100\n|turn|5\n|\n|t:|1698187293\n|switch|p1b: Armarouge|Armarouge, F|73\/100\n|move|p1a: Torkoal|Lava Plume|p2b: Indeedee|[spread] p2a,p2b\n|-start|p1b: Armarouge|ability: Flash Fire\n|-damage|p2a: Volcarona|65\/100\n|-damage|p2b: Indeedee|21\/100\n|-status|p2b: Indeedee|brn\n|-activate|p2b: Indeedee|ability: Synchronize\n|-immune|p1a: Torkoal\n|move|p2b: Indeedee|Psychic|p1a: Torkoal\n|-damage|p1a: Torkoal|0 fnt\n|faint|p1a: Torkoal\n|move|p2a: Volcarona|Quiver Dance|p2a: Volcarona\n|-boost|p2a: Volcarona|spa|1\n|-boost|p2a: Volcarona|spd|1\n|-boost|p2a: Volcarona|spe|1\n|\n|-weather|SunnyDay|[upkeep]\n|-heal|p2a: Volcarona|71\/100|[from] item: Leftovers\n|-damage|p2b: Indeedee|15\/100 brn|[from] brn\n|-fieldend|move: Trick Room\n|upkeep\n|\n|t:|1698187311\n|switch|p1a: Lilligant|Lilligant-Hisui, F|100\/100\n|turn|6\n|\n|t:|1698187324\n|move|p1a: Lilligant|After You|p1b: Armarouge\n|-activate|p1b: Armarouge|move: After You\n|move|p1b: Armarouge|Expanding Force|p2b: Indeedee|[spread] p2a,p2b\n|-resisted|p2b: Indeedee\n|-damage|p2a: Volcarona|26\/100\n|-damage|p2b: Indeedee|0 fnt\n|faint|p2b: Indeedee\n|move|p2a: Volcarona|Heat Wave|p1a: Lilligant|[spread] p1a\n|-immune|p1b: Armarouge|[from] ability: Flash Fire\n|-supereffective|p1a: Lilligant\n|-enditem|p1a: Lilligant|Focus Sash\n|-damage|p1a: Lilligant|1\/100\n|\n|-weather|none\n|-heal|p2a: Volcarona|32\/100|[from] item: Leftovers\n|upkeep\n|\n|t:|1698187337\n|switch|p2b: Dragapult|Dragapult, M|40\/100\n|turn|7\n|inactive|Yu hung lo has 120 seconds left.\n|\n|t:|1698187376\n|move|p2b: Dragapult|Dragon Darts|p1b: Armarouge\n|-damage|p1b: Armarouge|41\/100\n|-anim|p2b: Dragapult|Dragon Darts|p1a: Lilligant\n|-damage|p1a: Lilligant|0 fnt\n|faint|p1a: Lilligant\n|move|p2a: Volcarona|Giga Drain|p1b: Armarouge\n|-resisted|p1b: Armarouge\n|-damage|p1b: Armarouge|23\/100\n|-heal|p2a: Volcarona|42\/100|[from] drain|[of] p1b: Armarouge\n|move|p1b: Armarouge|Armor Cannon|p2a: Volcarona\n|-damage|p2a: Volcarona|0 fnt\n|-unboost|p1b: Armarouge|def|1\n|-unboost|p1b: Armarouge|spd|1\n|faint|p2a: Volcarona\n|\n|upkeep\n|\n|t:|1698187394\n|switch|p1a: Okidogi|Okidogi, M|100\/100\n|switch|p2a: Zapdos|Zapdos-Galar|100\/100\n|turn|8\n|\n|t:|1698187408\n|move|p2b: Dragapult|Dragon Darts|p1b: Armarouge\n|-damage|p1b: Armarouge|0 fnt\n|-anim|p2b: Dragapult|Dragon Darts|p1a: Okidogi\n|-damage|p1a: Okidogi|69\/100\n|faint|p1b: Armarouge\n|move|p2a: Zapdos|Brave Bird|p1a: Okidogi\n|-supereffective|p1a: Okidogi\n|-damage|p1a: Okidogi|0 fnt\n|faint|p1a: Okidogi\n|-damage|p2a: Zapdos|78\/100|[from] Recoil\n|-damage|p2a: Zapdos|68\/100|[from] item: Life Orb\n|\n|-fieldend|move: Psychic Terrain\n|upkeep\n|\n|t:|1698187416\n|switch|p1a: Ursaluna|Ursaluna-Bloodmoon, M|100\/100\n|switch|p1b: Indeedee|Indeedee-F, F|53\/100\n|-fieldstart|move: Psychic Terrain|[from] ability: Psychic Surge|[of] p1b: Indeedee\n|turn|9\n|\n|t:|1698187427\n|move|p1b: Indeedee|Follow Me|p1b: Indeedee\n|-singleturn|p1b: Indeedee|move: Follow Me\n|move|p2b: Dragapult|Dragon Darts|p1b: Indeedee\n|-damage|p1b: Indeedee|0 fnt\n|faint|p1b: Indeedee\n|move|p2a: Zapdos|Close Combat|p1a: Ursaluna\n|-supereffective|p1a: Ursaluna\n|-damage|p1a: Ursaluna|0 fnt\n|-unboost|p2a: Zapdos|def|1\n|-unboost|p2a: Zapdos|spd|1\n|faint|p1a: Ursaluna\n|-damage|p2a: Zapdos|58\/100|[from] item: Life Orb\n|\n|win|Yu hung lo\n|raw|100champs's rating: 1377 &rarr; <strong>1369<\/strong><br \/>(-8 for losing)\n|raw|Yu hung lo's rating: 1615 &rarr; <strong>1623<\/strong><br \/>(+8 for winning)\n|l|\u2606100champs\n|c|\u2606Yu hung lo|Gg\n","uploadtime":1698187454,"views":11,"p1id":"100champs","p2id":"yuhunglo","formatid":"gen9doublesou","rating":1369,"private":0,"password":""}