{"id":"gen9doublesou-1979168868","p1":"ratlicker","p2":"bananaszn","format":"[Gen 9] Doubles OU","log":"|j|\u2606ratlicker\n|j|\u2606bananaszn\n|t:|1698642934\n|gametype|doubles\n|player|p1|ratlicker|266|1175\n|player|p2|bananaszn|brycen|1183\n|teamsize|p1|6\n|teamsize|p2|6\n|gen|9\n|tier|[Gen 9] Doubles OU\n|rated|\n|rule|Species Clause: Limit one of each Pok\u00e9mon\n|rule|OHKO Clause: OHKO moves are banned\n|rule|Evasion Moves Clause: Evasion moves are banned\n|rule|Gravity Sleep Clause: The combination of sleep-inducing moves with imperfect accuracy and Gravity or Gigantamax Orbeetle are banned\n|rule|Endless Battle Clause: Forcing endless battles is banned\n|rule|HP Percentage Mod: HP is shown in percentages\n|clearpoke\n|poke|p1|Sinistcha-Masterpiece|\n|poke|p1|Manaphy|\n|poke|p1|Flutter Mane|\n|poke|p1|Ceruledge, M|\n|poke|p1|Poliwrath, F|\n|poke|p1|Kommo-o, F|\n|poke|p2|Grimmsnarl, M|\n|poke|p2|Avalugg, M|\n|poke|p2|Cresselia, F|\n|poke|p2|Farigiraf, M|\n|poke|p2|Ursaluna-Bloodmoon, M|\n|poke|p2|Diancie|\n|teampreview\n|\n|t:|1698642954\n|start\n|switch|p1a: Poliwrath|Poliwrath, F, shiny|100\/100\n|switch|p1b: Flutter Mane|Flutter Mane, shiny|100\/100\n|switch|p2a: Grimmsnarl|Grimmsnarl, M|100\/100\n|switch|p2b: Avalugg|Avalugg, M|100\/100\n|turn|1\n|c|\u2606bananaszn|another poliwrath user\n|c|\u2606bananaszn|yay\n|\n|t:|1698642972\n|move|p2a: Grimmsnarl|Swagger|p2b: Avalugg\n|-boost|p2b: Avalugg|atk|2\n|-immune|p2b: Avalugg|confusion|[from] ability: Own Tempo\n|move|p1b: Flutter Mane|Icy Wind|p2a: Grimmsnarl|[spread] p2a,p2b\n|-resisted|p2b: Avalugg\n|-damage|p2a: Grimmsnarl|90\/100\n|-damage|p2b: Avalugg|88\/100\n|-unboost|p2a: Grimmsnarl|spe|1\n|-unboost|p2b: Avalugg|spe|1\n|-enditem|p2a: Grimmsnarl|Eject Button\n|\n|t:|1698642982\n|switch|p2a: Cresselia|Cresselia, F, shiny|100\/100\n|move|p1a: Poliwrath|Belly Drum|p1a: Poliwrath\n|-damage|p1a: Poliwrath|51\/100\n|-setboost|p1a: Poliwrath|atk|6|[from] move: Belly Drum\n|move|p2b: Avalugg|Icicle Spear|p1b: Flutter Mane\n|-damage|p1b: Flutter Mane|42\/100\n|-damage|p1b: Flutter Mane|0 fnt\n|faint|p1b: Flutter Mane\n|-end|p1b: Flutter Mane|Protosynthesis|[silent]\n|-hitcount|p1: Flutter Mane|2\n|\n|-heal|p1a: Poliwrath|57\/100|[from] item: Leftovers\n|upkeep\n|\n|t:|1698642996\n|switch|p1b: Manaphy|Manaphy, shiny|100\/100\n|turn|2\n|\n|t:|1698643003\n|move|p2b: Avalugg|Protect|p2b: Avalugg\n|-singleturn|p2b: Avalugg|Protect\n|move|p1b: Manaphy|Tail Glow|p1b: Manaphy\n|-boost|p1b: Manaphy|spa|3\n|move|p1a: Poliwrath|Baton Pass|p1a: Poliwrath\n|\n|t:|1698643010\n|switch|p1a: Ceruledge|Ceruledge, M, shiny|100\/100|[from] Baton Pass\n|move|p2a: Cresselia|Trick Room|p2a: Cresselia\n|-fieldstart|move: Trick Room|[of] p2a: Cresselia\n|\n|upkeep\n|turn|3\n|\n|t:|1698643030\n|move|p1a: Ceruledge|Vacuum Wave|p2b: Avalugg\n|-supereffective|p2b: Avalugg\n|-damage|p2b: Avalugg|70\/100\n|move|p2b: Avalugg|Earthquake|p1a: Ceruledge|[spread] p1a,p1b\n|-immune|p2a: Cresselia|[from] ability: Levitate\n|-supereffective|p1a: Ceruledge\n|-damage|p1a: Ceruledge|0 fnt\n|-damage|p1b: Manaphy|67\/100\n|faint|p1a: Ceruledge\n|move|p2a: Cresselia|Psychic|p1b: Manaphy\n|-damage|p1b: Manaphy|47\/100\n|move|p1b: Manaphy|Tail Glow|p1b: Manaphy\n|-boost|p1b: Manaphy|spa|3\n|\n|-heal|p1b: Manaphy|53\/100|[from] item: Leftovers\n|upkeep\n|\n|t:|1698643038\n|switch|p1a: Kommo-o|Kommo-o, F, shiny|100\/100\n|turn|4\n|c|\u2606ratlicker|yikes\n|\n|t:|1698643056\n|move|p2a: Cresselia|Protect|p2a: Cresselia\n|-singleturn|p2a: Cresselia|Protect\n|move|p2b: Avalugg|Icicle Spear|p1a: Kommo-o\n|-supereffective|p1a: Kommo-o\n|-damage|p1a: Kommo-o|62\/100\n|-supereffective|p1a: Kommo-o\n|-damage|p1a: Kommo-o|15\/100\n|-supereffective|p1a: Kommo-o\n|-damage|p1a: Kommo-o|0 fnt\n|faint|p1a: Kommo-o\n|-hitcount|p1: Kommo-o|3\n|move|p1b: Manaphy|Baton Pass|p1b: Manaphy\n|\n|t:|1698643063\n|switch|p1b: Sinistcha|Sinistcha-Masterpiece, shiny|100\/100|[from] Baton Pass\n|\n|upkeep\n|\n|t:|1698643066\n|switch|p1a: Poliwrath|Poliwrath, F, shiny|57\/100\n|turn|5\n|\n|t:|1698643074\n|move|p2b: Avalugg|Icicle Spear|p1b: Sinistcha\n|-supereffective|p1b: Sinistcha\n|-damage|p1b: Sinistcha|48\/100\n|-supereffective|p1b: Sinistcha\n|-damage|p1b: Sinistcha|0 fnt\n|faint|p1b: Sinistcha\n|-hitcount|p1: Sinistcha|2\n|move|p2a: Cresselia|Psychic|p1a: Poliwrath\n|-supereffective|p1a: Poliwrath\n|-damage|p1a: Poliwrath|0 fnt\n|faint|p1a: Poliwrath\n|\n|upkeep\n|c|\u2606ratlicker|:(\n|-message|ratlicker forfeited.\n|\n|win|bananaszn\n|raw|ratlicker's rating: 1175 &rarr; <strong>1151<\/strong><br \/>(-24 for losing)\n|raw|bananaszn's rating: 1183 &rarr; <strong>1207<\/strong><br \/>(+24 for winning)\n|c|\u2606bananaszn|my fault og\n|l|\u2606ratlicker\n","uploadtime":1698643092,"views":26,"p1id":"ratlicker","p2id":"bananaszn","formatid":"gen9doublesou","rating":1151,"private":0,"password":""}