{"id":"gen9doublesou-1998178652","p1":"TakingW'S-isMyJOB","p2":"maybenotxand","format":"[Gen 9] Doubles OU","log":"|j|\u2606TakingW'S-isMyJOB\n|j|\u2606maybenotxand\n|t:|1700907176\n|gametype|doubles\n|player|p1|TakingW'S-isMyJOB|preschooler|\n|player|p2|maybenotxand|dawn|\n|teamsize|p1|6\n|teamsize|p2|6\n|gen|9\n|tier|[Gen 9] Doubles OU\n|rule|Species Clause: Limit one of each Pok\u00e9mon\n|rule|OHKO Clause: OHKO moves are banned\n|rule|Evasion Moves Clause: Evasion moves are banned\n|rule|Gravity Sleep Clause: The combination of sleep-inducing moves with imperfect accuracy and Gravity or Gigantamax Orbeetle are banned\n|rule|Endless Battle Clause: Forcing endless battles is banned\n|rule|HP Percentage Mod: HP is shown in percentages\n|clearpoke\n|poke|p1|Abomasnow, M|\n|poke|p1|Froslass, F|\n|poke|p1|Ninetales-Alola, F|\n|poke|p1|Camerupt, M|\n|poke|p1|Mamoswine, M|\n|poke|p1|Empoleon, F|\n|poke|p2|Ceruledge, M|\n|poke|p2|Meowscarada, F|\n|poke|p2|Dragonite, M|\n|poke|p2|Iron Bundle|\n|poke|p2|Amoonguss, M|\n|poke|p2|Iron Valiant|\n|teampreview\n|\n|t:|1700907189\n|start\n|switch|p1a: CowWithValcano|Camerupt, M|100\/100\n|switch|p1b: Snow Monkey|Abomasnow, M|100\/100\n|switch|p2a: laugh|Amoonguss, M|100\/100\n|switch|p2b: Jetlag|Iron Valiant, shiny|100\/100\n|-weather|Snow|[from] ability: Snow Warning|[of] p1b: Snow Monkey\n|turn|1\n|\n|t:|1700907225\n|move|p2b: Jetlag|Aura Sphere|p1b: Snow Monkey\n|-supereffective|p1b: Snow Monkey\n|-damage|p1b: Snow Monkey|0 fnt\n|faint|p1b: Snow Monkey\n|move|p1a: CowWithValcano|Flare Blitz|p2a: laugh\n|-supereffective|p2a: laugh\n|-crit|p2a: laugh\n|-damage|p2a: laugh|0 fnt\n|-damage|p1a: CowWithValcano|84\/100|[from] item: Rocky Helmet|[of] p2a: laugh\n|faint|p2a: laugh\n|-damage|p1a: CowWithValcano|42\/100|[from] Recoil\n|\n|-weather|Snow|[upkeep]\n|upkeep\n|c|\u2606maybenotxand|traded\n|\n|t:|1700907240\n|switch|p1b: (Frosl)Ass|Froslass, F, shiny|100\/100\n|switch|p2a: P3ngu1n|Iron Bundle, shiny|100\/100\n|-enditem|p2a: P3ngu1n|Booster Energy\n|-activate|p2a: P3ngu1n|ability: Quark Drive|[fromitem]\n|-start|p2a: P3ngu1n|quarkdrivespe\n|turn|2\n|\n|t:|1700907266\n|move|p1b: (Frosl)Ass|Helping Hand|p1a: CowWithValcano\n|-singleturn|p1a: CowWithValcano|Helping Hand|[of] p1b: (Frosl)Ass\n|move|p2a: P3ngu1n|Hydro Pump|p1b: (Frosl)Ass\n|-damage|p1b: (Frosl)Ass|26\/100\n|move|p2b: Jetlag|Aura Sphere|p1a: CowWithValcano\n|-damage|p1a: CowWithValcano|0 fnt\n|faint|p1a: CowWithValcano\n|\n|-weather|Snow|[upkeep]\n|upkeep\n|\n|t:|1700907276\n|switch|p1a: King Penguin|Empoleon, F|100\/100\n|turn|3\n|\n|t:|1700907285\n|move|p2a: P3ngu1n|Blizzard|p1b: (Frosl)Ass|[spread] p1a,p1b\n|-resisted|p1a: King Penguin\n|-resisted|p1b: (Frosl)Ass\n|-damage|p1a: King Penguin|90\/100\n|-damage|p1b: (Frosl)Ass|0 fnt\n|faint|p1b: (Frosl)Ass\n|move|p2b: Jetlag|Aura Sphere|p1a: King Penguin\n|-supereffective|p1a: King Penguin\n|-damage|p1a: King Penguin|0 fnt\n|faint|p1a: King Penguin\n|\n|-weather|Snow|[upkeep]\n|upkeep\n|c|\u2606TakingW'S-isMyJOB|The hell?\n|\n|t:|1700907303\n|switch|p1b: MammothlokinAss|Mamoswine, M|100\/100\n|switch|p1a: Naruto|Ninetales-Alola, F|100\/100\n|turn|4\n|\n|t:|1700907326\n|move|p2a: P3ngu1n|Hydro Pump|p1b: MammothlokinAss|[miss]\n|-miss|p2a: P3ngu1n|p1b: MammothlokinAss\n|move|p2b: Jetlag|Aura Sphere|p1a: Naruto\n|-damage|p1a: Naruto|32\/100\n|move|p1a: Naruto|Blizzard|p2b: Jetlag|[spread] p2a,p2b\n|-resisted|p2a: P3ngu1n\n|-damage|p2a: P3ngu1n|82\/100\n|-damage|p2b: Jetlag|41\/100\n|move|p1b: MammothlokinAss|Reflect|p1b: MammothlokinAss\n|-sidestart|p1: TakingW'S-isMyJOB|Reflect\n|\n|-weather|Snow|[upkeep]\n|upkeep\n|turn|5\n|\n|t:|1700907344\n|move|p2a: P3ngu1n|Hydro Pump|p1b: MammothlokinAss\n|-supereffective|p1b: MammothlokinAss\n|-damage|p1b: MammothlokinAss|0 fnt\n|faint|p1b: MammothlokinAss\n|move|p2b: Jetlag|Aura Sphere|p1a: Naruto\n|-damage|p1a: Naruto|0 fnt\n|faint|p1a: Naruto\n|\n|win|maybenotxand\n|c|\u2606maybenotxand|gg\n|c|\u2606TakingW'S-isMyJOB|Gg\n|c|\u2606maybenotxand|so how does it feel?\n","uploadtime":1700907374,"views":6,"p1id":"takingwsismyjob","p2id":"maybenotxand","formatid":"gen9doublesou","rating":0,"private":0,"password":""}