{"id":"gen9doublesou-1972525823","p1":"Dougtrio_0","p2":"Xanathar14","format":"[Gen 9] Doubles OU","log":"|j|\u2606Dougtrio_0\n|j|\u2606Xanathar14\n|t:|1697852945\n|gametype|doubles\n|player|p1|Dougtrio_0|170|1189\n|player|p2|Xanathar14|steven|1242\n|teamsize|p1|6\n|teamsize|p2|6\n|gen|9\n|tier|[Gen 9] Doubles OU\n|rated|\n|rule|Species Clause: Limit one of each Pok\u00e9mon\n|rule|OHKO Clause: OHKO moves are banned\n|rule|Evasion Moves Clause: Evasion moves are banned\n|rule|Gravity Sleep Clause: The combination of sleep-inducing moves with imperfect accuracy and Gravity or Gigantamax Orbeetle are banned\n|rule|Endless Battle Clause: Forcing endless battles is banned\n|rule|HP Percentage Mod: HP is shown in percentages\n|clearpoke\n|poke|p1|Sinistcha|\n|poke|p1|Crawdaunt, F|\n|poke|p1|Ursaluna-Bloodmoon, M|\n|poke|p1|Goodra-Hisui, M|\n|poke|p1|Diancie|\n|poke|p1|Hatterene, F|\n|poke|p2|Stonjourner, F|\n|poke|p2|Bisharp, F|\n|poke|p2|Tornadus-Therian, M|\n|poke|p2|Ninetales, M|\n|poke|p2|Sinistcha-Masterpiece|\n|poke|p2|Walking Wake|\n|teampreview\n|c|\u2606Xanathar14|glhf\n|\n|t:|1697852961\n|start\n|switch|p1a: Sinistcha|Sinistcha|100\/100\n|switch|p1b: Crawdaunt|Crawdaunt, F|100\/100\n|switch|p2a: Tornadus|Tornadus-Therian, M|100\/100\n|switch|p2b: Sinistcha|Sinistcha-Masterpiece|100\/100\n|turn|1\n|\n|t:|1697852977\n|-terastallize|p1b: Crawdaunt|Electric\n|move|p2a: Tornadus|Tailwind|p2a: Tornadus\n|-sidestart|p2: Xanathar14|move: Tailwind\n|move|p1b: Crawdaunt|Tera Blast|p2a: Tornadus|[anim] Tera Blast Electric\n|-supereffective|p2a: Tornadus\n|-damage|p2a: Tornadus|0 fnt\n|faint|p2a: Tornadus\n|-damage|p1b: Crawdaunt|91\/100|[from] item: Life Orb\n|move|p2b: Sinistcha|Trick Room|p2b: Sinistcha\n|-fieldstart|move: Trick Room|[of] p2b: Sinistcha\n|move|p1a: Sinistcha|Trick Room|p1a: Sinistcha\n|-fieldend|move: Trick Room\n|\n|upkeep\n|\n|t:|1697852991\n|switch|p2a: Bisharp|Bisharp, F, shiny|100\/100\n|turn|2\n|\n|t:|1697853004\n|move|p2a: Bisharp|Swords Dance|p2a: Bisharp\n|-boost|p2a: Bisharp|atk|2\n|move|p2b: Sinistcha|Shadow Ball|p1a: Sinistcha\n|-supereffective|p1a: Sinistcha\n|-damage|p1a: Sinistcha|0 fnt\n|faint|p1a: Sinistcha\n|-damage|p2b: Sinistcha|91\/100|[from] item: Life Orb\n|move|p1b: Crawdaunt|Knock Off|p2a: Bisharp\n|-resisted|p2a: Bisharp\n|-damage|p2a: Bisharp|70\/100\n|-enditem|p2a: Bisharp|Eviolite|[from] move: Knock Off|[of] p1b: Crawdaunt\n|-damage|p1b: Crawdaunt|81\/100|[from] item: Life Orb\n|\n|upkeep\n|\n|t:|1697853021\n|switch|p1a: Diancie|Diancie|100\/100\n|turn|3\n|\n|t:|1697853031\n|move|p2a: Bisharp|Iron Head|p1a: Diancie\n|-supereffective|p1a: Diancie\n|-damage|p1a: Diancie|0 fnt\n|faint|p1a: Diancie\n|move|p2b: Sinistcha|Matcha Gotcha|p1b: Crawdaunt\n|-damage|p1b: Crawdaunt|0 fnt\n|-heal|p2b: Sinistcha|100\/100|[from] drain|[of] p1b: Crawdaunt\n|faint|p1b: Crawdaunt\n|-damage|p2b: Sinistcha|91\/100|[from] item: Life Orb\n|\n|upkeep\n|\n|t:|1697853043\n|switch|p1b: Ursaluna|Ursaluna-Bloodmoon, M|100\/100\n|switch|p1a: Hatterene|Hatterene, F|100\/100\n|turn|4\n|\n|t:|1697853055\n|move|p2a: Bisharp|Iron Head|p1a: Hatterene\n|-supereffective|p1a: Hatterene\n|-damage|p1a: Hatterene|0 fnt\n|faint|p1a: Hatterene\n|move|p2b: Sinistcha|Matcha Gotcha|p1b: Ursaluna\n|-supereffective|p1b: Ursaluna\n|-damage|p1b: Ursaluna|20\/100\n|-heal|p2b: Sinistcha|100\/100|[from] drain|[of] p1b: Ursaluna\n|-damage|p2b: Sinistcha|91\/100|[from] item: Life Orb\n|move|p1b: Ursaluna|Blood Moon|p2a: Bisharp\n|-resisted|p2a: Bisharp\n|-damage|p2a: Bisharp|2\/100\n|\n|-sideend|p2: Xanathar14|move: Tailwind\n|upkeep\n|\n|t:|1697853068\n|switch|p1a: Goodra|Goodra-Hisui, M|100\/100\n|turn|5\n|\n|t:|1697853080\n|move|p2a: Bisharp|Brick Break|p1a: Goodra\n|-supereffective|p1a: Goodra\n|-damage|p1a: Goodra|0 fnt\n|faint|p1a: Goodra\n|move|p2b: Sinistcha|Matcha Gotcha|p1b: Ursaluna\n|-supereffective|p1b: Ursaluna\n|-crit|p1b: Ursaluna\n|-damage|p1b: Ursaluna|0 fnt\n|-heal|p2b: Sinistcha|100\/100|[from] drain|[of] p1b: Ursaluna\n|faint|p1b: Ursaluna\n|-damage|p2b: Sinistcha|91\/100|[from] item: Life Orb\n|\n|win|Xanathar14\n|raw|Dougtrio_0's rating: 1189 &rarr; <strong>1168<\/strong><br \/>(-21 for losing)\n|raw|Xanathar14's rating: 1242 &rarr; <strong>1263<\/strong><br \/>(+21 for winning)\n|c|\u2606Xanathar14|gg\n","uploadtime":1697853094,"views":17,"p1id":"dougtrio0","p2id":"xanathar14","formatid":"gen9doublesou","rating":1168,"private":0,"password":""}