{"id":"gen9doublesou-1970796647","p1":"Todredmi","p2":"FerssTheBoss","format":"[Gen 9] Doubles OU","log":"|j|\u2606Todredmi\n|j|\u2606FerssTheBoss\n|t:|1697668059\n|gametype|doubles\n|player|p1|Todredmi|169|1194\n|player|p2|FerssTheBoss|volkner|1353\n|teamsize|p1|6\n|teamsize|p2|6\n|gen|9\n|tier|[Gen 9] Doubles OU\n|rated|\n|rule|Species Clause: Limit one of each Pok\u00e9mon\n|rule|OHKO Clause: OHKO moves are banned\n|rule|Evasion Moves Clause: Evasion moves are banned\n|rule|Gravity Sleep Clause: The combination of sleep-inducing moves with imperfect accuracy and Gravity or Gigantamax Orbeetle are banned\n|rule|Endless Battle Clause: Forcing endless battles is banned\n|rule|HP Percentage Mod: HP is shown in percentages\n|clearpoke\n|poke|p1|Dragapult, F|\n|poke|p1|Grimmsnarl, M|\n|poke|p1|Goodra-Hisui, M|\n|poke|p1|Braviary-Hisui, M|\n|poke|p1|Basculegion, M|\n|poke|p1|Drednaw, M|\n|poke|p2|Indeedee, M|\n|poke|p2|Vaporeon, M|\n|poke|p2|Hoopa-Unbound|\n|poke|p2|Amoonguss, M|\n|poke|p2|Pawmot, M|\n|poke|p2|Ceruledge, M|\n|teampreview\n|\n|t:|1697668065\n|start\n|switch|p1a: Grimmsnarl|Grimmsnarl, M, shiny|100\/100\n|switch|p1b: Goodra|Goodra-Hisui, M, shiny|100\/100\n|switch|p2a: Amoonguss|Amoonguss, M|100\/100\n|switch|p2b: Pawmot|Pawmot, M, shiny|100\/100\n|turn|1\n|inactive|Battle timer is ON: inactive players will automatically lose when time's up. (requested by FerssTheBoss)\n|\n|t:|1697668078\n|move|p2b: Pawmot|Fake Out|p1a: Grimmsnarl\n|-damage|p1a: Grimmsnarl|90\/100\n|cant|p1a: Grimmsnarl|flinch\n|move|p1b: Goodra|Curse|p1b: Goodra\n|-unboost|p1b: Goodra|spe|1\n|-boost|p1b: Goodra|atk|1\n|-boost|p1b: Goodra|def|1\n|move|p2a: Amoonguss|Spore|p1a: Grimmsnarl\n|-status|p1a: Grimmsnarl|slp|[from] move: Spore\n|\n|upkeep\n|turn|2\n|\n|t:|1697668096\n|switch|p2b: Vaporeon|Vaporeon, M, shiny|100\/100\n|switch|p1a: Braviary|Braviary-Hisui, M, shiny|100\/100\n|move|p1b: Goodra|Curse|p1b: Goodra\n|-unboost|p1b: Goodra|spe|1\n|-boost|p1b: Goodra|atk|1\n|-boost|p1b: Goodra|def|1\n|move|p2a: Amoonguss|Sludge Bomb|p1a: Braviary\n|-damage|p1a: Braviary|70\/100\n|-status|p1a: Braviary|psn\n|\n|-damage|p1a: Braviary|58\/100 psn|[from] psn\n|upkeep\n|turn|3\n|\n|t:|1697668119\n|switch|p2a: Ceruledge|Ceruledge, M|100\/100\n|-terastallize|p1a: Braviary|Psychic\n|move|p1a: Braviary|Esper Wing|p2a: Ceruledge\n|-damage|p2a: Ceruledge|10\/100\n|move|p2b: Vaporeon|Haze|p2b: Vaporeon\n|-clearallboost\n|move|p1b: Goodra|Bulldoze|p2b: Vaporeon|[spread] p1a,p2a,p2b\n|-supereffective|p2a: Ceruledge\n|-damage|p1a: Braviary|44\/100 psn\n|-damage|p2a: Ceruledge|0 fnt\n|-damage|p2b: Vaporeon|87\/100\n|-unboost|p1a: Braviary|spe|1\n|-unboost|p2b: Vaporeon|spe|1\n|faint|p2a: Ceruledge\n|\n|-heal|p2b: Vaporeon|93\/100|[from] item: Leftovers\n|-damage|p1a: Braviary|32\/100 psn|[from] psn\n|upkeep\n|inactive|FerssTheBoss has 120 seconds left.\n|\n|t:|1697668142\n|switch|p2a: Hoopa|Hoopa-Unbound|100\/100\n|turn|4\n|\n|t:|1697668151\n|move|p2a: Hoopa|Knock Off|p1a: Braviary\n|-supereffective|p1a: Braviary\n|-damage|p1a: Braviary|0 fnt\n|-enditem|p1a: Braviary|Weakness Policy|[from] move: Knock Off|[of] p2a: Hoopa\n|faint|p1a: Braviary\n|move|p1b: Goodra|Curse|p1b: Goodra\n|-unboost|p1b: Goodra|spe|1\n|-boost|p1b: Goodra|atk|1\n|-boost|p1b: Goodra|def|1\n|move|p2b: Vaporeon|Icy Wind|p1b: Goodra\n|-damage|p1b: Goodra|89\/100\n|-unboost|p1b: Goodra|spe|1\n|\n|-heal|p2b: Vaporeon|99\/100|[from] item: Leftovers\n|upkeep\n|\n|t:|1697668167\n|switch|p1a: Dragapult|Dragapult, F, shiny|100\/100\n|turn|5\n|\n|t:|1697668176\n|move|p1a: Dragapult|Thunderbolt|p2b: Vaporeon\n|-supereffective|p2b: Vaporeon\n|-damage|p2b: Vaporeon|59\/100\n|move|p2a: Hoopa|Knock Off|p1a: Dragapult\n|-supereffective|p1a: Dragapult\n|-damage|p1a: Dragapult|0 fnt\n|-enditem|p1a: Dragapult|Expert Belt|[from] move: Knock Off|[of] p2a: Hoopa\n|faint|p1a: Dragapult\n|move|p2b: Vaporeon|Haze|p2b: Vaporeon\n|-clearallboost\n|move|p1b: Goodra|Iron Head|p2a: Hoopa\n|-damage|p2a: Hoopa|50\/100\n|\n|-heal|p2b: Vaporeon|65\/100|[from] item: Leftovers\n|upkeep\n|\n|t:|1697668193\n|switch|p1a: Drednaw|Drednaw, M|100\/100\n|turn|6\n|\n|t:|1697668204\n|move|p2a: Hoopa|Knock Off|p1b: Goodra\n|-damage|p1b: Goodra|42\/100\n|-enditem|p1b: Goodra|Figy Berry|[from] move: Knock Off|[of] p2a: Hoopa\n|move|p1a: Drednaw|Shell Smash|p1a: Drednaw\n|-unboost|p1a: Drednaw|def|1\n|-unboost|p1a: Drednaw|spd|1\n|-boost|p1a: Drednaw|atk|2\n|-boost|p1a: Drednaw|spa|2\n|-boost|p1a: Drednaw|spe|2\n|-enditem|p1a: Drednaw|White Herb\n|-clearnegativeboost|p1a: Drednaw|[silent]\n|move|p2b: Vaporeon|Haze|p2b: Vaporeon\n|-clearallboost\n|move|p1b: Goodra|Iron Head|p2b: Vaporeon\n|-resisted|p2b: Vaporeon\n|-damage|p2b: Vaporeon|45\/100\n|\n|-heal|p2b: Vaporeon|51\/100|[from] item: Leftovers\n|upkeep\n|turn|7\n|\n|t:|1697668226\n|move|p2a: Hoopa|Drain Punch|p1b: Goodra\n|-supereffective|p1b: Goodra\n|-damage|p1b: Goodra|0 fnt\n|-heal|p2a: Hoopa|75\/100|[from] drain|[of] p1b: Goodra\n|faint|p1b: Goodra\n|move|p1a: Drednaw|Rock Slide|p2a: Hoopa|[spread] p2a,p2b\n|-damage|p2a: Hoopa|25\/100\n|-damage|p2b: Vaporeon|14\/100\n|move|p2b: Vaporeon|Icy Wind|p1a: Drednaw\n|-resisted|p1a: Drednaw\n|-damage|p1a: Drednaw|88\/100\n|-unboost|p1a: Drednaw|spe|1\n|\n|-heal|p2b: Vaporeon|20\/100|[from] item: Leftovers\n|upkeep\n|-message|Todredmi forfeited.\n|\n|win|FerssTheBoss\n|raw|Todredmi's rating: 1194 &rarr; <strong>1180<\/strong><br \/>(-14 for losing)\n|raw|FerssTheBoss's rating: 1353 &rarr; <strong>1364<\/strong><br \/>(+11 for winning)\n|l|\u2606Todredmi\n","uploadtime":1697668246,"views":18,"p1id":"todredmi","p2id":"fersstheboss","formatid":"gen9doublesou","rating":1180,"private":0,"password":""}