{"id":"gen9doublesou-1996442174","p1":"MASTER TYCE","p2":"Puelle","format":"[Gen 9] Doubles OU","log":"|j|\u2606MASTER TYCE\n|j|\u2606Puelle\n|t:|1700682398\n|gametype|doubles\n|player|p1|MASTER TYCE|1|1193\n|player|p2|Puelle|rocketgrunt|1114\n|teamsize|p1|6\n|teamsize|p2|6\n|gen|9\n|tier|[Gen 9] Doubles OU\n|rated|\n|rule|Species Clause: Limit one of each Pok\u00e9mon\n|rule|OHKO Clause: OHKO moves are banned\n|rule|Evasion Moves Clause: Evasion moves are banned\n|rule|Gravity Sleep Clause: The combination of sleep-inducing moves with imperfect accuracy and Gravity or Gigantamax Orbeetle are banned\n|rule|Endless Battle Clause: Forcing endless battles is banned\n|rule|HP Percentage Mod: HP is shown in percentages\n|clearpoke\n|poke|p1|Ogerpon-Wellspring, F|\n|poke|p1|Dipplin, M|\n|poke|p1|Armarouge, F|\n|poke|p1|Ursaluna, F|\n|poke|p1|Fezandipiti, M|\n|poke|p1|Gholdengo|\n|poke|p2|Walking Wake|\n|poke|p2|Torkoal, F|\n|poke|p2|Ceruledge, F|\n|poke|p2|Scovillain, M|\n|poke|p2|Brute Bonnet|\n|poke|p2|Talonflame, M|\n|teampreview\n|\n|t:|1700682415\n|start\n|switch|p1a: Ogerpon|Ogerpon-Wellspring, F|100\/100\n|switch|p1b: Armarouge|Armarouge, F|100\/100\n|switch|p2a: Torkoal|Torkoal, F|100\/100\n|switch|p2b: Ceruledge|Ceruledge, F|100\/100\n|-weather|SunnyDay|[from] ability: Drought|[of] p2a: Torkoal\n|turn|1\n|\n|t:|1700682443\n|move|p2b: Ceruledge|Shadow Claw|p1b: Armarouge\n|-supereffective|p1b: Armarouge\n|-damage|p1b: Armarouge|33\/100\n|move|p1a: Ogerpon|Ivy Cudgel|p2b: Ceruledge|[anim] Ivy Cudgel Water\n|-supereffective|p2b: Ceruledge\n|-damage|p2b: Ceruledge|6\/100\n|move|p2a: Torkoal|Eruption|p1a: Ogerpon|[spread] p1a\n|-start|p1b: Armarouge|ability: Flash Fire\n|-damage|p1a: Ogerpon|31\/100\n|move|p1b: Armarouge|Trick Room|p1b: Armarouge\n|-fieldstart|move: Trick Room|[of] p1b: Armarouge\n|\n|-weather|SunnyDay|[upkeep]\n|-heal|p1b: Armarouge|39\/100|[from] item: Leftovers\n|upkeep\n|turn|2\n|\n|t:|1700682476\n|move|p2b: Ceruledge|Shadow Sneak|p1b: Armarouge\n|-supereffective|p1b: Armarouge\n|-damage|p1b: Armarouge|0 fnt\n|faint|p1b: Armarouge\n|move|p2a: Torkoal|Eruption|p1a: Ogerpon\n|-damage|p1a: Ogerpon|0 fnt\n|faint|p1a: Ogerpon\n|\n|-weather|SunnyDay|[upkeep]\n|upkeep\n|c|\u2606Puelle|:)\n|\n|t:|1700682495\n|switch|p1b: Fezandipiti|Fezandipiti, M|100\/100\n|switch|p1a: Ursaluna|Ursaluna, F|100\/100\n|turn|3\n|\n|t:|1700682530\n|move|p2b: Ceruledge|Shadow Sneak|p1a: Ursaluna\n|-immune|p1a: Ursaluna\n|move|p2a: Torkoal|Eruption|p1a: Ursaluna|[spread] p1a,p1b\n|-damage|p1a: Ursaluna|53\/100\n|-damage|p1b: Fezandipiti|51\/100\n|move|p1a: Ursaluna|Bulk Up|p1a: Ursaluna\n|-boost|p1a: Ursaluna|atk|1\n|-boost|p1a: Ursaluna|def|1\n|move|p1b: Fezandipiti|Acid Spray|p2a: Torkoal\n|-damage|p2a: Torkoal|68\/100\n|-unboost|p2a: Torkoal|spd|2\n|\n|-weather|SunnyDay|[upkeep]\n|-heal|p2a: Torkoal|74\/100|[from] item: Leftovers\n|-heal|p1b: Fezandipiti|57\/100|[from] item: Leftovers\n|upkeep\n|turn|4\n|\n|t:|1700682560\n|move|p2a: Torkoal|Protect|p2a: Torkoal\n|-singleturn|p2a: Torkoal|Protect\n|move|p1a: Ursaluna|Bulk Up|p1a: Ursaluna\n|-boost|p1a: Ursaluna|atk|1\n|-boost|p1a: Ursaluna|def|1\n|move|p1b: Fezandipiti|Icy Wind|p2a: Torkoal|[spread] p2b\n|-activate|p2a: Torkoal|move: Protect\n|-resisted|p2b: Ceruledge\n|-damage|p2b: Ceruledge|0 fnt\n|faint|p2b: Ceruledge\n|\n|-weather|SunnyDay|[upkeep]\n|-heal|p2a: Torkoal|80\/100|[from] item: Leftovers\n|-heal|p1b: Fezandipiti|63\/100|[from] item: Leftovers\n|upkeep\n|\n|t:|1700682592\n|switch|p2b: Walking Wake|Walking Wake|100\/100\n|-activate|p2b: Walking Wake|ability: Protosynthesis\n|-start|p2b: Walking Wake|protosynthesisspa\n|turn|5\n|\n|t:|1700682613\n|move|p2a: Torkoal|Eruption|p1a: Ursaluna|[spread] p1a,p1b\n|-damage|p1a: Ursaluna|18\/100\n|-damage|p1b: Fezandipiti|23\/100\n|move|p1a: Ursaluna|Drain Punch|p2b: Walking Wake\n|-damage|p2b: Walking Wake|48\/100\n|-heal|p1a: Ursaluna|38\/100|[from] drain|[of] p2b: Walking Wake\n|move|p1b: Fezandipiti|Roost|p1b: Fezandipiti\n|-heal|p1b: Fezandipiti|73\/100\n|-singleturn|p1b: Fezandipiti|move: Roost\n|move|p2b: Walking Wake|Hydro Steam|p1a: Ursaluna\n|-supereffective|p1a: Ursaluna\n|-damage|p1a: Ursaluna|0 fnt\n|faint|p1a: Ursaluna\n|\n|-weather|none\n|-end|p2b: Walking Wake|Protosynthesis\n|-heal|p2a: Torkoal|86\/100|[from] item: Leftovers\n|-heal|p1b: Fezandipiti|79\/100|[from] item: Leftovers\n|-fieldend|move: Trick Room\n|upkeep\n|\n|t:|1700682633\n|switch|p1a: Gholdengo|Gholdengo|100\/100\n|turn|6\n|\n|t:|1700682648\n|-end|p2b: Walking Wake|Protosynthesis|[silent]\n|switch|p2b: Scovillain|Scovillain, M|100\/100\n|switch|p2a: Talonflame|Talonflame, M|100\/100\n|move|p1a: Gholdengo|Dazzling Gleam|p2b: Scovillain|[spread] p2a,p2b\n|-resisted|p2a: Talonflame\n|-resisted|p2b: Scovillain\n|-damage|p2a: Talonflame|80\/100\n|-damage|p2b: Scovillain|81\/100\n|-damage|p1a: Gholdengo|91\/100|[from] item: Life Orb\n|move|p1b: Fezandipiti|Icy Wind|p2b: Scovillain|[spread] p2a,p2b\n|-damage|p2a: Talonflame|57\/100\n|-damage|p2b: Scovillain|58\/100\n|-unboost|p2a: Talonflame|spe|1\n|-unboost|p2b: Scovillain|spe|1\n|\n|-heal|p1b: Fezandipiti|85\/100|[from] item: Leftovers\n|upkeep\n|turn|7\n|\n|t:|1700682680\n|move|p1a: Gholdengo|Protect|p1a: Gholdengo\n|-singleturn|p1a: Gholdengo|Protect\n|move|p2a: Talonflame|Flame Charge|p1a: Gholdengo\n|-activate|p1a: Gholdengo|move: Protect\n|move|p1b: Fezandipiti|Acid Spray|p2b: Scovillain\n|-supereffective|p2b: Scovillain\n|-damage|p2b: Scovillain|0 fnt\n|faint|p2b: Scovillain\n|\n|-heal|p1b: Fezandipiti|91\/100|[from] item: Leftovers\n|upkeep\n|\n|t:|1700682689\n|switch|p2b: Torkoal|Torkoal, F|86\/100\n|-weather|SunnyDay|[from] ability: Drought|[of] p2b: Torkoal\n|turn|8\n|\n|t:|1700682733\n|switch|p1a: Dipplin|Dipplin, M, shiny|100\/100\n|move|p2a: Talonflame|Steel Wing|p1b: Fezandipiti\n|-supereffective|p1b: Fezandipiti\n|-damage|p1b: Fezandipiti|45\/100\n|move|p1b: Fezandipiti|Icy Wind|p2b: Torkoal|[spread] p2a,p2b\n|-resisted|p2b: Torkoal\n|-damage|p2a: Talonflame|34\/100\n|-damage|p2b: Torkoal|75\/100\n|-unboost|p2a: Talonflame|spe|1\n|-unboost|p2b: Torkoal|spe|1\n|move|p2b: Torkoal|Eruption|p1b: Fezandipiti|[spread] p1a,p1b\n|-damage|p1a: Dipplin|40\/100\n|-damage|p1b: Fezandipiti|8\/100\n|-enditem|p1a: Dipplin|Aguav Berry|[eat]\n|-heal|p1a: Dipplin|73\/100|[from] item: Aguav Berry\n|\n|-weather|SunnyDay|[upkeep]\n|-heal|p1b: Fezandipiti|14\/100|[from] item: Leftovers\n|-heal|p2b: Torkoal|82\/100|[from] item: Leftovers\n|upkeep\n|turn|9\n|\n|t:|1700682772\n|move|p1b: Fezandipiti|Acid Spray|p2a: Talonflame\n|-damage|p2a: Talonflame|0 fnt\n|faint|p2a: Talonflame\n|move|p1a: Dipplin|Pollen Puff|p1b: Fezandipiti\n|-heal|p1b: Fezandipiti|64\/100\n|move|p2b: Torkoal|Eruption|p1a: Dipplin|[spread] p1a,p1b\n|-damage|p1a: Dipplin|8\/100\n|-damage|p1b: Fezandipiti|24\/100\n|\n|-weather|SunnyDay|[upkeep]\n|-heal|p1b: Fezandipiti|30\/100|[from] item: Leftovers\n|-heal|p2b: Torkoal|88\/100|[from] item: Leftovers\n|upkeep\n|\n|t:|1700682788\n|switch|p2a: Brute Bonnet|Brute Bonnet|100\/100\n|-activate|p2a: Brute Bonnet|ability: Protosynthesis\n|-start|p2a: Brute Bonnet|protosynthesisatk\n|turn|10\n|\n|t:|1700682812\n|move|p1b: Fezandipiti|Acid Spray|p2a: Brute Bonnet\n|-supereffective|p2a: Brute Bonnet\n|-damage|p2a: Brute Bonnet|61\/100\n|-unboost|p2a: Brute Bonnet|spd|2\n|move|p2a: Brute Bonnet|Crunch|p1b: Fezandipiti\n|-resisted|p1b: Fezandipiti\n|-damage|p1b: Fezandipiti|0 fnt\n|faint|p1b: Fezandipiti\n|move|p1a: Dipplin|Recycle|p1a: Dipplin\n|-item|p1a: Dipplin|Aguav Berry|[from] move: Recycle\n|-enditem|p1a: Dipplin|Aguav Berry|[eat]\n|-heal|p1a: Dipplin|42\/100|[from] item: Aguav Berry\n|move|p2b: Torkoal|Flamethrower|p1a: Dipplin\n|-damage|p1a: Dipplin|0 fnt\n|faint|p1a: Dipplin\n|\n|-weather|SunnyDay|[upkeep]\n|-heal|p2b: Torkoal|94\/100|[from] item: Leftovers\n|upkeep\n|\n|t:|1700682837\n|switch|p1b: Gholdengo|Gholdengo|91\/100\n|turn|11\n|\n|t:|1700682854\n|move|p1b: Gholdengo|Dazzling Gleam|p2a: Brute Bonnet|[spread] p2a,p2b\n|-supereffective|p2a: Brute Bonnet\n|-resisted|p2b: Torkoal\n|-damage|p2a: Brute Bonnet|0 fnt\n|-damage|p2b: Torkoal|76\/100\n|faint|p2a: Brute Bonnet\n|-end|p2a: Brute Bonnet|Protosynthesis|[silent]\n|-damage|p1b: Gholdengo|81\/100|[from] item: Life Orb\n|move|p2b: Torkoal|Flamethrower|p1b: Gholdengo\n|-supereffective|p1b: Gholdengo\n|-damage|p1b: Gholdengo|0 fnt\n|faint|p1b: Gholdengo\n|\n|win|Puelle\n|raw|MASTER TYCE's rating: 1193 &rarr; <strong>1162<\/strong><br \/>(-31 for losing)\n|raw|Puelle's rating: 1114 &rarr; <strong>1145<\/strong><br \/>(+31 for winning)\n|c|\u2606Puelle|GG\n|l|\u2606MASTER TYCE\n","uploadtime":1700682872,"views":0,"p1id":"mastertyce","p2id":"puelle","formatid":"gen9doublesou","rating":1145,"private":0,"password":""}