{"id":"gen9doublesou-1968886063","p1":"Kabutomite","p2":"Champion's Melody","format":"[Gen 9] Doubles OU","log":"|j|\u2606Kabutomite\n|j|\u2606Champion's Melody\n|t:|1697472831\n|gametype|doubles\n|player|p1|Kabutomite|101|1145\n|player|p2|Champion's Melody|cynthia|1120\n|teamsize|p1|6\n|teamsize|p2|6\n|gen|9\n|tier|[Gen 9] Doubles OU\n|rated|\n|rule|Species Clause: Limit one of each Pok\u00e9mon\n|rule|OHKO Clause: OHKO moves are banned\n|rule|Evasion Moves Clause: Evasion moves are banned\n|rule|Gravity Sleep Clause: The combination of sleep-inducing moves with imperfect accuracy and Gravity or Gigantamax Orbeetle are banned\n|rule|Endless Battle Clause: Forcing endless battles is banned\n|rule|HP Percentage Mod: HP is shown in percentages\n|clearpoke\n|poke|p1|Iron Hands|\n|poke|p1|Pincurchin, M|\n|poke|p1|Palafin, F|\n|poke|p1|Grimmsnarl, M|\n|poke|p1|Flutter Mane|\n|poke|p1|Sneasler, F|\n|poke|p2|Lurantis, F|\n|poke|p2|Gliscor, F|\n|poke|p2|Salazzle, F|\n|poke|p2|Kleavor, M|\n|poke|p2|Basculegion-F, F|\n|poke|p2|Empoleon, F|\n|teampreview\n|inactive|Battle timer is ON: inactive players will automatically lose when time's up. (requested by Champion's Melody)\n|\n|t:|1697472835\n|start\n|switch|p1a: Pincurchin|Pincurchin, M|100\/100\n|switch|p1b: Palafin|Palafin, F|100\/100\n|switch|p2a: Gliscor|Gliscor, F|100\/100\n|switch|p2b: Lurantis|Lurantis, F|100\/100\n|-fieldstart|move: Electric Terrain|[from] ability: Electric Surge|[of] p1a: Pincurchin\n|turn|1\n|inactive|Kabutomite has 120 seconds left.\n|inactive|Champion's Melody has 120 seconds left.\n|\n|t:|1697472882\n|detailschange|p1b: Palafin|Palafin-Hero, F\n|switch|p1b: Grimmsnarl|Grimmsnarl, M|100\/100\n|move|p2a: Gliscor|Bulldoze|p1a: Pincurchin|[spread] p2b,p1a,p1b\n|-resisted|p2b: Lurantis\n|-supereffective|p1a: Pincurchin\n|-damage|p2b: Lurantis|91\/100\n|-damage|p1a: Pincurchin|57\/100\n|-damage|p1b: Grimmsnarl|81\/100\n|-boost|p2b: Lurantis|spe|1\n|-unboost|p1a: Pincurchin|spe|1\n|-unboost|p1b: Grimmsnarl|spe|1\n|-enditem|p1a: Pincurchin|Eject Button\n|\n|t:|1697472894\n|switch|p1a: Palafin|Palafin-Hero, F|100\/100\n|-activate|p1a: Palafin|ability: Zero to Hero\n|move|p2b: Lurantis|Superpower|p1a: Palafin\n|-damage|p1a: Palafin|70\/100\n|-boost|p2b: Lurantis|atk|1\n|-boost|p2b: Lurantis|def|1\n|\n|-status|p2a: Gliscor|tox|[from] item: Toxic Orb\n|upkeep\n|turn|2\n|inactive|Kabutomite has 120 seconds left.\n|\n|t:|1697472919\n|-terastallize|p2a: Gliscor|Dragon\n|move|p1b: Grimmsnarl|Fake Out|p2b: Lurantis\n|-damage|p2b: Lurantis|82\/100\n|move|p2a: Gliscor|Fling|p1b: Grimmsnarl\n|-resisted|p1b: Grimmsnarl\n|-damage|p1b: Grimmsnarl|79\/100\n|-status|p1b: Grimmsnarl|tox\n|-enditem|p2a: Gliscor|Toxic Orb|[from] move: Fling\n|move|p1a: Palafin|Ice Punch|p2a: Gliscor\n|-supereffective|p2a: Gliscor\n|-damage|p2a: Gliscor|42\/100 tox\n|cant|p2b: Lurantis|flinch\n|\n|-heal|p2a: Gliscor|54\/100 tox|[from] ability: Poison Heal\n|-damage|p1b: Grimmsnarl|73\/100 tox|[from] psn\n|upkeep\n|turn|3\n|inactive|Kabutomite has 120 seconds left.\n|\n|t:|1697472944\n|-terastallize|p1a: Palafin|Grass\n|move|p2a: Gliscor|Bulldoze|p1a: Palafin|[spread] p2b,p1a,p1b\n|-resisted|p2b: Lurantis\n|-resisted|p1a: Palafin\n|-damage|p2b: Lurantis|76\/100\n|-damage|p1a: Palafin|63\/100\n|-damage|p1b: Grimmsnarl|53\/100 tox\n|-boost|p2b: Lurantis|spe|1\n|-unboost|p1a: Palafin|spe|1\n|-unboost|p1b: Grimmsnarl|spe|1\n|move|p2b: Lurantis|Leaf Storm|p1a: Palafin\n|-resisted|p1a: Palafin\n|-damage|p1a: Palafin|40\/100\n|-boost|p2b: Lurantis|spa|2\n|move|p1a: Palafin|Ice Punch|p2a: Gliscor\n|-supereffective|p2a: Gliscor\n|-crit|p2a: Gliscor\n|-damage|p2a: Gliscor|0 fnt\n|faint|p2a: Gliscor\n|move|p1b: Grimmsnarl|Dazzling Gleam|p2b: Lurantis\n|-damage|p2b: Lurantis|51\/100\n|\n|-damage|p1b: Grimmsnarl|41\/100 tox|[from] psn\n|upkeep\n|-enditem|p1b: Grimmsnarl|Sitrus Berry|[eat]\n|-heal|p1b: Grimmsnarl|66\/100 tox|[from] item: Sitrus Berry\n|inactive|Champion's Melody has 120 seconds left.\n|\n|t:|1697472970\n|switch|p2a: Kleavor|Kleavor, M|100\/100\n|turn|4\n|\n|t:|1697472985\n|move|p1b: Grimmsnarl|Thunder Wave|p2a: Kleavor\n|-status|p2a: Kleavor|par\n|move|p2b: Lurantis|Pollen Puff|p1a: Palafin\n|-supereffective|p1a: Palafin\n|-damage|p1a: Palafin|0 fnt\n|faint|p1a: Palafin\n|move|p2a: Kleavor|Stone Axe|p1b: Grimmsnarl|[miss]\n|-miss|p2a: Kleavor|p1b: Grimmsnarl\n|\n|-damage|p1b: Grimmsnarl|48\/100 tox|[from] psn\n|upkeep\n|inactive|Kabutomite has 120 seconds left.\n|\n|t:|1697473002\n|switch|p1a: Sneasler|Sneasler, F|100\/100\n|turn|5\n|\n|t:|1697473015\n|switch|p1b: Pincurchin|Pincurchin, M|57\/100\n|move|p1a: Sneasler|Dire Claw|p2b: Lurantis\n|-supereffective|p2b: Lurantis\n|-damage|p2b: Lurantis|0 fnt\n|faint|p2b: Lurantis\n|move|p2a: Kleavor|Stone Axe|p1a: Sneasler\n|-resisted|p1a: Sneasler\n|-damage|p1a: Sneasler|34\/100\n|-sidestart|p1: Kabutomite|move: Stealth Rock\n|-enditem|p1a: Sneasler|Sitrus Berry|[eat]\n|-heal|p1a: Sneasler|59\/100|[from] item: Sitrus Berry\n|\n|-fieldend|move: Electric Terrain\n|upkeep\n|\n|t:|1697473029\n|switch|p2b: Salazzle|Salazzle, F, shiny|100\/100\n|turn|6\n|\n|t:|1697473044\n|move|p2b: Salazzle|Fake Out|p1a: Sneasler\n|-damage|p1a: Sneasler|48\/100\n|cant|p1a: Sneasler|flinch\n|move|p2a: Kleavor|Stone Axe|p1a: Sneasler\n|-resisted|p1a: Sneasler\n|-damage|p1a: Sneasler|0 fnt\n|faint|p1a: Sneasler\n|move|p1b: Pincurchin|Thunder Wave|p2b: Salazzle\n|-status|p2b: Salazzle|par\n|\n|upkeep\n|\n|t:|1697473065\n|switch|p1a: Grimmsnarl|Grimmsnarl, M|48\/100 tox\n|-damage|p1a: Grimmsnarl|35\/100 tox|[from] Stealth Rock\n|turn|7\n|-message|Kabutomite forfeited.\n|\n|win|Champion's Melody\n|raw|Kabutomite's rating: 1145 &rarr; <strong>1118<\/strong><br \/>(-27 for losing)\n|raw|Champion&apos;s Melody's rating: 1120 &rarr; <strong>1147<\/strong><br \/>(+27 for winning)\n|l|\u2606Kabutomite\n","uploadtime":1697473083,"views":17,"p1id":"kabutomite","p2id":"championsmelody","formatid":"gen9doublesou","rating":1118,"private":0,"password":""}