{"id":"gen9doublesou-1984902340","p1":"Neotis_","p2":"requiemite45","format":"[Gen 9] Doubles OU","log":"|j|\u2606Neotis_\n|j|\u2606requiemite45\n|t:|1699309142\n|gametype|doubles\n|player|p1|Neotis_|102|1025\n|player|p2|requiemite45|102|1001\n|teamsize|p1|2\n|teamsize|p2|6\n|gen|9\n|tier|[Gen 9] Doubles OU\n|rated|\n|rule|Species Clause: Limit one of each Pok\u00e9mon\n|rule|OHKO Clause: OHKO moves are banned\n|rule|Evasion Moves Clause: Evasion moves are banned\n|rule|Gravity Sleep Clause: The combination of sleep-inducing moves with imperfect accuracy and Gravity or Gigantamax Orbeetle are banned\n|rule|Endless Battle Clause: Forcing endless battles is banned\n|rule|HP Percentage Mod: HP is shown in percentages\n|clearpoke\n|poke|p1|Breloom, F|\n|poke|p1|Armarouge, F|\n|poke|p2|Rillaboom, F|\n|poke|p2|Grafaiai, F|\n|poke|p2|Chien-Pao|\n|poke|p2|Kommo-o, M|\n|poke|p2|Iron Moth|\n|poke|p2|Glimmora, F|\n|teampreview\n|\n|t:|1699309156\n|start\n|switch|p1a: Armarouge|Armarouge, F|100\/100\n|switch|p1b: Breloom|Breloom, F|100\/100\n|switch|p2a: Rillaboom|Rillaboom, F|100\/100\n|switch|p2b: Grafaiai|Grafaiai, F|100\/100\n|-fieldstart|move: Grassy Terrain|[from] ability: Grassy Surge|[of] p2a: Rillaboom\n|-enditem|p2b: Grafaiai|Grassy Seed\n|-boost|p2b: Grafaiai|def|1|[from] item: Grassy Seed\n|-item|p1a: Armarouge|Air Balloon\n|turn|1\n|\n|t:|1699309200\n|move|p2b: Grafaiai|Protect|p2b: Grafaiai\n|-singleturn|p2b: Grafaiai|Protect\n|move|p1b: Breloom|Protect|p1b: Breloom\n|-singleturn|p1b: Breloom|Protect\n|move|p2a: Rillaboom|Earthquake|p1a: Armarouge|[spread] \n|-activate|p2b: Grafaiai|move: Protect\n|-activate|p1b: Breloom|move: Protect\n|-immune|p1a: Armarouge\n|move|p1a: Armarouge|Reflect|p1a: Armarouge\n|-sidestart|p1: Neotis_|Reflect\n|\n|-status|p1b: Breloom|tox|[from] item: Toxic Orb\n|upkeep\n|turn|2\n|\n|t:|1699309223\n|move|p1a: Armarouge|Wide Guard|p1a: Armarouge\n|-singleturn|p1a: Armarouge|Wide Guard\n|move|p2b: Grafaiai|Super Fang|p1b: Breloom\n|-damage|p1b: Breloom|50\/100 tox\n|move|p2a: Rillaboom|Boomburst|p1a: Armarouge|[spread] p2b\n|-activate|p1a: Armarouge|move: Wide Guard\n|-activate|p1b: Breloom|move: Wide Guard\n|-damage|p2b: Grafaiai|75\/100\n|move|p1b: Breloom|Swords Dance|p1b: Breloom\n|-boost|p1b: Breloom|atk|2\n|\n|-heal|p2b: Grafaiai|81\/100|[from] Grassy Terrain\n|-heal|p1b: Breloom|57\/100 tox|[from] Grassy Terrain\n|-heal|p1b: Breloom|69\/100 tox|[from] ability: Poison Heal\n|upkeep\n|turn|3\n|\n|t:|1699309272\n|switch|p2b: Kommo-o|Kommo-o, M|100\/100\n|move|p1a: Armarouge|Wide Guard|p1a: Armarouge\n|-singleturn|p1a: Armarouge|Wide Guard\n|move|p2a: Rillaboom|Boomburst|p1b: Breloom|[spread] p2b\n|-activate|p1a: Armarouge|move: Wide Guard\n|-activate|p1b: Breloom|move: Wide Guard\n|-damage|p2b: Kommo-o|86\/100\n|move|p1b: Breloom|Drain Punch|p2b: Kommo-o\n|-damage|p2b: Kommo-o|28\/100\n|-heal|p1b: Breloom|100\/100 tox|[from] drain|[of] p2b: Kommo-o\n|\n|-heal|p2b: Kommo-o|34\/100|[from] Grassy Terrain\n|-heal|p2b: Kommo-o|40\/100|[from] item: Leftovers\n|upkeep\n|turn|4\n|\n|t:|1699309314\n|-terastallize|p1b: Breloom|Dark\n|move|p1a: Armarouge|Wide Guard|p1a: Armarouge\n|-singleturn|p1a: Armarouge|Wide Guard\n|move|p2a: Rillaboom|Earthquake|p1b: Breloom|[spread] p2b\n|-activate|p1a: Armarouge|move: Wide Guard\n|-activate|p1b: Breloom|move: Wide Guard\n|-damage|p2b: Kommo-o|30\/100\n|move|p2b: Kommo-o|Dragon Pulse|p1a: Armarouge\n|-damage|p1a: Armarouge|60\/100\n|-enditem|p1a: Armarouge|Air Balloon\n|move|p1b: Breloom|Facade|p2b: Kommo-o\n|-damage|p2b: Kommo-o|0 fnt\n|faint|p2b: Kommo-o\n|\n|-heal|p1a: Armarouge|66\/100|[from] Grassy Terrain\n|upkeep\n|\n|t:|1699309332\n|switch|p2b: Glimmora|Glimmora, F|100\/100\n|turn|5\n|\n|t:|1699309347\n|move|p1a: Armarouge|Wide Guard|p1a: Armarouge\n|-singleturn|p1a: Armarouge|Wide Guard\n|move|p2a: Rillaboom|Body Press|p1b: Breloom\n|-supereffective|p1b: Breloom\n|-damage|p1b: Breloom|72\/100 tox\n|move|p2b: Glimmora|Toxic|p1a: Armarouge\n|-status|p1a: Armarouge|tox\n|move|p1b: Breloom|Drain Punch|p2b: Glimmora\n|-damage|p2b: Glimmora|18\/100\n|-heal|p1b: Breloom|100\/100 tox|[from] drain|[of] p2b: Glimmora\n|-activate|p2b: Glimmora|ability: Toxic Debris\n|-sidestart|p1: Neotis_|move: Toxic Spikes\n|\n|-heal|p2b: Glimmora|24\/100|[from] Grassy Terrain\n|-heal|p1a: Armarouge|72\/100 tox|[from] Grassy Terrain\n|-damage|p1a: Armarouge|66\/100 tox|[from] psn\n|-sideend|p1: Neotis_|Reflect\n|-fieldend|move: Grassy Terrain\n|upkeep\n|turn|6\n|\n|t:|1699309378\n|move|p1b: Breloom|Protect|p1b: Breloom\n|-singleturn|p1b: Breloom|Protect\n|move|p2a: Rillaboom|Body Press|p1b: Breloom\n|-activate|p1b: Breloom|move: Protect\n|move|p2b: Glimmora|Acid Armor|p2b: Glimmora\n|-boost|p2b: Glimmora|def|2\n|move|p1a: Armarouge|Reflect|p1a: Armarouge\n|-sidestart|p1: Neotis_|Reflect\n|\n|-damage|p1a: Armarouge|53\/100 tox|[from] psn\n|upkeep\n|turn|7\n|\n|t:|1699309405\n|move|p1a: Armarouge|Wide Guard|p1a: Armarouge\n|-singleturn|p1a: Armarouge|Wide Guard\n|move|p2a: Rillaboom|Body Press|p1b: Breloom\n|-supereffective|p1b: Breloom\n|-damage|p1b: Breloom|71\/100 tox\n|move|p2b: Glimmora|Light Screen|p2b: Glimmora\n|-sidestart|p2: requiemite45|move: Light Screen\n|move|p1b: Breloom|Facade|p2a: Rillaboom\n|-damage|p2a: Rillaboom|0 fnt\n|-damage|p1b: Breloom|55\/100 tox|[from] item: Rocky Helmet|[of] p2a: Rillaboom\n|faint|p2a: Rillaboom\n|\n|-heal|p1b: Breloom|67\/100 tox|[from] ability: Poison Heal\n|-damage|p1a: Armarouge|35\/100 tox|[from] psn\n|upkeep\n|\n|t:|1699309419\n|switch|p2a: Chien-Pao|Chien-Pao|100\/100\n|-ability|p2a: Chien-Pao|Sword of Ruin\n|turn|8\n|\n|t:|1699309444\n|move|p1a: Armarouge|Wide Guard|p1a: Armarouge\n|-singleturn|p1a: Armarouge|Wide Guard\n|move|p2a: Chien-Pao|Icicle Crash|p1b: Breloom|[miss]\n|-miss|p2a: Chien-Pao|p1b: Breloom\n|move|p2b: Glimmora|Dazzling Gleam|p1a: Armarouge|[spread] \n|-activate|p1a: Armarouge|move: Wide Guard\n|-activate|p1b: Breloom|move: Wide Guard\n|move|p1b: Breloom|Drain Punch|p2a: Chien-Pao\n|-supereffective|p2a: Chien-Pao\n|-damage|p2a: Chien-Pao|0 fnt\n|-heal|p1b: Breloom|100\/100 tox|[from] drain|[of] p2a: Chien-Pao\n|faint|p2a: Chien-Pao\n|\n|-damage|p1a: Armarouge|10\/100 tox|[from] psn\n|upkeep\n|l|\u2606requiemite45\n|player|p2|\n|inactive|Battle timer is ON: inactive players will automatically lose when time's up. (requested by Neotis_)\n|inactive|requiemite45 has 30 seconds to reconnect!\n|inactive|requiemite45 has 20 seconds to reconnect!\n|inactive|requiemite45 has 15 seconds to reconnect!\n|inactive|requiemite45 has 10 seconds to reconnect!\n|c|\u2606Neotis_|gg\n|inactive|requiemite45 has 5 seconds to reconnect!\n|-message|requiemite45 lost due to inactivity.\n|\n|win|Neotis_\n|raw|Neotis_'s rating: 1025 &rarr; <strong>1059<\/strong><br \/>(+34 for winning)\n|raw|requiemite45's rating: 1001 &rarr; <strong>1000<\/strong><br \/>(-1 for losing)\n","uploadtime":1699309574,"views":9,"p1id":"neotis","p2id":"requiemite45","formatid":"gen9doublesou","rating":1000,"private":0,"password":""}