{"id":"gen9doublesou-1994760929","p1":"vegetasfeet","p2":"Bavier_ultimate","format":"[Gen 9] Doubles OU","log":"|j|\u2606vegetasfeet\n|j|\u2606Bavier_ultimate\n|t:|1700490093\n|gametype|doubles\n|player|p1|vegetasfeet|brycen|1334\n|player|p2|Bavier_ultimate|170|1315\n|teamsize|p1|6\n|teamsize|p2|6\n|gen|9\n|tier|[Gen 9] Doubles OU\n|rated|\n|rule|Species Clause: Limit one of each Pok\u00e9mon\n|rule|OHKO Clause: OHKO moves are banned\n|rule|Evasion Moves Clause: Evasion moves are banned\n|rule|Gravity Sleep Clause: The combination of sleep-inducing moves with imperfect accuracy and Gravity or Gigantamax Orbeetle are banned\n|rule|Endless Battle Clause: Forcing endless battles is banned\n|rule|HP Percentage Mod: HP is shown in percentages\n|clearpoke\n|poke|p1|Scizor, F|\n|poke|p1|Tornadus, M|\n|poke|p1|Chien-Pao|\n|poke|p1|Iron Hands|\n|poke|p1|Volcanion|\n|poke|p1|Great Tusk|\n|poke|p2|Heatran, F|\n|poke|p2|Cresselia, F|\n|poke|p2|Tornadus, M|\n|poke|p2|Landorus-Therian, M|\n|poke|p2|Amoonguss, F|\n|poke|p2|Arcanine-Hisui, M|\n|teampreview\n|inactive|Battle timer is ON: inactive players will automatically lose when time's up. (requested by vegetasfeet)\n|\n|t:|1700490112\n|start\n|switch|p1a: YN Jay|Tornadus, M|100\/100\n|switch|p1b: Kawhi Leonard|Scizor, F|100\/100\n|switch|p2a: Tornadus|Tornadus, M|100\/100\n|switch|p2b: Arcanine|Arcanine-Hisui, M|100\/100\n|-ability|p2b: Arcanine|Intimidate|boost\n|-unboost|p1a: YN Jay|atk|1\n|-unboost|p1b: Kawhi Leonard|atk|1\n|turn|1\n|j| Ran Kob\n|\n|t:|1700490125\n|move|p2a: Tornadus|Taunt|p1a: YN Jay\n|-start|p1a: YN Jay|move: Taunt\n|cant|p1a: YN Jay|move: Taunt|Tailwind\n|move|p2b: Arcanine|Will-O-Wisp|p1b: Kawhi Leonard\n|-status|p1b: Kawhi Leonard|brn\n|move|p1b: Kawhi Leonard|U-turn|p2a: Tornadus\n|-resisted|p2a: Tornadus\n|-damage|p2a: Tornadus|85\/100\n|\n|t:|1700490138\n|switch|p1b: Volcanion|Volcanion|100\/100|[from] U-turn\n|\n|upkeep\n|turn|2\n|\n|t:|1700490153\n|switch|p1a: Druski|Iron Hands|100\/100\n|move|p2a: Tornadus|Tailwind|p2a: Tornadus\n|-sidestart|p2: Bavier_ultimate|move: Tailwind\n|move|p2b: Arcanine|Stealth Rock|p1b: Volcanion\n|-sidestart|p1: vegetasfeet|move: Stealth Rock\n|move|p1b: Volcanion|Heat Wave|p2b: Arcanine|[spread] p2a,p2b\n|-resisted|p2b: Arcanine\n|-damage|p2a: Tornadus|31\/100\n|-damage|p2b: Arcanine|87\/100\n|\n|upkeep\n|turn|3\n|\n|t:|1700490169\n|move|p2a: Tornadus|Air Slash|p1a: Druski\n|-damage|p1a: Druski|80\/100\n|move|p2b: Arcanine|Will-O-Wisp|p1a: Druski\n|-status|p1a: Druski|brn\n|move|p1b: Volcanion|Steam Eruption|p2b: Arcanine\n|-supereffective|p2b: Arcanine\n|-damage|p2b: Arcanine|0 fnt\n|faint|p2b: Arcanine\n|move|p1a: Druski|Volt Switch|p2a: Tornadus\n|-supereffective|p2a: Tornadus\n|-damage|p2a: Tornadus|0 fnt\n|faint|p2a: Tornadus\n|\n|t:|1700490182\n|-end|p1a: Druski|Quark Drive|[silent]\n|switch|p1a: Great Tusk|Great Tusk|100\/100|[from] Volt Switch\n|-damage|p1a: Great Tusk|98\/100|[from] Stealth Rock\n|\n|upkeep\n|inactive|Bavier_ultimate has 120 seconds left.\n|inactive|Bavier_ultimate has 90 seconds left.\n|\n|t:|1700490264\n|switch|p2a: Landorus|Landorus-Therian, M|100\/100\n|switch|p2b: Cresselia|Cresselia, F|100\/100\n|-ability|p2a: Landorus|Intimidate|boost\n|-unboost|p1a: Great Tusk|atk|1\n|-unboost|p1b: Volcanion|atk|1\n|turn|4\n|inactive|Bavier_ultimate has 90 seconds left.\n|\n|t:|1700490285\n|-end|p1a: Great Tusk|Protosynthesis|[silent]\n|switch|p1a: Kawhi Leonard|Scizor, F|100\/100 brn\n|-damage|p1a: Kawhi Leonard|88\/100 brn|[from] Stealth Rock\n|move|p2a: Landorus|Rock Slide|p1a: Kawhi Leonard|[spread] p1a,p1b\n|-supereffective|p1b: Volcanion\n|-damage|p1a: Kawhi Leonard|56\/100 brn\n|-damage|p1b: Volcanion|53\/100\n|move|p2b: Cresselia|Icy Wind|p1b: Volcanion|[spread] p1b\n|-miss|p2b: Cresselia|p1a: Kawhi Leonard\n|-resisted|p1b: Volcanion\n|-damage|p1b: Volcanion|51\/100\n|-unboost|p1b: Volcanion|spe|1\n|move|p1b: Volcanion|Steam Eruption|p2a: Landorus\n|-supereffective|p2a: Landorus\n|-damage|p2a: Landorus|0 fnt\n|faint|p2a: Landorus\n|\n|-heal|p1b: Volcanion|57\/100|[from] item: Leftovers\n|-damage|p1a: Kawhi Leonard|50\/100 brn|[from] brn\n|upkeep\n|inactive|Bavier_ultimate has 60 seconds left.\n|l| Ran Kob\n|\n|t:|1700490337\n|switch|p2a: Heatran|Heatran, F|100\/100\n|turn|5\n|\n|t:|1700490357\n|-terastallize|p2a: Heatran|Grass\n|-terastallize|p1a: Kawhi Leonard|Rock\n|move|p2a: Heatran|Heat Wave|p1a: Kawhi Leonard|[spread] p1a,p1b\n|-resisted|p1a: Kawhi Leonard\n|-resisted|p1b: Volcanion\n|-damage|p1a: Kawhi Leonard|26\/100 brn\n|-damage|p1b: Volcanion|47\/100\n|move|p2b: Cresselia|Icy Wind|p1b: Volcanion|[spread] p1a,p1b\n|-resisted|p1b: Volcanion\n|-damage|p1a: Kawhi Leonard|17\/100 brn\n|-damage|p1b: Volcanion|45\/100\n|-unboost|p1a: Kawhi Leonard|spe|1\n|-unboost|p1b: Volcanion|spe|1\n|move|p1a: Kawhi Leonard|U-turn|p2b: Cresselia\n|-supereffective|p2b: Cresselia\n|-damage|p2b: Cresselia|67\/100\n|\n|t:|1700490375\n|switch|p1a: Iggy Azalea|Chien-Pao|100\/100|[from] U-turn\n|-damage|p1a: Iggy Azalea|76\/100|[from] Stealth Rock\n|-ability|p1a: Iggy Azalea|Sword of Ruin\n|move|p1b: Volcanion|Steam Eruption|p2a: Heatran\n|-resisted|p2a: Heatran\n|-damage|p2a: Heatran|76\/100\n|\n|-heal|p2b: Cresselia|73\/100|[from] item: Leftovers\n|-heal|p1b: Volcanion|51\/100|[from] item: Leftovers\n|-sideend|p2: Bavier_ultimate|move: Tailwind\n|upkeep\n|turn|6\n|inactive|Bavier_ultimate has 90 seconds left.\n|\n|t:|1700490398\n|move|p1b: Volcanion|Protect|p1b: Volcanion\n|-singleturn|p1b: Volcanion|Protect\n|move|p1a: Iggy Azalea|Ice Spinner|p2a: Heatran\n|-supereffective|p2a: Heatran\n|-damage|p2a: Heatran|0 fnt\n|-damage|p1a: Iggy Azalea|59\/100|[from] item: Rocky Helmet|[of] p2a: Heatran\n|faint|p2a: Heatran\n|-damage|p1a: Iggy Azalea|49\/100|[from] item: Life Orb\n|move|p2b: Cresselia|Icy Wind|p1b: Volcanion|[spread] p1a\n|-activate|p1b: Volcanion|move: Protect\n|-resisted|p1a: Iggy Azalea\n|-damage|p1a: Iggy Azalea|43\/100\n|-unboost|p1a: Iggy Azalea|spe|1\n|\n|-heal|p2b: Cresselia|80\/100|[from] item: Leftovers\n|-heal|p1b: Volcanion|57\/100|[from] item: Leftovers\n|upkeep\n|\n|t:|1700490403\n|switch|p2a: Amoonguss|Amoonguss, F|100\/100\n|turn|7\n|-message|Bavier_ultimate forfeited.\n|\n|win|vegetasfeet\n|raw|vegetasfeet's rating: 1334 &rarr; <strong>1353<\/strong><br \/>(+19 for winning)\n|raw|Bavier_ultimate's rating: 1315 &rarr; <strong>1296<\/strong><br \/>(-19 for losing)\n|l|\u2606Bavier_ultimate\n","uploadtime":1700490409,"views":2,"p1id":"vegetasfeet","p2id":"bavierultimate","formatid":"gen9doublesou","rating":1296,"private":0,"password":""}