{"id":"gen9doublesou-1989987125","p1":"Kumra21","p2":"Yinyang_II2","format":"[Gen 9] Doubles OU","log":"|j|\u2606Kumra21\n|j|\u2606Yinyang_II2\n|t:|1699912827\n|gametype|doubles\n|player|p1|Kumra21|silver|1189\n|player|p2|Yinyang_II2|ingo|1255\n|teamsize|p1|6\n|teamsize|p2|6\n|gen|9\n|tier|[Gen 9] Doubles OU\n|rated|\n|rule|Species Clause: Limit one of each Pok\u00e9mon\n|rule|OHKO Clause: OHKO moves are banned\n|rule|Evasion Moves Clause: Evasion moves are banned\n|rule|Gravity Sleep Clause: The combination of sleep-inducing moves with imperfect accuracy and Gravity or Gigantamax Orbeetle are banned\n|rule|Endless Battle Clause: Forcing endless battles is banned\n|rule|HP Percentage Mod: HP is shown in percentages\n|clearpoke\n|poke|p1|Tornadus, M|\n|poke|p1|Politoed, M|\n|poke|p1|Ludicolo, M|\n|poke|p1|Kilowattrel, M|\n|poke|p1|Basculegion-F, F|\n|poke|p1|Corviknight, M|\n|poke|p2|Meowscarada, F|\n|poke|p2|Sylveon, F|\n|poke|p2|Maushold|\n|poke|p2|Cinderace, M|\n|poke|p2|Iron Bundle|\n|poke|p2|Dragonite, M|\n|teampreview\n|inactive|Battle timer is ON: inactive players will automatically lose when time's up. (requested by Yinyang_II2)\n|\n|t:|1699912839\n|start\n|switch|p1a: Politoed|Politoed, M|100\/100\n|switch|p1b: Ludicolo|Ludicolo, M|100\/100\n|switch|p2a: Maushold|Maushold|100\/100\n|switch|p2b: Meowscarada|Meowscarada, F, shiny|100\/100\n|-weather|RainDance|[from] ability: Drizzle|[of] p1a: Politoed\n|turn|1\n|inactive|Kumra21 has 120 seconds left.\n|\n|t:|1699912874\n|move|p2b: Meowscarada|Flower Trick|p1a: Politoed\n|-start|p2b: Meowscarada|typechange|Grass|[from] ability: Protean\n|-supereffective|p1a: Politoed\n|-crit|p1a: Politoed\n|-damage|p1a: Politoed|0 fnt\n|faint|p1a: Politoed\n|move|p1b: Ludicolo|Hydro Pump|p2b: Meowscarada\n|-resisted|p2b: Meowscarada\n|-damage|p2b: Meowscarada|21\/100\n|move|p2a: Maushold|Population Bomb|p1b: Ludicolo\n|-damage|p1b: Ludicolo|84\/100\n|-damage|p1b: Ludicolo|68\/100\n|-damage|p1b: Ludicolo|50\/100\n|-damage|p1b: Ludicolo|33\/100\n|-damage|p1b: Ludicolo|16\/100\n|-damage|p1b: Ludicolo|0 fnt\n|faint|p1b: Ludicolo\n|-hitcount|p1: Ludicolo|6\n|\n|-weather|RainDance|[upkeep]\n|upkeep\n|\n|t:|1699912899\n|switch|p1b: Kilowattrel|Kilowattrel, M|100\/100\n|switch|p1a: Tornadus|Tornadus, M|100\/100\n|turn|2\n|\n|t:|1699912919\n|move|p1a: Tornadus|Tailwind|p1a: Tornadus\n|-sidestart|p1: Kumra21|move: Tailwind\n|-start|p1b: Kilowattrel|Charge|Tailwind|[from] ability: Wind Power\n|move|p1b: Kilowattrel|Thunder|p2a: Maushold\n|-damage|p2a: Maushold|0 fnt\n|faint|p2a: Maushold\n|-end|p1b: Kilowattrel|Charge|[silent]\n|move|p2b: Meowscarada|Flower Trick|p1a: Tornadus\n|-resisted|p1a: Tornadus\n|-crit|p1a: Tornadus\n|-damage|p1a: Tornadus|70\/100\n|\n|-weather|RainDance|[upkeep]\n|upkeep\n|\n|t:|1699912927\n|switch|p2a: Iron Bundle|Iron Bundle|100\/100\n|-enditem|p2a: Iron Bundle|Booster Energy\n|-activate|p2a: Iron Bundle|ability: Quark Drive|[fromitem]\n|-start|p2a: Iron Bundle|quarkdrivespe\n|turn|3\n|\n|t:|1699912945\n|switch|p2b: Sylveon|Sylveon, F|100\/100\n|move|p1b: Kilowattrel|Thunder|p2a: Iron Bundle\n|-supereffective|p2a: Iron Bundle\n|-damage|p2a: Iron Bundle|0 fnt\n|faint|p2a: Iron Bundle\n|-end|p2a: Iron Bundle|Quark Drive|[silent]\n|move|p1a: Tornadus|Bleakwind Storm|p2b: Sylveon\n|-damage|p2b: Sylveon|75\/100\n|\n|-weather|RainDance|[upkeep]\n|-heal|p2b: Sylveon|81\/100|[from] item: Leftovers\n|upkeep\n|\n|t:|1699912954\n|switch|p2a: Dragonite|Dragonite, M|100\/100\n|turn|4\n|\n|t:|1699912964\n|-terastallize|p2a: Dragonite|Normal\n|move|p2b: Sylveon|Helping Hand|p2a: Dragonite\n|-singleturn|p2a: Dragonite|Helping Hand|[of] p2b: Sylveon\n|move|p2a: Dragonite|Extreme Speed|p1b: Kilowattrel\n|-damage|p1b: Kilowattrel|0 fnt\n|faint|p1b: Kilowattrel\n|move|p1a: Tornadus|Bleakwind Storm|p2a: Dragonite|[spread] p2a,p2b\n|-damage|p2a: Dragonite|83\/100\n|-damage|p2b: Sylveon|63\/100\n|\n|-weather|RainDance|[upkeep]\n|-heal|p2b: Sylveon|69\/100|[from] item: Leftovers\n|upkeep\n|\n|t:|1699912981\n|switch|p1b: Basculegion|Basculegion-F, F|100\/100\n|turn|5\n|\n|t:|1699912990\n|move|p2a: Dragonite|Extreme Speed|p1a: Tornadus\n|-damage|p1a: Tornadus|0 fnt\n|faint|p1a: Tornadus\n|move|p1b: Basculegion|Last Respects|p2b: Sylveon\n|-damage|p2b: Sylveon|0 fnt\n|faint|p2b: Sylveon\n|\n|-weather|RainDance|[upkeep]\n|-sideend|p1: Kumra21|move: Tailwind\n|upkeep\n|\n|t:|1699913002\n|switch|p1a: Corviknight|Corviknight, M|100\/100\n|switch|p2b: Meowscarada|Meowscarada, F, shiny|21\/100\n|turn|6\n|\n|t:|1699913022\n|move|p2a: Dragonite|Extreme Speed|p1a: Corviknight\n|-resisted|p1a: Corviknight\n|-damage|p1a: Corviknight|78\/100\n|move|p2b: Meowscarada|Flower Trick|p1b: Basculegion\n|-start|p2b: Meowscarada|typechange|Grass|[from] ability: Protean\n|-supereffective|p1b: Basculegion\n|-crit|p1b: Basculegion\n|-damage|p1b: Basculegion|0 fnt\n|faint|p1b: Basculegion\n|move|p1a: Corviknight|Bulk Up|p1a: Corviknight\n|-boost|p1a: Corviknight|atk|1\n|-boost|p1a: Corviknight|def|1\n|\n|-weather|RainDance|[upkeep]\n|-heal|p1a: Corviknight|84\/100|[from] item: Leftovers\n|upkeep\n|turn|7\n|\n|t:|1699913039\n|switch|p2a: Cinderace|Cinderace, M|100\/100\n|move|p2b: Meowscarada|Flower Trick|p1a: Corviknight\n|-resisted|p1a: Corviknight\n|-crit|p1a: Corviknight\n|-damage|p1a: Corviknight|76\/100\n|move|p1a: Corviknight|Bulk Up|p1a: Corviknight\n|-boost|p1a: Corviknight|atk|1\n|-boost|p1a: Corviknight|def|1\n|\n|-weather|RainDance|[upkeep]\n|-heal|p1a: Corviknight|82\/100|[from] item: Leftovers\n|upkeep\n|turn|8\n|\n|t:|1699913054\n|-terastallize|p1a: Corviknight|Flying\n|move|p2b: Meowscarada|Flower Trick|p1a: Corviknight\n|-resisted|p1a: Corviknight\n|-crit|p1a: Corviknight\n|-damage|p1a: Corviknight|66\/100\n|move|p2a: Cinderace|Pyro Ball|p1a: Corviknight\n|-damage|p1a: Corviknight|57\/100\n|move|p1a: Corviknight|Body Press|p2a: Cinderace\n|-damage|p2a: Cinderace|29\/100\n|\n|-weather|none\n|-heal|p1a: Corviknight|64\/100|[from] item: Leftovers\n|upkeep\n|turn|9\n|\n|t:|1699913069\n|move|p2b: Meowscarada|Flower Trick|p1a: Corviknight\n|-resisted|p1a: Corviknight\n|-crit|p1a: Corviknight\n|-damage|p1a: Corviknight|48\/100\n|move|p2a: Cinderace|Pyro Ball|p1a: Corviknight\n|-damage|p1a: Corviknight|31\/100\n|move|p1a: Corviknight|Roost|p1a: Corviknight\n|-heal|p1a: Corviknight|81\/100\n|-hint|If a Flying Terastallized Pokemon uses Roost, it remains Flying-type.\n|\n|-heal|p1a: Corviknight|87\/100|[from] item: Leftovers\n|upkeep\n|turn|10\n|\n|t:|1699913083\n|move|p2b: Meowscarada|Flower Trick|p1a: Corviknight\n|-resisted|p1a: Corviknight\n|-crit|p1a: Corviknight\n|-damage|p1a: Corviknight|71\/100\n|move|p2a: Cinderace|Pyro Ball|p1a: Corviknight\n|-damage|p1a: Corviknight|54\/100\n|move|p1a: Corviknight|Body Press|p2b: Meowscarada\n|-damage|p2b: Meowscarada|0 fnt\n|faint|p2b: Meowscarada\n|\n|-heal|p1a: Corviknight|61\/100|[from] item: Leftovers\n|upkeep\n|\n|t:|1699913087\n|switch|p2b: Dragonite|Dragonite, M, tera:Normal|83\/100\n|turn|11\n|\n|t:|1699913099\n|move|p2b: Dragonite|Extreme Speed|p1a: Corviknight\n|-damage|p1a: Corviknight|41\/100\n|move|p2a: Cinderace|Pyro Ball|p1a: Corviknight\n|-damage|p1a: Corviknight|24\/100\n|move|p1a: Corviknight|Roost|p1a: Corviknight\n|-heal|p1a: Corviknight|74\/100\n|-hint|If a Flying Terastallized Pokemon uses Roost, it remains Flying-type.\n|\n|-heal|p1a: Corviknight|80\/100|[from] item: Leftovers\n|upkeep\n|turn|12\n|\n|t:|1699913112\n|move|p2b: Dragonite|Extreme Speed|p1a: Corviknight\n|-crit|p1a: Corviknight\n|-damage|p1a: Corviknight|22\/100\n|move|p2a: Cinderace|Pyro Ball|p1a: Corviknight\n|-damage|p1a: Corviknight|5\/100\n|move|p1a: Corviknight|Body Press|p2b: Dragonite\n|-supereffective|p2b: Dragonite\n|-damage|p2b: Dragonite|0 fnt\n|faint|p2b: Dragonite\n|\n|-heal|p1a: Corviknight|11\/100|[from] item: Leftovers\n|upkeep\n|turn|13\n|c|\u2606Yinyang_II2|Gg\n|\n|t:|1699913127\n|move|p2a: Cinderace|Pyro Ball|p1a: Corviknight|[miss]\n|-miss|p2a: Cinderace|p1a: Corviknight\n|move|p1a: Corviknight|Roost|p1a: Corviknight\n|-heal|p1a: Corviknight|61\/100\n|-hint|If a Flying Terastallized Pokemon uses Roost, it remains Flying-type.\n|\n|-heal|p1a: Corviknight|67\/100|[from] item: Leftovers\n|upkeep\n|turn|14\n|c|\u2606Yinyang_II2|I HATE THIS GAME\n|\n|t:|1699913137\n|move|p2a: Cinderace|Pyro Ball|p1a: Corviknight\n|-damage|p1a: Corviknight|50\/100\n|move|p1a: Corviknight|Body Press|p2a: Cinderace\n|-damage|p2a: Cinderace|0 fnt\n|faint|p2a: Cinderace\n|\n|win|Kumra21\n|raw|Kumra21's rating: 1189 &rarr; <strong>1219<\/strong><br \/>(+30 for winning)\n|raw|Yinyang_II2's rating: 1255 &rarr; <strong>1225<\/strong><br \/>(-30 for losing)\n|l|\u2606Yinyang_II2\n|c|\u2606Kumra21|Sorry men\n","uploadtime":1699913153,"views":15,"p1id":"kumra21","p2id":"yinyangii2","formatid":"gen9doublesou","rating":1219,"private":0,"password":""}