{"id":"gen9doublesou-1986233223","p1":"Lord Bromosalino","p2":"hayniu","format":"[Gen 9] Doubles OU","log":"|j|\u2606Lord Bromosalino\n|j|\u2606hayniu\n|t:|1699461983\n|gametype|doubles\n|player|p1|Lord Bromosalino|2|1358\n|player|p2|hayniu|169|1390\n|teamsize|p1|6\n|teamsize|p2|6\n|gen|9\n|tier|[Gen 9] Doubles OU\n|rated|\n|rule|Species Clause: Limit one of each Pok\u00e9mon\n|rule|OHKO Clause: OHKO moves are banned\n|rule|Evasion Moves Clause: Evasion moves are banned\n|rule|Gravity Sleep Clause: The combination of sleep-inducing moves with imperfect accuracy and Gravity or Gigantamax Orbeetle are banned\n|rule|Endless Battle Clause: Forcing endless battles is banned\n|rule|HP Percentage Mod: HP is shown in percentages\n|clearpoke\n|poke|p1|Dragapult, M|\n|poke|p1|Kleavor, M|\n|poke|p1|Sylveon, F|\n|poke|p1|Weavile, M|\n|poke|p1|Magnezone|\n|poke|p1|Talonflame, M|\n|poke|p2|Shiftry, M|\n|poke|p2|Tornadus, M|\n|poke|p2|Torkoal, M|\n|poke|p2|Indeedee-F, F|\n|poke|p2|Ursaluna-Bloodmoon, M|\n|poke|p2|Chi-Yu|\n|teampreview\n|inactive|Battle timer is ON: inactive players will automatically lose when time's up. (requested by Lord Bromosalino)\n|\n|t:|1699461995\n|start\n|switch|p1a: Talonflame|Talonflame, M|100\/100\n|switch|p1b: Weavile|Weavile, M|100\/100\n|switch|p2a: Shiftry|Shiftry, M, shiny|100\/100\n|switch|p2b: Tornadus|Tornadus, M|100\/100\n|-ability|p1b: Weavile|Pressure\n|turn|1\n|\n|t:|1699462021\n|switch|p2b: Indeedee|Indeedee-F, F|100\/100\n|-fieldstart|move: Psychic Terrain|[from] ability: Psychic Surge|[of] p2b: Indeedee\n|move|p1b: Weavile|Fake Out|p2a: Shiftry\n|-activate|p2a: Shiftry|move: Psychic Terrain\n|move|p1a: Talonflame|Tailwind|p1a: Talonflame\n|-sidestart|p1: Lord Bromosalino|move: Tailwind\n|move|p2a: Shiftry|Rock Slide|p1a: Talonflame|[spread] p1a,p1b\n|-supereffective|p1a: Talonflame\n|-supereffective|p1b: Weavile\n|-damage|p1a: Talonflame|0 fnt\n|-damage|p1b: Weavile|36\/100\n|faint|p1a: Talonflame\n|\n|upkeep\n|\n|t:|1699462028\n|switch|p1a: Sylveon|Sylveon, F|100\/100\n|turn|2\n|\n|t:|1699462034\n|switch|p2a: Torkoal|Torkoal, M|100\/100\n|-weather|SunnyDay|[from] ability: Drought|[of] p2a: Torkoal\n|move|p1b: Weavile|Poison Jab|p2a: Torkoal\n|-damage|p2a: Torkoal|79\/100\n|move|p1a: Sylveon|Hyper Voice|p2a: Torkoal|[spread] p2a,p2b\n|-resisted|p2a: Torkoal\n|-damage|p2a: Torkoal|48\/100\n|-damage|p2b: Indeedee|67\/100\n|-enditem|p1a: Sylveon|Throat Spray\n|-boost|p1a: Sylveon|spa|1|[from] item: Throat Spray\n|move|p2b: Indeedee|Trick Room|p2b: Indeedee\n|-fieldstart|move: Trick Room|[of] p2b: Indeedee\n|\n|-weather|SunnyDay|[upkeep]\n|upkeep\n|turn|3\n|\n|t:|1699462048\n|move|p2a: Torkoal|Eruption|p1b: Weavile|[spread] p1a,p1b\n|-supereffective|p1b: Weavile\n|-damage|p1a: Sylveon|81\/100\n|-damage|p1b: Weavile|0 fnt\n|faint|p1b: Weavile\n|move|p2b: Indeedee|Psychic|p1a: Sylveon\n|-damage|p1a: Sylveon|49\/100\n|move|p1a: Sylveon|Hyper Voice|p2a: Torkoal|[spread] p2a,p2b\n|-resisted|p2a: Torkoal\n|-damage|p2a: Torkoal|5\/100\n|-damage|p2b: Indeedee|10\/100\n|\n|-weather|SunnyDay|[upkeep]\n|upkeep\n|\n|t:|1699462060\n|switch|p1b: Kleavor|Kleavor, M|100\/100\n|turn|4\n|\n|t:|1699462067\n|move|p2a: Torkoal|Yawn|p1a: Sylveon\n|-start|p1a: Sylveon|move: Yawn|[of] p2a: Torkoal\n|move|p2b: Indeedee|Psychic|p1b: Kleavor\n|-damage|p1b: Kleavor|26\/100\n|move|p1a: Sylveon|Hyper Voice|p2a: Torkoal|[spread] p2a,p2b\n|-resisted|p2a: Torkoal\n|-damage|p2a: Torkoal|0 fnt\n|-damage|p2b: Indeedee|0 fnt\n|faint|p2a: Torkoal\n|faint|p2b: Indeedee\n|move|p1b: Kleavor|Stone Axe|p2: Torkoal|[notarget]\n|-fail|p1b: Kleavor\n|\n|-weather|SunnyDay|[upkeep]\n|-sideend|p1: Lord Bromosalino|move: Tailwind\n|upkeep\n|\n|t:|1699462073\n|switch|p2a: Ursaluna|Ursaluna-Bloodmoon, M|100\/100\n|switch|p2b: Shiftry|Shiftry, M, shiny|100\/100\n|turn|5\n|\n|t:|1699462084\n|switch|p1a: Magnezone|Magnezone|100\/100\n|move|p2a: Ursaluna|Blood Moon|p1a: Magnezone\n|-resisted|p1a: Magnezone\n|-damage|p1a: Magnezone|65\/100\n|-damage|p2a: Ursaluna|91\/100|[from] item: Life Orb\n|move|p2b: Shiftry|Solar Blade||[still]\n|-prepare|p2b: Shiftry|Solar Blade\n|-anim|p2b: Shiftry|Solar Blade|p1b: Kleavor\n|-damage|p1b: Kleavor|0 fnt\n|faint|p1b: Kleavor\n|\n|-weather|SunnyDay|[upkeep]\n|-fieldend|move: Psychic Terrain\n|upkeep\n|\n|t:|1699462099\n|switch|p1b: Sylveon|Sylveon, F|49\/100\n|turn|6\n|\n|t:|1699462126\n|-terastallize|p2b: Shiftry|Fairy\n|move|p2a: Ursaluna|Earth Power|p1a: Magnezone\n|-supereffective|p1a: Magnezone\n|-damage|p1a: Magnezone|0 fnt\n|faint|p1a: Magnezone\n|-damage|p2a: Ursaluna|81\/100|[from] item: Life Orb\n|move|p1b: Sylveon|Hyper Voice|p2b: Shiftry|[spread] p2a,p2b\n|-damage|p2a: Ursaluna|22\/100\n|-damage|p2b: Shiftry|35\/100\n|move|p2b: Shiftry|Solar Blade||[still]\n|-prepare|p2b: Shiftry|Solar Blade\n|-anim|p2b: Shiftry|Solar Blade|p1b: Sylveon\n|-damage|p1b: Sylveon|0 fnt\n|faint|p1b: Sylveon\n|\n|-weather|SunnyDay|[upkeep]\n|-fieldend|move: Trick Room\n|upkeep\n|\n|t:|1699462138\n|switch|p1b: Dragapult|Dragapult, M|100\/100\n|turn|7\n|\n|t:|1699462144\n|-terastallize|p1b: Dragapult|Fairy\n|move|p1b: Dragapult|Shadow Ball|p2b: Shiftry\n|-damage|p2b: Shiftry|0 fnt\n|faint|p2b: Shiftry\n|-damage|p1b: Dragapult|91\/100|[from] item: Life Orb\n|move|p2a: Ursaluna|Blood Moon|p1b: Dragapult\n|-damage|p1b: Dragapult|0 fnt\n|faint|p1b: Dragapult\n|-damage|p2a: Ursaluna|12\/100|[from] item: Life Orb\n|\n|win|hayniu\n|raw|Lord Bromosalino's rating: 1358 &rarr; <strong>1340<\/strong><br \/>(-18 for losing)\n|raw|hayniu's rating: 1390 &rarr; <strong>1408<\/strong><br \/>(+18 for winning)\n|l|\u2606Lord Bromosalino\n","uploadtime":1699462252,"views":9,"p1id":"lordbromosalino","p2id":"hayniu","formatid":"gen9doublesou","rating":1340,"private":0,"password":""}