{"id":"gen9doublesou-1995540789","p1":"Mibombilla","p2":"Star Guarden","format":"[Gen 9] Doubles OU","log":"|j|\u2606Mibombilla\n|j|\u2606Star Guarden\n|t:|1700581208\n|gametype|doubles\n|player|p1|Mibombilla|benga|\n|player|p2|Star Guarden|lance|\n|teamsize|p1|6\n|teamsize|p2|6\n|gen|9\n|tier|[Gen 9] Doubles OU\n|rule|Species Clause: Limit one of each Pok\u00e9mon\n|rule|OHKO Clause: OHKO moves are banned\n|rule|Evasion Moves Clause: Evasion moves are banned\n|rule|Gravity Sleep Clause: The combination of sleep-inducing moves with imperfect accuracy and Gravity or Gigantamax Orbeetle are banned\n|rule|Endless Battle Clause: Forcing endless battles is banned\n|rule|HP Percentage Mod: HP is shown in percentages\n|clearpoke\n|poke|p1|Vaporeon, M|\n|poke|p1|Umbreon, F|\n|poke|p1|Espeon, F|\n|poke|p1|Leafeon, M|\n|poke|p1|Glaceon, F|\n|poke|p1|Sylveon, F|\n|poke|p2|Weavile, F|\n|poke|p2|Lucario, M|\n|poke|p2|Flamigo, F|\n|poke|p2|Sableye, F|\n|poke|p2|Medicham, M|\n|poke|p2|Gardevoir, F|\n|teampreview\n|j| carmen_pkm\n|c| carmen_pkm|hello\n|c|\u2606Star Guarden|Dale mierda\n|c|\u2606Mibombilla|Sex\n|\n|t:|1700581393\n|start\n|switch|p1a: En t\u00e9rminos de...|Vaporeon, M|100\/100\n|switch|p1b: Kafka|Espeon, F|100\/100\n|switch|p2a: Majula|Weavile, F, shiny|100\/100\n|switch|p2b: Zerazora|Lucario, M, shiny|100\/100\n|turn|1\n|\n|t:|1700581423\n|move|p1b: Kafka|Light Screen|p1b: Kafka\n|-sidestart|p1: Mibombilla|move: Light Screen\n|move|p2a: Majula|Beat Up|p2b: Zerazora\n|-resisted|p2b: Zerazora\n|-damage|p2b: Zerazora|93\/100\n|-ability|p2b: Zerazora|Justified|boost\n|-boost|p2b: Zerazora|atk|1\n|-resisted|p2b: Zerazora\n|-damage|p2b: Zerazora|86\/100\n|-ability|p2b: Zerazora|Justified|boost\n|-boost|p2b: Zerazora|atk|1\n|-resisted|p2b: Zerazora\n|-damage|p2b: Zerazora|79\/100\n|-ability|p2b: Zerazora|Justified|boost\n|-boost|p2b: Zerazora|atk|1\n|-resisted|p2b: Zerazora\n|-damage|p2b: Zerazora|73\/100\n|-ability|p2b: Zerazora|Justified|boost\n|-boost|p2b: Zerazora|atk|1\n|-resisted|p2b: Zerazora\n|-damage|p2b: Zerazora|68\/100\n|-ability|p2b: Zerazora|Justified|boost\n|-boost|p2b: Zerazora|atk|1\n|-resisted|p2b: Zerazora\n|-damage|p2b: Zerazora|63\/100\n|-ability|p2b: Zerazora|Justified|boost\n|-boost|p2b: Zerazora|atk|1\n|-hitcount|p2b: Zerazora|6\n|move|p2b: Zerazora|Drain Punch|p1a: En t\u00e9rminos de...\n|-damage|p1a: En t\u00e9rminos de...|0 fnt\n|-heal|p2b: Zerazora|100\/100|[from] drain|[of] p1a: En t\u00e9rminos de...\n|faint|p1a: En t\u00e9rminos de...\n|\n|upkeep\n|\n|t:|1700581447\n|switch|p1a: Hela|Glaceon, F|100\/100\n|turn|2\n|\n|t:|1700581457\n|move|p2b: Zerazora|Bullet Punch|p1a: Hela\n|-supereffective|p1a: Hela\n|-damage|p1a: Hela|0 fnt\n|faint|p1a: Hela\n|move|p1b: Kafka|Reflect|p1b: Kafka\n|-sidestart|p1: Mibombilla|Reflect\n|move|p2a: Majula|Beat Up|p1b: Kafka\n|-supereffective|p1b: Kafka\n|-damage|p1b: Kafka|75\/100\n|-supereffective|p1b: Kafka\n|-damage|p1b: Kafka|53\/100\n|-supereffective|p1b: Kafka\n|-damage|p1b: Kafka|29\/100\n|-supereffective|p1b: Kafka\n|-damage|p1b: Kafka|11\/100\n|-supereffective|p1b: Kafka\n|-damage|p1b: Kafka|0 fnt\n|faint|p1b: Kafka\n|-hitcount|p1: Kafka|5\n|\n|upkeep\n|\n|t:|1700581472\n|switch|p1b: La Oshi no Ko|Sylveon, F|100\/100\n|switch|p1a: Veganeon|Leafeon, M|100\/100\n|turn|3\n|\n|t:|1700581488\n|move|p2b: Zerazora|Bullet Punch|p1b: La Oshi no Ko\n|-supereffective|p1b: La Oshi no Ko\n|-damage|p1b: La Oshi no Ko|0 fnt\n|faint|p1b: La Oshi no Ko\n|move|p2a: Majula|Poison Jab|p1a: Veganeon\n|-supereffective|p1a: Veganeon\n|-damage|p1a: Veganeon|62\/100\n|move|p1a: Veganeon|Sunny Day|p1a: Veganeon\n|-weather|SunnyDay\n|\n|-weather|SunnyDay|[upkeep]\n|upkeep\n|\n|t:|1700581496\n|switch|p1b: My Black Bro|Umbreon, F|100\/100\n|turn|4\n|\n|t:|1700581512\n|move|p2a: Majula|Ice Shard|p1a: Veganeon\n|-supereffective|p1a: Veganeon\n|-damage|p1a: Veganeon|34\/100\n|move|p1a: Veganeon|Swords Dance|p1a: Veganeon\n|-boost|p1a: Veganeon|atk|2\n|-enditem|p2b: Zerazora|Mirror Herb\n|-boost|p2b: Zerazora|atk|0\n|move|p2b: Zerazora|Drain Punch|p1b: My Black Bro\n|-supereffective|p1b: My Black Bro\n|-damage|p1b: My Black Bro|1\/100\n|-enditem|p1b: My Black Bro|Sitrus Berry|[eat]\n|-heal|p1b: My Black Bro|26\/100|[from] item: Sitrus Berry\n|move|p1b: My Black Bro|Toxic|p2b: Zerazora\n|-immune|p2b: Zerazora\n|\n|-weather|SunnyDay|[upkeep]\n|upkeep\n|turn|5\n|\n|t:|1700581537\n|move|p2b: Zerazora|Extreme Speed|p1b: My Black Bro\n|-damage|p1b: My Black Bro|0 fnt\n|faint|p1b: My Black Bro\n|move|p1a: Veganeon|Leaf Blade|p2a: Majula\n|-enditem|p2a: Majula|Focus Sash\n|-damage|p2a: Majula|1\/100\n|-enditem|p1a: Veganeon|Focus Sash|[silent]|[from] ability: Pickpocket|[of] p1a: Veganeon\n|-item|p2a: Majula|Focus Sash|[from] ability: Pickpocket|[of] p1a: Veganeon\n|move|p2a: Majula|Beat Up|p1a: Veganeon\n|-crit|p1a: Veganeon\n|-damage|p1a: Veganeon|20\/100\n|-damage|p1a: Veganeon|14\/100\n|-damage|p1a: Veganeon|9\/100\n|-damage|p1a: Veganeon|4\/100\n|-crit|p1a: Veganeon\n|-damage|p1a: Veganeon|0 fnt\n|faint|p1a: Veganeon\n|-hitcount|p1: Veganeon|5\n|\n|win|Star Guarden\n","uploadtime":1700581562,"views":8,"p1id":"mibombilla","p2id":"starguarden","formatid":"gen9doublesou","rating":0,"private":0,"password":""}