{"id":"gen9doublesou-1983999565","p1":"JDhall","p2":"Hzty","format":"[Gen 9] Doubles OU","log":"|j|\u2606JDhall\n|j|\u2606Hzty\n|t:|1699208400\n|gametype|doubles\n|player|p1|JDhall|1|1122\n|player|p2|Hzty|266|1184\n|teamsize|p1|6\n|teamsize|p2|6\n|gen|9\n|tier|[Gen 9] Doubles OU\n|rated|\n|rule|Species Clause: Limit one of each Pok\u00e9mon\n|rule|OHKO Clause: OHKO moves are banned\n|rule|Evasion Moves Clause: Evasion moves are banned\n|rule|Gravity Sleep Clause: The combination of sleep-inducing moves with imperfect accuracy and Gravity or Gigantamax Orbeetle are banned\n|rule|Endless Battle Clause: Forcing endless battles is banned\n|rule|HP Percentage Mod: HP is shown in percentages\n|clearpoke\n|poke|p1|Iron Bundle|\n|poke|p1|Sinistcha-Masterpiece|\n|poke|p1|Amoonguss, M|\n|poke|p1|Diancie|\n|poke|p1|Salazzle, F|\n|poke|p1|Wo-Chien|\n|poke|p2|Iron Hands|\n|poke|p2|Sinistcha|\n|poke|p2|Kommo-o, M|\n|poke|p2|Clefairy, M|\n|poke|p2|Farigiraf, M|\n|poke|p2|Landorus-Therian, M|\n|teampreview\n|\n|t:|1699208420\n|start\n|switch|p1a: Iron Bundle|Iron Bundle, shiny|100\/100\n|switch|p1b: Amoonguss|Amoonguss, M, shiny|100\/100\n|switch|p2a: Clefairy|Clefairy, M|100\/100\n|switch|p2b: Kommo-o|Kommo-o, M|100\/100\n|turn|1\n|\n|t:|1699208432\n|-terastallize|p2b: Kommo-o|Steel\n|move|p2a: Clefairy|Protect|p2a: Clefairy\n|-singleturn|p2a: Clefairy|Protect\n|move|p1a: Iron Bundle|Ice Beam|p2b: Kommo-o\n|-resisted|p2b: Kommo-o\n|-damage|p2b: Kommo-o|82\/100\n|-status|p2b: Kommo-o|frz\n|cant|p2b: Kommo-o|frz\n|move|p1b: Amoonguss|Spore|p2a: Clefairy\n|-activate|p2a: Clefairy|move: Protect\n|\n|upkeep\n|turn|2\n|\n|t:|1699208453\n|-end|p1a: Iron Bundle|Quark Drive|[silent]\n|switch|p1a: Salazzle|Salazzle, F, shiny|100\/100\n|-curestatus|p2b: Kommo-o|frz|[msg]\n|move|p2b: Kommo-o|Clangorous Soul|p2b: Kommo-o\n|-boost|p2b: Kommo-o|atk|1\n|-boost|p2b: Kommo-o|def|1\n|-boost|p2b: Kommo-o|spa|1\n|-boost|p2b: Kommo-o|spd|1\n|-boost|p2b: Kommo-o|spe|1\n|-damage|p2b: Kommo-o|49\/100\n|-enditem|p2b: Kommo-o|Throat Spray\n|-boost|p2b: Kommo-o|spa|1|[from] item: Throat Spray\n|move|p2a: Clefairy|Heal Pulse|p2b: Kommo-o\n|-heal|p2b: Kommo-o|99\/100\n|move|p1b: Amoonguss|Spore|p2a: Clefairy\n|-status|p2a: Clefairy|slp|[from] move: Spore\n|\n|upkeep\n|turn|3\n|inactive|Battle timer is ON: inactive players will automatically lose when time's up. (requested by JDhall)\n|\n|t:|1699208483\n|switch|p2a: Sinistcha|Sinistcha|100\/100\n|-heal|p2b: Kommo-o|100\/100|[from] ability: Hospitality|[of] p2a: Sinistcha\n|move|p2b: Kommo-o|Protect|p2b: Kommo-o\n|-singleturn|p2b: Kommo-o|Protect\n|move|p1a: Salazzle|Flamethrower|p2b: Kommo-o\n|-activate|p2b: Kommo-o|move: Protect\n|move|p1b: Amoonguss|Spore|p2b: Kommo-o\n|-activate|p2b: Kommo-o|move: Protect\n|\n|upkeep\n|turn|4\n|\n|t:|1699208509\n|move|p2a: Sinistcha|Rage Powder|p2a: Sinistcha\n|-singleturn|p2a: Sinistcha|move: Rage Powder\n|move|p2b: Kommo-o|Clangorous Soul|p2b: Kommo-o\n|-boost|p2b: Kommo-o|atk|1\n|-boost|p2b: Kommo-o|def|1\n|-boost|p2b: Kommo-o|spa|1\n|-boost|p2b: Kommo-o|spd|1\n|-boost|p2b: Kommo-o|spe|1\n|-damage|p2b: Kommo-o|68\/100\n|move|p1a: Salazzle|Flamethrower|p2a: Sinistcha\n|-supereffective|p2a: Sinistcha\n|-damage|p2a: Sinistcha|12\/100\n|-enditem|p2a: Sinistcha|Sitrus Berry|[eat]\n|-heal|p2a: Sinistcha|37\/100|[from] item: Sitrus Berry\n|move|p1b: Amoonguss|Spore|p2b: Kommo-o\n|-immune|p2b: Kommo-o|[from] ability: Overcoat\n|\n|upkeep\n|turn|5\n|\n|t:|1699208532\n|switch|p2a: Clefairy|Clefairy, M|100\/100 slp\n|move|p2b: Kommo-o|Clanging Scales|p1a: Salazzle|[spread] p1a,p1b\n|-damage|p1a: Salazzle|0 fnt\n|-damage|p1b: Amoonguss|10\/100\n|faint|p1a: Salazzle\n|-unboost|p2b: Kommo-o|def|1\n|move|p1b: Amoonguss|Sludge Bomb|p2a: Clefairy\n|-supereffective|p2a: Clefairy\n|-damage|p2a: Clefairy|53\/100 slp\n|\n|-heal|p1b: Amoonguss|16\/100|[from] item: Leftovers\n|upkeep\n|\n|t:|1699208542\n|switch|p1a: Diancie|Diancie, shiny|100\/100\n|turn|6\n|\n|t:|1699208557\n|switch|p1b: Wo-Chien|Wo-Chien|100\/100\n|-ability|p1b: Wo-Chien|Tablets of Ruin\n|move|p2b: Kommo-o|Flash Cannon|p1a: Diancie\n|-supereffective|p1a: Diancie\n|-crit|p1a: Diancie\n|-damage|p1a: Diancie|0 fnt\n|faint|p1a: Diancie\n|cant|p2a: Clefairy|slp\n|\n|upkeep\n|\n|t:|1699208568\n|switch|p1a: Iron Bundle|Iron Bundle, shiny|100\/100\n|turn|7\n|\n|t:|1699208581\n|move|p2b: Kommo-o|Clanging Scales|p1b: Wo-Chien|[spread] p1a,p1b\n|-crit|p1b: Wo-Chien\n|-damage|p1a: Iron Bundle|0 fnt\n|-damage|p1b: Wo-Chien|17\/100\n|faint|p1a: Iron Bundle\n|-end|p1a: Iron Bundle|Quark Drive|[silent]\n|-unboost|p2b: Kommo-o|def|1\n|move|p1b: Wo-Chien|Taunt|p2b: Kommo-o\n|-start|p2b: Kommo-o|move: Taunt\n|-curestatus|p2a: Clefairy|slp|[msg]\n|move|p2a: Clefairy|Heal Pulse|p2b: Kommo-o\n|-heal|p2b: Kommo-o|100\/100\n|\n|upkeep\n|\n|t:|1699208583\n|switch|p1a: Sinistcha|Sinistcha-Masterpiece, shiny|100\/100\n|turn|8\n|-message|JDhall forfeited.\n|\n|win|Hzty\n|raw|JDhall's rating: 1122 &rarr; <strong>1101<\/strong><br \/>(-21 for losing)\n|raw|Hzty's rating: 1184 &rarr; <strong>1205<\/strong><br \/>(+21 for winning)\n|l|\u2606JDhall\n","uploadtime":1699208615,"views":9,"p1id":"jdhall","p2id":"hzty","formatid":"gen9doublesou","rating":1101,"private":0,"password":""}