{"id":"gen9doublesou-1989247659","p1":"epiuk","p2":"ryryebread","format":"[Gen 9] Doubles OU","log":"|j|\u2606epiuk\n|j|\u2606ryryebread\n|t:|1699827741\n|gametype|doubles\n|player|p1|epiuk|265|1031\n|player|p2|ryryebread|furisodegirl-pink|1000\n|teamsize|p1|6\n|teamsize|p2|6\n|gen|9\n|tier|[Gen 9] Doubles OU\n|rated|\n|rule|Species Clause: Limit one of each Pok\u00e9mon\n|rule|OHKO Clause: OHKO moves are banned\n|rule|Evasion Moves Clause: Evasion moves are banned\n|rule|Gravity Sleep Clause: The combination of sleep-inducing moves with imperfect accuracy and Gravity or Gigantamax Orbeetle are banned\n|rule|Endless Battle Clause: Forcing endless battles is banned\n|rule|HP Percentage Mod: HP is shown in percentages\n|clearpoke\n|poke|p1|Magnezone|\n|poke|p1|Floatzel, F|\n|poke|p1|Pelipper, M|\n|poke|p1|Garchomp, M|\n|poke|p1|Klefki, F|\n|poke|p1|Arcanine, M|\n|poke|p2|Lurantis, F|\n|poke|p2|Gastrodon, M|\n|poke|p2|Pincurchin, M|\n|poke|p2|Garganacl, M|\n|poke|p2|Samurott-Hisui, M|\n|poke|p2|Heatran, M|\n|teampreview\n|inactive|Battle timer is ON: inactive players will automatically lose when time's up. (requested by ryryebread)\n|\n|t:|1699827748\n|start\n|switch|p1a: Floatzel|Floatzel, F|100\/100\n|switch|p1b: Pelipper|Pelipper, M|100\/100\n|switch|p2a: popipo|Pincurchin, M|100\/100\n|switch|p2b: heebie jeebies|Heatran, M|100\/100\n|-weather|RainDance|[from] ability: Drizzle|[of] p1b: Pelipper\n|-fieldstart|move: Electric Terrain|[from] ability: Electric Surge|[of] p2a: popipo\n|turn|1\n|\n|t:|1699827773\n|switch|p2b: centrifugal force|Lurantis, F, shiny|100\/100\n|move|p1a: Floatzel|Liquidation|p2b: centrifugal force\n|-resisted|p2b: centrifugal force\n|-damage|p2b: centrifugal force|67\/100\n|-damage|p1a: Floatzel|91\/100|[from] item: Life Orb\n|move|p1b: Pelipper|Tailwind|p1b: Pelipper\n|-sidestart|p1: epiuk|move: Tailwind\n|move|p2a: popipo|Acupressure|p2b: centrifugal force\n|-unboost|p2b: centrifugal force|evasion|2\n|\n|-weather|RainDance|[upkeep]\n|-heal|p2b: centrifugal force|73\/100|[from] item: Leftovers\n|upkeep\n|turn|2\n|\n|t:|1699827795\n|switch|p1b: Garchomp|Garchomp, M|100\/100\n|move|p1a: Floatzel|Ice Fang|p2b: centrifugal force\n|-supereffective|p2b: centrifugal force\n|-damage|p2b: centrifugal force|30\/100\n|-damage|p1a: Floatzel|81\/100|[from] item: Life Orb\n|move|p2b: centrifugal force|Leaf Storm|p1a: Floatzel\n|-supereffective|p1a: Floatzel\n|-damage|p1a: Floatzel|0 fnt\n|-boost|p2b: centrifugal force|spa|2\n|faint|p1a: Floatzel\n|move|p2a: popipo|Thunderbolt|p1b: Garchomp\n|-immune|p1b: Garchomp\n|\n|-weather|RainDance|[upkeep]\n|-heal|p2b: centrifugal force|37\/100|[from] item: Leftovers\n|upkeep\n|inactive|epiuk has 120 seconds left.\n|\n|t:|1699827824\n|switch|p1a: Klefki|Klefki, F|100\/100\n|turn|3\n|inactive|epiuk has 120 seconds left.\n|\n|t:|1699827854\n|move|p1b: Garchomp|Dragon Claw|p2a: popipo\n|-damage|p2a: popipo|37\/100\n|move|p1a: Klefki|Foul Play|p2b: centrifugal force\n|-damage|p2b: centrifugal force|22\/100\n|move|p2b: centrifugal force|Giga Drain|p1b: Garchomp\n|-damage|p1b: Garchomp|56\/100\n|-heal|p2b: centrifugal force|45\/100|[from] drain|[of] p1b: Garchomp\n|move|p2a: popipo|Toxic Spikes|p1b: Garchomp\n|-sidestart|p1: epiuk|move: Toxic Spikes\n|\n|-weather|RainDance|[upkeep]\n|-heal|p2b: centrifugal force|51\/100|[from] item: Leftovers\n|-heal|p2a: popipo|43\/100|[from] item: Leftovers\n|upkeep\n|turn|4\n|inactive|epiuk has 120 seconds left.\n|\n|t:|1699827888\n|move|p1a: Klefki|Thunder Wave|p2b: centrifugal force\n|-status|p2b: centrifugal force|par\n|move|p1b: Garchomp|Dragon Claw|p2b: centrifugal force\n|-crit|p2b: centrifugal force\n|-damage|p2b: centrifugal force|0 fnt\n|faint|p2b: centrifugal force\n|move|p2a: popipo|Recover|p2a: popipo\n|-heal|p2a: popipo|93\/100\n|\n|-weather|RainDance|[upkeep]\n|-heal|p2a: popipo|99\/100|[from] item: Leftovers\n|-sideend|p1: epiuk|move: Tailwind\n|upkeep\n|\n|t:|1699827897\n|switch|p2b: goopy|Gastrodon, M, shiny|100\/100\n|turn|5\n|inactive|epiuk has 120 seconds left.\n|\n|t:|1699827924\n|switch|p1b: Pelipper|Pelipper, M|100\/100\n|switch|p1a: Magnezone|Magnezone|100\/100\n|-item|p1a: Magnezone|Air Balloon\n|-terastallize|p2a: popipo|Flying\n|move|p2b: goopy|Earthquake|p1a: Magnezone|[spread] \n|-immune|p2a: popipo\n|-immune|p1a: Magnezone\n|-immune|p1b: Pelipper\n|move|p2a: popipo|Acupressure|p2b: goopy\n|-boost|p2b: goopy|def|2\n|\n|-weather|none\n|-heal|p2a: popipo|100\/100|[from] item: Leftovers\n|-fieldend|move: Electric Terrain\n|upkeep\n|turn|6\n|inactive|epiuk has 120 seconds left.\n|\n|t:|1699827959\n|switch|p1b: Garchomp|Garchomp, M|56\/100\n|-status|p1b: Garchomp|psn\n|move|p2b: goopy|Tera Blast|p1a: Magnezone\n|-resisted|p1a: Magnezone\n|-damage|p1a: Magnezone|84\/100\n|-enditem|p1a: Magnezone|Air Balloon\n|-damage|p2b: goopy|91\/100|[from] item: Life Orb\n|move|p1a: Magnezone|Flash Cannon|p2b: goopy\n|-resisted|p2b: goopy\n|-damage|p2b: goopy|67\/100\n|move|p2a: popipo|Thunderbolt|p1b: Garchomp\n|-immune|p1b: Garchomp\n|\n|-damage|p1b: Garchomp|44\/100 psn|[from] psn\n|upkeep\n|turn|7\n|inactive|epiuk has 120 seconds left.\n|\n|t:|1699827979\n|switch|p1a: Pelipper|Pelipper, M|100\/100\n|-weather|RainDance|[from] ability: Drizzle|[of] p1a: Pelipper\n|move|p1b: Garchomp|Earthquake|p2b: goopy|[spread] p2b\n|-immune|p1a: Pelipper\n|-immune|p2a: popipo\n|-damage|p2b: goopy|32\/100\n|move|p2b: goopy|Earthquake|p1a: Pelipper|[spread] p1b\n|-immune|p2a: popipo\n|-immune|p1a: Pelipper\n|-damage|p1b: Garchomp|20\/100 psn\n|-damage|p2b: goopy|22\/100|[from] item: Life Orb\n|move|p2a: popipo|Toxic Spikes|p1a: Pelipper\n|-sidestart|p1: epiuk|move: Toxic Spikes\n|\n|-weather|RainDance|[upkeep]\n|-damage|p1b: Garchomp|7\/100 psn|[from] psn\n|upkeep\n|turn|8\n|inactive|epiuk has 120 seconds left.\n|\n|t:|1699828008\n|switch|p1a: Magnezone|Magnezone|84\/100\n|move|p1b: Garchomp|Earthquake|p2b: goopy|[spread] p1a,p2b\n|-immune|p2a: popipo\n|-supereffective|p1a: Magnezone\n|-damage|p1a: Magnezone|0 fnt\n|-damage|p2b: goopy|0 fnt\n|faint|p1a: Magnezone\n|faint|p2b: goopy\n|move|p2a: popipo|Thunderbolt|p1b: Garchomp\n|-immune|p1b: Garchomp\n|\n|-weather|RainDance|[upkeep]\n|-damage|p1b: Garchomp|0 fnt|[from] psn\n|faint|p1b: Garchomp\n|upkeep\n|inactive|epiuk has 120 seconds left.\n|\n|t:|1699828029\n|switch|p1b: Klefki|Klefki, F|100\/100\n|switch|p2b: sashimi|Samurott-Hisui, M, shiny|100\/100\n|switch|p1a: Arcanine|Arcanine, M|100\/100\n|-status|p1a: Arcanine|tox\n|-ability|p1a: Arcanine|Intimidate|boost\n|-unboost|p2a: popipo|atk|1\n|-unboost|p2b: sashimi|atk|1\n|turn|9\n|inactive|epiuk has 120 seconds left.\n|\n|t:|1699828055\n|move|p1b: Klefki|Thunder Wave|p2b: sashimi\n|-hint|Since gen 7, Dark is immune to Prankster moves.\n|-immune|p2b: sashimi\n|move|p1a: Arcanine|Snarl|p2a: popipo|[spread] p2a,p2b\n|-resisted|p2b: sashimi\n|-damage|p2a: popipo|90\/100\n|-damage|p2b: sashimi|95\/100\n|-unboost|p2a: popipo|spa|1\n|-unboost|p2b: sashimi|spa|1\n|move|p2b: sashimi|Aqua Cutter|p1a: Arcanine\n|-supereffective|p1a: Arcanine\n|-damage|p1a: Arcanine|0 fnt\n|faint|p1a: Arcanine\n|move|p2a: popipo|Acupressure|p2b: sashimi\n|-boost|p2b: sashimi|spa|2\n|\n|-weather|RainDance|[upkeep]\n|-heal|p2a: popipo|96\/100|[from] item: Leftovers\n|upkeep\n|inactive|epiuk has 120 seconds left.\n|\n|t:|1699828071\n|switch|p1a: Pelipper|Pelipper, M|100\/100\n|turn|10\n|inactive|epiuk has 120 seconds left.\n|\n|t:|1699828093\n|move|p1b: Klefki|Thunder Wave|p2a: popipo\n|-status|p2a: popipo|par\n|move|p2b: sashimi|Ceaseless Edge|p1b: Klefki\n|-resisted|p1b: Klefki\n|-damage|p1b: Klefki|86\/100\n|-sidestart|p1: epiuk|Spikes\n|move|p1a: Pelipper|Hydro Pump|p2a: popipo\n|-damage|p2a: popipo|35\/100 par\n|move|p2a: popipo|Thunderbolt|p1a: Pelipper\n|-supereffective|p1a: Pelipper\n|-enditem|p1a: Pelipper|Focus Sash\n|-damage|p1a: Pelipper|1\/100\n|\n|-weather|RainDance|[upkeep]\n|-heal|p1b: Klefki|92\/100|[from] item: Leftovers\n|-heal|p2a: popipo|41\/100 par|[from] item: Leftovers\n|upkeep\n|turn|11\n|inactive|epiuk has 120 seconds left.\n|\n|t:|1699828121\n|-terastallize|p1b: Klefki|Steel\n|move|p2b: sashimi|Sucker Punch|p1a: Pelipper\n|-damage|p1a: Pelipper|0 fnt\n|faint|p1a: Pelipper\n|move|p1b: Klefki|Foul Play|p2b: sashimi\n|-resisted|p2b: sashimi\n|-damage|p2b: sashimi|82\/100\n|move|p2a: popipo|Recover|p2a: popipo\n|-heal|p2a: popipo|91\/100 par\n|\n|-weather|none\n|-heal|p1b: Klefki|98\/100|[from] item: Leftovers\n|-heal|p2a: popipo|97\/100 par|[from] item: Leftovers\n|upkeep\n|turn|12\n|inactive|epiuk has 120 seconds left.\n|\n|t:|1699828143\n|move|p2b: sashimi|Sacred Sword|p1b: Klefki\n|-supereffective|p1b: Klefki\n|-damage|p1b: Klefki|45\/100\n|move|p2a: popipo|Thunderbolt|p1b: Klefki\n|-damage|p1b: Klefki|23\/100\n|move|p1b: Klefki|Trick Room|p1b: Klefki\n|-fieldstart|move: Trick Room|[of] p1b: Klefki\n|\n|-heal|p2a: popipo|100\/100 par|[from] item: Leftovers\n|-heal|p1b: Klefki|29\/100|[from] item: Leftovers\n|upkeep\n|turn|13\n|\n|t:|1699828162\n|move|p2a: popipo|Thunderbolt|p1b: Klefki\n|-damage|p1b: Klefki|6\/100\n|move|p1b: Klefki|Foul Play|p2b: sashimi\n|-resisted|p2b: sashimi\n|-damage|p2b: sashimi|70\/100\n|move|p2b: sashimi|Sacred Sword|p1b: Klefki\n|-supereffective|p1b: Klefki\n|-damage|p1b: Klefki|0 fnt\n|faint|p1b: Klefki\n|\n|win|ryryebread\n|raw|epiuk's rating: 1031 &rarr; <strong>1015<\/strong><br \/>(-16 for losing)\n|raw|ryryebread's rating: 1000 &rarr; <strong>1044<\/strong><br \/>(+44 for winning)\n|l|\u2606epiuk\n","uploadtime":1699828171,"views":6,"p1id":"epiuk","p2id":"ryryebread","formatid":"gen9doublesou","rating":1015,"private":0,"password":""}