{"id":"gen9doublesou-1973353826","p1":"Proud to be a noob","p2":"GatosLover","format":"[Gen 9] Doubles OU","log":"|j|\u2606Proud to be a noob\n|j|\u2606GatosLover\n|t:|1697960269\n|gametype|doubles\n|player|p1|Proud to be a noob|collector|1165\n|player|p2|GatosLover|marnie|1229\n|teamsize|p1|6\n|teamsize|p2|6\n|gen|9\n|tier|[Gen 9] Doubles OU\n|rated|\n|rule|Species Clause: Limit one of each Pok\u00e9mon\n|rule|OHKO Clause: OHKO moves are banned\n|rule|Evasion Moves Clause: Evasion moves are banned\n|rule|Gravity Sleep Clause: The combination of sleep-inducing moves with imperfect accuracy and Gravity or Gigantamax Orbeetle are banned\n|rule|Endless Battle Clause: Forcing endless battles is banned\n|rule|HP Percentage Mod: HP is shown in percentages\n|clearpoke\n|poke|p1|Sableye, M|\n|poke|p1|Landorus, M|\n|poke|p1|Tornadus, M|\n|poke|p1|Goodra-Hisui, F|\n|poke|p1|Chi-Yu|\n|poke|p1|Regieleki|\n|poke|p2|Charjabug, F|\n|poke|p2|Indeedee-F, F|\n|poke|p2|Sylveon, F|\n|poke|p2|Clefairy, F|\n|poke|p2|Walking Wake|\n|poke|p2|Armarouge, M|\n|teampreview\n|\n|t:|1697960284\n|start\n|switch|p1a: To break yo bones|Tornadus, M|100\/100\n|switch|p1b: Chi-Yu|Chi-Yu|100\/100\n|switch|p2a: :|Charjabug, F|100\/100\n|switch|p2b: Silvia|Sylveon, F|100\/100\n|-ability|p1b: Chi-Yu|Beads of Ruin\n|turn|1\n|\n|t:|1697960294\n|move|p1b: Chi-Yu|Heat Wave|p2b: Silvia|[spread] p2a,p2b\n|-supereffective|p2a: :\n|-damage|p2a: :|28\/100\n|-damage|p2b: Silvia|65\/100\n|-status|p2a: :|brn\n|move|p1a: To break yo bones|Bleakwind Storm|p2b: Silvia|[spread] p2b\n|-miss|p1a: To break yo bones|p2a: :\n|-damage|p2b: Silvia|27\/100\n|move|p2b: Silvia|Hyper Voice|p1b: Chi-Yu|[spread] p1a,p1b\n|-damage|p1a: To break yo bones|0 fnt\n|-damage|p1b: Chi-Yu|16\/100\n|faint|p1a: To break yo bones\n|-damage|p2b: Silvia|17\/100|[from] item: Life Orb\n|move|p2a: :|Light Screen|p2a: :\n|-sidestart|p2: GatosLover|move: Light Screen\n|\n|-damage|p2a: :|22\/100 brn|[from] brn\n|upkeep\n|\n|t:|1697960310\n|switch|p1a: Sableye|Sableye, M|100\/100\n|turn|2\n|\n|t:|1697960318\n|move|p2b: Silvia|Quick Attack|p1a: Sableye\n|-supereffective|p1a: Sableye\n|-damage|p1a: Sableye|64\/100\n|-enditem|p1a: Sableye|Eject Button\n|-damage|p2b: Silvia|7\/100|[from] item: Life Orb\n|\n|t:|1697960330\n|switch|p1a: We are going|Landorus, M|100\/100\n|move|p1b: Chi-Yu|Heat Wave|p2b: Silvia|[spread] p2a,p2b\n|-supereffective|p2a: :\n|-damage|p2a: :|0 fnt\n|-damage|p2b: Silvia|0 fnt\n|faint|p2a: :\n|faint|p2b: Silvia\n|\n|upkeep\n|\n|t:|1697960344\n|switch|p2b: LAST WORD ;-;|Armarouge, M, shiny|100\/100\n|switch|p2a: Croasu \ud83e\udd50|Indeedee-F, F|100\/100\n|-fieldstart|move: Psychic Terrain|[from] ability: Psychic Surge|[of] p2a: Croasu \ud83e\udd50\n|turn|3\n|\n|t:|1697960358\n|move|p1b: Chi-Yu|Heat Wave|p2a: Croasu \ud83e\udd50|[spread] p2a,p2b\n|-resisted|p2b: LAST WORD ;-;\n|-damage|p2a: Croasu \ud83e\udd50|68\/100\n|-damage|p2b: LAST WORD ;-;|82\/100\n|move|p1a: We are going|Gravity|p1a: We are going\n|-fieldstart|move: Gravity\n|move|p2a: Croasu \ud83e\udd50|Dazzling Gleam|p1a: We are going|[spread] p1a,p1b\n|-crit|p1b: Chi-Yu\n|-damage|p1a: We are going|78\/100\n|-damage|p1b: Chi-Yu|0 fnt\n|faint|p1b: Chi-Yu\n|move|p2b: LAST WORD ;-;|Expanding Force|p1a: We are going\n|-damage|p1a: We are going|0 fnt\n|faint|p1a: We are going\n|\n|upkeep\n|\n|t:|1697960378\n|switch|p1a: Regieleki|Regieleki|100\/100\n|switch|p1b: Sableye|Sableye, M|64\/100\n|turn|4\n|\n|t:|1697960392\n|switch|p1b: Goodra|Goodra-Hisui, F|100\/100\n|move|p1a: Regieleki|Zap Cannon|p2b: LAST WORD ;-;\n|-damage|p2b: LAST WORD ;-;|36\/100\n|-status|p2b: LAST WORD ;-;|par\n|move|p2a: Croasu \ud83e\udd50|Heal Pulse|p2b: LAST WORD ;-;\n|-heal|p2b: LAST WORD ;-;|86\/100 par\n|cant|p2b: LAST WORD ;-;|par\n|\n|upkeep\n|turn|5\n|\n|t:|1697960411\n|move|p2a: Croasu \ud83e\udd50|Follow Me|p2a: Croasu \ud83e\udd50\n|-singleturn|p2a: Croasu \ud83e\udd50|move: Follow Me\n|move|p1a: Regieleki|Zap Cannon|p2a: Croasu \ud83e\udd50\n|-crit|p2a: Croasu \ud83e\udd50\n|-damage|p2a: Croasu \ud83e\udd50|0 fnt\n|faint|p2a: Croasu \ud83e\udd50\n|move|p1b: Goodra|Iron Tail|p2b: LAST WORD ;-;\n|-resisted|p2b: LAST WORD ;-;\n|-damage|p2b: LAST WORD ;-;|68\/100 par\n|-unboost|p2b: LAST WORD ;-;|def|1\n|-ability|p2b: LAST WORD ;-;|Weak Armor|boost\n|-unboost|p2b: LAST WORD ;-;|def|1\n|-boost|p2b: LAST WORD ;-;|spe|2\n|move|p2b: LAST WORD ;-;|Expanding Force|p1a: Regieleki|[spread] p1a,p1b\n|-resisted|p1b: Goodra\n|-damage|p1a: Regieleki|0 fnt\n|-damage|p1b: Goodra|88\/100\n|faint|p1a: Regieleki\n|\n|-sideend|p2: GatosLover|move: Light Screen\n|upkeep\n|\n|t:|1697960429\n|switch|p1a: Sableye|Sableye, M|64\/100\n|switch|p2a: Ani|Clefairy, F|100\/100\n|turn|6\n|\n|t:|1697960438\n|move|p1a: Sableye|Protect|p1a: Sableye\n|-singleturn|p1a: Sableye|Protect\n|move|p2a: Ani|Follow Me|p2a: Ani\n|-singleturn|p2a: Ani|move: Follow Me\n|cant|p2b: LAST WORD ;-;|par\n|move|p1b: Goodra|Earthquake|p2b: LAST WORD ;-;|[spread] p2a,p2b\n|-activate|p1a: Sableye|move: Protect\n|-supereffective|p2b: LAST WORD ;-;\n|-damage|p2a: Ani|83\/100\n|-damage|p2b: LAST WORD ;-;|14\/100 par\n|-ability|p2b: LAST WORD ;-;|Weak Armor|boost\n|-unboost|p2b: LAST WORD ;-;|def|1\n|-boost|p2b: LAST WORD ;-;|spe|2\n|-enditem|p2b: LAST WORD ;-;|Weakness Policy\n|-boost|p2b: LAST WORD ;-;|atk|2|[from] item: Weakness Policy\n|-boost|p2b: LAST WORD ;-;|spa|2|[from] item: Weakness Policy\n|\n|upkeep\n|turn|7\n|\n|t:|1697960469\n|move|p1a: Sableye|Quash|p2a: Ani\n|-activate|p2a: Ani|move: Psychic Terrain\n|move|p2b: LAST WORD ;-;|Heat Wave|p1a: Sableye|[spread] p1a,p1b\n|-damage|p1a: Sableye|0 fnt\n|-damage|p1b: Goodra|55\/100\n|faint|p1a: Sableye\n|move|p1b: Goodra|Earthquake|p2b: LAST WORD ;-;|[spread] p2a,p2b\n|-supereffective|p2b: LAST WORD ;-;\n|-damage|p2a: Ani|66\/100\n|-damage|p2b: LAST WORD ;-;|0 fnt\n|faint|p2b: LAST WORD ;-;\n|move|p2a: Ani|Cosmic Power|p2a: Ani\n|-boost|p2a: Ani|def|1\n|-boost|p2a: Ani|spd|1\n|\n|-fieldend|move: Gravity\n|upkeep\n|\n|t:|1697960480\n|switch|p2b: Bj\u00f6rk|Walking Wake|100\/100\n|turn|8\n|\n|t:|1697960488\n|-terastallize|p1b: Goodra|Steel\n|move|p2b: Bj\u00f6rk|Flamethrower|p1b: Goodra\n|-supereffective|p1b: Goodra\n|-damage|p1b: Goodra|12\/100\n|move|p1b: Goodra|Iron Tail|p2a: Ani\n|-supereffective|p2a: Ani\n|-damage|p2a: Ani|4\/100\n|move|p2a: Ani|Cosmic Power|p2a: Ani\n|-boost|p2a: Ani|def|1\n|-boost|p2a: Ani|spd|1\n|\n|upkeep\n|turn|9\n|\n|t:|1697960498\n|move|p1b: Goodra|Feint|p2a: Ani\n|-activate|p2a: Ani|move: Psychic Terrain\n|move|p2b: Bj\u00f6rk|Flamethrower|p1b: Goodra\n|-supereffective|p1b: Goodra\n|-damage|p1b: Goodra|0 fnt\n|faint|p1b: Goodra\n|\n|win|GatosLover\n|raw|Proud to be a noob's rating: 1165 &rarr; <strong>1145<\/strong><br \/>(-20 for losing)\n|raw|GatosLover's rating: 1229 &rarr; <strong>1249<\/strong><br \/>(+20 for winning)\n|l|\u2606Proud to be a noob\n","uploadtime":1697960628,"views":24,"p1id":"proudtobeanoob","p2id":"gatoslover","formatid":"gen9doublesou","rating":1145,"private":0,"password":""}