{"id":"gen9doublesou-1999894967","p1":"eldonas265","p2":"Martin80","format":"[Gen 9] Doubles OU","log":"|j|\u2606eldonas265\n|j|\u2606Martin80\n|t:|1701127327\n|gametype|doubles\n|player|p1|eldonas265|roxanne|1040\n|player|p2|Martin80|hugh|1196\n|teamsize|p1|6\n|teamsize|p2|6\n|gen|9\n|tier|[Gen 9] Doubles OU\n|rated|\n|rule|Species Clause: Limit one of each Pok\u00e9mon\n|rule|OHKO Clause: OHKO moves are banned\n|rule|Evasion Moves Clause: Evasion moves are banned\n|rule|Gravity Sleep Clause: The combination of sleep-inducing moves with imperfect accuracy and Gravity or Gigantamax Orbeetle are banned\n|rule|Endless Battle Clause: Forcing endless battles is banned\n|rule|HP Percentage Mod: HP is shown in percentages\n|clearpoke\n|poke|p1|Oranguru, F|\n|poke|p1|Kommo-o, F|\n|poke|p1|Volcarona, F|\n|poke|p1|Iron Valiant|\n|poke|p1|Braviary-Hisui, M|\n|poke|p1|Clefable, M|\n|poke|p2|Garganacl, F|\n|poke|p2|Tinkaton, F|\n|poke|p2|Lokix, F|\n|poke|p2|Quaquaval, F|\n|poke|p2|Arboliva, F|\n|poke|p2|Ceruledge, F|\n|teampreview\n|inactive|Battle timer is ON: inactive players will automatically lose when time's up. (requested by Martin80)\n|\n|t:|1701127356\n|start\n|switch|p1a: Oranguru|Oranguru, F, shiny|100\/100\n|switch|p1b: Iron Valiant|Iron Valiant|100\/100\n|switch|p2a: Tinkaton|Tinkaton, F, shiny|100\/100\n|switch|p2b: Golemcita|Garganacl, F, shiny|100\/100\n|-enditem|p1b: Iron Valiant|Booster Energy\n|-activate|p1b: Iron Valiant|ability: Quark Drive|[fromitem]\n|-start|p1b: Iron Valiant|quarkdrivespe\n|turn|1\n|\n|t:|1701127371\n|-terastallize|p2b: Golemcita|Ghost\n|move|p1b: Iron Valiant|Swords Dance|p1b: Iron Valiant\n|-boost|p1b: Iron Valiant|atk|2\n|move|p2a: Tinkaton|Gigaton Hammer|p1b: Iron Valiant\n|-supereffective|p1b: Iron Valiant\n|-damage|p1b: Iron Valiant|0 fnt\n|faint|p1b: Iron Valiant\n|-end|p1b: Iron Valiant|Quark Drive|[silent]\n|move|p1a: Oranguru|Instruct|p1: Iron Valiant|[notarget]\n|-fail|p1a: Oranguru\n|move|p2b: Golemcita|Iron Defense|p2b: Golemcita\n|-boost|p2b: Golemcita|def|2\n|\n|upkeep\n|\n|t:|1701127383\n|switch|p1b: Kommo-o|Kommo-o, F, shiny|100\/100\n|turn|2\n|\n|t:|1701127395\n|-terastallize|p1b: Kommo-o|Steel\n|move|p2a: Tinkaton|Helping Hand|p2b: Golemcita\n|-singleturn|p2b: Golemcita|Helping Hand|[of] p2a: Tinkaton\n|move|p1b: Kommo-o|Clangorous Soul|p1b: Kommo-o\n|-boost|p1b: Kommo-o|atk|1\n|-boost|p1b: Kommo-o|def|1\n|-boost|p1b: Kommo-o|spa|1\n|-boost|p1b: Kommo-o|spd|1\n|-boost|p1b: Kommo-o|spe|1\n|-damage|p1b: Kommo-o|68\/100\n|move|p1a: Oranguru|Instruct|p1b: Kommo-o\n|-singleturn|p1b: Kommo-o|move: Instruct|[of] p1a: Oranguru\n|move|p1b: Kommo-o|Clangorous Soul|p1b: Kommo-o\n|-boost|p1b: Kommo-o|atk|1\n|-boost|p1b: Kommo-o|def|1\n|-boost|p1b: Kommo-o|spa|1\n|-boost|p1b: Kommo-o|spd|1\n|-boost|p1b: Kommo-o|spe|1\n|-damage|p1b: Kommo-o|35\/100\n|move|p2b: Golemcita|Body Press|p1b: Kommo-o\n|-supereffective|p1b: Kommo-o\n|-damage|p1b: Kommo-o|0 fnt\n|faint|p1b: Kommo-o\n|\n|upkeep\n|\n|t:|1701127411\n|switch|p1b: Volcarona|Volcarona, F, shiny|100\/100\n|turn|3\n|c|\u2606Martin80|nuh uh\n|\n|t:|1701127423\n|move|p2a: Tinkaton|Helping Hand|p2b: Golemcita\n|-singleturn|p2b: Golemcita|Helping Hand|[of] p2a: Tinkaton\n|move|p1b: Volcarona|Quiver Dance|p1b: Volcarona\n|-boost|p1b: Volcarona|spa|1\n|-boost|p1b: Volcarona|spd|1\n|-boost|p1b: Volcarona|spe|1\n|move|p1a: Oranguru|Instruct|p1b: Volcarona\n|-singleturn|p1b: Volcarona|move: Instruct|[of] p1a: Oranguru\n|move|p1b: Volcarona|Quiver Dance|p1b: Volcarona\n|-boost|p1b: Volcarona|spa|1\n|-boost|p1b: Volcarona|spd|1\n|-boost|p1b: Volcarona|spe|1\n|move|p2b: Golemcita|Salt Cure|p1b: Volcarona\n|-supereffective|p1b: Volcarona\n|-damage|p1b: Volcarona|0 fnt\n|faint|p1b: Volcarona\n|\n|upkeep\n|\n|t:|1701127425\n|switch|p1b: Clefable|Clefable, M|100\/100\n|turn|4\n|c|\u2606Martin80|nuh uh\n|\n|t:|1701127443\n|switch|p1b: Braviary|Braviary-Hisui, M, shiny|100\/100\n|move|p2a: Tinkaton|Gigaton Hammer|p1b: Braviary\n|-damage|p1b: Braviary|46\/100\n|move|p1a: Oranguru|Psychic Terrain|p1a: Oranguru\n|-fieldstart|move: Psychic Terrain\n|move|p2b: Golemcita|Body Press|p1a: Oranguru\n|-damage|p1a: Oranguru|59\/100\n|\n|-heal|p1b: Braviary|53\/100|[from] item: Leftovers\n|-heal|p1a: Oranguru|65\/100|[from] item: Leftovers\n|upkeep\n|turn|5\n|\n|t:|1701127459\n|move|p2a: Tinkaton|Skitter Smack|p1a: Oranguru\n|-supereffective|p1a: Oranguru\n|-damage|p1a: Oranguru|39\/100\n|-unboost|p1a: Oranguru|spa|1\n|move|p1b: Braviary|Bulk Up|p1b: Braviary\n|-boost|p1b: Braviary|atk|1\n|-boost|p1b: Braviary|def|1\n|move|p1a: Oranguru|Instruct|p1b: Braviary\n|-singleturn|p1b: Braviary|move: Instruct|[of] p1a: Oranguru\n|move|p1b: Braviary|Bulk Up|p1b: Braviary\n|-boost|p1b: Braviary|atk|1\n|-boost|p1b: Braviary|def|1\n|move|p2b: Golemcita|Iron Defense|p2b: Golemcita\n|-boost|p2b: Golemcita|def|2\n|\n|-heal|p1b: Braviary|59\/100|[from] item: Leftovers\n|-heal|p1a: Oranguru|45\/100|[from] item: Leftovers\n|upkeep\n|turn|6\n|\n|t:|1701127484\n|move|p2a: Tinkaton|Gigaton Hammer|p1a: Oranguru\n|-damage|p1a: Oranguru|5\/100\n|move|p1b: Braviary|Bulk Up|p1b: Braviary\n|-boost|p1b: Braviary|atk|1\n|-boost|p1b: Braviary|def|1\n|move|p1a: Oranguru|Instruct|p1b: Braviary\n|-singleturn|p1b: Braviary|move: Instruct|[of] p1a: Oranguru\n|move|p1b: Braviary|Bulk Up|p1b: Braviary\n|-boost|p1b: Braviary|atk|1\n|-boost|p1b: Braviary|def|1\n|move|p2b: Golemcita|Salt Cure|p1b: Braviary\n|-supereffective|p1b: Braviary\n|-damage|p1b: Braviary|48\/100\n|-start|p1b: Braviary|Salt Cure\n|\n|-heal|p1b: Braviary|54\/100|[from] item: Leftovers\n|-heal|p1a: Oranguru|11\/100|[from] item: Leftovers\n|-damage|p1b: Braviary|42\/100|[from] Salt Cure\n|upkeep\n|turn|7\n|\n|t:|1701127505\n|move|p2a: Tinkaton|Skitter Smack|p1a: Oranguru|[miss]\n|-miss|p2a: Tinkaton|p1a: Oranguru\n|move|p1b: Braviary|Roost|p1b: Braviary\n|-heal|p1b: Braviary|92\/100\n|-singleturn|p1b: Braviary|move: Roost\n|move|p1a: Oranguru|Instruct|p1b: Braviary\n|-singleturn|p1b: Braviary|move: Instruct|[of] p1a: Oranguru\n|move|p1b: Braviary|Roost|p1b: Braviary\n|-heal|p1b: Braviary|100\/100\n|move|p2b: Golemcita|Iron Defense|p2b: Golemcita\n|-boost|p2b: Golemcita|def|2\n|\n|-heal|p1a: Oranguru|17\/100|[from] item: Leftovers\n|-damage|p1b: Braviary|88\/100|[from] Salt Cure\n|upkeep\n|turn|8\n|\n|t:|1701127523\n|move|p2a: Tinkaton|Gigaton Hammer|p1a: Oranguru\n|-damage|p1a: Oranguru|0 fnt\n|faint|p1a: Oranguru\n|move|p1b: Braviary|Bulk Up|p1b: Braviary\n|-boost|p1b: Braviary|atk|1\n|-boost|p1b: Braviary|def|1\n|move|p2b: Golemcita|Salt Cure|p1b: Braviary\n|-supereffective|p1b: Braviary\n|-damage|p1b: Braviary|80\/100\n|\n|-heal|p1b: Braviary|86\/100|[from] item: Leftovers\n|-damage|p1b: Braviary|73\/100|[from] Salt Cure\n|-fieldend|move: Psychic Terrain\n|upkeep\n|\n|t:|1701127526\n|switch|p1a: Clefable|Clefable, M|100\/100\n|turn|9\n|\n|t:|1701127538\n|move|p2a: Tinkaton|Helping Hand|p2b: Golemcita\n|-singleturn|p2b: Golemcita|Helping Hand|[of] p2a: Tinkaton\n|move|p1b: Braviary|Stored Power|p2b: Golemcita\n|-crit|p2b: Golemcita\n|-damage|p2b: Golemcita|4\/100\n|move|p1a: Clefable|Cosmic Power|p1a: Clefable\n|-boost|p1a: Clefable|def|1\n|-boost|p1a: Clefable|spd|1\n|move|p2b: Golemcita|Salt Cure|p1b: Braviary\n|-supereffective|p1b: Braviary\n|-damage|p1b: Braviary|61\/100\n|\n|-heal|p1b: Braviary|67\/100|[from] item: Leftovers\n|-heal|p2b: Golemcita|10\/100|[from] item: Leftovers\n|-damage|p1b: Braviary|55\/100|[from] Salt Cure\n|upkeep\n|turn|10\n|\n|t:|1701127559\n|move|p2a: Tinkaton|Gigaton Hammer|p1a: Clefable\n|-supereffective|p1a: Clefable\n|-damage|p1a: Clefable|37\/100\n|move|p1b: Braviary|Bulk Up|p1b: Braviary\n|-boost|p1b: Braviary|atk|1\n|-boost|p1b: Braviary|def|1\n|move|p1a: Clefable|Night Shade|p2b: Golemcita\n|-damage|p2b: Golemcita|0 fnt\n|faint|p2b: Golemcita\n|\n|-heal|p1b: Braviary|61\/100|[from] item: Leftovers\n|-heal|p1a: Clefable|43\/100|[from] item: Leftovers\n|-damage|p1b: Braviary|48\/100|[from] Salt Cure\n|upkeep\n|\n|t:|1701127574\n|switch|p2b: Bichota|Lokix, F, shiny|100\/100\n|turn|11\n|\n|t:|1701127585\n|move|p2b: Bichota|First Impression|p1b: Braviary\n|-damage|p1b: Braviary|33\/100\n|move|p2a: Tinkaton|Skitter Smack|p1b: Braviary\n|-damage|p1b: Braviary|29\/100\n|-unboost|p1b: Braviary|spa|1\n|move|p1b: Braviary|Roost|p1b: Braviary\n|-heal|p1b: Braviary|79\/100\n|-singleturn|p1b: Braviary|move: Roost\n|move|p1a: Clefable|Moonlight|p1a: Clefable\n|-heal|p1a: Clefable|93\/100\n|\n|-heal|p1b: Braviary|85\/100|[from] item: Leftovers\n|-heal|p1a: Clefable|99\/100|[from] item: Leftovers\n|-damage|p1b: Braviary|73\/100|[from] Salt Cure\n|upkeep\n|turn|12\n|\n|t:|1701127605\n|switch|p2b: Ceruledge|Ceruledge, F, shiny|100\/100\n|move|p2a: Tinkaton|Gigaton Hammer|p1b: Braviary\n|-damage|p1b: Braviary|58\/100\n|move|p1b: Braviary|Calm Mind|p1b: Braviary\n|-boost|p1b: Braviary|spa|1\n|-boost|p1b: Braviary|spd|1\n|move|p1a: Clefable|Cosmic Power|p1a: Clefable\n|-boost|p1a: Clefable|def|1\n|-boost|p1a: Clefable|spd|1\n|\n|-heal|p1b: Braviary|64\/100|[from] item: Leftovers\n|-heal|p1a: Clefable|100\/100|[from] item: Leftovers\n|-damage|p1b: Braviary|51\/100|[from] Salt Cure\n|upkeep\n|turn|13\n|\n|t:|1701127625\n|move|p2b: Ceruledge|Endure|p2b: Ceruledge\n|-singleturn|p2b: Ceruledge|move: Endure\n|move|p2a: Tinkaton|Skitter Smack|p1b: Braviary\n|-damage|p1b: Braviary|47\/100\n|-unboost|p1b: Braviary|spa|1\n|move|p1b: Braviary|Stored Power|p2b: Ceruledge\n|-damage|p2b: Ceruledge|16\/100\n|move|p1a: Clefable|Cosmic Power|p1a: Clefable\n|-boost|p1a: Clefable|def|1\n|-boost|p1a: Clefable|spd|1\n|\n|-heal|p1b: Braviary|53\/100|[from] item: Leftovers\n|-damage|p1b: Braviary|40\/100|[from] Salt Cure\n|upkeep\n|turn|14\n|\n|t:|1701127643\n|move|p2a: Tinkaton|Gigaton Hammer|p1b: Braviary\n|-damage|p1b: Braviary|26\/100\n|move|p2b: Ceruledge|Bitter Blade|p1b: Braviary\n|-damage|p1b: Braviary|13\/100\n|-heal|p2b: Ceruledge|24\/100|[from] drain|[of] p1b: Braviary\n|move|p1b: Braviary|Roost|p1b: Braviary\n|-heal|p1b: Braviary|63\/100\n|-singleturn|p1b: Braviary|move: Roost\n|move|p1a: Clefable|Night Shade|p2b: Ceruledge\n|-damage|p2b: Ceruledge|0 fnt\n|faint|p2b: Ceruledge\n|\n|-heal|p1b: Braviary|69\/100|[from] item: Leftovers\n|-damage|p1b: Braviary|56\/100|[from] Salt Cure\n|upkeep\n|inactive|Martin80 has 120 seconds left.\n|\n|t:|1701127666\n|switch|p2b: Arboliva|Arboliva, F, shiny|100\/100\n|turn|15\n|\n|t:|1701127686\n|move|p2a: Tinkaton|Skitter Smack|p1b: Braviary\n|-damage|p1b: Braviary|52\/100\n|-unboost|p1b: Braviary|spa|1\n|move|p1b: Braviary|Stored Power|p2b: Arboliva\n|-damage|p2b: Arboliva|55\/100\n|-fieldstart|move: Grassy Terrain|[from] ability: Seed Sower|[of] p2b: Arboliva\n|-enditem|p2b: Arboliva|Grassy Seed\n|-boost|p2b: Arboliva|def|1|[from] item: Grassy Seed\n|move|p1a: Clefable|Cosmic Power|p1a: Clefable\n|-boost|p1a: Clefable|def|1\n|-boost|p1a: Clefable|spd|1\n|move|p2b: Arboliva|Leech Seed|p1b: Braviary\n|-start|p1b: Braviary|move: Leech Seed\n|\n|-heal|p1b: Braviary|58\/100|[from] item: Leftovers\n|-heal|p2b: Arboliva|61\/100|[from] Grassy Terrain\n|-damage|p1b: Braviary|46\/100|[from] Leech Seed|[of] p2b: Arboliva\n|-heal|p2b: Arboliva|73\/100|[silent]\n|-damage|p1b: Braviary|33\/100|[from] Salt Cure\n|upkeep\n|turn|16\n|\n|t:|1701127710\n|move|p2a: Tinkaton|Skitter Smack|p1b: Braviary\n|-damage|p1b: Braviary|29\/100\n|-unboost|p1b: Braviary|spa|1\n|move|p1b: Braviary|Roost|p1b: Braviary\n|-heal|p1b: Braviary|79\/100\n|-singleturn|p1b: Braviary|move: Roost\n|move|p1a: Clefable|Cosmic Power|p1a: Clefable\n|-boost|p1a: Clefable|def|1\n|-boost|p1a: Clefable|spd|1\n|move|p2b: Arboliva|Leech Seed|p1a: Clefable\n|-start|p1a: Clefable|move: Leech Seed\n|\n|-heal|p1b: Braviary|85\/100|[from] Grassy Terrain\n|-heal|p1b: Braviary|91\/100|[from] item: Leftovers\n|-heal|p2b: Arboliva|79\/100|[from] Grassy Terrain\n|-damage|p1b: Braviary|79\/100|[from] Leech Seed|[of] p2b: Arboliva\n|-heal|p2b: Arboliva|92\/100|[silent]\n|-damage|p1a: Clefable|88\/100|[from] Leech Seed|[of] p2b: Arboliva\n|-heal|p2b: Arboliva|100\/100|[silent]\n|-damage|p1b: Braviary|66\/100|[from] Salt Cure\n|upkeep\n|turn|17\n|\n|t:|1701127734\n|move|p2a: Tinkaton|Gigaton Hammer|p1a: Clefable\n|-supereffective|p1a: Clefable\n|-damage|p1a: Clefable|57\/100\n|move|p1b: Braviary|Stored Power|p2b: Arboliva\n|-damage|p2b: Arboliva|66\/100\n|move|p1a: Clefable|Stored Power|p2b: Arboliva\n|-damage|p2b: Arboliva|28\/100\n|move|p2b: Arboliva|Dazzling Gleam|p1b: Braviary|[spread] p1a,p1b\n|-damage|p1a: Clefable|53\/100\n|-damage|p1b: Braviary|54\/100\n|\n|-heal|p1b: Braviary|60\/100|[from] item: Leftovers\n|-heal|p1a: Clefable|59\/100|[from] Grassy Terrain\n|-heal|p1a: Clefable|65\/100|[from] item: Leftovers\n|-heal|p2b: Arboliva|34\/100|[from] Grassy Terrain\n|-damage|p1b: Braviary|48\/100|[from] Leech Seed|[of] p2b: Arboliva\n|-heal|p2b: Arboliva|47\/100|[silent]\n|-damage|p1a: Clefable|53\/100|[from] Leech Seed|[of] p2b: Arboliva\n|-heal|p2b: Arboliva|58\/100|[silent]\n|-damage|p1b: Braviary|35\/100|[from] Salt Cure\n|upkeep\n|turn|18\n|\n|t:|1701127756\n|move|p2b: Arboliva|Protect|p2b: Arboliva\n|-singleturn|p2b: Arboliva|Protect\n|move|p2a: Tinkaton|Skitter Smack|p1b: Braviary\n|-damage|p1b: Braviary|31\/100\n|-unboost|p1b: Braviary|spa|1\n|move|p1b: Braviary|Roost|p1b: Braviary\n|-heal|p1b: Braviary|81\/100\n|-singleturn|p1b: Braviary|move: Roost\n|move|p1a: Clefable|Cosmic Power|p1a: Clefable\n|-boost|p1a: Clefable|def|1\n|-boost|p1a: Clefable|spd|1\n|\n|-heal|p1b: Braviary|87\/100|[from] Grassy Terrain\n|-heal|p1b: Braviary|93\/100|[from] item: Leftovers\n|-heal|p1a: Clefable|59\/100|[from] Grassy Terrain\n|-heal|p1a: Clefable|65\/100|[from] item: Leftovers\n|-heal|p2b: Arboliva|64\/100|[from] Grassy Terrain\n|-damage|p1b: Braviary|81\/100|[from] Leech Seed|[of] p2b: Arboliva\n|-heal|p2b: Arboliva|77\/100|[silent]\n|-damage|p1a: Clefable|53\/100|[from] Leech Seed|[of] p2b: Arboliva\n|-heal|p2b: Arboliva|88\/100|[silent]\n|-damage|p1b: Braviary|68\/100|[from] Salt Cure\n|upkeep\n|turn|19\n|\n|t:|1701127781\n|move|p2a: Tinkaton|Helping Hand|p2b: Arboliva\n|-singleturn|p2b: Arboliva|Helping Hand|[of] p2a: Tinkaton\n|move|p1b: Braviary|Calm Mind|p1b: Braviary\n|-boost|p1b: Braviary|spa|1\n|-boost|p1b: Braviary|spd|1\n|move|p1a: Clefable|Night Shade|p2a: Tinkaton\n|-damage|p2a: Tinkaton|68\/100\n|move|p2b: Arboliva|Dazzling Gleam|p1a: Clefable|[spread] p1a,p1b\n|-damage|p1a: Clefable|47\/100\n|-damage|p1b: Braviary|53\/100\n|\n|-heal|p2a: Tinkaton|74\/100|[from] Grassy Terrain\n|-heal|p2a: Tinkaton|81\/100|[from] item: Leftovers\n|-heal|p1b: Braviary|59\/100|[from] item: Leftovers\n|-heal|p1a: Clefable|53\/100|[from] Grassy Terrain\n|-heal|p1a: Clefable|59\/100|[from] item: Leftovers\n|-heal|p2b: Arboliva|94\/100|[from] Grassy Terrain\n|-damage|p1b: Braviary|47\/100|[from] Leech Seed|[of] p2b: Arboliva\n|-heal|p2b: Arboliva|100\/100|[silent]\n|-damage|p1a: Clefable|47\/100|[from] Leech Seed|[of] p2b: Arboliva\n|-damage|p1b: Braviary|34\/100|[from] Salt Cure\n|-fieldend|move: Grassy Terrain\n|upkeep\n|turn|20\n|inactive|Martin80 has 120 seconds left.\n|\n|t:|1701127814\n|move|p2a: Tinkaton|Skitter Smack|p1b: Braviary\n|-damage|p1b: Braviary|30\/100\n|-unboost|p1b: Braviary|spa|1\n|move|p1b: Braviary|Roost|p1b: Braviary\n|-heal|p1b: Braviary|80\/100\n|-singleturn|p1b: Braviary|move: Roost\n|move|p1a: Clefable|Moonlight|p1a: Clefable\n|-heal|p1a: Clefable|97\/100\n|move|p2b: Arboliva|Giga Drain|p1b: Braviary\n|-damage|p1b: Braviary|60\/100\n|\n|-heal|p2a: Tinkaton|87\/100|[from] item: Leftovers\n|-heal|p1b: Braviary|66\/100|[from] item: Leftovers\n|-heal|p1a: Clefable|100\/100|[from] item: Leftovers\n|-damage|p1b: Braviary|54\/100|[from] Leech Seed|[of] p2b: Arboliva\n|-damage|p1a: Clefable|88\/100|[from] Leech Seed|[of] p2b: Arboliva\n|-damage|p1b: Braviary|41\/100|[from] Salt Cure\n|upkeep\n|turn|21\n|\n|t:|1701127836\n|move|p2a: Tinkaton|Helping Hand|p2b: Arboliva\n|-singleturn|p2b: Arboliva|Helping Hand|[of] p2a: Tinkaton\n|move|p1b: Braviary|Calm Mind|p1b: Braviary\n|-boost|p1b: Braviary|spa|1\n|-boost|p1b: Braviary|spd|1\n|move|p1a: Clefable|Night Shade|p2a: Tinkaton\n|-damage|p2a: Tinkaton|55\/100\n|move|p2b: Arboliva|Giga Drain|p1b: Braviary\n|-resisted|p1b: Braviary\n|-damage|p1b: Braviary|30\/100\n|\n|-heal|p2a: Tinkaton|61\/100|[from] item: Leftovers\n|-heal|p1b: Braviary|36\/100|[from] item: Leftovers\n|-heal|p1a: Clefable|94\/100|[from] item: Leftovers\n|-damage|p1b: Braviary|23\/100|[from] Leech Seed|[of] p2b: Arboliva\n|-damage|p1a: Clefable|82\/100|[from] Leech Seed|[of] p2b: Arboliva\n|-damage|p1b: Braviary|11\/100|[from] Salt Cure\n|upkeep\n|turn|22\n|\n|t:|1701127855\n|move|p2a: Tinkaton|Helping Hand|p2b: Arboliva\n|-singleturn|p2b: Arboliva|Helping Hand|[of] p2a: Tinkaton\n|move|p1b: Braviary|Roost|p1b: Braviary\n|-heal|p1b: Braviary|61\/100\n|-singleturn|p1b: Braviary|move: Roost\n|move|p1a: Clefable|Night Shade|p2a: Tinkaton\n|-damage|p2a: Tinkaton|28\/100\n|move|p2b: Arboliva|Giga Drain|p1b: Braviary\n|-damage|p1b: Braviary|41\/100\n|\n|-heal|p2a: Tinkaton|35\/100|[from] item: Leftovers\n|-heal|p1b: Braviary|47\/100|[from] item: Leftovers\n|-heal|p1a: Clefable|88\/100|[from] item: Leftovers\n|-damage|p1b: Braviary|35\/100|[from] Leech Seed|[of] p2b: Arboliva\n|-damage|p1a: Clefable|75\/100|[from] Leech Seed|[of] p2b: Arboliva\n|-damage|p1b: Braviary|22\/100|[from] Salt Cure\n|upkeep\n|turn|23\n|c|\u2606Martin80|why\n|c|\u2606Martin80|you\n|c|\u2606Martin80|dont\n|c|\u2606Martin80|DIE!\n|inactive|Martin80 has 120 seconds left.\n|\n|t:|1701127893\n|move|p2a: Tinkaton|Helping Hand|p2b: Arboliva\n|-singleturn|p2b: Arboliva|Helping Hand|[of] p2a: Tinkaton\n|move|p1b: Braviary|Stored Power|p2b: Arboliva\n|-damage|p2b: Arboliva|59\/100\n|-fieldstart|move: Grassy Terrain|[from] ability: Seed Sower|[of] p2b: Arboliva\n|move|p1a: Clefable|Night Shade|p2a: Tinkaton\n|-damage|p2a: Tinkaton|2\/100\n|move|p2b: Arboliva|Giga Drain|p1b: Braviary\n|-resisted|p1b: Braviary\n|-damage|p1b: Braviary|9\/100\n|-heal|p2b: Arboliva|66\/100|[from] drain|[of] p1b: Braviary\n|\n|-heal|p2a: Tinkaton|9\/100|[from] Grassy Terrain\n|-heal|p2a: Tinkaton|15\/100|[from] item: Leftovers\n|-heal|p1b: Braviary|15\/100|[from] item: Leftovers\n|-heal|p1a: Clefable|82\/100|[from] Grassy Terrain\n|-heal|p1a: Clefable|88\/100|[from] item: Leftovers\n|-heal|p2b: Arboliva|72\/100|[from] Grassy Terrain\n|-damage|p1b: Braviary|2\/100|[from] Leech Seed|[of] p2b: Arboliva\n|-heal|p2b: Arboliva|84\/100|[silent]\n|-damage|p1a: Clefable|75\/100|[from] Leech Seed|[of] p2b: Arboliva\n|-heal|p2b: Arboliva|96\/100|[silent]\n|-damage|p1b: Braviary|0 fnt|[from] Salt Cure\n|faint|p1b: Braviary\n|upkeep\n|turn|24\n|inactive|Martin80 has 120 seconds left.\n|c|\u2606Martin80|FINALLY\n|\n|t:|1701127925\n|move|p2a: Tinkaton|Skitter Smack|p1a: Clefable\n|-resisted|p1a: Clefable\n|-damage|p1a: Clefable|73\/100\n|-unboost|p1a: Clefable|spa|1\n|move|p1a: Clefable|Night Shade|p2a: Tinkaton\n|-damage|p2a: Tinkaton|0 fnt\n|faint|p2a: Tinkaton\n|move|p2b: Arboliva|Giga Drain|p1a: Clefable\n|-damage|p1a: Clefable|64\/100\n|-heal|p2b: Arboliva|99\/100|[from] drain|[of] p1a: Clefable\n|\n|-heal|p1a: Clefable|70\/100|[from] Grassy Terrain\n|-heal|p1a: Clefable|76\/100|[from] item: Leftovers\n|-heal|p2b: Arboliva|100\/100|[from] Grassy Terrain\n|-damage|p1a: Clefable|63\/100|[from] Leech Seed|[of] p2b: Arboliva\n|upkeep\n|\n|t:|1701127941\n|switch|p2a: Bichota|Lokix, F, shiny|100\/100\n|turn|25\n|inactive|Martin80 has 120 seconds left.\n|\n|t:|1701127951\n|move|p2a: Bichota|Knock Off|p1a: Clefable\n|-resisted|p1a: Clefable\n|-damage|p1a: Clefable|49\/100\n|-enditem|p1a: Clefable|Leftovers|[from] move: Knock Off|[of] p2a: Bichota\n|move|p1a: Clefable|Stored Power|p2b: Arboliva\n|-damage|p2b: Arboliva|68\/100\n|move|p2b: Arboliva|Giga Drain|p1a: Clefable\n|-damage|p1a: Clefable|40\/100\n|-heal|p2b: Arboliva|72\/100|[from] drain|[of] p1a: Clefable\n|\n|-heal|p1a: Clefable|46\/100|[from] Grassy Terrain\n|-heal|p2b: Arboliva|79\/100|[from] Grassy Terrain\n|-damage|p1a: Clefable|34\/100|[from] Leech Seed|[of] p2b: Arboliva\n|-heal|p2b: Arboliva|90\/100|[silent]\n|upkeep\n|turn|26\n|\n|t:|1701127967\n|move|p2a: Bichota|Knock Off|p1a: Clefable\n|-resisted|p1a: Clefable\n|-damage|p1a: Clefable|22\/100\n|move|p1a: Clefable|Stored Power|p2b: Arboliva\n|-damage|p2b: Arboliva|63\/100\n|move|p2b: Arboliva|Giga Drain|p1a: Clefable\n|-damage|p1a: Clefable|13\/100\n|-heal|p2b: Arboliva|67\/100|[from] drain|[of] p1a: Clefable\n|\n|-heal|p1a: Clefable|19\/100|[from] Grassy Terrain\n|-heal|p2b: Arboliva|73\/100|[from] Grassy Terrain\n|-damage|p1a: Clefable|7\/100|[from] Leech Seed|[of] p2b: Arboliva\n|-heal|p2b: Arboliva|84\/100|[silent]\n|upkeep\n|turn|27\n|inactive|eldonas265 has 120 seconds left.\n|\n|t:|1701128003\n|move|p2a: Bichota|Knock Off|p1a: Clefable\n|-resisted|p1a: Clefable\n|-damage|p1a: Clefable|0 fnt\n|faint|p1a: Clefable\n|\n|win|Martin80\n|raw|eldonas265's rating: 1040 &rarr; <strong>1031<\/strong><br \/>(-9 for losing)\n|raw|Martin80's rating: 1196 &rarr; <strong>1210<\/strong><br \/>(+14 for winning)\n","uploadtime":1701128009,"views":5,"p1id":"eldonas265","p2id":"martin80","formatid":"gen9doublesou","rating":1031,"private":0,"password":""}