{"id":"gen9doublesou-1989680048","p1":"Bokiki","p2":"Ikisek","format":"[Gen 9] Doubles OU","log":"|j|\u2606Bokiki\n|j|\u2606Ikisek\n|t:|1699886223\n|gametype|doubles\n|player|p1|Bokiki|1|\n|player|p2|Ikisek|266|\n|teamsize|p1|6\n|teamsize|p2|6\n|gen|9\n|tier|[Gen 9] Doubles OU\n|rule|Species Clause: Limit one of each Pok\u00e9mon\n|rule|OHKO Clause: OHKO moves are banned\n|rule|Evasion Moves Clause: Evasion moves are banned\n|rule|Gravity Sleep Clause: The combination of sleep-inducing moves with imperfect accuracy and Gravity or Gigantamax Orbeetle are banned\n|rule|Endless Battle Clause: Forcing endless battles is banned\n|rule|HP Percentage Mod: HP is shown in percentages\n|clearpoke\n|poke|p1|Lucario, M|\n|poke|p1|Garganacl, M|\n|poke|p1|Armarouge, M|\n|poke|p1|Dragalge, F|\n|poke|p1|Noivern, M|\n|poke|p1|Garchomp, F|\n|poke|p2|Breloom, M|\n|poke|p2|Cinderace, M|\n|poke|p2|Gholdengo|\n|poke|p2|Arcanine-Hisui, M|\n|poke|p2|Grafaiai, M|\n|poke|p2|Dragonite, F|\n|teampreview\n|\n|t:|1699886234\n|start\n|switch|p1a: Dragalge|Dragalge, F|100\/100\n|switch|p1b: Noivern|Noivern, M, shiny|100\/100\n|switch|p2a: Mario|Breloom, M, shiny|100\/100\n|switch|p2b: Paco|Grafaiai, M|100\/100\n|turn|1\n|\n|t:|1699886261\n|move|p2b: Paco|Toxic|p2a: Mario\n|-status|p2a: Mario|tox\n|move|p1b: Noivern|Air Slash|p2a: Mario\n|-supereffective|p2a: Mario\n|-damage|p2a: Mario|0 fnt\n|faint|p2a: Mario\n|move|p1a: Dragalge|Venoshock|p2b: Paco\n|-resisted|p2b: Paco\n|-damage|p2b: Paco|72\/100\n|\n|upkeep\n|\n|t:|1699886275\n|switch|p2a: Alonso|Arcanine-Hisui, M, shiny|100\/100\n|turn|2\n|\n|t:|1699886297\n|-terastallize|p2a: Alonso|Rock\n|move|p2b: Paco|Knock Off|p1a: Dragalge\n|-damage|p1a: Dragalge|65\/100\n|-enditem|p1a: Dragalge|Poison Barb|[from] move: Knock Off|[of] p2b: Paco\n|move|p1b: Noivern|Dragon Pulse|p2b: Paco\n|-damage|p2b: Paco|0 fnt\n|faint|p2b: Paco\n|move|p2a: Alonso|Head Smash|p1b: Noivern|[miss]\n|-miss|p2a: Alonso|p1b: Noivern\n|move|p1a: Dragalge|Scald|p2a: Alonso\n|-supereffective|p2a: Alonso\n|-crit|p2a: Alonso\n|-damage|p2a: Alonso|7\/100\n|-status|p2a: Alonso|brn\n|\n|-damage|p2a: Alonso|1\/100 brn|[from] brn\n|upkeep\n|\n|t:|1699886316\n|switch|p2b: Cristiano|Cinderace, M|100\/100\n|turn|3\n|\n|t:|1699886350\n|move|p2b: Cristiano|Acrobatics|p1a: Dragalge\n|-start|p2b: Cristiano|typechange|Flying|[from] ability: Libero\n|-damage|p1a: Dragalge|29\/100\n|move|p1b: Noivern|Dragon Pulse|p2a: Alonso\n|-damage|p2a: Alonso|0 fnt\n|faint|p2a: Alonso\n|move|p1a: Dragalge|Toxic|p2b: Cristiano\n|-status|p2b: Cristiano|tox\n|\n|-damage|p2b: Cristiano|95\/100 tox|[from] psn\n|upkeep\n|\n|t:|1699886362\n|switch|p2a: Sarah|Dragonite, F|100\/100\n|turn|4\n|\n|t:|1699886374\n|-terastallize|p1a: Dragalge|Poison\n|move|p2b: Cristiano|Acrobatics|p1b: Noivern\n|-damage|p1b: Noivern|62\/100\n|move|p1b: Noivern|Dragon Pulse|p2a: Sarah\n|-supereffective|p2a: Sarah\n|-damage|p2a: Sarah|48\/100\n|-enditem|p2a: Sarah|Weakness Policy\n|-boost|p2a: Sarah|atk|2|[from] item: Weakness Policy\n|-boost|p2a: Sarah|spa|2|[from] item: Weakness Policy\n|move|p2a: Sarah|Earthquake|p1b: Noivern|[spread] p1a\n|-immune|p2b: Cristiano\n|-immune|p1b: Noivern\n|-supereffective|p1a: Dragalge\n|-damage|p1a: Dragalge|0 fnt\n|faint|p1a: Dragalge\n|\n|-damage|p2b: Cristiano|83\/100 tox|[from] psn\n|upkeep\n|\n|t:|1699886394\n|switch|p1a: Garchomp|Garchomp, F|100\/100\n|turn|5\n|\n|t:|1699886411\n|move|p2a: Sarah|Extreme Speed|p1b: Noivern\n|-damage|p1b: Noivern|0 fnt\n|faint|p1b: Noivern\n|move|p2b: Cristiano|Acrobatics|p1a: Garchomp\n|-crit|p1a: Garchomp\n|-damage|p1a: Garchomp|61\/100\n|-damage|p2b: Cristiano|70\/100 tox|[from] ability: Rough Skin|[of] p1a: Garchomp\n|-damage|p2b: Cristiano|54\/100 tox|[from] item: Rocky Helmet|[of] p1a: Garchomp\n|move|p1a: Garchomp|Earthquake|p2a: Sarah|[spread] \n|-immune|p2a: Sarah\n|-immune|p2b: Cristiano\n|\n|-damage|p2b: Cristiano|36\/100 tox|[from] psn\n|upkeep\n|\n|t:|1699886423\n|switch|p1b: Garganacl|Garganacl, M|100\/100\n|turn|6\n|\n|t:|1699886429\n|move|p1b: Garganacl|Protect|p1b: Garganacl\n|-singleturn|p1b: Garganacl|Protect\n|move|p2b: Cristiano|Acrobatics|p1a: Garchomp\n|-damage|p1a: Garchomp|36\/100\n|-damage|p2b: Cristiano|23\/100 tox|[from] ability: Rough Skin|[of] p1a: Garchomp\n|-damage|p2b: Cristiano|7\/100 tox|[from] item: Rocky Helmet|[of] p1a: Garchomp\n|move|p2a: Sarah|Earthquake|p1b: Garganacl|[spread] p1a\n|-activate|p1b: Garganacl|move: Protect\n|-immune|p2b: Cristiano\n|-damage|p1a: Garchomp|0 fnt\n|faint|p1a: Garchomp\n|\n|-damage|p2b: Cristiano|0 fnt|[from] psn\n|faint|p2b: Cristiano\n|upkeep\n|\n|t:|1699886445\n|switch|p2b: Mariano|Gholdengo|100\/100\n|switch|p1a: Rafael|Lucario, M|100\/100\n|turn|7\n|\n|t:|1699886455\n|move|p2b: Mariano|Protect|p2b: Mariano\n|-singleturn|p2b: Mariano|Protect\n|move|p1a: Rafael|Dragon Pulse|p2a: Sarah\n|-supereffective|p2a: Sarah\n|-damage|p2a: Sarah|0 fnt\n|faint|p2a: Sarah\n|move|p1b: Garganacl|Salt Cure|p2b: Mariano\n|-activate|p2b: Mariano|move: Protect\n|\n|upkeep\n|turn|8\n|\n|t:|1699886477\n|move|p1a: Rafael|Dark Pulse|p2b: Mariano\n|-supereffective|p2b: Mariano\n|-damage|p2b: Mariano|47\/100\n|cant|p2b: Mariano|flinch\n|move|p1b: Garganacl|Salt Cure|p2b: Mariano\n|-resisted|p2b: Mariano\n|-damage|p2b: Mariano|41\/100\n|-start|p2b: Mariano|Salt Cure\n|\n|-heal|p2b: Mariano|47\/100|[from] item: Leftovers\n|-damage|p2b: Mariano|22\/100|[from] Salt Cure\n|upkeep\n|turn|9\n|\n|t:|1699886490\n|move|p1b: Garganacl|Protect|p1b: Garganacl\n|-singleturn|p1b: Garganacl|Protect\n|move|p1a: Rafael|Dark Pulse|p2b: Mariano\n|-supereffective|p2b: Mariano\n|-damage|p2b: Mariano|0 fnt\n|faint|p2b: Mariano\n|\n|win|Bokiki\n|l|\u2606Ikisek\n","uploadtime":1699886574,"views":11,"p1id":"bokiki","p2id":"ikisek","formatid":"gen9doublesou","rating":0,"private":0,"password":""}