{"id":"gen9doublesou-1986429259","p1":"screaming_g0at","p2":"samsitoconpan","format":"[Gen 9] Doubles OU","log":"|j|\u2606screaming_g0at\n|j|\u2606samsitoconpan\n|t:|1699478375\n|gametype|doubles\n|player|p1|screaming_g0at|bellelba|1176\n|player|p2|samsitoconpan|marshal|1154\n|teamsize|p1|6\n|teamsize|p2|6\n|gen|9\n|tier|[Gen 9] Doubles OU\n|rated|\n|rule|Species Clause: Limit one of each Pok\u00e9mon\n|rule|OHKO Clause: OHKO moves are banned\n|rule|Evasion Moves Clause: Evasion moves are banned\n|rule|Gravity Sleep Clause: The combination of sleep-inducing moves with imperfect accuracy and Gravity or Gigantamax Orbeetle are banned\n|rule|Endless Battle Clause: Forcing endless battles is banned\n|rule|HP Percentage Mod: HP is shown in percentages\n|clearpoke\n|poke|p1|Enamorus, F|\n|poke|p1|Illumise, F|\n|poke|p1|Flamigo, F|\n|poke|p1|Maushold-Four|\n|poke|p1|Salazzle, F|\n|poke|p1|Tsareena, F|\n|poke|p2|Torkoal, M|\n|poke|p2|Tornadus, M|\n|poke|p2|Lilligant-Hisui, F|\n|poke|p2|Arcanine-Hisui, M|\n|poke|p2|Walking Wake|\n|poke|p2|Flutter Mane|\n|teampreview\n|\n|t:|1699478403\n|start\n|switch|p1a: Illumise|Illumise, F|100\/100\n|switch|p1b: Enamorus|Enamorus, F|100\/100\n|switch|p2a: Flutter Mane|Flutter Mane, shiny|100\/100\n|switch|p2b: Torkoal|Torkoal, M, shiny|100\/100\n|-weather|SunnyDay|[from] ability: Drought|[of] p2b: Torkoal\n|-activate|p2a: Flutter Mane|ability: Protosynthesis\n|-start|p2a: Flutter Mane|protosynthesisspe\n|turn|1\n|\n|t:|1699478418\n|move|p1b: Enamorus|Protect|p1b: Enamorus\n|-singleturn|p1b: Enamorus|Protect\n|move|p1a: Illumise|Tailwind|p1a: Illumise\n|-sidestart|p1: screaming_g0at|move: Tailwind\n|move|p2a: Flutter Mane|Icy Wind|p1a: Illumise|[spread] p1a\n|-activate|p1b: Enamorus|move: Protect\n|-damage|p1a: Illumise|71\/100\n|-unboost|p1a: Illumise|spe|1\n|move|p2b: Torkoal|Eruption|p1b: Enamorus|[spread] p1a\n|-activate|p1b: Enamorus|move: Protect\n|-supereffective|p1a: Illumise\n|-damage|p1a: Illumise|0 fnt\n|faint|p1a: Illumise\n|\n|-weather|SunnyDay|[upkeep]\n|upkeep\n|\n|t:|1699478425\n|switch|p1a: Salazzle|Salazzle, F, shiny|100\/100\n|-item|p1a: Salazzle|Air Balloon\n|turn|2\n|\n|t:|1699478435\n|switch|p2b: Walking Wake|Walking Wake|100\/100\n|-activate|p2b: Walking Wake|ability: Protosynthesis\n|-start|p2b: Walking Wake|protosynthesisspa\n|-terastallize|p1b: Enamorus|Steel\n|move|p1a: Salazzle|Fake Out|p2b: Walking Wake\n|-damage|p2b: Walking Wake|90\/100\n|move|p1b: Enamorus|Superpower|p2b: Walking Wake\n|-damage|p2b: Walking Wake|51\/100\n|-boost|p1b: Enamorus|atk|1\n|-boost|p1b: Enamorus|def|1\n|move|p2a: Flutter Mane|Icy Wind|p1a: Salazzle|[spread] p1a,p1b\n|-resisted|p1a: Salazzle\n|-resisted|p1b: Enamorus\n|-damage|p1a: Salazzle|83\/100\n|-damage|p1b: Enamorus|87\/100\n|-unboost|p1a: Salazzle|spe|1\n|-boost|p1b: Enamorus|spe|1\n|-enditem|p1a: Salazzle|Air Balloon\n|\n|-weather|SunnyDay|[upkeep]\n|-heal|p1b: Enamorus|93\/100|[from] item: Leftovers\n|upkeep\n|turn|3\n|\n|t:|1699478462\n|-end|p2a: Flutter Mane|Protosynthesis|[silent]\n|switch|p2a: Arcanine|Arcanine-Hisui, M|100\/100\n|-ability|p2a: Arcanine|Intimidate|boost\n|-fail|p1a: Salazzle|unboost|Attack|[from] ability: Oblivious|[of] p1a: Salazzle\n|-boost|p1b: Enamorus|atk|1\n|move|p1b: Enamorus|Tera Blast|p2a: Arcanine|[anim] Tera Blast Steel\n|-damage|p2a: Arcanine|30\/100\n|move|p2b: Walking Wake|Hydro Steam|p1a: Salazzle\n|-supereffective|p1a: Salazzle\n|-damage|p1a: Salazzle|0 fnt\n|faint|p1a: Salazzle\n|\n|-weather|SunnyDay|[upkeep]\n|-heal|p1b: Enamorus|99\/100|[from] item: Leftovers\n|upkeep\n|\n|t:|1699478466\n|switch|p1a: Flamigo|Flamigo, F|100\/100\n|-copyboost|p1a: Flamigo|p1b: Enamorus|[from] ability: Costar\n|turn|4\n|c|\u2606samsitoconpan|bro\n|c|\u2606screaming_g0at|what\n|\n|t:|1699478483\n|move|p1b: Enamorus|Play Rough|p2b: Walking Wake\n|-supereffective|p2b: Walking Wake\n|-damage|p2b: Walking Wake|0 fnt\n|faint|p2b: Walking Wake\n|-end|p2b: Walking Wake|Protosynthesis|[silent]\n|move|p1a: Flamigo|Close Combat|p2a: Arcanine\n|-supereffective|p2a: Arcanine\n|-damage|p2a: Arcanine|0 fnt\n|-unboost|p1a: Flamigo|def|1\n|-unboost|p1a: Flamigo|spd|1\n|-enditem|p1a: Flamigo|White Herb\n|-clearnegativeboost|p1a: Flamigo|[silent]\n|faint|p2a: Arcanine\n|\n|-weather|SunnyDay|[upkeep]\n|-heal|p1b: Enamorus|100\/100|[from] item: Leftovers\n|-sideend|p1: screaming_g0at|move: Tailwind\n|upkeep\n|c|\u2606samsitoconpan|forgive me god\n|\n|t:|1699478492\n|switch|p2b: Lilligant|Lilligant-Hisui, F, shiny|100\/100\n|switch|p2a: Tornadus|Tornadus, M, shiny|100\/100\n|turn|5\n|c|\u2606screaming_g0at|what!!\n|\n|t:|1699478499\n|move|p1b: Enamorus|Protect|p1b: Enamorus\n|-singleturn|p1b: Enamorus|Protect\n|move|p1a: Flamigo|Protect|p1a: Flamigo\n|-singleturn|p1a: Flamigo|Protect\n|move|p2a: Tornadus|Tailwind|p2a: Tornadus\n|-sidestart|p2: samsitoconpan|move: Tailwind\n|move|p2b: Lilligant|Close Combat|p1b: Enamorus\n|-activate|p1b: Enamorus|move: Protect\n|\n|-weather|none\n|upkeep\n|turn|6\n|\n|t:|1699478507\n|move|p2a: Tornadus|Sunny Day|p2a: Tornadus\n|-weather|SunnyDay\n|move|p2b: Lilligant|Close Combat|p1b: Enamorus\n|-supereffective|p1b: Enamorus\n|-damage|p1b: Enamorus|0 fnt\n|-unboost|p2b: Lilligant|def|1\n|-unboost|p2b: Lilligant|spd|1\n|faint|p1b: Enamorus\n|move|p1a: Flamigo|Acrobatics|p2b: Lilligant\n|-supereffective|p2b: Lilligant\n|-enditem|p2b: Lilligant|Focus Sash\n|-damage|p2b: Lilligant|1\/100\n|\n|-weather|SunnyDay|[upkeep]\n|upkeep\n|\n|t:|1699478513\n|switch|p1b: Maushold|Maushold-Four|100\/100\n|turn|7\n|\n|t:|1699478522\n|move|p1b: Maushold|Follow Me|p1b: Maushold\n|-singleturn|p1b: Maushold|move: Follow Me\n|move|p2b: Lilligant|Close Combat|p1b: Maushold\n|-supereffective|p1b: Maushold\n|-damage|p1b: Maushold|0 fnt\n|-unboost|p2b: Lilligant|def|1\n|-unboost|p2b: Lilligant|spd|1\n|faint|p1b: Maushold\n|move|p2a: Tornadus|Bleakwind Storm|p1a: Flamigo\n|-supereffective|p1a: Flamigo\n|-crit|p1a: Flamigo\n|-damage|p1a: Flamigo|0 fnt\n|faint|p1a: Flamigo\n|\n|-weather|SunnyDay|[upkeep]\n|upkeep\n|\n|t:|1699478525\n|switch|p1b: Tsareena|Tsareena, F|100\/100\n|turn|8\n|\n|t:|1699478535\n|move|p2b: Lilligant|Close Combat|p1b: Tsareena\n|-damage|p1b: Tsareena|30\/100\n|-unboost|p2b: Lilligant|def|1\n|-unboost|p2b: Lilligant|spd|1\n|move|p2a: Tornadus|Bleakwind Storm|p1b: Tsareena\n|-supereffective|p1b: Tsareena\n|-damage|p1b: Tsareena|0 fnt\n|faint|p1b: Tsareena\n|\n|win|samsitoconpan\n|raw|screaming_g0at's rating: 1176 &rarr; <strong>1149<\/strong><br \/>(-27 for losing)\n|raw|samsitoconpan's rating: 1154 &rarr; <strong>1181<\/strong><br \/>(+27 for winning)\n|l|\u2606screaming_g0at\n|c|\u2606samsitoconpan|bro\n","uploadtime":1699478550,"views":18,"p1id":"screamingg0at","p2id":"samsitoconpan","formatid":"gen9doublesou","rating":1149,"private":0,"password":""}