{"id":"gen9doublesou-1967804534","p1":"Ryyy21","p2":"Black_Kamui9","format":"[Gen 9] Doubles OU","log":"|html|<div class=\"broadcast-blue\"><strong>[Gen 9] Doubles OU is currently suspecting Basculegion & Flutter Mane! For information on how to participate check out the <a href=\"https:\/\/www.smogon.com\/forums\/threads\/np-sv-dou-stage-8-double-trouble.3729153\/\">suspect thread<\/a>.<\/strong><\/div>\n|j|\u2606Ryyy21\n|j|\u2606Black_Kamui9\n|t:|1697340534\n|gametype|doubles\n|player|p1|Ryyy21|101|1192\n|player|p2|Black_Kamui9|ingo|1245\n|teamsize|p1|6\n|teamsize|p2|6\n|gen|9\n|tier|[Gen 9] Doubles OU\n|rated|\n|rule|Species Clause: Limit one of each Pok\u00e9mon\n|rule|OHKO Clause: OHKO moves are banned\n|rule|Evasion Moves Clause: Evasion moves are banned\n|rule|Gravity Sleep Clause: The combination of sleep-inducing moves with imperfect accuracy and Gravity or Gigantamax Orbeetle are banned\n|rule|Endless Battle Clause: Forcing endless battles is banned\n|rule|HP Percentage Mod: HP is shown in percentages\n|clearpoke\n|poke|p1|Glimmora, M|\n|poke|p1|Goodra-Hisui, M|\n|poke|p1|Gholdengo|\n|poke|p1|Ogerpon-Hearthflame, F|\n|poke|p1|Gliscor, F|\n|poke|p1|Baxcalibur, M|\n|poke|p2|Mismagius, F|\n|poke|p2|Gholdengo|\n|poke|p2|Infernape, F|\n|poke|p2|Gothitelle, F|\n|poke|p2|Murkrow, F|\n|poke|p2|Kommo-o, F|\n|teampreview\n|\n|t:|1697340545\n|start\n|switch|p1a: Glimmora|Glimmora, M|100\/100\n|switch|p1b: Gliscor|Gliscor, F|100\/100\n|switch|p2a: Mismagius|Mismagius, F|100\/100\n|switch|p2b: Gothitelle|Gothitelle, F, shiny|100\/100\n|-item|p1a: Glimmora|Focus Sash|[from] ability: Frisk|[of] p2b: Gothitelle|[identify]\n|-item|p1b: Gliscor|Toxic Orb|[from] ability: Frisk|[of] p2b: Gothitelle|[identify]\n|turn|1\n|\n|t:|1697340567\n|move|p2a: Mismagius|Perish Song|p2a: Mismagius\n|-start|p1a: Glimmora|perish3|[silent]\n|-start|p1b: Gliscor|perish3|[silent]\n|-start|p2a: Mismagius|perish3|[silent]\n|-start|p2b: Gothitelle|perish3|[silent]\n|-fieldactivate|move: Perish Song\n|move|p1b: Gliscor|Knock Off|p2b: Gothitelle\n|-supereffective|p2b: Gothitelle\n|-damage|p2b: Gothitelle|52\/100\n|-enditem|p2b: Gothitelle|Iapapa Berry|[from] move: Knock Off|[of] p1b: Gliscor\n|move|p1a: Glimmora|Stealth Rock|p2a: Mismagius\n|-sidestart|p2: Black_Kamui9|move: Stealth Rock\n|move|p2b: Gothitelle|Psyshock|p1a: Glimmora\n|-supereffective|p1a: Glimmora\n|-damage|p1a: Glimmora|45\/100\n|\n|-start|p2a: Mismagius|perish3\n|-start|p1b: Gliscor|perish3\n|-start|p1a: Glimmora|perish3\n|-start|p2b: Gothitelle|perish3\n|-status|p1b: Gliscor|tox|[from] item: Toxic Orb\n|upkeep\n|turn|2\n|\n|t:|1697340607\n|switch|p2a: Gholdengo|Gholdengo|100\/100\n|-damage|p2a: Gholdengo|94\/100|[from] Stealth Rock\n|move|p1a: Glimmora|Spiky Shield|p1a: Glimmora\n|-singleturn|p1a: Glimmora|move: Protect\n|move|p1b: Gliscor|Knock Off|p2a: Gholdengo\n|-supereffective|p2a: Gholdengo\n|-damage|p2a: Gholdengo|39\/100\n|-enditem|p2a: Gholdengo|Life Orb|[from] move: Knock Off|[of] p1b: Gliscor\n|move|p2b: Gothitelle|Psyshock|p1a: Glimmora\n|-activate|p1a: Glimmora|move: Protect\n|\n|-start|p1b: Gliscor|perish2\n|-start|p1a: Glimmora|perish2\n|-start|p2b: Gothitelle|perish2\n|upkeep\n|turn|3\n|\n|t:|1697340630\n|switch|p1b: Gholdengo|Gholdengo|100\/100\n|switch|p1a: Goodra|Goodra-Hisui, M|100\/100\n|move|p2a: Gholdengo|Hex|p1b: Gholdengo\n|-supereffective|p1b: Gholdengo\n|-damage|p1b: Gholdengo|26\/100\n|move|p2b: Gothitelle|Heal Pulse|p2a: Gholdengo\n|-immune|p2a: Gholdengo|[from] ability: Good as Gold\n|\n|-start|p2b: Gothitelle|perish1\n|upkeep\n|turn|4\n|\n|t:|1697340657\n|switch|p2b: Mismagius|Mismagius, F|100\/100\n|-damage|p2b: Mismagius|88\/100|[from] Stealth Rock\n|move|p1b: Gholdengo|Shadow Ball|p2a: Gholdengo\n|-supereffective|p2a: Gholdengo\n|-damage|p2a: Gholdengo|0 fnt\n|faint|p2a: Gholdengo\n|move|p1a: Goodra|Acid Armor|p1a: Goodra\n|-boost|p1a: Goodra|def|2\n|\n|upkeep\n|\n|t:|1697340669\n|switch|p2a: Kommo-o|Kommo-o, F|100\/100\n|-damage|p2a: Kommo-o|94\/100|[from] Stealth Rock\n|turn|5\n|\n|t:|1697340696\n|move|p2b: Mismagius|Dark Pulse|p1b: Gholdengo\n|-supereffective|p1b: Gholdengo\n|-damage|p1b: Gholdengo|0 fnt\n|faint|p1b: Gholdengo\n|move|p2a: Kommo-o|Dragon Dance|p2a: Kommo-o\n|-boost|p2a: Kommo-o|atk|1\n|-boost|p2a: Kommo-o|spe|1\n|move|p1a: Goodra|Body Press|p2a: Kommo-o\n|-damage|p2a: Kommo-o|63\/100\n|\n|upkeep\n|\n|t:|1697340711\n|switch|p1b: Gliscor|Gliscor, F|100\/100 tox\n|turn|6\n|\n|t:|1697340721\n|move|p2b: Mismagius|Dark Pulse|p1b: Gliscor\n|-damage|p1b: Gliscor|59\/100 tox\n|move|p2a: Kommo-o|Drain Punch|p1a: Goodra\n|-supereffective|p1a: Goodra\n|-damage|p1a: Goodra|54\/100\n|-heal|p2a: Kommo-o|92\/100|[from] drain|[of] p1a: Goodra\n|move|p1b: Gliscor|Tailwind|p1b: Gliscor\n|-sidestart|p1: Ryyy21|move: Tailwind\n|move|p1a: Goodra|Acid Armor|p1a: Goodra\n|-boost|p1a: Goodra|def|2\n|\n|-heal|p1a: Goodra|60\/100|[from] item: Leftovers\n|-heal|p1b: Gliscor|71\/100 tox|[from] ability: Poison Heal\n|upkeep\n|turn|7\n|\n|t:|1697340738\n|move|p1b: Gliscor|Knock Off|p2a: Kommo-o\n|-resisted|p2a: Kommo-o\n|-damage|p2a: Kommo-o|80\/100\n|-enditem|p2a: Kommo-o|Covert Cloak|[from] move: Knock Off|[of] p1b: Gliscor\n|move|p2b: Mismagius|Dark Pulse|p1b: Gliscor\n|-crit|p1b: Gliscor\n|-damage|p1b: Gliscor|10\/100 tox\n|move|p2a: Kommo-o|Dragon Dance|p2a: Kommo-o\n|-boost|p2a: Kommo-o|atk|1\n|-boost|p2a: Kommo-o|spe|1\n|move|p1a: Goodra|Life Dew|p1a: Goodra|[spread] p1a,p1b\n|-heal|p1a: Goodra|85\/100\n|-heal|p1b: Gliscor|35\/100 tox\n|\n|-heal|p1a: Goodra|91\/100|[from] item: Leftovers\n|-heal|p1b: Gliscor|47\/100 tox|[from] ability: Poison Heal\n|upkeep\n|turn|8\n|\n|t:|1697340759\n|move|p1b: Gliscor|Knock Off|p2b: Mismagius\n|-supereffective|p2b: Mismagius\n|-damage|p2b: Mismagius|0 fnt\n|-enditem|p2b: Mismagius|Choice Scarf|[from] move: Knock Off|[of] p1b: Gliscor\n|faint|p2b: Mismagius\n|move|p2a: Kommo-o|Drain Punch|p1a: Goodra\n|-supereffective|p1a: Goodra\n|-damage|p1a: Goodra|47\/100\n|-heal|p2a: Kommo-o|100\/100|[from] drain|[of] p1a: Goodra\n|move|p1a: Goodra|Life Dew|p1a: Goodra|[spread] p1a,p1b\n|-heal|p1a: Goodra|72\/100\n|-heal|p1b: Gliscor|72\/100 tox\n|\n|-heal|p1a: Goodra|78\/100|[from] item: Leftovers\n|-heal|p1b: Gliscor|85\/100 tox|[from] ability: Poison Heal\n|upkeep\n|\n|t:|1697340774\n|switch|p2b: Murkrow|Murkrow, F|100\/100\n|-damage|p2b: Murkrow|76\/100|[from] Stealth Rock\n|turn|9\n|\n|t:|1697340784\n|move|p2b: Murkrow|Tailwind|p2b: Murkrow\n|-sidestart|p2: Black_Kamui9|move: Tailwind\n|move|p2a: Kommo-o|Drain Punch|p1a: Goodra\n|-supereffective|p1a: Goodra\n|-damage|p1a: Goodra|35\/100\n|move|p1b: Gliscor|High Horsepower|p2a: Kommo-o\n|-damage|p2a: Kommo-o|69\/100\n|move|p1a: Goodra|Heavy Slam|p2b: Murkrow\n|-damage|p2b: Murkrow|37\/100\n|\n|-heal|p1a: Goodra|41\/100|[from] item: Leftovers\n|-heal|p1b: Gliscor|97\/100 tox|[from] ability: Poison Heal\n|-sideend|p1: Ryyy21|move: Tailwind\n|upkeep\n|turn|10\n|\n|t:|1697340808\n|move|p2b: Murkrow|Perish Song|p2b: Murkrow\n|-start|p1a: Goodra|perish3|[silent]\n|-start|p1b: Gliscor|perish3|[silent]\n|-immune|p2a: Kommo-o|[from] ability: Soundproof\n|-start|p2b: Murkrow|perish3|[silent]\n|-fieldactivate|move: Perish Song\n|move|p2a: Kommo-o|Drain Punch|p1a: Goodra\n|-supereffective|p1a: Goodra\n|-damage|p1a: Goodra|0 fnt\n|-heal|p2a: Kommo-o|95\/100|[from] drain|[of] p1a: Goodra\n|faint|p1a: Goodra\n|move|p1b: Gliscor|High Horsepower|p2a: Kommo-o\n|-damage|p2a: Kommo-o|63\/100\n|\n|-heal|p1b: Gliscor|100\/100 tox|[from] ability: Poison Heal\n|-start|p2b: Murkrow|perish3\n|-start|p1b: Gliscor|perish3\n|upkeep\n|\n|t:|1697340827\n|switch|p1a: Ogerpon|Ogerpon-Hearthflame, F|100\/100\n|-ability|p1a: Ogerpon|Mold Breaker\n|turn|11\n|\n|t:|1697340836\n|-terastallize|p1a: Ogerpon|Fire\n|detailschange|p1a: Ogerpon|Ogerpon-Hearthflame-Tera, F, tera:Fire\n|-ability|p1a: Ogerpon|Embody Aspect (Hearthflame)|boost\n|-boost|p1a: Ogerpon|atk|1\n|move|p2b: Murkrow|Taunt|p1a: Ogerpon\n|-start|p1a: Ogerpon|move: Taunt\n|move|p2a: Kommo-o|Drain Punch|p1a: Ogerpon\n|-damage|p1a: Ogerpon|18\/100\n|-heal|p2a: Kommo-o|100\/100|[from] drain|[of] p1a: Ogerpon\n|move|p1a: Ogerpon|Ivy Cudgel|p2a: Kommo-o\n|-resisted|p2a: Kommo-o\n|-damage|p2a: Kommo-o|52\/100\n|move|p1b: Gliscor|Knock Off|p2b: Murkrow\n|-resisted|p2b: Murkrow\n|-damage|p2b: Murkrow|23\/100\n|-enditem|p2b: Murkrow|Eviolite|[from] move: Knock Off|[of] p1b: Gliscor\n|\n|-start|p2b: Murkrow|perish2\n|-start|p1b: Gliscor|perish2\n|upkeep\n|turn|12\n|\n|t:|1697340863\n|switch|p1b: Glimmora|Glimmora, M|45\/100\n|move|p2b: Murkrow|Mean Look|p1b: Glimmora\n|-activate|p1b: Glimmora|trapped\n|move|p2a: Kommo-o|Drain Punch|p1a: Ogerpon\n|-damage|p1a: Ogerpon|0 fnt\n|-heal|p2a: Kommo-o|61\/100|[from] drain|[of] p1a: Ogerpon\n|faint|p1a: Ogerpon\n|\n|-start|p2b: Murkrow|perish1\n|-sideend|p2: Black_Kamui9|move: Tailwind\n|upkeep\n|\n|t:|1697340872\n|switch|p1a: Baxcalibur|Baxcalibur, M|100\/100\n|turn|13\n|\n|t:|1697340883\n|switch|p2b: Gothitelle|Gothitelle, F, shiny|52\/100\n|-damage|p2b: Gothitelle|40\/100|[from] Stealth Rock\n|-item|p1a: Baxcalibur|Loaded Dice|[from] ability: Frisk|[of] p2b: Gothitelle|[identify]\n|-item|p1b: Glimmora|Focus Sash|[from] ability: Frisk|[of] p2b: Gothitelle|[identify]\n|move|p2a: Kommo-o|Drain Punch|p1a: Baxcalibur\n|-supereffective|p1a: Baxcalibur\n|-damage|p1a: Baxcalibur|0 fnt\n|-heal|p2a: Kommo-o|100\/100|[from] drain|[of] p1a: Baxcalibur\n|faint|p1a: Baxcalibur\n|move|p1b: Glimmora|Toxic|p2a: Kommo-o\n|-status|p2a: Kommo-o|tox\n|\n|-damage|p2a: Kommo-o|94\/100 tox|[from] psn\n|upkeep\n|\n|t:|1697340892\n|switch|p1a: Gliscor|Gliscor, F|100\/100 tox\n|turn|14\n|l|\u2606Ryyy21\n|player|p1|\n|inactive|Battle timer is ON: inactive players will automatically lose when time's up. (requested by Black_Kamui9)\n|inactive|Ryyy21 has 30 seconds to reconnect!\n|inactive|Ryyy21 has 20 seconds to reconnect!\n|inactive|Ryyy21 has 15 seconds to reconnect!\n|inactive|Ryyy21 has 10 seconds to reconnect!\n|inactive|Ryyy21 has 5 seconds to reconnect!\n|-message|Ryyy21 lost due to inactivity.\n|\n|win|Black_Kamui9\n|raw|Ryyy21's rating: 1192 &rarr; <strong>1171<\/strong><br \/>(-21 for losing)\n|raw|Black_Kamui9's rating: 1245 &rarr; <strong>1266<\/strong><br \/>(+21 for winning)\n","uploadtime":1697341032,"views":9,"p1id":"ryyy21","p2id":"blackkamui9","formatid":"gen9doublesou","rating":1171,"private":0,"password":""}