{"id":"gen9doublesou-1998716302","p1":"Kuzwa","p2":"marc9528","format":"[Gen 9] Doubles OU","log":"|j|\u2606Kuzwa\n|j|\u2606marc9528\n|t:|1700976966\n|gametype|doubles\n|player|p1|Kuzwa|pokemonbreeder-gen4|1185\n|player|p2|marc9528|1|1075\n|teamsize|p1|6\n|teamsize|p2|6\n|gen|9\n|tier|[Gen 9] Doubles OU\n|rated|\n|rule|Species Clause: Limit one of each Pok\u00e9mon\n|rule|OHKO Clause: OHKO moves are banned\n|rule|Evasion Moves Clause: Evasion moves are banned\n|rule|Gravity Sleep Clause: The combination of sleep-inducing moves with imperfect accuracy and Gravity or Gigantamax Orbeetle are banned\n|rule|Endless Battle Clause: Forcing endless battles is banned\n|rule|HP Percentage Mod: HP is shown in percentages\n|clearpoke\n|poke|p1|Gallade, M|\n|poke|p1|Glimmora, M|\n|poke|p1|Chien-Pao|\n|poke|p1|Sableye, M|\n|poke|p1|Iron Bundle|\n|poke|p1|Ogerpon-Wellspring, F|\n|poke|p2|Slowking-Galar, F|\n|poke|p2|Milotic, M|\n|poke|p2|Muk-Alola, F|\n|poke|p2|Weezing-Galar, M|\n|poke|p2|Dragapult, F|\n|poke|p2|Bombirdier, F|\n|teampreview\n|\n|t:|1700976975\n|start\n|switch|p1a: Tango|Iron Bundle|100\/100\n|switch|p1b: Rango|Sableye, M|100\/100\n|switch|p2a: Slowking|Slowking-Galar, F|100\/100\n|switch|p2b: Muk|Muk-Alola, F|100\/100\n|-enditem|p1a: Tango|Booster Energy\n|-activate|p1a: Tango|ability: Quark Drive|[fromitem]\n|-start|p1a: Tango|quarkdrivespe\n|turn|1\n|\n|t:|1700977004\n|move|p1b: Rango|Gravity|p1b: Rango\n|-fieldstart|move: Gravity\n|move|p1a: Tango|Hydro Pump|p2b: Muk\n|-damage|p2b: Muk|55\/100\n|move|p2b: Muk|Poison Jab|p1a: Tango\n|-damage|p1a: Tango|52\/100\n|move|p2a: Slowking|Snarl|p1a: Tango|[spread] p1a,p1b\n|-damage|p1a: Tango|29\/100\n|-damage|p1b: Rango|83\/100\n|-unboost|p1a: Tango|spa|1\n|-unboost|p1b: Rango|spa|1\n|\n|-heal|p2b: Muk|61\/100|[from] item: Black Sludge\n|upkeep\n|turn|2\n|\n|t:|1700977026\n|move|p1b: Rango|Will-O-Wisp|p2a: Slowking\n|-status|p2a: Slowking|brn\n|move|p1a: Tango|Hydro Pump|p2b: Muk\n|-damage|p2b: Muk|29\/100\n|move|p2b: Muk|Poison Jab|p1a: Tango\n|-damage|p1a: Tango|0 fnt\n|faint|p1a: Tango\n|-end|p1a: Tango|Quark Drive|[silent]\n|move|p2a: Slowking|Snarl|p1b: Rango\n|-damage|p1b: Rango|57\/100\n|-unboost|p1b: Rango|spa|1\n|\n|-heal|p2b: Muk|35\/100|[from] item: Black Sludge\n|-damage|p2a: Slowking|94\/100 brn|[from] brn\n|upkeep\n|\n|t:|1700977038\n|switch|p1a: Castro|Glimmora, M|100\/100\n|turn|3\n|\n|t:|1700977050\n|move|p1b: Rango|Helping Hand|p1a: Castro\n|-singleturn|p1a: Castro|Helping Hand|[of] p1b: Rango\n|move|p1a: Castro|Power Gem|p2a: Slowking\n|-damage|p2a: Slowking|44\/100 brn\n|move|p2b: Muk|Poison Jab|p1b: Rango\n|-resisted|p1b: Rango\n|-damage|p1b: Rango|39\/100\n|-status|p1b: Rango|psn\n|move|p2a: Slowking|Snarl|p1a: Castro|[spread] p1a,p1b\n|-damage|p1a: Castro|86\/100\n|-damage|p1b: Rango|21\/100 psn\n|-unboost|p1a: Castro|spa|1\n|-unboost|p1b: Rango|spa|1\n|-enditem|p1a: Castro|Air Balloon\n|\n|-heal|p2b: Muk|41\/100|[from] item: Black Sludge\n|-heal|p2a: Slowking|50\/100 brn|[from] item: Black Sludge\n|-damage|p1b: Rango|8\/100 psn|[from] psn\n|-damage|p2a: Slowking|44\/100 brn|[from] brn\n|upkeep\n|turn|4\n|inactive|Battle timer is ON: inactive players will automatically lose when time's up. (requested by Kuzwa)\n|inactive|marc9528 has 120 seconds left.\n|inactive|marc9528 has 90 seconds left.\n|inactive|marc9528 has 60 seconds left.\n|\n|t:|1700977194\n|switch|p1a: Eon|Chien-Pao|100\/100\n|-ability|p1a: Eon|Sword of Ruin\n|switch|p1b: Astro|Gallade, M|100\/100\n|switch|p2a: Bombirdier|Bombirdier, F|100\/100\n|move|p2b: Muk|Poison Jab|p1b: Astro\n|-damage|p1b: Astro|17\/100\n|-status|p1b: Astro|psn\n|\n|-heal|p2b: Muk|47\/100|[from] item: Black Sludge\n|-damage|p1b: Astro|5\/100 psn|[from] psn\n|upkeep\n|turn|5\n|\n|t:|1700977218\n|move|p1a: Eon|Ice Spinner|p2a: Bombirdier\n|-supereffective|p2a: Bombirdier\n|-damage|p2a: Bombirdier|0 fnt\n|faint|p2a: Bombirdier\n|move|p1b: Astro|Sacred Sword|p2b: Muk\n|-damage|p2b: Muk|0 fnt\n|faint|p2b: Muk\n|\n|-damage|p1b: Astro|0 fnt|[from] psn\n|faint|p1b: Astro\n|-fieldend|move: Gravity\n|upkeep\n|\n|t:|1700977230\n|switch|p1b: Castro|Glimmora, M|86\/100\n|switch|p2a: Slowking|Slowking-Galar, F|77\/100 brn\n|switch|p2b: Weezing|Weezing-Galar, M|100\/100\n|turn|6\n|inactive|marc9528 has 120 seconds left.\n|\n|t:|1700977267\n|move|p1a: Eon|Swords Dance|p1a: Eon\n|-boost|p1a: Eon|atk|2\n|move|p1b: Castro|Power Gem|p2b: Weezing\n|-damage|p2b: Weezing|43\/100\n|-enditem|p2b: Weezing|Sitrus Berry|[eat]\n|-heal|p2b: Weezing|68\/100|[from] item: Sitrus Berry\n|move|p2b: Weezing|Dazzling Gleam|p1b: Castro|[spread] p1a,p1b\n|-supereffective|p1a: Eon\n|-resisted|p1b: Castro\n|-damage|p1a: Eon|29\/100\n|-damage|p1b: Castro|71\/100\n|move|p2a: Slowking|Psyshock|p1b: Castro\n|-supereffective|p1b: Castro\n|-damage|p1b: Castro|0 fnt\n|faint|p1b: Castro\n|\n|-heal|p2a: Slowking|83\/100 brn|[from] item: Black Sludge\n|-damage|p2a: Slowking|77\/100 brn|[from] brn\n|upkeep\n|\n|t:|1700977278\n|switch|p1b: Neon|Ogerpon-Wellspring, F|100\/100\n|turn|7\n|\n|t:|1700977286\n|move|p1a: Eon|Ice Spinner|p2a: Slowking\n|-damage|p2a: Slowking|0 fnt\n|faint|p2a: Slowking\n|move|p1b: Neon|Ivy Cudgel|p2b: Weezing|[anim] Ivy Cudgel Water\n|-damage|p2b: Weezing|0 fnt\n|faint|p2b: Weezing\n|\n|upkeep\n|\n|t:|1700977299\n|switch|p2b: Dragapult|Dragapult, F|100\/100\n|switch|p2a: Milotic|Milotic, M|100\/100\n|turn|8\n|\n|t:|1700977315\n|move|p1a: Eon|Sucker Punch|p2b: Dragapult\n|-supereffective|p2b: Dragapult\n|-damage|p2b: Dragapult|0 fnt\n|faint|p2b: Dragapult\n|move|p1b: Neon|Swords Dance|p1b: Neon\n|-boost|p1b: Neon|atk|2\n|move|p2a: Milotic|Draining Kiss|p1a: Eon\n|-supereffective|p1a: Eon\n|-damage|p1a: Eon|0 fnt\n|faint|p1a: Eon\n|\n|upkeep\n|\n|t:|1700977320\n|switch|p1a: Rango|Sableye, M|8\/100 psn\n|turn|9\n|-message|marc9528 forfeited.\n|\n|win|Kuzwa\n|raw|Kuzwa's rating: 1185 &rarr; <strong>1202<\/strong><br \/>(+17 for winning)\n|raw|marc9528's rating: 1075 &rarr; <strong>1060<\/strong><br \/>(-15 for losing)\n|l|\u2606marc9528\n","uploadtime":1700977327,"views":6,"p1id":"kuzwa","p2id":"marc9528","formatid":"gen9doublesou","rating":1060,"private":0,"password":""}