{"id":"gen9doublesou-1984784768","p1":"5.anti","p2":"BlockPor232","format":"[Gen 9] Doubles OU","log":"|j|\u26065.anti\n|j|\u2606BlockPor232\n|t:|1699298772\n|gametype|doubles\n|player|p1|5.anti|gentleman-gen4|1245\n|player|p2|BlockPor232|swimmerf-gen4dp|1339\n|teamsize|p1|6\n|teamsize|p2|6\n|gen|9\n|tier|[Gen 9] Doubles OU\n|rated|\n|rule|Species Clause: Limit one of each Pok\u00e9mon\n|rule|OHKO Clause: OHKO moves are banned\n|rule|Evasion Moves Clause: Evasion moves are banned\n|rule|Gravity Sleep Clause: The combination of sleep-inducing moves with imperfect accuracy and Gravity or Gigantamax Orbeetle are banned\n|rule|Endless Battle Clause: Forcing endless battles is banned\n|rule|HP Percentage Mod: HP is shown in percentages\n|clearpoke\n|poke|p1|Chien-Pao|\n|poke|p1|Cresselia, F|\n|poke|p1|Tornadus, M|\n|poke|p1|Gholdengo|\n|poke|p1|Ogerpon-Hearthflame, F|\n|poke|p1|Indeedee-F, F|\n|poke|p2|Sinistcha-Masterpiece|\n|poke|p2|Farigiraf, M|\n|poke|p2|Torkoal, F|\n|poke|p2|Ursaluna-Bloodmoon, M|\n|poke|p2|Oranguru, M|\n|poke|p2|Iron Hands|\n|teampreview\n|inactive|Battle timer is ON: inactive players will automatically lose when time's up. (requested by BlockPor232)\n|\n|t:|1699298780\n|start\n|switch|p1a: Marx|Tornadus, M|100\/100\n|switch|p1b: Daruma|Ogerpon-Hearthflame, F|100\/100\n|switch|p2a: sam|Torkoal, F|100\/100\n|switch|p2b: mmm monkey|Oranguru, M|100\/100\n|-ability|p1b: Daruma|Mold Breaker\n|-weather|SunnyDay|[from] ability: Drought|[of] p2a: sam\n|turn|1\n|inactive|5.anti has 120 seconds left.\n|\n|t:|1699298813\n|move|p1a: Marx|Taunt|p2b: mmm monkey\n|-start|p2b: mmm monkey|move: Taunt\n|-enditem|p2b: mmm monkey|Mental Herb\n|-end|p2b: mmm monkey|move: Taunt\n|move|p1b: Daruma|Knock Off|p2a: sam\n|-damage|p2a: sam|70\/100\n|-enditem|p2a: sam|Charcoal|[from] move: Knock Off|[of] p1b: Daruma\n|move|p2a: sam|Earth Power|p1b: Daruma\n|-damage|p1b: Daruma|68\/100\n|move|p2b: mmm monkey|Trick Room|p2b: mmm monkey\n|-fieldstart|move: Trick Room|[of] p2b: mmm monkey\n|\n|-weather|SunnyDay|[upkeep]\n|upkeep\n|turn|2\n|inactive|5.anti has 120 seconds left.\n|\n|t:|1699298839\n|move|p1a: Marx|Protect|p1a: Marx\n|-singleturn|p1a: Marx|Protect\n|move|p2a: sam|Eruption|p1a: Marx|[spread] p1b\n|-activate|p1a: Marx|move: Protect\n|-damage|p1b: Daruma|13\/100\n|move|p2b: mmm monkey|Instruct|p2a: sam\n|-singleturn|p2a: sam|move: Instruct|[of] p2b: mmm monkey\n|move|p2a: sam|Eruption|p1b: Daruma|[spread] p1b\n|-activate|p1a: Marx|move: Protect\n|-damage|p1b: Daruma|0 fnt\n|faint|p1b: Daruma\n|\n|-weather|SunnyDay|[upkeep]\n|upkeep\n|inactive|5.anti has 120 seconds left.\n|\n|t:|1699298861\n|switch|p1b: Luminary|Cresselia, F|100\/100\n|turn|3\n|\n|t:|1699298870\n|move|p1a: Marx|Taunt|p2b: mmm monkey\n|-start|p2b: mmm monkey|move: Taunt\n|move|p2a: sam|Eruption|p1b: Luminary|[spread] p1a,p1b\n|-damage|p1a: Marx|34\/100\n|-damage|p1b: Luminary|67\/100\n|cant|p2b: mmm monkey|move: Taunt|Instruct\n|move|p1b: Luminary|Calm Mind|p1b: Luminary\n|-boost|p1b: Luminary|spa|1\n|-boost|p1b: Luminary|spd|1\n|\n|-weather|SunnyDay|[upkeep]\n|-heal|p1b: Luminary|73\/100|[from] item: Leftovers\n|upkeep\n|turn|4\n|\n|t:|1699298889\n|switch|p2b: Bri'ish|Sinistcha-Masterpiece|100\/100\n|-heal|p2a: sam|95\/100|[from] ability: Hospitality|[of] p2b: Bri'ish\n|move|p1a: Marx|Protect|p1a: Marx\n|-singleturn|p1a: Marx|Protect\n|move|p1b: Luminary|Protect|p1b: Luminary\n|-singleturn|p1b: Luminary|Protect\n|move|p2a: sam|Eruption|p1b: Luminary|[spread] \n|-activate|p1a: Marx|move: Protect\n|-activate|p1b: Luminary|move: Protect\n|\n|-weather|SunnyDay|[upkeep]\n|-heal|p1b: Luminary|79\/100|[from] item: Leftovers\n|upkeep\n|turn|5\n|\n|t:|1699298914\n|switch|p2b: mmm monkey|Oranguru, M|100\/100\n|switch|p1a: UwU|Indeedee-F, F|100\/100\n|-fieldstart|move: Psychic Terrain|[from] ability: Psychic Surge|[of] p1a: UwU\n|move|p2a: sam|Eruption|p1a: UwU|[spread] p1a,p1b\n|-damage|p1a: UwU|38\/100\n|-damage|p1b: Luminary|49\/100\n|move|p1b: Luminary|Calm Mind|p1b: Luminary\n|-boost|p1b: Luminary|spa|1\n|-boost|p1b: Luminary|spd|1\n|\n|-weather|none\n|-heal|p1b: Luminary|55\/100|[from] item: Leftovers\n|-fieldend|move: Trick Room\n|upkeep\n|turn|6\n|\n|t:|1699298938\n|move|p2a: sam|Protect|p2a: sam\n|-singleturn|p2a: sam|Protect\n|move|p1b: Luminary|Stored Power|p2a: sam\n|-activate|p2a: sam|move: Protect\n|move|p1a: UwU|Heal Pulse|p1b: Luminary\n|-heal|p1b: Luminary|100\/100\n|move|p2b: mmm monkey|Trick Room|p2b: mmm monkey\n|-fieldstart|move: Trick Room|[of] p2b: mmm monkey\n|\n|upkeep\n|turn|7\n|\n|t:|1699298950\n|-terastallize|p2a: sam|Fire\n|move|p1b: Luminary|Protect|p1b: Luminary\n|-singleturn|p1b: Luminary|Protect\n|move|p1a: UwU|Protect|p1a: UwU\n|-singleturn|p1a: UwU|Protect\n|move|p2a: sam|Eruption|p1a: UwU|[spread] \n|-activate|p1a: UwU|move: Protect\n|-activate|p1b: Luminary|move: Protect\n|move|p2b: mmm monkey|Instruct|p2a: sam\n|-singleturn|p2a: sam|move: Instruct|[of] p2b: mmm monkey\n|move|p2a: sam|Eruption|p1a: UwU|[spread] \n|-activate|p1a: UwU|move: Protect\n|-activate|p1b: Luminary|move: Protect\n|\n|upkeep\n|turn|8\n|\n|t:|1699298971\n|move|p1a: UwU|Protect||[still]\n|-fail|p1a: UwU\n|move|p2a: sam|Eruption|p1b: Luminary|[spread] p1a,p1b\n|-damage|p1a: UwU|0 fnt\n|-damage|p1b: Luminary|82\/100\n|faint|p1a: UwU\n|move|p2b: mmm monkey|Instruct||[still]\n|-fail|p2b: mmm monkey\n|move|p1b: Luminary|Dazzling Gleam|p2a: sam|[spread] p2a,p2b\n|-resisted|p2a: sam\n|-damage|p2a: sam|76\/100\n|-damage|p2b: mmm monkey|82\/100\n|\n|-heal|p1b: Luminary|88\/100|[from] item: Leftovers\n|upkeep\n|\n|t:|1699298985\n|switch|p1a: Lenin|Chien-Pao|100\/100\n|-ability|p1a: Lenin|Sword of Ruin\n|turn|9\n|\n|t:|1699298991\n|move|p1a: Lenin|Sucker Punch|p2a: sam\n|-activate|p2a: sam|move: Psychic Terrain\n|move|p2a: sam|Heat Wave|p1a: Lenin|[spread] \n|-miss|p2a: sam|p1a: Lenin\n|-miss|p2a: sam|p1b: Luminary\n|move|p2b: mmm monkey|Instruct|p2a: sam\n|-singleturn|p2a: sam|move: Instruct|[of] p2b: mmm monkey\n|move|p2a: sam|Heat Wave|p1a: Lenin|[spread] p1a,p1b\n|-supereffective|p1a: Lenin\n|-damage|p1a: Lenin|0 fnt\n|-damage|p1b: Luminary|74\/100\n|faint|p1a: Lenin\n|move|p1b: Luminary|Calm Mind|p1b: Luminary\n|-boost|p1b: Luminary|spa|1\n|-boost|p1b: Luminary|spd|1\n|\n|-heal|p1b: Luminary|80\/100|[from] item: Leftovers\n|upkeep\n|\n|t:|1699299002\n|switch|p1a: Marx|Tornadus, M|34\/100\n|turn|10\n|\n|t:|1699299010\n|move|p1a: Marx|Protect|p1a: Marx\n|-singleturn|p1a: Marx|Protect\n|move|p1b: Luminary|Protect|p1b: Luminary\n|-singleturn|p1b: Luminary|Protect\n|move|p2a: sam|Heat Wave|p1b: Luminary|[spread] \n|-activate|p1a: Marx|move: Protect\n|-activate|p1b: Luminary|move: Protect\n|move|p2b: mmm monkey|Instruct|p2a: sam\n|-singleturn|p2a: sam|move: Instruct|[of] p2b: mmm monkey\n|move|p2a: sam|Heat Wave|p1b: Luminary|[spread] \n|-activate|p1a: Marx|move: Protect\n|-activate|p1b: Luminary|move: Protect\n|\n|-heal|p1b: Luminary|86\/100|[from] item: Leftovers\n|-fieldend|move: Trick Room\n|upkeep\n|turn|11\n|\n|t:|1699299032\n|move|p2a: sam|Protect|p2a: sam\n|-singleturn|p2a: sam|Protect\n|move|p1a: Marx|Bleakwind Storm|p2b: mmm monkey|[spread] p2b\n|-activate|p2a: sam|move: Protect\n|-damage|p2b: mmm monkey|58\/100\n|move|p1b: Luminary|Stored Power|p2b: mmm monkey\n|-resisted|p2b: mmm monkey\n|-damage|p2b: mmm monkey|14\/100\n|move|p2b: mmm monkey|Trick Room|p2b: mmm monkey\n|-fieldstart|move: Trick Room|[of] p2b: mmm monkey\n|\n|-heal|p1b: Luminary|92\/100|[from] item: Leftovers\n|upkeep\n|turn|12\n|\n|t:|1699299057\n|move|p1a: Marx|Protect|p1a: Marx\n|-singleturn|p1a: Marx|Protect\n|move|p2a: sam|Heat Wave|p1b: Luminary|[spread] p1b\n|-activate|p1a: Marx|move: Protect\n|-damage|p1b: Luminary|81\/100\n|move|p2b: mmm monkey|Instruct|p2a: sam\n|-singleturn|p2a: sam|move: Instruct|[of] p2b: mmm monkey\n|move|p2a: sam|Heat Wave|p1b: Luminary|[spread] p1b\n|-activate|p1a: Marx|move: Protect\n|-damage|p1b: Luminary|69\/100\n|move|p1b: Luminary|Calm Mind|p1b: Luminary\n|-boost|p1b: Luminary|spa|1\n|-boost|p1b: Luminary|spd|1\n|\n|-heal|p1b: Luminary|75\/100|[from] item: Leftovers\n|-fieldend|move: Psychic Terrain\n|upkeep\n|turn|13\n|\n|t:|1699299082\n|move|p1a: Marx|Taunt|p2b: mmm monkey\n|-start|p2b: mmm monkey|move: Taunt\n|move|p2a: sam|Heat Wave|p1b: Luminary|[spread] p1a,p1b\n|-damage|p1a: Marx|0 fnt\n|-damage|p1b: Luminary|67\/100\n|faint|p1a: Marx\n|cant|p2b: mmm monkey|move: Taunt|Instruct\n|move|p1b: Luminary|Calm Mind|p1b: Luminary\n|-boost|p1b: Luminary|spa|1\n|-boost|p1b: Luminary|spd|1\n|\n|-heal|p1b: Luminary|73\/100|[from] item: Leftovers\n|upkeep\n|\n|t:|1699299094\n|switch|p1a: Bourgeois|Gholdengo|100\/100\n|turn|14\n|\n|t:|1699299109\n|switch|p2b: fred|Farigiraf, M|100\/100\n|move|p2a: sam|Heat Wave|p1a: Bourgeois|[spread] p1b\n|-miss|p2a: sam|p1a: Bourgeois\n|-damage|p1b: Luminary|65\/100\n|move|p1b: Luminary|Calm Mind|p1b: Luminary\n|-boost|p1b: Luminary|spa|1\n|-boost|p1b: Luminary|spd|1\n|move|p1a: Bourgeois|Make It Rain|p2a: sam|[spread] p2a,p2b\n|-resisted|p2a: sam\n|-damage|p2a: sam|30\/100\n|-damage|p2b: fred|38\/100\n|-unboost|p1a: Bourgeois|spa|1\n|\n|-heal|p1b: Luminary|71\/100|[from] item: Leftovers\n|upkeep\n|turn|15\n|\n|t:|1699299132\n|move|p2b: fred|Helping Hand|p2a: sam\n|-singleturn|p2a: sam|Helping Hand|[of] p2b: fred\n|move|p2a: sam|Heat Wave|p1b: Luminary|[spread] \n|-miss|p2a: sam|p1a: Bourgeois\n|-miss|p2a: sam|p1b: Luminary\n|move|p1b: Luminary|Dazzling Gleam|p2a: sam|[spread] p2a,p2b\n|-resisted|p2a: sam\n|-damage|p2a: sam|0 fnt\n|-damage|p2b: fred|0 fnt\n|faint|p2a: sam\n|faint|p2b: fred\n|move|p1a: Bourgeois|Make It Rain|p2: sam|[notarget]\n|-fail|p1a: Bourgeois\n|\n|-heal|p1b: Luminary|78\/100|[from] item: Leftovers\n|-fieldend|move: Trick Room\n|upkeep\n|c|\u2606BlockPor232|BRO WHAY\n|c|\u2606BlockPor232|thats bs\n|\n|t:|1699299150\n|switch|p2b: Iron Hands|Iron Hands|100\/100\n|switch|p2a: mmm monkey|Oranguru, M|14\/100\n|turn|16\n|\n|t:|1699299164\n|move|p2b: Iron Hands|Fake Out|p1b: Luminary\n|-damage|p1b: Luminary|67\/100\n|move|p1a: Bourgeois|Make It Rain|p2a: mmm monkey|[spread] p2a,p2b\n|-resisted|p2b: Iron Hands\n|-damage|p2a: mmm monkey|0 fnt\n|-damage|p2b: Iron Hands|87\/100\n|-unboost|p1a: Bourgeois|spa|1\n|faint|p2a: mmm monkey\n|cant|p1b: Luminary|flinch\n|\n|-heal|p1b: Luminary|73\/100|[from] item: Leftovers\n|upkeep\n|\n|t:|1699299170\n|switch|p2a: Bri'ish|Sinistcha-Masterpiece|100\/100\n|-heal|p2b: Iron Hands|100\/100|[from] ability: Hospitality|[of] p2a: Bri'ish\n|turn|17\n|c|\u26065.anti|most epic revenge ever\n|\n|t:|1699299194\n|move|p2a: Bri'ish|Rage Powder|p2a: Bri'ish\n|-singleturn|p2a: Bri'ish|move: Rage Powder\n|move|p1a: Bourgeois|Make It Rain|p2a: Bri'ish|[spread] p2a,p2b\n|-resisted|p2b: Iron Hands\n|-damage|p2a: Bri'ish|64\/100\n|-damage|p2b: Iron Hands|89\/100\n|-unboost|p1a: Bourgeois|spa|1\n|move|p1b: Luminary|Dazzling Gleam|p2a: Bri'ish|[spread] p2a,p2b\n|-supereffective|p2b: Iron Hands\n|-damage|p2a: Bri'ish|3\/100\n|-damage|p2b: Iron Hands|14\/100\n|-enditem|p2a: Bri'ish|Sitrus Berry|[eat]\n|-heal|p2a: Bri'ish|27\/100|[from] item: Sitrus Berry\n|move|p2b: Iron Hands|Wild Charge|p1b: Luminary\n|-damage|p1b: Luminary|32\/100\n|-damage|p2b: Iron Hands|5\/100|[from] Recoil\n|\n|-heal|p1b: Luminary|38\/100|[from] item: Leftovers\n|upkeep\n|turn|18\n|n|!BlockPor232|blockpor232\n|-message|BlockPor232 forfeited.\n|\n|win|5.anti\n|raw|5.anti's rating: 1245 &rarr; <strong>1277<\/strong><br \/>(+32 for winning)\n|raw|BlockPor232's rating: 1339 &rarr; <strong>1314<\/strong><br \/>(-25 for losing)\n","uploadtime":1699299211,"views":8,"p1id":"5anti","p2id":"blockpor232","formatid":"gen9doublesou","rating":1277,"private":0,"password":""}