{"id":"gen9doublesou-1970475982","p1":"dabistopro","p2":"Angelolll","format":"[Gen 9] Doubles OU","log":"|j|\u2606dabistopro\n|j|\u2606Angelolll\n|t:|1697641949\n|gametype|doubles\n|player|p1|dabistopro|102|\n|player|p2|Angelolll|emmet|\n|teamsize|p1|6\n|teamsize|p2|6\n|gen|9\n|tier|[Gen 9] Doubles OU\n|rule|Species Clause: Limit one of each Pok\u00e9mon\n|rule|OHKO Clause: OHKO moves are banned\n|rule|Evasion Moves Clause: Evasion moves are banned\n|rule|Gravity Sleep Clause: The combination of sleep-inducing moves with imperfect accuracy and Gravity or Gigantamax Orbeetle are banned\n|rule|Endless Battle Clause: Forcing endless battles is banned\n|rule|HP Percentage Mod: HP is shown in percentages\n|clearpoke\n|poke|p1|Ogerpon-Wellspring, F|\n|poke|p1|Iron Hands|\n|poke|p1|Gyarados, M|\n|poke|p1|Chi-Yu|\n|poke|p1|Sinistcha|\n|poke|p1|Tornadus, M|\n|poke|p2|Tornadus, M|\n|poke|p2|Flutter Mane|\n|poke|p2|Rillaboom, F|\n|poke|p2|Ogerpon-Hearthflame, F|\n|poke|p2|Chien-Pao|\n|poke|p2|Dragonite, M|\n|teampreview\n|inactive|Battle timer is ON: inactive players will automatically lose when time's up. (requested by dabistopro)\n|\n|t:|1697642009\n|start\n|switch|p1a: Sinistcha|Sinistcha|100\/100\n|switch|p1b: Gyarados|Gyarados, M, shiny|100\/100\n|switch|p2a: Dragonite|Dragonite, M|100\/100\n|switch|p2b: Brujita|Flutter Mane|100\/100\n|-ability|p1b: Gyarados|Intimidate|boost\n|-fail|p2a: Dragonite|unboost|Attack|[from] ability: Inner Focus|[of] p2a: Dragonite\n|-unboost|p2b: Brujita|atk|1\n|turn|1\n|inactive|dabistopro has 270 seconds left.\n|j| guzmfran\n|\n|t:|1697642046\n|-terastallize|p1a: Sinistcha|Fire\n|move|p2b: Brujita|Dazzling Gleam|p1b: Gyarados|[spread] p1a,p1b\n|-resisted|p1a: Sinistcha\n|-damage|p1a: Sinistcha|77\/100\n|-damage|p1b: Gyarados|71\/100\n|move|p2a: Dragonite|Outrage|p1a: Sinistcha\n|-damage|p1a: Sinistcha|0 fnt\n|-damage|p2a: Dragonite|84\/100|[from] item: Rocky Helmet|[of] p1a: Sinistcha\n|faint|p1a: Sinistcha\n|move|p1b: Gyarados|Thunder Wave|p2a: Dragonite\n|-status|p2a: Dragonite|par\n|\n|upkeep\n|\n|t:|1697642064\n|switch|p1a: JARIYAMADELFUTURO|Iron Hands|100\/100\n|turn|2\n|\n|t:|1697642084\n|-end|p1a: JARIYAMADELFUTURO|Quark Drive|[silent]\n|switch|p1a: Chi-Yu|Chi-Yu|100\/100\n|-ability|p1a: Chi-Yu|Beads of Ruin\n|-terastallize|p2b: Brujita|Fairy\n|move|p2b: Brujita|Dazzling Gleam|p1a: Chi-Yu|[spread] p1a,p1b\n|-damage|p1a: Chi-Yu|34\/100\n|-damage|p1b: Gyarados|18\/100\n|-enditem|p1b: Gyarados|Sitrus Berry|[eat]\n|-heal|p1b: Gyarados|43\/100|[from] item: Sitrus Berry\n|move|p1b: Gyarados|Thunder Wave|p2b: Brujita|[miss]\n|-miss|p1b: Gyarados|p2b: Brujita\n|move|p2a: Dragonite|Outrage|p1b: Gyarados|[from]lockedmove\n|-damage|p1b: Gyarados|0 fnt\n|faint|p1b: Gyarados\n|-start|p2a: Dragonite|confusion|[fatigue]\n|\n|upkeep\n|inactive|dabistopro has 270 seconds left.\n|\n|t:|1697642105\n|switch|p1b: Tornadus|Tornadus, M|100\/100\n|turn|3\n|l| guzmfran\n|j| guzmfran\n|\n|t:|1697642117\n|move|p1b: Tornadus|Tailwind|p1b: Tornadus\n|-sidestart|p1: dabistopro|move: Tailwind\n|move|p1a: Chi-Yu|Heat Wave|p2b: Brujita|[spread] p2a,p2b\n|-resisted|p2a: Dragonite\n|-damage|p2a: Dragonite|56\/100 par\n|-damage|p2b: Brujita|38\/100\n|-damage|p1a: Chi-Yu|24\/100|[from] item: Life Orb\n|move|p2b: Brujita|Dazzling Gleam|p1a: Chi-Yu|[spread] p1a,p1b\n|-damage|p1a: Chi-Yu|0 fnt\n|-damage|p1b: Tornadus|25\/100\n|faint|p1a: Chi-Yu\n|-activate|p2a: Dragonite|confusion\n|cant|p2a: Dragonite|par\n|\n|upkeep\n|inactive|dabistopro has 270 seconds left.\n|\n|t:|1697642138\n|switch|p1a: Ogerpon|Ogerpon-Wellspring, F|100\/100\n|turn|4\n|\n|t:|1697642150\n|-end|p2b: Brujita|Protosynthesis|[silent]\n|switch|p2b: Rillaboom|Rillaboom, F|100\/100\n|-fieldstart|move: Grassy Terrain|[from] ability: Grassy Surge|[of] p2b: Rillaboom\n|move|p1b: Tornadus|Bleakwind Storm|p2a: Dragonite|[spread] p2b\n|-miss|p1b: Tornadus|p2a: Dragonite\n|-supereffective|p2b: Rillaboom\n|-damage|p2b: Rillaboom|54\/100\n|-unboost|p2b: Rillaboom|spe|1\n|move|p1a: Ogerpon|Swords Dance|p1a: Ogerpon\n|-boost|p1a: Ogerpon|atk|2\n|-activate|p2a: Dragonite|confusion\n|cant|p2a: Dragonite|par\n|\n|-heal|p2b: Rillaboom|60\/100|[from] Grassy Terrain\n|upkeep\n|turn|5\n|l| guzmfran\n|j| guzmfran\n|\n|t:|1697642183\n|move|p1a: Ogerpon|Spiky Shield|p1a: Ogerpon\n|-singleturn|p1a: Ogerpon|move: Protect\n|move|p2b: Rillaboom|Grassy Glide|p1a: Ogerpon\n|-activate|p1a: Ogerpon|move: Protect\n|-damage|p2b: Rillaboom|48\/100|[from] Spiky Shield|[of] p1a: Ogerpon\n|move|p1b: Tornadus|Bleakwind Storm|p2b: Rillaboom|[spread] p2a,p2b\n|-supereffective|p2b: Rillaboom\n|-damage|p2a: Dragonite|24\/100 par\n|-damage|p2b: Rillaboom|0 fnt\n|faint|p2b: Rillaboom\n|-activate|p2a: Dragonite|confusion\n|move|p2a: Dragonite|Outrage|p1b: Tornadus\n|-damage|p1b: Tornadus|0 fnt\n|faint|p1b: Tornadus\n|\n|upkeep\n|\n|t:|1697642199\n|switch|p1b: JARIYAMADELFUTURO|Iron Hands|100\/100\n|switch|p2b: Chien-Pao|Chien-Pao|100\/100\n|-ability|p2b: Chien-Pao|Sword of Ruin\n|turn|6\n|\n|t:|1697642217\n|move|p2b: Chien-Pao|Protect|p2b: Chien-Pao\n|-singleturn|p2b: Chien-Pao|Protect\n|move|p1a: Ogerpon|Swords Dance|p1a: Ogerpon\n|-boost|p1a: Ogerpon|atk|2\n|move|p1b: JARIYAMADELFUTURO|Wild Charge|p2a: Dragonite\n|-damage|p2a: Dragonite|0 fnt\n|faint|p2a: Dragonite\n|-damage|p1b: JARIYAMADELFUTURO|96\/100|[from] Recoil\n|\n|-heal|p1b: JARIYAMADELFUTURO|100\/100|[from] Grassy Terrain\n|-sideend|p1: dabistopro|move: Tailwind\n|upkeep\n|\n|t:|1697642224\n|switch|p2a: Ogerpon|Ogerpon-Hearthflame, F|100\/100\n|-ability|p2a: Ogerpon|Mold Breaker\n|turn|7\n|inactive|Angelolll has 270 seconds left.\n|\n|t:|1697642270\n|move|p2b: Chien-Pao|Icicle Crash|p1b: JARIYAMADELFUTURO\n|-damage|p1b: JARIYAMADELFUTURO|62\/100\n|move|p2a: Ogerpon|Wood Hammer|p1a: Ogerpon\n|-damage|p1a: Ogerpon|0 fnt\n|faint|p1a: Ogerpon\n|-damage|p2a: Ogerpon|63\/100|[from] Recoil\n|cant|p1b: JARIYAMADELFUTURO|flinch\n|\n|-heal|p2a: Ogerpon|70\/100|[from] Grassy Terrain\n|-heal|p1b: JARIYAMADELFUTURO|69\/100|[from] Grassy Terrain\n|upkeep\n|turn|8\n|-message|dabistopro forfeited.\n|\n|win|Angelolll\n|l|\u2606dabistopro\n","uploadtime":1697642289,"views":15,"p1id":"dabistopro","p2id":"angelolll","formatid":"gen9doublesou","rating":0,"private":0,"password":""}