{"id":"gen9doublesou-1993639726","p1":"woahhgh","p2":"lvBreakfast","format":"[Gen 9] Doubles OU","log":"|j|\u2606woahhgh\n|j|\u2606lvBreakfast\n|t:|1700340411\n|gametype|doubles\n|player|p1|woahhgh|265|1315\n|player|p2|lvBreakfast|sabi|1574\n|teamsize|p1|6\n|teamsize|p2|6\n|gen|9\n|tier|[Gen 9] Doubles OU\n|rated|\n|rule|Species Clause: Limit one of each Pok\u00e9mon\n|rule|OHKO Clause: OHKO moves are banned\n|rule|Evasion Moves Clause: Evasion moves are banned\n|rule|Gravity Sleep Clause: The combination of sleep-inducing moves with imperfect accuracy and Gravity or Gigantamax Orbeetle are banned\n|rule|Endless Battle Clause: Forcing endless battles is banned\n|rule|HP Percentage Mod: HP is shown in percentages\n|clearpoke\n|poke|p1|Roaring Moon|\n|poke|p1|Zapdos|\n|poke|p1|Heatran, M|\n|poke|p1|Clefairy, M|\n|poke|p1|Ting-Lu|\n|poke|p1|Iron Hands|\n|poke|p2|Thundurus, M|\n|poke|p2|Okidogi, M|\n|poke|p2|Haxorus, F|\n|poke|p2|Weavile, F|\n|poke|p2|Sinistcha-Masterpiece|\n|poke|p2|Ogerpon-Cornerstone, F|\n|teampreview\n|inactive|Battle timer is ON: inactive players will automatically lose when time's up. (requested by lvBreakfast)\n|\n|t:|1700340429\n|start\n|switch|p1a: Clefairy|Clefairy, M|100\/100\n|switch|p1b: Heatran|Heatran, M, shiny|100\/100\n|switch|p2a: Golisopod 2.0|Haxorus, F, shiny|100\/100\n|switch|p2b: Chien Pao|Weavile, F|100\/100\n|-ability|p2a: Golisopod 2.0|Mold Breaker\n|-item|p1b: Heatran|Air Balloon\n|turn|1\n|\n|t:|1700340436\n|move|p2b: Chien Pao|Fake Out|p1b: Heatran\n|-resisted|p1b: Heatran\n|-damage|p1b: Heatran|97\/100\n|-enditem|p1b: Heatran|Air Balloon\n|move|p1a: Clefairy|Follow Me|p1a: Clefairy\n|-singleturn|p1a: Clefairy|move: Follow Me\n|move|p2a: Golisopod 2.0|Iron Head|p1a: Clefairy\n|-supereffective|p1a: Clefairy\n|-damage|p1a: Clefairy|17\/100\n|-damage|p2a: Golisopod 2.0|91\/100|[from] item: Life Orb\n|cant|p1b: Heatran|flinch\n|\n|upkeep\n|turn|2\n|\n|t:|1700340459\n|switch|p1a: Zapdos|Zapdos, shiny|100\/100\n|move|p2b: Chien Pao|Ice Spinner|p1a: Zapdos\n|-supereffective|p1a: Zapdos\n|-damage|p1a: Zapdos|29\/100\n|-damage|p2b: Chien Pao|84\/100|[from] item: Rocky Helmet|[of] p1a: Zapdos\n|move|p2a: Golisopod 2.0|Brick Break|p1b: Heatran\n|-supereffective|p1b: Heatran\n|-damage|p1b: Heatran|27\/100\n|-damage|p2a: Golisopod 2.0|81\/100|[from] item: Life Orb\n|move|p1b: Heatran|Heat Wave|p2a: Golisopod 2.0|[spread] p2a,p2b\n|-resisted|p2a: Golisopod 2.0\n|-supereffective|p2b: Chien Pao\n|-damage|p2a: Golisopod 2.0|57\/100\n|-damage|p2b: Chien Pao|0 fnt\n|-status|p2a: Golisopod 2.0|brn\n|faint|p2b: Chien Pao\n|\n|-damage|p2a: Golisopod 2.0|51\/100 brn|[from] brn\n|upkeep\n|\n|t:|1700340470\n|switch|p2b: emolga but worst|Thundurus, M|100\/100\n|turn|3\n|\n|t:|1700340478\n|move|p2a: Golisopod 2.0|Brick Break|p1b: Heatran\n|-supereffective|p1b: Heatran\n|-damage|p1b: Heatran|0 fnt\n|faint|p1b: Heatran\n|-damage|p2a: Golisopod 2.0|41\/100 brn|[from] item: Life Orb\n|move|p2b: emolga but worst|Wildbolt Storm|p1a: Zapdos\n|-damage|p1a: Zapdos|0 fnt\n|faint|p1a: Zapdos\n|\n|-damage|p2a: Golisopod 2.0|35\/100 brn|[from] brn\n|upkeep\n|\n|t:|1700340486\n|switch|p1a: Ting-Lu|Ting-Lu|100\/100\n|switch|p1b: Iron Hands|Iron Hands, shiny|100\/100\n|-ability|p1a: Ting-Lu|Vessel of Ruin\n|turn|4\n|\n|t:|1700340497\n|switch|p2a: Smelly boy|Sinistcha-Masterpiece|100\/100\n|switch|p2b: Dead dog|Okidogi, M|100\/100\n|move|p1b: Iron Hands|Fake Out|p2a: Smelly boy\n|-immune|p2a: Smelly boy\n|move|p1a: Ting-Lu|Heavy Slam|p2b: Dead dog\n|-damage|p2b: Dead dog|65\/100\n|\n|upkeep\n|turn|5\n|\n|t:|1700340513\n|move|p2b: Dead dog|Bulk Up|p2b: Dead dog\n|-boost|p2b: Dead dog|atk|1\n|-boost|p2b: Dead dog|def|1\n|move|p2a: Smelly boy|Matcha Gotcha|p1a: Ting-Lu|[spread] p1a,p1b\n|-supereffective|p1a: Ting-Lu\n|-damage|p1a: Ting-Lu|78\/100\n|-damage|p1b: Iron Hands|89\/100\n|move|p1b: Iron Hands|Wild Charge|p2b: Dead dog\n|-damage|p2b: Dead dog|36\/100\n|-damage|p1b: Iron Hands|83\/100|[from] Recoil\n|move|p1a: Ting-Lu|Payback|p2a: Smelly boy\n|-supereffective|p2a: Smelly boy\n|-damage|p2a: Smelly boy|8\/100\n|\n|-heal|p2a: Smelly boy|15\/100|[from] item: Leftovers\n|upkeep\n|turn|6\n|inactive|lvBreakfast has 120 seconds left.\n|\n|t:|1700340545\n|-end|p1b: Iron Hands|Quark Drive|[silent]\n|switch|p1b: Clefairy|Clefairy, M|17\/100\n|move|p2b: Dead dog|Drain Punch|p1a: Ting-Lu\n|-supereffective|p1a: Ting-Lu\n|-damage|p1a: Ting-Lu|22\/100\n|-heal|p2b: Dead dog|71\/100|[from] drain|[of] p1a: Ting-Lu\n|move|p2a: Smelly boy|Strength Sap|p1b: Clefairy\n|-unboost|p1b: Clefairy|atk|1\n|-heal|p2a: Smelly boy|40\/100\n|move|p1a: Ting-Lu|Earthquake|p2a: Smelly boy|[spread] p1b,p2a,p2b\n|-resisted|p2a: Smelly boy\n|-supereffective|p2b: Dead dog\n|-damage|p1b: Clefairy|0 fnt\n|-damage|p2a: Smelly boy|24\/100\n|-damage|p2b: Dead dog|25\/100\n|-enditem|p2b: Dead dog|Figy Berry|[eat]\n|-heal|p2b: Dead dog|58\/100|[from] item: Figy Berry\n|faint|p1b: Clefairy\n|\n|-heal|p2a: Smelly boy|30\/100|[from] item: Leftovers\n|upkeep\n|\n|t:|1700340566\n|switch|p1b: Roaring Moon|Roaring Moon, shiny|100\/100\n|-enditem|p1b: Roaring Moon|Booster Energy\n|-activate|p1b: Roaring Moon|ability: Protosynthesis|[fromitem]\n|-start|p1b: Roaring Moon|protosynthesisatk\n|turn|7\n|\n|t:|1700340576\n|-terastallize|p1b: Roaring Moon|Flying\n|move|p2a: Smelly boy|Rage Powder|p2a: Smelly boy\n|-singleturn|p2a: Smelly boy|move: Rage Powder\n|move|p1b: Roaring Moon|Dragon Dance|p1b: Roaring Moon\n|-boost|p1b: Roaring Moon|atk|1\n|-boost|p1b: Roaring Moon|spe|1\n|move|p2b: Dead dog|Drain Punch|p1b: Roaring Moon\n|-resisted|p1b: Roaring Moon\n|-damage|p1b: Roaring Moon|59\/100\n|-heal|p2b: Dead dog|78\/100|[from] drain|[of] p1b: Roaring Moon\n|move|p1a: Ting-Lu|Earthquake|p2a: Smelly boy|[spread] p2a,p2b\n|-immune|p1b: Roaring Moon\n|-resisted|p2a: Smelly boy\n|-supereffective|p2b: Dead dog\n|-damage|p2a: Smelly boy|15\/100\n|-damage|p2b: Dead dog|33\/100\n|\n|-heal|p2a: Smelly boy|21\/100|[from] item: Leftovers\n|upkeep\n|turn|8\n|\n|t:|1700340592\n|move|p2a: Smelly boy|Rage Powder|p2a: Smelly boy\n|-singleturn|p2a: Smelly boy|move: Rage Powder\n|move|p1b: Roaring Moon|Breaking Swipe|p2b: Dead dog|[spread] p2a,p2b\n|-damage|p2a: Smelly boy|0 fnt\n|-damage|p2b: Dead dog|5\/100\n|-unboost|p2b: Dead dog|atk|1\n|faint|p2a: Smelly boy\n|move|p2b: Dead dog|Drain Punch|p1a: Ting-Lu\n|-supereffective|p1a: Ting-Lu\n|-damage|p1a: Ting-Lu|0 fnt\n|-heal|p2b: Dead dog|19\/100|[from] drain|[of] p1a: Ting-Lu\n|faint|p1a: Ting-Lu\n|\n|upkeep\n|\n|t:|1700340601\n|switch|p2a: OgerpOwO|Ogerpon-Cornerstone, F|100\/100\n|switch|p1a: Iron Hands|Iron Hands, shiny|83\/100\n|turn|9\n|\n|t:|1700340608\n|move|p2a: OgerpOwO|Spiky Shield|p2a: OgerpOwO\n|-singleturn|p2a: OgerpOwO|move: Protect\n|move|p1a: Iron Hands|Fake Out|p2a: OgerpOwO\n|-activate|p2a: OgerpOwO|move: Protect\n|-damage|p1a: Iron Hands|71\/100|[from] Spiky Shield|[of] p2a: OgerpOwO\n|move|p1b: Roaring Moon|Breaking Swipe|p2a: OgerpOwO|[spread] p2b\n|-activate|p2a: OgerpOwO|move: Protect\n|-damage|p1b: Roaring Moon|47\/100|[from] Spiky Shield|[of] p2a: OgerpOwO\n|-damage|p2b: Dead dog|0 fnt\n|faint|p2b: Dead dog\n|\n|upkeep\n|\n|t:|1700340633\n|switch|p2b: emolga but worst|Thundurus, M|100\/100\n|turn|10\n|\n|t:|1700340644\n|move|p2b: emolga but worst|Thunder Wave|p1b: Roaring Moon|[miss]\n|-miss|p2b: emolga but worst|p1b: Roaring Moon\n|move|p1b: Roaring Moon|Acrobatics|p2a: OgerpOwO\n|-ability|p2a: OgerpOwO|Sturdy\n|-damage|p2a: OgerpOwO|1\/100\n|move|p2a: OgerpOwO|Ivy Cudgel|p1b: Roaring Moon|[anim] Ivy Cudgel Rock\n|-supereffective|p1b: Roaring Moon\n|-damage|p1b: Roaring Moon|0 fnt\n|faint|p1b: Roaring Moon\n|-end|p1b: Roaring Moon|Protosynthesis|[silent]\n|move|p1a: Iron Hands|Drain Punch|p2a: OgerpOwO\n|-supereffective|p2a: OgerpOwO\n|-damage|p2a: OgerpOwO|0 fnt\n|-heal|p1a: Iron Hands|71\/100|[from] drain|[of] p2a: OgerpOwO\n|faint|p2a: OgerpOwO\n|\n|upkeep\n|\n|t:|1700340647\n|switch|p2a: Golisopod 2.0|Haxorus, F, shiny|35\/100 brn\n|-ability|p2a: Golisopod 2.0|Mold Breaker\n|turn|11\n|\n|t:|1700340654\n|move|p2a: Golisopod 2.0|Breaking Swipe|p1a: Iron Hands\n|-damage|p1a: Iron Hands|56\/100\n|-unboost|p1a: Iron Hands|atk|1\n|-damage|p2a: Golisopod 2.0|25\/100 brn|[from] item: Life Orb\n|move|p2b: emolga but worst|Wildbolt Storm|p1a: Iron Hands\n|-resisted|p1a: Iron Hands\n|-damage|p1a: Iron Hands|45\/100\n|move|p1a: Iron Hands|Ice Punch|p2a: Golisopod 2.0\n|-supereffective|p2a: Golisopod 2.0\n|-damage|p2a: Golisopod 2.0|0 fnt\n|faint|p2a: Golisopod 2.0\n|\n|upkeep\n|turn|12\n|\n|t:|1700340668\n|move|p2b: emolga but worst|Wildbolt Storm|p1a: Iron Hands\n|-resisted|p1a: Iron Hands\n|-damage|p1a: Iron Hands|34\/100\n|move|p1a: Iron Hands|Ice Punch|p2b: emolga but worst\n|-supereffective|p2b: emolga but worst\n|-damage|p2b: emolga but worst|68\/100\n|\n|-heal|p2b: emolga but worst|74\/100|[from] item: Leftovers\n|upkeep\n|turn|13\n|c|\u2606woahhgh|damn\n|c|\u2606woahhgh|that didnt do shit\n|c|\u2606woahhgh|ggs\n|\n|t:|1700340682\n|move|p2b: emolga but worst|Wildbolt Storm|p1a: Iron Hands\n|-resisted|p1a: Iron Hands\n|-crit|p1a: Iron Hands\n|-damage|p1a: Iron Hands|19\/100\n|move|p1a: Iron Hands|Ice Punch|p2b: emolga but worst\n|-supereffective|p2b: emolga but worst\n|-damage|p2b: emolga but worst|42\/100\n|\n|-heal|p2b: emolga but worst|48\/100|[from] item: Leftovers\n|upkeep\n|turn|14\n|\n|t:|1700340690\n|move|p2b: emolga but worst|Wildbolt Storm|p1a: Iron Hands\n|-resisted|p1a: Iron Hands\n|-damage|p1a: Iron Hands|9\/100\n|move|p1a: Iron Hands|Ice Punch|p2b: emolga but worst\n|-supereffective|p2b: emolga but worst\n|-crit|p2b: emolga but worst\n|-damage|p2b: emolga but worst|0 fnt\n|faint|p2b: emolga but worst\n|\n|win|woahhgh\n|raw|woahhgh's rating: 1315 &rarr; <strong>1348<\/strong><br \/>(+33 for winning)\n|raw|lvBreakfast's rating: 1574 &rarr; <strong>1541<\/strong><br \/>(-33 for losing)\n|c|\u2606woahhgh|THAT CRIT SAVED MY ASS\n|c|\u2606lvBreakfast|Ggs :(\n|c|\u2606woahhgh|close as fuck but gg\n|l|\u2606lvBreakfast\n","uploadtime":1700340971,"views":5,"p1id":"woahhgh","p2id":"lvbreakfast","formatid":"gen9doublesou","rating":1348,"private":0,"password":""}