{"id":"gen9doublesou-1989365343","p1":"vegetasfeet","p2":"dreamer_bro","format":"[Gen 9] Doubles OU","log":"|j|\u2606vegetasfeet\n|j|\u2606dreamer_bro\n|t:|1699841221\n|gametype|doubles\n|player|p1|vegetasfeet|brycen|1205\n|player|p2|dreamer_bro|steven|1101\n|teamsize|p1|6\n|teamsize|p2|6\n|gen|9\n|tier|[Gen 9] Doubles OU\n|rated|\n|rule|Species Clause: Limit one of each Pok\u00e9mon\n|rule|OHKO Clause: OHKO moves are banned\n|rule|Evasion Moves Clause: Evasion moves are banned\n|rule|Gravity Sleep Clause: The combination of sleep-inducing moves with imperfect accuracy and Gravity or Gigantamax Orbeetle are banned\n|rule|Endless Battle Clause: Forcing endless battles is banned\n|rule|HP Percentage Mod: HP is shown in percentages\n|clearpoke\n|poke|p1|Tornadus, M|\n|poke|p1|Walking Wake|\n|poke|p1|Gastrodon-East, F|\n|poke|p1|Chi-Yu|\n|poke|p1|Flutter Mane|\n|poke|p1|Ogerpon-Hearthflame, F|\n|poke|p2|Roaring Moon|\n|poke|p2|Garchomp, M|\n|poke|p2|Sinistcha|\n|poke|p2|Clefairy, F|\n|poke|p2|Ting-Lu|\n|poke|p2|Glimmora, F|\n|teampreview\n|inactive|Battle timer is ON: inactive players will automatically lose when time's up. (requested by dreamer_bro)\n|\n|t:|1699841230\n|start\n|switch|p1a: Tornadus|Tornadus, M|100\/100\n|switch|p1b: Ogerpon|Ogerpon-Hearthflame, F|100\/100\n|switch|p2a: sludge|Glimmora, F|100\/100\n|switch|p2b: yahaha|Clefairy, F, shiny|100\/100\n|-ability|p1b: Ogerpon|Mold Breaker\n|turn|1\n|inactive|dreamer_bro has 120 seconds left.\n|\n|t:|1699841261\n|move|p1b: Ogerpon|Follow Me|p1b: Ogerpon\n|-singleturn|p1b: Ogerpon|move: Follow Me\n|move|p2b: yahaha|Follow Me|p2b: yahaha\n|-singleturn|p2b: yahaha|move: Follow Me\n|move|p1a: Tornadus|Sunny Day|p1a: Tornadus\n|-weather|SunnyDay\n|move|p2a: sludge|Power Gem|p1b: Ogerpon\n|-supereffective|p1b: Ogerpon\n|-damage|p1b: Ogerpon|0 fnt\n|faint|p1b: Ogerpon\n|\n|-weather|SunnyDay|[upkeep]\n|upkeep\n|\n|t:|1699841272\n|switch|p1b: Gastrodon|Gastrodon-East, F|100\/100\n|turn|2\n|\n|t:|1699841278\n|move|p1b: Gastrodon|Protect|p1b: Gastrodon\n|-singleturn|p1b: Gastrodon|Protect\n|move|p2b: yahaha|Follow Me|p2b: yahaha\n|-singleturn|p2b: yahaha|move: Follow Me\n|move|p2a: sludge|Energy Ball|p1b: Gastrodon\n|-activate|p1b: Gastrodon|move: Protect\n|move|p1a: Tornadus|U-turn|p2b: yahaha\n|-resisted|p2b: yahaha\n|-damage|p2b: yahaha|92\/100\n|\n|t:|1699841287\n|switch|p1a: Walking Wake|Walking Wake|100\/100|[from] U-turn\n|-activate|p1a: Walking Wake|ability: Protosynthesis\n|-start|p1a: Walking Wake|protosynthesisspa\n|\n|-weather|SunnyDay|[upkeep]\n|upkeep\n|turn|3\n|\n|t:|1699841301\n|switch|p2b: roar|Roaring Moon|100\/100\n|-activate|p2b: roar|ability: Protosynthesis\n|-start|p2b: roar|protosynthesisatk\n|move|p1a: Walking Wake|Surf|p2a: sludge|[spread] p2a,p2b\n|-ability|p1b: Gastrodon|Storm Drain|boost\n|-boost|p1b: Gastrodon|spa|1\n|-supereffective|p2a: sludge\n|-resisted|p2b: roar\n|-damage|p2a: sludge|42\/100\n|-damage|p2b: roar|84\/100\n|move|p2a: sludge|Energy Ball|p1b: Gastrodon\n|-supereffective|p1b: Gastrodon\n|-damage|p1b: Gastrodon|11\/100\n|move|p1b: Gastrodon|Surf|p2b: roar|[spread] p1a,p2a,p2b\n|-resisted|p1a: Walking Wake\n|-supereffective|p2a: sludge\n|-resisted|p2b: roar\n|-damage|p1a: Walking Wake|96\/100\n|-damage|p2a: sludge|14\/100\n|-damage|p2b: roar|77\/100\n|\n|-weather|SunnyDay|[upkeep]\n|-heal|p1b: Gastrodon|17\/100|[from] item: Leftovers\n|upkeep\n|turn|4\n|\n|t:|1699841325\n|-end|p1a: Walking Wake|Protosynthesis|[silent]\n|switch|p1a: Flutter Mane|Flutter Mane|100\/100\n|-activate|p1a: Flutter Mane|ability: Protosynthesis\n|-start|p1a: Flutter Mane|protosynthesisspe\n|move|p1b: Gastrodon|Protect|p1b: Gastrodon\n|-singleturn|p1b: Gastrodon|Protect\n|move|p2b: roar|Crunch|p1b: Gastrodon\n|-activate|p1b: Gastrodon|move: Protect\n|move|p2a: sludge|Sludge Bomb|p1a: Flutter Mane\n|-damage|p1a: Flutter Mane|53\/100\n|-status|p1a: Flutter Mane|psn\n|\n|-weather|SunnyDay|[upkeep]\n|-heal|p1b: Gastrodon|24\/100|[from] item: Leftovers\n|-damage|p1a: Flutter Mane|40\/100 psn|[from] psn\n|upkeep\n|turn|5\n|\n|t:|1699841346\n|-terastallize|p2b: roar|Steel\n|move|p1a: Flutter Mane|Dazzling Gleam|p2a: sludge|[spread] p2a,p2b\n|-resisted|p2a: sludge\n|-resisted|p2b: roar\n|-damage|p2a: sludge|0 fnt\n|-damage|p2b: roar|57\/100\n|faint|p2a: sludge\n|-damage|p1a: Flutter Mane|30\/100 psn|[from] item: Life Orb\n|move|p2b: roar|Iron Head|p1a: Flutter Mane\n|-supereffective|p1a: Flutter Mane\n|-damage|p1a: Flutter Mane|0 fnt\n|faint|p1a: Flutter Mane\n|-end|p1a: Flutter Mane|Protosynthesis|[silent]\n|move|p1b: Gastrodon|Earth Power|p2b: roar\n|-supereffective|p2b: roar\n|-damage|p2b: roar|0 fnt\n|faint|p2b: roar\n|-end|p2b: roar|Protosynthesis|[silent]\n|\n|-weather|none\n|-heal|p1b: Gastrodon|30\/100|[from] item: Leftovers\n|upkeep\n|\n|t:|1699841362\n|switch|p1a: Walking Wake|Walking Wake|96\/100\n|switch|p2b: yahaha|Clefairy, F, shiny|92\/100\n|switch|p2a: tea time|Sinistcha, shiny|100\/100\n|-heal|p2b: yahaha|100\/100|[from] ability: Hospitality|[of] p2a: tea time\n|turn|6\n|\n|t:|1699841375\n|move|p1a: Walking Wake|Surf|p2b: yahaha|[spread] p2a,p2b\n|-ability|p1b: Gastrodon|Storm Drain|boost\n|-boost|p1b: Gastrodon|spa|1\n|-resisted|p2a: tea time\n|-damage|p2a: tea time|70\/100\n|-damage|p2b: yahaha|69\/100\n|move|p2a: tea time|Matcha Gotcha|p1b: Gastrodon|[spread] p1a\n|-miss|p2a: tea time|p1b: Gastrodon\n|-damage|p1a: Walking Wake|61\/100\n|-heal|p2a: tea time|87\/100|[from] drain|[of] p1a: Walking Wake\n|move|p1b: Gastrodon|Surf|p2a: tea time|[spread] p1a,p2a,p2b\n|-resisted|p1a: Walking Wake\n|-resisted|p2a: tea time\n|-damage|p1a: Walking Wake|48\/100\n|-damage|p2a: tea time|61\/100\n|-damage|p2b: yahaha|42\/100\n|move|p2b: yahaha|Light Screen|p2b: yahaha\n|-sidestart|p2: dreamer_bro|move: Light Screen\n|\n|-heal|p2a: tea time|67\/100|[from] item: Leftovers\n|-heal|p1b: Gastrodon|36\/100|[from] item: Leftovers\n|upkeep\n|turn|7\n|\n|t:|1699841399\n|-end|p1a: Walking Wake|Protosynthesis|[silent]\n|switch|p1a: Tornadus|Tornadus, M|100\/100\n|move|p1b: Gastrodon|Protect|p1b: Gastrodon\n|-singleturn|p1b: Gastrodon|Protect\n|move|p2b: yahaha|Protect|p2b: yahaha\n|-singleturn|p2b: yahaha|Protect\n|move|p2a: tea time|Matcha Gotcha|p1a: Tornadus|[spread] p1a\n|-activate|p1b: Gastrodon|move: Protect\n|-resisted|p1a: Tornadus\n|-damage|p1a: Tornadus|88\/100\n|-heal|p2a: tea time|73\/100|[from] drain|[of] p1a: Tornadus\n|-status|p1a: Tornadus|brn\n|\n|-heal|p2a: tea time|79\/100|[from] item: Leftovers\n|-heal|p1b: Gastrodon|42\/100|[from] item: Leftovers\n|-damage|p1a: Tornadus|82\/100 brn|[from] brn\n|upkeep\n|turn|8\n|\n|t:|1699841410\n|move|p1b: Gastrodon|Protect||[still]\n|-fail|p1b: Gastrodon\n|move|p2b: yahaha|Follow Me|p2b: yahaha\n|-singleturn|p2b: yahaha|move: Follow Me\n|move|p1a: Tornadus|Bleakwind Storm|p2a: tea time|[spread] p2a,p2b\n|-supereffective|p2a: tea time\n|-damage|p2a: tea time|29\/100\n|-damage|p2b: yahaha|28\/100\n|move|p2a: tea time|Nasty Plot|p2a: tea time\n|-boost|p2a: tea time|spa|2\n|\n|-heal|p2a: tea time|35\/100|[from] item: Leftovers\n|-heal|p1b: Gastrodon|48\/100|[from] item: Leftovers\n|-damage|p1a: Tornadus|76\/100 brn|[from] brn\n|upkeep\n|turn|9\n|\n|t:|1699841429\n|move|p1b: Gastrodon|Protect|p1b: Gastrodon\n|-singleturn|p1b: Gastrodon|Protect\n|move|p2b: yahaha|Protect|p2b: yahaha\n|-singleturn|p2b: yahaha|Protect\n|move|p1a: Tornadus|Bleakwind Storm|p2a: tea time|[spread] p2a\n|-activate|p2b: yahaha|move: Protect\n|-supereffective|p2a: tea time\n|-damage|p2a: tea time|0 fnt\n|faint|p2a: tea time\n|\n|-heal|p1b: Gastrodon|54\/100|[from] item: Leftovers\n|-damage|p1a: Tornadus|70\/100 brn|[from] brn\n|upkeep\n|\n|t:|1699841437\n|switch|p2a: bowl|Ting-Lu|100\/100\n|-ability|p2a: bowl|Vessel of Ruin\n|turn|10\n|inactive|vegetasfeet has 120 seconds left.\n|\n|t:|1699841474\n|switch|p2b: chump|Garchomp, M, shiny|100\/100\n|move|p2a: bowl|Throat Chop|p1a: Tornadus\n|-damage|p1a: Tornadus|22\/100 brn\n|-start|p1a: Tornadus|Throat Chop|[silent]\n|move|p1a: Tornadus|U-turn|p2a: bowl\n|-supereffective|p2a: bowl\n|-damage|p2a: bowl|89\/100\n|\n|t:|1699841481\n|switch|p1a: Walking Wake|Walking Wake|48\/100|[from] U-turn\n|move|p1b: Gastrodon|Surf|p2a: bowl|[spread] p1a,p2a,p2b\n|-resisted|p1a: Walking Wake\n|-supereffective|p2a: bowl\n|-damage|p1a: Walking Wake|39\/100\n|-damage|p2a: bowl|48\/100\n|-damage|p2b: chump|78\/100\n|\n|-heal|p1b: Gastrodon|60\/100|[from] item: Leftovers\n|-sideend|p2: dreamer_bro|move: Light Screen\n|upkeep\n|turn|11\n|\n|t:|1699841494\n|-terastallize|p1a: Walking Wake|Water\n|move|p1a: Walking Wake|Surf|p2a: bowl|[spread] p2a,p2b\n|-ability|p1b: Gastrodon|Storm Drain|boost\n|-boost|p1b: Gastrodon|spa|1\n|-supereffective|p2a: bowl\n|-damage|p2a: bowl|0 fnt\n|-damage|p2b: chump|24\/100\n|faint|p2a: bowl\n|move|p2b: chump|Rock Slide|p1b: Gastrodon|[spread] p1a,p1b\n|-resisted|p1b: Gastrodon\n|-damage|p1a: Walking Wake|9\/100\n|-damage|p1b: Gastrodon|44\/100\n|move|p1b: Gastrodon|Surf|p2b: chump|[spread] p1a,p2b\n|-resisted|p1a: Walking Wake\n|-damage|p1a: Walking Wake|0 fnt\n|-damage|p2b: chump|0 fnt\n|faint|p1a: Walking Wake\n|-end|p1a: Walking Wake|Protosynthesis|[silent]\n|faint|p2b: chump\n|\n|-heal|p1b: Gastrodon|50\/100|[from] item: Leftovers\n|upkeep\n|-message|dreamer_bro forfeited.\n|\n|win|vegetasfeet\n|raw|vegetasfeet's rating: 1205 &rarr; <strong>1223<\/strong><br \/>(+18 for winning)\n|raw|dreamer_bro's rating: 1101 &rarr; <strong>1083<\/strong><br \/>(-18 for losing)\n|l|\u2606dreamer_bro\n","uploadtime":1699841510,"views":28,"p1id":"vegetasfeet","p2id":"dreamerbro","formatid":"gen9doublesou","rating":1083,"private":0,"password":""}