{"id":"gen9doublesou-1987656305","p1":"pikeryer","p2":"killair","format":"[Gen 9] Doubles OU","log":"|j|\u2606pikeryer\n|j|\u2606killair\n|t:|1699624627\n|gametype|doubles\n|player|p1|pikeryer|dawn|1491\n|player|p2|killair|1|1377\n|teamsize|p1|6\n|teamsize|p2|6\n|gen|9\n|tier|[Gen 9] Doubles OU\n|rated|\n|rule|Species Clause: Limit one of each Pok\u00e9mon\n|rule|OHKO Clause: OHKO moves are banned\n|rule|Evasion Moves Clause: Evasion moves are banned\n|rule|Gravity Sleep Clause: The combination of sleep-inducing moves with imperfect accuracy and Gravity or Gigantamax Orbeetle are banned\n|rule|Endless Battle Clause: Forcing endless battles is banned\n|rule|HP Percentage Mod: HP is shown in percentages\n|clearpoke\n|poke|p1|Ninetales-Alola, M|\n|poke|p1|Arcanine-Hisui, M|\n|poke|p1|Iron Hands|\n|poke|p1|Flutter Mane|\n|poke|p1|Landorus, M|\n|poke|p1|Amoonguss, F|\n|poke|p2|Pelipper, F|\n|poke|p2|Regieleki|\n|poke|p2|Ludicolo, F|\n|poke|p2|Thundurus, M|\n|poke|p2|Breloom, M|\n|poke|p2|Politoed, F|\n|teampreview\n|\n|t:|1699624667\n|start\n|switch|p1a: Amoonguss|Amoonguss, F|100\/100\n|switch|p1b: Landorus|Landorus, M|100\/100\n|switch|p2a: Politoed|Politoed, F|100\/100\n|switch|p2b: Ludicolo|Ludicolo, F|100\/100\n|-weather|RainDance|[from] ability: Drizzle|[of] p2a: Politoed\n|turn|1\n|\n|t:|1699624690\n|switch|p1a: Ninetales|Ninetales-Alola, M|100\/100\n|-weather|Snow|[from] ability: Snow Warning|[of] p1a: Ninetales\n|-terastallize|p1b: Landorus|Water\n|move|p2b: Ludicolo|Fake Out|p1a: Ninetales\n|-damage|p1a: Ninetales|93\/100\n|-damage|p2b: Ludicolo|91\/100|[from] item: Life Orb\n|move|p2a: Politoed|Ice Beam|p1a: Ninetales\n|-resisted|p1a: Ninetales\n|-damage|p1a: Ninetales|73\/100\n|-damage|p2a: Politoed|91\/100|[from] item: Life Orb\n|move|p1b: Landorus|Sludge Bomb|p2b: Ludicolo\n|-supereffective|p2b: Ludicolo\n|-damage|p2b: Ludicolo|0 fnt\n|faint|p2b: Ludicolo\n|\n|-weather|Snow|[upkeep]\n|upkeep\n|\n|t:|1699624713\n|switch|p2b: Regieleki|Regieleki|100\/100\n|turn|2\n|\n|t:|1699624736\n|switch|p1a: Iron Hands|Iron Hands|100\/100\n|move|p1b: Landorus|Protect|p1b: Landorus\n|-singleturn|p1b: Landorus|Protect\n|move|p2b: Regieleki|Electroweb|p1b: Landorus|[spread] p1a\n|-activate|p1b: Landorus|move: Protect\n|-resisted|p1a: Iron Hands\n|-damage|p1a: Iron Hands|90\/100\n|-unboost|p1a: Iron Hands|spe|1\n|-damage|p2b: Regieleki|91\/100|[from] item: Life Orb\n|move|p2a: Politoed|Hydro Pump|p1a: Iron Hands\n|-damage|p1a: Iron Hands|55\/100\n|-damage|p2a: Politoed|81\/100|[from] item: Life Orb\n|\n|-weather|Snow|[upkeep]\n|upkeep\n|turn|3\n|\n|t:|1699624761\n|move|p2b: Regieleki|Protect|p2b: Regieleki\n|-singleturn|p2b: Regieleki|Protect\n|move|p1a: Iron Hands|Fake Out|p2b: Regieleki\n|-activate|p2b: Regieleki|move: Protect\n|move|p2a: Politoed|Hydro Pump|p1a: Iron Hands\n|-damage|p1a: Iron Hands|19\/100\n|-damage|p2a: Politoed|71\/100|[from] item: Life Orb\n|move|p1b: Landorus|Sandsear Storm|p2a: Politoed|[spread] p2a\n|-activate|p2b: Regieleki|move: Protect\n|-damage|p2a: Politoed|2\/100\n|\n|-weather|Snow|[upkeep]\n|upkeep\n|turn|4\n|\n|t:|1699624797\n|switch|p2a: Pelipper|Pelipper, F|100\/100\n|-weather|RainDance|[from] ability: Drizzle|[of] p2a: Pelipper\n|-end|p1a: Iron Hands|Quark Drive|[silent]\n|switch|p1a: Amoonguss|Amoonguss, F|100\/100\n|move|p2b: Regieleki|Thunder|p1b: Landorus\n|-supereffective|p1b: Landorus\n|-damage|p1b: Landorus|0 fnt\n|faint|p1b: Landorus\n|-damage|p2b: Regieleki|81\/100|[from] item: Life Orb\n|\n|-weather|RainDance|[upkeep]\n|upkeep\n|\n|t:|1699624812\n|switch|p1b: Ninetales|Ninetales-Alola, M|73\/100\n|-weather|Snow|[from] ability: Snow Warning|[of] p1b: Ninetales\n|turn|5\n|\n|t:|1699624831\n|switch|p2a: Politoed|Politoed, F|2\/100\n|-weather|RainDance|[from] ability: Drizzle|[of] p2a: Politoed\n|move|p2b: Regieleki|Thunder|p1b: Ninetales\n|-damage|p1b: Ninetales|0 fnt\n|faint|p1b: Ninetales\n|-damage|p2b: Regieleki|71\/100|[from] item: Life Orb\n|move|p1a: Amoonguss|Spore|p2b: Regieleki\n|-status|p2b: Regieleki|slp|[from] move: Spore\n|\n|-weather|RainDance|[upkeep]\n|upkeep\n|\n|t:|1699624847\n|switch|p1b: Iron Hands|Iron Hands|19\/100\n|turn|6\n|\n|t:|1699624855\n|move|p2a: Politoed|Protect|p2a: Politoed\n|-singleturn|p2a: Politoed|Protect\n|move|p1b: Iron Hands|Fake Out|p2a: Politoed\n|-activate|p2a: Politoed|move: Protect\n|cant|p2b: Regieleki|slp\n|move|p1a: Amoonguss|Pollen Puff|p1b: Iron Hands\n|-heal|p1b: Iron Hands|69\/100\n|\n|-weather|RainDance|[upkeep]\n|upkeep\n|turn|7\n|\n|t:|1699624889\n|move|p1a: Amoonguss|Rage Powder|p1a: Amoonguss\n|-singleturn|p1a: Amoonguss|move: Rage Powder\n|-curestatus|p2b: Regieleki|slp|[msg]\n|move|p2b: Regieleki|Thunder|p1a: Amoonguss\n|-resisted|p1a: Amoonguss\n|-damage|p1a: Amoonguss|62\/100\n|-status|p1a: Amoonguss|par\n|-damage|p2b: Regieleki|61\/100|[from] item: Life Orb\n|move|p2a: Politoed|Encore|p1a: Amoonguss\n|-start|p1a: Amoonguss|Encore\n|move|p1b: Iron Hands|Wild Charge|p2a: Politoed\n|-supereffective|p2a: Politoed\n|-damage|p2a: Politoed|0 fnt\n|faint|p2a: Politoed\n|-damage|p1b: Iron Hands|69\/100|[from] Recoil\n|\n|-weather|RainDance|[upkeep]\n|upkeep\n|\n|t:|1699624916\n|switch|p2a: Thundurus|Thundurus, M|100\/100\n|turn|8\n|\n|t:|1699624940\n|switch|p1a: Arcanine|Arcanine-Hisui, M, shiny|100\/100\n|-ability|p1a: Arcanine|Intimidate|boost\n|-unboost|p2a: Thundurus|atk|1\n|-unboost|p2b: Regieleki|atk|1\n|move|p2a: Thundurus|Taunt|p1a: Arcanine\n|-start|p1a: Arcanine|move: Taunt\n|move|p2b: Regieleki|Thunder|p1b: Iron Hands\n|-resisted|p1b: Iron Hands\n|-damage|p1b: Iron Hands|41\/100\n|-damage|p2b: Regieleki|51\/100|[from] item: Life Orb\n|move|p1b: Iron Hands|Drain Punch|p2b: Regieleki\n|-damage|p2b: Regieleki|0 fnt\n|-heal|p1b: Iron Hands|57\/100|[from] drain|[of] p2b: Regieleki\n|faint|p2b: Regieleki\n|\n|-weather|RainDance|[upkeep]\n|upkeep\n|\n|t:|1699624957\n|switch|p2b: Breloom|Breloom, M|100\/100\n|turn|9\n|\n|t:|1699624992\n|-terastallize|p2a: Thundurus|Electric\n|move|p2b: Breloom|Spore|p1b: Iron Hands\n|-status|p1b: Iron Hands|slp|[from] move: Spore\n|move|p2a: Thundurus|Thunder|p1b: Iron Hands\n|-resisted|p1b: Iron Hands\n|-damage|p1b: Iron Hands|29\/100 slp\n|-damage|p2a: Thundurus|90\/100|[from] item: Life Orb\n|move|p1a: Arcanine|Rock Slide|p2a: Thundurus|[spread] p2a,p2b\n|-resisted|p2b: Breloom\n|-damage|p2a: Thundurus|17\/100\n|-damage|p2b: Breloom|65\/100\n|cant|p1b: Iron Hands|slp\n|\n|-weather|none\n|upkeep\n|turn|10\n|\n|t:|1699625026\n|switch|p2a: Pelipper|Pelipper, F|100\/100\n|-weather|RainDance|[from] ability: Drizzle|[of] p2a: Pelipper\n|switch|p1a: Amoonguss|Amoonguss, F|95\/100 par\n|move|p2b: Breloom|Spore|p1a: Amoonguss\n|-immune|p1a: Amoonguss\n|cant|p1b: Iron Hands|slp\n|\n|-weather|RainDance|[upkeep]\n|upkeep\n|turn|11\n|\n|t:|1699625058\n|switch|p2b: Thundurus|Thundurus, M, tera:Electric|17\/100\n|move|p2a: Pelipper|Hurricane|p1b: Iron Hands\n|-damage|p1b: Iron Hands|0 fnt\n|faint|p1b: Iron Hands\n|-end|p1b: Iron Hands|Quark Drive|[silent]\n|-damage|p2a: Pelipper|91\/100|[from] item: Life Orb\n|move|p1a: Amoonguss|Pollen Puff|p1: Iron Hands|[notarget]\n|-fail|p1a: Amoonguss\n|\n|-weather|RainDance|[upkeep]\n|upkeep\n|\n|t:|1699625071\n|switch|p1b: Flutter Mane|Flutter Mane|100\/100\n|-enditem|p1b: Flutter Mane|Booster Energy\n|-activate|p1b: Flutter Mane|ability: Protosynthesis|[fromitem]\n|-start|p1b: Flutter Mane|protosynthesisspa\n|turn|12\n|\n|t:|1699625098\n|move|p1a: Amoonguss|Rage Powder|p1a: Amoonguss\n|-singleturn|p1a: Amoonguss|move: Rage Powder\n|move|p2b: Thundurus|Thunder Wave|p1a: Amoonguss\n|-fail|p1a: Amoonguss|par\n|move|p1b: Flutter Mane|Dazzling Gleam|p2a: Pelipper|[spread] p2a,p2b\n|-damage|p2a: Pelipper|11\/100\n|-damage|p2b: Thundurus|0 fnt\n|faint|p2b: Thundurus\n|move|p2a: Pelipper|Hurricane|p1a: Amoonguss\n|-supereffective|p1a: Amoonguss\n|-damage|p1a: Amoonguss|0 fnt\n|faint|p1a: Amoonguss\n|-damage|p2a: Pelipper|1\/100|[from] item: Life Orb\n|\n|-weather|RainDance|[upkeep]\n|upkeep\n|\n|t:|1699625114\n|switch|p2b: Breloom|Breloom, M|65\/100\n|switch|p1a: Arcanine|Arcanine-Hisui, M, shiny|100\/100\n|-ability|p1a: Arcanine|Intimidate|boost\n|-unboost|p2a: Pelipper|atk|1\n|-unboost|p2b: Breloom|atk|1\n|turn|13\n|\n|t:|1699625137\n|move|p2a: Pelipper|Protect|p2a: Pelipper\n|-singleturn|p2a: Pelipper|Protect\n|move|p1a: Arcanine|Extreme Speed|p2a: Pelipper\n|-activate|p2a: Pelipper|move: Protect\n|move|p2b: Breloom|Rock Slide|p1b: Flutter Mane|[spread] p1a,p1b\n|-supereffective|p1a: Arcanine\n|-damage|p1a: Arcanine|76\/100\n|-damage|p1b: Flutter Mane|75\/100\n|move|p1b: Flutter Mane|Moonblast|p2b: Breloom\n|-supereffective|p2b: Breloom\n|-damage|p2b: Breloom|0 fnt\n|faint|p2b: Breloom\n|\n|-weather|RainDance|[upkeep]\n|upkeep\n|turn|14\n|-message|killair forfeited.\n|\n|win|pikeryer\n|raw|pikeryer's rating: 1491 &rarr; <strong>1505<\/strong><br \/>(+14 for winning)\n|raw|killair's rating: 1377 &rarr; <strong>1363<\/strong><br \/>(-14 for losing)\n|l|\u2606killair\n|c|\u2606pikeryer|gg\n","uploadtime":1699625162,"views":9,"p1id":"pikeryer","p2id":"killair","formatid":"gen9doublesou","rating":1363,"private":0,"password":""}