{"id":"gen9doublesou-1984300298","p1":"quiewr","p2":"GodsGiftToPokemon","format":"[Gen 9] Doubles OU","log":"|j|\u2606quiewr\n|j|\u2606GodsGiftToPokemon\n|t:|1699240792\n|gametype|doubles\n|player|p1|quiewr|hilda|\n|player|p2|GodsGiftToPokemon|chef|\n|teamsize|p1|6\n|teamsize|p2|6\n|gen|9\n|tier|[Gen 9] Doubles OU\n|rule|Species Clause: Limit one of each Pok\u00e9mon\n|rule|OHKO Clause: OHKO moves are banned\n|rule|Evasion Moves Clause: Evasion moves are banned\n|rule|Gravity Sleep Clause: The combination of sleep-inducing moves with imperfect accuracy and Gravity or Gigantamax Orbeetle are banned\n|rule|Endless Battle Clause: Forcing endless battles is banned\n|rule|HP Percentage Mod: HP is shown in percentages\n|clearpoke\n|poke|p1|Hatterene, F|\n|poke|p1|Garchomp, M|\n|poke|p1|Rotom-Heat|\n|poke|p1|Spectrier|\n|poke|p1|Greninja-*, F|\n|poke|p1|Decidueye-Hisui, M|\n|poke|p2|Dusclops, F|\n|poke|p2|Iron Hands|\n|poke|p2|Cresselia, F|\n|poke|p2|Landorus-Therian, M|\n|poke|p2|Sylveon, F|\n|poke|p2|Snorlax, F|\n|teampreview\n|c|\u2606quiewr|hello!!\n|c|\u2606GodsGiftToPokemon|glhf!\n|c|\u2606quiewr|you too!\n|\n|t:|1699240824\n|start\n|switch|p1a: Hatt|Hatterene, F|100\/100\n|switch|p1b: Decidueye|Decidueye-Hisui, M|100\/100\n|switch|p2a: Landorus|Landorus-Therian, M, shiny|100\/100\n|switch|p2b: Cresselia|Cresselia, F|100\/100\n|-ability|p2a: Landorus|Intimidate|boost\n|-unboost|p1a: Hatt|atk|1\n|-fail|p1b: Decidueye|unboost|Attack|[from] ability: Scrappy|[of] p1b: Decidueye\n|turn|1\n|\n|t:|1699240873\n|move|p2a: Landorus|U-turn|p1b: Decidueye\n|-damage|p1b: Decidueye|69\/100\n|-damage|p2a: Landorus|84\/100|[from] item: Rocky Helmet|[of] p1b: Decidueye\n|\n|t:|1699240883\n|switch|p2a: Sylveon|Sylveon, F, shiny|100\/100|[from] U-turn\n|move|p1b: Decidueye|Tailwind|p1b: Decidueye\n|-sidestart|p1: quiewr|move: Tailwind\n|move|p1a: Hatt|Light Screen|p1a: Hatt\n|-sidestart|p1: quiewr|move: Light Screen\n|move|p2b: Cresselia|Trick Room|p2b: Cresselia\n|-fieldstart|move: Trick Room|[of] p2b: Cresselia\n|\n|upkeep\n|turn|2\n|\n|t:|1699240972\n|move|p1b: Decidueye|Protect|p1b: Decidueye\n|-singleturn|p1b: Decidueye|Protect\n|move|p2a: Sylveon|Hyper Voice|p1b: Decidueye|[spread] p1a\n|-activate|p1b: Decidueye|move: Protect\n|-damage|p1a: Hatt|80\/100\n|-enditem|p2a: Sylveon|Throat Spray\n|-boost|p2a: Sylveon|spa|1|[from] item: Throat Spray\n|move|p1a: Hatt|Psychic|p2a: Sylveon\n|-damage|p2a: Sylveon|70\/100\n|move|p2b: Cresselia|Moonblast|p1b: Decidueye\n|-activate|p1b: Decidueye|move: Protect\n|\n|upkeep\n|turn|3\n|\n|t:|1699241010\n|switch|p1b: Easy-Bake|Rotom-Heat|100\/100\n|move|p2b: Cresselia|Ally Switch|p2b: Cresselia\n|swap|p2b: Cresselia|0|[from] move: Ally Switch\n|move|p2b: Sylveon|Hyper Voice|p1b: Easy-Bake|[spread] p1a,p1b\n|-resisted|p1b: Easy-Bake\n|-damage|p1a: Hatt|47\/100\n|-damage|p1b: Easy-Bake|74\/100\n|move|p1a: Hatt|Psychic|p2a: Cresselia\n|-resisted|p2a: Cresselia\n|-damage|p2a: Cresselia|88\/100\n|\n|upkeep\n|turn|4\n|\n|t:|1699241032\n|move|p2b: Sylveon|Hyper Voice|p1a: Hatt|[spread] p1a,p1b\n|-crit|p1a: Hatt\n|-resisted|p1b: Easy-Bake\n|-damage|p1a: Hatt|0 fnt\n|-damage|p1b: Easy-Bake|45\/100\n|faint|p1a: Hatt\n|move|p2a: Cresselia|Lunar Blessing|p2a: Cresselia|[spread] p2a,p2b\n|-heal|p2a: Cresselia|100\/100\n|-heal|p2b: Sylveon|95\/100\n|move|p1b: Easy-Bake|Thunderbolt|p2a: Cresselia\n|-damage|p2a: Cresselia|77\/100\n|\n|-sideend|p1: quiewr|move: Tailwind\n|upkeep\n|\n|t:|1699241048\n|switch|p1a: Spectrier|Spectrier|100\/100\n|turn|5\n|\n|t:|1699241064\n|move|p1b: Easy-Bake|Protect|p1b: Easy-Bake\n|-singleturn|p1b: Easy-Bake|Protect\n|move|p2b: Sylveon|Tera Blast|p1a: Spectrier\n|-damage|p1a: Spectrier|41\/100\n|move|p2a: Cresselia|Moonblast|p1a: Spectrier\n|-damage|p1a: Spectrier|27\/100\n|move|p1a: Spectrier|Will-O-Wisp|p2b: Sylveon\n|-status|p2b: Sylveon|brn\n|\n|-damage|p2b: Sylveon|89\/100 brn|[from] brn\n|-fieldend|move: Trick Room\n|upkeep\n|turn|6\n|\n|t:|1699241132\n|move|p1b: Easy-Bake|Helping Hand|p1a: Spectrier\n|-singleturn|p1a: Spectrier|Helping Hand|[of] p1b: Easy-Bake\n|move|p2a: Cresselia|Ally Switch|p2a: Cresselia\n|swap|p2a: Cresselia|1|[from] move: Ally Switch\n|move|p1a: Spectrier|Shadow Ball|p2a: Sylveon\n|-damage|p2a: Sylveon|38\/100 brn\n|move|p2a: Sylveon|Hyper Voice|p1b: Easy-Bake|[spread] p1a,p1b\n|-resisted|p1b: Easy-Bake\n|-damage|p1a: Spectrier|0 fnt\n|-damage|p1b: Easy-Bake|19\/100\n|faint|p1a: Spectrier\n|\n|-damage|p2a: Sylveon|32\/100 brn|[from] brn\n|upkeep\n|c|\u2606quiewr|OH I DIDNT THINK I HAD TO PRESS ANYTHING SORRY\n|\n|t:|1699241151\n|switch|p1a: Greninja|Greninja, F|100\/100\n|turn|7\n|c|\u2606GodsGiftToPokemon|lmao no worries!!\n|\n|t:|1699241176\n|move|p2a: Sylveon|Protect|p2a: Sylveon\n|-singleturn|p2a: Sylveon|Protect\n|move|p1a: Greninja|Ice Beam|p2b: Cresselia\n|-start|p1a: Greninja|typechange|Ice|[from] ability: Protean\n|-damage|p2b: Cresselia|57\/100\n|move|p1b: Easy-Bake|Thunderbolt|p2b: Cresselia\n|-damage|p2b: Cresselia|36\/100\n|move|p2b: Cresselia|Trick Room|p2b: Cresselia\n|-fieldstart|move: Trick Room|[of] p2b: Cresselia\n|\n|-damage|p2a: Sylveon|26\/100 brn|[from] brn\n|upkeep\n|turn|8\n|\n|t:|1699241204\n|move|p1b: Easy-Bake|Protect|p1b: Easy-Bake\n|-singleturn|p1b: Easy-Bake|Protect\n|move|p2a: Sylveon|Hyper Voice|p1b: Easy-Bake|[spread] p1a\n|-activate|p1b: Easy-Bake|move: Protect\n|-damage|p1a: Greninja|40\/100\n|move|p2b: Cresselia|Lunar Blessing|p2b: Cresselia|[spread] p2a,p2b\n|-heal|p2a: Sylveon|51\/100 brn\n|-curestatus|p2a: Sylveon|brn|[msg]\n|-heal|p2b: Cresselia|61\/100\n|move|p1a: Greninja|Toxic Spikes|p2a: Sylveon\n|-sidestart|p2: GodsGiftToPokemon|move: Toxic Spikes\n|\n|-sideend|p1: quiewr|move: Light Screen\n|upkeep\n|turn|9\n|\n|t:|1699241237\n|move|p2a: Sylveon|Hyper Voice|p1b: Easy-Bake|[spread] p1a,p1b\n|-resisted|p1b: Easy-Bake\n|-damage|p1a: Greninja|0 fnt\n|-damage|p1b: Easy-Bake|0 fnt\n|faint|p1a: Greninja\n|faint|p1b: Easy-Bake\n|move|p2b: Cresselia|Lunar Blessing|p2b: Cresselia|[spread] p2a,p2b\n|-heal|p2a: Sylveon|76\/100\n|-heal|p2b: Cresselia|86\/100\n|\n|upkeep\n|\n|t:|1699241255\n|switch|p1b: Garchomp|Garchomp, M|100\/100\n|switch|p1a: Decidueye|Decidueye-Hisui, M|69\/100\n|turn|10\n|\n|t:|1699241273\n|-terastallize|p1b: Garchomp|Steel\n|move|p2b: Cresselia|Ally Switch|p2b: Cresselia\n|swap|p2b: Cresselia|0|[from] move: Ally Switch\n|move|p1a: Decidueye|Roost|p1a: Decidueye\n|-heal|p1a: Decidueye|100\/100\n|-singleturn|p1a: Decidueye|move: Roost\n|move|p2b: Sylveon|Hyper Voice|p1b: Garchomp|[spread] p1a,p1b\n|-supereffective|p1a: Decidueye\n|-resisted|p1b: Garchomp\n|-damage|p1a: Decidueye|15\/100\n|-damage|p1b: Garchomp|68\/100\n|move|p1b: Garchomp|Iron Head|p2a: Cresselia\n|-damage|p2a: Cresselia|59\/100\n|-damage|p1b: Garchomp|52\/100|[from] item: Rocky Helmet|[of] p2a: Cresselia\n|\n|upkeep\n|turn|11\n|\n|t:|1699241300\n|-terastallize|p2b: Sylveon|Fire\n|move|p1a: Decidueye|Protect|p1a: Decidueye\n|-singleturn|p1a: Decidueye|Protect\n|move|p2b: Sylveon|Tera Blast|p1b: Garchomp|[anim] Tera Blast Fire\n|-supereffective|p1b: Garchomp\n|-damage|p1b: Garchomp|0 fnt\n|faint|p1b: Garchomp\n|move|p2a: Cresselia|Moonblast|p1a: Decidueye\n|-activate|p1a: Decidueye|move: Protect\n|\n|-fieldend|move: Trick Room\n|upkeep\n|turn|12\n|\n|t:|1699241322\n|move|p2b: Sylveon|Quick Attack|p1a: Decidueye\n|-supereffective|p1a: Decidueye\n|-damage|p1a: Decidueye|0 fnt\n|-damage|p2b: Sylveon|59\/100|[from] item: Rocky Helmet|[of] p1a: Decidueye\n|faint|p1a: Decidueye\n|\n|win|GodsGiftToPokemon\n|c|\u2606GodsGiftToPokemon|gg\n|c|\u2606quiewr|gg!you're really good lmao\n|c|\u2606GodsGiftToPokemon|thanks! i've been practicing a lot\n|c|\u2606quiewr|it shows!!\n|c|\u2606GodsGiftToPokemon|and nice to meet you btw, been a while since i was active\n","uploadtime":1699241389,"views":12,"p1id":"quiewr","p2id":"godsgifttopokemon","formatid":"gen9doublesou","rating":0,"private":0,"password":""}