{"id":"gen9doublesou-1997210361","p1":"PoliteGhost","p2":"Jdr0045Xx","format":"[Gen 9] Doubles OU","log":"|j|\u2606PoliteGhost\n|j|\u2606Jdr0045Xx\n|t:|1700775933\n|gametype|doubles\n|player|p1|PoliteGhost|giovanni|1446\n|player|p2|Jdr0045Xx|steven|1551\n|teamsize|p1|6\n|teamsize|p2|6\n|gen|9\n|tier|[Gen 9] Doubles OU\n|rated|\n|rule|Species Clause: Limit one of each Pok\u00e9mon\n|rule|OHKO Clause: OHKO moves are banned\n|rule|Evasion Moves Clause: Evasion moves are banned\n|rule|Gravity Sleep Clause: The combination of sleep-inducing moves with imperfect accuracy and Gravity or Gigantamax Orbeetle are banned\n|rule|Endless Battle Clause: Forcing endless battles is banned\n|rule|HP Percentage Mod: HP is shown in percentages\n|clearpoke\n|poke|p1|Amoonguss, M|\n|poke|p1|Iron Hands|\n|poke|p1|Landorus-Therian, M|\n|poke|p1|Flutter Mane|\n|poke|p1|Iron Bundle|\n|poke|p1|Chi-Yu|\n|poke|p2|Walking Wake|\n|poke|p2|Zoroark-Hisui, F|\n|poke|p2|Kingambit, M|\n|poke|p2|Grimmsnarl, M|\n|poke|p2|Pawmot, M|\n|poke|p2|Dragonite, F|\n|teampreview\n|\n|t:|1700775986\n|start\n|switch|p1a: Iron Hands|Iron Hands|100\/100\n|switch|p1b: Landorus|Landorus-Therian, M|100\/100\n|switch|p2a: Kingambit|Kingambit, M|100\/100\n|switch|p2b: Grimmsnarl|Grimmsnarl, M|100\/100\n|-ability|p1b: Landorus|Intimidate|boost\n|-unboost|p2a: Kingambit|atk|1\n|-unboost|p2b: Grimmsnarl|atk|1\n|turn|1\n|\n|t:|1700776002\n|move|p2b: Grimmsnarl|Fake Out|p1b: Landorus\n|-damage|p1b: Landorus|89\/100\n|move|p2a: Kingambit|Will-O-Wisp|p1a: Iron Hands\n|-status|p1a: Iron Hands|brn\n|cant|p1b: Landorus|flinch\n|move|p1a: Iron Hands|Heavy Slam|p2b: Grimmsnarl\n|-supereffective|p2b: Grimmsnarl\n|-damage|p2b: Grimmsnarl|46\/100\n|-enditem|p2b: Grimmsnarl|Sitrus Berry|[eat]\n|-heal|p2b: Grimmsnarl|71\/100|[from] item: Sitrus Berry\n|\n|-damage|p1a: Iron Hands|94\/100 brn|[from] brn\n|upkeep\n|turn|2\n|\n|t:|1700776049\n|move|p2a: Kingambit|Protect|p2a: Kingambit\n|-singleturn|p2a: Kingambit|Protect\n|move|p1b: Landorus|U-turn|p2a: Kingambit\n|-activate|p2a: Kingambit|move: Protect\n|move|p2b: Grimmsnarl|Foul Play|p1b: Landorus\n|-damage|p1b: Landorus|20\/100\n|-enditem|p1b: Landorus|Sitrus Berry|[eat]\n|-heal|p1b: Landorus|45\/100|[from] item: Sitrus Berry\n|move|p1a: Iron Hands|Heavy Slam|p2b: Grimmsnarl\n|-supereffective|p2b: Grimmsnarl\n|-damage|p2b: Grimmsnarl|6\/100\n|\n|-damage|p1a: Iron Hands|88\/100 brn|[from] brn\n|upkeep\n|turn|3\n|\n|t:|1700776084\n|move|p2b: Grimmsnarl|Thunder Wave|p1b: Landorus\n|-immune|p1b: Landorus\n|move|p2a: Kingambit|Will-O-Wisp|p1b: Landorus\n|-status|p1b: Landorus|brn\n|move|p1b: Landorus|U-turn|p2a: Kingambit\n|-resisted|p2a: Kingambit\n|-damage|p2a: Kingambit|87\/100\n|replace|p2a: Zoroark|Zoroark-Hisui, F\n|-end|p2a: Zoroark|Illusion\n|\n|t:|1700776095\n|switch|p1b: Chi-Yu|Chi-Yu|100\/100|[from] U-turn\n|-ability|p1b: Chi-Yu|Beads of Ruin\n|move|p1a: Iron Hands|Heavy Slam|p2b: Grimmsnarl\n|-supereffective|p2b: Grimmsnarl\n|-damage|p2b: Grimmsnarl|0 fnt\n|faint|p2b: Grimmsnarl\n|\n|-damage|p1a: Iron Hands|82\/100 brn|[from] brn\n|upkeep\n|\n|t:|1700776101\n|switch|p2b: Walking Wake|Walking Wake|100\/100\n|turn|4\n|\n|t:|1700776119\n|-terastallize|p1b: Chi-Yu|Ghost\n|move|p2a: Zoroark|Protect|p2a: Zoroark\n|-singleturn|p2a: Zoroark|Protect\n|move|p2b: Walking Wake|Hydro Steam|p1b: Chi-Yu\n|-damage|p1b: Chi-Yu|31\/100\n|move|p1b: Chi-Yu|Dark Pulse|p2a: Zoroark\n|-activate|p2a: Zoroark|move: Protect\n|move|p1a: Iron Hands|Wild Charge|p2b: Walking Wake\n|-damage|p2b: Walking Wake|72\/100\n|-damage|p1a: Iron Hands|77\/100 brn|[from] Recoil\n|\n|-damage|p1a: Iron Hands|71\/100 brn|[from] brn\n|upkeep\n|turn|5\n|\n|t:|1700776169\n|switch|p1b: Iron Bundle|Iron Bundle|100\/100\n|-end|p1a: Iron Hands|Quark Drive|[silent]\n|switch|p1a: Amoonguss|Amoonguss, M|100\/100\n|move|p2a: Zoroark|Bitter Malice|p1b: Iron Bundle\n|-damage|p1b: Iron Bundle|27\/100\n|-unboost|p1b: Iron Bundle|atk|1\n|move|p2b: Walking Wake|Hydro Steam|p1a: Amoonguss\n|-resisted|p1a: Amoonguss\n|-damage|p1a: Amoonguss|79\/100\n|\n|upkeep\n|turn|6\n|\n|t:|1700776191\n|move|p2a: Zoroark|Protect|p2a: Zoroark\n|-singleturn|p2a: Zoroark|Protect\n|move|p1b: Iron Bundle|Freeze-Dry|p2b: Walking Wake\n|-supereffective|p2b: Walking Wake\n|-damage|p2b: Walking Wake|0 fnt\n|faint|p2b: Walking Wake\n|-end|p2b: Walking Wake|Protosynthesis|[silent]\n|move|p1a: Amoonguss|Spore|p2a: Zoroark\n|-activate|p2a: Zoroark|move: Protect\n|\n|upkeep\n|\n|t:|1700776206\n|switch|p2b: Pawmot|Pawmot, M|100\/100\n|turn|7\n|\n|t:|1700776230\n|-end|p1b: Iron Bundle|Quark Drive|[silent]\n|switch|p1b: Landorus|Landorus-Therian, M|45\/100 brn\n|-ability|p1b: Landorus|Intimidate|boost\n|-unboost|p2a: Zoroark|atk|1\n|-unboost|p2b: Pawmot|atk|1\n|move|p2b: Pawmot|Fake Out|p1b: Landorus\n|-damage|p1b: Landorus|35\/100 brn\n|move|p2a: Zoroark|Focus Blast|p1b: Landorus|[miss]\n|-miss|p2a: Zoroark|p1b: Landorus\n|move|p1a: Amoonguss|Spore|p2a: Zoroark\n|-status|p2a: Zoroark|slp|[from] move: Spore\n|\n|-damage|p1b: Landorus|29\/100 brn|[from] brn\n|upkeep\n|turn|8\n|\n|t:|1700776249\n|cant|p2a: Zoroark|slp\n|move|p1a: Amoonguss|Rage Powder|p1a: Amoonguss\n|-singleturn|p1a: Amoonguss|move: Rage Powder\n|move|p2b: Pawmot|Revival Blessing|p2b: Pawmot\n|\n|t:|1700776265\n|-heal|p2: Walking Wake|50\/100|[from] move: Revival Blessing\n|move|p1b: Landorus|Stomping Tantrum|p2b: Pawmot\n|-supereffective|p2b: Pawmot\n|-damage|p2b: Pawmot|21\/100\n|\n|-damage|p1b: Landorus|23\/100 brn|[from] brn\n|upkeep\n|turn|9\n|\n|t:|1700776279\n|cant|p2a: Zoroark|slp\n|move|p2b: Pawmot|Brick Break|p1b: Landorus\n|-resisted|p1b: Landorus\n|-damage|p1b: Landorus|9\/100 brn\n|move|p1b: Landorus|Stomping Tantrum|p2b: Pawmot\n|-supereffective|p2b: Pawmot\n|-damage|p2b: Pawmot|0 fnt\n|faint|p2b: Pawmot\n|move|p1a: Amoonguss|Pollen Puff|p1b: Landorus\n|-heal|p1b: Landorus|59\/100 brn\n|\n|-damage|p1b: Landorus|53\/100 brn|[from] brn\n|upkeep\n|\n|t:|1700776289\n|switch|p2b: Dragonite|Dragonite, F|100\/100\n|turn|10\n|\n|t:|1700776299\n|switch|p1b: Flutter Mane|Flutter Mane|100\/100\n|-enditem|p1b: Flutter Mane|Booster Energy\n|-activate|p1b: Flutter Mane|ability: Protosynthesis|[fromitem]\n|-start|p1b: Flutter Mane|protosynthesisspe\n|-curestatus|p2a: Zoroark|slp|[msg]\n|move|p2a: Zoroark|Will-O-Wisp|p1a: Amoonguss\n|-status|p1a: Amoonguss|brn\n|move|p2b: Dragonite|Ice Beam|p1b: Flutter Mane\n|-damage|p1b: Flutter Mane|72\/100\n|move|p1a: Amoonguss|Spore|p2b: Dragonite\n|-status|p2b: Dragonite|slp|[from] move: Spore\n|\n|-damage|p1a: Amoonguss|73\/100 brn|[from] brn\n|upkeep\n|turn|11\n|\n|t:|1700776321\n|move|p1b: Flutter Mane|Moonblast|p2b: Dragonite\n|-supereffective|p2b: Dragonite\n|-damage|p2b: Dragonite|43\/100 slp\n|move|p2a: Zoroark|Bitter Malice|p1b: Flutter Mane\n|-supereffective|p1b: Flutter Mane\n|-crit|p1b: Flutter Mane\n|-damage|p1b: Flutter Mane|0 fnt\n|faint|p1b: Flutter Mane\n|-end|p1b: Flutter Mane|Protosynthesis|[silent]\n|cant|p2b: Dragonite|slp\n|move|p1a: Amoonguss|Spore|p2a: Zoroark\n|-status|p2a: Zoroark|slp|[from] move: Spore\n|\n|-damage|p1a: Amoonguss|67\/100 brn|[from] brn\n|upkeep\n|\n|t:|1700776336\n|switch|p1b: Iron Bundle|Iron Bundle|27\/100\n|turn|12\n|\n|t:|1700776348\n|move|p1b: Iron Bundle|Freeze-Dry|p2b: Dragonite\n|-supereffective|p2b: Dragonite\n|-damage|p2b: Dragonite|0 fnt\n|faint|p2b: Dragonite\n|cant|p2a: Zoroark|slp\n|move|p1a: Amoonguss|Pollen Puff|p1b: Iron Bundle\n|-heal|p1b: Iron Bundle|77\/100\n|\n|-damage|p1a: Amoonguss|61\/100 brn|[from] brn\n|upkeep\n|\n|t:|1700776366\n|switch|p2b: Kingambit|Kingambit, M|100\/100\n|-activate|p2b: Kingambit|ability: Supreme Overlord\n|-start|p2b: Kingambit|fallen4|[silent]\n|turn|13\n|\n|t:|1700776390\n|-end|p1b: Iron Bundle|Quark Drive|[silent]\n|switch|p1b: Chi-Yu|Chi-Yu, tera:Ghost|31\/100\n|-ability|p1b: Chi-Yu|Beads of Ruin\n|cant|p2a: Zoroark|slp\n|move|p2b: Kingambit|Kowtow Cleave|p1a: Amoonguss\n|-damage|p1a: Amoonguss|0 fnt\n|-damage|p2b: Kingambit|84\/100|[from] item: Rocky Helmet|[of] p1a: Amoonguss\n|faint|p1a: Amoonguss\n|\n|upkeep\n|\n|t:|1700776408\n|switch|p1a: Landorus|Landorus-Therian, M|53\/100 brn\n|-ability|p1a: Landorus|Intimidate|boost\n|-unboost|p2a: Zoroark|atk|1\n|-unboost|p2b: Kingambit|atk|1\n|turn|14\n|\n|t:|1700776429\n|-terastallize|p2b: Kingambit|Fairy\n|move|p2b: Kingambit|Sucker Punch|p1a: Landorus\n|-damage|p1a: Landorus|6\/100 brn\n|-curestatus|p2a: Zoroark|slp|[msg]\n|move|p2a: Zoroark|Bitter Malice|p1b: Chi-Yu\n|-supereffective|p1b: Chi-Yu\n|-damage|p1b: Chi-Yu|0 fnt\n|faint|p1b: Chi-Yu\n|move|p1a: Landorus|Stomping Tantrum|p2b: Kingambit\n|-damage|p2b: Kingambit|67\/100\n|\n|-damage|p1a: Landorus|0 fnt|[from] brn\n|faint|p1a: Landorus\n|upkeep\n|\n|t:|1700776443\n|switch|p1b: Iron Bundle|Iron Bundle|77\/100\n|switch|p1a: Iron Hands|Iron Hands|71\/100 brn\n|turn|15\n|\n|t:|1700776465\n|move|p2b: Kingambit|Sucker Punch|p1a: Iron Hands\n|-resisted|p1a: Iron Hands\n|-damage|p1a: Iron Hands|58\/100 brn\n|move|p1b: Iron Bundle|Freeze-Dry|p2a: Zoroark\n|-damage|p2a: Zoroark|14\/100\n|move|p2a: Zoroark|Focus Blast|p1b: Iron Bundle\n|-supereffective|p1b: Iron Bundle\n|-damage|p1b: Iron Bundle|0 fnt\n|faint|p1b: Iron Bundle\n|-end|p1b: Iron Bundle|Quark Drive|[silent]\n|move|p1a: Iron Hands|Heavy Slam|p2b: Kingambit\n|-supereffective|p2b: Kingambit\n|-damage|p2b: Kingambit|43\/100\n|\n|-damage|p1a: Iron Hands|52\/100 brn|[from] brn\n|upkeep\n|turn|16\n|\n|t:|1700776484\n|move|p2a: Zoroark|Bitter Malice|p1a: Iron Hands\n|-damage|p1a: Iron Hands|30\/100 brn\n|-unboost|p1a: Iron Hands|atk|1\n|move|p2b: Kingambit|Stone Edge|p1a: Iron Hands\n|-resisted|p1a: Iron Hands\n|-damage|p1a: Iron Hands|18\/100 brn\n|move|p1a: Iron Hands|Heavy Slam|p2b: Kingambit\n|-supereffective|p2b: Kingambit\n|-damage|p2b: Kingambit|28\/100\n|\n|-damage|p1a: Iron Hands|12\/100 brn|[from] brn\n|upkeep\n|turn|17\n|\n|t:|1700776498\n|move|p2a: Zoroark|Focus Blast|p1a: Iron Hands|[miss]\n|-miss|p2a: Zoroark|p1a: Iron Hands\n|move|p1a: Iron Hands|Drain Punch|p2b: Kingambit\n|-resisted|p2b: Kingambit\n|-crit|p2b: Kingambit\n|-damage|p2b: Kingambit|16\/100\n|-heal|p1a: Iron Hands|17\/100 brn|[from] drain|[of] p2b: Kingambit\n|move|p2b: Kingambit|Iron Head|p1a: Iron Hands\n|-resisted|p1a: Iron Hands\n|-damage|p1a: Iron Hands|2\/100 brn\n|\n|-damage|p1a: Iron Hands|0 fnt|[from] brn\n|faint|p1a: Iron Hands\n|-end|p1a: Iron Hands|Quark Drive|[silent]\n|\n|win|Jdr0045Xx\n|upkeep\n|raw|PoliteGhost's rating: 1446 &rarr; <strong>1432<\/strong><br \/>(-14 for losing)\n|raw|Jdr0045Xx's rating: 1551 &rarr; <strong>1565<\/strong><br \/>(+14 for winning)\n|l|\u2606Jdr0045Xx\n","uploadtime":1700776509,"views":5,"p1id":"politeghost","p2id":"jdr0045xx","formatid":"gen9doublesou","rating":1432,"private":0,"password":""}