{"id":"gen9doublesou-1996199054","p1":"cotesmcgotes","p2":"goopaloopa","format":"[Gen 9] Doubles OU","log":"|j|\u2606cotesmcgotes\n|j|\u2606goopaloopa\n|t:|1700658186\n|gametype|doubles\n|player|p1|cotesmcgotes|flannery|1206\n|player|p2|goopaloopa|hugh|1115\n|teamsize|p1|6\n|teamsize|p2|6\n|gen|9\n|tier|[Gen 9] Doubles OU\n|rated|\n|rule|Species Clause: Limit one of each Pok\u00e9mon\n|rule|OHKO Clause: OHKO moves are banned\n|rule|Evasion Moves Clause: Evasion moves are banned\n|rule|Gravity Sleep Clause: The combination of sleep-inducing moves with imperfect accuracy and Gravity or Gigantamax Orbeetle are banned\n|rule|Endless Battle Clause: Forcing endless battles is banned\n|rule|HP Percentage Mod: HP is shown in percentages\n|clearpoke\n|poke|p1|Cresselia, F|\n|poke|p1|Overqwil, M|\n|poke|p1|Tornadus, M|\n|poke|p1|Brute Bonnet|\n|poke|p1|Volcanion|\n|poke|p1|Iron Valiant|\n|poke|p2|Zapdos|\n|poke|p2|Ninetales-Alola, M|\n|poke|p2|Gholdengo|\n|poke|p2|Sinistcha-Masterpiece|\n|poke|p2|Palafin, F|\n|poke|p2|Grimmsnarl, M|\n|teampreview\n|\n|t:|1700658209\n|start\n|switch|p1a: Tornadus|Tornadus, M, shiny|100\/100\n|switch|p1b: Overqwil|Overqwil, M|100\/100\n|switch|p2a: Ninetales|Ninetales-Alola, M|100\/100\n|switch|p2b: Grimmsnarl|Grimmsnarl, M|100\/100\n|-weather|Snow|[from] ability: Snow Warning|[of] p2a: Ninetales\n|turn|1\n|inactive|Battle timer is ON: inactive players will automatically lose when time's up. (requested by cotesmcgotes)\n|inactive|goopaloopa has 120 seconds left.\n|\n|t:|1700658264\n|move|p1a: Tornadus|Rain Dance|p1a: Tornadus\n|-weather|RainDance\n|move|p2b: Grimmsnarl|Parting Shot|p1b: Overqwil\n|-hint|Since gen 7, Dark is immune to Prankster moves.\n|-immune|p1b: Overqwil\n|move|p1b: Overqwil|Toxic Spikes|p2b: Grimmsnarl\n|-sidestart|p2: goopaloopa|move: Toxic Spikes\n|move|p2a: Ninetales|Blizzard|p1b: Overqwil|[spread] p1a,p1b\n|-supereffective|p1a: Tornadus\n|-damage|p1a: Tornadus|49\/100\n|-damage|p1b: Overqwil|53\/100\n|\n|-weather|RainDance|[upkeep]\n|-heal|p1b: Overqwil|59\/100|[from] item: Black Sludge\n|upkeep\n|turn|2\n|\n|t:|1700658284\n|move|p1a: Tornadus|Tailwind|p1a: Tornadus\n|-sidestart|p1: cotesmcgotes|move: Tailwind\n|move|p2b: Grimmsnarl|Taunt|p1b: Overqwil\n|-hint|Since gen 7, Dark is immune to Prankster moves.\n|-immune|p1b: Overqwil\n|move|p1b: Overqwil|Toxic Spikes|p2a: Ninetales\n|-sidestart|p2: goopaloopa|move: Toxic Spikes\n|move|p2a: Ninetales|Blizzard|p1b: Overqwil|[spread] p1a,p1b\n|-supereffective|p1a: Tornadus\n|-damage|p1a: Tornadus|3\/100\n|-damage|p1b: Overqwil|11\/100\n|-status|p1a: Tornadus|frz\n|\n|-weather|RainDance|[upkeep]\n|-heal|p1b: Overqwil|18\/100|[from] item: Black Sludge\n|upkeep\n|turn|3\n|l|\u2606cotesmcgotes\n|inactive|cotesmcgotes disconnected and has a minute to reconnect!\n|player|p1|\n|j|\u2606cotesmcgotes\n|inactive|cotesmcgotes reconnected and has 120 seconds left.\n|player|p1|cotesmcgotes|flannery\n|\n|t:|1700658322\n|switch|p1b: Volcanion|Volcanion|100\/100\n|cant|p1a: Tornadus|frz\n|move|p2a: Ninetales|Dazzling Gleam|p1b: Volcanion|[spread] p1a,p1b\n|-resisted|p1b: Volcanion\n|-damage|p1a: Tornadus|0 fnt\n|-damage|p1b: Volcanion|90\/100\n|faint|p1a: Tornadus\n|move|p2b: Grimmsnarl|Spirit Break|p1b: Volcanion\n|-resisted|p1b: Volcanion\n|-damage|p1b: Volcanion|77\/100\n|-unboost|p1b: Volcanion|spa|1\n|\n|-weather|RainDance|[upkeep]\n|upkeep\n|\n|t:|1700658344\n|switch|p1a: Cresselia|Cresselia, F, shiny|100\/100\n|turn|4\n|inactive|cotesmcgotes has 120 seconds left.\n|\n|t:|1700658361\n|switch|p2a: Gholdengo|Gholdengo|100\/100\n|-terastallize|p1a: Cresselia|Electric\n|move|p2b: Grimmsnarl|Parting Shot|p1b: Volcanion\n|-unboost|p1b: Volcanion|atk|1\n|-unboost|p1b: Volcanion|spa|1\n|\n|t:|1700658372\n|switch|p2b: Zapdos|Zapdos|100\/100|[from] Parting Shot\n|move|p1a: Cresselia|Calm Mind|p1a: Cresselia\n|-boost|p1a: Cresselia|spa|1\n|-boost|p1a: Cresselia|spd|1\n|move|p1b: Volcanion|Heat Wave|p2a: Gholdengo|[spread] p2a,p2b\n|-supereffective|p2a: Gholdengo\n|-damage|p2a: Gholdengo|81\/100\n|-damage|p2b: Zapdos|90\/100\n|\n|-weather|RainDance|[upkeep]\n|upkeep\n|turn|5\n|\n|t:|1700658384\n|switch|p1b: Brute Bonnet|Brute Bonnet|100\/100\n|move|p1a: Cresselia|Calm Mind|p1a: Cresselia\n|-boost|p1a: Cresselia|spa|1\n|-boost|p1a: Cresselia|spd|1\n|move|p2b: Zapdos|Thunder|p1b: Brute Bonnet\n|-resisted|p1b: Brute Bonnet\n|-damage|p1b: Brute Bonnet|70\/100\n|-status|p1b: Brute Bonnet|par\n|-damage|p2b: Zapdos|80\/100|[from] item: Life Orb\n|move|p2a: Gholdengo|Nasty Plot|p2a: Gholdengo\n|-boost|p2a: Gholdengo|spa|2\n|\n|-weather|RainDance|[upkeep]\n|-heal|p1b: Brute Bonnet|76\/100 par|[from] item: Leftovers\n|-sideend|p1: cotesmcgotes|move: Tailwind\n|upkeep\n|turn|6\n|\n|t:|1700658407\n|move|p2b: Zapdos|Hurricane|p1b: Brute Bonnet\n|-supereffective|p1b: Brute Bonnet\n|-damage|p1b: Brute Bonnet|0 fnt\n|faint|p1b: Brute Bonnet\n|-end|p1b: Brute Bonnet|Protosynthesis|[silent]\n|-damage|p2b: Zapdos|70\/100|[from] item: Life Orb\n|move|p1a: Cresselia|Calm Mind|p1a: Cresselia\n|-boost|p1a: Cresselia|spa|1\n|-boost|p1a: Cresselia|spd|1\n|move|p2a: Gholdengo|Nasty Plot|p2a: Gholdengo\n|-boost|p2a: Gholdengo|spa|2\n|\n|-weather|RainDance|[upkeep]\n|upkeep\n|\n|t:|1700658417\n|switch|p1b: Overqwil|Overqwil, M|18\/100\n|turn|7\n|\n|t:|1700658433\n|switch|p2b: Sinistcha|Sinistcha-Masterpiece|100\/100\n|-heal|p2a: Gholdengo|100\/100|[from] ability: Hospitality|[of] p2b: Sinistcha\n|move|p1b: Overqwil|Crunch|p2a: Gholdengo\n|-supereffective|p2a: Gholdengo\n|-damage|p2a: Gholdengo|26\/100\n|move|p1a: Cresselia|Stored Power|p2a: Gholdengo\n|-resisted|p2a: Gholdengo\n|-damage|p2a: Gholdengo|0 fnt\n|faint|p2a: Gholdengo\n|\n|-weather|RainDance|[upkeep]\n|-heal|p1b: Overqwil|24\/100|[from] item: Black Sludge\n|upkeep\n|\n|t:|1700658450\n|switch|p2a: Palafin|Palafin, F|100\/100\n|-status|p2a: Palafin|tox\n|turn|8\n|\n|t:|1700658461\n|detailschange|p2a: Palafin|Palafin-Hero, F\n|switch|p2a: Grimmsnarl|Grimmsnarl, M|100\/100\n|-status|p2a: Grimmsnarl|tox\n|move|p1b: Overqwil|Barb Barrage|p2a: Grimmsnarl\n|-supereffective|p2a: Grimmsnarl\n|-damage|p2a: Grimmsnarl|0 fnt\n|faint|p2a: Grimmsnarl\n|move|p1a: Cresselia|Stored Power|p2b: Sinistcha\n|-damage|p2b: Sinistcha|0 fnt\n|faint|p2b: Sinistcha\n|\n|-weather|none\n|-heal|p1b: Overqwil|30\/100|[from] item: Black Sludge\n|upkeep\n|-message|goopaloopa forfeited.\n|\n|win|cotesmcgotes\n|raw|cotesmcgotes's rating: 1206 &rarr; <strong>1225<\/strong><br \/>(+19 for winning)\n|raw|goopaloopa's rating: 1115 &rarr; <strong>1096<\/strong><br \/>(-19 for losing)\n|l|\u2606goopaloopa\n","uploadtime":1700658475,"views":0,"p1id":"cotesmcgotes","p2id":"goopaloopa","formatid":"gen9doublesou","rating":1096,"private":0,"password":""}