{"id":"gen9doublesou-1980896839","p1":"RocketsViability","p2":"kulta","format":"[Gen 9] Doubles OU","log":"|j|\u2606RocketsViability\n|j|\u2606kulta\n|t:|1698846959\n|gametype|doubles\n|player|p1|RocketsViability|2|1151\n|player|p2|kulta|cynthia|1112\n|teamsize|p1|6\n|teamsize|p2|6\n|gen|9\n|tier|[Gen 9] Doubles OU\n|rated|\n|rule|Species Clause: Limit one of each Pok\u00e9mon\n|rule|OHKO Clause: OHKO moves are banned\n|rule|Evasion Moves Clause: Evasion moves are banned\n|rule|Gravity Sleep Clause: The combination of sleep-inducing moves with imperfect accuracy and Gravity or Gigantamax Orbeetle are banned\n|rule|Endless Battle Clause: Forcing endless battles is banned\n|rule|HP Percentage Mod: HP is shown in percentages\n|clearpoke\n|poke|p1|Ninetales-Alola, M|\n|poke|p1|Trevenant, F|\n|poke|p1|Goodra-Hisui, M|\n|poke|p1|Sandslash-Alola, M|\n|poke|p1|Torterra, M|\n|poke|p1|Empoleon, F|\n|poke|p2|Chien-Pao|\n|poke|p2|Baxcalibur, M|\n|poke|p2|Ninetales-Alola, F|\n|poke|p2|Abomasnow, M|\n|poke|p2|Cryogonal|\n|poke|p2|Froslass, F|\n|teampreview\n|inactive|Battle timer is ON: inactive players will automatically lose when time's up. (requested by kulta)\n|\n|t:|1698846973\n|start\n|switch|p1a: Torterra|Torterra, M|100\/100\n|switch|p1b: Trevenant|Trevenant, F|100\/100\n|switch|p2a: Cryogonal|Cryogonal|100\/100\n|switch|p2b: Abomasnow|Abomasnow, M|100\/100\n|-weather|Snow|[from] ability: Snow Warning|[of] p2b: Abomasnow\n|turn|1\n|\n|t:|1698846988\n|-terastallize|p1a: Torterra|Ice\n|move|p2a: Cryogonal|Icy Wind|p1a: Torterra|[spread] p1a,p1b\n|-resisted|p1a: Torterra\n|-supereffective|p1b: Trevenant\n|-damage|p1a: Torterra|91\/100\n|-damage|p1b: Trevenant|73\/100\n|-unboost|p1a: Torterra|spe|1\n|-unboost|p1b: Trevenant|spe|1\n|move|p2b: Abomasnow|Aurora Veil|p2b: Abomasnow\n|-sidestart|p2: kulta|move: Aurora Veil\n|move|p1a: Torterra|Shell Smash|p1a: Torterra\n|-unboost|p1a: Torterra|def|1\n|-unboost|p1a: Torterra|spd|1\n|-boost|p1a: Torterra|atk|2\n|-boost|p1a: Torterra|spa|2\n|-boost|p1a: Torterra|spe|2\n|move|p1b: Trevenant|Toxic|p2a: Cryogonal\n|-status|p2a: Cryogonal|tox\n|\n|-weather|Snow|[upkeep]\n|-damage|p2a: Cryogonal|95\/100 tox|[from] psn\n|upkeep\n|turn|2\n|\n|t:|1698847008\n|move|p2a: Cryogonal|Icy Wind|p1b: Trevenant|[spread] p1b\n|-miss|p2a: Cryogonal|p1a: Torterra\n|-supereffective|p1b: Trevenant\n|-crit|p1b: Trevenant\n|-damage|p1b: Trevenant|30\/100\n|-unboost|p1b: Trevenant|spe|1\n|-enditem|p1b: Trevenant|Sitrus Berry|[eat]\n|-heal|p1b: Trevenant|55\/100|[from] item: Sitrus Berry\n|move|p1a: Torterra|Rock Blast|p2a: Cryogonal\n|-supereffective|p2a: Cryogonal\n|-damage|p2a: Cryogonal|65\/100 tox\n|-supereffective|p2a: Cryogonal\n|-crit|p2a: Cryogonal\n|-damage|p2a: Cryogonal|0 fnt\n|faint|p2a: Cryogonal\n|-hitcount|p2: Cryogonal|2\n|move|p2b: Abomasnow|Leech Seed|p1a: Torterra\n|-start|p1a: Torterra|move: Leech Seed\n|move|p1b: Trevenant|Toxic|p2b: Abomasnow|[miss]\n|-miss|p1b: Trevenant|p2b: Abomasnow\n|\n|-weather|Snow|[upkeep]\n|-damage|p1a: Torterra|78\/100|[from] Leech Seed|[of] p2b: Abomasnow\n|upkeep\n|\n|t:|1698847027\n|switch|p2a: Froslass|Froslass, F|100\/100\n|turn|3\n|\n|t:|1698847034\n|move|p1b: Trevenant|Ally Switch|p1b: Trevenant\n|swap|p1b: Trevenant|0|[from] move: Ally Switch\n|move|p2a: Froslass|Blizzard|p1b: Torterra|[spread] p1a,p1b\n|-supereffective|p1a: Trevenant\n|-resisted|p1b: Torterra\n|-damage|p1a: Trevenant|8\/100\n|-damage|p1b: Torterra|52\/100\n|-status|p1a: Trevenant|frz\n|move|p1b: Torterra|Shell Smash|p1b: Torterra\n|-unboost|p1b: Torterra|def|1\n|-unboost|p1b: Torterra|spd|1\n|-boost|p1b: Torterra|atk|2\n|-boost|p1b: Torterra|spa|2\n|-boost|p1b: Torterra|spe|2\n|move|p2b: Abomasnow|Blizzard|p1b: Torterra|[spread] p1a,p1b\n|-supereffective|p1a: Trevenant\n|-resisted|p1b: Torterra\n|-damage|p1a: Trevenant|0 fnt\n|-damage|p1b: Torterra|22\/100\n|faint|p1a: Trevenant\n|\n|-weather|Snow|[upkeep]\n|-damage|p1b: Torterra|10\/100|[from] Leech Seed|[of] p2b: Abomasnow\n|upkeep\n|\n|t:|1698847049\n|switch|p1a: Sandslash|Sandslash-Alola, M|100\/100\n|turn|4\n|\n|t:|1698847066\n|move|p1b: Torterra|Rock Blast|p2a: Froslass\n|-supereffective|p2a: Froslass\n|-damage|p2a: Froslass|61\/100\n|-supereffective|p2a: Froslass\n|-damage|p2a: Froslass|22\/100\n|-supereffective|p2a: Froslass\n|-damage|p2a: Froslass|0 fnt\n|faint|p2a: Froslass\n|-hitcount|p2: Froslass|3\n|move|p1a: Sandslash|Iron Head|p2b: Abomasnow\n|-supereffective|p2b: Abomasnow\n|-damage|p2b: Abomasnow|59\/100\n|move|p2b: Abomasnow|Blizzard|p1b: Torterra|[spread] p1a,p1b\n|-resisted|p1a: Sandslash\n|-resisted|p1b: Torterra\n|-damage|p1a: Sandslash|91\/100\n|-damage|p1b: Torterra|0 fnt\n|faint|p1b: Torterra\n|\n|-weather|Snow|[upkeep]\n|upkeep\n|\n|t:|1698847081\n|switch|p2a: Baxcalibur|Baxcalibur, M|100\/100\n|switch|p1b: Goodra|Goodra-Hisui, M|100\/100\n|turn|5\n|\n|t:|1698847093\n|move|p2a: Baxcalibur|Dragon Dance|p2a: Baxcalibur\n|-boost|p2a: Baxcalibur|atk|1\n|-boost|p2a: Baxcalibur|spe|1\n|move|p1a: Sandslash|Iron Head|p2a: Baxcalibur\n|-supereffective|p2a: Baxcalibur\n|-damage|p2a: Baxcalibur|67\/100\n|move|p2b: Abomasnow|Blizzard|p1b: Goodra|[spread] p1a,p1b\n|-resisted|p1a: Sandslash\n|-crit|p1a: Sandslash\n|-damage|p1a: Sandslash|78\/100\n|-damage|p1b: Goodra|84\/100\n|move|p1b: Goodra|Weather Ball|p2a: Baxcalibur\n|-damage|p2a: Baxcalibur|43\/100\n|\n|-weather|Snow|[upkeep]\n|-sideend|p2: kulta|move: Aurora Veil\n|upkeep\n|turn|6\n|inactive|kulta has 120 seconds left.\n|inactive|RocketsViability has 120 seconds left.\n|\n|t:|1698847142\n|move|p2a: Baxcalibur|Earthquake|p1b: Goodra|[spread] p2b,p1a,p1b\n|-resisted|p2b: Abomasnow\n|-supereffective|p1a: Sandslash\n|-supereffective|p1b: Goodra\n|-damage|p2b: Abomasnow|41\/100\n|-damage|p1a: Sandslash|29\/100\n|-damage|p1b: Goodra|1\/100\n|move|p1a: Sandslash|Iron Head|p2a: Baxcalibur\n|-supereffective|p2a: Baxcalibur\n|-damage|p2a: Baxcalibur|0 fnt\n|faint|p2a: Baxcalibur\n|move|p1b: Goodra|Weather Ball|p2b: Abomasnow\n|-damage|p2b: Abomasnow|15\/100\n|move|p2b: Abomasnow|Blizzard|p1b: Goodra|[spread] p1a,p1b\n|-resisted|p1a: Sandslash\n|-damage|p1a: Sandslash|20\/100\n|-damage|p1b: Goodra|0 fnt\n|faint|p1b: Goodra\n|\n|-weather|Snow|[upkeep]\n|upkeep\n|\n|t:|1698847161\n|switch|p2a: Chien-Pao|Chien-Pao|100\/100\n|switch|p1b: Ninetales|Ninetales-Alola, M|100\/100\n|-ability|p2a: Chien-Pao|Sword of Ruin\n|turn|7\n|\n|t:|1698847170\n|move|p1a: Sandslash|Ice Shard|p2b: Abomasnow\n|-damage|p2b: Abomasnow|0 fnt\n|faint|p2b: Abomasnow\n|move|p2a: Chien-Pao|Sacred Sword|p1b: Ninetales\n|-damage|p1b: Ninetales|46\/100\n|-damage|p2a: Chien-Pao|91\/100|[from] item: Life Orb\n|move|p1b: Ninetales|Dazzling Gleam|p2a: Chien-Pao\n|-supereffective|p2a: Chien-Pao\n|-damage|p2a: Chien-Pao|0 fnt\n|faint|p2a: Chien-Pao\n|\n|-weather|Snow|[upkeep]\n|upkeep\n|\n|t:|1698847183\n|switch|p2a: Ninetales|Ninetales-Alola, F|100\/100\n|turn|8\n|\n|t:|1698847187\n|move|p1b: Ninetales|Aurora Veil|p1b: Ninetales\n|-sidestart|p1: RocketsViability|move: Aurora Veil\n|move|p2a: Ninetales|Blizzard|p1a: Sandslash|[spread] p1a,p1b\n|-resisted|p1a: Sandslash\n|-resisted|p1b: Ninetales\n|-damage|p1a: Sandslash|13\/100\n|-damage|p1b: Ninetales|33\/100\n|move|p1a: Sandslash|Iron Head|p2a: Ninetales\n|-supereffective|p2a: Ninetales\n|-damage|p2a: Ninetales|0 fnt\n|faint|p2a: Ninetales\n|\n|win|RocketsViability\n|raw|RocketsViability's rating: 1151 &rarr; <strong>1173<\/strong><br \/>(+22 for winning)\n|raw|kulta's rating: 1112 &rarr; <strong>1090<\/strong><br \/>(-22 for losing)\n","uploadtime":1698847197,"views":17,"p1id":"rocketsviability","p2id":"kulta","formatid":"gen9doublesou","rating":1090,"private":0,"password":""}