{"id":"gen9doublesou-2000227515","p1":"eqlipsegoon","p2":"KotoKotosen","format":"[Gen 9] Doubles OU","log":"|j|\u2606eqlipsegoon\n|j|\u2606KotoKotosen\n|t:|1701174814\n|gametype|doubles\n|player|p1|eqlipsegoon|101|1083\n|player|p2|KotoKotosen|adaman|1150\n|teamsize|p1|6\n|teamsize|p2|6\n|gen|9\n|tier|[Gen 9] Doubles OU\n|rated|\n|rule|Species Clause: Limit one of each Pok\u00e9mon\n|rule|OHKO Clause: OHKO moves are banned\n|rule|Evasion Moves Clause: Evasion moves are banned\n|rule|Gravity Sleep Clause: The combination of sleep-inducing moves with imperfect accuracy and Gravity or Gigantamax Orbeetle are banned\n|rule|Endless Battle Clause: Forcing endless battles is banned\n|rule|HP Percentage Mod: HP is shown in percentages\n|clearpoke\n|poke|p1|Oricorio, F|\n|poke|p1|Flamigo, M|\n|poke|p1|Espeon, F|\n|poke|p1|Sylveon, F|\n|poke|p1|Volcarona, M|\n|poke|p1|Ribombee, M|\n|poke|p2|Dipplin, F|\n|poke|p2|Iron Bundle|\n|poke|p2|Chi-Yu|\n|poke|p2|Farigiraf, M|\n|poke|p2|Iron Hands|\n|poke|p2|Corviknight, F|\n|teampreview\n|\n|t:|1701174833\n|start\n|switch|p1a: Oricorio|Oricorio, F|100\/100\n|switch|p1b: Volcarona|Volcarona, M|100\/100\n|switch|p2a: Iron Bundle|Iron Bundle|100\/100\n|switch|p2b: Iron Hands|Iron Hands|100\/100\n|-enditem|p2a: Iron Bundle|Booster Energy\n|-activate|p2a: Iron Bundle|ability: Quark Drive|[fromitem]\n|-start|p2a: Iron Bundle|quarkdrivespe\n|turn|1\n|\n|t:|1701174847\n|move|p1a: Oricorio|Protect|p1a: Oricorio\n|-singleturn|p1a: Oricorio|Protect\n|move|p2b: Iron Hands|Fake Out|p1a: Oricorio\n|-activate|p1a: Oricorio|move: Protect\n|move|p2a: Iron Bundle|Icy Wind|p1b: Volcarona|[spread] p1b\n|-activate|p1a: Oricorio|move: Protect\n|-resisted|p1b: Volcarona\n|-damage|p1b: Volcarona|91\/100\n|-unboost|p1b: Volcarona|spe|1\n|move|p1b: Volcarona|Quiver Dance|p1b: Volcarona\n|-boost|p1b: Volcarona|spa|1\n|-boost|p1b: Volcarona|spd|1\n|-boost|p1b: Volcarona|spe|1\n|-activate|p1a: Oricorio|ability: Dancer\n|move|p1a: Oricorio|Quiver Dance|p1a: Oricorio|[from]ability: Dancer\n|-boost|p1a: Oricorio|spa|1\n|-boost|p1a: Oricorio|spd|1\n|-boost|p1a: Oricorio|spe|1\n|\n|upkeep\n|turn|2\n|\n|t:|1701174865\n|move|p2a: Iron Bundle|Hydro Pump|p1b: Volcarona\n|-supereffective|p1b: Volcarona\n|-damage|p1b: Volcarona|30\/100\n|move|p1a: Oricorio|Substitute|p1a: Oricorio\n|-start|p1a: Oricorio|Substitute\n|-damage|p1a: Oricorio|75\/100\n|move|p1b: Volcarona|Quiver Dance|p1b: Volcarona\n|-boost|p1b: Volcarona|spa|1\n|-boost|p1b: Volcarona|spd|1\n|-boost|p1b: Volcarona|spe|1\n|-activate|p1a: Oricorio|ability: Dancer\n|move|p1a: Oricorio|Quiver Dance|p1a: Oricorio|[from]ability: Dancer\n|-boost|p1a: Oricorio|spa|1\n|-boost|p1a: Oricorio|spd|1\n|-boost|p1a: Oricorio|spe|1\n|move|p2b: Iron Hands|Wild Charge|p1a: Oricorio\n|-supereffective|p1a: Oricorio\n|-end|p1a: Oricorio|Substitute\n|-damage|p2b: Iron Hands|97\/100|[from] Recoil|[of] p1a: Oricorio\n|\n|upkeep\n|turn|3\n|\n|t:|1701174884\n|move|p1a: Oricorio|Protect|p1a: Oricorio\n|-singleturn|p1a: Oricorio|Protect\n|move|p2a: Iron Bundle|Hydro Pump|p1b: Volcarona\n|-supereffective|p1b: Volcarona\n|-damage|p1b: Volcarona|0 fnt\n|faint|p1b: Volcarona\n|move|p2b: Iron Hands|Wild Charge|p1a: Oricorio\n|-activate|p1a: Oricorio|move: Protect\n|\n|upkeep\n|\n|t:|1701174893\n|switch|p1b: Flamigo|Flamigo, M|100\/100\n|-copyboost|p1b: Flamigo|p1a: Oricorio|[from] ability: Costar\n|turn|4\n|\n|t:|1701174904\n|-end|p2b: Iron Hands|Quark Drive|[silent]\n|switch|p2b: Corviknight|Corviknight, F|100\/100\n|-ability|p2b: Corviknight|Pressure\n|-terastallize|p2a: Iron Bundle|Ghost\n|move|p2a: Iron Bundle|Icy Wind|p1a: Oricorio|[spread] p1a,p1b\n|-supereffective|p1b: Flamigo\n|-damage|p1a: Oricorio|59\/100\n|-damage|p1b: Flamigo|69\/100\n|-unboost|p1a: Oricorio|spe|1\n|-unboost|p1b: Flamigo|spe|1\n|move|p1a: Oricorio|Revelation Dance|p2a: Iron Bundle\n|-crit|p2a: Iron Bundle\n|-damage|p2a: Iron Bundle|0 fnt\n|faint|p2a: Iron Bundle\n|-end|p2a: Iron Bundle|Quark Drive|[silent]\n|move|p1b: Flamigo|Copycat|p1b: Flamigo\n|move|p1b: Flamigo|Revelation Dance|p2b: Corviknight|[from]move: Copycat\n|-resisted|p2b: Corviknight\n|-damage|p2b: Corviknight|47\/100\n|-activate|p1a: Oricorio|ability: Dancer\n|move|p1a: Oricorio|Revelation Dance|p2b: Corviknight|[from]ability: Dancer\n|-supereffective|p2b: Corviknight\n|-damage|p2b: Corviknight|0 fnt\n|faint|p2b: Corviknight\n|\n|upkeep\n|\n|t:|1701174920\n|switch|p2a: Cara Mell|Dipplin, F, shiny|100\/100\n|switch|p2b: Iron Hands|Iron Hands|97\/100\n|-ability|p2a: Cara Mell|Supersweet Syrup\n|-ability|p2a: Cara Mell|Supersweet Syrup|boost\n|-unboost|p1a: Oricorio|evasion|1\n|-unboost|p1b: Flamigo|evasion|1\n|turn|5\n|\n|t:|1701174946\n|move|p1a: Oricorio|Protect|p1a: Oricorio\n|-singleturn|p1a: Oricorio|Protect\n|move|p2b: Iron Hands|Fake Out|p1b: Flamigo\n|-damage|p1b: Flamigo|46\/100\n|cant|p1b: Flamigo|flinch\n|move|p2a: Cara Mell|Draco Meteor|p1a: Oricorio\n|-activate|p1a: Oricorio|move: Protect\n|\n|upkeep\n|turn|6\n|\n|t:|1701174959\n|move|p1a: Oricorio|Revelation Dance|p2a: Cara Mell\n|-damage|p2a: Cara Mell|57\/100\n|move|p1b: Flamigo|Copycat|p1b: Flamigo\n|move|p1b: Flamigo|Revelation Dance|p2b: Iron Hands|[from]move: Copycat\n|-damage|p2b: Iron Hands|27\/100\n|-activate|p1a: Oricorio|ability: Dancer\n|move|p1a: Oricorio|Revelation Dance|p2b: Iron Hands|[from]ability: Dancer\n|-damage|p2b: Iron Hands|0 fnt\n|faint|p2b: Iron Hands\n|-end|p2b: Iron Hands|Quark Drive|[silent]\n|move|p2a: Cara Mell|Draco Meteor|p1a: Oricorio\n|-damage|p1a: Oricorio|24\/100\n|-unboost|p2a: Cara Mell|spa|2\n|-enditem|p1a: Oricorio|Sitrus Berry|[eat]\n|-heal|p1a: Oricorio|49\/100|[from] item: Sitrus Berry\n|\n|upkeep\n|\n|t:|1701174976\n|switch|p2b: Farigiraf|Farigiraf, M|100\/100\n|turn|7\n|\n|t:|1701174981\n|move|p2a: Cara Mell|Protect|p2a: Cara Mell\n|-singleturn|p2a: Cara Mell|Protect\n|move|p1a: Oricorio|Revelation Dance|p2a: Cara Mell\n|-activate|p2a: Cara Mell|move: Protect\n|move|p1b: Flamigo|Copycat|p1b: Flamigo\n|move|p1b: Flamigo|Revelation Dance|p2a: Cara Mell|[from]move: Copycat\n|-activate|p2a: Cara Mell|move: Protect\n|-activate|p1a: Oricorio|ability: Dancer\n|move|p1a: Oricorio|Revelation Dance|p2a: Cara Mell|[from]ability: Dancer\n|-activate|p2a: Cara Mell|move: Protect\n|move|p2b: Farigiraf|Trick Room|p2b: Farigiraf\n|-fieldstart|move: Trick Room|[of] p2b: Farigiraf\n|\n|upkeep\n|turn|8\n|\n|t:|1701175018\n|move|p1a: Oricorio|Protect|p1a: Oricorio\n|-singleturn|p1a: Oricorio|Protect\n|move|p2a: Cara Mell|Draco Meteor|p1a: Oricorio\n|-activate|p1a: Oricorio|move: Protect\n|move|p2b: Farigiraf|Dazzling Gleam|p1a: Oricorio|[spread] p1b\n|-activate|p1a: Oricorio|move: Protect\n|-supereffective|p1b: Flamigo\n|-damage|p1b: Flamigo|23\/100\n|move|p1b: Flamigo|Copycat|p1b: Flamigo\n|move|p1b: Flamigo|Dazzling Gleam|p2a: Cara Mell|[from]move: Copycat|[spread] p2a,p2b\n|-supereffective|p2a: Cara Mell\n|-crit|p2b: Farigiraf\n|-damage|p2a: Cara Mell|6\/100\n|-damage|p2b: Farigiraf|38\/100\n|-enditem|p2b: Farigiraf|Sitrus Berry|[eat]\n|-heal|p2b: Farigiraf|63\/100|[from] item: Sitrus Berry\n|\n|upkeep\n|turn|9\n|\n|t:|1701175038\n|move|p2a: Cara Mell|Pollen Puff|p2b: Farigiraf\n|-heal|p2b: Farigiraf|100\/100\n|move|p2b: Farigiraf|Dazzling Gleam|p1b: Flamigo|[spread] p1a,p1b\n|-resisted|p1a: Oricorio\n|-supereffective|p1b: Flamigo\n|-damage|p1a: Oricorio|43\/100\n|-damage|p1b: Flamigo|0 fnt\n|faint|p1b: Flamigo\n|move|p1a: Oricorio|Revelation Dance|p2b: Farigiraf\n|-damage|p2b: Farigiraf|29\/100\n|\n|upkeep\n|\n|t:|1701175050\n|switch|p1b: Sylveon|Sylveon, F, shiny|100\/100\n|turn|10\n|\n|t:|1701175057\n|move|p2b: Farigiraf|Protect|p2b: Farigiraf\n|-singleturn|p2b: Farigiraf|Protect\n|move|p1a: Oricorio|Protect|p1a: Oricorio\n|-singleturn|p1a: Oricorio|Protect\n|move|p2a: Cara Mell|Pollen Puff|p2b: Farigiraf\n|-activate|p2b: Farigiraf|move: Protect\n|move|p1b: Sylveon|Psych Up|p1a: Oricorio\n|-copyboost|p1b: Sylveon|p1a: Oricorio|[from] move: Psych Up\n|\n|upkeep\n|turn|11\n|\n|t:|1701175071\n|move|p2a: Cara Mell|Syrup Bomb|p1b: Sylveon\n|-damage|p1b: Sylveon|97\/100\n|-start|p1b: Sylveon|Syrup Bomb\n|move|p2b: Farigiraf|Psychic|p1a: Oricorio\n|-damage|p1a: Oricorio|16\/100\n|move|p1b: Sylveon|Copycat|p1b: Sylveon\n|move|p1b: Sylveon|Psychic|p2a: Cara Mell|[from]move: Copycat\n|-damage|p2a: Cara Mell|0 fnt\n|faint|p2a: Cara Mell\n|move|p1a: Oricorio|Revelation Dance|p2b: Farigiraf\n|-damage|p2b: Farigiraf|0 fnt\n|faint|p2b: Farigiraf\n|\n|-unboost|p1b: Sylveon|spe|1\n|-fieldend|move: Trick Room\n|upkeep\n|\n|t:|1701175080\n|switch|p2b: Chi-Yu|Chi-Yu|100\/100\n|-ability|p2b: Chi-Yu|Beads of Ruin\n|turn|12\n|\n|t:|1701175091\n|move|p1a: Oricorio|Revelation Dance|p2b: Chi-Yu\n|-resisted|p2b: Chi-Yu\n|-damage|p2b: Chi-Yu|55\/100\n|move|p2b: Chi-Yu|Heat Wave|p1a: Oricorio|[spread] p1a,p1b\n|-resisted|p1a: Oricorio\n|-damage|p1a: Oricorio|0 fnt\n|-damage|p1b: Sylveon|85\/100\n|faint|p1a: Oricorio\n|move|p1b: Sylveon|Copycat|p1b: Sylveon\n|move|p1b: Sylveon|Heat Wave|p2b: Chi-Yu|[from]move: Copycat\n|-resisted|p2b: Chi-Yu\n|-damage|p2b: Chi-Yu|26\/100\n|\n|-unboost|p1b: Sylveon|spe|1\n|upkeep\n|\n|t:|1701175104\n|switch|p1a: Ribombee|Ribombee, M|100\/100\n|turn|13\n|\n|t:|1701175113\n|move|p1a: Ribombee|Dazzling Gleam|p2b: Chi-Yu\n|-damage|p2b: Chi-Yu|0 fnt\n|faint|p2b: Chi-Yu\n|\n|win|eqlipsegoon\n|raw|eqlipsegoon's rating: 1083 &rarr; <strong>1116<\/strong><br \/>(+33 for winning)\n|raw|KotoKotosen's rating: 1150 &rarr; <strong>1120<\/strong><br \/>(-30 for losing)\n|l|\u2606KotoKotosen\n","uploadtime":1701175118,"views":14,"p1id":"eqlipsegoon","p2id":"kotokotosen","formatid":"gen9doublesou","rating":1116,"private":0,"password":""}