{"id":"gen9doublesou-1982970624","p1":"AGSI","p2":"Critian Caceorte","format":"[Gen 9] Doubles OU","log":"|j|\u2606AGSI\n|j|\u2606Critian Caceorte\n|t:|1699064650\n|gametype|doubles\n|player|p1|AGSI|pilot|1105\n|player|p2|Critian Caceorte|hilda|1092\n|teamsize|p1|6\n|teamsize|p2|6\n|gen|9\n|tier|[Gen 9] Doubles OU\n|rated|\n|rule|Species Clause: Limit one of each Pok\u00e9mon\n|rule|OHKO Clause: OHKO moves are banned\n|rule|Evasion Moves Clause: Evasion moves are banned\n|rule|Gravity Sleep Clause: The combination of sleep-inducing moves with imperfect accuracy and Gravity or Gigantamax Orbeetle are banned\n|rule|Endless Battle Clause: Forcing endless battles is banned\n|rule|HP Percentage Mod: HP is shown in percentages\n|clearpoke\n|poke|p1|Roaring Moon|\n|poke|p1|Basculegion-F, F|\n|poke|p1|Sinistcha|\n|poke|p1|Fezandipiti, M|\n|poke|p1|Gliscor, F|\n|poke|p1|Noivern, F|\n|poke|p2|Indeedee-F, F|\n|poke|p2|Armarouge, F|\n|poke|p2|Gallade, M|\n|poke|p2|Espathra, F|\n|poke|p2|Oranguru, F|\n|poke|p2|Farigiraf, F|\n|teampreview\n|inactive|Battle timer is ON: inactive players will automatically lose when time's up. (requested by AGSI)\n|\n|t:|1699064655\n|start\n|switch|p1a: Gliscor|Gliscor, F|100\/100\n|switch|p1b: Drago|Noivern, F, shiny|100\/100\n|switch|p2a: Indeedee|Indeedee-F, F|100\/100\n|switch|p2b: Espathra|Espathra, F|100\/100\n|-fieldstart|move: Psychic Terrain|[from] ability: Psychic Surge|[of] p2a: Indeedee\n|turn|1\n|\n|t:|1699064674\n|move|p2a: Indeedee|Follow Me|p2a: Indeedee\n|-singleturn|p2a: Indeedee|move: Follow Me\n|move|p2b: Espathra|Calm Mind|p2b: Espathra\n|-boost|p2b: Espathra|spa|1\n|-boost|p2b: Espathra|spd|1\n|move|p1b: Drago|Tailwind|p1b: Drago\n|-sidestart|p1: AGSI|move: Tailwind\n|move|p1a: Gliscor|Earthquake|p2a: Indeedee|[spread] p2a,p2b\n|-activate|p1b: Drago|ability: Telepathy\n|-damage|p2a: Indeedee|52\/100\n|-damage|p2b: Espathra|50\/100\n|\n|-heal|p2a: Indeedee|58\/100|[from] item: Leftovers\n|-status|p1a: Gliscor|tox|[from] item: Toxic Orb\n|-ability|p2b: Espathra|Speed Boost|boost\n|-boost|p2b: Espathra|spe|1\n|upkeep\n|turn|2\n|\n|t:|1699064702\n|move|p2b: Espathra|Protect|p2b: Espathra\n|-singleturn|p2b: Espathra|Protect\n|move|p1b: Drago|Air Slash|p2b: Espathra\n|-activate|p2b: Espathra|move: Protect\n|move|p1a: Gliscor|Earthquake|p2b: Espathra|[spread] p2a\n|-activate|p2b: Espathra|move: Protect\n|-activate|p1b: Drago|ability: Telepathy\n|-damage|p2a: Indeedee|10\/100\n|move|p2a: Indeedee|Draining Kiss|p1b: Drago\n|-supereffective|p1b: Drago\n|-damage|p1b: Drago|74\/100\n|-heal|p2a: Indeedee|31\/100|[from] drain|[of] p1b: Drago\n|\n|-heal|p2a: Indeedee|37\/100|[from] item: Leftovers\n|-ability|p2b: Espathra|Speed Boost|boost\n|-boost|p2b: Espathra|spe|1\n|upkeep\n|turn|3\n|\n|t:|1699064722\n|move|p2a: Indeedee|Follow Me|p2a: Indeedee\n|-singleturn|p2a: Indeedee|move: Follow Me\n|move|p2b: Espathra|Stored Power|p1a: Gliscor\n|-damage|p1a: Gliscor|0 fnt\n|faint|p1a: Gliscor\n|move|p1b: Drago|Air Slash|p2a: Indeedee\n|-damage|p2a: Indeedee|13\/100\n|\n|-heal|p2a: Indeedee|19\/100|[from] item: Leftovers\n|-ability|p2b: Espathra|Speed Boost|boost\n|-boost|p2b: Espathra|spe|1\n|upkeep\n|\n|t:|1699064732\n|switch|p1a: Fezandipiti|Fezandipiti, M|100\/100\n|turn|4\n|\n|t:|1699064747\n|-terastallize|p1a: Fezandipiti|Fairy\n|move|p2a: Indeedee|Follow Me|p2a: Indeedee\n|-singleturn|p2a: Indeedee|move: Follow Me\n|move|p2b: Espathra|Stored Power|p1a: Fezandipiti\n|-damage|p1a: Fezandipiti|17\/100\n|move|p1b: Drago|Air Slash|p2a: Indeedee\n|-damage|p2a: Indeedee|0 fnt\n|faint|p2a: Indeedee\n|move|p1a: Fezandipiti|Dazzling Gleam|p2b: Espathra\n|-damage|p2b: Espathra|6\/100\n|\n|-sideend|p1: AGSI|move: Tailwind\n|-ability|p2b: Espathra|Speed Boost|boost\n|-boost|p2b: Espathra|spe|1\n|upkeep\n|\n|t:|1699064761\n|switch|p2a: Armarouge|Armarouge, F|100\/100\n|turn|5\n|\n|t:|1699064778\n|switch|p1a: Basculegion|Basculegion-F, F|100\/100\n|move|p2b: Espathra|Protect|p2b: Espathra\n|-singleturn|p2b: Espathra|Protect\n|move|p1b: Drago|Air Slash|p2b: Espathra\n|-activate|p2b: Espathra|move: Protect\n|move|p2a: Armarouge|Expanding Force|p1b: Drago|[spread] p1a,p1b\n|-damage|p1a: Basculegion|60\/100\n|-damage|p1b: Drago|4\/100\n|-enditem|p1b: Drago|Mago Berry|[eat]\n|-heal|p1b: Drago|37\/100|[from] item: Mago Berry\n|\n|-fieldend|move: Psychic Terrain\n|-ability|p2b: Espathra|Speed Boost|boost\n|-boost|p2b: Espathra|spe|1\n|upkeep\n|turn|6\n|\n|t:|1699064800\n|move|p2b: Espathra|Stored Power|p1a: Basculegion\n|-damage|p1a: Basculegion|0 fnt\n|faint|p1a: Basculegion\n|move|p1b: Drago|Air Slash|p2b: Espathra\n|-damage|p2b: Espathra|0 fnt\n|faint|p2b: Espathra\n|move|p2a: Armarouge|Dragon Pulse|p1b: Drago\n|-supereffective|p1b: Drago\n|-damage|p1b: Drago|0 fnt\n|faint|p1b: Drago\n|\n|upkeep\n|\n|t:|1699064814\n|switch|p2b: Oranguru|Oranguru, F|100\/100\n|switch|p1b: Sinistcha|Sinistcha|100\/100\n|switch|p1a: Fezandipiti|Fezandipiti, M, tera:Fairy|17\/100\n|-heal|p1a: Fezandipiti|41\/100|[from] ability: Hospitality|[of] p1b: Sinistcha\n|turn|7\n|\n|t:|1699064830\n|move|p1a: Fezandipiti|Roost|p1a: Fezandipiti\n|-heal|p1a: Fezandipiti|91\/100\n|move|p2a: Armarouge|Heat Wave|p1b: Sinistcha|[spread] p1a,p1b\n|-supereffective|p1b: Sinistcha\n|-damage|p1a: Fezandipiti|60\/100\n|-damage|p1b: Sinistcha|0 fnt\n|faint|p1b: Sinistcha\n|move|p2b: Oranguru|Trick Room|p2b: Oranguru\n|-fieldstart|move: Trick Room|[of] p2b: Oranguru\n|\n|upkeep\n|\n|t:|1699064840\n|switch|p1b: Roaring Moon|Roaring Moon|100\/100\n|-enditem|p1b: Roaring Moon|Booster Energy\n|-activate|p1b: Roaring Moon|ability: Protosynthesis|[fromitem]\n|-start|p1b: Roaring Moon|protosynthesisatk\n|turn|8\n|\n|t:|1699064856\n|move|p2b: Oranguru|Taunt|p1a: Fezandipiti\n|-start|p1a: Fezandipiti|move: Taunt\n|move|p2a: Armarouge|Dragon Pulse|p1b: Roaring Moon\n|-supereffective|p1b: Roaring Moon\n|-damage|p1b: Roaring Moon|26\/100\n|move|p1a: Fezandipiti|Dazzling Gleam|p2b: Oranguru|[spread] p2a,p2b\n|-resisted|p2a: Armarouge\n|-damage|p2a: Armarouge|81\/100\n|-damage|p2b: Oranguru|81\/100\n|-status|p2a: Armarouge|tox|[from] ability: Toxic Chain|[of] p1a: Fezandipiti\n|move|p1b: Roaring Moon|Acrobatics|p2a: Armarouge\n|-damage|p2a: Armarouge|27\/100 tox\n|-ability|p2a: Armarouge|Weak Armor|boost\n|-unboost|p2a: Armarouge|def|1\n|-boost|p2a: Armarouge|spe|2\n|\n|-damage|p2a: Armarouge|21\/100 tox|[from] psn\n|upkeep\n|turn|9\n|inactive|AGSI has 120 seconds left.\n|\n|t:|1699064891\n|move|p2b: Oranguru|Chilling Water|p1b: Roaring Moon\n|-resisted|p1b: Roaring Moon\n|-damage|p1b: Roaring Moon|19\/100\n|-unboost|p1b: Roaring Moon|atk|1\n|-damage|p2b: Oranguru|71\/100|[from] item: Life Orb\n|move|p1a: Fezandipiti|Dazzling Gleam|p2b: Oranguru|[spread] p2a,p2b\n|-resisted|p2a: Armarouge\n|-damage|p2a: Armarouge|2\/100 tox\n|-damage|p2b: Oranguru|52\/100\n|move|p1b: Roaring Moon|Dragon Dance|p1b: Roaring Moon\n|-boost|p1b: Roaring Moon|atk|1\n|-boost|p1b: Roaring Moon|spe|1\n|move|p2a: Armarouge|Dragon Pulse|p1b: Roaring Moon\n|-supereffective|p1b: Roaring Moon\n|-damage|p1b: Roaring Moon|0 fnt\n|faint|p1b: Roaring Moon\n|-end|p1b: Roaring Moon|Protosynthesis|[silent]\n|\n|-damage|p2a: Armarouge|0 fnt|[from] psn\n|faint|p2a: Armarouge\n|upkeep\n|inactive|Critian Caceorte has 120 seconds left.\n|\n|t:|1699064907\n|switch|p2a: Farigiraf|Farigiraf, F|100\/100\n|turn|10\n|\n|t:|1699064921\n|move|p2a: Farigiraf|Nasty Plot|p2a: Farigiraf\n|-boost|p2a: Farigiraf|spa|2\n|move|p2b: Oranguru|Chilling Water|p1a: Fezandipiti\n|-damage|p1a: Fezandipiti|49\/100\n|-unboost|p1a: Fezandipiti|atk|1\n|-damage|p2b: Oranguru|42\/100|[from] item: Life Orb\n|move|p1a: Fezandipiti|Tera Blast|p2a: Farigiraf|[anim] Tera Blast Fairy\n|-damage|p2a: Farigiraf|57\/100\n|\n|-end|p1a: Fezandipiti|move: Taunt\n|upkeep\n|turn|11\n|\n|t:|1699064936\n|move|p2a: Farigiraf|Twin Beam|p1a: Fezandipiti\n|-damage|p1a: Fezandipiti|17\/100\n|-damage|p1a: Fezandipiti|0 fnt\n|faint|p1a: Fezandipiti\n|-hitcount|p1: Fezandipiti|2\n|\n|win|Critian Caceorte\n|raw|AGSI's rating: 1105 &rarr; <strong>1079<\/strong><br \/>(-26 for losing)\n|raw|Critian Caceorte's rating: 1092 &rarr; <strong>1119<\/strong><br \/>(+27 for winning)\n|l|\u2606AGSI\n","uploadtime":1699064945,"views":16,"p1id":"agsi","p2id":"critiancaceorte","formatid":"gen9doublesou","rating":1079,"private":0,"password":""}