{"id":"gen9doublesou-1987863678","p1":"DIMU179","p2":"FrostArcanine19","format":"[Gen 9] Doubles OU","log":"|j|\u2606DIMU179\n|j|\u2606FrostArcanine19\n|inactive|Battle timer is ON: inactive players will automatically lose when time's up.\n|t:|1699643831\n|gametype|doubles\n|player|p1|DIMU179|benga|\n|player|p2|FrostArcanine19|bellelba|\n|teamsize|p1|6\n|teamsize|p2|6\n|gen|9\n|tier|[Gen 9] Doubles OU\n|rated|Tournament battle\n|rule|Species Clause: Limit one of each Pok\u00e9mon\n|rule|OHKO Clause: OHKO moves are banned\n|rule|Evasion Moves Clause: Evasion moves are banned\n|rule|Gravity Sleep Clause: The combination of sleep-inducing moves with imperfect accuracy and Gravity or Gigantamax Orbeetle are banned\n|rule|Endless Battle Clause: Forcing endless battles is banned\n|rule|HP Percentage Mod: HP is shown in percentages\n|clearpoke\n|poke|p1|Lilligant-Hisui, F|\n|poke|p1|Skeledirge, F|\n|poke|p1|Gliscor, F|\n|poke|p1|Wyrdeer, M|\n|poke|p1|Leavanny, F|\n|poke|p1|Wigglytuff, M|\n|poke|p2|Houndoom, F|\n|poke|p2|Medicham, F|\n|poke|p2|Hydreigon, M|\n|poke|p2|Sinistcha-Masterpiece|\n|poke|p2|Ribombee, M|\n|poke|p2|Gothitelle, F|\n|teampreview\n|j|*Lady Monita \u263d\n|j| Zwellish\n|c|\u2606FrostArcanine19|glhf\n|\n|t:|1699643857\n|start\n|switch|p1a: Leavanny|Leavanny, F|100\/100\n|switch|p1b: Wigglytuff|Wigglytuff, M|100\/100\n|switch|p2a: Sonic|Houndoom, F, shiny|100\/100\n|switch|p2b: Amy|Gothitelle, F, shiny|100\/100\n|-item|p1a: Leavanny|Focus Sash|[from] ability: Frisk|[of] p2b: Amy|[identify]\n|-item|p1b: Wigglytuff|Leftovers|[from] ability: Frisk|[of] p2b: Amy|[identify]\n|turn|1\n|j| brodiewhat\n|c| Zwellish|Sonic Team!!!\n|inactive|FrostArcanine19 has 120 seconds left.\n|\n|t:|1699643894\n|move|p2b: Amy|Fake Out|p1a: Leavanny\n|-damage|p1a: Leavanny|92\/100\n|move|p2a: Sonic|Heat Wave|p1b: Wigglytuff|[spread] p1a,p1b\n|-supereffective|p1a: Leavanny\n|-damage|p1a: Leavanny|0 fnt\n|-damage|p1b: Wigglytuff|47\/100\n|faint|p1a: Leavanny\n|-damage|p2a: Sonic|91\/100|[from] item: Life Orb\n|move|p1b: Wigglytuff|Thunder Wave|p2a: Sonic|[miss]\n|-miss|p1b: Wigglytuff|p2a: Sonic\n|\n|-heal|p1b: Wigglytuff|53\/100|[from] item: Leftovers\n|upkeep\n|\n|t:|1699643908\n|switch|p1a: Wyrdeer|Wyrdeer, M|100\/100\n|-ability|p1a: Wyrdeer|Intimidate|boost\n|-unboost|p2a: Sonic|atk|1\n|-unboost|p2b: Amy|atk|1\n|turn|2\n|j| Kyropasta\n|\n|t:|1699643920\n|move|p2a: Sonic|Snarl|p1a: Wyrdeer|[spread] p1a,p1b\n|-supereffective|p1a: Wyrdeer\n|-resisted|p1b: Wigglytuff\n|-damage|p1a: Wyrdeer|49\/100\n|-damage|p1b: Wigglytuff|39\/100\n|-unboost|p1a: Wyrdeer|spa|1\n|-unboost|p1b: Wigglytuff|spa|1\n|-ability|p1b: Wigglytuff|Competitive|boost\n|-boost|p1b: Wigglytuff|spa|2\n|-damage|p2a: Sonic|81\/100|[from] item: Life Orb\n|move|p2b: Amy|Thunder Wave|p1a: Wyrdeer\n|-status|p1a: Wyrdeer|par\n|move|p1b: Wigglytuff|Thunder Wave|p2a: Sonic\n|-status|p2a: Sonic|par\n|move|p1a: Wyrdeer|Trick Room|p1a: Wyrdeer\n|-fieldstart|move: Trick Room|[of] p1a: Wyrdeer\n|\n|-heal|p1a: Wyrdeer|55\/100 par|[from] item: Leftovers\n|-heal|p1b: Wigglytuff|45\/100|[from] item: Leftovers\n|upkeep\n|turn|3\n|j| E4Everyone\n|c| Kyropasta|Ribommbe is cream\n|\n|t:|1699643935\n|move|p1a: Wyrdeer|Earthquake|p2a: Sonic|[spread] p1b,p2a,p2b\n|-supereffective|p2a: Sonic\n|-damage|p1b: Wigglytuff|10\/100\n|-damage|p2a: Sonic|0 fnt\n|-damage|p2b: Amy|80\/100\n|faint|p2a: Sonic\n|move|p1b: Wigglytuff|Dazzling Gleam|p2b: Amy\n|-damage|p2b: Amy|38\/100\n|move|p2b: Amy|Psychic|p1b: Wigglytuff\n|-damage|p1b: Wigglytuff|0 fnt\n|faint|p1b: Wigglytuff\n|\n|-heal|p1a: Wyrdeer|61\/100 par|[from] item: Leftovers\n|-heal|p2b: Amy|44\/100|[from] item: Leftovers\n|upkeep\n|c|\u2606FrostArcanine19|nah\n|\n|t:|1699643947\n|switch|p1b: Skeledirge|Skeledirge, F|100\/100\n|switch|p2a: Knuckles|Medicham, F|100\/100\n|turn|4\n|\n|t:|1699643958\n|move|p2a: Knuckles|Fake Out|p1a: Wyrdeer\n|-damage|p1a: Wyrdeer|38\/100 par\n|-damage|p2a: Knuckles|91\/100|[from] item: Life Orb\n|cant|p1a: Wyrdeer|flinch\n|move|p2b: Amy|Psychic|p1b: Skeledirge\n|-damage|p1b: Skeledirge|78\/100\n|move|p1b: Skeledirge|Shadow Ball|p2b: Amy\n|-supereffective|p2b: Amy\n|-damage|p2b: Amy|0 fnt\n|faint|p2b: Amy\n|\n|-heal|p1a: Wyrdeer|44\/100 par|[from] item: Leftovers\n|upkeep\n|c| Kyropasta|That\u2019s weird fits well\n|c|\u2606FrostArcanine19|youll see\n|c| Kyropasta|Probably tails then\n|\n|t:|1699643982\n|switch|p2b: Shadow|Hydreigon, M|100\/100\n|turn|5\n|c| Kyropasta|That\u2019s understandable hydragon being shadow\n|\n|t:|1699644003\n|-terastallize|p1b: Skeledirge|Water\n|move|p1a: Wyrdeer|Body Slam|p2b: Shadow\n|-damage|p2b: Shadow|54\/100\n|move|p1b: Skeledirge|Shadow Ball|p2a: Knuckles\n|-supereffective|p2a: Knuckles\n|-damage|p2a: Knuckles|0 fnt\n|faint|p2a: Knuckles\n|move|p2b: Shadow|U-turn|p1a: Wyrdeer\n|-supereffective|p1a: Wyrdeer\n|-damage|p1a: Wyrdeer|1\/100 par\n|-damage|p2b: Shadow|45\/100|[from] item: Life Orb\n|\n|t:|1699644010\n|switch|p2b: Eggman|Sinistcha-Masterpiece, shiny|100\/100|[from] U-turn\n|\n|-heal|p1a: Wyrdeer|8\/100 par|[from] item: Leftovers\n|upkeep\n|j| Osgovs\n|\n|t:|1699644013\n|switch|p2a: Shadow|Hydreigon, M|45\/100\n|turn|6\n|c| Kyropasta|Ribombee is tails\n|\n|t:|1699644031\n|-terastallize|p2b: Eggman|Water\n|move|p1a: Wyrdeer|Body Slam|p2a: Shadow\n|-damage|p2a: Shadow|0 fnt\n|faint|p2a: Shadow\n|move|p1b: Skeledirge|Heat Wave|p2b: Eggman\n|-resisted|p2b: Eggman\n|-crit|p2b: Eggman\n|-damage|p2b: Eggman|74\/100\n|move|p2b: Eggman|Matcha Gotcha|p1a: Wyrdeer|[spread] p1a,p1b\n|-supereffective|p1b: Skeledirge\n|-damage|p1a: Wyrdeer|0 fnt\n|-heal|p2b: Eggman|78\/100|[from] drain|[of] p1a: Wyrdeer\n|-damage|p1b: Skeledirge|33\/100\n|-heal|p2b: Eggman|100\/100|[from] drain|[of] p1b: Skeledirge\n|faint|p1a: Wyrdeer\n|\n|-fieldend|move: Trick Room\n|upkeep\n|\n|t:|1699644050\n|switch|p2a: Tails|Ribombee, M|100\/100\n|switch|p1a: Lilligant|Lilligant-Hisui, F|100\/100\n|turn|7\n|\n|t:|1699644075\n|move|p2a: Tails|Quiver Dance|p2a: Tails\n|-boost|p2a: Tails|spa|1\n|-boost|p2a: Tails|spd|1\n|-boost|p2a: Tails|spe|1\n|move|p1a: Lilligant|Leaf Blade|p2b: Eggman\n|-supereffective|p2b: Eggman\n|-damage|p2b: Eggman|29\/100\n|move|p2b: Eggman|Matcha Gotcha|p1b: Skeledirge|[spread] p1a\n|-miss|p2b: Eggman|p1b: Skeledirge\n|-resisted|p1a: Lilligant\n|-damage|p1a: Lilligant|81\/100\n|-heal|p2b: Eggman|37\/100|[from] drain|[of] p1a: Lilligant\n|move|p1b: Skeledirge|Slack Off|p1b: Skeledirge\n|-heal|p1b: Skeledirge|83\/100\n|\n|-heal|p2b: Eggman|43\/100|[from] item: Leftovers\n|upkeep\n|turn|8\n|c| Kyropasta|Your dead now\n|j| Boyca\n|c|\u2606FrostArcanine19|ik\n|\n|t:|1699644097\n|move|p2a: Tails|Dazzling Gleam|p1a: Lilligant|[spread] p1a,p1b\n|-supereffective|p1a: Lilligant\n|-damage|p1a: Lilligant|0 fnt\n|-damage|p1b: Skeledirge|62\/100\n|faint|p1a: Lilligant\n|move|p2b: Eggman|Strength Sap|p1b: Skeledirge\n|-unboost|p1b: Skeledirge|atk|1\n|-heal|p2b: Eggman|83\/100\n|move|p1b: Skeledirge|Heat Wave|p2b: Eggman|[spread] p2a,p2b\n|-supereffective|p2a: Tails\n|-resisted|p2b: Eggman\n|-damage|p2a: Tails|8\/100\n|-damage|p2b: Eggman|70\/100\n|\n|-heal|p2b: Eggman|77\/100|[from] item: Leftovers\n|upkeep\n|\n|t:|1699644100\n|switch|p1a: Gliscor|Gliscor, F|100\/100\n|turn|9\n|\n|t:|1699644121\n|move|p2b: Eggman|Rage Powder|p2b: Eggman\n|-singleturn|p2b: Eggman|move: Rage Powder\n|move|p2a: Tails|Dazzling Gleam|p1b: Skeledirge|[spread] p1a,p1b\n|-crit|p1a: Gliscor\n|-damage|p1a: Gliscor|42\/100\n|-damage|p1b: Skeledirge|42\/100\n|move|p1a: Gliscor|Facade|p2b: Eggman\n|-crit|p2b: Eggman\n|-damage|p2b: Eggman|55\/100\n|move|p1b: Skeledirge|Heat Wave|p2b: Eggman|[spread] p2a,p2b\n|-supereffective|p2a: Tails\n|-resisted|p2b: Eggman\n|-damage|p2a: Tails|0 fnt\n|-damage|p2b: Eggman|42\/100\n|faint|p2a: Tails\n|\n|-heal|p2b: Eggman|48\/100|[from] item: Leftovers\n|-status|p1a: Gliscor|tox|[from] item: Toxic Orb\n|upkeep\n|turn|10\n|j| evyghon\n|\n|t:|1699644145\n|move|p1a: Gliscor|Protect|p1a: Gliscor\n|-singleturn|p1a: Gliscor|Protect\n|move|p2b: Eggman|Matcha Gotcha|p1b: Skeledirge|[spread] p1b\n|-activate|p1a: Gliscor|move: Protect\n|-supereffective|p1b: Skeledirge\n|-damage|p1b: Skeledirge|0 fnt\n|-heal|p2b: Eggman|72\/100|[from] drain|[of] p1b: Skeledirge\n|faint|p1b: Skeledirge\n|\n|-heal|p2b: Eggman|78\/100|[from] item: Leftovers\n|-heal|p1a: Gliscor|54\/100 tox|[from] ability: Poison Heal\n|upkeep\n|turn|11\n|c| Kyropasta|He turned the tides\n|c|\u2606DIMU179|Gg\n|c| brodiewhat|i bet sinistcha loses this 1v1 tho\n|inactive|FrostArcanine19 has 120 seconds left.\n|\n|t:|1699644177\n|move|p1a: Gliscor|Facade|p2b: Eggman\n|-damage|p2b: Eggman|47\/100\n|move|p2b: Eggman|Scald|p1a: Gliscor\n|-supereffective|p1a: Gliscor\n|-damage|p1a: Gliscor|0 fnt\n|faint|p1a: Gliscor\n|\n|win|FrostArcanine19\n|n|\u2606DIMU179|dimu179\n|n|\u2606FrostArcanine19|frostarcanine19\n|n|*Lady Monita \u263d|ladymonita\n|n| Zwellish|zwellish\n|n| brodiewhat|brodiewhat\n|n| Kyropasta|kyropasta\n|n| E4Everyone|e4everyone\n|n| Osgovs|osgovs\n|n| Boyca|boyca\n|n| evyghon|evyghon\n","uploadtime":1699644179,"views":6,"p1id":"dimu179","p2id":"frostarcanine19","formatid":"gen9doublesou","rating":0,"private":0,"password":""}