{"id":"gen9doublesou-1974188969","p1":"Nrickj132","p2":"mikeyuwu","format":"[Gen 9] Doubles OU","log":"|j|\u2606Nrickj132\n|j|\u2606mikeyuwu\n|t:|1698066580\n|gametype|doubles\n|player|p1|Nrickj132|102|1292\n|player|p2|mikeyuwu|psychic-gen4|1250\n|teamsize|p1|6\n|teamsize|p2|6\n|gen|9\n|tier|[Gen 9] Doubles OU\n|rated|\n|rule|Species Clause: Limit one of each Pok\u00e9mon\n|rule|OHKO Clause: OHKO moves are banned\n|rule|Evasion Moves Clause: Evasion moves are banned\n|rule|Gravity Sleep Clause: The combination of sleep-inducing moves with imperfect accuracy and Gravity or Gigantamax Orbeetle are banned\n|rule|Endless Battle Clause: Forcing endless battles is banned\n|rule|HP Percentage Mod: HP is shown in percentages\n|clearpoke\n|poke|p1|Arboliva, F|\n|poke|p1|Pelipper, M|\n|poke|p1|Torkoal, M|\n|poke|p1|Abomasnow, M|\n|poke|p1|Sableye, M|\n|poke|p1|Stantler, M|\n|poke|p2|Garchomp, M|\n|poke|p2|Tyranitar, F|\n|poke|p2|Vaporeon, F|\n|poke|p2|Toxicroak, M|\n|poke|p2|Pelipper, F|\n|poke|p2|Abomasnow, M|\n|teampreview\n|inactive|Battle timer is ON: inactive players will automatically lose when time's up. (requested by Nrickj132)\n|\n|t:|1698066588\n|start\n|switch|p1a: Weather reporter|Arboliva, F|100\/100\n|switch|p1b: Cheese|Sableye, M|100\/100\n|switch|p2a: OTLHPM|Toxicroak, M|100\/100\n|switch|p2b: Harmacy|Vaporeon, F|100\/100\n|turn|1\n|\n|t:|1698066604\n|switch|p2b: Cold Shoulder|Abomasnow, M, shiny|100\/100\n|-weather|Snow|[from] ability: Snow Warning|[of] p2b: Cold Shoulder\n|move|p1b: Cheese|Sunny Day|p1b: Cheese\n|-weather|SunnyDay\n|move|p2a: OTLHPM|Poison Jab|p1a: Weather reporter\n|-supereffective|p1a: Weather reporter\n|-damage|p1a: Weather reporter|20\/100\n|-fieldstart|move: Grassy Terrain|[from] ability: Seed Sower|[of] p1a: Weather reporter\n|-enditem|p1a: Weather reporter|Weakness Policy\n|-boost|p1a: Weather reporter|atk|2|[from] item: Weakness Policy\n|-boost|p1a: Weather reporter|spa|2|[from] item: Weakness Policy\n|move|p1a: Weather reporter|Giga Drain|p2b: Cold Shoulder\n|-resisted|p2b: Cold Shoulder\n|-damage|p2b: Cold Shoulder|44\/100\n|-heal|p1a: Weather reporter|48\/100|[from] drain|[of] p2b: Cold Shoulder\n|\n|-weather|SunnyDay|[upkeep]\n|-damage|p2a: OTLHPM|88\/100|[from] ability: Dry Skin|[of] p2a: OTLHPM\n|-heal|p2a: OTLHPM|94\/100|[from] Grassy Terrain\n|-heal|p2a: OTLHPM|100\/100|[from] item: Black Sludge\n|-heal|p2b: Cold Shoulder|50\/100|[from] Grassy Terrain\n|-heal|p1a: Weather reporter|54\/100|[from] Grassy Terrain\n|upkeep\n|turn|2\n|inactive|Nrickj132 has 120 seconds left.\n|c|\u2606Nrickj132|Wait my abamasnow\u2019s nicknams is cold socks\n|c|\u2606mikeyuwu|Lool\n|\n|t:|1698066659\n|-terastallize|p1a: Weather reporter|Water\n|move|p1b: Cheese|Trick|p2a: OTLHPM\n|-activate|p1b: Cheese|move: Trick|[of] p2a: OTLHPM\n|-item|p2a: OTLHPM|Eject Button|[from] move: Trick\n|-item|p1b: Cheese|Black Sludge|[from] move: Trick\n|move|p2a: OTLHPM|Poison Jab|p1a: Weather reporter\n|-damage|p1a: Weather reporter|14\/100\n|move|p2b: Cold Shoulder|Weather Ball|p1a: Weather reporter\n|-resisted|p1a: Weather reporter\n|-damage|p1a: Weather reporter|0 fnt\n|faint|p1a: Weather reporter\n|\n|-weather|SunnyDay|[upkeep]\n|-damage|p2a: OTLHPM|88\/100|[from] ability: Dry Skin|[of] p2a: OTLHPM\n|-heal|p2a: OTLHPM|94\/100|[from] Grassy Terrain\n|-heal|p2b: Cold Shoulder|56\/100|[from] Grassy Terrain\n|-damage|p1b: Cheese|88\/100|[from] item: Black Sludge\n|upkeep\n|inactive|Nrickj132 has 90 seconds left.\n|c|\u2606Nrickj132|And i\u2019m also using weather ball\n|\n|t:|1698066689\n|switch|p1a: Slay dear|Stantler, M|100\/100\n|-ability|p1a: Slay dear|Intimidate|boost\n|-unboost|p2a: OTLHPM|atk|1\n|-unboost|p2b: Cold Shoulder|atk|1\n|turn|3\n|\n|t:|1698066696\n|switch|p2a: Weather War|Pelipper, F|100\/100\n|-weather|RainDance|[from] ability: Drizzle|[of] p2a: Weather War\n|switch|p2b: Extra Spicy|Garchomp, M|100\/100\n|move|p1b: Cheese|Foul Play|p2a: Weather War\n|-damage|p2a: Weather War|90\/100\n|move|p1a: Slay dear|Trick Room|p1a: Slay dear\n|-fieldstart|move: Trick Room|[of] p1a: Slay dear\n|\n|-weather|RainDance|[upkeep]\n|-heal|p1b: Cheese|94\/100|[from] Grassy Terrain\n|-damage|p1b: Cheese|82\/100|[from] item: Black Sludge\n|upkeep\n|turn|4\n|c|\u2606mikeyuwu|Its good to see another, proper weather team\n|c|\u2606mikeyuwu|Mono weather teams arent trying hard wnough\n|c|\u2606Nrickj132|Love to see it\n|inactive|mikeyuwu has 120 seconds left.\n|\n|t:|1698066730\n|move|p1b: Cheese|Trick|p2b: Extra Spicy\n|-activate|p1b: Cheese|move: Trick|[of] p2b: Extra Spicy\n|-item|p2b: Extra Spicy|Black Sludge|[from] move: Trick\n|-item|p1b: Cheese|Rocky Helmet|[from] move: Trick\n|move|p1a: Slay dear|Thunder|p2a: Weather War\n|-supereffective|p2a: Weather War\n|-damage|p2a: Weather War|0 fnt\n|faint|p2a: Weather War\n|move|p2b: Extra Spicy|Earthquake|p1a: Slay dear|[spread] p1a,p1b\n|-damage|p1a: Slay dear|86\/100\n|-damage|p1b: Cheese|65\/100\n|\n|-weather|RainDance|[upkeep]\n|-heal|p1b: Cheese|71\/100|[from] Grassy Terrain\n|-heal|p1a: Slay dear|92\/100|[from] Grassy Terrain\n|-damage|p2b: Extra Spicy|88\/100|[from] item: Black Sludge\n|upkeep\n|inactive|mikeyuwu has 120 seconds left.\n|\n|t:|1698066742\n|switch|p2a: OTLHPM|Toxicroak, M|94\/100\n|turn|5\n|\n|t:|1698066754\n|switch|p2b: ThcrThnSnkr|Tyranitar, F|100\/100\n|-weather|Sandstorm|[from] ability: Sand Stream|[of] p2b: ThcrThnSnkr\n|move|p1b: Cheese|Foul Play|p2b: ThcrThnSnkr\n|-resisted|p2b: ThcrThnSnkr\n|-damage|p2b: ThcrThnSnkr|80\/100\n|move|p1a: Slay dear|Psychic|p2a: OTLHPM\n|-supereffective|p2a: OTLHPM\n|-damage|p2a: OTLHPM|0 fnt\n|faint|p2a: OTLHPM\n|\n|-weather|Sandstorm|[upkeep]\n|-damage|p1b: Cheese|65\/100|[from] Sandstorm\n|-damage|p1a: Slay dear|86\/100|[from] Sandstorm\n|-heal|p1b: Cheese|71\/100|[from] Grassy Terrain\n|-heal|p1a: Slay dear|92\/100|[from] Grassy Terrain\n|-heal|p2b: ThcrThnSnkr|87\/100|[from] Grassy Terrain\n|-fieldend|move: Grassy Terrain\n|upkeep\n|\n|t:|1698066763\n|switch|p2a: Harmacy|Vaporeon, F|100\/100\n|turn|6\n|\n|t:|1698066775\n|switch|p1b: Dry socks|Torkoal, M|100\/100\n|-weather|SunnyDay|[from] ability: Drought|[of] p1b: Dry socks\n|move|p1a: Slay dear|Solar Beam||[still]\n|-prepare|p1a: Slay dear|Solar Beam\n|-anim|p1a: Slay dear|Solar Beam|p2a: Harmacy\n|-supereffective|p2a: Harmacy\n|-damage|p2a: Harmacy|45\/100\n|move|p2a: Harmacy|Copycat|p2a: Harmacy\n|move|p2a: Harmacy|Solar Beam||[from]move: Copycat|[still]\n|-prepare|p2a: Harmacy|Solar Beam\n|-anim|p2a: Harmacy|Solar Beam|p1b: Dry socks\n|-resisted|p1b: Dry socks\n|-damage|p1b: Dry socks|80\/100\n|move|p2b: ThcrThnSnkr|Knock Off|p1a: Slay dear\n|-damage|p1a: Slay dear|50\/100\n|-enditem|p1a: Slay dear|Eviolite|[from] move: Knock Off|[of] p2b: ThcrThnSnkr\n|\n|-weather|SunnyDay|[upkeep]\n|-heal|p2a: Harmacy|51\/100|[from] item: Leftovers\n|upkeep\n|turn|7\n|inactive|Nrickj132 has 120 seconds left.\n|\n|t:|1698066805\n|switch|p1b: Wet socks|Pelipper, M|100\/100\n|-weather|RainDance|[from] ability: Drizzle|[of] p1b: Wet socks\n|switch|p2a: Cold Shoulder|Abomasnow, M, shiny|56\/100\n|-weather|Snow|[from] ability: Snow Warning|[of] p2a: Cold Shoulder\n|switch|p2b: Extra Spicy|Garchomp, M|88\/100\n|move|p1a: Slay dear|Thunder|p2a: Cold Shoulder\n|-resisted|p2a: Cold Shoulder\n|-damage|p2a: Cold Shoulder|36\/100\n|\n|-weather|Snow|[upkeep]\n|-damage|p2b: Extra Spicy|76\/100|[from] item: Black Sludge\n|-fieldend|move: Trick Room\n|upkeep\n|turn|8\n|\n|t:|1698066824\n|switch|p1a: Cheese|Sableye, M|71\/100\n|move|p2b: Extra Spicy|Brick Break|p1a: Cheese\n|-immune|p1a: Cheese\n|move|p2a: Cold Shoulder|Giga Drain|p1b: Wet socks\n|-damage|p1b: Wet socks|62\/100\n|-heal|p2a: Cold Shoulder|54\/100|[from] drain|[of] p1b: Wet socks\n|move|p1b: Wet socks|Blizzard|p2b: Extra Spicy|[spread] p2a,p2b\n|-supereffective|p2b: Extra Spicy\n|-damage|p2a: Cold Shoulder|27\/100\n|-damage|p2b: Extra Spicy|0 fnt\n|faint|p2b: Extra Spicy\n|\n|-weather|Snow|[upkeep]\n|upkeep\n|\n|t:|1698066829\n|switch|p2b: ThcrThnSnkr|Tyranitar, F|87\/100\n|-weather|Sandstorm|[from] ability: Sand Stream|[of] p2b: ThcrThnSnkr\n|turn|9\n|c|\u2606Nrickj132|Ofc i had to come prepared\n|inactive|Nrickj132 has 120 seconds left.\n|\n|t:|1698066860\n|switch|p1b: Cold socks|Abomasnow, M, shiny|100\/100\n|-weather|Snow|[from] ability: Snow Warning|[of] p1b: Cold socks\n|move|p1a: Cheese|Encore|p2a: Cold Shoulder\n|-start|p2a: Cold Shoulder|Encore\n|move|p2a: Cold Shoulder|Giga Drain|p1b: Cold socks\n|-resisted|p1b: Cold socks\n|-damage|p1b: Cold socks|87\/100\n|-heal|p2a: Cold Shoulder|35\/100|[from] drain|[of] p1b: Cold socks\n|move|p2b: ThcrThnSnkr|Thunderbolt|p1b: Cold socks\n|-resisted|p1b: Cold socks\n|-damage|p1b: Cold socks|76\/100\n|\n|-weather|Snow|[upkeep]\n|upkeep\n|turn|10\n|\n|t:|1698066884\n|switch|p1a: Wet socks|Pelipper, M|62\/100\n|-weather|RainDance|[from] ability: Drizzle|[of] p1a: Wet socks\n|move|p2a: Cold Shoulder|Giga Drain|p1a: Wet socks\n|-damage|p1a: Wet socks|24\/100\n|-heal|p2a: Cold Shoulder|52\/100|[from] drain|[of] p1a: Wet socks\n|move|p2b: ThcrThnSnkr|Rock Slide|p1a: Wet socks|[spread] p1a,p1b\n|-supereffective|p1a: Wet socks\n|-supereffective|p1b: Cold socks\n|-damage|p1a: Wet socks|0 fnt\n|-damage|p1b: Cold socks|18\/100\n|faint|p1a: Wet socks\n|cant|p1b: Cold socks|flinch\n|\n|-weather|RainDance|[upkeep]\n|upkeep\n|inactive|Nrickj132 has 120 seconds left.\n|\n|t:|1698066900\n|switch|p1a: Slay dear|Stantler, M|50\/100\n|-ability|p1a: Slay dear|Intimidate|boost\n|-unboost|p2a: Cold Shoulder|atk|1\n|-unboost|p2b: ThcrThnSnkr|atk|1\n|turn|11\n|c|\u2606mikeyuwu|Does your abomasnow also have 397 def in snow?\n|\n|t:|1698066912\n|move|p2a: Cold Shoulder|Giga Drain|p1a: Slay dear\n|-damage|p1a: Slay dear|15\/100\n|-heal|p2a: Cold Shoulder|70\/100|[from] drain|[of] p1a: Slay dear\n|move|p2b: ThcrThnSnkr|Rock Slide|p1b: Cold socks|[spread] p1a,p1b\n|-supereffective|p1b: Cold socks\n|-damage|p1a: Slay dear|0 fnt\n|-damage|p1b: Cold socks|0 fnt\n|faint|p1a: Slay dear\n|faint|p1b: Cold socks\n|\n|-weather|RainDance|[upkeep]\n|-end|p2a: Cold Shoulder|Encore\n|upkeep\n|c|\u2606Nrickj132|Ik\n|inactive|Nrickj132 has 120 seconds left.\n|c|\u2606Nrickj132|i wanted to cheese\n|\n|t:|1698066937\n|switch|p1a: Cheese|Sableye, M|71\/100\n|switch|p1b: Dry socks|Torkoal, M|80\/100\n|-weather|SunnyDay|[from] ability: Drought|[of] p1b: Dry socks\n|turn|12\n|\n|t:|1698066950\n|switch|p2b: Harmacy|Vaporeon, F|51\/100\n|-terastallize|p2a: Cold Shoulder|Water\n|move|p1a: Cheese|Encore|p2a: Cold Shoulder\n|-start|p2a: Cold Shoulder|Encore\n|move|p2a: Cold Shoulder|Giga Drain|p1a: Cheese\n|-damage|p1a: Cheese|28\/100\n|-heal|p2a: Cold Shoulder|89\/100|[from] drain|[of] p1a: Cheese\n|move|p1b: Dry socks|Solar Beam||[still]\n|-prepare|p1b: Dry socks|Solar Beam\n|-anim|p1b: Dry socks|Solar Beam|p2b: Harmacy\n|-supereffective|p2b: Harmacy\n|-damage|p2b: Harmacy|0 fnt\n|faint|p2b: Harmacy\n|\n|-weather|SunnyDay|[upkeep]\n|upkeep\n|\n|t:|1698066967\n|switch|p2b: ThcrThnSnkr|Tyranitar, F|87\/100\n|-weather|Sandstorm|[from] ability: Sand Stream|[of] p2b: ThcrThnSnkr\n|turn|13\n|\n|t:|1698066976\n|move|p1a: Cheese|Sunny Day|p1a: Cheese\n|-weather|SunnyDay\n|move|p2a: Cold Shoulder|Giga Drain|p1a: Cheese\n|-damage|p1a: Cheese|0 fnt\n|-heal|p2a: Cold Shoulder|100\/100|[from] drain|[of] p1a: Cheese\n|faint|p1a: Cheese\n|move|p2b: ThcrThnSnkr|Rock Slide|p1b: Dry socks\n|-supereffective|p1b: Dry socks\n|-damage|p1b: Dry socks|33\/100\n|move|p1b: Dry socks|Solar Beam||[still]\n|-prepare|p1b: Dry socks|Solar Beam\n|-anim|p1b: Dry socks|Solar Beam|p2b: ThcrThnSnkr\n|-supereffective|p2b: ThcrThnSnkr\n|-damage|p2b: ThcrThnSnkr|55\/100\n|\n|-weather|SunnyDay|[upkeep]\n|upkeep\n|turn|14\n|c|\u2606mikeyuwu|Against other teams you probably will\n|c|\u2606Nrickj132|Assault vested ttar\n|inactive|Nrickj132 has 120 seconds left.\n|c|\u2606Nrickj132|lol\n|c|\u2606mikeyuwu|Mhm\n|c|\u2606Nrickj132|gg\n|-message|Nrickj132 forfeited.\n|\n|win|mikeyuwu\n|raw|Nrickj132's rating: 1292 &rarr; <strong>1264<\/strong><br \/>(-28 for losing)\n|raw|mikeyuwu's rating: 1250 &rarr; <strong>1278<\/strong><br \/>(+28 for winning)\n|c|\u2606mikeyuwu|738 spd in sand\n|l|\u2606Nrickj132\n|c|\u2606mikeyuwu|Gg\n","uploadtime":1698067025,"views":19,"p1id":"nrickj132","p2id":"mikeyuwu","formatid":"gen9doublesou","rating":1264,"private":0,"password":""}