{"id":"gen9doublesou-1994365005","p1":"carambolo","p2":"AlendMain","format":"[Gen 9] Doubles OU","log":"|j|\u2606carambolo\n|j|\u2606AlendMain\n|t:|1700435583\n|gametype|doubles\n|player|p1|carambolo|265|1449\n|player|p2|AlendMain|1|1515\n|teamsize|p1|6\n|teamsize|p2|6\n|gen|9\n|tier|[Gen 9] Doubles OU\n|rated|\n|rule|Species Clause: Limit one of each Pok\u00e9mon\n|rule|OHKO Clause: OHKO moves are banned\n|rule|Evasion Moves Clause: Evasion moves are banned\n|rule|Gravity Sleep Clause: The combination of sleep-inducing moves with imperfect accuracy and Gravity or Gigantamax Orbeetle are banned\n|rule|Endless Battle Clause: Forcing endless battles is banned\n|rule|HP Percentage Mod: HP is shown in percentages\n|clearpoke\n|poke|p1|Spiritomb, M|\n|poke|p1|Gastrodon, M|\n|poke|p1|Kingambit, M|\n|poke|p1|Hatterene, F|\n|poke|p1|Armarouge, F|\n|poke|p1|Kommo-o, F|\n|poke|p2|Ogerpon-Hearthflame, F|\n|poke|p2|Glimmora, F|\n|poke|p2|Samurott-Hisui, M|\n|poke|p2|Cresselia, F|\n|poke|p2|Goodra-Hisui, M|\n|poke|p2|Flutter Mane|\n|teampreview\n|\n|t:|1700435602\n|start\n|switch|p1a: Braza|Armarouge, F|100\/100\n|switch|p1b: Kommo-o|Kommo-o, F|100\/100\n|switch|p2a: Flutter Mane|Flutter Mane|100\/100\n|switch|p2b: Samurott|Samurott-Hisui, M|100\/100\n|turn|1\n|\n|t:|1700435652\n|switch|p1b: Bigotes|Kingambit, M|100\/100\n|move|p2a: Flutter Mane|Dazzling Gleam|p1b: Bigotes|[spread] p1a,p1b\n|-resisted|p1a: Braza\n|-crit|p1b: Bigotes\n|-damage|p1a: Braza|81\/100\n|-damage|p1b: Bigotes|69\/100\n|move|p2b: Samurott|Sacred Sword|p1b: Bigotes\n|-supereffective|p1b: Bigotes\n|-crit|p1b: Bigotes\n|-damage|p1b: Bigotes|0 fnt\n|faint|p1b: Bigotes\n|move|p1a: Braza|Aura Sphere|p2b: Samurott\n|-supereffective|p2b: Samurott\n|-damage|p2b: Samurott|5\/100\n|\n|upkeep\n|inactive|Battle timer is ON: inactive players will automatically lose when time's up. (requested by AlendMain)\n|\n|t:|1700435668\n|switch|p1b: Spektro|Spiritomb, M|100\/100\n|-ability|p1b: Spektro|Pressure\n|turn|2\n|\n|t:|1700435684\n|switch|p2b: Cresselia|Cresselia, F|100\/100\n|move|p2a: Flutter Mane|Dazzling Gleam|p1b: Spektro|[spread] p1a,p1b\n|-resisted|p1a: Braza\n|-supereffective|p1b: Spektro\n|-damage|p1a: Braza|63\/100\n|-damage|p1b: Spektro|36\/100\n|move|p1a: Braza|Heat Wave|p2a: Flutter Mane|[spread] p2a,p2b\n|-damage|p2a: Flutter Mane|70\/100\n|-damage|p2b: Cresselia|76\/100\n|move|p1b: Spektro|Trick Room|p1b: Spektro\n|-fieldstart|move: Trick Room|[of] p1b: Spektro\n|\n|-heal|p1b: Spektro|42\/100|[from] item: Leftovers\n|-heal|p2b: Cresselia|82\/100|[from] item: Leftovers\n|upkeep\n|turn|3\n|\n|t:|1700435701\n|move|p1b: Spektro|Snarl|p2a: Flutter Mane|[spread] p2a,p2b\n|-supereffective|p2b: Cresselia\n|-damage|p2a: Flutter Mane|59\/100\n|-damage|p2b: Cresselia|64\/100\n|-unboost|p2a: Flutter Mane|spa|1\n|-unboost|p2b: Cresselia|spa|1\n|move|p1a: Braza|Psyshock|p2a: Flutter Mane\n|-damage|p2a: Flutter Mane|0 fnt\n|faint|p2a: Flutter Mane\n|-end|p2a: Flutter Mane|Protosynthesis|[silent]\n|move|p2b: Cresselia|Lunar Blessing|p2b: Cresselia\n|-heal|p2b: Cresselia|89\/100\n|\n|-heal|p1b: Spektro|48\/100|[from] item: Leftovers\n|-heal|p2b: Cresselia|96\/100|[from] item: Leftovers\n|upkeep\n|\n|t:|1700435714\n|switch|p2a: Goodra|Goodra-Hisui, M|100\/100\n|turn|4\n|\n|t:|1700435729\n|move|p1b: Spektro|Will-O-Wisp|p2b: Cresselia\n|-status|p2b: Cresselia|brn\n|move|p2a: Goodra|Muddy Water|p1a: Braza|[spread] p1a,p1b\n|-supereffective|p1a: Braza\n|-damage|p1a: Braza|27\/100\n|-damage|p1b: Spektro|32\/100\n|move|p1a: Braza|Heat Wave|p2b: Cresselia|[spread] p2b\n|-miss|p1a: Braza|p2a: Goodra\n|-damage|p2b: Cresselia|70\/100 brn\n|move|p2b: Cresselia|Calm Mind|p2b: Cresselia\n|-boost|p2b: Cresselia|spa|1\n|-boost|p2b: Cresselia|spd|1\n|\n|-heal|p1b: Spektro|38\/100|[from] item: Leftovers\n|-heal|p2b: Cresselia|76\/100 brn|[from] item: Leftovers\n|-damage|p2b: Cresselia|70\/100 brn|[from] brn\n|upkeep\n|turn|5\n|\n|t:|1700435752\n|move|p1b: Spektro|Hex|p2b: Cresselia\n|-supereffective|p2b: Cresselia\n|-damage|p2b: Cresselia|30\/100 brn\n|move|p2a: Goodra|Muddy Water|p1a: Braza|[spread] p1a,p1b\n|-supereffective|p1a: Braza\n|-damage|p1a: Braza|0 fnt\n|-damage|p1b: Spektro|22\/100\n|-unboost|p1b: Spektro|accuracy|1\n|faint|p1a: Braza\n|move|p2b: Cresselia|Lunar Blessing|p2b: Cresselia|[spread] p2a,p2b\n|-heal|p2b: Cresselia|55\/100 brn\n|-curestatus|p2b: Cresselia|brn|[msg]\n|\n|-heal|p1b: Spektro|28\/100|[from] item: Leftovers\n|-heal|p2b: Cresselia|61\/100|[from] item: Leftovers\n|upkeep\n|inactive|carambolo has 120 seconds left.\n|\n|t:|1700435772\n|switch|p1a: Gre\u00f1as|Hatterene, F|100\/100\n|turn|6\n|\n|t:|1700435778\n|switch|p1b: Trujo|Gastrodon, M|100\/100\n|move|p1a: Gre\u00f1as|Life Dew||[still]|[spread] \n|-ability|p1b: Trujo|Storm Drain|boost\n|-boost|p1b: Trujo|spa|1\n|-fail|p1a: Gre\u00f1as|heal\n|move|p2a: Goodra|Muddy Water|p1b: Trujo|[spread] p1a\n|-ability|p1b: Trujo|Storm Drain|boost\n|-boost|p1b: Trujo|spa|1\n|-damage|p1a: Gre\u00f1as|83\/100\n|move|p2b: Cresselia|Calm Mind|p2b: Cresselia\n|-boost|p2b: Cresselia|spa|1\n|-boost|p2b: Cresselia|spd|1\n|\n|-heal|p2b: Cresselia|67\/100|[from] item: Leftovers\n|-fieldend|move: Trick Room\n|upkeep\n|turn|7\n|\n|t:|1700435798\n|move|p2b: Cresselia|Psychic|p1b: Trujo\n|-damage|p1b: Trujo|68\/100\n|move|p1b: Trujo|Earth Power|p2a: Goodra\n|-supereffective|p2a: Goodra\n|-damage|p2a: Goodra|24\/100\n|-heal|p1b: Trujo|77\/100|[from] item: Shell Bell|[of] p2a: Goodra\n|move|p2a: Goodra|Dragon Tail|p1b: Trujo\n|-damage|p1b: Trujo|58\/100\n|drag|p1b: Spektro|Spiritomb, M|28\/100\n|-ability|p1b: Spektro|Pressure\n|move|p1a: Gre\u00f1as|Trick Room|p1a: Gre\u00f1as\n|-fieldstart|move: Trick Room|[of] p1a: Gre\u00f1as\n|\n|-heal|p1b: Spektro|34\/100|[from] item: Leftovers\n|-heal|p2a: Goodra|30\/100|[from] item: Leftovers\n|-heal|p2b: Cresselia|73\/100|[from] item: Leftovers\n|upkeep\n|turn|8\n|\n|t:|1700435822\n|move|p1a: Gre\u00f1as|Dazzling Gleam|p2b: Cresselia|[spread] p2a,p2b\n|-damage|p2a: Goodra|14\/100\n|-damage|p2b: Cresselia|63\/100\n|move|p1b: Spektro|Snarl|p2a: Goodra|[spread] p2a,p2b\n|-supereffective|p2b: Cresselia\n|-damage|p2a: Goodra|6\/100\n|-damage|p2b: Cresselia|55\/100\n|-unboost|p2a: Goodra|spa|1\n|-unboost|p2b: Cresselia|spa|1\n|move|p2a: Goodra|Muddy Water|p1a: Gre\u00f1as|[spread] p1a,p1b\n|-damage|p1a: Gre\u00f1as|72\/100\n|-damage|p1b: Spektro|23\/100\n|move|p2b: Cresselia|Calm Mind|p2b: Cresselia\n|-boost|p2b: Cresselia|spa|1\n|-boost|p2b: Cresselia|spd|1\n|\n|-heal|p1b: Spektro|29\/100|[from] item: Leftovers\n|-heal|p2a: Goodra|12\/100|[from] item: Leftovers\n|-heal|p2b: Cresselia|61\/100|[from] item: Leftovers\n|upkeep\n|turn|9\n|\n|t:|1700435845\n|move|p1a: Gre\u00f1as|Dazzling Gleam|p2a: Goodra|[spread] p2a,p2b\n|-damage|p2a: Goodra|0 fnt\n|-damage|p2b: Cresselia|52\/100\n|faint|p2a: Goodra\n|move|p1b: Spektro|Snarl|p2b: Cresselia\n|-supereffective|p2b: Cresselia\n|-crit|p2b: Cresselia\n|-damage|p2b: Cresselia|15\/100\n|-unboost|p2b: Cresselia|spa|1\n|move|p2b: Cresselia|Calm Mind|p2b: Cresselia\n|-boost|p2b: Cresselia|spa|1\n|-boost|p2b: Cresselia|spd|1\n|\n|-heal|p1b: Spektro|35\/100|[from] item: Leftovers\n|-heal|p2b: Cresselia|21\/100|[from] item: Leftovers\n|upkeep\n|\n|t:|1700435856\n|switch|p2a: Glimmora|Glimmora, F|100\/100\n|-item|p2a: Glimmora|Air Balloon\n|turn|10\n|\n|t:|1700435879\n|-terastallize|p2b: Cresselia|Electric\n|move|p1a: Gre\u00f1as|Dazzling Gleam|p2a: Glimmora|[spread] p2a,p2b\n|-resisted|p2a: Glimmora\n|-damage|p2a: Glimmora|89\/100\n|-damage|p2b: Cresselia|14\/100\n|-enditem|p2a: Glimmora|Air Balloon\n|move|p1b: Spektro|Snarl|p2a: Glimmora|[spread] p2a,p2b\n|-damage|p2a: Glimmora|77\/100\n|-damage|p2b: Cresselia|10\/100\n|-unboost|p2a: Glimmora|spa|1\n|-unboost|p2b: Cresselia|spa|1\n|move|p2b: Cresselia|Lunar Blessing|p2b: Cresselia|[spread] p2a,p2b\n|-heal|p2a: Glimmora|100\/100\n|-heal|p2b: Cresselia|35\/100\n|move|p2a: Glimmora|Mortal Spin|p1a: Gre\u00f1as|[spread] p1a,p1b\n|-supereffective|p1a: Gre\u00f1as\n|-resisted|p1b: Spektro\n|-damage|p1a: Gre\u00f1as|63\/100\n|-damage|p1b: Spektro|33\/100\n|-status|p1b: Spektro|psn\n|\n|-heal|p1b: Spektro|39\/100 psn|[from] item: Leftovers\n|-heal|p2b: Cresselia|41\/100|[from] item: Leftovers\n|-damage|p1b: Spektro|27\/100 psn|[from] psn\n|upkeep\n|turn|11\n|\n|t:|1700435904\n|move|p1a: Gre\u00f1as|Psychic|p2a: Glimmora\n|-supereffective|p2a: Glimmora\n|-damage|p2a: Glimmora|23\/100\n|move|p1b: Spektro|Snarl|p2b: Cresselia|[spread] p2a,p2b\n|-damage|p2a: Glimmora|10\/100\n|-damage|p2b: Cresselia|39\/100\n|-unboost|p2a: Glimmora|spa|1\n|-unboost|p2b: Cresselia|spa|1\n|move|p2b: Cresselia|Calm Mind|p2b: Cresselia\n|-boost|p2b: Cresselia|spa|1\n|-boost|p2b: Cresselia|spd|1\n|move|p2a: Glimmora|Earth Power|p1a: Gre\u00f1as\n|-damage|p1a: Gre\u00f1as|50\/100\n|\n|-activate|p1a: Gre\u00f1as|ability: Healer\n|-curestatus|p1b: Spektro|psn|[msg]\n|-heal|p1b: Spektro|33\/100|[from] item: Leftovers\n|-heal|p2b: Cresselia|45\/100|[from] item: Leftovers\n|-fieldend|move: Trick Room\n|upkeep\n|turn|12\n|\n|t:|1700435929\n|move|p2a: Glimmora|Spiky Shield|p2a: Glimmora\n|-singleturn|p2a: Glimmora|move: Protect\n|move|p2b: Cresselia|Psychic|p1a: Gre\u00f1as\n|-resisted|p1a: Gre\u00f1as\n|-damage|p1a: Gre\u00f1as|38\/100\n|move|p1b: Spektro|Snarl|p2b: Cresselia|[spread] p2b\n|-activate|p2a: Glimmora|move: Protect\n|-damage|p2b: Cresselia|42\/100\n|-unboost|p2b: Cresselia|spa|1\n|move|p1a: Gre\u00f1as|Life Dew|p1a: Gre\u00f1as|[spread] p1a,p1b\n|-heal|p1a: Gre\u00f1as|63\/100\n|-heal|p1b: Spektro|58\/100\n|\n|-heal|p2b: Cresselia|48\/100|[from] item: Leftovers\n|-heal|p1b: Spektro|64\/100|[from] item: Leftovers\n|upkeep\n|turn|13\n|\n|t:|1700435950\n|move|p2a: Glimmora|Mortal Spin|p1b: Spektro|[spread] p1a,p1b\n|-supereffective|p1a: Gre\u00f1as\n|-crit|p1a: Gre\u00f1as\n|-resisted|p1b: Spektro\n|-damage|p1a: Gre\u00f1as|51\/100\n|-damage|p1b: Spektro|62\/100\n|-status|p1b: Spektro|psn\n|move|p2b: Cresselia|Lunar Blessing|p2b: Cresselia|[spread] p2a,p2b\n|-heal|p2a: Glimmora|35\/100\n|-heal|p2b: Cresselia|73\/100\n|move|p1b: Spektro|Snarl|p2a: Glimmora|[spread] p2a,p2b\n|-crit|p2a: Glimmora\n|-damage|p2a: Glimmora|20\/100\n|-damage|p2b: Cresselia|70\/100\n|-unboost|p2a: Glimmora|spa|1\n|-unboost|p2b: Cresselia|spa|1\n|move|p1a: Gre\u00f1as|Psychic|p2a: Glimmora\n|-supereffective|p2a: Glimmora\n|-damage|p2a: Glimmora|0 fnt\n|faint|p2a: Glimmora\n|\n|-heal|p2b: Cresselia|76\/100|[from] item: Leftovers\n|-heal|p1b: Spektro|67\/100 psn|[from] item: Leftovers\n|-activate|p1a: Gre\u00f1as|ability: Healer\n|-curestatus|p1b: Spektro|psn|[msg]\n|upkeep\n|\n|t:|1700435962\n|switch|p2a: Ogerpon|Ogerpon-Hearthflame, F|100\/100\n|-ability|p2a: Ogerpon|Mold Breaker\n|turn|14\n|\n|t:|1700435989\n|move|p2a: Ogerpon|Ivy Cudgel|p1a: Gre\u00f1as|[anim] Ivy Cudgel Fire\n|-damage|p1a: Gre\u00f1as|0 fnt\n|faint|p1a: Gre\u00f1as\n|move|p2b: Cresselia|Calm Mind|p2b: Cresselia\n|-boost|p2b: Cresselia|spa|1\n|-boost|p2b: Cresselia|spd|1\n|move|p1b: Spektro|Trick Room|p1b: Spektro\n|-fieldstart|move: Trick Room|[of] p1b: Spektro\n|\n|-heal|p1b: Spektro|73\/100|[from] item: Leftovers\n|-heal|p2b: Cresselia|82\/100|[from] item: Leftovers\n|upkeep\n|inactive|carambolo has 120 seconds left.\n|\n|t:|1700436003\n|switch|p1a: Kommo-o|Kommo-o, F|100\/100\n|turn|15\n|inactive|carambolo has 120 seconds left.\n|\n|t:|1700436029\n|move|p1b: Spektro|Snarl|p2a: Ogerpon|[spread] p2a,p2b\n|-damage|p2a: Ogerpon|84\/100\n|-damage|p2b: Cresselia|80\/100\n|-unboost|p2a: Ogerpon|spa|1\n|-unboost|p2b: Cresselia|spa|1\n|move|p1a: Kommo-o|Drain Punch|p2a: Ogerpon\n|-damage|p2a: Ogerpon|32\/100\n|move|p2b: Cresselia|Psychic|p1a: Kommo-o\n|-supereffective|p1a: Kommo-o\n|-damage|p1a: Kommo-o|77\/100\n|move|p2a: Ogerpon|Ivy Cudgel|p1b: Spektro|[anim] Ivy Cudgel Fire\n|-damage|p1b: Spektro|19\/100\n|\n|-heal|p1b: Spektro|25\/100|[from] item: Leftovers\n|-heal|p2b: Cresselia|86\/100|[from] item: Leftovers\n|upkeep\n|turn|16\n|\n|t:|1700436051\n|move|p1b: Spektro|Snarl|p2a: Ogerpon|[spread] p2a,p2b\n|-damage|p2a: Ogerpon|14\/100\n|-damage|p2b: Cresselia|83\/100\n|-unboost|p2a: Ogerpon|spa|1\n|-unboost|p2b: Cresselia|spa|1\n|move|p1a: Kommo-o|Clangorous Soul|p1a: Kommo-o\n|-boost|p1a: Kommo-o|atk|1\n|-boost|p1a: Kommo-o|def|1\n|-boost|p1a: Kommo-o|spa|1\n|-boost|p1a: Kommo-o|spd|1\n|-boost|p1a: Kommo-o|spe|1\n|-damage|p1a: Kommo-o|44\/100\n|-enditem|p1a: Kommo-o|Sitrus Berry|[eat]\n|-heal|p1a: Kommo-o|69\/100|[from] item: Sitrus Berry\n|move|p2b: Cresselia|Calm Mind|p2b: Cresselia\n|-boost|p2b: Cresselia|spa|1\n|-boost|p2b: Cresselia|spd|0\n|move|p2a: Ogerpon|Horn Leech|p1b: Spektro\n|-damage|p1b: Spektro|0 fnt\n|-heal|p2a: Ogerpon|27\/100|[from] drain|[of] p1b: Spektro\n|faint|p1b: Spektro\n|\n|-heal|p2b: Cresselia|89\/100|[from] item: Leftovers\n|upkeep\n|\n|t:|1700436057\n|switch|p1b: Trujo|Gastrodon, M|58\/100\n|turn|17\n|\n|t:|1700436071\n|switch|p2a: Samurott|Samurott-Hisui, M|5\/100\n|-terastallize|p1b: Trujo|Fire\n|move|p1b: Trujo|Tera Blast|p2a: Samurott|[anim] Tera Blast Fire\n|-resisted|p2a: Samurott\n|-damage|p2a: Samurott|0 fnt\n|faint|p2a: Samurott\n|-heal|p1b: Trujo|58\/100|[from] item: Shell Bell|[of] p2: Samurott\n|move|p2b: Cresselia|Calm Mind|p2b: Cresselia\n|-boost|p2b: Cresselia|spa|1\n|-boost|p2b: Cresselia|spd|0\n|move|p1a: Kommo-o|Drain Punch|p2b: Cresselia\n|-damage|p2b: Cresselia|58\/100\n|-heal|p1a: Kommo-o|93\/100|[from] drain|[of] p2b: Cresselia\n|\n|-heal|p2b: Cresselia|64\/100|[from] item: Leftovers\n|upkeep\n|\n|t:|1700436076\n|switch|p2a: Ogerpon|Ogerpon-Hearthflame, F|27\/100\n|-ability|p2a: Ogerpon|Mold Breaker\n|turn|18\n|\n|t:|1700436101\n|move|p1b: Trujo|Tera Blast|p2a: Ogerpon|[anim] Tera Blast Fire\n|-damage|p2a: Ogerpon|0 fnt\n|faint|p2a: Ogerpon\n|-heal|p1b: Trujo|60\/100|[from] item: Shell Bell|[of] p2: Ogerpon\n|move|p2b: Cresselia|Calm Mind|p2b: Cresselia\n|-boost|p2b: Cresselia|spa|1\n|-boost|p2b: Cresselia|spd|0\n|move|p1a: Kommo-o|Drain Punch|p2b: Cresselia\n|-damage|p2b: Cresselia|34\/100\n|-heal|p1a: Kommo-o|100\/100|[from] drain|[of] p2b: Cresselia\n|\n|-heal|p2b: Cresselia|40\/100|[from] item: Leftovers\n|-fieldend|move: Trick Room\n|upkeep\n|turn|19\n|\n|t:|1700436126\n|move|p1a: Kommo-o|Drain Punch|p2b: Cresselia\n|-damage|p2b: Cresselia|10\/100\n|move|p2b: Cresselia|Psychic|p1a: Kommo-o\n|-supereffective|p1a: Kommo-o\n|-damage|p1a: Kommo-o|69\/100\n|move|p1b: Trujo|Tera Blast|p2b: Cresselia|[anim] Tera Blast Fire\n|-damage|p2b: Cresselia|5\/100\n|-heal|p1b: Trujo|61\/100|[from] item: Shell Bell|[of] p2b: Cresselia\n|\n|-heal|p2b: Cresselia|11\/100|[from] item: Leftovers\n|upkeep\n|turn|20\n|-message|AlendMain forfeited.\n|\n|win|carambolo\n|raw|carambolo's rating: 1449 &rarr; <strong>1473<\/strong><br \/>(+24 for winning)\n|raw|AlendMain's rating: 1515 &rarr; <strong>1491<\/strong><br \/>(-24 for losing)\n|l|\u2606AlendMain\n","uploadtime":1700436161,"views":3,"p1id":"carambolo","p2id":"alendmain","formatid":"gen9doublesou","rating":1473,"private":0,"password":""}