{"id":"gen9doublesou-1991701012","p1":"OctoToaster!","p2":"Danie2294","format":"[Gen 9] Doubles OU","log":"|j|\u2606OctoToaster!\n|j|\u2606Danie2294\n|t:|1700104322\n|gametype|doubles\n|player|p1|OctoToaster!|1|1180\n|player|p2|Danie2294|marlon|1227\n|teamsize|p1|6\n|teamsize|p2|6\n|gen|9\n|tier|[Gen 9] Doubles OU\n|rated|\n|rule|Species Clause: Limit one of each Pok\u00e9mon\n|rule|OHKO Clause: OHKO moves are banned\n|rule|Evasion Moves Clause: Evasion moves are banned\n|rule|Gravity Sleep Clause: The combination of sleep-inducing moves with imperfect accuracy and Gravity or Gigantamax Orbeetle are banned\n|rule|Endless Battle Clause: Forcing endless battles is banned\n|rule|HP Percentage Mod: HP is shown in percentages\n|clearpoke\n|poke|p1|Oricorio-Sensu, F|\n|poke|p1|Palafin, M|\n|poke|p1|Sinistcha|\n|poke|p1|Cresselia, F|\n|poke|p1|Volcarona, F|\n|poke|p1|Kommo-o, M|\n|poke|p2|Landorus-Therian, M|\n|poke|p2|Empoleon, M|\n|poke|p2|Tornadus, M|\n|poke|p2|Pelipper, F|\n|poke|p2|Sinistcha|\n|poke|p2|Overqwil, M|\n|teampreview\n|inactive|Battle timer is ON: inactive players will automatically lose when time's up. (requested by Danie2294)\n|\n|t:|1700104334\n|start\n|switch|p1a: Mermaid Man|Palafin, M, shiny|100\/100\n|switch|p1b: Ding-Dong|Kommo-o, M, shiny|100\/100\n|switch|p2a: Tornadus|Tornadus, M|100\/100\n|switch|p2b: Landorus|Landorus-Therian, M|100\/100\n|-ability|p2b: Landorus|Intimidate|boost\n|-unboost|p1a: Mermaid Man|atk|1\n|-unboost|p1b: Ding-Dong|atk|1\n|turn|1\n|c|\u2606OctoToaster!|glhf!!\n|\n|t:|1700104353\n|detailschange|p1a: Mermaid Man|Palafin-Hero, M, shiny\n|switch|p1a: OPcorio|Oricorio-Sensu, F, shiny|100\/100\n|switch|p2b: Overqwil|Overqwil, M|100\/100\n|move|p2a: Tornadus|Taunt|p1b: Ding-Dong\n|-start|p1b: Ding-Dong|move: Taunt\n|cant|p1b: Ding-Dong|move: Taunt|Clangorous Soul\n|\n|upkeep\n|turn|2\n|inactive|Danie2294 has 120 seconds left.\n|\n|t:|1700104386\n|switch|p1a: Mermaid Man|Palafin-Hero, M, shiny|100\/100\n|-activate|p1a: Mermaid Man|ability: Zero to Hero\n|switch|p1b: Moonpie|Cresselia, F, shiny|100\/100\n|move|p2a: Tornadus|Rain Dance|p2a: Tornadus\n|-weather|RainDance\n|move|p2b: Overqwil|Crunch|p1a: Mermaid Man\n|-damage|p1a: Mermaid Man|46\/100\n|-damage|p2b: Overqwil|91\/100|[from] item: Life Orb\n|\n|-weather|RainDance|[upkeep]\n|upkeep\n|turn|3\n|\n|t:|1700104402\n|move|p1b: Moonpie|Ally Switch|p1b: Moonpie\n|swap|p1b: Moonpie|0|[from] move: Ally Switch\n|move|p2a: Tornadus|Taunt|p1b: Mermaid Man\n|-start|p1b: Mermaid Man|move: Taunt\n|move|p2b: Overqwil|Crunch|p1a: Moonpie\n|-supereffective|p1a: Moonpie\n|-damage|p1a: Moonpie|28\/100\n|-damage|p2b: Overqwil|74\/100|[from] item: Rocky Helmet|[of] p1a: Moonpie\n|-damage|p2b: Overqwil|64\/100|[from] item: Life Orb\n|move|p1b: Mermaid Man|Ice Punch|p2a: Tornadus\n|-supereffective|p2a: Tornadus\n|-crit|p2a: Tornadus\n|-damage|p2a: Tornadus|0 fnt\n|-damage|p1b: Mermaid Man|29\/100|[from] item: Rocky Helmet|[of] p2a: Tornadus\n|faint|p2a: Tornadus\n|\n|-weather|RainDance|[upkeep]\n|upkeep\n|\n|t:|1700104420\n|switch|p2a: Sinistcha|Sinistcha|100\/100\n|-heal|p2b: Overqwil|89\/100|[from] ability: Hospitality|[of] p2a: Sinistcha\n|turn|4\n|\n|t:|1700104432\n|switch|p1b: Arizona Iced Tea|Sinistcha, shiny|100\/100\n|-heal|p1a: Moonpie|53\/100|[from] ability: Hospitality|[of] p1b: Arizona Iced Tea\n|move|p2b: Overqwil|Crunch|p1b: Arizona Iced Tea\n|-supereffective|p1b: Arizona Iced Tea\n|-crit|p1b: Arizona Iced Tea\n|-damage|p1b: Arizona Iced Tea|0 fnt\n|faint|p1b: Arizona Iced Tea\n|-damage|p2b: Overqwil|79\/100|[from] item: Life Orb\n|move|p1a: Moonpie|Lunar Blessing|p1a: Moonpie\n|-heal|p1a: Moonpie|78\/100\n|move|p2a: Sinistcha|Trick Room|p2a: Sinistcha\n|-fieldstart|move: Trick Room|[of] p2a: Sinistcha\n|\n|-weather|RainDance|[upkeep]\n|upkeep\n|\n|t:|1700104449\n|switch|p1b: Salsabug|Volcarona, F, shiny|100\/100\n|turn|5\n|\n|t:|1700104466\n|move|p1a: Moonpie|Reflect|p1a: Moonpie\n|-sidestart|p1: OctoToaster!|Reflect\n|move|p1b: Salsabug|Fiery Dance|p2a: Sinistcha\n|-supereffective|p2a: Sinistcha\n|-crit|p2a: Sinistcha\n|-damage|p2a: Sinistcha|12\/100\n|-damage|p1b: Salsabug|91\/100|[from] item: Life Orb\n|move|p2b: Overqwil|Swords Dance|p2b: Overqwil\n|-boost|p2b: Overqwil|atk|2\n|move|p2a: Sinistcha|Trick Room|p2a: Sinistcha\n|-fieldend|move: Trick Room\n|\n|-weather|RainDance|[upkeep]\n|-heal|p2a: Sinistcha|18\/100|[from] item: Leftovers\n|upkeep\n|turn|6\n|\n|t:|1700104489\n|switch|p1a: OPcorio|Oricorio-Sensu, F, shiny|100\/100\n|switch|p2a: Pelipper|Pelipper, F|100\/100\n|move|p2b: Overqwil|Liquidation|p1b: Salsabug\n|-supereffective|p1b: Salsabug\n|-damage|p1b: Salsabug|0 fnt\n|faint|p1b: Salsabug\n|-damage|p2b: Overqwil|69\/100|[from] item: Life Orb\n|\n|-weather|none\n|upkeep\n|\n|t:|1700104501\n|switch|p1b: Ding-Dong|Kommo-o, M, shiny|100\/100\n|turn|7\n|\n|t:|1700104511\n|switch|p2a: Landorus|Landorus-Therian, M|100\/100\n|-ability|p2a: Landorus|Intimidate|boost\n|-unboost|p1a: OPcorio|atk|1\n|-unboost|p1b: Ding-Dong|atk|1\n|move|p1a: OPcorio|Protect|p1a: OPcorio\n|-singleturn|p1a: OPcorio|Protect\n|move|p2b: Overqwil|Crunch|p1a: OPcorio\n|-activate|p1a: OPcorio|move: Protect\n|move|p1b: Ding-Dong|Clangorous Soul|p1b: Ding-Dong\n|-boost|p1b: Ding-Dong|atk|1\n|-boost|p1b: Ding-Dong|def|1\n|-boost|p1b: Ding-Dong|spa|1\n|-boost|p1b: Ding-Dong|spd|1\n|-boost|p1b: Ding-Dong|spe|1\n|-damage|p1b: Ding-Dong|68\/100\n|-enditem|p1b: Ding-Dong|Throat Spray\n|-boost|p1b: Ding-Dong|spa|1|[from] item: Throat Spray\n|-activate|p1a: OPcorio|ability: Dancer\n|move|p1a: OPcorio|Clangorous Soul|p1a: OPcorio|[from]ability: Dancer\n|-boost|p1a: OPcorio|atk|1\n|-boost|p1a: OPcorio|def|1\n|-boost|p1a: OPcorio|spa|1\n|-boost|p1a: OPcorio|spd|1\n|-boost|p1a: OPcorio|spe|1\n|-damage|p1a: OPcorio|68\/100\n|\n|-heal|p1a: OPcorio|74\/100|[from] item: Leftovers\n|upkeep\n|turn|8\n|\n|t:|1700104541\n|switch|p2a: Pelipper|Pelipper, F|100\/100\n|-weather|RainDance|[from] ability: Drizzle|[of] p2a: Pelipper\n|move|p2b: Overqwil|Crunch|p1a: OPcorio\n|-supereffective|p1a: OPcorio\n|-damage|p1a: OPcorio|0 fnt\n|faint|p1a: OPcorio\n|-damage|p2b: Overqwil|59\/100|[from] item: Life Orb\n|move|p1b: Ding-Dong|Clangorous Soul|p1b: Ding-Dong\n|-boost|p1b: Ding-Dong|atk|1\n|-boost|p1b: Ding-Dong|def|1\n|-boost|p1b: Ding-Dong|spa|1\n|-boost|p1b: Ding-Dong|spd|1\n|-boost|p1b: Ding-Dong|spe|1\n|-damage|p1b: Ding-Dong|35\/100\n|\n|-weather|RainDance|[upkeep]\n|upkeep\n|inactive|OctoToaster! has 120 seconds left.\n|\n|t:|1700104560\n|switch|p1a: Moonpie|Cresselia, F, shiny|78\/100\n|turn|9\n|\n|t:|1700104571\n|move|p1b: Ding-Dong|Protect|p1b: Ding-Dong\n|-singleturn|p1b: Ding-Dong|Protect\n|move|p2b: Overqwil|Crunch|p1b: Ding-Dong\n|-activate|p1b: Ding-Dong|move: Protect\n|move|p1a: Moonpie|Lunar Blessing|p1a: Moonpie|[spread] p1a,p1b\n|-heal|p1a: Moonpie|100\/100\n|-heal|p1b: Ding-Dong|60\/100\n|move|p2a: Pelipper|Hurricane|p1a: Moonpie\n|-damage|p1a: Moonpie|81\/100\n|\n|-weather|RainDance|[upkeep]\n|-sideend|p1: OctoToaster!|Reflect\n|upkeep\n|turn|10\n|\n|t:|1700104588\n|move|p1a: Moonpie|Ally Switch|p1a: Moonpie\n|swap|p1a: Moonpie|1|[from] move: Ally Switch\n|move|p2b: Overqwil|Gunk Shot|p1b: Moonpie\n|-damage|p1b: Moonpie|0 fnt\n|faint|p1b: Moonpie\n|-damage|p2b: Overqwil|49\/100|[from] item: Life Orb\n|move|p1a: Ding-Dong|Aura Sphere|p2b: Overqwil\n|-damage|p2b: Overqwil|0 fnt\n|faint|p2b: Overqwil\n|move|p2a: Pelipper|Hurricane|p1a: Ding-Dong\n|-supereffective|p1a: Ding-Dong\n|-damage|p1a: Ding-Dong|20\/100\n|\n|-weather|RainDance|[upkeep]\n|upkeep\n|\n|t:|1700104606\n|switch|p2b: Empoleon|Empoleon, M|100\/100\n|switch|p1b: Mermaid Man|Palafin-Hero, M, shiny|29\/100\n|turn|11\n|\n|t:|1700104623\n|switch|p2b: Sinistcha|Sinistcha|18\/100\n|move|p1a: Ding-Dong|Aura Sphere|p2b: Sinistcha\n|-immune|p2b: Sinistcha\n|move|p1b: Mermaid Man|Drain Punch|p2b: Sinistcha\n|-immune|p2b: Sinistcha\n|move|p2a: Pelipper|Hurricane|p1a: Ding-Dong\n|-supereffective|p1a: Ding-Dong\n|-damage|p1a: Ding-Dong|0 fnt\n|faint|p1a: Ding-Dong\n|\n|-weather|RainDance|[upkeep]\n|-heal|p2b: Sinistcha|24\/100|[from] item: Leftovers\n|upkeep\n|turn|12\n|c|\u2606OctoToaster!|well played gg\n|c|\u2606Danie2294|Gg\n|-message|OctoToaster! forfeited.\n|\n|win|Danie2294\n|raw|OctoToaster!'s rating: 1180 &rarr; <strong>1158<\/strong><br \/>(-22 for losing)\n|raw|Danie2294's rating: 1227 &rarr; <strong>1249<\/strong><br \/>(+22 for winning)\n|l|\u2606OctoToaster!\n","uploadtime":1700104660,"views":9,"p1id":"octotoaster","p2id":"danie2294","formatid":"gen9doublesou","rating":1158,"private":0,"password":""}