{"id":"gen9doublesou-1968316957","p1":"BadBoyChe","p2":"Demon Fangs","format":"[Gen 9] Doubles OU","log":"|j|\u2606BadBoyChe\n|j|\u2606Demon Fangs\n|inactive|Battle timer is ON: inactive players will automatically lose when time's up.\n|t:|1697405470\n|gametype|doubles\n|player|p1|BadBoyChe|leon-masters|\n|player|p2|Demon Fangs|guzma|\n|teamsize|p1|6\n|teamsize|p2|6\n|gen|9\n|tier|[Gen 9] Doubles OU\n|rated|Tournament battle\n|rule|Species Clause: Limit one of each Pok\u00e9mon\n|rule|OHKO Clause: OHKO moves are banned\n|rule|Evasion Moves Clause: Evasion moves are banned\n|rule|Gravity Sleep Clause: The combination of sleep-inducing moves with imperfect accuracy and Gravity or Gigantamax Orbeetle are banned\n|rule|Endless Battle Clause: Forcing endless battles is banned\n|rule|HP Percentage Mod: HP is shown in percentages\n|clearpoke\n|poke|p1|Tandemaus|\n|poke|p1|Nymble, M|\n|poke|p1|Lechonk, F|\n|poke|p1|Seedot, F|\n|poke|p1|Frigibax, F|\n|poke|p1|Azurill, M|\n|poke|p2|Finizen, F|\n|poke|p2|Psyduck, M|\n|poke|p2|Hippopotas, F|\n|poke|p2|Fuecoco, M|\n|poke|p2|Quaxly, F|\n|poke|p2|Axew, F|\n|teampreview\n|j|*Lady Monita \u263d\n|\n|t:|1697405479\n|start\n|switch|p1a: Tandemaus|Tandemaus|100\/100\n|switch|p1b: Nymble|Nymble, M|100\/100\n|switch|p2a: Finizen|Finizen, F|100\/100\n|switch|p2b: Psyduck|Psyduck, M|100\/100\n|turn|1\n|\n|t:|1697405497\n|move|p1b: Nymble|First Impression|p2b: Psyduck\n|-damage|p2b: Psyduck|14\/100\n|-damage|p1b: Nymble|90\/100|[from] item: Life Orb\n|move|p1a: Tandemaus|Thunder Wave|p2a: Finizen\n|-status|p2a: Finizen|par\n|move|p2b: Psyduck|Rain Dance|p2b: Psyduck\n|-weather|RainDance\n|cant|p2a: Finizen|par\n|\n|-weather|RainDance|[upkeep]\n|upkeep\n|turn|2\n|\n|t:|1697405519\n|move|p2b: Psyduck|Surf|p1b: Nymble|[spread] p2a,p1a,p1b\n|-resisted|p2a: Finizen\n|-damage|p2a: Finizen|76\/100 par\n|-damage|p1a: Tandemaus|38\/100\n|-damage|p1b: Nymble|0 fnt\n|faint|p1b: Nymble\n|move|p1a: Tandemaus|Population Bomb|p2a: Finizen\n|-damage|p2a: Finizen|66\/100 par\n|-damage|p2a: Finizen|58\/100 par\n|-damage|p2a: Finizen|48\/100 par\n|-hitcount|p2a: Finizen|3\n|move|p2a: Finizen|Acrobatics|p1a: Tandemaus\n|-damage|p1a: Tandemaus|26\/100\n|\n|-weather|RainDance|[upkeep]\n|upkeep\n|inactive|BadBoyChe has 120 seconds left.\n|\n|t:|1697405543\n|switch|p1b: Lechonk|Lechonk, F|100\/100\n|turn|3\n|\n|t:|1697405554\n|move|p2b: Psyduck|Surf|p1a: Tandemaus|[spread] p2a,p1a,p1b\n|-resisted|p2a: Finizen\n|-damage|p2a: Finizen|22\/100 par\n|-damage|p1a: Tandemaus|0 fnt\n|-damage|p1b: Lechonk|56\/100\n|faint|p1a: Tandemaus\n|move|p1b: Lechonk|Play Rough|p2a: Finizen\n|-damage|p2a: Finizen|4\/100 par\n|cant|p2a: Finizen|par\n|\n|-weather|RainDance|[upkeep]\n|-heal|p1b: Lechonk|62\/100|[from] item: Leftovers\n|upkeep\n|\n|t:|1697405573\n|switch|p1a: Azurill|Azurill, M|100\/100\n|turn|4\n|\n|t:|1697405586\n|move|p1a: Azurill|Aqua Jet|p2a: Finizen\n|-resisted|p2a: Finizen\n|-damage|p2a: Finizen|0 fnt\n|faint|p2a: Finizen\n|move|p2b: Psyduck|Surf|p1a: Azurill|[spread] p1a,p1b\n|-damage|p1a: Azurill|47\/100\n|-damage|p1b: Lechonk|17\/100\n|move|p1b: Lechonk|Play Rough|p2b: Psyduck\n|-damage|p2b: Psyduck|0 fnt\n|faint|p2b: Psyduck\n|\n|-weather|RainDance|[upkeep]\n|-heal|p1b: Lechonk|23\/100|[from] item: Leftovers\n|upkeep\n|\n|t:|1697405604\n|switch|p2b: Axew|Axew, F|100\/100\n|switch|p2a: Quaxly|Quaxly, F|100\/100\n|-ability|p2b: Axew|Mold Breaker\n|turn|5\n|\n|t:|1697405617\n|move|p1a: Azurill|Protect|p1a: Azurill\n|-singleturn|p1a: Azurill|Protect\n|move|p2b: Axew|Aqua Tail|p1b: Lechonk\n|-damage|p1b: Lechonk|0 fnt\n|faint|p1b: Lechonk\n|-damage|p2b: Axew|91\/100|[from] item: Life Orb\n|move|p2a: Quaxly|Aqua Cutter|p1a: Azurill\n|-activate|p1a: Azurill|move: Protect\n|\n|-weather|RainDance|[upkeep]\n|upkeep\n|\n|t:|1697405637\n|switch|p1b: Frigibax|Frigibax, F|100\/100\n|turn|6\n|\n|t:|1697405661\n|move|p2b: Axew|Brick Break|p1b: Frigibax\n|-supereffective|p1b: Frigibax\n|-damage|p1b: Frigibax|0 fnt\n|faint|p1b: Frigibax\n|-damage|p2b: Axew|81\/100|[from] item: Life Orb\n|move|p2a: Quaxly|Aqua Cutter|p1a: Azurill\n|-crit|p1a: Azurill\n|-damage|p1a: Azurill|0 fnt\n|faint|p1a: Azurill\n|\n|-weather|RainDance|[upkeep]\n|upkeep\n|-message|BadBoyChe forfeited.\n|\n|win|Demon Fangs\n|n|\u2606BadBoyChe|badboyche\n|n|\u2606Demon Fangs|demonfangs\n|n|*Lady Monita \u263d|ladymonita\n|l|*Lady Monita \u263d\n|l|\u2606BadBoyChe\n","uploadtime":1697405677,"views":12,"p1id":"badboyche","p2id":"demonfangs","formatid":"gen9doublesou","rating":0,"private":0,"password":""}