{"id":"gen9doublesou-1982434549","p1":"Karaesthetic","p2":"Takissss","format":"[Gen 9] Doubles OU","log":"|j|\u2606Karaesthetic\n|j|\u2606Takissss\n|t:|1699014252\n|gametype|doubles\n|player|p1|Karaesthetic|erika|1095\n|player|p2|Takissss|psychic-gen4|1095\n|teamsize|p1|6\n|teamsize|p2|6\n|gen|9\n|tier|[Gen 9] Doubles OU\n|rated|\n|rule|Species Clause: Limit one of each Pok\u00e9mon\n|rule|OHKO Clause: OHKO moves are banned\n|rule|Evasion Moves Clause: Evasion moves are banned\n|rule|Gravity Sleep Clause: The combination of sleep-inducing moves with imperfect accuracy and Gravity or Gigantamax Orbeetle are banned\n|rule|Endless Battle Clause: Forcing endless battles is banned\n|rule|HP Percentage Mod: HP is shown in percentages\n|clearpoke\n|poke|p1|Regieleki|\n|poke|p1|Sinistcha|\n|poke|p1|Cyclizar, M|\n|poke|p1|Charizard, M|\n|poke|p1|Ogerpon-Wellspring, F|\n|poke|p1|Infernape, F|\n|poke|p2|Heatran, M|\n|poke|p2|Ogerpon-Wellspring, F|\n|poke|p2|Landorus-Therian, M|\n|poke|p2|Dragonite, F|\n|poke|p2|Chien-Pao|\n|poke|p2|Iron Hands|\n|teampreview\n|inactive|Battle timer is ON: inactive players will automatically lose when time's up. (requested by Karaesthetic)\n|\n|t:|1699014264\n|start\n|switch|p1a: ok i pull up|Cyclizar, M|100\/100\n|switch|p1b: \ud83e\udd66 <-|Ogerpon-Wellspring, F|100\/100\n|switch|p2a: Landorus|Landorus-Therian, M|100\/100\n|switch|p2b: Iron Hands|Iron Hands|100\/100\n|-ability|p2a: Landorus|Intimidate|boost\n|-unboost|p1a: ok i pull up|atk|1\n|-unboost|p1b: \ud83e\udd66 <-|atk|1\n|turn|1\n|\n|t:|1699014281\n|move|p2b: Iron Hands|Fake Out|p1a: ok i pull up\n|-damage|p1a: ok i pull up|71\/100\n|move|p1b: \ud83e\udd66 <-|Follow Me|p1b: \ud83e\udd66 <-\n|-singleturn|p1b: \ud83e\udd66 <-|move: Follow Me\n|move|p2a: Landorus|U-turn|p1b: \ud83e\udd66 <-\n|-supereffective|p1b: \ud83e\udd66 <-\n|-crit|p1b: \ud83e\udd66 <-\n|-damage|p1b: \ud83e\udd66 <-|35\/100\n|\n|t:|1699014290\n|switch|p2a: Chien-Pao|Chien-Pao|100\/100|[from] U-turn\n|-ability|p2a: Chien-Pao|Sword of Ruin\n|cant|p1a: ok i pull up|flinch\n|\n|upkeep\n|turn|2\n|\n|t:|1699014312\n|move|p1b: \ud83e\udd66 <-|Follow Me|p1b: \ud83e\udd66 <-\n|-singleturn|p1b: \ud83e\udd66 <-|move: Follow Me\n|move|p2a: Chien-Pao|Icicle Crash|p1b: \ud83e\udd66 <-\n|-damage|p1b: \ud83e\udd66 <-|0 fnt\n|faint|p1b: \ud83e\udd66 <-\n|move|p1a: ok i pull up|Shed Tail|p1a: ok i pull up\n|-start|p1a: ok i pull up|Substitute|[from] move: Shed Tail\n|-damage|p1a: ok i pull up|20\/100\n|-enditem|p1a: ok i pull up|Aguav Berry|[eat]\n|-heal|p1a: ok i pull up|54\/100|[from] item: Aguav Berry\n|\n|t:|1699014317\n|switch|p1a: Ermm|Charizard, M|100\/100|[from] Shed Tail\n|move|p2b: Iron Hands|Drain Punch|p1a: Ermm\n|-resisted|p1a: Ermm\n|-end|p1a: Ermm|Substitute\n|\n|upkeep\n|\n|t:|1699014319\n|switch|p1b: lol|Sinistcha, shiny|100\/100\n|turn|3\n|\n|t:|1699014334\n|-end|p2b: Iron Hands|Quark Drive|[silent]\n|switch|p2b: Heatran|Heatran, M|100\/100\n|-terastallize|p1a: Ermm|Ground\n|move|p1b: lol|Rage Powder|p1b: lol\n|-singleturn|p1b: lol|move: Rage Powder\n|move|p2a: Chien-Pao|Icicle Crash|p1b: lol\n|-supereffective|p1b: lol\n|-damage|p1b: lol|20\/100\n|move|p1a: Ermm|Belly Drum|p1a: Ermm\n|-damage|p1a: Ermm|51\/100\n|-setboost|p1a: Ermm|atk|6|[from] move: Belly Drum\n|\n|-heal|p1a: Ermm|57\/100|[from] item: Leftovers\n|-heal|p1b: lol|26\/100|[from] item: Leftovers\n|upkeep\n|turn|4\n|\n|t:|1699014357\n|move|p1b: lol|Rage Powder|p1b: lol\n|-singleturn|p1b: lol|move: Rage Powder\n|move|p2a: Chien-Pao|Ice Shard|p1b: lol\n|-supereffective|p1b: lol\n|-damage|p1b: lol|0 fnt\n|faint|p1b: lol\n|move|p1a: Ermm|Earthquake|p2a: Chien-Pao|[spread] p2a,p2b\n|-supereffective|p2b: Heatran\n|-damage|p2a: Chien-Pao|0 fnt\n|-damage|p2b: Heatran|0 fnt\n|faint|p2a: Chien-Pao\n|faint|p2b: Heatran\n|\n|-heal|p1a: Ermm|63\/100|[from] item: Leftovers\n|upkeep\n|\n|t:|1699014370\n|switch|p2a: Dragonite|Dragonite, F|100\/100\n|switch|p1b: bruh|Infernape, F|100\/100\n|switch|p2b: Landorus|Landorus-Therian, M|100\/100\n|-ability|p2b: Landorus|Intimidate|boost\n|-unboost|p1a: Ermm|atk|1\n|-unboost|p1b: bruh|atk|1\n|turn|5\n|\n|t:|1699014392\n|-terastallize|p2a: Dragonite|Normal\n|move|p1b: bruh|Fake Out|p2a: Dragonite\n|-damage|p2a: Dragonite|89\/100\n|-damage|p1b: bruh|91\/100|[from] item: Life Orb\n|move|p2b: Landorus|U-turn|p1a: Ermm\n|-damage|p1a: Ermm|36\/100\n|\n|t:|1699014400\n|switch|p2b: Ogerpon|Ogerpon-Wellspring, F|100\/100|[from] U-turn\n|move|p1a: Ermm|Fire Punch|p2a: Dragonite\n|-damage|p2a: Dragonite|0 fnt\n|faint|p2a: Dragonite\n|\n|-heal|p1a: Ermm|42\/100|[from] item: Leftovers\n|upkeep\n|\n|t:|1699014408\n|switch|p2a: Iron Hands|Iron Hands|100\/100\n|turn|6\n|\n|t:|1699014418\n|move|p2a: Iron Hands|Fake Out|p1a: Ermm\n|-damage|p1a: Ermm|18\/100\n|move|p2b: Ogerpon|Ivy Cudgel|p1b: bruh\n|-supereffective|p1b: bruh\n|-damage|p1b: bruh|0 fnt\n|faint|p1b: bruh\n|cant|p1a: Ermm|flinch\n|\n|-heal|p1a: Ermm|24\/100|[from] item: Leftovers\n|upkeep\n|\n|t:|1699014446\n|switch|p1b: ok i pull up|Cyclizar, M|87\/100\n|turn|7\n|\n|t:|1699014460\n|-end|p2a: Iron Hands|Quark Drive|[silent]\n|switch|p2a: Landorus|Landorus-Therian, M|100\/100\n|-ability|p2a: Landorus|Intimidate|boost\n|-unboost|p1a: Ermm|atk|1\n|-unboost|p1b: ok i pull up|atk|1\n|move|p1b: ok i pull up|Shed Tail|p1b: ok i pull up\n|-start|p1b: ok i pull up|Substitute|[from] move: Shed Tail\n|-damage|p1b: ok i pull up|36\/100\n|\n|t:|1699014463\n|switch|p1b: whoops|Regieleki|100\/100|[from] Shed Tail\n|move|p2b: Ogerpon|Swords Dance|p2b: Ogerpon\n|-boost|p2b: Ogerpon|atk|2\n|move|p1a: Ermm|Earthquake|p2b: Ogerpon|[spread] p1b,p2b\n|-immune|p2a: Landorus\n|-supereffective|p1b: whoops\n|-end|p1b: whoops|Substitute\n|-resisted|p2b: Ogerpon\n|-damage|p2b: Ogerpon|47\/100\n|\n|-heal|p1a: Ermm|30\/100|[from] item: Leftovers\n|upkeep\n|turn|8\n|inactive|Takissss has 120 seconds left.\n|\n|t:|1699014503\n|move|p1b: whoops|Thunderbolt|p2b: Ogerpon\n|-damage|p2b: Ogerpon|0 fnt\n|faint|p2b: Ogerpon\n|move|p2a: Landorus|Sandsear Storm|p1a: Ermm|[spread] p1a\n|-miss|p2a: Landorus|p1b: whoops\n|-damage|p1a: Ermm|0 fnt\n|faint|p1a: Ermm\n|\n|upkeep\n|\n|t:|1699014511\n|switch|p2b: Iron Hands|Iron Hands|100\/100\n|switch|p1a: ok i pull up|Cyclizar, M|70\/100\n|turn|9\n|\n|t:|1699014526\n|move|p2b: Iron Hands|Fake Out|p1b: whoops\n|-damage|p1b: whoops|67\/100\n|cant|p1b: whoops|flinch\n|move|p2a: Landorus|Sandsear Storm|p1b: whoops|[spread] p1a,p1b\n|-supereffective|p1b: whoops\n|-damage|p1a: ok i pull up|15\/100\n|-damage|p1b: whoops|0 fnt\n|faint|p1b: whoops\n|move|p1a: ok i pull up|Double-Edge|p2a: Landorus\n|-damage|p2a: Landorus|42\/100\n|-damage|p1a: ok i pull up|0 fnt|[from] Recoil\n|faint|p1a: ok i pull up\n|\n|win|Takissss\n|raw|Karaesthetic's rating: 1095 &rarr; <strong>1071<\/strong><br \/>(-24 for losing)\n|raw|Takissss's rating: 1095 &rarr; <strong>1121<\/strong><br \/>(+26 for winning)\n|l|\u2606Karaesthetic\n","uploadtime":1699014557,"views":21,"p1id":"karaesthetic","p2id":"takissss","formatid":"gen9doublesou","rating":1071,"private":0,"password":""}