{"id":"gen9doublesou-1998730193","p1":"Kuzwa","p2":"RComicalSeal","format":"[Gen 9] Doubles OU","log":"|j|\u2606Kuzwa\n|j|\u2606RComicalSeal\n|t:|1700979279\n|gametype|doubles\n|player|p1|Kuzwa|pokemonbreeder-gen4|1258\n|player|p2|RComicalSeal|guitarist-gen4|1066\n|teamsize|p1|6\n|teamsize|p2|6\n|gen|9\n|tier|[Gen 9] Doubles OU\n|rated|\n|rule|Species Clause: Limit one of each Pok\u00e9mon\n|rule|OHKO Clause: OHKO moves are banned\n|rule|Evasion Moves Clause: Evasion moves are banned\n|rule|Gravity Sleep Clause: The combination of sleep-inducing moves with imperfect accuracy and Gravity or Gigantamax Orbeetle are banned\n|rule|Endless Battle Clause: Forcing endless battles is banned\n|rule|HP Percentage Mod: HP is shown in percentages\n|clearpoke\n|poke|p1|Gallade, M|\n|poke|p1|Glimmora, M|\n|poke|p1|Chien-Pao|\n|poke|p1|Sableye, M|\n|poke|p1|Iron Bundle|\n|poke|p1|Ogerpon-Wellspring, F|\n|poke|p2|Armarouge, M|\n|poke|p2|Chi-Yu|\n|poke|p2|Ogerpon-Hearthflame, F|\n|poke|p2|Torkoal, F|\n|poke|p2|Tornadus, M|\n|poke|p2|Indeedee-F, F|\n|teampreview\n|\n|t:|1700979294\n|start\n|switch|p1a: Castro|Glimmora, M|100\/100\n|switch|p1b: Rango|Sableye, M|100\/100\n|switch|p2a: Dante|Armarouge, M|100\/100\n|switch|p2b: Indeedee|Indeedee-F, F|100\/100\n|-item|p1a: Castro|Air Balloon\n|-fieldstart|move: Psychic Terrain|[from] ability: Psychic Surge|[of] p2b: Indeedee\n|-enditem|p2b: Indeedee|Psychic Seed\n|-boost|p2b: Indeedee|spd|1|[from] item: Psychic Seed\n|turn|1\n|\n|t:|1700979320\n|move|p1b: Rango|Helping Hand|p1a: Castro\n|-singleturn|p1a: Castro|Helping Hand|[of] p1b: Rango\n|move|p1a: Castro|Power Gem|p2a: Dante\n|-supereffective|p2a: Dante\n|-damage|p2a: Dante|0 fnt\n|faint|p2a: Dante\n|move|p2b: Indeedee|Trick Room|p2b: Indeedee\n|-fieldstart|move: Trick Room|[of] p2b: Indeedee\n|\n|upkeep\n|\n|t:|1700979329\n|switch|p2a: Hortse|Torkoal, F|100\/100\n|-weather|SunnyDay|[from] ability: Drought|[of] p2a: Hortse\n|turn|2\n|\n|t:|1700979339\n|move|p1b: Rango|Helping Hand|p1a: Castro\n|-singleturn|p1a: Castro|Helping Hand|[of] p1b: Rango\n|move|p2b: Indeedee|Follow Me|p2b: Indeedee\n|-singleturn|p2b: Indeedee|move: Follow Me\n|move|p2a: Hortse|Eruption|p1a: Castro|[spread] p1a,p1b\n|-resisted|p1a: Castro\n|-damage|p1a: Castro|50\/100\n|-enditem|p1b: Rango|Focus Sash\n|-damage|p1b: Rango|1\/100\n|-enditem|p1a: Castro|Air Balloon\n|move|p1a: Castro|Power Gem|p2b: Indeedee\n|-damage|p2b: Indeedee|61\/100\n|\n|-weather|SunnyDay|[upkeep]\n|upkeep\n|turn|3\n|\n|t:|1700979372\n|move|p1b: Rango|Helping Hand|p1a: Castro\n|-singleturn|p1a: Castro|Helping Hand|[of] p1b: Rango\n|move|p2b: Indeedee|Follow Me|p2b: Indeedee\n|-singleturn|p2b: Indeedee|move: Follow Me\n|move|p2a: Hortse|Eruption|p1b: Rango|[spread] p1a,p1b\n|-resisted|p1a: Castro\n|-damage|p1a: Castro|0 fnt\n|-damage|p1b: Rango|0 fnt\n|faint|p1a: Castro\n|faint|p1b: Rango\n|\n|-weather|SunnyDay|[upkeep]\n|upkeep\n|\n|t:|1700979388\n|switch|p1b: Neon|Ogerpon-Wellspring, F|100\/100\n|switch|p1a: Astro|Gallade, M|100\/100\n|turn|4\n|\n|t:|1700979397\n|move|p1b: Neon|Spiky Shield|p1b: Neon\n|-singleturn|p1b: Neon|move: Protect\n|move|p2b: Indeedee|Follow Me|p2b: Indeedee\n|-singleturn|p2b: Indeedee|move: Follow Me\n|move|p2a: Hortse|Eruption|p1a: Astro|[spread] p1a\n|-activate|p1b: Neon|move: Protect\n|-damage|p1a: Astro|23\/100\n|move|p1a: Astro|Sacred Sword|p2b: Indeedee\n|-damage|p2b: Indeedee|0 fnt\n|faint|p2b: Indeedee\n|\n|-weather|SunnyDay|[upkeep]\n|upkeep\n|\n|t:|1700979433\n|switch|p2b: ORAORAORAORAORAORA|Ogerpon-Hearthflame, F|100\/100\n|-ability|p2b: ORAORAORAORAORAORA|Mold Breaker\n|turn|5\n|\n|t:|1700979443\n|-terastallize|p1b: Neon|Water\n|detailschange|p1b: Neon|Ogerpon-Wellspring-Tera, F, tera:Water\n|-ability|p1b: Neon|Embody Aspect (Wellspring)|boost\n|-boost|p1b: Neon|spd|1\n|move|p2b: ORAORAORAORAORAORA|Protect|p2b: ORAORAORAORAORAORA\n|-singleturn|p2b: ORAORAORAORAORAORA|Protect\n|move|p2a: Hortse|Eruption|p1a: Astro|[spread] p1a,p1b\n|-resisted|p1b: Neon\n|-damage|p1a: Astro|0 fnt\n|-damage|p1b: Neon|75\/100\n|faint|p1a: Astro\n|move|p1b: Neon|Swords Dance|p1b: Neon\n|-boost|p1b: Neon|atk|2\n|\n|-weather|SunnyDay|[upkeep]\n|-fieldend|move: Trick Room\n|-fieldend|move: Psychic Terrain\n|upkeep\n|\n|t:|1700979454\n|switch|p1a: Tango|Iron Bundle|100\/100\n|-enditem|p1a: Tango|Booster Energy\n|-activate|p1a: Tango|ability: Quark Drive|[fromitem]\n|-start|p1a: Tango|quarkdrivespa\n|turn|6\n|\n|t:|1700979476\n|move|p1a: Tango|Hydro Pump|p2b: ORAORAORAORAORAORA\n|-damage|p2b: ORAORAORAORAORAORA|55\/100\n|move|p1b: Neon|Ivy Cudgel|p2b: ORAORAORAORAORAORA|[anim] Ivy Cudgel Water\n|-damage|p2b: ORAORAORAORAORAORA|0 fnt\n|faint|p2b: ORAORAORAORAORAORA\n|move|p2a: Hortse|Will-O-Wisp|p1b: Neon\n|-status|p1b: Neon|brn\n|\n|-weather|SunnyDay|[upkeep]\n|-damage|p1b: Neon|69\/100 brn|[from] brn\n|upkeep\n|\n|t:|1700979493\n|switch|p2b: Tornadus|Tornadus, M|100\/100\n|turn|7\n|\n|t:|1700979504\n|move|p2b: Tornadus|Tailwind|p2b: Tornadus\n|-sidestart|p2: RComicalSeal|move: Tailwind\n|move|p1a: Tango|Hydro Pump|p2a: Hortse\n|-supereffective|p2a: Hortse\n|-damage|p2a: Hortse|0 fnt\n|faint|p2a: Hortse\n|move|p1b: Neon|Ivy Cudgel|p2b: Tornadus|[anim] Ivy Cudgel Water\n|-damage|p2b: Tornadus|50\/100\n|\n|-weather|SunnyDay|[upkeep]\n|-damage|p1b: Neon|63\/100 brn|[from] brn\n|upkeep\n|\n|t:|1700979517\n|switch|p2a: Bramble|Chi-Yu|100\/100\n|-ability|p2a: Bramble|Beads of Ruin\n|turn|8\n|inactive|Battle timer is ON: inactive players will automatically lose when time's up. (requested by Kuzwa)\n|\n|t:|1700979548\n|-terastallize|p2a: Bramble|Water\n|move|p2b: Tornadus|Protect|p2b: Tornadus\n|-singleturn|p2b: Tornadus|Protect\n|move|p2a: Bramble|Dark Pulse|p1b: Neon\n|-damage|p1b: Neon|0 fnt\n|faint|p1b: Neon\n|move|p1a: Tango|Freeze-Dry|p2b: Tornadus\n|-activate|p2b: Tornadus|move: Protect\n|\n|-weather|SunnyDay|[upkeep]\n|upkeep\n|\n|t:|1700979554\n|switch|p1b: Eon|Chien-Pao|100\/100\n|-ability|p1b: Eon|Sword of Ruin\n|turn|9\n|\n|t:|1700979575\n|move|p1a: Tango|Protect|p1a: Tango\n|-singleturn|p1a: Tango|Protect\n|move|p2b: Tornadus|Taunt|p1b: Eon\n|-hint|Since gen 7, Dark is immune to Prankster moves.\n|-immune|p1b: Eon\n|move|p2a: Bramble|Dark Pulse|p1a: Tango\n|-activate|p1a: Tango|move: Protect\n|move|p1b: Eon|Ice Spinner|p2b: Tornadus\n|-supereffective|p2b: Tornadus\n|-damage|p2b: Tornadus|0 fnt\n|-damage|p1b: Eon|84\/100|[from] item: Rocky Helmet|[of] p2b: Tornadus\n|faint|p2b: Tornadus\n|\n|-weather|none\n|upkeep\n|turn|10\n|\n|t:|1700979599\n|move|p2a: Bramble|Dark Pulse|p1a: Tango\n|-damage|p1a: Tango|0 fnt\n|faint|p1a: Tango\n|-end|p1a: Tango|Quark Drive|[silent]\n|move|p1b: Eon|Sacred Sword|p2a: Bramble\n|-damage|p2a: Bramble|41\/100\n|\n|-sideend|p2: RComicalSeal|move: Tailwind\n|upkeep\n|turn|11\n|\n|t:|1700979612\n|move|p1b: Eon|Sacred Sword|p2a: Bramble\n|-damage|p2a: Bramble|0 fnt\n|faint|p2a: Bramble\n|\n|win|Kuzwa\n|raw|Kuzwa's rating: 1258 &rarr; <strong>1270<\/strong><br \/>(+12 for winning)\n|raw|RComicalSeal's rating: 1066 &rarr; <strong>1056<\/strong><br \/>(-10 for losing)\n|c|\u2606RComicalSeal|ggs\n","uploadtime":1700979616,"views":5,"p1id":"kuzwa","p2id":"rcomicalseal","formatid":"gen9doublesou","rating":1056,"private":0,"password":""}