{"id":"gen9doublesou-1994210486","p1":"AerBlaziken","p2":"COREshowdown","format":"[Gen 9] Doubles OU","log":"|j|\u2606AerBlaziken\n|j|\u2606COREshowdown\n|t:|1700419294\n|gametype|doubles\n|player|p1|AerBlaziken|hexmaniac-gen6|1293\n|player|p2|COREshowdown|colress|1304\n|teamsize|p1|6\n|teamsize|p2|6\n|gen|9\n|tier|[Gen 9] Doubles OU\n|rated|\n|rule|Species Clause: Limit one of each Pok\u00e9mon\n|rule|OHKO Clause: OHKO moves are banned\n|rule|Evasion Moves Clause: Evasion moves are banned\n|rule|Gravity Sleep Clause: The combination of sleep-inducing moves with imperfect accuracy and Gravity or Gigantamax Orbeetle are banned\n|rule|Endless Battle Clause: Forcing endless battles is banned\n|rule|HP Percentage Mod: HP is shown in percentages\n|clearpoke\n|poke|p1|Magnezone|\n|poke|p1|Tinkaton, F|\n|poke|p1|Walking Wake|\n|poke|p1|Krookodile, M|\n|poke|p1|Ribombee, F|\n|poke|p1|Ceruledge, F|\n|poke|p2|Tornadus, M|\n|poke|p2|Farigiraf, M|\n|poke|p2|Chi-Yu|\n|poke|p2|Iron Bundle|\n|poke|p2|Gholdengo|\n|poke|p2|Iron Hands|\n|teampreview\n|\n|t:|1700419304\n|start\n|switch|p1a: AC\/DC|Magnezone, shiny|100\/100\n|switch|p1b: #1 Hater|Tinkaton, F|100\/100\n|switch|p2a: Iron Hands|Iron Hands|100\/100\n|switch|p2b: Tornadus|Tornadus, M|100\/100\n|-ability|p1b: #1 Hater|Mold Breaker\n|turn|1\n|\n|t:|1700419318\n|move|p1b: #1 Hater|Fake Out|p2b: Tornadus\n|-damage|p2b: Tornadus|94\/100\n|move|p2a: Iron Hands|Fake Out|p1a: AC\/DC\n|-resisted|p1a: AC\/DC\n|-damage|p1a: AC\/DC|94\/100\n|cant|p2b: Tornadus|flinch\n|cant|p1a: AC\/DC|flinch\n|\n|-heal|p1a: AC\/DC|99\/100|[from] item: Leftovers\n|upkeep\n|turn|2\n|\n|t:|1700419329\n|move|p2b: Tornadus|Tailwind|p2b: Tornadus\n|-sidestart|p2: COREshowdown|move: Tailwind\n|move|p1b: #1 Hater|Stealth Rock|p2a: Iron Hands\n|-sidestart|p2: COREshowdown|move: Stealth Rock\n|move|p2a: Iron Hands|Drain Punch|p1a: AC\/DC\n|-supereffective|p1a: AC\/DC\n|-damage|p1a: AC\/DC|16\/100\n|move|p1a: AC\/DC|Volt Switch|p2b: Tornadus\n|-supereffective|p2b: Tornadus\n|-damage|p2b: Tornadus|9\/100\n|-enditem|p2b: Tornadus|Sitrus Berry|[eat]\n|-heal|p2b: Tornadus|34\/100|[from] item: Sitrus Berry\n|\n|t:|1700419353\n|switch|p1a: Shez|Ceruledge, F|100\/100|[from] Volt Switch\n|\n|upkeep\n|turn|3\n|\n|t:|1700419370\n|move|p2b: Tornadus|Bleakwind Storm|p1a: Shez|[spread] p1a,p1b\n|-resisted|p1b: #1 Hater\n|-damage|p1a: Shez|69\/100\n|-damage|p1b: #1 Hater|86\/100\n|move|p1a: Shez|Bulk Up|p1a: Shez\n|-boost|p1a: Shez|atk|1\n|-boost|p1a: Shez|def|1\n|move|p1b: #1 Hater|Thunder Wave|p2b: Tornadus\n|-status|p2b: Tornadus|par\n|move|p2a: Iron Hands|Wild Charge|p1a: Shez\n|-damage|p1a: Shez|29\/100\n|-damage|p2a: Iron Hands|93\/100|[from] Recoil\n|\n|-heal|p1a: Shez|35\/100|[from] item: Leftovers\n|upkeep\n|turn|4\n|\n|t:|1700419391\n|-end|p2a: Iron Hands|Quark Drive|[silent]\n|switch|p2a: Farigiraf|Farigiraf, M|100\/100\n|-damage|p2a: Farigiraf|88\/100|[from] Stealth Rock\n|move|p1a: Shez|Bitter Blade|p2a: Farigiraf\n|-damage|p2a: Farigiraf|26\/100\n|-heal|p1a: Shez|76\/100|[from] drain|[of] p2a: Farigiraf\n|move|p1b: #1 Hater|Knock Off|p2a: Farigiraf\n|-supereffective|p2a: Farigiraf\n|-damage|p2a: Farigiraf|0 fnt\n|-enditem|p2a: Farigiraf|Focus Sash|[from] move: Knock Off|[of] p1b: #1 Hater\n|faint|p2a: Farigiraf\n|move|p2b: Tornadus|Bleakwind Storm|p1a: Shez|[spread] p1a,p1b\n|-resisted|p1b: #1 Hater\n|-damage|p1a: Shez|46\/100\n|-damage|p1b: #1 Hater|70\/100\n|\n|-heal|p1a: Shez|52\/100|[from] item: Leftovers\n|upkeep\n|\n|t:|1700419410\n|switch|p2a: Iron Bundle|Iron Bundle|100\/100\n|-damage|p2a: Iron Bundle|76\/100|[from] Stealth Rock\n|-enditem|p2a: Iron Bundle|Booster Energy\n|-activate|p2a: Iron Bundle|ability: Quark Drive|[fromitem]\n|-start|p2a: Iron Bundle|quarkdrivespe\n|turn|5\n|\n|t:|1700419422\n|switch|p2b: Chi-Yu|Chi-Yu|100\/100\n|-damage|p2b: Chi-Yu|76\/100|[from] Stealth Rock\n|-ability|p2b: Chi-Yu|Beads of Ruin\n|-terastallize|p1a: Shez|Steel\n|move|p2a: Iron Bundle|Hydro Pump|p1a: Shez\n|-damage|p1a: Shez|0 fnt\n|faint|p1a: Shez\n|move|p1b: #1 Hater|Knock Off|p2b: Chi-Yu\n|-resisted|p2b: Chi-Yu\n|-damage|p2b: Chi-Yu|60\/100\n|-enditem|p2b: Chi-Yu|Choice Specs|[from] move: Knock Off|[of] p1b: #1 Hater\n|\n|-sideend|p2: COREshowdown|move: Tailwind\n|upkeep\n|\n|t:|1700419460\n|switch|p1a: AC\/DC|Magnezone, shiny|16\/100\n|turn|6\n|\n|t:|1700419472\n|move|p2a: Iron Bundle|Hydro Pump|p1b: #1 Hater\n|-damage|p1b: #1 Hater|1\/100\n|move|p2b: Chi-Yu|Heat Wave|p1b: #1 Hater|[spread] \n|-miss|p2b: Chi-Yu|p1a: AC\/DC\n|-miss|p2b: Chi-Yu|p1b: #1 Hater\n|move|p1b: #1 Hater|Thunder Wave|p2b: Chi-Yu\n|-status|p2b: Chi-Yu|par\n|move|p1a: AC\/DC|Volt Switch|p2a: Iron Bundle\n|-supereffective|p2a: Iron Bundle\n|-damage|p2a: Iron Bundle|0 fnt\n|faint|p2a: Iron Bundle\n|-end|p2a: Iron Bundle|Quark Drive|[silent]\n|-message|COREshowdown forfeited.\n|\n|win|AerBlaziken\n|raw|AerBlaziken's rating: 1293 &rarr; <strong>1319<\/strong><br \/>(+26 for winning)\n|raw|COREshowdown's rating: 1304 &rarr; <strong>1283<\/strong><br \/>(-21 for losing)\n|l|\u2606COREshowdown\n","uploadtime":1700419488,"views":10,"p1id":"aerblaziken","p2id":"coreshowdown","formatid":"gen9doublesou","rating":1283,"private":0,"password":""}