{"id":"gen9doublesou-1997955039","p1":"MageDream\/UHE","p2":"sirazurill","format":"[Gen 9] Doubles OU","log":"|j|\u2606MageDream\/UHE\n|j|\u2606sirazurill\n|t:|1700871771\n|gametype|doubles\n|player|p1|MageDream\/UHE|chuck|1443\n|player|p2|sirazurill|bugcatcher-gen4dp|1733\n|teamsize|p1|6\n|teamsize|p2|6\n|gen|9\n|tier|[Gen 9] Doubles OU\n|rated|\n|rule|Species Clause: Limit one of each Pok\u00e9mon\n|rule|OHKO Clause: OHKO moves are banned\n|rule|Evasion Moves Clause: Evasion moves are banned\n|rule|Gravity Sleep Clause: The combination of sleep-inducing moves with imperfect accuracy and Gravity or Gigantamax Orbeetle are banned\n|rule|Endless Battle Clause: Forcing endless battles is banned\n|rule|HP Percentage Mod: HP is shown in percentages\n|clearpoke\n|poke|p1|Arcanine, F|\n|poke|p1|Rillaboom, M|\n|poke|p1|Walking Wake|\n|poke|p1|Sableye, F|\n|poke|p1|Lilligant-Hisui, F|\n|poke|p1|Ninetales, F|\n|poke|p2|Kingambit, F|\n|poke|p2|Tornadus, M|\n|poke|p2|Flutter Mane|\n|poke|p2|Landorus-Therian, M|\n|poke|p2|Ogerpon-Wellspring, F|\n|poke|p2|Iron Hands|\n|teampreview\n|\n|t:|1700871792\n|start\n|switch|p1a: Sableye|Sableye, F|100\/100\n|switch|p1b: Rillaboom|Rillaboom, M|100\/100\n|switch|p2a: Tornadus|Tornadus, M|100\/100\n|switch|p2b: Flutter Mane|Flutter Mane|100\/100\n|-fieldstart|move: Grassy Terrain|[from] ability: Grassy Surge|[of] p1b: Rillaboom\n|turn|1\n|\n|t:|1700871806\n|-end|p2b: Flutter Mane|Protosynthesis|[silent]\n|switch|p2b: Kingambit|Kingambit, F|100\/100\n|move|p1a: Sableye|Fake Out|p2a: Tornadus\n|-damage|p2a: Tornadus|91\/100\n|-enditem|p2a: Tornadus|Eject Button\n|\n|t:|1700871813\n|switch|p2a: Flutter Mane|Flutter Mane|100\/100\n|move|p1b: Rillaboom|Wood Hammer|p2a: Flutter Mane\n|-damage|p2a: Flutter Mane|0 fnt\n|faint|p2a: Flutter Mane\n|-end|p2a: Flutter Mane|Protosynthesis|[silent]\n|-damage|p1b: Rillaboom|76\/100|[from] Recoil\n|\n|-heal|p1b: Rillaboom|82\/100|[from] Grassy Terrain\n|upkeep\n|\n|t:|1700871821\n|switch|p2a: Tornadus|Tornadus, M|91\/100\n|turn|2\n|c|\u2606MageDream\/UHE|nice tech\n|\n|t:|1700871848\n|-terastallize|p1b: Rillaboom|Fire\n|move|p1a: Sableye|Sunny Day|p1a: Sableye\n|-weather|SunnyDay\n|move|p1b: Rillaboom|Wood Hammer|p2a: Tornadus\n|-resisted|p2a: Tornadus\n|-damage|p2a: Tornadus|19\/100\n|-damage|p1b: Rillaboom|61\/100|[from] Recoil\n|move|p2a: Tornadus|Bleakwind Storm|p1b: Rillaboom|[spread] p1a,p1b\n|-damage|p1a: Sableye|45\/100\n|-damage|p1b: Rillaboom|9\/100\n|-unboost|p1a: Sableye|spe|1\n|-unboost|p1b: Rillaboom|spe|1\n|move|p2b: Kingambit|Kowtow Cleave|p1a: Sableye\n|-damage|p1a: Sableye|0 fnt\n|faint|p1a: Sableye\n|\n|-weather|SunnyDay|[upkeep]\n|-heal|p1b: Rillaboom|15\/100|[from] Grassy Terrain\n|upkeep\n|\n|t:|1700871868\n|switch|p1a: Lilligant|Lilligant-Hisui, F|100\/100\n|turn|3\n|\n|t:|1700871908\n|switch|p1b: Walking Wake|Walking Wake|100\/100\n|-activate|p1b: Walking Wake|ability: Protosynthesis\n|-start|p1b: Walking Wake|protosynthesisspa\n|-terastallize|p2b: Kingambit|Flying\n|move|p2a: Tornadus|Protect|p2a: Tornadus\n|-singleturn|p2a: Tornadus|Protect\n|move|p1a: Lilligant|Ice Spinner|p2a: Tornadus\n|-activate|p2a: Tornadus|move: Protect\n|move|p2b: Kingambit|Iron Head|p1a: Lilligant\n|-damage|p1a: Lilligant|37\/100\n|\n|-weather|SunnyDay|[upkeep]\n|-heal|p1a: Lilligant|43\/100|[from] Grassy Terrain\n|upkeep\n|turn|4\n|\n|t:|1700871938\n|move|p2a: Tornadus|Tailwind|p2a: Tornadus\n|-sidestart|p2: sirazurill|move: Tailwind\n|move|p2b: Kingambit|Sucker Punch|p1b: Walking Wake\n|-damage|p1b: Walking Wake|59\/100\n|move|p1a: Lilligant|Ice Spinner|p2b: Kingambit\n|-supereffective|p2b: Kingambit\n|-damage|p2b: Kingambit|62\/100\n|-fieldend|move: Grassy Terrain\n|move|p1b: Walking Wake|Hydro Steam|p2b: Kingambit\n|-damage|p2b: Kingambit|13\/100\n|\n|-weather|SunnyDay|[upkeep]\n|upkeep\n|turn|5\n|\n|t:|1700871976\n|move|p2a: Tornadus|Scary Face|p1a: Lilligant\n|-unboost|p1a: Lilligant|spe|2\n|move|p2b: Kingambit|Sucker Punch|p1b: Walking Wake\n|-damage|p1b: Walking Wake|11\/100\n|move|p1b: Walking Wake|Weather Ball|p2b: Kingambit\n|-damage|p2b: Kingambit|0 fnt\n|faint|p2b: Kingambit\n|-end|p2b: Kingambit|fallenundefined|[silent]\n|move|p1a: Lilligant|Ice Spinner|p2a: Tornadus\n|-supereffective|p2a: Tornadus\n|-damage|p2a: Tornadus|0 fnt\n|faint|p2a: Tornadus\n|\n|-weather|SunnyDay|[upkeep]\n|upkeep\n|\n|t:|1700871994\n|switch|p2a: Iron Hands|Iron Hands|100\/100\n|switch|p2b: Oregon-Wellspring|Ogerpon-Wellspring, F|100\/100\n|turn|6\n|\n|t:|1700872043\n|-end|p1b: Walking Wake|Protosynthesis|[silent]\n|switch|p1b: Arcanine|Arcanine, F, shiny|100\/100\n|-ability|p1b: Arcanine|Intimidate|boost\n|-unboost|p2a: Iron Hands|atk|1\n|-unboost|p2b: Oregon-Wellspring|atk|1\n|switch|p1a: Ninetales|Ninetales, F, shiny|100\/100\n|move|p2b: Oregon-Wellspring|Spiky Shield|p2b: Oregon-Wellspring\n|-singleturn|p2b: Oregon-Wellspring|move: Protect\n|move|p2a: Iron Hands|Fake Out|p1b: Arcanine\n|-damage|p1b: Arcanine|86\/100\n|\n|-weather|none\n|upkeep\n|turn|7\n|\n|t:|1700872068\n|switch|p1a: Lilligant|Lilligant-Hisui, F|43\/100\n|-end|p2a: Iron Hands|Quark Drive|[silent]\n|switch|p2a: Landorus|Landorus-Therian, M|100\/100\n|-ability|p2a: Landorus|Intimidate|boost\n|-unboost|p1a: Lilligant|atk|1\n|-unboost|p1b: Arcanine|atk|1\n|move|p2b: Oregon-Wellspring|Ivy Cudgel|p1b: Arcanine|[anim] Ivy Cudgel Water\n|-supereffective|p1b: Arcanine\n|-damage|p1b: Arcanine|0 fnt\n|faint|p1b: Arcanine\n|\n|-sideend|p2: sirazurill|move: Tailwind\n|upkeep\n|\n|t:|1700872081\n|switch|p1b: Ninetales|Ninetales, F, shiny|100\/100\n|-weather|SunnyDay|[from] ability: Drought|[of] p1b: Ninetales\n|turn|8\n|\n|t:|1700872100\n|move|p2b: Oregon-Wellspring|Follow Me|p2b: Oregon-Wellspring\n|-singleturn|p2b: Oregon-Wellspring|move: Follow Me\n|move|p1a: Lilligant|Ice Spinner|p2b: Oregon-Wellspring\n|-damage|p2b: Oregon-Wellspring|85\/100\n|move|p1b: Ninetales|Solar Beam||[still]\n|-prepare|p1b: Ninetales|Solar Beam\n|-anim|p1b: Ninetales|Solar Beam|p2b: Oregon-Wellspring\n|-damage|p2b: Oregon-Wellspring|49\/100\n|move|p2a: Landorus|Stomping Tantrum|p1b: Ninetales\n|-supereffective|p1b: Ninetales\n|-damage|p1b: Ninetales|0 fnt\n|faint|p1b: Ninetales\n|\n|-weather|SunnyDay|[upkeep]\n|upkeep\n|\n|t:|1700872113\n|switch|p1b: Rillaboom|Rillaboom, M, tera:Fire|15\/100\n|-fieldstart|move: Grassy Terrain|[from] ability: Grassy Surge|[of] p1b: Rillaboom\n|turn|9\n|\n|t:|1700872143\n|switch|p2a: Iron Hands|Iron Hands|100\/100\n|move|p2b: Oregon-Wellspring|Spiky Shield|p2b: Oregon-Wellspring\n|-singleturn|p2b: Oregon-Wellspring|move: Protect\n|move|p1b: Rillaboom|Grassy Glide|p2b: Oregon-Wellspring\n|-activate|p2b: Oregon-Wellspring|move: Protect\n|-damage|p1b: Rillaboom|3\/100|[from] Spiky Shield|[of] p2b: Oregon-Wellspring\n|move|p1a: Lilligant|Ice Spinner|p2a: Iron Hands\n|-damage|p2a: Iron Hands|88\/100\n|-fieldend|move: Grassy Terrain\n|\n|-weather|SunnyDay|[upkeep]\n|upkeep\n|turn|10\n|\n|t:|1700872169\n|switch|p1b: Walking Wake|Walking Wake|11\/100\n|-activate|p1b: Walking Wake|ability: Protosynthesis\n|-start|p1b: Walking Wake|protosynthesisspa\n|move|p2a: Iron Hands|Fake Out|p1a: Lilligant\n|-damage|p1a: Lilligant|18\/100\n|move|p1a: Lilligant|Bullet Seed|p2b: Oregon-Wellspring\n|-damage|p2b: Oregon-Wellspring|41\/100\n|-damage|p2b: Oregon-Wellspring|33\/100\n|-damage|p2b: Oregon-Wellspring|25\/100\n|-damage|p2b: Oregon-Wellspring|16\/100\n|-damage|p2b: Oregon-Wellspring|8\/100\n|-hitcount|p2b: Oregon-Wellspring|5\n|move|p2b: Oregon-Wellspring|Ivy Cudgel|p1b: Walking Wake|[anim] Ivy Cudgel Water\n|-resisted|p1b: Walking Wake\n|-crit|p1b: Walking Wake\n|-damage|p1b: Walking Wake|0 fnt\n|faint|p1b: Walking Wake\n|-end|p1b: Walking Wake|Protosynthesis|[silent]\n|\n|-weather|SunnyDay|[upkeep]\n|upkeep\n|\n|t:|1700872187\n|switch|p1b: Rillaboom|Rillaboom, M, tera:Fire|3\/100\n|-fieldstart|move: Grassy Terrain|[from] ability: Grassy Surge|[of] p1b: Rillaboom\n|turn|11\n|\n|t:|1700872212\n|-end|p2a: Iron Hands|Quark Drive|[silent]\n|switch|p2a: Landorus|Landorus-Therian, M|100\/100\n|-ability|p2a: Landorus|Intimidate|boost\n|-unboost|p1a: Lilligant|atk|1\n|-unboost|p1b: Rillaboom|atk|1\n|move|p2b: Oregon-Wellspring|Spiky Shield|p2b: Oregon-Wellspring\n|-singleturn|p2b: Oregon-Wellspring|move: Protect\n|move|p1b: Rillaboom|Grassy Glide|p2b: Oregon-Wellspring\n|-activate|p2b: Oregon-Wellspring|move: Protect\n|-damage|p1b: Rillaboom|0 fnt|[from] Spiky Shield|[of] p2b: Oregon-Wellspring\n|faint|p1b: Rillaboom\n|move|p1a: Lilligant|Bullet Seed|p2b: Oregon-Wellspring\n|-activate|p2b: Oregon-Wellspring|move: Protect\n|\n|-weather|SunnyDay|[upkeep]\n|-heal|p1a: Lilligant|24\/100|[from] Grassy Terrain\n|-heal|p2b: Oregon-Wellspring|15\/100|[from] Grassy Terrain\n|upkeep\n|turn|12\n|-message|MageDream\/UHE forfeited.\n|\n|win|sirazurill\n|raw|MageDream&#x2f;UHE's rating: 1443 &rarr; <strong>1437<\/strong><br \/>(-6 for losing)\n|raw|sirazurill's rating: 1733 &rarr; <strong>1739<\/strong><br \/>(+6 for winning)\n|c|\u2606sirazurill|gg\n|c|\u2606MageDream\/UHE|gg\n|l|\u2606MageDream\/UHE\n|l|\u2606sirazurill\n|j|\u2606sirazurill\n|player|p2|sirazurill|bugcatcher-gen4dp\n|l|\u2606sirazurill\n|player|p2|\n|j|\u2606sirazurill\n|player|p2|sirazurill|bugcatcher-gen4dp\n","uploadtime":1700872271,"views":1,"p1id":"magedreamuhe","p2id":"sirazurill","formatid":"gen9doublesou","rating":1437,"private":0,"password":""}