{"id":"gen9doublesou-1987011861","p1":"Amberrunner","p2":"fizixes","format":"[Gen 9] Doubles OU","log":"|j|\u2606Amberrunner\n|j|\u2606fizixes\n|t:|1699548878\n|gametype|doubles\n|player|p1|Amberrunner|ninjaboy|1173\n|player|p2|fizixes|101|1303\n|teamsize|p1|6\n|teamsize|p2|6\n|gen|9\n|tier|[Gen 9] Doubles OU\n|rated|\n|rule|Species Clause: Limit one of each Pok\u00e9mon\n|rule|OHKO Clause: OHKO moves are banned\n|rule|Evasion Moves Clause: Evasion moves are banned\n|rule|Gravity Sleep Clause: The combination of sleep-inducing moves with imperfect accuracy and Gravity or Gigantamax Orbeetle are banned\n|rule|Endless Battle Clause: Forcing endless battles is banned\n|rule|HP Percentage Mod: HP is shown in percentages\n|clearpoke\n|poke|p1|Flutter Mane|\n|poke|p1|Ninetales-Alola, M|\n|poke|p1|Clefairy, F|\n|poke|p1|Azumarill, F|\n|poke|p1|Tinkaton, F|\n|poke|p1|Iron Valiant|\n|poke|p2|Goodra-Hisui, M|\n|poke|p2|Zoroark-Hisui, M|\n|poke|p2|Rillaboom, F|\n|poke|p2|Ninetales-Alola, M|\n|poke|p2|Kingambit, M|\n|poke|p2|Volbeat, M|\n|teampreview\n|inactive|Battle timer is ON: inactive players will automatically lose when time's up. (requested by fizixes)\n|inactive|Amberrunner also wants the timer to be on.\n|\n|t:|1699548888\n|start\n|switch|p1a: Ninetales|Ninetales-Alola, M|100\/100\n|switch|p1b: Clefairy|Clefairy, F|100\/100\n|switch|p2a: Rillaboom|Rillaboom, F|100\/100\n|switch|p2b: Volbeat|Volbeat, M|100\/100\n|-weather|Snow|[from] ability: Snow Warning|[of] p1a: Ninetales\n|-fieldstart|move: Grassy Terrain|[from] ability: Grassy Surge|[of] p2a: Rillaboom\n|turn|1\n|\n|t:|1699548899\n|move|p2a: Rillaboom|Fake Out|p1a: Ninetales\n|-damage|p1a: Ninetales|89\/100\n|move|p1b: Clefairy|Follow Me|p1b: Clefairy\n|-singleturn|p1b: Clefairy|move: Follow Me\n|move|p2b: Volbeat|Tailwind|p2b: Volbeat\n|-sidestart|p2: fizixes|move: Tailwind\n|cant|p1a: Ninetales|flinch\n|\n|-weather|Snow|[upkeep]\n|-heal|p1a: Ninetales|95\/100|[from] Grassy Terrain\n|upkeep\n|turn|2\n|\n|t:|1699548912\n|move|p1b: Clefairy|Follow Me|p1b: Clefairy\n|-singleturn|p1b: Clefairy|move: Follow Me\n|move|p2b: Volbeat|Thunder Wave|p1b: Clefairy\n|-status|p1b: Clefairy|par\n|move|p2a: Rillaboom|U-turn|p1b: Clefairy\n|-resisted|p1b: Clefairy\n|-damage|p1b: Clefairy|90\/100 par\n|inactive|fizixes has 120 seconds left.\n|\n|t:|1699548938\n|switch|p2a: Kingambit|Kingambit, M|100\/100|[from] U-turn\n|move|p1a: Ninetales|Aurora Veil|p1a: Ninetales\n|-sidestart|p1: Amberrunner|move: Aurora Veil\n|\n|-weather|Snow|[upkeep]\n|-heal|p1a: Ninetales|100\/100|[from] Grassy Terrain\n|-heal|p1b: Clefairy|96\/100 par|[from] Grassy Terrain\n|upkeep\n|turn|3\n|\n|t:|1699548948\n|switch|p1a: Iron Valiant|Iron Valiant|100\/100\n|move|p2b: Volbeat|Confuse Ray|p1b: Clefairy\n|-start|p1b: Clefairy|confusion\n|move|p2a: Kingambit|Swords Dance|p2a: Kingambit\n|-boost|p2a: Kingambit|atk|2\n|-activate|p1b: Clefairy|confusion\n|move|p1b: Clefairy|Life Dew||[still]|[spread] p1a,p1b\n|-fail|p1a: Iron Valiant|heal\n|-heal|p1b: Clefairy|100\/100 par\n|\n|-weather|Snow|[upkeep]\n|upkeep\n|turn|4\n|j| F3rrari450\n|l| F3rrari450\n|\n|t:|1699548961\n|move|p2b: Volbeat|Thunder Wave|p1a: Iron Valiant\n|-status|p1a: Iron Valiant|par\n|move|p2a: Kingambit|Iron Head|p1b: Clefairy\n|-supereffective|p1b: Clefairy\n|-damage|p1b: Clefairy|0 fnt\n|faint|p1b: Clefairy\n|move|p1a: Iron Valiant|Drain Punch|p2a: Kingambit\n|-supereffective|p2a: Kingambit\n|-damage|p2a: Kingambit|0 fnt\n|faint|p2a: Kingambit\n|-end|p2a: Kingambit|fallenundefined|[silent]\n|-damage|p1a: Iron Valiant|91\/100 par|[from] item: Life Orb\n|\n|-weather|Snow|[upkeep]\n|-heal|p1a: Iron Valiant|97\/100 par|[from] Grassy Terrain\n|-sideend|p2: fizixes|move: Tailwind\n|upkeep\n|\n|t:|1699548973\n|switch|p2a: Rillaboom|Rillaboom, F|100\/100\n|switch|p1b: Azumarill|Azumarill, F|100\/100\n|turn|5\n|\n|t:|1699548985\n|move|p2b: Volbeat|Tailwind|p2b: Volbeat\n|-sidestart|p2: fizixes|move: Tailwind\n|move|p2a: Rillaboom|Trailblaze|p1b: Azumarill\n|-ability|p1b: Azumarill|Sap Sipper|boost\n|-boost|p1b: Azumarill|atk|1\n|move|p1a: Iron Valiant|Close Combat|p2a: Rillaboom\n|-damage|p2a: Rillaboom|15\/100\n|-unboost|p1a: Iron Valiant|def|1\n|-unboost|p1a: Iron Valiant|spd|1\n|-damage|p1a: Iron Valiant|87\/100 par|[from] item: Life Orb\n|move|p1b: Azumarill|Belly Drum|p1b: Azumarill\n|-damage|p1b: Azumarill|50\/100\n|-setboost|p1b: Azumarill|atk|6|[from] move: Belly Drum\n|-enditem|p1b: Azumarill|Sitrus Berry|[eat]\n|-heal|p1b: Azumarill|75\/100|[from] item: Sitrus Berry\n|\n|-weather|none\n|-heal|p2a: Rillaboom|21\/100|[from] Grassy Terrain\n|-heal|p1a: Iron Valiant|94\/100 par|[from] Grassy Terrain\n|-heal|p1b: Azumarill|82\/100|[from] Grassy Terrain\n|upkeep\n|turn|6\n|\n|t:|1699548998\n|move|p2b: Volbeat|Thunder Wave|p1b: Azumarill\n|-status|p1b: Azumarill|par\n|move|p1a: Iron Valiant|Shadow Sneak|p2a: Rillaboom\n|-damage|p2a: Rillaboom|2\/100\n|-damage|p1a: Iron Valiant|84\/100 par|[from] item: Life Orb\n|move|p1b: Azumarill|Aqua Jet|p2b: Volbeat\n|-damage|p2b: Volbeat|57\/100\n|move|p2a: Rillaboom|Wood Hammer|p1b: Azumarill\n|-immune|p1b: Azumarill|[from] ability: Sap Sipper\n|\n|-heal|p2a: Rillaboom|8\/100|[from] Grassy Terrain\n|-heal|p2b: Volbeat|63\/100|[from] Grassy Terrain\n|-heal|p2b: Volbeat|69\/100|[from] item: Leftovers\n|-heal|p1a: Iron Valiant|90\/100 par|[from] Grassy Terrain\n|-heal|p1b: Azumarill|88\/100 par|[from] Grassy Terrain\n|upkeep\n|turn|7\n|\n|t:|1699549010\n|move|p2b: Volbeat|Confuse Ray|p1b: Azumarill\n|-start|p1b: Azumarill|confusion\n|move|p2a: Rillaboom|Wood Hammer|p1b: Azumarill\n|-immune|p1b: Azumarill|[from] ability: Sap Sipper\n|move|p1a: Iron Valiant|Drain Punch|p2a: Rillaboom\n|-damage|p2a: Rillaboom|0 fnt\n|-heal|p1a: Iron Valiant|95\/100 par|[from] drain|[of] p2a: Rillaboom\n|faint|p2a: Rillaboom\n|-damage|p1a: Iron Valiant|86\/100 par|[from] item: Life Orb\n|-activate|p1b: Azumarill|confusion\n|-damage|p1b: Azumarill|50\/100 par|[from] confusion\n|\n|-heal|p2b: Volbeat|75\/100|[from] Grassy Terrain\n|-heal|p2b: Volbeat|81\/100|[from] item: Leftovers\n|-heal|p1a: Iron Valiant|92\/100 par|[from] Grassy Terrain\n|-heal|p1b: Azumarill|57\/100 par|[from] Grassy Terrain\n|upkeep\n|n|\u203dfizixes|fizixes\n|inactive|fizixes has 120 seconds left.\n|\n|t:|1699549058\n|switch|p2a: Ninetales|Ninetales-Alola, M|100\/100\n|-weather|Snow|[from] ability: Snow Warning|[of] p2a: Ninetales\n|turn|8\n|inactive|fizixes has 120 seconds left.\n|\n|t:|1699549090\n|switch|p2b: Goodra|Goodra-Hisui, M|100\/100\n|-enditem|p2b: Goodra|Grassy Seed\n|-boost|p2b: Goodra|def|1|[from] item: Grassy Seed\n|-end|p1b: Azumarill|confusion\n|cant|p1b: Azumarill|par\n|move|p2a: Ninetales|Aurora Veil|p2a: Ninetales\n|-sidestart|p2: fizixes|move: Aurora Veil\n|cant|p1a: Iron Valiant|par\n|\n|-weather|Snow|[upkeep]\n|-heal|p1a: Iron Valiant|98\/100 par|[from] Grassy Terrain\n|-heal|p1b: Azumarill|63\/100 par|[from] Grassy Terrain\n|-sideend|p2: fizixes|move: Tailwind\n|-fieldend|move: Grassy Terrain\n|upkeep\n|turn|9\n|\n|t:|1699549104\n|move|p1b: Azumarill|Aqua Jet|p2a: Ninetales\n|-damage|p2a: Ninetales|75\/100\n|move|p2b: Goodra|Calm Mind|p2b: Goodra\n|-boost|p2b: Goodra|spa|1\n|-boost|p2b: Goodra|spd|1\n|move|p2a: Ninetales|Nasty Plot|p2a: Ninetales\n|-boost|p2a: Ninetales|spa|2\n|move|p1a: Iron Valiant|Close Combat|p2b: Goodra\n|-immune|p2b: Goodra\n|\n|-weather|Snow|[upkeep]\n|-sideend|p1: Amberrunner|move: Aurora Veil\n|upkeep\n|turn|10\n|\n|t:|1699549124\n|move|p2b: Goodra|Hyper Voice|p1b: Azumarill|[spread] p1a,p1b\n|-damage|p1a: Iron Valiant|0 fnt\n|-damage|p1b: Azumarill|20\/100 par\n|faint|p1a: Iron Valiant\n|-end|p1a: Iron Valiant|Quark Drive|[silent]\n|move|p2a: Ninetales|Dazzling Gleam|p1b: Azumarill\n|-damage|p1b: Azumarill|0 fnt\n|faint|p1b: Azumarill\n|\n|-weather|Snow|[upkeep]\n|upkeep\n|\n|t:|1699549132\n|switch|p1a: Tinkaton|Tinkaton, F|100\/100\n|switch|p1b: Ninetales|Ninetales-Alola, M|100\/100\n|-ability|p1a: Tinkaton|Mold Breaker\n|turn|11\n|\n|t:|1699549151\n|move|p2b: Goodra|Focus Blast|p1a: Tinkaton\n|-crit|p1a: Tinkaton\n|-damage|p1a: Tinkaton|20\/100\n|-enditem|p1a: Tinkaton|Sitrus Berry|[eat]\n|-heal|p1a: Tinkaton|45\/100|[from] item: Sitrus Berry\n|move|p1b: Ninetales|Aurora Veil|p1b: Ninetales\n|-sidestart|p1: Amberrunner|move: Aurora Veil\n|move|p2a: Ninetales|Dazzling Gleam|p1a: Tinkaton|[spread] p1a,p1b\n|-resisted|p1a: Tinkaton\n|-damage|p1a: Tinkaton|33\/100\n|-damage|p1b: Ninetales|71\/100\n|move|p1a: Tinkaton|Gigaton Hammer|p2a: Ninetales\n|-supereffective|p2a: Ninetales\n|-damage|p2a: Ninetales|0 fnt\n|faint|p2a: Ninetales\n|\n|-weather|Snow|[upkeep]\n|upkeep\n|\n|t:|1699549155\n|switch|p2a: Volbeat|Volbeat, M|81\/100\n|turn|12\n|\n|t:|1699549163\n|move|p2a: Volbeat|Encore|p1b: Ninetales\n|-start|p1b: Ninetales|Encore\n|move|p2b: Goodra|Focus Blast|p1a: Tinkaton|[miss]\n|-miss|p2b: Goodra|p1a: Tinkaton\n|move|p1b: Ninetales|Aurora Veil||[still]\n|-fail|p1b: Ninetales\n|move|p1a: Tinkaton|Bulldoze|p2b: Goodra|[spread] p1b,p2a,p2b\n|-resisted|p2a: Volbeat\n|-damage|p1b: Ninetales|64\/100\n|-damage|p2a: Volbeat|78\/100\n|-damage|p2b: Goodra|93\/100\n|-unboost|p1b: Ninetales|spe|1\n|-unboost|p2a: Volbeat|spe|1\n|-unboost|p2b: Goodra|spe|1\n|replace|p2b: Zoroark|Zoroark-Hisui, M\n|-end|p2b: Zoroark|Illusion\n|\n|-weather|none\n|-heal|p2a: Volbeat|84\/100|[from] item: Leftovers\n|upkeep\n|turn|13\n|\n|t:|1699549174\n|move|p2a: Volbeat|Tailwind|p2a: Volbeat\n|-sidestart|p2: fizixes|move: Tailwind\n|move|p2b: Zoroark|Focus Blast|p1a: Tinkaton\n|-damage|p1a: Tinkaton|0 fnt\n|faint|p1a: Tinkaton\n|move|p1b: Ninetales|Aurora Veil||[still]\n|-fail|p1b: Ninetales\n|\n|-heal|p2a: Volbeat|90\/100|[from] item: Leftovers\n|upkeep\n|\n|t:|1699549179\n|switch|p1a: Flutter Mane|Flutter Mane|100\/100\n|-enditem|p1a: Flutter Mane|Booster Energy\n|-activate|p1a: Flutter Mane|ability: Protosynthesis|[fromitem]\n|-start|p1a: Flutter Mane|protosynthesisspa\n|turn|14\n|\n|t:|1699549193\n|-terastallize|p1a: Flutter Mane|Fairy\n|move|p2a: Volbeat|Thunder Wave|p1a: Flutter Mane\n|-status|p1a: Flutter Mane|par\n|move|p2b: Zoroark|Bitter Malice|p1a: Flutter Mane\n|-damage|p1a: Flutter Mane|68\/100 par\n|-unboost|p1a: Flutter Mane|atk|1\n|move|p1b: Ninetales|Aurora Veil||[still]\n|-fail|p1b: Ninetales\n|move|p1a: Flutter Mane|Moonblast|p2b: Zoroark\n|-damage|p2b: Zoroark|22\/100\n|\n|-heal|p2a: Volbeat|96\/100|[from] item: Leftovers\n|-end|p1b: Ninetales|Encore\n|upkeep\n|turn|15\n|\n|t:|1699549207\n|move|p2a: Volbeat|Encore|p1b: Ninetales\n|-start|p1b: Ninetales|Encore\n|move|p2b: Zoroark|Hyper Voice|p1b: Ninetales|[spread] p1a,p1b\n|-damage|p1a: Flutter Mane|39\/100 par\n|-damage|p1b: Ninetales|33\/100\n|move|p1b: Ninetales|Aurora Veil||[still]\n|-fail|p1b: Ninetales\n|cant|p1a: Flutter Mane|par\n|\n|-heal|p2a: Volbeat|100\/100|[from] item: Leftovers\n|-sideend|p2: fizixes|move: Aurora Veil\n|upkeep\n|turn|16\n|\n|t:|1699549216\n|move|p2a: Volbeat|Thunder Wave|p1b: Ninetales\n|-status|p1b: Ninetales|par\n|move|p2b: Zoroark|Hyper Voice|p1a: Flutter Mane|[spread] p1a,p1b\n|-damage|p1a: Flutter Mane|9\/100 par\n|-damage|p1b: Ninetales|1\/100 par\n|cant|p1a: Flutter Mane|par\n|move|p1b: Ninetales|Aurora Veil||[still]\n|-fail|p1b: Ninetales\n|\n|-sideend|p2: fizixes|move: Tailwind\n|upkeep\n|turn|17\n|-message|Amberrunner forfeited.\n|\n|win|fizixes\n|raw|Amberrunner's rating: 1173 &rarr; <strong>1157<\/strong><br \/>(-16 for losing)\n|raw|fizixes's rating: 1303 &rarr; <strong>1316<\/strong><br \/>(+13 for winning)\n|l|\u2606Amberrunner\n","uploadtime":1699550331,"views":17,"p1id":"amberrunner","p2id":"fizixes","formatid":"gen9doublesou","rating":1157,"private":0,"password":""}