{"id":"gen9doublesou-1968942211","p1":"Deimosfla","p2":"froggangg","format":"[Gen 9] Doubles OU","log":"|j|\u2606Deimosfla\n|j|\u2606froggangg\n|t:|1697477240\n|gametype|doubles\n|player|p1|Deimosfla|brock|1131\n|player|p2|froggangg|n|1073\n|teamsize|p1|6\n|teamsize|p2|6\n|gen|9\n|tier|[Gen 9] Doubles OU\n|rated|\n|rule|Species Clause: Limit one of each Pok\u00e9mon\n|rule|OHKO Clause: OHKO moves are banned\n|rule|Evasion Moves Clause: Evasion moves are banned\n|rule|Gravity Sleep Clause: The combination of sleep-inducing moves with imperfect accuracy and Gravity or Gigantamax Orbeetle are banned\n|rule|Endless Battle Clause: Forcing endless battles is banned\n|rule|HP Percentage Mod: HP is shown in percentages\n|clearpoke\n|poke|p1|Crawdaunt, M|\n|poke|p1|Ribombee, F|\n|poke|p1|Heatran, F|\n|poke|p1|Weavile, M|\n|poke|p1|Manaphy|\n|poke|p1|Chesnaught, M|\n|poke|p2|Tinkaton, F|\n|poke|p2|Tornadus, M|\n|poke|p2|Eiscue, F|\n|poke|p2|Flamigo, F|\n|poke|p2|Amoonguss, F|\n|poke|p2|Gyarados, F|\n|teampreview\n|\n|t:|1697477248\n|start\n|switch|p1a: Ribombee|Ribombee, F|100\/100\n|switch|p1b: Heatran|Heatran, F|100\/100\n|switch|p2a: Tinkaton|Tinkaton, F|100\/100\n|switch|p2b: Tornadus|Tornadus, M|100\/100\n|turn|1\n|\n|t:|1697477263\n|move|p2a: Tinkaton|Fake Out|p1b: Heatran\n|-resisted|p1b: Heatran\n|-damage|p1b: Heatran|98\/100\n|-damage|p2a: Tinkaton|84\/100|[from] item: Rocky Helmet|[of] p1b: Heatran\n|move|p2b: Tornadus|Tailwind|p2b: Tornadus\n|-sidestart|p2: froggangg|move: Tailwind\n|move|p1a: Ribombee|Quiver Dance|p1a: Ribombee\n|-boost|p1a: Ribombee|spa|1\n|-boost|p1a: Ribombee|spd|1\n|-boost|p1a: Ribombee|spe|1\n|cant|p1b: Heatran|flinch\n|\n|upkeep\n|turn|2\n|\n|t:|1697477281\n|switch|p2a: Gyarados|Gyarados, F|100\/100\n|-ability|p2a: Gyarados|Intimidate|boost\n|-unboost|p1a: Ribombee|atk|1\n|-unboost|p1b: Heatran|atk|1\n|move|p2b: Tornadus|Air Slash|p1a: Ribombee\n|-supereffective|p1a: Ribombee\n|-damage|p1a: Ribombee|34\/100\n|move|p1a: Ribombee|Stun Spore|p2b: Tornadus|[miss]\n|-miss|p1a: Ribombee|p2b: Tornadus\n|move|p1b: Heatran|Heat Wave|p2b: Tornadus|[spread] p2a\n|-miss|p1b: Heatran|p2b: Tornadus\n|-resisted|p2a: Gyarados\n|-damage|p2a: Gyarados|85\/100\n|\n|upkeep\n|turn|3\n|\n|t:|1697477321\n|move|p2b: Tornadus|Air Slash|p1a: Ribombee\n|-supereffective|p1a: Ribombee\n|-damage|p1a: Ribombee|0 fnt\n|faint|p1a: Ribombee\n|move|p2a: Gyarados|Earthquake|p1b: Heatran|[spread] p1b\n|-immune|p2b: Tornadus\n|-supereffective|p1b: Heatran\n|-damage|p1b: Heatran|19\/100\n|-damage|p2a: Gyarados|75\/100|[from] item: Life Orb\n|move|p1b: Heatran|Magma Storm|p2a: Gyarados|[miss]\n|-miss|p1b: Heatran|p2a: Gyarados\n|\n|upkeep\n|\n|t:|1697477337\n|switch|p1a: Weavile|Weavile, M|100\/100\n|-ability|p1a: Weavile|Pressure\n|turn|4\n|\n|t:|1697477348\n|switch|p1b: Chesnaught|Chesnaught, M, shiny|100\/100\n|-terastallize|p2a: Gyarados|Ground\n|move|p2b: Tornadus|Hammer Arm|p1a: Weavile\n|-supereffective|p1a: Weavile\n|-damage|p1a: Weavile|0 fnt\n|-unboost|p2b: Tornadus|spe|1\n|faint|p1a: Weavile\n|move|p2a: Gyarados|Earthquake|p1b: Chesnaught|[spread] p1b\n|-immune|p2b: Tornadus\n|-resisted|p1b: Chesnaught\n|-damage|p1b: Chesnaught|84\/100\n|-damage|p2a: Gyarados|65\/100|[from] item: Life Orb\n|\n|-sideend|p2: froggangg|move: Tailwind\n|upkeep\n|\n|t:|1697477364\n|switch|p1a: Manaphy|Manaphy|100\/100\n|turn|5\n|\n|t:|1697477379\n|-terastallize|p1a: Manaphy|Ice\n|move|p1a: Manaphy|Ice Beam|p2b: Tornadus\n|-supereffective|p2b: Tornadus\n|-damage|p2b: Tornadus|6\/100\n|move|p2a: Gyarados|Thunderbolt|p1a: Manaphy\n|-damage|p1a: Manaphy|76\/100\n|-damage|p2a: Gyarados|55\/100|[from] item: Life Orb\n|move|p2b: Tornadus|Air Slash|p1b: Chesnaught\n|-supereffective|p1b: Chesnaught\n|-damage|p1b: Chesnaught|0 fnt\n|faint|p1b: Chesnaught\n|\n|-heal|p1a: Manaphy|83\/100|[from] item: Leftovers\n|upkeep\n|\n|t:|1697477394\n|switch|p1b: Crawdaunt|Crawdaunt, M, shiny|100\/100\n|turn|6\n|\n|t:|1697477411\n|move|p1b: Crawdaunt|Aqua Jet|p2b: Tornadus\n|-damage|p2b: Tornadus|0 fnt\n|faint|p2b: Tornadus\n|move|p1a: Manaphy|Tail Glow|p1a: Manaphy\n|-boost|p1a: Manaphy|spa|3\n|move|p2a: Gyarados|Thunderbolt|p1b: Crawdaunt\n|-supereffective|p1b: Crawdaunt\n|-damage|p1b: Crawdaunt|6\/100\n|-damage|p2a: Gyarados|46\/100|[from] item: Life Orb\n|\n|-heal|p1a: Manaphy|89\/100|[from] item: Leftovers\n|upkeep\n|\n|t:|1697477424\n|switch|p2b: Amoonguss|Amoonguss, F|100\/100\n|turn|7\n|\n|t:|1697477436\n|move|p2b: Amoonguss|Rage Powder|p2b: Amoonguss\n|-singleturn|p2b: Amoonguss|move: Rage Powder\n|move|p1b: Crawdaunt|Aqua Jet|p2b: Amoonguss\n|-resisted|p2b: Amoonguss\n|-damage|p2b: Amoonguss|80\/100\n|move|p1a: Manaphy|Ice Beam|p2b: Amoonguss\n|-supereffective|p2b: Amoonguss\n|-damage|p2b: Amoonguss|0 fnt\n|faint|p2b: Amoonguss\n|move|p2a: Gyarados|Earthquake|p1a: Manaphy|[spread] p1a,p1b\n|-damage|p1a: Manaphy|48\/100\n|-damage|p1b: Crawdaunt|0 fnt\n|faint|p1b: Crawdaunt\n|-damage|p2a: Gyarados|36\/100|[from] item: Life Orb\n|\n|-heal|p1a: Manaphy|54\/100|[from] item: Leftovers\n|upkeep\n|\n|t:|1697477455\n|switch|p1b: Heatran|Heatran, F|19\/100\n|switch|p2b: Eiscue|Eiscue, F|100\/100\n|turn|8\n|\n|t:|1697477472\n|move|p1a: Manaphy|Ice Beam|p2a: Gyarados\n|-supereffective|p2a: Gyarados\n|-damage|p2a: Gyarados|0 fnt\n|faint|p2a: Gyarados\n|move|p1b: Heatran|Magma Storm|p2b: Eiscue\n|-supereffective|p2b: Eiscue\n|-damage|p2b: Eiscue|27\/100\n|-activate|p2b: Eiscue|move: Magma Storm|[of] p1b: Heatran\n|-enditem|p2b: Eiscue|Sitrus Berry|[eat]\n|-heal|p2b: Eiscue|52\/100|[from] item: Sitrus Berry\n|move|p2b: Eiscue|Head Smash|p1a: Manaphy|[miss]\n|-miss|p2b: Eiscue|p1a: Manaphy\n|\n|-heal|p1a: Manaphy|61\/100|[from] item: Leftovers\n|-damage|p2b: Eiscue|40\/100|[from] move: Magma Storm|[partiallytrapped]\n|upkeep\n|\n|t:|1697477491\n|switch|p2a: Flamigo|Flamigo, F|100\/100\n|-copyboost|p2a: Flamigo|p2b: Eiscue|[from] ability: Costar\n|turn|9\n|\n|t:|1697477516\n|move|p1a: Manaphy|Ice Beam|p2a: Flamigo\n|-supereffective|p2a: Flamigo\n|-damage|p2a: Flamigo|0 fnt\n|faint|p2a: Flamigo\n|move|p1b: Heatran|Heat Wave|p2b: Eiscue\n|-supereffective|p2b: Eiscue\n|-damage|p2b: Eiscue|0 fnt\n|faint|p2b: Eiscue\n|\n|-heal|p1a: Manaphy|67\/100|[from] item: Leftovers\n|upkeep\n|\n|t:|1697477526\n|switch|p2b: Tinkaton|Tinkaton, F|84\/100\n|turn|10\n|\n|t:|1697477533\n|move|p2b: Tinkaton|Fake Out|p1b: Heatran\n|-resisted|p1b: Heatran\n|-damage|p1b: Heatran|17\/100\n|-damage|p2b: Tinkaton|67\/100|[from] item: Rocky Helmet|[of] p1b: Heatran\n|move|p1a: Manaphy|Hydro Pump|p2b: Tinkaton\n|-damage|p2b: Tinkaton|0 fnt\n|faint|p2b: Tinkaton\n|\n|win|Deimosfla\n|raw|Deimosfla's rating: 1131 &rarr; <strong>1152<\/strong><br \/>(+21 for winning)\n|raw|froggangg's rating: 1073 &rarr; <strong>1056<\/strong><br \/>(-17 for losing)\n|l|\u2606froggangg\n","uploadtime":1697477542,"views":12,"p1id":"deimosfla","p2id":"froggangg","formatid":"gen9doublesou","rating":1056,"private":0,"password":""}