{"id":"gen9doublesou-1977429932","p1":"insect gym leader","p2":"glasses15","format":"[Gen 9] Doubles OU","log":"|j|\u2606insect gym leader\n|j|\u2606glasses15\n|t:|1698416395\n|gametype|doubles\n|player|p1|insect gym leader|marshal|1126\n|player|p2|glasses15|scientistf|1131\n|teamsize|p1|6\n|teamsize|p2|6\n|gen|9\n|tier|[Gen 9] Doubles OU\n|rated|\n|rule|Species Clause: Limit one of each Pok\u00e9mon\n|rule|OHKO Clause: OHKO moves are banned\n|rule|Evasion Moves Clause: Evasion moves are banned\n|rule|Gravity Sleep Clause: The combination of sleep-inducing moves with imperfect accuracy and Gravity or Gigantamax Orbeetle are banned\n|rule|Endless Battle Clause: Forcing endless battles is banned\n|rule|HP Percentage Mod: HP is shown in percentages\n|clearpoke\n|poke|p1|Rillaboom, M|\n|poke|p1|Torterra, F|\n|poke|p1|Chien-Pao|\n|poke|p1|Corviknight, F|\n|poke|p1|Iron Valiant|\n|poke|p1|Chi-Yu|\n|poke|p2|Sableye, M|\n|poke|p2|Flapple, M|\n|poke|p2|Espeon, M|\n|poke|p2|Iron Bundle|\n|poke|p2|Dachsbun, M|\n|poke|p2|Goodra-Hisui, F|\n|teampreview\n|inactive|Battle timer is ON: inactive players will automatically lose when time's up. (requested by glasses15)\n|c|\u2606glasses15|glhf\n|c|\u2606insect gym leader|stfu\n|inactive|glasses15 has 120 seconds left.\n|\n|t:|1698416435\n|start\n|switch|p1a: Torterra|Torterra, F|100\/100\n|switch|p1b: Rillaboom|Rillaboom, M|100\/100\n|switch|p2a: Sableye|Sableye, M|100\/100\n|switch|p2b: Iron Bundle|Iron Bundle|100\/100\n|-fieldstart|move: Grassy Terrain|[from] ability: Grassy Surge|[of] p1b: Rillaboom\n|-enditem|p1b: Rillaboom|Grassy Seed\n|-boost|p1b: Rillaboom|def|1|[from] item: Grassy Seed\n|-enditem|p1a: Torterra|Grassy Seed\n|-boost|p1a: Torterra|def|1|[from] item: Grassy Seed\n|turn|1\n|\n|t:|1698416452\n|move|p1b: Rillaboom|Fake Out|p2b: Iron Bundle\n|-damage|p2b: Iron Bundle|84\/100\n|move|p2a: Sableye|Gravity|p2a: Sableye\n|-fieldstart|move: Gravity\n|cant|p2b: Iron Bundle|flinch\n|move|p1a: Torterra|Shell Smash|p1a: Torterra\n|-unboost|p1a: Torterra|def|1\n|-unboost|p1a: Torterra|spd|1\n|-boost|p1a: Torterra|atk|2\n|-boost|p1a: Torterra|spa|2\n|-boost|p1a: Torterra|spe|2\n|\n|-heal|p2b: Iron Bundle|89\/100|[from] Grassy Terrain\n|upkeep\n|turn|2\n|\n|t:|1698416472\n|move|p2a: Sableye|Thunder Wave|p1b: Rillaboom\n|-status|p1b: Rillaboom|par\n|move|p1a: Torterra|Seed Bomb|p2b: Iron Bundle\n|-supereffective|p2b: Iron Bundle\n|-damage|p2b: Iron Bundle|0 fnt\n|faint|p2b: Iron Bundle\n|-end|p2b: Iron Bundle|Quark Drive|[silent]\n|move|p1b: Rillaboom|Bulk Up|p1b: Rillaboom\n|-boost|p1b: Rillaboom|atk|1\n|-boost|p1b: Rillaboom|def|1\n|\n|upkeep\n|\n|t:|1698416479\n|switch|p2b: Goodra|Goodra-Hisui, F|100\/100\n|turn|3\n|\n|t:|1698416494\n|move|p2a: Sableye|Encore|p1b: Rillaboom\n|-start|p1b: Rillaboom|Encore\n|move|p1a: Torterra|Earthquake|p2a: Sableye|[spread] p1b,p2a,p2b\n|-resisted|p1b: Rillaboom\n|-supereffective|p2b: Goodra\n|-damage|p1b: Rillaboom|90\/100 par\n|-damage|p2a: Sableye|64\/100\n|-damage|p2b: Goodra|26\/100\n|move|p2b: Goodra|Muddy Water|p1a: Torterra|[spread] p1a,p1b\n|-resisted|p1b: Rillaboom\n|-damage|p1a: Torterra|62\/100\n|-damage|p1b: Rillaboom|75\/100 par\n|-unboost|p1a: Torterra|accuracy|1\n|move|p1b: Rillaboom|Bulk Up|p1b: Rillaboom\n|-boost|p1b: Rillaboom|atk|1\n|-boost|p1b: Rillaboom|def|1\n|\n|-heal|p1a: Torterra|68\/100|[from] Grassy Terrain\n|-heal|p2b: Goodra|32\/100|[from] Grassy Terrain\n|-heal|p1b: Rillaboom|81\/100 par|[from] Grassy Terrain\n|-heal|p2a: Sableye|69\/100|[from] Grassy Terrain\n|upkeep\n|turn|4\n|\n|t:|1698416512\n|switch|p2a: Espeon|Espeon, M|100\/100\n|move|p1a: Torterra|Seed Bomb|p2b: Goodra\n|-ability|p2b: Goodra|Sap Sipper|boost\n|-boost|p2b: Goodra|atk|1\n|move|p2b: Goodra|Fire Blast|p1b: Rillaboom\n|-supereffective|p1b: Rillaboom\n|-damage|p1b: Rillaboom|0 fnt\n|faint|p1b: Rillaboom\n|\n|-heal|p1a: Torterra|74\/100|[from] Grassy Terrain\n|-heal|p2b: Goodra|38\/100|[from] Grassy Terrain\n|upkeep\n|\n|t:|1698416528\n|switch|p1b: Corviknight|Corviknight, F|100\/100\n|-ability|p1b: Corviknight|Pressure\n|turn|5\n|\n|t:|1698416542\n|-terastallize|p2a: Espeon|Normal\n|move|p1a: Torterra|Earthquake|p2a: Espeon|[spread] p1b,p2a,p2b\n|-supereffective|p1b: Corviknight\n|-supereffective|p2b: Goodra\n|-damage|p1b: Corviknight|40\/100\n|-damage|p2a: Espeon|29\/100\n|-damage|p2b: Goodra|0 fnt\n|faint|p2b: Goodra\n|move|p2a: Espeon|Hyper Voice|p1a: Torterra|[spread] p1a,p1b\n|-resisted|p1b: Corviknight\n|-damage|p1a: Torterra|17\/100\n|-damage|p1b: Corviknight|22\/100\n|-enditem|p2a: Espeon|Throat Spray\n|-boost|p2a: Espeon|spa|1|[from] item: Throat Spray\n|move|p1b: Corviknight|Tailwind|p1b: Corviknight\n|-sidestart|p1: insect gym leader|move: Tailwind\n|\n|-heal|p1a: Torterra|23\/100|[from] Grassy Terrain\n|-heal|p2a: Espeon|34\/100|[from] Grassy Terrain\n|-heal|p1b: Corviknight|28\/100|[from] Grassy Terrain\n|-fieldend|move: Gravity\n|-fieldend|move: Grassy Terrain\n|upkeep\n|c|\u2606glasses15|lol\n|\n|t:|1698416553\n|switch|p2b: Sableye|Sableye, M|69\/100\n|turn|6\n|\n|t:|1698416579\n|move|p2a: Espeon|Protect|p2a: Espeon\n|-singleturn|p2a: Espeon|Protect\n|move|p2b: Sableye|Gravity|p2b: Sableye\n|-fieldstart|move: Gravity\n|move|p1a: Torterra|Iron Head|p2a: Espeon\n|-activate|p2a: Espeon|move: Protect\n|move|p1b: Corviknight|Iron Head|p2b: Sableye\n|-damage|p2b: Sableye|35\/100\n|-damage|p1b: Corviknight|12\/100|[from] item: Rocky Helmet|[of] p2b: Sableye\n|\n|upkeep\n|turn|7\n|\n|t:|1698416600\n|move|p2b: Sableye|Protect|p2b: Sableye\n|-singleturn|p2b: Sableye|Protect\n|move|p1a: Torterra|Iron Head|p2a: Espeon\n|-damage|p2a: Espeon|0 fnt\n|faint|p2a: Espeon\n|move|p1b: Corviknight|Iron Head|p2b: Sableye\n|-activate|p2b: Sableye|move: Protect\n|\n|upkeep\n|\n|t:|1698416611\n|switch|p2a: Flapple|Flapple, M|100\/100\n|turn|8\n|\n|t:|1698416626\n|move|p2a: Flapple|Sucker Punch|p1a: Torterra\n|-damage|p1a: Torterra|0 fnt\n|faint|p1a: Torterra\n|move|p2b: Sableye|Thunder Wave|p1b: Corviknight\n|-status|p1b: Corviknight|par\n|move|p1b: Corviknight|Drill Peck|p2a: Flapple\n|-supereffective|p2a: Flapple\n|-damage|p2a: Flapple|0 fnt\n|faint|p2a: Flapple\n|\n|-sideend|p1: insect gym leader|move: Tailwind\n|upkeep\n|\n|t:|1698416654\n|switch|p2a: Dachsbun|Dachsbun, M|100\/100\n|switch|p1a: Iron Valiant|Iron Valiant|100\/100\n|-enditem|p1a: Iron Valiant|Booster Energy\n|-activate|p1a: Iron Valiant|ability: Quark Drive|[fromitem]\n|-start|p1a: Iron Valiant|quarkdrivespe\n|turn|9\n|\n|t:|1698416666\n|move|p2b: Sableye|Thunder Wave|p1a: Iron Valiant\n|-status|p1a: Iron Valiant|par\n|move|p2a: Dachsbun|Body Press|p1a: Iron Valiant\n|-resisted|p1a: Iron Valiant\n|-damage|p1a: Iron Valiant|87\/100 par\n|move|p1a: Iron Valiant|Moonblast|p2b: Sableye\n|-supereffective|p2b: Sableye\n|-damage|p2b: Sableye|0 fnt\n|faint|p2b: Sableye\n|move|p1b: Corviknight|Tailwind|p1b: Corviknight\n|-sidestart|p1: insect gym leader|move: Tailwind\n|\n|upkeep\n|turn|10\n|\n|t:|1698416683\n|move|p1a: Iron Valiant|Psyshock|p2a: Dachsbun\n|-damage|p2a: Dachsbun|73\/100\n|move|p2a: Dachsbun|Play Rough|p1a: Iron Valiant\n|-supereffective|p1a: Iron Valiant\n|-damage|p1a: Iron Valiant|22\/100 par\n|-unboost|p1a: Iron Valiant|atk|1\n|move|p1b: Corviknight|Iron Head|p2a: Dachsbun\n|-supereffective|p2a: Dachsbun\n|-damage|p2a: Dachsbun|3\/100\n|-damage|p1b: Corviknight|0 fnt|[from] item: Rocky Helmet|[of] p2a: Dachsbun\n|faint|p1b: Corviknight\n|\n|-fieldend|move: Gravity\n|upkeep\n|\n|t:|1698416694\n|switch|p1b: Chi-Yu|Chi-Yu|100\/100\n|-ability|p1b: Chi-Yu|Beads of Ruin\n|turn|11\n|\n|t:|1698416702\n|move|p1b: Chi-Yu|Flamethrower|p2a: Dachsbun\n|-ability|p2a: Dachsbun|Well-Baked Body|boost\n|-boost|p2a: Dachsbun|def|2\n|move|p1a: Iron Valiant|Moonblast|p2a: Dachsbun\n|-damage|p2a: Dachsbun|0 fnt\n|faint|p2a: Dachsbun\n|\n|win|insect gym leader\n|raw|insect gym leader's rating: 1126 &rarr; <strong>1151<\/strong><br \/>(+25 for winning)\n|raw|glasses15's rating: 1131 &rarr; <strong>1106<\/strong><br \/>(-25 for losing)\n","uploadtime":1698416443,"views":20,"p1id":"insectgymleader","p2id":"glasses15","formatid":"gen9doublesou","rating":1106,"private":0,"password":""}