{"id":"gen9doublesou-1973949244","p1":"Abowlofmagnemites","p2":"blueslushpop","format":"[Gen 9] Doubles OU","log":"|j|\u2606Abowlofmagnemites\n|j|\u2606blueslushpop\n|t:|1698031780\n|gametype|doubles\n|player|p1|Abowlofmagnemites|plasmagruntf-gen5bw|1075\n|player|p2|blueslushpop|1|1009\n|teamsize|p1|6\n|teamsize|p2|6\n|gen|9\n|tier|[Gen 9] Doubles OU\n|rated|\n|rule|Species Clause: Limit one of each Pok\u00e9mon\n|rule|OHKO Clause: OHKO moves are banned\n|rule|Evasion Moves Clause: Evasion moves are banned\n|rule|Gravity Sleep Clause: The combination of sleep-inducing moves with imperfect accuracy and Gravity or Gigantamax Orbeetle are banned\n|rule|Endless Battle Clause: Forcing endless battles is banned\n|rule|HP Percentage Mod: HP is shown in percentages\n|clearpoke\n|poke|p1|Sableye, M|\n|poke|p1|Oranguru, F|\n|poke|p1|Ursaluna, F|\n|poke|p1|Rillaboom, M|\n|poke|p1|Tornadus, M|\n|poke|p1|Manaphy|\n|poke|p2|Lilligant-Hisui, F|\n|poke|p2|Pawmot, M|\n|poke|p2|Abomasnow, M|\n|poke|p2|Salazzle, F|\n|poke|p2|Sandslash-Alola, M|\n|poke|p2|Arcanine-Hisui, F|\n|teampreview\n|\n|t:|1698031789\n|start\n|switch|p1a: Sableye|Sableye, M|100\/100\n|switch|p1b: Oranguru|Oranguru, F|100\/100\n|switch|p2a: Salazzle|Salazzle, F, shiny|100\/100\n|switch|p2b: Arcanine|Arcanine-Hisui, F, shiny|100\/100\n|-ability|p2b: Arcanine|Intimidate|boost\n|-unboost|p1a: Sableye|atk|1\n|-unboost|p1b: Oranguru|atk|1\n|turn|1\n|\n|t:|1698031797\n|move|p1a: Sableye|Skill Swap|p1b: Oranguru\n|-activate|p1a: Sableye|move: Skill Swap|||[of] p1b: Oranguru\n|move|p1b: Oranguru|Substitute|p1b: Oranguru\n|-start|p1b: Oranguru|Substitute\n|-damage|p1b: Oranguru|76\/100\n|move|p2a: Salazzle|Dragon Dance|p2a: Salazzle\n|-boost|p2a: Salazzle|atk|1\n|-boost|p2a: Salazzle|spe|1\n|move|p2b: Arcanine|Howl|p2b: Arcanine|[spread] p2a,p2b\n|-boost|p2a: Salazzle|atk|1\n|-boost|p2b: Arcanine|atk|1\n|\n|-heal|p1b: Oranguru|82\/100|[from] item: Leftovers\n|upkeep\n|turn|2\n|\n|t:|1698031821\n|-terastallize|p2a: Salazzle|Dragon\n|move|p1b: Oranguru|Protect|p1b: Oranguru\n|-singleturn|p1b: Oranguru|Protect\n|move|p2a: Salazzle|Dragon Claw|p1a: Sableye\n|-damage|p1a: Sableye|65\/100\n|-enditem|p1a: Sableye|Eject Button\n|\n|t:|1698031832\n|switch|p1a: Ursaluna|Ursaluna, F|100\/100\n|move|p2b: Arcanine|Howl|p2b: Arcanine|[spread] p2a,p2b\n|-boost|p2a: Salazzle|atk|1\n|-boost|p2b: Arcanine|atk|1\n|\n|-heal|p1b: Oranguru|88\/100|[from] item: Leftovers\n|-status|p1a: Ursaluna|brn|[from] item: Flame Orb\n|upkeep\n|turn|3\n|\n|t:|1698031848\n|-terastallize|p1a: Ursaluna|Normal\n|move|p1b: Oranguru|After You|p1a: Ursaluna\n|-activate|p1a: Ursaluna|move: After You\n|move|p1a: Ursaluna|Facade|p2a: Salazzle\n|-damage|p2a: Salazzle|0 fnt\n|faint|p2a: Salazzle\n|move|p2b: Arcanine|Fire Fang|p1a: Ursaluna\n|-damage|p1a: Ursaluna|60\/100 brn\n|\n|-heal|p1b: Oranguru|94\/100|[from] item: Leftovers\n|-damage|p1a: Ursaluna|54\/100 brn|[from] brn\n|upkeep\n|\n|t:|1698031858\n|switch|p2a: Pawmot|Pawmot, M|100\/100\n|turn|4\n|\n|t:|1698031870\n|move|p2a: Pawmot|Mach Punch|p1a: Ursaluna\n|-supereffective|p1a: Ursaluna\n|-damage|p1a: Ursaluna|14\/100 brn\n|-damage|p2a: Pawmot|91\/100|[from] item: Life Orb\n|move|p1b: Oranguru|Instruct|p1a: Ursaluna\n|-singleturn|p1a: Ursaluna|move: Instruct|[of] p1b: Oranguru\n|move|p1a: Ursaluna|Facade|p2a: Pawmot\n|-damage|p2a: Pawmot|0 fnt\n|faint|p2a: Pawmot\n|move|p2b: Arcanine|Howl|p2b: Arcanine\n|-boost|p2b: Arcanine|atk|1\n|move|p1a: Ursaluna|Play Rough|p2b: Arcanine\n|-resisted|p2b: Arcanine\n|-damage|p2b: Arcanine|73\/100\n|\n|-heal|p1b: Oranguru|99\/100|[from] item: Leftovers\n|-damage|p1a: Ursaluna|8\/100 brn|[from] brn\n|upkeep\n|\n|t:|1698031882\n|switch|p2a: Sandslash|Sandslash-Alola, M|100\/100\n|turn|5\n|\n|t:|1698031894\n|move|p2b: Arcanine|Extreme Speed|p1b: Oranguru\n|-end|p1b: Oranguru|Substitute\n|move|p1b: Oranguru|After You|p1a: Ursaluna\n|-activate|p1a: Ursaluna|move: After You\n|move|p1a: Ursaluna|Earthquake|p2a: Sandslash|[spread] p1b,p2a,p2b\n|-supereffective|p2a: Sandslash\n|-supereffective|p2b: Arcanine\n|-damage|p1b: Oranguru|29\/100\n|-damage|p2a: Sandslash|0 fnt\n|-damage|p2b: Arcanine|0 fnt\n|faint|p2a: Sandslash\n|faint|p2b: Arcanine\n|\n|-heal|p1b: Oranguru|35\/100|[from] item: Leftovers\n|-damage|p1a: Ursaluna|2\/100 brn|[from] brn\n|upkeep\n|\n|t:|1698031901\n|switch|p2b: Lilligant|Lilligant-Hisui, F|100\/100\n|switch|p2a: Abomasnow|Abomasnow, M, shiny|100\/100\n|-weather|Snow|[from] ability: Snow Warning|[of] p2a: Abomasnow\n|turn|6\n|\n|t:|1698031910\n|move|p2b: Lilligant|Protect|p2b: Lilligant\n|-singleturn|p2b: Lilligant|Protect\n|move|p1b: Oranguru|After You|p1a: Ursaluna\n|-activate|p1a: Ursaluna|move: After You\n|move|p1a: Ursaluna|Earthquake|p2b: Lilligant|[spread] p1b,p2a\n|-activate|p2b: Lilligant|move: Protect\n|-resisted|p2a: Abomasnow\n|-damage|p1b: Oranguru|0 fnt\n|-damage|p2a: Abomasnow|76\/100\n|faint|p1b: Oranguru\n|move|p2a: Abomasnow|Blizzard|p1a: Ursaluna\n|-damage|p1a: Ursaluna|0 fnt\n|faint|p1a: Ursaluna\n|\n|-weather|Snow|[upkeep]\n|upkeep\n|\n|t:|1698031921\n|switch|p1b: Manaphy|Manaphy|100\/100\n|switch|p1a: Tornadus|Tornadus, M|100\/100\n|turn|7\n|\n|t:|1698031936\n|move|p1a: Tornadus|Rain Dance|p1a: Tornadus\n|-weather|RainDance\n|move|p1b: Manaphy|Tail Glow|p1b: Manaphy\n|-boost|p1b: Manaphy|spa|3\n|move|p2b: Lilligant|Axe Kick|p1b: Manaphy|[miss]\n|-miss|p2b: Lilligant|p1b: Manaphy\n|-damage|p2b: Lilligant|51\/100|[from] highjumpkick\n|move|p2a: Abomasnow|Blizzard|p1b: Manaphy|[spread] p1b\n|-miss|p2a: Abomasnow|p1a: Tornadus\n|-resisted|p1b: Manaphy\n|-damage|p1b: Manaphy|88\/100\n|\n|-weather|RainDance|[upkeep]\n|upkeep\n|turn|8\n|inactive|Battle timer is ON: inactive players will automatically lose when time's up. (requested by blueslushpop)\n|\n|t:|1698031990\n|move|p1a: Tornadus|Hurricane|p2b: Lilligant\n|-supereffective|p2b: Lilligant\n|-damage|p2b: Lilligant|0 fnt\n|faint|p2b: Lilligant\n|move|p1b: Manaphy|Hydro Pump|p2a: Abomasnow\n|-resisted|p2a: Abomasnow\n|-damage|p2a: Abomasnow|0 fnt\n|faint|p2a: Abomasnow\n|-damage|p1b: Manaphy|78\/100|[from] item: Life Orb\n|\n|win|Abowlofmagnemites\n|raw|Abowlofmagnemites's rating: 1075 &rarr; <strong>1098<\/strong><br \/>(+23 for winning)\n|raw|blueslushpop's rating: 1009 &rarr; <strong>1000<\/strong><br \/>(-9 for losing)\n|l|\u2606blueslushpop\n","uploadtime":1698032025,"views":16,"p1id":"abowlofmagnemites","p2id":"blueslushpop","formatid":"gen9doublesou","rating":1000,"private":0,"password":""}