{"id":"gen9doublesou-1994951325","p1":"mikeyuwu","p2":"Vaiythe","format":"[Gen 9] Doubles OU","log":"|j|\u2606mikeyuwu\n|j|\u2606Vaiythe\n|t:|1700507501\n|gametype|doubles\n|player|p1|mikeyuwu|psychic-gen4|1216\n|player|p2|Vaiythe|shadowtriad|1319\n|teamsize|p1|6\n|teamsize|p2|6\n|gen|9\n|tier|[Gen 9] Doubles OU\n|rated|\n|rule|Species Clause: Limit one of each Pok\u00e9mon\n|rule|OHKO Clause: OHKO moves are banned\n|rule|Evasion Moves Clause: Evasion moves are banned\n|rule|Gravity Sleep Clause: The combination of sleep-inducing moves with imperfect accuracy and Gravity or Gigantamax Orbeetle are banned\n|rule|Endless Battle Clause: Forcing endless battles is banned\n|rule|HP Percentage Mod: HP is shown in percentages\n|clearpoke\n|poke|p1|Garchomp, M|\n|poke|p1|Tyranitar, F|\n|poke|p1|Vaporeon, F|\n|poke|p1|Toxicroak, M|\n|poke|p1|Pelipper, F|\n|poke|p1|Abomasnow, M|\n|poke|p2|Ogerpon-Hearthflame, F|\n|poke|p2|Sinistcha-Masterpiece|\n|poke|p2|Dipplin, F|\n|poke|p2|Volcanion|\n|poke|p2|Fezandipiti, M|\n|poke|p2|Iron Hands|\n|teampreview\n|\n|t:|1700507509\n|start\n|switch|p1a: Extra Spicy|Garchomp, M|100\/100\n|switch|p1b: Cold Shoulder|Abomasnow, M, shiny|100\/100\n|switch|p2a: Dipplin|Dipplin, F, shiny|100\/100\n|switch|p2b: Volcanion|Volcanion|100\/100\n|-weather|Snow|[from] ability: Snow Warning|[of] p1b: Cold Shoulder\n|-ability|p2a: Dipplin|Supersweet Syrup\n|-ability|p2a: Dipplin|Supersweet Syrup|boost\n|-unboost|p1a: Extra Spicy|evasion|1\n|-unboost|p1b: Cold Shoulder|evasion|1\n|turn|1\n|\n|t:|1700507524\n|switch|p1a: ThcrThnSnkr|Tyranitar, F|100\/100\n|-weather|Sandstorm|[from] ability: Sand Stream|[of] p1a: ThcrThnSnkr\n|switch|p1b: Harmacy|Vaporeon, F|100\/100\n|move|p2b: Volcanion|Steam Eruption|p1a: ThcrThnSnkr\n|-supereffective|p1a: ThcrThnSnkr\n|-damage|p1a: ThcrThnSnkr|39\/100\n|-status|p1a: ThcrThnSnkr|brn\n|move|p2a: Dipplin|Dragon Breath|p1a: ThcrThnSnkr\n|-damage|p1a: ThcrThnSnkr|31\/100 brn\n|\n|-weather|Sandstorm|[upkeep]\n|-damage|p2b: Volcanion|94\/100|[from] Sandstorm\n|-damage|p1b: Harmacy|94\/100|[from] Sandstorm\n|-damage|p2a: Dipplin|94\/100|[from] Sandstorm\n|-heal|p1b: Harmacy|100\/100|[from] item: Leftovers\n|-heal|p2a: Dipplin|100\/100|[from] item: Leftovers\n|-damage|p1a: ThcrThnSnkr|25\/100 brn|[from] brn\n|upkeep\n|turn|2\n|\n|t:|1700507546\n|switch|p1a: OTLHPM|Toxicroak, M|100\/100\n|move|p2b: Volcanion|Steam Eruption|p1a: OTLHPM\n|-immune|p1a: OTLHPM|[from] ability: Dry Skin\n|move|p1b: Harmacy|Weather Ball|p2b: Volcanion\n|-supereffective|p2b: Volcanion\n|-damage|p2b: Volcanion|47\/100\n|move|p2a: Dipplin|Syrup Bomb|p1b: Harmacy\n|-supereffective|p1b: Harmacy\n|-damage|p1b: Harmacy|54\/100\n|-start|p1b: Harmacy|Syrup Bomb\n|\n|-weather|Sandstorm|[upkeep]\n|-damage|p1a: OTLHPM|94\/100|[from] Sandstorm\n|-damage|p2b: Volcanion|40\/100|[from] Sandstorm\n|-damage|p1b: Harmacy|48\/100|[from] Sandstorm\n|-damage|p2a: Dipplin|94\/100|[from] Sandstorm\n|-heal|p1a: OTLHPM|100\/100|[from] item: Black Sludge\n|-heal|p1b: Harmacy|54\/100|[from] item: Leftovers\n|-heal|p2a: Dipplin|100\/100|[from] item: Leftovers\n|-unboost|p1b: Harmacy|spe|1\n|upkeep\n|turn|3\n|\n|t:|1700507576\n|switch|p2b: Fezandipiti|Fezandipiti, M|100\/100\n|move|p1a: OTLHPM|Earthquake|p2a: Dipplin|[spread] p1b,p2a,p2b\n|-resisted|p2a: Dipplin\n|-supereffective|p2b: Fezandipiti\n|-damage|p1b: Harmacy|36\/100\n|-damage|p2a: Dipplin|89\/100\n|-damage|p2b: Fezandipiti|46\/100\n|move|p1b: Harmacy|Icy Wind|p2a: Dipplin|[spread] p2a,p2b\n|-supereffective|p2a: Dipplin\n|-crit|p2a: Dipplin\n|-damage|p2a: Dipplin|18\/100\n|-damage|p2b: Fezandipiti|39\/100\n|-unboost|p2a: Dipplin|spe|1\n|-unboost|p2b: Fezandipiti|spe|1\n|move|p2a: Dipplin|Syrup Bomb|p1a: OTLHPM\n|-resisted|p1a: OTLHPM\n|-damage|p1a: OTLHPM|84\/100\n|-start|p1a: OTLHPM|Syrup Bomb\n|\n|-weather|Sandstorm|[upkeep]\n|-damage|p1a: OTLHPM|77\/100|[from] Sandstorm\n|-damage|p2b: Fezandipiti|33\/100|[from] Sandstorm\n|-damage|p1b: Harmacy|30\/100|[from] Sandstorm\n|-damage|p2a: Dipplin|12\/100|[from] Sandstorm\n|-heal|p1a: OTLHPM|84\/100|[from] item: Black Sludge\n|-heal|p1b: Harmacy|36\/100|[from] item: Leftovers\n|-heal|p2a: Dipplin|18\/100|[from] item: Leftovers\n|-unboost|p1a: OTLHPM|spe|1\n|-unboost|p1b: Harmacy|spe|1\n|upkeep\n|turn|4\n|\n|t:|1700507604\n|switch|p1b: Weather War|Pelipper, F|100\/100\n|-weather|RainDance|[from] ability: Drizzle|[of] p1b: Weather War\n|move|p2b: Fezandipiti|Dazzling Gleam|p1a: OTLHPM|[spread] p1a,p1b\n|-damage|p1a: OTLHPM|56\/100\n|-damage|p1b: Weather War|65\/100\n|-status|p1b: Weather War|tox|[from] ability: Toxic Chain|[of] p2b: Fezandipiti\n|move|p1a: OTLHPM|Poison Jab|p2a: Dipplin\n|-supereffective|p2a: Dipplin\n|-damage|p2a: Dipplin|0 fnt\n|faint|p2a: Dipplin\n|\n|-weather|RainDance|[upkeep]\n|-heal|p1a: OTLHPM|68\/100|[from] ability: Dry Skin\n|-heal|p1a: OTLHPM|74\/100|[from] item: Black Sludge\n|-damage|p1b: Weather War|59\/100 tox|[from] psn\n|-unboost|p1a: OTLHPM|spe|1\n|upkeep\n|\n|t:|1700507621\n|switch|p2a: Sinistcha|Sinistcha-Masterpiece, shiny|100\/100\n|-heal|p2b: Fezandipiti|58\/100|[from] ability: Hospitality|[of] p2a: Sinistcha\n|turn|5\n|\n|t:|1700507631\n|switch|p1b: Cold Shoulder|Abomasnow, M, shiny|100\/100\n|-weather|Snow|[from] ability: Snow Warning|[of] p1b: Cold Shoulder\n|move|p2a: Sinistcha|Matcha Gotcha|p1a: OTLHPM|[spread] p1a,p1b\n|-resisted|p1a: OTLHPM\n|-resisted|p1b: Cold Shoulder\n|-damage|p1a: OTLHPM|60\/100\n|-damage|p1b: Cold Shoulder|87\/100\n|-status|p1b: Cold Shoulder|brn\n|move|p2b: Fezandipiti|Tailwind|p2b: Fezandipiti\n|-sidestart|p2: Vaiythe|move: Tailwind\n|move|p1a: OTLHPM|Earthquake|p2b: Fezandipiti|[spread] p1b,p2a,p2b\n|-resisted|p1b: Cold Shoulder\n|-resisted|p2a: Sinistcha\n|-supereffective|p2b: Fezandipiti\n|-damage|p1b: Cold Shoulder|80\/100 brn\n|-damage|p2a: Sinistcha|90\/100\n|-damage|p2b: Fezandipiti|3\/100\n|\n|-weather|Snow|[upkeep]\n|-heal|p2a: Sinistcha|96\/100|[from] item: Leftovers\n|-heal|p1a: OTLHPM|66\/100|[from] item: Black Sludge\n|-damage|p1b: Cold Shoulder|74\/100 brn|[from] brn\n|-unboost|p1a: OTLHPM|spe|1\n|upkeep\n|turn|6\n|\n|t:|1700507660\n|switch|p2a: Iron Hands|Iron Hands|100\/100\n|move|p2b: Fezandipiti|Roost|p2b: Fezandipiti\n|-heal|p2b: Fezandipiti|53\/100\n|-singleturn|p2b: Fezandipiti|move: Roost\n|move|p1b: Cold Shoulder|Blizzard|p2b: Fezandipiti|[spread] p2a,p2b\n|-damage|p2a: Iron Hands|84\/100\n|-damage|p2b: Fezandipiti|30\/100\n|move|p1a: OTLHPM|Poison Jab|p2a: Iron Hands\n|-damage|p2a: Iron Hands|61\/100\n|-status|p2a: Iron Hands|psn\n|\n|-weather|Snow|[upkeep]\n|-heal|p1a: OTLHPM|72\/100|[from] item: Black Sludge\n|-damage|p2a: Iron Hands|48\/100 psn|[from] psn\n|-damage|p1b: Cold Shoulder|68\/100 brn|[from] brn\n|-end|p1a: OTLHPM|Syrup Bomb|[silent]\n|upkeep\n|turn|7\n|\n|t:|1700507681\n|switch|p1b: Weather War|Pelipper, F|59\/100 tox\n|-weather|RainDance|[from] ability: Drizzle|[of] p1b: Weather War\n|move|p2a: Iron Hands|Fake Out|p1a: OTLHPM\n|-damage|p1a: OTLHPM|51\/100\n|move|p2b: Fezandipiti|Sludge Bomb|p1b: Weather War\n|-damage|p1b: Weather War|8\/100 tox\n|cant|p1a: OTLHPM|flinch\n|\n|-weather|RainDance|[upkeep]\n|-heal|p1a: OTLHPM|63\/100|[from] ability: Dry Skin\n|-heal|p1a: OTLHPM|70\/100|[from] item: Black Sludge\n|-damage|p2a: Iron Hands|36\/100 psn|[from] psn\n|-damage|p1b: Weather War|2\/100 tox|[from] psn\n|upkeep\n|turn|8\n|\n|t:|1700507712\n|switch|p1b: Extra Spicy|Garchomp, M|100\/100\n|move|p2b: Fezandipiti|Roost|p2b: Fezandipiti\n|-heal|p2b: Fezandipiti|80\/100\n|-singleturn|p2b: Fezandipiti|move: Roost\n|move|p2a: Iron Hands|Drain Punch|p1a: OTLHPM\n|-resisted|p1a: OTLHPM\n|-damage|p1a: OTLHPM|38\/100\n|-heal|p2a: Iron Hands|46\/100 psn|[from] drain|[of] p1a: OTLHPM\n|move|p1a: OTLHPM|Earthquake|p2b: Fezandipiti|[spread] p1b,p2a,p2b\n|-supereffective|p2a: Iron Hands\n|-supereffective|p2b: Fezandipiti\n|-damage|p1b: Extra Spicy|85\/100\n|-damage|p2a: Iron Hands|12\/100 psn\n|-damage|p2b: Fezandipiti|27\/100\n|\n|-weather|RainDance|[upkeep]\n|-heal|p1a: OTLHPM|51\/100|[from] ability: Dry Skin\n|-heal|p1a: OTLHPM|57\/100|[from] item: Black Sludge\n|-damage|p2a: Iron Hands|0 fnt|[from] psn\n|faint|p2a: Iron Hands\n|-end|p2a: Iron Hands|Quark Drive|[silent]\n|-sideend|p2: Vaiythe|move: Tailwind\n|upkeep\n|\n|t:|1700507736\n|switch|p2a: Sinistcha|Sinistcha-Masterpiece, shiny|96\/100\n|-heal|p2b: Fezandipiti|52\/100|[from] ability: Hospitality|[of] p2a: Sinistcha\n|turn|9\n|\n|t:|1700507743\n|move|p1b: Extra Spicy|Poison Jab|p2b: Fezandipiti\n|-damage|p2b: Fezandipiti|27\/100\n|move|p2a: Sinistcha|Matcha Gotcha|p1a: OTLHPM|[spread] p1a,p1b\n|-resisted|p1a: OTLHPM\n|-damage|p1a: OTLHPM|41\/100\n|-heal|p2a: Sinistcha|100\/100|[from] drain|[of] p1a: OTLHPM\n|-damage|p1b: Extra Spicy|59\/100\n|move|p2b: Fezandipiti|Dazzling Gleam|p1a: OTLHPM|[spread] p1a,p1b\n|-supereffective|p1b: Extra Spicy\n|-damage|p1a: OTLHPM|11\/100\n|-damage|p1b: Extra Spicy|20\/100\n|move|p1a: OTLHPM|Poison Jab|p2b: Fezandipiti\n|-damage|p2b: Fezandipiti|0 fnt\n|faint|p2b: Fezandipiti\n|\n|-weather|RainDance|[upkeep]\n|-heal|p1a: OTLHPM|23\/100|[from] ability: Dry Skin\n|-heal|p1a: OTLHPM|30\/100|[from] item: Black Sludge\n|upkeep\n|\n|t:|1700507762\n|switch|p2b: Ogerpon|Ogerpon-Hearthflame, F|100\/100\n|-ability|p2b: Ogerpon|Mold Breaker\n|turn|10\n|\n|t:|1700507769\n|-terastallize|p2b: Ogerpon|Fire\n|detailschange|p2b: Ogerpon|Ogerpon-Hearthflame-Tera, F, tera:Fire\n|-ability|p2b: Ogerpon|Embody Aspect (Hearthflame)|boost\n|-boost|p2b: Ogerpon|atk|1\n|move|p2b: Ogerpon|Spiky Shield|p2b: Ogerpon\n|-singleturn|p2b: Ogerpon|move: Protect\n|move|p1b: Extra Spicy|Poison Jab|p2b: Ogerpon\n|-activate|p2b: Ogerpon|move: Protect\n|-damage|p1b: Extra Spicy|8\/100|[from] Spiky Shield|[of] p2b: Ogerpon\n|move|p2a: Sinistcha|Matcha Gotcha|p1b: Extra Spicy|[spread] p1a,p1b\n|-resisted|p1a: OTLHPM\n|-damage|p1a: OTLHPM|14\/100\n|-damage|p1b: Extra Spicy|0 fnt\n|faint|p1b: Extra Spicy\n|move|p1a: OTLHPM|Poison Jab|p2b: Ogerpon\n|-activate|p2b: Ogerpon|move: Protect\n|-damage|p1a: OTLHPM|2\/100|[from] Spiky Shield|[of] p2b: Ogerpon\n|\n|-weather|RainDance|[upkeep]\n|-heal|p1a: OTLHPM|14\/100|[from] ability: Dry Skin\n|-heal|p1a: OTLHPM|20\/100|[from] item: Black Sludge\n|upkeep\n|\n|t:|1700507773\n|switch|p1b: Harmacy|Vaporeon, F|36\/100\n|turn|11\n|\n|t:|1700507794\n|-terastallize|p1b: Harmacy|Steel\n|move|p2b: Ogerpon|Horn Leech|p1b: Harmacy\n|-resisted|p1b: Harmacy\n|-damage|p1b: Harmacy|11\/100\n|move|p2a: Sinistcha|Matcha Gotcha|p1b: Harmacy|[spread] p1b\n|-miss|p2a: Sinistcha|p1a: OTLHPM\n|-resisted|p1b: Harmacy\n|-damage|p1b: Harmacy|1\/100\n|move|p1b: Harmacy|Weather Ball|p2b: Ogerpon\n|-supereffective|p2b: Ogerpon\n|-damage|p2b: Ogerpon|0 fnt\n|faint|p2b: Ogerpon\n|move|p1a: OTLHPM|Poison Jab|p2a: Sinistcha\n|-damage|p2a: Sinistcha|63\/100\n|\n|-weather|none\n|-heal|p2a: Sinistcha|69\/100|[from] item: Leftovers\n|-heal|p1b: Harmacy|7\/100|[from] item: Leftovers\n|-heal|p1a: OTLHPM|27\/100|[from] item: Black Sludge\n|upkeep\n|\n|t:|1700507813\n|switch|p2b: Volcanion|Volcanion|40\/100\n|turn|12\n|\n|t:|1700507827\n|switch|p1a: ThcrThnSnkr|Tyranitar, F|25\/100 brn\n|-weather|Sandstorm|[from] ability: Sand Stream|[of] p1a: ThcrThnSnkr\n|move|p2a: Sinistcha|Matcha Gotcha|p1a: ThcrThnSnkr|[spread] p1a,p1b\n|-supereffective|p1a: ThcrThnSnkr\n|-resisted|p1b: Harmacy\n|-damage|p1a: ThcrThnSnkr|8\/100 brn\n|-heal|p2a: Sinistcha|78\/100|[from] drain|[of] p1a: ThcrThnSnkr\n|-damage|p1b: Harmacy|0 fnt\n|-heal|p2a: Sinistcha|83\/100|[from] drain|[of] p1b: Harmacy\n|faint|p1b: Harmacy\n|move|p2b: Volcanion|Earth Power|p1a: ThcrThnSnkr\n|-supereffective|p1a: ThcrThnSnkr\n|-damage|p1a: ThcrThnSnkr|0 fnt\n|faint|p1a: ThcrThnSnkr\n|\n|-weather|Sandstorm|[upkeep]\n|-damage|p2b: Volcanion|34\/100|[from] Sandstorm\n|-damage|p2a: Sinistcha|77\/100|[from] Sandstorm\n|-heal|p2a: Sinistcha|83\/100|[from] item: Leftovers\n|upkeep\n|\n|t:|1700507832\n|switch|p1a: OTLHPM|Toxicroak, M|27\/100\n|switch|p1b: Cold Shoulder|Abomasnow, M, shiny|68\/100 brn\n|-weather|Snow|[from] ability: Snow Warning|[of] p1b: Cold Shoulder\n|turn|13\n|\n|t:|1700507864\n|move|p2a: Sinistcha|Rage Powder|p2a: Sinistcha\n|-singleturn|p2a: Sinistcha|move: Rage Powder\n|move|p1a: OTLHPM|Earthquake|p2b: Volcanion|[spread] p1b,p2a,p2b\n|-resisted|p1b: Cold Shoulder\n|-resisted|p2a: Sinistcha\n|-supereffective|p2b: Volcanion\n|-damage|p1b: Cold Shoulder|61\/100 brn\n|-damage|p2a: Sinistcha|72\/100\n|-damage|p2b: Volcanion|0 fnt\n|faint|p2b: Volcanion\n|move|p1b: Cold Shoulder|Giga Drain|p2a: Sinistcha\n|-resisted|p2a: Sinistcha\n|-damage|p2a: Sinistcha|58\/100\n|-heal|p1b: Cold Shoulder|68\/100 brn|[from] drain|[of] p2a: Sinistcha\n|\n|-weather|Snow|[upkeep]\n|-heal|p1a: OTLHPM|33\/100|[from] item: Black Sludge\n|-heal|p2a: Sinistcha|64\/100|[from] item: Leftovers\n|-damage|p1b: Cold Shoulder|62\/100 brn|[from] brn\n|upkeep\n|turn|14\n|\n|t:|1700507872\n|move|p1a: OTLHPM|Sunny Day|p1a: OTLHPM\n|-weather|SunnyDay\n|move|p2a: Sinistcha|Matcha Gotcha|p1b: Cold Shoulder|[spread] p1a,p1b\n|-resisted|p1a: OTLHPM\n|-resisted|p1b: Cold Shoulder\n|-damage|p1a: OTLHPM|17\/100\n|-heal|p2a: Sinistcha|73\/100|[from] drain|[of] p1a: OTLHPM\n|-damage|p1b: Cold Shoulder|47\/100 brn\n|-heal|p2a: Sinistcha|81\/100|[from] drain|[of] p1b: Cold Shoulder\n|move|p1b: Cold Shoulder|Weather Ball|p2a: Sinistcha\n|-supereffective|p2a: Sinistcha\n|-damage|p2a: Sinistcha|12\/100\n|\n|-weather|SunnyDay|[upkeep]\n|-damage|p1a: OTLHPM|4\/100|[from] ability: Dry Skin|[of] p1a: OTLHPM\n|-heal|p1a: OTLHPM|11\/100|[from] item: Black Sludge\n|-heal|p2a: Sinistcha|18\/100|[from] item: Leftovers\n|-damage|p1b: Cold Shoulder|41\/100 brn|[from] brn\n|upkeep\n|turn|15\n|c|\u2606mikeyuwu|Ggs\n|c|\u2606Vaiythe|gg\n|\n|t:|1700507889\n|move|p1a: OTLHPM|Sunny Day||[still]\n|-fail|p1a: OTLHPM\n|move|p2a: Sinistcha|Matcha Gotcha|p1a: OTLHPM|[spread] p1a,p1b\n|-resisted|p1a: OTLHPM\n|-resisted|p1b: Cold Shoulder\n|-damage|p1a: OTLHPM|0 fnt\n|-heal|p2a: Sinistcha|24\/100|[from] drain|[of] p1a: OTLHPM\n|-damage|p1b: Cold Shoulder|26\/100 brn\n|-heal|p2a: Sinistcha|32\/100|[from] drain|[of] p1b: Cold Shoulder\n|faint|p1a: OTLHPM\n|move|p1b: Cold Shoulder|Weather Ball|p2a: Sinistcha\n|-supereffective|p2a: Sinistcha\n|-damage|p2a: Sinistcha|0 fnt\n|faint|p2a: Sinistcha\n|\n|win|mikeyuwu\n|raw|mikeyuwu's rating: 1216 &rarr; <strong>1248<\/strong><br \/>(+32 for winning)\n|raw|Vaiythe's rating: 1319 &rarr; <strong>1293<\/strong><br \/>(-26 for losing)\n|l|\u2606Vaiythe\n","uploadtime":1700507910,"views":3,"p1id":"mikeyuwu","p2id":"vaiythe","formatid":"gen9doublesou","rating":1248,"private":0,"password":""}