{"id":"gen9doublesou-1991128464","p1":"4zazels","p2":"Kondroid","format":"[Gen 9] Doubles OU","log":"|j|\u26064zazels\n|j|\u2606Kondroid\n|t:|1700047270\n|gametype|doubles\n|player|p1|4zazels|hugh|1166\n|player|p2|Kondroid|hilbert-wonderlauncher|1201\n|teamsize|p1|6\n|teamsize|p2|6\n|gen|9\n|tier|[Gen 9] Doubles OU\n|rated|\n|rule|Species Clause: Limit one of each Pok\u00e9mon\n|rule|OHKO Clause: OHKO moves are banned\n|rule|Evasion Moves Clause: Evasion moves are banned\n|rule|Gravity Sleep Clause: The combination of sleep-inducing moves with imperfect accuracy and Gravity or Gigantamax Orbeetle are banned\n|rule|Endless Battle Clause: Forcing endless battles is banned\n|rule|HP Percentage Mod: HP is shown in percentages\n|clearpoke\n|poke|p1|Meowscarada, F|\n|poke|p1|Maushold|\n|poke|p1|Gholdengo|\n|poke|p1|Chien-Pao|\n|poke|p1|Sylveon, M|\n|poke|p1|Dragonite, M|\n|poke|p2|Baxcalibur, F|\n|poke|p2|Ninetales-Alola, M|\n|poke|p2|Sinistcha|\n|poke|p2|Goodra-Hisui, M|\n|poke|p2|Zapdos|\n|poke|p2|Ogerpon-Hearthflame, F|\n|teampreview\n|inactive|Battle timer is ON: inactive players will automatically lose when time's up. (requested by Kondroid)\n|\n|t:|1700047282\n|start\n|switch|p1a: Chien-Pao|Chien-Pao|100\/100\n|switch|p1b: Maushold|Maushold, shiny|100\/100\n|switch|p2a: Baxcalibur|Baxcalibur, F|100\/100\n|switch|p2b: Ninetales|Ninetales-Alola, M|100\/100\n|-ability|p1a: Chien-Pao|Sword of Ruin\n|-weather|Snow|[from] ability: Snow Warning|[of] p2b: Ninetales\n|turn|1\n|\n|t:|1700047306\n|move|p1a: Chien-Pao|Sacred Sword|p2a: Baxcalibur\n|-supereffective|p2a: Baxcalibur\n|-damage|p2a: Baxcalibur|31\/100\n|-damage|p1a: Chien-Pao|91\/100|[from] item: Life Orb\n|move|p1b: Maushold|Population Bomb|p2b: Ninetales\n|-damage|p2b: Ninetales|86\/100\n|-damage|p2b: Ninetales|70\/100\n|-damage|p2b: Ninetales|56\/100\n|-damage|p2b: Ninetales|40\/100\n|-damage|p2b: Ninetales|25\/100\n|-damage|p2b: Ninetales|9\/100\n|-damage|p2b: Ninetales|0 fnt\n|faint|p2b: Ninetales\n|-hitcount|p2: Ninetales|7\n|move|p2a: Baxcalibur|Scale Shot|p1b: Maushold\n|-damage|p1b: Maushold|70\/100\n|-damage|p1b: Maushold|39\/100\n|-damage|p1b: Maushold|6\/100\n|-damage|p1b: Maushold|0 fnt\n|faint|p1b: Maushold\n|-hitcount|p1: Maushold|4\n|-unboost|p2a: Baxcalibur|def|1\n|-boost|p2a: Baxcalibur|spe|1\n|\n|-weather|Snow|[upkeep]\n|-heal|p2a: Baxcalibur|37\/100|[from] ability: Ice Body\n|upkeep\n|inactive|4zazels has 120 seconds left.\n|inactive|Kondroid has 120 seconds left.\n|\n|t:|1700047338\n|switch|p1b: Dragonite|Dragonite, M|100\/100\n|switch|p2b: Sinistcha|Sinistcha|100\/100\n|-heal|p2a: Baxcalibur|62\/100|[from] ability: Hospitality|[of] p2b: Sinistcha\n|turn|2\n|\n|t:|1700047355\n|-terastallize|p1b: Dragonite|Normal\n|move|p2a: Baxcalibur|Protect|p2a: Baxcalibur\n|-singleturn|p2a: Baxcalibur|Protect\n|move|p1a: Chien-Pao|Ice Spinner|p2b: Sinistcha\n|-supereffective|p2b: Sinistcha\n|-damage|p2b: Sinistcha|0 fnt\n|faint|p2b: Sinistcha\n|-damage|p1a: Chien-Pao|81\/100|[from] item: Life Orb\n|move|p1b: Dragonite|Dragon Dance|p1b: Dragonite\n|-boost|p1b: Dragonite|atk|1\n|-boost|p1b: Dragonite|spe|1\n|\n|-weather|Snow|[upkeep]\n|-heal|p2a: Baxcalibur|68\/100|[from] ability: Ice Body\n|upkeep\n|inactive|Kondroid has 120 seconds left.\n|\n|t:|1700047372\n|switch|p2b: Zapdos|Zapdos|100\/100\n|turn|3\n|\n|t:|1700047383\n|-terastallize|p2a: Baxcalibur|Ice\n|move|p1b: Dragonite|Extreme Speed|p2a: Baxcalibur\n|-damage|p2a: Baxcalibur|0 fnt\n|faint|p2a: Baxcalibur\n|move|p1a: Chien-Pao|Ice Spinner|p2b: Zapdos\n|-supereffective|p2b: Zapdos\n|-damage|p2b: Zapdos|0 fnt\n|-damage|p1a: Chien-Pao|64\/100|[from] item: Rocky Helmet|[of] p2b: Zapdos\n|-status|p1a: Chien-Pao|par|[from] ability: Static|[of] p2b: Zapdos\n|faint|p2b: Zapdos\n|-damage|p1a: Chien-Pao|54\/100 par|[from] item: Life Orb\n|\n|-weather|Snow|[upkeep]\n|upkeep\n|\n|t:|1700047393\n|switch|p2b: Ogerpon|Ogerpon-Hearthflame, F|100\/100\n|switch|p2a: Goodra|Goodra-Hisui, M|100\/100\n|-ability|p2b: Ogerpon|Mold Breaker\n|turn|4\n|\n|t:|1700047420\n|move|p1b: Dragonite|Extreme Speed|p2b: Ogerpon\n|-damage|p2b: Ogerpon|0 fnt\n|faint|p2b: Ogerpon\n|cant|p1a: Chien-Pao|par\n|move|p2a: Goodra|Blizzard|p1a: Chien-Pao|[spread] p1a,p1b\n|-resisted|p1a: Chien-Pao\n|-damage|p1a: Chien-Pao|32\/100 par\n|-damage|p1b: Dragonite|86\/100\n|\n|-weather|Snow|[upkeep]\n|upkeep\n|turn|5\n|\n|t:|1700047435\n|move|p1b: Dragonite|Fire Punch|p2a: Goodra\n|-damage|p2a: Goodra|50\/100\n|cant|p1a: Chien-Pao|par\n|move|p2a: Goodra|Blizzard|p1a: Chien-Pao|[spread] p1a,p1b\n|-resisted|p1a: Chien-Pao\n|-damage|p1a: Chien-Pao|10\/100 par\n|-damage|p1b: Dragonite|54\/100\n|\n|-weather|Snow|[upkeep]\n|upkeep\n|turn|6\n|\n|t:|1700047440\n|move|p1b: Dragonite|Fire Punch|p2a: Goodra\n|-damage|p2a: Goodra|0 fnt\n|faint|p2a: Goodra\n|\n|win|4zazels\n|raw|4zazels's rating: 1166 &rarr; <strong>1194<\/strong><br \/>(+28 for winning)\n|raw|Kondroid's rating: 1201 &rarr; <strong>1173<\/strong><br \/>(-28 for losing)\n","uploadtime":1700047447,"views":10,"p1id":"4zazels","p2id":"kondroid","formatid":"gen9doublesou","rating":1173,"private":0,"password":""}