{"id":"gen9doublesou-1989469848","p1":"Nesugosu","p2":"dorrie_","format":"[Gen 9] Doubles OU","log":"|j|\u2606Nesugosu\n|j|\u2606dorrie_\n|t:|1699855553\n|gametype|doubles\n|player|p1|Nesugosu|pokemonbreeder-gen4|1268\n|player|p2|dorrie_|blue|1242\n|teamsize|p1|6\n|teamsize|p2|6\n|gen|9\n|tier|[Gen 9] Doubles OU\n|rated|\n|rule|Species Clause: Limit one of each Pok\u00e9mon\n|rule|OHKO Clause: OHKO moves are banned\n|rule|Evasion Moves Clause: Evasion moves are banned\n|rule|Gravity Sleep Clause: The combination of sleep-inducing moves with imperfect accuracy and Gravity or Gigantamax Orbeetle are banned\n|rule|Endless Battle Clause: Forcing endless battles is banned\n|rule|HP Percentage Mod: HP is shown in percentages\n|clearpoke\n|poke|p1|Zoroark-Hisui, M|\n|poke|p1|Chi-Yu|\n|poke|p1|Sandy Shocks|\n|poke|p1|Sinistcha-Masterpiece|\n|poke|p1|Staraptor, F|\n|poke|p1|Cinderace, M|\n|poke|p2|Roaring Moon|\n|poke|p2|Landorus, M|\n|poke|p2|Ribombee, M|\n|poke|p2|Politoed, M|\n|poke|p2|Barraskewda, F|\n|poke|p2|Amoonguss, M|\n|teampreview\n|inactive|Battle timer is ON: inactive players will automatically lose when time's up. (requested by Nesugosu)\n|l|\u2606Nesugosu\n|inactive|Nesugosu disconnected and has a minute to reconnect!\n|player|p1|\n|j|\u2606Nesugosu\n|inactive|Nesugosu reconnected and has 120 seconds left.\n|player|p1|Nesugosu|pokemonbreeder-gen4\n|\n|t:|1699855611\n|start\n|switch|p1a: Staraptor|Staraptor, F|100\/100\n|switch|p1b: Sandy Shocks|Sandy Shocks|100\/100\n|switch|p2a: Ribombee|Ribombee, M|100\/100\n|switch|p2b: Roaring Moon|Roaring Moon|100\/100\n|-ability|p1a: Staraptor|Intimidate|boost\n|-unboost|p2a: Ribombee|atk|1\n|-unboost|p2b: Roaring Moon|atk|1\n|-enditem|p2b: Roaring Moon|Booster Energy\n|-activate|p2b: Roaring Moon|ability: Protosynthesis|[fromitem]\n|-start|p2b: Roaring Moon|protosynthesisspe\n|turn|1\n|inactive|dorrie_ has 120 seconds left.\n|\n|t:|1699855643\n|move|p2a: Ribombee|Helping Hand|p2b: Roaring Moon\n|-singleturn|p2b: Roaring Moon|Helping Hand|[of] p2a: Ribombee\n|move|p2b: Roaring Moon|Knock Off|p1a: Staraptor\n|-damage|p1a: Staraptor|27\/100\n|-enditem|p1a: Staraptor|White Herb|[from] move: Knock Off|[of] p2b: Roaring Moon\n|move|p1b: Sandy Shocks|Thunderbolt|p2a: Ribombee\n|-damage|p2a: Ribombee|31\/100\n|move|p1a: Staraptor|Close Combat|p2b: Roaring Moon\n|-supereffective|p2b: Roaring Moon\n|-damage|p2b: Roaring Moon|9\/100\n|-unboost|p1a: Staraptor|def|1\n|-unboost|p1a: Staraptor|spd|1\n|\n|upkeep\n|turn|2\n|inactive|Nesugosu has 120 seconds left.\n|\n|t:|1699855692\n|move|p2b: Roaring Moon|Protect|p2b: Roaring Moon\n|-singleturn|p2b: Roaring Moon|Protect\n|move|p2a: Ribombee|Sticky Web|p1b: Sandy Shocks\n|-sidestart|p1: Nesugosu|move: Sticky Web\n|move|p1b: Sandy Shocks|Thunderbolt|p2b: Roaring Moon\n|-activate|p2b: Roaring Moon|move: Protect\n|move|p1a: Staraptor|Tailwind|p1a: Staraptor\n|-sidestart|p1: Nesugosu|move: Tailwind\n|\n|upkeep\n|turn|3\n|inactive|Nesugosu has 120 seconds left.\n|\n|t:|1699855719\n|move|p1b: Sandy Shocks|Volt Switch|p2b: Roaring Moon\n|-resisted|p2b: Roaring Moon\n|-damage|p2b: Roaring Moon|0 fnt\n|faint|p2b: Roaring Moon\n|-end|p2b: Roaring Moon|Protosynthesis|[silent]\n|\n|t:|1699855726\n|-end|p1b: Sandy Shocks|Protosynthesis|[silent]\n|switch|p1b: Cinderace|Cinderace, M|100\/100|[from] Volt Switch\n|move|p1a: Staraptor|Acrobatics|p2a: Ribombee\n|-supereffective|p2a: Ribombee\n|-damage|p2a: Ribombee|0 fnt\n|faint|p2a: Ribombee\n|\n|upkeep\n|\n|t:|1699855732\n|switch|p2a: Politoed|Politoed, M|100\/100\n|switch|p2b: Barraskewda|Barraskewda, F|100\/100\n|-weather|RainDance|[from] ability: Drizzle|[of] p2a: Politoed\n|turn|4\n|inactive|Nesugosu has 120 seconds left.\n|\n|t:|1699855760\n|move|p2b: Barraskewda|Liquidation|p1a: Staraptor\n|-crit|p1a: Staraptor\n|-damage|p1a: Staraptor|0 fnt\n|faint|p1a: Staraptor\n|move|p1b: Cinderace|Court Change|p1b: Cinderace\n|-start|p1b: Cinderace|typechange|Normal|[from] ability: Libero\n|-swapsideconditions\n|-activate|p1b: Cinderace|move: Court Change\n|move|p2a: Politoed|Muddy Water|p1b: Cinderace|[miss]\n|-miss|p2a: Politoed|p1b: Cinderace\n|\n|-weather|RainDance|[upkeep]\n|upkeep\n|\n|t:|1699855778\n|switch|p1a: Sandy Shocks|Sandy Shocks|100\/100\n|turn|5\n|inactive|Nesugosu has 120 seconds left.\n|\n|t:|1699855795\n|-terastallize|p1a: Sandy Shocks|Ice\n|move|p2b: Barraskewda|Liquidation|p1a: Sandy Shocks\n|-damage|p1a: Sandy Shocks|0 fnt\n|faint|p1a: Sandy Shocks\n|-end|p1a: Sandy Shocks|Protosynthesis|[silent]\n|move|p1b: Cinderace|U-turn|p2b: Barraskewda\n|-damage|p2b: Barraskewda|55\/100\n|\n|t:|1699855807\n|switch|p1b: Sinistcha|Sinistcha-Masterpiece|100\/100|[from] U-turn\n|move|p2a: Politoed|Muddy Water|p1b: Sinistcha|[miss]\n|-miss|p2a: Politoed|p1b: Sinistcha\n|\n|-weather|RainDance|[upkeep]\n|-sideend|p2: dorrie_|move: Tailwind\n|upkeep\n|\n|t:|1699855819\n|switch|p1a: Chi-Yu|Chi-Yu|100\/100\n|-ability|p1a: Chi-Yu|Beads of Ruin\n|turn|6\n|inactive|Nesugosu has 120 seconds left.\n|\n|t:|1699855824\n|move|p1a: Chi-Yu|Protect|p1a: Chi-Yu\n|-singleturn|p1a: Chi-Yu|Protect\n|move|p2b: Barraskewda|Liquidation|p1a: Chi-Yu\n|-activate|p1a: Chi-Yu|move: Protect\n|move|p1b: Sinistcha|Matcha Gotcha|p2b: Barraskewda|[spread] p2a,p2b\n|-supereffective|p2a: Politoed\n|-supereffective|p2b: Barraskewda\n|-crit|p2b: Barraskewda\n|-damage|p2a: Politoed|57\/100\n|-damage|p2b: Barraskewda|0 fnt\n|-status|p2a: Politoed|brn\n|faint|p2b: Barraskewda\n|move|p2a: Politoed|Muddy Water|p1a: Chi-Yu|[spread] p1b\n|-activate|p1a: Chi-Yu|move: Protect\n|-resisted|p1b: Sinistcha\n|-damage|p1b: Sinistcha|75\/100\n|\n|-weather|RainDance|[upkeep]\n|-heal|p1b: Sinistcha|81\/100|[from] item: Leftovers\n|-damage|p2a: Politoed|51\/100 brn|[from] brn\n|upkeep\n|\n|t:|1699855841\n|switch|p2b: Landorus|Landorus, M|100\/100\n|turn|7\n|\n|t:|1699855854\n|move|p1a: Chi-Yu|Dark Pulse|p2b: Landorus\n|-damage|p2b: Landorus|22\/100\n|cant|p2b: Landorus|flinch\n|move|p2a: Politoed|Muddy Water|p1a: Chi-Yu|[spread] p1a\n|-miss|p2a: Politoed|p1b: Sinistcha\n|-supereffective|p1a: Chi-Yu\n|-damage|p1a: Chi-Yu|26\/100\n|move|p1b: Sinistcha|Matcha Gotcha|p2b: Landorus|[spread] p2a,p2b\n|-supereffective|p2a: Politoed\n|-damage|p2a: Politoed|8\/100 brn\n|-heal|p1b: Sinistcha|100\/100|[from] drain|[of] p2a: Politoed\n|-damage|p2b: Landorus|0 fnt\n|faint|p2b: Landorus\n|\n|-weather|RainDance|[upkeep]\n|-heal|p1a: Chi-Yu|32\/100|[from] item: Leftovers\n|-damage|p2a: Politoed|2\/100 brn|[from] brn\n|upkeep\n|-message|dorrie_ forfeited.\n|\n|win|Nesugosu\n|raw|Nesugosu's rating: 1268 &rarr; <strong>1291<\/strong><br \/>(+23 for winning)\n|raw|dorrie_'s rating: 1242 &rarr; <strong>1219<\/strong><br \/>(-23 for losing)\n|l|\u2606dorrie_\n","uploadtime":1699855912,"views":7,"p1id":"nesugosu","p2id":"dorrie","formatid":"gen9doublesou","rating":1219,"private":0,"password":""}