{"id":"gen9doublesou-1992949341","p1":"willowowo","p2":"CoreSolis","format":"[Gen 9] Doubles OU","log":"|j|\u2606willowowo\n|j|\u2606CoreSolis\n|t:|1700249498\n|gametype|doubles\n|player|p1|willowowo|skierf-gen4dp|1070\n|player|p2|CoreSolis|pokemonrangerf|1000\n|teamsize|p1|6\n|teamsize|p2|6\n|gen|9\n|tier|[Gen 9] Doubles OU\n|rated|\n|rule|Species Clause: Limit one of each Pok\u00e9mon\n|rule|OHKO Clause: OHKO moves are banned\n|rule|Evasion Moves Clause: Evasion moves are banned\n|rule|Gravity Sleep Clause: The combination of sleep-inducing moves with imperfect accuracy and Gravity or Gigantamax Orbeetle are banned\n|rule|Endless Battle Clause: Forcing endless battles is banned\n|rule|HP Percentage Mod: HP is shown in percentages\n|clearpoke\n|poke|p1|Gastrodon, M|\n|poke|p1|Noivern, M|\n|poke|p1|Mimikyu, M|\n|poke|p1|Flutter Mane|\n|poke|p1|Diancie|\n|poke|p1|Vivillon, F|\n|poke|p2|Zoroark-Hisui, F|\n|poke|p2|Ribombee, M|\n|poke|p2|Meowscarada, F|\n|poke|p2|Sinistcha-Masterpiece|\n|poke|p2|Enamorus, F|\n|poke|p2|Murkrow, F|\n|teampreview\n|c|\u2606CoreSolis|glhf\n|\n|t:|1700249521\n|start\n|switch|p1a: silliest|Mimikyu, M|100\/100\n|switch|p1b: taste the powder|Vivillon, F|100\/100\n|switch|p2a: Murkrow|Murkrow, F, shiny|100\/100\n|switch|p2b: Enamorus|Enamorus, F|100\/100\n|turn|1\n|\n|t:|1700249547\n|move|p2a: Murkrow|Tailwind|p2a: Murkrow\n|-sidestart|p2: CoreSolis|move: Tailwind\n|move|p2b: Enamorus|Earth Power|p1a: silliest\n|-activate|p1a: silliest|ability: Disguise\n|-damage|p1a: silliest|100\/100\n|detailschange|p1a: silliest|Mimikyu-Busted, M\n|-damage|p1a: silliest|88\/100|[from] pokemon: Mimikyu-Busted\n|move|p1a: silliest|Substitute|p1a: silliest\n|-start|p1a: silliest|Substitute\n|-damage|p1a: silliest|63\/100\n|move|p1b: taste the powder|Tailwind|p1b: taste the powder\n|-sidestart|p1: willowowo|move: Tailwind\n|\n|-status|p2b: Enamorus|brn|[from] item: Flame Orb\n|upkeep\n|turn|2\n|\n|t:|1700249577\n|move|p2a: Murkrow|Thunder Wave|p1b: taste the powder\n|-status|p1b: taste the powder|par\n|move|p2b: Enamorus|Facade|p1b: taste the powder\n|-damage|p1b: taste the powder|35\/100 par\n|move|p1a: silliest|Substitute|p1a: silliest\n|-fail|p1a: silliest|move: Substitute\n|cant|p1b: taste the powder|par\n|\n|-damage|p2b: Enamorus|94\/100 brn|[from] brn\n|upkeep\n|turn|3\n|\n|t:|1700249604\n|move|p2a: Murkrow|Protect|p2a: Murkrow\n|-singleturn|p2a: Murkrow|Protect\n|move|p2b: Enamorus|Facade|p1b: taste the powder\n|-damage|p1b: taste the powder|0 fnt\n|faint|p1b: taste the powder\n|move|p1a: silliest|Bulk Up|p1a: silliest\n|-boost|p1a: silliest|atk|1\n|-boost|p1a: silliest|def|1\n|\n|-damage|p2b: Enamorus|88\/100 brn|[from] brn\n|upkeep\n|\n|t:|1700249618\n|switch|p1b: balls of steel|Diancie|100\/100\n|turn|4\n|\n|t:|1700249636\n|move|p2a: Murkrow|Thunder Wave|p1b: balls of steel\n|-status|p1b: balls of steel|par\n|move|p2b: Enamorus|Earth Power|p1a: silliest\n|-end|p1a: silliest|Substitute\n|move|p1a: silliest|Bulk Up|p1a: silliest\n|-boost|p1a: silliest|atk|1\n|-boost|p1a: silliest|def|1\n|move|p1b: balls of steel|Diamond Storm|p2a: Murkrow|[spread] p2a,p2b\n|-supereffective|p2a: Murkrow\n|-supereffective|p2b: Enamorus\n|-damage|p2a: Murkrow|15\/100\n|-damage|p2b: Enamorus|0 fnt\n|faint|p2b: Enamorus\n|\n|-sideend|p1: willowowo|move: Tailwind\n|-sideend|p2: CoreSolis|move: Tailwind\n|upkeep\n|\n|t:|1700249663\n|switch|p2b: Meowscarada|Meowscarada, F, shiny|100\/100\n|turn|5\n|\n|t:|1700249686\n|move|p2a: Murkrow|Tailwind|p2a: Murkrow\n|-sidestart|p2: CoreSolis|move: Tailwind\n|move|p2b: Meowscarada|Flower Trick|p1b: balls of steel\n|-start|p2b: Meowscarada|typechange|Grass|[from] ability: Protean\n|-supereffective|p1b: balls of steel\n|-crit|p1b: balls of steel\n|-damage|p1b: balls of steel|13\/100 par\n|move|p1a: silliest|Drain Punch|p2b: Meowscarada\n|-damage|p2b: Meowscarada|39\/100\n|-heal|p1a: silliest|99\/100|[from] drain|[of] p2b: Meowscarada\n|move|p1b: balls of steel|Dazzling Gleam|p2a: Murkrow|[spread] p2a,p2b\n|-supereffective|p2a: Murkrow\n|-damage|p2a: Murkrow|0 fnt\n|-damage|p2b: Meowscarada|19\/100\n|faint|p2a: Murkrow\n|\n|-heal|p1b: balls of steel|19\/100 par|[from] item: Leftovers\n|upkeep\n|\n|t:|1700249692\n|switch|p2a: Sinistcha|Sinistcha-Masterpiece, shiny|100\/100\n|-heal|p2b: Meowscarada|44\/100|[from] ability: Hospitality|[of] p2a: Sinistcha\n|turn|6\n|\n|t:|1700249724\n|move|p2b: Meowscarada|Flower Trick|p1b: balls of steel\n|-supereffective|p1b: balls of steel\n|-crit|p1b: balls of steel\n|-damage|p1b: balls of steel|0 fnt\n|faint|p1b: balls of steel\n|move|p2a: Sinistcha|Reflect|p2a: Sinistcha\n|-sidestart|p2: CoreSolis|Reflect\n|move|p1a: silliest|Drain Punch|p2a: Sinistcha\n|-immune|p2a: Sinistcha\n|\n|upkeep\n|\n|t:|1700249739\n|switch|p1b: batman|Noivern, M|100\/100\n|turn|7\n|\n|t:|1700249771\n|switch|p2a: Ribombee|Ribombee, M|100\/100\n|-terastallize|p2b: Meowscarada|Fairy\n|move|p2b: Meowscarada|Play Rough|p1b: batman\n|-supereffective|p1b: batman\n|-damage|p1b: batman|0 fnt\n|faint|p1b: batman\n|move|p1a: silliest|Bulk Up|p1a: silliest\n|-boost|p1a: silliest|atk|1\n|-boost|p1a: silliest|def|1\n|\n|upkeep\n|\n|t:|1700249797\n|switch|p1b: booterfly|Flutter Mane|100\/100\n|-enditem|p1b: booterfly|Booster Energy\n|-activate|p1b: booterfly|ability: Protosynthesis|[fromitem]\n|-start|p1b: booterfly|protosynthesisspa\n|turn|8\n|\n|t:|1700249833\n|move|p2b: Meowscarada|Knock Off|p1b: booterfly\n|-damage|p1b: booterfly|52\/100\n|move|p2a: Ribombee|Shadow Ball|p1b: booterfly\n|-supereffective|p1b: booterfly\n|-damage|p1b: booterfly|0 fnt\n|faint|p1b: booterfly\n|-end|p1b: booterfly|Protosynthesis|[silent]\n|move|p1a: silliest|Drain Punch|p2a: Ribombee\n|-immune|p2a: Ribombee\n|\n|-sideend|p2: CoreSolis|move: Tailwind\n|upkeep\n|\n|t:|1700249846\n|switch|p1b: drain it gerald|Gastrodon, M|100\/100\n|turn|9\n|\n|t:|1700249866\n|move|p2b: Meowscarada|Flower Trick|p1b: drain it gerald\n|-supereffective|p1b: drain it gerald\n|-crit|p1b: drain it gerald\n|-damage|p1b: drain it gerald|0 fnt\n|faint|p1b: drain it gerald\n|move|p2a: Ribombee|Flamethrower|p1a: silliest\n|-damage|p1a: silliest|59\/100\n|-status|p1a: silliest|brn\n|move|p1a: silliest|Drain Punch|p2b: Meowscarada\n|-resisted|p2b: Meowscarada\n|-damage|p2b: Meowscarada|31\/100\n|-heal|p1a: silliest|67\/100 brn|[from] drain|[of] p2b: Meowscarada\n|\n|-damage|p1a: silliest|61\/100 brn|[from] brn\n|upkeep\n|turn|10\n|\n|t:|1700249896\n|move|p2b: Meowscarada|Flower Trick|p1a: silliest\n|-crit|p1a: silliest\n|-damage|p1a: silliest|0 fnt\n|faint|p1a: silliest\n|\n|win|CoreSolis\n|raw|willowowo's rating: 1070 &rarr; <strong>1045<\/strong><br \/>(-25 for losing)\n|raw|CoreSolis's rating: 1000 &rarr; <strong>1048<\/strong><br \/>(+48 for winning)\n","uploadtime":1700249904,"views":16,"p1id":"willowowo","p2id":"coresolis","formatid":"gen9doublesou","rating":1045,"private":0,"password":""}