{"id":"gen9doublesou-1973127823","p1":"Durpman","p2":"Ghastlypixie","format":"[Gen 9] Doubles OU","log":"|j|\u2606Durpman\n|j|\u2606Ghastlypixie\n|t:|1697930738\n|gametype|doubles\n|player|p1|Durpman|101|1000\n|player|p2|Ghastlypixie|plasmagruntf|1082\n|teamsize|p1|6\n|teamsize|p2|6\n|gen|9\n|tier|[Gen 9] Doubles OU\n|rated|\n|rule|Species Clause: Limit one of each Pok\u00e9mon\n|rule|OHKO Clause: OHKO moves are banned\n|rule|Evasion Moves Clause: Evasion moves are banned\n|rule|Gravity Sleep Clause: The combination of sleep-inducing moves with imperfect accuracy and Gravity or Gigantamax Orbeetle are banned\n|rule|Endless Battle Clause: Forcing endless battles is banned\n|rule|HP Percentage Mod: HP is shown in percentages\n|clearpoke\n|poke|p1|Palafin, M|\n|poke|p1|Kommo-o, M|\n|poke|p1|Gholdengo|\n|poke|p1|Flutter Mane|\n|poke|p1|Maushold-Four|\n|poke|p1|Iron Hands|\n|poke|p2|Landorus-Therian, M|\n|poke|p2|Weezing, F|\n|poke|p2|Heatran, F|\n|poke|p2|Tornadus, M|\n|poke|p2|Flutter Mane|\n|poke|p2|Rillaboom, F|\n|teampreview\n|inactive|Battle timer is ON: inactive players will automatically lose when time's up. (requested by Ghastlypixie)\n|\n|t:|1697930754\n|start\n|switch|p1a: Palafin|Palafin, M, shiny|100\/100\n|switch|p1b: Kommo-o|Kommo-o, M, shiny|100\/100\n|switch|p2a: Tornadus|Tornadus, M|100\/100\n|switch|p2b: Flutter Mane|Flutter Mane, shiny|100\/100\n|turn|1\n|\n|t:|1697930778\n|-terastallize|p2b: Flutter Mane|Fairy\n|move|p2a: Tornadus|Tailwind|p2a: Tornadus\n|-sidestart|p2: Ghastlypixie|move: Tailwind\n|move|p2b: Flutter Mane|Dazzling Gleam|p1b: Kommo-o|[spread] p1a,p1b\n|-supereffective|p1b: Kommo-o\n|-damage|p1a: Palafin|3\/100\n|-damage|p1b: Kommo-o|0 fnt\n|faint|p1b: Kommo-o\n|move|p1a: Palafin|Flip Turn|p2a: Tornadus\n|-damage|p2a: Tornadus|73\/100\n|\n|t:|1697930787\n|detailschange|p1a: Palafin|Palafin-Hero, M, shiny\n|switch|p1a: Maushold|Maushold-Four, shiny|100\/100|[from] Flip Turn\n|\n|upkeep\n|\n|t:|1697930791\n|switch|p1b: Palafin|Palafin-Hero, M, shiny|3\/100\n|-activate|p1b: Palafin|ability: Zero to Hero\n|turn|2\n|\n|t:|1697930799\n|-terastallize|p1a: Maushold|Normal\n|move|p1b: Palafin|Jet Punch|p2a: Tornadus\n|-damage|p2a: Tornadus|25\/100\n|move|p2b: Flutter Mane|Dazzling Gleam|p1a: Maushold|[spread] p1a,p1b\n|-crit|p1b: Palafin\n|-damage|p1a: Maushold|6\/100\n|-damage|p1b: Palafin|0 fnt\n|faint|p1b: Palafin\n|move|p2a: Tornadus|Bleakwind Storm|p1a: Maushold\n|-damage|p1a: Maushold|0 fnt\n|faint|p1a: Maushold\n|\n|upkeep\n|\n|t:|1697930812\n|switch|p1b: Iron Hands|Iron Hands, shiny|100\/100\n|switch|p1a: Flutter Mane|Flutter Mane, shiny|100\/100\n|turn|3\n|\n|t:|1697930839\n|-end|p2b: Flutter Mane|Protosynthesis|[silent]\n|switch|p2b: Heatran|Heatran, F|100\/100\n|move|p1b: Iron Hands|Fake Out|p2b: Heatran\n|-resisted|p2b: Heatran\n|-damage|p2b: Heatran|94\/100\n|move|p2a: Tornadus|Sunny Day|p2a: Tornadus\n|-weather|SunnyDay\n|-activate|p1a: Flutter Mane|ability: Protosynthesis\n|-start|p1a: Flutter Mane|protosynthesisspe\n|move|p1a: Flutter Mane|Thunderbolt|p2a: Tornadus\n|-supereffective|p2a: Tornadus\n|-damage|p2a: Tornadus|0 fnt\n|faint|p2a: Tornadus\n|\n|-weather|SunnyDay|[upkeep]\n|upkeep\n|\n|t:|1697930855\n|switch|p2a: Flutter Mane|Flutter Mane, shiny, tera:Fairy|100\/100\n|-activate|p2a: Flutter Mane|ability: Protosynthesis\n|-start|p2a: Flutter Mane|protosynthesisspe\n|turn|4\n|\n|t:|1697930871\n|move|p2a: Flutter Mane|Dazzling Gleam|p1b: Iron Hands|[spread] p1a,p1b\n|-supereffective|p1b: Iron Hands\n|-damage|p1a: Flutter Mane|38\/100\n|-damage|p1b: Iron Hands|0 fnt\n|faint|p1b: Iron Hands\n|-end|p1b: Iron Hands|Quark Drive|[silent]\n|move|p1a: Flutter Mane|Mystical Fire|p2b: Heatran\n|-start|p2b: Heatran|ability: Flash Fire\n|move|p2b: Heatran|Heat Wave|p1a: Flutter Mane\n|-crit|p1a: Flutter Mane\n|-damage|p1a: Flutter Mane|0 fnt\n|faint|p1a: Flutter Mane\n|-end|p1a: Flutter Mane|Protosynthesis|[silent]\n|-damage|p2b: Heatran|84\/100|[from] item: Life Orb\n|\n|-weather|SunnyDay|[upkeep]\n|-sideend|p2: Ghastlypixie|move: Tailwind\n|upkeep\n|inactive|Durpman has 120 seconds left.\n|\n|t:|1697930901\n|switch|p1b: Gholdengo|Gholdengo, shiny|100\/100\n|turn|5\n|\n|t:|1697930909\n|move|p2a: Flutter Mane|Dazzling Gleam|p1b: Gholdengo\n|-resisted|p1b: Gholdengo\n|-damage|p1b: Gholdengo|51\/100\n|move|p1b: Gholdengo|Shadow Ball|p2a: Flutter Mane\n|-damage|p2a: Flutter Mane|57\/100\n|move|p2b: Heatran|Heat Wave|p1b: Gholdengo|[miss]\n|-miss|p2b: Heatran|p1b: Gholdengo\n|\n|-weather|SunnyDay|[upkeep]\n|upkeep\n|turn|6\n|\n|t:|1697930922\n|move|p2a: Flutter Mane|Dazzling Gleam|p1b: Gholdengo\n|-resisted|p1b: Gholdengo\n|-damage|p1b: Gholdengo|0 fnt\n|faint|p1b: Gholdengo\n|\n|win|Ghastlypixie\n|raw|Durpman's rating: 1000 &rarr; <strong>1000<\/strong><br \/>(+0 for losing)\n|raw|Ghastlypixie's rating: 1082 &rarr; <strong>1103<\/strong><br \/>(+21 for winning)\n|l|\u2606Durpman\n","uploadtime":1697930929,"views":13,"p1id":"durpman","p2id":"ghastlypixie","formatid":"gen9doublesou","rating":1000,"private":0,"password":""}