{"id":"gen9doublesou-1976325573","p1":"Drazzy3","p2":"icetypeelite","format":"[Gen 9] Doubles OU","log":"|j|\u2606Drazzy3\n|j|\u2606icetypeelite\n|t:|1698286869\n|gametype|doubles\n|player|p1|Drazzy3|akari|1303\n|player|p2|icetypeelite|101|1432\n|teamsize|p1|6\n|teamsize|p2|6\n|gen|9\n|tier|[Gen 9] Doubles OU\n|rated|\n|rule|Species Clause: Limit one of each Pok\u00e9mon\n|rule|OHKO Clause: OHKO moves are banned\n|rule|Evasion Moves Clause: Evasion moves are banned\n|rule|Gravity Sleep Clause: The combination of sleep-inducing moves with imperfect accuracy and Gravity or Gigantamax Orbeetle are banned\n|rule|Endless Battle Clause: Forcing endless battles is banned\n|rule|HP Percentage Mod: HP is shown in percentages\n|clearpoke\n|poke|p1|Goodra-Hisui, F|\n|poke|p1|Dragonite, M|\n|poke|p1|Cresselia, F|\n|poke|p1|Gastrodon, F|\n|poke|p1|Clodsire, M|\n|poke|p1|Dondozo, M|\n|poke|p2|Abomasnow, F|\n|poke|p2|Ninetales-Alola, F|\n|poke|p2|Chien-Pao|\n|poke|p2|Iron Bundle|\n|poke|p2|Glimmora, M|\n|poke|p2|Volcanion|\n|teampreview\n|inactive|Battle timer is ON: inactive players will automatically lose when time's up. (requested by icetypeelite)\n|\n|t:|1698286880\n|start\n|switch|p1a: Cresselia|Cresselia, F|100\/100\n|switch|p1b: Dondozo|Dondozo, M, shiny|100\/100\n|switch|p2a: Abomasnow|Abomasnow, F|100\/100\n|switch|p2b: Glimmora|Glimmora, M|100\/100\n|-weather|Snow|[from] ability: Snow Warning|[of] p2a: Abomasnow\n|turn|1\n|\n|t:|1698286898\n|move|p2b: Glimmora|Stealth Rock|p1a: Cresselia\n|-sidestart|p1: Drazzy3|move: Stealth Rock\n|move|p2a: Abomasnow|Aurora Veil|p2a: Abomasnow\n|-sidestart|p2: icetypeelite|move: Aurora Veil\n|move|p1a: Cresselia|Substitute|p1a: Cresselia\n|-start|p1a: Cresselia|Substitute\n|-damage|p1a: Cresselia|76\/100\n|move|p1b: Dondozo|Curse|p1b: Dondozo\n|-unboost|p1b: Dondozo|spe|1\n|-boost|p1b: Dondozo|atk|1\n|-boost|p1b: Dondozo|def|1\n|\n|-weather|Snow|[upkeep]\n|-heal|p1a: Cresselia|82\/100|[from] item: Leftovers\n|upkeep\n|turn|2\n|\n|t:|1698286918\n|move|p2b: Glimmora|Power Gem|p1a: Cresselia\n|-activate|p1a: Cresselia|move: Substitute|[damage]\n|move|p2a: Abomasnow|Energy Ball|p1b: Dondozo\n|-supereffective|p1b: Dondozo\n|-damage|p1b: Dondozo|65\/100\n|move|p1b: Dondozo|Curse|p1b: Dondozo\n|-unboost|p1b: Dondozo|spe|1\n|-boost|p1b: Dondozo|atk|1\n|-boost|p1b: Dondozo|def|1\n|move|p1a: Cresselia|Trick Room|p1a: Cresselia\n|-fieldstart|move: Trick Room|[of] p1a: Cresselia\n|\n|-weather|Snow|[upkeep]\n|-heal|p1b: Dondozo|71\/100|[from] item: Leftovers\n|-heal|p1a: Cresselia|88\/100|[from] item: Leftovers\n|upkeep\n|turn|3\n|\n|t:|1698286937\n|move|p1a: Cresselia|Ally Switch|p1a: Cresselia\n|swap|p1a: Cresselia|1|[from] move: Ally Switch\n|move|p1a: Dondozo|Curse|p1a: Dondozo\n|-unboost|p1a: Dondozo|spe|1\n|-boost|p1a: Dondozo|atk|1\n|-boost|p1a: Dondozo|def|1\n|move|p2a: Abomasnow|Energy Ball|p1b: Cresselia\n|-end|p1b: Cresselia|Substitute\n|move|p2b: Glimmora|Mortal Spin|p1a: Dondozo|[spread] p1a,p1b\n|-damage|p1a: Dondozo|70\/100\n|-damage|p1b: Cresselia|85\/100\n|-status|p1a: Dondozo|psn\n|-status|p1b: Cresselia|psn\n|\n|-weather|Snow|[upkeep]\n|-heal|p1a: Dondozo|76\/100 psn|[from] item: Leftovers\n|-heal|p1b: Cresselia|91\/100 psn|[from] item: Leftovers\n|-damage|p1a: Dondozo|63\/100 psn|[from] psn\n|-damage|p1b: Cresselia|79\/100 psn|[from] psn\n|upkeep\n|turn|4\n|\n|t:|1698286957\n|move|p1a: Dondozo|Curse|p1a: Dondozo\n|-unboost|p1a: Dondozo|spe|1\n|-boost|p1a: Dondozo|atk|1\n|-boost|p1a: Dondozo|def|1\n|move|p1b: Cresselia|Lunar Blessing|p1b: Cresselia|[spread] p1a,p1b\n|-heal|p1a: Dondozo|88\/100 psn\n|-curestatus|p1a: Dondozo|psn|[msg]\n|-heal|p1b: Cresselia|100\/100 psn\n|-curestatus|p1b: Cresselia|psn|[msg]\n|move|p2a: Abomasnow|Energy Ball|p1a: Dondozo\n|-supereffective|p1a: Dondozo\n|-damage|p1a: Dondozo|50\/100\n|move|p2b: Glimmora|Power Gem|p1b: Cresselia\n|-damage|p1b: Cresselia|83\/100\n|\n|-weather|Snow|[upkeep]\n|-heal|p1a: Dondozo|56\/100|[from] item: Leftovers\n|-heal|p1b: Cresselia|90\/100|[from] item: Leftovers\n|upkeep\n|turn|5\n|\n|t:|1698286986\n|move|p1a: Dondozo|Curse|p1a: Dondozo\n|-unboost|p1a: Dondozo|spe|1\n|-boost|p1a: Dondozo|atk|1\n|-boost|p1a: Dondozo|def|1\n|move|p1b: Cresselia|Substitute|p1b: Cresselia\n|-start|p1b: Cresselia|Substitute\n|-damage|p1b: Cresselia|65\/100\n|move|p2a: Abomasnow|Energy Ball|p1a: Dondozo\n|-supereffective|p1a: Dondozo\n|-damage|p1a: Dondozo|19\/100\n|move|p2b: Glimmora|Mortal Spin|p1a: Dondozo|[spread] p1a,p1b\n|-activate|p1b: Cresselia|move: Substitute|[damage]\n|-damage|p1a: Dondozo|18\/100\n|-status|p1a: Dondozo|psn\n|\n|-weather|none\n|-heal|p1a: Dondozo|25\/100 psn|[from] item: Leftovers\n|-heal|p1b: Cresselia|71\/100|[from] item: Leftovers\n|-damage|p1a: Dondozo|12\/100 psn|[from] psn\n|upkeep\n|turn|6\n|inactive|Drazzy3 has 120 seconds left.\n|\n|t:|1698287021\n|move|p1b: Cresselia|Ally Switch|p1b: Cresselia\n|swap|p1b: Cresselia|0|[from] move: Ally Switch\n|move|p1b: Dondozo|Rest|p1b: Dondozo\n|-status|p1b: Dondozo|slp|[from] move: Rest\n|-heal|p1b: Dondozo|100\/100 slp|[silent]\n|move|p2a: Abomasnow|Energy Ball|p1a: Cresselia\n|-activate|p1a: Cresselia|move: Substitute|[damage]\n|move|p2b: Glimmora|Mortal Spin|p1a: Cresselia|[spread] p1a,p1b\n|-activate|p1a: Cresselia|move: Substitute|[damage]\n|-damage|p1b: Dondozo|99\/100 slp\n|\n|-heal|p1b: Dondozo|100\/100 slp|[from] item: Leftovers\n|-heal|p1a: Cresselia|77\/100|[from] item: Leftovers\n|-fieldend|move: Trick Room\n|upkeep\n|turn|7\n|\n|t:|1698287043\n|move|p2b: Glimmora|Power Gem|p1b: Dondozo\n|-damage|p1b: Dondozo|80\/100 slp\n|move|p2a: Abomasnow|Energy Ball|p1b: Dondozo\n|-supereffective|p1b: Dondozo\n|-damage|p1b: Dondozo|46\/100 slp\n|move|p1a: Cresselia|Lunar Blessing|p1a: Cresselia|[spread] p1a,p1b\n|-heal|p1a: Cresselia|100\/100\n|-heal|p1b: Dondozo|71\/100 slp\n|-curestatus|p1b: Dondozo|slp|[msg]\n|move|p1b: Dondozo|Earthquake|p2b: Glimmora|[spread] p2a,p2b\n|-immune|p1a: Cresselia|[from] ability: Levitate\n|-resisted|p2a: Abomasnow\n|-supereffective|p2b: Glimmora\n|-damage|p2a: Abomasnow|80\/100\n|-enditem|p2b: Glimmora|Focus Sash\n|-damage|p2b: Glimmora|1\/100\n|-activate|p2b: Glimmora|ability: Toxic Debris\n|-sidestart|p1: Drazzy3|move: Toxic Spikes\n|\n|-heal|p1b: Dondozo|77\/100|[from] item: Leftovers\n|upkeep\n|turn|8\n|inactive|Drazzy3 has 120 seconds left.\n|\n|t:|1698287074\n|move|p2b: Glimmora|Mortal Spin|p1a: Cresselia|[spread] p1a,p1b\n|-end|p1a: Cresselia|Substitute\n|-damage|p1b: Dondozo|76\/100\n|-status|p1b: Dondozo|psn\n|move|p2a: Abomasnow|Energy Ball|p1b: Dondozo\n|-supereffective|p1b: Dondozo\n|-damage|p1b: Dondozo|39\/100 psn\n|move|p1b: Dondozo|Earthquake|p2a: Abomasnow|[spread] p2a,p2b\n|-immune|p1a: Cresselia|[from] ability: Levitate\n|-resisted|p2a: Abomasnow\n|-supereffective|p2b: Glimmora\n|-damage|p2a: Abomasnow|57\/100\n|-damage|p2b: Glimmora|0 fnt\n|-activate|p2b: Glimmora|ability: Toxic Debris\n|-sidestart|p1: Drazzy3|move: Toxic Spikes\n|faint|p2b: Glimmora\n|move|p1a: Cresselia|Trick Room|p1a: Cresselia\n|-fieldstart|move: Trick Room|[of] p1a: Cresselia\n|\n|-heal|p1b: Dondozo|45\/100 psn|[from] item: Leftovers\n|-damage|p1b: Dondozo|32\/100 psn|[from] psn\n|-sideend|p2: icetypeelite|move: Aurora Veil\n|upkeep\n|\n|t:|1698287087\n|switch|p2b: Ninetales|Ninetales-Alola, F|100\/100\n|-weather|Snow|[from] ability: Snow Warning|[of] p2b: Ninetales\n|turn|9\n|inactive|Drazzy3 has 120 seconds left.\n|\n|t:|1698287130\n|move|p1b: Dondozo|Rest|p1b: Dondozo\n|-status|p1b: Dondozo|slp|[from] move: Rest\n|-heal|p1b: Dondozo|100\/100 slp|[silent]\n|move|p1a: Cresselia|Lunar Blessing|p1a: Cresselia|[spread] p1a,p1b\n|-curestatus|p1b: Dondozo|slp|[msg]\n|move|p2a: Abomasnow|Energy Ball|p1a: Cresselia\n|-damage|p1a: Cresselia|86\/100\n|move|p2b: Ninetales|Blizzard|p1a: Cresselia|[spread] p1a,p1b\n|-resisted|p1b: Dondozo\n|-damage|p1a: Cresselia|69\/100\n|-damage|p1b: Dondozo|90\/100\n|-status|p1a: Cresselia|frz\n|\n|-weather|Snow|[upkeep]\n|-heal|p1b: Dondozo|97\/100|[from] item: Leftovers\n|-heal|p1a: Cresselia|75\/100 frz|[from] item: Leftovers\n|upkeep\n|turn|10\n|inactive|Drazzy3 has 120 seconds left.\n|\n|t:|1698287153\n|-curestatus|p1a: Cresselia|frz|[msg]\n|move|p1a: Cresselia|Ally Switch|p1a: Cresselia\n|swap|p1a: Cresselia|1|[from] move: Ally Switch\n|move|p1a: Dondozo|Earthquake|p2b: Ninetales|[spread] p2a,p2b\n|-immune|p1b: Cresselia|[from] ability: Levitate\n|-resisted|p2a: Abomasnow\n|-damage|p2a: Abomasnow|35\/100\n|-damage|p2b: Ninetales|43\/100\n|move|p2a: Abomasnow|Energy Ball|p1b: Cresselia\n|-damage|p1b: Cresselia|58\/100\n|move|p2b: Ninetales|Dazzling Gleam|p1a: Dondozo|[spread] p1a,p1b\n|-damage|p1a: Dondozo|83\/100\n|-damage|p1b: Cresselia|47\/100\n|\n|-weather|Snow|[upkeep]\n|-heal|p1a: Dondozo|89\/100|[from] item: Leftovers\n|-heal|p1b: Cresselia|53\/100|[from] item: Leftovers\n|-heal|p2b: Ninetales|49\/100|[from] item: Leftovers\n|upkeep\n|turn|11\n|\n|t:|1698287173\n|move|p1a: Dondozo|Earthquake|p2b: Ninetales|[spread] p2a,p2b\n|-immune|p1b: Cresselia|[from] ability: Levitate\n|-resisted|p2a: Abomasnow\n|-damage|p2a: Abomasnow|14\/100\n|-damage|p2b: Ninetales|0 fnt\n|faint|p2b: Ninetales\n|move|p1b: Cresselia|Substitute|p1b: Cresselia\n|-start|p1b: Cresselia|Substitute\n|-damage|p1b: Cresselia|28\/100\n|move|p2a: Abomasnow|Energy Ball|p1a: Dondozo\n|-supereffective|p1a: Dondozo\n|-damage|p1a: Dondozo|49\/100\n|\n|-weather|Snow|[upkeep]\n|-heal|p1a: Dondozo|55\/100|[from] item: Leftovers\n|-heal|p1b: Cresselia|34\/100|[from] item: Leftovers\n|upkeep\n|\n|t:|1698287185\n|switch|p2b: Iron Bundle|Iron Bundle|100\/100\n|-enditem|p2b: Iron Bundle|Booster Energy\n|-activate|p2b: Iron Bundle|ability: Quark Drive|[fromitem]\n|-start|p2b: Iron Bundle|quarkdrivespe\n|turn|12\n|\n|t:|1698287203\n|move|p2b: Iron Bundle|Protect|p2b: Iron Bundle\n|-singleturn|p2b: Iron Bundle|Protect\n|move|p1a: Dondozo|Earthquake|p2a: Abomasnow|[spread] p2a\n|-activate|p2b: Iron Bundle|move: Protect\n|-immune|p1b: Cresselia|[from] ability: Levitate\n|-resisted|p2a: Abomasnow\n|-damage|p2a: Abomasnow|0 fnt\n|faint|p2a: Abomasnow\n|move|p1b: Cresselia|Lunar Blessing|p1b: Cresselia|[spread] p1a,p1b\n|-heal|p1a: Dondozo|80\/100\n|-heal|p1b: Cresselia|59\/100\n|\n|-weather|Snow|[upkeep]\n|-heal|p1a: Dondozo|86\/100|[from] item: Leftovers\n|-heal|p1b: Cresselia|65\/100|[from] item: Leftovers\n|-fieldend|move: Trick Room\n|upkeep\n|\n|t:|1698287218\n|switch|p2a: Volcanion|Volcanion|100\/100\n|turn|13\n|\n|t:|1698287225\n|move|p1b: Cresselia|Ally Switch|p1b: Cresselia\n|swap|p1b: Cresselia|0|[from] move: Ally Switch\n|move|p2b: Iron Bundle|Freeze-Dry|p1a: Cresselia\n|-activate|p1a: Cresselia|move: Substitute|[damage]\n|move|p2a: Volcanion|Heat Wave|p1a: Cresselia|[spread] \n|-miss|p2a: Volcanion|p1a: Cresselia\n|-miss|p2a: Volcanion|p1b: Dondozo\n|move|p1b: Dondozo|Earthquake|p2a: Volcanion|[spread] p2a,p2b\n|-immune|p1a: Cresselia|[from] ability: Levitate\n|-supereffective|p2a: Volcanion\n|-damage|p2a: Volcanion|7\/100\n|-damage|p2b: Iron Bundle|50\/100\n|\n|-weather|none\n|-heal|p1a: Cresselia|71\/100|[from] item: Leftovers\n|-heal|p1b: Dondozo|92\/100|[from] item: Leftovers\n|upkeep\n|turn|14\n|c|\u2606Drazzy3|ouch, double miss\n|\n|t:|1698287245\n|move|p2b: Iron Bundle|Freeze-Dry|p1b: Dondozo\n|-supereffective|p1b: Dondozo\n|-damage|p1b: Dondozo|47\/100\n|move|p2a: Volcanion|Heat Wave|p1a: Cresselia|[spread] p1b\n|-miss|p2a: Volcanion|p1a: Cresselia\n|-resisted|p1b: Dondozo\n|-damage|p1b: Dondozo|34\/100\n|move|p1a: Cresselia|Lunar Blessing|p1a: Cresselia|[spread] p1a,p1b\n|-heal|p1a: Cresselia|96\/100\n|-heal|p1b: Dondozo|59\/100\n|move|p1b: Dondozo|Earthquake|p2b: Iron Bundle|[spread] p2a,p2b\n|-immune|p1a: Cresselia|[from] ability: Levitate\n|-supereffective|p2a: Volcanion\n|-damage|p2a: Volcanion|0 fnt\n|-damage|p2b: Iron Bundle|0 fnt\n|faint|p2a: Volcanion\n|faint|p2b: Iron Bundle\n|-end|p2b: Iron Bundle|Quark Drive|[silent]\n|\n|-heal|p1a: Cresselia|100\/100|[from] item: Leftovers\n|-heal|p1b: Dondozo|65\/100|[from] item: Leftovers\n|upkeep\n|-message|icetypeelite forfeited.\n|\n|win|Drazzy3\n|raw|Drazzy3's rating: 1303 &rarr; <strong>1330<\/strong><br \/>(+27 for winning)\n|raw|icetypeelite's rating: 1432 &rarr; <strong>1405<\/strong><br \/>(-27 for losing)\n|l|\u2606icetypeelite\n","uploadtime":1698287269,"views":15,"p1id":"drazzy3","p2id":"icetypeelite","formatid":"gen9doublesou","rating":1330,"private":0,"password":""}