{"id":"gen9doublesou-1994881171","p1":"sortilum","p2":"ProGamerFortnite67","format":"[Gen 9] Doubles OU","log":"|j|\u203dsortilum\n|j|\u2606ProGamerFortnite67\n|t:|1700501275\n|gametype|doubles\n|player|p1|sortilum|2|1114\n|player|p2|ProGamerFortnite67|phoebe-gen6|1185\n|teamsize|p1|6\n|teamsize|p2|6\n|gen|9\n|tier|[Gen 9] Doubles OU\n|rated|\n|rule|Species Clause: Limit one of each Pok\u00e9mon\n|rule|OHKO Clause: OHKO moves are banned\n|rule|Evasion Moves Clause: Evasion moves are banned\n|rule|Gravity Sleep Clause: The combination of sleep-inducing moves with imperfect accuracy and Gravity or Gigantamax Orbeetle are banned\n|rule|Endless Battle Clause: Forcing endless battles is banned\n|rule|HP Percentage Mod: HP is shown in percentages\n|clearpoke\n|poke|p1|Chimecho, M|\n|poke|p1|Rotom-Heat|\n|poke|p1|Slowking-Galar, F|\n|poke|p1|Iron Valiant|\n|poke|p1|Blissey, F|\n|poke|p1|Grimmsnarl, M|\n|poke|p2|Iron Treads|\n|poke|p2|Thundurus, M|\n|poke|p2|Pawmot, F|\n|poke|p2|Iron Bundle|\n|poke|p2|Raichu-Alola, F|\n|poke|p2|Hydreigon, F|\n|teampreview\n|inactive|Battle timer is ON: inactive players will automatically lose when time's up. (requested by ProGamerFortnite67)\n|\n|t:|1700501354\n|start\n|switch|p1a: Iron Valiant|Iron Valiant|100\/100\n|switch|p1b: Rotom|Rotom-Heat|100\/100\n|switch|p2a: Thundurus|Thundurus, M|100\/100\n|switch|p2b: Iron Treads|Iron Treads|100\/100\n|turn|1\n|\n|t:|1700501381\n|-terastallize|p2b: Iron Treads|Ground\n|move|p2a: Thundurus|Electric Terrain|p2a: Thundurus\n|-fieldstart|move: Electric Terrain\n|-activate|p1a: Iron Valiant|ability: Quark Drive\n|-start|p1a: Iron Valiant|quarkdrivespe\n|-activate|p2b: Iron Treads|ability: Quark Drive\n|-start|p2b: Iron Treads|quarkdrivespe\n|move|p1a: Iron Valiant|Trick|p2a: Thundurus\n|-activate|p1a: Iron Valiant|move: Trick|[of] p2a: Thundurus\n|-item|p2a: Thundurus|Choice Scarf|[from] move: Trick\n|-item|p1a: Iron Valiant|Terrain Extender|[from] move: Trick\n|move|p2b: Iron Treads|Iron Head|p1a: Iron Valiant\n|-supereffective|p1a: Iron Valiant\n|-damage|p1a: Iron Valiant|11\/100\n|move|p1b: Rotom|Trick|p2b: Iron Treads\n|-activate|p1b: Rotom|move: Trick|[of] p2b: Iron Treads\n|-item|p2b: Iron Treads|Choice Scarf|[from] move: Trick\n|-item|p1b: Rotom|Assault Vest|[from] move: Trick\n|\n|upkeep\n|turn|2\n|inactive|sortilum has 120 seconds left.\n|inactive|ProGamerFortnite67 has 120 seconds left.\n|\n|t:|1700501415\n|-end|p1a: Iron Valiant|Quark Drive|[silent]\n|switch|p1a: Slowking|Slowking-Galar, F|100\/100\n|move|p2b: Iron Treads|Earthquake|p1b: Rotom|[spread] p1a\n|-immune|p2a: Thundurus\n|-immune|p1b: Rotom|[from] ability: Levitate\n|-supereffective|p1a: Slowking\n|-damage|p1a: Slowking|24\/100\n|move|p2a: Thundurus|Discharge|p1b: Rotom|[spread] p1a,p1b\n|-immune|p2b: Iron Treads\n|-resisted|p1b: Rotom\n|-damage|p1a: Slowking|3\/100\n|-damage|p1b: Rotom|89\/100\n|move|p1b: Rotom|Volt Switch|p2a: Thundurus\n|-damage|p2a: Thundurus|65\/100\n|inactive|sortilum has 120 seconds left.\n|inactive|sortilum has 90 seconds left.\n|\n|t:|1700501468\n|switch|p1b: Iron Valiant|Iron Valiant|11\/100|[from] Volt Switch\n|-activate|p1b: Iron Valiant|ability: Quark Drive\n|-start|p1b: Iron Valiant|quarkdrivespe\n|\n|upkeep\n|turn|3\n|\n|t:|1700501477\n|move|p1b: Iron Valiant|Wide Guard|p1b: Iron Valiant\n|-singleturn|p1b: Iron Valiant|Wide Guard\n|move|p2b: Iron Treads|Earthquake|p1b: Iron Valiant|[spread] \n|-activate|p1a: Slowking|move: Wide Guard\n|-activate|p1b: Iron Valiant|move: Wide Guard\n|-immune|p2a: Thundurus\n|move|p2a: Thundurus|Discharge|p1b: Iron Valiant|[spread] \n|-activate|p1a: Slowking|move: Wide Guard\n|-activate|p1b: Iron Valiant|move: Wide Guard\n|-immune|p2b: Iron Treads\n|move|p1a: Slowking|Toxic Spikes|p2a: Thundurus\n|-sidestart|p2: ProGamerFortnite67|move: Toxic Spikes\n|\n|upkeep\n|turn|4\n|\n|t:|1700501495\n|switch|p2a: Hydreigon|Hydreigon, F|100\/100\n|move|p1b: Iron Valiant|Wide Guard|p1b: Iron Valiant\n|-singleturn|p1b: Iron Valiant|Wide Guard\n|move|p2b: Iron Treads|Earthquake|p1a: Slowking|[spread] \n|-activate|p1a: Slowking|move: Wide Guard\n|-activate|p1b: Iron Valiant|move: Wide Guard\n|-immune|p2a: Hydreigon|[from] ability: Levitate\n|move|p1a: Slowking|Toxic Spikes|p2a: Hydreigon\n|-sidestart|p2: ProGamerFortnite67|move: Toxic Spikes\n|\n|upkeep\n|turn|5\n|inactive|sortilum has 120 seconds left.\n|\n|t:|1700501530\n|switch|p1a: Rotom|Rotom-Heat|89\/100\n|move|p2a: Hydreigon|Protect|p2a: Hydreigon\n|-singleturn|p2a: Hydreigon|Protect\n|move|p1b: Iron Valiant|Wide Guard|p1b: Iron Valiant\n|-singleturn|p1b: Iron Valiant|Wide Guard\n|move|p2b: Iron Treads|Earthquake|p1a: Rotom|[spread] \n|-activate|p1a: Rotom|move: Wide Guard\n|-activate|p1b: Iron Valiant|move: Wide Guard\n|-activate|p2a: Hydreigon|move: Protect\n|\n|upkeep\n|turn|6\n|inactive|ProGamerFortnite67 has 120 seconds left.\n|\n|t:|1700501561\n|move|p1b: Iron Valiant|Wide Guard|p1b: Iron Valiant\n|-singleturn|p1b: Iron Valiant|Wide Guard\n|move|p2b: Iron Treads|Earthquake|p1b: Iron Valiant|[spread] \n|-activate|p1a: Rotom|move: Wide Guard\n|-activate|p1b: Iron Valiant|move: Wide Guard\n|-immune|p2a: Hydreigon|[from] ability: Levitate\n|move|p1a: Rotom|Volt Switch|p2a: Hydreigon\n|-resisted|p2a: Hydreigon\n|-damage|p2a: Hydreigon|86\/100\n|\n|t:|1700501572\n|switch|p1a: Blissey|Blissey, F|100\/100|[from] Volt Switch\n|move|p2a: Hydreigon|Hydro Pump|p1a: Blissey\n|-damage|p1a: Blissey|86\/100\n|-damage|p2a: Hydreigon|76\/100|[from] item: Life Orb\n|\n|upkeep\n|turn|7\n|\n|t:|1700501602\n|-end|p2b: Iron Treads|Quark Drive|[silent]\n|switch|p2b: Iron Bundle|Iron Bundle|100\/100\n|-activate|p2b: Iron Bundle|ability: Quark Drive\n|-start|p2b: Iron Bundle|quarkdrivespe\n|switch|p2a: Thundurus|Thundurus, M|65\/100\n|move|p1b: Iron Valiant|Wide Guard|p1b: Iron Valiant\n|-singleturn|p1b: Iron Valiant|Wide Guard\n|move|p1a: Blissey|Trick|p2a: Thundurus\n|-activate|p1a: Blissey|move: Trick|[of] p2a: Thundurus\n|-item|p2a: Thundurus|Choice Scarf|[from] move: Trick\n|-item|p1a: Blissey|Choice Scarf|[from] move: Trick\n|\n|upkeep\n|turn|8\n|inactive|sortilum has 120 seconds left.\n|inactive|sortilum has 90 seconds left.\n|\n|t:|1700501684\n|-end|p1b: Iron Valiant|Quark Drive|[silent]\n|switch|p1b: Rotom|Rotom-Heat|89\/100\n|move|p2b: Iron Bundle|Flip Turn|p1b: Rotom\n|-supereffective|p1b: Rotom\n|-damage|p1b: Rotom|41\/100\n|inactive|ProGamerFortnite67 has 120 seconds left.\n|\n|t:|1700501707\n|-end|p2b: Iron Bundle|Quark Drive|[silent]\n|switch|p2b: Hydreigon|Hydreigon, F|76\/100|[from] Flip Turn\n|move|p2a: Thundurus|U-turn|p1a: Blissey\n|-damage|p1a: Blissey|44\/100\n|\n|t:|1700501717\n|switch|p2a: Iron Treads|Iron Treads, tera:Ground|100\/100|[from] U-turn\n|-status|p2a: Iron Treads|tox\n|-activate|p2a: Iron Treads|ability: Quark Drive\n|-start|p2a: Iron Treads|quarkdrivespe\n|move|p1a: Blissey|Trick|p2b: Hydreigon\n|-activate|p1a: Blissey|move: Trick|[of] p2b: Hydreigon\n|-item|p2b: Hydreigon|Choice Scarf|[from] move: Trick\n|-item|p1a: Blissey|Life Orb|[from] move: Trick\n|\n|-damage|p2a: Iron Treads|94\/100 tox|[from] psn\n|-fieldend|move: Electric Terrain\n|-end|p2a: Iron Treads|Quark Drive\n|upkeep\n|turn|9\n|inactive|sortilum has 90 seconds left.\n|\n|t:|1700501734\n|move|p2a: Iron Treads|Earthquake|p1b: Rotom|[spread] p1a\n|-immune|p2b: Hydreigon|[from] ability: Levitate\n|-immune|p1b: Rotom|[from] ability: Levitate\n|-damage|p1a: Blissey|0 fnt\n|faint|p1a: Blissey\n|move|p2b: Hydreigon|Hydro Pump|p1b: Rotom\n|-supereffective|p1b: Rotom\n|-damage|p1b: Rotom|0 fnt\n|faint|p1b: Rotom\n|\n|-damage|p2a: Iron Treads|82\/100 tox|[from] psn\n|upkeep\n|inactive|sortilum has 90 seconds left.\n|inactive|sortilum has 60 seconds left.\n|\n|t:|1700501777\n|switch|p1b: Grimmsnarl|Grimmsnarl, M|100\/100\n|switch|p1a: Chimecho|Chimecho, M|100\/100\n|turn|10\n|inactive|sortilum has 60 seconds left.\n|\n|t:|1700501802\n|switch|p2b: Thundurus|Thundurus, M|65\/100\n|move|p1b: Grimmsnarl|Parting Shot|p2a: Iron Treads\n|-unboost|p2a: Iron Treads|atk|1\n|-unboost|p2a: Iron Treads|spa|1\n|inactive|sortilum has 60 seconds left.\n|\n|t:|1700501807\n|switch|p1b: Iron Valiant|Iron Valiant|11\/100|[from] Parting Shot\n|move|p2a: Iron Treads|Earthquake|p1b: Iron Valiant|[spread] p1b\n|-immune|p2b: Thundurus\n|-immune|p1a: Chimecho|[from] ability: Levitate\n|-damage|p1b: Iron Valiant|0 fnt\n|faint|p1b: Iron Valiant\n|-end|p1b: Iron Valiant|Quark Drive|[silent]\n|move|p1a: Chimecho|Cosmic Power|p1a: Chimecho\n|-boost|p1a: Chimecho|def|1\n|-boost|p1a: Chimecho|spd|1\n|\n|-damage|p2a: Iron Treads|63\/100 tox|[from] psn\n|upkeep\n|inactive|sortilum has 60 seconds left.\n|\n|t:|1700501815\n|switch|p1b: Grimmsnarl|Grimmsnarl, M|100\/100\n|turn|11\n|\n|t:|1700501826\n|-terastallize|p1a: Chimecho|Electric\n|move|p1b: Grimmsnarl|Fake Out|p2a: Iron Treads\n|-damage|p2a: Iron Treads|52\/100 tox\n|move|p2b: Thundurus|Electric Terrain|p2b: Thundurus\n|-fieldstart|move: Electric Terrain\n|-activate|p2a: Iron Treads|ability: Quark Drive\n|-start|p2a: Iron Treads|quarkdrivespe\n|cant|p2a: Iron Treads|flinch\n|move|p1a: Chimecho|Cosmic Power|p1a: Chimecho\n|-boost|p1a: Chimecho|def|1\n|-boost|p1a: Chimecho|spd|1\n|\n|-damage|p2a: Iron Treads|27\/100 tox|[from] psn\n|upkeep\n|turn|12\n|inactive|ProGamerFortnite67 has 120 seconds left.\n|\n|t:|1700501864\n|-end|p2a: Iron Treads|Quark Drive|[silent]\n|switch|p2a: Hydreigon|Hydreigon, F|76\/100\n|switch|p2b: Raichu|Raichu-Alola, F, shiny|100\/100\n|-status|p2b: Raichu|tox\n|switch|p1b: Slowking|Slowking-Galar, F|36\/100\n|move|p1a: Chimecho|Cosmic Power|p1a: Chimecho\n|-boost|p1a: Chimecho|def|1\n|-boost|p1a: Chimecho|spd|1\n|\n|-damage|p2b: Raichu|94\/100 tox|[from] psn\n|upkeep\n|turn|13\n|inactive|sortilum has 120 seconds left.\n|inactive|ProGamerFortnite67 has 120 seconds left.\n|\n|t:|1700501886\n|move|p2b: Raichu|Electro Ball|p1a: Chimecho\n|-resisted|p1a: Chimecho\n|-damage|p1a: Chimecho|89\/100\n|move|p2a: Hydreigon|Dark Pulse|p1b: Slowking\n|-supereffective|p1b: Slowking\n|-damage|p1b: Slowking|0 fnt\n|faint|p1b: Slowking\n|move|p1a: Chimecho|Cosmic Power|p1a: Chimecho\n|-boost|p1a: Chimecho|def|1\n|-boost|p1a: Chimecho|spd|1\n|\n|-heal|p2b: Raichu|100\/100 tox|[from] item: Leftovers\n|-damage|p2b: Raichu|88\/100 tox|[from] psn\n|upkeep\n|\n|t:|1700501890\n|switch|p1b: Grimmsnarl|Grimmsnarl, M|100\/100\n|turn|14\n|\n|t:|1700501906\n|switch|p2b: Iron Treads|Iron Treads, tera:Ground|27\/100 tox\n|-activate|p2b: Iron Treads|ability: Quark Drive\n|-start|p2b: Iron Treads|quarkdrivespe\n|move|p1b: Grimmsnarl|Trick|p2b: Iron Treads\n|-activate|p1b: Grimmsnarl|move: Trick|[of] p2b: Iron Treads\n|-item|p2b: Iron Treads|Choice Scarf|[from] move: Trick\n|-item|p1b: Grimmsnarl|Choice Scarf|[from] move: Trick\n|move|p2a: Hydreigon|Dark Pulse|p1a: Chimecho\n|-damage|p1a: Chimecho|77\/100\n|move|p1a: Chimecho|Cosmic Power|p1a: Chimecho\n|-boost|p1a: Chimecho|def|1\n|-boost|p1a: Chimecho|spd|1\n|\n|-damage|p2b: Iron Treads|21\/100 tox|[from] psn\n|upkeep\n|turn|15\n|inactive|sortilum has 120 seconds left.\n|\n|t:|1700501941\n|move|p2b: Iron Treads|Iron Head|p1b: Grimmsnarl\n|-supereffective|p1b: Grimmsnarl\n|-damage|p1b: Grimmsnarl|0 fnt\n|faint|p1b: Grimmsnarl\n|move|p2a: Hydreigon|Dark Pulse|p1a: Chimecho\n|-damage|p1a: Chimecho|67\/100\n|cant|p1a: Chimecho|flinch\n|\n|-damage|p2b: Iron Treads|8\/100 tox|[from] psn\n|-fieldend|move: Electric Terrain\n|-end|p2b: Iron Treads|Quark Drive\n|upkeep\n|turn|16\n|\n|t:|1700501953\n|move|p2b: Iron Treads|Iron Head|p1a: Chimecho\n|-resisted|p1a: Chimecho\n|-crit|p1a: Chimecho\n|-damage|p1a: Chimecho|42\/100\n|move|p2a: Hydreigon|Dark Pulse|p1a: Chimecho\n|-damage|p1a: Chimecho|32\/100\n|move|p1a: Chimecho|Cosmic Power|p1a: Chimecho\n|-boost|p1a: Chimecho|def|1\n|-boost|p1a: Chimecho|spd|1\n|\n|-damage|p2b: Iron Treads|0 fnt|[from] psn\n|faint|p2b: Iron Treads\n|-end|p2b: Iron Treads|Quark Drive|[silent]\n|upkeep\n|\n|t:|1700501965\n|switch|p2b: Raichu|Raichu-Alola, F, shiny|88\/100 tox\n|turn|17\n|\n|t:|1700501981\n|move|p2a: Hydreigon|Dark Pulse|p1a: Chimecho\n|-damage|p1a: Chimecho|23\/100\n|move|p2b: Raichu|Nasty Plot|p2b: Raichu\n|-boost|p2b: Raichu|spa|2\n|move|p1a: Chimecho|Recover|p1a: Chimecho\n|-heal|p1a: Chimecho|73\/100\n|\n|-heal|p2b: Raichu|94\/100 tox|[from] item: Leftovers\n|-damage|p2b: Raichu|88\/100 tox|[from] psn\n|upkeep\n|turn|18\n|\n|t:|1700502002\n|switch|p2a: Thundurus|Thundurus, M|65\/100\n|move|p2b: Raichu|Protect|p2b: Raichu\n|-singleturn|p2b: Raichu|Protect\n|move|p1a: Chimecho|Stored Power|p2b: Raichu\n|-activate|p2b: Raichu|move: Protect\n|\n|-heal|p2b: Raichu|94\/100 tox|[from] item: Leftovers\n|-damage|p2b: Raichu|82\/100 tox|[from] psn\n|upkeep\n|turn|19\n|\n|t:|1700502013\n|move|p2a: Thundurus|Electric Terrain|p2a: Thundurus\n|-fieldstart|move: Electric Terrain\n|move|p2b: Raichu|Electro Ball|p1a: Chimecho\n|-resisted|p1a: Chimecho\n|-crit|p1a: Chimecho\n|-damage|p1a: Chimecho|0 fnt\n|faint|p1a: Chimecho\n|\n|win|ProGamerFortnite67\n|raw|sortilum's rating: 1114 &rarr; <strong>1094<\/strong><br \/>(-20 for losing)\n|raw|ProGamerFortnite67's rating: 1185 &rarr; <strong>1205<\/strong><br \/>(+20 for winning)\n|c|\u2606ProGamerFortnite67|gg\n|l|\u203dsortilum\n","uploadtime":1700502025,"views":4,"p1id":"sortilum","p2id":"progamerfortnite67","formatid":"gen9doublesou","rating":1094,"private":0,"password":""}