{"id":"gen9doublesou-1988329847","p1":"fcamrod","p2":"reposefulpallas","format":"[Gen 9] Doubles OU","log":"|j|\u2606fcamrod\n|j|\u2606reposefulpallas\n|t:|1699709495\n|gametype|doubles\n|player|p1|fcamrod|turo-ai|1614\n|player|p2|reposefulpallas|pokemonrangerf-gen3rs|1408\n|teamsize|p1|6\n|teamsize|p2|6\n|gen|9\n|tier|[Gen 9] Doubles OU\n|rated|\n|rule|Species Clause: Limit one of each Pok\u00e9mon\n|rule|OHKO Clause: OHKO moves are banned\n|rule|Evasion Moves Clause: Evasion moves are banned\n|rule|Gravity Sleep Clause: The combination of sleep-inducing moves with imperfect accuracy and Gravity or Gigantamax Orbeetle are banned\n|rule|Endless Battle Clause: Forcing endless battles is banned\n|rule|HP Percentage Mod: HP is shown in percentages\n|clearpoke\n|poke|p1|Gyarados, F|\n|poke|p1|Ting-Lu|\n|poke|p1|Iron Hands|\n|poke|p1|Amoonguss, M|\n|poke|p1|Ogerpon-Hearthflame, F|\n|poke|p1|Grimmsnarl, M|\n|poke|p2|Kommo-o, M|\n|poke|p2|Arcanine-Hisui, F|\n|poke|p2|Sinistcha|\n|poke|p2|Illumise, F|\n|poke|p2|Chi-Yu|\n|poke|p2|Oricorio-Pom-Pom, F|\n|teampreview\n|inactive|Battle timer is ON: inactive players will automatically lose when time's up. (requested by fcamrod)\n|\n|t:|1699709516\n|start\n|switch|p1a: Grimmsnarl|Grimmsnarl, M|100\/100\n|switch|p1b: Ting-Lu|Ting-Lu|100\/100\n|switch|p2a: Trap Queen|Illumise, F|100\/100\n|switch|p2b: Le Fishe Au Magma|Chi-Yu|100\/100\n|-ability|p2b: Le Fishe Au Magma|Beads of Ruin\n|-ability|p1b: Ting-Lu|Vessel of Ruin\n|turn|1\n|\n|t:|1699709524\n|move|p1a: Grimmsnarl|Fake Out|p2b: Le Fishe Au Magma\n|-damage|p2b: Le Fishe Au Magma|83\/100\n|move|p2a: Trap Queen|Tailwind|p2a: Trap Queen\n|-sidestart|p2: reposefulpallas|move: Tailwind\n|cant|p2b: Le Fishe Au Magma|flinch\n|move|p1b: Ting-Lu|Snarl|p2a: Trap Queen|[spread] p2a,p2b\n|-resisted|p2b: Le Fishe Au Magma\n|-damage|p2a: Trap Queen|87\/100\n|-damage|p2b: Le Fishe Au Magma|78\/100\n|-unboost|p2a: Trap Queen|spa|1\n|-unboost|p2b: Le Fishe Au Magma|spa|1\n|\n|upkeep\n|turn|2\n|\n|t:|1699709539\n|move|p1a: Grimmsnarl|Light Screen|p1a: Grimmsnarl\n|-sidestart|p1: fcamrod|move: Light Screen\n|move|p2b: Le Fishe Au Magma|Heat Wave|p1b: Ting-Lu|[spread] p1a,p1b\n|-damage|p1a: Grimmsnarl|76\/100\n|-damage|p1b: Ting-Lu|84\/100\n|move|p2a: Trap Queen|Struggle Bug|p1a: Grimmsnarl|[spread] p1a,p1b\n|-supereffective|p1b: Ting-Lu\n|-damage|p1a: Grimmsnarl|71\/100\n|-damage|p1b: Ting-Lu|78\/100\n|-unboost|p1a: Grimmsnarl|spa|1\n|-unboost|p1b: Ting-Lu|spa|1\n|move|p1b: Ting-Lu|Stealth Rock|p2a: Trap Queen\n|-sidestart|p2: reposefulpallas|move: Stealth Rock\n|\n|-heal|p1b: Ting-Lu|85\/100|[from] item: Leftovers\n|upkeep\n|turn|3\n|\n|t:|1699709552\n|move|p1a: Grimmsnarl|Parting Shot|p2a: Trap Queen\n|-unboost|p2a: Trap Queen|atk|1\n|-unboost|p2a: Trap Queen|spa|1\n|\n|t:|1699709562\n|switch|p1a: Gyarados|Gyarados, F|100\/100|[from] Parting Shot\n|-ability|p1a: Gyarados|Intimidate|boost\n|-unboost|p2a: Trap Queen|atk|1\n|-unboost|p2b: Le Fishe Au Magma|atk|1\n|move|p2b: Le Fishe Au Magma|Heat Wave|p1b: Ting-Lu|[spread] p1a,p1b\n|-resisted|p1a: Gyarados\n|-damage|p1a: Gyarados|91\/100\n|-damage|p1b: Ting-Lu|68\/100\n|move|p2a: Trap Queen|Struggle Bug|p1a: Gyarados|[spread] p1a,p1b\n|-resisted|p1a: Gyarados\n|-supereffective|p1b: Ting-Lu\n|-damage|p1a: Gyarados|90\/100\n|-damage|p1b: Ting-Lu|63\/100\n|-unboost|p1a: Gyarados|spa|1\n|-unboost|p1b: Ting-Lu|spa|1\n|move|p1b: Ting-Lu|Snarl|p2b: Le Fishe Au Magma|[spread] p2a,p2b\n|-resisted|p2b: Le Fishe Au Magma\n|-damage|p2a: Trap Queen|80\/100\n|-damage|p2b: Le Fishe Au Magma|76\/100\n|-unboost|p2a: Trap Queen|spa|1\n|-unboost|p2b: Le Fishe Au Magma|spa|1\n|\n|-heal|p1a: Gyarados|96\/100|[from] item: Leftovers\n|-heal|p1b: Ting-Lu|70\/100|[from] item: Leftovers\n|upkeep\n|turn|4\n|\n|t:|1699709584\n|move|p2a: Trap Queen|Charm|p1a: Gyarados\n|-unboost|p1a: Gyarados|atk|2\n|move|p2b: Le Fishe Au Magma|Heat Wave|p1b: Ting-Lu|[spread] p1a,p1b\n|-resisted|p1a: Gyarados\n|-damage|p1a: Gyarados|89\/100\n|-damage|p1b: Ting-Lu|58\/100\n|move|p1a: Gyarados|Taunt|p2a: Trap Queen\n|-start|p2a: Trap Queen|move: Taunt\n|move|p1b: Ting-Lu|Spikes|p2b: Le Fishe Au Magma\n|-sidestart|p2: reposefulpallas|Spikes\n|\n|-heal|p1a: Gyarados|95\/100|[from] item: Leftovers\n|-heal|p1b: Ting-Lu|65\/100|[from] item: Leftovers\n|-sideend|p2: reposefulpallas|move: Tailwind\n|upkeep\n|turn|5\n|\n|t:|1699709596\n|move|p2b: Le Fishe Au Magma|Heat Wave|p1a: Gyarados|[spread] p1a,p1b\n|-resisted|p1a: Gyarados\n|-damage|p1a: Gyarados|88\/100\n|-damage|p1b: Ting-Lu|52\/100\n|move|p2a: Trap Queen|Struggle Bug|p1a: Gyarados|[spread] p1a,p1b\n|-resisted|p1a: Gyarados\n|-supereffective|p1b: Ting-Lu\n|-damage|p1a: Gyarados|86\/100\n|-damage|p1b: Ting-Lu|50\/100\n|-unboost|p1a: Gyarados|spa|1\n|-unboost|p1b: Ting-Lu|spa|1\n|move|p1a: Gyarados|Thunder Wave|p2b: Le Fishe Au Magma\n|-status|p2b: Le Fishe Au Magma|par\n|move|p1b: Ting-Lu|Spikes|p2a: Trap Queen\n|-sidestart|p2: reposefulpallas|Spikes\n|\n|-heal|p1a: Gyarados|92\/100|[from] item: Leftovers\n|-heal|p1b: Ting-Lu|56\/100|[from] item: Leftovers\n|upkeep\n|turn|6\n|\n|t:|1699709613\n|switch|p2b: Cup of Cancer|Sinistcha|100\/100\n|-damage|p2b: Cup of Cancer|88\/100|[from] Stealth Rock\n|-damage|p2b: Cup of Cancer|72\/100|[from] Spikes\n|-heal|p2a: Trap Queen|100\/100|[from] ability: Hospitality|[of] p2b: Cup of Cancer\n|move|p2a: Trap Queen|Struggle Bug|p1b: Ting-Lu|[spread] p1a,p1b\n|-resisted|p1a: Gyarados\n|-supereffective|p1b: Ting-Lu\n|-damage|p1a: Gyarados|91\/100\n|-damage|p1b: Ting-Lu|53\/100\n|-unboost|p1a: Gyarados|spa|1\n|-unboost|p1b: Ting-Lu|spa|1\n|move|p1b: Ting-Lu|Snarl|p2b: Cup of Cancer|[spread] p2a,p2b\n|-supereffective|p2b: Cup of Cancer\n|-damage|p2a: Trap Queen|97\/100\n|-damage|p2b: Cup of Cancer|65\/100\n|-unboost|p2a: Trap Queen|spa|1\n|-unboost|p2b: Cup of Cancer|spa|1\n|move|p1a: Gyarados|Dragon Tail|p2a: Trap Queen|[miss]\n|-miss|p1a: Gyarados|p2a: Trap Queen\n|\n|-heal|p1a: Gyarados|97\/100|[from] item: Leftovers\n|-heal|p2b: Cup of Cancer|71\/100|[from] item: Leftovers\n|-heal|p1b: Ting-Lu|59\/100|[from] item: Leftovers\n|upkeep\n|turn|7\n|\n|t:|1699709632\n|move|p2a: Trap Queen|Struggle Bug|p1a: Gyarados|[spread] p1a,p1b\n|-resisted|p1a: Gyarados\n|-supereffective|p1b: Ting-Lu\n|-damage|p1a: Gyarados|97\/100\n|-damage|p1b: Ting-Lu|57\/100\n|-unboost|p1a: Gyarados|spa|1\n|-unboost|p1b: Ting-Lu|spa|1\n|move|p1a: Gyarados|Taunt|p2b: Cup of Cancer\n|-start|p2b: Cup of Cancer|move: Taunt\n|move|p2b: Cup of Cancer|Matcha Gotcha|p1b: Ting-Lu|[spread] p1a,p1b\n|-supereffective|p1b: Ting-Lu\n|-damage|p1a: Gyarados|87\/100\n|-heal|p2b: Cup of Cancer|75\/100|[from] drain|[of] p1a: Gyarados\n|-damage|p1b: Ting-Lu|44\/100\n|-heal|p2b: Cup of Cancer|84\/100|[from] drain|[of] p1b: Ting-Lu\n|-status|p1a: Gyarados|brn\n|move|p1b: Ting-Lu|Spikes|p2b: Cup of Cancer\n|-sidestart|p2: reposefulpallas|Spikes\n|\n|-heal|p1a: Gyarados|93\/100 brn|[from] item: Leftovers\n|-heal|p2b: Cup of Cancer|90\/100|[from] item: Leftovers\n|-heal|p1b: Ting-Lu|50\/100|[from] item: Leftovers\n|-damage|p1a: Gyarados|87\/100 brn|[from] brn\n|-end|p2a: Trap Queen|move: Taunt\n|upkeep\n|turn|8\n|\n|t:|1699709654\n|move|p2a: Trap Queen|Encore|p1a: Gyarados\n|-start|p1a: Gyarados|Encore\n|move|p1a: Gyarados|Taunt|p2a: Trap Queen\n|-start|p2a: Trap Queen|move: Taunt\n|move|p2b: Cup of Cancer|Matcha Gotcha|p1a: Gyarados|[spread] p1a,p1b\n|-supereffective|p1b: Ting-Lu\n|-damage|p1a: Gyarados|78\/100 brn\n|-heal|p2b: Cup of Cancer|95\/100|[from] drain|[of] p1a: Gyarados\n|-damage|p1b: Ting-Lu|36\/100\n|-heal|p2b: Cup of Cancer|100\/100|[from] drain|[of] p1b: Ting-Lu\n|move|p1b: Ting-Lu|Snarl|p2b: Cup of Cancer|[spread] p2a,p2b\n|-crit|p2a: Trap Queen\n|-supereffective|p2b: Cup of Cancer\n|-damage|p2a: Trap Queen|82\/100\n|-damage|p2b: Cup of Cancer|95\/100\n|-unboost|p2a: Trap Queen|spa|1\n|-unboost|p2b: Cup of Cancer|spa|1\n|\n|-heal|p1a: Gyarados|84\/100 brn|[from] item: Leftovers\n|-heal|p2b: Cup of Cancer|100\/100|[from] item: Leftovers\n|-heal|p1b: Ting-Lu|42\/100|[from] item: Leftovers\n|-damage|p1a: Gyarados|78\/100 brn|[from] brn\n|upkeep\n|turn|9\n|\n|t:|1699709673\n|switch|p2a: Girl's Best Friend|Arcanine-Hisui, F|100\/100\n|-damage|p2a: Girl's Best Friend|76\/100|[from] Stealth Rock\n|-damage|p2a: Girl's Best Friend|51\/100|[from] Spikes\n|-ability|p2a: Girl's Best Friend|Intimidate|boost\n|-unboost|p1a: Gyarados|atk|1\n|-unboost|p1b: Ting-Lu|atk|1\n|switch|p1a: Grimmsnarl|Grimmsnarl, M|71\/100\n|switch|p1b: Amoonguss|Amoonguss, M, shiny|100\/100\n|move|p2b: Cup of Cancer|Matcha Gotcha|p1a: Grimmsnarl|[spread] p1a,p1b\n|-resisted|p1b: Amoonguss\n|-damage|p1a: Grimmsnarl|61\/100\n|-damage|p1b: Amoonguss|98\/100\n|\n|-end|p2b: Cup of Cancer|move: Taunt\n|-sideend|p1: fcamrod|move: Light Screen\n|upkeep\n|turn|10\n|\n|t:|1699709691\n|move|p1a: Grimmsnarl|Fake Out|p2a: Girl's Best Friend\n|-resisted|p2a: Girl's Best Friend\n|-damage|p2a: Girl's Best Friend|44\/100\n|-damage|p1a: Grimmsnarl|44\/100|[from] item: Rocky Helmet|[of] p2a: Girl's Best Friend\n|cant|p2a: Girl's Best Friend|flinch\n|move|p2b: Cup of Cancer|Calm Mind|p2b: Cup of Cancer\n|-boost|p2b: Cup of Cancer|spa|1\n|-boost|p2b: Cup of Cancer|spd|1\n|move|p1b: Amoonguss|Spore|p2a: Girl's Best Friend\n|-status|p2a: Girl's Best Friend|slp|[from] move: Spore\n|\n|upkeep\n|turn|11\n|\n|t:|1699709703\n|move|p1a: Grimmsnarl|Light Screen|p1a: Grimmsnarl\n|-sidestart|p1: fcamrod|move: Light Screen\n|cant|p2a: Girl's Best Friend|slp\n|move|p2b: Cup of Cancer|Calm Mind|p2b: Cup of Cancer\n|-boost|p2b: Cup of Cancer|spa|1\n|-boost|p2b: Cup of Cancer|spd|1\n|move|p1b: Amoonguss|Pollen Puff|p1a: Grimmsnarl\n|-heal|p1a: Grimmsnarl|94\/100\n|\n|upkeep\n|turn|12\n|\n|t:|1699709715\n|move|p1a: Grimmsnarl|Parting Shot|p2a: Girl's Best Friend\n|-unboost|p2a: Girl's Best Friend|atk|1\n|-unboost|p2a: Girl's Best Friend|spa|1\n|\n|t:|1699709718\n|switch|p1a: Gyarados|Gyarados, F|78\/100 brn|[from] Parting Shot\n|-ability|p1a: Gyarados|Intimidate|boost\n|-unboost|p2a: Girl's Best Friend|atk|1\n|-unboost|p2b: Cup of Cancer|atk|1\n|-curestatus|p2a: Girl's Best Friend|slp|[msg]\n|move|p2a: Girl's Best Friend|Flare Blitz|p1b: Amoonguss\n|-supereffective|p1b: Amoonguss\n|-damage|p1b: Amoonguss|49\/100\n|-damage|p2a: Girl's Best Friend|27\/100|[from] item: Rocky Helmet|[of] p1b: Amoonguss\n|-damage|p2a: Girl's Best Friend|10\/100|[from] Recoil\n|move|p2b: Cup of Cancer|Calm Mind|p2b: Cup of Cancer\n|-boost|p2b: Cup of Cancer|spa|1\n|-boost|p2b: Cup of Cancer|spd|1\n|move|p1b: Amoonguss|Clear Smog|p2b: Cup of Cancer\n|-crit|p2b: Cup of Cancer\n|-damage|p2b: Cup of Cancer|72\/100\n|-clearboost|p2b: Cup of Cancer\n|\n|-heal|p1a: Gyarados|84\/100 brn|[from] item: Leftovers\n|-heal|p2b: Cup of Cancer|78\/100|[from] item: Leftovers\n|-damage|p1a: Gyarados|78\/100 brn|[from] brn\n|upkeep\n|turn|13\n|\n|t:|1699709739\n|switch|p1b: Grimmsnarl|Grimmsnarl, M|94\/100\n|move|p2a: Girl's Best Friend|Rock Slide|p1b: Grimmsnarl|[spread] p1a,p1b\n|-supereffective|p1a: Gyarados\n|-crit|p1a: Gyarados\n|-crit|p1b: Grimmsnarl\n|-damage|p1a: Gyarados|0 fnt\n|-damage|p1b: Grimmsnarl|55\/100\n|faint|p1a: Gyarados\n|move|p2b: Cup of Cancer|Matcha Gotcha|p1b: Grimmsnarl\n|-damage|p1b: Grimmsnarl|29\/100\n|-heal|p2b: Cup of Cancer|90\/100|[from] drain|[of] p1b: Grimmsnarl\n|\n|-heal|p2b: Cup of Cancer|96\/100|[from] item: Leftovers\n|upkeep\n|inactive|fcamrod has 120 seconds left.\n|\n|t:|1699709755\n|switch|p1a: Ting-Lu|Ting-Lu|42\/100\n|-ability|p1a: Ting-Lu|Vessel of Ruin\n|turn|14\n|\n|t:|1699709759\n|move|p1b: Grimmsnarl|Fake Out|p2a: Girl's Best Friend\n|-resisted|p2a: Girl's Best Friend\n|-damage|p2a: Girl's Best Friend|3\/100\n|-damage|p1b: Grimmsnarl|12\/100|[from] item: Rocky Helmet|[of] p2a: Girl's Best Friend\n|cant|p2a: Girl's Best Friend|flinch\n|move|p2b: Cup of Cancer|Matcha Gotcha|p1b: Grimmsnarl|[spread] p1a,p1b\n|-supereffective|p1a: Ting-Lu\n|-damage|p1a: Ting-Lu|20\/100\n|-heal|p2b: Cup of Cancer|100\/100|[from] drain|[of] p1a: Ting-Lu\n|-damage|p1b: Grimmsnarl|0 fnt\n|faint|p1b: Grimmsnarl\n|move|p1a: Ting-Lu|Snarl|p2a: Girl's Best Friend|[spread] p2a,p2b\n|-supereffective|p2b: Cup of Cancer\n|-damage|p2a: Girl's Best Friend|0 fnt\n|-damage|p2b: Cup of Cancer|80\/100\n|-unboost|p2b: Cup of Cancer|spa|1\n|faint|p2a: Girl's Best Friend\n|\n|-heal|p2b: Cup of Cancer|86\/100|[from] item: Leftovers\n|-heal|p1a: Ting-Lu|26\/100|[from] item: Leftovers\n|upkeep\n|\n|t:|1699709779\n|switch|p2a: Disco King|Kommo-o, M|100\/100\n|switch|p1b: Amoonguss|Amoonguss, M, shiny|83\/100\n|-damage|p2a: Disco King|94\/100|[from] Stealth Rock\n|-damage|p2a: Disco King|70\/100|[from] Spikes\n|turn|15\n|\n|t:|1699709794\n|move|p2a: Disco King|Drain Punch|p1a: Ting-Lu\n|-supereffective|p1a: Ting-Lu\n|-damage|p1a: Ting-Lu|0 fnt\n|-heal|p2a: Disco King|90\/100|[from] drain|[of] p1a: Ting-Lu\n|faint|p1a: Ting-Lu\n|move|p2b: Cup of Cancer|Calm Mind|p2b: Cup of Cancer\n|-boost|p2b: Cup of Cancer|spa|1\n|-boost|p2b: Cup of Cancer|spd|1\n|move|p1b: Amoonguss|Pollen Puff|p1: Ting-Lu|[notarget]\n|-fail|p1b: Amoonguss\n|\n|-heal|p2b: Cup of Cancer|92\/100|[from] item: Leftovers\n|upkeep\n|\n|t:|1699709805\n|switch|p1a: Ogerpon|Ogerpon-Hearthflame, F|100\/100\n|-ability|p1a: Ogerpon|Mold Breaker\n|turn|16\n|\n|t:|1699709808\n|move|p2b: Cup of Cancer|Protect|p2b: Cup of Cancer\n|-singleturn|p2b: Cup of Cancer|Protect\n|move|p1a: Ogerpon|Ivy Cudgel|p2b: Cup of Cancer\n|-activate|p2b: Cup of Cancer|move: Protect\n|move|p2a: Disco King|Poison Jab|p1a: Ogerpon\n|-supereffective|p1a: Ogerpon\n|-damage|p1a: Ogerpon|33\/100\n|move|p1b: Amoonguss|Spore|p2a: Disco King\n|-status|p2a: Disco King|slp|[from] move: Spore\n|\n|-heal|p2b: Cup of Cancer|98\/100|[from] item: Leftovers\n|upkeep\n|turn|17\n|\n|t:|1699709829\n|-terastallize|p2b: Cup of Cancer|Normal\n|move|p1a: Ogerpon|Ivy Cudgel|p2b: Cup of Cancer\n|-damage|p2b: Cup of Cancer|39\/100\n|cant|p2a: Disco King|slp\n|move|p2b: Cup of Cancer|Shadow Ball|p1a: Ogerpon\n|-damage|p1a: Ogerpon|0 fnt\n|faint|p1a: Ogerpon\n|move|p1b: Amoonguss|Pollen Puff|p1: Ogerpon|[notarget]\n|-fail|p1b: Amoonguss\n|\n|-heal|p2b: Cup of Cancer|45\/100|[from] item: Leftovers\n|upkeep\n|\n|t:|1699709838\n|switch|p1a: Iron Hands|Iron Hands|100\/100\n|-enditem|p1a: Iron Hands|Booster Energy\n|-activate|p1a: Iron Hands|ability: Quark Drive|[fromitem]\n|-start|p1a: Iron Hands|quarkdriveatk\n|turn|18\n|\n|t:|1699709846\n|move|p2b: Cup of Cancer|Protect|p2b: Cup of Cancer\n|-singleturn|p2b: Cup of Cancer|Protect\n|-curestatus|p2a: Disco King|slp|[msg]\n|move|p2a: Disco King|Drain Punch|p1a: Iron Hands\n|-damage|p1a: Iron Hands|79\/100\n|-heal|p2a: Disco King|100\/100|[from] drain|[of] p1a: Iron Hands\n|move|p1a: Iron Hands|Swords Dance|p1a: Iron Hands\n|-boost|p1a: Iron Hands|atk|2\n|move|p1b: Amoonguss|Spore|p2b: Cup of Cancer\n|-activate|p2b: Cup of Cancer|move: Protect\n|\n|-heal|p2b: Cup of Cancer|51\/100|[from] item: Leftovers\n|-sideend|p1: fcamrod|move: Light Screen\n|upkeep\n|turn|19\n|\n|t:|1699709859\n|move|p1a: Iron Hands|Protect|p1a: Iron Hands\n|-singleturn|p1a: Iron Hands|Protect\n|move|p2a: Disco King|Drain Punch|p1a: Iron Hands\n|-activate|p1a: Iron Hands|move: Protect\n|move|p2b: Cup of Cancer|Matcha Gotcha|p1b: Amoonguss|[spread] p1b\n|-activate|p1a: Iron Hands|move: Protect\n|-resisted|p1b: Amoonguss\n|-damage|p1b: Amoonguss|76\/100\n|-heal|p2b: Cup of Cancer|55\/100|[from] drain|[of] p1b: Amoonguss\n|move|p1b: Amoonguss|Spore|p2b: Cup of Cancer\n|-status|p2b: Cup of Cancer|slp|[from] move: Spore\n|\n|-heal|p2b: Cup of Cancer|61\/100 slp|[from] item: Leftovers\n|upkeep\n|turn|20\n|\n|t:|1699709876\n|move|p2a: Disco King|Drain Punch|p1a: Iron Hands\n|-damage|p1a: Iron Hands|58\/100\n|cant|p2b: Cup of Cancer|slp\n|move|p1a: Iron Hands|Swords Dance|p1a: Iron Hands\n|-boost|p1a: Iron Hands|atk|2\n|move|p1b: Amoonguss|Spore|p2a: Disco King\n|-status|p2a: Disco King|slp|[from] move: Spore\n|\n|-heal|p2b: Cup of Cancer|67\/100 slp|[from] item: Leftovers\n|upkeep\n|turn|21\n|\n|t:|1699709901\n|move|p1b: Amoonguss|Rage Powder|p1b: Amoonguss\n|-singleturn|p1b: Amoonguss|move: Rage Powder\n|cant|p2a: Disco King|slp\n|cant|p2b: Cup of Cancer|slp\n|move|p1a: Iron Hands|Drain Punch|p2b: Cup of Cancer\n|-supereffective|p2b: Cup of Cancer\n|-damage|p2b: Cup of Cancer|0 fnt\n|-heal|p1a: Iron Hands|84\/100|[from] drain|[of] p2b: Cup of Cancer\n|faint|p2b: Cup of Cancer\n|\n|upkeep\n|\n|t:|1699709907\n|switch|p2b: Trap Queen|Illumise, F|82\/100\n|-damage|p2b: Trap Queen|57\/100|[from] Stealth Rock\n|-damage|p2b: Trap Queen|32\/100|[from] Spikes\n|turn|22\n|\n|t:|1699709917\n|move|p2b: Trap Queen|Charm|p1a: Iron Hands\n|-unboost|p1a: Iron Hands|atk|2\n|-curestatus|p2a: Disco King|slp|[msg]\n|move|p2a: Disco King|Drain Punch|p1a: Iron Hands\n|-damage|p1a: Iron Hands|64\/100\n|move|p1a: Iron Hands|Drain Punch|p2a: Disco King\n|-damage|p2a: Disco King|10\/100\n|-heal|p1a: Iron Hands|94\/100|[from] drain|[of] p2a: Disco King\n|move|p1b: Amoonguss|Spore|p2b: Trap Queen\n|-status|p2b: Trap Queen|slp|[from] move: Spore\n|\n|upkeep\n|turn|23\n|\n|t:|1699709931\n|move|p1b: Amoonguss|Rage Powder|p1b: Amoonguss\n|-singleturn|p1b: Amoonguss|move: Rage Powder\n|cant|p2b: Trap Queen|slp\n|move|p2a: Disco King|Dragon Claw|p1b: Amoonguss\n|-damage|p1b: Amoonguss|46\/100\n|-damage|p2a: Disco King|0 fnt|[from] item: Rocky Helmet|[of] p1b: Amoonguss\n|faint|p2a: Disco King\n|move|p1a: Iron Hands|Swords Dance|p1a: Iron Hands\n|-boost|p1a: Iron Hands|atk|2\n|\n|upkeep\n|\n|t:|1699709934\n|switch|p2a: Le Fishe Au Magma|Chi-Yu|76\/100 par\n|-damage|p2a: Le Fishe Au Magma|51\/100 par|[from] Stealth Rock\n|-damage|p2a: Le Fishe Au Magma|26\/100 par|[from] Spikes\n|-ability|p2a: Le Fishe Au Magma|Beads of Ruin\n|turn|24\n|\n|t:|1699709951\n|cant|p2b: Trap Queen|slp\n|move|p2a: Le Fishe Au Magma|Psychic|p1a: Iron Hands\n|-supereffective|p1a: Iron Hands\n|-damage|p1a: Iron Hands|0 fnt\n|faint|p1a: Iron Hands\n|-end|p1a: Iron Hands|Quark Drive|[silent]\n|move|p1b: Amoonguss|Pollen Puff|p1: Iron Hands|[notarget]\n|-fail|p1b: Amoonguss\n|\n|upkeep\n|turn|25\n|-message|fcamrod forfeited.\n|\n|win|reposefulpallas\n|raw|fcamrod's rating: 1614 &rarr; <strong>1583<\/strong><br \/>(-31 for losing)\n|raw|reposefulpallas's rating: 1408 &rarr; <strong>1439<\/strong><br \/>(+31 for winning)\n|c|\u2606reposefulpallas|thank god\n|c|\u2606fcamrod|gg\n|c|\u2606reposefulpallas|ggwp\n|l|\u2606fcamrod\n","uploadtime":1699710138,"views":21,"p1id":"fcamrod","p2id":"reposefulpallas","formatid":"gen9doublesou","rating":1439,"private":0,"password":""}