{"id":"gen9doublesou-1990475512","p1":"mikeyuwu","p2":"baneberrie","format":"[Gen 9] Doubles OU","log":"|j|\u2606mikeyuwu\n|j|\u203dbaneberrie\n|t:|1699974428\n|gametype|doubles\n|player|p1|mikeyuwu|psychic-gen4|1399\n|player|p2|baneberrie|acetrainerf|1293\n|teamsize|p1|6\n|teamsize|p2|6\n|gen|9\n|tier|[Gen 9] Doubles OU\n|rated|\n|rule|Species Clause: Limit one of each Pok\u00e9mon\n|rule|OHKO Clause: OHKO moves are banned\n|rule|Evasion Moves Clause: Evasion moves are banned\n|rule|Gravity Sleep Clause: The combination of sleep-inducing moves with imperfect accuracy and Gravity or Gigantamax Orbeetle are banned\n|rule|Endless Battle Clause: Forcing endless battles is banned\n|rule|HP Percentage Mod: HP is shown in percentages\n|clearpoke\n|poke|p1|Garchomp, M|\n|poke|p1|Tyranitar, F|\n|poke|p1|Vaporeon, F|\n|poke|p1|Toxicroak, M|\n|poke|p1|Pelipper, F|\n|poke|p1|Abomasnow, M|\n|poke|p2|Torkoal, M|\n|poke|p2|Leafeon, F|\n|poke|p2|Great Tusk|\n|poke|p2|Amoonguss, M|\n|poke|p2|Heatran, M|\n|poke|p2|Landorus-Therian, M|\n|teampreview\n|inactive|Battle timer is ON: inactive players will automatically lose when time's up. (requested by baneberrie)\n|\n|t:|1699974434\n|start\n|switch|p1a: OTLHPM|Toxicroak, M|100\/100\n|switch|p1b: Cold Shoulder|Abomasnow, M, shiny|100\/100\n|switch|p2a: Torkoal|Torkoal, M|100\/100\n|switch|p2b: Landorus|Landorus-Therian, M|100\/100\n|-ability|p2b: Landorus|Intimidate|boost\n|-unboost|p1a: OTLHPM|atk|1\n|-unboost|p1b: Cold Shoulder|atk|1\n|-weather|Snow|[from] ability: Snow Warning|[of] p1b: Cold Shoulder\n|-weather|SunnyDay|[from] ability: Drought|[of] p2a: Torkoal\n|turn|1\n|\n|t:|1699974446\n|switch|p1a: Weather War|Pelipper, F|100\/100\n|-weather|RainDance|[from] ability: Drizzle|[of] p1a: Weather War\n|move|p2b: Landorus|U-turn|p1b: Cold Shoulder\n|-supereffective|p1b: Cold Shoulder\n|-damage|p1b: Cold Shoulder|54\/100\n|\n|t:|1699974454\n|switch|p2b: Heatran|Heatran, M|100\/100|[from] U-turn\n|-item|p2b: Heatran|Air Balloon\n|move|p1b: Cold Shoulder|Weather Ball|p2a: Torkoal\n|-supereffective|p2a: Torkoal\n|-damage|p2a: Torkoal|0 fnt\n|faint|p2a: Torkoal\n|\n|-weather|RainDance|[upkeep]\n|upkeep\n|\n|t:|1699974470\n|switch|p2a: Amoonguss|Amoonguss, M|100\/100\n|turn|2\n|\n|t:|1699974482\n|switch|p1b: Harmacy|Vaporeon, F|100\/100\n|move|p2b: Heatran|Magma Storm|p1b: Harmacy|[miss]\n|-miss|p2b: Heatran|p1b: Harmacy\n|move|p1a: Weather War|Soak|p2a: Amoonguss\n|-start|p2a: Amoonguss|typechange|Water\n|move|p2a: Amoonguss|Spore|p1a: Weather War\n|-status|p1a: Weather War|slp|[from] move: Spore\n|\n|-weather|RainDance|[upkeep]\n|upkeep\n|turn|3\n|\n|t:|1699974501\n|switch|p1a: Extra Spicy|Garchomp, M|100\/100\n|switch|p1b: Cold Shoulder|Abomasnow, M, shiny|54\/100\n|-weather|Snow|[from] ability: Snow Warning|[of] p1b: Cold Shoulder\n|move|p2b: Heatran|Stealth Rock|p1a: Extra Spicy\n|-sidestart|p1: mikeyuwu|move: Stealth Rock\n|move|p2a: Amoonguss|Spore|p1b: Cold Shoulder\n|-immune|p1b: Cold Shoulder\n|\n|-weather|Snow|[upkeep]\n|upkeep\n|turn|4\n|\n|t:|1699974523\n|switch|p1b: ThcrThnSnkr|Tyranitar, F|100\/100\n|-damage|p1b: ThcrThnSnkr|88\/100|[from] Stealth Rock\n|-weather|Sandstorm|[from] ability: Sand Stream|[of] p1b: ThcrThnSnkr\n|move|p2a: Amoonguss|Protect|p2a: Amoonguss\n|-singleturn|p2a: Amoonguss|Protect\n|move|p1a: Extra Spicy|Liquidation|p2b: Heatran\n|-supereffective|p2b: Heatran\n|-damage|p2b: Heatran|53\/100\n|-unboost|p2b: Heatran|def|1\n|-enditem|p2b: Heatran|Air Balloon\n|move|p2b: Heatran|Magma Storm|p1a: Extra Spicy\n|-resisted|p1a: Extra Spicy\n|-damage|p1a: Extra Spicy|76\/100\n|-activate|p1a: Extra Spicy|move: Magma Storm|[of] p2b: Heatran\n|\n|-weather|Sandstorm|[upkeep]\n|-damage|p2a: Amoonguss|94\/100|[from] Sandstorm\n|-damage|p1a: Extra Spicy|64\/100|[from] move: Magma Storm|[partiallytrapped]\n|upkeep\n|turn|5\n|\n|t:|1699974551\n|switch|p2b: Landorus|Landorus-Therian, M|100\/100\n|-ability|p2b: Landorus|Intimidate|boost\n|-unboost|p1a: Extra Spicy|atk|1\n|-unboost|p1b: ThcrThnSnkr|atk|1\n|switch|p1b: Weather War|Pelipper, F|100\/100 slp\n|-weather|RainDance|[from] ability: Drizzle|[of] p1b: Weather War\n|move|p1a: Extra Spicy|Earthquake|p2b: Landorus|[spread] p2a\n|-immune|p1b: Weather War\n|-immune|p2b: Landorus\n|-damage|p2a: Amoonguss|74\/100\n|move|p2a: Amoonguss|Spore|p1b: Weather War\n|-fail|p1b: Weather War|slp\n|\n|-weather|RainDance|[upkeep]\n|-end|p1a: Extra Spicy|Magma Storm|[partiallytrapped]|[silent]\n|upkeep\n|turn|6\n|\n|t:|1699974573\n|switch|p2b: Heatran|Heatran, M|53\/100\n|move|p1a: Extra Spicy|Liquidation|p2b: Heatran\n|-supereffective|p2b: Heatran\n|-damage|p2b: Heatran|2\/100\n|cant|p1b: Weather War|slp\n|move|p2a: Amoonguss|Pollen Puff|p2b: Heatran\n|-heal|p2b: Heatran|52\/100\n|\n|-weather|RainDance|[upkeep]\n|upkeep\n|turn|7\n|\n|t:|1699974600\n|switch|p2b: Leafeon|Leafeon, F|100\/100\n|move|p1a: Extra Spicy|Earthquake|p2a: Amoonguss|[spread] p2a,p2b\n|-immune|p1b: Weather War\n|-resisted|p2b: Leafeon\n|-damage|p2a: Amoonguss|54\/100\n|-damage|p2b: Leafeon|90\/100\n|cant|p1b: Weather War|slp\n|move|p2a: Amoonguss|Spore|p1a: Extra Spicy\n|-status|p1a: Extra Spicy|slp|[from] move: Spore\n|\n|-weather|RainDance|[upkeep]\n|upkeep\n|turn|8\n|\n|t:|1699974619\n|switch|p1a: OTLHPM|Toxicroak, M|100\/100\n|-damage|p1a: OTLHPM|94\/100|[from] Stealth Rock\n|switch|p2a: Landorus|Landorus-Therian, M|100\/100\n|-ability|p2a: Landorus|Intimidate|boost\n|-unboost|p1a: OTLHPM|atk|1\n|-unboost|p1b: Weather War|atk|1\n|move|p2b: Leafeon|Leaf Blade|p1b: Weather War\n|-damage|p1b: Weather War|57\/100 slp\n|-damage|p2b: Leafeon|80\/100|[from] item: Life Orb\n|-curestatus|p1b: Weather War|slp|[msg]\n|move|p1b: Weather War|Hurricane|p2b: Leafeon\n|-supereffective|p2b: Leafeon\n|-damage|p2b: Leafeon|0 fnt\n|faint|p2b: Leafeon\n|\n|-weather|RainDance|[upkeep]\n|-heal|p1a: OTLHPM|100\/100|[from] ability: Dry Skin\n|upkeep\n|\n|t:|1699974638\n|switch|p2b: Great Tusk|Great Tusk|100\/100\n|turn|9\n|\n|t:|1699974649\n|switch|p1a: Harmacy|Vaporeon, F|100\/100\n|-damage|p1a: Harmacy|88\/100|[from] Stealth Rock\n|switch|p1b: Extra Spicy|Garchomp, M|64\/100 slp\n|-damage|p1b: Extra Spicy|58\/100 slp|[from] Stealth Rock\n|move|p2a: Landorus|Sandsear Storm|p1a: Harmacy|[spread] p1a,p1b\n|-damage|p1a: Harmacy|65\/100\n|-damage|p1b: Extra Spicy|25\/100 slp\n|move|p2b: Great Tusk|Knock Off|p1b: Extra Spicy\n|-damage|p1b: Extra Spicy|3\/100 slp\n|-damage|p2b: Great Tusk|88\/100|[from] ability: Rough Skin|[of] p1b: Extra Spicy\n|-damage|p2b: Great Tusk|71\/100|[from] item: Rocky Helmet|[of] p1b: Extra Spicy\n|-enditem|p1b: Extra Spicy|Rocky Helmet|[from] move: Knock Off|[of] p2b: Great Tusk\n|\n|-weather|none\n|-heal|p1a: Harmacy|71\/100|[from] item: Leftovers\n|upkeep\n|turn|10\n|\n|t:|1699974674\n|switch|p1b: Weather War|Pelipper, F|57\/100\n|-weather|RainDance|[from] ability: Drizzle|[of] p1b: Weather War\n|move|p2a: Landorus|Sandsear Storm|p1a: Harmacy|[spread] p1a\n|-immune|p1b: Weather War\n|-damage|p1a: Harmacy|46\/100\n|-status|p1a: Harmacy|brn\n|move|p2b: Great Tusk|Knock Off|p1a: Harmacy\n|-damage|p1a: Harmacy|22\/100 brn\n|-enditem|p1a: Harmacy|Leftovers|[from] move: Knock Off|[of] p2b: Great Tusk\n|move|p1a: Harmacy|Weather Ball|p2b: Great Tusk\n|-supereffective|p2b: Great Tusk\n|-damage|p2b: Great Tusk|0 fnt\n|faint|p2b: Great Tusk\n|-end|p2b: Great Tusk|Protosynthesis|[silent]\n|\n|-weather|RainDance|[upkeep]\n|-activate|p1a: Harmacy|ability: Hydration\n|-curestatus|p1a: Harmacy|brn|[msg]\n|upkeep\n|inactive|baneberrie has 120 seconds left.\n|\n|t:|1699974690\n|switch|p2b: Amoonguss|Amoonguss, M|87\/100\n|turn|11\n|\n|t:|1699974695\n|switch|p2a: Heatran|Heatran, M|52\/100\n|move|p2b: Amoonguss|Protect|p2b: Amoonguss\n|-singleturn|p2b: Amoonguss|Protect\n|move|p1b: Weather War|Hurricane|p2b: Amoonguss\n|-activate|p2b: Amoonguss|move: Protect\n|move|p1a: Harmacy|Copycat|p1a: Harmacy\n|move|p1a: Harmacy|Hurricane|p2b: Amoonguss|[from]move: Copycat\n|-activate|p2b: Amoonguss|move: Protect\n|\n|-weather|RainDance|[upkeep]\n|upkeep\n|turn|12\n|\n|t:|1699974719\n|move|p2a: Heatran|Stealth Rock||[still]\n|-fail|p2a: Heatran\n|move|p1b: Weather War|Hurricane|p2b: Amoonguss\n|-supereffective|p2b: Amoonguss\n|-damage|p2b: Amoonguss|29\/100\n|-start|p2b: Amoonguss|confusion\n|move|p1a: Harmacy|Weather Ball|p2a: Heatran\n|-supereffective|p2a: Heatran\n|-damage|p2a: Heatran|0 fnt\n|faint|p2a: Heatran\n|-activate|p2b: Amoonguss|confusion\n|move|p2b: Amoonguss|Spore|p1b: Weather War\n|-status|p1b: Weather War|slp|[from] move: Spore\n|\n|-weather|RainDance|[upkeep]\n|upkeep\n|\n|t:|1699974724\n|switch|p2a: Landorus|Landorus-Therian, M|100\/100\n|-ability|p2a: Landorus|Intimidate|boost\n|-unboost|p1a: Harmacy|atk|1\n|-unboost|p1b: Weather War|atk|1\n|turn|13\n|\n|t:|1699974736\n|switch|p1b: Cold Shoulder|Abomasnow, M, shiny|54\/100\n|-damage|p1b: Cold Shoulder|29\/100|[from] Stealth Rock\n|-weather|Snow|[from] ability: Snow Warning|[of] p1b: Cold Shoulder\n|-activate|p2b: Amoonguss|confusion\n|-damage|p2b: Amoonguss|22\/100|[from] confusion\n|move|p2a: Landorus|Sludge Bomb|p1a: Harmacy\n|-damage|p1a: Harmacy|1\/100\n|move|p1a: Harmacy|Weather Ball|p2a: Landorus\n|-supereffective|p2a: Landorus\n|-damage|p2a: Landorus|0 fnt\n|faint|p2a: Landorus\n|\n|-weather|Snow|[upkeep]\n|upkeep\n|turn|14\n|-message|baneberrie forfeited.\n|\n|win|mikeyuwu\n|raw|mikeyuwu's rating: 1399 &rarr; <strong>1413<\/strong><br \/>(+14 for winning)\n|raw|baneberrie's rating: 1293 &rarr; <strong>1275<\/strong><br \/>(-18 for losing)\n|l|\u203dbaneberrie\n|c|\u2606mikeyuwu|Gg\n","uploadtime":1699974773,"views":11,"p1id":"mikeyuwu","p2id":"baneberrie","formatid":"gen9doublesou","rating":1275,"private":0,"password":""}